timestamp,time,exchange,symbol,bid,bidVolume,ask,askVolume,lastPrice,baseVolume,quoteVolume
1753504792899,04:39:52.899,xt,AAVE/USDT:USDT,,,,,297.43,,1643590.0
1753504795248,04:39:55.248,xt,AAVE/USDT:USDT,,,,,297.41,,1643599.0
1753504798468,04:39:58.468,xt,AAVE/USDT:USDT,,,,,297.44,,1643614.0
1753504801797,04:40:01.797,xt,AAVE/USDT:USDT,,,,,297.44,,1643627.0
1753504804970,04:40:04.970,xt,AAVE/USDT:USDT,,,,,297.45,,1643636.0
1753504807458,04:40:07.458,xt,AAVE/USDT:USDT,,,,,297.44,,1643643.0
1753504810701,04:40:10.701,xt,AAVE/USDT:USDT,,,,,297.44,,1643652.0
1753504814008,04:40:14.008,xt,AAVE/USDT:USDT,,,,,297.44,,1643659.0
1753504816561,04:40:16.561,xt,AAVE/USDT:USDT,,,,,297.53,,1643779.0
1753504819762,04:40:19.762,xt,AAVE/USDT:USDT,,,,,297.53,,1643790.0
1753504822887,04:40:22.887,xt,AAVE/USDT:USDT,,,,,297.57,,1643813.0
1753504825943,04:40:25.943,xt,AAVE/USDT:USDT,,,,,297.54,,1643843.0
1753504828999,04:40:28.999,xt,AAVE/USDT:USDT,,,,,297.51,,1641810.0
1753504831435,04:40:31.435,xt,AAVE/USDT:USDT,,,,,297.51,,1641817.0
1753504834796,04:40:34.796,xt,AAVE/USDT:USDT,,,,,297.51,,1641862.0
1753504837980,04:40:37.980,xt,AAVE/USDT:USDT,,,,,297.53,,1641877.0
1753504840380,04:40:40.380,xt,AAVE/USDT:USDT,,,,,297.36,,1641941.0
1753504843494,04:40:43.494,xt,AAVE/USDT:USDT,,,,,297.41,,1641956.0
1753504846644,04:40:46.644,xt,AAVE/USDT:USDT,,,,,297.44,,1641969.0
1753504849614,04:40:49.614,xt,AAVE/USDT:USDT,,,,,297.49,,1642032.0
1753504853058,04:40:53.058,xt,AAVE/USDT:USDT,,,,,297.49,,1642038.0
1753504855732,04:40:55.732,xt,AAVE/USDT:USDT,,,,,297.54,,1642048.0
1753504859031,04:40:59.031,xt,AAVE/USDT:USDT,,,,,297.54,,1642057.0
1753504861530,04:41:01.530,xt,AAVE/USDT:USDT,,,,,297.55,,1642067.0
1753504864668,04:41:04.668,xt,AAVE/USDT:USDT,,,,,297.6,,1642104.0
1753504867972,04:41:07.972,xt,AAVE/USDT:USDT,,,,,297.65,,1642115.0
1753504870439,04:41:10.439,xt,AAVE/USDT:USDT,,,,,297.65,,1642124.0
1753504873466,04:41:13.466,xt,AAVE/USDT:USDT,,,,,297.65,,1642134.0
1753504876549,04:41:16.549,xt,AAVE/USDT:USDT,,,,,297.65,,1642145.0
1753504879677,04:41:19.677,xt,AAVE/USDT:USDT,,,,,297.65,,1642153.0
1753504882861,04:41:22.861,xt,AAVE/USDT:USDT,,,,,297.65,,1642164.0
1753504885999,04:41:25.999,xt,AAVE/USDT:USDT,,,,,297.68,,1642180.0
1753504888610,04:41:28.610,xt,AAVE/USDT:USDT,,,,,297.68,,1640338.0
1753504891537,04:41:31.537,xt,AAVE/USDT:USDT,,,,,297.68,,1640351.0
1753504894797,04:41:34.797,xt,AAVE/USDT:USDT,,,,,297.76,,1640377.0
1753504898092,04:41:38.092,xt,AAVE/USDT:USDT,,,,,297.76,,1640386.0
1753504900465,04:41:40.465,xt,AAVE/USDT:USDT,,,,,297.78,,1640395.0
1753504904063,04:41:44.063,xt,AAVE/USDT:USDT,,,,,297.79,,1640404.0
1753504906278,04:41:46.278,xt,AAVE/USDT:USDT,,,,,297.79,,1640409.0
1753504909680,04:41:49.680,xt,AAVE/USDT:USDT,,,,,297.8,,1640417.0
1753504912198,04:41:52.198,xt,AAVE/USDT:USDT,,,,,297.8,,1640424.0
1753504915379,04:41:55.379,xt,AAVE/USDT:USDT,,,,,297.8,,1640433.0
1753504918616,04:41:58.616,xt,AAVE/USDT:USDT,,,,,297.81,,1640439.0
1753504921831,04:42:01.831,xt,AAVE/USDT:USDT,,,,,297.82,,1640461.0
1753504924315,04:42:04.315,xt,AAVE/USDT:USDT,,,,,297.87,,1640475.0
1753504927699,04:42:07.699,xt,AAVE/USDT:USDT,,,,,297.88,,1640933.0
1753504930856,04:42:10.856,xt,AAVE/USDT:USDT,,,,,297.88,,1640941.0
1753504933767,04:42:13.767,xt,AAVE/USDT:USDT,,,,,297.92,,1640965.0
1753504937064,04:42:17.064,xt,AAVE/USDT:USDT,,,,,297.94,,1640992.0
1753504939399,04:42:19.399,xt,AAVE/USDT:USDT,,,,,297.93,,1640996.0
1753504942763,04:42:22.763,xt,AAVE/USDT:USDT,,,,,297.94,,1641118.0
1753504946092,04:42:26.092,xt,AAVE/USDT:USDT,,,,,297.92,,1641132.0
1753504948341,04:42:28.341,xt,AAVE/USDT:USDT,,,,,297.93,,1639840.0
1753504951682,04:42:31.682,xt,AAVE/USDT:USDT,,,,,297.91,,1639888.0
1753504955127,04:42:35.127,xt,AAVE/USDT:USDT,,,,,297.91,,1639900.0
1753504957500,04:42:37.500,xt,AAVE/USDT:USDT,,,,,297.91,,1639904.0
1753504960849,04:42:40.849,xt,AAVE/USDT:USDT,,,,,297.87,,1639936.0
1753504963914,04:42:43.914,xt,AAVE/USDT:USDT,,,,,297.87,,1639941.0
1753504967068,04:42:47.068,xt,AAVE/USDT:USDT,,,,,297.85,,1639968.0
1753504969547,04:42:49.547,xt,AAVE/USDT:USDT,,,,,297.85,,1639975.0
1753504972691,04:42:52.691,xt,AAVE/USDT:USDT,,,,,297.87,,1640025.0
1753504975884,04:42:55.884,xt,AAVE/USDT:USDT,,,,,297.91,,1640030.0
1753504978230,04:42:58.230,xt,AAVE/USDT:USDT,,,,,297.91,,1640040.0
1753504981592,04:43:01.592,xt,AAVE/USDT:USDT,,,,,297.9,,1640052.0
1753504984879,04:43:04.879,xt,AAVE/USDT:USDT,,,,,297.9,,1640074.0
1753504987405,04:43:07.405,xt,AAVE/USDT:USDT,,,,,297.88,,1640084.0
1753504990522,04:43:10.522,xt,AAVE/USDT:USDT,,,,,297.88,,1640160.0
1753504993851,04:43:13.851,xt,AAVE/USDT:USDT,,,,,297.88,,1640170.0
1753504996361,04:43:16.361,xt,AAVE/USDT:USDT,,,,,297.89,,1640179.0
1753504999459,04:43:19.459,xt,AAVE/USDT:USDT,,,,,297.89,,1640190.0
1753505002790,04:43:22.790,xt,AAVE/USDT:USDT,,,,,297.89,,1640199.0
1753505006065,04:43:26.065,xt,AAVE/USDT:USDT,,,,,297.89,,1640207.0
1753505008428,04:43:28.428,xt,AAVE/USDT:USDT,,,,,297.89,,1639088.0
1753505011646,04:43:31.646,xt,AAVE/USDT:USDT,,,,,297.93,,1639108.0
1753505014967,04:43:34.967,xt,AAVE/USDT:USDT,,,,,297.93,,1639121.0
1753505017492,04:43:37.492,xt,AAVE/USDT:USDT,,,,,297.93,,1639132.0
1753505020743,04:43:40.743,xt,AAVE/USDT:USDT,,,,,297.93,,1639142.0
1753505023284,04:43:43.284,xt,AAVE/USDT:USDT,,,,,297.93,,1639149.0
1753505026580,04:43:46.580,xt,AAVE/USDT:USDT,,,,,297.93,,1639160.0
1753505029880,04:43:49.880,xt,AAVE/USDT:USDT,,,,,297.93,,1639170.0
1753505032981,04:43:52.981,xt,AAVE/USDT:USDT,,,,,297.92,,1639190.0
1753505035427,04:43:55.427,xt,AAVE/USDT:USDT,,,,,297.92,,1639199.0
1753505038765,04:43:58.765,xt,AAVE/USDT:USDT,,,,,297.91,,1639211.0
1753505041943,04:44:01.943,xt,AAVE/USDT:USDT,,,,,297.91,,1639247.0
1753505044526,04:44:04.526,xt,AAVE/USDT:USDT,,,,,297.93,,1639256.0
1753505047769,04:44:07.769,xt,AAVE/USDT:USDT,,,,,297.92,,1639262.0
1753505050951,04:44:10.951,xt,AAVE/USDT:USDT,,,,,297.91,,1639269.0
1753505053189,04:44:13.189,xt,AAVE/USDT:USDT,,,,,297.91,,1639275.0
1753505056877,04:44:16.877,xt,AAVE/USDT:USDT,,,,,297.91,,1639283.0
1753505060095,04:44:20.095,xt,AAVE/USDT:USDT,,,,,297.91,,1639290.0
1753505062495,04:44:22.495,xt,AAVE/USDT:USDT,,,,,297.91,,1639298.0
1753505065579,04:44:25.579,xt,AAVE/USDT:USDT,,,,,297.91,,1639306.0
1753505068677,04:44:28.677,xt,AAVE/USDT:USDT,,,,,297.91,,1638562.0
1753505071734,04:44:31.734,xt,AAVE/USDT:USDT,,,,,297.9,,1638571.0
1753505074853,04:44:34.853,xt,AAVE/USDT:USDT,,,,,297.9,,1638578.0
1753505077224,04:44:37.224,xt,AAVE/USDT:USDT,,,,,297.91,,1638586.0
1753505080519,04:44:40.519,xt,AAVE/USDT:USDT,,,,,297.91,,1638592.0
1753505083790,04:44:43.790,xt,AAVE/USDT:USDT,,,,,297.91,,1638603.0
1753505086944,04:44:46.944,xt,AAVE/USDT:USDT,,,,,297.91,,1638614.0
1753505090122,04:44:50.122,xt,AAVE/USDT:USDT,,,,,297.91,,1638624.0
1753505092588,04:44:52.588,xt,AAVE/USDT:USDT,,,,,297.95,,1638673.0
1753505095609,04:44:55.609,xt,AAVE/USDT:USDT,,,,,297.95,,1638680.0
1753505098647,04:44:58.647,xt,AAVE/USDT:USDT,,,,,297.97,,1638692.0
1753505102081,04:45:02.081,xt,AAVE/USDT:USDT,,,,,297.94,,1638710.0
1753505104645,04:45:04.645,xt,AAVE/USDT:USDT,,,,,297.94,,1638715.0
1753505107973,04:45:07.973,xt,AAVE/USDT:USDT,,,,,297.9,,1638723.0
1753505110247,04:45:10.247,xt,AAVE/USDT:USDT,,,,,297.91,,1638739.0
1753505113797,04:45:13.797,xt,AAVE/USDT:USDT,,,,,297.91,,1638750.0
1753505116791,04:45:16.791,xt,AAVE/USDT:USDT,,,,,297.9,,1638759.0
1753505119860,04:45:19.860,xt,AAVE/USDT:USDT,,,,,297.91,,1638770.0
1753505122338,04:45:22.338,xt,AAVE/USDT:USDT,,,,,297.91,,1638781.0
1753505125462,04:45:25.462,xt,AAVE/USDT:USDT,,,,,297.91,,1638788.0
1753505128639,04:45:28.639,xt,AAVE/USDT:USDT,,,,,297.91,,1638188.0
1753505131476,04:45:31.476,xt,AAVE/USDT:USDT,,,,,297.9,,1638197.0
1753505134417,04:45:34.417,xt,AAVE/USDT:USDT,,,,,297.91,,1638212.0
1753505137310,04:45:37.310,xt,AAVE/USDT:USDT,,,,,297.91,,1638221.0
1753505140613,04:45:40.613,xt,AAVE/USDT:USDT,,,,,297.9,,1638244.0
1753505143585,04:45:43.585,xt,AAVE/USDT:USDT,,,,,297.9,,1638255.0
1753505146731,04:45:46.731,xt,AAVE/USDT:USDT,,,,,297.89,,1638270.0
1753505150028,04:45:50.028,xt,AAVE/USDT:USDT,,,,,297.87,,1638314.0
1753505152433,04:45:52.433,xt,AAVE/USDT:USDT,,,,,297.87,,1638321.0
1753505155822,04:45:55.822,xt,AAVE/USDT:USDT,,,,,297.86,,1638334.0
1753505158976,04:45:58.976,xt,AAVE/USDT:USDT,,,,,297.86,,1638343.0
1753505161446,04:46:01.446,xt,AAVE/USDT:USDT,,,,,297.87,,1638347.0
1753505164406,04:46:04.406,xt,AAVE/USDT:USDT,,,,,297.87,,1638368.0
1753505167672,04:46:07.672,xt,AAVE/USDT:USDT,,,,,297.88,,1638379.0
1753505170790,04:46:10.790,xt,AAVE/USDT:USDT,,,,,297.91,,1638405.0
1753505173433,04:46:13.433,xt,AAVE/USDT:USDT,,,,,297.91,,1638416.0
1753505176970,04:46:16.970,xt,AAVE/USDT:USDT,,,,,297.91,,1638428.0
1753505179459,04:46:19.459,xt,AAVE/USDT:USDT,,,,,297.91,,1638432.0
1753505182912,04:46:22.912,xt,AAVE/USDT:USDT,,,,,297.86,,1638504.0
1753505186034,04:46:26.034,xt,AAVE/USDT:USDT,,,,,297.89,,1638513.0
1753505188519,04:46:28.519,xt,AAVE/USDT:USDT,,,,,297.91,,1637200.0
1753505191783,04:46:31.783,xt,AAVE/USDT:USDT,,,,,297.91,,1637223.0
1753505195057,04:46:35.057,xt,AAVE/USDT:USDT,,,,,297.91,,1637231.0
1753505197702,04:46:37.702,xt,AAVE/USDT:USDT,,,,,297.88,,1637244.0
1753505200758,04:46:40.758,xt,AAVE/USDT:USDT,,,,,297.88,,1637303.0
1753505203163,04:46:43.163,xt,AAVE/USDT:USDT,,,,,297.89,,1637338.0
1753505206460,04:46:46.460,xt,AAVE/USDT:USDT,,,,,297.86,,1637356.0
1753505209824,04:46:49.824,xt,AAVE/USDT:USDT,,,,,297.85,,1637375.0
1753505212342,04:46:52.342,xt,AAVE/USDT:USDT,,,,,297.85,,1637384.0
1753505215643,04:46:55.643,xt,AAVE/USDT:USDT,,,,,297.78,,1637436.0
1753505218821,04:46:58.821,xt,AAVE/USDT:USDT,,,,,297.72,,1637456.0
1753505221445,04:47:01.445,xt,AAVE/USDT:USDT,,,,,297.72,,1637464.0
1753505224402,04:47:04.402,xt,AAVE/USDT:USDT,,,,,297.69,,1637492.0
1753505227488,04:47:07.488,xt,AAVE/USDT:USDT,,,,,297.69,,1637502.0
1753505230827,04:47:10.827,xt,AAVE/USDT:USDT,,,,,297.68,,1637507.0
1753505234089,04:47:14.089,xt,AAVE/USDT:USDT,,,,,297.62,,1637547.0
1753505236350,04:47:16.350,xt,AAVE/USDT:USDT,,,,,297.62,,1637559.0
1753505239552,04:47:19.552,xt,AAVE/USDT:USDT,,,,,297.6,,1637571.0
1753505243007,04:47:23.007,xt,AAVE/USDT:USDT,,,,,297.57,,1637590.0
1753505245433,04:47:25.433,xt,AAVE/USDT:USDT,,,,,297.57,,1637595.0
1753505248734,04:47:28.734,xt,AAVE/USDT:USDT,,,,,297.58,,1636486.0
1753505252002,04:47:32.002,xt,AAVE/USDT:USDT,,,,,297.65,,1636580.0
1753505254472,04:47:34.472,xt,AAVE/USDT:USDT,,,,,297.7,,1636603.0
1753505257861,04:47:37.861,xt,AAVE/USDT:USDT,,,,,297.7,,1636615.0
1753505261005,04:47:41.005,xt,AAVE/USDT:USDT,,,,,297.78,,1636624.0
1753505263430,04:47:43.430,xt,AAVE/USDT:USDT,,,,,297.8,,1636642.0
1753505266649,04:47:46.649,xt,AAVE/USDT:USDT,,,,,297.8,,1636650.0
1753505269712,04:47:49.712,xt,AAVE/USDT:USDT,,,,,297.8,,1636659.0
1753505273037,04:47:53.037,xt,AAVE/USDT:USDT,,,,,297.72,,1636695.0
1753505275439,04:47:55.439,xt,AAVE/USDT:USDT,,,,,297.68,,1636726.0
1753505278591,04:47:58.591,xt,AAVE/USDT:USDT,,,,,297.67,,1636736.0
1753505281798,04:48:01.798,xt,AAVE/USDT:USDT,,,,,297.67,,1636743.0
1753505284978,04:48:04.978,xt,AAVE/USDT:USDT,,,,,297.67,,1636755.0
1753505287434,04:48:07.434,xt,AAVE/USDT:USDT,,,,,297.67,,1636759.0
1753505290793,04:48:10.793,xt,AAVE/USDT:USDT,,,,,297.64,,1636775.0
1753505293353,04:48:13.353,xt,AAVE/USDT:USDT,,,,,297.65,,1636796.0
1753505296426,04:48:16.426,xt,AAVE/USDT:USDT,,,,,297.64,,1636819.0
1753505299737,04:48:19.737,xt,AAVE/USDT:USDT,,,,,297.64,,1636834.0
1753505302940,04:48:22.940,xt,AAVE/USDT:USDT,,,,,297.64,,1636844.0
1753505306066,04:48:26.066,xt,AAVE/USDT:USDT,,,,,297.63,,1636851.0
1753505308527,04:48:28.527,xt,AAVE/USDT:USDT,,,,,297.6,,1636195.0
1753505311819,04:48:31.819,xt,AAVE/USDT:USDT,,,,,297.56,,1636266.0
1753505314252,04:48:34.252,xt,AAVE/USDT:USDT,,,,,297.56,,1636272.0
1753505317676,04:48:37.676,xt,AAVE/USDT:USDT,,,,,297.56,,1636289.0
1753505320823,04:48:40.823,xt,AAVE/USDT:USDT,,,,,297.55,,1636341.0
1753505324028,04:48:44.028,xt,AAVE/USDT:USDT,,,,,297.54,,1636362.0
1753505327001,04:48:47.001,xt,AAVE/USDT:USDT,,,,,297.61,,1636452.0
1753505329557,04:48:49.557,xt,AAVE/USDT:USDT,,,,,297.61,,1636461.0
1753505332913,04:48:52.913,xt,AAVE/USDT:USDT,,,,,297.61,,1636470.0
1753505335282,04:48:55.282,xt,AAVE/USDT:USDT,,,,,297.61,,1636479.0
1753505338519,04:48:58.519,xt,AAVE/USDT:USDT,,,,,297.61,,1636491.0
1753505341685,04:49:01.685,xt,AAVE/USDT:USDT,,,,,297.58,,1636553.0
1753505344972,04:49:04.972,xt,AAVE/USDT:USDT,,,,,297.58,,1636576.0
1753505347403,04:49:07.403,xt,AAVE/USDT:USDT,,,,,297.58,,1636589.0
1753505350444,04:49:10.444,xt,AAVE/USDT:USDT,,,,,297.59,,1636603.0
1753505353817,04:49:13.817,xt,AAVE/USDT:USDT,,,,,297.61,,1636616.0
1753505357093,04:49:17.093,xt,AAVE/USDT:USDT,,,,,297.54,,1636687.0
1753505359523,04:49:19.523,xt,AAVE/USDT:USDT,,,,,297.52,,1636692.0
1753505362766,04:49:22.766,xt,AAVE/USDT:USDT,,,,,297.52,,1636700.0
1753505365189,04:49:25.189,xt,AAVE/USDT:USDT,,,,,297.52,,1636709.0
1753505368456,04:49:28.456,xt,AAVE/USDT:USDT,,,,,297.52,,1635876.0
1753505371728,04:49:31.728,xt,AAVE/USDT:USDT,,,,,297.52,,1635884.0
1753505374258,04:49:34.258,xt,AAVE/USDT:USDT,,,,,297.52,,1635890.0
1753505377641,04:49:37.641,xt,AAVE/USDT:USDT,,,,,297.53,,1635901.0
1753505380975,04:49:40.975,xt,AAVE/USDT:USDT,,,,,297.53,,1635911.0
1753505383429,04:49:43.429,xt,AAVE/USDT:USDT,,,,,297.51,,1635993.0
1753505386671,04:49:46.671,xt,AAVE/USDT:USDT,,,,,297.5,,1636002.0
1753505389828,04:49:49.828,xt,AAVE/USDT:USDT,,,,,297.5,,1636013.0
1753505392284,04:49:52.284,xt,AAVE/USDT:USDT,,,,,297.49,,1636028.0
1753505395616,04:49:55.616,xt,AAVE/USDT:USDT,,,,,297.5,,1636034.0
1753505398789,04:49:58.789,xt,AAVE/USDT:USDT,,,,,297.5,,1636045.0
1753505401886,04:50:01.886,xt,AAVE/USDT:USDT,,,,,297.5,,1636059.0
1753505405063,04:50:05.063,xt,AAVE/USDT:USDT,,,,,297.5,,1636067.0
1753505408091,04:50:08.091,xt,AAVE/USDT:USDT,,,,,297.5,,1636077.0
1753505410640,04:50:10.640,xt,AAVE/USDT:USDT,,,,,297.49,,1636083.0
1753505413700,04:50:13.700,xt,AAVE/USDT:USDT,,,,,297.5,,1636094.0
1753505416946,04:50:16.946,xt,AAVE/USDT:USDT,,,,,297.5,,1636101.0
1753505419960,04:50:19.960,xt,AAVE/USDT:USDT,,,,,297.48,,1636157.0
1753505422555,04:50:22.555,xt,AAVE/USDT:USDT,,,,,297.48,,1636165.0
1753505425797,04:50:25.797,xt,AAVE/USDT:USDT,,,,,297.45,,1636213.0
1753505428907,04:50:28.907,xt,AAVE/USDT:USDT,,,,,297.44,,1635062.0
1753505432066,04:50:32.066,xt,AAVE/USDT:USDT,,,,,297.44,,1635075.0
1753505434551,04:50:34.551,xt,AAVE/USDT:USDT,,,,,297.43,,1635081.0
1753505437981,04:50:37.981,xt,AAVE/USDT:USDT,,,,,297.42,,1635098.0
1753505440316,04:50:40.316,xt,AAVE/USDT:USDT,,,,,297.42,,1635103.0
1753505443490,04:50:43.490,xt,AAVE/USDT:USDT,,,,,297.42,,1635142.0
1753505446669,04:50:46.669,xt,AAVE/USDT:USDT,,,,,297.41,,1635157.0
1753505449794,04:50:49.794,xt,AAVE/USDT:USDT,,,,,297.41,,1635170.0
1753505452312,04:50:52.312,xt,AAVE/USDT:USDT,,,,,297.41,,1635175.0
1753505455735,04:50:55.735,xt,AAVE/USDT:USDT,,,,,297.41,,1635187.0
1753505458941,04:50:58.941,xt,AAVE/USDT:USDT,,,,,297.39,,1635239.0
1753505461475,04:51:01.475,xt,AAVE/USDT:USDT,,,,,297.38,,1635247.0
1753505464678,04:51:04.678,xt,AAVE/USDT:USDT,,,,,297.33,,1635270.0
1753505468029,04:51:08.029,xt,AAVE/USDT:USDT,,,,,297.27,,1635297.0
1753505470427,04:51:10.427,xt,AAVE/USDT:USDT,,,,,297.27,,1635304.0
1753505473823,04:51:13.823,xt,AAVE/USDT:USDT,,,,,297.25,,1635368.0
1753505476373,04:51:16.373,xt,AAVE/USDT:USDT,,,,,297.2,,1635420.0
1753505479732,04:51:19.732,xt,AAVE/USDT:USDT,,,,,297.24,,1635477.0
1753505482407,04:51:22.407,xt,AAVE/USDT:USDT,,,,,297.35,,1635497.0
1753505485819,04:51:25.819,xt,AAVE/USDT:USDT,,,,,297.42,,1635522.0
1753505488280,04:51:28.280,xt,AAVE/USDT:USDT,,,,,297.6,,1634481.0
1753505491576,04:51:31.576,xt,AAVE/USDT:USDT,,,,,297.54,,1634509.0
1753505494681,04:51:34.681,xt,AAVE/USDT:USDT,,,,,297.52,,1634517.0
1753505497948,04:51:37.948,xt,AAVE/USDT:USDT,,,,,297.58,,1634530.0
1753505500277,04:51:40.277,xt,AAVE/USDT:USDT,,,,,297.6,,1634539.0
1753505503465,04:51:43.465,xt,AAVE/USDT:USDT,,,,,297.6,,1634558.0
1753505506557,04:51:46.557,xt,AAVE/USDT:USDT,,,,,297.6,,1634567.0
1753505509704,04:51:49.704,xt,AAVE/USDT:USDT,,,,,297.61,,1634579.0
1753505512249,04:51:52.249,xt,AAVE/USDT:USDT,,,,,297.68,,1634591.0
1753505515460,04:51:55.460,xt,AAVE/USDT:USDT,,,,,297.72,,1634614.0
1753505518730,04:51:58.730,xt,AAVE/USDT:USDT,,,,,297.74,,1634624.0
1753505521565,04:52:01.565,xt,AAVE/USDT:USDT,,,,,297.75,,1634633.0
1753505524466,04:52:04.466,xt,AAVE/USDT:USDT,,,,,297.76,,1634642.0
1753505527759,04:52:07.759,xt,AAVE/USDT:USDT,,,,,297.68,,1634679.0
1753505530940,04:52:10.940,xt,AAVE/USDT:USDT,,,,,297.67,,1634690.0
1753505533390,04:52:13.390,xt,AAVE/USDT:USDT,,,,,297.68,,1634698.0
1753505536846,04:52:16.846,xt,AAVE/USDT:USDT,,,,,297.67,,1634706.0
1753505539284,04:52:19.284,xt,AAVE/USDT:USDT,,,,,297.67,,1634723.0
1753505542557,04:52:22.557,xt,AAVE/USDT:USDT,,,,,297.67,,1634742.0
1753505545315,04:52:25.315,xt,AAVE/USDT:USDT,,,,,297.7,,1634752.0
1753505548583,04:52:28.583,xt,AAVE/USDT:USDT,,,,,297.7,,1634068.0
1753505551639,04:52:31.639,xt,AAVE/USDT:USDT,,,,,297.64,,1634262.0
1753505554797,04:52:34.797,xt,AAVE/USDT:USDT,,,,,297.65,,1634272.0
1753505558049,04:52:38.049,xt,AAVE/USDT:USDT,,,,,297.65,,1634287.0
1753505560518,04:52:40.518,xt,AAVE/USDT:USDT,,,,,297.66,,1634295.0
1753505563853,04:52:43.853,xt,AAVE/USDT:USDT,,,,,297.66,,1634367.0
1753505566318,04:52:46.318,xt,AAVE/USDT:USDT,,,,,297.61,,1634380.0
1753505569362,04:52:49.362,xt,AAVE/USDT:USDT,,,,,297.61,,1634395.0
1753505572637,04:52:52.637,xt,AAVE/USDT:USDT,,,,,297.56,,1634558.0
1753505575820,04:52:55.820,xt,AAVE/USDT:USDT,,,,,297.55,,1634567.0
1753505578849,04:52:58.849,xt,AAVE/USDT:USDT,,,,,297.54,,1634577.0
1753505582003,04:53:02.003,xt,AAVE/USDT:USDT,,,,,297.53,,1634586.0
1753505584313,04:53:04.313,xt,AAVE/USDT:USDT,,,,,297.52,,1634590.0
1753505587634,04:53:07.634,xt,AAVE/USDT:USDT,,,,,297.57,,1634619.0
1753505591063,04:53:11.063,xt,AAVE/USDT:USDT,,,,,297.57,,1634630.0
1753505593460,04:53:13.460,xt,AAVE/USDT:USDT,,,,,297.52,,1634695.0
1753505596702,04:53:16.702,xt,AAVE/USDT:USDT,,,,,297.53,,1634705.0
1753505600030,04:53:20.030,xt,AAVE/USDT:USDT,,,,,297.53,,1634716.0
1753505602560,04:53:22.560,xt,AAVE/USDT:USDT,,,,,297.52,,1634724.0
1753505605727,04:53:25.727,xt,AAVE/USDT:USDT,,,,,297.53,,1634748.0
1753505609069,04:53:29.069,xt,AAVE/USDT:USDT,,,,,297.53,,1633953.0
1753505611493,04:53:31.493,xt,AAVE/USDT:USDT,,,,,297.53,,1633961.0
1753505614761,04:53:34.761,xt,AAVE/USDT:USDT,,,,,297.53,,1633970.0
1753505617880,04:53:37.880,xt,AAVE/USDT:USDT,,,,,297.53,,1633983.0
1753505621005,04:53:41.005,xt,AAVE/USDT:USDT,,,,,297.53,,1633995.0
1753505623375,04:53:43.375,xt,AAVE/USDT:USDT,,,,,297.53,,1634016.0
1753505626408,04:53:46.408,xt,AAVE/USDT:USDT,,,,,297.6,,1634044.0
1753505629586,04:53:49.586,xt,AAVE/USDT:USDT,,,,,297.62,,1634056.0
1753505632835,04:53:52.835,xt,AAVE/USDT:USDT,,,,,297.62,,1634070.0
1753505635286,04:53:55.286,xt,AAVE/USDT:USDT,,,,,297.63,,1634082.0
1753505638615,04:53:58.615,xt,AAVE/USDT:USDT,,,,,297.64,,1634118.0
1753505641794,04:54:01.794,xt,AAVE/USDT:USDT,,,,,297.7,,1634193.0
1753505644161,04:54:04.161,xt,AAVE/USDT:USDT,,,,,297.7,,1634202.0
1753505647444,04:54:07.444,xt,AAVE/USDT:USDT,,,,,297.68,,1634216.0
1753505650552,04:54:10.552,xt,AAVE/USDT:USDT,,,,,297.67,,1634223.0
1753505653735,04:54:13.735,xt,AAVE/USDT:USDT,,,,,297.66,,1634233.0
1753505656879,04:54:16.879,xt,AAVE/USDT:USDT,,,,,297.64,,1634259.0
1753505659969,04:54:19.969,xt,AAVE/USDT:USDT,,,,,297.64,,1634271.0
1753505662521,04:54:22.521,xt,AAVE/USDT:USDT,,,,,297.64,,1634275.0
1753505665797,04:54:25.797,xt,AAVE/USDT:USDT,,,,,297.61,,1634283.0
1753505668911,04:54:28.911,xt,AAVE/USDT:USDT,,,,,297.57,,1632707.0
1753505672033,04:54:32.033,xt,AAVE/USDT:USDT,,,,,297.61,,1632763.0
1753505674439,04:54:34.439,xt,AAVE/USDT:USDT,,,,,297.61,,1632770.0
1753505677587,04:54:37.587,xt,AAVE/USDT:USDT,,,,,297.59,,1632784.0
1753505680705,04:54:40.705,xt,AAVE/USDT:USDT,,,,,297.59,,1632793.0
1753505684009,04:54:44.009,xt,AAVE/USDT:USDT,,,,,297.6,,1632814.0
1753505686518,04:54:46.518,xt,AAVE/USDT:USDT,,,,,297.59,,1632825.0
1753505689819,04:54:49.819,xt,AAVE/USDT:USDT,,,,,297.59,,1632837.0
1753505692477,04:54:52.477,xt,AAVE/USDT:USDT,,,,,297.72,,1634957.0
1753505695901,04:54:55.901,xt,AAVE/USDT:USDT,,,,,297.76,,1634970.0
1753505698430,04:54:58.430,xt,AAVE/USDT:USDT,,,,,297.77,,1635003.0
1753505701826,04:55:01.826,xt,AAVE/USDT:USDT,,,,,297.77,,1635013.0
1753505704912,04:55:04.912,xt,AAVE/USDT:USDT,,,,,297.71,,1635037.0
1753505708059,04:55:08.059,xt,AAVE/USDT:USDT,,,,,297.67,,1635051.0
1753505710431,04:55:10.431,xt,AAVE/USDT:USDT,,,,,297.67,,1635057.0
1753505713677,04:55:13.677,xt,AAVE/USDT:USDT,,,,,297.7,,1635091.0
1753505716464,04:55:16.464,xt,AAVE/USDT:USDT,,,,,297.7,,1635103.0
1753505719644,04:55:19.644,xt,AAVE/USDT:USDT,,,,,297.7,,1635113.0
1753505723031,04:55:23.031,xt,AAVE/USDT:USDT,,,,,297.7,,1635125.0
1753505725491,04:55:25.491,xt,AAVE/USDT:USDT,,,,,297.7,,1635135.0
1753505728826,04:55:28.826,xt,AAVE/USDT:USDT,,,,,297.73,,1634569.0
1753505732127,04:55:32.127,xt,AAVE/USDT:USDT,,,,,297.74,,1634579.0
1753505734525,04:55:34.525,xt,AAVE/USDT:USDT,,,,,297.74,,1634585.0
1753505737675,04:55:37.675,xt,AAVE/USDT:USDT,,,,,297.78,,1634594.0
1753505740945,04:55:40.945,xt,AAVE/USDT:USDT,,,,,297.78,,1634602.0
1753505744004,04:55:44.004,xt,AAVE/USDT:USDT,,,,,297.77,,1634631.0
1753505746579,04:55:46.579,xt,AAVE/USDT:USDT,,,,,297.77,,1634641.0
1753505749681,04:55:49.681,xt,AAVE/USDT:USDT,,,,,297.79,,1634654.0
1753505753063,04:55:53.063,xt,AAVE/USDT:USDT,,,,,297.79,,1634664.0
1753505755549,04:55:55.549,xt,AAVE/USDT:USDT,,,,,297.8,,1634675.0
1753505758767,04:55:58.767,xt,AAVE/USDT:USDT,,,,,297.81,,1634683.0
1753505761914,04:56:01.914,xt,AAVE/USDT:USDT,,,,,297.82,,1634714.0
1753505764950,04:56:04.950,xt,AAVE/USDT:USDT,,,,,297.82,,1634725.0
1753505768006,04:56:08.006,xt,AAVE/USDT:USDT,,,,,297.83,,1634744.0
1753505770641,04:56:10.641,xt,AAVE/USDT:USDT,,,,,297.84,,1634750.0
1753505773279,04:56:13.279,xt,AAVE/USDT:USDT,,,,,297.88,,1634759.0
1753505776589,04:56:16.589,xt,AAVE/USDT:USDT,,,,,297.88,,1634765.0
1753505779558,04:56:19.558,xt,AAVE/USDT:USDT,,,,,297.88,,1634778.0
1753505782277,04:56:22.277,xt,AAVE/USDT:USDT,,,,,297.87,,1634787.0
1753505785426,04:56:25.426,xt,AAVE/USDT:USDT,,,,,297.86,,1634865.0
1753505788641,04:56:28.641,xt,AAVE/USDT:USDT,,,,,297.81,,1634218.0
1753505791737,04:56:31.737,xt,AAVE/USDT:USDT,,,,,297.78,,1634239.0
1753505795006,04:56:35.006,xt,AAVE/USDT:USDT,,,,,297.78,,1634248.0
1753505797519,04:56:37.519,xt,AAVE/USDT:USDT,,,,,297.78,,1634254.0
1753505801060,04:56:41.060,xt,AAVE/USDT:USDT,,,,,297.78,,1634265.0
1753505803517,04:56:43.517,xt,AAVE/USDT:USDT,,,,,297.79,,1634274.0
1753505806849,04:56:46.849,xt,AAVE/USDT:USDT,,,,,297.79,,1634285.0
1753505809938,04:56:49.938,xt,AAVE/USDT:USDT,,,,,297.78,,1634294.0
1753505812374,04:56:52.374,xt,AAVE/USDT:USDT,,,,,297.82,,1634351.0
1753505815674,04:56:55.674,xt,AAVE/USDT:USDT,,,,,297.78,,1634360.0
1753505818942,04:56:58.942,xt,AAVE/USDT:USDT,,,,,297.77,,1634366.0
1753505821596,04:57:01.596,xt,AAVE/USDT:USDT,,,,,297.77,,1634376.0
1753505824833,04:57:04.833,xt,AAVE/USDT:USDT,,,,,297.76,,1634404.0
1753505827162,04:57:07.162,xt,AAVE/USDT:USDT,,,,,297.75,,1634411.0
1753505830428,04:57:10.428,xt,AAVE/USDT:USDT,,,,,297.68,,1634451.0
1753505833679,04:57:13.679,xt,AAVE/USDT:USDT,,,,,297.69,,1634459.0
1753505836763,04:57:16.763,xt,AAVE/USDT:USDT,,,,,297.68,,1634469.0
1753505839316,04:57:19.316,xt,AAVE/USDT:USDT,,,,,297.69,,1634475.0
1753505842400,04:57:22.400,xt,AAVE/USDT:USDT,,,,,297.69,,1634483.0
1753505845579,04:57:25.579,xt,AAVE/USDT:USDT,,,,,297.69,,1634514.0
1753505848733,04:57:28.733,xt,AAVE/USDT:USDT,,,,,297.66,,1633557.0
1753505851918,04:57:31.918,xt,AAVE/USDT:USDT,,,,,297.66,,1633571.0
1753505854427,04:57:34.427,xt,AAVE/USDT:USDT,,,,,297.66,,1633580.0
1753505857705,04:57:37.705,xt,AAVE/USDT:USDT,,,,,297.66,,1633591.0
1753505860795,04:57:40.795,xt,AAVE/USDT:USDT,,,,,297.66,,1633603.0
1753505864004,04:57:44.004,xt,AAVE/USDT:USDT,,,,,297.67,,1633612.0
1753505866490,04:57:46.490,xt,AAVE/USDT:USDT,,,,,297.67,,1633625.0
1753505869678,04:57:49.678,xt,AAVE/USDT:USDT,,,,,297.67,,1633633.0
1753505873059,04:57:53.059,xt,AAVE/USDT:USDT,,,,,297.67,,1633646.0
1753505875400,04:57:55.400,xt,AAVE/USDT:USDT,,,,,297.67,,1633653.0
1753505878467,04:57:58.467,xt,AAVE/USDT:USDT,,,,,297.66,,1633665.0
1753505881565,04:58:01.565,xt,AAVE/USDT:USDT,,,,,297.66,,1633675.0
1753505884675,04:58:04.675,xt,AAVE/USDT:USDT,,,,,297.75,,1633737.0
1753505887861,04:58:07.861,xt,AAVE/USDT:USDT,,,,,297.74,,1633769.0
1753505890284,04:58:10.284,xt,AAVE/USDT:USDT,,,,,297.74,,1633777.0
1753505893554,04:58:13.554,xt,AAVE/USDT:USDT,,,,,297.74,,1633785.0
1753505896942,04:58:16.942,xt,AAVE/USDT:USDT,,,,,297.74,,1633798.0
1753505899284,04:58:19.284,xt,AAVE/USDT:USDT,,,,,297.74,,1633811.0
1753505902310,04:58:22.310,xt,AAVE/USDT:USDT,,,,,297.75,,1633819.0
1753505906037,04:58:26.037,xt,AAVE/USDT:USDT,,,,,297.75,,1633829.0
1753505908458,04:58:28.458,xt,AAVE/USDT:USDT,,,,,297.75,,1633413.0
1753505911795,04:58:31.795,xt,AAVE/USDT:USDT,,,,,297.75,,1633543.0
1753505914977,04:58:34.977,xt,AAVE/USDT:USDT,,,,,297.78,,1633554.0
1753505917167,04:58:37.167,xt,AAVE/USDT:USDT,,,,,297.78,,1633562.0
1753505920368,04:58:40.368,xt,AAVE/USDT:USDT,,,,,297.78,,1633575.0
1753505923677,04:58:43.677,xt,AAVE/USDT:USDT,,,,,297.85,,1633623.0
1753505926610,04:58:46.610,xt,AAVE/USDT:USDT,,,,,297.85,,1633645.0
1753505929763,04:58:49.763,xt,AAVE/USDT:USDT,,,,,297.85,,1633660.0
1753505932247,04:58:52.247,xt,AAVE/USDT:USDT,,,,,297.85,,1633668.0
1753505935672,04:58:55.672,xt,AAVE/USDT:USDT,,,,,297.88,,1633692.0
1753505938762,04:58:58.762,xt,AAVE/USDT:USDT,,,,,297.9,,1633702.0
1753505941940,04:59:01.940,xt,AAVE/USDT:USDT,,,,,297.9,,1633749.0
1753505945128,04:59:05.128,xt,AAVE/USDT:USDT,,,,,297.9,,1633761.0
1753505947618,04:59:07.618,xt,AAVE/USDT:USDT,,,,,297.9,,1633766.0
1753505950943,04:59:10.943,xt,AAVE/USDT:USDT,,,,,297.92,,1634455.0
1753505954034,04:59:14.034,xt,AAVE/USDT:USDT,,,,,297.92,,1634463.0
1753505956494,04:59:16.494,xt,AAVE/USDT:USDT,,,,,297.88,,1634488.0
1753505959731,04:59:19.731,xt,AAVE/USDT:USDT,,,,,297.88,,1634496.0
1753505963066,04:59:23.066,xt,AAVE/USDT:USDT,,,,,297.88,,1634503.0
1753505965495,04:59:25.495,xt,AAVE/USDT:USDT,,,,,297.88,,1634509.0
1753505968918,04:59:28.918,xt,AAVE/USDT:USDT,,,,,297.9,,1633444.0
1753505971596,04:59:31.596,xt,AAVE/USDT:USDT,,,,,297.89,,1633455.0
1753505974699,04:59:34.699,xt,AAVE/USDT:USDT,,,,,297.91,,1633464.0
1753505977860,04:59:37.860,xt,AAVE/USDT:USDT,,,,,297.91,,1633472.0
1753505981032,04:59:41.032,xt,AAVE/USDT:USDT,,,,,297.93,,1633480.0
1753505983612,04:59:43.612,xt,AAVE/USDT:USDT,,,,,297.86,,1633721.0
1753505986737,04:59:46.737,xt,AAVE/USDT:USDT,,,,,297.88,,1633732.0
1753505989953,04:59:49.953,xt,AAVE/USDT:USDT,,,,,297.88,,1633739.0
1753505992372,04:59:52.372,xt,AAVE/USDT:USDT,,,,,297.86,,1633746.0
1753505995758,04:59:55.758,xt,AAVE/USDT:USDT,,,,,297.81,,1633758.0
1753505998292,04:59:58.292,xt,AAVE/USDT:USDT,,,,,297.81,,1633765.0
1753506001596,05:00:01.596,xt,AAVE/USDT:USDT,,,,,297.85,,1633784.0
1753506004615,05:00:04.615,xt,AAVE/USDT:USDT,,,,,297.89,,1633791.0
1753506007949,05:00:07.949,xt,AAVE/USDT:USDT,,,,,297.9,,1633800.0
1753506010377,05:00:10.377,xt,AAVE/USDT:USDT,,,,,297.94,,1633855.0
1753506013420,05:00:13.420,xt,AAVE/USDT:USDT,,,,,297.95,,1633864.0
1753506016885,05:00:16.885,xt,AAVE/USDT:USDT,,,,,297.92,,1633882.0
1753506019998,05:00:19.998,xt,AAVE/USDT:USDT,,,,,297.87,,1633963.0
1753506022400,05:00:22.400,xt,AAVE/USDT:USDT,,,,,297.87,,1633970.0
1753506025733,05:00:25.733,xt,AAVE/USDT:USDT,,,,,297.87,,1633982.0
1753506028230,05:00:28.230,xt,AAVE/USDT:USDT,,,,,297.9,,1632784.0
1753506031596,05:00:31.596,xt,AAVE/USDT:USDT,,,,,297.9,,1632792.0
1753506034702,05:00:34.702,xt,AAVE/USDT:USDT,,,,,297.91,,1632806.0
1753506038039,05:00:38.039,xt,AAVE/USDT:USDT,,,,,297.84,,1632909.0
1753506040431,05:00:40.431,xt,AAVE/USDT:USDT,,,,,297.86,,1632918.0
1753506043671,05:00:43.671,xt,AAVE/USDT:USDT,,,,,297.86,,1632926.0
1753506046886,05:00:46.886,xt,AAVE/USDT:USDT,,,,,297.85,,1632937.0
1753506050058,05:00:50.058,xt,AAVE/USDT:USDT,,,,,297.85,,1632946.0
1753506052730,05:00:52.730,xt,AAVE/USDT:USDT,,,,,297.85,,1632953.0
1753506055981,05:00:55.981,xt,AAVE/USDT:USDT,,,,,297.82,,1632977.0
1753506058376,05:00:58.376,xt,AAVE/USDT:USDT,,,,,297.82,,1632982.0
1753506061626,05:01:01.626,xt,AAVE/USDT:USDT,,,,,297.82,,1633019.0
1753506064555,05:01:04.555,xt,AAVE/USDT:USDT,,,,,297.72,,1633046.0
1753506067918,05:01:07.918,xt,AAVE/USDT:USDT,,,,,297.71,,1633053.0
1753506070252,05:01:10.252,xt,AAVE/USDT:USDT,,,,,297.71,,1633060.0
1753506073557,05:01:13.557,xt,AAVE/USDT:USDT,,,,,297.7,,1633065.0
1753506076789,05:01:16.789,xt,AAVE/USDT:USDT,,,,,297.7,,1633074.0
1753506080093,05:01:20.093,xt,AAVE/USDT:USDT,,,,,297.68,,1633087.0
1753506082350,05:01:22.350,xt,AAVE/USDT:USDT,,,,,297.65,,1633092.0
1753506085669,05:01:25.669,xt,AAVE/USDT:USDT,,,,,297.65,,1633102.0
1753506089009,05:01:29.009,xt,AAVE/USDT:USDT,,,,,297.68,,1632551.0
1753506091675,05:01:31.675,xt,AAVE/USDT:USDT,,,,,297.69,,1632591.0
1753506094555,05:01:34.555,xt,AAVE/USDT:USDT,,,,,297.68,,1632603.0
1753506097876,05:01:37.876,xt,AAVE/USDT:USDT,,,,,297.68,,1632611.0
1753506100469,05:01:40.469,xt,AAVE/USDT:USDT,,,,,297.68,,1632620.0
1753506103578,05:01:43.578,xt,AAVE/USDT:USDT,,,,,297.67,,1632639.0
1753506106798,05:01:46.798,xt,AAVE/USDT:USDT,,,,,297.67,,1632646.0
1753506110065,05:01:50.065,xt,AAVE/USDT:USDT,,,,,297.69,,1632672.0
1753506112431,05:01:52.431,xt,AAVE/USDT:USDT,,,,,297.69,,1632679.0
1753506115613,05:01:55.613,xt,AAVE/USDT:USDT,,,,,297.68,,1632689.0
1753506118762,05:01:58.762,xt,AAVE/USDT:USDT,,,,,297.69,,1632699.0
1753506121975,05:02:01.975,xt,AAVE/USDT:USDT,,,,,297.69,,1632718.0
1753506124943,05:02:04.943,xt,AAVE/USDT:USDT,,,,,297.72,,1632743.0
1753506127367,05:02:07.367,xt,AAVE/USDT:USDT,,,,,297.7,,1632753.0
1753506130549,05:02:10.549,xt,AAVE/USDT:USDT,,,,,297.7,,1632774.0
1753506133795,05:02:13.795,xt,AAVE/USDT:USDT,,,,,297.7,,1632784.0
1753506136910,05:02:16.910,xt,AAVE/USDT:USDT,,,,,297.69,,1632793.0
1753506139547,05:02:19.547,xt,AAVE/USDT:USDT,,,,,297.7,,1632800.0
1753506142764,05:02:22.764,xt,AAVE/USDT:USDT,,,,,297.69,,1632854.0
1753506145368,05:02:25.368,xt,AAVE/USDT:USDT,,,,,297.67,,1632868.0
1753506148578,05:02:28.578,xt,AAVE/USDT:USDT,,,,,297.67,,1630201.0
1753506151950,05:02:31.950,xt,AAVE/USDT:USDT,,,,,297.67,,1630210.0
1753506154503,05:02:34.503,xt,AAVE/USDT:USDT,,,,,297.67,,1630215.0
1753506157526,05:02:37.526,xt,AAVE/USDT:USDT,,,,,297.66,,1630257.0
1753506160849,05:02:40.849,xt,AAVE/USDT:USDT,,,,,297.66,,1630266.0
1753506163518,05:02:43.518,xt,AAVE/USDT:USDT,,,,,297.65,,1630276.0
1753506166703,05:02:46.703,xt,AAVE/USDT:USDT,,,,,297.65,,1630287.0
1753506169886,05:02:49.886,xt,AAVE/USDT:USDT,,,,,297.65,,1630316.0
1753506172475,05:02:52.475,xt,AAVE/USDT:USDT,,,,,297.66,,1630324.0
1753506175550,05:02:55.550,xt,AAVE/USDT:USDT,,,,,297.66,,1630335.0
1753506178889,05:02:58.889,xt,AAVE/USDT:USDT,,,,,297.64,,1630358.0
1753506181915,05:03:01.915,xt,AAVE/USDT:USDT,,,,,297.67,,1630442.0
1753506184368,05:03:04.368,xt,AAVE/USDT:USDT,,,,,297.67,,1630449.0
1753506187697,05:03:07.697,xt,AAVE/USDT:USDT,,,,,297.67,,1630461.0
1753506190738,05:03:10.738,xt,AAVE/USDT:USDT,,,,,297.67,,1630469.0
1753506193832,05:03:13.832,xt,AAVE/USDT:USDT,,,,,297.7,,1630549.0
1753506196346,05:03:16.346,xt,AAVE/USDT:USDT,,,,,297.7,,1630560.0
1753506199465,05:03:19.465,xt,AAVE/USDT:USDT,,,,,297.7,,1630568.0
1753506202699,05:03:22.699,xt,AAVE/USDT:USDT,,,,,297.7,,1630577.0
1753506206093,05:03:26.093,xt,AAVE/USDT:USDT,,,,,297.71,,1630588.0
1753506208560,05:03:28.560,xt,AAVE/USDT:USDT,,,,,297.7,,1629943.0
1753506211705,05:03:31.705,xt,AAVE/USDT:USDT,,,,,297.71,,1629971.0
1753506215118,05:03:35.118,xt,AAVE/USDT:USDT,,,,,297.71,,1629988.0
1753506217710,05:03:37.710,xt,AAVE/USDT:USDT,,,,,297.71,,1629995.0
1753506220855,05:03:40.855,xt,AAVE/USDT:USDT,,,,,297.71,,1630005.0
1753506224059,05:03:44.059,xt,AAVE/USDT:USDT,,,,,297.71,,1630015.0
1753506226495,05:03:46.495,xt,AAVE/USDT:USDT,,,,,297.71,,1630022.0
1753506229850,05:03:49.850,xt,AAVE/USDT:USDT,,,,,297.7,,1630029.0
1753506232281,05:03:52.281,xt,AAVE/USDT:USDT,,,,,297.65,,1630066.0
1753506235399,05:03:55.399,xt,AAVE/USDT:USDT,,,,,297.65,,1630074.0
1753506238470,05:03:58.470,xt,AAVE/USDT:USDT,,,,,297.65,,1630081.0
1753506241716,05:04:01.716,xt,AAVE/USDT:USDT,,,,,297.64,,1630087.0
1753506244375,05:04:04.375,xt,AAVE/USDT:USDT,,,,,297.64,,1630096.0
1753506247521,05:04:07.521,xt,AAVE/USDT:USDT,,,,,297.64,,1630107.0
1753506250828,05:04:10.828,xt,AAVE/USDT:USDT,,,,,297.64,,1630117.0
1753506253857,05:04:13.857,xt,AAVE/USDT:USDT,,,,,297.65,,1630128.0
1753506257064,05:04:17.064,xt,AAVE/USDT:USDT,,,,,297.7,,1630183.0
1753506259516,05:04:19.516,xt,AAVE/USDT:USDT,,,,,297.72,,1630225.0
1753506262734,05:04:22.734,xt,AAVE/USDT:USDT,,,,,297.74,,1630248.0
1753506266037,05:04:26.037,xt,AAVE/USDT:USDT,,,,,297.74,,1630255.0
1753506268380,05:04:28.380,xt,AAVE/USDT:USDT,,,,,297.74,,1629756.0
1753506271716,05:04:31.716,xt,AAVE/USDT:USDT,,,,,297.75,,1629781.0
1753506274279,05:04:34.279,xt,AAVE/USDT:USDT,,,,,297.71,,1629786.0
1753506277397,05:04:37.397,xt,AAVE/USDT:USDT,,,,,297.74,,1629795.0
1753506280620,05:04:40.620,xt,AAVE/USDT:USDT,,,,,297.75,,1629802.0
1753506283941,05:04:43.941,xt,AAVE/USDT:USDT,,,,,297.75,,1629813.0
1753506286666,05:04:46.666,xt,AAVE/USDT:USDT,,,,,297.75,,1629822.0
1753506289797,05:04:49.797,xt,AAVE/USDT:USDT,,,,,297.74,,1629833.0
1753506292984,05:04:52.984,xt,AAVE/USDT:USDT,,,,,297.74,,1629846.0
1753506295273,05:04:55.273,xt,AAVE/USDT:USDT,,,,,297.74,,1629851.0
1753506298766,05:04:58.766,xt,AAVE/USDT:USDT,,,,,297.73,,1629856.0
1753506301716,05:05:01.716,xt,AAVE/USDT:USDT,,,,,297.72,,1629872.0
1753506304553,05:05:04.553,xt,AAVE/USDT:USDT,,,,,297.76,,1629883.0
1753506307862,05:05:07.862,xt,AAVE/USDT:USDT,,,,,297.77,,1629890.0
1753506310432,05:05:10.432,xt,AAVE/USDT:USDT,,,,,297.76,,1629896.0
1753506313731,05:05:13.731,xt,AAVE/USDT:USDT,,,,,297.8,,1629935.0
1753506316284,05:05:16.284,xt,AAVE/USDT:USDT,,,,,297.83,,1629948.0
1753506319459,05:05:19.459,xt,AAVE/USDT:USDT,,,,,297.94,,1629956.0
1753506322849,05:05:22.849,xt,AAVE/USDT:USDT,,,,,297.94,,1629967.0
1753506325827,05:05:25.827,xt,AAVE/USDT:USDT,,,,,297.96,,1629978.0
1753506328409,05:05:28.409,xt,AAVE/USDT:USDT,,,,,297.96,,1629505.0
1753506332059,05:05:32.059,xt,AAVE/USDT:USDT,,,,,297.96,,1629515.0
1753506334642,05:05:34.642,xt,AAVE/USDT:USDT,,,,,297.95,,1629520.0
1753506337828,05:05:37.828,xt,AAVE/USDT:USDT,,,,,297.96,,1629529.0
1753506341008,05:05:41.008,xt,AAVE/USDT:USDT,,,,,297.96,,1629540.0
1753506343400,05:05:43.400,xt,AAVE/USDT:USDT,,,,,297.96,,1629549.0
1753506346645,05:05:46.645,xt,AAVE/USDT:USDT,,,,,297.96,,1629558.0
1753506349794,05:05:49.794,xt,AAVE/USDT:USDT,,,,,297.96,,1629574.0
1753506353028,05:05:53.028,xt,AAVE/USDT:USDT,,,,,297.81,,1629651.0
1753506355407,05:05:55.407,xt,AAVE/USDT:USDT,,,,,297.81,,1629662.0
1753506358470,05:05:58.470,xt,AAVE/USDT:USDT,,,,,297.8,,1629674.0
1753506361716,05:06:01.716,xt,AAVE/USDT:USDT,,,,,297.79,,1629682.0
1753506365001,05:06:05.001,xt,AAVE/USDT:USDT,,,,,297.72,,1629778.0
1753506367557,05:06:07.557,xt,AAVE/USDT:USDT,,,,,297.71,,1629781.0
1753506371098,05:06:11.098,xt,AAVE/USDT:USDT,,,,,297.64,,1629806.0
1753506373827,05:06:13.827,xt,AAVE/USDT:USDT,,,,,297.66,,1629938.0
1753506376217,05:06:16.217,xt,AAVE/USDT:USDT,,,,,297.62,,1629993.0
1753506379525,05:06:19.525,xt,AAVE/USDT:USDT,,,,,297.62,,1630003.0
1753506382611,05:06:22.611,xt,AAVE/USDT:USDT,,,,,297.64,,1630011.0
1753506385614,05:06:25.614,xt,AAVE/USDT:USDT,,,,,297.64,,1630024.0
1753506388730,05:06:28.730,xt,AAVE/USDT:USDT,,,,,297.6,,1629528.0
1753506391818,05:06:31.818,xt,AAVE/USDT:USDT,,,,,297.63,,1629543.0
1753506394218,05:06:34.218,xt,AAVE/USDT:USDT,,,,,297.62,,1629548.0
1753506397587,05:06:37.587,xt,AAVE/USDT:USDT,,,,,297.62,,1629555.0
1753506400219,05:06:40.219,xt,AAVE/USDT:USDT,,,,,297.62,,1629562.0
1753506403729,05:06:43.729,xt,AAVE/USDT:USDT,,,,,297.71,,1629597.0
1753506407068,05:06:47.068,xt,AAVE/USDT:USDT,,,,,297.75,,1629605.0
1753506409615,05:06:49.615,xt,AAVE/USDT:USDT,,,,,297.74,,1629610.0
1753506413029,05:06:53.029,xt,AAVE/USDT:USDT,,,,,297.7,,1629643.0
1753506415379,05:06:55.379,xt,AAVE/USDT:USDT,,,,,297.7,,1629648.0
1753506418587,05:06:58.587,xt,AAVE/USDT:USDT,,,,,297.6,,1629693.0
1753506421819,05:07:01.819,xt,AAVE/USDT:USDT,,,,,297.57,,1629727.0
1753506424887,05:07:04.887,xt,AAVE/USDT:USDT,,,,,297.57,,1629736.0
1753506427530,05:07:07.530,xt,AAVE/USDT:USDT,,,,,297.57,,1629740.0
1753506430642,05:07:10.642,xt,AAVE/USDT:USDT,,,,,297.56,,1629833.0
1753506433762,05:07:13.762,xt,AAVE/USDT:USDT,,,,,297.56,,1629876.0
1753506437043,05:07:17.043,xt,AAVE/USDT:USDT,,,,,297.57,,1629938.0
1753506439468,05:07:19.468,xt,AAVE/USDT:USDT,,,,,297.61,,1629951.0
1753506442708,05:07:22.708,xt,AAVE/USDT:USDT,,,,,297.61,,1629956.0
1753506445970,05:07:25.970,xt,AAVE/USDT:USDT,,,,,297.62,,1630002.0
1753506448289,05:07:28.289,xt,AAVE/USDT:USDT,,,,,297.61,,1628790.0
1753506451776,05:07:31.776,xt,AAVE/USDT:USDT,,,,,297.62,,1628799.0
1753506454458,05:07:34.458,xt,AAVE/USDT:USDT,,,,,297.6,,1628809.0
1753506457691,05:07:37.691,xt,AAVE/USDT:USDT,,,,,297.6,,1628819.0
1753506460918,05:07:40.918,xt,AAVE/USDT:USDT,,,,,297.6,,1628827.0
1753506464117,05:07:44.117,xt,AAVE/USDT:USDT,,,,,297.6,,1628834.0
1753506466581,05:07:46.581,xt,AAVE/USDT:USDT,,,,,297.61,,1628841.0
1753506469612,05:07:49.612,xt,AAVE/USDT:USDT,,,,,297.61,,1628857.0
1753506472490,05:07:52.490,xt,AAVE/USDT:USDT,,,,,297.61,,1628869.0
1753506475767,05:07:55.767,xt,AAVE/USDT:USDT,,,,,297.6,,1628878.0
1753506478668,05:07:58.668,xt,AAVE/USDT:USDT,,,,,297.6,,1628886.0
1753506481776,05:08:01.776,xt,AAVE/USDT:USDT,,,,,297.61,,1628891.0
1753506484607,05:08:04.607,xt,AAVE/USDT:USDT,,,,,297.64,,1629028.0
1753506487732,05:08:07.732,xt,AAVE/USDT:USDT,,,,,297.64,,1629040.0
1753506490788,05:08:10.788,xt,AAVE/USDT:USDT,,,,,297.64,,1629069.0
1753506493821,05:08:13.821,xt,AAVE/USDT:USDT,,,,,297.64,,1629075.0
1753506496979,05:08:16.979,xt,AAVE/USDT:USDT,,,,,297.62,,1629092.0
1753506499639,05:08:19.639,xt,AAVE/USDT:USDT,,,,,297.62,,1629099.0
1753506503030,05:08:23.030,xt,AAVE/USDT:USDT,,,,,297.62,,1629109.0
1753506505526,05:08:25.526,xt,AAVE/USDT:USDT,,,,,297.61,,1629116.0
1753506508951,05:08:28.951,xt,AAVE/USDT:USDT,,,,,297.62,,1628345.0
1753506511776,05:08:31.776,xt,AAVE/USDT:USDT,,,,,297.62,,1628356.0
1753506514739,05:08:34.739,xt,AAVE/USDT:USDT,,,,,297.62,,1628367.0
1753506518070,05:08:38.070,xt,AAVE/USDT:USDT,,,,,297.62,,1628378.0
1753506520409,05:08:40.409,xt,AAVE/USDT:USDT,,,,,297.62,,1628386.0
1753506523525,05:08:43.525,xt,AAVE/USDT:USDT,,,,,297.62,,1628395.0
1753506526804,05:08:46.804,xt,AAVE/USDT:USDT,,,,,297.61,,1628402.0
1753506529817,05:08:49.817,xt,AAVE/USDT:USDT,,,,,297.62,,1628414.0
1753506532881,05:08:52.881,xt,AAVE/USDT:USDT,,,,,297.61,,1628427.0
1753506536042,05:08:56.042,xt,AAVE/USDT:USDT,,,,,297.61,,1628436.0
1753506538459,05:08:58.459,xt,AAVE/USDT:USDT,,,,,297.56,,1628487.0
1753506541806,05:09:01.806,xt,AAVE/USDT:USDT,,,,,297.56,,1628542.0
1753506544915,05:09:04.915,xt,AAVE/USDT:USDT,,,,,297.51,,1628554.0
1753506547378,05:09:07.378,xt,AAVE/USDT:USDT,,,,,297.42,,1628690.0
1753506550613,05:09:10.613,xt,AAVE/USDT:USDT,,,,,297.42,,1628703.0
1753506554004,05:09:14.004,xt,AAVE/USDT:USDT,,,,,297.45,,1628765.0
1753506556318,05:09:16.318,xt,AAVE/USDT:USDT,,,,,297.44,,1628772.0
1753506559467,05:09:19.467,xt,AAVE/USDT:USDT,,,,,297.45,,1628797.0
1753506562822,05:09:22.822,xt,AAVE/USDT:USDT,,,,,297.47,,1628817.0
1753506566090,05:09:26.090,xt,AAVE/USDT:USDT,,,,,297.43,,1628826.0
1753506568526,05:09:28.526,xt,AAVE/USDT:USDT,,,,,297.5,,1624837.0
1753506571880,05:09:31.880,xt,AAVE/USDT:USDT,,,,,297.5,,1624847.0
1753506574997,05:09:34.997,xt,AAVE/USDT:USDT,,,,,297.5,,1624854.0
1753506577555,05:09:37.555,xt,AAVE/USDT:USDT,,,,,297.52,,1624862.0
1753506580972,05:09:40.972,xt,AAVE/USDT:USDT,,,,,297.52,,1624874.0
1753506583467,05:09:43.467,xt,AAVE/USDT:USDT,,,,,297.52,,1624883.0
1753506586434,05:09:46.434,xt,AAVE/USDT:USDT,,,,,297.52,,1624903.0
1753506589696,05:09:49.696,xt,AAVE/USDT:USDT,,,,,297.52,,1624913.0
1753506592824,05:09:52.824,xt,AAVE/USDT:USDT,,,,,297.52,,1624924.0
1753506595883,05:09:55.883,xt,AAVE/USDT:USDT,,,,,297.53,,1624935.0
1753506598307,05:09:58.307,xt,AAVE/USDT:USDT,,,,,297.53,,1624941.0
1753506601835,05:10:01.835,xt,AAVE/USDT:USDT,,,,,297.52,,1624952.0
1753506604102,05:10:04.102,xt,AAVE/USDT:USDT,,,,,297.53,,1624963.0
1753506607399,05:10:07.399,xt,AAVE/USDT:USDT,,,,,297.52,,1624972.0
1753506610681,05:10:10.681,xt,AAVE/USDT:USDT,,,,,297.52,,1624979.0
1753506614113,05:10:14.113,xt,AAVE/USDT:USDT,,,,,297.53,,1624988.0
1753506616525,05:10:16.525,xt,AAVE/USDT:USDT,,,,,297.52,,1624994.0
1753506619670,05:10:19.670,xt,AAVE/USDT:USDT,,,,,297.52,,1625005.0
1753506622201,05:10:22.201,xt,AAVE/USDT:USDT,,,,,297.52,,1625046.0
1753506625404,05:10:25.404,xt,AAVE/USDT:USDT,,,,,297.52,,1625054.0
1753506628644,05:10:28.644,xt,AAVE/USDT:USDT,,,,,297.45,,1624352.0
1753506631854,05:10:31.854,xt,AAVE/USDT:USDT,,,,,297.39,,1624371.0
1753506634946,05:10:34.946,xt,AAVE/USDT:USDT,,,,,297.36,,1624397.0
1753506637407,05:10:37.407,xt,AAVE/USDT:USDT,,,,,297.33,,1624418.0
1753506640704,05:10:40.704,xt,AAVE/USDT:USDT,,,,,297.3,,1624430.0
1753506643760,05:10:43.760,xt,AAVE/USDT:USDT,,,,,297.34,,1624484.0
1753506646348,05:10:46.348,xt,AAVE/USDT:USDT,,,,,297.35,,1624491.0
1753506649583,05:10:49.583,xt,AAVE/USDT:USDT,,,,,297.36,,1624502.0
1753506652639,05:10:52.639,xt,AAVE/USDT:USDT,,,,,297.4,,1624513.0
1753506655739,05:10:55.739,xt,AAVE/USDT:USDT,,,,,297.41,,1624550.0
1753506658877,05:10:58.877,xt,AAVE/USDT:USDT,,,,,297.41,,1624560.0
1753506661836,05:11:01.836,xt,AAVE/USDT:USDT,,,,,297.41,,1624565.0
1753506664377,05:11:04.377,xt,AAVE/USDT:USDT,,,,,297.41,,1624572.0
1753506667642,05:11:07.642,xt,AAVE/USDT:USDT,,,,,297.41,,1624606.0
1753506670669,05:11:10.669,xt,AAVE/USDT:USDT,,,,,297.36,,1624624.0
1753506673285,05:11:13.285,xt,AAVE/USDT:USDT,,,,,297.36,,1624629.0
1753506676438,05:11:16.438,xt,AAVE/USDT:USDT,,,,,297.38,,1624667.0
1753506679737,05:11:19.737,xt,AAVE/USDT:USDT,,,,,297.38,,1624675.0
1753506683067,05:11:23.067,xt,AAVE/USDT:USDT,,,,,297.39,,1624684.0
1753506685372,05:11:25.372,xt,AAVE/USDT:USDT,,,,,297.41,,1624689.0
1753506688641,05:11:28.641,xt,AAVE/USDT:USDT,,,,,297.46,,1624097.0
1753506691888,05:11:31.888,xt,AAVE/USDT:USDT,,,,,297.46,,1624118.0
1753506694428,05:11:34.428,xt,AAVE/USDT:USDT,,,,,297.47,,1624125.0
1753506697878,05:11:37.878,xt,AAVE/USDT:USDT,,,,,297.47,,1624136.0
1753506700281,05:11:40.281,xt,AAVE/USDT:USDT,,,,,297.47,,1624173.0
1753506704061,05:11:44.061,xt,AAVE/USDT:USDT,,,,,297.58,,1624263.0
1753506706997,05:11:46.997,xt,AAVE/USDT:USDT,,,,,297.6,,1624274.0
1753506709463,05:11:49.463,xt,AAVE/USDT:USDT,,,,,297.6,,1624278.0
1753506712518,05:11:52.518,xt,AAVE/USDT:USDT,,,,,297.6,,1624294.0
1753506715731,05:11:55.731,xt,AAVE/USDT:USDT,,,,,297.63,,1624343.0
1753506718823,05:11:58.823,xt,AAVE/USDT:USDT,,,,,297.74,,1624390.0
1753506721836,05:12:01.836,xt,AAVE/USDT:USDT,,,,,297.75,,1624402.0
1753506724937,05:12:04.937,xt,AAVE/USDT:USDT,,,,,297.74,,1624414.0
1753506728036,05:12:08.036,xt,AAVE/USDT:USDT,,,,,297.67,,1624530.0
1753506730319,05:12:10.319,xt,AAVE/USDT:USDT,,,,,297.67,,1624545.0
1753506733759,05:12:13.759,xt,AAVE/USDT:USDT,,,,,297.65,,1624557.0
1753506736953,05:12:16.953,xt,AAVE/USDT:USDT,,,,,297.59,,1624602.0
1753506739494,05:12:19.494,xt,AAVE/USDT:USDT,,,,,297.56,,1624619.0
1753506742528,05:12:22.528,xt,AAVE/USDT:USDT,,,,,297.54,,1624629.0
1753506745919,05:12:25.919,xt,AAVE/USDT:USDT,,,,,297.52,,1624640.0
1753506749022,05:12:29.022,xt,AAVE/USDT:USDT,,,,,297.52,,1622322.0
1753506751836,05:12:31.836,xt,AAVE/USDT:USDT,,,,,297.52,,1622371.0
1753506754855,05:12:34.855,xt,AAVE/USDT:USDT,,,,,297.57,,1622378.0
1753506758063,05:12:38.063,xt,AAVE/USDT:USDT,,,,,297.61,,1622393.0
1753506760432,05:12:40.432,xt,AAVE/USDT:USDT,,,,,297.65,,1622406.0
1753506763643,05:12:43.643,xt,AAVE/USDT:USDT,,,,,297.66,,1622415.0
1753506766829,05:12:46.829,xt,AAVE/USDT:USDT,,,,,297.62,,1622568.0
1753506769375,05:12:49.375,xt,AAVE/USDT:USDT,,,,,297.62,,1622573.0
1753506772677,05:12:52.677,xt,AAVE/USDT:USDT,,,,,297.62,,1622580.0
1753506775889,05:12:55.889,xt,AAVE/USDT:USDT,,,,,297.62,,1622595.0
1753506778495,05:12:58.495,xt,AAVE/USDT:USDT,,,,,297.65,,1622602.0
1753506781866,05:13:01.866,xt,AAVE/USDT:USDT,,,,,297.64,,1622631.0
1753506784344,05:13:04.344,xt,AAVE/USDT:USDT,,,,,297.62,,1622637.0
1753506787673,05:13:07.673,xt,AAVE/USDT:USDT,,,,,297.62,,1622649.0
1753506790228,05:13:10.228,xt,AAVE/USDT:USDT,,,,,297.62,,1622654.0
1753506793710,05:13:13.710,xt,AAVE/USDT:USDT,,,,,297.63,,1622664.0
