timestamp,time,exchange,symbol,bid,bidVolume,ask,askVolume,lastPrice,baseVolume,quoteVolume
1753504792115,04:39:52.115,xt,ALGO/USDT:USDT,,,,,0.2698,,247152172.0
1753504795321,04:39:55.321,xt,ALGO/USDT:USDT,,,,,0.2698,,247152180.0
1753504797730,04:39:57.730,xt,ALGO/USDT:USDT,,,,,0.2698,,247152185.0
1753504800840,04:40:00.840,xt,ALGO/USDT:USDT,,,,,0.2698,,247152198.0
1753504803994,04:40:03.994,xt,ALGO/USDT:USDT,,,,,0.2698,,247152369.0
1753504807203,04:40:07.203,xt,ALGO/USDT:USDT,,,,,0.2698,,247207162.0
1753504809572,04:40:09.572,xt,ALGO/USDT:USDT,,,,,0.2698,,247207222.0
1753504812692,04:40:12.692,xt,ALGO/USDT:USDT,,,,,0.2698,,247207476.0
1753504816113,04:40:16.113,xt,ALGO/USDT:USDT,,,,,0.2699,,247209213.0
1753504819173,04:40:19.173,xt,ALGO/USDT:USDT,,,,,0.27,,247215324.0
1753504822390,04:40:22.390,xt,ALGO/USDT:USDT,,,,,0.2699,,247215334.0
1753504824758,04:40:24.758,xt,ALGO/USDT:USDT,,,,,0.2699,,247218505.0
1753504827913,04:40:27.913,xt,ALGO/USDT:USDT,,,,,0.2699,,247218514.0
1753504831207,04:40:31.207,xt,ALGO/USDT:USDT,,,,,0.2698,,247218894.0
1753504834298,04:40:34.298,xt,ALGO/USDT:USDT,,,,,0.2699,,247239823.0
1753504836755,04:40:36.755,xt,ALGO/USDT:USDT,,,,,0.2699,,247239834.0
1753504839900,04:40:39.900,xt,ALGO/USDT:USDT,,,,,0.2698,,247269284.0
1753504843085,04:40:43.085,xt,ALGO/USDT:USDT,,,,,0.2698,,247126894.0
1753504846243,04:40:46.243,xt,ALGO/USDT:USDT,,,,,0.2698,,247155677.0
1753504848757,04:40:48.757,xt,ALGO/USDT:USDT,,,,,0.2698,,247155684.0
1753504852205,04:40:52.205,xt,ALGO/USDT:USDT,,,,,0.2698,,247156240.0
1753504854698,04:40:54.698,xt,ALGO/USDT:USDT,,,,,0.2698,,247157162.0
1753504857785,04:40:57.785,xt,ALGO/USDT:USDT,,,,,0.2698,,247157174.0
1753504860971,04:41:00.971,xt,ALGO/USDT:USDT,,,,,0.2699,,247157268.0
1753504864144,04:41:04.144,xt,ALGO/USDT:USDT,,,,,0.2698,,247159412.0
1753504867329,04:41:07.329,xt,ALGO/USDT:USDT,,,,,0.2698,,247164084.0
1753504869784,04:41:09.784,xt,ALGO/USDT:USDT,,,,,0.2698,,247164508.0
1753504873054,04:41:13.054,xt,ALGO/USDT:USDT,,,,,0.2698,,247164520.0
1753504876148,04:41:16.148,xt,ALGO/USDT:USDT,,,,,0.2698,,247164561.0
1753504878582,04:41:18.582,xt,ALGO/USDT:USDT,,,,,0.27,,247170521.0
1753504881878,04:41:21.878,xt,ALGO/USDT:USDT,,,,,0.27,,247182570.0
1753504884523,04:41:24.523,xt,ALGO/USDT:USDT,,,,,0.27,,247182578.0
1753504887745,04:41:27.745,xt,ALGO/USDT:USDT,,,,,0.27,,247195855.0
1753504890893,04:41:30.893,xt,ALGO/USDT:USDT,,,,,0.27,,247195864.0
1753504894202,04:41:34.202,xt,ALGO/USDT:USDT,,,,,0.27,,247195872.0
1753504896637,04:41:36.637,xt,ALGO/USDT:USDT,,,,,0.2698,,247203283.0
1753504899941,04:41:39.941,xt,ALGO/USDT:USDT,,,,,0.2698,,247203291.0
1753504903236,04:41:43.236,xt,ALGO/USDT:USDT,,,,,0.2699,,247096789.0
1753504905638,04:41:45.638,xt,ALGO/USDT:USDT,,,,,0.2699,,247096797.0
1753504908730,04:41:48.730,xt,ALGO/USDT:USDT,,,,,0.27,,247267176.0
1753504912180,04:41:52.180,xt,ALGO/USDT:USDT,,,,,0.2701,,247267646.0
1753504915263,04:41:55.263,xt,ALGO/USDT:USDT,,,,,0.27,,247267959.0
1753504917637,04:41:57.637,xt,ALGO/USDT:USDT,,,,,0.27,,247267964.0
1753504920814,04:42:00.814,xt,ALGO/USDT:USDT,,,,,0.27,,247267975.0
1753504923910,04:42:03.910,xt,ALGO/USDT:USDT,,,,,0.27,,247269459.0
1753504926903,04:42:06.903,xt,ALGO/USDT:USDT,,,,,0.27,,247269691.0
1753504930111,04:42:10.111,xt,ALGO/USDT:USDT,,,,,0.2701,,247288114.0
1753504932602,04:42:12.602,xt,ALGO/USDT:USDT,,,,,0.2701,,247288121.0
1753504936055,04:42:16.055,xt,ALGO/USDT:USDT,,,,,0.2701,,247288132.0
1753504939383,04:42:19.383,xt,ALGO/USDT:USDT,,,,,0.2701,,247294512.0
1753504941785,04:42:21.785,xt,ALGO/USDT:USDT,,,,,0.2701,,247294519.0
1753504944811,04:42:24.811,xt,ALGO/USDT:USDT,,,,,0.2701,,247298614.0
1753504948361,04:42:28.361,xt,ALGO/USDT:USDT,,,,,0.2699,,247333297.0
1753504950693,04:42:30.693,xt,ALGO/USDT:USDT,,,,,0.2699,,247333304.0
1753504953994,04:42:33.994,xt,ALGO/USDT:USDT,,,,,0.27,,247333395.0
1753504957058,04:42:37.058,xt,ALGO/USDT:USDT,,,,,0.27,,247338006.0
1753504959580,04:42:39.580,xt,ALGO/USDT:USDT,,,,,0.27,,247338012.0
1753504963110,04:42:43.110,xt,ALGO/USDT:USDT,,,,,0.2701,,247151110.0
1753504966152,04:42:46.152,xt,ALGO/USDT:USDT,,,,,0.2701,,247151117.0
1753504968692,04:42:48.692,xt,ALGO/USDT:USDT,,,,,0.2701,,247151128.0
1753504971967,04:42:51.967,xt,ALGO/USDT:USDT,,,,,0.2701,,247151139.0
1753504975296,04:42:55.296,xt,ALGO/USDT:USDT,,,,,0.2701,,247151152.0
1753504977750,04:42:57.750,xt,ALGO/USDT:USDT,,,,,0.2701,,247152590.0
1753504980941,04:43:00.941,xt,ALGO/USDT:USDT,,,,,0.2701,,247152601.0
1753504984061,04:43:04.061,xt,ALGO/USDT:USDT,,,,,0.27,,247155090.0
1753504986572,04:43:06.572,xt,ALGO/USDT:USDT,,,,,0.27,,247155115.0
1753504990021,04:43:10.021,xt,ALGO/USDT:USDT,,,,,0.2699,,247155973.0
1753504993199,04:43:13.199,xt,ALGO/USDT:USDT,,,,,0.27,,247170913.0
1753504995721,04:43:15.721,xt,ALGO/USDT:USDT,,,,,0.27,,247181685.0
1753504998819,04:43:18.819,xt,ALGO/USDT:USDT,,,,,0.27,,247183695.0
1753505002177,04:43:22.177,xt,ALGO/USDT:USDT,,,,,0.27,,247183728.0
1753505005360,04:43:25.360,xt,ALGO/USDT:USDT,,,,,0.2701,,247183771.0
1753505007786,04:43:27.786,xt,ALGO/USDT:USDT,,,,,0.2701,,247183780.0
1753505011119,04:43:31.119,xt,ALGO/USDT:USDT,,,,,0.27,,247184893.0
1753505014327,04:43:34.327,xt,ALGO/USDT:USDT,,,,,0.27,,247184956.0
1753505016821,04:43:36.821,xt,ALGO/USDT:USDT,,,,,0.27,,247184966.0
1753505020085,04:43:40.085,xt,ALGO/USDT:USDT,,,,,0.27,,247184974.0
1753505022671,04:43:42.671,xt,ALGO/USDT:USDT,,,,,0.27,,247051853.0
1753505025878,04:43:45.878,xt,ALGO/USDT:USDT,,,,,0.2699,,247051931.0
1753505029053,04:43:49.053,xt,ALGO/USDT:USDT,,,,,0.2701,,247092381.0
1753505032082,04:43:52.082,xt,ALGO/USDT:USDT,,,,,0.2701,,247092392.0
1753505035247,04:43:55.247,xt,ALGO/USDT:USDT,,,,,0.2701,,247092403.0
1753505037672,04:43:57.672,xt,ALGO/USDT:USDT,,,,,0.2701,,247092411.0
1753505040970,04:44:00.970,xt,ALGO/USDT:USDT,,,,,0.2701,,247092423.0
1753505044261,04:44:04.261,xt,ALGO/USDT:USDT,,,,,0.2701,,247092433.0
1753505046843,04:44:06.843,xt,ALGO/USDT:USDT,,,,,0.2701,,247092483.0
1753505049997,04:44:09.997,xt,ALGO/USDT:USDT,,,,,0.2702,,247095109.0
1753505053149,04:44:13.149,xt,ALGO/USDT:USDT,,,,,0.2702,,247095237.0
1753505056298,04:44:16.298,xt,ALGO/USDT:USDT,,,,,0.2701,,247096321.0
1753505058757,04:44:18.757,xt,ALGO/USDT:USDT,,,,,0.2701,,247096329.0
1753505061874,04:44:21.874,xt,ALGO/USDT:USDT,,,,,0.2702,,247102955.0
1753505065271,04:44:25.271,xt,ALGO/USDT:USDT,,,,,0.2702,,247102965.0
1753505068327,04:44:28.327,xt,ALGO/USDT:USDT,,,,,0.2702,,247108387.0
1753505070810,04:44:30.810,xt,ALGO/USDT:USDT,,,,,0.2702,,247108408.0
1753505074170,04:44:34.170,xt,ALGO/USDT:USDT,,,,,0.2702,,247109407.0
1753505076843,04:44:36.843,xt,ALGO/USDT:USDT,,,,,0.2702,,247109417.0
1753505080292,04:44:40.292,xt,ALGO/USDT:USDT,,,,,0.2701,,247110194.0
1753505082482,04:44:42.482,xt,ALGO/USDT:USDT,,,,,0.2701,,246951152.0
1753505085907,04:44:45.907,xt,ALGO/USDT:USDT,,,,,0.2701,,246951270.0
1753505089292,04:44:49.292,xt,ALGO/USDT:USDT,,,,,0.2702,,246977994.0
1753505092385,04:44:52.385,xt,ALGO/USDT:USDT,,,,,0.2698,,247090737.0
1753505094805,04:44:54.805,xt,ALGO/USDT:USDT,,,,,0.2698,,247090747.0
1753505098299,04:44:58.299,xt,ALGO/USDT:USDT,,,,,0.2698,,247090759.0
1753505100785,04:45:00.785,xt,ALGO/USDT:USDT,,,,,0.2699,,247108910.0
1753505104060,04:45:04.060,xt,ALGO/USDT:USDT,,,,,0.2698,,247180497.0
1753505107010,04:45:07.010,xt,ALGO/USDT:USDT,,,,,0.2697,,247213539.0
1753505110331,04:45:10.331,xt,ALGO/USDT:USDT,,,,,0.2698,,247218604.0
1753505112816,04:45:12.816,xt,ALGO/USDT:USDT,,,,,0.2698,,247218612.0
1753505115810,04:45:15.810,xt,ALGO/USDT:USDT,,,,,0.2698,,247218626.0
1753505119090,04:45:19.090,xt,ALGO/USDT:USDT,,,,,0.2697,,247222254.0
1753505121640,04:45:21.640,xt,ALGO/USDT:USDT,,,,,0.2697,,247222260.0
1753505124869,04:45:24.869,xt,ALGO/USDT:USDT,,,,,0.2698,,247223992.0
1753505128292,04:45:28.292,xt,ALGO/USDT:USDT,,,,,0.2697,,247299740.0
1753505130632,04:45:30.632,xt,ALGO/USDT:USDT,,,,,0.2697,,247299750.0
1753505133901,04:45:33.901,xt,ALGO/USDT:USDT,,,,,0.2697,,247299779.0
1753505137299,04:45:37.299,xt,ALGO/USDT:USDT,,,,,0.2696,,247406206.0
1753505139785,04:45:39.785,xt,ALGO/USDT:USDT,,,,,0.2696,,247406214.0
1753505143083,04:45:43.083,xt,ALGO/USDT:USDT,,,,,0.2696,,247277635.0
1753505145520,04:45:45.520,xt,ALGO/USDT:USDT,,,,,0.2696,,247277640.0
1753505148899,04:45:48.899,xt,ALGO/USDT:USDT,,,,,0.2696,,247277650.0
1753505152120,04:45:52.120,xt,ALGO/USDT:USDT,,,,,0.2696,,247277660.0
1753505155127,04:45:55.127,xt,ALGO/USDT:USDT,,,,,0.2696,,247279437.0
1753505158295,04:45:58.295,xt,ALGO/USDT:USDT,,,,,0.2696,,247279453.0
1753505160701,04:46:00.701,xt,ALGO/USDT:USDT,,,,,0.2697,,247280433.0
1753505163818,04:46:03.818,xt,ALGO/USDT:USDT,,,,,0.2697,,247280445.0
1753505167181,04:46:07.181,xt,ALGO/USDT:USDT,,,,,0.2697,,247280471.0
1753505170178,04:46:10.178,xt,ALGO/USDT:USDT,,,,,0.2698,,247282931.0
1753505172603,04:46:12.603,xt,ALGO/USDT:USDT,,,,,0.2698,,247285640.0
1753505175788,04:46:15.788,xt,ALGO/USDT:USDT,,,,,0.2697,,247285720.0
1753505179032,04:46:19.032,xt,ALGO/USDT:USDT,,,,,0.2697,,247286356.0
1753505181552,04:46:21.552,xt,ALGO/USDT:USDT,,,,,0.2698,,247286365.0
1753505184750,04:46:24.750,xt,ALGO/USDT:USDT,,,,,0.2698,,247288602.0
1753505188007,04:46:28.007,xt,ALGO/USDT:USDT,,,,,0.2697,,247296981.0
1753505191301,04:46:31.301,xt,ALGO/USDT:USDT,,,,,0.2697,,247298903.0
1753505193634,04:46:33.634,xt,ALGO/USDT:USDT,,,,,0.2697,,247298909.0
1753505196606,04:46:36.606,xt,ALGO/USDT:USDT,,,,,0.2698,,247299475.0
1753505199964,04:46:39.964,xt,ALGO/USDT:USDT,,,,,0.2698,,247299487.0
1753505203320,04:46:43.320,xt,ALGO/USDT:USDT,,,,,0.2697,,247236713.0
1753505205787,04:46:45.787,xt,ALGO/USDT:USDT,,,,,0.2698,,247236954.0
1753505209144,04:46:49.144,xt,ALGO/USDT:USDT,,,,,0.2698,,247236967.0
1753505212388,04:46:52.388,xt,ALGO/USDT:USDT,,,,,0.2698,,247237099.0
1753505214878,04:46:54.878,xt,ALGO/USDT:USDT,,,,,0.2698,,247237442.0
1753505218031,04:46:58.031,xt,ALGO/USDT:USDT,,,,,0.2698,,247238455.0
1753505221148,04:47:01.148,xt,ALGO/USDT:USDT,,,,,0.2699,,247243870.0
1753505224383,04:47:04.383,xt,ALGO/USDT:USDT,,,,,0.2699,,247243877.0
1753505226751,04:47:06.751,xt,ALGO/USDT:USDT,,,,,0.2699,,247243883.0
1753505229992,04:47:09.992,xt,ALGO/USDT:USDT,,,,,0.2698,,247244303.0
1753505233240,04:47:13.240,xt,ALGO/USDT:USDT,,,,,0.2698,,247247519.0
1753505235607,04:47:15.607,xt,ALGO/USDT:USDT,,,,,0.2696,,247251660.0
1753505239025,04:47:19.025,xt,ALGO/USDT:USDT,,,,,0.2696,,247251788.0
1753505242176,04:47:22.176,xt,ALGO/USDT:USDT,,,,,0.2696,,247251800.0
1753505245261,04:47:25.261,xt,ALGO/USDT:USDT,,,,,0.2696,,247251809.0
1753505248321,04:47:28.321,xt,ALGO/USDT:USDT,,,,,0.2697,,247252511.0
1753505250755,04:47:30.755,xt,ALGO/USDT:USDT,,,,,0.2697,,247252515.0
1753505253999,04:47:33.999,xt,ALGO/USDT:USDT,,,,,0.2697,,247252523.0
1753505257265,04:47:37.265,xt,ALGO/USDT:USDT,,,,,0.2697,,247252536.0
1753505260293,04:47:40.293,xt,ALGO/USDT:USDT,,,,,0.2697,,247252544.0
1753505262817,04:47:42.817,xt,ALGO/USDT:USDT,,,,,0.2698,,247166102.0
1753505266144,04:47:46.144,xt,ALGO/USDT:USDT,,,,,0.2696,,247179511.0
1753505269295,04:47:49.295,xt,ALGO/USDT:USDT,,,,,0.2696,,247186327.0
1753505272325,04:47:52.325,xt,ALGO/USDT:USDT,,,,,0.2695,,247327984.0
1753505274754,04:47:54.754,xt,ALGO/USDT:USDT,,,,,0.2695,,247371810.0
1753505278150,04:47:58.150,xt,ALGO/USDT:USDT,,,,,0.2695,,247371820.0
1753505281385,04:48:01.385,xt,ALGO/USDT:USDT,,,,,0.2695,,247371829.0
1753505283761,04:48:03.761,xt,ALGO/USDT:USDT,,,,,0.2695,,247371839.0
1753505287089,04:48:07.089,xt,ALGO/USDT:USDT,,,,,0.2695,,247383074.0
1753505290263,04:48:10.263,xt,ALGO/USDT:USDT,,,,,0.2694,,247389806.0
1753505292871,04:48:12.871,xt,ALGO/USDT:USDT,,,,,0.2696,,247437400.0
1753505296170,04:48:16.170,xt,ALGO/USDT:USDT,,,,,0.2696,,247437716.0
1753505298579,04:48:18.579,xt,ALGO/USDT:USDT,,,,,0.2696,,247437726.0
1753505301939,04:48:21.939,xt,ALGO/USDT:USDT,,,,,0.2696,,247437913.0
1753505305264,04:48:25.264,xt,ALGO/USDT:USDT,,,,,0.2695,,247502303.0
1753505307812,04:48:27.812,xt,ALGO/USDT:USDT,,,,,0.2694,,247524894.0
1753505310875,04:48:30.875,xt,ALGO/USDT:USDT,,,,,0.2694,,247525325.0
1753505314117,04:48:34.117,xt,ALGO/USDT:USDT,,,,,0.2694,,247525335.0
1753505317180,04:48:37.180,xt,ALGO/USDT:USDT,,,,,0.2694,,247544901.0
1753505319756,04:48:39.756,xt,ALGO/USDT:USDT,,,,,0.2694,,247601082.0
1753505322873,04:48:42.873,xt,ALGO/USDT:USDT,,,,,0.2693,,247495292.0
1753505326211,04:48:46.211,xt,ALGO/USDT:USDT,,,,,0.2693,,247514427.0
1753505328636,04:48:48.636,xt,ALGO/USDT:USDT,,,,,0.2693,,247530877.0
1753505331964,04:48:51.964,xt,ALGO/USDT:USDT,,,,,0.2693,,247530911.0
1753505335239,04:48:55.239,xt,ALGO/USDT:USDT,,,,,0.2694,,247531112.0
1753505338393,04:48:58.393,xt,ALGO/USDT:USDT,,,,,0.2694,,247531118.0
1753505340871,04:49:00.871,xt,ALGO/USDT:USDT,,,,,0.2694,,247531125.0
1753505344178,04:49:04.178,xt,ALGO/USDT:USDT,,,,,0.2694,,247531174.0
1753505347388,04:49:07.388,xt,ALGO/USDT:USDT,,,,,0.2693,,247531209.0
1753505349916,04:49:09.916,xt,ALGO/USDT:USDT,,,,,0.2693,,247531866.0
1753505353182,04:49:13.182,xt,ALGO/USDT:USDT,,,,,0.2694,,247535003.0
1753505356287,04:49:16.287,xt,ALGO/USDT:USDT,,,,,0.2694,,247535016.0
1753505358766,04:49:18.766,xt,ALGO/USDT:USDT,,,,,0.2694,,247539023.0
1753505361942,04:49:21.942,xt,ALGO/USDT:USDT,,,,,0.2694,,247539036.0
1753505365242,04:49:25.242,xt,ALGO/USDT:USDT,,,,,0.2694,,247540489.0
1753505367612,04:49:27.612,xt,ALGO/USDT:USDT,,,,,0.2694,,247540496.0
1753505370846,04:49:30.846,xt,ALGO/USDT:USDT,,,,,0.2694,,247543412.0
1753505374170,04:49:34.170,xt,ALGO/USDT:USDT,,,,,0.2694,,247543423.0
1753505376633,04:49:36.633,xt,ALGO/USDT:USDT,,,,,0.2694,,247543433.0
1753505379910,04:49:39.910,xt,ALGO/USDT:USDT,,,,,0.2694,,247546879.0
1753505383203,04:49:43.203,xt,ALGO/USDT:USDT,,,,,0.2693,,247486502.0
1753505385728,04:49:45.728,xt,ALGO/USDT:USDT,,,,,0.2694,,247507081.0
1753505388900,04:49:48.900,xt,ALGO/USDT:USDT,,,,,0.2694,,247507088.0
1753505392114,04:49:52.114,xt,ALGO/USDT:USDT,,,,,0.2694,,247507100.0
1753505395323,04:49:55.323,xt,ALGO/USDT:USDT,,,,,0.2695,,247523971.0
1753505397785,04:49:57.785,xt,ALGO/USDT:USDT,,,,,0.2695,,247523981.0
1753505400938,04:50:00.938,xt,ALGO/USDT:USDT,,,,,0.2695,,247523989.0
1753505404148,04:50:04.148,xt,ALGO/USDT:USDT,,,,,0.2695,,247547980.0
1753505407270,04:50:07.270,xt,ALGO/USDT:USDT,,,,,0.2694,,247548006.0
1753505409874,04:50:09.874,xt,ALGO/USDT:USDT,,,,,0.2695,,247548220.0
1753505413087,04:50:13.087,xt,ALGO/USDT:USDT,,,,,0.2694,,247550281.0
1753505416299,04:50:16.299,xt,ALGO/USDT:USDT,,,,,0.2694,,247550287.0
1753505418688,04:50:18.688,xt,ALGO/USDT:USDT,,,,,0.2695,,247550312.0
1753505421901,04:50:21.901,xt,ALGO/USDT:USDT,,,,,0.2693,,247570973.0
1753505425030,04:50:25.030,xt,ALGO/USDT:USDT,,,,,0.2694,,247571000.0
1753505428230,04:50:28.230,xt,ALGO/USDT:USDT,,,,,0.2693,,247571292.0
1753505430605,04:50:30.605,xt,ALGO/USDT:USDT,,,,,0.2693,,247571301.0
1753505434086,04:50:34.086,xt,ALGO/USDT:USDT,,,,,0.2693,,247571312.0
1753505436610,04:50:36.610,xt,ALGO/USDT:USDT,,,,,0.2693,,247571339.0
1753505439937,04:50:39.937,xt,ALGO/USDT:USDT,,,,,0.2693,,247571350.0
1753505443259,04:50:43.259,xt,ALGO/USDT:USDT,,,,,0.2693,,247312984.0
1753505446349,04:50:46.349,xt,ALGO/USDT:USDT,,,,,0.2693,,247316083.0
1753505448767,04:50:48.767,xt,ALGO/USDT:USDT,,,,,0.2693,,247316093.0
1753505451905,04:50:51.905,xt,ALGO/USDT:USDT,,,,,0.2693,,247320953.0
1753505454939,04:50:54.939,xt,ALGO/USDT:USDT,,,,,0.2693,,247320963.0
1753505457963,04:50:57.963,xt,ALGO/USDT:USDT,,,,,0.2692,,247322897.0
1753505461233,04:51:01.233,xt,ALGO/USDT:USDT,,,,,0.2692,,247322909.0
1753505463905,04:51:03.905,xt,ALGO/USDT:USDT,,,,,0.269,,247345489.0
1753505467120,04:51:07.120,xt,ALGO/USDT:USDT,,,,,0.269,,247345497.0
1753505469420,04:51:09.420,xt,ALGO/USDT:USDT,,,,,0.269,,247345506.0
1753505472811,04:51:12.811,xt,ALGO/USDT:USDT,,,,,0.2691,,247346328.0
1753505476202,04:51:16.202,xt,ALGO/USDT:USDT,,,,,0.269,,247346479.0
1753505479290,04:51:19.290,xt,ALGO/USDT:USDT,,,,,0.2691,,247347099.0
1753505482291,04:51:22.291,xt,ALGO/USDT:USDT,,,,,0.2691,,247347136.0
1753505484851,04:51:24.851,xt,ALGO/USDT:USDT,,,,,0.2691,,247347405.0
1753505488032,04:51:28.032,xt,ALGO/USDT:USDT,,,,,0.2691,,247353496.0
1753505491297,04:51:31.297,xt,ALGO/USDT:USDT,,,,,0.2691,,247353631.0
1753505493724,04:51:33.724,xt,ALGO/USDT:USDT,,,,,0.2691,,247353638.0
1753505496760,04:51:36.760,xt,ALGO/USDT:USDT,,,,,0.2691,,247353646.0
1753505499788,04:51:39.788,xt,ALGO/USDT:USDT,,,,,0.2691,,247355108.0
1753505503052,04:51:43.052,xt,ALGO/USDT:USDT,,,,,0.2691,,247281083.0
1753505505582,04:51:45.582,xt,ALGO/USDT:USDT,,,,,0.2692,,247281992.0
1753505508815,04:51:48.815,xt,ALGO/USDT:USDT,,,,,0.2692,,247282004.0
1753505512057,04:51:52.057,xt,ALGO/USDT:USDT,,,,,0.2692,,247282015.0
1753505515238,04:51:55.238,xt,ALGO/USDT:USDT,,,,,0.2691,,247283023.0
1753505518333,04:51:58.333,xt,ALGO/USDT:USDT,,,,,0.2691,,247283413.0
1753505520843,04:52:00.843,xt,ALGO/USDT:USDT,,,,,0.2691,,247283423.0
1753505524269,04:52:04.269,xt,ALGO/USDT:USDT,,,,,0.2693,,247314373.0
1753505526876,04:52:06.876,xt,ALGO/USDT:USDT,,,,,0.2692,,247314678.0
1753505530262,04:52:10.262,xt,ALGO/USDT:USDT,,,,,0.2692,,247314689.0
1753505532693,04:52:12.693,xt,ALGO/USDT:USDT,,,,,0.2692,,247315201.0
1753505536029,04:52:16.029,xt,ALGO/USDT:USDT,,,,,0.2692,,247315211.0
1753505539322,04:52:19.322,xt,ALGO/USDT:USDT,,,,,0.2692,,247315223.0
1753505541664,04:52:21.664,xt,ALGO/USDT:USDT,,,,,0.2692,,247319120.0
1753505545050,04:52:25.050,xt,ALGO/USDT:USDT,,,,,0.2692,,247319438.0
1753505547609,04:52:27.609,xt,ALGO/USDT:USDT,,,,,0.2692,,247319444.0
1753505550882,04:52:30.882,xt,ALGO/USDT:USDT,,,,,0.2692,,247319450.0
1753505554232,04:52:34.232,xt,ALGO/USDT:USDT,,,,,0.2692,,247319458.0
1753505557207,04:52:37.207,xt,ALGO/USDT:USDT,,,,,0.2692,,247319472.0
1753505559689,04:52:39.689,xt,ALGO/USDT:USDT,,,,,0.2692,,247319481.0
1753505562999,04:52:42.999,xt,ALGO/USDT:USDT,,,,,0.2693,,247182361.0
1753505566204,04:52:46.204,xt,ALGO/USDT:USDT,,,,,0.2693,,247182368.0
1753505569264,04:52:49.264,xt,ALGO/USDT:USDT,,,,,0.2693,,247182381.0
1753505571821,04:52:51.821,xt,ALGO/USDT:USDT,,,,,0.2693,,247182409.0
1753505575208,04:52:55.208,xt,ALGO/USDT:USDT,,,,,0.2692,,247192285.0
1753505577756,04:52:57.756,xt,ALGO/USDT:USDT,,,,,0.2692,,247192290.0
1753505580845,04:53:00.845,xt,ALGO/USDT:USDT,,,,,0.2692,,247192300.0
1753505584028,04:53:04.028,xt,ALGO/USDT:USDT,,,,,0.2692,,247210742.0
1753505587179,04:53:07.179,xt,ALGO/USDT:USDT,,,,,0.2691,,247210772.0
1753505590249,04:53:10.249,xt,ALGO/USDT:USDT,,,,,0.2691,,247218459.0
1753505592661,04:53:12.661,xt,ALGO/USDT:USDT,,,,,0.2691,,247218467.0
1753505595848,04:53:15.848,xt,ALGO/USDT:USDT,,,,,0.2691,,247218479.0
1753505599237,04:53:19.237,xt,ALGO/USDT:USDT,,,,,0.2691,,247218485.0
1753505601788,04:53:21.788,xt,ALGO/USDT:USDT,,,,,0.2691,,247224118.0
1753505604870,04:53:24.870,xt,ALGO/USDT:USDT,,,,,0.2691,,247224166.0
1753505607849,04:53:27.849,xt,ALGO/USDT:USDT,,,,,0.2691,,247227700.0
1753505611119,04:53:31.119,xt,ALGO/USDT:USDT,,,,,0.2691,,247227712.0
1753505614329,04:53:34.329,xt,ALGO/USDT:USDT,,,,,0.2691,,247227720.0
1753505616755,04:53:36.755,xt,ALGO/USDT:USDT,,,,,0.269,,247248520.0
1753505619785,04:53:39.785,xt,ALGO/USDT:USDT,,,,,0.269,,247269774.0
1753505622956,04:53:42.956,xt,ALGO/USDT:USDT,,,,,0.2691,,247101648.0
1753505626058,04:53:46.058,xt,ALGO/USDT:USDT,,,,,0.2691,,247118430.0
1753505628962,04:53:48.962,xt,ALGO/USDT:USDT,,,,,0.2691,,247119005.0
1753505632358,04:53:52.358,xt,ALGO/USDT:USDT,,,,,0.2691,,247119017.0
1753505634761,04:53:54.761,xt,ALGO/USDT:USDT,,,,,0.2691,,247119026.0
1753505637932,04:53:57.932,xt,ALGO/USDT:USDT,,,,,0.2691,,247247888.0
1753505641116,04:54:01.116,xt,ALGO/USDT:USDT,,,,,0.2692,,247262522.0
1753505643548,04:54:03.548,xt,ALGO/USDT:USDT,,,,,0.2692,,247262733.0
1753505646840,04:54:06.840,xt,ALGO/USDT:USDT,,,,,0.2692,,247277377.0
1753505650052,04:54:10.052,xt,ALGO/USDT:USDT,,,,,0.2692,,247277384.0
1753505653235,04:54:13.235,xt,ALGO/USDT:USDT,,,,,0.2691,,247302811.0
1753505655754,04:54:15.754,xt,ALGO/USDT:USDT,,,,,0.2691,,247302817.0
1753505659145,04:54:19.145,xt,ALGO/USDT:USDT,,,,,0.2691,,247309724.0
1753505662200,04:54:22.200,xt,ALGO/USDT:USDT,,,,,0.269,,247311269.0
1753505664792,04:54:24.792,xt,ALGO/USDT:USDT,,,,,0.269,,247348713.0
1753505668120,04:54:28.120,xt,ALGO/USDT:USDT,,,,,0.269,,247356723.0
1753505671265,04:54:31.265,xt,ALGO/USDT:USDT,,,,,0.269,,247356736.0
1753505673699,04:54:33.699,xt,ALGO/USDT:USDT,,,,,0.2691,,247358689.0
1753505677104,04:54:37.104,xt,ALGO/USDT:USDT,,,,,0.2691,,247377222.0
1753505680207,04:54:40.207,xt,ALGO/USDT:USDT,,,,,0.2691,,247377235.0
1753505682634,04:54:42.634,xt,ALGO/USDT:USDT,,,,,0.2691,,247184110.0
1753505685642,04:54:45.642,xt,ALGO/USDT:USDT,,,,,0.2691,,247184446.0
1753505688686,04:54:48.686,xt,ALGO/USDT:USDT,,,,,0.2691,,247184457.0
1753505692057,04:54:52.057,xt,ALGO/USDT:USDT,,,,,0.2691,,247184469.0
1753505695263,04:54:55.263,xt,ALGO/USDT:USDT,,,,,0.2691,,247184664.0
1753505698417,04:54:58.417,xt,ALGO/USDT:USDT,,,,,0.2691,,247184675.0
1753505700794,04:55:00.794,xt,ALGO/USDT:USDT,,,,,0.2691,,247184681.0
1753505704266,04:55:04.266,xt,ALGO/USDT:USDT,,,,,0.2691,,247184789.0
1753505707331,04:55:07.331,xt,ALGO/USDT:USDT,,,,,0.2691,,247202156.0
1753505709948,04:55:09.948,xt,ALGO/USDT:USDT,,,,,0.2691,,247202738.0
1753505712997,04:55:12.997,xt,ALGO/USDT:USDT,,,,,0.2691,,247202746.0
1753505716294,04:55:16.294,xt,ALGO/USDT:USDT,,,,,0.2691,,247202754.0
1753505718700,04:55:18.700,xt,ALGO/USDT:USDT,,,,,0.2691,,247202763.0
1753505722081,04:55:22.081,xt,ALGO/USDT:USDT,,,,,0.2691,,247202773.0
1753505724524,04:55:24.524,xt,ALGO/USDT:USDT,,,,,0.2691,,247202803.0
1753505727754,04:55:27.754,xt,ALGO/USDT:USDT,,,,,0.2692,,247228147.0
1753505730871,04:55:30.871,xt,ALGO/USDT:USDT,,,,,0.2692,,247228154.0
1753505734266,04:55:34.266,xt,ALGO/USDT:USDT,,,,,0.2692,,247228717.0
1753505736815,04:55:36.815,xt,ALGO/USDT:USDT,,,,,0.2693,,247229890.0
1753505740205,04:55:40.205,xt,ALGO/USDT:USDT,,,,,0.2692,,247229904.0
1753505743391,04:55:43.391,xt,ALGO/USDT:USDT,,,,,0.2692,,247113883.0
1753505745844,04:55:45.844,xt,ALGO/USDT:USDT,,,,,0.2692,,247114127.0
1753505748880,04:55:48.880,xt,ALGO/USDT:USDT,,,,,0.2692,,247114134.0
1753505751876,04:55:51.876,xt,ALGO/USDT:USDT,,,,,0.2692,,247114255.0
1753505754664,04:55:54.664,xt,ALGO/USDT:USDT,,,,,0.2692,,247114262.0
1753505757902,04:55:57.902,xt,ALGO/USDT:USDT,,,,,0.2692,,247114400.0
1753505761231,04:56:01.231,xt,ALGO/USDT:USDT,,,,,0.2692,,247114409.0
1753505763671,04:56:03.671,xt,ALGO/USDT:USDT,,,,,0.2692,,247114417.0
1753505766763,04:56:06.763,xt,ALGO/USDT:USDT,,,,,0.2692,,247114662.0
1753505769973,04:56:09.973,xt,ALGO/USDT:USDT,,,,,0.2692,,247114671.0
1753505773119,04:56:13.119,xt,ALGO/USDT:USDT,,,,,0.2692,,247124154.0
1753505775576,04:56:15.576,xt,ALGO/USDT:USDT,,,,,0.2692,,247124594.0
1753505778939,04:56:18.939,xt,ALGO/USDT:USDT,,,,,0.2693,,247138763.0
1753505782178,04:56:22.178,xt,ALGO/USDT:USDT,,,,,0.2694,,247140288.0
1753505784580,04:56:24.580,xt,ALGO/USDT:USDT,,,,,0.2694,,247140295.0
1753505787874,04:56:27.874,xt,ALGO/USDT:USDT,,,,,0.2694,,247143978.0
1753505790940,04:56:30.940,xt,ALGO/USDT:USDT,,,,,0.2694,,247144321.0
1753505794183,04:56:34.183,xt,ALGO/USDT:USDT,,,,,0.2693,,247144519.0
1753505796577,04:56:36.577,xt,ALGO/USDT:USDT,,,,,0.2694,,247148557.0
1753505799668,04:56:39.668,xt,ALGO/USDT:USDT,,,,,0.2694,,247148566.0
1753505802755,04:56:42.755,xt,ALGO/USDT:USDT,,,,,0.2693,,247049831.0
1753505806111,04:56:46.111,xt,ALGO/USDT:USDT,,,,,0.2693,,247049842.0
1753505809290,04:56:49.290,xt,ALGO/USDT:USDT,,,,,0.2693,,247049853.0
1753505811580,04:56:51.580,xt,ALGO/USDT:USDT,,,,,0.2693,,247049862.0
1753505814724,04:56:54.724,xt,ALGO/USDT:USDT,,,,,0.2693,,247049873.0
1753505818021,04:56:58.021,xt,ALGO/USDT:USDT,,,,,0.2693,,247049883.0
1753505821310,04:57:01.310,xt,ALGO/USDT:USDT,,,,,0.2693,,247058639.0
1753505824268,04:57:04.268,xt,ALGO/USDT:USDT,,,,,0.2693,,247064342.0
1753505826691,04:57:06.691,xt,ALGO/USDT:USDT,,,,,0.2693,,247064348.0
1753505830085,04:57:10.085,xt,ALGO/USDT:USDT,,,,,0.2693,,247179738.0
1753505833142,04:57:13.142,xt,ALGO/USDT:USDT,,,,,0.2693,,247179852.0
1753505835752,04:57:15.752,xt,ALGO/USDT:USDT,,,,,0.2693,,247179857.0
1753505839130,04:57:19.130,xt,ALGO/USDT:USDT,,,,,0.2694,,247180056.0
1753505842326,04:57:22.326,xt,ALGO/USDT:USDT,,,,,0.2694,,247180067.0
1753505845419,04:57:25.419,xt,ALGO/USDT:USDT,,,,,0.2694,,247180076.0
1753505847810,04:57:27.810,xt,ALGO/USDT:USDT,,,,,0.2694,,247185129.0
1753505851001,04:57:31.001,xt,ALGO/USDT:USDT,,,,,0.2694,,247217612.0
1753505853994,04:57:33.994,xt,ALGO/USDT:USDT,,,,,0.2694,,247217971.0
1753505857290,04:57:37.290,xt,ALGO/USDT:USDT,,,,,0.2694,,247217978.0
1753505860330,04:57:40.330,xt,ALGO/USDT:USDT,,,,,0.2694,,247222334.0
1753505862878,04:57:42.878,xt,ALGO/USDT:USDT,,,,,0.2694,,247108565.0
1753505866358,04:57:46.358,xt,ALGO/USDT:USDT,,,,,0.2694,,247108575.0
1753505868635,04:57:48.635,xt,ALGO/USDT:USDT,,,,,0.2694,,247108586.0
1753505872182,04:57:52.182,xt,ALGO/USDT:USDT,,,,,0.2694,,247108600.0
1753505874853,04:57:54.853,xt,ALGO/USDT:USDT,,,,,0.2694,,247108608.0
1753505877996,04:57:57.996,xt,ALGO/USDT:USDT,,,,,0.2694,,247108620.0
1753505881183,04:58:01.183,xt,ALGO/USDT:USDT,,,,,0.2694,,247108628.0
1753505884296,04:58:04.296,xt,ALGO/USDT:USDT,,,,,0.2694,,247108635.0
1753505886902,04:58:06.902,xt,ALGO/USDT:USDT,,,,,0.2694,,247108644.0
1753505890111,04:58:10.111,xt,ALGO/USDT:USDT,,,,,0.2693,,247109981.0
1753505893321,04:58:13.321,xt,ALGO/USDT:USDT,,,,,0.2693,,247110348.0
1753505895758,04:58:15.758,xt,ALGO/USDT:USDT,,,,,0.2693,,247110357.0
1753505898789,04:58:18.789,xt,ALGO/USDT:USDT,,,,,0.2693,,247110367.0
1753505901970,04:58:21.970,xt,ALGO/USDT:USDT,,,,,0.2693,,247110377.0
1753505905208,04:58:25.208,xt,ALGO/USDT:USDT,,,,,0.2693,,247110387.0
1753505907700,04:58:27.700,xt,ALGO/USDT:USDT,,,,,0.2693,,247110395.0
1753505910811,04:58:30.811,xt,ALGO/USDT:USDT,,,,,0.2693,,247110405.0
1753505913950,04:58:33.950,xt,ALGO/USDT:USDT,,,,,0.2694,,247111896.0
1753505916482,04:58:36.482,xt,ALGO/USDT:USDT,,,,,0.2694,,247117786.0
1753505919875,04:58:39.875,xt,ALGO/USDT:USDT,,,,,0.2694,,247117797.0
1753505923210,04:58:43.210,xt,ALGO/USDT:USDT,,,,,0.2694,,247015002.0
1753505926391,04:58:46.391,xt,ALGO/USDT:USDT,,,,,0.2694,,247015013.0
1753505928724,04:58:48.724,xt,ALGO/USDT:USDT,,,,,0.2695,,247025868.0
1753505932113,04:58:52.113,xt,ALGO/USDT:USDT,,,,,0.2695,,247025905.0
1753505934601,04:58:54.601,xt,ALGO/USDT:USDT,,,,,0.2695,,247025934.0
1753505937783,04:58:57.783,xt,ALGO/USDT:USDT,,,,,0.2696,,247046272.0
1753505940905,04:59:00.905,xt,ALGO/USDT:USDT,,,,,0.2696,,247046276.0
1753505944002,04:59:04.002,xt,ALGO/USDT:USDT,,,,,0.2696,,247046312.0
1753505946636,04:59:06.636,xt,ALGO/USDT:USDT,,,,,0.2696,,247051068.0
1753505949908,04:59:09.908,xt,ALGO/USDT:USDT,,,,,0.2696,,247053556.0
1753505953113,04:59:13.113,xt,ALGO/USDT:USDT,,,,,0.2695,,247059283.0
1753505955631,04:59:15.631,xt,ALGO/USDT:USDT,,,,,0.2693,,247108877.0
1753505958758,04:59:18.758,xt,ALGO/USDT:USDT,,,,,0.2693,,247108882.0
1753505961879,04:59:21.879,xt,ALGO/USDT:USDT,,,,,0.2694,,247108956.0
1753505965084,04:59:25.084,xt,ALGO/USDT:USDT,,,,,0.2693,,247108987.0
1753505967632,04:59:27.632,xt,ALGO/USDT:USDT,,,,,0.2693,,247108997.0
1753505971174,04:59:31.174,xt,ALGO/USDT:USDT,,,,,0.2693,,247113260.0
1753505973663,04:59:33.663,xt,ALGO/USDT:USDT,,,,,0.2693,,247113268.0
1753505976782,04:59:36.782,xt,ALGO/USDT:USDT,,,,,0.2693,,247113538.0
1753505980024,04:59:40.024,xt,ALGO/USDT:USDT,,,,,0.2693,,247113546.0
1753505983239,04:59:43.239,xt,ALGO/USDT:USDT,,,,,0.2693,,246864031.0
1753505985578,04:59:45.578,xt,ALGO/USDT:USDT,,,,,0.2694,,246865795.0
1753505988965,04:59:48.965,xt,ALGO/USDT:USDT,,,,,0.2694,,246865805.0
1753505991661,04:59:51.661,xt,ALGO/USDT:USDT,,,,,0.2694,,246867143.0
1753505994755,04:59:54.755,xt,ALGO/USDT:USDT,,,,,0.2694,,246867154.0
1753505997663,04:59:57.663,xt,ALGO/USDT:USDT,,,,,0.2694,,246867163.0
1753506001116,05:00:01.116,xt,ALGO/USDT:USDT,,,,,0.2694,,246867172.0
1753506004323,05:00:04.323,xt,ALGO/USDT:USDT,,,,,0.2694,,246867182.0
1753506006909,05:00:06.909,xt,ALGO/USDT:USDT,,,,,0.2694,,246867189.0
1753506010113,05:00:10.113,xt,ALGO/USDT:USDT,,,,,0.2694,,246867771.0
1753506012499,05:00:12.499,xt,ALGO/USDT:USDT,,,,,0.2694,,246868521.0
1753506015752,05:00:15.752,xt,ALGO/USDT:USDT,,,,,0.2693,,246869079.0
1753506019112,05:00:19.112,xt,ALGO/USDT:USDT,,,,,0.2693,,246888683.0
1753506021816,05:00:21.816,xt,ALGO/USDT:USDT,,,,,0.2692,,246888929.0
1753506025145,05:00:25.145,xt,ALGO/USDT:USDT,,,,,0.2694,,246894434.0
1753506027632,05:00:27.632,xt,ALGO/USDT:USDT,,,,,0.2694,,246894439.0
1753506031052,05:00:31.052,xt,ALGO/USDT:USDT,,,,,0.2694,,246894656.0
1753506034198,05:00:34.198,xt,ALGO/USDT:USDT,,,,,0.2694,,246894663.0
1753506036817,05:00:36.817,xt,ALGO/USDT:USDT,,,,,0.2693,,246911706.0
1753506039996,05:00:39.996,xt,ALGO/USDT:USDT,,,,,0.2693,,246911718.0
1753506043208,05:00:43.208,xt,ALGO/USDT:USDT,,,,,0.2693,,246617802.0
1753506046238,05:00:46.238,xt,ALGO/USDT:USDT,,,,,0.2693,,246617812.0
1753506048608,05:00:48.608,xt,ALGO/USDT:USDT,,,,,0.2692,,246617883.0
1753506051904,05:00:51.904,xt,ALGO/USDT:USDT,,,,,0.2693,,246618177.0
1753506054875,05:00:54.875,xt,ALGO/USDT:USDT,,,,,0.2692,,246618296.0
1753506058086,05:00:58.086,xt,ALGO/USDT:USDT,,,,,0.2693,,246619966.0
1753506061295,05:01:01.295,xt,ALGO/USDT:USDT,,,,,0.2693,,246619974.0
1753506063720,05:01:03.720,xt,ALGO/USDT:USDT,,,,,0.2691,,246741557.0
1753506067026,05:01:07.026,xt,ALGO/USDT:USDT,,,,,0.2691,,246741569.0
1753506070181,05:01:10.181,xt,ALGO/USDT:USDT,,,,,0.2691,,246741573.0
1753506073384,05:01:13.384,xt,ALGO/USDT:USDT,,,,,0.2689,,246777107.0
1753506075786,05:01:15.786,xt,ALGO/USDT:USDT,,,,,0.2689,,246777117.0
1753506078990,05:01:18.990,xt,ALGO/USDT:USDT,,,,,0.2689,,246781576.0
1753506082241,05:01:22.241,xt,ALGO/USDT:USDT,,,,,0.2688,,246781675.0
1753506084604,05:01:24.604,xt,ALGO/USDT:USDT,,,,,0.2688,,246793445.0
1753506087786,05:01:27.786,xt,ALGO/USDT:USDT,,,,,0.269,,246885029.0
1753506090936,05:01:30.936,xt,ALGO/USDT:USDT,,,,,0.2689,,246885160.0
1753506094269,05:01:34.269,xt,ALGO/USDT:USDT,,,,,0.2689,,246885171.0
1753506096817,05:01:36.817,xt,ALGO/USDT:USDT,,,,,0.2689,,246885179.0
1753506099817,05:01:39.817,xt,ALGO/USDT:USDT,,,,,0.2689,,246885187.0
1753506102942,05:01:42.942,xt,ALGO/USDT:USDT,,,,,0.2689,,246634662.0
1753506106238,05:01:46.238,xt,ALGO/USDT:USDT,,,,,0.2689,,246634671.0
1753506108792,05:01:48.792,xt,ALGO/USDT:USDT,,,,,0.2689,,246634716.0
1753506111968,05:01:51.968,xt,ALGO/USDT:USDT,,,,,0.2688,,246693788.0
1753506115361,05:01:55.361,xt,ALGO/USDT:USDT,,,,,0.2688,,246694873.0
1753506117881,05:01:57.881,xt,ALGO/USDT:USDT,,,,,0.2688,,246694883.0
1753506120965,05:02:00.965,xt,ALGO/USDT:USDT,,,,,0.2689,,246695326.0
1753506124144,05:02:04.144,xt,ALGO/USDT:USDT,,,,,0.2688,,246699479.0
1753506127322,05:02:07.322,xt,ALGO/USDT:USDT,,,,,0.2687,,246699531.0
1753506129606,05:02:09.606,xt,ALGO/USDT:USDT,,,,,0.2687,,246699574.0
1753506132874,05:02:12.874,xt,ALGO/USDT:USDT,,,,,0.2687,,246699587.0
1753506136085,05:02:16.085,xt,ALGO/USDT:USDT,,,,,0.2687,,246699603.0
1753506138690,05:02:18.690,xt,ALGO/USDT:USDT,,,,,0.2687,,246699612.0
1753506142089,05:02:22.089,xt,ALGO/USDT:USDT,,,,,0.2687,,246699623.0
1753506144604,05:02:24.604,xt,ALGO/USDT:USDT,,,,,0.2687,,246699629.0
1753506147721,05:02:27.721,xt,ALGO/USDT:USDT,,,,,0.2687,,246699641.0
1753506150788,05:02:30.788,xt,ALGO/USDT:USDT,,,,,0.2687,,246699653.0
1753506153935,05:02:33.935,xt,ALGO/USDT:USDT,,,,,0.2687,,246699666.0
1753506157152,05:02:37.152,xt,ALGO/USDT:USDT,,,,,0.2688,,246702777.0
1753506160398,05:02:40.398,xt,ALGO/USDT:USDT,,,,,0.2687,,246703575.0
1753506162998,05:02:42.998,xt,ALGO/USDT:USDT,,,,,0.2687,,246239272.0
1753506166211,05:02:46.211,xt,ALGO/USDT:USDT,,,,,0.2687,,246239282.0
1753506168781,05:02:48.781,xt,ALGO/USDT:USDT,,,,,0.2687,,246239407.0
1753506172115,05:02:52.115,xt,ALGO/USDT:USDT,,,,,0.2687,,246240009.0
1753506175151,05:02:55.151,xt,ALGO/USDT:USDT,,,,,0.2687,,246240018.0
1753506178360,05:02:58.360,xt,ALGO/USDT:USDT,,,,,0.2687,,246251896.0
1753506180758,05:03:00.758,xt,ALGO/USDT:USDT,,,,,0.2687,,246251927.0
1753506183881,05:03:03.881,xt,ALGO/USDT:USDT,,,,,0.2687,,246251935.0
1753506187266,05:03:07.266,xt,ALGO/USDT:USDT,,,,,0.2687,,246251944.0
1753506190451,05:03:10.451,xt,ALGO/USDT:USDT,,,,,0.2687,,246256953.0
1753506192786,05:03:12.786,xt,ALGO/USDT:USDT,,,,,0.2687,,246256960.0
1753506196193,05:03:16.193,xt,ALGO/USDT:USDT,,,,,0.2687,,246274204.0
1753506199325,05:03:19.325,xt,ALGO/USDT:USDT,,,,,0.2687,,246274231.0
1753506201868,05:03:21.868,xt,ALGO/USDT:USDT,,,,,0.2687,,246279024.0
1753506205363,05:03:25.363,xt,ALGO/USDT:USDT,,,,,0.2687,,246279144.0
1753506207816,05:03:27.816,xt,ALGO/USDT:USDT,,,,,0.2687,,246279178.0
1753506210998,05:03:30.998,xt,ALGO/USDT:USDT,,,,,0.2687,,246279191.0
1753506214177,05:03:34.177,xt,ALGO/USDT:USDT,,,,,0.2687,,246279406.0
1753506217259,05:03:37.259,xt,ALGO/USDT:USDT,,,,,0.2688,,246279471.0
1753506219725,05:03:39.725,xt,ALGO/USDT:USDT,,,,,0.2688,,246279480.0
1753506222931,05:03:42.931,xt,ALGO/USDT:USDT,,,,,0.2688,,246159571.0
1753506226291,05:03:46.291,xt,ALGO/USDT:USDT,,,,,0.2688,,246159582.0
1753506228751,05:03:48.751,xt,ALGO/USDT:USDT,,,,,0.2688,,246160363.0
1753506231819,05:03:51.819,xt,ALGO/USDT:USDT,,,,,0.2687,,246166135.0
1753506235229,05:03:55.229,xt,ALGO/USDT:USDT,,,,,0.2687,,246166145.0
1753506237817,05:03:57.817,xt,ALGO/USDT:USDT,,,,,0.2686,,246167546.0
1753506241234,05:04:01.234,xt,ALGO/USDT:USDT,,,,,0.2686,,246171903.0
1753506243663,05:04:03.663,xt,ALGO/USDT:USDT,,,,,0.2686,,246171913.0
1753506246969,05:04:06.969,xt,ALGO/USDT:USDT,,,,,0.2686,,246171918.0
1753506250234,05:04:10.234,xt,ALGO/USDT:USDT,,,,,0.2686,,246175945.0
1753506252760,05:04:12.760,xt,ALGO/USDT:USDT,,,,,0.2686,,246175956.0
1753506256274,05:04:16.274,xt,ALGO/USDT:USDT,,,,,0.2687,,246181426.0
1753506258699,05:04:18.699,xt,ALGO/USDT:USDT,,,,,0.2687,,246188126.0
1753506262154,05:04:22.154,xt,ALGO/USDT:USDT,,,,,0.2687,,246188132.0
1753506265176,05:04:25.176,xt,ALGO/USDT:USDT,,,,,0.2687,,246188144.0
1753506267694,05:04:27.694,xt,ALGO/USDT:USDT,,,,,0.2687,,246188148.0
1753506271002,05:04:31.002,xt,ALGO/USDT:USDT,,,,,0.2687,,246194505.0
1753506274359,05:04:34.359,xt,ALGO/USDT:USDT,,,,,0.2687,,246208561.0
1753506276821,05:04:36.821,xt,ALGO/USDT:USDT,,,,,0.2687,,246208570.0
1753506280027,05:04:40.027,xt,ALGO/USDT:USDT,,,,,0.2687,,246208579.0
1753506283200,05:04:43.200,xt,ALGO/USDT:USDT,,,,,0.2687,,246160351.0
1753506285634,05:04:45.634,xt,ALGO/USDT:USDT,,,,,0.2687,,246160360.0
1753506288811,05:04:48.811,xt,ALGO/USDT:USDT,,,,,0.2687,,246223387.0
1753506292115,05:04:52.115,xt,ALGO/USDT:USDT,,,,,0.2685,,246224780.0
1753506294487,05:04:54.487,xt,ALGO/USDT:USDT,,,,,0.2685,,246224790.0
1753506297726,05:04:57.726,xt,ALGO/USDT:USDT,,,,,0.2685,,246224798.0
1753506300998,05:05:00.998,xt,ALGO/USDT:USDT,,,,,0.2686,,246226670.0
1753506304297,05:05:04.297,xt,ALGO/USDT:USDT,,,,,0.2686,,246226681.0
1753506306637,05:05:06.637,xt,ALGO/USDT:USDT,,,,,0.2686,,246226691.0
1753506309940,05:05:09.940,xt,ALGO/USDT:USDT,,,,,0.2686,,246226733.0
1753506313204,05:05:13.204,xt,ALGO/USDT:USDT,,,,,0.2686,,246228989.0
1753506316421,05:05:16.421,xt,ALGO/USDT:USDT,,,,,0.2687,,246231779.0
1753506318880,05:05:18.880,xt,ALGO/USDT:USDT,,,,,0.2686,,246244883.0
1753506322083,05:05:22.083,xt,ALGO/USDT:USDT,,,,,0.2686,,246244895.0
1753506325274,05:05:25.274,xt,ALGO/USDT:USDT,,,,,0.2687,,246246302.0
1753506327631,05:05:27.631,xt,ALGO/USDT:USDT,,,,,0.2687,,246246312.0
1753506330964,05:05:30.964,xt,ALGO/USDT:USDT,,,,,0.2687,,246246322.0
1753506334201,05:05:34.201,xt,ALGO/USDT:USDT,,,,,0.2687,,246246334.0
1753506336617,05:05:36.617,xt,ALGO/USDT:USDT,,,,,0.2688,,246247981.0
1753506339819,05:05:39.819,xt,ALGO/USDT:USDT,,,,,0.2687,,246248038.0
1753506342982,05:05:42.982,xt,ALGO/USDT:USDT,,,,,0.2687,,246129344.0
1753506346115,05:05:46.115,xt,ALGO/USDT:USDT,,,,,0.2687,,246129402.0
