timestamp,time,exchange,symbol,bid,bidVolume,ask,askVolume,lastPrice,baseVolume,quoteVolume
1753504792369,04:39:52.369,xt,ADA/USDT:USDT,,,,,0.827,,36085676.0
1753504795633,04:39:55.633,xt,ADA/USDT:USDT,,,,,0.827,,36086042.0
1753504798848,04:39:58.848,xt,ADA/USDT:USDT,,,,,0.8269,,36086062.0
1753504801993,04:40:01.993,xt,ADA/USDT:USDT,,,,,0.827,,36061689.0
1753504804454,04:40:04.454,xt,ADA/USDT:USDT,,,,,0.8269,,36061727.0
1753504807815,04:40:07.815,xt,ADA/USDT:USDT,,,,,0.8268,,36061915.0
1753504810338,04:40:10.338,xt,ADA/USDT:USDT,,,,,0.8268,,36061997.0
1753504813633,04:40:13.633,xt,ADA/USDT:USDT,,,,,0.8269,,36062247.0
1753504816457,04:40:16.457,xt,ADA/USDT:USDT,,,,,0.827,,36062888.0
1753504819635,04:40:19.635,xt,ADA/USDT:USDT,,,,,0.8271,,36062984.0
1753504822932,04:40:22.932,xt,ADA/USDT:USDT,,,,,0.8272,,36063012.0
1753504825459,04:40:25.459,xt,ADA/USDT:USDT,,,,,0.827,,36063828.0
1753504828758,04:40:28.758,xt,ADA/USDT:USDT,,,,,0.8269,,36063880.0
1753504832001,04:40:32.001,xt,ADA/USDT:USDT,,,,,0.8268,,36063910.0
1753504834452,04:40:34.452,xt,ADA/USDT:USDT,,,,,0.8268,,36064888.0
1753504837603,04:40:37.603,xt,ADA/USDT:USDT,,,,,0.8268,,36064922.0
1753504840731,04:40:40.731,xt,ADA/USDT:USDT,,,,,0.8264,,36069885.0
1753504842915,04:40:42.915,xt,ADA/USDT:USDT,,,,,0.8264,,36069886.0
1753504846425,04:40:46.425,xt,ADA/USDT:USDT,,,,,0.8263,,36070316.0
1753504849778,04:40:49.778,xt,ADA/USDT:USDT,,,,,0.8262,,36071078.0
1753504852305,04:40:52.305,xt,ADA/USDT:USDT,,,,,0.8262,,36071087.0
1753504855304,04:40:55.304,xt,ADA/USDT:USDT,,,,,0.8263,,36071099.0
1753504858397,04:40:58.397,xt,ADA/USDT:USDT,,,,,0.8262,,36071104.0
1753504861850,04:41:01.850,xt,ADA/USDT:USDT,,,,,0.8262,,36030381.0
1753504864247,04:41:04.247,xt,ADA/USDT:USDT,,,,,0.8262,,36030388.0
1753504867426,04:41:07.426,xt,ADA/USDT:USDT,,,,,0.8263,,36031814.0
1753504870702,04:41:10.702,xt,ADA/USDT:USDT,,,,,0.8263,,36032673.0
1753504873906,04:41:13.906,xt,ADA/USDT:USDT,,,,,0.8262,,36032679.0
1753504876324,04:41:16.324,xt,ADA/USDT:USDT,,,,,0.8262,,36032845.0
1753504879671,04:41:19.671,xt,ADA/USDT:USDT,,,,,0.8262,,36032941.0
1753504882852,04:41:22.852,xt,ADA/USDT:USDT,,,,,0.8263,,36032969.0
1753504885967,04:41:25.967,xt,ADA/USDT:USDT,,,,,0.8263,,36033018.0
1753504888634,04:41:28.634,xt,ADA/USDT:USDT,,,,,0.8262,,36033253.0
1753504891604,04:41:31.604,xt,ADA/USDT:USDT,,,,,0.8263,,36033403.0
1753504894761,04:41:34.761,xt,ADA/USDT:USDT,,,,,0.8263,,36033417.0
1753504897946,04:41:37.946,xt,ADA/USDT:USDT,,,,,0.8262,,36033509.0
1753504900425,04:41:40.425,xt,ADA/USDT:USDT,,,,,0.8262,,36034335.0
1753504903688,04:41:43.688,xt,ADA/USDT:USDT,,,,,0.8263,,36034395.0
1753504906780,04:41:46.780,xt,ADA/USDT:USDT,,,,,0.8263,,36034491.0
1753504909185,04:41:49.185,xt,ADA/USDT:USDT,,,,,0.8263,,36034527.0
1753504912564,04:41:52.564,xt,ADA/USDT:USDT,,,,,0.8263,,36034641.0
1753504915987,04:41:55.987,xt,ADA/USDT:USDT,,,,,0.8262,,36034659.0
1753504918251,04:41:58.251,xt,ADA/USDT:USDT,,,,,0.8262,,36034669.0
1753504921514,04:42:01.514,xt,ADA/USDT:USDT,,,,,0.8263,,35995969.0
1753504924833,04:42:04.833,xt,ADA/USDT:USDT,,,,,0.8264,,35997979.0
1753504928060,04:42:08.060,xt,ADA/USDT:USDT,,,,,0.8267,,35999276.0
1753504930701,04:42:10.701,xt,ADA/USDT:USDT,,,,,0.8266,,35999780.0
1753504933187,04:42:13.187,xt,ADA/USDT:USDT,,,,,0.8268,,36000390.0
1753504936574,04:42:16.574,xt,ADA/USDT:USDT,,,,,0.8267,,36000581.0
1753504939579,04:42:19.579,xt,ADA/USDT:USDT,,,,,0.8268,,36000594.0
1753504942728,04:42:22.728,xt,ADA/USDT:USDT,,,,,0.8269,,36000652.0
1753504945154,04:42:25.154,xt,ADA/USDT:USDT,,,,,0.8269,,36000660.0
1753504948514,04:42:28.514,xt,ADA/USDT:USDT,,,,,0.8269,,36000667.0
1753504951877,04:42:31.877,xt,ADA/USDT:USDT,,,,,0.8268,,36000674.0
1753504954402,04:42:34.402,xt,ADA/USDT:USDT,,,,,0.8269,,36000689.0
1753504957760,04:42:37.760,xt,ADA/USDT:USDT,,,,,0.8268,,36001444.0
1753504960752,04:42:40.752,xt,ADA/USDT:USDT,,,,,0.8266,,36002567.0
1753504963214,04:42:43.214,xt,ADA/USDT:USDT,,,,,0.8267,,36002577.0
1753504966630,04:42:46.630,xt,ADA/USDT:USDT,,,,,0.8267,,36002638.0
1753504969948,04:42:49.948,xt,ADA/USDT:USDT,,,,,0.8268,,36002702.0
1753504972152,04:42:52.152,xt,ADA/USDT:USDT,,,,,0.827,,36003170.0
1753504975962,04:42:55.962,xt,ADA/USDT:USDT,,,,,0.8269,,36003332.0
1753504978571,04:42:58.571,xt,ADA/USDT:USDT,,,,,0.8268,,36003377.0
1753504981192,04:43:01.192,xt,ADA/USDT:USDT,,,,,0.8268,,35970977.0
1753504984563,04:43:04.563,xt,ADA/USDT:USDT,,,,,0.8268,,35971315.0
1753504987846,04:43:07.846,xt,ADA/USDT:USDT,,,,,0.8267,,35971539.0
1753504990339,04:43:10.339,xt,ADA/USDT:USDT,,,,,0.8267,,35971594.0
1753504993399,04:43:13.399,xt,ADA/USDT:USDT,,,,,0.8267,,35971602.0
1753504996671,04:43:16.671,xt,ADA/USDT:USDT,,,,,0.8267,,35971617.0
1753504999877,04:43:19.877,xt,ADA/USDT:USDT,,,,,0.827,,35971856.0
1753505002424,04:43:22.424,xt,ADA/USDT:USDT,,,,,0.8269,,35971934.0
1753505005393,04:43:25.393,xt,ADA/USDT:USDT,,,,,0.8268,,35972793.0
1753505008487,04:43:28.487,xt,ADA/USDT:USDT,,,,,0.8269,,35972979.0
1753505011733,04:43:31.733,xt,ADA/USDT:USDT,,,,,0.8269,,35973304.0
1753505014277,04:43:34.277,xt,ADA/USDT:USDT,,,,,0.8269,,35974514.0
1753505017663,04:43:37.663,xt,ADA/USDT:USDT,,,,,0.8269,,35974578.0
1753505020938,04:43:40.938,xt,ADA/USDT:USDT,,,,,0.8267,,35974635.0
1753505023489,04:43:43.489,xt,ADA/USDT:USDT,,,,,0.8267,,35974645.0
1753505026604,04:43:46.604,xt,ADA/USDT:USDT,,,,,0.8268,,35974908.0
1753505029636,04:43:49.636,xt,ADA/USDT:USDT,,,,,0.8267,,35974944.0
1753505032906,04:43:52.906,xt,ADA/USDT:USDT,,,,,0.8267,,35974977.0
1753505035995,04:43:55.995,xt,ADA/USDT:USDT,,,,,0.8267,,35975175.0
1753505038341,04:43:58.341,xt,ADA/USDT:USDT,,,,,0.8267,,35975216.0
1753505041571,04:44:01.571,xt,ADA/USDT:USDT,,,,,0.8268,,35921018.0
1753505044754,04:44:04.754,xt,ADA/USDT:USDT,,,,,0.8267,,35921029.0
1753505047897,04:44:07.897,xt,ADA/USDT:USDT,,,,,0.8266,,35921445.0
1753505050376,04:44:10.376,xt,ADA/USDT:USDT,,,,,0.8265,,35921483.0
1753505053782,04:44:13.782,xt,ADA/USDT:USDT,,,,,0.8266,,35922113.0
1753505056807,04:44:16.807,xt,ADA/USDT:USDT,,,,,0.8267,,35923176.0
1753505059365,04:44:19.365,xt,ADA/USDT:USDT,,,,,0.8265,,35923449.0
1753505062575,04:44:22.575,xt,ADA/USDT:USDT,,,,,0.8266,,35923505.0
1753505065908,04:44:25.908,xt,ADA/USDT:USDT,,,,,0.8265,,35923513.0
1753505069025,04:44:29.025,xt,ADA/USDT:USDT,,,,,0.8265,,35923695.0
1753505071571,04:44:31.571,xt,ADA/USDT:USDT,,,,,0.8265,,35923712.0
1753505074992,04:44:34.992,xt,ADA/USDT:USDT,,,,,0.8265,,35923725.0
1753505077516,04:44:37.516,xt,ADA/USDT:USDT,,,,,0.8265,,35923748.0
1753505080698,04:44:40.698,xt,ADA/USDT:USDT,,,,,0.8266,,35923769.0
1753505083935,04:44:43.935,xt,ADA/USDT:USDT,,,,,0.8265,,35923876.0
1753505086243,04:44:46.243,xt,ADA/USDT:USDT,,,,,0.8266,,35923899.0
1753505089460,04:44:49.460,xt,ADA/USDT:USDT,,,,,0.8266,,35923933.0
1753505092666,04:44:52.666,xt,ADA/USDT:USDT,,,,,0.8265,,35924064.0
1753505096002,04:44:56.002,xt,ADA/USDT:USDT,,,,,0.8266,,35924701.0
1753505099022,04:44:59.022,xt,ADA/USDT:USDT,,,,,0.8266,,35924859.0
1753505101345,04:45:01.345,xt,ADA/USDT:USDT,,,,,0.8265,,35903511.0
1753505104601,04:45:04.601,xt,ADA/USDT:USDT,,,,,0.8264,,35903700.0
1753505107154,04:45:07.154,xt,ADA/USDT:USDT,,,,,0.8264,,35903976.0
1753505110619,04:45:10.619,xt,ADA/USDT:USDT,,,,,0.8263,,35904009.0
1753505113696,04:45:13.696,xt,ADA/USDT:USDT,,,,,0.8262,,35904889.0
1753505116793,04:45:16.793,xt,ADA/USDT:USDT,,,,,0.8263,,35905334.0
1753505119249,04:45:19.249,xt,ADA/USDT:USDT,,,,,0.8264,,35905365.0
1753505122363,04:45:22.363,xt,ADA/USDT:USDT,,,,,0.8264,,35905379.0
1753505125436,04:45:25.436,xt,ADA/USDT:USDT,,,,,0.8262,,35906377.0
1753505128679,04:45:28.679,xt,ADA/USDT:USDT,,,,,0.8261,,35906792.0
1753505131342,04:45:31.342,xt,ADA/USDT:USDT,,,,,0.8263,,35908432.0
1753505134499,04:45:34.499,xt,ADA/USDT:USDT,,,,,0.8262,,35908808.0
1753505137902,04:45:37.902,xt,ADA/USDT:USDT,,,,,0.8261,,35909453.0
1753505140367,04:45:40.367,xt,ADA/USDT:USDT,,,,,0.826,,35909519.0
1753505143609,04:45:43.609,xt,ADA/USDT:USDT,,,,,0.826,,35910261.0
1753505146367,04:45:46.367,xt,ADA/USDT:USDT,,,,,0.8262,,35912005.0
1753505149723,04:45:49.723,xt,ADA/USDT:USDT,,,,,0.8262,,35912140.0
1753505152817,04:45:52.817,xt,ADA/USDT:USDT,,,,,0.8261,,35912228.0
1753505155804,04:45:55.804,xt,ADA/USDT:USDT,,,,,0.8262,,35912240.0
1753505158964,04:45:58.964,xt,ADA/USDT:USDT,,,,,0.8262,,35886909.0
1753505161763,04:46:01.763,xt,ADA/USDT:USDT,,,,,0.8262,,35886916.0
1753505164968,04:46:04.968,xt,ADA/USDT:USDT,,,,,0.8261,,35887017.0
1753505167428,04:46:07.428,xt,ADA/USDT:USDT,,,,,0.8261,,35887023.0
1753505170632,04:46:10.632,xt,ADA/USDT:USDT,,,,,0.8261,,35887066.0
1753505173276,04:46:13.276,xt,ADA/USDT:USDT,,,,,0.8261,,35887100.0
1753505176331,04:46:16.331,xt,ADA/USDT:USDT,,,,,0.8261,,35887136.0
1753505179628,04:46:19.628,xt,ADA/USDT:USDT,,,,,0.8262,,35887173.0
1753505182758,04:46:22.758,xt,ADA/USDT:USDT,,,,,0.8261,,35887404.0
1753505185219,04:46:25.219,xt,ADA/USDT:USDT,,,,,0.8262,,35888004.0
1753505188587,04:46:28.587,xt,ADA/USDT:USDT,,,,,0.8262,,35888011.0
1753505191730,04:46:31.730,xt,ADA/USDT:USDT,,,,,0.8262,,35888029.0
1753505194391,04:46:34.391,xt,ADA/USDT:USDT,,,,,0.8263,,35888120.0
1753505197368,04:46:37.368,xt,ADA/USDT:USDT,,,,,0.826,,35888592.0
1753505200426,04:46:40.426,xt,ADA/USDT:USDT,,,,,0.8261,,35888758.0
1753505203815,04:46:43.815,xt,ADA/USDT:USDT,,,,,0.8261,,35889262.0
1753505206889,04:46:46.889,xt,ADA/USDT:USDT,,,,,0.8262,,35889532.0
1753505209395,04:46:49.395,xt,ADA/USDT:USDT,,,,,0.8261,,35889558.0
1753505212801,04:46:52.801,xt,ADA/USDT:USDT,,,,,0.8262,,35889619.0
1753505215246,04:46:55.246,xt,ADA/USDT:USDT,,,,,0.8261,,35889826.0
1753505218640,04:46:58.640,xt,ADA/USDT:USDT,,,,,0.826,,35889837.0
1753505221865,04:47:01.865,xt,ADA/USDT:USDT,,,,,0.8261,,35850398.0
1753505224308,04:47:04.308,xt,ADA/USDT:USDT,,,,,0.826,,35850416.0
1753505227638,04:47:07.638,xt,ADA/USDT:USDT,,,,,0.8261,,35850431.0
1753505230908,04:47:10.908,xt,ADA/USDT:USDT,,,,,0.8261,,35850441.0
1753505233186,04:47:13.186,xt,ADA/USDT:USDT,,,,,0.8258,,35854749.0
1753505236512,04:47:16.512,xt,ADA/USDT:USDT,,,,,0.8256,,35854795.0
1753505239731,04:47:19.731,xt,ADA/USDT:USDT,,,,,0.8255,,35855124.0
1753505242996,04:47:22.996,xt,ADA/USDT:USDT,,,,,0.8255,,35855160.0
1753505245310,04:47:25.310,xt,ADA/USDT:USDT,,,,,0.8256,,35855568.0
1753505248370,04:47:28.370,xt,ADA/USDT:USDT,,,,,0.8256,,35855627.0
1753505251696,04:47:31.696,xt,ADA/USDT:USDT,,,,,0.8256,,35855820.0
1753505254838,04:47:34.838,xt,ADA/USDT:USDT,,,,,0.8256,,35855842.0
1753505257906,04:47:37.906,xt,ADA/USDT:USDT,,,,,0.8255,,35856390.0
1753505261035,04:47:41.035,xt,ADA/USDT:USDT,,,,,0.8255,,35856473.0
1753505263457,04:47:43.457,xt,ADA/USDT:USDT,,,,,0.8258,,35857520.0
1753505266615,04:47:46.615,xt,ADA/USDT:USDT,,,,,0.8255,,35857613.0
1753505269791,04:47:49.791,xt,ADA/USDT:USDT,,,,,0.8255,,35857623.0
