timestamp,time,exchange,symbol,bid,bidVolume,ask,askVolume,lastPrice,baseVolume,quoteVolume
1753504792899,04:39:52.899,xt,AAVE/USDT:USDT,,,,,297.43,,1643590.0
1753504795248,04:39:55.248,xt,AAVE/USDT:USDT,,,,,297.41,,1643599.0
1753504798468,04:39:58.468,xt,AAVE/USDT:USDT,,,,,297.44,,1643614.0
1753504801797,04:40:01.797,xt,AAVE/USDT:USDT,,,,,297.44,,1643627.0
1753504804970,04:40:04.970,xt,AAVE/USDT:USDT,,,,,297.45,,1643636.0
1753504807458,04:40:07.458,xt,AAVE/USDT:USDT,,,,,297.44,,1643643.0
1753504810701,04:40:10.701,xt,AAVE/USDT:USDT,,,,,297.44,,1643652.0
1753504814008,04:40:14.008,xt,AAVE/USDT:USDT,,,,,297.44,,1643659.0
1753504816561,04:40:16.561,xt,AAVE/USDT:USDT,,,,,297.53,,1643779.0
1753504819762,04:40:19.762,xt,AAVE/USDT:USDT,,,,,297.53,,1643790.0
1753504822887,04:40:22.887,xt,AAVE/USDT:USDT,,,,,297.57,,1643813.0
1753504825943,04:40:25.943,xt,AAVE/USDT:USDT,,,,,297.54,,1643843.0
1753504828999,04:40:28.999,xt,AAVE/USDT:USDT,,,,,297.51,,1641810.0
1753504831435,04:40:31.435,xt,AAVE/USDT:USDT,,,,,297.51,,1641817.0
1753504834796,04:40:34.796,xt,AAVE/USDT:USDT,,,,,297.51,,1641862.0
1753504837980,04:40:37.980,xt,AAVE/USDT:USDT,,,,,297.53,,1641877.0
1753504840380,04:40:40.380,xt,AAVE/USDT:USDT,,,,,297.36,,1641941.0
1753504843494,04:40:43.494,xt,AAVE/USDT:USDT,,,,,297.41,,1641956.0
1753504846644,04:40:46.644,xt,AAVE/USDT:USDT,,,,,297.44,,1641969.0
1753504849614,04:40:49.614,xt,AAVE/USDT:USDT,,,,,297.49,,1642032.0
1753504853058,04:40:53.058,xt,AAVE/USDT:USDT,,,,,297.49,,1642038.0
1753504855732,04:40:55.732,xt,AAVE/USDT:USDT,,,,,297.54,,1642048.0
1753504859031,04:40:59.031,xt,AAVE/USDT:USDT,,,,,297.54,,1642057.0
1753504861530,04:41:01.530,xt,AAVE/USDT:USDT,,,,,297.55,,1642067.0
1753504864668,04:41:04.668,xt,AAVE/USDT:USDT,,,,,297.6,,1642104.0
1753504867972,04:41:07.972,xt,AAVE/USDT:USDT,,,,,297.65,,1642115.0
1753504870439,04:41:10.439,xt,AAVE/USDT:USDT,,,,,297.65,,1642124.0
1753504873466,04:41:13.466,xt,AAVE/USDT:USDT,,,,,297.65,,1642134.0
1753504876549,04:41:16.549,xt,AAVE/USDT:USDT,,,,,297.65,,1642145.0
1753504879677,04:41:19.677,xt,AAVE/USDT:USDT,,,,,297.65,,1642153.0
1753504882861,04:41:22.861,xt,AAVE/USDT:USDT,,,,,297.65,,1642164.0
1753504885999,04:41:25.999,xt,AAVE/USDT:USDT,,,,,297.68,,1642180.0
1753504888610,04:41:28.610,xt,AAVE/USDT:USDT,,,,,297.68,,1640338.0
1753504891537,04:41:31.537,xt,AAVE/USDT:USDT,,,,,297.68,,1640351.0
1753504894797,04:41:34.797,xt,AAVE/USDT:USDT,,,,,297.76,,1640377.0
1753504898092,04:41:38.092,xt,AAVE/USDT:USDT,,,,,297.76,,1640386.0
1753504900465,04:41:40.465,xt,AAVE/USDT:USDT,,,,,297.78,,1640395.0
1753504904063,04:41:44.063,xt,AAVE/USDT:USDT,,,,,297.79,,1640404.0
1753504906278,04:41:46.278,xt,AAVE/USDT:USDT,,,,,297.79,,1640409.0
1753504909680,04:41:49.680,xt,AAVE/USDT:USDT,,,,,297.8,,1640417.0
1753504912198,04:41:52.198,xt,AAVE/USDT:USDT,,,,,297.8,,1640424.0
1753504915379,04:41:55.379,xt,AAVE/USDT:USDT,,,,,297.8,,1640433.0
1753504918616,04:41:58.616,xt,AAVE/USDT:USDT,,,,,297.81,,1640439.0
1753504921831,04:42:01.831,xt,AAVE/USDT:USDT,,,,,297.82,,1640461.0
1753504924315,04:42:04.315,xt,AAVE/USDT:USDT,,,,,297.87,,1640475.0
1753504927699,04:42:07.699,xt,AAVE/USDT:USDT,,,,,297.88,,1640933.0
1753504930856,04:42:10.856,xt,AAVE/USDT:USDT,,,,,297.88,,1640941.0
1753504933767,04:42:13.767,xt,AAVE/USDT:USDT,,,,,297.92,,1640965.0
1753504937064,04:42:17.064,xt,AAVE/USDT:USDT,,,,,297.94,,1640992.0
1753504939399,04:42:19.399,xt,AAVE/USDT:USDT,,,,,297.93,,1640996.0
1753504942763,04:42:22.763,xt,AAVE/USDT:USDT,,,,,297.94,,1641118.0
1753504946092,04:42:26.092,xt,AAVE/USDT:USDT,,,,,297.92,,1641132.0
1753504948341,04:42:28.341,xt,AAVE/USDT:USDT,,,,,297.93,,1639840.0
1753504951682,04:42:31.682,xt,AAVE/USDT:USDT,,,,,297.91,,1639888.0
1753504955127,04:42:35.127,xt,AAVE/USDT:USDT,,,,,297.91,,1639900.0
1753504957500,04:42:37.500,xt,AAVE/USDT:USDT,,,,,297.91,,1639904.0
1753504960849,04:42:40.849,xt,AAVE/USDT:USDT,,,,,297.87,,1639936.0
1753504963914,04:42:43.914,xt,AAVE/USDT:USDT,,,,,297.87,,1639941.0
1753504967068,04:42:47.068,xt,AAVE/USDT:USDT,,,,,297.85,,1639968.0
1753504969547,04:42:49.547,xt,AAVE/USDT:USDT,,,,,297.85,,1639975.0
1753504972691,04:42:52.691,xt,AAVE/USDT:USDT,,,,,297.87,,1640025.0
1753504975884,04:42:55.884,xt,AAVE/USDT:USDT,,,,,297.91,,1640030.0
1753504978230,04:42:58.230,xt,AAVE/USDT:USDT,,,,,297.91,,1640040.0
1753504981592,04:43:01.592,xt,AAVE/USDT:USDT,,,,,297.9,,1640052.0
1753504984879,04:43:04.879,xt,AAVE/USDT:USDT,,,,,297.9,,1640074.0
1753504987405,04:43:07.405,xt,AAVE/USDT:USDT,,,,,297.88,,1640084.0
1753504990522,04:43:10.522,xt,AAVE/USDT:USDT,,,,,297.88,,1640160.0
1753504993851,04:43:13.851,xt,AAVE/USDT:USDT,,,,,297.88,,1640170.0
1753504996361,04:43:16.361,xt,AAVE/USDT:USDT,,,,,297.89,,1640179.0
1753504999459,04:43:19.459,xt,AAVE/USDT:USDT,,,,,297.89,,1640190.0
1753505002790,04:43:22.790,xt,AAVE/USDT:USDT,,,,,297.89,,1640199.0
1753505006065,04:43:26.065,xt,AAVE/USDT:USDT,,,,,297.89,,1640207.0
1753505008428,04:43:28.428,xt,AAVE/USDT:USDT,,,,,297.89,,1639088.0
1753505011646,04:43:31.646,xt,AAVE/USDT:USDT,,,,,297.93,,1639108.0
1753505014967,04:43:34.967,xt,AAVE/USDT:USDT,,,,,297.93,,1639121.0
1753505017492,04:43:37.492,xt,AAVE/USDT:USDT,,,,,297.93,,1639132.0
