timestamp,time,exchange,symbol,bid,bidVolume,ask,askVolume,lastPrice,baseVolume,quoteVolume
1753507242423,05:20:42.423,xt,ALGO/USDT:USDT,,,,,0.2689,,244022331.0
1753507245009,05:20:45.009,xt,ALGO/USDT:USDT,,,,,0.2689,,244022336.0
1753507248280,05:20:48.280,xt,ALGO/USDT:USDT,,,,,0.2689,,244023035.0
1753507250738,05:20:50.738,xt,ALGO/USDT:USDT,,,,,0.2689,,244024486.0
1753507253951,05:20:53.951,xt,ALGO/USDT:USDT,,,,,0.2689,,244024495.0
1753507257097,05:20:57.097,xt,ALGO/USDT:USDT,,,,,0.2689,,244024507.0
1753507260152,05:21:00.152,xt,ALGO/USDT:USDT,,,,,0.2689,,244024519.0
1753507262612,05:21:02.612,xt,ALGO/USDT:USDT,,,,,0.2689,,244024526.0
1753507265768,05:21:05.768,xt,ALGO/USDT:USDT,,,,,0.2689,,244026026.0
1753507268822,05:21:08.822,xt,ALGO/USDT:USDT,,,,,0.269,,244030204.0
1753507272069,05:21:12.069,xt,ALGO/USDT:USDT,,,,,0.2691,,244031735.0
1753507274679,05:21:14.679,xt,ALGO/USDT:USDT,,,,,0.2691,,244032007.0
1753507278007,05:21:18.007,xt,ALGO/USDT:USDT,,,,,0.2692,,244032307.0
1753507281274,05:21:21.274,xt,ALGO/USDT:USDT,,,,,0.2692,,244037472.0
1753507283675,05:21:23.675,xt,ALGO/USDT:USDT,,,,,0.2693,,244037578.0
1753507286914,05:21:26.914,xt,ALGO/USDT:USDT,,,,,0.2692,,244037711.0
1753507290154,05:21:30.154,xt,ALGO/USDT:USDT,,,,,0.2692,,244131225.0
1753507292615,05:21:32.615,xt,ALGO/USDT:USDT,,,,,0.2692,,244182385.0
1753507295853,05:21:35.853,xt,ALGO/USDT:USDT,,,,,0.2692,,244182393.0
1753507299091,05:21:39.091,xt,ALGO/USDT:USDT,,,,,0.2691,,244182455.0
1753507302271,05:21:42.271,xt,ALGO/USDT:USDT,,,,,0.2691,,244096100.0
1753507305166,05:21:45.166,xt,ALGO/USDT:USDT,,,,,0.2691,,244096111.0
1753507308361,05:21:48.361,xt,ALGO/USDT:USDT,,,,,0.2691,,244096122.0
1753507310831,05:21:50.831,xt,ALGO/USDT:USDT,,,,,0.2691,,244096134.0
1753507313950,05:21:53.950,xt,ALGO/USDT:USDT,,,,,0.2691,,244096188.0
1753507317305,05:21:57.305,xt,ALGO/USDT:USDT,,,,,0.2691,,244096197.0
1753507319612,05:21:59.612,xt,ALGO/USDT:USDT,,,,,0.2691,,244096201.0
1753507323006,05:22:03.006,xt,ALGO/USDT:USDT,,,,,0.2692,,244098952.0
1753507326214,05:22:06.214,xt,ALGO/USDT:USDT,,,,,0.2692,,244102776.0
1753507328730,05:22:08.730,xt,ALGO/USDT:USDT,,,,,0.2693,,244105036.0
1753507332005,05:22:12.005,xt,ALGO/USDT:USDT,,,,,0.2693,,244109036.0
1753507335335,05:22:15.335,xt,ALGO/USDT:USDT,,,,,0.2693,,244109159.0
1753507337691,05:22:17.691,xt,ALGO/USDT:USDT,,,,,0.2693,,244109218.0
1753507340978,05:22:20.978,xt,ALGO/USDT:USDT,,,,,0.2693,,244109231.0
1753507344222,05:22:24.222,xt,ALGO/USDT:USDT,,,,,0.2694,,244113306.0
1753507347217,05:22:27.217,xt,ALGO/USDT:USDT,,,,,0.2694,,244115133.0
1753507349794,05:22:29.794,xt,ALGO/USDT:USDT,,,,,0.2694,,244115212.0
1753507353011,05:22:33.011,xt,ALGO/USDT:USDT,,,,,0.2693,,244131884.0
1753507356156,05:22:36.156,xt,ALGO/USDT:USDT,,,,,0.2693,,244203620.0
1753507359220,05:22:39.220,xt,ALGO/USDT:USDT,,,,,0.2693,,244203631.0
1753507361643,05:22:41.643,xt,ALGO/USDT:USDT,,,,,0.2693,,244211578.0
1753507364947,05:22:44.947,xt,ALGO/USDT:USDT,,,,,0.2694,,244218463.0
1753507367980,05:22:47.980,xt,ALGO/USDT:USDT,,,,,0.2694,,244218470.0
1753507371178,05:22:51.178,xt,ALGO/USDT:USDT,,,,,0.2693,,244227246.0
1753507373614,05:22:53.614,xt,ALGO/USDT:USDT,,,,,0.2693,,244227305.0
1753507376733,05:22:56.733,xt,ALGO/USDT:USDT,,,,,0.2693,,244227335.0
1753507379857,05:22:59.857,xt,ALGO/USDT:USDT,,,,,0.2693,,244227346.0
1753507383211,05:23:03.211,xt,ALGO/USDT:USDT,,,,,0.2694,,244229061.0
1753507385736,05:23:05.736,xt,ALGO/USDT:USDT,,,,,0.2694,,244229084.0
1753507388952,05:23:08.952,xt,ALGO/USDT:USDT,,,,,0.2694,,244229162.0
1753507392069,05:23:12.069,xt,ALGO/USDT:USDT,,,,,0.2694,,244230704.0
1753507395219,05:23:15.219,xt,ALGO/USDT:USDT,,,,,0.2693,,244232174.0
1753507397823,05:23:17.823,xt,ALGO/USDT:USDT,,,,,0.2693,,244232182.0
1753507401154,05:23:21.154,xt,ALGO/USDT:USDT,,,,,0.2695,,244240547.0
1753507404217,05:23:24.217,xt,ALGO/USDT:USDT,,,,,0.2695,,244240559.0
1753507406801,05:23:26.801,xt,ALGO/USDT:USDT,,,,,0.2694,,244240930.0
1753507410153,05:23:30.153,xt,ALGO/USDT:USDT,,,,,0.2694,,244240939.0
1753507413181,05:23:33.181,xt,ALGO/USDT:USDT,,,,,0.2694,,244240950.0
1753507415823,05:23:35.823,xt,ALGO/USDT:USDT,,,,,0.2694,,244240957.0
1753507419128,05:23:39.128,xt,ALGO/USDT:USDT,,,,,0.2694,,244240969.0
1753507421591,05:23:41.591,xt,ALGO/USDT:USDT,,,,,0.2694,,244096218.0
1753507424914,05:23:44.914,xt,ALGO/USDT:USDT,,,,,0.2693,,244096253.0
1753507428155,05:23:48.155,xt,ALGO/USDT:USDT,,,,,0.2693,,244096265.0
1753507430656,05:23:50.656,xt,ALGO/USDT:USDT,,,,,0.2693,,244096308.0
1753507433858,05:23:53.858,xt,ALGO/USDT:USDT,,,,,0.2694,,244100178.0
1753507437212,05:23:57.212,xt,ALGO/USDT:USDT,,,,,0.2694,,244100192.0
1753507439647,05:23:59.647,xt,ALGO/USDT:USDT,,,,,0.2694,,244100202.0
1753507442890,05:24:02.890,xt,ALGO/USDT:USDT,,,,,0.2694,,244100211.0
1753507446310,05:24:06.310,xt,ALGO/USDT:USDT,,,,,0.2694,,244100223.0
1753507448718,05:24:08.718,xt,ALGO/USDT:USDT,,,,,0.2694,,244100233.0
1753507452030,05:24:12.030,xt,ALGO/USDT:USDT,,,,,0.2695,,244100411.0
1753507455428,05:24:15.428,xt,ALGO/USDT:USDT,,,,,0.2694,,244104850.0
1753507457857,05:24:17.857,xt,ALGO/USDT:USDT,,,,,0.2694,,244105480.0
1753507460890,05:24:20.890,xt,ALGO/USDT:USDT,,,,,0.2695,,244108372.0
1753507463914,05:24:23.914,xt,ALGO/USDT:USDT,,,,,0.2695,,244108429.0
1753507467275,05:24:27.275,xt,ALGO/USDT:USDT,,,,,0.2695,,244108443.0
1753507469611,05:24:29.611,xt,ALGO/USDT:USDT,,,,,0.2695,,244142177.0
1753507472830,05:24:32.830,xt,ALGO/USDT:USDT,,,,,0.2695,,244142187.0
1753507476016,05:24:36.016,xt,ALGO/USDT:USDT,,,,,0.2695,,244142249.0
1753507479065,05:24:39.065,xt,ALGO/USDT:USDT,,,,,0.2694,,244145179.0
1753507481529,05:24:41.529,xt,ALGO/USDT:USDT,,,,,0.2693,,243905752.0
1753507484884,05:24:44.884,xt,ALGO/USDT:USDT,,,,,0.2693,,243906887.0
1753507488033,05:24:48.033,xt,ALGO/USDT:USDT,,,,,0.2693,,243906899.0
1753507491123,05:24:51.123,xt,ALGO/USDT:USDT,,,,,0.2693,,243906906.0
1753507494335,05:24:54.335,xt,ALGO/USDT:USDT,,,,,0.2693,,243906938.0
1753507496978,05:24:56.978,xt,ALGO/USDT:USDT,,,,,0.2694,,243912115.0
1753507500132,05:25:00.132,xt,ALGO/USDT:USDT,,,,,0.2694,,243912128.0
1753507503189,05:25:03.189,xt,ALGO/USDT:USDT,,,,,0.2694,,243912136.0
1753507505678,05:25:05.678,xt,ALGO/USDT:USDT,,,,,0.2694,,243912143.0
1753507508889,05:25:08.889,xt,ALGO/USDT:USDT,,,,,0.2695,,243925283.0
1753507512330,05:25:12.330,xt,ALGO/USDT:USDT,,,,,0.2695,,243925293.0
1753507514751,05:25:14.751,xt,ALGO/USDT:USDT,,,,,0.2695,,243926136.0
1753507517977,05:25:17.977,xt,ALGO/USDT:USDT,,,,,0.2695,,243926319.0
1753507521064,05:25:21.064,xt,ALGO/USDT:USDT,,,,,0.2696,,243926424.0
1753507524247,05:25:24.247,xt,ALGO/USDT:USDT,,,,,0.2696,,243926433.0
1753507527425,05:25:27.425,xt,ALGO/USDT:USDT,,,,,0.2696,,243926444.0
1753507529972,05:25:29.972,xt,ALGO/USDT:USDT,,,,,0.2695,,243928598.0
1753507533104,05:25:33.104,xt,ALGO/USDT:USDT,,,,,0.2696,,243932314.0
1753507536299,05:25:36.299,xt,ALGO/USDT:USDT,,,,,0.2696,,243932324.0
1753507538707,05:25:38.707,xt,ALGO/USDT:USDT,,,,,0.2696,,243932332.0
1753507542035,05:25:42.035,xt,ALGO/USDT:USDT,,,,,0.2695,,243837812.0
1753507545249,05:25:45.249,xt,ALGO/USDT:USDT,,,,,0.2695,,243837823.0
1753507547786,05:25:47.786,xt,ALGO/USDT:USDT,,,,,0.2695,,243837831.0
1753507551110,05:25:51.110,xt,ALGO/USDT:USDT,,,,,0.2695,,243837843.0
1753507554161,05:25:54.161,xt,ALGO/USDT:USDT,,,,,0.2695,,243837852.0
1753507557275,05:25:57.275,xt,ALGO/USDT:USDT,,,,,0.2695,,243913264.0
1753507559888,05:25:59.888,xt,ALGO/USDT:USDT,,,,,0.2695,,243913269.0
1753507563413,05:26:03.413,xt,ALGO/USDT:USDT,,,,,0.2695,,243914216.0
1753507565763,05:26:05.763,xt,ALGO/USDT:USDT,,,,,0.2695,,243914224.0
1753507568767,05:26:08.767,xt,ALGO/USDT:USDT,,,,,0.2692,,243972109.0
1753507571980,05:26:11.980,xt,ALGO/USDT:USDT,,,,,0.2692,,243972855.0
1753507575228,05:26:15.228,xt,ALGO/USDT:USDT,,,,,0.2692,,243972867.0
1753507577684,05:26:17.684,xt,ALGO/USDT:USDT,,,,,0.2692,,243972874.0
1753507580829,05:26:20.829,xt,ALGO/USDT:USDT,,,,,0.2693,,243984913.0
1753507584068,05:26:24.068,xt,ALGO/USDT:USDT,,,,,0.2693,,243985047.0
1753507586614,05:26:26.614,xt,ALGO/USDT:USDT,,,,,0.2693,,243985050.0
1753507589708,05:26:29.708,xt,ALGO/USDT:USDT,,,,,0.2693,,243985058.0
1753507592950,05:26:32.950,xt,ALGO/USDT:USDT,,,,,0.2694,,243986813.0
1753507596191,05:26:36.191,xt,ALGO/USDT:USDT,,,,,0.2694,,243988220.0
1753507599254,05:26:39.254,xt,ALGO/USDT:USDT,,,,,0.2694,,243988447.0
1753507601586,05:26:41.586,xt,ALGO/USDT:USDT,,,,,0.2694,,243953155.0
1753507604717,05:26:44.717,xt,ALGO/USDT:USDT,,,,,0.2694,,243953166.0
1753507608091,05:26:48.091,xt,ALGO/USDT:USDT,,,,,0.2694,,243953176.0
1753507610653,05:26:50.653,xt,ALGO/USDT:USDT,,,,,0.2695,,243960843.0
