timestamp,time,exchange,symbol,bid,bidVolume,ask,askVolume,lastPrice,baseVolume,quoteVolume
1753507241429,05:20:41.429,xt,ACH/USDT:USDT,,,,,0.022364,,6295775.0
1753507244673,05:20:44.673,xt,ACH/USDT:USDT,,,,,0.022366,,6295786.0
1753507247876,05:20:47.876,xt,ACH/USDT:USDT,,,,,0.022366,,6295798.0
1753507250278,05:20:50.278,xt,ACH/USDT:USDT,,,,,0.022366,,6295808.0
1753507253751,05:20:53.751,xt,ACH/USDT:USDT,,,,,0.022368,,6295822.0
1753507256480,05:20:56.480,xt,ACH/USDT:USDT,,,,,0.022368,,6295829.0
1753507259572,05:20:59.572,xt,ACH/USDT:USDT,,,,,0.022366,,6296267.0
1753507262811,05:21:02.811,xt,ACH/USDT:USDT,,,,,0.022369,,6296283.0
1753507266084,05:21:06.084,xt,ACH/USDT:USDT,,,,,0.022369,,6296294.0
1753507268480,05:21:08.480,xt,ACH/USDT:USDT,,,,,0.022371,,6296346.0
1753507271730,05:21:11.730,xt,ACH/USDT:USDT,,,,,0.022371,,6296395.0
1753507274846,05:21:14.846,xt,ACH/USDT:USDT,,,,,0.022371,,6296404.0
1753507278086,05:21:18.086,xt,ACH/USDT:USDT,,,,,0.022378,,6296560.0
1753507280852,05:21:20.852,xt,ACH/USDT:USDT,,,,,0.022378,,6296566.0
1753507283279,05:21:23.279,xt,ACH/USDT:USDT,,,,,0.022378,,6296588.0
1753507286578,05:21:26.578,xt,ACH/USDT:USDT,,,,,0.022378,,6296593.0
1753507289698,05:21:29.698,xt,ACH/USDT:USDT,,,,,0.022378,,6294176.0
1753507292796,05:21:32.796,xt,ACH/USDT:USDT,,,,,0.022376,,6294264.0
1753507296071,05:21:36.071,xt,ACH/USDT:USDT,,,,,0.022376,,6294355.0
1753507298552,05:21:38.552,xt,ACH/USDT:USDT,,,,,0.022376,,6294363.0
1753507301695,05:21:41.695,xt,ACH/USDT:USDT,,,,,0.022374,,6294371.0
1753507304844,05:21:44.844,xt,ACH/USDT:USDT,,,,,0.022374,,6294379.0
1753507308054,05:21:48.054,xt,ACH/USDT:USDT,,,,,0.022374,,6294389.0
1753507310490,05:21:50.490,xt,ACH/USDT:USDT,,,,,0.022374,,6294397.0
1753507313727,05:21:53.727,xt,ACH/USDT:USDT,,,,,0.022374,,6294406.0
1753507316903,05:21:56.903,xt,ACH/USDT:USDT,,,,,0.022374,,6294418.0
1753507319280,05:21:59.280,xt,ACH/USDT:USDT,,,,,0.022374,,6294427.0
1753507322659,05:22:02.659,xt,ACH/USDT:USDT,,,,,0.022374,,6294436.0
1753507325957,05:22:05.957,xt,ACH/USDT:USDT,,,,,0.022374,,6294449.0
1753507328349,05:22:08.349,xt,ACH/USDT:USDT,,,,,0.022374,,6294455.0
1753507331729,05:22:11.729,xt,ACH/USDT:USDT,,,,,0.022374,,6294466.0
1753507334693,05:22:14.693,xt,ACH/USDT:USDT,,,,,0.022374,,6294474.0
1753507337710,05:22:17.710,xt,ACH/USDT:USDT,,,,,0.022374,,6294481.0
1753507340932,05:22:20.932,xt,ACH/USDT:USDT,,,,,0.022374,,6294491.0
1753507343455,05:22:23.455,xt,ACH/USDT:USDT,,,,,0.022374,,6294698.0
1753507346819,05:22:26.819,xt,ACH/USDT:USDT,,,,,0.022374,,6294711.0
1753507349973,05:22:29.973,xt,ACH/USDT:USDT,,,,,0.022374,,6293373.0
1753507352394,05:22:32.394,xt,ACH/USDT:USDT,,,,,0.022374,,6293382.0
1753507355609,05:22:35.609,xt,ACH/USDT:USDT,,,,,0.022377,,6293577.0
1753507358663,05:22:38.663,xt,ACH/USDT:USDT,,,,,0.022377,,6293589.0
1753507361300,05:22:41.300,xt,ACH/USDT:USDT,,,,,0.022377,,6293595.0
1753507364782,05:22:44.782,xt,ACH/USDT:USDT,,,,,0.022377,,6293606.0
1753507367907,05:22:47.907,xt,ACH/USDT:USDT,,,,,0.022376,,6293617.0
1753507370277,05:22:50.277,xt,ACH/USDT:USDT,,,,,0.022377,,6293625.0
1753507373634,05:22:53.634,xt,ACH/USDT:USDT,,,,,0.022377,,6293632.0
1753507376702,05:22:56.702,xt,ACH/USDT:USDT,,,,,0.022376,,6293642.0
1753507379937,05:22:59.937,xt,ACH/USDT:USDT,,,,,0.022376,,6293649.0
1753507382420,05:23:02.420,xt,ACH/USDT:USDT,,,,,0.022376,,6293656.0
1753507385603,05:23:05.603,xt,ACH/USDT:USDT,,,,,0.022376,,6293792.0
1753507388960,05:23:08.960,xt,ACH/USDT:USDT,,,,,0.022379,,6293964.0
1753507391425,05:23:11.425,xt,ACH/USDT:USDT,,,,,0.02238,,6293974.0
1753507394336,05:23:14.336,xt,ACH/USDT:USDT,,,,,0.02238,,6293987.0
1753507397472,05:23:17.472,xt,ACH/USDT:USDT,,,,,0.022383,,6294111.0
1753507400640,05:23:20.640,xt,ACH/USDT:USDT,,,,,0.022386,,6294123.0
1753507403753,05:23:23.753,xt,ACH/USDT:USDT,,,,,0.022386,,6294129.0
1753507406234,05:23:26.234,xt,ACH/USDT:USDT,,,,,0.022386,,6294139.0
1753507409400,05:23:29.400,xt,ACH/USDT:USDT,,,,,0.022386,,6289849.0
1753507412637,05:23:32.637,xt,ACH/USDT:USDT,,,,,0.022386,,6289859.0
1753507415995,05:23:35.995,xt,ACH/USDT:USDT,,,,,0.022386,,6290545.0
1753507418238,05:23:38.238,xt,ACH/USDT:USDT,,,,,0.022386,,6290551.0
1753507421366,05:23:41.366,xt,ACH/USDT:USDT,,,,,0.022386,,6290562.0
