timestamp,time,exchange,symbol,bid,bidVolume,ask,askVolume,lastPrice,baseVolume,quoteVolume
1753504792772,04:39:52.772,xt,ACH/USDT:USDT,,,,,0.02237,,6673746.0
1753504795853,04:39:55.853,xt,ACH/USDT:USDT,,,,,0.02237,,6673753.0
1753504799101,04:39:59.101,xt,ACH/USDT:USDT,,,,,0.022372,,6673771.0
1753504801495,04:40:01.495,xt,ACH/USDT:USDT,,,,,0.022372,,6673779.0
1753504804871,04:40:04.871,xt,ACH/USDT:USDT,,,,,0.022372,,6673885.0
1753504807374,04:40:07.374,xt,ACH/USDT:USDT,,,,,0.02237,,6673894.0
1753504810499,04:40:10.499,xt,ACH/USDT:USDT,,,,,0.022371,,6673905.0
1753504813675,04:40:13.675,xt,ACH/USDT:USDT,,,,,0.022371,,6673912.0
1753504816886,04:40:16.886,xt,ACH/USDT:USDT,,,,,0.022371,,6673922.0
1753504819263,04:40:19.263,xt,ACH/USDT:USDT,,,,,0.022371,,6673931.0
1753504822498,04:40:22.498,xt,ACH/USDT:USDT,,,,,0.022371,,6673943.0
1753504825619,04:40:25.619,xt,ACH/USDT:USDT,,,,,0.022371,,6673954.0
1753504829067,04:40:29.067,xt,ACH/USDT:USDT,,,,,0.022371,,6668705.0
1753504831439,04:40:31.439,xt,ACH/USDT:USDT,,,,,0.022371,,6668712.0
1753504834591,04:40:34.591,xt,ACH/USDT:USDT,,,,,0.022376,,6669129.0
1753504837670,04:40:37.670,xt,ACH/USDT:USDT,,,,,0.022376,,6669139.0
1753504840282,04:40:40.282,xt,ACH/USDT:USDT,,,,,0.022376,,6669147.0
1753504843888,04:40:43.888,xt,ACH/USDT:USDT,,,,,0.022371,,6669514.0
1753504846405,04:40:46.405,xt,ACH/USDT:USDT,,,,,0.022371,,6669525.0
1753504849680,04:40:49.680,xt,ACH/USDT:USDT,,,,,0.022371,,6669535.0
1753504852855,04:40:52.855,xt,ACH/USDT:USDT,,,,,0.022371,,6669547.0
1753504856039,04:40:56.039,xt,ACH/USDT:USDT,,,,,0.022371,,6669554.0
1753504858474,04:40:58.474,xt,ACH/USDT:USDT,,,,,0.022371,,6669559.0
1753504861737,04:41:01.737,xt,ACH/USDT:USDT,,,,,0.022371,,6669569.0
1753504864973,04:41:04.973,xt,ACH/USDT:USDT,,,,,0.022375,,6669696.0
1753504867345,04:41:07.345,xt,ACH/USDT:USDT,,,,,0.022376,,6669822.0
1753504870553,04:41:10.553,xt,ACH/USDT:USDT,,,,,0.022378,,6669855.0
1753504873830,04:41:13.830,xt,ACH/USDT:USDT,,,,,0.022379,,6669865.0
1753504876315,04:41:16.315,xt,ACH/USDT:USDT,,,,,0.022379,,6669874.0
1753504879614,04:41:19.614,xt,ACH/USDT:USDT,,,,,0.022379,,6669884.0
1753504882673,04:41:22.673,xt,ACH/USDT:USDT,,,,,0.022379,,6669890.0
1753504885889,04:41:25.889,xt,ACH/USDT:USDT,,,,,0.022379,,6669906.0
1753504888405,04:41:28.405,xt,ACH/USDT:USDT,,,,,0.022379,,6663143.0
1753504891676,04:41:31.676,xt,ACH/USDT:USDT,,,,,0.02238,,6663213.0
1753504894970,04:41:34.970,xt,ACH/USDT:USDT,,,,,0.02238,,6663225.0
1753504897651,04:41:37.651,xt,ACH/USDT:USDT,,,,,0.02238,,6663233.0
1753504900773,04:41:40.773,xt,ACH/USDT:USDT,,,,,0.02238,,6663244.0
1753504903289,04:41:43.289,xt,ACH/USDT:USDT,,,,,0.02238,,6663252.0
1753504906587,04:41:46.587,xt,ACH/USDT:USDT,,,,,0.02238,,6663263.0
1753504909835,04:41:49.835,xt,ACH/USDT:USDT,,,,,0.02238,,6663277.0
1753504913077,04:41:53.077,xt,ACH/USDT:USDT,,,,,0.02238,,6663289.0
1753504915502,04:41:55.502,xt,ACH/USDT:USDT,,,,,0.02238,,6663299.0
1753504918706,04:41:58.706,xt,ACH/USDT:USDT,,,,,0.022378,,6663734.0
1753504921856,04:42:01.856,xt,ACH/USDT:USDT,,,,,0.022374,,6663853.0
1753504925042,04:42:05.042,xt,ACH/USDT:USDT,,,,,0.022374,,6663863.0
1753504927462,04:42:07.462,xt,ACH/USDT:USDT,,,,,0.022377,,6663871.0
1753504930794,04:42:10.794,xt,ACH/USDT:USDT,,,,,0.022377,,6663884.0
1753504933860,04:42:13.860,xt,ACH/USDT:USDT,,,,,0.022378,,6663965.0
1753504936463,04:42:16.463,xt,ACH/USDT:USDT,,,,,0.022378,,6663975.0
1753504939737,04:42:19.737,xt,ACH/USDT:USDT,,,,,0.022378,,6663984.0
1753504942440,04:42:22.440,xt,ACH/USDT:USDT,,,,,0.022382,,6664442.0
1753504945556,04:42:25.556,xt,ACH/USDT:USDT,,,,,0.022382,,6664451.0
1753504948673,04:42:28.673,xt,ACH/USDT:USDT,,,,,0.022382,,6661644.0
1753504951827,04:42:31.827,xt,ACH/USDT:USDT,,,,,0.022382,,6661650.0
1753504954376,04:42:34.376,xt,ACH/USDT:USDT,,,,,0.022382,,6661658.0
1753504957614,04:42:37.614,xt,ACH/USDT:USDT,,,,,0.022382,,6661665.0
1753504960351,04:42:40.351,xt,ACH/USDT:USDT,,,,,0.022382,,6661670.0
1753504963735,04:42:43.735,xt,ACH/USDT:USDT,,,,,0.022378,,6662086.0
1753504966555,04:42:46.555,xt,ACH/USDT:USDT,,,,,0.022378,,6662092.0
1753504969942,04:42:49.942,xt,ACH/USDT:USDT,,,,,0.022378,,6662103.0
1753504973010,04:42:53.010,xt,ACH/USDT:USDT,,,,,0.022382,,6662125.0
1753504975488,04:42:55.488,xt,ACH/USDT:USDT,,,,,0.022382,,6662132.0
1753504978827,04:42:58.827,xt,ACH/USDT:USDT,,,,,0.022382,,6662139.0
1753504981970,04:43:01.970,xt,ACH/USDT:USDT,,,,,0.022382,,6662148.0
1753504984910,04:43:04.910,xt,ACH/USDT:USDT,,,,,0.022382,,6662178.0
1753504987375,04:43:07.375,xt,ACH/USDT:USDT,,,,,0.022382,,6662187.0
1753504990727,04:43:10.727,xt,ACH/USDT:USDT,,,,,0.022382,,6662195.0
1753504993793,04:43:13.793,xt,ACH/USDT:USDT,,,,,0.022382,,6662205.0
1753504997003,04:43:17.003,xt,ACH/USDT:USDT,,,,,0.022382,,6662215.0
1753504999381,04:43:19.381,xt,ACH/USDT:USDT,,,,,0.022382,,6662223.0
1753505002529,04:43:22.529,xt,ACH/USDT:USDT,,,,,0.022382,,6662237.0
1753505005618,04:43:25.618,xt,ACH/USDT:USDT,,,,,0.022382,,6662247.0
1753505008983,04:43:28.983,xt,ACH/USDT:USDT,,,,,0.022382,,6658960.0
1753505011915,04:43:31.915,xt,ACH/USDT:USDT,,,,,0.022382,,6658972.0
1753505014379,04:43:34.379,xt,ACH/USDT:USDT,,,,,0.022382,,6658981.0
1753505017909,04:43:37.909,xt,ACH/USDT:USDT,,,,,0.022382,,6658990.0
1753505021071,04:43:41.071,xt,ACH/USDT:USDT,,,,,0.022382,,6659000.0
1753505023498,04:43:43.498,xt,ACH/USDT:USDT,,,,,0.022382,,6659429.0
1753505026676,04:43:46.676,xt,ACH/USDT:USDT,,,,,0.022382,,6659438.0
1753505029949,04:43:49.949,xt,ACH/USDT:USDT,,,,,0.022382,,6659448.0
1753505032357,04:43:52.357,xt,ACH/USDT:USDT,,,,,0.022382,,6659456.0
1753505035732,04:43:55.732,xt,ACH/USDT:USDT,,,,,0.022382,,6659470.0
1753505038352,04:43:58.352,xt,ACH/USDT:USDT,,,,,0.022382,,6659477.0
1753505041642,04:44:01.642,xt,ACH/USDT:USDT,,,,,0.022382,,6659485.0
1753505044921,04:44:04.921,xt,ACH/USDT:USDT,,,,,0.022382,,6659495.0
1753505047346,04:44:07.346,xt,ACH/USDT:USDT,,,,,0.022382,,6659505.0
1753505050585,04:44:10.585,xt,ACH/USDT:USDT,,,,,0.022382,,6659513.0
1753505053730,04:44:13.730,xt,ACH/USDT:USDT,,,,,0.022382,,6659520.0
1753505057062,04:44:17.062,xt,ACH/USDT:USDT,,,,,0.022382,,6659530.0
1753505059457,04:44:19.457,xt,ACH/USDT:USDT,,,,,0.022383,,6659535.0
1753505062823,04:44:22.823,xt,ACH/USDT:USDT,,,,,0.022382,,6659651.0
1753505066126,04:44:26.126,xt,ACH/USDT:USDT,,,,,0.022382,,6659659.0
1753505068490,04:44:28.490,xt,ACH/USDT:USDT,,,,,0.022382,,6657771.0
1753505071527,04:44:31.527,xt,ACH/USDT:USDT,,,,,0.022382,,6657777.0
1753505074975,04:44:34.975,xt,ACH/USDT:USDT,,,,,0.022382,,6657786.0
1753505077940,04:44:37.940,xt,ACH/USDT:USDT,,,,,0.022382,,6657794.0
1753505080558,04:44:40.558,xt,ACH/USDT:USDT,,,,,0.022382,,6657799.0
1753505083858,04:44:43.858,xt,ACH/USDT:USDT,,,,,0.022382,,6657816.0
1753505086501,04:44:46.501,xt,ACH/USDT:USDT,,,,,0.022382,,6657826.0
1753505089761,04:44:49.761,xt,ACH/USDT:USDT,,,,,0.022382,,6657832.0
1753505092977,04:44:52.977,xt,ACH/USDT:USDT,,,,,0.022382,,6658135.0
1753505095531,04:44:55.531,xt,ACH/USDT:USDT,,,,,0.022382,,6658141.0
1753505098787,04:44:58.787,xt,ACH/USDT:USDT,,,,,0.022382,,6658154.0
1753505101975,04:45:01.975,xt,ACH/USDT:USDT,,,,,0.022382,,6658163.0
1753505104491,04:45:04.491,xt,ACH/USDT:USDT,,,,,0.022382,,6658173.0
1753505107917,04:45:07.917,xt,ACH/USDT:USDT,,,,,0.022378,,6658417.0
1753505110982,04:45:10.982,xt,ACH/USDT:USDT,,,,,0.022378,,6658426.0
1753505113444,04:45:13.444,xt,ACH/USDT:USDT,,,,,0.022378,,6658433.0
1753505116851,04:45:16.851,xt,ACH/USDT:USDT,,,,,0.022378,,6658443.0
1753505120011,04:45:20.011,xt,ACH/USDT:USDT,,,,,0.022378,,6658452.0
1753505122408,04:45:22.408,xt,ACH/USDT:USDT,,,,,0.022378,,6658458.0
1753505125561,04:45:25.561,xt,ACH/USDT:USDT,,,,,0.022378,,6658615.0
1753505128618,04:45:28.618,xt,ACH/USDT:USDT,,,,,0.022378,,6650829.0
1753505131798,04:45:31.798,xt,ACH/USDT:USDT,,,,,0.022377,,6650938.0
1753505135123,04:45:35.123,xt,ACH/USDT:USDT,,,,,0.022377,,6650944.0
1753505137612,04:45:37.612,xt,ACH/USDT:USDT,,,,,0.022376,,6651097.0
1753505140377,04:45:40.377,xt,ACH/USDT:USDT,,,,,0.022376,,6651107.0
1753505143946,04:45:43.946,xt,ACH/USDT:USDT,,,,,0.022376,,6651117.0
1753505146957,04:45:46.957,xt,ACH/USDT:USDT,,,,,0.022376,,6651133.0
1753505150037,04:45:50.037,xt,ACH/USDT:USDT,,,,,0.022376,,6651141.0
1753505152591,04:45:52.591,xt,ACH/USDT:USDT,,,,,0.022376,,6651150.0
1753505155763,04:45:55.763,xt,ACH/USDT:USDT,,,,,0.022376,,6651172.0
1753505158230,04:45:58.230,xt,ACH/USDT:USDT,,,,,0.022376,,6651181.0
1753505161585,04:46:01.585,xt,ACH/USDT:USDT,,,,,0.022376,,6651190.0
1753505164981,04:46:04.981,xt,ACH/USDT:USDT,,,,,0.022376,,6651204.0
1753505167352,04:46:07.352,xt,ACH/USDT:USDT,,,,,0.022378,,6651212.0
1753505170680,04:46:10.680,xt,ACH/USDT:USDT,,,,,0.02238,,6651360.0
1753505173914,04:46:13.914,xt,ACH/USDT:USDT,,,,,0.02238,,6651370.0
1753505176257,04:46:16.257,xt,ACH/USDT:USDT,,,,,0.02238,,6651378.0
1753505179645,04:46:19.645,xt,ACH/USDT:USDT,,,,,0.02238,,6651390.0
1753505182642,04:46:22.642,xt,ACH/USDT:USDT,,,,,0.02238,,6651396.0
1753505185648,04:46:25.648,xt,ACH/USDT:USDT,,,,,0.022385,,6651516.0
1753505188945,04:46:28.945,xt,ACH/USDT:USDT,,,,,0.022383,,6648847.0
1753505191396,04:46:31.396,xt,ACH/USDT:USDT,,,,,0.022383,,6648853.0
1753505194678,04:46:34.678,xt,ACH/USDT:USDT,,,,,0.022383,,6648860.0
1753505197916,04:46:37.916,xt,ACH/USDT:USDT,,,,,0.022383,,6648868.0
1753505201062,04:46:41.062,xt,ACH/USDT:USDT,,,,,0.022388,,6648945.0
1753505203440,04:46:43.440,xt,ACH/USDT:USDT,,,,,0.022388,,6648955.0
1753505206890,04:46:46.890,xt,ACH/USDT:USDT,,,,,0.02239,,6648991.0
1753505209830,04:46:49.830,xt,ACH/USDT:USDT,,,,,0.02239,,6648999.0
1753505212232,04:46:52.232,xt,ACH/USDT:USDT,,,,,0.02239,,6649011.0
1753505215583,04:46:55.583,xt,ACH/USDT:USDT,,,,,0.022389,,6649260.0
1753505218761,04:46:58.761,xt,ACH/USDT:USDT,,,,,0.022389,,6649270.0
1753505221406,04:47:01.406,xt,ACH/USDT:USDT,,,,,0.022389,,6649281.0
1753505224921,04:47:04.921,xt,ACH/USDT:USDT,,,,,0.022388,,6649433.0
1753505227316,04:47:07.316,xt,ACH/USDT:USDT,,,,,0.022388,,6649437.0
1753505230826,04:47:10.826,xt,ACH/USDT:USDT,,,,,0.022386,,6649526.0
1753505233828,04:47:13.828,xt,ACH/USDT:USDT,,,,,0.022383,,6649772.0
1753505236171,04:47:16.171,xt,ACH/USDT:USDT,,,,,0.022383,,6649783.0
1753505239469,04:47:19.469,xt,ACH/USDT:USDT,,,,,0.022383,,6649889.0
1753505242706,04:47:22.706,xt,ACH/USDT:USDT,,,,,0.022383,,6649899.0
1753505245257,04:47:25.257,xt,ACH/USDT:USDT,,,,,0.022379,,6650031.0
1753505248320,04:47:28.320,xt,ACH/USDT:USDT,,,,,0.022377,,6648172.0
1753505251585,04:47:31.585,xt,ACH/USDT:USDT,,,,,0.022377,,6648181.0
1753505254801,04:47:34.801,xt,ACH/USDT:USDT,,,,,0.022374,,6648297.0
1753505257194,04:47:37.194,xt,ACH/USDT:USDT,,,,,0.022374,,6648304.0
1753505260464,04:47:40.464,xt,ACH/USDT:USDT,,,,,0.022373,,6648333.0
1753505263913,04:47:43.913,xt,ACH/USDT:USDT,,,,,0.022373,,6649148.0
1753505266586,04:47:46.586,xt,ACH/USDT:USDT,,,,,0.022373,,6649158.0
1753505269859,04:47:49.859,xt,ACH/USDT:USDT,,,,,0.022373,,6649169.0
1753505272979,04:47:52.979,xt,ACH/USDT:USDT,,,,,0.022377,,6650383.0
1753505275437,04:47:55.437,xt,ACH/USDT:USDT,,,,,0.022367,,6650566.0
1753505278860,04:47:58.860,xt,ACH/USDT:USDT,,,,,0.022368,,6650574.0
1753505281973,04:48:01.973,xt,ACH/USDT:USDT,,,,,0.022368,,6650585.0
1753505284488,04:48:04.488,xt,ACH/USDT:USDT,,,,,0.022368,,6650592.0
1753505287496,04:48:07.496,xt,ACH/USDT:USDT,,,,,0.022365,,6650613.0
1753505290172,04:48:10.172,xt,ACH/USDT:USDT,,,,,0.022365,,6650625.0
1753505293653,04:48:13.653,xt,ACH/USDT:USDT,,,,,0.022365,,6650636.0
1753505296975,04:48:16.975,xt,ACH/USDT:USDT,,,,,0.022368,,6650651.0
1753505299341,04:48:19.341,xt,ACH/USDT:USDT,,,,,0.022368,,6650661.0
1753505302740,04:48:22.740,xt,ACH/USDT:USDT,,,,,0.022368,,6650669.0
1753505306010,04:48:26.010,xt,ACH/USDT:USDT,,,,,0.022368,,6650675.0
1753505308378,04:48:28.378,xt,ACH/USDT:USDT,,,,,0.022368,,6638298.0
1753505311769,04:48:31.769,xt,ACH/USDT:USDT,,,,,0.022365,,6638474.0
1753505314890,04:48:34.890,xt,ACH/USDT:USDT,,,,,0.022365,,6638482.0
1753505318094,04:48:38.094,xt,ACH/USDT:USDT,,,,,0.022365,,6638495.0
1753505320464,04:48:40.464,xt,ACH/USDT:USDT,,,,,0.022365,,6638506.0
1753505323704,04:48:43.704,xt,ACH/USDT:USDT,,,,,0.022365,,6638518.0
1753505326765,04:48:46.765,xt,ACH/USDT:USDT,,,,,0.022363,,6638596.0
1753505329825,04:48:49.825,xt,ACH/USDT:USDT,,,,,0.022363,,6638605.0
1753505333060,04:48:53.060,xt,ACH/USDT:USDT,,,,,0.022366,,6639076.0
1753505335529,04:48:55.529,xt,ACH/USDT:USDT,,,,,0.022366,,6639085.0
1753505338682,04:48:58.682,xt,ACH/USDT:USDT,,,,,0.022366,,6639095.0
1753505341848,04:49:01.848,xt,ACH/USDT:USDT,,,,,0.022366,,6639104.0
1753505344351,04:49:04.351,xt,ACH/USDT:USDT,,,,,0.022368,,6639246.0
1753505347673,04:49:07.673,xt,ACH/USDT:USDT,,,,,0.022368,,6639261.0
1753505350976,04:49:10.976,xt,ACH/USDT:USDT,,,,,0.022368,,6639270.0
1753505353372,04:49:13.372,xt,ACH/USDT:USDT,,,,,0.022368,,6639279.0
1753505356735,04:49:16.735,xt,ACH/USDT:USDT,,,,,0.022366,,6639555.0
1753505359891,04:49:19.891,xt,ACH/USDT:USDT,,,,,0.022366,,6639562.0
1753505363038,04:49:23.038,xt,ACH/USDT:USDT,,,,,0.022366,,6640855.0
1753505365492,04:49:25.492,xt,ACH/USDT:USDT,,,,,0.022366,,6640861.0
1753505368677,04:49:28.677,xt,ACH/USDT:USDT,,,,,0.022366,,6638961.0
1753505371890,04:49:31.890,xt,ACH/USDT:USDT,,,,,0.022366,,6638971.0
1753505374920,04:49:34.920,xt,ACH/USDT:USDT,,,,,0.022366,,6638982.0
1753505377552,04:49:37.552,xt,ACH/USDT:USDT,,,,,0.022366,,6638990.0
1753505380617,04:49:40.617,xt,ACH/USDT:USDT,,,,,0.022363,,6639483.0
1753505383253,04:49:43.253,xt,ACH/USDT:USDT,,,,,0.022363,,6639487.0
1753505386599,04:49:46.599,xt,ACH/USDT:USDT,,,,,0.022363,,6639500.0
1753505389953,04:49:49.953,xt,ACH/USDT:USDT,,,,,0.022361,,6639642.0
1753505392409,04:49:52.409,xt,ACH/USDT:USDT,,,,,0.022348,,6649251.0
1753505395552,04:49:55.552,xt,ACH/USDT:USDT,,,,,0.022348,,6649262.0
1753505398738,04:49:58.738,xt,ACH/USDT:USDT,,,,,0.022348,,6649273.0
1753505402008,04:50:02.008,xt,ACH/USDT:USDT,,,,,0.022348,,6649287.0
1753505404521,04:50:04.521,xt,ACH/USDT:USDT,,,,,0.022348,,6649293.0
1753505407616,04:50:07.616,xt,ACH/USDT:USDT,,,,,0.022346,,6649314.0
1753505410828,04:50:10.828,xt,ACH/USDT:USDT,,,,,0.022342,,6649372.0
1753505413313,04:50:13.313,xt,ACH/USDT:USDT,,,,,0.022343,,6649631.0
1753505416615,04:50:16.615,xt,ACH/USDT:USDT,,,,,0.022346,,6649642.0
1753505419921,04:50:19.921,xt,ACH/USDT:USDT,,,,,0.022344,,6649708.0
1753505422466,04:50:22.466,xt,ACH/USDT:USDT,,,,,0.022341,,6649725.0
1753505425563,04:50:25.563,xt,ACH/USDT:USDT,,,,,0.022341,,6649735.0
1753505428743,04:50:28.743,xt,ACH/USDT:USDT,,,,,0.022339,,6646607.0
1753505431104,04:50:31.104,xt,ACH/USDT:USDT,,,,,0.02234,,6646618.0
1753505434471,04:50:34.471,xt,ACH/USDT:USDT,,,,,0.022335,,6646689.0
1753505437680,04:50:37.680,xt,ACH/USDT:USDT,,,,,0.022335,,6646702.0
1753505441010,04:50:41.010,xt,ACH/USDT:USDT,,,,,0.022335,,6646711.0
1753505443528,04:50:43.528,xt,ACH/USDT:USDT,,,,,0.022333,,6646830.0
1753505446914,04:50:46.914,xt,ACH/USDT:USDT,,,,,0.022334,,6646842.0
1753505449982,04:50:49.982,xt,ACH/USDT:USDT,,,,,0.022334,,6646851.0
1753505453121,04:50:53.121,xt,ACH/USDT:USDT,,,,,0.022334,,6646856.0
1753505455616,04:50:55.616,xt,ACH/USDT:USDT,,,,,0.022334,,6646863.0
1753505458732,04:50:58.732,xt,ACH/USDT:USDT,,,,,0.022329,,6647162.0
1753505461950,04:51:01.950,xt,ACH/USDT:USDT,,,,,0.022321,,6647269.0
1753505464556,04:51:04.556,xt,ACH/USDT:USDT,,,,,0.022319,,6647297.0
1753505467705,04:51:07.705,xt,ACH/USDT:USDT,,,,,0.022319,,6647309.0
1753505470955,04:51:10.955,xt,ACH/USDT:USDT,,,,,0.022319,,6647320.0
1753505473676,04:51:13.676,xt,ACH/USDT:USDT,,,,,0.022319,,6647340.0
1753505476675,04:51:16.675,xt,ACH/USDT:USDT,,,,,0.022318,,6647410.0
1753505479795,04:51:19.795,xt,ACH/USDT:USDT,,,,,0.022318,,6647421.0
1753505482280,04:51:22.280,xt,ACH/USDT:USDT,,,,,0.022318,,6647431.0
1753505485619,04:51:25.619,xt,ACH/USDT:USDT,,,,,0.022322,,6647997.0
1753505488945,04:51:28.945,xt,ACH/USDT:USDT,,,,,0.022326,,6645391.0
1753505491289,04:51:31.289,xt,ACH/USDT:USDT,,,,,0.022326,,6645398.0
1753505494702,04:51:34.702,xt,ACH/USDT:USDT,,,,,0.022325,,6645692.0
1753505497311,04:51:37.311,xt,ACH/USDT:USDT,,,,,0.022322,,6645700.0
1753505500769,04:51:40.769,xt,ACH/USDT:USDT,,,,,0.022322,,6645709.0
1753505503350,04:51:43.350,xt,ACH/USDT:USDT,,,,,0.022322,,6645720.0
1753505506461,04:51:46.461,xt,ACH/USDT:USDT,,,,,0.022322,,6645736.0
1753505509616,04:51:49.616,xt,ACH/USDT:USDT,,,,,0.022322,,6645746.0
1753505512734,04:51:52.734,xt,ACH/USDT:USDT,,,,,0.022326,,6646257.0
1753505515946,04:51:55.946,xt,ACH/USDT:USDT,,,,,0.022326,,6646268.0
1753505519063,04:51:59.063,xt,ACH/USDT:USDT,,,,,0.022328,,6646306.0
1753505521644,04:52:01.644,xt,ACH/USDT:USDT,,,,,0.022328,,6646316.0
1753505524731,04:52:04.731,xt,ACH/USDT:USDT,,,,,0.022328,,6646326.0
1753505527918,04:52:07.918,xt,ACH/USDT:USDT,,,,,0.022328,,6646334.0
1753505530284,04:52:10.284,xt,ACH/USDT:USDT,,,,,0.022328,,6646341.0
1753505533502,04:52:13.502,xt,ACH/USDT:USDT,,,,,0.022329,,6646361.0
1753505536679,04:52:16.679,xt,ACH/USDT:USDT,,,,,0.022329,,6646371.0
1753505540062,04:52:20.062,xt,ACH/USDT:USDT,,,,,0.022329,,6646379.0
1753505542582,04:52:22.582,xt,ACH/USDT:USDT,,,,,0.022329,,6646387.0
1753505545986,04:52:25.986,xt,ACH/USDT:USDT,,,,,0.022329,,6646397.0
1753505548532,04:52:28.532,xt,ACH/USDT:USDT,,,,,0.022329,,6644178.0
1753505551521,04:52:31.521,xt,ACH/USDT:USDT,,,,,0.022329,,6644189.0
1753505554762,04:52:34.762,xt,ACH/USDT:USDT,,,,,0.022329,,6644198.0
1753505557254,04:52:37.254,xt,ACH/USDT:USDT,,,,,0.022329,,6644225.0
1753505560474,04:52:40.474,xt,ACH/USDT:USDT,,,,,0.022329,,6644237.0
1753505563613,04:52:43.613,xt,ACH/USDT:USDT,,,,,0.022328,,6644246.0
1753505566796,04:52:46.796,xt,ACH/USDT:USDT,,,,,0.022326,,6644282.0
1753505569284,04:52:49.284,xt,ACH/USDT:USDT,,,,,0.022326,,6644290.0
1753505572621,04:52:52.621,xt,ACH/USDT:USDT,,,,,0.022326,,6644297.0
1753505575860,04:52:55.860,xt,ACH/USDT:USDT,,,,,0.022322,,6644335.0
1753505578975,04:52:58.975,xt,ACH/USDT:USDT,,,,,0.022318,,6644383.0
1753505582094,04:53:02.094,xt,ACH/USDT:USDT,,,,,0.022316,,6644460.0
1753505584582,04:53:04.582,xt,ACH/USDT:USDT,,,,,0.022316,,6644469.0
1753505588000,04:53:08.000,xt,ACH/USDT:USDT,,,,,0.022317,,6644478.0
1753505590528,04:53:10.528,xt,ACH/USDT:USDT,,,,,0.022317,,6644487.0
1753505593702,04:53:13.702,xt,ACH/USDT:USDT,,,,,0.022319,,6644499.0
1753505596917,04:53:16.917,xt,ACH/USDT:USDT,,,,,0.022319,,6644512.0
1753505599345,04:53:19.345,xt,ACH/USDT:USDT,,,,,0.022319,,6644519.0
1753505602586,04:53:22.586,xt,ACH/USDT:USDT,,,,,0.022319,,6644528.0
1753505605800,04:53:25.800,xt,ACH/USDT:USDT,,,,,0.022319,,6644539.0
1753505608823,04:53:28.823,xt,ACH/USDT:USDT,,,,,0.022318,,6634605.0
1753505612154,04:53:32.154,xt,ACH/USDT:USDT,,,,,0.022316,,6634628.0
1753505614614,04:53:34.614,xt,ACH/USDT:USDT,,,,,0.022316,,6634637.0
1753505617829,04:53:37.829,xt,ACH/USDT:USDT,,,,,0.022316,,6634649.0
1753505620681,04:53:40.681,xt,ACH/USDT:USDT,,,,,0.022316,,6634653.0
1753505623949,04:53:43.949,xt,ACH/USDT:USDT,,,,,0.022316,,6634664.0
1753505626593,04:53:46.593,xt,ACH/USDT:USDT,,,,,0.022316,,6634671.0
1753505629682,04:53:49.682,xt,ACH/USDT:USDT,,,,,0.02232,,6634891.0
1753505633035,04:53:53.035,xt,ACH/USDT:USDT,,,,,0.022323,,6635151.0
1753505635528,04:53:55.528,xt,ACH/USDT:USDT,,,,,0.022323,,6635401.0
1753505638763,04:53:58.763,xt,ACH/USDT:USDT,,,,,0.022328,,6635451.0
1753505641919,04:54:01.919,xt,ACH/USDT:USDT,,,,,0.02233,,6635491.0
1753505644347,04:54:04.347,xt,ACH/USDT:USDT,,,,,0.02233,,6635499.0
1753505647646,04:54:07.646,xt,ACH/USDT:USDT,,,,,0.022328,,6635508.0
1753505650619,04:54:10.619,xt,ACH/USDT:USDT,,,,,0.022328,,6635736.0
1753505654066,04:54:14.066,xt,ACH/USDT:USDT,,,,,0.022328,,6635747.0
1753505656679,04:54:16.679,xt,ACH/USDT:USDT,,,,,0.022328,,6635754.0
1753505659881,04:54:19.881,xt,ACH/USDT:USDT,,,,,0.022328,,6635769.0
1753505662856,04:54:22.856,xt,ACH/USDT:USDT,,,,,0.022332,,6635778.0
1753505665405,04:54:25.405,xt,ACH/USDT:USDT,,,,,0.022332,,6635785.0
1753505668732,04:54:28.732,xt,ACH/USDT:USDT,,,,,0.022329,,6623789.0
1753505671877,04:54:31.877,xt,ACH/USDT:USDT,,,,,0.022329,,6623799.0
1753505674826,04:54:34.826,xt,ACH/USDT:USDT,,,,,0.022329,,6623812.0
1753505677225,04:54:37.225,xt,ACH/USDT:USDT,,,,,0.022329,,6623820.0
1753505680553,04:54:40.553,xt,ACH/USDT:USDT,,,,,0.022332,,6624073.0
1753505683825,04:54:43.825,xt,ACH/USDT:USDT,,,,,0.022327,,6624375.0
1753505686977,04:54:46.977,xt,ACH/USDT:USDT,,,,,0.022328,,6624388.0
1753505689337,04:54:49.337,xt,ACH/USDT:USDT,,,,,0.022328,,6624396.0
1753505692402,04:54:52.402,xt,ACH/USDT:USDT,,,,,0.022332,,6624410.0
1753505695499,04:54:55.499,xt,ACH/USDT:USDT,,,,,0.022332,,6624418.0
1753505698465,04:54:58.465,xt,ACH/USDT:USDT,,,,,0.022329,,6624526.0
1753505701651,04:55:01.651,xt,ACH/USDT:USDT,,,,,0.022329,,6624538.0
1753505704863,04:55:04.863,xt,ACH/USDT:USDT,,,,,0.022328,,6624547.0
1753505707437,04:55:07.437,xt,ACH/USDT:USDT,,,,,0.022323,,6624570.0
1753505710676,04:55:10.676,xt,ACH/USDT:USDT,,,,,0.022323,,6624579.0
1753505713910,04:55:13.910,xt,ACH/USDT:USDT,,,,,0.022323,,6624588.0
1753505717006,04:55:17.006,xt,ACH/USDT:USDT,,,,,0.022323,,6624597.0
1753505719471,04:55:19.471,xt,ACH/USDT:USDT,,,,,0.022323,,6624605.0
1753505722603,04:55:22.603,xt,ACH/USDT:USDT,,,,,0.022323,,6624615.0
1753505725738,04:55:25.738,xt,ACH/USDT:USDT,,,,,0.022323,,6624625.0
1753505728999,04:55:28.999,xt,ACH/USDT:USDT,,,,,0.022325,,6620079.0
1753505731384,04:55:31.384,xt,ACH/USDT:USDT,,,,,0.022325,,6620085.0
1753505734468,04:55:34.468,xt,ACH/USDT:USDT,,,,,0.022328,,6620119.0
1753505737602,04:55:37.602,xt,ACH/USDT:USDT,,,,,0.022328,,6620126.0
1753505740455,04:55:40.455,xt,ACH/USDT:USDT,,,,,0.022328,,6620137.0
1753505743679,04:55:43.679,xt,ACH/USDT:USDT,,,,,0.022329,,6620552.0
1753505747063,04:55:47.063,xt,ACH/USDT:USDT,,,,,0.02233,,6620592.0
1753505749560,04:55:49.560,xt,ACH/USDT:USDT,,,,,0.022331,,6620598.0
1753505752732,04:55:52.732,xt,ACH/USDT:USDT,,,,,0.02233,,6620609.0
1753505755979,04:55:55.979,xt,ACH/USDT:USDT,,,,,0.02232,,6621119.0
1753505758308,04:55:58.308,xt,ACH/USDT:USDT,,,,,0.022321,,6621126.0
1753505761592,04:56:01.592,xt,ACH/USDT:USDT,,,,,0.022321,,6621135.0
1753505764671,04:56:04.671,xt,ACH/USDT:USDT,,,,,0.022321,,6621143.0
1753505767879,04:56:07.879,xt,ACH/USDT:USDT,,,,,0.022322,,6621156.0
1753505770198,04:56:10.198,xt,ACH/USDT:USDT,,,,,0.022322,,6621161.0
1753505773526,04:56:13.526,xt,ACH/USDT:USDT,,,,,0.022325,,6621168.0
1753505776773,04:56:16.773,xt,ACH/USDT:USDT,,,,,0.022325,,6622019.0
1753505779867,04:56:19.867,xt,ACH/USDT:USDT,,,,,0.022325,,6622029.0
1753505782915,04:56:22.915,xt,ACH/USDT:USDT,,,,,0.022325,,6622037.0
1753505785467,04:56:25.467,xt,ACH/USDT:USDT,,,,,0.022325,,6622042.0
1753505788556,04:56:28.556,xt,ACH/USDT:USDT,,,,,0.022325,,6619399.0
1753505791948,04:56:31.948,xt,ACH/USDT:USDT,,,,,0.022326,,6619436.0
1753505794289,04:56:34.289,xt,ACH/USDT:USDT,,,,,0.022326,,6619447.0
1753505797558,04:56:37.558,xt,ACH/USDT:USDT,,,,,0.022325,,6619465.0
1753505800735,04:56:40.735,xt,ACH/USDT:USDT,,,,,0.022323,,6619478.0
1753505803888,04:56:43.888,xt,ACH/USDT:USDT,,,,,0.022323,,6619489.0
1753505807007,04:56:47.007,xt,ACH/USDT:USDT,,,,,0.022323,,6619495.0
1753505809531,04:56:49.531,xt,ACH/USDT:USDT,,,,,0.022323,,6619500.0
1753505812735,04:56:52.735,xt,ACH/USDT:USDT,,,,,0.022323,,6619511.0
1753505815381,04:56:55.381,xt,ACH/USDT:USDT,,,,,0.022323,,6619517.0
1753505818498,04:56:58.498,xt,ACH/USDT:USDT,,,,,0.022323,,6619608.0
1753505821562,04:57:01.562,xt,ACH/USDT:USDT,,,,,0.02232,,6619636.0
1753505824826,04:57:04.826,xt,ACH/USDT:USDT,,,,,0.02232,,6619646.0
1753505827950,04:57:07.950,xt,ACH/USDT:USDT,,,,,0.02232,,6619655.0
1753505830497,04:57:10.497,xt,ACH/USDT:USDT,,,,,0.02232,,6619661.0
1753505833683,04:57:13.683,xt,ACH/USDT:USDT,,,,,0.02232,,6619672.0
1753505836857,04:57:16.857,xt,ACH/USDT:USDT,,,,,0.02232,,6619681.0
1753505839253,04:57:19.253,xt,ACH/USDT:USDT,,,,,0.022316,,6619761.0
1753505842645,04:57:22.645,xt,ACH/USDT:USDT,,,,,0.022316,,6619771.0
1753505845704,04:57:25.704,xt,ACH/USDT:USDT,,,,,0.022316,,6619778.0
1753505849032,04:57:29.032,xt,ACH/USDT:USDT,,,,,0.022316,,6618169.0
1753505851937,04:57:31.937,xt,ACH/USDT:USDT,,,,,0.022316,,6618178.0
1753505854553,04:57:34.553,xt,ACH/USDT:USDT,,,,,0.022316,,6618186.0
1753505857760,04:57:37.760,xt,ACH/USDT:USDT,,,,,0.022317,,6618254.0
1753505861003,04:57:41.003,xt,ACH/USDT:USDT,,,,,0.022317,,6618263.0
1753505863439,04:57:43.439,xt,ACH/USDT:USDT,,,,,0.022309,,6619818.0
1753505866783,04:57:46.783,xt,ACH/USDT:USDT,,,,,0.022309,,6619827.0
1753505869364,04:57:49.364,xt,ACH/USDT:USDT,,,,,0.022309,,6619836.0
1753505872882,04:57:52.882,xt,ACH/USDT:USDT,,,,,0.022309,,6619845.0
1753505875942,04:57:55.942,xt,ACH/USDT:USDT,,,,,0.022309,,6619855.0
1753505878280,04:57:58.280,xt,ACH/USDT:USDT,,,,,0.022309,,6619861.0
1753505881705,04:58:01.705,xt,ACH/USDT:USDT,,,,,0.022309,,6619869.0
1753505885010,04:58:05.010,xt,ACH/USDT:USDT,,,,,0.022309,,6619880.0
1753505887507,04:58:07.507,xt,ACH/USDT:USDT,,,,,0.022309,,6619892.0
1753505890654,04:58:10.654,xt,ACH/USDT:USDT,,,,,0.022309,,6619900.0
1753505893905,04:58:13.905,xt,ACH/USDT:USDT,,,,,0.022309,,6619909.0
1753505896405,04:58:16.405,xt,ACH/USDT:USDT,,,,,0.022309,,6619916.0
1753505899522,04:58:19.522,xt,ACH/USDT:USDT,,,,,0.022309,,6619929.0
1753505902799,04:58:22.799,xt,ACH/USDT:USDT,,,,,0.022316,,6620253.0
1753505905885,04:58:25.885,xt,ACH/USDT:USDT,,,,,0.022313,,6620265.0
1753505908863,04:58:28.863,xt,ACH/USDT:USDT,,,,,0.022313,,6617882.0
1753505911527,04:58:31.527,xt,ACH/USDT:USDT,,,,,0.022315,,6617900.0
1753505914675,04:58:34.675,xt,ACH/USDT:USDT,,,,,0.022316,,6617913.0
1753505917799,04:58:37.799,xt,ACH/USDT:USDT,,,,,0.02232,,6617948.0
1753505920913,04:58:40.913,xt,ACH/USDT:USDT,,,,,0.02232,,6617958.0
1753505923559,04:58:43.559,xt,ACH/USDT:USDT,,,,,0.02232,,6617986.0
1753505926765,04:58:46.765,xt,ACH/USDT:USDT,,,,,0.02232,,6617996.0
1753505929376,04:58:49.376,xt,ACH/USDT:USDT,,,,,0.022324,,6618030.0
1753505932408,04:58:52.408,xt,ACH/USDT:USDT,,,,,0.022322,,6618074.0
1753505935922,04:58:55.922,xt,ACH/USDT:USDT,,,,,0.022322,,6618083.0
1753505938394,04:58:58.394,xt,ACH/USDT:USDT,,,,,0.022326,,6618099.0
1753505941676,04:59:01.676,xt,ACH/USDT:USDT,,,,,0.022326,,6618105.0
1753505944978,04:59:04.978,xt,ACH/USDT:USDT,,,,,0.022326,,6618118.0
1753505947441,04:59:07.441,xt,ACH/USDT:USDT,,,,,0.022326,,6618126.0
1753505950345,04:59:10.345,xt,ACH/USDT:USDT,,,,,0.022329,,6618143.0
1753505953384,04:59:13.384,xt,ACH/USDT:USDT,,,,,0.022329,,6618151.0
1753505956859,04:59:16.859,xt,ACH/USDT:USDT,,,,,0.022329,,6618162.0
1753505959459,04:59:19.459,xt,ACH/USDT:USDT,,,,,0.022329,,6618170.0
1753505962731,04:59:22.731,xt,ACH/USDT:USDT,,,,,0.022329,,6618179.0
1753505965675,04:59:25.675,xt,ACH/USDT:USDT,,,,,0.022329,,6618188.0
1753505968934,04:59:28.934,xt,ACH/USDT:USDT,,,,,0.022329,,6616217.0
1753505971620,04:59:31.620,xt,ACH/USDT:USDT,,,,,0.022329,,6616226.0
1753505975066,04:59:35.066,xt,ACH/USDT:USDT,,,,,0.022329,,6616240.0
1753505977469,04:59:37.469,xt,ACH/USDT:USDT,,,,,0.022329,,6616250.0
1753505980615,04:59:40.615,xt,ACH/USDT:USDT,,,,,0.02233,,6616262.0
1753505983763,04:59:43.763,xt,ACH/USDT:USDT,,,,,0.022331,,6616394.0
1753505986405,04:59:46.405,xt,ACH/USDT:USDT,,,,,0.022331,,6616402.0
1753505989738,04:59:49.738,xt,ACH/USDT:USDT,,,,,0.022331,,6616411.0
1753505992917,04:59:52.917,xt,ACH/USDT:USDT,,,,,0.022331,,6616441.0
1753505995380,04:59:55.380,xt,ACH/USDT:USDT,,,,,0.022331,,6616451.0
1753505998491,04:59:58.491,xt,ACH/USDT:USDT,,,,,0.022331,,6616460.0
1753506001769,05:00:01.769,xt,ACH/USDT:USDT,,,,,0.022332,,6616471.0
1753506004922,05:00:04.922,xt,ACH/USDT:USDT,,,,,0.022333,,6616515.0
1753506008092,05:00:08.092,xt,ACH/USDT:USDT,,,,,0.022335,,6616528.0
1753506010526,05:00:10.526,xt,ACH/USDT:USDT,,,,,0.022335,,6616534.0
1753506013615,05:00:13.615,xt,ACH/USDT:USDT,,,,,0.022335,,6616546.0
1753506016612,05:00:16.612,xt,ACH/USDT:USDT,,,,,0.022333,,6616770.0
1753506019761,05:00:19.761,xt,ACH/USDT:USDT,,,,,0.022333,,6616778.0
1753506022191,05:00:22.191,xt,ACH/USDT:USDT,,,,,0.022333,,6616885.0
1753506025617,05:00:25.617,xt,ACH/USDT:USDT,,,,,0.022332,,6616993.0
1753506029037,05:00:29.037,xt,ACH/USDT:USDT,,,,,0.022332,,6611245.0
1753506031317,05:00:31.317,xt,ACH/USDT:USDT,,,,,0.022332,,6611255.0
1753506034612,05:00:34.612,xt,ACH/USDT:USDT,,,,,0.022332,,6611267.0
1753506037130,05:00:37.130,xt,ACH/USDT:USDT,,,,,0.022332,,6611274.0
1753506040403,05:00:40.403,xt,ACH/USDT:USDT,,,,,0.022332,,6611285.0
1753506043748,05:00:43.748,xt,ACH/USDT:USDT,,,,,0.022332,,6611298.0
1753506046225,05:00:46.225,xt,ACH/USDT:USDT,,,,,0.022332,,6611308.0
1753506049525,05:00:49.525,xt,ACH/USDT:USDT,,,,,0.022331,,6612867.0
1753506052861,05:00:52.861,xt,ACH/USDT:USDT,,,,,0.022328,,6613025.0
1753506055640,05:00:55.640,xt,ACH/USDT:USDT,,,,,0.02232,,6613915.0
1753506058531,05:00:58.531,xt,ACH/USDT:USDT,,,,,0.02232,,6613925.0
1753506061769,05:01:01.769,xt,ACH/USDT:USDT,,,,,0.02232,,6613934.0
1753506064949,05:01:04.949,xt,ACH/USDT:USDT,,,,,0.022329,,6614363.0
1753506067436,05:01:07.436,xt,ACH/USDT:USDT,,,,,0.022329,,6614371.0
1753506070892,05:01:10.892,xt,ACH/USDT:USDT,,,,,0.022329,,6614382.0
1753506073404,05:01:13.404,xt,ACH/USDT:USDT,,,,,0.022329,,6614390.0
1753506076674,05:01:16.674,xt,ACH/USDT:USDT,,,,,0.02233,,6614460.0
1753506079235,05:01:19.235,xt,ACH/USDT:USDT,,,,,0.02233,,6614468.0
1753506082469,05:01:22.469,xt,ACH/USDT:USDT,,,,,0.02233,,6614477.0
1753506085581,05:01:25.581,xt,ACH/USDT:USDT,,,,,0.02233,,6614490.0
1753506088647,05:01:28.647,xt,ACH/USDT:USDT,,,,,0.02233,,6607721.0
1753506091972,05:01:31.972,xt,ACH/USDT:USDT,,,,,0.022331,,6607741.0
1753506094375,05:01:34.375,xt,ACH/USDT:USDT,,,,,0.022331,,6607956.0
1753506097402,05:01:37.402,xt,ACH/USDT:USDT,,,,,0.022331,,6607960.0
1753506100765,05:01:40.765,xt,ACH/USDT:USDT,,,,,0.022331,,6607968.0
1753506104008,05:01:44.008,xt,ACH/USDT:USDT,,,,,0.022331,,6607981.0
1753506106466,05:01:46.466,xt,ACH/USDT:USDT,,,,,0.022331,,6607985.0
1753506109523,05:01:49.523,xt,ACH/USDT:USDT,,,,,0.022331,,6607993.0
1753506112660,05:01:52.660,xt,ACH/USDT:USDT,,,,,0.02233,,6608004.0
1753506115919,05:01:55.919,xt,ACH/USDT:USDT,,,,,0.02233,,6608011.0
1753506118520,05:01:58.520,xt,ACH/USDT:USDT,,,,,0.02233,,6608019.0
1753506121772,05:02:01.772,xt,ACH/USDT:USDT,,,,,0.02233,,6608027.0
1753506124854,05:02:04.854,xt,ACH/USDT:USDT,,,,,0.02233,,6608800.0
1753506127974,05:02:07.974,xt,ACH/USDT:USDT,,,,,0.022329,,6608825.0
1753506130492,05:02:10.492,xt,ACH/USDT:USDT,,,,,0.022325,,6608838.0
1753506133531,05:02:13.531,xt,ACH/USDT:USDT,,,,,0.022325,,6608849.0
1753506136792,05:02:16.792,xt,ACH/USDT:USDT,,,,,0.022325,,6608858.0
1753506139291,05:02:19.291,xt,ACH/USDT:USDT,,,,,0.022325,,6608865.0
1753506142557,05:02:22.557,xt,ACH/USDT:USDT,,,,,0.022324,,6608879.0
1753506145700,05:02:25.700,xt,ACH/USDT:USDT,,,,,0.022322,,6608905.0
1753506148980,05:02:28.980,xt,ACH/USDT:USDT,,,,,0.022322,,6463826.0
1753506151438,05:02:31.438,xt,ACH/USDT:USDT,,,,,0.022322,,6463833.0
1753506154640,05:02:34.640,xt,ACH/USDT:USDT,,,,,0.02232,,6463858.0
1753506157916,05:02:37.916,xt,ACH/USDT:USDT,,,,,0.02232,,6463867.0
1753506160375,05:02:40.375,xt,ACH/USDT:USDT,,,,,0.02232,,6463874.0
1753506163656,05:02:43.656,xt,ACH/USDT:USDT,,,,,0.02232,,6463885.0
1753506166893,05:02:46.893,xt,ACH/USDT:USDT,,,,,0.02232,,6463905.0
1753506169983,05:02:49.983,xt,ACH/USDT:USDT,,,,,0.02232,,6463916.0
1753506172321,05:02:52.321,xt,ACH/USDT:USDT,,,,,0.02232,,6463923.0
1753506175734,05:02:55.734,xt,ACH/USDT:USDT,,,,,0.02232,,6463931.0
1753506179031,05:02:59.031,xt,ACH/USDT:USDT,,,,,0.022322,,6464332.0
1753506182097,05:03:02.097,xt,ACH/USDT:USDT,,,,,0.022322,,6464342.0
1753506184647,05:03:04.647,xt,ACH/USDT:USDT,,,,,0.022329,,6464370.0
1753506187901,05:03:07.901,xt,ACH/USDT:USDT,,,,,0.022328,,6464379.0
1753506190982,05:03:10.982,xt,ACH/USDT:USDT,,,,,0.022328,,6464390.0
1753506194073,05:03:14.073,xt,ACH/USDT:USDT,,,,,0.022328,,6464398.0
1753506196798,05:03:16.798,xt,ACH/USDT:USDT,,,,,0.022328,,6464404.0
1753506200033,05:03:20.033,xt,ACH/USDT:USDT,,,,,0.022328,,6464412.0
1753506202646,05:03:22.646,xt,ACH/USDT:USDT,,,,,0.022328,,6464416.0
1753506205706,05:03:25.706,xt,ACH/USDT:USDT,,,,,0.022332,,6464442.0
1753506208982,05:03:28.982,xt,ACH/USDT:USDT,,,,,0.022332,,6438167.0
1753506211501,05:03:31.501,xt,ACH/USDT:USDT,,,,,0.022332,,6438172.0
1753506214823,05:03:34.823,xt,ACH/USDT:USDT,,,,,0.022332,,6438183.0
1753506217341,05:03:37.341,xt,ACH/USDT:USDT,,,,,0.022332,,6438190.0
1753506220442,05:03:40.442,xt,ACH/USDT:USDT,,,,,0.022332,,6438197.0
1753506223710,05:03:43.710,xt,ACH/USDT:USDT,,,,,0.022334,,6438230.0
1753506226378,05:03:46.378,xt,ACH/USDT:USDT,,,,,0.022334,,6438238.0
1753506229585,05:03:49.585,xt,ACH/USDT:USDT,,,,,0.022334,,6438243.0
1753506233010,05:03:53.010,xt,ACH/USDT:USDT,,,,,0.022334,,6438258.0
1753506235319,05:03:55.319,xt,ACH/USDT:USDT,,,,,0.022334,,6438264.0
1753506239068,05:03:59.068,xt,ACH/USDT:USDT,,,,,0.022334,,6438276.0
1753506241443,05:04:01.443,xt,ACH/USDT:USDT,,,,,0.022334,,6438614.0
1753506244493,05:04:04.493,xt,ACH/USDT:USDT,,,,,0.022334,,6438624.0
1753506247857,05:04:07.857,xt,ACH/USDT:USDT,,,,,0.022334,,6438638.0
1753506250315,05:04:10.315,xt,ACH/USDT:USDT,,,,,0.022335,,6438676.0
1753506253613,05:04:13.613,xt,ACH/USDT:USDT,,,,,0.022335,,6438689.0
1753506256925,05:04:16.925,xt,ACH/USDT:USDT,,,,,0.022335,,6438699.0
1753506260035,05:04:20.035,xt,ACH/USDT:USDT,,,,,0.022335,,6438708.0
1753506263101,05:04:23.101,xt,ACH/USDT:USDT,,,,,0.022335,,6438718.0
1753506265660,05:04:25.660,xt,ACH/USDT:USDT,,,,,0.022335,,6438725.0
1753506268860,05:04:28.860,xt,ACH/USDT:USDT,,,,,0.022334,,6431752.0
1753506271341,05:04:31.341,xt,ACH/USDT:USDT,,,,,0.022334,,6431759.0
1753506274523,05:04:34.523,xt,ACH/USDT:USDT,,,,,0.022334,,6431769.0
1753506277770,05:04:37.770,xt,ACH/USDT:USDT,,,,,0.022334,,6431782.0
1753506281004,05:04:41.004,xt,ACH/USDT:USDT,,,,,0.022334,,6431793.0
1753506283598,05:04:43.598,xt,ACH/USDT:USDT,,,,,0.022334,,6431802.0
1753506286991,05:04:46.991,xt,ACH/USDT:USDT,,,,,0.022347,,6434074.0
1753506290036,05:04:50.036,xt,ACH/USDT:USDT,,,,,0.022344,,6434094.0
1753506292561,05:04:52.561,xt,ACH/USDT:USDT,,,,,0.022344,,6434102.0
1753506295828,05:04:55.828,xt,ACH/USDT:USDT,,,,,0.022344,,6434114.0
1753506299123,05:04:59.123,xt,ACH/USDT:USDT,,,,,0.022344,,6434123.0
1753506301431,05:05:01.431,xt,ACH/USDT:USDT,,,,,0.022344,,6434129.0
1753506304528,05:05:04.528,xt,ACH/USDT:USDT,,,,,0.022343,,6434141.0
1753506307913,05:05:07.913,xt,ACH/USDT:USDT,,,,,0.022345,,6434168.0
1753506310398,05:05:10.398,xt,ACH/USDT:USDT,,,,,0.022347,,6434180.0
1753506313522,05:05:13.522,xt,ACH/USDT:USDT,,,,,0.022348,,6434231.0
1753506316651,05:05:16.651,xt,ACH/USDT:USDT,,,,,0.022351,,6434257.0
1753506319798,05:05:19.798,xt,ACH/USDT:USDT,,,,,0.022353,,6434270.0
1753506323065,05:05:23.065,xt,ACH/USDT:USDT,,,,,0.022351,,6434281.0
1753506325379,05:05:25.379,xt,ACH/USDT:USDT,,,,,0.022351,,6434286.0
1753506328645,05:05:28.645,xt,ACH/USDT:USDT,,,,,0.022355,,6421352.0
1753506332081,05:05:32.081,xt,ACH/USDT:USDT,,,,,0.022355,,6421362.0
1753506334614,05:05:34.614,xt,ACH/USDT:USDT,,,,,0.022354,,6421426.0
1753506337945,05:05:37.945,xt,ACH/USDT:USDT,,,,,0.022354,,6421633.0
1753506340526,05:05:40.526,xt,ACH/USDT:USDT,,,,,0.022347,,6422088.0
1753506343620,05:05:43.620,xt,ACH/USDT:USDT,,,,,0.022351,,6422208.0
1753506346711,05:05:46.711,xt,ACH/USDT:USDT,,,,,0.022351,,6422219.0
1753506349743,05:05:49.743,xt,ACH/USDT:USDT,,,,,0.022351,,6422230.0
1753506353007,05:05:53.007,xt,ACH/USDT:USDT,,,,,0.022351,,6422242.0
1753506355528,05:05:55.528,xt,ACH/USDT:USDT,,,,,0.022351,,6422250.0
1753506358770,05:05:58.770,xt,ACH/USDT:USDT,,,,,0.022351,,6422260.0
1753506361465,05:06:01.465,xt,ACH/USDT:USDT,,,,,0.022351,,6422265.0
1753506364732,05:06:04.732,xt,ACH/USDT:USDT,,,,,0.022348,,6422420.0
1753506367992,05:06:07.992,xt,ACH/USDT:USDT,,,,,0.022345,,6422429.0
1753506370379,05:06:10.379,xt,ACH/USDT:USDT,,,,,0.022344,,6422530.0
1753506373674,05:06:13.674,xt,ACH/USDT:USDT,,,,,0.022344,,6422539.0
1753506376939,05:06:16.939,xt,ACH/USDT:USDT,,,,,0.022345,,6422590.0
1753506379433,05:06:19.433,xt,ACH/USDT:USDT,,,,,0.022345,,6422598.0
1753506382794,05:06:22.794,xt,ACH/USDT:USDT,,,,,0.022345,,6422610.0
1753506385408,05:06:25.408,xt,ACH/USDT:USDT,,,,,0.022345,,6422617.0
1753506388822,05:06:28.822,xt,ACH/USDT:USDT,,,,,0.022345,,6412533.0
1753506391471,05:06:31.471,xt,ACH/USDT:USDT,,,,,0.022345,,6412552.0
1753506394493,05:06:34.493,xt,ACH/USDT:USDT,,,,,0.022345,,6412566.0
1753506397543,05:06:37.543,xt,ACH/USDT:USDT,,,,,0.022345,,6412575.0
1753506401013,05:06:41.013,xt,ACH/USDT:USDT,,,,,0.022347,,6412642.0
1753506403437,05:06:43.437,xt,ACH/USDT:USDT,,,,,0.022349,,6412648.0
1753506406793,05:06:46.793,xt,ACH/USDT:USDT,,,,,0.022349,,6412657.0
1753506409520,05:06:49.520,xt,ACH/USDT:USDT,,,,,0.022349,,6412666.0
1753506412981,05:06:52.981,xt,ACH/USDT:USDT,,,,,0.022349,,6412674.0
1753506415579,05:06:55.579,xt,ACH/USDT:USDT,,,,,0.022349,,6412682.0
1753506418762,05:06:58.762,xt,ACH/USDT:USDT,,,,,0.02235,,6412688.0
1753506421321,05:07:01.321,xt,ACH/USDT:USDT,,,,,0.022349,,6412699.0
1753506424555,05:07:04.555,xt,ACH/USDT:USDT,,,,,0.022345,,6412839.0
1753506427851,05:07:07.851,xt,ACH/USDT:USDT,,,,,0.022345,,6412850.0
1753506430861,05:07:10.861,xt,ACH/USDT:USDT,,,,,0.022345,,6412858.0
1753506433373,05:07:13.373,xt,ACH/USDT:USDT,,,,,0.022345,,6412868.0
1753506436468,05:07:16.468,xt,ACH/USDT:USDT,,,,,0.022345,,6412877.0
1753506439554,05:07:19.554,xt,ACH/USDT:USDT,,,,,0.022345,,6412890.0
1753506442675,05:07:22.675,xt,ACH/USDT:USDT,,,,,0.022335,,6412994.0
1753506445949,05:07:25.949,xt,ACH/USDT:USDT,,,,,0.022335,,6413007.0
1753506448566,05:07:28.566,xt,ACH/USDT:USDT,,,,,0.022332,,6404836.0
1753506451642,05:07:31.642,xt,ACH/USDT:USDT,,,,,0.022332,,6404847.0
1753506454944,05:07:34.944,xt,ACH/USDT:USDT,,,,,0.022331,,6404874.0
1753506457523,05:07:37.523,xt,ACH/USDT:USDT,,,,,0.022331,,6404881.0
1753506460741,05:07:40.741,xt,ACH/USDT:USDT,,,,,0.022331,,6404886.0
1753506463734,05:07:43.734,xt,ACH/USDT:USDT,,,,,0.022331,,6404894.0
1753506467042,05:07:47.042,xt,ACH/USDT:USDT,,,,,0.022331,,6404906.0
1753506469498,05:07:49.498,xt,ACH/USDT:USDT,,,,,0.022331,,6404912.0
1753506472465,05:07:52.465,xt,ACH/USDT:USDT,,,,,0.022331,,6404922.0
1753506475520,05:07:55.520,xt,ACH/USDT:USDT,,,,,0.022331,,6404929.0
1753506478711,05:07:58.711,xt,ACH/USDT:USDT,,,,,0.022331,,6404940.0
1753506482014,05:08:02.014,xt,ACH/USDT:USDT,,,,,0.022329,,6404999.0
1753506484282,05:08:04.282,xt,ACH/USDT:USDT,,,,,0.022323,,6405284.0
1753506487739,05:08:07.739,xt,ACH/USDT:USDT,,,,,0.022325,,6405877.0
1753506490715,05:08:10.715,xt,ACH/USDT:USDT,,,,,0.022325,,6405884.0
1753506493886,05:08:13.886,xt,ACH/USDT:USDT,,,,,0.022325,,6405895.0
1753506496310,05:08:16.310,xt,ACH/USDT:USDT,,,,,0.022325,,6405905.0
1753506499730,05:08:19.730,xt,ACH/USDT:USDT,,,,,0.022325,,6405918.0
1753506502943,05:08:22.943,xt,ACH/USDT:USDT,,,,,0.022325,,6405930.0
1753506505489,05:08:25.489,xt,ACH/USDT:USDT,,,,,0.022324,,6405940.0
1753506508768,05:08:28.768,xt,ACH/USDT:USDT,,,,,0.022324,,6402721.0
1753506511975,05:08:31.975,xt,ACH/USDT:USDT,,,,,0.022317,,6403478.0
1753506514315,05:08:34.315,xt,ACH/USDT:USDT,,,,,0.022317,,6403486.0
1753506517471,05:08:37.471,xt,ACH/USDT:USDT,,,,,0.022317,,6403493.0
1753506520675,05:08:40.675,xt,ACH/USDT:USDT,,,,,0.022317,,6403505.0
1753506523923,05:08:43.923,xt,ACH/USDT:USDT,,,,,0.022317,,6403518.0
1753506526614,05:08:46.614,xt,ACH/USDT:USDT,,,,,0.022317,,6403524.0
1753506529317,05:08:49.317,xt,ACH/USDT:USDT,,,,,0.022317,,6403531.0
1753506532465,05:08:52.465,xt,ACH/USDT:USDT,,,,,0.022317,,6403543.0
1753506535914,05:08:55.914,xt,ACH/USDT:USDT,,,,,0.022317,,6403553.0
1753506538330,05:08:58.330,xt,ACH/USDT:USDT,,,,,0.022317,,6403559.0
1753506541585,05:09:01.585,xt,ACH/USDT:USDT,,,,,0.022317,,6403568.0
1753506545009,05:09:05.009,xt,ACH/USDT:USDT,,,,,0.022317,,6403580.0
1753506547435,05:09:07.435,xt,ACH/USDT:USDT,,,,,0.022315,,6403622.0
1753506550888,05:09:10.888,xt,ACH/USDT:USDT,,,,,0.022315,,6403632.0
1753506554063,05:09:14.063,xt,ACH/USDT:USDT,,,,,0.022315,,6403645.0
1753506556461,05:09:16.461,xt,ACH/USDT:USDT,,,,,0.022315,,6403655.0
1753506559586,05:09:19.586,xt,ACH/USDT:USDT,,,,,0.02232,,6404168.0
1753506562828,05:09:22.828,xt,ACH/USDT:USDT,,,,,0.02232,,6404178.0
1753506565856,05:09:25.856,xt,ACH/USDT:USDT,,,,,0.022321,,6404433.0
1753506568252,05:09:28.252,xt,ACH/USDT:USDT,,,,,0.022324,,6401097.0
1753506571498,05:09:31.498,xt,ACH/USDT:USDT,,,,,0.022324,,6401102.0
1753506574881,05:09:34.881,xt,ACH/USDT:USDT,,,,,0.022324,,6401112.0
1753506577902,05:09:37.902,xt,ACH/USDT:USDT,,,,,0.022324,,6401124.0
1753506580400,05:09:40.400,xt,ACH/USDT:USDT,,,,,0.022324,,6401134.0
1753506583828,05:09:43.828,xt,ACH/USDT:USDT,,,,,0.022324,,6401142.0
1753506586951,05:09:46.951,xt,ACH/USDT:USDT,,,,,0.022324,,6401149.0
1753506589463,05:09:49.463,xt,ACH/USDT:USDT,,,,,0.022324,,6401159.0
1753506592826,05:09:52.826,xt,ACH/USDT:USDT,,,,,0.022324,,6401168.0
1753506595468,05:09:55.468,xt,ACH/USDT:USDT,,,,,0.022324,,6401173.0
1753506598734,05:09:58.734,xt,ACH/USDT:USDT,,,,,0.022324,,6401182.0
1753506601914,05:10:01.914,xt,ACH/USDT:USDT,,,,,0.022324,,6401226.0
1753506605101,05:10:05.101,xt,ACH/USDT:USDT,,,,,0.022322,,6401238.0
1753506607640,05:10:07.640,xt,ACH/USDT:USDT,,,,,0.022321,,6401244.0
1753506610858,05:10:10.858,xt,ACH/USDT:USDT,,,,,0.022321,,6401254.0
1753506613910,05:10:13.910,xt,ACH/USDT:USDT,,,,,0.022324,,6401273.0
1753506616352,05:10:16.352,xt,ACH/USDT:USDT,,,,,0.022324,,6401279.0
1753506619439,05:10:19.439,xt,ACH/USDT:USDT,,,,,0.022324,,6401285.0
1753506622881,05:10:22.881,xt,ACH/USDT:USDT,,,,,0.022327,,6401544.0
1753506625466,05:10:25.466,xt,ACH/USDT:USDT,,,,,0.022327,,6401553.0
1753506628763,05:10:28.763,xt,ACH/USDT:USDT,,,,,0.022327,,6397055.0
1753506631855,05:10:31.855,xt,ACH/USDT:USDT,,,,,0.022327,,6397149.0
1753506634442,05:10:34.442,xt,ACH/USDT:USDT,,,,,0.022327,,6397157.0
1753506637653,05:10:37.653,xt,ACH/USDT:USDT,,,,,0.022323,,6397168.0
1753506640861,05:10:40.861,xt,ACH/USDT:USDT,,,,,0.022323,,6397180.0
1753506644032,05:10:44.032,xt,ACH/USDT:USDT,,,,,0.022319,,6397234.0
1753506646522,05:10:46.522,xt,ACH/USDT:USDT,,,,,0.022319,,6397240.0
1753506649650,05:10:49.650,xt,ACH/USDT:USDT,,,,,0.022319,,6397249.0
1753506652103,05:10:52.103,xt,ACH/USDT:USDT,,,,,0.02232,,6397258.0
1753506655584,05:10:55.584,xt,ACH/USDT:USDT,,,,,0.02232,,6397270.0
1753506658646,05:10:58.646,xt,ACH/USDT:USDT,,,,,0.022323,,6397291.0
1753506661736,05:11:01.736,xt,ACH/USDT:USDT,,,,,0.022323,,6397299.0
1753506664942,05:11:04.942,xt,ACH/USDT:USDT,,,,,0.022321,,6397317.0
1753506667493,05:11:07.493,xt,ACH/USDT:USDT,,,,,0.022321,,6397324.0
1753506670644,05:11:10.644,xt,ACH/USDT:USDT,,,,,0.02232,,6397592.0
1753506673772,05:11:13.772,xt,ACH/USDT:USDT,,,,,0.02232,,6397607.0
1753506677068,05:11:17.068,xt,ACH/USDT:USDT,,,,,0.02232,,6397622.0
1753506679459,05:11:19.459,xt,ACH/USDT:USDT,,,,,0.02232,,6397631.0
1753506682793,05:11:22.793,xt,ACH/USDT:USDT,,,,,0.02232,,6397640.0
1753506685491,05:11:25.491,xt,ACH/USDT:USDT,,,,,0.022321,,6397703.0
1753506688953,05:11:28.953,xt,ACH/USDT:USDT,,,,,0.022323,,6393130.0
1753506691318,05:11:31.318,xt,ACH/USDT:USDT,,,,,0.022323,,6393136.0
1753506694521,05:11:34.521,xt,ACH/USDT:USDT,,,,,0.022326,,6393146.0
1753506697616,05:11:37.616,xt,ACH/USDT:USDT,,,,,0.022326,,6393156.0
1753506700824,05:11:40.824,xt,ACH/USDT:USDT,,,,,0.022326,,6393162.0
1753506703764,05:11:43.764,xt,ACH/USDT:USDT,,,,,0.022326,,6393169.0
1753506706946,05:11:46.946,xt,ACH/USDT:USDT,,,,,0.022326,,6393181.0
1753506709256,05:11:49.256,xt,ACH/USDT:USDT,,,,,0.022326,,6393189.0
1753506712538,05:11:52.538,xt,ACH/USDT:USDT,,,,,0.022326,,6393198.0
1753506715762,05:11:55.762,xt,ACH/USDT:USDT,,,,,0.022327,,6393232.0
1753506718240,05:11:58.240,xt,ACH/USDT:USDT,,,,,0.022328,,6393258.0
1753506721763,05:12:01.763,xt,ACH/USDT:USDT,,,,,0.022328,,6393265.0
1753506725012,05:12:05.012,xt,ACH/USDT:USDT,,,,,0.022334,,6394722.0
1753506727588,05:12:07.588,xt,ACH/USDT:USDT,,,,,0.022334,,6394730.0
1753506730733,05:12:10.733,xt,ACH/USDT:USDT,,,,,0.022334,,6394736.0
1753506733923,05:12:13.923,xt,ACH/USDT:USDT,,,,,0.022334,,6394746.0
1753506736589,05:12:16.589,xt,ACH/USDT:USDT,,,,,0.022334,,6394994.0
1753506739901,05:12:19.901,xt,ACH/USDT:USDT,,,,,0.022332,,6395108.0
1753506742411,05:12:22.411,xt,ACH/USDT:USDT,,,,,0.022328,,6395141.0
1753506745588,05:12:25.588,xt,ACH/USDT:USDT,,,,,0.022328,,6395154.0
1753506748831,05:12:28.831,xt,ACH/USDT:USDT,,,,,0.022329,,6387911.0
1753506751822,05:12:31.822,xt,ACH/USDT:USDT,,,,,0.022328,,6387931.0
1753506754280,05:12:34.280,xt,ACH/USDT:USDT,,,,,0.022328,,6387938.0
1753506757493,05:12:37.493,xt,ACH/USDT:USDT,,,,,0.022328,,6387951.0
1753506760673,05:12:40.673,xt,ACH/USDT:USDT,,,,,0.022328,,6387965.0
1753506763894,05:12:43.894,xt,ACH/USDT:USDT,,,,,0.022329,,6388067.0
1753506766379,05:12:46.379,xt,ACH/USDT:USDT,,,,,0.022329,,6388076.0
1753506769774,05:12:49.774,xt,ACH/USDT:USDT,,,,,0.022329,,6388083.0
1753506773035,05:12:53.035,xt,ACH/USDT:USDT,,,,,0.022328,,6388093.0
1753506775640,05:12:55.640,xt,ACH/USDT:USDT,,,,,0.02233,,6388100.0
1753506778734,05:12:58.734,xt,ACH/USDT:USDT,,,,,0.02233,,6388109.0
1753506781949,05:13:01.949,xt,ACH/USDT:USDT,,,,,0.022328,,6388654.0
1753506784447,05:13:04.447,xt,ACH/USDT:USDT,,,,,0.022325,,6388701.0
1753506787731,05:13:07.731,xt,ACH/USDT:USDT,,,,,0.022323,,6388712.0
1753506790976,05:13:10.976,xt,ACH/USDT:USDT,,,,,0.022323,,6388718.0
1753506793471,05:13:13.471,xt,ACH/USDT:USDT,,,,,0.022323,,6388727.0
1753506796886,05:13:16.886,xt,ACH/USDT:USDT,,,,,0.022326,,6388794.0
1753506799219,05:13:19.219,xt,ACH/USDT:USDT,,,,,0.022326,,6388804.0
1753506802765,05:13:22.765,xt,ACH/USDT:USDT,,,,,0.022326,,6388814.0
1753506805911,05:13:25.911,xt,ACH/USDT:USDT,,,,,0.022327,,6388838.0
1753506808233,05:13:28.233,xt,ACH/USDT:USDT,,,,,0.022327,,6380620.0
1753506811585,05:13:31.585,xt,ACH/USDT:USDT,,,,,0.022327,,6380629.0
1753506814611,05:13:34.611,xt,ACH/USDT:USDT,,,,,0.02233,,6380648.0
1753506817829,05:13:37.829,xt,ACH/USDT:USDT,,,,,0.02233,,6380658.0
1753506820862,05:13:40.862,xt,ACH/USDT:USDT,,,,,0.02233,,6380668.0
1753506823439,05:13:43.439,xt,ACH/USDT:USDT,,,,,0.022332,,6380675.0
1753506826829,05:13:46.829,xt,ACH/USDT:USDT,,,,,0.022332,,6380685.0
1753506829418,05:13:49.418,xt,ACH/USDT:USDT,,,,,0.022334,,6380746.0
1753506832403,05:13:52.403,xt,ACH/USDT:USDT,,,,,0.022335,,6380761.0
1753506835652,05:13:55.652,xt,ACH/USDT:USDT,,,,,0.022335,,6380774.0
1753506838763,05:13:58.763,xt,ACH/USDT:USDT,,,,,0.022335,,6380784.0
1753506841973,05:14:01.973,xt,ACH/USDT:USDT,,,,,0.022335,,6380793.0
1753506844469,05:14:04.469,xt,ACH/USDT:USDT,,,,,0.022335,,6380803.0
1753506847529,05:14:07.529,xt,ACH/USDT:USDT,,,,,0.022333,,6380890.0
1753506850469,05:14:10.469,xt,ACH/USDT:USDT,,,,,0.022333,,6380898.0
1753506853853,05:14:13.853,xt,ACH/USDT:USDT,,,,,0.022333,,6380907.0
1753506856222,05:14:16.222,xt,ACH/USDT:USDT,,,,,0.022333,,6380913.0
1753506859432,05:14:19.432,xt,ACH/USDT:USDT,,,,,0.022333,,6380923.0
1753506862554,05:14:22.554,xt,ACH/USDT:USDT,,,,,0.022333,,6380934.0
1753506865883,05:14:25.883,xt,ACH/USDT:USDT,,,,,0.022333,,6380945.0
1753506869005,05:14:29.005,xt,ACH/USDT:USDT,,,,,0.022333,,6321024.0
1753506871409,05:14:31.409,xt,ACH/USDT:USDT,,,,,0.022333,,6321030.0
1753506874522,05:14:34.522,xt,ACH/USDT:USDT,,,,,0.022332,,6321087.0
1753506878025,05:14:38.025,xt,ACH/USDT:USDT,,,,,0.022331,,6321104.0
1753506880553,05:14:40.553,xt,ACH/USDT:USDT,,,,,0.022329,,6321114.0
1753506883922,05:14:43.922,xt,ACH/USDT:USDT,,,,,0.02233,,6321167.0
1753506886622,05:14:46.622,xt,ACH/USDT:USDT,,,,,0.02233,,6321171.0
1753506889769,05:14:49.769,xt,ACH/USDT:USDT,,,,,0.02233,,6321181.0
1753506892286,05:14:52.286,xt,ACH/USDT:USDT,,,,,0.02233,,6321190.0
1753506895525,05:14:55.525,xt,ACH/USDT:USDT,,,,,0.02233,,6321195.0
1753506898702,05:14:58.702,xt,ACH/USDT:USDT,,,,,0.022335,,6321245.0
1753506902031,05:15:02.031,xt,ACH/USDT:USDT,,,,,0.022335,,6321259.0
1753506904346,05:15:04.346,xt,ACH/USDT:USDT,,,,,0.022335,,6321268.0
1753506907740,05:15:07.740,xt,ACH/USDT:USDT,,,,,0.02233,,6321281.0
1753506910852,05:15:10.852,xt,ACH/USDT:USDT,,,,,0.02233,,6321291.0
1753506914008,05:15:14.008,xt,ACH/USDT:USDT,,,,,0.022335,,6321353.0
1753506916350,05:15:16.350,xt,ACH/USDT:USDT,,,,,0.022338,,6321464.0
1753506919856,05:15:19.856,xt,ACH/USDT:USDT,,,,,0.022338,,6321475.0
1753506922194,05:15:22.194,xt,ACH/USDT:USDT,,,,,0.022338,,6321484.0
1753506925496,05:15:25.496,xt,ACH/USDT:USDT,,,,,0.022341,,6321598.0
1753506928617,05:15:28.617,xt,ACH/USDT:USDT,,,,,0.02234,,6314241.0
1753506931892,05:15:31.892,xt,ACH/USDT:USDT,,,,,0.022342,,6314269.0
1753506935038,05:15:35.038,xt,ACH/USDT:USDT,,,,,0.022342,,6314281.0
1753506937462,05:15:37.462,xt,ACH/USDT:USDT,,,,,0.022342,,6314289.0
1753506940435,05:15:40.435,xt,ACH/USDT:USDT,,,,,0.022342,,6314299.0
1753506943851,05:15:43.851,xt,ACH/USDT:USDT,,,,,0.022342,,6314310.0
1753506947062,05:15:47.062,xt,ACH/USDT:USDT,,,,,0.022348,,6314341.0
1753506949530,05:15:49.530,xt,ACH/USDT:USDT,,,,,0.022348,,6314349.0
1753506952682,05:15:52.682,xt,ACH/USDT:USDT,,,,,0.022356,,6314416.0
1753506955799,05:15:55.799,xt,ACH/USDT:USDT,,,,,0.022362,,6314492.0
1753506959035,05:15:59.035,xt,ACH/USDT:USDT,,,,,0.022366,,6314510.0
1753506961538,05:16:01.538,xt,ACH/USDT:USDT,,,,,0.022367,,6314534.0
1753506964763,05:16:04.763,xt,ACH/USDT:USDT,,,,,0.022367,,6314542.0
1753506967194,05:16:07.194,xt,ACH/USDT:USDT,,,,,0.022369,,6314689.0
1753506970469,05:16:10.469,xt,ACH/USDT:USDT,,,,,0.022373,,6314950.0
1753506973705,05:16:13.705,xt,ACH/USDT:USDT,,,,,0.022375,,6314969.0
1753506976741,05:16:16.741,xt,ACH/USDT:USDT,,,,,0.022375,,6314978.0
1753506979825,05:16:19.825,xt,ACH/USDT:USDT,,,,,0.022375,,6314985.0
1753506983011,05:16:23.011,xt,ACH/USDT:USDT,,,,,0.022375,,6314992.0
1753506985581,05:16:25.581,xt,ACH/USDT:USDT,,,,,0.022378,,6315006.0
1753506988766,05:16:28.766,xt,ACH/USDT:USDT,,,,,0.022377,,6312781.0
1753506991944,05:16:31.944,xt,ACH/USDT:USDT,,,,,0.022377,,6312793.0
1753506994519,05:16:34.519,xt,ACH/USDT:USDT,,,,,0.022377,,6312800.0
1753506997590,05:16:37.590,xt,ACH/USDT:USDT,,,,,0.022377,,6312810.0
1753507000713,05:16:40.713,xt,ACH/USDT:USDT,,,,,0.022377,,6312820.0
1753507003951,05:16:43.951,xt,ACH/USDT:USDT,,,,,0.02238,,6312834.0
1753507006473,05:16:46.473,xt,ACH/USDT:USDT,,,,,0.02238,,6312842.0
