timestamp,time,exchange,symbol,bid,bidVolume,ask,askVolume,lastPrice,baseVolume,quoteVolume
1753504792899,04:39:52.899,xt,AAVE/USDT:USDT,,,,,297.43,,1643590.0
1753504795248,04:39:55.248,xt,AAVE/USDT:USDT,,,,,297.41,,1643599.0
1753504798468,04:39:58.468,xt,AAVE/USDT:USDT,,,,,297.44,,1643614.0
1753504801797,04:40:01.797,xt,AAVE/USDT:USDT,,,,,297.44,,1643627.0
1753504804970,04:40:04.970,xt,AAVE/USDT:USDT,,,,,297.45,,1643636.0
1753504807458,04:40:07.458,xt,AAVE/USDT:USDT,,,,,297.44,,1643643.0
1753504810701,04:40:10.701,xt,AAVE/USDT:USDT,,,,,297.44,,1643652.0
1753504814008,04:40:14.008,xt,AAVE/USDT:USDT,,,,,297.44,,1643659.0
1753504816561,04:40:16.561,xt,AAVE/USDT:USDT,,,,,297.53,,1643779.0
1753504819762,04:40:19.762,xt,AAVE/USDT:USDT,,,,,297.53,,1643790.0
1753504822887,04:40:22.887,xt,AAVE/USDT:USDT,,,,,297.57,,1643813.0
1753504825943,04:40:25.943,xt,AAVE/USDT:USDT,,,,,297.54,,1643843.0
1753504828999,04:40:28.999,xt,AAVE/USDT:USDT,,,,,297.51,,1641810.0
1753504831435,04:40:31.435,xt,AAVE/USDT:USDT,,,,,297.51,,1641817.0
1753504834796,04:40:34.796,xt,AAVE/USDT:USDT,,,,,297.51,,1641862.0
1753504837980,04:40:37.980,xt,AAVE/USDT:USDT,,,,,297.53,,1641877.0
1753504840380,04:40:40.380,xt,AAVE/USDT:USDT,,,,,297.36,,1641941.0
1753504843494,04:40:43.494,xt,AAVE/USDT:USDT,,,,,297.41,,1641956.0
1753504846644,04:40:46.644,xt,AAVE/USDT:USDT,,,,,297.44,,1641969.0
1753504849614,04:40:49.614,xt,AAVE/USDT:USDT,,,,,297.49,,1642032.0
1753504853058,04:40:53.058,xt,AAVE/USDT:USDT,,,,,297.49,,1642038.0
1753504855732,04:40:55.732,xt,AAVE/USDT:USDT,,,,,297.54,,1642048.0
1753504859031,04:40:59.031,xt,AAVE/USDT:USDT,,,,,297.54,,1642057.0
1753504861530,04:41:01.530,xt,AAVE/USDT:USDT,,,,,297.55,,1642067.0
1753504864668,04:41:04.668,xt,AAVE/USDT:USDT,,,,,297.6,,1642104.0
1753504867972,04:41:07.972,xt,AAVE/USDT:USDT,,,,,297.65,,1642115.0
1753504870439,04:41:10.439,xt,AAVE/USDT:USDT,,,,,297.65,,1642124.0
1753504873466,04:41:13.466,xt,AAVE/USDT:USDT,,,,,297.65,,1642134.0
1753504876549,04:41:16.549,xt,AAVE/USDT:USDT,,,,,297.65,,1642145.0
1753504879677,04:41:19.677,xt,AAVE/USDT:USDT,,,,,297.65,,1642153.0
1753504882861,04:41:22.861,xt,AAVE/USDT:USDT,,,,,297.65,,1642164.0
1753504885999,04:41:25.999,xt,AAVE/USDT:USDT,,,,,297.68,,1642180.0
1753504888610,04:41:28.610,xt,AAVE/USDT:USDT,,,,,297.68,,1640338.0
1753504891537,04:41:31.537,xt,AAVE/USDT:USDT,,,,,297.68,,1640351.0
1753504894797,04:41:34.797,xt,AAVE/USDT:USDT,,,,,297.76,,1640377.0
1753504898092,04:41:38.092,xt,AAVE/USDT:USDT,,,,,297.76,,1640386.0
1753504900465,04:41:40.465,xt,AAVE/USDT:USDT,,,,,297.78,,1640395.0
1753504904063,04:41:44.063,xt,AAVE/USDT:USDT,,,,,297.79,,1640404.0
1753504906278,04:41:46.278,xt,AAVE/USDT:USDT,,,,,297.79,,1640409.0
1753504909680,04:41:49.680,xt,AAVE/USDT:USDT,,,,,297.8,,1640417.0
1753504912198,04:41:52.198,xt,AAVE/USDT:USDT,,,,,297.8,,1640424.0
1753504915379,04:41:55.379,xt,AAVE/USDT:USDT,,,,,297.8,,1640433.0
1753504918616,04:41:58.616,xt,AAVE/USDT:USDT,,,,,297.81,,1640439.0
1753504921831,04:42:01.831,xt,AAVE/USDT:USDT,,,,,297.82,,1640461.0
1753504924315,04:42:04.315,xt,AAVE/USDT:USDT,,,,,297.87,,1640475.0
1753504927699,04:42:07.699,xt,AAVE/USDT:USDT,,,,,297.88,,1640933.0
1753504930856,04:42:10.856,xt,AAVE/USDT:USDT,,,,,297.88,,1640941.0
1753504933767,04:42:13.767,xt,AAVE/USDT:USDT,,,,,297.92,,1640965.0
1753504937064,04:42:17.064,xt,AAVE/USDT:USDT,,,,,297.94,,1640992.0
1753504939399,04:42:19.399,xt,AAVE/USDT:USDT,,,,,297.93,,1640996.0
1753504942763,04:42:22.763,xt,AAVE/USDT:USDT,,,,,297.94,,1641118.0
1753504946092,04:42:26.092,xt,AAVE/USDT:USDT,,,,,297.92,,1641132.0
1753504948341,04:42:28.341,xt,AAVE/USDT:USDT,,,,,297.93,,1639840.0
1753504951682,04:42:31.682,xt,AAVE/USDT:USDT,,,,,297.91,,1639888.0
1753504955127,04:42:35.127,xt,AAVE/USDT:USDT,,,,,297.91,,1639900.0
1753504957500,04:42:37.500,xt,AAVE/USDT:USDT,,,,,297.91,,1639904.0
1753504960849,04:42:40.849,xt,AAVE/USDT:USDT,,,,,297.87,,1639936.0
1753504963914,04:42:43.914,xt,AAVE/USDT:USDT,,,,,297.87,,1639941.0
1753504967068,04:42:47.068,xt,AAVE/USDT:USDT,,,,,297.85,,1639968.0
1753504969547,04:42:49.547,xt,AAVE/USDT:USDT,,,,,297.85,,1639975.0
1753504972691,04:42:52.691,xt,AAVE/USDT:USDT,,,,,297.87,,1640025.0
1753504975884,04:42:55.884,xt,AAVE/USDT:USDT,,,,,297.91,,1640030.0
1753504978230,04:42:58.230,xt,AAVE/USDT:USDT,,,,,297.91,,1640040.0
1753504981592,04:43:01.592,xt,AAVE/USDT:USDT,,,,,297.9,,1640052.0
1753504984879,04:43:04.879,xt,AAVE/USDT:USDT,,,,,297.9,,1640074.0
1753504987405,04:43:07.405,xt,AAVE/USDT:USDT,,,,,297.88,,1640084.0
1753504990522,04:43:10.522,xt,AAVE/USDT:USDT,,,,,297.88,,1640160.0
1753504993851,04:43:13.851,xt,AAVE/USDT:USDT,,,,,297.88,,1640170.0
1753504996361,04:43:16.361,xt,AAVE/USDT:USDT,,,,,297.89,,1640179.0
1753504999459,04:43:19.459,xt,AAVE/USDT:USDT,,,,,297.89,,1640190.0
1753505002790,04:43:22.790,xt,AAVE/USDT:USDT,,,,,297.89,,1640199.0
1753505006065,04:43:26.065,xt,AAVE/USDT:USDT,,,,,297.89,,1640207.0
1753505008428,04:43:28.428,xt,AAVE/USDT:USDT,,,,,297.89,,1639088.0
1753505011646,04:43:31.646,xt,AAVE/USDT:USDT,,,,,297.93,,1639108.0
1753505014967,04:43:34.967,xt,AAVE/USDT:USDT,,,,,297.93,,1639121.0
1753505017492,04:43:37.492,xt,AAVE/USDT:USDT,,,,,297.93,,1639132.0
1753505020743,04:43:40.743,xt,AAVE/USDT:USDT,,,,,297.93,,1639142.0
1753505023284,04:43:43.284,xt,AAVE/USDT:USDT,,,,,297.93,,1639149.0
1753505026580,04:43:46.580,xt,AAVE/USDT:USDT,,,,,297.93,,1639160.0
1753505029880,04:43:49.880,xt,AAVE/USDT:USDT,,,,,297.93,,1639170.0
1753505032981,04:43:52.981,xt,AAVE/USDT:USDT,,,,,297.92,,1639190.0
1753505035427,04:43:55.427,xt,AAVE/USDT:USDT,,,,,297.92,,1639199.0
1753505038765,04:43:58.765,xt,AAVE/USDT:USDT,,,,,297.91,,1639211.0
1753505041943,04:44:01.943,xt,AAVE/USDT:USDT,,,,,297.91,,1639247.0
1753505044526,04:44:04.526,xt,AAVE/USDT:USDT,,,,,297.93,,1639256.0
1753505047769,04:44:07.769,xt,AAVE/USDT:USDT,,,,,297.92,,1639262.0
1753505050951,04:44:10.951,xt,AAVE/USDT:USDT,,,,,297.91,,1639269.0
1753505053189,04:44:13.189,xt,AAVE/USDT:USDT,,,,,297.91,,1639275.0
1753505056877,04:44:16.877,xt,AAVE/USDT:USDT,,,,,297.91,,1639283.0
1753505060095,04:44:20.095,xt,AAVE/USDT:USDT,,,,,297.91,,1639290.0
1753505062495,04:44:22.495,xt,AAVE/USDT:USDT,,,,,297.91,,1639298.0
1753505065579,04:44:25.579,xt,AAVE/USDT:USDT,,,,,297.91,,1639306.0
1753505068677,04:44:28.677,xt,AAVE/USDT:USDT,,,,,297.91,,1638562.0
1753505071734,04:44:31.734,xt,AAVE/USDT:USDT,,,,,297.9,,1638571.0
1753505074853,04:44:34.853,xt,AAVE/USDT:USDT,,,,,297.9,,1638578.0
1753505077224,04:44:37.224,xt,AAVE/USDT:USDT,,,,,297.91,,1638586.0
1753505080519,04:44:40.519,xt,AAVE/USDT:USDT,,,,,297.91,,1638592.0
1753505083790,04:44:43.790,xt,AAVE/USDT:USDT,,,,,297.91,,1638603.0
1753505086944,04:44:46.944,xt,AAVE/USDT:USDT,,,,,297.91,,1638614.0
1753505090122,04:44:50.122,xt,AAVE/USDT:USDT,,,,,297.91,,1638624.0
1753505092588,04:44:52.588,xt,AAVE/USDT:USDT,,,,,297.95,,1638673.0
1753505095609,04:44:55.609,xt,AAVE/USDT:USDT,,,,,297.95,,1638680.0
1753505098647,04:44:58.647,xt,AAVE/USDT:USDT,,,,,297.97,,1638692.0
1753505102081,04:45:02.081,xt,AAVE/USDT:USDT,,,,,297.94,,1638710.0
1753505104645,04:45:04.645,xt,AAVE/USDT:USDT,,,,,297.94,,1638715.0
1753505107973,04:45:07.973,xt,AAVE/USDT:USDT,,,,,297.9,,1638723.0
1753505110247,04:45:10.247,xt,AAVE/USDT:USDT,,,,,297.91,,1638739.0
1753505113797,04:45:13.797,xt,AAVE/USDT:USDT,,,,,297.91,,1638750.0
1753505116791,04:45:16.791,xt,AAVE/USDT:USDT,,,,,297.9,,1638759.0
1753505119860,04:45:19.860,xt,AAVE/USDT:USDT,,,,,297.91,,1638770.0
1753505122338,04:45:22.338,xt,AAVE/USDT:USDT,,,,,297.91,,1638781.0
1753505125462,04:45:25.462,xt,AAVE/USDT:USDT,,,,,297.91,,1638788.0
1753505128639,04:45:28.639,xt,AAVE/USDT:USDT,,,,,297.91,,1638188.0
1753505131476,04:45:31.476,xt,AAVE/USDT:USDT,,,,,297.9,,1638197.0
1753505134417,04:45:34.417,xt,AAVE/USDT:USDT,,,,,297.91,,1638212.0
1753505137310,04:45:37.310,xt,AAVE/USDT:USDT,,,,,297.91,,1638221.0
1753505140613,04:45:40.613,xt,AAVE/USDT:USDT,,,,,297.9,,1638244.0
1753505143585,04:45:43.585,xt,AAVE/USDT:USDT,,,,,297.9,,1638255.0
1753505146731,04:45:46.731,xt,AAVE/USDT:USDT,,,,,297.89,,1638270.0
1753505150028,04:45:50.028,xt,AAVE/USDT:USDT,,,,,297.87,,1638314.0
1753505152433,04:45:52.433,xt,AAVE/USDT:USDT,,,,,297.87,,1638321.0
1753505155822,04:45:55.822,xt,AAVE/USDT:USDT,,,,,297.86,,1638334.0
1753505158976,04:45:58.976,xt,AAVE/USDT:USDT,,,,,297.86,,1638343.0
1753505161446,04:46:01.446,xt,AAVE/USDT:USDT,,,,,297.87,,1638347.0
1753505164406,04:46:04.406,xt,AAVE/USDT:USDT,,,,,297.87,,1638368.0
1753505167672,04:46:07.672,xt,AAVE/USDT:USDT,,,,,297.88,,1638379.0
1753505170790,04:46:10.790,xt,AAVE/USDT:USDT,,,,,297.91,,1638405.0
1753505173433,04:46:13.433,xt,AAVE/USDT:USDT,,,,,297.91,,1638416.0
1753505176970,04:46:16.970,xt,AAVE/USDT:USDT,,,,,297.91,,1638428.0
1753505179459,04:46:19.459,xt,AAVE/USDT:USDT,,,,,297.91,,1638432.0
1753505182912,04:46:22.912,xt,AAVE/USDT:USDT,,,,,297.86,,1638504.0
1753505186034,04:46:26.034,xt,AAVE/USDT:USDT,,,,,297.89,,1638513.0
1753505188519,04:46:28.519,xt,AAVE/USDT:USDT,,,,,297.91,,1637200.0
1753505191783,04:46:31.783,xt,AAVE/USDT:USDT,,,,,297.91,,1637223.0
1753505195057,04:46:35.057,xt,AAVE/USDT:USDT,,,,,297.91,,1637231.0
1753505197702,04:46:37.702,xt,AAVE/USDT:USDT,,,,,297.88,,1637244.0
1753505200758,04:46:40.758,xt,AAVE/USDT:USDT,,,,,297.88,,1637303.0
1753505203163,04:46:43.163,xt,AAVE/USDT:USDT,,,,,297.89,,1637338.0
1753505206460,04:46:46.460,xt,AAVE/USDT:USDT,,,,,297.86,,1637356.0
1753505209824,04:46:49.824,xt,AAVE/USDT:USDT,,,,,297.85,,1637375.0
1753505212342,04:46:52.342,xt,AAVE/USDT:USDT,,,,,297.85,,1637384.0
1753505215643,04:46:55.643,xt,AAVE/USDT:USDT,,,,,297.78,,1637436.0
1753505218821,04:46:58.821,xt,AAVE/USDT:USDT,,,,,297.72,,1637456.0
1753505221445,04:47:01.445,xt,AAVE/USDT:USDT,,,,,297.72,,1637464.0
1753505224402,04:47:04.402,xt,AAVE/USDT:USDT,,,,,297.69,,1637492.0
1753505227488,04:47:07.488,xt,AAVE/USDT:USDT,,,,,297.69,,1637502.0
1753505230827,04:47:10.827,xt,AAVE/USDT:USDT,,,,,297.68,,1637507.0
1753505234089,04:47:14.089,xt,AAVE/USDT:USDT,,,,,297.62,,1637547.0
1753505236350,04:47:16.350,xt,AAVE/USDT:USDT,,,,,297.62,,1637559.0
1753505239552,04:47:19.552,xt,AAVE/USDT:USDT,,,,,297.6,,1637571.0
1753505243007,04:47:23.007,xt,AAVE/USDT:USDT,,,,,297.57,,1637590.0
1753505245433,04:47:25.433,xt,AAVE/USDT:USDT,,,,,297.57,,1637595.0
1753505248734,04:47:28.734,xt,AAVE/USDT:USDT,,,,,297.58,,1636486.0
1753505252002,04:47:32.002,xt,AAVE/USDT:USDT,,,,,297.65,,1636580.0
1753505254472,04:47:34.472,xt,AAVE/USDT:USDT,,,,,297.7,,1636603.0
1753505257861,04:47:37.861,xt,AAVE/USDT:USDT,,,,,297.7,,1636615.0
1753505261005,04:47:41.005,xt,AAVE/USDT:USDT,,,,,297.78,,1636624.0
1753505263430,04:47:43.430,xt,AAVE/USDT:USDT,,,,,297.8,,1636642.0
1753505266649,04:47:46.649,xt,AAVE/USDT:USDT,,,,,297.8,,1636650.0
1753505269712,04:47:49.712,xt,AAVE/USDT:USDT,,,,,297.8,,1636659.0
