timestamp,time,exchange,symbol,bid,bidVolume,ask,askVolume,lastPrice,baseVolume,quoteVolume
1753504792115,04:39:52.115,xt,ALGO/USDT:USDT,,,,,0.2698,,247152172.0
1753504795321,04:39:55.321,xt,ALGO/USDT:USDT,,,,,0.2698,,247152180.0
1753504797730,04:39:57.730,xt,ALGO/USDT:USDT,,,,,0.2698,,247152185.0
1753504800840,04:40:00.840,xt,ALGO/USDT:USDT,,,,,0.2698,,247152198.0
1753504803994,04:40:03.994,xt,ALGO/USDT:USDT,,,,,0.2698,,247152369.0
1753504807203,04:40:07.203,xt,ALGO/USDT:USDT,,,,,0.2698,,247207162.0
1753504809572,04:40:09.572,xt,ALGO/USDT:USDT,,,,,0.2698,,247207222.0
1753504812692,04:40:12.692,xt,ALGO/USDT:USDT,,,,,0.2698,,247207476.0
1753504816113,04:40:16.113,xt,ALGO/USDT:USDT,,,,,0.2699,,247209213.0
1753504819173,04:40:19.173,xt,ALGO/USDT:USDT,,,,,0.27,,247215324.0
1753504822390,04:40:22.390,xt,ALGO/USDT:USDT,,,,,0.2699,,247215334.0
1753504824758,04:40:24.758,xt,ALGO/USDT:USDT,,,,,0.2699,,247218505.0
1753504827913,04:40:27.913,xt,ALGO/USDT:USDT,,,,,0.2699,,247218514.0
1753504831207,04:40:31.207,xt,ALGO/USDT:USDT,,,,,0.2698,,247218894.0
1753504834298,04:40:34.298,xt,ALGO/USDT:USDT,,,,,0.2699,,247239823.0
1753504836755,04:40:36.755,xt,ALGO/USDT:USDT,,,,,0.2699,,247239834.0
1753504839900,04:40:39.900,xt,ALGO/USDT:USDT,,,,,0.2698,,247269284.0
1753504843085,04:40:43.085,xt,ALGO/USDT:USDT,,,,,0.2698,,247126894.0
1753504846243,04:40:46.243,xt,ALGO/USDT:USDT,,,,,0.2698,,247155677.0
1753504848757,04:40:48.757,xt,ALGO/USDT:USDT,,,,,0.2698,,247155684.0
1753504852205,04:40:52.205,xt,ALGO/USDT:USDT,,,,,0.2698,,247156240.0
1753504854698,04:40:54.698,xt,ALGO/USDT:USDT,,,,,0.2698,,247157162.0
1753504857785,04:40:57.785,xt,ALGO/USDT:USDT,,,,,0.2698,,247157174.0
1753504860971,04:41:00.971,xt,ALGO/USDT:USDT,,,,,0.2699,,247157268.0
1753504864144,04:41:04.144,xt,ALGO/USDT:USDT,,,,,0.2698,,247159412.0
1753504867329,04:41:07.329,xt,ALGO/USDT:USDT,,,,,0.2698,,247164084.0
1753504869784,04:41:09.784,xt,ALGO/USDT:USDT,,,,,0.2698,,247164508.0
1753504873054,04:41:13.054,xt,ALGO/USDT:USDT,,,,,0.2698,,247164520.0
1753504876148,04:41:16.148,xt,ALGO/USDT:USDT,,,,,0.2698,,247164561.0
1753504878582,04:41:18.582,xt,ALGO/USDT:USDT,,,,,0.27,,247170521.0
1753504881878,04:41:21.878,xt,ALGO/USDT:USDT,,,,,0.27,,247182570.0
1753504884523,04:41:24.523,xt,ALGO/USDT:USDT,,,,,0.27,,247182578.0
1753504887745,04:41:27.745,xt,ALGO/USDT:USDT,,,,,0.27,,247195855.0
1753504890893,04:41:30.893,xt,ALGO/USDT:USDT,,,,,0.27,,247195864.0
1753504894202,04:41:34.202,xt,ALGO/USDT:USDT,,,,,0.27,,247195872.0
1753504896637,04:41:36.637,xt,ALGO/USDT:USDT,,,,,0.2698,,247203283.0
1753504899941,04:41:39.941,xt,ALGO/USDT:USDT,,,,,0.2698,,247203291.0
1753504903236,04:41:43.236,xt,ALGO/USDT:USDT,,,,,0.2699,,247096789.0
1753504905638,04:41:45.638,xt,ALGO/USDT:USDT,,,,,0.2699,,247096797.0
1753504908730,04:41:48.730,xt,ALGO/USDT:USDT,,,,,0.27,,247267176.0
1753504912180,04:41:52.180,xt,ALGO/USDT:USDT,,,,,0.2701,,247267646.0
1753504915263,04:41:55.263,xt,ALGO/USDT:USDT,,,,,0.27,,247267959.0
1753504917637,04:41:57.637,xt,ALGO/USDT:USDT,,,,,0.27,,247267964.0
1753504920814,04:42:00.814,xt,ALGO/USDT:USDT,,,,,0.27,,247267975.0
1753504923910,04:42:03.910,xt,ALGO/USDT:USDT,,,,,0.27,,247269459.0
1753504926903,04:42:06.903,xt,ALGO/USDT:USDT,,,,,0.27,,247269691.0
1753504930111,04:42:10.111,xt,ALGO/USDT:USDT,,,,,0.2701,,247288114.0
1753504932602,04:42:12.602,xt,ALGO/USDT:USDT,,,,,0.2701,,247288121.0
1753504936055,04:42:16.055,xt,ALGO/USDT:USDT,,,,,0.2701,,247288132.0
1753504939383,04:42:19.383,xt,ALGO/USDT:USDT,,,,,0.2701,,247294512.0
1753504941785,04:42:21.785,xt,ALGO/USDT:USDT,,,,,0.2701,,247294519.0
1753504944811,04:42:24.811,xt,ALGO/USDT:USDT,,,,,0.2701,,247298614.0
1753504948361,04:42:28.361,xt,ALGO/USDT:USDT,,,,,0.2699,,247333297.0
1753504950693,04:42:30.693,xt,ALGO/USDT:USDT,,,,,0.2699,,247333304.0
1753504953994,04:42:33.994,xt,ALGO/USDT:USDT,,,,,0.27,,247333395.0
1753504957058,04:42:37.058,xt,ALGO/USDT:USDT,,,,,0.27,,247338006.0
1753504959580,04:42:39.580,xt,ALGO/USDT:USDT,,,,,0.27,,247338012.0
1753504963110,04:42:43.110,xt,ALGO/USDT:USDT,,,,,0.2701,,247151110.0
1753504966152,04:42:46.152,xt,ALGO/USDT:USDT,,,,,0.2701,,247151117.0
1753504968692,04:42:48.692,xt,ALGO/USDT:USDT,,,,,0.2701,,247151128.0
1753504971967,04:42:51.967,xt,ALGO/USDT:USDT,,,,,0.2701,,247151139.0
1753504975296,04:42:55.296,xt,ALGO/USDT:USDT,,,,,0.2701,,247151152.0
1753504977750,04:42:57.750,xt,ALGO/USDT:USDT,,,,,0.2701,,247152590.0
1753504980941,04:43:00.941,xt,ALGO/USDT:USDT,,,,,0.2701,,247152601.0
1753504984061,04:43:04.061,xt,ALGO/USDT:USDT,,,,,0.27,,247155090.0
1753504986572,04:43:06.572,xt,ALGO/USDT:USDT,,,,,0.27,,247155115.0
1753504990021,04:43:10.021,xt,ALGO/USDT:USDT,,,,,0.2699,,247155973.0
1753504993199,04:43:13.199,xt,ALGO/USDT:USDT,,,,,0.27,,247170913.0
1753504995721,04:43:15.721,xt,ALGO/USDT:USDT,,,,,0.27,,247181685.0
1753504998819,04:43:18.819,xt,ALGO/USDT:USDT,,,,,0.27,,247183695.0
1753505002177,04:43:22.177,xt,ALGO/USDT:USDT,,,,,0.27,,247183728.0
1753505005360,04:43:25.360,xt,ALGO/USDT:USDT,,,,,0.2701,,247183771.0
1753505007786,04:43:27.786,xt,ALGO/USDT:USDT,,,,,0.2701,,247183780.0
1753505011119,04:43:31.119,xt,ALGO/USDT:USDT,,,,,0.27,,247184893.0
1753505014327,04:43:34.327,xt,ALGO/USDT:USDT,,,,,0.27,,247184956.0
1753505016821,04:43:36.821,xt,ALGO/USDT:USDT,,,,,0.27,,247184966.0
1753505020085,04:43:40.085,xt,ALGO/USDT:USDT,,,,,0.27,,247184974.0
1753505022671,04:43:42.671,xt,ALGO/USDT:USDT,,,,,0.27,,247051853.0
1753505025878,04:43:45.878,xt,ALGO/USDT:USDT,,,,,0.2699,,247051931.0
1753505029053,04:43:49.053,xt,ALGO/USDT:USDT,,,,,0.2701,,247092381.0
1753505032082,04:43:52.082,xt,ALGO/USDT:USDT,,,,,0.2701,,247092392.0
1753505035247,04:43:55.247,xt,ALGO/USDT:USDT,,,,,0.2701,,247092403.0
1753505037672,04:43:57.672,xt,ALGO/USDT:USDT,,,,,0.2701,,247092411.0
1753505040970,04:44:00.970,xt,ALGO/USDT:USDT,,,,,0.2701,,247092423.0
1753505044261,04:44:04.261,xt,ALGO/USDT:USDT,,,,,0.2701,,247092433.0
1753505046843,04:44:06.843,xt,ALGO/USDT:USDT,,,,,0.2701,,247092483.0
1753505049997,04:44:09.997,xt,ALGO/USDT:USDT,,,,,0.2702,,247095109.0
1753505053149,04:44:13.149,xt,ALGO/USDT:USDT,,,,,0.2702,,247095237.0
1753505056298,04:44:16.298,xt,ALGO/USDT:USDT,,,,,0.2701,,247096321.0
1753505058757,04:44:18.757,xt,ALGO/USDT:USDT,,,,,0.2701,,247096329.0
1753505061874,04:44:21.874,xt,ALGO/USDT:USDT,,,,,0.2702,,247102955.0
1753505065271,04:44:25.271,xt,ALGO/USDT:USDT,,,,,0.2702,,247102965.0
1753505068327,04:44:28.327,xt,ALGO/USDT:USDT,,,,,0.2702,,247108387.0
1753505070810,04:44:30.810,xt,ALGO/USDT:USDT,,,,,0.2702,,247108408.0
1753505074170,04:44:34.170,xt,ALGO/USDT:USDT,,,,,0.2702,,247109407.0
1753505076843,04:44:36.843,xt,ALGO/USDT:USDT,,,,,0.2702,,247109417.0
1753505080292,04:44:40.292,xt,ALGO/USDT:USDT,,,,,0.2701,,247110194.0
1753505082482,04:44:42.482,xt,ALGO/USDT:USDT,,,,,0.2701,,246951152.0
1753505085907,04:44:45.907,xt,ALGO/USDT:USDT,,,,,0.2701,,246951270.0
1753505089292,04:44:49.292,xt,ALGO/USDT:USDT,,,,,0.2702,,246977994.0
1753505092385,04:44:52.385,xt,ALGO/USDT:USDT,,,,,0.2698,,247090737.0
1753505094805,04:44:54.805,xt,ALGO/USDT:USDT,,,,,0.2698,,247090747.0
1753505098299,04:44:58.299,xt,ALGO/USDT:USDT,,,,,0.2698,,247090759.0
1753505100785,04:45:00.785,xt,ALGO/USDT:USDT,,,,,0.2699,,247108910.0
1753505104060,04:45:04.060,xt,ALGO/USDT:USDT,,,,,0.2698,,247180497.0
1753505107010,04:45:07.010,xt,ALGO/USDT:USDT,,,,,0.2697,,247213539.0
1753505110331,04:45:10.331,xt,ALGO/USDT:USDT,,,,,0.2698,,247218604.0
1753505112816,04:45:12.816,xt,ALGO/USDT:USDT,,,,,0.2698,,247218612.0
1753505115810,04:45:15.810,xt,ALGO/USDT:USDT,,,,,0.2698,,247218626.0
1753505119090,04:45:19.090,xt,ALGO/USDT:USDT,,,,,0.2697,,247222254.0
1753505121640,04:45:21.640,xt,ALGO/USDT:USDT,,,,,0.2697,,247222260.0
1753505124869,04:45:24.869,xt,ALGO/USDT:USDT,,,,,0.2698,,247223992.0
1753505128292,04:45:28.292,xt,ALGO/USDT:USDT,,,,,0.2697,,247299740.0
1753505130632,04:45:30.632,xt,ALGO/USDT:USDT,,,,,0.2697,,247299750.0
1753505133901,04:45:33.901,xt,ALGO/USDT:USDT,,,,,0.2697,,247299779.0
1753505137299,04:45:37.299,xt,ALGO/USDT:USDT,,,,,0.2696,,247406206.0
1753505139785,04:45:39.785,xt,ALGO/USDT:USDT,,,,,0.2696,,247406214.0
1753505143083,04:45:43.083,xt,ALGO/USDT:USDT,,,,,0.2696,,247277635.0
