timestamp,time,exchange,symbol,bid,bidVolume,ask,askVolume,lastPrice,baseVolume,quoteVolume
1753504792369,04:39:52.369,xt,ADA/USDT:USDT,,,,,0.827,,36085676.0
1753504795633,04:39:55.633,xt,ADA/USDT:USDT,,,,,0.827,,36086042.0
1753504798848,04:39:58.848,xt,ADA/USDT:USDT,,,,,0.8269,,36086062.0
1753504801993,04:40:01.993,xt,ADA/USDT:USDT,,,,,0.827,,36061689.0
1753504804454,04:40:04.454,xt,ADA/USDT:USDT,,,,,0.8269,,36061727.0
1753504807815,04:40:07.815,xt,ADA/USDT:USDT,,,,,0.8268,,36061915.0
1753504810338,04:40:10.338,xt,ADA/USDT:USDT,,,,,0.8268,,36061997.0
1753504813633,04:40:13.633,xt,ADA/USDT:USDT,,,,,0.8269,,36062247.0
1753504816457,04:40:16.457,xt,ADA/USDT:USDT,,,,,0.827,,36062888.0
1753504819635,04:40:19.635,xt,ADA/USDT:USDT,,,,,0.8271,,36062984.0
1753504822932,04:40:22.932,xt,ADA/USDT:USDT,,,,,0.8272,,36063012.0
1753504825459,04:40:25.459,xt,ADA/USDT:USDT,,,,,0.827,,36063828.0
1753504828758,04:40:28.758,xt,ADA/USDT:USDT,,,,,0.8269,,36063880.0
1753504832001,04:40:32.001,xt,ADA/USDT:USDT,,,,,0.8268,,36063910.0
1753504834452,04:40:34.452,xt,ADA/USDT:USDT,,,,,0.8268,,36064888.0
1753504837603,04:40:37.603,xt,ADA/USDT:USDT,,,,,0.8268,,36064922.0
1753504840731,04:40:40.731,xt,ADA/USDT:USDT,,,,,0.8264,,36069885.0
1753504842915,04:40:42.915,xt,ADA/USDT:USDT,,,,,0.8264,,36069886.0
1753504846425,04:40:46.425,xt,ADA/USDT:USDT,,,,,0.8263,,36070316.0
1753504849778,04:40:49.778,xt,ADA/USDT:USDT,,,,,0.8262,,36071078.0
1753504852305,04:40:52.305,xt,ADA/USDT:USDT,,,,,0.8262,,36071087.0
1753504855304,04:40:55.304,xt,ADA/USDT:USDT,,,,,0.8263,,36071099.0
1753504858397,04:40:58.397,xt,ADA/USDT:USDT,,,,,0.8262,,36071104.0
1753504861850,04:41:01.850,xt,ADA/USDT:USDT,,,,,0.8262,,36030381.0
1753504864247,04:41:04.247,xt,ADA/USDT:USDT,,,,,0.8262,,36030388.0
1753504867426,04:41:07.426,xt,ADA/USDT:USDT,,,,,0.8263,,36031814.0
1753504870702,04:41:10.702,xt,ADA/USDT:USDT,,,,,0.8263,,36032673.0
1753504873906,04:41:13.906,xt,ADA/USDT:USDT,,,,,0.8262,,36032679.0
1753504876324,04:41:16.324,xt,ADA/USDT:USDT,,,,,0.8262,,36032845.0
1753504879671,04:41:19.671,xt,ADA/USDT:USDT,,,,,0.8262,,36032941.0
1753504882852,04:41:22.852,xt,ADA/USDT:USDT,,,,,0.8263,,36032969.0
1753504885967,04:41:25.967,xt,ADA/USDT:USDT,,,,,0.8263,,36033018.0
1753504888634,04:41:28.634,xt,ADA/USDT:USDT,,,,,0.8262,,36033253.0
1753504891604,04:41:31.604,xt,ADA/USDT:USDT,,,,,0.8263,,36033403.0
1753504894761,04:41:34.761,xt,ADA/USDT:USDT,,,,,0.8263,,36033417.0
1753504897946,04:41:37.946,xt,ADA/USDT:USDT,,,,,0.8262,,36033509.0
1753504900425,04:41:40.425,xt,ADA/USDT:USDT,,,,,0.8262,,36034335.0
1753504903688,04:41:43.688,xt,ADA/USDT:USDT,,,,,0.8263,,36034395.0
1753504906780,04:41:46.780,xt,ADA/USDT:USDT,,,,,0.8263,,36034491.0
1753504909185,04:41:49.185,xt,ADA/USDT:USDT,,,,,0.8263,,36034527.0
1753504912564,04:41:52.564,xt,ADA/USDT:USDT,,,,,0.8263,,36034641.0
1753504915987,04:41:55.987,xt,ADA/USDT:USDT,,,,,0.8262,,36034659.0
1753504918251,04:41:58.251,xt,ADA/USDT:USDT,,,,,0.8262,,36034669.0
1753504921514,04:42:01.514,xt,ADA/USDT:USDT,,,,,0.8263,,35995969.0
1753504924833,04:42:04.833,xt,ADA/USDT:USDT,,,,,0.8264,,35997979.0
1753504928060,04:42:08.060,xt,ADA/USDT:USDT,,,,,0.8267,,35999276.0
1753504930701,04:42:10.701,xt,ADA/USDT:USDT,,,,,0.8266,,35999780.0
1753504933187,04:42:13.187,xt,ADA/USDT:USDT,,,,,0.8268,,36000390.0
1753504936574,04:42:16.574,xt,ADA/USDT:USDT,,,,,0.8267,,36000581.0
1753504939579,04:42:19.579,xt,ADA/USDT:USDT,,,,,0.8268,,36000594.0
1753504942728,04:42:22.728,xt,ADA/USDT:USDT,,,,,0.8269,,36000652.0
1753504945154,04:42:25.154,xt,ADA/USDT:USDT,,,,,0.8269,,36000660.0
1753504948514,04:42:28.514,xt,ADA/USDT:USDT,,,,,0.8269,,36000667.0
1753504951877,04:42:31.877,xt,ADA/USDT:USDT,,,,,0.8268,,36000674.0
1753504954402,04:42:34.402,xt,ADA/USDT:USDT,,,,,0.8269,,36000689.0
1753504957760,04:42:37.760,xt,ADA/USDT:USDT,,,,,0.8268,,36001444.0
1753504960752,04:42:40.752,xt,ADA/USDT:USDT,,,,,0.8266,,36002567.0
1753504963214,04:42:43.214,xt,ADA/USDT:USDT,,,,,0.8267,,36002577.0
1753504966630,04:42:46.630,xt,ADA/USDT:USDT,,,,,0.8267,,36002638.0
1753504969948,04:42:49.948,xt,ADA/USDT:USDT,,,,,0.8268,,36002702.0
1753504972152,04:42:52.152,xt,ADA/USDT:USDT,,,,,0.827,,36003170.0
1753504975962,04:42:55.962,xt,ADA/USDT:USDT,,,,,0.8269,,36003332.0
1753504978571,04:42:58.571,xt,ADA/USDT:USDT,,,,,0.8268,,36003377.0
1753504981192,04:43:01.192,xt,ADA/USDT:USDT,,,,,0.8268,,35970977.0
1753504984563,04:43:04.563,xt,ADA/USDT:USDT,,,,,0.8268,,35971315.0
1753504987846,04:43:07.846,xt,ADA/USDT:USDT,,,,,0.8267,,35971539.0
1753504990339,04:43:10.339,xt,ADA/USDT:USDT,,,,,0.8267,,35971594.0
1753504993399,04:43:13.399,xt,ADA/USDT:USDT,,,,,0.8267,,35971602.0
1753504996671,04:43:16.671,xt,ADA/USDT:USDT,,,,,0.8267,,35971617.0
1753504999877,04:43:19.877,xt,ADA/USDT:USDT,,,,,0.827,,35971856.0
1753505002424,04:43:22.424,xt,ADA/USDT:USDT,,,,,0.8269,,35971934.0
1753505005393,04:43:25.393,xt,ADA/USDT:USDT,,,,,0.8268,,35972793.0
1753505008487,04:43:28.487,xt,ADA/USDT:USDT,,,,,0.8269,,35972979.0
1753505011733,04:43:31.733,xt,ADA/USDT:USDT,,,,,0.8269,,35973304.0
1753505014277,04:43:34.277,xt,ADA/USDT:USDT,,,,,0.8269,,35974514.0
1753505017663,04:43:37.663,xt,ADA/USDT:USDT,,,,,0.8269,,35974578.0
1753505020938,04:43:40.938,xt,ADA/USDT:USDT,,,,,0.8267,,35974635.0
1753505023489,04:43:43.489,xt,ADA/USDT:USDT,,,,,0.8267,,35974645.0
1753505026604,04:43:46.604,xt,ADA/USDT:USDT,,,,,0.8268,,35974908.0
1753505029636,04:43:49.636,xt,ADA/USDT:USDT,,,,,0.8267,,35974944.0
1753505032906,04:43:52.906,xt,ADA/USDT:USDT,,,,,0.8267,,35974977.0
1753505035995,04:43:55.995,xt,ADA/USDT:USDT,,,,,0.8267,,35975175.0
1753505038341,04:43:58.341,xt,ADA/USDT:USDT,,,,,0.8267,,35975216.0
1753505041571,04:44:01.571,xt,ADA/USDT:USDT,,,,,0.8268,,35921018.0
1753505044754,04:44:04.754,xt,ADA/USDT:USDT,,,,,0.8267,,35921029.0
1753505047897,04:44:07.897,xt,ADA/USDT:USDT,,,,,0.8266,,35921445.0
1753505050376,04:44:10.376,xt,ADA/USDT:USDT,,,,,0.8265,,35921483.0
1753505053782,04:44:13.782,xt,ADA/USDT:USDT,,,,,0.8266,,35922113.0
1753505056807,04:44:16.807,xt,ADA/USDT:USDT,,,,,0.8267,,35923176.0
1753505059365,04:44:19.365,xt,ADA/USDT:USDT,,,,,0.8265,,35923449.0
1753505062575,04:44:22.575,xt,ADA/USDT:USDT,,,,,0.8266,,35923505.0
1753505065908,04:44:25.908,xt,ADA/USDT:USDT,,,,,0.8265,,35923513.0
1753505069025,04:44:29.025,xt,ADA/USDT:USDT,,,,,0.8265,,35923695.0
1753505071571,04:44:31.571,xt,ADA/USDT:USDT,,,,,0.8265,,35923712.0
1753505074992,04:44:34.992,xt,ADA/USDT:USDT,,,,,0.8265,,35923725.0
1753505077516,04:44:37.516,xt,ADA/USDT:USDT,,,,,0.8265,,35923748.0
1753505080698,04:44:40.698,xt,ADA/USDT:USDT,,,,,0.8266,,35923769.0
1753505083935,04:44:43.935,xt,ADA/USDT:USDT,,,,,0.8265,,35923876.0
1753505086243,04:44:46.243,xt,ADA/USDT:USDT,,,,,0.8266,,35923899.0
1753505089460,04:44:49.460,xt,ADA/USDT:USDT,,,,,0.8266,,35923933.0
1753505092666,04:44:52.666,xt,ADA/USDT:USDT,,,,,0.8265,,35924064.0
1753505096002,04:44:56.002,xt,ADA/USDT:USDT,,,,,0.8266,,35924701.0
1753505099022,04:44:59.022,xt,ADA/USDT:USDT,,,,,0.8266,,35924859.0
1753505101345,04:45:01.345,xt,ADA/USDT:USDT,,,,,0.8265,,35903511.0
1753505104601,04:45:04.601,xt,ADA/USDT:USDT,,,,,0.8264,,35903700.0
1753505107154,04:45:07.154,xt,ADA/USDT:USDT,,,,,0.8264,,35903976.0
1753505110619,04:45:10.619,xt,ADA/USDT:USDT,,,,,0.8263,,35904009.0
1753505113696,04:45:13.696,xt,ADA/USDT:USDT,,,,,0.8262,,35904889.0
1753505116793,04:45:16.793,xt,ADA/USDT:USDT,,,,,0.8263,,35905334.0
1753505119249,04:45:19.249,xt,ADA/USDT:USDT,,,,,0.8264,,35905365.0
1753505122363,04:45:22.363,xt,ADA/USDT:USDT,,,,,0.8264,,35905379.0
1753505125436,04:45:25.436,xt,ADA/USDT:USDT,,,,,0.8262,,35906377.0
1753505128679,04:45:28.679,xt,ADA/USDT:USDT,,,,,0.8261,,35906792.0
1753505131342,04:45:31.342,xt,ADA/USDT:USDT,,,,,0.8263,,35908432.0
1753505134499,04:45:34.499,xt,ADA/USDT:USDT,,,,,0.8262,,35908808.0
1753505137902,04:45:37.902,xt,ADA/USDT:USDT,,,,,0.8261,,35909453.0
1753505140367,04:45:40.367,xt,ADA/USDT:USDT,,,,,0.826,,35909519.0
1753505143609,04:45:43.609,xt,ADA/USDT:USDT,,,,,0.826,,35910261.0
1753505146367,04:45:46.367,xt,ADA/USDT:USDT,,,,,0.8262,,35912005.0
1753505149723,04:45:49.723,xt,ADA/USDT:USDT,,,,,0.8262,,35912140.0
1753505152817,04:45:52.817,xt,ADA/USDT:USDT,,,,,0.8261,,35912228.0
1753505155804,04:45:55.804,xt,ADA/USDT:USDT,,,,,0.8262,,35912240.0
1753505158964,04:45:58.964,xt,ADA/USDT:USDT,,,,,0.8262,,35886909.0
1753505161763,04:46:01.763,xt,ADA/USDT:USDT,,,,,0.8262,,35886916.0
1753505164968,04:46:04.968,xt,ADA/USDT:USDT,,,,,0.8261,,35887017.0
1753505167428,04:46:07.428,xt,ADA/USDT:USDT,,,,,0.8261,,35887023.0
1753505170632,04:46:10.632,xt,ADA/USDT:USDT,,,,,0.8261,,35887066.0
1753505173276,04:46:13.276,xt,ADA/USDT:USDT,,,,,0.8261,,35887100.0
1753505176331,04:46:16.331,xt,ADA/USDT:USDT,,,,,0.8261,,35887136.0
1753505179628,04:46:19.628,xt,ADA/USDT:USDT,,,,,0.8262,,35887173.0
1753505182758,04:46:22.758,xt,ADA/USDT:USDT,,,,,0.8261,,35887404.0
1753505185219,04:46:25.219,xt,ADA/USDT:USDT,,,,,0.8262,,35888004.0
1753505188587,04:46:28.587,xt,ADA/USDT:USDT,,,,,0.8262,,35888011.0
1753505191730,04:46:31.730,xt,ADA/USDT:USDT,,,,,0.8262,,35888029.0
1753505194391,04:46:34.391,xt,ADA/USDT:USDT,,,,,0.8263,,35888120.0
1753505197368,04:46:37.368,xt,ADA/USDT:USDT,,,,,0.826,,35888592.0
1753505200426,04:46:40.426,xt,ADA/USDT:USDT,,,,,0.8261,,35888758.0
1753505203815,04:46:43.815,xt,ADA/USDT:USDT,,,,,0.8261,,35889262.0
1753505206889,04:46:46.889,xt,ADA/USDT:USDT,,,,,0.8262,,35889532.0
1753505209395,04:46:49.395,xt,ADA/USDT:USDT,,,,,0.8261,,35889558.0
1753505212801,04:46:52.801,xt,ADA/USDT:USDT,,,,,0.8262,,35889619.0
1753505215246,04:46:55.246,xt,ADA/USDT:USDT,,,,,0.8261,,35889826.0
1753505218640,04:46:58.640,xt,ADA/USDT:USDT,,,,,0.826,,35889837.0
1753505221865,04:47:01.865,xt,ADA/USDT:USDT,,,,,0.8261,,35850398.0
1753505224308,04:47:04.308,xt,ADA/USDT:USDT,,,,,0.826,,35850416.0
1753505227638,04:47:07.638,xt,ADA/USDT:USDT,,,,,0.8261,,35850431.0
1753505230908,04:47:10.908,xt,ADA/USDT:USDT,,,,,0.8261,,35850441.0
1753505233186,04:47:13.186,xt,ADA/USDT:USDT,,,,,0.8258,,35854749.0
1753505236512,04:47:16.512,xt,ADA/USDT:USDT,,,,,0.8256,,35854795.0
1753505239731,04:47:19.731,xt,ADA/USDT:USDT,,,,,0.8255,,35855124.0
1753505242996,04:47:22.996,xt,ADA/USDT:USDT,,,,,0.8255,,35855160.0
1753505245310,04:47:25.310,xt,ADA/USDT:USDT,,,,,0.8256,,35855568.0
1753505248370,04:47:28.370,xt,ADA/USDT:USDT,,,,,0.8256,,35855627.0
1753505251696,04:47:31.696,xt,ADA/USDT:USDT,,,,,0.8256,,35855820.0
1753505254838,04:47:34.838,xt,ADA/USDT:USDT,,,,,0.8256,,35855842.0
1753505257906,04:47:37.906,xt,ADA/USDT:USDT,,,,,0.8255,,35856390.0
1753505261035,04:47:41.035,xt,ADA/USDT:USDT,,,,,0.8255,,35856473.0
1753505263457,04:47:43.457,xt,ADA/USDT:USDT,,,,,0.8258,,35857520.0
1753505266615,04:47:46.615,xt,ADA/USDT:USDT,,,,,0.8255,,35857613.0
1753505269791,04:47:49.791,xt,ADA/USDT:USDT,,,,,0.8255,,35857623.0
1753505273023,04:47:53.023,xt,ADA/USDT:USDT,,,,,0.8253,,35858495.0
1753505275487,04:47:55.487,xt,ADA/USDT:USDT,,,,,0.8252,,35858501.0
1753505278346,04:47:58.346,xt,ADA/USDT:USDT,,,,,0.8252,,35838675.0
1753505281513,04:48:01.513,xt,ADA/USDT:USDT,,,,,0.8252,,35838691.0
1753505284729,04:48:04.729,xt,ADA/USDT:USDT,,,,,0.8251,,35838703.0
1753505287157,04:48:07.157,xt,ADA/USDT:USDT,,,,,0.8251,,35839343.0
1753505290332,04:48:10.332,xt,ADA/USDT:USDT,,,,,0.8253,,35839884.0
1753505293495,04:48:13.495,xt,ADA/USDT:USDT,,,,,0.8254,,35839891.0
1753505296756,04:48:16.756,xt,ADA/USDT:USDT,,,,,0.8254,,35839901.0
1753505299911,04:48:19.911,xt,ADA/USDT:USDT,,,,,0.8253,,35840431.0
1753505302281,04:48:22.281,xt,ADA/USDT:USDT,,,,,0.8253,,35840620.0
1753505305364,04:48:25.364,xt,ADA/USDT:USDT,,,,,0.8251,,35841134.0
1753505308514,04:48:28.514,xt,ADA/USDT:USDT,,,,,0.8252,,35841177.0
1753505311182,04:48:31.182,xt,ADA/USDT:USDT,,,,,0.825,,35841946.0
1753505314484,04:48:34.484,xt,ADA/USDT:USDT,,,,,0.8251,,35842025.0
1753505317642,04:48:37.642,xt,ADA/USDT:USDT,,,,,0.825,,35842176.0
1753505320873,04:48:40.873,xt,ADA/USDT:USDT,,,,,0.825,,35842355.0
1753505323302,04:48:43.302,xt,ADA/USDT:USDT,,,,,0.8251,,35842697.0
1753505326518,04:48:46.518,xt,ADA/USDT:USDT,,,,,0.8252,,35843406.0
1753505329762,04:48:49.762,xt,ADA/USDT:USDT,,,,,0.8252,,35846147.0
1753505332191,04:48:52.191,xt,ADA/USDT:USDT,,,,,0.8254,,35846155.0
1753505335689,04:48:55.689,xt,ADA/USDT:USDT,,,,,0.8254,,35847394.0
1753505338911,04:48:58.911,xt,ADA/USDT:USDT,,,,,0.8251,,35849190.0
1753505341186,04:49:01.186,xt,ADA/USDT:USDT,,,,,0.8251,,35833544.0
1753505344513,04:49:04.513,xt,ADA/USDT:USDT,,,,,0.8251,,35834794.0
1753505347851,04:49:07.851,xt,ADA/USDT:USDT,,,,,0.8251,,35835183.0
1753505350966,04:49:10.966,xt,ADA/USDT:USDT,,,,,0.8252,,35835270.0
1753505351748,04:49:11.748,xt,ADA/USDT:USDT,,,,,0.8253,,35835735.0
1753505356635,04:49:16.635,xt,ADA/USDT:USDT,,,,,0.8257,,35841791.0
1753505359663,04:49:19.663,xt,ADA/USDT:USDT,,,,,0.8255,,35841811.0
1753505363001,04:49:23.001,xt,ADA/USDT:USDT,,,,,0.8255,,35841856.0
1753505365341,04:49:25.341,xt,ADA/USDT:USDT,,,,,0.8255,,35842032.0
1753505368695,04:49:28.695,xt,ADA/USDT:USDT,,,,,0.8253,,35844486.0
1753505371933,04:49:31.933,xt,ADA/USDT:USDT,,,,,0.8253,,35844496.0
1753505374371,04:49:34.371,xt,ADA/USDT:USDT,,,,,0.8254,,35844504.0
1753505377125,04:49:37.125,xt,ADA/USDT:USDT,,,,,0.8254,,35844621.0
1753505380396,04:49:40.396,xt,ADA/USDT:USDT,,,,,0.8254,,35844672.0
1753505383428,04:49:43.428,xt,ADA/USDT:USDT,,,,,0.8252,,35845320.0
1753505386732,04:49:46.732,xt,ADA/USDT:USDT,,,,,0.8253,,35847327.0
1753505389780,04:49:49.780,xt,ADA/USDT:USDT,,,,,0.8254,,35847352.0
1753505392873,04:49:52.873,xt,ADA/USDT:USDT,,,,,0.8253,,35847961.0
1753505395429,04:49:55.429,xt,ADA/USDT:USDT,,,,,0.8252,,35847988.0
1753505398542,04:49:58.542,xt,ADA/USDT:USDT,,,,,0.8252,,35847995.0
1753505401714,04:50:01.714,xt,ADA/USDT:USDT,,,,,0.8253,,35815272.0
1753505404174,04:50:04.174,xt,ADA/USDT:USDT,,,,,0.8253,,35815525.0
1753505407459,04:50:07.459,xt,ADA/USDT:USDT,,,,,0.8253,,35815534.0
1753505410794,04:50:10.794,xt,ADA/USDT:USDT,,,,,0.8254,,35815722.0
1753505414025,04:50:14.025,xt,ADA/USDT:USDT,,,,,0.8254,,35815736.0
1753505416670,04:50:16.670,xt,ADA/USDT:USDT,,,,,0.8253,,35815742.0
1753505419699,04:50:19.699,xt,ADA/USDT:USDT,,,,,0.8253,,35816088.0
1753505422725,04:50:22.725,xt,ADA/USDT:USDT,,,,,0.8251,,35816254.0
1753505425817,04:50:25.817,xt,ADA/USDT:USDT,,,,,0.8252,,35817471.0
1753505428250,04:50:28.250,xt,ADA/USDT:USDT,,,,,0.8251,,35817814.0
1753505431606,04:50:31.606,xt,ADA/USDT:USDT,,,,,0.8252,,35818458.0
1753505435024,04:50:35.024,xt,ADA/USDT:USDT,,,,,0.8251,,35818542.0
1753505437490,04:50:37.490,xt,ADA/USDT:USDT,,,,,0.8251,,35818600.0
1753505440780,04:50:40.780,xt,ADA/USDT:USDT,,,,,0.825,,35818680.0
1753505443850,04:50:43.850,xt,ADA/USDT:USDT,,,,,0.8252,,35818932.0
1753505446967,04:50:46.967,xt,ADA/USDT:USDT,,,,,0.8251,,35818943.0
1753505449689,04:50:49.689,xt,ADA/USDT:USDT,,,,,0.8251,,35819017.0
1753505452423,04:50:52.423,xt,ADA/USDT:USDT,,,,,0.8251,,35819483.0
1753505455664,04:50:55.664,xt,ADA/USDT:USDT,,,,,0.8251,,35819569.0
1753505458274,04:50:58.274,xt,ADA/USDT:USDT,,,,,0.8249,,35822239.0
1753505461580,04:51:01.580,xt,ADA/USDT:USDT,,,,,0.8248,,35791149.0
1753505464795,04:51:04.795,xt,ADA/USDT:USDT,,,,,0.8249,,35791166.0
1753505467251,04:51:07.251,xt,ADA/USDT:USDT,,,,,0.8246,,35792079.0
1753505470344,04:51:10.344,xt,ADA/USDT:USDT,,,,,0.8245,,35792352.0
1753505473693,04:51:13.693,xt,ADA/USDT:USDT,,,,,0.8245,,35793021.0
1753505476781,04:51:16.781,xt,ADA/USDT:USDT,,,,,0.8244,,35793588.0
1753505479312,04:51:19.312,xt,ADA/USDT:USDT,,,,,0.8244,,35793610.0
1753505482557,04:51:22.557,xt,ADA/USDT:USDT,,,,,0.8244,,35793619.0
1753505485815,04:51:25.815,xt,ADA/USDT:USDT,,,,,0.8247,,35795243.0
1753505488248,04:51:28.248,xt,ADA/USDT:USDT,,,,,0.8248,,35795350.0
1753505491573,04:51:31.573,xt,ADA/USDT:USDT,,,,,0.8247,,35795426.0
1753505494593,04:51:34.593,xt,ADA/USDT:USDT,,,,,0.8246,,35796087.0
1753505497641,04:51:37.641,xt,ADA/USDT:USDT,,,,,0.8248,,35796307.0
1753505500818,04:51:40.818,xt,ADA/USDT:USDT,,,,,0.8248,,35796331.0
1753505503911,04:51:43.911,xt,ADA/USDT:USDT,,,,,0.825,,35796587.0
1753505506421,04:51:46.421,xt,ADA/USDT:USDT,,,,,0.825,,35796724.0
1753505509554,04:51:49.554,xt,ADA/USDT:USDT,,,,,0.8249,,35797058.0
1753505512664,04:51:52.664,xt,ADA/USDT:USDT,,,,,0.8249,,35797230.0
1753505515965,04:51:55.965,xt,ADA/USDT:USDT,,,,,0.8249,,35797355.0
1753505518397,04:51:58.397,xt,ADA/USDT:USDT,,,,,0.8249,,35797360.0
1753505521641,04:52:01.641,xt,ADA/USDT:USDT,,,,,0.825,,35777902.0
1753505524752,04:52:04.752,xt,ADA/USDT:USDT,,,,,0.8249,,35777928.0
1753505527908,04:52:07.908,xt,ADA/USDT:USDT,,,,,0.8249,,35778102.0
1753505530369,04:52:10.369,xt,ADA/USDT:USDT,,,,,0.8249,,35778111.0
1753505533542,04:52:13.542,xt,ADA/USDT:USDT,,,,,0.8248,,35778262.0
1753505536878,04:52:16.878,xt,ADA/USDT:USDT,,,,,0.8248,,35778396.0
1753505539303,04:52:19.303,xt,ADA/USDT:USDT,,,,,0.8248,,35778804.0
1753505542367,04:52:22.367,xt,ADA/USDT:USDT,,,,,0.8248,,35779067.0
1753505545501,04:52:25.501,xt,ADA/USDT:USDT,,,,,0.8248,,35779074.0
1753505548642,04:52:28.642,xt,ADA/USDT:USDT,,,,,0.8248,,35779327.0
1753505551212,04:52:31.212,xt,ADA/USDT:USDT,,,,,0.8249,,35779358.0
1753505554731,04:52:34.731,xt,ADA/USDT:USDT,,,,,0.8249,,35779380.0
1753505557415,04:52:37.415,xt,ADA/USDT:USDT,,,,,0.8249,,35779414.0
1753505560792,04:52:40.792,xt,ADA/USDT:USDT,,,,,0.8249,,35779548.0
1753505563362,04:52:43.362,xt,ADA/USDT:USDT,,,,,0.8248,,35779557.0
1753505566430,04:52:46.430,xt,ADA/USDT:USDT,,,,,0.8249,,35779701.0
1753505569644,04:52:49.644,xt,ADA/USDT:USDT,,,,,0.8248,,35779726.0
1753505572936,04:52:52.936,xt,ADA/USDT:USDT,,,,,0.8248,,35780027.0
1753505574469,04:52:54.469,xt,ADA/USDT:USDT,,,,,0.8247,,35780033.0
1753505578491,04:52:58.491,xt,ADA/USDT:USDT,,,,,0.8248,,35780116.0
1753505578491,04:52:58.491,xt,ADA/USDT:USDT,,,,,0.8248,,35755818.0
1753505584362,04:53:04.362,xt,ADA/USDT:USDT,,,,,0.8246,,35756088.0
1753505587635,04:53:07.635,xt,ADA/USDT:USDT,,,,,0.8246,,35756328.0
1753505590791,04:53:10.791,xt,ADA/USDT:USDT,,,,,0.8245,,35756351.0
1753505593869,04:53:13.869,xt,ADA/USDT:USDT,,,,,0.8246,,35756378.0
1753505596337,04:53:16.337,xt,ADA/USDT:USDT,,,,,0.8247,,35756831.0
1753505599548,04:53:19.548,xt,ADA/USDT:USDT,,,,,0.8246,,35756850.0
1753505602580,04:53:22.580,xt,ADA/USDT:USDT,,,,,0.8247,,35756866.0
1753505605838,04:53:25.838,xt,ADA/USDT:USDT,,,,,0.8245,,35759408.0
1753505608338,04:53:28.338,xt,ADA/USDT:USDT,,,,,0.8244,,35759474.0
1753505611499,04:53:31.499,xt,ADA/USDT:USDT,,,,,0.8244,,35759513.0
1753505614925,04:53:34.925,xt,ADA/USDT:USDT,,,,,0.8242,,35759573.0
1753505617274,04:53:37.274,xt,ADA/USDT:USDT,,,,,0.8241,,35759575.0
1753505620335,04:53:40.335,xt,ADA/USDT:USDT,,,,,0.8241,,35759652.0
1753505623514,04:53:43.514,xt,ADA/USDT:USDT,,,,,0.8241,,35759748.0
1753505626573,04:53:46.573,xt,ADA/USDT:USDT,,,,,0.8243,,35760828.0
1753505629847,04:53:49.847,xt,ADA/USDT:USDT,,,,,0.8244,,35760877.0
1753505632334,04:53:52.334,xt,ADA/USDT:USDT,,,,,0.8244,,35761229.0
1753505635666,04:53:55.666,xt,ADA/USDT:USDT,,,,,0.8244,,35761268.0
1753505638778,04:53:58.778,xt,ADA/USDT:USDT,,,,,0.8244,,35761297.0
1753505641967,04:54:01.967,xt,ADA/USDT:USDT,,,,,0.8246,,35736608.0
1753505644420,04:54:04.420,xt,ADA/USDT:USDT,,,,,0.8246,,35736619.0
1753505647717,04:54:07.717,xt,ADA/USDT:USDT,,,,,0.8247,,35736633.0
1753505650907,04:54:10.907,xt,ADA/USDT:USDT,,,,,0.8246,,35736639.0
1753505653335,04:54:13.335,xt,ADA/USDT:USDT,,,,,0.8247,,35736648.0
1753505656763,04:54:16.763,xt,ADA/USDT:USDT,,,,,0.8245,,35738170.0
1753505659912,04:54:19.912,xt,ADA/USDT:USDT,,,,,0.8246,,35738197.0
1753505662313,04:54:22.313,xt,ADA/USDT:USDT,,,,,0.8246,,35738207.0
1753505665605,04:54:25.605,xt,ADA/USDT:USDT,,,,,0.8246,,35738396.0
1753505668872,04:54:28.872,xt,ADA/USDT:USDT,,,,,0.8245,,35740063.0
1753505671935,04:54:31.935,xt,ADA/USDT:USDT,,,,,0.8247,,35740391.0
1753505674495,04:54:34.495,xt,ADA/USDT:USDT,,,,,0.8247,,35740401.0
1753505677702,04:54:37.702,xt,ADA/USDT:USDT,,,,,0.8246,,35740409.0
1753505680995,04:54:40.995,xt,ADA/USDT:USDT,,,,,0.8248,,35740907.0
1753505683437,04:54:43.437,xt,ADA/USDT:USDT,,,,,0.8248,,35740953.0
1753505686581,04:54:46.581,xt,ADA/USDT:USDT,,,,,0.8249,,35741150.0
1753505689902,04:54:49.902,xt,ADA/USDT:USDT,,,,,0.825,,35741183.0
1753505692370,04:54:52.370,xt,ADA/USDT:USDT,,,,,0.825,,35741468.0
1753505695698,04:54:55.698,xt,ADA/USDT:USDT,,,,,0.8251,,35742175.0
1753505698935,04:54:58.935,xt,ADA/USDT:USDT,,,,,0.8251,,35743753.0
1753505701998,04:55:01.998,xt,ADA/USDT:USDT,,,,,0.8252,,35711170.0
1753505704325,04:55:04.325,xt,ADA/USDT:USDT,,,,,0.8251,,35712237.0
1753505707786,04:55:07.786,xt,ADA/USDT:USDT,,,,,0.8248,,35713890.0
1753505710128,04:55:10.128,xt,ADA/USDT:USDT,,,,,0.825,,35714450.0
1753505713632,04:55:13.632,xt,ADA/USDT:USDT,,,,,0.825,,35714455.0
1753505716726,04:55:16.726,xt,ADA/USDT:USDT,,,,,0.8251,,35715116.0
1753505719301,04:55:19.301,xt,ADA/USDT:USDT,,,,,0.825,,35715144.0
1753505722463,04:55:22.463,xt,ADA/USDT:USDT,,,,,0.825,,35715153.0
1753505725664,04:55:25.664,xt,ADA/USDT:USDT,,,,,0.8251,,35715162.0
1753505728242,04:55:28.242,xt,ADA/USDT:USDT,,,,,0.8251,,35715454.0
1753505731490,04:55:31.490,xt,ADA/USDT:USDT,,,,,0.8251,,35715460.0
1753505734845,04:55:34.845,xt,ADA/USDT:USDT,,,,,0.8253,,35718026.0
1753505737517,04:55:37.517,xt,ADA/USDT:USDT,,,,,0.8253,,35718055.0
1753505740871,04:55:40.871,xt,ADA/USDT:USDT,,,,,0.8251,,35718587.0
1753505743567,04:55:43.567,xt,ADA/USDT:USDT,,,,,0.8252,,35718590.0
1753505746931,04:55:46.931,xt,ADA/USDT:USDT,,,,,0.8252,,35718597.0
1753505750030,04:55:50.030,xt,ADA/USDT:USDT,,,,,0.8252,,35718772.0
1753505752635,04:55:52.635,xt,ADA/USDT:USDT,,,,,0.8253,,35718781.0
1753505755761,04:55:55.761,xt,ADA/USDT:USDT,,,,,0.8253,,35718789.0
1753505758908,04:55:58.908,xt,ADA/USDT:USDT,,,,,0.8253,,35703225.0
1753505759720,04:55:59.720,xt,ADA/USDT:USDT,,,,,0.8253,,35703226.0
1753505764401,04:56:04.401,xt,ADA/USDT:USDT,,,,,0.8252,,35706257.0
1753505765117,04:56:05.117,xt,ADA/USDT:USDT,,,,,0.8252,,35706259.0
1753505770713,04:56:10.713,xt,ADA/USDT:USDT,,,,,0.8252,,35706266.0
1753505773216,04:56:13.216,xt,ADA/USDT:USDT,,,,,0.8252,,35706274.0
1753505775057,04:56:15.057,xt,ADA/USDT:USDT,,,,,0.8252,,35706277.0
1753505777479,04:56:17.479,xt,ADA/USDT:USDT,,,,,0.8251,,35706279.0
1753505782606,04:56:22.606,xt,ADA/USDT:USDT,,,,,0.8253,,35707640.0
1753505785842,04:56:25.842,xt,ADA/USDT:USDT,,,,,0.8253,,35707712.0
1753505788211,04:56:28.211,xt,ADA/USDT:USDT,,,,,0.8252,,35707729.0
1753505789782,04:56:29.782,xt,ADA/USDT:USDT,,,,,0.8252,,35707737.0
1753505792994,04:56:32.994,xt,ADA/USDT:USDT,,,,,0.8251,,35707739.0
1753505808185,04:56:48.185,xt,ADA/USDT:USDT,,,,,0.8251,,35707740.0
1753505816329,04:56:56.329,xt,ADA/USDT:USDT,,,,,0.8251,,35707745.0
1753505820078,04:57:00.078,xt,ADA/USDT:USDT,,,,,0.8248,,35695263.0
1753505824353,04:57:04.353,xt,ADA/USDT:USDT,,,,,0.8248,,35695269.0
1753505827696,04:57:07.696,xt,ADA/USDT:USDT,,,,,0.8247,,35695280.0
1753505830825,04:57:10.825,xt,ADA/USDT:USDT,,,,,0.8246,,35695359.0
1753505846871,04:57:26.871,xt,ADA/USDT:USDT,,,,,0.8246,,35695361.0
1753505860940,04:57:40.940,xt,ADA/USDT:USDT,,,,,0.8244,,35695811.0
1753505863386,04:57:43.386,xt,ADA/USDT:USDT,,,,,0.8243,,35695817.0
1753505866665,04:57:46.665,xt,ADA/USDT:USDT,,,,,0.8243,,35695875.0
1753505869701,04:57:49.701,xt,ADA/USDT:USDT,,,,,0.8243,,35695887.0
1753505873028,04:57:53.028,xt,ADA/USDT:USDT,,,,,0.8243,,35695894.0
1753505875281,04:57:55.281,xt,ADA/USDT:USDT,,,,,0.8243,,35695900.0
1753505878341,04:57:58.341,xt,ADA/USDT:USDT,,,,,0.8244,,35682891.0
1753505880198,04:58:00.198,xt,ADA/USDT:USDT,,,,,0.8243,,35683038.0
1753505883833,04:58:03.833,xt,ADA/USDT:USDT,,,,,0.8242,,35683053.0
1753505887900,04:58:07.900,xt,ADA/USDT:USDT,,,,,0.8243,,35683054.0
1753505889495,04:58:09.495,xt,ADA/USDT:USDT,,,,,0.8243,,35683058.0
1753505899874,04:58:19.874,xt,ADA/USDT:USDT,,,,,0.8243,,35683098.0
1753505905336,04:58:25.336,xt,ADA/USDT:USDT,,,,,0.8244,,35683651.0
1753505908634,04:58:28.634,xt,ADA/USDT:USDT,,,,,0.8244,,35683657.0
1753505911944,04:58:31.944,xt,ADA/USDT:USDT,,,,,0.8243,,35683675.0
1753505914339,04:58:34.339,xt,ADA/USDT:USDT,,,,,0.8244,,35684572.0
1753505917721,04:58:37.721,xt,ADA/USDT:USDT,,,,,0.8245,,35684608.0
1753505920816,04:58:40.816,xt,ADA/USDT:USDT,,,,,0.8245,,35684771.0
1753505923219,04:58:43.219,xt,ADA/USDT:USDT,,,,,0.8246,,35685458.0
1753505926576,04:58:46.576,xt,ADA/USDT:USDT,,,,,0.8248,,35685520.0
1753505929732,04:58:49.732,xt,ADA/USDT:USDT,,,,,0.8249,,35686039.0
1753505932932,04:58:52.932,xt,ADA/USDT:USDT,,,,,0.8248,,35686710.0
1753505935657,04:58:55.657,xt,ADA/USDT:USDT,,,,,0.8247,,35686790.0
1753505938367,04:58:58.367,xt,ADA/USDT:USDT,,,,,0.8249,,35686956.0
1753505941663,04:59:01.663,xt,ADA/USDT:USDT,,,,,0.8249,,35663103.0
1753505944274,04:59:04.274,xt,ADA/USDT:USDT,,,,,0.8248,,35663120.0
1753505947485,04:59:07.485,xt,ADA/USDT:USDT,,,,,0.8248,,35663136.0
1753505950877,04:59:10.877,xt,ADA/USDT:USDT,,,,,0.8247,,35663478.0
1753505953336,04:59:13.336,xt,ADA/USDT:USDT,,,,,0.8246,,35663703.0
1753505956635,04:59:16.635,xt,ADA/USDT:USDT,,,,,0.8242,,35666076.0
1753505959851,04:59:19.851,xt,ADA/USDT:USDT,,,,,0.8243,,35666088.0
1753505963029,04:59:23.029,xt,ADA/USDT:USDT,,,,,0.8243,,35666152.0
1753505968520,04:59:28.520,xt,ADA/USDT:USDT,,,,,0.8243,,35666169.0
1753505971034,04:59:31.034,xt,ADA/USDT:USDT,,,,,0.8243,,35666178.0
1753505975055,04:59:35.055,xt,ADA/USDT:USDT,,,,,0.8243,,35666208.0
1753505977528,04:59:37.528,xt,ADA/USDT:USDT,,,,,0.8244,,35666306.0
1753505980274,04:59:40.274,xt,ADA/USDT:USDT,,,,,0.8244,,35666315.0
1753505983902,04:59:43.902,xt,ADA/USDT:USDT,,,,,0.8244,,35666323.0
1753505986396,04:59:46.396,xt,ADA/USDT:USDT,,,,,0.8243,,35666703.0
1753505989581,04:59:49.581,xt,ADA/USDT:USDT,,,,,0.8243,,35666719.0
1753505992756,04:59:52.756,xt,ADA/USDT:USDT,,,,,0.8242,,35667497.0
1753505995873,04:59:55.873,xt,ADA/USDT:USDT,,,,,0.8243,,35667866.0
1753505998253,04:59:58.253,xt,ADA/USDT:USDT,,,,,0.8243,,35667871.0
1753506001514,05:00:01.514,xt,ADA/USDT:USDT,,,,,0.8243,,35647896.0
1753506004427,05:00:04.427,xt,ADA/USDT:USDT,,,,,0.8243,,35648222.0
1753506007636,05:00:07.636,xt,ADA/USDT:USDT,,,,,0.8241,,35653262.0
1753506010936,05:00:10.936,xt,ADA/USDT:USDT,,,,,0.8243,,35653439.0
1753506013328,05:00:13.328,xt,ADA/USDT:USDT,,,,,0.8242,,35653465.0
1753506016394,05:00:16.394,xt,ADA/USDT:USDT,,,,,0.824,,35656802.0
1753506019858,05:00:19.858,xt,ADA/USDT:USDT,,,,,0.824,,35657042.0
1753506022305,05:00:22.305,xt,ADA/USDT:USDT,,,,,0.8241,,35657047.0
1753506025607,05:00:25.607,xt,ADA/USDT:USDT,,,,,0.824,,35657263.0
1753506028606,05:00:28.606,xt,ADA/USDT:USDT,,,,,0.8241,,35657282.0
1753506031848,05:00:31.848,xt,ADA/USDT:USDT,,,,,0.8241,,35657314.0
1753506034242,05:00:34.242,xt,ADA/USDT:USDT,,,,,0.8241,,35657325.0
1753506037573,05:00:37.573,xt,ADA/USDT:USDT,,,,,0.8238,,35658565.0
1753506040851,05:00:40.851,xt,ADA/USDT:USDT,,,,,0.8239,,35658745.0
1753506043877,05:00:43.877,xt,ADA/USDT:USDT,,,,,0.824,,35658754.0
1753506046184,05:00:46.184,xt,ADA/USDT:USDT,,,,,0.824,,35658770.0
1753506049601,05:00:49.601,xt,ADA/USDT:USDT,,,,,0.824,,35659063.0
1753506052678,05:00:52.678,xt,ADA/USDT:USDT,,,,,0.824,,35659220.0
1753506055243,05:00:55.243,xt,ADA/USDT:USDT,,,,,0.824,,35659362.0
1753506058486,05:00:58.486,xt,ADA/USDT:USDT,,,,,0.824,,35659372.0
1753506060794,05:01:00.794,xt,ADA/USDT:USDT,,,,,0.8238,,35626144.0
1753506062929,05:01:02.929,xt,ADA/USDT:USDT,,,,,0.824,,35626148.0
1753506073722,05:01:13.722,xt,ADA/USDT:USDT,,,,,0.8237,,35628836.0
1753506076154,05:01:16.154,xt,ADA/USDT:USDT,,,,,0.8237,,35628853.0
1753506078468,05:01:18.468,xt,ADA/USDT:USDT,,,,,0.8236,,35628854.0
1753506090378,05:01:30.378,xt,ADA/USDT:USDT,,,,,0.8237,,35629837.0
1753506095954,05:01:35.954,xt,ADA/USDT:USDT,,,,,0.8236,,35629839.0
1753506114291,05:01:54.291,xt,ADA/USDT:USDT,,,,,0.8236,,35629842.0
1753506119629,05:01:59.629,xt,ADA/USDT:USDT,,,,,0.8236,,35586476.0
1753506130304,05:02:10.304,xt,ADA/USDT:USDT,,,,,0.8235,,35586486.0
1753506133607,05:02:13.607,xt,ADA/USDT:USDT,,,,,0.8234,,35586672.0
1753506136913,05:02:16.913,xt,ADA/USDT:USDT,,,,,0.8234,,35587150.0
1753506139253,05:02:19.253,xt,ADA/USDT:USDT,,,,,0.8234,,35587236.0
1753506142606,05:02:22.606,xt,ADA/USDT:USDT,,,,,0.8234,,35587271.0
1753506145876,05:02:25.876,xt,ADA/USDT:USDT,,,,,0.8233,,35588844.0
1753506148494,05:02:28.494,xt,ADA/USDT:USDT,,,,,0.8233,,35588847.0
1753506151644,05:02:31.644,xt,ADA/USDT:USDT,,,,,0.8233,,35588950.0
1753506154131,05:02:34.131,xt,ADA/USDT:USDT,,,,,0.8233,,35589806.0
1753506157398,05:02:37.398,xt,ADA/USDT:USDT,,,,,0.8232,,35589992.0
1753506172756,05:02:52.756,xt,ADA/USDT:USDT,,,,,0.8232,,35589994.0
1753506172756,05:02:52.756,xt,ADA/USDT:USDT,,,,,0.8232,,35512486.0
1753506188874,05:03:08.874,xt,ADA/USDT:USDT,,,,,0.8232,,35512491.0
1753506193431,05:03:13.431,xt,ADA/USDT:USDT,,,,,0.8228,,35512492.0
1753506196546,05:03:16.546,xt,ADA/USDT:USDT,,,,,0.8228,,35512642.0
1753506199881,05:03:19.881,xt,ADA/USDT:USDT,,,,,0.8229,,35512698.0
1753506202213,05:03:22.213,xt,ADA/USDT:USDT,,,,,0.8227,,35513508.0
1753506205427,05:03:25.427,xt,ADA/USDT:USDT,,,,,0.8227,,35513716.0
1753506208484,05:03:28.484,xt,ADA/USDT:USDT,,,,,0.8228,,35513730.0
1753506211575,05:03:31.575,xt,ADA/USDT:USDT,,,,,0.8228,,35513959.0
1753506214877,05:03:34.877,xt,ADA/USDT:USDT,,,,,0.8227,,35515909.0
1753506217285,05:03:37.285,xt,ADA/USDT:USDT,,,,,0.8227,,35517975.0
1753506220661,05:03:40.661,xt,ADA/USDT:USDT,,,,,0.8227,,35518383.0
1753506223945,05:03:43.945,xt,ADA/USDT:USDT,,,,,0.8226,,35519684.0
1753506226513,05:03:46.513,xt,ADA/USDT:USDT,,,,,0.8226,,35519698.0
1753506229790,05:03:49.790,xt,ADA/USDT:USDT,,,,,0.8227,,35519710.0
1753506232274,05:03:52.274,xt,ADA/USDT:USDT,,,,,0.8226,,35520391.0
1753506235631,05:03:55.631,xt,ADA/USDT:USDT,,,,,0.8227,,35520775.0
1753506238757,05:03:58.757,xt,ADA/USDT:USDT,,,,,0.8226,,35520793.0
1753506241759,05:04:01.759,xt,ADA/USDT:USDT,,,,,0.8227,,35505251.0
1753506244938,05:04:04.938,xt,ADA/USDT:USDT,,,,,0.8227,,35505268.0
1753506247363,05:04:07.363,xt,ADA/USDT:USDT,,,,,0.8226,,35508156.0
1753506250734,05:04:10.734,xt,ADA/USDT:USDT,,,,,0.8226,,35508192.0
1753506253949,05:04:13.949,xt,ADA/USDT:USDT,,,,,0.8228,,35509509.0
1753506256244,05:04:16.244,xt,ADA/USDT:USDT,,,,,0.8228,,35509853.0
1753506259637,05:04:19.637,xt,ADA/USDT:USDT,,,,,0.8228,,35510024.0
1753506262908,05:04:22.908,xt,ADA/USDT:USDT,,,,,0.8229,,35510708.0
1753506265291,05:04:25.291,xt,ADA/USDT:USDT,,,,,0.8229,,35510713.0
1753506268546,05:04:28.546,xt,ADA/USDT:USDT,,,,,0.8228,,35510789.0
1753506271752,05:04:31.752,xt,ADA/USDT:USDT,,,,,0.8227,,35511822.0
1753506274968,05:04:34.968,xt,ADA/USDT:USDT,,,,,0.8227,,35511837.0
1753506277550,05:04:37.550,xt,ADA/USDT:USDT,,,,,0.8226,,35512483.0
1753506280637,05:04:40.637,xt,ADA/USDT:USDT,,,,,0.8226,,35513281.0
1753506283695,05:04:43.695,xt,ADA/USDT:USDT,,,,,0.8225,,35513589.0
