timestamp,time,exchange,symbol,bid,bidVolume,ask,askVolume,lastPrice,baseVolume,quoteVolume
1753504792772,04:39:52.772,xt,ACH/USDT:USDT,,,,,0.02237,,6673746.0
1753504795853,04:39:55.853,xt,ACH/USDT:USDT,,,,,0.02237,,6673753.0
1753504799101,04:39:59.101,xt,ACH/USDT:USDT,,,,,0.022372,,6673771.0
1753504801495,04:40:01.495,xt,ACH/USDT:USDT,,,,,0.022372,,6673779.0
1753504804871,04:40:04.871,xt,ACH/USDT:USDT,,,,,0.022372,,6673885.0
1753504807374,04:40:07.374,xt,ACH/USDT:USDT,,,,,0.02237,,6673894.0
1753504810499,04:40:10.499,xt,ACH/USDT:USDT,,,,,0.022371,,6673905.0
1753504813675,04:40:13.675,xt,ACH/USDT:USDT,,,,,0.022371,,6673912.0
1753504816886,04:40:16.886,xt,ACH/USDT:USDT,,,,,0.022371,,6673922.0
1753504819263,04:40:19.263,xt,ACH/USDT:USDT,,,,,0.022371,,6673931.0
1753504822498,04:40:22.498,xt,ACH/USDT:USDT,,,,,0.022371,,6673943.0
1753504825619,04:40:25.619,xt,ACH/USDT:USDT,,,,,0.022371,,6673954.0
1753504829067,04:40:29.067,xt,ACH/USDT:USDT,,,,,0.022371,,6668705.0
1753504831439,04:40:31.439,xt,ACH/USDT:USDT,,,,,0.022371,,6668712.0
1753504834591,04:40:34.591,xt,ACH/USDT:USDT,,,,,0.022376,,6669129.0
1753504837670,04:40:37.670,xt,ACH/USDT:USDT,,,,,0.022376,,6669139.0
1753504840282,04:40:40.282,xt,ACH/USDT:USDT,,,,,0.022376,,6669147.0
1753504843888,04:40:43.888,xt,ACH/USDT:USDT,,,,,0.022371,,6669514.0
1753504846405,04:40:46.405,xt,ACH/USDT:USDT,,,,,0.022371,,6669525.0
1753504849680,04:40:49.680,xt,ACH/USDT:USDT,,,,,0.022371,,6669535.0
1753504852855,04:40:52.855,xt,ACH/USDT:USDT,,,,,0.022371,,6669547.0
1753504856039,04:40:56.039,xt,ACH/USDT:USDT,,,,,0.022371,,6669554.0
1753504858474,04:40:58.474,xt,ACH/USDT:USDT,,,,,0.022371,,6669559.0
1753504861737,04:41:01.737,xt,ACH/USDT:USDT,,,,,0.022371,,6669569.0
1753504864973,04:41:04.973,xt,ACH/USDT:USDT,,,,,0.022375,,6669696.0
1753504867345,04:41:07.345,xt,ACH/USDT:USDT,,,,,0.022376,,6669822.0
1753504870553,04:41:10.553,xt,ACH/USDT:USDT,,,,,0.022378,,6669855.0
1753504873830,04:41:13.830,xt,ACH/USDT:USDT,,,,,0.022379,,6669865.0
1753504876315,04:41:16.315,xt,ACH/USDT:USDT,,,,,0.022379,,6669874.0
1753504879614,04:41:19.614,xt,ACH/USDT:USDT,,,,,0.022379,,6669884.0
1753504882673,04:41:22.673,xt,ACH/USDT:USDT,,,,,0.022379,,6669890.0
1753504885889,04:41:25.889,xt,ACH/USDT:USDT,,,,,0.022379,,6669906.0
1753504888405,04:41:28.405,xt,ACH/USDT:USDT,,,,,0.022379,,6663143.0
1753504891676,04:41:31.676,xt,ACH/USDT:USDT,,,,,0.02238,,6663213.0
