timestamp,time,symbol,bid1_price,bid1_volume,bid2_price,bid2_volume,ask1_price,ask1_volume,ask2_price,ask2_volume
1753520627000,09:03:47.000,ACH/USDT:USDT,0.02269,186.0,0.02268,1496.0,0.02271,990.0,0.02272,7267.0
1753520628009,09:03:48.009,ACH/USDT:USDT,0.02269,186.0,0.02268,1496.0,0.02271,990.0,0.02272,7267.0
1753520628045,09:03:48.045,ACH/USDT:USDT,0.02269,186.0,0.02268,1496.0,0.02271,185.0,0.02272,7208.0
1753520628709,09:03:48.709,ACH/USDT:USDT,0.02269,186.0,0.02268,684.0,0.02271,185.0,0.02272,9008.0
1753520628808,09:03:48.808,ACH/USDT:USDT,0.02269,186.0,0.02268,684.0,0.02271,185.0,0.02272,9067.0
1753520629309,09:03:49.309,ACH/USDT:USDT,0.02269,186.0,0.02268,1496.0,0.02271,185.0,0.02272,9067.0
1753520629409,09:03:49.409,ACH/USDT:USDT,0.02269,186.0,0.02268,684.0,0.02271,185.0,0.02272,9067.0
1753520629420,09:03:49.420,ACH/USDT:USDT,0.02269,186.0,0.02268,1496.0,0.02271,185.0,0.02272,9067.0
1753520629823,09:03:49.823,ACH/USDT:USDT,0.02269,186.0,0.02268,1496.0,0.02271,185.0,0.02272,9067.0
1753520630609,09:03:50.609,ACH/USDT:USDT,0.02269,186.0,0.02268,684.0,0.02271,185.0,0.02272,9067.0
1753520630709,09:03:50.709,ACH/USDT:USDT,0.02269,186.0,0.02268,684.0,0.02271,185.0,0.02272,9067.0
1753520630710,09:03:50.710,ACH/USDT:USDT,0.02269,186.0,0.02268,684.0,0.02271,185.0,0.02272,9067.0
1753520631178,09:03:51.178,ACH/USDT:USDT,0.02268,684.0,0.02267,4162.0,0.02271,185.0,0.02272,9008.0
1753520631217,09:03:51.217,ACH/USDT:USDT,0.02268,684.0,0.02267,4162.0,0.02271,185.0,0.02272,9067.0
1753520632579,09:03:52.579,ACH/USDT:USDT,0.02269,186.0,0.02268,684.0,0.02271,1064.0,0.02272,9008.0
1753520632617,09:03:52.617,ACH/USDT:USDT,0.02269,186.0,0.02268,684.0,0.02271,1064.0,0.02272,9067.0
1753520633372,09:03:53.372,ACH/USDT:USDT,0.02269,186.0,0.02268,684.0,0.0227,184.0,0.02271,1064.0
1753520633417,09:03:53.417,ACH/USDT:USDT,0.02269,186.0,0.02268,684.0,0.0227,184.0,0.02271,1123.0
1753520633555,09:03:53.555,ACH/USDT:USDT,0.02269,186.0,0.02268,684.0,0.0227,184.0,0.02271,1123.0
1753520633976,09:03:53.976,ACH/USDT:USDT,0.02269,186.0,0.02268,684.0,0.0227,184.0,0.02271,1123.0
1753520634396,09:03:54.396,ACH/USDT:USDT,0.02269,186.0,0.02268,684.0,0.0227,184.0,0.02271,1123.0
1753520634632,09:03:54.632,ACH/USDT:USDT,0.02269,186.0,0.02268,684.0,0.0227,184.0,0.02271,1123.0
1753520635360,09:03:55.360,ACH/USDT:USDT,0.02268,684.0,0.02267,4162.0,0.0227,184.0,0.02271,1064.0
1753520635418,09:03:55.418,ACH/USDT:USDT,0.02268,684.0,0.02267,4162.0,0.0227,184.0,0.02271,1123.0
1753520636747,09:03:56.747,ACH/USDT:USDT,0.02268,1381.0,0.02267,4162.0,0.0227,184.0,0.02271,1064.0
1753520636817,09:03:56.817,ACH/USDT:USDT,0.02268,1381.0,0.02267,4162.0,0.0227,184.0,0.02271,1123.0
1753520639423,09:03:59.423,ACH/USDT:USDT,0.02268,1381.0,0.02267,4162.0,0.0227,184.0,0.02271,1123.0
1753520639609,09:03:59.609,ACH/USDT:USDT,0.02268,1381.0,0.02267,4162.0,0.0227,184.0,0.02271,1123.0
1753520640271,09:04:00.271,ACH/USDT:USDT,0.02268,1381.0,0.02267,4162.0,0.0227,184.0,0.02271,244.0
1753520640333,09:04:00.333,ACH/USDT:USDT,0.02268,1381.0,0.02267,4162.0,0.02271,185.0,0.02272,9008.0
1753520640441,09:04:00.441,ACH/USDT:USDT,0.02268,1381.0,0.02267,4162.0,0.02271,185.0,0.02272,9067.0
1753520640862,09:04:00.862,ACH/USDT:USDT,0.02268,1381.0,0.02267,4162.0,0.02271,185.0,0.02272,9067.0
1753520641879,09:04:01.879,ACH/USDT:USDT,0.02268,1381.0,0.02267,4162.0,0.02271,185.0,0.02272,9067.0
1753520642288,09:04:02.288,ACH/USDT:USDT,0.02268,1381.0,0.02267,4162.0,0.0227,184.0,0.02271,2156.0
1753520642317,09:04:02.317,ACH/USDT:USDT,0.02268,1581.0,0.02267,4162.0,0.0227,184.0,0.02271,2215.0
1753520642482,09:04:02.482,ACH/USDT:USDT,0.02268,1581.0,0.02267,4162.0,0.0227,184.0,0.02271,2215.0
1753520642591,09:04:02.591,ACH/USDT:USDT,0.02268,1381.0,0.02267,4162.0,0.0227,184.0,0.02271,2156.0
1753520642759,09:04:02.759,ACH/USDT:USDT,0.02268,1381.0,0.02267,4162.0,0.0227,184.0,0.02271,2156.0
1753520642898,09:04:02.898,ACH/USDT:USDT,0.02268,1381.0,0.02267,4162.0,0.0227,184.0,0.02271,2215.0
1753520643316,09:04:03.316,ACH/USDT:USDT,0.02268,1381.0,0.02267,4162.0,0.0227,184.0,0.02271,2215.0
1753520643581,09:04:03.581,ACH/USDT:USDT,0.02268,1381.0,0.02267,4162.0,0.0227,184.0,0.02271,2215.0
1753520644208,09:04:04.208,ACH/USDT:USDT,0.02268,881.0,0.02267,4162.0,0.0227,184.0,0.02271,2215.0
1753520644252,09:04:04.252,ACH/USDT:USDT,0.02268,881.0,0.02267,4162.0,0.0227,184.0,0.02271,2156.0
1753520644318,09:04:04.318,ACH/USDT:USDT,0.02268,881.0,0.02267,4162.0,0.0227,184.0,0.02271,2215.0
1753520648438,09:04:08.438,ACH/USDT:USDT,0.02268,881.0,0.02267,4162.0,0.0227,184.0,0.02271,2215.0
1753520649023,09:04:09.023,ACH/USDT:USDT,0.02268,881.0,0.02267,4162.0,0.0227,184.0,0.02271,2215.0
1753520649158,09:04:09.158,ACH/USDT:USDT,0.02268,881.0,0.02267,4162.0,0.0227,184.0,0.02271,2215.0
1753520650360,09:04:10.360,ACH/USDT:USDT,0.02268,881.0,0.02267,4162.0,0.0227,184.0,0.02271,2215.0
1753520653823,09:04:13.823,ACH/USDT:USDT,0.02268,881.0,0.02267,4162.0,0.0227,184.0,0.02271,2215.0
1753520658624,09:04:18.624,ACH/USDT:USDT,0.02268,881.0,0.02267,4162.0,0.0227,184.0,0.02271,2215.0
1753520659664,09:04:19.664,ACH/USDT:USDT,0.02268,881.0,0.02267,4162.0,0.0227,184.0,0.02271,2215.0
1753520659806,09:04:19.806,ACH/USDT:USDT,0.02269,184.0,0.02268,881.0,0.02271,2156.0,0.02272,14906.0
1753520659817,09:04:19.817,ACH/USDT:USDT,0.02269,184.0,0.02268,881.0,0.02271,2156.0,0.02272,14965.0
1753520660135,09:04:20.135,ACH/USDT:USDT,0.02269,184.0,0.02268,881.0,0.02271,2156.0,0.02272,12309.0
1753520660610,09:04:20.610,ACH/USDT:USDT,0.02269,184.0,0.02268,881.0,0.0227,184.0,0.02271,2156.0
1753520660623,09:04:20.623,ACH/USDT:USDT,0.02269,184.0,0.02268,881.0,0.02271,2215.0,0.02272,12250.0
1753520660805,09:04:20.805,ACH/USDT:USDT,0.02269,184.0,0.02268,881.0,0.0227,184.0,0.02271,2156.0
1753520661209,09:04:21.209,ACH/USDT:USDT,0.02269,184.0,0.02268,1693.0,0.02271,2156.0,0.02272,12250.0
1753520661309,09:04:21.309,ACH/USDT:USDT,0.02269,184.0,0.02268,1693.0,0.02271,2156.0,0.02272,7267.0
1753520661407,09:04:21.407,ACH/USDT:USDT,0.02269,184.0,0.02268,1693.0,0.02271,185.0,0.02272,7267.0
1753520661442,09:04:21.442,ACH/USDT:USDT,0.02269,184.0,0.02268,1693.0,0.02271,185.0,0.02272,7208.0
1753520662109,09:04:22.109,ACH/USDT:USDT,0.02269,184.0,0.02268,881.0,0.02271,185.0,0.02272,9008.0
1753520662209,09:04:22.209,ACH/USDT:USDT,0.02269,184.0,0.02268,881.0,0.02271,185.0,0.02272,9008.0
1753520662258,09:04:22.258,ACH/USDT:USDT,0.02269,184.0,0.02268,881.0,0.02271,185.0,0.02272,9008.0
1753520663424,09:04:23.424,ACH/USDT:USDT,0.02269,184.0,0.02268,881.0,0.02271,185.0,0.02272,9008.0
1753520663675,09:04:23.675,ACH/USDT:USDT,0.02268,881.0,0.02267,4162.0,0.0227,184.0,0.02271,1336.0
1753520663875,09:04:23.875,ACH/USDT:USDT,0.02268,881.0,0.02267,4162.0,0.0227,184.0,0.02271,1336.0
1753520664209,09:04:24.209,ACH/USDT:USDT,0.02265,184.0,0.02264,4165.0,0.02268,184.0,0.02269,1885.0
1753520664309,09:04:24.309,ACH/USDT:USDT,0.02266,812.0,0.02265,184.0,0.02268,184.0,0.02269,1885.0
1753520664392,09:04:24.392,ACH/USDT:USDT,0.02266,187.0,0.02265,687.0,0.02268,184.0,0.02269,4053.0
1753520664499,09:04:24.499,ACH/USDT:USDT,0.02266,187.0,0.02265,687.0,0.02268,184.0,0.02269,4053.0
1753520664541,09:04:24.541,ACH/USDT:USDT,0.02266,187.0,0.02265,687.0,0.02268,184.0,0.02269,4053.0
1753520664778,09:04:24.778,ACH/USDT:USDT,0.02266,187.0,0.02265,687.0,0.02268,184.0,0.02269,4053.0
1753520665098,09:04:25.098,ACH/USDT:USDT,0.02266,187.0,0.02265,687.0,0.02267,392.0,0.02268,184.0
1753520665191,09:04:25.191,ACH/USDT:USDT,0.02266,187.0,0.02265,687.0,0.02267,392.0,0.02268,184.0
1753520666009,09:04:26.009,ACH/USDT:USDT,0.02266,187.0,0.02265,687.0,0.02267,392.0,0.02268,184.0
1753520666032,09:04:26.032,ACH/USDT:USDT,0.02266,187.0,0.02265,687.0,0.02267,392.0,0.02268,184.0
1753520666183,09:04:26.183,ACH/USDT:USDT,0.02266,187.0,0.02265,687.0,0.02268,184.0,0.02269,5017.0
1753520666405,09:04:26.405,ACH/USDT:USDT,0.02266,187.0,0.02265,1502.0,0.02268,184.0,0.02269,4053.0
1753520666430,09:04:26.430,ACH/USDT:USDT,0.02266,187.0,0.02265,1502.0,0.02268,184.0,0.02269,4053.0
1753520666682,09:04:26.682,ACH/USDT:USDT,0.02266,187.0,0.02265,1502.0,0.02268,184.0,0.02269,4053.0
1753520666849,09:04:26.849,ACH/USDT:USDT,0.02266,187.0,0.02265,1502.0,0.02268,184.0,0.02269,4053.0
1753520667150,09:04:27.150,ACH/USDT:USDT,0.02266,187.0,0.02265,1502.0,0.02267,392.0,0.02268,184.0
1753520667244,09:04:27.244,ACH/USDT:USDT,0.02266,187.0,0.02265,1502.0,0.02268,184.0,0.02269,4053.0
1753520667675,09:04:27.675,ACH/USDT:USDT,0.02266,187.0,0.02265,1502.0,0.02268,184.0,0.02269,4053.0
1753520668242,09:04:28.242,ACH/USDT:USDT,0.02266,187.0,0.02265,1502.0,0.02268,184.0,0.02269,4053.0
1753520668475,09:04:28.475,ACH/USDT:USDT,0.02266,187.0,0.02265,1502.0,0.02268,184.0,0.02269,4053.0
1753520668675,09:04:28.675,ACH/USDT:USDT,0.02266,187.0,0.02265,1502.0,0.02268,184.0,0.02269,4053.0
1753520669009,09:04:29.009,ACH/USDT:USDT,0.02266,187.0,0.02265,1502.0,0.02267,392.0,0.02268,184.0
1753520669014,09:04:29.014,ACH/USDT:USDT,0.02266,187.0,0.02265,1502.0,0.02267,392.0,0.02268,184.0
1753520669292,09:04:29.292,ACH/USDT:USDT,0.02266,187.0,0.02265,1502.0,0.02267,392.0,0.02268,184.0
1753520669424,09:04:29.424,ACH/USDT:USDT,0.02266,187.0,0.02265,1502.0,0.02267,392.0,0.02268,184.0
1753520669707,09:04:29.707,ACH/USDT:USDT,0.02266,187.0,0.02265,1502.0,0.02267,392.0,0.02268,184.0
1753520670287,09:04:30.287,ACH/USDT:USDT,0.02266,187.0,0.02265,1502.0,0.02268,184.0,0.02269,4053.0
1753520670524,09:04:30.524,ACH/USDT:USDT,0.02266,187.0,0.02265,1502.0,0.02268,184.0,0.02269,4053.0
1753520670705,09:04:30.705,ACH/USDT:USDT,0.02266,187.0,0.02265,1502.0,0.02268,184.0,0.02269,4053.0
1753520670796,09:04:30.796,ACH/USDT:USDT,0.02266,187.0,0.02265,1502.0,0.02268,184.0,0.02269,4053.0
1753520670840,09:04:30.840,ACH/USDT:USDT,0.02266,187.0,0.02265,1502.0,0.02268,184.0,0.02269,4053.0
1753520670942,09:04:30.942,ACH/USDT:USDT,0.02266,187.0,0.02265,1502.0,0.02268,184.0,0.02269,4053.0
1753520672145,09:04:32.145,ACH/USDT:USDT,0.02266,187.0,0.02265,1502.0,0.02268,184.0,0.02269,4053.0
1753520672231,09:04:32.231,ACH/USDT:USDT,0.02266,187.0,0.02265,1502.0,0.02268,184.0,0.02269,4112.0
1753520673452,09:04:33.452,ACH/USDT:USDT,0.02266,187.0,0.02265,1502.0,0.02268,184.0,0.02269,4112.0
1753520674224,09:04:34.224,ACH/USDT:USDT,0.02266,187.0,0.02265,1502.0,0.02268,184.0,0.02269,4112.0
1753520674637,09:04:34.637,ACH/USDT:USDT,0.02266,187.0,0.02265,1502.0,0.02268,184.0,0.02269,4112.0
1753520675400,09:04:35.400,ACH/USDT:USDT,0.02266,187.0,0.02265,1502.0,0.02267,392.0,0.02268,1040.0
1753520675416,09:04:35.416,ACH/USDT:USDT,0.02266,187.0,0.02265,1502.0,0.02267,392.0,0.02268,1099.0
1753520675517,09:04:35.517,ACH/USDT:USDT,0.02266,187.0,0.02265,1502.0,0.02267,392.0,0.02268,1040.0
1753520675792,09:04:35.792,ACH/USDT:USDT,0.02266,187.0,0.02265,1502.0,0.02267,392.0,0.02268,1040.0
1753520675900,09:04:35.900,ACH/USDT:USDT,0.02266,187.0,0.02265,1502.0,0.02267,392.0,0.02268,1040.0
1753520675918,09:04:35.918,ACH/USDT:USDT,0.02266,187.0,0.02265,1502.0,0.02267,392.0,0.02268,1099.0
1753520676016,09:04:36.016,ACH/USDT:USDT,0.02266,187.0,0.02265,1502.0,0.02267,392.0,0.02268,1040.0
1753520676209,09:04:36.209,ACH/USDT:USDT,0.02266,187.0,0.02265,1502.0,0.02267,392.0,0.02268,1040.0
1753520676249,09:04:36.249,ACH/USDT:USDT,0.02266,187.0,0.02265,1502.0,0.02268,1040.0,0.02269,5020.0
1753520676317,09:04:36.317,ACH/USDT:USDT,0.02266,187.0,0.02265,1502.0,0.02268,1040.0,0.02269,5079.0
1753520676419,09:04:36.419,ACH/USDT:USDT,0.02266,187.0,0.02265,1502.0,0.02268,184.0,0.02269,5020.0
1753520676686,09:04:36.686,ACH/USDT:USDT,0.02266,187.0,0.02265,1502.0,0.02268,184.0,0.02269,5020.0
1753520677083,09:04:37.083,ACH/USDT:USDT,0.02266,187.0,0.02265,1502.0,0.02268,184.0,0.02269,5020.0
1753520677117,09:04:37.117,ACH/USDT:USDT,0.02266,187.0,0.02265,1502.0,0.02268,184.0,0.02269,5079.0
1753520677456,09:04:37.456,ACH/USDT:USDT,0.02266,187.0,0.02265,1502.0,0.02268,184.0,0.02269,5079.0
1753520678138,09:04:38.138,ACH/USDT:USDT,0.02266,187.0,0.02265,1502.0,0.02268,184.0,0.02269,5079.0
1753520679102,09:04:39.102,ACH/USDT:USDT,0.02266,999.0,0.02265,1502.0,0.02268,184.0,0.02269,5020.0
1753520679149,09:04:39.149,ACH/USDT:USDT,0.02266,996.0,0.02265,1499.0,0.02268,184.0,0.02269,5020.0
1753520683845,09:04:43.845,ACH/USDT:USDT,0.02266,996.0,0.02265,1499.0,0.02268,184.0,0.02269,5020.0
1753520683917,09:04:43.917,ACH/USDT:USDT,0.02266,996.0,0.02265,1499.0,0.02268,184.0,0.02269,5079.0
1753520685448,09:04:45.448,ACH/USDT:USDT,0.02266,996.0,0.02265,1499.0,0.02268,184.0,0.02269,5079.0
1753520688625,09:04:48.625,ACH/USDT:USDT,0.02266,996.0,0.02265,1499.0,0.02268,184.0,0.02269,5079.0
1753520689697,09:04:49.697,ACH/USDT:USDT,0.02266,996.0,0.02265,1499.0,0.02268,184.0,0.02269,5079.0
1753520690367,09:04:50.367,ACH/USDT:USDT,0.02266,996.0,0.02265,1499.0,0.02267,392.0,0.02268,184.0
1753520690422,09:04:50.422,ACH/USDT:USDT,0.02266,1002.0,0.02265,1499.0,0.02267,392.0,0.02268,243.0
1753520690516,09:04:50.516,ACH/USDT:USDT,0.02266,1002.0,0.02265,1499.0,0.02267,392.0,0.02268,184.0
1753520690726,09:04:50.726,ACH/USDT:USDT,0.02266,1002.0,0.02265,1499.0,0.02267,392.0,0.02268,184.0
1753520691146,09:04:51.146,ACH/USDT:USDT,0.02266,1002.0,0.02265,1499.0,0.02267,392.0,0.02268,184.0
1753520691245,09:04:51.245,ACH/USDT:USDT,0.02266,1002.0,0.02265,1499.0,0.02268,243.0,0.02269,5020.0
1753520691316,09:04:51.316,ACH/USDT:USDT,0.02266,996.0,0.02265,1499.0,0.02268,243.0,0.02269,5079.0
1753520691586,09:04:51.586,ACH/USDT:USDT,0.02266,996.0,0.02265,1499.0,0.02267,188.0,0.02268,243.0
1753520691619,09:04:51.619,ACH/USDT:USDT,0.02266,1002.0,0.02265,1499.0,0.02267,188.0,0.02268,184.0
1753520691742,09:04:51.742,ACH/USDT:USDT,0.02266,1002.0,0.02265,1499.0,0.02268,184.0,0.02269,5020.0
1753520691818,09:04:51.818,ACH/USDT:USDT,0.02266,996.0,0.02265,1499.0,0.02268,184.0,0.02269,5079.0
1753520691977,09:04:51.977,ACH/USDT:USDT,0.02266,996.0,0.02265,1499.0,0.02268,184.0,0.02269,5020.0
1753520692790,09:04:52.790,ACH/USDT:USDT,0.02266,996.0,0.02265,1499.0,0.02268,184.0,0.02269,5020.0
1753520692817,09:04:52.817,ACH/USDT:USDT,0.02266,996.0,0.02265,1499.0,0.02268,184.0,0.02269,5079.0
1753520693425,09:04:53.425,ACH/USDT:USDT,0.02266,996.0,0.02265,1499.0,0.02268,184.0,0.02269,5079.0
1753520698225,09:04:58.225,ACH/USDT:USDT,0.02266,996.0,0.02265,1499.0,0.02268,184.0,0.02269,5079.0
1753520698322,09:04:58.322,ACH/USDT:USDT,0.02266,996.0,0.02265,1499.0,0.02268,184.0,0.02269,5079.0
1753520700511,09:05:00.511,ACH/USDT:USDT,0.02266,996.0,0.02265,1499.0,0.02268,184.0,0.02269,5079.0
1753520702707,09:05:02.707,ACH/USDT:USDT,0.02266,996.0,0.02265,1499.0,0.02268,184.0,0.02269,5079.0
1753520703032,09:05:03.032,ACH/USDT:USDT,0.02266,996.0,0.02265,1499.0,0.02268,184.0,0.02269,5079.0
1753520705186,09:05:05.186,ACH/USDT:USDT,0.02265,1499.0,0.02264,2718.0,0.02268,184.0,0.02269,5020.0
1753520705296,09:05:05.296,ACH/USDT:USDT,0.02266,6.0,0.02265,1499.0,0.02268,184.0,0.02269,5020.0
1753520705704,09:05:05.704,ACH/USDT:USDT,0.02266,6.0,0.02265,1499.0,0.02268,184.0,0.02269,5020.0
1753520705736,09:05:05.736,ACH/USDT:USDT,0.02266,6.0,0.02265,1499.0,0.02268,184.0,0.02269,5079.0
1753520705895,09:05:05.895,ACH/USDT:USDT,0.02266,194.0,0.02265,1499.0,0.02268,184.0,0.02269,5020.0
1753520705986,09:05:05.986,ACH/USDT:USDT,0.02266,194.0,0.02265,1499.0,0.02267,392.0,0.02268,184.0
1753520706059,09:05:06.059,ACH/USDT:USDT,0.02266,194.0,0.02265,1499.0,0.02267,392.0,0.02268,184.0
1753520706698,09:05:06.698,ACH/USDT:USDT,0.02266,6.0,0.02265,1499.0,0.02267,580.0,0.02268,184.0
1753520706717,09:05:06.717,ACH/USDT:USDT,0.02266,6.0,0.02265,1499.0,0.02267,580.0,0.02268,243.0
1753520706877,09:05:06.877,ACH/USDT:USDT,0.02266,6.0,0.02265,1499.0,0.02267,580.0,0.02268,184.0
1753520706990,09:05:06.990,ACH/USDT:USDT,0.02266,6.0,0.02265,999.0,0.02267,580.0,0.02268,184.0
1753520707090,09:05:07.090,ACH/USDT:USDT,0.02266,6.0,0.02265,999.0,0.02268,184.0,0.02269,5020.0
1753520707124,09:05:07.124,ACH/USDT:USDT,0.02266,6.0,0.02265,184.0,0.02268,184.0,0.02269,5079.0
1753520707293,09:05:07.293,ACH/USDT:USDT,0.02265,190.0,0.02264,2718.0,0.02268,184.0,0.02269,5020.0
1753520707557,09:05:07.557,ACH/USDT:USDT,0.02265,190.0,0.02264,2718.0,0.02267,188.0,0.02268,684.0
1753520707705,09:05:07.705,ACH/USDT:USDT,0.02265,190.0,0.02264,2718.0,0.02267,188.0,0.02268,743.0
1753520707717,09:05:07.717,ACH/USDT:USDT,0.02265,190.0,0.02264,2718.0,0.02267,188.0,0.02268,684.0
1753520707832,09:05:07.832,ACH/USDT:USDT,0.02265,190.0,0.02264,2718.0,0.02267,188.0,0.02268,684.0
1753520708201,09:05:08.201,ACH/USDT:USDT,0.02265,190.0,0.02264,2718.0,0.02267,188.0,0.02268,684.0
1753520708218,09:05:08.218,ACH/USDT:USDT,0.02265,190.0,0.02264,2718.0,0.02267,188.0,0.02268,743.0
1753520708316,09:05:08.316,ACH/USDT:USDT,0.02265,190.0,0.02264,2718.0,0.02267,188.0,0.02268,684.0
1753520708871,09:05:08.871,ACH/USDT:USDT,0.02265,190.0,0.02264,2718.0,0.02267,188.0,0.02268,684.0
1753520708917,09:05:08.917,ACH/USDT:USDT,0.02265,190.0,0.02264,2718.0,0.02267,188.0,0.02268,743.0
1753520709017,09:05:09.017,ACH/USDT:USDT,0.02265,190.0,0.02264,2718.0,0.02267,188.0,0.02268,684.0
1753520712625,09:05:12.625,ACH/USDT:USDT,0.02265,190.0,0.02264,2718.0,0.02267,188.0,0.02268,684.0
1753520712717,09:05:12.717,ACH/USDT:USDT,0.02265,190.0,0.02264,2718.0,0.02267,188.0,0.02268,743.0
1753520712817,09:05:12.817,ACH/USDT:USDT,0.02265,190.0,0.02264,2718.0,0.02267,188.0,0.02268,684.0
1753520712953,09:05:12.953,ACH/USDT:USDT,0.02265,190.0,0.02264,2718.0,0.02267,188.0,0.02268,684.0
1753520713078,09:05:13.078,ACH/USDT:USDT,0.02265,189.0,0.02264,1497.0,0.02267,188.0,0.02268,684.0
1753520713162,09:05:13.162,ACH/USDT:USDT,0.02265,189.0,0.02264,1497.0,0.02267,188.0,0.02268,684.0
1753520713299,09:05:13.299,ACH/USDT:USDT,0.02265,189.0,0.02264,1497.0,0.02267,188.0,0.02268,684.0
1753520713377,09:05:13.377,ACH/USDT:USDT,0.02265,189.0,0.02264,1497.0,0.02267,188.0,0.02268,684.0
1753520713757,09:05:13.757,ACH/USDT:USDT,0.02265,6.0,0.02264,1497.0,0.02267,188.0,0.02268,684.0
1753520713961,09:05:13.961,ACH/USDT:USDT,0.02265,189.0,0.02264,1497.0,0.02267,188.0,0.02268,684.0
1753520715766,09:05:15.766,ACH/USDT:USDT,0.02265,6.0,0.02264,1497.0,0.02267,188.0,0.02268,684.0
1753520716098,09:05:16.098,ACH/USDT:USDT,0.02265,6.0,0.02264,1497.0,0.02267,188.0,0.02268,684.0
1753520716599,09:05:16.599,ACH/USDT:USDT,0.02265,6.0,0.02264,1497.0,0.02267,188.0,0.02268,684.0
1753520716612,09:05:16.612,ACH/USDT:USDT,0.02265,6.0,0.02264,1497.0,0.02267,188.0,0.02268,1617.0
1753520717444,09:05:17.444,ACH/USDT:USDT,0.02265,189.0,0.02264,1497.0,0.02267,188.0,0.02268,1617.0
1753520718352,09:05:18.352,ACH/USDT:USDT,0.02265,189.0,0.02264,1497.0,0.02267,188.0,0.02268,1617.0
1753520718619,09:05:18.619,ACH/USDT:USDT,0.02265,6.0,0.02264,1497.0,0.02267,188.0,0.02268,1617.0
1753520718752,09:05:18.752,ACH/USDT:USDT,0.02265,6.0,0.02264,1497.0,0.02267,188.0,0.02268,2738.0
1753520721572,09:05:21.572,ACH/USDT:USDT,0.02265,6.0,0.02264,1497.0,0.02266,575.0,0.02267,6723.0
1753520721782,09:05:21.782,ACH/USDT:USDT,0.02265,6.0,0.02264,1497.0,0.02266,575.0,0.02267,6723.0
1753520722226,09:05:22.226,ACH/USDT:USDT,0.02265,6.0,0.02264,1497.0,0.02266,575.0,0.02267,6723.0
1753520724247,09:05:24.247,ACH/USDT:USDT,0.02265,6.0,0.02264,1497.0,0.02266,183.0,0.02267,6723.0
1753520724317,09:05:24.317,ACH/USDT:USDT,0.02265,6.0,0.02264,1497.0,0.02266,183.0,0.02267,6782.0
1753520725675,09:05:25.675,ACH/USDT:USDT,0.02265,6.0,0.02264,1497.0,0.02266,183.0,0.02267,6782.0
1753520725820,09:05:25.820,ACH/USDT:USDT,0.02265,6.0,0.02264,1497.0,0.02266,183.0,0.02267,6782.0
1753520726785,09:05:26.785,ACH/USDT:USDT,0.02265,189.0,0.02264,1497.0,0.02267,6782.0,0.02268,2738.0
1753520726817,09:05:26.817,ACH/USDT:USDT,0.02265,189.0,0.02264,1497.0,0.02267,6782.0,0.02268,2797.0
1753520727025,09:05:27.025,ACH/USDT:USDT,0.02265,189.0,0.02264,1497.0,0.02267,6782.0,0.02268,2797.0
1753520727111,09:05:27.111,ACH/USDT:USDT,0.02265,189.0,0.02264,1497.0,0.02267,6782.0,0.02268,2797.0
1753520727572,09:05:27.572,ACH/USDT:USDT,0.02265,189.0,0.02264,1497.0,0.02267,6723.0,0.02268,2738.0
1753520727617,09:05:27.617,ACH/USDT:USDT,0.02265,189.0,0.02264,1497.0,0.02267,6723.0,0.02268,2797.0
1753520727847,09:05:27.847,ACH/USDT:USDT,0.02265,189.0,0.02264,1497.0,0.02267,6723.0,0.02268,2797.0
1753520728432,09:05:28.432,ACH/USDT:USDT,0.02265,189.0,0.02264,1497.0,0.02267,6723.0,0.02268,2797.0
1753520728525,09:05:28.525,ACH/USDT:USDT,0.02265,189.0,0.02264,1497.0,0.02267,6723.0,0.02268,2797.0
1753520728656,09:05:28.656,ACH/USDT:USDT,0.02265,189.0,0.02264,1497.0,0.02267,2314.0,0.02268,8152.0
1753520728717,09:05:28.717,ACH/USDT:USDT,0.02265,189.0,0.02264,1497.0,0.02267,2314.0,0.02268,8211.0
1753520729708,09:05:29.708,ACH/USDT:USDT,0.02265,189.0,0.02264,1497.0,0.02267,2314.0,0.02268,8211.0
1753520729951,09:05:29.951,ACH/USDT:USDT,0.02265,189.0,0.02264,1497.0,0.02267,2314.0,0.02268,8211.0
1753520731825,09:05:31.825,ACH/USDT:USDT,0.02265,189.0,0.02264,1497.0,0.02267,2314.0,0.02268,8211.0
1753520733489,09:05:33.489,ACH/USDT:USDT,0.02265,189.0,0.02264,1497.0,0.02267,2314.0,0.02268,8152.0
1753520733517,09:05:33.517,ACH/USDT:USDT,0.02265,189.0,0.02264,1497.0,0.02267,2314.0,0.02268,8211.0
1753520736287,09:05:36.287,ACH/USDT:USDT,0.02265,189.0,0.02264,1497.0,0.02267,2314.0,0.02268,8211.0
1753520736585,09:05:36.585,ACH/USDT:USDT,0.02265,189.0,0.02264,1497.0,0.02267,2314.0,0.02268,8211.0
1753520736639,09:05:36.639,ACH/USDT:USDT,0.02265,189.0,0.02264,1497.0,0.02267,2314.0,0.02268,8211.0
1753520737848,09:05:37.848,ACH/USDT:USDT,0.02265,189.0,0.02264,1497.0,0.02267,2314.0,0.02268,8211.0
1753520740892,09:05:40.892,ACH/USDT:USDT,0.02266,184.0,0.02265,189.0,0.02268,7219.0,0.02269,1885.0
1753520741009,09:05:41.009,ACH/USDT:USDT,0.02266,184.0,0.02265,189.0,0.02268,9039.0,0.02269,6009.0
1753520741124,09:05:41.124,ACH/USDT:USDT,0.02266,184.0,0.02265,189.0,0.02268,9039.0,0.02269,6009.0
1753520741272,09:05:41.272,ACH/USDT:USDT,0.02266,184.0,0.02265,189.0,0.02268,9039.0,0.02269,6009.0
1753520741408,09:05:41.408,ACH/USDT:USDT,0.02266,184.0,0.02265,189.0,0.02268,2504.0,0.02269,1885.0
1753520741430,09:05:41.430,ACH/USDT:USDT,0.02266,184.0,0.02265,189.0,0.02268,684.0,0.02269,1885.0
1753520741599,09:05:41.599,ACH/USDT:USDT,0.02266,184.0,0.02265,189.0,0.02268,1883.0,0.02269,9859.0
1753520741612,09:05:41.612,ACH/USDT:USDT,0.02266,184.0,0.02265,189.0,0.02268,1883.0,0.02269,9859.0
1753520741739,09:05:41.739,ACH/USDT:USDT,0.02266,184.0,0.02265,189.0,0.02268,1883.0,0.02269,9859.0
1753520742152,09:05:42.152,ACH/USDT:USDT,0.02266,184.0,0.02265,189.0,0.02268,1883.0,0.02269,9859.0
1753520742218,09:05:42.218,ACH/USDT:USDT,0.02266,184.0,0.02265,189.0,0.02268,1883.0,0.02269,9918.0
1753520744008,09:05:44.008,ACH/USDT:USDT,0.02266,184.0,0.02265,189.0,0.02268,1883.0,0.02269,9918.0
1753520744181,09:05:44.181,ACH/USDT:USDT,0.02266,184.0,0.02265,189.0,0.02268,1883.0,0.02269,9918.0
1753520745493,09:05:45.493,ACH/USDT:USDT,0.02266,184.0,0.02265,189.0,0.02268,1883.0,0.02269,9918.0
1753520746226,09:05:46.226,ACH/USDT:USDT,0.02266,184.0,0.02265,189.0,0.02268,1883.0,0.02269,9918.0
1753520746448,09:05:46.448,ACH/USDT:USDT,0.02266,184.0,0.02265,189.0,0.02268,1883.0,0.02269,9918.0
1753520747042,09:05:47.042,ACH/USDT:USDT,0.02266,184.0,0.02265,6.0,0.02268,1883.0,0.02269,9918.0
1753520747189,09:05:47.189,ACH/USDT:USDT,0.02265,6.0,0.02264,1312.0,0.02267,189.0,0.02268,1883.0
1753520747307,09:05:47.307,ACH/USDT:USDT,0.02265,6.0,0.02264,500.0,0.02267,189.0,0.02268,2826.0
1753520747337,09:05:47.337,ACH/USDT:USDT,0.02265,195.0,0.02264,500.0,0.02267,189.0,0.02268,2826.0
1753520747591,09:05:47.591,ACH/USDT:USDT,0.02265,6.0,0.02264,189.0,0.02266,189.0,0.02267,6718.0
1753520747654,09:05:47.654,ACH/USDT:USDT,0.02264,192.0,0.02263,1876.0,0.02266,189.0,0.02267,6718.0
1753520747801,09:05:47.801,ACH/USDT:USDT,0.02264,192.0,0.02263,1876.0,0.02266,189.0,0.02267,6777.0
1753520747903,09:05:47.903,ACH/USDT:USDT,0.02264,192.0,0.02263,1876.0,0.02266,189.0,0.02267,6777.0
1753520748003,09:05:48.003,ACH/USDT:USDT,0.02264,1004.0,0.02263,1876.0,0.02266,189.0,0.02267,6777.0
1753520748098,09:05:48.098,ACH/USDT:USDT,0.02264,1001.0,0.02263,1876.0,0.02266,189.0,0.02267,6718.0
1753520748253,09:05:48.253,ACH/USDT:USDT,0.02264,1001.0,0.02263,1876.0,0.02266,189.0,0.02267,8160.0
1753520748349,09:05:48.349,ACH/USDT:USDT,0.02264,1001.0,0.02263,1876.0,0.02266,189.0,0.02267,8219.0
1753520750569,09:05:50.569,ACH/USDT:USDT,0.02265,189.0,0.02264,1001.0,0.02266,189.0,0.02267,8160.0
1753520750620,09:05:50.620,ACH/USDT:USDT,0.02265,195.0,0.02264,1001.0,0.02266,189.0,0.02267,8219.0
1753520750874,09:05:50.874,ACH/USDT:USDT,0.02265,6.0,0.02264,1001.0,0.02266,189.0,0.02267,8160.0
1753520751026,09:05:51.026,ACH/USDT:USDT,0.02265,6.0,0.02264,1001.0,0.02266,189.0,0.02267,8160.0
1753520751117,09:05:51.117,ACH/USDT:USDT,0.02265,6.0,0.02264,1001.0,0.02266,189.0,0.02267,8219.0
1753520752244,09:05:52.244,ACH/USDT:USDT,0.02265,195.0,0.02264,1001.0,0.02266,189.0,0.02267,8160.0
1753520752318,09:05:52.318,ACH/USDT:USDT,0.02265,195.0,0.02264,1001.0,0.02266,189.0,0.02267,8219.0
1753520753304,09:05:53.304,ACH/USDT:USDT,0.02265,6.0,0.02264,1001.0,0.02266,189.0,0.02267,8219.0
1753520753318,09:05:53.318,ACH/USDT:USDT,0.02265,6.0,0.02264,1001.0,0.02266,189.0,0.02267,8160.0
1753520753422,09:05:53.422,ACH/USDT:USDT,0.02265,6.0,0.02264,1001.0,0.02266,189.0,0.02267,8219.0
1753520753678,09:05:53.678,ACH/USDT:USDT,0.02265,195.0,0.02264,1001.0,0.02266,189.0,0.02267,8160.0
1753520753799,09:05:53.799,ACH/USDT:USDT,0.02265,195.0,0.02264,1001.0,0.02267,8160.0,0.02268,4806.0
1753520753818,09:05:53.818,ACH/USDT:USDT,0.02265,195.0,0.02264,1001.0,0.02267,8160.0,0.02268,4865.0
1753520753996,09:05:53.996,ACH/USDT:USDT,0.02265,195.0,0.02264,1001.0,0.02267,8160.0,0.02268,4865.0
1753520754751,09:05:54.751,ACH/USDT:USDT,0.02265,195.0,0.02264,1001.0,0.02267,8160.0,0.02268,4865.0
1753520754817,09:05:54.817,ACH/USDT:USDT,0.02265,195.0,0.02264,1001.0,0.02267,8160.0,0.02268,4865.0
1753520755174,09:05:55.174,ACH/USDT:USDT,0.02265,195.0,0.02264,1001.0,0.02266,189.0,0.02267,8160.0
1753520755235,09:05:55.235,ACH/USDT:USDT,0.02265,195.0,0.02264,1001.0,0.02266,189.0,0.02267,8219.0
1753520755826,09:05:55.826,ACH/USDT:USDT,0.02265,195.0,0.02264,1001.0,0.02266,189.0,0.02267,8219.0
1753520756059,09:05:56.059,ACH/USDT:USDT,0.02265,195.0,0.02264,1001.0,0.02266,189.0,0.02267,8219.0
1753520756191,09:05:56.191,ACH/USDT:USDT,0.02265,195.0,0.02264,1001.0,0.02266,189.0,0.02267,8219.0
1753520756751,09:05:56.751,ACH/USDT:USDT,0.02265,6.0,0.02264,1001.0,0.02266,189.0,0.02267,8160.0
1753520756904,09:05:56.904,ACH/USDT:USDT,0.02265,195.0,0.02264,1001.0,0.02266,189.0,0.02267,8160.0
1753520756961,09:05:56.961,ACH/USDT:USDT,0.02265,195.0,0.02264,1001.0,0.02267,8160.0,0.02268,4806.0
1753520757017,09:05:57.017,ACH/USDT:USDT,0.02265,195.0,0.02264,1001.0,0.02267,8160.0,0.02268,4865.0
1753520757246,09:05:57.246,ACH/USDT:USDT,0.02265,195.0,0.02264,1001.0,0.02267,8160.0,0.02268,4865.0
1753520758102,09:05:58.102,ACH/USDT:USDT,0.02265,195.0,0.02264,1001.0,0.02267,8160.0,0.02268,4865.0
1753520758521,09:05:58.521,ACH/USDT:USDT,0.02265,195.0,0.02264,1001.0,0.02267,8160.0,0.02268,4865.0
1753520759191,09:05:59.191,ACH/USDT:USDT,0.02265,195.0,0.02264,1001.0,0.02267,6718.0,0.02268,743.0
1753520759217,09:05:59.217,ACH/USDT:USDT,0.02265,195.0,0.02264,1001.0,0.02267,6718.0,0.02268,684.0
1753520759317,09:05:59.317,ACH/USDT:USDT,0.02265,195.0,0.02264,1001.0,0.02267,6718.0,0.02268,743.0
1753520759417,09:05:59.417,ACH/USDT:USDT,0.02265,195.0,0.02264,1001.0,0.02267,6718.0,0.02268,684.0
1753520759712,09:05:59.712,ACH/USDT:USDT,0.02265,195.0,0.02264,1001.0,0.02267,189.0,0.02268,7538.0
1753520760358,09:06:00.358,ACH/USDT:USDT,0.02265,195.0,0.02264,1001.0,0.02267,189.0,0.02268,9341.0
1753520760418,09:06:00.418,ACH/USDT:USDT,0.02265,195.0,0.02264,1001.0,0.02267,189.0,0.02268,9400.0
1753520760541,09:06:00.541,ACH/USDT:USDT,0.02265,195.0,0.02264,1001.0,0.02267,189.0,0.02268,9400.0
1753520760685,09:06:00.685,ACH/USDT:USDT,0.02266,189.0,0.02265,195.0,0.02267,189.0,0.02268,9341.0
1753520760870,09:06:00.870,ACH/USDT:USDT,0.02265,195.0,0.02264,1001.0,0.02267,189.0,0.02268,9341.0
1753520760963,09:06:00.963,ACH/USDT:USDT,0.02265,195.0,0.02264,1001.0,0.02267,189.0,0.02268,9341.0
1753520762194,09:06:02.194,ACH/USDT:USDT,0.02265,195.0,0.02264,1001.0,0.02267,189.0,0.02268,9341.0
1753520765427,09:06:05.427,ACH/USDT:USDT,0.02265,195.0,0.02264,1001.0,0.02267,189.0,0.02268,9341.0
1753520767032,09:06:07.032,ACH/USDT:USDT,0.02265,195.0,0.02264,1001.0,0.02267,1018.0,0.02268,9341.0
1753520767128,09:06:07.128,ACH/USDT:USDT,0.02265,195.0,0.02264,1001.0,0.02267,189.0,0.02268,9341.0
1753520767765,09:06:07.765,ACH/USDT:USDT,0.02265,195.0,0.02264,1001.0,0.02267,189.0,0.02268,9341.0
1753520769195,09:06:09.195,ACH/USDT:USDT,0.02265,893.0,0.02264,1001.0,0.02267,1232.0,0.02268,9341.0
1753520769252,09:06:09.252,ACH/USDT:USDT,0.02265,887.0,0.02264,1001.0,0.02267,190.0,0.02268,684.0
1753520769392,09:06:09.392,ACH/USDT:USDT,0.02265,189.0,0.02264,1699.0,0.02267,190.0,0.02268,7522.0
1753520769418,09:06:09.418,ACH/USDT:USDT,0.02265,195.0,0.02264,1699.0,0.02267,190.0,0.02268,7522.0
1753520769740,09:06:09.740,ACH/USDT:USDT,0.02266,190.0,0.02265,195.0,0.02268,7522.0,0.02269,1885.0
1753520769892,09:06:09.892,ACH/USDT:USDT,0.02266,190.0,0.02265,195.0,0.02268,7522.0,0.02269,1885.0
1753520770304,09:06:10.304,ACH/USDT:USDT,0.02265,195.0,0.02264,1699.0,0.02267,190.0,0.02268,7522.0
1753520770350,09:06:10.350,ACH/USDT:USDT,0.02266,190.0,0.02265,195.0,0.02268,7522.0,0.02269,1885.0
1753520770452,09:06:10.452,ACH/USDT:USDT,0.02266,190.0,0.02265,195.0,0.02268,7522.0,0.02269,1885.0
1753520771999,09:06:11.999,ACH/USDT:USDT,0.02266,190.0,0.02265,195.0,0.02268,7022.0,0.02269,1885.0
1753520772085,09:06:12.085,ACH/USDT:USDT,0.02266,190.0,0.02265,195.0,0.02268,184.0,0.02269,1885.0
1753520772192,09:06:12.192,ACH/USDT:USDT,0.02266,190.0,0.02265,195.0,0.02268,1082.0,0.02269,8716.0
1753520772222,09:06:12.222,ACH/USDT:USDT,0.02266,190.0,0.02265,195.0,0.02268,1082.0,0.02269,8716.0
1753520772409,09:06:12.409,ACH/USDT:USDT,0.02266,190.0,0.02265,195.0,0.02268,1082.0,0.02269,8716.0
1753520772507,09:06:12.507,ACH/USDT:USDT,0.02266,190.0,0.02265,195.0,0.02267,190.0,0.02268,1082.0
1753520772572,09:06:12.572,ACH/USDT:USDT,0.02266,190.0,0.02265,695.0,0.02268,1954.0,0.02269,8716.0
1753520772620,09:06:12.620,ACH/USDT:USDT,0.02266,190.0,0.02265,695.0,0.02268,1954.0,0.02269,8775.0
1753520772839,09:06:12.839,ACH/USDT:USDT,0.02266,190.0,0.02265,695.0,0.02268,1954.0,0.02269,8775.0
1753520773195,09:06:13.195,ACH/USDT:USDT,0.02266,190.0,0.02265,695.0,0.02268,1954.0,0.02269,8775.0
1753520773473,09:06:13.473,ACH/USDT:USDT,0.02266,190.0,0.02265,695.0,0.02268,1954.0,0.02269,10217.0
1753520775026,09:06:15.026,ACH/USDT:USDT,0.02266,190.0,0.02265,695.0,0.02268,1954.0,0.02269,10217.0
1753520777206,09:06:17.206,ACH/USDT:USDT,0.02266,190.0,0.02265,695.0,0.02268,243.0,0.02269,10158.0
1753520777217,09:06:17.217,ACH/USDT:USDT,0.02266,190.0,0.02265,695.0,0.02268,1699.0,0.02269,10217.0
1753520777366,09:06:17.366,ACH/USDT:USDT,0.02266,190.0,0.02265,695.0,0.02268,1699.0,0.02269,10158.0
1753520777508,09:06:17.508,ACH/USDT:USDT,0.02266,190.0,0.02265,695.0,0.02268,243.0,0.02269,10158.0
1753520777604,09:06:17.604,ACH/USDT:USDT,0.02266,190.0,0.02265,695.0,0.02268,2062.0,0.02269,8716.0
1753520777861,09:06:17.861,ACH/USDT:USDT,0.02266,190.0,0.02265,695.0,0.02268,59.0,0.02269,8716.0
1753520777919,09:06:17.919,ACH/USDT:USDT,0.02266,190.0,0.02265,695.0,0.02268,885.0,0.02269,8775.0
1753520778356,09:06:18.356,ACH/USDT:USDT,0.02266,190.0,0.02265,695.0,0.02268,885.0,0.02269,8775.0
1753520778692,09:06:18.692,ACH/USDT:USDT,0.02266,190.0,0.02265,695.0,0.02268,59.0,0.02269,8716.0
1753520778763,09:06:18.763,ACH/USDT:USDT,0.02266,190.0,0.02265,695.0,0.02268,243.0,0.02269,8775.0
1753520779494,09:06:19.494,ACH/USDT:USDT,0.02266,190.0,0.02265,695.0,0.02268,59.0,0.02269,8716.0
1753520779517,09:06:19.517,ACH/USDT:USDT,0.02266,190.0,0.02265,695.0,0.02268,59.0,0.02269,8775.0
1753520779901,09:06:19.901,ACH/USDT:USDT,0.02266,190.0,0.02265,695.0,0.02268,59.0,0.02269,8775.0
1753520780103,09:06:20.103,ACH/USDT:USDT,0.02266,190.0,0.02265,1880.0,0.02268,59.0,0.02269,8775.0
1753520780205,09:06:20.205,ACH/USDT:USDT,0.02267,184.0,0.02266,1002.0,0.02269,8716.0,0.0227,684.0
1753520780217,09:06:20.217,ACH/USDT:USDT,0.02267,190.0,0.02266,1002.0,0.02269,8716.0,0.0227,743.0
1753520780384,09:06:20.384,ACH/USDT:USDT,0.02267,190.0,0.02266,1002.0,0.02269,8716.0,0.0227,684.0
1753520780776,09:06:20.776,ACH/USDT:USDT,0.02267,190.0,0.02266,1002.0,0.02269,8716.0,0.0227,684.0
1753520780852,09:06:20.852,ACH/USDT:USDT,0.02267,190.0,0.02266,1002.0,0.02269,8716.0,0.0227,743.0
1753520780917,09:06:20.917,ACH/USDT:USDT,0.02267,190.0,0.02266,1002.0,0.02269,8716.0,0.0227,684.0
1753520781205,09:06:21.205,ACH/USDT:USDT,0.02267,190.0,0.02266,1002.0,0.02269,8716.0,0.0227,684.0
1753520781305,09:06:21.305,ACH/USDT:USDT,0.02267,190.0,0.02266,1002.0,0.02269,8716.0,0.0227,684.0
1753520781317,09:06:21.317,ACH/USDT:USDT,0.02267,190.0,0.02266,1002.0,0.02269,8716.0,0.0227,743.0
1753520781432,09:06:21.432,ACH/USDT:USDT,0.02267,190.0,0.02266,1002.0,0.02269,8716.0,0.0227,684.0
1753520781606,09:06:21.606,ACH/USDT:USDT,0.02267,190.0,0.02266,1002.0,0.02268,392.0,0.02269,8716.0
1753520781617,09:06:21.617,ACH/USDT:USDT,0.02267,190.0,0.02266,1002.0,0.02268,392.0,0.02269,8775.0
1753520782044,09:06:22.044,ACH/USDT:USDT,0.02267,190.0,0.02266,1002.0,0.02268,392.0,0.02269,8775.0
1753520782422,09:06:22.422,ACH/USDT:USDT,0.02267,190.0,0.02266,1002.0,0.02268,392.0,0.02269,8775.0
1753520782708,09:06:22.708,ACH/USDT:USDT,0.02267,190.0,0.02266,1002.0,0.02269,8275.0,0.0227,684.0
1753520782808,09:06:22.808,ACH/USDT:USDT,0.02267,190.0,0.02266,1002.0,0.02269,7074.0,0.0227,743.0
1753520782909,09:06:22.909,ACH/USDT:USDT,0.02267,190.0,0.02266,1002.0,0.02269,243.0,0.0227,684.0
1753520783004,09:06:23.004,ACH/USDT:USDT,0.02267,190.0,0.02266,1002.0,0.02269,243.0,0.0227,7502.0
1753520783032,09:06:23.032,ACH/USDT:USDT,0.02267,190.0,0.02266,1002.0,0.02269,1293.0,0.0227,7502.0
1753520783132,09:06:23.132,ACH/USDT:USDT,0.02267,190.0,0.02266,1002.0,0.02269,243.0,0.0227,7502.0
1753520784490,09:06:24.490,ACH/USDT:USDT,0.02267,190.0,0.02266,1002.0,0.02269,243.0,0.0227,7502.0
1753520784517,09:06:24.517,ACH/USDT:USDT,0.02267,190.0,0.02266,1002.0,0.02269,243.0,0.0227,7561.0
1753520784627,09:06:24.627,ACH/USDT:USDT,0.02267,190.0,0.02266,1002.0,0.02269,243.0,0.0227,7561.0
1753520785593,09:06:25.593,ACH/USDT:USDT,0.02268,182.0,0.02267,190.0,0.0227,7502.0,0.02271,3696.0
1753520785706,09:06:25.706,ACH/USDT:USDT,0.02268,182.0,0.02267,190.0,0.0227,7502.0,0.02271,3755.0
1753520785902,09:06:25.902,ACH/USDT:USDT,0.02268,182.0,0.02267,190.0,0.0227,7502.0,0.02271,3755.0
1753520785917,09:06:25.917,ACH/USDT:USDT,0.02268,182.0,0.02267,190.0,0.0227,7502.0,0.02271,3755.0
1753520786079,09:06:26.079,ACH/USDT:USDT,0.02268,182.0,0.02267,190.0,0.0227,7502.0,0.02271,3755.0
1753520786293,09:06:26.293,ACH/USDT:USDT,0.02268,182.0,0.02267,190.0,0.0227,7502.0,0.02271,3755.0
1753520786576,09:06:26.576,ACH/USDT:USDT,0.02268,182.0,0.02267,190.0,0.0227,7002.0,0.02271,3696.0
1753520786663,09:06:26.663,ACH/USDT:USDT,0.02268,182.0,0.02267,690.0,0.0227,7002.0,0.02271,3755.0
1753520786757,09:06:26.757,ACH/USDT:USDT,0.02268,182.0,0.02267,690.0,0.0227,7002.0,0.02271,3755.0
1753520787309,09:06:27.309,ACH/USDT:USDT,0.02268,182.0,0.02267,690.0,0.0227,184.0,0.02271,3696.0
1753520787337,09:06:27.337,ACH/USDT:USDT,0.02268,182.0,0.02267,690.0,0.0227,184.0,0.02271,3755.0
1753520787473,09:06:27.473,ACH/USDT:USDT,0.02268,182.0,0.02267,690.0,0.0227,184.0,0.02271,10563.0
1753520787652,09:06:27.652,ACH/USDT:USDT,0.02268,182.0,0.02267,690.0,0.0227,184.0,0.02271,10563.0
1753520787743,09:06:27.743,ACH/USDT:USDT,0.02268,182.0,0.02267,690.0,0.0227,184.0,0.02271,10563.0
1753520788102,09:06:28.102,ACH/USDT:USDT,0.02268,182.0,0.02267,690.0,0.0227,184.0,0.02271,10563.0
1753520788130,09:06:28.130,ACH/USDT:USDT,0.02268,182.0,0.02267,690.0,0.02269,392.0,0.0227,184.0
1753520788228,09:06:28.228,ACH/USDT:USDT,0.02268,182.0,0.02267,690.0,0.0227,243.0,0.02271,10504.0
1753520788317,09:06:28.317,ACH/USDT:USDT,0.02268,182.0,0.02267,690.0,0.0227,243.0,0.02271,10563.0
1753520788419,09:06:28.419,ACH/USDT:USDT,0.02268,182.0,0.02267,690.0,0.0227,243.0,0.02271,10563.0
1753520788587,09:06:28.587,ACH/USDT:USDT,0.02268,182.0,0.02267,690.0,0.0227,243.0,0.02271,10563.0
1753520789364,09:06:29.364,ACH/USDT:USDT,0.02268,182.0,0.02267,690.0,0.02269,392.0,0.0227,184.0
1753520789427,09:06:29.427,ACH/USDT:USDT,0.02268,182.0,0.02267,690.0,0.02269,392.0,0.0227,243.0
1753520789516,09:06:29.516,ACH/USDT:USDT,0.02268,182.0,0.02267,690.0,0.02269,392.0,0.0227,184.0
1753520789676,09:06:29.676,ACH/USDT:USDT,0.02268,182.0,0.02267,690.0,0.02269,392.0,0.0227,184.0
1753520790009,09:06:30.009,ACH/USDT:USDT,0.02268,994.0,0.02267,690.0,0.02269,392.0,0.0227,184.0
1753520790093,09:06:30.093,ACH/USDT:USDT,0.02268,994.0,0.02267,690.0,0.02269,392.0,0.0227,243.0
1753520790126,09:06:30.126,ACH/USDT:USDT,0.02268,994.0,0.02267,690.0,0.02269,392.0,0.0227,184.0
1753520790340,09:06:30.340,ACH/USDT:USDT,0.02268,994.0,0.02267,690.0,0.02269,392.0,0.0227,184.0
1753520790619,09:06:30.619,ACH/USDT:USDT,0.02268,994.0,0.02267,690.0,0.02269,392.0,0.0227,184.0
1753520790946,09:06:30.946,ACH/USDT:USDT,0.02268,994.0,0.02267,690.0,0.02269,392.0,0.0227,184.0
1753520793191,09:06:33.191,ACH/USDT:USDT,0.02268,994.0,0.02267,690.0,0.02271,2283.0,0.02272,6992.0
1753520793217,09:06:33.217,ACH/USDT:USDT,0.02269,6.0,0.02268,994.0,0.02271,2283.0,0.02272,6992.0
1753520793394,09:06:33.394,ACH/USDT:USDT,0.02269,3.0,0.02268,994.0,0.0227,190.0,0.02271,2283.0
1753520793417,09:06:33.417,ACH/USDT:USDT,0.02269,6.0,0.02268,994.0,0.0227,190.0,0.02271,2283.0
1753520793788,09:06:33.788,ACH/USDT:USDT,0.02269,6.0,0.02268,994.0,0.0227,190.0,0.02271,2283.0
1753520793810,09:06:33.810,ACH/USDT:USDT,0.02269,6.0,0.02268,994.0,0.0227,190.0,0.02271,2283.0
1753520795053,09:06:35.053,ACH/USDT:USDT,0.02269,196.0,0.02268,994.0,0.0227,190.0,0.02271,2283.0
1753520795438,09:06:35.438,ACH/USDT:USDT,0.02269,196.0,0.02268,994.0,0.0227,190.0,0.02271,2283.0
1753520795890,09:06:35.890,ACH/USDT:USDT,0.02269,6.0,0.02268,994.0,0.0227,190.0,0.02271,2283.0
1753520796172,09:06:36.172,ACH/USDT:USDT,0.02269,196.0,0.02268,994.0,0.02271,2283.0,0.02272,6992.0
1753520796265,09:06:36.265,ACH/USDT:USDT,0.02269,6.0,0.02268,994.0,0.0227,190.0,0.02271,2283.0
1753520796652,09:06:36.652,ACH/USDT:USDT,0.02269,6.0,0.02268,994.0,0.0227,190.0,0.02271,2283.0
1753520796957,09:06:36.957,ACH/USDT:USDT,0.02269,196.0,0.02268,994.0,0.02271,2283.0,0.02272,6992.0
1753520797032,09:06:37.032,ACH/USDT:USDT,0.02269,6.0,0.02268,994.0,0.0227,190.0,0.02271,2283.0
1753520797356,09:06:37.356,ACH/USDT:USDT,0.02269,6.0,0.02268,994.0,0.0227,190.0,0.02271,2283.0
1753520797524,09:06:37.524,ACH/USDT:USDT,0.02269,6.0,0.02268,994.0,0.0227,190.0,0.02271,2283.0
1753520798024,09:06:38.024,ACH/USDT:USDT,0.02269,6.0,0.02268,994.0,0.0227,190.0,0.02271,2283.0
1753520798632,09:06:38.632,ACH/USDT:USDT,0.02269,6.0,0.02268,994.0,0.0227,190.0,0.02271,2283.0
1753520799199,09:06:39.199,ACH/USDT:USDT,0.02269,196.0,0.02268,994.0,0.0227,190.0,0.02271,2283.0
1753520799405,09:06:39.405,ACH/USDT:USDT,0.02269,196.0,0.02268,994.0,0.0227,190.0,0.02271,2283.0
1753520799835,09:06:39.835,ACH/USDT:USDT,0.02269,196.0,0.02268,994.0,0.0227,190.0,0.02271,2283.0
1753520800015,09:06:40.015,ACH/USDT:USDT,0.02269,6.0,0.02268,994.0,0.0227,190.0,0.02271,2283.0
1753520801504,09:06:41.504,ACH/USDT:USDT,0.02269,6.0,0.02267,684.0,0.0227,582.0,0.02271,2283.0
1753520801609,09:06:41.609,ACH/USDT:USDT,0.02268,6.0,0.02267,684.0,0.02269,190.0,0.0227,7362.0
1753520801640,09:06:41.640,ACH/USDT:USDT,0.02268,6.0,0.02267,684.0,0.02269,190.0,0.0227,7029.0
1753520801885,09:06:41.885,ACH/USDT:USDT,0.02268,6.0,0.02267,684.0,0.02269,190.0,0.0227,7029.0
1753520802040,09:06:42.040,ACH/USDT:USDT,0.02268,6.0,0.02267,184.0,0.02269,190.0,0.0227,7029.0
1753520802208,09:06:42.208,ACH/USDT:USDT,0.02267,187.0,0.02266,1502.0,0.02269,190.0,0.0227,6970.0
1753520802298,09:06:42.298,ACH/USDT:USDT,0.02267,190.0,0.02266,1502.0,0.02269,2006.0,0.0227,6970.0
1753520803119,09:06:43.119,ACH/USDT:USDT,0.02267,190.0,0.02266,1502.0,0.02269,2006.0,0.0227,6970.0
1753520803216,09:06:43.216,ACH/USDT:USDT,0.02267,190.0,0.02266,1502.0,0.02269,2006.0,0.0227,7029.0
1753520803541,09:06:43.541,ACH/USDT:USDT,0.02267,190.0,0.02266,1502.0,0.02269,2006.0,0.0227,7029.0
1753520803805,09:06:43.805,ACH/USDT:USDT,0.02267,190.0,0.02266,2719.0,0.02269,2006.0,0.0227,7029.0
1753520804599,09:06:44.599,ACH/USDT:USDT,0.02267,190.0,0.02266,2719.0,0.02269,190.0,0.0227,6970.0
1753520804639,09:06:44.639,ACH/USDT:USDT,0.02267,190.0,0.02266,2719.0,0.02269,1487.0,0.0227,7029.0
1753520804762,09:06:44.762,ACH/USDT:USDT,0.02267,190.0,0.02266,2719.0,0.02269,1487.0,0.0227,7029.0
1753520805642,09:06:45.642,ACH/USDT:USDT,0.02267,190.0,0.02266,2719.0,0.02269,1487.0,0.0227,7029.0
1753520805988,09:06:45.988,ACH/USDT:USDT,0.02267,190.0,0.02266,2719.0,0.02269,1487.0,0.0227,7029.0
1753520806801,09:06:46.801,ACH/USDT:USDT,0.02267,190.0,0.02266,2719.0,0.02269,1487.0,0.0227,7029.0
1753520807600,09:06:47.600,ACH/USDT:USDT,0.02267,190.0,0.02266,2719.0,0.02268,392.0,0.02269,1487.0
1753520807617,09:06:47.617,ACH/USDT:USDT,0.02267,190.0,0.02266,2719.0,0.02268,392.0,0.02269,1546.0
1753520807852,09:06:47.852,ACH/USDT:USDT,0.02267,190.0,0.02266,2719.0,0.02268,392.0,0.02269,1546.0
1753520808052,09:06:48.052,ACH/USDT:USDT,0.02267,190.0,0.02266,2719.0,0.02268,392.0,0.02269,1546.0
1753520808152,09:06:48.152,ACH/USDT:USDT,0.02267,190.0,0.02266,2719.0,0.02268,392.0,0.02269,1546.0
1753520808952,09:06:48.952,ACH/USDT:USDT,0.02267,190.0,0.02266,2719.0,0.02269,1546.0,0.0227,6970.0
1753520809017,09:06:49.017,ACH/USDT:USDT,0.02267,190.0,0.02266,2719.0,0.02269,1546.0,0.0227,7029.0
1753520809452,09:06:49.452,ACH/USDT:USDT,0.02267,190.0,0.02266,2719.0,0.02269,1546.0,0.0227,7029.0
1753520810109,09:06:50.109,ACH/USDT:USDT,0.02267,190.0,0.02266,2719.0,0.02269,1546.0,0.0227,7029.0
1753520810209,09:06:50.209,ACH/USDT:USDT,0.02267,190.0,0.02266,2719.0,0.02269,1546.0,0.0227,7029.0
1753520810212,09:06:50.212,ACH/USDT:USDT,0.02267,190.0,0.02266,2719.0,0.02269,1546.0,0.0227,7029.0
1753520811487,09:06:51.487,ACH/USDT:USDT,0.02267,190.0,0.02266,2719.0,0.02269,1546.0,0.0227,7029.0
1753520812940,09:06:52.940,ACH/USDT:USDT,0.02267,190.0,0.02266,2719.0,0.02269,1546.0,0.0227,7029.0
1753520813109,09:06:53.109,ACH/USDT:USDT,0.02267,6.0,0.02266,1502.0,0.02268,182.0,0.02269,1546.0
1753520813209,09:06:53.209,ACH/USDT:USDT,0.02267,6.0,0.02266,1502.0,0.02268,182.0,0.02269,1487.0
1753520813217,09:06:53.217,ACH/USDT:USDT,0.02267,6.0,0.02266,1502.0,0.02268,182.0,0.02269,1546.0
1753520813479,09:06:53.479,ACH/USDT:USDT,0.02267,188.0,0.02266,1502.0,0.02269,1487.0,0.0227,6970.0
1753520813517,09:06:53.517,ACH/USDT:USDT,0.02267,188.0,0.02266,1502.0,0.02269,1487.0,0.0227,7029.0
1753520814252,09:06:54.252,ACH/USDT:USDT,0.02267,188.0,0.02266,1502.0,0.02269,1487.0,0.0227,7029.0
1753520814312,09:06:54.312,ACH/USDT:USDT,0.02267,188.0,0.02266,1502.0,0.02269,1487.0,0.0227,7029.0
1753520815109,09:06:55.109,ACH/USDT:USDT,0.02267,188.0,0.02266,1502.0,0.02268,182.0,0.02269,1487.0
1753520815118,09:06:55.118,ACH/USDT:USDT,0.02267,188.0,0.02266,1502.0,0.02268,182.0,0.02269,1546.0
1753520815292,09:06:55.292,ACH/USDT:USDT,0.02267,188.0,0.02266,1502.0,0.02268,182.0,0.02269,1546.0
1753520815570,09:06:55.570,ACH/USDT:USDT,0.02267,188.0,0.02266,1502.0,0.02269,1546.0,0.0227,6970.0
1753520815617,09:06:55.617,ACH/USDT:USDT,0.02267,188.0,0.02266,1502.0,0.02269,1546.0,0.0227,7029.0
1753520815713,09:06:55.713,ACH/USDT:USDT,0.02267,188.0,0.02266,1502.0,0.02269,1546.0,0.0227,7029.0
1753520815852,09:06:55.852,ACH/USDT:USDT,0.02267,188.0,0.02266,1502.0,0.02269,1546.0,0.0227,7029.0
1753520816711,09:06:56.711,ACH/USDT:USDT,0.02267,188.0,0.02266,1502.0,0.02269,1546.0,0.0227,7029.0
1753520816933,09:06:56.933,ACH/USDT:USDT,0.02267,188.0,0.02266,1502.0,0.02269,1546.0,0.0227,7029.0
1753520818910,09:06:58.910,ACH/USDT:USDT,0.02267,188.0,0.02266,1502.0,0.02269,1487.0,0.0227,7029.0
1753520818932,09:06:58.932,ACH/USDT:USDT,0.02267,188.0,0.02266,1502.0,0.02269,2489.0,0.0227,8205.0
1753520819036,09:06:59.036,ACH/USDT:USDT,0.02267,188.0,0.02266,1502.0,0.02269,2489.0,0.0227,8264.0
1753520819904,09:06:59.904,ACH/USDT:USDT,0.02267,6.0,0.02266,1502.0,0.02268,182.0,0.02269,2489.0
1753520820007,09:07:00.007,ACH/USDT:USDT,0.02267,6.0,0.02266,1502.0,0.02268,182.0,0.02269,2548.0
1753520820107,09:07:00.107,ACH/USDT:USDT,0.02267,6.0,0.02266,1502.0,0.02268,182.0,0.02269,2548.0
1753520820159,09:07:00.159,ACH/USDT:USDT,0.02267,6.0,0.02266,1502.0,0.02268,182.0,0.02269,2548.0
1753520820558,09:07:00.558,ACH/USDT:USDT,0.02267,6.0,0.02266,1502.0,0.02268,182.0,0.02269,2548.0
1753520820709,09:07:00.709,ACH/USDT:USDT,0.02267,6.0,0.02266,690.0,0.02268,182.0,0.02269,2548.0
1753520820809,09:07:00.809,ACH/USDT:USDT,0.02267,6.0,0.02266,690.0,0.02268,182.0,0.02269,2548.0
1753520820982,09:07:00.982,ACH/USDT:USDT,0.02267,6.0,0.02266,690.0,0.02268,182.0,0.02269,2548.0
1753520821058,09:07:01.058,ACH/USDT:USDT,0.02267,6.0,0.02266,690.0,0.02268,182.0,0.02269,2548.0
1753520821131,09:07:01.131,ACH/USDT:USDT,0.02267,6.0,0.02266,690.0,0.02268,182.0,0.02269,2548.0
1753520822491,09:07:02.491,ACH/USDT:USDT,0.02267,6.0,0.02266,190.0,0.02268,182.0,0.02269,2548.0
1753520822523,09:07:02.523,ACH/USDT:USDT,0.02266,196.0,0.02265,5268.0,0.02268,182.0,0.02269,2489.0
1753520822616,09:07:02.616,ACH/USDT:USDT,0.02266,196.0,0.02265,5268.0,0.02268,182.0,0.02269,2548.0
1753520823498,09:07:03.498,ACH/USDT:USDT,0.02266,196.0,0.02265,5268.0,0.02268,182.0,0.02269,2548.0
1753520823836,09:07:03.836,ACH/USDT:USDT,0.02266,196.0,0.02265,5268.0,0.02268,182.0,0.02269,2548.0
1753520823927,09:07:03.927,ACH/USDT:USDT,0.02266,196.0,0.02265,5268.0,0.02268,182.0,0.02269,2548.0
1753520827314,09:07:07.314,ACH/USDT:USDT,0.02266,196.0,0.02265,5268.0,0.02268,182.0,0.02269,2548.0
1753520827438,09:07:07.438,ACH/USDT:USDT,0.02266,196.0,0.02265,4089.0,0.02268,182.0,0.02269,2548.0
1753520827524,09:07:07.524,ACH/USDT:USDT,0.02266,196.0,0.02265,4089.0,0.02268,182.0,0.02269,2548.0
1753520827632,09:07:07.632,ACH/USDT:USDT,0.02266,196.0,0.02265,4089.0,0.02268,182.0,0.02269,2548.0
1753520827965,09:07:07.965,ACH/USDT:USDT,0.02266,6.0,0.02265,4089.0,0.02268,182.0,0.02269,2489.0
1753520828018,09:07:08.018,ACH/USDT:USDT,0.02266,6.0,0.02265,4089.0,0.02268,182.0,0.02269,2548.0
1753520828306,09:07:08.306,ACH/USDT:USDT,0.02266,6.0,0.02265,689.0,0.02268,182.0,0.02269,2548.0
1753520828331,09:07:08.331,ACH/USDT:USDT,0.02266,6.0,0.02265,689.0,0.02268,182.0,0.02269,2548.0
1753520828636,09:07:08.636,ACH/USDT:USDT,0.02266,6.0,0.02265,689.0,0.02268,182.0,0.02269,2548.0
1753520829192,09:07:09.192,ACH/USDT:USDT,0.02266,194.0,0.02265,689.0,0.02268,182.0,0.02269,2489.0
1753520829216,09:07:09.216,ACH/USDT:USDT,0.02266,194.0,0.02265,689.0,0.02268,182.0,0.02269,2548.0
1753520830158,09:07:10.158,ACH/USDT:USDT,0.02266,194.0,0.02265,689.0,0.02268,182.0,0.02269,2548.0
1753520832824,09:07:12.824,ACH/USDT:USDT,0.02266,194.0,0.02265,689.0,0.02268,182.0,0.02269,2548.0
1753520832920,09:07:12.920,ACH/USDT:USDT,0.02266,6.0,0.02265,689.0,0.02268,182.0,0.02269,2489.0
1753520833017,09:07:13.017,ACH/USDT:USDT,0.02266,188.0,0.02265,689.0,0.02268,182.0,0.02269,2548.0
1753520833472,09:07:13.472,ACH/USDT:USDT,0.02266,188.0,0.02265,689.0,0.02268,182.0,0.02269,1546.0
1753520834252,09:07:14.252,ACH/USDT:USDT,0.02266,6.0,0.02265,689.0,0.02268,182.0,0.02269,1487.0
1753520834370,09:07:14.370,ACH/USDT:USDT,0.02266,6.0,0.02265,689.0,0.02268,182.0,0.02269,1546.0
1753520834492,09:07:14.492,ACH/USDT:USDT,0.02266,6.0,0.02265,689.0,0.02268,182.0,0.02269,1546.0
1753520834609,09:07:14.609,ACH/USDT:USDT,0.02266,6.0,0.02265,689.0,0.02267,182.0,0.02268,1384.0
1753520834679,09:07:14.679,ACH/USDT:USDT,0.02266,6.0,0.02265,689.0,0.02267,182.0,0.02268,1384.0
1753520834785,09:07:14.785,ACH/USDT:USDT,0.02266,6.0,0.02265,689.0,0.02267,182.0,0.02268,1384.0
1753520835508,09:07:15.508,ACH/USDT:USDT,0.02266,6.0,0.02265,689.0,0.02267,182.0,0.02268,1384.0
1753520835605,09:07:15.605,ACH/USDT:USDT,0.02266,6.0,0.02265,689.0,0.02267,182.0,0.02268,1443.0
1753520836393,09:07:16.393,ACH/USDT:USDT,0.02266,6.0,0.02265,689.0,0.02267,574.0,0.02268,1384.0
1753520836416,09:07:16.416,ACH/USDT:USDT,0.02266,6.0,0.02265,689.0,0.02267,574.0,0.02268,1443.0
1753520836752,09:07:16.752,ACH/USDT:USDT,0.02266,6.0,0.02265,689.0,0.02267,574.0,0.02268,1443.0
1753520836821,09:07:16.821,ACH/USDT:USDT,0.02266,6.0,0.02265,689.0,0.02267,574.0,0.02268,1443.0
1753520837450,09:07:17.450,ACH/USDT:USDT,0.02266,6.0,0.02265,689.0,0.02267,574.0,0.02268,1443.0
1753520838236,09:07:18.236,ACH/USDT:USDT,0.02266,6.0,0.02265,689.0,0.02267,574.0,0.02268,1443.0
1753520839081,09:07:19.081,ACH/USDT:USDT,0.02266,6.0,0.02265,689.0,0.02267,574.0,0.02268,1443.0
1753520839808,09:07:19.808,ACH/USDT:USDT,0.02266,6.0,0.02265,189.0,0.02267,574.0,0.02268,1443.0
1753520839903,09:07:19.903,ACH/USDT:USDT,0.02265,195.0,0.02264,2700.0,0.02267,574.0,0.02268,1384.0
1753520839975,09:07:19.975,ACH/USDT:USDT,0.02265,195.0,0.02264,2700.0,0.02267,574.0,0.02268,1384.0
1753520840106,09:07:20.106,ACH/USDT:USDT,0.02265,195.0,0.02264,2700.0,0.02267,574.0,0.02268,1384.0
1753520840187,09:07:20.187,ACH/USDT:USDT,0.02265,195.0,0.02264,2700.0,0.02267,574.0,0.02268,1384.0
1753520840465,09:07:20.465,ACH/USDT:USDT,0.02265,195.0,0.02264,2700.0,0.02267,182.0,0.02268,1384.0
1753520840659,09:07:20.659,ACH/USDT:USDT,0.02265,195.0,0.02264,2700.0,0.02267,182.0,0.02268,1384.0
1753520843052,09:07:23.052,ACH/USDT:USDT,0.02265,195.0,0.02264,2700.0,0.02267,182.0,0.02268,1384.0
1753520843270,09:07:23.270,ACH/USDT:USDT,0.02265,195.0,0.02264,2700.0,0.02267,182.0,0.02268,1384.0
1753520845072,09:07:25.072,ACH/USDT:USDT,0.02265,195.0,0.02264,2700.0,0.02267,182.0,0.02268,1384.0
1753520845122,09:07:25.122,ACH/USDT:USDT,0.02265,195.0,0.02264,2700.0,0.02267,182.0,0.02268,1384.0
1753520845834,09:07:25.834,ACH/USDT:USDT,0.02265,195.0,0.02264,2700.0,0.02267,182.0,0.02268,1384.0
1753520846109,09:07:26.109,ACH/USDT:USDT,0.02265,195.0,0.02264,2700.0,0.02267,182.0,0.02268,1384.0
1753520846113,09:07:26.113,ACH/USDT:USDT,0.02265,195.0,0.02264,2700.0,0.02267,182.0,0.02268,1384.0
1753520847518,09:07:27.518,ACH/USDT:USDT,0.02265,195.0,0.02264,2700.0,0.02267,182.0,0.02268,1384.0
1753520847836,09:07:27.836,ACH/USDT:USDT,0.02265,195.0,0.02264,2700.0,0.02267,182.0,0.02268,1384.0
1753520849383,09:07:29.383,ACH/USDT:USDT,0.02265,195.0,0.02264,2700.0,0.02267,182.0,0.02268,1384.0
1753520850275,09:07:30.275,ACH/USDT:USDT,0.02265,195.0,0.02264,2700.0,0.02267,182.0,0.02268,1384.0
1753520850318,09:07:30.318,ACH/USDT:USDT,0.02265,195.0,0.02264,2700.0,0.02267,182.0,0.02268,1443.0
1753520850609,09:07:30.609,ACH/USDT:USDT,0.02266,182.0,0.02265,195.0,0.02267,182.0,0.02268,1443.0
1753520850709,09:07:30.709,ACH/USDT:USDT,0.02266,182.0,0.02265,195.0,0.02268,1384.0,0.02269,3551.0
1753520850724,09:07:30.724,ACH/USDT:USDT,0.02266,182.0,0.02265,195.0,0.02268,1384.0,0.02269,3610.0
1753520850938,09:07:30.938,ACH/USDT:USDT,0.02266,182.0,0.02265,195.0,0.02268,1384.0,0.02269,2735.0
1753520851050,09:07:31.050,ACH/USDT:USDT,0.02265,195.0,0.02264,2700.0,0.02267,182.0,0.02268,1384.0
1753520851117,09:07:31.117,ACH/USDT:USDT,0.02265,195.0,0.02264,2700.0,0.02267,182.0,0.02268,1443.0
1753520851346,09:07:31.346,ACH/USDT:USDT,0.02265,195.0,0.02264,2700.0,0.02267,182.0,0.02268,1443.0
1753520852166,09:07:32.166,ACH/USDT:USDT,0.02265,195.0,0.02264,2700.0,0.02267,182.0,0.02268,1443.0
1753520852672,09:07:32.672,ACH/USDT:USDT,0.02266,184.0,0.02265,195.0,0.02268,1384.0,0.02269,2553.0
1753520852717,09:07:32.717,ACH/USDT:USDT,0.02266,184.0,0.02265,195.0,0.02268,1384.0,0.02269,2612.0
1753520852859,09:07:32.859,ACH/USDT:USDT,0.02266,184.0,0.02265,195.0,0.02268,2696.0,0.02269,6677.0
1753520852989,09:07:32.989,ACH/USDT:USDT,0.02266,184.0,0.02265,195.0,0.02268,2696.0,0.02269,6677.0
1753520855338,09:07:35.338,ACH/USDT:USDT,0.02266,184.0,0.02265,195.0,0.02268,1384.0,0.02269,2553.0
1753520855428,09:07:35.428,ACH/USDT:USDT,0.02266,184.0,0.02265,195.0,0.02268,1384.0,0.02269,2612.0
1753520855609,09:07:35.609,ACH/USDT:USDT,0.02266,184.0,0.02265,195.0,0.02268,1384.0,0.02269,2612.0
1753520855613,09:07:35.613,ACH/USDT:USDT,0.02266,184.0,0.02265,195.0,0.02268,1384.0,0.02269,2612.0
1753520855892,09:07:35.892,ACH/USDT:USDT,0.02266,184.0,0.02265,1505.0,0.02268,1384.0,0.02269,2612.0
1753520856392,09:07:36.392,ACH/USDT:USDT,0.02266,184.0,0.02265,1505.0,0.02268,1384.0,0.02269,4075.0
1753520857436,09:07:37.436,ACH/USDT:USDT,0.02266,184.0,0.02265,1505.0,0.02268,1384.0,0.02269,4075.0
1753520858846,09:07:38.846,ACH/USDT:USDT,0.02266,184.0,0.02265,1505.0,0.02268,1384.0,0.02269,4075.0
1753520858989,09:07:38.989,ACH/USDT:USDT,0.02266,184.0,0.02265,1505.0,0.02268,1384.0,0.02269,4075.0
1753520859530,09:07:39.530,ACH/USDT:USDT,0.02266,184.0,0.02265,1505.0,0.02268,1384.0,0.02269,4075.0
1753520861496,09:07:41.496,ACH/USDT:USDT,0.02265,195.0,0.02264,2700.0,0.02267,184.0,0.02268,1384.0
1753520861598,09:07:41.598,ACH/USDT:USDT,0.02265,195.0,0.02264,2700.0,0.02267,1382.0,0.02268,8007.0
1753520862275,09:07:42.275,ACH/USDT:USDT,0.02265,195.0,0.02264,2700.0,0.02267,1382.0,0.02268,8007.0
1753520862343,09:07:42.343,ACH/USDT:USDT,0.02265,195.0,0.02264,2700.0,0.02267,2289.0,0.02268,8007.0
1753520862598,09:07:42.598,ACH/USDT:USDT,0.02265,195.0,0.02264,2700.0,0.02267,2289.0,0.02268,8007.0
1753520862697,09:07:42.697,ACH/USDT:USDT,0.02265,195.0,0.02264,2700.0,0.02267,2289.0,0.02268,8007.0
1753520867037,09:07:47.037,ACH/USDT:USDT,0.02265,195.0,0.02264,2700.0,0.02267,2289.0,0.02268,8007.0
1753520867117,09:07:47.117,ACH/USDT:USDT,0.02265,195.0,0.02264,2700.0,0.02267,2289.0,0.02268,8066.0
1753520867252,09:07:47.252,ACH/USDT:USDT,0.02265,195.0,0.02264,2700.0,0.02267,2289.0,0.02268,8066.0
1753520870505,09:07:50.505,ACH/USDT:USDT,0.02266,182.0,0.02265,195.0,0.02267,2105.0,0.02268,8007.0
1753520870608,09:07:50.608,ACH/USDT:USDT,0.02266,182.0,0.02265,195.0,0.02268,8007.0,0.02269,190.0
1753520870652,09:07:50.652,ACH/USDT:USDT,0.02266,182.0,0.02265,195.0,0.02268,8007.0,0.02269,1903.0
1753520870745,09:07:50.745,ACH/USDT:USDT,0.02266,182.0,0.02265,195.0,0.02268,8007.0,0.02269,1903.0
1753520871163,09:07:51.163,ACH/USDT:USDT,0.02266,182.0,0.02265,195.0,0.02268,8007.0,0.02269,1903.0
1753520871329,09:07:51.329,ACH/USDT:USDT,0.02265,195.0,0.02264,2700.0,0.02267,182.0,0.02268,8007.0
1753520871418,09:07:51.418,ACH/USDT:USDT,0.02265,195.0,0.02264,2700.0,0.02267,1103.0,0.02268,8066.0
1753520871585,09:07:51.585,ACH/USDT:USDT,0.02265,195.0,0.02264,2700.0,0.02267,1103.0,0.02268,8066.0
1753520871709,09:07:51.709,ACH/USDT:USDT,0.02265,195.0,0.02264,2700.0,0.02267,2056.0,0.02268,8066.0
1753520871809,09:07:51.809,ACH/USDT:USDT,0.02265,195.0,0.02264,2700.0,0.02267,2056.0,0.02268,8007.0
1753520871858,09:07:51.858,ACH/USDT:USDT,0.02265,195.0,0.02264,2700.0,0.02267,2056.0,0.02268,8007.0
1753520872004,09:07:52.004,ACH/USDT:USDT,0.02265,195.0,0.02264,2700.0,0.02267,2056.0,0.02268,8007.0
1753520872017,09:07:52.017,ACH/USDT:USDT,0.02265,195.0,0.02264,2700.0,0.02267,2056.0,0.02268,8066.0
1753520872422,09:07:52.422,ACH/USDT:USDT,0.02265,195.0,0.02264,2700.0,0.02267,2056.0,0.02268,8066.0
1753520872889,09:07:52.889,ACH/USDT:USDT,0.02265,195.0,0.02264,2700.0,0.02267,2056.0,0.02268,8066.0
1753520873240,09:07:53.240,ACH/USDT:USDT,0.02265,195.0,0.02264,2700.0,0.02267,2056.0,0.02268,8066.0
1753520875109,09:07:55.109,ACH/USDT:USDT,0.02265,195.0,0.02264,2700.0,0.02267,2056.0,0.02268,8066.0
1753520875209,09:07:55.209,ACH/USDT:USDT,0.02265,195.0,0.02264,2700.0,0.02267,2056.0,0.02268,8066.0
1753520875546,09:07:55.546,ACH/USDT:USDT,0.02266,186.0,0.02265,195.0,0.02268,8007.0,0.02269,1844.0
1753520875662,09:07:55.662,ACH/USDT:USDT,0.02266,186.0,0.02265,195.0,0.02267,186.0,0.02268,8007.0
1753520875718,09:07:55.718,ACH/USDT:USDT,0.02266,186.0,0.02265,195.0,0.02267,186.0,0.02268,8066.0
1753520876076,09:07:56.076,ACH/USDT:USDT,0.02266,186.0,0.02265,195.0,0.02267,186.0,0.02268,8066.0
1753520876639,09:07:56.639,ACH/USDT:USDT,0.02265,195.0,0.02264,2700.0,0.02267,1045.0,0.02268,8007.0
1753520876725,09:07:56.725,ACH/USDT:USDT,0.02265,195.0,0.02264,2700.0,0.02267,186.0,0.02268,8066.0
1753520876900,09:07:56.900,ACH/USDT:USDT,0.02265,195.0,0.02264,2700.0,0.02267,186.0,0.02268,8007.0
1753520876913,09:07:56.913,ACH/USDT:USDT,0.02265,195.0,0.02264,2700.0,0.02267,1020.0,0.02268,8007.0
1753520878808,09:07:58.808,ACH/USDT:USDT,0.02266,186.0,0.02265,195.0,0.02267,186.0,0.02268,8007.0
1753520878825,09:07:58.825,ACH/USDT:USDT,0.02266,186.0,0.02265,195.0,0.02268,8066.0,0.02269,1844.0
1753520878932,09:07:58.932,ACH/USDT:USDT,0.02266,186.0,0.02265,195.0,0.02268,8066.0,0.02269,1903.0
1753520879337,09:07:59.337,ACH/USDT:USDT,0.02266,186.0,0.02265,195.0,0.02268,8066.0,0.02269,1903.0
1753520881437,09:08:01.437,ACH/USDT:USDT,0.02266,186.0,0.02265,195.0,0.02268,8066.0,0.02269,1903.0
1753520881763,09:08:01.763,ACH/USDT:USDT,0.02266,186.0,0.02265,195.0,0.02268,8066.0,0.02269,1903.0
1753520883556,09:08:03.556,ACH/USDT:USDT,0.02266,186.0,0.02265,195.0,0.02268,8066.0,0.02269,1903.0
1753520884349,09:08:04.349,ACH/USDT:USDT,0.02266,186.0,0.02265,195.0,0.02268,8066.0,0.02269,1903.0
1753520884589,09:08:04.589,ACH/USDT:USDT,0.02265,195.0,0.02264,2700.0,0.02267,1108.0,0.02268,8007.0
1753520884672,09:08:04.672,ACH/USDT:USDT,0.02265,195.0,0.02264,2700.0,0.02267,1310.0,0.02268,8007.0
1753520884730,09:08:04.730,ACH/USDT:USDT,0.02265,195.0,0.02264,2700.0,0.02267,1310.0,0.02268,8007.0
1753520884870,09:08:04.870,ACH/USDT:USDT,0.02265,195.0,0.02264,2700.0,0.02267,1310.0,0.02268,8007.0
1753520885002,09:08:05.002,ACH/USDT:USDT,0.02265,195.0,0.02264,2700.0,0.02267,1310.0,0.02268,8007.0
1753520885417,09:08:05.417,ACH/USDT:USDT,0.02265,195.0,0.02264,2700.0,0.02267,1310.0,0.02268,8007.0
1753520885517,09:08:05.517,ACH/USDT:USDT,0.02265,195.0,0.02264,2700.0,0.02267,1310.0,0.02268,8066.0
1753520886237,09:08:06.237,ACH/USDT:USDT,0.02265,195.0,0.02264,2700.0,0.02267,1310.0,0.02268,8066.0
1753520888509,09:08:08.509,ACH/USDT:USDT,0.02265,195.0,0.02264,2700.0,0.02267,1310.0,0.02268,8066.0
1753520888609,09:08:08.609,ACH/USDT:USDT,0.02265,195.0,0.02264,2700.0,0.02267,1310.0,0.02268,8066.0
1753520888612,09:08:08.612,ACH/USDT:USDT,0.02265,195.0,0.02264,2700.0,0.02267,2465.0,0.02268,8066.0
1753520891044,09:08:11.044,ACH/USDT:USDT,0.02265,195.0,0.02264,2700.0,0.02267,2465.0,0.02268,8007.0
1753520891122,09:08:11.122,ACH/USDT:USDT,0.02265,195.0,0.02264,2700.0,0.02267,2465.0,0.02268,8066.0
1753520891458,09:08:11.458,ACH/USDT:USDT,0.02265,195.0,0.02264,2700.0,0.02267,2465.0,0.02268,8066.0
1753520893109,09:08:13.109,ACH/USDT:USDT,0.02265,195.0,0.02264,2700.0,0.02267,2465.0,0.02268,8066.0
1753520893665,09:08:13.665,ACH/USDT:USDT,0.02265,195.0,0.02264,2700.0,0.02267,2465.0,0.02268,8066.0
1753520893882,09:08:13.882,ACH/USDT:USDT,0.02265,195.0,0.02264,2700.0,0.02266,189.0,0.02267,2465.0
1753520893973,09:08:13.973,ACH/USDT:USDT,0.02265,195.0,0.02264,2700.0,0.02267,2524.0,0.02268,8007.0
1753520895250,09:08:15.250,ACH/USDT:USDT,0.02265,195.0,0.02264,2700.0,0.02267,2524.0,0.02268,8007.0
1753520895502,09:08:15.502,ACH/USDT:USDT,0.02265,195.0,0.02264,2700.0,0.02267,2524.0,0.02268,8007.0
1753520895609,09:08:15.609,ACH/USDT:USDT,0.02266,189.0,0.02265,195.0,0.02267,186.0,0.02268,8007.0
1753520895667,09:08:15.667,ACH/USDT:USDT,0.02266,189.0,0.02265,195.0,0.02268,8007.0,0.02269,1844.0
1753520895724,09:08:15.724,ACH/USDT:USDT,0.02266,189.0,0.02265,195.0,0.02267,392.0,0.02268,8007.0
1753520895909,09:08:15.909,ACH/USDT:USDT,0.02266,189.0,0.02265,195.0,0.02267,392.0,0.02268,8007.0
1753520895952,09:08:15.952,ACH/USDT:USDT,0.02266,189.0,0.02265,1005.0,0.02267,392.0,0.02268,3422.0
1753520897999,09:08:17.999,ACH/USDT:USDT,0.02266,189.0,0.02265,1005.0,0.02267,392.0,0.02268,3422.0
1753520898345,09:08:18.345,ACH/USDT:USDT,0.02266,189.0,0.02265,1005.0,0.02267,392.0,0.02268,3422.0
1753520898885,09:08:18.885,ACH/USDT:USDT,0.02266,189.0,0.02265,1005.0,0.02268,3422.0,0.02269,8446.0
1753520899998,09:08:19.998,ACH/USDT:USDT,0.02266,189.0,0.02265,1005.0,0.02268,3422.0,0.02269,8446.0
1753520900012,09:08:20.012,ACH/USDT:USDT,0.02266,189.0,0.02265,1005.0,0.02268,3422.0,0.02269,8446.0
1753520900382,09:08:20.382,ACH/USDT:USDT,0.02266,189.0,0.02265,1505.0,0.02268,3422.0,0.02269,8446.0
1753520900638,09:08:20.638,ACH/USDT:USDT,0.02266,189.0,0.02265,1505.0,0.02268,3422.0,0.02269,8446.0
1753520900982,09:08:20.982,ACH/USDT:USDT,0.02266,1001.0,0.02265,1505.0,0.02268,2220.0,0.02269,8446.0
1753520901020,09:08:21.020,ACH/USDT:USDT,0.02266,1001.0,0.02265,1499.0,0.02268,2220.0,0.02269,8446.0
1753520901208,09:08:21.208,ACH/USDT:USDT,0.02266,189.0,0.02265,1499.0,0.02268,2220.0,0.02269,8446.0
1753520901216,09:08:21.216,ACH/USDT:USDT,0.02266,195.0,0.02265,1499.0,0.02268,2220.0,0.02269,8446.0
1753520901572,09:08:21.572,ACH/USDT:USDT,0.02266,195.0,0.02265,1499.0,0.02268,2220.0,0.02269,8446.0
1753520902815,09:08:22.815,ACH/USDT:USDT,0.02266,1007.0,0.02265,1499.0,0.02268,2220.0,0.02269,8446.0
1753520902916,09:08:22.916,ACH/USDT:USDT,0.02266,1001.0,0.02265,1499.0,0.02268,2220.0,0.02269,8446.0
1753520905438,09:08:25.438,ACH/USDT:USDT,0.02266,1001.0,0.02265,1499.0,0.02268,2220.0,0.02269,8446.0
1753520905517,09:08:25.517,ACH/USDT:USDT,0.02266,1001.0,0.02265,1499.0,0.02268,2220.0,0.02269,8505.0
1753520907579,09:08:27.579,ACH/USDT:USDT,0.02266,1001.0,0.02265,1499.0,0.02268,2220.0,0.02269,8505.0
1753520908305,09:08:28.305,ACH/USDT:USDT,0.02266,1001.0,0.02265,1499.0,0.02268,2220.0,0.02269,8505.0
1753520908324,09:08:28.324,ACH/USDT:USDT,0.02266,1001.0,0.02265,1499.0,0.02268,2220.0,0.02269,8505.0
1753520910042,09:08:30.042,ACH/USDT:USDT,0.02266,189.0,0.02265,1499.0,0.02268,2220.0,0.02269,8446.0
1753520910117,09:08:30.117,ACH/USDT:USDT,0.02266,195.0,0.02265,1499.0,0.02268,2220.0,0.02269,8505.0
1753520910252,09:08:30.252,ACH/USDT:USDT,0.02266,195.0,0.02265,1499.0,0.02268,2220.0,0.02269,8446.0
1753520912561,09:08:32.561,ACH/USDT:USDT,0.02266,1007.0,0.02265,1499.0,0.02268,2220.0,0.02269,8446.0
1753520912645,09:08:32.645,ACH/USDT:USDT,0.02266,1001.0,0.02265,1499.0,0.02268,2220.0,0.02269,8446.0
1753520915085,09:08:35.085,ACH/USDT:USDT,0.02266,1001.0,0.02265,1499.0,0.02268,2220.0,0.02269,6792.0
1753520915118,09:08:35.118,ACH/USDT:USDT,0.02266,1001.0,0.02265,1499.0,0.02268,2220.0,0.02269,6851.0
1753520916009,09:08:36.009,ACH/USDT:USDT,0.02267,187.0,0.02266,1001.0,0.02268,2220.0,0.02269,6851.0
1753520916044,09:08:36.044,ACH/USDT:USDT,0.02267,6.0,0.02266,1001.0,0.02268,182.0,0.02269,6792.0
1753520916123,09:08:36.123,ACH/USDT:USDT,0.02267,6.0,0.02266,1001.0,0.02268,182.0,0.02269,6851.0
1753520916462,09:08:36.462,ACH/USDT:USDT,0.02267,6.0,0.02266,1001.0,0.02268,182.0,0.02269,6851.0
1753520919839,09:08:39.839,ACH/USDT:USDT,0.02267,6.0,0.02266,1001.0,0.02268,182.0,0.02269,6851.0
1753520920044,09:08:40.044,ACH/USDT:USDT,0.02267,6.0,0.02266,1001.0,0.02268,182.0,0.02269,6851.0
1753520923509,09:08:43.509,ACH/USDT:USDT,0.02267,6.0,0.02266,1001.0,0.02268,182.0,0.02269,6792.0
1753520923609,09:08:43.609,ACH/USDT:USDT,0.02267,6.0,0.02266,1001.0,0.02268,182.0,0.02269,6851.0
1753520923611,09:08:43.611,ACH/USDT:USDT,0.02267,6.0,0.02266,1001.0,0.02268,182.0,0.02269,6851.0
1753520923716,09:08:43.716,ACH/USDT:USDT,0.02267,6.0,0.02266,1001.0,0.02268,182.0,0.02269,6851.0
1753520923888,09:08:43.888,ACH/USDT:USDT,0.02267,6.0,0.02266,1001.0,0.02268,182.0,0.02269,6851.0
1753520924358,09:08:44.358,ACH/USDT:USDT,0.02267,6.0,0.02266,1001.0,0.02268,182.0,0.02269,6851.0
1753520924639,09:08:44.639,ACH/USDT:USDT,0.02267,6.0,0.02266,1001.0,0.02268,182.0,0.02269,6851.0
1753520927808,09:08:47.808,ACH/USDT:USDT,0.02267,6.0,0.02266,189.0,0.02268,182.0,0.02269,6851.0
1753520927839,09:08:47.839,ACH/USDT:USDT,0.02266,195.0,0.02265,1499.0,0.02268,2237.0,0.02269,6792.0
1753520927918,09:08:47.918,ACH/USDT:USDT,0.02266,195.0,0.02265,1499.0,0.02268,2237.0,0.02269,6851.0
1753520928152,09:08:48.152,ACH/USDT:USDT,0.02266,195.0,0.02265,1499.0,0.02268,2237.0,0.02269,6851.0
1753520929438,09:08:49.438,ACH/USDT:USDT,0.02266,195.0,0.02265,1499.0,0.02268,2237.0,0.02269,6851.0
1753520929778,09:08:49.778,ACH/USDT:USDT,0.02266,195.0,0.02265,1499.0,0.02268,2237.0,0.02269,6851.0
1753520932209,09:08:52.209,ACH/USDT:USDT,0.02264,2700.0,0.02263,2992.0,0.02267,187.0,0.02268,3939.0
1753520932309,09:08:52.309,ACH/USDT:USDT,0.02265,6.0,0.02264,1501.0,0.02266,187.0,0.02267,6781.0
1753520932345,09:08:52.345,ACH/USDT:USDT,0.02265,6.0,0.02264,1501.0,0.02266,187.0,0.02267,6840.0
1753520932453,09:08:52.453,ACH/USDT:USDT,0.02265,6.0,0.02264,1501.0,0.02266,187.0,0.02267,6840.0
1753520932602,09:08:52.602,ACH/USDT:USDT,0.02265,6.0,0.02264,1501.0,0.02266,187.0,0.02267,6840.0
1753520933422,09:08:53.422,ACH/USDT:USDT,0.02265,6.0,0.02264,1501.0,0.02266,187.0,0.02267,6840.0
1753520933847,09:08:53.847,ACH/USDT:USDT,0.02265,6.0,0.02264,1501.0,0.02266,187.0,0.02267,6840.0
1753520934252,09:08:54.252,ACH/USDT:USDT,0.02265,6.0,0.02264,1501.0,0.02266,187.0,0.02267,6840.0
1753520934503,09:08:54.503,ACH/USDT:USDT,0.02265,6.0,0.02264,1501.0,0.02266,579.0,0.02267,6840.0
1753520934510,09:08:54.510,ACH/USDT:USDT,0.02265,6.0,0.02264,1501.0,0.02266,579.0,0.02267,6781.0
1753520934617,09:08:54.617,ACH/USDT:USDT,0.02265,6.0,0.02264,1501.0,0.02266,579.0,0.02267,6840.0
1753520934992,09:08:54.992,ACH/USDT:USDT,0.02265,6.0,0.02264,1501.0,0.02266,579.0,0.02267,6840.0
1753520935098,09:08:55.098,ACH/USDT:USDT,0.02265,6.0,0.02264,1501.0,0.02266,579.0,0.02267,6840.0
1753520935350,09:08:55.350,ACH/USDT:USDT,0.02265,6.0,0.02264,1501.0,0.02266,579.0,0.02267,6840.0
1753520936312,09:08:56.312,ACH/USDT:USDT,0.02265,6.0,0.02264,1501.0,0.02266,579.0,0.02267,6840.0
1753520936671,09:08:56.671,ACH/USDT:USDT,0.02265,6.0,0.02264,1501.0,0.02266,579.0,0.02267,6840.0
1753520936900,09:08:56.900,ACH/USDT:USDT,0.02265,6.0,0.02264,1501.0,0.02266,579.0,0.02267,6840.0
1753520937095,09:08:57.095,ACH/USDT:USDT,0.02265,191.0,0.02264,1501.0,0.02266,392.0,0.02267,6781.0
1753520937123,09:08:57.123,ACH/USDT:USDT,0.02265,191.0,0.02264,1501.0,0.02266,392.0,0.02267,6840.0
1753520937273,09:08:57.273,ACH/USDT:USDT,0.02265,191.0,0.02264,1501.0,0.02267,2789.0,0.02268,8477.0
1753520937381,09:08:57.381,ACH/USDT:USDT,0.02265,185.0,0.02264,1501.0,0.02267,246.0,0.02268,8477.0
1753520937488,09:08:57.488,ACH/USDT:USDT,0.02265,185.0,0.02264,1501.0,0.02267,246.0,0.02268,8477.0
1753520937542,09:08:57.542,ACH/USDT:USDT,0.02265,185.0,0.02264,1501.0,0.02267,246.0,0.02268,8477.0
1753520938309,09:08:58.309,ACH/USDT:USDT,0.02265,185.0,0.02264,1501.0,0.02267,246.0,0.02268,8477.0
1753520938320,09:08:58.320,ACH/USDT:USDT,0.02265,185.0,0.02264,1501.0,0.02267,246.0,0.02268,8536.0
1753520939052,09:08:59.052,ACH/USDT:USDT,0.02265,185.0,0.02264,1501.0,0.02267,246.0,0.02268,8536.0
1753520939780,09:08:59.780,ACH/USDT:USDT,0.02265,185.0,0.02264,1501.0,0.02267,1449.0,0.02268,8477.0
1753520939817,09:08:59.817,ACH/USDT:USDT,0.02265,185.0,0.02264,1501.0,0.02267,1449.0,0.02268,8536.0
1753520939935,09:08:59.935,ACH/USDT:USDT,0.02265,185.0,0.02264,1501.0,0.02267,1449.0,0.02268,8036.0
1753520940050,09:09:00.050,ACH/USDT:USDT,0.02265,185.0,0.02264,1501.0,0.02267,246.0,0.02268,7977.0
1753520940340,09:09:00.340,ACH/USDT:USDT,0.02265,185.0,0.02264,1501.0,0.02267,246.0,0.02268,7977.0
1753520940417,09:09:00.417,ACH/USDT:USDT,0.02265,185.0,0.02264,1501.0,0.02267,246.0,0.02268,8036.0
1753520943323,09:09:03.323,ACH/USDT:USDT,0.02265,883.0,0.02264,1501.0,0.02267,246.0,0.02268,7977.0
1753520943417,09:09:03.417,ACH/USDT:USDT,0.02265,883.0,0.02264,1501.0,0.02267,246.0,0.02268,8036.0
1753520943597,09:09:03.597,ACH/USDT:USDT,0.02266,186.0,0.02265,883.0,0.02267,186.0,0.02268,9214.0
1753520943620,09:09:03.620,ACH/USDT:USDT,0.02266,192.0,0.02265,883.0,0.02267,186.0,0.02268,9214.0
1753520943805,09:09:03.805,ACH/USDT:USDT,0.02266,192.0,0.02265,883.0,0.02268,9214.0,0.02269,4124.0
1753520943887,09:09:03.887,ACH/USDT:USDT,0.02266,186.0,0.02265,883.0,0.02267,186.0,0.02268,9214.0
1753520943918,09:09:03.918,ACH/USDT:USDT,0.02266,192.0,0.02265,883.0,0.02267,186.0,0.02268,9214.0
1753520944022,09:09:04.022,ACH/USDT:USDT,0.02266,192.0,0.02265,883.0,0.02267,186.0,0.02268,9273.0
1753520944182,09:09:04.182,ACH/USDT:USDT,0.02266,6.0,0.02265,883.0,0.02267,186.0,0.02268,9214.0
1753520944256,09:09:04.256,ACH/USDT:USDT,0.02266,6.0,0.02265,883.0,0.02267,186.0,0.02268,9214.0
1753520944430,09:09:04.430,ACH/USDT:USDT,0.02266,6.0,0.02265,883.0,0.02267,186.0,0.02268,9214.0
1753520944518,09:09:04.518,ACH/USDT:USDT,0.02266,6.0,0.02265,883.0,0.02267,186.0,0.02268,9273.0
1753520944694,09:09:04.694,ACH/USDT:USDT,0.02266,192.0,0.02265,883.0,0.02267,186.0,0.02268,9214.0
1753520944892,09:09:04.892,ACH/USDT:USDT,0.02266,6.0,0.02265,883.0,0.02267,186.0,0.02268,9214.0
1753520945060,09:09:05.060,ACH/USDT:USDT,0.02266,6.0,0.02265,883.0,0.02267,186.0,0.02268,9214.0
1753520945118,09:09:05.118,ACH/USDT:USDT,0.02266,6.0,0.02265,883.0,0.02267,186.0,0.02268,9273.0
1753520945854,09:09:05.854,ACH/USDT:USDT,0.02266,192.0,0.02265,883.0,0.02267,186.0,0.02268,9214.0
1753520945953,09:09:05.953,ACH/USDT:USDT,0.02266,192.0,0.02265,185.0,0.02267,186.0,0.02268,9273.0
1753520947904,09:09:07.904,ACH/USDT:USDT,0.02266,6.0,0.02265,185.0,0.02267,186.0,0.02268,9214.0
1753520948205,09:09:08.205,ACH/USDT:USDT,0.02266,6.0,0.02265,185.0,0.02267,186.0,0.02268,9214.0
1753520948639,09:09:08.639,ACH/USDT:USDT,0.02266,6.0,0.02265,185.0,0.02267,186.0,0.02268,9214.0
1753520949912,09:09:09.912,ACH/USDT:USDT,0.02266,6.0,0.02265,185.0,0.02267,186.0,0.02268,9214.0
1753520951836,09:09:11.836,ACH/USDT:USDT,0.02266,6.0,0.02265,185.0,0.02267,186.0,0.02268,9214.0
1753520953439,09:09:13.439,ACH/USDT:USDT,0.02266,6.0,0.02265,185.0,0.02267,186.0,0.02268,9214.0
1753520953769,09:09:13.769,ACH/USDT:USDT,0.02266,6.0,0.02265,185.0,0.02267,186.0,0.02268,9214.0
1753520953822,09:09:13.822,ACH/USDT:USDT,0.02266,6.0,0.02265,185.0,0.02267,186.0,0.02268,9214.0
1753520954009,09:09:14.009,ACH/USDT:USDT,0.02266,6.0,0.02265,185.0,0.02267,186.0,0.02268,9214.0
1753520954070,09:09:14.070,ACH/USDT:USDT,0.02266,6.0,0.02265,185.0,0.02267,186.0,0.02268,9214.0
1753520955310,09:09:15.310,ACH/USDT:USDT,0.02266,6.0,0.02265,185.0,0.02267,186.0,0.02268,9214.0
1753520956125,09:09:16.125,ACH/USDT:USDT,0.02266,6.0,0.02264,1501.0,0.02267,186.0,0.02268,9214.0
1753520956285,09:09:16.285,ACH/USDT:USDT,0.02265,187.0,0.02264,1501.0,0.02266,181.0,0.02267,2579.0
1753520956525,09:09:16.525,ACH/USDT:USDT,0.02265,187.0,0.02264,1501.0,0.02266,181.0,0.02267,2579.0
1753520956941,09:09:16.941,ACH/USDT:USDT,0.02265,187.0,0.02264,1501.0,0.02266,181.0,0.02267,2579.0
1753520957087,09:09:17.087,ACH/USDT:USDT,0.02265,187.0,0.02264,1501.0,0.02267,2579.0,0.02268,9214.0
1753520957147,09:09:17.147,ACH/USDT:USDT,0.02265,181.0,0.02264,1501.0,0.02266,181.0,0.02267,2579.0
1753520957216,09:09:17.216,ACH/USDT:USDT,0.02265,187.0,0.02264,1501.0,0.02266,181.0,0.02267,2579.0
1753520957366,09:09:17.366,ACH/USDT:USDT,0.02265,187.0,0.02264,1501.0,0.02266,181.0,0.02267,2579.0
1753520957787,09:09:17.787,ACH/USDT:USDT,0.02265,187.0,0.02264,1501.0,0.02267,2579.0,0.02268,9214.0
1753520957815,09:09:17.815,ACH/USDT:USDT,0.02265,181.0,0.02264,1501.0,0.02267,2579.0,0.02268,9214.0
1753520958200,09:09:18.200,ACH/USDT:USDT,0.02265,181.0,0.02264,1501.0,0.02267,2579.0,0.02268,9214.0
1753520958239,09:09:18.239,ACH/USDT:USDT,0.02265,181.0,0.02264,1501.0,0.02267,2579.0,0.02268,9273.0
1753520958906,09:09:18.906,ACH/USDT:USDT,0.02264,1501.0,0.02263,1868.0,0.02266,181.0,0.02267,2579.0
1753520958917,09:09:18.917,ACH/USDT:USDT,0.02264,1501.0,0.02263,1868.0,0.02266,181.0,0.02267,2638.0
1753520959466,09:09:19.466,ACH/USDT:USDT,0.02265,181.0,0.02264,1501.0,0.02267,2579.0,0.02268,9214.0
1753520959605,09:09:19.605,ACH/USDT:USDT,0.02264,1501.0,0.02263,1868.0,0.02266,181.0,0.02267,2579.0
1753520959626,09:09:19.626,ACH/USDT:USDT,0.02264,1501.0,0.02263,1868.0,0.02266,181.0,0.02267,2638.0
1753520959828,09:09:19.828,ACH/USDT:USDT,0.02265,181.0,0.02264,1501.0,0.02266,181.0,0.02267,2579.0
1753520959919,09:09:19.919,ACH/USDT:USDT,0.02265,187.0,0.02264,1501.0,0.02266,181.0,0.02267,2579.0
1753520960807,09:09:20.807,ACH/USDT:USDT,0.02265,187.0,0.02264,1501.0,0.02267,2579.0,0.02268,9214.0
1753520960820,09:09:20.820,ACH/USDT:USDT,0.02265,181.0,0.02264,1501.0,0.02267,2579.0,0.02268,9273.0
1753520961062,09:09:21.062,ACH/USDT:USDT,0.02265,181.0,0.02264,1501.0,0.02267,2579.0,0.02268,9214.0
1753520961471,09:09:21.471,ACH/USDT:USDT,0.02265,181.0,0.02264,1501.0,0.02267,2579.0,0.02268,9214.0
1753520961568,09:09:21.568,ACH/USDT:USDT,0.02265,181.0,0.02264,1501.0,0.02267,2579.0,0.02268,9273.0
1753520963039,09:09:23.039,ACH/USDT:USDT,0.02265,181.0,0.02264,1501.0,0.02267,2579.0,0.02268,9273.0
1753520963352,09:09:23.352,ACH/USDT:USDT,0.02265,181.0,0.02264,1501.0,0.02267,1465.0,0.02268,9214.0
1753520963418,09:09:23.418,ACH/USDT:USDT,0.02265,181.0,0.02264,1501.0,0.02267,1465.0,0.02268,9273.0
1753520965700,09:09:25.700,ACH/USDT:USDT,0.02265,181.0,0.02264,1501.0,0.02267,186.0,0.02268,9214.0
1753520965809,09:09:25.809,ACH/USDT:USDT,0.02265,181.0,0.02264,1501.0,0.02267,186.0,0.02268,9273.0
1753520965906,09:09:25.906,ACH/USDT:USDT,0.02265,181.0,0.02264,1501.0,0.02267,1338.0,0.02268,9273.0
1753520965989,09:09:25.989,ACH/USDT:USDT,0.02265,181.0,0.02264,1501.0,0.02267,186.0,0.02268,9214.0
1753520966328,09:09:26.328,ACH/USDT:USDT,0.02265,181.0,0.02264,1501.0,0.02267,186.0,0.02268,9214.0
1753520966439,09:09:26.439,ACH/USDT:USDT,0.02265,181.0,0.02264,1501.0,0.02267,1221.0,0.02268,9214.0
1753520966695,09:09:26.695,ACH/USDT:USDT,0.02265,181.0,0.02264,1501.0,0.02267,186.0,0.02268,9214.0
1753520967094,09:09:27.094,ACH/USDT:USDT,0.02265,181.0,0.02264,2199.0,0.02267,186.0,0.02268,9214.0
1753520967119,09:09:27.119,ACH/USDT:USDT,0.02265,181.0,0.02264,2199.0,0.02267,1480.0,0.02268,9273.0
1753520967605,09:09:27.605,ACH/USDT:USDT,0.02265,181.0,0.02264,2199.0,0.02267,1480.0,0.02268,9273.0
1753520967839,09:09:27.839,ACH/USDT:USDT,0.02265,181.0,0.02264,2199.0,0.02267,1480.0,0.02268,9273.0
1753520971104,09:09:31.104,ACH/USDT:USDT,0.02265,181.0,0.02264,2199.0,0.02268,9214.0,0.0227,3677.0
1753520971166,09:09:31.166,ACH/USDT:USDT,0.02266,6.0,0.02265,181.0,0.02267,185.0,0.02268,8812.0
1753520971252,09:09:31.252,ACH/USDT:USDT,0.02266,6.0,0.02265,181.0,0.02267,185.0,0.02268,8036.0
1753520971352,09:09:31.352,ACH/USDT:USDT,0.02266,6.0,0.02265,181.0,0.02267,185.0,0.02268,8036.0
1753520971563,09:09:31.563,ACH/USDT:USDT,0.02266,6.0,0.02265,181.0,0.02267,185.0,0.02268,8036.0
1753520972407,09:09:32.407,ACH/USDT:USDT,0.02266,6.0,0.02265,181.0,0.02267,185.0,0.02268,8036.0
1753520972660,09:09:32.660,ACH/USDT:USDT,0.02266,6.0,0.02265,181.0,0.02267,185.0,0.02268,7977.0
1753520972717,09:09:32.717,ACH/USDT:USDT,0.02266,6.0,0.02265,181.0,0.02267,185.0,0.02268,8036.0
1753520972854,09:09:32.854,ACH/USDT:USDT,0.02266,6.0,0.02265,181.0,0.02267,185.0,0.02268,7977.0
1753520972997,09:09:32.997,ACH/USDT:USDT,0.02266,194.0,0.02265,181.0,0.02267,185.0,0.02268,7977.0
1753520973086,09:09:33.086,ACH/USDT:USDT,0.02266,194.0,0.02265,181.0,0.02268,7977.0,0.02269,1294.0
1753520973150,09:09:33.150,ACH/USDT:USDT,0.02265,181.0,0.02264,2199.0,0.02268,7977.0,0.02269,1294.0
1753520973302,09:09:33.302,ACH/USDT:USDT,0.02266,6.0,0.02265,181.0,0.02268,7977.0,0.02269,1294.0
1753520973452,09:09:33.452,ACH/USDT:USDT,0.02266,6.0,0.02265,181.0,0.02268,7977.0,0.02269,1294.0
1753520973603,09:09:33.603,ACH/USDT:USDT,0.02266,6.0,0.02265,181.0,0.02268,7977.0,0.02269,1294.0
1753520973681,09:09:33.681,ACH/USDT:USDT,0.02266,6.0,0.02265,181.0,0.02268,7977.0,0.02269,1294.0
1753520973805,09:09:33.805,ACH/USDT:USDT,0.02266,194.0,0.02265,181.0,0.02268,7977.0,0.02269,1294.0
1753520973907,09:09:33.907,ACH/USDT:USDT,0.02265,181.0,0.02264,2199.0,0.02268,7977.0,0.02269,1353.0
1753520973932,09:09:33.932,ACH/USDT:USDT,0.02266,6.0,0.02265,181.0,0.02268,7977.0,0.0227,3677.0
1753520974068,09:09:34.068,ACH/USDT:USDT,0.02266,6.0,0.02265,181.0,0.02268,7977.0,0.0227,3677.0
1753520974211,09:09:34.211,ACH/USDT:USDT,0.02266,194.0,0.02265,181.0,0.02268,7977.0,0.0227,3677.0
1753520974364,09:09:34.364,ACH/USDT:USDT,0.02265,181.0,0.02264,2199.0,0.02268,7977.0,0.0227,3677.0
1753520974497,09:09:34.497,ACH/USDT:USDT,0.02266,6.0,0.02265,181.0,0.02268,7977.0,0.0227,3677.0
1753520974527,09:09:34.527,ACH/USDT:USDT,0.02266,194.0,0.02265,181.0,0.02268,7977.0,0.0227,3736.0
1753520974681,09:09:34.681,ACH/USDT:USDT,0.02265,181.0,0.02264,2199.0,0.02268,7977.0,0.0227,3677.0
1753520974717,09:09:34.717,ACH/USDT:USDT,0.02266,6.0,0.02265,181.0,0.02268,7977.0,0.0227,3677.0
1753520974845,09:09:34.845,ACH/USDT:USDT,0.02266,6.0,0.02265,181.0,0.02268,7977.0,0.0227,3677.0
1753520974994,09:09:34.994,ACH/USDT:USDT,0.02266,194.0,0.02265,181.0,0.02268,7977.0,0.0227,3677.0
1753520975016,09:09:35.016,ACH/USDT:USDT,0.02266,188.0,0.02265,181.0,0.02268,7977.0,0.0227,3677.0
1753520975165,09:09:35.165,ACH/USDT:USDT,0.02265,181.0,0.02264,2199.0,0.02268,7977.0,0.0227,3677.0
1753520975299,09:09:35.299,ACH/USDT:USDT,0.02266,194.0,0.02265,181.0,0.02268,7977.0,0.0227,3677.0
1753520975349,09:09:35.349,ACH/USDT:USDT,0.02266,188.0,0.02265,181.0,0.02268,7977.0,0.0227,3677.0
1753520975451,09:09:35.451,ACH/USDT:USDT,0.02265,181.0,0.02264,2199.0,0.02268,7977.0,0.0227,3677.0
1753520975602,09:09:35.602,ACH/USDT:USDT,0.02266,194.0,0.02265,181.0,0.02268,7977.0,0.0227,3677.0
1753520975624,09:09:35.624,ACH/USDT:USDT,0.02266,188.0,0.02265,181.0,0.02268,7977.0,0.0227,3677.0
1753520975766,09:09:35.766,ACH/USDT:USDT,0.02265,181.0,0.02264,2199.0,0.02268,7977.0,0.0227,3677.0
1753520975906,09:09:35.906,ACH/USDT:USDT,0.02266,6.0,0.02265,181.0,0.02267,392.0,0.02268,7977.0
1753520975916,09:09:35.916,ACH/USDT:USDT,0.02266,6.0,0.02265,181.0,0.02267,392.0,0.02268,8036.0
1753520976063,09:09:36.063,ACH/USDT:USDT,0.02266,6.0,0.02265,181.0,0.02267,392.0,0.02268,7977.0
1753520976211,09:09:36.211,ACH/USDT:USDT,0.02266,194.0,0.02265,181.0,0.02267,392.0,0.02268,7977.0
1753520976523,09:09:36.523,ACH/USDT:USDT,0.02266,194.0,0.02265,181.0,0.02267,392.0,0.02268,7977.0
1753520976948,09:09:36.948,ACH/USDT:USDT,0.02266,194.0,0.02265,181.0,0.02268,7977.0,0.0227,3677.0
1753520977067,09:09:37.067,ACH/USDT:USDT,0.02265,181.0,0.02264,2199.0,0.02267,188.0,0.02268,7977.0
1753520977152,09:09:37.152,ACH/USDT:USDT,0.02265,181.0,0.02264,2199.0,0.02267,188.0,0.02268,7977.0
1753520977368,09:09:37.368,ACH/USDT:USDT,0.02265,181.0,0.02264,2199.0,0.02267,188.0,0.02268,7977.0
1753520977819,09:09:37.819,ACH/USDT:USDT,0.02265,181.0,0.02264,2199.0,0.02268,7977.0,0.02269,1294.0
1753520977932,09:09:37.932,ACH/USDT:USDT,0.02266,194.0,0.02265,181.0,0.02268,7977.0,0.02269,1294.0
1753520978069,09:09:38.069,ACH/USDT:USDT,0.02265,181.0,0.02264,2199.0,0.02268,7977.0,0.02269,1294.0
1753520978190,09:09:38.190,ACH/USDT:USDT,0.02266,6.0,0.02265,181.0,0.02268,7977.0,0.02269,1294.0
1753520978226,09:09:38.226,ACH/USDT:USDT,0.02266,6.0,0.02265,181.0,0.02268,7977.0,0.02269,1294.0
1753520978383,09:09:38.383,ACH/USDT:USDT,0.02266,194.0,0.02265,181.0,0.02268,7977.0,0.02269,1294.0
1753520978416,09:09:38.416,ACH/USDT:USDT,0.02266,188.0,0.02265,181.0,0.02268,7977.0,0.02269,1294.0
1753520978608,09:09:38.608,ACH/USDT:USDT,0.02265,181.0,0.02264,2199.0,0.02268,7977.0,0.02269,1294.0
1753520978692,09:09:38.692,ACH/USDT:USDT,0.02266,194.0,0.02265,181.0,0.02268,7977.0,0.02269,1294.0
1753520978715,09:09:38.715,ACH/USDT:USDT,0.02266,188.0,0.02265,181.0,0.02268,7977.0,0.02269,1294.0
1753520978838,09:09:38.838,ACH/USDT:USDT,0.02265,181.0,0.02264,2199.0,0.02268,7977.0,0.02269,1294.0
1753520978917,09:09:38.917,ACH/USDT:USDT,0.02266,6.0,0.02265,181.0,0.02268,7977.0,0.02269,1294.0
1753520979027,09:09:39.027,ACH/USDT:USDT,0.02266,6.0,0.02265,181.0,0.02268,7977.0,0.02269,1294.0
1753520979166,09:09:39.166,ACH/USDT:USDT,0.02266,6.0,0.02265,181.0,0.02268,7977.0,0.02269,1294.0
1753520979323,09:09:39.323,ACH/USDT:USDT,0.02266,194.0,0.02265,181.0,0.02268,7977.0,0.02269,1294.0
1753520979477,09:09:39.477,ACH/USDT:USDT,0.02265,181.0,0.02264,2199.0,0.02268,7977.0,0.02269,1294.0
1753520979516,09:09:39.516,ACH/USDT:USDT,0.02266,6.0,0.02265,181.0,0.02268,7977.0,0.02269,1294.0
1753520979628,09:09:39.628,ACH/USDT:USDT,0.02266,194.0,0.02265,181.0,0.02268,7977.0,0.02269,1294.0
1753520979781,09:09:39.781,ACH/USDT:USDT,0.02265,181.0,0.02264,2199.0,0.02268,7977.0,0.02269,1294.0
1753520979818,09:09:39.818,ACH/USDT:USDT,0.02266,6.0,0.02265,181.0,0.02268,7977.0,0.02269,1294.0
1753520979940,09:09:39.940,ACH/USDT:USDT,0.02266,6.0,0.02265,181.0,0.02268,7977.0,0.02269,1294.0
1753520980088,09:09:40.088,ACH/USDT:USDT,0.02266,194.0,0.02265,181.0,0.02268,7977.0,0.02269,1294.0
1753520980116,09:09:40.116,ACH/USDT:USDT,0.02266,188.0,0.02265,181.0,0.02268,7977.0,0.02269,1294.0
1753520980264,09:09:40.264,ACH/USDT:USDT,0.02265,181.0,0.02264,2199.0,0.02268,7977.0,0.02269,1294.0
1753520980392,09:09:40.392,ACH/USDT:USDT,0.02266,194.0,0.02265,181.0,0.02268,7977.0,0.02269,1294.0
1753520980416,09:09:40.416,ACH/USDT:USDT,0.02266,188.0,0.02265,181.0,0.02268,7977.0,0.02269,1294.0
1753520980552,09:09:40.552,ACH/USDT:USDT,0.02265,181.0,0.02264,2199.0,0.02268,7977.0,0.0227,190.0
1753520980700,09:09:40.700,ACH/USDT:USDT,0.02266,194.0,0.02265,181.0,0.02268,7977.0,0.0227,190.0
1753520980717,09:09:40.717,ACH/USDT:USDT,0.02266,188.0,0.02265,181.0,0.02268,7977.0,0.0227,190.0
1753520980872,09:09:40.872,ACH/USDT:USDT,0.02265,181.0,0.02264,2199.0,0.02268,7977.0,0.02269,1294.0
1753520981008,09:09:41.008,ACH/USDT:USDT,0.02266,6.0,0.02265,181.0,0.02268,7977.0,0.02269,1294.0
1753520981091,09:09:41.091,ACH/USDT:USDT,0.02266,6.0,0.02265,181.0,0.02268,7977.0,0.02269,1294.0
1753520981158,09:09:41.158,ACH/USDT:USDT,0.02266,194.0,0.02265,181.0,0.02268,7977.0,0.02269,1294.0
1753520981216,09:09:41.216,ACH/USDT:USDT,0.02266,188.0,0.02265,181.0,0.02268,7977.0,0.02269,1294.0
1753520981311,09:09:41.311,ACH/USDT:USDT,0.02265,181.0,0.02264,2199.0,0.02268,7977.0,0.02269,1294.0
1753520981469,09:09:41.469,ACH/USDT:USDT,0.02266,6.0,0.02265,181.0,0.02268,7977.0,0.02269,1294.0
1753520981619,09:09:41.619,ACH/USDT:USDT,0.02266,6.0,0.02265,181.0,0.02268,7977.0,0.02269,1294.0
1753520981770,09:09:41.770,ACH/USDT:USDT,0.02266,6.0,0.02265,181.0,0.02268,7977.0,0.02269,1294.0
1753520981925,09:09:41.925,ACH/USDT:USDT,0.02266,194.0,0.02265,181.0,0.02268,7977.0,0.02269,1294.0
1753520982093,09:09:42.093,ACH/USDT:USDT,0.02265,181.0,0.02264,2199.0,0.02268,7977.0,0.0227,190.0
1753520982116,09:09:42.116,ACH/USDT:USDT,0.02266,6.0,0.02265,181.0,0.02268,7977.0,0.0227,190.0
1753520982229,09:09:42.229,ACH/USDT:USDT,0.02266,6.0,0.02265,181.0,0.02268,7977.0,0.0227,190.0
1753520982386,09:09:42.386,ACH/USDT:USDT,0.02266,6.0,0.02265,181.0,0.02268,7977.0,0.0227,190.0
1753520982540,09:09:42.540,ACH/USDT:USDT,0.02266,194.0,0.02265,181.0,0.02268,7977.0,0.0227,190.0
1753520982695,09:09:42.695,ACH/USDT:USDT,0.02265,181.0,0.02264,2199.0,0.02268,7977.0,0.02269,4122.0
1753520982728,09:09:42.728,ACH/USDT:USDT,0.02266,6.0,0.02265,181.0,0.02268,9214.0,0.02269,4122.0
1753520982849,09:09:42.849,ACH/USDT:USDT,0.02266,6.0,0.02265,181.0,0.02268,9214.0,0.02269,4122.0
1753520983000,09:09:43.000,ACH/USDT:USDT,0.02266,189.0,0.02265,181.0,0.02268,9214.0,0.02269,4122.0
1753520983016,09:09:43.016,ACH/USDT:USDT,0.02266,183.0,0.02265,181.0,0.02268,9214.0,0.02269,4122.0
1753520983154,09:09:43.154,ACH/USDT:USDT,0.02265,181.0,0.02264,2199.0,0.02268,9214.0,0.02269,4122.0
1753520983217,09:09:43.217,ACH/USDT:USDT,0.02266,6.0,0.02265,181.0,0.02268,9214.0,0.02269,4122.0
1753520983312,09:09:43.312,ACH/USDT:USDT,0.02266,189.0,0.02265,181.0,0.02268,9214.0,0.02269,4122.0
1753520983466,09:09:43.466,ACH/USDT:USDT,0.02265,181.0,0.02264,2199.0,0.02268,9214.0,0.02269,4122.0
1753520983544,09:09:43.544,ACH/USDT:USDT,0.02266,6.0,0.02265,181.0,0.02267,183.0,0.02268,9214.0
1753520983622,09:09:43.622,ACH/USDT:USDT,0.02266,6.0,0.02265,181.0,0.02267,183.0,0.02268,9214.0
1753520984127,09:09:44.127,ACH/USDT:USDT,0.02266,189.0,0.02265,181.0,0.02267,183.0,0.02268,9214.0
1753520984284,09:09:44.284,ACH/USDT:USDT,0.02266,189.0,0.02265,181.0,0.02268,9214.0,0.02269,4122.0
1753520984375,09:09:44.375,ACH/USDT:USDT,0.02265,181.0,0.02264,2199.0,0.02268,9214.0,0.02269,4122.0
1753520984484,09:09:44.484,ACH/USDT:USDT,0.02266,6.0,0.02265,181.0,0.02268,9214.0,0.02269,4122.0
1753520984636,09:09:44.636,ACH/USDT:USDT,0.02266,6.0,0.02265,181.0,0.02268,9214.0,0.02269,4122.0
1753520984801,09:09:44.801,ACH/USDT:USDT,0.02266,6.0,0.02265,181.0,0.02268,9214.0,0.02269,4122.0
1753520984940,09:09:44.940,ACH/USDT:USDT,0.02266,6.0,0.02265,181.0,0.02268,9214.0,0.02269,4122.0
1753520985113,09:09:45.113,ACH/USDT:USDT,0.02266,189.0,0.02265,181.0,0.02268,9214.0,0.02269,4122.0
1753520985605,09:09:45.605,ACH/USDT:USDT,0.02266,183.0,0.02265,181.0,0.02268,9214.0,0.02269,4122.0
1753520985624,09:09:45.624,ACH/USDT:USDT,0.02265,181.0,0.02264,2199.0,0.02268,9214.0,0.02269,4122.0
1753520985763,09:09:45.763,ACH/USDT:USDT,0.02266,189.0,0.02265,181.0,0.02268,9214.0,0.02269,4122.0
1753520985816,09:09:45.816,ACH/USDT:USDT,0.02266,183.0,0.02265,181.0,0.02268,9214.0,0.02269,4122.0
1753520985923,09:09:45.923,ACH/USDT:USDT,0.02265,181.0,0.02264,2199.0,0.02268,9214.0,0.02269,4122.0
1753520986065,09:09:46.065,ACH/USDT:USDT,0.02266,189.0,0.02265,181.0,0.02268,9214.0,0.02269,4122.0
1753520986116,09:09:46.116,ACH/USDT:USDT,0.02266,183.0,0.02265,181.0,0.02268,9214.0,0.02269,4122.0
1753520986219,09:09:46.219,ACH/USDT:USDT,0.02265,181.0,0.02264,2199.0,0.02268,9214.0,0.02269,4122.0
1753520986370,09:09:46.370,ACH/USDT:USDT,0.02266,189.0,0.02265,181.0,0.02268,9214.0,0.02269,4122.0
1753520986509,09:09:46.509,ACH/USDT:USDT,0.02266,183.0,0.02265,181.0,0.02268,9214.0,0.02269,4122.0
1753520986523,09:09:46.523,ACH/USDT:USDT,0.02265,181.0,0.02264,2199.0,0.02268,9214.0,0.02269,4122.0
1753520986690,09:09:46.690,ACH/USDT:USDT,0.02266,189.0,0.02265,181.0,0.02268,9214.0,0.02269,4122.0
1753520986719,09:09:46.719,ACH/USDT:USDT,0.02266,183.0,0.02265,181.0,0.02268,9214.0,0.02269,4122.0
1753520986904,09:09:46.904,ACH/USDT:USDT,0.02265,181.0,0.02264,2199.0,0.02267,183.0,0.02268,9214.0
1753520986917,09:09:46.917,ACH/USDT:USDT,0.02265,181.0,0.02264,2199.0,0.02267,183.0,0.02268,9273.0
1753520987257,09:09:47.257,ACH/USDT:USDT,0.02265,181.0,0.02264,2199.0,0.02267,183.0,0.02268,9273.0
1753520988105,09:09:48.105,ACH/USDT:USDT,0.02265,181.0,0.02264,2199.0,0.02267,183.0,0.02268,9273.0
1753520988130,09:09:48.130,ACH/USDT:USDT,0.02265,181.0,0.02264,2199.0,0.02267,2594.0,0.02268,9214.0
1753520988217,09:09:48.217,ACH/USDT:USDT,0.02265,181.0,0.02264,2199.0,0.02267,2594.0,0.02268,9273.0
1753520988474,09:09:48.474,ACH/USDT:USDT,0.02265,181.0,0.02264,2199.0,0.02267,2594.0,0.02268,9273.0
1753520988858,09:09:48.858,ACH/USDT:USDT,0.02265,181.0,0.02264,2199.0,0.02267,2594.0,0.02268,9273.0
1753520991630,09:09:51.630,ACH/USDT:USDT,0.02265,181.0,0.02264,2199.0,0.02267,2594.0,0.02268,9273.0
1753520992102,09:09:52.102,ACH/USDT:USDT,0.02265,181.0,0.02264,2199.0,0.02267,2594.0,0.02268,9273.0
1753520993658,09:09:53.658,ACH/USDT:USDT,0.02265,181.0,0.02264,2199.0,0.02267,2594.0,0.02268,9273.0
1753520997135,09:09:57.135,ACH/USDT:USDT,0.02265,181.0,0.02264,1501.0,0.02267,2594.0,0.02268,9273.0
1753520997226,09:09:57.226,ACH/USDT:USDT,0.02265,181.0,0.02264,1501.0,0.02267,2594.0,0.02268,9273.0
1753520997509,09:09:57.509,ACH/USDT:USDT,0.02265,181.0,0.02264,1501.0,0.02267,2594.0,0.02268,9273.0
1753520998121,09:09:58.121,ACH/USDT:USDT,0.02265,181.0,0.02264,1501.0,0.02267,2594.0,0.02268,9273.0
1753520998458,09:09:58.458,ACH/USDT:USDT,0.02265,181.0,0.02264,1501.0,0.02267,2594.0,0.02268,9273.0
1753521001422,09:10:01.422,ACH/USDT:USDT,0.02265,181.0,0.02264,1501.0,0.02267,2594.0,0.02268,9273.0
1753521001527,09:10:01.527,ACH/USDT:USDT,0.02265,181.0,0.02264,1501.0,0.02267,2594.0,0.02268,9273.0
1753521004157,09:10:04.157,ACH/USDT:USDT,0.02265,181.0,0.02264,1501.0,0.02267,2594.0,0.02268,9273.0
1753521005433,09:10:05.433,ACH/USDT:USDT,0.02265,181.0,0.02264,1501.0,0.02267,2594.0,0.02268,9273.0
1753521005709,09:10:05.709,ACH/USDT:USDT,0.02265,181.0,0.02264,1501.0,0.02267,2594.0,0.02268,9273.0
1753521005809,09:10:05.809,ACH/USDT:USDT,0.02265,181.0,0.02264,1501.0,0.02267,2594.0,0.02268,9273.0
1753521009659,09:10:09.659,ACH/USDT:USDT,0.02265,181.0,0.02264,1501.0,0.02267,2594.0,0.02268,9273.0
1753521011057,09:10:11.057,ACH/USDT:USDT,0.02265,181.0,0.02264,1501.0,0.02267,2411.0,0.02268,9214.0
1753521011118,09:10:11.118,ACH/USDT:USDT,0.02265,181.0,0.02264,1501.0,0.02267,2411.0,0.02268,9273.0
1753521011297,09:10:11.297,ACH/USDT:USDT,0.02265,181.0,0.02264,1501.0,0.02267,183.0,0.02268,9273.0
1753521011322,09:10:11.322,ACH/USDT:USDT,0.02265,181.0,0.02264,1501.0,0.02267,183.0,0.02268,7977.0
1753521012616,09:10:12.616,ACH/USDT:USDT,0.02265,181.0,0.02264,1501.0,0.02267,183.0,0.02268,7977.0
1753521012740,09:10:12.740,ACH/USDT:USDT,0.02265,181.0,0.02264,1501.0,0.02267,1247.0,0.02268,7977.0
1753521013031,09:10:13.031,ACH/USDT:USDT,0.02265,181.0,0.02264,1501.0,0.02267,1247.0,0.02268,7977.0
1753521013675,09:10:13.675,ACH/USDT:USDT,0.02265,181.0,0.02264,1501.0,0.02267,1247.0,0.02268,7977.0
1753521013733,09:10:13.733,ACH/USDT:USDT,0.02265,181.0,0.02264,1501.0,0.02267,2461.0,0.02268,8036.0
1753521014464,09:10:14.464,ACH/USDT:USDT,0.02265,181.0,0.02264,1501.0,0.02267,2461.0,0.02268,7977.0
1753521014518,09:10:14.518,ACH/USDT:USDT,0.02265,181.0,0.02264,1501.0,0.02267,2461.0,0.02268,8036.0
1753521015036,09:10:15.036,ACH/USDT:USDT,0.02265,181.0,0.02264,1501.0,0.02267,183.0,0.02268,7977.0
1753521015139,09:10:15.139,ACH/USDT:USDT,0.02265,181.0,0.02264,1501.0,0.02267,1289.0,0.02268,8036.0
1753521020447,09:10:20.447,ACH/USDT:USDT,0.02265,181.0,0.02264,1501.0,0.02267,1289.0,0.02268,8036.0
1753521020534,09:10:20.534,ACH/USDT:USDT,0.02265,181.0,0.02264,1501.0,0.02267,1289.0,0.02268,8036.0
1753521020836,09:10:20.836,ACH/USDT:USDT,0.02265,181.0,0.02264,1501.0,0.02267,1289.0,0.02268,8036.0
1753521020987,09:10:20.987,ACH/USDT:USDT,0.02265,181.0,0.02264,1501.0,0.02267,1289.0,0.02268,8036.0
1753521021048,09:10:21.048,ACH/USDT:USDT,0.02265,181.0,0.02264,1501.0,0.02267,1289.0,0.02268,8036.0
1753521021909,09:10:21.909,ACH/USDT:USDT,0.02265,181.0,0.02264,1501.0,0.02267,1289.0,0.02268,8036.0
1753521023129,09:10:23.129,ACH/USDT:USDT,0.02265,181.0,0.02264,1501.0,0.02267,1289.0,0.02268,8036.0
1753521024023,09:10:24.023,ACH/USDT:USDT,0.02265,181.0,0.02264,1501.0,0.02267,183.0,0.02268,7977.0
1753521024169,09:10:24.169,ACH/USDT:USDT,0.02265,181.0,0.02264,1501.0,0.02267,1534.0,0.02268,7977.0
1753521024695,09:10:24.695,ACH/USDT:USDT,0.02265,181.0,0.02264,1501.0,0.02267,1534.0,0.02268,7977.0
1753521024717,09:10:24.717,ACH/USDT:USDT,0.02265,181.0,0.02264,1501.0,0.02267,1534.0,0.02268,8036.0
1753521025459,09:10:25.459,ACH/USDT:USDT,0.02265,181.0,0.02264,1501.0,0.02267,1534.0,0.02268,8036.0
1753521026843,09:10:26.843,ACH/USDT:USDT,0.02265,181.0,0.02264,1501.0,0.02267,1351.0,0.02268,7977.0
1753521026921,09:10:26.921,ACH/USDT:USDT,0.02265,181.0,0.02264,1501.0,0.02267,1351.0,0.02268,8036.0
1753521027753,09:10:27.753,ACH/USDT:USDT,0.02265,181.0,0.02264,1501.0,0.02267,190.0,0.02268,8036.0
1753521029852,09:10:29.852,ACH/USDT:USDT,0.02265,181.0,0.02264,1501.0,0.02267,2563.0,0.02268,7977.0
1753521029940,09:10:29.940,ACH/USDT:USDT,0.02265,181.0,0.02264,1501.0,0.02267,2563.0,0.02268,8036.0
1753521030355,09:10:30.355,ACH/USDT:USDT,0.02265,181.0,0.02264,1501.0,0.02267,2563.0,0.02268,8036.0
1753521030480,09:10:30.480,ACH/USDT:USDT,0.02265,181.0,0.02264,1501.0,0.02266,392.0,0.02267,2563.0
1753521030518,09:10:30.518,ACH/USDT:USDT,0.02265,187.0,0.02264,1501.0,0.02266,392.0,0.02267,1464.0
1753521030644,09:10:30.644,ACH/USDT:USDT,0.02265,187.0,0.02264,1501.0,0.02266,392.0,0.02267,1405.0
1753521030999,09:10:30.999,ACH/USDT:USDT,0.02265,6.0,0.02264,1501.0,0.02266,582.0,0.02267,1405.0
1753521031089,09:10:31.089,ACH/USDT:USDT,0.02265,6.0,0.02264,1501.0,0.02266,582.0,0.02267,1405.0
1753521031174,09:10:31.174,ACH/USDT:USDT,0.02265,6.0,0.02264,1501.0,0.02266,582.0,0.02267,2490.0
1753521031275,09:10:31.275,ACH/USDT:USDT,0.02265,6.0,0.02264,1501.0,0.02266,190.0,0.02267,2431.0
1753521031594,09:10:31.594,ACH/USDT:USDT,0.02265,6.0,0.02264,1501.0,0.02266,190.0,0.02267,2431.0
1753521031617,09:10:31.617,ACH/USDT:USDT,0.02265,6.0,0.02264,1501.0,0.02266,190.0,0.02267,2490.0
1753521035306,09:10:35.306,ACH/USDT:USDT,0.02265,6.0,0.02264,1501.0,0.02266,190.0,0.02267,2490.0
1753521035312,09:10:35.312,ACH/USDT:USDT,0.02265,6.0,0.02264,1501.0,0.02266,190.0,0.02267,2490.0
1753521035628,09:10:35.628,ACH/USDT:USDT,0.02265,6.0,0.02264,1501.0,0.02266,190.0,0.02267,2490.0
1753521035872,09:10:35.872,ACH/USDT:USDT,0.02265,6.0,0.02264,1501.0,0.02266,190.0,0.02267,2490.0
1753521036143,09:10:36.143,ACH/USDT:USDT,0.02265,6.0,0.02264,1501.0,0.02266,190.0,0.02267,2490.0
1753521036454,09:10:36.454,ACH/USDT:USDT,0.02265,6.0,0.02264,1501.0,0.02266,190.0,0.02267,2490.0
1753521039472,09:10:39.472,ACH/USDT:USDT,0.02265,6.0,0.02264,1501.0,0.02266,190.0,0.02267,2490.0
1753521040059,09:10:40.059,ACH/USDT:USDT,0.02265,6.0,0.02264,1501.0,0.02266,190.0,0.02267,2490.0
1753521040949,09:10:40.949,ACH/USDT:USDT,0.02265,6.0,0.02264,1501.0,0.02266,190.0,0.02267,2490.0
1753521041022,09:10:41.022,ACH/USDT:USDT,0.02265,6.0,0.02264,1501.0,0.02266,190.0,0.02267,2490.0
1753521041309,09:10:41.309,ACH/USDT:USDT,0.02265,190.0,0.02264,1501.0,0.02266,190.0,0.02267,2490.0
1753521041316,09:10:41.316,ACH/USDT:USDT,0.02265,190.0,0.02264,1501.0,0.02266,190.0,0.02267,2431.0
1753521041421,09:10:41.421,ACH/USDT:USDT,0.02265,190.0,0.02264,1501.0,0.02266,190.0,0.02267,2490.0
1753521041528,09:10:41.528,ACH/USDT:USDT,0.02265,6.0,0.02264,1501.0,0.02266,190.0,0.02267,2431.0
1753521041753,09:10:41.753,ACH/USDT:USDT,0.02265,6.0,0.02264,1501.0,0.02266,190.0,0.02267,2431.0
1753521042318,09:10:42.318,ACH/USDT:USDT,0.02265,6.0,0.02264,1501.0,0.02266,190.0,0.02267,2431.0
1753521042423,09:10:42.423,ACH/USDT:USDT,0.02265,6.0,0.02264,1501.0,0.02266,190.0,0.02267,2490.0
1753521044407,09:10:44.407,ACH/USDT:USDT,0.02265,6.0,0.02264,1001.0,0.02266,190.0,0.02267,2490.0
1753521044422,09:10:44.422,ACH/USDT:USDT,0.02265,6.0,0.02264,1001.0,0.02266,190.0,0.02267,2490.0
1753521044600,09:10:44.600,ACH/USDT:USDT,0.02265,6.0,0.02264,1001.0,0.02266,582.0,0.02267,2431.0
1753521044617,09:10:44.617,ACH/USDT:USDT,0.02265,6.0,0.02264,1001.0,0.02266,582.0,0.02267,2490.0
1753521044860,09:10:44.860,ACH/USDT:USDT,0.02265,6.0,0.02264,1001.0,0.02266,582.0,0.02267,2490.0
1753521044914,09:10:44.914,ACH/USDT:USDT,0.02265,6.0,0.02264,1001.0,0.02266,582.0,0.02267,2490.0
1753521049672,09:10:49.672,ACH/USDT:USDT,0.02265,6.0,0.02264,1001.0,0.02266,582.0,0.02267,2490.0
1753521051568,09:10:51.568,ACH/USDT:USDT,0.02265,6.0,0.02264,1001.0,0.02266,190.0,0.02267,2431.0
1753521051661,09:10:51.661,ACH/USDT:USDT,0.02265,6.0,0.02264,1001.0,0.02266,190.0,0.02267,2490.0
1753521053960,09:10:53.960,ACH/USDT:USDT,0.02265,6.0,0.02264,1001.0,0.02266,190.0,0.02267,2490.0
1753521054459,09:10:54.459,ACH/USDT:USDT,0.02265,6.0,0.02264,1001.0,0.02266,190.0,0.02267,2490.0
1753521058286,09:10:58.286,ACH/USDT:USDT,0.02265,189.0,0.02264,1001.0,0.02266,190.0,0.02267,2431.0
1753521058317,09:10:58.317,ACH/USDT:USDT,0.02265,189.0,0.02264,1001.0,0.02266,190.0,0.02267,2490.0
1753521058978,09:10:58.978,ACH/USDT:USDT,0.02265,6.0,0.02264,1001.0,0.02266,190.0,0.02267,2431.0
1753521059205,09:10:59.205,ACH/USDT:USDT,0.02265,189.0,0.02264,1001.0,0.02266,190.0,0.02267,2431.0
1753521059259,09:10:59.259,ACH/USDT:USDT,0.02265,189.0,0.02264,1001.0,0.02266,190.0,0.02267,2431.0
1753521059396,09:10:59.396,ACH/USDT:USDT,0.02265,6.0,0.02264,1001.0,0.02266,190.0,0.02267,2431.0
1753521060507,09:11:00.507,ACH/USDT:USDT,0.02265,189.0,0.02264,1001.0,0.02266,190.0,0.02267,2431.0
1753521060597,09:11:00.597,ACH/USDT:USDT,0.02265,6.0,0.02264,1001.0,0.02266,190.0,0.02267,2431.0
1753521061722,09:11:01.722,ACH/USDT:USDT,0.02265,6.0,0.02264,1001.0,0.02266,190.0,0.02267,2431.0
1753521062211,09:11:02.211,ACH/USDT:USDT,0.02265,6.0,0.02264,1001.0,0.02266,190.0,0.02267,2431.0
1753521063378,09:11:03.378,ACH/USDT:USDT,0.02265,195.0,0.02264,1001.0,0.02266,190.0,0.02267,2431.0
1753521063672,09:11:03.672,ACH/USDT:USDT,0.02265,195.0,0.02264,1001.0,0.02266,190.0,0.02267,2431.0
1753521064092,09:11:04.092,ACH/USDT:USDT,0.02265,195.0,0.02264,1001.0,0.02266,190.0,0.02267,2431.0
1753521064124,09:11:04.124,ACH/USDT:USDT,0.02265,195.0,0.02264,1001.0,0.02266,190.0,0.02267,2431.0
1753521065839,09:11:05.839,ACH/USDT:USDT,0.02265,195.0,0.02264,1001.0,0.02266,190.0,0.02267,2431.0
1753521066808,09:11:06.808,ACH/USDT:USDT,0.02265,195.0,0.02264,1001.0,0.02267,2431.0,0.02268,9575.0
1753521066829,09:11:06.829,ACH/USDT:USDT,0.02265,189.0,0.02264,1001.0,0.02267,2431.0,0.02268,9575.0
1753521067017,09:11:07.017,ACH/USDT:USDT,0.02265,189.0,0.02264,1001.0,0.02267,2431.0,0.02268,9575.0
1753521067436,09:11:07.436,ACH/USDT:USDT,0.02265,189.0,0.02264,1001.0,0.02267,2431.0,0.02268,9575.0
1753521068186,09:11:08.186,ACH/USDT:USDT,0.02265,189.0,0.02264,1001.0,0.02266,189.0,0.02267,2431.0
1753521068216,09:11:08.216,ACH/USDT:USDT,0.02265,195.0,0.02264,1001.0,0.02266,189.0,0.02267,2431.0
1753521068493,09:11:08.493,ACH/USDT:USDT,0.02265,6.0,0.02264,1001.0,0.02266,189.0,0.02267,2431.0
1753521068659,09:11:08.659,ACH/USDT:USDT,0.02265,6.0,0.02264,1001.0,0.02266,189.0,0.02267,2431.0
1753521068860,09:11:08.860,ACH/USDT:USDT,0.02265,6.0,0.02264,1001.0,0.02266,189.0,0.02267,2431.0
1753521069732,09:11:09.732,ACH/USDT:USDT,0.02265,6.0,0.02264,1001.0,0.02266,189.0,0.02267,2431.0
1753521069818,09:11:09.818,ACH/USDT:USDT,0.02265,6.0,0.02264,1001.0,0.02266,189.0,0.02267,2490.0
1753521073221,09:11:13.221,ACH/USDT:USDT,0.02265,6.0,0.02264,1001.0,0.02266,189.0,0.02267,2490.0
1753521073672,09:11:13.672,ACH/USDT:USDT,0.02265,6.0,0.02264,1001.0,0.02266,189.0,0.02267,2490.0
1753521073909,09:11:13.909,ACH/USDT:USDT,0.02265,191.0,0.02264,1001.0,0.02266,189.0,0.02267,2431.0
1753521073917,09:11:13.917,ACH/USDT:USDT,0.02265,191.0,0.02264,1001.0,0.02266,189.0,0.02267,2490.0
1753521074299,09:11:14.299,ACH/USDT:USDT,0.02265,191.0,0.02264,1001.0,0.02267,2490.0,0.02268,9575.0
1753521074315,09:11:14.315,ACH/USDT:USDT,0.02265,185.0,0.02264,1001.0,0.02267,2490.0,0.02268,9575.0
1753521074417,09:11:14.417,ACH/USDT:USDT,0.02265,185.0,0.02264,1001.0,0.02267,2490.0,0.02268,9634.0
1753521074716,09:11:14.716,ACH/USDT:USDT,0.02265,185.0,0.02264,1001.0,0.02267,2490.0,0.02268,9634.0
1753521075303,09:11:15.303,ACH/USDT:USDT,0.02265,185.0,0.02264,1001.0,0.02266,185.0,0.02267,2431.0
1753521075318,09:11:15.318,ACH/USDT:USDT,0.02265,191.0,0.02264,1001.0,0.02266,185.0,0.02267,2490.0
1753521075544,09:11:15.544,ACH/USDT:USDT,0.02265,191.0,0.02264,1001.0,0.02266,185.0,0.02267,2431.0
1753521075769,09:11:15.769,ACH/USDT:USDT,0.02265,191.0,0.02264,1001.0,0.02267,2431.0,0.02268,9575.0
1753521075818,09:11:15.818,ACH/USDT:USDT,0.02265,185.0,0.02264,1001.0,0.02267,2431.0,0.02268,9634.0
1753521075964,09:11:15.964,ACH/USDT:USDT,0.02265,185.0,0.02264,1001.0,0.02267,2431.0,0.02268,9575.0
1753521076600,09:11:16.600,ACH/USDT:USDT,0.02265,185.0,0.02264,1001.0,0.02266,185.0,0.02267,2431.0
1753521076617,09:11:16.617,ACH/USDT:USDT,0.02265,191.0,0.02264,1001.0,0.02266,185.0,0.02267,2490.0
1753521076778,09:11:16.778,ACH/USDT:USDT,0.02265,191.0,0.02264,1001.0,0.02266,185.0,0.02267,2431.0
1753521076978,09:11:16.978,ACH/USDT:USDT,0.02265,191.0,0.02264,1001.0,0.02267,2431.0,0.02268,9575.0
1753521077018,09:11:17.018,ACH/USDT:USDT,0.02265,185.0,0.02264,1001.0,0.02267,2431.0,0.02268,9634.0
