timestamp,time,symbol,bid1_price,bid1_volume,bid2_price,bid2_volume,ask1_price,ask1_volume,ask2_price,ask2_volume
1753520626000,09:03:46.000,AEVO/USDT:USDT,0.10724,172.0,0.10723,19.0,0.10728,172.0,0.10729,19.0
1753520626454,09:03:46.454,AEVO/USDT:USDT,0.10724,172.0,0.10723,19.0,0.10728,172.0,0.10729,19.0
1753520626642,09:03:46.642,AEVO/USDT:USDT,0.10724,172.0,0.10723,19.0,0.10728,172.0,0.10729,19.0
1753520626723,09:03:46.723,AEVO/USDT:USDT,0.10724,172.0,0.10723,19.0,0.10728,172.0,0.10729,19.0
1753520626927,09:03:46.927,AEVO/USDT:USDT,0.10724,172.0,0.10723,19.0,0.10728,172.0,0.10729,19.0
1753520627027,09:03:47.027,AEVO/USDT:USDT,0.10724,172.0,0.10723,19.0,0.10728,172.0,0.10729,19.0
1753520627122,09:03:47.122,AEVO/USDT:USDT,0.10724,172.0,0.10723,19.0,0.10728,172.0,0.10729,19.0
1753520628194,09:03:48.194,AEVO/USDT:USDT,0.10724,172.0,0.10723,19.0,0.10728,172.0,0.10729,19.0
1753520628458,09:03:48.458,AEVO/USDT:USDT,0.10724,172.0,0.10723,19.0,0.10728,172.0,0.10729,19.0
1753520628659,09:03:48.659,AEVO/USDT:USDT,0.10724,172.0,0.10723,19.0,0.10728,172.0,0.10729,19.0
1753520628959,09:03:48.959,AEVO/USDT:USDT,0.10724,172.0,0.10723,19.0,0.10728,172.0,0.10729,19.0
1753520629659,09:03:49.659,AEVO/USDT:USDT,0.10724,172.0,0.10723,19.0,0.10728,172.0,0.10729,191.0
1753520629743,09:03:49.743,AEVO/USDT:USDT,0.10724,172.0,0.10723,19.0,0.10728,172.0,0.10729,191.0
1753520629825,09:03:49.825,AEVO/USDT:USDT,0.10724,172.0,0.10723,19.0,0.10728,172.0,0.10729,19.0
1753520630514,09:03:50.514,AEVO/USDT:USDT,0.10724,172.0,0.10723,19.0,0.10728,172.0,0.10729,19.0
1753520630902,09:03:50.902,AEVO/USDT:USDT,0.10724,172.0,0.10723,19.0,0.10728,172.0,0.10729,19.0
1753520631059,09:03:51.059,AEVO/USDT:USDT,0.10724,172.0,0.10723,19.0,0.10728,172.0,0.10729,19.0
1753520631208,09:03:51.208,AEVO/USDT:USDT,0.10724,172.0,0.10723,19.0,0.10728,172.0,0.10729,19.0
1753520631469,09:03:51.469,AEVO/USDT:USDT,0.10724,172.0,0.10723,19.0,0.10728,172.0,0.10729,19.0
1753520632045,09:03:52.045,AEVO/USDT:USDT,0.10724,172.0,0.10723,19.0,0.10728,172.0,0.10729,19.0
1753520632535,09:03:52.535,AEVO/USDT:USDT,0.10724,172.0,0.10723,19.0,0.10728,172.0,0.10729,191.0
1753520632687,09:03:52.687,AEVO/USDT:USDT,0.10724,172.0,0.10723,19.0,0.10728,172.0,0.10729,19.0
1753520633084,09:03:53.084,AEVO/USDT:USDT,0.10724,172.0,0.10723,19.0,0.10728,172.0,0.10729,19.0
1753520633385,09:03:53.385,AEVO/USDT:USDT,0.10724,172.0,0.10723,19.0,0.10728,172.0,0.10729,19.0
1753520635106,09:03:55.106,AEVO/USDT:USDT,0.10724,172.0,0.10723,19.0,0.10728,172.0,0.10729,19.0
1753520636945,09:03:56.945,AEVO/USDT:USDT,0.10724,172.0,0.10723,19.0,0.10728,172.0,0.10729,19.0
1753520637846,09:03:57.846,AEVO/USDT:USDT,0.10724,172.0,0.10723,19.0,0.10728,172.0,0.10729,191.0
1753520637897,09:03:57.897,AEVO/USDT:USDT,0.10724,172.0,0.10723,19.0,0.10729,2815.0,0.10731,172.0
1753520637996,09:03:57.996,AEVO/USDT:USDT,0.10724,172.0,0.10722,191.0,0.10728,251.0,0.10729,19.0
1753520638070,09:03:58.070,AEVO/USDT:USDT,0.10724,172.0,0.10722,191.0,0.10728,172.0,0.10729,19.0
1753520638191,09:03:58.191,AEVO/USDT:USDT,0.10724,172.0,0.10722,191.0,0.10728,172.0,0.10729,19.0
1753520639160,09:03:59.160,AEVO/USDT:USDT,0.1072,172.0,0.10719,10.0,0.10729,2815.0,0.10731,172.0
1753520639195,09:03:59.195,AEVO/USDT:USDT,0.1072,172.0,0.10719,10.0,0.10727,172.0,0.10728,79.0
1753520639611,09:03:59.611,AEVO/USDT:USDT,0.1072,172.0,0.10719,10.0,0.10727,172.0,0.10728,79.0
1753520639689,09:03:59.689,AEVO/USDT:USDT,0.1072,172.0,0.10719,10.0,0.10731,172.0,0.10735,579.0
1753520640010,09:04:00.010,AEVO/USDT:USDT,0.1072,172.0,0.10719,10.0,0.10731,172.0,0.10735,579.0
1753520640292,09:04:00.292,AEVO/USDT:USDT,0.1072,172.0,0.10719,10.0,0.1073,173.0,0.10731,2796.0
1753520640425,09:04:00.425,AEVO/USDT:USDT,0.1072,172.0,0.10719,10.0,0.10729,173.0,0.1073,79.0
1753520640476,09:04:00.476,AEVO/USDT:USDT,0.1072,172.0,0.10719,10.0,0.10729,173.0,0.1073,79.0
1753520640582,09:04:00.582,AEVO/USDT:USDT,0.1072,172.0,0.10719,10.0,0.10729,173.0,0.1073,79.0
1753520640840,09:04:00.840,AEVO/USDT:USDT,0.1072,172.0,0.10719,10.0,0.10729,173.0,0.1073,79.0
1753520642981,09:04:02.981,AEVO/USDT:USDT,0.1072,172.0,0.10719,10.0,0.10729,173.0,0.1073,79.0
1753520643268,09:04:03.268,AEVO/USDT:USDT,0.1072,172.0,0.10719,10.0,0.10729,173.0,0.1073,79.0
1753520643848,09:04:03.848,AEVO/USDT:USDT,0.1072,172.0,0.10719,10.0,0.10729,173.0,0.1073,79.0
1753520644266,09:04:04.266,AEVO/USDT:USDT,0.1072,172.0,0.10719,10.0,0.10729,173.0,0.1073,79.0
1753520645579,09:04:05.579,AEVO/USDT:USDT,0.1072,172.0,0.10719,10.0,0.10729,173.0,0.1073,79.0
1753520646008,09:04:06.008,AEVO/USDT:USDT,0.1072,172.0,0.10719,10.0,0.10729,173.0,0.1073,79.0
1753520647013,09:04:07.013,AEVO/USDT:USDT,0.1072,172.0,0.10719,10.0,0.10729,173.0,0.1073,79.0
1753520647791,09:04:07.791,AEVO/USDT:USDT,0.1072,172.0,0.10719,10.0,0.10729,173.0,0.1073,79.0
1753520652581,09:04:12.581,AEVO/USDT:USDT,0.1072,172.0,0.10719,10.0,0.10729,173.0,0.1073,79.0
1753520652937,09:04:12.937,AEVO/USDT:USDT,0.1072,172.0,0.10719,10.0,0.10729,173.0,0.1073,79.0
1753520654159,09:04:14.159,AEVO/USDT:USDT,0.1072,172.0,0.10719,10.0,0.10729,173.0,0.1073,79.0
1753520654184,09:04:14.184,AEVO/USDT:USDT,0.1072,172.0,0.10719,10.0,0.10729,173.0,0.1073,79.0
1753520654828,09:04:14.828,AEVO/USDT:USDT,0.1072,172.0,0.10719,10.0,0.10728,173.0,0.10729,2796.0
1753520654947,09:04:14.947,AEVO/USDT:USDT,0.10722,173.0,0.10721,19.0,0.10726,173.0,0.10727,38.0
1753520654975,09:04:14.975,AEVO/USDT:USDT,0.10722,173.0,0.10721,19.0,0.10726,173.0,0.10727,38.0
1753520655496,09:04:15.496,AEVO/USDT:USDT,0.10722,173.0,0.10721,19.0,0.10726,173.0,0.10735,579.0
1753520655659,09:04:15.659,AEVO/USDT:USDT,0.10722,173.0,0.10721,19.0,0.10726,173.0,0.10727,38.0
1753520655806,09:04:15.806,AEVO/USDT:USDT,0.10721,173.0,0.1072,38.0,0.10726,173.0,0.10727,38.0
1753520655870,09:04:15.870,AEVO/USDT:USDT,0.10721,173.0,0.1072,38.0,0.10726,173.0,0.10727,38.0
1753520656674,09:04:16.674,AEVO/USDT:USDT,0.10721,173.0,0.1072,38.0,0.10726,173.0,0.10727,38.0
1753520657011,09:04:17.011,AEVO/USDT:USDT,0.10721,173.0,0.1072,38.0,0.10726,173.0,0.10727,38.0
1753520657185,09:04:17.185,AEVO/USDT:USDT,0.10721,173.0,0.1072,38.0,0.10726,173.0,0.10727,38.0
1753520657447,09:04:17.447,AEVO/USDT:USDT,0.10721,173.0,0.1072,19.0,0.10726,173.0,0.10727,38.0
1753520658176,09:04:18.176,AEVO/USDT:USDT,0.10721,173.0,0.1072,19.0,0.10726,173.0,0.10727,38.0
1753520658956,09:04:18.956,AEVO/USDT:USDT,0.10722,173.0,0.10721,19.0,0.10726,173.0,0.10727,19.0
1753520659453,09:04:19.453,AEVO/USDT:USDT,0.10722,192.0,0.10721,38.0,0.10726,173.0,0.10735,579.0
1753520659507,09:04:19.507,AEVO/USDT:USDT,0.10722,173.0,0.10721,19.0,0.10725,173.0,0.10726,19.0
1753520659659,09:04:19.659,AEVO/USDT:USDT,0.10722,173.0,0.10721,38.0,0.10726,192.0,0.10727,211.0
1753520659710,09:04:19.710,AEVO/USDT:USDT,0.10722,173.0,0.10721,38.0,0.10726,19.0,0.10727,192.0
1753520659826,09:04:19.826,AEVO/USDT:USDT,0.10722,173.0,0.10721,38.0,0.10726,173.0,0.10735,579.0
1753520659866,09:04:19.866,AEVO/USDT:USDT,0.10722,173.0,0.10721,38.0,0.10726,173.0,0.10727,19.0
1753520660441,09:04:20.441,AEVO/USDT:USDT,0.10722,173.0,0.10721,38.0,0.10726,173.0,0.10735,579.0
1753520660810,09:04:20.810,AEVO/USDT:USDT,0.10722,173.0,0.10721,38.0,0.10726,173.0,0.10735,579.0
1753520661005,09:04:21.005,AEVO/USDT:USDT,0.10722,173.0,0.10721,38.0,0.10726,173.0,0.10735,579.0
1753520661247,09:04:21.247,AEVO/USDT:USDT,0.10723,191.0,0.10722,19.0,0.10728,172.0,0.10735,579.0
1753520661269,09:04:21.269,AEVO/USDT:USDT,0.10724,172.0,0.10723,19.0,0.10728,172.0,0.10729,19.0
1753520661460,09:04:21.460,AEVO/USDT:USDT,0.10724,172.0,0.10723,19.0,0.10728,172.0,0.10729,19.0
1753520662186,09:04:22.186,AEVO/USDT:USDT,0.10724,172.0,0.10723,19.0,0.10728,172.0,0.10729,19.0
1753520662277,09:04:22.277,AEVO/USDT:USDT,0.10724,172.0,0.10723,19.0,0.10728,172.0,0.10729,19.0
1753520663653,09:04:23.653,AEVO/USDT:USDT,0.10721,172.0,0.10719,10.0,0.10728,191.0,0.10729,19.0
1753520663706,09:04:23.706,AEVO/USDT:USDT,0.10722,172.0,0.10721,191.0,0.10726,172.0,0.10727,19.0
1753520663857,09:04:23.857,AEVO/USDT:USDT,0.10722,172.0,0.10721,38.0,0.10726,172.0,0.10727,19.0
1753520663898,09:04:23.898,AEVO/USDT:USDT,0.10722,172.0,0.10721,38.0,0.10726,172.0,0.10727,19.0
1753520664400,09:04:24.400,AEVO/USDT:USDT,0.10722,172.0,0.10719,9.0,0.10726,191.0,0.10727,38.0
1753520664479,09:04:24.479,AEVO/USDT:USDT,0.10722,172.0,0.10719,9.0,0.10726,191.0,0.10727,38.0
1753520664684,09:04:24.684,AEVO/USDT:USDT,0.10722,172.0,0.10721,38.0,0.10726,191.0,0.10727,38.0
1753520664770,09:04:24.770,AEVO/USDT:USDT,0.10722,172.0,0.10721,38.0,0.10726,191.0,0.10727,38.0
1753520664952,09:04:24.952,AEVO/USDT:USDT,0.10722,172.0,0.10721,38.0,0.10726,191.0,0.10727,38.0
1753520665128,09:04:25.128,AEVO/USDT:USDT,0.10722,172.0,0.10721,38.0,0.10725,172.0,0.10727,19.0
1753520665208,09:04:25.208,AEVO/USDT:USDT,0.10722,172.0,0.10721,38.0,0.10725,172.0,0.10727,19.0
1753520665389,09:04:25.389,AEVO/USDT:USDT,0.10722,172.0,0.10721,38.0,0.10727,172.0,0.10735,552.0
1753520665555,09:04:25.555,AEVO/USDT:USDT,0.10722,172.0,0.10721,38.0,0.10727,172.0,0.10735,552.0
1753520665989,09:04:25.989,AEVO/USDT:USDT,0.10722,172.0,0.10721,38.0,0.10727,172.0,0.10735,552.0
1753520666371,09:04:26.371,AEVO/USDT:USDT,0.10722,172.0,0.10721,38.0,0.10727,172.0,0.10735,552.0
1753520666754,09:04:26.754,AEVO/USDT:USDT,0.10722,172.0,0.10721,38.0,0.10726,172.0,0.10727,38.0
1753520666981,09:04:26.981,AEVO/USDT:USDT,0.10722,172.0,0.10721,38.0,0.10726,172.0,0.10727,38.0
1753520667363,09:04:27.363,AEVO/USDT:USDT,0.10722,172.0,0.10721,38.0,0.10726,172.0,0.10735,552.0
1753520667528,09:04:27.528,AEVO/USDT:USDT,0.10721,38.0,0.10719,9.0,0.10725,172.0,0.10726,19.0
1753520667650,09:04:27.650,AEVO/USDT:USDT,0.10722,172.0,0.10721,38.0,0.10725,172.0,0.10726,19.0
1753520668352,09:04:28.352,AEVO/USDT:USDT,0.10722,172.0,0.10721,38.0,0.10725,172.0,0.10735,552.0
1753520668518,09:04:28.518,AEVO/USDT:USDT,0.10722,172.0,0.10721,19.0,0.10727,172.0,0.10735,552.0
1753520668586,09:04:28.586,AEVO/USDT:USDT,0.10723,191.0,0.10722,38.0,0.10727,172.0,0.10735,552.0
1753520668873,09:04:28.873,AEVO/USDT:USDT,0.10723,191.0,0.10722,38.0,0.10727,172.0,0.10735,552.0
1753520669257,09:04:29.257,AEVO/USDT:USDT,0.10721,191.0,0.1072,19.0,0.10726,172.0,0.10728,19.0
1753520669306,09:04:29.306,AEVO/USDT:USDT,0.10722,172.0,0.10721,19.0,0.10726,191.0,0.10727,38.0
1753520669457,09:04:29.457,AEVO/USDT:USDT,0.10722,172.0,0.10721,19.0,0.10725,172.0,0.10726,191.0
1753520669556,09:04:29.556,AEVO/USDT:USDT,0.10722,172.0,0.10721,19.0,0.10726,172.0,0.10735,552.0
1753520669708,09:04:29.708,AEVO/USDT:USDT,0.10722,191.0,0.10721,38.0,0.10726,172.0,0.10735,552.0
1753520670361,09:04:30.361,AEVO/USDT:USDT,0.10723,172.0,0.10722,19.0,0.10726,172.0,0.10735,552.0
1753520670454,09:04:30.454,AEVO/USDT:USDT,0.10723,172.0,0.10721,19.0,0.10734,172.0,0.10735,552.0
1753520670526,09:04:30.526,AEVO/USDT:USDT,0.10723,172.0,0.10721,19.0,0.10734,172.0,0.10735,552.0
1753520670635,09:04:30.635,AEVO/USDT:USDT,0.10723,172.0,0.10721,19.0,0.10734,172.0,0.10735,552.0
1753520670948,09:04:30.948,AEVO/USDT:USDT,0.10723,172.0,0.10721,19.0,0.10734,172.0,0.10735,552.0
1753520671176,09:04:31.176,AEVO/USDT:USDT,0.10723,172.0,0.10721,19.0,0.10734,172.0,0.10735,552.0
1753520671782,09:04:31.782,AEVO/USDT:USDT,0.10723,172.0,0.10721,19.0,0.10734,172.0,0.10735,552.0
1753520672292,09:04:32.292,AEVO/USDT:USDT,0.10723,172.0,0.10721,19.0,0.10734,172.0,0.10735,552.0
1753520672507,09:04:32.507,AEVO/USDT:USDT,0.10723,172.0,0.10721,19.0,0.10734,172.0,0.10735,552.0
1753520672827,09:04:32.827,AEVO/USDT:USDT,0.10723,172.0,0.10721,19.0,0.10734,172.0,0.10735,552.0
1753520673017,09:04:33.017,AEVO/USDT:USDT,0.10723,172.0,0.10721,19.0,0.10734,172.0,0.10735,552.0
1753520674811,09:04:34.811,AEVO/USDT:USDT,0.10723,172.0,0.10719,9.0,0.10734,172.0,0.10735,552.0
1753520676584,09:04:36.584,AEVO/USDT:USDT,0.10723,172.0,0.10719,9.0,0.10734,172.0,0.10735,552.0
1753520677665,09:04:37.665,AEVO/USDT:USDT,0.10723,172.0,0.10719,9.0,0.10734,172.0,0.10735,552.0
1753520677963,09:04:37.963,AEVO/USDT:USDT,0.10723,172.0,0.10719,9.0,0.10734,172.0,0.10735,552.0
1753520678348,09:04:38.348,AEVO/USDT:USDT,0.10723,172.0,0.10719,9.0,0.10734,15458.0,0.10735,552.0
1753520678409,09:04:38.409,AEVO/USDT:USDT,0.10723,172.0,0.10719,9.0,0.10731,172.0,0.10732,2795.0
1753520678486,09:04:38.486,AEVO/USDT:USDT,0.10723,172.0,0.10719,9.0,0.1073,172.0,0.10731,52.0
1753520678600,09:04:38.600,AEVO/USDT:USDT,0.10723,172.0,0.10719,9.0,0.1073,172.0,0.10731,52.0
1753520679299,09:04:39.299,AEVO/USDT:USDT,0.10723,172.0,0.10719,9.0,0.10729,172.0,0.1073,191.0
1753520679452,09:04:39.452,AEVO/USDT:USDT,0.10723,172.0,0.10719,9.0,0.10729,172.0,0.1073,19.0
1753520680926,09:04:40.926,AEVO/USDT:USDT,0.10723,172.0,0.10722,19.0,0.10727,169.0,0.10728,19.0
1753520681040,09:04:41.040,AEVO/USDT:USDT,0.10723,172.0,0.10722,19.0,0.10727,169.0,0.10728,19.0
1753520681309,09:04:41.309,AEVO/USDT:USDT,0.10723,172.0,0.10722,19.0,0.10727,169.0,0.10728,19.0
1753520681382,09:04:41.382,AEVO/USDT:USDT,0.10723,172.0,0.10722,19.0,0.10727,169.0,0.10728,19.0
1753520681517,09:04:41.517,AEVO/USDT:USDT,0.10723,169.0,0.10722,19.0,0.10727,169.0,0.10728,19.0
1753520681589,09:04:41.589,AEVO/USDT:USDT,0.10723,169.0,0.10721,169.0,0.10727,169.0,0.10728,19.0
1753520681710,09:04:41.710,AEVO/USDT:USDT,0.10723,169.0,0.10721,169.0,0.10727,169.0,0.10728,19.0
1753520681862,09:04:41.862,AEVO/USDT:USDT,0.10722,169.0,0.10721,19.0,0.10727,169.0,0.10728,19.0
1753520681862,09:04:41.862,AEVO/USDT:USDT,0.10722,169.0,0.10721,19.0,0.10727,169.0,0.10728,19.0
1753520682307,09:04:42.307,AEVO/USDT:USDT,0.10723,169.0,0.10722,19.0,0.10727,169.0,0.10728,19.0
1753520682612,09:04:42.612,AEVO/USDT:USDT,0.10723,169.0,0.10722,19.0,0.10727,169.0,0.10728,19.0
1753520682678,09:04:42.678,AEVO/USDT:USDT,0.10723,169.0,0.10722,19.0,0.10727,169.0,0.10728,19.0
1753520682921,09:04:42.921,AEVO/USDT:USDT,0.10723,169.0,0.10722,19.0,0.10727,169.0,0.10728,19.0
1753520683111,09:04:43.111,AEVO/USDT:USDT,0.10723,169.0,0.10722,19.0,0.10727,169.0,0.10728,19.0
1753520683387,09:04:43.387,AEVO/USDT:USDT,0.10723,169.0,0.10722,19.0,0.10727,169.0,0.10728,19.0
1753520683578,09:04:43.578,AEVO/USDT:USDT,0.10723,169.0,0.10722,19.0,0.10727,169.0,0.10728,19.0
1753520684192,09:04:44.192,AEVO/USDT:USDT,0.10723,169.0,0.10721,19.0,0.10726,188.0,0.10727,38.0
1753520684296,09:04:44.296,AEVO/USDT:USDT,0.10723,169.0,0.10721,19.0,0.10726,188.0,0.10727,38.0
1753520684363,09:04:44.363,AEVO/USDT:USDT,0.10723,169.0,0.10721,19.0,0.10726,188.0,0.10727,38.0
1753520684797,09:04:44.797,AEVO/USDT:USDT,0.10723,169.0,0.10721,19.0,0.10726,169.0,0.10727,19.0
1753520685109,09:04:45.109,AEVO/USDT:USDT,0.10723,169.0,0.10721,19.0,0.10726,169.0,0.10727,19.0
1753520685686,09:04:45.686,AEVO/USDT:USDT,0.10723,169.0,0.10721,19.0,0.10727,188.0,0.10731,52.0
1753520685953,09:04:45.953,AEVO/USDT:USDT,0.10723,169.0,0.10721,19.0,0.10727,169.0,0.10731,52.0
1753520686161,09:04:46.161,AEVO/USDT:USDT,0.10723,169.0,0.10721,19.0,0.10731,52.0,0.10732,2795.0
1753520686182,09:04:46.182,AEVO/USDT:USDT,0.10723,169.0,0.10721,19.0,0.1073,169.0,0.10731,52.0
1753520686378,09:04:46.378,AEVO/USDT:USDT,0.10723,169.0,0.10721,19.0,0.1073,169.0,0.10731,52.0
1753520686498,09:04:46.498,AEVO/USDT:USDT,0.10723,169.0,0.10721,19.0,0.1073,169.0,0.10731,52.0
1753520686574,09:04:46.574,AEVO/USDT:USDT,0.10723,169.0,0.10721,19.0,0.1073,169.0,0.10732,52.0
1753520687409,09:04:47.409,AEVO/USDT:USDT,0.10723,169.0,0.10721,19.0,0.1073,169.0,0.10732,52.0
1753520687535,09:04:47.535,AEVO/USDT:USDT,0.10723,169.0,0.10721,19.0,0.1073,169.0,0.10732,52.0
1753520687653,09:04:47.653,AEVO/USDT:USDT,0.10723,169.0,0.10721,19.0,0.1073,169.0,0.10732,52.0
1753520687825,09:04:47.825,AEVO/USDT:USDT,0.10723,169.0,0.10721,19.0,0.1073,169.0,0.10732,52.0
1753520688049,09:04:48.049,AEVO/USDT:USDT,0.10723,169.0,0.10719,9.0,0.10728,169.0,0.10729,207.0
1753520688075,09:04:48.075,AEVO/USDT:USDT,0.10723,169.0,0.10719,9.0,0.10728,169.0,0.10729,259.0
1753520688231,09:04:48.231,AEVO/USDT:USDT,0.10723,169.0,0.10719,9.0,0.10728,169.0,0.10729,90.0
1753520688352,09:04:48.352,AEVO/USDT:USDT,0.10723,169.0,0.10719,9.0,0.10728,169.0,0.10729,90.0
1753520688397,09:04:48.397,AEVO/USDT:USDT,0.10723,169.0,0.10719,9.0,0.10728,169.0,0.10729,90.0
1753520688939,09:04:48.939,AEVO/USDT:USDT,0.10723,169.0,0.10719,9.0,0.10728,169.0,0.10729,90.0
1753520689180,09:04:49.180,AEVO/USDT:USDT,0.10723,169.0,0.10719,9.0,0.10728,169.0,0.10729,90.0
1753520689698,09:04:49.698,AEVO/USDT:USDT,0.10723,169.0,0.10719,9.0,0.10728,169.0,0.10729,90.0
1753520689923,09:04:49.923,AEVO/USDT:USDT,0.10723,169.0,0.10719,9.0,0.10728,169.0,0.10729,90.0
1753520690394,09:04:50.394,AEVO/USDT:USDT,0.10723,169.0,0.10719,9.0,0.10728,169.0,0.10729,90.0
1753520690982,09:04:50.982,AEVO/USDT:USDT,0.10723,169.0,0.10719,9.0,0.10728,169.0,0.10729,90.0
1753520691323,09:04:51.323,AEVO/USDT:USDT,0.1072,171.0,0.10719,9.0,0.10728,169.0,0.10729,90.0
1753520691370,09:04:51.370,AEVO/USDT:USDT,0.1072,171.0,0.10719,9.0,0.10728,169.0,0.10729,38.0
1753520691540,09:04:51.540,AEVO/USDT:USDT,0.1072,171.0,0.10719,9.0,0.10727,171.0,0.10728,2796.0
1753520691633,09:04:51.633,AEVO/USDT:USDT,0.1072,171.0,0.10719,9.0,0.10725,171.0,0.10726,38.0
1753520691669,09:04:51.669,AEVO/USDT:USDT,0.1072,171.0,0.10719,9.0,0.10725,171.0,0.10726,38.0
1753520692210,09:04:52.210,AEVO/USDT:USDT,0.1072,171.0,0.10719,9.0,0.10725,171.0,0.10726,38.0
1753520695831,09:04:55.831,AEVO/USDT:USDT,0.1072,171.0,0.10719,9.0,0.10725,171.0,0.10726,38.0
1753520695882,09:04:55.882,AEVO/USDT:USDT,0.1072,171.0,0.10719,9.0,0.10725,171.0,0.10726,38.0
1753520696053,09:04:56.053,AEVO/USDT:USDT,0.10721,171.0,0.1072,38.0,0.10725,171.0,0.10726,19.0
1753520696171,09:04:56.171,AEVO/USDT:USDT,0.10721,171.0,0.1072,38.0,0.10725,171.0,0.10726,38.0
1753520696439,09:04:56.439,AEVO/USDT:USDT,0.10721,171.0,0.1072,38.0,0.10725,171.0,0.10726,38.0
1753520697334,09:04:57.334,AEVO/USDT:USDT,0.10721,171.0,0.1072,38.0,0.10725,171.0,0.10726,38.0
1753520697497,09:04:57.497,AEVO/USDT:USDT,0.10721,171.0,0.1072,38.0,0.10725,171.0,0.10726,38.0
1753520698746,09:04:58.746,AEVO/USDT:USDT,0.10721,171.0,0.1072,38.0,0.10725,171.0,0.10726,38.0
1753520698767,09:04:58.767,AEVO/USDT:USDT,0.10721,171.0,0.1072,38.0,0.10725,171.0,0.10726,38.0
1753520698998,09:04:58.998,AEVO/USDT:USDT,0.10721,171.0,0.1072,38.0,0.10725,171.0,0.10726,38.0
1753520699264,09:04:59.264,AEVO/USDT:USDT,0.10721,171.0,0.1072,38.0,0.10725,171.0,0.10726,38.0
1753520700039,09:05:00.039,AEVO/USDT:USDT,0.10721,171.0,0.1072,19.0,0.10724,167.0,0.10725,2797.0
1753520700083,09:05:00.083,AEVO/USDT:USDT,0.10721,171.0,0.10719,9.0,0.10724,219.0,0.10726,38.0
1753520700170,09:05:00.170,AEVO/USDT:USDT,0.10721,171.0,0.10719,9.0,0.10724,167.0,0.10726,38.0
1753520700363,09:05:00.363,AEVO/USDT:USDT,0.1072,167.0,0.10719,28.0,0.10723,167.0,0.10724,19.0
1753520700526,09:05:00.526,AEVO/USDT:USDT,0.1072,167.0,0.10719,47.0,0.10723,167.0,0.10732,52.0
1753520700585,09:05:00.585,AEVO/USDT:USDT,0.1072,167.0,0.10719,47.0,0.10723,167.0,0.10732,52.0
1753520701287,09:05:01.287,AEVO/USDT:USDT,0.1072,167.0,0.10719,47.0,0.10723,167.0,0.10732,52.0
1753520701393,09:05:01.393,AEVO/USDT:USDT,0.1072,167.0,0.10719,28.0,0.10725,167.0,0.10732,52.0
1753520701750,09:05:01.750,AEVO/USDT:USDT,0.10721,167.0,0.1072,19.0,0.10724,167.0,0.10725,19.0
1753520701833,09:05:01.833,AEVO/USDT:USDT,0.10721,186.0,0.1072,38.0,0.10724,167.0,0.10732,52.0
1753520702304,09:05:02.304,AEVO/USDT:USDT,0.10721,186.0,0.1072,38.0,0.10724,167.0,0.10732,52.0
1753520702418,09:05:02.418,AEVO/USDT:USDT,0.10721,186.0,0.1072,38.0,0.10724,167.0,0.10732,52.0
1753520702522,09:05:02.522,AEVO/USDT:USDT,0.10721,186.0,0.1072,38.0,0.10724,167.0,0.10732,52.0
1753520702859,09:05:02.859,AEVO/USDT:USDT,0.10722,167.0,0.10721,19.0,0.10726,167.0,0.10727,38.0
1753520702962,09:05:02.962,AEVO/USDT:USDT,0.10722,167.0,0.10721,19.0,0.10726,167.0,0.10727,19.0
1753520702964,09:05:02.964,AEVO/USDT:USDT,0.10722,186.0,0.10721,38.0,0.10726,167.0,0.10732,52.0
1753520703554,09:05:03.554,AEVO/USDT:USDT,0.10722,186.0,0.10721,38.0,0.10725,167.0,0.10726,167.0
1753520703658,09:05:03.658,AEVO/USDT:USDT,0.10722,186.0,0.10721,38.0,0.10725,167.0,0.10727,19.0
1753520703758,09:05:03.758,AEVO/USDT:USDT,0.10722,186.0,0.10721,38.0,0.10725,167.0,0.10727,19.0
1753520703953,09:05:03.953,AEVO/USDT:USDT,0.1072,167.0,0.10719,9.0,0.10725,186.0,0.10726,38.0
1753520704012,09:05:04.012,AEVO/USDT:USDT,0.1072,167.0,0.10719,47.0,0.10724,167.0,0.10725,19.0
1753520704173,09:05:04.173,AEVO/USDT:USDT,0.1072,167.0,0.10719,47.0,0.10724,167.0,0.10725,19.0
1753520704989,09:05:04.989,AEVO/USDT:USDT,0.1072,167.0,0.10719,47.0,0.10724,167.0,0.10725,19.0
1753520705254,09:05:05.254,AEVO/USDT:USDT,0.10719,195.0,0.10718,1880.0,0.10724,167.0,0.10725,19.0
1753520705350,09:05:05.350,AEVO/USDT:USDT,0.10719,9.0,0.10717,167.0,0.10722,167.0,0.10723,19.0
1753520705441,09:05:05.441,AEVO/USDT:USDT,0.10717,167.0,0.10714,9.0,0.10722,167.0,0.10723,19.0
1753520705529,09:05:05.529,AEVO/USDT:USDT,0.10717,167.0,0.10714,9.0,0.10722,167.0,0.10723,19.0
1753520705655,09:05:05.655,AEVO/USDT:USDT,0.10715,167.0,0.10714,9.0,0.10722,167.0,0.10732,552.0
1753520705761,09:05:05.761,AEVO/USDT:USDT,0.10713,167.0,0.10712,9.0,0.10722,167.0,0.10732,2015.0
1753520705825,09:05:05.825,AEVO/USDT:USDT,0.10713,167.0,0.10712,9.0,0.10722,167.0,0.10732,2015.0
1753520705929,09:05:05.929,AEVO/USDT:USDT,0.10713,167.0,0.10712,9.0,0.10722,167.0,0.10731,1505.0
1753520706045,09:05:06.045,AEVO/USDT:USDT,0.10713,167.0,0.10712,9.0,0.10722,167.0,0.1073,1932.0
1753520706248,09:05:06.248,AEVO/USDT:USDT,0.10713,167.0,0.10712,9.0,0.10722,167.0,0.1073,1932.0
1753520706346,09:05:06.346,AEVO/USDT:USDT,0.10713,167.0,0.10712,9.0,0.10722,167.0,0.1073,1932.0
1753520706725,09:05:06.725,AEVO/USDT:USDT,0.10713,167.0,0.10712,9.0,0.10722,167.0,0.1073,1932.0
1753520706841,09:05:06.841,AEVO/USDT:USDT,0.10713,167.0,0.10712,9.0,0.10722,167.0,0.1073,1932.0
1753520706960,09:05:06.960,AEVO/USDT:USDT,0.10713,167.0,0.10712,176.0,0.1072,186.0,0.10721,19.0
1753520707004,09:05:07.004,AEVO/USDT:USDT,0.10713,186.0,0.10712,176.0,0.10719,167.0,0.1072,19.0
1753520707100,09:05:07.100,AEVO/USDT:USDT,0.10713,186.0,0.10712,9.0,0.10719,167.0,0.1072,19.0
1753520707505,09:05:07.505,AEVO/USDT:USDT,0.10714,167.0,0.10713,186.0,0.10719,167.0,0.1072,19.0
1753520707661,09:05:07.661,AEVO/USDT:USDT,0.10714,167.0,0.10713,19.0,0.10719,167.0,0.1072,19.0
1753520707665,09:05:07.665,AEVO/USDT:USDT,0.10714,167.0,0.10713,19.0,0.10719,167.0,0.1072,19.0
1753520707818,09:05:07.818,AEVO/USDT:USDT,0.10714,167.0,0.10713,19.0,0.10719,167.0,0.1072,19.0
1753520707907,09:05:07.907,AEVO/USDT:USDT,0.10714,167.0,0.10713,19.0,0.10719,167.0,0.1072,19.0
1753520708056,09:05:08.056,AEVO/USDT:USDT,0.10713,167.0,0.10709,169.0,0.10719,186.0,0.1072,19.0
1753520708112,09:05:08.112,AEVO/USDT:USDT,0.10713,167.0,0.10712,19.0,0.10717,167.0,0.10718,19.0
1753520708324,09:05:08.324,AEVO/USDT:USDT,0.10713,167.0,0.10712,19.0,0.10717,167.0,0.10718,19.0
1753520708615,09:05:08.615,AEVO/USDT:USDT,0.10713,167.0,0.10712,19.0,0.10717,167.0,0.10729,500.0
1753520708723,09:05:08.723,AEVO/USDT:USDT,0.10713,167.0,0.10712,38.0,0.10717,167.0,0.10729,500.0
1753520708852,09:05:08.852,AEVO/USDT:USDT,0.10713,167.0,0.10712,38.0,0.10717,167.0,0.10729,667.0
1753520709004,09:05:09.004,AEVO/USDT:USDT,0.10713,167.0,0.10712,38.0,0.10717,167.0,0.10729,667.0
1753520709140,09:05:09.140,AEVO/USDT:USDT,0.10713,167.0,0.10712,38.0,0.10717,167.0,0.10729,667.0
1753520709347,09:05:09.347,AEVO/USDT:USDT,0.10713,167.0,0.10712,38.0,0.10717,167.0,0.10729,667.0
1753520709379,09:05:09.379,AEVO/USDT:USDT,0.10713,167.0,0.10712,38.0,0.10717,167.0,0.10729,667.0
1753520709556,09:05:09.556,AEVO/USDT:USDT,0.10713,167.0,0.10712,38.0,0.10717,167.0,0.10729,667.0
1753520709627,09:05:09.627,AEVO/USDT:USDT,0.10713,167.0,0.10712,19.0,0.10717,167.0,0.10729,667.0
1753520709760,09:05:09.760,AEVO/USDT:USDT,0.10713,167.0,0.10712,38.0,0.10717,167.0,0.10729,667.0
1753520709974,09:05:09.974,AEVO/USDT:USDT,0.10713,167.0,0.10712,38.0,0.10717,167.0,0.10729,667.0
1753520710205,09:05:10.205,AEVO/USDT:USDT,0.10713,167.0,0.10712,38.0,0.10717,167.0,0.10729,667.0
1753520711013,09:05:11.013,AEVO/USDT:USDT,0.10713,167.0,0.10712,38.0,0.10717,167.0,0.10729,667.0
1753520712022,09:05:12.022,AEVO/USDT:USDT,0.10713,167.0,0.10712,38.0,0.10717,167.0,0.10718,19.0
1753520712325,09:05:12.325,AEVO/USDT:USDT,0.10712,169.0,0.10709,169.0,0.10717,167.0,0.10718,38.0
1753520712443,09:05:12.443,AEVO/USDT:USDT,0.10709,169.0,0.10706,9.0,0.10717,167.0,0.10718,19.0
1753520712492,09:05:12.492,AEVO/USDT:USDT,0.10709,169.0,0.10706,9.0,0.10717,167.0,0.10718,19.0
1753520712834,09:05:12.834,AEVO/USDT:USDT,0.10709,169.0,0.10706,9.0,0.10717,167.0,0.10718,19.0
1753520712893,09:05:12.893,AEVO/USDT:USDT,0.10709,169.0,0.10706,9.0,0.10717,167.0,0.10718,19.0
1753520713148,09:05:13.148,AEVO/USDT:USDT,0.10707,169.0,0.10706,9.0,0.10717,167.0,0.10718,19.0
1753520713262,09:05:13.262,AEVO/USDT:USDT,0.10703,169.0,0.10702,1880.0,0.10717,167.0,0.10718,19.0
1753520713349,09:05:13.349,AEVO/USDT:USDT,0.10704,169.0,0.10703,9.0,0.10717,167.0,0.10718,19.0
1753520713448,09:05:13.448,AEVO/USDT:USDT,0.10704,169.0,0.10701,169.0,0.10717,167.0,0.10718,19.0
1753520713506,09:05:13.506,AEVO/USDT:USDT,0.10704,169.0,0.10703,1880.0,0.10717,167.0,0.10718,19.0
1753520713645,09:05:13.645,AEVO/USDT:USDT,0.10705,169.0,0.10704,9.0,0.10717,167.0,0.10718,19.0
1753520713697,09:05:13.697,AEVO/USDT:USDT,0.10705,169.0,0.10704,9.0,0.10717,167.0,0.10718,19.0
1753520713868,09:05:13.868,AEVO/USDT:USDT,0.10705,169.0,0.10704,9.0,0.10717,167.0,0.10718,19.0
1753520714004,09:05:14.004,AEVO/USDT:USDT,0.10705,169.0,0.10704,9.0,0.10717,167.0,0.10718,19.0
1753520714359,09:05:14.359,AEVO/USDT:USDT,0.10705,169.0,0.10704,9.0,0.10716,169.0,0.10717,2799.0
1753520714445,09:05:14.445,AEVO/USDT:USDT,0.10705,169.0,0.10704,9.0,0.10715,169.0,0.10716,52.0
1753520714522,09:05:14.522,AEVO/USDT:USDT,0.10705,169.0,0.10704,9.0,0.10715,169.0,0.10716,52.0
1753520714652,09:05:14.652,AEVO/USDT:USDT,0.10705,169.0,0.10704,9.0,0.10715,169.0,0.10716,52.0
1753520714665,09:05:14.665,AEVO/USDT:USDT,0.10705,169.0,0.10704,9.0,0.10715,169.0,0.10716,52.0
1753520714986,09:05:14.986,AEVO/USDT:USDT,0.10705,169.0,0.10704,9.0,0.10715,169.0,0.10716,52.0
1753520715084,09:05:15.084,AEVO/USDT:USDT,0.10705,169.0,0.10704,9.0,0.10715,169.0,0.10716,52.0
1753520715340,09:05:15.340,AEVO/USDT:USDT,0.10705,169.0,0.10704,9.0,0.10715,169.0,0.10716,52.0
1753520715424,09:05:15.424,AEVO/USDT:USDT,0.10705,169.0,0.10704,9.0,0.10715,169.0,0.10716,52.0
1753520715761,09:05:15.761,AEVO/USDT:USDT,0.10705,169.0,0.10704,9.0,0.10715,169.0,0.10716,52.0
1753520716007,09:05:16.007,AEVO/USDT:USDT,0.10705,169.0,0.10704,9.0,0.10715,169.0,0.10716,52.0
1753520716183,09:05:16.183,AEVO/USDT:USDT,0.10705,169.0,0.10704,9.0,0.10715,169.0,0.10716,52.0
1753520717000,09:05:17.000,AEVO/USDT:USDT,0.10705,169.0,0.10704,9.0,0.10715,169.0,0.10716,52.0
1753520717448,09:05:17.448,AEVO/USDT:USDT,0.10705,169.0,0.10704,9.0,0.10715,169.0,0.10716,52.0
1753520717711,09:05:17.711,AEVO/USDT:USDT,0.10705,169.0,0.10704,9.0,0.10715,169.0,0.10716,52.0
1753520718245,09:05:18.245,AEVO/USDT:USDT,0.10705,169.0,0.10704,9.0,0.10715,169.0,0.10716,52.0
1753520718362,09:05:18.362,AEVO/USDT:USDT,0.10703,169.0,0.10702,1880.0,0.10714,169.0,0.10715,2800.0
1753520718425,09:05:18.425,AEVO/USDT:USDT,0.10704,169.0,0.10703,9.0,0.10711,169.0,0.10712,188.0
1753520718530,09:05:18.530,AEVO/USDT:USDT,0.10704,169.0,0.10703,9.0,0.10711,169.0,0.10712,188.0
1753520718659,09:05:18.659,AEVO/USDT:USDT,0.10703,178.0,0.10702,1880.0,0.10711,169.0,0.10712,19.0
1753520718760,09:05:18.760,AEVO/USDT:USDT,0.10703,9.0,0.10701,169.0,0.10711,169.0,0.10712,19.0
1753520718834,09:05:18.834,AEVO/USDT:USDT,0.10697,171.0,0.10696,10.0,0.10711,169.0,0.10712,19.0
1753520718903,09:05:18.903,AEVO/USDT:USDT,0.10697,171.0,0.10696,10.0,0.10711,169.0,0.10712,19.0
1753520719040,09:05:19.040,AEVO/USDT:USDT,0.10697,171.0,0.10696,10.0,0.10711,169.0,0.10712,19.0
1753520719543,09:05:19.543,AEVO/USDT:USDT,0.10697,171.0,0.10696,10.0,0.10711,169.0,0.10712,19.0
1753520719700,09:05:19.700,AEVO/USDT:USDT,0.10697,171.0,0.10696,10.0,0.10711,169.0,0.10712,19.0
1753520719783,09:05:19.783,AEVO/USDT:USDT,0.10697,171.0,0.10696,10.0,0.10711,169.0,0.10712,19.0
1753520719946,09:05:19.946,AEVO/USDT:USDT,0.10697,171.0,0.10696,10.0,0.10711,169.0,0.10712,19.0
1753520720029,09:05:20.029,AEVO/USDT:USDT,0.10697,171.0,0.10696,10.0,0.10711,169.0,0.10712,19.0
1753520720265,09:05:20.265,AEVO/USDT:USDT,0.10697,171.0,0.10696,10.0,0.10711,169.0,0.10712,19.0
1753520720377,09:05:20.377,AEVO/USDT:USDT,0.10697,171.0,0.10696,10.0,0.10711,169.0,0.10712,19.0
1753520720599,09:05:20.599,AEVO/USDT:USDT,0.10697,171.0,0.10696,10.0,0.10711,169.0,0.10712,19.0
1753520720816,09:05:20.816,AEVO/USDT:USDT,0.10697,171.0,0.10696,10.0,0.10711,169.0,0.10712,19.0
1753520720868,09:05:20.868,AEVO/USDT:USDT,0.10697,171.0,0.10696,10.0,0.10711,169.0,0.10712,19.0
1753520721016,09:05:21.016,AEVO/USDT:USDT,0.10697,171.0,0.10696,10.0,0.10711,169.0,0.10712,19.0
1753520721093,09:05:21.093,AEVO/USDT:USDT,0.10697,171.0,0.10696,10.0,0.10711,169.0,0.10712,19.0
1753520721229,09:05:21.229,AEVO/USDT:USDT,0.10697,171.0,0.10696,10.0,0.10711,169.0,0.10712,19.0
1753520721363,09:05:21.363,AEVO/USDT:USDT,0.10697,171.0,0.10696,10.0,0.10711,169.0,0.10712,19.0
1753520721379,09:05:21.379,AEVO/USDT:USDT,0.10697,171.0,0.10696,10.0,0.10711,169.0,0.10712,19.0
1753520721531,09:05:21.531,AEVO/USDT:USDT,0.10697,171.0,0.10696,10.0,0.1071,172.0,0.10712,19.0
1753520721740,09:05:21.740,AEVO/USDT:USDT,0.10697,171.0,0.10696,10.0,0.1071,172.0,0.10712,19.0
1753520722321,09:05:22.321,AEVO/USDT:USDT,0.10697,171.0,0.10696,10.0,0.1071,172.0,0.10712,19.0
1753520722502,09:05:22.502,AEVO/USDT:USDT,0.10697,171.0,0.10696,10.0,0.1071,172.0,0.10712,19.0
1753520723139,09:05:23.139,AEVO/USDT:USDT,0.10697,171.0,0.10696,10.0,0.1071,172.0,0.10712,19.0
1753520723306,09:05:23.306,AEVO/USDT:USDT,0.10697,171.0,0.10696,10.0,0.10709,172.0,0.1071,2973.0
1753520723440,09:05:23.440,AEVO/USDT:USDT,0.10697,171.0,0.10696,10.0,0.10708,172.0,0.10709,224.0
1753520723536,09:05:23.536,AEVO/USDT:USDT,0.10697,171.0,0.10696,10.0,0.10708,172.0,0.10709,52.0
1753520723608,09:05:23.608,AEVO/USDT:USDT,0.10697,171.0,0.10696,10.0,0.10708,172.0,0.10709,52.0
1753520724358,09:05:24.358,AEVO/USDT:USDT,0.10697,171.0,0.10696,10.0,0.10708,172.0,0.10709,52.0
1753520724808,09:05:24.808,AEVO/USDT:USDT,0.10697,171.0,0.10696,10.0,0.10708,172.0,0.10709,52.0
1753520725355,09:05:25.355,AEVO/USDT:USDT,0.10697,171.0,0.10696,10.0,0.10708,172.0,0.10709,52.0
1753520725703,09:05:25.703,AEVO/USDT:USDT,0.10697,171.0,0.10696,10.0,0.10708,172.0,0.10709,52.0
1753520725803,09:05:25.803,AEVO/USDT:USDT,0.10697,171.0,0.10696,10.0,0.10708,172.0,0.10709,52.0
1753520725870,09:05:25.870,AEVO/USDT:USDT,0.10697,171.0,0.10696,10.0,0.10708,172.0,0.10718,552.0
1753520726183,09:05:26.183,AEVO/USDT:USDT,0.10697,171.0,0.10696,10.0,0.10708,172.0,0.10718,552.0
1753520726379,09:05:26.379,AEVO/USDT:USDT,0.10697,171.0,0.10696,10.0,0.10708,172.0,0.10718,552.0
1753520727194,09:05:27.194,AEVO/USDT:USDT,0.10697,171.0,0.10696,10.0,0.10708,172.0,0.10718,552.0
1753520727682,09:05:27.682,AEVO/USDT:USDT,0.10697,171.0,0.10696,10.0,0.10708,172.0,0.10718,552.0
1753520728013,09:05:28.013,AEVO/USDT:USDT,0.10697,171.0,0.10696,10.0,0.10708,172.0,0.10718,552.0
1753520728960,09:05:28.960,AEVO/USDT:USDT,0.10683,170.0,0.10681,170.0,0.10699,1880.0,0.10703,172.0
1753520729063,09:05:29.063,AEVO/USDT:USDT,0.10682,1880.0,0.10681,170.0,0.10697,172.0,0.10698,57.0
1753520729147,09:05:29.147,AEVO/USDT:USDT,0.10682,1880.0,0.10681,170.0,0.10697,172.0,0.10698,57.0
1753520729263,09:05:29.263,AEVO/USDT:USDT,0.10682,1880.0,0.10681,170.0,0.10702,172.0,0.10703,2803.0
1753520729271,09:05:29.271,AEVO/USDT:USDT,0.10682,1880.0,0.10681,170.0,0.10701,172.0,0.10702,57.0
1753520729406,09:05:29.406,AEVO/USDT:USDT,0.10684,8201.0,0.10683,27338.0,0.10701,172.0,0.10702,57.0
1753520729547,09:05:29.547,AEVO/USDT:USDT,0.10684,8201.0,0.10682,1880.0,0.10701,172.0,0.10702,57.0
1753520729655,09:05:29.655,AEVO/USDT:USDT,0.10685,2116.0,0.10684,7054.0,0.10701,172.0,0.10702,57.0
1753520729725,09:05:29.725,AEVO/USDT:USDT,0.10685,2116.0,0.10684,7054.0,0.10701,172.0,0.10702,57.0
1753520729918,09:05:29.918,AEVO/USDT:USDT,0.10685,2135.0,0.10684,7054.0,0.10697,166.0,0.10698,19.0
1753520730052,09:05:30.052,AEVO/USDT:USDT,0.10685,2135.0,0.10684,7054.0,0.10697,166.0,0.10698,76.0
1753520730086,09:05:30.086,AEVO/USDT:USDT,0.10685,2135.0,0.10684,7073.0,0.10697,166.0,0.10698,76.0
1753520730380,09:05:30.380,AEVO/USDT:USDT,0.10685,2135.0,0.10684,7073.0,0.10697,166.0,0.10698,76.0
1753520730664,09:05:30.664,AEVO/USDT:USDT,0.10685,2135.0,0.10684,7073.0,0.10697,166.0,0.10698,76.0
1753520731045,09:05:31.045,AEVO/USDT:USDT,0.10685,2135.0,0.10684,7073.0,0.10697,166.0,0.10698,76.0
1753520731196,09:05:31.196,AEVO/USDT:USDT,0.10685,2135.0,0.10684,7073.0,0.10697,166.0,0.10698,57.0
1753520731353,09:05:31.353,AEVO/USDT:USDT,0.10685,2135.0,0.10684,7073.0,0.10701,172.0,0.10702,57.0
1753520731414,09:05:31.414,AEVO/USDT:USDT,0.10685,2135.0,0.10684,7073.0,0.10701,172.0,0.10704,57.0
1753520732125,09:05:32.125,AEVO/USDT:USDT,0.10685,2135.0,0.10684,7073.0,0.10701,172.0,0.10704,57.0
1753520732541,09:05:32.541,AEVO/USDT:USDT,0.10685,2137.0,0.10684,7073.0,0.10701,172.0,0.10704,57.0
1753520732634,09:05:32.634,AEVO/USDT:USDT,0.10685,2135.0,0.10684,7073.0,0.10701,172.0,0.10704,57.0
1753520732667,09:05:32.667,AEVO/USDT:USDT,0.10685,2135.0,0.10684,7073.0,0.10701,172.0,0.10704,57.0
1753520732862,09:05:32.862,AEVO/USDT:USDT,0.10685,2135.0,0.10684,7073.0,0.10701,172.0,0.10704,57.0
1753520732940,09:05:32.940,AEVO/USDT:USDT,0.10685,2135.0,0.10684,7073.0,0.10701,172.0,0.10704,57.0
1753520733091,09:05:33.091,AEVO/USDT:USDT,0.10685,2135.0,0.10684,7073.0,0.10701,172.0,0.10704,57.0
1753520733354,09:05:33.354,AEVO/USDT:USDT,0.10685,2135.0,0.10684,7073.0,0.10701,172.0,0.10704,57.0
1753520733588,09:05:33.588,AEVO/USDT:USDT,0.10685,2135.0,0.10684,7073.0,0.10701,172.0,0.10704,57.0
1753520734169,09:05:34.169,AEVO/USDT:USDT,0.10685,2135.0,0.10684,7073.0,0.10701,172.0,0.10704,57.0
1753520734750,09:05:34.750,AEVO/USDT:USDT,0.10685,2135.0,0.10684,7073.0,0.10701,172.0,0.10704,57.0
1753520736530,09:05:36.530,AEVO/USDT:USDT,0.10685,2135.0,0.10684,7073.0,0.10701,172.0,0.10704,57.0
1753520736647,09:05:36.647,AEVO/USDT:USDT,0.10685,2135.0,0.10684,7073.0,0.10701,172.0,0.10704,57.0
1753520736881,09:05:36.881,AEVO/USDT:USDT,0.10685,2135.0,0.10684,7073.0,0.10701,172.0,0.10704,57.0
1753520737243,09:05:37.243,AEVO/USDT:USDT,0.10685,2137.0,0.10684,7073.0,0.10701,172.0,0.10704,57.0
1753520737413,09:05:37.413,AEVO/USDT:USDT,0.10685,2137.0,0.10684,7073.0,0.10701,172.0,0.10704,57.0
1753520737634,09:05:37.634,AEVO/USDT:USDT,0.10685,2135.0,0.10684,7073.0,0.10701,172.0,0.10704,57.0
1753520738259,09:05:38.259,AEVO/USDT:USDT,0.10685,2137.0,0.10684,7073.0,0.10701,172.0,0.10704,57.0
1753520738389,09:05:38.389,AEVO/USDT:USDT,0.10685,2137.0,0.10684,7073.0,0.10701,172.0,0.10704,57.0
1753520738519,09:05:38.519,AEVO/USDT:USDT,0.10685,2137.0,0.10684,7073.0,0.10701,172.0,0.10704,57.0
1753520738633,09:05:38.633,AEVO/USDT:USDT,0.10685,2135.0,0.10684,7073.0,0.10701,172.0,0.10704,57.0
1753520738683,09:05:38.683,AEVO/USDT:USDT,0.10685,2135.0,0.10684,7073.0,0.10701,172.0,0.10704,57.0
1753520738935,09:05:38.935,AEVO/USDT:USDT,0.10685,2137.0,0.10684,7073.0,0.10701,172.0,0.10704,57.0
1753520739035,09:05:39.035,AEVO/USDT:USDT,0.10685,2135.0,0.10684,7073.0,0.10701,172.0,0.10704,57.0
1753520739064,09:05:39.064,AEVO/USDT:USDT,0.10685,2135.0,0.10684,7073.0,0.10701,172.0,0.10704,57.0
1753520739477,09:05:39.477,AEVO/USDT:USDT,0.10685,2135.0,0.10684,7073.0,0.10701,172.0,0.10704,57.0
1753520739953,09:05:39.953,AEVO/USDT:USDT,0.10685,2135.0,0.10684,7073.0,0.10701,172.0,0.10704,57.0
1753520740171,09:05:40.171,AEVO/USDT:USDT,0.10685,2135.0,0.10684,7073.0,0.10701,172.0,0.10704,57.0
1753520740480,09:05:40.480,AEVO/USDT:USDT,0.10685,2135.0,0.10684,7073.0,0.10701,172.0,0.10704,57.0
1753520740678,09:05:40.678,AEVO/USDT:USDT,0.10685,2135.0,0.10684,7073.0,0.10701,172.0,0.10704,57.0
1753520740950,09:05:40.950,AEVO/USDT:USDT,0.10685,2135.0,0.10684,7073.0,0.10701,172.0,0.10704,57.0
1753520741087,09:05:41.087,AEVO/USDT:USDT,0.10685,2135.0,0.10684,7073.0,0.10701,172.0,0.10704,57.0
1753520741183,09:05:41.183,AEVO/USDT:USDT,0.10685,2135.0,0.10684,7073.0,0.10698,172.0,0.10699,1880.0
1753520741286,09:05:41.286,AEVO/USDT:USDT,0.10685,2135.0,0.10684,7073.0,0.10697,172.0,0.10698,57.0
1753520741448,09:05:41.448,AEVO/USDT:USDT,0.10685,2135.0,0.10684,7073.0,0.10697,172.0,0.10698,57.0
1753520741735,09:05:41.735,AEVO/USDT:USDT,0.10685,2135.0,0.10684,7073.0,0.10697,172.0,0.10698,57.0
1753520741990,09:05:41.990,AEVO/USDT:USDT,0.10685,2135.0,0.10684,7073.0,0.10697,172.0,0.10698,57.0
1753520743045,09:05:43.045,AEVO/USDT:USDT,0.10685,2135.0,0.10684,7073.0,0.10697,172.0,0.10698,57.0
1753520743114,09:05:43.114,AEVO/USDT:USDT,0.10685,2135.0,0.10684,7073.0,0.10697,172.0,0.10698,57.0
1753520743189,09:05:43.189,AEVO/USDT:USDT,0.10685,2135.0,0.10684,7073.0,0.10697,172.0,0.10698,57.0
1753520743373,09:05:43.373,AEVO/USDT:USDT,0.10685,2135.0,0.10684,7073.0,0.10697,172.0,0.10698,57.0
1753520744104,09:05:44.104,AEVO/USDT:USDT,0.10685,2135.0,0.10684,7073.0,0.10697,172.0,0.10698,57.0
1753520744332,09:05:44.332,AEVO/USDT:USDT,0.10685,2135.0,0.10684,7073.0,0.10697,172.0,0.10698,57.0
1753520744449,09:05:44.449,AEVO/USDT:USDT,0.10685,2135.0,0.10684,7073.0,0.10697,172.0,0.10698,57.0
1753520744750,09:05:44.750,AEVO/USDT:USDT,0.10685,2135.0,0.10684,7073.0,0.10697,172.0,0.10698,57.0
1753520745151,09:05:45.151,AEVO/USDT:USDT,0.10685,2135.0,0.10684,7073.0,0.10697,172.0,0.10698,57.0
1753520745622,09:05:45.622,AEVO/USDT:USDT,0.10685,2135.0,0.10684,7073.0,0.10697,172.0,0.10698,57.0
1753520746949,09:05:46.949,AEVO/USDT:USDT,0.10685,19.0,0.10684,7073.0,0.10697,172.0,0.10698,57.0
1753520747032,09:05:47.032,AEVO/USDT:USDT,0.10682,1880.0,0.10677,167.0,0.10684,1918.0,0.10697,172.0
1753520747158,09:05:47.158,AEVO/USDT:USDT,0.10677,167.0,0.10676,7054.0,0.10692,19.0,0.10693,19.0
1753520747230,09:05:47.230,AEVO/USDT:USDT,0.10674,170.0,0.10672,15281.0,0.10692,19.0,0.10693,19.0
1753520747318,09:05:47.318,AEVO/USDT:USDT,0.10678,172.0,0.10674,170.0,0.10692,19.0,0.10693,19.0
1753520747460,09:05:47.460,AEVO/USDT:USDT,0.10674,170.0,0.10673,4584.0,0.10683,172.0,0.10689,1880.0
1753520747559,09:05:47.559,AEVO/USDT:USDT,0.10674,189.0,0.10672,172.0,0.10682,172.0,0.10689,1880.0
1753520747660,09:05:47.660,AEVO/USDT:USDT,0.10674,19.0,0.10672,172.0,0.10682,172.0,0.10689,1880.0
1753520747760,09:05:47.760,AEVO/USDT:USDT,0.10675,172.0,0.10674,19.0,0.10682,172.0,0.10689,1880.0
1753520747858,09:05:47.858,AEVO/USDT:USDT,0.10675,172.0,0.10674,19.0,0.10684,172.0,0.10689,1880.0
1753520747953,09:05:47.953,AEVO/USDT:USDT,0.10675,172.0,0.10674,19.0,0.10684,172.0,0.10689,1880.0
1753520748062,09:05:48.062,AEVO/USDT:USDT,0.10675,172.0,0.10674,19.0,0.10684,172.0,0.10685,19.0
1753520748160,09:05:48.160,AEVO/USDT:USDT,0.10675,172.0,0.10674,19.0,0.10684,172.0,0.10685,19.0
1753520748248,09:05:48.248,AEVO/USDT:USDT,0.10675,172.0,0.10674,19.0,0.10684,172.0,0.10685,19.0
1753520748410,09:05:48.410,AEVO/USDT:USDT,0.10675,172.0,0.10674,19.0,0.10684,172.0,0.10685,19.0
1753520748514,09:05:48.514,AEVO/USDT:USDT,0.10675,172.0,0.10674,19.0,0.10684,172.0,0.10685,38.0
1753520748750,09:05:48.750,AEVO/USDT:USDT,0.10675,172.0,0.10674,19.0,0.10684,172.0,0.10685,38.0
1753520748952,09:05:48.952,AEVO/USDT:USDT,0.10675,172.0,0.10674,19.0,0.10684,172.0,0.10685,38.0
1753520749004,09:05:49.004,AEVO/USDT:USDT,0.10675,172.0,0.10674,19.0,0.10684,172.0,0.10685,38.0
1753520749334,09:05:49.334,AEVO/USDT:USDT,0.10675,172.0,0.10674,19.0,0.10684,172.0,0.10685,38.0
1753520749814,09:05:49.814,AEVO/USDT:USDT,0.10675,172.0,0.10674,19.0,0.10684,172.0,0.10685,38.0
1753520750045,09:05:50.045,AEVO/USDT:USDT,0.10675,172.0,0.10674,19.0,0.10684,172.0,0.10685,38.0
1753520750450,09:05:50.450,AEVO/USDT:USDT,0.10675,172.0,0.10674,19.0,0.10684,172.0,0.10685,38.0
1753520751005,09:05:51.005,AEVO/USDT:USDT,0.10675,172.0,0.10674,19.0,0.10684,172.0,0.10685,38.0
1753520751390,09:05:51.390,AEVO/USDT:USDT,0.10675,172.0,0.10674,19.0,0.10684,172.0,0.10685,38.0
1753520752146,09:05:52.146,AEVO/USDT:USDT,0.10675,172.0,0.10674,19.0,0.10684,172.0,0.10685,38.0
1753520752250,09:05:52.250,AEVO/USDT:USDT,0.10675,172.0,0.10674,19.0,0.10684,172.0,0.10685,38.0
1753520752437,09:05:52.437,AEVO/USDT:USDT,0.10675,172.0,0.10674,19.0,0.10684,172.0,0.10685,38.0
1753520752609,09:05:52.609,AEVO/USDT:USDT,0.10675,172.0,0.10674,19.0,0.10684,172.0,0.10685,38.0
1753520752924,09:05:52.924,AEVO/USDT:USDT,0.10675,172.0,0.10674,19.0,0.10684,172.0,0.10685,38.0
1753520753015,09:05:53.015,AEVO/USDT:USDT,0.10675,172.0,0.10674,19.0,0.10684,172.0,0.10685,38.0
1753520753121,09:05:53.121,AEVO/USDT:USDT,0.10675,172.0,0.10674,19.0,0.10684,172.0,0.10685,38.0
1753520753356,09:05:53.356,AEVO/USDT:USDT,0.10675,172.0,0.10674,19.0,0.10684,172.0,0.10685,38.0
1753520753463,09:05:53.463,AEVO/USDT:USDT,0.10675,172.0,0.10672,172.0,0.10684,172.0,0.10685,38.0
1753520753545,09:05:53.545,AEVO/USDT:USDT,0.10672,172.0,0.1067,1620.0,0.10684,172.0,0.10685,38.0
1753520753645,09:05:53.645,AEVO/USDT:USDT,0.10672,172.0,0.1067,1620.0,0.10684,172.0,0.10685,38.0
1753520753745,09:05:53.745,AEVO/USDT:USDT,0.10672,172.0,0.1067,1620.0,0.10684,172.0,0.10685,38.0
1753520754298,09:05:54.298,AEVO/USDT:USDT,0.10672,172.0,0.1067,1620.0,0.10684,172.0,0.10685,38.0
1753520754589,09:05:54.589,AEVO/USDT:USDT,0.10672,172.0,0.1067,1620.0,0.10684,172.0,0.10685,38.0
1753520755046,09:05:55.046,AEVO/USDT:USDT,0.10672,172.0,0.1067,1620.0,0.10684,172.0,0.10685,38.0
1753520755066,09:05:55.066,AEVO/USDT:USDT,0.10672,172.0,0.1067,1620.0,0.10684,172.0,0.10685,38.0
1753520755203,09:05:55.203,AEVO/USDT:USDT,0.10672,172.0,0.1067,1620.0,0.10684,172.0,0.10685,38.0
1753520755352,09:05:55.352,AEVO/USDT:USDT,0.10675,171.0,0.10674,2956.0,0.10684,172.0,0.10685,19.0
1753520755461,09:05:55.461,AEVO/USDT:USDT,0.10672,172.0,0.1067,1620.0,0.10683,171.0,0.10685,19.0
1753520755650,09:05:55.650,AEVO/USDT:USDT,0.10672,172.0,0.1067,1620.0,0.10683,171.0,0.10685,19.0
1753520755784,09:05:55.784,AEVO/USDT:USDT,0.10672,172.0,0.1067,1620.0,0.10683,171.0,0.10685,19.0
1753520756022,09:05:56.022,AEVO/USDT:USDT,0.10675,171.0,0.10674,2975.0,0.10683,171.0,0.10685,19.0
1753520756148,09:05:56.148,AEVO/USDT:USDT,0.10675,171.0,0.10674,19.0,0.10682,19.0,0.10683,190.0
1753520756260,09:05:56.260,AEVO/USDT:USDT,0.10675,171.0,0.10674,19.0,0.10682,19.0,0.10683,209.0
1753520756291,09:05:56.291,AEVO/USDT:USDT,0.10675,171.0,0.10674,19.0,0.10682,190.0,0.10683,38.0
1753520756454,09:05:56.454,AEVO/USDT:USDT,0.10675,171.0,0.10674,19.0,0.10682,190.0,0.10683,38.0
1753520756489,09:05:56.489,AEVO/USDT:USDT,0.10675,171.0,0.10674,19.0,0.10682,19.0,0.10683,209.0
1753520756635,09:05:56.635,AEVO/USDT:USDT,0.10675,171.0,0.10674,19.0,0.10681,171.0,0.10682,19.0
1753520756707,09:05:56.707,AEVO/USDT:USDT,0.10675,171.0,0.10674,19.0,0.10681,171.0,0.10682,19.0
1753520756856,09:05:56.856,AEVO/USDT:USDT,0.10675,171.0,0.10674,19.0,0.10682,19.0,0.10683,38.0
1753520756885,09:05:56.885,AEVO/USDT:USDT,0.10675,171.0,0.10674,19.0,0.10682,19.0,0.10683,19.0
1753520756980,09:05:56.980,AEVO/USDT:USDT,0.10675,171.0,0.10674,19.0,0.10682,19.0,0.10683,19.0
1753520757128,09:05:57.128,AEVO/USDT:USDT,0.10675,171.0,0.10674,19.0,0.10682,19.0,0.10683,19.0
1753520757195,09:05:57.195,AEVO/USDT:USDT,0.10675,171.0,0.10674,19.0,0.10682,19.0,0.10683,19.0
1753520757363,09:05:57.363,AEVO/USDT:USDT,0.10675,171.0,0.10674,38.0,0.10682,19.0,0.10683,19.0
1753520757366,09:05:57.366,AEVO/USDT:USDT,0.10675,171.0,0.10674,38.0,0.10684,171.0,0.10689,1880.0
1753520757542,09:05:57.542,AEVO/USDT:USDT,0.10675,171.0,0.10674,38.0,0.10684,171.0,0.10689,1880.0
1753520757679,09:05:57.679,AEVO/USDT:USDT,0.10675,171.0,0.10674,38.0,0.10684,171.0,0.10689,1880.0
1753520757930,09:05:57.930,AEVO/USDT:USDT,0.10675,171.0,0.10674,38.0,0.10682,171.0,0.10683,19.0
1753520758023,09:05:58.023,AEVO/USDT:USDT,0.10675,171.0,0.10674,38.0,0.10682,171.0,0.10683,19.0
1753520758187,09:05:58.187,AEVO/USDT:USDT,0.10675,171.0,0.10674,38.0,0.10682,171.0,0.10683,19.0
1753520758343,09:05:58.343,AEVO/USDT:USDT,0.10675,171.0,0.10674,38.0,0.10683,190.0,0.10684,19.0
1753520758445,09:05:58.445,AEVO/USDT:USDT,0.10675,171.0,0.10674,38.0,0.10682,171.0,0.10683,19.0
1753520758518,09:05:58.518,AEVO/USDT:USDT,0.10675,171.0,0.10674,38.0,0.10683,190.0,0.10684,190.0
1753520758591,09:05:58.591,AEVO/USDT:USDT,0.10675,171.0,0.10674,38.0,0.10683,19.0,0.10684,190.0
1753520758751,09:05:58.751,AEVO/USDT:USDT,0.10675,171.0,0.10674,38.0,0.10682,171.0,0.10683,19.0
1753520759389,09:05:59.389,AEVO/USDT:USDT,0.10675,171.0,0.10674,38.0,0.10682,171.0,0.10683,19.0
1753520759532,09:05:59.532,AEVO/USDT:USDT,0.10675,171.0,0.10674,38.0,0.10682,171.0,0.10683,19.0
1753520759858,09:05:59.858,AEVO/USDT:USDT,0.10675,171.0,0.10674,38.0,0.10683,190.0,0.10684,19.0
1753520759900,09:05:59.900,AEVO/USDT:USDT,0.10675,171.0,0.10674,38.0,0.10683,19.0,0.10684,19.0
1753520760044,09:06:00.044,AEVO/USDT:USDT,0.10675,171.0,0.10674,19.0,0.10682,171.0,0.10683,19.0
1753520760156,09:06:00.156,AEVO/USDT:USDT,0.10675,171.0,0.10674,19.0,0.10682,171.0,0.10683,19.0
1753520760227,09:06:00.227,AEVO/USDT:USDT,0.10675,171.0,0.10674,19.0,0.10682,171.0,0.10683,19.0
1753520760426,09:06:00.426,AEVO/USDT:USDT,0.10676,171.0,0.10675,19.0,0.10682,171.0,0.10683,19.0
1753520760472,09:06:00.472,AEVO/USDT:USDT,0.10676,171.0,0.10675,19.0,0.10683,190.0,0.10684,19.0
1753520760566,09:06:00.566,AEVO/USDT:USDT,0.10676,171.0,0.10675,19.0,0.10682,171.0,0.10683,19.0
1753520760757,09:06:00.757,AEVO/USDT:USDT,0.10676,171.0,0.10675,19.0,0.10682,171.0,0.10683,19.0
1753520761056,09:06:01.056,AEVO/USDT:USDT,0.10676,171.0,0.10675,19.0,0.10683,190.0,0.10684,19.0
1753520761080,09:06:01.080,AEVO/USDT:USDT,0.10676,171.0,0.10675,19.0,0.10682,171.0,0.10683,19.0
1753520761179,09:06:01.179,AEVO/USDT:USDT,0.10676,171.0,0.10675,19.0,0.10682,171.0,0.10683,19.0
1753520761692,09:06:01.692,AEVO/USDT:USDT,0.10676,171.0,0.10675,19.0,0.10683,190.0,0.10684,19.0
1753520761864,09:06:01.864,AEVO/USDT:USDT,0.10676,171.0,0.10675,19.0,0.10682,171.0,0.10683,190.0
1753520762017,09:06:02.017,AEVO/USDT:USDT,0.10676,171.0,0.10675,19.0,0.10682,171.0,0.10683,19.0
1753520762715,09:06:02.715,AEVO/USDT:USDT,0.10676,171.0,0.10675,19.0,0.10682,171.0,0.10683,19.0
1753520762776,09:06:02.776,AEVO/USDT:USDT,0.10676,171.0,0.10675,19.0,0.10682,171.0,0.10683,19.0
1753520763014,09:06:03.014,AEVO/USDT:USDT,0.10676,171.0,0.10675,19.0,0.10682,171.0,0.10683,19.0
1753520763205,09:06:03.205,AEVO/USDT:USDT,0.10676,171.0,0.10675,19.0,0.10682,171.0,0.10683,19.0
1753520763305,09:06:03.305,AEVO/USDT:USDT,0.10678,171.0,0.10677,190.0,0.10682,171.0,0.10683,19.0
1753520763462,09:06:03.462,AEVO/USDT:USDT,0.10678,171.0,0.10677,19.0,0.10682,190.0,0.10683,38.0
1753520763618,09:06:03.618,AEVO/USDT:USDT,0.10678,171.0,0.10677,19.0,0.10682,190.0,0.10683,38.0
1753520763831,09:06:03.831,AEVO/USDT:USDT,0.10678,171.0,0.10677,19.0,0.10682,190.0,0.10683,38.0
1753520764031,09:06:04.031,AEVO/USDT:USDT,0.10678,171.0,0.10677,19.0,0.10682,190.0,0.10683,38.0
1753520764191,09:06:04.191,AEVO/USDT:USDT,0.10678,171.0,0.10677,19.0,0.10682,190.0,0.10683,38.0
1753520764324,09:06:04.324,AEVO/USDT:USDT,0.10678,171.0,0.10677,19.0,0.10682,190.0,0.10683,38.0
1753520764514,09:06:04.514,AEVO/USDT:USDT,0.10678,171.0,0.10677,19.0,0.10682,190.0,0.10683,38.0
1753520764831,09:06:04.831,AEVO/USDT:USDT,0.10678,171.0,0.10677,19.0,0.10682,190.0,0.10683,38.0
1753520764880,09:06:04.880,AEVO/USDT:USDT,0.10678,171.0,0.10677,19.0,0.10682,190.0,0.10683,38.0
1753520765215,09:06:05.215,AEVO/USDT:USDT,0.10678,171.0,0.10677,19.0,0.10682,19.0,0.10683,38.0
1753520765270,09:06:05.270,AEVO/USDT:USDT,0.10678,171.0,0.10677,19.0,0.10682,19.0,0.10683,38.0
1753520765433,09:06:05.433,AEVO/USDT:USDT,0.10678,171.0,0.10677,19.0,0.10682,19.0,0.10683,38.0
1753520765560,09:06:05.560,AEVO/USDT:USDT,0.10678,171.0,0.10677,19.0,0.10683,209.0,0.10684,19.0
1753520765651,09:06:05.651,AEVO/USDT:USDT,0.10679,171.0,0.10678,159.0,0.10683,171.0,0.10689,1880.0
1753520767047,09:06:07.047,AEVO/USDT:USDT,0.10679,171.0,0.10678,159.0,0.10683,171.0,0.10689,1880.0
1753520767258,09:06:07.258,AEVO/USDT:USDT,0.10679,171.0,0.10678,159.0,0.10683,171.0,0.10689,1880.0
1753520767833,09:06:07.833,AEVO/USDT:USDT,0.10679,171.0,0.10678,159.0,0.10685,171.0,0.10689,1880.0
1753520768647,09:06:08.647,AEVO/USDT:USDT,0.10679,171.0,0.10678,19.0,0.10684,171.0,0.10685,19.0
1753520768828,09:06:08.828,AEVO/USDT:USDT,0.10675,171.0,0.10674,4030.0,0.10683,171.0,0.10689,1880.0
1753520768961,09:06:08.961,AEVO/USDT:USDT,0.1068,171.0,0.10679,145.0,0.10684,171.0,0.10685,38.0
1753520769036,09:06:09.036,AEVO/USDT:USDT,0.1068,171.0,0.10679,145.0,0.10684,171.0,0.10685,38.0
1753520769099,09:06:09.099,AEVO/USDT:USDT,0.1068,171.0,0.10679,145.0,0.10684,171.0,0.10685,38.0
1753520769297,09:06:09.297,AEVO/USDT:USDT,0.1068,171.0,0.10679,145.0,0.10684,171.0,0.10685,38.0
1753520769630,09:06:09.630,AEVO/USDT:USDT,0.1068,171.0,0.10679,145.0,0.10684,171.0,0.10685,38.0
1753520770145,09:06:10.145,AEVO/USDT:USDT,0.1068,171.0,0.10679,145.0,0.10685,186.0,0.10689,1880.0
1753520770316,09:06:10.316,AEVO/USDT:USDT,0.1068,171.0,0.10679,145.0,0.10685,186.0,0.10689,1880.0
1753520770632,09:06:10.632,AEVO/USDT:USDT,0.1068,171.0,0.10679,145.0,0.10685,186.0,0.10689,1880.0
1753520770830,09:06:10.830,AEVO/USDT:USDT,0.1068,171.0,0.10679,145.0,0.10685,186.0,0.10689,1880.0
1753520770911,09:06:10.911,AEVO/USDT:USDT,0.1068,171.0,0.10679,145.0,0.10685,186.0,0.10689,1880.0
1753520771212,09:06:11.212,AEVO/USDT:USDT,0.10681,167.0,0.1068,19.0,0.10687,167.0,0.10689,1880.0
1753520771266,09:06:11.266,AEVO/USDT:USDT,0.10681,167.0,0.1068,19.0,0.10687,186.0,0.10689,1880.0
1753520771422,09:06:11.422,AEVO/USDT:USDT,0.10681,167.0,0.1068,19.0,0.10687,186.0,0.1069,171.0
1753520771595,09:06:11.595,AEVO/USDT:USDT,0.10681,167.0,0.1068,19.0,0.10687,186.0,0.1069,171.0
1753520771673,09:06:11.673,AEVO/USDT:USDT,0.10681,167.0,0.1068,19.0,0.10687,186.0,0.1069,171.0
1753520771932,09:06:11.932,AEVO/USDT:USDT,0.10681,167.0,0.1068,19.0,0.10687,186.0,0.1069,171.0
1753520771990,09:06:11.990,AEVO/USDT:USDT,0.10681,167.0,0.1068,19.0,0.10687,19.0,0.1069,171.0
1753520772106,09:06:12.106,AEVO/USDT:USDT,0.10681,167.0,0.1068,19.0,0.10687,19.0,0.1069,171.0
1753520772200,09:06:12.200,AEVO/USDT:USDT,0.10682,167.0,0.10681,150.0,0.10687,19.0,0.1069,171.0
1753520772452,09:06:12.452,AEVO/USDT:USDT,0.10682,167.0,0.10681,150.0,0.10687,186.0,0.1069,171.0
1753520772555,09:06:12.555,AEVO/USDT:USDT,0.10682,167.0,0.10681,150.0,0.10687,186.0,0.1069,171.0
1753520772819,09:06:12.819,AEVO/USDT:USDT,0.10682,167.0,0.10681,150.0,0.10687,186.0,0.1069,171.0
1753520772893,09:06:12.893,AEVO/USDT:USDT,0.10682,167.0,0.10681,169.0,0.10687,186.0,0.1069,171.0
1753520773117,09:06:13.117,AEVO/USDT:USDT,0.10682,167.0,0.10681,169.0,0.10687,186.0,0.1069,171.0
1753520773180,09:06:13.180,AEVO/USDT:USDT,0.10682,167.0,0.10681,169.0,0.10687,186.0,0.1069,171.0
1753520773353,09:06:13.353,AEVO/USDT:USDT,0.10682,167.0,0.10681,150.0,0.10687,186.0,0.1069,171.0
1753520773391,09:06:13.391,AEVO/USDT:USDT,0.10682,167.0,0.10681,150.0,0.10687,186.0,0.10688,19.0
1753520773568,09:06:13.568,AEVO/USDT:USDT,0.10682,167.0,0.10681,150.0,0.10687,186.0,0.10688,19.0
1753520773719,09:06:13.719,AEVO/USDT:USDT,0.10682,167.0,0.10681,150.0,0.10687,186.0,0.10688,19.0
1753520773790,09:06:13.790,AEVO/USDT:USDT,0.10682,167.0,0.10681,150.0,0.10687,186.0,0.10688,19.0
1753520774515,09:06:14.515,AEVO/USDT:USDT,0.10682,167.0,0.10681,150.0,0.10687,19.0,0.10688,19.0
1753520775008,09:06:15.008,AEVO/USDT:USDT,0.10682,167.0,0.10681,150.0,0.10687,19.0,0.10688,19.0
1753520775188,09:06:15.188,AEVO/USDT:USDT,0.1068,167.0,0.10672,2288.0,0.10687,19.0,0.10688,19.0
1753520775300,09:06:15.300,AEVO/USDT:USDT,0.1068,167.0,0.10672,2288.0,0.10687,19.0,0.10688,19.0
1753520775699,09:06:15.699,AEVO/USDT:USDT,0.1068,167.0,0.10672,2288.0,0.10687,19.0,0.10688,19.0
1753520775930,09:06:15.930,AEVO/USDT:USDT,0.10682,167.0,0.10681,19.0,0.10687,19.0,0.10688,19.0
1753520776146,09:06:16.146,AEVO/USDT:USDT,0.10682,167.0,0.10681,19.0,0.10687,19.0,0.10688,19.0
1753520776880,09:06:16.880,AEVO/USDT:USDT,0.10682,167.0,0.10681,19.0,0.10687,19.0,0.10688,19.0
1753520777091,09:06:17.091,AEVO/USDT:USDT,0.10682,167.0,0.10681,19.0,0.10687,19.0,0.10688,19.0
1753520777363,09:06:17.363,AEVO/USDT:USDT,0.10682,167.0,0.10681,19.0,0.10687,19.0,0.10688,19.0
1753520777397,09:06:17.397,AEVO/USDT:USDT,0.10682,167.0,0.10681,19.0,0.10688,19.0,0.1069,171.0
1753520777550,09:06:17.550,AEVO/USDT:USDT,0.10683,167.0,0.10682,19.0,0.10692,167.0,0.10694,57.0
1753520777625,09:06:17.625,AEVO/USDT:USDT,0.10683,167.0,0.10682,19.0,0.10692,167.0,0.10697,172.0
1753520777727,09:06:17.727,AEVO/USDT:USDT,0.10683,167.0,0.10682,19.0,0.10697,172.0,0.10699,3325.0
1753520777837,09:06:17.837,AEVO/USDT:USDT,0.10683,167.0,0.10682,19.0,0.10697,172.0,0.10699,3325.0
1753520777932,09:06:17.932,AEVO/USDT:USDT,0.10683,167.0,0.10682,19.0,0.10697,172.0,0.10699,3325.0
1753520778045,09:06:18.045,AEVO/USDT:USDT,0.10683,167.0,0.10682,19.0,0.10697,172.0,0.10699,3325.0
1753520778156,09:06:18.156,AEVO/USDT:USDT,0.10683,167.0,0.10682,19.0,0.10697,172.0,0.10699,3325.0
1753520778164,09:06:18.164,AEVO/USDT:USDT,0.10683,167.0,0.10682,19.0,0.10697,172.0,0.10699,3325.0
1753520778374,09:06:18.374,AEVO/USDT:USDT,0.10683,167.0,0.10682,19.0,0.10697,172.0,0.10699,3325.0
1753520778545,09:06:18.545,AEVO/USDT:USDT,0.10683,167.0,0.10682,19.0,0.10697,172.0,0.10699,3325.0
1753520778590,09:06:18.590,AEVO/USDT:USDT,0.10683,167.0,0.10682,19.0,0.10697,172.0,0.10699,3325.0
1753520778750,09:06:18.750,AEVO/USDT:USDT,0.10683,167.0,0.10682,19.0,0.10697,172.0,0.10699,1445.0
1753520778860,09:06:18.860,AEVO/USDT:USDT,0.10683,167.0,0.10682,19.0,0.10697,172.0,0.10699,1445.0
1753520779048,09:06:19.048,AEVO/USDT:USDT,0.10683,167.0,0.10682,19.0,0.10697,172.0,0.10699,1445.0
1753520779289,09:06:19.289,AEVO/USDT:USDT,0.10683,167.0,0.10682,19.0,0.10697,172.0,0.10699,1445.0
1753520779419,09:06:19.419,AEVO/USDT:USDT,0.10683,167.0,0.10682,19.0,0.10697,172.0,0.10699,1445.0
1753520779559,09:06:19.559,AEVO/USDT:USDT,0.10683,167.0,0.10682,19.0,0.10697,172.0,0.107,57.0
1753520779730,09:06:19.730,AEVO/USDT:USDT,0.10683,167.0,0.10682,19.0,0.10697,172.0,0.107,57.0
1753520779997,09:06:19.997,AEVO/USDT:USDT,0.10683,167.0,0.10682,19.0,0.10697,172.0,0.107,57.0
1753520780876,09:06:20.876,AEVO/USDT:USDT,0.10683,167.0,0.10682,19.0,0.10697,172.0,0.107,57.0
1753520781108,09:06:21.108,AEVO/USDT:USDT,0.10683,167.0,0.10682,19.0,0.10697,172.0,0.107,57.0
1753520781240,09:06:21.240,AEVO/USDT:USDT,0.10683,167.0,0.10682,19.0,0.10697,172.0,0.107,57.0
1753520781567,09:06:21.567,AEVO/USDT:USDT,0.10683,167.0,0.10682,19.0,0.10697,172.0,0.107,57.0
1753520781754,09:06:21.754,AEVO/USDT:USDT,0.10683,167.0,0.10682,19.0,0.10697,172.0,0.107,57.0
1753520782049,09:06:22.049,AEVO/USDT:USDT,0.10683,167.0,0.10682,19.0,0.10697,172.0,0.107,57.0
1753520782130,09:06:22.130,AEVO/USDT:USDT,0.10683,167.0,0.10682,19.0,0.10697,172.0,0.107,57.0
1753520783390,09:06:23.390,AEVO/USDT:USDT,0.10683,167.0,0.10682,19.0,0.10697,172.0,0.107,57.0
1753520783771,09:06:23.771,AEVO/USDT:USDT,0.10683,167.0,0.10682,19.0,0.10697,172.0,0.107,57.0
1753520784028,09:06:24.028,AEVO/USDT:USDT,0.10683,167.0,0.10682,19.0,0.10697,172.0,0.107,57.0
1753520785006,09:06:25.006,AEVO/USDT:USDT,0.10683,167.0,0.10682,19.0,0.10697,172.0,0.107,57.0
1753520785133,09:06:25.133,AEVO/USDT:USDT,0.10683,167.0,0.10682,19.0,0.10697,172.0,0.107,57.0
1753520785330,09:06:25.330,AEVO/USDT:USDT,0.10683,167.0,0.10682,19.0,0.10697,172.0,0.107,57.0
1753520785432,09:06:25.432,AEVO/USDT:USDT,0.10683,167.0,0.10682,19.0,0.10699,2047.0,0.107,57.0
1753520785858,09:06:25.858,AEVO/USDT:USDT,0.10685,167.0,0.10684,1880.0,0.10699,167.0,0.107,57.0
1753520785954,09:06:25.954,AEVO/USDT:USDT,0.10685,167.0,0.10684,1880.0,0.10699,167.0,0.107,57.0
1753520786008,09:06:26.008,AEVO/USDT:USDT,0.10685,167.0,0.10684,1880.0,0.10699,167.0,0.10701,229.0
1753520786106,09:06:26.106,AEVO/USDT:USDT,0.10685,167.0,0.10684,1880.0,0.10699,167.0,0.10701,229.0
1753520786344,09:06:26.344,AEVO/USDT:USDT,0.10685,167.0,0.10684,1880.0,0.10699,167.0,0.10701,229.0
1753520786402,09:06:26.402,AEVO/USDT:USDT,0.10685,167.0,0.10684,1880.0,0.10699,167.0,0.10701,229.0
1753520786556,09:06:26.556,AEVO/USDT:USDT,0.10685,167.0,0.10684,1880.0,0.10699,167.0,0.10701,229.0
1753520787740,09:06:27.740,AEVO/USDT:USDT,0.10685,167.0,0.10684,1880.0,0.10699,167.0,0.10701,229.0
1753520787943,09:06:27.943,AEVO/USDT:USDT,0.10685,167.0,0.10684,1880.0,0.10699,167.0,0.10701,229.0
1753520788090,09:06:28.090,AEVO/USDT:USDT,0.10685,167.0,0.10684,1880.0,0.10699,167.0,0.10701,229.0
1753520788190,09:06:28.190,AEVO/USDT:USDT,0.10685,167.0,0.10684,1880.0,0.10699,167.0,0.10701,229.0
1753520788431,09:06:28.431,AEVO/USDT:USDT,0.10685,167.0,0.10684,1880.0,0.10699,167.0,0.10701,229.0
1753520788518,09:06:28.518,AEVO/USDT:USDT,0.10685,167.0,0.10684,1880.0,0.10699,167.0,0.10701,229.0
1753520788881,09:06:28.881,AEVO/USDT:USDT,0.10685,167.0,0.10684,1880.0,0.10699,167.0,0.10701,229.0
1753520789004,09:06:29.004,AEVO/USDT:USDT,0.10685,167.0,0.10684,1880.0,0.10699,167.0,0.10701,229.0
1753520789161,09:06:29.161,AEVO/USDT:USDT,0.10685,167.0,0.10684,1880.0,0.10699,167.0,0.10701,229.0
1753520789214,09:06:29.214,AEVO/USDT:USDT,0.10685,167.0,0.10684,1880.0,0.10699,167.0,0.10701,229.0
1753520789346,09:06:29.346,AEVO/USDT:USDT,0.10685,167.0,0.10684,1880.0,0.10699,167.0,0.10701,229.0
1753520789608,09:06:29.608,AEVO/USDT:USDT,0.10685,167.0,0.10684,1880.0,0.10699,167.0,0.10701,229.0
1753520789761,09:06:29.761,AEVO/USDT:USDT,0.10685,167.0,0.10684,1880.0,0.10699,167.0,0.10701,229.0
1753520789771,09:06:29.771,AEVO/USDT:USDT,0.10685,167.0,0.10684,1880.0,0.10699,167.0,0.10701,229.0
1753520790107,09:06:30.107,AEVO/USDT:USDT,0.10685,167.0,0.10684,1880.0,0.10699,167.0,0.10701,229.0
1753520790224,09:06:30.224,AEVO/USDT:USDT,0.10685,167.0,0.10684,1880.0,0.10699,167.0,0.10701,229.0
1753520790386,09:06:30.386,AEVO/USDT:USDT,0.10685,167.0,0.10684,1880.0,0.10699,167.0,0.10701,229.0
1753520791048,09:06:31.048,AEVO/USDT:USDT,0.10685,167.0,0.10684,1880.0,0.10699,167.0,0.10701,229.0
1753520791463,09:06:31.463,AEVO/USDT:USDT,0.10685,167.0,0.10684,1880.0,0.10699,167.0,0.10701,229.0
1753520791488,09:06:31.488,AEVO/USDT:USDT,0.10685,167.0,0.10684,1880.0,0.10699,167.0,0.10701,229.0
1753520792990,09:06:32.990,AEVO/USDT:USDT,0.10685,167.0,0.10684,1880.0,0.10699,167.0,0.10701,229.0
1753520794232,09:06:34.232,AEVO/USDT:USDT,0.10685,167.0,0.10684,1880.0,0.10699,167.0,0.10701,229.0
1753520794427,09:06:34.427,AEVO/USDT:USDT,0.10685,167.0,0.10684,1880.0,0.10699,167.0,0.10701,229.0
1753520795062,09:06:35.062,AEVO/USDT:USDT,0.10685,167.0,0.10684,1880.0,0.10699,167.0,0.10701,229.0
1753520795302,09:06:35.302,AEVO/USDT:USDT,0.10685,167.0,0.10684,1880.0,0.10699,167.0,0.10701,229.0
1753520795597,09:06:35.597,AEVO/USDT:USDT,0.10685,167.0,0.10684,1880.0,0.10699,167.0,0.10701,229.0
1753520795768,09:06:35.768,AEVO/USDT:USDT,0.10685,167.0,0.10684,1880.0,0.10699,167.0,0.10701,229.0
1753520795912,09:06:35.912,AEVO/USDT:USDT,0.10685,167.0,0.10684,1880.0,0.10699,167.0,0.10701,229.0
1753520796105,09:06:36.105,AEVO/USDT:USDT,0.10685,167.0,0.10684,1880.0,0.10699,167.0,0.10701,229.0
1753520796245,09:06:36.245,AEVO/USDT:USDT,0.10685,167.0,0.10684,1880.0,0.10699,167.0,0.10701,229.0
1753520796430,09:06:36.430,AEVO/USDT:USDT,0.10685,167.0,0.10684,1880.0,0.10699,167.0,0.10701,229.0
1753520796660,09:06:36.660,AEVO/USDT:USDT,0.10696,7054.0,0.10687,5093.0,0.10701,57.0,0.10705,166.0
1753520796759,09:06:36.759,AEVO/USDT:USDT,0.10698,170.0,0.10697,2141.0,0.10704,170.0,0.10708,172.0
1753520796859,09:06:36.859,AEVO/USDT:USDT,0.10698,170.0,0.10697,2122.0,0.10704,170.0,0.10705,19.0
1753520796957,09:06:36.957,AEVO/USDT:USDT,0.10698,170.0,0.10697,2160.0,0.10708,172.0,0.10712,2050.0
1753520797026,09:06:37.026,AEVO/USDT:USDT,0.10698,170.0,0.10697,19.0,0.10708,191.0,0.10712,2050.0
1753520797160,09:06:37.160,AEVO/USDT:USDT,0.10698,170.0,0.10688,500.0,0.10708,210.0,0.10712,2050.0
1753520797345,09:06:37.345,AEVO/USDT:USDT,0.10698,170.0,0.10688,500.0,0.10708,210.0,0.10712,2050.0
1753520797392,09:06:37.392,AEVO/USDT:USDT,0.10698,170.0,0.10688,500.0,0.10708,210.0,0.10712,2050.0
1753520797602,09:06:37.602,AEVO/USDT:USDT,0.10698,170.0,0.10688,500.0,0.10708,210.0,0.10712,2050.0
1753520797699,09:06:37.699,AEVO/USDT:USDT,0.10698,170.0,0.10688,500.0,0.10708,210.0,0.10712,2050.0
1753520797950,09:06:37.950,AEVO/USDT:USDT,0.10698,170.0,0.10688,500.0,0.10708,210.0,0.10712,2050.0
1753520798026,09:06:38.026,AEVO/USDT:USDT,0.10698,170.0,0.10688,500.0,0.10708,210.0,0.10712,2050.0
1753520798187,09:06:38.187,AEVO/USDT:USDT,0.10698,170.0,0.10688,500.0,0.10708,210.0,0.10712,2050.0
1753520798450,09:06:38.450,AEVO/USDT:USDT,0.10698,170.0,0.10688,500.0,0.10708,210.0,0.10712,2050.0
1753520799121,09:06:39.121,AEVO/USDT:USDT,0.10698,170.0,0.10688,500.0,0.10708,210.0,0.10712,2050.0
1753520799208,09:06:39.208,AEVO/USDT:USDT,0.10698,170.0,0.10688,500.0,0.10708,210.0,0.10712,2050.0
1753520799270,09:06:39.270,AEVO/USDT:USDT,0.10698,170.0,0.10688,500.0,0.10708,210.0,0.10712,2050.0
1753520799444,09:06:39.444,AEVO/USDT:USDT,0.10698,170.0,0.10688,500.0,0.10708,210.0,0.10712,2050.0
1753520799627,09:06:39.627,AEVO/USDT:USDT,0.10698,170.0,0.10688,500.0,0.10708,210.0,0.10712,2050.0
1753520799948,09:06:39.948,AEVO/USDT:USDT,0.10698,170.0,0.10688,500.0,0.10708,210.0,0.10712,2050.0
1753520800135,09:06:40.135,AEVO/USDT:USDT,0.10698,170.0,0.10688,500.0,0.10708,210.0,0.10712,2050.0
1753520800444,09:06:40.444,AEVO/USDT:USDT,0.10698,170.0,0.10688,500.0,0.10708,210.0,0.10712,2050.0
1753520800940,09:06:40.940,AEVO/USDT:USDT,0.10698,170.0,0.10688,500.0,0.10708,210.0,0.10712,2050.0
1753520801212,09:06:41.212,AEVO/USDT:USDT,0.10698,170.0,0.10688,500.0,0.10708,210.0,0.10712,2050.0
1753520801641,09:06:41.641,AEVO/USDT:USDT,0.10698,170.0,0.10688,500.0,0.10708,210.0,0.10712,2050.0
1753520801982,09:06:41.982,AEVO/USDT:USDT,0.10698,170.0,0.10688,500.0,0.10708,210.0,0.10712,2050.0
1753520802441,09:06:42.441,AEVO/USDT:USDT,0.10698,170.0,0.10688,500.0,0.10708,210.0,0.10712,2050.0
1753520802754,09:06:42.754,AEVO/USDT:USDT,0.10698,170.0,0.10688,500.0,0.10708,210.0,0.10712,2050.0
1753520802947,09:06:42.947,AEVO/USDT:USDT,0.10698,170.0,0.10688,500.0,0.10708,210.0,0.10712,2050.0
1753520803049,09:06:43.049,AEVO/USDT:USDT,0.10698,170.0,0.10688,500.0,0.10708,210.0,0.10712,2050.0
1753520803226,09:06:43.226,AEVO/USDT:USDT,0.10698,170.0,0.10688,500.0,0.10708,210.0,0.10712,2050.0
1753520803336,09:06:43.336,AEVO/USDT:USDT,0.10698,170.0,0.10688,500.0,0.10708,210.0,0.10712,2050.0
1753520803475,09:06:43.475,AEVO/USDT:USDT,0.10698,170.0,0.10688,500.0,0.10708,210.0,0.10712,2050.0
1753520803759,09:06:43.759,AEVO/USDT:USDT,0.10698,170.0,0.10688,500.0,0.10708,210.0,0.10712,2050.0
1753520803766,09:06:43.766,AEVO/USDT:USDT,0.10698,170.0,0.10688,500.0,0.10708,210.0,0.10712,2050.0
1753520804236,09:06:44.236,AEVO/USDT:USDT,0.10698,170.0,0.10688,500.0,0.10708,210.0,0.10712,2050.0
1753520804448,09:06:44.448,AEVO/USDT:USDT,0.10698,170.0,0.10688,500.0,0.10708,210.0,0.10712,2050.0
1753520804737,09:06:44.737,AEVO/USDT:USDT,0.10698,170.0,0.10688,500.0,0.10708,210.0,0.10712,2050.0
1753520804962,09:06:44.962,AEVO/USDT:USDT,0.10698,170.0,0.10688,500.0,0.10708,210.0,0.10712,2050.0
1753520805154,09:06:45.154,AEVO/USDT:USDT,0.10698,170.0,0.10688,500.0,0.10708,210.0,0.10712,2050.0
1753520805255,09:06:45.255,AEVO/USDT:USDT,0.10698,170.0,0.10688,500.0,0.10708,210.0,0.10712,2050.0
1753520805987,09:06:45.987,AEVO/USDT:USDT,0.10698,170.0,0.10688,500.0,0.10708,210.0,0.10712,2050.0
1753520806134,09:06:46.134,AEVO/USDT:USDT,0.10698,170.0,0.10688,500.0,0.10708,210.0,0.10712,2050.0
1753520806250,09:06:46.250,AEVO/USDT:USDT,0.10698,170.0,0.10688,500.0,0.10708,210.0,0.10712,2050.0
1753520806493,09:06:46.493,AEVO/USDT:USDT,0.10698,170.0,0.10688,500.0,0.10708,210.0,0.10712,2050.0
1753520806785,09:06:46.785,AEVO/USDT:USDT,0.10698,170.0,0.10688,500.0,0.10708,210.0,0.10712,2050.0
1753520807297,09:06:47.297,AEVO/USDT:USDT,0.10698,170.0,0.10688,500.0,0.10708,210.0,0.10712,2050.0
1753520807497,09:06:47.497,AEVO/USDT:USDT,0.10698,170.0,0.10688,500.0,0.10708,210.0,0.10712,2050.0
1753520807766,09:06:47.766,AEVO/USDT:USDT,0.10698,170.0,0.10688,500.0,0.10708,210.0,0.10712,2050.0
1753520808004,09:06:48.004,AEVO/USDT:USDT,0.10698,170.0,0.10688,500.0,0.10708,210.0,0.10712,2050.0
1753520808077,09:06:48.077,AEVO/USDT:USDT,0.10698,170.0,0.10688,500.0,0.10708,210.0,0.10712,2050.0
1753520808290,09:06:48.290,AEVO/USDT:USDT,0.10698,170.0,0.10688,500.0,0.10708,210.0,0.10712,2050.0
1753520809398,09:06:49.398,AEVO/USDT:USDT,0.10698,170.0,0.10688,500.0,0.10708,210.0,0.10712,2050.0
1753520809522,09:06:49.522,AEVO/USDT:USDT,0.10698,170.0,0.10688,500.0,0.10708,210.0,0.10712,2050.0
1753520809991,09:06:49.991,AEVO/USDT:USDT,0.10698,170.0,0.10688,500.0,0.10708,210.0,0.10712,2050.0
1753520810214,09:06:50.214,AEVO/USDT:USDT,0.10698,170.0,0.10688,500.0,0.10708,210.0,0.10712,2050.0
1753520812882,09:06:52.882,AEVO/USDT:USDT,0.10698,170.0,0.10688,500.0,0.10708,210.0,0.10712,2050.0
1753520813448,09:06:53.448,AEVO/USDT:USDT,0.10698,170.0,0.10688,500.0,0.10708,210.0,0.10712,2050.0
1753520814026,09:06:54.026,AEVO/USDT:USDT,0.10698,170.0,0.10688,500.0,0.10708,210.0,0.10712,2050.0
1753520814268,09:06:54.268,AEVO/USDT:USDT,0.10698,170.0,0.10688,500.0,0.10708,210.0,0.10712,2050.0
1753520814791,09:06:54.791,AEVO/USDT:USDT,0.10698,170.0,0.10688,500.0,0.10708,210.0,0.10712,2050.0
1753520815050,09:06:55.050,AEVO/USDT:USDT,0.10698,170.0,0.10688,500.0,0.10708,210.0,0.10712,2050.0
1753520815661,09:06:55.661,AEVO/USDT:USDT,0.10689,173.0,0.10687,170.0,0.10699,1880.0,0.10702,7054.0
1753520815759,09:06:55.759,AEVO/USDT:USDT,0.10685,167.0,0.10683,173.0,0.10693,173.0,0.10697,192.0
1753520815861,09:06:55.861,AEVO/USDT:USDT,0.10685,38.0,0.10683,173.0,0.10692,230.0,0.10697,173.0
1753520815948,09:06:55.948,AEVO/USDT:USDT,0.10686,173.0,0.10685,38.0,0.10692,230.0,0.10697,173.0
1753520816026,09:06:56.026,AEVO/USDT:USDT,0.10686,173.0,0.10685,38.0,0.10692,230.0,0.10697,173.0
1753520816163,09:06:56.163,AEVO/USDT:USDT,0.10686,173.0,0.10685,38.0,0.10691,173.0,0.10692,230.0
1753520816169,09:06:56.169,AEVO/USDT:USDT,0.10686,173.0,0.10685,38.0,0.1069,57.0,0.10691,173.0
1753520816315,09:06:56.315,AEVO/USDT:USDT,0.10686,173.0,0.10685,38.0,0.1069,57.0,0.10691,173.0
1753520816372,09:06:56.372,AEVO/USDT:USDT,0.10686,173.0,0.10685,38.0,0.1069,57.0,0.10697,173.0
1753520816488,09:06:56.488,AEVO/USDT:USDT,0.10686,173.0,0.10685,38.0,0.10695,173.0,0.10696,57.0
1753520816571,09:06:56.571,AEVO/USDT:USDT,0.10686,173.0,0.10685,38.0,0.10693,173.0,0.10694,57.0
1753520816706,09:06:56.706,AEVO/USDT:USDT,0.10686,173.0,0.10685,38.0,0.10691,173.0,0.10692,57.0
1753520816800,09:06:56.800,AEVO/USDT:USDT,0.10686,173.0,0.10685,38.0,0.1069,57.0,0.10691,173.0
1753520817026,09:06:57.026,AEVO/USDT:USDT,0.10685,173.0,0.10682,38.0,0.10689,173.0,0.1069,57.0
1753520817160,09:06:57.160,AEVO/USDT:USDT,0.10686,173.0,0.10685,38.0,0.10688,57.0,0.10695,173.0
1753520817259,09:06:57.259,AEVO/USDT:USDT,0.10686,173.0,0.10685,38.0,0.10692,173.0,0.10694,57.0
1753520817347,09:06:57.347,AEVO/USDT:USDT,0.10686,173.0,0.10685,211.0,0.1069,173.0,0.10691,57.0
1753520817459,09:06:57.459,AEVO/USDT:USDT,0.10685,19.0,0.10684,19.0,0.10688,173.0,0.10689,230.0
1753520817541,09:06:57.541,AEVO/USDT:USDT,0.10684,173.0,0.10683,19.0,0.10692,173.0,0.10693,1880.0
1753520817574,09:06:57.574,AEVO/USDT:USDT,0.10684,173.0,0.10683,19.0,0.1069,173.0,0.10691,57.0
1753520817687,09:06:57.687,AEVO/USDT:USDT,0.10684,173.0,0.10683,19.0,0.10688,173.0,0.10689,230.0
1753520817840,09:06:57.840,AEVO/USDT:USDT,0.10684,173.0,0.10683,19.0,0.10687,57.0,0.10688,173.0
1753520817957,09:06:57.957,AEVO/USDT:USDT,0.10684,173.0,0.10683,19.0,0.10687,57.0,0.10688,173.0
1753520818005,09:06:58.005,AEVO/USDT:USDT,0.10684,173.0,0.10683,19.0,0.10687,57.0,0.10688,173.0
1753520818128,09:06:58.128,AEVO/USDT:USDT,0.10684,173.0,0.10683,19.0,0.10687,57.0,0.10688,173.0
1753520818372,09:06:58.372,AEVO/USDT:USDT,0.10684,173.0,0.10683,19.0,0.10687,57.0,0.10688,173.0
1753520818517,09:06:58.517,AEVO/USDT:USDT,0.10684,173.0,0.10683,19.0,0.10687,57.0,0.10692,173.0
1753520818606,09:06:58.606,AEVO/USDT:USDT,0.10684,173.0,0.10683,19.0,0.1069,173.0,0.10691,57.0
1753520818707,09:06:58.707,AEVO/USDT:USDT,0.10684,173.0,0.10683,19.0,0.10689,57.0,0.10692,173.0
1753520818846,09:06:58.846,AEVO/USDT:USDT,0.10684,173.0,0.10683,19.0,0.1069,173.0,0.10691,57.0
1753520818939,09:06:58.939,AEVO/USDT:USDT,0.10684,173.0,0.10683,19.0,0.10689,57.0,0.1069,173.0
1753520819058,09:06:59.058,AEVO/USDT:USDT,0.10684,173.0,0.10683,19.0,0.10689,230.0,0.10692,173.0
1753520819131,09:06:59.131,AEVO/USDT:USDT,0.10684,173.0,0.10683,19.0,0.10689,57.0,0.10692,173.0
1753520819264,09:06:59.264,AEVO/USDT:USDT,0.10684,173.0,0.10683,19.0,0.1069,173.0,0.10691,57.0
1753520819299,09:06:59.299,AEVO/USDT:USDT,0.10684,173.0,0.10683,19.0,0.10689,230.0,0.10694,15701.0
1753520819441,09:06:59.441,AEVO/USDT:USDT,0.10684,173.0,0.10683,19.0,0.10689,57.0,0.1069,173.0
1753520819614,09:06:59.614,AEVO/USDT:USDT,0.10684,173.0,0.10683,19.0,0.10688,173.0,0.10689,57.0
1753520819672,09:06:59.672,AEVO/USDT:USDT,0.10684,173.0,0.10683,19.0,0.10687,57.0,0.10688,173.0
1753520819917,09:06:59.917,AEVO/USDT:USDT,0.10684,173.0,0.10683,19.0,0.10687,57.0,0.10688,173.0
1753520820027,09:07:00.027,AEVO/USDT:USDT,0.10684,173.0,0.10683,19.0,0.10687,57.0,0.10688,173.0
1753520820155,09:07:00.155,AEVO/USDT:USDT,0.10684,173.0,0.10683,19.0,0.10687,57.0,0.10688,173.0
1753520820441,09:07:00.441,AEVO/USDT:USDT,0.10684,173.0,0.10683,19.0,0.10687,57.0,0.10688,173.0
1753520820650,09:07:00.650,AEVO/USDT:USDT,0.10684,173.0,0.10683,19.0,0.10687,227.0,0.1069,173.0
1753520820707,09:07:00.707,AEVO/USDT:USDT,0.10684,173.0,0.10683,19.0,0.1069,173.0,0.10693,1880.0
1753520820856,09:07:00.856,AEVO/USDT:USDT,0.10684,173.0,0.10683,19.0,0.10688,170.0,0.10689,57.0
1753520820873,09:07:00.873,AEVO/USDT:USDT,0.10684,173.0,0.10683,19.0,0.10687,57.0,0.10688,170.0
1753520821032,09:07:01.032,AEVO/USDT:USDT,0.10684,173.0,0.10683,19.0,0.10687,57.0,0.10688,170.0
1753520821091,09:07:01.091,AEVO/USDT:USDT,0.10684,173.0,0.10683,19.0,0.10687,57.0,0.10688,170.0
1753520821269,09:07:01.269,AEVO/USDT:USDT,0.10684,173.0,0.10683,19.0,0.10687,57.0,0.10688,170.0
1753520821441,09:07:01.441,AEVO/USDT:USDT,0.10684,173.0,0.10683,19.0,0.10687,227.0,0.1069,173.0
1753520821517,09:07:01.517,AEVO/USDT:USDT,0.10684,173.0,0.10683,19.0,0.1069,173.0,0.10693,1880.0
1753520821574,09:07:01.574,AEVO/USDT:USDT,0.10684,173.0,0.10683,19.0,0.10688,170.0,0.10689,57.0
1753520821682,09:07:01.682,AEVO/USDT:USDT,0.10684,173.0,0.10683,19.0,0.10687,57.0,0.10688,170.0
1753520822121,09:07:02.121,AEVO/USDT:USDT,0.10684,173.0,0.10683,19.0,0.10687,227.0,0.1069,173.0
1753520822241,09:07:02.241,AEVO/USDT:USDT,0.10684,173.0,0.10683,19.0,0.1069,173.0,0.10693,1880.0
1753520822276,09:07:02.276,AEVO/USDT:USDT,0.10684,173.0,0.10683,19.0,0.10688,170.0,0.10689,57.0
1753520822459,09:07:02.459,AEVO/USDT:USDT,0.10684,173.0,0.10683,19.0,0.10687,227.0,0.1069,173.0
1753520822513,09:07:02.513,AEVO/USDT:USDT,0.10684,173.0,0.10683,19.0,0.10687,170.0,0.1069,173.0
1753520822611,09:07:02.611,AEVO/USDT:USDT,0.10684,173.0,0.10683,19.0,0.1069,173.0,0.10693,1880.0
1753520822748,09:07:02.748,AEVO/USDT:USDT,0.10684,173.0,0.10683,19.0,0.10688,170.0,0.10689,57.0
1753520822773,09:07:02.773,AEVO/USDT:USDT,0.10684,173.0,0.10683,19.0,0.10687,57.0,0.10688,170.0
1753520822928,09:07:02.928,AEVO/USDT:USDT,0.10684,173.0,0.10683,19.0,0.10687,57.0,0.10688,170.0
1753520823203,09:07:03.203,AEVO/USDT:USDT,0.10685,170.0,0.10684,19.0,0.10687,57.0,0.10688,170.0
1753520824598,09:07:04.598,AEVO/USDT:USDT,0.10686,170.0,0.10685,19.0,0.10687,57.0,0.1069,173.0
1753520824687,09:07:04.687,AEVO/USDT:USDT,0.10686,189.0,0.10685,38.0,0.10689,227.0,0.1069,173.0
1753520824848,09:07:04.848,AEVO/USDT:USDT,0.10686,189.0,0.10685,38.0,0.10689,170.0,0.10693,1880.0
1753520824960,09:07:04.960,AEVO/USDT:USDT,0.10686,170.0,0.10685,19.0,0.10692,170.0,0.10693,1880.0
1753520824975,09:07:04.975,AEVO/USDT:USDT,0.10686,170.0,0.10685,38.0,0.1069,170.0,0.10691,57.0
1753520825109,09:07:05.109,AEVO/USDT:USDT,0.10686,170.0,0.10685,38.0,0.10689,227.0,0.10692,170.0
1753520825260,09:07:05.260,AEVO/USDT:USDT,0.10686,170.0,0.10685,38.0,0.10692,170.0,0.10693,1880.0
1753520825286,09:07:05.286,AEVO/USDT:USDT,0.10686,170.0,0.10685,38.0,0.1069,170.0,0.10691,57.0
1753520825376,09:07:05.376,AEVO/USDT:USDT,0.10686,170.0,0.10685,38.0,0.10689,57.0,0.1069,170.0
1753520825543,09:07:05.543,AEVO/USDT:USDT,0.10686,170.0,0.10685,38.0,0.10689,57.0,0.10692,170.0
1753520825595,09:07:05.595,AEVO/USDT:USDT,0.10686,170.0,0.10685,38.0,0.10691,227.0,0.10692,170.0
1753520825746,09:07:05.746,AEVO/USDT:USDT,0.10686,170.0,0.10685,38.0,0.10691,227.0,0.10697,173.0
1753520825790,09:07:05.790,AEVO/USDT:USDT,0.10686,170.0,0.10685,38.0,0.10691,227.0,0.10697,173.0
1753520826007,09:07:06.007,AEVO/USDT:USDT,0.10686,170.0,0.10685,38.0,0.10691,227.0,0.10697,173.0
1753520826877,09:07:06.877,AEVO/USDT:USDT,0.10686,170.0,0.10685,38.0,0.10691,227.0,0.10697,173.0
1753520827049,09:07:07.049,AEVO/USDT:USDT,0.10686,170.0,0.10685,38.0,0.10691,227.0,0.10697,173.0
1753520827227,09:07:07.227,AEVO/USDT:USDT,0.10686,170.0,0.10685,38.0,0.10691,227.0,0.10697,173.0
1753520827413,09:07:07.413,AEVO/USDT:USDT,0.10686,170.0,0.10685,38.0,0.10691,227.0,0.10697,173.0
1753520827709,09:07:07.709,AEVO/USDT:USDT,0.10686,170.0,0.10685,38.0,0.10691,57.0,0.10697,173.0
1753520827822,09:07:07.822,AEVO/USDT:USDT,0.10686,170.0,0.10685,38.0,0.10692,170.0,0.10693,1.0
1753520827918,09:07:07.918,AEVO/USDT:USDT,0.10686,170.0,0.10685,38.0,0.10691,227.0,0.10695,170.0
1753520827996,09:07:07.996,AEVO/USDT:USDT,0.10686,170.0,0.10685,38.0,0.10691,227.0,0.10695,170.0
1753520828263,09:07:08.263,AEVO/USDT:USDT,0.10686,170.0,0.10685,38.0,0.1069,170.0,0.10691,227.0
1753520828270,09:07:08.270,AEVO/USDT:USDT,0.10686,170.0,0.10685,38.0,0.10689,57.0,0.10695,170.0
1753520828387,09:07:08.387,AEVO/USDT:USDT,0.10686,170.0,0.10685,38.0,0.10693,170.0,0.10694,57.0
1753520828520,09:07:08.520,AEVO/USDT:USDT,0.10686,170.0,0.10685,38.0,0.10691,170.0,0.10692,57.0
1753520828569,09:07:08.569,AEVO/USDT:USDT,0.10686,170.0,0.10685,38.0,0.1069,57.0,0.10691,170.0
1753520828728,09:07:08.728,AEVO/USDT:USDT,0.10686,170.0,0.10685,38.0,0.1069,57.0,0.10691,170.0
1753520829022,09:07:09.022,AEVO/USDT:USDT,0.10686,170.0,0.10685,38.0,0.1069,57.0,0.10691,170.0
1753520829240,09:07:09.240,AEVO/USDT:USDT,0.10686,170.0,0.10685,38.0,0.1069,57.0,0.10693,170.0
1753520829286,09:07:09.286,AEVO/USDT:USDT,0.10686,170.0,0.10685,38.0,0.10692,57.0,0.10697,173.0
1753520829460,09:07:09.460,AEVO/USDT:USDT,0.10686,170.0,0.10685,38.0,0.10695,170.0,0.10696,57.0
1753520829507,09:07:09.507,AEVO/USDT:USDT,0.10686,170.0,0.10685,38.0,0.10693,170.0,0.10694,57.0
1753520829587,09:07:09.587,AEVO/USDT:USDT,0.10686,170.0,0.10685,38.0,0.10692,227.0,0.10695,170.0
1753520829733,09:07:09.733,AEVO/USDT:USDT,0.10686,170.0,0.10685,38.0,0.10692,227.0,0.10695,170.0
1753520830048,09:07:10.048,AEVO/USDT:USDT,0.10686,170.0,0.10685,38.0,0.10692,227.0,0.10695,170.0
1753520830358,09:07:10.358,AEVO/USDT:USDT,0.10686,170.0,0.10685,38.0,0.10692,227.0,0.10695,170.0
1753520830391,09:07:10.391,AEVO/USDT:USDT,0.10686,170.0,0.10685,38.0,0.10692,227.0,0.10695,170.0
1753520830491,09:07:10.491,AEVO/USDT:USDT,0.10686,170.0,0.10685,38.0,0.10692,227.0,0.10695,170.0
1753520831014,09:07:11.014,AEVO/USDT:USDT,0.10686,170.0,0.10685,38.0,0.10692,57.0,0.10695,170.0
1753520831086,09:07:11.086,AEVO/USDT:USDT,0.10686,170.0,0.10685,38.0,0.10693,173.0,0.10694,57.0
1753520831246,09:07:11.246,AEVO/USDT:USDT,0.1069,173.0,0.10689,2116.0,0.10692,57.0,0.10697,173.0
1753520831359,09:07:11.359,AEVO/USDT:USDT,0.10691,173.0,0.1069,38.0,0.10696,57.0,0.10702,1880.0
1753520831398,09:07:11.398,AEVO/USDT:USDT,0.10691,173.0,0.1069,38.0,0.107,173.0,0.10701,57.0
1753520831486,09:07:11.486,AEVO/USDT:USDT,0.10691,173.0,0.1069,38.0,0.10698,173.0,0.10699,57.0
1753520831595,09:07:11.595,AEVO/USDT:USDT,0.10691,173.0,0.1069,38.0,0.10697,230.0,0.107,173.0
1753520831868,09:07:11.868,AEVO/USDT:USDT,0.10691,173.0,0.1069,38.0,0.10697,230.0,0.107,173.0
1753520832041,09:07:12.041,AEVO/USDT:USDT,0.10691,173.0,0.1069,38.0,0.10697,230.0,0.107,173.0
1753520832253,09:07:12.253,AEVO/USDT:USDT,0.10691,173.0,0.1069,38.0,0.10697,230.0,0.107,173.0
1753520832412,09:07:12.412,AEVO/USDT:USDT,0.10691,173.0,0.1069,38.0,0.10697,230.0,0.107,173.0
1753520832623,09:07:12.623,AEVO/USDT:USDT,0.10691,173.0,0.1069,38.0,0.10696,173.0,0.10697,57.0
1753520832671,09:07:12.671,AEVO/USDT:USDT,0.10691,173.0,0.1069,38.0,0.10695,57.0,0.10696,173.0
1753520832826,09:07:12.826,AEVO/USDT:USDT,0.10691,173.0,0.1069,38.0,0.10695,57.0,0.10696,173.0
1753520832910,09:07:12.910,AEVO/USDT:USDT,0.10691,173.0,0.1069,38.0,0.10695,230.0,0.107,173.0
1753520833047,09:07:13.047,AEVO/USDT:USDT,0.10691,173.0,0.1069,38.0,0.10695,57.0,0.107,173.0
1753520833086,09:07:13.086,AEVO/USDT:USDT,0.10691,173.0,0.1069,38.0,0.10698,173.0,0.10699,57.0
1753520833240,09:07:13.240,AEVO/USDT:USDT,0.10691,173.0,0.1069,38.0,0.10696,173.0,0.10697,57.0
1753520833284,09:07:13.284,AEVO/USDT:USDT,0.10691,173.0,0.1069,38.0,0.10695,57.0,0.10696,173.0
1753520833552,09:07:13.552,AEVO/USDT:USDT,0.10691,173.0,0.1069,38.0,0.10695,57.0,0.10698,173.0
1753520833653,09:07:13.653,AEVO/USDT:USDT,0.10691,173.0,0.1069,38.0,0.10696,173.0,0.10697,57.0
1753520833669,09:07:13.669,AEVO/USDT:USDT,0.10691,173.0,0.1069,38.0,0.10695,57.0,0.10696,173.0
1753520833771,09:07:13.771,AEVO/USDT:USDT,0.10691,173.0,0.1069,38.0,0.10695,57.0,0.10696,173.0
1753520834112,09:07:14.112,AEVO/USDT:USDT,0.10691,173.0,0.1069,38.0,0.10695,57.0,0.10696,173.0
1753520834226,09:07:14.226,AEVO/USDT:USDT,0.10691,173.0,0.1069,38.0,0.10695,57.0,0.10698,173.0
1753520834286,09:07:14.286,AEVO/USDT:USDT,0.10691,173.0,0.1069,38.0,0.10696,173.0,0.10697,57.0
1753520834425,09:07:14.425,AEVO/USDT:USDT,0.10691,173.0,0.1069,38.0,0.10695,230.0,0.10696,173.0
1753520834471,09:07:14.471,AEVO/USDT:USDT,0.10691,173.0,0.1069,38.0,0.10695,230.0,0.10696,173.0
1753520834582,09:07:14.582,AEVO/USDT:USDT,0.10691,173.0,0.1069,38.0,0.10695,230.0,0.107,173.0
1753520834955,09:07:14.955,AEVO/USDT:USDT,0.10691,173.0,0.1069,38.0,0.10695,230.0,0.107,173.0
1753520835008,09:07:15.008,AEVO/USDT:USDT,0.10691,173.0,0.1069,38.0,0.10695,230.0,0.107,173.0
1753520835191,09:07:15.191,AEVO/USDT:USDT,0.10691,173.0,0.1069,38.0,0.10695,230.0,0.107,173.0
1753520835302,09:07:15.302,AEVO/USDT:USDT,0.10691,173.0,0.1069,38.0,0.10695,230.0,0.107,173.0
1753520835526,09:07:15.526,AEVO/USDT:USDT,0.10691,173.0,0.1069,38.0,0.10695,230.0,0.107,173.0
1753520835613,09:07:15.613,AEVO/USDT:USDT,0.10691,173.0,0.1069,38.0,0.10695,230.0,0.107,173.0
1753520835713,09:07:15.713,AEVO/USDT:USDT,0.10691,173.0,0.1069,38.0,0.10695,230.0,0.107,173.0
1753520836528,09:07:16.528,AEVO/USDT:USDT,0.10691,173.0,0.1069,38.0,0.10695,230.0,0.107,173.0
1753520836765,09:07:16.765,AEVO/USDT:USDT,0.10691,173.0,0.1069,38.0,0.10695,57.0,0.107,173.0
1753520836910,09:07:16.910,AEVO/USDT:USDT,0.10691,173.0,0.1069,38.0,0.10697,173.0,0.10698,19.0
1753520837018,09:07:17.018,AEVO/USDT:USDT,0.10691,173.0,0.1069,38.0,0.10695,173.0,0.10696,57.0
1753520837070,09:07:17.070,AEVO/USDT:USDT,0.10691,173.0,0.1069,38.0,0.10694,57.0,0.10695,173.0
1753520837345,09:07:17.345,AEVO/USDT:USDT,0.10691,173.0,0.1069,38.0,0.10694,57.0,0.10697,173.0
1753520837386,09:07:17.386,AEVO/USDT:USDT,0.10691,173.0,0.1069,38.0,0.10696,230.0,0.107,173.0
1753520837760,09:07:17.760,AEVO/USDT:USDT,0.10691,173.0,0.1069,38.0,0.10696,230.0,0.107,173.0
1753520838576,09:07:18.576,AEVO/USDT:USDT,0.10691,173.0,0.1069,38.0,0.10696,230.0,0.107,173.0
1753520839051,09:07:19.051,AEVO/USDT:USDT,0.10691,173.0,0.1069,38.0,0.10696,230.0,0.107,173.0
1753520839814,09:07:19.814,AEVO/USDT:USDT,0.10691,173.0,0.1069,38.0,0.10696,57.0,0.107,173.0
1753520839886,09:07:19.886,AEVO/USDT:USDT,0.10691,173.0,0.1069,38.0,0.10698,170.0,0.10699,57.0
1753520840011,09:07:20.011,AEVO/USDT:USDT,0.10691,173.0,0.1069,38.0,0.10696,170.0,0.10697,57.0
1753520840086,09:07:20.086,AEVO/USDT:USDT,0.10691,173.0,0.1069,38.0,0.10695,227.0,0.107,173.0
1753520840202,09:07:20.202,AEVO/USDT:USDT,0.10691,173.0,0.1069,38.0,0.10695,227.0,0.107,173.0
1753520840351,09:07:20.351,AEVO/USDT:USDT,0.10691,173.0,0.1069,38.0,0.10694,170.0,0.10695,57.0
1753520840426,09:07:20.426,AEVO/USDT:USDT,0.10684,170.0,0.10677,2266.0,0.10694,170.0,0.10695,19.0
1753520840549,09:07:20.549,AEVO/USDT:USDT,0.10688,189.0,0.10687,38.0,0.10693,57.0,0.10694,170.0
1753520840617,09:07:20.617,AEVO/USDT:USDT,0.1069,170.0,0.10689,19.0,0.10693,57.0,0.10694,170.0
1753520840837,09:07:20.837,AEVO/USDT:USDT,0.1069,170.0,0.10689,19.0,0.10693,57.0,0.10694,170.0
1753520841138,09:07:21.138,AEVO/USDT:USDT,0.1069,170.0,0.10689,19.0,0.10693,57.0,0.10694,170.0
1753520841439,09:07:21.439,AEVO/USDT:USDT,0.1069,170.0,0.10689,19.0,0.10693,227.0,0.10695,19.0
1753520841530,09:07:21.530,AEVO/USDT:USDT,0.10688,170.0,0.10684,170.0,0.10692,170.0,0.10693,189.0
1753520841658,09:07:21.658,AEVO/USDT:USDT,0.10688,170.0,0.10686,19.0,0.10691,57.0,0.10693,19.0
1753520841669,09:07:21.669,AEVO/USDT:USDT,0.10688,170.0,0.10686,19.0,0.10693,19.0,0.10694,19.0
1753520841876,09:07:21.876,AEVO/USDT:USDT,0.10688,170.0,0.10686,19.0,0.10693,19.0,0.10694,19.0
1753520842226,09:07:22.226,AEVO/USDT:USDT,0.10688,170.0,0.10687,19.0,0.10693,19.0,0.10694,19.0
1753520842294,09:07:22.294,AEVO/USDT:USDT,0.10688,170.0,0.10687,19.0,0.10693,19.0,0.10694,19.0
1753520842409,09:07:22.409,AEVO/USDT:USDT,0.10689,170.0,0.10684,170.0,0.10698,170.0,0.10699,57.0
1753520842559,09:07:22.559,AEVO/USDT:USDT,0.10684,170.0,0.10678,670.0,0.10696,170.0,0.10697,95.0
1753520842656,09:07:22.656,AEVO/USDT:USDT,0.10684,170.0,0.10678,670.0,0.10694,170.0,0.10695,57.0
1753520842711,09:07:22.711,AEVO/USDT:USDT,0.10684,170.0,0.10678,670.0,0.10693,57.0,0.10696,170.0
1753520842806,09:07:22.806,AEVO/USDT:USDT,0.10684,170.0,0.10678,670.0,0.10695,57.0,0.10698,170.0
1753520842885,09:07:22.885,AEVO/USDT:USDT,0.10684,170.0,0.10678,670.0,0.10696,170.0,0.10697,57.0
1753520842985,09:07:22.985,AEVO/USDT:USDT,0.10684,170.0,0.10678,670.0,0.10694,170.0,0.10695,57.0
1753520843089,09:07:23.089,AEVO/USDT:USDT,0.10685,170.0,0.10684,38.0,0.10693,57.0,0.10696,170.0
1753520843250,09:07:23.250,AEVO/USDT:USDT,0.10685,170.0,0.10684,38.0,0.10693,170.0,0.10694,189.0
1753520843269,09:07:23.269,AEVO/USDT:USDT,0.10685,170.0,0.10684,38.0,0.10692,57.0,0.10694,189.0
1753520843369,09:07:23.369,AEVO/USDT:USDT,0.10685,170.0,0.10684,38.0,0.10693,57.0,0.10694,189.0
1753520843537,09:07:23.537,AEVO/USDT:USDT,0.10685,170.0,0.10684,38.0,0.10693,57.0,0.10694,189.0
1753520843856,09:07:23.856,AEVO/USDT:USDT,0.10685,170.0,0.10684,38.0,0.10693,227.0,0.10694,19.0
1753520843963,09:07:23.963,AEVO/USDT:USDT,0.10685,170.0,0.10684,38.0,0.10693,227.0,0.10694,19.0
1753520844061,09:07:24.061,AEVO/USDT:USDT,0.10688,7054.0,0.10685,170.0,0.10693,57.0,0.107,173.0
1753520844138,09:07:24.138,AEVO/USDT:USDT,0.1069,170.0,0.10689,2116.0,0.10697,170.0,0.10698,19.0
1753520844186,09:07:24.186,AEVO/USDT:USDT,0.1069,170.0,0.10689,2116.0,0.10695,170.0,0.10696,57.0
1753520844359,09:07:24.359,AEVO/USDT:USDT,0.1069,170.0,0.10689,2116.0,0.10694,57.0,0.10695,170.0
1753520844442,09:07:24.442,AEVO/USDT:USDT,0.1069,170.0,0.10689,2116.0,0.10694,57.0,0.10697,170.0
1753520844489,09:07:24.489,AEVO/USDT:USDT,0.1069,170.0,0.10689,2116.0,0.10695,170.0,0.10696,57.0
1753520844570,09:07:24.570,AEVO/USDT:USDT,0.1069,170.0,0.10689,2116.0,0.10694,57.0,0.10695,170.0
1753520844673,09:07:24.673,AEVO/USDT:USDT,0.1069,170.0,0.10689,2116.0,0.10694,57.0,0.10695,170.0
1753520844791,09:07:24.791,AEVO/USDT:USDT,0.1069,170.0,0.10689,2116.0,0.10694,57.0,0.10695,170.0
1753520845143,09:07:25.143,AEVO/USDT:USDT,0.1069,170.0,0.10688,38.0,0.10694,57.0,0.10695,170.0
1753520845251,09:07:25.251,AEVO/USDT:USDT,0.1069,170.0,0.10688,38.0,0.10694,227.0,0.10695,189.0
1753520845285,09:07:25.285,AEVO/USDT:USDT,0.1069,170.0,0.10688,38.0,0.10694,227.0,0.10695,189.0
1753520845423,09:07:25.423,AEVO/USDT:USDT,0.10683,170.0,0.10682,1880.0,0.10693,170.0,0.10694,57.0
1753520845494,09:07:25.494,AEVO/USDT:USDT,0.10684,170.0,0.10683,38.0,0.10692,57.0,0.10693,170.0
1753520845614,09:07:25.614,AEVO/USDT:USDT,0.10684,170.0,0.10683,38.0,0.10692,57.0,0.10693,170.0
1753520845978,09:07:25.978,AEVO/USDT:USDT,0.10684,170.0,0.10683,38.0,0.10692,227.0,0.10695,189.0
1753520846250,09:07:26.250,AEVO/USDT:USDT,0.10684,170.0,0.10683,38.0,0.10692,227.0,0.10695,189.0
1753520846435,09:07:26.435,AEVO/USDT:USDT,0.10684,170.0,0.10683,38.0,0.10692,227.0,0.10695,189.0
1753520846567,09:07:26.567,AEVO/USDT:USDT,0.10684,170.0,0.10683,38.0,0.10692,57.0,0.10695,189.0
1753520846687,09:07:26.687,AEVO/USDT:USDT,0.10684,170.0,0.10683,38.0,0.10693,170.0,0.10694,57.0
1753520846851,09:07:26.851,AEVO/USDT:USDT,0.10684,170.0,0.10683,38.0,0.10692,57.0,0.10693,170.0
1753520847118,09:07:27.118,AEVO/USDT:USDT,0.10684,170.0,0.10683,38.0,0.10692,57.0,0.10693,170.0
1753520847265,09:07:27.265,AEVO/USDT:USDT,0.10684,170.0,0.10683,38.0,0.10692,57.0,0.10693,170.0
1753520847502,09:07:27.502,AEVO/USDT:USDT,0.10684,170.0,0.10683,38.0,0.10692,227.0,0.10695,19.0
1753520847766,09:07:27.766,AEVO/USDT:USDT,0.10684,170.0,0.10683,38.0,0.10692,57.0,0.10695,19.0
1753520847874,09:07:27.874,AEVO/USDT:USDT,0.10684,170.0,0.10683,38.0,0.10694,170.0,0.10695,19.0
1753520847987,09:07:27.987,AEVO/USDT:USDT,0.10684,170.0,0.10683,38.0,0.10693,227.0,0.10695,19.0
1753520848085,09:07:28.085,AEVO/USDT:USDT,0.10684,170.0,0.10683,38.0,0.10693,227.0,0.10695,19.0
1753520848316,09:07:28.316,AEVO/USDT:USDT,0.10684,170.0,0.10683,38.0,0.10693,227.0,0.10695,19.0
1753520848414,09:07:28.414,AEVO/USDT:USDT,0.10684,170.0,0.10683,38.0,0.10693,227.0,0.10695,19.0
1753520848653,09:07:28.653,AEVO/USDT:USDT,0.10684,170.0,0.10683,38.0,0.10693,227.0,0.10695,19.0
1753520848707,09:07:28.707,AEVO/USDT:USDT,0.10684,170.0,0.10683,38.0,0.10693,227.0,0.10695,19.0
1753520848906,09:07:28.906,AEVO/USDT:USDT,0.10684,170.0,0.10683,38.0,0.10693,227.0,0.10695,19.0
1753520848975,09:07:28.975,AEVO/USDT:USDT,0.10684,170.0,0.10683,38.0,0.10693,227.0,0.10695,19.0
1753520849067,09:07:29.067,AEVO/USDT:USDT,0.10684,170.0,0.10683,38.0,0.10693,227.0,0.10695,19.0
1753520849326,09:07:29.326,AEVO/USDT:USDT,0.10684,170.0,0.10683,38.0,0.10693,227.0,0.10695,19.0
1753520849456,09:07:29.456,AEVO/USDT:USDT,0.10684,170.0,0.10683,38.0,0.10693,227.0,0.10695,19.0
1753520849606,09:07:29.606,AEVO/USDT:USDT,0.10684,170.0,0.10683,38.0,0.10693,227.0,0.10695,19.0
1753520849708,09:07:29.708,AEVO/USDT:USDT,0.10684,170.0,0.10683,38.0,0.10692,170.0,0.10693,57.0
1753520849770,09:07:29.770,AEVO/USDT:USDT,0.10684,170.0,0.10683,38.0,0.10691,57.0,0.10692,170.0
1753520849991,09:07:29.991,AEVO/USDT:USDT,0.10684,170.0,0.10683,38.0,0.10691,57.0,0.10692,170.0
1753520850149,09:07:30.149,AEVO/USDT:USDT,0.10684,170.0,0.10683,38.0,0.10691,57.0,0.10692,170.0
1753520850264,09:07:30.264,AEVO/USDT:USDT,0.10684,170.0,0.10683,38.0,0.10691,57.0,0.10695,19.0
1753520850433,09:07:30.433,AEVO/USDT:USDT,0.10684,170.0,0.10683,38.0,0.10694,166.0,0.10695,19.0
1753520850563,09:07:30.563,AEVO/USDT:USDT,0.10684,170.0,0.10683,38.0,0.10692,185.0,0.10693,57.0
1753520850585,09:07:30.585,AEVO/USDT:USDT,0.10684,170.0,0.10683,38.0,0.10691,57.0,0.10692,19.0
1753520850670,09:07:30.670,AEVO/USDT:USDT,0.10684,170.0,0.10683,38.0,0.10692,19.0,0.10693,57.0
1753520850876,09:07:30.876,AEVO/USDT:USDT,0.10684,170.0,0.10683,38.0,0.10692,19.0,0.10693,57.0
1753520851052,09:07:31.052,AEVO/USDT:USDT,0.10684,170.0,0.10683,38.0,0.10692,19.0,0.10699,57.0
1753520851399,09:07:31.399,AEVO/USDT:USDT,0.10684,170.0,0.10683,38.0,0.10692,19.0,0.10699,57.0
1753520852296,09:07:32.296,AEVO/USDT:USDT,0.10684,170.0,0.10683,38.0,0.10698,166.0,0.10699,57.0
1753520852372,09:07:32.372,AEVO/USDT:USDT,0.10684,170.0,0.10683,38.0,0.10696,166.0,0.10697,57.0
1753520852486,09:07:32.486,AEVO/USDT:USDT,0.10684,170.0,0.10683,38.0,0.10694,166.0,0.10695,57.0
1753520852620,09:07:32.620,AEVO/USDT:USDT,0.10684,170.0,0.10683,38.0,0.10693,223.0,0.10694,166.0
1753520852742,09:07:32.742,AEVO/USDT:USDT,0.10684,170.0,0.10683,38.0,0.10693,223.0,0.10696,166.0
1753520853063,09:07:33.063,AEVO/USDT:USDT,0.10684,170.0,0.10683,38.0,0.10693,57.0,0.10695,166.0
1753520853127,09:07:33.127,AEVO/USDT:USDT,0.10691,166.0,0.1069,19.0,0.10694,57.0,0.107,173.0
1753520853186,09:07:33.186,AEVO/USDT:USDT,0.10691,166.0,0.1069,19.0,0.10698,166.0,0.10699,57.0
1753520853287,09:07:33.287,AEVO/USDT:USDT,0.10691,166.0,0.1069,19.0,0.10696,166.0,0.10697,57.0
1753520853450,09:07:33.450,AEVO/USDT:USDT,0.10691,166.0,0.1069,19.0,0.10695,57.0,0.10696,166.0
1753520853526,09:07:33.526,AEVO/USDT:USDT,0.10691,166.0,0.1069,19.0,0.10695,57.0,0.10696,166.0
1753520853704,09:07:33.704,AEVO/USDT:USDT,0.10691,166.0,0.1069,19.0,0.10695,57.0,0.10696,166.0
1753520853771,09:07:33.771,AEVO/USDT:USDT,0.10691,166.0,0.1069,19.0,0.10695,223.0,0.10698,166.0
1753520853915,09:07:33.915,AEVO/USDT:USDT,0.10691,166.0,0.1069,19.0,0.10695,223.0,0.10698,166.0
1753520854008,09:07:34.008,AEVO/USDT:USDT,0.10691,166.0,0.1069,19.0,0.10695,223.0,0.10698,166.0
1753520854146,09:07:34.146,AEVO/USDT:USDT,0.10691,166.0,0.10684,170.0,0.10695,223.0,0.10696,19.0
1753520854183,09:07:34.183,AEVO/USDT:USDT,0.10691,166.0,0.10684,170.0,0.10694,166.0,0.10695,57.0
1753520854349,09:07:34.349,AEVO/USDT:USDT,0.10687,166.0,0.10686,2282.0,0.10694,166.0,0.10696,19.0
1753520854461,09:07:34.461,AEVO/USDT:USDT,0.10687,166.0,0.10686,2116.0,0.10693,57.0,0.10694,166.0
1753520854486,09:07:34.486,AEVO/USDT:USDT,0.10687,166.0,0.10686,2116.0,0.10693,57.0,0.10694,166.0
1753520854763,09:07:34.763,AEVO/USDT:USDT,0.10687,166.0,0.10686,2116.0,0.10693,57.0,0.10696,19.0
1753520854846,09:07:34.846,AEVO/USDT:USDT,0.1069,2282.0,0.10689,7092.0,0.10697,223.0,0.107,173.0
1753520854925,09:07:34.925,AEVO/USDT:USDT,0.10691,166.0,0.10689,38.0,0.10696,166.0,0.10697,57.0
1753520855013,09:07:35.013,AEVO/USDT:USDT,0.10691,166.0,0.10689,38.0,0.10695,57.0,0.10696,166.0
1753520855246,09:07:35.246,AEVO/USDT:USDT,0.10691,166.0,0.10689,38.0,0.10695,57.0,0.10697,19.0
1753520855361,09:07:35.361,AEVO/USDT:USDT,0.10691,166.0,0.10689,38.0,0.10697,185.0,0.10699,57.0
1753520855384,09:07:35.384,AEVO/USDT:USDT,0.10691,166.0,0.10689,38.0,0.10696,223.0,0.10697,185.0
1753520855535,09:07:35.535,AEVO/USDT:USDT,0.10691,166.0,0.10689,38.0,0.10696,223.0,0.10697,19.0
1753520855600,09:07:35.600,AEVO/USDT:USDT,0.10691,166.0,0.10689,38.0,0.10696,223.0,0.10697,19.0
1753520855739,09:07:35.739,AEVO/USDT:USDT,0.10691,166.0,0.10689,38.0,0.10696,223.0,0.10697,19.0
1753520855885,09:07:35.885,AEVO/USDT:USDT,0.10691,166.0,0.10689,38.0,0.10696,57.0,0.10697,19.0
1753520855972,09:07:35.972,AEVO/USDT:USDT,0.10691,166.0,0.10689,38.0,0.10696,166.0,0.10697,19.0
1753520856073,09:07:36.073,AEVO/USDT:USDT,0.10691,166.0,0.10689,38.0,0.10695,57.0,0.10696,166.0
1753520856424,09:07:36.424,AEVO/USDT:USDT,0.10691,166.0,0.10689,19.0,0.10695,223.0,0.10697,19.0
1753520856842,09:07:36.842,AEVO/USDT:USDT,0.10691,166.0,0.10689,19.0,0.10695,57.0,0.10697,19.0
1753520856876,09:07:36.876,AEVO/USDT:USDT,0.10691,166.0,0.10689,19.0,0.10696,166.0,0.10697,38.0
1753520856971,09:07:36.971,AEVO/USDT:USDT,0.10691,166.0,0.10689,19.0,0.10695,57.0,0.10696,166.0
1753520857241,09:07:37.241,AEVO/USDT:USDT,0.10691,166.0,0.10689,19.0,0.10695,57.0,0.10696,166.0
1753520857346,09:07:37.346,AEVO/USDT:USDT,0.10691,166.0,0.10689,19.0,0.10695,223.0,0.10697,38.0
1753520858460,09:07:38.460,AEVO/USDT:USDT,0.10691,166.0,0.10689,19.0,0.10695,223.0,0.10697,38.0
1753520859058,09:07:39.058,AEVO/USDT:USDT,0.10691,166.0,0.10689,19.0,0.10695,242.0,0.10696,19.0
1753520859254,09:07:39.254,AEVO/USDT:USDT,0.10688,166.0,0.10687,19.0,0.10695,76.0,0.10696,19.0
1753520859321,09:07:39.321,AEVO/USDT:USDT,0.10688,166.0,0.10687,19.0,0.10695,185.0,0.10696,19.0
1753520859370,09:07:39.370,AEVO/USDT:USDT,0.10688,166.0,0.10687,19.0,0.10694,57.0,0.10695,185.0
1753520859592,09:07:39.592,AEVO/USDT:USDT,0.10688,166.0,0.10687,19.0,0.10694,57.0,0.10695,185.0
1753520859702,09:07:39.702,AEVO/USDT:USDT,0.10688,166.0,0.10687,19.0,0.10694,57.0,0.10695,185.0
1753520860131,09:07:40.131,AEVO/USDT:USDT,0.10688,166.0,0.10687,19.0,0.10694,57.0,0.10695,185.0
1753520860339,09:07:40.339,AEVO/USDT:USDT,0.10688,166.0,0.10687,19.0,0.10694,225.0,0.10695,185.0
1753520860428,09:07:40.428,AEVO/USDT:USDT,0.10688,166.0,0.10687,19.0,0.10694,225.0,0.10695,19.0
1753520860520,09:07:40.520,AEVO/USDT:USDT,0.10688,166.0,0.10687,19.0,0.10694,225.0,0.10695,19.0
1753520860885,09:07:40.885,AEVO/USDT:USDT,0.10688,166.0,0.10687,19.0,0.10694,225.0,0.10695,19.0
1753520860982,09:07:40.982,AEVO/USDT:USDT,0.10688,166.0,0.10687,19.0,0.10694,225.0,0.10695,19.0
1753520861335,09:07:41.335,AEVO/USDT:USDT,0.10688,166.0,0.10687,19.0,0.10694,225.0,0.10695,19.0
1753520861450,09:07:41.450,AEVO/USDT:USDT,0.1069,19.0,0.10689,38.0,0.10693,168.0,0.10694,57.0
1753520861499,09:07:41.499,AEVO/USDT:USDT,0.10689,19.0,0.10688,19.0,0.10693,168.0,0.107,173.0
1753520861654,09:07:41.654,AEVO/USDT:USDT,0.10689,19.0,0.10688,19.0,0.10691,168.0,0.10692,57.0
1753520861716,09:07:41.716,AEVO/USDT:USDT,0.10688,168.0,0.10687,19.0,0.107,173.0,0.10701,500.0
1753520861786,09:07:41.786,AEVO/USDT:USDT,0.10688,168.0,0.10687,19.0,0.10698,168.0,0.10699,57.0
1753520861874,09:07:41.874,AEVO/USDT:USDT,0.10688,168.0,0.10687,19.0,0.10696,168.0,0.10697,57.0
1753520862036,09:07:42.036,AEVO/USDT:USDT,0.10688,168.0,0.10687,19.0,0.10694,168.0,0.10695,76.0
1753520862149,09:07:42.149,AEVO/USDT:USDT,0.10688,168.0,0.10687,19.0,0.10692,168.0,0.10693,57.0
1753520862195,09:07:42.195,AEVO/USDT:USDT,0.10688,168.0,0.10687,19.0,0.10691,57.0,0.10695,19.0
1753520862354,09:07:42.354,AEVO/USDT:USDT,0.10688,168.0,0.10686,2284.0,0.10694,168.0,0.10695,76.0
1753520862397,09:07:42.397,AEVO/USDT:USDT,0.10688,168.0,0.10686,2284.0,0.10693,225.0,0.10695,19.0
1753520862468,09:07:42.468,AEVO/USDT:USDT,0.10688,168.0,0.10686,2284.0,0.10693,225.0,0.10694,19.0
1753520862612,09:07:42.612,AEVO/USDT:USDT,0.10688,168.0,0.10686,2284.0,0.10693,225.0,0.10694,19.0
1753520862857,09:07:42.857,AEVO/USDT:USDT,0.10688,168.0,0.10687,19.0,0.10693,57.0,0.10694,19.0
1753520862898,09:07:42.898,AEVO/USDT:USDT,0.10688,168.0,0.10687,38.0,0.10694,168.0,0.10695,95.0
1753520863052,09:07:43.052,AEVO/USDT:USDT,0.10688,168.0,0.10687,38.0,0.10693,57.0,0.10694,168.0
1753520863420,09:07:43.420,AEVO/USDT:USDT,0.10688,168.0,0.10687,38.0,0.10693,57.0,0.10694,168.0
1753520863522,09:07:43.522,AEVO/USDT:USDT,0.10688,168.0,0.10687,38.0,0.10693,225.0,0.10695,38.0
1753520863658,09:07:43.658,AEVO/USDT:USDT,0.10688,168.0,0.10687,38.0,0.10693,225.0,0.10695,38.0
1753520863844,09:07:43.844,AEVO/USDT:USDT,0.10688,168.0,0.10687,38.0,0.10693,57.0,0.10694,168.0
1753520864060,09:07:44.060,AEVO/USDT:USDT,0.10688,168.0,0.10687,38.0,0.10693,57.0,0.10695,38.0
1753520864157,09:07:44.157,AEVO/USDT:USDT,0.10688,168.0,0.10687,38.0,0.10694,168.0,0.10695,19.0
1753520864234,09:07:44.234,AEVO/USDT:USDT,0.10688,168.0,0.10687,38.0,0.10693,57.0,0.10694,168.0
1753520864296,09:07:44.296,AEVO/USDT:USDT,0.10688,168.0,0.10687,38.0,0.10693,225.0,0.10695,19.0
1753520864651,09:07:44.651,AEVO/USDT:USDT,0.10688,168.0,0.10687,38.0,0.10693,225.0,0.10695,19.0
1753520865213,09:07:45.213,AEVO/USDT:USDT,0.10688,168.0,0.10687,38.0,0.10693,57.0,0.10695,19.0
1753520865285,09:07:45.285,AEVO/USDT:USDT,0.10688,168.0,0.10687,38.0,0.10694,168.0,0.10695,19.0
1753520865370,09:07:45.370,AEVO/USDT:USDT,0.10688,168.0,0.10687,38.0,0.10693,57.0,0.10694,168.0
1753520865469,09:07:45.469,AEVO/USDT:USDT,0.10688,168.0,0.10687,38.0,0.10693,57.0,0.10694,168.0
1753520865814,09:07:45.814,AEVO/USDT:USDT,0.10688,168.0,0.10687,38.0,0.10693,57.0,0.10694,168.0
1753520865883,09:07:45.883,AEVO/USDT:USDT,0.10688,168.0,0.10687,38.0,0.10693,57.0,0.10694,168.0
1753520866003,09:07:46.003,AEVO/USDT:USDT,0.10688,168.0,0.10687,38.0,0.10693,57.0,0.10694,168.0
1753520866165,09:07:46.165,AEVO/USDT:USDT,0.10688,168.0,0.10687,38.0,0.10693,57.0,0.10694,168.0
1753520866350,09:07:46.350,AEVO/USDT:USDT,0.10688,168.0,0.10687,38.0,0.10693,57.0,0.10694,168.0
1753520866650,09:07:46.650,AEVO/USDT:USDT,0.10688,168.0,0.10687,19.0,0.10693,57.0,0.10694,168.0
1753520867112,09:07:47.112,AEVO/USDT:USDT,0.10688,168.0,0.10687,38.0,0.10693,57.0,0.10694,168.0
1753520867580,09:07:47.580,AEVO/USDT:USDT,0.10688,168.0,0.10687,38.0,0.10693,57.0,0.10694,168.0
1753520868182,09:07:48.182,AEVO/USDT:USDT,0.10688,168.0,0.10687,38.0,0.10693,57.0,0.107,173.0
1753520868289,09:07:48.289,AEVO/USDT:USDT,0.10688,168.0,0.10687,19.0,0.10698,168.0,0.10699,57.0
1753520868403,09:07:48.403,AEVO/USDT:USDT,0.10688,168.0,0.10687,19.0,0.10696,168.0,0.10697,57.0
1753520868486,09:07:48.486,AEVO/USDT:USDT,0.10688,168.0,0.10687,19.0,0.10694,168.0,0.10695,57.0
1753520868569,09:07:48.569,AEVO/USDT:USDT,0.10688,168.0,0.10687,19.0,0.10693,57.0,0.10694,168.0
1753520868792,09:07:48.792,AEVO/USDT:USDT,0.10688,168.0,0.10687,19.0,0.10693,57.0,0.10694,168.0
1753520869226,09:07:49.226,AEVO/USDT:USDT,0.10688,168.0,0.10687,19.0,0.10693,57.0,0.10694,168.0
1753520869449,09:07:49.449,AEVO/USDT:USDT,0.10688,168.0,0.10687,19.0,0.10693,57.0,0.10694,168.0
1753520869647,09:07:49.647,AEVO/USDT:USDT,0.10688,168.0,0.10686,2284.0,0.10693,225.0,0.10694,19.0
1753520869848,09:07:49.848,AEVO/USDT:USDT,0.10688,168.0,0.10686,2284.0,0.10693,57.0,0.10694,19.0
1753520869883,09:07:49.883,AEVO/USDT:USDT,0.10688,168.0,0.10686,2284.0,0.10693,168.0,0.10694,19.0
1753520870038,09:07:50.038,AEVO/USDT:USDT,0.10688,168.0,0.10686,2284.0,0.10692,57.0,0.10694,19.0
1753520870141,09:07:50.141,AEVO/USDT:USDT,0.10688,168.0,0.10686,2284.0,0.10693,171.0,0.10694,19.0
1753520870170,09:07:50.170,AEVO/USDT:USDT,0.10688,168.0,0.10686,2284.0,0.10692,57.0,0.10693,171.0
1753520870361,09:07:50.361,AEVO/USDT:USDT,0.10688,168.0,0.10686,2284.0,0.10692,57.0,0.10693,171.0
1753520870513,09:07:50.513,AEVO/USDT:USDT,0.10688,168.0,0.10687,19.0,0.10692,57.0,0.10698,168.0
1753520870586,09:07:50.586,AEVO/USDT:USDT,0.10688,168.0,0.10687,19.0,0.10696,171.0,0.10697,57.0
1753520870676,09:07:50.676,AEVO/USDT:USDT,0.10688,168.0,0.10687,19.0,0.10694,171.0,0.10695,76.0
1753520870770,09:07:50.770,AEVO/USDT:USDT,0.10688,168.0,0.10687,19.0,0.10693,57.0,0.10694,171.0
1753520871087,09:07:51.087,AEVO/USDT:USDT,0.10689,171.0,0.10688,19.0,0.10693,57.0,0.10694,171.0
1753520871262,09:07:51.262,AEVO/USDT:USDT,0.10689,190.0,0.10688,38.0,0.10693,57.0,0.10694,171.0
1753520871266,09:07:51.266,AEVO/USDT:USDT,0.1069,171.0,0.10689,19.0,0.10693,57.0,0.10694,171.0
1753520871549,09:07:51.549,AEVO/USDT:USDT,0.10689,190.0,0.10688,38.0,0.10693,228.0,0.10696,171.0
1753520871606,09:07:51.606,AEVO/USDT:USDT,0.10689,171.0,0.10686,2284.0,0.10693,57.0,0.10696,171.0
1753520871686,09:07:51.686,AEVO/USDT:USDT,0.10689,171.0,0.10686,2284.0,0.10694,171.0,0.10695,57.0
1753520871857,09:07:51.857,AEVO/USDT:USDT,0.10689,171.0,0.10688,19.0,0.10693,228.0,0.10694,19.0
1753520872056,09:07:52.056,AEVO/USDT:USDT,0.10689,171.0,0.10688,38.0,0.10693,57.0,0.10696,19.0
1753520872072,09:07:52.072,AEVO/USDT:USDT,0.10689,171.0,0.10688,38.0,0.10695,171.0,0.10696,19.0
1753520872186,09:07:52.186,AEVO/USDT:USDT,0.10689,171.0,0.10688,38.0,0.10694,228.0,0.10696,19.0
1753520872487,09:07:52.487,AEVO/USDT:USDT,0.10689,171.0,0.10688,38.0,0.10694,228.0,0.10696,19.0
