timestamp,time,symbol,bid1_price,bid1_volume,bid2_price,bid2_volume,ask1_price,ask1_volume,ask2_price,ask2_volume
1753520626000,09:03:46.000,AAVE/USDT:USDT,297.81,17.0,297.79,101.0,297.88,128.0,297.89,158.0
1753520626862,09:03:46.862,AAVE/USDT:USDT,297.81,17.0,297.79,101.0,297.88,153.0,297.89,158.0
1753520627381,09:03:47.381,AAVE/USDT:USDT,297.84,17.0,297.79,101.0,297.89,97.0,297.91,70.0
1753520627410,09:03:47.410,AAVE/USDT:USDT,297.84,17.0,297.79,101.0,297.89,97.0,297.91,70.0
1753520627511,09:03:47.511,AAVE/USDT:USDT,297.84,17.0,297.79,101.0,297.89,97.0,297.91,70.0
1753520627685,09:03:47.685,AAVE/USDT:USDT,297.81,17.0,297.8,101.0,297.89,97.0,297.91,70.0
1753520627815,09:03:47.815,AAVE/USDT:USDT,297.81,17.0,297.8,101.0,297.89,97.0,297.9,61.0
1753520627906,09:03:47.906,AAVE/USDT:USDT,297.81,17.0,297.8,101.0,297.89,97.0,297.9,61.0
1753520628079,09:03:48.079,AAVE/USDT:USDT,297.81,17.0,297.8,101.0,297.89,97.0,297.9,61.0
1753520628158,09:03:48.158,AAVE/USDT:USDT,297.81,17.0,297.8,101.0,297.89,97.0,297.9,61.0
1753520628210,09:03:48.210,AAVE/USDT:USDT,297.81,17.0,297.8,101.0,297.89,97.0,297.9,61.0
1753520628421,09:03:48.421,AAVE/USDT:USDT,297.81,17.0,297.8,101.0,297.89,97.0,297.9,61.0
1753520628569,09:03:48.569,AAVE/USDT:USDT,297.81,101.0,297.76,119.0,297.89,122.0,297.9,61.0
1753520628672,09:03:48.672,AAVE/USDT:USDT,297.81,101.0,297.76,119.0,297.89,122.0,297.9,61.0
1753520628731,09:03:48.731,AAVE/USDT:USDT,297.81,101.0,297.76,119.0,297.89,122.0,297.9,61.0
1753520628810,09:03:48.810,AAVE/USDT:USDT,297.81,101.0,297.76,119.0,297.89,122.0,297.9,61.0
1753520629141,09:03:49.141,AAVE/USDT:USDT,297.81,101.0,297.76,119.0,297.89,122.0,297.9,61.0
1753520629247,09:03:49.247,AAVE/USDT:USDT,297.81,101.0,297.76,119.0,297.89,122.0,297.9,61.0
1753520629361,09:03:49.361,AAVE/USDT:USDT,297.81,101.0,297.76,119.0,297.89,122.0,297.9,61.0
1753520629401,09:03:49.401,AAVE/USDT:USDT,297.81,101.0,297.76,119.0,297.89,122.0,297.9,61.0
1753520629712,09:03:49.712,AAVE/USDT:USDT,297.81,101.0,297.76,119.0,297.89,122.0,297.9,61.0
1753520629943,09:03:49.943,AAVE/USDT:USDT,297.81,101.0,297.76,119.0,297.89,122.0,297.9,61.0
1753520630076,09:03:50.076,AAVE/USDT:USDT,297.81,101.0,297.76,119.0,297.89,122.0,297.9,61.0
1753520630113,09:03:50.113,AAVE/USDT:USDT,297.81,101.0,297.76,119.0,297.89,122.0,297.9,61.0
1753520630203,09:03:50.203,AAVE/USDT:USDT,297.81,101.0,297.76,119.0,297.89,122.0,297.9,61.0
1753520631186,09:03:51.186,AAVE/USDT:USDT,297.81,17.0,297.8,17.0,297.89,122.0,297.9,61.0
1753520631271,09:03:51.271,AAVE/USDT:USDT,297.82,17.0,297.79,101.0,297.89,122.0,297.9,61.0
1753520631376,09:03:51.376,AAVE/USDT:USDT,297.82,17.0,297.79,101.0,297.89,122.0,297.9,61.0
1753520631689,09:03:51.689,AAVE/USDT:USDT,297.83,17.0,297.79,101.0,297.89,122.0,297.9,61.0
1753520631794,09:03:51.794,AAVE/USDT:USDT,297.83,17.0,297.79,101.0,297.89,122.0,297.9,61.0
1753520632521,09:03:52.521,AAVE/USDT:USDT,297.83,118.0,297.79,101.0,297.89,97.0,297.9,61.0
1753520632601,09:03:52.601,AAVE/USDT:USDT,297.83,118.0,297.79,101.0,297.89,97.0,297.9,61.0
1753520632729,09:03:52.729,AAVE/USDT:USDT,297.84,17.0,297.83,101.0,297.89,97.0,297.9,61.0
1753520632885,09:03:52.885,AAVE/USDT:USDT,297.85,17.0,297.84,101.0,297.91,70.0,297.92,241.0
1753520632955,09:03:52.955,AAVE/USDT:USDT,297.85,17.0,297.84,101.0,297.91,70.0,297.92,238.0
1753520633061,09:03:53.061,AAVE/USDT:USDT,297.85,17.0,297.84,101.0,297.91,70.0,297.92,238.0
1753520633382,09:03:53.382,AAVE/USDT:USDT,297.83,101.0,297.8,114.0,297.91,126.0,297.92,139.0
1753520633456,09:03:53.456,AAVE/USDT:USDT,297.83,101.0,297.8,114.0,297.91,101.0,297.92,139.0
1753520633993,09:03:53.993,AAVE/USDT:USDT,297.84,48.0,297.83,101.0,297.93,101.0,297.94,97.0
1753520634082,09:03:54.082,AAVE/USDT:USDT,297.89,17.0,297.86,101.0,297.95,101.0,297.96,48.0
1753520634185,09:03:54.185,AAVE/USDT:USDT,297.92,17.0,297.86,215.0,297.97,126.0,297.98,104.0
1753520634289,09:03:54.289,AAVE/USDT:USDT,297.93,17.0,297.86,215.0,297.97,101.0,297.98,25.0
1753520634388,09:03:54.388,AAVE/USDT:USDT,297.93,17.0,297.86,215.0,297.97,101.0,297.98,25.0
1753520634482,09:03:54.482,AAVE/USDT:USDT,297.87,101.0,297.86,237.0,297.97,101.0,297.98,25.0
1753520634579,09:03:54.579,AAVE/USDT:USDT,297.92,17.0,297.91,17.0,297.97,101.0,297.98,25.0
1753520634673,09:03:54.673,AAVE/USDT:USDT,297.87,101.0,297.86,237.0,297.97,101.0,297.99,217.0
1753520634705,09:03:54.705,AAVE/USDT:USDT,297.87,101.0,297.86,237.0,297.97,101.0,297.99,217.0
1753520634858,09:03:54.858,AAVE/USDT:USDT,297.87,101.0,297.86,237.0,297.97,101.0,297.99,217.0
1753520634902,09:03:54.902,AAVE/USDT:USDT,297.87,101.0,297.86,237.0,297.97,101.0,297.99,217.0
1753520635021,09:03:55.021,AAVE/USDT:USDT,297.87,101.0,297.86,237.0,297.97,101.0,297.99,217.0
1753520635111,09:03:55.111,AAVE/USDT:USDT,297.87,101.0,297.86,237.0,297.97,101.0,297.99,217.0
1753520635399,09:03:55.399,AAVE/USDT:USDT,297.89,17.0,297.88,48.0,297.97,101.0,297.99,217.0
1753520635433,09:03:55.433,AAVE/USDT:USDT,297.92,17.0,297.88,101.0,297.97,101.0,297.99,217.0
1753520635551,09:03:55.551,AAVE/USDT:USDT,297.92,17.0,297.88,101.0,297.97,101.0,297.99,217.0
1753520635602,09:03:55.602,AAVE/USDT:USDT,297.92,17.0,297.88,101.0,297.97,101.0,297.99,217.0
1753520635715,09:03:55.715,AAVE/USDT:USDT,297.92,17.0,297.88,101.0,297.97,101.0,297.99,217.0
1753520635896,09:03:55.896,AAVE/USDT:USDT,297.88,101.0,297.86,237.0,297.97,101.0,297.99,217.0
1753520635951,09:03:55.951,AAVE/USDT:USDT,297.88,101.0,297.86,237.0,297.97,101.0,297.99,217.0
1753520636002,09:03:56.002,AAVE/USDT:USDT,297.88,101.0,297.86,237.0,297.97,101.0,297.99,217.0
1753520636662,09:03:56.662,AAVE/USDT:USDT,297.85,101.0,297.84,97.0,297.96,238.0,297.97,239.0
1753520636703,09:03:56.703,AAVE/USDT:USDT,297.85,101.0,297.84,97.0,297.96,238.0,297.97,239.0
1753520636897,09:03:56.897,AAVE/USDT:USDT,297.86,422.0,297.85,101.0,297.96,101.0,297.99,217.0
1753520636981,09:03:56.981,AAVE/USDT:USDT,297.91,17.0,297.88,101.0,297.96,101.0,297.99,217.0
1753520637094,09:03:57.094,AAVE/USDT:USDT,297.91,17.0,297.88,101.0,297.96,101.0,297.99,217.0
1753520637287,09:03:57.287,AAVE/USDT:USDT,297.91,17.0,297.9,31.0,297.99,351.0,298.0,389.0
1753520637397,09:03:57.397,AAVE/USDT:USDT,297.91,17.0,297.88,101.0,297.98,196.0,297.99,326.0
1753520637405,09:03:57.405,AAVE/USDT:USDT,297.91,17.0,297.88,101.0,297.98,196.0,297.99,326.0
1753520637899,09:03:57.899,AAVE/USDT:USDT,297.93,17.0,297.88,101.0,297.99,120.0,298.0,389.0
1753520637983,09:03:57.983,AAVE/USDT:USDT,297.94,17.0,297.88,101.0,297.99,117.0,298.0,389.0
1753520638064,09:03:58.064,AAVE/USDT:USDT,297.94,17.0,297.88,101.0,297.99,117.0,298.0,389.0
1753520638393,09:03:58.393,AAVE/USDT:USDT,297.94,17.0,297.88,101.0,297.99,117.0,298.0,450.0
1753520638484,09:03:58.484,AAVE/USDT:USDT,297.91,17.0,297.9,118.0,297.99,117.0,298.0,450.0
1753520638584,09:03:58.584,AAVE/USDT:USDT,297.93,17.0,297.9,101.0,297.99,117.0,298.0,450.0
1753520638601,09:03:58.601,AAVE/USDT:USDT,297.93,17.0,297.9,101.0,297.99,117.0,298.0,450.0
1753520638799,09:03:58.799,AAVE/USDT:USDT,297.9,101.0,297.88,209.0,297.99,117.0,298.0,450.0
1753520638885,09:03:58.885,AAVE/USDT:USDT,297.9,101.0,297.88,209.0,297.99,117.0,298.0,450.0
1753520638902,09:03:58.902,AAVE/USDT:USDT,297.9,101.0,297.88,209.0,297.99,117.0,298.0,450.0
1753520639097,09:03:59.097,AAVE/USDT:USDT,297.92,101.0,297.91,222.0,298.0,389.0,298.01,3.0
1753520639188,09:03:59.188,AAVE/USDT:USDT,297.98,17.0,297.93,101.0,298.04,104.0,298.07,193.0
1753520639278,09:03:59.278,AAVE/USDT:USDT,297.98,17.0,297.93,216.0,298.02,165.0,298.04,129.0
1753520639321,09:03:59.321,AAVE/USDT:USDT,297.98,17.0,297.93,216.0,298.02,165.0,298.04,129.0
1753520639402,09:03:59.402,AAVE/USDT:USDT,297.98,17.0,297.93,216.0,298.02,165.0,298.04,129.0
1753520639738,09:03:59.738,AAVE/USDT:USDT,297.98,17.0,297.93,216.0,298.02,165.0,298.04,129.0
1753520640083,09:04:00.083,AAVE/USDT:USDT,297.98,17.0,297.93,216.0,298.02,165.0,298.04,193.0
1753520640102,09:04:00.102,AAVE/USDT:USDT,297.98,17.0,297.93,216.0,298.02,165.0,298.04,193.0
1753520640285,09:04:00.285,AAVE/USDT:USDT,297.98,17.0,297.97,48.0,298.02,165.0,298.04,101.0
1753520640383,09:04:00.383,AAVE/USDT:USDT,297.99,17.0,297.93,216.0,298.02,165.0,298.04,101.0
1753520640448,09:04:00.448,AAVE/USDT:USDT,297.99,25.0,297.93,216.0,298.02,165.0,298.04,101.0
1753520640544,09:04:00.544,AAVE/USDT:USDT,297.99,25.0,297.93,216.0,298.02,165.0,298.04,101.0
1753520640647,09:04:00.647,AAVE/USDT:USDT,297.99,8.0,297.93,216.0,298.02,165.0,298.04,101.0
1753520640773,09:04:00.773,AAVE/USDT:USDT,297.99,8.0,297.93,216.0,298.02,165.0,298.07,99.0
1753520641021,09:04:01.021,AAVE/USDT:USDT,297.99,8.0,297.93,216.0,298.02,165.0,298.07,99.0
1753520641141,09:04:01.141,AAVE/USDT:USDT,297.99,8.0,297.93,216.0,298.02,165.0,298.07,99.0
1753520641668,09:04:01.668,AAVE/USDT:USDT,298.0,17.0,297.96,101.0,298.02,165.0,298.07,99.0
1753520641784,09:04:01.784,AAVE/USDT:USDT,297.94,101.0,297.91,174.0,298.02,165.0,298.07,99.0
1753520641878,09:04:01.878,AAVE/USDT:USDT,297.96,118.0,297.91,174.0,298.02,165.0,298.07,99.0
1753520641902,09:04:01.902,AAVE/USDT:USDT,297.96,118.0,297.91,174.0,298.02,165.0,298.07,99.0
1753520642181,09:04:02.181,AAVE/USDT:USDT,297.98,17.0,297.95,101.0,298.02,165.0,298.07,99.0
1753520642202,09:04:02.202,AAVE/USDT:USDT,297.98,17.0,297.95,101.0,298.02,165.0,298.07,99.0
1753520642300,09:04:02.300,AAVE/USDT:USDT,297.98,17.0,297.95,101.0,298.02,165.0,298.07,99.0
1753520642405,09:04:02.405,AAVE/USDT:USDT,297.98,17.0,297.95,101.0,298.02,165.0,298.07,99.0
1753520643021,09:04:03.021,AAVE/USDT:USDT,297.98,17.0,297.95,101.0,298.02,165.0,298.07,99.0
1753520643121,09:04:03.121,AAVE/USDT:USDT,297.98,17.0,297.95,101.0,298.02,165.0,298.07,99.0
1753520643291,09:04:03.291,AAVE/USDT:USDT,297.95,101.0,297.94,97.0,298.02,165.0,298.07,99.0
1753520643498,09:04:03.498,AAVE/USDT:USDT,297.97,17.0,297.96,132.0,298.02,165.0,298.07,99.0
1753520643551,09:04:03.551,AAVE/USDT:USDT,297.98,17.0,297.96,101.0,298.02,165.0,298.07,99.0
1753520643655,09:04:03.655,AAVE/USDT:USDT,297.98,17.0,297.96,101.0,298.02,165.0,298.07,99.0
1753520643899,09:04:03.899,AAVE/USDT:USDT,297.98,25.0,297.96,101.0,298.02,165.0,298.07,99.0
1753520643921,09:04:03.921,AAVE/USDT:USDT,297.99,17.0,297.96,101.0,298.02,165.0,298.07,99.0
1753520644298,09:04:04.298,AAVE/USDT:USDT,297.95,48.0,297.94,17.0,298.02,165.0,298.07,99.0
1753520644385,09:04:04.385,AAVE/USDT:USDT,297.97,17.0,297.92,98.0,298.02,165.0,298.07,99.0
1753520644489,09:04:04.489,AAVE/USDT:USDT,297.97,17.0,297.92,213.0,298.02,165.0,298.07,99.0
1753520644593,09:04:04.593,AAVE/USDT:USDT,297.97,17.0,297.92,294.0,298.02,165.0,298.07,99.0
1753520644692,09:04:04.692,AAVE/USDT:USDT,297.97,17.0,297.92,294.0,298.02,165.0,298.07,99.0
1753520644763,09:04:04.763,AAVE/USDT:USDT,297.97,17.0,297.92,294.0,298.02,165.0,298.07,99.0
1753520645021,09:04:05.021,AAVE/USDT:USDT,297.97,17.0,297.92,294.0,298.02,165.0,298.07,99.0
1753520645303,09:04:05.303,AAVE/USDT:USDT,297.97,17.0,297.92,294.0,298.02,165.0,298.07,99.0
1753520645481,09:04:05.481,AAVE/USDT:USDT,297.97,17.0,297.96,17.0,298.02,165.0,298.07,99.0
1753520645531,09:04:05.531,AAVE/USDT:USDT,297.97,17.0,297.94,98.0,298.02,165.0,298.07,99.0
1753520645635,09:04:05.635,AAVE/USDT:USDT,297.97,17.0,297.94,98.0,298.02,165.0,298.07,99.0
1753520646282,09:04:06.282,AAVE/USDT:USDT,297.95,155.0,297.94,98.0,298.02,165.0,298.07,99.0
1753520646364,09:04:06.364,AAVE/USDT:USDT,297.98,48.0,297.96,98.0,298.02,165.0,298.07,99.0
1753520646415,09:04:06.415,AAVE/USDT:USDT,297.98,48.0,297.96,98.0,298.02,165.0,298.07,99.0
1753520646503,09:04:06.503,AAVE/USDT:USDT,297.98,48.0,297.96,98.0,298.02,165.0,298.07,99.0
1753520646790,09:04:06.790,AAVE/USDT:USDT,297.99,25.0,297.96,98.0,298.02,165.0,298.07,99.0
1753520647031,09:04:07.031,AAVE/USDT:USDT,297.99,25.0,297.96,98.0,298.02,165.0,298.07,99.0
1753520647675,09:04:07.675,AAVE/USDT:USDT,297.99,25.0,297.96,98.0,298.02,165.0,298.07,99.0
1753520647781,09:04:07.781,AAVE/USDT:USDT,297.96,98.0,297.95,124.0,298.02,165.0,298.07,99.0
1753520648061,09:04:08.061,AAVE/USDT:USDT,297.96,98.0,297.95,124.0,298.02,165.0,298.07,99.0
1753520648448,09:04:08.448,AAVE/USDT:USDT,297.96,98.0,297.95,124.0,298.02,165.0,298.07,99.0
1753520648782,09:04:08.782,AAVE/USDT:USDT,298.01,17.0,297.97,146.0,298.02,165.0,298.07,99.0
1753520648884,09:04:08.884,AAVE/USDT:USDT,297.97,98.0,297.96,98.0,298.02,165.0,298.07,99.0
1753520648929,09:04:08.929,AAVE/USDT:USDT,297.97,98.0,297.95,124.0,298.02,165.0,298.07,99.0
1753520649037,09:04:09.037,AAVE/USDT:USDT,297.97,98.0,297.95,124.0,298.02,165.0,298.07,99.0
1753520649283,09:04:09.283,AAVE/USDT:USDT,297.99,17.0,297.97,98.0,298.02,165.0,298.07,99.0
1753520649382,09:04:09.382,AAVE/USDT:USDT,297.99,17.0,297.97,98.0,298.02,165.0,298.07,99.0
1753520649592,09:04:09.592,AAVE/USDT:USDT,297.99,17.0,297.97,98.0,298.02,165.0,298.07,99.0
1753520649962,09:04:09.962,AAVE/USDT:USDT,297.99,17.0,297.95,124.0,298.02,165.0,298.07,99.0
1753520650003,09:04:10.003,AAVE/USDT:USDT,297.99,17.0,297.95,124.0,298.02,165.0,298.07,99.0
1753520650121,09:04:10.121,AAVE/USDT:USDT,297.99,17.0,297.95,124.0,298.02,165.0,298.07,99.0
1753520650258,09:04:10.258,AAVE/USDT:USDT,297.99,17.0,297.95,124.0,298.02,165.0,298.07,99.0
1753520650482,09:04:10.482,AAVE/USDT:USDT,297.99,17.0,297.98,17.0,298.02,165.0,298.07,99.0
1753520650541,09:04:10.541,AAVE/USDT:USDT,297.99,17.0,297.96,98.0,298.02,165.0,298.07,99.0
1753520650629,09:04:10.629,AAVE/USDT:USDT,297.99,17.0,297.96,98.0,298.02,165.0,298.07,99.0
1753520650774,09:04:10.774,AAVE/USDT:USDT,297.99,17.0,297.96,98.0,298.02,165.0,298.07,99.0
1753520651351,09:04:11.351,AAVE/USDT:USDT,297.99,17.0,297.96,98.0,298.02,165.0,298.07,99.0
1753520651571,09:04:11.571,AAVE/USDT:USDT,297.96,98.0,297.95,124.0,298.02,165.0,298.07,99.0
1753520652062,09:04:12.062,AAVE/USDT:USDT,297.96,98.0,297.95,124.0,298.02,165.0,298.07,99.0
1753520652285,09:04:12.285,AAVE/USDT:USDT,297.99,17.0,297.97,98.0,298.02,165.0,298.07,99.0
1753520652310,09:04:12.310,AAVE/USDT:USDT,297.99,17.0,297.97,98.0,298.02,165.0,298.07,99.0
1753520652428,09:04:12.428,AAVE/USDT:USDT,297.99,17.0,297.97,98.0,298.02,165.0,298.07,99.0
1753520653161,09:04:13.161,AAVE/USDT:USDT,297.99,17.0,297.97,98.0,298.02,165.0,298.07,99.0
1753520653261,09:04:13.261,AAVE/USDT:USDT,297.99,17.0,297.97,98.0,298.02,165.0,298.07,99.0
1753520653384,09:04:13.384,AAVE/USDT:USDT,297.97,98.0,297.95,124.0,298.02,165.0,298.07,99.0
1753520653402,09:04:13.402,AAVE/USDT:USDT,297.97,98.0,297.95,124.0,298.02,165.0,298.07,99.0
1753520653794,09:04:13.794,AAVE/USDT:USDT,297.99,17.0,297.97,98.0,298.02,165.0,298.07,115.0
1753520654487,09:04:14.487,AAVE/USDT:USDT,297.99,17.0,297.95,124.0,298.02,165.0,298.07,115.0
1753520654581,09:04:14.581,AAVE/USDT:USDT,297.99,17.0,297.95,124.0,298.02,165.0,298.07,115.0
1753520654691,09:04:14.691,AAVE/USDT:USDT,297.99,17.0,297.95,124.0,298.02,165.0,298.07,179.0
1753520654761,09:04:14.761,AAVE/USDT:USDT,297.99,17.0,297.95,124.0,298.02,165.0,298.04,99.0
1753520654891,09:04:14.891,AAVE/USDT:USDT,297.95,124.0,297.94,98.0,298.02,165.0,298.04,99.0
1753520654994,09:04:14.994,AAVE/USDT:USDT,297.98,17.0,297.96,99.0,298.02,165.0,298.04,99.0
1753520655098,09:04:15.098,AAVE/USDT:USDT,297.98,17.0,297.96,99.0,298.02,165.0,298.04,99.0
1753520655101,09:04:15.101,AAVE/USDT:USDT,297.98,17.0,297.96,99.0,298.02,165.0,298.04,99.0
1753520655327,09:04:15.327,AAVE/USDT:USDT,297.96,99.0,297.95,124.0,298.02,165.0,298.04,99.0
1753520655481,09:04:15.481,AAVE/USDT:USDT,297.96,99.0,297.95,124.0,298.02,165.0,298.04,99.0
1753520655793,09:04:15.793,AAVE/USDT:USDT,297.96,99.0,297.95,124.0,298.02,165.0,298.04,99.0
1753520656813,09:04:16.813,AAVE/USDT:USDT,297.96,99.0,297.95,124.0,298.02,165.0,298.04,99.0
1753520657494,09:04:17.494,AAVE/USDT:USDT,297.94,98.0,297.93,201.0,298.02,165.0,298.04,162.0
1753520657595,09:04:17.595,AAVE/USDT:USDT,297.98,17.0,297.94,98.0,298.02,165.0,298.04,162.0
1753520657601,09:04:17.601,AAVE/USDT:USDT,297.98,17.0,297.94,193.0,298.02,165.0,298.04,162.0
1753520657701,09:04:17.701,AAVE/USDT:USDT,297.98,17.0,297.94,193.0,298.02,165.0,298.04,162.0
1753520657880,09:04:17.880,AAVE/USDT:USDT,297.98,17.0,297.94,193.0,298.02,165.0,298.04,63.0
1753520657906,09:04:17.906,AAVE/USDT:USDT,297.98,17.0,297.94,193.0,298.02,165.0,298.04,63.0
1753520658049,09:04:18.049,AAVE/USDT:USDT,297.98,17.0,297.94,193.0,298.02,165.0,298.04,63.0
1753520658142,09:04:18.142,AAVE/USDT:USDT,297.98,17.0,297.94,193.0,298.02,165.0,298.04,63.0
1753520658321,09:04:18.321,AAVE/USDT:USDT,297.97,99.0,297.94,193.0,298.02,165.0,298.04,63.0
1753520659493,09:04:19.493,AAVE/USDT:USDT,297.95,99.0,297.94,193.0,298.02,165.0,298.04,162.0
1753520659571,09:04:19.571,AAVE/USDT:USDT,297.98,17.0,297.95,99.0,298.02,165.0,298.04,162.0
1753520659678,09:04:19.678,AAVE/USDT:USDT,297.98,25.0,297.95,99.0,298.02,165.0,298.04,63.0
1753520659712,09:04:19.712,AAVE/USDT:USDT,297.98,25.0,297.95,99.0,298.02,165.0,298.04,63.0
1753520659862,09:04:19.862,AAVE/USDT:USDT,297.95,99.0,297.94,95.0,298.02,165.0,298.04,63.0
1753520659991,09:04:19.991,AAVE/USDT:USDT,297.98,99.0,297.97,99.0,298.02,165.0,298.04,63.0
1753520660091,09:04:20.091,AAVE/USDT:USDT,297.99,17.0,297.98,17.0,298.02,165.0,298.04,63.0
1753520660147,09:04:20.147,AAVE/USDT:USDT,297.99,17.0,297.97,99.0,298.02,165.0,298.04,63.0
1753520660216,09:04:20.216,AAVE/USDT:USDT,297.99,17.0,297.97,99.0,298.02,165.0,298.04,63.0
1753520661136,09:04:21.136,AAVE/USDT:USDT,297.97,99.0,297.94,95.0,298.02,165.0,298.04,63.0
1753520661262,09:04:21.262,AAVE/USDT:USDT,298.01,17.0,297.99,99.0,298.02,165.0,298.07,16.0
1753520661344,09:04:21.344,AAVE/USDT:USDT,297.97,99.0,297.94,211.0,298.02,165.0,298.06,99.0
1753520661581,09:04:21.581,AAVE/USDT:USDT,297.97,99.0,297.94,211.0,298.02,165.0,298.06,99.0
1753520661969,09:04:21.969,AAVE/USDT:USDT,297.97,99.0,297.94,211.0,298.02,165.0,298.06,99.0
1753520662002,09:04:22.002,AAVE/USDT:USDT,297.97,99.0,297.94,211.0,298.02,165.0,298.06,99.0
1753520662339,09:04:22.339,AAVE/USDT:USDT,297.97,99.0,297.94,211.0,298.02,165.0,298.07,16.0
1753520662485,09:04:22.485,AAVE/USDT:USDT,297.97,99.0,297.94,211.0,298.02,165.0,298.06,99.0
1753520662561,09:04:22.561,AAVE/USDT:USDT,297.97,99.0,297.94,211.0,298.02,165.0,298.06,99.0
1753520662848,09:04:22.848,AAVE/USDT:USDT,297.99,17.0,297.98,99.0,298.02,165.0,298.06,99.0
1753520662902,09:04:22.902,AAVE/USDT:USDT,297.99,17.0,297.98,99.0,298.02,165.0,298.06,99.0
1753520663202,09:04:23.202,AAVE/USDT:USDT,297.99,17.0,297.98,99.0,298.02,165.0,298.06,99.0
1753520663343,09:04:23.343,AAVE/USDT:USDT,297.99,116.0,297.98,99.0,298.02,165.0,298.06,99.0
1753520663496,09:04:23.496,AAVE/USDT:USDT,298.0,99.0,297.99,99.0,298.02,165.0,298.07,16.0
1753520663578,09:04:23.578,AAVE/USDT:USDT,297.97,99.0,297.94,211.0,298.02,165.0,298.04,63.0
1753520663684,09:04:23.684,AAVE/USDT:USDT,297.97,17.0,297.96,116.0,298.02,165.0,298.04,162.0
1753520663742,09:04:23.742,AAVE/USDT:USDT,297.98,25.0,297.96,99.0,298.02,165.0,298.04,162.0
1753520663843,09:04:23.843,AAVE/USDT:USDT,297.98,25.0,297.96,99.0,298.02,165.0,298.04,162.0
1753520663991,09:04:23.991,AAVE/USDT:USDT,297.98,25.0,297.96,99.0,298.02,165.0,298.04,162.0
1753520664125,09:04:24.125,AAVE/USDT:USDT,297.98,25.0,297.96,99.0,298.02,165.0,298.04,162.0
1753520664208,09:04:24.208,AAVE/USDT:USDT,297.98,25.0,297.96,99.0,298.02,165.0,298.04,162.0
1753520664341,09:04:24.341,AAVE/USDT:USDT,297.96,99.0,297.94,95.0,298.02,165.0,298.04,63.0
1753520664408,09:04:24.408,AAVE/USDT:USDT,297.96,99.0,297.94,95.0,298.02,165.0,298.04,63.0
1753520665069,09:04:25.069,AAVE/USDT:USDT,297.98,25.0,297.97,101.0,298.02,165.0,298.04,63.0
1753520665244,09:04:25.244,AAVE/USDT:USDT,297.98,25.0,297.97,101.0,298.02,165.0,298.04,63.0
1753520665323,09:04:25.323,AAVE/USDT:USDT,297.99,17.0,297.97,195.0,298.02,165.0,298.04,63.0
1753520665574,09:04:25.574,AAVE/USDT:USDT,297.99,17.0,297.97,195.0,298.02,165.0,298.04,63.0
1753520665866,09:04:25.866,AAVE/USDT:USDT,297.99,17.0,297.98,101.0,298.02,165.0,298.04,63.0
1753520665906,09:04:25.906,AAVE/USDT:USDT,297.99,17.0,297.98,101.0,298.02,165.0,298.04,63.0
1753520666362,09:04:26.362,AAVE/USDT:USDT,297.99,118.0,297.97,94.0,298.02,165.0,298.04,63.0
1753520666518,09:04:26.518,AAVE/USDT:USDT,297.99,17.0,297.97,94.0,298.02,165.0,298.04,63.0
1753520667172,09:04:27.172,AAVE/USDT:USDT,297.97,94.0,297.95,101.0,298.02,165.0,298.04,63.0
1753520667260,09:04:27.260,AAVE/USDT:USDT,297.99,17.0,297.97,94.0,298.02,165.0,298.04,63.0
1753520667361,09:04:27.361,AAVE/USDT:USDT,297.99,17.0,297.97,94.0,298.02,165.0,298.04,63.0
1753520667648,09:04:27.648,AAVE/USDT:USDT,297.99,17.0,297.97,94.0,298.02,165.0,298.04,63.0
1753520667701,09:04:27.701,AAVE/USDT:USDT,297.99,17.0,297.97,94.0,298.02,165.0,298.04,63.0
1753520668344,09:04:28.344,AAVE/USDT:USDT,297.97,94.0,297.95,101.0,298.02,165.0,298.04,63.0
1753520668510,09:04:28.510,AAVE/USDT:USDT,297.98,101.0,297.97,94.0,298.02,165.0,298.04,63.0
1753520668843,09:04:28.843,AAVE/USDT:USDT,297.98,101.0,297.97,94.0,298.02,165.0,298.04,63.0
1753520669061,09:04:29.061,AAVE/USDT:USDT,297.98,101.0,297.97,94.0,298.02,165.0,298.04,63.0
1753520669185,09:04:29.185,AAVE/USDT:USDT,297.97,94.0,297.95,101.0,298.02,165.0,298.04,63.0
1753520669241,09:04:29.241,AAVE/USDT:USDT,297.97,94.0,297.95,101.0,298.02,165.0,298.04,63.0
1753520670075,09:04:30.075,AAVE/USDT:USDT,297.97,94.0,297.95,101.0,298.02,165.0,298.06,101.0
1753520670190,09:04:30.190,AAVE/USDT:USDT,297.97,94.0,297.95,101.0,298.02,165.0,298.06,165.0
1753520670364,09:04:30.364,AAVE/USDT:USDT,297.99,17.0,297.98,101.0,298.02,165.0,298.06,165.0
1753520670458,09:04:30.458,AAVE/USDT:USDT,297.99,118.0,297.97,94.0,298.02,165.0,298.06,64.0
1753520670542,09:04:30.542,AAVE/USDT:USDT,297.99,118.0,297.97,155.0,298.02,165.0,298.06,64.0
1753520670973,09:04:30.973,AAVE/USDT:USDT,297.99,17.0,297.97,155.0,298.02,165.0,298.06,64.0
1753520671326,09:04:31.326,AAVE/USDT:USDT,297.99,17.0,297.97,256.0,298.02,165.0,298.06,64.0
1753520671482,09:04:31.482,AAVE/USDT:USDT,297.99,17.0,297.98,101.0,298.02,165.0,298.06,64.0
1753520671869,09:04:31.869,AAVE/USDT:USDT,297.98,101.0,297.97,155.0,298.02,165.0,298.06,64.0
1753520672448,09:04:32.448,AAVE/USDT:USDT,297.98,101.0,297.97,155.0,298.02,165.0,298.06,64.0
1753520673063,09:04:33.063,AAVE/USDT:USDT,297.98,101.0,297.97,155.0,298.02,165.0,298.06,64.0
1753520673291,09:04:33.291,AAVE/USDT:USDT,297.97,155.0,297.96,102.0,298.02,165.0,298.04,101.0
1753520673388,09:04:33.388,AAVE/USDT:USDT,297.97,155.0,297.96,102.0,298.02,165.0,298.04,101.0
1753520673497,09:04:33.497,AAVE/USDT:USDT,297.97,94.0,297.94,95.0,298.01,101.0,298.02,197.0
1753520673521,09:04:33.521,AAVE/USDT:USDT,297.93,201.0,297.9,231.0,298.0,101.0,298.01,210.0
1753520673676,09:04:33.676,AAVE/USDT:USDT,297.97,17.0,297.94,101.0,298.02,167.0,298.04,101.0
1753520673722,09:04:33.722,AAVE/USDT:USDT,297.97,17.0,297.94,101.0,298.02,165.0,298.04,101.0
1753520673871,09:04:33.871,AAVE/USDT:USDT,297.97,17.0,297.94,101.0,298.02,165.0,298.04,101.0
1753520674093,09:04:34.093,AAVE/USDT:USDT,297.97,17.0,297.94,101.0,298.02,165.0,298.04,101.0
1753520674198,09:04:34.198,AAVE/USDT:USDT,297.97,17.0,297.94,101.0,298.02,165.0,298.04,101.0
1753520674290,09:04:34.290,AAVE/USDT:USDT,297.97,17.0,297.95,220.0,298.02,165.0,298.04,101.0
1753520674866,09:04:34.866,AAVE/USDT:USDT,297.97,17.0,297.95,220.0,298.02,165.0,298.04,101.0
1753520674915,09:04:34.915,AAVE/USDT:USDT,297.97,17.0,297.95,220.0,298.02,165.0,298.04,101.0
1753520675395,09:04:35.395,AAVE/USDT:USDT,297.97,17.0,297.95,220.0,298.02,165.0,298.04,101.0
1753520675463,09:04:35.463,AAVE/USDT:USDT,297.97,17.0,297.95,306.0,298.02,197.0,298.03,64.0
1753520675510,09:04:35.510,AAVE/USDT:USDT,297.97,17.0,297.95,306.0,298.02,197.0,298.03,64.0
1753520675661,09:04:35.661,AAVE/USDT:USDT,297.95,306.0,297.94,287.0,298.02,197.0,298.03,64.0
1753520676083,09:04:36.083,AAVE/USDT:USDT,297.97,17.0,297.96,101.0,298.02,197.0,298.03,64.0
1753520676383,09:04:36.383,AAVE/USDT:USDT,297.99,17.0,297.98,17.0,298.02,165.0,298.04,101.0
1753520676449,09:04:36.449,AAVE/USDT:USDT,297.99,17.0,297.95,220.0,298.02,165.0,298.04,101.0
1753520676576,09:04:36.576,AAVE/USDT:USDT,297.95,220.0,297.94,287.0,298.02,165.0,298.04,101.0
1753520677095,09:04:37.095,AAVE/USDT:USDT,297.98,17.0,297.96,101.0,298.02,165.0,298.04,101.0
1753520677146,09:04:37.146,AAVE/USDT:USDT,297.98,17.0,297.96,101.0,298.02,165.0,298.04,101.0
1753520677249,09:04:37.249,AAVE/USDT:USDT,297.98,17.0,297.96,101.0,298.02,165.0,298.04,101.0
1753520677482,09:04:37.482,AAVE/USDT:USDT,297.95,220.0,297.94,101.0,298.02,165.0,298.04,101.0
1753520677511,09:04:37.511,AAVE/USDT:USDT,297.95,220.0,297.94,101.0,298.02,165.0,298.04,101.0
1753520677654,09:04:37.654,AAVE/USDT:USDT,297.95,220.0,297.94,101.0,298.02,165.0,298.04,101.0
1753520677879,09:04:37.879,AAVE/USDT:USDT,297.97,17.0,297.95,220.0,298.02,165.0,298.04,101.0
1753520677993,09:04:37.993,AAVE/USDT:USDT,297.97,17.0,297.95,220.0,298.02,165.0,298.04,101.0
1753520678286,09:04:38.286,AAVE/USDT:USDT,297.99,126.0,297.98,48.0,298.02,165.0,298.04,101.0
1753520678393,09:04:38.393,AAVE/USDT:USDT,297.99,126.0,297.96,101.0,298.02,165.0,298.04,101.0
1753520678401,09:04:38.401,AAVE/USDT:USDT,297.99,126.0,297.96,101.0,298.02,165.0,298.04,101.0
1753520678632,09:04:38.632,AAVE/USDT:USDT,297.99,109.0,297.96,101.0,298.02,165.0,298.04,101.0
1753520678864,09:04:38.864,AAVE/USDT:USDT,297.99,109.0,297.96,101.0,298.02,197.0,298.03,64.0
1753520678942,09:04:38.942,AAVE/USDT:USDT,297.99,109.0,297.96,101.0,298.02,228.0,298.03,128.0
1753520679377,09:04:39.377,AAVE/USDT:USDT,297.99,109.0,297.96,101.0,298.02,228.0,298.03,128.0
1753520680042,09:04:40.042,AAVE/USDT:USDT,297.99,109.0,297.96,101.0,298.02,228.0,298.03,128.0
1753520680118,09:04:40.118,AAVE/USDT:USDT,297.99,109.0,297.96,101.0,298.02,228.0,298.03,128.0
1753520680877,09:04:40.877,AAVE/USDT:USDT,297.99,109.0,297.96,101.0,298.02,228.0,298.03,128.0
1753520681022,09:04:41.022,AAVE/USDT:USDT,297.99,109.0,297.96,101.0,298.02,228.0,298.03,128.0
1753520681585,09:04:41.585,AAVE/USDT:USDT,297.95,220.0,297.92,101.0,298.02,228.0,298.03,128.0
1753520681681,09:04:41.681,AAVE/USDT:USDT,297.97,17.0,297.95,220.0,298.02,228.0,298.03,128.0
1753520681717,09:04:41.717,AAVE/USDT:USDT,297.97,17.0,297.95,220.0,298.02,228.0,298.03,128.0
1753520681821,09:04:41.821,AAVE/USDT:USDT,297.97,17.0,297.95,220.0,298.02,228.0,298.03,128.0
1753520681937,09:04:41.937,AAVE/USDT:USDT,297.97,17.0,297.95,220.0,298.02,196.0,298.03,64.0
1753520682096,09:04:42.096,AAVE/USDT:USDT,297.97,17.0,297.95,220.0,298.02,165.0,298.04,85.0
1753520682106,09:04:42.106,AAVE/USDT:USDT,297.97,17.0,297.95,220.0,298.02,165.0,298.05,101.0
1753520682241,09:04:42.241,AAVE/USDT:USDT,297.97,17.0,297.95,220.0,298.02,165.0,298.05,101.0
1753520682399,09:04:42.399,AAVE/USDT:USDT,297.96,31.0,297.95,220.0,298.02,165.0,298.05,101.0
1753520682547,09:04:42.547,AAVE/USDT:USDT,297.98,31.0,297.97,169.0,298.02,165.0,298.05,101.0
1753520682656,09:04:42.656,AAVE/USDT:USDT,297.98,31.0,297.97,169.0,298.02,165.0,298.05,101.0
1753520682870,09:04:42.870,AAVE/USDT:USDT,297.98,31.0,297.97,169.0,298.02,165.0,298.05,101.0
1753520683542,09:04:43.542,AAVE/USDT:USDT,297.98,31.0,297.97,169.0,298.02,165.0,298.05,101.0
1753520683601,09:04:43.601,AAVE/USDT:USDT,297.98,31.0,297.97,169.0,298.02,165.0,298.05,101.0
1753520683890,09:04:43.890,AAVE/USDT:USDT,297.97,169.0,297.96,101.0,298.02,165.0,298.05,101.0
1753520684061,09:04:44.061,AAVE/USDT:USDT,297.97,169.0,297.96,101.0,298.02,165.0,298.05,101.0
1753520685398,09:04:45.398,AAVE/USDT:USDT,297.98,26.0,297.97,169.0,298.02,165.0,298.05,101.0
1753520685402,09:04:45.402,AAVE/USDT:USDT,297.99,17.0,297.97,169.0,298.02,165.0,298.05,101.0
1753520685528,09:04:45.528,AAVE/USDT:USDT,297.97,169.0,297.95,220.0,298.02,165.0,298.05,101.0
1753520685887,09:04:45.887,AAVE/USDT:USDT,297.99,31.0,297.97,169.0,298.02,165.0,298.05,101.0
1753520686165,09:04:46.165,AAVE/USDT:USDT,297.98,101.0,297.97,169.0,298.02,165.0,298.06,64.0
1753520686206,09:04:46.206,AAVE/USDT:USDT,297.98,101.0,297.97,169.0,298.02,165.0,298.06,64.0
1753520686499,09:04:46.499,AAVE/USDT:USDT,298.01,123.0,297.99,101.0,298.02,165.0,298.07,16.0
1753520686581,09:04:46.581,AAVE/USDT:USDT,298.01,123.0,297.99,101.0,298.02,165.0,298.07,16.0
1753520686637,09:04:46.637,AAVE/USDT:USDT,298.01,123.0,297.99,101.0,298.02,165.0,298.07,16.0
1753520686787,09:04:46.787,AAVE/USDT:USDT,298.01,123.0,297.99,101.0,298.02,165.0,298.07,16.0
1753520686896,09:04:46.896,AAVE/USDT:USDT,298.01,123.0,297.99,101.0,298.02,165.0,298.07,16.0
1753520686901,09:04:46.901,AAVE/USDT:USDT,298.01,123.0,297.99,101.0,298.02,165.0,298.07,16.0
1753520687021,09:04:47.021,AAVE/USDT:USDT,298.01,123.0,297.99,101.0,298.02,165.0,298.07,16.0
1753520687101,09:04:47.101,AAVE/USDT:USDT,298.01,123.0,297.99,101.0,298.02,165.0,298.07,16.0
1753520687369,09:04:47.369,AAVE/USDT:USDT,298.01,123.0,297.99,101.0,298.02,165.0,298.07,16.0
1753520687562,09:04:47.562,AAVE/USDT:USDT,298.01,123.0,297.99,101.0,298.02,165.0,298.07,16.0
1753520687681,09:04:47.681,AAVE/USDT:USDT,298.01,123.0,297.99,101.0,298.02,165.0,298.07,16.0
1753520687781,09:04:47.781,AAVE/USDT:USDT,298.03,17.0,298.01,98.0,298.07,16.0,298.08,97.0
1753520687849,09:04:47.849,AAVE/USDT:USDT,298.03,17.0,298.01,98.0,298.07,18.0,298.08,97.0
1753520687984,09:04:47.984,AAVE/USDT:USDT,298.03,17.0,298.01,98.0,298.07,18.0,298.08,161.0
1753520688005,09:04:48.005,AAVE/USDT:USDT,298.01,98.0,297.99,101.0,298.07,18.0,298.08,161.0
1753520688276,09:04:48.276,AAVE/USDT:USDT,298.01,98.0,297.99,101.0,298.07,18.0,298.08,161.0
1753520688465,09:04:48.465,AAVE/USDT:USDT,298.01,98.0,297.99,101.0,298.07,18.0,298.08,161.0
1753520688592,09:04:48.592,AAVE/USDT:USDT,298.01,98.0,297.99,101.0,298.07,18.0,298.08,161.0
1753520688601,09:04:48.601,AAVE/USDT:USDT,298.01,98.0,297.99,101.0,298.07,18.0,298.08,161.0
1753520688781,09:04:48.781,AAVE/USDT:USDT,298.02,17.0,298.01,98.0,298.07,18.0,298.08,161.0
1753520688801,09:04:48.801,AAVE/USDT:USDT,298.02,17.0,298.01,98.0,298.07,18.0,298.08,161.0
1753520689093,09:04:49.093,AAVE/USDT:USDT,298.01,98.0,297.99,101.0,298.07,119.0,298.08,161.0
1753520689483,09:04:49.483,AAVE/USDT:USDT,298.01,98.0,297.98,161.0,298.06,101.0,298.07,18.0
1753520689542,09:04:49.542,AAVE/USDT:USDT,298.01,98.0,297.97,169.0,298.04,164.0,298.05,129.0
1753520689621,09:04:49.621,AAVE/USDT:USDT,298.01,98.0,297.97,169.0,298.04,164.0,298.05,128.0
1753520689716,09:04:49.716,AAVE/USDT:USDT,298.01,98.0,297.97,169.0,298.04,164.0,298.05,128.0
1753520689886,09:04:49.886,AAVE/USDT:USDT,298.01,98.0,297.97,169.0,298.04,133.0,298.05,64.0
1753520689984,09:04:49.984,AAVE/USDT:USDT,298.01,98.0,297.97,286.0,298.04,32.0,298.05,64.0
1753520690034,09:04:50.034,AAVE/USDT:USDT,298.01,98.0,297.98,86.0,298.04,33.0,298.05,64.0
1753520690288,09:04:50.288,AAVE/USDT:USDT,298.01,98.0,297.98,86.0,298.04,1.0,298.06,101.0
1753520690365,09:04:50.365,AAVE/USDT:USDT,298.01,98.0,297.98,86.0,298.05,103.0,298.07,16.0
1753520690405,09:04:50.405,AAVE/USDT:USDT,298.01,98.0,297.98,86.0,298.05,101.0,298.07,16.0
1753520690782,09:04:50.782,AAVE/USDT:USDT,298.01,98.0,297.98,86.0,298.05,101.0,298.07,16.0
1753520691022,09:04:51.022,AAVE/USDT:USDT,298.01,98.0,297.98,86.0,298.05,101.0,298.07,16.0
1753520691193,09:04:51.193,AAVE/USDT:USDT,298.01,98.0,297.98,86.0,298.05,101.0,298.07,16.0
1753520691478,09:04:51.478,AAVE/USDT:USDT,298.01,98.0,297.98,86.0,298.06,101.0,298.07,16.0
1753520691589,09:04:51.589,AAVE/USDT:USDT,298.01,98.0,297.98,86.0,298.04,101.0,298.05,1.0
1753520691659,09:04:51.659,AAVE/USDT:USDT,298.01,98.0,297.98,86.0,298.06,101.0,298.07,16.0
1753520691705,09:04:51.705,AAVE/USDT:USDT,298.01,98.0,297.98,86.0,298.05,1.0,298.06,101.0
1753520691806,09:04:51.806,AAVE/USDT:USDT,298.01,98.0,297.98,86.0,298.05,2.0,298.06,101.0
1753520692025,09:04:52.025,AAVE/USDT:USDT,298.01,98.0,297.98,86.0,298.05,2.0,298.06,101.0
1753520692182,09:04:52.182,AAVE/USDT:USDT,297.97,169.0,297.96,101.0,298.04,101.0,298.05,2.0
1753520692271,09:04:52.271,AAVE/USDT:USDT,297.99,222.0,297.97,169.0,298.03,2.0,298.06,101.0
1753520692372,09:04:52.372,AAVE/USDT:USDT,297.99,222.0,297.97,169.0,298.05,103.0,298.06,101.0
1753520692475,09:04:52.475,AAVE/USDT:USDT,297.99,222.0,297.97,169.0,298.05,103.0,298.07,16.0
1753520692969,09:04:52.969,AAVE/USDT:USDT,297.99,222.0,297.97,169.0,298.04,101.0,298.05,103.0
1753520693091,09:04:53.091,AAVE/USDT:USDT,298.01,17.0,297.99,222.0,298.03,1.0,298.04,101.0
1753520693151,09:04:53.151,AAVE/USDT:USDT,298.01,17.0,297.99,222.0,298.06,101.0,298.07,16.0
1753520693258,09:04:53.258,AAVE/USDT:USDT,298.01,17.0,297.99,222.0,298.05,102.0,298.07,16.0
1753520693304,09:04:53.304,AAVE/USDT:USDT,298.01,17.0,297.99,222.0,298.05,101.0,298.07,16.0
1753520694282,09:04:54.282,AAVE/USDT:USDT,297.99,222.0,297.97,169.0,298.04,132.0,298.05,95.0
1753520694308,09:04:54.308,AAVE/USDT:USDT,298.0,17.0,297.99,222.0,298.03,1.0,298.04,132.0
1753520694448,09:04:54.448,AAVE/USDT:USDT,297.99,222.0,297.97,169.0,298.02,100.0,298.03,1.0
1753520694597,09:04:54.597,AAVE/USDT:USDT,297.99,222.0,297.97,169.0,298.02,100.0,298.04,132.0
1753520694879,09:04:54.879,AAVE/USDT:USDT,297.99,222.0,297.97,169.0,298.02,100.0,298.04,132.0
1753520695065,09:04:55.065,AAVE/USDT:USDT,297.99,222.0,297.97,169.0,298.03,100.0,298.04,32.0
1753520695110,09:04:55.110,AAVE/USDT:USDT,297.99,222.0,297.97,169.0,298.03,100.0,298.04,32.0
1753520695252,09:04:55.252,AAVE/USDT:USDT,298.01,17.0,297.99,222.0,298.04,32.0,298.05,195.0
1753520695341,09:04:55.341,AAVE/USDT:USDT,298.01,17.0,297.99,222.0,298.04,33.0,298.05,164.0
1753520695695,09:04:55.695,AAVE/USDT:USDT,298.01,17.0,297.99,222.0,298.04,133.0,298.05,64.0
1753520695705,09:04:55.705,AAVE/USDT:USDT,298.01,17.0,297.99,222.0,298.04,132.0,298.05,64.0
1753520696022,09:04:56.022,AAVE/USDT:USDT,297.99,222.0,297.97,169.0,298.04,32.0,298.05,64.0
1753520696105,09:04:56.105,AAVE/USDT:USDT,297.99,222.0,297.97,169.0,298.04,34.0,298.05,64.0
1753520696449,09:04:56.449,AAVE/USDT:USDT,297.99,222.0,297.97,169.0,298.04,34.0,298.05,64.0
1753520697542,09:04:57.542,AAVE/USDT:USDT,297.99,222.0,297.97,169.0,298.04,34.0,298.05,128.0
1753520697735,09:04:57.735,AAVE/USDT:USDT,297.99,222.0,297.97,169.0,298.04,134.0,298.05,128.0
1753520697805,09:04:57.805,AAVE/USDT:USDT,297.99,222.0,297.97,169.0,298.04,133.0,298.05,128.0
1753520698195,09:04:58.195,AAVE/USDT:USDT,297.94,17.0,297.91,474.0,298.01,100.0,298.02,65.0
1753520698281,09:04:58.281,AAVE/USDT:USDT,297.92,142.0,297.91,474.0,298.01,100.0,298.02,2.0
1753520698376,09:04:58.376,AAVE/USDT:USDT,297.92,142.0,297.91,474.0,298.01,100.0,298.02,2.0
1753520698594,09:04:58.594,AAVE/USDT:USDT,297.93,31.0,297.92,142.0,298.01,100.0,298.02,2.0
1753520698654,09:04:58.654,AAVE/USDT:USDT,297.94,110.0,297.92,142.0,298.01,100.0,298.02,2.0
1753520698794,09:04:58.794,AAVE/USDT:USDT,297.95,31.0,297.94,110.0,298.01,100.0,298.02,2.0
1753520698861,09:04:58.861,AAVE/USDT:USDT,297.95,31.0,297.92,142.0,298.01,100.0,298.02,2.0
1753520698959,09:04:58.959,AAVE/USDT:USDT,297.95,31.0,297.92,142.0,298.01,100.0,298.02,2.0
1753520699042,09:04:59.042,AAVE/USDT:USDT,297.95,31.0,297.92,142.0,298.01,100.0,298.02,2.0
1753520699277,09:04:59.277,AAVE/USDT:USDT,297.93,186.0,297.92,142.0,297.99,100.0,298.0,196.0
1753520699381,09:04:59.381,AAVE/USDT:USDT,297.93,186.0,297.92,142.0,297.98,100.0,297.99,2.0
1753520699401,09:04:59.401,AAVE/USDT:USDT,297.93,186.0,297.92,142.0,297.98,100.0,297.99,2.0
1753520699499,09:04:59.499,AAVE/USDT:USDT,297.93,186.0,297.92,142.0,297.98,100.0,297.99,2.0
1753520699801,09:04:59.801,AAVE/USDT:USDT,297.93,186.0,297.92,142.0,297.98,100.0,297.99,2.0
1753520700021,09:05:00.021,AAVE/USDT:USDT,297.93,186.0,297.92,142.0,297.98,100.0,297.99,2.0
1753520700217,09:05:00.217,AAVE/USDT:USDT,297.93,186.0,297.92,142.0,297.98,100.0,297.99,2.0
1753520700538,09:05:00.538,AAVE/USDT:USDT,297.93,186.0,297.92,142.0,297.98,100.0,297.99,2.0
1753520701250,09:05:01.250,AAVE/USDT:USDT,297.93,186.0,297.92,142.0,297.98,100.0,297.99,2.0
1753520701433,09:05:01.433,AAVE/USDT:USDT,297.93,186.0,297.92,142.0,297.98,100.0,297.99,2.0
1753520701792,09:05:01.792,AAVE/USDT:USDT,297.93,186.0,297.92,142.0,297.98,100.0,297.99,2.0
1753520701983,09:05:01.983,AAVE/USDT:USDT,297.93,186.0,297.92,142.0,297.98,100.0,297.99,2.0
1753520702043,09:05:02.043,AAVE/USDT:USDT,297.93,186.0,297.92,142.0,297.98,100.0,297.99,2.0
1753520702197,09:05:02.197,AAVE/USDT:USDT,297.93,186.0,297.92,142.0,297.98,100.0,297.99,2.0
1753520702482,09:05:02.482,AAVE/USDT:USDT,297.93,186.0,297.92,142.0,297.98,100.0,297.99,2.0
1753520702515,09:05:02.515,AAVE/USDT:USDT,297.93,186.0,297.92,142.0,297.98,100.0,297.99,2.0
1753520702641,09:05:02.641,AAVE/USDT:USDT,297.93,186.0,297.92,142.0,297.98,100.0,297.99,2.0
1753520702882,09:05:02.882,AAVE/USDT:USDT,297.93,186.0,297.92,142.0,297.98,100.0,297.99,2.0
1753520702921,09:05:02.921,AAVE/USDT:USDT,297.93,186.0,297.92,142.0,297.98,100.0,297.99,2.0
1753520703554,09:05:03.554,AAVE/USDT:USDT,297.93,186.0,297.92,142.0,297.98,100.0,297.99,2.0
1753520704095,09:05:04.095,AAVE/USDT:USDT,297.92,142.0,297.91,374.0,297.98,100.0,297.99,2.0
1753520704104,09:05:04.104,AAVE/USDT:USDT,297.92,142.0,297.91,374.0,297.95,166.0,297.98,100.0
1753520704255,09:05:04.255,AAVE/USDT:USDT,297.91,374.0,297.87,620.0,297.95,166.0,297.98,100.0
1753520704389,09:05:04.389,AAVE/USDT:USDT,297.91,374.0,297.87,620.0,297.95,166.0,297.98,100.0
1753520704461,09:05:04.461,AAVE/USDT:USDT,297.91,374.0,297.87,620.0,297.95,166.0,297.98,100.0
1753520704597,09:05:04.597,AAVE/USDT:USDT,297.91,374.0,297.87,620.0,297.95,166.0,297.97,2.0
1753520704672,09:05:04.672,AAVE/USDT:USDT,297.91,374.0,297.89,101.0,297.95,166.0,297.97,2.0
1753520704705,09:05:04.705,AAVE/USDT:USDT,297.91,374.0,297.89,101.0,297.95,166.0,297.97,2.0
1753520704841,09:05:04.841,AAVE/USDT:USDT,297.91,374.0,297.87,620.0,297.94,101.0,297.95,166.0
1753520704905,09:05:04.905,AAVE/USDT:USDT,297.91,374.0,297.87,620.0,297.94,101.0,297.95,166.0
1753520705090,09:05:05.090,AAVE/USDT:USDT,297.91,374.0,297.87,620.0,297.94,101.0,297.95,166.0
1753520705181,09:05:05.181,AAVE/USDT:USDT,297.91,374.0,297.87,620.0,297.94,101.0,297.95,166.0
1753520705330,09:05:05.330,AAVE/USDT:USDT,297.91,374.0,297.87,620.0,297.95,166.0,297.96,122.0
1753520705406,09:05:05.406,AAVE/USDT:USDT,297.91,374.0,297.87,620.0,297.95,167.0,297.96,122.0
1753520705589,09:05:05.589,AAVE/USDT:USDT,297.91,374.0,297.87,620.0,297.94,101.0,297.95,167.0
1753520705697,09:05:05.697,AAVE/USDT:USDT,297.87,398.0,297.86,1677.0,297.94,101.0,297.95,166.0
1753520705786,09:05:05.786,AAVE/USDT:USDT,297.88,140.0,297.87,398.0,297.93,101.0,297.94,2.0
1753520705887,09:05:05.887,AAVE/USDT:USDT,297.88,140.0,297.87,398.0,297.94,2.0,297.95,166.0
1753520705981,09:05:05.981,AAVE/USDT:USDT,297.88,140.0,297.87,398.0,297.95,168.0,297.96,162.0
1753520706050,09:05:06.050,AAVE/USDT:USDT,297.88,140.0,297.87,398.0,297.95,168.0,297.96,162.0
1753520706151,09:05:06.151,AAVE/USDT:USDT,297.88,140.0,297.87,398.0,297.95,168.0,297.96,162.0
1753520706388,09:05:06.388,AAVE/USDT:USDT,297.88,140.0,297.87,398.0,297.94,101.0,297.95,168.0
1753520706444,09:05:06.444,AAVE/USDT:USDT,297.88,140.0,297.87,398.0,297.95,168.0,297.96,162.0
1753520706556,09:05:06.556,AAVE/USDT:USDT,297.88,140.0,297.87,398.0,297.95,168.0,297.96,162.0
1753520706689,09:05:06.689,AAVE/USDT:USDT,297.9,17.0,297.88,140.0,297.95,168.0,297.96,162.0
1753520706777,09:05:06.777,AAVE/USDT:USDT,297.9,17.0,297.88,140.0,297.95,168.0,297.96,162.0
1753520706898,09:05:06.898,AAVE/USDT:USDT,297.88,140.0,297.87,398.0,297.94,132.0,297.95,229.0
1753520706979,09:05:06.979,AAVE/USDT:USDT,297.89,17.0,297.88,140.0,297.94,100.0,297.95,308.0
1753520707042,09:05:07.042,AAVE/USDT:USDT,297.89,17.0,297.88,140.0,297.94,132.0,297.95,308.0
1753520707183,09:05:07.183,AAVE/USDT:USDT,297.89,17.0,297.88,140.0,297.94,132.0,297.95,308.0
1753520707278,09:05:07.278,AAVE/USDT:USDT,297.89,17.0,297.88,140.0,297.94,132.0,297.95,308.0
1753520707395,09:05:07.395,AAVE/USDT:USDT,297.89,17.0,297.88,140.0,297.94,132.0,297.95,308.0
1753520707401,09:05:07.401,AAVE/USDT:USDT,297.89,17.0,297.88,140.0,297.94,132.0,297.95,308.0
1753520707581,09:05:07.581,AAVE/USDT:USDT,297.9,143.0,297.88,140.0,297.94,132.0,297.95,308.0
1753520707621,09:05:07.621,AAVE/USDT:USDT,297.9,143.0,297.88,140.0,297.94,132.0,297.95,307.0
1753520707755,09:05:07.755,AAVE/USDT:USDT,297.9,143.0,297.88,140.0,297.93,101.0,297.94,31.0
1753520707805,09:05:07.805,AAVE/USDT:USDT,297.9,143.0,297.88,140.0,297.93,101.0,297.94,32.0
1753520708098,09:05:08.098,AAVE/USDT:USDT,297.9,143.0,297.88,140.0,297.93,101.0,297.94,32.0
1753520708181,09:05:08.181,AAVE/USDT:USDT,297.9,143.0,297.88,140.0,297.94,32.0,297.95,307.0
1753520708252,09:05:08.252,AAVE/USDT:USDT,297.9,143.0,297.88,140.0,297.93,101.0,297.94,32.0
1753520709399,09:05:09.399,AAVE/USDT:USDT,297.9,143.0,297.88,140.0,297.93,101.0,297.94,32.0
1753520709461,09:05:09.461,AAVE/USDT:USDT,297.9,143.0,297.88,140.0,297.93,101.0,297.94,48.0
1753520709587,09:05:09.587,AAVE/USDT:USDT,297.9,143.0,297.88,140.0,297.94,149.0,297.95,307.0
1753520709643,09:05:09.643,AAVE/USDT:USDT,297.9,143.0,297.88,140.0,297.93,101.0,297.94,148.0
1753520709756,09:05:09.756,AAVE/USDT:USDT,297.9,143.0,297.88,140.0,297.93,101.0,297.94,47.0
1753520709805,09:05:09.805,AAVE/USDT:USDT,297.9,143.0,297.88,140.0,297.93,101.0,297.94,49.0
1753520710057,09:05:10.057,AAVE/USDT:USDT,297.9,143.0,297.88,140.0,297.93,101.0,297.94,117.0
1753520710105,09:05:10.105,AAVE/USDT:USDT,297.9,143.0,297.88,140.0,297.93,101.0,297.94,115.0
1753520710561,09:05:10.561,AAVE/USDT:USDT,297.9,143.0,297.88,140.0,297.94,16.0,297.95,166.0
1753520710673,09:05:10.673,AAVE/USDT:USDT,297.88,140.0,297.87,398.0,297.93,101.0,297.94,159.0
1753520710703,09:05:10.703,AAVE/USDT:USDT,297.88,140.0,297.87,398.0,297.93,101.0,297.94,159.0
1753520710875,09:05:10.875,AAVE/USDT:USDT,297.88,140.0,297.87,398.0,297.93,101.0,297.94,159.0
1753520710962,09:05:10.962,AAVE/USDT:USDT,297.88,140.0,297.85,117.0,297.93,101.0,297.94,159.0
1753520711080,09:05:11.080,AAVE/USDT:USDT,297.88,140.0,297.85,117.0,297.93,101.0,297.94,159.0
1753520711621,09:05:11.621,AAVE/USDT:USDT,297.88,140.0,297.85,117.0,297.93,101.0,297.94,159.0
1753520711702,09:05:11.702,AAVE/USDT:USDT,297.88,140.0,297.85,117.0,297.93,101.0,297.94,159.0
1753520712098,09:05:12.098,AAVE/USDT:USDT,297.88,140.0,297.85,117.0,297.93,101.0,297.94,159.0
1753520712592,09:05:12.592,AAVE/USDT:USDT,297.88,140.0,297.85,117.0,297.93,101.0,297.94,159.0
1753520712861,09:05:12.861,AAVE/USDT:USDT,297.88,140.0,297.86,101.0,297.93,101.0,297.94,159.0
1753520712925,09:05:12.925,AAVE/USDT:USDT,297.88,140.0,297.86,101.0,297.93,101.0,297.94,159.0
1753520713219,09:05:13.219,AAVE/USDT:USDT,297.88,140.0,297.86,101.0,297.93,101.0,297.94,159.0
1753520713360,09:05:13.360,AAVE/USDT:USDT,297.84,31.0,297.83,100.0,297.91,101.0,297.92,32.0
1753520713479,09:05:13.479,AAVE/USDT:USDT,297.84,31.0,297.82,101.0,297.91,101.0,297.92,34.0
1753520713583,09:05:13.583,AAVE/USDT:USDT,297.84,112.0,297.83,374.0,297.91,101.0,297.92,34.0
1753520713796,09:05:13.796,AAVE/USDT:USDT,297.84,112.0,297.83,374.0,297.88,101.0,297.89,31.0
1753520713882,09:05:13.882,AAVE/USDT:USDT,297.84,112.0,297.83,374.0,297.88,101.0,297.89,31.0
1753520713911,09:05:13.911,AAVE/USDT:USDT,297.84,112.0,297.83,374.0,297.88,101.0,297.89,31.0
1753520714097,09:05:14.097,AAVE/USDT:USDT,297.83,112.0,297.81,523.0,297.87,101.0,297.88,32.0
1753520714187,09:05:14.187,AAVE/USDT:USDT,297.81,17.0,297.79,88.0,297.87,101.0,297.88,32.0
1753520714278,09:05:14.278,AAVE/USDT:USDT,297.81,17.0,297.79,88.0,297.87,101.0,297.88,32.0
1753520714693,09:05:14.693,AAVE/USDT:USDT,297.81,17.0,297.79,88.0,297.87,101.0,297.88,32.0
1753520714743,09:05:14.743,AAVE/USDT:USDT,297.81,17.0,297.79,88.0,297.87,101.0,297.88,32.0
1753520714803,09:05:14.803,AAVE/USDT:USDT,297.81,17.0,297.79,88.0,297.87,101.0,297.88,32.0
1753520715014,09:05:15.014,AAVE/USDT:USDT,297.81,17.0,297.79,88.0,297.87,101.0,297.88,32.0
1753520715115,09:05:15.115,AAVE/USDT:USDT,297.81,17.0,297.79,189.0,297.87,101.0,297.88,32.0
1753520715202,09:05:15.202,AAVE/USDT:USDT,297.81,17.0,297.79,189.0,297.87,101.0,297.88,32.0
1753520715596,09:05:15.596,AAVE/USDT:USDT,297.82,26.0,297.81,17.0,297.87,101.0,297.88,32.0
1753520715661,09:05:15.661,AAVE/USDT:USDT,297.81,110.0,297.79,88.0,297.87,101.0,297.88,32.0
1753520715792,09:05:15.792,AAVE/USDT:USDT,297.81,110.0,297.79,88.0,297.87,101.0,297.88,32.0
1753520715852,09:05:15.852,AAVE/USDT:USDT,297.79,88.0,297.78,294.0,297.87,101.0,297.88,32.0
1753520715963,09:05:15.963,AAVE/USDT:USDT,297.79,88.0,297.78,294.0,297.87,101.0,297.88,32.0
1753520716093,09:05:16.093,AAVE/USDT:USDT,297.79,88.0,297.78,294.0,297.87,101.0,297.88,32.0
1753520716102,09:05:16.102,AAVE/USDT:USDT,297.79,88.0,297.78,294.0,297.87,101.0,297.88,32.0
1753520716294,09:05:16.294,AAVE/USDT:USDT,297.79,88.0,297.78,294.0,297.87,101.0,297.88,32.0
1753520716367,09:05:16.367,AAVE/USDT:USDT,297.79,88.0,297.78,294.0,297.87,101.0,297.88,32.0
1753520716402,09:05:16.402,AAVE/USDT:USDT,297.79,88.0,297.78,294.0,297.87,101.0,297.88,32.0
1753520716595,09:05:16.595,AAVE/USDT:USDT,297.79,88.0,297.78,294.0,297.87,101.0,297.88,32.0
1753520716650,09:05:16.650,AAVE/USDT:USDT,297.79,88.0,297.78,294.0,297.87,101.0,297.88,32.0
1753520717099,09:05:17.099,AAVE/USDT:USDT,297.79,88.0,297.78,294.0,297.87,101.0,297.88,32.0
1753520717141,09:05:17.141,AAVE/USDT:USDT,297.79,88.0,297.78,294.0,297.87,101.0,297.88,32.0
1753520718697,09:05:18.697,AAVE/USDT:USDT,297.76,5.0,297.75,562.0,297.83,101.0,297.84,97.0
1753520718799,09:05:18.799,AAVE/USDT:USDT,297.76,5.0,297.75,562.0,297.84,34.0,297.85,92.0
1753520718854,09:05:18.854,AAVE/USDT:USDT,297.78,17.0,297.76,5.0,297.83,101.0,297.84,32.0
1753520718983,09:05:18.983,AAVE/USDT:USDT,297.78,17.0,297.76,5.0,297.84,133.0,297.85,94.0
1753520719099,09:05:19.099,AAVE/USDT:USDT,297.78,17.0,297.76,5.0,297.84,32.0,297.85,195.0
1753520719185,09:05:19.185,AAVE/USDT:USDT,297.77,17.0,297.76,139.0,297.83,101.0,297.84,32.0
1753520719228,09:05:19.228,AAVE/USDT:USDT,297.77,17.0,297.76,139.0,297.83,101.0,297.84,32.0
1753520719571,09:05:19.571,AAVE/USDT:USDT,297.76,139.0,297.75,562.0,297.83,101.0,297.84,32.0
1753520719642,09:05:19.642,AAVE/USDT:USDT,297.76,139.0,297.75,562.0,297.83,101.0,297.84,32.0
1753520719791,09:05:19.791,AAVE/USDT:USDT,297.76,139.0,297.75,562.0,297.83,101.0,297.84,32.0
1753520719823,09:05:19.823,AAVE/USDT:USDT,297.76,139.0,297.75,562.0,297.83,101.0,297.84,32.0
1753520719962,09:05:19.962,AAVE/USDT:USDT,297.76,139.0,297.74,5.0,297.83,101.0,297.84,32.0
1753520720056,09:05:20.056,AAVE/USDT:USDT,297.76,139.0,297.74,106.0,297.83,101.0,297.84,32.0
1753520720147,09:05:20.147,AAVE/USDT:USDT,297.76,139.0,297.74,106.0,297.83,101.0,297.84,32.0
1753520720201,09:05:20.201,AAVE/USDT:USDT,297.76,139.0,297.74,106.0,297.83,101.0,297.84,32.0
1753520720454,09:05:20.454,AAVE/USDT:USDT,297.76,139.0,297.74,106.0,297.83,101.0,297.84,32.0
1753520720501,09:05:20.501,AAVE/USDT:USDT,297.76,139.0,297.74,106.0,297.83,101.0,297.84,32.0
1753520720671,09:05:20.671,AAVE/USDT:USDT,297.76,139.0,297.74,5.0,297.83,101.0,297.84,32.0
1753520720702,09:05:20.702,AAVE/USDT:USDT,297.76,139.0,297.74,5.0,297.83,101.0,297.84,32.0
1753520720963,09:05:20.963,AAVE/USDT:USDT,297.76,139.0,297.74,106.0,297.83,101.0,297.84,32.0
1753520721296,09:05:21.296,AAVE/USDT:USDT,297.76,5.0,297.74,5.0,297.8,101.0,297.81,31.0
1753520721389,09:05:21.389,AAVE/USDT:USDT,297.76,5.0,297.74,5.0,297.81,31.0,297.82,128.0
1753520721466,09:05:21.466,AAVE/USDT:USDT,297.76,5.0,297.74,5.0,297.8,101.0,297.81,31.0
1753520721591,09:05:21.591,AAVE/USDT:USDT,297.76,5.0,297.74,5.0,297.81,31.0,297.82,63.0
1753520721669,09:05:21.669,AAVE/USDT:USDT,297.76,5.0,297.74,5.0,297.81,31.0,297.82,61.0
1753520721750,09:05:21.750,AAVE/USDT:USDT,297.76,5.0,297.74,5.0,297.81,31.0,297.82,61.0
1753520721850,09:05:21.850,AAVE/USDT:USDT,297.76,5.0,297.74,5.0,297.81,31.0,297.82,61.0
1753520722422,09:05:22.422,AAVE/USDT:USDT,297.76,5.0,297.74,5.0,297.8,101.0,297.81,31.0
1753520722576,09:05:22.576,AAVE/USDT:USDT,297.76,5.0,297.74,5.0,297.81,132.0,297.82,61.0
1753520722602,09:05:22.602,AAVE/USDT:USDT,297.76,5.0,297.74,5.0,297.81,132.0,297.82,61.0
1753520722702,09:05:22.702,AAVE/USDT:USDT,297.76,5.0,297.74,5.0,297.81,132.0,297.82,61.0
1753520722952,09:05:22.952,AAVE/USDT:USDT,297.76,5.0,297.74,5.0,297.81,132.0,297.82,61.0
1753520723126,09:05:23.126,AAVE/USDT:USDT,297.76,5.0,297.74,5.0,297.81,132.0,297.82,61.0
1753520723384,09:05:23.384,AAVE/USDT:USDT,297.76,5.0,297.74,5.0,297.8,101.0,297.81,31.0
1753520723402,09:05:23.402,AAVE/USDT:USDT,297.76,5.0,297.74,5.0,297.81,31.0,297.82,61.0
1753520723562,09:05:23.562,AAVE/USDT:USDT,297.76,5.0,297.74,5.0,297.8,101.0,297.81,31.0
1753520723769,09:05:23.769,AAVE/USDT:USDT,297.76,5.0,297.74,5.0,297.8,101.0,297.81,31.0
1753520724097,09:05:24.097,AAVE/USDT:USDT,297.76,5.0,297.74,5.0,297.8,133.0,297.81,92.0
1753520724163,09:05:24.163,AAVE/USDT:USDT,297.76,5.0,297.74,5.0,297.79,101.0,297.8,32.0
1753520724283,09:05:24.283,AAVE/USDT:USDT,297.76,5.0,297.74,5.0,297.8,133.0,297.81,94.0
1753520724633,09:05:24.633,AAVE/USDT:USDT,297.76,5.0,297.74,5.0,297.8,133.0,297.81,94.0
1753520724781,09:05:24.781,AAVE/USDT:USDT,297.76,5.0,297.74,5.0,297.8,133.0,297.81,94.0
1753520724818,09:05:24.818,AAVE/USDT:USDT,297.76,5.0,297.74,5.0,297.8,32.0,297.81,94.0
1753520724993,09:05:24.993,AAVE/USDT:USDT,297.76,5.0,297.74,5.0,297.81,33.0,297.82,173.0
1753520725082,09:05:25.082,AAVE/USDT:USDT,297.76,5.0,297.74,5.0,297.81,132.0,297.82,63.0
1753520725163,09:05:25.163,AAVE/USDT:USDT,297.76,5.0,297.74,5.0,297.81,132.0,297.82,63.0
1753520725202,09:05:25.202,AAVE/USDT:USDT,297.76,5.0,297.74,5.0,297.81,132.0,297.82,63.0
1753520725409,09:05:25.409,AAVE/USDT:USDT,297.76,5.0,297.74,5.0,297.81,132.0,297.82,63.0
1753520725559,09:05:25.559,AAVE/USDT:USDT,297.76,5.0,297.74,5.0,297.81,31.0,297.82,63.0
1753520725625,09:05:25.625,AAVE/USDT:USDT,297.76,5.0,297.74,5.0,297.81,132.0,297.82,61.0
1753520725786,09:05:25.786,AAVE/USDT:USDT,297.77,17.0,297.76,106.0,297.83,2.0,297.85,101.0
1753520725881,09:05:25.881,AAVE/USDT:USDT,297.76,106.0,297.74,5.0,297.85,101.0,297.86,126.0
1753520725973,09:05:25.973,AAVE/USDT:USDT,297.76,5.0,297.74,106.0,297.84,101.0,297.85,132.0
1753520726033,09:05:26.033,AAVE/USDT:USDT,297.76,5.0,297.74,106.0,297.84,101.0,297.85,134.0
1753520726141,09:05:26.141,AAVE/USDT:USDT,297.76,5.0,297.74,106.0,297.84,101.0,297.85,31.0
1753520726221,09:05:26.221,AAVE/USDT:USDT,297.76,5.0,297.74,106.0,297.84,101.0,297.85,31.0
1753520726541,09:05:26.541,AAVE/USDT:USDT,297.76,5.0,297.74,106.0,297.84,101.0,297.85,31.0
1753520726685,09:05:26.685,AAVE/USDT:USDT,297.76,5.0,297.74,106.0,297.84,101.0,297.85,31.0
1753520726722,09:05:26.722,AAVE/USDT:USDT,297.77,17.0,297.76,106.0,297.84,101.0,297.85,31.0
1753520727054,09:05:27.054,AAVE/USDT:USDT,297.77,17.0,297.76,106.0,297.84,101.0,297.85,31.0
1753520727162,09:05:27.162,AAVE/USDT:USDT,297.77,17.0,297.76,106.0,297.84,133.0,297.85,92.0
1753520727205,09:05:27.205,AAVE/USDT:USDT,297.77,17.0,297.76,106.0,297.84,133.0,297.85,94.0
1753520727476,09:05:27.476,AAVE/USDT:USDT,297.77,17.0,297.76,106.0,297.84,133.0,297.85,94.0
1753520727638,09:05:27.638,AAVE/USDT:USDT,297.77,17.0,297.76,106.0,297.84,133.0,297.85,94.0
1753520727823,09:05:27.823,AAVE/USDT:USDT,297.76,5.0,297.74,106.0,297.83,101.0,297.84,32.0
1753520728041,09:05:28.041,AAVE/USDT:USDT,297.76,5.0,297.74,106.0,297.83,101.0,297.84,32.0
1753520728296,09:05:28.296,AAVE/USDT:USDT,297.76,5.0,297.74,106.0,297.83,101.0,297.84,32.0
1753520728567,09:05:28.567,AAVE/USDT:USDT,297.76,5.0,297.74,106.0,297.83,101.0,297.84,32.0
1753520728615,09:05:28.615,AAVE/USDT:USDT,297.76,5.0,297.74,106.0,297.83,101.0,297.84,32.0
1753520729195,09:05:29.195,AAVE/USDT:USDT,297.76,5.0,297.74,106.0,297.83,101.0,297.84,32.0
1753520730022,09:05:30.022,AAVE/USDT:USDT,297.76,5.0,297.74,106.0,297.83,101.0,297.84,32.0
1753520730724,09:05:30.724,AAVE/USDT:USDT,297.76,5.0,297.74,106.0,297.83,101.0,297.84,32.0
1753520731450,09:05:31.450,AAVE/USDT:USDT,297.76,5.0,297.74,106.0,297.83,101.0,297.84,32.0
1753520731557,09:05:31.557,AAVE/USDT:USDT,297.76,5.0,297.74,106.0,297.83,101.0,297.84,32.0
1753520731609,09:05:31.609,AAVE/USDT:USDT,297.76,5.0,297.74,106.0,297.83,101.0,297.84,32.0
1753520732119,09:05:32.119,AAVE/USDT:USDT,297.76,5.0,297.74,106.0,297.83,101.0,297.84,32.0
1753520732219,09:05:32.219,AAVE/USDT:USDT,297.76,5.0,297.74,106.0,297.83,101.0,297.84,32.0
1753520732762,09:05:32.762,AAVE/USDT:USDT,297.76,5.0,297.74,106.0,297.83,101.0,297.84,32.0
1753520732951,09:05:32.951,AAVE/USDT:USDT,297.76,5.0,297.74,106.0,297.83,101.0,297.84,32.0
1753520733733,09:05:33.733,AAVE/USDT:USDT,297.76,5.0,297.74,106.0,297.83,101.0,297.84,32.0
1753520734861,09:05:34.861,AAVE/USDT:USDT,297.76,5.0,297.74,106.0,297.83,101.0,297.84,32.0
1753520735068,09:05:35.068,AAVE/USDT:USDT,297.76,5.0,297.74,106.0,297.83,101.0,297.84,32.0
1753520735246,09:05:35.246,AAVE/USDT:USDT,297.77,98.0,297.76,5.0,297.84,32.0,297.85,94.0
1753520735555,09:05:35.555,AAVE/USDT:USDT,297.77,98.0,297.76,5.0,297.84,32.0,297.85,94.0
1753520735696,09:05:35.696,AAVE/USDT:USDT,297.77,98.0,297.76,5.0,297.84,130.0,297.85,94.0
1753520735861,09:05:35.861,AAVE/USDT:USDT,297.76,5.0,297.74,106.0,297.83,98.0,297.84,32.0
1753520735972,09:05:35.972,AAVE/USDT:USDT,297.76,5.0,297.74,106.0,297.83,98.0,297.84,32.0
1753520736095,09:05:36.095,AAVE/USDT:USDT,297.82,17.0,297.81,25.0,297.85,2.0,297.89,181.0
1753520736198,09:05:36.198,AAVE/USDT:USDT,297.84,17.0,297.83,98.0,297.91,123.0,297.92,250.0
1753520736267,09:05:36.267,AAVE/USDT:USDT,297.86,17.0,297.8,98.0,297.9,98.0,297.91,2.0
1753520736385,09:05:36.385,AAVE/USDT:USDT,297.78,98.0,297.76,5.0,297.86,98.0,297.87,97.0
1753520736442,09:05:36.442,AAVE/USDT:USDT,297.78,98.0,297.76,5.0,297.86,98.0,297.87,99.0
1753520736580,09:05:36.580,AAVE/USDT:USDT,297.78,98.0,297.76,5.0,297.87,34.0,297.88,171.0
1753520736682,09:05:36.682,AAVE/USDT:USDT,297.8,98.0,297.78,98.0,297.88,100.0,297.9,98.0
1753520736795,09:05:36.795,AAVE/USDT:USDT,297.82,17.0,297.8,98.0,297.89,98.0,297.9,25.0
1753520736888,09:05:36.888,AAVE/USDT:USDT,297.83,17.0,297.82,115.0,297.89,98.0,297.9,25.0
1753520736951,09:05:36.951,AAVE/USDT:USDT,297.83,17.0,297.8,98.0,297.9,98.0,297.91,215.0
1753520737056,09:05:37.056,AAVE/USDT:USDT,297.83,17.0,297.8,98.0,297.9,98.0,297.91,215.0
1753520737190,09:05:37.190,AAVE/USDT:USDT,297.86,17.0,297.85,17.0,297.91,96.0,297.92,98.0
1753520737281,09:05:37.281,AAVE/USDT:USDT,297.82,115.0,297.78,98.0,297.9,98.0,297.91,94.0
1753520737369,09:05:37.369,AAVE/USDT:USDT,297.82,115.0,297.78,98.0,297.9,98.0,297.91,94.0
1753520737564,09:05:37.564,AAVE/USDT:USDT,297.82,115.0,297.78,98.0,297.9,98.0,297.91,94.0
1753520737696,09:05:37.696,AAVE/USDT:USDT,297.82,115.0,297.78,98.0,297.9,98.0,297.91,94.0
1753520737734,09:05:37.734,AAVE/USDT:USDT,297.82,115.0,297.78,98.0,297.9,98.0,297.91,94.0
1753520737890,09:05:37.890,AAVE/USDT:USDT,297.84,17.0,297.83,98.0,297.9,129.0,297.91,153.0
1753520737994,09:05:37.994,AAVE/USDT:USDT,297.84,17.0,297.82,98.0,297.9,129.0,297.91,155.0
1753520738166,09:05:38.166,AAVE/USDT:USDT,297.82,98.0,297.79,115.0,297.9,129.0,297.91,155.0
1753520738286,09:05:38.286,AAVE/USDT:USDT,297.82,98.0,297.79,115.0,297.9,31.0,297.91,155.0
1753520738385,09:05:38.385,AAVE/USDT:USDT,297.84,17.0,297.82,98.0,297.9,31.0,297.91,155.0
1753520738598,09:05:38.598,AAVE/USDT:USDT,297.84,17.0,297.82,98.0,297.9,399.0,297.91,155.0
1753520738682,09:05:38.682,AAVE/USDT:USDT,297.83,17.0,297.82,17.0,297.89,100.0,297.9,154.0
1753520738776,09:05:38.776,AAVE/USDT:USDT,297.83,17.0,297.81,98.0,297.89,98.0,297.9,58.0
1753520738829,09:05:38.829,AAVE/USDT:USDT,297.83,17.0,297.81,98.0,297.89,98.0,297.9,56.0
1753520738994,09:05:38.994,AAVE/USDT:USDT,297.77,94.0,297.76,5.0,297.85,98.0,297.86,155.0
1753520739097,09:05:39.097,AAVE/USDT:USDT,297.77,94.0,297.76,5.0,297.85,98.0,297.86,157.0
1753520739111,09:05:39.111,AAVE/USDT:USDT,297.78,98.0,297.77,94.0,297.86,157.0,297.87,192.0
1753520739245,09:05:39.245,AAVE/USDT:USDT,297.78,98.0,297.77,94.0,297.86,157.0,297.87,192.0
1753520739384,09:05:39.384,AAVE/USDT:USDT,297.78,98.0,297.77,94.0,297.86,157.0,297.87,192.0
1753520739439,09:05:39.439,AAVE/USDT:USDT,297.79,17.0,297.77,94.0,297.85,98.0,297.86,59.0
1753520739557,09:05:39.557,AAVE/USDT:USDT,297.79,17.0,297.77,192.0,297.85,98.0,297.86,59.0
1753520739799,09:05:39.799,AAVE/USDT:USDT,297.79,17.0,297.78,98.0,297.86,132.0,297.87,192.0
1753520739806,09:05:39.806,AAVE/USDT:USDT,297.79,17.0,297.78,98.0,297.86,130.0,297.87,194.0
1753520739941,09:05:39.941,AAVE/USDT:USDT,297.79,17.0,297.78,98.0,297.85,98.0,297.86,130.0
1753520740097,09:05:40.097,AAVE/USDT:USDT,297.79,17.0,297.78,98.0,297.85,98.0,297.86,32.0
1753520740217,09:05:40.217,AAVE/USDT:USDT,297.79,17.0,297.78,98.0,297.85,98.0,297.86,32.0
1753520741073,09:05:41.073,AAVE/USDT:USDT,297.79,17.0,297.78,98.0,297.85,98.0,297.86,32.0
1753520741129,09:05:41.129,AAVE/USDT:USDT,297.77,94.0,297.76,103.0,297.85,98.0,297.86,32.0
1753520741257,09:05:41.257,AAVE/USDT:USDT,297.77,94.0,297.76,103.0,297.85,98.0,297.86,32.0
1753520741443,09:05:41.443,AAVE/USDT:USDT,297.79,17.0,297.78,98.0,297.86,130.0,297.87,194.0
1753520741856,09:05:41.856,AAVE/USDT:USDT,297.79,17.0,297.78,98.0,297.86,130.0,297.87,194.0
1753520741931,09:05:41.931,AAVE/USDT:USDT,297.79,17.0,297.78,98.0,297.86,32.0,297.87,292.0
1753520742057,09:05:42.057,AAVE/USDT:USDT,297.79,17.0,297.78,98.0,297.86,130.0,297.87,194.0
1753520742545,09:05:42.545,AAVE/USDT:USDT,297.79,17.0,297.77,94.0,297.85,98.0,297.86,32.0
1753520742675,09:05:42.675,AAVE/USDT:USDT,297.79,17.0,297.77,94.0,297.85,98.0,297.86,32.0
1753520742757,09:05:42.757,AAVE/USDT:USDT,297.79,17.0,297.77,94.0,297.85,98.0,297.86,32.0
1753520743303,09:05:43.303,AAVE/USDT:USDT,297.79,17.0,297.77,94.0,297.85,98.0,297.86,32.0
1753520743500,09:05:43.500,AAVE/USDT:USDT,297.79,17.0,297.77,94.0,297.85,98.0,297.86,32.0
1753520743513,09:05:43.513,AAVE/USDT:USDT,297.79,17.0,297.77,94.0,297.85,98.0,297.86,32.0
1753520743987,09:05:43.987,AAVE/USDT:USDT,297.77,98.0,297.76,103.0,297.84,65.0,297.85,129.0
1753520744083,09:05:44.083,AAVE/USDT:USDT,297.76,103.0,297.74,106.0,297.84,163.0,297.85,129.0
1753520744123,09:05:44.123,AAVE/USDT:USDT,297.76,103.0,297.74,106.0,297.83,97.0,297.84,65.0
1753520744258,09:05:44.258,AAVE/USDT:USDT,297.76,103.0,297.74,106.0,297.83,97.0,297.84,65.0
1753520744332,09:05:44.332,AAVE/USDT:USDT,297.76,103.0,297.74,106.0,297.83,97.0,297.84,65.0
1753520744782,09:05:44.782,AAVE/USDT:USDT,297.8,17.0,297.79,17.0,297.85,33.0,297.86,91.0
1753520744899,09:05:44.899,AAVE/USDT:USDT,297.8,17.0,297.76,103.0,297.84,70.0,297.85,232.0
1753520745184,09:05:45.184,AAVE/USDT:USDT,297.77,97.0,297.76,103.0,297.84,70.0,297.85,31.0
1753520745286,09:05:45.286,AAVE/USDT:USDT,297.79,17.0,297.77,97.0,297.84,95.0,297.85,128.0
1753520745381,09:05:45.381,AAVE/USDT:USDT,297.79,17.0,297.77,97.0,297.85,128.0,297.86,169.0
1753520745407,09:05:45.407,AAVE/USDT:USDT,297.79,17.0,297.77,97.0,297.84,95.0,297.85,317.0
1753520745596,09:05:45.596,AAVE/USDT:USDT,297.79,17.0,297.77,97.0,297.84,2.0,297.85,128.0
1753520745621,09:05:45.621,AAVE/USDT:USDT,297.79,17.0,297.77,97.0,297.85,97.0,297.86,34.0
1753520745790,09:05:45.790,AAVE/USDT:USDT,297.79,17.0,297.77,97.0,297.85,97.0,297.86,32.0
1753520745850,09:05:45.850,AAVE/USDT:USDT,297.79,17.0,297.77,97.0,297.85,128.0,297.86,168.0
1753520745904,09:05:45.904,AAVE/USDT:USDT,297.79,17.0,297.77,97.0,297.85,287.0,297.86,168.0
1753520746011,09:05:46.011,AAVE/USDT:USDT,297.79,17.0,297.77,97.0,297.85,289.0,297.86,168.0
1753520746523,09:05:46.523,AAVE/USDT:USDT,297.77,97.0,297.76,5.0,297.85,289.0,297.86,168.0
1753520746738,09:05:46.738,AAVE/USDT:USDT,297.78,17.0,297.76,5.0,297.84,97.0,297.85,33.0
1753520746831,09:05:46.831,AAVE/USDT:USDT,297.78,17.0,297.76,5.0,297.84,97.0,297.85,31.0
1753520746997,09:05:46.997,AAVE/USDT:USDT,297.67,10.0,297.65,35.0,297.7,250.0,297.74,395.0
1753520747097,09:05:47.097,AAVE/USDT:USDT,297.65,11.0,297.62,94.0,297.69,328.0,297.7,440.0
1753520747195,09:05:47.195,AAVE/USDT:USDT,297.6,21.0,297.57,53.0,297.66,65.0,297.68,65.0
1753520747294,09:05:47.294,AAVE/USDT:USDT,297.54,132.0,297.5,253.0,297.62,63.0,297.66,256.0
1753520747397,09:05:47.397,AAVE/USDT:USDT,297.54,1.0,297.51,35.0,297.62,63.0,297.65,155.0
1753520747496,09:05:47.496,AAVE/USDT:USDT,297.54,1.0,297.51,105.0,297.57,97.0,297.62,160.0
1753520747594,09:05:47.594,AAVE/USDT:USDT,297.54,1.0,297.49,5.0,297.56,65.0,297.57,97.0
1753520747694,09:05:47.694,AAVE/USDT:USDT,297.54,9.0,297.49,5.0,297.56,97.0,297.62,160.0
1753520747783,09:05:47.783,AAVE/USDT:USDT,297.55,31.0,297.54,9.0,297.6,97.0,297.61,25.0
1753520747886,09:05:47.886,AAVE/USDT:USDT,297.55,31.0,297.54,1.0,297.59,160.0,297.6,68.0
1753520747985,09:05:47.985,AAVE/USDT:USDT,297.54,1.0,297.49,5.0,297.58,187.0,297.59,187.0
1753520748093,09:05:48.093,AAVE/USDT:USDT,297.54,9.0,297.49,5.0,297.58,187.0,297.59,187.0
1753520748197,09:05:48.197,AAVE/USDT:USDT,297.54,1.0,297.49,121.0,297.58,187.0,297.59,187.0
1753520748295,09:05:48.295,AAVE/USDT:USDT,297.54,1.0,297.49,5.0,297.57,65.0,297.58,187.0
1753520748386,09:05:48.386,AAVE/USDT:USDT,297.54,98.0,297.49,5.0,297.57,65.0,297.58,65.0
1753520748487,09:05:48.487,AAVE/USDT:USDT,297.54,9.0,297.52,97.0,297.58,65.0,297.59,187.0
1753520748585,09:05:48.585,AAVE/USDT:USDT,297.54,9.0,297.52,97.0,297.58,65.0,297.59,185.0
1753520748682,09:05:48.682,AAVE/USDT:USDT,297.54,1.0,297.52,97.0,297.58,65.0,297.59,185.0
1753520748798,09:05:48.798,AAVE/USDT:USDT,297.54,1.0,297.52,97.0,297.58,65.0,297.59,185.0
1753520748813,09:05:48.813,AAVE/USDT:USDT,297.54,1.0,297.52,97.0,297.59,185.0,297.6,405.0
1753520748930,09:05:48.930,AAVE/USDT:USDT,297.54,1.0,297.5,97.0,297.59,210.0,297.6,405.0
1753520749095,09:05:49.095,AAVE/USDT:USDT,297.54,1.0,297.5,97.0,297.59,210.0,297.6,405.0
1753520749192,09:05:49.192,AAVE/USDT:USDT,297.54,1.0,297.5,191.0,297.58,65.0,297.59,185.0
1753520749328,09:05:49.328,AAVE/USDT:USDT,297.54,1.0,297.5,191.0,297.58,65.0,297.59,185.0
1753520749422,09:05:49.422,AAVE/USDT:USDT,297.54,1.0,297.5,191.0,297.58,65.0,297.59,185.0
1753520749566,09:05:49.566,AAVE/USDT:USDT,297.54,1.0,297.52,97.0,297.59,185.0,297.6,405.0
1753520749612,09:05:49.612,AAVE/USDT:USDT,297.54,1.0,297.52,97.0,297.59,185.0,297.6,405.0
1753520749757,09:05:49.757,AAVE/USDT:USDT,297.54,1.0,297.52,97.0,297.59,185.0,297.6,405.0
1753520749882,09:05:49.882,AAVE/USDT:USDT,297.54,1.0,297.52,97.0,297.59,185.0,297.6,405.0
1753520749985,09:05:49.985,AAVE/USDT:USDT,297.54,1.0,297.52,97.0,297.59,185.0,297.6,405.0
1753520750083,09:05:50.083,AAVE/USDT:USDT,297.54,1.0,297.5,191.0,297.58,130.0,297.59,185.0
1753520750193,09:05:50.193,AAVE/USDT:USDT,297.54,1.0,297.5,262.0,297.59,185.0,297.6,405.0
1753520750214,09:05:50.214,AAVE/USDT:USDT,297.54,1.0,297.5,262.0,297.59,185.0,297.6,405.0
1753520750306,09:05:50.306,AAVE/USDT:USDT,297.54,1.0,297.5,262.0,297.59,185.0,297.6,405.0
1753520750496,09:05:50.496,AAVE/USDT:USDT,297.54,98.0,297.5,262.0,297.59,185.0,297.6,405.0
1753520750561,09:05:50.561,AAVE/USDT:USDT,297.54,98.0,297.5,262.0,297.59,185.0,297.6,405.0
1753520750662,09:05:50.662,AAVE/USDT:USDT,297.54,1.0,297.52,97.0,297.59,185.0,297.6,405.0
1753520750702,09:05:50.702,AAVE/USDT:USDT,297.54,1.0,297.52,97.0,297.59,185.0,297.6,405.0
1753520750881,09:05:50.881,AAVE/USDT:USDT,297.54,1.0,297.5,262.0,297.59,185.0,297.6,405.0
1753520751071,09:05:51.071,AAVE/USDT:USDT,297.54,1.0,297.5,191.0,297.58,65.0,297.59,185.0
1753520751182,09:05:51.182,AAVE/USDT:USDT,297.54,1.0,297.5,262.0,297.59,185.0,297.6,405.0
1753520751241,09:05:51.241,AAVE/USDT:USDT,297.54,1.0,297.5,262.0,297.59,185.0,297.6,405.0
1753520751298,09:05:51.298,AAVE/USDT:USDT,297.54,98.0,297.5,262.0,297.59,185.0,297.6,405.0
1753520751505,09:05:51.505,AAVE/USDT:USDT,297.54,1.0,297.52,97.0,297.59,185.0,297.6,405.0
1753520751661,09:05:51.661,AAVE/USDT:USDT,297.54,1.0,297.52,97.0,297.59,185.0,297.6,405.0
1753520751746,09:05:51.746,AAVE/USDT:USDT,297.54,1.0,297.52,97.0,297.59,185.0,297.6,405.0
1753520751809,09:05:51.809,AAVE/USDT:USDT,297.54,1.0,297.52,97.0,297.59,185.0,297.6,405.0
1753520752097,09:05:52.097,AAVE/USDT:USDT,297.54,1.0,297.52,97.0,297.58,65.0,297.59,185.0
1753520752192,09:05:52.192,AAVE/USDT:USDT,297.54,1.0,297.5,262.0,297.58,65.0,297.59,185.0
1753520752272,09:05:52.272,AAVE/USDT:USDT,297.54,1.0,297.5,262.0,297.59,185.0,297.6,405.0
1753520752462,09:05:52.462,AAVE/USDT:USDT,297.54,1.0,297.5,262.0,297.59,185.0,297.6,405.0
1753520752563,09:05:52.563,AAVE/USDT:USDT,297.54,1.0,297.52,97.0,297.59,153.0,297.6,405.0
1753520752638,09:05:52.638,AAVE/USDT:USDT,297.54,1.0,297.52,97.0,297.59,153.0,297.6,405.0
1753520752958,09:05:52.958,AAVE/USDT:USDT,297.54,1.0,297.52,97.0,297.59,153.0,297.6,405.0
1753520753024,09:05:53.024,AAVE/USDT:USDT,297.54,1.0,297.52,97.0,297.59,122.0,297.6,405.0
1753520753198,09:05:53.198,AAVE/USDT:USDT,297.57,9.0,297.56,26.0,297.6,68.0,297.64,188.0
1753520753295,09:05:53.295,AAVE/USDT:USDT,297.57,9.0,297.54,1.0,297.6,68.0,297.62,156.0
1753520753390,09:05:53.390,AAVE/USDT:USDT,297.54,1.0,297.51,115.0,297.59,65.0,297.6,197.0
1753520753481,09:05:53.481,AAVE/USDT:USDT,297.54,1.0,297.51,115.0,297.58,96.0,297.59,221.0
1753520753585,09:05:53.585,AAVE/USDT:USDT,297.54,1.0,297.51,115.0,297.58,31.0,297.59,221.0
1753520753684,09:05:53.684,AAVE/USDT:USDT,297.54,98.0,297.51,115.0,297.58,31.0,297.59,59.0
1753520753786,09:05:53.786,AAVE/USDT:USDT,297.56,9.0,297.54,1.0,297.6,68.0,297.62,97.0
1753520753841,09:05:53.841,AAVE/USDT:USDT,297.56,9.0,297.54,1.0,297.6,68.0,297.62,97.0
1753520754044,09:05:54.044,AAVE/USDT:USDT,297.56,9.0,297.54,1.0,297.61,59.0,297.62,156.0
1753520754264,09:05:54.264,AAVE/USDT:USDT,297.56,9.0,297.54,1.0,297.61,59.0,297.62,156.0
1753520754623,09:05:54.623,AAVE/USDT:USDT,297.56,9.0,297.54,1.0,297.61,59.0,297.62,156.0
1753520754822,09:05:54.822,AAVE/USDT:USDT,297.56,9.0,297.54,1.0,297.61,59.0,297.62,156.0
1753520754901,09:05:54.901,AAVE/USDT:USDT,297.56,9.0,297.54,1.0,297.61,59.0,297.62,156.0
1753520755168,09:05:55.168,AAVE/USDT:USDT,297.54,1.0,297.52,97.0,297.61,159.0,297.62,59.0
1753520755202,09:05:55.202,AAVE/USDT:USDT,297.54,1.0,297.52,97.0,297.61,159.0,297.62,59.0
1753520755442,09:05:55.442,AAVE/USDT:USDT,297.54,1.0,297.52,97.0,297.61,159.0,297.62,59.0
1753520755556,09:05:55.556,AAVE/USDT:USDT,297.54,1.0,297.52,97.0,297.61,159.0,297.62,59.0
1753520755609,09:05:55.609,AAVE/USDT:USDT,297.54,1.0,297.52,97.0,297.61,159.0,297.62,59.0
1753520755860,09:05:55.860,AAVE/USDT:USDT,297.54,1.0,297.52,97.0,297.61,159.0,297.62,59.0
1753520756331,09:05:56.331,AAVE/USDT:USDT,297.54,1.0,297.52,97.0,297.61,159.0,297.62,59.0
1753520756402,09:05:56.402,AAVE/USDT:USDT,297.54,1.0,297.52,97.0,297.61,159.0,297.62,59.0
1753520756613,09:05:56.613,AAVE/USDT:USDT,297.54,1.0,297.52,97.0,297.61,159.0,297.62,59.0
1753520756703,09:05:56.703,AAVE/USDT:USDT,297.54,1.0,297.52,97.0,297.61,159.0,297.62,59.0
1753520756885,09:05:56.885,AAVE/USDT:USDT,297.57,26.0,297.54,1.0,297.63,100.0,297.64,94.0
1753520756992,09:05:56.992,AAVE/USDT:USDT,297.58,31.0,297.54,170.0,297.64,94.0,297.65,153.0
1753520757090,09:05:57.090,AAVE/USDT:USDT,297.58,26.0,297.57,126.0,297.64,94.0,297.65,153.0
1753520757181,09:05:57.181,AAVE/USDT:USDT,297.58,26.0,297.57,100.0,297.64,94.0,297.65,153.0
1753520757285,09:05:57.285,AAVE/USDT:USDT,297.55,186.0,297.54,170.0,297.64,94.0,297.65,153.0
1753520757313,09:05:57.313,AAVE/USDT:USDT,297.55,186.0,297.54,101.0,297.64,94.0,297.65,153.0
1753520757490,09:05:57.490,AAVE/USDT:USDT,297.56,100.0,297.55,186.0,297.64,94.0,297.65,153.0
1753520757584,09:05:57.584,AAVE/USDT:USDT,297.55,186.0,297.54,101.0,297.64,94.0,297.65,153.0
1753520757602,09:05:57.602,AAVE/USDT:USDT,297.55,186.0,297.54,101.0,297.64,94.0,297.65,153.0
1753520757833,09:05:57.833,AAVE/USDT:USDT,297.55,186.0,297.54,101.0,297.64,94.0,297.65,153.0
1753520757927,09:05:57.927,AAVE/USDT:USDT,297.55,186.0,297.54,101.0,297.64,94.0,297.65,153.0
1753520758051,09:05:58.051,AAVE/USDT:USDT,297.55,186.0,297.54,101.0,297.64,94.0,297.65,153.0
1753520758102,09:05:58.102,AAVE/USDT:USDT,297.55,186.0,297.54,101.0,297.64,94.0,297.65,153.0
1753520758362,09:05:58.362,AAVE/USDT:USDT,297.57,17.0,297.55,186.0,297.64,94.0,297.65,153.0
1753520758461,09:05:58.461,AAVE/USDT:USDT,297.57,17.0,297.55,186.0,297.64,94.0,297.65,153.0
1753520758577,09:05:58.577,AAVE/USDT:USDT,297.57,26.0,297.56,100.0,297.64,94.0,297.65,153.0
1753520758644,09:05:58.644,AAVE/USDT:USDT,297.57,26.0,297.56,100.0,297.64,94.0,297.65,153.0
1753520758765,09:05:58.765,AAVE/USDT:USDT,297.57,26.0,297.56,100.0,297.64,94.0,297.65,153.0
1753520758802,09:05:58.802,AAVE/USDT:USDT,297.57,26.0,297.56,100.0,297.64,94.0,297.65,153.0
1753520759191,09:05:59.191,AAVE/USDT:USDT,297.57,26.0,297.56,100.0,297.64,94.0,297.65,153.0
1753520759298,09:05:59.298,AAVE/USDT:USDT,297.57,26.0,297.56,100.0,297.64,94.0,297.65,153.0
1753520759397,09:05:59.397,AAVE/USDT:USDT,297.57,26.0,297.56,100.0,297.64,94.0,297.65,153.0
1753520759441,09:05:59.441,AAVE/USDT:USDT,297.57,26.0,297.56,100.0,297.64,94.0,297.65,153.0
1753520759583,09:05:59.583,AAVE/USDT:USDT,297.57,26.0,297.56,100.0,297.64,94.0,297.65,153.0
1753520759892,09:05:59.892,AAVE/USDT:USDT,297.58,17.0,297.55,186.0,297.64,94.0,297.65,153.0
1753520759976,09:05:59.976,AAVE/USDT:USDT,297.58,17.0,297.55,186.0,297.64,94.0,297.65,153.0
1753520760098,09:06:00.098,AAVE/USDT:USDT,297.54,1.0,297.52,97.0,297.61,65.0,297.62,130.0
1753520760193,09:06:00.193,AAVE/USDT:USDT,297.54,1.0,297.5,167.0,297.59,65.0,297.6,101.0
1753520760285,09:06:00.285,AAVE/USDT:USDT,297.55,17.0,297.54,101.0,297.6,32.0,297.61,211.0
1753520760396,09:06:00.396,AAVE/USDT:USDT,297.57,9.0,297.54,101.0,297.62,2.0,297.64,125.0
1753520760478,09:06:00.478,AAVE/USDT:USDT,297.58,9.0,297.54,101.0,297.64,125.0,297.65,60.0
1753520760526,09:06:00.526,AAVE/USDT:USDT,297.58,9.0,297.54,101.0,297.64,125.0,297.65,60.0
1753520760671,09:06:00.671,AAVE/USDT:USDT,297.58,9.0,297.54,170.0,297.64,125.0,297.65,60.0
1753520760865,09:06:00.865,AAVE/USDT:USDT,297.58,9.0,297.54,170.0,297.64,125.0,297.65,60.0
1753520760948,09:06:00.948,AAVE/USDT:USDT,297.58,9.0,297.54,170.0,297.64,156.0,297.65,60.0
1753520761497,09:06:01.497,AAVE/USDT:USDT,297.54,170.0,297.5,97.0,297.64,156.0,297.65,60.0
1753520761591,09:06:01.591,AAVE/USDT:USDT,297.57,26.0,297.56,9.0,297.64,131.0,297.65,60.0
1753520761662,09:06:01.662,AAVE/USDT:USDT,297.57,26.0,297.55,100.0,297.64,131.0,297.65,60.0
1753520761752,09:06:01.752,AAVE/USDT:USDT,297.57,26.0,297.55,100.0,297.64,131.0,297.65,60.0
1753520761996,09:06:01.996,AAVE/USDT:USDT,297.54,1.0,297.52,100.0,297.58,65.0,297.59,96.0
1753520762092,09:06:02.092,AAVE/USDT:USDT,297.55,17.0,297.54,1.0,297.59,31.0,297.6,161.0
1753520762150,09:06:02.150,AAVE/USDT:USDT,297.54,1.0,297.52,100.0,297.59,31.0,297.6,161.0
1753520762282,09:06:02.282,AAVE/USDT:USDT,297.54,1.0,297.52,100.0,297.59,31.0,297.6,161.0
1753520762337,09:06:02.337,AAVE/USDT:USDT,297.55,17.0,297.54,101.0,297.59,31.0,297.6,161.0
1753520762441,09:06:02.441,AAVE/USDT:USDT,297.54,1.0,297.52,100.0,297.59,31.0,297.6,161.0
1753520762590,09:06:02.590,AAVE/USDT:USDT,297.54,1.0,297.52,100.0,297.59,31.0,297.6,161.0
1753520762878,09:06:02.878,AAVE/USDT:USDT,297.54,1.0,297.51,115.0,297.59,131.0,297.6,161.0
1753520763022,09:06:03.022,AAVE/USDT:USDT,297.54,1.0,297.51,115.0,297.59,131.0,297.6,161.0
1753520763233,09:06:03.233,AAVE/USDT:USDT,297.54,1.0,297.51,115.0,297.59,131.0,297.6,161.0
1753520763332,09:06:03.332,AAVE/USDT:USDT,297.54,1.0,297.51,115.0,297.59,131.0,297.6,92.0
1753520763401,09:06:03.401,AAVE/USDT:USDT,297.54,1.0,297.51,115.0,297.59,131.0,297.6,92.0
1753520763527,09:06:03.527,AAVE/USDT:USDT,297.54,1.0,297.51,115.0,297.59,31.0,297.6,92.0
1753520763643,09:06:03.643,AAVE/USDT:USDT,297.54,1.0,297.52,100.0,297.59,31.0,297.6,92.0
1753520763847,09:06:03.847,AAVE/USDT:USDT,297.54,1.0,297.52,100.0,297.59,31.0,297.6,92.0
1753520763923,09:06:03.923,AAVE/USDT:USDT,297.54,1.0,297.52,100.0,297.59,131.0,297.6,92.0
1753520764558,09:06:04.558,AAVE/USDT:USDT,297.54,1.0,297.52,100.0,297.59,31.0,297.6,92.0
1753520764641,09:06:04.641,AAVE/USDT:USDT,297.54,1.0,297.52,100.0,297.59,31.0,297.6,92.0
1753520765041,09:06:05.041,AAVE/USDT:USDT,297.54,1.0,297.52,100.0,297.59,31.0,297.6,92.0
1753520765128,09:06:05.128,AAVE/USDT:USDT,297.54,1.0,297.52,100.0,297.59,129.0,297.6,92.0
1753520765227,09:06:05.227,AAVE/USDT:USDT,297.54,1.0,297.52,100.0,297.59,129.0,297.6,92.0
1753520765350,09:06:05.350,AAVE/USDT:USDT,297.54,1.0,297.52,100.0,297.59,129.0,297.6,92.0
1753520765881,09:06:05.881,AAVE/USDT:USDT,297.54,1.0,297.52,100.0,297.59,98.0,297.6,32.0
1753520765907,09:06:05.907,AAVE/USDT:USDT,297.54,1.0,297.52,100.0,297.59,98.0,297.6,32.0
1753520766581,09:06:06.581,AAVE/USDT:USDT,297.54,1.0,297.52,100.0,297.59,129.0,297.6,92.0
1753520766693,09:06:06.693,AAVE/USDT:USDT,297.54,1.0,297.52,100.0,297.59,129.0,297.6,92.0
1753520766777,09:06:06.777,AAVE/USDT:USDT,297.54,1.0,297.51,115.0,297.59,129.0,297.6,92.0
1753520766851,09:06:06.851,AAVE/USDT:USDT,297.54,1.0,297.51,115.0,297.58,65.0,297.59,129.0
1753520766906,09:06:06.906,AAVE/USDT:USDT,297.54,1.0,297.51,115.0,297.58,65.0,297.59,129.0
1753520767075,09:06:07.075,AAVE/USDT:USDT,297.54,1.0,297.51,115.0,297.58,65.0,297.59,129.0
1753520767106,09:06:07.106,AAVE/USDT:USDT,297.54,1.0,297.51,115.0,297.58,65.0,297.59,129.0
1753520767556,09:06:07.556,AAVE/USDT:USDT,297.54,1.0,297.51,115.0,297.58,65.0,297.59,129.0
1753520767678,09:06:07.678,AAVE/USDT:USDT,297.54,1.0,297.51,115.0,297.58,65.0,297.59,31.0
1753520767780,09:06:07.780,AAVE/USDT:USDT,297.54,1.0,297.51,115.0,297.59,129.0,297.6,92.0
1753520767812,09:06:07.812,AAVE/USDT:USDT,297.54,1.0,297.51,115.0,297.59,129.0,297.6,92.0
1753520767934,09:06:07.934,AAVE/USDT:USDT,297.54,1.0,297.51,115.0,297.59,129.0,297.6,92.0
1753520768010,09:06:08.010,AAVE/USDT:USDT,297.54,1.0,297.51,115.0,297.59,129.0,297.6,92.0
1753520768353,09:06:08.353,AAVE/USDT:USDT,297.54,1.0,297.51,115.0,297.59,129.0,297.6,92.0
1753520768572,09:06:08.572,AAVE/USDT:USDT,297.54,1.0,297.51,115.0,297.59,31.0,297.6,92.0
1753520768688,09:06:08.688,AAVE/USDT:USDT,297.54,1.0,297.5,100.0,297.56,65.0,297.58,188.0
1753520768797,09:06:08.797,AAVE/USDT:USDT,297.54,1.0,297.5,100.0,297.58,98.0,297.59,295.0
1753520768882,09:06:08.882,AAVE/USDT:USDT,297.54,1.0,297.5,100.0,297.58,98.0,297.59,295.0
1753520768995,09:06:08.995,AAVE/USDT:USDT,297.54,1.0,297.49,234.0,297.58,98.0,297.59,295.0
1753520769073,09:06:09.073,AAVE/USDT:USDT,297.54,1.0,297.49,234.0,297.58,98.0,297.59,295.0
1753520769192,09:06:09.192,AAVE/USDT:USDT,297.54,1.0,297.49,120.0,297.58,98.0,297.59,295.0
1753520769687,09:06:09.687,AAVE/USDT:USDT,297.54,1.0,297.49,120.0,297.58,98.0,297.59,295.0
1753520769789,09:06:09.789,AAVE/USDT:USDT,297.54,1.0,297.49,120.0,297.58,163.0,297.59,222.0
1753520769856,09:06:09.856,AAVE/USDT:USDT,297.54,1.0,297.49,120.0,297.58,163.0,297.59,222.0
1753520769982,09:06:09.982,AAVE/USDT:USDT,297.54,1.0,297.49,120.0,297.58,163.0,297.59,222.0
1753520770021,09:06:10.021,AAVE/USDT:USDT,297.54,1.0,297.49,120.0,297.58,163.0,297.59,222.0
1753520770394,09:06:10.394,AAVE/USDT:USDT,297.54,1.0,297.49,234.0,297.59,204.0,297.6,369.0
1753520770494,09:06:10.494,AAVE/USDT:USDT,297.54,1.0,297.5,98.0,297.59,179.0,297.6,369.0
1753520770560,09:06:10.560,AAVE/USDT:USDT,297.54,1.0,297.5,98.0,297.58,65.0,297.59,179.0
1753520770727,09:06:10.727,AAVE/USDT:USDT,297.54,1.0,297.5,98.0,297.58,65.0,297.59,239.0
1753520770809,09:06:10.809,AAVE/USDT:USDT,297.54,1.0,297.5,98.0,297.58,65.0,297.59,239.0
1753520771024,09:06:11.024,AAVE/USDT:USDT,297.54,1.0,297.5,98.0,297.59,179.0,297.6,371.0
1753520771186,09:06:11.186,AAVE/USDT:USDT,297.54,1.0,297.5,98.0,297.58,238.0,297.59,204.0
1753520771201,09:06:11.201,AAVE/USDT:USDT,297.54,1.0,297.5,98.0,297.58,65.0,297.59,204.0
1753520771361,09:06:11.361,AAVE/USDT:USDT,297.54,1.0,297.5,98.0,297.58,65.0,297.59,204.0
1753520771993,09:06:11.993,AAVE/USDT:USDT,297.55,9.0,297.54,9.0,297.59,68.0,297.6,337.0
1753520772097,09:06:12.097,AAVE/USDT:USDT,297.58,9.0,297.54,1.0,297.6,60.0,297.61,60.0
1753520772181,09:06:12.181,AAVE/USDT:USDT,297.58,9.0,297.54,1.0,297.6,60.0,297.61,60.0
1753520772253,09:06:12.253,AAVE/USDT:USDT,297.58,9.0,297.54,1.0,297.6,60.0,297.61,60.0
1753520772393,09:06:12.393,AAVE/USDT:USDT,297.58,9.0,297.54,1.0,297.6,158.0,297.61,60.0
1753520772495,09:06:12.495,AAVE/USDT:USDT,297.54,1.0,297.51,94.0,297.58,129.0,297.59,65.0
1753520772550,09:06:12.550,AAVE/USDT:USDT,297.54,1.0,297.5,115.0,297.58,129.0,297.59,65.0
1753520772663,09:06:12.663,AAVE/USDT:USDT,297.54,1.0,297.5,115.0,297.58,129.0,297.59,133.0
1753520772881,09:06:12.881,AAVE/USDT:USDT,297.54,1.0,297.5,213.0,297.58,129.0,297.59,68.0
1753520772921,09:06:12.921,AAVE/USDT:USDT,297.54,1.0,297.5,213.0,297.58,98.0,297.59,68.0
1753520773010,09:06:13.010,AAVE/USDT:USDT,297.54,1.0,297.5,213.0,297.59,68.0,297.6,226.0
1753520773181,09:06:13.181,AAVE/USDT:USDT,297.54,1.0,297.5,213.0,297.59,129.0,297.6,188.0
1753520773206,09:06:13.206,AAVE/USDT:USDT,297.54,1.0,297.5,213.0,297.59,129.0,297.6,188.0
1753520773303,09:06:13.303,AAVE/USDT:USDT,297.54,1.0,297.5,213.0,297.59,129.0,297.6,188.0
1753520773536,09:06:13.536,AAVE/USDT:USDT,297.54,1.0,297.5,213.0,297.59,129.0,297.6,188.0
1753520773791,09:06:13.791,AAVE/USDT:USDT,297.54,1.0,297.5,213.0,297.6,158.0,297.61,133.0
1753520773881,09:06:13.881,AAVE/USDT:USDT,297.55,9.0,297.54,1.0,297.6,173.0,297.61,60.0
1753520773902,09:06:13.902,AAVE/USDT:USDT,297.55,9.0,297.54,1.0,297.6,173.0,297.61,60.0
1753520774162,09:06:14.162,AAVE/USDT:USDT,297.55,9.0,297.54,1.0,297.6,173.0,297.61,60.0
1753520774229,09:06:14.229,AAVE/USDT:USDT,297.55,9.0,297.54,1.0,297.6,75.0,297.61,60.0
1753520774364,09:06:14.364,AAVE/USDT:USDT,297.55,9.0,297.54,1.0,297.6,75.0,297.61,60.0
1753520774593,09:06:14.593,AAVE/USDT:USDT,297.59,9.0,297.55,102.0,297.6,15.0,297.64,196.0
1753520774666,09:06:14.666,AAVE/USDT:USDT,297.59,9.0,297.55,102.0,297.6,15.0,297.64,196.0
1753520774783,09:06:14.783,AAVE/USDT:USDT,297.59,26.0,297.55,102.0,297.6,15.0,297.66,97.0
1753520774842,09:06:14.842,AAVE/USDT:USDT,297.59,26.0,297.55,171.0,297.6,15.0,297.66,97.0
1753520774916,09:06:14.916,AAVE/USDT:USDT,297.59,26.0,297.55,171.0,297.6,15.0,297.66,97.0
1753520775022,09:06:15.022,AAVE/USDT:USDT,297.59,26.0,297.55,171.0,297.6,15.0,297.66,97.0
1753520775488,09:06:15.488,AAVE/USDT:USDT,297.59,128.0,297.56,94.0,297.6,15.0,297.67,130.0
1753520775587,09:06:15.587,AAVE/USDT:USDT,297.59,128.0,297.56,94.0,297.6,15.0,297.68,99.0
1753520775681,09:06:15.681,AAVE/USDT:USDT,297.59,128.0,297.56,94.0,297.6,15.0,297.68,97.0
1753520775771,09:06:15.771,AAVE/USDT:USDT,297.59,128.0,297.56,94.0,297.6,15.0,297.68,97.0
1753520775873,09:06:15.873,AAVE/USDT:USDT,297.59,128.0,297.56,94.0,297.6,15.0,297.68,97.0
1753520776327,09:06:16.327,AAVE/USDT:USDT,297.59,128.0,297.56,94.0,297.6,15.0,297.68,97.0
1753520776492,09:06:16.492,AAVE/USDT:USDT,297.59,128.0,297.56,94.0,297.6,15.0,297.68,97.0
1753520776558,09:06:16.558,AAVE/USDT:USDT,297.59,128.0,297.56,94.0,297.6,15.0,297.68,97.0
1753520777022,09:06:17.022,AAVE/USDT:USDT,297.59,128.0,297.56,94.0,297.6,15.0,297.68,97.0
1753520777251,09:06:17.251,AAVE/USDT:USDT,297.59,128.0,297.56,94.0,297.6,15.0,297.68,97.0
1753520777383,09:06:17.383,AAVE/USDT:USDT,297.59,128.0,297.56,94.0,297.6,15.0,297.68,97.0
1753520777683,09:06:17.683,AAVE/USDT:USDT,297.63,26.0,297.62,128.0,297.69,68.0,297.72,196.0
1753520777783,09:06:17.783,AAVE/USDT:USDT,297.67,26.0,297.61,102.0,297.68,2.0,297.71,25.0
1753520777898,09:06:17.898,AAVE/USDT:USDT,297.67,26.0,297.62,99.0,297.68,2.0,297.72,127.0
1753520777982,09:06:17.982,AAVE/USDT:USDT,297.63,9.0,297.62,31.0,297.68,2.0,297.71,25.0
1753520778081,09:06:18.081,AAVE/USDT:USDT,297.63,9.0,297.61,102.0,297.68,2.0,297.71,25.0
1753520778102,09:06:18.102,AAVE/USDT:USDT,297.63,9.0,297.61,102.0,297.68,2.0,297.71,25.0
1753520778288,09:06:18.288,AAVE/USDT:USDT,297.64,26.0,297.61,102.0,297.7,104.0,297.71,25.0
1753520778399,09:06:18.399,AAVE/USDT:USDT,297.65,17.0,297.64,9.0,297.7,104.0,297.71,25.0
1753520778447,09:06:18.447,AAVE/USDT:USDT,297.65,17.0,297.61,102.0,297.7,103.0,297.71,25.0
1753520778547,09:06:18.547,AAVE/USDT:USDT,297.65,17.0,297.61,102.0,297.7,103.0,297.72,102.0
1753520778698,09:06:18.698,AAVE/USDT:USDT,297.74,25.0,297.73,88.0,297.75,4.0,297.77,306.0
1753520778792,09:06:18.792,AAVE/USDT:USDT,297.74,25.0,297.69,26.0,297.75,4.0,297.77,102.0
1753520778894,09:06:18.894,AAVE/USDT:USDT,297.74,26.0,297.71,26.0,297.75,4.0,297.76,1.0
1753520778995,09:06:18.995,AAVE/USDT:USDT,297.74,26.0,297.69,224.0,297.75,4.0,297.77,102.0
1753520779094,09:06:19.094,AAVE/USDT:USDT,297.74,26.0,297.69,156.0,297.75,4.0,297.77,102.0
1753520779174,09:06:19.174,AAVE/USDT:USDT,297.74,26.0,297.69,156.0,297.75,4.0,297.79,102.0
1753520779297,09:06:19.297,AAVE/USDT:USDT,297.74,26.0,297.69,224.0,297.75,4.0,297.78,1.0
1753520779378,09:06:19.378,AAVE/USDT:USDT,297.74,26.0,297.69,224.0,297.75,4.0,297.78,1.0
1753520779457,09:06:19.457,AAVE/USDT:USDT,297.74,26.0,297.69,224.0,297.75,4.0,297.78,1.0
1753520779564,09:06:19.564,AAVE/USDT:USDT,297.74,26.0,297.72,102.0,297.75,4.0,297.78,1.0
1753520779773,09:06:19.773,AAVE/USDT:USDT,297.74,26.0,297.72,102.0,297.75,4.0,297.78,1.0
1753520779859,09:06:19.859,AAVE/USDT:USDT,297.74,26.0,297.72,102.0,297.75,4.0,297.78,1.0
1753520779991,09:06:19.991,AAVE/USDT:USDT,297.74,26.0,297.72,102.0,297.75,4.0,297.83,26.0
1753520780023,09:06:20.023,AAVE/USDT:USDT,297.74,26.0,297.72,102.0,297.75,4.0,297.83,26.0
1753520780190,09:06:20.190,AAVE/USDT:USDT,297.74,26.0,297.72,102.0,297.75,4.0,297.83,1.0
1753520780262,09:06:20.262,AAVE/USDT:USDT,297.74,26.0,297.72,102.0,297.75,4.0,297.83,1.0
1753520780388,09:06:20.388,AAVE/USDT:USDT,297.74,26.0,297.72,102.0,297.75,4.0,297.83,1.0
1753520780545,09:06:20.545,AAVE/USDT:USDT,297.74,26.0,297.72,102.0,297.75,4.0,297.83,1.0
1753520780781,09:06:20.781,AAVE/USDT:USDT,297.74,26.0,297.73,94.0,297.75,4.0,297.83,1.0
1753520780895,09:06:20.895,AAVE/USDT:USDT,297.82,26.0,297.76,119.0,297.83,1.0,297.85,112.0
1753520780998,09:06:20.998,AAVE/USDT:USDT,297.82,26.0,297.76,119.0,297.83,102.0,297.85,112.0
1753520781041,09:06:21.041,AAVE/USDT:USDT,297.82,26.0,297.76,119.0,297.83,102.0,297.85,112.0
1753520781142,09:06:21.142,AAVE/USDT:USDT,297.83,9.0,297.76,119.0,297.85,112.0,297.87,150.0
1753520781319,09:06:21.319,AAVE/USDT:USDT,297.83,5.0,297.76,119.0,297.85,112.0,297.87,150.0
1753520781493,09:06:21.493,AAVE/USDT:USDT,297.83,5.0,297.76,119.0,297.85,112.0,297.87,150.0
1753520781503,09:06:21.503,AAVE/USDT:USDT,297.83,5.0,297.76,119.0,297.85,112.0,297.87,150.0
1753520781742,09:06:21.742,AAVE/USDT:USDT,297.83,5.0,297.76,119.0,297.85,112.0,297.87,150.0
1753520781841,09:06:21.841,AAVE/USDT:USDT,297.83,5.0,297.76,119.0,297.85,112.0,297.87,150.0
1753520781909,09:06:21.909,AAVE/USDT:USDT,297.83,5.0,297.76,119.0,297.85,112.0,297.87,150.0
1753520782051,09:06:22.051,AAVE/USDT:USDT,297.83,5.0,297.76,119.0,297.85,112.0,297.87,150.0
1753520782191,09:06:22.191,AAVE/USDT:USDT,297.77,5.0,297.76,17.0,297.85,112.0,297.87,150.0
1753520782295,09:06:22.295,AAVE/USDT:USDT,297.79,22.0,297.75,102.0,297.84,103.0,297.85,10.0
1753520782383,09:06:22.383,AAVE/USDT:USDT,297.79,22.0,297.75,170.0,297.84,102.0,297.85,10.0
1753520782404,09:06:22.404,AAVE/USDT:USDT,297.79,22.0,297.75,170.0,297.84,102.0,297.85,10.0
1753520782697,09:06:22.697,AAVE/USDT:USDT,297.8,5.0,297.79,22.0,297.85,10.0,297.87,150.0
1753520782787,09:06:22.787,AAVE/USDT:USDT,297.84,22.0,297.77,102.0,297.85,10.0,297.86,1.0
1753520782896,09:06:22.896,AAVE/USDT:USDT,297.84,22.0,297.79,94.0,297.85,10.0,297.87,150.0
1753520782987,09:06:22.987,AAVE/USDT:USDT,297.84,22.0,297.8,96.0,297.85,10.0,297.87,53.0
1753520783098,09:06:23.098,AAVE/USDT:USDT,297.84,22.0,297.8,198.0,297.85,10.0,297.87,53.0
1753520783116,09:06:23.116,AAVE/USDT:USDT,297.84,22.0,297.8,198.0,297.85,10.0,297.87,53.0
1753520783396,09:06:23.396,AAVE/USDT:USDT,297.84,5.0,297.8,198.0,297.85,10.0,297.87,53.0
1753520783462,09:06:23.462,AAVE/USDT:USDT,297.84,13.0,297.8,198.0,297.85,10.0,297.87,53.0
1753520783563,09:06:23.563,AAVE/USDT:USDT,297.84,13.0,297.8,198.0,297.85,10.0,297.87,53.0
1753520783608,09:06:23.608,AAVE/USDT:USDT,297.84,13.0,297.8,198.0,297.85,10.0,297.87,53.0
1753520783762,09:06:23.762,AAVE/USDT:USDT,297.84,30.0,297.8,198.0,297.85,10.0,297.87,53.0
1753520783863,09:06:23.863,AAVE/USDT:USDT,297.84,30.0,297.8,198.0,297.85,10.0,297.87,53.0
1753520783984,09:06:23.984,AAVE/USDT:USDT,297.84,30.0,297.8,198.0,297.85,10.0,297.87,53.0
1753520784041,09:06:24.041,AAVE/USDT:USDT,297.84,30.0,297.8,198.0,297.85,10.0,297.87,53.0
1753520784101,09:06:24.101,AAVE/USDT:USDT,297.84,30.0,297.8,198.0,297.85,10.0,297.87,53.0
1753520784289,09:06:24.289,AAVE/USDT:USDT,297.84,30.0,297.8,198.0,297.85,10.0,297.87,53.0
1753520784348,09:06:24.348,AAVE/USDT:USDT,297.84,30.0,297.8,198.0,297.85,10.0,297.87,53.0
1753520784796,09:06:24.796,AAVE/USDT:USDT,297.84,30.0,297.8,198.0,297.85,10.0,297.87,53.0
1753520784866,09:06:24.866,AAVE/USDT:USDT,297.84,30.0,297.8,198.0,297.85,10.0,297.87,53.0
1753520784987,09:06:24.987,AAVE/USDT:USDT,297.84,30.0,297.8,198.0,297.85,10.0,297.87,53.0
1753520785014,09:06:25.014,AAVE/USDT:USDT,297.84,30.0,297.8,198.0,297.85,10.0,297.87,53.0
1753520785186,09:06:25.186,AAVE/USDT:USDT,297.84,30.0,297.8,198.0,297.85,10.0,297.87,53.0
1753520785343,09:06:25.343,AAVE/USDT:USDT,297.84,30.0,297.8,198.0,297.85,10.0,297.87,53.0
1753520785493,09:06:25.493,AAVE/USDT:USDT,297.9,22.0,297.86,25.0,297.91,1.0,297.94,102.0
1753520785591,09:06:25.591,AAVE/USDT:USDT,297.92,22.0,297.88,98.0,297.93,1.0,297.96,101.0
1753520785668,09:06:25.668,AAVE/USDT:USDT,297.95,5.0,297.88,211.0,297.98,113.0,297.99,10.0
1753520785761,09:06:25.761,AAVE/USDT:USDT,297.95,5.0,297.88,211.0,297.98,113.0,297.99,10.0
1753520785898,09:06:25.898,AAVE/USDT:USDT,297.95,5.0,297.89,98.0,297.98,113.0,297.99,10.0
1753520785971,09:06:25.971,AAVE/USDT:USDT,297.95,5.0,297.89,98.0,297.98,113.0,297.99,10.0
1753520786087,09:06:26.087,AAVE/USDT:USDT,297.95,5.0,297.89,98.0,297.98,113.0,297.99,10.0
1753520786194,09:06:26.194,AAVE/USDT:USDT,297.95,5.0,297.89,98.0,297.98,113.0,297.99,10.0
1753520786298,09:06:26.298,AAVE/USDT:USDT,297.95,5.0,297.89,98.0,297.98,113.0,297.99,10.0
1753520786395,09:06:26.395,AAVE/USDT:USDT,297.95,5.0,297.89,98.0,297.98,113.0,297.99,10.0
1753520786498,09:06:26.498,AAVE/USDT:USDT,297.95,5.0,297.89,98.0,297.98,113.0,297.99,10.0
1753520786553,09:06:26.553,AAVE/USDT:USDT,297.95,5.0,297.89,98.0,297.98,113.0,297.99,10.0
1753520786673,09:06:26.673,AAVE/USDT:USDT,297.97,22.0,297.91,212.0,297.98,13.0,297.99,10.0
1753520786795,09:06:26.795,AAVE/USDT:USDT,297.97,22.0,297.92,113.0,297.98,111.0,297.99,10.0
1753520786892,09:06:26.892,AAVE/USDT:USDT,297.97,22.0,297.92,113.0,297.98,111.0,297.99,10.0
1753520786997,09:06:26.997,AAVE/USDT:USDT,297.97,22.0,297.92,113.0,297.98,13.0,297.99,10.0
1753520787098,09:06:27.098,AAVE/USDT:USDT,297.97,22.0,297.93,68.0,297.98,13.0,297.99,10.0
1753520787192,09:06:27.192,AAVE/USDT:USDT,297.98,36.0,297.93,260.0,297.99,10.0,298.0,24.0
1753520787284,09:06:27.284,AAVE/USDT:USDT,297.98,36.0,297.97,94.0,297.99,10.0,298.0,23.0
1753520787394,09:06:27.394,AAVE/USDT:USDT,297.98,36.0,297.97,94.0,297.99,10.0,298.0,23.0
1753520787456,09:06:27.456,AAVE/USDT:USDT,297.98,36.0,297.97,94.0,297.99,10.0,298.0,23.0
1753520787599,09:06:27.599,AAVE/USDT:USDT,297.98,36.0,297.97,94.0,297.99,10.0,298.0,23.0
1753520787656,09:06:27.656,AAVE/USDT:USDT,297.98,36.0,297.97,94.0,297.99,10.0,298.0,23.0
1753520787795,09:06:27.795,AAVE/USDT:USDT,297.98,36.0,297.97,94.0,297.99,10.0,298.0,23.0
1753520787802,09:06:27.802,AAVE/USDT:USDT,297.98,36.0,297.97,94.0,297.99,10.0,298.0,23.0
1753520787932,09:06:27.932,AAVE/USDT:USDT,297.98,36.0,297.97,94.0,297.99,10.0,298.0,23.0
1753520788076,09:06:28.076,AAVE/USDT:USDT,297.98,36.0,297.97,94.0,297.99,10.0,298.0,23.0
1753520788101,09:06:28.101,AAVE/USDT:USDT,297.98,36.0,297.97,94.0,297.99,10.0,298.0,23.0
1753520788201,09:06:28.201,AAVE/USDT:USDT,297.98,36.0,297.97,94.0,297.99,10.0,298.0,23.0
1753520788301,09:06:28.301,AAVE/USDT:USDT,297.98,36.0,297.97,94.0,297.99,10.0,298.0,23.0
1753520788421,09:06:28.421,AAVE/USDT:USDT,297.98,36.0,297.97,94.0,297.99,10.0,298.0,23.0
1753520788598,09:06:28.598,AAVE/USDT:USDT,297.98,36.0,297.97,94.0,297.99,10.0,298.0,23.0
1753520788602,09:06:28.602,AAVE/USDT:USDT,297.98,36.0,297.97,94.0,297.99,10.0,298.0,23.0
1753520788792,09:06:28.792,AAVE/USDT:USDT,297.98,36.0,297.94,92.0,297.99,10.0,298.0,23.0
1753520788883,09:06:28.883,AAVE/USDT:USDT,297.98,30.0,297.94,190.0,297.99,10.0,298.0,23.0
1753520788986,09:06:28.986,AAVE/USDT:USDT,297.98,30.0,297.97,94.0,297.99,10.0,298.0,23.0
1753520789089,09:06:29.089,AAVE/USDT:USDT,297.98,30.0,297.97,94.0,297.99,10.0,298.0,23.0
1753520789101,09:06:29.101,AAVE/USDT:USDT,297.98,30.0,297.97,94.0,297.99,10.0,298.0,23.0
1753520789386,09:06:29.386,AAVE/USDT:USDT,297.98,30.0,297.97,94.0,297.99,10.0,298.0,23.0
1753520789443,09:06:29.443,AAVE/USDT:USDT,297.98,30.0,297.97,94.0,297.99,10.0,298.0,23.0
1753520789883,09:06:29.883,AAVE/USDT:USDT,297.98,30.0,297.97,94.0,297.99,10.0,298.0,23.0
1753520789999,09:06:29.999,AAVE/USDT:USDT,297.98,30.0,297.97,94.0,297.99,10.0,298.0,23.0
1753520790072,09:06:30.072,AAVE/USDT:USDT,297.98,30.0,297.97,94.0,297.99,10.0,298.0,23.0
1753520790102,09:06:30.102,AAVE/USDT:USDT,297.98,30.0,297.97,94.0,297.99,10.0,298.0,23.0
1753520790261,09:06:30.261,AAVE/USDT:USDT,297.98,30.0,297.97,94.0,297.99,10.0,298.0,23.0
1753520790337,09:06:30.337,AAVE/USDT:USDT,297.98,30.0,297.97,94.0,297.99,10.0,298.0,23.0
1753520790425,09:06:30.425,AAVE/USDT:USDT,297.98,30.0,297.97,94.0,297.99,10.0,298.0,23.0
1753520790674,09:06:30.674,AAVE/USDT:USDT,297.98,30.0,297.97,94.0,297.99,10.0,298.0,23.0
1753520790937,09:06:30.937,AAVE/USDT:USDT,297.98,30.0,297.97,94.0,297.99,10.0,298.0,23.0
1753520791095,09:06:31.095,AAVE/USDT:USDT,298.02,30.0,297.99,25.0,298.03,5.0,298.06,1.0
1753520791145,09:06:31.145,AAVE/USDT:USDT,298.02,30.0,297.99,25.0,298.03,5.0,298.06,1.0
1753520791321,09:06:31.321,AAVE/USDT:USDT,298.02,30.0,297.99,25.0,298.03,5.0,298.06,1.0
1753520791442,09:06:31.442,AAVE/USDT:USDT,298.02,30.0,297.99,25.0,298.03,5.0,298.06,1.0
1753520791562,09:06:31.562,AAVE/USDT:USDT,298.02,30.0,297.99,25.0,298.03,5.0,298.08,1.0
1753520792086,09:06:32.086,AAVE/USDT:USDT,298.02,5.0,297.99,25.0,298.03,5.0,298.08,1.0
1753520792161,09:06:32.161,AAVE/USDT:USDT,298.02,5.0,297.99,25.0,298.03,5.0,298.08,1.0
1753520792434,09:06:32.434,AAVE/USDT:USDT,298.02,5.0,297.99,25.0,298.03,5.0,298.08,1.0
1753520792520,09:06:32.520,AAVE/USDT:USDT,298.02,5.0,297.99,25.0,298.03,5.0,298.08,1.0
1753520792673,09:06:32.673,AAVE/USDT:USDT,298.02,5.0,297.99,25.0,298.03,5.0,298.08,1.0
1753520792701,09:06:32.701,AAVE/USDT:USDT,298.02,5.0,297.99,25.0,298.03,5.0,298.08,1.0
1753520793081,09:06:33.081,AAVE/USDT:USDT,298.02,5.0,297.99,25.0,298.03,5.0,298.08,1.0
1753520793154,09:06:33.154,AAVE/USDT:USDT,298.02,5.0,297.99,25.0,298.03,5.0,298.08,1.0
1753520793209,09:06:33.209,AAVE/USDT:USDT,298.02,5.0,297.99,25.0,298.03,5.0,298.08,1.0
1753520793301,09:06:33.301,AAVE/USDT:USDT,298.02,5.0,297.99,25.0,298.03,5.0,298.08,1.0
1753520793541,09:06:33.541,AAVE/USDT:USDT,298.02,5.0,297.99,25.0,298.03,5.0,298.08,1.0
1753520793968,09:06:33.968,AAVE/USDT:USDT,298.02,5.0,297.99,25.0,298.03,5.0,298.08,1.0
1753520794114,09:06:34.114,AAVE/USDT:USDT,298.02,5.0,297.99,25.0,298.03,5.0,298.08,1.0
1753520794221,09:06:34.221,AAVE/USDT:USDT,298.02,5.0,297.99,25.0,298.03,5.0,298.08,1.0
1753520794481,09:06:34.481,AAVE/USDT:USDT,298.02,5.0,297.99,25.0,298.03,5.0,298.08,1.0
1753520794581,09:06:34.581,AAVE/USDT:USDT,298.02,5.0,297.99,25.0,298.03,5.0,298.08,1.0
1753520795171,09:06:35.171,AAVE/USDT:USDT,298.02,5.0,297.99,25.0,298.03,5.0,298.08,1.0
1753520795201,09:06:35.201,AAVE/USDT:USDT,298.02,5.0,297.99,25.0,298.03,5.0,298.08,1.0
1753520795383,09:06:35.383,AAVE/USDT:USDT,298.02,5.0,297.99,25.0,298.03,5.0,298.08,1.0
1753520795455,09:06:35.455,AAVE/USDT:USDT,298.02,5.0,297.99,25.0,298.03,5.0,298.08,1.0
1753520795871,09:06:35.871,AAVE/USDT:USDT,298.02,5.0,297.99,25.0,298.03,5.0,298.08,1.0
1753520796085,09:06:36.085,AAVE/USDT:USDT,298.02,5.0,297.99,25.0,298.03,5.0,298.08,1.0
1753520796181,09:06:36.181,AAVE/USDT:USDT,298.02,5.0,297.99,25.0,298.03,5.0,298.08,1.0
1753520796282,09:06:36.282,AAVE/USDT:USDT,298.02,13.0,297.99,25.0,298.03,5.0,298.08,1.0
1753520796385,09:06:36.385,AAVE/USDT:USDT,298.02,5.0,297.99,25.0,298.03,5.0,298.08,1.0
1753520796659,09:06:36.659,AAVE/USDT:USDT,298.02,5.0,297.99,25.0,298.03,5.0,298.08,1.0
1753520796875,09:06:36.875,AAVE/USDT:USDT,298.02,5.0,297.99,25.0,298.03,5.0,298.08,1.0
1753520796983,09:06:36.983,AAVE/USDT:USDT,298.02,5.0,297.99,25.0,298.03,5.0,298.08,1.0
1753520797068,09:06:37.068,AAVE/USDT:USDT,298.02,5.0,297.99,25.0,298.03,5.0,298.08,1.0
1753520797581,09:06:37.581,AAVE/USDT:USDT,298.02,5.0,297.99,25.0,298.03,5.0,298.08,1.0
1753520797690,09:06:37.690,AAVE/USDT:USDT,298.02,5.0,297.99,25.0,298.03,5.0,298.08,1.0
1753520797737,09:06:37.737,AAVE/USDT:USDT,298.02,5.0,297.99,25.0,298.03,5.0,298.08,1.0
1753520798085,09:06:38.085,AAVE/USDT:USDT,298.02,5.0,297.99,25.0,298.03,5.0,298.08,1.0
1753520798101,09:06:38.101,AAVE/USDT:USDT,298.02,5.0,297.99,25.0,298.03,5.0,298.08,1.0
1753520798324,09:06:38.324,AAVE/USDT:USDT,298.02,5.0,297.99,25.0,298.03,5.0,298.08,1.0
1753520798476,09:06:38.476,AAVE/USDT:USDT,298.02,5.0,297.99,25.0,298.03,5.0,298.08,1.0
1753520798694,09:06:38.694,AAVE/USDT:USDT,298.02,5.0,297.99,25.0,298.03,5.0,298.08,1.0
1753520798701,09:06:38.701,AAVE/USDT:USDT,298.02,5.0,297.99,25.0,298.03,5.0,298.08,1.0
1753520799196,09:06:39.196,AAVE/USDT:USDT,298.02,13.0,297.99,25.0,298.03,5.0,298.08,1.0
1753520799204,09:06:39.204,AAVE/USDT:USDT,298.02,13.0,297.99,25.0,298.03,5.0,298.08,1.0
1753520799399,09:06:39.399,AAVE/USDT:USDT,298.04,5.0,297.99,25.0,298.08,103.0,298.1,94.0
1753520799445,09:06:39.445,AAVE/USDT:USDT,298.04,5.0,297.99,227.0,298.08,102.0,298.1,94.0
1753520799512,09:06:39.512,AAVE/USDT:USDT,298.04,5.0,297.99,227.0,298.08,102.0,298.1,94.0
1753520799643,09:06:39.643,AAVE/USDT:USDT,298.04,5.0,298.03,202.0,298.08,102.0,298.1,94.0
1753520799701,09:06:39.701,AAVE/USDT:USDT,298.04,5.0,298.03,202.0,298.08,102.0,298.1,94.0
1753520799882,09:06:39.882,AAVE/USDT:USDT,298.04,5.0,298.03,573.0,298.08,102.0,298.1,94.0
1753520799979,09:06:39.979,AAVE/USDT:USDT,298.04,5.0,298.03,573.0,298.08,102.0,298.1,94.0
1753520800587,09:06:40.587,AAVE/USDT:USDT,298.03,573.0,297.99,227.0,298.08,102.0,298.1,94.0
1753520800671,09:06:40.671,AAVE/USDT:USDT,298.03,573.0,297.99,227.0,298.08,102.0,298.1,94.0
1753520800702,09:06:40.702,AAVE/USDT:USDT,298.03,573.0,297.99,227.0,298.08,130.0,298.09,55.0
1753520800870,09:06:40.870,AAVE/USDT:USDT,298.03,573.0,297.99,227.0,298.08,130.0,298.09,55.0
1753520801197,09:06:41.197,AAVE/USDT:USDT,298.03,573.0,297.99,227.0,298.08,130.0,298.09,55.0
1753520801296,09:06:41.296,AAVE/USDT:USDT,298.04,22.0,298.03,573.0,298.08,130.0,298.09,55.0
1753520801352,09:06:41.352,AAVE/USDT:USDT,298.05,5.0,298.03,573.0,298.08,102.0,298.1,94.0
1753520801486,09:06:41.486,AAVE/USDT:USDT,298.05,5.0,298.03,573.0,298.08,102.0,298.1,94.0
1753520801694,09:06:41.694,AAVE/USDT:USDT,298.05,5.0,298.03,573.0,298.08,102.0,298.1,94.0
1753520801996,09:06:41.996,AAVE/USDT:USDT,298.05,5.0,298.03,573.0,298.08,102.0,298.1,94.0
1753520802084,09:06:42.084,AAVE/USDT:USDT,297.94,98.0,297.93,94.0,298.07,195.0,298.08,28.0
1753520802182,09:06:42.182,AAVE/USDT:USDT,297.94,98.0,297.93,94.0,298.06,156.0,298.07,123.0
1753520802280,09:06:42.280,AAVE/USDT:USDT,297.97,17.0,297.96,102.0,298.06,131.0,298.07,123.0
1753520802387,09:06:42.387,AAVE/USDT:USDT,297.97,17.0,297.96,102.0,298.06,131.0,298.07,123.0
1753520802429,09:06:42.429,AAVE/USDT:USDT,297.97,17.0,297.96,102.0,298.06,131.0,298.07,123.0
1753520802592,09:06:42.592,AAVE/USDT:USDT,297.98,17.0,297.97,119.0,298.06,131.0,298.07,123.0
1753520802697,09:06:42.697,AAVE/USDT:USDT,298.0,17.0,297.96,102.0,298.06,131.0,298.07,123.0
1753520802707,09:06:42.707,AAVE/USDT:USDT,298.0,17.0,297.96,102.0,298.06,131.0,298.07,123.0
1753520802802,09:06:42.802,AAVE/USDT:USDT,298.0,17.0,297.96,102.0,298.06,131.0,298.07,123.0
1753520802997,09:06:42.997,AAVE/USDT:USDT,297.96,102.0,297.95,123.0,298.06,131.0,298.07,123.0
1753520802999,09:06:42.999,AAVE/USDT:USDT,297.95,123.0,297.94,98.0,298.06,131.0,298.07,123.0
1753520803242,09:06:43.242,AAVE/USDT:USDT,297.95,123.0,297.94,98.0,298.06,156.0,298.07,123.0
1753520803391,09:06:43.391,AAVE/USDT:USDT,297.97,17.0,297.96,102.0,298.06,131.0,298.07,123.0
1753520803427,09:06:43.427,AAVE/USDT:USDT,297.99,17.0,297.95,123.0,298.06,131.0,298.07,123.0
1753520803561,09:06:43.561,AAVE/USDT:USDT,297.99,17.0,297.96,102.0,298.06,131.0,298.07,123.0
1753520803634,09:06:43.634,AAVE/USDT:USDT,297.95,123.0,297.94,98.0,298.06,131.0,298.07,123.0
1753520803983,09:06:43.983,AAVE/USDT:USDT,297.99,17.0,297.98,17.0,298.06,131.0,298.07,123.0
1753520804049,09:06:44.049,AAVE/USDT:USDT,298.0,17.0,297.95,123.0,298.06,131.0,298.07,123.0
1753520804154,09:06:44.154,AAVE/USDT:USDT,298.0,17.0,297.95,123.0,298.06,131.0,298.07,123.0
1753520804499,09:06:44.499,AAVE/USDT:USDT,298.01,26.0,298.0,17.0,298.06,131.0,298.07,123.0
1753520804598,09:06:44.598,AAVE/USDT:USDT,297.97,17.0,297.96,31.0,298.06,127.0,298.07,68.0
1753520804690,09:06:44.690,AAVE/USDT:USDT,297.99,48.0,297.98,98.0,298.06,98.0,298.07,68.0
1753520804779,09:06:44.779,AAVE/USDT:USDT,298.0,17.0,297.98,98.0,298.06,98.0,298.07,68.0
1753520804883,09:06:44.883,AAVE/USDT:USDT,298.0,17.0,297.98,98.0,298.06,98.0,298.07,68.0
1753520804986,09:06:44.986,AAVE/USDT:USDT,297.96,98.0,297.95,123.0,298.06,98.0,298.07,68.0
1753520805092,09:06:45.092,AAVE/USDT:USDT,298.0,17.0,297.96,98.0,298.06,98.0,298.07,68.0
1753520805195,09:06:45.195,AAVE/USDT:USDT,298.0,17.0,297.96,98.0,298.06,98.0,298.07,68.0
1753520805249,09:06:45.249,AAVE/USDT:USDT,298.01,17.0,297.96,98.0,298.06,98.0,298.07,68.0
1753520805321,09:06:45.321,AAVE/USDT:USDT,298.01,17.0,297.96,169.0,298.06,98.0,298.07,68.0
1753520805474,09:06:45.474,AAVE/USDT:USDT,298.01,17.0,297.96,169.0,298.06,98.0,298.07,68.0
1753520805553,09:06:45.553,AAVE/USDT:USDT,298.01,17.0,297.96,169.0,298.06,98.0,298.07,68.0
1753520805999,09:06:45.999,AAVE/USDT:USDT,298.02,26.0,298.01,17.0,298.06,98.0,298.07,68.0
1753520806081,09:06:46.081,AAVE/USDT:USDT,297.98,98.0,297.96,169.0,298.06,98.0,298.07,68.0
1753520806169,09:06:46.169,AAVE/USDT:USDT,297.98,98.0,297.96,169.0,298.06,98.0,298.07,68.0
1753520806589,09:06:46.589,AAVE/USDT:USDT,297.97,48.0,297.96,17.0,298.06,127.0,298.07,123.0
1753520806657,09:06:46.657,AAVE/USDT:USDT,298.0,17.0,297.96,98.0,298.06,127.0,298.07,124.0
1753520806758,09:06:46.758,AAVE/USDT:USDT,298.0,17.0,297.96,98.0,298.06,127.0,298.07,124.0
1753520806941,09:06:46.941,AAVE/USDT:USDT,298.0,17.0,297.96,98.0,298.06,155.0,298.07,265.0
1753520807177,09:06:47.177,AAVE/USDT:USDT,298.0,17.0,297.96,98.0,298.06,155.0,298.07,265.0
1753520807521,09:06:47.521,AAVE/USDT:USDT,298.0,17.0,297.95,123.0,298.06,155.0,298.07,265.0
1753520807784,09:06:47.784,AAVE/USDT:USDT,297.98,17.0,297.97,17.0,298.06,180.0,298.07,265.0
1753520807882,09:06:47.882,AAVE/USDT:USDT,297.97,17.0,297.95,123.0,298.03,163.0,298.04,65.0
1753520807987,09:06:47.987,AAVE/USDT:USDT,297.99,17.0,297.95,123.0,298.03,98.0,298.04,1.0
1753520808060,09:06:48.060,AAVE/USDT:USDT,297.99,17.0,297.95,123.0,298.03,98.0,298.05,131.0
1753520808189,09:06:48.189,AAVE/USDT:USDT,297.99,17.0,297.95,123.0,298.03,98.0,298.05,131.0
1753520808269,09:06:48.269,AAVE/USDT:USDT,297.99,17.0,297.95,123.0,298.03,98.0,298.05,131.0
1753520808346,09:06:48.346,AAVE/USDT:USDT,297.99,17.0,297.95,123.0,298.03,98.0,298.05,131.0
1753520808480,09:06:48.480,AAVE/USDT:USDT,297.99,17.0,297.95,123.0,298.03,98.0,298.05,131.0
1753520808591,09:06:48.591,AAVE/USDT:USDT,297.95,123.0,297.93,94.0,298.03,98.0,298.05,131.0
