timestamp,time,symbol,bid1_price,bid1_volume,bid2_price,bid2_volume,ask1_price,ask1_volume,ask2_price,ask2_volume
1753520626000,09:03:46.000,AERO/USDT:USDT,0.9102,31.0,0.9101,1788.0,0.9114,219.0,0.9118,219.0
1753520626688,09:03:46.688,AERO/USDT:USDT,0.9102,31.0,0.9101,1788.0,0.9114,219.0,0.9118,219.0
1753520628710,09:03:48.710,AERO/USDT:USDT,0.9102,31.0,0.9101,1788.0,0.9114,219.0,0.9118,219.0
1753520630403,09:03:50.403,AERO/USDT:USDT,0.9102,31.0,0.9101,1788.0,0.9114,219.0,0.9118,219.0
1753520630753,09:03:50.753,AERO/USDT:USDT,0.9102,31.0,0.9101,1788.0,0.9114,219.0,0.9118,219.0
1753520631003,09:03:51.003,AERO/USDT:USDT,0.9102,31.0,0.9101,1788.0,0.9114,219.0,0.9118,219.0
1753520632730,09:03:52.730,AERO/USDT:USDT,0.9102,31.0,0.9101,1788.0,0.9114,219.0,0.9118,219.0
1753520632889,09:03:52.889,AERO/USDT:USDT,0.9102,31.0,0.9101,1788.0,0.9114,219.0,0.9118,219.0
1753520632950,09:03:52.950,AERO/USDT:USDT,0.9102,31.0,0.9101,1788.0,0.9114,219.0,0.9118,219.0
1753520634526,09:03:54.526,AERO/USDT:USDT,0.9102,31.0,0.9101,1788.0,0.9114,219.0,0.9118,219.0
1753520634561,09:03:54.561,AERO/USDT:USDT,0.9102,31.0,0.9101,1788.0,0.9114,219.0,0.9118,219.0
1753520635006,09:03:55.006,AERO/USDT:USDT,0.9102,31.0,0.9101,1788.0,0.9114,219.0,0.9118,219.0
1753520635203,09:03:55.203,AERO/USDT:USDT,0.9102,31.0,0.9101,1788.0,0.9114,219.0,0.9118,219.0
1753520635541,09:03:55.541,AERO/USDT:USDT,0.9102,31.0,0.9101,1788.0,0.9114,219.0,0.9118,219.0
1753520637111,09:03:57.111,AERO/USDT:USDT,0.9102,31.0,0.9101,1788.0,0.9114,219.0,0.9118,219.0
1753520637532,09:03:57.532,AERO/USDT:USDT,0.9102,31.0,0.9101,1788.0,0.9114,219.0,0.9118,219.0
1753520637622,09:03:57.622,AERO/USDT:USDT,0.9102,31.0,0.9101,1788.0,0.9114,219.0,0.9118,219.0
1753520638200,09:03:58.200,AERO/USDT:USDT,0.9102,31.0,0.9101,1788.0,0.9114,219.0,0.9118,219.0
1753520639245,09:03:59.245,AERO/USDT:USDT,0.9102,31.0,0.9101,1788.0,0.9118,219.0,0.912,281.0
1753520639249,09:03:59.249,AERO/USDT:USDT,0.9102,31.0,0.9101,1788.0,0.9118,219.0,0.912,281.0
1753520639610,09:03:59.610,AERO/USDT:USDT,0.9102,31.0,0.9101,1788.0,0.9118,219.0,0.912,281.0
1753520640008,09:04:00.008,AERO/USDT:USDT,0.9102,31.0,0.9101,1788.0,0.9118,219.0,0.912,281.0
1753520640361,09:04:00.361,AERO/USDT:USDT,0.9104,219.0,0.9102,31.0,0.9118,219.0,0.912,281.0
1753520640545,09:04:00.545,AERO/USDT:USDT,0.9104,219.0,0.9102,31.0,0.9118,219.0,0.912,281.0
1753520640545,09:04:00.545,AERO/USDT:USDT,0.9104,219.0,0.9102,477.0,0.9118,219.0,0.912,281.0
1753520641006,09:04:01.006,AERO/USDT:USDT,0.9104,219.0,0.9102,477.0,0.9118,219.0,0.912,281.0
1753520641384,09:04:01.384,AERO/USDT:USDT,0.9104,219.0,0.9102,477.0,0.9118,219.0,0.912,281.0
1753520641454,09:04:01.454,AERO/USDT:USDT,0.9104,219.0,0.9102,477.0,0.9118,219.0,0.912,281.0
1753520642640,09:04:02.640,AERO/USDT:USDT,0.9104,219.0,0.9102,477.0,0.9118,219.0,0.912,281.0
1753520643005,09:04:03.005,AERO/USDT:USDT,0.9104,219.0,0.9102,477.0,0.9118,219.0,0.912,281.0
1753520643405,09:04:03.405,AERO/USDT:USDT,0.9104,219.0,0.9102,477.0,0.9118,219.0,0.9121,284.0
1753520644628,09:04:04.628,AERO/USDT:USDT,0.9104,219.0,0.9102,477.0,0.9118,219.0,0.9121,284.0
1753520644667,09:04:04.667,AERO/USDT:USDT,0.9104,219.0,0.9102,477.0,0.9118,219.0,0.9121,284.0
1753520644844,09:04:04.844,AERO/USDT:USDT,0.9104,219.0,0.9102,477.0,0.9118,219.0,0.9121,284.0
1753520645181,09:04:05.181,AERO/USDT:USDT,0.9104,219.0,0.9102,477.0,0.9118,219.0,0.9121,284.0
1753520645410,09:04:05.410,AERO/USDT:USDT,0.9102,477.0,0.9101,1788.0,0.9118,219.0,0.9121,284.0
1753520648011,09:04:08.011,AERO/USDT:USDT,0.9102,477.0,0.9101,1788.0,0.9118,219.0,0.9121,284.0
1753520649006,09:04:09.006,AERO/USDT:USDT,0.9102,477.0,0.9101,1788.0,0.9118,219.0,0.9121,284.0
1753520649608,09:04:09.608,AERO/USDT:USDT,0.9102,477.0,0.9101,1788.0,0.9118,219.0,0.9121,284.0
1753520649709,09:04:09.709,AERO/USDT:USDT,0.9102,477.0,0.9101,1788.0,0.9118,219.0,0.9121,284.0
1753520650325,09:04:10.325,AERO/USDT:USDT,0.9102,477.0,0.9101,1788.0,0.9114,219.0,0.9118,219.0
1753520650363,09:04:10.363,AERO/USDT:USDT,0.9102,477.0,0.9101,1788.0,0.9114,219.0,0.9118,219.0
1753520650531,09:04:10.531,AERO/USDT:USDT,0.9102,477.0,0.9101,1788.0,0.9114,219.0,0.9118,219.0
1753520652005,09:04:12.005,AERO/USDT:USDT,0.9102,477.0,0.9101,1788.0,0.9114,219.0,0.9118,219.0
1753520654405,09:04:14.405,AERO/USDT:USDT,0.9102,477.0,0.9101,1788.0,0.9114,219.0,0.9118,219.0
1753520655025,09:04:15.025,AERO/USDT:USDT,0.9102,477.0,0.9101,1788.0,0.9114,219.0,0.9118,219.0
1753520657075,09:04:17.075,AERO/USDT:USDT,0.9102,477.0,0.9101,1788.0,0.9114,219.0,0.9118,219.0
1753520657304,09:04:17.304,AERO/USDT:USDT,0.9102,477.0,0.9101,1788.0,0.9114,219.0,0.9118,219.0
1753520658839,09:04:18.839,AERO/USDT:USDT,0.9102,477.0,0.9101,1788.0,0.9114,219.0,0.9118,219.0
1753520659018,09:04:19.018,AERO/USDT:USDT,0.9102,477.0,0.9101,1788.0,0.9114,219.0,0.9118,219.0
1753520659204,09:04:19.204,AERO/USDT:USDT,0.9102,477.0,0.9101,1788.0,0.9114,219.0,0.9118,219.0
1753520659525,09:04:19.525,AERO/USDT:USDT,0.9102,477.0,0.9101,1788.0,0.9114,219.0,0.9118,219.0
1753520659801,09:04:19.801,AERO/USDT:USDT,0.9102,477.0,0.9101,1788.0,0.9114,219.0,0.9118,219.0
1753520660532,09:04:20.532,AERO/USDT:USDT,0.9102,477.0,0.9101,1788.0,0.9114,219.0,0.9118,219.0
1753520662019,09:04:22.019,AERO/USDT:USDT,0.9102,477.0,0.9101,1788.0,0.9114,219.0,0.9118,219.0
1753520662340,09:04:22.340,AERO/USDT:USDT,0.9102,477.0,0.9101,1788.0,0.9114,219.0,0.9118,219.0
1753520663273,09:04:23.273,AERO/USDT:USDT,0.9102,477.0,0.9101,1788.0,0.9114,219.0,0.9118,219.0
1753520663657,09:04:23.657,AERO/USDT:USDT,0.9102,477.0,0.9101,1788.0,0.9114,219.0,0.9118,219.0
1753520663850,09:04:23.850,AERO/USDT:USDT,0.9102,477.0,0.9101,1788.0,0.9114,219.0,0.9118,219.0
1753520664004,09:04:24.004,AERO/USDT:USDT,0.9102,477.0,0.9101,1788.0,0.9114,219.0,0.9118,219.0
1753520664219,09:04:24.219,AERO/USDT:USDT,0.9102,477.0,0.9101,1788.0,0.9114,219.0,0.9118,219.0
1753520664845,09:04:24.845,AERO/USDT:USDT,0.9102,477.0,0.9101,1788.0,0.9114,219.0,0.9118,219.0
1753520665735,09:04:25.735,AERO/USDT:USDT,0.9102,477.0,0.9101,1788.0,0.9114,219.0,0.9118,219.0
1753520665759,09:04:25.759,AERO/USDT:USDT,0.9102,477.0,0.9101,1788.0,0.9114,219.0,0.9118,219.0
1753520665859,09:04:25.859,AERO/USDT:USDT,0.9102,477.0,0.9101,1788.0,0.9114,219.0,0.9118,219.0
1753520667914,09:04:27.914,AERO/USDT:USDT,0.9102,477.0,0.9101,1788.0,0.9114,219.0,0.9118,219.0
1753520668183,09:04:28.183,AERO/USDT:USDT,0.9102,477.0,0.9101,1788.0,0.9114,219.0,0.9118,219.0
1753520668444,09:04:28.444,AERO/USDT:USDT,0.9102,477.0,0.9101,1788.0,0.9114,219.0,0.9118,219.0
1753520668804,09:04:28.804,AERO/USDT:USDT,0.9102,477.0,0.9101,1788.0,0.9114,219.0,0.9118,219.0
1753520669370,09:04:29.370,AERO/USDT:USDT,0.9102,477.0,0.9101,1788.0,0.9114,219.0,0.9118,219.0
1753520670640,09:04:30.640,AERO/USDT:USDT,0.9102,477.0,0.9101,1788.0,0.9114,219.0,0.9118,219.0
1753520671256,09:04:31.256,AERO/USDT:USDT,0.9102,477.0,0.9101,1788.0,0.9114,219.0,0.9118,219.0
1753520671950,09:04:31.950,AERO/USDT:USDT,0.9102,477.0,0.9101,1788.0,0.9114,219.0,0.9118,219.0
1753520673122,09:04:33.122,AERO/USDT:USDT,0.9102,477.0,0.9101,1788.0,0.9114,219.0,0.9118,219.0
1753520673226,09:04:33.226,AERO/USDT:USDT,0.9102,477.0,0.9101,1788.0,0.9114,219.0,0.9118,219.0
1753520673608,09:04:33.608,AERO/USDT:USDT,0.9102,477.0,0.9101,1788.0,0.9114,219.0,0.9118,219.0
1753520674328,09:04:34.328,AERO/USDT:USDT,0.9102,477.0,0.9101,1788.0,0.9114,219.0,0.9118,219.0
1753520676777,09:04:36.777,AERO/USDT:USDT,0.9102,477.0,0.9101,1788.0,0.9114,219.0,0.9118,219.0
1753520676860,09:04:36.860,AERO/USDT:USDT,0.9102,477.0,0.9101,1788.0,0.9114,219.0,0.9118,219.0
1753520677230,09:04:37.230,AERO/USDT:USDT,0.9102,477.0,0.9101,1788.0,0.9114,219.0,0.9118,219.0
1753520677838,09:04:37.838,AERO/USDT:USDT,0.9102,477.0,0.9101,1788.0,0.9114,219.0,0.9118,219.0
1753520677939,09:04:37.939,AERO/USDT:USDT,0.9102,477.0,0.9101,1788.0,0.9114,219.0,0.9118,219.0
1753520677969,09:04:37.969,AERO/USDT:USDT,0.9102,477.0,0.9101,1788.0,0.9114,219.0,0.9118,219.0
1753520678405,09:04:38.405,AERO/USDT:USDT,0.9102,477.0,0.9101,1788.0,0.9114,219.0,0.9118,219.0
1753520678470,09:04:38.470,AERO/USDT:USDT,0.9102,477.0,0.9101,1788.0,0.9114,219.0,0.9118,219.0
1753520681513,09:04:41.513,AERO/USDT:USDT,0.9102,477.0,0.9101,1788.0,0.9114,219.0,0.9118,219.0
1753520681584,09:04:41.584,AERO/USDT:USDT,0.9102,477.0,0.9101,1788.0,0.9114,219.0,0.9118,219.0
1753520681671,09:04:41.671,AERO/USDT:USDT,0.9102,477.0,0.9101,1788.0,0.9114,219.0,0.9118,219.0
1753520683240,09:04:43.240,AERO/USDT:USDT,0.9102,31.0,0.9101,1788.0,0.9114,219.0,0.9118,219.0
1753520683320,09:04:43.320,AERO/USDT:USDT,0.9102,31.0,0.9101,1788.0,0.9114,219.0,0.9118,219.0
1753520683400,09:04:43.400,AERO/USDT:USDT,0.9102,31.0,0.9101,1788.0,0.9114,219.0,0.9118,219.0
1753520685775,09:04:45.775,AERO/USDT:USDT,0.9102,31.0,0.9101,1788.0,0.9114,219.0,0.9118,219.0
1753520687119,09:04:47.119,AERO/USDT:USDT,0.9102,250.0,0.9101,1788.0,0.9114,219.0,0.9118,219.0
1753520687220,09:04:47.220,AERO/USDT:USDT,0.9102,31.0,0.9101,1788.0,0.9114,219.0,0.9118,219.0
1753520688008,09:04:48.008,AERO/USDT:USDT,0.9102,31.0,0.9101,1788.0,0.9114,219.0,0.9118,219.0
1753520689418,09:04:49.418,AERO/USDT:USDT,0.9102,250.0,0.9101,1788.0,0.9114,219.0,0.9118,219.0
1753520690003,09:04:50.003,AERO/USDT:USDT,0.9102,250.0,0.9101,1788.0,0.9114,219.0,0.9118,219.0
1753520690860,09:04:50.860,AERO/USDT:USDT,0.9102,250.0,0.9101,1788.0,0.9114,219.0,0.9118,219.0
1753520691584,09:04:51.584,AERO/USDT:USDT,0.9102,31.0,0.9101,1788.0,0.9114,219.0,0.9118,219.0
1753520692805,09:04:52.805,AERO/USDT:USDT,0.9102,31.0,0.9101,1788.0,0.9114,219.0,0.9118,219.0
1753520694005,09:04:54.005,AERO/USDT:USDT,0.9102,31.0,0.9101,1788.0,0.9114,219.0,0.9118,219.0
1753520695391,09:04:55.391,AERO/USDT:USDT,0.9102,31.0,0.9101,1788.0,0.9114,219.0,0.9118,219.0
1753520697606,09:04:57.606,AERO/USDT:USDT,0.9102,31.0,0.9101,1788.0,0.9114,219.0,0.9118,219.0
1753520698720,09:04:58.720,AERO/USDT:USDT,0.9102,31.0,0.9101,1788.0,0.9114,219.0,0.9118,219.0
1753520700955,09:05:00.955,AERO/USDT:USDT,0.9102,31.0,0.9101,1788.0,0.9114,219.0,0.9118,219.0
1753520702405,09:05:02.405,AERO/USDT:USDT,0.9102,31.0,0.9101,1788.0,0.9114,219.0,0.9118,219.0
1753520702964,09:05:02.964,AERO/USDT:USDT,0.9102,31.0,0.9101,1788.0,0.9114,219.0,0.9118,219.0
1753520703255,09:05:03.255,AERO/USDT:USDT,0.9102,31.0,0.9101,1788.0,0.9114,219.0,0.9118,219.0
1753520703464,09:05:03.464,AERO/USDT:USDT,0.9102,31.0,0.9101,1788.0,0.9114,219.0,0.9117,327.0
1753520705818,09:05:05.818,AERO/USDT:USDT,0.9102,31.0,0.9101,1788.0,0.9114,219.0,0.9117,327.0
1753520705915,09:05:05.915,AERO/USDT:USDT,0.9102,31.0,0.9101,1788.0,0.9114,219.0,0.9117,327.0
1753520706005,09:05:06.005,AERO/USDT:USDT,0.9102,31.0,0.9101,1788.0,0.9114,219.0,0.9117,327.0
1753520706318,09:05:06.318,AERO/USDT:USDT,0.9102,31.0,0.9101,1788.0,0.9114,219.0,0.9117,327.0
1753520706641,09:05:06.641,AERO/USDT:USDT,0.9102,31.0,0.9101,1788.0,0.911,219.0,0.9114,219.0
1753520706678,09:05:06.678,AERO/USDT:USDT,0.9102,31.0,0.9101,1788.0,0.911,219.0,0.9114,219.0
1753520707205,09:05:07.205,AERO/USDT:USDT,0.9102,31.0,0.9101,1788.0,0.9114,219.0,0.9117,327.0
1753520707494,09:05:07.494,AERO/USDT:USDT,0.9102,31.0,0.9101,1788.0,0.9114,219.0,0.9117,327.0
1753520707840,09:05:07.840,AERO/USDT:USDT,0.9102,31.0,0.9101,1788.0,0.911,219.0,0.9114,219.0
1753520707908,09:05:07.908,AERO/USDT:USDT,0.9102,31.0,0.9101,1788.0,0.911,219.0,0.9114,219.0
1753520708716,09:05:08.716,AERO/USDT:USDT,0.9102,31.0,0.9101,1788.0,0.911,219.0,0.9114,219.0
1753520708748,09:05:08.748,AERO/USDT:USDT,0.9102,31.0,0.9101,1788.0,0.911,219.0,0.9114,219.0
1753520708926,09:05:08.926,AERO/USDT:USDT,0.9102,31.0,0.9101,2.0,0.911,219.0,0.9114,219.0
1753520709012,09:05:09.012,AERO/USDT:USDT,0.9101,2.0,0.91,31.0,0.911,219.0,0.9114,219.0
1753520709143,09:05:09.143,AERO/USDT:USDT,0.9101,2.0,0.91,17.0,0.911,219.0,0.9114,219.0
1753520709152,09:05:09.152,AERO/USDT:USDT,0.9101,2.0,0.91,31.0,0.911,219.0,0.9114,219.0
1753520709723,09:05:09.723,AERO/USDT:USDT,0.9101,2.0,0.91,31.0,0.911,219.0,0.9114,219.0
1753520710723,09:05:10.723,AERO/USDT:USDT,0.9101,2.0,0.91,31.0,0.911,219.0,0.9114,219.0
1753520710792,09:05:10.792,AERO/USDT:USDT,0.9101,2.0,0.91,31.0,0.911,219.0,0.9114,219.0
1753520711221,09:05:11.221,AERO/USDT:USDT,0.9101,2.0,0.91,31.0,0.911,219.0,0.9114,219.0
1753520712005,09:05:12.005,AERO/USDT:USDT,0.9101,2.0,0.91,31.0,0.911,219.0,0.9114,219.0
1753520712423,09:05:12.423,AERO/USDT:USDT,0.9101,2.0,0.91,31.0,0.911,219.0,0.9114,219.0
1753520712539,09:05:12.539,AERO/USDT:USDT,0.9101,2.0,0.91,31.0,0.911,219.0,0.9114,219.0
1753520712683,09:05:12.683,AERO/USDT:USDT,0.9101,2.0,0.91,31.0,0.911,219.0,0.9114,219.0
1753520712759,09:05:12.759,AERO/USDT:USDT,0.9101,2.0,0.91,31.0,0.911,219.0,0.9114,219.0
1753520713129,09:05:13.129,AERO/USDT:USDT,0.9101,2.0,0.91,31.0,0.911,219.0,0.9114,219.0
1753520713244,09:05:13.244,AERO/USDT:USDT,0.9101,2.0,0.9096,31.0,0.9106,219.0,0.911,219.0
1753520713342,09:05:13.342,AERO/USDT:USDT,0.9101,2.0,0.9096,31.0,0.9105,24.0,0.9106,219.0
1753520713532,09:05:13.532,AERO/USDT:USDT,0.9101,2.0,0.9096,31.0,0.9105,24.0,0.9106,219.0
1753520713588,09:05:13.588,AERO/USDT:USDT,0.9101,2.0,0.9096,31.0,0.9105,24.0,0.9106,219.0
1753520713702,09:05:13.702,AERO/USDT:USDT,0.9101,2.0,0.9096,31.0,0.9105,24.0,0.9106,219.0
1753520714028,09:05:14.028,AERO/USDT:USDT,0.9101,2.0,0.9096,31.0,0.9105,24.0,0.9106,219.0
1753520714097,09:05:14.097,AERO/USDT:USDT,0.9101,2.0,0.9096,31.0,0.9105,24.0,0.9106,219.0
1753520715438,09:05:15.438,AERO/USDT:USDT,0.9101,2.0,0.9096,31.0,0.9105,24.0,0.9106,219.0
1753520715448,09:05:15.448,AERO/USDT:USDT,0.9101,2.0,0.9096,31.0,0.9105,24.0,0.9106,219.0
1753520715744,09:05:15.744,AERO/USDT:USDT,0.9101,2.0,0.9096,31.0,0.9105,24.0,0.9106,219.0
1753520716270,09:05:16.270,AERO/USDT:USDT,0.9101,2.0,0.9096,31.0,0.9105,24.0,0.9106,219.0
1753520716388,09:05:16.388,AERO/USDT:USDT,0.9101,2.0,0.9096,31.0,0.9105,24.0,0.9106,219.0
1753520716483,09:05:16.483,AERO/USDT:USDT,0.9101,2.0,0.9093,31.0,0.9105,24.0,0.9106,219.0
1753520716828,09:05:16.828,AERO/USDT:USDT,0.9101,2.0,0.9093,31.0,0.9105,24.0,0.9106,219.0
1753520716871,09:05:16.871,AERO/USDT:USDT,0.9101,2.0,0.9093,31.0,0.9105,24.0,0.9106,219.0
1753520717007,09:05:17.007,AERO/USDT:USDT,0.9101,2.0,0.9093,31.0,0.9105,24.0,0.9106,219.0
1753520717897,09:05:17.897,AERO/USDT:USDT,0.9101,2.0,0.9093,31.0,0.9105,24.0,0.9106,219.0
1753520718169,09:05:18.169,AERO/USDT:USDT,0.9101,2.0,0.9093,31.0,0.9105,24.0,0.9106,219.0
1753520718634,09:05:18.634,AERO/USDT:USDT,0.9101,2.0,0.9093,31.0,0.9105,24.0,0.9106,219.0
1753520718693,09:05:18.693,AERO/USDT:USDT,0.9101,2.0,0.9093,31.0,0.9105,24.0,0.9106,219.0
1753520718836,09:05:18.836,AERO/USDT:USDT,0.9101,2.0,0.9093,31.0,0.9105,24.0,0.9106,219.0
1753520719005,09:05:19.005,AERO/USDT:USDT,0.9101,2.0,0.9093,31.0,0.9105,24.0,0.9106,219.0
1753520719930,09:05:19.930,AERO/USDT:USDT,0.9101,2.0,0.9093,31.0,0.9105,24.0,0.9106,219.0
1753520720074,09:05:20.074,AERO/USDT:USDT,0.9101,2.0,0.9093,31.0,0.9105,24.0,0.9106,219.0
1753520720212,09:05:20.212,AERO/USDT:USDT,0.9101,2.0,0.9093,31.0,0.9105,24.0,0.9106,219.0
1753520720744,09:05:20.744,AERO/USDT:USDT,0.9101,2.0,0.9093,31.0,0.9105,24.0,0.9106,219.0
1753520720744,09:05:20.744,AERO/USDT:USDT,0.9101,2.0,0.9093,31.0,0.9105,24.0,0.9106,219.0
1753520720865,09:05:20.865,AERO/USDT:USDT,0.9101,2.0,0.9093,31.0,0.9105,24.0,0.9106,219.0
1753520721244,09:05:21.244,AERO/USDT:USDT,0.9101,2.0,0.9093,31.0,0.9105,24.0,0.9106,219.0
1753520721262,09:05:21.262,AERO/USDT:USDT,0.9101,2.0,0.9093,31.0,0.9105,24.0,0.9106,219.0
1753520721430,09:05:21.430,AERO/USDT:USDT,0.9101,2.0,0.9093,31.0,0.9105,24.0,0.9106,219.0
1753520722003,09:05:22.003,AERO/USDT:USDT,0.9101,2.0,0.9093,31.0,0.9105,24.0,0.9106,219.0
1753520722244,09:05:22.244,AERO/USDT:USDT,0.9101,2.0,0.9093,31.0,0.9105,24.0,0.9106,219.0
1753520722244,09:05:22.244,AERO/USDT:USDT,0.9101,2.0,0.9093,31.0,0.9105,24.0,0.9106,219.0
1753520723067,09:05:23.067,AERO/USDT:USDT,0.9101,2.0,0.9093,31.0,0.9105,24.0,0.9106,219.0
1753520723207,09:05:23.207,AERO/USDT:USDT,0.9101,2.0,0.9093,31.0,0.9105,24.0,0.9106,219.0
1753520725088,09:05:25.088,AERO/USDT:USDT,0.9101,2.0,0.9093,31.0,0.9105,24.0,0.9106,219.0
1753520725334,09:05:25.334,AERO/USDT:USDT,0.9101,2.0,0.9093,31.0,0.9105,24.0,0.9106,219.0
1753520727107,09:05:27.107,AERO/USDT:USDT,0.9101,2.0,0.9093,31.0,0.9105,24.0,0.9106,219.0
1753520727918,09:05:27.918,AERO/USDT:USDT,0.9101,2.0,0.9093,31.0,0.9105,24.0,0.9106,219.0
1753520728018,09:05:28.018,AERO/USDT:USDT,0.9101,2.0,0.9093,31.0,0.9105,24.0,0.9106,219.0
1753520729283,09:05:29.283,AERO/USDT:USDT,0.9101,2.0,0.9093,31.0,0.9105,24.0,0.9106,219.0
1753520730578,09:05:30.578,AERO/USDT:USDT,0.9101,2.0,0.9093,31.0,0.9105,24.0,0.9106,219.0
1753520731932,09:05:31.932,AERO/USDT:USDT,0.9101,2.0,0.9093,31.0,0.9105,24.0,0.9106,219.0
1753520732807,09:05:32.807,AERO/USDT:USDT,0.9101,2.0,0.9093,31.0,0.9105,24.0,0.9106,219.0
1753520733003,09:05:33.003,AERO/USDT:USDT,0.9101,2.0,0.9093,31.0,0.9105,24.0,0.9106,219.0
1753520733143,09:05:33.143,AERO/USDT:USDT,0.9101,2.0,0.9093,31.0,0.9105,24.0,0.9106,219.0
1753520733228,09:05:33.228,AERO/USDT:USDT,0.9101,2.0,0.9093,31.0,0.9105,24.0,0.9106,219.0
1753520733632,09:05:33.632,AERO/USDT:USDT,0.9101,2.0,0.9093,31.0,0.9105,24.0,0.9106,219.0
1753520735182,09:05:35.182,AERO/USDT:USDT,0.9101,2.0,0.9093,31.0,0.9105,24.0,0.9106,219.0
1753520735594,09:05:35.594,AERO/USDT:USDT,0.9101,2.0,0.9093,31.0,0.9105,24.0,0.9106,219.0
1753520736199,09:05:36.199,AERO/USDT:USDT,0.9101,2.0,0.9093,31.0,0.9105,24.0,0.9106,219.0
1753520736269,09:05:36.269,AERO/USDT:USDT,0.9101,2.0,0.9093,31.0,0.9105,24.0,0.9106,219.0
1753520737004,09:05:37.004,AERO/USDT:USDT,0.9101,2.0,0.9093,31.0,0.9105,24.0,0.9106,219.0
1753520737220,09:05:37.220,AERO/USDT:USDT,0.9101,2.0,0.9093,250.0,0.9105,24.0,0.9106,219.0
1753520737607,09:05:37.607,AERO/USDT:USDT,0.9101,2.0,0.9093,250.0,0.9105,24.0,0.9106,219.0
1753520737935,09:05:37.935,AERO/USDT:USDT,0.9101,2.0,0.9093,31.0,0.9105,24.0,0.9106,219.0
1753520739170,09:05:39.170,AERO/USDT:USDT,0.9101,2.0,0.9093,31.0,0.9105,24.0,0.9106,219.0
1753520740625,09:05:40.625,AERO/USDT:USDT,0.9101,2.0,0.9093,31.0,0.9105,24.0,0.9106,219.0
1753520741007,09:05:41.007,AERO/USDT:USDT,0.9101,2.0,0.9093,31.0,0.9105,24.0,0.9106,219.0
1753520742293,09:05:42.293,AERO/USDT:USDT,0.9101,2.0,0.9093,31.0,0.9105,24.0,0.9106,219.0
1753520742406,09:05:42.406,AERO/USDT:USDT,0.9101,2.0,0.9093,31.0,0.9105,24.0,0.9106,219.0
1753520744003,09:05:44.003,AERO/USDT:USDT,0.9101,2.0,0.9093,31.0,0.9105,24.0,0.9106,219.0
1753520745110,09:05:45.110,AERO/USDT:USDT,0.9101,2.0,0.9093,31.0,0.9105,24.0,0.9106,219.0
1753520746930,09:05:46.930,AERO/USDT:USDT,0.9101,2.0,0.9093,250.0,0.9105,24.0,0.9106,219.0
1753520747015,09:05:47.015,AERO/USDT:USDT,0.9101,2.0,0.9093,250.0,0.9105,24.0,0.9106,219.0
1753520747118,09:05:47.118,AERO/USDT:USDT,0.9086,547.0,0.9082,289.0,0.9104,342.0,0.9105,24.0
1753520747243,09:05:47.243,AERO/USDT:USDT,0.9086,547.0,0.9081,219.0,0.9103,283.0,0.9104,342.0
1753520747329,09:05:47.329,AERO/USDT:USDT,0.9087,31.0,0.9086,547.0,0.9092,698.0,0.9103,283.0
1753520747431,09:05:47.431,AERO/USDT:USDT,0.9087,31.0,0.9086,219.0,0.9102,405.0,0.9103,283.0
1753520747542,09:05:47.542,AERO/USDT:USDT,0.9087,31.0,0.908,2493.0,0.91,219.0,0.9102,405.0
1753520747642,09:05:47.642,AERO/USDT:USDT,0.9081,5.0,0.908,2493.0,0.9099,29.0,0.91,611.0
1753520747739,09:05:47.739,AERO/USDT:USDT,0.9081,5.0,0.908,2493.0,0.9099,29.0,0.91,611.0
1753520747822,09:05:47.822,AERO/USDT:USDT,0.9081,5.0,0.908,2493.0,0.9099,29.0,0.91,611.0
1753520747941,09:05:47.941,AERO/USDT:USDT,0.9081,5.0,0.908,2493.0,0.9099,29.0,0.91,611.0
1753520748021,09:05:48.021,AERO/USDT:USDT,0.9081,224.0,0.908,2493.0,0.9099,29.0,0.91,611.0
1753520748140,09:05:48.140,AERO/USDT:USDT,0.9081,224.0,0.908,1789.0,0.9099,29.0,0.91,611.0
1753520748244,09:05:48.244,AERO/USDT:USDT,0.9082,570.0,0.9081,224.0,0.9094,219.0,0.9099,29.0
1753520748343,09:05:48.343,AERO/USDT:USDT,0.9083,5.0,0.9082,570.0,0.9093,29.0,0.9094,219.0
1753520748397,09:05:48.397,AERO/USDT:USDT,0.9083,5.0,0.9082,570.0,0.9093,29.0,0.9094,219.0
1753520748482,09:05:48.482,AERO/USDT:USDT,0.9083,5.0,0.9082,570.0,0.9093,29.0,0.9094,219.0
1753520748843,09:05:48.843,AERO/USDT:USDT,0.9083,5.0,0.9082,570.0,0.9093,29.0,0.9094,219.0
1753520749172,09:05:49.172,AERO/USDT:USDT,0.9083,5.0,0.9082,570.0,0.9093,29.0,0.9094,219.0
1753520749336,09:05:49.336,AERO/USDT:USDT,0.9083,5.0,0.9081,219.0,0.9093,29.0,0.9094,219.0
1753520749400,09:05:49.400,AERO/USDT:USDT,0.9082,2.0,0.908,1789.0,0.9093,29.0,0.9094,219.0
1753520749491,09:05:49.491,AERO/USDT:USDT,0.9081,2.0,0.908,1789.0,0.9093,29.0,0.9094,219.0
1753520749597,09:05:49.597,AERO/USDT:USDT,0.9081,2.0,0.908,1789.0,0.9093,29.0,0.9094,219.0
1753520749717,09:05:49.717,AERO/USDT:USDT,0.9081,2.0,0.908,1789.0,0.9093,29.0,0.9094,219.0
1753520750001,09:05:50.001,AERO/USDT:USDT,0.9081,221.0,0.908,1789.0,0.9093,29.0,0.9094,219.0
1753520750102,09:05:50.102,AERO/USDT:USDT,0.9081,221.0,0.908,1789.0,0.9093,29.0,0.9094,219.0
1753520750377,09:05:50.377,AERO/USDT:USDT,0.9082,3.0,0.9081,221.0,0.9093,29.0,0.9094,219.0
1753520751027,09:05:51.027,AERO/USDT:USDT,0.9082,3.0,0.9081,221.0,0.9093,29.0,0.9094,219.0
1753520751344,09:05:51.344,AERO/USDT:USDT,0.9082,3.0,0.9081,221.0,0.9093,29.0,0.9094,219.0
1753520751344,09:05:51.344,AERO/USDT:USDT,0.9082,3.0,0.9081,221.0,0.9093,29.0,0.9094,219.0
1753520751489,09:05:51.489,AERO/USDT:USDT,0.9082,3.0,0.9081,221.0,0.9093,29.0,0.9094,219.0
1753520751640,09:05:51.640,AERO/USDT:USDT,0.9082,3.0,0.9081,221.0,0.9093,29.0,0.9094,219.0
1753520752007,09:05:52.007,AERO/USDT:USDT,0.9082,3.0,0.9081,221.0,0.9093,29.0,0.9094,219.0
1753520753213,09:05:53.213,AERO/USDT:USDT,0.9082,3.0,0.9081,221.0,0.9093,29.0,0.9094,219.0
1753520753386,09:05:53.386,AERO/USDT:USDT,0.9082,3.0,0.9081,221.0,0.9093,29.0,0.9094,219.0
1753520753894,09:05:53.894,AERO/USDT:USDT,0.9082,3.0,0.9081,221.0,0.9093,29.0,0.9094,219.0
1753520754290,09:05:54.290,AERO/USDT:USDT,0.9082,3.0,0.9081,2.0,0.9093,29.0,0.9094,219.0
1753520754356,09:05:54.356,AERO/USDT:USDT,0.9081,5.0,0.908,1789.0,0.9093,29.0,0.9094,219.0
1753520754776,09:05:54.776,AERO/USDT:USDT,0.9081,202.0,0.908,1789.0,0.9093,29.0,0.9094,219.0
1753520754914,09:05:54.914,AERO/USDT:USDT,0.9081,202.0,0.908,1789.0,0.9093,29.0,0.9094,219.0
1753520755028,09:05:55.028,AERO/USDT:USDT,0.9081,202.0,0.908,1789.0,0.9093,29.0,0.9094,219.0
1753520755304,09:05:55.304,AERO/USDT:USDT,0.9081,202.0,0.908,1789.0,0.9093,29.0,0.9094,219.0
1753520755422,09:05:55.422,AERO/USDT:USDT,0.9081,378.0,0.908,1789.0,0.9093,29.0,0.9094,219.0
1753520755472,09:05:55.472,AERO/USDT:USDT,0.9081,378.0,0.908,1789.0,0.9093,29.0,0.91,219.0
1753520755568,09:05:55.568,AERO/USDT:USDT,0.9081,378.0,0.908,1789.0,0.9095,219.0,0.9099,29.0
1753520755700,09:05:55.700,AERO/USDT:USDT,0.9081,433.0,0.908,1789.0,0.9094,29.0,0.9095,219.0
1753520755896,09:05:55.896,AERO/USDT:USDT,0.9081,433.0,0.908,1789.0,0.9094,29.0,0.9095,219.0
1753520756003,09:05:56.003,AERO/USDT:USDT,0.9081,433.0,0.908,1789.0,0.9094,29.0,0.9095,219.0
1753520756834,09:05:56.834,AERO/USDT:USDT,0.9081,433.0,0.908,1789.0,0.9094,29.0,0.9095,219.0
1753520756905,09:05:56.905,AERO/USDT:USDT,0.9081,433.0,0.908,1789.0,0.9094,29.0,0.9095,219.0
1753520757019,09:05:57.019,AERO/USDT:USDT,0.9081,488.0,0.908,1789.0,0.9094,29.0,0.91,219.0
1753520757068,09:05:57.068,AERO/USDT:USDT,0.9081,488.0,0.908,1789.0,0.9096,219.0,0.9099,29.0
1753520757167,09:05:57.167,AERO/USDT:USDT,0.9081,488.0,0.908,1789.0,0.9095,29.0,0.9096,219.0
1753520757343,09:05:57.343,AERO/USDT:USDT,0.9081,219.0,0.908,1789.0,0.9095,29.0,0.9096,219.0
1753520757429,09:05:57.429,AERO/USDT:USDT,0.9081,219.0,0.908,1789.0,0.9095,31.0,0.9096,219.0
1753520757605,09:05:57.605,AERO/USDT:USDT,0.9081,219.0,0.908,1789.0,0.9095,31.0,0.9096,219.0
1753520757741,09:05:57.741,AERO/USDT:USDT,0.9081,219.0,0.908,1789.0,0.9095,31.0,0.9096,219.0
1753520758533,09:05:58.533,AERO/USDT:USDT,0.9081,789.0,0.908,1789.0,0.9095,31.0,0.9096,219.0
1753520759208,09:05:59.208,AERO/USDT:USDT,0.9081,789.0,0.908,1789.0,0.9095,31.0,0.9096,219.0
1753520759361,09:05:59.361,AERO/USDT:USDT,0.9081,789.0,0.908,1789.0,0.9095,31.0,0.9096,219.0
1753520759742,09:05:59.742,AERO/USDT:USDT,0.9081,789.0,0.908,1789.0,0.9095,31.0,0.9096,219.0
1753520759814,09:05:59.814,AERO/USDT:USDT,0.9081,789.0,0.908,1789.0,0.9095,31.0,0.9096,219.0
1753520760009,09:06:00.009,AERO/USDT:USDT,0.9081,789.0,0.908,1789.0,0.9095,31.0,0.9096,219.0
1753520761003,09:06:01.003,AERO/USDT:USDT,0.9081,789.0,0.908,1789.0,0.9095,31.0,0.9096,219.0
1753520761422,09:06:01.422,AERO/USDT:USDT,0.9081,789.0,0.908,1789.0,0.9095,31.0,0.9096,219.0
1753520761613,09:06:01.613,AERO/USDT:USDT,0.9081,789.0,0.908,1789.0,0.9095,31.0,0.9096,219.0
1753520761786,09:06:01.786,AERO/USDT:USDT,0.9081,789.0,0.908,1789.0,0.9095,31.0,0.9096,219.0
1753520762030,09:06:02.030,AERO/USDT:USDT,0.908,1789.0,0.9079,1.0,0.9095,31.0,0.9096,219.0
1753520762107,09:06:02.107,AERO/USDT:USDT,0.908,1789.0,0.9079,571.0,0.9092,219.0,0.9095,31.0
1753520762202,09:06:02.202,AERO/USDT:USDT,0.908,1789.0,0.9079,571.0,0.9091,31.0,0.9092,219.0
1753520762501,09:06:02.501,AERO/USDT:USDT,0.908,1789.0,0.9079,571.0,0.9091,31.0,0.9092,219.0
1753520762615,09:06:02.615,AERO/USDT:USDT,0.908,1789.0,0.9079,571.0,0.9091,31.0,0.9092,219.0
1753520763006,09:06:03.006,AERO/USDT:USDT,0.908,1789.0,0.9079,571.0,0.9091,31.0,0.9092,219.0
1753520764489,09:06:04.489,AERO/USDT:USDT,0.908,1789.0,0.9079,571.0,0.9091,31.0,0.9096,219.0
1753520764636,09:06:04.636,AERO/USDT:USDT,0.908,1789.0,0.9079,571.0,0.9092,219.0,0.9095,31.0
1753520764652,09:06:04.652,AERO/USDT:USDT,0.908,1789.0,0.9079,571.0,0.9091,31.0,0.9092,219.0
1753520765920,09:06:05.920,AERO/USDT:USDT,0.908,1789.0,0.9079,571.0,0.9091,31.0,0.9092,219.0
1753520766025,09:06:06.025,AERO/USDT:USDT,0.908,1789.0,0.9079,571.0,0.9091,31.0,0.9092,219.0
1753520766340,09:06:06.340,AERO/USDT:USDT,0.908,1789.0,0.9079,571.0,0.9091,31.0,0.9092,219.0
1753520766407,09:06:06.407,AERO/USDT:USDT,0.908,1789.0,0.9079,571.0,0.9091,31.0,0.9092,219.0
1753520766682,09:06:06.682,AERO/USDT:USDT,0.908,1789.0,0.9079,571.0,0.9091,31.0,0.9092,219.0
1753520767024,09:06:07.024,AERO/USDT:USDT,0.908,1789.0,0.9079,571.0,0.9091,31.0,0.9092,219.0
1753520767262,09:06:07.262,AERO/USDT:USDT,0.908,1756.0,0.9079,571.0,0.9091,31.0,0.9092,219.0
1753520767532,09:06:07.532,AERO/USDT:USDT,0.908,1756.0,0.9079,571.0,0.9091,31.0,0.9092,219.0
1753520767563,09:06:07.563,AERO/USDT:USDT,0.908,1756.0,0.9079,571.0,0.9091,31.0,0.9092,219.0
1753520768004,09:06:08.004,AERO/USDT:USDT,0.908,1756.0,0.9079,571.0,0.9091,31.0,0.9092,219.0
1753520768317,09:06:08.317,AERO/USDT:USDT,0.908,1756.0,0.9079,571.0,0.9091,31.0,0.9092,219.0
1753520768350,09:06:08.350,AERO/USDT:USDT,0.908,1756.0,0.9079,571.0,0.9091,31.0,0.9092,219.0
1753520768762,09:06:08.762,AERO/USDT:USDT,0.908,1756.0,0.9079,571.0,0.9091,31.0,0.9092,219.0
1753520769087,09:06:09.087,AERO/USDT:USDT,0.908,1756.0,0.9079,571.0,0.9091,31.0,0.9092,219.0
1753520770428,09:06:10.428,AERO/USDT:USDT,0.9081,219.0,0.908,1756.0,0.9091,31.0,0.9096,219.0
1753520770492,09:06:10.492,AERO/USDT:USDT,0.9081,303.0,0.908,1756.0,0.9095,31.0,0.9096,219.0
1753520770737,09:06:10.737,AERO/USDT:USDT,0.9081,303.0,0.908,1756.0,0.9095,31.0,0.9096,219.0
1753520770774,09:06:10.774,AERO/USDT:USDT,0.9081,303.0,0.908,1756.0,0.9095,31.0,0.9096,219.0
1753520771002,09:06:11.002,AERO/USDT:USDT,0.9081,303.0,0.908,1756.0,0.9095,31.0,0.9096,219.0
1753520771208,09:06:11.208,AERO/USDT:USDT,0.9081,303.0,0.908,1756.0,0.9095,31.0,0.9096,219.0
1753520771321,09:06:11.321,AERO/USDT:USDT,0.9081,477.0,0.908,1756.0,0.9095,31.0,0.9096,219.0
1753520771554,09:06:11.554,AERO/USDT:USDT,0.9081,477.0,0.908,1756.0,0.9095,31.0,0.9096,219.0
1753520771796,09:06:11.796,AERO/USDT:USDT,0.9081,477.0,0.908,1756.0,0.9095,31.0,0.9096,219.0
1753520772025,09:06:12.025,AERO/USDT:USDT,0.9081,477.0,0.908,1756.0,0.9095,31.0,0.9096,219.0
1753520772057,09:06:12.057,AERO/USDT:USDT,0.9081,477.0,0.908,1756.0,0.9095,31.0,0.9096,219.0
1753520772372,09:06:12.372,AERO/USDT:USDT,0.9081,477.0,0.908,1756.0,0.9095,31.0,0.9096,219.0
1753520772973,09:06:12.973,AERO/USDT:USDT,0.9081,578.0,0.908,1756.0,0.9095,31.0,0.9096,219.0
1753520774003,09:06:14.003,AERO/USDT:USDT,0.9081,578.0,0.908,1756.0,0.9095,31.0,0.9096,219.0
1753520774210,09:06:14.210,AERO/USDT:USDT,0.9081,578.0,0.908,1756.0,0.9095,31.0,0.9096,219.0
1753520774559,09:06:14.559,AERO/USDT:USDT,0.9081,578.0,0.908,1756.0,0.9095,31.0,0.9096,219.0
1753520774696,09:06:14.696,AERO/USDT:USDT,0.9081,578.0,0.908,1756.0,0.9095,31.0,0.9096,219.0
1753520775046,09:06:15.046,AERO/USDT:USDT,0.9081,578.0,0.908,1756.0,0.9095,31.0,0.9096,219.0
1753520775204,09:06:15.204,AERO/USDT:USDT,0.9081,578.0,0.908,1756.0,0.9095,31.0,0.9096,219.0
1753520775343,09:06:15.343,AERO/USDT:USDT,0.9081,580.0,0.908,1756.0,0.9095,31.0,0.9096,219.0
1753520776007,09:06:16.007,AERO/USDT:USDT,0.9081,580.0,0.908,1756.0,0.9095,31.0,0.9096,219.0
1753520777225,09:06:17.225,AERO/USDT:USDT,0.9081,580.0,0.908,1756.0,0.9095,31.0,0.9096,219.0
1753520777539,09:06:17.539,AERO/USDT:USDT,0.9081,580.0,0.908,1756.0,0.9095,31.0,0.9096,219.0
1753520777573,09:06:17.573,AERO/USDT:USDT,0.9081,385.0,0.908,1756.0,0.9095,31.0,0.9096,219.0
1753520777705,09:06:17.705,AERO/USDT:USDT,0.9081,385.0,0.908,2196.0,0.9095,31.0,0.9096,219.0
1753520778003,09:06:18.003,AERO/USDT:USDT,0.9081,385.0,0.908,2196.0,0.9095,31.0,0.9096,219.0
1753520778135,09:06:18.135,AERO/USDT:USDT,0.9081,495.0,0.908,2196.0,0.9095,31.0,0.9096,219.0
1753520778718,09:06:18.718,AERO/USDT:USDT,0.9081,922.0,0.908,2196.0,0.9095,31.0,0.91,219.0
1753520778837,09:06:18.837,AERO/USDT:USDT,0.9085,219.0,0.9082,396.0,0.9095,14.0,0.91,219.0
1753520778932,09:06:18.932,AERO/USDT:USDT,0.9085,219.0,0.9082,396.0,0.9095,14.0,0.9099,17.0
1753520779010,09:06:19.010,AERO/USDT:USDT,0.9085,219.0,0.9082,396.0,0.9099,31.0,0.91,219.0
1753520779093,09:06:19.093,AERO/USDT:USDT,0.9085,219.0,0.9082,396.0,0.9099,31.0,0.91,219.0
1753520779168,09:06:19.168,AERO/USDT:USDT,0.9085,219.0,0.9082,396.0,0.9099,31.0,0.91,219.0
1753520779317,09:06:19.317,AERO/USDT:USDT,0.9085,219.0,0.9082,396.0,0.9099,31.0,0.91,219.0
1753520779814,09:06:19.814,AERO/USDT:USDT,0.9085,219.0,0.9082,396.0,0.9099,31.0,0.91,219.0
1753520780119,09:06:20.119,AERO/USDT:USDT,0.9085,219.0,0.9082,396.0,0.9099,31.0,0.91,219.0
1753520780287,09:06:20.287,AERO/USDT:USDT,0.9085,95.0,0.9082,396.0,0.9099,31.0,0.91,219.0
1753520780357,09:06:20.357,AERO/USDT:USDT,0.9085,95.0,0.9082,396.0,0.9099,31.0,0.91,219.0
1753520780512,09:06:20.512,AERO/USDT:USDT,0.9085,95.0,0.9082,396.0,0.9099,31.0,0.91,219.0
1753520780663,09:06:20.663,AERO/USDT:USDT,0.9085,95.0,0.9082,396.0,0.9099,31.0,0.91,219.0
1753520780808,09:06:20.808,AERO/USDT:USDT,0.9085,95.0,0.9082,396.0,0.9099,31.0,0.91,219.0
1753520781329,09:06:21.329,AERO/USDT:USDT,0.9085,95.0,0.9082,396.0,0.9099,31.0,0.91,219.0
1753520782765,09:06:22.765,AERO/USDT:USDT,0.9085,95.0,0.9082,396.0,0.9099,31.0,0.91,219.0
1753520783695,09:06:23.695,AERO/USDT:USDT,0.9085,95.0,0.9082,396.0,0.9099,31.0,0.91,219.0
1753520784139,09:06:24.139,AERO/USDT:USDT,0.9085,265.0,0.9082,396.0,0.9099,31.0,0.91,219.0
1753520784556,09:06:24.556,AERO/USDT:USDT,0.9085,265.0,0.9082,396.0,0.9099,31.0,0.91,219.0
1753520784840,09:06:24.840,AERO/USDT:USDT,0.9085,265.0,0.9082,396.0,0.9099,31.0,0.91,219.0
1753520785144,09:06:25.144,AERO/USDT:USDT,0.9085,381.0,0.9082,396.0,0.9099,31.0,0.91,219.0
1753520785443,09:06:25.443,AERO/USDT:USDT,0.9085,381.0,0.9082,396.0,0.9099,31.0,0.91,219.0
1753520785543,09:06:25.543,AERO/USDT:USDT,0.9085,265.0,0.9082,396.0,0.9099,31.0,0.91,219.0
1753520785645,09:06:25.645,AERO/USDT:USDT,0.9085,296.0,0.9082,396.0,0.9099,31.0,0.9106,219.0
1753520785726,09:06:25.726,AERO/USDT:USDT,0.9085,296.0,0.9082,396.0,0.9101,219.0,0.9105,17.0
1753520785828,09:06:25.828,AERO/USDT:USDT,0.9085,296.0,0.9082,396.0,0.91,17.0,0.9101,219.0
1753520785908,09:06:25.908,AERO/USDT:USDT,0.9085,296.0,0.9082,396.0,0.91,17.0,0.9101,219.0
1753520785952,09:06:25.952,AERO/USDT:USDT,0.9085,296.0,0.9082,396.0,0.91,31.0,0.9101,219.0
1753520786216,09:06:26.216,AERO/USDT:USDT,0.9085,296.0,0.9082,396.0,0.91,31.0,0.9101,219.0
1753520786370,09:06:26.370,AERO/USDT:USDT,0.9085,296.0,0.9082,396.0,0.91,31.0,0.9101,219.0
1753520786629,09:06:26.629,AERO/USDT:USDT,0.9085,296.0,0.9082,396.0,0.91,31.0,0.9101,219.0
1753520786914,09:06:26.914,AERO/USDT:USDT,0.909,1869.0,0.9089,219.0,0.91,31.0,0.9101,219.0
1753520787007,09:06:27.007,AERO/USDT:USDT,0.909,1869.0,0.9089,219.0,0.91,31.0,0.9106,219.0
1753520787090,09:06:27.090,AERO/USDT:USDT,0.909,1869.0,0.9089,219.0,0.9105,31.0,0.9106,219.0
1753520787213,09:06:27.213,AERO/USDT:USDT,0.909,2121.0,0.9089,219.0,0.9105,31.0,0.9106,219.0
1753520787478,09:06:27.478,AERO/USDT:USDT,0.909,2121.0,0.9089,219.0,0.9105,31.0,0.9106,219.0
1753520787726,09:06:27.726,AERO/USDT:USDT,0.909,2041.0,0.9089,219.0,0.9105,31.0,0.9106,219.0
1753520788003,09:06:28.003,AERO/USDT:USDT,0.909,2041.0,0.9089,219.0,0.9105,31.0,0.9106,219.0
1753520789207,09:06:29.207,AERO/USDT:USDT,0.909,2041.0,0.9089,219.0,0.9105,31.0,0.9106,219.0
1753520789249,09:06:29.249,AERO/USDT:USDT,0.909,2041.0,0.9089,219.0,0.9105,31.0,0.9106,219.0
1753520789560,09:06:29.560,AERO/USDT:USDT,0.909,2041.0,0.9089,219.0,0.9105,31.0,0.9106,219.0
1753520789774,09:06:29.774,AERO/USDT:USDT,0.909,2041.0,0.9089,219.0,0.9105,31.0,0.9106,219.0
1753520789894,09:06:29.894,AERO/USDT:USDT,0.909,2041.0,0.9089,219.0,0.9105,31.0,0.9106,219.0
1753520790124,09:06:30.124,AERO/USDT:USDT,0.909,2041.0,0.9089,219.0,0.9105,31.0,0.9106,219.0
1753520790169,09:06:30.169,AERO/USDT:USDT,0.909,2041.0,0.9089,219.0,0.9105,31.0,0.9106,219.0
1753520790408,09:06:30.408,AERO/USDT:USDT,0.909,2041.0,0.9089,219.0,0.9105,31.0,0.9106,219.0
1753520791274,09:06:31.274,AERO/USDT:USDT,0.909,2041.0,0.9089,219.0,0.9105,31.0,0.9106,219.0
1753520791773,09:06:31.773,AERO/USDT:USDT,0.909,2041.0,0.9089,219.0,0.9105,31.0,0.9106,219.0
1753520792219,09:06:32.219,AERO/USDT:USDT,0.909,2041.0,0.9089,219.0,0.9105,31.0,0.9106,219.0
1753520792656,09:06:32.656,AERO/USDT:USDT,0.909,2041.0,0.9089,219.0,0.9105,31.0,0.9106,219.0
1753520793024,09:06:33.024,AERO/USDT:USDT,0.909,2041.0,0.9089,219.0,0.9105,31.0,0.9106,219.0
1753520793529,09:06:33.529,AERO/USDT:USDT,0.909,1869.0,0.9089,219.0,0.9105,31.0,0.9106,219.0
1753520793583,09:06:33.583,AERO/USDT:USDT,0.909,2025.0,0.9089,219.0,0.9105,31.0,0.9106,219.0
1753520793680,09:06:33.680,AERO/USDT:USDT,0.909,2103.0,0.9089,219.0,0.9105,31.0,0.9106,219.0
1753520793843,09:06:33.843,AERO/USDT:USDT,0.909,2103.0,0.9089,219.0,0.9105,31.0,0.9106,219.0
1753520794340,09:06:34.340,AERO/USDT:USDT,0.909,2103.0,0.9089,219.0,0.9105,31.0,0.9106,219.0
1753520795089,09:06:35.089,AERO/USDT:USDT,0.909,2213.0,0.9089,219.0,0.9105,31.0,0.9106,219.0
1753520795219,09:06:35.219,AERO/USDT:USDT,0.909,2103.0,0.9089,219.0,0.9105,31.0,0.9106,219.0
1753520795270,09:06:35.270,AERO/USDT:USDT,0.909,1869.0,0.9089,219.0,0.9105,31.0,0.9106,219.0
1753520795488,09:06:35.488,AERO/USDT:USDT,0.909,2029.0,0.9089,219.0,0.9105,31.0,0.9106,219.0
1753520795774,09:06:35.774,AERO/USDT:USDT,0.909,2109.0,0.9089,219.0,0.9105,31.0,0.9106,219.0
1753520796194,09:06:36.194,AERO/USDT:USDT,0.909,2219.0,0.9089,219.0,0.9105,31.0,0.9106,219.0
1753520796274,09:06:36.274,AERO/USDT:USDT,0.909,2164.0,0.9089,219.0,0.9105,31.0,0.9106,219.0
1753520796937,09:06:36.937,AERO/USDT:USDT,0.909,2164.0,0.9089,219.0,0.9105,31.0,0.9106,219.0
1753520797145,09:06:37.145,AERO/USDT:USDT,0.909,2164.0,0.9089,219.0,0.9105,31.0,0.9106,219.0
1753520797169,09:06:37.169,AERO/USDT:USDT,0.909,2164.0,0.9089,219.0,0.9105,31.0,0.9106,219.0
1753520797725,09:06:37.725,AERO/USDT:USDT,0.909,1945.0,0.9089,219.0,0.9105,31.0,0.9106,219.0
1753520799104,09:06:39.104,AERO/USDT:USDT,0.909,2025.0,0.9089,219.0,0.9105,31.0,0.9106,219.0
1753520800307,09:06:40.307,AERO/USDT:USDT,0.909,2025.0,0.9089,219.0,0.9105,31.0,0.9106,219.0
1753520801008,09:06:41.008,AERO/USDT:USDT,0.909,2025.0,0.9089,219.0,0.9105,31.0,0.9106,219.0
1753520802040,09:06:42.040,AERO/USDT:USDT,0.909,1949.0,0.9089,219.0,0.9105,31.0,0.9106,219.0
1753520802091,09:06:42.091,AERO/USDT:USDT,0.909,1949.0,0.9089,219.0,0.9102,219.0,0.9105,31.0
1753520802220,09:06:42.220,AERO/USDT:USDT,0.909,1949.0,0.9089,219.0,0.9101,31.0,0.9102,219.0
1753520802429,09:06:42.429,AERO/USDT:USDT,0.909,1949.0,0.9089,219.0,0.9101,31.0,0.9102,219.0
1753520803007,09:06:43.007,AERO/USDT:USDT,0.909,1949.0,0.9089,219.0,0.9101,31.0,0.9102,219.0
1753520803232,09:06:43.232,AERO/USDT:USDT,0.909,2014.0,0.9089,219.0,0.9101,31.0,0.9102,219.0
1753520803647,09:06:43.647,AERO/USDT:USDT,0.909,2014.0,0.9089,219.0,0.9101,31.0,0.9102,219.0
1753520804645,09:06:44.645,AERO/USDT:USDT,0.909,2014.0,0.9089,219.0,0.9101,31.0,0.9102,219.0
1753520805002,09:06:45.002,AERO/USDT:USDT,0.909,2014.0,0.9089,219.0,0.9101,31.0,0.9102,219.0
1753520805813,09:06:45.813,AERO/USDT:USDT,0.909,2014.0,0.9089,219.0,0.9101,31.0,0.9102,219.0
1753520806479,09:06:46.479,AERO/USDT:USDT,0.909,2014.0,0.9089,219.0,0.9101,31.0,0.9102,219.0
1753520806553,09:06:46.553,AERO/USDT:USDT,0.909,2014.0,0.9089,219.0,0.9098,2.0,0.9101,31.0
1753520806902,09:06:46.902,AERO/USDT:USDT,0.909,2014.0,0.9089,219.0,0.9098,2.0,0.9101,31.0
1753520807326,09:06:47.326,AERO/USDT:USDT,0.909,2014.0,0.9089,219.0,0.9098,2.0,0.9101,31.0
1753520807352,09:06:47.352,AERO/USDT:USDT,0.909,2014.0,0.9089,219.0,0.9098,2.0,0.9101,31.0
1753520807791,09:06:47.791,AERO/USDT:USDT,0.909,2014.0,0.9089,219.0,0.9098,2.0,0.9101,31.0
1753520807932,09:06:47.932,AERO/USDT:USDT,0.909,1869.0,0.9089,219.0,0.9098,2.0,0.9101,31.0
1753520807959,09:06:47.959,AERO/USDT:USDT,0.909,1869.0,0.9086,396.0,0.9098,2.0,0.9101,31.0
1753520808827,09:06:48.827,AERO/USDT:USDT,0.909,1869.0,0.9086,396.0,0.9098,2.0,0.9101,31.0
1753520809007,09:06:49.007,AERO/USDT:USDT,0.909,1869.0,0.9086,396.0,0.9098,2.0,0.9101,31.0
1753520810608,09:06:50.608,AERO/USDT:USDT,0.909,1869.0,0.9086,396.0,0.9098,2.0,0.9101,31.0
1753520810663,09:06:50.663,AERO/USDT:USDT,0.909,1869.0,0.9086,396.0,0.9098,2.0,0.9101,31.0
1753520812428,09:06:52.428,AERO/USDT:USDT,0.909,1979.0,0.9086,396.0,0.9098,2.0,0.9101,31.0
1753520812511,09:06:52.511,AERO/USDT:USDT,0.909,2089.0,0.9086,396.0,0.9098,2.0,0.9101,31.0
1753520812566,09:06:52.566,AERO/USDT:USDT,0.909,2089.0,0.9086,396.0,0.9098,2.0,0.9101,31.0
1753520813382,09:06:53.382,AERO/USDT:USDT,0.909,2089.0,0.9086,396.0,0.9098,2.0,0.9101,31.0
1753520813562,09:06:53.562,AERO/USDT:USDT,0.909,1979.0,0.9086,396.0,0.9098,2.0,0.9101,31.0
1753520814109,09:06:54.109,AERO/USDT:USDT,0.909,2089.0,0.9086,396.0,0.9098,2.0,0.9101,31.0
1753520814267,09:06:54.267,AERO/USDT:USDT,0.909,2089.0,0.9086,396.0,0.9098,2.0,0.9101,31.0
1753520815003,09:06:55.003,AERO/USDT:USDT,0.909,2089.0,0.9086,396.0,0.9098,2.0,0.9101,31.0
1753520815428,09:06:55.428,AERO/USDT:USDT,0.909,2089.0,0.9086,396.0,0.9098,2.0,0.9101,31.0
1753520816122,09:06:56.122,AERO/USDT:USDT,0.909,2089.0,0.9086,396.0,0.9098,2.0,0.9101,31.0
1753520817861,09:06:57.861,AERO/USDT:USDT,0.909,2089.0,0.9086,396.0,0.9098,2.0,0.9101,31.0
1753520818082,09:06:58.082,AERO/USDT:USDT,0.909,2089.0,0.9086,396.0,0.9098,2.0,0.9101,31.0
1753520819441,09:06:59.441,AERO/USDT:USDT,0.909,2089.0,0.9086,396.0,0.9098,2.0,0.9101,31.0
1753520819905,09:06:59.905,AERO/USDT:USDT,0.909,2089.0,0.9086,396.0,0.9098,2.0,0.9101,31.0
1753520820209,09:07:00.209,AERO/USDT:USDT,0.909,2089.0,0.9086,396.0,0.9098,2.0,0.9101,31.0
1753520820309,09:07:00.309,AERO/USDT:USDT,0.909,1869.0,0.9086,396.0,0.9098,2.0,0.9101,31.0
1753520820363,09:07:00.363,AERO/USDT:USDT,0.909,1972.0,0.9086,396.0,0.9098,2.0,0.9101,31.0
1753520820738,09:07:00.738,AERO/USDT:USDT,0.909,2093.0,0.9086,396.0,0.9098,2.0,0.9101,31.0
1753520820776,09:07:00.776,AERO/USDT:USDT,0.909,1869.0,0.9086,396.0,0.9098,2.0,0.9101,31.0
1753520820879,09:07:00.879,AERO/USDT:USDT,0.909,1869.0,0.9086,396.0,0.9098,2.0,0.9101,31.0
1753520821208,09:07:01.208,AERO/USDT:USDT,0.909,1869.0,0.9086,396.0,0.9098,2.0,0.9101,31.0
1753520821464,09:07:01.464,AERO/USDT:USDT,0.909,1869.0,0.9086,396.0,0.9098,2.0,0.9101,31.0
1753520821589,09:07:01.589,AERO/USDT:USDT,0.909,1869.0,0.9086,396.0,0.9098,2.0,0.9101,31.0
1753520822004,09:07:02.004,AERO/USDT:USDT,0.909,1869.0,0.9086,396.0,0.9098,2.0,0.9101,31.0
1753520822128,09:07:02.128,AERO/USDT:USDT,0.909,1869.0,0.9086,396.0,0.9098,2.0,0.9101,31.0
1753520822166,09:07:02.166,AERO/USDT:USDT,0.909,1869.0,0.9086,396.0,0.9098,2.0,0.9101,31.0
1753520822449,09:07:02.449,AERO/USDT:USDT,0.909,1869.0,0.9086,396.0,0.9098,2.0,0.9101,31.0
1753520823484,09:07:03.484,AERO/USDT:USDT,0.909,1869.0,0.9086,396.0,0.9098,2.0,0.9101,31.0
1753520824520,09:07:04.520,AERO/USDT:USDT,0.909,1869.0,0.9085,417.0,0.9098,2.0,0.9101,31.0
1753520825009,09:07:05.009,AERO/USDT:USDT,0.909,1869.0,0.9085,417.0,0.9098,2.0,0.9101,31.0
1753520826042,09:07:06.042,AERO/USDT:USDT,0.909,1869.0,0.9085,417.0,0.9098,2.0,0.9101,31.0
1753520826944,09:07:06.944,AERO/USDT:USDT,0.909,1869.0,0.9085,417.0,0.9098,2.0,0.9101,31.0
1753520827478,09:07:07.478,AERO/USDT:USDT,0.909,1869.0,0.9085,417.0,0.9098,2.0,0.9101,31.0
1753520827956,09:07:07.956,AERO/USDT:USDT,0.909,1869.0,0.9085,813.0,0.9098,2.0,0.9101,31.0
1753520828122,09:07:08.122,AERO/USDT:USDT,0.909,1869.0,0.9085,417.0,0.9098,2.0,0.9101,31.0
1753520828314,09:07:08.314,AERO/USDT:USDT,0.909,1869.0,0.9085,417.0,0.9098,2.0,0.9101,31.0
1753520828509,09:07:08.509,AERO/USDT:USDT,0.909,1869.0,0.9085,417.0,0.9098,2.0,0.9101,31.0
1753520829013,09:07:09.013,AERO/USDT:USDT,0.909,1869.0,0.9085,417.0,0.9098,2.0,0.9101,31.0
1753520829298,09:07:09.298,AERO/USDT:USDT,0.909,1869.0,0.9085,417.0,0.9098,2.0,0.9101,31.0
1753520829392,09:07:09.392,AERO/USDT:USDT,0.909,1869.0,0.9085,813.0,0.9098,2.0,0.9101,31.0
1753520829534,09:07:09.534,AERO/USDT:USDT,0.909,1869.0,0.9085,813.0,0.9098,2.0,0.9101,31.0
1753520829809,09:07:09.809,AERO/USDT:USDT,0.909,1869.0,0.9085,813.0,0.9098,2.0,0.9101,31.0
1753520829948,09:07:09.948,AERO/USDT:USDT,0.909,1869.0,0.9085,813.0,0.9098,2.0,0.9101,31.0
1753520830361,09:07:10.361,AERO/USDT:USDT,0.909,1869.0,0.9085,813.0,0.9098,2.0,0.9101,31.0
1753520832913,09:07:12.913,AERO/USDT:USDT,0.909,1869.0,0.9085,813.0,0.9098,2.0,0.9101,31.0
1753520834008,09:07:14.008,AERO/USDT:USDT,0.909,1869.0,0.9085,813.0,0.9098,2.0,0.9101,31.0
1753520834609,09:07:14.609,AERO/USDT:USDT,0.909,1869.0,0.9085,813.0,0.9098,2.0,0.9101,31.0
1753520835004,09:07:15.004,AERO/USDT:USDT,0.909,1869.0,0.9085,813.0,0.9098,2.0,0.9101,31.0
1753520836281,09:07:16.281,AERO/USDT:USDT,0.909,1869.0,0.9085,813.0,0.9098,2.0,0.9101,31.0
1753520837006,09:07:17.006,AERO/USDT:USDT,0.909,1869.0,0.9085,813.0,0.9098,2.0,0.9101,31.0
1753520837583,09:07:17.583,AERO/USDT:USDT,0.909,1869.0,0.9085,813.0,0.9098,2.0,0.9101,31.0
1753520838206,09:07:18.206,AERO/USDT:USDT,0.909,1869.0,0.9085,813.0,0.9098,2.0,0.9101,31.0
1753520839095,09:07:19.095,AERO/USDT:USDT,0.909,1869.0,0.9085,813.0,0.9098,2.0,0.9101,31.0
1753520839234,09:07:19.234,AERO/USDT:USDT,0.909,1869.0,0.9085,813.0,0.9098,2.0,0.9101,31.0
1753520839409,09:07:19.409,AERO/USDT:USDT,0.909,1869.0,0.9085,813.0,0.9098,2.0,0.9101,31.0
1753520840004,09:07:20.004,AERO/USDT:USDT,0.909,1869.0,0.9085,813.0,0.9098,2.0,0.9101,31.0
1753520841251,09:07:21.251,AERO/USDT:USDT,0.909,1869.0,0.9085,813.0,0.9098,2.0,0.9101,31.0
1753520844209,09:07:24.209,AERO/USDT:USDT,0.909,1869.0,0.9085,813.0,0.9098,2.0,0.9101,31.0
1753520846380,09:07:26.380,AERO/USDT:USDT,0.909,1869.0,0.9085,813.0,0.9098,2.0,0.9101,31.0
1753520847284,09:07:27.284,AERO/USDT:USDT,0.909,1869.0,0.9085,813.0,0.9098,2.0,0.9101,31.0
1753520848770,09:07:28.770,AERO/USDT:USDT,0.909,1869.0,0.9085,813.0,0.9098,2.0,0.9101,31.0
1753520849010,09:07:29.010,AERO/USDT:USDT,0.909,1869.0,0.9085,813.0,0.9098,2.0,0.9101,31.0
1753520850506,09:07:30.506,AERO/USDT:USDT,0.909,1869.0,0.9085,813.0,0.9098,2.0,0.9101,31.0
1753520852525,09:07:32.525,AERO/USDT:USDT,0.909,1869.0,0.9085,813.0,0.9098,2.0,0.9101,31.0
1753520853343,09:07:33.343,AERO/USDT:USDT,0.909,1869.0,0.9085,813.0,0.9098,2.0,0.9101,31.0
1753520853811,09:07:33.811,AERO/USDT:USDT,0.909,1869.0,0.9085,813.0,0.9098,2.0,0.9101,31.0
1753520854007,09:07:34.007,AERO/USDT:USDT,0.909,1869.0,0.9085,813.0,0.9098,2.0,0.9101,31.0
1753520854216,09:07:34.216,AERO/USDT:USDT,0.909,1869.0,0.9085,813.0,0.9098,2.0,0.9101,31.0
1753520854260,09:07:34.260,AERO/USDT:USDT,0.909,1869.0,0.9085,813.0,0.9098,2.0,0.9101,31.0
1753520854920,09:07:34.920,AERO/USDT:USDT,0.909,1869.0,0.9085,813.0,0.9098,2.0,0.9101,31.0
1753520856576,09:07:36.576,AERO/USDT:USDT,0.909,1869.0,0.9085,813.0,0.9098,2.0,0.9101,31.0
1753520857007,09:07:37.007,AERO/USDT:USDT,0.909,1869.0,0.9085,813.0,0.9098,2.0,0.9101,31.0
1753520857378,09:07:37.378,AERO/USDT:USDT,0.909,1869.0,0.9085,813.0,0.9098,2.0,0.9101,31.0
1753520857574,09:07:37.574,AERO/USDT:USDT,0.909,1869.0,0.9085,813.0,0.9098,2.0,0.9101,31.0
1753520858611,09:07:38.611,AERO/USDT:USDT,0.909,1869.0,0.9085,813.0,0.9098,2.0,0.9101,31.0
1753520859401,09:07:39.401,AERO/USDT:USDT,0.909,1869.0,0.9085,813.0,0.9098,2.0,0.9101,31.0
1753520859457,09:07:39.457,AERO/USDT:USDT,0.909,1869.0,0.9085,813.0,0.9098,2.0,0.9101,31.0
1753520860619,09:07:40.619,AERO/USDT:USDT,0.909,1869.0,0.9085,813.0,0.9098,2.0,0.9101,31.0
1753520861462,09:07:41.462,AERO/USDT:USDT,0.909,1869.0,0.9085,813.0,0.9098,2.0,0.9101,31.0
1753520861765,09:07:41.765,AERO/USDT:USDT,0.909,1869.0,0.9085,718.0,0.9098,2.0,0.9101,31.0
1753520861887,09:07:41.887,AERO/USDT:USDT,0.909,1869.0,0.9085,718.0,0.9098,2.0,0.9101,31.0
1753520862008,09:07:42.008,AERO/USDT:USDT,0.909,1869.0,0.9085,718.0,0.9098,2.0,0.9101,31.0
1753520863427,09:07:43.427,AERO/USDT:USDT,0.909,1869.0,0.9085,718.0,0.9098,2.0,0.9101,31.0
1753520863532,09:07:43.532,AERO/USDT:USDT,0.909,1869.0,0.9085,718.0,0.9098,2.0,0.9101,31.0
1753520868210,09:07:48.210,AERO/USDT:USDT,0.909,1869.0,0.9085,718.0,0.9098,2.0,0.9101,31.0
1753520868418,09:07:48.418,AERO/USDT:USDT,0.909,1869.0,0.9085,718.0,0.9098,2.0,0.9101,31.0
1753520870443,09:07:50.443,AERO/USDT:USDT,0.909,1869.0,0.9085,718.0,0.9098,2.0,0.9101,31.0
1753520872407,09:07:52.407,AERO/USDT:USDT,0.909,1869.0,0.9085,718.0,0.9098,2.0,0.9101,31.0
1753520872466,09:07:52.466,AERO/USDT:USDT,0.909,1869.0,0.9085,718.0,0.9098,2.0,0.9101,31.0
1753520873028,09:07:53.028,AERO/USDT:USDT,0.909,1869.0,0.9085,718.0,0.9098,2.0,0.9101,31.0
1753520876507,09:07:56.507,AERO/USDT:USDT,0.909,1869.0,0.9085,718.0,0.9098,2.0,0.9101,31.0
1753520877811,09:07:57.811,AERO/USDT:USDT,0.909,1869.0,0.9085,718.0,0.9098,2.0,0.9101,31.0
1753520879330,09:07:59.330,AERO/USDT:USDT,0.909,1869.0,0.9085,718.0,0.9098,2.0,0.9101,31.0
1753520880552,09:08:00.552,AERO/USDT:USDT,0.909,1869.0,0.9085,718.0,0.9098,2.0,0.9101,31.0
1753520880888,09:08:00.888,AERO/USDT:USDT,0.9085,718.0,0.9081,1810.0,0.9098,2.0,0.9101,31.0
1753520881032,09:08:01.032,AERO/USDT:USDT,0.9087,1811.0,0.9086,465.0,0.9098,2.0,0.9101,31.0
1753520881049,09:08:01.049,AERO/USDT:USDT,0.9087,2207.0,0.9086,69.0,0.9098,2.0,0.9101,31.0
1753520882240,09:08:02.240,AERO/USDT:USDT,0.9087,2271.0,0.9086,69.0,0.9098,2.0,0.9101,31.0
1753520882923,09:08:02.923,AERO/USDT:USDT,0.9087,2271.0,0.9086,69.0,0.9098,2.0,0.9101,31.0
1753520883403,09:08:03.403,AERO/USDT:USDT,0.9087,2271.0,0.9086,69.0,0.9098,2.0,0.9101,31.0
1753520883549,09:08:03.549,AERO/USDT:USDT,0.9087,2271.0,0.9086,69.0,0.9098,2.0,0.9101,31.0
1753520884636,09:08:04.636,AERO/USDT:USDT,0.9087,2271.0,0.9082,571.0,0.9098,2.0,0.9101,31.0
1753520885421,09:08:05.421,AERO/USDT:USDT,0.9087,2271.0,0.9082,571.0,0.9098,2.0,0.9101,31.0
1753520885580,09:08:05.580,AERO/USDT:USDT,0.9087,2381.0,0.9082,571.0,0.9098,2.0,0.9101,31.0
1753520886011,09:08:06.011,AERO/USDT:USDT,0.9087,2326.0,0.9082,571.0,0.9098,2.0,0.9101,31.0
1753520886133,09:08:06.133,AERO/USDT:USDT,0.9087,2326.0,0.9082,571.0,0.9098,2.0,0.9101,31.0
1753520886760,09:08:06.760,AERO/USDT:USDT,0.9087,2207.0,0.9082,571.0,0.9098,2.0,0.9101,31.0
1753520887004,09:08:07.004,AERO/USDT:USDT,0.9087,2207.0,0.9082,571.0,0.9098,2.0,0.9101,31.0
1753520888075,09:08:08.075,AERO/USDT:USDT,0.9087,2207.0,0.9082,571.0,0.9098,2.0,0.9101,31.0
1753520888453,09:08:08.453,AERO/USDT:USDT,0.9087,2207.0,0.9082,571.0,0.9098,2.0,0.9101,31.0
1753520891502,09:08:11.502,AERO/USDT:USDT,0.9087,2207.0,0.9082,571.0,0.9098,2.0,0.9101,31.0
1753520891944,09:08:11.944,AERO/USDT:USDT,0.9087,2207.0,0.9082,571.0,0.9098,2.0,0.9101,31.0
1753520892444,09:08:12.444,AERO/USDT:USDT,0.9087,2207.0,0.9086,322.0,0.9098,2.0,0.9101,31.0
1753520892883,09:08:12.883,AERO/USDT:USDT,0.9087,2207.0,0.9086,322.0,0.9098,2.0,0.9101,31.0
1753520893255,09:08:13.255,AERO/USDT:USDT,0.9087,2207.0,0.9086,322.0,0.9098,2.0,0.9101,31.0
1753520893513,09:08:13.513,AERO/USDT:USDT,0.9087,2207.0,0.9086,322.0,0.9098,2.0,0.9101,31.0
1753520893937,09:08:13.937,AERO/USDT:USDT,0.9087,2207.0,0.9082,571.0,0.9097,219.0,0.9098,2.0
1753520894004,09:08:14.004,AERO/USDT:USDT,0.9087,2207.0,0.9082,571.0,0.9096,31.0,0.9097,219.0
1753520894352,09:08:14.352,AERO/USDT:USDT,0.9087,2207.0,0.9082,571.0,0.9096,31.0,0.9097,219.0
1753520895650,09:08:15.650,AERO/USDT:USDT,0.9087,2207.0,0.9084,326.0,0.9096,31.0,0.9098,2.0
1753520895760,09:08:15.760,AERO/USDT:USDT,0.9087,2207.0,0.9084,326.0,0.9098,2.0,0.9101,31.0
1753520895978,09:08:15.978,AERO/USDT:USDT,0.9087,2207.0,0.9084,326.0,0.9098,2.0,0.9101,31.0
1753520897003,09:08:17.003,AERO/USDT:USDT,0.9087,2207.0,0.9084,326.0,0.9098,2.0,0.9101,31.0
1753520897194,09:08:17.194,AERO/USDT:USDT,0.9087,2207.0,0.9084,326.0,0.9098,2.0,0.9101,31.0
1753520898054,09:08:18.054,AERO/USDT:USDT,0.9087,2207.0,0.9084,326.0,0.9098,2.0,0.9101,31.0
1753520898432,09:08:18.432,AERO/USDT:USDT,0.9087,2207.0,0.9084,326.0,0.9098,2.0,0.9101,31.0
1753520898688,09:08:18.688,AERO/USDT:USDT,0.9087,2207.0,0.9084,326.0,0.9098,2.0,0.9101,31.0
1753520898819,09:08:18.819,AERO/USDT:USDT,0.9087,2207.0,0.9084,326.0,0.9098,2.0,0.9101,31.0
1753520898889,09:08:18.889,AERO/USDT:USDT,0.9087,2207.0,0.9084,326.0,0.9098,2.0,0.9101,31.0
1753520898979,09:08:18.979,AERO/USDT:USDT,0.9087,2207.0,0.9084,326.0,0.9098,2.0,0.9101,31.0
1753520899139,09:08:19.139,AERO/USDT:USDT,0.9087,2280.0,0.9084,326.0,0.9098,2.0,0.9101,31.0
1753520899933,09:08:19.933,AERO/USDT:USDT,0.9087,2354.0,0.9084,326.0,0.9098,2.0,0.9101,31.0
1753520902007,09:08:22.007,AERO/USDT:USDT,0.9087,2354.0,0.9084,326.0,0.9098,2.0,0.9101,31.0
1753520902338,09:08:22.338,AERO/USDT:USDT,0.9087,2354.0,0.9084,326.0,0.9098,2.0,0.9101,31.0
1753520902854,09:08:22.854,AERO/USDT:USDT,0.9087,2354.0,0.9084,326.0,0.9098,2.0,0.9101,31.0
1753520903003,09:08:23.003,AERO/USDT:USDT,0.9087,2354.0,0.9084,326.0,0.9098,2.0,0.9101,31.0
1753520904884,09:08:24.884,AERO/USDT:USDT,0.9087,2354.0,0.9084,326.0,0.9098,2.0,0.9101,31.0
1753520905036,09:08:25.036,AERO/USDT:USDT,0.9087,2207.0,0.9084,326.0,0.9098,2.0,0.9101,31.0
1753520905096,09:08:25.096,AERO/USDT:USDT,0.9087,2372.0,0.9084,326.0,0.9098,2.0,0.9101,31.0
1753520906003,09:08:26.003,AERO/USDT:USDT,0.9087,2372.0,0.9084,326.0,0.9098,2.0,0.9101,31.0
1753520907653,09:08:27.653,AERO/USDT:USDT,0.9087,2372.0,0.9084,326.0,0.9098,2.0,0.9101,31.0
1753520907856,09:08:27.856,AERO/USDT:USDT,0.9087,2372.0,0.9084,326.0,0.9098,2.0,0.9101,31.0
1753520911014,09:08:31.014,AERO/USDT:USDT,0.9087,2262.0,0.9084,326.0,0.9098,2.0,0.9101,31.0
1753520911445,09:08:31.445,AERO/USDT:USDT,0.9087,2262.0,0.9084,326.0,0.9098,2.0,0.9101,31.0
1753520911451,09:08:31.451,AERO/USDT:USDT,0.9087,2372.0,0.9084,326.0,0.9098,2.0,0.9101,31.0
1753520912073,09:08:32.073,AERO/USDT:USDT,0.9087,2482.0,0.9084,326.0,0.9098,2.0,0.9101,31.0
1753520912454,09:08:32.454,AERO/USDT:USDT,0.9087,2482.0,0.9084,326.0,0.9098,2.0,0.9101,31.0
1753520914871,09:08:34.871,AERO/USDT:USDT,0.9087,2482.0,0.9084,326.0,0.9098,2.0,0.9101,31.0
1753520915011,09:08:35.011,AERO/USDT:USDT,0.9087,2537.0,0.9084,326.0,0.9098,2.0,0.9101,31.0
1753520916769,09:08:36.769,AERO/USDT:USDT,0.9087,2537.0,0.9084,326.0,0.9098,2.0,0.9101,31.0
1753520917254,09:08:37.254,AERO/USDT:USDT,0.9087,2537.0,0.9084,326.0,0.9098,2.0,0.9101,31.0
1753520918313,09:08:38.313,AERO/USDT:USDT,0.9087,2537.0,0.9084,326.0,0.9098,2.0,0.9101,31.0
1753520918634,09:08:38.634,AERO/USDT:USDT,0.9087,2537.0,0.9084,326.0,0.9098,2.0,0.9101,31.0
1753520919230,09:08:39.230,AERO/USDT:USDT,0.9087,2537.0,0.9084,326.0,0.9098,2.0,0.9101,31.0
1753520921148,09:08:41.148,AERO/USDT:USDT,0.9087,2537.0,0.9084,326.0,0.9098,2.0,0.9101,31.0
1753520922139,09:08:42.139,AERO/USDT:USDT,0.9087,2537.0,0.9084,326.0,0.9098,2.0,0.9101,31.0
1753520922356,09:08:42.356,AERO/USDT:USDT,0.9087,2317.0,0.9084,326.0,0.9098,2.0,0.9101,31.0
1753520925092,09:08:45.092,AERO/USDT:USDT,0.9087,2372.0,0.9084,326.0,0.9098,2.0,0.9101,31.0
1753520926854,09:08:46.854,AERO/USDT:USDT,0.9087,2372.0,0.9084,326.0,0.9098,2.0,0.9101,31.0
1753520927264,09:08:47.264,AERO/USDT:USDT,0.9087,2372.0,0.9084,326.0,0.9098,2.0,0.9101,31.0
1753520927505,09:08:47.505,AERO/USDT:USDT,0.9087,2372.0,0.9084,326.0,0.9098,2.0,0.9101,31.0
1753520928005,09:08:48.005,AERO/USDT:USDT,0.9087,2372.0,0.9084,326.0,0.9098,2.0,0.9101,31.0
1753520928092,09:08:48.092,AERO/USDT:USDT,0.9087,2372.0,0.9084,326.0,0.9098,2.0,0.9101,31.0
1753520930422,09:08:50.422,AERO/USDT:USDT,0.9087,2262.0,0.9084,326.0,0.9098,2.0,0.9101,31.0
1753520930467,09:08:50.467,AERO/USDT:USDT,0.9087,2207.0,0.9084,326.0,0.9098,2.0,0.9101,31.0
1753520931654,09:08:51.654,AERO/USDT:USDT,0.9087,2207.0,0.9084,326.0,0.9098,2.0,0.9101,31.0
1753520932244,09:08:52.244,AERO/USDT:USDT,0.9087,2262.0,0.9084,326.0,0.9098,2.0,0.9101,31.0
1753520932263,09:08:52.263,AERO/USDT:USDT,0.9087,2262.0,0.9084,326.0,0.9098,2.0,0.9101,31.0
1753520933200,09:08:53.200,AERO/USDT:USDT,0.9087,2262.0,0.9084,326.0,0.9098,2.0,0.9101,31.0
1753520933719,09:08:53.719,AERO/USDT:USDT,0.9087,2317.0,0.9084,326.0,0.9098,2.0,0.9101,31.0
1753520934009,09:08:54.009,AERO/USDT:USDT,0.9087,2317.0,0.9084,326.0,0.9098,2.0,0.9101,31.0
1753520936455,09:08:56.455,AERO/USDT:USDT,0.9087,2317.0,0.9084,326.0,0.9098,2.0,0.9101,31.0
1753520937500,09:08:57.500,AERO/USDT:USDT,0.9087,2434.0,0.9084,326.0,0.9098,2.0,0.9101,31.0
1753520938039,09:08:58.039,AERO/USDT:USDT,0.9087,2489.0,0.9084,326.0,0.9098,2.0,0.9101,31.0
1753520939282,09:08:59.282,AERO/USDT:USDT,0.9087,2489.0,0.9084,326.0,0.9098,2.0,0.9101,31.0
1753520939569,09:08:59.569,AERO/USDT:USDT,0.9087,2489.0,0.9084,326.0,0.9098,2.0,0.9101,31.0
1753520940006,09:09:00.006,AERO/USDT:USDT,0.9087,2489.0,0.9084,326.0,0.9098,2.0,0.9101,31.0
1753520941254,09:09:01.254,AERO/USDT:USDT,0.9087,2489.0,0.9084,326.0,0.9098,2.0,0.9101,31.0
1753520941646,09:09:01.646,AERO/USDT:USDT,0.9087,2489.0,0.9084,326.0,0.9098,2.0,0.9101,31.0
1753520941799,09:09:01.799,AERO/USDT:USDT,0.9087,2489.0,0.9084,326.0,0.9098,2.0,0.9101,31.0
1753520942106,09:09:02.106,AERO/USDT:USDT,0.9088,396.0,0.9087,2093.0,0.9098,2.0,0.9101,31.0
1753520942328,09:09:02.328,AERO/USDT:USDT,0.9088,396.0,0.9087,1811.0,0.9098,2.0,0.9101,31.0
1753520942801,09:09:02.801,AERO/USDT:USDT,0.9088,396.0,0.9087,1811.0,0.9098,2.0,0.9101,31.0
1753520943518,09:09:03.518,AERO/USDT:USDT,0.9088,396.0,0.9087,1811.0,0.9098,2.0,0.9101,31.0
1753520943622,09:09:03.622,AERO/USDT:USDT,0.9088,396.0,0.9087,1811.0,0.9098,2.0,0.9101,31.0
1753520943729,09:09:03.729,AERO/USDT:USDT,0.9089,219.0,0.9088,396.0,0.9098,2.0,0.9101,31.0
1753520943840,09:09:03.840,AERO/USDT:USDT,0.9089,670.0,0.9087,1811.0,0.9098,2.0,0.9105,31.0
1753520943852,09:09:03.852,AERO/USDT:USDT,0.9089,670.0,0.9087,1811.0,0.9098,2.0,0.9105,31.0
1753520944007,09:09:04.007,AERO/USDT:USDT,0.9089,725.0,0.9087,1811.0,0.9098,2.0,0.9105,31.0
1753520944230,09:09:04.230,AERO/USDT:USDT,0.909,396.0,0.9089,329.0,0.9098,2.0,0.9105,31.0
1753520944438,09:09:04.438,AERO/USDT:USDT,0.909,396.0,0.9089,329.0,0.9098,2.0,0.9105,31.0
1753520944768,09:09:04.768,AERO/USDT:USDT,0.909,396.0,0.9089,274.0,0.9098,2.0,0.9105,31.0
1753520945007,09:09:05.007,AERO/USDT:USDT,0.909,396.0,0.9089,274.0,0.9098,2.0,0.9105,31.0
1753520945256,09:09:05.256,AERO/USDT:USDT,0.909,396.0,0.9089,274.0,0.9098,2.0,0.9105,31.0
1753520945714,09:09:05.714,AERO/USDT:USDT,0.909,396.0,0.9089,274.0,0.9098,2.0,0.9105,31.0
1753520946003,09:09:06.003,AERO/USDT:USDT,0.909,396.0,0.9089,274.0,0.9098,2.0,0.9105,31.0
1753520946055,09:09:06.055,AERO/USDT:USDT,0.909,396.0,0.9089,274.0,0.9098,2.0,0.9105,31.0
1753520946221,09:09:06.221,AERO/USDT:USDT,0.909,396.0,0.9089,274.0,0.9098,2.0,0.9105,31.0
1753520946508,09:09:06.508,AERO/USDT:USDT,0.909,451.0,0.9089,274.0,0.9098,2.0,0.9105,31.0
1753520947247,09:09:07.247,AERO/USDT:USDT,0.909,451.0,0.9089,219.0,0.9098,2.0,0.9105,31.0
1753520947697,09:09:07.697,AERO/USDT:USDT,0.909,451.0,0.9089,219.0,0.9098,2.0,0.9105,31.0
1753520948233,09:09:08.233,AERO/USDT:USDT,0.909,451.0,0.9089,219.0,0.9098,2.0,0.9105,31.0
1753520948898,09:09:08.898,AERO/USDT:USDT,0.909,451.0,0.9089,219.0,0.9098,2.0,0.9105,31.0
1753520949603,09:09:09.603,AERO/USDT:USDT,0.909,506.0,0.9089,219.0,0.9098,2.0,0.9105,31.0
1753520950032,09:09:10.032,AERO/USDT:USDT,0.909,506.0,0.9089,219.0,0.9098,2.0,0.9105,31.0
1753520950470,09:09:10.470,AERO/USDT:USDT,0.909,506.0,0.9089,219.0,0.9098,2.0,0.9105,31.0
1753520950855,09:09:10.855,AERO/USDT:USDT,0.909,506.0,0.9089,219.0,0.9098,2.0,0.9105,31.0
1753520952542,09:09:12.542,AERO/USDT:USDT,0.909,506.0,0.9089,219.0,0.9098,2.0,0.9105,31.0
1753520953267,09:09:13.267,AERO/USDT:USDT,0.909,616.0,0.9089,219.0,0.9098,2.0,0.9105,31.0
1753520953983,09:09:13.983,AERO/USDT:USDT,0.909,671.0,0.9089,219.0,0.9098,2.0,0.9105,31.0
1753520955657,09:09:15.657,AERO/USDT:USDT,0.909,671.0,0.9089,219.0,0.9098,2.0,0.9105,31.0
1753520955829,09:09:15.829,AERO/USDT:USDT,0.909,671.0,0.9089,219.0,0.9098,2.0,0.9105,31.0
1753520956119,09:09:16.119,AERO/USDT:USDT,0.909,671.0,0.9089,334.0,0.9098,2.0,0.9105,31.0
1753520956206,09:09:16.206,AERO/USDT:USDT,0.909,616.0,0.9089,334.0,0.9098,2.0,0.9105,31.0
1753520957003,09:09:17.003,AERO/USDT:USDT,0.909,616.0,0.9089,334.0,0.9098,2.0,0.9105,31.0
1753520957773,09:09:17.773,AERO/USDT:USDT,0.909,616.0,0.9089,334.0,0.9098,2.0,0.9105,31.0
1753520959500,09:09:19.500,AERO/USDT:USDT,0.909,561.0,0.9089,334.0,0.9098,2.0,0.9105,31.0
1753520959792,09:09:19.792,AERO/USDT:USDT,0.909,561.0,0.9089,334.0,0.9098,2.0,0.9105,31.0
1753520960455,09:09:20.455,AERO/USDT:USDT,0.909,561.0,0.9089,334.0,0.9098,2.0,0.9105,31.0
1753520961328,09:09:21.328,AERO/USDT:USDT,0.909,561.0,0.9089,334.0,0.9098,2.0,0.9105,31.0
1753520961431,09:09:21.431,AERO/USDT:USDT,0.909,780.0,0.9089,334.0,0.9098,2.0,0.9105,31.0
1753520961612,09:09:21.612,AERO/USDT:USDT,0.909,835.0,0.9089,334.0,0.9098,2.0,0.9105,31.0
1753520962637,09:09:22.637,AERO/USDT:USDT,0.909,835.0,0.9089,334.0,0.9098,2.0,0.9105,31.0
1753520963291,09:09:23.291,AERO/USDT:USDT,0.909,900.0,0.9089,334.0,0.9098,2.0,0.9105,31.0
1753520963632,09:09:23.632,AERO/USDT:USDT,0.909,900.0,0.9089,334.0,0.9098,2.0,0.9105,31.0
1753520963717,09:09:23.717,AERO/USDT:USDT,0.909,934.0,0.9089,334.0,0.9098,2.0,0.9105,31.0
1753520963834,09:09:23.834,AERO/USDT:USDT,0.909,934.0,0.9089,334.0,0.9098,2.0,0.9105,31.0
1753520964658,09:09:24.658,AERO/USDT:USDT,0.909,934.0,0.9089,334.0,0.9098,2.0,0.9105,31.0
1753520964752,09:09:24.752,AERO/USDT:USDT,0.909,934.0,0.9089,334.0,0.9098,2.0,0.9105,31.0
1753520965028,09:09:25.028,AERO/USDT:USDT,0.909,934.0,0.9089,334.0,0.9098,2.0,0.9105,31.0
1753520965268,09:09:25.268,AERO/USDT:USDT,0.909,934.0,0.9089,334.0,0.9098,2.0,0.9105,31.0
1753520965392,09:09:25.392,AERO/USDT:USDT,0.909,1002.0,0.9089,334.0,0.9098,2.0,0.9105,31.0
1753520965874,09:09:25.874,AERO/USDT:USDT,0.909,1002.0,0.9089,334.0,0.9098,2.0,0.9105,31.0
1753520968862,09:09:28.862,AERO/USDT:USDT,0.909,968.0,0.9089,334.0,0.9098,2.0,0.9105,31.0
1753520970068,09:09:30.068,AERO/USDT:USDT,0.909,968.0,0.9089,334.0,0.9098,2.0,0.9105,31.0
1753520970717,09:09:30.717,AERO/USDT:USDT,0.909,968.0,0.9089,334.0,0.9098,2.0,0.9105,31.0
1753520971539,09:09:31.539,AERO/USDT:USDT,0.909,615.0,0.9089,334.0,0.9098,2.0,0.9105,31.0
1753520972003,09:09:32.003,AERO/USDT:USDT,0.909,615.0,0.9089,334.0,0.9098,2.0,0.9105,31.0
1753520972523,09:09:32.523,AERO/USDT:USDT,0.909,780.0,0.9089,334.0,0.9098,2.0,0.9105,31.0
1753520973540,09:09:33.540,AERO/USDT:USDT,0.909,780.0,0.9089,334.0,0.9098,2.0,0.9105,31.0
1753520974855,09:09:34.855,AERO/USDT:USDT,0.909,780.0,0.9089,334.0,0.9098,2.0,0.9105,31.0
1753520975003,09:09:35.003,AERO/USDT:USDT,0.909,780.0,0.9089,334.0,0.9098,2.0,0.9105,31.0
1753520976274,09:09:36.274,AERO/USDT:USDT,0.909,835.0,0.9089,334.0,0.9098,2.0,0.9105,31.0
1753520976721,09:09:36.721,AERO/USDT:USDT,0.909,671.0,0.9089,334.0,0.9098,2.0,0.9105,31.0
1753520976759,09:09:36.759,AERO/USDT:USDT,0.909,890.0,0.9089,334.0,0.9098,2.0,0.9105,31.0
1753520977195,09:09:37.195,AERO/USDT:USDT,0.909,835.0,0.9089,334.0,0.9098,2.0,0.9105,31.0
1753520978522,09:09:38.522,AERO/USDT:USDT,0.909,902.0,0.9089,334.0,0.9098,2.0,0.9105,31.0
1753520979656,09:09:39.656,AERO/USDT:USDT,0.909,902.0,0.9089,334.0,0.9098,2.0,0.9105,31.0
1753520980668,09:09:40.668,AERO/USDT:USDT,0.909,962.0,0.9089,334.0,0.9098,2.0,0.9105,31.0
1753520984456,09:09:44.456,AERO/USDT:USDT,0.909,962.0,0.9089,334.0,0.9098,2.0,0.9105,31.0
1753520986494,09:09:46.494,AERO/USDT:USDT,0.909,780.0,0.9089,334.0,0.9098,2.0,0.9105,31.0
1753520987927,09:09:47.927,AERO/USDT:USDT,0.909,951.0,0.9089,334.0,0.9098,2.0,0.9105,31.0
1753520988827,09:09:48.827,AERO/USDT:USDT,0.909,951.0,0.9089,334.0,0.9098,2.0,0.9105,31.0
1753520989256,09:09:49.256,AERO/USDT:USDT,0.909,951.0,0.9089,334.0,0.9098,2.0,0.9105,31.0
1753520990219,09:09:50.219,AERO/USDT:USDT,0.909,951.0,0.9089,334.0,0.9098,2.0,0.9105,31.0
1753520994056,09:09:54.056,AERO/USDT:USDT,0.909,951.0,0.9089,334.0,0.9098,2.0,0.9105,31.0
1753520994305,09:09:54.305,AERO/USDT:USDT,0.909,951.0,0.9089,334.0,0.9098,2.0,0.9105,31.0
1753520995405,09:09:55.405,AERO/USDT:USDT,0.909,721.0,0.9089,334.0,0.9098,2.0,0.9105,31.0
1753520995463,09:09:55.463,AERO/USDT:USDT,0.909,721.0,0.9089,334.0,0.9098,2.0,0.9105,31.0
1753520996069,09:09:56.069,AERO/USDT:USDT,0.909,801.0,0.9089,334.0,0.9098,2.0,0.9105,31.0
1753520996630,09:09:56.630,AERO/USDT:USDT,0.909,801.0,0.9089,334.0,0.9098,2.0,0.9105,31.0
1753520997420,09:09:57.420,AERO/USDT:USDT,0.909,801.0,0.9089,334.0,0.9098,2.0,0.9105,31.0
1753520997448,09:09:57.448,AERO/USDT:USDT,0.909,952.0,0.9089,334.0,0.9098,2.0,0.9105,31.0
1753520998429,09:09:58.429,AERO/USDT:USDT,0.909,1326.0,0.9089,334.0,0.9098,2.0,0.9105,31.0
1753520998856,09:09:58.856,AERO/USDT:USDT,0.909,1326.0,0.9089,334.0,0.9098,2.0,0.9105,31.0
1753521000832,09:10:00.832,AERO/USDT:USDT,0.909,451.0,0.9089,334.0,0.9098,2.0,0.9105,31.0
1753521001438,09:10:01.438,AERO/USDT:USDT,0.909,561.0,0.9089,334.0,0.9098,2.0,0.9105,31.0
1753521001784,09:10:01.784,AERO/USDT:USDT,0.909,616.0,0.9089,334.0,0.9098,2.0,0.9105,31.0
1753521002399,09:10:02.399,AERO/USDT:USDT,0.909,616.0,0.9089,334.0,0.9098,2.0,0.9105,31.0
1753521002992,09:10:02.992,AERO/USDT:USDT,0.909,616.0,0.9089,334.0,0.9098,2.0,0.9105,31.0
1753521003657,09:10:03.657,AERO/USDT:USDT,0.909,616.0,0.9089,334.0,0.9098,2.0,0.9105,31.0
1753521004944,09:10:04.944,AERO/USDT:USDT,0.909,671.0,0.9089,334.0,0.9098,2.0,0.9105,31.0
1753521005003,09:10:05.003,AERO/USDT:USDT,0.909,671.0,0.9089,334.0,0.9098,2.0,0.9105,31.0
1753521005561,09:10:05.561,AERO/USDT:USDT,0.909,616.0,0.9089,334.0,0.9098,2.0,0.9105,31.0
1753521006294,09:10:06.294,AERO/USDT:USDT,0.909,616.0,0.9089,334.0,0.9098,2.0,0.9105,31.0
1753521007820,09:10:07.820,AERO/USDT:USDT,0.909,616.0,0.9089,334.0,0.9098,2.0,0.9105,31.0
1753521007893,09:10:07.893,AERO/USDT:USDT,0.909,671.0,0.9089,334.0,0.9098,2.0,0.9105,31.0
1753521008476,09:10:08.476,AERO/USDT:USDT,0.909,671.0,0.9089,334.0,0.9098,2.0,0.9105,31.0
1753521008971,09:10:08.971,AERO/USDT:USDT,0.909,671.0,0.9089,334.0,0.9098,2.0,0.9105,31.0
1753521009087,09:10:09.087,AERO/USDT:USDT,0.909,945.0,0.9089,334.0,0.9098,2.0,0.9105,31.0
1753521011004,09:10:11.004,AERO/USDT:USDT,0.909,945.0,0.9089,334.0,0.9098,2.0,0.9105,31.0
1753521012008,09:10:12.008,AERO/USDT:USDT,0.909,945.0,0.9089,334.0,0.9098,2.0,0.9105,31.0
1753521012249,09:10:12.249,AERO/USDT:USDT,0.909,979.0,0.9089,334.0,0.9098,2.0,0.9105,31.0
1753521013257,09:10:13.257,AERO/USDT:USDT,0.909,979.0,0.9089,334.0,0.9098,2.0,0.9105,31.0
1753521013614,09:10:13.614,AERO/USDT:USDT,0.909,979.0,0.9089,334.0,0.9098,2.0,0.9105,31.0
1753521013687,09:10:13.687,AERO/USDT:USDT,0.909,945.0,0.9089,334.0,0.9098,2.0,0.9105,31.0
1753521014005,09:10:14.005,AERO/USDT:USDT,0.909,945.0,0.9089,334.0,0.9098,2.0,0.9105,31.0
1753521016005,09:10:16.005,AERO/USDT:USDT,0.909,945.0,0.9089,334.0,0.9098,2.0,0.9105,31.0
1753521018058,09:10:18.058,AERO/USDT:USDT,0.909,945.0,0.9089,334.0,0.9098,2.0,0.9105,31.0
1753521018149,09:10:18.149,AERO/USDT:USDT,0.909,945.0,0.9089,334.0,0.9098,2.0,0.9105,31.0
1753521018631,09:10:18.631,AERO/USDT:USDT,0.909,979.0,0.9089,334.0,0.9098,2.0,0.9105,31.0
1753521019038,09:10:19.038,AERO/USDT:USDT,0.909,979.0,0.9089,334.0,0.9098,2.0,0.9105,31.0
1753521019840,09:10:19.840,AERO/USDT:USDT,0.909,979.0,0.9089,334.0,0.9098,2.0,0.9105,31.0
1753521020540,09:10:20.540,AERO/USDT:USDT,0.9095,1853.0,0.9094,219.0,0.9098,2.0,0.9105,31.0
1753521020610,09:10:20.610,AERO/USDT:USDT,0.9095,1946.0,0.9094,219.0,0.9098,2.0,0.9109,31.0
1753521020702,09:10:20.702,AERO/USDT:USDT,0.9095,2026.0,0.9094,219.0,0.9098,2.0,0.9109,31.0
1753521020835,09:10:20.835,AERO/USDT:USDT,0.9095,2105.0,0.9094,219.0,0.9098,2.0,0.9109,31.0
1753521020959,09:10:20.959,AERO/USDT:USDT,0.9095,2105.0,0.9094,219.0,0.9098,2.0,0.9109,31.0
1753521021081,09:10:21.081,AERO/USDT:USDT,0.9095,2105.0,0.9094,219.0,0.9098,2.0,0.9109,31.0
1753521021906,09:10:21.906,AERO/USDT:USDT,0.9095,2162.0,0.9094,219.0,0.9109,31.0,0.911,219.0
1753521022019,09:10:22.019,AERO/USDT:USDT,0.9095,2162.0,0.9094,219.0,0.9109,31.0,0.911,219.0
1753521022141,09:10:22.141,AERO/USDT:USDT,0.9095,2162.0,0.9094,219.0,0.9109,31.0,0.911,219.0
1753521022240,09:10:22.240,AERO/USDT:USDT,0.9095,2162.0,0.9094,219.0,0.9109,31.0,0.911,219.0
1753521022309,09:10:22.309,AERO/USDT:USDT,0.9095,2162.0,0.9094,219.0,0.9109,31.0,0.911,219.0
1753521022421,09:10:22.421,AERO/USDT:USDT,0.9095,2241.0,0.9094,219.0,0.9109,31.0,0.911,219.0
1753521022726,09:10:22.726,AERO/USDT:USDT,0.9095,2241.0,0.9094,219.0,0.9109,31.0,0.911,219.0
1753521022860,09:10:22.860,AERO/USDT:USDT,0.9095,2241.0,0.9094,219.0,0.9109,31.0,0.911,219.0
1753521022968,09:10:22.968,AERO/USDT:USDT,0.9095,2241.0,0.9094,219.0,0.9109,31.0,0.911,219.0
1753521023077,09:10:23.077,AERO/USDT:USDT,0.9095,2241.0,0.9094,219.0,0.9109,31.0,0.911,219.0
1753521023695,09:10:23.695,AERO/USDT:USDT,0.9095,2241.0,0.9094,219.0,0.9109,31.0,0.911,219.0
1753521023849,09:10:23.849,AERO/USDT:USDT,0.9095,2241.0,0.9094,219.0,0.9109,31.0,0.911,219.0
1753521025951,09:10:25.951,AERO/USDT:USDT,0.9095,2241.0,0.9094,219.0,0.9109,31.0,0.911,219.0
1753521027693,09:10:27.693,AERO/USDT:USDT,0.9095,1891.0,0.9094,219.0,0.9109,31.0,0.911,219.0
1753521027828,09:10:27.828,AERO/USDT:USDT,0.9095,2040.0,0.9094,219.0,0.9109,31.0,0.911,219.0
1753521028264,09:10:28.264,AERO/USDT:USDT,0.9095,2113.0,0.9094,219.0,0.9109,31.0,0.911,219.0
1753521028499,09:10:28.499,AERO/USDT:USDT,0.9095,2113.0,0.9094,219.0,0.9109,31.0,0.911,219.0
1753521028786,09:10:28.786,AERO/USDT:USDT,0.9095,2113.0,0.9094,219.0,0.9109,31.0,0.911,219.0
1753521029722,09:10:29.722,AERO/USDT:USDT,0.9095,2168.0,0.9094,219.0,0.9109,31.0,0.911,219.0
1753521029908,09:10:29.908,AERO/USDT:USDT,0.9095,2168.0,0.9094,219.0,0.9106,219.0,0.9109,31.0
1753521030012,09:10:30.012,AERO/USDT:USDT,0.9095,2168.0,0.9094,219.0,0.9105,31.0,0.9106,219.0
1753521030389,09:10:30.389,AERO/USDT:USDT,0.9095,2499.0,0.9094,219.0,0.9105,31.0,0.9106,219.0
1753521030446,09:10:30.446,AERO/USDT:USDT,0.9095,2499.0,0.9094,219.0,0.9105,31.0,0.9106,219.0
1753521030874,09:10:30.874,AERO/USDT:USDT,0.9095,2499.0,0.9094,219.0,0.9105,31.0,0.9106,219.0
1753521031605,09:10:31.605,AERO/USDT:USDT,0.9095,2168.0,0.909,615.0,0.9105,31.0,0.9106,219.0
1753521031694,09:10:31.694,AERO/USDT:USDT,0.9095,2168.0,0.909,615.0,0.9105,31.0,0.9106,219.0
1753521032006,09:10:32.006,AERO/USDT:USDT,0.9095,2168.0,0.909,615.0,0.9105,31.0,0.9106,219.0
1753521032425,09:10:32.425,AERO/USDT:USDT,0.9095,2228.0,0.909,615.0,0.9105,31.0,0.9106,219.0
1753521032459,09:10:32.459,AERO/USDT:USDT,0.9095,2228.0,0.909,615.0,0.9105,31.0,0.9106,219.0
1753521033796,09:10:33.796,AERO/USDT:USDT,0.9095,1798.0,0.909,615.0,0.9105,31.0,0.9106,219.0
1753521033859,09:10:33.859,AERO/USDT:USDT,0.9095,1798.0,0.909,615.0,0.9105,31.0,0.9106,219.0
1753521033959,09:10:33.959,AERO/USDT:USDT,0.9095,1798.0,0.909,615.0,0.9105,31.0,0.9106,219.0
1753521034107,09:10:34.107,AERO/USDT:USDT,0.9095,1798.0,0.909,615.0,0.9105,31.0,0.9106,219.0
1753521034242,09:10:34.242,AERO/USDT:USDT,0.9095,1798.0,0.9093,330.0,0.9105,31.0,0.9106,219.0
1753521036023,09:10:36.023,AERO/USDT:USDT,0.9095,1798.0,0.909,615.0,0.9105,31.0,0.9106,219.0
1753521036128,09:10:36.128,AERO/USDT:USDT,0.9095,1798.0,0.909,615.0,0.9105,31.0,0.9106,219.0
1753521036599,09:10:36.599,AERO/USDT:USDT,0.9095,1798.0,0.909,615.0,0.9105,31.0,0.9106,219.0
1753521037260,09:10:37.260,AERO/USDT:USDT,0.9095,1798.0,0.909,615.0,0.9105,31.0,0.9106,219.0
1753521038583,09:10:38.583,AERO/USDT:USDT,0.9095,1798.0,0.9091,336.0,0.9105,31.0,0.9106,219.0
1753521040003,09:10:40.003,AERO/USDT:USDT,0.9095,1798.0,0.9091,336.0,0.9105,31.0,0.9106,219.0
1753521041510,09:10:41.510,AERO/USDT:USDT,0.9095,1798.0,0.9091,336.0,0.9105,31.0,0.9106,219.0
1753521042057,09:10:42.057,AERO/USDT:USDT,0.9095,1798.0,0.9091,336.0,0.9105,31.0,0.9106,219.0
1753521043710,09:10:43.710,AERO/USDT:USDT,0.9095,1798.0,0.909,615.0,0.9105,31.0,0.9106,219.0
1753521043819,09:10:43.819,AERO/USDT:USDT,0.9095,1798.0,0.909,615.0,0.9105,31.0,0.9106,219.0
1753521044016,09:10:44.016,AERO/USDT:USDT,0.9095,1798.0,0.909,615.0,0.9102,219.0,0.9105,31.0
1753521044057,09:10:44.057,AERO/USDT:USDT,0.9095,1798.0,0.909,615.0,0.9101,31.0,0.9102,219.0
1753521044156,09:10:44.156,AERO/USDT:USDT,0.9095,1798.0,0.909,615.0,0.9101,31.0,0.9102,219.0
1753521044310,09:10:44.310,AERO/USDT:USDT,0.909,396.0,0.9089,335.0,0.9101,31.0,0.9102,219.0
1753521044395,09:10:44.395,AERO/USDT:USDT,0.9091,1795.0,0.909,396.0,0.9101,31.0,0.9102,219.0
1753521044530,09:10:44.530,AERO/USDT:USDT,0.9091,1795.0,0.909,396.0,0.9101,31.0,0.9102,219.0
1753521044619,09:10:44.619,AERO/USDT:USDT,0.9091,1795.0,0.909,396.0,0.9101,31.0,0.9102,219.0
1753521044718,09:10:44.718,AERO/USDT:USDT,0.9091,1795.0,0.909,396.0,0.9101,31.0,0.9102,219.0
1753521045002,09:10:45.002,AERO/USDT:USDT,0.9091,1795.0,0.909,396.0,0.9101,31.0,0.9102,219.0
1753521045133,09:10:45.133,AERO/USDT:USDT,0.9091,1795.0,0.909,396.0,0.9101,31.0,0.9102,219.0
1753521046858,09:10:46.858,AERO/USDT:USDT,0.9091,1795.0,0.909,396.0,0.9101,31.0,0.9102,219.0
1753521047862,09:10:47.862,AERO/USDT:USDT,0.9091,1795.0,0.909,396.0,0.9101,31.0,0.9102,219.0
1753521048392,09:10:48.392,AERO/USDT:USDT,0.9091,1795.0,0.909,396.0,0.9101,31.0,0.9102,219.0
1753521048781,09:10:48.781,AERO/USDT:USDT,0.9091,1795.0,0.909,396.0,0.9101,31.0,0.9102,219.0
1753521051658,09:10:51.658,AERO/USDT:USDT,0.9091,1795.0,0.909,396.0,0.9101,31.0,0.9102,219.0
1753521054010,09:10:54.010,AERO/USDT:USDT,0.9091,1795.0,0.909,396.0,0.9101,31.0,0.9102,219.0
1753521054522,09:10:54.522,AERO/USDT:USDT,0.9091,1795.0,0.909,396.0,0.9101,31.0,0.9102,219.0
1753521055481,09:10:55.481,AERO/USDT:USDT,0.9091,1795.0,0.909,396.0,0.9101,31.0,0.9102,219.0
1753521056123,09:10:56.123,AERO/USDT:USDT,0.9091,1795.0,0.909,396.0,0.9101,31.0,0.9106,219.0
1753521056162,09:10:56.162,AERO/USDT:USDT,0.9091,1850.0,0.909,396.0,0.9105,31.0,0.9106,219.0
1753521056441,09:10:56.441,AERO/USDT:USDT,0.9091,1850.0,0.909,396.0,0.9105,31.0,0.9106,219.0
1753521056463,09:10:56.463,AERO/USDT:USDT,0.9091,1850.0,0.909,396.0,0.9105,31.0,0.9106,219.0
1753521056555,09:10:56.555,AERO/USDT:USDT,0.9091,1850.0,0.909,396.0,0.9105,31.0,0.9106,219.0
1753521056856,09:10:56.856,AERO/USDT:USDT,0.9091,1850.0,0.909,396.0,0.9105,31.0,0.9106,219.0
1753521058080,09:10:58.080,AERO/USDT:USDT,0.9091,1850.0,0.909,396.0,0.9105,31.0,0.9106,219.0
1753521058296,09:10:58.296,AERO/USDT:USDT,0.9091,1905.0,0.909,396.0,0.9105,31.0,0.9106,219.0
1753521058981,09:10:58.981,AERO/USDT:USDT,0.9091,1905.0,0.909,396.0,0.9105,31.0,0.9106,219.0
1753521059700,09:10:59.700,AERO/USDT:USDT,0.9091,1905.0,0.909,396.0,0.9105,31.0,0.9106,219.0
1753521059812,09:10:59.812,AERO/USDT:USDT,0.9091,2017.0,0.909,396.0,0.9105,31.0,0.9106,219.0
1753521059873,09:10:59.873,AERO/USDT:USDT,0.9091,2017.0,0.909,396.0,0.9105,31.0,0.9106,219.0
1753521061258,09:11:01.258,AERO/USDT:USDT,0.9091,2017.0,0.909,396.0,0.9105,31.0,0.9106,219.0
1753521061718,09:11:01.718,AERO/USDT:USDT,0.9091,2017.0,0.909,396.0,0.9105,31.0,0.9106,219.0
1753521062484,09:11:02.484,AERO/USDT:USDT,0.9091,2017.0,0.909,396.0,0.9105,31.0,0.9106,219.0
1753521062640,09:11:02.640,AERO/USDT:USDT,0.9091,2236.0,0.909,396.0,0.9105,31.0,0.9106,219.0
1753521062942,09:11:02.942,AERO/USDT:USDT,0.9091,2291.0,0.909,396.0,0.9105,31.0,0.9106,219.0
1753521064094,09:11:04.094,AERO/USDT:USDT,0.9091,2346.0,0.909,396.0,0.9105,31.0,0.9106,219.0
1753521064947,09:11:04.947,AERO/USDT:USDT,0.9091,2346.0,0.909,396.0,0.9105,31.0,0.9106,219.0
1753521066058,09:11:06.058,AERO/USDT:USDT,0.9091,2346.0,0.909,396.0,0.9105,31.0,0.9106,219.0
1753521066338,09:11:06.338,AERO/USDT:USDT,0.9091,2346.0,0.909,396.0,0.9105,31.0,0.9106,219.0
1753521066371,09:11:06.371,AERO/USDT:USDT,0.9091,2346.0,0.909,396.0,0.9105,31.0,0.9106,219.0
1753521067533,09:11:07.533,AERO/USDT:USDT,0.9091,2346.0,0.909,396.0,0.9105,31.0,0.9106,219.0
1753521067794,09:11:07.794,AERO/USDT:USDT,0.9091,2346.0,0.909,396.0,0.9105,31.0,0.9106,219.0
1753521069011,09:11:09.011,AERO/USDT:USDT,0.9091,2346.0,0.909,396.0,0.9105,31.0,0.9106,219.0
1753521069300,09:11:09.300,AERO/USDT:USDT,0.9091,2014.0,0.909,396.0,0.9105,31.0,0.9106,219.0
1753521069540,09:11:09.540,AERO/USDT:USDT,0.9091,2124.0,0.909,396.0,0.9105,31.0,0.9106,219.0
1753521069976,09:11:09.976,AERO/USDT:USDT,0.9091,1905.0,0.909,396.0,0.9105,31.0,0.9106,219.0
1753521070114,09:11:10.114,AERO/USDT:USDT,0.9091,2124.0,0.909,396.0,0.9105,31.0,0.9106,219.0
1753521070210,09:11:10.210,AERO/USDT:USDT,0.9091,2179.0,0.909,396.0,0.9105,31.0,0.9106,219.0
1753521070860,09:11:10.860,AERO/USDT:USDT,0.9091,2179.0,0.909,396.0,0.9105,31.0,0.9106,219.0
1753521071156,09:11:11.156,AERO/USDT:USDT,0.9091,2289.0,0.909,396.0,0.9105,31.0,0.9106,219.0
1753521071453,09:11:11.453,AERO/USDT:USDT,0.9091,2289.0,0.909,396.0,0.9105,31.0,0.9106,219.0
1753521071549,09:11:11.549,AERO/USDT:USDT,0.9091,2289.0,0.909,396.0,0.9105,31.0,0.9106,219.0
1753521072092,09:11:12.092,AERO/USDT:USDT,0.9091,2344.0,0.909,396.0,0.9105,31.0,0.9106,219.0
1753521072886,09:11:12.886,AERO/USDT:USDT,0.9091,2740.0,0.9089,335.0,0.9105,31.0,0.9106,219.0
1753521074968,09:11:14.968,AERO/USDT:USDT,0.9091,2521.0,0.9089,335.0,0.9105,31.0,0.9106,219.0
1753521075659,09:11:15.659,AERO/USDT:USDT,0.9091,2521.0,0.9089,335.0,0.9105,31.0,0.9106,219.0
1753521078195,09:11:18.195,AERO/USDT:USDT,0.9091,2521.0,0.9089,335.0,0.9105,31.0,0.9106,219.0
1753521078299,09:11:18.299,AERO/USDT:USDT,0.9091,2521.0,0.9089,335.0,0.9105,31.0,0.9106,219.0
1753521079076,09:11:19.076,AERO/USDT:USDT,0.9091,2521.0,0.9089,335.0,0.9105,31.0,0.9106,219.0
1753521079240,09:11:19.240,AERO/USDT:USDT,0.9091,2521.0,0.9089,335.0,0.9105,31.0,0.9106,219.0
1753521079250,09:11:19.250,AERO/USDT:USDT,0.9091,2521.0,0.9089,335.0,0.9105,31.0,0.9106,219.0
1753521079581,09:11:19.581,AERO/USDT:USDT,0.9092,396.0,0.9091,1795.0,0.9105,31.0,0.9106,219.0
1753521079844,09:11:19.844,AERO/USDT:USDT,0.9092,670.0,0.9091,1795.0,0.9105,31.0,0.9106,219.0
1753521079926,09:11:19.926,AERO/USDT:USDT,0.9092,670.0,0.9091,1795.0,0.9105,31.0,0.9106,219.0
1753521080006,09:11:20.006,AERO/USDT:USDT,0.9092,725.0,0.9091,1795.0,0.9105,31.0,0.9106,219.0
1753521080079,09:11:20.079,AERO/USDT:USDT,0.9092,725.0,0.9091,1795.0,0.9105,31.0,0.9106,219.0
1753521080544,09:11:20.544,AERO/USDT:USDT,0.9092,725.0,0.9091,1795.0,0.9105,31.0,0.9106,219.0
1753521080717,09:11:20.717,AERO/USDT:USDT,0.9092,725.0,0.9091,1795.0,0.9105,31.0,0.9106,219.0
1753521081015,09:11:21.015,AERO/USDT:USDT,0.9092,725.0,0.9091,1795.0,0.9105,31.0,0.9106,219.0
1753521081080,09:11:21.080,AERO/USDT:USDT,0.9092,725.0,0.9091,1795.0,0.9105,31.0,0.9106,219.0
1753521082128,09:11:22.128,AERO/USDT:USDT,0.9092,785.0,0.9091,1795.0,0.9105,31.0,0.9106,219.0
1753521082337,09:11:22.337,AERO/USDT:USDT,0.9092,785.0,0.9091,1795.0,0.9105,31.0,0.9106,219.0
1753521082750,09:11:22.750,AERO/USDT:USDT,0.9092,785.0,0.9091,1795.0,0.9105,31.0,0.9106,219.0
1753521083967,09:11:23.967,AERO/USDT:USDT,0.9092,785.0,0.9091,1795.0,0.9105,31.0,0.9106,219.0
1753521084716,09:11:24.716,AERO/USDT:USDT,0.9092,901.0,0.9091,1795.0,0.9105,31.0,0.9106,219.0
1753521085260,09:11:25.260,AERO/USDT:USDT,0.9092,901.0,0.9091,1795.0,0.9105,31.0,0.9106,219.0
1753521085815,09:11:25.815,AERO/USDT:USDT,0.9092,1026.0,0.9091,1795.0,0.9105,31.0,0.9106,219.0
1753521086051,09:11:26.051,AERO/USDT:USDT,0.9092,785.0,0.9091,1795.0,0.9105,31.0,0.9106,219.0
1753521086216,09:11:26.216,AERO/USDT:USDT,0.9092,826.0,0.9091,1795.0,0.9105,31.0,0.9106,219.0
1753521086389,09:11:26.389,AERO/USDT:USDT,0.9092,826.0,0.9091,1795.0,0.9105,31.0,0.9106,219.0
1753521087065,09:11:27.065,AERO/USDT:USDT,0.9092,826.0,0.9091,1795.0,0.9105,31.0,0.9106,219.0
1753521087319,09:11:27.319,AERO/USDT:USDT,0.9092,936.0,0.9091,1795.0,0.9105,31.0,0.9106,219.0
1753521087852,09:11:27.852,AERO/USDT:USDT,0.9092,936.0,0.9091,1795.0,0.9105,31.0,0.9106,219.0
1753521088829,09:11:28.829,AERO/USDT:USDT,0.9092,936.0,0.9091,1795.0,0.9105,31.0,0.9106,219.0
1753521088849,09:11:28.849,AERO/USDT:USDT,0.9092,936.0,0.9091,1795.0,0.9105,31.0,0.9106,219.0
1753521089011,09:11:29.011,AERO/USDT:USDT,0.9092,936.0,0.9091,1795.0,0.9105,31.0,0.9106,219.0
1753521089091,09:11:29.091,AERO/USDT:USDT,0.9092,936.0,0.9091,1795.0,0.9105,31.0,0.9106,219.0
1753521089207,09:11:29.207,AERO/USDT:USDT,0.9092,936.0,0.9091,1795.0,0.9105,31.0,0.9106,219.0
1753521089799,09:11:29.799,AERO/USDT:USDT,0.9092,991.0,0.9091,1795.0,0.9105,31.0,0.9106,219.0
1753521090059,09:11:30.059,AERO/USDT:USDT,0.9092,991.0,0.9091,1795.0,0.9105,31.0,0.9106,219.0
1753521092028,09:11:32.028,AERO/USDT:USDT,0.9092,991.0,0.9091,1795.0,0.9105,31.0,0.9106,219.0
1753521092676,09:11:32.676,AERO/USDT:USDT,0.9092,991.0,0.9091,1795.0,0.9105,31.0,0.9106,219.0
1753521092844,09:11:32.844,AERO/USDT:USDT,0.9092,991.0,0.9091,1795.0,0.9105,31.0,0.9106,219.0
1753521093086,09:11:33.086,AERO/USDT:USDT,0.9092,991.0,0.9091,1795.0,0.9105,31.0,0.9106,219.0
1753521094860,09:11:34.860,AERO/USDT:USDT,0.9092,991.0,0.9091,1795.0,0.9105,31.0,0.9106,219.0
1753521095473,09:11:35.473,AERO/USDT:USDT,0.9092,711.0,0.9091,1795.0,0.9105,31.0,0.9106,219.0
1753521096100,09:11:36.100,AERO/USDT:USDT,0.9092,821.0,0.9091,1795.0,0.9105,31.0,0.9106,219.0
1753521097668,09:11:37.668,AERO/USDT:USDT,0.9092,821.0,0.9091,1795.0,0.9105,31.0,0.9106,219.0
1753521098537,09:11:38.537,AERO/USDT:USDT,0.9092,876.0,0.9091,1795.0,0.9105,31.0,0.9106,219.0
1753521099004,09:11:39.004,AERO/USDT:USDT,0.9092,876.0,0.9091,1795.0,0.9105,31.0,0.9106,219.0
1753521099661,09:11:39.661,AERO/USDT:USDT,0.9092,876.0,0.9091,1795.0,0.9105,31.0,0.9106,219.0
1753521100735,09:11:40.735,AERO/USDT:USDT,0.9092,931.0,0.9091,1795.0,0.9105,31.0,0.9106,219.0
1753521101224,09:11:41.224,AERO/USDT:USDT,0.9092,931.0,0.9091,1795.0,0.9105,31.0,0.9106,219.0
1753521101713,09:11:41.713,AERO/USDT:USDT,0.9092,316.0,0.9091,1795.0,0.9105,31.0,0.9106,219.0
1753521104110,09:11:44.110,AERO/USDT:USDT,0.9092,316.0,0.9091,1795.0,0.9105,31.0,0.9106,219.0
1753521104523,09:11:44.523,AERO/USDT:USDT,0.9092,316.0,0.9091,1795.0,0.9105,31.0,0.9106,219.0
1753521104869,09:11:44.869,AERO/USDT:USDT,0.9092,316.0,0.9091,1795.0,0.9105,31.0,0.9106,219.0
1753521105032,09:11:45.032,AERO/USDT:USDT,0.9092,41.0,0.9091,1795.0,0.9105,31.0,0.9106,219.0
1753521105236,09:11:45.236,AERO/USDT:USDT,0.9092,41.0,0.9091,1795.0,0.9102,219.0,0.9105,31.0
1753521105253,09:11:45.253,AERO/USDT:USDT,0.9092,41.0,0.9091,1795.0,0.9101,31.0,0.9102,219.0
1753521105439,09:11:45.439,AERO/USDT:USDT,0.9092,41.0,0.9091,1795.0,0.9101,31.0,0.9102,219.0
1753521106003,09:11:46.003,AERO/USDT:USDT,0.9092,41.0,0.9091,1795.0,0.9101,31.0,0.9102,219.0
1753521106534,09:11:46.534,AERO/USDT:USDT,0.9092,206.0,0.9091,1795.0,0.9101,31.0,0.9102,219.0
1753521106588,09:11:46.588,AERO/USDT:USDT,0.9092,41.0,0.9091,1795.0,0.9101,31.0,0.9102,219.0
1753521107215,09:11:47.215,AERO/USDT:USDT,0.9092,41.0,0.9091,1795.0,0.9101,31.0,0.9102,219.0
1753521107616,09:11:47.616,AERO/USDT:USDT,0.9092,151.0,0.9091,1795.0,0.9101,31.0,0.9102,219.0
1753521107668,09:11:47.668,AERO/USDT:USDT,0.9092,41.0,0.9091,1795.0,0.9101,31.0,0.9102,219.0
1753521107749,09:11:47.749,AERO/USDT:USDT,0.9092,41.0,0.9091,1795.0,0.9101,31.0,0.9102,219.0
1753521107874,09:11:47.874,AERO/USDT:USDT,0.9092,41.0,0.9091,1795.0,0.9101,31.0,0.9102,219.0
1753521108142,09:11:48.142,AERO/USDT:USDT,0.9092,41.0,0.9091,1795.0,0.9101,31.0,0.9102,219.0
1753521108602,09:11:48.602,AERO/USDT:USDT,0.9092,41.0,0.9091,1795.0,0.9101,31.0,0.9102,219.0
1753521108700,09:11:48.700,AERO/USDT:USDT,0.9092,41.0,0.9091,1795.0,0.9101,31.0,0.9102,219.0
1753521108775,09:11:48.775,AERO/USDT:USDT,0.9092,41.0,0.9091,1795.0,0.9101,31.0,0.9102,219.0
1753521108850,09:11:48.850,AERO/USDT:USDT,0.9092,41.0,0.9091,1795.0,0.9101,31.0,0.9102,219.0
1753521109089,09:11:49.089,AERO/USDT:USDT,0.9092,41.0,0.9091,1795.0,0.9101,31.0,0.9102,219.0
1753521109178,09:11:49.178,AERO/USDT:USDT,0.9092,41.0,0.9091,1795.0,0.9101,31.0,0.9102,219.0
1753521109260,09:11:49.260,AERO/USDT:USDT,0.9092,41.0,0.9091,1795.0,0.9101,31.0,0.9102,219.0
1753521109787,09:11:49.787,AERO/USDT:USDT,0.9092,96.0,0.9091,1795.0,0.9101,31.0,0.9102,219.0
1753521109909,09:11:49.909,AERO/USDT:USDT,0.9092,96.0,0.9091,1795.0,0.9101,31.0,0.9102,219.0
1753521109967,09:11:49.967,AERO/USDT:USDT,0.9092,96.0,0.9091,1795.0,0.9101,31.0,0.9102,219.0
1753521110698,09:11:50.698,AERO/USDT:USDT,0.9092,41.0,0.9091,1795.0,0.9101,31.0,0.9102,219.0
1753521111458,09:11:51.458,AERO/USDT:USDT,0.9092,96.0,0.9091,1795.0,0.9101,31.0,0.9102,219.0
1753521112137,09:11:52.137,AERO/USDT:USDT,0.9092,41.0,0.9091,1795.0,0.9101,31.0,0.9102,219.0
1753521112414,09:11:52.414,AERO/USDT:USDT,0.9092,41.0,0.9091,1795.0,0.9101,31.0,0.9102,219.0
1753521113735,09:11:53.735,AERO/USDT:USDT,0.9092,41.0,0.9091,1795.0,0.9101,31.0,0.9102,219.0
1753521114088,09:11:54.088,AERO/USDT:USDT,0.9092,151.0,0.9091,1795.0,0.9101,31.0,0.9102,219.0
1753521114164,09:11:54.164,AERO/USDT:USDT,0.9092,151.0,0.9091,1795.0,0.9101,31.0,0.9102,219.0
1753521114304,09:11:54.304,AERO/USDT:USDT,0.9092,151.0,0.9091,1795.0,0.9101,31.0,0.9102,219.0
1753521117697,09:11:57.697,AERO/USDT:USDT,0.9092,41.0,0.9091,1795.0,0.9101,31.0,0.9102,219.0
1753521118538,09:11:58.538,AERO/USDT:USDT,0.9092,41.0,0.9091,1795.0,0.9101,31.0,0.9102,219.0
1753521118840,09:11:58.840,AERO/USDT:USDT,0.9092,41.0,0.9091,1795.0,0.9101,31.0,0.9102,219.0
1753521118861,09:11:58.861,AERO/USDT:USDT,0.9092,41.0,0.9091,1795.0,0.9101,31.0,0.9102,219.0
1753521119035,09:11:59.035,AERO/USDT:USDT,0.9092,41.0,0.9091,1795.0,0.9101,31.0,0.9102,219.0
1753521119050,09:11:59.050,AERO/USDT:USDT,0.9092,41.0,0.9091,1795.0,0.9101,31.0,0.9102,219.0
1753521119436,09:11:59.436,AERO/USDT:USDT,0.9092,41.0,0.9091,1795.0,0.9101,31.0,0.9102,219.0
1753521119800,09:11:59.800,AERO/USDT:USDT,0.9092,41.0,0.9091,1795.0,0.9101,31.0,0.9102,219.0
1753521120103,09:12:00.103,AERO/USDT:USDT,0.9092,41.0,0.9091,1795.0,0.9101,31.0,0.9102,219.0
1753521120379,09:12:00.379,AERO/USDT:USDT,0.9092,41.0,0.9091,1795.0,0.9101,31.0,0.9102,219.0
1753521120876,09:12:00.876,AERO/USDT:USDT,0.9092,41.0,0.9091,1795.0,0.9101,31.0,0.9106,219.0
1753521121046,09:12:01.046,AERO/USDT:USDT,0.9092,41.0,0.9091,1795.0,0.9102,219.0,0.9105,31.0
1753521121067,09:12:01.067,AERO/USDT:USDT,0.9092,41.0,0.9091,1795.0,0.9101,31.0,0.9102,219.0
1753521121199,09:12:01.199,AERO/USDT:USDT,0.9092,41.0,0.9091,1795.0,0.9101,31.0,0.9102,219.0
1753521121612,09:12:01.612,AERO/USDT:USDT,0.9092,41.0,0.9091,1795.0,0.9101,31.0,0.9102,219.0
1753521121932,09:12:01.932,AERO/USDT:USDT,0.9092,41.0,0.9091,1795.0,0.9101,31.0,0.9106,219.0
1753521122040,09:12:02.040,AERO/USDT:USDT,0.9092,41.0,0.9091,1795.0,0.9105,31.0,0.9106,219.0
1753521122050,09:12:02.050,AERO/USDT:USDT,0.9092,41.0,0.9091,1795.0,0.9105,31.0,0.9106,219.0
1753521122159,09:12:02.159,AERO/USDT:USDT,0.9092,41.0,0.9091,1795.0,0.9105,31.0,0.9106,219.0
1753521122526,09:12:02.526,AERO/USDT:USDT,0.9092,41.0,0.9091,1795.0,0.9105,31.0,0.9106,219.0
1753521122564,09:12:02.564,AERO/USDT:USDT,0.9092,41.0,0.9091,1795.0,0.9105,31.0,0.9106,219.0
1753521122873,09:12:02.873,AERO/USDT:USDT,0.9092,41.0,0.9091,1795.0,0.9105,31.0,0.9106,219.0
1753521123050,09:12:03.050,AERO/USDT:USDT,0.9092,41.0,0.9091,1795.0,0.9105,31.0,0.9106,219.0
1753521123660,09:12:03.660,AERO/USDT:USDT,0.9092,41.0,0.9091,1795.0,0.9105,31.0,0.9106,219.0
1753521124003,09:12:04.003,AERO/USDT:USDT,0.9092,41.0,0.9091,1795.0,0.9105,31.0,0.9106,219.0
1753521124115,09:12:04.115,AERO/USDT:USDT,0.9092,41.0,0.9091,1795.0,0.9105,31.0,0.9106,219.0
1753521125510,09:12:05.510,AERO/USDT:USDT,0.9092,41.0,0.9091,1795.0,0.9105,31.0,0.9106,219.0
1753521125703,09:12:05.703,AERO/USDT:USDT,0.9092,41.0,0.9091,1795.0,0.9105,31.0,0.9106,219.0
1753521126039,09:12:06.039,AERO/USDT:USDT,0.9092,41.0,0.9091,1795.0,0.9105,31.0,0.9106,219.0
1753521126439,09:12:06.439,AERO/USDT:USDT,0.9092,41.0,0.9091,1795.0,0.9105,31.0,0.9106,219.0
1753521126471,09:12:06.471,AERO/USDT:USDT,0.9092,41.0,0.9091,1795.0,0.9105,31.0,0.9106,219.0
1753521128461,09:12:08.461,AERO/USDT:USDT,0.9092,41.0,0.9091,1795.0,0.9105,31.0,0.9106,219.0
1753521128721,09:12:08.721,AERO/USDT:USDT,0.9092,41.0,0.9091,1795.0,0.9105,31.0,0.9106,219.0
1753521128755,09:12:08.755,AERO/USDT:USDT,0.9092,41.0,0.9091,1795.0,0.9105,31.0,0.9106,219.0
1753521129938,09:12:09.938,AERO/USDT:USDT,0.9092,41.0,0.9091,1795.0,0.9105,31.0,0.9106,219.0
1753521129962,09:12:09.962,AERO/USDT:USDT,0.9092,41.0,0.9091,1795.0,0.9105,31.0,0.9106,219.0
1753521130134,09:12:10.134,AERO/USDT:USDT,0.9092,41.0,0.9091,1795.0,0.9105,31.0,0.9106,219.0
1753521132436,09:12:12.436,AERO/USDT:USDT,0.9092,41.0,0.9091,1795.0,0.9102,219.0,0.9105,31.0
1753521132540,09:12:12.540,AERO/USDT:USDT,0.9092,41.0,0.9091,1795.0,0.9101,17.0,0.9102,219.0
1753521132635,09:12:12.635,AERO/USDT:USDT,0.9092,41.0,0.9091,1795.0,0.9101,31.0,0.9102,219.0
1753521132795,09:12:12.795,AERO/USDT:USDT,0.9092,41.0,0.9091,1795.0,0.9101,31.0,0.9102,219.0
1753521132853,09:12:12.853,AERO/USDT:USDT,0.9092,41.0,0.9091,1795.0,0.9101,31.0,0.9102,219.0
1753521133175,09:12:13.175,AERO/USDT:USDT,0.9092,41.0,0.9091,1795.0,0.9101,31.0,0.9102,219.0
1753521133260,09:12:13.260,AERO/USDT:USDT,0.9092,41.0,0.9091,1795.0,0.9101,31.0,0.9102,219.0
1753521137212,09:12:17.212,AERO/USDT:USDT,0.9092,41.0,0.9091,1795.0,0.9101,31.0,0.9102,219.0
1753521137482,09:12:17.482,AERO/USDT:USDT,0.9092,41.0,0.9091,1795.0,0.9101,31.0,0.9102,219.0
1753521138003,09:12:18.003,AERO/USDT:USDT,0.9092,41.0,0.9091,1795.0,0.9101,31.0,0.9102,219.0
1753521138068,09:12:18.068,AERO/USDT:USDT,0.9092,41.0,0.9091,1795.0,0.9101,31.0,0.9102,219.0
1753521139531,09:12:19.531,AERO/USDT:USDT,0.9092,41.0,0.9091,1795.0,0.9101,31.0,0.9102,219.0
1753521139816,09:12:19.816,AERO/USDT:USDT,0.9092,41.0,0.9091,1795.0,0.9101,31.0,0.9102,219.0
1753521139920,09:12:19.920,AERO/USDT:USDT,0.9092,41.0,0.9091,1795.0,0.9101,31.0,0.9102,219.0
1753521139981,09:12:19.981,AERO/USDT:USDT,0.9092,41.0,0.9091,1795.0,0.9101,31.0,0.9102,219.0
1753521140058,09:12:20.058,AERO/USDT:USDT,0.9092,41.0,0.9091,1795.0,0.9101,31.0,0.9102,219.0
1753521140334,09:12:20.334,AERO/USDT:USDT,0.9092,41.0,0.9091,1795.0,0.9101,31.0,0.9102,219.0
1753521141538,09:12:21.538,AERO/USDT:USDT,0.9092,41.0,0.9091,1795.0,0.9101,31.0,0.9102,219.0
1753521141569,09:12:21.569,AERO/USDT:USDT,0.9092,41.0,0.9091,1795.0,0.9101,31.0,0.9102,219.0
1753521142868,09:12:22.868,AERO/USDT:USDT,0.9092,41.0,0.9091,1795.0,0.9101,31.0,0.9102,219.0
1753521143711,09:12:23.711,AERO/USDT:USDT,0.9092,41.0,0.9091,1795.0,0.9101,31.0,0.9102,219.0
1753521143828,09:12:23.828,AERO/USDT:USDT,0.9092,41.0,0.9091,1795.0,0.9101,31.0,0.9102,219.0
1753521143865,09:12:23.865,AERO/USDT:USDT,0.9092,41.0,0.9091,1795.0,0.9101,31.0,0.9102,219.0
1753521144134,09:12:24.134,AERO/USDT:USDT,0.9092,41.0,0.9091,1795.0,0.9101,31.0,0.9102,219.0
1753521145910,09:12:25.910,AERO/USDT:USDT,0.9092,41.0,0.9091,1795.0,0.9101,31.0,0.9102,219.0
1753521146045,09:12:26.045,AERO/USDT:USDT,0.9092,41.0,0.9091,1795.0,0.9101,31.0,0.9102,219.0
1753521147661,09:12:27.661,AERO/USDT:USDT,0.9092,41.0,0.9091,1795.0,0.9101,31.0,0.9102,219.0
1753521150005,09:12:30.005,AERO/USDT:USDT,0.9092,41.0,0.9091,1795.0,0.9101,31.0,0.9102,219.0
1753521152461,09:12:32.461,AERO/USDT:USDT,0.9092,41.0,0.9091,1795.0,0.9101,31.0,0.9102,219.0
1753521157261,09:12:37.261,AERO/USDT:USDT,0.9092,41.0,0.9091,1795.0,0.9101,31.0,0.9102,219.0
1753521159216,09:12:39.216,AERO/USDT:USDT,0.9092,41.0,0.9091,1795.0,0.9101,31.0,0.9102,219.0
1753521159890,09:12:39.890,AERO/USDT:USDT,0.9092,41.0,0.9091,1795.0,0.9101,31.0,0.9106,219.0
1753521159979,09:12:39.979,AERO/USDT:USDT,0.9092,41.0,0.9091,1795.0,0.9105,31.0,0.9106,219.0
1753521160139,09:12:40.139,AERO/USDT:USDT,0.9092,41.0,0.9091,1795.0,0.9105,31.0,0.9106,219.0
1753521160188,09:12:40.188,AERO/USDT:USDT,0.9092,41.0,0.9091,1795.0,0.9105,31.0,0.9106,219.0
1753521160267,09:12:40.267,AERO/USDT:USDT,0.9092,41.0,0.9091,1795.0,0.9105,31.0,0.9106,219.0
1753521160515,09:12:40.515,AERO/USDT:USDT,0.9092,41.0,0.9091,1795.0,0.9105,31.0,0.9106,219.0
1753521161003,09:12:41.003,AERO/USDT:USDT,0.9092,41.0,0.9091,1795.0,0.9105,31.0,0.9106,219.0
1753521161130,09:12:41.130,AERO/USDT:USDT,0.9092,41.0,0.9091,1795.0,0.9105,31.0,0.9106,219.0
1753521161188,09:12:41.188,AERO/USDT:USDT,0.9092,41.0,0.9091,1795.0,0.9105,31.0,0.9106,219.0
1753521161249,09:12:41.249,AERO/USDT:USDT,0.9092,41.0,0.9091,1795.0,0.9105,31.0,0.9106,219.0
1753521161576,09:12:41.576,AERO/USDT:USDT,0.9092,41.0,0.9091,1795.0,0.9105,31.0,0.9106,219.0
1753521162064,09:12:42.064,AERO/USDT:USDT,0.9092,41.0,0.9091,1795.0,0.9105,31.0,0.9106,219.0
1753521165039,09:12:45.039,AERO/USDT:USDT,0.9092,41.0,0.9091,1795.0,0.9105,31.0,0.9106,219.0
1753521165139,09:12:45.139,AERO/USDT:USDT,0.9092,41.0,0.9091,1795.0,0.9105,31.0,0.9106,219.0
1753521165166,09:12:45.166,AERO/USDT:USDT,0.9092,41.0,0.9091,1795.0,0.9105,31.0,0.9106,219.0
1753521166868,09:12:46.868,AERO/USDT:USDT,0.9092,41.0,0.9091,1795.0,0.9105,31.0,0.9106,219.0
1753521167012,09:12:47.012,AERO/USDT:USDT,0.9092,41.0,0.9091,1795.0,0.9105,31.0,0.9106,219.0
1753521171006,09:12:51.006,AERO/USDT:USDT,0.9092,41.0,0.9091,1795.0,0.9105,31.0,0.9106,219.0
1753521171585,09:12:51.585,AERO/USDT:USDT,0.9092,41.0,0.9091,1795.0,0.9105,31.0,0.9106,219.0
1753521171668,09:12:51.668,AERO/USDT:USDT,0.9092,41.0,0.9091,1795.0,0.9105,31.0,0.9106,219.0
1753521172098,09:12:52.098,AERO/USDT:USDT,0.9092,41.0,0.9091,1795.0,0.9105,31.0,0.9106,219.0
1753521172161,09:12:52.161,AERO/USDT:USDT,0.9092,41.0,0.9091,1795.0,0.9105,31.0,0.9106,219.0
1753521172935,09:12:52.935,AERO/USDT:USDT,0.9092,517.0,0.9091,1795.0,0.9105,31.0,0.9106,219.0
1753521173009,09:12:53.009,AERO/USDT:USDT,0.9092,686.0,0.9091,1795.0,0.9105,31.0,0.9106,219.0
1753521173141,09:12:53.141,AERO/USDT:USDT,0.9092,686.0,0.9091,1795.0,0.9105,31.0,0.9106,219.0
1753521173339,09:12:53.339,AERO/USDT:USDT,0.9092,686.0,0.9091,1795.0,0.9105,31.0,0.9106,219.0
1753521173387,09:12:53.387,AERO/USDT:USDT,0.9092,686.0,0.9091,1795.0,0.9105,31.0,0.9106,219.0
1753521174240,09:12:54.240,AERO/USDT:USDT,0.9092,686.0,0.9091,1795.0,0.9105,31.0,0.9106,219.0
1753521174416,09:12:54.416,AERO/USDT:USDT,0.9092,572.0,0.9091,1795.0,0.9105,31.0,0.9106,219.0
1753521175760,09:12:55.760,AERO/USDT:USDT,0.9092,627.0,0.9091,1795.0,0.9105,31.0,0.9106,219.0
1753521176464,09:12:56.464,AERO/USDT:USDT,0.9092,627.0,0.9091,1795.0,0.9105,31.0,0.9106,219.0
1753521176682,09:12:56.682,AERO/USDT:USDT,0.9092,682.0,0.9091,1795.0,0.9105,31.0,0.9106,219.0
1753521177528,09:12:57.528,AERO/USDT:USDT,0.9092,737.0,0.9091,1795.0,0.9105,31.0,0.9106,219.0
1753521177576,09:12:57.576,AERO/USDT:USDT,0.9092,737.0,0.9091,1795.0,0.9105,31.0,0.9106,219.0
1753521180916,09:13:00.916,AERO/USDT:USDT,0.9092,737.0,0.9091,1795.0,0.9105,31.0,0.9106,219.0
1753521181225,09:13:01.225,AERO/USDT:USDT,0.9092,737.0,0.9091,1795.0,0.9105,31.0,0.9106,219.0
1753521181262,09:13:01.262,AERO/USDT:USDT,0.9092,737.0,0.9091,1795.0,0.9105,31.0,0.9106,219.0
1753521182379,09:13:02.379,AERO/USDT:USDT,0.9093,475.0,0.9092,437.0,0.9105,31.0,0.9106,219.0
1753521182453,09:13:02.453,AERO/USDT:USDT,0.9093,555.0,0.9092,437.0,0.9105,31.0,0.9106,219.0
1753521182639,09:13:02.639,AERO/USDT:USDT,0.9093,683.0,0.9092,437.0,0.9105,31.0,0.9106,219.0
1753521184041,09:13:04.041,AERO/USDT:USDT,0.9093,299.0,0.9092,437.0,0.9105,31.0,0.9106,219.0
1753521184105,09:13:04.105,AERO/USDT:USDT,0.9093,464.0,0.9092,437.0,0.9105,31.0,0.9106,219.0
1753521184176,09:13:04.176,AERO/USDT:USDT,0.9093,464.0,0.9092,437.0,0.9105,31.0,0.9106,219.0
1753521184596,09:13:04.596,AERO/USDT:USDT,0.9093,464.0,0.9092,437.0,0.9105,31.0,0.9106,219.0
1753521185034,09:13:05.034,AERO/USDT:USDT,0.9093,464.0,0.9092,437.0,0.9105,31.0,0.9106,219.0
1753521185096,09:13:05.096,AERO/USDT:USDT,0.9093,464.0,0.9092,437.0,0.9105,31.0,0.9106,219.0
1753521185199,09:13:05.199,AERO/USDT:USDT,0.9093,519.0,0.9092,437.0,0.9105,31.0,0.9106,219.0
1753521185333,09:13:05.333,AERO/USDT:USDT,0.9094,286.0,0.9093,970.0,0.9105,31.0,0.9106,219.0
1753521185443,09:13:05.443,AERO/USDT:USDT,0.9094,286.0,0.9093,970.0,0.9105,31.0,0.911,219.0
1753521185541,09:13:05.541,AERO/USDT:USDT,0.9094,286.0,0.9093,970.0,0.9105,31.0,0.9109,14.0
1753521185644,09:13:05.644,AERO/USDT:USDT,0.9095,396.0,0.9094,286.0,0.9104,14.0,0.9109,17.0
1753521185742,09:13:05.742,AERO/USDT:USDT,0.9095,396.0,0.9094,286.0,0.9104,14.0,0.9109,17.0
1753521185796,09:13:05.796,AERO/USDT:USDT,0.9095,451.0,0.9094,286.0,0.9103,31.0,0.911,219.0
1753521185870,09:13:05.870,AERO/USDT:USDT,0.9095,451.0,0.9094,286.0,0.9109,31.0,0.911,219.0
1753521186026,09:13:06.026,AERO/USDT:USDT,0.9095,396.0,0.9094,286.0,0.9109,31.0,0.911,219.0
1753521186062,09:13:06.062,AERO/USDT:USDT,0.9095,396.0,0.9094,286.0,0.9109,31.0,0.911,219.0
1753521186306,09:13:06.306,AERO/USDT:USDT,0.9095,396.0,0.9094,286.0,0.9109,31.0,0.911,219.0
1753521186544,09:13:06.544,AERO/USDT:USDT,0.9095,396.0,0.9094,286.0,0.9109,31.0,0.911,219.0
1753521186725,09:13:06.725,AERO/USDT:USDT,0.9095,396.0,0.9094,286.0,0.9109,31.0,0.911,219.0
1753521187724,09:13:07.724,AERO/USDT:USDT,0.9095,451.0,0.9094,286.0,0.9109,31.0,0.911,219.0
1753521187815,09:13:07.815,AERO/USDT:USDT,0.9095,396.0,0.9094,286.0,0.9109,31.0,0.911,219.0
1753521188650,09:13:08.650,AERO/USDT:USDT,0.9095,396.0,0.9094,286.0,0.9109,31.0,0.911,219.0
1753521188855,09:13:08.855,AERO/USDT:USDT,0.9095,396.0,0.9094,286.0,0.9109,31.0,0.911,219.0
1753521189721,09:13:09.721,AERO/USDT:USDT,0.9095,396.0,0.9094,286.0,0.9109,31.0,0.911,219.0
1753521190009,09:13:10.009,AERO/USDT:USDT,0.9095,451.0,0.9094,286.0,0.9109,31.0,0.911,219.0
1753521190090,09:13:10.090,AERO/USDT:USDT,0.9095,396.0,0.9094,286.0,0.9109,31.0,0.911,219.0
1753521190210,09:13:10.210,AERO/USDT:USDT,0.9093,219.0,0.9092,1082.0,0.9109,31.0,0.911,219.0
1753521190267,09:13:10.267,AERO/USDT:USDT,0.9093,670.0,0.9092,41.0,0.9109,31.0,0.911,219.0
1753521190348,09:13:10.348,AERO/USDT:USDT,0.9093,670.0,0.9092,41.0,0.9109,31.0,0.911,219.0
1753521190862,09:13:10.862,AERO/USDT:USDT,0.9093,670.0,0.9092,41.0,0.9109,31.0,0.911,219.0
1753521191443,09:13:11.443,AERO/USDT:USDT,0.9093,670.0,0.9092,41.0,0.9109,31.0,0.911,219.0
1753521192426,09:13:12.426,AERO/USDT:USDT,0.9093,725.0,0.9092,41.0,0.9109,31.0,0.911,219.0
1753521194131,09:13:14.131,AERO/USDT:USDT,0.9093,725.0,0.9092,41.0,0.9109,31.0,0.911,219.0
1753521194162,09:13:14.162,AERO/USDT:USDT,0.9093,725.0,0.9092,41.0,0.9109,31.0,0.911,219.0
1753521194268,09:13:14.268,AERO/USDT:USDT,0.9093,725.0,0.9092,41.0,0.9109,31.0,0.911,219.0
1753521194626,09:13:14.626,AERO/USDT:USDT,0.9093,725.0,0.9092,41.0,0.9109,31.0,0.911,219.0
1753521195663,09:13:15.663,AERO/USDT:USDT,0.9093,725.0,0.9092,41.0,0.9109,31.0,0.911,219.0
1753521196005,09:13:16.005,AERO/USDT:USDT,0.9093,725.0,0.9092,41.0,0.9109,31.0,0.911,219.0
1753521196596,09:13:16.596,AERO/USDT:USDT,0.9093,725.0,0.9092,41.0,0.9109,31.0,0.911,219.0
1753521197005,09:13:17.005,AERO/USDT:USDT,0.9093,725.0,0.9092,41.0,0.9109,31.0,0.911,219.0
1753521197607,09:13:17.607,AERO/USDT:USDT,0.9093,725.0,0.9092,41.0,0.9109,31.0,0.911,219.0
1753521198006,09:13:18.006,AERO/USDT:USDT,0.9093,725.0,0.9092,41.0,0.9109,31.0,0.911,219.0
1753521198125,09:13:18.125,AERO/USDT:USDT,0.9093,780.0,0.9092,41.0,0.9108,286.0,0.9109,31.0
1753521198162,09:13:18.162,AERO/USDT:USDT,0.9093,780.0,0.9092,41.0,0.9107,31.0,0.9108,286.0
1753521198444,09:13:18.444,AERO/USDT:USDT,0.9093,780.0,0.9092,41.0,0.9107,31.0,0.9108,286.0
1753521198448,09:13:18.448,AERO/USDT:USDT,0.9093,615.0,0.9092,41.0,0.9107,31.0,0.9108,286.0
1753521198639,09:13:18.639,AERO/USDT:USDT,0.9093,615.0,0.9092,41.0,0.9107,31.0,0.9108,286.0
1753521199745,09:13:19.745,AERO/USDT:USDT,0.9093,725.0,0.9092,41.0,0.9107,31.0,0.9108,286.0
1753521199749,09:13:19.749,AERO/USDT:USDT,0.9093,780.0,0.9092,41.0,0.9107,31.0,0.9108,286.0
1753521200038,09:13:20.038,AERO/USDT:USDT,0.9093,780.0,0.9092,41.0,0.9107,31.0,0.9108,286.0
1753521200160,09:13:20.160,AERO/USDT:USDT,0.9093,780.0,0.9092,41.0,0.9107,31.0,0.9108,286.0
1753521200468,09:13:20.468,AERO/USDT:USDT,0.9093,780.0,0.9092,41.0,0.9107,31.0,0.9108,286.0
1753521200907,09:13:20.907,AERO/USDT:USDT,0.9093,615.0,0.9092,41.0,0.9107,31.0,0.9108,286.0
1753521201179,09:13:21.179,AERO/USDT:USDT,0.9093,615.0,0.9092,41.0,0.9107,31.0,0.9108,286.0
1753521202401,09:13:22.401,AERO/USDT:USDT,0.9093,615.0,0.9092,41.0,0.9107,31.0,0.9108,286.0
1753521203299,09:13:23.299,AERO/USDT:USDT,0.9093,615.0,0.9092,41.0,0.9107,31.0,0.9108,286.0
1753521203575,09:13:23.575,AERO/USDT:USDT,0.9093,615.0,0.9092,41.0,0.9107,31.0,0.9108,286.0
1753521205044,09:13:25.044,AERO/USDT:USDT,0.9093,670.0,0.9092,41.0,0.9107,31.0,0.9108,286.0
1753521205090,09:13:25.090,AERO/USDT:USDT,0.9093,615.0,0.9092,41.0,0.9107,31.0,0.9108,286.0
1753521205268,09:13:25.268,AERO/USDT:USDT,0.9093,615.0,0.9092,41.0,0.9107,31.0,0.9108,286.0
1753521205411,09:13:25.411,AERO/USDT:USDT,0.9093,835.0,0.9092,41.0,0.9107,31.0,0.9108,286.0
1753521205709,09:13:25.709,AERO/USDT:USDT,0.9093,835.0,0.9092,41.0,0.9107,31.0,0.9108,286.0
1753521206003,09:13:26.003,AERO/USDT:USDT,0.9093,835.0,0.9092,41.0,0.9107,31.0,0.9108,286.0
1753521206235,09:13:26.235,AERO/USDT:USDT,0.9093,780.0,0.9092,41.0,0.9107,31.0,0.9108,286.0
1753521207144,09:13:27.144,AERO/USDT:USDT,0.9093,835.0,0.9092,41.0,0.9107,31.0,0.9108,286.0
1753521210063,09:13:30.063,AERO/USDT:USDT,0.9093,835.0,0.9092,41.0,0.9107,31.0,0.9108,286.0
1753521210439,09:13:30.439,AERO/USDT:USDT,0.9093,615.0,0.9092,41.0,0.9107,31.0,0.9108,286.0
1753521211005,09:13:31.005,AERO/USDT:USDT,0.9093,615.0,0.9092,41.0,0.9107,31.0,0.9108,286.0
1753521211544,09:13:31.544,AERO/USDT:USDT,0.9093,615.0,0.9092,41.0,0.9107,31.0,0.9108,286.0
1753521211563,09:13:31.563,AERO/USDT:USDT,0.9093,615.0,0.9092,41.0,0.9107,31.0,0.9108,286.0
1753521211725,09:13:31.725,AERO/USDT:USDT,0.9093,615.0,0.9092,41.0,0.9107,31.0,0.9108,286.0
1753521214786,09:13:34.786,AERO/USDT:USDT,0.9093,219.0,0.9092,41.0,0.9107,31.0,0.9108,286.0
1753521214862,09:13:34.862,AERO/USDT:USDT,0.9093,219.0,0.9092,41.0,0.9107,31.0,0.9108,286.0
1753521215003,09:13:35.003,AERO/USDT:USDT,0.9093,219.0,0.9092,41.0,0.9107,31.0,0.9108,286.0
