timestamp,time,symbol,bid1_price,bid1_volume,bid2_price,bid2_volume,ask1_price,ask1_volume,ask2_price,ask2_volume
1753520628000,09:03:48.000,AIXBT/USDT:USDT,0.14909,122.0,0.14908,55.0,0.14921,35.0,0.14922,171.0
1753520630072,09:03:50.072,AIXBT/USDT:USDT,0.14909,122.0,0.14908,55.0,0.14921,1.0,0.14922,171.0
1753520631134,09:03:51.134,AIXBT/USDT:USDT,0.14909,122.0,0.14908,55.0,0.14921,35.0,0.14922,171.0
1753520632935,09:03:52.935,AIXBT/USDT:USDT,0.14909,122.0,0.14908,55.0,0.14921,35.0,0.14922,171.0
1753520637731,09:03:57.731,AIXBT/USDT:USDT,0.14909,122.0,0.14908,55.0,0.14921,35.0,0.14922,171.0
1753520639415,09:03:59.415,AIXBT/USDT:USDT,0.14909,122.0,0.14908,55.0,0.14921,35.0,0.14922,171.0
1753520639903,09:03:59.903,AIXBT/USDT:USDT,0.14909,122.0,0.14908,55.0,0.14921,35.0,0.14922,171.0
1753520640473,09:04:00.473,AIXBT/USDT:USDT,0.14909,531.0,0.14908,55.0,0.14921,1.0,0.14922,171.0
1753520640574,09:04:00.574,AIXBT/USDT:USDT,0.14909,323.0,0.14908,55.0,0.14921,1.0,0.14924,101.0
1753520640669,09:04:00.669,AIXBT/USDT:USDT,0.14909,323.0,0.14908,55.0,0.14923,1.0,0.14924,101.0
1753520640953,09:04:00.953,AIXBT/USDT:USDT,0.14909,122.0,0.14908,55.0,0.14923,1.0,0.14924,101.0
1753520641073,09:04:01.073,AIXBT/USDT:USDT,0.14909,122.0,0.14908,55.0,0.14923,1.0,0.14924,101.0
1753520641263,09:04:01.263,AIXBT/USDT:USDT,0.1491,157.0,0.14909,524.0,0.14922,209.0,0.14923,1.0
1753520641373,09:04:01.373,AIXBT/USDT:USDT,0.14909,122.0,0.14908,55.0,0.14921,1.0,0.14922,209.0
1753520641493,09:04:01.493,AIXBT/USDT:USDT,0.14909,122.0,0.14908,55.0,0.14921,1.0,0.14922,209.0
1753520641677,09:04:01.677,AIXBT/USDT:USDT,0.14909,531.0,0.14908,55.0,0.14921,1.0,0.14922,177.0
1753520641729,09:04:01.729,AIXBT/USDT:USDT,0.14909,323.0,0.14908,55.0,0.14921,1.0,0.14924,101.0
1753520641848,09:04:01.848,AIXBT/USDT:USDT,0.14909,122.0,0.14908,55.0,0.14923,346.0,0.14924,101.0
1753520641922,09:04:01.922,AIXBT/USDT:USDT,0.14909,122.0,0.14908,55.0,0.14922,209.0,0.14923,346.0
1753520641998,09:04:01.998,AIXBT/USDT:USDT,0.14909,122.0,0.14908,55.0,0.14921,1.0,0.14922,209.0
1753520642278,09:04:02.278,AIXBT/USDT:USDT,0.14909,122.0,0.14908,55.0,0.14921,1.0,0.14922,209.0
1753520642379,09:04:02.379,AIXBT/USDT:USDT,0.14909,122.0,0.14908,55.0,0.14921,1.0,0.14922,209.0
1753520642529,09:04:02.529,AIXBT/USDT:USDT,0.14909,122.0,0.14908,55.0,0.14921,1.0,0.14922,209.0
1753520642641,09:04:02.641,AIXBT/USDT:USDT,0.14909,122.0,0.14908,55.0,0.14921,1.0,0.14922,209.0
1753520642770,09:04:02.770,AIXBT/USDT:USDT,0.14909,122.0,0.14908,55.0,0.14921,1.0,0.14922,209.0
1753520643169,09:04:03.169,AIXBT/USDT:USDT,0.14909,122.0,0.14908,55.0,0.14921,1.0,0.14922,209.0
1753520643239,09:04:03.239,AIXBT/USDT:USDT,0.14909,132.0,0.14908,55.0,0.14921,1.0,0.14922,209.0
1753520643573,09:04:03.573,AIXBT/USDT:USDT,0.14909,132.0,0.14908,55.0,0.14921,1.0,0.14922,177.0
1753520644066,09:04:04.066,AIXBT/USDT:USDT,0.14909,132.0,0.14908,55.0,0.14921,1.0,0.14922,177.0
1753520644113,09:04:04.113,AIXBT/USDT:USDT,0.14909,132.0,0.14908,55.0,0.14921,1.0,0.14922,177.0
1753520644288,09:04:04.288,AIXBT/USDT:USDT,0.14906,201.0,0.14903,68.0,0.1492,211.0,0.14921,212.0
1753520644390,09:04:04.390,AIXBT/USDT:USDT,0.14906,201.0,0.14903,68.0,0.14918,246.0,0.1492,211.0
1753520644486,09:04:04.486,AIXBT/USDT:USDT,0.14903,633.0,0.14902,1883.0,0.14918,246.0,0.1492,211.0
1753520644533,09:04:04.533,AIXBT/USDT:USDT,0.14903,633.0,0.14902,1883.0,0.14918,246.0,0.1492,211.0
1753520644820,09:04:04.820,AIXBT/USDT:USDT,0.14903,633.0,0.14902,1883.0,0.14918,246.0,0.1492,211.0
1753520645088,09:04:05.088,AIXBT/USDT:USDT,0.14903,640.0,0.14902,1883.0,0.14918,246.0,0.14919,1.0
1753520645168,09:04:05.168,AIXBT/USDT:USDT,0.14903,633.0,0.14902,1883.0,0.14917,1.0,0.14918,246.0
1753520645262,09:04:05.262,AIXBT/USDT:USDT,0.14903,633.0,0.14902,1883.0,0.14917,180.0,0.14918,67.0
1753520645454,09:04:05.454,AIXBT/USDT:USDT,0.14903,661.0,0.14902,1883.0,0.14917,180.0,0.14918,67.0
1753520645569,09:04:05.569,AIXBT/USDT:USDT,0.14904,231.0,0.14903,1035.0,0.14917,180.0,0.14918,67.0
1753520646067,09:04:06.067,AIXBT/USDT:USDT,0.14904,231.0,0.14903,1035.0,0.14917,180.0,0.14918,67.0
1753520646485,09:04:06.485,AIXBT/USDT:USDT,0.14904,231.0,0.14903,1035.0,0.14917,180.0,0.14918,67.0
1753520646640,09:04:06.640,AIXBT/USDT:USDT,0.14904,231.0,0.14903,1035.0,0.14917,180.0,0.14918,67.0
1753520646767,09:04:06.767,AIXBT/USDT:USDT,0.14904,231.0,0.14903,1035.0,0.14917,1.0,0.1492,211.0
1753520646874,09:04:06.874,AIXBT/USDT:USDT,0.14904,82.0,0.14903,633.0,0.14919,1.0,0.1492,211.0
1753520646906,09:04:06.906,AIXBT/USDT:USDT,0.14904,82.0,0.14903,633.0,0.14919,1.0,0.1492,211.0
1753520647074,09:04:07.074,AIXBT/USDT:USDT,0.14904,55.0,0.14903,633.0,0.14919,1.0,0.1492,211.0
1753520647112,09:04:07.112,AIXBT/USDT:USDT,0.14904,99.0,0.14903,633.0,0.14919,1.0,0.1492,211.0
1753520647330,09:04:07.330,AIXBT/USDT:USDT,0.14904,99.0,0.14903,633.0,0.14919,1.0,0.1492,211.0
1753520647474,09:04:07.474,AIXBT/USDT:USDT,0.14905,150.0,0.14904,501.0,0.14919,1.0,0.1492,211.0
1753520647575,09:04:07.575,AIXBT/USDT:USDT,0.14905,44.0,0.14904,55.0,0.14919,1.0,0.1492,211.0
1753520647981,09:04:07.981,AIXBT/USDT:USDT,0.14905,44.0,0.14904,55.0,0.14919,1.0,0.1492,211.0
1753520648156,09:04:08.156,AIXBT/USDT:USDT,0.14905,44.0,0.14904,55.0,0.14919,1.0,0.1492,211.0
1753520648363,09:04:08.363,AIXBT/USDT:USDT,0.14905,44.0,0.14904,55.0,0.14919,1.0,0.1492,211.0
1753520648625,09:04:08.625,AIXBT/USDT:USDT,0.14905,44.0,0.14904,55.0,0.14919,1.0,0.1492,211.0
1753520649264,09:04:09.264,AIXBT/USDT:USDT,0.14905,446.0,0.14904,55.0,0.14919,1.0,0.1492,211.0
1753520649354,09:04:09.354,AIXBT/USDT:USDT,0.14905,446.0,0.14904,55.0,0.14919,1.0,0.1492,211.0
1753520649394,09:04:09.394,AIXBT/USDT:USDT,0.14905,446.0,0.14904,55.0,0.14919,1.0,0.1492,211.0
1753520650026,09:04:10.026,AIXBT/USDT:USDT,0.14905,44.0,0.14904,55.0,0.14919,187.0,0.1492,32.0
1753520650782,09:04:10.782,AIXBT/USDT:USDT,0.14905,446.0,0.14904,55.0,0.14919,187.0,0.1492,32.0
1753520650795,09:04:10.795,AIXBT/USDT:USDT,0.14905,446.0,0.14904,55.0,0.14919,187.0,0.1492,32.0
1753520651799,09:04:11.799,AIXBT/USDT:USDT,0.14905,446.0,0.14904,55.0,0.14919,187.0,0.1492,32.0
1753520652114,09:04:12.114,AIXBT/USDT:USDT,0.14905,446.0,0.14904,55.0,0.14919,187.0,0.1492,32.0
1753520654487,09:04:14.487,AIXBT/USDT:USDT,0.14905,446.0,0.14904,55.0,0.14918,176.0,0.14919,187.0
1753520654559,09:04:14.559,AIXBT/USDT:USDT,0.14905,55.0,0.14904,55.0,0.14917,1.0,0.14918,176.0
1753520654655,09:04:14.655,AIXBT/USDT:USDT,0.14905,55.0,0.14904,55.0,0.14917,12.0,0.14918,176.0
1753520654762,09:04:14.762,AIXBT/USDT:USDT,0.14905,55.0,0.14904,55.0,0.14917,287.0,0.1492,32.0
1753520654883,09:04:14.883,AIXBT/USDT:USDT,0.14905,55.0,0.14904,55.0,0.14917,287.0,0.1492,32.0
1753520654975,09:04:14.975,AIXBT/USDT:USDT,0.14905,55.0,0.14904,55.0,0.14917,287.0,0.1492,32.0
1753520655017,09:04:15.017,AIXBT/USDT:USDT,0.14905,55.0,0.14904,55.0,0.14917,287.0,0.1492,32.0
1753520655115,09:04:15.115,AIXBT/USDT:USDT,0.14905,55.0,0.14904,55.0,0.14917,287.0,0.1492,32.0
1753520655469,09:04:15.469,AIXBT/USDT:USDT,0.14905,55.0,0.14904,55.0,0.14917,287.0,0.1492,32.0
1753520656299,09:04:16.299,AIXBT/USDT:USDT,0.14905,55.0,0.14904,55.0,0.14917,287.0,0.1492,32.0
1753520656640,09:04:16.640,AIXBT/USDT:USDT,0.14905,55.0,0.14904,55.0,0.14917,287.0,0.1492,32.0
1753520656909,09:04:16.909,AIXBT/USDT:USDT,0.14905,55.0,0.14904,55.0,0.14917,287.0,0.1492,32.0
1753520657158,09:04:17.158,AIXBT/USDT:USDT,0.14905,55.0,0.14904,55.0,0.14917,287.0,0.1492,32.0
1753520657479,09:04:17.479,AIXBT/USDT:USDT,0.14903,633.0,0.14902,1883.0,0.14916,208.0,0.14917,111.0
1753520657499,09:04:17.499,AIXBT/USDT:USDT,0.14903,633.0,0.14902,1883.0,0.14915,1.0,0.14916,208.0
1753520657614,09:04:17.614,AIXBT/USDT:USDT,0.14903,633.0,0.14902,1883.0,0.14915,1.0,0.14916,208.0
1753520657701,09:04:17.701,AIXBT/USDT:USDT,0.14903,633.0,0.14902,1883.0,0.14915,1.0,0.14916,208.0
1753520657839,09:04:17.839,AIXBT/USDT:USDT,0.14903,633.0,0.14902,1883.0,0.14915,11.0,0.14916,208.0
1753520657929,09:04:17.929,AIXBT/USDT:USDT,0.14903,633.0,0.14902,1883.0,0.14915,11.0,0.14916,208.0
1753520658087,09:04:18.087,AIXBT/USDT:USDT,0.14903,68.0,0.14902,1883.0,0.14915,11.0,0.14916,208.0
1753520658187,09:04:18.187,AIXBT/USDT:USDT,0.14903,68.0,0.14902,1883.0,0.14915,11.0,0.14916,208.0
1753520658255,09:04:18.255,AIXBT/USDT:USDT,0.14903,633.0,0.14902,1883.0,0.14915,11.0,0.14916,208.0
1753520658352,09:04:18.352,AIXBT/USDT:USDT,0.14903,633.0,0.14902,1883.0,0.14915,11.0,0.14916,208.0
1753520658779,09:04:18.779,AIXBT/USDT:USDT,0.14903,633.0,0.14902,1883.0,0.14915,11.0,0.14916,208.0
1753520659084,09:04:19.084,AIXBT/USDT:USDT,0.14903,688.0,0.14902,1883.0,0.14915,11.0,0.14916,208.0
1753520659100,09:04:19.100,AIXBT/USDT:USDT,0.14903,688.0,0.14902,1883.0,0.14915,11.0,0.14916,208.0
1753520659200,09:04:19.200,AIXBT/USDT:USDT,0.14903,688.0,0.14902,1883.0,0.14915,11.0,0.14916,208.0
1753520659348,09:04:19.348,AIXBT/USDT:USDT,0.14903,688.0,0.14902,1883.0,0.14915,11.0,0.14916,208.0
1753520659686,09:04:19.686,AIXBT/USDT:USDT,0.14903,688.0,0.14902,1883.0,0.14915,11.0,0.14916,208.0
1753520659777,09:04:19.777,AIXBT/USDT:USDT,0.14904,160.0,0.14903,1097.0,0.14915,1.0,0.14916,32.0
1753520659882,09:04:19.882,AIXBT/USDT:USDT,0.14904,63.0,0.14903,688.0,0.14915,13.0,0.14917,67.0
1753520660088,09:04:20.088,AIXBT/USDT:USDT,0.14904,55.0,0.14903,688.0,0.14915,1.0,0.14917,67.0
1753520660187,09:04:20.187,AIXBT/USDT:USDT,0.14904,63.0,0.14903,688.0,0.14916,40.0,0.14917,67.0
1753520660197,09:04:20.197,AIXBT/USDT:USDT,0.14904,63.0,0.14903,688.0,0.14916,40.0,0.14917,67.0
1753520660472,09:04:20.472,AIXBT/USDT:USDT,0.14904,55.0,0.14903,688.0,0.14916,40.0,0.14917,67.0
1753520660514,09:04:20.514,AIXBT/USDT:USDT,0.14904,55.0,0.14903,688.0,0.14916,40.0,0.14917,67.0
1753520660709,09:04:20.709,AIXBT/USDT:USDT,0.14904,55.0,0.14903,688.0,0.14916,40.0,0.14917,67.0
1753520660989,09:04:20.989,AIXBT/USDT:USDT,0.14904,55.0,0.14903,688.0,0.14916,40.0,0.14917,67.0
1753520661002,09:04:21.002,AIXBT/USDT:USDT,0.14904,55.0,0.14903,688.0,0.14916,40.0,0.14917,67.0
1753520661135,09:04:21.135,AIXBT/USDT:USDT,0.14904,55.0,0.14903,688.0,0.14916,40.0,0.14917,67.0
1753520661206,09:04:21.206,AIXBT/USDT:USDT,0.14904,55.0,0.14903,688.0,0.14916,40.0,0.14917,67.0
1753520661294,09:04:21.294,AIXBT/USDT:USDT,0.14904,55.0,0.14903,688.0,0.14916,40.0,0.14917,67.0
1753520661709,09:04:21.709,AIXBT/USDT:USDT,0.14904,55.0,0.14903,688.0,0.14916,40.0,0.14917,67.0
1753520662088,09:04:22.088,AIXBT/USDT:USDT,0.14904,55.0,0.14903,688.0,0.14916,72.0,0.14917,67.0
1753520662388,09:04:22.388,AIXBT/USDT:USDT,0.14904,464.0,0.14903,688.0,0.14916,8.0,0.14917,67.0
1753520662435,09:04:22.435,AIXBT/USDT:USDT,0.14905,7.0,0.14904,55.0,0.14916,1.0,0.14917,67.0
1753520662667,09:04:22.667,AIXBT/USDT:USDT,0.14905,7.0,0.14904,55.0,0.14916,1.0,0.14917,67.0
1753520662922,09:04:22.922,AIXBT/USDT:USDT,0.14905,7.0,0.14904,55.0,0.14916,1.0,0.14917,67.0
1753520663378,09:04:23.378,AIXBT/USDT:USDT,0.14904,55.0,0.14903,688.0,0.14916,1.0,0.14917,67.0
1753520663491,09:04:23.491,AIXBT/USDT:USDT,0.14904,62.0,0.14903,688.0,0.14917,131.0,0.14921,176.0
1753520663536,09:04:23.536,AIXBT/USDT:USDT,0.14904,55.0,0.14903,688.0,0.14917,131.0,0.14921,176.0
1753520663658,09:04:23.658,AIXBT/USDT:USDT,0.14904,55.0,0.14903,688.0,0.14917,131.0,0.14921,176.0
1753520663756,09:04:23.756,AIXBT/USDT:USDT,0.14904,55.0,0.14903,688.0,0.14917,131.0,0.14921,176.0
1753520663863,09:04:23.863,AIXBT/USDT:USDT,0.14904,55.0,0.14903,688.0,0.14917,131.0,0.14921,176.0
1753520664080,09:04:24.080,AIXBT/USDT:USDT,0.14904,55.0,0.14903,688.0,0.14917,131.0,0.14921,176.0
1753520664139,09:04:24.139,AIXBT/USDT:USDT,0.14904,55.0,0.14903,688.0,0.14917,131.0,0.14921,176.0
1753520664224,09:04:24.224,AIXBT/USDT:USDT,0.14904,55.0,0.14903,688.0,0.14917,131.0,0.14921,176.0
1753520664748,09:04:24.748,AIXBT/USDT:USDT,0.14904,55.0,0.14903,688.0,0.14917,131.0,0.14921,176.0
1753520664957,09:04:24.957,AIXBT/USDT:USDT,0.14904,55.0,0.14903,688.0,0.14917,131.0,0.14921,176.0
1753520665114,09:04:25.114,AIXBT/USDT:USDT,0.14904,55.0,0.14903,688.0,0.14917,131.0,0.14921,176.0
1753520666002,09:04:26.002,AIXBT/USDT:USDT,0.14904,55.0,0.14903,688.0,0.14917,131.0,0.14921,176.0
1753520666515,09:04:26.515,AIXBT/USDT:USDT,0.14904,55.0,0.14903,688.0,0.14917,131.0,0.14921,176.0
1753520666691,09:04:26.691,AIXBT/USDT:USDT,0.14904,55.0,0.14903,688.0,0.14917,131.0,0.14921,176.0
1753520666745,09:04:26.745,AIXBT/USDT:USDT,0.14904,55.0,0.14903,633.0,0.14916,172.0,0.14917,131.0
1753520666976,09:04:26.976,AIXBT/USDT:USDT,0.14904,55.0,0.14903,633.0,0.14916,172.0,0.14917,131.0
1753520667354,09:04:27.354,AIXBT/USDT:USDT,0.14903,68.0,0.14902,1883.0,0.14916,172.0,0.14917,131.0
1753520667469,09:04:27.469,AIXBT/USDT:USDT,0.14903,1.0,0.14902,1883.0,0.14916,172.0,0.14917,131.0
1753520667500,09:04:27.500,AIXBT/USDT:USDT,0.14903,1.0,0.14902,1883.0,0.14916,172.0,0.14917,131.0
1753520667687,09:04:27.687,AIXBT/USDT:USDT,0.14903,1.0,0.14902,173.0,0.14914,345.0,0.14915,172.0
1753520667788,09:04:27.788,AIXBT/USDT:USDT,0.14903,1.0,0.14902,173.0,0.14914,351.0,0.14915,172.0
1753520667808,09:04:27.808,AIXBT/USDT:USDT,0.14903,1.0,0.14902,173.0,0.14914,351.0,0.14915,172.0
1753520668006,09:04:28.006,AIXBT/USDT:USDT,0.14903,1.0,0.14902,173.0,0.14914,351.0,0.14915,172.0
1753520668173,09:04:28.173,AIXBT/USDT:USDT,0.14903,1.0,0.14902,173.0,0.14914,351.0,0.14915,172.0
1753520668270,09:04:28.270,AIXBT/USDT:USDT,0.14903,1.0,0.14902,173.0,0.14914,351.0,0.14915,172.0
1753520668307,09:04:28.307,AIXBT/USDT:USDT,0.14903,1.0,0.14902,173.0,0.14914,351.0,0.14915,172.0
1753520668395,09:04:28.395,AIXBT/USDT:USDT,0.14903,1.0,0.14902,173.0,0.14914,351.0,0.14915,172.0
1753520668565,09:04:28.565,AIXBT/USDT:USDT,0.14903,1.0,0.14902,173.0,0.14914,6.0,0.14915,172.0
1753520668618,09:04:28.618,AIXBT/USDT:USDT,0.14903,1.0,0.14902,173.0,0.14914,6.0,0.14915,172.0
1753520669038,09:04:29.038,AIXBT/USDT:USDT,0.14903,1.0,0.14902,173.0,0.14914,6.0,0.14915,172.0
1753520669186,09:04:29.186,AIXBT/USDT:USDT,0.14903,1.0,0.14902,173.0,0.14914,178.0,0.14917,131.0
1753520670171,09:04:30.171,AIXBT/USDT:USDT,0.14903,1.0,0.14902,173.0,0.14914,178.0,0.14917,131.0
1753520670278,09:04:30.278,AIXBT/USDT:USDT,0.14903,1.0,0.14902,173.0,0.14914,178.0,0.14917,131.0
1753520670475,09:04:30.475,AIXBT/USDT:USDT,0.14903,1.0,0.14902,173.0,0.14914,178.0,0.14917,131.0
1753520670584,09:04:30.584,AIXBT/USDT:USDT,0.14903,1.0,0.14902,173.0,0.14914,178.0,0.14917,131.0
1753520671391,09:04:31.391,AIXBT/USDT:USDT,0.14903,56.0,0.14902,173.0,0.14914,178.0,0.14917,131.0
1753520673138,09:04:33.138,AIXBT/USDT:USDT,0.14903,56.0,0.14902,173.0,0.14914,178.0,0.14917,131.0
1753520673375,09:04:33.375,AIXBT/USDT:USDT,0.14903,56.0,0.14899,512.0,0.14914,178.0,0.14917,131.0
1753520673478,09:04:33.478,AIXBT/USDT:USDT,0.14903,1.0,0.14899,512.0,0.14912,172.0,0.14913,68.0
1753520673533,09:04:33.533,AIXBT/USDT:USDT,0.14903,1.0,0.14899,512.0,0.14912,185.0,0.14913,68.0
1753520673683,09:04:33.683,AIXBT/USDT:USDT,0.14903,1.0,0.14899,512.0,0.14912,185.0,0.14913,68.0
1753520673705,09:04:33.705,AIXBT/USDT:USDT,0.14903,1.0,0.14899,512.0,0.14912,185.0,0.14913,68.0
1753520673936,09:04:33.936,AIXBT/USDT:USDT,0.14903,1.0,0.14899,512.0,0.14912,185.0,0.14913,68.0
1753520674212,09:04:34.212,AIXBT/USDT:USDT,0.14903,1.0,0.14899,512.0,0.14912,185.0,0.14913,68.0
1753520674355,09:04:34.355,AIXBT/USDT:USDT,0.14903,1.0,0.14899,512.0,0.14912,185.0,0.14913,68.0
1753520674478,09:04:34.478,AIXBT/USDT:USDT,0.14903,1.0,0.14899,512.0,0.14912,185.0,0.14913,68.0
1753520675003,09:04:35.003,AIXBT/USDT:USDT,0.14903,1.0,0.14899,512.0,0.14912,185.0,0.14913,68.0
1753520675188,09:04:35.188,AIXBT/USDT:USDT,0.14903,1.0,0.14899,512.0,0.14912,185.0,0.14913,68.0
1753520675450,09:04:35.450,AIXBT/USDT:USDT,0.14903,1.0,0.14899,512.0,0.14912,185.0,0.14913,68.0
1753520675807,09:04:35.807,AIXBT/USDT:USDT,0.14903,1.0,0.14899,512.0,0.14912,185.0,0.14913,68.0
1753520676109,09:04:36.109,AIXBT/USDT:USDT,0.14903,1.0,0.14899,512.0,0.14912,185.0,0.14913,68.0
1753520677135,09:04:37.135,AIXBT/USDT:USDT,0.14903,1.0,0.14902,110.0,0.14912,13.0,0.14913,68.0
1753520677261,09:04:37.261,AIXBT/USDT:USDT,0.14903,1.0,0.14902,110.0,0.14912,13.0,0.14913,68.0
1753520677628,09:04:37.628,AIXBT/USDT:USDT,0.14903,1.0,0.14902,110.0,0.14912,13.0,0.14913,68.0
1753520677759,09:04:37.759,AIXBT/USDT:USDT,0.14903,1.0,0.14902,110.0,0.14912,13.0,0.14913,68.0
1753520678053,09:04:38.053,AIXBT/USDT:USDT,0.14903,1.0,0.14902,110.0,0.14912,13.0,0.14913,68.0
1753520678276,09:04:38.276,AIXBT/USDT:USDT,0.14903,1.0,0.14902,110.0,0.14912,13.0,0.14913,68.0
1753520678295,09:04:38.295,AIXBT/USDT:USDT,0.14903,1.0,0.14902,110.0,0.14912,13.0,0.14913,68.0
1753520678478,09:04:38.478,AIXBT/USDT:USDT,0.14903,1.0,0.14902,110.0,0.14912,13.0,0.14913,68.0
1753520678655,09:04:38.655,AIXBT/USDT:USDT,0.14903,1.0,0.14902,110.0,0.14912,13.0,0.14913,68.0
1753520679004,09:04:39.004,AIXBT/USDT:USDT,0.14903,1.0,0.14902,110.0,0.14912,13.0,0.14913,68.0
1753520679777,09:04:39.777,AIXBT/USDT:USDT,0.14903,1.0,0.14902,110.0,0.14912,13.0,0.14913,68.0
1753520680074,09:04:40.074,AIXBT/USDT:USDT,0.14903,1.0,0.14902,110.0,0.14912,13.0,0.14913,68.0
1753520680285,09:04:40.285,AIXBT/USDT:USDT,0.14903,1.0,0.14902,110.0,0.14912,13.0,0.14913,68.0
1753520680378,09:04:40.378,AIXBT/USDT:USDT,0.14903,1.0,0.14902,110.0,0.14912,13.0,0.14913,68.0
1753520680910,09:04:40.910,AIXBT/USDT:USDT,0.14903,1.0,0.14902,110.0,0.14912,13.0,0.14913,68.0
1753520681555,09:04:41.555,AIXBT/USDT:USDT,0.14903,1.0,0.14902,55.0,0.14912,13.0,0.14913,68.0
1753520682333,09:04:42.333,AIXBT/USDT:USDT,0.14903,1.0,0.14902,55.0,0.14912,13.0,0.14913,68.0
1753520682481,09:04:42.481,AIXBT/USDT:USDT,0.14903,1.0,0.14902,55.0,0.14912,13.0,0.14913,68.0
1753520682496,09:04:42.496,AIXBT/USDT:USDT,0.14903,1.0,0.14902,55.0,0.14912,13.0,0.14913,68.0
1753520683608,09:04:43.608,AIXBT/USDT:USDT,0.14903,1.0,0.14902,110.0,0.14912,13.0,0.14913,68.0
1753520685034,09:04:45.034,AIXBT/USDT:USDT,0.14903,1.0,0.14902,110.0,0.14912,13.0,0.14913,68.0
1753520685712,09:04:45.712,AIXBT/USDT:USDT,0.14903,1.0,0.14902,110.0,0.14912,13.0,0.14913,68.0
1753520686234,09:04:46.234,AIXBT/USDT:USDT,0.14903,1.0,0.14902,110.0,0.14912,13.0,0.14913,68.0
1753520686643,09:04:46.643,AIXBT/USDT:USDT,0.14903,1.0,0.14902,110.0,0.14912,13.0,0.14913,68.0
1753520688217,09:04:48.217,AIXBT/USDT:USDT,0.14903,1.0,0.14902,110.0,0.14913,83.0,0.14914,75.0
1753520688547,09:04:48.547,AIXBT/USDT:USDT,0.14903,1.0,0.14902,110.0,0.14913,83.0,0.14914,75.0
1753520688968,09:04:48.968,AIXBT/USDT:USDT,0.14903,1.0,0.14902,110.0,0.14913,83.0,0.14914,75.0
1753520689875,09:04:49.875,AIXBT/USDT:USDT,0.14903,1.0,0.14902,110.0,0.14913,83.0,0.14914,75.0
1753520690514,09:04:50.514,AIXBT/USDT:USDT,0.14903,1.0,0.14902,110.0,0.14913,83.0,0.14914,75.0
1753520690594,09:04:50.594,AIXBT/USDT:USDT,0.14903,1.0,0.14902,110.0,0.14913,83.0,0.14914,75.0
1753520691590,09:04:51.590,AIXBT/USDT:USDT,0.14903,1.0,0.14899,512.0,0.14912,173.0,0.14913,68.0
1753520691688,09:04:51.688,AIXBT/USDT:USDT,0.14903,1.0,0.14899,512.0,0.14911,67.0,0.14913,386.0
1753520691790,09:04:51.790,AIXBT/USDT:USDT,0.14903,1.0,0.14899,512.0,0.14911,67.0,0.14913,386.0
1753520691983,09:04:51.983,AIXBT/USDT:USDT,0.14903,1.0,0.14899,512.0,0.14911,67.0,0.14913,386.0
1753520692005,09:04:52.005,AIXBT/USDT:USDT,0.14903,1.0,0.14898,1705.0,0.14911,67.0,0.14913,386.0
1753520692189,09:04:52.189,AIXBT/USDT:USDT,0.14903,1.0,0.14898,1705.0,0.14911,67.0,0.14913,386.0
1753520692207,09:04:52.207,AIXBT/USDT:USDT,0.14903,1.0,0.14898,1705.0,0.14911,67.0,0.14913,386.0
1753520692454,09:04:52.454,AIXBT/USDT:USDT,0.14903,1.0,0.14898,1705.0,0.14911,67.0,0.14913,386.0
1753520692548,09:04:52.548,AIXBT/USDT:USDT,0.14903,1.0,0.14898,1705.0,0.14911,67.0,0.14913,386.0
1753520693026,09:04:53.026,AIXBT/USDT:USDT,0.14903,1.0,0.14898,1705.0,0.14911,67.0,0.14913,386.0
1753520693440,09:04:53.440,AIXBT/USDT:USDT,0.14903,1.0,0.14898,1705.0,0.14911,67.0,0.14913,386.0
1753520694246,09:04:54.246,AIXBT/USDT:USDT,0.14903,1.0,0.14898,1705.0,0.14911,67.0,0.14913,386.0
1753520695029,09:04:55.029,AIXBT/USDT:USDT,0.14903,1.0,0.14898,1705.0,0.14911,67.0,0.14913,379.0
1753520695318,09:04:55.318,AIXBT/USDT:USDT,0.14903,1.0,0.14898,1705.0,0.14911,67.0,0.14913,379.0
1753520695395,09:04:55.395,AIXBT/USDT:USDT,0.14903,1.0,0.14898,1705.0,0.14911,67.0,0.14913,379.0
1753520696213,09:04:56.213,AIXBT/USDT:USDT,0.14903,1.0,0.14898,1705.0,0.14911,67.0,0.14913,379.0
1753520696574,09:04:56.574,AIXBT/USDT:USDT,0.14903,1.0,0.14898,1705.0,0.14911,67.0,0.14912,166.0
1753520696679,09:04:56.679,AIXBT/USDT:USDT,0.14903,1.0,0.14898,1705.0,0.14911,240.0,0.14912,511.0
1753520696734,09:04:56.734,AIXBT/USDT:USDT,0.14903,1.0,0.14898,1705.0,0.14911,240.0,0.14912,511.0
1753520696875,09:04:56.875,AIXBT/USDT:USDT,0.14903,1.0,0.14898,1705.0,0.14911,240.0,0.14912,511.0
1753520697360,09:04:57.360,AIXBT/USDT:USDT,0.14903,1.0,0.14897,240.0,0.14911,240.0,0.14912,511.0
1753520697455,09:04:57.455,AIXBT/USDT:USDT,0.14903,1.0,0.14897,240.0,0.14911,240.0,0.14912,511.0
1753520697864,09:04:57.864,AIXBT/USDT:USDT,0.14903,1.0,0.14897,240.0,0.14911,240.0,0.14912,511.0
1753520698003,09:04:58.003,AIXBT/USDT:USDT,0.14903,1.0,0.14897,240.0,0.14911,240.0,0.14912,511.0
1753520698277,09:04:58.277,AIXBT/USDT:USDT,0.14903,1.0,0.14897,240.0,0.14911,240.0,0.14912,511.0
1753520700110,09:05:00.110,AIXBT/USDT:USDT,0.14903,1.0,0.14897,240.0,0.14911,240.0,0.14912,511.0
1753520700249,09:05:00.249,AIXBT/USDT:USDT,0.14903,1.0,0.14897,240.0,0.14911,247.0,0.14912,511.0
1753520700640,09:05:00.640,AIXBT/USDT:USDT,0.14903,1.0,0.14897,240.0,0.14911,247.0,0.14912,511.0
1753520700695,09:05:00.695,AIXBT/USDT:USDT,0.14903,1.0,0.14897,240.0,0.14911,247.0,0.14912,511.0
1753520701276,09:05:01.276,AIXBT/USDT:USDT,0.14903,1.0,0.14897,240.0,0.14911,247.0,0.14912,511.0
1753520702892,09:05:02.892,AIXBT/USDT:USDT,0.14903,1.0,0.14897,240.0,0.14911,247.0,0.14912,166.0
1753520704375,09:05:04.375,AIXBT/USDT:USDT,0.14903,1.0,0.14897,240.0,0.14911,247.0,0.14912,166.0
1753520704395,09:05:04.395,AIXBT/USDT:USDT,0.14903,1.0,0.14897,240.0,0.14911,247.0,0.14912,166.0
1753520704935,09:05:04.935,AIXBT/USDT:USDT,0.14903,1.0,0.14897,240.0,0.14911,247.0,0.14912,511.0
1753520705114,09:05:05.114,AIXBT/USDT:USDT,0.14903,1.0,0.14897,240.0,0.14911,247.0,0.14912,511.0
1753520705274,09:05:05.274,AIXBT/USDT:USDT,0.14903,1.0,0.14897,240.0,0.14911,247.0,0.14912,511.0
1753520705535,09:05:05.535,AIXBT/USDT:USDT,0.14903,1.0,0.14897,240.0,0.14911,247.0,0.14912,511.0
1753520705679,09:05:05.679,AIXBT/USDT:USDT,0.14903,1.0,0.14897,173.0,0.14911,247.0,0.14912,511.0
1753520705697,09:05:05.697,AIXBT/USDT:USDT,0.14903,1.0,0.14894,512.0,0.14911,247.0,0.14912,511.0
1753520705854,09:05:05.854,AIXBT/USDT:USDT,0.14903,1.0,0.14892,1.0,0.14911,247.0,0.14912,511.0
1753520705936,09:05:05.936,AIXBT/USDT:USDT,0.14903,1.0,0.14892,1.0,0.14911,247.0,0.14912,511.0
1753520707168,09:05:07.168,AIXBT/USDT:USDT,0.14903,1.0,0.14892,1.0,0.14911,247.0,0.14912,511.0
1753520709710,09:05:09.710,AIXBT/USDT:USDT,0.14903,1.0,0.14892,1.0,0.14911,247.0,0.14912,511.0
1753520710155,09:05:10.155,AIXBT/USDT:USDT,0.14903,1.0,0.14892,1.0,0.14911,247.0,0.14912,511.0
1753520710195,09:05:10.195,AIXBT/USDT:USDT,0.14903,1.0,0.14892,1.0,0.14911,247.0,0.14912,511.0
1753520712005,09:05:12.005,AIXBT/USDT:USDT,0.14903,1.0,0.14892,1.0,0.14911,247.0,0.14912,511.0
1753520712475,09:05:12.475,AIXBT/USDT:USDT,0.14892,1.0,0.14891,67.0,0.1491,226.0,0.14911,74.0
1753520712572,09:05:12.572,AIXBT/USDT:USDT,0.14892,8.0,0.14891,67.0,0.1491,226.0,0.14911,67.0
1753520712627,09:05:12.627,AIXBT/USDT:USDT,0.14892,1.0,0.14891,67.0,0.1491,226.0,0.14911,67.0
1753520712788,09:05:12.788,AIXBT/USDT:USDT,0.14892,1.0,0.14891,67.0,0.1491,240.0,0.14911,67.0
1753520712816,09:05:12.816,AIXBT/USDT:USDT,0.14892,1.0,0.14891,67.0,0.1491,240.0,0.14911,67.0
1753520712990,09:05:12.990,AIXBT/USDT:USDT,0.14892,8.0,0.14891,67.0,0.1491,240.0,0.14911,67.0
1753520713090,09:05:13.090,AIXBT/USDT:USDT,0.14892,8.0,0.14891,67.0,0.1491,240.0,0.14911,67.0
1753520713165,09:05:13.165,AIXBT/USDT:USDT,0.14892,1.0,0.14891,67.0,0.1491,240.0,0.14911,67.0
1753520713251,09:05:13.251,AIXBT/USDT:USDT,0.14892,8.0,0.14891,67.0,0.1491,240.0,0.14911,67.0
1753520713328,09:05:13.328,AIXBT/USDT:USDT,0.14892,1.0,0.14891,67.0,0.1491,240.0,0.14911,67.0
1753520713460,09:05:13.460,AIXBT/USDT:USDT,0.14892,8.0,0.14891,67.0,0.1491,240.0,0.14911,67.0
1753520713540,09:05:13.540,AIXBT/USDT:USDT,0.14892,1.0,0.14891,67.0,0.1491,240.0,0.14911,67.0
1753520713690,09:05:13.690,AIXBT/USDT:USDT,0.14892,1.0,0.14891,67.0,0.1491,226.0,0.14911,67.0
1753520713790,09:05:13.790,AIXBT/USDT:USDT,0.14878,412.0,0.14877,202.0,0.14892,345.0,0.14898,176.0
1753520713891,09:05:13.891,AIXBT/USDT:USDT,0.14879,176.0,0.14878,287.0,0.14896,67.0,0.14898,176.0
1753520713984,09:05:13.984,AIXBT/USDT:USDT,0.14879,220.0,0.14878,243.0,0.14892,345.0,0.14896,67.0
1753520714066,09:05:14.066,AIXBT/USDT:USDT,0.14879,176.0,0.14878,67.0,0.14892,345.0,0.14894,53.0
1753520714178,09:05:14.178,AIXBT/USDT:USDT,0.14876,53.0,0.14874,179.0,0.14892,383.0,0.14893,68.0
1753520714287,09:05:14.287,AIXBT/USDT:USDT,0.14876,53.0,0.14874,179.0,0.14892,383.0,0.14893,68.0
1753520714363,09:05:14.363,AIXBT/USDT:USDT,0.14876,227.0,0.14874,179.0,0.14892,383.0,0.14893,68.0
1753520714488,09:05:14.488,AIXBT/USDT:USDT,0.14877,174.0,0.14876,53.0,0.14892,389.0,0.14893,68.0
1753520714578,09:05:14.578,AIXBT/USDT:USDT,0.14878,67.0,0.14877,199.0,0.14892,389.0,0.14893,68.0
1753520714667,09:05:14.667,AIXBT/USDT:USDT,0.14878,67.0,0.14877,174.0,0.14892,389.0,0.14893,68.0
1753520714729,09:05:14.729,AIXBT/USDT:USDT,0.14878,111.0,0.14877,174.0,0.14892,389.0,0.14893,68.0
1753520714878,09:05:14.878,AIXBT/USDT:USDT,0.14878,111.0,0.14877,174.0,0.14892,389.0,0.14893,68.0
1753520714954,09:05:14.954,AIXBT/USDT:USDT,0.14878,111.0,0.14877,174.0,0.14892,389.0,0.14893,68.0
1753520715008,09:05:15.008,AIXBT/USDT:USDT,0.14878,111.0,0.14877,174.0,0.14892,389.0,0.14893,68.0
1753520715158,09:05:15.158,AIXBT/USDT:USDT,0.14878,136.0,0.14877,174.0,0.14892,389.0,0.14893,68.0
1753520715548,09:05:15.548,AIXBT/USDT:USDT,0.14878,136.0,0.14877,174.0,0.14892,389.0,0.14893,68.0
1753520715613,09:05:15.613,AIXBT/USDT:USDT,0.14878,310.0,0.14876,106.0,0.14892,389.0,0.14893,68.0
1753520715707,09:05:15.707,AIXBT/USDT:USDT,0.14878,310.0,0.14876,106.0,0.14892,389.0,0.14893,68.0
1753520716188,09:05:16.188,AIXBT/USDT:USDT,0.14878,310.0,0.14876,106.0,0.14892,389.0,0.14893,68.0
1753520716374,09:05:16.374,AIXBT/USDT:USDT,0.14878,285.0,0.14876,106.0,0.14892,389.0,0.14893,68.0
1753520716402,09:05:16.402,AIXBT/USDT:USDT,0.14878,285.0,0.14876,106.0,0.14892,389.0,0.14893,68.0
1753520716690,09:05:16.690,AIXBT/USDT:USDT,0.14878,285.0,0.14876,106.0,0.14892,383.0,0.14893,68.0
1753520716728,09:05:16.728,AIXBT/USDT:USDT,0.14878,285.0,0.14876,106.0,0.14892,383.0,0.14893,68.0
1753520717048,09:05:17.048,AIXBT/USDT:USDT,0.14878,270.0,0.14876,106.0,0.14892,383.0,0.14893,68.0
1753520717490,09:05:17.490,AIXBT/USDT:USDT,0.14878,96.0,0.14876,106.0,0.1489,105.0,0.14891,68.0
1753520717569,09:05:17.569,AIXBT/USDT:USDT,0.14878,96.0,0.14876,106.0,0.1489,105.0,0.14891,68.0
1753520717823,09:05:17.823,AIXBT/USDT:USDT,0.14878,96.0,0.14876,106.0,0.1489,105.0,0.14891,68.0
1753520718002,09:05:18.002,AIXBT/USDT:USDT,0.14878,96.0,0.14876,106.0,0.1489,105.0,0.14891,68.0
1753520718163,09:05:18.163,AIXBT/USDT:USDT,0.14878,96.0,0.14876,106.0,0.1489,105.0,0.14891,68.0
1753520718241,09:05:18.241,AIXBT/USDT:USDT,0.14878,96.0,0.14876,106.0,0.1489,105.0,0.14891,68.0
1753520718491,09:05:18.491,AIXBT/USDT:USDT,0.14878,96.0,0.14876,106.0,0.1489,38.0,0.14891,68.0
1753520718540,09:05:18.540,AIXBT/USDT:USDT,0.14878,96.0,0.14876,106.0,0.1489,52.0,0.14891,68.0
1753520718835,09:05:18.835,AIXBT/USDT:USDT,0.14878,96.0,0.14876,106.0,0.1489,52.0,0.14891,68.0
1753520718987,09:05:18.987,AIXBT/USDT:USDT,0.14878,96.0,0.14876,106.0,0.1489,38.0,0.14891,68.0
1753520719163,09:05:19.163,AIXBT/USDT:USDT,0.14878,96.0,0.14876,106.0,0.1489,38.0,0.14891,68.0
1753520719675,09:05:19.675,AIXBT/USDT:USDT,0.14878,96.0,0.14876,106.0,0.1489,38.0,0.14891,68.0
1753520719765,09:05:19.765,AIXBT/USDT:USDT,0.14878,96.0,0.14876,106.0,0.1489,105.0,0.14891,68.0
1753520719891,09:05:19.891,AIXBT/USDT:USDT,0.14876,53.0,0.14873,1.0,0.1489,105.0,0.14891,413.0
1753520719955,09:05:19.955,AIXBT/USDT:USDT,0.14876,60.0,0.14873,1.0,0.1489,105.0,0.14891,413.0
1753520720080,09:05:20.080,AIXBT/USDT:USDT,0.14876,60.0,0.14873,1.0,0.1489,105.0,0.14891,413.0
1753520720155,09:05:20.155,AIXBT/USDT:USDT,0.14876,53.0,0.14873,1.0,0.1489,105.0,0.14891,413.0
1753520720288,09:05:20.288,AIXBT/USDT:USDT,0.14876,60.0,0.14873,1.0,0.1489,105.0,0.14891,413.0
1753520720357,09:05:20.357,AIXBT/USDT:USDT,0.14876,53.0,0.14873,1.0,0.1489,105.0,0.14891,413.0
1753520720458,09:05:20.458,AIXBT/USDT:USDT,0.14876,60.0,0.14873,1.0,0.1489,105.0,0.14891,413.0
1753520720531,09:05:20.531,AIXBT/USDT:USDT,0.14876,53.0,0.14873,1.0,0.1489,105.0,0.14891,413.0
1753520720679,09:05:20.679,AIXBT/USDT:USDT,0.14876,53.0,0.14873,1.0,0.1489,105.0,0.14891,413.0
1753520720762,09:05:20.762,AIXBT/USDT:USDT,0.14876,60.0,0.14873,1.0,0.1489,105.0,0.14891,413.0
1753520720829,09:05:20.829,AIXBT/USDT:USDT,0.14876,53.0,0.14873,1.0,0.1489,105.0,0.14891,413.0
1753520720953,09:05:20.953,AIXBT/USDT:USDT,0.14876,60.0,0.14873,1.0,0.1489,105.0,0.14891,413.0
1753520721026,09:05:21.026,AIXBT/USDT:USDT,0.14876,53.0,0.14873,1.0,0.1489,105.0,0.14891,413.0
1753520721111,09:05:21.111,AIXBT/USDT:USDT,0.14876,53.0,0.14873,1.0,0.1489,105.0,0.14891,413.0
1753520721240,09:05:21.240,AIXBT/USDT:USDT,0.14876,60.0,0.14873,1.0,0.1489,105.0,0.14891,413.0
1753520721317,09:05:21.317,AIXBT/USDT:USDT,0.14876,53.0,0.14873,1.0,0.1489,105.0,0.14891,413.0
1753520721434,09:05:21.434,AIXBT/USDT:USDT,0.14876,60.0,0.14873,1.0,0.1489,105.0,0.14891,413.0
1753520721586,09:05:21.586,AIXBT/USDT:USDT,0.14876,60.0,0.14873,1.0,0.1489,105.0,0.14891,413.0
1753520721661,09:05:21.661,AIXBT/USDT:USDT,0.14876,53.0,0.14873,1.0,0.1489,105.0,0.14891,413.0
1753520721787,09:05:21.787,AIXBT/USDT:USDT,0.14876,60.0,0.14873,1.0,0.1489,121.0,0.14891,413.0
1753520721827,09:05:21.827,AIXBT/USDT:USDT,0.14876,53.0,0.14873,1.0,0.1489,121.0,0.14891,413.0
1753520722066,09:05:22.066,AIXBT/USDT:USDT,0.14876,53.0,0.14873,1.0,0.1489,121.0,0.14891,413.0
1753520722154,09:05:22.154,AIXBT/USDT:USDT,0.14876,60.0,0.14873,1.0,0.1489,121.0,0.14891,413.0
1753520722227,09:05:22.227,AIXBT/USDT:USDT,0.14876,53.0,0.14873,1.0,0.1489,121.0,0.14891,413.0
1753520722454,09:05:22.454,AIXBT/USDT:USDT,0.14876,60.0,0.14873,1.0,0.1489,121.0,0.14891,413.0
1753520722527,09:05:22.527,AIXBT/USDT:USDT,0.14876,53.0,0.14873,1.0,0.1489,121.0,0.14891,413.0
1753520722683,09:05:22.683,AIXBT/USDT:USDT,0.14876,53.0,0.14873,1.0,0.1489,105.0,0.14891,413.0
1753520722769,09:05:22.769,AIXBT/USDT:USDT,0.14876,53.0,0.14873,1.0,0.1489,105.0,0.14891,413.0
1753520722795,09:05:22.795,AIXBT/USDT:USDT,0.14876,53.0,0.14873,1.0,0.1489,105.0,0.14891,580.0
1753520722992,09:05:22.992,AIXBT/USDT:USDT,0.14876,53.0,0.14873,1.0,0.1489,121.0,0.14891,580.0
1753520723166,09:05:23.166,AIXBT/USDT:USDT,0.14876,53.0,0.14873,1.0,0.1489,121.0,0.14891,580.0
1753520723255,09:05:23.255,AIXBT/USDT:USDT,0.14876,53.0,0.14873,1.0,0.1489,295.0,0.14891,580.0
1753520723336,09:05:23.336,AIXBT/USDT:USDT,0.14876,60.0,0.14873,1.0,0.1489,295.0,0.14891,580.0
1753520723409,09:05:23.409,AIXBT/USDT:USDT,0.14876,53.0,0.14873,1.0,0.1489,295.0,0.14891,580.0
1753520723566,09:05:23.566,AIXBT/USDT:USDT,0.14876,53.0,0.14873,1.0,0.1489,295.0,0.14891,580.0
1753520723656,09:05:23.656,AIXBT/USDT:USDT,0.14876,60.0,0.14873,1.0,0.1489,295.0,0.14891,580.0
1753520723734,09:05:23.734,AIXBT/USDT:USDT,0.14876,53.0,0.14873,1.0,0.1489,295.0,0.14891,580.0
1753520723878,09:05:23.878,AIXBT/USDT:USDT,0.14876,60.0,0.14873,1.0,0.1489,295.0,0.14891,580.0
1753520723958,09:05:23.958,AIXBT/USDT:USDT,0.14876,53.0,0.14873,1.0,0.1489,292.0,0.14891,580.0
1753520724034,09:05:24.034,AIXBT/USDT:USDT,0.14876,60.0,0.14873,1.0,0.1489,292.0,0.14891,580.0
1753520724107,09:05:24.107,AIXBT/USDT:USDT,0.14876,53.0,0.14873,1.0,0.1489,292.0,0.14891,580.0
1753520724858,09:05:24.858,AIXBT/USDT:USDT,0.14876,60.0,0.14873,1.0,0.1489,292.0,0.14891,580.0
1753520724932,09:05:24.932,AIXBT/USDT:USDT,0.14876,53.0,0.14873,1.0,0.1489,292.0,0.14891,580.0
1753520725035,09:05:25.035,AIXBT/USDT:USDT,0.14876,60.0,0.14873,1.0,0.1489,292.0,0.14891,580.0
1753520725111,09:05:25.111,AIXBT/USDT:USDT,0.14876,53.0,0.14873,1.0,0.1489,292.0,0.14891,580.0
1753520725269,09:05:25.269,AIXBT/USDT:USDT,0.14876,53.0,0.14873,1.0,0.1489,292.0,0.14891,580.0
1753520725354,09:05:25.354,AIXBT/USDT:USDT,0.14876,60.0,0.14873,1.0,0.1489,292.0,0.14891,580.0
1753520725427,09:05:25.427,AIXBT/USDT:USDT,0.14876,53.0,0.14873,1.0,0.1489,292.0,0.14891,580.0
1753520725534,09:05:25.534,AIXBT/USDT:USDT,0.14876,60.0,0.14873,1.0,0.1489,292.0,0.14891,580.0
1753520725651,09:05:25.651,AIXBT/USDT:USDT,0.14876,53.0,0.14873,1.0,0.1489,279.0,0.14891,580.0
1753520725790,09:05:25.790,AIXBT/USDT:USDT,0.14876,53.0,0.14873,1.0,0.1489,294.0,0.14891,580.0
1753520725876,09:05:25.876,AIXBT/USDT:USDT,0.14876,60.0,0.14874,174.0,0.1489,294.0,0.14891,580.0
1753520725949,09:05:25.949,AIXBT/USDT:USDT,0.14876,53.0,0.14874,174.0,0.1489,294.0,0.14891,580.0
1753520726053,09:05:26.053,AIXBT/USDT:USDT,0.14876,60.0,0.14874,174.0,0.1489,294.0,0.14891,580.0
1753520726127,09:05:26.127,AIXBT/USDT:USDT,0.14876,53.0,0.14874,174.0,0.1489,294.0,0.14891,580.0
1753520726290,09:05:26.290,AIXBT/USDT:USDT,0.14876,53.0,0.14874,174.0,0.1489,294.0,0.14891,580.0
1753520726374,09:05:26.374,AIXBT/USDT:USDT,0.14876,60.0,0.14874,174.0,0.1489,294.0,0.14891,580.0
1753520726447,09:05:26.447,AIXBT/USDT:USDT,0.14876,53.0,0.14874,174.0,0.1489,294.0,0.14891,580.0
1753520726535,09:05:26.535,AIXBT/USDT:USDT,0.14876,60.0,0.14874,174.0,0.1489,294.0,0.14891,580.0
1753520726608,09:05:26.608,AIXBT/USDT:USDT,0.14876,53.0,0.14874,174.0,0.1489,294.0,0.14891,580.0
1753520727168,09:05:27.168,AIXBT/USDT:USDT,0.14876,53.0,0.14874,174.0,0.1489,294.0,0.14891,580.0
1753520727282,09:05:27.282,AIXBT/USDT:USDT,0.14876,60.0,0.14874,174.0,0.1489,290.0,0.14891,580.0
1753520727309,09:05:27.309,AIXBT/USDT:USDT,0.14876,53.0,0.14874,174.0,0.1489,290.0,0.14891,580.0
1753520727468,09:05:27.468,AIXBT/USDT:USDT,0.14876,53.0,0.14874,174.0,0.1489,290.0,0.14891,580.0
1753520727535,09:05:27.535,AIXBT/USDT:USDT,0.14876,53.0,0.14874,174.0,0.1489,290.0,0.14891,580.0
1753520727636,09:05:27.636,AIXBT/USDT:USDT,0.14876,60.0,0.14874,174.0,0.1489,290.0,0.14891,580.0
1753520727709,09:05:27.709,AIXBT/USDT:USDT,0.14876,53.0,0.14874,174.0,0.1489,290.0,0.14891,580.0
1753520727993,09:05:27.993,AIXBT/USDT:USDT,0.14876,60.0,0.14874,174.0,0.1489,290.0,0.14891,580.0
1753520728066,09:05:28.066,AIXBT/USDT:USDT,0.14876,53.0,0.14874,174.0,0.1489,290.0,0.14891,580.0
1753520728170,09:05:28.170,AIXBT/USDT:USDT,0.14876,53.0,0.14874,174.0,0.1489,290.0,0.14891,580.0
1753520728258,09:05:28.258,AIXBT/USDT:USDT,0.14876,53.0,0.14874,174.0,0.1489,290.0,0.14891,580.0
1753520728387,09:05:28.387,AIXBT/USDT:USDT,0.14876,53.0,0.14874,174.0,0.1489,290.0,0.14891,580.0
1753520728462,09:05:28.462,AIXBT/USDT:USDT,0.14876,60.0,0.14874,174.0,0.1489,290.0,0.14891,580.0
1753520728557,09:05:28.557,AIXBT/USDT:USDT,0.14873,1.0,0.14872,67.0,0.1489,290.0,0.14891,580.0
1753520728674,09:05:28.674,AIXBT/USDT:USDT,0.14873,8.0,0.14872,67.0,0.1489,286.0,0.14891,580.0
1753520728792,09:05:28.792,AIXBT/USDT:USDT,0.14873,15.0,0.14872,67.0,0.1489,286.0,0.14891,580.0
1753520728875,09:05:28.875,AIXBT/USDT:USDT,0.14873,1.0,0.14872,67.0,0.1489,286.0,0.14891,580.0
1753520728984,09:05:28.984,AIXBT/USDT:USDT,0.14873,8.0,0.14872,67.0,0.1489,286.0,0.14891,580.0
1753520728998,09:05:28.998,AIXBT/USDT:USDT,0.14873,1.0,0.14872,67.0,0.1489,286.0,0.14891,580.0
1753520729188,09:05:29.188,AIXBT/USDT:USDT,0.14873,1.0,0.14872,67.0,0.1489,286.0,0.14891,580.0
1753520729265,09:05:29.265,AIXBT/USDT:USDT,0.14873,8.0,0.14872,67.0,0.1489,286.0,0.14891,580.0
1753520729338,09:05:29.338,AIXBT/USDT:USDT,0.14873,1.0,0.14872,67.0,0.1489,286.0,0.14891,580.0
1753520729392,09:05:29.392,AIXBT/USDT:USDT,0.14873,1.0,0.14872,67.0,0.1489,286.0,0.14891,580.0
1753520729633,09:05:29.633,AIXBT/USDT:USDT,0.14873,8.0,0.14872,67.0,0.1489,286.0,0.14891,580.0
1753520729706,09:05:29.706,AIXBT/USDT:USDT,0.14873,1.0,0.14872,67.0,0.1489,286.0,0.14891,580.0
1753520729911,09:05:29.911,AIXBT/USDT:USDT,0.14873,1.0,0.14872,67.0,0.1489,286.0,0.14891,580.0
1753520730011,09:05:30.011,AIXBT/USDT:USDT,0.14873,1.0,0.14872,67.0,0.1489,286.0,0.14891,580.0
1753520730173,09:05:30.173,AIXBT/USDT:USDT,0.14873,8.0,0.14872,67.0,0.1489,286.0,0.14891,580.0
1753520730246,09:05:30.246,AIXBT/USDT:USDT,0.14873,1.0,0.14872,67.0,0.1489,286.0,0.14891,580.0
1753520730374,09:05:30.374,AIXBT/USDT:USDT,0.14873,8.0,0.14872,67.0,0.1489,286.0,0.14891,580.0
1753520730448,09:05:30.448,AIXBT/USDT:USDT,0.14873,1.0,0.14872,67.0,0.1489,286.0,0.14891,580.0
1753520730555,09:05:30.555,AIXBT/USDT:USDT,0.14873,8.0,0.14872,67.0,0.1489,286.0,0.14891,580.0
1753520730628,09:05:30.628,AIXBT/USDT:USDT,0.14873,1.0,0.14872,67.0,0.1489,286.0,0.14891,580.0
1753520730773,09:05:30.773,AIXBT/USDT:USDT,0.14873,8.0,0.14872,67.0,0.1489,286.0,0.14891,580.0
1753520730846,09:05:30.846,AIXBT/USDT:USDT,0.14873,1.0,0.14872,67.0,0.1489,286.0,0.14891,580.0
1753520731354,09:05:31.354,AIXBT/USDT:USDT,0.14873,8.0,0.14872,67.0,0.1489,286.0,0.14891,580.0
1753520731427,09:05:31.427,AIXBT/USDT:USDT,0.14873,1.0,0.14872,67.0,0.1489,286.0,0.14891,580.0
1753520731684,09:05:31.684,AIXBT/USDT:USDT,0.14873,8.0,0.14872,67.0,0.1489,286.0,0.14891,580.0
1753520731727,09:05:31.727,AIXBT/USDT:USDT,0.14873,1.0,0.14872,67.0,0.1489,286.0,0.14891,580.0
1753520731853,09:05:31.853,AIXBT/USDT:USDT,0.14873,8.0,0.14872,67.0,0.1489,286.0,0.14891,580.0
1753520731989,09:05:31.989,AIXBT/USDT:USDT,0.14873,1.0,0.14868,616.0,0.14881,345.0,0.14883,163.0
1753520732082,09:05:32.082,AIXBT/USDT:USDT,0.14873,1.0,0.14868,511.0,0.14881,345.0,0.14883,163.0
1753520732187,09:05:32.187,AIXBT/USDT:USDT,0.14873,5001.0,0.14868,511.0,0.14881,345.0,0.14883,163.0
1753520732275,09:05:32.275,AIXBT/USDT:USDT,0.14873,5001.0,0.14866,174.0,0.14881,345.0,0.14883,163.0
1753520732339,09:05:32.339,AIXBT/USDT:USDT,0.14873,5001.0,0.14864,174.0,0.1488,345.0,0.14881,345.0
1753520732480,09:05:32.480,AIXBT/USDT:USDT,0.14873,5001.0,0.14864,174.0,0.1488,345.0,0.14881,345.0
1753520732503,09:05:32.503,AIXBT/USDT:USDT,0.14873,5001.0,0.14864,174.0,0.1488,345.0,0.14881,345.0
1753520732772,09:05:32.772,AIXBT/USDT:USDT,0.14873,5001.0,0.14864,174.0,0.1488,345.0,0.14881,345.0
1753520732815,09:05:32.815,AIXBT/USDT:USDT,0.14873,5001.0,0.14864,174.0,0.1488,345.0,0.14881,345.0
1753520732904,09:05:32.904,AIXBT/USDT:USDT,0.14873,5001.0,0.14864,174.0,0.1488,345.0,0.14881,345.0
1753520733290,09:05:33.290,AIXBT/USDT:USDT,0.14873,5001.0,0.14864,174.0,0.1488,353.0,0.14881,345.0
1753520733321,09:05:33.321,AIXBT/USDT:USDT,0.14873,5001.0,0.14864,174.0,0.1488,353.0,0.14881,345.0
1753520733564,09:05:33.564,AIXBT/USDT:USDT,0.14873,5001.0,0.14862,706.0,0.14877,109.0,0.14878,63.0
1753520733624,09:05:33.624,AIXBT/USDT:USDT,0.14873,5001.0,0.14862,706.0,0.14877,109.0,0.14878,63.0
1753520733751,09:05:33.751,AIXBT/USDT:USDT,0.14873,5001.0,0.14862,706.0,0.14877,109.0,0.14878,63.0
1753520733933,09:05:33.933,AIXBT/USDT:USDT,0.14873,5001.0,0.14862,706.0,0.14877,109.0,0.14878,63.0
1753520734190,09:05:34.190,AIXBT/USDT:USDT,0.14873,1.0,0.14862,706.0,0.14877,109.0,0.14878,63.0
1753520734267,09:05:34.267,AIXBT/USDT:USDT,0.14873,1.0,0.14862,706.0,0.14877,109.0,0.14878,63.0
1753520734294,09:05:34.294,AIXBT/USDT:USDT,0.14873,1.0,0.14862,706.0,0.14877,109.0,0.14878,63.0
1753520734684,09:05:34.684,AIXBT/USDT:USDT,0.14873,1.0,0.14862,706.0,0.14877,109.0,0.14878,63.0
1753520734731,09:05:34.731,AIXBT/USDT:USDT,0.14873,1.0,0.14862,706.0,0.14877,109.0,0.14878,63.0
1753520734972,09:05:34.972,AIXBT/USDT:USDT,0.14873,1.0,0.14862,706.0,0.14877,109.0,0.14878,63.0
1753520735053,09:05:35.053,AIXBT/USDT:USDT,0.14873,1.0,0.14862,706.0,0.14877,109.0,0.14878,63.0
1753520735211,09:05:35.211,AIXBT/USDT:USDT,0.14873,1.0,0.14862,706.0,0.14877,109.0,0.14878,63.0
1753520736246,09:05:36.246,AIXBT/USDT:USDT,0.14873,1.0,0.14862,706.0,0.14877,109.0,0.14878,63.0
1753520736295,09:05:36.295,AIXBT/USDT:USDT,0.14873,1.0,0.14862,706.0,0.14877,109.0,0.14878,63.0
1753520736590,09:05:36.590,AIXBT/USDT:USDT,0.14873,1.0,0.1487,53.0,0.14879,53.0,0.1488,53.0
1753520736674,09:05:36.674,AIXBT/USDT:USDT,0.14873,1.0,0.1487,53.0,0.14881,398.0,0.14883,67.0
1753520736761,09:05:36.761,AIXBT/USDT:USDT,0.14873,1.0,0.14862,706.0,0.1488,345.0,0.14881,451.0
1753520736810,09:05:36.810,AIXBT/USDT:USDT,0.14873,1.0,0.14862,706.0,0.1488,345.0,0.14881,451.0
1753520736975,09:05:36.975,AIXBT/USDT:USDT,0.14873,1.0,0.14862,706.0,0.1488,480.0,0.14881,451.0
1753520737023,09:05:37.023,AIXBT/USDT:USDT,0.14873,1.0,0.14862,706.0,0.1488,480.0,0.14881,451.0
1753520737190,09:05:37.190,AIXBT/USDT:USDT,0.14873,1.0,0.14862,706.0,0.1488,345.0,0.14881,451.0
1753520737192,09:05:37.192,AIXBT/USDT:USDT,0.14873,1.0,0.14862,706.0,0.1488,345.0,0.14881,451.0
1753520737392,09:05:37.392,AIXBT/USDT:USDT,0.14873,1.0,0.14862,706.0,0.14881,451.0,0.14882,63.0
1753520737441,09:05:37.441,AIXBT/USDT:USDT,0.14873,1.0,0.14862,706.0,0.14881,451.0,0.14882,63.0
1753520737585,09:05:37.585,AIXBT/USDT:USDT,0.14873,1.0,0.14871,53.0,0.14881,106.0,0.14882,63.0
1753520737645,09:05:37.645,AIXBT/USDT:USDT,0.14873,1.0,0.14871,53.0,0.14881,106.0,0.14882,63.0
1753520737772,09:05:37.772,AIXBT/USDT:USDT,0.14873,1.0,0.14871,53.0,0.14881,106.0,0.14882,63.0
1753520737858,09:05:37.858,AIXBT/USDT:USDT,0.14873,1.0,0.14871,53.0,0.14881,106.0,0.14882,63.0
1753520737993,09:05:37.993,AIXBT/USDT:USDT,0.14873,1.0,0.14871,53.0,0.14881,106.0,0.14882,63.0
1753520738180,09:05:38.180,AIXBT/USDT:USDT,0.14873,1.0,0.14871,106.0,0.14883,67.0,0.14885,512.0
1753520738280,09:05:38.280,AIXBT/USDT:USDT,0.14873,1.0,0.14871,106.0,0.14883,67.0,0.14887,174.0
1753520738295,09:05:38.295,AIXBT/USDT:USDT,0.14873,1.0,0.14871,106.0,0.14883,67.0,0.14887,686.0
1753520738661,09:05:38.661,AIXBT/USDT:USDT,0.14873,1.0,0.14871,106.0,0.14883,74.0,0.14887,686.0
1753520738783,09:05:38.783,AIXBT/USDT:USDT,0.14873,1.0,0.14871,106.0,0.14883,74.0,0.14884,106.0
1753520738955,09:05:38.955,AIXBT/USDT:USDT,0.14873,1.0,0.14871,53.0,0.14883,419.0,0.14884,106.0
1753520739057,09:05:39.057,AIXBT/USDT:USDT,0.14873,1.0,0.14871,53.0,0.14883,419.0,0.14884,106.0
1753520739147,09:05:39.147,AIXBT/USDT:USDT,0.14873,1.0,0.14865,178.0,0.14883,419.0,0.14884,106.0
1753520739511,09:05:39.511,AIXBT/USDT:USDT,0.14873,1.0,0.14865,178.0,0.14883,419.0,0.14884,106.0
1753520739776,09:05:39.776,AIXBT/USDT:USDT,0.14873,1.0,0.14865,178.0,0.14882,345.0,0.14883,419.0
1753520740003,09:05:40.003,AIXBT/USDT:USDT,0.14873,1.0,0.14865,178.0,0.14882,345.0,0.14883,419.0
1753520740134,09:05:40.134,AIXBT/USDT:USDT,0.14873,1.0,0.14865,178.0,0.14882,345.0,0.14883,419.0
1753520741007,09:05:41.007,AIXBT/USDT:USDT,0.14873,1.0,0.14865,178.0,0.14882,345.0,0.14883,419.0
1753520741223,09:05:41.223,AIXBT/USDT:USDT,0.14873,1.0,0.14865,178.0,0.14882,345.0,0.14883,419.0
1753520741383,09:05:41.383,AIXBT/USDT:USDT,0.14873,1.0,0.14865,178.0,0.14882,345.0,0.14883,419.0
1753520741591,09:05:41.591,AIXBT/USDT:USDT,0.14873,1.0,0.14865,178.0,0.14882,345.0,0.14883,419.0
1753520741600,09:05:41.600,AIXBT/USDT:USDT,0.14873,1.0,0.14865,178.0,0.14882,345.0,0.14883,419.0
1753520742139,09:05:42.139,AIXBT/USDT:USDT,0.14873,1.0,0.14865,178.0,0.14882,345.0,0.14883,419.0
1753520742238,09:05:42.238,AIXBT/USDT:USDT,0.14873,1.0,0.14865,178.0,0.14882,360.0,0.14883,412.0
1753520744316,09:05:44.316,AIXBT/USDT:USDT,0.14873,1.0,0.14865,178.0,0.14882,360.0,0.14883,412.0
1753520745235,09:05:45.235,AIXBT/USDT:USDT,0.14873,1.0,0.14865,178.0,0.14882,345.0,0.14883,412.0
1753520746381,09:05:46.381,AIXBT/USDT:USDT,0.14873,1.0,0.14865,178.0,0.14882,359.0,0.14883,412.0
1753520746458,09:05:46.458,AIXBT/USDT:USDT,0.14873,1.0,0.14865,178.0,0.14882,359.0,0.14883,412.0
1753520746984,09:05:46.984,AIXBT/USDT:USDT,0.14861,67.0,0.1486,172.0,0.14882,359.0,0.14883,412.0
1753520747090,09:05:47.090,AIXBT/USDT:USDT,0.14858,523.0,0.14855,67.0,0.14861,763.0,0.14877,67.0
1753520747190,09:05:47.190,AIXBT/USDT:USDT,0.14858,178.0,0.14854,1706.0,0.14861,966.0,0.14877,67.0
1753520747290,09:05:47.290,AIXBT/USDT:USDT,0.14858,1.0,0.14854,1706.0,0.14877,67.0,0.14881,228.0
1753520747389,09:05:47.389,AIXBT/USDT:USDT,0.14858,1.0,0.14854,1706.0,0.14873,345.0,0.14875,26.0
1753520747487,09:05:47.487,AIXBT/USDT:USDT,0.14858,1.0,0.14855,512.0,0.14873,388.0,0.14875,26.0
1753520747578,09:05:47.578,AIXBT/USDT:USDT,0.14858,1.0,0.14855,512.0,0.1487,67.0,0.14872,228.0
1753520747678,09:05:47.678,AIXBT/USDT:USDT,0.14858,1.0,0.14851,349.0,0.1487,67.0,0.14872,228.0
1753520747790,09:05:47.790,AIXBT/USDT:USDT,0.14858,1.0,0.14851,349.0,0.1487,67.0,0.14872,228.0
1753520747890,09:05:47.890,AIXBT/USDT:USDT,0.14858,1.0,0.14851,349.0,0.1487,67.0,0.14872,228.0
1753520747987,09:05:47.987,AIXBT/USDT:USDT,0.14858,1.0,0.14851,349.0,0.1487,67.0,0.14872,228.0
1753520748087,09:05:48.087,AIXBT/USDT:USDT,0.14858,1.0,0.14851,349.0,0.1487,109.0,0.14872,228.0
1753520748176,09:05:48.176,AIXBT/USDT:USDT,0.14858,1.0,0.1485,178.0,0.14869,345.0,0.1487,109.0
1753520748275,09:05:48.275,AIXBT/USDT:USDT,0.14858,5001.0,0.1485,178.0,0.14869,355.0,0.1487,109.0
1753520748310,09:05:48.310,AIXBT/USDT:USDT,0.14858,5001.0,0.1485,178.0,0.14869,355.0,0.1487,109.0
1753520748587,09:05:48.587,AIXBT/USDT:USDT,0.14858,5001.0,0.1485,178.0,0.14869,355.0,0.1487,109.0
1753520748632,09:05:48.632,AIXBT/USDT:USDT,0.14858,5001.0,0.1485,178.0,0.14869,355.0,0.1487,109.0
1753520748783,09:05:48.783,AIXBT/USDT:USDT,0.14858,5001.0,0.14857,53.0,0.14869,355.0,0.1487,109.0
1753520748809,09:05:48.809,AIXBT/USDT:USDT,0.14858,5001.0,0.14857,53.0,0.14869,355.0,0.1487,109.0
1753520748950,09:05:48.950,AIXBT/USDT:USDT,0.14858,5001.0,0.14857,53.0,0.14869,355.0,0.1487,109.0
1753520749088,09:05:49.088,AIXBT/USDT:USDT,0.14858,5001.0,0.14857,53.0,0.14869,345.0,0.1487,109.0
1753520749180,09:05:49.180,AIXBT/USDT:USDT,0.14858,5001.0,0.1485,178.0,0.14869,345.0,0.1487,109.0
1753520749392,09:05:49.392,AIXBT/USDT:USDT,0.14858,5001.0,0.1485,178.0,0.14869,356.0,0.1487,109.0
1753520749480,09:05:49.480,AIXBT/USDT:USDT,0.14858,5001.0,0.1485,178.0,0.14869,388.0,0.1487,172.0
1753520749494,09:05:49.494,AIXBT/USDT:USDT,0.14858,5001.0,0.1485,178.0,0.14869,388.0,0.1487,172.0
1753520749638,09:05:49.638,AIXBT/USDT:USDT,0.14858,5001.0,0.1485,178.0,0.14869,388.0,0.1487,172.0
1753520749833,09:05:49.833,AIXBT/USDT:USDT,0.14858,5001.0,0.1485,178.0,0.14869,388.0,0.1487,172.0
1753520750167,09:05:50.167,AIXBT/USDT:USDT,0.14858,5001.0,0.1485,178.0,0.14869,388.0,0.1487,172.0
1753520750275,09:05:50.275,AIXBT/USDT:USDT,0.14858,1.0,0.1485,178.0,0.14869,388.0,0.1487,172.0
1753520751563,09:05:51.563,AIXBT/USDT:USDT,0.14858,1.0,0.1485,178.0,0.14869,388.0,0.1487,172.0
1753520752254,09:05:52.254,AIXBT/USDT:USDT,0.14858,1.0,0.1485,178.0,0.14869,388.0,0.1487,172.0
1753520752354,09:05:52.354,AIXBT/USDT:USDT,0.14858,1.0,0.1485,178.0,0.14869,388.0,0.1487,172.0
1753520753111,09:05:53.111,AIXBT/USDT:USDT,0.14858,1.0,0.1485,178.0,0.14869,388.0,0.1487,172.0
1753520753385,09:05:53.385,AIXBT/USDT:USDT,0.14858,1.0,0.14849,660.0,0.14864,110.0,0.14865,116.0
1753520753430,09:05:53.430,AIXBT/USDT:USDT,0.14858,1.0,0.14849,660.0,0.14864,110.0,0.14865,116.0
1753520753586,09:05:53.586,AIXBT/USDT:USDT,0.14858,1.0,0.14849,660.0,0.14864,110.0,0.14865,116.0
1753520753853,09:05:53.853,AIXBT/USDT:USDT,0.14858,1.0,0.14855,53.0,0.14869,345.0,0.1487,173.0
1753520753908,09:05:53.908,AIXBT/USDT:USDT,0.14858,1.0,0.14855,53.0,0.14869,345.0,0.1487,173.0
1753520754126,09:05:54.126,AIXBT/USDT:USDT,0.14858,1.0,0.14855,53.0,0.14869,345.0,0.1487,173.0
1753520754263,09:05:54.263,AIXBT/USDT:USDT,0.14858,1.0,0.14855,53.0,0.14869,345.0,0.1487,173.0
1753520755672,09:05:55.672,AIXBT/USDT:USDT,0.14858,1.0,0.14855,53.0,0.14869,345.0,0.1487,173.0
1753520756245,09:05:56.245,AIXBT/USDT:USDT,0.14858,1.0,0.14855,53.0,0.14869,345.0,0.1487,173.0
1753520756707,09:05:56.707,AIXBT/USDT:USDT,0.14858,1.0,0.14855,53.0,0.14869,345.0,0.1487,173.0
1753520756856,09:05:56.856,AIXBT/USDT:USDT,0.14858,1.0,0.14855,53.0,0.14869,345.0,0.1487,173.0
1753520757004,09:05:57.004,AIXBT/USDT:USDT,0.14858,1.0,0.14855,53.0,0.14869,345.0,0.1487,173.0
1753520757122,09:05:57.122,AIXBT/USDT:USDT,0.14858,1.0,0.14857,53.0,0.14869,345.0,0.1487,173.0
1753520757858,09:05:57.858,AIXBT/USDT:USDT,0.14858,1.0,0.14857,53.0,0.14869,345.0,0.1487,173.0
1753520757911,09:05:57.911,AIXBT/USDT:USDT,0.14858,1.0,0.14857,53.0,0.14869,345.0,0.1487,173.0
1753520758241,09:05:58.241,AIXBT/USDT:USDT,0.14858,1.0,0.14855,53.0,0.14869,345.0,0.1487,173.0
1753520758482,09:05:58.482,AIXBT/USDT:USDT,0.14858,1.0,0.14855,53.0,0.14869,345.0,0.1487,173.0
1753520758495,09:05:58.495,AIXBT/USDT:USDT,0.14858,1.0,0.14855,53.0,0.14869,345.0,0.1487,173.0
1753520758595,09:05:58.595,AIXBT/USDT:USDT,0.14858,1.0,0.14855,53.0,0.14869,345.0,0.1487,173.0
1753520759101,09:05:59.101,AIXBT/USDT:USDT,0.14858,1.0,0.14855,53.0,0.14869,345.0,0.1487,173.0
1753520760090,09:06:00.090,AIXBT/USDT:USDT,0.14858,1.0,0.14849,660.0,0.14869,345.0,0.1487,173.0
1753520760190,09:06:00.190,AIXBT/USDT:USDT,0.14858,1.0,0.14849,660.0,0.14864,115.0,0.14865,57.0
1753520760212,09:06:00.212,AIXBT/USDT:USDT,0.14858,1.0,0.14849,660.0,0.14864,115.0,0.14865,57.0
1753520760389,09:06:00.389,AIXBT/USDT:USDT,0.14858,1.0,0.14856,53.0,0.14864,67.0,0.14866,53.0
1753520760490,09:06:00.490,AIXBT/USDT:USDT,0.14858,1.0,0.14856,53.0,0.14868,50.0,0.14869,345.0
1753520760547,09:06:00.547,AIXBT/USDT:USDT,0.14858,1.0,0.14856,53.0,0.14868,50.0,0.14869,345.0
1753520760614,09:06:00.614,AIXBT/USDT:USDT,0.14858,1.0,0.14856,53.0,0.14868,50.0,0.14869,451.0
1753520760750,09:06:00.750,AIXBT/USDT:USDT,0.14858,1.0,0.14856,53.0,0.14868,50.0,0.14869,451.0
1753520760976,09:06:00.976,AIXBT/USDT:USDT,0.14858,1.0,0.14849,660.0,0.14864,164.0,0.14865,114.0
1753520761041,09:06:01.041,AIXBT/USDT:USDT,0.14858,1.0,0.14849,660.0,0.14864,164.0,0.14865,114.0
1753520761169,09:06:01.169,AIXBT/USDT:USDT,0.14858,1.0,0.14849,660.0,0.14864,164.0,0.14865,114.0
1753520761203,09:06:01.203,AIXBT/USDT:USDT,0.14858,1.0,0.14849,660.0,0.14864,164.0,0.14865,114.0
1753520761591,09:06:01.591,AIXBT/USDT:USDT,0.14858,1.0,0.14849,660.0,0.14864,164.0,0.14865,114.0
1753520761594,09:06:01.594,AIXBT/USDT:USDT,0.14858,1.0,0.14849,660.0,0.14864,164.0,0.14865,114.0
1753520761865,09:06:01.865,AIXBT/USDT:USDT,0.14858,1.0,0.14849,660.0,0.14864,509.0,0.14865,114.0
1753520761956,09:06:01.956,AIXBT/USDT:USDT,0.14858,1.0,0.14844,178.0,0.14864,509.0,0.14865,114.0
1753520762051,09:06:02.051,AIXBT/USDT:USDT,0.14858,1.0,0.14843,67.0,0.14863,153.0,0.14864,509.0
1753520762186,09:06:02.186,AIXBT/USDT:USDT,0.14858,1.0,0.14843,67.0,0.14863,153.0,0.14864,509.0
1753520762274,09:06:02.274,AIXBT/USDT:USDT,0.14858,1.0,0.14843,67.0,0.14863,153.0,0.14864,509.0
1753520762374,09:06:02.374,AIXBT/USDT:USDT,0.14858,1.0,0.14843,67.0,0.14863,153.0,0.14864,509.0
1753520762459,09:06:02.459,AIXBT/USDT:USDT,0.14858,1.0,0.14843,67.0,0.14863,153.0,0.14864,509.0
1753520762712,09:06:02.712,AIXBT/USDT:USDT,0.14858,1.0,0.14844,50.0,0.14863,153.0,0.14864,509.0
1753520763005,09:06:03.005,AIXBT/USDT:USDT,0.14858,1.0,0.14844,50.0,0.14863,153.0,0.14864,509.0
1753520763095,09:06:03.095,AIXBT/USDT:USDT,0.14858,1.0,0.14844,50.0,0.14863,153.0,0.14864,509.0
1753520763888,09:06:03.888,AIXBT/USDT:USDT,0.14858,1.0,0.14844,50.0,0.14863,153.0,0.14864,509.0
1753520763973,09:06:03.973,AIXBT/USDT:USDT,0.14858,1.0,0.14844,50.0,0.1486,442.0,0.14861,114.0
1753520764091,09:06:04.091,AIXBT/USDT:USDT,0.14844,50.0,0.14843,591.0,0.14857,67.0,0.14859,174.0
1753520764177,09:06:04.177,AIXBT/USDT:USDT,0.14844,110.0,0.14843,591.0,0.14857,67.0,0.14859,174.0
1753520764220,09:06:04.220,AIXBT/USDT:USDT,0.14844,110.0,0.14843,591.0,0.14855,345.0,0.14857,67.0
1753520764383,09:06:04.383,AIXBT/USDT:USDT,0.14844,110.0,0.14843,591.0,0.14855,345.0,0.14857,67.0
1753520764454,09:06:04.454,AIXBT/USDT:USDT,0.14844,110.0,0.14843,591.0,0.14855,345.0,0.14857,67.0
1753520764520,09:06:04.520,AIXBT/USDT:USDT,0.14844,110.0,0.14843,591.0,0.14855,345.0,0.14857,67.0
1753520764666,09:06:04.666,AIXBT/USDT:USDT,0.14844,110.0,0.14843,591.0,0.14855,345.0,0.14857,67.0
1753520765054,09:06:05.054,AIXBT/USDT:USDT,0.14844,110.0,0.14843,591.0,0.14855,345.0,0.14857,67.0
1753520765095,09:06:05.095,AIXBT/USDT:USDT,0.14844,110.0,0.14843,591.0,0.14855,345.0,0.14857,67.0
1753520765194,09:06:05.194,AIXBT/USDT:USDT,0.14844,110.0,0.14843,591.0,0.14855,345.0,0.14857,67.0
1753520765337,09:06:05.337,AIXBT/USDT:USDT,0.14844,110.0,0.14843,591.0,0.14855,345.0,0.14857,67.0
1753520765654,09:06:05.654,AIXBT/USDT:USDT,0.14844,57.0,0.14843,591.0,0.14855,442.0,0.14856,114.0
1753520765775,09:06:05.775,AIXBT/USDT:USDT,0.14844,57.0,0.14843,591.0,0.14855,442.0,0.14856,114.0
1753520765814,09:06:05.814,AIXBT/USDT:USDT,0.14844,57.0,0.14843,591.0,0.14855,442.0,0.14856,114.0
1753520765985,09:06:05.985,AIXBT/USDT:USDT,0.14844,57.0,0.14843,591.0,0.14855,442.0,0.14856,114.0
1753520765996,09:06:05.996,AIXBT/USDT:USDT,0.14844,57.0,0.14838,901.0,0.14855,442.0,0.14856,114.0
1753520766325,09:06:06.325,AIXBT/USDT:USDT,0.14844,57.0,0.14838,901.0,0.14855,442.0,0.14856,114.0
1753520766395,09:06:06.395,AIXBT/USDT:USDT,0.14844,57.0,0.14838,901.0,0.14855,442.0,0.14856,114.0
1753520766926,09:06:06.926,AIXBT/USDT:USDT,0.14844,57.0,0.14838,901.0,0.14855,442.0,0.14856,114.0
1753520766997,09:06:06.997,AIXBT/USDT:USDT,0.14844,57.0,0.14838,901.0,0.14855,442.0,0.14856,114.0
1753520767369,09:06:07.369,AIXBT/USDT:USDT,0.14844,57.0,0.14838,901.0,0.14855,442.0,0.14856,114.0
1753520767395,09:06:07.395,AIXBT/USDT:USDT,0.14844,57.0,0.14838,901.0,0.14855,442.0,0.14856,114.0
1753520767813,09:06:07.813,AIXBT/USDT:USDT,0.14844,57.0,0.14838,901.0,0.14855,442.0,0.14856,114.0
1753520767952,09:06:07.952,AIXBT/USDT:USDT,0.14844,110.0,0.14843,53.0,0.14855,394.0,0.14856,57.0
1753520768191,09:06:08.191,AIXBT/USDT:USDT,0.14844,110.0,0.14843,53.0,0.14855,394.0,0.14856,57.0
1753520768258,09:06:08.258,AIXBT/USDT:USDT,0.14844,110.0,0.14843,53.0,0.14855,394.0,0.14856,57.0
1753520768512,09:06:08.512,AIXBT/USDT:USDT,0.14844,110.0,0.14843,53.0,0.14855,394.0,0.14856,57.0
1753520768990,09:06:08.990,AIXBT/USDT:USDT,0.14844,110.0,0.14843,53.0,0.1486,345.0,0.14863,174.0
1753520769060,09:06:09.060,AIXBT/USDT:USDT,0.14845,67.0,0.14844,110.0,0.14863,174.0,0.14864,412.0
1753520769178,09:06:09.178,AIXBT/USDT:USDT,0.14845,67.0,0.14844,110.0,0.1486,345.0,0.14863,174.0
1753520769231,09:06:09.231,AIXBT/USDT:USDT,0.14845,67.0,0.14844,110.0,0.1486,345.0,0.14863,174.0
1753520769436,09:06:09.436,AIXBT/USDT:USDT,0.14845,67.0,0.14844,110.0,0.1486,345.0,0.14863,174.0
1753520769545,09:06:09.545,AIXBT/USDT:USDT,0.14845,67.0,0.14844,110.0,0.1486,345.0,0.14863,174.0
1753520769648,09:06:09.648,AIXBT/USDT:USDT,0.14845,67.0,0.14844,110.0,0.14858,115.0,0.1486,345.0
1753520769785,09:06:09.785,AIXBT/USDT:USDT,0.14845,67.0,0.14844,110.0,0.14858,115.0,0.1486,345.0
1753520769801,09:06:09.801,AIXBT/USDT:USDT,0.14845,67.0,0.14844,110.0,0.14858,115.0,0.1486,345.0
1753520770006,09:06:10.006,AIXBT/USDT:USDT,0.14845,67.0,0.14844,110.0,0.14858,115.0,0.1486,345.0
1753520770095,09:06:10.095,AIXBT/USDT:USDT,0.14845,67.0,0.14844,110.0,0.14858,115.0,0.1486,345.0
1753520770268,09:06:10.268,AIXBT/USDT:USDT,0.14845,67.0,0.14844,110.0,0.14858,115.0,0.1486,345.0
1753520770374,09:06:10.374,AIXBT/USDT:USDT,0.14845,67.0,0.14844,110.0,0.14858,67.0,0.1486,345.0
1753520770403,09:06:10.403,AIXBT/USDT:USDT,0.14845,67.0,0.14844,110.0,0.14858,67.0,0.1486,345.0
1753520771589,09:06:11.589,AIXBT/USDT:USDT,0.14845,67.0,0.14844,110.0,0.14858,115.0,0.1486,345.0
1753520771989,09:06:11.989,AIXBT/USDT:USDT,0.14845,242.0,0.14844,110.0,0.14864,412.0,0.14865,587.0
1753520772074,09:06:12.074,AIXBT/USDT:USDT,0.14846,194.0,0.14845,646.0,0.14864,412.0,0.14868,174.0
1753520772137,09:06:12.137,AIXBT/USDT:USDT,0.14846,194.0,0.14845,649.0,0.14864,412.0,0.14867,587.0
1753520772282,09:06:12.282,AIXBT/USDT:USDT,0.14846,194.0,0.14845,242.0,0.14864,412.0,0.14867,587.0
1753520772390,09:06:12.390,AIXBT/USDT:USDT,0.14845,67.0,0.14844,110.0,0.14858,67.0,0.14864,412.0
1753520772481,09:06:12.481,AIXBT/USDT:USDT,0.14844,110.0,0.14843,53.0,0.14858,164.0,0.14859,57.0
1753520772516,09:06:12.516,AIXBT/USDT:USDT,0.14844,110.0,0.14843,53.0,0.14858,164.0,0.14859,57.0
1753520772794,09:06:12.794,AIXBT/USDT:USDT,0.14844,110.0,0.14843,53.0,0.14858,164.0,0.14859,57.0
1753520773118,09:06:13.118,AIXBT/USDT:USDT,0.14844,110.0,0.14843,53.0,0.14858,164.0,0.14859,57.0
1753520773312,09:06:13.312,AIXBT/USDT:USDT,0.14844,110.0,0.14843,53.0,0.14858,164.0,0.14859,57.0
1753520773661,09:06:13.661,AIXBT/USDT:USDT,0.14844,110.0,0.14843,53.0,0.14858,164.0,0.14859,57.0
1753520774267,09:06:14.267,AIXBT/USDT:USDT,0.14844,110.0,0.14843,53.0,0.14858,164.0,0.14859,57.0
1753520774483,09:06:14.483,AIXBT/USDT:USDT,0.14844,110.0,0.14843,53.0,0.14858,164.0,0.14859,57.0
1753520774579,09:06:14.579,AIXBT/USDT:USDT,0.14845,67.0,0.14844,110.0,0.14858,67.0,0.14864,412.0
1753520774945,09:06:14.945,AIXBT/USDT:USDT,0.14845,67.0,0.14844,110.0,0.14858,67.0,0.14864,412.0
1753520775147,09:06:15.147,AIXBT/USDT:USDT,0.14845,67.0,0.14844,110.0,0.14858,67.0,0.14864,412.0
1753520775770,09:06:15.770,AIXBT/USDT:USDT,0.14845,67.0,0.14844,110.0,0.14858,67.0,0.14864,412.0
1753520776743,09:06:16.743,AIXBT/USDT:USDT,0.14845,67.0,0.14844,110.0,0.14858,67.0,0.14864,412.0
1753520776795,09:06:16.795,AIXBT/USDT:USDT,0.14845,67.0,0.14844,110.0,0.14858,67.0,0.14864,412.0
1753520777261,09:06:17.261,AIXBT/USDT:USDT,0.14845,67.0,0.14844,110.0,0.14858,67.0,0.14864,412.0
1753520777583,09:06:17.583,AIXBT/USDT:USDT,0.14845,67.0,0.14844,110.0,0.14864,412.0,0.14866,175.0
1753520777596,09:06:17.596,AIXBT/USDT:USDT,0.14845,67.0,0.14844,110.0,0.14864,412.0,0.14866,175.0
1753520777781,09:06:17.781,AIXBT/USDT:USDT,0.14845,67.0,0.14844,110.0,0.14864,412.0,0.14866,175.0
1753520777856,09:06:17.856,AIXBT/USDT:USDT,0.14845,67.0,0.14844,110.0,0.14864,419.0,0.14866,175.0
1753520777982,09:06:17.982,AIXBT/USDT:USDT,0.14845,473.0,0.14844,110.0,0.14864,419.0,0.14866,175.0
1753520778074,09:06:18.074,AIXBT/USDT:USDT,0.14845,69.0,0.14844,110.0,0.14864,419.0,0.14866,175.0
1753520778133,09:06:18.133,AIXBT/USDT:USDT,0.14845,67.0,0.14844,110.0,0.14864,419.0,0.14866,175.0
1753520778287,09:06:18.287,AIXBT/USDT:USDT,0.14845,67.0,0.14844,110.0,0.14864,419.0,0.14866,175.0
1753520778343,09:06:18.343,AIXBT/USDT:USDT,0.14845,67.0,0.14844,110.0,0.14864,419.0,0.14866,175.0
1753520778436,09:06:18.436,AIXBT/USDT:USDT,0.14846,141.0,0.14845,473.0,0.14864,419.0,0.14866,175.0
1753520778536,09:06:18.536,AIXBT/USDT:USDT,0.14846,141.0,0.14845,471.0,0.14864,419.0,0.14866,175.0
1753520778688,09:06:18.688,AIXBT/USDT:USDT,0.14846,317.0,0.14845,471.0,0.14864,419.0,0.14868,1782.0
1753520778782,09:06:18.782,AIXBT/USDT:USDT,0.14851,173.0,0.1485,106.0,0.14869,345.0,0.1487,67.0
1753520778864,09:06:18.864,AIXBT/USDT:USDT,0.14851,173.0,0.1485,106.0,0.14869,345.0,0.1487,67.0
1753520778935,09:06:18.935,AIXBT/USDT:USDT,0.14851,173.0,0.1485,106.0,0.14869,345.0,0.1487,67.0
1753520779054,09:06:19.054,AIXBT/USDT:USDT,0.14851,173.0,0.1485,106.0,0.14869,345.0,0.1487,67.0
1753520779125,09:06:19.125,AIXBT/USDT:USDT,0.14851,173.0,0.1485,106.0,0.14869,345.0,0.1487,67.0
1753520779233,09:06:19.233,AIXBT/USDT:USDT,0.14851,173.0,0.1485,106.0,0.14869,345.0,0.1487,67.0
1753520779392,09:06:19.392,AIXBT/USDT:USDT,0.14851,173.0,0.1485,106.0,0.14869,345.0,0.1487,67.0
1753520779499,09:06:19.499,AIXBT/USDT:USDT,0.14851,173.0,0.1485,106.0,0.14869,345.0,0.1487,67.0
1753520779614,09:06:19.614,AIXBT/USDT:USDT,0.14851,173.0,0.1485,106.0,0.14869,345.0,0.1487,67.0
1753520779981,09:06:19.981,AIXBT/USDT:USDT,0.14852,173.0,0.14851,173.0,0.14869,345.0,0.1487,67.0
1753520780091,09:06:20.091,AIXBT/USDT:USDT,0.14852,173.0,0.14851,375.0,0.14869,345.0,0.1487,67.0
1753520780094,09:06:20.094,AIXBT/USDT:USDT,0.14851,375.0,0.1485,106.0,0.14869,345.0,0.1487,67.0
1753520780275,09:06:20.275,AIXBT/USDT:USDT,0.14851,375.0,0.1485,106.0,0.14869,345.0,0.1487,67.0
1753520780468,09:06:20.468,AIXBT/USDT:USDT,0.14851,173.0,0.1485,106.0,0.14869,345.0,0.1487,67.0
1753520780534,09:06:20.534,AIXBT/USDT:USDT,0.14851,375.0,0.1485,106.0,0.14869,345.0,0.1487,67.0
1753520780915,09:06:20.915,AIXBT/USDT:USDT,0.14852,173.0,0.14851,577.0,0.14869,345.0,0.1487,67.0
1753520781014,09:06:21.014,AIXBT/USDT:USDT,0.14851,173.0,0.1485,106.0,0.14869,345.0,0.1487,67.0
1753520781185,09:06:21.185,AIXBT/USDT:USDT,0.14852,199.0,0.14851,577.0,0.14869,345.0,0.1487,67.0
1753520781281,09:06:21.281,AIXBT/USDT:USDT,0.14852,199.0,0.14851,577.0,0.14869,345.0,0.1487,67.0
1753520781295,09:06:21.295,AIXBT/USDT:USDT,0.14852,199.0,0.14851,577.0,0.14869,345.0,0.1487,67.0
1753520781873,09:06:21.873,AIXBT/USDT:USDT,0.14852,199.0,0.14851,577.0,0.14869,345.0,0.1487,67.0
1753520782076,09:06:22.076,AIXBT/USDT:USDT,0.14852,199.0,0.14851,577.0,0.14869,345.0,0.1487,67.0
1753520782562,09:06:22.562,AIXBT/USDT:USDT,0.14852,199.0,0.14851,577.0,0.14869,345.0,0.1487,67.0
1753520782687,09:06:22.687,AIXBT/USDT:USDT,0.14852,199.0,0.14851,577.0,0.14869,345.0,0.1487,67.0
1753520782790,09:06:22.790,AIXBT/USDT:USDT,0.14857,173.0,0.14856,53.0,0.1487,67.0,0.14872,345.0
1753520782888,09:06:22.888,AIXBT/USDT:USDT,0.14857,173.0,0.14856,53.0,0.14872,345.0,0.14873,345.0
1753520782980,09:06:22.980,AIXBT/USDT:USDT,0.14857,173.0,0.14856,53.0,0.14873,345.0,0.14877,245.0
1753520783081,09:06:23.081,AIXBT/USDT:USDT,0.14857,173.0,0.14856,53.0,0.14873,345.0,0.14877,245.0
1753520783139,09:06:23.139,AIXBT/USDT:USDT,0.14857,173.0,0.14856,53.0,0.14873,345.0,0.14877,245.0
1753520783235,09:06:23.235,AIXBT/USDT:USDT,0.14857,173.0,0.14856,53.0,0.14873,345.0,0.14877,245.0
1753520783340,09:06:23.340,AIXBT/USDT:USDT,0.14857,173.0,0.14856,53.0,0.14873,345.0,0.14877,245.0
1753520784170,09:06:24.170,AIXBT/USDT:USDT,0.14857,173.0,0.14856,53.0,0.14873,345.0,0.14877,245.0
1753520785003,09:06:25.003,AIXBT/USDT:USDT,0.14857,173.0,0.14856,53.0,0.14873,345.0,0.14877,245.0
1753520785391,09:06:25.391,AIXBT/USDT:USDT,0.14857,603.0,0.14856,53.0,0.14873,345.0,0.14877,245.0
1753520785485,09:06:25.485,AIXBT/USDT:USDT,0.14863,173.0,0.14858,26.0,0.14877,67.0,0.14881,178.0
1753520785588,09:06:25.588,AIXBT/USDT:USDT,0.14863,173.0,0.14858,26.0,0.14877,67.0,0.14881,178.0
1753520785646,09:06:25.646,AIXBT/USDT:USDT,0.14863,173.0,0.14858,26.0,0.14877,67.0,0.14881,178.0
1753520785754,09:06:25.754,AIXBT/USDT:USDT,0.14863,173.0,0.14858,26.0,0.14877,67.0,0.14881,178.0
1753520785797,09:06:25.797,AIXBT/USDT:USDT,0.14863,173.0,0.14858,26.0,0.14877,67.0,0.14881,178.0
1753520786059,09:06:26.059,AIXBT/USDT:USDT,0.14863,173.0,0.14858,26.0,0.14877,67.0,0.14881,178.0
1753520786216,09:06:26.216,AIXBT/USDT:USDT,0.14863,173.0,0.14858,26.0,0.14877,67.0,0.14881,178.0
1753520786455,09:06:26.455,AIXBT/USDT:USDT,0.14863,173.0,0.14858,26.0,0.14877,67.0,0.14878,53.0
1753520786639,09:06:26.639,AIXBT/USDT:USDT,0.14863,173.0,0.14858,26.0,0.14877,67.0,0.14878,53.0
1753520786978,09:06:26.978,AIXBT/USDT:USDT,0.14863,173.0,0.14858,26.0,0.14877,67.0,0.14878,53.0
1753520787062,09:06:27.062,AIXBT/USDT:USDT,0.14863,173.0,0.14858,26.0,0.14877,67.0,0.14878,53.0
1753520787162,09:06:27.162,AIXBT/USDT:USDT,0.14863,173.0,0.14859,174.0,0.14877,67.0,0.14881,178.0
1753520787279,09:06:27.279,AIXBT/USDT:USDT,0.14863,173.0,0.14859,174.0,0.14882,484.0,0.14883,586.0
1753520787303,09:06:27.303,AIXBT/USDT:USDT,0.14863,173.0,0.14859,174.0,0.14882,484.0,0.14883,586.0
1753520787486,09:06:27.486,AIXBT/USDT:USDT,0.14863,199.0,0.14859,174.0,0.14882,484.0,0.14883,586.0
1753520787515,09:06:27.515,AIXBT/USDT:USDT,0.14864,26.0,0.14863,375.0,0.14882,484.0,0.14883,586.0
1753520787635,09:06:27.635,AIXBT/USDT:USDT,0.14864,26.0,0.14863,375.0,0.14882,484.0,0.14883,586.0
1753520787743,09:06:27.743,AIXBT/USDT:USDT,0.14864,26.0,0.14863,173.0,0.14882,484.0,0.14883,586.0
1753520787916,09:06:27.916,AIXBT/USDT:USDT,0.14864,26.0,0.14863,173.0,0.14882,484.0,0.14883,586.0
1753520788003,09:06:28.003,AIXBT/USDT:USDT,0.14864,26.0,0.14863,173.0,0.14882,484.0,0.14883,586.0
1753520788132,09:06:28.132,AIXBT/USDT:USDT,0.14864,26.0,0.14863,173.0,0.14882,484.0,0.14883,586.0
1753520788292,09:06:28.292,AIXBT/USDT:USDT,0.14864,26.0,0.14863,173.0,0.14882,484.0,0.14883,586.0
1753520788371,09:06:28.371,AIXBT/USDT:USDT,0.14864,26.0,0.14863,173.0,0.14882,484.0,0.14883,586.0
1753520788559,09:06:28.559,AIXBT/USDT:USDT,0.14863,173.0,0.14859,174.0,0.14882,484.0,0.14883,586.0
1753520788779,09:06:28.779,AIXBT/USDT:USDT,0.14863,173.0,0.14857,241.0,0.14877,67.0,0.14882,492.0
1753520788849,09:06:28.849,AIXBT/USDT:USDT,0.14863,173.0,0.14857,241.0,0.14877,67.0,0.14882,353.0
1753520788944,09:06:28.944,AIXBT/USDT:USDT,0.14863,173.0,0.14857,241.0,0.14877,67.0,0.14882,529.0
1753520789179,09:06:29.179,AIXBT/USDT:USDT,0.14863,173.0,0.14857,241.0,0.14877,67.0,0.14882,529.0
1753520789943,09:06:29.943,AIXBT/USDT:USDT,0.14863,173.0,0.14857,241.0,0.14877,67.0,0.14878,106.0
1753520790042,09:06:30.042,AIXBT/USDT:USDT,0.14863,173.0,0.14857,241.0,0.14877,67.0,0.14878,106.0
1753520790406,09:06:30.406,AIXBT/USDT:USDT,0.14863,173.0,0.14857,241.0,0.14877,67.0,0.14878,106.0
1753520790554,09:06:30.554,AIXBT/USDT:USDT,0.14863,173.0,0.14857,241.0,0.14877,67.0,0.14881,174.0
1753520790595,09:06:30.595,AIXBT/USDT:USDT,0.14863,173.0,0.14857,241.0,0.14877,67.0,0.14881,174.0
1753520791156,09:06:31.156,AIXBT/USDT:USDT,0.14863,173.0,0.14857,241.0,0.14877,67.0,0.14881,174.0
1753520791225,09:06:31.225,AIXBT/USDT:USDT,0.14863,173.0,0.14857,241.0,0.14877,67.0,0.14881,174.0
1753520792286,09:06:32.286,AIXBT/USDT:USDT,0.14863,173.0,0.14857,241.0,0.14877,67.0,0.14881,174.0
1753520792322,09:06:32.322,AIXBT/USDT:USDT,0.14863,173.0,0.14857,241.0,0.14877,67.0,0.14881,174.0
1753520792514,09:06:32.514,AIXBT/USDT:USDT,0.14863,173.0,0.14857,241.0,0.14877,67.0,0.14881,174.0
1753520792958,09:06:32.958,AIXBT/USDT:USDT,0.14863,173.0,0.14857,241.0,0.14877,75.0,0.14881,174.0
1753520794074,09:06:34.074,AIXBT/USDT:USDT,0.14863,173.0,0.14857,241.0,0.14877,75.0,0.14881,174.0
1753520794154,09:06:34.154,AIXBT/USDT:USDT,0.14863,173.0,0.14857,241.0,0.14877,75.0,0.14881,174.0
1753520794195,09:06:34.195,AIXBT/USDT:USDT,0.14863,173.0,0.14857,241.0,0.14877,75.0,0.14881,174.0
1753520795047,09:06:35.047,AIXBT/USDT:USDT,0.14863,173.0,0.14857,241.0,0.14877,75.0,0.14881,174.0
1753520795119,09:06:35.119,AIXBT/USDT:USDT,0.14863,173.0,0.14857,241.0,0.14877,75.0,0.14881,174.0
1753520795379,09:06:35.379,AIXBT/USDT:USDT,0.14863,173.0,0.14857,241.0,0.14877,75.0,0.14881,174.0
1753520795901,09:06:35.901,AIXBT/USDT:USDT,0.14863,173.0,0.14857,241.0,0.14881,174.0,0.14882,521.0
1753520796066,09:06:36.066,AIXBT/USDT:USDT,0.14863,173.0,0.14857,241.0,0.14881,174.0,0.14882,521.0
1753520796176,09:06:36.176,AIXBT/USDT:USDT,0.14863,173.0,0.14857,241.0,0.14881,174.0,0.14882,345.0
1753520796275,09:06:36.275,AIXBT/USDT:USDT,0.14863,173.0,0.14857,241.0,0.14881,174.0,0.14882,345.0
1753520796355,09:06:36.355,AIXBT/USDT:USDT,0.14863,173.0,0.14857,67.0,0.14877,67.0,0.14881,174.0
1753520796477,09:06:36.477,AIXBT/USDT:USDT,0.14864,1552.0,0.14863,5173.0,0.14877,67.0,0.14881,174.0
1753520796587,09:06:36.587,AIXBT/USDT:USDT,0.14864,1552.0,0.14863,5173.0,0.14882,521.0,0.14883,586.0
1753520796623,09:06:36.623,AIXBT/USDT:USDT,0.14864,1552.0,0.14863,5173.0,0.14882,521.0,0.14883,586.0
1753520796695,09:06:36.695,AIXBT/USDT:USDT,0.14864,1552.0,0.14863,5173.0,0.14882,521.0,0.14883,586.0
1753520796891,09:06:36.891,AIXBT/USDT:USDT,0.14864,1552.0,0.14863,5173.0,0.14882,521.0,0.14883,586.0
1753520796922,09:06:36.922,AIXBT/USDT:USDT,0.14864,1552.0,0.14863,5173.0,0.14882,521.0,0.14883,586.0
1753520797234,09:06:37.234,AIXBT/USDT:USDT,0.14864,1552.0,0.14863,5173.0,0.14882,521.0,0.14883,586.0
1753520797340,09:06:37.340,AIXBT/USDT:USDT,0.14864,1552.0,0.14863,5173.0,0.14882,521.0,0.14883,586.0
1753520797774,09:06:37.774,AIXBT/USDT:USDT,0.14864,1552.0,0.14863,5173.0,0.14882,521.0,0.14883,586.0
1753520797795,09:06:37.795,AIXBT/USDT:USDT,0.14864,1552.0,0.14863,5173.0,0.14882,521.0,0.14883,586.0
1753520798155,09:06:38.155,AIXBT/USDT:USDT,0.14864,1552.0,0.14863,5173.0,0.14882,521.0,0.14883,586.0
1753520798371,09:06:38.371,AIXBT/USDT:USDT,0.14864,1552.0,0.14863,5173.0,0.14877,67.0,0.14882,521.0
1753520798489,09:06:38.489,AIXBT/USDT:USDT,0.14864,1552.0,0.14863,5173.0,0.14877,67.0,0.14882,521.0
1753520798566,09:06:38.566,AIXBT/USDT:USDT,0.14864,1552.0,0.14863,5173.0,0.14877,67.0,0.14882,521.0
1753520799387,09:06:39.387,AIXBT/USDT:USDT,0.14864,1552.0,0.14863,5173.0,0.14882,527.0,0.14883,586.0
1753520799398,09:06:39.398,AIXBT/USDT:USDT,0.14864,1552.0,0.14863,5173.0,0.14882,527.0,0.14883,586.0
1753520799495,09:06:39.495,AIXBT/USDT:USDT,0.14864,1552.0,0.14863,5173.0,0.14882,527.0,0.14883,586.0
1753520799815,09:06:39.815,AIXBT/USDT:USDT,0.14864,1552.0,0.14863,5173.0,0.14882,527.0,0.14883,586.0
1753520800138,09:06:40.138,AIXBT/USDT:USDT,0.14864,1552.0,0.14863,5173.0,0.14882,527.0,0.14883,586.0
1753520800250,09:06:40.250,AIXBT/USDT:USDT,0.14864,1552.0,0.14863,5173.0,0.14877,67.0,0.14879,53.0
1753520800303,09:06:40.303,AIXBT/USDT:USDT,0.14864,1552.0,0.14863,5173.0,0.14877,67.0,0.14879,53.0
1753520800395,09:06:40.395,AIXBT/USDT:USDT,0.14864,1552.0,0.14863,5173.0,0.14877,67.0,0.14879,53.0
1753520800529,09:06:40.529,AIXBT/USDT:USDT,0.14864,1552.0,0.14863,5173.0,0.14877,67.0,0.14879,53.0
1753520800696,09:06:40.696,AIXBT/USDT:USDT,0.14864,1552.0,0.14863,5173.0,0.14877,67.0,0.14879,53.0
1753520801171,09:06:41.171,AIXBT/USDT:USDT,0.14864,1552.0,0.14863,5173.0,0.14877,67.0,0.14879,53.0
1753520801545,09:06:41.545,AIXBT/USDT:USDT,0.14864,1552.0,0.14863,5173.0,0.14879,99.0,0.1488,53.0
1753520801634,09:06:41.634,AIXBT/USDT:USDT,0.14864,1552.0,0.14863,5173.0,0.14877,67.0,0.14879,99.0
1753520801962,09:06:41.962,AIXBT/USDT:USDT,0.14864,1552.0,0.14863,5173.0,0.14877,67.0,0.14879,99.0
1753520802072,09:06:42.072,AIXBT/USDT:USDT,0.14863,5106.0,0.14861,532.0,0.14877,67.0,0.14879,99.0
1753520802182,09:06:42.182,AIXBT/USDT:USDT,0.14863,5106.0,0.14861,532.0,0.14877,67.0,0.14879,99.0
1753520802195,09:06:42.195,AIXBT/USDT:USDT,0.14864,1020.0,0.14863,5106.0,0.14877,67.0,0.14879,99.0
1753520802386,09:06:42.386,AIXBT/USDT:USDT,0.14864,1020.0,0.14863,5106.0,0.14877,67.0,0.14879,99.0
1753520802483,09:06:42.483,AIXBT/USDT:USDT,0.14864,1020.0,0.14863,106.0,0.14877,67.0,0.14879,99.0
1753520802500,09:06:42.500,AIXBT/USDT:USDT,0.14863,106.0,0.14861,532.0,0.14877,67.0,0.14879,99.0
1753520803243,09:06:43.243,AIXBT/USDT:USDT,0.14863,106.0,0.14861,532.0,0.14877,67.0,0.14879,99.0
1753520803664,09:06:43.664,AIXBT/USDT:USDT,0.14863,106.0,0.14861,532.0,0.14877,67.0,0.14879,99.0
1753520804054,09:06:44.054,AIXBT/USDT:USDT,0.14863,106.0,0.14861,532.0,0.14877,67.0,0.14879,99.0
1753520804579,09:06:44.579,AIXBT/USDT:USDT,0.14863,106.0,0.14861,532.0,0.14877,67.0,0.14879,99.0
1753520804652,09:06:44.652,AIXBT/USDT:USDT,0.14864,67.0,0.14863,106.0,0.14877,67.0,0.14879,99.0
1753520804769,09:06:44.769,AIXBT/USDT:USDT,0.14864,67.0,0.14863,106.0,0.14879,53.0,0.1488,53.0
1753520804884,09:06:44.884,AIXBT/USDT:USDT,0.14864,67.0,0.14863,106.0,0.14879,53.0,0.1488,53.0
1753520804937,09:06:44.937,AIXBT/USDT:USDT,0.14864,67.0,0.14863,106.0,0.14879,53.0,0.1488,53.0
1753520805299,09:06:45.299,AIXBT/USDT:USDT,0.14864,67.0,0.14863,106.0,0.14879,53.0,0.1488,53.0
1753520805580,09:06:45.580,AIXBT/USDT:USDT,0.14864,67.0,0.14863,106.0,0.14877,67.0,0.14879,99.0
1753520805629,09:06:45.629,AIXBT/USDT:USDT,0.14864,67.0,0.14863,106.0,0.14877,67.0,0.14879,99.0
1753520805713,09:06:45.713,AIXBT/USDT:USDT,0.14864,67.0,0.14863,106.0,0.14877,67.0,0.14879,99.0
1753520805795,09:06:45.795,AIXBT/USDT:USDT,0.14864,67.0,0.14863,106.0,0.14877,67.0,0.14879,99.0
1753520806136,09:06:46.136,AIXBT/USDT:USDT,0.14864,67.0,0.14863,106.0,0.14877,67.0,0.14879,99.0
1753520807687,09:06:47.687,AIXBT/USDT:USDT,0.14864,67.0,0.14863,106.0,0.14877,67.0,0.14879,99.0
1753520807753,09:06:47.753,AIXBT/USDT:USDT,0.14863,106.0,0.14861,532.0,0.14877,67.0,0.14879,99.0
1753520807870,09:06:47.870,AIXBT/USDT:USDT,0.14863,106.0,0.14861,532.0,0.14877,67.0,0.14879,99.0
1753520808174,09:06:48.174,AIXBT/USDT:USDT,0.14863,106.0,0.14861,532.0,0.14877,67.0,0.14879,99.0
1753520809739,09:06:49.739,AIXBT/USDT:USDT,0.14863,106.0,0.14861,532.0,0.14877,67.0,0.14879,99.0
1753520809809,09:06:49.809,AIXBT/USDT:USDT,0.14863,106.0,0.14861,532.0,0.14877,67.0,0.14879,99.0
1753520810682,09:06:50.682,AIXBT/USDT:USDT,0.14864,67.0,0.14863,106.0,0.14877,67.0,0.14879,99.0
1753520811430,09:06:51.430,AIXBT/USDT:USDT,0.14864,67.0,0.14863,106.0,0.14877,67.0,0.14879,99.0
1753520811498,09:06:51.498,AIXBT/USDT:USDT,0.14864,67.0,0.14863,106.0,0.14877,67.0,0.14879,99.0
1753520811595,09:06:51.595,AIXBT/USDT:USDT,0.14864,67.0,0.14863,106.0,0.14877,67.0,0.14879,99.0
1753520812050,09:06:52.050,AIXBT/USDT:USDT,0.14863,106.0,0.14861,532.0,0.14877,67.0,0.14879,99.0
1753520813488,09:06:53.488,AIXBT/USDT:USDT,0.14861,532.0,0.1486,1774.0,0.14874,345.0,0.14877,67.0
1753520813535,09:06:53.535,AIXBT/USDT:USDT,0.14861,532.0,0.1486,1774.0,0.14874,437.0,0.14877,67.0
1753520813881,09:06:53.881,AIXBT/USDT:USDT,0.14861,532.0,0.1486,1774.0,0.14874,437.0,0.14877,67.0
1753520814005,09:06:54.005,AIXBT/USDT:USDT,0.14861,532.0,0.1486,1774.0,0.14874,437.0,0.14877,67.0
1753520814313,09:06:54.313,AIXBT/USDT:USDT,0.14861,532.0,0.1486,1774.0,0.14874,437.0,0.14877,67.0
1753520814585,09:06:54.585,AIXBT/USDT:USDT,0.14861,5532.0,0.1486,1774.0,0.14874,437.0,0.14877,67.0
1753520814737,09:06:54.737,AIXBT/USDT:USDT,0.14861,5532.0,0.1486,1774.0,0.14874,437.0,0.14877,67.0
1753520814888,09:06:54.888,AIXBT/USDT:USDT,0.14861,5532.0,0.1486,1774.0,0.14874,437.0,0.14877,67.0
1753520814948,09:06:54.948,AIXBT/USDT:USDT,0.14861,5532.0,0.1486,1774.0,0.14873,345.0,0.14874,437.0
1753520815069,09:06:55.069,AIXBT/USDT:USDT,0.14861,5532.0,0.1486,1774.0,0.14873,345.0,0.14874,437.0
1753520815156,09:06:55.156,AIXBT/USDT:USDT,0.14861,5532.0,0.1486,1774.0,0.14873,345.0,0.14874,437.0
1753520816189,09:06:56.189,AIXBT/USDT:USDT,0.14861,5532.0,0.14856,1760.0,0.14871,67.0,0.14873,345.0
1753520816289,09:06:56.289,AIXBT/USDT:USDT,0.14861,5000.0,0.14857,528.0,0.14871,67.0,0.14873,345.0
1753520816305,09:06:56.305,AIXBT/USDT:USDT,0.14861,5000.0,0.14857,528.0,0.14871,67.0,0.14873,345.0
1753520816485,09:06:56.485,AIXBT/USDT:USDT,0.14861,5000.0,0.14857,528.0,0.14871,67.0,0.14873,345.0
1753520816545,09:06:56.545,AIXBT/USDT:USDT,0.14857,528.0,0.14856,1760.0,0.14871,67.0,0.14873,345.0
1753520816675,09:06:56.675,AIXBT/USDT:USDT,0.14857,528.0,0.14856,1760.0,0.14871,67.0,0.14873,345.0
1753520816858,09:06:56.858,AIXBT/USDT:USDT,0.14857,528.0,0.14856,1760.0,0.14871,77.0,0.14873,345.0
1753520817071,09:06:57.071,AIXBT/USDT:USDT,0.14857,528.0,0.14856,1760.0,0.14871,77.0,0.14873,345.0
1753520817282,09:06:57.282,AIXBT/USDT:USDT,0.14857,528.0,0.14856,1760.0,0.14871,77.0,0.14873,345.0
1753520817985,09:06:57.985,AIXBT/USDT:USDT,0.14857,528.0,0.14856,1760.0,0.14871,77.0,0.14873,345.0
1753520818100,09:06:58.100,AIXBT/USDT:USDT,0.14857,528.0,0.14856,1760.0,0.14871,77.0,0.14873,345.0
1753520819005,09:06:59.005,AIXBT/USDT:USDT,0.14857,528.0,0.14856,1760.0,0.14871,77.0,0.14873,345.0
1753520819095,09:06:59.095,AIXBT/USDT:USDT,0.14857,528.0,0.14856,1760.0,0.14871,77.0,0.14873,345.0
1753520819339,09:06:59.339,AIXBT/USDT:USDT,0.14857,528.0,0.14856,1760.0,0.14871,77.0,0.14873,345.0
1753520820274,09:07:00.274,AIXBT/USDT:USDT,0.14857,528.0,0.14856,1760.0,0.14871,77.0,0.14873,345.0
1753520820440,09:07:00.440,AIXBT/USDT:USDT,0.14856,1760.0,0.14851,67.0,0.14871,77.0,0.14873,345.0
1753520820774,09:07:00.774,AIXBT/USDT:USDT,0.14851,67.0,0.14847,144.0,0.14865,412.0,0.14871,67.0
1753520820837,09:07:00.837,AIXBT/USDT:USDT,0.14851,67.0,0.14847,144.0,0.14865,412.0,0.14871,67.0
1753520820935,09:07:00.935,AIXBT/USDT:USDT,0.14853,527.0,0.14852,1755.0,0.14865,499.0,0.14871,67.0
1753520821007,09:07:01.007,AIXBT/USDT:USDT,0.14853,527.0,0.14852,1755.0,0.14865,499.0,0.14871,67.0
1753520821134,09:07:01.134,AIXBT/USDT:USDT,0.14853,527.0,0.14852,1755.0,0.14865,499.0,0.14871,67.0
1753520821276,09:07:01.276,AIXBT/USDT:USDT,0.14853,580.0,0.14852,1755.0,0.14865,499.0,0.14871,240.0
1753520821360,09:07:01.360,AIXBT/USDT:USDT,0.14853,580.0,0.14852,1755.0,0.14865,499.0,0.14871,240.0
1753520821434,09:07:01.434,AIXBT/USDT:USDT,0.14853,53.0,0.14852,1755.0,0.14865,499.0,0.14871,240.0
1753520821775,09:07:01.775,AIXBT/USDT:USDT,0.14852,1755.0,0.14851,67.0,0.14864,345.0,0.14865,499.0
1753520821834,09:07:01.834,AIXBT/USDT:USDT,0.14852,1755.0,0.14851,67.0,0.14864,345.0,0.14865,499.0
1753520821941,09:07:01.941,AIXBT/USDT:USDT,0.14851,67.0,0.14849,527.0,0.14864,345.0,0.14865,499.0
1753520822005,09:07:02.005,AIXBT/USDT:USDT,0.14851,67.0,0.14849,527.0,0.14864,345.0,0.14865,499.0
1753520822182,09:07:02.182,AIXBT/USDT:USDT,0.14851,67.0,0.14849,527.0,0.14864,345.0,0.14865,499.0
1753520822387,09:07:02.387,AIXBT/USDT:USDT,0.14849,527.0,0.14848,1755.0,0.14864,345.0,0.14865,499.0
1753520822475,09:07:02.475,AIXBT/USDT:USDT,0.14849,527.0,0.14848,1755.0,0.14864,495.0,0.14865,499.0
1753520822778,09:07:02.778,AIXBT/USDT:USDT,0.14848,1755.0,0.14845,67.0,0.14864,501.0,0.14865,499.0
1753520822799,09:07:02.799,AIXBT/USDT:USDT,0.14848,1755.0,0.14845,67.0,0.14864,501.0,0.14865,499.0
1753520823002,09:07:03.002,AIXBT/USDT:USDT,0.14848,1755.0,0.14845,67.0,0.14864,501.0,0.14865,499.0
1753520823095,09:07:03.095,AIXBT/USDT:USDT,0.14848,1755.0,0.14845,67.0,0.14864,501.0,0.14865,499.0
1753520823404,09:07:03.404,AIXBT/USDT:USDT,0.14848,1755.0,0.14845,67.0,0.14864,501.0,0.14865,499.0
1753520823549,09:07:03.549,AIXBT/USDT:USDT,0.14848,1755.0,0.14845,67.0,0.14864,501.0,0.14865,499.0
1753520823680,09:07:03.680,AIXBT/USDT:USDT,0.14848,1755.0,0.14845,67.0,0.14859,154.0,0.1486,124.0
1753520823774,09:07:03.774,AIXBT/USDT:USDT,0.14848,1755.0,0.14845,67.0,0.14859,154.0,0.1486,124.0
1753520823829,09:07:03.829,AIXBT/USDT:USDT,0.14848,1755.0,0.14845,67.0,0.14859,154.0,0.1486,124.0
1753520823915,09:07:03.915,AIXBT/USDT:USDT,0.14848,1755.0,0.14845,67.0,0.14859,154.0,0.1486,124.0
1753520824012,09:07:04.012,AIXBT/USDT:USDT,0.14848,1755.0,0.14845,67.0,0.14859,154.0,0.1486,124.0
1753520824181,09:07:04.181,AIXBT/USDT:USDT,0.14845,67.0,0.14844,1753.0,0.14859,154.0,0.1486,124.0
1753520824251,09:07:04.251,AIXBT/USDT:USDT,0.14845,593.0,0.14844,1753.0,0.14859,154.0,0.1486,124.0
1753520824463,09:07:04.463,AIXBT/USDT:USDT,0.14845,593.0,0.14844,1753.0,0.14859,154.0,0.1486,124.0
1753520824669,09:07:04.669,AIXBT/USDT:USDT,0.14845,593.0,0.14844,1753.0,0.14859,154.0,0.1486,124.0
1753520824843,09:07:04.843,AIXBT/USDT:USDT,0.14845,593.0,0.14844,1753.0,0.14864,495.0,0.14865,412.0
1753520824979,09:07:04.979,AIXBT/USDT:USDT,0.14845,1067.0,0.14844,1753.0,0.14864,495.0,0.14865,412.0
1753520825090,09:07:05.090,AIXBT/USDT:USDT,0.14846,231.0,0.14845,998.0,0.14864,345.0,0.14865,412.0
1753520825137,09:07:05.137,AIXBT/USDT:USDT,0.14846,231.0,0.14845,997.0,0.14864,345.0,0.14865,412.0
1753520825291,09:07:05.291,AIXBT/USDT:USDT,0.14851,120.0,0.14846,188.0,0.14864,345.0,0.14865,412.0
1753520825314,09:07:05.314,AIXBT/USDT:USDT,0.14851,173.0,0.14846,26.0,0.14864,345.0,0.14865,412.0
1753520825490,09:07:05.490,AIXBT/USDT:USDT,0.14851,173.0,0.14846,302.0,0.14865,412.0,0.14869,699.0
1753520825577,09:07:05.577,AIXBT/USDT:USDT,0.14851,173.0,0.14847,194.0,0.14865,412.0,0.14869,526.0
1753520825599,09:07:05.599,AIXBT/USDT:USDT,0.14851,173.0,0.14847,194.0,0.14865,499.0,0.14869,526.0
1753520825935,09:07:05.935,AIXBT/USDT:USDT,0.14851,173.0,0.14847,194.0,0.14865,499.0,0.14869,526.0
1753520826162,09:07:06.162,AIXBT/USDT:USDT,0.14851,173.0,0.14847,194.0,0.14865,455.0,0.14869,526.0
1753520826363,09:07:06.363,AIXBT/USDT:USDT,0.14851,173.0,0.14847,194.0,0.14865,455.0,0.14869,526.0
1753520826691,09:07:06.691,AIXBT/USDT:USDT,0.14851,173.0,0.14847,194.0,0.14865,455.0,0.14869,526.0
1753520826787,09:07:06.787,AIXBT/USDT:USDT,0.14851,173.0,0.14847,194.0,0.14865,455.0,0.14869,526.0
1753520826855,09:07:06.855,AIXBT/USDT:USDT,0.14851,173.0,0.14847,194.0,0.14869,526.0,0.1487,1753.0
1753520826951,09:07:06.951,AIXBT/USDT:USDT,0.14851,173.0,0.14847,194.0,0.14871,67.0,0.14872,155.0
1753520827004,09:07:07.004,AIXBT/USDT:USDT,0.14851,180.0,0.14847,194.0,0.14871,67.0,0.14872,155.0
1753520827183,09:07:07.183,AIXBT/USDT:USDT,0.14851,180.0,0.14847,194.0,0.14871,67.0,0.14872,155.0
1753520827265,09:07:07.265,AIXBT/USDT:USDT,0.14851,180.0,0.14847,194.0,0.14871,67.0,0.14872,155.0
1753520827376,09:07:07.376,AIXBT/USDT:USDT,0.14852,175.0,0.14851,610.0,0.14871,67.0,0.14872,155.0
1753520827483,09:07:07.483,AIXBT/USDT:USDT,0.14852,183.0,0.14851,206.0,0.14871,67.0,0.14872,155.0
1753520827582,09:07:07.582,AIXBT/USDT:USDT,0.14851,610.0,0.14847,194.0,0.14871,67.0,0.14872,155.0
1753520827680,09:07:07.680,AIXBT/USDT:USDT,0.14852,183.0,0.14851,206.0,0.14871,67.0,0.14872,155.0
1753520827775,09:07:07.775,AIXBT/USDT:USDT,0.14852,74.0,0.14851,206.0,0.14871,67.0,0.14872,155.0
1753520828015,09:07:08.015,AIXBT/USDT:USDT,0.14852,183.0,0.14851,610.0,0.14871,67.0,0.14872,155.0
1753520828184,09:07:08.184,AIXBT/USDT:USDT,0.14852,183.0,0.14851,408.0,0.14856,1.0,0.1487,50.0
1753520828243,09:07:08.243,AIXBT/USDT:USDT,0.14852,183.0,0.14851,610.0,0.1487,50.0,0.14871,67.0
1753520828361,09:07:08.361,AIXBT/USDT:USDT,0.14852,183.0,0.14851,610.0,0.1487,50.0,0.14871,67.0
1753520828403,09:07:08.403,AIXBT/USDT:USDT,0.14852,183.0,0.14851,610.0,0.1487,50.0,0.14871,67.0
1753520829015,09:07:09.015,AIXBT/USDT:USDT,0.14852,183.0,0.14851,610.0,0.1487,50.0,0.14871,67.0
1753520829290,09:07:09.290,AIXBT/USDT:USDT,0.14857,67.0,0.14852,209.0,0.1487,50.0,0.14871,67.0
1753520829391,09:07:09.391,AIXBT/USDT:USDT,0.14857,120.0,0.14856,106.0,0.1487,50.0,0.14871,67.0
1753520829399,09:07:09.399,AIXBT/USDT:USDT,0.14857,120.0,0.14856,106.0,0.1487,50.0,0.14871,67.0
1753520829507,09:07:09.507,AIXBT/USDT:USDT,0.14857,120.0,0.14856,106.0,0.1487,50.0,0.14871,67.0
1753520829615,09:07:09.615,AIXBT/USDT:USDT,0.14857,120.0,0.14856,106.0,0.1487,50.0,0.14871,67.0
1753520829937,09:07:09.937,AIXBT/USDT:USDT,0.14857,120.0,0.14856,106.0,0.1487,50.0,0.14871,67.0
1753520830010,09:07:10.010,AIXBT/USDT:USDT,0.14857,120.0,0.14856,106.0,0.1487,50.0,0.14871,67.0
1753520830454,09:07:10.454,AIXBT/USDT:USDT,0.14857,120.0,0.14856,106.0,0.1487,50.0,0.14871,67.0
1753520832655,09:07:12.655,AIXBT/USDT:USDT,0.14857,120.0,0.14856,106.0,0.1487,50.0,0.14871,67.0
1753520834065,09:07:14.065,AIXBT/USDT:USDT,0.14857,120.0,0.14856,106.0,0.1487,94.0,0.14871,182.0
1753520834671,09:07:14.671,AIXBT/USDT:USDT,0.14857,120.0,0.14856,106.0,0.1487,94.0,0.14871,182.0
1753520834739,09:07:14.739,AIXBT/USDT:USDT,0.14857,120.0,0.14856,106.0,0.1487,94.0,0.14871,182.0
1753520835099,09:07:15.099,AIXBT/USDT:USDT,0.14857,120.0,0.14856,106.0,0.1487,94.0,0.14871,182.0
1753520835484,09:07:15.484,AIXBT/USDT:USDT,0.14857,120.0,0.14856,106.0,0.1487,100.0,0.14871,182.0
1753520836003,09:07:16.003,AIXBT/USDT:USDT,0.14857,120.0,0.14856,106.0,0.1487,100.0,0.14871,182.0
1753520836327,09:07:16.327,AIXBT/USDT:USDT,0.14857,120.0,0.14856,106.0,0.1487,100.0,0.14871,182.0
1753520838085,09:07:18.085,AIXBT/USDT:USDT,0.14857,120.0,0.14856,106.0,0.1487,100.0,0.14871,182.0
1753520838246,09:07:18.246,AIXBT/USDT:USDT,0.14857,120.0,0.14856,106.0,0.1487,100.0,0.14871,182.0
1753520839311,09:07:19.311,AIXBT/USDT:USDT,0.14857,120.0,0.14856,106.0,0.1487,100.0,0.14871,182.0
1753520839538,09:07:19.538,AIXBT/USDT:USDT,0.14857,120.0,0.14856,106.0,0.1487,100.0,0.14871,182.0
1753520841486,09:07:21.486,AIXBT/USDT:USDT,0.14855,525.0,0.14854,1749.0,0.1487,100.0,0.14871,182.0
1753520841533,09:07:21.533,AIXBT/USDT:USDT,0.14855,525.0,0.14854,1749.0,0.1487,100.0,0.14871,182.0
1753520841695,09:07:21.695,AIXBT/USDT:USDT,0.14855,525.0,0.14854,1749.0,0.1487,100.0,0.14871,182.0
1753520842121,09:07:22.121,AIXBT/USDT:USDT,0.14855,525.0,0.14854,1749.0,0.1487,100.0,0.14871,182.0
1753520842842,09:07:22.842,AIXBT/USDT:USDT,0.14855,525.0,0.14854,1749.0,0.1487,100.0,0.14871,182.0
1753520842942,09:07:22.942,AIXBT/USDT:USDT,0.14855,929.0,0.14854,1749.0,0.1487,94.0,0.14871,182.0
1753520843059,09:07:23.059,AIXBT/USDT:USDT,0.14855,929.0,0.14854,1749.0,0.1487,69.0,0.14871,120.0
1753520843582,09:07:23.582,AIXBT/USDT:USDT,0.14855,929.0,0.14854,1749.0,0.1487,50.0,0.14871,120.0
1753520844114,09:07:24.114,AIXBT/USDT:USDT,0.14855,525.0,0.14854,1749.0,0.1487,57.0,0.14871,120.0
1753520844338,09:07:24.338,AIXBT/USDT:USDT,0.14855,525.0,0.14854,1749.0,0.1487,57.0,0.14871,120.0
1753520845054,09:07:25.054,AIXBT/USDT:USDT,0.14855,525.0,0.14854,1749.0,0.1487,57.0,0.14871,120.0
1753520845273,09:07:25.273,AIXBT/USDT:USDT,0.14855,525.0,0.14854,1749.0,0.1487,57.0,0.14871,120.0
1753520845985,09:07:25.985,AIXBT/USDT:USDT,0.14855,525.0,0.14854,1749.0,0.14865,67.0,0.1487,57.0
1753520846052,09:07:26.052,AIXBT/USDT:USDT,0.14855,525.0,0.14854,1749.0,0.14865,67.0,0.14866,53.0
1753520846159,09:07:26.159,AIXBT/USDT:USDT,0.14855,525.0,0.14854,1749.0,0.14865,67.0,0.14866,53.0
1753520846248,09:07:26.248,AIXBT/USDT:USDT,0.14855,525.0,0.14854,1749.0,0.14865,67.0,0.14866,53.0
1753520846301,09:07:26.301,AIXBT/USDT:USDT,0.14854,1749.0,0.14851,74.0,0.14865,67.0,0.14866,53.0
1753520846584,09:07:26.584,AIXBT/USDT:USDT,0.14854,1802.0,0.14853,106.0,0.14865,67.0,0.14866,53.0
1753520846675,09:07:26.675,AIXBT/USDT:USDT,0.14855,541.0,0.14854,1802.0,0.14866,53.0,0.14867,53.0
1753520846716,09:07:26.716,AIXBT/USDT:USDT,0.14855,541.0,0.14854,1802.0,0.14866,53.0,0.14867,53.0
1753520846999,09:07:26.999,AIXBT/USDT:USDT,0.14855,541.0,0.14854,1802.0,0.14866,53.0,0.14867,53.0
1753520847420,09:07:27.420,AIXBT/USDT:USDT,0.14855,541.0,0.14854,1802.0,0.14866,53.0,0.14867,53.0
1753520847788,09:07:27.788,AIXBT/USDT:USDT,0.14855,541.0,0.14854,1802.0,0.14866,60.0,0.14867,53.0
1753520847843,09:07:27.843,AIXBT/USDT:USDT,0.14855,541.0,0.14854,1802.0,0.14866,60.0,0.14867,53.0
1753520848354,09:07:28.354,AIXBT/USDT:USDT,0.14855,541.0,0.14854,1802.0,0.14866,60.0,0.14867,53.0
1753520848395,09:07:28.395,AIXBT/USDT:USDT,0.14855,541.0,0.14854,1802.0,0.14866,60.0,0.14867,53.0
1753520849147,09:07:29.147,AIXBT/USDT:USDT,0.14855,541.0,0.14854,1802.0,0.14866,60.0,0.14867,53.0
1753520850483,09:07:30.483,AIXBT/USDT:USDT,0.14855,541.0,0.14854,1802.0,0.1487,50.0,0.14871,67.0
1753520850496,09:07:30.496,AIXBT/USDT:USDT,0.14855,541.0,0.14854,1802.0,0.1487,50.0,0.14871,67.0
1753520851831,09:07:31.831,AIXBT/USDT:USDT,0.14855,541.0,0.14854,1802.0,0.1487,58.0,0.14871,67.0
1753520852322,09:07:32.322,AIXBT/USDT:USDT,0.14855,541.0,0.14854,1802.0,0.1487,58.0,0.14871,67.0
1753520853954,09:07:33.954,AIXBT/USDT:USDT,0.14855,541.0,0.14854,1802.0,0.1487,58.0,0.14871,67.0
1753520853994,09:07:33.994,AIXBT/USDT:USDT,0.14855,541.0,0.14854,1802.0,0.1487,58.0,0.14871,67.0
1753520854939,09:07:34.939,AIXBT/USDT:USDT,0.14855,541.0,0.14854,1802.0,0.1487,58.0,0.14871,67.0
1753520854995,09:07:34.995,AIXBT/USDT:USDT,0.14855,541.0,0.14854,1802.0,0.1487,58.0,0.14871,67.0
1753520857787,09:07:37.787,AIXBT/USDT:USDT,0.14851,7.0,0.14847,194.0,0.14864,67.0,0.14865,345.0
1753520857889,09:07:37.889,AIXBT/USDT:USDT,0.14852,106.0,0.14851,1736.0,0.14864,67.0,0.14865,345.0
1753520857895,09:07:37.895,AIXBT/USDT:USDT,0.14852,627.0,0.14851,1736.0,0.14864,67.0,0.14865,345.0
1753520858120,09:07:38.120,AIXBT/USDT:USDT,0.14852,694.0,0.14851,1736.0,0.14864,67.0,0.14865,345.0
1753520858342,09:07:38.342,AIXBT/USDT:USDT,0.14852,694.0,0.14851,1736.0,0.14864,67.0,0.14865,345.0
1753520858738,09:07:38.738,AIXBT/USDT:USDT,0.14852,694.0,0.14851,1736.0,0.14864,67.0,0.14865,345.0
1753520859011,09:07:39.011,AIXBT/USDT:USDT,0.14852,694.0,0.14851,1736.0,0.14864,108.0,0.14865,345.0
1753520859188,09:07:39.188,AIXBT/USDT:USDT,0.14852,53.0,0.14851,1736.0,0.14864,149.0,0.14865,345.0
1753520859287,09:07:39.287,AIXBT/USDT:USDT,0.14852,574.0,0.14851,1736.0,0.14864,149.0,0.14865,345.0
1753520859295,09:07:39.295,AIXBT/USDT:USDT,0.14852,574.0,0.14851,1736.0,0.14864,149.0,0.14865,345.0
1753520860377,09:07:40.377,AIXBT/USDT:USDT,0.14852,574.0,0.14851,1736.0,0.14864,149.0,0.14865,345.0
1753520860466,09:07:40.466,AIXBT/USDT:USDT,0.14852,627.0,0.14851,1736.0,0.14864,149.0,0.14865,345.0
1753520860534,09:07:40.534,AIXBT/USDT:USDT,0.14852,627.0,0.14851,1736.0,0.14864,157.0,0.14865,345.0
1753520861008,09:07:41.008,AIXBT/USDT:USDT,0.14852,627.0,0.14851,1736.0,0.14864,157.0,0.14865,345.0
1753520861346,09:07:41.346,AIXBT/USDT:USDT,0.14852,627.0,0.14851,1736.0,0.14864,149.0,0.14865,345.0
1753520861483,09:07:41.483,AIXBT/USDT:USDT,0.14852,53.0,0.14851,1736.0,0.14864,149.0,0.14865,345.0
1753520861556,09:07:41.556,AIXBT/USDT:USDT,0.14851,7.0,0.14845,67.0,0.14863,345.0,0.14864,149.0
1753520861676,09:07:41.676,AIXBT/USDT:USDT,0.14851,7.0,0.14848,520.0,0.14863,345.0,0.14864,149.0
1753520861733,09:07:41.733,AIXBT/USDT:USDT,0.14851,7.0,0.14848,520.0,0.14863,352.0,0.14864,149.0
1753520861880,09:07:41.880,AIXBT/USDT:USDT,0.14851,7.0,0.14843,67.0,0.14858,149.0,0.14859,128.0
1753520861985,09:07:41.985,AIXBT/USDT:USDT,0.14851,7.0,0.14843,67.0,0.14858,149.0,0.14859,128.0
1753520862075,09:07:42.075,AIXBT/USDT:USDT,0.14851,7.0,0.14838,159.0,0.14856,345.0,0.14858,149.0
1753520862187,09:07:42.187,AIXBT/USDT:USDT,0.14838,159.0,0.14837,343.0,0.14856,345.0,0.14858,149.0
1753520862278,09:07:42.278,AIXBT/USDT:USDT,0.14839,520.0,0.14838,1734.0,0.14856,345.0,0.14858,108.0
1753520862336,09:07:42.336,AIXBT/USDT:USDT,0.14839,520.0,0.14838,1734.0,0.14856,345.0,0.14858,108.0
1753520862484,09:07:42.484,AIXBT/USDT:USDT,0.14839,520.0,0.14838,1734.0,0.14856,345.0,0.14858,108.0
1753520862587,09:07:42.587,AIXBT/USDT:USDT,0.14843,173.0,0.14839,520.0,0.14856,386.0,0.14858,108.0
1753520862595,09:07:42.595,AIXBT/USDT:USDT,0.14843,173.0,0.14839,520.0,0.14856,386.0,0.14858,108.0
1753520862845,09:07:42.845,AIXBT/USDT:USDT,0.14843,173.0,0.14839,520.0,0.14856,345.0,0.14858,108.0
1753520862896,09:07:42.896,AIXBT/USDT:USDT,0.14843,173.0,0.14839,520.0,0.14856,345.0,0.14858,108.0
1753520863312,09:07:43.312,AIXBT/USDT:USDT,0.14843,173.0,0.14839,520.0,0.14856,345.0,0.14858,108.0
1753520863538,09:07:43.538,AIXBT/USDT:USDT,0.14843,173.0,0.14839,520.0,0.14856,345.0,0.14858,108.0
1753520863701,09:07:43.701,AIXBT/USDT:USDT,0.14843,173.0,0.14839,520.0,0.14856,345.0,0.14858,108.0
1753520863876,09:07:43.876,AIXBT/USDT:USDT,0.14843,173.0,0.14839,520.0,0.14856,345.0,0.14858,108.0
1753520864329,09:07:44.329,AIXBT/USDT:USDT,0.14843,173.0,0.14839,520.0,0.14856,345.0,0.14858,108.0
1753520864989,09:07:44.989,AIXBT/USDT:USDT,0.14844,173.0,0.14843,577.0,0.14858,108.0,0.14859,64.0
1753520865075,09:07:45.075,AIXBT/USDT:USDT,0.14843,173.0,0.14839,865.0,0.14858,108.0,0.14859,64.0
1753520865335,09:07:45.335,AIXBT/USDT:USDT,0.14843,173.0,0.14839,865.0,0.14858,108.0,0.14859,64.0
1753520865855,09:07:45.855,AIXBT/USDT:USDT,0.14844,173.0,0.14843,577.0,0.14858,108.0,0.14859,64.0
1753520866181,09:07:46.181,AIXBT/USDT:USDT,0.14843,577.0,0.14839,865.0,0.14858,108.0,0.14859,64.0
1753520866195,09:07:46.195,AIXBT/USDT:USDT,0.14844,173.0,0.14843,577.0,0.14858,108.0,0.14859,64.0
1753520867427,09:07:47.427,AIXBT/USDT:USDT,0.14844,173.0,0.14843,577.0,0.14858,108.0,0.14859,64.0
1753520867674,09:07:47.674,AIXBT/USDT:USDT,0.14844,173.0,0.14843,577.0,0.14858,108.0,0.14859,64.0
1753520868339,09:07:48.339,AIXBT/USDT:USDT,0.14844,173.0,0.14843,577.0,0.14858,108.0,0.14859,64.0
1753520869240,09:07:49.240,AIXBT/USDT:USDT,0.14844,404.0,0.14843,173.0,0.14858,108.0,0.14859,64.0
1753520870035,09:07:50.035,AIXBT/USDT:USDT,0.14844,404.0,0.14843,173.0,0.14858,41.0,0.14859,64.0
1753520870155,09:07:50.155,AIXBT/USDT:USDT,0.14844,404.0,0.14843,173.0,0.14858,41.0,0.14859,64.0
1753520870575,09:07:50.575,AIXBT/USDT:USDT,0.14849,173.0,0.14844,26.0,0.14862,50.0,0.14863,345.0
1753520870597,09:07:50.597,AIXBT/USDT:USDT,0.14849,173.0,0.14844,26.0,0.14862,50.0,0.14863,345.0
1753520870754,09:07:50.754,AIXBT/USDT:USDT,0.14849,173.0,0.14844,26.0,0.14862,50.0,0.14863,345.0
1753520870891,09:07:50.891,AIXBT/USDT:USDT,0.14849,173.0,0.14844,26.0,0.14862,50.0,0.14863,345.0
1753520870895,09:07:50.895,AIXBT/USDT:USDT,0.14849,173.0,0.14844,26.0,0.14862,50.0,0.14863,345.0
1753520871011,09:07:51.011,AIXBT/USDT:USDT,0.14849,173.0,0.14844,26.0,0.14862,50.0,0.14863,345.0
1753520871390,09:07:51.390,AIXBT/USDT:USDT,0.14849,173.0,0.14844,26.0,0.14862,50.0,0.14863,345.0
1753520871473,09:07:51.473,AIXBT/USDT:USDT,0.14849,173.0,0.14844,26.0,0.14862,50.0,0.14864,67.0
1753520871554,09:07:51.554,AIXBT/USDT:USDT,0.14849,173.0,0.14844,26.0,0.14862,132.0,0.14864,412.0
1753520871623,09:07:51.623,AIXBT/USDT:USDT,0.14849,53.0,0.14844,26.0,0.14862,132.0,0.14864,412.0
1753520871974,09:07:51.974,AIXBT/USDT:USDT,0.1485,120.0,0.14849,106.0,0.14862,91.0,0.14864,412.0
1753520872023,09:07:52.023,AIXBT/USDT:USDT,0.1485,120.0,0.14849,106.0,0.14862,91.0,0.14864,412.0
1753520872191,09:07:52.191,AIXBT/USDT:USDT,0.1485,120.0,0.14849,106.0,0.14862,91.0,0.14864,412.0
1753520872214,09:07:52.214,AIXBT/USDT:USDT,0.1485,120.0,0.14849,625.0,0.14862,91.0,0.14864,412.0
1753520873004,09:07:53.004,AIXBT/USDT:USDT,0.1485,120.0,0.14849,625.0,0.14862,91.0,0.14864,412.0
1753520873139,09:07:53.139,AIXBT/USDT:USDT,0.1485,120.0,0.14849,625.0,0.14862,91.0,0.14864,412.0
1753520873438,09:07:53.438,AIXBT/USDT:USDT,0.1485,120.0,0.14849,625.0,0.14862,91.0,0.14864,412.0
1753520873761,09:07:53.761,AIXBT/USDT:USDT,0.1485,120.0,0.14849,625.0,0.14862,91.0,0.14864,412.0
1753520874023,09:07:54.023,AIXBT/USDT:USDT,0.1485,120.0,0.14849,625.0,0.14862,91.0,0.14864,412.0
1753520875223,09:07:55.223,AIXBT/USDT:USDT,0.1485,120.0,0.14849,625.0,0.14862,91.0,0.14864,412.0
1753520875294,09:07:55.294,AIXBT/USDT:USDT,0.1485,120.0,0.14849,625.0,0.14862,91.0,0.14864,412.0
1753520875555,09:07:55.555,AIXBT/USDT:USDT,0.1485,120.0,0.14849,625.0,0.14862,50.0,0.14864,412.0
1753520875634,09:07:55.634,AIXBT/USDT:USDT,0.1485,120.0,0.14849,625.0,0.14862,50.0,0.14864,412.0
1753520876081,09:07:56.081,AIXBT/USDT:USDT,0.14851,157.0,0.1485,120.0,0.14862,50.0,0.14864,412.0
1753520876182,09:07:56.182,AIXBT/USDT:USDT,0.1485,524.0,0.14849,625.0,0.14862,50.0,0.14864,412.0
1753520876280,09:07:56.280,AIXBT/USDT:USDT,0.14851,157.0,0.1485,120.0,0.14862,50.0,0.14864,412.0
1753520876341,09:07:56.341,AIXBT/USDT:USDT,0.1485,322.0,0.14849,625.0,0.14862,50.0,0.14864,412.0
1753520876482,09:07:56.482,AIXBT/USDT:USDT,0.14851,157.0,0.1485,120.0,0.14862,50.0,0.14864,67.0
1753520876581,09:07:56.581,AIXBT/USDT:USDT,0.14851,157.0,0.1485,524.0,0.14862,50.0,0.14864,67.0
1753520876595,09:07:56.595,AIXBT/USDT:USDT,0.14851,157.0,0.1485,524.0,0.14862,50.0,0.14864,67.0
1753520876774,09:07:56.774,AIXBT/USDT:USDT,0.14851,157.0,0.1485,524.0,0.14862,50.0,0.14865,345.0
1753520877482,09:07:57.482,AIXBT/USDT:USDT,0.14851,157.0,0.1485,524.0,0.14862,50.0,0.14865,345.0
1753520877939,09:07:57.939,AIXBT/USDT:USDT,0.14851,157.0,0.1485,524.0,0.14862,50.0,0.14865,345.0
1753520878037,09:07:58.037,AIXBT/USDT:USDT,0.14851,157.0,0.1485,524.0,0.14862,50.0,0.14865,345.0
1753520878346,09:07:58.346,AIXBT/USDT:USDT,0.14851,157.0,0.1485,524.0,0.14862,50.0,0.14865,345.0
1753520878734,09:07:58.734,AIXBT/USDT:USDT,0.14851,157.0,0.1485,524.0,0.14862,50.0,0.14865,345.0
1753520880314,09:08:00.314,AIXBT/USDT:USDT,0.1485,120.0,0.14849,625.0,0.14862,50.0,0.14865,345.0
1753520880974,09:08:00.974,AIXBT/USDT:USDT,0.14851,157.0,0.1485,524.0,0.14862,50.0,0.14865,345.0
1753520881014,09:08:01.014,AIXBT/USDT:USDT,0.14851,157.0,0.1485,524.0,0.14862,50.0,0.14865,345.0
1753520881096,09:08:01.096,AIXBT/USDT:USDT,0.14851,157.0,0.1485,524.0,0.14862,50.0,0.14865,345.0
1753520881287,09:08:01.287,AIXBT/USDT:USDT,0.14851,157.0,0.1485,524.0,0.14865,345.0,0.1487,50.0
1753520881295,09:08:01.295,AIXBT/USDT:USDT,0.14851,157.0,0.1485,524.0,0.14865,345.0,0.1487,50.0
1753520882313,09:08:02.313,AIXBT/USDT:USDT,0.14851,157.0,0.1485,524.0,0.14865,345.0,0.1487,50.0
1753520882741,09:08:02.741,AIXBT/USDT:USDT,0.14851,157.0,0.1485,524.0,0.14865,345.0,0.1487,50.0
1753520882875,09:08:02.875,AIXBT/USDT:USDT,0.14851,157.0,0.1485,524.0,0.14865,345.0,0.1487,50.0
1753520883334,09:08:03.334,AIXBT/USDT:USDT,0.1485,120.0,0.14849,625.0,0.14865,345.0,0.1487,50.0
1753520883783,09:08:03.783,AIXBT/USDT:USDT,0.14851,157.0,0.1485,524.0,0.14865,345.0,0.1487,50.0
1753520884548,09:08:04.548,AIXBT/USDT:USDT,0.14851,157.0,0.1485,524.0,0.14864,67.0,0.14865,345.0
1753520884674,09:08:04.674,AIXBT/USDT:USDT,0.1485,120.0,0.14849,625.0,0.14864,67.0,0.14865,345.0
1753520885543,09:08:05.543,AIXBT/USDT:USDT,0.1485,120.0,0.14849,625.0,0.14864,67.0,0.14865,345.0
1753520886003,09:08:06.003,AIXBT/USDT:USDT,0.1485,120.0,0.14849,625.0,0.14864,67.0,0.14865,345.0
1753520886790,09:08:06.790,AIXBT/USDT:USDT,0.1485,67.0,0.14849,572.0,0.14864,67.0,0.14865,345.0
1753520886858,09:08:06.858,AIXBT/USDT:USDT,0.14849,519.0,0.14848,1729.0,0.14863,345.0,0.14864,67.0
1753520886904,09:08:06.904,AIXBT/USDT:USDT,0.14848,1729.0,0.14843,67.0,0.14863,345.0,0.14864,67.0
1753520887215,09:08:07.215,AIXBT/USDT:USDT,0.14848,1729.0,0.14843,67.0,0.14863,345.0,0.14864,67.0
1753520887572,09:08:07.572,AIXBT/USDT:USDT,0.14848,1729.0,0.14843,67.0,0.14863,345.0,0.14864,67.0
1753520887788,09:08:07.788,AIXBT/USDT:USDT,0.14848,1729.0,0.14843,67.0,0.14863,356.0,0.14864,67.0
1753520888005,09:08:08.005,AIXBT/USDT:USDT,0.14848,1729.0,0.14843,67.0,0.14863,356.0,0.14864,67.0
1753520888439,09:08:08.439,AIXBT/USDT:USDT,0.14848,1729.0,0.14843,67.0,0.14863,356.0,0.14864,67.0
1753520889074,09:08:09.074,AIXBT/USDT:USDT,0.14848,1729.0,0.14843,67.0,0.14863,356.0,0.14864,67.0
1753520889478,09:08:09.478,AIXBT/USDT:USDT,0.14848,1729.0,0.14843,67.0,0.14863,356.0,0.14864,67.0
1753520890875,09:08:10.875,AIXBT/USDT:USDT,0.14848,1729.0,0.14843,67.0,0.14863,356.0,0.14864,67.0
1753520891358,09:08:11.358,AIXBT/USDT:USDT,0.14848,1729.0,0.14843,67.0,0.14863,356.0,0.14864,67.0
1753520892004,09:08:12.004,AIXBT/USDT:USDT,0.14848,1729.0,0.14843,67.0,0.14863,356.0,0.14864,67.0
1753520892340,09:08:12.340,AIXBT/USDT:USDT,0.14848,1729.0,0.14843,67.0,0.14863,356.0,0.14864,67.0
1753520893780,09:08:13.780,AIXBT/USDT:USDT,0.14848,1729.0,0.14843,67.0,0.14858,67.0,0.14859,53.0
1753520893881,09:08:13.881,AIXBT/USDT:USDT,0.14848,1729.0,0.14843,67.0,0.14858,67.0,0.14859,53.0
1753520894175,09:08:14.175,AIXBT/USDT:USDT,0.14844,538.0,0.14843,1793.0,0.14858,67.0,0.14859,53.0
1753520894215,09:08:14.215,AIXBT/USDT:USDT,0.14844,538.0,0.14843,1793.0,0.14858,67.0,0.14859,53.0
1753520894383,09:08:14.383,AIXBT/USDT:USDT,0.14844,538.0,0.14843,1793.0,0.14858,73.0,0.14859,53.0
1753520894420,09:08:14.420,AIXBT/USDT:USDT,0.14844,538.0,0.14843,1793.0,0.14858,73.0,0.14859,53.0
1753520895454,09:08:15.454,AIXBT/USDT:USDT,0.14844,942.0,0.14843,1793.0,0.14858,6.0,0.14859,53.0
1753520895684,09:08:15.684,AIXBT/USDT:USDT,0.14844,766.0,0.14843,1793.0,0.14862,50.0,0.14863,345.0
1753520895744,09:08:15.744,AIXBT/USDT:USDT,0.14849,120.0,0.14844,564.0,0.14862,50.0,0.14863,345.0
1753520896035,09:08:16.035,AIXBT/USDT:USDT,0.14849,173.0,0.14844,564.0,0.14862,50.0,0.14863,345.0
1753520896285,09:08:16.285,AIXBT/USDT:USDT,0.14849,173.0,0.14844,564.0,0.14862,50.0,0.14863,345.0
1753520896319,09:08:16.319,AIXBT/USDT:USDT,0.14849,173.0,0.14844,564.0,0.14862,50.0,0.14864,67.0
1753520896454,09:08:16.454,AIXBT/USDT:USDT,0.14849,173.0,0.14844,564.0,0.14862,50.0,0.14864,67.0
1753520896814,09:08:16.814,AIXBT/USDT:USDT,0.14849,173.0,0.14846,276.0,0.14862,50.0,0.14864,67.0
1753520897005,09:08:17.005,AIXBT/USDT:USDT,0.14849,173.0,0.14846,276.0,0.14862,50.0,0.14864,67.0
1753520897140,09:08:17.140,AIXBT/USDT:USDT,0.14849,173.0,0.14846,276.0,0.14862,50.0,0.14864,67.0
