timestamp,time,symbol,bid1_price,bid1_volume,bid2_price,bid2_volume,ask1_price,ask1_volume,ask2_price,ask2_volume
1753520626000,09:03:46.000,ACT/USDT:USDT,0.04627,831.0,0.04625,49.0,0.04633,267.0,0.04634,1080.0
1753520626899,09:03:46.899,ACT/USDT:USDT,0.04627,831.0,0.04625,49.0,0.04633,267.0,0.04634,1080.0
1753520628013,09:03:48.013,ACT/USDT:USDT,0.04627,831.0,0.04625,49.0,0.04633,267.0,0.04634,1080.0
1753520628168,09:03:48.168,ACT/USDT:USDT,0.04628,185.0,0.04627,183.0,0.04633,43.0,0.04635,1028.0
1753520628256,09:03:48.256,ACT/USDT:USDT,0.04628,833.0,0.04627,1263.0,0.04634,43.0,0.04635,1028.0
1753520628279,09:03:48.279,ACT/USDT:USDT,0.04628,833.0,0.04627,1263.0,0.04634,43.0,0.04635,1028.0
1753520628730,09:03:48.730,ACT/USDT:USDT,0.04628,833.0,0.04627,1263.0,0.04634,43.0,0.04635,1028.0
1753520629151,09:03:49.151,ACT/USDT:USDT,0.04629,185.0,0.04628,833.0,0.04634,43.0,0.04635,1028.0
1753520629181,09:03:49.181,ACT/USDT:USDT,0.04629,185.0,0.04628,833.0,0.04634,43.0,0.04635,1028.0
1753520629616,09:03:49.616,ACT/USDT:USDT,0.04629,185.0,0.04628,833.0,0.04634,43.0,0.04635,1028.0
1753520629793,09:03:49.793,ACT/USDT:USDT,0.04629,185.0,0.04628,833.0,0.04634,43.0,0.04635,1028.0
1753520631698,09:03:51.698,ACT/USDT:USDT,0.04629,185.0,0.04628,833.0,0.04634,43.0,0.04635,1028.0
1753520631779,09:03:51.779,ACT/USDT:USDT,0.04629,185.0,0.04628,833.0,0.04634,43.0,0.04635,1028.0
1753520632258,09:03:52.258,ACT/USDT:USDT,0.04629,185.0,0.04628,833.0,0.04634,43.0,0.04636,1215.0
1753520632344,09:03:52.344,ACT/USDT:USDT,0.04629,185.0,0.04628,833.0,0.04635,43.0,0.04636,1215.0
1753520632382,09:03:52.382,ACT/USDT:USDT,0.04629,185.0,0.04628,833.0,0.04635,43.0,0.04636,1215.0
1753520632559,09:03:52.559,ACT/USDT:USDT,0.04629,185.0,0.04628,882.0,0.04635,43.0,0.04636,1215.0
1753520633330,09:03:53.330,ACT/USDT:USDT,0.04629,185.0,0.04628,882.0,0.04635,43.0,0.04636,1215.0
1753520633758,09:03:53.758,ACT/USDT:USDT,0.04629,185.0,0.04628,882.0,0.04635,43.0,0.04636,1215.0
1753520636767,09:03:56.767,ACT/USDT:USDT,0.04629,185.0,0.04628,882.0,0.04635,43.0,0.04636,1215.0
1753520636815,09:03:56.815,ACT/USDT:USDT,0.04629,185.0,0.04628,234.0,0.04635,43.0,0.04636,1215.0
1753520637422,09:03:57.422,ACT/USDT:USDT,0.04629,185.0,0.04628,234.0,0.04635,43.0,0.04636,1215.0
1753520637582,09:03:57.582,ACT/USDT:USDT,0.04629,833.0,0.04628,234.0,0.04635,43.0,0.04636,1215.0
1753520641818,09:04:01.818,ACT/USDT:USDT,0.04629,833.0,0.04628,234.0,0.04635,43.0,0.04636,1215.0
1753520642760,09:04:02.760,ACT/USDT:USDT,0.04629,833.0,0.04628,234.0,0.04635,1071.0,0.04636,187.0
1753520645185,09:04:05.185,ACT/USDT:USDT,0.04629,833.0,0.04628,234.0,0.04635,1071.0,0.04636,187.0
1753520651192,09:04:11.192,ACT/USDT:USDT,0.04629,833.0,0.04628,234.0,0.04635,1071.0,0.04636,187.0
1753520652258,09:04:12.258,ACT/USDT:USDT,0.04629,833.0,0.04628,234.0,0.04635,1071.0,0.04636,187.0
1753520652528,09:04:12.528,ACT/USDT:USDT,0.04629,833.0,0.04628,234.0,0.04635,1071.0,0.04636,187.0
1753520652699,09:04:12.699,ACT/USDT:USDT,0.04629,833.0,0.04628,234.0,0.04635,1071.0,0.04636,187.0
1753520656089,09:04:16.089,ACT/USDT:USDT,0.04629,833.0,0.04628,234.0,0.04635,1071.0,0.04636,187.0
1753520657538,09:04:17.538,ACT/USDT:USDT,0.04629,833.0,0.04628,234.0,0.04635,1071.0,0.04636,187.0
1753520657844,09:04:17.844,ACT/USDT:USDT,0.04629,833.0,0.04628,234.0,0.04635,1071.0,0.04636,187.0
1753520657999,09:04:17.999,ACT/USDT:USDT,0.04629,833.0,0.04628,234.0,0.04635,1071.0,0.04636,187.0
1753520658271,09:04:18.271,ACT/USDT:USDT,0.04629,833.0,0.04628,234.0,0.04635,1071.0,0.04636,187.0
1753520661768,09:04:21.768,ACT/USDT:USDT,0.0463,187.0,0.04629,833.0,0.04635,1071.0,0.04636,187.0
1753520661795,09:04:21.795,ACT/USDT:USDT,0.0463,187.0,0.04629,235.0,0.04635,1071.0,0.04636,187.0
1753520662618,09:04:22.618,ACT/USDT:USDT,0.0463,187.0,0.04629,235.0,0.04635,1071.0,0.04636,187.0
1753520663358,09:04:23.358,ACT/USDT:USDT,0.0463,187.0,0.04629,235.0,0.04635,43.0,0.04636,187.0
1753520663398,09:04:23.398,ACT/USDT:USDT,0.0463,835.0,0.04629,235.0,0.04636,231.0,0.04637,2296.0
1753520663483,09:04:23.483,ACT/USDT:USDT,0.0463,835.0,0.04629,235.0,0.04636,231.0,0.04637,2296.0
1753520669145,09:04:29.145,ACT/USDT:USDT,0.0463,835.0,0.04629,1848.0,0.04636,1259.0,0.04637,1799.0
1753520671718,09:04:31.718,ACT/USDT:USDT,0.0463,835.0,0.04629,235.0,0.04636,1259.0,0.04637,1268.0
1753520671779,09:04:31.779,ACT/USDT:USDT,0.0463,835.0,0.04629,235.0,0.04636,1259.0,0.04637,1268.0
1753520672693,09:04:32.693,ACT/USDT:USDT,0.0463,835.0,0.04629,235.0,0.04636,1259.0,0.04637,1268.0
1753520674558,09:04:34.558,ACT/USDT:USDT,0.0463,835.0,0.04629,235.0,0.04636,1259.0,0.04637,1268.0
1753520674579,09:04:34.579,ACT/USDT:USDT,0.0463,835.0,0.04629,235.0,0.04636,1259.0,0.04637,1268.0
1753520681001,09:04:41.001,ACT/USDT:USDT,0.0463,835.0,0.04629,235.0,0.04636,1259.0,0.04637,1268.0
1753520681374,09:04:41.374,ACT/USDT:USDT,0.0463,835.0,0.04629,235.0,0.04636,1259.0,0.04637,188.0
1753520681698,09:04:41.698,ACT/USDT:USDT,0.0463,835.0,0.04629,235.0,0.04636,1259.0,0.04637,188.0
1753520682506,09:04:42.506,ACT/USDT:USDT,0.0463,648.0,0.04629,235.0,0.04636,1259.0,0.04637,1268.0
1753520682919,09:04:42.919,ACT/USDT:USDT,0.0463,648.0,0.04629,50.0,0.04635,188.0,0.04636,1259.0
1753520682998,09:04:42.998,ACT/USDT:USDT,0.0463,648.0,0.04629,50.0,0.04635,188.0,0.04636,1259.0
1753520687369,09:04:47.369,ACT/USDT:USDT,0.04631,648.0,0.0463,50.0,0.04636,879.0,0.04637,188.0
1753520687412,09:04:47.412,ACT/USDT:USDT,0.04631,648.0,0.0463,50.0,0.04636,232.0,0.04637,188.0
1753520687571,09:04:47.571,ACT/USDT:USDT,0.04631,648.0,0.0463,50.0,0.04636,188.0,0.04637,232.0
1753520687728,09:04:47.728,ACT/USDT:USDT,0.04631,648.0,0.0463,50.0,0.04636,188.0,0.04637,232.0
1753520688656,09:04:48.656,ACT/USDT:USDT,0.04631,648.0,0.0463,50.0,0.04636,188.0,0.04637,232.0
1753520688677,09:04:48.677,ACT/USDT:USDT,0.04631,648.0,0.04629,50.0,0.04636,188.0,0.04637,232.0
1753520689782,09:04:49.782,ACT/USDT:USDT,0.04631,648.0,0.04629,50.0,0.04636,188.0,0.04637,232.0
1753520692278,09:04:52.278,ACT/USDT:USDT,0.04631,648.0,0.04629,50.0,0.04636,188.0,0.04637,232.0
1753520696295,09:04:56.295,ACT/USDT:USDT,0.04631,648.0,0.04629,50.0,0.04636,188.0,0.04637,232.0
1753520697062,09:04:57.062,ACT/USDT:USDT,0.04631,648.0,0.0463,188.0,0.04636,188.0,0.04637,232.0
1753520697076,09:04:57.076,ACT/USDT:USDT,0.04631,648.0,0.0463,238.0,0.04636,188.0,0.04637,232.0
1753520697453,09:04:57.453,ACT/USDT:USDT,0.04631,648.0,0.0463,238.0,0.04637,232.0,0.04638,1264.0
1753520697761,09:04:57.761,ACT/USDT:USDT,0.04631,648.0,0.0463,238.0,0.04637,232.0,0.04638,1264.0
1753520697876,09:04:57.876,ACT/USDT:USDT,0.04631,648.0,0.0463,238.0,0.04637,232.0,0.04638,1264.0
1753520697877,09:04:57.877,ACT/USDT:USDT,0.04631,648.0,0.0463,238.0,0.04637,232.0,0.04638,1264.0
1753520699132,09:04:59.132,ACT/USDT:USDT,0.04631,648.0,0.0463,238.0,0.04637,232.0,0.04638,1264.0
1753520705658,09:05:05.658,ACT/USDT:USDT,0.04631,648.0,0.0463,238.0,0.04636,180.0,0.04637,1260.0
1753520705738,09:05:05.738,ACT/USDT:USDT,0.04631,648.0,0.0463,238.0,0.04636,180.0,0.04637,1260.0
1753520705848,09:05:05.848,ACT/USDT:USDT,0.04631,648.0,0.0463,238.0,0.04636,180.0,0.04637,1260.0
1753520706152,09:05:06.152,ACT/USDT:USDT,0.04631,648.0,0.0463,188.0,0.04636,180.0,0.04637,1260.0
1753520706299,09:05:06.299,ACT/USDT:USDT,0.04631,648.0,0.0463,188.0,0.04636,180.0,0.04637,1260.0
1753520706642,09:05:06.642,ACT/USDT:USDT,0.04631,648.0,0.0463,238.0,0.04636,180.0,0.04637,1260.0
1753520706698,09:05:06.698,ACT/USDT:USDT,0.04631,648.0,0.0463,238.0,0.04636,180.0,0.04637,1260.0
1753520706822,09:05:06.822,ACT/USDT:USDT,0.04631,674.0,0.0463,238.0,0.04634,1.0,0.04636,180.0
1753520707142,09:05:07.142,ACT/USDT:USDT,0.04631,674.0,0.0463,188.0,0.04634,1.0,0.04636,180.0
1753520707202,09:05:07.202,ACT/USDT:USDT,0.04631,674.0,0.0463,188.0,0.04634,1.0,0.04636,180.0
1753520707625,09:05:07.625,ACT/USDT:USDT,0.04631,674.0,0.0463,188.0,0.04634,1.0,0.04636,180.0
1753520708875,09:05:08.875,ACT/USDT:USDT,0.04631,674.0,0.0463,188.0,0.04636,180.0,0.04637,1260.0
1753520708941,09:05:08.941,ACT/USDT:USDT,0.04631,674.0,0.0463,238.0,0.04636,180.0,0.04637,1260.0
1753520709150,09:05:09.150,ACT/USDT:USDT,0.04631,674.0,0.0463,188.0,0.04636,180.0,0.04637,1260.0
1753520709733,09:05:09.733,ACT/USDT:USDT,0.04631,674.0,0.0463,188.0,0.04636,180.0,0.04637,1260.0
1753520710542,09:05:10.542,ACT/USDT:USDT,0.04631,674.0,0.0463,238.0,0.04636,180.0,0.04637,1260.0
1753520710749,09:05:10.749,ACT/USDT:USDT,0.04631,674.0,0.0463,188.0,0.04636,180.0,0.04637,1260.0
1753520710842,09:05:10.842,ACT/USDT:USDT,0.04631,674.0,0.0463,238.0,0.04636,180.0,0.04637,1260.0
1753520711107,09:05:11.107,ACT/USDT:USDT,0.04631,674.0,0.0463,188.0,0.04636,180.0,0.04637,1260.0
1753520711746,09:05:11.746,ACT/USDT:USDT,0.04631,674.0,0.0463,238.0,0.04636,180.0,0.04637,1260.0
1753520711848,09:05:11.848,ACT/USDT:USDT,0.04631,674.0,0.0463,188.0,0.04636,180.0,0.04637,1260.0
1753520712046,09:05:12.046,ACT/USDT:USDT,0.04631,674.0,0.0463,238.0,0.04636,180.0,0.04637,1260.0
1753520712147,09:05:12.147,ACT/USDT:USDT,0.04631,674.0,0.0463,188.0,0.04636,180.0,0.04637,1260.0
1753520712558,09:05:12.558,ACT/USDT:USDT,0.04631,674.0,0.0463,188.0,0.04636,1208.0,0.04637,232.0
1753520712602,09:05:12.602,ACT/USDT:USDT,0.04631,674.0,0.04629,230.0,0.04635,96.0,0.04636,1208.0
1753520713060,09:05:13.060,ACT/USDT:USDT,0.04631,648.0,0.04629,230.0,0.04635,276.0,0.04636,1208.0
1753520713175,09:05:13.175,ACT/USDT:USDT,0.04628,50.0,0.04625,3985.0,0.04632,1208.0,0.04633,1080.0
1753520713262,09:05:13.262,ACT/USDT:USDT,0.04628,50.0,0.04626,180.0,0.04631,96.0,0.04632,1208.0
1753520713375,09:05:13.375,ACT/USDT:USDT,0.04627,50.0,0.04626,180.0,0.04631,96.0,0.04632,1208.0
1753520713473,09:05:13.473,ACT/USDT:USDT,0.04627,50.0,0.04626,180.0,0.04631,96.0,0.04632,1208.0
1753520713520,09:05:13.520,ACT/USDT:USDT,0.04625,50.0,0.04624,181.0,0.04631,96.0,0.04632,1208.0
1753520713674,09:05:13.674,ACT/USDT:USDT,0.04625,50.0,0.04624,181.0,0.04631,96.0,0.04632,1208.0
1753520713759,09:05:13.759,ACT/USDT:USDT,0.04625,180.0,0.04624,231.0,0.04631,70.0,0.04632,1208.0
1753520713862,09:05:13.862,ACT/USDT:USDT,0.04625,180.0,0.04624,231.0,0.04631,70.0,0.04632,1208.0
1753520713946,09:05:13.946,ACT/USDT:USDT,0.04625,180.0,0.04624,231.0,0.04631,70.0,0.04632,1208.0
1753520714159,09:05:14.159,ACT/USDT:USDT,0.04625,180.0,0.04624,181.0,0.04631,70.0,0.04632,1208.0
1753520714248,09:05:14.248,ACT/USDT:USDT,0.04625,180.0,0.04624,873.0,0.04631,70.0,0.04632,1208.0
1753520714301,09:05:14.301,ACT/USDT:USDT,0.04625,180.0,0.04624,830.0,0.04631,70.0,0.04632,1208.0
1753520714867,09:05:14.867,ACT/USDT:USDT,0.04625,180.0,0.04624,830.0,0.04631,70.0,0.04632,1208.0
1753520715612,09:05:15.612,ACT/USDT:USDT,0.04625,180.0,0.04624,830.0,0.04631,70.0,0.04632,1208.0
1753520716373,09:05:16.373,ACT/USDT:USDT,0.04625,180.0,0.04624,830.0,0.04631,70.0,0.04632,180.0
1753520716382,09:05:16.382,ACT/USDT:USDT,0.04625,180.0,0.04624,830.0,0.04631,26.0,0.04632,224.0
1753520716764,09:05:16.764,ACT/USDT:USDT,0.04624,181.0,0.04623,1832.0,0.04631,26.0,0.04632,224.0
1753520716781,09:05:16.781,ACT/USDT:USDT,0.04625,182.0,0.04624,830.0,0.04631,26.0,0.04632,224.0
1753520716926,09:05:16.926,ACT/USDT:USDT,0.04625,182.0,0.04624,830.0,0.04631,26.0,0.04632,224.0
1753520718309,09:05:18.309,ACT/USDT:USDT,0.04625,182.0,0.04624,830.0,0.04631,26.0,0.04632,224.0
1753520718403,09:05:18.403,ACT/USDT:USDT,0.04625,182.0,0.04624,830.0,0.04631,26.0,0.04632,224.0
1753520718688,09:05:18.688,ACT/USDT:USDT,0.04625,182.0,0.04624,830.0,0.04631,208.0,0.04632,224.0
1753520718975,09:05:18.975,ACT/USDT:USDT,0.04625,182.0,0.04624,830.0,0.04631,208.0,0.04632,224.0
1753520718978,09:05:18.978,ACT/USDT:USDT,0.04625,182.0,0.04624,830.0,0.04631,208.0,0.04632,224.0
1753520719275,09:05:19.275,ACT/USDT:USDT,0.04623,858.0,0.04622,237.0,0.04629,1132.0,0.0463,1262.0
1753520719339,09:05:19.339,ACT/USDT:USDT,0.04623,235.0,0.04622,187.0,0.04628,44.0,0.04629,1132.0
1753520719400,09:05:19.400,ACT/USDT:USDT,0.04623,235.0,0.04622,187.0,0.04628,44.0,0.04629,1132.0
1753520719561,09:05:19.561,ACT/USDT:USDT,0.04623,235.0,0.04622,187.0,0.04628,44.0,0.04629,1132.0
1753520719823,09:05:19.823,ACT/USDT:USDT,0.04623,235.0,0.04622,187.0,0.04628,44.0,0.04629,1132.0
1753520720359,09:05:20.359,ACT/USDT:USDT,0.04623,858.0,0.04622,187.0,0.04628,226.0,0.04629,1132.0
1753520720443,09:05:20.443,ACT/USDT:USDT,0.04623,209.0,0.04622,187.0,0.04628,226.0,0.04629,1132.0
1753520720652,09:05:20.652,ACT/USDT:USDT,0.04623,209.0,0.04622,187.0,0.04628,226.0,0.04629,1132.0
1753520720938,09:05:20.938,ACT/USDT:USDT,0.04623,209.0,0.04622,187.0,0.04628,226.0,0.04629,1132.0
1753520721046,09:05:21.046,ACT/USDT:USDT,0.04623,209.0,0.04622,237.0,0.04628,226.0,0.04629,1132.0
1753520721159,09:05:21.159,ACT/USDT:USDT,0.04623,235.0,0.04622,237.0,0.04628,226.0,0.04629,1132.0
1753520721227,09:05:21.227,ACT/USDT:USDT,0.04623,884.0,0.04622,237.0,0.04628,44.0,0.04629,1132.0
1753520721294,09:05:21.294,ACT/USDT:USDT,0.04623,884.0,0.04622,237.0,0.04628,44.0,0.04629,1132.0
1753520721649,09:05:21.649,ACT/USDT:USDT,0.04623,884.0,0.04622,237.0,0.04628,44.0,0.04629,1132.0
1753520721874,09:05:21.874,ACT/USDT:USDT,0.04623,884.0,0.04622,237.0,0.04628,44.0,0.04629,1132.0
1753520722761,09:05:22.761,ACT/USDT:USDT,0.04624,208.0,0.04623,934.0,0.04628,44.0,0.04629,1132.0
1753520723023,09:05:23.023,ACT/USDT:USDT,0.04624,208.0,0.04623,934.0,0.04628,44.0,0.04629,1132.0
1753520723096,09:05:23.096,ACT/USDT:USDT,0.04624,857.0,0.04623,285.0,0.04628,44.0,0.04629,1132.0
1753520723312,09:05:23.312,ACT/USDT:USDT,0.04624,857.0,0.04623,285.0,0.04628,44.0,0.04629,1132.0
1753520723510,09:05:23.510,ACT/USDT:USDT,0.04624,857.0,0.04623,285.0,0.04628,44.0,0.04629,1132.0
1753520723647,09:05:23.647,ACT/USDT:USDT,0.04624,857.0,0.04623,235.0,0.04628,44.0,0.04629,1132.0
1753520723937,09:05:23.937,ACT/USDT:USDT,0.04624,857.0,0.04623,235.0,0.04628,44.0,0.04629,1132.0
1753520724363,09:05:24.363,ACT/USDT:USDT,0.04624,857.0,0.04623,235.0,0.04628,44.0,0.04629,1132.0
1753520726766,09:05:26.766,ACT/USDT:USDT,0.04624,857.0,0.04623,235.0,0.04628,44.0,0.04629,1132.0
1753520726867,09:05:26.867,ACT/USDT:USDT,0.04624,208.0,0.04623,235.0,0.04628,44.0,0.04629,52.0
1753520726914,09:05:26.914,ACT/USDT:USDT,0.04624,857.0,0.04623,235.0,0.04629,52.0,0.04631,226.0
1753520727195,09:05:27.195,ACT/USDT:USDT,0.04624,857.0,0.04623,235.0,0.04629,52.0,0.04631,226.0
1753520727618,09:05:27.618,ACT/USDT:USDT,0.04624,857.0,0.04623,235.0,0.04629,52.0,0.04631,226.0
1753520730599,09:05:30.599,ACT/USDT:USDT,0.04624,857.0,0.04623,285.0,0.04629,52.0,0.04631,226.0
1753520730678,09:05:30.678,ACT/USDT:USDT,0.04624,857.0,0.04623,285.0,0.04629,52.0,0.04631,226.0
1753520730884,09:05:30.884,ACT/USDT:USDT,0.04624,857.0,0.04623,285.0,0.04629,52.0,0.04631,226.0
1753520731718,09:05:31.718,ACT/USDT:USDT,0.04624,857.0,0.04623,285.0,0.04629,52.0,0.04631,226.0
1753520736161,09:05:36.161,ACT/USDT:USDT,0.04625,182.0,0.04624,857.0,0.04631,226.0,0.04632,180.0
1753520736200,09:05:36.200,ACT/USDT:USDT,0.04625,232.0,0.04624,208.0,0.04631,182.0,0.04632,224.0
1753520736550,09:05:36.550,ACT/USDT:USDT,0.04625,232.0,0.04624,208.0,0.04631,182.0,0.04632,224.0
1753520736968,09:05:36.968,ACT/USDT:USDT,0.04625,232.0,0.04624,208.0,0.04631,182.0,0.04632,224.0
1753520737237,09:05:37.237,ACT/USDT:USDT,0.04625,881.0,0.04624,208.0,0.04631,182.0,0.04632,224.0
1753520737838,09:05:37.838,ACT/USDT:USDT,0.04625,907.0,0.04624,208.0,0.0463,1054.0,0.04631,182.0
1753520737938,09:05:37.938,ACT/USDT:USDT,0.04625,857.0,0.04624,258.0,0.04629,44.0,0.0463,1028.0
1753520738018,09:05:38.018,ACT/USDT:USDT,0.04625,857.0,0.04624,258.0,0.04629,44.0,0.0463,1028.0
1753520738215,09:05:38.215,ACT/USDT:USDT,0.04625,857.0,0.04624,258.0,0.04629,44.0,0.0463,1028.0
1753520738649,09:05:38.649,ACT/USDT:USDT,0.04625,857.0,0.04624,258.0,0.04629,44.0,0.0463,1028.0
1753520738785,09:05:38.785,ACT/USDT:USDT,0.04625,857.0,0.04624,258.0,0.04629,70.0,0.0463,1028.0
1753520739077,09:05:39.077,ACT/USDT:USDT,0.04625,857.0,0.04624,258.0,0.04629,70.0,0.0463,1028.0
1753520739577,09:05:39.577,ACT/USDT:USDT,0.04625,857.0,0.04624,258.0,0.04629,70.0,0.0463,1028.0
1753520741518,09:05:41.518,ACT/USDT:USDT,0.04625,857.0,0.04624,258.0,0.04629,70.0,0.0463,1028.0
1753520741949,09:05:41.949,ACT/USDT:USDT,0.04625,857.0,0.04624,258.0,0.04629,70.0,0.0463,1028.0
1753520745336,09:05:45.336,ACT/USDT:USDT,0.04625,857.0,0.04624,258.0,0.04629,96.0,0.0463,1028.0
1753520746763,09:05:46.763,ACT/USDT:USDT,0.04625,857.0,0.04624,258.0,0.04629,70.0,0.0463,1028.0
1753520747072,09:05:47.072,ACT/USDT:USDT,0.04623,209.0,0.04622,187.0,0.04629,96.0,0.04632,180.0
1753520747149,09:05:47.149,ACT/USDT:USDT,0.04623,25.0,0.04621,1.0,0.04629,277.0,0.04632,180.0
1753520747273,09:05:47.273,ACT/USDT:USDT,0.04623,25.0,0.04621,1.0,0.04629,52.0,0.04632,224.0
1753520747351,09:05:47.351,ACT/USDT:USDT,0.04623,1.0,0.04621,1.0,0.04628,181.0,0.04629,1132.0
1753520747466,09:05:47.466,ACT/USDT:USDT,0.04623,1.0,0.04621,1.0,0.04627,181.0,0.04628,1305.0
1753520747569,09:05:47.569,ACT/USDT:USDT,0.04623,1.0,0.04621,1.0,0.04627,207.0,0.04628,225.0
1753520747598,09:05:47.598,ACT/USDT:USDT,0.04623,1.0,0.04621,1.0,0.04627,207.0,0.04628,225.0
1753520747772,09:05:47.772,ACT/USDT:USDT,0.04623,1.0,0.04621,1.0,0.04627,207.0,0.04628,225.0
1753520747867,09:05:47.867,ACT/USDT:USDT,0.04623,1.0,0.04621,1.0,0.04627,207.0,0.04628,225.0
1753520747971,09:05:47.971,ACT/USDT:USDT,0.04623,1.0,0.04621,1.0,0.04627,207.0,0.04628,1305.0
1753520748051,09:05:48.051,ACT/USDT:USDT,0.04623,1.0,0.04621,1.0,0.04627,233.0,0.04628,1305.0
1753520748133,09:05:48.133,ACT/USDT:USDT,0.04623,1.0,0.04621,1.0,0.04627,233.0,0.04628,1305.0
1753520748293,09:05:48.293,ACT/USDT:USDT,0.04623,1.0,0.04621,1.0,0.04627,233.0,0.04628,225.0
1753520748519,09:05:48.519,ACT/USDT:USDT,0.04623,1.0,0.04621,1.0,0.04627,233.0,0.04628,1305.0
1753520749266,09:05:49.266,ACT/USDT:USDT,0.04623,1.0,0.04621,1.0,0.04626,51.0,0.04627,233.0
1753520749308,09:05:49.308,ACT/USDT:USDT,0.04623,1.0,0.04621,1.0,0.04626,51.0,0.04627,233.0
1753520749473,09:05:49.473,ACT/USDT:USDT,0.04623,1.0,0.04621,1.0,0.04626,51.0,0.04627,233.0
1753520749518,09:05:49.518,ACT/USDT:USDT,0.04623,1.0,0.04621,1.0,0.04626,51.0,0.04627,233.0
1753520750152,09:05:50.152,ACT/USDT:USDT,0.04623,1.0,0.04621,1.0,0.04626,51.0,0.04627,233.0
1753520751065,09:05:51.065,ACT/USDT:USDT,0.04623,1.0,0.04621,1.0,0.04626,51.0,0.04627,233.0
1753520751377,09:05:51.377,ACT/USDT:USDT,0.04623,1.0,0.04621,1.0,0.04626,51.0,0.04627,233.0
1753520751569,09:05:51.569,ACT/USDT:USDT,0.04623,1.0,0.04621,1.0,0.04626,51.0,0.04627,233.0
1753520751794,09:05:51.794,ACT/USDT:USDT,0.04623,1.0,0.04621,1.0,0.04626,51.0,0.04627,233.0
1753520752675,09:05:52.675,ACT/USDT:USDT,0.04623,1.0,0.04621,1.0,0.04626,51.0,0.04627,233.0
1753520752677,09:05:52.677,ACT/USDT:USDT,0.04623,1.0,0.04621,1.0,0.04626,51.0,0.04627,233.0
1753520753026,09:05:53.026,ACT/USDT:USDT,0.04623,1.0,0.04621,1.0,0.04626,51.0,0.04627,233.0
1753520753158,09:05:53.158,ACT/USDT:USDT,0.04623,1.0,0.04621,1.0,0.04624,51.0,0.04625,1054.0
1753520753198,09:05:53.198,ACT/USDT:USDT,0.04623,1.0,0.04621,1.0,0.04624,95.0,0.04625,1054.0
1753520753283,09:05:53.283,ACT/USDT:USDT,0.04623,1.0,0.04621,1.0,0.04624,95.0,0.04625,1080.0
1753520753452,09:05:53.452,ACT/USDT:USDT,0.04623,1.0,0.04621,1.0,0.04624,95.0,0.04625,1080.0
1753520753745,09:05:53.745,ACT/USDT:USDT,0.04623,1.0,0.04621,27.0,0.04624,95.0,0.04625,1080.0
1753520753820,09:05:53.820,ACT/USDT:USDT,0.04623,1.0,0.04621,27.0,0.04624,95.0,0.04625,1080.0
1753520753885,09:05:53.885,ACT/USDT:USDT,0.04623,1.0,0.04621,27.0,0.04624,95.0,0.04625,1080.0
1753520756698,09:05:56.698,ACT/USDT:USDT,0.04623,1.0,0.04621,27.0,0.04624,95.0,0.04625,52.0
1753520756782,09:05:56.782,ACT/USDT:USDT,0.04623,1.0,0.04621,27.0,0.04624,51.0,0.04625,52.0
1753520756926,09:05:56.926,ACT/USDT:USDT,0.04623,1.0,0.04621,53.0,0.04624,51.0,0.04625,52.0
1753520757070,09:05:57.070,ACT/USDT:USDT,0.04623,1.0,0.04621,53.0,0.04624,51.0,0.04625,52.0
1753520757384,09:05:57.384,ACT/USDT:USDT,0.04623,1.0,0.04621,53.0,0.04624,51.0,0.04625,52.0
1753520758129,09:05:58.129,ACT/USDT:USDT,0.04623,1.0,0.04621,27.0,0.04624,51.0,0.04625,52.0
1753520760163,09:06:00.163,ACT/USDT:USDT,0.04623,1.0,0.04621,1.0,0.04624,51.0,0.04625,52.0
1753520760211,09:06:00.211,ACT/USDT:USDT,0.04623,1.0,0.04621,1.0,0.04624,51.0,0.04625,52.0
1753520760387,09:06:00.387,ACT/USDT:USDT,0.04623,1.0,0.04621,1.0,0.04624,51.0,0.04625,52.0
1753520760564,09:06:00.564,ACT/USDT:USDT,0.04623,1.0,0.04621,1.0,0.04624,51.0,0.04625,52.0
1753520761034,09:06:01.034,ACT/USDT:USDT,0.04623,1.0,0.04621,1.0,0.04624,51.0,0.04625,52.0
1753520761701,09:06:01.701,ACT/USDT:USDT,0.04623,1.0,0.04621,1.0,0.04624,51.0,0.04625,52.0
1753520762598,09:06:02.598,ACT/USDT:USDT,0.04623,1.0,0.04621,1.0,0.04624,51.0,0.04625,52.0
1753520762682,09:06:02.682,ACT/USDT:USDT,0.04623,1.0,0.04621,1.0,0.04624,51.0,0.04625,52.0
1753520762830,09:06:02.830,ACT/USDT:USDT,0.04623,1.0,0.04621,1.0,0.04624,51.0,0.04625,52.0
1753520763053,09:06:03.053,ACT/USDT:USDT,0.04623,1.0,0.04621,1.0,0.04624,51.0,0.04625,52.0
1753520765138,09:06:05.138,ACT/USDT:USDT,0.04623,1.0,0.04621,1.0,0.04624,51.0,0.04625,52.0
1753520765563,09:06:05.563,ACT/USDT:USDT,0.04623,1.0,0.04621,1.0,0.04624,51.0,0.04625,52.0
1753520765961,09:06:05.961,ACT/USDT:USDT,0.04623,1.0,0.04621,1.0,0.04624,51.0,0.04625,52.0
1753520766040,09:06:06.040,ACT/USDT:USDT,0.04623,1.0,0.04621,1.0,0.04624,51.0,0.04625,52.0
1753520766137,09:06:06.137,ACT/USDT:USDT,0.04623,1.0,0.04621,1.0,0.04624,51.0,0.04625,52.0
1753520766978,09:06:06.978,ACT/USDT:USDT,0.04623,1.0,0.04621,1.0,0.04624,51.0,0.04625,52.0
1753520767238,09:06:07.238,ACT/USDT:USDT,0.04623,1.0,0.04622,52.0,0.04625,77.0,0.04626,207.0
1753520767280,09:06:07.280,ACT/USDT:USDT,0.04623,1.0,0.04622,52.0,0.04625,77.0,0.04626,233.0
1753520767475,09:06:07.475,ACT/USDT:USDT,0.04623,1.0,0.04622,52.0,0.04625,51.0,0.04626,207.0
1753520767928,09:06:07.928,ACT/USDT:USDT,0.04623,1.0,0.04622,52.0,0.04625,51.0,0.04626,207.0
1753520770374,09:06:10.374,ACT/USDT:USDT,0.04623,1.0,0.04622,52.0,0.04625,51.0,0.04627,1072.0
1753520770468,09:06:10.468,ACT/USDT:USDT,0.04623,1.0,0.04622,52.0,0.04626,51.0,0.04627,44.0
1753520770570,09:06:10.570,ACT/USDT:USDT,0.04623,1.0,0.04622,52.0,0.04627,51.0,0.04628,225.0
1753520770672,09:06:10.672,ACT/USDT:USDT,0.04623,1.0,0.04622,52.0,0.04625,51.0,0.04628,225.0
1753520770856,09:06:10.856,ACT/USDT:USDT,0.04623,1.0,0.04622,52.0,0.04626,51.0,0.04628,225.0
1753520770900,09:06:10.900,ACT/USDT:USDT,0.04623,1.0,0.04622,52.0,0.04627,51.0,0.04628,225.0
1753520771025,09:06:11.025,ACT/USDT:USDT,0.04623,1.0,0.04622,52.0,0.04627,51.0,0.04628,225.0
1753520771243,09:06:11.243,ACT/USDT:USDT,0.04623,1.0,0.04622,52.0,0.04627,51.0,0.04628,225.0
1753520772114,09:06:12.114,ACT/USDT:USDT,0.04623,1.0,0.04622,52.0,0.04627,51.0,0.04628,225.0
1753520772517,09:06:12.517,ACT/USDT:USDT,0.04623,1.0,0.04622,52.0,0.04627,77.0,0.04628,225.0
1753520772698,09:06:12.698,ACT/USDT:USDT,0.04623,1.0,0.04622,52.0,0.04627,77.0,0.04628,225.0
1753520772810,09:06:12.810,ACT/USDT:USDT,0.04623,1.0,0.04622,52.0,0.04627,77.0,0.04628,225.0
1753520772930,09:06:12.930,ACT/USDT:USDT,0.04623,1.0,0.04622,52.0,0.04627,77.0,0.04628,225.0
1753520773058,09:06:13.058,ACT/USDT:USDT,0.04623,1.0,0.04622,52.0,0.04627,77.0,0.04628,225.0
1753520774671,09:06:14.671,ACT/USDT:USDT,0.04623,1.0,0.04622,52.0,0.04627,51.0,0.04628,225.0
1753520774848,09:06:14.848,ACT/USDT:USDT,0.04623,1.0,0.04622,52.0,0.04627,51.0,0.04628,225.0
1753520777374,09:06:17.374,ACT/USDT:USDT,0.04616,187.0,0.04613,352.0,0.04619,51.0,0.0462,26.0
1753520777471,09:06:17.471,ACT/USDT:USDT,0.04617,110.0,0.04616,378.0,0.0462,858.0,0.04623,1312.0
1753520777546,09:06:17.546,ACT/USDT:USDT,0.0462,136.0,0.04619,136.0,0.04623,45.0,0.04625,187.0
1753520777618,09:06:17.618,ACT/USDT:USDT,0.0462,136.0,0.04619,136.0,0.04624,1080.0,0.04625,187.0
1753520777705,09:06:17.705,ACT/USDT:USDT,0.0462,136.0,0.04619,136.0,0.04624,1124.0,0.04625,187.0
1753520777865,09:06:17.865,ACT/USDT:USDT,0.0462,136.0,0.04619,136.0,0.04624,1124.0,0.04625,187.0
1753520777909,09:06:17.909,ACT/USDT:USDT,0.0462,136.0,0.04619,136.0,0.04624,1124.0,0.04625,187.0
1753520778000,09:06:18.000,ACT/USDT:USDT,0.0462,136.0,0.04619,136.0,0.04624,1150.0,0.04625,187.0
1753520778471,09:06:18.471,ACT/USDT:USDT,0.0462,110.0,0.04619,136.0,0.04624,1150.0,0.04625,187.0
1753520778767,09:06:18.767,ACT/USDT:USDT,0.04621,110.0,0.0462,136.0,0.04624,44.0,0.04626,100.0
1753520778868,09:06:18.868,ACT/USDT:USDT,0.04622,110.0,0.04621,162.0,0.04624,44.0,0.04626,100.0
1753520778969,09:06:18.969,ACT/USDT:USDT,0.04622,110.0,0.04621,162.0,0.04624,23.0,0.04626,100.0
1753520779049,09:06:19.049,ACT/USDT:USDT,0.04622,110.0,0.04621,162.0,0.04626,100.0,0.04627,357.0
1753520779119,09:06:19.119,ACT/USDT:USDT,0.04621,162.0,0.0462,217.0,0.04625,1080.0,0.04626,100.0
1753520779222,09:06:19.222,ACT/USDT:USDT,0.04621,162.0,0.0462,217.0,0.04625,1124.0,0.04626,100.0
1753520779616,09:06:19.616,ACT/USDT:USDT,0.04621,162.0,0.0462,217.0,0.04625,1124.0,0.04626,100.0
1753520780154,09:06:20.154,ACT/USDT:USDT,0.04621,162.0,0.0462,217.0,0.04625,1124.0,0.04626,100.0
1753520780392,09:06:20.392,ACT/USDT:USDT,0.04621,162.0,0.0462,217.0,0.04625,1124.0,0.04626,100.0
1753520781016,09:06:21.016,ACT/USDT:USDT,0.04621,162.0,0.0462,217.0,0.04625,1124.0,0.04626,100.0
1753520781574,09:06:21.574,ACT/USDT:USDT,0.04621,162.0,0.0462,217.0,0.04625,44.0,0.04626,100.0
1753520781670,09:06:21.670,ACT/USDT:USDT,0.04622,110.0,0.04621,349.0,0.04626,100.0,0.04627,331.0
1753520781688,09:06:21.688,ACT/USDT:USDT,0.04622,110.0,0.04621,349.0,0.04626,100.0,0.04627,287.0
1753520781835,09:06:21.835,ACT/USDT:USDT,0.04622,110.0,0.04621,349.0,0.04626,100.0,0.04627,287.0
1753520781902,09:06:21.902,ACT/USDT:USDT,0.04622,110.0,0.04621,349.0,0.04626,100.0,0.04627,287.0
1753520782252,09:06:22.252,ACT/USDT:USDT,0.04622,110.0,0.04621,349.0,0.04626,100.0,0.04627,287.0
1753520782518,09:06:22.518,ACT/USDT:USDT,0.04622,110.0,0.04621,349.0,0.04626,100.0,0.04627,287.0
1753520782668,09:06:22.668,ACT/USDT:USDT,0.04622,110.0,0.04621,349.0,0.04626,100.0,0.04627,287.0
1753520782912,09:06:22.912,ACT/USDT:USDT,0.04622,110.0,0.04621,349.0,0.04626,100.0,0.04627,287.0
1753520783084,09:06:23.084,ACT/USDT:USDT,0.04622,110.0,0.04621,349.0,0.04626,100.0,0.04627,287.0
1753520784445,09:06:24.445,ACT/USDT:USDT,0.04622,110.0,0.04621,349.0,0.04626,100.0,0.04627,287.0
1753520784486,09:06:24.486,ACT/USDT:USDT,0.04622,110.0,0.04621,349.0,0.04626,100.0,0.04627,287.0
1753520784716,09:06:24.716,ACT/USDT:USDT,0.04622,110.0,0.04621,349.0,0.04626,100.0,0.04627,287.0
1753520784972,09:06:24.972,ACT/USDT:USDT,0.04624,110.0,0.04623,162.0,0.04627,100.0,0.04628,145.0
1753520784986,09:06:24.986,ACT/USDT:USDT,0.04624,110.0,0.04623,162.0,0.04627,100.0,0.04628,145.0
1753520785160,09:06:25.160,ACT/USDT:USDT,0.04624,110.0,0.04623,162.0,0.04627,100.0,0.04628,145.0
1753520785231,09:06:25.231,ACT/USDT:USDT,0.04624,110.0,0.04623,162.0,0.04627,100.0,0.04628,145.0
1753520785465,09:06:25.465,ACT/USDT:USDT,0.04624,110.0,0.04623,162.0,0.04628,145.0,0.04629,1080.0
1753520785572,09:06:25.572,ACT/USDT:USDT,0.04624,759.0,0.04623,162.0,0.04628,145.0,0.04629,1080.0
1753520785653,09:06:25.653,ACT/USDT:USDT,0.04624,759.0,0.04623,162.0,0.04628,145.0,0.04629,1080.0
1753520785998,09:06:25.998,ACT/USDT:USDT,0.04624,759.0,0.04623,162.0,0.04628,145.0,0.04629,1080.0
1753520786559,09:06:26.559,ACT/USDT:USDT,0.04625,162.0,0.04624,759.0,0.04628,45.0,0.04629,1080.0
1753520786658,09:06:26.658,ACT/USDT:USDT,0.04625,162.0,0.04624,759.0,0.04628,1.0,0.04629,1124.0
1753520786869,09:06:26.869,ACT/USDT:USDT,0.04625,162.0,0.04624,759.0,0.04628,1.0,0.04629,1124.0
1753520787232,09:06:27.232,ACT/USDT:USDT,0.04625,162.0,0.04624,759.0,0.04628,1.0,0.04629,1124.0
1753520790138,09:06:30.138,ACT/USDT:USDT,0.04625,162.0,0.04624,110.0,0.04628,1.0,0.04629,1124.0
1753520791693,09:06:31.693,ACT/USDT:USDT,0.04625,52.0,0.04624,110.0,0.04628,1.0,0.04629,1124.0
1753520793639,09:06:33.639,ACT/USDT:USDT,0.04625,52.0,0.04624,1120.0,0.04628,1.0,0.04629,1124.0
1753520793768,09:06:33.768,ACT/USDT:USDT,0.04625,52.0,0.04624,1120.0,0.04628,1.0,0.04629,1124.0
1753520793778,09:06:33.778,ACT/USDT:USDT,0.04625,52.0,0.04624,796.0,0.04628,1.0,0.04629,1124.0
1753520794167,09:06:34.167,ACT/USDT:USDT,0.04625,52.0,0.04624,796.0,0.04628,1.0,0.04629,1124.0
1753520794334,09:06:34.334,ACT/USDT:USDT,0.04625,52.0,0.04624,686.0,0.04628,1.0,0.04629,1124.0
1753520794469,09:06:34.469,ACT/USDT:USDT,0.04625,52.0,0.04624,851.0,0.04628,1.0,0.04629,1124.0
1753520794576,09:06:34.576,ACT/USDT:USDT,0.04625,52.0,0.04624,851.0,0.04628,1.0,0.04629,1124.0
1753520794678,09:06:34.678,ACT/USDT:USDT,0.04625,52.0,0.04624,347.0,0.04628,1.0,0.04629,1124.0
1753520795075,09:06:35.075,ACT/USDT:USDT,0.04625,52.0,0.04624,347.0,0.04628,1.0,0.04629,1124.0
1753520795104,09:06:35.104,ACT/USDT:USDT,0.04625,701.0,0.04624,347.0,0.04628,1.0,0.04629,1124.0
1753520799458,09:06:39.458,ACT/USDT:USDT,0.04625,701.0,0.04624,347.0,0.04628,1.0,0.04629,1124.0
1753520800191,09:06:40.191,ACT/USDT:USDT,0.04625,649.0,0.04624,347.0,0.04628,1.0,0.04629,1124.0
1753520801275,09:06:41.275,ACT/USDT:USDT,0.0462,184.0,0.04618,187.0,0.04624,1080.0,0.04625,1080.0
1753520801353,09:06:41.353,ACT/USDT:USDT,0.04618,237.0,0.04616,187.0,0.04624,50.0,0.04625,1080.0
1753520801464,09:06:41.464,ACT/USDT:USDT,0.04618,237.0,0.04617,165.0,0.04624,94.0,0.04625,1080.0
1753520801575,09:06:41.575,ACT/USDT:USDT,0.04618,237.0,0.04617,165.0,0.04624,94.0,0.04625,1080.0
1753520801661,09:06:41.661,ACT/USDT:USDT,0.04618,909.0,0.04617,165.0,0.04624,94.0,0.04625,1080.0
1753520801702,09:06:41.702,ACT/USDT:USDT,0.04618,987.0,0.04617,165.0,0.04624,94.0,0.04625,1080.0
1753520801803,09:06:41.803,ACT/USDT:USDT,0.04618,1009.0,0.04617,165.0,0.04624,94.0,0.04625,1080.0
1753520801968,09:06:41.968,ACT/USDT:USDT,0.04618,1009.0,0.04617,165.0,0.04624,94.0,0.04625,1080.0
1753520802052,09:06:42.052,ACT/USDT:USDT,0.04618,987.0,0.04617,165.0,0.04624,94.0,0.04625,1080.0
1753520802168,09:06:42.168,ACT/USDT:USDT,0.04618,1009.0,0.04617,165.0,0.04624,94.0,0.04625,1080.0
1753520802226,09:06:42.226,ACT/USDT:USDT,0.04618,987.0,0.04617,165.0,0.04624,94.0,0.04625,1080.0
1753520802303,09:06:42.303,ACT/USDT:USDT,0.04618,987.0,0.04617,165.0,0.04624,94.0,0.04625,1080.0
1753520802730,09:06:42.730,ACT/USDT:USDT,0.04618,987.0,0.04617,165.0,0.04624,94.0,0.04625,1080.0
1753520803073,09:06:43.073,ACT/USDT:USDT,0.04618,987.0,0.04617,165.0,0.04624,94.0,0.04625,1080.0
1753520803143,09:06:43.143,ACT/USDT:USDT,0.04618,987.0,0.04617,165.0,0.04624,94.0,0.04625,1080.0
1753520804635,09:06:44.635,ACT/USDT:USDT,0.04618,987.0,0.04617,165.0,0.04624,94.0,0.04625,1080.0
1753520805228,09:06:45.228,ACT/USDT:USDT,0.04618,987.0,0.04617,165.0,0.04624,94.0,0.04625,1080.0
1753520805391,09:06:45.391,ACT/USDT:USDT,0.04618,987.0,0.04617,165.0,0.04624,94.0,0.04625,1080.0
1753520806693,09:06:46.693,ACT/USDT:USDT,0.04618,987.0,0.04617,165.0,0.04624,94.0,0.04625,1080.0
1753520806799,09:06:46.799,ACT/USDT:USDT,0.04618,987.0,0.04617,165.0,0.04624,94.0,0.04625,1080.0
1753520807188,09:06:47.188,ACT/USDT:USDT,0.04618,987.0,0.04617,165.0,0.04624,94.0,0.04625,1080.0
1753520807574,09:06:47.574,ACT/USDT:USDT,0.04618,337.0,0.04617,165.0,0.04624,94.0,0.04625,1080.0
1753520807580,09:06:47.580,ACT/USDT:USDT,0.04618,337.0,0.04617,165.0,0.04624,94.0,0.04625,1080.0
1753520807898,09:06:47.898,ACT/USDT:USDT,0.04618,337.0,0.04617,165.0,0.04624,94.0,0.04625,1080.0
1753520807999,09:06:47.999,ACT/USDT:USDT,0.04618,337.0,0.04617,165.0,0.04624,94.0,0.04625,1080.0
1753520809225,09:06:49.225,ACT/USDT:USDT,0.04618,337.0,0.04617,165.0,0.04624,94.0,0.04625,1080.0
1753520811019,09:06:51.019,ACT/USDT:USDT,0.04618,337.0,0.04617,165.0,0.04624,94.0,0.04625,1080.0
1753520812104,09:06:52.104,ACT/USDT:USDT,0.04618,337.0,0.04617,165.0,0.04624,94.0,0.04625,1080.0
1753520812692,09:06:52.692,ACT/USDT:USDT,0.04618,337.0,0.04617,165.0,0.04624,94.0,0.04625,1080.0
1753520812974,09:06:52.974,ACT/USDT:USDT,0.04618,337.0,0.04617,165.0,0.04624,94.0,0.04625,1080.0
1753520814167,09:06:54.167,ACT/USDT:USDT,0.04618,337.0,0.04617,165.0,0.04624,94.0,0.04625,1080.0
1753520817765,09:06:57.765,ACT/USDT:USDT,0.04618,337.0,0.04617,165.0,0.04624,1174.0,0.04625,1080.0
1753520817836,09:06:57.836,ACT/USDT:USDT,0.04618,337.0,0.04617,165.0,0.04624,1174.0,0.04625,1080.0
1753520820120,09:07:00.120,ACT/USDT:USDT,0.04618,337.0,0.04617,165.0,0.04624,1174.0,0.04625,1080.0
1753520820367,09:07:00.367,ACT/USDT:USDT,0.04618,337.0,0.04617,165.0,0.04624,1174.0,0.04625,1080.0
1753520821259,09:07:01.259,ACT/USDT:USDT,0.04618,337.0,0.04617,165.0,0.04624,1174.0,0.04625,1080.0
1753520821308,09:07:01.308,ACT/USDT:USDT,0.04618,337.0,0.04617,165.0,0.04624,1174.0,0.04625,1080.0
1753520823138,09:07:03.138,ACT/USDT:USDT,0.04618,337.0,0.04617,165.0,0.04624,1174.0,0.04625,1080.0
1753520824871,09:07:04.871,ACT/USDT:USDT,0.04619,110.0,0.04618,337.0,0.04624,94.0,0.04625,1080.0
1753520824962,09:07:04.962,ACT/USDT:USDT,0.0462,162.0,0.04619,110.0,0.04624,120.0,0.04625,1080.0
1753520824998,09:07:04.998,ACT/USDT:USDT,0.0462,162.0,0.04619,110.0,0.04624,120.0,0.04625,1080.0
1753520825083,09:07:05.083,ACT/USDT:USDT,0.0462,162.0,0.04619,110.0,0.04624,146.0,0.04625,1080.0
1753520825250,09:07:05.250,ACT/USDT:USDT,0.0462,162.0,0.04619,160.0,0.04624,96.0,0.04625,1130.0
1753520825411,09:07:05.411,ACT/USDT:USDT,0.0462,162.0,0.04619,160.0,0.04624,96.0,0.04625,1130.0
1753520826072,09:07:06.072,ACT/USDT:USDT,0.0462,162.0,0.04619,160.0,0.04624,96.0,0.04625,1130.0
1753520828379,09:07:08.379,ACT/USDT:USDT,0.04621,110.0,0.0462,162.0,0.04624,70.0,0.04625,1130.0
1753520828494,09:07:08.494,ACT/USDT:USDT,0.04621,110.0,0.0462,162.0,0.04624,70.0,0.04625,1130.0
1753520829264,09:07:09.264,ACT/USDT:USDT,0.04621,110.0,0.0462,162.0,0.04624,44.0,0.04625,1130.0
1753520829327,09:07:09.327,ACT/USDT:USDT,0.04621,110.0,0.0462,162.0,0.04624,44.0,0.04625,1130.0
1753520831317,09:07:11.317,ACT/USDT:USDT,0.04622,136.0,0.04621,136.0,0.04624,44.0,0.04625,1080.0
1753520831424,09:07:11.424,ACT/USDT:USDT,0.04623,110.0,0.04622,136.0,0.04625,44.0,0.04626,1028.0
1753520831512,09:07:11.512,ACT/USDT:USDT,0.04623,110.0,0.04622,136.0,0.04626,1098.0,0.04627,334.0
1753520831620,09:07:11.620,ACT/USDT:USDT,0.04623,110.0,0.04622,136.0,0.04626,1098.0,0.04627,334.0
1753520831770,09:07:11.770,ACT/USDT:USDT,0.04623,136.0,0.04622,110.0,0.04626,1072.0,0.04627,334.0
1753520831858,09:07:11.858,ACT/USDT:USDT,0.04623,162.0,0.04622,110.0,0.04626,44.0,0.04627,334.0
1753520831900,09:07:11.900,ACT/USDT:USDT,0.04623,136.0,0.04622,110.0,0.04627,194.0,0.04628,2393.0
1753520832288,09:07:12.288,ACT/USDT:USDT,0.04623,136.0,0.04622,160.0,0.04627,170.0,0.04628,2443.0
1753520832801,09:07:12.801,ACT/USDT:USDT,0.04623,136.0,0.04622,160.0,0.04627,170.0,0.04628,2443.0
1753520832929,09:07:12.929,ACT/USDT:USDT,0.04623,136.0,0.04622,160.0,0.04627,196.0,0.04628,2443.0
1753520833130,09:07:13.130,ACT/USDT:USDT,0.04623,136.0,0.04622,160.0,0.04627,196.0,0.04628,2443.0
1753520834296,09:07:14.296,ACT/USDT:USDT,0.04623,162.0,0.04622,160.0,0.04627,196.0,0.04628,2443.0
1753520835248,09:07:15.248,ACT/USDT:USDT,0.04623,110.0,0.04622,160.0,0.04627,196.0,0.04628,2443.0
1753520835452,09:07:15.452,ACT/USDT:USDT,0.04623,110.0,0.04622,160.0,0.04627,196.0,0.04628,2443.0
1753520835895,09:07:15.895,ACT/USDT:USDT,0.04623,110.0,0.04622,160.0,0.04627,170.0,0.04628,2443.0
1753520836366,09:07:16.366,ACT/USDT:USDT,0.04623,110.0,0.04622,160.0,0.04627,170.0,0.04628,2443.0
1753520837118,09:07:17.118,ACT/USDT:USDT,0.04623,110.0,0.04622,160.0,0.04627,1198.0,0.04628,1415.0
1753520837178,09:07:17.178,ACT/USDT:USDT,0.04623,110.0,0.04622,160.0,0.04627,1198.0,0.04628,1415.0
1753520837282,09:07:17.282,ACT/USDT:USDT,0.04623,110.0,0.04622,160.0,0.04627,1198.0,0.04628,1415.0
1753520837489,09:07:17.489,ACT/USDT:USDT,0.04623,110.0,0.04622,160.0,0.04627,1198.0,0.04628,1415.0
1753520838462,09:07:18.462,ACT/USDT:USDT,0.04623,110.0,0.04622,160.0,0.04627,1198.0,0.04628,1415.0
1753520842874,09:07:22.874,ACT/USDT:USDT,0.04623,110.0,0.04622,160.0,0.04627,1198.0,0.04628,1415.0
1753520842878,09:07:22.878,ACT/USDT:USDT,0.04623,110.0,0.04622,160.0,0.04627,1198.0,0.04628,1415.0
1753520845669,09:07:25.669,ACT/USDT:USDT,0.04622,160.0,0.04621,181.0,0.04627,1198.0,0.04628,1415.0
1753520845728,09:07:25.728,ACT/USDT:USDT,0.04622,110.0,0.04621,164.0,0.04625,1132.0,0.04626,50.0
1753520845798,09:07:25.798,ACT/USDT:USDT,0.04622,110.0,0.04621,164.0,0.04624,70.0,0.04625,1106.0
1753520845898,09:07:25.898,ACT/USDT:USDT,0.04622,110.0,0.04621,164.0,0.04624,96.0,0.04625,2108.0
1753520845984,09:07:25.984,ACT/USDT:USDT,0.04622,110.0,0.04621,164.0,0.04624,96.0,0.04625,2108.0
1753520846189,09:07:26.189,ACT/USDT:USDT,0.04622,110.0,0.04621,164.0,0.04624,96.0,0.04625,2108.0
1753520846644,09:07:26.644,ACT/USDT:USDT,0.04622,110.0,0.04621,164.0,0.04624,96.0,0.04625,2108.0
1753520847718,09:07:27.718,ACT/USDT:USDT,0.04622,110.0,0.04621,164.0,0.04624,96.0,0.04625,1080.0
1753520847778,09:07:27.778,ACT/USDT:USDT,0.04622,110.0,0.04621,164.0,0.04624,96.0,0.04625,1080.0
1753520848235,09:07:28.235,ACT/USDT:USDT,0.04622,110.0,0.04621,164.0,0.04624,96.0,0.04625,1080.0
1753520849070,09:07:29.070,ACT/USDT:USDT,0.04622,110.0,0.04621,164.0,0.04624,96.0,0.04625,1080.0
1753520849432,09:07:29.432,ACT/USDT:USDT,0.04622,110.0,0.04621,164.0,0.04624,96.0,0.04625,1080.0
1753520850133,09:07:30.133,ACT/USDT:USDT,0.04622,110.0,0.04621,164.0,0.04624,96.0,0.04625,1080.0
1753520854218,09:07:34.218,ACT/USDT:USDT,0.04622,110.0,0.04621,164.0,0.04624,96.0,0.04625,1080.0
1753520855291,09:07:35.291,ACT/USDT:USDT,0.04622,110.0,0.04621,164.0,0.04624,70.0,0.04625,1080.0
1753520856765,09:07:36.765,ACT/USDT:USDT,0.04622,110.0,0.04621,164.0,0.04624,1072.0,0.04625,1080.0
1753520856799,09:07:36.799,ACT/USDT:USDT,0.04622,110.0,0.04621,164.0,0.04624,1098.0,0.04625,1080.0
1753520858283,09:07:38.283,ACT/USDT:USDT,0.04622,110.0,0.04621,164.0,0.04624,1072.0,0.04625,1080.0
1753520858379,09:07:38.379,ACT/USDT:USDT,0.04622,110.0,0.04621,164.0,0.04624,1098.0,0.04625,1080.0
1753520858525,09:07:38.525,ACT/USDT:USDT,0.04622,110.0,0.04621,164.0,0.04624,1072.0,0.04625,1080.0
1753520861462,09:07:41.462,ACT/USDT:USDT,0.04622,110.0,0.04621,164.0,0.04624,1072.0,0.04625,1080.0
1753520861554,09:07:41.554,ACT/USDT:USDT,0.0462,214.0,0.04619,164.0,0.04624,1098.0,0.04625,1080.0
1753520861584,09:07:41.584,ACT/USDT:USDT,0.0462,214.0,0.04619,164.0,0.04624,1098.0,0.04625,1080.0
1753520861737,09:07:41.737,ACT/USDT:USDT,0.04619,164.0,0.04618,4085.0,0.04624,1148.0,0.04625,1080.0
1753520861812,09:07:41.812,ACT/USDT:USDT,0.04619,164.0,0.04618,4249.0,0.04624,1148.0,0.04625,1080.0
1753520862381,09:07:42.381,ACT/USDT:USDT,0.04619,164.0,0.04618,4249.0,0.04624,1148.0,0.04625,1080.0
1753520862772,09:07:42.772,ACT/USDT:USDT,0.04613,187.0,0.04612,188.0,0.04618,50.0,0.04619,1180.0
1753520862875,09:07:42.875,ACT/USDT:USDT,0.04614,187.0,0.04613,240.0,0.04618,1080.0,0.04619,96.0
1753520862959,09:07:42.959,ACT/USDT:USDT,0.04614,187.0,0.04613,404.0,0.04618,1130.0,0.04619,1.0
1753520863074,09:07:43.074,ACT/USDT:USDT,0.04614,187.0,0.04613,404.0,0.04618,1182.0,0.04619,1.0
1753520863087,09:07:43.087,ACT/USDT:USDT,0.04614,213.0,0.04613,404.0,0.04618,1182.0,0.04619,1.0
1753520863267,09:07:43.267,ACT/USDT:USDT,0.04614,239.0,0.04613,404.0,0.04618,1182.0,0.04619,1.0
1753520863339,09:07:43.339,ACT/USDT:USDT,0.04615,110.0,0.04614,239.0,0.04618,76.0,0.04619,1.0
1753520863431,09:07:43.431,ACT/USDT:USDT,0.04615,110.0,0.04614,403.0,0.04618,76.0,0.04619,1.0
1753520863666,09:07:43.666,ACT/USDT:USDT,0.04615,110.0,0.04614,403.0,0.04618,76.0,0.04619,1.0
1753520863950,09:07:43.950,ACT/USDT:USDT,0.04615,110.0,0.04614,403.0,0.04618,76.0,0.04619,1.0
1753520864083,09:07:44.083,ACT/USDT:USDT,0.04615,110.0,0.04614,403.0,0.04618,76.0,0.04619,1.0
1753520864468,09:07:44.468,ACT/USDT:USDT,0.04615,110.0,0.04614,403.0,0.04619,1.0,0.0462,50.0
1753520864575,09:07:44.575,ACT/USDT:USDT,0.04616,110.0,0.04615,110.0,0.04618,1080.0,0.04619,77.0
1753520864582,09:07:44.582,ACT/USDT:USDT,0.04616,110.0,0.04615,110.0,0.04618,1130.0,0.04619,27.0
1753520864971,09:07:44.971,ACT/USDT:USDT,0.04615,110.0,0.04614,377.0,0.04618,1130.0,0.04619,27.0
1753520865026,09:07:45.026,ACT/USDT:USDT,0.04615,136.0,0.04614,377.0,0.04618,50.0,0.04619,27.0
1753520865082,09:07:45.082,ACT/USDT:USDT,0.04615,136.0,0.04614,377.0,0.04618,50.0,0.04619,27.0
1753520865224,09:07:45.224,ACT/USDT:USDT,0.04615,136.0,0.04614,377.0,0.04618,50.0,0.04619,27.0
1753520865368,09:07:45.368,ACT/USDT:USDT,0.04615,136.0,0.04614,377.0,0.04618,50.0,0.04619,27.0
1753520866205,09:07:46.205,ACT/USDT:USDT,0.04615,136.0,0.04614,377.0,0.04618,50.0,0.04619,27.0
1753520866651,09:07:46.651,ACT/USDT:USDT,0.04615,136.0,0.04614,377.0,0.04618,50.0,0.04619,27.0
1753520866839,09:07:46.839,ACT/USDT:USDT,0.04615,136.0,0.04614,377.0,0.04618,50.0,0.04619,27.0
1753520866981,09:07:46.981,ACT/USDT:USDT,0.04615,136.0,0.04614,377.0,0.04618,50.0,0.04619,27.0
1753520867188,09:07:47.188,ACT/USDT:USDT,0.04615,136.0,0.04614,377.0,0.04618,50.0,0.04619,27.0
1753520867489,09:07:47.489,ACT/USDT:USDT,0.04615,136.0,0.04614,377.0,0.04618,50.0,0.04619,27.0
1753520867761,09:07:47.761,ACT/USDT:USDT,0.04615,136.0,0.04614,377.0,0.04618,50.0,0.04619,27.0
1753520867784,09:07:47.784,ACT/USDT:USDT,0.04615,136.0,0.04614,377.0,0.04618,50.0,0.04619,27.0
1753520867948,09:07:47.948,ACT/USDT:USDT,0.04615,136.0,0.04614,377.0,0.04618,50.0,0.04619,27.0
1753520869479,09:07:49.479,ACT/USDT:USDT,0.04615,136.0,0.04614,377.0,0.04618,76.0,0.04619,27.0
1753520873359,09:07:53.359,ACT/USDT:USDT,0.04615,26.0,0.04614,377.0,0.04618,76.0,0.04619,1107.0
1753520873464,09:07:53.464,ACT/USDT:USDT,0.04614,377.0,0.04613,240.0,0.04618,76.0,0.04619,1152.0
1753520873509,09:07:53.509,ACT/USDT:USDT,0.04615,110.0,0.04614,403.0,0.04618,76.0,0.04619,1152.0
1753520873620,09:07:53.620,ACT/USDT:USDT,0.04615,110.0,0.04614,403.0,0.04618,76.0,0.04619,1152.0
1753520873799,09:07:53.799,ACT/USDT:USDT,0.04614,403.0,0.04613,404.0,0.04618,76.0,0.04619,1152.0
1753520874413,09:07:54.413,ACT/USDT:USDT,0.04614,403.0,0.04613,404.0,0.04618,76.0,0.04619,1152.0
1753520875418,09:07:55.418,ACT/USDT:USDT,0.04615,136.0,0.04614,377.0,0.04618,50.0,0.04619,1152.0
1753520875547,09:07:55.547,ACT/USDT:USDT,0.04615,136.0,0.04614,377.0,0.04618,50.0,0.04619,1126.0
1753520876550,09:07:56.550,ACT/USDT:USDT,0.04615,136.0,0.04614,377.0,0.04618,50.0,0.04619,1126.0
1753520877719,09:07:57.719,ACT/USDT:USDT,0.04615,110.0,0.04614,377.0,0.04618,76.0,0.04619,1126.0
1753520878506,09:07:58.506,ACT/USDT:USDT,0.04615,136.0,0.04614,377.0,0.04618,102.0,0.04619,1126.0
1753520879298,09:07:59.298,ACT/USDT:USDT,0.04615,110.0,0.04614,377.0,0.04618,76.0,0.04619,1126.0
1753520879503,09:07:59.503,ACT/USDT:USDT,0.04615,110.0,0.04614,377.0,0.04618,102.0,0.04619,1126.0
1753520880167,09:08:00.167,ACT/USDT:USDT,0.04616,162.0,0.04615,110.0,0.04619,96.0,0.0462,1028.0
1753520880226,09:08:00.226,ACT/USDT:USDT,0.04616,162.0,0.04615,110.0,0.04619,77.0,0.0462,1028.0
1753520880298,09:08:00.298,ACT/USDT:USDT,0.04616,162.0,0.04615,110.0,0.04619,51.0,0.0462,1028.0
1753520880652,09:08:00.652,ACT/USDT:USDT,0.04616,162.0,0.04615,110.0,0.04619,1.0,0.0462,1078.0
1753520881060,09:08:01.060,ACT/USDT:USDT,0.04616,162.0,0.04615,110.0,0.04619,1.0,0.0462,1078.0
1753520881161,09:08:01.161,ACT/USDT:USDT,0.04617,110.0,0.04616,294.0,0.04619,1.0,0.0462,1028.0
1753520881206,09:08:01.206,ACT/USDT:USDT,0.04617,136.0,0.04616,294.0,0.04619,1.0,0.0462,1028.0
1753520881332,09:08:01.332,ACT/USDT:USDT,0.04617,110.0,0.04616,294.0,0.04619,1.0,0.0462,1028.0
1753520881381,09:08:01.381,ACT/USDT:USDT,0.04617,136.0,0.04616,294.0,0.04619,1.0,0.0462,1028.0
1753520881477,09:08:01.477,ACT/USDT:USDT,0.04617,136.0,0.04616,294.0,0.04619,1.0,0.0462,1028.0
1753520881658,09:08:01.658,ACT/USDT:USDT,0.04617,162.0,0.04616,294.0,0.04619,1.0,0.0462,1028.0
1753520881770,09:08:01.770,ACT/USDT:USDT,0.04617,136.0,0.04616,294.0,0.04619,1.0,0.0462,1028.0
1753520882297,09:08:02.297,ACT/USDT:USDT,0.04617,136.0,0.04616,294.0,0.04619,1.0,0.0462,1028.0
1753520888449,09:08:08.449,ACT/USDT:USDT,0.04617,136.0,0.04616,110.0,0.04619,1.0,0.0462,1028.0
1753520891558,09:08:11.558,ACT/USDT:USDT,0.04617,136.0,0.04616,110.0,0.04619,1029.0,0.04621,50.0
1753520891773,09:08:11.773,ACT/USDT:USDT,0.0462,165.0,0.04619,784.0,0.04621,50.0,0.04622,100.0
1753520891869,09:08:11.869,ACT/USDT:USDT,0.04619,974.0,0.04618,110.0,0.04622,100.0,0.04623,237.0
1753520891886,09:08:11.886,ACT/USDT:USDT,0.04619,1000.0,0.04618,110.0,0.04622,100.0,0.04623,237.0
1753520892069,09:08:12.069,ACT/USDT:USDT,0.04619,1000.0,0.04618,110.0,0.04622,100.0,0.04623,237.0
1753520892082,09:08:12.082,ACT/USDT:USDT,0.04619,974.0,0.04618,110.0,0.04622,100.0,0.04623,237.0
1753520892572,09:08:12.572,ACT/USDT:USDT,0.04619,974.0,0.04618,110.0,0.04622,100.0,0.04623,237.0
1753520892792,09:08:12.792,ACT/USDT:USDT,0.04619,974.0,0.04618,110.0,0.04622,100.0,0.04623,237.0
1753520892988,09:08:12.988,ACT/USDT:USDT,0.04619,974.0,0.04618,110.0,0.04622,100.0,0.04623,237.0
1753520894508,09:08:14.508,ACT/USDT:USDT,0.04619,948.0,0.04618,110.0,0.04622,100.0,0.04623,237.0
1753520894643,09:08:14.643,ACT/USDT:USDT,0.04619,1000.0,0.04618,110.0,0.04622,100.0,0.04623,237.0
1753520895004,09:08:15.004,ACT/USDT:USDT,0.04619,1000.0,0.04618,110.0,0.04622,100.0,0.04623,237.0
1753520895770,09:08:15.770,ACT/USDT:USDT,0.04619,1000.0,0.04618,110.0,0.04622,100.0,0.04623,50.0
1753520895862,09:08:15.862,ACT/USDT:USDT,0.04619,1000.0,0.04618,110.0,0.04622,100.0,0.04623,50.0
1753520895900,09:08:15.900,ACT/USDT:USDT,0.04619,1000.0,0.04618,110.0,0.04622,100.0,0.04623,50.0
1753520896440,09:08:16.440,ACT/USDT:USDT,0.04621,110.0,0.0462,110.0,0.04622,100.0,0.04623,76.0
1753520896566,09:08:16.566,ACT/USDT:USDT,0.04621,110.0,0.0462,110.0,0.04622,100.0,0.04623,26.0
1753520896609,09:08:16.609,ACT/USDT:USDT,0.04621,110.0,0.0462,110.0,0.04622,100.0,0.04623,26.0
1753520896697,09:08:16.697,ACT/USDT:USDT,0.0462,110.0,0.04619,164.0,0.04622,126.0,0.04623,26.0
1753520896816,09:08:16.816,ACT/USDT:USDT,0.0462,136.0,0.04619,164.0,0.04622,100.0,0.04624,337.0
1753520897059,09:08:17.059,ACT/USDT:USDT,0.0462,110.0,0.04619,164.0,0.04622,100.0,0.04623,1028.0
1753520897078,09:08:17.078,ACT/USDT:USDT,0.0462,110.0,0.04619,164.0,0.04622,100.0,0.04623,1028.0
1753520897271,09:08:17.271,ACT/USDT:USDT,0.0462,110.0,0.04619,164.0,0.04622,100.0,0.04623,1028.0
1753520897285,09:08:17.285,ACT/USDT:USDT,0.0462,110.0,0.04619,164.0,0.04622,100.0,0.04623,1028.0
1753520897510,09:08:17.510,ACT/USDT:USDT,0.0462,110.0,0.04619,164.0,0.04622,100.0,0.04623,1028.0
1753520897747,09:08:17.747,ACT/USDT:USDT,0.04622,110.0,0.04621,164.0,0.04624,357.0,0.04625,237.0
1753520897786,09:08:17.786,ACT/USDT:USDT,0.04622,110.0,0.04621,164.0,0.04624,313.0,0.04625,237.0
1753520897926,09:08:17.926,ACT/USDT:USDT,0.04622,110.0,0.04621,164.0,0.04624,313.0,0.04625,237.0
1753520898350,09:08:18.350,ACT/USDT:USDT,0.04622,110.0,0.04621,164.0,0.04624,313.0,0.04625,237.0
1753520898564,09:08:18.564,ACT/USDT:USDT,0.04622,110.0,0.04621,164.0,0.04624,339.0,0.04625,237.0
1753520898620,09:08:18.620,ACT/USDT:USDT,0.04622,110.0,0.04621,164.0,0.04624,339.0,0.04625,237.0
1753520898743,09:08:18.743,ACT/USDT:USDT,0.04622,110.0,0.04621,164.0,0.04624,313.0,0.04625,237.0
1753520899579,09:08:19.579,ACT/USDT:USDT,0.04622,110.0,0.04621,164.0,0.04624,313.0,0.04625,237.0
1753520899739,09:08:19.739,ACT/USDT:USDT,0.04622,110.0,0.04621,164.0,0.04624,339.0,0.04625,237.0
1753520899782,09:08:19.782,ACT/USDT:USDT,0.04622,110.0,0.04621,164.0,0.04624,383.0,0.04625,237.0
1753520901462,09:08:21.462,ACT/USDT:USDT,0.04622,110.0,0.04621,164.0,0.04624,357.0,0.04625,237.0
1753520906544,09:08:26.544,ACT/USDT:USDT,0.04622,110.0,0.04621,164.0,0.04624,383.0,0.04625,237.0
1753520906669,09:08:26.669,ACT/USDT:USDT,0.04622,110.0,0.04621,164.0,0.04624,383.0,0.04625,237.0
1753520906742,09:08:26.742,ACT/USDT:USDT,0.04621,164.0,0.0462,163.0,0.04624,383.0,0.04625,237.0
1753520906837,09:08:26.837,ACT/USDT:USDT,0.04621,164.0,0.0462,163.0,0.04624,383.0,0.04625,237.0
1753520907254,09:08:27.254,ACT/USDT:USDT,0.04621,164.0,0.0462,163.0,0.04624,383.0,0.04625,237.0
1753520907915,09:08:27.915,ACT/USDT:USDT,0.04621,164.0,0.0462,163.0,0.04624,383.0,0.04625,237.0
1753520908070,09:08:28.070,ACT/USDT:USDT,0.04621,164.0,0.0462,163.0,0.04624,383.0,0.04625,237.0
1753520908508,09:08:28.508,ACT/USDT:USDT,0.04621,164.0,0.0462,163.0,0.04624,383.0,0.04625,237.0
1753520908695,09:08:28.695,ACT/USDT:USDT,0.04621,164.0,0.0462,163.0,0.04624,383.0,0.04625,237.0
1753520912338,09:08:32.338,ACT/USDT:USDT,0.04621,164.0,0.0462,163.0,0.04624,383.0,0.04625,237.0
1753520912430,09:08:32.430,ACT/USDT:USDT,0.04621,164.0,0.0462,163.0,0.04623,1080.0,0.04624,194.0
1753520912532,09:08:32.532,ACT/USDT:USDT,0.04621,164.0,0.0462,163.0,0.04623,1080.0,0.04624,150.0
1753520912858,09:08:32.858,ACT/USDT:USDT,0.04621,164.0,0.0462,163.0,0.04623,1080.0,0.04624,150.0
1753520912882,09:08:32.882,ACT/USDT:USDT,0.04621,190.0,0.0462,163.0,0.04623,1028.0,0.04624,150.0
1753520913853,09:08:33.853,ACT/USDT:USDT,0.04622,8.0,0.04621,164.0,0.04623,1028.0,0.04624,150.0
1753520913882,09:08:33.882,ACT/USDT:USDT,0.04622,8.0,0.04621,164.0,0.04623,1028.0,0.04624,150.0
1753520914154,09:08:34.154,ACT/USDT:USDT,0.04622,8.0,0.04621,164.0,0.04623,1028.0,0.04624,150.0
1753520914308,09:08:34.308,ACT/USDT:USDT,0.04622,8.0,0.04621,164.0,0.04623,1080.0,0.04624,150.0
1753520914626,09:08:34.626,ACT/USDT:USDT,0.04622,8.0,0.04621,164.0,0.04624,202.0,0.04625,1311.0
1753520914683,09:08:34.683,ACT/USDT:USDT,0.04622,8.0,0.04621,164.0,0.04624,202.0,0.04625,1311.0
1753520915043,09:08:35.043,ACT/USDT:USDT,0.04622,8.0,0.04621,164.0,0.04624,202.0,0.04625,1311.0
1753520915460,09:08:35.460,ACT/USDT:USDT,0.04622,8.0,0.04621,164.0,0.04624,202.0,0.04625,1311.0
1753520916768,09:08:36.768,ACT/USDT:USDT,0.04622,8.0,0.04621,164.0,0.04624,176.0,0.04625,1311.0
1753520916834,09:08:36.834,ACT/USDT:USDT,0.04622,8.0,0.04621,164.0,0.04624,176.0,0.04625,1311.0
1753520917092,09:08:37.092,ACT/USDT:USDT,0.04622,8.0,0.04621,164.0,0.04624,176.0,0.04625,1311.0
1753520917512,09:08:37.512,ACT/USDT:USDT,0.04622,8.0,0.04621,164.0,0.04624,176.0,0.04625,1311.0
1753520917888,09:08:37.888,ACT/USDT:USDT,0.04622,8.0,0.04621,164.0,0.04624,202.0,0.04625,1311.0
1753520918335,09:08:38.335,ACT/USDT:USDT,0.04622,8.0,0.04621,164.0,0.04624,202.0,0.04625,1311.0
1753520919571,09:08:39.571,ACT/USDT:USDT,0.04618,110.0,0.04617,110.0,0.04621,1080.0,0.04622,50.0
1753520919674,09:08:39.674,ACT/USDT:USDT,0.04617,110.0,0.04616,446.0,0.0462,1072.0,0.04621,1130.0
1753520919679,09:08:39.679,ACT/USDT:USDT,0.04617,110.0,0.04616,446.0,0.0462,1072.0,0.04621,1130.0
1753520919965,09:08:39.965,ACT/USDT:USDT,0.04617,110.0,0.04616,446.0,0.0462,1072.0,0.04621,1130.0
1753520920037,09:08:40.037,ACT/USDT:USDT,0.04617,136.0,0.04616,446.0,0.0462,1072.0,0.04621,1130.0
1753520920395,09:08:40.395,ACT/USDT:USDT,0.04617,136.0,0.04616,446.0,0.0462,1072.0,0.04621,1130.0
1753520921266,09:08:41.266,ACT/USDT:USDT,0.04617,136.0,0.04616,446.0,0.0462,1072.0,0.04621,1130.0
1753520921625,09:08:41.625,ACT/USDT:USDT,0.04617,136.0,0.04616,446.0,0.0462,1072.0,0.04621,1130.0
1753520921768,09:08:41.768,ACT/USDT:USDT,0.04617,52.0,0.04616,446.0,0.0462,44.0,0.04621,1130.0
1753520922759,09:08:42.759,ACT/USDT:USDT,0.04617,26.0,0.04616,446.0,0.0462,44.0,0.04621,1130.0
1753520922961,09:08:42.961,ACT/USDT:USDT,0.04617,26.0,0.04616,446.0,0.0462,44.0,0.04621,1130.0
1753520926138,09:08:46.138,ACT/USDT:USDT,0.04617,26.0,0.04616,446.0,0.0462,70.0,0.04621,1130.0
1753520926358,09:08:46.358,ACT/USDT:USDT,0.04616,264.0,0.04615,447.0,0.0462,120.0,0.04621,1080.0
1753520926380,09:08:46.380,ACT/USDT:USDT,0.04616,264.0,0.04615,447.0,0.0462,120.0,0.04621,1080.0
1753520927264,09:08:47.264,ACT/USDT:USDT,0.04616,264.0,0.04615,447.0,0.0462,120.0,0.04621,1080.0
1753520927323,09:08:47.323,ACT/USDT:USDT,0.04616,264.0,0.04615,447.0,0.0462,120.0,0.04621,1080.0
1753520928614,09:08:48.614,ACT/USDT:USDT,0.04616,264.0,0.04615,447.0,0.0462,94.0,0.04621,1080.0
1753520929465,09:08:49.465,ACT/USDT:USDT,0.04616,264.0,0.04615,447.0,0.0462,94.0,0.04621,1080.0
1753520929479,09:08:49.479,ACT/USDT:USDT,0.04616,264.0,0.04615,447.0,0.0462,94.0,0.04621,1080.0
1753520931058,09:08:51.058,ACT/USDT:USDT,0.04616,100.0,0.04615,264.0,0.0462,1122.0,0.04621,1080.0
1753520933570,09:08:53.570,ACT/USDT:USDT,0.04617,136.0,0.04616,100.0,0.0462,1148.0,0.04621,1080.0
1753520933660,09:08:53.660,ACT/USDT:USDT,0.04617,110.0,0.04616,264.0,0.0462,1148.0,0.04621,1080.0
1753520934190,09:08:54.190,ACT/USDT:USDT,0.04617,110.0,0.04616,164.0,0.0462,1148.0,0.04621,1080.0
1753520934651,09:08:54.651,ACT/USDT:USDT,0.04617,110.0,0.04616,164.0,0.0462,1148.0,0.04621,1080.0
1753520935416,09:08:55.416,ACT/USDT:USDT,0.04617,136.0,0.04616,164.0,0.0462,1148.0,0.04621,1080.0
1753520935593,09:08:55.593,ACT/USDT:USDT,0.04617,136.0,0.04616,164.0,0.0462,1148.0,0.04621,1080.0
1753520936163,09:08:56.163,ACT/USDT:USDT,0.04617,136.0,0.04616,164.0,0.0462,1148.0,0.04621,1080.0
1753520936649,09:08:56.649,ACT/USDT:USDT,0.04617,136.0,0.04616,164.0,0.0462,1098.0,0.04621,1130.0
1753520936689,09:08:56.689,ACT/USDT:USDT,0.04617,26.0,0.04616,164.0,0.0462,1098.0,0.04621,1130.0
1753520936786,09:08:56.786,ACT/USDT:USDT,0.04617,26.0,0.04616,164.0,0.0462,1072.0,0.04621,1130.0
1753520937069,09:08:57.069,ACT/USDT:USDT,0.04617,26.0,0.04616,164.0,0.0462,1072.0,0.04621,1130.0
1753520937141,09:08:57.141,ACT/USDT:USDT,0.04618,136.0,0.04617,164.0,0.0462,44.0,0.04621,1130.0
1753520937252,09:08:57.252,ACT/USDT:USDT,0.04618,110.0,0.04617,164.0,0.0462,44.0,0.04621,1130.0
1753520937282,09:08:57.282,ACT/USDT:USDT,0.04618,136.0,0.04617,164.0,0.0462,44.0,0.04621,1130.0
1753520937387,09:08:57.387,ACT/USDT:USDT,0.04618,110.0,0.04617,164.0,0.0462,44.0,0.04621,1130.0
1753520937567,09:08:57.567,ACT/USDT:USDT,0.04617,164.0,0.04615,288.0,0.0462,70.0,0.04621,1130.0
1753520937610,09:08:57.610,ACT/USDT:USDT,0.04617,164.0,0.04616,164.0,0.0462,70.0,0.04621,1130.0
1753520937762,09:08:57.762,ACT/USDT:USDT,0.04618,110.0,0.04617,190.0,0.0462,44.0,0.04621,1130.0
1753520937871,09:08:57.871,ACT/USDT:USDT,0.04618,110.0,0.04617,190.0,0.0462,44.0,0.04621,1130.0
1753520938503,09:08:58.503,ACT/USDT:USDT,0.04618,136.0,0.04617,190.0,0.0462,44.0,0.04621,1130.0
1753520938948,09:08:58.948,ACT/USDT:USDT,0.04618,110.0,0.04617,190.0,0.0462,44.0,0.04621,1130.0
1753520939282,09:08:59.282,ACT/USDT:USDT,0.04618,136.0,0.04617,164.0,0.0462,44.0,0.04621,1130.0
1753520940290,09:09:00.290,ACT/USDT:USDT,0.04618,110.0,0.04617,164.0,0.0462,70.0,0.04621,1130.0
1753520941872,09:09:01.872,ACT/USDT:USDT,0.04618,110.0,0.04617,164.0,0.0462,70.0,0.04621,1130.0
1753520941900,09:09:01.900,ACT/USDT:USDT,0.04618,162.0,0.04617,164.0,0.0462,44.0,0.04621,1130.0
1753520943358,09:09:03.358,ACT/USDT:USDT,0.04617,190.0,0.04616,164.0,0.0462,96.0,0.04621,1130.0
1753520943559,09:09:03.559,ACT/USDT:USDT,0.04618,110.0,0.04617,190.0,0.0462,44.0,0.04621,1130.0
1753520943664,09:09:03.664,ACT/USDT:USDT,0.04618,162.0,0.04617,164.0,0.0462,44.0,0.04621,1130.0
1753520943756,09:09:03.756,ACT/USDT:USDT,0.04618,162.0,0.04617,164.0,0.0462,44.0,0.04621,50.0
1753520943863,09:09:03.863,ACT/USDT:USDT,0.04619,110.0,0.04618,162.0,0.04621,1122.0,0.04623,182.0
1753520943918,09:09:03.918,ACT/USDT:USDT,0.04619,110.0,0.04618,110.0,0.04621,1078.0,0.04623,182.0
1753520944074,09:09:04.074,ACT/USDT:USDT,0.04619,110.0,0.04618,110.0,0.04621,1104.0,0.04623,182.0
1753520944178,09:09:04.178,ACT/USDT:USDT,0.04619,110.0,0.04618,110.0,0.04621,1054.0,0.04622,50.0
1753520944470,09:09:04.470,ACT/USDT:USDT,0.04619,110.0,0.04618,110.0,0.04621,1054.0,0.04622,50.0
1753520944568,09:09:04.568,ACT/USDT:USDT,0.04619,110.0,0.04618,110.0,0.04621,1080.0,0.04622,50.0
1753520944965,09:09:04.965,ACT/USDT:USDT,0.04616,188.0,0.04615,2956.0,0.04621,1080.0,0.04622,50.0
1753520945020,09:09:05.020,ACT/USDT:USDT,0.04616,188.0,0.04615,1368.0,0.0462,44.0,0.04621,1104.0
1753520945173,09:09:05.173,ACT/USDT:USDT,0.04616,188.0,0.04615,452.0,0.0462,94.0,0.04621,1054.0
1753520945328,09:09:05.328,ACT/USDT:USDT,0.04616,188.0,0.04615,452.0,0.0462,94.0,0.04621,1054.0
1753520948463,09:09:08.463,ACT/USDT:USDT,0.04617,162.0,0.04616,352.0,0.0462,44.0,0.04621,1078.0
1753520948508,09:09:08.508,ACT/USDT:USDT,0.04619,110.0,0.04618,164.0,0.0462,44.0,0.04621,1080.0
1753520948612,09:09:08.612,ACT/USDT:USDT,0.04619,110.0,0.04618,164.0,0.0462,44.0,0.04621,1080.0
1753520948679,09:09:08.679,ACT/USDT:USDT,0.04619,110.0,0.04618,164.0,0.0462,44.0,0.04621,1080.0
1753520948802,09:09:08.802,ACT/USDT:USDT,0.04619,110.0,0.04618,164.0,0.0462,44.0,0.04621,1080.0
1753520949458,09:09:09.458,ACT/USDT:USDT,0.04619,110.0,0.04618,190.0,0.0462,44.0,0.04621,1080.0
1753520949480,09:09:09.480,ACT/USDT:USDT,0.04619,110.0,0.04618,164.0,0.0462,44.0,0.04621,1080.0
1753520950710,09:09:10.710,ACT/USDT:USDT,0.04619,110.0,0.04618,190.0,0.0462,44.0,0.04621,1080.0
1753520951514,09:09:11.514,ACT/USDT:USDT,0.04619,110.0,0.04618,190.0,0.0462,44.0,0.04621,1054.0
1753520951767,09:09:11.767,ACT/USDT:USDT,0.04619,110.0,0.04618,216.0,0.0462,44.0,0.04621,1028.0
1753520952001,09:09:12.001,ACT/USDT:USDT,0.04619,110.0,0.04618,216.0,0.0462,44.0,0.04621,1054.0
1753520952823,09:09:12.823,ACT/USDT:USDT,0.04619,110.0,0.04618,190.0,0.0462,44.0,0.04621,1028.0
1753520952929,09:09:12.929,ACT/USDT:USDT,0.04619,110.0,0.04618,216.0,0.0462,44.0,0.04621,1028.0
1753520953028,09:09:13.028,ACT/USDT:USDT,0.04619,110.0,0.04618,216.0,0.0462,44.0,0.04621,1028.0
1753520955144,09:09:15.144,ACT/USDT:USDT,0.04619,110.0,0.04618,164.0,0.0462,1072.0,0.04622,50.0
1753520955198,09:09:15.198,ACT/USDT:USDT,0.04619,136.0,0.04618,164.0,0.0462,1028.0,0.04622,50.0
1753520955654,09:09:15.654,ACT/USDT:USDT,0.04619,136.0,0.04618,164.0,0.0462,1028.0,0.04622,50.0
1753520956175,09:09:16.175,ACT/USDT:USDT,0.04619,136.0,0.04618,164.0,0.04622,50.0,0.04623,226.0
1753520956180,09:09:16.180,ACT/USDT:USDT,0.04619,136.0,0.04618,164.0,0.04622,1028.0,0.04623,276.0
1753520956282,09:09:16.282,ACT/USDT:USDT,0.04619,136.0,0.04618,164.0,0.04621,44.0,0.04622,1028.0
1753520956522,09:09:16.522,ACT/USDT:USDT,0.04619,136.0,0.04618,164.0,0.04621,44.0,0.04622,1078.0
1753520956737,09:09:16.737,ACT/USDT:USDT,0.04618,110.0,0.04617,110.0,0.04621,44.0,0.04622,50.0
1753520956782,09:09:16.782,ACT/USDT:USDT,0.04618,110.0,0.04617,110.0,0.04622,50.0,0.04623,226.0
1753520957044,09:09:17.044,ACT/USDT:USDT,0.04619,110.0,0.04618,110.0,0.04623,276.0,0.04624,1739.0
1753520957423,09:09:17.423,ACT/USDT:USDT,0.04619,110.0,0.04618,110.0,0.04623,276.0,0.04624,1739.0
1753520957762,09:09:17.762,ACT/USDT:USDT,0.04618,110.0,0.04617,164.0,0.04623,276.0,0.04624,1739.0
1753520957841,09:09:17.841,ACT/USDT:USDT,0.04618,110.0,0.04617,164.0,0.04623,276.0,0.04624,1739.0
1753520958658,09:09:18.658,ACT/USDT:USDT,0.04618,110.0,0.04617,164.0,0.04623,276.0,0.04624,1739.0
1753520960759,09:09:20.759,ACT/USDT:USDT,0.0462,110.0,0.04619,110.0,0.04623,302.0,0.04624,1739.0
1753520960788,09:09:20.788,ACT/USDT:USDT,0.0462,110.0,0.04619,110.0,0.04623,302.0,0.04624,1739.0
1753520961110,09:09:21.110,ACT/USDT:USDT,0.0462,110.0,0.04619,110.0,0.04623,252.0,0.04624,1789.0
1753520961238,09:09:21.238,ACT/USDT:USDT,0.04621,110.0,0.0462,136.0,0.04623,70.0,0.04624,709.0
1753520961316,09:09:21.316,ACT/USDT:USDT,0.04621,110.0,0.0462,136.0,0.04623,70.0,0.04624,709.0
1753520961467,09:09:21.467,ACT/USDT:USDT,0.04621,110.0,0.0462,136.0,0.04623,70.0,0.04624,709.0
1753520961569,09:09:21.569,ACT/USDT:USDT,0.04621,110.0,0.0462,136.0,0.04623,70.0,0.04624,709.0
1753520963269,09:09:23.269,ACT/USDT:USDT,0.04622,162.0,0.04621,162.0,0.04623,44.0,0.04625,50.0
1753520963374,09:09:23.374,ACT/USDT:USDT,0.04625,110.0,0.04624,110.0,0.04626,1028.0,0.04627,310.0
1753520963472,09:09:23.472,ACT/USDT:USDT,0.04625,110.0,0.04624,110.0,0.04627,1382.0,0.04628,235.0
1753520963500,09:09:23.500,ACT/USDT:USDT,0.04625,110.0,0.04624,110.0,0.04627,1338.0,0.04628,235.0
1753520963667,09:09:23.667,ACT/USDT:USDT,0.04625,110.0,0.04624,110.0,0.04627,1338.0,0.04628,235.0
1753520963680,09:09:23.680,ACT/USDT:USDT,0.04625,110.0,0.04624,110.0,0.04627,1338.0,0.04628,235.0
1753520964442,09:09:24.442,ACT/USDT:USDT,0.04625,110.0,0.04624,110.0,0.04627,1338.0,0.04628,235.0
1753520964626,09:09:24.626,ACT/USDT:USDT,0.04625,110.0,0.04624,110.0,0.04627,1338.0,0.04628,235.0
1753520964861,09:09:24.861,ACT/USDT:USDT,0.04625,110.0,0.04624,110.0,0.04627,1338.0,0.04628,235.0
1753520966766,09:09:26.766,ACT/USDT:USDT,0.04625,110.0,0.04624,110.0,0.04627,1154.0,0.04628,235.0
1753520967408,09:09:27.408,ACT/USDT:USDT,0.04625,110.0,0.04624,110.0,0.04627,1154.0,0.04628,235.0
1753520968369,09:09:28.369,ACT/USDT:USDT,0.04624,110.0,0.04623,164.0,0.04627,1180.0,0.04628,235.0
1753520968390,09:09:28.390,ACT/USDT:USDT,0.04624,110.0,0.04623,164.0,0.04626,70.0,0.04627,1204.0
1753520968560,09:09:28.560,ACT/USDT:USDT,0.04625,110.0,0.04624,110.0,0.04626,44.0,0.04627,1178.0
1753520968602,09:09:28.602,ACT/USDT:USDT,0.04625,110.0,0.04624,110.0,0.04626,44.0,0.04627,1178.0
1753520968854,09:09:28.854,ACT/USDT:USDT,0.04625,110.0,0.04624,110.0,0.04626,70.0,0.04627,1204.0
1753520969283,09:09:29.283,ACT/USDT:USDT,0.04625,110.0,0.04624,110.0,0.04626,44.0,0.04627,1230.0
1753520969573,09:09:29.573,ACT/USDT:USDT,0.04625,110.0,0.04624,162.0,0.04626,44.0,0.04627,50.0
1753520969669,09:09:29.669,ACT/USDT:USDT,0.04626,110.0,0.04625,110.0,0.04628,71.0,0.04629,2158.0
1753520969697,09:09:29.697,ACT/USDT:USDT,0.04626,110.0,0.04625,110.0,0.04628,71.0,0.04629,2158.0
1753520969818,09:09:29.818,ACT/USDT:USDT,0.04626,110.0,0.04625,110.0,0.04628,71.0,0.04629,2158.0
1753520970521,09:09:30.521,ACT/USDT:USDT,0.04626,110.0,0.04625,110.0,0.04628,71.0,0.04629,2158.0
1753520971314,09:09:31.314,ACT/USDT:USDT,0.04626,110.0,0.04625,110.0,0.04628,97.0,0.04629,2158.0
1753520971743,09:09:31.743,ACT/USDT:USDT,0.04626,110.0,0.04625,110.0,0.04628,97.0,0.04629,2158.0
1753520971817,09:09:31.817,ACT/USDT:USDT,0.04626,110.0,0.04625,110.0,0.04628,71.0,0.04629,2158.0
1753520973356,09:09:33.356,ACT/USDT:USDT,0.04626,110.0,0.04625,110.0,0.04628,45.0,0.04629,2158.0
1753520973470,09:09:33.470,ACT/USDT:USDT,0.04627,110.0,0.04626,110.0,0.04628,45.0,0.04629,2158.0
1753520973501,09:09:33.501,ACT/USDT:USDT,0.04627,110.0,0.04626,110.0,0.04628,45.0,0.04629,2158.0
1753520973767,09:09:33.767,ACT/USDT:USDT,0.04627,110.0,0.04626,110.0,0.04628,45.0,0.04629,2158.0
1753520974174,09:09:34.174,ACT/USDT:USDT,0.04629,217.0,0.04628,243.0,0.04632,1028.0,0.04633,239.0
1753520974246,09:09:34.246,ACT/USDT:USDT,0.0463,150.0,0.04629,269.0,0.04631,7.0,0.04633,187.0
1753520974363,09:09:34.363,ACT/USDT:USDT,0.0463,150.0,0.04629,217.0,0.04632,7.0,0.04634,1314.0
1753520974442,09:09:34.442,ACT/USDT:USDT,0.04631,110.0,0.0463,110.0,0.04633,59.0,0.04634,1314.0
1753520974482,09:09:34.482,ACT/USDT:USDT,0.04631,110.0,0.0463,110.0,0.04633,52.0,0.04634,1314.0
1753520974669,09:09:34.669,ACT/USDT:USDT,0.04631,110.0,0.0463,110.0,0.04633,1080.0,0.04634,1314.0
1753520974733,09:09:34.733,ACT/USDT:USDT,0.04631,110.0,0.0463,110.0,0.04633,1080.0,0.04634,1314.0
1753520974937,09:09:34.937,ACT/USDT:USDT,0.04631,110.0,0.0463,110.0,0.04633,1054.0,0.04634,1314.0
1753520975076,09:09:35.076,ACT/USDT:USDT,0.04631,110.0,0.0463,110.0,0.04633,1054.0,0.04634,1314.0
1753520975161,09:09:35.161,ACT/USDT:USDT,0.04631,110.0,0.0463,110.0,0.04633,1054.0,0.04634,1314.0
1753520975193,09:09:35.193,ACT/USDT:USDT,0.04631,110.0,0.0463,110.0,0.04633,1054.0,0.04634,1314.0
1753520975537,09:09:35.537,ACT/USDT:USDT,0.04631,110.0,0.0463,110.0,0.04633,1054.0,0.04634,1314.0
1753520975614,09:09:35.614,ACT/USDT:USDT,0.04631,110.0,0.0463,110.0,0.04633,1080.0,0.04634,1314.0
1753520975965,09:09:35.965,ACT/USDT:USDT,0.04631,110.0,0.0463,110.0,0.04633,1080.0,0.04634,1314.0
1753520976199,09:09:36.199,ACT/USDT:USDT,0.0463,110.0,0.04629,164.0,0.04633,1080.0,0.04634,1314.0
1753520976355,09:09:36.355,ACT/USDT:USDT,0.04631,150.0,0.0463,110.0,0.04632,7.0,0.04633,1080.0
1753520976418,09:09:36.418,ACT/USDT:USDT,0.04631,150.0,0.0463,110.0,0.04632,7.0,0.04633,1080.0
1753520976519,09:09:36.519,ACT/USDT:USDT,0.04631,150.0,0.0463,110.0,0.04632,7.0,0.04633,1080.0
1753520976765,09:09:36.765,ACT/USDT:USDT,0.04631,150.0,0.04629,216.0,0.04632,7.0,0.04633,52.0
1753520976838,09:09:36.838,ACT/USDT:USDT,0.04631,110.0,0.0463,204.0,0.04632,7.0,0.04633,26.0
1753520976970,09:09:36.970,ACT/USDT:USDT,0.04631,110.0,0.0463,204.0,0.04632,7.0,0.04633,52.0
1753520977123,09:09:37.123,ACT/USDT:USDT,0.04631,110.0,0.0463,204.0,0.04632,7.0,0.04633,52.0
1753520977647,09:09:37.647,ACT/USDT:USDT,0.04631,110.0,0.0463,204.0,0.04632,7.0,0.04633,52.0
1753520978497,09:09:38.497,ACT/USDT:USDT,0.04631,110.0,0.0463,204.0,0.04632,7.0,0.04633,52.0
1753520980168,09:09:40.168,ACT/USDT:USDT,0.04629,110.0,0.04628,26.0,0.0463,164.0,0.04631,110.0
1753520980266,09:09:40.266,ACT/USDT:USDT,0.04629,3.0,0.04628,164.0,0.0463,207.0,0.04631,214.0
1753520980543,09:09:40.543,ACT/USDT:USDT,0.04629,3.0,0.04628,164.0,0.0463,207.0,0.04631,214.0
1753520980666,09:09:40.666,ACT/USDT:USDT,0.04629,3.0,0.04628,164.0,0.0463,233.0,0.04631,104.0
1753520981270,09:09:41.270,ACT/USDT:USDT,0.04629,3.0,0.04628,164.0,0.0463,207.0,0.04631,104.0
1753520981838,09:09:41.838,ACT/USDT:USDT,0.04629,3.0,0.04628,164.0,0.0463,233.0,0.04631,104.0
1753520982135,09:09:42.135,ACT/USDT:USDT,0.04629,3.0,0.04628,164.0,0.0463,233.0,0.04631,104.0
1753520982774,09:09:42.774,ACT/USDT:USDT,0.04629,3.0,0.04625,52.0,0.0463,207.0,0.04631,104.0
1753520982864,09:09:42.864,ACT/USDT:USDT,0.04628,110.0,0.04627,136.0,0.0463,233.0,0.04631,78.0
1753520982948,09:09:42.948,ACT/USDT:USDT,0.04628,110.0,0.04627,136.0,0.0463,190.0,0.04631,52.0
1753520983001,09:09:43.001,ACT/USDT:USDT,0.04628,110.0,0.04627,136.0,0.0463,190.0,0.04631,52.0
1753520983723,09:09:43.723,ACT/USDT:USDT,0.04628,110.0,0.04627,136.0,0.0463,216.0,0.04631,52.0
1753520984252,09:09:44.252,ACT/USDT:USDT,0.04628,110.0,0.04627,136.0,0.0463,190.0,0.04631,52.0
1753520984329,09:09:44.329,ACT/USDT:USDT,0.04628,110.0,0.04627,136.0,0.0463,164.0,0.04631,52.0
1753520987698,09:09:47.698,ACT/USDT:USDT,0.04628,110.0,0.04627,136.0,0.0463,1192.0,0.04631,52.0
1753520987778,09:09:47.778,ACT/USDT:USDT,0.04628,110.0,0.04627,136.0,0.0463,1192.0,0.04631,52.0
1753520987902,09:09:47.902,ACT/USDT:USDT,0.04628,110.0,0.04627,136.0,0.0463,1244.0,0.04631,52.0
1753520988037,09:09:48.037,ACT/USDT:USDT,0.04628,110.0,0.04627,110.0,0.0463,1244.0,0.04631,52.0
1753520988176,09:09:48.176,ACT/USDT:USDT,0.04626,110.0,0.04625,52.0,0.04629,78.0,0.0463,1192.0
1753520988239,09:09:48.239,ACT/USDT:USDT,0.04627,3.0,0.04626,110.0,0.04628,1071.0,0.04629,104.0
1753520988599,09:09:48.599,ACT/USDT:USDT,0.04627,3.0,0.04626,110.0,0.04628,1071.0,0.04629,104.0
1753520989430,09:09:49.430,ACT/USDT:USDT,0.04627,3.0,0.04626,110.0,0.04628,1071.0,0.04629,104.0
1753520989827,09:09:49.827,ACT/USDT:USDT,0.04627,3.0,0.04626,110.0,0.04628,1071.0,0.04629,104.0
1753520991344,09:09:51.344,ACT/USDT:USDT,0.04627,3.0,0.04625,165.0,0.04628,1123.0,0.04629,104.0
1753520991458,09:09:51.458,ACT/USDT:USDT,0.04626,3.0,0.04625,165.0,0.04628,1123.0,0.04629,104.0
1753520991482,09:09:51.482,ACT/USDT:USDT,0.04626,3.0,0.04625,165.0,0.04628,1080.0,0.04629,104.0
1753520991736,09:09:51.736,ACT/USDT:USDT,0.04626,3.0,0.04625,165.0,0.04628,1080.0,0.04629,288.0
1753520992314,09:09:52.314,ACT/USDT:USDT,0.04626,3.0,0.04625,165.0,0.04628,1080.0,0.04629,288.0
1753520992538,09:09:52.538,ACT/USDT:USDT,0.04626,3.0,0.04625,165.0,0.04628,1080.0,0.04629,288.0
1753520992692,09:09:52.692,ACT/USDT:USDT,0.04626,3.0,0.04625,165.0,0.04628,1080.0,0.04629,288.0
1753520995307,09:09:55.307,ACT/USDT:USDT,0.04626,3.0,0.04625,165.0,0.04628,1054.0,0.04629,262.0
1753520995414,09:09:55.414,ACT/USDT:USDT,0.04626,3.0,0.04625,165.0,0.04628,1054.0,0.04629,78.0
1753520995967,09:09:55.967,ACT/USDT:USDT,0.04626,3.0,0.04625,165.0,0.04628,1028.0,0.04629,52.0
1753520996075,09:09:56.075,ACT/USDT:USDT,0.0463,110.0,0.04629,165.0,0.04632,1028.0,0.04633,182.0
1753520996157,09:09:56.157,ACT/USDT:USDT,0.0463,186.0,0.04629,165.0,0.04632,1097.0,0.04633,182.0
1753520996176,09:09:56.176,ACT/USDT:USDT,0.0463,186.0,0.04629,165.0,0.04632,1097.0,0.04633,182.0
1753520996365,09:09:56.365,ACT/USDT:USDT,0.0463,186.0,0.04629,165.0,0.04632,1071.0,0.04633,182.0
1753520996407,09:09:56.407,ACT/USDT:USDT,0.0463,186.0,0.04629,165.0,0.04632,1097.0,0.04633,182.0
1753520996817,09:09:56.817,ACT/USDT:USDT,0.0463,186.0,0.04629,165.0,0.04632,1097.0,0.04633,182.0
1753520997465,09:09:57.465,ACT/USDT:USDT,0.0463,186.0,0.04629,165.0,0.04632,1097.0,0.04633,182.0
1753520997950,09:09:57.950,ACT/USDT:USDT,0.0463,186.0,0.04629,165.0,0.04632,1097.0,0.04633,182.0
1753520998442,09:09:58.442,ACT/USDT:USDT,0.0463,186.0,0.04629,165.0,0.04632,1097.0,0.04633,182.0
1753521000271,09:10:00.271,ACT/USDT:USDT,0.04629,165.0,0.04626,52.0,0.04632,1123.0,0.04633,182.0
1753521000305,09:10:00.305,ACT/USDT:USDT,0.04628,165.0,0.04627,217.0,0.04632,1123.0,0.04633,182.0
1753521000398,09:10:00.398,ACT/USDT:USDT,0.04628,165.0,0.04627,217.0,0.04632,1123.0,0.04633,182.0
1753521000565,09:10:00.565,ACT/USDT:USDT,0.04628,165.0,0.04627,217.0,0.04632,1123.0,0.04633,182.0
1753521001447,09:10:01.447,ACT/USDT:USDT,0.04628,165.0,0.04627,217.0,0.04632,1123.0,0.04633,182.0
1753521001775,09:10:01.775,ACT/USDT:USDT,0.04629,110.0,0.04628,165.0,0.04632,69.0,0.04633,182.0
1753521001819,09:10:01.819,ACT/USDT:USDT,0.04629,110.0,0.04628,217.0,0.04632,26.0,0.04633,225.0
1753521001899,09:10:01.899,ACT/USDT:USDT,0.04629,110.0,0.04628,217.0,0.04632,52.0,0.04633,225.0
1753521002069,09:10:02.069,ACT/USDT:USDT,0.04629,110.0,0.04628,217.0,0.04632,52.0,0.04633,225.0
1753521002188,09:10:02.188,ACT/USDT:USDT,0.04629,110.0,0.04628,217.0,0.04632,26.0,0.04633,225.0
1753521002285,09:10:02.285,ACT/USDT:USDT,0.04629,110.0,0.04628,217.0,0.04632,52.0,0.04633,225.0
1753521002602,09:10:02.602,ACT/USDT:USDT,0.04629,110.0,0.04628,217.0,0.04632,52.0,0.04633,225.0
1753521003019,09:10:03.019,ACT/USDT:USDT,0.04629,110.0,0.04628,217.0,0.04632,52.0,0.04633,225.0
1753521003346,09:10:03.346,ACT/USDT:USDT,0.04629,110.0,0.04628,217.0,0.04632,236.0,0.04633,225.0
1753521004634,09:10:04.634,ACT/USDT:USDT,0.04629,110.0,0.04628,217.0,0.04632,236.0,0.04633,225.0
1753521005065,09:10:05.065,ACT/USDT:USDT,0.04629,110.0,0.04628,217.0,0.04632,236.0,0.04633,225.0
1753521005537,09:10:05.537,ACT/USDT:USDT,0.04629,110.0,0.04628,217.0,0.04632,236.0,0.04633,225.0
1753521006010,09:10:06.010,ACT/USDT:USDT,0.04629,110.0,0.04628,217.0,0.04632,236.0,0.04633,225.0
1753521006170,09:10:06.170,ACT/USDT:USDT,0.04629,136.0,0.04628,217.0,0.04632,184.0,0.04633,225.0
1753521006266,09:10:06.266,ACT/USDT:USDT,0.04631,110.0,0.0463,136.0,0.04633,69.0,0.04634,182.0
1753521006339,09:10:06.339,ACT/USDT:USDT,0.04631,110.0,0.0463,110.0,0.04633,26.0,0.04634,225.0
1753521006438,09:10:06.438,ACT/USDT:USDT,0.04631,110.0,0.0463,110.0,0.04633,26.0,0.04634,225.0
1753521006558,09:10:06.558,ACT/USDT:USDT,0.04632,110.0,0.04631,110.0,0.04634,225.0,0.04635,1213.0
1753521006673,09:10:06.673,ACT/USDT:USDT,0.04632,110.0,0.04631,110.0,0.04634,251.0,0.04635,1213.0
1753521006761,09:10:06.761,ACT/USDT:USDT,0.04632,110.0,0.04631,110.0,0.04634,251.0,0.04635,1213.0
1753521007126,09:10:07.126,ACT/USDT:USDT,0.04632,110.0,0.04631,110.0,0.04634,251.0,0.04635,1213.0
1753521007585,09:10:07.585,ACT/USDT:USDT,0.04632,110.0,0.04631,110.0,0.04634,251.0,0.04635,1213.0
1753521007852,09:10:07.852,ACT/USDT:USDT,0.04631,110.0,0.0463,165.0,0.04634,251.0,0.04635,1213.0
1753521008035,09:10:08.035,ACT/USDT:USDT,0.04631,110.0,0.0463,217.0,0.04634,1331.0,0.04635,1213.0
1753521008852,09:10:08.852,ACT/USDT:USDT,0.04631,110.0,0.0463,217.0,0.04634,1331.0,0.04635,1213.0
1753521009328,09:10:09.328,ACT/USDT:USDT,0.04631,110.0,0.0463,217.0,0.04634,1331.0,0.04635,1213.0
1753521010867,09:10:10.867,ACT/USDT:USDT,0.04631,110.0,0.0463,217.0,0.04634,2890.0,0.04635,185.0
1753521010908,09:10:10.908,ACT/USDT:USDT,0.04631,110.0,0.0463,217.0,0.04634,2890.0,0.04635,185.0
1753521011164,09:10:11.164,ACT/USDT:USDT,0.04631,110.0,0.0463,217.0,0.04634,1810.0,0.04635,185.0
1753521011270,09:10:11.270,ACT/USDT:USDT,0.04632,110.0,0.04631,110.0,0.04634,1071.0,0.04635,185.0
1753521011375,09:10:11.375,ACT/USDT:USDT,0.04632,110.0,0.04631,110.0,0.04634,1071.0,0.04635,185.0
1753521011506,09:10:11.506,ACT/USDT:USDT,0.04632,136.0,0.04631,110.0,0.04634,1071.0,0.04635,185.0
1753521011870,09:10:11.870,ACT/USDT:USDT,0.04632,162.0,0.04631,110.0,0.04634,1071.0,0.04635,185.0
1753521012313,09:10:12.313,ACT/USDT:USDT,0.04632,162.0,0.04631,110.0,0.04634,1071.0,0.04635,185.0
1753521013672,09:10:13.672,ACT/USDT:USDT,0.04631,110.0,0.04629,52.0,0.04634,1097.0,0.04635,185.0
1753521013762,09:10:13.762,ACT/USDT:USDT,0.04629,52.0,0.04628,353.0,0.04634,1097.0,0.04635,185.0
1753521013867,09:10:13.867,ACT/USDT:USDT,0.04631,110.0,0.0463,110.0,0.04633,1080.0,0.04634,43.0
1753521013953,09:10:13.953,ACT/USDT:USDT,0.04631,110.0,0.0463,110.0,0.04633,1080.0,0.04635,185.0
1753521014035,09:10:14.035,ACT/USDT:USDT,0.04631,110.0,0.0463,110.0,0.04633,1054.0,0.04635,185.0
1753521014082,09:10:14.082,ACT/USDT:USDT,0.04631,110.0,0.0463,110.0,0.04633,1054.0,0.04634,43.0
1753521014179,09:10:14.179,ACT/USDT:USDT,0.04631,110.0,0.0463,110.0,0.04633,1080.0,0.04634,43.0
1753521014282,09:10:14.282,ACT/USDT:USDT,0.04631,110.0,0.0463,110.0,0.04633,1080.0,0.04635,185.0
1753521014830,09:10:14.830,ACT/USDT:USDT,0.04631,110.0,0.0463,110.0,0.04633,1080.0,0.04635,185.0
1753521015186,09:10:15.186,ACT/USDT:USDT,0.04631,110.0,0.0463,110.0,0.04633,1054.0,0.04635,185.0
1753521015282,09:10:15.282,ACT/USDT:USDT,0.04631,110.0,0.0463,110.0,0.04633,1080.0,0.04634,43.0
1753521015382,09:10:15.382,ACT/USDT:USDT,0.04631,110.0,0.0463,110.0,0.04633,1080.0,0.04635,185.0
1753521015540,09:10:15.540,ACT/USDT:USDT,0.04631,110.0,0.0463,110.0,0.04633,1054.0,0.04635,185.0
1753521015582,09:10:15.582,ACT/USDT:USDT,0.04631,110.0,0.0463,110.0,0.04633,1054.0,0.04634,43.0
1753521015738,09:10:15.738,ACT/USDT:USDT,0.04631,110.0,0.0463,110.0,0.04633,1054.0,0.04634,43.0
1753521015779,09:10:15.779,ACT/USDT:USDT,0.04631,110.0,0.0463,110.0,0.04633,1080.0,0.04634,43.0
1753521016607,09:10:16.607,ACT/USDT:USDT,0.04631,110.0,0.0463,110.0,0.04633,1080.0,0.04635,185.0
1753521016721,09:10:16.721,ACT/USDT:USDT,0.0463,136.0,0.04629,165.0,0.04633,1080.0,0.04635,185.0
1753521016785,09:10:16.785,ACT/USDT:USDT,0.0463,136.0,0.04629,165.0,0.04632,43.0,0.04633,1028.0
1753521016941,09:10:16.941,ACT/USDT:USDT,0.04631,110.0,0.0463,136.0,0.04633,1080.0,0.04634,43.0
1753521016982,09:10:16.982,ACT/USDT:USDT,0.04631,110.0,0.0463,136.0,0.04633,1080.0,0.04635,185.0
1753521017762,09:10:17.762,ACT/USDT:USDT,0.0463,136.0,0.04629,165.0,0.04633,1080.0,0.04635,185.0
1753521017785,09:10:17.785,ACT/USDT:USDT,0.0463,136.0,0.04629,165.0,0.04632,43.0,0.04633,1054.0
1753521017940,09:10:17.940,ACT/USDT:USDT,0.04631,110.0,0.0463,110.0,0.04633,1080.0,0.04634,43.0
1753521017982,09:10:17.982,ACT/USDT:USDT,0.04631,110.0,0.0463,110.0,0.04633,1080.0,0.04635,185.0
1753521019558,09:10:19.558,ACT/USDT:USDT,0.04631,110.0,0.0463,110.0,0.04633,1080.0,0.04634,531.0
1753521019964,09:10:19.964,ACT/USDT:USDT,0.0463,110.0,0.04628,52.0,0.04633,1080.0,0.04634,531.0
1753521020021,09:10:20.021,ACT/USDT:USDT,0.0463,110.0,0.04629,165.0,0.04632,43.0,0.04633,1054.0
1753521020164,09:10:20.164,ACT/USDT:USDT,0.04627,3.0,0.04626,165.0,0.04631,1028.0,0.04633,43.0
1753521020190,09:10:20.190,ACT/USDT:USDT,0.04626,165.0,0.04625,236.0,0.04631,1028.0,0.04634,43.0
1753521020348,09:10:20.348,ACT/USDT:USDT,0.04626,217.0,0.04625,349.0,0.04631,1028.0,0.04634,43.0
1753521020650,09:10:20.650,ACT/USDT:USDT,0.04627,110.0,0.04626,405.0,0.04631,1028.0,0.04634,43.0
1753521020754,09:10:20.754,ACT/USDT:USDT,0.04628,136.0,0.04627,52.0,0.04631,1080.0,0.04634,43.0
1753521020831,09:10:20.831,ACT/USDT:USDT,0.04628,136.0,0.04626,240.0,0.0463,43.0,0.04631,1080.0
1753521020942,09:10:20.942,ACT/USDT:USDT,0.04628,110.0,0.04626,240.0,0.0463,43.0,0.04631,1080.0
1753521021044,09:10:21.044,ACT/USDT:USDT,0.04628,110.0,0.04627,165.0,0.0463,43.0,0.04631,1080.0
1753521021131,09:10:21.131,ACT/USDT:USDT,0.04627,165.0,0.04626,188.0,0.0463,69.0,0.04631,1054.0
1753521021221,09:10:21.221,ACT/USDT:USDT,0.04627,191.0,0.04626,353.0,0.0463,43.0,0.04631,1054.0
1753521021306,09:10:21.306,ACT/USDT:USDT,0.04628,110.0,0.04627,191.0,0.04631,1080.0,0.04634,43.0
1753521021404,09:10:21.404,ACT/USDT:USDT,0.04628,110.0,0.04627,191.0,0.0463,69.0,0.04631,1054.0
1753521021698,09:10:21.698,ACT/USDT:USDT,0.04627,26.0,0.04626,353.0,0.0463,43.0,0.04631,26.0
1753521021782,09:10:21.782,ACT/USDT:USDT,0.04627,26.0,0.04626,353.0,0.04631,26.0,0.04632,43.0
1753521021912,09:10:21.912,ACT/USDT:USDT,0.04627,26.0,0.04626,353.0,0.04631,26.0,0.04632,43.0
1753521022734,09:10:22.734,ACT/USDT:USDT,0.04627,26.0,0.04626,353.0,0.04631,26.0,0.04632,43.0
1753521022781,09:10:22.781,ACT/USDT:USDT,0.04627,26.0,0.04626,353.0,0.04631,52.0,0.04632,43.0
1753521023156,09:10:23.156,ACT/USDT:USDT,0.04627,26.0,0.04626,353.0,0.04631,52.0,0.04632,43.0
1753521025114,09:10:25.114,ACT/USDT:USDT,0.04627,26.0,0.04626,353.0,0.04631,52.0,0.04632,43.0
1753521025219,09:10:25.219,ACT/USDT:USDT,0.04626,165.0,0.04625,401.0,0.04631,52.0,0.04632,43.0
1753521025330,09:10:25.330,ACT/USDT:USDT,0.04626,165.0,0.04625,401.0,0.04631,52.0,0.04632,43.0
1753521025599,09:10:25.599,ACT/USDT:USDT,0.04626,165.0,0.04625,401.0,0.04631,52.0,0.04632,43.0
1753521027658,09:10:27.658,ACT/USDT:USDT,0.04628,110.0,0.04627,110.0,0.04631,52.0,0.04632,43.0
1753521027742,09:10:27.742,ACT/USDT:USDT,0.04628,110.0,0.04627,110.0,0.04631,52.0,0.04632,43.0
1753521027869,09:10:27.869,ACT/USDT:USDT,0.04628,110.0,0.04627,110.0,0.04631,52.0,0.04632,43.0
1753521028583,09:10:28.583,ACT/USDT:USDT,0.04628,136.0,0.04627,110.0,0.04631,52.0,0.04632,43.0
1753521028875,09:10:28.875,ACT/USDT:USDT,0.04627,110.0,0.04626,233.0,0.04631,52.0,0.04632,43.0
1753521028885,09:10:28.885,ACT/USDT:USDT,0.04627,110.0,0.04626,165.0,0.04631,52.0,0.04632,43.0
1753521029724,09:10:29.724,ACT/USDT:USDT,0.04628,110.0,0.04627,136.0,0.04631,52.0,0.04632,43.0
1753521029830,09:10:29.830,ACT/USDT:USDT,0.04628,110.0,0.04627,136.0,0.04631,52.0,0.04632,43.0
1753521030533,09:10:30.533,ACT/USDT:USDT,0.04628,110.0,0.04627,136.0,0.04631,52.0,0.04632,43.0
1753521031418,09:10:31.418,ACT/USDT:USDT,0.04627,136.0,0.04626,165.0,0.04631,52.0,0.04632,43.0
1753521031774,09:10:31.774,ACT/USDT:USDT,0.04627,162.0,0.04626,165.0,0.04631,52.0,0.04632,43.0
1753521032743,09:10:32.743,ACT/USDT:USDT,0.04628,110.0,0.04627,162.0,0.04631,52.0,0.04632,43.0
1753521032876,09:10:32.876,ACT/USDT:USDT,0.04628,110.0,0.04627,136.0,0.04631,52.0,0.04632,43.0
1753521033825,09:10:33.825,ACT/USDT:USDT,0.04628,110.0,0.04627,136.0,0.04631,52.0,0.04632,43.0
1753521033942,09:10:33.942,ACT/USDT:USDT,0.04628,110.0,0.04627,188.0,0.04631,52.0,0.04632,43.0
1753521034041,09:10:34.041,ACT/USDT:USDT,0.04628,136.0,0.04627,162.0,0.04631,1080.0,0.04632,224.0
1753521034082,09:10:34.082,ACT/USDT:USDT,0.04628,136.0,0.04627,162.0,0.0463,43.0,0.04631,1080.0
1753521034263,09:10:34.263,ACT/USDT:USDT,0.04628,110.0,0.04627,110.0,0.0463,43.0,0.04631,1080.0
1753521034663,09:10:34.663,ACT/USDT:USDT,0.04628,110.0,0.04627,110.0,0.0463,43.0,0.04631,1080.0
1753521034838,09:10:34.838,ACT/USDT:USDT,0.04628,110.0,0.04627,110.0,0.0463,95.0,0.04631,1028.0
1753521036764,09:10:36.764,ACT/USDT:USDT,0.04628,136.0,0.04627,110.0,0.0463,43.0,0.04631,1028.0
1753521036799,09:10:36.799,ACT/USDT:USDT,0.04628,110.0,0.04627,162.0,0.04631,1123.0,0.04632,181.0
1753521037100,09:10:37.100,ACT/USDT:USDT,0.04628,110.0,0.04627,162.0,0.04631,1123.0,0.04632,181.0
1753521037917,09:10:37.917,ACT/USDT:USDT,0.04628,110.0,0.04627,162.0,0.04631,1123.0,0.04632,181.0
1753521042968,09:10:42.968,ACT/USDT:USDT,0.04628,110.0,0.04627,162.0,0.04631,1123.0,0.04632,181.0
1753521043058,09:10:43.058,ACT/USDT:USDT,0.04628,110.0,0.04627,162.0,0.04631,1123.0,0.04632,181.0
1753521046962,09:10:46.962,ACT/USDT:USDT,0.04628,110.0,0.04627,162.0,0.04631,1123.0,0.04632,181.0
1753521046983,09:10:46.983,ACT/USDT:USDT,0.04628,110.0,0.04627,162.0,0.04631,1123.0,0.04632,181.0
1753521049156,09:10:49.156,ACT/USDT:USDT,0.04625,236.0,0.04624,266.0,0.04631,1123.0,0.04632,181.0
1753521049203,09:10:49.203,ACT/USDT:USDT,0.04625,236.0,0.04624,266.0,0.04631,1123.0,0.04632,181.0
1753521049379,09:10:49.379,ACT/USDT:USDT,0.04625,236.0,0.04624,266.0,0.04631,1097.0,0.04632,181.0
1753521049643,09:10:49.643,ACT/USDT:USDT,0.04625,236.0,0.04624,266.0,0.04631,1097.0,0.04632,181.0
1753521050033,09:10:50.033,ACT/USDT:USDT,0.04625,236.0,0.04624,266.0,0.04631,1071.0,0.04632,181.0
1753521055067,09:10:55.067,ACT/USDT:USDT,0.04625,236.0,0.04624,266.0,0.04631,43.0,0.04632,181.0
1753521055140,09:10:55.140,ACT/USDT:USDT,0.04628,110.0,0.04627,110.0,0.04632,224.0,0.04633,3376.0
1753521055189,09:10:55.189,ACT/USDT:USDT,0.04628,110.0,0.04627,162.0,0.04632,224.0,0.04633,3376.0
1753521055715,09:10:55.715,ACT/USDT:USDT,0.04628,110.0,0.04627,162.0,0.04632,224.0,0.04633,3376.0
1753521056238,09:10:56.238,ACT/USDT:USDT,0.04628,110.0,0.04627,162.0,0.04632,250.0,0.04633,3376.0
1753521056692,09:10:56.692,ACT/USDT:USDT,0.04627,162.0,0.04626,166.0,0.04632,250.0,0.04633,3376.0
1753521057794,09:10:57.794,ACT/USDT:USDT,0.04627,162.0,0.04626,166.0,0.04632,898.0,0.04633,3376.0
1753521060158,09:11:00.158,ACT/USDT:USDT,0.04627,162.0,0.04626,166.0,0.04632,1926.0,0.04633,2348.0
1753521060187,09:11:00.187,ACT/USDT:USDT,0.04627,162.0,0.04626,166.0,0.04632,1926.0,0.04633,2348.0
1753521060359,09:11:00.359,ACT/USDT:USDT,0.04627,162.0,0.04626,166.0,0.04629,1028.0,0.04632,898.0
1753521060407,09:11:00.407,ACT/USDT:USDT,0.04627,110.0,0.04626,192.0,0.04629,1028.0,0.04632,250.0
1753521060565,09:11:00.565,ACT/USDT:USDT,0.04628,110.0,0.04627,188.0,0.04632,1278.0,0.04633,2348.0
1753521060652,09:11:00.652,ACT/USDT:USDT,0.04628,110.0,0.04627,188.0,0.04632,1278.0,0.04633,2348.0
1753521060980,09:11:00.980,ACT/USDT:USDT,0.04628,110.0,0.04627,188.0,0.04632,1278.0,0.04633,2348.0
1753521061079,09:11:01.079,ACT/USDT:USDT,0.04628,110.0,0.04627,188.0,0.04632,1304.0,0.04633,2348.0
1753521061751,09:11:01.751,ACT/USDT:USDT,0.04627,136.0,0.04626,52.0,0.04631,181.0,0.04632,1304.0
1753521061852,09:11:01.852,ACT/USDT:USDT,0.04627,136.0,0.04626,52.0,0.04631,181.0,0.04632,1304.0
1753521062038,09:11:02.038,ACT/USDT:USDT,0.04627,136.0,0.04626,218.0,0.04631,181.0,0.04632,1304.0
1753521062736,09:11:02.736,ACT/USDT:USDT,0.04627,136.0,0.04626,218.0,0.04631,181.0,0.04632,1304.0
1753521063358,09:11:03.358,ACT/USDT:USDT,0.04627,136.0,0.04626,218.0,0.04631,181.0,0.04632,1304.0
1753521063391,09:11:03.391,ACT/USDT:USDT,0.04627,136.0,0.04626,218.0,0.04631,181.0,0.04632,1304.0
1753521063595,09:11:03.595,ACT/USDT:USDT,0.04627,136.0,0.04626,218.0,0.04631,181.0,0.04632,1304.0
1753521064548,09:11:04.548,ACT/USDT:USDT,0.04627,136.0,0.04626,218.0,0.04631,181.0,0.04632,1304.0
1753521064815,09:11:04.815,ACT/USDT:USDT,0.04627,136.0,0.04626,218.0,0.04631,181.0,0.04632,1304.0
1753521065075,09:11:05.075,ACT/USDT:USDT,0.04628,110.0,0.04627,136.0,0.04631,207.0,0.04632,1278.0
1753521065135,09:11:05.135,ACT/USDT:USDT,0.04628,110.0,0.04627,162.0,0.04631,233.0,0.04632,1252.0
1753521065452,09:11:05.452,ACT/USDT:USDT,0.04629,110.0,0.04628,110.0,0.04631,1054.0,0.04632,224.0
1753521065548,09:11:05.548,ACT/USDT:USDT,0.04629,110.0,0.04628,110.0,0.04631,1054.0,0.04632,224.0
1753521065643,09:11:05.643,ACT/USDT:USDT,0.04629,110.0,0.04628,110.0,0.04631,1080.0,0.04632,224.0
1753521065771,09:11:05.771,ACT/USDT:USDT,0.04626,52.0,0.04625,181.0,0.04631,1080.0,0.04632,181.0
1753521065811,09:11:05.811,ACT/USDT:USDT,0.04627,166.0,0.04626,192.0,0.04628,1028.0,0.0463,43.0
1753521065967,09:11:05.967,ACT/USDT:USDT,0.04628,110.0,0.04627,166.0,0.0463,1080.0,0.04632,224.0
1753521066067,09:11:06.067,ACT/USDT:USDT,0.04628,110.0,0.04627,166.0,0.0463,1080.0,0.04632,181.0
1753521066898,09:11:06.898,ACT/USDT:USDT,0.04628,110.0,0.04627,166.0,0.0463,1054.0,0.04631,26.0
1753521066982,09:11:06.982,ACT/USDT:USDT,0.04628,110.0,0.04627,166.0,0.0463,1123.0,0.04631,26.0
1753521067082,09:11:07.082,ACT/USDT:USDT,0.04628,110.0,0.04627,166.0,0.0463,1080.0,0.04631,26.0
1753521067373,09:11:07.373,ACT/USDT:USDT,0.04627,166.0,0.04626,218.0,0.0463,1080.0,0.04631,26.0
1753521067436,09:11:07.436,ACT/USDT:USDT,0.04627,192.0,0.04626,166.0,0.04629,43.0,0.0463,1028.0
1753521067575,09:11:07.575,ACT/USDT:USDT,0.04628,110.0,0.04627,166.0,0.0463,1054.0,0.04631,43.0
1753521067577,09:11:07.577,ACT/USDT:USDT,0.04628,110.0,0.04627,166.0,0.0463,1054.0,0.04631,43.0
1753521067713,09:11:07.713,ACT/USDT:USDT,0.04628,110.0,0.04627,166.0,0.0463,1054.0,0.04631,43.0
1753521068045,09:11:08.045,ACT/USDT:USDT,0.04628,110.0,0.04627,166.0,0.0463,1080.0,0.04631,43.0
1753521068082,09:11:08.082,ACT/USDT:USDT,0.04628,110.0,0.04627,166.0,0.0463,1080.0,0.04632,181.0
1753521068960,09:11:08.960,ACT/USDT:USDT,0.04628,110.0,0.04627,166.0,0.0463,1080.0,0.04632,181.0
1753521069669,09:11:09.669,ACT/USDT:USDT,0.04627,166.0,0.04626,218.0,0.0463,1080.0,0.04632,181.0
1753521069736,09:11:09.736,ACT/USDT:USDT,0.04627,166.0,0.04626,166.0,0.04629,43.0,0.0463,1054.0
1753521069798,09:11:09.798,ACT/USDT:USDT,0.04628,110.0,0.04627,166.0,0.0463,1080.0,0.04631,43.0
1753521069928,09:11:09.928,ACT/USDT:USDT,0.04628,110.0,0.04627,166.0,0.0463,1080.0,0.04632,181.0
1753521070203,09:11:10.203,ACT/USDT:USDT,0.04628,110.0,0.04627,166.0,0.0463,1080.0,0.04632,181.0
1753521070640,09:11:10.640,ACT/USDT:USDT,0.04628,110.0,0.04627,166.0,0.0463,1080.0,0.04632,181.0
1753521071327,09:11:11.327,ACT/USDT:USDT,0.04628,110.0,0.04627,166.0,0.0463,1080.0,0.04632,181.0
1753521071667,09:11:11.667,ACT/USDT:USDT,0.04628,110.0,0.04627,166.0,0.0463,52.0,0.04632,181.0
1753521071764,09:11:11.764,ACT/USDT:USDT,0.04628,110.0,0.04627,166.0,0.0463,26.0,0.04632,224.0
1753521071812,09:11:11.812,ACT/USDT:USDT,0.04628,110.0,0.04627,218.0,0.04632,224.0,0.04633,2348.0
1753521072390,09:11:12.390,ACT/USDT:USDT,0.04628,110.0,0.04627,218.0,0.04631,235.0,0.04632,224.0
1753521072773,09:11:12.773,ACT/USDT:USDT,0.04628,110.0,0.04627,166.0,0.0463,1080.0,0.04631,183.0
1753521072783,09:11:12.783,ACT/USDT:USDT,0.04628,110.0,0.04627,166.0,0.0463,1080.0,0.04631,183.0
1753521072883,09:11:12.883,ACT/USDT:USDT,0.04628,110.0,0.04627,166.0,0.0463,1028.0,0.04631,183.0
1753521073075,09:11:13.075,ACT/USDT:USDT,0.04628,110.0,0.04627,166.0,0.0463,1097.0,0.04632,181.0
1753521073082,09:11:13.082,ACT/USDT:USDT,0.04628,110.0,0.04627,166.0,0.0463,1028.0,0.04631,43.0
1753521073942,09:11:13.942,ACT/USDT:USDT,0.04628,110.0,0.04627,166.0,0.0463,1028.0,0.04631,43.0
1753521074248,09:11:14.248,ACT/USDT:USDT,0.04628,110.0,0.04627,166.0,0.0463,1054.0,0.04631,43.0
1753521075869,09:11:15.869,ACT/USDT:USDT,0.04628,136.0,0.04627,166.0,0.0463,1028.0,0.04631,43.0
1753521076050,09:11:16.050,ACT/USDT:USDT,0.04628,110.0,0.04627,166.0,0.0463,1054.0,0.04631,43.0
1753521076796,09:11:16.796,ACT/USDT:USDT,0.04628,110.0,0.04627,166.0,0.0463,1028.0,0.04631,43.0
1753521077149,09:11:17.149,ACT/USDT:USDT,0.04628,162.0,0.04627,166.0,0.0463,1028.0,0.04631,43.0
1753521077465,09:11:17.465,ACT/USDT:USDT,0.04629,110.0,0.04628,162.0,0.04631,1071.0,0.04632,181.0
1753521077526,09:11:17.526,ACT/USDT:USDT,0.04629,110.0,0.04628,136.0,0.04631,1097.0,0.04632,181.0
1753521077763,09:11:17.763,ACT/USDT:USDT,0.04628,110.0,0.04627,219.0,0.04631,1123.0,0.04632,181.0
1753521077820,09:11:17.820,ACT/USDT:USDT,0.04627,167.0,0.04626,219.0,0.04631,1123.0,0.04632,181.0
1753521078015,09:11:18.015,ACT/USDT:USDT,0.04627,167.0,0.04626,219.0,0.04631,1123.0,0.04632,181.0
1753521078847,09:11:18.847,ACT/USDT:USDT,0.04627,167.0,0.04626,219.0,0.04631,1123.0,0.04632,181.0
1753521079415,09:11:19.415,ACT/USDT:USDT,0.04629,110.0,0.04628,110.0,0.04631,1097.0,0.04632,181.0
1753521079497,09:11:19.497,ACT/USDT:USDT,0.04629,110.0,0.04628,110.0,0.04631,1097.0,0.04632,181.0
1753521079668,09:11:19.668,ACT/USDT:USDT,0.04629,110.0,0.04628,110.0,0.04631,1123.0,0.04632,181.0
1753521079744,09:11:19.744,ACT/USDT:USDT,0.04628,110.0,0.04627,167.0,0.04631,1054.0,0.04632,181.0
1753521079797,09:11:19.797,ACT/USDT:USDT,0.04627,219.0,0.04626,167.0,0.04631,1123.0,0.04632,181.0
1753521080008,09:11:20.008,ACT/USDT:USDT,0.04627,219.0,0.04626,167.0,0.04631,1097.0,0.04632,181.0
1753521080160,09:11:20.160,ACT/USDT:USDT,0.04627,167.0,0.04626,219.0,0.04631,1097.0,0.04632,181.0
1753521081050,09:11:21.050,ACT/USDT:USDT,0.04627,167.0,0.04626,219.0,0.04631,1097.0,0.04632,181.0
1753521083260,09:11:23.260,ACT/USDT:USDT,0.04627,193.0,0.04626,219.0,0.04629,1028.0,0.04631,43.0
1753521083284,09:11:23.284,ACT/USDT:USDT,0.04627,193.0,0.04626,219.0,0.04629,1028.0,0.04631,43.0
1753521083507,09:11:23.507,ACT/USDT:USDT,0.04627,193.0,0.04626,219.0,0.04629,1028.0,0.04631,43.0
1753521083936,09:11:23.936,ACT/USDT:USDT,0.04627,193.0,0.04626,219.0,0.04629,1028.0,0.04631,43.0
1753521086698,09:11:26.698,ACT/USDT:USDT,0.04627,167.0,0.04626,219.0,0.04631,43.0,0.04632,181.0
1753521086785,09:11:26.785,ACT/USDT:USDT,0.04628,110.0,0.04627,167.0,0.04632,224.0,0.04633,3376.0
1753521086898,09:11:26.898,ACT/USDT:USDT,0.04628,110.0,0.04627,219.0,0.04632,224.0,0.04633,3376.0
1753521087166,09:11:27.166,ACT/USDT:USDT,0.04628,110.0,0.04627,219.0,0.04632,224.0,0.04633,3376.0
1753521087991,09:11:27.991,ACT/USDT:USDT,0.04628,110.0,0.04627,219.0,0.04632,224.0,0.04633,3376.0
1753521089071,09:11:29.071,ACT/USDT:USDT,0.04628,110.0,0.04627,219.0,0.04631,237.0,0.04632,224.0
1753521090061,09:11:30.061,ACT/USDT:USDT,0.04628,110.0,0.04627,219.0,0.04631,237.0,0.04632,224.0
1753521092727,09:11:32.727,ACT/USDT:USDT,0.04629,110.0,0.04628,162.0,0.04631,237.0,0.04632,224.0
1753521092782,09:11:32.782,ACT/USDT:USDT,0.04629,110.0,0.04628,162.0,0.04631,237.0,0.04632,225.0
1753521092908,09:11:32.908,ACT/USDT:USDT,0.04629,110.0,0.04628,162.0,0.04631,237.0,0.04632,225.0
1753521097735,09:11:37.735,ACT/USDT:USDT,0.04629,110.0,0.04628,162.0,0.04631,1265.0,0.04632,225.0
1753521097788,09:11:37.788,ACT/USDT:USDT,0.04629,110.0,0.04628,162.0,0.04631,1265.0,0.04632,181.0
1753521103052,09:11:43.052,ACT/USDT:USDT,0.04629,110.0,0.04628,162.0,0.04631,1265.0,0.04632,181.0
1753521103538,09:11:43.538,ACT/USDT:USDT,0.04629,110.0,0.04628,162.0,0.04631,1265.0,0.04632,712.0
1753521104899,09:11:44.899,ACT/USDT:USDT,0.04628,162.0,0.04627,168.0,0.04631,1265.0,0.04632,712.0
1753521105057,09:11:45.057,ACT/USDT:USDT,0.04628,110.0,0.04627,168.0,0.0463,96.0,0.04631,1213.0
1753521105118,09:11:45.118,ACT/USDT:USDT,0.04628,110.0,0.04627,168.0,0.0463,1124.0,0.04631,185.0
1753521105208,09:11:45.208,ACT/USDT:USDT,0.04628,110.0,0.04627,220.0,0.0463,1080.0,0.04631,185.0
1753521105424,09:11:45.424,ACT/USDT:USDT,0.04627,168.0,0.04626,220.0,0.0463,1054.0,0.04631,185.0
1753521105482,09:11:45.482,ACT/USDT:USDT,0.04627,168.0,0.04626,220.0,0.0463,1098.0,0.04631,185.0
1753521105839,09:11:45.839,ACT/USDT:USDT,0.04627,168.0,0.04626,220.0,0.0463,1098.0,0.04631,185.0
1753521106768,09:11:46.768,ACT/USDT:USDT,0.04629,110.0,0.04628,110.0,0.0463,1098.0,0.04631,185.0
1753521106859,09:11:46.859,ACT/USDT:USDT,0.04629,110.0,0.04628,110.0,0.0463,1054.0,0.04631,211.0
1753521107142,09:11:47.142,ACT/USDT:USDT,0.04629,110.0,0.04628,110.0,0.0463,1028.0,0.04631,211.0
1753521107273,09:11:47.273,ACT/USDT:USDT,0.04629,110.0,0.04628,110.0,0.0463,1054.0,0.04631,211.0
1753521107949,09:11:47.949,ACT/USDT:USDT,0.04628,136.0,0.04627,220.0,0.0463,1054.0,0.04631,211.0
1753521107982,09:11:47.982,ACT/USDT:USDT,0.04628,136.0,0.04627,220.0,0.0463,1098.0,0.04631,211.0
1753521108295,09:11:48.295,ACT/USDT:USDT,0.04628,110.0,0.04627,220.0,0.0463,1124.0,0.04631,211.0
1753521108404,09:11:48.404,ACT/USDT:USDT,0.04628,110.0,0.04627,220.0,0.0463,1080.0,0.04631,211.0
1753521109226,09:11:49.226,ACT/USDT:USDT,0.04628,110.0,0.04627,220.0,0.0463,1080.0,0.04631,211.0
1753521109344,09:11:49.344,ACT/USDT:USDT,0.04628,110.0,0.04627,168.0,0.04629,1028.0,0.04631,185.0
1753521109382,09:11:49.382,ACT/USDT:USDT,0.04628,110.0,0.04627,168.0,0.04629,1028.0,0.04631,185.0
1753521109645,09:11:49.645,ACT/USDT:USDT,0.04628,110.0,0.04627,168.0,0.04629,1028.0,0.04631,185.0
1753521110070,09:11:50.070,ACT/USDT:USDT,0.04628,110.0,0.04627,168.0,0.04629,1028.0,0.04631,185.0
1753521110538,09:11:50.538,ACT/USDT:USDT,0.04626,220.0,0.04625,351.0,0.04629,1028.0,0.04631,185.0
1753521110582,09:11:50.582,ACT/USDT:USDT,0.04627,110.0,0.04626,220.0,0.0463,44.0,0.04631,1213.0
1753521110701,09:11:50.701,ACT/USDT:USDT,0.04627,110.0,0.04626,220.0,0.0463,44.0,0.04631,1213.0
1753521110899,09:11:50.899,ACT/USDT:USDT,0.04627,110.0,0.04626,220.0,0.0463,44.0,0.04631,1213.0
1753521111659,09:11:51.659,ACT/USDT:USDT,0.04625,220.0,0.04624,268.0,0.04628,1054.0,0.0463,229.0
1753521111745,09:11:51.745,ACT/USDT:USDT,0.04625,220.0,0.04624,268.0,0.04628,1080.0,0.0463,229.0
1753521111871,09:11:51.871,ACT/USDT:USDT,0.04625,168.0,0.04624,320.0,0.04627,44.0,0.04628,1028.0
1753521111950,09:11:51.950,ACT/USDT:USDT,0.04626,110.0,0.04625,220.0,0.04628,1080.0,0.04629,44.0
1753521111984,09:11:51.984,ACT/USDT:USDT,0.04626,110.0,0.04625,220.0,0.04628,1080.0,0.0463,185.0
1753521112147,09:11:52.147,ACT/USDT:USDT,0.04626,110.0,0.04625,220.0,0.04628,1080.0,0.0463,185.0
1753521112658,09:11:52.658,ACT/USDT:USDT,0.04626,110.0,0.04625,220.0,0.04628,1080.0,0.0463,185.0
1753521112971,09:11:52.971,ACT/USDT:USDT,0.04626,110.0,0.04625,220.0,0.04628,1080.0,0.0463,185.0
1753521113243,09:11:53.243,ACT/USDT:USDT,0.04626,136.0,0.04625,220.0,0.04628,1028.0,0.04631,185.0
1753521113282,09:11:53.282,ACT/USDT:USDT,0.04626,136.0,0.04625,220.0,0.04628,1028.0,0.0463,44.0
1753521113392,09:11:53.392,ACT/USDT:USDT,0.04626,136.0,0.04625,220.0,0.04628,1028.0,0.0463,44.0
1753521114304,09:11:54.304,ACT/USDT:USDT,0.04626,136.0,0.04625,220.0,0.04628,1028.0,0.0463,44.0
1753521115656,09:11:55.656,ACT/USDT:USDT,0.04626,136.0,0.04625,220.0,0.04628,1028.0,0.0463,44.0
1753521115843,09:11:55.843,ACT/USDT:USDT,0.04626,136.0,0.04625,220.0,0.04628,1028.0,0.0463,44.0
1753521116250,09:11:56.250,ACT/USDT:USDT,0.04626,162.0,0.04625,220.0,0.04628,1028.0,0.0463,44.0
1753521116284,09:11:56.284,ACT/USDT:USDT,0.04626,162.0,0.04625,220.0,0.04628,1028.0,0.0463,44.0
1753521116499,09:11:56.499,ACT/USDT:USDT,0.04626,110.0,0.04625,220.0,0.04628,1080.0,0.0463,44.0
1753521116582,09:11:56.582,ACT/USDT:USDT,0.04626,110.0,0.04625,220.0,0.04628,1080.0,0.04631,185.0
1753521117157,09:11:57.157,ACT/USDT:USDT,0.04626,110.0,0.04625,220.0,0.04628,1080.0,0.04631,185.0
1753521118019,09:11:58.019,ACT/USDT:USDT,0.04626,110.0,0.04625,220.0,0.04628,1054.0,0.04631,185.0
1753521118085,09:11:58.085,ACT/USDT:USDT,0.04626,110.0,0.04625,220.0,0.04628,1080.0,0.0463,44.0
1753521118186,09:11:58.186,ACT/USDT:USDT,0.04626,110.0,0.04625,220.0,0.04628,1054.0,0.04631,185.0
1753521118282,09:11:58.282,ACT/USDT:USDT,0.04626,110.0,0.04625,220.0,0.04628,1054.0,0.0463,44.0
1753521118379,09:11:58.379,ACT/USDT:USDT,0.04626,110.0,0.04625,220.0,0.04628,1080.0,0.0463,44.0
1753521118482,09:11:58.482,ACT/USDT:USDT,0.04626,110.0,0.04625,220.0,0.04628,1080.0,0.04631,185.0
1753521119170,09:11:59.170,ACT/USDT:USDT,0.04627,110.0,0.04626,162.0,0.04628,1028.0,0.04631,185.0
1753521119229,09:11:59.229,ACT/USDT:USDT,0.04628,110.0,0.04627,110.0,0.04629,1028.0,0.04631,185.0
1753521119285,09:11:59.285,ACT/USDT:USDT,0.04628,110.0,0.04627,162.0,0.04631,1213.0,0.04632,756.0
1753521119399,09:11:59.399,ACT/USDT:USDT,0.04628,110.0,0.04627,162.0,0.0463,96.0,0.04631,1213.0
1753521119513,09:11:59.513,ACT/USDT:USDT,0.04628,110.0,0.04627,162.0,0.0463,70.0,0.04631,1213.0
1753521119592,09:11:59.592,ACT/USDT:USDT,0.04628,110.0,0.04627,162.0,0.0463,70.0,0.04631,1213.0
1753521120012,09:12:00.012,ACT/USDT:USDT,0.04628,110.0,0.04627,162.0,0.0463,70.0,0.04631,1213.0
1753521120207,09:12:00.207,ACT/USDT:USDT,0.04628,110.0,0.04627,162.0,0.0463,44.0,0.04631,1213.0
1753521120375,09:12:00.375,ACT/USDT:USDT,0.04629,110.0,0.04628,162.0,0.0463,44.0,0.04631,1028.0
1753521120436,09:12:00.436,ACT/USDT:USDT,0.04629,110.0,0.04628,136.0,0.04631,1098.0,0.04632,181.0
1753521120530,09:12:00.530,ACT/USDT:USDT,0.04629,110.0,0.04628,188.0,0.04631,1098.0,0.04632,181.0
1753521120577,09:12:00.577,ACT/USDT:USDT,0.04629,110.0,0.04628,188.0,0.04631,1072.0,0.04632,181.0
1753521120852,09:12:00.852,ACT/USDT:USDT,0.04629,110.0,0.04628,188.0,0.04631,1072.0,0.04632,181.0
1753521120971,09:12:00.971,ACT/USDT:USDT,0.04629,110.0,0.04628,162.0,0.04631,1098.0,0.04632,181.0
1753521121475,09:12:01.475,ACT/USDT:USDT,0.04629,110.0,0.04628,162.0,0.04631,70.0,0.04632,181.0
1753521121572,09:12:01.572,ACT/USDT:USDT,0.0463,110.0,0.04629,162.0,0.04632,899.0,0.04633,3376.0
1753521121671,09:12:01.671,ACT/USDT:USDT,0.0463,110.0,0.04629,162.0,0.04632,899.0,0.04633,3376.0
1753521121698,09:12:01.698,ACT/USDT:USDT,0.04629,162.0,0.04628,168.0,0.04632,899.0,0.04633,3376.0
1753521121867,09:12:01.867,ACT/USDT:USDT,0.04629,162.0,0.04628,168.0,0.04632,899.0,0.04633,3376.0
1753521121881,09:12:01.881,ACT/USDT:USDT,0.04629,162.0,0.04628,168.0,0.04632,899.0,0.04633,3376.0
1753521122561,09:12:02.561,ACT/USDT:USDT,0.04629,162.0,0.04628,168.0,0.04632,925.0,0.04633,3376.0
1753521123445,09:12:03.445,ACT/USDT:USDT,0.04629,162.0,0.04628,168.0,0.04632,925.0,0.04633,3376.0
1753521123998,09:12:03.998,ACT/USDT:USDT,0.04629,162.0,0.04628,168.0,0.04632,899.0,0.04633,3376.0
1753521124172,09:12:04.172,ACT/USDT:USDT,0.04631,110.0,0.0463,110.0,0.04632,44.0,0.04633,1268.0
1753521124187,09:12:04.187,ACT/USDT:USDT,0.04631,110.0,0.0463,110.0,0.04632,44.0,0.04633,188.0
1753521124311,09:12:04.311,ACT/USDT:USDT,0.04631,110.0,0.0463,162.0,0.04633,70.0,0.04634,2536.0
1753521124382,09:12:04.382,ACT/USDT:USDT,0.04631,110.0,0.0463,162.0,0.04633,70.0,0.04634,2536.0
1753521124538,09:12:04.538,ACT/USDT:USDT,0.04631,110.0,0.0463,162.0,0.04633,70.0,0.04634,2536.0
1753521124671,09:12:04.671,ACT/USDT:USDT,0.04631,110.0,0.0463,162.0,0.04633,70.0,0.04634,2536.0
1753521124955,09:12:04.955,ACT/USDT:USDT,0.04631,110.0,0.0463,162.0,0.04633,70.0,0.04634,2536.0
1753521125462,09:12:05.462,ACT/USDT:USDT,0.0463,110.0,0.04629,168.0,0.04633,96.0,0.04634,2536.0
1753521126069,09:12:06.069,ACT/USDT:USDT,0.0463,110.0,0.04629,220.0,0.04633,70.0,0.04634,2536.0
1753521126188,09:12:06.188,ACT/USDT:USDT,0.0463,110.0,0.04629,220.0,0.04633,70.0,0.04634,2536.0
1753521127013,09:12:07.013,ACT/USDT:USDT,0.0463,110.0,0.04629,220.0,0.04633,70.0,0.04634,2536.0
1753521129589,09:12:09.589,ACT/USDT:USDT,0.0463,110.0,0.04629,220.0,0.04633,70.0,0.04634,2536.0
1753521130821,09:12:10.821,ACT/USDT:USDT,0.0463,110.0,0.04629,220.0,0.04633,70.0,0.04634,2536.0
1753521131243,09:12:11.243,ACT/USDT:USDT,0.04632,110.0,0.04631,162.0,0.04633,44.0,0.04634,376.0
1753521131345,09:12:11.345,ACT/USDT:USDT,0.04632,110.0,0.04631,162.0,0.04634,446.0,0.04635,1213.0
1753521131468,09:12:11.468,ACT/USDT:USDT,0.04632,110.0,0.04631,162.0,0.04634,472.0,0.04635,1213.0
1753521131772,09:12:11.772,ACT/USDT:USDT,0.04632,110.0,0.04631,162.0,0.04634,446.0,0.04635,1213.0
1753521132369,09:12:12.369,ACT/USDT:USDT,0.04631,162.0,0.04625,186.0,0.04634,446.0,0.04635,1213.0
1753521132443,09:12:12.443,ACT/USDT:USDT,0.0463,220.0,0.04629,168.0,0.04634,1552.0,0.04635,1213.0
1753521132521,09:12:12.521,ACT/USDT:USDT,0.0463,220.0,0.04629,168.0,0.04634,2199.0,0.04635,1213.0
1753521132770,09:12:12.770,ACT/USDT:USDT,0.04631,110.0,0.0463,220.0,0.04634,2199.0,0.04635,1213.0
1753521132805,09:12:12.805,ACT/USDT:USDT,0.04631,110.0,0.0463,220.0,0.04634,2199.0,0.04635,1213.0
1753521133284,09:12:13.284,ACT/USDT:USDT,0.04631,110.0,0.0463,220.0,0.04634,2199.0,0.04635,1213.0
1753521134159,09:12:14.159,ACT/USDT:USDT,0.04631,162.0,0.0463,220.0,0.04634,420.0,0.04635,1213.0
1753521134551,09:12:14.551,ACT/USDT:USDT,0.04631,162.0,0.0463,220.0,0.04634,420.0,0.04635,1213.0
