timestamp,time,symbol,bid1_price,bid1_volume,bid2_price,bid2_volume,ask1_price,ask1_volume,ask2_price,ask2_volume
1753520627000,09:03:47.000,AERGO/USDT:USDT,0.13372,2.0,0.13371,1.0,0.1338,13.0,0.13381,152.0
1753520627211,09:03:47.211,AERGO/USDT:USDT,0.13372,2.0,0.13371,1.0,0.1338,13.0,0.13381,152.0
1753520627238,09:03:47.238,AERGO/USDT:USDT,0.13372,2.0,0.13371,1.0,0.1338,13.0,0.13381,152.0
1753520629472,09:03:49.472,AERGO/USDT:USDT,0.13372,2.0,0.13371,1.0,0.1338,13.0,0.13381,152.0
1753520631779,09:03:51.779,AERGO/USDT:USDT,0.13372,2.0,0.13371,1.0,0.1338,13.0,0.13381,152.0
1753520633508,09:03:53.508,AERGO/USDT:USDT,0.13372,2.0,0.13371,1.0,0.1338,13.0,0.13382,174.0
1753520633706,09:03:53.706,AERGO/USDT:USDT,0.13372,2.0,0.13371,1.0,0.1338,13.0,0.13381,152.0
1753520633946,09:03:53.946,AERGO/USDT:USDT,0.13372,2.0,0.13371,1.0,0.1338,13.0,0.13381,152.0
1753520634411,09:03:54.411,AERGO/USDT:USDT,0.13372,2.0,0.13371,1.0,0.1338,13.0,0.13381,152.0
1753520634458,09:03:54.458,AERGO/USDT:USDT,0.13372,2.0,0.13371,1.0,0.1338,13.0,0.13381,152.0
1753520637821,09:03:57.821,AERGO/USDT:USDT,0.13372,2.0,0.13371,1.0,0.1338,13.0,0.13381,152.0
1753520638120,09:03:58.120,AERGO/USDT:USDT,0.13372,2.0,0.13371,1.0,0.1338,13.0,0.13381,152.0
1753520638138,09:03:58.138,AERGO/USDT:USDT,0.13372,2.0,0.13371,1.0,0.1338,13.0,0.13381,152.0
1753520639788,09:03:59.788,AERGO/USDT:USDT,0.13372,2.0,0.13371,1.0,0.1338,13.0,0.13381,152.0
1753520640022,09:04:00.022,AERGO/USDT:USDT,0.13372,2.0,0.13371,1.0,0.1338,13.0,0.13381,152.0
1753520640307,09:04:00.307,AERGO/USDT:USDT,0.13372,4.0,0.13371,1.0,0.1338,13.0,0.13381,152.0
1753520640612,09:04:00.612,AERGO/USDT:USDT,0.13372,4.0,0.13371,1.0,0.1338,13.0,0.13381,152.0
1753520640992,09:04:00.992,AERGO/USDT:USDT,0.13372,4.0,0.13371,1.0,0.1338,13.0,0.13381,152.0
1753520641041,09:04:01.041,AERGO/USDT:USDT,0.13372,4.0,0.13371,1.0,0.1338,13.0,0.13381,152.0
1753520643831,09:04:03.831,AERGO/USDT:USDT,0.13372,4.0,0.13371,1.0,0.1338,13.0,0.13381,152.0
1753520645222,09:04:05.222,AERGO/USDT:USDT,0.13372,2.0,0.13371,1.0,0.1338,242.0,0.13381,152.0
1753520645251,09:04:05.251,AERGO/USDT:USDT,0.13372,2.0,0.13371,1.0,0.1338,242.0,0.13381,152.0
1753520646210,09:04:06.210,AERGO/USDT:USDT,0.13372,2.0,0.13371,1.0,0.1338,242.0,0.13381,152.0
1753520647599,09:04:07.599,AERGO/USDT:USDT,0.13372,2.0,0.13371,1.0,0.1338,242.0,0.13381,152.0
1753520647694,09:04:07.694,AERGO/USDT:USDT,0.13372,2.0,0.13371,1.0,0.1338,242.0,0.13381,152.0
1753520650170,09:04:10.170,AERGO/USDT:USDT,0.13372,2.0,0.13371,1.0,0.1338,242.0,0.13381,152.0
1753520650869,09:04:10.869,AERGO/USDT:USDT,0.13372,4.0,0.13371,1.0,0.1338,242.0,0.13381,152.0
1753520651097,09:04:11.097,AERGO/USDT:USDT,0.13372,4.0,0.13371,1.0,0.1338,242.0,0.13381,152.0
1753520652215,09:04:12.215,AERGO/USDT:USDT,0.13372,2.0,0.13371,1.0,0.1338,316.0,0.13381,152.0
1753520653004,09:04:13.004,AERGO/USDT:USDT,0.13372,2.0,0.13371,1.0,0.1338,316.0,0.13381,152.0
1753520653437,09:04:13.437,AERGO/USDT:USDT,0.13372,2.0,0.13371,1.0,0.1338,242.0,0.13381,152.0
1753520653547,09:04:13.547,AERGO/USDT:USDT,0.13372,2.0,0.13371,1.0,0.1338,242.0,0.13381,152.0
1753520654006,09:04:14.006,AERGO/USDT:USDT,0.13372,2.0,0.13371,1.0,0.1338,242.0,0.13381,226.0
1753520654257,09:04:14.257,AERGO/USDT:USDT,0.13372,2.0,0.13371,1.0,0.1338,242.0,0.13381,226.0
1753520655080,09:04:15.080,AERGO/USDT:USDT,0.13372,2.0,0.13371,1.0,0.1338,242.0,0.13381,226.0
1753520655474,09:04:15.474,AERGO/USDT:USDT,0.13372,2.0,0.13371,1.0,0.1338,242.0,0.13381,226.0
1753520656112,09:04:16.112,AERGO/USDT:USDT,0.13364,381.0,0.13361,1.0,0.1338,242.0,0.13381,226.0
1753520656194,09:04:16.194,AERGO/USDT:USDT,0.13364,381.0,0.13361,1.0,0.13379,1.0,0.1338,242.0
1753520656308,09:04:16.308,AERGO/USDT:USDT,0.13364,381.0,0.13361,1.0,0.13379,1.0,0.1338,242.0
1753520656428,09:04:16.428,AERGO/USDT:USDT,0.13364,381.0,0.13361,1.0,0.13379,1.0,0.1338,242.0
1753520656466,09:04:16.466,AERGO/USDT:USDT,0.13364,381.0,0.13361,1.0,0.13379,1.0,0.1338,242.0
1753520657131,09:04:17.131,AERGO/USDT:USDT,0.13364,381.0,0.13361,1.0,0.13379,1.0,0.1338,242.0
1753520658511,09:04:18.511,AERGO/USDT:USDT,0.13364,381.0,0.13361,1.0,0.13379,75.0,0.1338,242.0
1753520658536,09:04:18.536,AERGO/USDT:USDT,0.13364,381.0,0.13361,1.0,0.13378,11.0,0.13379,75.0
1753520659685,09:04:19.685,AERGO/USDT:USDT,0.13364,381.0,0.13361,1.0,0.13378,11.0,0.13379,75.0
1753520659772,09:04:19.772,AERGO/USDT:USDT,0.13361,1.0,0.13358,234.0,0.13378,11.0,0.13379,75.0
1753520660080,09:04:20.080,AERGO/USDT:USDT,0.13361,1.0,0.13358,234.0,0.13378,11.0,0.13379,75.0
1753520660358,09:04:20.358,AERGO/USDT:USDT,0.13361,1.0,0.13358,234.0,0.13378,11.0,0.13379,75.0
1753520660451,09:04:20.451,AERGO/USDT:USDT,0.13361,1.0,0.13358,234.0,0.13378,11.0,0.13379,75.0
1753520661322,09:04:21.322,AERGO/USDT:USDT,0.13361,1.0,0.13358,234.0,0.13378,11.0,0.13379,75.0
1753520661355,09:04:21.355,AERGO/USDT:USDT,0.13361,1.0,0.13358,234.0,0.13378,11.0,0.13379,75.0
1753520663071,09:04:23.071,AERGO/USDT:USDT,0.13361,1.0,0.13359,50.0,0.13378,11.0,0.13379,75.0
1753520663618,09:04:23.618,AERGO/USDT:USDT,0.13361,1.0,0.13359,50.0,0.13378,11.0,0.13379,75.0
1753520663739,09:04:23.739,AERGO/USDT:USDT,0.13361,1.0,0.13359,50.0,0.13378,11.0,0.13379,75.0
1753520666112,09:04:26.112,AERGO/USDT:USDT,0.13361,1.0,0.13359,50.0,0.13378,11.0,0.13379,75.0
1753520666671,09:04:26.671,AERGO/USDT:USDT,0.13361,1.0,0.13359,50.0,0.13378,11.0,0.13379,75.0
1753520667129,09:04:27.129,AERGO/USDT:USDT,0.13361,1.0,0.13359,50.0,0.13377,172.0,0.13378,11.0
1753520667139,09:04:27.139,AERGO/USDT:USDT,0.13361,1.0,0.13359,50.0,0.13376,12.0,0.13377,172.0
1753520667302,09:04:27.302,AERGO/USDT:USDT,0.13361,1.0,0.13359,50.0,0.13376,12.0,0.13377,172.0
1753520667331,09:04:27.331,AERGO/USDT:USDT,0.13361,1.0,0.13359,50.0,0.13376,12.0,0.13377,172.0
1753520670300,09:04:30.300,AERGO/USDT:USDT,0.13361,1.0,0.13359,50.0,0.13376,12.0,0.13377,172.0
1753520671830,09:04:31.830,AERGO/USDT:USDT,0.13366,79.0,0.13361,1.0,0.13376,12.0,0.13377,172.0
1753520671907,09:04:31.907,AERGO/USDT:USDT,0.13366,79.0,0.13361,1.0,0.13376,184.0,0.1338,229.0
1753520672011,09:04:32.011,AERGO/USDT:USDT,0.13366,79.0,0.13361,1.0,0.13376,184.0,0.13386,74.0
1753520672061,09:04:32.061,AERGO/USDT:USDT,0.13366,79.0,0.13361,1.0,0.13376,184.0,0.13386,74.0
1753520672218,09:04:32.218,AERGO/USDT:USDT,0.13366,4.0,0.13361,1.0,0.13376,184.0,0.13382,317.0
1753520673007,09:04:33.007,AERGO/USDT:USDT,0.13366,4.0,0.13361,1.0,0.13376,184.0,0.13382,317.0
1753520673231,09:04:33.231,AERGO/USDT:USDT,0.13366,4.0,0.13361,1.0,0.13376,184.0,0.13382,317.0
1753520675812,09:04:35.812,AERGO/USDT:USDT,0.13366,4.0,0.13361,1.0,0.13376,184.0,0.13382,317.0
1753520676887,09:04:36.887,AERGO/USDT:USDT,0.13366,4.0,0.13361,1.0,0.13376,184.0,0.13382,317.0
1753520679010,09:04:39.010,AERGO/USDT:USDT,0.13366,4.0,0.13361,1.0,0.13376,184.0,0.13382,317.0
1753520680040,09:04:40.040,AERGO/USDT:USDT,0.13366,4.0,0.13361,1.0,0.13376,184.0,0.13382,317.0
1753520680134,09:04:40.134,AERGO/USDT:USDT,0.13366,4.0,0.13361,1.0,0.13376,184.0,0.13382,317.0
1753520680662,09:04:40.662,AERGO/USDT:USDT,0.13366,4.0,0.13361,1.0,0.13376,186.0,0.13382,317.0
1753520681115,09:04:41.115,AERGO/USDT:USDT,0.13366,4.0,0.13361,1.0,0.13376,186.0,0.13382,317.0
1753520681612,09:04:41.612,AERGO/USDT:USDT,0.13366,4.0,0.13361,1.0,0.13376,186.0,0.13382,317.0
1753520681935,09:04:41.935,AERGO/USDT:USDT,0.13366,4.0,0.13361,1.0,0.13376,186.0,0.13382,317.0
1753520682045,09:04:42.045,AERGO/USDT:USDT,0.13366,4.0,0.13361,1.0,0.13376,186.0,0.13382,317.0
1753520682576,09:04:42.576,AERGO/USDT:USDT,0.13366,4.0,0.13361,1.0,0.13376,186.0,0.13382,317.0
1753520682773,09:04:42.773,AERGO/USDT:USDT,0.13366,4.0,0.13361,1.0,0.13376,186.0,0.13382,317.0
1753520684148,09:04:44.148,AERGO/USDT:USDT,0.13366,4.0,0.13361,1.0,0.13376,186.0,0.13382,317.0
1753520685867,09:04:45.867,AERGO/USDT:USDT,0.13366,4.0,0.13361,1.0,0.13376,186.0,0.13382,317.0
1753520686071,09:04:46.071,AERGO/USDT:USDT,0.13366,4.0,0.13361,1.0,0.13376,186.0,0.13382,317.0
1753520686886,09:04:46.886,AERGO/USDT:USDT,0.13366,4.0,0.13361,1.0,0.13376,186.0,0.13382,317.0
1753520687171,09:04:47.171,AERGO/USDT:USDT,0.13366,2.0,0.13361,1.0,0.13376,186.0,0.13382,317.0
1753520687303,09:04:47.303,AERGO/USDT:USDT,0.13366,2.0,0.13361,1.0,0.13376,186.0,0.13382,317.0
1753520687392,09:04:47.392,AERGO/USDT:USDT,0.13366,2.0,0.13361,1.0,0.13376,186.0,0.13382,317.0
1753520690292,09:04:50.292,AERGO/USDT:USDT,0.13366,2.0,0.13361,1.0,0.13376,186.0,0.13382,317.0
1753520694621,09:04:54.621,AERGO/USDT:USDT,0.13366,4.0,0.13361,1.0,0.13376,186.0,0.13382,317.0
1753520696111,09:04:56.111,AERGO/USDT:USDT,0.13366,4.0,0.13361,1.0,0.13376,186.0,0.13382,317.0
1753520699867,09:04:59.867,AERGO/USDT:USDT,0.13366,4.0,0.13361,1.0,0.13376,186.0,0.13382,317.0
1753520700271,09:05:00.271,AERGO/USDT:USDT,0.13366,4.0,0.13361,1.0,0.13376,186.0,0.13382,317.0
1753520702895,09:05:02.895,AERGO/USDT:USDT,0.13366,4.0,0.13361,1.0,0.13376,186.0,0.13381,74.0
1753520705471,09:05:05.471,AERGO/USDT:USDT,0.13366,4.0,0.13361,1.0,0.13376,188.0,0.1338,14.0
1753520705543,09:05:05.543,AERGO/USDT:USDT,0.13366,4.0,0.13361,1.0,0.13376,188.0,0.1338,14.0
1753520705731,09:05:05.731,AERGO/USDT:USDT,0.13366,4.0,0.13361,1.0,0.13376,188.0,0.1338,89.0
1753520706234,09:05:06.234,AERGO/USDT:USDT,0.13366,4.0,0.13361,1.0,0.13376,188.0,0.1338,89.0
1753520706423,09:05:06.423,AERGO/USDT:USDT,0.13366,4.0,0.13361,1.0,0.13373,1.0,0.13376,188.0
1753520706519,09:05:06.519,AERGO/USDT:USDT,0.13366,4.0,0.13361,1.0,0.13372,12.0,0.13376,176.0
1753520706535,09:05:06.535,AERGO/USDT:USDT,0.13366,4.0,0.13361,1.0,0.13376,176.0,0.1338,89.0
1753520706655,09:05:06.655,AERGO/USDT:USDT,0.13366,4.0,0.13361,1.0,0.13375,12.0,0.13376,176.0
1753520706898,09:05:06.898,AERGO/USDT:USDT,0.13366,2.0,0.13361,1.0,0.13375,12.0,0.13376,176.0
1753520707627,09:05:07.627,AERGO/USDT:USDT,0.13366,2.0,0.13361,1.0,0.13375,12.0,0.13376,176.0
1753520707728,09:05:07.728,AERGO/USDT:USDT,0.13366,2.0,0.13361,1.0,0.13375,12.0,0.13376,176.0
1753520707873,09:05:07.873,AERGO/USDT:USDT,0.13366,2.0,0.13361,1.0,0.13375,12.0,0.13376,176.0
1753520708086,09:05:08.086,AERGO/USDT:USDT,0.13366,2.0,0.13361,1.0,0.13375,12.0,0.13376,176.0
1753520710016,09:05:10.016,AERGO/USDT:USDT,0.13361,1.0,0.13359,50.0,0.13375,12.0,0.13376,176.0
1753520710054,09:05:10.054,AERGO/USDT:USDT,0.13361,1.0,0.13359,50.0,0.13375,12.0,0.13376,176.0
1753520710303,09:05:10.303,AERGO/USDT:USDT,0.13361,1.0,0.13359,50.0,0.13375,12.0,0.13376,176.0
1753520710516,09:05:10.516,AERGO/USDT:USDT,0.13361,1.0,0.13359,50.0,0.13375,12.0,0.13376,174.0
1753520711125,09:05:11.125,AERGO/USDT:USDT,0.13361,1.0,0.13359,50.0,0.13375,12.0,0.13376,174.0
1753520711541,09:05:11.541,AERGO/USDT:USDT,0.13361,1.0,0.13359,50.0,0.13375,12.0,0.13376,174.0
1753520713207,09:05:13.207,AERGO/USDT:USDT,0.13361,1.0,0.13358,234.0,0.13375,164.0,0.13376,174.0
1753520713257,09:05:13.257,AERGO/USDT:USDT,0.13361,1.0,0.13358,234.0,0.13375,164.0,0.13376,174.0
1753520713413,09:05:13.413,AERGO/USDT:USDT,0.13361,1.0,0.13358,234.0,0.13375,164.0,0.13376,174.0
1753520713434,09:05:13.434,AERGO/USDT:USDT,0.13361,1.0,0.13358,234.0,0.13375,164.0,0.13376,174.0
1753520713595,09:05:13.595,AERGO/USDT:USDT,0.13361,1.0,0.13358,234.0,0.13375,164.0,0.13376,174.0
1753520713810,09:05:13.810,AERGO/USDT:USDT,0.13361,1.0,0.13358,234.0,0.13375,164.0,0.13376,174.0
1753520714022,09:05:14.022,AERGO/USDT:USDT,0.13361,1.0,0.13358,234.0,0.13375,164.0,0.13376,174.0
1753520714111,09:05:14.111,AERGO/USDT:USDT,0.13361,1.0,0.13358,234.0,0.13375,164.0,0.13376,174.0
1753520714672,09:05:14.672,AERGO/USDT:USDT,0.13361,1.0,0.13358,234.0,0.13375,164.0,0.13376,174.0
1753520714843,09:05:14.843,AERGO/USDT:USDT,0.13361,1.0,0.13358,234.0,0.13375,164.0,0.13376,174.0
1753520715005,09:05:15.005,AERGO/USDT:USDT,0.13361,1.0,0.13358,234.0,0.13375,164.0,0.13376,174.0
1753520715095,09:05:15.095,AERGO/USDT:USDT,0.13361,1.0,0.13358,234.0,0.13375,164.0,0.13376,174.0
1753520715672,09:05:15.672,AERGO/USDT:USDT,0.13361,1.0,0.13358,234.0,0.13375,164.0,0.13376,174.0
1753520715837,09:05:15.837,AERGO/USDT:USDT,0.13361,1.0,0.13358,234.0,0.13375,164.0,0.13376,174.0
1753520716020,09:05:16.020,AERGO/USDT:USDT,0.13361,1.0,0.13358,234.0,0.13375,238.0,0.13376,174.0
1753520716128,09:05:16.128,AERGO/USDT:USDT,0.13361,1.0,0.13358,234.0,0.13375,238.0,0.13376,174.0
1753520716155,09:05:16.155,AERGO/USDT:USDT,0.13361,1.0,0.13358,234.0,0.13375,238.0,0.13376,174.0
1753520716807,09:05:16.807,AERGO/USDT:USDT,0.13361,1.0,0.13358,234.0,0.13375,238.0,0.13376,174.0
1753520716865,09:05:16.865,AERGO/USDT:USDT,0.13361,1.0,0.13358,234.0,0.13375,238.0,0.13376,174.0
1753520717088,09:05:17.088,AERGO/USDT:USDT,0.13361,1.0,0.13358,234.0,0.13375,238.0,0.13376,174.0
1753520717311,09:05:17.311,AERGO/USDT:USDT,0.13361,1.0,0.13358,234.0,0.13375,238.0,0.13376,174.0
1753520718102,09:05:18.102,AERGO/USDT:USDT,0.13361,1.0,0.13358,234.0,0.13375,238.0,0.13376,174.0
1753520718522,09:05:18.522,AERGO/USDT:USDT,0.13361,1.0,0.13358,234.0,0.13375,238.0,0.13376,174.0
1753520719252,09:05:19.252,AERGO/USDT:USDT,0.13361,1.0,0.13358,234.0,0.13375,238.0,0.13376,174.0
1753520720091,09:05:20.091,AERGO/USDT:USDT,0.13361,1.0,0.13358,234.0,0.13375,238.0,0.13376,174.0
1753520720148,09:05:20.148,AERGO/USDT:USDT,0.13361,1.0,0.13358,234.0,0.13375,238.0,0.13376,174.0
1753520722135,09:05:22.135,AERGO/USDT:USDT,0.13361,1.0,0.13358,234.0,0.13375,238.0,0.13376,174.0
1753520723080,09:05:23.080,AERGO/USDT:USDT,0.13361,1.0,0.13358,234.0,0.13375,238.0,0.13376,174.0
1753520724149,09:05:24.149,AERGO/USDT:USDT,0.13361,1.0,0.13358,234.0,0.13375,238.0,0.13376,174.0
1753520725052,09:05:25.052,AERGO/USDT:USDT,0.13361,1.0,0.13358,234.0,0.13375,410.0,0.13376,2.0
1753520726081,09:05:26.081,AERGO/USDT:USDT,0.13361,1.0,0.13358,234.0,0.13375,410.0,0.13376,2.0
1753520726673,09:05:26.673,AERGO/USDT:USDT,0.13361,1.0,0.13358,234.0,0.13375,410.0,0.13376,2.0
1753520729095,09:05:29.095,AERGO/USDT:USDT,0.13361,1.0,0.13358,234.0,0.13375,412.0,0.13376,4.0
1753520730827,09:05:30.827,AERGO/USDT:USDT,0.13361,1.0,0.13358,234.0,0.13375,412.0,0.13376,4.0
1753520730832,09:05:30.832,AERGO/USDT:USDT,0.13361,1.0,0.13358,234.0,0.13375,412.0,0.13376,4.0
1753520731806,09:05:31.806,AERGO/USDT:USDT,0.13361,1.0,0.13358,234.0,0.13375,412.0,0.13376,4.0
1753520732082,09:05:32.082,AERGO/USDT:USDT,0.13361,1.0,0.13358,234.0,0.13375,412.0,0.13376,4.0
1753520732141,09:05:32.141,AERGO/USDT:USDT,0.13361,1.0,0.13358,234.0,0.13375,338.0,0.13376,4.0
1753520732312,09:05:32.312,AERGO/USDT:USDT,0.13361,1.0,0.13358,234.0,0.13375,338.0,0.13376,4.0
1753520733024,09:05:33.024,AERGO/USDT:USDT,0.13361,1.0,0.13358,234.0,0.13375,338.0,0.13376,4.0
1753520735090,09:05:35.090,AERGO/USDT:USDT,0.13361,1.0,0.13358,234.0,0.13375,338.0,0.13376,4.0
1753520735447,09:05:35.447,AERGO/USDT:USDT,0.13361,1.0,0.13358,234.0,0.13375,338.0,0.13376,4.0
1753520736619,09:05:36.619,AERGO/USDT:USDT,0.13361,1.0,0.13358,234.0,0.13375,338.0,0.13376,4.0
1753520736632,09:05:36.632,AERGO/USDT:USDT,0.13361,1.0,0.13358,234.0,0.13375,338.0,0.13376,4.0
1753520737004,09:05:37.004,AERGO/USDT:USDT,0.13361,1.0,0.13358,234.0,0.13375,338.0,0.13376,4.0
1753520737192,09:05:37.192,AERGO/USDT:USDT,0.13361,1.0,0.13358,234.0,0.13375,338.0,0.13376,4.0
1753520738091,09:05:38.091,AERGO/USDT:USDT,0.13361,1.0,0.13358,234.0,0.13375,338.0,0.13376,4.0
1753520744093,09:05:44.093,AERGO/USDT:USDT,0.13361,1.0,0.13358,234.0,0.13375,338.0,0.13376,4.0
1753520744423,09:05:44.423,AERGO/USDT:USDT,0.13361,1.0,0.13358,234.0,0.13375,338.0,0.13376,4.0
1753520744456,09:05:44.456,AERGO/USDT:USDT,0.13361,1.0,0.13358,234.0,0.13375,338.0,0.13376,4.0
1753520746922,09:05:46.922,AERGO/USDT:USDT,0.13361,1.0,0.13358,234.0,0.13375,338.0,0.13376,4.0
1753520746992,09:05:46.992,AERGO/USDT:USDT,0.13361,1.0,0.13358,234.0,0.13375,338.0,0.13376,4.0
1753520747126,09:05:47.126,AERGO/USDT:USDT,0.13354,14.0,0.13353,230.0,0.13375,338.0,0.13376,4.0
1753520747220,09:05:47.220,AERGO/USDT:USDT,0.13367,3.0,0.13352,305.0,0.13374,50.0,0.13375,166.0
1753520747319,09:05:47.319,AERGO/USDT:USDT,0.13352,305.0,0.13348,75.0,0.13371,75.0,0.13374,235.0
1753520747423,09:05:47.423,AERGO/USDT:USDT,0.13352,153.0,0.13348,75.0,0.13369,152.0,0.13371,260.0
1753520747527,09:05:47.527,AERGO/USDT:USDT,0.13352,153.0,0.13348,75.0,0.1337,12.0,0.13371,75.0
1753520747623,09:05:47.623,AERGO/USDT:USDT,0.13348,75.0,0.13344,335.0,0.13371,75.0,0.13372,229.0
1753520747679,09:05:47.679,AERGO/USDT:USDT,0.13348,75.0,0.13344,335.0,0.1337,74.0,0.13371,75.0
1753520747815,09:05:47.815,AERGO/USDT:USDT,0.13348,75.0,0.13344,335.0,0.1337,74.0,0.13371,75.0
1753520748015,09:05:48.015,AERGO/USDT:USDT,0.13348,75.0,0.13344,335.0,0.13366,152.0,0.1337,74.0
1753520748126,09:05:48.126,AERGO/USDT:USDT,0.13348,75.0,0.13344,335.0,0.13366,152.0,0.1337,74.0
1753520748213,09:05:48.213,AERGO/USDT:USDT,0.13344,335.0,0.13343,610.0,0.13366,152.0,0.1337,74.0
1753520748322,09:05:48.322,AERGO/USDT:USDT,0.13344,335.0,0.13343,610.0,0.13366,152.0,0.1337,74.0
1753520748415,09:05:48.415,AERGO/USDT:USDT,0.13344,335.0,0.13343,610.0,0.13366,152.0,0.1337,74.0
1753520748520,09:05:48.520,AERGO/USDT:USDT,0.13344,335.0,0.13343,610.0,0.13366,152.0,0.1337,74.0
1753520748592,09:05:48.592,AERGO/USDT:USDT,0.13344,335.0,0.13343,610.0,0.13366,152.0,0.1337,74.0
1753520748721,09:05:48.721,AERGO/USDT:USDT,0.13344,335.0,0.13343,610.0,0.13366,152.0,0.1337,74.0
1753520748773,09:05:48.773,AERGO/USDT:USDT,0.13344,335.0,0.13343,610.0,0.13366,152.0,0.1337,74.0
1753520749213,09:05:49.213,AERGO/USDT:USDT,0.13344,335.0,0.13343,610.0,0.13366,152.0,0.1337,74.0
1753520749323,09:05:49.323,AERGO/USDT:USDT,0.13344,335.0,0.13343,610.0,0.13366,152.0,0.13371,101.0
1753520749422,09:05:49.422,AERGO/USDT:USDT,0.13344,335.0,0.13343,610.0,0.13362,75.0,0.13366,152.0
1753520749498,09:05:49.498,AERGO/USDT:USDT,0.13343,381.0,0.13339,260.0,0.13362,75.0,0.13366,152.0
1753520749602,09:05:49.602,AERGO/USDT:USDT,0.13343,381.0,0.13339,260.0,0.13362,75.0,0.13365,14.0
1753520749679,09:05:49.679,AERGO/USDT:USDT,0.13344,152.0,0.13343,381.0,0.13362,75.0,0.13365,14.0
1753520749753,09:05:49.753,AERGO/USDT:USDT,0.13344,152.0,0.13343,381.0,0.13362,75.0,0.13365,14.0
1753520749871,09:05:49.871,AERGO/USDT:USDT,0.13344,152.0,0.13343,381.0,0.13362,75.0,0.13365,14.0
1753520750002,09:05:50.002,AERGO/USDT:USDT,0.13344,152.0,0.13343,381.0,0.13362,75.0,0.13364,74.0
1753520750087,09:05:50.087,AERGO/USDT:USDT,0.13344,152.0,0.13343,381.0,0.13362,75.0,0.13364,74.0
1753520750186,09:05:50.186,AERGO/USDT:USDT,0.13344,152.0,0.13343,381.0,0.13362,75.0,0.13364,74.0
1753520750277,09:05:50.277,AERGO/USDT:USDT,0.13344,152.0,0.13343,381.0,0.13362,75.0,0.13364,74.0
1753520750508,09:05:50.508,AERGO/USDT:USDT,0.13344,152.0,0.13343,381.0,0.13362,75.0,0.13364,74.0
1753520750701,09:05:50.701,AERGO/USDT:USDT,0.13344,152.0,0.13343,381.0,0.13362,75.0,0.13364,74.0
1753520750827,09:05:50.827,AERGO/USDT:USDT,0.13344,152.0,0.13343,381.0,0.13362,75.0,0.13364,74.0
1753520750831,09:05:50.831,AERGO/USDT:USDT,0.13344,152.0,0.13343,381.0,0.13362,75.0,0.13363,229.0
1753520751120,09:05:51.120,AERGO/USDT:USDT,0.13338,152.0,0.13337,168.0,0.13356,152.0,0.13361,14.0
1753520751203,09:05:51.203,AERGO/USDT:USDT,0.13339,75.0,0.13338,152.0,0.13356,152.0,0.13361,14.0
1753520751260,09:05:51.260,AERGO/USDT:USDT,0.13339,75.0,0.13338,152.0,0.13356,152.0,0.13361,14.0
1753520751405,09:05:51.405,AERGO/USDT:USDT,0.13338,152.0,0.13337,168.0,0.13356,152.0,0.13361,14.0
1753520751527,09:05:51.527,AERGO/USDT:USDT,0.13339,75.0,0.13338,152.0,0.13359,152.0,0.13362,163.0
1753520751609,09:05:51.609,AERGO/USDT:USDT,0.13337,168.0,0.13336,1.0,0.13359,152.0,0.13362,163.0
1753520751764,09:05:51.764,AERGO/USDT:USDT,0.13339,75.0,0.13338,152.0,0.13359,152.0,0.13362,163.0
1753520751920,09:05:51.920,AERGO/USDT:USDT,0.13344,152.0,0.13339,75.0,0.13362,88.0,0.13363,236.0
1753520752024,09:05:52.024,AERGO/USDT:USDT,0.13339,75.0,0.13338,337.0,0.13362,149.0,0.13363,243.0
1753520752065,09:05:52.065,AERGO/USDT:USDT,0.13339,125.0,0.13338,337.0,0.13362,156.0,0.13363,243.0
1753520752208,09:05:52.208,AERGO/USDT:USDT,0.13344,152.0,0.13339,125.0,0.13362,7.0,0.13365,88.0
1753520752263,09:05:52.263,AERGO/USDT:USDT,0.13344,152.0,0.13339,125.0,0.13365,88.0,0.13366,152.0
1753520752498,09:05:52.498,AERGO/USDT:USDT,0.13344,152.0,0.13339,125.0,0.13365,88.0,0.13366,152.0
1753520752917,09:05:52.917,AERGO/USDT:USDT,0.13344,152.0,0.13339,125.0,0.13365,88.0,0.13366,152.0
1753520753087,09:05:53.087,AERGO/USDT:USDT,0.13344,152.0,0.13339,125.0,0.13365,88.0,0.13366,152.0
1753520753205,09:05:53.205,AERGO/USDT:USDT,0.13344,152.0,0.13339,125.0,0.13365,88.0,0.13366,152.0
1753520753341,09:05:53.341,AERGO/USDT:USDT,0.13344,152.0,0.13339,125.0,0.13365,88.0,0.13366,152.0
1753520753820,09:05:53.820,AERGO/USDT:USDT,0.13344,152.0,0.13339,125.0,0.13365,88.0,0.13366,152.0
1753520753873,09:05:53.873,AERGO/USDT:USDT,0.13344,152.0,0.13339,125.0,0.13365,88.0,0.13366,152.0
1753520754006,09:05:54.006,AERGO/USDT:USDT,0.13339,125.0,0.13338,337.0,0.1336,152.0,0.13362,75.0
1753520754123,09:05:54.123,AERGO/USDT:USDT,0.13344,152.0,0.13339,125.0,0.13364,14.0,0.13365,81.0
1753520754185,09:05:54.185,AERGO/USDT:USDT,0.13344,152.0,0.13339,125.0,0.13365,74.0,0.13366,152.0
1753520754658,09:05:54.658,AERGO/USDT:USDT,0.13344,152.0,0.13339,125.0,0.13365,74.0,0.13366,152.0
1753520755240,09:05:55.240,AERGO/USDT:USDT,0.13344,152.0,0.13339,125.0,0.13365,74.0,0.13366,152.0
1753520755529,09:05:55.529,AERGO/USDT:USDT,0.13344,152.0,0.13339,125.0,0.13365,74.0,0.13366,152.0
1753520755607,09:05:55.607,AERGO/USDT:USDT,0.13344,152.0,0.13339,125.0,0.13365,74.0,0.13366,152.0
1753520756099,09:05:56.099,AERGO/USDT:USDT,0.13344,152.0,0.13339,125.0,0.13365,74.0,0.13366,152.0
1753520756223,09:05:56.223,AERGO/USDT:USDT,0.13344,152.0,0.13339,125.0,0.13365,74.0,0.13366,152.0
1753520756351,09:05:56.351,AERGO/USDT:USDT,0.13344,152.0,0.13339,125.0,0.13365,74.0,0.13366,152.0
1753520756889,09:05:56.889,AERGO/USDT:USDT,0.13344,152.0,0.1334,187.0,0.13365,74.0,0.13366,152.0
1753520757009,09:05:57.009,AERGO/USDT:USDT,0.13345,50.0,0.13344,152.0,0.13365,74.0,0.13366,152.0
1753520757168,09:05:57.168,AERGO/USDT:USDT,0.13345,50.0,0.13344,152.0,0.13365,74.0,0.13366,152.0
1753520757267,09:05:57.267,AERGO/USDT:USDT,0.13345,50.0,0.13344,152.0,0.13365,74.0,0.13366,152.0
1753520757392,09:05:57.392,AERGO/USDT:USDT,0.13345,50.0,0.13344,152.0,0.13365,74.0,0.13366,152.0
1753520757855,09:05:57.855,AERGO/USDT:USDT,0.13345,279.0,0.13344,152.0,0.13365,74.0,0.13366,152.0
1753520758124,09:05:58.124,AERGO/USDT:USDT,0.13345,279.0,0.13344,152.0,0.13365,74.0,0.13366,152.0
1753520758187,09:05:58.187,AERGO/USDT:USDT,0.13345,279.0,0.13344,152.0,0.13365,74.0,0.13366,152.0
1753520758548,09:05:58.548,AERGO/USDT:USDT,0.13345,279.0,0.13344,152.0,0.13365,74.0,0.13366,152.0
1753520758787,09:05:58.787,AERGO/USDT:USDT,0.13345,279.0,0.13344,152.0,0.13365,74.0,0.13366,152.0
1753520758847,09:05:58.847,AERGO/USDT:USDT,0.13345,279.0,0.13344,152.0,0.13365,74.0,0.13366,152.0
1753520759094,09:05:59.094,AERGO/USDT:USDT,0.13345,279.0,0.13344,152.0,0.13365,74.0,0.13366,152.0
1753520759207,09:05:59.207,AERGO/USDT:USDT,0.13345,279.0,0.13344,152.0,0.13364,89.0,0.13365,74.0
1753520759266,09:05:59.266,AERGO/USDT:USDT,0.13345,279.0,0.13344,152.0,0.13364,89.0,0.13365,74.0
1753520759410,09:05:59.410,AERGO/USDT:USDT,0.13345,279.0,0.13344,152.0,0.13364,89.0,0.13365,74.0
1753520759632,09:05:59.632,AERGO/USDT:USDT,0.13345,279.0,0.13344,152.0,0.13364,89.0,0.13365,74.0
1753520759987,09:05:59.987,AERGO/USDT:USDT,0.13345,279.0,0.13344,152.0,0.13364,89.0,0.13365,74.0
1753520760088,09:06:00.088,AERGO/USDT:USDT,0.13345,279.0,0.13344,152.0,0.13364,89.0,0.13365,74.0
1753520760207,09:06:00.207,AERGO/USDT:USDT,0.13345,279.0,0.13344,152.0,0.13364,89.0,0.13365,74.0
1753520760314,09:06:00.314,AERGO/USDT:USDT,0.13345,279.0,0.13344,152.0,0.13364,89.0,0.13365,74.0
1753520760480,09:06:00.480,AERGO/USDT:USDT,0.13345,279.0,0.13344,152.0,0.13364,89.0,0.13365,74.0
1753520760691,09:06:00.691,AERGO/USDT:USDT,0.13345,279.0,0.13344,152.0,0.13364,89.0,0.13365,74.0
1753520760895,09:06:00.895,AERGO/USDT:USDT,0.13345,279.0,0.13344,152.0,0.13364,89.0,0.13365,74.0
1753520761230,09:06:01.230,AERGO/USDT:USDT,0.13345,279.0,0.13344,152.0,0.13364,89.0,0.13365,74.0
1753520761596,09:06:01.596,AERGO/USDT:USDT,0.13345,279.0,0.13344,152.0,0.13364,89.0,0.13365,74.0
1753520761831,09:06:01.831,AERGO/USDT:USDT,0.13345,279.0,0.13344,152.0,0.13364,89.0,0.13365,74.0
1753520762125,09:06:02.125,AERGO/USDT:USDT,0.13345,279.0,0.13344,152.0,0.13364,89.0,0.13365,74.0
1753520762228,09:06:02.228,AERGO/USDT:USDT,0.13345,279.0,0.13344,152.0,0.13364,89.0,0.13365,74.0
1753520762328,09:06:02.328,AERGO/USDT:USDT,0.13345,279.0,0.13344,152.0,0.13364,89.0,0.13365,74.0
1753520762554,09:06:02.554,AERGO/USDT:USDT,0.13345,279.0,0.13344,152.0,0.13364,89.0,0.13365,74.0
1753520762667,09:06:02.667,AERGO/USDT:USDT,0.13345,279.0,0.13344,152.0,0.13365,74.0,0.13366,159.0
1753520762979,09:06:02.979,AERGO/USDT:USDT,0.13345,279.0,0.13344,152.0,0.13365,74.0,0.13366,159.0
1753520763113,09:06:03.113,AERGO/USDT:USDT,0.13345,279.0,0.13344,152.0,0.13365,74.0,0.13366,159.0
1753520763225,09:06:03.225,AERGO/USDT:USDT,0.13345,279.0,0.13344,152.0,0.13365,74.0,0.13366,159.0
1753520763401,09:06:03.401,AERGO/USDT:USDT,0.13345,279.0,0.13344,152.0,0.13365,74.0,0.13366,159.0
1753520764193,09:06:04.193,AERGO/USDT:USDT,0.13345,279.0,0.13344,152.0,0.13365,74.0,0.13366,159.0
1753520764528,09:06:04.528,AERGO/USDT:USDT,0.13345,279.0,0.13344,152.0,0.13365,74.0,0.13366,159.0
1753520764626,09:06:04.626,AERGO/USDT:USDT,0.13345,279.0,0.13344,152.0,0.13365,74.0,0.13366,159.0
1753520764864,09:06:04.864,AERGO/USDT:USDT,0.13345,279.0,0.13344,152.0,0.13365,74.0,0.13366,159.0
1753520765211,09:06:05.211,AERGO/USDT:USDT,0.13345,279.0,0.13344,152.0,0.13366,159.0,0.13367,186.0
1753520765252,09:06:05.252,AERGO/USDT:USDT,0.13345,279.0,0.13344,152.0,0.13366,152.0,0.13367,193.0
1753520765474,09:06:05.474,AERGO/USDT:USDT,0.13345,279.0,0.13344,152.0,0.13366,226.0,0.13367,193.0
1753520765663,09:06:05.663,AERGO/USDT:USDT,0.13345,279.0,0.13344,152.0,0.13366,226.0,0.13367,193.0
1753520765758,09:06:05.758,AERGO/USDT:USDT,0.13345,279.0,0.13344,152.0,0.13366,226.0,0.13367,193.0
1753520766009,09:06:06.009,AERGO/USDT:USDT,0.13345,279.0,0.13344,152.0,0.13366,226.0,0.13367,193.0
1753520766184,09:06:06.184,AERGO/USDT:USDT,0.13345,279.0,0.13344,152.0,0.13366,226.0,0.13367,193.0
1753520766573,09:06:06.573,AERGO/USDT:USDT,0.13345,279.0,0.13344,152.0,0.13366,226.0,0.13367,193.0
1753520766778,09:06:06.778,AERGO/USDT:USDT,0.13345,279.0,0.13344,152.0,0.13366,226.0,0.13367,193.0
1753520766980,09:06:06.980,AERGO/USDT:USDT,0.13345,279.0,0.13344,152.0,0.13366,226.0,0.13367,193.0
1753520767758,09:06:07.758,AERGO/USDT:USDT,0.13345,279.0,0.13344,152.0,0.13366,226.0,0.13367,193.0
1753520768007,09:06:08.007,AERGO/USDT:USDT,0.13345,279.0,0.13344,152.0,0.13366,226.0,0.13367,193.0
1753520768086,09:06:08.086,AERGO/USDT:USDT,0.13345,279.0,0.13344,152.0,0.13366,226.0,0.13367,193.0
1753520768492,09:06:08.492,AERGO/USDT:USDT,0.13345,279.0,0.13344,152.0,0.13366,226.0,0.13367,193.0
1753520768593,09:06:08.593,AERGO/USDT:USDT,0.13345,279.0,0.13344,152.0,0.13366,226.0,0.13367,193.0
1753520768698,09:06:08.698,AERGO/USDT:USDT,0.13345,279.0,0.13344,152.0,0.13366,226.0,0.13367,193.0
1753520768779,09:06:08.779,AERGO/USDT:USDT,0.13345,279.0,0.13344,152.0,0.13363,89.0,0.13366,226.0
1753520769017,09:06:09.017,AERGO/USDT:USDT,0.13345,279.0,0.13344,152.0,0.13362,564.0,0.13363,2032.0
1753520769055,09:06:09.055,AERGO/USDT:USDT,0.13345,279.0,0.13344,152.0,0.13361,7.0,0.13362,569.0
1753520769191,09:06:09.191,AERGO/USDT:USDT,0.13345,279.0,0.13344,152.0,0.13361,7.0,0.13362,791.0
1753520769232,09:06:09.232,AERGO/USDT:USDT,0.13345,279.0,0.13344,152.0,0.13361,7.0,0.13362,791.0
1753520769482,09:06:09.482,AERGO/USDT:USDT,0.13345,279.0,0.13344,152.0,0.13361,7.0,0.13362,791.0
1753520770328,09:06:10.328,AERGO/USDT:USDT,0.13345,279.0,0.13344,152.0,0.13361,7.0,0.13362,791.0
1753520770331,09:06:10.331,AERGO/USDT:USDT,0.13345,279.0,0.13344,152.0,0.13361,7.0,0.13362,569.0
1753520770702,09:06:10.702,AERGO/USDT:USDT,0.13345,279.0,0.13344,152.0,0.13361,7.0,0.13362,569.0
1753520771165,09:06:11.165,AERGO/USDT:USDT,0.13345,279.0,0.13344,152.0,0.13361,7.0,0.13362,569.0
1753520773394,09:06:13.394,AERGO/USDT:USDT,0.13345,279.0,0.13344,152.0,0.13361,7.0,0.13362,569.0
1753520773533,09:06:13.533,AERGO/USDT:USDT,0.13345,279.0,0.13344,152.0,0.13361,7.0,0.13362,569.0
1753520774311,09:06:14.311,AERGO/USDT:USDT,0.13345,279.0,0.13344,152.0,0.13361,7.0,0.13362,569.0
1753520776827,09:06:16.827,AERGO/USDT:USDT,0.13349,75.0,0.13345,279.0,0.13361,7.0,0.13362,5.0
1753520776897,09:06:16.897,AERGO/USDT:USDT,0.13349,79.0,0.13348,2.0,0.13362,12.0,0.13363,1644.0
1753520777006,09:06:17.006,AERGO/USDT:USDT,0.13349,79.0,0.13348,2.0,0.13362,402.0,0.13363,1644.0
1753520777106,09:06:17.106,AERGO/USDT:USDT,0.1335,152.0,0.13349,79.0,0.13362,402.0,0.13363,1644.0
1753520777207,09:06:17.207,AERGO/USDT:USDT,0.13349,79.0,0.13348,2.0,0.13362,402.0,0.13363,1644.0
1753520777304,09:06:17.304,AERGO/USDT:USDT,0.13349,4.0,0.13348,2.0,0.13362,402.0,0.13363,1644.0
1753520777412,09:06:17.412,AERGO/USDT:USDT,0.13349,4.0,0.13348,2.0,0.13362,402.0,0.13363,1644.0
1753520777605,09:06:17.605,AERGO/USDT:USDT,0.1335,152.0,0.13349,4.0,0.13362,402.0,0.13363,1644.0
1753520777908,09:06:17.908,AERGO/USDT:USDT,0.13351,75.0,0.1335,152.0,0.13362,402.0,0.13363,1644.0
1753520778016,09:06:18.016,AERGO/USDT:USDT,0.13351,75.0,0.1335,152.0,0.13362,12.0,0.13363,1644.0
1753520778074,09:06:18.074,AERGO/USDT:USDT,0.13351,75.0,0.1335,152.0,0.1336,747.0,0.13362,12.0
1753520778205,09:06:18.205,AERGO/USDT:USDT,0.1335,152.0,0.13349,4.0,0.13359,7.0,0.1336,747.0
1753520778242,09:06:18.242,AERGO/USDT:USDT,0.1335,152.0,0.13349,4.0,0.13359,7.0,0.1336,747.0
1753520778418,09:06:18.418,AERGO/USDT:USDT,0.1335,152.0,0.13349,4.0,0.13359,7.0,0.1336,747.0
1753520778671,09:06:18.671,AERGO/USDT:USDT,0.1335,152.0,0.13349,4.0,0.13359,7.0,0.1336,747.0
1753520778765,09:06:18.765,AERGO/USDT:USDT,0.13351,75.0,0.1335,152.0,0.13359,7.0,0.1336,747.0
1753520779051,09:06:19.051,AERGO/USDT:USDT,0.13351,75.0,0.1335,152.0,0.13359,7.0,0.1336,1569.0
1753520779188,09:06:19.188,AERGO/USDT:USDT,0.13351,75.0,0.1335,152.0,0.13359,12.0,0.1336,1569.0
1753520779244,09:06:19.244,AERGO/USDT:USDT,0.13351,75.0,0.1335,152.0,0.13359,12.0,0.1336,1569.0
1753520780095,09:06:20.095,AERGO/USDT:USDT,0.13351,75.0,0.1335,152.0,0.13359,12.0,0.1336,1569.0
1753520780172,09:06:20.172,AERGO/USDT:USDT,0.1335,152.0,0.13349,4.0,0.13359,12.0,0.1336,1569.0
1753520780366,09:06:20.366,AERGO/USDT:USDT,0.1335,152.0,0.13349,4.0,0.13359,12.0,0.1336,1569.0
1753520780529,09:06:20.529,AERGO/USDT:USDT,0.1335,152.0,0.13349,4.0,0.13359,12.0,0.1336,1569.0
1753520780531,09:06:20.531,AERGO/USDT:USDT,0.1335,152.0,0.13349,4.0,0.13359,12.0,0.1336,1569.0
1753520780807,09:06:20.807,AERGO/USDT:USDT,0.1335,152.0,0.13349,4.0,0.13359,12.0,0.1336,1569.0
1753520780855,09:06:20.855,AERGO/USDT:USDT,0.1335,152.0,0.13349,4.0,0.13359,12.0,0.1336,1569.0
1753520781302,09:06:21.302,AERGO/USDT:USDT,0.1335,152.0,0.13349,4.0,0.13359,12.0,0.1336,1569.0
1753520783033,09:06:23.033,AERGO/USDT:USDT,0.1335,152.0,0.13349,4.0,0.13359,12.0,0.1336,1569.0
1753520783149,09:06:23.149,AERGO/USDT:USDT,0.1335,152.0,0.13349,4.0,0.13359,12.0,0.1336,1569.0
1753520783339,09:06:23.339,AERGO/USDT:USDT,0.1335,152.0,0.13349,4.0,0.13359,12.0,0.1336,1569.0
1753520784123,09:06:24.123,AERGO/USDT:USDT,0.1335,152.0,0.13349,4.0,0.13359,12.0,0.1336,1569.0
1753520784174,09:06:24.174,AERGO/USDT:USDT,0.1335,152.0,0.13349,4.0,0.13359,12.0,0.1336,1569.0
1753520784904,09:06:24.904,AERGO/USDT:USDT,0.1335,152.0,0.13349,4.0,0.13359,12.0,0.1336,822.0
1753520785027,09:06:25.027,AERGO/USDT:USDT,0.13351,125.0,0.1335,152.0,0.13363,1644.0,0.13367,172.0
1753520785113,09:06:25.113,AERGO/USDT:USDT,0.13351,125.0,0.1335,152.0,0.13362,8.0,0.13363,1644.0
1753520785165,09:06:25.165,AERGO/USDT:USDT,0.13351,125.0,0.1335,152.0,0.13362,8.0,0.13363,1644.0
1753520785415,09:06:25.415,AERGO/USDT:USDT,0.13351,125.0,0.1335,152.0,0.13362,8.0,0.13363,1644.0
1753520785919,09:06:25.919,AERGO/USDT:USDT,0.13351,125.0,0.1335,152.0,0.13362,8.0,0.13369,13.0
1753520785975,09:06:25.975,AERGO/USDT:USDT,0.13351,125.0,0.1335,152.0,0.13371,151.0,0.13372,229.0
1753520786037,09:06:26.037,AERGO/USDT:USDT,0.13351,125.0,0.1335,152.0,0.13371,149.0,0.13372,229.0
1753520786132,09:06:26.132,AERGO/USDT:USDT,0.13351,125.0,0.1335,152.0,0.13371,149.0,0.13372,229.0
1753520786301,09:06:26.301,AERGO/USDT:USDT,0.13351,125.0,0.1335,152.0,0.13371,149.0,0.13372,229.0
1753520786676,09:06:26.676,AERGO/USDT:USDT,0.13351,125.0,0.1335,152.0,0.13371,149.0,0.13372,229.0
1753520787198,09:06:27.198,AERGO/USDT:USDT,0.13351,125.0,0.1335,152.0,0.13371,149.0,0.13372,229.0
1753520787275,09:06:27.275,AERGO/USDT:USDT,0.13351,125.0,0.1335,152.0,0.13371,149.0,0.13372,229.0
1753520787423,09:06:27.423,AERGO/USDT:USDT,0.13351,125.0,0.1335,152.0,0.13371,149.0,0.13372,229.0
1753520787510,09:06:27.510,AERGO/USDT:USDT,0.13351,125.0,0.1335,152.0,0.13371,149.0,0.13372,229.0
1753520787618,09:06:27.618,AERGO/USDT:USDT,0.13356,152.0,0.13351,125.0,0.13371,75.0,0.13372,229.0
1753520787636,09:06:27.636,AERGO/USDT:USDT,0.13356,152.0,0.13351,125.0,0.13371,75.0,0.13372,229.0
1753520787736,09:06:27.736,AERGO/USDT:USDT,0.13356,152.0,0.13351,125.0,0.13371,75.0,0.13372,229.0
1753520788009,09:06:28.009,AERGO/USDT:USDT,0.13356,152.0,0.13351,125.0,0.13371,75.0,0.13372,229.0
1753520788352,09:06:28.352,AERGO/USDT:USDT,0.13356,152.0,0.13351,125.0,0.13371,75.0,0.13372,229.0
1753520790216,09:06:30.216,AERGO/USDT:USDT,0.13356,152.0,0.13351,125.0,0.13371,75.0,0.13372,229.0
1753520790376,09:06:30.376,AERGO/USDT:USDT,0.13356,152.0,0.13351,125.0,0.13371,75.0,0.13372,229.0
1753520791689,09:06:31.689,AERGO/USDT:USDT,0.13356,152.0,0.13351,125.0,0.13371,75.0,0.13372,229.0
1753520791814,09:06:31.814,AERGO/USDT:USDT,0.13356,152.0,0.13351,125.0,0.13371,75.0,0.13372,229.0
1753520792004,09:06:32.004,AERGO/USDT:USDT,0.13356,152.0,0.13351,125.0,0.13371,75.0,0.13372,229.0
1753520795302,09:06:35.302,AERGO/USDT:USDT,0.13356,152.0,0.13351,125.0,0.13371,75.0,0.13372,229.0
1753520795625,09:06:35.625,AERGO/USDT:USDT,0.13356,152.0,0.13351,125.0,0.13371,75.0,0.13372,229.0
1753520796204,09:06:36.204,AERGO/USDT:USDT,0.13356,152.0,0.13351,125.0,0.13371,75.0,0.13372,229.0
1753520796669,09:06:36.669,AERGO/USDT:USDT,0.13356,152.0,0.13351,125.0,0.13371,75.0,0.13372,229.0
1753520797270,09:06:37.270,AERGO/USDT:USDT,0.13356,152.0,0.13351,125.0,0.13371,75.0,0.13372,229.0
1753520797456,09:06:37.456,AERGO/USDT:USDT,0.13356,152.0,0.13351,125.0,0.13371,247.0,0.13372,229.0
1753520797768,09:06:37.768,AERGO/USDT:USDT,0.13356,152.0,0.13351,125.0,0.13371,247.0,0.13372,229.0
1753520798022,09:06:38.022,AERGO/USDT:USDT,0.13356,152.0,0.13351,125.0,0.13371,247.0,0.13372,229.0
1753520798511,09:06:38.511,AERGO/USDT:USDT,0.13351,125.0,0.1335,152.0,0.13371,247.0,0.13372,229.0
1753520798913,09:06:38.913,AERGO/USDT:USDT,0.13351,125.0,0.1335,152.0,0.13371,247.0,0.13372,229.0
1753520799006,09:06:39.006,AERGO/USDT:USDT,0.13351,125.0,0.1335,152.0,0.13371,247.0,0.13372,229.0
1753520799327,09:06:39.327,AERGO/USDT:USDT,0.13351,125.0,0.1335,152.0,0.13371,247.0,0.13372,229.0
1753520804922,09:06:44.922,AERGO/USDT:USDT,0.13351,125.0,0.1335,152.0,0.13371,247.0,0.13372,229.0
1753520804992,09:06:44.992,AERGO/USDT:USDT,0.13351,125.0,0.1335,152.0,0.13371,321.0,0.13372,229.0
1753520805066,09:06:45.066,AERGO/USDT:USDT,0.13351,125.0,0.1335,152.0,0.13371,321.0,0.13372,229.0
1753520805192,09:06:45.192,AERGO/USDT:USDT,0.13351,125.0,0.1335,152.0,0.13371,321.0,0.13372,229.0
1753520805303,09:06:45.303,AERGO/USDT:USDT,0.13351,125.0,0.1335,152.0,0.13369,152.0,0.13371,321.0
1753520805337,09:06:45.337,AERGO/USDT:USDT,0.13351,125.0,0.1335,152.0,0.13369,152.0,0.13371,321.0
1753520805452,09:06:45.452,AERGO/USDT:USDT,0.13351,125.0,0.1335,152.0,0.13369,152.0,0.13371,321.0
1753520806139,09:06:46.139,AERGO/USDT:USDT,0.13351,125.0,0.1335,152.0,0.13369,152.0,0.13371,321.0
1753520806612,09:06:46.612,AERGO/USDT:USDT,0.13351,125.0,0.1335,152.0,0.13369,152.0,0.13371,321.0
1753520809727,09:06:49.727,AERGO/USDT:USDT,0.13351,125.0,0.1335,152.0,0.13369,152.0,0.13371,321.0
1753520809731,09:06:49.731,AERGO/USDT:USDT,0.13351,125.0,0.1335,152.0,0.13369,152.0,0.13371,321.0
1753520809837,09:06:49.837,AERGO/USDT:USDT,0.13351,125.0,0.1335,152.0,0.13369,152.0,0.13371,321.0
1753520810206,09:06:50.206,AERGO/USDT:USDT,0.13351,125.0,0.1335,152.0,0.13371,321.0,0.13372,242.0
1753520810235,09:06:50.235,AERGO/USDT:USDT,0.13351,125.0,0.1335,152.0,0.13371,321.0,0.13372,242.0
1753520810410,09:06:50.410,AERGO/USDT:USDT,0.13351,50.0,0.1335,152.0,0.13369,152.0,0.13371,321.0
1753520811412,09:06:51.412,AERGO/USDT:USDT,0.13351,50.0,0.1335,152.0,0.13369,152.0,0.13371,321.0
1753520812662,09:06:52.662,AERGO/USDT:USDT,0.13351,50.0,0.1335,152.0,0.13369,152.0,0.13371,321.0
1753520813112,09:06:53.112,AERGO/USDT:USDT,0.13351,50.0,0.1335,152.0,0.13369,152.0,0.13371,321.0
1753520813222,09:06:53.222,AERGO/USDT:USDT,0.13351,50.0,0.1335,152.0,0.13369,152.0,0.13371,321.0
1753520813242,09:06:53.242,AERGO/USDT:USDT,0.13351,50.0,0.1335,152.0,0.13369,152.0,0.13371,321.0
1753520813502,09:06:53.502,AERGO/USDT:USDT,0.13351,50.0,0.1335,152.0,0.13369,152.0,0.13371,321.0
1753520813821,09:06:53.821,AERGO/USDT:USDT,0.13351,50.0,0.1335,152.0,0.13369,152.0,0.13371,321.0
1753520813866,09:06:53.866,AERGO/USDT:USDT,0.13351,50.0,0.1335,152.0,0.13369,152.0,0.13371,321.0
1753520813963,09:06:53.963,AERGO/USDT:USDT,0.13351,50.0,0.1335,152.0,0.13369,152.0,0.13371,321.0
1753520814302,09:06:54.302,AERGO/USDT:USDT,0.13351,50.0,0.1335,152.0,0.13369,152.0,0.13371,321.0
1753520814342,09:06:54.342,AERGO/USDT:USDT,0.13351,50.0,0.1335,152.0,0.13369,152.0,0.13371,321.0
1753520814708,09:06:54.708,AERGO/USDT:USDT,0.13351,50.0,0.1335,152.0,0.13369,152.0,0.13371,321.0
1753520814815,09:06:54.815,AERGO/USDT:USDT,0.13351,50.0,0.1335,152.0,0.13368,172.0,0.13369,152.0
1753520814838,09:06:54.838,AERGO/USDT:USDT,0.13351,50.0,0.1335,152.0,0.13368,172.0,0.13369,152.0
1753520814975,09:06:54.975,AERGO/USDT:USDT,0.13351,50.0,0.1335,152.0,0.13368,172.0,0.13369,152.0
1753520815205,09:06:55.205,AERGO/USDT:USDT,0.13351,50.0,0.1335,152.0,0.13368,172.0,0.13369,152.0
1753520815325,09:06:55.325,AERGO/USDT:USDT,0.13351,50.0,0.1335,152.0,0.13367,186.0,0.13368,620.0
1753520815336,09:06:55.336,AERGO/USDT:USDT,0.13351,50.0,0.1335,152.0,0.13367,188.0,0.13368,620.0
1753520815568,09:06:55.568,AERGO/USDT:USDT,0.13351,50.0,0.1335,152.0,0.13367,188.0,0.13368,620.0
1753520816393,09:06:56.393,AERGO/USDT:USDT,0.13351,50.0,0.1335,152.0,0.13367,188.0,0.13368,620.0
1753520816810,09:06:56.810,AERGO/USDT:USDT,0.13351,50.0,0.1335,152.0,0.13367,188.0,0.13368,620.0
1753520819992,09:06:59.992,AERGO/USDT:USDT,0.13351,50.0,0.1335,152.0,0.13367,2.0,0.13368,172.0
1753520820121,09:07:00.121,AERGO/USDT:USDT,0.13351,50.0,0.1335,152.0,0.13368,172.0,0.13369,152.0
1753520820446,09:07:00.446,AERGO/USDT:USDT,0.13351,50.0,0.1335,152.0,0.13368,172.0,0.13369,152.0
1753520821012,09:07:01.012,AERGO/USDT:USDT,0.13351,50.0,0.1335,152.0,0.13369,324.0,0.13371,149.0
1753520821075,09:07:01.075,AERGO/USDT:USDT,0.13351,50.0,0.1335,152.0,0.13366,149.0,0.13369,324.0
1753520821136,09:07:01.136,AERGO/USDT:USDT,0.13351,50.0,0.1335,152.0,0.13366,149.0,0.13369,324.0
1753520821278,09:07:01.278,AERGO/USDT:USDT,0.13351,50.0,0.1335,152.0,0.13366,149.0,0.13369,324.0
1753520823185,09:07:03.185,AERGO/USDT:USDT,0.13351,50.0,0.1335,152.0,0.13369,324.0,0.13371,151.0
1753520823308,09:07:03.308,AERGO/USDT:USDT,0.13351,50.0,0.1335,152.0,0.13369,324.0,0.13371,149.0
1753520826222,09:07:06.222,AERGO/USDT:USDT,0.13351,50.0,0.1335,152.0,0.13369,324.0,0.13371,149.0
1753520829300,09:07:09.300,AERGO/USDT:USDT,0.13351,50.0,0.1335,152.0,0.13369,324.0,0.13371,75.0
1753520829351,09:07:09.351,AERGO/USDT:USDT,0.13351,50.0,0.1335,152.0,0.13369,324.0,0.1337,74.0
1753520829628,09:07:09.628,AERGO/USDT:USDT,0.13351,50.0,0.1335,152.0,0.13369,324.0,0.1337,74.0
1753520829819,09:07:09.819,AERGO/USDT:USDT,0.13351,50.0,0.1335,152.0,0.13369,324.0,0.1337,74.0
1753520829840,09:07:09.840,AERGO/USDT:USDT,0.13351,50.0,0.1335,152.0,0.13369,324.0,0.1337,74.0
1753520830177,09:07:10.177,AERGO/USDT:USDT,0.13351,50.0,0.1335,152.0,0.13369,324.0,0.1337,74.0
1753520830592,09:07:10.592,AERGO/USDT:USDT,0.13351,50.0,0.1335,152.0,0.13369,324.0,0.1337,74.0
1753520830657,09:07:10.657,AERGO/USDT:USDT,0.13351,50.0,0.1335,152.0,0.13369,324.0,0.1337,74.0
1753520831203,09:07:11.203,AERGO/USDT:USDT,0.13351,50.0,0.1335,152.0,0.13369,324.0,0.1337,74.0
1753520832212,09:07:12.212,AERGO/USDT:USDT,0.13351,50.0,0.1335,152.0,0.13369,324.0,0.1337,74.0
1753520833923,09:07:13.923,AERGO/USDT:USDT,0.13351,50.0,0.1335,152.0,0.13369,324.0,0.1337,74.0
1753520834007,09:07:14.007,AERGO/USDT:USDT,0.13351,50.0,0.1335,152.0,0.13369,324.0,0.1337,74.0
1753520834227,09:07:14.227,AERGO/USDT:USDT,0.13351,50.0,0.1335,152.0,0.13369,324.0,0.1337,74.0
1753520834322,09:07:14.322,AERGO/USDT:USDT,0.13351,50.0,0.1335,152.0,0.13369,324.0,0.1337,74.0
1753520834336,09:07:14.336,AERGO/USDT:USDT,0.13351,50.0,0.1335,152.0,0.13369,324.0,0.1337,74.0
1753520838151,09:07:18.151,AERGO/USDT:USDT,0.13351,50.0,0.1335,152.0,0.13369,324.0,0.1337,74.0
1753520838263,09:07:18.263,AERGO/USDT:USDT,0.13351,50.0,0.1335,152.0,0.13369,324.0,0.1337,74.0
1753520838342,09:07:18.342,AERGO/USDT:USDT,0.13351,50.0,0.1335,152.0,0.13369,324.0,0.1337,74.0
1753520838688,09:07:18.688,AERGO/USDT:USDT,0.13351,50.0,0.1335,152.0,0.13369,324.0,0.1337,74.0
1753520839524,09:07:19.524,AERGO/USDT:USDT,0.13351,50.0,0.1335,152.0,0.13369,324.0,0.1337,74.0
1753520839943,09:07:19.943,AERGO/USDT:USDT,0.13351,50.0,0.1335,152.0,0.13369,324.0,0.1337,74.0
1753520842728,09:07:22.728,AERGO/USDT:USDT,0.13351,50.0,0.1335,152.0,0.13369,324.0,0.1337,74.0
1753520842790,09:07:22.790,AERGO/USDT:USDT,0.13351,50.0,0.1335,152.0,0.13369,324.0,0.1337,74.0
1753520842844,09:07:22.844,AERGO/USDT:USDT,0.13351,50.0,0.1335,152.0,0.13369,324.0,0.1337,74.0
1753520843195,09:07:23.195,AERGO/USDT:USDT,0.13351,50.0,0.1335,152.0,0.13369,324.0,0.1337,74.0
1753520845070,09:07:25.070,AERGO/USDT:USDT,0.13351,50.0,0.1335,152.0,0.13369,324.0,0.1337,74.0
1753520845225,09:07:25.225,AERGO/USDT:USDT,0.13351,50.0,0.1335,152.0,0.13369,324.0,0.1337,74.0
1753520846888,09:07:26.888,AERGO/USDT:USDT,0.13351,50.0,0.1335,152.0,0.13369,324.0,0.1337,74.0
1753520847218,09:07:27.218,AERGO/USDT:USDT,0.13351,50.0,0.1335,152.0,0.13369,324.0,0.1337,74.0
1753520847327,09:07:27.327,AERGO/USDT:USDT,0.13351,50.0,0.13347,50.0,0.13369,324.0,0.1337,74.0
1753520847376,09:07:27.376,AERGO/USDT:USDT,0.13351,50.0,0.13347,50.0,0.13369,324.0,0.1337,74.0
1753520847497,09:07:27.497,AERGO/USDT:USDT,0.13351,50.0,0.13347,50.0,0.13369,324.0,0.1337,74.0
1753520847655,09:07:27.655,AERGO/USDT:USDT,0.13351,50.0,0.13347,50.0,0.13369,324.0,0.1337,74.0
1753520847761,09:07:27.761,AERGO/USDT:USDT,0.13351,50.0,0.13347,50.0,0.13369,324.0,0.1337,74.0
1753520847910,09:07:27.910,AERGO/USDT:USDT,0.13351,50.0,0.13347,50.0,0.13369,324.0,0.1337,74.0
1753520848014,09:07:28.014,AERGO/USDT:USDT,0.13345,279.0,0.13344,152.0,0.13367,74.0,0.13368,50.0
1753520848083,09:07:28.083,AERGO/USDT:USDT,0.13345,279.0,0.13344,152.0,0.13367,74.0,0.13368,50.0
1753520848309,09:07:28.309,AERGO/USDT:USDT,0.13345,279.0,0.13344,152.0,0.13367,74.0,0.13368,50.0
1753520848503,09:07:28.503,AERGO/USDT:USDT,0.13345,279.0,0.13344,152.0,0.13367,74.0,0.13368,50.0
1753520849192,09:07:29.192,AERGO/USDT:USDT,0.13345,279.0,0.13344,152.0,0.13367,74.0,0.13368,50.0
1753520849322,09:07:29.322,AERGO/USDT:USDT,0.13345,279.0,0.13344,152.0,0.13367,74.0,0.13368,50.0
1753520850449,09:07:30.449,AERGO/USDT:USDT,0.13345,279.0,0.13344,152.0,0.13367,74.0,0.13368,50.0
1753520851713,09:07:31.713,AERGO/USDT:USDT,0.13345,279.0,0.13344,152.0,0.13367,74.0,0.13368,50.0
1753520851782,09:07:31.782,AERGO/USDT:USDT,0.13345,279.0,0.13344,152.0,0.13367,74.0,0.13368,50.0
1753520851841,09:07:31.841,AERGO/USDT:USDT,0.13345,279.0,0.13344,152.0,0.13367,74.0,0.13368,50.0
1753520852186,09:07:32.186,AERGO/USDT:USDT,0.13345,279.0,0.13344,152.0,0.13367,74.0,0.13368,50.0
1753520852471,09:07:32.471,AERGO/USDT:USDT,0.13345,279.0,0.13344,152.0,0.13367,246.0,0.13368,50.0
1753520855326,09:07:35.326,AERGO/USDT:USDT,0.13348,125.0,0.13345,279.0,0.13367,246.0,0.13368,50.0
1753520855419,09:07:35.419,AERGO/USDT:USDT,0.13348,125.0,0.13345,279.0,0.13367,246.0,0.13368,50.0
1753520855811,09:07:35.811,AERGO/USDT:USDT,0.13348,125.0,0.13345,279.0,0.13367,246.0,0.13368,50.0
1753520855868,09:07:35.868,AERGO/USDT:USDT,0.13348,125.0,0.13345,279.0,0.13367,246.0,0.13368,50.0
1753520856005,09:07:36.005,AERGO/USDT:USDT,0.13348,125.0,0.13345,279.0,0.13367,172.0,0.13368,124.0
1753520856241,09:07:36.241,AERGO/USDT:USDT,0.13348,125.0,0.13345,279.0,0.13367,172.0,0.13368,124.0
1753520857552,09:07:37.552,AERGO/USDT:USDT,0.13348,125.0,0.13345,279.0,0.13367,172.0,0.13368,124.0
1753520857652,09:07:37.652,AERGO/USDT:USDT,0.13348,125.0,0.13345,279.0,0.13367,172.0,0.13368,124.0
1753520860920,09:07:40.920,AERGO/USDT:USDT,0.13348,125.0,0.13345,279.0,0.13367,172.0,0.13368,124.0
1753520860997,09:07:40.997,AERGO/USDT:USDT,0.13348,125.0,0.13345,279.0,0.13367,172.0,0.13368,124.0
1753520861080,09:07:41.080,AERGO/USDT:USDT,0.13348,125.0,0.13345,279.0,0.13367,172.0,0.13368,124.0
1753520861227,09:07:41.227,AERGO/USDT:USDT,0.13348,125.0,0.13345,279.0,0.13367,172.0,0.13368,124.0
1753520861377,09:07:41.377,AERGO/USDT:USDT,0.13348,125.0,0.13345,279.0,0.13367,172.0,0.13368,124.0
1753520861527,09:07:41.527,AERGO/USDT:USDT,0.13348,50.0,0.13345,279.0,0.13367,172.0,0.13368,124.0
1753520861586,09:07:41.586,AERGO/USDT:USDT,0.13348,50.0,0.13345,279.0,0.13367,172.0,0.13368,124.0
1753520861724,09:07:41.724,AERGO/USDT:USDT,0.13348,50.0,0.13345,279.0,0.13367,172.0,0.13368,124.0
1753520861758,09:07:41.758,AERGO/USDT:USDT,0.13348,50.0,0.13345,279.0,0.13367,172.0,0.13368,124.0
1753520862016,09:07:42.016,AERGO/USDT:USDT,0.13348,50.0,0.13345,279.0,0.13367,172.0,0.13368,124.0
1753520862041,09:07:42.041,AERGO/USDT:USDT,0.13348,50.0,0.13345,279.0,0.13367,172.0,0.13368,124.0
1753520862435,09:07:42.435,AERGO/USDT:USDT,0.13348,50.0,0.13345,279.0,0.13367,172.0,0.13368,124.0
1753520864073,09:07:44.073,AERGO/USDT:USDT,0.13348,50.0,0.13345,279.0,0.13367,172.0,0.13368,124.0
1753520864267,09:07:44.267,AERGO/USDT:USDT,0.13348,50.0,0.13345,279.0,0.13367,172.0,0.13368,124.0
1753520865248,09:07:45.248,AERGO/USDT:USDT,0.13348,50.0,0.13345,279.0,0.13367,172.0,0.13368,124.0
1753520866991,09:07:46.991,AERGO/USDT:USDT,0.13348,50.0,0.13345,279.0,0.13367,172.0,0.13368,124.0
1753520867047,09:07:47.047,AERGO/USDT:USDT,0.13348,50.0,0.13345,279.0,0.13367,172.0,0.13368,124.0
1753520867287,09:07:47.287,AERGO/USDT:USDT,0.13348,50.0,0.13345,279.0,0.13367,172.0,0.13368,124.0
1753520867339,09:07:47.339,AERGO/USDT:USDT,0.13348,50.0,0.13345,279.0,0.13367,172.0,0.13368,124.0
1753520867704,09:07:47.704,AERGO/USDT:USDT,0.13348,50.0,0.13345,279.0,0.13367,172.0,0.13368,124.0
1753520869007,09:07:49.007,AERGO/USDT:USDT,0.13348,50.0,0.13345,279.0,0.13367,172.0,0.13368,124.0
1753520870636,09:07:50.636,AERGO/USDT:USDT,0.13348,50.0,0.13345,279.0,0.13367,172.0,0.13368,124.0
1753520870826,09:07:50.826,AERGO/USDT:USDT,0.13348,50.0,0.13345,279.0,0.13367,172.0,0.13368,124.0
1753520870931,09:07:50.931,AERGO/USDT:USDT,0.13348,50.0,0.13345,279.0,0.13367,172.0,0.13368,124.0
1753520872924,09:07:52.924,AERGO/USDT:USDT,0.13348,50.0,0.13345,279.0,0.13367,172.0,0.13368,124.0
1753520872954,09:07:52.954,AERGO/USDT:USDT,0.13348,50.0,0.13345,279.0,0.13367,172.0,0.13368,124.0
1753520881024,09:08:01.024,AERGO/USDT:USDT,0.13348,50.0,0.13345,279.0,0.13367,172.0,0.13368,124.0
1753520881484,09:08:01.484,AERGO/USDT:USDT,0.13348,50.0,0.13345,279.0,0.13367,172.0,0.13368,124.0
1753520881598,09:08:01.598,AERGO/USDT:USDT,0.13348,50.0,0.13345,279.0,0.13367,172.0,0.13368,124.0
1753520881654,09:08:01.654,AERGO/USDT:USDT,0.13348,50.0,0.13345,279.0,0.13367,172.0,0.13368,124.0
1753520881807,09:08:01.807,AERGO/USDT:USDT,0.13348,50.0,0.13345,279.0,0.13367,172.0,0.13368,124.0
1753520881881,09:08:01.881,AERGO/USDT:USDT,0.13348,50.0,0.13345,279.0,0.13367,172.0,0.13368,124.0
1753520881981,09:08:01.981,AERGO/USDT:USDT,0.13348,50.0,0.13345,279.0,0.13367,172.0,0.13368,124.0
1753520882219,09:08:02.219,AERGO/USDT:USDT,0.13348,50.0,0.13345,279.0,0.13367,172.0,0.13368,124.0
1753520882254,09:08:02.254,AERGO/USDT:USDT,0.13348,50.0,0.13345,279.0,0.13367,172.0,0.13368,124.0
1753520883112,09:08:03.112,AERGO/USDT:USDT,0.13348,50.0,0.13345,279.0,0.13367,172.0,0.13368,124.0
1753520886257,09:08:06.257,AERGO/USDT:USDT,0.13348,50.0,0.13345,279.0,0.13367,172.0,0.13368,124.0
1753520887118,09:08:07.118,AERGO/USDT:USDT,0.13348,50.0,0.13345,279.0,0.13367,246.0,0.13368,50.0
1753520887183,09:08:07.183,AERGO/USDT:USDT,0.13348,50.0,0.13345,279.0,0.13367,246.0,0.13368,50.0
1753520887457,09:08:07.457,AERGO/USDT:USDT,0.13348,50.0,0.13345,279.0,0.13367,246.0,0.13368,50.0
1753520888004,09:08:08.004,AERGO/USDT:USDT,0.13348,50.0,0.13345,279.0,0.13367,246.0,0.13368,50.0
1753520888720,09:08:08.720,AERGO/USDT:USDT,0.13348,50.0,0.13345,279.0,0.13367,246.0,0.13368,50.0
1753520888743,09:08:08.743,AERGO/USDT:USDT,0.13348,50.0,0.13345,279.0,0.13367,246.0,0.13368,50.0
1753520889112,09:08:09.112,AERGO/USDT:USDT,0.13348,50.0,0.13345,279.0,0.13367,246.0,0.13368,50.0
1753520889221,09:08:09.221,AERGO/USDT:USDT,0.13348,50.0,0.13345,279.0,0.13367,246.0,0.13368,50.0
1753520889521,09:08:09.521,AERGO/USDT:USDT,0.13348,50.0,0.13345,279.0,0.13367,246.0,0.13368,50.0
1753520889585,09:08:09.585,AERGO/USDT:USDT,0.13348,50.0,0.13345,279.0,0.13367,246.0,0.13368,50.0
1753520889928,09:08:09.928,AERGO/USDT:USDT,0.13348,50.0,0.13345,279.0,0.13367,246.0,0.13368,50.0
1753520889980,09:08:09.980,AERGO/USDT:USDT,0.13348,50.0,0.13345,279.0,0.13367,246.0,0.13368,50.0
1753520890418,09:08:10.418,AERGO/USDT:USDT,0.13348,50.0,0.13345,279.0,0.13367,246.0,0.13368,50.0
1753520890443,09:08:10.443,AERGO/USDT:USDT,0.13348,50.0,0.13345,279.0,0.13367,246.0,0.13368,50.0
1753520890591,09:08:10.591,AERGO/USDT:USDT,0.13348,50.0,0.13345,279.0,0.13366,149.0,0.13367,246.0
1753520890752,09:08:10.752,AERGO/USDT:USDT,0.13348,50.0,0.13345,279.0,0.13366,149.0,0.13367,246.0
1753520890885,09:08:10.885,AERGO/USDT:USDT,0.13348,50.0,0.13345,279.0,0.13366,149.0,0.13367,246.0
1753520891574,09:08:11.574,AERGO/USDT:USDT,0.13348,50.0,0.13345,279.0,0.13366,149.0,0.13367,246.0
1753520891712,09:08:11.712,AERGO/USDT:USDT,0.13348,50.0,0.13345,279.0,0.13366,149.0,0.13367,246.0
1753520891993,09:08:11.993,AERGO/USDT:USDT,0.13348,50.0,0.13345,279.0,0.13366,149.0,0.13367,246.0
1753520892161,09:08:12.161,AERGO/USDT:USDT,0.13348,50.0,0.13345,279.0,0.13365,172.0,0.13366,149.0
1753520892420,09:08:12.420,AERGO/USDT:USDT,0.13348,50.0,0.13345,279.0,0.13365,172.0,0.13366,149.0
1753520892491,09:08:12.491,AERGO/USDT:USDT,0.13348,50.0,0.13345,279.0,0.13365,172.0,0.13366,149.0
1753520892602,09:08:12.602,AERGO/USDT:USDT,0.13348,50.0,0.13345,279.0,0.13365,172.0,0.13366,149.0
1753520892663,09:08:12.663,AERGO/USDT:USDT,0.13348,50.0,0.13345,279.0,0.13365,172.0,0.13366,149.0
1753520892853,09:08:12.853,AERGO/USDT:USDT,0.13348,50.0,0.13345,279.0,0.13365,172.0,0.13366,149.0
1753520893508,09:08:13.508,AERGO/USDT:USDT,0.13348,50.0,0.13345,279.0,0.13365,172.0,0.13367,74.0
1753520893601,09:08:13.601,AERGO/USDT:USDT,0.13348,50.0,0.13345,279.0,0.13364,149.0,0.13365,172.0
1753520893653,09:08:13.653,AERGO/USDT:USDT,0.13348,50.0,0.13345,279.0,0.13364,149.0,0.13365,172.0
1753520893736,09:08:13.736,AERGO/USDT:USDT,0.13348,50.0,0.13345,279.0,0.13364,149.0,0.13365,172.0
1753520893856,09:08:13.856,AERGO/USDT:USDT,0.13348,50.0,0.13345,279.0,0.13364,149.0,0.13365,172.0
1753520894079,09:08:14.079,AERGO/USDT:USDT,0.13348,50.0,0.13345,279.0,0.13364,149.0,0.13365,172.0
1753520894494,09:08:14.494,AERGO/USDT:USDT,0.13348,50.0,0.13345,279.0,0.13364,149.0,0.13365,172.0
1753520895112,09:08:15.112,AERGO/USDT:USDT,0.13348,50.0,0.13345,279.0,0.13364,149.0,0.13365,172.0
1753520895165,09:08:15.165,AERGO/USDT:USDT,0.13348,50.0,0.13345,279.0,0.13364,149.0,0.13365,172.0
1753520895319,09:08:15.319,AERGO/USDT:USDT,0.13348,50.0,0.13345,279.0,0.13364,149.0,0.13365,172.0
1753520895742,09:08:15.742,AERGO/USDT:USDT,0.13348,50.0,0.13345,279.0,0.13364,149.0,0.13365,172.0
1753520896004,09:08:16.004,AERGO/USDT:USDT,0.13348,50.0,0.13345,279.0,0.13364,149.0,0.13365,172.0
1753520896859,09:08:16.859,AERGO/USDT:USDT,0.13348,50.0,0.13345,279.0,0.13365,172.0,0.13367,74.0
1753520896966,09:08:16.966,AERGO/USDT:USDT,0.13348,50.0,0.13345,279.0,0.13365,172.0,0.13367,74.0
1753520897357,09:08:17.357,AERGO/USDT:USDT,0.13348,50.0,0.13345,279.0,0.13365,172.0,0.13367,74.0
1753520897839,09:08:17.839,AERGO/USDT:USDT,0.13348,50.0,0.13345,279.0,0.13365,172.0,0.13367,74.0
1753520898683,09:08:18.683,AERGO/USDT:USDT,0.13348,50.0,0.13345,279.0,0.13365,172.0,0.13367,74.0
1753520898811,09:08:18.811,AERGO/USDT:USDT,0.13348,50.0,0.13345,279.0,0.13367,246.0,0.13368,50.0
1753520899726,09:08:19.726,AERGO/USDT:USDT,0.13348,50.0,0.13345,279.0,0.13367,246.0,0.13368,50.0
1753520899786,09:08:19.786,AERGO/USDT:USDT,0.13348,50.0,0.13345,279.0,0.13367,246.0,0.13368,50.0
1753520902154,09:08:22.154,AERGO/USDT:USDT,0.13348,50.0,0.13345,279.0,0.13367,246.0,0.13368,50.0
1753520902249,09:08:22.249,AERGO/USDT:USDT,0.13348,50.0,0.13345,279.0,0.13367,246.0,0.13368,50.0
1753520902613,09:08:22.613,AERGO/USDT:USDT,0.13348,50.0,0.13345,279.0,0.13367,246.0,0.13368,50.0
1753520904611,09:08:24.611,AERGO/USDT:USDT,0.13348,50.0,0.13345,279.0,0.13367,246.0,0.13368,50.0
1753520905098,09:08:25.098,AERGO/USDT:USDT,0.13348,50.0,0.13345,279.0,0.13367,246.0,0.13368,50.0
1753520905899,09:08:25.899,AERGO/USDT:USDT,0.13348,50.0,0.13345,279.0,0.13367,246.0,0.13368,50.0
1753520906234,09:08:26.234,AERGO/USDT:USDT,0.13348,50.0,0.13345,279.0,0.13367,246.0,0.13368,50.0
1753520907256,09:08:27.256,AERGO/USDT:USDT,0.13348,50.0,0.13345,279.0,0.13367,246.0,0.13368,50.0
1753520909220,09:08:29.220,AERGO/USDT:USDT,0.13348,50.0,0.13345,279.0,0.13367,246.0,0.13368,50.0
1753520909234,09:08:29.234,AERGO/USDT:USDT,0.13348,50.0,0.13345,279.0,0.13367,246.0,0.13368,50.0
1753520910192,09:08:30.192,AERGO/USDT:USDT,0.1335,152.0,0.13349,75.0,0.13367,246.0,0.13368,50.0
1753520910272,09:08:30.272,AERGO/USDT:USDT,0.1335,152.0,0.13349,75.0,0.13367,246.0,0.13368,50.0
1753520910335,09:08:30.335,AERGO/USDT:USDT,0.1335,152.0,0.13349,75.0,0.13367,246.0,0.13368,50.0
1753520910504,09:08:30.504,AERGO/USDT:USDT,0.13345,279.0,0.13344,152.0,0.13367,246.0,0.13368,50.0
1753520910540,09:08:30.540,AERGO/USDT:USDT,0.13345,279.0,0.13344,152.0,0.13367,246.0,0.13368,63.0
1753520910676,09:08:30.676,AERGO/USDT:USDT,0.13345,279.0,0.13344,152.0,0.13367,246.0,0.13368,63.0
1753520911171,09:08:31.171,AERGO/USDT:USDT,0.13348,75.0,0.13345,279.0,0.13367,246.0,0.13368,50.0
1753520911490,09:08:31.490,AERGO/USDT:USDT,0.13348,75.0,0.13345,279.0,0.13367,246.0,0.13368,50.0
1753520913229,09:08:33.229,AERGO/USDT:USDT,0.13348,75.0,0.13345,279.0,0.13367,246.0,0.13368,50.0
1753520913758,09:08:33.758,AERGO/USDT:USDT,0.13348,75.0,0.13345,279.0,0.13367,246.0,0.13368,50.0
1753520914305,09:08:34.305,AERGO/USDT:USDT,0.13348,75.0,0.13345,279.0,0.13367,246.0,0.13368,50.0
1753520917951,09:08:37.951,AERGO/USDT:USDT,0.13348,75.0,0.13345,279.0,0.13367,246.0,0.13368,50.0
1753520918040,09:08:38.040,AERGO/USDT:USDT,0.13348,75.0,0.13345,279.0,0.13367,246.0,0.13368,50.0
1753520918334,09:08:38.334,AERGO/USDT:USDT,0.13348,75.0,0.13345,279.0,0.13367,246.0,0.13368,50.0
1753520922012,09:08:42.012,AERGO/USDT:USDT,0.13348,75.0,0.13345,279.0,0.13367,172.0,0.13368,124.0
1753520922370,09:08:42.370,AERGO/USDT:USDT,0.13348,75.0,0.13345,279.0,0.13367,172.0,0.13368,124.0
1753520923130,09:08:43.130,AERGO/USDT:USDT,0.13348,75.0,0.13345,279.0,0.13367,246.0,0.13368,50.0
1753520929305,09:08:49.305,AERGO/USDT:USDT,0.1335,152.0,0.13348,75.0,0.13367,246.0,0.13368,50.0
1753520929370,09:08:49.370,AERGO/USDT:USDT,0.1335,152.0,0.13348,75.0,0.13367,246.0,0.13368,50.0
1753520929513,09:08:49.513,AERGO/USDT:USDT,0.1335,143.0,0.13348,75.0,0.13367,246.0,0.13368,50.0
1753520929619,09:08:49.619,AERGO/USDT:USDT,0.13351,11.0,0.1335,143.0,0.13366,2.0,0.13367,246.0
1753520929726,09:08:49.726,AERGO/USDT:USDT,0.13351,11.0,0.1335,143.0,0.13366,2.0,0.13367,246.0
1753520930003,09:08:50.003,AERGO/USDT:USDT,0.13351,11.0,0.1335,143.0,0.13366,2.0,0.13367,172.0
1753520930843,09:08:50.843,AERGO/USDT:USDT,0.13351,11.0,0.1335,143.0,0.13366,2.0,0.13367,172.0
1753520931849,09:08:51.849,AERGO/USDT:USDT,0.13351,11.0,0.13348,75.0,0.13366,2.0,0.13367,172.0
1753520931936,09:08:51.936,AERGO/USDT:USDT,0.13349,11.0,0.13348,75.0,0.13366,2.0,0.13367,172.0
1753520932065,09:08:52.065,AERGO/USDT:USDT,0.13349,11.0,0.13348,75.0,0.13366,2.0,0.13367,172.0
1753520932499,09:08:52.499,AERGO/USDT:USDT,0.1335,152.0,0.13349,11.0,0.13366,2.0,0.13368,124.0
1753520932539,09:08:52.539,AERGO/USDT:USDT,0.13351,11.0,0.1335,152.0,0.13367,2.0,0.13368,124.0
1753520932703,09:08:52.703,AERGO/USDT:USDT,0.13351,11.0,0.13348,75.0,0.13367,2.0,0.13368,124.0
1753520932805,09:08:52.805,AERGO/USDT:USDT,0.13349,11.0,0.13345,279.0,0.13367,2.0,0.13368,124.0
1753520932924,09:08:52.924,AERGO/USDT:USDT,0.13346,11.0,0.13345,279.0,0.13367,2.0,0.13368,124.0
1753520933026,09:08:53.026,AERGO/USDT:USDT,0.13348,75.0,0.13346,11.0,0.13367,52.0,0.13368,124.0
1753520933039,09:08:53.039,AERGO/USDT:USDT,0.13349,11.0,0.13348,75.0,0.13367,52.0,0.13368,124.0
1753520933356,09:08:53.356,AERGO/USDT:USDT,0.1335,152.0,0.13349,11.0,0.13367,52.0,0.13368,124.0
1753520933439,09:08:53.439,AERGO/USDT:USDT,0.13351,11.0,0.1335,152.0,0.13367,52.0,0.13368,124.0
1753520933775,09:08:53.775,AERGO/USDT:USDT,0.13351,11.0,0.1335,152.0,0.13367,52.0,0.13368,124.0
1753520933846,09:08:53.846,AERGO/USDT:USDT,0.13351,11.0,0.1335,152.0,0.13367,52.0,0.13368,124.0
1753520934188,09:08:54.188,AERGO/USDT:USDT,0.13351,11.0,0.1335,152.0,0.13367,52.0,0.13368,124.0
1753520934613,09:08:54.613,AERGO/USDT:USDT,0.13351,11.0,0.1335,152.0,0.13367,52.0,0.13368,124.0
1753520934920,09:08:54.920,AERGO/USDT:USDT,0.13351,11.0,0.1335,152.0,0.13367,52.0,0.13368,124.0
1753520935892,09:08:55.892,AERGO/USDT:USDT,0.13351,11.0,0.1335,152.0,0.13367,52.0,0.13368,124.0
1753520936179,09:08:56.179,AERGO/USDT:USDT,0.13351,11.0,0.1335,152.0,0.13367,52.0,0.13368,124.0
1753520936241,09:08:56.241,AERGO/USDT:USDT,0.13351,11.0,0.1335,152.0,0.13367,52.0,0.13368,124.0
1753520936346,09:08:56.346,AERGO/USDT:USDT,0.13351,15.0,0.1335,154.0,0.13363,149.0,0.13367,52.0
1753520936435,09:08:56.435,AERGO/USDT:USDT,0.13351,15.0,0.1335,154.0,0.13362,2.0,0.13363,149.0
1753520936539,09:08:56.539,AERGO/USDT:USDT,0.13351,15.0,0.1335,154.0,0.13362,2.0,0.13363,149.0
1753520936635,09:08:56.635,AERGO/USDT:USDT,0.13351,15.0,0.1335,154.0,0.13362,2.0,0.13363,149.0
1753520936739,09:08:56.739,AERGO/USDT:USDT,0.13351,15.0,0.1335,154.0,0.13362,2.0,0.13367,50.0
1753520936835,09:08:56.835,AERGO/USDT:USDT,0.13351,15.0,0.1335,154.0,0.13366,2.0,0.13367,50.0
1753520937118,09:08:57.118,AERGO/USDT:USDT,0.13351,15.0,0.1335,154.0,0.13366,2.0,0.13367,50.0
1753520937180,09:08:57.180,AERGO/USDT:USDT,0.13351,15.0,0.1335,154.0,0.13366,2.0,0.13367,50.0
1753520937519,09:08:57.519,AERGO/USDT:USDT,0.13351,15.0,0.1335,154.0,0.13366,2.0,0.13367,50.0
1753520939511,09:08:59.511,AERGO/USDT:USDT,0.13351,15.0,0.1335,154.0,0.13366,2.0,0.13367,50.0
1753520939532,09:08:59.532,AERGO/USDT:USDT,0.13351,15.0,0.1335,154.0,0.13366,2.0,0.13367,50.0
1753520940100,09:09:00.100,AERGO/USDT:USDT,0.13351,15.0,0.1335,154.0,0.13366,2.0,0.13367,50.0
1753520940192,09:09:00.192,AERGO/USDT:USDT,0.13351,15.0,0.1335,154.0,0.13366,2.0,0.13367,50.0
1753520940249,09:09:00.249,AERGO/USDT:USDT,0.13351,15.0,0.1335,154.0,0.13366,2.0,0.13367,50.0
1753520941381,09:09:01.381,AERGO/USDT:USDT,0.13351,15.0,0.1335,154.0,0.13366,2.0,0.13367,50.0
1753520941441,09:09:01.441,AERGO/USDT:USDT,0.13351,15.0,0.1335,154.0,0.13366,2.0,0.13367,50.0
1753520941560,09:09:01.560,AERGO/USDT:USDT,0.13351,15.0,0.1335,154.0,0.13366,2.0,0.13367,50.0
1753520942611,09:09:02.611,AERGO/USDT:USDT,0.13351,15.0,0.1335,154.0,0.13366,2.0,0.13367,50.0
1753520942690,09:09:02.690,AERGO/USDT:USDT,0.13351,15.0,0.1335,154.0,0.13366,2.0,0.13367,50.0
1753520942793,09:09:02.793,AERGO/USDT:USDT,0.13351,15.0,0.1335,154.0,0.13366,2.0,0.13367,50.0
1753520943507,09:09:03.507,AERGO/USDT:USDT,0.13351,15.0,0.1335,154.0,0.13366,2.0,0.13367,50.0
1753520943644,09:09:03.644,AERGO/USDT:USDT,0.13351,15.0,0.1335,154.0,0.13366,2.0,0.13367,50.0
1753520943927,09:09:03.927,AERGO/USDT:USDT,0.13351,65.0,0.1335,154.0,0.13366,2.0,0.13367,50.0
1753520945191,09:09:05.191,AERGO/USDT:USDT,0.13351,65.0,0.1335,154.0,0.13366,2.0,0.13367,50.0
1753520945618,09:09:05.618,AERGO/USDT:USDT,0.13351,65.0,0.1335,154.0,0.13366,2.0,0.13367,50.0
1753520946288,09:09:06.288,AERGO/USDT:USDT,0.13351,65.0,0.1335,154.0,0.13366,2.0,0.13367,50.0
1753520948022,09:09:08.022,AERGO/USDT:USDT,0.13356,156.0,0.13355,4.0,0.13366,2.0,0.13373,229.0
1753520948112,09:09:08.112,AERGO/USDT:USDT,0.13357,11.0,0.13356,156.0,0.13372,2.0,0.13375,152.0
1753520948179,09:09:08.179,AERGO/USDT:USDT,0.13357,11.0,0.13356,156.0,0.13374,2.0,0.13375,152.0
1753520948312,09:09:08.312,AERGO/USDT:USDT,0.13357,86.0,0.13356,156.0,0.13374,2.0,0.13375,152.0
1753520948403,09:09:08.403,AERGO/USDT:USDT,0.13357,11.0,0.13356,156.0,0.13374,2.0,0.13375,152.0
1753520948506,09:09:08.506,AERGO/USDT:USDT,0.13357,11.0,0.13356,4.0,0.13374,2.0,0.13375,152.0
1753520948551,09:09:08.551,AERGO/USDT:USDT,0.13356,13.0,0.13355,2.0,0.13374,2.0,0.13375,152.0
1753520948692,09:09:08.692,AERGO/USDT:USDT,0.13356,2.0,0.13355,2.0,0.13374,2.0,0.13375,152.0
1753520948906,09:09:08.906,AERGO/USDT:USDT,0.13357,152.0,0.13356,2.0,0.13374,2.0,0.13375,152.0
1753520948936,09:09:08.936,AERGO/USDT:USDT,0.13358,11.0,0.13357,152.0,0.13374,2.0,0.13375,152.0
1753520949037,09:09:09.037,AERGO/USDT:USDT,0.13358,11.0,0.13357,152.0,0.13374,2.0,0.13375,152.0
1753520950092,09:09:10.092,AERGO/USDT:USDT,0.13358,11.0,0.13356,2.0,0.13374,76.0,0.13375,152.0
1753520950210,09:09:10.210,AERGO/USDT:USDT,0.13356,2.0,0.13355,2.0,0.13371,75.0,0.13373,279.0
1753520950317,09:09:10.317,AERGO/USDT:USDT,0.13357,154.0,0.13356,2.0,0.1337,2.0,0.13373,279.0
1753520950406,09:09:10.406,AERGO/USDT:USDT,0.13358,11.0,0.13357,2.0,0.13371,75.0,0.13372,2.0
1753520950439,09:09:10.439,AERGO/USDT:USDT,0.13357,2.0,0.13356,2.0,0.1337,2.0,0.13371,75.0
1753520950825,09:09:10.825,AERGO/USDT:USDT,0.13357,2.0,0.13356,2.0,0.1337,2.0,0.13371,75.0
1753520950830,09:09:10.830,AERGO/USDT:USDT,0.13357,2.0,0.13356,2.0,0.1337,2.0,0.13371,75.0
1753520953004,09:09:13.004,AERGO/USDT:USDT,0.13357,2.0,0.13356,2.0,0.1337,2.0,0.13371,75.0
1753520953829,09:09:13.829,AERGO/USDT:USDT,0.13357,2.0,0.13356,2.0,0.1337,2.0,0.13371,75.0
1753520953915,09:09:13.915,AERGO/USDT:USDT,0.13357,2.0,0.13356,2.0,0.1337,2.0,0.13371,75.0
1753520953933,09:09:13.933,AERGO/USDT:USDT,0.13357,2.0,0.13356,2.0,0.1337,2.0,0.13371,75.0
1753520954048,09:09:14.048,AERGO/USDT:USDT,0.13357,2.0,0.13356,2.0,0.1337,2.0,0.13371,75.0
1753520954139,09:09:14.139,AERGO/USDT:USDT,0.13357,2.0,0.13356,2.0,0.1337,2.0,0.13371,75.0
1753520954567,09:09:14.567,AERGO/USDT:USDT,0.13357,2.0,0.13356,2.0,0.1337,2.0,0.13371,75.0
1753520954936,09:09:14.936,AERGO/USDT:USDT,0.13357,2.0,0.13356,2.0,0.1337,2.0,0.13371,75.0
1753520955032,09:09:15.032,AERGO/USDT:USDT,0.13357,2.0,0.13356,2.0,0.1337,2.0,0.13371,75.0
1753520955204,09:09:15.204,AERGO/USDT:USDT,0.13358,152.0,0.13357,2.0,0.1337,2.0,0.13372,172.0
1753520955257,09:09:15.257,AERGO/USDT:USDT,0.13359,11.0,0.13358,152.0,0.13371,2.0,0.13372,172.0
1753520955796,09:09:15.796,AERGO/USDT:USDT,0.13359,11.0,0.13358,152.0,0.13371,2.0,0.13372,172.0
1753520956087,09:09:16.087,AERGO/USDT:USDT,0.13359,11.0,0.13358,152.0,0.13371,2.0,0.13372,172.0
1753520956150,09:09:16.150,AERGO/USDT:USDT,0.13359,11.0,0.13357,2.0,0.13371,4.0,0.13372,172.0
1753520956308,09:09:16.308,AERGO/USDT:USDT,0.13357,2.0,0.13356,2.0,0.13371,4.0,0.13372,172.0
1753520956617,09:09:16.617,AERGO/USDT:USDT,0.13357,2.0,0.13356,2.0,0.13371,4.0,0.13372,172.0
1753520957004,09:09:17.004,AERGO/USDT:USDT,0.13357,2.0,0.13356,2.0,0.13371,4.0,0.13372,172.0
1753520957833,09:09:17.833,AERGO/USDT:USDT,0.13357,2.0,0.13356,2.0,0.13371,4.0,0.13372,172.0
1753520959212,09:09:19.212,AERGO/USDT:USDT,0.13357,2.0,0.13356,2.0,0.13371,4.0,0.13372,172.0
1753520959426,09:09:19.426,AERGO/USDT:USDT,0.13357,2.0,0.13356,2.0,0.13371,4.0,0.13372,172.0
1753520959428,09:09:19.428,AERGO/USDT:USDT,0.13357,2.0,0.13356,2.0,0.13371,4.0,0.13372,172.0
1753520959665,09:09:19.665,AERGO/USDT:USDT,0.13357,2.0,0.13356,2.0,0.13371,4.0,0.13372,172.0
1753520960792,09:09:20.792,AERGO/USDT:USDT,0.13357,2.0,0.13356,2.0,0.13371,4.0,0.13372,172.0
1753520961276,09:09:21.276,AERGO/USDT:USDT,0.13357,2.0,0.13356,2.0,0.13371,4.0,0.13372,172.0
1753520962112,09:09:22.112,AERGO/USDT:USDT,0.13357,2.0,0.13356,2.0,0.13371,4.0,0.13372,172.0
1753520962172,09:09:22.172,AERGO/USDT:USDT,0.13357,2.0,0.13356,2.0,0.13371,4.0,0.13372,172.0
1753520962334,09:09:22.334,AERGO/USDT:USDT,0.13357,2.0,0.13356,2.0,0.13371,4.0,0.13372,172.0
1753520962661,09:09:22.661,AERGO/USDT:USDT,0.13357,2.0,0.13356,2.0,0.13371,4.0,0.13372,172.0
1753520963274,09:09:23.274,AERGO/USDT:USDT,0.13357,2.0,0.13356,2.0,0.13371,4.0,0.13372,172.0
1753520963359,09:09:23.359,AERGO/USDT:USDT,0.13357,2.0,0.13356,2.0,0.13371,2.0,0.13372,172.0
1753520965714,09:09:25.714,AERGO/USDT:USDT,0.13357,2.0,0.13356,2.0,0.13371,2.0,0.13372,172.0
1753520966814,09:09:26.814,AERGO/USDT:USDT,0.13358,152.0,0.13357,2.0,0.13371,2.0,0.13372,172.0
1753520966871,09:09:26.871,AERGO/USDT:USDT,0.13359,11.0,0.13358,152.0,0.13371,2.0,0.13372,172.0
1753520966990,09:09:26.990,AERGO/USDT:USDT,0.13359,11.0,0.13357,2.0,0.13371,2.0,0.13372,172.0
1753520967036,09:09:27.036,AERGO/USDT:USDT,0.13357,2.0,0.13356,2.0,0.13371,2.0,0.13372,172.0
1753520967905,09:09:27.905,AERGO/USDT:USDT,0.13357,2.0,0.13356,2.0,0.13371,2.0,0.13372,172.0
1753520968717,09:09:28.717,AERGO/USDT:USDT,0.13357,2.0,0.13356,2.0,0.13371,2.0,0.13372,172.0
1753520969263,09:09:29.263,AERGO/USDT:USDT,0.13357,2.0,0.13356,2.0,0.13371,2.0,0.13372,172.0
1753520970240,09:09:30.240,AERGO/USDT:USDT,0.13357,2.0,0.13356,2.0,0.13371,2.0,0.13372,172.0
1753520970504,09:09:30.504,AERGO/USDT:USDT,0.13357,2.0,0.13356,2.0,0.13371,77.0,0.13372,172.0
1753520971505,09:09:31.505,AERGO/USDT:USDT,0.13357,2.0,0.13356,2.0,0.13371,77.0,0.13372,172.0
1753520971912,09:09:31.912,AERGO/USDT:USDT,0.13357,2.0,0.13356,2.0,0.13371,77.0,0.13372,172.0
1753520972003,09:09:32.003,AERGO/USDT:USDT,0.13357,2.0,0.13356,2.0,0.13371,77.0,0.13372,172.0
1753520972110,09:09:32.110,AERGO/USDT:USDT,0.13357,2.0,0.13356,2.0,0.13371,77.0,0.13372,172.0
1753520973379,09:09:33.379,AERGO/USDT:USDT,0.13357,2.0,0.13356,2.0,0.13371,77.0,0.13372,172.0
1753520973992,09:09:33.992,AERGO/USDT:USDT,0.13357,2.0,0.13356,2.0,0.13371,77.0,0.13372,172.0
1753520974497,09:09:34.497,AERGO/USDT:USDT,0.13357,2.0,0.13356,2.0,0.13371,77.0,0.13372,172.0
1753520974766,09:09:34.766,AERGO/USDT:USDT,0.13357,2.0,0.13356,2.0,0.13371,77.0,0.13372,172.0
1753520974878,09:09:34.878,AERGO/USDT:USDT,0.13357,2.0,0.13356,2.0,0.13371,77.0,0.13372,172.0
1753520976375,09:09:36.375,AERGO/USDT:USDT,0.13357,2.0,0.13356,2.0,0.13371,77.0,0.13372,172.0
1753520976799,09:09:36.799,AERGO/USDT:USDT,0.13357,2.0,0.13356,2.0,0.13371,77.0,0.13372,172.0
1753520977418,09:09:37.418,AERGO/USDT:USDT,0.13357,2.0,0.13356,2.0,0.13371,2.0,0.13372,172.0
1753520977492,09:09:37.492,AERGO/USDT:USDT,0.13358,152.0,0.13357,2.0,0.13371,2.0,0.13372,172.0
1753520977621,09:09:37.621,AERGO/USDT:USDT,0.13359,11.0,0.13358,152.0,0.13371,2.0,0.13372,172.0
1753520977693,09:09:37.693,AERGO/USDT:USDT,0.13359,11.0,0.13358,152.0,0.13371,2.0,0.13372,172.0
1753520977902,09:09:37.902,AERGO/USDT:USDT,0.13359,11.0,0.13358,152.0,0.13371,2.0,0.13372,172.0
1753520978171,09:09:38.171,AERGO/USDT:USDT,0.13359,11.0,0.13358,152.0,0.13371,2.0,0.13375,152.0
1753520978325,09:09:38.325,AERGO/USDT:USDT,0.13359,11.0,0.13358,152.0,0.13374,2.0,0.13375,152.0
1753520978649,09:09:38.649,AERGO/USDT:USDT,0.13359,11.0,0.13358,152.0,0.13373,14.0,0.13374,2.0
1753520978753,09:09:38.753,AERGO/USDT:USDT,0.13359,11.0,0.13358,152.0,0.13372,4.0,0.13373,14.0
1753520978835,09:09:38.835,AERGO/USDT:USDT,0.13359,11.0,0.13358,152.0,0.13372,4.0,0.13373,14.0
1753520984802,09:09:44.802,AERGO/USDT:USDT,0.13359,11.0,0.13351,243.0,0.1337,77.0,0.13372,4.0
1753520984904,09:09:44.904,AERGO/USDT:USDT,0.13356,152.0,0.13352,11.0,0.13369,2.0,0.1337,77.0
1753520985013,09:09:45.013,AERGO/USDT:USDT,0.13357,15.0,0.13356,152.0,0.13369,2.0,0.1337,77.0
1753520985032,09:09:45.032,AERGO/USDT:USDT,0.13357,15.0,0.13356,152.0,0.13369,2.0,0.1337,77.0
1753520985671,09:09:45.671,AERGO/USDT:USDT,0.13357,15.0,0.13356,152.0,0.13369,2.0,0.1337,77.0
1753520985746,09:09:45.746,AERGO/USDT:USDT,0.13357,15.0,0.13356,152.0,0.13369,2.0,0.1337,77.0
1753520987304,09:09:47.304,AERGO/USDT:USDT,0.13357,15.0,0.13356,152.0,0.13369,2.0,0.1337,77.0
1753520987385,09:09:47.385,AERGO/USDT:USDT,0.13357,15.0,0.13356,152.0,0.13369,2.0,0.1337,77.0
1753520987803,09:09:47.803,AERGO/USDT:USDT,0.13357,15.0,0.13356,152.0,0.13369,2.0,0.1337,77.0
1753520989493,09:09:49.493,AERGO/USDT:USDT,0.13357,15.0,0.13356,152.0,0.13369,2.0,0.1337,77.0
1753520989634,09:09:49.634,AERGO/USDT:USDT,0.13357,15.0,0.13356,152.0,0.13369,2.0,0.1337,77.0
1753520991492,09:09:51.492,AERGO/USDT:USDT,0.13357,15.0,0.13356,152.0,0.13369,2.0,0.1337,77.0
1753520991587,09:09:51.587,AERGO/USDT:USDT,0.13357,15.0,0.13356,152.0,0.13369,2.0,0.1337,77.0
1753520991664,09:09:51.664,AERGO/USDT:USDT,0.13357,15.0,0.13356,152.0,0.13369,2.0,0.1337,77.0
1753520991836,09:09:51.836,AERGO/USDT:USDT,0.13357,15.0,0.13356,152.0,0.13369,2.0,0.1337,77.0
1753520992004,09:09:52.004,AERGO/USDT:USDT,0.13357,15.0,0.13356,152.0,0.13369,2.0,0.1337,77.0
1753520992412,09:09:52.412,AERGO/USDT:USDT,0.13357,15.0,0.13356,152.0,0.13369,2.0,0.1337,77.0
1753520992431,09:09:52.431,AERGO/USDT:USDT,0.13357,15.0,0.13356,152.0,0.13369,2.0,0.1337,77.0
1753520992654,09:09:52.654,AERGO/USDT:USDT,0.13357,15.0,0.13356,152.0,0.13369,2.0,0.1337,77.0
1753520993091,09:09:53.091,AERGO/USDT:USDT,0.13357,15.0,0.13356,152.0,0.13369,2.0,0.1337,77.0
1753520993143,09:09:53.143,AERGO/USDT:USDT,0.13357,15.0,0.13356,152.0,0.13369,2.0,0.1337,77.0
1753520993372,09:09:53.372,AERGO/USDT:USDT,0.13357,15.0,0.13356,152.0,0.13369,2.0,0.1337,77.0
1753520994312,09:09:54.312,AERGO/USDT:USDT,0.13357,15.0,0.13356,152.0,0.13369,2.0,0.1337,77.0
1753520994418,09:09:54.418,AERGO/USDT:USDT,0.13357,15.0,0.13356,152.0,0.13369,2.0,0.1337,77.0
1753520994913,09:09:54.913,AERGO/USDT:USDT,0.13357,15.0,0.13356,152.0,0.13369,2.0,0.1337,77.0
1753520995327,09:09:55.327,AERGO/USDT:USDT,0.13357,15.0,0.13356,152.0,0.13369,2.0,0.1337,77.0
1753520997292,09:09:57.292,AERGO/USDT:USDT,0.13357,15.0,0.13356,152.0,0.13369,2.0,0.1337,77.0
1753520998691,09:09:58.691,AERGO/USDT:USDT,0.13357,15.0,0.13356,152.0,0.13369,2.0,0.1337,77.0
1753520999379,09:09:59.379,AERGO/USDT:USDT,0.13357,15.0,0.13356,152.0,0.13369,2.0,0.1337,77.0
1753520999543,09:09:59.543,AERGO/USDT:USDT,0.13357,15.0,0.13356,152.0,0.13369,2.0,0.1337,77.0
1753520999765,09:09:59.765,AERGO/USDT:USDT,0.13357,15.0,0.13356,152.0,0.13369,2.0,0.1337,77.0
1753521000271,09:10:00.271,AERGO/USDT:USDT,0.13357,15.0,0.13356,152.0,0.13369,2.0,0.1337,77.0
1753521000380,09:10:00.380,AERGO/USDT:USDT,0.13357,15.0,0.13356,152.0,0.13369,2.0,0.1337,77.0
1753521003496,09:10:03.496,AERGO/USDT:USDT,0.13357,15.0,0.13351,50.0,0.13369,2.0,0.1337,77.0
1753521003611,09:10:03.611,AERGO/USDT:USDT,0.13357,2.0,0.13352,11.0,0.13369,76.0,0.1337,77.0
1753521003938,09:10:03.938,AERGO/USDT:USDT,0.13357,2.0,0.13352,11.0,0.13369,2.0,0.1337,77.0
1753521004060,09:10:04.060,AERGO/USDT:USDT,0.13357,2.0,0.13352,11.0,0.13369,76.0,0.1337,77.0
1753521004574,09:10:04.574,AERGO/USDT:USDT,0.13357,2.0,0.13352,11.0,0.13369,76.0,0.1337,77.0
1753521004784,09:10:04.784,AERGO/USDT:USDT,0.13357,2.0,0.13352,11.0,0.13369,76.0,0.1337,77.0
1753521006324,09:10:06.324,AERGO/USDT:USDT,0.13357,2.0,0.13352,11.0,0.13369,76.0,0.1337,77.0
1753521006345,09:10:06.345,AERGO/USDT:USDT,0.13357,2.0,0.13352,11.0,0.13369,76.0,0.1337,77.0
1753521007571,09:10:07.571,AERGO/USDT:USDT,0.13357,2.0,0.13352,11.0,0.13369,76.0,0.1337,90.0
1753521008028,09:10:08.028,AERGO/USDT:USDT,0.13357,2.0,0.13352,11.0,0.13369,76.0,0.1337,90.0
1753521008612,09:10:08.612,AERGO/USDT:USDT,0.13357,7.0,0.13352,11.0,0.13369,76.0,0.1337,90.0
1753521008892,09:10:08.892,AERGO/USDT:USDT,0.13357,7.0,0.13352,11.0,0.13369,76.0,0.1337,90.0
1753521008986,09:10:08.986,AERGO/USDT:USDT,0.13357,7.0,0.13352,11.0,0.13369,81.0,0.1337,90.0
1753521009071,09:10:09.071,AERGO/USDT:USDT,0.13357,7.0,0.13352,11.0,0.13369,7.0,0.1337,77.0
1753521009811,09:10:09.811,AERGO/USDT:USDT,0.13357,7.0,0.13352,11.0,0.13369,2.0,0.1337,77.0
1753521010361,09:10:10.361,AERGO/USDT:USDT,0.13357,7.0,0.13352,11.0,0.13369,2.0,0.1337,77.0
1753521010541,09:10:10.541,AERGO/USDT:USDT,0.13357,7.0,0.13352,11.0,0.13369,2.0,0.1337,77.0
1753521010692,09:10:10.692,AERGO/USDT:USDT,0.13357,7.0,0.13352,11.0,0.13369,2.0,0.1337,77.0
1753521010902,09:10:10.902,AERGO/USDT:USDT,0.13357,7.0,0.13352,11.0,0.13369,2.0,0.1337,77.0
1753521010944,09:10:10.944,AERGO/USDT:USDT,0.13357,7.0,0.13352,11.0,0.13369,76.0,0.1337,77.0
1753521011063,09:10:11.063,AERGO/USDT:USDT,0.13357,7.0,0.13352,11.0,0.13369,76.0,0.1337,77.0
1753521012010,09:10:12.010,AERGO/USDT:USDT,0.13357,7.0,0.13352,11.0,0.13369,2.0,0.1337,77.0
1753521013617,09:10:13.617,AERGO/USDT:USDT,0.13357,7.0,0.13352,11.0,0.13369,2.0,0.1337,75.0
1753521013699,09:10:13.699,AERGO/USDT:USDT,0.13357,7.0,0.13352,11.0,0.13369,2.0,0.1337,75.0
1753521013732,09:10:13.732,AERGO/USDT:USDT,0.13357,7.0,0.13352,11.0,0.13369,2.0,0.1337,75.0
1753521014023,09:10:14.023,AERGO/USDT:USDT,0.13357,7.0,0.13352,11.0,0.13369,76.0,0.1337,75.0
1753521014651,09:10:14.651,AERGO/USDT:USDT,0.13357,7.0,0.13352,11.0,0.13369,76.0,0.1337,75.0
1753521015004,09:10:15.004,AERGO/USDT:USDT,0.13357,7.0,0.13352,11.0,0.13369,2.0,0.1337,75.0
1753521015099,09:10:15.099,AERGO/USDT:USDT,0.13357,7.0,0.13352,11.0,0.13369,2.0,0.1337,75.0
1753521015588,09:10:15.588,AERGO/USDT:USDT,0.13357,7.0,0.13352,11.0,0.13369,2.0,0.1337,75.0
1753521016501,09:10:16.501,AERGO/USDT:USDT,0.13357,7.0,0.13352,11.0,0.13369,7.0,0.1337,75.0
1753521016541,09:10:16.541,AERGO/USDT:USDT,0.13357,7.0,0.13352,11.0,0.13369,7.0,0.1337,75.0
1753521017515,09:10:17.515,AERGO/USDT:USDT,0.13357,7.0,0.13352,11.0,0.13369,2.0,0.13373,256.0
1753521017629,09:10:17.629,AERGO/USDT:USDT,0.13358,152.0,0.13357,7.0,0.13372,2.0,0.13373,243.0
1753521017721,09:10:17.721,AERGO/USDT:USDT,0.13359,11.0,0.13358,152.0,0.13372,2.0,0.13373,243.0
1753521017803,09:10:17.803,AERGO/USDT:USDT,0.13359,11.0,0.13358,152.0,0.13372,2.0,0.13373,14.0
1753521018023,09:10:18.023,AERGO/USDT:USDT,0.13359,11.0,0.13358,152.0,0.13372,2.0,0.13373,14.0
1753521018028,09:10:18.028,AERGO/USDT:USDT,0.13359,11.0,0.13358,152.0,0.13372,2.0,0.13373,14.0
1753521019214,09:10:19.214,AERGO/USDT:USDT,0.13359,11.0,0.13358,152.0,0.13372,2.0,0.13373,14.0
1753521019271,09:10:19.271,AERGO/USDT:USDT,0.13359,11.0,0.13358,152.0,0.13372,2.0,0.13373,14.0
1753521020477,09:10:20.477,AERGO/USDT:USDT,0.13359,11.0,0.13358,152.0,0.13372,2.0,0.13373,14.0
1753521020546,09:10:20.546,AERGO/USDT:USDT,0.13359,11.0,0.13358,152.0,0.13372,2.0,0.13373,14.0
1753521022211,09:10:22.211,AERGO/USDT:USDT,0.13359,11.0,0.13358,152.0,0.13372,2.0,0.13373,14.0
1753521022251,09:10:22.251,AERGO/USDT:USDT,0.13359,11.0,0.13358,152.0,0.13372,2.0,0.13373,14.0
1753521022373,09:10:22.373,AERGO/USDT:USDT,0.13359,11.0,0.13358,152.0,0.13372,2.0,0.13373,14.0
1753521022608,09:10:22.608,AERGO/USDT:USDT,0.13359,11.0,0.13358,152.0,0.13372,2.0,0.13373,14.0
1753521022638,09:10:22.638,AERGO/USDT:USDT,0.13359,11.0,0.13358,152.0,0.13372,2.0,0.13373,14.0
1753521022747,09:10:22.747,AERGO/USDT:USDT,0.13359,11.0,0.13358,152.0,0.13372,2.0,0.13373,14.0
1753521023020,09:10:23.020,AERGO/USDT:USDT,0.13359,11.0,0.13358,152.0,0.13372,2.0,0.13373,14.0
1753521023076,09:10:23.076,AERGO/USDT:USDT,0.13359,11.0,0.13358,152.0,0.13372,2.0,0.13373,14.0
1753521023181,09:10:23.181,AERGO/USDT:USDT,0.13359,11.0,0.13358,152.0,0.13372,2.0,0.13373,14.0
1753521023362,09:10:23.362,AERGO/USDT:USDT,0.13359,11.0,0.13358,152.0,0.13372,2.0,0.13373,14.0
1753521023443,09:10:23.443,AERGO/USDT:USDT,0.13359,11.0,0.13358,152.0,0.13372,2.0,0.13373,14.0
1753521023582,09:10:23.582,AERGO/USDT:USDT,0.13359,11.0,0.13358,152.0,0.13372,2.0,0.13373,14.0
1753521023642,09:10:23.642,AERGO/USDT:USDT,0.13359,11.0,0.13358,152.0,0.13372,2.0,0.13373,14.0
1753521023901,09:10:23.901,AERGO/USDT:USDT,0.13359,11.0,0.13358,152.0,0.13372,2.0,0.13373,14.0
1753521024727,09:10:24.727,AERGO/USDT:USDT,0.13359,11.0,0.13358,152.0,0.13372,2.0,0.13373,14.0
1753521024830,09:10:24.830,AERGO/USDT:USDT,0.13359,11.0,0.13358,152.0,0.13372,2.0,0.13373,14.0
1753521025182,09:10:25.182,AERGO/USDT:USDT,0.13359,11.0,0.13358,152.0,0.13372,2.0,0.13373,14.0
1753521025231,09:10:25.231,AERGO/USDT:USDT,0.13359,11.0,0.13358,152.0,0.13372,2.0,0.13373,14.0
1753521025628,09:10:25.628,AERGO/USDT:USDT,0.13359,11.0,0.13358,152.0,0.13372,2.0,0.13373,14.0
1753521025673,09:10:25.673,AERGO/USDT:USDT,0.13359,11.0,0.13358,152.0,0.13372,2.0,0.13373,14.0
1753521025756,09:10:25.756,AERGO/USDT:USDT,0.13359,11.0,0.13358,152.0,0.13372,2.0,0.13373,14.0
1753521025974,09:10:25.974,AERGO/USDT:USDT,0.13359,11.0,0.13358,152.0,0.13372,2.0,0.13373,14.0
1753521026052,09:10:26.052,AERGO/USDT:USDT,0.13359,11.0,0.13358,152.0,0.13372,2.0,0.13373,14.0
1753521026418,09:10:26.418,AERGO/USDT:USDT,0.13359,11.0,0.13358,152.0,0.13372,2.0,0.13373,14.0
1753521026807,09:10:26.807,AERGO/USDT:USDT,0.13359,11.0,0.13358,152.0,0.13372,2.0,0.13373,14.0
1753521026911,09:10:26.911,AERGO/USDT:USDT,0.13359,11.0,0.13358,152.0,0.13372,2.0,0.13373,14.0
1753521027007,09:10:27.007,AERGO/USDT:USDT,0.13359,11.0,0.13358,152.0,0.13372,2.0,0.13373,14.0
1753521027085,09:10:27.085,AERGO/USDT:USDT,0.13359,11.0,0.13358,152.0,0.13372,2.0,0.13373,14.0
1753521027224,09:10:27.224,AERGO/USDT:USDT,0.13359,11.0,0.13358,152.0,0.13372,2.0,0.13373,14.0
1753521027286,09:10:27.286,AERGO/USDT:USDT,0.13359,11.0,0.13358,152.0,0.13372,2.0,0.13373,14.0
1753521027627,09:10:27.627,AERGO/USDT:USDT,0.13359,11.0,0.13358,152.0,0.13372,2.0,0.13373,14.0
1753521027720,09:10:27.720,AERGO/USDT:USDT,0.13359,11.0,0.13358,152.0,0.13372,2.0,0.13373,14.0
1753521027784,09:10:27.784,AERGO/USDT:USDT,0.13359,11.0,0.13358,152.0,0.13372,2.0,0.13373,14.0
1753521027849,09:10:27.849,AERGO/USDT:USDT,0.13359,11.0,0.13358,152.0,0.13372,2.0,0.13373,14.0
1753521028008,09:10:28.008,AERGO/USDT:USDT,0.13359,11.0,0.13358,152.0,0.13372,2.0,0.13373,14.0
1753521028062,09:10:28.062,AERGO/USDT:USDT,0.13359,11.0,0.13358,152.0,0.13372,2.0,0.13373,14.0
1753521028143,09:10:28.143,AERGO/USDT:USDT,0.13359,11.0,0.13358,152.0,0.13372,2.0,0.13373,14.0
1753521028262,09:10:28.262,AERGO/USDT:USDT,0.13359,11.0,0.13358,152.0,0.13372,2.0,0.13373,14.0
1753521028490,09:10:28.490,AERGO/USDT:USDT,0.13359,11.0,0.13358,152.0,0.13372,2.0,0.13373,14.0
1753521028616,09:10:28.616,AERGO/USDT:USDT,0.13359,11.0,0.13358,152.0,0.13372,2.0,0.13373,14.0
1753521028688,09:10:28.688,AERGO/USDT:USDT,0.13359,11.0,0.13358,152.0,0.13372,2.0,0.13373,14.0
1753521028753,09:10:28.753,AERGO/USDT:USDT,0.13359,11.0,0.13358,152.0,0.13372,2.0,0.13373,14.0
1753521028976,09:10:28.976,AERGO/USDT:USDT,0.13359,11.0,0.13358,152.0,0.13372,2.0,0.13373,14.0
1753521029093,09:10:29.093,AERGO/USDT:USDT,0.13359,11.0,0.13358,152.0,0.13372,2.0,0.13373,14.0
1753521029305,09:10:29.305,AERGO/USDT:USDT,0.13359,11.0,0.13358,152.0,0.13372,2.0,0.13373,14.0
1753521029418,09:10:29.418,AERGO/USDT:USDT,0.13359,11.0,0.13358,152.0,0.13372,2.0,0.13373,14.0
1753521029484,09:10:29.484,AERGO/USDT:USDT,0.13359,11.0,0.13358,152.0,0.13372,2.0,0.13373,14.0
1753521029899,09:10:29.899,AERGO/USDT:USDT,0.13359,11.0,0.13358,152.0,0.13372,2.0,0.13373,14.0
1753521030008,09:10:30.008,AERGO/USDT:USDT,0.13359,11.0,0.13358,152.0,0.13372,2.0,0.13373,14.0
1753521030030,09:10:30.030,AERGO/USDT:USDT,0.13359,11.0,0.13358,152.0,0.13372,2.0,0.13373,14.0
1753521031551,09:10:31.551,AERGO/USDT:USDT,0.13359,11.0,0.13358,152.0,0.13372,2.0,0.13373,14.0
1753521031657,09:10:31.657,AERGO/USDT:USDT,0.13359,11.0,0.13358,152.0,0.13372,2.0,0.13373,14.0
1753521031873,09:10:31.873,AERGO/USDT:USDT,0.13359,11.0,0.13358,152.0,0.13372,2.0,0.13373,14.0
1753521034545,09:10:34.545,AERGO/USDT:USDT,0.13359,11.0,0.13358,152.0,0.13372,2.0,0.13373,14.0
1753521039962,09:10:39.962,AERGO/USDT:USDT,0.13359,11.0,0.13358,152.0,0.13372,2.0,0.13373,14.0
1753521040044,09:10:40.044,AERGO/USDT:USDT,0.13359,11.0,0.13358,152.0,0.13372,2.0,0.13373,14.0
1753521040418,09:10:40.418,AERGO/USDT:USDT,0.13359,11.0,0.13358,152.0,0.13372,2.0,0.13373,14.0
1753521040442,09:10:40.442,AERGO/USDT:USDT,0.13359,11.0,0.13358,152.0,0.13372,2.0,0.13373,14.0
1753521040617,09:10:40.617,AERGO/USDT:USDT,0.13359,11.0,0.13358,152.0,0.13372,2.0,0.13373,14.0
1753521040711,09:10:40.711,AERGO/USDT:USDT,0.13359,11.0,0.13358,152.0,0.13372,2.0,0.13373,14.0
1753521040766,09:10:40.766,AERGO/USDT:USDT,0.13359,11.0,0.13358,152.0,0.13372,2.0,0.13373,14.0
1753521040895,09:10:40.895,AERGO/USDT:USDT,0.13359,11.0,0.13358,152.0,0.13372,2.0,0.13373,14.0
1753521041207,09:10:41.207,AERGO/USDT:USDT,0.13359,11.0,0.13358,152.0,0.13372,2.0,0.13373,14.0
1753521041255,09:10:41.255,AERGO/USDT:USDT,0.13359,11.0,0.13358,152.0,0.13372,2.0,0.13373,14.0
1753521041609,09:10:41.609,AERGO/USDT:USDT,0.13359,11.0,0.13358,152.0,0.13372,7.0,0.13373,14.0
1753521041657,09:10:41.657,AERGO/USDT:USDT,0.13359,11.0,0.13358,152.0,0.13372,7.0,0.13373,14.0
1753521041733,09:10:41.733,AERGO/USDT:USDT,0.13359,11.0,0.13358,152.0,0.13372,7.0,0.13373,14.0
1753521043697,09:10:43.697,AERGO/USDT:USDT,0.13359,11.0,0.13358,152.0,0.13372,7.0,0.13373,14.0
1753521043820,09:10:43.820,AERGO/USDT:USDT,0.13359,11.0,0.13358,152.0,0.13372,7.0,0.13373,14.0
1753521044095,09:10:44.095,AERGO/USDT:USDT,0.13359,11.0,0.13358,152.0,0.13372,7.0,0.13373,14.0
1753521044310,09:10:44.310,AERGO/USDT:USDT,0.13359,11.0,0.13358,152.0,0.13372,7.0,0.13373,14.0
1753521044376,09:10:44.376,AERGO/USDT:USDT,0.13359,11.0,0.13358,152.0,0.13372,7.0,0.13373,14.0
1753521045006,09:10:45.006,AERGO/USDT:USDT,0.13359,11.0,0.13358,152.0,0.13372,7.0,0.13373,14.0
1753521045057,09:10:45.057,AERGO/USDT:USDT,0.13359,11.0,0.13358,152.0,0.13372,7.0,0.13373,14.0
1753521045283,09:10:45.283,AERGO/USDT:USDT,0.13359,11.0,0.13358,152.0,0.13372,7.0,0.13373,14.0
1753521045559,09:10:45.559,AERGO/USDT:USDT,0.13359,11.0,0.13358,152.0,0.13372,7.0,0.13373,14.0
1753521045727,09:10:45.727,AERGO/USDT:USDT,0.13359,11.0,0.13358,152.0,0.13372,7.0,0.13373,14.0
1753521045787,09:10:45.787,AERGO/USDT:USDT,0.13359,11.0,0.13358,152.0,0.13372,7.0,0.13373,14.0
1753521046191,09:10:46.191,AERGO/USDT:USDT,0.13359,11.0,0.13358,152.0,0.13372,7.0,0.13373,14.0
1753521046283,09:10:46.283,AERGO/USDT:USDT,0.13359,11.0,0.13358,152.0,0.13372,7.0,0.13373,14.0
1753521046512,09:10:46.512,AERGO/USDT:USDT,0.13359,11.0,0.13358,152.0,0.13372,7.0,0.13373,14.0
1753521046615,09:10:46.615,AERGO/USDT:USDT,0.13359,11.0,0.13358,152.0,0.13372,7.0,0.13373,14.0
1753521046675,09:10:46.675,AERGO/USDT:USDT,0.13359,11.0,0.13358,152.0,0.13372,7.0,0.13373,14.0
1753521046756,09:10:46.756,AERGO/USDT:USDT,0.13359,11.0,0.13358,152.0,0.13372,7.0,0.13373,14.0
1753521047083,09:10:47.083,AERGO/USDT:USDT,0.13359,11.0,0.13358,152.0,0.13372,7.0,0.13373,14.0
1753521047359,09:10:47.359,AERGO/USDT:USDT,0.13359,11.0,0.13358,152.0,0.13372,7.0,0.13373,14.0
1753521047472,09:10:47.472,AERGO/USDT:USDT,0.13359,11.0,0.13358,152.0,0.13372,7.0,0.13373,14.0
1753521047616,09:10:47.616,AERGO/USDT:USDT,0.13359,11.0,0.13358,152.0,0.13372,7.0,0.13373,14.0
1753521047881,09:10:47.881,AERGO/USDT:USDT,0.13359,11.0,0.13358,152.0,0.13372,7.0,0.13373,14.0
1753521048001,09:10:48.001,AERGO/USDT:USDT,0.13359,11.0,0.13358,152.0,0.13372,7.0,0.13373,14.0
1753521048328,09:10:48.328,AERGO/USDT:USDT,0.13359,11.0,0.13358,152.0,0.13372,7.0,0.13373,14.0
1753521048370,09:10:48.370,AERGO/USDT:USDT,0.13359,11.0,0.13358,152.0,0.13372,7.0,0.13373,14.0
1753521048723,09:10:48.723,AERGO/USDT:USDT,0.13359,11.0,0.13358,152.0,0.13372,7.0,0.13373,14.0
1753521048825,09:10:48.825,AERGO/USDT:USDT,0.13359,11.0,0.13358,152.0,0.13372,7.0,0.13373,14.0
1753521049127,09:10:49.127,AERGO/USDT:USDT,0.13359,11.0,0.13358,152.0,0.13372,7.0,0.13373,14.0
1753521049228,09:10:49.228,AERGO/USDT:USDT,0.13359,11.0,0.13358,152.0,0.13372,7.0,0.13373,14.0
1753521049482,09:10:49.482,AERGO/USDT:USDT,0.13359,11.0,0.13358,152.0,0.13372,7.0,0.13373,14.0
1753521049626,09:10:49.626,AERGO/USDT:USDT,0.13359,11.0,0.13358,152.0,0.13372,2.0,0.13373,14.0
1753521049707,09:10:49.707,AERGO/USDT:USDT,0.13359,11.0,0.13358,152.0,0.13371,266.0,0.13372,2.0
1753521049753,09:10:49.753,AERGO/USDT:USDT,0.13359,11.0,0.13358,152.0,0.1337,7.0,0.13371,266.0
1753521049869,09:10:49.869,AERGO/USDT:USDT,0.13359,11.0,0.13358,152.0,0.1337,7.0,0.13371,266.0
1753521049992,09:10:49.992,AERGO/USDT:USDT,0.13359,11.0,0.13358,152.0,0.1337,7.0,0.13371,266.0
1753521050406,09:10:50.406,AERGO/USDT:USDT,0.13359,11.0,0.13358,152.0,0.1337,7.0,0.13371,266.0
1753521050434,09:10:50.434,AERGO/USDT:USDT,0.13359,11.0,0.13358,152.0,0.1337,7.0,0.13371,266.0
1753521050815,09:10:50.815,AERGO/USDT:USDT,0.13359,11.0,0.13358,152.0,0.1337,7.0,0.13371,266.0
1753521051238,09:10:51.238,AERGO/USDT:USDT,0.13359,11.0,0.13358,152.0,0.1337,7.0,0.13371,266.0
1753521052311,09:10:52.311,AERGO/USDT:USDT,0.13359,11.0,0.13358,152.0,0.1337,7.0,0.13371,5.0
1753521052467,09:10:52.467,AERGO/USDT:USDT,0.13359,11.0,0.13358,152.0,0.1337,7.0,0.13371,5.0
1753521052551,09:10:52.551,AERGO/USDT:USDT,0.13359,11.0,0.13358,152.0,0.1337,7.0,0.13371,5.0
1753521052888,09:10:52.888,AERGO/USDT:USDT,0.13359,11.0,0.13358,152.0,0.1337,7.0,0.13371,5.0
1753521055607,09:10:55.607,AERGO/USDT:USDT,0.13359,11.0,0.13358,152.0,0.1337,7.0,0.13371,5.0
1753521055715,09:10:55.715,AERGO/USDT:USDT,0.13359,11.0,0.13358,152.0,0.1337,7.0,0.13371,5.0
1753521055825,09:10:55.825,AERGO/USDT:USDT,0.13359,11.0,0.13358,152.0,0.1337,7.0,0.13371,5.0
1753521056197,09:10:56.197,AERGO/USDT:USDT,0.13359,11.0,0.13358,152.0,0.1337,7.0,0.13371,5.0
1753521056249,09:10:56.249,AERGO/USDT:USDT,0.13359,11.0,0.13358,152.0,0.1337,7.0,0.13371,5.0
1753521056624,09:10:56.624,AERGO/USDT:USDT,0.13359,11.0,0.13358,152.0,0.1337,7.0,0.13371,5.0
1753521057021,09:10:57.021,AERGO/USDT:USDT,0.13359,11.0,0.13358,152.0,0.1337,7.0,0.13371,5.0
1753521057083,09:10:57.083,AERGO/USDT:USDT,0.13359,11.0,0.13358,152.0,0.1337,7.0,0.13371,5.0
1753521057130,09:10:57.130,AERGO/USDT:USDT,0.13359,11.0,0.13358,152.0,0.1337,7.0,0.13371,5.0
1753521057487,09:10:57.487,AERGO/USDT:USDT,0.13359,11.0,0.13358,152.0,0.1337,7.0,0.13371,5.0
1753521057551,09:10:57.551,AERGO/USDT:USDT,0.13359,11.0,0.13358,152.0,0.1337,7.0,0.13371,5.0
1753521057898,09:10:57.898,AERGO/USDT:USDT,0.13359,11.0,0.13358,152.0,0.1337,7.0,0.13371,5.0
1753521057952,09:10:57.952,AERGO/USDT:USDT,0.13359,11.0,0.13358,152.0,0.1337,7.0,0.13371,5.0
1753521058269,09:10:58.269,AERGO/USDT:USDT,0.13359,11.0,0.13358,152.0,0.1337,7.0,0.13371,5.0
1753521058414,09:10:58.414,AERGO/USDT:USDT,0.13359,11.0,0.13358,152.0,0.1337,7.0,0.13371,5.0
1753521058539,09:10:58.539,AERGO/USDT:USDT,0.13359,11.0,0.13358,152.0,0.1337,7.0,0.13371,5.0
1753521058688,09:10:58.688,AERGO/USDT:USDT,0.13359,11.0,0.13358,152.0,0.1337,7.0,0.13371,5.0
1753521059112,09:10:59.112,AERGO/USDT:USDT,0.13359,11.0,0.13358,152.0,0.1337,7.0,0.13371,5.0
1753521060152,09:11:00.152,AERGO/USDT:USDT,0.13359,11.0,0.13358,152.0,0.1337,7.0,0.13371,5.0
1753521060412,09:11:00.412,AERGO/USDT:USDT,0.13359,11.0,0.13358,152.0,0.1337,7.0,0.13371,5.0
1753521060984,09:11:00.984,AERGO/USDT:USDT,0.13359,11.0,0.13358,152.0,0.1337,7.0,0.13371,5.0
1753521061395,09:11:01.395,AERGO/USDT:USDT,0.13359,11.0,0.13358,152.0,0.1337,7.0,0.13371,5.0
1753521061547,09:11:01.547,AERGO/USDT:USDT,0.13359,11.0,0.13358,152.0,0.1337,2.0,0.13371,5.0
1753521061641,09:11:01.641,AERGO/USDT:USDT,0.13359,11.0,0.13358,152.0,0.13371,5.0,0.13372,2.0
1753521061734,09:11:01.734,AERGO/USDT:USDT,0.13359,11.0,0.13358,152.0,0.13371,5.0,0.13372,2.0
1753521062623,09:11:02.623,AERGO/USDT:USDT,0.13359,11.0,0.13358,152.0,0.13372,2.0,0.13373,14.0
1753521062635,09:11:02.635,AERGO/USDT:USDT,0.13359,11.0,0.13358,152.0,0.13372,2.0,0.13373,14.0
1753521063395,09:11:03.395,AERGO/USDT:USDT,0.13359,11.0,0.13358,152.0,0.13372,2.0,0.13373,14.0
1753521063507,09:11:03.507,AERGO/USDT:USDT,0.13364,162.0,0.13363,10.0,0.13372,2.0,0.13373,14.0
1753521063600,09:11:03.600,AERGO/USDT:USDT,0.13365,11.0,0.13364,162.0,0.13372,2.0,0.13373,14.0
1753521063828,09:11:03.828,AERGO/USDT:USDT,0.13365,11.0,0.13364,162.0,0.13372,2.0,0.13373,14.0
1753521063989,09:11:03.989,AERGO/USDT:USDT,0.13365,11.0,0.13364,162.0,0.13372,2.0,0.13373,14.0
1753521064540,09:11:04.540,AERGO/USDT:USDT,0.13365,11.0,0.13364,162.0,0.13372,2.0,0.13373,14.0
1753521065027,09:11:05.027,AERGO/USDT:USDT,0.13365,11.0,0.13364,162.0,0.13372,2.0,0.13373,14.0
1753521065221,09:11:05.221,AERGO/USDT:USDT,0.13365,11.0,0.13364,162.0,0.13372,2.0,0.13373,14.0
1753521066353,09:11:06.353,AERGO/USDT:USDT,0.13365,11.0,0.13364,162.0,0.13372,2.0,0.13373,14.0
1753521066443,09:11:06.443,AERGO/USDT:USDT,0.13365,11.0,0.13364,162.0,0.13372,2.0,0.13373,14.0
1753521066781,09:11:06.781,AERGO/USDT:USDT,0.13365,11.0,0.13364,162.0,0.13372,2.0,0.13373,14.0
1753521066915,09:11:06.915,AERGO/USDT:USDT,0.13365,11.0,0.13364,162.0,0.13372,2.0,0.13373,14.0
1753521066949,09:11:06.949,AERGO/USDT:USDT,0.13365,11.0,0.13364,162.0,0.13372,2.0,0.13373,14.0
1753521067312,09:11:07.312,AERGO/USDT:USDT,0.13365,11.0,0.13364,162.0,0.13372,2.0,0.13373,14.0
1753521067384,09:11:07.384,AERGO/USDT:USDT,0.13365,11.0,0.13364,162.0,0.13372,2.0,0.13373,14.0
1753521067445,09:11:07.445,AERGO/USDT:USDT,0.13365,11.0,0.13364,162.0,0.13372,2.0,0.13373,14.0
1753521067539,09:11:07.539,AERGO/USDT:USDT,0.13365,11.0,0.13364,162.0,0.13372,2.0,0.13373,14.0
1753521067698,09:11:07.698,AERGO/USDT:USDT,0.13365,11.0,0.13364,162.0,0.13372,2.0,0.13373,14.0
1753521067825,09:11:07.825,AERGO/USDT:USDT,0.13365,11.0,0.13364,162.0,0.13372,2.0,0.13373,14.0
1753521068106,09:11:08.106,AERGO/USDT:USDT,0.13365,11.0,0.13364,162.0,0.13372,2.0,0.13373,14.0
1753521068186,09:11:08.186,AERGO/USDT:USDT,0.13365,11.0,0.13364,162.0,0.13372,2.0,0.13373,14.0
1753521068246,09:11:08.246,AERGO/USDT:USDT,0.13365,11.0,0.13364,162.0,0.13372,2.0,0.13373,14.0
1753521070118,09:11:10.118,AERGO/USDT:USDT,0.13365,11.0,0.13364,162.0,0.13372,3.0,0.13373,14.0
1753521070217,09:11:10.217,AERGO/USDT:USDT,0.13365,11.0,0.13364,162.0,0.13372,2.0,0.13373,14.0
1753521070239,09:11:10.239,AERGO/USDT:USDT,0.13365,11.0,0.13364,162.0,0.13372,2.0,0.13373,14.0
1753521070569,09:11:10.569,AERGO/USDT:USDT,0.13365,11.0,0.13364,162.0,0.13372,2.0,0.13373,14.0
1753521070673,09:11:10.673,AERGO/USDT:USDT,0.13365,11.0,0.13364,162.0,0.13372,2.0,0.13373,14.0
1753521070971,09:11:10.971,AERGO/USDT:USDT,0.13365,11.0,0.13364,162.0,0.13372,2.0,0.13373,14.0
1753521071077,09:11:11.077,AERGO/USDT:USDT,0.13365,11.0,0.13364,162.0,0.13372,2.0,0.13373,14.0
1753521071385,09:11:11.385,AERGO/USDT:USDT,0.13365,11.0,0.13364,162.0,0.13372,2.0,0.13373,14.0
1753521071450,09:11:11.450,AERGO/USDT:USDT,0.13365,11.0,0.13364,162.0,0.13372,2.0,0.13373,14.0
1753521071799,09:11:11.799,AERGO/USDT:USDT,0.13365,11.0,0.13364,162.0,0.13372,2.0,0.13373,14.0
1753521071840,09:11:11.840,AERGO/USDT:USDT,0.13365,11.0,0.13364,162.0,0.13372,2.0,0.13373,14.0
1753521072524,09:11:12.524,AERGO/USDT:USDT,0.13365,11.0,0.13364,162.0,0.13372,2.0,0.13373,19.0
1753521072627,09:11:12.627,AERGO/USDT:USDT,0.13365,11.0,0.13364,162.0,0.13372,2.0,0.13373,19.0
1753521072658,09:11:12.658,AERGO/USDT:USDT,0.13365,11.0,0.13364,162.0,0.13372,2.0,0.13373,19.0
1753521072820,09:11:12.820,AERGO/USDT:USDT,0.13365,11.0,0.13364,162.0,0.13372,2.0,0.13373,19.0
1753521073009,09:11:13.009,AERGO/USDT:USDT,0.13365,11.0,0.13364,162.0,0.13372,2.0,0.13373,19.0
1753521073124,09:11:13.124,AERGO/USDT:USDT,0.13365,11.0,0.13364,162.0,0.13372,2.0,0.13373,19.0
1753521073186,09:11:13.186,AERGO/USDT:USDT,0.13365,11.0,0.13364,162.0,0.13372,2.0,0.13373,19.0
1753521073545,09:11:13.545,AERGO/USDT:USDT,0.13365,11.0,0.13364,162.0,0.13372,2.0,0.13373,19.0
1753521073752,09:11:13.752,AERGO/USDT:USDT,0.13365,11.0,0.13364,162.0,0.13372,2.0,0.13373,19.0
1753521073875,09:11:13.875,AERGO/USDT:USDT,0.13365,11.0,0.13364,162.0,0.13372,2.0,0.13373,19.0
1753521074281,09:11:14.281,AERGO/USDT:USDT,0.13365,11.0,0.13364,162.0,0.13372,2.0,0.13373,19.0
1753521074394,09:11:14.394,AERGO/USDT:USDT,0.13365,11.0,0.13364,162.0,0.13372,2.0,0.13373,19.0
1753521074462,09:11:14.462,AERGO/USDT:USDT,0.13365,11.0,0.13364,162.0,0.13372,2.0,0.13373,19.0
1753521075099,09:11:15.099,AERGO/USDT:USDT,0.13365,11.0,0.13364,162.0,0.13372,2.0,0.13373,19.0
1753521075201,09:11:15.201,AERGO/USDT:USDT,0.13365,11.0,0.13364,162.0,0.13372,2.0,0.13373,19.0
1753521075257,09:11:15.257,AERGO/USDT:USDT,0.13365,11.0,0.13364,162.0,0.13372,2.0,0.13373,19.0
1753521075397,09:11:15.397,AERGO/USDT:USDT,0.13365,11.0,0.13364,152.0,0.13372,2.0,0.13373,19.0
1753521075521,09:11:15.521,AERGO/USDT:USDT,0.13365,11.0,0.13364,152.0,0.13372,2.0,0.13373,19.0
1753521075961,09:11:15.961,AERGO/USDT:USDT,0.13365,11.0,0.13364,152.0,0.13372,2.0,0.13373,19.0
1753521076627,09:11:16.627,AERGO/USDT:USDT,0.13365,11.0,0.13364,152.0,0.13372,2.0,0.13373,19.0
1753521076847,09:11:16.847,AERGO/USDT:USDT,0.13365,11.0,0.13364,152.0,0.13372,2.0,0.13373,19.0
1753521077506,09:11:17.506,AERGO/USDT:USDT,0.13365,11.0,0.13364,152.0,0.13372,2.0,0.13373,19.0
1753521078360,09:11:18.360,AERGO/USDT:USDT,0.13365,11.0,0.13364,152.0,0.13372,2.0,0.13373,19.0
1753521078854,09:11:18.854,AERGO/USDT:USDT,0.13365,11.0,0.13364,152.0,0.13372,2.0,0.13373,19.0
1753521079516,09:11:19.516,AERGO/USDT:USDT,0.13365,11.0,0.13364,152.0,0.13372,2.0,0.13373,19.0
1753521079622,09:11:19.622,AERGO/USDT:USDT,0.13365,11.0,0.13364,152.0,0.13372,2.0,0.13373,19.0
1753521079698,09:11:19.698,AERGO/USDT:USDT,0.13365,11.0,0.13364,152.0,0.13372,2.0,0.13373,19.0
1753521079733,09:11:19.733,AERGO/USDT:USDT,0.13365,16.0,0.13364,152.0,0.13372,2.0,0.13373,19.0
1753521080121,09:11:20.121,AERGO/USDT:USDT,0.13365,16.0,0.13364,152.0,0.13372,2.0,0.13373,19.0
1753521084153,09:11:24.153,AERGO/USDT:USDT,0.13365,16.0,0.13364,152.0,0.13372,2.0,0.13373,19.0
1753521084575,09:11:24.575,AERGO/USDT:USDT,0.13365,16.0,0.13364,152.0,0.13372,2.0,0.13373,19.0
1753521085609,09:11:25.609,AERGO/USDT:USDT,0.13365,16.0,0.13364,152.0,0.13372,2.0,0.13373,19.0
1753521085808,09:11:25.808,AERGO/USDT:USDT,0.13365,16.0,0.13364,152.0,0.13372,2.0,0.13373,19.0
1753521086229,09:11:26.229,AERGO/USDT:USDT,0.13365,16.0,0.13364,152.0,0.13372,2.0,0.13373,19.0
1753521086229,09:11:26.229,AERGO/USDT:USDT,0.13365,16.0,0.13364,152.0,0.13372,2.0,0.13373,19.0
1753521087718,09:11:27.718,AERGO/USDT:USDT,0.13365,16.0,0.13364,152.0,0.13372,2.0,0.13373,19.0
1753521087732,09:11:27.732,AERGO/USDT:USDT,0.13365,16.0,0.13364,152.0,0.13372,2.0,0.13373,19.0
1753521088134,09:11:28.134,AERGO/USDT:USDT,0.13365,16.0,0.13364,152.0,0.13372,2.0,0.13373,19.0
1753521088543,09:11:28.543,AERGO/USDT:USDT,0.13365,11.0,0.13364,152.0,0.13371,5.0,0.13372,2.0
1753521088633,09:11:28.633,AERGO/USDT:USDT,0.13365,16.0,0.13364,157.0,0.13372,2.0,0.13373,19.0
1753521089100,09:11:29.100,AERGO/USDT:USDT,0.13365,16.0,0.13364,157.0,0.13372,2.0,0.13373,19.0
1753521089319,09:11:29.319,AERGO/USDT:USDT,0.13365,16.0,0.13364,157.0,0.13372,2.0,0.13373,19.0
1753521089332,09:11:29.332,AERGO/USDT:USDT,0.13365,16.0,0.13364,157.0,0.13372,2.0,0.13373,19.0
1753521089694,09:11:29.694,AERGO/USDT:USDT,0.13365,21.0,0.13364,157.0,0.13372,2.0,0.13373,14.0
1753521089803,09:11:29.803,AERGO/USDT:USDT,0.13365,21.0,0.13364,157.0,0.13372,2.0,0.13373,14.0
1753521089917,09:11:29.917,AERGO/USDT:USDT,0.13365,21.0,0.13364,157.0,0.13372,2.0,0.13373,14.0
1753521089944,09:11:29.944,AERGO/USDT:USDT,0.13365,21.0,0.13364,157.0,0.13372,2.0,0.13373,14.0
1753521090777,09:11:30.777,AERGO/USDT:USDT,0.13365,21.0,0.13364,157.0,0.13372,2.0,0.13373,14.0
1753521091540,09:11:31.540,AERGO/USDT:USDT,0.13365,21.0,0.13364,157.0,0.13372,2.0,0.13373,14.0
1753521092004,09:11:32.004,AERGO/USDT:USDT,0.13365,21.0,0.13364,157.0,0.13372,2.0,0.13373,14.0
1753521093058,09:11:33.058,AERGO/USDT:USDT,0.13365,21.0,0.13364,157.0,0.13372,2.0,0.13373,14.0
1753521093767,09:11:33.767,AERGO/USDT:USDT,0.13365,21.0,0.13364,157.0,0.13372,2.0,0.13373,14.0
1753521094552,09:11:34.552,AERGO/USDT:USDT,0.13368,10.0,0.13367,10.0,0.13372,2.0,0.13373,14.0
1753521094670,09:11:34.670,AERGO/USDT:USDT,0.13369,11.0,0.13368,10.0,0.13372,2.0,0.13373,14.0
1753521094926,09:11:34.926,AERGO/USDT:USDT,0.13369,11.0,0.13368,10.0,0.13372,2.0,0.13373,14.0
1753521095197,09:11:35.197,AERGO/USDT:USDT,0.13369,11.0,0.13368,10.0,0.13372,2.0,0.13373,14.0
1753521097541,09:11:37.541,AERGO/USDT:USDT,0.13369,11.0,0.13364,152.0,0.13372,2.0,0.13373,14.0
1753521097637,09:11:37.637,AERGO/USDT:USDT,0.13368,5.0,0.13367,10.0,0.13372,2.0,0.13373,14.0
1753521097770,09:11:37.770,AERGO/USDT:USDT,0.13368,16.0,0.13367,10.0,0.13372,2.0,0.13373,14.0
1753521098015,09:11:38.015,AERGO/USDT:USDT,0.13368,16.0,0.13367,10.0,0.13372,2.0,0.13373,14.0
1753521098083,09:11:38.083,AERGO/USDT:USDT,0.13368,16.0,0.13367,10.0,0.13372,2.0,0.13373,14.0
1753521098706,09:11:38.706,AERGO/USDT:USDT,0.13368,16.0,0.13367,10.0,0.13372,2.0,0.13373,14.0
1753521098825,09:11:38.825,AERGO/USDT:USDT,0.13368,16.0,0.13367,10.0,0.13372,2.0,0.13373,14.0
1753521098851,09:11:38.851,AERGO/USDT:USDT,0.13368,16.0,0.13367,10.0,0.13372,2.0,0.13373,14.0
1753521100625,09:11:40.625,AERGO/USDT:USDT,0.13368,16.0,0.13367,5.0,0.13372,2.0,0.13373,14.0
1753521101001,09:11:41.001,AERGO/USDT:USDT,0.13368,16.0,0.13367,10.0,0.13372,2.0,0.13373,14.0
1753521101296,09:11:41.296,AERGO/USDT:USDT,0.13368,16.0,0.13367,10.0,0.13372,2.0,0.13373,14.0
1753521101345,09:11:41.345,AERGO/USDT:USDT,0.13368,16.0,0.13367,10.0,0.13372,2.0,0.13373,14.0
1753521103589,09:11:43.589,AERGO/USDT:USDT,0.13368,11.0,0.13367,5.0,0.13372,2.0,0.13373,14.0
1753521103677,09:11:43.677,AERGO/USDT:USDT,0.13367,16.0,0.13366,5.0,0.13372,2.0,0.13373,14.0
1753521103746,09:11:43.746,AERGO/USDT:USDT,0.13367,16.0,0.13366,5.0,0.13372,2.0,0.13373,14.0
1753521103833,09:11:43.833,AERGO/USDT:USDT,0.13367,16.0,0.13366,5.0,0.13372,2.0,0.13373,14.0
1753521104000,09:11:44.000,AERGO/USDT:USDT,0.13367,16.0,0.13366,10.0,0.13372,2.0,0.13373,14.0
1753521104200,09:11:44.200,AERGO/USDT:USDT,0.13367,16.0,0.13366,10.0,0.13372,2.0,0.13373,14.0
1753521104490,09:11:44.490,AERGO/USDT:USDT,0.13367,16.0,0.13366,10.0,0.13372,2.0,0.13373,14.0
1753521104897,09:11:44.897,AERGO/USDT:USDT,0.13367,16.0,0.13366,10.0,0.13372,2.0,0.13373,14.0
1753521104981,09:11:44.981,AERGO/USDT:USDT,0.13367,16.0,0.13366,10.0,0.13372,2.0,0.13373,14.0
1753521106540,09:11:46.540,AERGO/USDT:USDT,0.13367,16.0,0.13366,10.0,0.13372,2.0,0.13373,14.0
1753521106635,09:11:46.635,AERGO/USDT:USDT,0.13367,16.0,0.13366,10.0,0.13372,2.0,0.13373,14.0
1753521106961,09:11:46.961,AERGO/USDT:USDT,0.13367,16.0,0.13366,10.0,0.13372,2.0,0.13373,14.0
1753521107321,09:11:47.321,AERGO/USDT:USDT,0.13367,16.0,0.13366,10.0,0.13372,2.0,0.13373,14.0
1753521107331,09:11:47.331,AERGO/USDT:USDT,0.13367,16.0,0.13366,10.0,0.13372,2.0,0.13373,14.0
1753521109347,09:11:49.347,AERGO/USDT:USDT,0.13367,16.0,0.13366,10.0,0.13372,2.0,0.13373,14.0
