timestamp,time,symbol,bid1_price,bid1_volume,bid2_price,bid2_volume,ask1_price,ask1_volume,ask2_price,ask2_volume
1753520628000,09:03:48.000,ANIME/USDT:USDT,0.019666,5.0,0.019665,1.0,0.019688,1462.0,0.01969,554.0
1753520628684,09:03:48.684,ANIME/USDT:USDT,0.019666,5.0,0.019665,1.0,0.019688,1462.0,0.01969,554.0
1753520629805,09:03:49.805,ANIME/USDT:USDT,0.019666,5.0,0.019665,1.0,0.019688,1462.0,0.01969,554.0
1753520630318,09:03:50.318,ANIME/USDT:USDT,0.019666,5.0,0.019665,1.0,0.019688,1462.0,0.01969,554.0
1753520633601,09:03:53.601,ANIME/USDT:USDT,0.019672,6144.0,0.01967,55.0,0.019688,35.0,0.01969,54.0
1753520633672,09:03:53.672,ANIME/USDT:USDT,0.019672,6144.0,0.01967,55.0,0.019689,35.0,0.01969,54.0
1753520633725,09:03:53.725,ANIME/USDT:USDT,0.019673,1843.0,0.019672,6144.0,0.019689,35.0,0.01969,54.0
1753520634008,09:03:54.008,ANIME/USDT:USDT,0.019673,1843.0,0.019672,6144.0,0.019689,35.0,0.01969,54.0
1753520634360,09:03:54.360,ANIME/USDT:USDT,0.019673,1843.0,0.019672,6144.0,0.019689,35.0,0.01969,54.0
1753520634605,09:03:54.605,ANIME/USDT:USDT,0.019673,1843.0,0.019672,6144.0,0.019689,35.0,0.019697,500.0
1753520634626,09:03:54.626,ANIME/USDT:USDT,0.019673,1843.0,0.019672,6144.0,0.019696,35.0,0.019697,500.0
1753520634801,09:03:54.801,ANIME/USDT:USDT,0.019673,1843.0,0.019672,6144.0,0.019696,35.0,0.019697,500.0
1753520635004,09:03:55.004,ANIME/USDT:USDT,0.019673,1843.0,0.019672,6144.0,0.019696,35.0,0.019697,500.0
1753520635022,09:03:55.022,ANIME/USDT:USDT,0.019673,1843.0,0.019672,6144.0,0.019696,35.0,0.019697,500.0
1753520635354,09:03:55.354,ANIME/USDT:USDT,0.019673,1843.0,0.019672,6144.0,0.019696,35.0,0.019697,500.0
1753520635591,09:03:55.591,ANIME/USDT:USDT,0.019674,1911.0,0.019673,1843.0,0.019696,35.0,0.019697,500.0
1753520635652,09:03:55.652,ANIME/USDT:USDT,0.019675,1411.0,0.019674,500.0,0.019696,35.0,0.019697,500.0
1753520636008,09:03:56.008,ANIME/USDT:USDT,0.019675,1411.0,0.019674,500.0,0.019696,35.0,0.019697,500.0
1753520636237,09:03:56.237,ANIME/USDT:USDT,0.019675,1411.0,0.019674,500.0,0.019696,35.0,0.019697,500.0
1753520636432,09:03:56.432,ANIME/USDT:USDT,0.019675,1411.0,0.019674,500.0,0.019696,35.0,0.019697,500.0
1753520636591,09:03:56.591,ANIME/USDT:USDT,0.019675,1411.0,0.019674,500.0,0.019696,35.0,0.019704,1411.0
1753520636641,09:03:56.641,ANIME/USDT:USDT,0.019675,1411.0,0.019674,500.0,0.019703,35.0,0.019705,4319.0
1753520636762,09:03:56.762,ANIME/USDT:USDT,0.019675,1411.0,0.019674,500.0,0.019704,535.0,0.019705,4319.0
1753520636822,09:03:56.822,ANIME/USDT:USDT,0.019675,1411.0,0.019674,500.0,0.019704,535.0,0.019705,4319.0
1753520637251,09:03:57.251,ANIME/USDT:USDT,0.019675,1411.0,0.019674,500.0,0.019704,535.0,0.019705,4319.0
1753520637344,09:03:57.344,ANIME/USDT:USDT,0.019675,1411.0,0.019674,500.0,0.019704,535.0,0.019705,4319.0
1753520637570,09:03:57.570,ANIME/USDT:USDT,0.019676,500.0,0.019675,1411.0,0.019704,535.0,0.019705,4319.0
1753520637908,09:03:57.908,ANIME/USDT:USDT,0.019676,1911.0,0.019674,500.0,0.019704,535.0,0.019705,4319.0
1753520638014,09:03:58.014,ANIME/USDT:USDT,0.019676,1911.0,0.019674,500.0,0.019704,535.0,0.019705,4319.0
1753520638068,09:03:58.068,ANIME/USDT:USDT,0.019676,1911.0,0.019674,4390.0,0.019704,535.0,0.019705,4319.0
1753520639121,09:03:59.121,ANIME/USDT:USDT,0.019676,1911.0,0.019674,4390.0,0.019704,535.0,0.019705,4319.0
1753520639284,09:03:59.284,ANIME/USDT:USDT,0.019676,1911.0,0.019674,4390.0,0.019704,535.0,0.019705,4319.0
1753520639405,09:03:59.405,ANIME/USDT:USDT,0.019676,1911.0,0.019674,4390.0,0.019704,535.0,0.019705,4319.0
1753520640082,09:04:00.082,ANIME/USDT:USDT,0.019676,1911.0,0.019674,4390.0,0.019704,535.0,0.019705,4319.0
1753520640125,09:04:00.125,ANIME/USDT:USDT,0.019676,1911.0,0.019674,4390.0,0.019704,535.0,0.019705,4319.0
1753520640302,09:04:00.302,ANIME/USDT:USDT,0.019678,500.0,0.019677,1431.0,0.019704,535.0,0.019705,4319.0
1753520640504,09:04:00.504,ANIME/USDT:USDT,0.019678,500.0,0.019677,1431.0,0.019704,535.0,0.019705,4319.0
1753520640961,09:04:00.961,ANIME/USDT:USDT,0.019678,500.0,0.019677,1431.0,0.019704,535.0,0.019705,4319.0
1753520641022,09:04:01.022,ANIME/USDT:USDT,0.019678,500.0,0.019677,1431.0,0.019704,535.0,0.019705,4319.0
1753520641336,09:04:01.336,ANIME/USDT:USDT,0.019678,500.0,0.019677,1431.0,0.019704,535.0,0.019705,4319.0
1753520641770,09:04:01.770,ANIME/USDT:USDT,0.019678,500.0,0.019677,1431.0,0.019704,535.0,0.019705,4319.0
1753520643756,09:04:03.756,ANIME/USDT:USDT,0.019684,6089.0,0.019677,1431.0,0.019704,644.0,0.019705,4319.0
1753520643842,09:04:03.842,ANIME/USDT:USDT,0.019684,6089.0,0.019677,1431.0,0.019704,644.0,0.019705,4319.0
1753520644011,09:04:04.011,ANIME/USDT:USDT,0.019674,3890.0,0.019673,14776.0,0.019702,500.0,0.019703,3435.0
1753520644042,09:04:04.042,ANIME/USDT:USDT,0.019674,3890.0,0.019673,14776.0,0.019701,35.0,0.019702,500.0
1753520644238,09:04:04.238,ANIME/USDT:USDT,0.019674,3890.0,0.019673,14776.0,0.019701,35.0,0.019702,500.0
1753520644357,09:04:04.357,ANIME/USDT:USDT,0.019674,3890.0,0.019673,14776.0,0.019701,35.0,0.019702,500.0
1753520644487,09:04:04.487,ANIME/USDT:USDT,0.019674,3890.0,0.019673,14776.0,0.019701,535.0,0.019702,500.0
1753520644659,09:04:04.659,ANIME/USDT:USDT,0.019674,3890.0,0.019673,14776.0,0.019701,535.0,0.019702,500.0
1753520645009,09:04:05.009,ANIME/USDT:USDT,0.019674,3890.0,0.019673,14776.0,0.019701,535.0,0.019702,500.0
1753520645022,09:04:05.022,ANIME/USDT:USDT,0.019674,3890.0,0.019673,14776.0,0.019701,535.0,0.019702,500.0
1753520646118,09:04:06.118,ANIME/USDT:USDT,0.019674,3890.0,0.019673,14776.0,0.01968,1.0,0.019701,535.0
1753520646201,09:04:06.201,ANIME/USDT:USDT,0.019674,3890.0,0.019673,14776.0,0.019679,6.0,0.01968,1.0
1753520646282,09:04:06.282,ANIME/USDT:USDT,0.019674,3890.0,0.019673,14776.0,0.019679,35.0,0.019702,807.0
1753520646402,09:04:06.402,ANIME/USDT:USDT,0.019674,3890.0,0.019673,14776.0,0.019701,535.0,0.019702,807.0
1753520646441,09:04:06.441,ANIME/USDT:USDT,0.019674,3890.0,0.019673,14776.0,0.019701,535.0,0.019702,807.0
1753520646590,09:04:06.590,ANIME/USDT:USDT,0.019674,3890.0,0.019673,14776.0,0.019701,535.0,0.019702,807.0
1753520646716,09:04:06.716,ANIME/USDT:USDT,0.019674,3890.0,0.019673,14776.0,0.019701,535.0,0.019702,807.0
1753520646896,09:04:06.896,ANIME/USDT:USDT,0.019674,3890.0,0.019673,14776.0,0.0197,1431.0,0.019701,35.0
1753520646946,09:04:06.946,ANIME/USDT:USDT,0.019674,3890.0,0.019673,14776.0,0.019698,1431.0,0.019699,35.0
1753520647047,09:04:07.047,ANIME/USDT:USDT,0.019674,3945.0,0.019673,14776.0,0.019697,1521.0,0.019702,500.0
1753520647553,09:04:07.553,ANIME/USDT:USDT,0.019674,3945.0,0.019673,14776.0,0.019697,1521.0,0.019702,500.0
1753520647899,09:04:07.899,ANIME/USDT:USDT,0.019674,3945.0,0.019673,14776.0,0.019697,1521.0,0.019702,500.0
1753520647989,09:04:07.989,ANIME/USDT:USDT,0.019674,3945.0,0.019673,14776.0,0.019697,1521.0,0.019702,500.0
1753520648192,09:04:08.192,ANIME/USDT:USDT,0.019674,3945.0,0.019673,14776.0,0.019697,1521.0,0.019702,500.0
1753520648643,09:04:08.643,ANIME/USDT:USDT,0.019674,3945.0,0.019673,14776.0,0.019697,1521.0,0.019702,500.0
1753520649805,09:04:09.805,ANIME/USDT:USDT,0.019674,3945.0,0.019673,14776.0,0.019697,1521.0,0.019702,500.0
1753520652301,09:04:12.301,ANIME/USDT:USDT,0.019674,3945.0,0.019673,14776.0,0.019697,1521.0,0.019702,807.0
1753520652322,09:04:12.322,ANIME/USDT:USDT,0.019674,3945.0,0.019673,14776.0,0.019697,1521.0,0.019702,807.0
1753520652716,09:04:12.716,ANIME/USDT:USDT,0.019666,3973.0,0.019665,13225.0,0.019692,6035.0,0.019696,1432.0
1753520652818,09:04:12.818,ANIME/USDT:USDT,0.019666,5.0,0.019665,1.0,0.019691,4558.0,0.019692,6035.0
1753520652897,09:04:12.897,ANIME/USDT:USDT,0.019666,5.0,0.019665,3880.0,0.01969,1367.0,0.019691,6369.0
1753520653005,09:04:13.005,ANIME/USDT:USDT,0.019666,5.0,0.019665,3880.0,0.019689,35.0,0.01969,1367.0
1753520653063,09:04:13.063,ANIME/USDT:USDT,0.019666,5.0,0.019665,1.0,0.019689,90.0,0.01969,1367.0
1753520653270,09:04:13.270,ANIME/USDT:USDT,0.019666,5.0,0.019665,1.0,0.019689,90.0,0.01969,1367.0
1753520653842,09:04:13.842,ANIME/USDT:USDT,0.019666,5.0,0.019665,3880.0,0.019689,90.0,0.01969,4367.0
1753520654091,09:04:14.091,ANIME/USDT:USDT,0.019666,5.0,0.019665,3880.0,0.019689,90.0,0.01969,4367.0
1753520654606,09:04:14.606,ANIME/USDT:USDT,0.019666,5.0,0.019665,3880.0,0.019689,90.0,0.01969,4367.0
1753520654622,09:04:14.622,ANIME/USDT:USDT,0.019666,5.0,0.019665,3880.0,0.019689,90.0,0.01969,4367.0
1753520654790,09:04:14.790,ANIME/USDT:USDT,0.019666,5.0,0.019665,3880.0,0.019689,1522.0,0.01969,4367.0
1753520655973,09:04:15.973,ANIME/USDT:USDT,0.019666,5.0,0.019665,1.0,0.019688,1432.0,0.019689,90.0
1753520656114,09:04:16.114,ANIME/USDT:USDT,0.019666,5.0,0.019665,1.0,0.019687,35.0,0.019688,1432.0
1753520656218,09:04:16.218,ANIME/USDT:USDT,0.019666,5.0,0.019665,1.0,0.01968,6144.0,0.019682,109.0
1753520656226,09:04:16.226,ANIME/USDT:USDT,0.019666,5.0,0.019665,1.0,0.019679,35.0,0.01968,6144.0
1753520656363,09:04:16.363,ANIME/USDT:USDT,0.019666,5.0,0.019665,1.0,0.019679,1878.0,0.01968,6144.0
1753520656502,09:04:16.502,ANIME/USDT:USDT,0.019666,5.0,0.019665,1.0,0.019679,1878.0,0.01968,6144.0
1753520656590,09:04:16.590,ANIME/USDT:USDT,0.019666,5.0,0.019665,1.0,0.019679,1878.0,0.01968,6144.0
1753520657009,09:04:17.009,ANIME/USDT:USDT,0.019666,5.0,0.019665,1.0,0.019679,1878.0,0.01968,6144.0
1753520657366,09:04:17.366,ANIME/USDT:USDT,0.019666,5.0,0.019665,1.0,0.019679,1878.0,0.01968,6144.0
1753520657518,09:04:17.518,ANIME/USDT:USDT,0.019666,5.0,0.019665,1.0,0.019678,1432.0,0.019679,1878.0
1753520657618,09:04:17.618,ANIME/USDT:USDT,0.019638,1422.0,0.019637,2236.0,0.019667,1811.0,0.019668,6035.0
1753520657694,09:04:17.694,ANIME/USDT:USDT,0.019638,1422.0,0.019637,2236.0,0.019666,35.0,0.01967,2498.0
1753520657743,09:04:17.743,ANIME/USDT:USDT,0.019638,1422.0,0.019637,2236.0,0.019667,1811.0,0.019668,6035.0
1753520657914,09:04:17.914,ANIME/USDT:USDT,0.019638,1422.0,0.019637,2236.0,0.019666,35.0,0.019667,1811.0
1753520658010,09:04:18.010,ANIME/USDT:USDT,0.019638,1422.0,0.019637,2236.0,0.019666,35.0,0.01967,2498.0
1753520658119,09:04:18.119,ANIME/USDT:USDT,0.019638,1422.0,0.019637,2236.0,0.019669,35.0,0.01967,2498.0
1753520658218,09:04:18.218,ANIME/USDT:USDT,0.01964,4833.0,0.019639,14444.0,0.019669,35.0,0.01967,2498.0
1753520658245,09:04:18.245,ANIME/USDT:USDT,0.019642,555.0,0.019641,1450.0,0.019669,35.0,0.01967,2498.0
1753520658402,09:04:18.402,ANIME/USDT:USDT,0.019649,1866.0,0.019648,6089.0,0.019669,35.0,0.01967,2552.0
1753520658506,09:04:18.506,ANIME/USDT:USDT,0.019651,3468.0,0.019649,1866.0,0.019669,35.0,0.019679,1843.0
1753520658584,09:04:18.584,ANIME/USDT:USDT,0.019651,500.0,0.019649,5530.0,0.019678,35.0,0.019679,1843.0
1753520658642,09:04:18.642,ANIME/USDT:USDT,0.019651,500.0,0.019649,5530.0,0.019678,35.0,0.019679,1843.0
1753520658721,09:04:18.721,ANIME/USDT:USDT,0.019651,500.0,0.019649,5530.0,0.019678,35.0,0.019679,1843.0
1753520658854,09:04:18.854,ANIME/USDT:USDT,0.019651,500.0,0.019649,5530.0,0.019678,35.0,0.019679,1843.0
1753520658979,09:04:18.979,ANIME/USDT:USDT,0.019651,500.0,0.019649,5530.0,0.019678,35.0,0.019679,1843.0
1753520659285,09:04:19.285,ANIME/USDT:USDT,0.019651,500.0,0.019649,5530.0,0.019678,35.0,0.019679,1843.0
1753520659342,09:04:19.342,ANIME/USDT:USDT,0.019651,500.0,0.01965,500.0,0.019678,35.0,0.019679,1843.0
1753520659506,09:04:19.506,ANIME/USDT:USDT,0.019651,500.0,0.01965,500.0,0.019678,90.0,0.019679,1843.0
1753520659702,09:04:19.702,ANIME/USDT:USDT,0.019651,500.0,0.01965,500.0,0.019678,90.0,0.019679,1843.0
1753520660410,09:04:20.410,ANIME/USDT:USDT,0.019651,500.0,0.01965,500.0,0.019678,90.0,0.019679,1843.0
1753520660653,09:04:20.653,ANIME/USDT:USDT,0.019651,500.0,0.01965,500.0,0.019678,90.0,0.019679,1843.0
1753520661287,09:04:21.287,ANIME/USDT:USDT,0.01965,500.0,0.019649,5530.0,0.019678,90.0,0.019679,1843.0
1753520661409,09:04:21.409,ANIME/USDT:USDT,0.01965,500.0,0.019649,5530.0,0.019678,90.0,0.019679,1843.0
1753520661652,09:04:21.652,ANIME/USDT:USDT,0.01965,500.0,0.019649,5530.0,0.019678,90.0,0.019679,1843.0
1753520661807,09:04:21.807,ANIME/USDT:USDT,0.01965,500.0,0.019649,5530.0,0.019678,90.0,0.019679,1843.0
1753520662128,09:04:22.128,ANIME/USDT:USDT,0.01965,500.0,0.019649,5530.0,0.019678,90.0,0.019679,1843.0
1753520662541,09:04:22.541,ANIME/USDT:USDT,0.01965,500.0,0.019649,5530.0,0.019678,90.0,0.019679,1843.0
1753520662889,09:04:22.889,ANIME/USDT:USDT,0.01965,500.0,0.019649,5530.0,0.019678,90.0,0.019679,1843.0
1753520663072,09:04:23.072,ANIME/USDT:USDT,0.01965,500.0,0.019649,5530.0,0.019678,90.0,0.019679,1843.0
1753520663380,09:04:23.380,ANIME/USDT:USDT,0.01965,500.0,0.019649,5530.0,0.019678,90.0,0.019679,1843.0
1753520663432,09:04:23.432,ANIME/USDT:USDT,0.019651,509.0,0.01965,500.0,0.019677,13.0,0.019678,90.0
1753520663554,09:04:23.554,ANIME/USDT:USDT,0.019651,509.0,0.01965,500.0,0.019677,13.0,0.019678,90.0
1753520663789,09:04:23.789,ANIME/USDT:USDT,0.019651,509.0,0.01965,500.0,0.019677,13.0,0.019678,90.0
1753520663907,09:04:23.907,ANIME/USDT:USDT,0.019651,509.0,0.01965,500.0,0.019677,13.0,0.019678,90.0
1753520663922,09:04:23.922,ANIME/USDT:USDT,0.019651,509.0,0.01965,500.0,0.019677,13.0,0.019678,90.0
1753520664159,09:04:24.159,ANIME/USDT:USDT,0.019651,509.0,0.01965,500.0,0.019677,13.0,0.019678,90.0
1753520664573,09:04:24.573,ANIME/USDT:USDT,0.019651,509.0,0.01965,500.0,0.019677,13.0,0.019678,90.0
1753520665262,09:04:25.262,ANIME/USDT:USDT,0.019651,509.0,0.01965,500.0,0.019677,13.0,0.019678,90.0
1753520665516,09:04:25.516,ANIME/USDT:USDT,0.019651,509.0,0.01965,500.0,0.019677,1444.0,0.019678,90.0
1753520665529,09:04:25.529,ANIME/USDT:USDT,0.019651,509.0,0.01965,500.0,0.019676,535.0,0.019677,1444.0
1753520665626,09:04:25.626,ANIME/USDT:USDT,0.019651,509.0,0.01965,500.0,0.019675,13.0,0.019676,535.0
1753520665809,09:04:25.809,ANIME/USDT:USDT,0.019651,509.0,0.01965,500.0,0.019675,13.0,0.019676,535.0
1753520665827,09:04:25.827,ANIME/USDT:USDT,0.019651,509.0,0.01965,500.0,0.019675,13.0,0.019676,535.0
1753520666149,09:04:26.149,ANIME/USDT:USDT,0.019651,509.0,0.01965,500.0,0.019675,13.0,0.019676,535.0
1753520666304,09:04:26.304,ANIME/USDT:USDT,0.019651,509.0,0.01965,500.0,0.019675,13.0,0.019676,535.0
1753520666360,09:04:26.360,ANIME/USDT:USDT,0.019651,509.0,0.01965,500.0,0.019675,13.0,0.019676,535.0
1753520666607,09:04:26.607,ANIME/USDT:USDT,0.019651,509.0,0.01965,500.0,0.019675,13.0,0.019676,535.0
1753520666623,09:04:26.623,ANIME/USDT:USDT,0.019651,509.0,0.01965,500.0,0.019675,13.0,0.019676,535.0
1753520667101,09:04:27.101,ANIME/USDT:USDT,0.019651,509.0,0.01965,500.0,0.019675,13.0,0.019676,535.0
1753520667254,09:04:27.254,ANIME/USDT:USDT,0.019651,509.0,0.01965,500.0,0.019675,13.0,0.019676,535.0
1753520667457,09:04:27.457,ANIME/USDT:USDT,0.019651,509.0,0.01965,500.0,0.019675,13.0,0.019676,535.0
1753520667874,09:04:27.874,ANIME/USDT:USDT,0.019651,509.0,0.01965,500.0,0.019675,13.0,0.019676,535.0
1753520668582,09:04:28.582,ANIME/USDT:USDT,0.019651,509.0,0.01965,500.0,0.019675,13.0,0.019676,535.0
1753520669206,09:04:29.206,ANIME/USDT:USDT,0.019651,9.0,0.01965,500.0,0.019675,13.0,0.019676,535.0
1753520670073,09:04:30.073,ANIME/USDT:USDT,0.019651,9.0,0.01965,500.0,0.019675,13.0,0.019676,535.0
1753520670198,09:04:30.198,ANIME/USDT:USDT,0.019651,509.0,0.01965,500.0,0.019675,13.0,0.019676,535.0
1753520671406,09:04:31.406,ANIME/USDT:USDT,0.019651,509.0,0.01965,500.0,0.019675,13.0,0.019676,535.0
1753520671578,09:04:31.578,ANIME/USDT:USDT,0.019651,509.0,0.01965,500.0,0.019675,13.0,0.019676,535.0
1753520672175,09:04:32.175,ANIME/USDT:USDT,0.019651,509.0,0.01965,500.0,0.019675,13.0,0.019676,535.0
1753520673085,09:04:33.085,ANIME/USDT:USDT,0.019651,509.0,0.01965,500.0,0.019675,13.0,0.019676,535.0
1753520674154,09:04:34.154,ANIME/USDT:USDT,0.019651,509.0,0.01965,500.0,0.019675,13.0,0.019676,535.0
1753520674252,09:04:34.252,ANIME/USDT:USDT,0.019651,509.0,0.01965,500.0,0.019675,13.0,0.019676,535.0
1753520674577,09:04:34.577,ANIME/USDT:USDT,0.019651,509.0,0.01965,500.0,0.019675,13.0,0.019676,535.0
1753520676100,09:04:36.100,ANIME/USDT:USDT,0.019651,509.0,0.01965,500.0,0.019675,13.0,0.019676,535.0
1753520676206,09:04:36.206,ANIME/USDT:USDT,0.019651,509.0,0.01965,500.0,0.019675,13.0,0.019676,535.0
1753520676334,09:04:36.334,ANIME/USDT:USDT,0.019651,509.0,0.01965,500.0,0.019675,13.0,0.019676,535.0
1753520676745,09:04:36.745,ANIME/USDT:USDT,0.019651,509.0,0.01965,500.0,0.019675,13.0,0.019676,535.0
1753520676918,09:04:36.918,ANIME/USDT:USDT,0.019651,509.0,0.01965,500.0,0.019675,13.0,0.019676,535.0
1753520677601,09:04:37.601,ANIME/USDT:USDT,0.019651,509.0,0.01965,500.0,0.019675,13.0,0.019676,535.0
1753520678109,09:04:38.109,ANIME/USDT:USDT,0.019651,509.0,0.01965,500.0,0.019675,13.0,0.019676,535.0
1753520678179,09:04:38.179,ANIME/USDT:USDT,0.019651,509.0,0.01965,500.0,0.019675,13.0,0.019676,535.0
1753520678382,09:04:38.382,ANIME/USDT:USDT,0.019651,509.0,0.01965,500.0,0.019675,13.0,0.019676,535.0
1753520679677,09:04:39.677,ANIME/USDT:USDT,0.019651,509.0,0.01965,500.0,0.019675,13.0,0.019676,535.0
1753520680086,09:04:40.086,ANIME/USDT:USDT,0.019651,509.0,0.01965,500.0,0.019675,13.0,0.019676,535.0
1753520681006,09:04:41.006,ANIME/USDT:USDT,0.019651,509.0,0.01965,500.0,0.019675,13.0,0.019676,535.0
1753520682064,09:04:42.064,ANIME/USDT:USDT,0.019651,509.0,0.01965,500.0,0.019675,13.0,0.019676,535.0
1753520683687,09:04:43.687,ANIME/USDT:USDT,0.019651,509.0,0.01965,500.0,0.019675,13.0,0.019676,535.0
1753520684042,09:04:44.042,ANIME/USDT:USDT,0.019651,509.0,0.01965,500.0,0.019675,13.0,0.019676,535.0
1753520684162,09:04:44.162,ANIME/USDT:USDT,0.019651,509.0,0.01965,500.0,0.019675,13.0,0.019676,535.0
1753520685807,09:04:45.807,ANIME/USDT:USDT,0.019651,509.0,0.01965,500.0,0.019675,13.0,0.019676,535.0
1753520686009,09:04:46.009,ANIME/USDT:USDT,0.019651,9.0,0.01965,500.0,0.019675,13.0,0.019676,535.0
1753520686020,09:04:46.020,ANIME/USDT:USDT,0.019651,509.0,0.01965,500.0,0.019675,13.0,0.019676,535.0
1753520686308,09:04:46.308,ANIME/USDT:USDT,0.01966,6035.0,0.019652,1379.0,0.019675,13.0,0.019676,35.0
1753520686412,09:04:46.412,ANIME/USDT:USDT,0.019661,2336.0,0.01966,9977.0,0.01968,102.0,0.019685,5.0
1753520686512,09:04:46.512,ANIME/USDT:USDT,0.019661,2336.0,0.01966,9977.0,0.01968,102.0,0.019685,5.0
1753520686570,09:04:46.570,ANIME/USDT:USDT,0.019661,2336.0,0.01966,9977.0,0.01968,102.0,0.019685,5.0
1753520686797,09:04:46.797,ANIME/USDT:USDT,0.019661,2336.0,0.01966,9977.0,0.01968,102.0,0.019685,5.0
1753520687012,09:04:47.012,ANIME/USDT:USDT,0.019661,2336.0,0.01966,9977.0,0.01968,102.0,0.019685,5.0
1753520687050,09:04:47.050,ANIME/USDT:USDT,0.019661,2336.0,0.01966,9977.0,0.01968,47.0,0.019685,5.0
1753520687152,09:04:47.152,ANIME/USDT:USDT,0.019661,2336.0,0.01966,9977.0,0.019684,47.0,0.019685,5.0
1753520687305,09:04:47.305,ANIME/USDT:USDT,0.019661,2336.0,0.01966,9977.0,0.019684,47.0,0.019685,5.0
1753520687341,09:04:47.341,ANIME/USDT:USDT,0.019661,2336.0,0.01966,9977.0,0.019684,47.0,0.019685,5.0
1753520687511,09:04:47.511,ANIME/USDT:USDT,0.019661,2336.0,0.01966,9977.0,0.019684,47.0,0.019685,5.0
1753520687563,09:04:47.563,ANIME/USDT:USDT,0.019661,2336.0,0.01966,9977.0,0.019684,47.0,0.019685,5.0
1753520687676,09:04:47.676,ANIME/USDT:USDT,0.019661,2336.0,0.01966,9977.0,0.019684,47.0,0.019685,5.0
1753520688282,09:04:48.282,ANIME/USDT:USDT,0.019661,2336.0,0.01966,9977.0,0.019684,47.0,0.019685,5.0
1753520688556,09:04:48.556,ANIME/USDT:USDT,0.019661,2336.0,0.01966,9977.0,0.019684,47.0,0.019685,5.0
1753520688796,09:04:48.796,ANIME/USDT:USDT,0.019661,2336.0,0.01966,9977.0,0.019684,47.0,0.019685,5.0
1753520689245,09:04:49.245,ANIME/USDT:USDT,0.019661,2336.0,0.01966,9977.0,0.019684,47.0,0.019685,5.0
1753520689713,09:04:49.713,ANIME/USDT:USDT,0.019661,2336.0,0.01966,9977.0,0.019684,47.0,0.019685,5.0
1753520689759,09:04:49.759,ANIME/USDT:USDT,0.019661,2336.0,0.01966,9977.0,0.019684,47.0,0.019685,5.0
1753520689930,09:04:49.930,ANIME/USDT:USDT,0.019661,2336.0,0.01966,9977.0,0.019684,47.0,0.019685,5.0
1753520690257,09:04:50.257,ANIME/USDT:USDT,0.019661,2336.0,0.01966,9977.0,0.019684,47.0,0.019685,5.0
1753520690357,09:04:50.357,ANIME/USDT:USDT,0.019661,2336.0,0.01966,9977.0,0.019684,47.0,0.019685,5.0
1753520690606,09:04:50.606,ANIME/USDT:USDT,0.019661,2336.0,0.01966,9977.0,0.019684,47.0,0.019685,5.0
1753520690622,09:04:50.622,ANIME/USDT:USDT,0.019661,2336.0,0.01966,9977.0,0.019684,47.0,0.019685,5.0
1753520690756,09:04:50.756,ANIME/USDT:USDT,0.019661,2336.0,0.01966,9977.0,0.019684,47.0,0.019685,5.0
1753520691118,09:04:51.118,ANIME/USDT:USDT,0.019661,2336.0,0.01966,9977.0,0.019684,47.0,0.019685,5.0
1753520692024,09:04:52.024,ANIME/USDT:USDT,0.019661,2336.0,0.01966,9977.0,0.019684,47.0,0.019685,5.0
1753520693582,09:04:53.582,ANIME/USDT:USDT,0.019661,2336.0,0.01966,9977.0,0.019684,47.0,0.019685,5.0
1753520695195,09:04:55.195,ANIME/USDT:USDT,0.019661,2336.0,0.01966,9977.0,0.019684,47.0,0.019685,5.0
1753520695408,09:04:55.408,ANIME/USDT:USDT,0.019661,2336.0,0.01966,9977.0,0.019684,47.0,0.019685,5.0
1753520696574,09:04:56.574,ANIME/USDT:USDT,0.019661,2336.0,0.01966,9977.0,0.019684,47.0,0.019685,5.0
1753520699741,09:04:59.741,ANIME/USDT:USDT,0.019661,2336.0,0.01966,9977.0,0.019684,47.0,0.019685,5.0
1753520700007,09:05:00.007,ANIME/USDT:USDT,0.019661,2336.0,0.01966,9977.0,0.019684,47.0,0.019685,5.0
1753520700082,09:05:00.082,ANIME/USDT:USDT,0.019661,1774.0,0.01966,9977.0,0.019684,47.0,0.019685,5.0
1753520700207,09:05:00.207,ANIME/USDT:USDT,0.019661,1774.0,0.01966,9977.0,0.019685,5.0,0.019688,552.0
1753520700280,09:05:00.280,ANIME/USDT:USDT,0.019661,1774.0,0.01966,9977.0,0.019685,5.0,0.019688,552.0
1753520700374,09:05:00.374,ANIME/USDT:USDT,0.019661,1774.0,0.01966,9977.0,0.019685,5.0,0.019688,552.0
1753520700619,09:05:00.619,ANIME/USDT:USDT,0.019661,1774.0,0.01966,9977.0,0.019685,5.0,0.019688,552.0
1753520700621,09:05:00.621,ANIME/USDT:USDT,0.019661,1774.0,0.01966,9977.0,0.019685,5.0,0.019688,552.0
1753520700738,09:05:00.738,ANIME/USDT:USDT,0.019661,1774.0,0.01966,9977.0,0.019685,5.0,0.019688,552.0
1753520700852,09:05:00.852,ANIME/USDT:USDT,0.019662,500.0,0.019661,1774.0,0.019685,5.0,0.019688,552.0
1753520701172,09:05:01.172,ANIME/USDT:USDT,0.019662,500.0,0.019661,1774.0,0.019685,5.0,0.019688,552.0
1753520701598,09:05:01.598,ANIME/USDT:USDT,0.019662,500.0,0.019661,1774.0,0.019685,5.0,0.019688,552.0
1753520702005,09:05:02.005,ANIME/USDT:USDT,0.019662,500.0,0.019661,1774.0,0.019685,5.0,0.019688,552.0
1753520702022,09:05:02.022,ANIME/USDT:USDT,0.019662,500.0,0.019661,1774.0,0.019685,5.0,0.019688,552.0
1753520703007,09:05:03.007,ANIME/USDT:USDT,0.019662,500.0,0.019661,1774.0,0.019685,5.0,0.019688,552.0
1753520703442,09:05:03.442,ANIME/USDT:USDT,0.019662,500.0,0.019661,1774.0,0.019685,5.0,0.019688,552.0
1753520703527,09:05:03.527,ANIME/USDT:USDT,0.019662,500.0,0.019661,1774.0,0.019685,5.0,0.019688,500.0
1753520704638,09:05:04.638,ANIME/USDT:USDT,0.019662,500.0,0.019661,1774.0,0.019685,5.0,0.019688,500.0
1753520705007,09:05:05.007,ANIME/USDT:USDT,0.019662,500.0,0.019661,1774.0,0.019685,5.0,0.019688,500.0
1753520705506,09:05:05.506,ANIME/USDT:USDT,0.019662,500.0,0.019661,1774.0,0.019685,5.0,0.019688,500.0
1753520705522,09:05:05.522,ANIME/USDT:USDT,0.019662,500.0,0.019661,1774.0,0.019685,5.0,0.019688,500.0
1753520705772,09:05:05.772,ANIME/USDT:USDT,0.019662,500.0,0.019661,1774.0,0.019685,5.0,0.019688,500.0
1753520705904,09:05:05.904,ANIME/USDT:USDT,0.019662,500.0,0.019661,1774.0,0.019685,5.0,0.019688,500.0
1753520706662,09:05:06.662,ANIME/USDT:USDT,0.019662,500.0,0.019661,1774.0,0.019685,5.0,0.019688,500.0
1753520707008,09:05:07.008,ANIME/USDT:USDT,0.019662,500.0,0.019661,1774.0,0.019685,5.0,0.019688,500.0
1753520707022,09:05:07.022,ANIME/USDT:USDT,0.019662,500.0,0.019661,1774.0,0.019685,5.0,0.019688,500.0
1753520708007,09:05:08.007,ANIME/USDT:USDT,0.019662,500.0,0.019661,1774.0,0.019685,5.0,0.019688,500.0
1753520709197,09:05:09.197,ANIME/USDT:USDT,0.019662,500.0,0.019661,1774.0,0.019685,5.0,0.019688,500.0
1753520709807,09:05:09.807,ANIME/USDT:USDT,0.019662,500.0,0.019661,1774.0,0.019685,5.0,0.019688,500.0
1753520710119,09:05:10.119,ANIME/USDT:USDT,0.019654,3967.0,0.019649,7160.0,0.019679,6035.0,0.019684,307.0
1753520710209,09:05:10.209,ANIME/USDT:USDT,0.019649,1811.0,0.019645,1432.0,0.019675,6035.0,0.019678,52.0
1753520710303,09:05:10.303,ANIME/USDT:USDT,0.019638,1422.0,0.019637,2236.0,0.019671,1394.0,0.019674,1863.0
1753520710412,09:05:10.412,ANIME/USDT:USDT,0.019639,12890.0,0.019638,1422.0,0.019669,1394.0,0.01967,1446.0
1753520710515,09:05:10.515,ANIME/USDT:USDT,0.01964,4367.0,0.019639,12890.0,0.019668,52.0,0.019669,1394.0
1753520710596,09:05:10.596,ANIME/USDT:USDT,0.01964,4367.0,0.019639,12890.0,0.019667,1364.0,0.019668,4075.0
1753520710644,09:05:10.644,ANIME/USDT:USDT,0.01964,4367.0,0.019639,12890.0,0.019666,52.0,0.019667,1364.0
1753520710760,09:05:10.760,ANIME/USDT:USDT,0.019641,500.0,0.01964,4367.0,0.019666,52.0,0.019667,1364.0
1753520711007,09:05:11.007,ANIME/USDT:USDT,0.019641,500.0,0.01964,4367.0,0.019666,52.0,0.019667,1364.0
1753520711078,09:05:11.078,ANIME/USDT:USDT,0.019641,571.0,0.01964,4367.0,0.019666,52.0,0.019667,1364.0
1753520711525,09:05:11.525,ANIME/USDT:USDT,0.019641,571.0,0.01964,4367.0,0.019666,52.0,0.019667,1364.0
1753520711962,09:05:11.962,ANIME/USDT:USDT,0.019641,571.0,0.01964,4367.0,0.019666,52.0,0.019667,1364.0
1753520713064,09:05:13.064,ANIME/USDT:USDT,0.019641,571.0,0.01964,3867.0,0.019666,52.0,0.019667,1364.0
1753520713214,09:05:13.214,ANIME/USDT:USDT,0.019641,500.0,0.019637,2236.0,0.019662,1811.0,0.019663,6035.0
1753520713315,09:05:13.315,ANIME/USDT:USDT,0.019641,500.0,0.01963,1432.0,0.019661,193.0,0.019662,1811.0
1753520713401,09:05:13.401,ANIME/USDT:USDT,0.019641,500.0,0.019634,3868.0,0.019661,193.0,0.019662,1811.0
1753520713515,09:05:13.515,ANIME/USDT:USDT,0.019641,500.0,0.019634,3868.0,0.019661,193.0,0.019662,1811.0
1753520713606,09:05:13.606,ANIME/USDT:USDT,0.019641,500.0,0.019634,3868.0,0.019661,193.0,0.019662,1811.0
1753520713707,09:05:13.707,ANIME/USDT:USDT,0.019641,500.0,0.019634,3868.0,0.019661,693.0,0.019662,1811.0
1753520714788,09:05:14.788,ANIME/USDT:USDT,0.019641,500.0,0.019634,3868.0,0.019661,693.0,0.019662,1811.0
1753520714904,09:05:14.904,ANIME/USDT:USDT,0.019641,500.0,0.019634,3868.0,0.019661,693.0,0.019662,1811.0
1753520715008,09:05:15.008,ANIME/USDT:USDT,0.019641,500.0,0.019634,3868.0,0.019661,693.0,0.019662,1811.0
1753520715021,09:05:15.021,ANIME/USDT:USDT,0.019641,500.0,0.019634,3868.0,0.019661,693.0,0.019662,1811.0
1753520715620,09:05:15.620,ANIME/USDT:USDT,0.019641,500.0,0.019634,3868.0,0.019661,693.0,0.019662,1811.0
1753520715622,09:05:15.622,ANIME/USDT:USDT,0.019641,500.0,0.019634,3868.0,0.019661,693.0,0.019662,1811.0
1753520715958,09:05:15.958,ANIME/USDT:USDT,0.019641,500.0,0.019634,3868.0,0.019661,693.0,0.019662,1811.0
1753520716602,09:05:16.602,ANIME/USDT:USDT,0.019634,3868.0,0.019633,12892.0,0.019661,693.0,0.019662,1811.0
1753520716682,09:05:16.682,ANIME/USDT:USDT,0.019635,500.0,0.019634,3868.0,0.019661,693.0,0.019662,5453.0
1753520716742,09:05:16.742,ANIME/USDT:USDT,0.019635,500.0,0.019634,3868.0,0.019661,693.0,0.019662,5453.0
1753520716897,09:05:16.897,ANIME/USDT:USDT,0.019635,500.0,0.019634,3868.0,0.019661,693.0,0.019662,5453.0
1753520717611,09:05:17.611,ANIME/USDT:USDT,0.019635,500.0,0.019634,3868.0,0.019661,693.0,0.019662,5453.0
1753520717766,09:05:17.766,ANIME/USDT:USDT,0.019635,500.0,0.019634,3868.0,0.019661,693.0,0.019662,5453.0
1753520718002,09:05:18.002,ANIME/USDT:USDT,0.019635,500.0,0.019634,3868.0,0.019661,693.0,0.019662,5453.0
1753520721801,09:05:21.801,ANIME/USDT:USDT,0.019635,500.0,0.019634,3868.0,0.019661,693.0,0.019662,5453.0
1753520721822,09:05:21.822,ANIME/USDT:USDT,0.019635,500.0,0.019634,3868.0,0.019661,693.0,0.019662,5453.0
1753520722411,09:05:22.411,ANIME/USDT:USDT,0.019635,500.0,0.019634,3868.0,0.019661,693.0,0.019662,5453.0
1753520727212,09:05:27.212,ANIME/USDT:USDT,0.019635,500.0,0.019634,3868.0,0.019661,693.0,0.019662,5453.0
1753520727601,09:05:27.601,ANIME/USDT:USDT,0.019635,500.0,0.019634,3868.0,0.019661,693.0,0.019662,5453.0
1753520728596,09:05:28.596,ANIME/USDT:USDT,0.019635,500.0,0.019634,3868.0,0.019661,693.0,0.019662,5453.0
1753520728666,09:05:28.666,ANIME/USDT:USDT,0.019635,500.0,0.019634,3868.0,0.019661,693.0,0.019662,5453.0
1753520729258,09:05:29.258,ANIME/USDT:USDT,0.019635,500.0,0.019634,3868.0,0.019661,693.0,0.019662,5453.0
1753520731604,09:05:31.604,ANIME/USDT:USDT,0.019645,71.0,0.019635,500.0,0.019661,622.0,0.019662,5453.0
1753520731682,09:05:31.682,ANIME/USDT:USDT,0.019645,71.0,0.019635,500.0,0.019661,693.0,0.019662,5524.0
1753520731813,09:05:31.813,ANIME/USDT:USDT,0.019645,141.0,0.019644,70.0,0.019661,693.0,0.019662,5524.0
1753520732011,09:05:32.011,ANIME/USDT:USDT,0.019645,141.0,0.019644,70.0,0.019661,693.0,0.019662,5524.0
1753520732642,09:05:32.642,ANIME/USDT:USDT,0.019645,141.0,0.019644,70.0,0.019661,693.0,0.019662,5524.0
1753520732937,09:05:32.937,ANIME/USDT:USDT,0.019645,70.0,0.019644,70.0,0.019661,693.0,0.019662,5524.0
1753520734616,09:05:34.616,ANIME/USDT:USDT,0.019635,500.0,0.019634,3868.0,0.019661,693.0,0.019662,5524.0
1753520734681,09:05:34.681,ANIME/USDT:USDT,0.019635,500.0,0.019634,3868.0,0.019661,693.0,0.019662,5524.0
1753520735515,09:05:35.515,ANIME/USDT:USDT,0.019635,500.0,0.019634,3868.0,0.019661,693.0,0.019662,5524.0
1753520736148,09:05:36.148,ANIME/USDT:USDT,0.019635,500.0,0.019634,3868.0,0.019661,622.0,0.019662,5453.0
1753520736662,09:05:36.662,ANIME/USDT:USDT,0.019638,1811.0,0.019637,6035.0,0.019661,552.0,0.019662,5453.0
1753520736813,09:05:36.813,ANIME/USDT:USDT,0.019634,3868.0,0.019633,12892.0,0.019661,552.0,0.019662,5453.0
1753520737180,09:05:37.180,ANIME/USDT:USDT,0.019634,3868.0,0.019633,12892.0,0.019661,552.0,0.019662,5453.0
1753520737382,09:05:37.382,ANIME/USDT:USDT,0.019638,500.0,0.019637,6035.0,0.019661,1819.0,0.019662,9677.0
1753520737422,09:05:37.422,ANIME/USDT:USDT,0.019638,2311.0,0.019637,6035.0,0.019661,1819.0,0.019662,9677.0
1753520737601,09:05:37.601,ANIME/USDT:USDT,0.019638,500.0,0.019637,6035.0,0.019661,1819.0,0.019662,9677.0
1753520737682,09:05:37.682,ANIME/USDT:USDT,0.019638,2311.0,0.019637,6035.0,0.019661,1819.0,0.019662,9677.0
1753520738424,09:05:38.424,ANIME/USDT:USDT,0.019638,2311.0,0.019637,6035.0,0.019661,1819.0,0.019662,9677.0
1753520738670,09:05:38.670,ANIME/USDT:USDT,0.019639,218.0,0.019638,2311.0,0.019661,1819.0,0.019662,9677.0
1753520738913,09:05:38.913,ANIME/USDT:USDT,0.019638,2311.0,0.019635,1384.0,0.019661,1819.0,0.019662,9677.0
1753520738922,09:05:38.922,ANIME/USDT:USDT,0.019638,500.0,0.019634,3868.0,0.019661,1819.0,0.019662,9677.0
1753520739285,09:05:39.285,ANIME/USDT:USDT,0.019638,500.0,0.019634,3868.0,0.019661,1819.0,0.019662,9677.0
1753520739677,09:05:39.677,ANIME/USDT:USDT,0.019638,500.0,0.019634,3868.0,0.019661,1819.0,0.019662,9677.0
1753520740099,09:05:40.099,ANIME/USDT:USDT,0.019638,500.0,0.019634,3868.0,0.019661,1819.0,0.019662,9677.0
1753520740611,09:05:40.611,ANIME/USDT:USDT,0.019634,3868.0,0.019633,12892.0,0.019661,1960.0,0.019662,9677.0
1753520740918,09:05:40.918,ANIME/USDT:USDT,0.019634,3868.0,0.019633,12892.0,0.019661,1960.0,0.019662,9677.0
1753520741402,09:05:41.402,ANIME/USDT:USDT,0.019635,500.0,0.019634,3868.0,0.019661,1960.0,0.019662,9677.0
1753520741612,09:05:41.612,ANIME/USDT:USDT,0.019635,500.0,0.019634,3868.0,0.019661,1960.0,0.019662,9677.0
1753520741756,09:05:41.756,ANIME/USDT:USDT,0.019635,500.0,0.019634,3868.0,0.019661,1960.0,0.019662,9677.0
1753520742573,09:05:42.573,ANIME/USDT:USDT,0.019635,500.0,0.019634,3868.0,0.019661,1960.0,0.019662,9677.0
1753520742985,09:05:42.985,ANIME/USDT:USDT,0.019635,500.0,0.019634,3868.0,0.019661,1960.0,0.019662,9677.0
1753520743604,09:05:43.604,ANIME/USDT:USDT,0.019635,500.0,0.019634,3868.0,0.019661,1960.0,0.019662,9677.0
1753520743674,09:05:43.674,ANIME/USDT:USDT,0.019635,500.0,0.019634,3868.0,0.019661,1960.0,0.019662,9677.0
1753520746411,09:05:46.411,ANIME/USDT:USDT,0.019635,500.0,0.019634,3868.0,0.019661,1960.0,0.019662,9677.0
1753520746598,09:05:46.598,ANIME/USDT:USDT,0.019635,500.0,0.019634,3868.0,0.019661,1960.0,0.019662,9677.0
1753520746644,09:05:46.644,ANIME/USDT:USDT,0.019635,500.0,0.019634,3868.0,0.019661,1960.0,0.019662,9677.0
1753520746993,09:05:46.993,ANIME/USDT:USDT,0.019635,500.0,0.019626,1368.0,0.01966,1377.0,0.019661,1960.0
1753520747117,09:05:47.117,ANIME/USDT:USDT,0.019635,500.0,0.019626,1368.0,0.019659,500.0,0.01966,1877.0
1753520747205,09:05:47.205,ANIME/USDT:USDT,0.019624,3.0,0.019622,1432.0,0.019659,500.0,0.01966,500.0
1753520747314,09:05:47.314,ANIME/USDT:USDT,0.019624,1380.0,0.01962,1.0,0.019647,6035.0,0.019659,552.0
1753520747414,09:05:47.414,ANIME/USDT:USDT,0.019641,1235.0,0.019624,1380.0,0.019647,6035.0,0.019659,1920.0
1753520747517,09:05:47.517,ANIME/USDT:USDT,0.019624,1380.0,0.01962,1.0,0.019645,4023.0,0.019646,1689.0
1753520747614,09:05:47.614,ANIME/USDT:USDT,0.019624,1380.0,0.01962,1.0,0.019645,4023.0,0.019646,2659.0
1753520747706,09:05:47.706,ANIME/USDT:USDT,0.019624,1380.0,0.01962,1.0,0.019645,4094.0,0.019646,43.0
1753520747801,09:05:47.801,ANIME/USDT:USDT,0.019624,1380.0,0.01962,1.0,0.019645,6159.0,0.019646,15387.0
1753520747886,09:05:47.886,ANIME/USDT:USDT,0.019624,1380.0,0.01962,1.0,0.019645,4094.0,0.019646,15387.0
1753520748015,09:05:48.015,ANIME/USDT:USDT,0.019624,3.0,0.01962,1.0,0.019644,1298.0,0.019645,8366.0
1753520748096,09:05:48.096,ANIME/USDT:USDT,0.019624,3.0,0.019622,71.0,0.019643,9.0,0.019644,1298.0
1753520748211,09:05:48.211,ANIME/USDT:USDT,0.019624,3.0,0.019623,70.0,0.019643,9.0,0.019644,1298.0
1753520748313,09:05:48.313,ANIME/USDT:USDT,0.019624,3.0,0.019623,70.0,0.019643,52.0,0.019644,1298.0
1753520748354,09:05:48.354,ANIME/USDT:USDT,0.019624,3.0,0.019623,70.0,0.019643,52.0,0.019644,1298.0
1753520748460,09:05:48.460,ANIME/USDT:USDT,0.019624,3.0,0.019623,70.0,0.019643,52.0,0.019644,1298.0
1753520748610,09:05:48.610,ANIME/USDT:USDT,0.019624,3.0,0.019623,70.0,0.019643,123.0,0.019644,1298.0
1753520748857,09:05:48.857,ANIME/USDT:USDT,0.019624,3.0,0.019623,70.0,0.019643,123.0,0.019644,1298.0
1753520749004,09:05:49.004,ANIME/USDT:USDT,0.019624,3.0,0.019623,70.0,0.019643,52.0,0.019644,1298.0
1753520749407,09:05:49.407,ANIME/USDT:USDT,0.019624,3.0,0.019623,70.0,0.019643,52.0,0.019644,1298.0
1753520749445,09:05:49.445,ANIME/USDT:USDT,0.019624,3.0,0.019623,70.0,0.019643,52.0,0.019644,1298.0
1753520749599,09:05:49.599,ANIME/USDT:USDT,0.019624,3.0,0.019623,70.0,0.019643,52.0,0.019644,1298.0
1753520749691,09:05:49.691,ANIME/USDT:USDT,0.019624,3.0,0.019623,70.0,0.019643,52.0,0.019644,1298.0
1753520749721,09:05:49.721,ANIME/USDT:USDT,0.019624,3.0,0.019623,70.0,0.019643,52.0,0.019644,1298.0
1753520749952,09:05:49.952,ANIME/USDT:USDT,0.019624,3.0,0.019623,70.0,0.019643,52.0,0.019644,1298.0
1753520750180,09:05:50.180,ANIME/USDT:USDT,0.019624,3.0,0.019623,70.0,0.019643,52.0,0.019644,1298.0
1753520750279,09:05:50.279,ANIME/USDT:USDT,0.019624,3.0,0.019623,70.0,0.019643,52.0,0.019644,1298.0
1753520750508,09:05:50.508,ANIME/USDT:USDT,0.019624,3.0,0.019623,70.0,0.019643,52.0,0.019644,1298.0
1753520750582,09:05:50.582,ANIME/USDT:USDT,0.019624,3.0,0.019623,70.0,0.019643,52.0,0.019644,1277.0
1753520752014,09:05:52.014,ANIME/USDT:USDT,0.019624,3.0,0.019623,70.0,0.019643,52.0,0.019644,1277.0
1753520752231,09:05:52.231,ANIME/USDT:USDT,0.019624,3.0,0.019623,70.0,0.019643,52.0,0.019644,70.0
1753520752404,09:05:52.404,ANIME/USDT:USDT,0.019624,3.0,0.019623,70.0,0.019644,1329.0,0.019645,8295.0
1753520752604,09:05:52.604,ANIME/USDT:USDT,0.019624,3.0,0.019623,70.0,0.019644,1329.0,0.019645,8295.0
1753520752639,09:05:52.639,ANIME/USDT:USDT,0.019624,3.0,0.019623,70.0,0.019644,122.0,0.019645,8295.0
1753520752751,09:05:52.751,ANIME/USDT:USDT,0.019624,3.0,0.019623,70.0,0.019644,1329.0,0.019645,8295.0
1753520753004,09:05:53.004,ANIME/USDT:USDT,0.019624,3.0,0.019623,70.0,0.019644,1329.0,0.019645,8295.0
1753520753682,09:05:53.682,ANIME/USDT:USDT,0.019624,3.0,0.019623,70.0,0.019644,1329.0,0.019645,8295.0
1753520753805,09:05:53.805,ANIME/USDT:USDT,0.019624,3.0,0.019623,70.0,0.019644,1329.0,0.019645,8295.0
1753520754028,09:05:54.028,ANIME/USDT:USDT,0.019624,3.0,0.019623,70.0,0.019643,6035.0,0.019644,1329.0
1753520754126,09:05:54.126,ANIME/USDT:USDT,0.019624,3.0,0.019623,70.0,0.019642,52.0,0.019643,6035.0
1753520754304,09:05:54.304,ANIME/USDT:USDT,0.019624,3.0,0.019623,70.0,0.019642,52.0,0.019644,1277.0
1753520754326,09:05:54.326,ANIME/USDT:USDT,0.019624,3.0,0.019623,70.0,0.019643,52.0,0.019644,1277.0
1753520754446,09:05:54.446,ANIME/USDT:USDT,0.019624,3.0,0.019623,70.0,0.019643,52.0,0.019644,1277.0
1753520754671,09:05:54.671,ANIME/USDT:USDT,0.019624,3.0,0.019623,70.0,0.019643,52.0,0.019644,1277.0
1753520754977,09:05:54.977,ANIME/USDT:USDT,0.019624,3.0,0.019623,70.0,0.019643,52.0,0.019644,1277.0
1753520755097,09:05:55.097,ANIME/USDT:USDT,0.019624,3.0,0.019623,70.0,0.019643,52.0,0.019644,1277.0
1753520755121,09:05:55.121,ANIME/USDT:USDT,0.019624,3.0,0.019623,70.0,0.019643,52.0,0.019644,1277.0
1753520755513,09:05:55.513,ANIME/USDT:USDT,0.019624,3.0,0.019623,70.0,0.019643,52.0,0.019644,7312.0
1753520755614,09:05:55.614,ANIME/USDT:USDT,0.019624,3.0,0.019623,70.0,0.019643,52.0,0.019644,7312.0
1753520755690,09:05:55.690,ANIME/USDT:USDT,0.019624,3.0,0.019623,70.0,0.019643,52.0,0.019644,7312.0
1753520755967,09:05:55.967,ANIME/USDT:USDT,0.019624,3.0,0.019623,70.0,0.019643,52.0,0.019644,7312.0
1753520756126,09:05:56.126,ANIME/USDT:USDT,0.019624,3.0,0.019623,70.0,0.019643,52.0,0.019644,1277.0
1753520756387,09:05:56.387,ANIME/USDT:USDT,0.019624,3.0,0.019623,70.0,0.019643,52.0,0.019644,1277.0
1753520756685,09:05:56.685,ANIME/USDT:USDT,0.019624,3.0,0.019623,70.0,0.019643,52.0,0.019644,1277.0
1753520756818,09:05:56.818,ANIME/USDT:USDT,0.019624,3.0,0.019623,70.0,0.019643,52.0,0.019644,1277.0
1753520756910,09:05:56.910,ANIME/USDT:USDT,0.019624,3.0,0.019623,70.0,0.019643,52.0,0.019644,70.0
1753520757004,09:05:57.004,ANIME/USDT:USDT,0.019624,3.0,0.019623,70.0,0.019643,43.0,0.019644,122.0
1753520757082,09:05:57.082,ANIME/USDT:USDT,0.019624,3.0,0.019623,70.0,0.019644,122.0,0.019645,4023.0
1753520757191,09:05:57.191,ANIME/USDT:USDT,0.019624,3.0,0.019623,70.0,0.019644,122.0,0.019645,4023.0
1753520757288,09:05:57.288,ANIME/USDT:USDT,0.019624,3.0,0.019623,70.0,0.019644,122.0,0.019645,10058.0
1753520757487,09:05:57.487,ANIME/USDT:USDT,0.019624,3.0,0.019623,70.0,0.019644,122.0,0.019645,10058.0
1753520757649,09:05:57.649,ANIME/USDT:USDT,0.019624,3.0,0.019623,70.0,0.019644,122.0,0.019645,10058.0
1753520757997,09:05:57.997,ANIME/USDT:USDT,0.019624,3.0,0.019623,70.0,0.019644,122.0,0.019645,10058.0
1753520758170,09:05:58.170,ANIME/USDT:USDT,0.019624,3.0,0.019623,70.0,0.019644,122.0,0.019645,10058.0
1753520758593,09:05:58.593,ANIME/USDT:USDT,0.01963,71.0,0.019629,71.0,0.019644,122.0,0.019645,10058.0
1753520759429,09:05:59.429,ANIME/USDT:USDT,0.01963,71.0,0.019629,71.0,0.019644,122.0,0.019645,10058.0
1753520759582,09:05:59.582,ANIME/USDT:USDT,0.01963,71.0,0.019629,141.0,0.019644,52.0,0.019659,1377.0
1753520759701,09:05:59.701,ANIME/USDT:USDT,0.01963,71.0,0.019629,141.0,0.01965,6035.0,0.019655,1368.0
1753520759801,09:05:59.801,ANIME/USDT:USDT,0.01963,71.0,0.019629,141.0,0.019648,13521.0,0.019649,52.0
1753520759852,09:05:59.852,ANIME/USDT:USDT,0.01963,71.0,0.019629,141.0,0.019647,52.0,0.019648,13521.0
1753520760010,09:06:00.010,ANIME/USDT:USDT,0.01963,71.0,0.019629,141.0,0.019647,52.0,0.019648,13521.0
1753520760109,09:06:00.109,ANIME/USDT:USDT,0.019629,70.0,0.019624,3.0,0.019647,13572.0,0.019648,13521.0
1753520760212,09:06:00.212,ANIME/USDT:USDT,0.019629,70.0,0.019624,3.0,0.019647,4145.0,0.019648,13521.0
1753520760287,09:06:00.287,ANIME/USDT:USDT,0.019629,70.0,0.019624,3.0,0.019647,5318.0,0.019648,13521.0
1753520760414,09:06:00.414,ANIME/USDT:USDT,0.019629,70.0,0.019624,3.0,0.019647,4145.0,0.019648,13521.0
1753520760424,09:06:00.424,ANIME/USDT:USDT,0.019629,70.0,0.019624,3.0,0.019647,4145.0,0.019648,13521.0
1753520760686,09:06:00.686,ANIME/USDT:USDT,0.019629,70.0,0.019624,3.0,0.019647,4145.0,0.019648,13521.0
1753520760885,09:06:00.885,ANIME/USDT:USDT,0.019629,70.0,0.019624,3.0,0.019647,10180.0,0.019648,13521.0
1753520761006,09:06:01.006,ANIME/USDT:USDT,0.019629,70.0,0.019624,3.0,0.019647,10180.0,0.019648,13521.0
1753520761287,09:06:01.287,ANIME/USDT:USDT,0.019629,70.0,0.019624,3.0,0.019647,10180.0,0.019648,13521.0
1753520761397,09:06:01.397,ANIME/USDT:USDT,0.019629,70.0,0.019624,3.0,0.019647,10180.0,0.019648,13521.0
1753520761614,09:06:01.614,ANIME/USDT:USDT,0.019629,70.0,0.019624,3.0,0.019647,10180.0,0.019648,13521.0
1753520761962,09:06:01.962,ANIME/USDT:USDT,0.019629,70.0,0.019624,3.0,0.019647,10180.0,0.019648,13521.0
1753520762285,09:06:02.285,ANIME/USDT:USDT,0.019629,70.0,0.019624,3.0,0.019647,10180.0,0.019648,13521.0
1753520762369,09:06:02.369,ANIME/USDT:USDT,0.019629,70.0,0.019624,3.0,0.019647,10180.0,0.019648,13521.0
1753520762795,09:06:02.795,ANIME/USDT:USDT,0.019629,70.0,0.019624,3.0,0.019647,10110.0,0.019648,13521.0
1753520763118,09:06:03.118,ANIME/USDT:USDT,0.019629,70.0,0.019624,3.0,0.019647,4075.0,0.019648,13521.0
1753520763202,09:06:03.202,ANIME/USDT:USDT,0.019629,70.0,0.019628,71.0,0.019647,52.0,0.019648,13591.0
1753520763303,09:06:03.303,ANIME/USDT:USDT,0.019624,3.0,0.01962,501.0,0.019647,10181.0,0.019648,13591.0
1753520763363,09:06:03.363,ANIME/USDT:USDT,0.019624,3.0,0.01962,501.0,0.019646,500.0,0.019647,10181.0
1753520763506,09:06:03.506,ANIME/USDT:USDT,0.019624,3.0,0.01962,501.0,0.019646,1600.0,0.019647,12652.0
1753520763610,09:06:03.610,ANIME/USDT:USDT,0.019624,3.0,0.01962,501.0,0.019645,52.0,0.019646,3417.0
1753520763771,09:06:03.771,ANIME/USDT:USDT,0.019624,3.0,0.01962,501.0,0.019645,52.0,0.019646,500.0
1753520763826,09:06:03.826,ANIME/USDT:USDT,0.019624,3.0,0.01962,501.0,0.019646,552.0,0.019647,13897.0
1753520764606,09:06:04.606,ANIME/USDT:USDT,0.019624,3.0,0.01962,501.0,0.019646,552.0,0.019647,13897.0
1753520764674,09:06:04.674,ANIME/USDT:USDT,0.019624,3.0,0.01962,501.0,0.019646,552.0,0.019647,13897.0
1753520764747,09:06:04.747,ANIME/USDT:USDT,0.019624,3.0,0.01962,501.0,0.019646,552.0,0.019647,13897.0
1753520764988,09:06:04.988,ANIME/USDT:USDT,0.019624,3.0,0.01962,501.0,0.019646,552.0,0.019647,13897.0
1753520765963,09:06:05.963,ANIME/USDT:USDT,0.019624,3.0,0.01962,501.0,0.019646,552.0,0.019647,13897.0
1753520766094,09:06:06.094,ANIME/USDT:USDT,0.019624,3.0,0.01962,501.0,0.019646,552.0,0.019647,13897.0
1753520766414,09:06:06.414,ANIME/USDT:USDT,0.019624,3.0,0.01962,501.0,0.019646,552.0,0.019647,13897.0
1753520766961,09:06:06.961,ANIME/USDT:USDT,0.019624,3.0,0.01962,501.0,0.019646,552.0,0.019647,13897.0
1753520767612,09:06:07.612,ANIME/USDT:USDT,0.019624,3.0,0.01962,501.0,0.019646,552.0,0.019647,13897.0
1753520767708,09:06:07.708,ANIME/USDT:USDT,0.019624,3.0,0.01962,501.0,0.019646,552.0,0.019647,13897.0
1753520770604,09:06:10.604,ANIME/USDT:USDT,0.019624,3.0,0.01962,501.0,0.019646,552.0,0.019647,13897.0
1753520770665,09:06:10.665,ANIME/USDT:USDT,0.019624,3.0,0.01962,501.0,0.019646,552.0,0.019647,13897.0
1753520770994,09:06:10.994,ANIME/USDT:USDT,0.019624,3.0,0.01962,501.0,0.019646,552.0,0.019647,10129.0
1753520771081,09:06:11.081,ANIME/USDT:USDT,0.019624,3.0,0.01962,501.0,0.019646,552.0,0.019647,10129.0
1753520771212,09:06:11.212,ANIME/USDT:USDT,0.019624,3.0,0.01962,501.0,0.019646,552.0,0.019647,10129.0
1753520771999,09:06:11.999,ANIME/USDT:USDT,0.019624,3.0,0.01962,501.0,0.019646,552.0,0.019647,10058.0
1753520772059,09:06:12.059,ANIME/USDT:USDT,0.019624,503.0,0.01962,501.0,0.019646,552.0,0.019647,10058.0
1753520773125,09:06:13.125,ANIME/USDT:USDT,0.019624,503.0,0.01962,501.0,0.019646,610.0,0.019647,10058.0
1753520773222,09:06:13.222,ANIME/USDT:USDT,0.019624,503.0,0.01962,501.0,0.019646,2009.0,0.019647,10058.0
1753520773375,09:06:13.375,ANIME/USDT:USDT,0.019624,503.0,0.01962,501.0,0.019646,610.0,0.019647,10058.0
1753520776013,09:06:16.013,ANIME/USDT:USDT,0.019624,503.0,0.01962,501.0,0.019646,610.0,0.019647,10058.0
1753520778117,09:06:18.117,ANIME/USDT:USDT,0.019624,1885.0,0.019621,1357.0,0.019646,610.0,0.019648,13591.0
1753520778167,09:06:18.167,ANIME/USDT:USDT,0.019626,500.0,0.019625,1382.0,0.019646,500.0,0.019647,52.0
1753520778257,09:06:18.257,ANIME/USDT:USDT,0.019626,500.0,0.019625,1382.0,0.019646,500.0,0.019648,13448.0
1753520778376,09:06:18.376,ANIME/USDT:USDT,0.019626,500.0,0.019625,1382.0,0.019646,500.0,0.019647,52.0
1753520778464,09:06:18.464,ANIME/USDT:USDT,0.019626,500.0,0.019625,1382.0,0.019646,500.0,0.019647,52.0
1753520778574,09:06:18.574,ANIME/USDT:USDT,0.019626,500.0,0.019625,1382.0,0.019646,500.0,0.019647,52.0
1753520778679,09:06:18.679,ANIME/USDT:USDT,0.019626,500.0,0.019625,1382.0,0.019647,52.0,0.019648,13448.0
1753520778961,09:06:18.961,ANIME/USDT:USDT,0.019626,500.0,0.019625,1382.0,0.019647,52.0,0.019648,13448.0
1753520779582,09:06:19.582,ANIME/USDT:USDT,0.019626,500.0,0.019625,1382.0,0.019647,52.0,0.019648,13448.0
1753520779622,09:06:19.622,ANIME/USDT:USDT,0.019626,500.0,0.019625,1382.0,0.019647,52.0,0.019648,13448.0
1753520779818,09:06:19.818,ANIME/USDT:USDT,0.019626,500.0,0.019625,1382.0,0.019647,52.0,0.019648,13448.0
1753520779820,09:06:19.820,ANIME/USDT:USDT,0.019626,500.0,0.019625,1382.0,0.019647,52.0,0.019648,13448.0
1753520780008,09:06:20.008,ANIME/USDT:USDT,0.019626,500.0,0.019625,1382.0,0.019647,52.0,0.019648,13448.0
1753520780702,09:06:20.702,ANIME/USDT:USDT,0.019626,500.0,0.019625,1382.0,0.019647,52.0,0.019648,13448.0
1753520780814,09:06:20.814,ANIME/USDT:USDT,0.019626,500.0,0.019625,1382.0,0.019647,52.0,0.019648,13448.0
1753520781402,09:06:21.402,ANIME/USDT:USDT,0.019626,500.0,0.019625,1382.0,0.019647,52.0,0.019648,13448.0
1753520781516,09:06:21.516,ANIME/USDT:USDT,0.019626,500.0,0.019625,1382.0,0.019647,52.0,0.019648,13448.0
1753520781522,09:06:21.522,ANIME/USDT:USDT,0.019626,500.0,0.019625,1382.0,0.019647,52.0,0.019648,13448.0
1753520782141,09:06:22.141,ANIME/USDT:USDT,0.019626,500.0,0.019625,1382.0,0.019647,52.0,0.019648,13448.0
1753520782264,09:06:22.264,ANIME/USDT:USDT,0.019626,500.0,0.019625,1382.0,0.019647,52.0,0.019648,13448.0
1753520782598,09:06:22.598,ANIME/USDT:USDT,0.019633,141.0,0.019632,141.0,0.019647,52.0,0.019648,13448.0
1753520782714,09:06:22.714,ANIME/USDT:USDT,0.019626,500.0,0.019625,1382.0,0.019647,122.0,0.019648,13518.0
1753520782761,09:06:22.761,ANIME/USDT:USDT,0.019626,500.0,0.019625,1382.0,0.019647,122.0,0.019648,13518.0
1753520783109,09:06:23.109,ANIME/USDT:USDT,0.01963,2381.0,0.019629,6106.0,0.019647,52.0,0.019655,4039.0
1753520783168,09:06:23.168,ANIME/USDT:USDT,0.01963,2381.0,0.019629,6106.0,0.019654,52.0,0.019655,4039.0
1753520783592,09:06:23.592,ANIME/USDT:USDT,0.01963,2381.0,0.019629,6106.0,0.019654,52.0,0.019655,4039.0
1753520783795,09:06:23.795,ANIME/USDT:USDT,0.01963,2381.0,0.019629,6106.0,0.019654,52.0,0.019656,13463.0
1753520783830,09:06:23.830,ANIME/USDT:USDT,0.01963,2381.0,0.019629,6106.0,0.019654,42.0,0.019655,52.0
1753520784130,09:06:24.130,ANIME/USDT:USDT,0.019631,1071.0,0.01963,5381.0,0.019654,42.0,0.019655,52.0
1753520784413,09:06:24.413,ANIME/USDT:USDT,0.019631,1071.0,0.01963,5381.0,0.019654,42.0,0.019655,52.0
1753520784546,09:06:24.546,ANIME/USDT:USDT,0.019631,1071.0,0.01963,5381.0,0.019654,42.0,0.019655,52.0
1753520784802,09:06:24.802,ANIME/USDT:USDT,0.019631,1071.0,0.01963,5381.0,0.019654,42.0,0.019655,52.0
1753520784828,09:06:24.828,ANIME/USDT:USDT,0.019631,1071.0,0.01963,5381.0,0.019654,42.0,0.019655,52.0
1753520785006,09:06:25.006,ANIME/USDT:USDT,0.019631,1071.0,0.01963,5381.0,0.019654,42.0,0.019655,52.0
1753520785414,09:06:25.414,ANIME/USDT:USDT,0.019631,1071.0,0.01963,5381.0,0.019655,52.0,0.019656,13463.0
1753520785479,09:06:25.479,ANIME/USDT:USDT,0.019631,1071.0,0.01963,5381.0,0.019655,52.0,0.019656,13463.0
1753520785615,09:06:25.615,ANIME/USDT:USDT,0.019631,1071.0,0.01963,5381.0,0.019655,52.0,0.019656,13463.0
1753520785788,09:06:25.788,ANIME/USDT:USDT,0.019633,500.0,0.019632,1873.0,0.019655,52.0,0.019656,13463.0
1753520785909,09:06:25.909,ANIME/USDT:USDT,0.019644,1307.0,0.019643,71.0,0.019655,52.0,0.019663,4037.0
1753520786017,09:06:26.017,ANIME/USDT:USDT,0.019644,1307.0,0.019643,71.0,0.019662,52.0,0.019664,13455.0
1753520786073,09:06:26.073,ANIME/USDT:USDT,0.019644,1307.0,0.019643,71.0,0.019663,52.0,0.019664,13455.0
1753520786178,09:06:26.178,ANIME/USDT:USDT,0.019644,1307.0,0.019643,71.0,0.019663,122.0,0.019664,13455.0
1753520786231,09:06:26.231,ANIME/USDT:USDT,0.019644,1307.0,0.019643,71.0,0.019663,6157.0,0.019664,13455.0
1753520786426,09:06:26.426,ANIME/USDT:USDT,0.019644,1307.0,0.019643,71.0,0.019663,122.0,0.019664,13455.0
1753520786686,09:06:26.686,ANIME/USDT:USDT,0.019644,1307.0,0.019643,71.0,0.019663,122.0,0.019664,13455.0
1753520786919,09:06:26.919,ANIME/USDT:USDT,0.019644,1307.0,0.019643,71.0,0.019663,122.0,0.019664,13455.0
1753520787005,09:06:27.005,ANIME/USDT:USDT,0.019644,1307.0,0.019643,71.0,0.019663,122.0,0.019664,13455.0
1753520787022,09:06:27.022,ANIME/USDT:USDT,0.019644,1307.0,0.019643,71.0,0.019663,122.0,0.019664,13455.0
1753520787216,09:06:27.216,ANIME/USDT:USDT,0.019644,1307.0,0.019643,71.0,0.019663,52.0,0.019668,4023.0
1753520787227,09:06:27.227,ANIME/USDT:USDT,0.019644,1307.0,0.019643,71.0,0.019667,52.0,0.019668,4023.0
1753520787390,09:06:27.390,ANIME/USDT:USDT,0.019644,1307.0,0.019643,71.0,0.019667,52.0,0.019668,4023.0
1753520787748,09:06:27.748,ANIME/USDT:USDT,0.019644,1307.0,0.019643,71.0,0.019667,52.0,0.019668,4023.0
1753520788166,09:06:28.166,ANIME/USDT:USDT,0.019644,1307.0,0.019643,71.0,0.019667,52.0,0.019668,4023.0
1753520788598,09:06:28.598,ANIME/USDT:USDT,0.019644,1307.0,0.019643,71.0,0.019667,52.0,0.019668,4023.0
1753520788640,09:06:28.640,ANIME/USDT:USDT,0.019644,1307.0,0.019643,71.0,0.019667,52.0,0.019668,4023.0
1753520788815,09:06:28.815,ANIME/USDT:USDT,0.019644,1307.0,0.019643,71.0,0.019667,52.0,0.019668,4023.0
1753520789970,09:06:29.970,ANIME/USDT:USDT,0.019644,1307.0,0.019643,71.0,0.019667,52.0,0.019668,4023.0
1753520790412,09:06:30.412,ANIME/USDT:USDT,0.019644,1307.0,0.019643,71.0,0.019667,52.0,0.019668,4023.0
1753520790423,09:06:30.423,ANIME/USDT:USDT,0.019644,1307.0,0.019643,71.0,0.019667,52.0,0.019668,4023.0
1753520791310,09:06:31.310,ANIME/USDT:USDT,0.019644,1307.0,0.019643,71.0,0.019667,52.0,0.019668,4023.0
1753520791405,09:06:31.405,ANIME/USDT:USDT,0.019644,1307.0,0.019643,71.0,0.019667,52.0,0.019668,4023.0
1753520791597,09:06:31.597,ANIME/USDT:USDT,0.019646,1811.0,0.019645,6035.0,0.019667,52.0,0.01967,3630.0
1753520791632,09:06:31.632,ANIME/USDT:USDT,0.019646,1811.0,0.019645,6035.0,0.019669,52.0,0.01967,3630.0
1753520791768,09:06:31.768,ANIME/USDT:USDT,0.019657,1236.0,0.019646,1811.0,0.019669,122.0,0.01967,3700.0
1753520791897,09:06:31.897,ANIME/USDT:USDT,0.019657,1236.0,0.019646,1811.0,0.019669,122.0,0.01967,70.0
1753520791965,09:06:31.965,ANIME/USDT:USDT,0.019657,1236.0,0.019646,1811.0,0.019669,70.0,0.01967,122.0
1753520792104,09:06:32.104,ANIME/USDT:USDT,0.019657,1236.0,0.019646,1811.0,0.019669,70.0,0.01967,122.0
1753520792169,09:06:32.169,ANIME/USDT:USDT,0.019657,1236.0,0.019646,1811.0,0.019669,70.0,0.01967,122.0
1753520792247,09:06:32.247,ANIME/USDT:USDT,0.019657,1236.0,0.019646,1811.0,0.019669,70.0,0.01967,122.0
1753520792713,09:06:32.713,ANIME/USDT:USDT,0.019657,1236.0,0.019646,1811.0,0.019669,70.0,0.01967,122.0
1753520793003,09:06:33.003,ANIME/USDT:USDT,0.019657,1236.0,0.019646,1811.0,0.019669,109.0,0.01967,122.0
1753520793107,09:06:33.107,ANIME/USDT:USDT,0.019657,1236.0,0.019646,1811.0,0.019669,109.0,0.01967,122.0
1753520793288,09:06:33.288,ANIME/USDT:USDT,0.019657,1236.0,0.019646,1811.0,0.019669,109.0,0.01967,122.0
1753520793364,09:06:33.364,ANIME/USDT:USDT,0.019657,1236.0,0.019646,1811.0,0.019669,109.0,0.01967,122.0
1753520793908,09:06:33.908,ANIME/USDT:USDT,0.019657,1236.0,0.019646,1811.0,0.019669,109.0,0.01967,4145.0
1753520793995,09:06:33.995,ANIME/USDT:USDT,0.019657,1236.0,0.019646,1811.0,0.019669,109.0,0.01967,4145.0
1753520794602,09:06:34.602,ANIME/USDT:USDT,0.019657,1236.0,0.019646,1811.0,0.019669,109.0,0.01967,4145.0
1753520794622,09:06:34.622,ANIME/USDT:USDT,0.019657,1236.0,0.019646,1811.0,0.019669,109.0,0.01967,4145.0
1753520795091,09:06:35.091,ANIME/USDT:USDT,0.019657,1236.0,0.019646,1811.0,0.019669,109.0,0.01967,4145.0
1753520795214,09:06:35.214,ANIME/USDT:USDT,0.019657,1236.0,0.019646,1811.0,0.019669,109.0,0.01967,4145.0
1753520795252,09:06:35.252,ANIME/USDT:USDT,0.019657,1236.0,0.019646,1811.0,0.019669,109.0,0.01967,4145.0
1753520795329,09:06:35.329,ANIME/USDT:USDT,0.019657,1236.0,0.019646,1811.0,0.019669,109.0,0.01967,4145.0
1753520795522,09:06:35.522,ANIME/USDT:USDT,0.019657,1236.0,0.019646,1811.0,0.019669,109.0,0.01967,4145.0
1753520795645,09:06:35.645,ANIME/USDT:USDT,0.019657,1236.0,0.019646,1811.0,0.019669,109.0,0.01967,4145.0
1753520796168,09:06:36.168,ANIME/USDT:USDT,0.019657,1236.0,0.019646,1811.0,0.019669,109.0,0.01967,4145.0
1753520796410,09:06:36.410,ANIME/USDT:USDT,0.019657,1236.0,0.019642,6035.0,0.019669,180.0,0.01967,4216.0
1753520796422,09:06:36.422,ANIME/USDT:USDT,0.019657,1236.0,0.019643,1811.0,0.019669,180.0,0.01967,4216.0
1753520796771,09:06:36.771,ANIME/USDT:USDT,0.019657,1236.0,0.019644,500.0,0.019669,180.0,0.01967,4216.0
1753520797402,09:06:37.402,ANIME/USDT:USDT,0.019657,1236.0,0.019644,500.0,0.019669,180.0,0.01967,4216.0
1753520797513,09:06:37.513,ANIME/USDT:USDT,0.019657,1236.0,0.019656,141.0,0.019669,39.0,0.01967,4075.0
1753520797617,09:06:37.617,ANIME/USDT:USDT,0.019657,1236.0,0.019644,500.0,0.019669,109.0,0.01967,193.0
1753520797637,09:06:37.637,ANIME/USDT:USDT,0.019657,1236.0,0.019644,500.0,0.019669,109.0,0.01967,4216.0
1753520797868,09:06:37.868,ANIME/USDT:USDT,0.019657,1236.0,0.019644,500.0,0.019669,109.0,0.01967,4216.0
1753520798317,09:06:38.317,ANIME/USDT:USDT,0.019657,1236.0,0.019644,500.0,0.019669,109.0,0.01967,4216.0
1753520798323,09:06:38.323,ANIME/USDT:USDT,0.019657,1236.0,0.019644,500.0,0.019669,1374.0,0.01967,8249.0
1753520798432,09:06:38.432,ANIME/USDT:USDT,0.019657,1236.0,0.019644,500.0,0.019668,52.0,0.019669,1335.0
1753520798812,09:06:38.812,ANIME/USDT:USDT,0.019657,1236.0,0.019644,500.0,0.019668,52.0,0.019669,1335.0
1753520799202,09:06:39.202,ANIME/USDT:USDT,0.019657,1236.0,0.019644,500.0,0.019668,52.0,0.019669,1335.0
1753520799299,09:06:39.299,ANIME/USDT:USDT,0.019657,1236.0,0.019644,500.0,0.019667,13411.0,0.019668,52.0
1753520799327,09:06:39.327,ANIME/USDT:USDT,0.019657,1236.0,0.019644,500.0,0.019666,52.0,0.019667,13411.0
1753520799552,09:06:39.552,ANIME/USDT:USDT,0.019657,1236.0,0.019644,500.0,0.019666,52.0,0.019667,13411.0
1753520799628,09:06:39.628,ANIME/USDT:USDT,0.019657,1236.0,0.019644,500.0,0.019666,52.0,0.019667,13411.0
1753520800015,09:06:40.015,ANIME/USDT:USDT,0.019657,1236.0,0.019644,500.0,0.019666,123.0,0.019667,13482.0
1753520800043,09:06:40.043,ANIME/USDT:USDT,0.019657,1236.0,0.019644,500.0,0.019666,123.0,0.019667,13482.0
1753520800617,09:06:40.617,ANIME/USDT:USDT,0.019657,1236.0,0.019644,500.0,0.019666,174.0,0.019667,13482.0
1753520800714,09:06:40.714,ANIME/USDT:USDT,0.019657,1236.0,0.019644,500.0,0.019666,174.0,0.019667,13482.0
1753520800859,09:06:40.859,ANIME/USDT:USDT,0.019657,1236.0,0.019644,500.0,0.019666,174.0,0.019667,13482.0
1753520801709,09:06:41.709,ANIME/USDT:USDT,0.019657,1236.0,0.019644,500.0,0.019666,174.0,0.019667,13482.0
1753520802042,09:06:42.042,ANIME/USDT:USDT,0.019657,1236.0,0.019644,500.0,0.019666,174.0,0.019667,13482.0
1753520802902,09:06:42.902,ANIME/USDT:USDT,0.019657,1236.0,0.019644,500.0,0.019666,174.0,0.019667,13482.0
1753520802922,09:06:42.922,ANIME/USDT:USDT,0.019657,1236.0,0.019644,500.0,0.019666,174.0,0.019667,13482.0
1753520803594,09:06:43.594,ANIME/USDT:USDT,0.019657,1236.0,0.019644,500.0,0.019666,123.0,0.019667,13482.0
1753520803692,09:06:43.692,ANIME/USDT:USDT,0.019657,1236.0,0.019644,500.0,0.019666,123.0,0.019667,13482.0
1753520803869,09:06:43.869,ANIME/USDT:USDT,0.019657,1236.0,0.019644,500.0,0.019666,123.0,0.019667,13482.0
1753520803922,09:06:43.922,ANIME/USDT:USDT,0.019657,1236.0,0.019644,500.0,0.019666,123.0,0.019667,13482.0
1753520804611,09:06:44.611,ANIME/USDT:USDT,0.019657,1236.0,0.019656,70.0,0.019666,52.0,0.019667,13411.0
1753520804813,09:06:44.813,ANIME/USDT:USDT,0.019657,1236.0,0.019656,70.0,0.019666,52.0,0.019667,13411.0
1753520805058,09:06:45.058,ANIME/USDT:USDT,0.019657,1236.0,0.019644,500.0,0.019666,123.0,0.019667,13482.0
1753520806148,09:06:46.148,ANIME/USDT:USDT,0.019657,1236.0,0.019644,500.0,0.019666,193.0,0.019667,13552.0
1753520806402,09:06:46.402,ANIME/USDT:USDT,0.019657,1236.0,0.019644,500.0,0.019666,240.0,0.019667,13552.0
1753520806554,09:06:46.554,ANIME/USDT:USDT,0.019657,1236.0,0.019644,500.0,0.019666,240.0,0.019667,13552.0
1753520807006,09:06:47.006,ANIME/USDT:USDT,0.019657,1236.0,0.019644,500.0,0.019666,240.0,0.019667,13552.0
1753520808201,09:06:48.201,ANIME/USDT:USDT,0.019657,1236.0,0.019644,500.0,0.019666,240.0,0.019667,13552.0
1753520808597,09:06:48.597,ANIME/USDT:USDT,0.019657,1236.0,0.019644,500.0,0.019666,240.0,0.019667,13552.0
1753520809045,09:06:49.045,ANIME/USDT:USDT,0.019657,1236.0,0.019644,500.0,0.019666,240.0,0.019667,13552.0
1753520809405,09:06:49.405,ANIME/USDT:USDT,0.019657,1236.0,0.019644,500.0,0.019666,240.0,0.019667,13552.0
1753520809613,09:06:49.613,ANIME/USDT:USDT,0.019657,1236.0,0.019644,500.0,0.019666,240.0,0.019667,13552.0
1753520809622,09:06:49.622,ANIME/USDT:USDT,0.019657,1236.0,0.019644,500.0,0.019666,240.0,0.019667,13552.0
1753520809839,09:06:49.839,ANIME/USDT:USDT,0.019657,1236.0,0.019644,500.0,0.019666,240.0,0.019667,13552.0
1753520810399,09:06:50.399,ANIME/USDT:USDT,0.019657,1306.0,0.019644,500.0,0.019666,99.0,0.019667,13411.0
1753520811380,09:06:51.380,ANIME/USDT:USDT,0.019657,1306.0,0.019644,500.0,0.019666,99.0,0.019667,13411.0
1753520811602,09:06:51.602,ANIME/USDT:USDT,0.019657,1306.0,0.019644,500.0,0.019666,99.0,0.019667,13411.0
1753520811957,09:06:51.957,ANIME/USDT:USDT,0.019657,1236.0,0.019644,500.0,0.019666,169.0,0.019667,13482.0
1753520812401,09:06:52.401,ANIME/USDT:USDT,0.019657,1236.0,0.019644,500.0,0.019666,99.0,0.019667,13482.0
1753520812513,09:06:52.513,ANIME/USDT:USDT,0.019657,1236.0,0.019644,500.0,0.019666,169.0,0.019667,13482.0
1753520812590,09:06:52.590,ANIME/USDT:USDT,0.019657,1236.0,0.019644,500.0,0.019666,169.0,0.019667,13482.0
1753520812983,09:06:52.983,ANIME/USDT:USDT,0.019657,1236.0,0.019644,500.0,0.019666,169.0,0.019667,13482.0
1753520813403,09:06:53.403,ANIME/USDT:USDT,0.019657,1236.0,0.019644,500.0,0.019666,52.0,0.019667,13482.0
1753520813428,09:06:53.428,ANIME/USDT:USDT,0.019657,1236.0,0.019644,500.0,0.019666,122.0,0.019667,13482.0
1753520814008,09:06:54.008,ANIME/USDT:USDT,0.019657,1236.0,0.019644,500.0,0.019666,175.0,0.019667,13482.0
1753520814413,09:06:54.413,ANIME/USDT:USDT,0.019657,1236.0,0.019644,500.0,0.019666,175.0,0.019667,13482.0
1753520814503,09:06:54.503,ANIME/USDT:USDT,0.019657,1236.0,0.019644,500.0,0.019666,175.0,0.019667,13482.0
1753520814841,09:06:54.841,ANIME/USDT:USDT,0.019657,1236.0,0.019644,500.0,0.019666,175.0,0.019667,13482.0
1753520815414,09:06:55.414,ANIME/USDT:USDT,0.019657,1236.0,0.019644,500.0,0.019666,175.0,0.019667,13482.0
1753520815591,09:06:55.591,ANIME/USDT:USDT,0.019657,1236.0,0.019638,500.0,0.019666,105.0,0.019667,13482.0
1753520815901,09:06:55.901,ANIME/USDT:USDT,0.019657,1236.0,0.019638,500.0,0.019666,175.0,0.019667,13482.0
1753520816417,09:06:56.417,ANIME/USDT:USDT,0.019657,1236.0,0.019638,500.0,0.019666,175.0,0.019667,13482.0
1753520816623,09:06:56.623,ANIME/USDT:USDT,0.019657,1236.0,0.019638,500.0,0.019666,105.0,0.019667,13482.0
1753520816743,09:06:56.743,ANIME/USDT:USDT,0.019657,1236.0,0.019638,500.0,0.019666,175.0,0.019667,13482.0
1753520817412,09:06:57.412,ANIME/USDT:USDT,0.019657,1236.0,0.019638,500.0,0.019666,175.0,0.019667,13482.0
1753520818128,09:06:58.128,ANIME/USDT:USDT,0.019657,1236.0,0.019638,500.0,0.019666,175.0,0.019667,13482.0
1753520818423,09:06:58.423,ANIME/USDT:USDT,0.019657,1236.0,0.019638,500.0,0.019666,175.0,0.019667,13482.0
1753520818590,09:06:58.590,ANIME/USDT:USDT,0.019657,1236.0,0.019638,500.0,0.019666,175.0,0.019667,13482.0
1753520819213,09:06:59.213,ANIME/USDT:USDT,0.019657,1236.0,0.019638,500.0,0.019666,175.0,0.019667,13482.0
1753520819502,09:06:59.502,ANIME/USDT:USDT,0.019657,1236.0,0.019638,500.0,0.019666,175.0,0.019667,13482.0
1753520819541,09:06:59.541,ANIME/USDT:USDT,0.019657,1236.0,0.019638,500.0,0.019666,175.0,0.019667,13482.0
1753520819645,09:06:59.645,ANIME/USDT:USDT,0.019657,1236.0,0.019638,500.0,0.019666,175.0,0.019667,13482.0
1753520820495,09:07:00.495,ANIME/USDT:USDT,0.019657,1236.0,0.019638,500.0,0.019666,175.0,0.019667,13482.0
1753520821019,09:07:01.019,ANIME/USDT:USDT,0.019657,1306.0,0.019638,500.0,0.019666,105.0,0.019675,6035.0
1753520821101,09:07:01.101,ANIME/USDT:USDT,0.019657,1236.0,0.019638,500.0,0.019674,552.0,0.019676,500.0
1753520821212,09:07:01.212,ANIME/USDT:USDT,0.019657,1236.0,0.019638,500.0,0.019671,1207.0,0.019672,8005.0
1753520821289,09:07:01.289,ANIME/USDT:USDT,0.019657,1236.0,0.019638,500.0,0.01967,99.0,0.019671,1207.0
1753520821388,09:07:01.388,ANIME/USDT:USDT,0.019657,1236.0,0.019638,500.0,0.019666,6176.0,0.019667,142.0
1753520821513,09:07:01.513,ANIME/USDT:USDT,0.019657,1236.0,0.019638,500.0,0.019665,657.0,0.019666,6176.0
1753520821593,09:07:01.593,ANIME/USDT:USDT,0.019657,1236.0,0.019638,500.0,0.019665,657.0,0.019666,6176.0
1753520821664,09:07:01.664,ANIME/USDT:USDT,0.019657,1236.0,0.019638,500.0,0.019665,657.0,0.019666,19449.0
1753520822043,09:07:02.043,ANIME/USDT:USDT,0.019657,1236.0,0.019638,500.0,0.019665,657.0,0.019666,19449.0
1753520822653,09:07:02.653,ANIME/USDT:USDT,0.019657,1236.0,0.019638,500.0,0.019665,52.0,0.019666,19449.0
1753520822895,09:07:02.895,ANIME/USDT:USDT,0.019657,1236.0,0.019638,500.0,0.019665,52.0,0.019666,13343.0
1753520822990,09:07:02.990,ANIME/USDT:USDT,0.019657,1236.0,0.019638,500.0,0.019665,99.0,0.019666,13343.0
1753520823680,09:07:03.680,ANIME/USDT:USDT,0.019657,1236.0,0.019638,500.0,0.019665,99.0,0.019666,13343.0
1753520824366,09:07:04.366,ANIME/USDT:USDT,0.019657,1236.0,0.019638,500.0,0.019665,52.0,0.019666,13343.0
1753520824589,09:07:04.589,ANIME/USDT:USDT,0.019657,1236.0,0.019656,70.0,0.019665,52.0,0.019666,13343.0
1753520824730,09:07:04.730,ANIME/USDT:USDT,0.019657,1236.0,0.019656,70.0,0.019665,52.0,0.019666,13343.0
1753520825019,09:07:05.019,ANIME/USDT:USDT,0.019657,1236.0,0.019656,70.0,0.019665,52.0,0.019666,13343.0
1753520825098,09:07:05.098,ANIME/USDT:USDT,0.019657,1236.0,0.019638,500.0,0.019665,52.0,0.019666,13343.0
1753520825358,09:07:05.358,ANIME/USDT:USDT,0.019657,1236.0,0.019638,500.0,0.019665,52.0,0.019666,13343.0
1753520826382,09:07:06.382,ANIME/USDT:USDT,0.019657,1236.0,0.019638,500.0,0.019665,52.0,0.019666,13343.0
1753520826988,09:07:06.988,ANIME/USDT:USDT,0.019657,1236.0,0.019638,500.0,0.019665,52.0,0.019666,13343.0
1753520827390,09:07:07.390,ANIME/USDT:USDT,0.019657,1236.0,0.019638,500.0,0.019665,102.0,0.019666,13343.0
1753520827590,09:07:07.590,ANIME/USDT:USDT,0.019657,1236.0,0.019638,500.0,0.019665,102.0,0.019666,13343.0
1753520828363,09:07:08.363,ANIME/USDT:USDT,0.019657,1236.0,0.019638,500.0,0.019665,102.0,0.019666,13343.0
1753520829419,09:07:09.419,ANIME/USDT:USDT,0.019657,1307.0,0.019656,141.0,0.019665,52.0,0.019671,1207.0
1753520829513,09:07:09.513,ANIME/USDT:USDT,0.019657,1307.0,0.019656,141.0,0.01967,52.0,0.019677,1811.0
1753520829604,09:07:09.604,ANIME/USDT:USDT,0.019657,1307.0,0.019656,141.0,0.01967,13219.0,0.019676,52.0
1753520829718,09:07:09.718,ANIME/USDT:USDT,0.019657,1307.0,0.019656,141.0,0.019669,52.0,0.01967,13219.0
1753520829818,09:07:09.818,ANIME/USDT:USDT,0.019657,1307.0,0.019656,141.0,0.019669,52.0,0.01967,13219.0
1753520829820,09:07:09.820,ANIME/USDT:USDT,0.019657,1307.0,0.019656,141.0,0.019669,52.0,0.01967,13219.0
1753520830006,09:07:10.006,ANIME/USDT:USDT,0.019657,1307.0,0.019656,141.0,0.019669,52.0,0.01967,13219.0
1753520830040,09:07:10.040,ANIME/USDT:USDT,0.019657,1307.0,0.019656,141.0,0.019669,52.0,0.01967,13219.0
1753520830310,09:07:10.310,ANIME/USDT:USDT,0.019657,1307.0,0.019656,141.0,0.019669,122.0,0.01967,13219.0
1753520830344,09:07:10.344,ANIME/USDT:USDT,0.019657,1307.0,0.019656,141.0,0.019669,122.0,0.01967,13219.0
1753520830462,09:07:10.462,ANIME/USDT:USDT,0.019657,1307.0,0.019656,141.0,0.019669,52.0,0.01967,13219.0
1753520830602,09:07:10.602,ANIME/USDT:USDT,0.01966,70.0,0.019657,1236.0,0.019669,52.0,0.019671,70.0
1753520830657,09:07:10.657,ANIME/USDT:USDT,0.01966,70.0,0.019659,71.0,0.019671,70.0,0.019673,52.0
1753520831006,09:07:11.006,ANIME/USDT:USDT,0.01966,70.0,0.019659,71.0,0.019673,52.0,0.019674,13217.0
1753520831087,09:07:11.087,ANIME/USDT:USDT,0.01966,70.0,0.019659,71.0,0.019673,52.0,0.019674,13217.0
1753520831381,09:07:11.381,ANIME/USDT:USDT,0.01966,70.0,0.019659,71.0,0.019673,52.0,0.019674,13217.0
1753520831917,09:07:11.917,ANIME/USDT:USDT,0.01966,70.0,0.019659,71.0,0.019673,52.0,0.019674,13217.0
1753520832009,09:07:12.009,ANIME/USDT:USDT,0.01966,70.0,0.019659,71.0,0.019673,52.0,0.019674,13217.0
1753520832022,09:07:12.022,ANIME/USDT:USDT,0.01966,70.0,0.019659,71.0,0.019673,52.0,0.019674,13217.0
1753520832742,09:07:12.742,ANIME/USDT:USDT,0.01966,70.0,0.019659,71.0,0.019673,52.0,0.019678,8982.0
1753520832828,09:07:12.828,ANIME/USDT:USDT,0.01966,70.0,0.019659,71.0,0.019677,52.0,0.019678,8982.0
1753520833010,09:07:13.010,ANIME/USDT:USDT,0.019668,1237.0,0.019646,500.0,0.019677,2888.0,0.019678,9124.0
1753520833097,09:07:13.097,ANIME/USDT:USDT,0.019668,1237.0,0.019646,500.0,0.019677,2888.0,0.019678,9124.0
1753520833216,09:07:13.216,ANIME/USDT:USDT,0.019668,1237.0,0.019646,500.0,0.019677,2888.0,0.019678,9124.0
1753520833306,09:07:13.306,ANIME/USDT:USDT,0.019668,1237.0,0.019646,500.0,0.019677,2888.0,0.019678,9124.0
1753520833369,09:07:13.369,ANIME/USDT:USDT,0.019668,1237.0,0.019646,500.0,0.019677,2888.0,0.019678,9124.0
1753520833589,09:07:13.589,ANIME/USDT:USDT,0.019668,1237.0,0.019646,500.0,0.019677,2888.0,0.019678,9124.0
1753520834002,09:07:14.002,ANIME/USDT:USDT,0.019668,1237.0,0.019646,500.0,0.019677,2888.0,0.019678,9124.0
1753520834022,09:07:14.022,ANIME/USDT:USDT,0.019668,1237.0,0.019646,500.0,0.019677,2046.0,0.019678,9124.0
1753520834416,09:07:14.416,ANIME/USDT:USDT,0.019668,1237.0,0.019646,500.0,0.019677,2046.0,0.019678,9124.0
1753520834619,09:07:14.619,ANIME/USDT:USDT,0.019668,1237.0,0.019646,500.0,0.019677,2046.0,0.019678,9124.0
1753520834622,09:07:14.622,ANIME/USDT:USDT,0.019668,1237.0,0.019646,500.0,0.019677,2046.0,0.019678,9124.0
1753520836089,09:07:16.089,ANIME/USDT:USDT,0.019668,1237.0,0.019646,500.0,0.019677,2046.0,0.019678,9124.0
1753520837013,09:07:17.013,ANIME/USDT:USDT,0.019668,1237.0,0.019646,500.0,0.019677,2046.0,0.019678,9124.0
1753520837027,09:07:17.027,ANIME/USDT:USDT,0.019668,1237.0,0.019646,500.0,0.019677,2046.0,0.019678,9124.0
1753520837528,09:07:17.528,ANIME/USDT:USDT,0.019668,1237.0,0.019648,1366.0,0.019677,2046.0,0.019678,9124.0
1753520837650,09:07:17.650,ANIME/USDT:USDT,0.019668,1237.0,0.019648,1366.0,0.019677,2102.0,0.019678,9124.0
1753520838002,09:07:18.002,ANIME/USDT:USDT,0.019668,1237.0,0.019648,1366.0,0.019677,2102.0,0.019678,9124.0
1753520838314,09:07:18.314,ANIME/USDT:USDT,0.019668,1237.0,0.019649,500.0,0.019677,2102.0,0.019678,9124.0
1753520838867,09:07:18.867,ANIME/USDT:USDT,0.019668,1237.0,0.019649,500.0,0.019677,2102.0,0.019678,9124.0
1753520839419,09:07:19.419,ANIME/USDT:USDT,0.019668,1237.0,0.019649,500.0,0.019677,2102.0,0.019678,9124.0
1753520839422,09:07:19.422,ANIME/USDT:USDT,0.019668,1237.0,0.019649,500.0,0.019677,2102.0,0.019678,9124.0
1753520839594,09:07:19.594,ANIME/USDT:USDT,0.019668,1237.0,0.019649,500.0,0.019677,2102.0,0.019678,9124.0
1753520839809,09:07:19.809,ANIME/USDT:USDT,0.019668,1237.0,0.019649,500.0,0.019677,249.0,0.019678,9124.0
1753520839822,09:07:19.822,ANIME/USDT:USDT,0.019668,1237.0,0.019649,500.0,0.019677,2102.0,0.019678,9124.0
1753520840285,09:07:20.285,ANIME/USDT:USDT,0.019668,1237.0,0.019649,500.0,0.019677,178.0,0.019678,6105.0
1753520840541,09:07:20.541,ANIME/USDT:USDT,0.019668,1237.0,0.019649,500.0,0.019677,178.0,0.019678,9137.0
1753520840719,09:07:20.719,ANIME/USDT:USDT,0.019668,1237.0,0.019667,70.0,0.019677,178.0,0.019678,9066.0
1753520840741,09:07:20.741,ANIME/USDT:USDT,0.019668,1237.0,0.019667,70.0,0.019677,178.0,0.019678,9066.0
1753520840895,09:07:20.895,ANIME/USDT:USDT,0.019668,1237.0,0.019667,70.0,0.019677,178.0,0.019678,9066.0
1753520841057,09:07:21.057,ANIME/USDT:USDT,0.019668,1237.0,0.019667,70.0,0.019677,178.0,0.019678,9066.0
1753520841352,09:07:21.352,ANIME/USDT:USDT,0.019668,1237.0,0.019649,500.0,0.019677,249.0,0.019678,9138.0
1753520842281,09:07:22.281,ANIME/USDT:USDT,0.019668,1237.0,0.019649,500.0,0.019677,249.0,0.019678,8215.0
1753520842563,09:07:22.563,ANIME/USDT:USDT,0.019668,1237.0,0.019649,500.0,0.019677,178.0,0.019678,8143.0
1753520843004,09:07:23.004,ANIME/USDT:USDT,0.019668,1237.0,0.019649,500.0,0.019677,249.0,0.019678,8215.0
1753520844219,09:07:24.219,ANIME/USDT:USDT,0.019668,1237.0,0.019649,500.0,0.019677,249.0,0.019678,8215.0
1753520844220,09:07:24.220,ANIME/USDT:USDT,0.019668,1237.0,0.019649,500.0,0.019677,249.0,0.019678,8215.0
1753520845590,09:07:25.590,ANIME/USDT:USDT,0.019668,1237.0,0.019649,500.0,0.019677,178.0,0.019678,8143.0
1753520846038,09:07:26.038,ANIME/USDT:USDT,0.019668,1237.0,0.019649,500.0,0.019677,249.0,0.019678,8215.0
1753520846766,09:07:26.766,ANIME/USDT:USDT,0.019668,1237.0,0.019649,500.0,0.019677,178.0,0.019678,8143.0
1753520846995,09:07:26.995,ANIME/USDT:USDT,0.019668,1307.0,0.019649,500.0,0.019677,178.0,0.019678,8143.0
1753520847228,09:07:27.228,ANIME/USDT:USDT,0.019668,1237.0,0.019649,500.0,0.019677,178.0,0.019678,8214.0
1753520847875,09:07:27.875,ANIME/USDT:USDT,0.019668,1307.0,0.019649,500.0,0.019677,178.0,0.019678,8143.0
1753520848124,09:07:28.124,ANIME/USDT:USDT,0.019668,1237.0,0.019649,500.0,0.019677,178.0,0.019678,8143.0
1753520848221,09:07:28.221,ANIME/USDT:USDT,0.019668,1237.0,0.019649,500.0,0.019677,178.0,0.019678,8214.0
1753520848590,09:07:28.590,ANIME/USDT:USDT,0.019668,1237.0,0.019649,500.0,0.019677,178.0,0.019678,8214.0
1753520849019,09:07:29.019,ANIME/USDT:USDT,0.019668,1237.0,0.019649,500.0,0.019677,178.0,0.019678,8214.0
1753520849020,09:07:29.020,ANIME/USDT:USDT,0.019668,1237.0,0.019649,500.0,0.019677,178.0,0.019678,8214.0
1753520851592,09:07:31.592,ANIME/USDT:USDT,0.019668,1237.0,0.019649,500.0,0.019677,178.0,0.019678,8214.0
1753520852207,09:07:32.207,ANIME/USDT:USDT,0.019668,1307.0,0.019649,500.0,0.019677,178.0,0.019678,8143.0
1753520853821,09:07:33.821,ANIME/USDT:USDT,0.019668,1307.0,0.019649,500.0,0.019677,178.0,0.019678,8143.0
1753520855319,09:07:35.319,ANIME/USDT:USDT,0.019668,1378.0,0.019649,500.0,0.019677,52.0,0.019685,5.0
1753520855396,09:07:35.396,ANIME/USDT:USDT,0.019668,1237.0,0.019649,500.0,0.019685,5.0,0.019689,52.0
1753520855478,09:07:35.478,ANIME/USDT:USDT,0.019676,1237.0,0.019649,500.0,0.019683,3976.0,0.019684,13077.0
1753520855600,09:07:35.600,ANIME/USDT:USDT,0.019676,1237.0,0.019649,500.0,0.019682,190.0,0.019683,4120.0
1753520855646,09:07:35.646,ANIME/USDT:USDT,0.019676,1237.0,0.019649,500.0,0.019682,190.0,0.019683,4067.0
1753520855796,09:07:35.796,ANIME/USDT:USDT,0.019676,1237.0,0.019649,500.0,0.01968,6035.0,0.019682,190.0
1753520855898,09:07:35.898,ANIME/USDT:USDT,0.019676,1237.0,0.019649,500.0,0.019679,181.0,0.01968,6179.0
1753520855961,09:07:35.961,ANIME/USDT:USDT,0.019676,1237.0,0.019649,500.0,0.019678,13076.0,0.019679,1534.0
1753520856026,09:07:36.026,ANIME/USDT:USDT,0.019676,1237.0,0.019649,500.0,0.019678,13115.0,0.019679,1482.0
1753520856297,09:07:36.297,ANIME/USDT:USDT,0.019676,1237.0,0.019649,500.0,0.019678,13115.0,0.019679,1482.0
1753520856319,09:07:36.319,ANIME/USDT:USDT,0.019676,1237.0,0.019649,500.0,0.019678,13115.0,0.019679,1482.0
1753520856517,09:07:36.517,ANIME/USDT:USDT,0.019656,2311.0,0.019655,6035.0,0.019678,13115.0,0.01968,6035.0
1753520856555,09:07:36.555,ANIME/USDT:USDT,0.019656,2311.0,0.019655,6035.0,0.019677,52.0,0.019678,13115.0
1753520856745,09:07:36.745,ANIME/USDT:USDT,0.019656,2311.0,0.019655,6035.0,0.019677,52.0,0.019678,13115.0
1753520856868,09:07:36.868,ANIME/USDT:USDT,0.019656,2311.0,0.019655,6035.0,0.019677,52.0,0.019678,13115.0
1753520857602,09:07:37.602,ANIME/USDT:USDT,0.019656,2311.0,0.019655,6035.0,0.019677,52.0,0.019678,13115.0
1753520857696,09:07:37.696,ANIME/USDT:USDT,0.019656,2311.0,0.019655,6035.0,0.019677,52.0,0.019678,13115.0
1753520857782,09:07:37.782,ANIME/USDT:USDT,0.019656,2311.0,0.019655,6035.0,0.019677,52.0,0.019678,13115.0
1753520857974,09:07:37.974,ANIME/USDT:USDT,0.019656,2311.0,0.019655,6035.0,0.019677,52.0,0.019678,13115.0
1753520858619,09:07:38.619,ANIME/USDT:USDT,0.019656,2311.0,0.019655,6035.0,0.019677,52.0,0.019678,13115.0
1753520858703,09:07:38.703,ANIME/USDT:USDT,0.019656,2311.0,0.019655,6035.0,0.019677,52.0,0.019678,13115.0
1753520858790,09:07:38.790,ANIME/USDT:USDT,0.019656,2311.0,0.019655,6035.0,0.019677,52.0,0.019678,13115.0
1753520859003,09:07:39.003,ANIME/USDT:USDT,0.019656,2311.0,0.019655,6035.0,0.019677,52.0,0.019678,13115.0
1753520859856,09:07:39.856,ANIME/USDT:USDT,0.019656,2311.0,0.019655,6035.0,0.019677,52.0,0.019678,13115.0
1753520859973,09:07:39.973,ANIME/USDT:USDT,0.019656,2311.0,0.019655,6035.0,0.019677,52.0,0.019678,13115.0
1753520860147,09:07:40.147,ANIME/USDT:USDT,0.019656,2311.0,0.019655,6035.0,0.019677,52.0,0.019678,13115.0
1753520860355,09:07:40.355,ANIME/USDT:USDT,0.019656,2311.0,0.019655,6035.0,0.019677,52.0,0.019678,13115.0
1753520860998,09:07:40.998,ANIME/USDT:USDT,0.019656,2311.0,0.019655,6035.0,0.019677,120.0,0.019678,13076.0
1753520861517,09:07:41.517,ANIME/USDT:USDT,0.019648,1366.0,0.019645,2573.0,0.019677,120.0,0.019678,13076.0
1753520861562,09:07:41.562,ANIME/USDT:USDT,0.019648,1366.0,0.019645,2573.0,0.019677,1179.0,0.019678,13076.0
1753520861694,09:07:41.694,ANIME/USDT:USDT,0.019648,1366.0,0.019645,2573.0,0.019677,3910.0,0.019678,13076.0
1753520862052,09:07:42.052,ANIME/USDT:USDT,0.019645,2573.0,0.019644,5834.0,0.019676,500.0,0.019677,3910.0
1753520862134,09:07:42.134,ANIME/USDT:USDT,0.019645,2573.0,0.019644,5834.0,0.019676,500.0,0.019677,3910.0
1753520862277,09:07:42.277,ANIME/USDT:USDT,0.019645,2573.0,0.019644,5834.0,0.019676,500.0,0.019677,120.0
1753520862322,09:07:42.322,ANIME/USDT:USDT,0.019645,2573.0,0.019644,5834.0,0.019676,500.0,0.019677,1515.0
1753520862637,09:07:42.637,ANIME/USDT:USDT,0.019645,2573.0,0.019644,5834.0,0.019676,500.0,0.019677,1515.0
1753520863052,09:07:43.052,ANIME/USDT:USDT,0.019646,500.0,0.019645,2573.0,0.019676,500.0,0.019677,1515.0
1753520863419,09:07:43.419,ANIME/USDT:USDT,0.019646,500.0,0.019645,2573.0,0.019676,500.0,0.019677,1515.0
1753520863487,09:07:43.487,ANIME/USDT:USDT,0.019646,500.0,0.019645,2573.0,0.019676,500.0,0.019677,1515.0
1753520863603,09:07:43.603,ANIME/USDT:USDT,0.019646,500.0,0.019645,2573.0,0.019676,569.0,0.019677,1585.0
1753520864713,09:07:44.713,ANIME/USDT:USDT,0.019646,500.0,0.019645,2573.0,0.019676,627.0,0.019677,1517.0
1753520865255,09:07:45.255,ANIME/USDT:USDT,0.019646,500.0,0.019645,2573.0,0.019676,627.0,0.019677,122.0
1753520865362,09:07:45.362,ANIME/USDT:USDT,0.019648,5405.0,0.019647,16351.0,0.019676,627.0,0.019677,122.0
1753520865514,09:07:45.514,ANIME/USDT:USDT,0.019649,14933.0,0.019648,500.0,0.019676,627.0,0.019677,122.0
1753520865522,09:07:45.522,ANIME/USDT:USDT,0.01965,4980.0,0.019649,14933.0,0.019676,627.0,0.019677,122.0
1753520865841,09:07:45.841,ANIME/USDT:USDT,0.01965,500.0,0.019647,1418.0,0.019676,627.0,0.019677,122.0
1753520866001,09:07:46.001,ANIME/USDT:USDT,0.01965,500.0,0.019648,500.0,0.019676,627.0,0.019677,122.0
1753520866366,09:07:46.366,ANIME/USDT:USDT,0.01965,500.0,0.019648,500.0,0.019676,627.0,0.019677,122.0
1753520866602,09:07:46.602,ANIME/USDT:USDT,0.019648,500.0,0.019647,1418.0,0.019676,627.0,0.019677,122.0
1753520866628,09:07:46.628,ANIME/USDT:USDT,0.019648,500.0,0.019647,1418.0,0.019676,627.0,0.019677,70.0
1753520866773,09:07:46.773,ANIME/USDT:USDT,0.019648,500.0,0.019647,1418.0,0.019676,627.0,0.019677,70.0
1753520867003,09:07:47.003,ANIME/USDT:USDT,0.019648,500.0,0.019647,1418.0,0.019676,627.0,0.019677,70.0
1753520867191,09:07:47.191,ANIME/USDT:USDT,0.019648,500.0,0.019647,1418.0,0.019676,627.0,0.019677,70.0
1753520867611,09:07:47.611,ANIME/USDT:USDT,0.019648,500.0,0.019647,1418.0,0.019676,627.0,0.019677,70.0
1753520868219,09:07:48.219,ANIME/USDT:USDT,0.019648,500.0,0.019647,1418.0,0.019676,627.0,0.019677,70.0
1753520868221,09:07:48.221,ANIME/USDT:USDT,0.019648,500.0,0.019647,1418.0,0.019676,627.0,0.019677,70.0
1753520869004,09:07:49.004,ANIME/USDT:USDT,0.019651,1494.0,0.01965,4980.0,0.019676,627.0,0.019677,70.0
1753520869022,09:07:49.022,ANIME/USDT:USDT,0.019651,1494.0,0.01965,4980.0,0.019676,627.0,0.019677,70.0
1753520869319,09:07:49.319,ANIME/USDT:USDT,0.019651,1494.0,0.01965,4980.0,0.019676,627.0,0.019677,70.0
1753520869342,09:07:49.342,ANIME/USDT:USDT,0.01965,500.0,0.019647,1418.0,0.019676,627.0,0.019677,70.0
1753520869506,09:07:49.506,ANIME/USDT:USDT,0.01965,500.0,0.019647,1418.0,0.019676,627.0,0.019677,70.0
1753520869619,09:07:49.619,ANIME/USDT:USDT,0.019659,71.0,0.019648,500.0,0.019676,627.0,0.019677,70.0
1753520869667,09:07:49.667,ANIME/USDT:USDT,0.019648,500.0,0.019647,1418.0,0.019676,627.0,0.019677,70.0
1753520870002,09:07:50.002,ANIME/USDT:USDT,0.019648,500.0,0.019647,1418.0,0.019676,627.0,0.019677,70.0
1753520870095,09:07:50.095,ANIME/USDT:USDT,0.019648,500.0,0.019647,1418.0,0.019676,627.0,0.019677,70.0
1753520870510,09:07:50.510,ANIME/USDT:USDT,0.019649,1419.0,0.019648,500.0,0.019676,558.0,0.019678,52.0
1753520870608,09:07:50.608,ANIME/USDT:USDT,0.019658,1853.0,0.019657,6176.0,0.019676,558.0,0.019679,52.0
1753520870642,09:07:50.642,ANIME/USDT:USDT,0.019658,1853.0,0.019657,6176.0,0.019676,558.0,0.019681,52.0
1753520870741,09:07:50.741,ANIME/USDT:USDT,0.019657,141.0,0.019655,71.0,0.019676,558.0,0.019677,70.0
1753520870981,09:07:50.981,ANIME/USDT:USDT,0.019657,641.0,0.019655,71.0,0.019676,558.0,0.019677,70.0
1753520871817,09:07:51.817,ANIME/USDT:USDT,0.019657,641.0,0.019655,71.0,0.019676,558.0,0.019677,70.0
1753520872240,09:07:52.240,ANIME/USDT:USDT,0.019657,641.0,0.019655,71.0,0.019676,558.0,0.019677,70.0
1753520872606,09:07:52.606,ANIME/USDT:USDT,0.019657,141.0,0.019655,71.0,0.019676,525.0,0.019677,70.0
1753520873019,09:07:53.019,ANIME/USDT:USDT,0.019657,141.0,0.019655,71.0,0.019676,525.0,0.019677,70.0
1753520873060,09:07:53.060,ANIME/USDT:USDT,0.019657,141.0,0.019655,71.0,0.019676,525.0,0.019677,70.0
1753520875617,09:07:55.617,ANIME/USDT:USDT,0.019664,71.0,0.019663,70.0,0.019676,525.0,0.019677,70.0
1753520875621,09:07:55.621,ANIME/USDT:USDT,0.019664,71.0,0.019663,70.0,0.019676,525.0,0.019677,70.0
1753520875891,09:07:55.891,ANIME/USDT:USDT,0.019664,71.0,0.019663,70.0,0.019676,525.0,0.019677,70.0
1753520876548,09:07:56.548,ANIME/USDT:USDT,0.019663,70.0,0.019652,500.0,0.019676,525.0,0.019677,70.0
1753520876716,09:07:56.716,ANIME/USDT:USDT,0.019663,70.0,0.01966,71.0,0.019676,525.0,0.019677,70.0
1753520877132,09:07:57.132,ANIME/USDT:USDT,0.019663,70.0,0.01966,71.0,0.019676,525.0,0.019677,70.0
1753520877820,09:07:57.820,ANIME/USDT:USDT,0.019663,70.0,0.01966,71.0,0.019676,525.0,0.019677,70.0
1753520877842,09:07:57.842,ANIME/USDT:USDT,0.019663,70.0,0.01966,71.0,0.019676,525.0,0.019677,70.0
1753520878002,09:07:58.002,ANIME/USDT:USDT,0.019663,70.0,0.01966,71.0,0.019676,525.0,0.019677,70.0
1753520878026,09:07:58.026,ANIME/USDT:USDT,0.019663,70.0,0.01966,71.0,0.019676,525.0,0.019677,70.0
1753520878760,09:07:58.760,ANIME/USDT:USDT,0.019663,70.0,0.01966,71.0,0.019676,525.0,0.019677,70.0
1753520878857,09:07:58.857,ANIME/USDT:USDT,0.019663,70.0,0.01966,71.0,0.019676,525.0,0.019677,70.0
1753520879171,09:07:59.171,ANIME/USDT:USDT,0.019663,70.0,0.01966,71.0,0.019676,525.0,0.019677,70.0
1753520879281,09:07:59.281,ANIME/USDT:USDT,0.019663,70.0,0.01966,71.0,0.019676,525.0,0.019677,70.0
1753520879341,09:07:59.341,ANIME/USDT:USDT,0.019663,70.0,0.01966,71.0,0.019676,525.0,0.019677,70.0
1753520879454,09:07:59.454,ANIME/USDT:USDT,0.019663,70.0,0.01966,71.0,0.019676,525.0,0.019677,70.0
1753520879984,09:07:59.984,ANIME/USDT:USDT,0.019663,70.0,0.01966,71.0,0.019676,525.0,0.019677,70.0
1753520880477,09:08:00.477,ANIME/USDT:USDT,0.019663,70.0,0.01966,71.0,0.019676,525.0,0.019677,70.0
1753520881101,09:08:01.101,ANIME/USDT:USDT,0.019663,70.0,0.01966,71.0,0.019676,525.0,0.019677,70.0
1753520881122,09:08:01.122,ANIME/USDT:USDT,0.019663,70.0,0.01966,71.0,0.019676,525.0,0.019677,70.0
1753520881596,09:08:01.596,ANIME/USDT:USDT,0.019663,70.0,0.01966,71.0,0.019676,525.0,0.019677,70.0
1753520881662,09:08:01.662,ANIME/USDT:USDT,0.019663,70.0,0.01966,71.0,0.019676,525.0,0.019677,70.0
1753520881881,09:08:01.881,ANIME/USDT:USDT,0.019663,70.0,0.01966,71.0,0.019676,525.0,0.019685,5.0
1753520882014,09:08:02.014,ANIME/USDT:USDT,0.019663,70.0,0.01966,71.0,0.019685,5.0,0.019687,52.0
1753520882041,09:08:02.041,ANIME/USDT:USDT,0.019663,70.0,0.01966,71.0,0.019685,5.0,0.019687,52.0
1753520882162,09:08:02.162,ANIME/USDT:USDT,0.019663,70.0,0.01966,71.0,0.019685,5.0,0.019687,52.0
1753520882223,09:08:02.223,ANIME/USDT:USDT,0.019663,70.0,0.01966,71.0,0.019685,5.0,0.019687,52.0
1753520882469,09:08:02.469,ANIME/USDT:USDT,0.019663,70.0,0.01966,71.0,0.019685,5.0,0.019687,52.0
1753520882620,09:08:02.620,ANIME/USDT:USDT,0.019663,70.0,0.01966,71.0,0.019685,5.0,0.019687,52.0
1753520882622,09:08:02.622,ANIME/USDT:USDT,0.019663,70.0,0.01966,71.0,0.019685,5.0,0.019687,52.0
1753520882892,09:08:02.892,ANIME/USDT:USDT,0.019663,70.0,0.01966,71.0,0.019685,5.0,0.019687,52.0
1753520883005,09:08:03.005,ANIME/USDT:USDT,0.019663,70.0,0.01966,71.0,0.019685,5.0,0.019687,52.0
1753520884606,09:08:04.606,ANIME/USDT:USDT,0.019662,1811.0,0.019661,6035.0,0.019685,5.0,0.019687,52.0
1753520884622,09:08:04.622,ANIME/USDT:USDT,0.019662,1811.0,0.019661,6035.0,0.019685,5.0,0.019687,52.0
1753520884790,09:08:04.790,ANIME/USDT:USDT,0.019662,1811.0,0.019661,6035.0,0.019685,5.0,0.019687,552.0
1753520884925,09:08:04.925,ANIME/USDT:USDT,0.019662,1811.0,0.019661,6035.0,0.019685,5.0,0.019687,552.0
1753520885115,09:08:05.115,ANIME/USDT:USDT,0.019662,1811.0,0.019661,6035.0,0.019685,5.0,0.019687,552.0
1753520885753,09:08:05.753,ANIME/USDT:USDT,0.019662,1811.0,0.019661,6035.0,0.019685,5.0,0.019687,552.0
1753520886902,09:08:06.902,ANIME/USDT:USDT,0.019662,1811.0,0.019661,6035.0,0.019685,5.0,0.019687,552.0
1753520887002,09:08:07.002,ANIME/USDT:USDT,0.019662,1811.0,0.019661,6035.0,0.019685,5.0,0.019687,552.0
1753520887421,09:08:07.421,ANIME/USDT:USDT,0.019662,1811.0,0.019661,6035.0,0.019685,5.0,0.019687,552.0
1753520888719,09:08:08.719,ANIME/USDT:USDT,0.019662,1811.0,0.019661,6035.0,0.019664,2.0,0.019685,5.0
1753520888745,09:08:08.745,ANIME/USDT:USDT,0.019662,1811.0,0.019661,6105.0,0.019685,5.0,0.019687,552.0
1753520888826,09:08:08.826,ANIME/USDT:USDT,0.019662,1811.0,0.019661,6105.0,0.019684,9.0,0.019685,5.0
1753520888998,09:08:08.998,ANIME/USDT:USDT,0.019662,1811.0,0.019661,6105.0,0.019684,9.0,0.019685,5.0
1753520889061,09:08:09.061,ANIME/USDT:USDT,0.019662,1811.0,0.019661,6105.0,0.019684,9.0,0.019685,5.0
1753520889126,09:08:09.126,ANIME/USDT:USDT,0.019662,1811.0,0.019661,6105.0,0.019684,9.0,0.019685,5.0
1753520889723,09:08:09.723,ANIME/USDT:USDT,0.019662,1811.0,0.019661,6105.0,0.019684,9.0,0.019685,5.0
1753520889855,09:08:09.855,ANIME/USDT:USDT,0.019662,1811.0,0.019661,6105.0,0.019684,9.0,0.019685,5.0
1753520890602,09:08:10.602,ANIME/USDT:USDT,0.01963,1811.0,0.019629,6035.0,0.019661,70.0,0.019663,4093.0
1753520890708,09:08:10.708,ANIME/USDT:USDT,0.019625,4390.0,0.019624,3.0,0.019658,1248.0,0.019659,4160.0
1753520890810,09:08:10.810,ANIME/USDT:USDT,0.01963,2311.0,0.019626,1423.0,0.019658,1300.0,0.019659,4160.0
1753520890909,09:08:10.909,ANIME/USDT:USDT,0.019632,2311.0,0.019631,6035.0,0.019658,1300.0,0.019659,2737.0
1753520890926,09:08:10.926,ANIME/USDT:USDT,0.019632,2311.0,0.019631,6035.0,0.019658,52.0,0.019659,2737.0
1753520891117,09:08:11.117,ANIME/USDT:USDT,0.019632,2452.0,0.019631,6035.0,0.019658,123.0,0.019659,2737.0
1753520891204,09:08:11.204,ANIME/USDT:USDT,0.019632,2452.0,0.019631,6035.0,0.019658,123.0,0.019659,2737.0
1753520891228,09:08:11.228,ANIME/USDT:USDT,0.019632,2452.0,0.019631,6035.0,0.019658,123.0,0.019659,2737.0
1753520891326,09:08:11.326,ANIME/USDT:USDT,0.019632,2452.0,0.019631,6035.0,0.019658,123.0,0.019659,2737.0
1753520891425,09:08:11.425,ANIME/USDT:USDT,0.019632,2452.0,0.019631,6035.0,0.019658,123.0,0.019659,2737.0
1753520891556,09:08:11.556,ANIME/USDT:USDT,0.019632,2452.0,0.019631,6035.0,0.019658,123.0,0.019659,2737.0
1753520891625,09:08:11.625,ANIME/USDT:USDT,0.019632,2452.0,0.019631,6035.0,0.019658,123.0,0.019659,2737.0
1753520891726,09:08:11.726,ANIME/USDT:USDT,0.019632,2452.0,0.019631,6035.0,0.019658,123.0,0.019659,2737.0
1753520891832,09:08:11.832,ANIME/USDT:USDT,0.019632,2452.0,0.019631,6035.0,0.019658,123.0,0.019659,2737.0
1753520892006,09:08:12.006,ANIME/USDT:USDT,0.019632,2452.0,0.019631,6035.0,0.019658,123.0,0.019659,2737.0
1753520892025,09:08:12.025,ANIME/USDT:USDT,0.019632,2452.0,0.019631,6035.0,0.019658,123.0,0.019659,2737.0
1753520892126,09:08:12.126,ANIME/USDT:USDT,0.019632,2452.0,0.019631,6035.0,0.019658,123.0,0.019659,2737.0
1753520892226,09:08:12.226,ANIME/USDT:USDT,0.019632,2452.0,0.019631,6035.0,0.019658,123.0,0.019659,2737.0
1753520892377,09:08:12.377,ANIME/USDT:USDT,0.019632,2452.0,0.019631,6035.0,0.019658,123.0,0.019659,2737.0
1753520892425,09:08:12.425,ANIME/USDT:USDT,0.019632,2452.0,0.019631,6035.0,0.019658,123.0,0.019659,2737.0
1753520892526,09:08:12.526,ANIME/USDT:USDT,0.019632,2452.0,0.019631,6035.0,0.019658,123.0,0.019659,2737.0
1753520892626,09:08:12.626,ANIME/USDT:USDT,0.019632,2452.0,0.019631,6035.0,0.019658,123.0,0.019659,2737.0
1753520892732,09:08:12.732,ANIME/USDT:USDT,0.019632,2452.0,0.019631,6035.0,0.019658,123.0,0.019659,2737.0
1753520892826,09:08:12.826,ANIME/USDT:USDT,0.019632,2452.0,0.019631,6035.0,0.019658,123.0,0.019659,2737.0
1753520892926,09:08:12.926,ANIME/USDT:USDT,0.019632,2452.0,0.019631,6035.0,0.019658,123.0,0.019659,2737.0
1753520893027,09:08:13.027,ANIME/USDT:USDT,0.019632,2452.0,0.019631,6035.0,0.019658,123.0,0.019659,2737.0
1753520893126,09:08:13.126,ANIME/USDT:USDT,0.019632,2452.0,0.019631,6035.0,0.019658,123.0,0.019659,2737.0
1753520893226,09:08:13.226,ANIME/USDT:USDT,0.019632,2452.0,0.019631,6035.0,0.019658,123.0,0.019659,2737.0
1753520893326,09:08:13.326,ANIME/USDT:USDT,0.019632,2452.0,0.019631,6035.0,0.019658,123.0,0.019659,2737.0
1753520893426,09:08:13.426,ANIME/USDT:USDT,0.019632,2452.0,0.019631,6035.0,0.019658,123.0,0.019659,2737.0
1753520893526,09:08:13.526,ANIME/USDT:USDT,0.019632,2452.0,0.019631,6035.0,0.019658,123.0,0.019659,2737.0
1753520893625,09:08:13.625,ANIME/USDT:USDT,0.019632,2452.0,0.019631,6035.0,0.019658,123.0,0.019659,2737.0
1753520893728,09:08:13.728,ANIME/USDT:USDT,0.019632,2452.0,0.019631,6035.0,0.019658,123.0,0.019659,2737.0
1753520893826,09:08:13.826,ANIME/USDT:USDT,0.019632,2452.0,0.019631,6035.0,0.019658,123.0,0.019659,2737.0
1753520893926,09:08:13.926,ANIME/USDT:USDT,0.019632,2452.0,0.019631,6035.0,0.019658,123.0,0.019659,2737.0
1753520894026,09:08:14.026,ANIME/USDT:USDT,0.019632,2452.0,0.019631,6035.0,0.019658,123.0,0.019659,2737.0
1753520894126,09:08:14.126,ANIME/USDT:USDT,0.019632,2452.0,0.019631,6035.0,0.019658,123.0,0.019659,2737.0
1753520894226,09:08:14.226,ANIME/USDT:USDT,0.019632,2452.0,0.019631,6035.0,0.019658,123.0,0.019659,2737.0
1753520894326,09:08:14.326,ANIME/USDT:USDT,0.019632,2452.0,0.019631,6035.0,0.019658,123.0,0.019659,2737.0
1753520894426,09:08:14.426,ANIME/USDT:USDT,0.019632,2452.0,0.019631,6035.0,0.019658,123.0,0.019659,2737.0
1753520894534,09:08:14.534,ANIME/USDT:USDT,0.019632,2452.0,0.019631,6035.0,0.019658,123.0,0.019659,2737.0
1753520894626,09:08:14.626,ANIME/USDT:USDT,0.019632,2452.0,0.019631,6035.0,0.019658,123.0,0.019659,2737.0
1753520894726,09:08:14.726,ANIME/USDT:USDT,0.019632,2452.0,0.019631,6035.0,0.019658,123.0,0.019659,2737.0
1753520894825,09:08:14.825,ANIME/USDT:USDT,0.019632,2452.0,0.019631,6035.0,0.019658,123.0,0.019659,2737.0
1753520894927,09:08:14.927,ANIME/USDT:USDT,0.019632,2452.0,0.019631,6035.0,0.019658,123.0,0.019659,2737.0
1753520895026,09:08:15.026,ANIME/USDT:USDT,0.019632,2452.0,0.019631,6035.0,0.019658,123.0,0.019659,2737.0
1753520895126,09:08:15.126,ANIME/USDT:USDT,0.019632,2452.0,0.019631,6035.0,0.019658,123.0,0.019659,2737.0
1753520895225,09:08:15.225,ANIME/USDT:USDT,0.019632,2452.0,0.019631,6035.0,0.019658,123.0,0.019659,2737.0
1753520895326,09:08:15.326,ANIME/USDT:USDT,0.019632,2452.0,0.019631,6035.0,0.019658,123.0,0.019659,2737.0
1753520895427,09:08:15.427,ANIME/USDT:USDT,0.019632,2452.0,0.019631,6035.0,0.019658,123.0,0.019659,2737.0
1753520895582,09:08:15.582,ANIME/USDT:USDT,0.019632,2452.0,0.019631,6035.0,0.019658,52.0,0.019659,500.0
1753520895662,09:08:15.662,ANIME/USDT:USDT,0.019632,2452.0,0.019631,6035.0,0.019659,2363.0,0.01966,9962.0
1753520895778,09:08:15.778,ANIME/USDT:USDT,0.019632,2452.0,0.019631,6035.0,0.019659,552.0,0.01966,9962.0
1753520895909,09:08:15.909,ANIME/USDT:USDT,0.019634,500.0,0.019633,1923.0,0.019659,52.0,0.019661,13089.0
1753520896014,09:08:16.014,ANIME/USDT:USDT,0.019634,500.0,0.019633,1923.0,0.01966,52.0,0.019661,13089.0
1753520896112,09:08:16.112,ANIME/USDT:USDT,0.019634,500.0,0.019633,1923.0,0.01966,52.0,0.019661,13089.0
1753520896202,09:08:16.202,ANIME/USDT:USDT,0.019634,500.0,0.019633,1923.0,0.01966,52.0,0.019661,70.0
1753520896226,09:08:16.226,ANIME/USDT:USDT,0.019634,500.0,0.019633,1923.0,0.019661,70.0,0.019663,70.0
1753520896434,09:08:16.434,ANIME/USDT:USDT,0.019634,500.0,0.019633,1923.0,0.019661,70.0,0.019663,70.0
1753520896612,09:08:16.612,ANIME/USDT:USDT,0.019634,500.0,0.019633,1923.0,0.019661,94.0,0.019663,70.0
1753520896676,09:08:16.676,ANIME/USDT:USDT,0.019634,500.0,0.019633,1923.0,0.019661,94.0,0.019663,70.0
1753520896758,09:08:16.758,ANIME/USDT:USDT,0.019643,6176.0,0.019641,141.0,0.019661,94.0,0.019663,70.0
1753520896867,09:08:16.867,ANIME/USDT:USDT,0.019643,141.0,0.019641,141.0,0.019661,70.0,0.019663,70.0
1753520896962,09:08:16.962,ANIME/USDT:USDT,0.019643,141.0,0.019641,141.0,0.019661,70.0,0.019663,70.0
1753520897561,09:08:17.561,ANIME/USDT:USDT,0.019643,141.0,0.019641,141.0,0.019661,70.0,0.019663,70.0
1753520897711,09:08:17.711,ANIME/USDT:USDT,0.019643,141.0,0.019641,141.0,0.019661,70.0,0.019663,70.0
1753520898002,09:08:18.002,ANIME/USDT:USDT,0.019643,141.0,0.019641,141.0,0.019661,70.0,0.019663,70.0
1753520898125,09:08:18.125,ANIME/USDT:USDT,0.019643,141.0,0.019641,141.0,0.019661,70.0,0.019663,70.0
1753520898512,09:08:18.512,ANIME/USDT:USDT,0.019646,6035.0,0.019643,141.0,0.019661,70.0,0.019663,70.0
1753520898597,09:08:18.597,ANIME/USDT:USDT,0.019643,141.0,0.019641,141.0,0.019661,70.0,0.019663,70.0
1753520898685,09:08:18.685,ANIME/USDT:USDT,0.019645,2311.0,0.019644,6035.0,0.019661,70.0,0.019663,70.0
1753520898902,09:08:18.902,ANIME/USDT:USDT,0.019645,2311.0,0.019644,6035.0,0.019661,70.0,0.019663,70.0
1753520898959,09:08:18.959,ANIME/USDT:USDT,0.019645,2311.0,0.019644,6035.0,0.019661,70.0,0.019663,70.0
1753520899491,09:08:19.491,ANIME/USDT:USDT,0.019645,2311.0,0.019644,6035.0,0.019665,52.0,0.019667,13028.0
1753520899617,09:08:19.617,ANIME/USDT:USDT,0.019645,2311.0,0.019644,6035.0,0.019666,52.0,0.019667,13028.0
1753520899696,09:08:19.696,ANIME/USDT:USDT,0.019645,2311.0,0.019644,6035.0,0.019666,123.0,0.019667,13028.0
1753520899792,09:08:19.792,ANIME/USDT:USDT,0.019645,2311.0,0.019644,6035.0,0.019666,123.0,0.019667,13028.0
1753520899826,09:08:19.826,ANIME/USDT:USDT,0.019645,2311.0,0.019644,6035.0,0.019666,123.0,0.019667,13028.0
1753520899928,09:08:19.928,ANIME/USDT:USDT,0.019645,2311.0,0.019644,6035.0,0.019666,123.0,0.019667,13028.0
1753520900033,09:08:20.033,ANIME/USDT:USDT,0.019645,2311.0,0.019644,6035.0,0.019666,177.0,0.019667,13028.0
1753520900126,09:08:20.126,ANIME/USDT:USDT,0.019645,2311.0,0.019644,6035.0,0.019666,177.0,0.019667,13028.0
1753520900241,09:08:20.241,ANIME/USDT:USDT,0.019645,500.0,0.019643,141.0,0.019666,177.0,0.019667,13028.0
1753520900326,09:08:20.326,ANIME/USDT:USDT,0.019645,500.0,0.019643,141.0,0.019666,177.0,0.019667,13028.0
1753520900425,09:08:20.425,ANIME/USDT:USDT,0.019645,500.0,0.019643,141.0,0.019666,177.0,0.019667,13028.0
1753520900611,09:08:20.611,ANIME/USDT:USDT,0.019644,6035.0,0.019643,141.0,0.019666,177.0,0.019667,13028.0
1753520900635,09:08:20.635,ANIME/USDT:USDT,0.019645,1811.0,0.019644,6035.0,0.019666,177.0,0.019667,13028.0
1753520900770,09:08:20.770,ANIME/USDT:USDT,0.019645,1811.0,0.019644,6035.0,0.019666,177.0,0.019667,13028.0
1753520900849,09:08:20.849,ANIME/USDT:USDT,0.019645,1811.0,0.019644,6035.0,0.019666,177.0,0.019667,13028.0
1753520901014,09:08:21.014,ANIME/USDT:USDT,0.019645,1811.0,0.019644,6035.0,0.019666,177.0,0.019667,13028.0
1753520901071,09:08:21.071,ANIME/USDT:USDT,0.019645,1811.0,0.019644,6035.0,0.019666,177.0,0.019667,13028.0
1753520901127,09:08:21.127,ANIME/USDT:USDT,0.019645,1811.0,0.019644,6035.0,0.019666,177.0,0.019667,13028.0
1753520901226,09:08:21.226,ANIME/USDT:USDT,0.019645,1811.0,0.019644,6035.0,0.019666,177.0,0.019667,13028.0
1753520901326,09:08:21.326,ANIME/USDT:USDT,0.019645,1811.0,0.019644,6035.0,0.019666,177.0,0.019667,13028.0
1753520901426,09:08:21.426,ANIME/USDT:USDT,0.019645,1811.0,0.019644,6035.0,0.019666,177.0,0.019667,13028.0
1753520901526,09:08:21.526,ANIME/USDT:USDT,0.019645,1811.0,0.019644,6035.0,0.019666,177.0,0.019667,13028.0
1753520901626,09:08:21.626,ANIME/USDT:USDT,0.019645,1811.0,0.019644,6035.0,0.019666,177.0,0.019667,13028.0
1753520901726,09:08:21.726,ANIME/USDT:USDT,0.019645,1811.0,0.019644,6035.0,0.019666,177.0,0.019667,13028.0
1753520901826,09:08:21.826,ANIME/USDT:USDT,0.019645,1811.0,0.019644,6035.0,0.019666,177.0,0.019667,13028.0
1753520901926,09:08:21.926,ANIME/USDT:USDT,0.019645,1811.0,0.019644,6035.0,0.019666,177.0,0.019667,13028.0
1753520902028,09:08:22.028,ANIME/USDT:USDT,0.019645,1811.0,0.019644,6035.0,0.019666,177.0,0.019667,13028.0
1753520902126,09:08:22.126,ANIME/USDT:USDT,0.019645,1811.0,0.019644,6035.0,0.019666,177.0,0.019667,13028.0
1753520902227,09:08:22.227,ANIME/USDT:USDT,0.019645,1811.0,0.019644,6035.0,0.019666,177.0,0.019667,13028.0
1753520902326,09:08:22.326,ANIME/USDT:USDT,0.019645,1811.0,0.019644,6035.0,0.019666,177.0,0.019667,13028.0
1753520902425,09:08:22.425,ANIME/USDT:USDT,0.019645,1811.0,0.019644,6035.0,0.019666,177.0,0.019667,13028.0
1753520902592,09:08:22.592,ANIME/USDT:USDT,0.019645,1811.0,0.019644,6035.0,0.019666,247.0,0.019667,13098.0
1753520902631,09:08:22.631,ANIME/USDT:USDT,0.019645,1811.0,0.019644,6035.0,0.019666,247.0,0.019667,13098.0
1753520902765,09:08:22.765,ANIME/USDT:USDT,0.019645,1811.0,0.019644,6035.0,0.019666,247.0,0.019667,13098.0
1753520902826,09:08:22.826,ANIME/USDT:USDT,0.019645,1811.0,0.019644,6035.0,0.019666,247.0,0.019667,13098.0
1753520903002,09:08:23.002,ANIME/USDT:USDT,0.019645,1811.0,0.019644,6035.0,0.019666,247.0,0.019667,13098.0
1753520903026,09:08:23.026,ANIME/USDT:USDT,0.019645,1811.0,0.019644,6035.0,0.019666,247.0,0.019667,13098.0
1753520903193,09:08:23.193,ANIME/USDT:USDT,0.019645,1811.0,0.019644,6035.0,0.019666,247.0,0.019667,13098.0
1753520903229,09:08:23.229,ANIME/USDT:USDT,0.019645,1811.0,0.019644,6035.0,0.019666,247.0,0.019667,13098.0
1753520903325,09:08:23.325,ANIME/USDT:USDT,0.019645,1811.0,0.019644,6035.0,0.019666,247.0,0.019667,13098.0
1753520903425,09:08:23.425,ANIME/USDT:USDT,0.019645,1811.0,0.019644,6035.0,0.019666,247.0,0.019667,13098.0
1753520903526,09:08:23.526,ANIME/USDT:USDT,0.019645,1811.0,0.019644,6035.0,0.019666,247.0,0.019667,13098.0
1753520903627,09:08:23.627,ANIME/USDT:USDT,0.019645,1811.0,0.019644,6035.0,0.019666,247.0,0.019667,13098.0
1753520903727,09:08:23.727,ANIME/USDT:USDT,0.019645,1811.0,0.019644,6035.0,0.019666,247.0,0.019667,13098.0
1753520903826,09:08:23.826,ANIME/USDT:USDT,0.019645,1811.0,0.019644,6035.0,0.019666,247.0,0.019667,13098.0
1753520903926,09:08:23.926,ANIME/USDT:USDT,0.019645,1811.0,0.019644,6035.0,0.019666,247.0,0.019667,13098.0
1753520904026,09:08:24.026,ANIME/USDT:USDT,0.019645,1811.0,0.019644,6035.0,0.019666,247.0,0.019667,13098.0
1753520904125,09:08:24.125,ANIME/USDT:USDT,0.019645,1811.0,0.019644,6035.0,0.019666,247.0,0.019667,13098.0
1753520904227,09:08:24.227,ANIME/USDT:USDT,0.019645,1811.0,0.019644,6035.0,0.019666,247.0,0.019667,13098.0
1753520904326,09:08:24.326,ANIME/USDT:USDT,0.019645,1811.0,0.019644,6035.0,0.019666,247.0,0.019667,13098.0
1753520904427,09:08:24.427,ANIME/USDT:USDT,0.019645,1811.0,0.019644,6035.0,0.019666,247.0,0.019667,13098.0
1753520904526,09:08:24.526,ANIME/USDT:USDT,0.019645,1811.0,0.019644,6035.0,0.019666,247.0,0.019667,13098.0
1753520904625,09:08:24.625,ANIME/USDT:USDT,0.019645,1811.0,0.019644,6035.0,0.019666,247.0,0.019667,13098.0
1753520904726,09:08:24.726,ANIME/USDT:USDT,0.019645,1811.0,0.019644,6035.0,0.019666,247.0,0.019667,13098.0
1753520904826,09:08:24.826,ANIME/USDT:USDT,0.019645,1811.0,0.019644,6035.0,0.019666,247.0,0.019667,13098.0
1753520904926,09:08:24.926,ANIME/USDT:USDT,0.019645,1811.0,0.019644,6035.0,0.019666,247.0,0.019667,13098.0
1753520905026,09:08:25.026,ANIME/USDT:USDT,0.019645,1811.0,0.019644,6035.0,0.019666,247.0,0.019667,13098.0
1753520905125,09:08:25.125,ANIME/USDT:USDT,0.019645,1811.0,0.019644,6035.0,0.019666,247.0,0.019667,13098.0
1753520905225,09:08:25.225,ANIME/USDT:USDT,0.019645,1811.0,0.019644,6035.0,0.019666,247.0,0.019667,13098.0
1753520905326,09:08:25.326,ANIME/USDT:USDT,0.019645,1811.0,0.019644,6035.0,0.019666,247.0,0.019667,13098.0
1753520905427,09:08:25.427,ANIME/USDT:USDT,0.019645,1811.0,0.019644,6035.0,0.019666,247.0,0.019667,13098.0
1753520905595,09:08:25.595,ANIME/USDT:USDT,0.019645,1811.0,0.019644,6035.0,0.019666,247.0,0.019667,13098.0
1753520905630,09:08:25.630,ANIME/USDT:USDT,0.019645,1811.0,0.019644,6035.0,0.019666,247.0,0.019667,13098.0
1753520905726,09:08:25.726,ANIME/USDT:USDT,0.019645,1811.0,0.019644,6035.0,0.019666,247.0,0.019667,13098.0
1753520905826,09:08:25.826,ANIME/USDT:USDT,0.019645,1811.0,0.019644,6035.0,0.019666,247.0,0.019667,13098.0
1753520905925,09:08:25.925,ANIME/USDT:USDT,0.019645,1811.0,0.019644,6035.0,0.019666,247.0,0.019667,13098.0
1753520906026,09:08:26.026,ANIME/USDT:USDT,0.019645,1811.0,0.019644,6035.0,0.019666,247.0,0.019667,13098.0
1753520906126,09:08:26.126,ANIME/USDT:USDT,0.019645,1811.0,0.019644,6035.0,0.019666,247.0,0.019667,13098.0
1753520906227,09:08:26.227,ANIME/USDT:USDT,0.019645,1811.0,0.019644,6035.0,0.019666,247.0,0.019667,13098.0
1753520906327,09:08:26.327,ANIME/USDT:USDT,0.019645,1811.0,0.019644,6035.0,0.019666,247.0,0.019667,13098.0
1753520906426,09:08:26.426,ANIME/USDT:USDT,0.019645,1811.0,0.019644,6035.0,0.019666,247.0,0.019667,13098.0
1753520906525,09:08:26.525,ANIME/USDT:USDT,0.019645,1811.0,0.019644,6035.0,0.019666,247.0,0.019667,13098.0
1753520906625,09:08:26.625,ANIME/USDT:USDT,0.019645,1811.0,0.019644,6035.0,0.019666,247.0,0.019667,13098.0
1753520906762,09:08:26.762,ANIME/USDT:USDT,0.019645,1811.0,0.019644,6035.0,0.019666,247.0,0.019667,70.0
1753520906841,09:08:26.841,ANIME/USDT:USDT,0.019645,1811.0,0.019644,6035.0,0.019666,195.0,0.019667,70.0
1753520907019,09:08:27.019,ANIME/USDT:USDT,0.019645,1811.0,0.019644,6035.0,0.019666,195.0,0.019667,70.0
1753520907155,09:08:27.155,ANIME/USDT:USDT,0.019645,1811.0,0.019644,6035.0,0.019666,195.0,0.019667,70.0
1753520907632,09:08:27.632,ANIME/USDT:USDT,0.019645,1811.0,0.019644,6035.0,0.019666,195.0,0.019667,70.0
1753520908591,09:08:28.591,ANIME/USDT:USDT,0.019645,1811.0,0.019644,6035.0,0.019666,195.0,0.019667,70.0
