timestamp,time,symbol,bid1_price,bid1_volume,bid2_price,bid2_volume,ask1_price,ask1_volume,ask2_price,ask2_volume
1753520627000,09:03:47.000,AGLD/USDT:USDT,0.7957,66.0,0.7956,66.0,0.7961,6.0,0.7962,9.0
1753520627145,09:03:47.145,AGLD/USDT:USDT,0.7957,66.0,0.7955,9.0,0.7961,6.0,0.7962,9.0
1753520627235,09:03:47.235,AGLD/USDT:USDT,0.7957,66.0,0.7955,9.0,0.7962,386.0,0.7963,6.0
1753520627346,09:03:47.346,AGLD/USDT:USDT,0.7957,66.0,0.7955,9.0,0.7961,6.0,0.7962,18.0
1753520627426,09:03:47.426,AGLD/USDT:USDT,0.7958,66.0,0.7954,13.0,0.7962,386.0,0.7963,15.0
1753520627471,09:03:47.471,AGLD/USDT:USDT,0.7958,66.0,0.7954,13.0,0.7961,6.0,0.7962,386.0
1753520627654,09:03:47.654,AGLD/USDT:USDT,0.7958,66.0,0.7957,9.0,0.7961,6.0,0.7962,9.0
1753520627670,09:03:47.670,AGLD/USDT:USDT,0.7958,66.0,0.7957,9.0,0.7962,9.0,0.7963,15.0
1753520628027,09:03:48.027,AGLD/USDT:USDT,0.7958,66.0,0.7957,9.0,0.7962,9.0,0.7963,15.0
1753520628551,09:03:48.551,AGLD/USDT:USDT,0.7956,13.0,0.7946,56.0,0.7962,9.0,0.7963,15.0
1753520628572,09:03:48.572,AGLD/USDT:USDT,0.7956,13.0,0.7954,13.0,0.7962,386.0,0.7963,15.0
1753520628669,09:03:48.669,AGLD/USDT:USDT,0.7956,13.0,0.7954,13.0,0.7961,6.0,0.7962,386.0
1753520629846,09:03:49.846,AGLD/USDT:USDT,0.7958,66.0,0.7956,9.0,0.7961,6.0,0.7962,386.0
1753520629945,09:03:49.945,AGLD/USDT:USDT,0.7958,66.0,0.7956,22.0,0.7961,6.0,0.7962,386.0
1753520630053,09:03:50.053,AGLD/USDT:USDT,0.7958,66.0,0.7956,13.0,0.7961,6.0,0.7962,386.0
1753520630198,09:03:50.198,AGLD/USDT:USDT,0.7958,66.0,0.7956,22.0,0.7961,6.0,0.7962,386.0
1753520630453,09:03:50.453,AGLD/USDT:USDT,0.7958,66.0,0.7956,22.0,0.7961,6.0,0.7962,377.0
1753520630504,09:03:50.504,AGLD/USDT:USDT,0.7958,66.0,0.7956,22.0,0.7961,6.0,0.7962,377.0
1753520630743,09:03:50.743,AGLD/USDT:USDT,0.7958,66.0,0.7956,22.0,0.796,1260.0,0.7961,6.0
1753520630769,09:03:50.769,AGLD/USDT:USDT,0.7958,66.0,0.7956,22.0,0.796,1260.0,0.7962,9.0
1753520630962,09:03:50.962,AGLD/USDT:USDT,0.7958,66.0,0.7957,9.0,0.796,1260.0,0.7964,56.0
1753520630973,09:03:50.973,AGLD/USDT:USDT,0.7958,66.0,0.7957,9.0,0.796,1260.0,0.7964,56.0
1753520631188,09:03:51.188,AGLD/USDT:USDT,0.7958,66.0,0.7957,9.0,0.796,1260.0,0.7962,9.0
1753520631266,09:03:51.266,AGLD/USDT:USDT,0.7958,66.0,0.7957,9.0,0.796,1260.0,0.7962,9.0
1753520635153,09:03:55.153,AGLD/USDT:USDT,0.7957,9.0,0.7956,9.0,0.796,1260.0,0.7962,9.0
1753520635253,09:03:55.253,AGLD/USDT:USDT,0.7957,75.0,0.7956,18.0,0.7959,6.0,0.796,1260.0
1753520635358,09:03:55.358,AGLD/USDT:USDT,0.7957,75.0,0.7956,18.0,0.7959,6.0,0.796,1260.0
1753520635588,09:03:55.588,AGLD/USDT:USDT,0.7957,75.0,0.7956,18.0,0.7959,6.0,0.7964,56.0
1753520635670,09:03:55.670,AGLD/USDT:USDT,0.7957,75.0,0.7956,18.0,0.7964,62.0,0.7965,106.0
1753520635765,09:03:55.765,AGLD/USDT:USDT,0.7957,75.0,0.7956,18.0,0.7964,62.0,0.7965,106.0
1753520639859,09:03:59.859,AGLD/USDT:USDT,0.7957,13.0,0.7956,9.0,0.7964,448.0,0.7965,106.0
1753520639867,09:03:59.867,AGLD/USDT:USDT,0.7957,13.0,0.7956,9.0,0.7964,448.0,0.7965,106.0
1753520644184,09:04:04.184,AGLD/USDT:USDT,0.7957,13.0,0.7956,9.0,0.7964,448.0,0.7965,106.0
1753520645624,09:04:05.624,AGLD/USDT:USDT,0.7957,13.0,0.7956,9.0,0.7964,439.0,0.7965,106.0
1753520648446,09:04:08.446,AGLD/USDT:USDT,0.7959,66.0,0.7957,13.0,0.7964,392.0,0.7965,106.0
1753520648489,09:04:08.489,AGLD/USDT:USDT,0.7959,66.0,0.7957,13.0,0.7964,392.0,0.7965,106.0
1753520648642,09:04:08.642,AGLD/USDT:USDT,0.7959,66.0,0.7957,13.0,0.7964,392.0,0.7965,106.0
1753520649136,09:04:09.136,AGLD/USDT:USDT,0.7957,13.0,0.7954,70.0,0.7964,401.0,0.7965,106.0
1753520649522,09:04:09.522,AGLD/USDT:USDT,0.7957,13.0,0.7954,70.0,0.7964,401.0,0.7965,106.0
1753520649750,09:04:09.750,AGLD/USDT:USDT,0.7958,66.0,0.7957,13.0,0.7964,15.0,0.7965,106.0
1753520649842,09:04:09.842,AGLD/USDT:USDT,0.796,75.0,0.7959,9.0,0.7964,6.0,0.7965,115.0
1753520649951,09:04:09.951,AGLD/USDT:USDT,0.796,75.0,0.7959,9.0,0.7964,6.0,0.7965,124.0
1753520650392,09:04:10.392,AGLD/USDT:USDT,0.796,75.0,0.7959,9.0,0.7964,6.0,0.7965,124.0
1753520650844,09:04:10.844,AGLD/USDT:USDT,0.7958,22.0,0.7954,57.0,0.7964,6.0,0.7965,124.0
1753520650867,09:04:10.867,AGLD/USDT:USDT,0.7958,22.0,0.7956,13.0,0.7964,6.0,0.7965,124.0
1753520651222,09:04:11.222,AGLD/USDT:USDT,0.7958,22.0,0.7956,13.0,0.7964,6.0,0.7965,115.0
1753520654034,09:04:14.034,AGLD/USDT:USDT,0.7958,22.0,0.7956,13.0,0.7964,6.0,0.7965,115.0
1753520654158,09:04:14.158,AGLD/USDT:USDT,0.7961,66.0,0.7959,22.0,0.7964,6.0,0.7965,59.0
1753520654170,09:04:14.170,AGLD/USDT:USDT,0.7961,66.0,0.7959,22.0,0.7965,65.0,0.7966,106.0
1753520654339,09:04:14.339,AGLD/USDT:USDT,0.7961,66.0,0.7959,22.0,0.7965,65.0,0.7966,106.0
1753520654412,09:04:14.412,AGLD/USDT:USDT,0.7961,66.0,0.7959,22.0,0.7965,65.0,0.7966,106.0
1753520654558,09:04:14.558,AGLD/USDT:USDT,0.7961,66.0,0.7959,22.0,0.7965,65.0,0.7966,106.0
1753520656698,09:04:16.698,AGLD/USDT:USDT,0.7961,66.0,0.7959,22.0,0.7965,65.0,0.7966,115.0
1753520657458,09:04:17.458,AGLD/USDT:USDT,0.7959,13.0,0.7957,13.0,0.7965,442.0,0.7966,115.0
1753520657653,09:04:17.653,AGLD/USDT:USDT,0.7959,13.0,0.7957,13.0,0.7965,442.0,0.7966,115.0
1753520661780,09:04:21.780,AGLD/USDT:USDT,0.7959,13.0,0.7957,13.0,0.7965,442.0,0.7966,115.0
1753520663662,09:04:23.662,AGLD/USDT:USDT,0.7957,13.0,0.7954,57.0,0.7964,57.0,0.7965,442.0
1753520663724,09:04:23.724,AGLD/USDT:USDT,0.7957,13.0,0.7954,70.0,0.7964,57.0,0.7965,65.0
1753520666750,09:04:26.750,AGLD/USDT:USDT,0.7954,70.0,0.7952,13.0,0.7964,434.0,0.7965,65.0
1753520666847,09:04:26.847,AGLD/USDT:USDT,0.7958,66.0,0.7954,70.0,0.7963,24.0,0.7964,434.0
1753520666922,09:04:26.922,AGLD/USDT:USDT,0.7958,66.0,0.7956,13.0,0.7963,24.0,0.7964,434.0
1753520669058,09:04:29.058,AGLD/USDT:USDT,0.7958,66.0,0.7956,13.0,0.7963,24.0,0.7964,434.0
1753520669261,09:04:29.261,AGLD/USDT:USDT,0.7954,70.0,0.7948,50.0,0.7963,458.0,0.7964,57.0
1753520669263,09:04:29.263,AGLD/USDT:USDT,0.7954,70.0,0.7952,13.0,0.7963,458.0,0.7964,57.0
1753520669473,09:04:29.473,AGLD/USDT:USDT,0.7954,70.0,0.7952,13.0,0.7963,458.0,0.7964,57.0
1753520673549,09:04:33.549,AGLD/USDT:USDT,0.7956,66.0,0.7955,66.0,0.7962,55.0,0.7963,458.0
1753520673588,09:04:33.588,AGLD/USDT:USDT,0.7956,75.0,0.7954,13.0,0.7962,55.0,0.7963,458.0
1753520673697,09:04:33.697,AGLD/USDT:USDT,0.7956,75.0,0.7954,13.0,0.7962,55.0,0.7963,458.0
1753520674858,09:04:34.858,AGLD/USDT:USDT,0.7956,84.0,0.7954,13.0,0.7962,55.0,0.7963,81.0
1753520677302,09:04:37.302,AGLD/USDT:USDT,0.7956,84.0,0.7954,13.0,0.7962,432.0,0.7963,81.0
1753520677385,09:04:37.385,AGLD/USDT:USDT,0.7956,84.0,0.7954,13.0,0.7961,6.0,0.7962,55.0
1753520677486,09:04:37.486,AGLD/USDT:USDT,0.7956,84.0,0.7954,13.0,0.7962,383.0,0.7963,75.0
1753520680541,09:04:40.541,AGLD/USDT:USDT,0.7956,84.0,0.7954,13.0,0.7962,383.0,0.7963,75.0
1753520680586,09:04:40.586,AGLD/USDT:USDT,0.7956,84.0,0.7954,13.0,0.7962,383.0,0.7963,75.0
1753520684401,09:04:44.401,AGLD/USDT:USDT,0.7956,84.0,0.7954,13.0,0.7962,383.0,0.7963,75.0
1753520684691,09:04:44.691,AGLD/USDT:USDT,0.7956,84.0,0.7954,13.0,0.7962,383.0,0.7963,75.0
1753520684836,09:04:44.836,AGLD/USDT:USDT,0.7956,84.0,0.7954,13.0,0.7962,383.0,0.7963,75.0
1753520685556,09:04:45.556,AGLD/USDT:USDT,0.7956,75.0,0.7954,13.0,0.7962,383.0,0.7963,75.0
1753520687273,09:04:47.273,AGLD/USDT:USDT,0.7956,75.0,0.7954,13.0,0.7962,383.0,0.7963,75.0
1753520687802,09:04:47.802,AGLD/USDT:USDT,0.7956,75.0,0.7954,13.0,0.7962,383.0,0.7963,75.0
1753520688153,09:04:48.153,AGLD/USDT:USDT,0.7956,75.0,0.7954,13.0,0.7962,383.0,0.7963,75.0
1753520690190,09:04:50.190,AGLD/USDT:USDT,0.7956,75.0,0.7954,13.0,0.7962,383.0,0.7963,75.0
1753520691024,09:04:51.024,AGLD/USDT:USDT,0.7956,75.0,0.7954,13.0,0.7962,383.0,0.7963,75.0
1753520691507,09:04:51.507,AGLD/USDT:USDT,0.7956,84.0,0.7954,13.0,0.7962,383.0,0.7963,75.0
1753520691594,09:04:51.594,AGLD/USDT:USDT,0.7956,66.0,0.7954,13.0,0.7962,383.0,0.7963,75.0
1753520694300,09:04:54.300,AGLD/USDT:USDT,0.7956,66.0,0.7954,13.0,0.7962,383.0,0.7963,75.0
1753520694537,09:04:54.537,AGLD/USDT:USDT,0.7956,66.0,0.7954,13.0,0.7962,383.0,0.7963,75.0
1753520694606,09:04:54.606,AGLD/USDT:USDT,0.7956,66.0,0.7954,13.0,0.7962,383.0,0.7963,75.0
1753520696319,09:04:56.319,AGLD/USDT:USDT,0.7956,66.0,0.7954,13.0,0.7962,383.0,0.7963,75.0
1753520696727,09:04:56.727,AGLD/USDT:USDT,0.7956,66.0,0.7954,13.0,0.7962,383.0,0.7963,75.0
1753520697784,09:04:57.784,AGLD/USDT:USDT,0.7956,66.0,0.7954,13.0,0.7961,73.0,0.7962,6.0
1753520697870,09:04:57.870,AGLD/USDT:USDT,0.7956,66.0,0.7954,13.0,0.796,6.0,0.7961,73.0
1753520699476,09:04:59.476,AGLD/USDT:USDT,0.7956,66.0,0.7954,13.0,0.796,6.0,0.7961,73.0
1753520699910,09:04:59.910,AGLD/USDT:USDT,0.7956,66.0,0.7954,13.0,0.796,383.0,0.7961,73.0
1753520699971,09:04:59.971,AGLD/USDT:USDT,0.7956,66.0,0.7954,13.0,0.796,383.0,0.7961,73.0
1753520700414,09:05:00.414,AGLD/USDT:USDT,0.7956,66.0,0.7954,13.0,0.796,383.0,0.7961,73.0
1753520700946,09:05:00.946,AGLD/USDT:USDT,0.7956,66.0,0.7954,13.0,0.796,383.0,0.7961,73.0
1753520701245,09:05:01.245,AGLD/USDT:USDT,0.7956,66.0,0.7954,13.0,0.796,383.0,0.7961,73.0
1753520702063,09:05:02.063,AGLD/USDT:USDT,0.7956,66.0,0.7954,13.0,0.796,383.0,0.7961,73.0
1753520702191,09:05:02.191,AGLD/USDT:USDT,0.7954,13.0,0.7952,13.0,0.796,383.0,0.7961,73.0
1753520703293,09:05:03.293,AGLD/USDT:USDT,0.7954,13.0,0.7952,13.0,0.796,383.0,0.7961,73.0
1753520704180,09:05:04.180,AGLD/USDT:USDT,0.7954,13.0,0.7952,13.0,0.796,383.0,0.7961,73.0
1753520705246,09:05:05.246,AGLD/USDT:USDT,0.7952,13.0,0.795,13.0,0.796,383.0,0.7961,73.0
1753520705346,09:05:05.346,AGLD/USDT:USDT,0.795,13.0,0.7946,56.0,0.7959,56.0,0.796,6.0
1753520705453,09:05:05.453,AGLD/USDT:USDT,0.7951,56.0,0.795,13.0,0.796,383.0,0.7961,55.0
1753520705532,09:05:05.532,AGLD/USDT:USDT,0.7951,56.0,0.7949,13.0,0.796,6.0,0.7961,55.0
1753520705637,09:05:05.637,AGLD/USDT:USDT,0.7951,56.0,0.7949,13.0,0.7963,6.0,0.7964,57.0
1753520705739,09:05:05.739,AGLD/USDT:USDT,0.7951,56.0,0.7949,13.0,0.7963,56.0,0.7964,63.0
1753520705958,09:05:05.958,AGLD/USDT:USDT,0.7951,56.0,0.7949,13.0,0.7962,56.0,0.7963,433.0
1753520705976,09:05:05.976,AGLD/USDT:USDT,0.7951,56.0,0.7949,13.0,0.7962,62.0,0.7963,433.0
1753520706452,09:05:06.452,AGLD/USDT:USDT,0.7951,56.0,0.7949,13.0,0.7962,62.0,0.7963,433.0
1753520706926,09:05:06.926,AGLD/USDT:USDT,0.7953,122.0,0.7952,56.0,0.7961,56.0,0.7962,62.0
1753520707049,09:05:07.049,AGLD/USDT:USDT,0.7953,122.0,0.7952,56.0,0.7961,56.0,0.7962,62.0
1753520707102,09:05:07.102,AGLD/USDT:USDT,0.7953,122.0,0.7952,56.0,0.7961,56.0,0.7962,62.0
1753520707267,09:05:07.267,AGLD/USDT:USDT,0.7953,122.0,0.7952,56.0,0.7961,56.0,0.7962,62.0
1753520707549,09:05:07.549,AGLD/USDT:USDT,0.7956,66.0,0.7954,78.0,0.7962,62.0,0.7963,56.0
1753520707582,09:05:07.582,AGLD/USDT:USDT,0.7957,66.0,0.7954,78.0,0.7962,439.0,0.7963,67.0
1753520707729,09:05:07.729,AGLD/USDT:USDT,0.7957,66.0,0.7954,91.0,0.7962,439.0,0.7963,67.0
1753520707766,09:05:07.766,AGLD/USDT:USDT,0.7957,66.0,0.7954,91.0,0.7962,439.0,0.7963,67.0
1753520708192,09:05:08.192,AGLD/USDT:USDT,0.7957,66.0,0.7954,91.0,0.7962,439.0,0.7963,67.0
1753520709446,09:05:09.446,AGLD/USDT:USDT,0.7957,66.0,0.7954,91.0,0.7962,439.0,0.7963,67.0
1753520709964,09:05:09.964,AGLD/USDT:USDT,0.7957,66.0,0.7954,91.0,0.7962,439.0,0.7963,67.0
1753520710743,09:05:10.743,AGLD/USDT:USDT,0.7957,66.0,0.7954,91.0,0.7962,439.0,0.7963,78.0
1753520711483,09:05:11.483,AGLD/USDT:USDT,0.7957,66.0,0.7954,91.0,0.7962,439.0,0.7963,78.0
1753520712298,09:05:12.298,AGLD/USDT:USDT,0.7957,66.0,0.7954,91.0,0.7962,439.0,0.7963,78.0
1753520712763,09:05:12.763,AGLD/USDT:USDT,0.7957,66.0,0.7954,80.0,0.7962,439.0,0.7963,78.0
1753520712962,09:05:12.962,AGLD/USDT:USDT,0.7951,56.0,0.7946,56.0,0.7961,54.0,0.7962,439.0
1753520713027,09:05:13.027,AGLD/USDT:USDT,0.7952,66.0,0.795,54.0,0.796,65.0,0.7961,431.0
1753520713084,09:05:13.084,AGLD/USDT:USDT,0.7952,66.0,0.795,54.0,0.7959,6.0,0.796,76.0
1753520713173,09:05:13.173,AGLD/USDT:USDT,0.7952,66.0,0.795,54.0,0.7959,6.0,0.796,76.0
1753520713351,09:05:13.351,AGLD/USDT:USDT,0.7952,66.0,0.795,67.0,0.7959,6.0,0.796,76.0
1753520713457,09:05:13.457,AGLD/USDT:USDT,0.7952,66.0,0.795,67.0,0.7959,6.0,0.796,76.0
1753520713634,09:05:13.634,AGLD/USDT:USDT,0.7952,66.0,0.795,67.0,0.7959,60.0,0.796,76.0
1753520713762,09:05:13.762,AGLD/USDT:USDT,0.7952,66.0,0.795,67.0,0.7958,54.0,0.7959,60.0
1753520713817,09:05:13.817,AGLD/USDT:USDT,0.7952,66.0,0.795,67.0,0.7958,54.0,0.7959,60.0
1753520714548,09:05:14.548,AGLD/USDT:USDT,0.7952,66.0,0.795,67.0,0.7958,54.0,0.7959,60.0
1753520715046,09:05:15.046,AGLD/USDT:USDT,0.7954,66.0,0.7951,11.0,0.7958,388.0,0.7959,60.0
1753520715128,09:05:15.128,AGLD/USDT:USDT,0.7954,66.0,0.7952,13.0,0.7957,6.0,0.7958,22.0
1753520715231,09:05:15.231,AGLD/USDT:USDT,0.7952,13.0,0.795,67.0,0.7958,405.0,0.7959,65.0
1753520715388,09:05:15.388,AGLD/USDT:USDT,0.7952,13.0,0.795,67.0,0.7958,405.0,0.7959,65.0
1753520715763,09:05:15.763,AGLD/USDT:USDT,0.795,13.0,0.7946,56.0,0.7957,54.0,0.7958,28.0
1753520715850,09:05:15.850,AGLD/USDT:USDT,0.7948,13.0,0.7946,56.0,0.7956,431.0,0.7957,54.0
1753520715906,09:05:15.906,AGLD/USDT:USDT,0.7946,56.0,0.7945,106.0,0.7955,82.0,0.7956,54.0
1753520716218,09:05:16.218,AGLD/USDT:USDT,0.7946,56.0,0.7945,106.0,0.7955,82.0,0.7956,54.0
1753520716462,09:05:16.462,AGLD/USDT:USDT,0.795,88.0,0.7949,88.0,0.7955,6.0,0.7956,54.0
1753520716508,09:05:16.508,AGLD/USDT:USDT,0.7952,66.0,0.795,35.0,0.7956,6.0,0.7957,54.0
1753520716635,09:05:16.635,AGLD/USDT:USDT,0.7952,66.0,0.795,35.0,0.7957,60.0,0.7958,11.0
1753520718069,09:05:18.069,AGLD/USDT:USDT,0.7952,66.0,0.795,35.0,0.7957,60.0,0.7958,11.0
1753520718654,09:05:18.654,AGLD/USDT:USDT,0.795,35.0,0.7949,22.0,0.7956,54.0,0.7957,60.0
1753520719469,09:05:19.469,AGLD/USDT:USDT,0.795,35.0,0.7949,22.0,0.7956,54.0,0.7957,60.0
1753520719887,09:05:19.887,AGLD/USDT:USDT,0.795,35.0,0.7949,22.0,0.7956,54.0,0.7957,60.0
1753520720325,09:05:20.325,AGLD/USDT:USDT,0.795,35.0,0.7949,22.0,0.7956,54.0,0.7957,60.0
1753520720726,09:05:20.726,AGLD/USDT:USDT,0.795,35.0,0.7949,22.0,0.7956,54.0,0.7957,60.0
1753520721146,09:05:21.146,AGLD/USDT:USDT,0.7951,66.0,0.795,35.0,0.7956,76.0,0.7957,60.0
1753520721225,09:05:21.225,AGLD/USDT:USDT,0.7951,66.0,0.795,22.0,0.7955,6.0,0.7956,76.0
1753520721278,09:05:21.278,AGLD/USDT:USDT,0.7951,66.0,0.795,22.0,0.7955,6.0,0.7956,76.0
1753520721483,09:05:21.483,AGLD/USDT:USDT,0.7951,66.0,0.795,22.0,0.7955,61.0,0.7956,76.0
1753520721990,09:05:21.990,AGLD/USDT:USDT,0.7951,66.0,0.795,11.0,0.7955,61.0,0.7956,76.0
1753520722354,09:05:22.354,AGLD/USDT:USDT,0.7951,66.0,0.795,11.0,0.7955,61.0,0.7956,76.0
1753520723182,09:05:23.182,AGLD/USDT:USDT,0.7951,66.0,0.795,22.0,0.7955,61.0,0.7956,76.0
1753520723440,09:05:23.440,AGLD/USDT:USDT,0.7951,66.0,0.795,22.0,0.7955,61.0,0.7956,76.0
1753520724093,09:05:24.093,AGLD/USDT:USDT,0.7951,66.0,0.795,22.0,0.7955,61.0,0.7956,76.0
1753520725238,09:05:25.238,AGLD/USDT:USDT,0.7951,66.0,0.795,22.0,0.7955,61.0,0.7956,76.0
1753520725836,09:05:25.836,AGLD/USDT:USDT,0.7951,66.0,0.795,22.0,0.7955,61.0,0.7956,76.0
1753520725907,09:05:25.907,AGLD/USDT:USDT,0.7951,66.0,0.795,22.0,0.7955,61.0,0.7956,76.0
1753520726131,09:05:26.131,AGLD/USDT:USDT,0.7951,66.0,0.795,22.0,0.7955,61.0,0.7956,76.0
1753520727563,09:05:27.563,AGLD/USDT:USDT,0.7951,66.0,0.795,11.0,0.7955,61.0,0.7956,76.0
1753520727566,09:05:27.566,AGLD/USDT:USDT,0.7951,66.0,0.7949,13.0,0.7955,61.0,0.7956,76.0
1753520727669,09:05:27.669,AGLD/USDT:USDT,0.7951,66.0,0.7949,13.0,0.7955,61.0,0.7956,76.0
1753520728858,09:05:28.858,AGLD/USDT:USDT,0.7951,66.0,0.7949,13.0,0.7955,61.0,0.7956,76.0
1753520730713,09:05:30.713,AGLD/USDT:USDT,0.7951,66.0,0.7949,13.0,0.7955,61.0,0.7956,76.0
1753520731291,09:05:31.291,AGLD/USDT:USDT,0.7951,66.0,0.7949,13.0,0.7955,61.0,0.7956,76.0
1753520731470,09:05:31.470,AGLD/USDT:USDT,0.7951,66.0,0.7949,13.0,0.7955,61.0,0.7956,76.0
1753520732511,09:05:32.511,AGLD/USDT:USDT,0.7951,66.0,0.7949,13.0,0.7955,61.0,0.7956,76.0
1753520733331,09:05:33.331,AGLD/USDT:USDT,0.7951,66.0,0.7949,13.0,0.7955,61.0,0.7956,76.0
1753520734216,09:05:34.216,AGLD/USDT:USDT,0.7951,66.0,0.7949,13.0,0.7955,61.0,0.7956,76.0
1753520735352,09:05:35.352,AGLD/USDT:USDT,0.7951,66.0,0.7949,13.0,0.7955,61.0,0.7956,76.0
1753520736584,09:05:36.584,AGLD/USDT:USDT,0.7951,66.0,0.7949,13.0,0.7955,61.0,0.7956,76.0
1753520737247,09:05:37.247,AGLD/USDT:USDT,0.7952,66.0,0.7951,22.0,0.7955,6.0,0.7956,11.0
1753520737359,09:05:37.359,AGLD/USDT:USDT,0.7953,66.0,0.7951,24.0,0.7956,17.0,0.7957,65.0
1753520737421,09:05:37.421,AGLD/USDT:USDT,0.7953,66.0,0.7951,24.0,0.7956,17.0,0.7957,65.0
1753520737948,09:05:37.948,AGLD/USDT:USDT,0.7953,66.0,0.7951,24.0,0.7956,17.0,0.7957,65.0
1753520738960,09:05:38.960,AGLD/USDT:USDT,0.7951,13.0,0.7946,55.0,0.7955,55.0,0.7956,72.0
1753520739003,09:05:39.003,AGLD/USDT:USDT,0.7951,13.0,0.7946,55.0,0.7955,66.0,0.7956,72.0
1753520739084,09:05:39.084,AGLD/USDT:USDT,0.7951,13.0,0.7949,13.0,0.7954,17.0,0.7955,77.0
1753520739548,09:05:39.548,AGLD/USDT:USDT,0.7951,13.0,0.7949,13.0,0.7954,17.0,0.7955,77.0
1753520741478,09:05:41.478,AGLD/USDT:USDT,0.7951,13.0,0.7949,13.0,0.7954,17.0,0.7955,77.0
1753520745059,09:05:45.059,AGLD/USDT:USDT,0.795,66.0,0.7948,13.0,0.7954,71.0,0.7955,77.0
1753520745113,09:05:45.113,AGLD/USDT:USDT,0.795,66.0,0.7948,13.0,0.7954,71.0,0.7955,77.0
1753520746932,09:05:46.932,AGLD/USDT:USDT,0.7948,13.0,0.7946,55.0,0.7954,71.0,0.7955,77.0
1753520747060,09:05:47.060,AGLD/USDT:USDT,0.7942,50.0,0.7941,50.0,0.7954,71.0,0.7955,77.0
1753520747160,09:05:47.160,AGLD/USDT:USDT,0.794,427.0,0.7935,57.0,0.7953,54.0,0.7954,71.0
1753520747259,09:05:47.259,AGLD/USDT:USDT,0.7935,57.0,0.7934,691.0,0.7953,54.0,0.7954,71.0
1753520747349,09:05:47.349,AGLD/USDT:USDT,0.7935,57.0,0.7934,691.0,0.7952,50.0,0.7953,104.0
1753520747450,09:05:47.450,AGLD/USDT:USDT,0.7935,57.0,0.7934,56.0,0.7952,104.0,0.7953,104.0
1753520747554,09:05:47.554,AGLD/USDT:USDT,0.7931,56.0,0.793,56.0,0.795,54.0,0.7951,104.0
1753520747662,09:05:47.662,AGLD/USDT:USDT,0.7928,54.0,0.7927,1361.0,0.7947,54.0,0.7948,689.0
1753520747750,09:05:47.750,AGLD/USDT:USDT,0.7932,66.0,0.7931,54.0,0.7946,54.0,0.7947,60.0
1753520747826,09:05:47.826,AGLD/USDT:USDT,0.7935,54.0,0.7934,66.0,0.7946,54.0,0.7947,60.0
1753520747916,09:05:47.916,AGLD/USDT:USDT,0.7935,54.0,0.7934,66.0,0.7946,54.0,0.7947,60.0
1753520748060,09:05:48.060,AGLD/USDT:USDT,0.7935,54.0,0.7934,66.0,0.7946,54.0,0.7947,60.0
1753520748160,09:05:48.160,AGLD/USDT:USDT,0.7938,120.0,0.7937,66.0,0.7946,54.0,0.7947,82.0
1753520748209,09:05:48.209,AGLD/USDT:USDT,0.7937,54.0,0.7936,65.0,0.7946,65.0,0.7947,82.0
1753520748282,09:05:48.282,AGLD/USDT:USDT,0.7937,54.0,0.7936,65.0,0.7945,54.0,0.7946,65.0
1753520748427,09:05:48.427,AGLD/USDT:USDT,0.7937,54.0,0.7936,65.0,0.7947,60.0,0.7948,689.0
1753520748552,09:05:48.552,AGLD/USDT:USDT,0.7937,54.0,0.7936,65.0,0.7947,60.0,0.7948,689.0
1753520748646,09:05:48.646,AGLD/USDT:USDT,0.7937,54.0,0.7936,65.0,0.7947,82.0,0.7948,689.0
1753520748762,09:05:48.762,AGLD/USDT:USDT,0.794,66.0,0.7939,66.0,0.7946,54.0,0.7947,71.0
1753520748766,09:05:48.766,AGLD/USDT:USDT,0.794,66.0,0.7938,54.0,0.7946,54.0,0.7947,71.0
1753520748874,09:05:48.874,AGLD/USDT:USDT,0.794,66.0,0.7938,54.0,0.7946,54.0,0.7947,71.0
1753520749020,09:05:49.020,AGLD/USDT:USDT,0.794,66.0,0.7938,67.0,0.7946,54.0,0.7947,71.0
1753520749091,09:05:49.091,AGLD/USDT:USDT,0.794,66.0,0.7938,67.0,0.7946,54.0,0.7947,71.0
1753520749458,09:05:49.458,AGLD/USDT:USDT,0.794,66.0,0.7938,67.0,0.7946,54.0,0.7947,71.0
1753520749476,09:05:49.476,AGLD/USDT:USDT,0.794,66.0,0.7938,67.0,0.7946,54.0,0.7947,71.0
1753520750025,09:05:50.025,AGLD/USDT:USDT,0.794,66.0,0.7939,11.0,0.7946,54.0,0.7947,71.0
1753520750138,09:05:50.138,AGLD/USDT:USDT,0.7942,66.0,0.794,13.0,0.7947,71.0,0.7948,700.0
1753520750243,09:05:50.243,AGLD/USDT:USDT,0.7942,66.0,0.794,13.0,0.7947,71.0,0.7948,700.0
1753520750312,09:05:50.312,AGLD/USDT:USDT,0.7942,66.0,0.794,13.0,0.7947,71.0,0.7948,700.0
1753520750662,09:05:50.662,AGLD/USDT:USDT,0.7943,56.0,0.7942,88.0,0.7947,6.0,0.7949,50.0
1753520750760,09:05:50.760,AGLD/USDT:USDT,0.7944,66.0,0.7943,56.0,0.7949,50.0,0.795,50.0
1753520750793,09:05:50.793,AGLD/USDT:USDT,0.7944,66.0,0.7943,56.0,0.795,50.0,0.7951,123.0
1753520751534,09:05:51.534,AGLD/USDT:USDT,0.7944,66.0,0.7943,56.0,0.795,50.0,0.7951,123.0
1753520751646,09:05:51.646,AGLD/USDT:USDT,0.7946,66.0,0.7943,56.0,0.795,50.0,0.7951,123.0
1753520751741,09:05:51.741,AGLD/USDT:USDT,0.7943,56.0,0.7942,22.0,0.795,50.0,0.7951,123.0
1753520751809,09:05:51.809,AGLD/USDT:USDT,0.7943,56.0,0.7942,22.0,0.795,50.0,0.7951,123.0
1753520751960,09:05:51.960,AGLD/USDT:USDT,0.7943,56.0,0.7942,22.0,0.795,50.0,0.7951,123.0
1753520751987,09:05:51.987,AGLD/USDT:USDT,0.7943,56.0,0.7942,22.0,0.795,50.0,0.7951,123.0
1753520752241,09:05:52.241,AGLD/USDT:USDT,0.7943,56.0,0.7942,22.0,0.795,50.0,0.7951,134.0
1753520752714,09:05:52.714,AGLD/USDT:USDT,0.7943,56.0,0.7942,22.0,0.795,50.0,0.7951,134.0
1753520752837,09:05:52.837,AGLD/USDT:USDT,0.7943,56.0,0.7942,22.0,0.795,50.0,0.7951,134.0
1753520753246,09:05:53.246,AGLD/USDT:USDT,0.7947,66.0,0.7943,56.0,0.795,50.0,0.7951,78.0
1753520753326,09:05:53.326,AGLD/USDT:USDT,0.7944,13.0,0.7943,56.0,0.795,50.0,0.7951,72.0
1753520753386,09:05:53.386,AGLD/USDT:USDT,0.7944,13.0,0.7943,56.0,0.795,50.0,0.7951,128.0
1753520753788,09:05:53.788,AGLD/USDT:USDT,0.7944,13.0,0.7943,56.0,0.795,50.0,0.7951,128.0
1753520754381,09:05:54.381,AGLD/USDT:USDT,0.7944,13.0,0.7943,56.0,0.795,50.0,0.7951,128.0
1753520755387,09:05:55.387,AGLD/USDT:USDT,0.7944,13.0,0.7943,56.0,0.795,50.0,0.7951,128.0
1753520755751,09:05:55.751,AGLD/USDT:USDT,0.7944,13.0,0.7943,56.0,0.795,50.0,0.7951,128.0
1753520756424,09:05:56.424,AGLD/USDT:USDT,0.7944,13.0,0.7943,56.0,0.795,50.0,0.7951,128.0
1753520756861,09:05:56.861,AGLD/USDT:USDT,0.7945,66.0,0.7944,24.0,0.795,50.0,0.7951,128.0
1753520756921,09:05:56.921,AGLD/USDT:USDT,0.7946,66.0,0.7944,35.0,0.795,50.0,0.7951,61.0
1753520757030,09:05:57.030,AGLD/USDT:USDT,0.7946,66.0,0.7944,24.0,0.795,50.0,0.7951,61.0
1753520757109,09:05:57.109,AGLD/USDT:USDT,0.7947,66.0,0.7946,11.0,0.795,50.0,0.7951,50.0
1753520757244,09:05:57.244,AGLD/USDT:USDT,0.7947,66.0,0.7946,11.0,0.795,50.0,0.7951,50.0
1753520757714,09:05:57.714,AGLD/USDT:USDT,0.7947,66.0,0.7946,11.0,0.7951,50.0,0.7952,110.0
1753520757770,09:05:57.770,AGLD/USDT:USDT,0.7947,66.0,0.7946,11.0,0.7951,50.0,0.7952,104.0
1753520757899,09:05:57.899,AGLD/USDT:USDT,0.7947,66.0,0.7946,11.0,0.7951,50.0,0.7952,115.0
1753520757977,09:05:57.977,AGLD/USDT:USDT,0.7947,66.0,0.7946,11.0,0.7951,50.0,0.7952,115.0
1753520760059,09:06:00.059,AGLD/USDT:USDT,0.7946,11.0,0.7945,11.0,0.7951,106.0,0.7952,115.0
1753520760155,09:06:00.155,AGLD/USDT:USDT,0.7945,66.0,0.7944,11.0,0.795,11.0,0.7951,106.0
1753520760205,09:06:00.205,AGLD/USDT:USDT,0.7935,54.0,0.7934,50.0,0.795,11.0,0.7951,106.0
1753520760350,09:06:00.350,AGLD/USDT:USDT,0.7938,66.0,0.7937,122.0,0.7951,106.0,0.7952,104.0
1753520760453,09:06:00.453,AGLD/USDT:USDT,0.7939,56.0,0.7937,56.0,0.7951,106.0,0.7952,107.0
1753520760526,09:06:00.526,AGLD/USDT:USDT,0.7935,54.0,0.7934,50.0,0.7951,106.0,0.7952,107.0
1753520760626,09:06:00.626,AGLD/USDT:USDT,0.7935,54.0,0.7934,50.0,0.795,54.0,0.7951,106.0
1753520761046,09:06:01.046,AGLD/USDT:USDT,0.7935,54.0,0.7934,50.0,0.795,54.0,0.7951,106.0
1753520761097,09:06:01.097,AGLD/USDT:USDT,0.7935,54.0,0.7934,50.0,0.795,54.0,0.7951,106.0
1753520762502,09:06:02.502,AGLD/USDT:USDT,0.7935,54.0,0.7934,50.0,0.795,54.0,0.7951,106.0
1753520763152,09:06:03.152,AGLD/USDT:USDT,0.7935,54.0,0.7934,50.0,0.795,54.0,0.7951,106.0
1753520763249,09:06:03.249,AGLD/USDT:USDT,0.7938,120.0,0.7937,66.0,0.795,54.0,0.7951,106.0
1753520763350,09:06:03.350,AGLD/USDT:USDT,0.7942,66.0,0.794,54.0,0.795,76.0,0.7951,106.0
1753520763461,09:06:03.461,AGLD/USDT:USDT,0.7943,66.0,0.7942,66.0,0.7949,54.0,0.795,76.0
1753520763546,09:06:03.546,AGLD/USDT:USDT,0.7943,66.0,0.7942,66.0,0.7949,54.0,0.795,76.0
1753520763657,09:06:03.657,AGLD/USDT:USDT,0.7943,66.0,0.7941,35.0,0.7949,54.0,0.795,76.0
1753520764531,09:06:04.531,AGLD/USDT:USDT,0.7943,66.0,0.7941,35.0,0.7949,54.0,0.795,76.0
1753520765685,09:06:05.685,AGLD/USDT:USDT,0.7943,66.0,0.7941,35.0,0.7949,54.0,0.795,76.0
1753520766562,09:06:06.562,AGLD/USDT:USDT,0.7943,66.0,0.7941,35.0,0.7949,54.0,0.795,76.0
1753520767392,09:06:07.392,AGLD/USDT:USDT,0.7943,66.0,0.7941,35.0,0.7949,54.0,0.795,76.0
1753520768277,09:06:08.277,AGLD/USDT:USDT,0.7943,66.0,0.7941,35.0,0.7949,54.0,0.795,76.0
1753520768626,09:06:08.626,AGLD/USDT:USDT,0.7943,77.0,0.7941,24.0,0.7949,54.0,0.795,76.0
1753520769454,09:06:09.454,AGLD/USDT:USDT,0.7943,77.0,0.7941,24.0,0.7949,54.0,0.795,76.0
1753520770906,09:06:10.906,AGLD/USDT:USDT,0.7943,77.0,0.7941,79.0,0.7949,54.0,0.795,76.0
1753520771426,09:06:11.426,AGLD/USDT:USDT,0.7943,77.0,0.7941,79.0,0.7949,54.0,0.795,76.0
1753520771615,09:06:11.615,AGLD/USDT:USDT,0.7943,77.0,0.7941,79.0,0.7949,54.0,0.795,76.0
1753520771995,09:06:11.995,AGLD/USDT:USDT,0.7944,66.0,0.7943,11.0,0.795,11.0,0.7951,106.0
1753520772148,09:06:12.148,AGLD/USDT:USDT,0.7944,66.0,0.7943,11.0,0.795,22.0,0.7951,106.0
1753520772453,09:06:12.453,AGLD/USDT:USDT,0.7944,66.0,0.7943,11.0,0.795,77.0,0.7951,106.0
1753520772547,09:06:12.547,AGLD/USDT:USDT,0.7944,66.0,0.7943,11.0,0.795,77.0,0.7951,106.0
1753520772692,09:06:12.692,AGLD/USDT:USDT,0.7944,66.0,0.7943,11.0,0.795,77.0,0.7951,106.0
1753520773435,09:06:13.435,AGLD/USDT:USDT,0.7944,66.0,0.7943,11.0,0.795,77.0,0.7951,106.0
1753520775514,09:06:15.514,AGLD/USDT:USDT,0.7944,77.0,0.7943,11.0,0.795,66.0,0.7951,106.0
1753520775681,09:06:15.681,AGLD/USDT:USDT,0.7944,77.0,0.7943,11.0,0.795,66.0,0.7951,106.0
1753520775980,09:06:15.980,AGLD/USDT:USDT,0.7944,77.0,0.7943,11.0,0.795,66.0,0.7951,106.0
1753520776340,09:06:16.340,AGLD/USDT:USDT,0.7944,77.0,0.7943,11.0,0.795,66.0,0.7951,106.0
1753520777546,09:06:17.546,AGLD/USDT:USDT,0.7946,66.0,0.7945,77.0,0.795,11.0,0.7951,50.0
1753520777631,09:06:17.631,AGLD/USDT:USDT,0.7946,66.0,0.7945,11.0,0.795,11.0,0.7951,50.0
1753520777699,09:06:17.699,AGLD/USDT:USDT,0.7946,66.0,0.7945,11.0,0.795,11.0,0.7951,50.0
1753520778598,09:06:18.598,AGLD/USDT:USDT,0.7946,66.0,0.7945,11.0,0.795,11.0,0.7951,50.0
1753520778752,09:06:18.752,AGLD/USDT:USDT,0.7949,66.0,0.7948,66.0,0.7951,50.0,0.7952,50.0
1753520778850,09:06:18.850,AGLD/USDT:USDT,0.7949,66.0,0.7947,13.0,0.7951,50.0,0.7952,61.0
1753520779006,09:06:19.006,AGLD/USDT:USDT,0.7949,66.0,0.7947,13.0,0.7951,50.0,0.7952,61.0
1753520779469,09:06:19.469,AGLD/USDT:USDT,0.7949,66.0,0.7947,13.0,0.7951,50.0,0.7952,11.0
1753520779905,09:06:19.905,AGLD/USDT:USDT,0.7949,66.0,0.7947,24.0,0.7951,50.0,0.7952,11.0
1753520780937,09:06:20.937,AGLD/USDT:USDT,0.7949,66.0,0.7948,11.0,0.7951,50.0,0.7954,61.0
1753520781123,09:06:21.123,AGLD/USDT:USDT,0.7949,66.0,0.7948,11.0,0.7951,50.0,0.7954,61.0
1753520781395,09:06:21.395,AGLD/USDT:USDT,0.7949,66.0,0.7947,13.0,0.7951,50.0,0.7952,22.0
1753520783643,09:06:23.643,AGLD/USDT:USDT,0.7949,66.0,0.7948,11.0,0.7951,50.0,0.7952,11.0
1753520783730,09:06:23.730,AGLD/USDT:USDT,0.7949,66.0,0.7948,11.0,0.7951,50.0,0.7952,11.0
1753520783932,09:06:23.932,AGLD/USDT:USDT,0.795,66.0,0.7948,22.0,0.7951,50.0,0.7954,6.0
1753520784062,09:06:24.062,AGLD/USDT:USDT,0.795,66.0,0.7948,35.0,0.7951,50.0,0.7954,6.0
1753520784125,09:06:24.125,AGLD/USDT:USDT,0.795,66.0,0.7948,35.0,0.7954,6.0,0.7955,690.0
1753520784167,09:06:24.167,AGLD/USDT:USDT,0.795,66.0,0.7948,35.0,0.7954,17.0,0.7955,690.0
1753520784446,09:06:24.446,AGLD/USDT:USDT,0.795,66.0,0.7948,24.0,0.7954,17.0,0.7955,690.0
1753520785453,09:06:25.453,AGLD/USDT:USDT,0.795,66.0,0.7948,24.0,0.7954,17.0,0.7958,55.0
1753520785554,09:06:25.554,AGLD/USDT:USDT,0.7953,66.0,0.7951,11.0,0.7954,6.0,0.7956,11.0
1753520785658,09:06:25.658,AGLD/USDT:USDT,0.7953,66.0,0.7951,13.0,0.7956,11.0,0.7958,55.0
1753520785735,09:06:25.735,AGLD/USDT:USDT,0.7953,66.0,0.7951,13.0,0.7956,11.0,0.7958,55.0
1753520785948,09:06:25.948,AGLD/USDT:USDT,0.7953,66.0,0.7951,13.0,0.7956,11.0,0.7958,55.0
1753520786206,09:06:26.206,AGLD/USDT:USDT,0.7953,66.0,0.7951,13.0,0.7956,11.0,0.7958,55.0
1753520786326,09:06:26.326,AGLD/USDT:USDT,0.7953,66.0,0.7951,13.0,0.7956,11.0,0.7959,56.0
1753520786959,09:06:26.959,AGLD/USDT:USDT,0.7953,66.0,0.7952,11.0,0.7956,11.0,0.7959,56.0
1753520787048,09:06:27.048,AGLD/USDT:USDT,0.7956,66.0,0.7954,13.0,0.7959,11.0,0.7962,62.0
1753520787104,09:06:27.104,AGLD/USDT:USDT,0.7956,66.0,0.7954,13.0,0.7959,11.0,0.7962,62.0
1753520787209,09:06:27.209,AGLD/USDT:USDT,0.7956,66.0,0.7954,13.0,0.7959,11.0,0.7962,62.0
1753520788804,09:06:28.804,AGLD/USDT:USDT,0.7956,66.0,0.7954,13.0,0.7959,11.0,0.7962,62.0
1753520789804,09:06:29.804,AGLD/USDT:USDT,0.7956,66.0,0.7954,13.0,0.7959,11.0,0.7962,62.0
1753520791201,09:06:31.201,AGLD/USDT:USDT,0.7956,66.0,0.7954,13.0,0.7959,11.0,0.7962,62.0
1753520791655,09:06:31.655,AGLD/USDT:USDT,0.7956,66.0,0.7954,13.0,0.7959,11.0,0.7962,62.0
1753520791878,09:06:31.878,AGLD/USDT:USDT,0.7956,66.0,0.7954,13.0,0.7959,11.0,0.7962,62.0
1753520793146,09:06:33.146,AGLD/USDT:USDT,0.7954,13.0,0.7945,56.0,0.7959,11.0,0.796,11.0
1753520793228,09:06:33.228,AGLD/USDT:USDT,0.7955,66.0,0.7953,13.0,0.7959,11.0,0.796,11.0
1753520793331,09:06:33.331,AGLD/USDT:USDT,0.7955,66.0,0.7953,13.0,0.7959,11.0,0.796,11.0
1753520794335,09:06:34.335,AGLD/USDT:USDT,0.7954,13.0,0.7945,56.0,0.7959,388.0,0.7962,62.0
1753520794426,09:06:34.426,AGLD/USDT:USDT,0.7955,66.0,0.7954,22.0,0.7958,6.0,0.7962,56.0
1753520794528,09:06:34.528,AGLD/USDT:USDT,0.7956,66.0,0.7954,24.0,0.7961,66.0,0.7962,438.0
1753520794581,09:06:34.581,AGLD/USDT:USDT,0.7956,66.0,0.7954,24.0,0.7961,66.0,0.7962,438.0
1753520794881,09:06:34.881,AGLD/USDT:USDT,0.7956,66.0,0.7954,24.0,0.7961,66.0,0.7962,438.0
1753520796212,09:06:36.212,AGLD/USDT:USDT,0.7956,66.0,0.7954,13.0,0.7961,443.0,0.7962,438.0
1753520796322,09:06:36.322,AGLD/USDT:USDT,0.7956,66.0,0.7954,13.0,0.796,61.0,0.7961,454.0
1753520796502,09:06:36.502,AGLD/USDT:USDT,0.7956,66.0,0.7954,13.0,0.796,61.0,0.7961,454.0
1753520800154,09:06:40.154,AGLD/USDT:USDT,0.7945,56.0,0.7942,50.0,0.7959,66.0,0.796,61.0
1753520800246,09:06:40.246,AGLD/USDT:USDT,0.7945,56.0,0.7942,50.0,0.7958,61.0,0.7959,66.0
1753520800595,09:06:40.595,AGLD/USDT:USDT,0.7945,56.0,0.7942,50.0,0.7958,61.0,0.7959,66.0
1753520802057,09:06:42.057,AGLD/USDT:USDT,0.7945,56.0,0.7942,50.0,0.7957,55.0,0.7958,61.0
1753520802295,09:06:42.295,AGLD/USDT:USDT,0.7945,56.0,0.7942,50.0,0.7957,55.0,0.7958,61.0
1753520804650,09:06:44.650,AGLD/USDT:USDT,0.7948,55.0,0.7947,121.0,0.7958,6.0,0.7959,55.0
1753520804671,09:06:44.671,AGLD/USDT:USDT,0.7948,55.0,0.7947,55.0,0.7959,55.0,0.796,6.0
1753520804805,09:06:44.805,AGLD/USDT:USDT,0.7945,56.0,0.7942,50.0,0.7959,55.0,0.796,6.0
1753520813476,09:06:53.476,AGLD/USDT:USDT,0.7945,56.0,0.7942,50.0,0.7959,55.0,0.796,6.0
1753520816704,09:06:56.704,AGLD/USDT:USDT,0.7945,56.0,0.7942,50.0,0.7959,55.0,0.796,6.0
1753520817128,09:06:57.128,AGLD/USDT:USDT,0.7945,56.0,0.7942,50.0,0.7959,55.0,0.796,6.0
1753520817226,09:06:57.226,AGLD/USDT:USDT,0.7945,56.0,0.7942,50.0,0.7959,55.0,0.796,6.0
1753520817520,09:06:57.520,AGLD/USDT:USDT,0.7945,56.0,0.7942,50.0,0.7959,55.0,0.796,6.0
1753520820147,09:07:00.147,AGLD/USDT:USDT,0.795,66.0,0.7949,66.0,0.7958,55.0,0.7959,431.0
1753520820185,09:07:00.185,AGLD/USDT:USDT,0.7951,66.0,0.7946,55.0,0.7957,55.0,0.7958,83.0
1753520820363,09:07:00.363,AGLD/USDT:USDT,0.7951,66.0,0.7946,55.0,0.7957,55.0,0.7958,83.0
1753520820493,09:07:00.493,AGLD/USDT:USDT,0.7945,56.0,0.7942,50.0,0.7957,55.0,0.7958,83.0
1753520820605,09:07:00.605,AGLD/USDT:USDT,0.7945,56.0,0.7942,50.0,0.7957,55.0,0.7958,83.0
1753520820780,09:07:00.780,AGLD/USDT:USDT,0.7945,56.0,0.7942,50.0,0.7957,55.0,0.7958,83.0
1753520821152,09:07:01.152,AGLD/USDT:USDT,0.7945,56.0,0.7942,50.0,0.7957,55.0,0.7958,83.0
1753520821194,09:07:01.194,AGLD/USDT:USDT,0.7945,56.0,0.7942,50.0,0.7957,55.0,0.7958,83.0
1753520821455,09:07:01.455,AGLD/USDT:USDT,0.7945,56.0,0.7942,50.0,0.7957,55.0,0.7958,718.0
1753520823349,09:07:03.349,AGLD/USDT:USDT,0.7947,66.0,0.7943,57.0,0.7954,456.0,0.7955,57.0
1753520823370,09:07:03.370,AGLD/USDT:USDT,0.7947,66.0,0.7943,57.0,0.7953,6.0,0.7954,456.0
1753520823841,09:07:03.841,AGLD/USDT:USDT,0.7947,66.0,0.7943,57.0,0.7953,6.0,0.7954,456.0
1753520823967,09:07:03.967,AGLD/USDT:USDT,0.7947,66.0,0.7943,57.0,0.7953,6.0,0.7954,456.0
1753520824848,09:07:04.848,AGLD/USDT:USDT,0.7949,66.0,0.7948,66.0,0.7953,6.0,0.7954,456.0
1753520824886,09:07:04.886,AGLD/USDT:USDT,0.795,66.0,0.7943,57.0,0.7953,6.0,0.7954,456.0
1753520825544,09:07:05.544,AGLD/USDT:USDT,0.7943,57.0,0.7938,107.0,0.7953,6.0,0.7954,445.0
1753520826565,09:07:06.565,AGLD/USDT:USDT,0.7943,57.0,0.7938,107.0,0.7953,6.0,0.7954,445.0
1753520826844,09:07:06.844,AGLD/USDT:USDT,0.7943,57.0,0.7938,107.0,0.7953,6.0,0.7954,445.0
1753520826934,09:07:06.934,AGLD/USDT:USDT,0.7943,57.0,0.7938,107.0,0.7953,6.0,0.7954,445.0
1753520828469,09:07:08.469,AGLD/USDT:USDT,0.7943,57.0,0.7938,107.0,0.7953,6.0,0.7954,445.0
1753520829323,09:07:09.323,AGLD/USDT:USDT,0.7943,57.0,0.7938,107.0,0.7953,6.0,0.7954,377.0
1753520829443,09:07:09.443,AGLD/USDT:USDT,0.7943,57.0,0.7938,107.0,0.7953,6.0,0.7954,377.0
1753520829686,09:07:09.686,AGLD/USDT:USDT,0.7943,57.0,0.7938,107.0,0.7953,6.0,0.7954,377.0
1753520829900,09:07:09.900,AGLD/USDT:USDT,0.7943,57.0,0.7938,107.0,0.7953,6.0,0.7954,377.0
1753520830100,09:07:10.100,AGLD/USDT:USDT,0.7943,57.0,0.7938,107.0,0.7953,6.0,0.7954,377.0
1753520830513,09:07:10.513,AGLD/USDT:USDT,0.7943,57.0,0.7938,107.0,0.7953,6.0,0.7954,377.0
1753520830896,09:07:10.896,AGLD/USDT:USDT,0.7943,57.0,0.7938,107.0,0.7953,6.0,0.7954,377.0
1753520831728,09:07:11.728,AGLD/USDT:USDT,0.7943,57.0,0.7938,107.0,0.7953,6.0,0.7954,377.0
1753520832038,09:07:12.038,AGLD/USDT:USDT,0.7943,57.0,0.7938,107.0,0.7953,6.0,0.7954,377.0
1753520834652,09:07:14.652,AGLD/USDT:USDT,0.7945,66.0,0.7944,121.0,0.7953,6.0,0.7954,377.0
1753520834763,09:07:14.763,AGLD/USDT:USDT,0.7949,66.0,0.7946,22.0,0.7953,17.0,0.7954,399.0
1753520836528,09:07:16.528,AGLD/USDT:USDT,0.7949,66.0,0.7944,55.0,0.7953,17.0,0.7954,399.0
1753520836563,09:07:16.563,AGLD/USDT:USDT,0.7949,66.0,0.7944,55.0,0.7953,17.0,0.7954,399.0
1753520836979,09:07:16.979,AGLD/USDT:USDT,0.7949,66.0,0.7944,55.0,0.7953,17.0,0.7954,399.0
1753520837442,09:07:17.442,AGLD/USDT:USDT,0.7949,66.0,0.7945,55.0,0.7953,17.0,0.7954,399.0
1753520837681,09:07:17.681,AGLD/USDT:USDT,0.7949,66.0,0.7948,11.0,0.7953,17.0,0.7954,399.0
1753520837857,09:07:17.857,AGLD/USDT:USDT,0.7949,66.0,0.7948,11.0,0.7953,17.0,0.7954,399.0
1753520838219,09:07:18.219,AGLD/USDT:USDT,0.7949,66.0,0.7945,55.0,0.7953,17.0,0.7954,399.0
1753520838696,09:07:18.696,AGLD/USDT:USDT,0.7949,66.0,0.7945,55.0,0.7953,17.0,0.7954,399.0
1753520840229,09:07:20.229,AGLD/USDT:USDT,0.7949,66.0,0.7943,57.0,0.7953,17.0,0.7954,399.0
1753520842752,09:07:22.752,AGLD/USDT:USDT,0.7943,57.0,0.7938,107.0,0.7953,17.0,0.7954,399.0
1753520843908,09:07:23.908,AGLD/USDT:USDT,0.7943,57.0,0.7938,107.0,0.7953,17.0,0.7954,399.0
1753520844773,09:07:24.773,AGLD/USDT:USDT,0.7943,57.0,0.7938,107.0,0.7953,17.0,0.7954,399.0
1753520845587,09:07:25.587,AGLD/USDT:USDT,0.7943,57.0,0.7938,107.0,0.7953,17.0,0.7954,399.0
1753520849626,09:07:29.626,AGLD/USDT:USDT,0.7943,57.0,0.7938,107.0,0.7953,17.0,0.7954,399.0
1753520852451,09:07:32.451,AGLD/USDT:USDT,0.7943,57.0,0.7938,107.0,0.7953,17.0,0.7954,399.0
1753520854468,09:07:34.468,AGLD/USDT:USDT,0.7943,57.0,0.7938,107.0,0.7953,17.0,0.7954,399.0
1753520855445,09:07:35.445,AGLD/USDT:USDT,0.7949,66.0,0.7948,66.0,0.7953,17.0,0.7954,399.0
1753520855506,09:07:35.506,AGLD/USDT:USDT,0.7951,66.0,0.7946,56.0,0.7953,17.0,0.7954,399.0
1753520856344,09:07:36.344,AGLD/USDT:USDT,0.7951,66.0,0.7946,56.0,0.7953,17.0,0.7954,388.0
1753520856862,09:07:36.862,AGLD/USDT:USDT,0.7951,66.0,0.7945,56.0,0.7953,17.0,0.7954,388.0
1753520856920,09:07:36.920,AGLD/USDT:USDT,0.7951,66.0,0.7945,56.0,0.7953,17.0,0.7954,388.0
1753520857704,09:07:37.704,AGLD/USDT:USDT,0.7951,66.0,0.7945,56.0,0.7953,17.0,0.7954,388.0
1753520859199,09:07:39.199,AGLD/USDT:USDT,0.7943,57.0,0.7938,107.0,0.7953,17.0,0.7954,388.0
1753520859726,09:07:39.726,AGLD/USDT:USDT,0.7943,57.0,0.7938,107.0,0.7953,17.0,0.7954,388.0
1753520861549,09:07:41.549,AGLD/USDT:USDT,0.7946,66.0,0.7945,66.0,0.7953,71.0,0.7954,388.0
1753520861589,09:07:41.589,AGLD/USDT:USDT,0.7947,66.0,0.7943,57.0,0.7953,82.0,0.7954,388.0
1753520862547,09:07:42.547,AGLD/USDT:USDT,0.7947,66.0,0.7943,57.0,0.7953,82.0,0.7954,388.0
1753520862587,09:07:42.587,AGLD/USDT:USDT,0.7947,66.0,0.7943,57.0,0.7953,82.0,0.7954,388.0
1753520862962,09:07:42.962,AGLD/USDT:USDT,0.7947,66.0,0.7943,57.0,0.7953,82.0,0.7954,388.0
1753520864585,09:07:44.585,AGLD/USDT:USDT,0.7947,66.0,0.7943,57.0,0.7953,82.0,0.7954,388.0
1753520866656,09:07:46.656,AGLD/USDT:USDT,0.7947,66.0,0.7943,57.0,0.7953,82.0,0.7954,388.0
1753520867832,09:07:47.832,AGLD/USDT:USDT,0.7947,66.0,0.7943,57.0,0.7953,82.0,0.7954,388.0
1753520870549,09:07:50.549,AGLD/USDT:USDT,0.7949,66.0,0.7943,57.0,0.7953,28.0,0.7954,388.0
1753520873875,09:07:53.875,AGLD/USDT:USDT,0.7949,66.0,0.7943,57.0,0.7953,28.0,0.7954,388.0
1753520877261,09:07:57.261,AGLD/USDT:USDT,0.7949,66.0,0.7943,57.0,0.7953,28.0,0.7954,388.0
1753520880940,09:08:00.940,AGLD/USDT:USDT,0.7949,66.0,0.7948,11.0,0.7953,28.0,0.7954,388.0
1753520881062,09:08:01.062,AGLD/USDT:USDT,0.7951,66.0,0.795,66.0,0.7953,17.0,0.7954,388.0
1753520881082,09:08:01.082,AGLD/USDT:USDT,0.7951,66.0,0.7948,11.0,0.7953,17.0,0.7954,388.0
1753520881361,09:08:01.361,AGLD/USDT:USDT,0.7952,66.0,0.795,22.0,0.7953,6.0,0.7958,55.0
1753520881410,09:08:01.410,AGLD/USDT:USDT,0.7953,66.0,0.795,11.0,0.7958,66.0,0.7961,6.0
1753520881554,09:08:01.554,AGLD/USDT:USDT,0.7953,66.0,0.795,11.0,0.7957,6.0,0.7958,66.0
1753520881686,09:08:01.686,AGLD/USDT:USDT,0.7953,66.0,0.795,11.0,0.7957,6.0,0.7958,66.0
1753520882936,09:08:02.936,AGLD/USDT:USDT,0.7953,66.0,0.795,11.0,0.7957,6.0,0.7958,66.0
1753520883166,09:08:03.166,AGLD/USDT:USDT,0.7953,66.0,0.795,11.0,0.7957,6.0,0.7958,66.0
1753520884345,09:08:04.345,AGLD/USDT:USDT,0.7953,66.0,0.795,11.0,0.7957,61.0,0.7958,77.0
1753520884782,09:08:04.782,AGLD/USDT:USDT,0.7953,66.0,0.795,11.0,0.7957,61.0,0.7958,77.0
1753520885712,09:08:05.712,AGLD/USDT:USDT,0.7953,66.0,0.7943,57.0,0.7957,61.0,0.7958,77.0
1753520888560,09:08:08.560,AGLD/USDT:USDT,0.7943,813.0,0.7939,50.0,0.7957,61.0,0.7958,77.0
1753520888662,09:08:08.662,AGLD/USDT:USDT,0.7949,66.0,0.7948,66.0,0.795,1.0,0.7957,61.0
1753520888762,09:08:08.762,AGLD/USDT:USDT,0.7952,66.0,0.7951,66.0,0.7957,83.0,0.7958,55.0
1753520888812,09:08:08.812,AGLD/USDT:USDT,0.7953,66.0,0.7947,11.0,0.7957,83.0,0.7958,55.0
1753520889594,09:08:09.594,AGLD/USDT:USDT,0.7953,66.0,0.7947,11.0,0.7957,83.0,0.7958,55.0
1753520890030,09:08:10.030,AGLD/USDT:USDT,0.7953,66.0,0.7947,11.0,0.7957,83.0,0.7958,55.0
1753520890163,09:08:10.163,AGLD/USDT:USDT,0.7946,55.0,0.7943,57.0,0.7957,17.0,0.7958,55.0
1753520890251,09:08:10.251,AGLD/USDT:USDT,0.7948,121.0,0.7947,66.0,0.7956,66.0,0.7957,6.0
1753520890346,09:08:10.346,AGLD/USDT:USDT,0.7952,66.0,0.7951,11.0,0.7955,6.0,0.7956,66.0
1753520890445,09:08:10.445,AGLD/USDT:USDT,0.7952,66.0,0.7951,11.0,0.7955,6.0,0.7956,66.0
1753520891209,09:08:11.209,AGLD/USDT:USDT,0.7952,66.0,0.7951,11.0,0.7955,6.0,0.7956,66.0
1753520891331,09:08:11.331,AGLD/USDT:USDT,0.7943,57.0,0.7942,50.0,0.7955,6.0,0.7956,66.0
1753520893199,09:08:13.199,AGLD/USDT:USDT,0.7943,57.0,0.7942,50.0,0.7955,6.0,0.7956,66.0
1753520893291,09:08:13.291,AGLD/USDT:USDT,0.7943,57.0,0.7942,50.0,0.7955,6.0,0.7956,66.0
1753520893979,09:08:13.979,AGLD/USDT:USDT,0.7943,57.0,0.7942,50.0,0.7955,6.0,0.7956,66.0
1753520894087,09:08:14.087,AGLD/USDT:USDT,0.7943,57.0,0.7942,50.0,0.7955,6.0,0.7956,66.0
1753520894190,09:08:14.190,AGLD/USDT:USDT,0.7938,57.0,0.7937,692.0,0.7955,6.0,0.7956,66.0
1753520895762,09:08:15.762,AGLD/USDT:USDT,0.7938,434.0,0.7937,692.0,0.7955,6.0,0.7956,66.0
1753520895862,09:08:15.862,AGLD/USDT:USDT,0.7945,77.0,0.7944,57.0,0.7955,6.0,0.7956,66.0
1753520895948,09:08:15.948,AGLD/USDT:USDT,0.795,66.0,0.7949,66.0,0.7955,6.0,0.7956,66.0
1753520896008,09:08:16.008,AGLD/USDT:USDT,0.7952,66.0,0.7948,11.0,0.7955,6.0,0.7956,66.0
1753520896122,09:08:16.122,AGLD/USDT:USDT,0.7952,66.0,0.7948,11.0,0.7955,6.0,0.7956,66.0
1753520897800,09:08:17.800,AGLD/USDT:USDT,0.7952,66.0,0.7948,11.0,0.7955,6.0,0.7956,66.0
1753520898145,09:08:18.145,AGLD/USDT:USDT,0.7952,66.0,0.7948,11.0,0.7955,6.0,0.7956,66.0
1753520898442,09:08:18.442,AGLD/USDT:USDT,0.795,66.0,0.7949,66.0,0.7955,6.0,0.7956,66.0
1753520898526,09:08:18.526,AGLD/USDT:USDT,0.7953,66.0,0.7948,79.0,0.7955,6.0,0.7956,66.0
1753520898852,09:08:18.852,AGLD/USDT:USDT,0.7953,66.0,0.7951,11.0,0.7955,6.0,0.7956,66.0
1753520900632,09:08:20.632,AGLD/USDT:USDT,0.7953,66.0,0.7951,11.0,0.7955,6.0,0.7956,66.0
1753520901725,09:08:21.725,AGLD/USDT:USDT,0.7953,66.0,0.7951,22.0,0.7955,6.0,0.7956,66.0
1753520901803,09:08:21.803,AGLD/USDT:USDT,0.7953,66.0,0.7951,22.0,0.7955,6.0,0.7956,66.0
1753520902531,09:08:22.531,AGLD/USDT:USDT,0.7954,66.0,0.7951,22.0,0.7955,6.0,0.7956,66.0
1753520902619,09:08:22.619,AGLD/USDT:USDT,0.7954,66.0,0.7951,22.0,0.7955,6.0,0.7956,66.0
1753520903531,09:08:23.531,AGLD/USDT:USDT,0.7954,66.0,0.7951,22.0,0.7955,6.0,0.7956,66.0
1753520903837,09:08:23.837,AGLD/USDT:USDT,0.7954,66.0,0.7951,22.0,0.7955,6.0,0.7956,66.0
1753520904658,09:08:24.658,AGLD/USDT:USDT,0.7954,66.0,0.7951,22.0,0.7955,6.0,0.7956,66.0
1753520904880,09:08:24.880,AGLD/USDT:USDT,0.7954,66.0,0.7951,22.0,0.7955,6.0,0.7956,66.0
1753520905893,09:08:25.893,AGLD/USDT:USDT,0.7954,66.0,0.7951,22.0,0.7955,6.0,0.7956,66.0
1753520906401,09:08:26.401,AGLD/USDT:USDT,0.7954,66.0,0.7951,22.0,0.7955,6.0,0.7956,66.0
1753520906669,09:08:26.669,AGLD/USDT:USDT,0.7954,66.0,0.7951,22.0,0.7955,6.0,0.7956,66.0
1753520908586,09:08:28.586,AGLD/USDT:USDT,0.7954,66.0,0.7951,22.0,0.7955,6.0,0.7956,66.0
1753520908725,09:08:28.725,AGLD/USDT:USDT,0.7954,66.0,0.7951,22.0,0.7955,6.0,0.7956,66.0
1753520908960,09:08:28.960,AGLD/USDT:USDT,0.7954,66.0,0.7951,22.0,0.7955,6.0,0.7956,66.0
1753520909539,09:08:29.539,AGLD/USDT:USDT,0.7954,66.0,0.7951,22.0,0.7955,6.0,0.7956,66.0
1753520910615,09:08:30.615,AGLD/USDT:USDT,0.7954,66.0,0.7953,11.0,0.7955,6.0,0.7956,66.0
1753520910811,09:08:30.811,AGLD/USDT:USDT,0.7954,66.0,0.7953,22.0,0.7955,6.0,0.7956,66.0
1753520910986,09:08:30.986,AGLD/USDT:USDT,0.7954,66.0,0.7953,22.0,0.7955,6.0,0.7958,55.0
1753520911126,09:08:31.126,AGLD/USDT:USDT,0.7956,66.0,0.7953,11.0,0.796,73.0,0.7961,105.0
1753520911168,09:08:31.168,AGLD/USDT:USDT,0.7956,66.0,0.7953,11.0,0.796,73.0,0.7961,105.0
1753520911580,09:08:31.580,AGLD/USDT:USDT,0.7956,66.0,0.7953,11.0,0.796,73.0,0.7961,105.0
1753520912188,09:08:32.188,AGLD/USDT:USDT,0.7956,66.0,0.7953,11.0,0.796,73.0,0.7961,105.0
1753520912396,09:08:32.396,AGLD/USDT:USDT,0.7956,66.0,0.7953,11.0,0.796,73.0,0.7961,105.0
1753520912650,09:08:32.650,AGLD/USDT:USDT,0.7956,66.0,0.7953,11.0,0.796,73.0,0.7961,116.0
1753520913412,09:08:33.412,AGLD/USDT:USDT,0.7956,66.0,0.7953,11.0,0.796,450.0,0.7961,116.0
1753520913610,09:08:33.610,AGLD/USDT:USDT,0.7956,66.0,0.7953,11.0,0.796,450.0,0.7961,116.0
1753520914947,09:08:34.947,AGLD/USDT:USDT,0.7953,11.0,0.7952,11.0,0.796,450.0,0.7961,116.0
1753520915247,09:08:35.247,AGLD/USDT:USDT,0.7947,57.0,0.7944,50.0,0.796,450.0,0.7961,116.0
1753520918647,09:08:38.647,AGLD/USDT:USDT,0.7949,66.0,0.7948,122.0,0.7959,56.0,0.796,73.0
1753520918726,09:08:38.726,AGLD/USDT:USDT,0.7953,66.0,0.7949,56.0,0.7959,444.0,0.796,73.0
1753520918848,09:08:38.848,AGLD/USDT:USDT,0.7953,66.0,0.7949,56.0,0.7958,17.0,0.7959,67.0
1753520918874,09:08:38.874,AGLD/USDT:USDT,0.7953,66.0,0.7949,56.0,0.7958,17.0,0.7959,67.0
1753520919709,09:08:39.709,AGLD/USDT:USDT,0.7953,66.0,0.7949,56.0,0.7958,17.0,0.7959,67.0
1753520920121,09:08:40.121,AGLD/USDT:USDT,0.7953,66.0,0.7949,56.0,0.7958,17.0,0.7959,67.0
1753520920658,09:08:40.658,AGLD/USDT:USDT,0.7953,66.0,0.7948,56.0,0.7958,17.0,0.7959,67.0
1753520921739,09:08:41.739,AGLD/USDT:USDT,0.7953,66.0,0.7948,56.0,0.7958,17.0,0.7959,67.0
1753520922152,09:08:42.152,AGLD/USDT:USDT,0.7955,66.0,0.7948,56.0,0.7958,17.0,0.7959,67.0
1753520922219,09:08:42.219,AGLD/USDT:USDT,0.7947,57.0,0.7944,50.0,0.7958,394.0,0.7959,67.0
1753520922777,09:08:42.777,AGLD/USDT:USDT,0.7947,57.0,0.7944,50.0,0.7958,17.0,0.7959,67.0
1753520922971,09:08:42.971,AGLD/USDT:USDT,0.7947,57.0,0.7944,50.0,0.7958,17.0,0.7959,67.0
1753520923225,09:08:43.225,AGLD/USDT:USDT,0.7947,57.0,0.7944,50.0,0.7958,17.0,0.7959,67.0
1753520923795,09:08:43.795,AGLD/USDT:USDT,0.7947,57.0,0.7944,50.0,0.7958,17.0,0.7959,67.0
1753520924619,09:08:44.619,AGLD/USDT:USDT,0.7947,57.0,0.7944,50.0,0.7958,17.0,0.7959,67.0
1753520925046,09:08:45.046,AGLD/USDT:USDT,0.7953,66.0,0.7952,66.0,0.7958,17.0,0.7959,56.0
1753520925086,09:08:45.086,AGLD/USDT:USDT,0.7954,66.0,0.7951,22.0,0.7958,17.0,0.7959,56.0
1753520925434,09:08:45.434,AGLD/USDT:USDT,0.7954,66.0,0.7951,22.0,0.7958,17.0,0.7959,56.0
1753520925847,09:08:45.847,AGLD/USDT:USDT,0.7954,66.0,0.7951,22.0,0.7958,17.0,0.7959,56.0
1753520926046,09:08:46.046,AGLD/USDT:USDT,0.7954,66.0,0.7951,22.0,0.7958,17.0,0.7959,67.0
1753520926660,09:08:46.660,AGLD/USDT:USDT,0.7954,66.0,0.7951,22.0,0.7958,17.0,0.7959,67.0
1753520927360,09:08:47.360,AGLD/USDT:USDT,0.7951,11.0,0.795,55.0,0.7958,17.0,0.7959,67.0
1753520927463,09:08:47.463,AGLD/USDT:USDT,0.795,55.0,0.7948,55.0,0.7958,394.0,0.7959,67.0
1753520927488,09:08:47.488,AGLD/USDT:USDT,0.7947,57.0,0.7944,50.0,0.7958,394.0,0.7959,67.0
1753520927846,09:08:47.846,AGLD/USDT:USDT,0.7952,66.0,0.7951,66.0,0.7958,394.0,0.7959,67.0
1753520927886,09:08:47.886,AGLD/USDT:USDT,0.7953,66.0,0.7949,55.0,0.7958,394.0,0.7959,67.0
1753520928705,09:08:48.705,AGLD/USDT:USDT,0.7953,66.0,0.7949,55.0,0.7958,394.0,0.7959,67.0
1753520929327,09:08:49.327,AGLD/USDT:USDT,0.7953,66.0,0.7947,57.0,0.7958,394.0,0.7959,67.0
1753520929506,09:08:49.506,AGLD/USDT:USDT,0.7953,66.0,0.7947,57.0,0.7958,394.0,0.7959,67.0
1753520929939,09:08:49.939,AGLD/USDT:USDT,0.7953,66.0,0.7947,57.0,0.7958,394.0,0.7959,67.0
1753520930646,09:08:50.646,AGLD/USDT:USDT,0.7947,57.0,0.7944,50.0,0.7958,394.0,0.7959,67.0
1753520930761,09:08:50.761,AGLD/USDT:USDT,0.7947,57.0,0.7944,50.0,0.7958,394.0,0.7959,67.0
1753520931602,09:08:51.602,AGLD/USDT:USDT,0.7947,57.0,0.7944,50.0,0.7958,394.0,0.7959,56.0
1753520932128,09:08:52.128,AGLD/USDT:USDT,0.7947,57.0,0.7944,50.0,0.7958,394.0,0.796,56.0
1753520932248,09:08:52.248,AGLD/USDT:USDT,0.7949,66.0,0.7948,122.0,0.7958,17.0,0.796,56.0
1753520932286,09:08:52.286,AGLD/USDT:USDT,0.795,66.0,0.7948,56.0,0.7958,388.0,0.7959,6.0
1753520932449,09:08:52.449,AGLD/USDT:USDT,0.7954,66.0,0.7951,11.0,0.7957,6.0,0.7958,399.0
1753520932800,09:08:52.800,AGLD/USDT:USDT,0.7954,66.0,0.7951,11.0,0.7957,6.0,0.7958,399.0
1753520933413,09:08:53.413,AGLD/USDT:USDT,0.7954,66.0,0.7951,11.0,0.7957,6.0,0.7958,388.0
1753520933517,09:08:53.517,AGLD/USDT:USDT,0.7951,11.0,0.795,11.0,0.7957,6.0,0.7958,11.0
1753520933614,09:08:53.614,AGLD/USDT:USDT,0.7954,66.0,0.7951,11.0,0.7958,11.0,0.7959,6.0
1753520934029,09:08:54.029,AGLD/USDT:USDT,0.7954,66.0,0.7951,11.0,0.7958,11.0,0.7959,6.0
1753520934345,09:08:54.345,AGLD/USDT:USDT,0.7954,66.0,0.7951,11.0,0.7958,67.0,0.7959,6.0
1753520934383,09:08:54.383,AGLD/USDT:USDT,0.7954,66.0,0.7951,11.0,0.7957,6.0,0.7958,444.0
1753520934896,09:08:54.896,AGLD/USDT:USDT,0.7954,66.0,0.7951,11.0,0.7957,6.0,0.7958,444.0
1753520935659,09:08:55.659,AGLD/USDT:USDT,0.7954,66.0,0.7951,11.0,0.7957,6.0,0.7958,444.0
1753520936290,09:08:56.290,AGLD/USDT:USDT,0.7954,66.0,0.7951,11.0,0.7957,6.0,0.7958,67.0
1753520937150,09:08:57.150,AGLD/USDT:USDT,0.7954,66.0,0.7953,11.0,0.7957,6.0,0.796,56.0
1753520937228,09:08:57.228,AGLD/USDT:USDT,0.7954,66.0,0.7953,11.0,0.796,17.0,0.7961,105.0
1753520937329,09:08:57.329,AGLD/USDT:USDT,0.7955,66.0,0.7953,11.0,0.796,17.0,0.7961,105.0
1753520937702,09:08:57.702,AGLD/USDT:USDT,0.7955,66.0,0.7953,11.0,0.796,17.0,0.7961,105.0
1753520937917,09:08:57.917,AGLD/USDT:USDT,0.7955,66.0,0.7953,11.0,0.796,394.0,0.7961,105.0
1753520939726,09:08:59.726,AGLD/USDT:USDT,0.7955,66.0,0.7953,11.0,0.796,394.0,0.7961,105.0
1753520941374,09:09:01.374,AGLD/USDT:USDT,0.7955,66.0,0.7953,11.0,0.796,405.0,0.7961,105.0
1753520943145,09:09:03.145,AGLD/USDT:USDT,0.7947,57.0,0.7944,50.0,0.796,405.0,0.7961,105.0
1753520943195,09:09:03.195,AGLD/USDT:USDT,0.7947,57.0,0.7944,50.0,0.796,394.0,0.7961,105.0
1753520943358,09:09:03.358,AGLD/USDT:USDT,0.7947,57.0,0.7944,50.0,0.796,394.0,0.7961,105.0
1753520944603,09:09:04.603,AGLD/USDT:USDT,0.7947,57.0,0.7944,50.0,0.796,394.0,0.7961,105.0
1753520953763,09:09:13.763,AGLD/USDT:USDT,0.7948,66.0,0.7947,57.0,0.7959,55.0,0.796,394.0
1753520953826,09:09:13.826,AGLD/USDT:USDT,0.7952,66.0,0.7951,55.0,0.796,394.0,0.7961,105.0
1753520953962,09:09:13.962,AGLD/USDT:USDT,0.7952,66.0,0.7951,55.0,0.7959,55.0,0.796,394.0
1753520954024,09:09:14.024,AGLD/USDT:USDT,0.7954,66.0,0.795,55.0,0.7959,443.0,0.796,17.0
1753520954085,09:09:14.085,AGLD/USDT:USDT,0.7954,66.0,0.795,55.0,0.7958,17.0,0.7959,77.0
1753520955905,09:09:15.905,AGLD/USDT:USDT,0.7954,66.0,0.7949,55.0,0.7958,17.0,0.7959,77.0
1753520956128,09:09:16.128,AGLD/USDT:USDT,0.7947,57.0,0.7944,50.0,0.7958,394.0,0.7959,77.0
1753520956185,09:09:16.185,AGLD/USDT:USDT,0.7947,57.0,0.7944,50.0,0.7958,394.0,0.7959,77.0
1753520956296,09:09:16.296,AGLD/USDT:USDT,0.7947,57.0,0.7944,50.0,0.7958,394.0,0.7959,77.0
1753520957825,09:09:17.825,AGLD/USDT:USDT,0.7947,57.0,0.7944,50.0,0.7958,394.0,0.7959,77.0
1753520957917,09:09:17.917,AGLD/USDT:USDT,0.7947,57.0,0.7944,50.0,0.7958,394.0,0.7959,77.0
1753520963291,09:09:23.291,AGLD/USDT:USDT,0.7947,57.0,0.7944,50.0,0.7958,394.0,0.7959,22.0
1753520963621,09:09:23.621,AGLD/USDT:USDT,0.7947,57.0,0.7944,50.0,0.7958,394.0,0.7959,22.0
1753520964426,09:09:24.426,AGLD/USDT:USDT,0.7951,78.0,0.795,56.0,0.7958,383.0,0.796,56.0
1753520965250,09:09:25.250,AGLD/USDT:USDT,0.7955,66.0,0.7954,66.0,0.7958,6.0,0.7961,105.0
1753520965295,09:09:25.295,AGLD/USDT:USDT,0.7956,66.0,0.7953,22.0,0.796,17.0,0.7961,116.0
1753520965384,09:09:25.384,AGLD/USDT:USDT,0.7956,66.0,0.7953,22.0,0.796,17.0,0.7961,116.0
1753520965561,09:09:25.561,AGLD/USDT:USDT,0.7956,66.0,0.7953,22.0,0.796,17.0,0.7961,116.0
1753520965977,09:09:25.977,AGLD/USDT:USDT,0.7956,66.0,0.7953,22.0,0.796,17.0,0.7961,116.0
1753520966138,09:09:26.138,AGLD/USDT:USDT,0.7956,66.0,0.7953,22.0,0.796,17.0,0.7961,127.0
1753520966508,09:09:26.508,AGLD/USDT:USDT,0.7956,66.0,0.7953,22.0,0.796,17.0,0.7961,127.0
1753520966794,09:09:26.794,AGLD/USDT:USDT,0.7956,66.0,0.7953,22.0,0.796,17.0,0.7961,127.0
1753520968812,09:09:28.812,AGLD/USDT:USDT,0.7956,66.0,0.7953,22.0,0.796,17.0,0.7961,127.0
1753520969117,09:09:29.117,AGLD/USDT:USDT,0.7956,66.0,0.7953,22.0,0.796,17.0,0.7961,127.0
1753520969472,09:09:29.472,AGLD/USDT:USDT,0.7956,66.0,0.7953,11.0,0.796,394.0,0.7961,127.0
1753520969625,09:09:29.625,AGLD/USDT:USDT,0.7956,66.0,0.7953,11.0,0.796,394.0,0.7961,127.0
1753520970546,09:09:30.546,AGLD/USDT:USDT,0.7949,56.0,0.7947,57.0,0.796,394.0,0.7961,127.0
1753520970570,09:09:30.570,AGLD/USDT:USDT,0.7947,57.0,0.7944,50.0,0.796,394.0,0.7961,127.0
1753520970841,09:09:30.841,AGLD/USDT:USDT,0.7947,57.0,0.7944,50.0,0.796,394.0,0.7961,127.0
1753520971260,09:09:31.260,AGLD/USDT:USDT,0.7954,66.0,0.7953,66.0,0.7959,54.0,0.796,17.0
1753520971355,09:09:31.355,AGLD/USDT:USDT,0.7954,66.0,0.795,54.0,0.7959,431.0,0.796,28.0
1753520971451,09:09:31.451,AGLD/USDT:USDT,0.7954,66.0,0.795,54.0,0.7958,82.0,0.7959,76.0
1753520971754,09:09:31.754,AGLD/USDT:USDT,0.7954,66.0,0.7949,54.0,0.7958,82.0,0.7959,76.0
1753520971863,09:09:31.863,AGLD/USDT:USDT,0.7947,57.0,0.7944,50.0,0.7958,17.0,0.7959,65.0
1753520971884,09:09:31.884,AGLD/USDT:USDT,0.7947,57.0,0.7944,50.0,0.7958,17.0,0.7959,65.0
1753520972092,09:09:32.092,AGLD/USDT:USDT,0.7947,57.0,0.7944,50.0,0.7958,17.0,0.7959,65.0
1753520973343,09:09:33.343,AGLD/USDT:USDT,0.7947,57.0,0.7944,50.0,0.7958,6.0,0.7959,54.0
1753520973428,09:09:33.428,AGLD/USDT:USDT,0.7953,77.0,0.7952,11.0,0.7958,377.0,0.7959,11.0
1753520973509,09:09:33.509,AGLD/USDT:USDT,0.7954,66.0,0.7953,22.0,0.7957,6.0,0.7959,11.0
1753520973626,09:09:33.626,AGLD/USDT:USDT,0.7955,66.0,0.7953,11.0,0.7959,394.0,0.796,54.0
1753520973745,09:09:33.745,AGLD/USDT:USDT,0.7955,66.0,0.7953,11.0,0.7959,394.0,0.796,65.0
1753520974283,09:09:34.283,AGLD/USDT:USDT,0.7955,66.0,0.7953,11.0,0.7959,394.0,0.796,65.0
1753520974385,09:09:34.385,AGLD/USDT:USDT,0.7955,66.0,0.7953,11.0,0.7959,394.0,0.796,65.0
1753520974572,09:09:34.572,AGLD/USDT:USDT,0.7955,66.0,0.7953,11.0,0.7959,394.0,0.796,65.0
1753520975795,09:09:35.795,AGLD/USDT:USDT,0.7955,66.0,0.7953,11.0,0.7959,394.0,0.796,65.0
1753520975944,09:09:35.944,AGLD/USDT:USDT,0.7955,66.0,0.795,54.0,0.7959,394.0,0.796,65.0
1753520977014,09:09:37.014,AGLD/USDT:USDT,0.7955,66.0,0.795,54.0,0.7959,394.0,0.796,65.0
1753520977112,09:09:37.112,AGLD/USDT:USDT,0.7955,66.0,0.7951,54.0,0.7959,394.0,0.796,65.0
1753520979853,09:09:39.853,AGLD/USDT:USDT,0.7955,66.0,0.7949,54.0,0.7959,394.0,0.796,65.0
1753520982622,09:09:42.622,AGLD/USDT:USDT,0.7955,66.0,0.7951,56.0,0.7959,394.0,0.796,65.0
1753520983763,09:09:43.763,AGLD/USDT:USDT,0.7955,66.0,0.7954,22.0,0.7959,394.0,0.796,65.0
1753520984676,09:09:44.676,AGLD/USDT:USDT,0.7955,66.0,0.7954,22.0,0.7959,394.0,0.796,65.0
1753520985437,09:09:45.437,AGLD/USDT:USDT,0.7955,66.0,0.7954,22.0,0.7959,394.0,0.796,65.0
1753520987695,09:09:47.695,AGLD/USDT:USDT,0.7955,66.0,0.7954,11.0,0.7959,394.0,0.796,65.0
1753520987935,09:09:47.935,AGLD/USDT:USDT,0.7955,66.0,0.7954,11.0,0.7959,394.0,0.796,65.0
1753520991562,09:09:51.562,AGLD/USDT:USDT,0.7947,57.0,0.7944,50.0,0.7959,394.0,0.796,65.0
1753520991646,09:09:51.646,AGLD/USDT:USDT,0.7947,57.0,0.7944,50.0,0.7958,56.0,0.7959,394.0
1753520991984,09:09:51.984,AGLD/USDT:USDT,0.7947,57.0,0.7944,50.0,0.7958,56.0,0.7959,394.0
1753520992805,09:09:52.805,AGLD/USDT:USDT,0.7947,57.0,0.7944,50.0,0.7958,56.0,0.7959,394.0
1753520993155,09:09:53.155,AGLD/USDT:USDT,0.7947,57.0,0.7944,50.0,0.7958,433.0,0.7959,17.0
1753520993243,09:09:53.243,AGLD/USDT:USDT,0.795,56.0,0.7949,56.0,0.7957,6.0,0.7958,56.0
1753520993304,09:09:53.304,AGLD/USDT:USDT,0.795,56.0,0.7949,56.0,0.7958,433.0,0.7959,6.0
1753520993408,09:09:53.408,AGLD/USDT:USDT,0.7947,57.0,0.7944,50.0,0.7957,17.0,0.7958,56.0
1753520993633,09:09:53.633,AGLD/USDT:USDT,0.7947,57.0,0.7944,50.0,0.7957,17.0,0.7958,56.0
1753520993684,09:09:53.684,AGLD/USDT:USDT,0.7947,57.0,0.7944,50.0,0.7957,17.0,0.796,54.0
1753520993846,09:09:53.846,AGLD/USDT:USDT,0.7952,66.0,0.795,56.0,0.7957,22.0,0.7959,6.0
1753520994048,09:09:54.048,AGLD/USDT:USDT,0.7952,66.0,0.795,56.0,0.7957,22.0,0.7959,6.0
1753520995439,09:09:55.439,AGLD/USDT:USDT,0.7952,66.0,0.7951,11.0,0.7957,22.0,0.7959,6.0
1753520995666,09:09:55.666,AGLD/USDT:USDT,0.7952,66.0,0.7951,11.0,0.7957,22.0,0.7959,6.0
1753520996143,09:09:56.143,AGLD/USDT:USDT,0.7956,66.0,0.7952,11.0,0.7957,11.0,0.7959,6.0
1753520996483,09:09:56.483,AGLD/USDT:USDT,0.7956,66.0,0.7952,11.0,0.7957,11.0,0.7959,6.0
1753520998149,09:09:58.149,AGLD/USDT:USDT,0.7949,122.0,0.7948,66.0,0.7957,11.0,0.7959,6.0
1753520998246,09:09:58.246,AGLD/USDT:USDT,0.7954,66.0,0.7953,66.0,0.7957,11.0,0.7958,11.0
1753520998287,09:09:58.287,AGLD/USDT:USDT,0.7955,66.0,0.7951,67.0,0.7957,11.0,0.7958,11.0
1753520998504,09:09:58.504,AGLD/USDT:USDT,0.7955,66.0,0.7951,67.0,0.7957,11.0,0.7958,11.0
1753520998920,09:09:58.920,AGLD/USDT:USDT,0.7955,66.0,0.7951,67.0,0.7957,11.0,0.7958,11.0
1753520999214,09:09:59.214,AGLD/USDT:USDT,0.7955,66.0,0.7951,67.0,0.7957,11.0,0.7958,11.0
1753520999448,09:09:59.448,AGLD/USDT:USDT,0.7955,66.0,0.7951,67.0,0.7957,11.0,0.7958,11.0
1753520999781,09:09:59.781,AGLD/USDT:USDT,0.7955,66.0,0.7951,67.0,0.7957,11.0,0.7958,11.0
1753521001658,09:10:01.658,AGLD/USDT:USDT,0.7955,66.0,0.7951,67.0,0.7957,11.0,0.7958,11.0
1753521001800,09:10:01.800,AGLD/USDT:USDT,0.7955,66.0,0.7951,67.0,0.7957,11.0,0.7958,11.0
1753521002606,09:10:02.606,AGLD/USDT:USDT,0.7955,66.0,0.7951,67.0,0.7957,11.0,0.7958,11.0
1753521003532,09:10:03.532,AGLD/USDT:USDT,0.7955,66.0,0.7951,67.0,0.7957,11.0,0.7958,11.0
1753521003608,09:10:03.608,AGLD/USDT:USDT,0.7947,57.0,0.7944,50.0,0.7957,11.0,0.7958,11.0
1753521003819,09:10:03.819,AGLD/USDT:USDT,0.7947,57.0,0.7944,50.0,0.7957,11.0,0.7958,11.0
1753521005037,09:10:05.037,AGLD/USDT:USDT,0.7947,57.0,0.7944,50.0,0.7957,11.0,0.7958,11.0
1753521005558,09:10:05.558,AGLD/USDT:USDT,0.7947,57.0,0.7944,50.0,0.7957,11.0,0.7958,11.0
1753521006461,09:10:06.461,AGLD/USDT:USDT,0.795,120.0,0.7949,120.0,0.7959,383.0,0.796,54.0
1753521006546,09:10:06.546,AGLD/USDT:USDT,0.7956,66.0,0.7955,66.0,0.7959,403.0,0.796,54.0
1753521006591,09:10:06.591,AGLD/USDT:USDT,0.7956,66.0,0.7952,10.0,0.7959,403.0,0.796,54.0
1753521006680,09:10:06.680,AGLD/USDT:USDT,0.7956,66.0,0.7952,10.0,0.7959,403.0,0.796,54.0
1753521006791,09:10:06.791,AGLD/USDT:USDT,0.7956,66.0,0.7952,10.0,0.7959,403.0,0.796,54.0
1753521007392,09:10:07.392,AGLD/USDT:USDT,0.7947,57.0,0.7944,50.0,0.7959,403.0,0.796,54.0
1753521007616,09:10:07.616,AGLD/USDT:USDT,0.7947,57.0,0.7944,50.0,0.7959,403.0,0.796,54.0
1753521009818,09:10:09.818,AGLD/USDT:USDT,0.7955,1.0,0.7947,57.0,0.7959,403.0,0.796,54.0
1753521009947,09:10:09.947,AGLD/USDT:USDT,0.7947,57.0,0.7944,50.0,0.7959,403.0,0.796,54.0
1753521010869,09:10:10.869,AGLD/USDT:USDT,0.7947,57.0,0.7944,50.0,0.7959,403.0,0.796,54.0
1753521011283,09:10:11.283,AGLD/USDT:USDT,0.7947,57.0,0.7944,50.0,0.7959,403.0,0.796,54.0
1753521012905,09:10:12.905,AGLD/USDT:USDT,0.7947,57.0,0.7944,50.0,0.7959,403.0,0.796,54.0
1753521013657,09:10:13.657,AGLD/USDT:USDT,0.7949,56.0,0.7948,66.0,0.7958,56.0,0.7959,403.0
1753521013746,09:10:13.746,AGLD/USDT:USDT,0.7951,122.0,0.795,56.0,0.7959,403.0,0.796,54.0
1753521013853,09:10:13.853,AGLD/USDT:USDT,0.7951,122.0,0.795,56.0,0.7959,403.0,0.796,54.0
1753521014437,09:10:14.437,AGLD/USDT:USDT,0.7951,122.0,0.7949,56.0,0.7959,403.0,0.796,54.0
1753521014601,09:10:14.601,AGLD/USDT:USDT,0.7951,122.0,0.7949,56.0,0.7959,403.0,0.796,54.0
1753521015206,09:10:15.206,AGLD/USDT:USDT,0.7953,66.0,0.7952,56.0,0.7959,403.0,0.796,54.0
1753521015307,09:10:15.307,AGLD/USDT:USDT,0.7955,66.0,0.7952,56.0,0.7959,403.0,0.796,54.0
1753521015416,09:10:15.416,AGLD/USDT:USDT,0.7955,66.0,0.7952,56.0,0.7959,403.0,0.796,54.0
1753521015834,09:10:15.834,AGLD/USDT:USDT,0.7955,66.0,0.7952,56.0,0.7959,403.0,0.796,54.0
1753521016250,09:10:16.250,AGLD/USDT:USDT,0.7955,66.0,0.7952,56.0,0.7959,403.0,0.796,54.0
1753521017045,09:10:17.045,AGLD/USDT:USDT,0.7955,66.0,0.7951,56.0,0.7959,403.0,0.796,54.0
1753521017070,09:10:17.070,AGLD/USDT:USDT,0.7955,66.0,0.7951,56.0,0.7959,403.0,0.796,54.0
1753521019806,09:10:19.806,AGLD/USDT:USDT,0.7955,66.0,0.7952,56.0,0.7959,403.0,0.796,54.0
1753521019914,09:10:19.914,AGLD/USDT:USDT,0.7955,66.0,0.7952,56.0,0.7959,403.0,0.796,54.0
1753521020650,09:10:20.650,AGLD/USDT:USDT,0.7956,66.0,0.7952,56.0,0.7959,26.0,0.7961,105.0
1753521020743,09:10:20.743,AGLD/USDT:USDT,0.7956,66.0,0.7952,56.0,0.7959,20.0,0.796,6.0
1753521021807,09:10:21.807,AGLD/USDT:USDT,0.7958,66.0,0.7952,56.0,0.7959,10.0,0.796,6.0
1753521021943,09:10:21.943,AGLD/USDT:USDT,0.7958,66.0,0.7952,56.0,0.7959,10.0,0.7961,56.0
1753521021970,09:10:21.970,AGLD/USDT:USDT,0.7958,66.0,0.7952,56.0,0.7959,10.0,0.7961,56.0
1753521022432,09:10:22.432,AGLD/USDT:USDT,0.7958,66.0,0.7953,56.0,0.7959,10.0,0.7961,56.0
1753521022737,09:10:22.737,AGLD/USDT:USDT,0.7958,66.0,0.7953,56.0,0.7959,10.0,0.7961,56.0
1753521024001,09:10:24.001,AGLD/USDT:USDT,0.7958,66.0,0.7953,56.0,0.7959,10.0,0.7961,56.0
1753521024085,09:10:24.085,AGLD/USDT:USDT,0.7958,66.0,0.7953,56.0,0.7959,10.0,0.7961,56.0
1753521024239,09:10:24.239,AGLD/USDT:USDT,0.7958,66.0,0.7953,56.0,0.7959,10.0,0.7961,56.0
1753521024821,09:10:24.821,AGLD/USDT:USDT,0.7958,66.0,0.7953,56.0,0.7959,10.0,0.7961,66.0
1753521025003,09:10:25.003,AGLD/USDT:USDT,0.7958,66.0,0.7949,56.0,0.7959,10.0,0.7961,66.0
1753521025070,09:10:25.070,AGLD/USDT:USDT,0.7958,66.0,0.7949,56.0,0.7959,10.0,0.7961,60.0
1753521025693,09:10:25.693,AGLD/USDT:USDT,0.7958,66.0,0.7949,56.0,0.7959,10.0,0.7961,10.0
1753521026040,09:10:26.040,AGLD/USDT:USDT,0.7958,66.0,0.7949,56.0,0.7959,10.0,0.7961,10.0
1753521026862,09:10:26.862,AGLD/USDT:USDT,0.7958,66.0,0.7949,56.0,0.7959,10.0,0.7961,10.0
1753521027563,09:10:27.563,AGLD/USDT:USDT,0.7958,66.0,0.7947,57.0,0.7959,10.0,0.7961,10.0
1753521027662,09:10:27.662,AGLD/USDT:USDT,0.7959,66.0,0.7956,10.0,0.7961,10.0,0.7965,6.0
1753521027758,09:10:27.758,AGLD/USDT:USDT,0.7959,66.0,0.7956,10.0,0.7965,382.0,0.7966,56.0
1753521027835,09:10:27.835,AGLD/USDT:USDT,0.7956,10.0,0.7953,56.0,0.7963,56.0,0.7964,66.0
1753521027947,09:10:27.947,AGLD/USDT:USDT,0.7959,66.0,0.7958,66.0,0.7962,66.0,0.7963,62.0
1753521027987,09:10:27.987,AGLD/USDT:USDT,0.7956,10.0,0.7953,56.0,0.7961,6.0,0.7962,66.0
1753521028131,09:10:28.131,AGLD/USDT:USDT,0.7956,10.0,0.7953,56.0,0.7961,6.0,0.7962,66.0
1753521028259,09:10:28.259,AGLD/USDT:USDT,0.7956,10.0,0.7953,56.0,0.7961,6.0,0.7962,66.0
1753521028287,09:10:28.287,AGLD/USDT:USDT,0.7956,10.0,0.7953,56.0,0.7961,6.0,0.7962,66.0
1753521028534,09:10:28.534,AGLD/USDT:USDT,0.7956,10.0,0.7953,56.0,0.7961,62.0,0.7962,66.0
1753521028578,09:10:28.578,AGLD/USDT:USDT,0.7953,56.0,0.7948,50.0,0.7961,62.0,0.7962,66.0
1753521028673,09:10:28.673,AGLD/USDT:USDT,0.7953,56.0,0.7948,50.0,0.7961,62.0,0.7962,66.0
1753521029032,09:10:29.032,AGLD/USDT:USDT,0.7953,56.0,0.7948,50.0,0.7961,439.0,0.7962,66.0
1753521029086,09:10:29.086,AGLD/USDT:USDT,0.7954,31.0,0.7951,56.0,0.796,66.0,0.7961,62.0
1753521029186,09:10:29.186,AGLD/USDT:USDT,0.7955,31.0,0.7951,56.0,0.7959,16.0,0.796,66.0
1753521029649,09:10:29.649,AGLD/USDT:USDT,0.7955,31.0,0.7951,56.0,0.7959,16.0,0.796,66.0
1753521029840,09:10:29.840,AGLD/USDT:USDT,0.7955,31.0,0.7951,56.0,0.7959,16.0,0.796,66.0
1753521029894,09:10:29.894,AGLD/USDT:USDT,0.7955,31.0,0.7951,56.0,0.7959,16.0,0.796,66.0
1753521030122,09:10:30.122,AGLD/USDT:USDT,0.7955,31.0,0.7951,56.0,0.7959,16.0,0.796,66.0
1753521031890,09:10:31.890,AGLD/USDT:USDT,0.7955,31.0,0.7951,56.0,0.7959,16.0,0.796,66.0
1753521032309,09:10:32.309,AGLD/USDT:USDT,0.7955,31.0,0.7951,56.0,0.7959,16.0,0.796,66.0
1753521032841,09:10:32.841,AGLD/USDT:USDT,0.7955,31.0,0.7951,56.0,0.7959,16.0,0.796,66.0
1753521035444,09:10:35.444,AGLD/USDT:USDT,0.7955,31.0,0.7951,56.0,0.7959,16.0,0.796,66.0
1753521036062,09:10:36.062,AGLD/USDT:USDT,0.7951,56.0,0.7948,50.0,0.7959,447.0,0.796,66.0
1753521036088,09:10:36.088,AGLD/USDT:USDT,0.7951,56.0,0.7948,50.0,0.7959,447.0,0.796,66.0
1753521036232,09:10:36.232,AGLD/USDT:USDT,0.7951,56.0,0.7948,50.0,0.7959,70.0,0.796,66.0
1753521036352,09:10:36.352,AGLD/USDT:USDT,0.7951,56.0,0.7948,50.0,0.7959,70.0,0.796,66.0
1753521036581,09:10:36.581,AGLD/USDT:USDT,0.7951,56.0,0.7948,50.0,0.7959,70.0,0.796,66.0
1753521036765,09:10:36.765,AGLD/USDT:USDT,0.7951,56.0,0.7948,50.0,0.7959,70.0,0.796,66.0
1753521037984,09:10:37.984,AGLD/USDT:USDT,0.7951,56.0,0.7948,50.0,0.7959,70.0,0.796,66.0
1753521038134,09:10:38.134,AGLD/USDT:USDT,0.7951,56.0,0.7948,50.0,0.7959,70.0,0.796,66.0
1753521038802,09:10:38.802,AGLD/USDT:USDT,0.7951,56.0,0.7948,50.0,0.7959,70.0,0.796,66.0
1753521039009,09:10:39.009,AGLD/USDT:USDT,0.7951,56.0,0.7948,50.0,0.7959,70.0,0.796,66.0
1753521041863,09:10:41.863,AGLD/USDT:USDT,0.7951,56.0,0.7948,50.0,0.7959,447.0,0.796,66.0
1753521041923,09:10:41.923,AGLD/USDT:USDT,0.7952,31.0,0.7949,54.0,0.7958,64.0,0.7959,70.0
1753521042031,09:10:42.031,AGLD/USDT:USDT,0.7952,31.0,0.7949,54.0,0.7957,16.0,0.7958,64.0
1753521042383,09:10:42.383,AGLD/USDT:USDT,0.7952,31.0,0.7949,54.0,0.7957,16.0,0.7958,64.0
1753521042514,09:10:42.514,AGLD/USDT:USDT,0.7952,31.0,0.7949,54.0,0.7957,16.0,0.7958,64.0
1753521042582,09:10:42.582,AGLD/USDT:USDT,0.7952,31.0,0.7949,54.0,0.7957,16.0,0.7958,64.0
1753521042672,09:10:42.672,AGLD/USDT:USDT,0.7952,31.0,0.7949,54.0,0.7957,70.0,0.7958,64.0
1753521042850,09:10:42.850,AGLD/USDT:USDT,0.7952,31.0,0.7949,54.0,0.7957,70.0,0.7958,64.0
1753521043457,09:10:43.457,AGLD/USDT:USDT,0.7952,31.0,0.7949,54.0,0.7957,70.0,0.7958,64.0
1753521043503,09:10:43.503,AGLD/USDT:USDT,0.7952,31.0,0.7949,54.0,0.7957,70.0,0.7958,64.0
1753521043668,09:10:43.668,AGLD/USDT:USDT,0.7952,31.0,0.7949,54.0,0.7957,70.0,0.7958,64.0
1753521044099,09:10:44.099,AGLD/USDT:USDT,0.7952,31.0,0.7949,54.0,0.7957,70.0,0.7958,64.0
1753521044406,09:10:44.406,AGLD/USDT:USDT,0.7952,31.0,0.7948,50.0,0.7956,64.0,0.7957,80.0
1753521044533,09:10:44.533,AGLD/USDT:USDT,0.7952,31.0,0.7948,50.0,0.7955,16.0,0.7956,74.0
1753521044643,09:10:44.643,AGLD/USDT:USDT,0.7952,31.0,0.7948,50.0,0.7955,16.0,0.7956,74.0
1753521044929,09:10:44.929,AGLD/USDT:USDT,0.7952,31.0,0.7948,50.0,0.7955,16.0,0.7956,74.0
1753521045048,09:10:45.048,AGLD/USDT:USDT,0.7952,31.0,0.7948,50.0,0.7955,16.0,0.7956,20.0
1753521045148,09:10:45.148,AGLD/USDT:USDT,0.7954,31.0,0.7949,54.0,0.7955,10.0,0.7956,16.0
1753521045353,09:10:45.353,AGLD/USDT:USDT,0.7954,31.0,0.7949,54.0,0.7955,10.0,0.7956,16.0
1753521046005,09:10:46.005,AGLD/USDT:USDT,0.7954,31.0,0.7949,54.0,0.7955,10.0,0.7956,16.0
1753521046171,09:10:46.171,AGLD/USDT:USDT,0.7954,31.0,0.7949,54.0,0.7955,10.0,0.7956,16.0
1753521046345,09:10:46.345,AGLD/USDT:USDT,0.7954,31.0,0.7953,10.0,0.7956,6.0,0.7957,20.0
1753521046459,09:10:46.459,AGLD/USDT:USDT,0.7954,31.0,0.7953,10.0,0.7957,20.0,0.7959,6.0
1753521046592,09:10:46.592,AGLD/USDT:USDT,0.7954,31.0,0.7953,10.0,0.7957,20.0,0.7959,6.0
1753521047008,09:10:47.008,AGLD/USDT:USDT,0.7954,31.0,0.7953,10.0,0.7957,20.0,0.7959,6.0
1753521047831,09:10:47.831,AGLD/USDT:USDT,0.7954,31.0,0.7953,10.0,0.7957,20.0,0.7959,6.0
1753521047867,09:10:47.867,AGLD/USDT:USDT,0.7954,31.0,0.7953,10.0,0.7957,10.0,0.7959,6.0
1753521048715,09:10:48.715,AGLD/USDT:USDT,0.7954,31.0,0.7953,10.0,0.7957,10.0,0.7959,6.0
1753521048770,09:10:48.770,AGLD/USDT:USDT,0.7954,31.0,0.7953,10.0,0.7957,10.0,0.7958,10.0
1753521049477,09:10:49.477,AGLD/USDT:USDT,0.7954,31.0,0.7949,54.0,0.7957,10.0,0.7958,10.0
1753521050116,09:10:50.116,AGLD/USDT:USDT,0.7954,31.0,0.7949,54.0,0.7957,64.0,0.7958,10.0
1753521050187,09:10:50.187,AGLD/USDT:USDT,0.7954,31.0,0.7949,54.0,0.7956,16.0,0.7957,74.0
1753521051350,09:10:51.350,AGLD/USDT:USDT,0.7951,31.0,0.795,31.0,0.7956,6.0,0.7957,64.0
1753521051405,09:10:51.405,AGLD/USDT:USDT,0.7953,31.0,0.7951,10.0,0.7956,16.0,0.7957,64.0
1753521051466,09:10:51.466,AGLD/USDT:USDT,0.7953,31.0,0.7951,10.0,0.7956,16.0,0.7957,64.0
1753521051883,09:10:51.883,AGLD/USDT:USDT,0.7953,31.0,0.7951,10.0,0.7956,16.0,0.7957,64.0
1753521053904,09:10:53.904,AGLD/USDT:USDT,0.7953,31.0,0.7951,10.0,0.7956,16.0,0.7957,64.0
1753521054318,09:10:54.318,AGLD/USDT:USDT,0.7953,31.0,0.7951,10.0,0.7956,16.0,0.7957,64.0
1753521055959,09:10:55.959,AGLD/USDT:USDT,0.7953,41.0,0.7952,10.0,0.7956,6.0,0.7957,64.0
1753521055992,09:10:55.992,AGLD/USDT:USDT,0.7954,31.0,0.7953,10.0,0.7956,6.0,0.7957,10.0
1753521056073,09:10:56.073,AGLD/USDT:USDT,0.7954,31.0,0.7953,10.0,0.7957,10.0,0.7959,6.0
1753521056340,09:10:56.340,AGLD/USDT:USDT,0.7954,31.0,0.7953,10.0,0.7957,10.0,0.7959,6.0
1753521057790,09:10:57.790,AGLD/USDT:USDT,0.7954,31.0,0.7953,10.0,0.7957,10.0,0.7958,10.0
1753521058254,09:10:58.254,AGLD/USDT:USDT,0.7956,31.0,0.7953,10.0,0.7959,16.0,0.796,66.0
1753521058328,09:10:58.328,AGLD/USDT:USDT,0.7956,31.0,0.7953,10.0,0.7959,16.0,0.796,76.0
1753521058370,09:10:58.370,AGLD/USDT:USDT,0.7956,31.0,0.7953,10.0,0.7959,16.0,0.796,76.0
1753521059795,09:10:59.795,AGLD/USDT:USDT,0.7953,10.0,0.7952,10.0,0.7959,16.0,0.796,76.0
1753521059996,09:10:59.996,AGLD/USDT:USDT,0.7953,10.0,0.7952,10.0,0.7959,16.0,0.796,76.0
1753521060622,09:11:00.622,AGLD/USDT:USDT,0.7953,10.0,0.7952,10.0,0.7959,72.0,0.796,76.0
1753521061696,09:11:01.696,AGLD/USDT:USDT,0.7949,54.0,0.7948,50.0,0.7958,66.0,0.7959,72.0
1753521061807,09:11:01.807,AGLD/USDT:USDT,0.795,87.0,0.7949,54.0,0.7957,6.0,0.7958,66.0
1753521061900,09:11:01.900,AGLD/USDT:USDT,0.7951,56.0,0.795,56.0,0.7957,6.0,0.7958,66.0
1753521062050,09:11:02.050,AGLD/USDT:USDT,0.7954,31.0,0.7953,31.0,0.7957,6.0,0.7958,76.0
1753521062066,09:11:02.066,AGLD/USDT:USDT,0.7954,31.0,0.7951,66.0,0.7957,6.0,0.7958,76.0
1753521062431,09:11:02.431,AGLD/USDT:USDT,0.7954,31.0,0.7951,66.0,0.7957,6.0,0.7958,76.0
1753521062561,09:11:02.561,AGLD/USDT:USDT,0.7954,31.0,0.7951,66.0,0.7957,6.0,0.7958,76.0
1753521063357,09:11:03.357,AGLD/USDT:USDT,0.7954,31.0,0.7953,20.0,0.7957,6.0,0.7958,20.0
1753521063380,09:11:03.380,AGLD/USDT:USDT,0.7954,31.0,0.7953,20.0,0.7958,10.0,0.7959,6.0
1753521063661,09:11:03.661,AGLD/USDT:USDT,0.7954,31.0,0.7953,20.0,0.7958,10.0,0.7959,6.0
1753521063666,09:11:03.666,AGLD/USDT:USDT,0.7954,31.0,0.7953,20.0,0.7958,10.0,0.7959,16.0
1753521064551,09:11:04.551,AGLD/USDT:USDT,0.7954,31.0,0.7953,20.0,0.7958,10.0,0.7959,16.0
1753521064660,09:11:04.660,AGLD/USDT:USDT,0.7954,31.0,0.7953,10.0,0.7958,387.0,0.7959,16.0
1753521064726,09:11:04.726,AGLD/USDT:USDT,0.7956,31.0,0.7953,20.0,0.7957,6.0,0.7958,10.0
1753521064784,09:11:04.784,AGLD/USDT:USDT,0.7956,31.0,0.7953,10.0,0.7958,377.0,0.7959,6.0
1753521064962,09:11:04.962,AGLD/USDT:USDT,0.7956,31.0,0.7953,10.0,0.7958,377.0,0.796,66.0
1753521065462,09:11:05.462,AGLD/USDT:USDT,0.7956,31.0,0.7953,10.0,0.7958,377.0,0.796,76.0
1753521066205,09:11:06.205,AGLD/USDT:USDT,0.7956,31.0,0.7953,10.0,0.7958,377.0,0.796,76.0
1753521066622,09:11:06.622,AGLD/USDT:USDT,0.7956,31.0,0.7953,10.0,0.7958,377.0,0.796,76.0
1753521066946,09:11:06.946,AGLD/USDT:USDT,0.7956,31.0,0.7953,20.0,0.7958,10.0,0.796,66.0
1753521067041,09:11:07.041,AGLD/USDT:USDT,0.7956,31.0,0.7953,20.0,0.7958,10.0,0.7959,6.0
1753521074646,09:11:14.646,AGLD/USDT:USDT,0.7956,31.0,0.7953,20.0,0.7958,20.0,0.7959,16.0
1753521074748,09:11:14.748,AGLD/USDT:USDT,0.7956,31.0,0.7953,20.0,0.7958,20.0,0.7959,16.0
1753521075154,09:11:15.154,AGLD/USDT:USDT,0.7956,31.0,0.7953,20.0,0.7958,20.0,0.7959,16.0
1753521077163,09:11:17.163,AGLD/USDT:USDT,0.7958,31.0,0.7957,10.0,0.7959,6.0,0.7961,10.0
1753521077284,09:11:17.284,AGLD/USDT:USDT,0.7958,31.0,0.7957,10.0,0.7959,6.0,0.7961,10.0
1753521077757,09:11:17.757,AGLD/USDT:USDT,0.7958,31.0,0.7949,54.0,0.7959,6.0,0.7961,20.0
1753521077889,09:11:17.889,AGLD/USDT:USDT,0.7958,31.0,0.7949,54.0,0.7961,26.0,0.7962,56.0
1753521078043,09:11:18.043,AGLD/USDT:USDT,0.7958,31.0,0.7949,54.0,0.7961,26.0,0.7962,56.0
1753521078412,09:11:18.412,AGLD/USDT:USDT,0.7958,31.0,0.7949,54.0,0.7961,26.0,0.7962,56.0
1753521078800,09:11:18.800,AGLD/USDT:USDT,0.7958,31.0,0.7949,54.0,0.7961,26.0,0.7962,56.0
1753521079038,09:11:19.038,AGLD/USDT:USDT,0.7958,31.0,0.7949,54.0,0.7961,16.0,0.7962,66.0
1753521080024,09:11:20.024,AGLD/USDT:USDT,0.7958,31.0,0.7949,54.0,0.7961,16.0,0.7962,66.0
1753521080871,09:11:20.871,AGLD/USDT:USDT,0.7949,54.0,0.7948,50.0,0.7961,16.0,0.7962,66.0
1753521081131,09:11:21.131,AGLD/USDT:USDT,0.7949,54.0,0.7948,50.0,0.7961,16.0,0.7962,56.0
1753521081250,09:11:21.250,AGLD/USDT:USDT,0.7949,54.0,0.7948,50.0,0.7961,16.0,0.7962,56.0
1753521084646,09:11:24.646,AGLD/USDT:USDT,0.7953,86.0,0.7952,31.0,0.7961,6.0,0.7962,56.0
1753521084745,09:11:24.745,AGLD/USDT:USDT,0.7957,31.0,0.7955,10.0,0.7962,72.0,0.7963,104.0
1753521084877,09:11:24.877,AGLD/USDT:USDT,0.7957,31.0,0.7955,10.0,0.7962,72.0,0.7963,104.0
1753521085286,09:11:25.286,AGLD/USDT:USDT,0.7957,31.0,0.7955,10.0,0.7962,72.0,0.7963,104.0
1753521085426,09:11:25.426,AGLD/USDT:USDT,0.7959,31.0,0.7957,10.0,0.7962,16.0,0.7963,104.0
1753521085694,09:11:25.694,AGLD/USDT:USDT,0.7959,31.0,0.7957,10.0,0.7962,6.0,0.7963,104.0
1753521085821,09:11:25.821,AGLD/USDT:USDT,0.7959,31.0,0.7957,10.0,0.7962,6.0,0.7963,104.0
1753521086109,09:11:26.109,AGLD/USDT:USDT,0.7959,31.0,0.7957,10.0,0.7962,6.0,0.7963,104.0
1753521086544,09:11:26.544,AGLD/USDT:USDT,0.7959,31.0,0.7957,10.0,0.7962,16.0,0.7963,114.0
1753521086929,09:11:26.929,AGLD/USDT:USDT,0.7959,31.0,0.7957,10.0,0.7962,16.0,0.7963,114.0
1753521088357,09:11:28.357,AGLD/USDT:USDT,0.7959,31.0,0.7957,10.0,0.7962,16.0,0.7963,114.0
1753521089123,09:11:29.123,AGLD/USDT:USDT,0.7959,31.0,0.7957,10.0,0.7962,71.0,0.7963,114.0
1753521089745,09:11:29.745,AGLD/USDT:USDT,0.7959,31.0,0.7957,10.0,0.7962,71.0,0.7963,114.0
1753521089804,09:11:29.804,AGLD/USDT:USDT,0.7959,31.0,0.7957,10.0,0.7962,71.0,0.7963,114.0
1753521089968,09:11:29.968,AGLD/USDT:USDT,0.7957,10.0,0.7953,55.0,0.7962,71.0,0.7963,114.0
1753521090174,09:11:30.174,AGLD/USDT:USDT,0.7957,10.0,0.7953,55.0,0.7962,71.0,0.7963,114.0
1753521090923,09:11:30.923,AGLD/USDT:USDT,0.7957,10.0,0.7951,55.0,0.7962,71.0,0.7963,114.0
1753521091009,09:11:31.009,AGLD/USDT:USDT,0.7957,10.0,0.7951,55.0,0.7962,71.0,0.7963,114.0
1753521091067,09:11:31.067,AGLD/USDT:USDT,0.7957,10.0,0.7951,55.0,0.7962,71.0,0.7963,114.0
1753521092246,09:11:32.246,AGLD/USDT:USDT,0.7957,10.0,0.7951,55.0,0.7962,81.0,0.7963,114.0
1753521093591,09:11:33.591,AGLD/USDT:USDT,0.7957,10.0,0.7949,54.0,0.7962,81.0,0.7963,114.0
1753521094046,09:11:34.046,AGLD/USDT:USDT,0.7957,10.0,0.7949,54.0,0.7962,81.0,0.7963,114.0
1753521094450,09:11:34.450,AGLD/USDT:USDT,0.7949,54.0,0.7948,50.0,0.7962,71.0,0.7963,114.0
1753521094664,09:11:34.664,AGLD/USDT:USDT,0.7949,54.0,0.7948,50.0,0.7962,71.0,0.7963,114.0
1753521094664,09:11:34.664,AGLD/USDT:USDT,0.7949,54.0,0.7948,50.0,0.7962,71.0,0.7963,114.0
1753521095079,09:11:35.079,AGLD/USDT:USDT,0.7949,54.0,0.7948,50.0,0.7962,71.0,0.7963,114.0
1753521096300,09:11:36.300,AGLD/USDT:USDT,0.7949,54.0,0.7948,50.0,0.7962,71.0,0.7963,114.0
1753521097122,09:11:37.122,AGLD/USDT:USDT,0.7949,54.0,0.7948,50.0,0.7962,71.0,0.7963,114.0
1753521097939,09:11:37.939,AGLD/USDT:USDT,0.7949,54.0,0.7948,50.0,0.7962,71.0,0.7963,114.0
1753521101175,09:11:41.175,AGLD/USDT:USDT,0.7949,54.0,0.7948,50.0,0.7962,71.0,0.7963,114.0
1753521101662,09:11:41.662,AGLD/USDT:USDT,0.7954,31.0,0.7953,87.0,0.7961,56.0,0.7962,71.0
1753521101739,09:11:41.739,AGLD/USDT:USDT,0.7957,31.0,0.7954,66.0,0.7961,66.0,0.7962,71.0
1753521101775,09:11:41.775,AGLD/USDT:USDT,0.7957,31.0,0.7954,66.0,0.796,6.0,0.7961,66.0
1753521101998,09:11:41.998,AGLD/USDT:USDT,0.7957,31.0,0.7954,66.0,0.796,6.0,0.7961,66.0
1753521102633,09:11:42.633,AGLD/USDT:USDT,0.7957,31.0,0.7955,10.0,0.796,6.0,0.7961,66.0
1753521102820,09:11:42.820,AGLD/USDT:USDT,0.7957,31.0,0.7955,10.0,0.796,6.0,0.7961,66.0
1753521103278,09:11:43.278,AGLD/USDT:USDT,0.7957,31.0,0.7955,10.0,0.796,6.0,0.7961,66.0
1753521103442,09:11:43.442,AGLD/USDT:USDT,0.7957,31.0,0.7955,10.0,0.796,6.0,0.7962,65.0
1753521103490,09:11:43.490,AGLD/USDT:USDT,0.7958,31.0,0.7955,10.0,0.7961,6.0,0.7962,65.0
1753521103823,09:11:43.823,AGLD/USDT:USDT,0.7958,31.0,0.7955,10.0,0.7961,6.0,0.7962,65.0
1753521104391,09:11:44.391,AGLD/USDT:USDT,0.7958,31.0,0.7955,10.0,0.7961,6.0,0.7962,65.0
1753521104898,09:11:44.898,AGLD/USDT:USDT,0.7958,31.0,0.7954,56.0,0.7961,62.0,0.7962,65.0
1753521105309,09:11:45.309,AGLD/USDT:USDT,0.7958,31.0,0.7954,56.0,0.7961,62.0,0.7962,65.0
1753521106123,09:11:46.123,AGLD/USDT:USDT,0.7958,31.0,0.7954,56.0,0.7961,62.0,0.7962,65.0
1753521107134,09:11:47.134,AGLD/USDT:USDT,0.7958,31.0,0.7952,56.0,0.7961,62.0,0.7962,65.0
1753521108143,09:11:48.143,AGLD/USDT:USDT,0.7958,31.0,0.7952,56.0,0.7961,62.0,0.7962,65.0
1753521108556,09:11:48.556,AGLD/USDT:USDT,0.7949,54.0,0.7948,50.0,0.7961,62.0,0.7962,65.0
1753521108970,09:11:48.970,AGLD/USDT:USDT,0.7949,54.0,0.7948,50.0,0.7961,62.0,0.7962,65.0
1753521111035,09:11:51.035,AGLD/USDT:USDT,0.7949,54.0,0.7948,50.0,0.7961,62.0,0.7962,65.0
1753521111448,09:11:51.448,AGLD/USDT:USDT,0.7949,54.0,0.7948,50.0,0.7961,62.0,0.7962,65.0
1753521114302,09:11:54.302,AGLD/USDT:USDT,0.7949,54.0,0.7948,50.0,0.7961,62.0,0.7962,65.0
1753521114549,09:11:54.549,AGLD/USDT:USDT,0.7952,31.0,0.7951,88.0,0.796,57.0,0.7961,62.0
1753521114650,09:11:54.650,AGLD/USDT:USDT,0.7955,31.0,0.7954,10.0,0.796,77.0,0.7961,62.0
1753521114671,09:11:54.671,AGLD/USDT:USDT,0.7955,31.0,0.7954,10.0,0.7959,6.0,0.796,77.0
1753521115187,09:11:55.187,AGLD/USDT:USDT,0.7955,31.0,0.7954,10.0,0.7959,6.0,0.796,77.0
1753521118031,09:11:58.031,AGLD/USDT:USDT,0.7956,31.0,0.7954,10.0,0.7959,6.0,0.796,77.0
1753521118108,09:11:58.108,AGLD/USDT:USDT,0.7956,31.0,0.7954,10.0,0.7959,6.0,0.796,77.0
1753521118300,09:11:58.300,AGLD/USDT:USDT,0.7956,31.0,0.7954,10.0,0.7959,6.0,0.796,77.0
1753521118367,09:11:58.367,AGLD/USDT:USDT,0.7956,31.0,0.7954,10.0,0.7959,6.0,0.796,77.0
1753521120648,09:12:00.648,AGLD/USDT:USDT,0.7956,31.0,0.7954,10.0,0.7959,6.0,0.796,77.0
1753521121150,09:12:01.150,AGLD/USDT:USDT,0.7956,31.0,0.7954,10.0,0.7959,6.0,0.796,77.0
1753521121699,09:12:01.699,AGLD/USDT:USDT,0.7956,31.0,0.7954,10.0,0.7959,6.0,0.796,20.0
1753521121790,09:12:01.790,AGLD/USDT:USDT,0.7957,31.0,0.7954,10.0,0.796,20.0,0.7961,6.0
1753521121980,09:12:01.980,AGLD/USDT:USDT,0.7957,31.0,0.7954,10.0,0.796,20.0,0.7961,6.0
1753521122609,09:12:02.609,AGLD/USDT:USDT,0.7957,31.0,0.7954,10.0,0.796,20.0,0.7961,6.0
1753521123218,09:12:03.218,AGLD/USDT:USDT,0.7957,31.0,0.7954,10.0,0.796,20.0,0.7961,6.0
1753521123294,09:12:03.294,AGLD/USDT:USDT,0.7957,31.0,0.7954,67.0,0.796,20.0,0.7961,6.0
1753521126072,09:12:06.072,AGLD/USDT:USDT,0.7957,31.0,0.7954,67.0,0.796,20.0,0.7961,6.0
1753521131946,09:12:11.946,AGLD/USDT:USDT,0.7954,67.0,0.7949,54.0,0.796,20.0,0.7961,6.0
1753521131989,09:12:11.989,AGLD/USDT:USDT,0.7957,31.0,0.7955,55.0,0.796,20.0,0.7961,6.0
1753521132402,09:12:12.402,AGLD/USDT:USDT,0.7957,31.0,0.7954,57.0,0.796,20.0,0.7961,6.0
1753521134088,09:12:14.088,AGLD/USDT:USDT,0.7957,31.0,0.7949,54.0,0.796,20.0,0.7961,6.0
1753521134929,09:12:14.929,AGLD/USDT:USDT,0.7957,31.0,0.7949,54.0,0.796,20.0,0.7961,6.0
1753521135114,09:12:15.114,AGLD/USDT:USDT,0.7957,31.0,0.7949,54.0,0.796,20.0,0.7961,6.0
1753521136959,09:12:16.959,AGLD/USDT:USDT,0.7949,54.0,0.7948,50.0,0.796,10.0,0.7961,6.0
1753521137047,09:12:17.047,AGLD/USDT:USDT,0.7955,31.0,0.7954,31.0,0.796,20.0,0.7961,6.0
1753521137106,09:12:17.106,AGLD/USDT:USDT,0.7957,31.0,0.7953,55.0,0.796,20.0,0.7961,6.0
1753521137382,09:12:17.382,AGLD/USDT:USDT,0.7957,31.0,0.7953,55.0,0.796,20.0,0.7961,6.0
1753521139173,09:12:19.173,AGLD/USDT:USDT,0.7957,31.0,0.7953,55.0,0.796,20.0,0.7961,6.0
1753521139407,09:12:19.407,AGLD/USDT:USDT,0.7957,31.0,0.7953,55.0,0.796,20.0,0.7961,6.0
1753521139659,09:12:19.659,AGLD/USDT:USDT,0.7957,31.0,0.7952,55.0,0.796,20.0,0.7961,6.0
1753521142547,09:12:22.547,AGLD/USDT:USDT,0.7957,31.0,0.795,55.0,0.796,20.0,0.7961,6.0
1753521144471,09:12:24.471,AGLD/USDT:USDT,0.7957,31.0,0.795,55.0,0.796,20.0,0.7961,6.0
1753521145420,09:12:25.420,AGLD/USDT:USDT,0.7957,31.0,0.7949,54.0,0.796,20.0,0.7961,6.0
1753521147502,09:12:27.502,AGLD/USDT:USDT,0.7949,54.0,0.7948,50.0,0.796,65.0,0.7961,6.0
1753521147646,09:12:27.646,AGLD/USDT:USDT,0.7954,31.0,0.7953,96.0,0.7959,6.0,0.796,65.0
1753521147726,09:12:27.726,AGLD/USDT:USDT,0.7957,31.0,0.7953,65.0,0.7959,6.0,0.796,75.0
1753521147871,09:12:27.871,AGLD/USDT:USDT,0.7957,31.0,0.7953,65.0,0.7959,6.0,0.796,75.0
1753521148312,09:12:28.312,AGLD/USDT:USDT,0.7957,31.0,0.7953,65.0,0.7959,6.0,0.796,75.0
1753521149562,09:12:29.562,AGLD/USDT:USDT,0.7953,65.0,0.7951,55.0,0.7959,61.0,0.796,75.0
1753521149628,09:12:29.628,AGLD/USDT:USDT,0.7953,65.0,0.7951,55.0,0.7959,71.0,0.796,65.0
1753521149724,09:12:29.724,AGLD/USDT:USDT,0.7953,65.0,0.7951,55.0,0.7959,71.0,0.796,65.0
1753521149894,09:12:29.894,AGLD/USDT:USDT,0.7953,65.0,0.7951,55.0,0.7959,71.0,0.796,65.0
1753521151098,09:12:31.098,AGLD/USDT:USDT,0.7953,65.0,0.7949,54.0,0.7959,71.0,0.796,65.0
1753521154586,09:12:34.586,AGLD/USDT:USDT,0.7953,65.0,0.7949,54.0,0.7959,71.0,0.796,65.0
1753521156150,09:12:36.150,AGLD/USDT:USDT,0.7953,65.0,0.7949,54.0,0.7959,71.0,0.796,65.0
1753521157303,09:12:37.303,AGLD/USDT:USDT,0.7953,75.0,0.7949,54.0,0.7959,71.0,0.796,65.0
1753521159301,09:12:39.301,AGLD/USDT:USDT,0.7953,75.0,0.7949,54.0,0.7959,61.0,0.796,55.0
1753521159546,09:12:39.546,AGLD/USDT:USDT,0.7955,31.0,0.7954,86.0,0.7959,6.0,0.7962,55.0
1753521159613,09:12:39.613,AGLD/USDT:USDT,0.7957,31.0,0.7955,10.0,0.7961,55.0,0.7962,71.0
1753521159814,09:12:39.814,AGLD/USDT:USDT,0.7957,31.0,0.7955,10.0,0.7961,55.0,0.7962,71.0
1753521159962,09:12:39.962,AGLD/USDT:USDT,0.7957,31.0,0.7955,10.0,0.7961,55.0,0.7962,71.0
1753521161184,09:12:41.184,AGLD/USDT:USDT,0.7957,31.0,0.7955,10.0,0.7961,65.0,0.7962,81.0
1753521161270,09:12:41.270,AGLD/USDT:USDT,0.7957,31.0,0.7955,10.0,0.796,6.0,0.7961,65.0
1753521161596,09:12:41.596,AGLD/USDT:USDT,0.7957,31.0,0.7955,10.0,0.796,6.0,0.7961,65.0
1753521161757,09:12:41.757,AGLD/USDT:USDT,0.7957,31.0,0.7955,10.0,0.796,16.0,0.7961,75.0
1753521162674,09:12:42.674,AGLD/USDT:USDT,0.7957,31.0,0.7955,10.0,0.796,16.0,0.7961,75.0
1753521163657,09:12:43.657,AGLD/USDT:USDT,0.7955,10.0,0.7949,54.0,0.796,16.0,0.7961,75.0
1753521164026,09:12:44.026,AGLD/USDT:USDT,0.7949,54.0,0.7948,50.0,0.796,16.0,0.7961,65.0
1753521164427,09:12:44.427,AGLD/USDT:USDT,0.7949,54.0,0.7948,50.0,0.796,16.0,0.7961,65.0
1753521164663,09:12:44.663,AGLD/USDT:USDT,0.7949,54.0,0.7948,50.0,0.796,71.0,0.7961,65.0
1753521165152,09:12:45.152,AGLD/USDT:USDT,0.795,31.0,0.7949,54.0,0.796,6.0,0.7961,55.0
1753521165242,09:12:45.242,AGLD/USDT:USDT,0.7954,96.0,0.7953,55.0,0.7961,61.0,0.7962,55.0
1753521165422,09:12:45.422,AGLD/USDT:USDT,0.7954,96.0,0.7951,55.0,0.7961,71.0,0.7962,55.0
1753521166087,09:12:46.087,AGLD/USDT:USDT,0.7954,106.0,0.7951,55.0,0.7961,81.0,0.7962,55.0
1753521166719,09:12:46.719,AGLD/USDT:USDT,0.7954,106.0,0.7951,55.0,0.7961,81.0,0.7962,55.0
1753521166863,09:12:46.863,AGLD/USDT:USDT,0.7954,106.0,0.7951,55.0,0.7961,81.0,0.7962,55.0
1753521167152,09:12:47.152,AGLD/USDT:USDT,0.7954,106.0,0.7951,55.0,0.7961,458.0,0.7962,55.0
1753521168160,09:12:48.160,AGLD/USDT:USDT,0.7954,106.0,0.7949,54.0,0.7961,458.0,0.7962,55.0
1753521168166,09:12:48.166,AGLD/USDT:USDT,0.7954,96.0,0.7949,54.0,0.7961,458.0,0.7962,55.0
1753521169206,09:12:49.206,AGLD/USDT:USDT,0.7954,96.0,0.7949,54.0,0.7961,458.0,0.7962,55.0
1753521170113,09:12:50.113,AGLD/USDT:USDT,0.7954,96.0,0.7949,54.0,0.7961,458.0,0.7962,55.0
1753521171145,09:12:51.145,AGLD/USDT:USDT,0.7957,31.0,0.7956,41.0,0.7961,448.0,0.7962,55.0
1753521171206,09:12:51.206,AGLD/USDT:USDT,0.7956,10.0,0.7955,65.0,0.7961,393.0,0.7962,55.0
1753521171332,09:12:51.332,AGLD/USDT:USDT,0.7956,10.0,0.7955,65.0,0.7961,393.0,0.7962,55.0
1753521173938,09:12:53.938,AGLD/USDT:USDT,0.7956,10.0,0.7955,65.0,0.7961,393.0,0.7962,55.0
1753521174326,09:12:54.326,AGLD/USDT:USDT,0.7959,31.0,0.7956,65.0,0.7961,393.0,0.7962,55.0
1753521174451,09:12:54.451,AGLD/USDT:USDT,0.7959,31.0,0.7956,65.0,0.7963,124.0,0.7964,106.0
1753521174470,09:12:54.470,AGLD/USDT:USDT,0.7959,31.0,0.7956,65.0,0.7962,6.0,0.7963,124.0
1753521174574,09:12:54.574,AGLD/USDT:USDT,0.7959,31.0,0.7956,65.0,0.7962,6.0,0.7963,124.0
1753521176863,09:12:56.863,AGLD/USDT:USDT,0.7961,31.0,0.7959,31.0,0.7962,6.0,0.7963,104.0
1753521176962,09:12:56.962,AGLD/USDT:USDT,0.7961,31.0,0.7958,20.0,0.7962,6.0,0.7963,50.0
1753521177011,09:12:57.011,AGLD/USDT:USDT,0.7961,31.0,0.7958,20.0,0.7963,56.0,0.7964,116.0
1753521177200,09:12:57.200,AGLD/USDT:USDT,0.7961,31.0,0.7958,20.0,0.7963,56.0,0.7964,116.0
1753521177512,09:12:57.512,AGLD/USDT:USDT,0.7961,31.0,0.7958,20.0,0.7963,56.0,0.7964,116.0
1753521177788,09:12:57.788,AGLD/USDT:USDT,0.7961,31.0,0.7958,10.0,0.7963,56.0,0.7964,116.0
1753521178085,09:12:58.085,AGLD/USDT:USDT,0.7961,31.0,0.796,10.0,0.7963,56.0,0.7964,116.0
1753521178229,09:12:58.229,AGLD/USDT:USDT,0.7961,31.0,0.796,10.0,0.7963,56.0,0.7964,116.0
1753521179328,09:12:59.328,AGLD/USDT:USDT,0.7949,54.0,0.7948,50.0,0.7963,56.0,0.7964,116.0
1753521179447,09:12:59.447,AGLD/USDT:USDT,0.7949,54.0,0.7948,50.0,0.7963,56.0,0.7964,116.0
1753521179498,09:12:59.498,AGLD/USDT:USDT,0.7949,54.0,0.7948,50.0,0.7963,111.0,0.7964,116.0
1753521179590,09:12:59.590,AGLD/USDT:USDT,0.7949,54.0,0.7948,50.0,0.7963,111.0,0.7964,116.0
1753521179730,09:12:59.730,AGLD/USDT:USDT,0.7949,54.0,0.7948,50.0,0.7963,111.0,0.7964,116.0
1753521180154,09:13:00.154,AGLD/USDT:USDT,0.7953,86.0,0.7952,86.0,0.7963,56.0,0.7964,106.0
1753521180258,09:13:00.258,AGLD/USDT:USDT,0.7959,31.0,0.7958,106.0,0.7963,56.0,0.7964,106.0
1753521180286,09:13:00.286,AGLD/USDT:USDT,0.796,31.0,0.7958,75.0,0.7963,56.0,0.7964,50.0
1753521180682,09:13:00.682,AGLD/USDT:USDT,0.796,31.0,0.7958,75.0,0.7963,56.0,0.7964,50.0
1753521180951,09:13:00.951,AGLD/USDT:USDT,0.796,31.0,0.7958,75.0,0.7963,6.0,0.7964,50.0
1753521180978,09:13:00.978,AGLD/USDT:USDT,0.796,31.0,0.7958,75.0,0.7964,56.0,0.7965,431.0
1753521181097,09:13:01.097,AGLD/USDT:USDT,0.796,31.0,0.7958,75.0,0.7964,56.0,0.7965,431.0
1753521181946,09:13:01.946,AGLD/USDT:USDT,0.7962,31.0,0.7961,31.0,0.7964,56.0,0.7965,386.0
1753521182042,09:13:02.042,AGLD/USDT:USDT,0.7962,31.0,0.796,10.0,0.7964,56.0,0.7965,376.0
1753521182123,09:13:02.123,AGLD/USDT:USDT,0.7962,31.0,0.796,10.0,0.7964,56.0,0.7965,376.0
1753521182245,09:13:02.245,AGLD/USDT:USDT,0.7962,31.0,0.796,10.0,0.7964,56.0,0.7965,376.0
1753521182314,09:13:02.314,AGLD/USDT:USDT,0.7962,31.0,0.796,10.0,0.7964,56.0,0.7965,376.0
1753521183131,09:13:03.131,AGLD/USDT:USDT,0.7962,31.0,0.796,10.0,0.7964,56.0,0.7965,376.0
1753521183170,09:13:03.170,AGLD/USDT:USDT,0.7962,31.0,0.796,10.0,0.7964,56.0,0.7965,376.0
1753521183528,09:13:03.528,AGLD/USDT:USDT,0.7962,31.0,0.796,10.0,0.7964,56.0,0.7965,376.0
1753521184886,09:13:04.886,AGLD/USDT:USDT,0.7962,31.0,0.796,10.0,0.7964,56.0,0.7965,376.0
1753521185355,09:13:05.355,AGLD/USDT:USDT,0.796,67.0,0.7958,65.0,0.7964,56.0,0.7965,376.0
1753521185461,09:13:05.461,AGLD/USDT:USDT,0.7963,31.0,0.7962,41.0,0.7964,56.0,0.7965,376.0
1753521185557,09:13:05.557,AGLD/USDT:USDT,0.7963,31.0,0.7962,10.0,0.7964,56.0,0.7965,376.0
1753521185648,09:13:05.648,AGLD/USDT:USDT,0.7963,31.0,0.7961,10.0,0.7964,56.0,0.797,56.0
1753521185677,09:13:05.677,AGLD/USDT:USDT,0.7963,31.0,0.7961,10.0,0.7964,50.0,0.797,62.0
1753521185839,09:13:05.839,AGLD/USDT:USDT,0.7961,10.0,0.796,10.0,0.7964,50.0,0.797,62.0
1753521186907,09:13:06.907,AGLD/USDT:USDT,0.7961,10.0,0.796,10.0,0.7964,50.0,0.7965,20.0
1753521186978,09:13:06.978,AGLD/USDT:USDT,0.7961,10.0,0.796,10.0,0.7964,56.0,0.7965,20.0
1753521187324,09:13:07.324,AGLD/USDT:USDT,0.7961,10.0,0.796,10.0,0.7964,56.0,0.7965,20.0
1753521187398,09:13:07.398,AGLD/USDT:USDT,0.796,10.0,0.7957,55.0,0.7964,56.0,0.7965,20.0
1753521187739,09:13:07.739,AGLD/USDT:USDT,0.796,10.0,0.7957,55.0,0.7964,56.0,0.7965,20.0
1753521188749,09:13:08.749,AGLD/USDT:USDT,0.796,20.0,0.7957,55.0,0.7964,56.0,0.7965,10.0
1753521188789,09:13:08.789,AGLD/USDT:USDT,0.7962,31.0,0.796,20.0,0.7964,50.0,0.7965,10.0
1753521189357,09:13:09.357,AGLD/USDT:USDT,0.7962,31.0,0.796,20.0,0.7964,50.0,0.7965,10.0
1753521189435,09:13:09.435,AGLD/USDT:USDT,0.7963,31.0,0.7962,20.0,0.7964,50.0,0.7969,6.0
1753521189477,09:13:09.477,AGLD/USDT:USDT,0.7963,31.0,0.7962,20.0,0.7964,50.0,0.797,62.0
1753521189737,09:13:09.737,AGLD/USDT:USDT,0.7963,31.0,0.7962,20.0,0.7964,50.0,0.7966,10.0
1753521189860,09:13:09.860,AGLD/USDT:USDT,0.7963,31.0,0.7962,10.0,0.7966,10.0,0.797,62.0
1753521190048,09:13:10.048,AGLD/USDT:USDT,0.7953,55.0,0.7952,55.0,0.7966,67.0,0.797,62.0
1753521190151,09:13:10.151,AGLD/USDT:USDT,0.7954,31.0,0.7952,57.0,0.7965,63.0,0.7966,67.0
1753521190226,09:13:10.226,AGLD/USDT:USDT,0.7957,57.0,0.7955,57.0,0.7965,63.0,0.7966,67.0
1753521190361,09:13:10.361,AGLD/USDT:USDT,0.7952,57.0,0.7951,107.0,0.7965,63.0,0.7966,67.0
1753521190846,09:13:10.846,AGLD/USDT:USDT,0.7952,57.0,0.7951,107.0,0.7965,63.0,0.7966,67.0
1753521191546,09:13:11.546,AGLD/USDT:USDT,0.7956,87.0,0.7955,87.0,0.7965,63.0,0.7966,57.0
1753521191646,09:13:11.646,AGLD/USDT:USDT,0.7961,31.0,0.796,20.0,0.7965,63.0,0.7966,57.0
1753521191816,09:13:11.816,AGLD/USDT:USDT,0.7961,31.0,0.796,20.0,0.7965,63.0,0.7966,57.0
1753521192233,09:13:12.233,AGLD/USDT:USDT,0.7961,31.0,0.796,20.0,0.7965,63.0,0.7966,57.0
1753521192817,09:13:12.817,AGLD/USDT:USDT,0.7961,31.0,0.796,20.0,0.7965,63.0,0.7966,57.0
1753521193071,09:13:13.071,AGLD/USDT:USDT,0.7961,31.0,0.796,20.0,0.7965,63.0,0.7966,57.0
1753521194287,09:13:14.287,AGLD/USDT:USDT,0.7961,31.0,0.796,20.0,0.7965,63.0,0.7966,57.0
1753521195080,09:13:15.080,AGLD/USDT:USDT,0.7961,31.0,0.796,20.0,0.7965,63.0,0.7966,77.0
1753521195365,09:13:15.365,AGLD/USDT:USDT,0.7961,31.0,0.796,20.0,0.7965,63.0,0.7966,67.0
1753521195703,09:13:15.703,AGLD/USDT:USDT,0.7961,31.0,0.796,20.0,0.7965,63.0,0.7966,67.0
1753521196308,09:13:16.308,AGLD/USDT:USDT,0.7961,31.0,0.796,20.0,0.7965,63.0,0.7966,67.0
1753521196486,09:13:16.486,AGLD/USDT:USDT,0.7963,31.0,0.7962,10.0,0.7965,6.0,0.7966,57.0
1753521196586,09:13:16.586,AGLD/USDT:USDT,0.7963,31.0,0.7962,10.0,0.7966,57.0,0.7967,10.0
1753521196729,09:13:16.729,AGLD/USDT:USDT,0.7962,10.0,0.7961,10.0,0.7966,63.0,0.7967,20.0
1753521197147,09:13:17.147,AGLD/USDT:USDT,0.7959,56.0,0.7956,56.0,0.7966,63.0,0.7967,20.0
1753521197192,09:13:17.192,AGLD/USDT:USDT,0.7952,57.0,0.7951,107.0,0.7966,63.0,0.7967,10.0
1753521197560,09:13:17.560,AGLD/USDT:USDT,0.7952,57.0,0.7951,107.0,0.7966,63.0,0.7967,10.0
1753521197962,09:13:17.962,AGLD/USDT:USDT,0.7952,57.0,0.7951,107.0,0.7965,56.0,0.7966,63.0
1753521198051,09:13:18.051,AGLD/USDT:USDT,0.7959,31.0,0.7958,107.0,0.7965,56.0,0.7966,63.0
1753521198124,09:13:18.124,AGLD/USDT:USDT,0.7961,31.0,0.7958,66.0,0.7964,56.0,0.7965,66.0
1753521198175,09:13:18.175,AGLD/USDT:USDT,0.7961,31.0,0.7958,66.0,0.7964,62.0,0.7965,66.0
1753521198391,09:13:18.391,AGLD/USDT:USDT,0.7961,31.0,0.7958,66.0,0.7964,62.0,0.7965,66.0
1753521198498,09:13:18.498,AGLD/USDT:USDT,0.7961,31.0,0.7958,66.0,0.7964,62.0,0.7965,66.0
1753521200417,09:13:20.417,AGLD/USDT:USDT,0.7961,31.0,0.7958,66.0,0.7964,62.0,0.7965,66.0
1753521200837,09:13:20.837,AGLD/USDT:USDT,0.7961,31.0,0.7958,66.0,0.7964,62.0,0.7965,66.0
1753521200870,09:13:20.870,AGLD/USDT:USDT,0.7961,31.0,0.796,10.0,0.7964,62.0,0.7965,66.0
1753521201316,09:13:21.316,AGLD/USDT:USDT,0.7961,31.0,0.796,10.0,0.7964,62.0,0.7965,66.0
1753521202458,09:13:22.458,AGLD/USDT:USDT,0.7961,31.0,0.796,10.0,0.7964,62.0,0.7965,66.0
1753521203273,09:13:23.273,AGLD/USDT:USDT,0.7961,31.0,0.796,10.0,0.7964,62.0,0.7965,66.0
1753521204183,09:13:24.183,AGLD/USDT:USDT,0.7961,31.0,0.796,10.0,0.7964,62.0,0.7965,66.0
1753521204830,09:13:24.830,AGLD/USDT:USDT,0.7959,10.0,0.7955,56.0,0.7964,16.0,0.7965,76.0
1753521204889,09:13:24.889,AGLD/USDT:USDT,0.7959,10.0,0.7955,56.0,0.7964,16.0,0.7965,76.0
1753521205249,09:13:25.249,AGLD/USDT:USDT,0.7961,31.0,0.796,31.0,0.7964,6.0,0.7965,66.0
1753521205302,09:13:25.302,AGLD/USDT:USDT,0.7961,31.0,0.7959,20.0,0.7964,6.0,0.7965,76.0
1753521207059,09:13:27.059,AGLD/USDT:USDT,0.7963,31.0,0.7961,20.0,0.7964,6.0,0.7968,56.0
1753521207087,09:13:27.087,AGLD/USDT:USDT,0.7963,31.0,0.7961,10.0,0.7967,56.0,0.7968,82.0
1753521207322,09:13:27.322,AGLD/USDT:USDT,0.7963,31.0,0.7961,10.0,0.7967,56.0,0.7968,82.0
1753521208950,09:13:28.950,AGLD/USDT:USDT,0.7963,31.0,0.7959,56.0,0.7967,433.0,0.7968,82.0
1753521208997,09:13:28.997,AGLD/USDT:USDT,0.7963,31.0,0.7959,56.0,0.7966,72.0,0.7967,66.0
1753521209341,09:13:29.341,AGLD/USDT:USDT,0.7963,31.0,0.7959,56.0,0.7966,72.0,0.7967,66.0
1753521209829,09:13:29.829,AGLD/USDT:USDT,0.7952,57.0,0.7951,107.0,0.7966,72.0,0.7967,66.0
1753521210159,09:13:30.159,AGLD/USDT:USDT,0.7952,57.0,0.7951,107.0,0.7966,72.0,0.7967,66.0
1753521210247,09:13:30.247,AGLD/USDT:USDT,0.7953,31.0,0.7952,57.0,0.7965,56.0,0.7966,72.0
1753521210347,09:13:30.347,AGLD/USDT:USDT,0.7959,31.0,0.7958,87.0,0.7965,56.0,0.7966,72.0
1753521210444,09:13:30.444,AGLD/USDT:USDT,0.796,31.0,0.7958,56.0,0.7964,66.0,0.7965,76.0
1753521210486,09:13:30.486,AGLD/USDT:USDT,0.796,31.0,0.7958,56.0,0.7963,16.0,0.7964,76.0
1753521210574,09:13:30.574,AGLD/USDT:USDT,0.796,31.0,0.7958,56.0,0.7963,16.0,0.7964,76.0
1753521212194,09:13:32.194,AGLD/USDT:USDT,0.796,31.0,0.7958,56.0,0.7963,16.0,0.7964,76.0
1753521212614,09:13:32.614,AGLD/USDT:USDT,0.796,31.0,0.7958,56.0,0.7963,16.0,0.7964,76.0
1753521212668,09:13:32.668,AGLD/USDT:USDT,0.796,31.0,0.7957,56.0,0.7963,16.0,0.7964,76.0
1753521214141,09:13:34.141,AGLD/USDT:USDT,0.796,31.0,0.7958,10.0,0.7963,16.0,0.7964,76.0
1753521215437,09:13:35.437,AGLD/USDT:USDT,0.796,31.0,0.7958,10.0,0.7963,16.0,0.7964,76.0
1753521215653,09:13:35.653,AGLD/USDT:USDT,0.796,31.0,0.7958,10.0,0.7963,16.0,0.7964,76.0
1753521215755,09:13:35.755,AGLD/USDT:USDT,0.7952,57.0,0.7951,107.0,0.7963,6.0,0.7964,66.0
1753521215853,09:13:35.853,AGLD/USDT:USDT,0.7952,57.0,0.7951,107.0,0.7963,6.0,0.7964,66.0
1753521218277,09:13:38.277,AGLD/USDT:USDT,0.7952,57.0,0.7951,107.0,0.7963,6.0,0.7964,66.0
1753521218648,09:13:38.648,AGLD/USDT:USDT,0.7955,31.0,0.7954,87.0,0.7963,6.0,0.7964,66.0
1753521218747,09:13:38.747,AGLD/USDT:USDT,0.796,31.0,0.7957,56.0,0.7963,6.0,0.7964,76.0
1753521219109,09:13:39.109,AGLD/USDT:USDT,0.796,31.0,0.7957,56.0,0.7963,6.0,0.7964,76.0
1753521219832,09:13:39.832,AGLD/USDT:USDT,0.7961,31.0,0.7959,20.0,0.7963,6.0,0.7964,20.0
1753521219934,09:13:39.934,AGLD/USDT:USDT,0.7961,31.0,0.7959,20.0,0.7964,16.0,0.7965,66.0
1753521220349,09:13:40.349,AGLD/USDT:USDT,0.7961,31.0,0.7959,20.0,0.7964,6.0,0.7965,56.0
1753521220387,09:13:40.387,AGLD/USDT:USDT,0.7961,31.0,0.7959,10.0,0.7965,62.0,0.7966,20.0
1753521220764,09:13:40.764,AGLD/USDT:USDT,0.7961,31.0,0.7959,10.0,0.7965,62.0,0.7966,20.0
1753521221245,09:13:41.245,AGLD/USDT:USDT,0.7961,31.0,0.7959,10.0,0.7965,62.0,0.7966,20.0
1753521221580,09:13:41.580,AGLD/USDT:USDT,0.7961,31.0,0.7959,10.0,0.7965,62.0,0.7966,20.0
1753521224028,09:13:44.028,AGLD/USDT:USDT,0.7961,31.0,0.7959,10.0,0.7965,62.0,0.7966,20.0
1753521224846,09:13:44.846,AGLD/USDT:USDT,0.7961,31.0,0.7959,10.0,0.7965,62.0,0.7966,20.0
1753521225409,09:13:45.409,AGLD/USDT:USDT,0.7961,31.0,0.7959,10.0,0.7965,62.0,0.7966,20.0
1753521225501,09:13:45.501,AGLD/USDT:USDT,0.7961,31.0,0.7959,10.0,0.7965,62.0,0.7966,20.0
1753521225618,09:13:45.618,AGLD/USDT:USDT,0.7961,31.0,0.7959,10.0,0.7965,62.0,0.7966,20.0
1753521226869,09:13:46.869,AGLD/USDT:USDT,0.7961,31.0,0.7959,10.0,0.7965,62.0,0.7966,20.0
1753521227255,09:13:47.255,AGLD/USDT:USDT,0.7961,31.0,0.7959,10.0,0.7965,6.0,0.7966,20.0
1753521227326,09:13:47.326,AGLD/USDT:USDT,0.7962,31.0,0.7959,10.0,0.7966,75.0,0.7967,6.0
1753521227383,09:13:47.383,AGLD/USDT:USDT,0.7962,31.0,0.7959,10.0,0.7965,6.0,0.7966,75.0
1753521228149,09:13:48.149,AGLD/USDT:USDT,0.7964,31.0,0.7961,10.0,0.7965,6.0,0.7966,20.0
1753521228247,09:13:48.247,AGLD/USDT:USDT,0.7963,31.0,0.7962,31.0,0.7966,20.0,0.7967,26.0
1753521228348,09:13:48.348,AGLD/USDT:USDT,0.7952,57.0,0.7951,107.0,0.7966,65.0,0.7967,16.0
1753521228452,09:13:48.452,AGLD/USDT:USDT,0.7958,86.0,0.7957,86.0,0.7965,61.0,0.7966,65.0
1753521228525,09:13:48.525,AGLD/USDT:USDT,0.7962,31.0,0.7958,55.0,0.7965,71.0,0.7966,65.0
1753521228897,09:13:48.897,AGLD/USDT:USDT,0.7962,31.0,0.7958,55.0,0.7965,71.0,0.7966,65.0
1753521229574,09:13:49.574,AGLD/USDT:USDT,0.7962,31.0,0.7958,55.0,0.7965,71.0,0.7966,65.0
1753521229712,09:13:49.712,AGLD/USDT:USDT,0.7962,31.0,0.7957,55.0,0.7965,71.0,0.7966,65.0
1753521230757,09:13:50.757,AGLD/USDT:USDT,0.7957,55.0,0.7956,55.0,0.7964,54.0,0.7965,71.0
1753521230806,09:13:50.806,AGLD/USDT:USDT,0.7952,57.0,0.7951,107.0,0.7964,54.0,0.7965,61.0
1753521230928,09:13:50.928,AGLD/USDT:USDT,0.7952,57.0,0.7951,107.0,0.7964,54.0,0.7965,61.0
1753521232502,09:13:52.502,AGLD/USDT:USDT,0.7952,57.0,0.7951,107.0,0.7964,54.0,0.7965,61.0
1753521234188,09:13:54.188,AGLD/USDT:USDT,0.7952,57.0,0.7951,107.0,0.7964,54.0,0.7965,61.0
1753521238574,09:13:58.574,AGLD/USDT:USDT,0.7952,57.0,0.7951,107.0,0.7964,54.0,0.7965,61.0
1753521238721,09:13:58.721,AGLD/USDT:USDT,0.7952,57.0,0.7951,107.0,0.7964,54.0,0.7965,61.0
1753521238846,09:13:58.846,AGLD/USDT:USDT,0.7958,31.0,0.7957,31.0,0.7964,74.0,0.7965,61.0
1753521238886,09:13:58.886,AGLD/USDT:USDT,0.7959,31.0,0.7956,54.0,0.7963,60.0,0.7964,74.0
1753521240199,09:14:00.199,AGLD/USDT:USDT,0.7959,31.0,0.7956,54.0,0.7963,60.0,0.7964,74.0
1753521240617,09:14:00.617,AGLD/USDT:USDT,0.7959,31.0,0.7956,54.0,0.7963,60.0,0.7964,74.0
1753521241128,09:14:01.128,AGLD/USDT:USDT,0.7959,31.0,0.7955,54.0,0.7963,60.0,0.7964,74.0
1753521241443,09:14:01.443,AGLD/USDT:USDT,0.7959,31.0,0.7955,54.0,0.7963,60.0,0.7964,74.0
1753521242363,09:14:02.363,AGLD/USDT:USDT,0.7953,54.0,0.7952,57.0,0.7962,56.0,0.7963,60.0
1753521242446,09:14:02.446,AGLD/USDT:USDT,0.7958,31.0,0.7957,31.0,0.7962,76.0,0.7963,60.0
1753521242486,09:14:02.486,AGLD/USDT:USDT,0.7958,31.0,0.7952,57.0,0.7961,6.0,0.7962,76.0
1753521242946,09:14:02.946,AGLD/USDT:USDT,0.7958,31.0,0.7952,57.0,0.7961,6.0,0.7962,76.0
1753521243864,09:14:03.864,AGLD/USDT:USDT,0.7958,31.0,0.7952,57.0,0.7961,6.0,0.7962,76.0
1753521243870,09:14:03.870,AGLD/USDT:USDT,0.7958,31.0,0.7957,10.0,0.7961,6.0,0.7962,76.0
1753521243965,09:14:03.965,AGLD/USDT:USDT,0.7958,31.0,0.7957,10.0,0.7961,6.0,0.7962,66.0
1753521244230,09:14:04.230,AGLD/USDT:USDT,0.7958,31.0,0.7957,10.0,0.7961,6.0,0.7962,66.0
1753521244312,09:14:04.312,AGLD/USDT:USDT,0.7947,57.0,0.7946,106.0,0.7961,6.0,0.7962,56.0
1753521244447,09:14:04.447,AGLD/USDT:USDT,0.7952,31.0,0.7951,87.0,0.7962,56.0,0.7963,6.0
1753521244546,09:14:04.546,AGLD/USDT:USDT,0.7957,31.0,0.7956,31.0,0.7962,76.0,0.7963,6.0
1753521244586,09:14:04.586,AGLD/USDT:USDT,0.7958,31.0,0.7955,56.0,0.7961,6.0,0.7962,76.0
1753521245016,09:14:05.016,AGLD/USDT:USDT,0.7958,31.0,0.7957,10.0,0.7961,6.0,0.7962,76.0
1753521246621,09:14:06.621,AGLD/USDT:USDT,0.7958,31.0,0.7957,10.0,0.7961,6.0,0.7962,76.0
1753521247199,09:14:07.199,AGLD/USDT:USDT,0.7958,31.0,0.7954,56.0,0.7961,6.0,0.7962,76.0
1753521248154,09:14:08.154,AGLD/USDT:USDT,0.7949,56.0,0.7947,57.0,0.7961,62.0,0.7962,66.0
1753521248176,09:14:08.176,AGLD/USDT:USDT,0.7946,56.0,0.7945,692.0,0.7961,62.0,0.7962,66.0
1753521248346,09:14:08.346,AGLD/USDT:USDT,0.7951,87.0,0.795,87.0,0.7961,62.0,0.7962,66.0
1753521248446,09:14:08.446,AGLD/USDT:USDT,0.7957,31.0,0.7956,31.0,0.7961,62.0,0.7962,56.0
1753521248486,09:14:08.486,AGLD/USDT:USDT,0.7957,31.0,0.7954,56.0,0.7961,62.0,0.7962,76.0
1753521248696,09:14:08.696,AGLD/USDT:USDT,0.7957,31.0,0.7954,56.0,0.7961,62.0,0.7962,76.0
1753521248945,09:14:08.945,AGLD/USDT:USDT,0.7953,10.0,0.7952,56.0,0.796,66.0,0.7961,62.0
1753521249062,09:14:09.062,AGLD/USDT:USDT,0.7953,10.0,0.7952,56.0,0.7959,6.0,0.796,66.0
1753521249096,09:14:09.096,AGLD/USDT:USDT,0.7953,10.0,0.7952,56.0,0.7959,6.0,0.796,66.0
1753521249248,09:14:09.248,AGLD/USDT:USDT,0.7953,10.0,0.7952,56.0,0.7959,6.0,0.796,66.0
1753521249422,09:14:09.422,AGLD/USDT:USDT,0.7953,10.0,0.7951,56.0,0.7959,6.0,0.796,66.0
1753521249554,09:14:09.554,AGLD/USDT:USDT,0.7954,31.0,0.7953,66.0,0.7959,6.0,0.796,66.0
1753521249586,09:14:09.586,AGLD/USDT:USDT,0.7956,31.0,0.7953,66.0,0.7959,6.0,0.796,66.0
1753521249930,09:14:09.930,AGLD/USDT:USDT,0.7956,31.0,0.7953,66.0,0.7959,6.0,0.796,66.0
1753521252179,09:14:12.179,AGLD/USDT:USDT,0.7956,31.0,0.7953,66.0,0.7959,6.0,0.796,66.0
1753521252351,09:14:12.351,AGLD/USDT:USDT,0.7956,31.0,0.7953,66.0,0.7959,6.0,0.796,66.0
1753521253145,09:14:13.145,AGLD/USDT:USDT,0.7956,31.0,0.7953,66.0,0.7959,6.0,0.796,76.0
1753521255070,09:14:15.070,AGLD/USDT:USDT,0.7956,31.0,0.7953,66.0,0.7959,6.0,0.796,76.0
1753521255283,09:14:15.283,AGLD/USDT:USDT,0.7956,31.0,0.7954,10.0,0.7959,6.0,0.796,76.0
1753521255605,09:14:15.605,AGLD/USDT:USDT,0.7953,66.0,0.7949,56.0,0.7959,6.0,0.796,76.0
1753521256018,09:14:16.018,AGLD/USDT:USDT,0.7953,66.0,0.7949,56.0,0.7959,6.0,0.796,76.0
1753521256153,09:14:16.153,AGLD/USDT:USDT,0.7954,31.0,0.7953,76.0,0.7959,6.0,0.796,76.0
1753521256186,09:14:16.186,AGLD/USDT:USDT,0.7956,31.0,0.7953,76.0,0.7959,6.0,0.796,76.0
1753521256306,09:14:16.306,AGLD/USDT:USDT,0.7953,76.0,0.7949,56.0,0.7959,6.0,0.796,76.0
1753521256432,09:14:16.432,AGLD/USDT:USDT,0.7953,76.0,0.7949,56.0,0.7959,6.0,0.796,76.0
1753521257239,09:14:17.239,AGLD/USDT:USDT,0.7953,66.0,0.7949,56.0,0.7959,6.0,0.796,76.0
