timestamp,time,symbol,bid1_price,bid1_volume,bid2_price,bid2_volume,ask1_price,ask1_volume,ask2_price,ask2_volume
1753520629000,09:03:49.000,1INCH/USDT:USDT,0.28,219.0,0.2799,512.0,0.2802,219.0,0.2803,727.0
1753520631710,09:03:51.710,1INCH/USDT:USDT,0.28,219.0,0.2799,2327.0,0.2802,219.0,0.2803,727.0
1753520632752,09:03:52.752,1INCH/USDT:USDT,0.28,219.0,0.2799,512.0,0.2802,219.0,0.2803,727.0
1753520633304,09:03:53.304,1INCH/USDT:USDT,0.28,219.0,0.2799,2327.0,0.2802,219.0,0.2803,727.0
1753520633405,09:03:53.405,1INCH/USDT:USDT,0.28,219.0,0.2799,2327.0,0.2802,219.0,0.2803,727.0
1753520633507,09:03:53.507,1INCH/USDT:USDT,0.28,219.0,0.2799,2327.0,0.2802,219.0,0.2803,727.0
1753520633803,09:03:53.803,1INCH/USDT:USDT,0.28,219.0,0.2799,512.0,0.2802,219.0,0.2803,727.0
1753520634057,09:03:54.057,1INCH/USDT:USDT,0.28,219.0,0.2799,512.0,0.2802,219.0,0.2803,727.0
1753520634474,09:03:54.474,1INCH/USDT:USDT,0.28,219.0,0.2799,2327.0,0.2804,511.0,0.2805,11992.0
1753520634565,09:03:54.565,1INCH/USDT:USDT,0.28,219.0,0.2799,2399.0,0.2803,945.0,0.2804,511.0
1753520634649,09:03:54.649,1INCH/USDT:USDT,0.28,219.0,0.2799,2399.0,0.2803,945.0,0.2804,511.0
1753520634837,09:03:54.837,1INCH/USDT:USDT,0.28,219.0,0.2799,2399.0,0.2803,945.0,0.2804,511.0
1753520635055,09:03:55.055,1INCH/USDT:USDT,0.28,219.0,0.2799,2399.0,0.2803,945.0,0.2804,511.0
1753520638858,09:03:58.858,1INCH/USDT:USDT,0.28,219.0,0.2799,2399.0,0.2803,945.0,0.2804,511.0
1753520639217,09:03:59.217,1INCH/USDT:USDT,0.28,219.0,0.2799,2399.0,0.2803,945.0,0.2804,511.0
1753520643657,09:04:03.657,1INCH/USDT:USDT,0.28,219.0,0.2799,2399.0,0.2803,945.0,0.2804,511.0
1753520643843,09:04:03.843,1INCH/USDT:USDT,0.28,219.0,0.2799,2399.0,0.2803,945.0,0.2804,511.0
1753520644209,09:04:04.209,1INCH/USDT:USDT,0.28,219.0,0.2799,2327.0,0.2802,219.0,0.2803,945.0
1753520644331,09:04:04.331,1INCH/USDT:USDT,0.28,219.0,0.2799,2327.0,0.2802,219.0,0.2803,945.0
1753520646774,09:04:06.774,1INCH/USDT:USDT,0.28,219.0,0.2799,2327.0,0.2803,945.0,0.2804,511.0
1753520646789,09:04:06.789,1INCH/USDT:USDT,0.28,219.0,0.2799,2399.0,0.2803,945.0,0.2804,511.0
1753520647158,09:04:07.158,1INCH/USDT:USDT,0.28,219.0,0.2799,2399.0,0.2803,945.0,0.2804,511.0
1753520648457,09:04:08.457,1INCH/USDT:USDT,0.28,219.0,0.2799,2399.0,0.2803,945.0,0.2804,511.0
1753520648484,09:04:08.484,1INCH/USDT:USDT,0.28,219.0,0.2799,2399.0,0.2803,945.0,0.2804,511.0
1753520649969,09:04:09.969,1INCH/USDT:USDT,0.28,219.0,0.2799,2327.0,0.2802,216.0,0.2803,945.0
1753520649995,09:04:09.995,1INCH/USDT:USDT,0.28,219.0,0.2799,2327.0,0.2802,216.0,0.2803,945.0
1753520651633,09:04:11.633,1INCH/USDT:USDT,0.28,219.0,0.2799,2327.0,0.2802,216.0,0.2803,945.0
1753520652022,09:04:12.022,1INCH/USDT:USDT,0.28,219.0,0.2799,2327.0,0.2802,216.0,0.2803,945.0
1753520653257,09:04:13.257,1INCH/USDT:USDT,0.28,219.0,0.2799,2327.0,0.2802,216.0,0.2803,945.0
1753520658058,09:04:18.058,1INCH/USDT:USDT,0.28,219.0,0.2799,2327.0,0.2802,216.0,0.2803,945.0
1753520659422,09:04:19.422,1INCH/USDT:USDT,0.28,219.0,0.2799,512.0,0.2802,216.0,0.2803,945.0
1753520659822,09:04:19.822,1INCH/USDT:USDT,0.28,219.0,0.2799,2327.0,0.2802,216.0,0.2803,945.0
1753520661208,09:04:21.208,1INCH/USDT:USDT,0.28,219.0,0.2799,2399.0,0.2803,945.0,0.2804,511.0
1753520662858,09:04:22.858,1INCH/USDT:USDT,0.28,219.0,0.2799,2399.0,0.2803,945.0,0.2804,511.0
1753520663628,09:04:23.628,1INCH/USDT:USDT,0.28,219.0,0.2799,2327.0,0.2802,217.0,0.2803,945.0
1753520667658,09:04:27.658,1INCH/USDT:USDT,0.28,219.0,0.2799,2327.0,0.2802,217.0,0.2803,945.0
1753520669160,09:04:29.160,1INCH/USDT:USDT,0.28,219.0,0.2799,2327.0,0.2802,217.0,0.2803,945.0
1753520669250,09:04:29.250,1INCH/USDT:USDT,0.28,219.0,0.2799,2327.0,0.2802,217.0,0.2803,945.0
1753520672458,09:04:32.458,1INCH/USDT:USDT,0.28,219.0,0.2799,2327.0,0.2802,217.0,0.2803,945.0
1753520677258,09:04:37.258,1INCH/USDT:USDT,0.28,219.0,0.2799,2327.0,0.2802,217.0,0.2803,945.0
1753520680882,09:04:40.882,1INCH/USDT:USDT,0.28,219.0,0.2799,512.0,0.2802,217.0,0.2803,945.0
1753520681003,09:04:41.003,1INCH/USDT:USDT,0.28,219.0,0.2799,2327.0,0.2802,217.0,0.2803,945.0
1753520681229,09:04:41.229,1INCH/USDT:USDT,0.28,219.0,0.2799,2399.0,0.2803,218.0,0.2804,511.0
1753520681303,09:04:41.303,1INCH/USDT:USDT,0.2801,215.0,0.28,946.0,0.2803,218.0,0.2804,511.0
1753520681419,09:04:41.419,1INCH/USDT:USDT,0.2801,215.0,0.28,946.0,0.2803,218.0,0.2804,511.0
1753520681802,09:04:41.802,1INCH/USDT:USDT,0.2801,215.0,0.28,946.0,0.2803,218.0,0.2804,511.0
1753520682059,09:04:42.059,1INCH/USDT:USDT,0.2801,215.0,0.28,946.0,0.2803,218.0,0.2804,511.0
1753520682215,09:04:42.215,1INCH/USDT:USDT,0.2801,215.0,0.28,946.0,0.2803,218.0,0.2804,511.0
1753520686859,09:04:46.859,1INCH/USDT:USDT,0.2801,215.0,0.28,946.0,0.2803,218.0,0.2804,511.0
1753520691238,09:04:51.238,1INCH/USDT:USDT,0.2801,215.0,0.28,946.0,0.2803,218.0,0.2804,511.0
1753520691660,09:04:51.660,1INCH/USDT:USDT,0.2801,215.0,0.28,946.0,0.2803,218.0,0.2804,511.0
1753520695149,09:04:55.149,1INCH/USDT:USDT,0.2801,215.0,0.28,946.0,0.2803,218.0,0.2804,511.0
1753520695250,09:04:55.250,1INCH/USDT:USDT,0.2801,215.0,0.28,946.0,0.2803,218.0,0.2804,511.0
1753520696349,09:04:56.349,1INCH/USDT:USDT,0.28,219.0,0.2799,2327.0,0.2802,220.0,0.2803,945.0
1753520696458,09:04:56.458,1INCH/USDT:USDT,0.28,219.0,0.2799,2327.0,0.2802,220.0,0.2803,945.0
1753520700406,09:05:00.406,1INCH/USDT:USDT,0.28,219.0,0.2799,2327.0,0.2802,220.0,0.2803,945.0
1753520701260,09:05:01.260,1INCH/USDT:USDT,0.28,219.0,0.2799,2327.0,0.2802,220.0,0.2803,945.0
1753520701392,09:05:01.392,1INCH/USDT:USDT,0.28,219.0,0.2799,512.0,0.2802,220.0,0.2803,945.0
1753520701546,09:05:01.546,1INCH/USDT:USDT,0.28,219.0,0.2799,2327.0,0.2802,220.0,0.2803,945.0
1753520702874,09:05:02.874,1INCH/USDT:USDT,0.28,219.0,0.2799,2399.0,0.2803,945.0,0.2804,511.0
1753520702920,09:05:02.920,1INCH/USDT:USDT,0.28,219.0,0.2799,2399.0,0.2803,218.0,0.2804,511.0
1753520703130,09:05:03.130,1INCH/USDT:USDT,0.28,219.0,0.2799,2399.0,0.2803,218.0,0.2804,511.0
1753520705267,09:05:05.267,1INCH/USDT:USDT,0.28,219.0,0.2799,2399.0,0.2802,210.0,0.2803,945.0
1753520705403,09:05:05.403,1INCH/USDT:USDT,0.28,219.0,0.2799,2327.0,0.2802,210.0,0.2803,945.0
1753520705554,09:05:05.554,1INCH/USDT:USDT,0.28,219.0,0.2799,2327.0,0.2802,210.0,0.2803,945.0
1753520706059,09:05:06.059,1INCH/USDT:USDT,0.28,219.0,0.2799,2327.0,0.2802,210.0,0.2803,945.0
1753520708883,09:05:08.883,1INCH/USDT:USDT,0.2799,512.0,0.2798,1311.0,0.2802,210.0,0.2803,945.0
1753520709202,09:05:09.202,1INCH/USDT:USDT,0.2799,512.0,0.2798,1311.0,0.2802,210.0,0.2803,945.0
1753520710858,09:05:10.858,1INCH/USDT:USDT,0.2799,512.0,0.2798,1311.0,0.2802,210.0,0.2803,945.0
1753520713261,09:05:13.261,1INCH/USDT:USDT,0.2798,584.0,0.2797,11068.0,0.28,218.0,0.2802,210.0
1753520713368,09:05:13.368,1INCH/USDT:USDT,0.2799,218.0,0.2798,512.0,0.2802,210.0,0.2803,945.0
1753520713457,09:05:13.457,1INCH/USDT:USDT,0.2799,218.0,0.2798,584.0,0.28,218.0,0.2801,727.0
1753520713497,09:05:13.497,1INCH/USDT:USDT,0.2798,584.0,0.2797,2028.0,0.28,218.0,0.2801,727.0
1753520713657,09:05:13.657,1INCH/USDT:USDT,0.2798,584.0,0.2797,2028.0,0.28,218.0,0.2801,727.0
1753520713769,09:05:13.769,1INCH/USDT:USDT,0.2798,512.0,0.2797,2100.0,0.28,218.0,0.2801,727.0
1753520713820,09:05:13.820,1INCH/USDT:USDT,0.2798,512.0,0.2797,2028.0,0.28,218.0,0.2802,510.0
1753520713946,09:05:13.946,1INCH/USDT:USDT,0.2798,512.0,0.2797,2028.0,0.28,218.0,0.2802,510.0
1753520714046,09:05:14.046,1INCH/USDT:USDT,0.2798,512.0,0.2797,2028.0,0.28,218.0,0.2801,727.0
1753520714391,09:05:14.391,1INCH/USDT:USDT,0.2798,512.0,0.2797,2028.0,0.28,218.0,0.2801,727.0
1753520714510,09:05:14.510,1INCH/USDT:USDT,0.2798,512.0,0.2797,2028.0,0.28,218.0,0.2801,727.0
1753520716859,09:05:16.859,1INCH/USDT:USDT,0.2798,512.0,0.2797,2028.0,0.28,218.0,0.2801,727.0
1753520717254,09:05:17.254,1INCH/USDT:USDT,0.2798,512.0,0.2797,2028.0,0.28,218.0,0.2801,727.0
1753520717668,09:05:17.668,1INCH/USDT:USDT,0.2797,213.0,0.2796,1316.0,0.28,218.0,0.2801,727.0
1753520717759,09:05:17.759,1INCH/USDT:USDT,0.2797,213.0,0.2796,1316.0,0.28,218.0,0.2801,727.0
1753520718259,09:05:18.259,1INCH/USDT:USDT,0.2797,213.0,0.2796,1316.0,0.28,218.0,0.2801,727.0
1753520718572,09:05:18.572,1INCH/USDT:USDT,0.2797,213.0,0.2796,1316.0,0.28,218.0,0.2801,727.0
1753520719548,09:05:19.548,1INCH/USDT:USDT,0.2797,213.0,0.2796,1316.0,0.28,218.0,0.2801,727.0
1753520719960,09:05:19.960,1INCH/USDT:USDT,0.2797,213.0,0.2796,1316.0,0.28,218.0,0.2801,727.0
1753520720068,09:05:20.068,1INCH/USDT:USDT,0.2797,213.0,0.2796,1316.0,0.28,218.0,0.2801,727.0
1753520720151,09:05:20.151,1INCH/USDT:USDT,0.2797,213.0,0.2796,1316.0,0.28,218.0,0.2801,727.0
1753520720463,09:05:20.463,1INCH/USDT:USDT,0.2797,213.0,0.2796,1316.0,0.28,218.0,0.2801,727.0
1753520721666,09:05:21.666,1INCH/USDT:USDT,0.2797,213.0,0.2796,589.0,0.28,218.0,0.2801,727.0
1753520721776,09:05:21.776,1INCH/USDT:USDT,0.2797,213.0,0.2796,1316.0,0.28,218.0,0.2801,727.0
1753520722174,09:05:22.174,1INCH/USDT:USDT,0.2797,213.0,0.2796,1316.0,0.28,218.0,0.2801,727.0
1753520722551,09:05:22.551,1INCH/USDT:USDT,0.2797,213.0,0.2796,1316.0,0.28,218.0,0.2801,727.0
1753520722715,09:05:22.715,1INCH/USDT:USDT,0.2797,213.0,0.2796,1316.0,0.28,218.0,0.2801,727.0
1753520724528,09:05:24.528,1INCH/USDT:USDT,0.2797,213.0,0.2796,589.0,0.28,218.0,0.2801,727.0
1753520724634,09:05:24.634,1INCH/USDT:USDT,0.2797,213.0,0.2796,589.0,0.28,218.0,0.2801,727.0
1753520725080,09:05:25.080,1INCH/USDT:USDT,0.2797,213.0,0.2796,1316.0,0.28,218.0,0.2801,727.0
1753520725517,09:05:25.517,1INCH/USDT:USDT,0.2797,213.0,0.2796,1316.0,0.28,218.0,0.2801,727.0
1753520726459,09:05:26.459,1INCH/USDT:USDT,0.2797,213.0,0.2796,1316.0,0.28,218.0,0.2801,727.0
1753520726575,09:05:26.575,1INCH/USDT:USDT,0.2797,213.0,0.2796,1316.0,0.28,218.0,0.2801,727.0
1753520726575,09:05:26.575,1INCH/USDT:USDT,0.2797,213.0,0.2796,1316.0,0.28,218.0,0.2801,727.0
1753520727034,09:05:27.034,1INCH/USDT:USDT,0.2797,213.0,0.2796,1316.0,0.28,218.0,0.2801,727.0
1753520727562,09:05:27.562,1INCH/USDT:USDT,0.2797,213.0,0.2796,1316.0,0.28,218.0,0.2801,727.0
1753520727864,09:05:27.864,1INCH/USDT:USDT,0.2797,213.0,0.2796,1316.0,0.28,218.0,0.2801,727.0
1753520729721,09:05:29.721,1INCH/USDT:USDT,0.2797,213.0,0.2796,589.0,0.28,218.0,0.2801,727.0
1753520730265,09:05:30.265,1INCH/USDT:USDT,0.2797,213.0,0.2796,589.0,0.28,218.0,0.2801,727.0
1753520730368,09:05:30.368,1INCH/USDT:USDT,0.2797,213.0,0.2796,1316.0,0.28,218.0,0.2801,727.0
1753520731259,09:05:31.259,1INCH/USDT:USDT,0.2797,213.0,0.2796,1316.0,0.28,218.0,0.2801,727.0
1753520733469,09:05:33.469,1INCH/USDT:USDT,0.2796,517.0,0.2795,2399.0,0.2799,219.0,0.28,518.0
1753520733542,09:05:33.542,1INCH/USDT:USDT,0.2796,517.0,0.2795,2399.0,0.2799,219.0,0.28,518.0
1753520733878,09:05:33.878,1INCH/USDT:USDT,0.2797,219.0,0.2796,1244.0,0.2799,219.0,0.28,518.0
1753520734368,09:05:34.368,1INCH/USDT:USDT,0.2797,219.0,0.2796,1244.0,0.2799,219.0,0.28,518.0
1753520736062,09:05:36.062,1INCH/USDT:USDT,0.2797,219.0,0.2796,1244.0,0.2799,219.0,0.28,518.0
1753520736259,09:05:36.259,1INCH/USDT:USDT,0.2797,219.0,0.2796,1244.0,0.2799,219.0,0.28,518.0
1753520737190,09:05:37.190,1INCH/USDT:USDT,0.2797,219.0,0.2796,1244.0,0.2799,219.0,0.28,518.0
1753520737333,09:05:37.333,1INCH/USDT:USDT,0.2797,219.0,0.2796,1244.0,0.2799,219.0,0.28,518.0
1753520738953,09:05:38.953,1INCH/USDT:USDT,0.2797,219.0,0.2796,1244.0,0.2799,219.0,0.28,518.0
1753520740859,09:05:40.859,1INCH/USDT:USDT,0.2797,219.0,0.2796,1244.0,0.2799,219.0,0.28,518.0
1753520743949,09:05:43.949,1INCH/USDT:USDT,0.2797,219.0,0.2796,1244.0,0.2799,219.0,0.28,518.0
1753520744162,09:05:44.162,1INCH/USDT:USDT,0.2797,219.0,0.2796,1244.0,0.2799,219.0,0.28,518.0
1753520745659,09:05:45.659,1INCH/USDT:USDT,0.2797,219.0,0.2796,1244.0,0.2799,219.0,0.28,518.0
1753520747065,09:05:47.065,1INCH/USDT:USDT,0.2796,727.0,0.2795,372.0,0.2799,219.0,0.28,518.0
1753520747156,09:05:47.156,1INCH/USDT:USDT,0.2795,372.0,0.2794,1246.0,0.2799,219.0,0.28,518.0
1753520747215,09:05:47.215,1INCH/USDT:USDT,0.2795,589.0,0.2794,1246.0,0.2799,219.0,0.28,518.0
1753520747355,09:05:47.355,1INCH/USDT:USDT,0.2795,289.0,0.2794,1246.0,0.2799,946.0,0.28,518.0
1753520747471,09:05:47.471,1INCH/USDT:USDT,0.2795,289.0,0.2794,1246.0,0.2798,217.0,0.2799,1246.0
1753520747559,09:05:47.559,1INCH/USDT:USDT,0.2795,289.0,0.2794,519.0,0.2798,217.0,0.2799,1246.0
1753520747651,09:05:47.651,1INCH/USDT:USDT,0.2795,289.0,0.2794,519.0,0.2798,217.0,0.2799,1246.0
1753520747739,09:05:47.739,1INCH/USDT:USDT,0.2795,289.0,0.2794,519.0,0.2797,217.0,0.2798,2032.0
1753520747870,09:05:47.870,1INCH/USDT:USDT,0.2795,289.0,0.2794,1246.0,0.2797,217.0,0.2798,2032.0
1753520747913,09:05:47.913,1INCH/USDT:USDT,0.2795,289.0,0.2794,1246.0,0.2797,217.0,0.2798,2032.0
1753520748043,09:05:48.043,1INCH/USDT:USDT,0.2795,217.0,0.2794,1318.0,0.2798,217.0,0.2799,1246.0
1753520748267,09:05:48.267,1INCH/USDT:USDT,0.2795,217.0,0.2794,1246.0,0.2797,217.0,0.2798,2032.0
1753520748278,09:05:48.278,1INCH/USDT:USDT,0.2795,217.0,0.2794,1246.0,0.2797,217.0,0.2798,2032.0
1753520748448,09:05:48.448,1INCH/USDT:USDT,0.2795,217.0,0.2794,1246.0,0.2798,217.0,0.2799,1246.0
1753520748527,09:05:48.527,1INCH/USDT:USDT,0.2795,217.0,0.2794,1318.0,0.2798,217.0,0.2799,1246.0
1753520748652,09:05:48.652,1INCH/USDT:USDT,0.2795,217.0,0.2794,1318.0,0.2798,217.0,0.2799,1246.0
1753520748722,09:05:48.722,1INCH/USDT:USDT,0.2795,217.0,0.2794,1318.0,0.2798,217.0,0.2799,1246.0
1753520748875,09:05:48.875,1INCH/USDT:USDT,0.2795,217.0,0.2794,1318.0,0.2798,217.0,0.2799,1246.0
1753520749292,09:05:49.292,1INCH/USDT:USDT,0.2795,217.0,0.2794,1318.0,0.2798,217.0,0.2799,1246.0
1753520749533,09:05:49.533,1INCH/USDT:USDT,0.2795,217.0,0.2794,1318.0,0.2798,217.0,0.2799,1246.0
1753520749715,09:05:49.715,1INCH/USDT:USDT,0.2795,217.0,0.2794,1318.0,0.2798,217.0,0.2799,1246.0
1753520751461,09:05:51.461,1INCH/USDT:USDT,0.2795,217.0,0.2794,1318.0,0.2798,217.0,0.2799,1246.0
1753520752935,09:05:52.935,1INCH/USDT:USDT,0.2795,217.0,0.2794,1318.0,0.2798,217.0,0.2799,1246.0
1753520752982,09:05:52.982,1INCH/USDT:USDT,0.2795,217.0,0.2794,1318.0,0.2798,217.0,0.2799,1246.0
1753520754894,09:05:54.894,1INCH/USDT:USDT,0.2795,217.0,0.2794,1318.0,0.2798,217.0,0.2799,1246.0
1753520756259,09:05:56.259,1INCH/USDT:USDT,0.2795,217.0,0.2794,1318.0,0.2798,217.0,0.2799,1246.0
1753520756292,09:05:56.292,1INCH/USDT:USDT,0.2795,217.0,0.2794,1318.0,0.2798,217.0,0.2799,1246.0
1753520759928,09:05:59.928,1INCH/USDT:USDT,0.2795,217.0,0.2794,1318.0,0.2798,217.0,0.2799,1246.0
1753520761061,09:06:01.061,1INCH/USDT:USDT,0.2795,217.0,0.2794,1318.0,0.2798,217.0,0.2799,1246.0
1753520765860,09:06:05.860,1INCH/USDT:USDT,0.2795,217.0,0.2794,1318.0,0.2798,217.0,0.2799,1246.0
1753520769293,09:06:09.293,1INCH/USDT:USDT,0.2795,217.0,0.2794,1318.0,0.2798,217.0,0.2799,1246.0
1753520770662,09:06:10.662,1INCH/USDT:USDT,0.2795,217.0,0.2794,1318.0,0.2798,217.0,0.2799,1246.0
1753520775460,09:06:15.460,1INCH/USDT:USDT,0.2795,217.0,0.2794,1318.0,0.2798,217.0,0.2799,1246.0
1753520775949,09:06:15.949,1INCH/USDT:USDT,0.2795,217.0,0.2794,1318.0,0.2798,217.0,0.2799,1246.0
1753520777757,09:06:17.757,1INCH/USDT:USDT,0.2795,217.0,0.2794,1318.0,0.2799,519.0,0.28,2333.0
1753520777870,09:06:17.870,1INCH/USDT:USDT,0.2797,218.0,0.2796,727.0,0.2799,519.0,0.28,518.0
1753520777961,09:06:17.961,1INCH/USDT:USDT,0.2797,218.0,0.2796,727.0,0.2799,519.0,0.28,518.0
1753520778026,09:06:18.026,1INCH/USDT:USDT,0.2797,218.0,0.2796,727.0,0.2799,519.0,0.28,518.0
1753520778245,09:06:18.245,1INCH/USDT:USDT,0.2797,218.0,0.2796,727.0,0.2799,519.0,0.28,518.0
1753520778769,09:06:18.769,1INCH/USDT:USDT,0.2797,218.0,0.2796,727.0,0.2799,218.0,0.28,518.0
1753520778863,09:06:18.863,1INCH/USDT:USDT,0.2797,218.0,0.2796,727.0,0.2799,218.0,0.28,518.0
1753520779150,09:06:19.150,1INCH/USDT:USDT,0.2797,218.0,0.2796,727.0,0.2799,218.0,0.28,518.0
1753520779212,09:06:19.212,1INCH/USDT:USDT,0.2797,218.0,0.2796,727.0,0.2799,218.0,0.28,518.0
1753520779345,09:06:19.345,1INCH/USDT:USDT,0.2797,218.0,0.2796,799.0,0.2799,218.0,0.28,518.0
1753520779568,09:06:19.568,1INCH/USDT:USDT,0.2797,218.0,0.2796,727.0,0.2799,218.0,0.28,518.0
1753520780262,09:06:20.262,1INCH/USDT:USDT,0.2797,218.0,0.2796,727.0,0.2799,218.0,0.28,518.0
1753520782305,09:06:22.305,1INCH/USDT:USDT,0.2797,218.0,0.2796,727.0,0.2799,218.0,0.28,518.0
1753520782690,09:06:22.690,1INCH/USDT:USDT,0.2797,218.0,0.2796,799.0,0.28,518.0,0.2801,1027.0
1753520782851,09:06:22.851,1INCH/USDT:USDT,0.2797,218.0,0.2796,799.0,0.28,518.0,0.2801,1027.0
1753520784199,09:06:24.199,1INCH/USDT:USDT,0.2797,218.0,0.2796,799.0,0.28,218.0,0.2801,1027.0
1753520784707,09:06:24.707,1INCH/USDT:USDT,0.2797,218.0,0.2796,799.0,0.28,218.0,0.2801,1027.0
1753520785070,09:06:25.070,1INCH/USDT:USDT,0.2797,218.0,0.2796,799.0,0.28,218.0,0.2801,1027.0
1753520785773,09:06:25.773,1INCH/USDT:USDT,0.2797,218.0,0.2796,799.0,0.28,218.0,0.2801,300.0
1753520785873,09:06:25.873,1INCH/USDT:USDT,0.2799,216.0,0.2797,290.0,0.2801,516.0,0.2802,2325.0
1753520786079,09:06:26.079,1INCH/USDT:USDT,0.2799,216.0,0.2797,290.0,0.2801,516.0,0.2802,2325.0
1753520786826,09:06:26.826,1INCH/USDT:USDT,0.2799,216.0,0.2797,590.0,0.2801,516.0,0.2802,2325.0
1753520786896,09:06:26.896,1INCH/USDT:USDT,0.2799,216.0,0.2797,590.0,0.2801,516.0,0.2802,2325.0
1753520787549,09:06:27.549,1INCH/USDT:USDT,0.2799,216.0,0.2797,590.0,0.2801,516.0,0.2802,2325.0
1753520787653,09:06:27.653,1INCH/USDT:USDT,0.2799,216.0,0.2797,590.0,0.2801,516.0,0.2802,2325.0
1753520788660,09:06:28.660,1INCH/USDT:USDT,0.2799,216.0,0.2797,2405.0,0.2801,516.0,0.2802,510.0
1753520788781,09:06:28.781,1INCH/USDT:USDT,0.2799,216.0,0.2797,2405.0,0.2801,516.0,0.2802,510.0
1753520788951,09:06:28.951,1INCH/USDT:USDT,0.2799,216.0,0.2798,727.0,0.2801,516.0,0.2802,510.0
1753520789062,09:06:29.062,1INCH/USDT:USDT,0.2799,216.0,0.2798,727.0,0.2801,516.0,0.2802,510.0
1753520789094,09:06:29.094,1INCH/USDT:USDT,0.2799,216.0,0.2798,727.0,0.2801,516.0,0.2802,510.0
1753520789660,09:06:29.660,1INCH/USDT:USDT,0.2799,216.0,0.2797,2405.0,0.2801,516.0,0.2802,510.0
1753520789759,09:06:29.759,1INCH/USDT:USDT,0.2799,216.0,0.2798,727.0,0.2801,516.0,0.2802,510.0
1753520792060,09:06:32.060,1INCH/USDT:USDT,0.2799,216.0,0.2798,727.0,0.2801,516.0,0.2802,510.0
1753520792760,09:06:32.760,1INCH/USDT:USDT,0.2799,216.0,0.2798,727.0,0.2801,516.0,0.2802,510.0
1753520793593,09:06:33.593,1INCH/USDT:USDT,0.2799,216.0,0.2798,727.0,0.2801,216.0,0.2802,510.0
1753520793770,09:06:33.770,1INCH/USDT:USDT,0.2799,216.0,0.2798,727.0,0.2802,510.0,0.2803,1245.0
1753520793854,09:06:33.854,1INCH/USDT:USDT,0.2799,216.0,0.2798,799.0,0.2802,510.0,0.2803,1245.0
1753520794190,09:06:34.190,1INCH/USDT:USDT,0.2799,216.0,0.2798,799.0,0.2802,510.0,0.2803,1245.0
1753520795317,09:06:35.317,1INCH/USDT:USDT,0.2799,216.0,0.2798,799.0,0.2802,510.0,0.2803,1245.0
1753520795469,09:06:35.469,1INCH/USDT:USDT,0.2799,216.0,0.2798,727.0,0.2801,221.0,0.2802,510.0
1753520795814,09:06:35.814,1INCH/USDT:USDT,0.2799,216.0,0.2798,727.0,0.2801,221.0,0.2802,510.0
1753520796670,09:06:36.670,1INCH/USDT:USDT,0.2799,216.0,0.2798,799.0,0.2802,510.0,0.2803,1245.0
1753520796861,09:06:36.861,1INCH/USDT:USDT,0.2799,216.0,0.2798,799.0,0.2802,510.0,0.2803,1245.0
1753520797036,09:06:37.036,1INCH/USDT:USDT,0.2799,216.0,0.2798,799.0,0.2802,510.0,0.2803,1245.0
1753520798257,09:06:38.257,1INCH/USDT:USDT,0.2799,216.0,0.2798,727.0,0.2801,221.0,0.2802,510.0
1753520801661,09:06:41.661,1INCH/USDT:USDT,0.2799,216.0,0.2798,727.0,0.2801,221.0,0.2802,510.0
1753520804607,09:06:44.607,1INCH/USDT:USDT,0.2799,216.0,0.2798,799.0,0.2802,510.0,0.2803,1245.0
1753520804704,09:06:44.704,1INCH/USDT:USDT,0.2799,216.0,0.2798,799.0,0.2802,510.0,0.2803,1245.0
1753520806462,09:06:46.462,1INCH/USDT:USDT,0.2799,216.0,0.2798,799.0,0.2802,510.0,0.2803,1245.0
1753520807469,09:06:47.469,1INCH/USDT:USDT,0.2799,216.0,0.2798,799.0,0.2801,212.0,0.2802,510.0
1753520807540,09:06:47.540,1INCH/USDT:USDT,0.2799,216.0,0.2798,727.0,0.2801,212.0,0.2802,510.0
1753520808721,09:06:48.721,1INCH/USDT:USDT,0.2799,216.0,0.2798,727.0,0.2801,212.0,0.2802,510.0
1753520811261,09:06:51.261,1INCH/USDT:USDT,0.2799,216.0,0.2798,727.0,0.2801,212.0,0.2802,510.0
1753520816062,09:06:56.062,1INCH/USDT:USDT,0.2799,216.0,0.2798,727.0,0.2801,212.0,0.2802,510.0
1753520817547,09:06:57.547,1INCH/USDT:USDT,0.2798,221.0,0.2797,590.0,0.2801,212.0,0.2802,2325.0
1753520817607,09:06:57.607,1INCH/USDT:USDT,0.2798,221.0,0.2797,590.0,0.2801,212.0,0.2802,2325.0
1753520819446,09:06:59.446,1INCH/USDT:USDT,0.2798,221.0,0.2797,590.0,0.2801,212.0,0.2802,2325.0
1753520820863,09:07:00.863,1INCH/USDT:USDT,0.2798,221.0,0.2797,590.0,0.2801,212.0,0.2802,2325.0
1753520823205,09:07:03.205,1INCH/USDT:USDT,0.2798,221.0,0.2797,590.0,0.2801,212.0,0.2802,2325.0
1753520823657,09:07:03.657,1INCH/USDT:USDT,0.2798,221.0,0.2797,590.0,0.2801,212.0,0.2802,2325.0
1753520825661,09:07:05.661,1INCH/USDT:USDT,0.2798,221.0,0.2797,590.0,0.2801,212.0,0.2802,2325.0
1753520827558,09:07:07.558,1INCH/USDT:USDT,0.2798,221.0,0.2797,590.0,0.2801,212.0,0.2802,2325.0
1753520827592,09:07:07.592,1INCH/USDT:USDT,0.2798,221.0,0.2797,590.0,0.2801,212.0,0.2802,2325.0
1753520830463,09:07:10.463,1INCH/USDT:USDT,0.2798,221.0,0.2797,590.0,0.2801,212.0,0.2802,2325.0
1753520830750,09:07:10.750,1INCH/USDT:USDT,0.2798,221.0,0.2797,590.0,0.2801,212.0,0.2802,2325.0
1753520835262,09:07:15.262,1INCH/USDT:USDT,0.2798,221.0,0.2797,590.0,0.2801,212.0,0.2802,2325.0
1753520836041,09:07:16.041,1INCH/USDT:USDT,0.2798,221.0,0.2797,590.0,0.2801,212.0,0.2802,2325.0
1753520837011,09:07:17.011,1INCH/USDT:USDT,0.2798,221.0,0.2797,590.0,0.2801,212.0,0.2802,2325.0
1753520840062,09:07:20.062,1INCH/USDT:USDT,0.2798,221.0,0.2797,590.0,0.2801,212.0,0.2802,2325.0
1753520844449,09:07:24.449,1INCH/USDT:USDT,0.2798,221.0,0.2797,518.0,0.28,218.0,0.2801,939.0
1753520844569,09:07:24.569,1INCH/USDT:USDT,0.2798,221.0,0.2797,590.0,0.2801,212.0,0.2802,2325.0
1753520844661,09:07:24.661,1INCH/USDT:USDT,0.2798,221.0,0.2797,590.0,0.2801,212.0,0.2802,2325.0
1753520844862,09:07:24.862,1INCH/USDT:USDT,0.2798,221.0,0.2797,590.0,0.2801,212.0,0.2802,2325.0
1753520847367,09:07:27.367,1INCH/USDT:USDT,0.2798,221.0,0.2797,590.0,0.2801,212.0,0.2802,2325.0
1753520847780,09:07:27.780,1INCH/USDT:USDT,0.2798,221.0,0.2797,590.0,0.2801,212.0,0.2802,2325.0
1753520849662,09:07:29.662,1INCH/USDT:USDT,0.2798,221.0,0.2797,590.0,0.2801,212.0,0.2802,2325.0
1753520851303,09:07:31.303,1INCH/USDT:USDT,0.2798,221.0,0.2797,590.0,0.2801,212.0,0.2802,2325.0
1753520854462,09:07:34.462,1INCH/USDT:USDT,0.2798,221.0,0.2797,590.0,0.2801,212.0,0.2802,2325.0
1753520855371,09:07:35.371,1INCH/USDT:USDT,0.2798,221.0,0.2797,2405.0,0.2801,212.0,0.2802,510.0
1753520855427,09:07:35.427,1INCH/USDT:USDT,0.2799,211.0,0.2798,948.0,0.2801,212.0,0.2802,510.0
1753520855524,09:07:35.524,1INCH/USDT:USDT,0.2799,211.0,0.2798,948.0,0.2801,212.0,0.2802,510.0
1753520855852,09:07:35.852,1INCH/USDT:USDT,0.2799,211.0,0.2798,948.0,0.2801,212.0,0.2802,510.0
1753520856278,09:07:36.278,1INCH/USDT:USDT,0.2799,211.0,0.2798,948.0,0.2801,212.0,0.2802,510.0
1753520856604,09:07:36.604,1INCH/USDT:USDT,0.2799,211.0,0.2798,948.0,0.2801,212.0,0.2802,510.0
1753520858956,09:07:38.956,1INCH/USDT:USDT,0.2799,211.0,0.2798,948.0,0.2801,212.0,0.2802,510.0
1753520859262,09:07:39.262,1INCH/USDT:USDT,0.2799,211.0,0.2798,948.0,0.2801,212.0,0.2802,510.0
1753520859548,09:07:39.548,1INCH/USDT:USDT,0.2799,211.0,0.2798,948.0,0.2801,212.0,0.2802,510.0
1753520860349,09:07:40.349,1INCH/USDT:USDT,0.2799,211.0,0.2798,948.0,0.2801,212.0,0.2802,510.0
1753520860381,09:07:40.381,1INCH/USDT:USDT,0.2799,211.0,0.2798,948.0,0.2801,212.0,0.2802,510.0
1753520860805,09:07:40.805,1INCH/USDT:USDT,0.2799,211.0,0.2798,948.0,0.2801,212.0,0.2802,510.0
1753520861456,09:07:41.456,1INCH/USDT:USDT,0.2798,948.0,0.2797,590.0,0.2801,212.0,0.2802,510.0
1753520861570,09:07:41.570,1INCH/USDT:USDT,0.2798,221.0,0.2797,518.0,0.28,217.0,0.2801,212.0
1753520861655,09:07:41.655,1INCH/USDT:USDT,0.2798,221.0,0.2797,518.0,0.2801,212.0,0.2802,2325.0
1753520861728,09:07:41.728,1INCH/USDT:USDT,0.2798,221.0,0.2797,590.0,0.2801,212.0,0.2802,2325.0
1753520861985,09:07:41.985,1INCH/USDT:USDT,0.2798,221.0,0.2797,590.0,0.28,217.0,0.2801,512.0
1753520862131,09:07:42.131,1INCH/USDT:USDT,0.2798,221.0,0.2797,518.0,0.28,217.0,0.2801,512.0
1753520862394,09:07:42.394,1INCH/USDT:USDT,0.2798,221.0,0.2797,518.0,0.28,217.0,0.2801,512.0
1753520864063,09:07:44.063,1INCH/USDT:USDT,0.2798,221.0,0.2797,518.0,0.28,217.0,0.2801,512.0
1753520864421,09:07:44.421,1INCH/USDT:USDT,0.2798,221.0,0.2797,518.0,0.28,217.0,0.2801,512.0
1753520864866,09:07:44.866,1INCH/USDT:USDT,0.2798,221.0,0.2797,518.0,0.28,217.0,0.2801,512.0
1753520868156,09:07:48.156,1INCH/USDT:USDT,0.2798,221.0,0.2797,590.0,0.2801,512.0,0.2802,510.0
1753520868250,09:07:48.250,1INCH/USDT:USDT,0.2798,221.0,0.2797,590.0,0.2801,512.0,0.2802,510.0
1753520868454,09:07:48.454,1INCH/USDT:USDT,0.2798,221.0,0.2797,590.0,0.2801,512.0,0.2802,2325.0
1753520868862,09:07:48.862,1INCH/USDT:USDT,0.2798,221.0,0.2797,590.0,0.2801,512.0,0.2802,2325.0
1753520869303,09:07:49.303,1INCH/USDT:USDT,0.2798,221.0,0.2797,590.0,0.2801,512.0,0.2802,510.0
1753520869446,09:07:49.446,1INCH/USDT:USDT,0.2799,220.0,0.2798,948.0,0.2801,512.0,0.2802,510.0
1753520869661,09:07:49.661,1INCH/USDT:USDT,0.2799,220.0,0.2798,948.0,0.2801,512.0,0.2802,510.0
1753520869912,09:07:49.912,1INCH/USDT:USDT,0.2799,220.0,0.2798,948.0,0.2801,512.0,0.2802,510.0
1753520872188,09:07:52.188,1INCH/USDT:USDT,0.2799,220.0,0.2798,948.0,0.2801,512.0,0.2802,510.0
1753520873662,09:07:53.662,1INCH/USDT:USDT,0.2799,220.0,0.2798,948.0,0.2801,512.0,0.2802,510.0
1753520874010,09:07:54.010,1INCH/USDT:USDT,0.2799,220.0,0.2798,948.0,0.2801,512.0,0.2802,510.0
1753520874163,09:07:54.163,1INCH/USDT:USDT,0.2799,220.0,0.2798,948.0,0.2801,512.0,0.2802,510.0
1753520876156,09:07:56.156,1INCH/USDT:USDT,0.2799,220.0,0.2798,948.0,0.2801,300.0,0.2802,510.0
1753520876686,09:07:56.686,1INCH/USDT:USDT,0.2799,220.0,0.2798,948.0,0.2801,300.0,0.2802,510.0
1753520876804,09:07:56.804,1INCH/USDT:USDT,0.2799,220.0,0.2798,948.0,0.2801,300.0,0.2802,510.0
1753520877766,09:07:57.766,1INCH/USDT:USDT,0.2799,220.0,0.2798,948.0,0.2801,300.0,0.2802,510.0
1753520877929,09:07:57.929,1INCH/USDT:USDT,0.2799,220.0,0.2798,948.0,0.2801,300.0,0.2802,510.0
1753520878463,09:07:58.463,1INCH/USDT:USDT,0.2799,220.0,0.2798,948.0,0.2801,300.0,0.2802,510.0
1753520878835,09:07:58.835,1INCH/USDT:USDT,0.2799,220.0,0.2798,948.0,0.2801,300.0,0.2802,510.0
1753520879041,09:07:59.041,1INCH/USDT:USDT,0.2799,220.0,0.2798,948.0,0.2801,300.0,0.2802,510.0
1753520880132,09:08:00.132,1INCH/USDT:USDT,0.2799,220.0,0.2798,1020.0,0.2802,510.0,0.2803,1245.0
1753520881251,09:08:01.251,1INCH/USDT:USDT,0.2799,220.0,0.2798,1020.0,0.2802,510.0,0.2803,1245.0
1753520881368,09:08:01.368,1INCH/USDT:USDT,0.2799,220.0,0.2798,1020.0,0.2802,510.0,0.2803,518.0
1753520881461,09:08:01.461,1INCH/USDT:USDT,0.2799,220.0,0.2798,1020.0,0.2802,510.0,0.2803,1245.0
1753520881581,09:08:01.581,1INCH/USDT:USDT,0.2799,220.0,0.2798,1020.0,0.2802,510.0,0.2803,1245.0
1753520882605,09:08:02.605,1INCH/USDT:USDT,0.2799,220.0,0.2798,1020.0,0.2802,510.0,0.2803,1245.0
1753520883263,09:08:03.263,1INCH/USDT:USDT,0.2799,220.0,0.2798,1020.0,0.2802,510.0,0.2803,1245.0
1753520884061,09:08:04.061,1INCH/USDT:USDT,0.2799,220.0,0.2798,1020.0,0.2802,510.0,0.2803,1245.0
1753520884083,09:08:04.083,1INCH/USDT:USDT,0.2799,220.0,0.2798,1020.0,0.2802,510.0,0.2803,1245.0
1753520884229,09:08:04.229,1INCH/USDT:USDT,0.2799,220.0,0.2798,1020.0,0.2802,510.0,0.2803,1245.0
1753520884306,09:08:04.306,1INCH/USDT:USDT,0.2799,220.0,0.2798,1020.0,0.2802,510.0,0.2803,1245.0
1753520884979,09:08:04.979,1INCH/USDT:USDT,0.2799,220.0,0.2798,1020.0,0.2802,510.0,0.2803,1245.0
1753520885605,09:08:05.605,1INCH/USDT:USDT,0.2799,220.0,0.2798,1020.0,0.2802,510.0,0.2803,1245.0
1753520886399,09:08:06.399,1INCH/USDT:USDT,0.2799,220.0,0.2798,1020.0,0.2802,510.0,0.2803,1245.0
1753520886772,09:08:06.772,1INCH/USDT:USDT,0.2799,220.0,0.2798,948.0,0.2801,214.0,0.2802,510.0
1753520886780,09:08:06.780,1INCH/USDT:USDT,0.2799,220.0,0.2798,948.0,0.2801,214.0,0.2802,510.0
1753520886979,09:08:06.979,1INCH/USDT:USDT,0.2799,220.0,0.2798,948.0,0.2801,214.0,0.2802,510.0
1753520887181,09:08:07.181,1INCH/USDT:USDT,0.2799,220.0,0.2798,948.0,0.2801,214.0,0.2802,510.0
1753520888063,09:08:08.063,1INCH/USDT:USDT,0.2799,220.0,0.2798,948.0,0.2801,214.0,0.2802,510.0
1753520890426,09:08:10.426,1INCH/USDT:USDT,0.2799,220.0,0.2798,948.0,0.2801,214.0,0.2802,510.0
1753520892863,09:08:12.863,1INCH/USDT:USDT,0.2799,220.0,0.2798,948.0,0.2801,214.0,0.2802,510.0
1753520895448,09:08:15.448,1INCH/USDT:USDT,0.2799,220.0,0.2798,1020.0,0.2802,510.0,0.2803,1245.0
1753520895844,09:08:15.844,1INCH/USDT:USDT,0.2799,220.0,0.2798,1020.0,0.2802,510.0,0.2803,1245.0
1753520896569,09:08:16.569,1INCH/USDT:USDT,0.2799,220.0,0.2798,1020.0,0.2802,510.0,0.2803,1245.0
1753520897663,09:08:17.663,1INCH/USDT:USDT,0.2799,220.0,0.2798,1020.0,0.2802,510.0,0.2803,1245.0
1753520899672,09:08:19.672,1INCH/USDT:USDT,0.2799,220.0,0.2798,1020.0,0.2801,219.0,0.2802,510.0
1753520899688,09:08:19.688,1INCH/USDT:USDT,0.2799,220.0,0.2798,948.0,0.2801,219.0,0.2802,510.0
1753520899892,09:08:19.892,1INCH/USDT:USDT,0.2799,220.0,0.2798,948.0,0.2801,219.0,0.2802,510.0
1753520900591,09:08:20.591,1INCH/USDT:USDT,0.2799,220.0,0.2798,948.0,0.2801,219.0,0.2802,510.0
1753520900710,09:08:20.710,1INCH/USDT:USDT,0.2799,220.0,0.2798,948.0,0.2801,219.0,0.2802,510.0
1753520901123,09:08:21.123,1INCH/USDT:USDT,0.2799,220.0,0.2798,948.0,0.2801,219.0,0.2802,510.0
1753520902463,09:08:22.463,1INCH/USDT:USDT,0.2799,220.0,0.2798,948.0,0.2801,219.0,0.2802,510.0
1753520907264,09:08:27.264,1INCH/USDT:USDT,0.2799,220.0,0.2798,948.0,0.2801,219.0,0.2802,510.0
1753520907466,09:08:27.466,1INCH/USDT:USDT,0.2799,220.0,0.2798,948.0,0.2801,219.0,0.2802,510.0
1753520912066,09:08:32.066,1INCH/USDT:USDT,0.2799,220.0,0.2798,948.0,0.2801,219.0,0.2802,510.0
1753520912082,09:08:32.082,1INCH/USDT:USDT,0.2799,220.0,0.2798,948.0,0.2801,219.0,0.2802,510.0
1753520916863,09:08:36.863,1INCH/USDT:USDT,0.2799,220.0,0.2798,948.0,0.2801,219.0,0.2802,510.0
1753520921665,09:08:41.665,1INCH/USDT:USDT,0.2799,220.0,0.2798,948.0,0.2801,219.0,0.2802,510.0
1753520921691,09:08:41.691,1INCH/USDT:USDT,0.2799,220.0,0.2798,948.0,0.2801,219.0,0.2802,510.0
1753520922061,09:08:42.061,1INCH/USDT:USDT,0.2799,220.0,0.2798,948.0,0.2801,219.0,0.2802,510.0
1753520926464,09:08:46.464,1INCH/USDT:USDT,0.2799,220.0,0.2798,948.0,0.2801,219.0,0.2802,510.0
1753520930442,09:08:50.442,1INCH/USDT:USDT,0.2798,948.0,0.2797,590.0,0.2801,219.0,0.2802,2325.0
1753520930534,09:08:50.534,1INCH/USDT:USDT,0.2798,948.0,0.2797,590.0,0.2801,219.0,0.2802,2325.0
1753520931264,09:08:51.264,1INCH/USDT:USDT,0.2798,948.0,0.2797,590.0,0.2801,219.0,0.2802,510.0
1753520931548,09:08:51.548,1INCH/USDT:USDT,0.2799,216.0,0.2798,948.0,0.2801,219.0,0.2802,510.0
1753520931705,09:08:51.705,1INCH/USDT:USDT,0.2799,216.0,0.2798,948.0,0.2801,219.0,0.2802,510.0
1753520933439,09:08:53.439,1INCH/USDT:USDT,0.2798,948.0,0.2797,590.0,0.2801,219.0,0.2802,510.0
1753520933728,09:08:53.728,1INCH/USDT:USDT,0.2798,948.0,0.2797,590.0,0.2801,219.0,0.2802,510.0
1753520935204,09:08:55.204,1INCH/USDT:USDT,0.2799,216.0,0.2798,948.0,0.2801,219.0,0.2802,510.0
1753520936066,09:08:56.066,1INCH/USDT:USDT,0.2799,216.0,0.2798,221.0,0.2801,219.0,0.2802,510.0
1753520936079,09:08:56.079,1INCH/USDT:USDT,0.2798,221.0,0.2797,590.0,0.2801,219.0,0.2802,510.0
1753520936553,09:08:56.553,1INCH/USDT:USDT,0.2798,221.0,0.2797,590.0,0.2801,219.0,0.2802,510.0
1753520936968,09:08:56.968,1INCH/USDT:USDT,0.2798,221.0,0.2797,590.0,0.2801,219.0,0.2802,510.0
1753520937112,09:08:57.112,1INCH/USDT:USDT,0.2799,216.0,0.2798,948.0,0.2801,219.0,0.2802,510.0
1753520937258,09:08:57.258,1INCH/USDT:USDT,0.2799,216.0,0.2798,948.0,0.2802,510.0,0.2803,1245.0
1753520937358,09:08:57.358,1INCH/USDT:USDT,0.2799,216.0,0.2798,1020.0,0.2802,510.0,0.2803,1245.0
1753520938426,09:08:58.426,1INCH/USDT:USDT,0.2799,216.0,0.2798,1020.0,0.2802,510.0,0.2803,1245.0
1753520939723,09:08:59.723,1INCH/USDT:USDT,0.2799,216.0,0.2798,948.0,0.2801,211.0,0.2802,510.0
1753520940171,09:09:00.171,1INCH/USDT:USDT,0.2799,216.0,0.2798,1020.0,0.2802,510.0,0.2803,1245.0
1753520940865,09:09:00.865,1INCH/USDT:USDT,0.2799,216.0,0.2798,1020.0,0.2802,510.0,0.2803,1245.0
1753520941250,09:09:01.250,1INCH/USDT:USDT,0.2799,216.0,0.2798,948.0,0.2801,211.0,0.2802,510.0
1753520941908,09:09:01.908,1INCH/USDT:USDT,0.2799,216.0,0.2798,1020.0,0.2802,510.0,0.2803,1245.0
1753520943558,09:09:03.558,1INCH/USDT:USDT,0.2799,216.0,0.2798,1020.0,0.2802,210.0,0.2803,1245.0
1753520943611,09:09:03.611,1INCH/USDT:USDT,0.2799,216.0,0.2798,1020.0,0.2802,210.0,0.2803,518.0
1753520943770,09:09:03.770,1INCH/USDT:USDT,0.2799,216.0,0.2798,1020.0,0.2802,210.0,0.2803,1245.0
1753520943861,09:09:03.861,1INCH/USDT:USDT,0.2799,216.0,0.2798,1020.0,0.2802,210.0,0.2803,1245.0
1753520943981,09:09:03.981,1INCH/USDT:USDT,0.2799,216.0,0.2798,1020.0,0.2802,210.0,0.2803,1245.0
1753520945664,09:09:05.664,1INCH/USDT:USDT,0.2799,216.0,0.2798,1020.0,0.2802,210.0,0.2803,1245.0
1753520950464,09:09:10.464,1INCH/USDT:USDT,0.2799,216.0,0.2798,1020.0,0.2802,210.0,0.2803,1245.0
1753520950490,09:09:10.490,1INCH/USDT:USDT,0.2799,216.0,0.2798,1020.0,0.2802,210.0,0.2803,1245.0
1753520951556,09:09:11.556,1INCH/USDT:USDT,0.2799,216.0,0.2798,1020.0,0.2802,210.0,0.2803,1245.0
1753520953861,09:09:13.861,1INCH/USDT:USDT,0.2799,216.0,0.2798,1020.0,0.2802,210.0,0.2803,1245.0
1753520954051,09:09:14.051,1INCH/USDT:USDT,0.2799,216.0,0.2798,1020.0,0.2802,210.0,0.2803,1245.0
1753520955272,09:09:15.272,1INCH/USDT:USDT,0.2799,216.0,0.2798,1020.0,0.2802,210.0,0.2803,1245.0
1753520956251,09:09:16.251,1INCH/USDT:USDT,0.2799,216.0,0.2798,1020.0,0.2802,210.0,0.2803,1245.0
1753520956275,09:09:16.275,1INCH/USDT:USDT,0.2799,216.0,0.2798,1020.0,0.2802,210.0,0.2803,1245.0
1753520960065,09:09:20.065,1INCH/USDT:USDT,0.2799,216.0,0.2798,1020.0,0.2802,210.0,0.2803,1245.0
1753520963446,09:09:23.446,1INCH/USDT:USDT,0.2799,216.0,0.2798,1020.0,0.2802,210.0,0.2803,1245.0
1753520964865,09:09:24.865,1INCH/USDT:USDT,0.2799,216.0,0.2798,1020.0,0.2802,210.0,0.2803,1245.0
1753520965174,09:09:25.174,1INCH/USDT:USDT,0.2799,216.0,0.2798,1020.0,0.2802,210.0,0.2803,518.0
1753520965192,09:09:25.192,1INCH/USDT:USDT,0.2799,216.0,0.2798,1020.0,0.2803,518.0,0.2804,2326.0
1753520965322,09:09:25.322,1INCH/USDT:USDT,0.2799,216.0,0.2798,1020.0,0.2802,221.0,0.2803,518.0
1753520965819,09:09:25.819,1INCH/USDT:USDT,0.2799,216.0,0.2798,1020.0,0.2802,221.0,0.2803,518.0
1753520968639,09:09:28.639,1INCH/USDT:USDT,0.28,221.0,0.2799,217.0,0.2802,221.0,0.2803,518.0
1753520968766,09:09:28.766,1INCH/USDT:USDT,0.28,221.0,0.2799,216.0,0.2802,221.0,0.2803,518.0
1753520968791,09:09:28.791,1INCH/USDT:USDT,0.2799,216.0,0.2798,1020.0,0.2802,221.0,0.2803,518.0
1753520969665,09:09:29.665,1INCH/USDT:USDT,0.28,218.0,0.2799,217.0,0.2802,221.0,0.2803,518.0
1753520969737,09:09:29.737,1INCH/USDT:USDT,0.28,218.0,0.2799,216.0,0.2802,221.0,0.2803,518.0
1753520969790,09:09:29.790,1INCH/USDT:USDT,0.2799,216.0,0.2798,1020.0,0.2802,221.0,0.2803,518.0
1753520969947,09:09:29.947,1INCH/USDT:USDT,0.28,218.0,0.2799,217.0,0.2802,221.0,0.2803,518.0
1753520970036,09:09:30.036,1INCH/USDT:USDT,0.28,218.0,0.2799,216.0,0.2802,221.0,0.2803,518.0
1753520970099,09:09:30.099,1INCH/USDT:USDT,0.2799,216.0,0.2798,1020.0,0.2802,221.0,0.2803,518.0
1753520970337,09:09:30.337,1INCH/USDT:USDT,0.28,218.0,0.2799,217.0,0.2802,221.0,0.2803,518.0
1753520970434,09:09:30.434,1INCH/USDT:USDT,0.28,218.0,0.2799,216.0,0.2802,221.0,0.2803,518.0
1753520970489,09:09:30.489,1INCH/USDT:USDT,0.2799,216.0,0.2798,1020.0,0.2802,221.0,0.2803,518.0
1753520972767,09:09:32.767,1INCH/USDT:USDT,0.28,727.0,0.2799,216.0,0.2802,221.0,0.2803,518.0
1753520972798,09:09:32.798,1INCH/USDT:USDT,0.28,727.0,0.2799,216.0,0.2802,221.0,0.2803,518.0
1753520973068,09:09:33.068,1INCH/USDT:USDT,0.2801,218.0,0.28,727.0,0.2803,518.0,0.2804,2326.0
1753520973147,09:09:33.147,1INCH/USDT:USDT,0.2801,218.0,0.28,727.0,0.2803,518.0,0.2804,2326.0
1753520973275,09:09:33.275,1INCH/USDT:USDT,0.2801,218.0,0.28,727.0,0.2803,518.0,0.2804,2326.0
1753520973358,09:09:33.358,1INCH/USDT:USDT,0.2801,218.0,0.28,727.0,0.2803,518.0,0.2804,2326.0
1753520974269,09:09:34.269,1INCH/USDT:USDT,0.2801,218.0,0.2799,288.0,0.2803,518.0,0.2804,2326.0
1753520974360,09:09:34.360,1INCH/USDT:USDT,0.2801,218.0,0.2799,288.0,0.2803,518.0,0.2804,2326.0
1753520974470,09:09:34.470,1INCH/USDT:USDT,0.2801,218.0,0.2799,288.0,0.2803,518.0,0.2804,2326.0
1753520974719,09:09:34.719,1INCH/USDT:USDT,0.2801,218.0,0.2799,588.0,0.2803,518.0,0.2804,2326.0
1753520974992,09:09:34.992,1INCH/USDT:USDT,0.28,218.0,0.2799,516.0,0.2802,218.0,0.2803,518.0
1753520975291,09:09:35.291,1INCH/USDT:USDT,0.28,218.0,0.2799,516.0,0.2802,218.0,0.2803,518.0
1753520975708,09:09:35.708,1INCH/USDT:USDT,0.28,218.0,0.2799,516.0,0.2802,218.0,0.2803,518.0
1753520978671,09:09:38.671,1INCH/USDT:USDT,0.28,218.0,0.2799,516.0,0.2802,218.0,0.2803,518.0
1753520978701,09:09:38.701,1INCH/USDT:USDT,0.28,218.0,0.2799,516.0,0.2802,218.0,0.2803,518.0
1753520979265,09:09:39.265,1INCH/USDT:USDT,0.28,218.0,0.2799,516.0,0.2802,218.0,0.2803,518.0
1753520984067,09:09:44.067,1INCH/USDT:USDT,0.28,218.0,0.2799,516.0,0.2802,218.0,0.2803,518.0
1753520984364,09:09:44.364,1INCH/USDT:USDT,0.28,218.0,0.2799,516.0,0.2802,218.0,0.2803,518.0
1753520984393,09:09:44.393,1INCH/USDT:USDT,0.28,218.0,0.2799,516.0,0.2802,218.0,0.2803,518.0
1753520984570,09:09:44.570,1INCH/USDT:USDT,0.28,218.0,0.2799,588.0,0.2803,518.0,0.2804,2326.0
1753520985011,09:09:45.011,1INCH/USDT:USDT,0.28,218.0,0.2799,516.0,0.2802,211.0,0.2803,518.0
1753520985385,09:09:45.385,1INCH/USDT:USDT,0.28,218.0,0.2799,516.0,0.2802,211.0,0.2803,518.0
1753520985950,09:09:45.950,1INCH/USDT:USDT,0.28,218.0,0.2799,516.0,0.2802,211.0,0.2803,518.0
1753520988865,09:09:48.865,1INCH/USDT:USDT,0.28,218.0,0.2799,516.0,0.2802,211.0,0.2803,518.0
1753520991620,09:09:51.620,1INCH/USDT:USDT,0.28,218.0,0.2799,516.0,0.2802,211.0,0.2803,518.0
1753520991721,09:09:51.721,1INCH/USDT:USDT,0.28,218.0,0.2799,516.0,0.2802,211.0,0.2803,518.0
1753520993667,09:09:53.667,1INCH/USDT:USDT,0.28,218.0,0.2799,516.0,0.2802,211.0,0.2803,518.0
1753520994995,09:09:54.995,1INCH/USDT:USDT,0.28,218.0,0.2799,516.0,0.2802,211.0,0.2803,518.0
1753520995240,09:09:55.240,1INCH/USDT:USDT,0.28,218.0,0.2799,516.0,0.2802,211.0,0.2803,518.0
1753520995361,09:09:55.361,1INCH/USDT:USDT,0.28,218.0,0.2799,516.0,0.2802,211.0,0.2803,518.0
1753520998465,09:09:58.465,1INCH/USDT:USDT,0.28,218.0,0.2799,516.0,0.2802,211.0,0.2803,518.0
1753521003265,09:10:03.265,1INCH/USDT:USDT,0.28,218.0,0.2799,516.0,0.2802,211.0,0.2803,518.0
1753521006181,09:10:06.181,1INCH/USDT:USDT,0.28,218.0,0.2799,516.0,0.2802,211.0,0.2803,518.0
1753521008066,09:10:08.066,1INCH/USDT:USDT,0.28,218.0,0.2799,516.0,0.2802,211.0,0.2803,518.0
1753521008092,09:10:08.092,1INCH/USDT:USDT,0.28,218.0,0.2799,516.0,0.2802,211.0,0.2803,518.0
1753521010669,09:10:10.669,1INCH/USDT:USDT,0.28,218.0,0.2799,588.0,0.2803,518.0,0.2804,2326.0
1753521010762,09:10:10.762,1INCH/USDT:USDT,0.28,218.0,0.2799,588.0,0.2803,518.0,0.2804,2326.0
1753521012866,09:10:12.866,1INCH/USDT:USDT,0.28,218.0,0.2799,588.0,0.2803,518.0,0.2804,2326.0
1753521013641,09:10:13.641,1INCH/USDT:USDT,0.28,218.0,0.2799,516.0,0.2802,214.0,0.2803,518.0
1753521013790,09:10:13.790,1INCH/USDT:USDT,0.28,218.0,0.2799,516.0,0.2802,214.0,0.2803,518.0
1753521014008,09:10:14.008,1INCH/USDT:USDT,0.28,218.0,0.2799,516.0,0.2802,214.0,0.2803,518.0
1753521014427,09:10:14.427,1INCH/USDT:USDT,0.28,218.0,0.2799,516.0,0.2802,214.0,0.2803,518.0
1753521015054,09:10:15.054,1INCH/USDT:USDT,0.28,218.0,0.2799,516.0,0.2803,518.0,0.2804,2326.0
1753521015182,09:10:15.182,1INCH/USDT:USDT,0.28,218.0,0.2799,588.0,0.2803,518.0,0.2804,2326.0
1753521016297,09:10:16.297,1INCH/USDT:USDT,0.28,218.0,0.2799,588.0,0.2803,518.0,0.2804,2326.0
1753521016466,09:10:16.466,1INCH/USDT:USDT,0.28,218.0,0.2799,588.0,0.2803,518.0,0.2804,2326.0
1753521017150,09:10:17.150,1INCH/USDT:USDT,0.28,218.0,0.2799,588.0,0.2803,518.0,0.2804,2326.0
1753521017666,09:10:17.666,1INCH/USDT:USDT,0.28,218.0,0.2799,588.0,0.2803,518.0,0.2804,2326.0
1753521020109,09:10:20.109,1INCH/USDT:USDT,0.28,218.0,0.2799,516.0,0.2802,211.0,0.2803,518.0
1753521020509,09:10:20.509,1INCH/USDT:USDT,0.28,218.0,0.2799,588.0,0.2803,518.0,0.2804,2326.0
1753521020666,09:10:20.666,1INCH/USDT:USDT,0.28,218.0,0.2799,588.0,0.2802,211.0,0.2803,518.0
1753521020728,09:10:20.728,1INCH/USDT:USDT,0.28,218.0,0.2799,516.0,0.2802,211.0,0.2803,518.0
1753521021770,09:10:21.770,1INCH/USDT:USDT,0.28,218.0,0.2799,516.0,0.2803,518.0,0.2804,2326.0
1753521021793,09:10:21.793,1INCH/USDT:USDT,0.28,218.0,0.2799,588.0,0.2803,518.0,0.2804,2326.0
1753521022466,09:10:22.466,1INCH/USDT:USDT,0.28,218.0,0.2799,588.0,0.2803,518.0,0.2804,2326.0
1753521023874,09:10:23.874,1INCH/USDT:USDT,0.2801,211.0,0.28,946.0,0.2803,218.0,0.2804,511.0
1753521023934,09:10:23.934,1INCH/USDT:USDT,0.2801,211.0,0.28,945.0,0.2803,218.0,0.2804,511.0
1753521024039,09:10:24.039,1INCH/USDT:USDT,0.2801,211.0,0.28,1017.0,0.2804,511.0,0.2805,9877.0
1753521024104,09:10:24.104,1INCH/USDT:USDT,0.2801,211.0,0.28,1017.0,0.2804,511.0,0.2805,9877.0
1753521024700,09:10:24.700,1INCH/USDT:USDT,0.2801,211.0,0.28,1017.0,0.2804,511.0,0.2805,9877.0
1753521024823,09:10:24.823,1INCH/USDT:USDT,0.2801,211.0,0.28,945.0,0.2803,211.0,0.2804,511.0
1753521024926,09:10:24.926,1INCH/USDT:USDT,0.2801,211.0,0.28,945.0,0.2803,211.0,0.2804,511.0
1753521025249,09:10:25.249,1INCH/USDT:USDT,0.2801,211.0,0.28,945.0,0.2803,211.0,0.2804,511.0
1753521027267,09:10:27.267,1INCH/USDT:USDT,0.2801,211.0,0.28,945.0,0.2803,211.0,0.2804,511.0
1753521027648,09:10:27.648,1INCH/USDT:USDT,0.2801,211.0,0.28,1017.0,0.2804,511.0,0.2805,9877.0
1753521027771,09:10:27.771,1INCH/USDT:USDT,0.2801,211.0,0.28,1017.0,0.2803,211.0,0.2804,511.0
1753521027854,09:10:27.854,1INCH/USDT:USDT,0.2801,211.0,0.28,945.0,0.2803,211.0,0.2804,511.0
1753521028196,09:10:28.196,1INCH/USDT:USDT,0.2801,211.0,0.28,945.0,0.2803,211.0,0.2804,511.0
1753521032068,09:10:32.068,1INCH/USDT:USDT,0.2801,211.0,0.28,945.0,0.2803,211.0,0.2804,511.0
1753521034306,09:10:34.306,1INCH/USDT:USDT,0.2801,211.0,0.28,945.0,0.2803,211.0,0.2804,511.0
1753521034645,09:10:34.645,1INCH/USDT:USDT,0.2801,211.0,0.28,945.0,0.2803,211.0,0.2804,511.0
1753521035039,09:10:35.039,1INCH/USDT:USDT,0.2801,211.0,0.28,945.0,0.2803,211.0,0.2804,511.0
1753521036027,09:10:36.027,1INCH/USDT:USDT,0.2801,211.0,0.28,945.0,0.2803,211.0,0.2804,511.0
1753521036274,09:10:36.274,1INCH/USDT:USDT,0.2801,211.0,0.28,945.0,0.2803,211.0,0.2804,511.0
1753521036867,09:10:36.867,1INCH/USDT:USDT,0.2801,211.0,0.28,945.0,0.2803,211.0,0.2804,511.0
1753521041667,09:10:41.667,1INCH/USDT:USDT,0.2801,211.0,0.28,945.0,0.2803,211.0,0.2804,511.0
1753521041869,09:10:41.869,1INCH/USDT:USDT,0.28,945.0,0.2799,2403.0,0.2803,211.0,0.2804,511.0
1753521041960,09:10:41.960,1INCH/USDT:USDT,0.28,945.0,0.2799,2403.0,0.2803,211.0,0.2804,511.0
1753521043701,09:10:43.701,1INCH/USDT:USDT,0.28,218.0,0.2799,2403.0,0.2803,211.0,0.2804,511.0
1753521043947,09:10:43.947,1INCH/USDT:USDT,0.28,218.0,0.2799,2403.0,0.2803,211.0,0.2804,511.0
1753521045244,09:10:45.244,1INCH/USDT:USDT,0.2801,219.0,0.28,945.0,0.2803,211.0,0.2804,511.0
1753521045439,09:10:45.439,1INCH/USDT:USDT,0.28,945.0,0.2799,2403.0,0.2803,211.0,0.2804,511.0
1753521045565,09:10:45.565,1INCH/USDT:USDT,0.28,945.0,0.2799,2403.0,0.2803,211.0,0.2804,511.0
1753521045786,09:10:45.786,1INCH/USDT:USDT,0.28,945.0,0.2799,2403.0,0.2803,211.0,0.2804,511.0
1753521046124,09:10:46.124,1INCH/USDT:USDT,0.28,945.0,0.2799,2403.0,0.2803,211.0,0.2804,511.0
1753521046233,09:10:46.233,1INCH/USDT:USDT,0.2801,219.0,0.28,945.0,0.2803,211.0,0.2804,511.0
1753521046467,09:10:46.467,1INCH/USDT:USDT,0.2801,219.0,0.28,945.0,0.2803,211.0,0.2804,511.0
1753521049485,09:10:49.485,1INCH/USDT:USDT,0.28,945.0,0.2799,2403.0,0.2803,211.0,0.2804,511.0
1753521049614,09:10:49.614,1INCH/USDT:USDT,0.28,945.0,0.2799,2403.0,0.2803,211.0,0.2804,511.0
1753521050425,09:10:50.425,1INCH/USDT:USDT,0.2801,213.0,0.28,945.0,0.2803,211.0,0.2804,511.0
1753521051267,09:10:51.267,1INCH/USDT:USDT,0.2801,213.0,0.28,945.0,0.2803,211.0,0.2804,511.0
1753521056067,09:10:56.067,1INCH/USDT:USDT,0.2801,213.0,0.28,945.0,0.2803,211.0,0.2804,511.0
1753521056090,09:10:56.090,1INCH/USDT:USDT,0.2801,213.0,0.28,945.0,0.2803,211.0,0.2804,511.0
1753521057550,09:10:57.550,1INCH/USDT:USDT,0.2801,213.0,0.28,945.0,0.2803,211.0,0.2804,511.0
1753521057680,09:10:57.680,1INCH/USDT:USDT,0.2801,213.0,0.28,945.0,0.2803,211.0,0.2804,511.0
1753521060564,09:11:00.564,1INCH/USDT:USDT,0.2801,213.0,0.28,945.0,0.2803,211.0,0.2804,511.0
1753521060867,09:11:00.867,1INCH/USDT:USDT,0.2801,213.0,0.28,945.0,0.2803,211.0,0.2804,511.0
1753521065669,09:11:05.669,1INCH/USDT:USDT,0.2801,213.0,0.28,945.0,0.2803,211.0,0.2804,511.0
1753521066853,09:11:06.853,1INCH/USDT:USDT,0.2801,213.0,0.28,1017.0,0.2804,511.0,0.2805,1027.0
1753521067349,09:11:07.349,1INCH/USDT:USDT,0.2801,213.0,0.28,945.0,0.2803,217.0,0.2804,511.0
1753521067746,09:11:07.746,1INCH/USDT:USDT,0.2801,213.0,0.28,945.0,0.2803,217.0,0.2804,511.0
1753521068905,09:11:08.905,1INCH/USDT:USDT,0.2801,213.0,0.28,945.0,0.2803,217.0,0.2804,511.0
1753521069372,09:11:09.372,1INCH/USDT:USDT,0.2801,213.0,0.28,945.0,0.2803,217.0,0.2804,511.0
1753521075046,09:11:15.046,1INCH/USDT:USDT,0.2801,213.0,0.28,945.0,0.2803,217.0,0.2804,511.0
1753521075235,09:11:15.235,1INCH/USDT:USDT,0.2801,213.0,0.28,945.0,0.2803,217.0,0.2804,511.0
1753521076972,09:11:16.972,1INCH/USDT:USDT,0.2801,213.0,0.28,945.0,0.2804,511.0,0.2805,1027.0
1753521076990,09:11:16.990,1INCH/USDT:USDT,0.2801,213.0,0.28,1017.0,0.2804,511.0,0.2805,1027.0
1753521079067,09:11:19.067,1INCH/USDT:USDT,0.2801,213.0,0.28,1017.0,0.2804,511.0,0.2805,1027.0
1753521079859,09:11:19.859,1INCH/USDT:USDT,0.2802,213.0,0.2801,2028.0,0.2804,511.0,0.2805,1027.0
1753521079973,09:11:19.973,1INCH/USDT:USDT,0.2802,213.0,0.2801,2028.0,0.2804,511.0,0.2805,1027.0
1753521080246,09:11:20.246,1INCH/USDT:USDT,0.2802,213.0,0.2801,2028.0,0.2804,511.0,0.2805,1027.0
1753521080400,09:11:20.400,1INCH/USDT:USDT,0.2802,213.0,0.2801,2028.0,0.2804,511.0,0.2805,1027.0
1753521080519,09:11:20.519,1INCH/USDT:USDT,0.2802,213.0,0.2801,2028.0,0.2804,511.0,0.2805,1027.0
1753521080679,09:11:20.679,1INCH/USDT:USDT,0.2802,213.0,0.2801,2028.0,0.2804,511.0,0.2805,1027.0
1753521080959,09:11:20.959,1INCH/USDT:USDT,0.2802,213.0,0.2801,2028.0,0.2804,511.0,0.2805,1027.0
1753521081494,09:11:21.494,1INCH/USDT:USDT,0.2802,213.0,0.2801,2028.0,0.2804,511.0,0.2805,1027.0
1753521083868,09:11:23.868,1INCH/USDT:USDT,0.2802,213.0,0.2801,2028.0,0.2804,511.0,0.2805,1027.0
1753521084249,09:11:24.249,1INCH/USDT:USDT,0.2802,213.0,0.2801,2028.0,0.2804,511.0,0.2805,1027.0
1753521084747,09:11:24.747,1INCH/USDT:USDT,0.2802,213.0,0.2801,2028.0,0.2804,511.0,0.2805,1027.0
1753521086950,09:11:26.950,1INCH/USDT:USDT,0.2802,213.0,0.2801,2100.0,0.2805,513.0,0.2806,511.0
1753521087054,09:11:27.054,1INCH/USDT:USDT,0.2803,1815.0,0.2802,213.0,0.2805,513.0,0.2806,511.0
1753521087133,09:11:27.133,1INCH/USDT:USDT,0.2803,1815.0,0.2802,213.0,0.2805,513.0,0.2806,511.0
1753521087205,09:11:27.205,1INCH/USDT:USDT,0.2802,213.0,0.2801,2100.0,0.2805,1240.0,0.2806,511.0
1753521087369,09:11:27.369,1INCH/USDT:USDT,0.2802,213.0,0.2801,2028.0,0.2804,213.0,0.2805,1240.0
1753521087559,09:11:27.559,1INCH/USDT:USDT,0.2802,213.0,0.2801,2028.0,0.2804,213.0,0.2805,513.0
1753521088172,09:11:28.172,1INCH/USDT:USDT,0.2803,213.0,0.2802,940.0,0.2804,213.0,0.2805,513.0
1753521088189,09:11:28.189,1INCH/USDT:USDT,0.2803,213.0,0.2802,940.0,0.2804,213.0,0.2805,513.0
1753521088381,09:11:28.381,1INCH/USDT:USDT,0.2803,213.0,0.2802,940.0,0.2804,213.0,0.2805,513.0
1753521088668,09:11:28.668,1INCH/USDT:USDT,0.2803,213.0,0.2802,940.0,0.2804,213.0,0.2805,513.0
1753521088978,09:11:28.978,1INCH/USDT:USDT,0.2803,213.0,0.2802,940.0,0.2804,213.0,0.2805,513.0
1753521089156,09:11:29.156,1INCH/USDT:USDT,0.2803,213.0,0.2802,213.0,0.2804,213.0,0.2805,513.0
1753521089209,09:11:29.209,1INCH/USDT:USDT,0.2802,213.0,0.2801,2028.0,0.2804,213.0,0.2805,513.0
1753521089401,09:11:29.401,1INCH/USDT:USDT,0.2802,940.0,0.2801,2028.0,0.2804,213.0,0.2805,513.0
1753521089619,09:11:29.619,1INCH/USDT:USDT,0.2802,940.0,0.2801,2028.0,0.2804,213.0,0.2805,513.0
1753521090225,09:11:30.225,1INCH/USDT:USDT,0.2802,213.0,0.2801,2028.0,0.2804,213.0,0.2805,513.0
1753521090354,09:11:30.354,1INCH/USDT:USDT,0.2802,940.0,0.2801,2028.0,0.2804,213.0,0.2805,513.0
1753521091642,09:11:31.642,1INCH/USDT:USDT,0.2803,214.0,0.2802,940.0,0.2804,213.0,0.2805,513.0
1753521092058,09:11:32.058,1INCH/USDT:USDT,0.2803,214.0,0.2802,940.0,0.2804,213.0,0.2805,513.0
1753521092984,09:11:32.984,1INCH/USDT:USDT,0.2803,214.0,0.2802,940.0,0.2805,513.0,0.2806,511.0
1753521093277,09:11:33.277,1INCH/USDT:USDT,0.2803,214.0,0.2802,940.0,0.2805,513.0,0.2806,511.0
1753521093468,09:11:33.468,1INCH/USDT:USDT,0.2803,214.0,0.2802,940.0,0.2805,513.0,0.2806,511.0
1753521094506,09:11:34.506,1INCH/USDT:USDT,0.2803,214.0,0.2802,940.0,0.2805,513.0,0.2806,511.0
1753521094866,09:11:34.866,1INCH/USDT:USDT,0.2803,214.0,0.2802,940.0,0.2804,214.0,0.2805,513.0
1753521094969,09:11:34.969,1INCH/USDT:USDT,0.2802,213.0,0.2801,2028.0,0.2804,214.0,0.2805,513.0
1753521095100,09:11:35.100,1INCH/USDT:USDT,0.2802,940.0,0.2801,2028.0,0.2804,214.0,0.2805,513.0
1753521095316,09:11:35.316,1INCH/USDT:USDT,0.2802,940.0,0.2801,2028.0,0.2804,214.0,0.2805,513.0
1753521095529,09:11:35.529,1INCH/USDT:USDT,0.2803,214.0,0.2802,940.0,0.2804,214.0,0.2805,513.0
1753521095741,09:11:35.741,1INCH/USDT:USDT,0.2803,214.0,0.2802,940.0,0.2804,214.0,0.2805,513.0
1753521095861,09:11:35.861,1INCH/USDT:USDT,0.2803,214.0,0.2802,940.0,0.2804,214.0,0.2805,513.0
1753521095989,09:11:35.989,1INCH/USDT:USDT,0.2803,214.0,0.2802,940.0,0.2804,214.0,0.2805,513.0
1753521096162,09:11:36.162,1INCH/USDT:USDT,0.2803,214.0,0.2802,940.0,0.2804,214.0,0.2805,513.0
1753521097683,09:11:37.683,1INCH/USDT:USDT,0.2803,214.0,0.2802,940.0,0.2804,214.0,0.2805,513.0
1753521097854,09:11:37.854,1INCH/USDT:USDT,0.2803,214.0,0.2802,940.0,0.2804,214.0,0.2805,513.0
1753521098268,09:11:38.268,1INCH/USDT:USDT,0.2803,214.0,0.2802,940.0,0.2804,214.0,0.2805,513.0
1753521099464,09:11:39.464,1INCH/USDT:USDT,0.2802,940.0,0.2801,2028.0,0.2804,214.0,0.2805,513.0
1753521101560,09:11:41.560,1INCH/USDT:USDT,0.2803,218.0,0.2802,940.0,0.2805,513.0,0.2806,511.0
1753521101651,09:11:41.651,1INCH/USDT:USDT,0.2803,218.0,0.2802,940.0,0.2804,218.0,0.2805,513.0
1753521101707,09:11:41.707,1INCH/USDT:USDT,0.2803,218.0,0.2802,940.0,0.2804,218.0,0.2805,513.0
1753521101788,09:11:41.788,1INCH/USDT:USDT,0.2803,218.0,0.2802,940.0,0.2804,218.0,0.2805,513.0
1753521103069,09:11:43.069,1INCH/USDT:USDT,0.2803,218.0,0.2802,940.0,0.2804,218.0,0.2805,513.0
1753521103186,09:11:43.186,1INCH/USDT:USDT,0.2803,218.0,0.2802,940.0,0.2805,513.0,0.2806,511.0
1753521103407,09:11:43.407,1INCH/USDT:USDT,0.2803,218.0,0.2802,940.0,0.2805,513.0,0.2806,511.0
1753521103748,09:11:43.748,1INCH/USDT:USDT,0.2803,218.0,0.2802,940.0,0.2804,218.0,0.2805,513.0
1753521103822,09:11:43.822,1INCH/USDT:USDT,0.2803,218.0,0.2802,940.0,0.2804,218.0,0.2805,513.0
1753521104860,09:11:44.860,1INCH/USDT:USDT,0.2802,940.0,0.2801,2100.0,0.2804,218.0,0.2805,513.0
1753521104888,09:11:44.888,1INCH/USDT:USDT,0.2802,213.0,0.2801,2028.0,0.2804,218.0,0.2805,513.0
1753521106043,09:11:46.043,1INCH/USDT:USDT,0.2802,213.0,0.2801,2028.0,0.2804,218.0,0.2805,513.0
1753521106135,09:11:46.135,1INCH/USDT:USDT,0.2802,940.0,0.2801,2028.0,0.2804,218.0,0.2805,513.0
1753521106268,09:11:46.268,1INCH/USDT:USDT,0.2802,940.0,0.2801,2028.0,0.2804,218.0,0.2805,513.0
1753521107559,09:11:47.559,1INCH/USDT:USDT,0.2802,940.0,0.2801,2028.0,0.2804,218.0,0.2805,513.0
1753521107868,09:11:47.868,1INCH/USDT:USDT,0.2802,940.0,0.2801,2028.0,0.2804,218.0,0.2805,513.0
1753521111562,09:11:51.562,1INCH/USDT:USDT,0.2802,213.0,0.2801,2028.0,0.2804,218.0,0.2805,513.0
1753521112668,09:11:52.668,1INCH/USDT:USDT,0.2802,213.0,0.2801,2028.0,0.2804,218.0,0.2805,513.0
1753521113854,09:11:53.854,1INCH/USDT:USDT,0.2802,213.0,0.2801,2028.0,0.2804,218.0,0.2805,513.0
1753521114156,09:11:54.156,1INCH/USDT:USDT,0.2802,213.0,0.2801,2028.0,0.2804,218.0,0.2805,513.0
1753521117469,09:11:57.469,1INCH/USDT:USDT,0.2802,213.0,0.2801,2028.0,0.2804,218.0,0.2805,513.0
1753521119559,09:11:59.559,1INCH/USDT:USDT,0.2802,213.0,0.2801,2028.0,0.2804,218.0,0.2805,513.0
1753521119591,09:11:59.591,1INCH/USDT:USDT,0.2802,213.0,0.2801,2028.0,0.2804,218.0,0.2805,513.0
1753521120305,09:12:00.305,1INCH/USDT:USDT,0.2802,940.0,0.2801,2028.0,0.2804,218.0,0.2805,513.0
1753521121255,09:12:01.255,1INCH/USDT:USDT,0.2802,940.0,0.2801,2028.0,0.2804,218.0,0.2805,513.0
1753521121665,09:12:01.665,1INCH/USDT:USDT,0.2802,940.0,0.2801,2028.0,0.2804,218.0,0.2805,513.0
1753521121749,09:12:01.749,1INCH/USDT:USDT,0.2803,218.0,0.2802,940.0,0.2804,218.0,0.2805,513.0
1753521122268,09:12:02.268,1INCH/USDT:USDT,0.2803,218.0,0.2802,940.0,0.2804,218.0,0.2805,513.0
1753521123376,09:12:03.376,1INCH/USDT:USDT,0.2803,218.0,0.2802,940.0,0.2804,218.0,0.2805,513.0
1753521123973,09:12:03.973,1INCH/USDT:USDT,0.2803,218.0,0.2802,940.0,0.2805,513.0,0.2806,511.0
1753521124021,09:12:04.021,1INCH/USDT:USDT,0.2803,218.0,0.2802,940.0,0.2805,513.0,0.2806,511.0
1753521124346,09:12:04.346,1INCH/USDT:USDT,0.2803,218.0,0.2802,940.0,0.2805,513.0,0.2806,511.0
1753521124769,09:12:04.769,1INCH/USDT:USDT,0.2803,218.0,0.2802,940.0,0.2805,513.0,0.2806,511.0
1753521124864,09:12:04.864,1INCH/USDT:USDT,0.2803,218.0,0.2802,940.0,0.2804,218.0,0.2805,513.0
1753521124977,09:12:04.977,1INCH/USDT:USDT,0.2803,218.0,0.2802,940.0,0.2804,218.0,0.2805,513.0
1753521125163,09:12:05.163,1INCH/USDT:USDT,0.2803,218.0,0.2802,940.0,0.2804,218.0,0.2805,513.0
1753521127069,09:12:07.069,1INCH/USDT:USDT,0.2803,218.0,0.2802,940.0,0.2804,218.0,0.2805,513.0
1753521127185,09:12:07.185,1INCH/USDT:USDT,0.2803,218.0,0.2802,940.0,0.2804,218.0,0.2805,513.0
1753521127528,09:12:07.528,1INCH/USDT:USDT,0.2803,218.0,0.2802,940.0,0.2805,513.0,0.2806,511.0
1753521129494,09:12:09.494,1INCH/USDT:USDT,0.2803,218.0,0.2802,940.0,0.2805,513.0,0.2806,511.0
1753521131185,09:12:11.185,1INCH/USDT:USDT,0.2803,218.0,0.2802,940.0,0.2805,513.0,0.2806,511.0
1753521131444,09:12:11.444,1INCH/USDT:USDT,0.2803,218.0,0.2802,940.0,0.2805,213.0,0.2806,511.0
1753521131869,09:12:11.869,1INCH/USDT:USDT,0.2803,218.0,0.2802,940.0,0.2805,213.0,0.2806,511.0
1753521131946,09:12:11.946,1INCH/USDT:USDT,0.2803,218.0,0.2802,940.0,0.2805,213.0,0.2806,511.0
1753521132451,09:12:12.451,1INCH/USDT:USDT,0.2803,218.0,0.2802,940.0,0.2805,213.0,0.2806,511.0
1753521133573,09:12:13.573,1INCH/USDT:USDT,0.2803,218.0,0.2802,940.0,0.2805,213.0,0.2806,511.0
1753521136669,09:12:16.669,1INCH/USDT:USDT,0.2803,218.0,0.2802,940.0,0.2805,213.0,0.2806,511.0
1753521137883,09:12:17.883,1INCH/USDT:USDT,0.2803,218.0,0.2802,940.0,0.2805,213.0,0.2806,511.0
1753521138253,09:12:18.253,1INCH/USDT:USDT,0.2803,218.0,0.2802,940.0,0.2805,213.0,0.2806,511.0
1753521141469,09:12:21.469,1INCH/USDT:USDT,0.2803,218.0,0.2802,940.0,0.2805,213.0,0.2806,511.0
1753521145651,09:12:25.651,1INCH/USDT:USDT,0.2803,218.0,0.2802,940.0,0.2805,213.0,0.2806,511.0
1753521146269,09:12:26.269,1INCH/USDT:USDT,0.2803,218.0,0.2802,940.0,0.2805,213.0,0.2806,511.0
1753521146469,09:12:26.469,1INCH/USDT:USDT,0.2803,218.0,0.2802,940.0,0.2805,213.0,0.2806,511.0
1753521151069,09:12:31.069,1INCH/USDT:USDT,0.2803,218.0,0.2802,940.0,0.2805,213.0,0.2806,511.0
1753521151088,09:12:31.088,1INCH/USDT:USDT,0.2803,218.0,0.2802,940.0,0.2805,213.0,0.2806,511.0
1753521151302,09:12:31.302,1INCH/USDT:USDT,0.2803,218.0,0.2802,940.0,0.2805,213.0,0.2806,511.0
1753521151727,09:12:31.727,1INCH/USDT:USDT,0.2803,218.0,0.2802,940.0,0.2805,213.0,0.2806,511.0
1753521151851,09:12:31.851,1INCH/USDT:USDT,0.2803,218.0,0.2802,940.0,0.2805,213.0,0.2806,511.0
1753521153530,09:12:33.530,1INCH/USDT:USDT,0.2803,218.0,0.2802,940.0,0.2805,213.0,0.2806,511.0
1753521153743,09:12:33.743,1INCH/USDT:USDT,0.2803,218.0,0.2802,940.0,0.2805,213.0,0.2806,511.0
1753521155870,09:12:35.870,1INCH/USDT:USDT,0.2803,218.0,0.2802,940.0,0.2805,213.0,0.2806,511.0
1753521157650,09:12:37.650,1INCH/USDT:USDT,0.2803,218.0,0.2802,940.0,0.2805,213.0,0.2806,511.0
1753521157748,09:12:37.748,1INCH/USDT:USDT,0.2803,218.0,0.2802,940.0,0.2805,213.0,0.2806,511.0
1753521157849,09:12:37.849,1INCH/USDT:USDT,0.2803,218.0,0.2802,940.0,0.2805,213.0,0.2806,511.0
1753521159870,09:12:39.870,1INCH/USDT:USDT,0.2803,218.0,0.2802,1012.0,0.2806,511.0,0.2807,215.0
1753521159956,09:12:39.956,1INCH/USDT:USDT,0.2803,218.0,0.2802,1012.0,0.2806,511.0,0.2807,215.0
1753521160066,09:12:40.066,1INCH/USDT:USDT,0.2803,218.0,0.2802,1012.0,0.2806,511.0,0.2807,215.0
1753521160166,09:12:40.166,1INCH/USDT:USDT,0.2803,218.0,0.2802,1012.0,0.2806,511.0,0.2807,215.0
1753521160669,09:12:40.669,1INCH/USDT:USDT,0.2803,218.0,0.2802,1012.0,0.2806,511.0,0.2807,215.0
1753521161563,09:12:41.563,1INCH/USDT:USDT,0.2803,218.0,0.2802,1012.0,0.2806,511.0,0.2807,215.0
1753521161620,09:12:41.620,1INCH/USDT:USDT,0.2803,218.0,0.2802,1012.0,0.2806,511.0,0.2807,215.0
1753521165470,09:12:45.470,1INCH/USDT:USDT,0.2803,218.0,0.2802,1012.0,0.2806,511.0,0.2807,215.0
1753521169430,09:12:49.430,1INCH/USDT:USDT,0.2803,218.0,0.2802,1012.0,0.2806,511.0,0.2807,215.0
1753521169541,09:12:49.541,1INCH/USDT:USDT,0.2803,218.0,0.2802,1012.0,0.2806,511.0,0.2807,215.0
1753521170269,09:12:50.269,1INCH/USDT:USDT,0.2803,218.0,0.2802,1012.0,0.2806,511.0,0.2807,215.0
1753521170434,09:12:50.434,1INCH/USDT:USDT,0.2803,218.0,0.2802,1012.0,0.2806,511.0,0.2807,215.0
1753521171035,09:12:51.035,1INCH/USDT:USDT,0.2803,218.0,0.2802,1012.0,0.2806,511.0,0.2807,215.0
1753521171086,09:12:51.086,1INCH/USDT:USDT,0.2803,218.0,0.2802,1012.0,0.2806,511.0,0.2807,215.0
1753521172592,09:12:52.592,1INCH/USDT:USDT,0.2803,218.0,0.2802,1012.0,0.2806,511.0,0.2807,215.0
1753521175070,09:12:55.070,1INCH/USDT:USDT,0.2803,218.0,0.2802,1012.0,0.2806,511.0,0.2807,215.0
1753521176853,09:12:56.853,1INCH/USDT:USDT,0.2803,218.0,0.2802,1012.0,0.2806,511.0,0.2807,215.0
1753521176969,09:12:56.969,1INCH/USDT:USDT,0.2805,216.0,0.2804,727.0,0.2807,215.0,0.2808,516.0
1753521177053,09:12:57.053,1INCH/USDT:USDT,0.2805,216.0,0.2804,727.0,0.2807,215.0,0.2808,516.0
1753521177117,09:12:57.117,1INCH/USDT:USDT,0.2805,216.0,0.2804,727.0,0.2807,215.0,0.2808,516.0
1753521177352,09:12:57.352,1INCH/USDT:USDT,0.2805,216.0,0.2804,727.0,0.2807,215.0,0.2808,516.0
1753521178018,09:12:58.018,1INCH/USDT:USDT,0.2804,216.0,0.2803,2405.0,0.2807,215.0,0.2808,516.0
1753521178241,09:12:58.241,1INCH/USDT:USDT,0.2804,943.0,0.2803,2405.0,0.2807,215.0,0.2808,516.0
1753521178339,09:12:58.339,1INCH/USDT:USDT,0.2804,943.0,0.2803,2405.0,0.2807,215.0,0.2808,516.0
1753521179703,09:12:59.703,1INCH/USDT:USDT,0.2805,215.0,0.2804,943.0,0.2807,215.0,0.2808,516.0
1753521179870,09:12:59.870,1INCH/USDT:USDT,0.2805,215.0,0.2804,943.0,0.2807,215.0,0.2808,516.0
1753521179964,09:12:59.964,1INCH/USDT:USDT,0.2805,215.0,0.2804,943.0,0.2807,215.0,0.2808,516.0
1753521180400,09:13:00.400,1INCH/USDT:USDT,0.2805,215.0,0.2804,943.0,0.2807,215.0,0.2808,516.0
1753521183939,09:13:03.939,1INCH/USDT:USDT,0.2805,215.0,0.2804,943.0,0.2807,215.0,0.2808,516.0
1753521184671,09:13:04.671,1INCH/USDT:USDT,0.2805,215.0,0.2804,943.0,0.2807,215.0,0.2808,516.0
1753521184968,09:13:04.968,1INCH/USDT:USDT,0.2805,215.0,0.2804,943.0,0.2807,215.0,0.2808,516.0
1753521184998,09:13:04.998,1INCH/USDT:USDT,0.2804,216.0,0.2803,2405.0,0.2807,215.0,0.2808,516.0
1753521185250,09:13:05.250,1INCH/USDT:USDT,0.2805,215.0,0.2804,943.0,0.2807,215.0,0.2808,516.0
1753521185363,09:13:05.363,1INCH/USDT:USDT,0.2805,215.0,0.2804,943.0,0.2807,215.0,0.2808,516.0
1753521185530,09:13:05.530,1INCH/USDT:USDT,0.2805,215.0,0.2804,1015.0,0.2807,215.0,0.2808,516.0
1753521185603,09:13:05.603,1INCH/USDT:USDT,0.2805,215.0,0.2804,943.0,0.2807,215.0,0.2808,516.0
1753521187446,09:13:07.446,1INCH/USDT:USDT,0.2805,215.0,0.2804,943.0,0.2807,215.0,0.2808,516.0
1753521189471,09:13:09.471,1INCH/USDT:USDT,0.2805,215.0,0.2804,943.0,0.2807,215.0,0.2808,516.0
1753521189546,09:13:09.546,1INCH/USDT:USDT,0.2804,216.0,0.2803,2405.0,0.2807,215.0,0.2808,516.0
1753521189597,09:13:09.597,1INCH/USDT:USDT,0.2805,220.0,0.2804,943.0,0.2807,215.0,0.2808,516.0
1753521190149,09:13:10.149,1INCH/USDT:USDT,0.2804,943.0,0.2803,2405.0,0.2807,215.0,0.2808,516.0
1753521192435,09:13:12.435,1INCH/USDT:USDT,0.2804,943.0,0.2803,2405.0,0.2807,215.0,0.2808,516.0
1753521192854,09:13:12.854,1INCH/USDT:USDT,0.2804,943.0,0.2803,2405.0,0.2807,215.0,0.2808,516.0
1753521194270,09:13:14.270,1INCH/USDT:USDT,0.2804,943.0,0.2803,2405.0,0.2807,215.0,0.2808,516.0
1753521198304,09:13:18.304,1INCH/USDT:USDT,0.2805,1815.0,0.2804,943.0,0.2807,215.0,0.2808,516.0
1753521198398,09:13:18.398,1INCH/USDT:USDT,0.2805,1815.0,0.2804,943.0,0.2807,215.0,0.2808,516.0
1753521198495,09:13:18.495,1INCH/USDT:USDT,0.2805,1815.0,0.2804,943.0,0.2807,215.0,0.2808,516.0
1753521198586,09:13:18.586,1INCH/USDT:USDT,0.2804,216.0,0.2803,2405.0,0.2807,215.0,0.2808,516.0
1753521198917,09:13:18.917,1INCH/USDT:USDT,0.2804,216.0,0.2803,2405.0,0.2807,215.0,0.2808,516.0
1753521199070,09:13:19.070,1INCH/USDT:USDT,0.2804,216.0,0.2803,2405.0,0.2807,215.0,0.2808,516.0
1753521199145,09:13:19.145,1INCH/USDT:USDT,0.2804,216.0,0.2803,2405.0,0.2807,215.0,0.2808,516.0
1753521200321,09:13:20.321,1INCH/USDT:USDT,0.2804,216.0,0.2803,2405.0,0.2807,215.0,0.2808,516.0
1753521200539,09:13:20.539,1INCH/USDT:USDT,0.2804,216.0,0.2803,2405.0,0.2807,215.0,0.2808,516.0
1753521200600,09:13:20.600,1INCH/USDT:USDT,0.2804,943.0,0.2803,2405.0,0.2807,215.0,0.2808,516.0
1753521203870,09:13:23.870,1INCH/USDT:USDT,0.2804,943.0,0.2803,2405.0,0.2807,215.0,0.2808,516.0
1753521205029,09:13:25.029,1INCH/USDT:USDT,0.2805,220.0,0.2804,943.0,0.2807,215.0,0.2808,516.0
1753521205385,09:13:25.385,1INCH/USDT:USDT,0.2805,220.0,0.2804,943.0,0.2807,215.0,0.2808,516.0
1753521206694,09:13:26.694,1INCH/USDT:USDT,0.2805,220.0,0.2804,943.0,0.2807,215.0,0.2808,516.0
1753521207813,09:13:27.813,1INCH/USDT:USDT,0.2805,220.0,0.2804,943.0,0.2807,215.0,0.2808,516.0
1753521207888,09:13:27.888,1INCH/USDT:USDT,0.2805,220.0,0.2804,943.0,0.2807,215.0,0.2808,516.0
1753521208049,09:13:28.049,1INCH/USDT:USDT,0.2805,220.0,0.2804,943.0,0.2807,215.0,0.2808,516.0
1753521208670,09:13:28.670,1INCH/USDT:USDT,0.2805,220.0,0.2804,943.0,0.2807,215.0,0.2808,516.0
1753521210304,09:13:30.304,1INCH/USDT:USDT,0.2804,943.0,0.2803,2405.0,0.2807,215.0,0.2808,516.0
1753521210649,09:13:30.649,1INCH/USDT:USDT,0.2804,943.0,0.2803,2405.0,0.2807,215.0,0.2808,516.0
1753521211457,09:13:31.457,1INCH/USDT:USDT,0.2805,216.0,0.2804,943.0,0.2807,215.0,0.2808,516.0
1753521211838,09:13:31.838,1INCH/USDT:USDT,0.2805,216.0,0.2804,943.0,0.2807,215.0,0.2808,516.0
1753521213471,09:13:33.471,1INCH/USDT:USDT,0.2805,216.0,0.2804,943.0,0.2807,215.0,0.2808,516.0
1753521214465,09:13:34.465,1INCH/USDT:USDT,0.2805,216.0,0.2804,943.0,0.2807,215.0,0.2808,516.0
1753521214580,09:13:34.580,1INCH/USDT:USDT,0.2805,216.0,0.2804,943.0,0.2807,215.0,0.2808,516.0
1753521215735,09:13:35.735,1INCH/USDT:USDT,0.2804,216.0,0.2803,2405.0,0.2807,215.0,0.2808,516.0
1753521215871,09:13:35.871,1INCH/USDT:USDT,0.2804,216.0,0.2803,2405.0,0.2807,215.0,0.2808,516.0
1753521215879,09:13:35.879,1INCH/USDT:USDT,0.2804,216.0,0.2803,2405.0,0.2807,215.0,0.2808,516.0
1753521216860,09:13:36.860,1INCH/USDT:USDT,0.2804,943.0,0.2803,2405.0,0.2807,215.0,0.2808,516.0
1753521218047,09:13:38.047,1INCH/USDT:USDT,0.2805,216.0,0.2804,943.0,0.2807,215.0,0.2808,516.0
1753521218271,09:13:38.271,1INCH/USDT:USDT,0.2805,216.0,0.2804,943.0,0.2807,215.0,0.2808,516.0
1753521218479,09:13:38.479,1INCH/USDT:USDT,0.2805,216.0,0.2804,943.0,0.2807,215.0,0.2808,516.0
1753521219847,09:13:39.847,1INCH/USDT:USDT,0.2804,216.0,0.2803,2405.0,0.2807,215.0,0.2808,516.0
1753521220104,09:13:40.104,1INCH/USDT:USDT,0.2805,218.0,0.2804,943.0,0.2807,215.0,0.2808,516.0
1753521220314,09:13:40.314,1INCH/USDT:USDT,0.2805,218.0,0.2804,943.0,0.2807,215.0,0.2808,516.0
1753521222259,09:13:42.259,1INCH/USDT:USDT,0.2805,218.0,0.2804,943.0,0.2807,215.0,0.2808,516.0
1753521222433,09:13:42.433,1INCH/USDT:USDT,0.2805,218.0,0.2804,943.0,0.2807,215.0,0.2808,516.0
1753521223072,09:13:43.072,1INCH/USDT:USDT,0.2805,218.0,0.2804,943.0,0.2807,215.0,0.2808,516.0
1753521224459,09:13:44.459,1INCH/USDT:USDT,0.2805,218.0,0.2804,943.0,0.2807,215.0,0.2808,516.0
1753521224750,09:13:44.750,1INCH/USDT:USDT,0.2805,218.0,0.2804,943.0,0.2807,215.0,0.2808,516.0
1753521227871,09:13:47.871,1INCH/USDT:USDT,0.2805,218.0,0.2804,943.0,0.2807,215.0,0.2808,516.0
1753521227890,09:13:47.890,1INCH/USDT:USDT,0.2805,218.0,0.2804,943.0,0.2807,215.0,0.2808,516.0
1753521228205,09:13:48.205,1INCH/USDT:USDT,0.2805,218.0,0.2804,943.0,0.2807,215.0,0.2808,516.0
1753521229128,09:13:49.128,1INCH/USDT:USDT,0.2805,218.0,0.2804,943.0,0.2807,215.0,0.2808,516.0
1753521230075,09:13:50.075,1INCH/USDT:USDT,0.2805,218.0,0.2804,943.0,0.2807,215.0,0.2808,516.0
1753521232671,09:13:52.671,1INCH/USDT:USDT,0.2805,218.0,0.2804,943.0,0.2807,215.0,0.2808,516.0
1753521237374,09:13:57.374,1INCH/USDT:USDT,0.2805,218.0,0.2804,943.0,0.2807,215.0,0.2808,516.0
1753521237472,09:13:57.472,1INCH/USDT:USDT,0.2805,218.0,0.2804,943.0,0.2807,215.0,0.2808,516.0
1753521237930,09:13:57.930,1INCH/USDT:USDT,0.2805,218.0,0.2804,943.0,0.2807,215.0,0.2808,516.0
1753521238036,09:13:58.036,1INCH/USDT:USDT,0.2805,218.0,0.2804,943.0,0.2807,215.0,0.2808,516.0
1753521242271,09:14:02.271,1INCH/USDT:USDT,0.2805,218.0,0.2804,943.0,0.2807,215.0,0.2808,516.0
1753521242290,09:14:02.290,1INCH/USDT:USDT,0.2805,218.0,0.2804,943.0,0.2807,215.0,0.2808,516.0
1753521242450,09:14:02.450,1INCH/USDT:USDT,0.2805,218.0,0.2804,943.0,0.2807,215.0,0.2808,516.0
1753521245866,09:14:05.866,1INCH/USDT:USDT,0.2805,218.0,0.2804,943.0,0.2807,215.0,0.2808,516.0
1753521247071,09:14:07.071,1INCH/USDT:USDT,0.2805,218.0,0.2804,943.0,0.2807,215.0,0.2808,516.0
1753521248906,09:14:08.906,1INCH/USDT:USDT,0.2804,216.0,0.2803,2405.0,0.2807,215.0,0.2808,516.0
1753521249299,09:14:09.299,1INCH/USDT:USDT,0.2804,216.0,0.2803,2405.0,0.2807,215.0,0.2808,516.0
1753521251497,09:14:11.497,1INCH/USDT:USDT,0.2805,217.0,0.2804,943.0,0.2807,215.0,0.2808,516.0
1753521251743,09:14:11.743,1INCH/USDT:USDT,0.2805,217.0,0.2804,943.0,0.2807,215.0,0.2808,516.0
1753521251872,09:14:11.872,1INCH/USDT:USDT,0.2805,217.0,0.2804,943.0,0.2807,215.0,0.2808,516.0
1753521253639,09:14:13.639,1INCH/USDT:USDT,0.2805,217.0,0.2804,943.0,0.2807,215.0,0.2808,516.0
1753521257431,09:14:17.431,1INCH/USDT:USDT,0.2805,217.0,0.2804,943.0,0.2807,215.0,0.2808,516.0
1753521257866,09:14:17.866,1INCH/USDT:USDT,0.2803,518.0,0.2802,1012.0,0.2806,217.0,0.2807,942.0
1753521257956,09:14:17.956,1INCH/USDT:USDT,0.2804,217.0,0.2803,518.0,0.2806,217.0,0.2807,942.0
1753521258021,09:14:18.021,1INCH/USDT:USDT,0.2804,217.0,0.2803,518.0,0.2806,217.0,0.2807,942.0
1753521258181,09:14:18.181,1INCH/USDT:USDT,0.2804,217.0,0.2803,518.0,0.2806,217.0,0.2807,942.0
1753521258413,09:14:18.413,1INCH/USDT:USDT,0.2804,217.0,0.2803,2333.0,0.2806,217.0,0.2807,942.0
1753521262073,09:14:22.073,1INCH/USDT:USDT,0.2804,217.0,0.2803,2333.0,0.2806,217.0,0.2807,942.0
1753521262217,09:14:22.217,1INCH/USDT:USDT,0.2804,217.0,0.2803,2333.0,0.2806,217.0,0.2807,942.0
1753521263655,09:14:23.655,1INCH/USDT:USDT,0.2804,217.0,0.2803,2333.0,0.2806,217.0,0.2807,942.0
1753521266872,09:14:26.872,1INCH/USDT:USDT,0.2804,217.0,0.2803,2333.0,0.2806,217.0,0.2807,942.0
1753521267422,09:14:27.422,1INCH/USDT:USDT,0.2804,217.0,0.2803,2333.0,0.2806,217.0,0.2807,942.0
1753521271672,09:14:31.672,1INCH/USDT:USDT,0.2804,217.0,0.2803,2333.0,0.2806,217.0,0.2807,942.0
1753521276472,09:14:36.472,1INCH/USDT:USDT,0.2804,217.0,0.2803,2333.0,0.2806,217.0,0.2807,942.0
1753521281272,09:14:41.272,1INCH/USDT:USDT,0.2804,217.0,0.2803,2333.0,0.2806,217.0,0.2807,942.0
1753521282358,09:14:42.358,1INCH/USDT:USDT,0.2803,2333.0,0.2802,1312.0,0.2806,217.0,0.2807,942.0
1753521282738,09:14:42.738,1INCH/USDT:USDT,0.2803,2333.0,0.2802,1312.0,0.2806,217.0,0.2807,942.0
1753521283959,09:14:43.959,1INCH/USDT:USDT,0.2804,219.0,0.2803,2333.0,0.2806,217.0,0.2807,942.0
1753521284305,09:14:44.305,1INCH/USDT:USDT,0.2804,219.0,0.2803,518.0,0.2806,217.0,0.2807,942.0
1753521285117,09:14:45.117,1INCH/USDT:USDT,0.2804,219.0,0.2803,2333.0,0.2806,217.0,0.2807,942.0
1753521286072,09:14:46.072,1INCH/USDT:USDT,0.2804,219.0,0.2803,2333.0,0.2806,217.0,0.2807,942.0
1753521290873,09:14:50.873,1INCH/USDT:USDT,0.2804,219.0,0.2803,2333.0,0.2806,217.0,0.2807,942.0
1753521290892,09:14:50.892,1INCH/USDT:USDT,0.2804,219.0,0.2803,2333.0,0.2806,217.0,0.2807,942.0
1753521291050,09:14:51.050,1INCH/USDT:USDT,0.2804,219.0,0.2803,2333.0,0.2806,217.0,0.2807,942.0
1753521293421,09:14:53.421,1INCH/USDT:USDT,0.2804,219.0,0.2803,2333.0,0.2806,217.0,0.2807,942.0
1753521295672,09:14:55.672,1INCH/USDT:USDT,0.2804,219.0,0.2803,2333.0,0.2806,217.0,0.2807,942.0
1753521300475,09:15:00.475,1INCH/USDT:USDT,0.2804,219.0,0.2803,2333.0,0.2806,217.0,0.2807,942.0
1753521305275,09:15:05.275,1INCH/USDT:USDT,0.2804,219.0,0.2803,2333.0,0.2806,217.0,0.2807,942.0
1753521310072,09:15:10.072,1INCH/USDT:USDT,0.2804,219.0,0.2803,2333.0,0.2806,217.0,0.2807,942.0
1753521310077,09:15:10.077,1INCH/USDT:USDT,0.2804,219.0,0.2803,2333.0,0.2806,217.0,0.2807,942.0
1753521310929,09:15:10.929,1INCH/USDT:USDT,0.2804,219.0,0.2803,2333.0,0.2806,217.0,0.2807,942.0
1753521314873,09:15:14.873,1INCH/USDT:USDT,0.2804,219.0,0.2803,2333.0,0.2806,217.0,0.2807,942.0
1753521314878,09:15:14.878,1INCH/USDT:USDT,0.2804,219.0,0.2803,2333.0,0.2806,217.0,0.2807,942.0
1753521319673,09:15:19.673,1INCH/USDT:USDT,0.2804,219.0,0.2803,2333.0,0.2806,217.0,0.2807,942.0
1753521322843,09:15:22.843,1INCH/USDT:USDT,0.2804,219.0,0.2803,2405.0,0.2807,215.0,0.2808,516.0
1753521322941,09:15:22.941,1INCH/USDT:USDT,0.2804,219.0,0.2803,2405.0,0.2807,942.0,0.2808,516.0
1753521323017,09:15:23.017,1INCH/USDT:USDT,0.2804,219.0,0.2803,2405.0,0.2807,942.0,0.2808,516.0
1753521323172,09:15:23.172,1INCH/USDT:USDT,0.2804,219.0,0.2803,2405.0,0.2807,942.0,0.2808,516.0
1753521324473,09:15:24.473,1INCH/USDT:USDT,0.2804,219.0,0.2803,2405.0,0.2807,942.0,0.2808,516.0
1753521324619,09:15:24.619,1INCH/USDT:USDT,0.2804,219.0,0.2803,2333.0,0.2806,214.0,0.2807,942.0
1753521324774,09:15:24.774,1INCH/USDT:USDT,0.2804,219.0,0.2803,2333.0,0.2806,214.0,0.2807,942.0
1753521325262,09:15:25.262,1INCH/USDT:USDT,0.2804,219.0,0.2803,2333.0,0.2806,214.0,0.2807,942.0
1753521325350,09:15:25.350,1INCH/USDT:USDT,0.2804,219.0,0.2803,2333.0,0.2806,214.0,0.2807,942.0
1753521329272,09:15:29.272,1INCH/USDT:USDT,0.2804,219.0,0.2803,2333.0,0.2806,214.0,0.2807,942.0
1753521329274,09:15:29.274,1INCH/USDT:USDT,0.2804,219.0,0.2803,2333.0,0.2806,214.0,0.2807,942.0
1753521334075,09:15:34.075,1INCH/USDT:USDT,0.2804,219.0,0.2803,2333.0,0.2806,214.0,0.2807,942.0
1753521334091,09:15:34.091,1INCH/USDT:USDT,0.2804,219.0,0.2803,2333.0,0.2806,214.0,0.2807,942.0
1753521338874,09:15:38.874,1INCH/USDT:USDT,0.2804,219.0,0.2803,2333.0,0.2806,214.0,0.2807,942.0
1753521343321,09:15:43.321,1INCH/USDT:USDT,0.2804,219.0,0.2803,2333.0,0.2806,214.0,0.2807,942.0
1753521343674,09:15:43.674,1INCH/USDT:USDT,0.2804,219.0,0.2803,2333.0,0.2806,214.0,0.2807,942.0
1753521344329,09:15:44.329,1INCH/USDT:USDT,0.2804,219.0,0.2803,2405.0,0.2807,942.0,0.2808,516.0
1753521347769,09:15:47.769,1INCH/USDT:USDT,0.2804,219.0,0.2803,2333.0,0.2806,220.0,0.2807,942.0
1753521348473,09:15:48.473,1INCH/USDT:USDT,0.2804,219.0,0.2803,2333.0,0.2806,220.0,0.2807,942.0
1753521348488,09:15:48.488,1INCH/USDT:USDT,0.2804,219.0,0.2803,2333.0,0.2806,220.0,0.2807,942.0
1753521348615,09:15:48.615,1INCH/USDT:USDT,0.2804,219.0,0.2803,2333.0,0.2806,220.0,0.2807,942.0
1753521353274,09:15:53.274,1INCH/USDT:USDT,0.2804,219.0,0.2803,2333.0,0.2806,220.0,0.2807,942.0
1753521353748,09:15:53.748,1INCH/USDT:USDT,0.2804,219.0,0.2803,2405.0,0.2807,942.0,0.2808,516.0
1753521353874,09:15:53.874,1INCH/USDT:USDT,0.2804,219.0,0.2803,2405.0,0.2807,215.0,0.2808,516.0
1753521353960,09:15:53.960,1INCH/USDT:USDT,0.2804,219.0,0.2803,2405.0,0.2807,215.0,0.2808,516.0
1753521354688,09:15:54.688,1INCH/USDT:USDT,0.2804,219.0,0.2803,2405.0,0.2807,215.0,0.2808,516.0
1753521358074,09:15:58.074,1INCH/USDT:USDT,0.2804,219.0,0.2803,2405.0,0.2807,215.0,0.2808,516.0
1753521358960,09:15:58.960,1INCH/USDT:USDT,0.2804,219.0,0.2803,2405.0,0.2807,215.0,0.2808,516.0
1753521362556,09:16:02.556,1INCH/USDT:USDT,0.2804,219.0,0.2803,2333.0,0.2806,217.0,0.2807,942.0
1753521362874,09:16:02.874,1INCH/USDT:USDT,0.2804,219.0,0.2803,2333.0,0.2806,217.0,0.2807,942.0
1753521362923,09:16:02.923,1INCH/USDT:USDT,0.2804,219.0,0.2803,2405.0,0.2807,215.0,0.2808,516.0
1753521364047,09:16:04.047,1INCH/USDT:USDT,0.2804,219.0,0.2803,2405.0,0.2807,215.0,0.2808,516.0
1753521364217,09:16:04.217,1INCH/USDT:USDT,0.2804,219.0,0.2803,2333.0,0.2806,217.0,0.2807,942.0
1753521366571,09:16:06.571,1INCH/USDT:USDT,0.2804,219.0,0.2803,2333.0,0.2806,217.0,0.2807,942.0
1753521366656,09:16:06.656,1INCH/USDT:USDT,0.2804,219.0,0.2803,2333.0,0.2806,217.0,0.2807,942.0
1753521367673,09:16:07.673,1INCH/USDT:USDT,0.2804,219.0,0.2803,2333.0,0.2806,217.0,0.2807,942.0
1753521367701,09:16:07.701,1INCH/USDT:USDT,0.2804,219.0,0.2803,2333.0,0.2806,217.0,0.2807,942.0
1753521372473,09:16:12.473,1INCH/USDT:USDT,0.2804,219.0,0.2803,2333.0,0.2806,217.0,0.2807,942.0
1753521372474,09:16:12.474,1INCH/USDT:USDT,0.2804,219.0,0.2803,2333.0,0.2806,217.0,0.2807,942.0
1753521377275,09:16:17.275,1INCH/USDT:USDT,0.2804,219.0,0.2803,2333.0,0.2806,217.0,0.2807,942.0
1753521377965,09:16:17.965,1INCH/USDT:USDT,0.2804,219.0,0.2803,2333.0,0.2806,217.0,0.2807,942.0
1753521378059,09:16:18.059,1INCH/USDT:USDT,0.2804,219.0,0.2803,2333.0,0.2806,217.0,0.2807,942.0
1753521378461,09:16:18.461,1INCH/USDT:USDT,0.2804,219.0,0.2803,2333.0,0.2806,217.0,0.2807,942.0
1753521382075,09:16:22.075,1INCH/USDT:USDT,0.2804,219.0,0.2803,2333.0,0.2806,217.0,0.2807,942.0
1753521386875,09:16:26.875,1INCH/USDT:USDT,0.2804,219.0,0.2803,2333.0,0.2806,217.0,0.2807,942.0
1753521391675,09:16:31.675,1INCH/USDT:USDT,0.2804,219.0,0.2803,2333.0,0.2806,217.0,0.2807,942.0
1753521392797,09:16:32.797,1INCH/USDT:USDT,0.2804,219.0,0.2803,2333.0,0.2806,217.0,0.2807,942.0
1753521396475,09:16:36.475,1INCH/USDT:USDT,0.2804,219.0,0.2803,2333.0,0.2806,217.0,0.2807,942.0
1753521398873,09:16:38.873,1INCH/USDT:USDT,0.2803,2333.0,0.2802,1312.0,0.2806,217.0,0.2807,942.0
1753521398880,09:16:38.880,1INCH/USDT:USDT,0.2803,2333.0,0.2802,1312.0,0.2806,217.0,0.2807,942.0
1753521399887,09:16:39.887,1INCH/USDT:USDT,0.2804,213.0,0.2803,2333.0,0.2806,217.0,0.2807,942.0
1753521401275,09:16:41.275,1INCH/USDT:USDT,0.2804,213.0,0.2803,2333.0,0.2806,217.0,0.2807,942.0
1753521406075,09:16:46.075,1INCH/USDT:USDT,0.2804,213.0,0.2803,2333.0,0.2806,217.0,0.2807,942.0
1753521409465,09:16:49.465,1INCH/USDT:USDT,0.2804,213.0,0.2803,2333.0,0.2806,217.0,0.2807,942.0
1753521409560,09:16:49.560,1INCH/USDT:USDT,0.2804,213.0,0.2803,2333.0,0.2806,217.0,0.2807,942.0
1753521410467,09:16:50.467,1INCH/USDT:USDT,0.2804,213.0,0.2803,2333.0,0.2807,215.0,0.2808,516.0
1753521410539,09:16:50.539,1INCH/USDT:USDT,0.2804,213.0,0.2803,2405.0,0.2807,215.0,0.2808,516.0
1753521410668,09:16:50.668,1INCH/USDT:USDT,0.2804,213.0,0.2803,2405.0,0.2807,215.0,0.2808,516.0
1753521410875,09:16:50.875,1INCH/USDT:USDT,0.2804,213.0,0.2803,2405.0,0.2807,215.0,0.2808,516.0
1753521411812,09:16:51.812,1INCH/USDT:USDT,0.2804,213.0,0.2803,2405.0,0.2807,215.0,0.2808,516.0
1753521413469,09:16:53.469,1INCH/USDT:USDT,0.2804,213.0,0.2803,2405.0,0.2807,215.0,0.2808,516.0
1753521413695,09:16:53.695,1INCH/USDT:USDT,0.2804,213.0,0.2803,2405.0,0.2807,215.0,0.2808,516.0
1753521415675,09:16:55.675,1INCH/USDT:USDT,0.2804,213.0,0.2803,2405.0,0.2807,215.0,0.2808,516.0
1753521419724,09:16:59.724,1INCH/USDT:USDT,0.2804,213.0,0.2803,2405.0,0.2807,215.0,0.2808,516.0
1753521420169,09:17:00.169,1INCH/USDT:USDT,0.2804,213.0,0.2803,2405.0,0.2807,215.0,0.2808,516.0
1753521420475,09:17:00.475,1INCH/USDT:USDT,0.2804,213.0,0.2803,2405.0,0.2807,215.0,0.2808,516.0
1753521420717,09:17:00.717,1INCH/USDT:USDT,0.2805,217.0,0.2804,513.0,0.2807,215.0,0.2808,516.0
1753521421135,09:17:01.135,1INCH/USDT:USDT,0.2805,217.0,0.2804,513.0,0.2807,215.0,0.2808,516.0
1753521421190,09:17:01.190,1INCH/USDT:USDT,0.2805,217.0,0.2804,513.0,0.2807,215.0,0.2808,516.0
1753521421554,09:17:01.554,1INCH/USDT:USDT,0.2805,217.0,0.2804,513.0,0.2807,215.0,0.2808,516.0
1753521423242,09:17:03.242,1INCH/USDT:USDT,0.2805,217.0,0.2804,513.0,0.2807,215.0,0.2808,516.0
1753521425274,09:17:05.274,1INCH/USDT:USDT,0.2805,217.0,0.2804,513.0,0.2807,215.0,0.2808,516.0
1753521425276,09:17:05.276,1INCH/USDT:USDT,0.2805,217.0,0.2804,513.0,0.2807,215.0,0.2808,516.0
1753521429374,09:17:09.374,1INCH/USDT:USDT,0.2806,210.0,0.2805,2032.0,0.2808,516.0,0.2809,9945.0
1753521429446,09:17:09.446,1INCH/USDT:USDT,0.2806,210.0,0.2805,2032.0,0.2808,516.0,0.2809,9945.0
1753521429572,09:17:09.572,1INCH/USDT:USDT,0.2806,210.0,0.2805,2032.0,0.2808,516.0,0.2809,9945.0
1753521429665,09:17:09.665,1INCH/USDT:USDT,0.2806,210.0,0.2805,2032.0,0.2808,516.0,0.2809,9945.0
1753521430075,09:17:10.075,1INCH/USDT:USDT,0.2806,210.0,0.2805,2032.0,0.2808,516.0,0.2809,9945.0
1753521430312,09:17:10.312,1INCH/USDT:USDT,0.2806,210.0,0.2805,2032.0,0.2808,516.0,0.2809,9945.0
1753521432735,09:17:12.735,1INCH/USDT:USDT,0.2806,210.0,0.2805,2032.0,0.2808,516.0,0.2809,9945.0
1753521433570,09:17:13.570,1INCH/USDT:USDT,0.2806,210.0,0.2805,2032.0,0.2808,516.0,0.2809,9945.0
1753521434875,09:17:14.875,1INCH/USDT:USDT,0.2806,210.0,0.2805,2032.0,0.2808,516.0,0.2809,9945.0
1753521434876,09:17:14.876,1INCH/USDT:USDT,0.2806,210.0,0.2805,2032.0,0.2808,516.0,0.2809,9945.0
1753521435355,09:17:15.355,1INCH/USDT:USDT,0.2806,210.0,0.2805,2032.0,0.2808,516.0,0.2809,9945.0
1753521435428,09:17:15.428,1INCH/USDT:USDT,0.2806,210.0,0.2805,2032.0,0.2808,516.0,0.2809,9945.0
1753521435742,09:17:15.742,1INCH/USDT:USDT,0.2806,210.0,0.2805,2032.0,0.2807,210.0,0.2808,516.0
1753521439110,09:17:19.110,1INCH/USDT:USDT,0.2806,210.0,0.2805,2032.0,0.2808,516.0,0.2809,9945.0
1753521439675,09:17:19.675,1INCH/USDT:USDT,0.2806,210.0,0.2805,2032.0,0.2808,516.0,0.2809,9945.0
1753521439677,09:17:19.677,1INCH/USDT:USDT,0.2806,210.0,0.2805,2032.0,0.2808,516.0,0.2809,9218.0
1753521440489,09:17:20.489,1INCH/USDT:USDT,0.2806,210.0,0.2805,2032.0,0.2808,516.0,0.2809,9218.0
1753521440592,09:17:20.592,1INCH/USDT:USDT,0.2806,210.0,0.2805,2032.0,0.2808,516.0,0.2809,9218.0
1753521441749,09:17:21.749,1INCH/USDT:USDT,0.2806,210.0,0.2805,2032.0,0.2808,516.0,0.2809,9218.0
1753521443237,09:17:23.237,1INCH/USDT:USDT,0.2806,210.0,0.2805,2032.0,0.2808,516.0,0.2809,9218.0
1753521443779,09:17:23.779,1INCH/USDT:USDT,0.2806,210.0,0.2805,2032.0,0.2808,516.0,0.2809,9218.0
1753521443960,09:17:23.960,1INCH/USDT:USDT,0.2806,210.0,0.2805,2032.0,0.2808,516.0,0.2809,9218.0
1753521444476,09:17:24.476,1INCH/USDT:USDT,0.2806,210.0,0.2805,2032.0,0.2808,516.0,0.2809,9218.0
1753521444957,09:17:24.957,1INCH/USDT:USDT,0.2806,210.0,0.2805,2032.0,0.2808,216.0,0.2809,9218.0
1753521449277,09:17:29.277,1INCH/USDT:USDT,0.2806,210.0,0.2805,2032.0,0.2808,216.0,0.2809,9218.0
1753521451067,09:17:31.067,1INCH/USDT:USDT,0.2806,210.0,0.2805,2032.0,0.2808,216.0,0.2809,9218.0
1753521454075,09:17:34.075,1INCH/USDT:USDT,0.2806,210.0,0.2805,2032.0,0.2808,216.0,0.2809,9218.0
1753521454076,09:17:34.076,1INCH/USDT:USDT,0.2806,210.0,0.2805,2032.0,0.2808,216.0,0.2809,9218.0
1753521458875,09:17:38.875,1INCH/USDT:USDT,0.2806,210.0,0.2805,2032.0,0.2808,216.0,0.2809,9218.0
1753521458892,09:17:38.892,1INCH/USDT:USDT,0.2806,210.0,0.2805,2032.0,0.2808,216.0,0.2809,9218.0
1753521466866,09:17:46.866,1INCH/USDT:USDT,0.2805,2032.0,0.2804,1312.0,0.2808,216.0,0.2809,9218.0
1753521466917,09:17:46.917,1INCH/USDT:USDT,0.2805,2032.0,0.2804,513.0,0.2807,216.0,0.2808,943.0
1753521467057,09:17:47.057,1INCH/USDT:USDT,0.2805,2032.0,0.2804,513.0,0.2807,216.0,0.2808,943.0
1753521467306,09:17:47.306,1INCH/USDT:USDT,0.2805,217.0,0.2804,513.0,0.2807,216.0,0.2808,943.0
1753521467380,09:17:47.380,1INCH/USDT:USDT,0.2805,217.0,0.2804,1240.0,0.2807,216.0,0.2808,943.0
1753521468655,09:17:48.655,1INCH/USDT:USDT,0.2805,217.0,0.2804,1240.0,0.2807,216.0,0.2808,943.0
1753521468693,09:17:48.693,1INCH/USDT:USDT,0.2805,217.0,0.2804,1240.0,0.2807,216.0,0.2808,943.0
1753521471075,09:17:51.075,1INCH/USDT:USDT,0.2805,217.0,0.2804,1240.0,0.2807,216.0,0.2808,943.0
1753521471077,09:17:51.077,1INCH/USDT:USDT,0.2805,217.0,0.2804,1240.0,0.2807,216.0,0.2808,943.0
1753521471751,09:17:51.751,1INCH/USDT:USDT,0.2805,217.0,0.2804,1240.0,0.2807,216.0,0.2808,943.0
1753521474393,09:17:54.393,1INCH/USDT:USDT,0.2805,217.0,0.2804,1240.0,0.2807,216.0,0.2808,943.0
1753521474749,09:17:54.749,1INCH/USDT:USDT,0.2805,217.0,0.2804,1240.0,0.2807,216.0,0.2808,943.0
1753521475875,09:17:55.875,1INCH/USDT:USDT,0.2805,217.0,0.2804,1240.0,0.2807,216.0,0.2808,943.0
1753521475877,09:17:55.877,1INCH/USDT:USDT,0.2805,217.0,0.2804,1240.0,0.2807,216.0,0.2808,943.0
1753521476114,09:17:56.114,1INCH/USDT:USDT,0.2804,1240.0,0.2803,2405.0,0.2807,216.0,0.2808,943.0
1753521476203,09:17:56.203,1INCH/USDT:USDT,0.2804,513.0,0.2803,2405.0,0.2807,216.0,0.2808,943.0
1753521476391,09:17:56.391,1INCH/USDT:USDT,0.2804,513.0,0.2803,2405.0,0.2807,216.0,0.2808,943.0
1753521478666,09:17:58.666,1INCH/USDT:USDT,0.2805,217.0,0.2804,1240.0,0.2807,216.0,0.2808,943.0
1753521478696,09:17:58.696,1INCH/USDT:USDT,0.2805,217.0,0.2804,1240.0,0.2807,216.0,0.2808,943.0
1753521478818,09:17:58.818,1INCH/USDT:USDT,0.2805,217.0,0.2804,1240.0,0.2807,216.0,0.2808,943.0
1753521479213,09:17:59.213,1INCH/USDT:USDT,0.2805,217.0,0.2804,513.0,0.2807,216.0,0.2808,943.0
1753521479355,09:17:59.355,1INCH/USDT:USDT,0.2805,217.0,0.2804,1240.0,0.2807,216.0,0.2808,943.0
1753521479450,09:17:59.450,1INCH/USDT:USDT,0.2805,217.0,0.2804,1240.0,0.2807,216.0,0.2808,943.0
1753521480677,09:18:00.677,1INCH/USDT:USDT,0.2805,217.0,0.2804,1240.0,0.2807,216.0,0.2808,943.0
1753521480794,09:18:00.794,1INCH/USDT:USDT,0.2805,217.0,0.2804,513.0,0.2807,216.0,0.2808,943.0
1753521480983,09:18:00.983,1INCH/USDT:USDT,0.2805,1815.0,0.2804,513.0,0.2807,216.0,0.2808,943.0
1753521481482,09:18:01.482,1INCH/USDT:USDT,0.2804,513.0,0.2803,2405.0,0.2807,216.0,0.2808,943.0
1753521484765,09:18:04.765,1INCH/USDT:USDT,0.2804,513.0,0.2803,2405.0,0.2807,216.0,0.2808,943.0
1753521484863,09:18:04.863,1INCH/USDT:USDT,0.2804,513.0,0.2803,2405.0,0.2807,216.0,0.2808,943.0
1753521485480,09:18:05.480,1INCH/USDT:USDT,0.2804,513.0,0.2803,2405.0,0.2807,216.0,0.2808,943.0
1753521486566,09:18:06.566,1INCH/USDT:USDT,0.2804,213.0,0.2803,2405.0,0.2807,216.0,0.2808,943.0
1753521486704,09:18:06.704,1INCH/USDT:USDT,0.2804,213.0,0.2803,2405.0,0.2807,216.0,0.2808,943.0
1753521486803,09:18:06.803,1INCH/USDT:USDT,0.2804,213.0,0.2803,590.0,0.2807,216.0,0.2808,943.0
1753521486968,09:18:06.968,1INCH/USDT:USDT,0.2804,213.0,0.2803,590.0,0.2806,221.0,0.2807,516.0
1753521486999,09:18:06.999,1INCH/USDT:USDT,0.2804,213.0,0.2803,518.0,0.2806,221.0,0.2807,516.0
1753521487309,09:18:07.309,1INCH/USDT:USDT,0.2804,213.0,0.2803,2333.0,0.2806,221.0,0.2807,516.0
1753521487672,09:18:07.672,1INCH/USDT:USDT,0.2803,2333.0,0.2802,1312.0,0.2805,221.0,0.2806,948.0
1753521487749,09:18:07.749,1INCH/USDT:USDT,0.2803,2333.0,0.2802,1240.0,0.2805,221.0,0.2806,948.0
1753521487851,09:18:07.851,1INCH/USDT:USDT,0.2803,2333.0,0.2802,1240.0,0.2805,221.0,0.2806,948.0
1753521490277,09:18:10.277,1INCH/USDT:USDT,0.2803,2333.0,0.2802,1240.0,0.2805,221.0,0.2806,948.0
1753521491474,09:18:11.474,1INCH/USDT:USDT,0.2803,518.0,0.2802,1240.0,0.2805,221.0,0.2806,948.0
1753521491480,09:18:11.480,1INCH/USDT:USDT,0.2803,518.0,0.2802,1240.0,0.2805,221.0,0.2806,948.0
1753521491716,09:18:11.716,1INCH/USDT:USDT,0.2803,518.0,0.2802,1240.0,0.2805,221.0,0.2806,948.0
1753521494675,09:18:14.675,1INCH/USDT:USDT,0.2803,218.0,0.2802,1240.0,0.2805,221.0,0.2806,948.0
1753521495086,09:18:15.086,1INCH/USDT:USDT,0.2803,218.0,0.2802,513.0,0.2805,221.0,0.2806,948.0
1753521495308,09:18:15.308,1INCH/USDT:USDT,0.2803,218.0,0.2802,513.0,0.2805,221.0,0.2806,948.0
1753521495557,09:18:15.557,1INCH/USDT:USDT,0.2802,513.0,0.2801,2400.0,0.2805,221.0,0.2806,948.0
1753521495660,09:18:15.660,1INCH/USDT:USDT,0.2803,218.0,0.2802,513.0,0.2805,221.0,0.2806,948.0
1753521495874,09:18:15.874,1INCH/USDT:USDT,0.2803,218.0,0.2802,513.0,0.2805,221.0,0.2806,948.0
1753521495902,09:18:15.902,1INCH/USDT:USDT,0.2803,218.0,0.2802,513.0,0.2805,221.0,0.2806,948.0
1753521496151,09:18:16.151,1INCH/USDT:USDT,0.2803,218.0,0.2802,513.0,0.2805,221.0,0.2806,948.0
1753521497777,09:18:17.777,1INCH/USDT:USDT,0.2803,218.0,0.2802,513.0,0.2805,221.0,0.2806,948.0
1753521498514,09:18:18.514,1INCH/USDT:USDT,0.2803,218.0,0.2802,1240.0,0.2805,221.0,0.2806,948.0
1753521498875,09:18:18.875,1INCH/USDT:USDT,0.2803,218.0,0.2802,513.0,0.2805,221.0,0.2806,948.0
1753521499300,09:18:19.300,1INCH/USDT:USDT,0.2803,218.0,0.2802,1240.0,0.2805,221.0,0.2806,948.0
1753521500678,09:18:20.678,1INCH/USDT:USDT,0.2803,218.0,0.2802,1240.0,0.2805,221.0,0.2806,948.0
1753521504998,09:18:24.998,1INCH/USDT:USDT,0.2803,218.0,0.2802,1240.0,0.2805,221.0,0.2806,948.0
1753521505478,09:18:25.478,1INCH/USDT:USDT,0.2803,218.0,0.2802,1240.0,0.2805,221.0,0.2806,948.0
1753521509555,09:18:29.555,1INCH/USDT:USDT,0.2803,218.0,0.2802,513.0,0.2805,221.0,0.2806,948.0
1753521509997,09:18:29.997,1INCH/USDT:USDT,0.2803,218.0,0.2802,1240.0,0.2805,221.0,0.2806,948.0
1753521510278,09:18:30.278,1INCH/USDT:USDT,0.2803,218.0,0.2802,1240.0,0.2805,221.0,0.2806,948.0
1753521511010,09:18:31.010,1INCH/USDT:USDT,0.2803,2033.0,0.2802,1240.0,0.2805,221.0,0.2806,948.0
1753521511451,09:18:31.451,1INCH/USDT:USDT,0.2803,2033.0,0.2802,1240.0,0.2805,221.0,0.2806,948.0
1753521511958,09:18:31.958,1INCH/USDT:USDT,0.2802,513.0,0.2801,2581.0,0.2805,221.0,0.2806,948.0
1753521512268,09:18:32.268,1INCH/USDT:USDT,0.2802,513.0,0.2801,2581.0,0.2805,221.0,0.2806,948.0
1753521512278,09:18:32.278,1INCH/USDT:USDT,0.2802,513.0,0.2801,2400.0,0.2805,221.0,0.2806,948.0
1753521515078,09:18:35.078,1INCH/USDT:USDT,0.2802,513.0,0.2801,2400.0,0.2805,221.0,0.2806,948.0
1753521515642,09:18:35.642,1INCH/USDT:USDT,0.2802,513.0,0.2801,2400.0,0.2805,221.0,0.2806,948.0
1753521519879,09:18:39.879,1INCH/USDT:USDT,0.2802,513.0,0.2801,2400.0,0.2805,221.0,0.2806,948.0
1753521520071,09:18:40.071,1INCH/USDT:USDT,0.2801,2400.0,0.28,1245.0,0.2805,221.0,0.2806,948.0
1753521520149,09:18:40.149,1INCH/USDT:USDT,0.2801,2328.0,0.28,1317.0,0.2804,217.0,0.2805,1290.0
1753521520250,09:18:40.250,1INCH/USDT:USDT,0.2802,217.0,0.2801,513.0,0.2804,217.0,0.2805,1290.0
1753521520331,09:18:40.331,1INCH/USDT:USDT,0.2802,217.0,0.2801,513.0,0.2804,217.0,0.2805,1290.0
1753521521408,09:18:41.408,1INCH/USDT:USDT,0.2802,217.0,0.2801,2328.0,0.2804,217.0,0.2805,1290.0
1753521521553,09:18:41.553,1INCH/USDT:USDT,0.2802,217.0,0.2801,2328.0,0.2804,217.0,0.2805,1290.0
1753521523818,09:18:43.818,1INCH/USDT:USDT,0.2802,217.0,0.2801,2328.0,0.2804,944.0,0.2805,1290.0
1753521524020,09:18:44.020,1INCH/USDT:USDT,0.2802,217.0,0.2801,2328.0,0.2803,217.0,0.2804,944.0
1753521524129,09:18:44.129,1INCH/USDT:USDT,0.2802,217.0,0.2801,2328.0,0.2803,217.0,0.2804,944.0
1753521524756,09:18:44.756,1INCH/USDT:USDT,0.2802,217.0,0.2801,2328.0,0.2804,944.0,0.2805,1290.0
1753521524934,09:18:44.934,1INCH/USDT:USDT,0.2802,217.0,0.2801,2328.0,0.2804,217.0,0.2805,1290.0
1753521525049,09:18:45.049,1INCH/USDT:USDT,0.2802,217.0,0.2801,2328.0,0.2804,217.0,0.2805,1290.0
1753521525203,09:18:45.203,1INCH/USDT:USDT,0.2802,217.0,0.2801,2328.0,0.2804,217.0,0.2805,1290.0
1753521526017,09:18:46.017,1INCH/USDT:USDT,0.2802,217.0,0.2801,2328.0,0.2804,217.0,0.2805,1290.0
1753521526425,09:18:46.425,1INCH/USDT:USDT,0.2802,217.0,0.2801,2328.0,0.2804,217.0,0.2805,1290.0
1753521526478,09:18:46.478,1INCH/USDT:USDT,0.2802,217.0,0.2801,2328.0,0.2804,217.0,0.2805,1290.0
1753521527229,09:18:47.229,1INCH/USDT:USDT,0.2802,217.0,0.2801,2328.0,0.2804,217.0,0.2805,1290.0
1753521528449,09:18:48.449,1INCH/USDT:USDT,0.2801,2328.0,0.28,1245.0,0.2803,217.0,0.2804,944.0
1753521528858,09:18:48.858,1INCH/USDT:USDT,0.2801,2328.0,0.28,1245.0,0.2803,217.0,0.2804,944.0
1753521529009,09:18:49.009,1INCH/USDT:USDT,0.2802,217.0,0.2801,2328.0,0.2803,217.0,0.2804,944.0
1753521530415,09:18:50.415,1INCH/USDT:USDT,0.2802,217.0,0.2801,2328.0,0.2804,944.0,0.2805,1290.0
1753521530885,09:18:50.885,1INCH/USDT:USDT,0.2802,217.0,0.2801,2328.0,0.2804,944.0,0.2805,1290.0
1753521531304,09:18:51.304,1INCH/USDT:USDT,0.2802,217.0,0.2801,2328.0,0.2804,944.0,0.2805,1290.0
1753521534469,09:18:54.469,1INCH/USDT:USDT,0.2801,2328.0,0.28,1245.0,0.2803,218.0,0.2804,944.0
1753521536078,09:18:56.078,1INCH/USDT:USDT,0.2801,2328.0,0.28,1245.0,0.2803,218.0,0.2804,944.0
1753521538660,09:18:58.660,1INCH/USDT:USDT,0.2801,218.0,0.28,518.0,0.2803,218.0,0.2804,944.0
1753521538740,09:18:58.740,1INCH/USDT:USDT,0.2801,218.0,0.28,1245.0,0.2803,218.0,0.2804,944.0
1753521538951,09:18:58.951,1INCH/USDT:USDT,0.2801,218.0,0.28,1245.0,0.2803,218.0,0.2804,944.0
1753521540732,09:19:00.732,1INCH/USDT:USDT,0.2801,218.0,0.28,1245.0,0.2803,218.0,0.2804,944.0
1753521540880,09:19:00.880,1INCH/USDT:USDT,0.2801,218.0,0.28,1245.0,0.2803,218.0,0.2804,944.0
1753521540984,09:19:00.984,1INCH/USDT:USDT,0.2801,218.0,0.28,1245.0,0.2803,218.0,0.2804,944.0
1753521541854,09:19:01.854,1INCH/USDT:USDT,0.28,1245.0,0.2799,2403.0,0.2803,218.0,0.2804,944.0
1753521542049,09:19:02.049,1INCH/USDT:USDT,0.28,518.0,0.2799,2403.0,0.2803,218.0,0.2804,944.0
1753521542173,09:19:02.173,1INCH/USDT:USDT,0.28,518.0,0.2799,2403.0,0.2803,218.0,0.2804,944.0
1753521542208,09:19:02.208,1INCH/USDT:USDT,0.28,518.0,0.2799,2403.0,0.2803,218.0,0.2804,944.0
1753521542286,09:19:02.286,1INCH/USDT:USDT,0.28,518.0,0.2799,2403.0,0.2803,218.0,0.2804,944.0
1753521543735,09:19:03.735,1INCH/USDT:USDT,0.28,518.0,0.2799,2403.0,0.2803,218.0,0.2804,944.0
1753521545642,09:19:05.642,1INCH/USDT:USDT,0.2801,216.0,0.28,518.0,0.2803,218.0,0.2804,944.0
1753521545723,09:19:05.723,1INCH/USDT:USDT,0.2801,216.0,0.28,518.0,0.2803,218.0,0.2804,944.0
1753521545840,09:19:05.840,1INCH/USDT:USDT,0.2801,216.0,0.28,518.0,0.2803,218.0,0.2804,944.0
1753521546113,09:19:06.113,1INCH/USDT:USDT,0.28,518.0,0.2799,2403.0,0.2803,218.0,0.2804,944.0
1753521546252,09:19:06.252,1INCH/USDT:USDT,0.28,518.0,0.2799,2403.0,0.2803,218.0,0.2804,944.0
1753521546963,09:19:06.963,1INCH/USDT:USDT,0.28,518.0,0.2799,2403.0,0.2803,218.0,0.2804,944.0
1753521549805,09:19:09.805,1INCH/USDT:USDT,0.28,518.0,0.2799,2403.0,0.2803,218.0,0.2804,944.0
1753521550424,09:19:10.424,1INCH/USDT:USDT,0.2801,220.0,0.28,518.0,0.2803,218.0,0.2804,944.0
1753521550501,09:19:10.501,1INCH/USDT:USDT,0.28,518.0,0.2799,2403.0,0.2803,218.0,0.2804,944.0
1753521551243,09:19:11.243,1INCH/USDT:USDT,0.28,518.0,0.2799,2403.0,0.2803,218.0,0.2804,944.0
1753521551349,09:19:11.349,1INCH/USDT:USDT,0.2799,2331.0,0.2798,1020.0,0.2802,220.0,0.2803,1288.0
1753521551464,09:19:11.464,1INCH/USDT:USDT,0.2799,2331.0,0.2798,1020.0,0.2802,220.0,0.2803,1288.0
1753521551565,09:19:11.565,1INCH/USDT:USDT,0.2799,516.0,0.2798,1020.0,0.2802,220.0,0.2803,1288.0
1753521551665,09:19:11.665,1INCH/USDT:USDT,0.2799,516.0,0.2798,1020.0,0.2802,220.0,0.2803,1288.0
1753521551681,09:19:11.681,1INCH/USDT:USDT,0.2799,516.0,0.2798,1020.0,0.2802,220.0,0.2803,1288.0
1753521552233,09:19:12.233,1INCH/USDT:USDT,0.2799,516.0,0.2798,1320.0,0.2802,220.0,0.2803,1288.0
1753521552434,09:19:12.434,1INCH/USDT:USDT,0.2799,516.0,0.2798,1320.0,0.2802,220.0,0.2803,1288.0
1753521553249,09:19:13.249,1INCH/USDT:USDT,0.2799,516.0,0.2798,1320.0,0.2802,220.0,0.2803,1288.0
1753521553323,09:19:13.323,1INCH/USDT:USDT,0.2799,2331.0,0.2798,1320.0,0.2802,220.0,0.2803,1288.0
1753521553443,09:19:13.443,1INCH/USDT:USDT,0.2799,516.0,0.2798,1320.0,0.2802,220.0,0.2803,1288.0
1753521553560,09:19:13.560,1INCH/USDT:USDT,0.2799,516.0,0.2798,1320.0,0.2802,220.0,0.2803,1288.0
1753521555278,09:19:15.278,1INCH/USDT:USDT,0.2799,516.0,0.2798,1320.0,0.2802,220.0,0.2803,1288.0
1753521555546,09:19:15.546,1INCH/USDT:USDT,0.2799,516.0,0.2798,1320.0,0.2802,220.0,0.2803,1288.0
1753521555748,09:19:15.748,1INCH/USDT:USDT,0.2799,516.0,0.2798,1320.0,0.2802,220.0,0.2803,1288.0
1753521557650,09:19:17.650,1INCH/USDT:USDT,0.2799,516.0,0.2798,1320.0,0.2802,220.0,0.2803,1288.0
1753521560079,09:19:20.079,1INCH/USDT:USDT,0.2799,516.0,0.2798,1320.0,0.2802,220.0,0.2803,1288.0
1753521561050,09:19:21.050,1INCH/USDT:USDT,0.2799,516.0,0.2798,1320.0,0.2802,220.0,0.2803,1288.0
1753521562816,09:19:22.816,1INCH/USDT:USDT,0.2799,516.0,0.2798,1320.0,0.2802,220.0,0.2803,1288.0
1753521564879,09:19:24.879,1INCH/USDT:USDT,0.2799,516.0,0.2798,1320.0,0.2802,220.0,0.2803,1288.0
1753521565012,09:19:25.012,1INCH/USDT:USDT,0.2799,516.0,0.2798,1320.0,0.2802,220.0,0.2803,1288.0
1753521568487,09:19:28.487,1INCH/USDT:USDT,0.2799,2331.0,0.2798,1320.0,0.2802,220.0,0.2803,1288.0
1753521569046,09:19:29.046,1INCH/USDT:USDT,0.2799,2331.0,0.2798,1320.0,0.2802,220.0,0.2803,1288.0
1753521569101,09:19:29.101,1INCH/USDT:USDT,0.2799,2331.0,0.2798,1320.0,0.2802,220.0,0.2803,1288.0
1753521569681,09:19:29.681,1INCH/USDT:USDT,0.2799,2331.0,0.2798,1320.0,0.2802,220.0,0.2803,1288.0
1753521573945,09:19:33.945,1INCH/USDT:USDT,0.2799,516.0,0.2798,1320.0,0.2802,220.0,0.2803,1288.0
1753521574479,09:19:34.479,1INCH/USDT:USDT,0.2799,516.0,0.2798,1320.0,0.2802,220.0,0.2803,1288.0
1753521575622,09:19:35.622,1INCH/USDT:USDT,0.2799,2331.0,0.2798,1320.0,0.2802,220.0,0.2803,1288.0
1753521575759,09:19:35.759,1INCH/USDT:USDT,0.2799,2331.0,0.2798,1320.0,0.2802,220.0,0.2803,1288.0
1753521575860,09:19:35.860,1INCH/USDT:USDT,0.2799,2331.0,0.2798,1320.0,0.2802,220.0,0.2803,1288.0
1753521576182,09:19:36.182,1INCH/USDT:USDT,0.2799,2331.0,0.2798,1320.0,0.2802,220.0,0.2803,1288.0
1753521577161,09:19:37.161,1INCH/USDT:USDT,0.28,727.0,0.2799,2331.0,0.2803,1288.0,0.2804,944.0
1753521577266,09:19:37.266,1INCH/USDT:USDT,0.28,727.0,0.2799,2403.0,0.2803,1288.0,0.2804,944.0
1753521577349,09:19:37.349,1INCH/USDT:USDT,0.28,727.0,0.2799,2403.0,0.2803,1288.0,0.2804,944.0
1753521577450,09:19:37.450,1INCH/USDT:USDT,0.28,727.0,0.2799,2403.0,0.2803,1288.0,0.2804,944.0
1753521579251,09:19:39.251,1INCH/USDT:USDT,0.28,727.0,0.2799,2403.0,0.2803,1288.0,0.2804,944.0
1753521579280,09:19:39.280,1INCH/USDT:USDT,0.28,727.0,0.2799,2403.0,0.2803,1288.0,0.2804,944.0
1753521580912,09:19:40.912,1INCH/USDT:USDT,0.28,1027.0,0.2799,2403.0,0.2803,1288.0,0.2804,944.0
1753521584080,09:19:44.080,1INCH/USDT:USDT,0.28,1027.0,0.2799,2403.0,0.2803,1288.0,0.2804,944.0
1753521588843,09:19:48.843,1INCH/USDT:USDT,0.28,1027.0,0.2799,2403.0,0.2803,1288.0,0.2804,944.0
1753521588880,09:19:48.880,1INCH/USDT:USDT,0.28,1027.0,0.2799,2403.0,0.2803,1288.0,0.2804,944.0
1753521591151,09:19:51.151,1INCH/USDT:USDT,0.28,1027.0,0.2799,2403.0,0.2803,1288.0,0.2804,944.0
1753521593681,09:19:53.681,1INCH/USDT:USDT,0.28,1027.0,0.2799,2403.0,0.2803,1288.0,0.2804,944.0
1753521598480,09:19:58.480,1INCH/USDT:USDT,0.28,1027.0,0.2799,2403.0,0.2803,1288.0,0.2804,944.0
1753521601597,09:20:01.597,1INCH/USDT:USDT,0.28,1027.0,0.2799,2403.0,0.2803,1288.0,0.2804,944.0
1753521603280,09:20:03.280,1INCH/USDT:USDT,0.28,1027.0,0.2799,2403.0,0.2803,1288.0,0.2804,944.0
1753521604946,09:20:04.946,1INCH/USDT:USDT,0.28,1027.0,0.2799,2403.0,0.2803,1288.0,0.2804,944.0
1753521608081,09:20:08.081,1INCH/USDT:USDT,0.28,1027.0,0.2799,2403.0,0.2803,1288.0,0.2804,944.0
1753521610154,09:20:10.154,1INCH/USDT:USDT,0.28,521.0,0.2799,2403.0,0.2803,1288.0,0.2804,944.0
1753521610191,09:20:10.191,1INCH/USDT:USDT,0.28,521.0,0.2799,2403.0,0.2803,1288.0,0.2804,944.0
1753521611305,09:20:11.305,1INCH/USDT:USDT,0.2801,221.0,0.28,1248.0,0.2803,1288.0,0.2804,944.0
1753521611446,09:20:11.446,1INCH/USDT:USDT,0.2801,221.0,0.28,1248.0,0.2803,1288.0,0.2804,944.0
1753521611607,09:20:11.607,1INCH/USDT:USDT,0.2801,221.0,0.28,521.0,0.2803,1288.0,0.2804,944.0
1753521611750,09:20:11.750,1INCH/USDT:USDT,0.2801,221.0,0.28,1248.0,0.2803,1288.0,0.2804,944.0
1753521612880,09:20:12.880,1INCH/USDT:USDT,0.2801,221.0,0.28,1248.0,0.2803,1288.0,0.2804,944.0
1753521617680,09:20:17.680,1INCH/USDT:USDT,0.2801,221.0,0.28,1248.0,0.2803,1288.0,0.2804,944.0
1753521620374,09:20:20.374,1INCH/USDT:USDT,0.2801,221.0,0.28,1248.0,0.2804,217.0,0.2805,521.0
1753521620389,09:20:20.389,1INCH/USDT:USDT,0.2801,221.0,0.28,1320.0,0.2804,217.0,0.2805,521.0
1753521622481,09:20:22.481,1INCH/USDT:USDT,0.2801,221.0,0.28,1320.0,0.2804,217.0,0.2805,521.0
1753521623272,09:20:23.272,1INCH/USDT:USDT,0.2802,218.0,0.2801,2036.0,0.2804,217.0,0.2805,521.0
1753521623354,09:20:23.354,1INCH/USDT:USDT,0.2802,218.0,0.2801,2036.0,0.2804,217.0,0.2805,521.0
1753521623573,09:20:23.573,1INCH/USDT:USDT,0.2802,218.0,0.2801,2036.0,0.2804,217.0,0.2805,521.0
1753521623787,09:20:23.787,1INCH/USDT:USDT,0.2802,218.0,0.2801,2036.0,0.2804,217.0,0.2805,521.0
1753521623953,09:20:23.953,1INCH/USDT:USDT,0.2802,218.0,0.2801,2036.0,0.2804,217.0,0.2805,521.0
1753521624672,09:20:24.672,1INCH/USDT:USDT,0.2802,218.0,0.2801,221.0,0.2804,217.0,0.2805,521.0
1753521624678,09:20:24.678,1INCH/USDT:USDT,0.2801,221.0,0.28,1320.0,0.2804,217.0,0.2805,521.0
1753521624782,09:20:24.782,1INCH/USDT:USDT,0.2801,221.0,0.28,1320.0,0.2804,217.0,0.2805,521.0
1753521625222,09:20:25.222,1INCH/USDT:USDT,0.2801,221.0,0.28,1320.0,0.2804,217.0,0.2805,521.0
1753521627246,09:20:27.246,1INCH/USDT:USDT,0.2802,1815.0,0.2801,221.0,0.2804,217.0,0.2805,521.0
1753521627338,09:20:27.338,1INCH/USDT:USDT,0.2802,218.0,0.2801,2036.0,0.2804,217.0,0.2805,521.0
1753521627623,09:20:27.623,1INCH/USDT:USDT,0.2802,218.0,0.2801,2036.0,0.2804,217.0,0.2805,521.0
1753521627861,09:20:27.861,1INCH/USDT:USDT,0.2802,218.0,0.2801,2036.0,0.2804,217.0,0.2805,521.0
1753521630157,09:20:30.157,1INCH/USDT:USDT,0.2801,221.0,0.28,1320.0,0.2804,217.0,0.2805,521.0
1753521630452,09:20:30.452,1INCH/USDT:USDT,0.2801,221.0,0.28,1320.0,0.2804,217.0,0.2805,521.0
1753521630707,09:20:30.707,1INCH/USDT:USDT,0.2802,215.0,0.2801,2036.0,0.2804,217.0,0.2805,521.0
1753521631260,09:20:31.260,1INCH/USDT:USDT,0.2801,221.0,0.28,1320.0,0.2804,217.0,0.2805,521.0
1753521631483,09:20:31.483,1INCH/USDT:USDT,0.2801,221.0,0.28,1320.0,0.2804,217.0,0.2805,521.0
1753521632081,09:20:32.081,1INCH/USDT:USDT,0.2801,221.0,0.28,1320.0,0.2804,217.0,0.2805,521.0
1753521636880,09:20:36.880,1INCH/USDT:USDT,0.2801,221.0,0.28,1320.0,0.2804,217.0,0.2805,521.0
1753521641681,09:20:41.681,1INCH/USDT:USDT,0.2801,221.0,0.28,1320.0,0.2804,217.0,0.2805,521.0
1753521644157,09:20:44.157,1INCH/USDT:USDT,0.2802,210.0,0.2801,2036.0,0.2804,217.0,0.2805,521.0
1753521644249,09:20:44.249,1INCH/USDT:USDT,0.2802,210.0,0.2801,2036.0,0.2804,217.0,0.2805,521.0
1753521644350,09:20:44.350,1INCH/USDT:USDT,0.2802,210.0,0.2801,2036.0,0.2804,217.0,0.2805,521.0
1753521644545,09:20:44.545,1INCH/USDT:USDT,0.2802,210.0,0.2801,2036.0,0.2804,217.0,0.2805,521.0
1753521646482,09:20:46.482,1INCH/USDT:USDT,0.2802,210.0,0.2801,2036.0,0.2804,217.0,0.2805,521.0
1753521651281,09:20:51.281,1INCH/USDT:USDT,0.2802,210.0,0.2801,2036.0,0.2804,217.0,0.2805,521.0
1753521651403,09:20:51.403,1INCH/USDT:USDT,0.2802,210.0,0.2801,2036.0,0.2804,217.0,0.2805,521.0
1753521653048,09:20:53.048,1INCH/USDT:USDT,0.2801,221.0,0.28,1248.0,0.2803,220.0,0.2804,944.0
1753521653406,09:20:53.406,1INCH/USDT:USDT,0.2801,221.0,0.28,1248.0,0.2803,220.0,0.2804,944.0
1753521653875,09:20:53.875,1INCH/USDT:USDT,0.2801,221.0,0.28,1248.0,0.2803,220.0,0.2804,944.0
