timestamp,time,symbol,bid1_price,bid1_volume,bid2_price,bid2_volume,ask1_price,ask1_volume,ask2_price,ask2_volume
1753520627000,09:03:47.000,ALCH/USDT:USDT,0.1394,32.0,0.13939,82.0,0.13963,32.0,0.13964,195.0
1753520627068,09:03:47.068,ALCH/USDT:USDT,0.1394,32.0,0.13939,82.0,0.13963,32.0,0.13964,195.0
1753520628122,09:03:48.122,ALCH/USDT:USDT,0.13936,32.0,0.13934,15.0,0.13963,32.0,0.13964,195.0
1753520628175,09:03:48.175,ALCH/USDT:USDT,0.13936,32.0,0.13933,174.0,0.13963,32.0,0.13964,195.0
1753520628300,09:03:48.300,ALCH/USDT:USDT,0.13936,32.0,0.13933,174.0,0.13963,32.0,0.13964,195.0
1753520628734,09:03:48.734,ALCH/USDT:USDT,0.13939,31.0,0.13938,98.0,0.13963,32.0,0.13964,195.0
1753520628764,09:03:48.764,ALCH/USDT:USDT,0.13939,31.0,0.13938,98.0,0.13963,32.0,0.13964,195.0
1753520629209,09:03:49.209,ALCH/USDT:USDT,0.1394,31.0,0.13939,101.0,0.13963,32.0,0.13964,195.0
1753520629466,09:03:49.466,ALCH/USDT:USDT,0.1394,31.0,0.13939,101.0,0.13963,32.0,0.13964,195.0
1753520629661,09:03:49.661,ALCH/USDT:USDT,0.1394,31.0,0.13939,101.0,0.13963,32.0,0.13964,195.0
1753520632245,09:03:52.245,ALCH/USDT:USDT,0.1394,31.0,0.13939,101.0,0.13963,32.0,0.13964,195.0
1753520632545,09:03:52.545,ALCH/USDT:USDT,0.1394,31.0,0.13939,101.0,0.13963,32.0,0.13964,195.0
1753520632648,09:03:52.648,ALCH/USDT:USDT,0.1394,31.0,0.13939,52.0,0.13963,32.0,0.13964,195.0
1753520632660,09:03:52.660,ALCH/USDT:USDT,0.1394,31.0,0.13939,52.0,0.13963,32.0,0.13964,195.0
1753520633333,09:03:53.333,ALCH/USDT:USDT,0.1394,31.0,0.13939,52.0,0.13963,32.0,0.13964,195.0
1753520633442,09:03:53.442,ALCH/USDT:USDT,0.13935,31.0,0.13934,50.0,0.13963,32.0,0.13964,195.0
1753520633459,09:03:53.459,ALCH/USDT:USDT,0.13935,31.0,0.13934,50.0,0.13963,32.0,0.13964,195.0
1753520634098,09:03:54.098,ALCH/USDT:USDT,0.13936,31.0,0.13935,80.0,0.13963,32.0,0.13964,195.0
1753520634250,09:03:54.250,ALCH/USDT:USDT,0.13936,31.0,0.13935,49.0,0.13963,32.0,0.13964,195.0
1753520634257,09:03:54.257,ALCH/USDT:USDT,0.13936,31.0,0.13934,50.0,0.13963,32.0,0.13964,195.0
1753520634570,09:03:54.570,ALCH/USDT:USDT,0.13936,31.0,0.13934,50.0,0.13963,32.0,0.13964,195.0
1753520634987,09:03:54.987,ALCH/USDT:USDT,0.13936,31.0,0.13934,50.0,0.13963,32.0,0.13964,195.0
1753520635145,09:03:55.145,ALCH/USDT:USDT,0.13937,31.0,0.13936,211.0,0.13963,32.0,0.13964,195.0
1753520635176,09:03:55.176,ALCH/USDT:USDT,0.13938,31.0,0.13937,67.0,0.13963,32.0,0.13964,195.0
1753520635297,09:03:55.297,ALCH/USDT:USDT,0.13939,31.0,0.13938,36.0,0.13963,32.0,0.13964,195.0
1753520635405,09:03:55.405,ALCH/USDT:USDT,0.13939,31.0,0.13938,36.0,0.13963,32.0,0.13964,195.0
1753520635749,09:03:55.749,ALCH/USDT:USDT,0.13939,31.0,0.13938,36.0,0.13963,32.0,0.13964,195.0
1753520635755,09:03:55.755,ALCH/USDT:USDT,0.13939,31.0,0.13938,36.0,0.13963,32.0,0.13964,195.0
1753520636666,09:03:56.666,ALCH/USDT:USDT,0.13939,31.0,0.13938,36.0,0.13963,32.0,0.13964,195.0
1753520638702,09:03:58.702,ALCH/USDT:USDT,0.1394,31.0,0.13939,144.0,0.13963,32.0,0.13964,195.0
1753520639502,09:03:59.502,ALCH/USDT:USDT,0.1394,31.0,0.13939,144.0,0.13963,32.0,0.13964,195.0
1753520639862,09:03:59.862,ALCH/USDT:USDT,0.1394,31.0,0.13939,144.0,0.13963,32.0,0.13964,195.0
1753520640130,09:04:00.130,ALCH/USDT:USDT,0.1394,31.0,0.13939,108.0,0.13963,32.0,0.13964,195.0
1753520641987,09:04:01.987,ALCH/USDT:USDT,0.1394,31.0,0.13939,108.0,0.13963,32.0,0.13964,195.0
1753520642357,09:04:02.357,ALCH/USDT:USDT,0.1394,31.0,0.13939,108.0,0.13963,32.0,0.13964,195.0
1753520642535,09:04:02.535,ALCH/USDT:USDT,0.1394,31.0,0.13935,31.0,0.13963,32.0,0.13964,195.0
1753520642593,09:04:02.593,ALCH/USDT:USDT,0.13936,31.0,0.13935,79.0,0.13963,32.0,0.13964,195.0
1753520642817,09:04:02.817,ALCH/USDT:USDT,0.13937,31.0,0.13936,139.0,0.13963,32.0,0.13964,195.0
1753520642860,09:04:02.860,ALCH/USDT:USDT,0.13937,31.0,0.13936,139.0,0.13963,32.0,0.13964,195.0
1753520643138,09:04:03.138,ALCH/USDT:USDT,0.13938,31.0,0.13937,36.0,0.13963,32.0,0.13964,195.0
1753520643179,09:04:03.179,ALCH/USDT:USDT,0.13938,31.0,0.13937,36.0,0.13963,32.0,0.13964,195.0
1753520643264,09:04:03.264,ALCH/USDT:USDT,0.13938,31.0,0.13937,36.0,0.13963,32.0,0.13964,195.0
1753520643433,09:04:03.433,ALCH/USDT:USDT,0.13939,31.0,0.13938,72.0,0.13963,32.0,0.13964,195.0
1753520643594,09:04:03.594,ALCH/USDT:USDT,0.13939,31.0,0.13938,72.0,0.13963,32.0,0.13964,195.0
1753520644461,09:04:04.461,ALCH/USDT:USDT,0.13939,31.0,0.13938,72.0,0.13963,32.0,0.13964,195.0
1753520646103,09:04:06.103,ALCH/USDT:USDT,0.13939,31.0,0.13938,72.0,0.13963,32.0,0.13964,195.0
1753520646504,09:04:06.504,ALCH/USDT:USDT,0.13939,31.0,0.13938,72.0,0.13963,32.0,0.13964,195.0
1753520647775,09:04:07.775,ALCH/USDT:USDT,0.13939,31.0,0.13938,72.0,0.13963,32.0,0.13964,195.0
1753520647900,09:04:07.900,ALCH/USDT:USDT,0.1394,31.0,0.13939,36.0,0.13963,32.0,0.13964,195.0
1753520648001,09:04:08.001,ALCH/USDT:USDT,0.1394,31.0,0.13939,36.0,0.13963,32.0,0.13964,195.0
1753520648127,09:04:08.127,ALCH/USDT:USDT,0.1394,31.0,0.13939,36.0,0.13963,32.0,0.13964,195.0
1753520648160,09:04:08.160,ALCH/USDT:USDT,0.1394,31.0,0.13939,36.0,0.13963,32.0,0.13964,195.0
1753520648362,09:04:08.362,ALCH/USDT:USDT,0.1394,31.0,0.13939,36.0,0.13963,32.0,0.13964,195.0
1753520648552,09:04:08.552,ALCH/USDT:USDT,0.1394,31.0,0.13939,36.0,0.13963,32.0,0.13964,195.0
1753520648552,09:04:08.552,ALCH/USDT:USDT,0.1394,31.0,0.13939,36.0,0.13963,32.0,0.13964,195.0
1753520648747,09:04:08.747,ALCH/USDT:USDT,0.1394,31.0,0.13939,36.0,0.13963,32.0,0.13964,195.0
1753520648756,09:04:08.756,ALCH/USDT:USDT,0.1394,31.0,0.13939,36.0,0.13963,32.0,0.13964,195.0
1753520649689,09:04:09.689,ALCH/USDT:USDT,0.1394,31.0,0.13939,36.0,0.13963,32.0,0.13964,195.0
1753520650495,09:04:10.495,ALCH/USDT:USDT,0.1394,31.0,0.13939,36.0,0.13963,32.0,0.13964,195.0
1753520651386,09:04:11.386,ALCH/USDT:USDT,0.1394,31.0,0.13939,36.0,0.13963,32.0,0.13964,195.0
1753520652043,09:04:12.043,ALCH/USDT:USDT,0.1394,31.0,0.13939,36.0,0.13963,32.0,0.13964,195.0
1753520652141,09:04:12.141,ALCH/USDT:USDT,0.13936,67.0,0.13935,127.0,0.13963,32.0,0.13964,195.0
1753520652201,09:04:12.201,ALCH/USDT:USDT,0.13939,31.0,0.13938,175.0,0.13963,32.0,0.13964,195.0
1753520652347,09:04:12.347,ALCH/USDT:USDT,0.13939,31.0,0.13938,144.0,0.13963,32.0,0.13964,195.0
1753520652375,09:04:12.375,ALCH/USDT:USDT,0.13939,31.0,0.13938,144.0,0.13963,32.0,0.13964,195.0
1753520652545,09:04:12.545,ALCH/USDT:USDT,0.13939,31.0,0.13938,144.0,0.13963,32.0,0.13964,195.0
1753520652630,09:04:12.630,ALCH/USDT:USDT,0.13939,31.0,0.13938,144.0,0.13963,32.0,0.13964,195.0
1753520655235,09:04:15.235,ALCH/USDT:USDT,0.13939,31.0,0.13938,144.0,0.13963,32.0,0.13964,195.0
1753520655296,09:04:15.296,ALCH/USDT:USDT,0.13939,31.0,0.13938,144.0,0.13963,32.0,0.13964,195.0
1753520655595,09:04:15.595,ALCH/USDT:USDT,0.13939,31.0,0.13938,144.0,0.13963,32.0,0.13964,195.0
1753520655737,09:04:15.737,ALCH/USDT:USDT,0.13937,31.0,0.13936,222.0,0.13963,32.0,0.13964,195.0
1753520655760,09:04:15.760,ALCH/USDT:USDT,0.13937,31.0,0.13936,222.0,0.13963,32.0,0.13964,195.0
1753520656302,09:04:16.302,ALCH/USDT:USDT,0.13937,31.0,0.13936,222.0,0.13961,31.0,0.13962,23.0
1753520657142,09:04:17.142,ALCH/USDT:USDT,0.13938,31.0,0.13937,36.0,0.13961,31.0,0.13962,23.0
1753520657176,09:04:17.176,ALCH/USDT:USDT,0.13938,31.0,0.13937,36.0,0.13961,31.0,0.13962,23.0
1753520657377,09:04:17.377,ALCH/USDT:USDT,0.13938,31.0,0.13937,36.0,0.13963,32.0,0.13964,195.0
1753520657499,09:04:17.499,ALCH/USDT:USDT,0.13938,31.0,0.13937,36.0,0.13962,31.0,0.13963,227.0
1753520657651,09:04:17.651,ALCH/USDT:USDT,0.13938,31.0,0.13937,36.0,0.13962,31.0,0.13963,195.0
1753520658604,09:04:18.604,ALCH/USDT:USDT,0.13938,31.0,0.13937,36.0,0.13962,31.0,0.13963,195.0
1753520658702,09:04:18.702,ALCH/USDT:USDT,0.13938,31.0,0.13937,36.0,0.13962,31.0,0.13963,195.0
1753520658800,09:04:18.800,ALCH/USDT:USDT,0.13938,31.0,0.13937,36.0,0.13962,31.0,0.13963,195.0
1753520659833,09:04:19.833,ALCH/USDT:USDT,0.13939,31.0,0.13938,108.0,0.13962,31.0,0.13963,195.0
1753520659941,09:04:19.941,ALCH/USDT:USDT,0.13939,31.0,0.13938,108.0,0.13962,31.0,0.13963,195.0
1753520660776,09:04:20.776,ALCH/USDT:USDT,0.13939,31.0,0.13938,108.0,0.13962,31.0,0.13963,195.0
1753520661083,09:04:21.083,ALCH/USDT:USDT,0.13939,31.0,0.13938,108.0,0.13962,31.0,0.13963,195.0
1753520661596,09:04:21.596,ALCH/USDT:USDT,0.13939,31.0,0.13938,108.0,0.13962,31.0,0.13963,195.0
1753520662699,09:04:22.699,ALCH/USDT:USDT,0.13939,31.0,0.13938,108.0,0.13962,31.0,0.13963,195.0
1753520662757,09:04:22.757,ALCH/USDT:USDT,0.13939,31.0,0.13938,108.0,0.13962,31.0,0.13963,195.0
1753520663420,09:04:23.420,ALCH/USDT:USDT,0.1394,31.0,0.13939,72.0,0.13962,31.0,0.13963,195.0
1753520663459,09:04:23.459,ALCH/USDT:USDT,0.1394,31.0,0.13939,72.0,0.13962,31.0,0.13963,195.0
1753520664220,09:04:24.220,ALCH/USDT:USDT,0.13941,31.0,0.1394,67.0,0.13962,31.0,0.13963,195.0
1753520664432,09:04:24.432,ALCH/USDT:USDT,0.13942,31.0,0.13941,36.0,0.13962,31.0,0.13963,195.0
1753520665146,09:04:25.146,ALCH/USDT:USDT,0.13942,31.0,0.13941,36.0,0.13962,31.0,0.13963,195.0
1753520665665,09:04:25.665,ALCH/USDT:USDT,0.13942,31.0,0.13941,36.0,0.13962,31.0,0.13963,195.0
1753520666079,09:04:26.079,ALCH/USDT:USDT,0.13942,31.0,0.13941,36.0,0.13962,31.0,0.13963,195.0
1753520666646,09:04:26.646,ALCH/USDT:USDT,0.13942,31.0,0.13941,36.0,0.13962,31.0,0.13963,195.0
1753520666694,09:04:26.694,ALCH/USDT:USDT,0.13942,31.0,0.13941,36.0,0.13962,31.0,0.13963,195.0
1753520667110,09:04:27.110,ALCH/USDT:USDT,0.13943,31.0,0.13942,36.0,0.13962,31.0,0.13963,195.0
1753520667547,09:04:27.547,ALCH/USDT:USDT,0.13944,31.0,0.13943,108.0,0.13962,31.0,0.13963,195.0
1753520667702,09:04:27.702,ALCH/USDT:USDT,0.13944,31.0,0.13943,72.0,0.13962,31.0,0.13963,195.0
1753520669655,09:04:29.655,ALCH/USDT:USDT,0.13944,31.0,0.13943,72.0,0.13962,31.0,0.13963,195.0
1753520670535,09:04:30.535,ALCH/USDT:USDT,0.13944,31.0,0.13943,72.0,0.13962,31.0,0.13963,195.0
1753520670614,09:04:30.614,ALCH/USDT:USDT,0.13944,31.0,0.13943,72.0,0.13962,31.0,0.13963,195.0
1753520670836,09:04:30.836,ALCH/USDT:USDT,0.13936,31.0,0.13935,108.0,0.13962,31.0,0.13963,195.0
1753520670952,09:04:30.952,ALCH/USDT:USDT,0.13936,31.0,0.13935,108.0,0.13962,31.0,0.13963,195.0
1753520671810,09:04:31.810,ALCH/USDT:USDT,0.13936,31.0,0.13935,108.0,0.13962,31.0,0.13963,195.0
1753520672355,09:04:32.355,ALCH/USDT:USDT,0.13936,31.0,0.13935,108.0,0.13962,31.0,0.13964,125.0
1753520673097,09:04:33.097,ALCH/USDT:USDT,0.13937,31.0,0.13936,36.0,0.13962,31.0,0.13964,125.0
1753520673429,09:04:33.429,ALCH/USDT:USDT,0.13937,31.0,0.13936,36.0,0.13962,31.0,0.13964,125.0
1753520673595,09:04:33.595,ALCH/USDT:USDT,0.13937,31.0,0.13936,36.0,0.13962,31.0,0.13968,195.0
1753520673844,09:04:33.844,ALCH/USDT:USDT,0.13937,31.0,0.13936,36.0,0.13962,31.0,0.13968,195.0
1753520674147,09:04:34.147,ALCH/USDT:USDT,0.13937,31.0,0.13936,36.0,0.13962,31.0,0.13967,50.0
1753520676125,09:04:36.125,ALCH/USDT:USDT,0.13938,31.0,0.13935,31.0,0.13962,31.0,0.13967,50.0
1753520676159,09:04:36.159,ALCH/USDT:USDT,0.13938,31.0,0.13935,31.0,0.13962,31.0,0.13967,50.0
1753520676268,09:04:36.268,ALCH/USDT:USDT,0.13935,31.0,0.13934,50.0,0.13962,31.0,0.13967,50.0
1753520676683,09:04:36.683,ALCH/USDT:USDT,0.13935,31.0,0.13934,50.0,0.13962,31.0,0.13967,50.0
1753520681287,09:04:41.287,ALCH/USDT:USDT,0.13935,31.0,0.13934,50.0,0.13962,31.0,0.13967,50.0
1753520681357,09:04:41.357,ALCH/USDT:USDT,0.13935,31.0,0.13934,50.0,0.13962,31.0,0.13967,50.0
1753520682456,09:04:42.456,ALCH/USDT:USDT,0.13935,31.0,0.13934,50.0,0.13962,31.0,0.13967,50.0
1753520686298,09:04:46.298,ALCH/USDT:USDT,0.13935,31.0,0.13934,50.0,0.13962,31.0,0.13967,50.0
1753520689040,09:04:49.040,ALCH/USDT:USDT,0.13938,31.0,0.13937,108.0,0.13962,31.0,0.13967,50.0
1753520689152,09:04:49.152,ALCH/USDT:USDT,0.13939,31.0,0.13938,72.0,0.13961,31.0,0.13962,226.0
1753520689239,09:04:49.239,ALCH/USDT:USDT,0.13939,31.0,0.13938,72.0,0.13961,31.0,0.13967,195.0
1753520689349,09:04:49.349,ALCH/USDT:USDT,0.13941,31.0,0.13939,175.0,0.13965,31.0,0.13967,195.0
1753520689421,09:04:49.421,ALCH/USDT:USDT,0.13942,31.0,0.13941,36.0,0.13964,31.0,0.13965,195.0
1753520689549,09:04:49.549,ALCH/USDT:USDT,0.13943,31.0,0.13942,36.0,0.13964,31.0,0.13965,195.0
1753520689618,09:04:49.618,ALCH/USDT:USDT,0.13943,31.0,0.13941,67.0,0.13963,31.0,0.13964,195.0
1753520689752,09:04:49.752,ALCH/USDT:USDT,0.13943,67.0,0.13941,67.0,0.13963,31.0,0.13964,195.0
1753520689756,09:04:49.756,ALCH/USDT:USDT,0.13944,31.0,0.13943,36.0,0.13963,31.0,0.13964,195.0
1753520690570,09:04:50.570,ALCH/USDT:USDT,0.13945,31.0,0.13944,72.0,0.13963,31.0,0.13964,195.0
1753520690676,09:04:50.676,ALCH/USDT:USDT,0.13946,31.0,0.13945,36.0,0.13963,31.0,0.13964,195.0
1753520690996,09:04:50.996,ALCH/USDT:USDT,0.13944,31.0,0.13941,67.0,0.13963,31.0,0.13964,195.0
1753520691060,09:04:51.060,ALCH/USDT:USDT,0.13944,31.0,0.13941,67.0,0.13963,31.0,0.13969,195.0
1753520691379,09:04:51.379,ALCH/USDT:USDT,0.13944,31.0,0.13941,67.0,0.13963,31.0,0.13969,195.0
1753520691506,09:04:51.506,ALCH/USDT:USDT,0.13945,31.0,0.13944,139.0,0.13963,31.0,0.13969,195.0
1753520691565,09:04:51.565,ALCH/USDT:USDT,0.13945,31.0,0.13944,31.0,0.13963,31.0,0.13969,195.0
1753520691675,09:04:51.675,ALCH/USDT:USDT,0.13943,31.0,0.13941,67.0,0.13963,31.0,0.13969,195.0
1753520691800,09:04:51.800,ALCH/USDT:USDT,0.13944,31.0,0.13943,108.0,0.13963,31.0,0.13969,195.0
1753520691946,09:04:51.946,ALCH/USDT:USDT,0.13944,31.0,0.13943,108.0,0.13963,31.0,0.13968,50.0
1753520692448,09:04:52.448,ALCH/USDT:USDT,0.13945,31.0,0.13944,72.0,0.13963,31.0,0.13968,50.0
1753520692500,09:04:52.500,ALCH/USDT:USDT,0.13945,31.0,0.13944,36.0,0.13963,31.0,0.13968,50.0
1753520692615,09:04:52.615,ALCH/USDT:USDT,0.13945,31.0,0.13944,36.0,0.13963,31.0,0.13968,50.0
1753520692935,09:04:52.935,ALCH/USDT:USDT,0.13945,31.0,0.13944,36.0,0.13963,31.0,0.13968,50.0
1753520693034,09:04:53.034,ALCH/USDT:USDT,0.13945,31.0,0.13944,36.0,0.13963,31.0,0.13968,50.0
1753520693122,09:04:53.122,ALCH/USDT:USDT,0.13945,31.0,0.13944,36.0,0.13963,31.0,0.13968,50.0
1753520693862,09:04:53.862,ALCH/USDT:USDT,0.13945,31.0,0.13944,36.0,0.13963,31.0,0.13968,50.0
1753520694446,09:04:54.446,ALCH/USDT:USDT,0.13946,31.0,0.13945,31.0,0.13963,31.0,0.13968,50.0
1753520694462,09:04:54.462,ALCH/USDT:USDT,0.13946,31.0,0.13945,31.0,0.13963,31.0,0.13968,50.0
1753520694594,09:04:54.594,ALCH/USDT:USDT,0.13946,31.0,0.13944,36.0,0.13963,31.0,0.13968,50.0
1753520694685,09:04:54.685,ALCH/USDT:USDT,0.13946,31.0,0.13944,36.0,0.13963,31.0,0.13968,50.0
1753520695278,09:04:55.278,ALCH/USDT:USDT,0.13946,31.0,0.13944,67.0,0.13963,31.0,0.13968,50.0
1753520695502,09:04:55.502,ALCH/USDT:USDT,0.13946,31.0,0.13944,67.0,0.13963,31.0,0.13968,50.0
1753520695902,09:04:55.902,ALCH/USDT:USDT,0.13946,67.0,0.13944,31.0,0.13963,31.0,0.13968,50.0
1753520696042,09:04:56.042,ALCH/USDT:USDT,0.13947,31.0,0.13946,67.0,0.13963,31.0,0.13968,50.0
1753520696193,09:04:56.193,ALCH/USDT:USDT,0.13947,31.0,0.13946,36.0,0.13963,31.0,0.13968,50.0
1753520696727,09:04:56.727,ALCH/USDT:USDT,0.13944,72.0,0.13937,31.0,0.13963,31.0,0.13968,50.0
1753520696848,09:04:56.848,ALCH/USDT:USDT,0.13945,32.0,0.13944,36.0,0.13963,31.0,0.13968,50.0
1753520697140,09:04:57.140,ALCH/USDT:USDT,0.13945,32.0,0.13944,36.0,0.13963,31.0,0.13968,50.0
1753520697558,09:04:57.558,ALCH/USDT:USDT,0.13945,32.0,0.13944,36.0,0.13963,31.0,0.13968,50.0
1753520697811,09:04:57.811,ALCH/USDT:USDT,0.13946,32.0,0.13945,68.0,0.13963,31.0,0.13968,50.0
1753520697862,09:04:57.862,ALCH/USDT:USDT,0.13946,32.0,0.13945,32.0,0.13963,31.0,0.13968,50.0
1753520697988,09:04:57.988,ALCH/USDT:USDT,0.13946,32.0,0.13944,36.0,0.13963,31.0,0.13968,50.0
1753520698808,09:04:58.808,ALCH/USDT:USDT,0.13946,32.0,0.13944,36.0,0.13963,31.0,0.13968,50.0
1753520699238,09:04:59.238,ALCH/USDT:USDT,0.13946,68.0,0.13944,36.0,0.13963,31.0,0.13968,50.0
1753520699287,09:04:59.287,ALCH/USDT:USDT,0.13946,32.0,0.13944,36.0,0.13963,31.0,0.13968,50.0
1753520700076,09:05:00.076,ALCH/USDT:USDT,0.13937,31.0,0.13936,50.0,0.13963,31.0,0.13968,50.0
1753520700160,09:05:00.160,ALCH/USDT:USDT,0.13937,31.0,0.13936,50.0,0.13963,31.0,0.13968,50.0
1753520700429,09:05:00.429,ALCH/USDT:USDT,0.13937,31.0,0.13936,50.0,0.13963,31.0,0.13968,50.0
1753520700552,09:05:00.552,ALCH/USDT:USDT,0.1394,32.0,0.13939,118.0,0.13963,31.0,0.13968,50.0
1753520700566,09:05:00.566,ALCH/USDT:USDT,0.1394,32.0,0.13939,118.0,0.13963,31.0,0.13968,50.0
1753520700671,09:05:00.671,ALCH/USDT:USDT,0.1394,32.0,0.13939,86.0,0.13963,31.0,0.13968,50.0
1753520700907,09:05:00.907,ALCH/USDT:USDT,0.1394,32.0,0.13939,86.0,0.13963,31.0,0.13968,50.0
1753520701717,09:05:01.717,ALCH/USDT:USDT,0.1394,32.0,0.13939,86.0,0.13963,31.0,0.13968,50.0
1753520701834,09:05:01.834,ALCH/USDT:USDT,0.1394,32.0,0.13939,86.0,0.13963,31.0,0.13968,50.0
1753520702584,09:05:02.584,ALCH/USDT:USDT,0.13941,32.0,0.1394,36.0,0.13963,31.0,0.13968,50.0
1753520702911,09:05:02.911,ALCH/USDT:USDT,0.13941,32.0,0.1394,36.0,0.13963,31.0,0.13968,50.0
1753520703083,09:05:03.083,ALCH/USDT:USDT,0.13942,32.0,0.13941,68.0,0.13963,31.0,0.13968,50.0
1753520703214,09:05:03.214,ALCH/USDT:USDT,0.13942,32.0,0.13941,36.0,0.13963,31.0,0.13968,50.0
1753520703813,09:05:03.813,ALCH/USDT:USDT,0.13942,32.0,0.13941,36.0,0.13963,31.0,0.13968,50.0
1753520703878,09:05:03.878,ALCH/USDT:USDT,0.13942,32.0,0.13941,36.0,0.13963,31.0,0.13968,50.0
1753520704337,09:05:04.337,ALCH/USDT:USDT,0.13943,32.0,0.13942,36.0,0.13963,31.0,0.13968,50.0
1753520704392,09:05:04.392,ALCH/USDT:USDT,0.13944,32.0,0.13943,72.0,0.13963,31.0,0.13968,50.0
1753520704700,09:05:04.700,ALCH/USDT:USDT,0.13944,32.0,0.13943,72.0,0.13963,31.0,0.13968,50.0
1753520705604,09:05:05.604,ALCH/USDT:USDT,0.13944,32.0,0.13943,72.0,0.13963,31.0,0.13968,50.0
1753520705671,09:05:05.671,ALCH/USDT:USDT,0.13944,32.0,0.13943,72.0,0.13963,31.0,0.13968,50.0
1753520705874,09:05:05.874,ALCH/USDT:USDT,0.13944,32.0,0.13943,72.0,0.13963,31.0,0.13968,50.0
1753520706120,09:05:06.120,ALCH/USDT:USDT,0.13944,32.0,0.13943,72.0,0.13963,31.0,0.13968,50.0
1753520706386,09:05:06.386,ALCH/USDT:USDT,0.13944,32.0,0.13943,72.0,0.13963,31.0,0.13968,50.0
1753520706733,09:05:06.733,ALCH/USDT:USDT,0.13944,32.0,0.13943,72.0,0.13963,31.0,0.13968,50.0
1753520708745,09:05:08.745,ALCH/USDT:USDT,0.13945,31.0,0.13944,376.0,0.13963,31.0,0.13968,50.0
1753520708785,09:05:08.785,ALCH/USDT:USDT,0.13946,31.0,0.13945,122.0,0.13963,31.0,0.13968,50.0
1753520708909,09:05:08.909,ALCH/USDT:USDT,0.13946,31.0,0.13945,91.0,0.13963,31.0,0.13968,50.0
1753520709336,09:05:09.336,ALCH/USDT:USDT,0.13946,31.0,0.13945,91.0,0.13963,31.0,0.13968,50.0
1753520709575,09:05:09.575,ALCH/USDT:USDT,0.13946,31.0,0.13945,91.0,0.13963,31.0,0.13968,50.0
1753520709745,09:05:09.745,ALCH/USDT:USDT,0.13946,31.0,0.13945,91.0,0.13961,31.0,0.13962,23.0
1753520710228,09:05:10.228,ALCH/USDT:USDT,0.13946,31.0,0.13945,91.0,0.13961,31.0,0.13962,23.0
1753520710794,09:05:10.794,ALCH/USDT:USDT,0.13946,31.0,0.13945,91.0,0.13961,31.0,0.13962,23.0
1753520711209,09:05:11.209,ALCH/USDT:USDT,0.13946,306.0,0.13945,91.0,0.13961,31.0,0.13962,23.0
1753520711846,09:05:11.846,ALCH/USDT:USDT,0.13946,306.0,0.13945,15.0,0.13961,31.0,0.13962,23.0
1753520711861,09:05:11.861,ALCH/USDT:USDT,0.13946,306.0,0.13944,31.0,0.13961,31.0,0.13962,23.0
1753520712015,09:05:12.015,ALCH/USDT:USDT,0.13946,306.0,0.13944,31.0,0.13961,31.0,0.13962,23.0
1753520712118,09:05:12.118,ALCH/USDT:USDT,0.13946,306.0,0.13944,31.0,0.13961,31.0,0.13962,23.0
1753520712160,09:05:12.160,ALCH/USDT:USDT,0.13946,306.0,0.13944,31.0,0.13961,31.0,0.13962,23.0
1753520712307,09:05:12.307,ALCH/USDT:USDT,0.13946,536.0,0.13944,31.0,0.13961,31.0,0.13962,23.0
1753520712359,09:05:12.359,ALCH/USDT:USDT,0.13947,15.0,0.13946,536.0,0.13961,31.0,0.13962,23.0
1753520713334,09:05:13.334,ALCH/USDT:USDT,0.13938,50.0,0.13936,50.0,0.13961,81.0,0.13962,23.0
1753520713435,09:05:13.435,ALCH/USDT:USDT,0.13939,31.0,0.13937,31.0,0.13959,50.0,0.1396,245.0
1753520713516,09:05:13.516,ALCH/USDT:USDT,0.13937,31.0,0.13936,50.0,0.13958,245.0,0.13959,50.0
1753520713701,09:05:13.701,ALCH/USDT:USDT,0.13937,31.0,0.13936,50.0,0.13958,245.0,0.13959,50.0
1753520713913,09:05:13.913,ALCH/USDT:USDT,0.13937,31.0,0.13936,50.0,0.13958,245.0,0.13959,50.0
1753520714522,09:05:14.522,ALCH/USDT:USDT,0.13937,31.0,0.13936,50.0,0.13958,245.0,0.13959,50.0
1753520714732,09:05:14.732,ALCH/USDT:USDT,0.13931,31.0,0.13928,50.0,0.13957,50.0,0.13958,197.0
1753520714776,09:05:14.776,ALCH/USDT:USDT,0.13931,31.0,0.13928,50.0,0.13956,245.0,0.13957,50.0
1753520714860,09:05:14.860,ALCH/USDT:USDT,0.13931,31.0,0.13928,50.0,0.13956,245.0,0.13957,50.0
1753520714964,09:05:14.964,ALCH/USDT:USDT,0.13931,31.0,0.13928,50.0,0.13956,245.0,0.13957,50.0
1753520715696,09:05:15.696,ALCH/USDT:USDT,0.13931,31.0,0.13928,50.0,0.13955,50.0,0.13956,195.0
1753520715810,09:05:15.810,ALCH/USDT:USDT,0.13931,31.0,0.13928,50.0,0.13955,245.0,0.13957,50.0
1753520716242,09:05:16.242,ALCH/USDT:USDT,0.13931,31.0,0.13928,50.0,0.13954,245.0,0.13956,31.0
1753520716345,09:05:16.345,ALCH/USDT:USDT,0.13931,31.0,0.13928,50.0,0.13954,245.0,0.13956,31.0
1753520716441,09:05:16.441,ALCH/USDT:USDT,0.13931,31.0,0.13928,50.0,0.13953,220.0,0.13954,245.0
1753520716475,09:05:16.475,ALCH/USDT:USDT,0.13931,31.0,0.13928,50.0,0.13952,195.0,0.13953,223.0
1753520716631,09:05:16.631,ALCH/USDT:USDT,0.13931,31.0,0.13928,50.0,0.13952,197.0,0.13953,223.0
1753520716677,09:05:16.677,ALCH/USDT:USDT,0.13925,31.0,0.13923,50.0,0.13952,197.0,0.13953,223.0
1753520716816,09:05:16.816,ALCH/USDT:USDT,0.13925,31.0,0.13923,50.0,0.13952,197.0,0.13953,3.0
1753520716859,09:05:16.859,ALCH/USDT:USDT,0.13925,31.0,0.13923,50.0,0.13952,197.0,0.13956,31.0
1753520717098,09:05:17.098,ALCH/USDT:USDT,0.13925,31.0,0.13923,50.0,0.13952,197.0,0.13956,31.0
1753520717698,09:05:17.698,ALCH/USDT:USDT,0.13927,31.0,0.13926,31.0,0.13952,195.0,0.13956,31.0
1753520717849,09:05:17.849,ALCH/USDT:USDT,0.13927,31.0,0.13924,31.0,0.13952,195.0,0.13956,31.0
1753520717920,09:05:17.920,ALCH/USDT:USDT,0.13924,31.0,0.13923,50.0,0.13952,195.0,0.13956,31.0
1753520717960,09:05:17.960,ALCH/USDT:USDT,0.13924,31.0,0.13923,50.0,0.13952,195.0,0.13956,31.0
1753520718348,09:05:18.348,ALCH/USDT:USDT,0.13924,31.0,0.13923,50.0,0.13952,195.0,0.13955,213.0
1753520718362,09:05:18.362,ALCH/USDT:USDT,0.13924,31.0,0.13923,50.0,0.13952,195.0,0.13954,34.0
1753520718460,09:05:18.460,ALCH/USDT:USDT,0.13924,31.0,0.13923,50.0,0.13952,195.0,0.13954,31.0
1753520718651,09:05:18.651,ALCH/USDT:USDT,0.13925,31.0,0.13924,50.0,0.13952,195.0,0.13954,31.0
1753520718698,09:05:18.698,ALCH/USDT:USDT,0.13927,31.0,0.13926,31.0,0.13952,195.0,0.13954,31.0
1753520718848,09:05:18.848,ALCH/USDT:USDT,0.13927,31.0,0.13924,31.0,0.13952,195.0,0.13954,31.0
1753520718938,09:05:18.938,ALCH/USDT:USDT,0.13924,31.0,0.13923,192.0,0.13952,195.0,0.13954,34.0
1753520718959,09:05:18.959,ALCH/USDT:USDT,0.13924,31.0,0.13923,192.0,0.13952,195.0,0.13954,31.0
1753520719150,09:05:19.150,ALCH/USDT:USDT,0.13926,31.0,0.13924,173.0,0.13952,195.0,0.13954,31.0
1753520719218,09:05:19.218,ALCH/USDT:USDT,0.13926,31.0,0.13924,31.0,0.13952,195.0,0.13954,31.0
1753520719289,09:05:19.289,ALCH/USDT:USDT,0.13924,31.0,0.13923,50.0,0.13952,195.0,0.13954,31.0
1753520719591,09:05:19.591,ALCH/USDT:USDT,0.13924,31.0,0.13923,50.0,0.13952,195.0,0.13954,31.0
1753520719999,09:05:19.999,ALCH/USDT:USDT,0.13924,31.0,0.13923,50.0,0.13952,195.0,0.13954,31.0
1753520720128,09:05:20.128,ALCH/USDT:USDT,0.13924,31.0,0.13923,50.0,0.13952,195.0,0.13954,31.0
1753520720246,09:05:20.246,ALCH/USDT:USDT,0.13924,31.0,0.13923,50.0,0.13952,195.0,0.13954,34.0
1753520720279,09:05:20.279,ALCH/USDT:USDT,0.13924,31.0,0.13923,50.0,0.13952,195.0,0.13954,34.0
1753520720410,09:05:20.410,ALCH/USDT:USDT,0.13924,31.0,0.13923,50.0,0.13952,195.0,0.13954,34.0
1753520720623,09:05:20.623,ALCH/USDT:USDT,0.13924,31.0,0.13923,50.0,0.13952,195.0,0.13954,34.0
1753520720832,09:05:20.832,ALCH/USDT:USDT,0.13924,31.0,0.13923,50.0,0.13952,195.0,0.13954,34.0
1753520720883,09:05:20.883,ALCH/USDT:USDT,0.13924,31.0,0.13923,50.0,0.13952,195.0,0.13954,34.0
1753520721099,09:05:21.099,ALCH/USDT:USDT,0.13924,31.0,0.13923,50.0,0.13951,220.0,0.13952,195.0
1753520721244,09:05:21.244,ALCH/USDT:USDT,0.13924,31.0,0.13923,50.0,0.1395,195.0,0.13951,223.0
1753520721346,09:05:21.346,ALCH/USDT:USDT,0.13924,31.0,0.13923,50.0,0.1395,195.0,0.13951,223.0
1753520721435,09:05:21.435,ALCH/USDT:USDT,0.13924,31.0,0.13923,50.0,0.1395,195.0,0.13951,3.0
1753520721460,09:05:21.460,ALCH/USDT:USDT,0.13924,31.0,0.13923,50.0,0.1395,195.0,0.13954,34.0
1753520721638,09:05:21.638,ALCH/USDT:USDT,0.13916,32.0,0.13915,1.0,0.1395,195.0,0.13954,34.0
1753520721735,09:05:21.735,ALCH/USDT:USDT,0.13916,32.0,0.13915,1.0,0.1395,195.0,0.13954,34.0
1753520721945,09:05:21.945,ALCH/USDT:USDT,0.13916,32.0,0.13915,1.0,0.1395,195.0,0.13954,34.0
1753520721957,09:05:21.957,ALCH/USDT:USDT,0.13916,32.0,0.13915,1.0,0.1395,195.0,0.13954,34.0
1753520722613,09:05:22.613,ALCH/USDT:USDT,0.13916,32.0,0.13915,1.0,0.1395,195.0,0.13954,34.0
1753520722677,09:05:22.677,ALCH/USDT:USDT,0.13916,32.0,0.13915,1.0,0.1395,195.0,0.13954,34.0
1753520722926,09:05:22.926,ALCH/USDT:USDT,0.13916,32.0,0.13915,1.0,0.1395,195.0,0.13954,34.0
1753520723011,09:05:23.011,ALCH/USDT:USDT,0.13916,32.0,0.13915,1.0,0.1395,195.0,0.13954,34.0
1753520723378,09:05:23.378,ALCH/USDT:USDT,0.13916,32.0,0.13915,1.0,0.1395,195.0,0.13954,34.0
1753520723966,09:05:23.966,ALCH/USDT:USDT,0.13916,32.0,0.13915,1.0,0.1395,195.0,0.13954,34.0
1753520724122,09:05:24.122,ALCH/USDT:USDT,0.13916,32.0,0.13915,1.0,0.1395,195.0,0.13954,34.0
1753520724774,09:05:24.774,ALCH/USDT:USDT,0.13916,32.0,0.13915,1.0,0.1395,195.0,0.13954,34.0
1753520725130,09:05:25.130,ALCH/USDT:USDT,0.13916,32.0,0.13915,1.0,0.1395,195.0,0.13954,34.0
1753520725468,09:05:25.468,ALCH/USDT:USDT,0.13916,32.0,0.13915,1.0,0.1395,195.0,0.13954,34.0
1753520725773,09:05:25.773,ALCH/USDT:USDT,0.13916,32.0,0.13915,1.0,0.1395,195.0,0.13954,34.0
1753520725918,09:05:25.918,ALCH/USDT:USDT,0.13916,32.0,0.13915,1.0,0.1395,195.0,0.13954,34.0
1753520726016,09:05:26.016,ALCH/USDT:USDT,0.13916,32.0,0.13915,3.0,0.1395,195.0,0.13954,34.0
1753520726070,09:05:26.070,ALCH/USDT:USDT,0.13916,32.0,0.13915,1.0,0.1395,195.0,0.13954,34.0
1753520726215,09:05:26.215,ALCH/USDT:USDT,0.13916,32.0,0.13915,1.0,0.1395,195.0,0.13954,34.0
1753520726377,09:05:26.377,ALCH/USDT:USDT,0.13916,32.0,0.13915,1.0,0.1395,195.0,0.13954,34.0
1753520726518,09:05:26.518,ALCH/USDT:USDT,0.13916,32.0,0.13915,1.0,0.1395,195.0,0.13954,34.0
1753520727744,09:05:27.744,ALCH/USDT:USDT,0.13916,32.0,0.13915,1.0,0.1395,195.0,0.13954,34.0
1753520729156,09:05:29.156,ALCH/USDT:USDT,0.13916,32.0,0.13915,1.0,0.1395,195.0,0.13954,34.0
1753520729393,09:05:29.393,ALCH/USDT:USDT,0.13916,32.0,0.13915,1.0,0.1395,195.0,0.13954,34.0
1753520730901,09:05:30.901,ALCH/USDT:USDT,0.13916,32.0,0.13915,1.0,0.1395,195.0,0.13954,34.0
1753520731530,09:05:31.530,ALCH/USDT:USDT,0.13916,32.0,0.13915,1.0,0.13952,50.0,0.13953,245.0
1753520731596,09:05:31.596,ALCH/USDT:USDT,0.13917,31.0,0.13916,9.0,0.13951,245.0,0.13952,50.0
1753520731827,09:05:31.827,ALCH/USDT:USDT,0.13917,31.0,0.13915,1.0,0.13951,245.0,0.13952,50.0
1753520732496,09:05:32.496,ALCH/USDT:USDT,0.13917,31.0,0.13915,1.0,0.1395,50.0,0.13951,195.0
1753520732642,09:05:32.642,ALCH/USDT:USDT,0.13922,31.0,0.13921,142.0,0.13949,245.0,0.13952,31.0
1753520733136,09:05:33.136,ALCH/USDT:USDT,0.13917,31.0,0.13915,1.0,0.13949,245.0,0.13952,31.0
1753520733270,09:05:33.270,ALCH/USDT:USDT,0.13918,31.0,0.13917,31.0,0.13949,245.0,0.13952,31.0
1753520733425,09:05:33.425,ALCH/USDT:USDT,0.13918,31.0,0.13915,1.0,0.13949,245.0,0.13952,31.0
1753520733580,09:05:33.580,ALCH/USDT:USDT,0.13919,31.0,0.13915,1.0,0.13949,245.0,0.13952,31.0
1753520733671,09:05:33.671,ALCH/USDT:USDT,0.13919,31.0,0.13915,1.0,0.13949,245.0,0.13952,31.0
1753520733862,09:05:33.862,ALCH/USDT:USDT,0.13919,31.0,0.13915,1.0,0.13949,245.0,0.13952,31.0
1753520734472,09:05:34.472,ALCH/USDT:USDT,0.13919,31.0,0.13915,1.0,0.13949,195.0,0.13952,31.0
1753520734560,09:05:34.560,ALCH/USDT:USDT,0.13919,31.0,0.13915,1.0,0.13949,195.0,0.13952,31.0
1753520734678,09:05:34.678,ALCH/USDT:USDT,0.13919,31.0,0.13915,1.0,0.13949,195.0,0.13952,31.0
1753520735091,09:05:35.091,ALCH/USDT:USDT,0.13919,31.0,0.13915,1.0,0.13949,195.0,0.13952,31.0
1753520735456,09:05:35.456,ALCH/USDT:USDT,0.13919,31.0,0.13915,1.0,0.13949,245.0,0.13952,31.0
1753520735801,09:05:35.801,ALCH/USDT:USDT,0.13919,31.0,0.13915,1.0,0.13949,245.0,0.13952,31.0
1753520736004,09:05:36.004,ALCH/USDT:USDT,0.13922,31.0,0.13921,142.0,0.13949,245.0,0.13952,31.0
1753520736098,09:05:36.098,ALCH/USDT:USDT,0.13922,31.0,0.13919,31.0,0.13949,245.0,0.13952,31.0
1753520736153,09:05:36.153,ALCH/USDT:USDT,0.13919,31.0,0.13915,1.0,0.13949,245.0,0.13952,31.0
1753520736445,09:05:36.445,ALCH/USDT:USDT,0.13919,31.0,0.13915,1.0,0.13949,245.0,0.13952,31.0
1753520737250,09:05:37.250,ALCH/USDT:USDT,0.13921,142.0,0.13919,31.0,0.13949,245.0,0.13952,31.0
1753520737254,09:05:37.254,ALCH/USDT:USDT,0.13922,31.0,0.13921,142.0,0.13949,245.0,0.13952,31.0
1753520737433,09:05:37.433,ALCH/USDT:USDT,0.13922,31.0,0.13921,142.0,0.13949,195.0,0.13952,31.0
1753520737940,09:05:37.940,ALCH/USDT:USDT,0.13922,31.0,0.13921,142.0,0.13949,195.0,0.13952,31.0
1753520738422,09:05:38.422,ALCH/USDT:USDT,0.13922,31.0,0.13921,142.0,0.13949,195.0,0.13952,31.0
1753520738460,09:05:38.460,ALCH/USDT:USDT,0.13922,31.0,0.13921,142.0,0.13949,195.0,0.13952,31.0
1753520738792,09:05:38.792,ALCH/USDT:USDT,0.13922,31.0,0.13921,142.0,0.13949,195.0,0.13952,31.0
1753520740058,09:05:40.058,ALCH/USDT:USDT,0.13922,31.0,0.13921,142.0,0.13949,195.0,0.13952,31.0
1753520740400,09:05:40.400,ALCH/USDT:USDT,0.13922,31.0,0.13921,142.0,0.13949,195.0,0.13952,31.0
1753520740757,09:05:40.757,ALCH/USDT:USDT,0.13922,31.0,0.13921,142.0,0.13949,195.0,0.13952,31.0
1753520741550,09:05:41.550,ALCH/USDT:USDT,0.1392,31.0,0.13919,7.0,0.13949,195.0,0.13952,31.0
1753520741575,09:05:41.575,ALCH/USDT:USDT,0.13922,31.0,0.13921,142.0,0.13949,195.0,0.13952,31.0
1753520741709,09:05:41.709,ALCH/USDT:USDT,0.13922,31.0,0.13921,142.0,0.13949,195.0,0.13952,31.0
1753520742203,09:05:42.203,ALCH/USDT:USDT,0.13922,31.0,0.13921,142.0,0.13949,195.0,0.13951,31.0
1753520742597,09:05:42.597,ALCH/USDT:USDT,0.13922,31.0,0.13921,142.0,0.1395,245.0,0.13963,31.0
1753520742977,09:05:42.977,ALCH/USDT:USDT,0.13922,31.0,0.13921,142.0,0.1395,245.0,0.13963,31.0
1753520743416,09:05:43.416,ALCH/USDT:USDT,0.1392,31.0,0.13915,1.0,0.1395,245.0,0.13963,31.0
1753520743816,09:05:43.816,ALCH/USDT:USDT,0.13921,31.0,0.1392,7.0,0.1395,247.0,0.13963,31.0
1753520744378,09:05:44.378,ALCH/USDT:USDT,0.13921,31.0,0.13915,1.0,0.13949,50.0,0.1395,197.0
1753520744459,09:05:44.459,ALCH/USDT:USDT,0.13921,31.0,0.13915,1.0,0.13948,195.0,0.13949,50.0
1753520744628,09:05:44.628,ALCH/USDT:USDT,0.13922,31.0,0.13921,5.0,0.13948,195.0,0.13949,50.0
1753520744670,09:05:44.670,ALCH/USDT:USDT,0.13922,31.0,0.13915,1.0,0.13948,195.0,0.13949,50.0
1753520745036,09:05:45.036,ALCH/USDT:USDT,0.13922,31.0,0.13915,1.0,0.13948,195.0,0.13949,50.0
1753520745344,09:05:45.344,ALCH/USDT:USDT,0.13922,31.0,0.13915,1.0,0.13948,195.0,0.13951,31.0
1753520745359,09:05:45.359,ALCH/USDT:USDT,0.13922,31.0,0.13915,1.0,0.13948,195.0,0.13951,31.0
1753520745465,09:05:45.465,ALCH/USDT:USDT,0.13922,31.0,0.13915,1.0,0.13948,195.0,0.13951,31.0
1753520745879,09:05:45.879,ALCH/USDT:USDT,0.13922,31.0,0.13915,1.0,0.13948,195.0,0.13951,31.0
1753520747034,09:05:47.034,ALCH/USDT:USDT,0.13915,1.0,0.13914,32.0,0.13948,195.0,0.13951,31.0
1753520747131,09:05:47.131,ALCH/USDT:USDT,0.13916,32.0,0.13915,1.0,0.13948,195.0,0.13951,31.0
1753520747233,09:05:47.233,ALCH/USDT:USDT,0.13922,4.0,0.13916,32.0,0.13948,195.0,0.13951,31.0
1753520747339,09:05:47.339,ALCH/USDT:USDT,0.13923,32.0,0.13922,2.0,0.13948,195.0,0.13951,31.0
1753520747427,09:05:47.427,ALCH/USDT:USDT,0.13923,32.0,0.13922,36.0,0.13947,50.0,0.13948,245.0
1753520747545,09:05:47.545,ALCH/USDT:USDT,0.13923,32.0,0.13922,36.0,0.13947,50.0,0.13948,197.0
1753520747649,09:05:47.649,ALCH/USDT:USDT,0.13923,32.0,0.13922,36.0,0.13946,231.0,0.13947,50.0
1753520747726,09:05:47.726,ALCH/USDT:USDT,0.13924,32.0,0.13923,36.0,0.13946,231.0,0.13947,50.0
1753520747849,09:05:47.849,ALCH/USDT:USDT,0.13924,32.0,0.13923,36.0,0.13946,231.0,0.13947,50.0
1753520747950,09:05:47.950,ALCH/USDT:USDT,0.13917,32.0,0.13916,33.0,0.13946,231.0,0.13947,50.0
1753520748148,09:05:48.148,ALCH/USDT:USDT,0.13919,32.0,0.13918,6.0,0.13946,231.0,0.13947,50.0
1753520748244,09:05:48.244,ALCH/USDT:USDT,0.1392,32.0,0.13918,2.0,0.13946,231.0,0.13947,50.0
1753520748339,09:05:48.339,ALCH/USDT:USDT,0.1392,32.0,0.13918,2.0,0.13946,231.0,0.13951,31.0
1753520748407,09:05:48.407,ALCH/USDT:USDT,0.1392,32.0,0.13918,2.0,0.13946,231.0,0.13951,31.0
1753520748519,09:05:48.519,ALCH/USDT:USDT,0.13921,32.0,0.1392,36.0,0.13946,231.0,0.13951,31.0
1753520748745,09:05:48.745,ALCH/USDT:USDT,0.13921,32.0,0.1392,36.0,0.13946,231.0,0.13951,31.0
1753520748816,09:05:48.816,ALCH/USDT:USDT,0.13921,32.0,0.1392,36.0,0.13946,231.0,0.13951,31.0
1753520748951,09:05:48.951,ALCH/USDT:USDT,0.13921,32.0,0.1392,36.0,0.13946,231.0,0.13951,31.0
1753520748953,09:05:48.953,ALCH/USDT:USDT,0.13921,32.0,0.1392,36.0,0.13946,231.0,0.13951,31.0
1753520749216,09:05:49.216,ALCH/USDT:USDT,0.13921,32.0,0.1392,36.0,0.13946,231.0,0.13951,31.0
1753520749350,09:05:49.350,ALCH/USDT:USDT,0.13921,32.0,0.1392,36.0,0.13946,181.0,0.13951,31.0
1753520749436,09:05:49.436,ALCH/USDT:USDT,0.13921,32.0,0.1392,36.0,0.13946,181.0,0.13951,31.0
1753520749541,09:05:49.541,ALCH/USDT:USDT,0.13921,32.0,0.1392,36.0,0.13946,189.0,0.13951,31.0
1753520749602,09:05:49.602,ALCH/USDT:USDT,0.13921,32.0,0.1392,36.0,0.13946,189.0,0.13951,31.0
1753520749674,09:05:49.674,ALCH/USDT:USDT,0.13921,32.0,0.1392,36.0,0.13946,189.0,0.13951,31.0
1753520749836,09:05:49.836,ALCH/USDT:USDT,0.13921,32.0,0.1392,36.0,0.13946,40.0,0.1395,213.0
1753520749880,09:05:49.880,ALCH/USDT:USDT,0.13921,32.0,0.1392,36.0,0.13946,40.0,0.1395,216.0
1753520750051,09:05:50.051,ALCH/USDT:USDT,0.13921,32.0,0.1392,36.0,0.13946,40.0,0.1395,216.0
1753520750055,09:05:50.055,ALCH/USDT:USDT,0.13921,32.0,0.1392,36.0,0.13946,40.0,0.1395,216.0
1753520750292,09:05:50.292,ALCH/USDT:USDT,0.13921,32.0,0.1392,36.0,0.13946,90.0,0.13949,50.0
1753520750381,09:05:50.381,ALCH/USDT:USDT,0.13921,32.0,0.1392,36.0,0.13946,90.0,0.13949,50.0
1753520750799,09:05:50.799,ALCH/USDT:USDT,0.13921,32.0,0.1392,36.0,0.13946,90.0,0.13949,50.0
1753520750913,09:05:50.913,ALCH/USDT:USDT,0.13922,32.0,0.13921,108.0,0.13946,90.0,0.13949,50.0
1753520751048,09:05:51.048,ALCH/USDT:USDT,0.13922,32.0,0.13921,144.0,0.13946,90.0,0.13949,50.0
1753520751122,09:05:51.122,ALCH/USDT:USDT,0.13922,32.0,0.1392,36.0,0.13946,90.0,0.13949,50.0
1753520751402,09:05:51.402,ALCH/USDT:USDT,0.13923,32.0,0.13921,32.0,0.13946,90.0,0.13949,50.0
1753520751536,09:05:51.536,ALCH/USDT:USDT,0.13921,72.0,0.13915,1.0,0.13946,90.0,0.13949,50.0
1753520751620,09:05:51.620,ALCH/USDT:USDT,0.13922,32.0,0.13921,36.0,0.13946,90.0,0.13949,50.0
1753520751750,09:05:51.750,ALCH/USDT:USDT,0.13922,68.0,0.13921,36.0,0.13946,90.0,0.13949,50.0
1753520751837,09:05:51.837,ALCH/USDT:USDT,0.13923,32.0,0.13922,36.0,0.13946,90.0,0.13949,50.0
1753520752034,09:05:52.034,ALCH/USDT:USDT,0.13923,32.0,0.13922,36.0,0.13946,90.0,0.13949,50.0
1753520752317,09:05:52.317,ALCH/USDT:USDT,0.13923,32.0,0.13915,1.0,0.13946,40.0,0.13949,50.0
1753520752714,09:05:52.714,ALCH/USDT:USDT,0.13923,32.0,0.13915,1.0,0.13946,36.0,0.13949,50.0
1753520752829,09:05:52.829,ALCH/USDT:USDT,0.13923,32.0,0.13915,1.0,0.13946,36.0,0.13949,50.0
1753520752855,09:05:52.855,ALCH/USDT:USDT,0.13923,32.0,0.13915,1.0,0.13946,36.0,0.13949,50.0
1753520753147,09:05:53.147,ALCH/USDT:USDT,0.13924,32.0,0.13923,68.0,0.13946,36.0,0.13949,50.0
1753520753248,09:05:53.248,ALCH/USDT:USDT,0.13925,32.0,0.13924,32.0,0.13946,32.0,0.13949,50.0
1753520753315,09:05:53.315,ALCH/USDT:USDT,0.13925,32.0,0.13923,36.0,0.13946,32.0,0.1395,50.0
1753520753522,09:05:53.522,ALCH/USDT:USDT,0.13926,32.0,0.13925,14.0,0.13946,32.0,0.1395,50.0
1753520753722,09:05:53.722,ALCH/USDT:USDT,0.13927,32.0,0.13925,32.0,0.13946,32.0,0.1395,50.0
1753520753838,09:05:53.838,ALCH/USDT:USDT,0.13925,46.0,0.13923,36.0,0.13946,32.0,0.1395,50.0
1753520753856,09:05:53.856,ALCH/USDT:USDT,0.13926,32.0,0.13925,14.0,0.13946,32.0,0.1395,50.0
1753520754104,09:05:54.104,ALCH/USDT:USDT,0.13926,32.0,0.13925,14.0,0.13946,32.0,0.1395,50.0
1753520754182,09:05:54.182,ALCH/USDT:USDT,0.13926,32.0,0.13925,14.0,0.13946,32.0,0.1395,50.0
1753520754344,09:05:54.344,ALCH/USDT:USDT,0.13926,32.0,0.13925,14.0,0.13946,32.0,0.1395,50.0
1753520755131,09:05:55.131,ALCH/USDT:USDT,0.13926,32.0,0.13925,14.0,0.13946,32.0,0.1395,50.0
1753520755324,09:05:55.324,ALCH/USDT:USDT,0.13926,32.0,0.13925,14.0,0.13946,32.0,0.1395,50.0
1753520755523,09:05:55.523,ALCH/USDT:USDT,0.13925,32.0,0.13924,36.0,0.13946,32.0,0.1395,50.0
1753520755602,09:05:55.602,ALCH/USDT:USDT,0.13926,32.0,0.13924,68.0,0.13946,32.0,0.1395,50.0
1753520755727,09:05:55.727,ALCH/USDT:USDT,0.13926,32.0,0.13924,68.0,0.13945,69.0,0.1395,50.0
1753520755816,09:05:55.816,ALCH/USDT:USDT,0.13924,32.0,0.13923,36.0,0.13945,69.0,0.1395,50.0
1753520755902,09:05:55.902,ALCH/USDT:USDT,0.13925,32.0,0.13923,36.0,0.13945,32.0,0.1395,50.0
1753520756008,09:05:56.008,ALCH/USDT:USDT,0.13925,32.0,0.13923,36.0,0.13945,32.0,0.1395,263.0
1753520756060,09:05:56.060,ALCH/USDT:USDT,0.13925,32.0,0.13923,36.0,0.13945,32.0,0.1395,266.0
1753520756830,09:05:56.830,ALCH/USDT:USDT,0.13925,32.0,0.13923,36.0,0.13945,32.0,0.1395,266.0
1753520756949,09:05:56.949,ALCH/USDT:USDT,0.13926,31.0,0.13925,32.0,0.13945,32.0,0.1395,53.0
1753520756976,09:05:56.976,ALCH/USDT:USDT,0.13926,31.0,0.13925,32.0,0.13945,32.0,0.1395,50.0
1753520757088,09:05:57.088,ALCH/USDT:USDT,0.13926,31.0,0.13915,1.0,0.13945,32.0,0.1395,50.0
1753520757211,09:05:57.211,ALCH/USDT:USDT,0.13926,31.0,0.13915,1.0,0.13945,32.0,0.1395,50.0
1753520757367,09:05:57.367,ALCH/USDT:USDT,0.13926,31.0,0.13915,1.0,0.13945,32.0,0.1395,50.0
1753520757475,09:05:57.475,ALCH/USDT:USDT,0.13926,31.0,0.13915,1.0,0.13945,32.0,0.1395,50.0
1753520758051,09:05:58.051,ALCH/USDT:USDT,0.13926,31.0,0.13915,1.0,0.13945,32.0,0.1395,50.0
1753520758052,09:05:58.052,ALCH/USDT:USDT,0.13926,31.0,0.13915,1.0,0.13945,32.0,0.1395,50.0
1753520758199,09:05:58.199,ALCH/USDT:USDT,0.13926,31.0,0.13915,1.0,0.13945,32.0,0.1395,50.0
1753520758281,09:05:58.281,ALCH/USDT:USDT,0.13926,31.0,0.13915,1.0,0.13945,32.0,0.1395,50.0
1753520758990,09:05:58.990,ALCH/USDT:USDT,0.13927,31.0,0.13926,36.0,0.13945,32.0,0.1395,50.0
1753520759188,09:05:59.188,ALCH/USDT:USDT,0.13927,31.0,0.13915,1.0,0.13945,32.0,0.1395,50.0
1753520759330,09:05:59.330,ALCH/USDT:USDT,0.13927,31.0,0.13915,1.0,0.13945,32.0,0.1395,50.0
1753520760100,09:06:00.100,ALCH/USDT:USDT,0.13927,31.0,0.13915,1.0,0.13945,32.0,0.1395,231.0
1753520760177,09:06:00.177,ALCH/USDT:USDT,0.13927,31.0,0.13915,1.0,0.13945,32.0,0.1395,231.0
1753520760348,09:06:00.348,ALCH/USDT:USDT,0.13927,31.0,0.13915,1.0,0.13945,32.0,0.13949,213.0
1753520760423,09:06:00.423,ALCH/USDT:USDT,0.13927,31.0,0.13915,1.0,0.13945,32.0,0.13949,213.0
1753520760533,09:06:00.533,ALCH/USDT:USDT,0.13927,31.0,0.13915,1.0,0.13945,32.0,0.13949,3.0
1753520760564,09:06:00.564,ALCH/USDT:USDT,0.13927,31.0,0.13915,1.0,0.13945,32.0,0.1395,231.0
1753520760949,09:06:00.949,ALCH/USDT:USDT,0.13927,31.0,0.13915,1.0,0.13945,32.0,0.1395,231.0
1753520761166,09:06:01.166,ALCH/USDT:USDT,0.13927,31.0,0.13915,1.0,0.13945,32.0,0.1395,231.0
1753520763727,09:06:03.727,ALCH/USDT:USDT,0.13927,31.0,0.13915,1.0,0.13945,32.0,0.1395,50.0
1753520763838,09:06:03.838,ALCH/USDT:USDT,0.13927,31.0,0.13915,1.0,0.13945,32.0,0.1395,50.0
1753520764135,09:06:04.135,ALCH/USDT:USDT,0.13927,31.0,0.13915,1.0,0.13945,32.0,0.1395,50.0
1753520765052,09:06:05.052,ALCH/USDT:USDT,0.13927,31.0,0.13915,1.0,0.13945,32.0,0.1395,50.0
1753520765122,09:06:05.122,ALCH/USDT:USDT,0.13927,31.0,0.13915,1.0,0.13945,32.0,0.1395,50.0
1753520765236,09:06:05.236,ALCH/USDT:USDT,0.13927,31.0,0.13915,1.0,0.13945,32.0,0.1395,50.0
1753520766110,09:06:06.110,ALCH/USDT:USDT,0.13927,31.0,0.13915,1.0,0.13945,32.0,0.1395,50.0
1753520766327,09:06:06.327,ALCH/USDT:USDT,0.13927,31.0,0.13915,1.0,0.13945,32.0,0.1395,50.0
1753520769378,09:06:09.378,ALCH/USDT:USDT,0.13927,31.0,0.13915,1.0,0.13945,32.0,0.1395,50.0
1753520771155,09:06:11.155,ALCH/USDT:USDT,0.13927,31.0,0.13915,1.0,0.13945,32.0,0.13949,181.0
1753520771322,09:06:11.322,ALCH/USDT:USDT,0.13927,31.0,0.13915,1.0,0.13945,32.0,0.13949,181.0
1753520771360,09:06:11.360,ALCH/USDT:USDT,0.13927,31.0,0.13915,1.0,0.13945,32.0,0.13949,181.0
1753520772047,09:06:12.047,ALCH/USDT:USDT,0.13927,31.0,0.13915,1.0,0.13945,32.0,0.13949,181.0
1753520772078,09:06:12.078,ALCH/USDT:USDT,0.13927,31.0,0.13915,1.0,0.13945,32.0,0.13949,181.0
1753520772518,09:06:12.518,ALCH/USDT:USDT,0.13927,31.0,0.13915,1.0,0.13945,32.0,0.13949,181.0
1753520772649,09:06:12.649,ALCH/USDT:USDT,0.13927,31.0,0.13915,1.0,0.13945,32.0,0.13949,181.0
1753520772748,09:06:12.748,ALCH/USDT:USDT,0.13927,31.0,0.13915,1.0,0.13945,32.0,0.13949,181.0
1753520772842,09:06:12.842,ALCH/USDT:USDT,0.13927,31.0,0.13915,1.0,0.13945,32.0,0.13949,181.0
1753520772879,09:06:12.879,ALCH/USDT:USDT,0.13927,31.0,0.13915,1.0,0.13945,32.0,0.13949,181.0
1753520773041,09:06:13.041,ALCH/USDT:USDT,0.13927,31.0,0.13915,1.0,0.13945,82.0,0.13949,181.0
1753520773138,09:06:13.138,ALCH/USDT:USDT,0.13927,31.0,0.13915,1.0,0.13945,82.0,0.13949,181.0
1753520773248,09:06:13.248,ALCH/USDT:USDT,0.13927,31.0,0.13915,1.0,0.13945,82.0,0.13949,181.0
1753520773338,09:06:13.338,ALCH/USDT:USDT,0.13927,31.0,0.13915,1.0,0.13944,31.0,0.13949,181.0
1753520773421,09:06:13.421,ALCH/USDT:USDT,0.13927,31.0,0.13915,1.0,0.13944,31.0,0.13949,181.0
1753520773752,09:06:13.752,ALCH/USDT:USDT,0.13927,31.0,0.13915,1.0,0.13944,31.0,0.13949,181.0
1753520773979,09:06:13.979,ALCH/USDT:USDT,0.13927,31.0,0.13915,1.0,0.13944,31.0,0.13949,181.0
1753520774085,09:06:14.085,ALCH/USDT:USDT,0.13927,31.0,0.13915,1.0,0.13944,31.0,0.13949,181.0
1753520774424,09:06:14.424,ALCH/USDT:USDT,0.13927,31.0,0.13915,1.0,0.13944,31.0,0.13949,181.0
1753520774719,09:06:14.719,ALCH/USDT:USDT,0.13927,31.0,0.13915,214.0,0.13944,31.0,0.13949,181.0
1753520774778,09:06:14.778,ALCH/USDT:USDT,0.13927,31.0,0.13915,1.0,0.13944,31.0,0.13949,181.0
1753520774938,09:06:14.938,ALCH/USDT:USDT,0.13927,31.0,0.13915,1.0,0.13944,31.0,0.13949,181.0
1753520774959,09:06:14.959,ALCH/USDT:USDT,0.13927,31.0,0.13915,1.0,0.13944,31.0,0.13949,181.0
1753520775108,09:06:15.108,ALCH/USDT:USDT,0.13927,31.0,0.13915,1.0,0.13944,31.0,0.13949,181.0
1753520775238,09:06:15.238,ALCH/USDT:USDT,0.13927,31.0,0.13915,1.0,0.13944,31.0,0.13949,181.0
1753520775348,09:06:15.348,ALCH/USDT:USDT,0.13927,31.0,0.13915,1.0,0.13944,31.0,0.13949,181.0
1753520775394,09:06:15.394,ALCH/USDT:USDT,0.13927,31.0,0.13915,1.0,0.13944,31.0,0.13949,181.0
1753520775548,09:06:15.548,ALCH/USDT:USDT,0.13927,31.0,0.13915,1.0,0.13944,31.0,0.13949,181.0
1753520775578,09:06:15.578,ALCH/USDT:USDT,0.13927,31.0,0.13915,1.0,0.13944,31.0,0.13949,181.0
1753520776113,09:06:16.113,ALCH/USDT:USDT,0.13927,31.0,0.13915,1.0,0.13944,31.0,0.13949,181.0
1753520776239,09:06:16.239,ALCH/USDT:USDT,0.13927,31.0,0.13915,1.0,0.13944,31.0,0.13949,181.0
1753520776988,09:06:16.988,ALCH/USDT:USDT,0.13927,31.0,0.13915,1.0,0.13944,31.0,0.13949,181.0
1753520778238,09:06:18.238,ALCH/USDT:USDT,0.13927,31.0,0.13915,1.0,0.13944,31.0,0.13949,181.0
1753520778343,09:06:18.343,ALCH/USDT:USDT,0.13927,31.0,0.13915,1.0,0.13948,32.0,0.1395,50.0
1753520778412,09:06:18.412,ALCH/USDT:USDT,0.13927,31.0,0.13915,1.0,0.13948,32.0,0.1395,50.0
1753520778460,09:06:18.460,ALCH/USDT:USDT,0.13927,31.0,0.13915,1.0,0.13948,32.0,0.1395,50.0
1753520778689,09:06:18.689,ALCH/USDT:USDT,0.13927,31.0,0.13915,1.0,0.13948,32.0,0.1395,50.0
1753520778797,09:06:18.797,ALCH/USDT:USDT,0.13927,31.0,0.13915,1.0,0.13948,32.0,0.1395,50.0
1753520778875,09:06:18.875,ALCH/USDT:USDT,0.13927,31.0,0.13915,1.0,0.13948,32.0,0.1395,50.0
1753520779018,09:06:19.018,ALCH/USDT:USDT,0.13928,32.0,0.13915,1.0,0.13948,32.0,0.1395,50.0
1753520779117,09:06:19.117,ALCH/USDT:USDT,0.13928,32.0,0.13915,1.0,0.13948,32.0,0.1395,50.0
1753520779219,09:06:19.219,ALCH/USDT:USDT,0.13928,32.0,0.13915,1.0,0.13948,32.0,0.1395,50.0
1753520779534,09:06:19.534,ALCH/USDT:USDT,0.13928,32.0,0.13915,1.0,0.13948,32.0,0.1395,50.0
1753520779750,09:06:19.750,ALCH/USDT:USDT,0.13928,32.0,0.13915,1.0,0.13948,32.0,0.1395,50.0
1753520779843,09:06:19.843,ALCH/USDT:USDT,0.13928,32.0,0.13915,1.0,0.13948,32.0,0.1395,50.0
1753520779950,09:06:19.950,ALCH/USDT:USDT,0.13928,32.0,0.13915,1.0,0.13948,32.0,0.1395,50.0
1753520780048,09:06:20.048,ALCH/USDT:USDT,0.13929,32.0,0.13915,1.0,0.13948,32.0,0.1395,50.0
1753520780135,09:06:20.135,ALCH/USDT:USDT,0.13929,32.0,0.13915,1.0,0.13948,32.0,0.1395,50.0
1753520780180,09:06:20.180,ALCH/USDT:USDT,0.13929,32.0,0.13915,1.0,0.13948,32.0,0.1395,50.0
1753520780288,09:06:20.288,ALCH/USDT:USDT,0.13929,32.0,0.13915,1.0,0.13948,32.0,0.1395,50.0
1753520780389,09:06:20.389,ALCH/USDT:USDT,0.13929,32.0,0.13915,1.0,0.13948,32.0,0.1395,50.0
1753520780549,09:06:20.549,ALCH/USDT:USDT,0.13929,32.0,0.13915,1.0,0.1395,50.0,0.13951,31.0
1753520780646,09:06:20.646,ALCH/USDT:USDT,0.13929,32.0,0.13921,142.0,0.1395,50.0,0.13951,31.0
1753520780665,09:06:20.665,ALCH/USDT:USDT,0.13929,32.0,0.13921,174.0,0.1395,50.0,0.13951,31.0
1753520780802,09:06:20.802,ALCH/USDT:USDT,0.13929,32.0,0.13921,174.0,0.1395,50.0,0.13951,31.0
1753520780949,09:06:20.949,ALCH/USDT:USDT,0.1393,32.0,0.13929,50.0,0.1395,50.0,0.13951,31.0
1753520781042,09:06:21.042,ALCH/USDT:USDT,0.13931,32.0,0.13926,32.0,0.1395,50.0,0.13952,32.0
1753520781145,09:06:21.145,ALCH/USDT:USDT,0.13926,32.0,0.13922,50.0,0.1395,50.0,0.13952,32.0
1753520781220,09:06:21.220,ALCH/USDT:USDT,0.13926,32.0,0.13922,50.0,0.1395,50.0,0.13952,32.0
1753520781350,09:06:21.350,ALCH/USDT:USDT,0.13926,32.0,0.13922,50.0,0.1395,50.0,0.13952,32.0
1753520781371,09:06:21.371,ALCH/USDT:USDT,0.13926,32.0,0.13922,50.0,0.1395,50.0,0.13952,32.0
1753520781459,09:06:21.459,ALCH/USDT:USDT,0.13926,32.0,0.13922,50.0,0.1395,50.0,0.13952,32.0
1753520781821,09:06:21.821,ALCH/USDT:USDT,0.13928,32.0,0.13927,50.0,0.1395,50.0,0.13952,32.0
1753520781932,09:06:21.932,ALCH/USDT:USDT,0.13928,32.0,0.13927,50.0,0.13952,32.0,0.13963,212.0
1753520782045,09:06:22.045,ALCH/USDT:USDT,0.13929,32.0,0.13928,36.0,0.13952,32.0,0.13963,212.0
1753520782313,09:06:22.313,ALCH/USDT:USDT,0.13929,32.0,0.13928,36.0,0.13952,32.0,0.13962,181.0
1753520782871,09:06:22.871,ALCH/USDT:USDT,0.13929,32.0,0.13928,36.0,0.13952,32.0,0.13962,181.0
1753520783132,09:06:23.132,ALCH/USDT:USDT,0.13929,32.0,0.13928,36.0,0.13952,32.0,0.13962,181.0
1753520783288,09:06:23.288,ALCH/USDT:USDT,0.13929,32.0,0.13928,36.0,0.13952,32.0,0.13962,181.0
1753520783640,09:06:23.640,ALCH/USDT:USDT,0.13929,32.0,0.13927,82.0,0.13961,32.0,0.13962,181.0
1753520783749,09:06:23.749,ALCH/USDT:USDT,0.13934,32.0,0.13929,32.0,0.13961,32.0,0.13962,181.0
1753520783852,09:06:23.852,ALCH/USDT:USDT,0.13934,142.0,0.13929,32.0,0.13961,32.0,0.13962,181.0
1753520783900,09:06:23.900,ALCH/USDT:USDT,0.13934,142.0,0.13932,32.0,0.13963,31.0,0.13966,3.0
1753520784046,09:06:24.046,ALCH/USDT:USDT,0.13935,32.0,0.13934,142.0,0.13963,31.0,0.13967,245.0
1753520784131,09:06:24.131,ALCH/USDT:USDT,0.13935,32.0,0.13934,142.0,0.13963,31.0,0.13967,245.0
1753520784227,09:06:24.227,ALCH/USDT:USDT,0.13935,32.0,0.13934,142.0,0.13963,31.0,0.13964,181.0
1753520784262,09:06:24.262,ALCH/USDT:USDT,0.13935,32.0,0.13934,142.0,0.13963,31.0,0.13966,3.0
1753520784360,09:06:24.360,ALCH/USDT:USDT,0.13935,32.0,0.13934,142.0,0.13963,31.0,0.13967,245.0
1753520784646,09:06:24.646,ALCH/USDT:USDT,0.13935,32.0,0.13934,142.0,0.13963,31.0,0.13967,32.0
1753520784746,09:06:24.746,ALCH/USDT:USDT,0.13936,32.0,0.13935,36.0,0.13967,32.0,0.1397,181.0
1753520784844,09:06:24.844,ALCH/USDT:USDT,0.13936,32.0,0.13935,36.0,0.13971,32.0,0.13972,3.0
1753520784948,09:06:24.948,ALCH/USDT:USDT,0.13936,32.0,0.13935,36.0,0.13969,32.0,0.1397,181.0
1753520785042,09:06:25.042,ALCH/USDT:USDT,0.13936,32.0,0.13935,36.0,0.13967,32.0,0.13969,32.0
1753520785252,09:06:25.252,ALCH/USDT:USDT,0.13936,32.0,0.13935,36.0,0.13969,32.0,0.13973,213.0
1753520785324,09:06:25.324,ALCH/USDT:USDT,0.13937,32.0,0.13936,36.0,0.13967,32.0,0.13968,181.0
1753520785434,09:06:25.434,ALCH/USDT:USDT,0.13937,32.0,0.13936,36.0,0.13973,32.0,0.13974,181.0
1753520785475,09:06:25.475,ALCH/USDT:USDT,0.13937,32.0,0.13936,36.0,0.13971,32.0,0.13972,181.0
1753520785647,09:06:25.647,ALCH/USDT:USDT,0.13937,32.0,0.13936,36.0,0.13969,32.0,0.1397,181.0
1753520785742,09:06:25.742,ALCH/USDT:USDT,0.13937,32.0,0.13936,36.0,0.13968,32.0,0.13969,181.0
1753520785850,09:06:25.850,ALCH/USDT:USDT,0.13937,32.0,0.13936,36.0,0.13975,32.0,0.13976,3.0
1753520785897,09:06:25.897,ALCH/USDT:USDT,0.13937,32.0,0.13936,36.0,0.13975,32.0,0.13977,213.0
1753520785997,09:06:25.997,ALCH/USDT:USDT,0.13937,32.0,0.13936,36.0,0.13975,32.0,0.13977,213.0
1753520786092,09:06:26.092,ALCH/USDT:USDT,0.13937,32.0,0.13936,36.0,0.13975,32.0,0.13977,213.0
1753520786240,09:06:26.240,ALCH/USDT:USDT,0.13937,32.0,0.13936,36.0,0.13975,32.0,0.13977,213.0
1753520786395,09:06:26.395,ALCH/USDT:USDT,0.13937,32.0,0.13936,36.0,0.13975,32.0,0.13977,213.0
1753520786491,09:06:26.491,ALCH/USDT:USDT,0.13937,32.0,0.13936,36.0,0.13975,32.0,0.13977,213.0
1753520786972,09:06:26.972,ALCH/USDT:USDT,0.13937,32.0,0.13936,36.0,0.13975,32.0,0.13977,213.0
1753520787062,09:06:27.062,ALCH/USDT:USDT,0.13937,32.0,0.13936,36.0,0.13975,32.0,0.13977,213.0
1753520787295,09:06:27.295,ALCH/USDT:USDT,0.13937,32.0,0.13936,36.0,0.13973,32.0,0.13974,181.0
1753520787448,09:06:27.448,ALCH/USDT:USDT,0.13939,32.0,0.13937,32.0,0.13977,32.0,0.13978,3.0
1753520787535,09:06:27.535,ALCH/USDT:USDT,0.13939,32.0,0.13937,32.0,0.13975,32.0,0.13976,181.0
1753520787644,09:06:27.644,ALCH/USDT:USDT,0.13938,32.0,0.13937,5.0,0.13974,32.0,0.13975,181.0
1753520787709,09:06:27.709,ALCH/USDT:USDT,0.13938,32.0,0.13936,68.0,0.13974,32.0,0.13975,181.0
1753520787846,09:06:27.846,ALCH/USDT:USDT,0.13947,32.0,0.13946,142.0,0.13974,32.0,0.13975,181.0
1753520787927,09:06:27.927,ALCH/USDT:USDT,0.13947,32.0,0.13946,142.0,0.13973,32.0,0.13974,12.0
1753520788029,09:06:28.029,ALCH/USDT:USDT,0.13947,32.0,0.13946,142.0,0.13973,32.0,0.13974,12.0
1753520788436,09:06:28.436,ALCH/USDT:USDT,0.13939,32.0,0.13936,32.0,0.13973,32.0,0.13974,12.0
1753520788524,09:06:28.524,ALCH/USDT:USDT,0.13937,32.0,0.13936,1.0,0.13973,32.0,0.13974,12.0
1753520788636,09:06:28.636,ALCH/USDT:USDT,0.13938,32.0,0.13937,1.0,0.13973,32.0,0.13974,12.0
1753520788685,09:06:28.685,ALCH/USDT:USDT,0.13938,32.0,0.13935,226.0,0.13973,32.0,0.13974,12.0
1753520788804,09:06:28.804,ALCH/USDT:USDT,0.13939,32.0,0.13935,226.0,0.13973,32.0,0.13974,12.0
1753520789164,09:06:29.164,ALCH/USDT:USDT,0.13939,32.0,0.13935,226.0,0.13973,32.0,0.13974,12.0
1753520789547,09:06:29.547,ALCH/USDT:USDT,0.13939,32.0,0.13935,226.0,0.13973,32.0,0.13974,12.0
1753520789985,09:06:29.985,ALCH/USDT:USDT,0.13939,32.0,0.13935,226.0,0.13973,32.0,0.13974,12.0
1753520790814,09:06:30.814,ALCH/USDT:USDT,0.13939,32.0,0.13935,226.0,0.13973,32.0,0.13974,12.0
1753520791451,09:06:31.451,ALCH/USDT:USDT,0.13939,32.0,0.13935,226.0,0.13973,32.0,0.13974,12.0
1753520791477,09:06:31.477,ALCH/USDT:USDT,0.13939,32.0,0.13935,226.0,0.13973,32.0,0.13974,12.0
1753520791665,09:06:31.665,ALCH/USDT:USDT,0.13939,32.0,0.13935,226.0,0.13973,32.0,0.13974,12.0
1753520792217,09:06:32.217,ALCH/USDT:USDT,0.13941,32.0,0.1394,252.0,0.13976,32.0,0.13977,12.0
1753520792260,09:06:32.260,ALCH/USDT:USDT,0.13941,32.0,0.1394,265.0,0.13974,32.0,0.13975,181.0
1753520792790,09:06:32.790,ALCH/USDT:USDT,0.13941,32.0,0.1394,265.0,0.13974,32.0,0.13975,181.0
1753520792858,09:06:32.858,ALCH/USDT:USDT,0.13941,32.0,0.1394,265.0,0.13974,32.0,0.13975,181.0
1753520793225,09:06:33.225,ALCH/USDT:USDT,0.13941,32.0,0.1394,265.0,0.13974,32.0,0.13975,181.0
1753520795441,09:06:35.441,ALCH/USDT:USDT,0.13941,33.0,0.1394,265.0,0.13973,32.0,0.13974,12.0
1753520795459,09:06:35.459,ALCH/USDT:USDT,0.13942,32.0,0.13941,1.0,0.13973,32.0,0.13974,12.0
1753520795559,09:06:35.559,ALCH/USDT:USDT,0.13942,32.0,0.13941,1.0,0.13973,32.0,0.13974,12.0
1753520796176,09:06:36.176,ALCH/USDT:USDT,0.13942,32.0,0.13941,1.0,0.13973,32.0,0.13974,12.0
1753520797250,09:06:37.250,ALCH/USDT:USDT,0.13942,33.0,0.13941,1.0,0.13973,32.0,0.13974,12.0
1753520797337,09:06:37.337,ALCH/USDT:USDT,0.13946,32.0,0.13945,301.0,0.13973,32.0,0.13974,12.0
1753520797448,09:06:37.448,ALCH/USDT:USDT,0.13946,32.0,0.13945,45.0,0.13973,32.0,0.13974,12.0
1753520797497,09:06:37.497,ALCH/USDT:USDT,0.13939,32.0,0.13935,226.0,0.13973,32.0,0.13974,12.0
1753520797746,09:06:37.746,ALCH/USDT:USDT,0.13939,382.0,0.13935,226.0,0.13973,32.0,0.13974,12.0
1753520797795,09:06:37.795,ALCH/USDT:USDT,0.13941,32.0,0.1394,14.0,0.13973,32.0,0.13974,12.0
1753520797865,09:06:37.865,ALCH/USDT:USDT,0.13941,32.0,0.1394,14.0,0.13973,32.0,0.13974,12.0
1753520798285,09:06:38.285,ALCH/USDT:USDT,0.13941,32.0,0.1394,14.0,0.13973,32.0,0.13974,12.0
1753520798806,09:06:38.806,ALCH/USDT:USDT,0.13941,32.0,0.1394,14.0,0.13973,32.0,0.13974,12.0
1753520799000,09:06:39.000,ALCH/USDT:USDT,0.13941,32.0,0.1394,14.0,0.13976,32.0,0.13979,248.0
1753520799076,09:06:39.076,ALCH/USDT:USDT,0.13941,32.0,0.1394,1.0,0.13974,32.0,0.13975,181.0
1753520799176,09:06:39.176,ALCH/USDT:USDT,0.13941,32.0,0.1394,1.0,0.13973,32.0,0.13974,213.0
1753520799328,09:06:39.328,ALCH/USDT:USDT,0.13941,32.0,0.1394,1.0,0.13973,32.0,0.13974,181.0
1753520799621,09:06:39.621,ALCH/USDT:USDT,0.13941,32.0,0.1394,1.0,0.13973,32.0,0.13974,181.0
1753520800037,09:06:40.037,ALCH/USDT:USDT,0.13947,32.0,0.13946,142.0,0.13973,32.0,0.13974,181.0
1753520800159,09:06:40.159,ALCH/USDT:USDT,0.13947,32.0,0.13946,142.0,0.13973,32.0,0.13974,181.0
1753520800266,09:06:40.266,ALCH/USDT:USDT,0.13948,32.0,0.13947,389.0,0.13973,32.0,0.13974,181.0
1753520800442,09:06:40.442,ALCH/USDT:USDT,0.1395,32.0,0.13949,1603.0,0.13973,32.0,0.13974,181.0
1753520800535,09:06:40.535,ALCH/USDT:USDT,0.13951,32.0,0.1395,13.0,0.13972,32.0,0.13974,181.0
1753520800562,09:06:40.562,ALCH/USDT:USDT,0.13951,32.0,0.13946,142.0,0.13972,32.0,0.13974,181.0
1753520800744,09:06:40.744,ALCH/USDT:USDT,0.13951,32.0,0.13936,45.0,0.13972,32.0,0.13974,181.0
1753520800820,09:06:40.820,ALCH/USDT:USDT,0.13938,32.0,0.13937,403.0,0.13972,32.0,0.13974,181.0
1753520800935,09:06:40.935,ALCH/USDT:USDT,0.13943,419.0,0.13942,1291.0,0.13972,32.0,0.13974,181.0
1753520800995,09:06:40.995,ALCH/USDT:USDT,0.13945,32.0,0.13944,13.0,0.13972,32.0,0.13974,181.0
1753520801115,09:06:41.115,ALCH/USDT:USDT,0.13945,32.0,0.13944,13.0,0.13972,32.0,0.13974,181.0
1753520801340,09:06:41.340,ALCH/USDT:USDT,0.13945,32.0,0.13944,13.0,0.13972,32.0,0.13974,181.0
1753520801525,09:06:41.525,ALCH/USDT:USDT,0.13945,32.0,0.13944,13.0,0.13972,32.0,0.13974,181.0
1753520802044,09:06:42.044,ALCH/USDT:USDT,0.13946,328.0,0.13945,986.0,0.13972,32.0,0.13974,181.0
1753520802136,09:06:42.136,ALCH/USDT:USDT,0.13949,32.0,0.13948,268.0,0.13972,32.0,0.13974,181.0
1753520802241,09:06:42.241,ALCH/USDT:USDT,0.1395,191.0,0.13949,961.0,0.13972,32.0,0.13974,181.0
1753520802336,09:06:42.336,ALCH/USDT:USDT,0.13951,32.0,0.1395,9.0,0.1397,32.0,0.13971,120.0
1753520802451,09:06:42.451,ALCH/USDT:USDT,0.13943,1923.0,0.13941,32.0,0.1397,32.0,0.13972,32.0
1753520802542,09:06:42.542,ALCH/USDT:USDT,0.13946,181.0,0.13945,1427.0,0.13972,32.0,0.13974,181.0
1753520802559,09:06:42.559,ALCH/USDT:USDT,0.13947,32.0,0.13946,379.0,0.13972,32.0,0.13974,181.0
1753520802740,09:06:42.740,ALCH/USDT:USDT,0.13949,32.0,0.13948,149.0,0.13972,32.0,0.13974,181.0
1753520802850,09:06:42.850,ALCH/USDT:USDT,0.13951,32.0,0.13949,32.0,0.1397,32.0,0.13971,181.0
1753520802945,09:06:42.945,ALCH/USDT:USDT,0.13949,32.0,0.13941,32.0,0.13976,32.0,0.13977,181.0
1753520803019,09:06:43.019,ALCH/USDT:USDT,0.13945,32.0,0.13944,435.0,0.13976,32.0,0.13977,181.0
1753520803081,09:06:43.081,ALCH/USDT:USDT,0.13947,32.0,0.13946,623.0,0.13974,32.0,0.13975,181.0
1753520803215,09:06:43.215,ALCH/USDT:USDT,0.13949,32.0,0.13946,623.0,0.13972,32.0,0.13973,181.0
1753520803335,09:06:43.335,ALCH/USDT:USDT,0.13951,32.0,0.13946,464.0,0.1397,32.0,0.13971,181.0
1753520803392,09:06:43.392,ALCH/USDT:USDT,0.13951,32.0,0.13947,9.0,0.1397,32.0,0.13971,181.0
1753520803719,09:06:43.719,ALCH/USDT:USDT,0.13951,32.0,0.13947,9.0,0.13969,32.0,0.13971,181.0
1753520803822,09:06:43.822,ALCH/USDT:USDT,0.13951,32.0,0.13947,9.0,0.13969,32.0,0.13972,32.0
1753520803898,09:06:43.898,ALCH/USDT:USDT,0.13951,32.0,0.13947,9.0,0.13976,32.0,0.13978,3.0
1753520803976,09:06:43.976,ALCH/USDT:USDT,0.13951,32.0,0.13947,9.0,0.13974,32.0,0.13975,181.0
1753520804239,09:06:44.239,ALCH/USDT:USDT,0.13951,32.0,0.13947,9.0,0.13974,32.0,0.13975,181.0
1753520804427,09:06:44.427,ALCH/USDT:USDT,0.13951,32.0,0.13947,9.0,0.13974,32.0,0.13975,181.0
1753520805059,09:06:45.059,ALCH/USDT:USDT,0.13951,32.0,0.13947,9.0,0.13974,32.0,0.13975,181.0
1753520805801,09:06:45.801,ALCH/USDT:USDT,0.13951,32.0,0.13947,9.0,0.13974,32.0,0.13975,181.0
1753520805859,09:06:45.859,ALCH/USDT:USDT,0.13951,32.0,0.13947,9.0,0.13974,32.0,0.13975,181.0
1753520806553,09:06:46.553,ALCH/USDT:USDT,0.13951,32.0,0.13947,9.0,0.13974,32.0,0.13975,181.0
1753520806839,09:06:46.839,ALCH/USDT:USDT,0.13951,32.0,0.13947,9.0,0.13974,32.0,0.13975,181.0
1753520807848,09:06:47.848,ALCH/USDT:USDT,0.13951,32.0,0.13947,9.0,0.13974,32.0,0.13975,181.0
1753520807952,09:06:47.952,ALCH/USDT:USDT,0.13938,32.0,0.13937,40.0,0.13974,32.0,0.13975,181.0
1753520808013,09:06:48.013,ALCH/USDT:USDT,0.1394,32.0,0.13939,34.0,0.13974,32.0,0.13975,181.0
1753520808115,09:06:48.115,ALCH/USDT:USDT,0.1394,32.0,0.13939,70.0,0.13974,32.0,0.13975,181.0
1753520808175,09:06:48.175,ALCH/USDT:USDT,0.1394,32.0,0.13939,38.0,0.13974,32.0,0.13975,181.0
1753520808294,09:06:48.294,ALCH/USDT:USDT,0.1394,32.0,0.13939,38.0,0.13974,32.0,0.13975,181.0
1753520808413,09:06:48.413,ALCH/USDT:USDT,0.1394,32.0,0.13939,38.0,0.13974,32.0,0.13975,181.0
1753520808679,09:06:48.679,ALCH/USDT:USDT,0.1394,32.0,0.13939,38.0,0.13974,32.0,0.13975,181.0
1753520808845,09:06:48.845,ALCH/USDT:USDT,0.1394,32.0,0.13939,36.0,0.13974,32.0,0.13975,181.0
1753520808946,09:06:48.946,ALCH/USDT:USDT,0.1394,32.0,0.13939,36.0,0.13974,213.0,0.13976,32.0
1753520808978,09:06:48.978,ALCH/USDT:USDT,0.13941,32.0,0.1394,108.0,0.13973,32.0,0.13974,181.0
1753520809147,09:06:49.147,ALCH/USDT:USDT,0.13941,32.0,0.1394,108.0,0.13973,32.0,0.13974,181.0
1753520809236,09:06:49.236,ALCH/USDT:USDT,0.13941,32.0,0.1394,108.0,0.13972,32.0,0.13973,181.0
1753520809459,09:06:49.459,ALCH/USDT:USDT,0.13941,32.0,0.1394,108.0,0.13972,32.0,0.13973,181.0
1753520810036,09:06:50.036,ALCH/USDT:USDT,0.13941,32.0,0.1394,108.0,0.13971,32.0,0.13972,213.0
1753520810188,09:06:50.188,ALCH/USDT:USDT,0.13941,32.0,0.1394,108.0,0.13971,32.0,0.13972,181.0
1753520810801,09:06:50.801,ALCH/USDT:USDT,0.13941,32.0,0.1394,108.0,0.13971,32.0,0.13972,181.0
1753520811042,09:06:51.042,ALCH/USDT:USDT,0.13941,32.0,0.1394,108.0,0.13971,32.0,0.13976,32.0
1753520811079,09:06:51.079,ALCH/USDT:USDT,0.13942,32.0,0.13941,38.0,0.13976,32.0,0.13977,181.0
1753520811182,09:06:51.182,ALCH/USDT:USDT,0.13942,32.0,0.13941,38.0,0.13974,32.0,0.13975,181.0
1753520811296,09:06:51.296,ALCH/USDT:USDT,0.13943,32.0,0.13942,36.0,0.13972,32.0,0.13973,181.0
1753520811448,09:06:51.448,ALCH/USDT:USDT,0.13943,32.0,0.13942,36.0,0.13972,32.0,0.13974,32.0
1753520811516,09:06:51.516,ALCH/USDT:USDT,0.13947,32.0,0.13946,142.0,0.13976,32.0,0.13978,184.0
1753520811619,09:06:51.619,ALCH/USDT:USDT,0.13949,32.0,0.13948,287.0,0.13974,32.0,0.13975,181.0
1753520811744,09:06:51.744,ALCH/USDT:USDT,0.13949,32.0,0.13948,300.0,0.13973,32.0,0.13974,181.0
1753520812138,09:06:52.138,ALCH/USDT:USDT,0.13949,32.0,0.13948,300.0,0.13973,32.0,0.13974,181.0
1753520812240,09:06:52.240,ALCH/USDT:USDT,0.13949,32.0,0.13948,300.0,0.13973,32.0,0.13974,181.0
1753520812726,09:06:52.726,ALCH/USDT:USDT,0.13949,32.0,0.13948,300.0,0.13971,32.0,0.13972,34.0
1753520812764,09:06:52.764,ALCH/USDT:USDT,0.13949,32.0,0.13948,300.0,0.13971,32.0,0.13972,34.0
1753520812918,09:06:52.918,ALCH/USDT:USDT,0.13949,32.0,0.13948,300.0,0.13971,32.0,0.13972,34.0
1753520812959,09:06:52.959,ALCH/USDT:USDT,0.13949,32.0,0.13948,300.0,0.13971,32.0,0.13972,34.0
1753520813300,09:06:53.300,ALCH/USDT:USDT,0.13949,32.0,0.13948,300.0,0.13971,32.0,0.13972,34.0
1753520813736,09:06:53.736,ALCH/USDT:USDT,0.13949,32.0,0.13948,300.0,0.13973,32.0,0.13974,181.0
1753520813762,09:06:53.762,ALCH/USDT:USDT,0.13949,32.0,0.13948,300.0,0.13973,32.0,0.13974,181.0
1753520814180,09:06:54.180,ALCH/USDT:USDT,0.13949,32.0,0.13948,300.0,0.13973,32.0,0.13974,181.0
1753520814310,09:06:54.310,ALCH/USDT:USDT,0.13951,32.0,0.1395,246.0,0.13973,32.0,0.13974,181.0
1753520814359,09:06:54.359,ALCH/USDT:USDT,0.13951,32.0,0.1395,259.0,0.13973,32.0,0.13974,181.0
1753520814599,09:06:54.599,ALCH/USDT:USDT,0.13951,32.0,0.1395,259.0,0.13973,32.0,0.13974,181.0
1753520814839,09:06:54.839,ALCH/USDT:USDT,0.13952,171.0,0.13951,32.0,0.13973,32.0,0.13974,181.0
1753520814855,09:06:54.855,ALCH/USDT:USDT,0.13951,32.0,0.1395,259.0,0.13973,32.0,0.13974,181.0
1753520815043,09:06:55.043,ALCH/USDT:USDT,0.13951,32.0,0.1395,259.0,0.13973,32.0,0.13974,181.0
1753520815339,09:06:55.339,ALCH/USDT:USDT,0.13951,32.0,0.1395,259.0,0.13973,32.0,0.13974,181.0
1753520815532,09:06:55.532,ALCH/USDT:USDT,0.13951,32.0,0.1395,259.0,0.13973,32.0,0.13974,181.0
1753520815740,09:06:55.740,ALCH/USDT:USDT,0.13952,1049.0,0.13951,586.0,0.13972,32.0,0.13973,181.0
1753520815845,09:06:55.845,ALCH/USDT:USDT,0.13953,13.0,0.13952,32.0,0.13971,213.0,0.13972,32.0
1753520815897,09:06:55.897,ALCH/USDT:USDT,0.13937,32.0,0.13935,226.0,0.1397,32.0,0.13972,32.0
1753520816007,09:06:56.007,ALCH/USDT:USDT,0.13939,32.0,0.13938,210.0,0.13972,32.0,0.13978,181.0
1753520816139,09:06:56.139,ALCH/USDT:USDT,0.13942,32.0,0.13941,221.0,0.13972,32.0,0.13978,181.0
1753520816178,09:06:56.178,ALCH/USDT:USDT,0.13942,32.0,0.13941,234.0,0.1397,32.0,0.13971,181.0
1753520816330,09:06:56.330,ALCH/USDT:USDT,0.13942,32.0,0.13941,234.0,0.13972,32.0,0.13978,181.0
1753520816356,09:06:56.356,ALCH/USDT:USDT,0.13942,32.0,0.13941,234.0,0.13972,32.0,0.13978,181.0
1753520816551,09:06:56.551,ALCH/USDT:USDT,0.13946,31.0,0.13945,226.0,0.13972,213.0,0.13983,31.0
1753520816651,09:06:56.651,ALCH/USDT:USDT,0.13952,31.0,0.13951,178.0,0.1397,31.0,0.13971,181.0
1753520816749,09:06:56.749,ALCH/USDT:USDT,0.13952,31.0,0.13951,13.0,0.13969,212.0,0.13983,31.0
1753520816763,09:06:56.763,ALCH/USDT:USDT,0.13952,31.0,0.13949,279.0,0.13969,212.0,0.13983,31.0
1753520817088,09:06:57.088,ALCH/USDT:USDT,0.13952,31.0,0.13949,279.0,0.13969,212.0,0.13983,31.0
1753520817836,09:06:57.836,ALCH/USDT:USDT,0.13952,31.0,0.13949,279.0,0.13968,31.0,0.13969,181.0
1753520817904,09:06:57.904,ALCH/USDT:USDT,0.13952,31.0,0.13949,279.0,0.13968,31.0,0.13969,181.0
1753520818319,09:06:58.319,ALCH/USDT:USDT,0.13952,31.0,0.13949,279.0,0.13968,31.0,0.13969,181.0
1753520818812,09:06:58.812,ALCH/USDT:USDT,0.13952,31.0,0.13949,279.0,0.13968,31.0,0.13969,181.0
1753520819055,09:06:59.055,ALCH/USDT:USDT,0.13952,31.0,0.13949,279.0,0.13968,31.0,0.13975,181.0
1753520819944,09:06:59.944,ALCH/USDT:USDT,0.13952,31.0,0.13949,279.0,0.13967,181.0,0.13968,31.0
1753520820146,09:07:00.146,ALCH/USDT:USDT,0.13952,1602.0,0.13949,279.0,0.13967,181.0,0.13968,31.0
1753520820161,09:07:00.161,ALCH/USDT:USDT,0.13953,13.0,0.13952,1602.0,0.13967,181.0,0.13968,31.0
1753520820848,09:07:00.848,ALCH/USDT:USDT,0.13953,13.0,0.13952,651.0,0.13971,31.0,0.13972,181.0
1753520820950,09:07:00.950,ALCH/USDT:USDT,0.13953,13.0,0.13952,651.0,0.1397,212.0,0.13983,31.0
1753520820957,09:07:00.957,ALCH/USDT:USDT,0.13953,13.0,0.13952,651.0,0.13969,31.0,0.1397,181.0
1753520821224,09:07:01.224,ALCH/USDT:USDT,0.13953,13.0,0.13952,651.0,0.13968,181.0,0.13969,31.0
1753520821292,09:07:01.292,ALCH/USDT:USDT,0.13953,13.0,0.13952,651.0,0.13969,31.0,0.13975,181.0
1753520821389,09:07:01.389,ALCH/USDT:USDT,0.13953,13.0,0.13952,651.0,0.13969,31.0,0.13975,181.0
1753520821497,09:07:01.497,ALCH/USDT:USDT,0.13953,13.0,0.13952,651.0,0.13969,31.0,0.13974,50.0
1753520821560,09:07:01.560,ALCH/USDT:USDT,0.13953,13.0,0.13952,651.0,0.13969,31.0,0.13974,50.0
1753520821892,09:07:01.892,ALCH/USDT:USDT,0.13953,13.0,0.13952,651.0,0.13969,31.0,0.13974,50.0
1753520822027,09:07:02.027,ALCH/USDT:USDT,0.13953,13.0,0.13952,651.0,0.13969,31.0,0.13974,50.0
1753520822316,09:07:02.316,ALCH/USDT:USDT,0.13953,159.0,0.13952,651.0,0.13969,31.0,0.13973,244.0
1753520822363,09:07:02.363,ALCH/USDT:USDT,0.13953,159.0,0.13952,651.0,0.13969,31.0,0.13973,244.0
1753520822475,09:07:02.475,ALCH/USDT:USDT,0.13953,159.0,0.13952,651.0,0.13969,31.0,0.13972,50.0
1753520823295,09:07:03.295,ALCH/USDT:USDT,0.13953,13.0,0.13952,31.0,0.13969,31.0,0.13972,50.0
1753520823449,09:07:03.449,ALCH/USDT:USDT,0.13938,31.0,0.13937,67.0,0.13969,31.0,0.13972,50.0
1753520823538,09:07:03.538,ALCH/USDT:USDT,0.1394,31.0,0.13939,36.0,0.13966,31.0,0.13967,81.0
1753520823637,09:07:03.637,ALCH/USDT:USDT,0.13941,31.0,0.1394,72.0,0.13966,31.0,0.13967,31.0
1753520823739,09:07:03.739,ALCH/USDT:USDT,0.13941,31.0,0.13938,36.0,0.1397,31.0,0.13972,53.0
1753520823780,09:07:03.780,ALCH/USDT:USDT,0.13941,31.0,0.13938,36.0,0.13969,31.0,0.1397,181.0
1753520824107,09:07:04.107,ALCH/USDT:USDT,0.13941,31.0,0.13938,36.0,0.13969,31.0,0.1397,181.0
1753520824250,09:07:04.250,ALCH/USDT:USDT,0.13941,31.0,0.13938,36.0,0.13966,31.0,0.13967,50.0
1753520824465,09:07:04.465,ALCH/USDT:USDT,0.13941,31.0,0.13938,36.0,0.13966,31.0,0.13967,50.0
1753520824571,09:07:04.571,ALCH/USDT:USDT,0.13942,31.0,0.13941,36.0,0.13966,31.0,0.13967,50.0
1753520824737,09:07:04.737,ALCH/USDT:USDT,0.13943,31.0,0.13942,103.0,0.13966,31.0,0.13967,50.0
1753520824847,09:07:04.847,ALCH/USDT:USDT,0.13943,31.0,0.13942,31.0,0.13966,31.0,0.13967,50.0
1753520824897,09:07:04.897,ALCH/USDT:USDT,0.13937,31.0,0.13934,174.0,0.13966,31.0,0.13967,50.0
1753520825446,09:07:05.446,ALCH/USDT:USDT,0.13938,31.0,0.13937,67.0,0.13965,31.0,0.13966,50.0
1753520825482,09:07:05.482,ALCH/USDT:USDT,0.13939,31.0,0.13938,139.0,0.13964,31.0,0.13967,50.0
1753520825631,09:07:05.631,ALCH/USDT:USDT,0.13939,31.0,0.13938,108.0,0.13964,31.0,0.13967,50.0
1753520826241,09:07:06.241,ALCH/USDT:USDT,0.1394,31.0,0.13938,108.0,0.13964,31.0,0.13967,50.0
1753520826432,09:07:06.432,ALCH/USDT:USDT,0.1394,31.0,0.13938,108.0,0.13964,31.0,0.13967,50.0
1753520826920,09:07:06.920,ALCH/USDT:USDT,0.1394,31.0,0.13938,108.0,0.13964,31.0,0.13967,50.0
1753520826959,09:07:06.959,ALCH/USDT:USDT,0.1394,31.0,0.13938,108.0,0.13964,31.0,0.13967,50.0
1753520827074,09:07:07.074,ALCH/USDT:USDT,0.1394,31.0,0.13938,108.0,0.13964,31.0,0.13967,50.0
1753520827749,09:07:07.749,ALCH/USDT:USDT,0.1394,31.0,0.13938,108.0,0.13964,31.0,0.13967,50.0
1753520828213,09:07:08.213,ALCH/USDT:USDT,0.1394,31.0,0.13938,72.0,0.13964,31.0,0.13967,50.0
1753520828263,09:07:08.263,ALCH/USDT:USDT,0.1394,31.0,0.13938,72.0,0.13964,31.0,0.13967,50.0
1753520828408,09:07:08.408,ALCH/USDT:USDT,0.1394,31.0,0.13938,72.0,0.13964,31.0,0.13967,50.0
1753520828847,09:07:08.847,ALCH/USDT:USDT,0.1394,31.0,0.13937,31.0,0.13964,31.0,0.13967,50.0
1753520828901,09:07:08.901,ALCH/USDT:USDT,0.1394,108.0,0.13937,31.0,0.13964,31.0,0.13967,50.0
1753520829016,09:07:09.016,ALCH/USDT:USDT,0.13941,32.0,0.13937,31.0,0.13964,31.0,0.13967,50.0
1753520829121,09:07:09.121,ALCH/USDT:USDT,0.13941,32.0,0.13937,31.0,0.13964,31.0,0.13967,50.0
1753520829164,09:07:09.164,ALCH/USDT:USDT,0.13937,31.0,0.13934,174.0,0.13964,31.0,0.13967,50.0
1753520829418,09:07:09.418,ALCH/USDT:USDT,0.13937,36.0,0.13933,142.0,0.13964,31.0,0.13967,50.0
1753520829527,09:07:09.527,ALCH/USDT:USDT,0.13938,32.0,0.13937,72.0,0.13964,31.0,0.13967,50.0
1753520829590,09:07:09.590,ALCH/USDT:USDT,0.13939,32.0,0.13938,68.0,0.13964,31.0,0.13967,50.0
1753520829742,09:07:09.742,ALCH/USDT:USDT,0.13939,32.0,0.13938,72.0,0.13964,31.0,0.13967,50.0
1753520829938,09:07:09.938,ALCH/USDT:USDT,0.13939,32.0,0.13938,72.0,0.13964,31.0,0.13967,50.0
1753520830158,09:07:10.158,ALCH/USDT:USDT,0.1394,32.0,0.13939,68.0,0.13964,31.0,0.13967,50.0
1753520830309,09:07:10.309,ALCH/USDT:USDT,0.1394,32.0,0.13939,72.0,0.13964,31.0,0.13967,50.0
1753520830386,09:07:10.386,ALCH/USDT:USDT,0.1394,32.0,0.13939,72.0,0.13964,31.0,0.13967,50.0
1753520831139,09:07:11.139,ALCH/USDT:USDT,0.1394,32.0,0.13939,72.0,0.13964,31.0,0.13967,50.0
1753520831178,09:07:11.178,ALCH/USDT:USDT,0.1394,32.0,0.13939,72.0,0.13964,31.0,0.13967,50.0
1753520831824,09:07:11.824,ALCH/USDT:USDT,0.1394,32.0,0.13939,72.0,0.13964,31.0,0.13967,50.0
1753520832367,09:07:12.367,ALCH/USDT:USDT,0.1394,32.0,0.13939,72.0,0.13964,31.0,0.13967,50.0
1753520832536,09:07:12.536,ALCH/USDT:USDT,0.13941,32.0,0.1394,104.0,0.13964,31.0,0.13967,50.0
1753520832615,09:07:12.615,ALCH/USDT:USDT,0.13942,32.0,0.13941,36.0,0.13964,31.0,0.13967,50.0
1753520832691,09:07:12.691,ALCH/USDT:USDT,0.13942,32.0,0.13941,36.0,0.13964,31.0,0.13967,50.0
1753520832841,09:07:12.841,ALCH/USDT:USDT,0.13943,32.0,0.13942,36.0,0.13964,31.0,0.13967,50.0
1753520832859,09:07:12.859,ALCH/USDT:USDT,0.13943,32.0,0.13942,36.0,0.13964,31.0,0.13967,50.0
1753520833250,09:07:13.250,ALCH/USDT:USDT,0.13943,32.0,0.13942,36.0,0.13964,31.0,0.13967,50.0
1753520833352,09:07:13.352,ALCH/USDT:USDT,0.13943,32.0,0.13942,36.0,0.13964,31.0,0.13967,50.0
1753520833479,09:07:13.479,ALCH/USDT:USDT,0.13943,32.0,0.13942,36.0,0.13964,31.0,0.13967,50.0
1753520833736,09:07:13.736,ALCH/USDT:USDT,0.13943,32.0,0.13942,36.0,0.13964,31.0,0.13967,50.0
1753520834240,09:07:14.240,ALCH/USDT:USDT,0.13944,32.0,0.13943,36.0,0.13964,31.0,0.13967,50.0
1753520835398,09:07:15.398,ALCH/USDT:USDT,0.13944,32.0,0.13943,36.0,0.13964,31.0,0.13967,50.0
1753520835821,09:07:15.821,ALCH/USDT:USDT,0.13944,32.0,0.13943,36.0,0.13964,31.0,0.13967,50.0
1753520836243,09:07:16.243,ALCH/USDT:USDT,0.13944,32.0,0.13943,36.0,0.13964,31.0,0.13967,50.0
1753520836370,09:07:16.370,ALCH/USDT:USDT,0.13944,32.0,0.13943,36.0,0.13964,31.0,0.13967,50.0
1753520836460,09:07:16.460,ALCH/USDT:USDT,0.13944,32.0,0.13943,36.0,0.13964,31.0,0.13967,50.0
1753520836649,09:07:16.649,ALCH/USDT:USDT,0.13944,32.0,0.13943,36.0,0.13964,31.0,0.13967,50.0
1753520836812,09:07:16.812,ALCH/USDT:USDT,0.13945,31.0,0.13944,36.0,0.13964,31.0,0.13967,50.0
1753520836924,09:07:16.924,ALCH/USDT:USDT,0.13945,31.0,0.13944,36.0,0.13964,31.0,0.13967,50.0
1753520837444,09:07:17.444,ALCH/USDT:USDT,0.13946,31.0,0.13945,31.0,0.13964,31.0,0.13967,50.0
1753520837468,09:07:17.468,ALCH/USDT:USDT,0.13946,31.0,0.13945,31.0,0.13964,31.0,0.13967,50.0
1753520837589,09:07:17.589,ALCH/USDT:USDT,0.13946,31.0,0.13944,36.0,0.13964,31.0,0.13967,50.0
1753520838094,09:07:18.094,ALCH/USDT:USDT,0.13947,31.0,0.13946,67.0,0.13964,31.0,0.13967,50.0
1753520838252,09:07:18.252,ALCH/USDT:USDT,0.13947,31.0,0.13946,36.0,0.13964,31.0,0.13967,50.0
1753520838299,09:07:18.299,ALCH/USDT:USDT,0.13947,67.0,0.13935,32.0,0.13964,31.0,0.13967,50.0
1753520838555,09:07:18.555,ALCH/USDT:USDT,0.13948,31.0,0.13947,36.0,0.13964,31.0,0.13967,50.0
1753520838717,09:07:18.717,ALCH/USDT:USDT,0.13948,31.0,0.13947,36.0,0.13964,31.0,0.13967,50.0
1753520838838,09:07:18.838,ALCH/USDT:USDT,0.13949,31.0,0.13948,36.0,0.13967,50.0,0.13968,31.0
1753520838932,09:07:18.932,ALCH/USDT:USDT,0.1395,31.0,0.13949,72.0,0.13967,50.0,0.13968,31.0
1753520839028,09:07:19.028,ALCH/USDT:USDT,0.1395,67.0,0.13949,72.0,0.13967,50.0,0.13968,31.0
1753520839060,09:07:19.060,ALCH/USDT:USDT,0.1395,31.0,0.13949,72.0,0.13967,50.0,0.13968,31.0
1753520839236,09:07:19.236,ALCH/USDT:USDT,0.1395,67.0,0.13949,72.0,0.13967,50.0,0.13968,31.0
1753520839286,09:07:19.286,ALCH/USDT:USDT,0.1395,67.0,0.13949,72.0,0.13967,50.0,0.13968,31.0
1753520839439,09:07:19.439,ALCH/USDT:USDT,0.1395,31.0,0.13949,72.0,0.13967,50.0,0.13968,31.0
1753520839549,09:07:19.549,ALCH/USDT:USDT,0.1395,139.0,0.13947,36.0,0.13966,31.0,0.13967,50.0
1753520839565,09:07:19.565,ALCH/USDT:USDT,0.1395,31.0,0.13947,36.0,0.13966,31.0,0.13967,50.0
1753520839660,09:07:19.660,ALCH/USDT:USDT,0.1395,31.0,0.13947,36.0,0.13966,31.0,0.13967,50.0
1753520839844,09:07:19.844,ALCH/USDT:USDT,0.1395,31.0,0.13935,32.0,0.13966,31.0,0.13967,50.0
1753520839945,09:07:19.945,ALCH/USDT:USDT,0.13936,67.0,0.13935,2.0,0.13966,31.0,0.13967,50.0
1753520840014,09:07:20.014,ALCH/USDT:USDT,0.13938,31.0,0.13937,36.0,0.13966,31.0,0.13967,50.0
1753520840148,09:07:20.148,ALCH/USDT:USDT,0.13939,31.0,0.13938,36.0,0.13966,31.0,0.13967,50.0
1753520840308,09:07:20.308,ALCH/USDT:USDT,0.1394,31.0,0.13939,36.0,0.13966,81.0,0.13967,50.0
1753520840434,09:07:20.434,ALCH/USDT:USDT,0.1394,31.0,0.13939,36.0,0.13965,31.0,0.13967,50.0
1753520840459,09:07:20.459,ALCH/USDT:USDT,0.1394,31.0,0.13939,36.0,0.13965,31.0,0.13967,50.0
1753520840947,09:07:20.947,ALCH/USDT:USDT,0.13941,31.0,0.1394,36.0,0.13965,31.0,0.13967,50.0
1753520840961,09:07:20.961,ALCH/USDT:USDT,0.13941,31.0,0.1394,36.0,0.13965,31.0,0.13967,50.0
1753520841260,09:07:21.260,ALCH/USDT:USDT,0.13941,31.0,0.1394,36.0,0.13965,31.0,0.13967,50.0
1753520841848,09:07:21.848,ALCH/USDT:USDT,0.13941,31.0,0.1394,36.0,0.13965,31.0,0.13967,50.0
1753520842252,09:07:22.252,ALCH/USDT:USDT,0.13941,31.0,0.1394,36.0,0.13965,31.0,0.13967,50.0
1753520843040,09:07:23.040,ALCH/USDT:USDT,0.13941,31.0,0.1394,36.0,0.13965,31.0,0.13967,50.0
1753520843082,09:07:23.082,ALCH/USDT:USDT,0.13941,31.0,0.1394,36.0,0.13965,31.0,0.13967,50.0
1753520843221,09:07:23.221,ALCH/USDT:USDT,0.13942,31.0,0.13941,67.0,0.13965,31.0,0.13967,50.0
1753520843304,09:07:23.304,ALCH/USDT:USDT,0.13943,31.0,0.13942,36.0,0.13965,31.0,0.13967,50.0
1753520843448,09:07:23.448,ALCH/USDT:USDT,0.13943,31.0,0.13942,36.0,0.13965,31.0,0.13967,50.0
1753520843538,09:07:23.538,ALCH/USDT:USDT,0.13944,31.0,0.13943,108.0,0.13965,31.0,0.13967,50.0
1753520843562,09:07:23.562,ALCH/USDT:USDT,0.13944,31.0,0.13943,108.0,0.13965,31.0,0.13967,50.0
1753520843706,09:07:23.706,ALCH/USDT:USDT,0.13944,31.0,0.13943,108.0,0.13965,31.0,0.13967,50.0
1753520844008,09:07:24.008,ALCH/USDT:USDT,0.13944,31.0,0.13943,108.0,0.13965,31.0,0.13967,50.0
1753520844215,09:07:24.215,ALCH/USDT:USDT,0.13945,31.0,0.13944,38.0,0.13965,31.0,0.13967,50.0
1753520844289,09:07:24.289,ALCH/USDT:USDT,0.13945,31.0,0.13944,74.0,0.13965,31.0,0.13967,50.0
1753520844367,09:07:24.367,ALCH/USDT:USDT,0.13945,31.0,0.13944,43.0,0.13965,31.0,0.13967,50.0
1753520844555,09:07:24.555,ALCH/USDT:USDT,0.13945,31.0,0.13944,43.0,0.13965,31.0,0.13967,50.0
1753520845218,09:07:25.218,ALCH/USDT:USDT,0.13945,31.0,0.13944,43.0,0.13965,31.0,0.13967,50.0
1753520845382,09:07:25.382,ALCH/USDT:USDT,0.13945,31.0,0.13944,43.0,0.13965,31.0,0.13967,50.0
1753520845489,09:07:25.489,ALCH/USDT:USDT,0.13945,31.0,0.13944,43.0,0.13965,31.0,0.13967,50.0
1753520846387,09:07:26.387,ALCH/USDT:USDT,0.13946,31.0,0.13945,72.0,0.13965,31.0,0.13967,50.0
1753520846542,09:07:26.542,ALCH/USDT:USDT,0.13946,31.0,0.13945,72.0,0.13965,31.0,0.13967,50.0
1753520846620,09:07:26.620,ALCH/USDT:USDT,0.13946,31.0,0.13945,72.0,0.13965,31.0,0.13967,50.0
1753520847196,09:07:27.196,ALCH/USDT:USDT,0.13946,31.0,0.13945,72.0,0.13965,31.0,0.13967,50.0
1753520847444,09:07:27.444,ALCH/USDT:USDT,0.13946,31.0,0.13945,72.0,0.13965,31.0,0.13967,50.0
1753520847517,09:07:27.517,ALCH/USDT:USDT,0.13947,31.0,0.13946,72.0,0.13965,31.0,0.13967,50.0
1753520847565,09:07:27.565,ALCH/USDT:USDT,0.13947,31.0,0.13946,72.0,0.13965,31.0,0.13967,50.0
1753520847659,09:07:27.659,ALCH/USDT:USDT,0.13947,31.0,0.13946,72.0,0.13965,31.0,0.13967,50.0
1753520847863,09:07:27.863,ALCH/USDT:USDT,0.13947,31.0,0.13946,72.0,0.13965,31.0,0.13967,50.0
1753520848280,09:07:28.280,ALCH/USDT:USDT,0.13947,31.0,0.13946,72.0,0.13965,31.0,0.13967,50.0
1753520849056,09:07:29.056,ALCH/USDT:USDT,0.13947,31.0,0.13946,72.0,0.13965,31.0,0.13967,50.0
1753520849174,09:07:29.174,ALCH/USDT:USDT,0.13947,31.0,0.13946,72.0,0.13965,31.0,0.13967,50.0
1753520849738,09:07:29.738,ALCH/USDT:USDT,0.13947,31.0,0.13946,72.0,0.13965,31.0,0.13967,50.0
1753520850009,09:07:30.009,ALCH/USDT:USDT,0.13947,31.0,0.13946,72.0,0.13965,31.0,0.13967,50.0
1753520850303,09:07:30.303,ALCH/USDT:USDT,0.13947,31.0,0.13946,72.0,0.13965,31.0,0.13967,50.0
1753520850512,09:07:30.512,ALCH/USDT:USDT,0.13947,67.0,0.13946,36.0,0.13965,31.0,0.13967,50.0
1753520850577,09:07:30.577,ALCH/USDT:USDT,0.13948,103.0,0.13941,31.0,0.13965,31.0,0.13967,50.0
1753520850718,09:07:30.718,ALCH/USDT:USDT,0.13948,103.0,0.13941,31.0,0.13965,31.0,0.13967,50.0
1753520851539,09:07:31.539,ALCH/USDT:USDT,0.13948,103.0,0.13941,31.0,0.13965,31.0,0.13967,50.0
1753520851715,09:07:31.715,ALCH/USDT:USDT,0.13949,31.0,0.13948,36.0,0.13965,31.0,0.13967,50.0
1753520852038,09:07:32.038,ALCH/USDT:USDT,0.13949,31.0,0.13948,36.0,0.13965,31.0,0.13967,50.0
1753520852141,09:07:32.141,ALCH/USDT:USDT,0.13949,31.0,0.13948,36.0,0.13965,31.0,0.13967,50.0
1753520852376,09:07:32.376,ALCH/USDT:USDT,0.13949,31.0,0.13948,36.0,0.13965,31.0,0.13967,50.0
1753520853452,09:07:33.452,ALCH/USDT:USDT,0.13949,31.0,0.13948,36.0,0.13965,31.0,0.13967,50.0
1753520853906,09:07:33.906,ALCH/USDT:USDT,0.13949,67.0,0.13941,31.0,0.13965,31.0,0.13967,50.0
1753520854828,09:07:34.828,ALCH/USDT:USDT,0.1395,31.0,0.13949,36.0,0.13967,50.0,0.13968,31.0
1753520855201,09:07:35.201,ALCH/USDT:USDT,0.1395,31.0,0.13949,36.0,0.13967,50.0,0.13968,31.0
1753520855388,09:07:35.388,ALCH/USDT:USDT,0.1395,31.0,0.13949,36.0,0.13967,50.0,0.13968,31.0
1753520855593,09:07:35.593,ALCH/USDT:USDT,0.1395,31.0,0.13949,36.0,0.13967,50.0,0.13968,31.0
1753520857037,09:07:37.037,ALCH/USDT:USDT,0.13941,31.0,0.13934,50.0,0.13966,99.0,0.13967,50.0
1753520857136,09:07:37.136,ALCH/USDT:USDT,0.13944,31.0,0.13943,72.0,0.13966,99.0,0.13967,50.0
1753520857233,09:07:37.233,ALCH/USDT:USDT,0.13944,31.0,0.13943,108.0,0.13966,99.0,0.13967,50.0
1753520857361,09:07:37.361,ALCH/USDT:USDT,0.13944,31.0,0.13943,108.0,0.13967,50.0,0.13968,31.0
1753520857459,09:07:37.459,ALCH/USDT:USDT,0.13944,31.0,0.13943,108.0,0.13967,50.0,0.13968,31.0
1753520857725,09:07:37.725,ALCH/USDT:USDT,0.13945,31.0,0.13944,104.0,0.13967,50.0,0.13968,31.0
1753520858074,09:07:38.074,ALCH/USDT:USDT,0.13945,31.0,0.13944,104.0,0.13967,50.0,0.13968,31.0
1753520858492,09:07:38.492,ALCH/USDT:USDT,0.13945,31.0,0.13944,104.0,0.13967,50.0,0.13968,31.0
1753520858735,09:07:38.735,ALCH/USDT:USDT,0.13946,31.0,0.13945,7.0,0.13967,50.0,0.13968,31.0
1753520859376,09:07:39.376,ALCH/USDT:USDT,0.13946,31.0,0.13945,7.0,0.13967,50.0,0.13968,31.0
1753520859587,09:07:39.587,ALCH/USDT:USDT,0.13947,31.0,0.13946,81.0,0.13967,50.0,0.13968,31.0
1753520859681,09:07:39.681,ALCH/USDT:USDT,0.13948,31.0,0.13947,74.0,0.13967,50.0,0.13968,31.0
1753520860242,09:07:40.242,ALCH/USDT:USDT,0.13949,31.0,0.13948,104.0,0.13967,50.0,0.13968,31.0
1753520860260,09:07:40.260,ALCH/USDT:USDT,0.13949,31.0,0.13948,104.0,0.13967,50.0,0.13968,31.0
1753520860759,09:07:40.759,ALCH/USDT:USDT,0.13949,31.0,0.13948,104.0,0.13967,50.0,0.13968,31.0
1753520860863,09:07:40.863,ALCH/USDT:USDT,0.13949,31.0,0.13948,104.0,0.13967,50.0,0.13968,31.0
1753520861442,09:07:41.442,ALCH/USDT:USDT,0.13949,31.0,0.13948,104.0,0.13967,50.0,0.13968,31.0
1753520861505,09:07:41.505,ALCH/USDT:USDT,0.13948,104.0,0.13947,74.0,0.13966,31.0,0.13967,50.0
1753520861587,09:07:41.587,ALCH/USDT:USDT,0.13948,104.0,0.13947,74.0,0.13966,31.0,0.13967,50.0
1753520861878,09:07:41.878,ALCH/USDT:USDT,0.13948,104.0,0.13947,74.0,0.13966,31.0,0.13967,50.0
1753520862029,09:07:42.029,ALCH/USDT:USDT,0.13949,31.0,0.13948,104.0,0.13966,31.0,0.13967,50.0
1753520862334,09:07:42.334,ALCH/USDT:USDT,0.13949,31.0,0.13948,104.0,0.13966,31.0,0.13967,50.0
1753520862749,09:07:42.749,ALCH/USDT:USDT,0.13949,31.0,0.13948,104.0,0.13966,31.0,0.13967,50.0
1753520862838,09:07:42.838,ALCH/USDT:USDT,0.13949,31.0,0.13948,104.0,0.13966,31.0,0.13967,50.0
1753520862860,09:07:42.860,ALCH/USDT:USDT,0.13949,31.0,0.13948,104.0,0.13966,31.0,0.13967,50.0
1753520863417,09:07:43.417,ALCH/USDT:USDT,0.13942,31.0,0.13934,63.0,0.13966,31.0,0.13967,50.0
1753520863482,09:07:43.482,ALCH/USDT:USDT,0.13942,31.0,0.13934,50.0,0.13966,31.0,0.13967,50.0
1753520863569,09:07:43.569,ALCH/USDT:USDT,0.13942,31.0,0.13934,50.0,0.13966,31.0,0.13967,50.0
1753520863841,09:07:43.841,ALCH/USDT:USDT,0.13943,31.0,0.13942,104.0,0.13966,31.0,0.13967,50.0
1753520863860,09:07:43.860,ALCH/USDT:USDT,0.13943,31.0,0.13942,104.0,0.13966,31.0,0.13967,50.0
1753520864131,09:07:44.131,ALCH/USDT:USDT,0.13944,31.0,0.13943,209.0,0.13966,31.0,0.13967,50.0
1753520864236,09:07:44.236,ALCH/USDT:USDT,0.13945,31.0,0.13944,111.0,0.13966,31.0,0.13967,50.0
1753520864328,09:07:44.328,ALCH/USDT:USDT,0.13945,31.0,0.13944,111.0,0.13966,31.0,0.13967,50.0
1753520864442,09:07:44.442,ALCH/USDT:USDT,0.13945,31.0,0.13944,111.0,0.13966,31.0,0.13967,50.0
1753520864729,09:07:44.729,ALCH/USDT:USDT,0.13946,31.0,0.13945,211.0,0.13966,31.0,0.13967,50.0
1753520864892,09:07:44.892,ALCH/USDT:USDT,0.13946,31.0,0.13945,211.0,0.13966,31.0,0.13967,50.0
1753520865325,09:07:45.325,ALCH/USDT:USDT,0.13946,31.0,0.13945,211.0,0.13966,31.0,0.13967,50.0
1753520865887,09:07:45.887,ALCH/USDT:USDT,0.13946,31.0,0.13945,211.0,0.13966,31.0,0.13967,50.0
1753520865985,09:07:45.985,ALCH/USDT:USDT,0.13946,31.0,0.13945,211.0,0.13966,31.0,0.13967,50.0
1753520868113,09:07:48.113,ALCH/USDT:USDT,0.13946,31.0,0.13943,13.0,0.13966,31.0,0.13967,50.0
1753520868160,09:07:48.160,ALCH/USDT:USDT,0.13946,31.0,0.13934,50.0,0.13966,31.0,0.13967,50.0
1753520868540,09:07:48.540,ALCH/USDT:USDT,0.13947,32.0,0.13946,456.0,0.13966,31.0,0.13967,50.0
1753520868596,09:07:48.596,ALCH/USDT:USDT,0.13949,32.0,0.13948,116.0,0.13966,31.0,0.13967,50.0
1753520868993,09:07:48.993,ALCH/USDT:USDT,0.13949,32.0,0.13948,116.0,0.13966,31.0,0.13967,50.0
1753520869402,09:07:49.402,ALCH/USDT:USDT,0.13949,32.0,0.13948,116.0,0.13966,31.0,0.13967,50.0
1753520869500,09:07:49.500,ALCH/USDT:USDT,0.13949,32.0,0.13948,116.0,0.13966,31.0,0.13967,50.0
1753520869820,09:07:49.820,ALCH/USDT:USDT,0.13949,32.0,0.13948,116.0,0.13966,31.0,0.13967,50.0
1753520871300,09:07:51.300,ALCH/USDT:USDT,0.13949,32.0,0.13948,116.0,0.13966,31.0,0.13967,50.0
1753520871697,09:07:51.697,ALCH/USDT:USDT,0.13949,32.0,0.13947,13.0,0.13966,31.0,0.13967,50.0
1753520871778,09:07:51.778,ALCH/USDT:USDT,0.13949,32.0,0.13934,50.0,0.13966,31.0,0.13967,50.0
1753520872266,09:07:52.266,ALCH/USDT:USDT,0.13949,32.0,0.13934,50.0,0.13966,31.0,0.13967,50.0
1753520874032,09:07:54.032,ALCH/USDT:USDT,0.13949,32.0,0.13934,50.0,0.13966,31.0,0.13967,50.0
1753520874306,09:07:54.306,ALCH/USDT:USDT,0.13949,32.0,0.13934,50.0,0.13966,31.0,0.13967,50.0
1753520874439,09:07:54.439,ALCH/USDT:USDT,0.13949,32.0,0.13934,50.0,0.13966,31.0,0.13967,50.0
1753520875718,09:07:55.718,ALCH/USDT:USDT,0.13949,32.0,0.13934,50.0,0.13965,35.0,0.13966,31.0
1753520875925,09:07:55.925,ALCH/USDT:USDT,0.13949,32.0,0.13934,50.0,0.13965,35.0,0.13966,31.0
1753520876228,09:07:56.228,ALCH/USDT:USDT,0.13949,147.0,0.13934,50.0,0.13965,35.0,0.13966,31.0
1753520876261,09:07:56.261,ALCH/USDT:USDT,0.13949,147.0,0.13934,63.0,0.13965,35.0,0.13966,31.0
1753520876398,09:07:56.398,ALCH/USDT:USDT,0.13949,147.0,0.13934,63.0,0.13965,35.0,0.13966,31.0
1753520876862,09:07:56.862,ALCH/USDT:USDT,0.13949,147.0,0.13934,63.0,0.13965,35.0,0.13966,31.0
1753520877135,09:07:57.135,ALCH/USDT:USDT,0.13949,264.0,0.13934,63.0,0.13966,31.0,0.13967,50.0
1753520877235,09:07:57.235,ALCH/USDT:USDT,0.13949,264.0,0.13934,63.0,0.13966,31.0,0.13967,50.0
1753520877275,09:07:57.275,ALCH/USDT:USDT,0.13949,264.0,0.13934,63.0,0.13966,31.0,0.13967,50.0
1753520877515,09:07:57.515,ALCH/USDT:USDT,0.1395,148.0,0.13934,63.0,0.13966,31.0,0.13967,50.0
1753520877851,09:07:57.851,ALCH/USDT:USDT,0.1395,148.0,0.13934,63.0,0.13966,31.0,0.13967,50.0
1753520877859,09:07:57.859,ALCH/USDT:USDT,0.1395,148.0,0.13934,63.0,0.13966,31.0,0.13967,50.0
1753520877979,09:07:57.979,ALCH/USDT:USDT,0.1395,148.0,0.13934,63.0,0.13966,31.0,0.13967,50.0
1753520878444,09:07:58.444,ALCH/USDT:USDT,0.1395,148.0,0.13934,63.0,0.13966,31.0,0.13967,50.0
1753520878839,09:07:58.839,ALCH/USDT:USDT,0.1395,148.0,0.13934,63.0,0.13966,31.0,0.13967,50.0
1753520878865,09:07:58.865,ALCH/USDT:USDT,0.1395,148.0,0.13934,63.0,0.13966,31.0,0.13967,50.0
1753520879828,09:07:59.828,ALCH/USDT:USDT,0.1395,148.0,0.13934,63.0,0.13966,31.0,0.13967,50.0
1753520879860,09:07:59.860,ALCH/USDT:USDT,0.1395,148.0,0.13934,63.0,0.13966,31.0,0.13967,50.0
1753520880067,09:08:00.067,ALCH/USDT:USDT,0.1395,148.0,0.13934,63.0,0.13966,31.0,0.13967,50.0
1753520880391,09:08:00.391,ALCH/USDT:USDT,0.1395,148.0,0.13934,63.0,0.13966,31.0,0.13967,50.0
1753520880817,09:08:00.817,ALCH/USDT:USDT,0.1395,148.0,0.13934,63.0,0.13966,31.0,0.13967,50.0
1753520880859,09:08:00.859,ALCH/USDT:USDT,0.1395,148.0,0.13934,63.0,0.13966,31.0,0.13967,50.0
1753520881136,09:08:01.136,ALCH/USDT:USDT,0.13951,31.0,0.13934,63.0,0.13967,50.0,0.13968,31.0
1753520881248,09:08:01.248,ALCH/USDT:USDT,0.13951,31.0,0.13934,50.0,0.13967,50.0,0.13968,31.0
1753520881339,09:08:01.339,ALCH/USDT:USDT,0.13952,31.0,0.13934,50.0,0.13967,50.0,0.13968,31.0
1753520881436,09:08:01.436,ALCH/USDT:USDT,0.13952,31.0,0.13934,50.0,0.13967,50.0,0.13968,31.0
1753520882148,09:08:02.148,ALCH/USDT:USDT,0.13952,31.0,0.13934,50.0,0.13967,50.0,0.13968,31.0
1753520882248,09:08:02.248,ALCH/USDT:USDT,0.13952,31.0,0.13934,50.0,0.13967,50.0,0.13968,31.0
1753520882288,09:08:02.288,ALCH/USDT:USDT,0.13952,31.0,0.13934,50.0,0.13967,50.0,0.13968,31.0
1753520882410,09:08:02.410,ALCH/USDT:USDT,0.13952,31.0,0.13934,50.0,0.13967,50.0,0.13968,31.0
1753520882608,09:08:02.608,ALCH/USDT:USDT,0.13952,31.0,0.13934,50.0,0.13967,50.0,0.13968,31.0
1753520882830,09:08:02.830,ALCH/USDT:USDT,0.13952,31.0,0.13934,50.0,0.13967,50.0,0.13968,31.0
1753520883790,09:08:03.790,ALCH/USDT:USDT,0.13952,31.0,0.13934,50.0,0.13967,50.0,0.13968,31.0
1753520883898,09:08:03.898,ALCH/USDT:USDT,0.13952,67.0,0.13934,50.0,0.13967,50.0,0.13968,31.0
1753520884084,09:08:04.084,ALCH/USDT:USDT,0.13952,67.0,0.13934,50.0,0.13967,50.0,0.13968,31.0
1753520884713,09:08:04.713,ALCH/USDT:USDT,0.13952,67.0,0.13934,50.0,0.13966,116.0,0.13967,50.0
1753520884760,09:08:04.760,ALCH/USDT:USDT,0.13952,67.0,0.13934,50.0,0.13966,116.0,0.13967,50.0
1753520885151,09:08:05.151,ALCH/USDT:USDT,0.13952,67.0,0.13934,50.0,0.13967,50.0,0.13968,31.0
1753520885160,09:08:05.160,ALCH/USDT:USDT,0.13952,67.0,0.13934,50.0,0.13967,50.0,0.13968,31.0
1753520890159,09:08:10.159,ALCH/USDT:USDT,0.13952,31.0,0.13934,50.0,0.13967,50.0,0.13968,31.0
1753520890269,09:08:10.269,ALCH/USDT:USDT,0.13952,31.0,0.13934,50.0,0.13967,50.0,0.13968,31.0
1753520890438,09:08:10.438,ALCH/USDT:USDT,0.13935,31.0,0.13934,58.0,0.13966,31.0,0.13967,50.0
1753520890552,09:08:10.552,ALCH/USDT:USDT,0.13936,31.0,0.13935,70.0,0.13966,31.0,0.13967,50.0
1753520890605,09:08:10.605,ALCH/USDT:USDT,0.13936,31.0,0.13935,103.0,0.13966,31.0,0.13967,50.0
1753520890738,09:08:10.738,ALCH/USDT:USDT,0.13938,31.0,0.13937,36.0,0.13966,31.0,0.13967,50.0
1753520890846,09:08:10.846,ALCH/USDT:USDT,0.13939,31.0,0.13938,17.0,0.13966,31.0,0.13967,50.0
1753520890939,09:08:10.939,ALCH/USDT:USDT,0.13939,31.0,0.13938,53.0,0.13966,31.0,0.13967,50.0
1753520891149,09:08:11.149,ALCH/USDT:USDT,0.13939,67.0,0.13938,53.0,0.13966,31.0,0.13967,50.0
1753520891153,09:08:11.153,ALCH/USDT:USDT,0.1394,31.0,0.13939,81.0,0.13966,31.0,0.13967,50.0
1753520891329,09:08:11.329,ALCH/USDT:USDT,0.13942,31.0,0.13941,72.0,0.13966,31.0,0.13967,50.0
1753520891431,09:08:11.431,ALCH/USDT:USDT,0.13943,31.0,0.13942,21.0,0.13966,31.0,0.13967,50.0
1753520891722,09:08:11.722,ALCH/USDT:USDT,0.13944,31.0,0.13943,36.0,0.13966,31.0,0.13967,50.0
1753520891838,09:08:11.838,ALCH/USDT:USDT,0.13945,67.0,0.13944,36.0,0.13966,31.0,0.13967,50.0
1753520891873,09:08:11.873,ALCH/USDT:USDT,0.13946,31.0,0.13945,36.0,0.13966,31.0,0.13967,50.0
1753520892024,09:08:12.024,ALCH/USDT:USDT,0.13947,31.0,0.13946,7.0,0.13966,31.0,0.13967,50.0
1753520892374,09:08:12.374,ALCH/USDT:USDT,0.13947,31.0,0.13945,36.0,0.13966,31.0,0.13967,50.0
1753520892844,09:08:12.844,ALCH/USDT:USDT,0.13947,31.0,0.13945,36.0,0.13966,31.0,0.13967,50.0
1753520893412,09:08:13.412,ALCH/USDT:USDT,0.13948,31.0,0.13947,36.0,0.13966,31.0,0.13967,50.0
1753520893516,09:08:13.516,ALCH/USDT:USDT,0.13948,31.0,0.13947,36.0,0.13966,31.0,0.13967,50.0
1753520894139,09:08:14.139,ALCH/USDT:USDT,0.13948,31.0,0.13947,36.0,0.13966,31.0,0.13967,50.0
1753520894624,09:08:14.624,ALCH/USDT:USDT,0.13948,31.0,0.13947,36.0,0.13966,31.0,0.13967,50.0
1753520895125,09:08:15.125,ALCH/USDT:USDT,0.13948,31.0,0.13947,36.0,0.13966,31.0,0.13967,50.0
1753520895167,09:08:15.167,ALCH/USDT:USDT,0.13948,31.0,0.13947,36.0,0.13966,31.0,0.13967,50.0
1753520895443,09:08:15.443,ALCH/USDT:USDT,0.13948,31.0,0.13947,36.0,0.13966,31.0,0.13967,50.0
1753520895838,09:08:15.838,ALCH/USDT:USDT,0.13948,31.0,0.13947,36.0,0.13966,31.0,0.13967,50.0
1753520895866,09:08:15.866,ALCH/USDT:USDT,0.13948,31.0,0.13947,36.0,0.13966,31.0,0.13967,50.0
1753520896639,09:08:16.639,ALCH/USDT:USDT,0.13949,32.0,0.13948,36.0,0.13966,31.0,0.13967,50.0
1753520896660,09:08:16.660,ALCH/USDT:USDT,0.13949,32.0,0.13948,36.0,0.13966,31.0,0.13967,50.0
1753520897518,09:08:17.518,ALCH/USDT:USDT,0.1395,32.0,0.13949,36.0,0.13966,31.0,0.13967,50.0
1753520897628,09:08:17.628,ALCH/USDT:USDT,0.1395,32.0,0.13948,36.0,0.13966,31.0,0.13967,50.0
1753520897660,09:08:17.660,ALCH/USDT:USDT,0.1395,32.0,0.13948,36.0,0.13966,31.0,0.13967,50.0
1753520898301,09:08:18.301,ALCH/USDT:USDT,0.1395,32.0,0.13948,36.0,0.13966,31.0,0.13967,50.0
1753520898617,09:08:18.617,ALCH/USDT:USDT,0.1395,32.0,0.13948,36.0,0.13966,31.0,0.13967,50.0
1753520898661,09:08:18.661,ALCH/USDT:USDT,0.1395,32.0,0.13948,36.0,0.13966,31.0,0.13967,50.0
1753520899606,09:08:19.606,ALCH/USDT:USDT,0.1395,32.0,0.13948,36.0,0.13966,31.0,0.13967,50.0
1753520899662,09:08:19.662,ALCH/USDT:USDT,0.1395,32.0,0.13948,36.0,0.13966,31.0,0.13967,50.0
1753520899918,09:08:19.918,ALCH/USDT:USDT,0.1395,32.0,0.13948,36.0,0.13966,31.0,0.13967,50.0
1753520900041,09:08:20.041,ALCH/USDT:USDT,0.1395,32.0,0.13935,31.0,0.13966,31.0,0.13967,50.0
1753520900080,09:08:20.080,ALCH/USDT:USDT,0.13936,32.0,0.13935,162.0,0.13966,31.0,0.13967,50.0
1753520900236,09:08:20.236,ALCH/USDT:USDT,0.13938,32.0,0.13937,72.0,0.13966,31.0,0.13967,50.0
1753520900260,09:08:20.260,ALCH/USDT:USDT,0.13938,32.0,0.13937,72.0,0.13966,31.0,0.13967,50.0
1753520900389,09:08:20.389,ALCH/USDT:USDT,0.13938,32.0,0.13937,72.0,0.13966,31.0,0.13967,50.0
1753520900595,09:08:20.595,ALCH/USDT:USDT,0.13938,32.0,0.13937,72.0,0.13966,31.0,0.13967,50.0
1753520900660,09:08:20.660,ALCH/USDT:USDT,0.13938,32.0,0.13937,72.0,0.13966,31.0,0.13967,50.0
1753520901622,09:08:21.622,ALCH/USDT:USDT,0.13938,32.0,0.13937,72.0,0.13966,31.0,0.13967,50.0
1753520902045,09:08:22.045,ALCH/USDT:USDT,0.13938,32.0,0.13937,72.0,0.13966,31.0,0.13967,50.0
1753520903352,09:08:23.352,ALCH/USDT:USDT,0.1394,32.0,0.13939,41.0,0.13966,31.0,0.13967,50.0
1753520903423,09:08:23.423,ALCH/USDT:USDT,0.13941,32.0,0.1394,108.0,0.13966,31.0,0.13967,50.0
1753520903663,09:08:23.663,ALCH/USDT:USDT,0.13941,32.0,0.1394,108.0,0.13966,31.0,0.13967,50.0
1753520904195,09:08:24.195,ALCH/USDT:USDT,0.13941,32.0,0.1394,108.0,0.13966,31.0,0.13967,50.0
1753520904481,09:08:24.481,ALCH/USDT:USDT,0.13941,32.0,0.1394,108.0,0.13966,31.0,0.13967,50.0
1753520904799,09:08:24.799,ALCH/USDT:USDT,0.13942,32.0,0.13941,72.0,0.13966,31.0,0.13967,50.0
1753520905304,09:08:25.304,ALCH/USDT:USDT,0.13942,32.0,0.13941,72.0,0.13966,31.0,0.13967,50.0
1753520905526,09:08:25.526,ALCH/USDT:USDT,0.13942,32.0,0.13941,72.0,0.13966,31.0,0.13967,50.0
1753520906336,09:08:26.336,ALCH/USDT:USDT,0.13943,32.0,0.13942,59.0,0.13966,31.0,0.13967,50.0
1753520906429,09:08:26.429,ALCH/USDT:USDT,0.13945,31.0,0.13944,41.0,0.13966,31.0,0.13967,50.0
1753520906476,09:08:26.476,ALCH/USDT:USDT,0.13946,31.0,0.13945,72.0,0.13966,31.0,0.13967,50.0
1753520907126,09:08:27.126,ALCH/USDT:USDT,0.13947,31.0,0.13946,36.0,0.13966,31.0,0.13967,50.0
1753520907175,09:08:27.175,ALCH/USDT:USDT,0.13948,31.0,0.13947,9.0,0.13966,31.0,0.13967,50.0
1753520907287,09:08:27.287,ALCH/USDT:USDT,0.13949,67.0,0.13948,36.0,0.13966,31.0,0.13967,50.0
1753520907399,09:08:27.399,ALCH/USDT:USDT,0.13949,67.0,0.13948,36.0,0.13966,31.0,0.13967,50.0
1753520907825,09:08:27.825,ALCH/USDT:USDT,0.13949,67.0,0.13948,36.0,0.13966,31.0,0.13967,50.0
1753520907859,09:08:27.859,ALCH/USDT:USDT,0.13949,67.0,0.13948,36.0,0.13966,31.0,0.13967,50.0
1753520908105,09:08:28.105,ALCH/USDT:USDT,0.13949,67.0,0.13948,36.0,0.13966,31.0,0.13967,50.0
1753520908160,09:08:28.160,ALCH/USDT:USDT,0.13949,67.0,0.13948,36.0,0.13966,31.0,0.13967,50.0
1753520908505,09:08:28.505,ALCH/USDT:USDT,0.13949,67.0,0.13948,36.0,0.13966,31.0,0.13967,50.0
1753520908624,09:08:28.624,ALCH/USDT:USDT,0.13949,67.0,0.13948,36.0,0.13966,31.0,0.13967,50.0
1753520908947,09:08:28.947,ALCH/USDT:USDT,0.13949,67.0,0.13948,36.0,0.13966,31.0,0.13967,50.0
1753520909449,09:08:29.449,ALCH/USDT:USDT,0.13949,67.0,0.13948,36.0,0.13966,31.0,0.13967,50.0
1753520909506,09:08:29.506,ALCH/USDT:USDT,0.13949,67.0,0.13948,36.0,0.13966,31.0,0.13967,50.0
1753520910100,09:08:30.100,ALCH/USDT:USDT,0.13949,67.0,0.13948,36.0,0.13966,31.0,0.13967,50.0
1753520910162,09:08:30.162,ALCH/USDT:USDT,0.13949,67.0,0.13948,36.0,0.13966,31.0,0.13967,50.0
1753520910296,09:08:30.296,ALCH/USDT:USDT,0.13949,67.0,0.13936,32.0,0.13966,31.0,0.13967,50.0
1753520911488,09:08:31.488,ALCH/USDT:USDT,0.13949,67.0,0.13936,32.0,0.13966,31.0,0.13967,50.0
1753520911630,09:08:31.630,ALCH/USDT:USDT,0.13949,139.0,0.13936,32.0,0.13966,31.0,0.13967,50.0
1753520912719,09:08:32.719,ALCH/USDT:USDT,0.1395,67.0,0.13949,72.0,0.13966,31.0,0.13967,50.0
1753520913084,09:08:33.084,ALCH/USDT:USDT,0.1395,103.0,0.13949,72.0,0.13966,31.0,0.13967,50.0
1753520913530,09:08:33.530,ALCH/USDT:USDT,0.1395,103.0,0.13949,72.0,0.13965,182.0,0.13966,31.0
1753520913637,09:08:33.637,ALCH/USDT:USDT,0.1395,103.0,0.13949,72.0,0.13966,31.0,0.13967,50.0
1753520913660,09:08:33.660,ALCH/USDT:USDT,0.1395,103.0,0.13949,72.0,0.13966,31.0,0.13967,50.0
1753520914236,09:08:34.236,ALCH/USDT:USDT,0.1395,103.0,0.13949,72.0,0.13966,31.0,0.13967,50.0
1753520914254,09:08:34.254,ALCH/USDT:USDT,0.1395,103.0,0.13949,72.0,0.13966,31.0,0.13967,50.0
1753520914362,09:08:34.362,ALCH/USDT:USDT,0.1395,103.0,0.13949,72.0,0.13966,31.0,0.13967,50.0
1753520914530,09:08:34.530,ALCH/USDT:USDT,0.1395,103.0,0.13949,72.0,0.13966,31.0,0.13967,50.0
1753520914651,09:08:34.651,ALCH/USDT:USDT,0.1395,103.0,0.13949,36.0,0.13966,31.0,0.13967,50.0
1753520914676,09:08:34.676,ALCH/USDT:USDT,0.1395,103.0,0.13936,45.0,0.13965,182.0,0.13966,31.0
1753520914760,09:08:34.760,ALCH/USDT:USDT,0.1395,103.0,0.13936,45.0,0.13965,182.0,0.13966,31.0
1753520915396,09:08:35.396,ALCH/USDT:USDT,0.1395,103.0,0.13936,45.0,0.13965,182.0,0.13966,31.0
1753520915554,09:08:35.554,ALCH/USDT:USDT,0.1395,103.0,0.13936,45.0,0.13965,182.0,0.13966,31.0
1753520915816,09:08:35.816,ALCH/USDT:USDT,0.1395,145.0,0.13936,45.0,0.13965,182.0,0.13966,31.0
1753520916574,09:08:36.574,ALCH/USDT:USDT,0.1395,145.0,0.13936,45.0,0.13966,31.0,0.13967,50.0
1753520916661,09:08:36.661,ALCH/USDT:USDT,0.1395,145.0,0.13936,45.0,0.13966,31.0,0.13967,50.0
1753520917539,09:08:37.539,ALCH/USDT:USDT,0.1395,145.0,0.13936,45.0,0.13966,31.0,0.13967,50.0
1753520917580,09:08:37.580,ALCH/USDT:USDT,0.1395,145.0,0.13936,45.0,0.13966,31.0,0.13967,50.0
1753520920348,09:08:40.348,ALCH/USDT:USDT,0.1395,145.0,0.13936,45.0,0.13966,31.0,0.13967,50.0
1753520920448,09:08:40.448,ALCH/USDT:USDT,0.1395,145.0,0.13936,45.0,0.13966,31.0,0.13967,50.0
1753520920548,09:08:40.548,ALCH/USDT:USDT,0.1395,145.0,0.13936,45.0,0.13966,31.0,0.13967,50.0
1753520920568,09:08:40.568,ALCH/USDT:USDT,0.1395,145.0,0.13936,45.0,0.13966,31.0,0.13967,50.0
1753520921675,09:08:41.675,ALCH/USDT:USDT,0.1395,31.0,0.13936,45.0,0.13966,31.0,0.13967,50.0
1753520922350,09:08:42.350,ALCH/USDT:USDT,0.1395,31.0,0.13937,50.0,0.13966,31.0,0.13967,50.0
1753520922949,09:08:42.949,ALCH/USDT:USDT,0.1395,79.0,0.13937,50.0,0.13966,31.0,0.13967,50.0
1753520923321,09:08:43.321,ALCH/USDT:USDT,0.1395,128.0,0.13937,50.0,0.13966,31.0,0.13967,50.0
1753520923632,09:08:43.632,ALCH/USDT:USDT,0.1395,128.0,0.13937,50.0,0.13966,31.0,0.13967,50.0
1753520924504,09:08:44.504,ALCH/USDT:USDT,0.1395,128.0,0.13937,50.0,0.13966,31.0,0.13967,50.0
1753520925320,09:08:45.320,ALCH/USDT:USDT,0.1395,128.0,0.13937,50.0,0.13966,31.0,0.13967,50.0
1753520925659,09:08:45.659,ALCH/USDT:USDT,0.1395,128.0,0.13937,50.0,0.13966,31.0,0.13967,50.0
1753520928749,09:08:48.749,ALCH/USDT:USDT,0.1395,132.0,0.13937,50.0,0.13966,31.0,0.13967,50.0
1753520930436,09:08:50.436,ALCH/USDT:USDT,0.13951,31.0,0.1395,132.0,0.13966,31.0,0.13967,50.0
1753520930455,09:08:50.455,ALCH/USDT:USDT,0.13951,31.0,0.1395,132.0,0.13965,182.0,0.13966,31.0
1753520930648,09:08:50.648,ALCH/USDT:USDT,0.13951,31.0,0.1395,101.0,0.13966,31.0,0.13967,50.0
1753520930695,09:08:50.695,ALCH/USDT:USDT,0.13951,31.0,0.1395,101.0,0.13966,31.0,0.13967,50.0
1753520931249,09:08:51.249,ALCH/USDT:USDT,0.13951,31.0,0.1395,101.0,0.13966,31.0,0.13967,50.0
1753520931298,09:08:51.298,ALCH/USDT:USDT,0.13951,31.0,0.1395,101.0,0.13966,31.0,0.13967,50.0
1753520932346,09:08:52.346,ALCH/USDT:USDT,0.13951,31.0,0.13937,50.0,0.13965,182.0,0.13966,31.0
1753520932360,09:08:52.360,ALCH/USDT:USDT,0.13951,31.0,0.13937,50.0,0.13965,182.0,0.13966,31.0
1753520932517,09:08:52.517,ALCH/USDT:USDT,0.13951,31.0,0.13937,50.0,0.13965,182.0,0.13966,31.0
1753520933227,09:08:53.227,ALCH/USDT:USDT,0.13951,31.0,0.13937,50.0,0.13965,182.0,0.13966,31.0
1753520933331,09:08:53.331,ALCH/USDT:USDT,0.13951,31.0,0.13937,50.0,0.13965,182.0,0.13966,31.0
1753520934215,09:08:54.215,ALCH/USDT:USDT,0.13951,31.0,0.13937,50.0,0.13965,182.0,0.13966,31.0
1753520935486,09:08:55.486,ALCH/USDT:USDT,0.13951,67.0,0.13937,50.0,0.13965,182.0,0.13966,31.0
1753520936438,09:08:56.438,ALCH/USDT:USDT,0.13951,67.0,0.13937,50.0,0.13965,182.0,0.13966,31.0
1753520936455,09:08:56.455,ALCH/USDT:USDT,0.13951,67.0,0.13937,357.0,0.13965,182.0,0.13966,31.0
1753520936581,09:08:56.581,ALCH/USDT:USDT,0.13951,67.0,0.13938,13.0,0.13966,31.0,0.13967,50.0
1753520936703,09:08:56.703,ALCH/USDT:USDT,0.13951,103.0,0.13938,13.0,0.13966,31.0,0.13967,50.0
1753520936957,09:08:56.957,ALCH/USDT:USDT,0.13951,103.0,0.13938,13.0,0.13966,31.0,0.13967,50.0
1753520937074,09:08:57.074,ALCH/USDT:USDT,0.13952,32.0,0.13951,36.0,0.13967,50.0,0.13968,31.0
1753520937196,09:08:57.196,ALCH/USDT:USDT,0.13952,32.0,0.13951,36.0,0.13967,50.0,0.1397,50.0
1753520937427,09:08:57.427,ALCH/USDT:USDT,0.13952,32.0,0.13951,36.0,0.13967,50.0,0.1397,50.0
1753520937523,09:08:57.523,ALCH/USDT:USDT,0.13952,32.0,0.13951,36.0,0.13967,50.0,0.1397,50.0
1753520937934,09:08:57.934,ALCH/USDT:USDT,0.13952,32.0,0.13951,36.0,0.13967,50.0,0.1397,50.0
1753520938242,09:08:58.242,ALCH/USDT:USDT,0.13953,32.0,0.13952,32.0,0.1397,50.0,0.13971,31.0
1753520938265,09:08:58.265,ALCH/USDT:USDT,0.13953,32.0,0.13952,32.0,0.1397,50.0,0.13971,31.0
1753520938388,09:08:58.388,ALCH/USDT:USDT,0.13953,32.0,0.13951,36.0,0.1397,50.0,0.13971,31.0
1753520938748,09:08:58.748,ALCH/USDT:USDT,0.13953,32.0,0.13951,36.0,0.1397,50.0,0.13971,31.0
1753520939159,09:08:59.159,ALCH/USDT:USDT,0.13953,32.0,0.13951,36.0,0.1397,50.0,0.13971,31.0
1753520939263,09:08:59.263,ALCH/USDT:USDT,0.13953,32.0,0.13951,36.0,0.1397,50.0,0.13971,31.0
1753520939561,09:08:59.561,ALCH/USDT:USDT,0.13953,32.0,0.13951,36.0,0.1397,50.0,0.13971,31.0
1753520940149,09:09:00.149,ALCH/USDT:USDT,0.13953,32.0,0.13941,50.0,0.13969,32.0,0.1397,50.0
1753520940378,09:09:00.378,ALCH/USDT:USDT,0.13953,32.0,0.13941,50.0,0.13969,32.0,0.1397,50.0
