timestamp,time,exchange,symbol,bid,bidVolume,ask,askVolume,lastPrice,baseVolume,quoteVolume
1753460400407,16:20:00.407,okx,AAVE/USDT:USDT,288.65,2.1,288.66,228.0,288.66,5784692.6,
1753460400782,16:20:00.782,okx,AAVE/USDT:USDT,288.65,2.1,288.66,184.6,288.66,5784692.6,
1753460400974,16:20:00.974,bybit,AAVE/USDT:USDT,288.6,3.36,288.61,4.35,288.6,463083.81,133840913.6809
1753460400999,16:20:00.999,okx,AAVE/USDT:USDT,288.65,1.9,288.66,135.8,288.66,5784692.6,
1753460401100,16:20:01.100,okx,AAVE/USDT:USDT,288.65,2.1,288.66,135.8,288.66,5784692.6,
1753460401174,16:20:01.174,bybit,AAVE/USDT:USDT,288.59,0.07,288.6,1.78,288.6,463083.81,133840913.6809
1753460401215,16:20:01.215,okx,AAVE/USDT:USDT,288.65,2.1,288.66,154.7,288.66,5784692.6,
1753460401374,16:20:01.374,bybit,AAVE/USDT:USDT,288.58,0.01,288.59,0.21,288.58,463083.95,133840954.0831
1753460401421,16:20:01.421,okx,AAVE/USDT:USDT,288.65,2.4,288.66,154.7,288.66,5784692.6,
1753460401474,16:20:01.474,bybit,AAVE/USDT:USDT,288.58,0.01,288.59,0.21,288.58,463083.95,133840954.0831
1753460401574,16:20:01.574,bybit,AAVE/USDT:USDT,288.58,1.55,288.59,0.21,288.58,463083.95,133840954.0831
1753460401674,16:20:01.674,bybit,AAVE/USDT:USDT,288.58,1.58,288.6,0.25,288.58,463083.95,133840954.0831
1753460401774,16:20:01.774,bybit,AAVE/USDT:USDT,288.56,0.08,288.59,10.84,288.58,463084.41,133841086.8344
1753460401781,16:20:01.781,bitget,AAVE/USDT:USDT,288.75,0.9,288.76,0.5,288.78,290468.8,83912972.748
1753460401817,16:20:01.817,okx,AAVE/USDT:USDT,288.59,80.0,288.63,71.1,288.6,5784697.4,
1753460401874,16:20:01.874,bybit,AAVE/USDT:USDT,288.56,0.06,288.57,5.96,288.58,463084.41,133841086.8344
1753460401919,16:20:01.919,okx,AAVE/USDT:USDT,288.6,0.2,288.61,239.3,288.6,5784697.4,
1753460401974,16:20:01.974,bybit,AAVE/USDT:USDT,288.56,0.06,288.57,7.77,288.58,463084.41,133841086.8344
1753460402074,16:20:02.074,bybit,AAVE/USDT:USDT,288.59,5.46,288.6,0.04,288.58,463097.45,133844849.8779
1753460402174,16:20:02.174,bybit,AAVE/USDT:USDT,288.59,5.55,288.6,0.04,288.58,463097.45,133844849.8779
1753460402274,16:20:02.274,bybit,AAVE/USDT:USDT,288.59,4.64,288.6,0.04,288.58,463097.45,133844849.8779
1753460402242,16:20:02.242,bitget,AAVE/USDT:USDT,288.77,2.6,288.79,1.9,288.78,290366.0,83883115.516
1753460402397,16:20:02.397,okx,AAVE/USDT:USDT,288.64,55.1,288.65,5.4,288.6,5784697.4,
1753460402474,16:20:02.474,bybit,AAVE/USDT:USDT,288.59,4.64,288.61,0.13,288.6,463097.49,133844861.4219
1753460402519,16:20:02.519,okx,AAVE/USDT:USDT,288.64,72.0,288.65,12.4,288.6,5784697.4,
1753460402574,16:20:02.574,bybit,AAVE/USDT:USDT,288.6,9.93,288.61,0.09,288.6,463097.49,133844861.4219
1753460402622,16:20:02.622,okx,AAVE/USDT:USDT,288.64,28.8,288.65,12.4,288.6,5784697.4,
1753460402674,16:20:02.674,bybit,AAVE/USDT:USDT,288.57,0.21,288.59,0.21,288.6,463097.49,133844861.4219
1753460402774,16:20:02.774,bybit,AAVE/USDT:USDT,288.5,2.7,288.52,9.23,288.52,463118.22,133850842.9089
1753460403252,16:20:03.252,bitget,AAVE/USDT:USDT,288.64,0.5,288.66,1.0,288.78,290366.0,83883115.516
1753460403523,16:20:03.523,okx,AAVE/USDT:USDT,288.52,73.7,288.53,45.6,288.54,5784721.9,
1753460403574,16:20:03.574,bybit,AAVE/USDT:USDT,288.48,0.02,288.49,0.21,288.49,463120.31,133851445.8707
1753460403593,16:20:03.593,bitget,AAVE/USDT:USDT,288.64,0.5,288.66,1.0,288.78,290366.0,83883115.516
1753460403247,16:20:03.247,binance,AAVE/USDT:USDT,,,,,288.45,1282497.1,370446510.867
1753460403624,16:20:03.624,okx,AAVE/USDT:USDT,288.52,0.1,288.53,45.8,288.54,5784721.9,
1753460403674,16:20:03.674,bybit,AAVE/USDT:USDT,288.48,1.56,288.5,0.62,288.49,463120.31,133851445.8707
1753460403774,16:20:03.774,bybit,AAVE/USDT:USDT,288.48,1.77,288.5,0.21,288.49,463120.31,133851445.8707
1753460403778,16:20:03.778,okx,AAVE/USDT:USDT,288.52,45.6,288.53,45.8,288.54,5784721.9,
1753460403874,16:20:03.874,bybit,AAVE/USDT:USDT,288.48,1.77,288.49,0.21,288.49,463120.31,133851445.8707
1753460403878,16:20:03.878,okx,AAVE/USDT:USDT,288.52,73.7,288.53,127.1,288.54,5784721.9,
1753460403935,16:20:03.935,bitget,AAVE/USDT:USDT,288.66,0.5,288.67,26.3,288.78,290366.0,83883115.516
1753460403974,16:20:03.974,bybit,AAVE/USDT:USDT,288.49,2.42,288.5,0.04,288.49,463120.31,133851445.8707
1753460404011,16:20:04.011,okx,AAVE/USDT:USDT,288.52,12.2,288.53,45.6,288.54,5784721.9,
1753460404074,16:20:04.074,bybit,AAVE/USDT:USDT,288.48,0.02,288.49,1.54,288.49,463120.31,133851445.8707
1753460404115,16:20:04.115,okx,AAVE/USDT:USDT,288.52,48.5,288.53,45.6,288.54,5784721.9,
1753460404174,16:20:04.174,bybit,AAVE/USDT:USDT,288.49,9.46,288.5,0.04,288.49,463120.31,133851445.8707
1753460404217,16:20:04.217,okx,AAVE/USDT:USDT,288.52,45.4,288.53,45.6,288.54,5784721.9,
1753460404244,16:20:04.244,gateio,AAVE/USDT:USDT,,,,,288.53,520813.0,150270244.0
1753460404274,16:20:04.274,bybit,AAVE/USDT:USDT,288.49,10.37,288.5,0.04,288.49,463120.31,133851445.8707
1753460404332,16:20:04.332,okx,AAVE/USDT:USDT,288.52,181.2,288.53,0.3,288.54,5784721.9,
1753460404374,16:20:04.374,bybit,AAVE/USDT:USDT,288.49,1.54,288.5,0.25,288.49,463120.31,133851445.8707
1753460404443,16:20:04.443,okx,AAVE/USDT:USDT,288.52,28.7,288.53,127.1,288.54,5784721.9,
1753460404574,16:20:04.574,bybit,AAVE/USDT:USDT,288.49,9.34,288.5,0.04,288.49,463120.31,133851445.8707
1753460404674,16:20:04.674,bybit,AAVE/USDT:USDT,288.53,0.67,288.54,1.75,288.5,463120.35,133851457.4107
1753460404656,16:20:04.656,bitget,AAVE/USDT:USDT,288.65,1.3,288.67,2.4,288.78,290366.0,83883115.516
1753460404690,16:20:04.690,okx,AAVE/USDT:USDT,288.54,117.3,288.55,5.2,288.53,5784724.7,
1753460404775,16:20:04.775,bybit,AAVE/USDT:USDT,288.53,0.67,288.54,1.75,288.5,463120.35,133851457.4107
1753460404915,16:20:04.915,okx,AAVE/USDT:USDT,288.54,133.0,288.55,5.4,288.53,5784724.7,
1753460404986,16:20:04.986,bitget,AAVE/USDT:USDT,288.66,2.3,288.71,25.8,288.78,290468.8,83912972.748
1753460405170,16:20:05.170,okx,AAVE/USDT:USDT,288.54,51.5,288.55,5.4,288.53,5784724.7,
1753460405274,16:20:05.274,bybit,AAVE/USDT:USDT,288.53,2.21,288.54,1.75,288.5,463120.35,133851457.4107
1753460405311,16:20:05.311,okx,AAVE/USDT:USDT,288.54,185.6,288.55,5.4,288.53,5784724.7,
1753460405374,16:20:05.374,bybit,AAVE/USDT:USDT,288.54,7.8,288.55,0.57,288.5,463120.35,133851457.4107
1753460405414,16:20:05.414,okx,AAVE/USDT:USDT,288.55,224.3,288.57,0.3,288.56,5784730.4,
1753460405474,16:20:05.474,bybit,AAVE/USDT:USDT,288.54,7.8,288.55,0.57,288.5,463120.35,133851457.4107
1753460405528,16:20:05.528,okx,AAVE/USDT:USDT,288.59,46.8,288.6,7.4,288.56,5784730.4,
1753460405574,16:20:05.574,bybit,AAVE/USDT:USDT,288.56,7.8,288.57,0.04,288.55,463120.92,133851621.8842
1753460405508,16:20:05.508,binance,AAVE/USDT:USDT,,,,,288.56,1282499.3,370447145.591
1753460405674,16:20:05.674,bybit,AAVE/USDT:USDT,288.59,0.21,288.6,1.79,288.57,463120.96,133851633.427
1753460405680,16:20:05.680,okx,AAVE/USDT:USDT,288.59,88.8,288.6,1.4,288.56,5784730.4,
1753460405774,16:20:05.774,bybit,AAVE/USDT:USDT,288.56,0.21,288.58,4.98,288.57,462592.56,133698234.2421
1753460405787,16:20:05.787,okx,AAVE/USDT:USDT,288.59,54.8,288.6,1.4,288.56,5784730.4,
1753460405874,16:20:05.874,bybit,AAVE/USDT:USDT,288.55,1.75,288.58,3.44,288.54,462592.94,133698343.8922
1753460405913,16:20:05.913,okx,AAVE/USDT:USDT,288.59,46.0,288.6,1.2,288.56,5784730.4,
1753460405974,16:20:05.974,bybit,AAVE/USDT:USDT,288.54,7.7,288.56,0.21,288.54,462592.94,133698343.8922
1753460406013,16:20:06.013,okx,AAVE/USDT:USDT,288.59,46.0,288.6,46.5,288.56,5784730.4,
1753460406074,16:20:06.074,bybit,AAVE/USDT:USDT,288.56,1.75,288.58,0.24,288.54,462592.94,133698343.8922
1753460406065,16:20:06.065,bitget,AAVE/USDT:USDT,288.71,29.7,288.72,0.5,288.78,290366.0,83883115.516
1753460406175,16:20:06.175,bybit,AAVE/USDT:USDT,288.56,1.75,288.58,0.21,288.54,462592.94,133698343.8922
1753460406224,16:20:06.224,okx,AAVE/USDT:USDT,288.59,45.8,288.6,1.2,288.56,5784730.4,
1753460406274,16:20:06.274,bybit,AAVE/USDT:USDT,288.58,8.01,288.6,1.79,288.54,462592.94,133698343.8922
1753460406374,16:20:06.374,bybit,AAVE/USDT:USDT,288.59,1.75,288.6,1.79,288.54,462592.94,133698343.8922
1753460406370,16:20:06.370,okx,AAVE/USDT:USDT,288.59,168.7,288.6,1.2,288.56,5784730.4,
1753460406385,16:20:06.385,bitget,AAVE/USDT:USDT,288.71,29.7,288.72,0.5,288.78,290366.0,83883115.516
1753460406474,16:20:06.474,bybit,AAVE/USDT:USDT,288.59,0.21,288.6,1.79,288.54,462592.94,133698343.8922
1753460406496,16:20:06.496,okx,AAVE/USDT:USDT,288.59,168.7,288.6,1.1,288.6,5784730.5,
1753460406574,16:20:06.574,bybit,AAVE/USDT:USDT,288.57,0.25,288.59,1.75,288.54,462592.94,133698343.8922
1753460406618,16:20:06.618,okx,AAVE/USDT:USDT,288.59,154.1,288.6,1.1,288.6,5784730.5,
1753460406674,16:20:06.674,bybit,AAVE/USDT:USDT,288.54,0.04,288.57,3.79,288.56,462592.98,133698355.4346
1753460406722,16:20:06.722,okx,AAVE/USDT:USDT,288.59,0.7,288.6,172.9,288.6,5784730.5,
1753460406724,16:20:06.724,bitget,AAVE/USDT:USDT,288.77,0.5,288.78,66.9,288.78,290366.0,83883115.516
1753460406774,16:20:06.774,bybit,AAVE/USDT:USDT,288.52,0.26,288.54,0.7,288.56,462592.98,133698355.4346
1753460406875,16:20:06.875,bybit,AAVE/USDT:USDT,288.52,0.23,288.54,0.21,288.56,462592.98,133698355.4346
1753460406975,16:20:06.975,bybit,AAVE/USDT:USDT,288.53,0.88,288.54,0.21,288.56,462592.98,133698355.4346
1753460407011,16:20:07.011,okx,AAVE/USDT:USDT,288.59,0.7,288.6,173.8,288.6,5784730.5,
1753460407074,16:20:07.074,bybit,AAVE/USDT:USDT,288.54,0.21,288.56,0.21,288.56,462592.98,133698355.4346
1753460407098,16:20:07.098,bitget,AAVE/USDT:USDT,288.71,2.4,288.72,2.6,288.78,290366.0,83883115.516
1753460407112,16:20:07.112,okx,AAVE/USDT:USDT,288.59,32.9,288.6,75.9,288.6,5784730.5,
1753460407213,16:20:07.213,okx,AAVE/USDT:USDT,288.59,32.9,288.6,56.0,288.6,5784730.5,
1753460407274,16:20:07.274,bybit,AAVE/USDT:USDT,288.54,0.21,288.56,0.21,288.56,462592.98,133698355.4346
1753460407417,16:20:07.417,okx,AAVE/USDT:USDT,288.59,0.7,288.6,56.0,288.6,5784730.5,
1753460407474,16:20:07.474,bybit,AAVE/USDT:USDT,288.53,0.24,288.55,0.31,288.56,462592.98,133698355.4346
1753460407575,16:20:07.575,bybit,AAVE/USDT:USDT,288.54,1.76,288.55,1.91,288.56,462592.98,133698355.4346
1753460407487,16:20:07.487,binance,AAVE/USDT:USDT,,,,,288.52,1282507.5,370449511.743
1753460407627,16:20:07.627,okx,AAVE/USDT:USDT,288.59,69.0,288.6,54.1,288.6,5784730.5,
1753460407674,16:20:07.674,bybit,AAVE/USDT:USDT,288.54,0.21,288.55,1.91,288.56,462592.98,133698355.4346
1753460407774,16:20:07.774,bybit,AAVE/USDT:USDT,288.54,1.76,288.55,1.91,288.56,462592.98,133698355.4346
1753460407779,16:20:07.779,okx,AAVE/USDT:USDT,288.59,32.7,288.6,53.9,288.6,5784730.5,
1753460407885,16:20:07.885,okx,AAVE/USDT:USDT,288.59,32.9,288.6,54.1,288.6,5784730.5,
1753460407975,16:20:07.975,bybit,AAVE/USDT:USDT,288.53,0.21,288.55,1.91,288.56,462592.98,133698355.4346
1753460408013,16:20:08.013,okx,AAVE/USDT:USDT,288.59,32.9,288.6,154.5,288.6,5784730.5,
1753460408074,16:20:08.074,bybit,AAVE/USDT:USDT,288.54,4.5,288.55,1.91,288.56,462592.98,133698355.4346
1753460408103,16:20:08.103,bitget,AAVE/USDT:USDT,288.72,0.5,288.73,0.5,288.78,290366.0,83883115.516
1753460408114,16:20:08.114,okx,AAVE/USDT:USDT,288.59,32.7,288.6,154.7,288.6,5784730.5,
1753460408215,16:20:08.215,okx,AAVE/USDT:USDT,288.59,39.4,288.6,8.8,288.6,5784730.5,
1753460408235,16:20:08.235,gateio,AAVE/USDT:USDT,,,,,288.6,520909.0,150334602.0
1753460408316,16:20:08.316,okx,AAVE/USDT:USDT,288.59,39.6,288.6,8.8,288.6,5784730.5,
1753460408374,16:20:08.374,bybit,AAVE/USDT:USDT,288.54,4.5,288.55,1.93,288.56,462592.98,133698355.4346
1753460408421,16:20:08.421,okx,AAVE/USDT:USDT,288.59,40.0,288.6,16.9,288.6,5784730.5,
1753460408474,16:20:08.474,bybit,AAVE/USDT:USDT,288.54,1.86,288.55,1.93,288.56,462592.98,133698355.4346
1753460408463,16:20:08.463,bitget,AAVE/USDT:USDT,288.74,0.5,288.75,2.4,288.78,290366.0,83883115.516
1753460408534,16:20:08.534,okx,AAVE/USDT:USDT,288.59,40.2,288.6,16.9,288.6,5784730.5,
1753460408635,16:20:08.635,okx,AAVE/USDT:USDT,288.59,1.3,288.6,62.2,288.6,5784730.5,
1753460408674,16:20:08.674,bybit,AAVE/USDT:USDT,288.54,1.65,288.55,1.93,288.56,462592.98,133698355.4346
1753460408774,16:20:08.774,bybit,AAVE/USDT:USDT,288.54,2.46,288.55,1.93,288.56,462592.98,133698355.4346
1753460408803,16:20:08.803,bitget,AAVE/USDT:USDT,288.74,0.5,288.75,2.4,288.78,290366.0,83883115.516
1753460408878,16:20:08.878,okx,AAVE/USDT:USDT,288.59,1.3,288.6,62.2,288.6,5784730.5,
1753460408974,16:20:08.974,bybit,AAVE/USDT:USDT,288.54,2.66,288.55,1.93,288.56,462592.98,133698355.4346
1753460409016,16:20:09.016,okx,AAVE/USDT:USDT,288.59,33.5,288.6,62.2,288.6,5784730.5,
1753460409120,16:20:09.120,okx,AAVE/USDT:USDT,288.59,39.1,288.6,8.6,288.6,5784730.5,
1753460409119,16:20:09.119,bitget,AAVE/USDT:USDT,288.74,0.5,288.75,0.5,288.78,290366.0,83883115.516
1753460409260,16:20:09.260,gateio,AAVE/USDT:USDT,,,,,288.6,520950.0,150346284.0
1753460409376,16:20:09.376,okx,AAVE/USDT:USDT,288.59,39.3,288.6,8.9,288.6,5784730.5,
1753460409475,16:20:09.475,bybit,AAVE/USDT:USDT,288.54,2.83,288.55,1.93,288.56,462592.98,133698355.4346
1753460409470,16:20:09.470,bitget,AAVE/USDT:USDT,288.77,0.5,288.78,66.4,288.78,290366.0,83883115.516
1753460409516,16:20:09.516,okx,AAVE/USDT:USDT,288.59,154.5,288.6,8.9,288.6,5784730.5,
1753460408755,16:20:08.755,binance,AAVE/USDT:USDT,,,,,288.54,1282508.5,370449800.275
1753460409742,16:20:09.742,okx,AAVE/USDT:USDT,288.59,120.8,288.6,8.9,288.6,5784730.5,
1753460409818,16:20:09.818,bitget,AAVE/USDT:USDT,288.73,3.5,288.78,69.8,288.78,290366.0,83883115.516
1753460409845,16:20:09.845,okx,AAVE/USDT:USDT,288.59,72.9,288.6,8.9,288.6,5784730.5,
1753460409974,16:20:09.974,bybit,AAVE/USDT:USDT,288.54,2.83,288.55,1.93,288.56,462592.98,133698355.4346
1753460409964,16:20:09.964,okx,AAVE/USDT:USDT,288.59,39.3,288.6,9.4,288.6,5784730.5,
1753460410174,16:20:10.174,bybit,AAVE/USDT:USDT,288.58,9.51,288.59,0.57,288.57,462594.95,133698923.8789
1753460410218,16:20:10.218,okx,AAVE/USDT:USDT,288.59,138.9,288.6,9.5,288.6,5784730.5,
1753460410274,16:20:10.274,bybit,AAVE/USDT:USDT,288.58,10.49,288.59,0.57,288.57,462594.95,133698923.8789
1753460410375,16:20:10.375,bybit,AAVE/USDT:USDT,288.58,10.65,288.59,0.57,288.57,462594.95,133698923.8789
1753460410353,16:20:10.353,okx,AAVE/USDT:USDT,288.59,162.8,288.6,9.5,288.6,5784730.5,
1753460410475,16:20:10.475,bybit,AAVE/USDT:USDT,288.58,10.85,288.59,0.57,288.57,462594.95,133698923.8789
1753460410454,16:20:10.454,bitget,AAVE/USDT:USDT,288.76,3.9,288.78,66.9,288.78,290366.0,83883115.516
1753460410479,16:20:10.479,okx,AAVE/USDT:USDT,288.63,102.1,288.64,0.1,288.6,5784740.0,
1753460410574,16:20:10.574,bybit,AAVE/USDT:USDT,288.5,0.04,288.51,5.81,288.52,462599.14,133700132.8553
1753460410618,16:20:10.618,okx,AAVE/USDT:USDT,288.57,0.3,288.6,126.4,288.58,5784741.7,
1753460410674,16:20:10.674,bybit,AAVE/USDT:USDT,288.5,0.04,288.51,4.31,288.52,462599.14,133700132.8553
1753460410720,16:20:10.720,okx,AAVE/USDT:USDT,288.56,0.1,288.57,238.7,288.58,5784741.7,
1753460410774,16:20:10.774,bybit,AAVE/USDT:USDT,288.5,0.05,288.51,4.31,288.52,462599.14,133700132.8553
1753460410874,16:20:10.874,bybit,AAVE/USDT:USDT,288.5,0.26,288.51,4.31,288.52,462599.14,133700132.8553
1753460410880,16:20:10.880,bitget,AAVE/USDT:USDT,288.69,0.2,288.7,5.1,288.78,290366.0,83883115.516
1753460410926,16:20:10.926,okx,AAVE/USDT:USDT,288.56,0.2,288.57,238.7,288.58,5784741.7,
1753460410975,16:20:10.975,bybit,AAVE/USDT:USDT,288.5,0.18,288.51,4.31,288.52,462599.14,133700132.8553
1753460411374,16:20:11.374,bybit,AAVE/USDT:USDT,288.45,1.17,288.46,13.65,288.46,462599.56,133700254.0186
1753460411389,16:20:11.389,okx,AAVE/USDT:USDT,288.53,0.5,288.55,145.6,288.54,5784742.4,
1753460411474,16:20:11.474,bybit,AAVE/USDT:USDT,288.45,1.17,288.46,13.65,288.46,462599.56,133700254.0186
1753460411533,16:20:11.533,okx,AAVE/USDT:USDT,288.5,0.1,288.51,282.0,288.5,5784742.8,
1753460411574,16:20:11.574,bybit,AAVE/USDT:USDT,288.44,0.02,288.45,11.0,288.45,462600.73,133700591.5051
1753460411546,16:20:11.546,binance,AAVE/USDT:USDT,,,,,288.44,1282523.8,370454214.868
1753460411624,16:20:11.624,bitget,AAVE/USDT:USDT,288.65,2.4,288.67,2.7,288.78,290366.0,83883115.516
1753460411643,16:20:11.643,okx,AAVE/USDT:USDT,288.5,0.1,288.51,286.8,288.5,5784742.8,
1753460411674,16:20:11.674,bybit,AAVE/USDT:USDT,288.4,0.11,288.41,11.79,288.41,462600.92,133700646.3056
1753460411774,16:20:11.774,bybit,AAVE/USDT:USDT,288.4,0.11,288.41,2.49,288.41,462600.92,133700646.3056
1753460411770,16:20:11.770,okx,AAVE/USDT:USDT,288.45,1.1,288.47,199.1,288.46,5784744.4,
1753460411874,16:20:11.874,bybit,AAVE/USDT:USDT,288.38,0.02,288.39,17.09,288.39,462601.17,133700718.4052
1753460411880,16:20:11.880,okx,AAVE/USDT:USDT,288.44,0.1,288.45,218.9,288.45,5784745.5,
1753460411974,16:20:11.974,bybit,AAVE/USDT:USDT,288.38,5.31,288.39,4.55,288.39,462601.17,133700718.4052
1753460411984,16:20:11.984,okx,AAVE/USDT:USDT,288.44,0.1,288.45,234.9,288.45,5784745.5,
1753460412074,16:20:12.074,bybit,AAVE/USDT:USDT,288.42,0.33,288.43,0.04,288.4,462601.23,133700735.7092
1753460412103,16:20:12.103,okx,AAVE/USDT:USDT,288.44,72.3,288.47,6.7,288.45,5784745.7,
1753460412174,16:20:12.174,bybit,AAVE/USDT:USDT,288.46,1.5,288.48,0.3,288.4,462601.23,133700735.7092
1753460412212,16:20:12.212,okx,AAVE/USDT:USDT,288.46,83.5,288.47,6.7,288.46,5784745.8,
1753460412237,16:20:12.237,gateio,AAVE/USDT:USDT,,,,,288.4,520956.0,150243772.0
1753460412274,16:20:12.274,bybit,AAVE/USDT:USDT,288.46,0.88,288.48,1.68,288.4,462601.23,133700735.7092
1753460412314,16:20:12.314,okx,AAVE/USDT:USDT,288.46,199.0,288.47,6.9,288.46,5784745.8,
1753460412374,16:20:12.374,bybit,AAVE/USDT:USDT,288.46,0.88,288.47,0.21,288.4,462601.23,133700735.7092
1753460412370,16:20:12.370,bitget,AAVE/USDT:USDT,288.55,3.9,288.59,25.8,288.78,290366.0,83883115.516
1753460412416,16:20:12.416,okx,AAVE/USDT:USDT,288.46,189.6,288.47,6.9,288.46,5784745.8,
1753460412517,16:20:12.517,okx,AAVE/USDT:USDT,288.46,200.0,288.47,6.9,288.46,5784745.8,
1753460412574,16:20:12.574,bybit,AAVE/USDT:USDT,288.46,0.88,288.48,1.68,288.4,462601.23,133700735.7092
1753460412674,16:20:12.674,bybit,AAVE/USDT:USDT,288.48,0.21,288.5,0.61,288.4,462601.23,133700735.7092
1753460412774,16:20:12.774,bybit,AAVE/USDT:USDT,288.46,0.21,288.48,0.21,288.4,462601.23,133700735.7092
1753460412770,16:20:12.770,okx,AAVE/USDT:USDT,288.49,102.7,288.5,0.2,288.47,5784752.7,
1753460412874,16:20:12.874,bybit,AAVE/USDT:USDT,288.48,0.21,288.5,0.61,288.4,462601.23,133700735.7092
1753460412922,16:20:12.922,okx,AAVE/USDT:USDT,288.5,68.0,288.51,22.8,288.5,5784756.9,
1753460412974,16:20:12.974,bybit,AAVE/USDT:USDT,288.46,1.74,288.47,0.21,288.4,462601.23,133700735.7092
1753460412969,16:20:12.969,bitget,AAVE/USDT:USDT,288.64,0.5,288.66,67.7,288.78,290366.0,83883115.516
1753460413030,16:20:13.030,okx,AAVE/USDT:USDT,288.5,45.4,288.51,119.9,288.5,5784756.9,
1753460413074,16:20:13.074,bybit,AAVE/USDT:USDT,288.45,1.76,288.47,0.92,288.4,462601.23,133700735.7092
1753460413174,16:20:13.174,bybit,AAVE/USDT:USDT,288.44,0.21,288.46,2.93,288.4,462601.23,133700735.7092
1753460413171,16:20:13.171,okx,AAVE/USDT:USDT,288.5,0.1,288.51,157.4,288.5,5784756.9,
1753460413274,16:20:13.274,bybit,AAVE/USDT:USDT,288.4,0.13,288.42,11.13,288.4,462601.23,133700735.7092
1753460413327,16:20:13.327,bitget,AAVE/USDT:USDT,288.61,2.3,288.62,0.5,288.78,290366.0,83883115.516
1753460413374,16:20:13.374,bybit,AAVE/USDT:USDT,288.4,0.04,288.41,7.8,288.4,462601.23,133700735.7092
1753460413415,16:20:13.415,okx,AAVE/USDT:USDT,288.46,3.1,288.47,179.8,288.48,5784757.1,
1753460413474,16:20:13.474,bybit,AAVE/USDT:USDT,288.4,1.59,288.42,0.21,288.4,462601.23,133700735.7092
1753460413516,16:20:13.516,okx,AAVE/USDT:USDT,288.46,3.3,288.47,105.7,288.48,5784757.1,
1753460413574,16:20:13.574,bybit,AAVE/USDT:USDT,288.4,0.25,288.42,0.21,288.4,462601.23,133700735.7092
1753460413367,16:20:13.367,binance,AAVE/USDT:USDT,,,,,288.38,1282532.9,370456839.158
1753460413616,16:20:13.616,okx,AAVE/USDT:USDT,288.46,3.5,288.47,84.3,288.48,5784757.1,
1753460413674,16:20:13.674,bybit,AAVE/USDT:USDT,288.4,0.04,288.41,3.09,288.4,462601.23,133700735.7092
1753460413718,16:20:13.718,okx,AAVE/USDT:USDT,288.44,0.4,288.47,105.0,288.46,5784760.4,
1753460413774,16:20:13.774,bybit,AAVE/USDT:USDT,288.4,0.02,288.41,2.15,288.4,462601.23,133700735.7092
1753460413774,16:20:13.774,bitget,AAVE/USDT:USDT,288.57,0.5,288.58,0.5,288.78,290366.0,83883115.516
1753460413820,16:20:13.820,okx,AAVE/USDT:USDT,288.44,0.1,288.45,203.1,288.46,5784760.4,
1753460413874,16:20:13.874,bybit,AAVE/USDT:USDT,288.4,0.02,288.41,2.15,288.4,462601.23,133700735.7092
1753460413925,16:20:13.925,okx,AAVE/USDT:USDT,288.44,0.1,288.45,203.3,288.46,5784760.4,
1753460413974,16:20:13.974,bybit,AAVE/USDT:USDT,288.38,0.02,288.39,1.33,288.4,462601.23,133700735.7092
1753460414025,16:20:14.025,okx,AAVE/USDT:USDT,288.44,0.1,288.45,194.9,288.46,5784760.4,
1753460414074,16:20:14.074,bybit,AAVE/USDT:USDT,288.38,0.02,288.39,0.66,288.4,462601.23,133700735.7092
1753460414174,16:20:14.174,bybit,AAVE/USDT:USDT,288.36,0.02,288.37,2.8,288.38,462601.28,133700750.1282
1753460414249,16:20:14.249,gateio,AAVE/USDT:USDT,,,,,288.37,521050.0,150255280.0
1753460414274,16:20:14.274,bybit,AAVE/USDT:USDT,288.36,0.02,288.37,5.85,288.38,462601.28,133700750.1282
1753460414278,16:20:14.278,okx,AAVE/USDT:USDT,288.42,0.1,288.43,181.4,288.44,5784760.5,
1753460414397,16:20:14.397,bitget,AAVE/USDT:USDT,288.51,5.2,288.53,0.5,288.78,290366.0,83883115.516
1753460414412,16:20:14.412,okx,AAVE/USDT:USDT,288.42,0.1,288.43,198.2,288.43,5784760.7,
1753460414474,16:20:14.474,bybit,AAVE/USDT:USDT,288.36,0.02,288.37,5.85,288.38,462601.28,133700750.1282
1753460414518,16:20:14.518,okx,AAVE/USDT:USDT,288.42,0.1,288.43,190.1,288.43,5784760.7,
1753460414674,16:20:14.674,bybit,AAVE/USDT:USDT,288.36,0.5,288.37,2.8,288.38,462601.28,133700750.1282
1753460414774,16:20:14.774,bybit,AAVE/USDT:USDT,288.36,0.5,288.37,2.8,288.38,462601.28,133700750.1282
1753460414820,16:20:14.820,bitget,AAVE/USDT:USDT,288.52,0.4,288.53,2.4,288.78,290366.0,83883115.516
1753460414875,16:20:14.875,bybit,AAVE/USDT:USDT,288.36,0.53,288.37,2.8,288.38,462601.28,133700750.1282
1753460415175,16:20:15.175,bybit,AAVE/USDT:USDT,288.36,0.53,288.37,2.93,288.38,462601.28,133700750.1282
1753460415172,16:20:15.172,bitget,AAVE/USDT:USDT,288.52,0.9,288.53,2.4,288.78,290366.0,83883115.516
1753460415320,16:20:15.320,okx,AAVE/USDT:USDT,288.42,8.3,288.43,190.1,288.42,5784761.5,
1753460415374,16:20:15.374,bybit,AAVE/USDT:USDT,288.38,0.21,288.39,0.03,288.38,462601.28,133700750.1282
1753460415423,16:20:15.423,okx,AAVE/USDT:USDT,288.42,8.3,288.43,190.1,288.42,5784761.5,
1753460415474,16:20:15.474,bybit,AAVE/USDT:USDT,288.39,6.29,288.4,0.06,288.38,462601.28,133700750.1282
1753460415484,16:20:15.484,bitget,AAVE/USDT:USDT,288.54,10.5,288.59,92.0,288.78,290366.0,83883115.516
1753460415574,16:20:15.574,bybit,AAVE/USDT:USDT,288.39,6.8,288.4,0.06,288.38,462601.28,133700750.1282
1753460415576,16:20:15.576,okx,AAVE/USDT:USDT,288.45,45.5,288.46,45.5,288.42,5784761.5,
1753460415353,16:20:15.353,binance,AAVE/USDT:USDT,,,,,288.35,1282543.8,370459982.225
1753460415674,16:20:15.674,bybit,AAVE/USDT:USDT,288.39,7.28,288.4,0.06,288.38,462601.28,133700750.1282
1753460415775,16:20:15.775,bybit,AAVE/USDT:USDT,288.39,7.38,288.4,0.02,288.38,462601.28,133700750.1282
1753460415820,16:20:15.820,okx,AAVE/USDT:USDT,288.47,45.5,288.48,45.3,288.42,5784761.5,
1753460415875,16:20:15.875,bybit,AAVE/USDT:USDT,288.39,7.41,288.4,0.02,288.38,462601.28,133700750.1282
1753460415974,16:20:15.974,bybit,AAVE/USDT:USDT,288.39,6.56,288.4,0.39,288.38,462601.28,133700750.1282
1753460415947,16:20:15.947,okx,AAVE/USDT:USDT,288.46,26.7,288.47,45.3,288.42,5784761.5,
1753460416049,16:20:16.049,okx,AAVE/USDT:USDT,288.46,72.0,288.47,45.3,288.42,5784761.5,
1753460416174,16:20:16.174,okx,AAVE/USDT:USDT,288.46,26.7,288.48,45.3,288.42,5784761.5,
1753460416241,16:20:16.241,gateio,AAVE/USDT:USDT,,,,,288.37,521050.0,150255280.0
1753460416275,16:20:16.275,bybit,AAVE/USDT:USDT,288.44,1.76,288.46,0.21,288.4,462601.67,133700862.6042
1753460416306,16:20:16.306,okx,AAVE/USDT:USDT,288.47,127.0,288.5,23.0,288.42,5784761.5,
1753460416374,16:20:16.374,bybit,AAVE/USDT:USDT,288.42,0.21,288.45,7.8,288.4,462601.67,133700862.6042
1753460416416,16:20:16.416,okx,AAVE/USDT:USDT,288.48,26.9,288.49,76.2,288.42,5784761.5,
1753460416522,16:20:16.522,okx,AAVE/USDT:USDT,288.48,26.9,288.49,68.1,288.42,5784761.5,
1753460416575,16:20:16.575,bybit,AAVE/USDT:USDT,288.44,0.67,288.45,7.8,288.4,462601.67,133700862.6042
1753460416675,16:20:16.675,bybit,AAVE/USDT:USDT,288.44,0.48,288.45,7.8,288.4,462601.67,133700862.6042
1753460416673,16:20:16.673,okx,AAVE/USDT:USDT,288.48,46.4,288.49,45.5,288.42,5784761.5,
1753460416689,16:20:16.689,bitget,AAVE/USDT:USDT,288.61,0.9,288.64,69.1,288.78,290366.0,83883115.516
1753460416793,16:20:16.793,okx,AAVE/USDT:USDT,288.48,35.3,288.49,62.9,288.42,5784761.5,
1753460417022,16:20:17.022,bitget,AAVE/USDT:USDT,288.61,0.9,288.62,2.4,288.78,290366.0,83883115.516
1753460417074,16:20:17.074,bybit,AAVE/USDT:USDT,288.44,2.87,288.47,3.32,288.4,462601.67,133700862.6042
1753460417175,16:20:17.175,bybit,AAVE/USDT:USDT,288.45,1.78,288.47,0.6,288.4,462601.67,133700862.6042
1753460417217,16:20:17.217,okx,AAVE/USDT:USDT,288.49,76.4,288.5,0.2,288.42,5784761.5,
1753460417274,16:20:17.274,bybit,AAVE/USDT:USDT,288.46,0.1,288.47,9.46,288.4,462601.67,133700862.6042
1753460417257,16:20:17.257,gateio,AAVE/USDT:USDT,,,,,288.49,521120.0,150338144.0
1753460417326,16:20:17.326,okx,AAVE/USDT:USDT,288.49,28.5,288.5,70.1,288.42,5784761.5,
1753460417374,16:20:17.374,bybit,AAVE/USDT:USDT,288.44,0.48,288.45,8.01,288.46,462601.77,133700891.4502
1753460417350,16:20:17.350,bitget,AAVE/USDT:USDT,288.61,0.5,288.62,2.4,288.78,290366.0,83883115.516
1753460417474,16:20:17.474,bybit,AAVE/USDT:USDT,288.44,0.48,288.45,8.01,288.46,462601.77,133700891.4502
1753460417547,16:20:17.547,okx,AAVE/USDT:USDT,288.45,0.3,288.46,9.0,288.49,5784790.0,
1753460417574,16:20:17.574,bybit,AAVE/USDT:USDT,288.4,0.09,288.41,3.97,288.43,462602.28,133701038.5543
1753460417555,16:20:17.555,binance,AAVE/USDT:USDT,,,,,288.4,1282656.9,370492608.808
1753460417674,16:20:17.674,bybit,AAVE/USDT:USDT,288.4,0.06,288.41,4.64,288.43,462602.28,133701038.5543
1753460417679,16:20:17.679,okx,AAVE/USDT:USDT,288.44,0.1,288.45,175.2,288.49,5784790.0,
1753460417667,16:20:17.667,bitget,AAVE/USDT:USDT,288.61,2.4,288.64,1.9,288.78,290366.0,83883115.516
1753460417774,16:20:17.774,bybit,AAVE/USDT:USDT,288.4,0.04,288.41,4.64,288.43,462602.28,133701038.5543
1753460417807,16:20:17.807,okx,AAVE/USDT:USDT,288.44,0.1,288.45,199.9,288.49,5784790.0,
1753460417974,16:20:17.974,bybit,AAVE/USDT:USDT,288.37,0.07,288.39,0.77,288.4,462602.32,133701050.0903
1753460418006,16:20:18.006,bitget,AAVE/USDT:USDT,288.56,0.9,288.57,3.7,288.78,290366.0,83883115.516
1753460418016,16:20:18.016,okx,AAVE/USDT:USDT,288.44,0.1,288.45,175.4,288.49,5784790.0,
1753460418074,16:20:18.074,bybit,AAVE/USDT:USDT,288.34,0.02,288.36,6.22,288.36,462603.91,133701508.5827
1753460418117,16:20:18.117,okx,AAVE/USDT:USDT,288.42,0.4,288.45,208.8,288.44,5784791.4,
1753460418174,16:20:18.174,bybit,AAVE/USDT:USDT,288.34,0.02,288.35,3.04,288.36,462603.91,133701508.5827
1753460418218,16:20:18.218,okx,AAVE/USDT:USDT,288.39,0.5,288.4,347.5,288.4,5784797.6,
1753460418246,16:20:18.246,gateio,AAVE/USDT:USDT,,,,,288.49,521120.0,150338144.0
1753460418274,16:20:18.274,bybit,AAVE/USDT:USDT,288.34,0.12,288.35,4.05,288.36,462603.91,133701508.5827
1753460418346,16:20:18.346,okx,AAVE/USDT:USDT,288.39,1.2,288.4,365.2,288.4,5784797.6,
1753460418374,16:20:18.374,bybit,AAVE/USDT:USDT,288.34,0.12,288.35,4.05,288.36,462603.91,133701508.5827
1753460418377,16:20:18.377,bitget,AAVE/USDT:USDT,288.52,0.1,288.54,2.4,288.78,290366.0,83883115.516
1753460418475,16:20:18.475,bybit,AAVE/USDT:USDT,288.34,0.12,288.35,3.71,288.36,462603.91,133701508.5827
1753460418482,16:20:18.482,okx,AAVE/USDT:USDT,288.39,1.2,288.4,340.7,288.4,5784797.6,
1753460418574,16:20:18.574,bybit,AAVE/USDT:USDT,288.34,2.01,288.35,1.54,288.36,462603.91,133701508.5827
1753460418606,16:20:18.606,okx,AAVE/USDT:USDT,288.39,46.5,288.4,304.2,288.4,5784797.6,
1753460418674,16:20:18.674,bybit,AAVE/USDT:USDT,288.34,2.01,288.35,1.54,288.36,462603.91,133701508.5827
1753460418718,16:20:18.718,okx,AAVE/USDT:USDT,288.39,1.2,288.4,230.0,288.4,5784797.6,
1753460418774,16:20:18.774,bybit,AAVE/USDT:USDT,288.37,0.31,288.4,0.12,288.36,462603.91,133701508.5827
1753460418822,16:20:18.822,okx,AAVE/USDT:USDT,288.42,42.9,288.43,45.3,288.4,5784797.8,
1753460418874,16:20:18.874,bybit,AAVE/USDT:USDT,288.36,0.21,288.38,0.21,288.39,462604.01,133701537.4217
1753460418944,16:20:18.944,okx,AAVE/USDT:USDT,288.4,27.0,288.41,19.0,288.4,5784797.8,
1753460418974,16:20:18.974,bybit,AAVE/USDT:USDT,288.35,0.72,288.36,0.21,288.39,462604.01,133701537.4217
1753460419074,16:20:19.074,bybit,AAVE/USDT:USDT,288.35,0.21,288.37,0.21,288.39,462604.01,133701537.4217
1753460419062,16:20:19.062,okx,AAVE/USDT:USDT,288.4,0.2,288.41,151.4,288.4,5784797.8,
1753460419175,16:20:19.175,bybit,AAVE/USDT:USDT,288.35,1.78,288.37,0.21,288.39,462604.01,133701537.4217
1753460419182,16:20:19.182,okx,AAVE/USDT:USDT,288.4,38.0,288.41,54.5,288.4,5784797.8,
1753460419274,16:20:19.274,bybit,AAVE/USDT:USDT,288.36,1.78,288.38,0.21,288.39,462604.01,133701537.4217
1753460419276,16:20:19.276,bitget,AAVE/USDT:USDT,288.53,0.5,288.54,0.8,288.78,290366.0,83883115.516
1753460419374,16:20:19.374,bybit,AAVE/USDT:USDT,288.38,1.89,288.39,2.73,288.39,462604.01,133701537.4217
1753460419415,16:20:19.415,okx,AAVE/USDT:USDT,288.4,84.3,288.41,1.9,288.4,5784797.8,
1753460419474,16:20:19.474,bybit,AAVE/USDT:USDT,288.38,3.39,288.41,0.04,288.4,462611.87,133703804.2457
1753460419517,16:20:19.517,okx,AAVE/USDT:USDT,288.4,184.0,288.43,0.3,288.41,5784799.7,
1753460419574,16:20:19.574,bybit,AAVE/USDT:USDT,288.43,1.78,288.45,0.21,288.41,462611.91,133703815.7821
1753460419618,16:20:19.618,okx,AAVE/USDT:USDT,288.49,23.6,288.5,45.7,288.41,5784799.7,
1753460419447,16:20:19.447,binance,AAVE/USDT:USDT,,,,,288.41,1282682.4,370499961.639
1753460419674,16:20:19.674,bybit,AAVE/USDT:USDT,288.45,0.21,288.46,0.21,288.41,462611.91,133703815.7821
1753460419774,16:20:19.774,bybit,AAVE/USDT:USDT,288.45,1.57,288.46,1.19,288.41,462611.91,133703815.7821
1753460419823,16:20:19.823,okx,AAVE/USDT:USDT,288.49,1.2,288.5,144.4,288.41,5784799.7,
1753460419874,16:20:19.874,bybit,AAVE/USDT:USDT,288.42,1.57,288.43,0.21,288.41,462611.91,133703815.7821
1753460419942,16:20:19.942,okx,AAVE/USDT:USDT,288.49,1.2,288.5,151.5,288.41,5784799.7,
1753460419974,16:20:19.974,bybit,AAVE/USDT:USDT,288.43,1.78,288.45,0.33,288.41,462611.91,133703815.7821
1753460420074,16:20:20.074,bybit,AAVE/USDT:USDT,288.45,1.57,288.46,0.21,288.41,462611.91,133703815.7821
1753460420086,16:20:20.086,okx,AAVE/USDT:USDT,288.49,1.2,288.5,53.8,288.41,5784799.7,
1753460420174,16:20:20.174,bybit,AAVE/USDT:USDT,288.46,1.78,288.47,0.57,288.41,462611.91,133703815.7821
1753460420193,16:20:20.193,okx,AAVE/USDT:USDT,288.49,46.5,288.5,56.0,288.41,5784799.7,
1753460420253,16:20:20.253,gateio,AAVE/USDT:USDT,,,,,288.48,521190.0,150353120.0
1753460420243,16:20:20.243,bitget,AAVE/USDT:USDT,288.61,0.5,288.62,2.6,288.78,290366.0,83883115.516
1753460420312,16:20:20.312,okx,AAVE/USDT:USDT,288.49,46.5,288.5,10.7,288.41,5784799.7,
1753460420417,16:20:20.417,okx,AAVE/USDT:USDT,288.49,156.0,288.5,10.7,288.41,5784799.7,
1753460420474,16:20:20.474,bybit,AAVE/USDT:USDT,288.46,1.78,288.47,0.57,288.41,462611.91,133703815.7821
1753460420524,16:20:20.524,okx,AAVE/USDT:USDT,288.49,79.3,288.5,12.7,288.41,5784799.7,
1753460420574,16:20:20.574,bybit,AAVE/USDT:USDT,288.46,6.96,288.47,0.57,288.41,462611.91,133703815.7821
1753460420564,16:20:20.564,bitget,AAVE/USDT:USDT,288.64,6.3,288.65,66.5,288.78,290366.0,83883115.516
1753460420675,16:20:20.675,bybit,AAVE/USDT:USDT,288.46,7.18,288.47,0.57,288.41,462611.91,133703815.7821
1753460420670,16:20:20.670,okx,AAVE/USDT:USDT,288.49,156.2,288.5,12.7,288.41,5784799.7,
1753460420774,16:20:20.774,bybit,AAVE/USDT:USDT,288.48,13.58,288.5,0.04,288.48,462612.52,133703991.7492
1753460420874,16:20:20.874,bybit,AAVE/USDT:USDT,288.49,10.33,288.5,0.04,288.48,462612.52,133703991.7492
1753460420922,16:20:20.922,okx,AAVE/USDT:USDT,288.52,170.6,288.53,18.3,288.52,5784812.5,
1753460420974,16:20:20.974,bybit,AAVE/USDT:USDT,288.49,1.89,288.5,0.81,288.48,462612.52,133703991.7492
1753460420965,16:20:20.965,bitget,AAVE/USDT:USDT,288.65,27.7,288.68,0.5,288.78,290366.0,83883115.516
1753460421074,16:20:21.074,bybit,AAVE/USDT:USDT,288.47,0.04,288.49,7.48,288.49,462612.84,133704084.066
1753460421072,16:20:21.072,okx,AAVE/USDT:USDT,288.52,133.6,288.53,63.6,288.52,5784812.5,
1753460421174,16:20:21.174,bybit,AAVE/USDT:USDT,288.46,9.83,288.48,0.21,288.49,462612.84,133704084.066
1753460421274,16:20:21.274,bybit,AAVE/USDT:USDT,288.46,0.25,288.47,1.55,288.49,462612.84,133704084.066
1753460421319,16:20:21.319,okx,AAVE/USDT:USDT,288.51,46.6,288.52,22.6,288.52,5784812.5,
1753460421374,16:20:21.374,bybit,AAVE/USDT:USDT,288.47,0.21,288.49,0.21,288.49,462612.84,133704084.066
1753460421474,16:20:21.474,bybit,AAVE/USDT:USDT,288.49,1.78,288.5,0.04,288.49,462612.84,133704084.066
1753460421470,16:20:21.470,okx,AAVE/USDT:USDT,288.51,70.6,288.52,0.2,288.52,5784812.5,
1753460421470,16:20:21.470,binance,AAVE/USDT:USDT,,,,,288.48,1282691.8,370502673.124
1753460421674,16:20:21.674,bybit,AAVE/USDT:USDT,288.49,1.78,288.5,0.04,288.49,462612.84,133704084.066
1753460421707,16:20:21.707,okx,AAVE/USDT:USDT,288.52,100.1,288.53,18.3,288.52,5784812.5,
1753460421700,16:20:21.700,bitget,AAVE/USDT:USDT,288.64,1.9,288.66,0.5,288.78,290366.0,83883115.516
1753460421774,16:20:21.774,bybit,AAVE/USDT:USDT,288.5,1.78,288.52,0.02,288.49,462612.84,133704084.066
1753460421874,16:20:21.874,bybit,AAVE/USDT:USDT,288.51,1.57,288.52,0.23,288.49,462612.84,133704084.066
1753460421912,16:20:21.912,okx,AAVE/USDT:USDT,288.52,181.6,288.53,18.3,288.52,5784812.5,
1753460421974,16:20:21.974,bybit,AAVE/USDT:USDT,288.5,1.59,288.51,0.21,288.49,462612.84,133704084.066
1753460422013,16:20:22.013,okx,AAVE/USDT:USDT,288.52,82.8,288.53,18.3,288.52,5784812.5,
1753460422074,16:20:22.074,bybit,AAVE/USDT:USDT,288.51,1.78,288.52,0.23,288.49,462612.84,133704084.066
1753460422063,16:20:22.063,bitget,AAVE/USDT:USDT,288.67,0.5,288.68,0.5,288.78,290366.0,83883115.516
1753460422120,16:20:22.120,okx,AAVE/USDT:USDT,288.52,180.5,288.53,18.3,288.52,5784812.5,
1753460422174,16:20:22.174,bybit,AAVE/USDT:USDT,288.51,2.0,288.52,0.23,288.49,462612.84,133704084.066
1753460422223,16:20:22.223,okx,AAVE/USDT:USDT,288.52,99.0,288.54,0.1,288.53,5784830.8,
1753460422274,16:20:22.274,bybit,AAVE/USDT:USDT,288.51,2.0,288.52,0.02,288.49,462612.84,133704084.066
1753460422374,16:20:22.374,bybit,AAVE/USDT:USDT,288.5,0.23,288.52,2.89,288.51,462614.63,133704600.4989
1753460422374,16:20:22.374,okx,AAVE/USDT:USDT,288.53,210.1,288.54,0.1,288.53,5784830.8,
1753460422404,16:20:22.404,bitget,AAVE/USDT:USDT,288.68,0.4,288.69,66.7,288.78,290366.0,83883115.516
1753460422474,16:20:22.474,bybit,AAVE/USDT:USDT,288.45,0.04,288.46,0.66,288.46,462614.84,133704661.0787
1753460422506,16:20:22.506,okx,AAVE/USDT:USDT,288.53,45.5,288.54,87.9,288.53,5784830.8,
1753460422574,16:20:22.574,bybit,AAVE/USDT:USDT,288.44,1.7,288.45,0.66,288.46,462614.84,133704661.0787
1753460422674,16:20:22.674,bybit,AAVE/USDT:USDT,288.46,0.21,288.48,0.83,288.46,462614.84,133704661.0787
1753460422718,16:20:22.718,okx,AAVE/USDT:USDT,288.5,0.1,288.51,182.3,288.53,5784830.8,
1753460422774,16:20:22.774,bybit,AAVE/USDT:USDT,288.47,8.01,288.48,0.02,288.46,462614.84,133704661.0787
1753460422830,16:20:22.830,okx,AAVE/USDT:USDT,288.52,183.2,288.53,2.1,288.53,5784830.8,
1753460422875,16:20:22.875,bybit,AAVE/USDT:USDT,288.49,6.64,288.5,0.04,288.46,462614.84,133704661.0787
1753460422975,16:20:22.975,okx,AAVE/USDT:USDT,288.52,183.4,288.53,2.1,288.53,5784830.8,
1753460423046,16:20:23.046,bitget,AAVE/USDT:USDT,288.68,0.9,288.69,66.7,288.78,290366.0,83883115.516
1753460423107,16:20:23.107,okx,AAVE/USDT:USDT,288.52,190.7,288.53,2.1,288.53,5784830.8,
1753460423174,16:20:23.174,bybit,AAVE/USDT:USDT,288.49,6.64,288.5,0.04,288.46,462614.84,133704661.0787
1753460423243,16:20:23.243,gateio,AAVE/USDT:USDT,,,,,288.53,521257.0,150398500.0
1753460423342,16:20:23.342,okx,AAVE/USDT:USDT,288.53,205.6,288.54,0.1,288.53,5784832.9,
1753460423379,16:20:23.379,bitget,AAVE/USDT:USDT,288.68,0.5,288.69,66.7,288.78,290366.0,83883115.516
1753460423474,16:20:23.474,bybit,AAVE/USDT:USDT,288.53,9.51,288.54,0.02,288.52,462614.9,133704678.3891
1753460423451,16:20:23.451,okx,AAVE/USDT:USDT,288.53,224.9,288.55,0.3,288.54,5784833.0,
1753460423574,16:20:23.574,bybit,AAVE/USDT:USDT,288.53,9.51,288.54,0.02,288.52,462614.9,133704678.3891
1753460423583,16:20:23.583,okx,AAVE/USDT:USDT,288.55,143.5,288.56,0.1,288.54,5784833.0,
1753460423404,16:20:23.404,binance,AAVE/USDT:USDT,,,,,288.5,1282704.2,370506250.267
1753460423674,16:20:23.674,bybit,AAVE/USDT:USDT,288.56,1.0,288.58,0.06,288.56,462616.77,133705217.9955
1753460423689,16:20:23.689,okx,AAVE/USDT:USDT,288.57,120.2,288.59,1.1,288.58,5784833.8,
1753460423774,16:20:23.774,bybit,AAVE/USDT:USDT,288.57,9.37,288.58,0.02,288.56,462616.77,133705217.9955
1753460423789,16:20:23.789,okx,AAVE/USDT:USDT,288.62,132.6,288.64,0.4,288.6,5784834.8,
1753460423893,16:20:23.893,okx,AAVE/USDT:USDT,288.63,71.8,288.64,0.1,288.6,5784834.8,
1753460423904,16:20:23.904,bitget,AAVE/USDT:USDT,288.68,2.9,288.69,66.7,288.78,290366.0,83883115.516
1753460423974,16:20:23.974,bybit,AAVE/USDT:USDT,288.49,2.47,288.5,1.5,288.5,462629.9,133709006.5125
1753460424074,16:20:24.074,bybit,AAVE/USDT:USDT,288.48,1.01,288.5,0.21,288.5,462629.9,133709006.5125
1753460424119,16:20:24.119,okx,AAVE/USDT:USDT,288.52,37.5,288.53,23.4,288.53,5785217.6,
1753460424174,16:20:24.174,bybit,AAVE/USDT:USDT,288.48,2.58,288.5,0.92,288.5,462629.9,133709006.5125
1753460424221,16:20:24.221,okx,AAVE/USDT:USDT,288.52,37.7,288.53,23.6,288.53,5785217.6,
1753460424242,16:20:24.242,gateio,AAVE/USDT:USDT,,,,,288.54,521271.0,150407620.0
1753460424374,16:20:24.374,bybit,AAVE/USDT:USDT,288.48,2.58,288.49,0.21,288.5,462629.9,133709006.5125
1753460424329,16:20:24.329,bitget,AAVE/USDT:USDT,288.65,4.4,288.66,2.7,288.78,290366.0,83883115.516
1753460424574,16:20:24.574,bybit,AAVE/USDT:USDT,288.48,2.58,288.5,0.25,288.5,462629.9,133709006.5125
1753460424577,16:20:24.577,okx,AAVE/USDT:USDT,288.52,37.7,288.53,23.7,288.53,5785217.6,
1753460424675,16:20:24.675,bybit,AAVE/USDT:USDT,288.48,2.58,288.5,0.25,288.5,462629.9,133709006.5125
1753460424694,16:20:24.694,bitget,AAVE/USDT:USDT,288.65,4.9,288.66,0.5,288.78,290366.0,83883115.516
1753460424774,16:20:24.774,bybit,AAVE/USDT:USDT,288.48,2.58,288.5,0.21,288.5,462629.9,133709006.5125
1753460424815,16:20:24.815,okx,AAVE/USDT:USDT,288.52,37.7,288.53,45.4,288.53,5785217.6,
1753460424874,16:20:24.874,bybit,AAVE/USDT:USDT,288.47,4.81,288.49,0.21,288.5,462629.9,133709006.5125
1753460424970,16:20:24.970,okx,AAVE/USDT:USDT,288.52,26.9,288.53,127.1,288.53,5785217.6,
1753460425009,16:20:25.009,bitget,AAVE/USDT:USDT,288.65,4.9,288.66,0.5,288.78,290366.0,83883115.516
1753460425074,16:20:25.074,bybit,AAVE/USDT:USDT,288.46,4.81,288.49,0.21,288.5,462629.9,133709006.5125
1753460425174,16:20:25.174,bybit,AAVE/USDT:USDT,288.45,0.21,288.48,8.85,288.5,462629.9,133709006.5125
1753460425207,16:20:25.207,okx,AAVE/USDT:USDT,288.5,0.4,288.53,143.8,288.53,5785217.6,
1753460425275,16:20:25.275,bybit,AAVE/USDT:USDT,288.44,0.23,288.46,0.21,288.5,462629.9,133709006.5125
1753460425313,16:20:25.313,okx,AAVE/USDT:USDT,288.5,0.1,288.51,121.0,288.53,5785217.6,
1753460425328,16:20:25.328,bitget,AAVE/USDT:USDT,288.62,0.1,288.63,4.8,288.78,290366.0,83883115.516
1753460425374,16:20:25.374,bybit,AAVE/USDT:USDT,288.44,0.02,288.45,5.46,288.5,462629.9,133709006.5125
1753460425418,16:20:25.418,okx,AAVE/USDT:USDT,288.48,0.5,288.51,130.7,288.5,5785217.7,
1753460425474,16:20:25.474,bybit,AAVE/USDT:USDT,288.44,0.02,288.45,5.97,288.5,462629.9,133709006.5125
1753460425519,16:20:25.519,okx,AAVE/USDT:USDT,288.48,0.1,288.49,298.8,288.5,5785217.7,
1753460425574,16:20:25.574,bybit,AAVE/USDT:USDT,288.44,0.02,288.45,5.97,288.5,462629.9,133709006.5125
1753460425328,16:20:25.328,binance,AAVE/USDT:USDT,,,,,288.43,1282737.7,370515916.149
1753460425774,16:20:25.774,bybit,AAVE/USDT:USDT,288.44,0.23,288.45,4.32,288.5,462629.9,133709006.5125
1753460425815,16:20:25.815,bitget,AAVE/USDT:USDT,288.59,0.9,288.6,0.5,288.78,290366.0,83883115.516
1753460425874,16:20:25.874,bybit,AAVE/USDT:USDT,288.46,0.31,288.48,0.57,288.5,462629.9,133709006.5125
1753460425873,16:20:25.873,okx,AAVE/USDT:USDT,288.48,46.7,288.49,48.6,288.5,5785217.7,
1753460425974,16:20:25.974,bybit,AAVE/USDT:USDT,288.47,2.54,288.48,0.57,288.5,462629.9,133709006.5125
1753460425979,16:20:25.979,okx,AAVE/USDT:USDT,288.48,110.0,288.49,22.8,288.5,5785217.7,
1753460426074,16:20:26.074,bybit,AAVE/USDT:USDT,288.47,0.97,288.48,0.57,288.5,462629.9,133709006.5125
1753460426174,16:20:26.174,bybit,AAVE/USDT:USDT,288.47,2.54,288.48,0.57,288.5,462629.9,133709006.5125
1753460426213,16:20:26.213,okx,AAVE/USDT:USDT,288.48,92.2,288.49,22.8,288.5,5785217.7,
1753460426274,16:20:26.274,bybit,AAVE/USDT:USDT,288.47,0.76,288.48,0.57,288.5,462629.9,133709006.5125
1753460426316,16:20:26.316,okx,AAVE/USDT:USDT,288.48,111.4,288.49,22.8,288.5,5785217.7,
1753460426375,16:20:26.375,bybit,AAVE/USDT:USDT,288.47,2.33,288.48,0.57,288.5,462629.9,133709006.5125
1753460426475,16:20:26.475,bybit,AAVE/USDT:USDT,288.47,2.33,288.48,0.57,288.5,462629.9,133709006.5125
1753460426574,16:20:26.574,bybit,AAVE/USDT:USDT,288.49,7.43,288.5,0.04,288.48,462630.47,133709170.9461
1753460426571,16:20:26.571,okx,AAVE/USDT:USDT,288.49,171.1,288.5,0.2,288.49,5785240.5,
1753460426595,16:20:26.595,bitget,AAVE/USDT:USDT,288.59,0.9,288.6,0.5,288.78,290366.0,83883115.516
1753460426675,16:20:26.675,bybit,AAVE/USDT:USDT,288.49,7.43,288.5,0.04,288.48,462630.47,133709170.9461
1753460426699,16:20:26.699,okx,AAVE/USDT:USDT,288.49,225.0,288.51,0.3,288.5,5785240.7,
1753460426774,16:20:26.774,bybit,AAVE/USDT:USDT,288.5,8.01,288.51,0.57,288.48,462630.47,133709170.9461
1753460426818,16:20:26.818,okx,AAVE/USDT:USDT,288.53,206.9,288.55,0.3,288.54,5785241.1,
1753460426874,16:20:26.874,bybit,AAVE/USDT:USDT,288.52,11.41,288.53,0.04,288.52,462631.06,133709341.1672
1753460426920,16:20:26.920,okx,AAVE/USDT:USDT,288.56,148.0,288.57,7.5,288.54,5785241.1,
1753460426974,16:20:26.974,bybit,AAVE/USDT:USDT,288.53,0.72,288.54,3.01,288.55,462633.36,133710004.8322
1753460427021,16:20:27.021,okx,AAVE/USDT:USDT,288.56,212.1,288.57,7.7,288.54,5785241.1,
1753460427012,16:20:27.012,bitget,AAVE/USDT:USDT,288.7,5.9,288.72,0.5,288.78,290366.0,83883115.516
1753460427074,16:20:27.074,bybit,AAVE/USDT:USDT,288.5,0.02,288.52,0.21,288.55,462633.36,133710004.8322
1753460427146,16:20:27.146,okx,AAVE/USDT:USDT,288.54,26.7,288.56,99.6,288.54,5785241.1,
1753460427174,16:20:27.174,bybit,AAVE/USDT:USDT,288.5,0.02,288.51,8.01,288.55,462633.36,133710004.8322
1753460427374,16:20:27.374,bybit,AAVE/USDT:USDT,288.5,0.02,288.51,8.01,288.55,462633.36,133710004.8322
1753460427347,16:20:27.347,bitget,AAVE/USDT:USDT,288.7,5.9,288.72,0.5,288.78,290366.0,83883115.516
1753460427414,16:20:27.414,okx,AAVE/USDT:USDT,288.52,26.9,288.53,90.9,288.54,5785241.1,
1753460427474,16:20:27.474,bybit,AAVE/USDT:USDT,288.46,0.05,288.47,10.88,288.5,462633.38,133710010.6022
1753460427514,16:20:27.514,okx,AAVE/USDT:USDT,288.5,27.0,288.51,59.2,288.54,5785241.1,
1753460427574,16:20:27.574,bybit,AAVE/USDT:USDT,288.44,0.02,288.45,9.65,288.46,462633.43,133710025.0252
1753460427625,16:20:27.625,okx,AAVE/USDT:USDT,288.47,0.3,288.51,175.6,288.48,5785241.7,
1753460427593,16:20:27.593,binance,AAVE/USDT:USDT,,,,,288.42,1282751.2,370519810.62
1753460427674,16:20:27.674,bybit,AAVE/USDT:USDT,288.42,0.02,288.43,11.4,288.43,462633.49,133710042.3312
1753460427774,16:20:27.774,bybit,AAVE/USDT:USDT,288.42,0.02,288.43,11.4,288.43,462633.49,133710042.3312
1753460427758,16:20:27.758,okx,AAVE/USDT:USDT,288.44,27.0,288.45,59.6,288.48,5785241.7,
1753460427898,16:20:27.898,okx,AAVE/USDT:USDT,288.44,26.8,288.45,157.7,288.48,5785241.7,
1753460427974,16:20:27.974,bybit,AAVE/USDT:USDT,288.42,0.08,288.43,11.4,288.43,462633.49,133710042.3312
1753460427972,16:20:27.972,bitget,AAVE/USDT:USDT,288.57,0.5,288.58,3.4,288.78,290366.0,83883115.516
1753460428012,16:20:28.012,okx,AAVE/USDT:USDT,288.44,0.1,288.45,166.8,288.48,5785241.7,
1753460428074,16:20:28.074,bybit,AAVE/USDT:USDT,288.38,0.06,288.39,9.44,288.39,462633.7,133710102.8961
1753460428174,16:20:28.174,bybit,AAVE/USDT:USDT,288.36,0.02,288.37,19.51,288.37,462633.76,133710120.1985
1753460428274,16:20:28.274,bybit,AAVE/USDT:USDT,288.3,0.46,288.31,2.87,288.32,462633.95,133710174.9815
1753460428315,16:20:28.315,okx,AAVE/USDT:USDT,288.36,0.4,288.37,88.7,288.38,5785243.4,
1753460428374,16:20:28.374,bybit,AAVE/USDT:USDT,288.3,0.46,288.31,2.87,288.32,462633.95,133710174.9815
1753460428416,16:20:28.416,okx,AAVE/USDT:USDT,288.36,0.1,288.37,147.6,288.38,5785243.4,
1753460428518,16:20:28.518,okx,AAVE/USDT:USDT,288.36,0.1,288.37,149.8,288.38,5785243.4,
1753460428575,16:20:28.575,bybit,AAVE/USDT:USDT,288.3,0.46,288.31,1.54,288.32,462633.95,133710174.9815
1753460428674,16:20:28.674,bybit,AAVE/USDT:USDT,288.3,0.46,288.31,3.08,288.32,462633.95,133710174.9815
1753460428666,16:20:28.666,okx,AAVE/USDT:USDT,288.36,0.1,288.37,244.1,288.38,5785243.4,
1753460428658,16:20:28.658,bitget,AAVE/USDT:USDT,288.46,25.8,288.52,3.4,288.78,290366.0,83883115.516
1753460428774,16:20:28.774,bybit,AAVE/USDT:USDT,288.28,0.02,288.29,8.49,288.3,462634.39,133710301.8335
1753460428768,16:20:28.768,okx,AAVE/USDT:USDT,288.33,0.3,288.35,247.7,288.34,5785243.8,
1753460428874,16:20:28.874,bybit,AAVE/USDT:USDT,288.28,0.02,288.29,9.75,288.3,462634.39,133710301.8335
1753460428893,16:20:28.893,okx,AAVE/USDT:USDT,288.31,0.3,288.33,189.2,288.32,5785243.9,
1753460428974,16:20:28.974,bybit,AAVE/USDT:USDT,288.26,0.09,288.27,12.34,288.28,462634.41,133710307.5991
1753460428976,16:20:28.976,bitget,AAVE/USDT:USDT,288.47,0.5,288.48,2.6,288.78,290366.0,83883115.516
1753460429017,16:20:29.017,okx,AAVE/USDT:USDT,288.3,0.7,288.31,201.3,288.32,5785243.9,
1753460429074,16:20:29.074,bybit,AAVE/USDT:USDT,288.26,0.09,288.27,3.0,288.28,462634.41,133710307.5991
1753460429174,16:20:29.174,bybit,AAVE/USDT:USDT,288.26,0.09,288.27,2.93,288.28,462634.41,133710307.5991
1753460429271,16:20:29.271,gateio,AAVE/USDT:USDT,,,,,288.31,521271.0,150287786.0
1753460429474,16:20:29.474,bybit,AAVE/USDT:USDT,288.26,0.09,288.27,2.93,288.28,462634.41,133710307.5991
1753460429574,16:20:29.574,bybit,AAVE/USDT:USDT,288.26,0.09,288.27,4.47,288.28,462634.41,133710307.5991
1753460428848,16:20:28.848,binance,AAVE/USDT:USDT,,,,,288.26,1282766.6,370524250.353
1753460429662,16:20:29.662,bitget,AAVE/USDT:USDT,288.41,0.5,288.42,0.5,288.78,290366.0,83883115.516
1753460429874,16:20:29.874,bybit,AAVE/USDT:USDT,288.24,0.05,288.25,0.74,288.25,462634.54,133710345.0725
1753460429974,16:20:29.974,bybit,AAVE/USDT:USDT,288.21,0.04,288.23,17.39,288.23,462634.61,133710365.2489
1753460429979,16:20:29.979,bitget,AAVE/USDT:USDT,288.41,0.5,288.42,0.5,288.78,290366.0,83883115.516
1753460430074,16:20:30.074,bybit,AAVE/USDT:USDT,288.2,0.34,288.21,3.04,288.23,462634.61,133710365.2489
1753460430061,16:20:30.061,okx,AAVE/USDT:USDT,288.24,0.1,288.25,175.5,288.27,5785245.7,
1753460430174,16:20:30.174,bybit,AAVE/USDT:USDT,288.2,9.01,288.21,1.33,288.23,462634.61,133710365.2489
1753460430177,16:20:30.177,okx,AAVE/USDT:USDT,288.24,0.3,288.25,191.5,288.27,5785245.7,
1753460430274,16:20:30.274,bybit,AAVE/USDT:USDT,288.23,0.2,288.24,5.87,288.23,462634.61,133710365.2489
1753460430259,16:20:30.259,gateio,AAVE/USDT:USDT,,,,,288.27,521271.0,150267010.0
1753460430305,16:20:30.305,bitget,AAVE/USDT:USDT,288.36,2.5,288.4,28.2,288.78,290366.0,83883115.516
1753460430374,16:20:30.374,bybit,AAVE/USDT:USDT,288.23,0.2,288.24,5.97,288.23,462634.61,133710365.2489
1753460430474,16:20:30.474,bybit,AAVE/USDT:USDT,288.23,6.74,288.24,0.31,288.23,462634.61,133710365.2489
1753460430511,16:20:30.511,okx,AAVE/USDT:USDT,288.24,36.1,288.25,55.0,288.27,5785245.7,
1753460430575,16:20:30.575,bybit,AAVE/USDT:USDT,288.23,1.74,288.24,0.96,288.23,462634.61,133710365.2489
1753460430613,16:20:30.613,okx,AAVE/USDT:USDT,288.24,81.4,288.25,13.7,288.27,5785245.7,
1753460430720,16:20:30.720,okx,AAVE/USDT:USDT,288.24,81.4,288.25,13.7,288.27,5785245.7,
1753460430774,16:20:30.774,bybit,AAVE/USDT:USDT,288.23,1.74,288.24,0.31,288.23,462634.61,133710365.2489
1753460430874,16:20:30.874,bybit,AAVE/USDT:USDT,288.23,0.2,288.24,8.52,288.23,462634.61,133710365.2489
1753460430974,16:20:30.974,bybit,AAVE/USDT:USDT,288.23,3.24,288.24,0.25,288.23,462634.61,133710365.2489
1753460431076,16:20:31.076,bitget,AAVE/USDT:USDT,288.38,0.5,288.4,1.9,288.78,290366.0,83883115.516
1753460431174,16:20:31.174,bybit,AAVE/USDT:USDT,288.2,0.14,288.21,0.88,288.23,462637.85,133711299.1141
1753460431202,16:20:31.202,okx,AAVE/USDT:USDT,288.24,0.3,288.25,155.0,288.27,5785245.7,
1753460431274,16:20:31.274,bybit,AAVE/USDT:USDT,288.2,0.14,288.21,0.21,288.23,462637.85,133711299.1141
1753460431271,16:20:31.271,gateio,AAVE/USDT:USDT,,,,,288.27,521271.0,150267010.0
1753460431310,16:20:31.310,okx,AAVE/USDT:USDT,288.24,0.3,288.25,166.6,288.27,5785245.7,
1753460431374,16:20:31.374,bybit,AAVE/USDT:USDT,288.2,0.14,288.21,0.88,288.23,462637.85,133711299.1141
1753460431413,16:20:31.413,okx,AAVE/USDT:USDT,288.22,0.3,288.25,189.2,288.24,5785246.3,
1753460431474,16:20:31.474,bybit,AAVE/USDT:USDT,288.19,0.01,288.2,17.07,288.2,462637.99,133711339.4621
1753460431479,16:20:31.479,bitget,AAVE/USDT:USDT,288.37,2.2,288.4,3.4,288.78,290366.0,83883115.516
1753460431574,16:20:31.574,bybit,AAVE/USDT:USDT,288.19,0.01,288.2,17.07,288.2,462637.99,133711339.4621
1753460431501,16:20:31.501,binance,AAVE/USDT:USDT,,,,,288.16,1282775.0,370526671.343
1753460431674,16:20:31.674,bybit,AAVE/USDT:USDT,288.19,0.01,288.2,7.97,288.2,462637.99,133711339.4621
1753460431669,16:20:31.669,okx,AAVE/USDT:USDT,288.2,7.3,288.21,150.3,288.24,5785246.3,
1753460431774,16:20:31.774,bybit,AAVE/USDT:USDT,288.2,1.54,288.21,0.21,288.2,462637.99,133711339.4621
1753460431798,16:20:31.798,okx,AAVE/USDT:USDT,288.22,81.0,288.23,7.5,288.22,5785246.7,
1753460431874,16:20:31.874,bybit,AAVE/USDT:USDT,288.19,0.45,288.21,0.21,288.2,462637.99,133711339.4621
1753460431912,16:20:31.912,okx,AAVE/USDT:USDT,288.22,81.2,288.23,7.7,288.22,5785246.7,
1753460431910,16:20:31.910,bitget,AAVE/USDT:USDT,288.33,4.2,288.37,2.4,288.78,290366.0,83883115.516
1753460431974,16:20:31.974,bybit,AAVE/USDT:USDT,288.19,2.13,288.2,0.1,288.2,462637.99,133711339.4621
1753460432074,16:20:32.074,bybit,AAVE/USDT:USDT,288.19,2.91,288.2,0.31,288.2,462637.99,133711339.4621
1753460432121,16:20:32.121,okx,AAVE/USDT:USDT,288.22,35.7,288.24,76.5,288.22,5785246.7,
1753460432174,16:20:32.174,bybit,AAVE/USDT:USDT,288.19,0.01,288.2,8.34,288.2,462637.99,133711339.4621
1753460432227,16:20:32.227,okx,AAVE/USDT:USDT,288.2,33.8,288.21,135.8,288.22,5785246.7,
1753460432256,16:20:32.256,gateio,AAVE/USDT:USDT,,,,,288.2,521352.0,150253818.0
1753460432375,16:20:32.375,bybit,AAVE/USDT:USDT,288.19,0.01,288.2,0.31,288.2,462637.99,133711339.4621
1753460432348,16:20:32.348,okx,AAVE/USDT:USDT,288.2,36.4,288.21,0.2,288.22,5785246.7,
1753460432475,16:20:32.475,bybit,AAVE/USDT:USDT,288.19,0.01,288.2,9.89,288.2,462637.99,133711339.4621
1753460432471,16:20:32.471,okx,AAVE/USDT:USDT,288.2,7.3,288.21,144.2,288.22,5785246.7,
1753460432575,16:20:32.575,bybit,AAVE/USDT:USDT,288.19,0.01,288.2,9.22,288.2,462637.99,133711339.4621
1753460432607,16:20:32.607,bitget,AAVE/USDT:USDT,288.36,0.5,288.37,5.4,288.78,290366.0,83883115.516
1753460432615,16:20:32.615,okx,AAVE/USDT:USDT,288.2,37.4,288.21,62.7,288.22,5785246.7,
1753460432674,16:20:32.674,bybit,AAVE/USDT:USDT,288.19,0.01,288.2,8.31,288.2,462637.99,133711339.4621
1753460432716,16:20:32.716,okx,AAVE/USDT:USDT,288.2,37.4,288.21,16.6,288.22,5785246.7,
1753460432774,16:20:32.774,bybit,AAVE/USDT:USDT,288.19,0.01,288.2,8.31,288.2,462637.99,133711339.4621
1753460432817,16:20:32.817,okx,AAVE/USDT:USDT,288.2,10.7,288.21,106.5,288.22,5785246.7,
1753460432874,16:20:32.874,bybit,AAVE/USDT:USDT,288.19,0.01,288.2,8.98,288.2,462637.99,133711339.4621
1753460432923,16:20:32.923,okx,AAVE/USDT:USDT,288.2,10.7,288.21,54.5,288.22,5785246.7,
1753460432916,16:20:32.916,bitget,AAVE/USDT:USDT,288.33,0.5,288.35,6.1,288.78,290366.0,83883115.516
1753460433074,16:20:33.074,bybit,AAVE/USDT:USDT,288.14,0.39,288.15,18.21,288.15,462638.23,133711408.6208
1753460433139,16:20:33.139,okx,AAVE/USDT:USDT,288.16,0.2,288.17,151.3,288.17,5785257.8,
1753460433175,16:20:33.175,bybit,AAVE/USDT:USDT,288.14,0.39,288.15,18.21,288.15,462638.23,133711408.6208
1753460433227,16:20:33.227,bitget,AAVE/USDT:USDT,288.28,0.5,288.29,1.9,288.78,290366.0,83883115.516
1753460433243,16:20:33.243,okx,AAVE/USDT:USDT,288.16,0.2,288.17,169.7,288.17,5785257.8,
1753460433253,16:20:33.253,gateio,AAVE/USDT:USDT,,,,,288.14,521353.0,150222906.0
1753460433344,16:20:33.344,okx,AAVE/USDT:USDT,288.16,0.2,288.17,172.9,288.17,5785257.8,
1753460433374,16:20:33.374,bybit,AAVE/USDT:USDT,288.14,0.39,288.15,18.21,288.15,462638.23,133711408.6208
1753460433475,16:20:33.475,bybit,AAVE/USDT:USDT,288.12,0.04,288.13,9.97,288.15,462638.23,133711408.6208
1753460433574,16:20:33.574,bybit,AAVE/USDT:USDT,288.12,0.04,288.13,0.63,288.15,462638.23,133711408.6208
1753460433594,16:20:33.594,okx,AAVE/USDT:USDT,288.16,0.2,288.17,199.5,288.17,5785257.8,
1753460433068,16:20:33.068,binance,AAVE/USDT:USDT,,,,,288.11,1282780.1,370528140.915
1753460433633,16:20:33.633,bitget,AAVE/USDT:USDT,288.28,0.5,288.29,2.4,288.78,290366.0,83883115.516
1753460433674,16:20:33.674,bybit,AAVE/USDT:USDT,288.12,9.55,288.13,0.1,288.15,462638.23,133711408.6208
1753460433695,16:20:33.695,okx,AAVE/USDT:USDT,288.16,36.1,288.17,37.4,288.17,5785257.8,
1753460433774,16:20:33.774,bybit,AAVE/USDT:USDT,288.12,8.05,288.13,0.1,288.15,462638.23,133711408.6208
1753460433874,16:20:33.874,bybit,AAVE/USDT:USDT,288.11,0.24,288.12,1.33,288.12,462643.23,133712849.2208
1753460433919,16:20:33.919,okx,AAVE/USDT:USDT,288.16,36.1,288.17,37.4,288.17,5785257.8,
1753460433975,16:20:33.975,bybit,AAVE/USDT:USDT,288.11,0.03,288.12,1.33,288.12,462643.23,133712849.2208
1753460434021,16:20:34.021,okx,AAVE/USDT:USDT,288.16,0.2,288.17,137.3,288.17,5785257.8,
1753460434074,16:20:34.074,bybit,AAVE/USDT:USDT,288.11,1.78,288.13,0.1,288.12,462643.23,133712849.2208
1753460434044,16:20:34.044,bitget,AAVE/USDT:USDT,288.28,0.5,288.29,2.4,288.78,290366.0,83883115.516
1753460434130,16:20:34.130,okx,AAVE/USDT:USDT,288.16,26.9,288.17,38.0,288.17,5785257.8,
1753460434175,16:20:34.175,bybit,AAVE/USDT:USDT,288.12,1.82,288.13,0.1,288.12,462643.23,133712849.2208
1753460434274,16:20:34.274,bybit,AAVE/USDT:USDT,288.12,1.82,288.13,0.1,288.12,462643.23,133712849.2208
1753460434280,16:20:34.280,okx,AAVE/USDT:USDT,288.16,36.4,288.17,38.0,288.17,5785257.8,
1753460434371,16:20:34.371,bitget,AAVE/USDT:USDT,288.28,0.5,288.3,1.9,288.78,290366.0,83883115.516
1753460434474,16:20:34.474,bybit,AAVE/USDT:USDT,288.15,9.51,288.17,0.61,288.13,462643.33,133712878.0338
1753460434574,16:20:34.574,bybit,AAVE/USDT:USDT,288.16,8.01,288.17,0.57,288.13,462643.33,133712878.0338
1753460434617,16:20:34.617,okx,AAVE/USDT:USDT,288.18,129.7,288.2,0.2,288.17,5785288.4,
1753460434674,16:20:34.674,bybit,AAVE/USDT:USDT,288.16,1.75,288.17,0.57,288.13,462643.33,133712878.0338
1753460434718,16:20:34.718,okx,AAVE/USDT:USDT,288.19,72.5,288.2,0.2,288.17,5785288.4,
1753460434774,16:20:34.774,bybit,AAVE/USDT:USDT,288.13,0.65,288.15,0.87,288.13,462643.33,133712878.0338
1753460434821,16:20:34.821,okx,AAVE/USDT:USDT,288.16,26.9,288.17,134.2,288.17,5785288.4,
1753460434874,16:20:34.874,bybit,AAVE/USDT:USDT,288.13,0.24,288.14,1.33,288.13,462643.33,133712878.0338
1753460434974,16:20:34.974,bybit,AAVE/USDT:USDT,288.11,0.03,288.12,1.54,288.13,462643.33,133712878.0338
1753460434949,16:20:34.949,okx,AAVE/USDT:USDT,288.16,27.1,288.17,141.3,288.17,5785288.4,
1753460435074,16:20:35.074,bybit,AAVE/USDT:USDT,288.1,0.09,288.12,1.54,288.13,462643.33,133712878.0338
1753460435053,16:20:35.053,okx,AAVE/USDT:USDT,288.16,0.2,288.17,159.6,288.17,5785288.4,
1753460435058,16:20:35.058,bitget,AAVE/USDT:USDT,288.3,1.9,288.35,28.2,288.78,290366.0,83883115.516
1753460435174,16:20:35.174,bybit,AAVE/USDT:USDT,288.12,0.21,288.13,0.04,288.13,462643.33,133712878.0338
1753460435274,16:20:35.274,bybit,AAVE/USDT:USDT,288.12,0.21,288.14,4.57,288.13,462643.33,133712878.0338
1753460435263,16:20:35.263,gateio,AAVE/USDT:USDT,,,,,288.14,521353.0,150222906.0
1753460435301,16:20:35.301,okx,AAVE/USDT:USDT,288.16,0.2,288.17,60.5,288.17,5785288.4,
1753460435374,16:20:35.374,bybit,AAVE/USDT:USDT,288.12,10.82,288.15,0.21,288.13,462643.33,133712878.0338
1753460435378,16:20:35.378,bitget,AAVE/USDT:USDT,288.27,0.5,288.28,2.4,288.78,290366.0,83883115.516
1753460435407,16:20:35.407,okx,AAVE/USDT:USDT,288.16,101.0,288.17,14.5,288.17,5785288.4,
1753460435474,16:20:35.474,bybit,AAVE/USDT:USDT,288.12,2.81,288.15,0.21,288.13,462643.33,133712878.0338
1753460435517,16:20:35.517,okx,AAVE/USDT:USDT,288.16,101.0,288.17,52.4,288.17,5785288.4,
1753460435574,16:20:35.574,bybit,AAVE/USDT:USDT,288.13,7.8,288.15,0.21,288.13,462643.33,133712878.0338
1753460435632,16:20:35.632,okx,AAVE/USDT:USDT,288.16,119.6,288.17,13.1,288.17,5785288.4,
1753460435027,16:20:35.027,binance,AAVE/USDT:USDT,,,,,288.1,1282785.2,370529610.306
1753460435674,16:20:35.674,bybit,AAVE/USDT:USDT,288.15,8.01,288.16,0.02,288.13,462643.33,133712878.0338
1753460435705,16:20:35.705,bitget,AAVE/USDT:USDT,288.31,0.5,288.32,28.7,288.78,290366.0,83883115.516
1753460435774,16:20:35.774,bybit,AAVE/USDT:USDT,288.14,1.27,288.16,7.82,288.13,462643.33,133712878.0338
1753460435874,16:20:35.874,bybit,AAVE/USDT:USDT,288.13,1.75,288.15,0.21,288.13,462643.33,133712878.0338
1753460435872,16:20:35.872,okx,AAVE/USDT:USDT,288.16,101.0,288.17,13.1,288.17,5785288.4,
1753460435974,16:20:35.974,bybit,AAVE/USDT:USDT,288.14,7.86,288.15,0.21,288.13,462643.33,133712878.0338
1753460436074,16:20:36.074,bybit,AAVE/USDT:USDT,288.14,7.8,288.15,0.21,288.13,462643.33,133712878.0338
1753460436145,16:20:36.145,bitget,AAVE/USDT:USDT,288.31,0.5,288.32,2.6,288.78,290366.0,83883115.516
1753460436328,16:20:36.328,okx,AAVE/USDT:USDT,288.16,101.2,288.17,13.1,288.17,5785288.4,
1753460436374,16:20:36.374,bybit,AAVE/USDT:USDT,288.14,7.8,288.15,0.21,288.13,462643.33,133712878.0338
1753460436474,16:20:36.474,bybit,AAVE/USDT:USDT,288.14,7.8,288.17,1.62,288.13,462643.33,133712878.0338
1753460436471,16:20:36.471,okx,AAVE/USDT:USDT,288.16,101.2,288.17,13.3,288.17,5785288.4,
1753460436574,16:20:36.574,bybit,AAVE/USDT:USDT,288.16,1.54,288.17,0.57,288.13,462643.33,133712878.0338
1753460436578,16:20:36.578,okx,AAVE/USDT:USDT,288.16,118.8,288.17,13.3,288.17,5785288.4,
1753460436674,16:20:36.674,bybit,AAVE/USDT:USDT,288.15,8.01,288.17,0.57,288.13,462643.33,133712878.0338
1753460436774,16:20:36.774,bybit,AAVE/USDT:USDT,288.16,10.16,288.17,0.57,288.13,462643.33,133712878.0338
1753460436809,16:20:36.809,okx,AAVE/USDT:USDT,288.16,129.2,288.19,0.3,288.17,5785301.7,
1753460436913,16:20:36.913,okx,AAVE/USDT:USDT,288.2,215.8,288.21,10.6,288.17,5785301.7,
1753460436913,16:20:36.913,bitget,AAVE/USDT:USDT,288.35,0.5,288.36,68.0,288.78,290366.0,83883115.516
1753460436974,16:20:36.974,bybit,AAVE/USDT:USDT,288.16,10.64,288.17,0.57,288.13,462643.33,133712878.0338
1753460437021,16:20:37.021,okx,AAVE/USDT:USDT,288.2,134.3,288.21,10.6,288.17,5785301.7,
1753460437074,16:20:37.074,bybit,AAVE/USDT:USDT,288.16,0.48,288.18,0.98,288.18,462654.41,133716071.0652
1753460437174,16:20:37.174,bybit,AAVE/USDT:USDT,288.16,0.48,288.17,0.21,288.18,462654.41,133716071.0652
1753460437239,16:20:37.239,gateio,AAVE/USDT:USDT,,,,,288.19,521354.0,150249032.0
1753460437274,16:20:37.274,bybit,AAVE/USDT:USDT,288.16,0.48,288.17,8.01,288.18,462654.41,133716071.0652
1753460437375,16:20:37.375,okx,AAVE/USDT:USDT,288.2,0.1,288.21,193.0,288.21,5785312.5,
1753460437488,16:20:37.488,okx,AAVE/USDT:USDT,288.2,0.1,288.21,185.2,288.21,5785312.5,
1753460437574,16:20:37.574,bybit,AAVE/USDT:USDT,288.1,0.05,288.13,6.79,288.12,462655.08,133716264.1275
1753460437597,16:20:37.597,okx,AAVE/USDT:USDT,288.15,0.3,288.17,244.1,288.16,5785313.6,
1753460437589,16:20:37.589,binance,AAVE/USDT:USDT,,,,,288.1,1282793.2,370531915.223
1753460437674,16:20:37.674,bybit,AAVE/USDT:USDT,288.1,0.02,288.11,4.36,288.12,462655.08,133716264.1275
1753460437718,16:20:37.718,okx,AAVE/USDT:USDT,288.14,0.1,288.15,203.7,288.16,5785313.6,
1753460437774,16:20:37.774,bybit,AAVE/USDT:USDT,288.08,0.04,288.09,4.6,288.12,462655.08,133716264.1275
1753460437822,16:20:37.822,okx,AAVE/USDT:USDT,288.14,0.1,288.15,260.0,288.16,5785313.6,
1753460437874,16:20:37.874,bybit,AAVE/USDT:USDT,288.08,0.04,288.09,4.6,288.12,462655.08,133716264.1275
1753460437974,16:20:37.974,bybit,AAVE/USDT:USDT,288.08,0.25,288.09,2.83,288.12,462655.08,133716264.1275
1753460438025,16:20:38.025,okx,AAVE/USDT:USDT,288.14,0.1,288.15,258.8,288.16,5785313.6,
1753460438069,16:20:38.069,bitget,AAVE/USDT:USDT,288.24,0.5,288.25,3.2,288.78,290366.0,83883115.516
1753460438174,16:20:38.174,bybit,AAVE/USDT:USDT,288.08,0.04,288.09,3.05,288.12,462655.08,133716264.1275
1753460438274,16:20:38.274,bybit,AAVE/USDT:USDT,288.08,0.04,288.09,5.52,288.12,462655.08,133716264.1275
1753460438374,16:20:38.374,bybit,AAVE/USDT:USDT,288.04,0.05,288.05,4.39,288.08,462655.12,133716275.6507
1753460438409,16:20:38.409,okx,AAVE/USDT:USDT,288.11,0.3,288.13,365.1,288.12,5785314.9,
1753460438474,16:20:38.474,bybit,AAVE/USDT:USDT,288.04,0.02,288.05,5.37,288.08,462655.12,133716275.6507
1753460438484,16:20:38.484,bitget,AAVE/USDT:USDT,288.19,0.2,288.21,3.5,288.78,290366.0,83883115.516
1753460438523,16:20:38.523,okx,AAVE/USDT:USDT,288.09,1.0,288.11,224.5,288.1,5785315.1,
1753460438676,16:20:38.676,okx,AAVE/USDT:USDT,288.07,32.3,288.08,295.3,288.08,5785315.2,
1753460438774,16:20:38.774,bybit,AAVE/USDT:USDT,287.94,1.28,287.98,9.13,287.95,462657.45,133716946.6003
1753460438777,16:20:38.777,okx,AAVE/USDT:USDT,288.04,0.1,288.05,203.5,288.04,5785350.8,
1753460438874,16:20:38.874,bybit,AAVE/USDT:USDT,287.95,0.21,287.96,2.83,287.95,462657.45,133716946.6003
1753460438856,16:20:38.856,bitget,AAVE/USDT:USDT,288.18,0.7,288.19,0.5,288.78,290366.0,83883115.516
1753460438898,16:20:38.898,okx,AAVE/USDT:USDT,288.0,30.4,288.01,143.9,288.04,5785350.9,
1753460438974,16:20:38.974,bybit,AAVE/USDT:USDT,287.95,0.21,287.96,1.55,287.95,462657.45,133716946.6003
1753460439020,16:20:39.020,okx,AAVE/USDT:USDT,288.0,30.6,288.01,225.1,288.04,5785350.9,
1753460439074,16:20:39.074,bybit,AAVE/USDT:USDT,287.94,0.81,287.95,1.33,287.87,462714.81,133733459.5164
1753460439125,16:20:39.125,okx,AAVE/USDT:USDT,288.0,57.3,288.01,209.1,288.04,5785350.9,
1753460439174,16:20:39.174,bybit,AAVE/USDT:USDT,287.99,4.25,288.0,0.06,287.98,462715.07,133733534.3868
1753460439191,16:20:39.191,bitget,AAVE/USDT:USDT,288.15,0.3,288.16,4.5,288.78,290366.0,83883115.516
1753460439227,16:20:39.227,okx,AAVE/USDT:USDT,288.05,45.3,288.06,46.7,288.01,5785370.8,
1753460439274,16:20:39.274,bybit,AAVE/USDT:USDT,287.97,0.21,287.99,0.81,287.98,462715.07,133733534.3868
1753460439282,16:20:39.282,gateio,AAVE/USDT:USDT,,,,,288.0,521355.0,150150314.0
1753460439374,16:20:39.374,bybit,AAVE/USDT:USDT,287.96,0.21,287.98,0.19,287.98,462715.07,133733534.3868
1753460439482,16:20:39.482,okx,AAVE/USDT:USDT,288.0,57.3,288.01,24.8,288.01,5785370.8,
1753460439515,16:20:39.515,bitget,AAVE/USDT:USDT,288.15,0.3,288.16,2.4,288.78,290366.0,83883115.516
1753460439574,16:20:39.574,bybit,AAVE/USDT:USDT,287.95,0.03,287.96,3.27,287.98,462715.07,133733534.3868
1753460439614,16:20:39.614,binance,AAVE/USDT:USDT,,,,,287.93,1282867.4,370553284.265
1753460439674,16:20:39.674,bybit,AAVE/USDT:USDT,287.92,0.06,287.93,6.96,287.98,462715.07,133733534.3868
1753460439690,16:20:39.690,okx,AAVE/USDT:USDT,288.0,30.3,288.01,176.7,288.0,5785370.9,
1753460439774,16:20:39.774,bybit,AAVE/USDT:USDT,287.9,0.02,287.91,8.73,287.91,462715.14,133733554.5408
1753460439812,16:20:39.812,okx,AAVE/USDT:USDT,287.95,1.2,287.97,196.9,287.96,5785401.6,
1753460439874,16:20:39.874,bybit,AAVE/USDT:USDT,287.87,0.04,287.89,13.57,287.9,462715.16,133733560.2988
1753460439871,16:20:39.871,bitget,AAVE/USDT:USDT,288.0,0.7,288.09,2.7,288.78,290366.0,83883115.516
1753460439919,16:20:39.919,okx,AAVE/USDT:USDT,287.91,0.1,287.93,217.4,287.91,5785403.9,
1753460439975,16:20:39.975,bybit,AAVE/USDT:USDT,287.84,0.62,287.85,2.89,287.9,462715.16,133733560.2988
1753460440025,16:20:40.025,okx,AAVE/USDT:USDT,287.9,0.1,287.91,218.8,287.91,5785403.9,
1753460440074,16:20:40.074,bybit,AAVE/USDT:USDT,287.84,2.66,287.85,6.63,287.9,462715.16,133733560.2988
1753460440274,16:20:40.274,bybit,AAVE/USDT:USDT,287.86,9.51,287.87,0.11,287.9,462715.16,133733560.2988
1753460440242,16:20:40.242,okx,AAVE/USDT:USDT,287.9,0.1,287.91,242.2,287.91,5785403.9,
1753460440258,16:20:40.258,gateio,AAVE/USDT:USDT,,,,,287.87,521355.0,150082624.0
1753460440290,16:20:40.290,bitget,AAVE/USDT:USDT,287.97,0.7,288.02,5.6,288.78,290366.0,83883115.516
1753460440375,16:20:40.375,bybit,AAVE/USDT:USDT,287.89,9.51,287.9,0.04,287.9,462715.16,133733560.2988
1753460440362,16:20:40.362,okx,AAVE/USDT:USDT,287.91,54.2,287.94,7.4,287.91,5785403.9,
1753460440467,16:20:40.467,okx,AAVE/USDT:USDT,287.93,54.2,287.94,7.1,287.91,5785403.9,
1753460440574,16:20:40.574,bybit,AAVE/USDT:USDT,287.89,9.51,287.9,0.04,287.9,462715.16,133733560.2988
1753460440614,16:20:40.614,okx,AAVE/USDT:USDT,287.93,54.9,287.94,16.5,287.91,5785403.9,
1753460440670,16:20:40.670,bitget,AAVE/USDT:USDT,288.06,2.4,288.08,3.4,288.78,290366.0,83883115.516
1753460440716,16:20:40.716,okx,AAVE/USDT:USDT,287.93,54.9,287.94,16.7,287.91,5785403.9,
1753460440774,16:20:40.774,bybit,AAVE/USDT:USDT,287.9,0.21,287.92,0.61,287.9,462715.16,133733560.2988
1753460440874,16:20:40.874,bybit,AAVE/USDT:USDT,287.9,0.21,287.91,1.56,287.9,462715.16,133733560.2988
1753460440936,16:20:40.936,okx,AAVE/USDT:USDT,287.93,0.7,287.94,159.6,287.91,5785403.9,
1753460440974,16:20:40.974,bybit,AAVE/USDT:USDT,287.86,0.03,287.87,12.4,287.9,462717.12,133734124.5828
1753460441074,16:20:41.074,bybit,AAVE/USDT:USDT,287.87,0.21,287.89,8.01,287.9,462717.12,133734124.5828
1753460441075,16:20:41.075,okx,AAVE/USDT:USDT,287.92,0.4,287.93,199.7,287.91,5785403.9,
1753460441174,16:20:41.174,bybit,AAVE/USDT:USDT,287.88,0.21,287.9,0.63,287.9,462717.12,133734124.5828
1753460441143,16:20:41.143,bitget,AAVE/USDT:USDT,288.02,4.0,288.06,30.1,288.78,290366.0,83883115.516
1753460441208,16:20:41.208,okx,AAVE/USDT:USDT,287.92,27.1,287.93,52.7,287.91,5785403.9,
1753460441246,16:20:41.246,gateio,AAVE/USDT:USDT,,,,,287.89,521449.0,150119968.0
1753460441274,16:20:41.274,bybit,AAVE/USDT:USDT,287.89,1.77,287.9,0.04,287.9,462717.12,133734124.5828
1753460441415,16:20:41.415,okx,AAVE/USDT:USDT,287.93,91.3,287.94,16.7,287.91,5785403.9,
1753460441474,16:20:41.474,bybit,AAVE/USDT:USDT,287.88,0.21,287.89,2.89,287.9,462717.12,133734124.5828
1753460441491,16:20:41.491,bitget,AAVE/USDT:USDT,288.02,4.0,288.06,30.1,288.78,290366.0,83883115.516
1753460441527,16:20:41.527,okx,AAVE/USDT:USDT,287.92,0.4,287.93,193.5,287.91,5785403.9,
1753460441575,16:20:41.575,bybit,AAVE/USDT:USDT,287.87,0.21,287.88,0.85,287.9,462717.12,133734124.5828
1753460441638,16:20:41.638,okx,AAVE/USDT:USDT,287.92,0.4,287.93,193.7,287.91,5785403.9,
1753460441294,16:20:41.294,binance,AAVE/USDT:USDT,,,,,287.85,1282880.2,370556968.634
1753460441774,16:20:41.774,bybit,AAVE/USDT:USDT,287.87,0.21,287.88,0.85,287.9,462717.12,133734124.5828
1753460441805,16:20:41.805,bitget,AAVE/USDT:USDT,288.05,0.5,288.06,2.9,288.78,290366.0,83883115.516
1753460441874,16:20:41.874,bybit,AAVE/USDT:USDT,287.87,1.77,287.88,0.85,287.9,462717.12,133734124.5828
1753460441915,16:20:41.915,okx,AAVE/USDT:USDT,287.92,44.9,287.93,64.5,287.91,5785403.9,
1753460441974,16:20:41.974,bybit,AAVE/USDT:USDT,287.87,1.77,287.89,0.35,287.9,462717.12,133734124.5828
1753460442016,16:20:42.016,okx,AAVE/USDT:USDT,287.92,45.1,287.93,64.5,287.91,5785403.9,
1753460442074,16:20:42.074,bybit,AAVE/USDT:USDT,287.87,1.96,287.88,8.6,287.9,462717.12,133734124.5828
1753460442118,16:20:42.118,bitget,AAVE/USDT:USDT,288.05,0.5,288.06,2.6,288.78,290366.0,83883115.516
1753460442132,16:20:42.132,okx,AAVE/USDT:USDT,287.92,1.9,287.93,173.0,287.91,5785403.9,
1753460442241,16:20:42.241,okx,AAVE/USDT:USDT,287.92,2.1,287.93,173.2,287.91,5785403.9,
1753460442248,16:20:42.248,gateio,AAVE/USDT:USDT,,,,,287.89,521449.0,150119968.0
1753460442467,16:20:42.467,okx,AAVE/USDT:USDT,287.92,2.2,287.93,173.8,287.91,5785403.9,
1753460442575,16:20:42.575,okx,AAVE/USDT:USDT,287.92,2.3,287.93,174.0,287.91,5785403.9,
1753460442674,16:20:42.674,bybit,AAVE/USDT:USDT,287.87,1.87,287.88,8.6,287.87,462717.21,133734150.4911
1753460442775,16:20:42.775,bybit,AAVE/USDT:USDT,287.87,1.87,287.88,8.6,287.87,462717.21,133734150.4911
1753460442814,16:20:42.814,okx,AAVE/USDT:USDT,287.92,29.0,287.93,73.8,287.91,5785403.9,
1753460442874,16:20:42.874,bybit,AAVE/USDT:USDT,287.87,3.43,287.89,0.35,287.87,462717.21,133734150.4911
1753460442926,16:20:42.926,okx,AAVE/USDT:USDT,287.92,2.3,287.93,180.3,287.91,5785403.9,
1753460442974,16:20:42.974,bybit,AAVE/USDT:USDT,287.87,1.87,287.88,8.6,287.87,462717.21,133734150.4911
1753460443074,16:20:43.074,bybit,AAVE/USDT:USDT,287.85,0.04,287.87,8.66,287.87,462719.08,133734688.808
1753460443105,16:20:43.105,bitget,AAVE/USDT:USDT,288.02,0.7,288.03,0.5,288.78,290366.0,83883115.516
1753460443174,16:20:43.174,bybit,AAVE/USDT:USDT,287.84,0.41,287.85,11.5,287.87,462719.08,133734688.808
1753460443178,16:20:43.178,okx,AAVE/USDT:USDT,287.89,0.4,287.91,212.8,287.9,5785406.1,
1753460443238,16:20:43.238,gateio,AAVE/USDT:USDT,,,,,287.89,521449.0,150119968.0
1753460443274,16:20:43.274,bybit,AAVE/USDT:USDT,287.84,0.41,287.85,11.5,287.87,462719.08,133734688.808
1753460443287,16:20:43.287,okx,AAVE/USDT:USDT,287.89,0.1,287.9,276.4,287.9,5785406.1,
1753460443374,16:20:43.374,bybit,AAVE/USDT:USDT,287.81,0.13,287.82,11.42,287.83,462719.6,133734838.4837
1753460443396,16:20:43.396,okx,AAVE/USDT:USDT,287.87,0.3,287.89,300.9,287.88,5785406.6,
1753460443474,16:20:43.474,bybit,AAVE/USDT:USDT,287.81,0.23,287.82,12.33,287.83,462719.6,133734838.4837
1753460443575,16:20:43.575,bybit,AAVE/USDT:USDT,287.81,0.23,287.82,11.42,287.83,462719.6,133734838.4837
1753460443277,16:20:43.277,binance,AAVE/USDT:USDT,,,,,287.82,1282882.5,370557630.666
1753460443677,16:20:43.677,bitget,AAVE/USDT:USDT,287.97,5.7,287.98,4.5,288.78,290366.0,83883115.516
1753460443731,16:20:43.731,okx,AAVE/USDT:USDT,287.85,1.4,287.86,213.5,287.88,5785406.6,
1753460443774,16:20:43.774,bybit,AAVE/USDT:USDT,287.77,0.55,287.78,5.02,287.79,462720.02,133734959.3609
1753460443874,16:20:43.874,bybit,AAVE/USDT:USDT,287.77,0.34,287.78,5.02,287.79,462720.02,133734959.3609
1753460443882,16:20:43.882,okx,AAVE/USDT:USDT,287.85,5.6,287.86,259.4,287.88,5785406.6,
1753460443995,16:20:43.995,okx,AAVE/USDT:USDT,287.85,5.6,287.86,266.3,287.88,5785406.6,
1753460444074,16:20:44.074,bybit,AAVE/USDT:USDT,287.77,0.34,287.78,5.8,287.79,462720.02,133734959.3609
1753460444081,16:20:44.081,bitget,AAVE/USDT:USDT,287.94,0.5,287.95,5.1,288.78,290366.0,83883115.516
1753460444174,16:20:44.174,bybit,AAVE/USDT:USDT,287.72,0.02,287.73,16.32,287.73,462721.45,133735370.8393
1753460444201,16:20:44.201,okx,AAVE/USDT:USDT,287.77,0.3,287.78,91.6,287.78,5785500.3,
1753460444274,16:20:44.274,bybit,AAVE/USDT:USDT,287.7,0.03,287.71,9.88,287.72,462721.47,133735376.5937
1753460444267,16:20:44.267,gateio,AAVE/USDT:USDT,,,,,287.74,521450.0,150042194.0
1753460444316,16:20:44.316,okx,AAVE/USDT:USDT,287.76,7.3,287.77,228.5,287.78,5785500.3,
1753460444374,16:20:44.374,bybit,AAVE/USDT:USDT,287.7,0.03,287.71,9.67,287.72,462721.47,133735376.5937
1753460444416,16:20:44.416,okx,AAVE/USDT:USDT,287.76,7.3,287.77,173.2,287.78,5785500.3,
1753460444474,16:20:44.474,bybit,AAVE/USDT:USDT,287.7,0.03,287.71,9.67,287.72,462721.47,133735376.5937
1753460444525,16:20:44.525,okx,AAVE/USDT:USDT,287.76,7.3,287.77,254.7,287.78,5785500.3,
1753460444633,16:20:44.633,okx,AAVE/USDT:USDT,287.76,7.4,287.77,264.0,287.78,5785500.3,
1753460444674,16:20:44.674,bybit,AAVE/USDT:USDT,287.69,0.52,287.7,18.3,287.7,462721.5,133735385.2247
1753460444744,16:20:44.744,okx,AAVE/USDT:USDT,287.74,0.4,287.75,251.8,287.75,5785508.5,
1753460444733,16:20:44.733,bitget,AAVE/USDT:USDT,287.85,0.8,287.86,0.5,288.78,290366.0,83883115.516
1753460444774,16:20:44.774,bybit,AAVE/USDT:USDT,287.69,0.52,287.7,18.3,287.7,462721.5,133735385.2247
1753460444845,16:20:44.845,okx,AAVE/USDT:USDT,287.74,0.4,287.75,170.3,287.75,5785508.5,
1753460444874,16:20:44.874,bybit,AAVE/USDT:USDT,287.69,0.52,287.7,18.09,287.7,462721.5,133735385.2247
1753460444974,16:20:44.974,bybit,AAVE/USDT:USDT,287.69,0.52,287.7,16.59,287.7,462721.5,133735385.2247
1753460444953,16:20:44.953,okx,AAVE/USDT:USDT,287.74,0.4,287.75,252.0,287.75,5785508.5,
1753460445074,16:20:45.074,bybit,AAVE/USDT:USDT,287.69,0.52,287.7,15.41,287.7,462721.5,133735385.2247
1753460445067,16:20:45.067,bitget,AAVE/USDT:USDT,287.85,0.5,287.86,0.5,288.78,290366.0,83883115.516
1753460445086,16:20:45.086,okx,AAVE/USDT:USDT,287.74,0.4,287.75,170.5,287.75,5785508.5,
1753460445210,16:20:45.210,okx,AAVE/USDT:USDT,287.74,0.4,287.75,270.2,287.75,5785508.5,
1753460445246,16:20:45.246,gateio,AAVE/USDT:USDT,,,,,287.71,521450.0,150026580.0
1753460445274,16:20:45.274,bybit,AAVE/USDT:USDT,287.67,0.25,287.68,6.79,287.68,462722.04,133735540.5771
1753460445321,16:20:45.321,okx,AAVE/USDT:USDT,287.74,0.4,287.75,302.2,287.75,5785508.5,
1753460445374,16:20:45.374,bybit,AAVE/USDT:USDT,287.67,0.04,287.68,6.79,287.68,462722.04,133735540.5771
1753460445382,16:20:45.382,bitget,AAVE/USDT:USDT,287.85,0.5,287.86,2.6,288.78,290366.0,83883115.516
1753460445574,16:20:45.574,bybit,AAVE/USDT:USDT,287.69,1.71,287.7,0.04,287.68,462722.04,133735540.5771
1753460445576,16:20:45.576,okx,AAVE/USDT:USDT,287.74,45.7,287.75,132.1,287.75,5785508.5,
1753460445537,16:20:45.537,binance,AAVE/USDT:USDT,,,,,287.69,1282895.8,370561457.324
1753460445674,16:20:45.674,bybit,AAVE/USDT:USDT,287.73,1.77,287.75,0.08,287.73,462722.43,133735652.7872
1753460445719,16:20:45.719,okx,AAVE/USDT:USDT,287.74,89.3,287.77,19.6,287.75,5785520.5,
1753460445774,16:20:45.774,bybit,AAVE/USDT:USDT,287.7,0.02,287.71,2.98,287.73,462722.43,133735652.7872
1753460445820,16:20:45.820,okx,AAVE/USDT:USDT,287.76,50.3,287.77,19.5,287.75,5785520.5,
1753460445920,16:20:45.920,okx,AAVE/USDT:USDT,287.74,3.8,287.75,77.0,287.75,5785520.5,
1753460445974,16:20:45.974,bybit,AAVE/USDT:USDT,287.72,0.21,287.74,0.65,287.73,462722.43,133735652.7872
1753460446074,16:20:46.074,bybit,AAVE/USDT:USDT,287.7,0.27,287.73,2.77,287.73,462722.43,133735652.7872
1753460446174,16:20:46.174,bybit,AAVE/USDT:USDT,287.7,8.03,287.71,2.0,287.73,462722.43,133735652.7872
1753460446274,16:20:46.274,bybit,AAVE/USDT:USDT,287.7,0.02,287.71,8.64,287.73,462722.43,133735652.7872
1753460446258,16:20:46.258,gateio,AAVE/USDT:USDT,,,,,287.71,521450.0,150026580.0
1753460446334,16:20:46.334,okx,AAVE/USDT:USDT,287.74,27.1,287.75,54.3,287.75,5785520.5,
1753460446374,16:20:46.374,bybit,AAVE/USDT:USDT,287.7,0.02,287.71,2.68,287.73,462722.43,133735652.7872
1753460446442,16:20:46.442,okx,AAVE/USDT:USDT,287.74,27.3,287.75,54.5,287.75,5785520.5,
1753460446474,16:20:46.474,bybit,AAVE/USDT:USDT,287.7,2.03,287.71,2.68,287.73,462722.43,133735652.7872
1753460446470,16:20:46.470,bitget,AAVE/USDT:USDT,287.85,4.6,287.86,0.5,287.87,290366.0,83883115.516
1753460446574,16:20:46.574,bybit,AAVE/USDT:USDT,287.72,2.44,287.73,0.21,287.73,462722.43,133735652.7872
1753460446547,16:20:46.547,okx,AAVE/USDT:USDT,287.76,26.7,287.77,26.6,287.75,5785520.5,
1753460446674,16:20:46.674,bybit,AAVE/USDT:USDT,287.7,2.03,287.71,2.34,287.73,462722.43,133735652.7872
1753460446670,16:20:46.670,okx,AAVE/USDT:USDT,287.76,26.9,287.77,61.8,287.75,5785520.5,
1753460446775,16:20:46.775,bybit,AAVE/USDT:USDT,287.7,1.49,287.71,4.56,287.7,462722.97,133735808.1452
1753460446800,16:20:46.800,okx,AAVE/USDT:USDT,287.74,0.4,287.75,134.9,287.75,5785520.5,
1753460446874,16:20:46.874,bybit,AAVE/USDT:USDT,287.7,1.51,287.71,0.21,287.7,462722.97,133735808.1452
1753460446925,16:20:46.925,okx,AAVE/USDT:USDT,287.76,26.7,287.77,27.2,287.75,5785520.5,
1753460446974,16:20:46.974,bybit,AAVE/USDT:USDT,287.72,1.76,287.74,0.21,287.7,462722.97,133735808.1452
1753460447029,16:20:47.029,okx,AAVE/USDT:USDT,287.76,26.9,287.77,20.5,287.75,5785520.5,
1753460447074,16:20:47.074,bybit,AAVE/USDT:USDT,287.7,1.55,287.72,8.01,287.7,462722.97,133735808.1452
1753460447077,16:20:47.077,bitget,AAVE/USDT:USDT,287.87,0.5,287.88,0.5,287.87,290366.0,83883115.516
1753460447175,16:20:47.175,bybit,AAVE/USDT:USDT,287.7,1.51,287.71,5.98,287.7,462722.97,133735808.1452
1753460447183,16:20:47.183,okx,AAVE/USDT:USDT,287.74,0.4,287.75,32.1,287.75,5785520.5,
1753460447251,16:20:47.251,gateio,AAVE/USDT:USDT,,,,,287.71,521534.0,150050616.0
1753460447296,16:20:47.296,okx,AAVE/USDT:USDT,287.74,0.6,287.75,64.1,287.75,5785520.5,
1753460447374,16:20:47.374,bybit,AAVE/USDT:USDT,287.61,0.02,287.63,1.33,287.62,462732.48,133738543.5415
1753460447416,16:20:47.416,okx,AAVE/USDT:USDT,287.74,0.4,287.75,146.3,287.75,5785520.5,
1753460447434,16:20:47.434,bitget,AAVE/USDT:USDT,287.84,33.1,287.88,4.0,287.87,290366.0,83883115.516
1753460447474,16:20:47.474,bybit,AAVE/USDT:USDT,287.61,0.05,287.62,1.33,287.62,462732.48,133738543.5415
1753460447523,16:20:47.523,okx,AAVE/USDT:USDT,287.69,0.5,287.71,179.3,287.7,5785522.7,
1753460447574,16:20:47.574,bybit,AAVE/USDT:USDT,287.61,0.02,287.62,7.56,287.62,462732.48,133738543.5415
1753460447637,16:20:47.637,okx,AAVE/USDT:USDT,287.68,1.9,287.7,353.9,287.69,5785522.9,
1753460447483,16:20:47.483,binance,AAVE/USDT:USDT,,,,,287.61,1282928.7,370570921.729
1753460447674,16:20:47.674,bybit,AAVE/USDT:USDT,287.61,0.05,287.62,7.56,287.62,462732.48,133738543.5415
1753460447774,16:20:47.774,bybit,AAVE/USDT:USDT,287.61,0.05,287.62,7.56,287.62,462732.48,133738543.5415
1753460447767,16:20:47.767,okx,AAVE/USDT:USDT,287.68,1.5,287.69,301.7,287.69,5785522.9,
1753460447775,16:20:47.775,bitget,AAVE/USDT:USDT,287.8,4.4,287.83,2.4,287.87,290366.0,83883115.516
1753460448074,16:20:48.074,bybit,AAVE/USDT:USDT,287.6,0.06,287.61,18.4,287.61,462732.53,133738557.922
1753460448089,16:20:48.089,bitget,AAVE/USDT:USDT,287.8,4.4,287.83,2.4,287.87,290366.0,83883115.516
1753460448174,16:20:48.174,bybit,AAVE/USDT:USDT,287.6,0.06,287.61,17.9,287.61,462732.53,133738557.922
1753460448224,16:20:48.224,okx,AAVE/USDT:USDT,287.65,3.1,287.66,301.9,287.66,5785530.6,
1753460448274,16:20:48.274,bybit,AAVE/USDT:USDT,287.6,0.06,287.61,18.52,287.61,462732.53,133738557.922
1753460448266,16:20:48.266,gateio,AAVE/USDT:USDT,,,,,287.71,521534.0,150050616.0
1753460448374,16:20:48.374,bybit,AAVE/USDT:USDT,287.6,0.19,287.61,16.78,287.61,462732.53,133738557.922
1753460448439,16:20:48.439,okx,AAVE/USDT:USDT,287.65,3.1,287.66,294.9,287.66,5785530.6,
1753460448444,16:20:48.444,bitget,AAVE/USDT:USDT,287.74,3.2,287.75,3.2,287.87,290366.6,83883288.238
1753460448574,16:20:48.574,bybit,AAVE/USDT:USDT,287.6,0.06,287.61,16.78,287.61,462732.53,133738557.922
1753460448774,16:20:48.774,bybit,AAVE/USDT:USDT,287.6,0.04,287.61,16.78,287.61,462732.53,133738557.922
1753460448823,16:20:48.823,bitget,AAVE/USDT:USDT,287.74,0.7,287.75,0.5,287.87,290366.6,83883288.238
1753460448874,16:20:48.874,bybit,AAVE/USDT:USDT,287.56,0.44,287.57,12.15,287.58,462732.61,133738580.9292
1753460448975,16:20:48.975,bybit,AAVE/USDT:USDT,287.56,0.44,287.57,12.15,287.58,462732.61,133738580.9292
1753460449018,16:20:49.018,okx,AAVE/USDT:USDT,287.63,1.8,287.64,386.0,287.64,5785534.2,
1753460449074,16:20:49.074,bybit,AAVE/USDT:USDT,287.56,0.65,287.57,1.4,287.58,462732.61,133738580.9292
1753460449119,16:20:49.119,okx,AAVE/USDT:USDT,287.62,1.1,287.64,335.3,287.63,5785536.0,
1753460449174,16:20:49.174,bybit,AAVE/USDT:USDT,287.56,0.44,287.57,2.18,287.58,462732.61,133738580.9292
1753460449146,16:20:49.146,bitget,AAVE/USDT:USDT,287.74,0.7,287.75,0.5,287.87,290366.6,83883288.238
1753460449227,16:20:49.227,okx,AAVE/USDT:USDT,287.61,1.3,287.63,286.1,287.62,5785537.1,
1753460449237,16:20:49.237,gateio,AAVE/USDT:USDT,,,,,287.58,521534.0,149983018.0
1753460449274,16:20:49.274,bybit,AAVE/USDT:USDT,287.56,0.44,287.57,2.18,287.58,462732.61,133738580.9292
1753460449374,16:20:49.374,bybit,AAVE/USDT:USDT,287.56,0.44,287.57,3.73,287.58,462732.61,133738580.9292
1753460449331,16:20:49.331,okx,AAVE/USDT:USDT,287.61,1.2,287.62,347.5,287.62,5785537.1,
1753460449436,16:20:49.436,okx,AAVE/USDT:USDT,287.61,1.2,287.62,373.3,287.62,5785537.1,
1753460449474,16:20:49.474,bybit,AAVE/USDT:USDT,287.55,0.02,287.56,8.38,287.56,462733.05,133738707.4556
1753460449520,16:20:49.520,bitget,AAVE/USDT:USDT,287.69,12.0,287.71,5.7,287.87,290366.6,83883288.238
1753460449574,16:20:49.574,bybit,AAVE/USDT:USDT,287.55,0.02,287.56,7.6,287.56,462733.05,133738707.4556
1753460449312,16:20:49.312,binance,AAVE/USDT:USDT,,,,,287.5,1282938.5,370573739.541
1753460449693,16:20:49.693,okx,AAVE/USDT:USDT,287.6,13.8,287.61,311.5,287.61,5785538.1,
1753460449811,16:20:49.811,okx,AAVE/USDT:USDT,287.6,13.7,287.61,311.5,287.61,5785538.1,
1753460449870,16:20:49.870,bitget,AAVE/USDT:USDT,287.66,4.0,287.67,2.7,287.87,290366.6,83883288.238
1753460449920,16:20:49.920,okx,AAVE/USDT:USDT,287.58,0.3,287.6,239.0,287.59,5785556.2,
1753460450021,16:20:50.021,okx,AAVE/USDT:USDT,287.57,49.4,287.58,19.2,287.59,5785556.2,
1753460450174,16:20:50.174,bybit,AAVE/USDT:USDT,287.55,0.02,287.56,7.6,287.56,462733.05,133738707.4556
1753460450176,16:20:50.176,okx,AAVE/USDT:USDT,287.57,4.1,287.58,170.8,287.59,5785556.2,
1753460450219,16:20:50.219,bitget,AAVE/USDT:USDT,287.66,0.5,287.67,3.2,287.87,290366.6,83883288.238
1753460450251,16:20:50.251,gateio,AAVE/USDT:USDT,,,,,287.53,521628.0,149983962.0
1753460450274,16:20:50.274,bybit,AAVE/USDT:USDT,287.55,0.02,287.56,7.53,287.56,462733.05,133738707.4556
1753460450285,16:20:50.285,okx,AAVE/USDT:USDT,287.57,49.4,287.58,71.7,287.59,5785556.2,
1753460450374,16:20:50.374,bybit,AAVE/USDT:USDT,287.55,0.02,287.56,5.72,287.56,462733.05,133738707.4556
1753460450399,16:20:50.399,okx,AAVE/USDT:USDT,287.57,49.7,287.58,26.4,287.59,5785556.2,
1753460450474,16:20:50.474,bybit,AAVE/USDT:USDT,287.55,1.78,287.56,0.49,287.56,462733.05,133738707.4556
1753460450574,16:20:50.574,bybit,AAVE/USDT:USDT,287.55,4.97,287.56,0.49,287.56,462733.05,133738707.4556
1753460450552,16:20:50.552,bitget,AAVE/USDT:USDT,287.66,0.5,287.67,3.2,287.87,290366.6,83883288.238
1753460450618,16:20:50.618,okx,AAVE/USDT:USDT,287.57,69.3,287.6,0.5,287.58,5785563.6,
1753460450674,16:20:50.674,bybit,AAVE/USDT:USDT,287.55,1.78,287.56,0.49,287.56,462733.05,133738707.4556
1753460450737,16:20:50.737,okx,AAVE/USDT:USDT,287.58,80.9,287.59,34.8,287.58,5785563.6,
1753460450774,16:20:50.774,bybit,AAVE/USDT:USDT,287.55,0.02,287.56,4.39,287.56,462733.05,133738707.4556
1753460450874,16:20:50.874,bybit,AAVE/USDT:USDT,287.55,0.02,287.56,4.39,287.56,462733.66,133738883.4719
1753460450867,16:20:50.867,bitget,AAVE/USDT:USDT,287.72,0.5,287.74,3.1,287.87,290366.6,83883288.238
1753460450877,16:20:50.877,okx,AAVE/USDT:USDT,287.58,81.1,287.59,35.0,287.58,5785563.6,
1753460450983,16:20:50.983,okx,AAVE/USDT:USDT,287.58,81.1,287.59,35.4,287.58,5785563.6,
1753460451074,16:20:51.074,bybit,AAVE/USDT:USDT,287.55,0.02,287.56,9.41,287.56,462733.66,133738883.4719
1753460451085,16:20:51.085,okx,AAVE/USDT:USDT,287.58,111.4,287.59,0.4,287.58,5785563.6,
1753460451174,16:20:51.174,bybit,AAVE/USDT:USDT,287.52,6.7,287.53,12.4,287.55,462733.68,133738889.2229
1753460451274,16:20:51.274,bybit,AAVE/USDT:USDT,287.52,6.7,287.53,12.4,287.55,462733.68,133738889.2229
1753460451247,16:20:51.247,bitget,AAVE/USDT:USDT,287.73,0.5,287.74,2.4,287.87,290366.6,83883288.238
1753460451265,16:20:51.265,gateio,AAVE/USDT:USDT,,,,,287.53,521628.0,149983962.0
1753460451300,16:20:51.300,okx,AAVE/USDT:USDT,287.57,4.2,287.58,184.4,287.58,5785563.6,
1753460451374,16:20:51.374,bybit,AAVE/USDT:USDT,287.52,7.45,287.53,12.4,287.55,462733.68,133738889.2229
1753460451474,16:20:51.474,bybit,AAVE/USDT:USDT,287.52,11.45,287.53,10.19,287.55,462733.68,133738889.2229
1753460451526,16:20:51.526,okx,AAVE/USDT:USDT,287.57,49.7,287.58,52.9,287.58,5785563.6,
1753460451574,16:20:51.574,bybit,AAVE/USDT:USDT,287.52,11.45,287.53,0.85,287.55,462733.68,133738889.2229
1753460451026,16:20:51.026,binance,AAVE/USDT:USDT,,,,,287.53,1282944.0,370575320.919
1753460451774,16:20:51.774,bybit,AAVE/USDT:USDT,287.53,1.0,287.55,0.04,287.53,462733.89,133738949.6042
1753460451781,16:20:51.781,okx,AAVE/USDT:USDT,287.57,49.7,287.58,7.6,287.58,5785563.6,
1753460451874,16:20:51.874,bybit,AAVE/USDT:USDT,287.55,9.3,287.57,0.07,287.53,462733.89,133738949.6042
1753460451909,16:20:51.909,okx,AAVE/USDT:USDT,287.58,209.6,287.59,0.4,287.58,5785563.6,
1753460451976,16:20:51.976,bybit,AAVE/USDT:USDT,287.54,0.21,287.55,5.92,287.56,462735.44,133739395.3222
1753460452013,16:20:52.013,okx,AAVE/USDT:USDT,287.58,229.5,287.59,0.4,287.58,5785564.2,
1753460452074,16:20:52.074,bybit,AAVE/USDT:USDT,287.51,0.01,287.53,10.84,287.52,462746.99,133742716.1782
1753460452098,16:20:52.098,bitget,AAVE/USDT:USDT,287.66,7.9,287.69,0.4,287.87,290366.6,83883288.238
1753460452122,16:20:52.122,okx,AAVE/USDT:USDT,287.57,49.5,287.58,59.1,287.58,5785564.2,
1753460452174,16:20:52.174,bybit,AAVE/USDT:USDT,287.51,0.01,287.52,13.1,287.52,462746.99,133742716.1782
1753460452274,16:20:52.274,bybit,AAVE/USDT:USDT,287.51,0.01,287.52,13.1,287.52,462746.99,133742716.1782
1753460452474,16:20:52.474,bybit,AAVE/USDT:USDT,287.51,0.01,287.52,13.03,287.52,462746.99,133742716.1782
1753460452495,16:20:52.495,okx,AAVE/USDT:USDT,287.57,4.4,287.58,84.8,287.58,5785564.2,
1753460452574,16:20:52.574,bybit,AAVE/USDT:USDT,287.51,0.01,287.52,13.03,287.52,462746.99,133742716.1782
1753460452613,16:20:52.613,okx,AAVE/USDT:USDT,287.57,4.4,287.58,91.0,287.58,5785564.2,
1753460452720,16:20:52.720,okx,AAVE/USDT:USDT,287.57,4.4,287.58,172.5,287.58,5785564.2,
1753460452830,16:20:52.830,bitget,AAVE/USDT:USDT,287.64,0.7,287.66,0.9,287.67,290366.6,83883288.238
1753460452874,16:20:52.874,okx,AAVE/USDT:USDT,287.57,4.4,287.58,91.5,287.58,5785564.2,
1753460452974,16:20:52.974,bybit,AAVE/USDT:USDT,287.5,1.04,287.51,19.69,287.51,462747.69,133742917.4352
1753460452993,16:20:52.993,okx,AAVE/USDT:USDT,287.55,1.3,287.57,285.9,287.56,5785571.0,
1753460453074,16:20:53.074,bybit,AAVE/USDT:USDT,287.49,0.01,287.5,23.33,287.5,462748.73,133743216.4352
1753460453103,16:20:53.103,okx,AAVE/USDT:USDT,287.54,1.4,287.56,259.1,287.55,5785572.7,
1753460453174,16:20:53.174,bybit,AAVE/USDT:USDT,287.48,0.02,287.49,18.92,287.49,462748.74,133743219.3101
1753460453137,16:20:53.137,bitget,AAVE/USDT:USDT,287.65,0.5,287.66,0.9,287.67,290366.6,83883288.238
1753460453216,16:20:53.216,okx,AAVE/USDT:USDT,287.53,4.6,287.54,340.5,287.54,5785574.3,
1753460453274,16:20:53.274,bybit,AAVE/USDT:USDT,287.45,0.06,287.46,17.05,287.45,462751.77,133744090.2842
1753460453279,16:20:53.279,gateio,AAVE/USDT:USDT,,,,,287.5,521629.0,149968560.0
1753460453317,16:20:53.317,okx,AAVE/USDT:USDT,287.51,0.5,287.53,286.7,287.52,5785579.2,
1753460453374,16:20:53.374,bybit,AAVE/USDT:USDT,287.45,0.06,287.46,16.13,287.45,462751.77,133744090.2842
1753460453418,16:20:53.418,okx,AAVE/USDT:USDT,287.51,0.2,287.52,332.8,287.52,5785579.2,
1753460453474,16:20:53.474,bybit,AAVE/USDT:USDT,287.45,0.27,287.46,5.02,287.45,462751.77,133744090.2842
1753460453479,16:20:53.479,bitget,AAVE/USDT:USDT,287.6,0.7,287.61,2.4,287.67,290366.6,83883288.238
1753460453518,16:20:53.518,okx,AAVE/USDT:USDT,287.51,0.2,287.52,357.8,287.52,5785579.2,
1753460453574,16:20:53.574,bybit,AAVE/USDT:USDT,287.45,8.07,287.46,4.02,287.45,462751.77,133744090.2842
1753460453675,16:20:53.675,bybit,AAVE/USDT:USDT,287.46,0.21,287.47,1.55,287.45,462751.77,133744090.2842
1753460453649,16:20:53.649,okx,AAVE/USDT:USDT,287.51,45.9,287.52,202.7,287.52,5785579.2,
1753460453292,16:20:53.292,binance,AAVE/USDT:USDT,,,,,287.43,1282962.8,370580725.473
1753460453774,16:20:53.774,bybit,AAVE/USDT:USDT,287.47,0.21,287.49,0.07,287.45,462751.77,133744090.2842
1753460453764,16:20:53.764,okx,AAVE/USDT:USDT,287.51,46.1,287.52,111.8,287.52,5785579.2,
1753460453974,16:20:53.974,bybit,AAVE/USDT:USDT,287.48,0.12,287.49,0.07,287.45,462751.77,133744090.2842
1753460454075,16:20:54.075,bybit,AAVE/USDT:USDT,287.45,0.06,287.46,17.35,287.48,462751.89,133744124.7818
1753460454046,16:20:54.046,bitget,AAVE/USDT:USDT,287.6,3.6,287.63,2.4,287.67,290367.4,83883518.374
1753460454111,16:20:54.111,okx,AAVE/USDT:USDT,287.51,0.8,287.52,150.1,287.52,5785579.2,
1753460454174,16:20:54.174,bybit,AAVE/USDT:USDT,287.45,0.06,287.46,17.35,287.48,462751.89,133744124.7818
1753460454213,16:20:54.213,okx,AAVE/USDT:USDT,287.5,0.2,287.52,174.8,287.51,5785580.0,
1753460454274,16:20:54.274,bybit,AAVE/USDT:USDT,287.45,0.06,287.46,16.76,287.48,462751.89,133744124.7818
1753460454256,16:20:54.256,gateio,AAVE/USDT:USDT,,,,,287.46,521630.0,149947846.0
1753460454319,16:20:54.319,okx,AAVE/USDT:USDT,287.5,0.2,287.51,286.7,287.51,5785580.0,
1753460454375,16:20:54.375,bybit,AAVE/USDT:USDT,287.45,0.27,287.46,5.02,287.48,462751.89,133744124.7818
1753460454474,16:20:54.474,bybit,AAVE/USDT:USDT,287.45,0.06,287.46,5.02,287.48,462751.89,133744124.7818
1753460454465,16:20:54.465,okx,AAVE/USDT:USDT,287.5,27.1,287.51,170.3,287.51,5785580.0,
1753460454570,16:20:54.570,okx,AAVE/USDT:USDT,287.5,0.2,287.51,271.3,287.51,5785580.0,
1753460454674,16:20:54.674,bybit,AAVE/USDT:USDT,287.45,0.37,287.46,5.02,287.48,462751.89,133744124.7818
1753460454687,16:20:54.687,okx,AAVE/USDT:USDT,287.5,0.2,287.51,189.8,287.51,5785580.0,
1753460454702,16:20:54.702,bitget,AAVE/USDT:USDT,287.6,3.2,287.61,0.5,287.67,290367.4,83883518.374
1753460454774,16:20:54.774,bybit,AAVE/USDT:USDT,287.47,1.0,287.49,0.04,287.46,462756.91,133745567.831
1753460454813,16:20:54.813,okx,AAVE/USDT:USDT,287.5,83.1,287.51,66.1,287.51,5785580.0,
1753460454874,16:20:54.874,bybit,AAVE/USDT:USDT,287.46,0.21,287.49,2.88,287.46,462756.91,133745567.831
1753460454914,16:20:54.914,okx,AAVE/USDT:USDT,287.5,128.7,287.51,27.4,287.51,5785580.0,
1753460454974,16:20:54.974,bybit,AAVE/USDT:USDT,287.46,0.21,287.47,2.19,287.46,462756.91,133745567.831
1753460455015,16:20:55.015,okx,AAVE/USDT:USDT,287.5,109.8,287.51,24.1,287.51,5785580.0,
1753460455075,16:20:55.075,bybit,AAVE/USDT:USDT,287.45,0.37,287.46,1.33,287.46,462756.91,133745567.831
1753460455061,16:20:55.061,bitget,AAVE/USDT:USDT,287.6,1.2,287.63,2.7,287.67,290367.4,83883518.374
1753460455118,16:20:55.118,okx,AAVE/USDT:USDT,287.5,109.8,287.51,66.0,287.51,5785580.0,
1753460455221,16:20:55.221,okx,AAVE/USDT:USDT,287.5,109.8,287.51,55.4,287.51,5785580.0,
1753460455240,16:20:55.240,gateio,AAVE/USDT:USDT,,,,,287.46,521630.0,149947846.0
1753460455274,16:20:55.274,bybit,AAVE/USDT:USDT,287.45,0.37,287.46,1.33,287.46,462756.91,133745567.831
1753460455321,16:20:55.321,okx,AAVE/USDT:USDT,287.5,159.2,287.53,0.3,287.51,5785585.3,
1753460455374,16:20:55.374,bybit,AAVE/USDT:USDT,287.47,0.04,287.5,8.26,287.49,462759.66,133746358.3815
1753460455426,16:20:55.426,okx,AAVE/USDT:USDT,287.52,50.1,287.53,21.8,287.51,5785585.3,
1753460455474,16:20:55.474,bybit,AAVE/USDT:USDT,287.5,9.93,287.52,0.02,287.5,462759.7,133746369.8815
1753460455527,16:20:55.527,okx,AAVE/USDT:USDT,287.56,25.7,287.57,35.4,287.56,5785591.7,
1753460455574,16:20:55.574,bybit,AAVE/USDT:USDT,287.51,0.67,287.52,3.23,287.5,462759.7,133746369.8815
1753460455674,16:20:55.674,bybit,AAVE/USDT:USDT,287.51,0.67,287.52,3.06,287.5,462759.7,133746369.8815
1753460455423,16:20:55.423,binance,AAVE/USDT:USDT,,,,,287.48,1282968.7,370582421.443
1753460455658,16:20:55.658,okx,AAVE/USDT:USDT,287.56,42.5,287.57,69.7,287.56,5785591.7,
1753460455720,16:20:55.720,bitget,AAVE/USDT:USDT,287.68,2.4,287.69,0.3,287.67,290367.4,83883518.374
1753460455774,16:20:55.774,bybit,AAVE/USDT:USDT,287.53,0.21,287.55,2.85,287.5,462759.7,133746369.8815
1753460455775,16:20:55.775,okx,AAVE/USDT:USDT,287.56,93.5,287.57,9.4,287.56,5785591.7,
1753460455874,16:20:55.874,bybit,AAVE/USDT:USDT,287.53,0.69,287.54,3.06,287.5,462759.7,133746369.8815
1753460455896,16:20:55.896,okx,AAVE/USDT:USDT,287.56,110.9,287.57,9.4,287.56,5785591.7,
1753460455974,16:20:55.974,bybit,AAVE/USDT:USDT,287.5,0.02,287.53,2.83,287.53,462760.39,133746568.2772
1753460455996,16:20:55.996,okx,AAVE/USDT:USDT,287.56,82.9,287.57,49.3,287.56,5785591.7,
1753460456074,16:20:56.074,bybit,AAVE/USDT:USDT,287.5,0.02,287.51,7.8,287.53,462760.39,133746568.2772
1753460456118,16:20:56.118,okx,AAVE/USDT:USDT,287.56,82.9,287.57,46.1,287.56,5785591.7,
1753460456174,16:20:56.174,bybit,AAVE/USDT:USDT,287.5,0.02,287.51,7.8,287.53,462760.39,133746568.2772
1753460456151,16:20:56.151,bitget,AAVE/USDT:USDT,287.66,2.4,287.68,2.1,287.67,290366.6,83883288.238
1753460456274,16:20:56.274,bybit,AAVE/USDT:USDT,287.54,3.05,287.56,0.17,287.53,462760.39,133746568.2772
1753460456258,16:20:56.258,gateio,AAVE/USDT:USDT,,,,,287.54,521712.0,150013280.0
1753460456333,16:20:56.333,okx,AAVE/USDT:USDT,287.59,89.1,287.6,55.9,287.57,5785621.9,
1753460456374,16:20:56.374,bybit,AAVE/USDT:USDT,287.55,0.69,287.56,8.03,287.58,462762.6,133747203.8222
1753460456474,16:20:56.474,bybit,AAVE/USDT:USDT,287.57,0.21,287.59,0.02,287.58,462762.6,133747203.8222
1753460456452,16:20:56.452,okx,AAVE/USDT:USDT,287.58,26.7,287.59,34.6,287.53,5786289.8,
1753460456574,16:20:56.574,bybit,AAVE/USDT:USDT,287.58,1.55,287.59,0.23,287.58,462762.6,133747203.8222
1753460456556,16:20:56.556,okx,AAVE/USDT:USDT,287.63,63.6,287.64,0.1,287.6,5786345.5,
1753460456674,16:20:56.674,bybit,AAVE/USDT:USDT,287.58,1.55,287.59,0.02,287.58,462762.6,133747203.8222
1753460456685,16:20:56.685,okx,AAVE/USDT:USDT,287.63,58.1,287.64,0.1,287.6,5786345.5,
1753460456774,16:20:56.774,bybit,AAVE/USDT:USDT,287.58,9.49,287.59,0.02,287.58,462762.6,133747203.8222
1753460456793,16:20:56.793,bitget,AAVE/USDT:USDT,287.76,5.9,287.77,0.8,287.69,290367.4,83883518.374
1753460456823,16:20:56.823,okx,AAVE/USDT:USDT,287.63,72.8,287.64,0.1,287.6,5786345.5,
1753460456974,16:20:56.974,bybit,AAVE/USDT:USDT,287.57,1.76,287.58,1.33,287.58,462762.6,133747203.8222
1753460456965,16:20:56.965,okx,AAVE/USDT:USDT,287.62,28.3,287.63,25.8,287.6,5786345.5,
1753460457074,16:20:57.074,bybit,AAVE/USDT:USDT,287.57,0.21,287.58,0.07,287.58,462762.6,133747203.8222
1753460457103,16:20:57.103,okx,AAVE/USDT:USDT,287.62,28.5,287.63,26.0,287.6,5786345.5,
1753460457119,16:20:57.119,bitget,AAVE/USDT:USDT,287.76,5.9,287.77,0.8,287.69,290367.4,83883518.374
1753460457274,16:20:57.274,bybit,AAVE/USDT:USDT,287.58,2.43,287.59,0.02,287.58,462762.6,133747203.8222
1753460457315,16:20:57.315,okx,AAVE/USDT:USDT,287.62,36.6,287.63,0.2,287.6,5786345.5,
1753460457374,16:20:57.374,bybit,AAVE/USDT:USDT,287.59,2.43,287.6,0.08,287.58,462762.6,133747203.8222
1753460457492,16:20:57.492,bitget,AAVE/USDT:USDT,287.74,2.0,287.77,0.8,287.69,290367.4,83883518.374
1753460457517,16:20:57.517,okx,AAVE/USDT:USDT,287.63,127.0,287.64,0.1,287.6,5786345.5,
1753460457674,16:20:57.674,bybit,AAVE/USDT:USDT,287.59,2.43,287.6,0.08,287.58,462762.6,133747203.8222
1753460457188,16:20:57.188,binance,AAVE/USDT:USDT,,,,,287.57,1282980.4,370585785.342
1753460457774,16:20:57.774,bybit,AAVE/USDT:USDT,287.6,12.75,287.62,0.19,287.6,462762.66,133747221.0782
1753460457874,16:20:57.874,bybit,AAVE/USDT:USDT,287.6,2.86,287.63,8.01,287.6,462762.66,133747221.0782
1753460457868,16:20:57.868,bitget,AAVE/USDT:USDT,287.76,0.5,287.77,0.5,287.69,290367.4,83883518.374
1753460457975,16:20:57.975,bybit,AAVE/USDT:USDT,287.6,0.04,287.61,1.76,287.6,462762.66,133747221.0782
1753460457974,16:20:57.974,okx,AAVE/USDT:USDT,287.63,45.5,287.64,0.1,287.6,5786345.5,
1753460458074,16:20:58.074,bybit,AAVE/USDT:USDT,287.6,0.02,287.61,1.76,287.6,462762.66,133747221.0782
1753460458120,16:20:58.120,okx,AAVE/USDT:USDT,287.63,45.5,287.64,32.5,287.6,5786345.5,
1753460458174,16:20:58.174,bybit,AAVE/USDT:USDT,287.6,0.02,287.61,0.84,287.6,462762.66,133747221.0782
1753460458229,16:20:58.229,okx,AAVE/USDT:USDT,287.63,45.3,287.64,19.5,287.6,5786345.5,
1753460458274,16:20:58.274,bybit,AAVE/USDT:USDT,287.6,0.02,287.61,0.21,287.6,462762.66,133747221.0782
1753460458336,16:20:58.336,bitget,AAVE/USDT:USDT,287.76,0.7,287.77,2.6,287.69,290368.0,83883690.988
1753460458360,16:20:58.360,okx,AAVE/USDT:USDT,287.63,45.5,287.64,19.5,287.6,5786345.5,
1753460458474,16:20:58.474,bybit,AAVE/USDT:USDT,287.54,1.6,287.55,1.51,287.59,462762.81,133747264.2169
1753460458574,16:20:58.574,bybit,AAVE/USDT:USDT,287.54,0.02,287.55,1.51,287.59,462762.81,133747264.2169
1753460458674,16:20:58.674,bybit,AAVE/USDT:USDT,287.54,0.84,287.55,3.67,287.59,462762.81,133747264.2169
1753460458827,16:20:58.827,okx,AAVE/USDT:USDT,287.6,0.1,287.61,284.4,287.62,5786347.3,
1753460458874,16:20:58.874,bybit,AAVE/USDT:USDT,287.54,0.63,287.55,6.13,287.54,462763.02,133747324.6003
1753460458929,16:20:58.929,okx,AAVE/USDT:USDT,287.57,0.3,287.58,307.9,287.58,5786347.4,
1753460458974,16:20:58.974,bybit,AAVE/USDT:USDT,287.5,0.02,287.51,13.01,287.54,462763.65,133747505.7505
1753460459074,16:20:59.074,bybit,AAVE/USDT:USDT,287.5,0.02,287.51,13.99,287.54,462763.65,133747505.7505
1753460459074,16:20:59.074,okx,AAVE/USDT:USDT,287.52,26.8,287.53,98.7,287.56,5786347.5,
1753460459174,16:20:59.174,bybit,AAVE/USDT:USDT,287.5,0.02,287.51,2.46,287.54,462763.65,133747505.7505
1753460459196,16:20:59.196,okx,AAVE/USDT:USDT,287.52,27.0,287.53,82.0,287.56,5786347.5,
1753460459252,16:20:59.252,gateio,AAVE/USDT:USDT,,,,,287.54,521712.0,150013280.0
1753460459274,16:20:59.274,bybit,AAVE/USDT:USDT,287.5,0.02,287.51,2.18,287.54,462763.65,133747505.7505
1753460459418,16:20:59.418,okx,AAVE/USDT:USDT,287.52,27.0,287.53,45.5,287.56,5786347.5,
1753460459474,16:20:59.474,bybit,AAVE/USDT:USDT,287.5,0.02,287.51,4.64,287.54,462763.65,133747505.7505
1753460459448,16:20:59.448,bitget,AAVE/USDT:USDT,287.65,1.4,287.69,2.4,287.69,290368.0,83883690.988
1753460459640,16:20:59.640,okx,AAVE/USDT:USDT,287.52,28.3,287.53,45.5,287.56,5786347.5,
1753460458995,16:20:58.995,binance,AAVE/USDT:USDT,,,,,287.46,1282991.6,370589005.205
1753460459774,16:20:59.774,bybit,AAVE/USDT:USDT,287.49,0.21,287.5,2.18,287.54,462763.65,133747505.7505
1753460459765,16:20:59.765,okx,AAVE/USDT:USDT,287.52,45.4,287.53,46.2,287.56,5786347.5,
1753460459778,16:20:59.778,bitget,AAVE/USDT:USDT,287.63,4.3,287.64,2.1,287.69,290368.0,83883690.988
1753460459874,16:20:59.874,bybit,AAVE/USDT:USDT,287.48,0.02,287.49,2.52,287.54,462763.65,133747505.7505
1753460459912,16:20:59.912,okx,AAVE/USDT:USDT,287.52,72.3,287.53,46.0,287.56,5786347.5,
1753460459975,16:20:59.975,bybit,AAVE/USDT:USDT,287.48,0.71,287.49,2.52,287.54,462763.65,133747505.7505
1753460460016,16:21:00.016,okx,AAVE/USDT:USDT,287.52,72.3,287.53,46.2,287.56,5786347.5,
1753460460074,16:21:00.074,bybit,AAVE/USDT:USDT,287.51,1.25,287.53,0.04,287.5,462765.98,133748175.6024
1753460460174,16:21:00.174,bybit,AAVE/USDT:USDT,287.53,5.64,287.56,0.21,287.5,462765.98,133748175.6024
1753460460144,16:21:00.144,bitget,AAVE/USDT:USDT,287.63,0.8,287.64,2.6,287.69,290368.0,83883690.988
1753460460225,16:21:00.225,okx,AAVE/USDT:USDT,287.57,127.2,287.58,0.1,287.56,5785088.5,
1753460460247,16:21:00.247,gateio,AAVE/USDT:USDT,,,,,287.54,521712.0,150013280.0
1753460460274,16:21:00.274,bybit,AAVE/USDT:USDT,287.56,8.01,287.57,0.07,287.5,462765.98,133748175.6024
