timestamp,time,exchange,symbol,bid,bidVolume,ask,askVolume,lastPrice,baseVolume,quoteVolume
1753460401055,16:20:01.055,bybit,ACH/USDT:USDT,0.021335,180.0,0.021338,330.0,0.02134,79536170.0,1727146.765
1753460401041,16:20:01.041,okx,ACH/USDT:USDT,0.02133,144.0,0.02134,682.0,0.02134,2486019.0,
1753460401159,16:20:01.159,okx,ACH/USDT:USDT,0.02133,29.0,0.02134,682.0,0.02134,2486019.0,
1753460401255,16:20:01.255,bybit,ACH/USDT:USDT,0.021335,180.0,0.021337,2480.0,0.02134,79536170.0,1727146.765
1753460401414,16:20:01.414,okx,ACH/USDT:USDT,0.02133,2.0,0.02134,728.0,0.02133,2486023.0,
1753460401455,16:20:01.455,bybit,ACH/USDT:USDT,0.021336,3720.0,0.021342,330.0,0.02134,79536170.0,1727146.765
1753460401527,16:20:01.527,okx,ACH/USDT:USDT,0.02133,363.0,0.02134,160.0,0.02133,2486023.0,
1753460401555,16:20:01.555,bybit,ACH/USDT:USDT,0.021336,1250.0,0.021342,330.0,0.02134,79536170.0,1727146.765
1753460401655,16:20:01.655,bybit,ACH/USDT:USDT,0.021336,1250.0,0.021342,330.0,0.02134,79536170.0,1727146.765
1753460401755,16:20:01.755,bybit,ACH/USDT:USDT,0.021335,180.0,0.021342,330.0,0.02134,79536170.0,1727146.765
1753460401756,16:20:01.756,okx,ACH/USDT:USDT,0.02133,2.0,0.02134,536.0,0.02133,2486023.0,
1753460401855,16:20:01.855,bybit,ACH/USDT:USDT,0.021335,180.0,0.021339,1270.0,0.02134,79536170.0,1727146.765
1753460401955,16:20:01.955,bybit,ACH/USDT:USDT,0.021335,180.0,0.021341,2970.0,0.02134,79536170.0,1727146.765
1753460402055,16:20:02.055,bybit,ACH/USDT:USDT,0.021335,180.0,0.021341,1760.0,0.02134,79536170.0,1727146.765
1753460402110,16:20:02.110,okx,ACH/USDT:USDT,0.02133,27.0,0.02134,536.0,0.02133,2486023.0,
1753460402155,16:20:02.155,bybit,ACH/USDT:USDT,0.021335,180.0,0.021341,490.0,0.02134,79536170.0,1727146.765
1753460402255,16:20:02.255,bybit,ACH/USDT:USDT,0.021335,180.0,0.021341,490.0,0.02134,79536170.0,1727146.765
1753460401417,16:20:01.417,binance,ACH/USDT:USDT,,,,,0.021342,741454685.0,16090715.594176
1753460402316,16:20:02.316,okx,ACH/USDT:USDT,0.02133,552.0,0.02134,160.0,0.02133,2486023.0,
1753460402323,16:20:02.323,bitget,ACH/USDT:USDT,0.021348,2914.0,0.021352,4457.0,0.021351,235192816.0,5112630.501104
1753460403611,16:20:03.611,okx,ACH/USDT:USDT,0.02132,400.0,0.02134,2068.0,0.02133,2486027.0,
1753460403608,16:20:03.608,bitget,ACH/USDT:USDT,0.02134,3764.0,0.021343,2261.0,0.021351,235192816.0,5112630.501104
1753460403721,16:20:03.721,okx,ACH/USDT:USDT,0.02132,540.0,0.02133,30.0,0.02133,2486027.0,
1753460403755,16:20:03.755,bybit,ACH/USDT:USDT,0.021328,1250.0,0.021335,330.0,0.021329,79537000.0,1727164.4702
1753460403956,16:20:03.956,bitget,ACH/USDT:USDT,0.02134,2914.0,0.021347,4457.0,0.021351,235192816.0,5112630.501104
1753460403418,16:20:03.418,binance,ACH/USDT:USDT,,,,,0.02133,741454943.0,16090721.097316
1753460404308,16:20:04.308,okx,ACH/USDT:USDT,0.02132,540.0,0.02134,1778.0,0.02133,2486027.0,
1753460404343,16:20:04.343,bitget,ACH/USDT:USDT,0.021342,2279.0,0.021345,2261.0,0.021351,235192816.0,5112630.501104
1753460404413,16:20:04.413,okx,ACH/USDT:USDT,0.02132,540.0,0.02133,27.0,0.02133,2486027.0,
1753460404655,16:20:04.655,bybit,ACH/USDT:USDT,0.021329,1250.0,0.021335,330.0,0.021329,79537000.0,1727164.4702
1753460404666,16:20:04.666,okx,ACH/USDT:USDT,0.02132,540.0,0.02134,1578.0,0.02133,2486027.0,
1753460404671,16:20:04.671,bitget,ACH/USDT:USDT,0.021342,2279.0,0.021345,2261.0,0.021351,235192816.0,5112630.501104
1753460404785,16:20:04.785,okx,ACH/USDT:USDT,0.02132,538.0,0.02134,1249.0,0.02133,2486027.0,
1753460404911,16:20:04.911,okx,ACH/USDT:USDT,0.02132,540.0,0.02133,26.0,0.02133,2486027.0,
1753460405065,16:20:05.065,bitget,ACH/USDT:USDT,0.021342,5084.0,0.021348,4457.0,0.021351,235186988.0,5112506.067476
1753460405378,16:20:05.378,okx,ACH/USDT:USDT,0.02132,588.0,0.02134,1226.0,0.02133,2486027.0,
1753460405455,16:20:05.455,bybit,ACH/USDT:USDT,0.02133,1250.0,0.021335,330.0,0.021329,79537000.0,1727164.4702
1753460405479,16:20:05.479,okx,ACH/USDT:USDT,0.02133,234.0,0.02134,609.0,0.02133,2486027.0,
1753460405608,16:20:05.608,okx,ACH/USDT:USDT,0.02133,260.0,0.02134,634.0,0.02133,2486027.0,
1753460405655,16:20:05.655,bybit,ACH/USDT:USDT,0.021332,2510.0,0.02134,330.0,0.021329,79537000.0,1727164.4702
1753460405675,16:20:05.675,bitget,ACH/USDT:USDT,0.021349,2279.0,0.021354,701.0,0.021351,235192816.0,5112630.501104
1753460405710,16:20:05.710,okx,ACH/USDT:USDT,0.02133,431.0,0.02134,415.0,0.02133,2486027.0,
1753460405755,16:20:05.755,bybit,ACH/USDT:USDT,0.021334,1250.0,0.02134,330.0,0.021329,79537000.0,1727164.4702
1753460405813,16:20:05.813,okx,ACH/USDT:USDT,0.02133,308.0,0.02134,141.0,0.02133,2486027.0,
1753460405913,16:20:05.913,okx,ACH/USDT:USDT,0.02133,260.0,0.02134,259.0,0.02133,2486027.0,
1753460406020,16:20:06.020,okx,ACH/USDT:USDT,0.02133,260.0,0.02134,261.0,0.02133,2486027.0,
1753460406080,16:20:06.080,bitget,ACH/USDT:USDT,0.021344,4474.0,0.021348,2261.0,0.021351,235192816.0,5112630.501104
1753460406125,16:20:06.125,okx,ACH/USDT:USDT,0.02133,260.0,0.02134,370.0,0.02133,2486027.0,
1753460405531,16:20:05.531,binance,ACH/USDT:USDT,,,,,0.021332,741456152.0,16090746.886446
1753460406355,16:20:06.355,bybit,ACH/USDT:USDT,0.021335,1250.0,0.02134,330.0,0.021329,79537000.0,1727164.4702
1753460406375,16:20:06.375,okx,ACH/USDT:USDT,0.02133,260.0,0.02134,261.0,0.02133,2486027.0,
1753460406399,16:20:06.399,bitget,ACH/USDT:USDT,0.021344,4474.0,0.021348,2261.0,0.021351,235192816.0,5112630.501104
1753460406455,16:20:06.455,bybit,ACH/USDT:USDT,0.021337,1250.0,0.021342,330.0,0.021329,79537000.0,1727164.4702
1753460406476,16:20:06.476,okx,ACH/USDT:USDT,0.02133,342.0,0.02134,157.0,0.02133,2486027.0,
1753460406755,16:20:06.755,bybit,ACH/USDT:USDT,0.021328,560.0,0.021337,320.0,0.021329,79537000.0,1727164.4702
1753460406740,16:20:06.740,bitget,ACH/USDT:USDT,0.02135,2279.0,0.021353,2261.0,0.021351,235192816.0,5112630.501104
1753460406813,16:20:06.813,okx,ACH/USDT:USDT,0.02132,566.0,0.02133,26.0,0.02133,2486027.0,
1753460406855,16:20:06.855,bybit,ACH/USDT:USDT,0.02133,1220.0,0.021337,320.0,0.021329,79537000.0,1727164.4702
1753460407055,16:20:07.055,bybit,ACH/USDT:USDT,0.021331,1250.0,0.021337,320.0,0.021329,79537000.0,1727164.4702
1753460407112,16:20:07.112,bitget,ACH/USDT:USDT,0.021345,2279.0,0.021346,3391.0,0.021351,235192816.0,5112630.501104
1753460407170,16:20:07.170,okx,ACH/USDT:USDT,0.02132,571.0,0.02133,26.0,0.02133,2486027.0,
1753460407432,16:20:07.432,bitget,ACH/USDT:USDT,0.021345,2279.0,0.021346,3391.0,0.021351,235192816.0,5112630.501104
1753460407555,16:20:07.555,bybit,ACH/USDT:USDT,0.021332,1250.0,0.021337,320.0,0.021329,79537000.0,1727164.4702
1753460407605,16:20:07.605,okx,ACH/USDT:USDT,0.02133,27.0,0.02134,1017.0,0.02133,2486027.0,
1753460407750,16:20:07.750,bitget,ACH/USDT:USDT,0.021345,2279.0,0.021346,3391.0,0.021351,235192816.0,5112630.501104
1753460407825,16:20:07.825,okx,ACH/USDT:USDT,0.02133,29.0,0.02134,731.0,0.02133,2486027.0,
1753460407930,16:20:07.930,okx,ACH/USDT:USDT,0.02132,1111.0,0.02134,731.0,0.02133,2486027.0,
1753460408068,16:20:08.068,okx,ACH/USDT:USDT,0.02132,638.0,0.02134,1418.0,0.02133,2486027.0,
1753460408155,16:20:08.155,bybit,ACH/USDT:USDT,0.021335,100.0,0.021337,320.0,0.021329,79537000.0,1727164.4702
1753460408121,16:20:08.121,bitget,ACH/USDT:USDT,0.021345,2279.0,0.021346,3391.0,0.021351,235192816.0,5112630.501104
1753460408168,16:20:08.168,okx,ACH/USDT:USDT,0.02132,566.0,0.02133,25.0,0.02133,2486027.0,
1753460407037,16:20:07.037,binance,ACH/USDT:USDT,,,,,0.02133,741457275.0,16090770.844676
1753460408479,16:20:08.479,bitget,ACH/USDT:USDT,0.021345,2279.0,0.021346,6196.0,0.021351,235192816.0,5112630.501104
1753460408815,16:20:08.815,bitget,ACH/USDT:USDT,0.021345,2279.0,0.021346,6196.0,0.021351,235192816.0,5112630.501104
1753460409131,16:20:09.131,bitget,ACH/USDT:USDT,0.021343,4473.0,0.021346,3391.0,0.021351,235192816.0,5112630.501104
1753460409263,16:20:09.263,gateio,ACH/USDT:USDT,,,,,0.02132,22540584.0,480564.0
1753460409485,16:20:09.485,bitget,ACH/USDT:USDT,0.021343,4473.0,0.021346,3391.0,0.021351,235192816.0,5112630.501104
1753460409831,16:20:09.831,bitget,ACH/USDT:USDT,0.021343,4473.0,0.021346,3391.0,0.021351,235192816.0,5112630.501104
1753460410150,16:20:10.150,bitget,ACH/USDT:USDT,0.021343,4473.0,0.021346,3391.0,0.021351,235192816.0,5112630.501104
1753460410313,16:20:10.313,okx,ACH/USDT:USDT,0.02132,614.0,0.02134,1181.0,0.02133,2486027.0,
1753460410471,16:20:10.471,bitget,ACH/USDT:USDT,0.02134,9078.0,0.021348,2261.0,0.021351,235192816.0,5112630.501104
1753460410514,16:20:10.514,okx,ACH/USDT:USDT,0.02132,566.0,0.02133,25.0,0.02133,2486027.0,
1753460410963,16:20:10.963,bitget,ACH/USDT:USDT,0.021344,2279.0,0.021345,2261.0,0.021351,235192816.0,5112630.501104
1753460411255,16:20:11.255,bybit,ACH/USDT:USDT,0.021335,100.0,0.021337,320.0,0.021329,79537000.0,1727164.4702
1753460411455,16:20:11.455,bybit,ACH/USDT:USDT,0.021335,100.0,0.021336,500.0,0.021329,79537000.0,1727164.4702
1753460411445,16:20:11.445,okx,ACH/USDT:USDT,0.02132,366.0,0.02133,276.0,0.02133,2486027.0,
1753460411515,16:20:11.515,binance,ACH/USDT:USDT,,,,,0.021328,741457533.0,16090776.3473
1753460411594,16:20:11.594,okx,ACH/USDT:USDT,0.02132,366.0,0.02133,278.0,0.02133,2486027.0,
1753460411655,16:20:11.655,bybit,ACH/USDT:USDT,0.02132,260.0,0.021333,320.0,0.021325,79539580.0,1727219.4926
1753460411693,16:20:11.693,bitget,ACH/USDT:USDT,0.021333,14050.0,0.02134,2261.0,0.021351,235186988.0,5112506.067476
1753460411699,16:20:11.699,okx,ACH/USDT:USDT,0.02132,167.0,0.02133,539.0,0.02133,2486027.0,
1753460411755,16:20:11.755,bybit,ACH/USDT:USDT,0.021321,1250.0,0.021327,2480.0,0.021325,79539580.0,1727219.4926
1753460411811,16:20:11.811,okx,ACH/USDT:USDT,0.02132,1.0,0.02133,539.0,0.02133,2486027.0,
1753460411855,16:20:11.855,bybit,ACH/USDT:USDT,0.021321,1250.0,0.021326,2480.0,0.021325,79539580.0,1727219.4926
1753460411955,16:20:11.955,bybit,ACH/USDT:USDT,0.021321,1250.0,0.021327,1210.0,0.021325,79539580.0,1727219.4926
1753460412055,16:20:12.055,bybit,ACH/USDT:USDT,0.021322,1250.0,0.021328,320.0,0.021325,79539580.0,1727219.4926
1753460412155,16:20:12.155,bybit,ACH/USDT:USDT,0.021323,1250.0,0.02133,320.0,0.021325,79539580.0,1727219.4926
1753460412132,16:20:12.132,okx,ACH/USDT:USDT,0.02132,255.0,0.02133,435.0,0.02133,2486027.0,
1753460412255,16:20:12.255,bybit,ACH/USDT:USDT,0.021325,1220.0,0.021332,1210.0,0.021325,79539580.0,1727219.4926
1753460412238,16:20:12.238,gateio,ACH/USDT:USDT,,,,,0.02132,22540584.0,480564.0
1753460412271,16:20:12.271,okx,ACH/USDT:USDT,0.02132,257.0,0.02133,544.0,0.02133,2486027.0,
1753460412355,16:20:12.355,bybit,ACH/USDT:USDT,0.021326,1250.0,0.021333,320.0,0.021325,79539580.0,1727219.4926
1753460412455,16:20:12.455,bybit,ACH/USDT:USDT,0.021326,1250.0,0.021331,1210.0,0.021325,79539580.0,1727219.4926
1753460412423,16:20:12.423,bitget,ACH/USDT:USDT,0.021335,2805.0,0.021342,4459.0,0.021351,235192816.0,5112630.501104
1753460412655,16:20:12.655,bybit,ACH/USDT:USDT,0.021326,1250.0,0.021331,7210.0,0.021325,79539580.0,1727219.4926
1753460412755,16:20:12.755,bybit,ACH/USDT:USDT,0.021326,1250.0,0.021331,7210.0,0.021325,79539580.0,1727219.4926
1753460412986,16:20:12.986,bitget,ACH/USDT:USDT,0.021334,3764.0,0.021341,2261.0,0.021351,235192816.0,5112630.501104
1753460413071,16:20:13.071,okx,ACH/USDT:USDT,0.02132,28.0,0.02133,544.0,0.02133,2486027.0,
1753460413177,16:20:13.177,okx,ACH/USDT:USDT,0.02132,1.0,0.02133,737.0,0.02133,2486027.0,
1753460413255,16:20:13.255,bybit,ACH/USDT:USDT,0.02132,260.0,0.021328,320.0,0.021326,79540830.0,1727246.1501
1753460413285,16:20:13.285,okx,ACH/USDT:USDT,0.02132,1.0,0.02133,739.0,0.02133,2486027.0,
1753460413355,16:20:13.355,bybit,ACH/USDT:USDT,0.02132,260.0,0.021328,6320.0,0.021326,79540830.0,1727246.1501
1753460413398,16:20:13.398,okx,ACH/USDT:USDT,0.02132,1.0,0.02133,785.0,0.02133,2486027.0,
1753460413455,16:20:13.455,bybit,ACH/USDT:USDT,0.021321,1250.0,0.021328,6320.0,0.021326,79540830.0,1727246.1501
1753460413469,16:20:13.469,bitget,ACH/USDT:USDT,0.021332,27939.0,0.021335,2261.0,0.021351,235192816.0,5112630.501104
1753460413204,16:20:13.204,binance,ACH/USDT:USDT,,,,,0.02132,741463696.0,16090907.767752
1753460413830,16:20:13.830,bitget,ACH/USDT:USDT,0.021332,27939.0,0.021335,2261.0,0.021351,235192816.0,5112630.501104
1753460413955,16:20:13.955,bybit,ACH/USDT:USDT,0.021321,1250.0,0.021328,6320.0,0.021326,79540830.0,1727246.1501
1753460414199,16:20:14.199,okx,ACH/USDT:USDT,0.02132,1.0,0.02133,790.0,0.02133,2486027.0,
1753460414255,16:20:14.255,bybit,ACH/USDT:USDT,0.021321,1250.0,0.021328,6320.0,0.021326,79540830.0,1727246.1501
1753460414355,16:20:14.355,bybit,ACH/USDT:USDT,0.021321,1250.0,0.021324,320.0,0.021326,79540830.0,1727246.1501
1753460414455,16:20:14.455,bybit,ACH/USDT:USDT,0.02132,260.0,0.021324,6320.0,0.021326,79540830.0,1727246.1501
1753460414424,16:20:14.424,bitget,ACH/USDT:USDT,0.021326,15080.0,0.02133,3391.0,0.021351,235192816.0,5112630.501104
1753460414571,16:20:14.571,okx,ACH/USDT:USDT,0.02132,1.0,0.02133,966.0,0.02133,2486027.0,
1753460414855,16:20:14.855,bybit,ACH/USDT:USDT,0.02132,260.0,0.021324,6320.0,0.021326,79540830.0,1727246.1501
1753460414839,16:20:14.839,bitget,ACH/USDT:USDT,0.021327,2831.0,0.02133,3391.0,0.021351,235192816.0,5112630.501104
1753460415183,16:20:15.183,bitget,ACH/USDT:USDT,0.021327,2831.0,0.021333,4460.0,0.021351,235192816.0,5112630.501104
1753460415508,16:20:15.508,okx,ACH/USDT:USDT,0.02132,29.0,0.02133,611.0,0.02133,2486027.0,
1753460415367,16:20:15.367,binance,ACH/USDT:USDT,,,,,0.021317,741466497.0,16090967.478979
1753460415585,16:20:15.585,bitget,ACH/USDT:USDT,0.021331,2279.0,0.021336,4461.0,0.021332,235192816.0,5112630.501104
1753460415611,16:20:15.611,okx,ACH/USDT:USDT,0.02132,1.0,0.02133,720.0,0.02133,2486027.0,
1753460416155,16:20:16.155,bybit,ACH/USDT:USDT,0.021321,1250.0,0.021328,320.0,0.021326,79540830.0,1727246.1501
1753460416174,16:20:16.174,okx,ACH/USDT:USDT,0.02132,27.0,0.02133,331.0,0.02133,2486027.0,
1753460416284,16:20:16.284,okx,ACH/USDT:USDT,0.02132,1.0,0.02133,283.0,0.02133,2486027.0,
1753460416356,16:20:16.356,bybit,ACH/USDT:USDT,0.021321,1250.0,0.021328,320.0,0.021326,79540830.0,1727246.1501
1753460416655,16:20:16.655,bybit,ACH/USDT:USDT,0.021321,1250.0,0.021328,320.0,0.021326,79540830.0,1727246.1501
1753460416703,16:20:16.703,bitget,ACH/USDT:USDT,0.021335,4439.0,0.021336,2261.0,0.021332,235195712.0,5112692.278576
1753460416956,16:20:16.956,bybit,ACH/USDT:USDT,0.021322,1250.0,0.021328,320.0,0.021326,79540830.0,1727246.1501
1753460417005,16:20:17.005,okx,ACH/USDT:USDT,0.02132,1.0,0.02133,331.0,0.02133,2486027.0,
1753460417055,16:20:17.055,bybit,ACH/USDT:USDT,0.021323,1250.0,0.021328,320.0,0.021326,79540830.0,1727246.1501
1753460417040,16:20:17.040,bitget,ACH/USDT:USDT,0.021335,4439.0,0.021336,2261.0,0.021332,235195712.0,5112692.278576
1753460417116,16:20:17.116,okx,ACH/USDT:USDT,0.02132,1.0,0.02133,566.0,0.02133,2486027.0,
1753460417255,16:20:17.255,bybit,ACH/USDT:USDT,0.02132,260.0,0.021328,320.0,0.021326,79540830.0,1727246.1501
1753460417363,16:20:17.363,bitget,ACH/USDT:USDT,0.021335,2160.0,0.021336,2261.0,0.021332,235195712.0,5112692.278576
1753460416035,16:20:16.035,binance,ACH/USDT:USDT,,,,,0.021328,741526940.0,16092256.440153
1753460417681,16:20:17.681,bitget,ACH/USDT:USDT,0.021332,14050.0,0.021335,2261.0,0.021332,235195712.0,5112692.278576
1753460418055,16:20:18.055,bybit,ACH/USDT:USDT,0.02132,260.0,0.021325,2480.0,0.021326,79540830.0,1727246.1501
1753460418022,16:20:18.022,bitget,ACH/USDT:USDT,0.021328,3584.0,0.021333,2261.0,0.021332,235195712.0,5112692.278576
1753460418155,16:20:18.155,bybit,ACH/USDT:USDT,0.02132,260.0,0.021322,2480.0,0.021326,79540830.0,1727246.1501
1753460418355,16:20:18.355,bybit,ACH/USDT:USDT,0.02132,260.0,0.021323,1270.0,0.021326,79540830.0,1727246.1501
1753460418371,16:20:18.371,okx,ACH/USDT:USDT,0.02132,1.0,0.02133,1035.0,0.02133,2486027.0,
1753460418419,16:20:18.419,bitget,ACH/USDT:USDT,0.021326,20963.0,0.021332,5092.0,0.021332,235192816.0,5112630.501104
1753460418455,16:20:18.455,bybit,ACH/USDT:USDT,0.02132,260.0,0.021326,1230.0,0.021326,79540830.0,1727246.1501
1753460418716,16:20:18.716,okx,ACH/USDT:USDT,0.02132,1.0,0.02133,1034.0,0.02133,2486027.0,
1753460418855,16:20:18.855,bybit,ACH/USDT:USDT,0.021321,1250.0,0.021326,490.0,0.021326,79540830.0,1727246.1501
1753460418954,16:20:18.954,okx,ACH/USDT:USDT,0.02132,1.0,0.02133,810.0,0.02133,2486027.0,
1753460418952,16:20:18.952,bitget,ACH/USDT:USDT,0.021326,16488.0,0.021329,3391.0,0.021332,235195712.0,5112692.278576
1753460419070,16:20:19.070,okx,ACH/USDT:USDT,0.02132,1.0,0.02133,858.0,0.02133,2486027.0,
1753460419173,16:20:19.173,okx,ACH/USDT:USDT,0.02132,1.0,0.02133,829.0,0.02133,2486027.0,
1753460419345,16:20:19.345,bitget,ACH/USDT:USDT,0.021331,2831.0,0.021335,4462.0,0.021332,235192816.0,5112630.501104
1753460419513,16:20:19.513,okx,ACH/USDT:USDT,0.02132,1.0,0.02133,720.0,0.02133,2486027.0,
1753460419555,16:20:19.555,bybit,ACH/USDT:USDT,0.021322,1250.0,0.021327,320.0,0.021326,79540830.0,1727246.1501
1753460418715,16:20:18.715,binance,ACH/USDT:USDT,,,,,0.021316,741539229.0,16092518.388607
1753460419655,16:20:19.655,bybit,ACH/USDT:USDT,0.021323,1250.0,0.02133,320.0,0.021326,79540830.0,1727246.1501
1753460419667,16:20:19.667,okx,ACH/USDT:USDT,0.02132,143.0,0.02133,426.0,0.02133,2486027.0,
1753460419755,16:20:19.755,bybit,ACH/USDT:USDT,0.021325,1250.0,0.02133,320.0,0.021326,79540830.0,1727246.1501
1753460419769,16:20:19.769,okx,ACH/USDT:USDT,0.02132,265.0,0.02133,426.0,0.02133,2486027.0,
1753460419893,16:20:19.893,okx,ACH/USDT:USDT,0.02132,102.0,0.02133,426.0,0.02133,2486027.0,
1753460419956,16:20:19.956,bybit,ACH/USDT:USDT,0.02132,740.0,0.021326,2480.0,0.021326,79540830.0,1727246.1501
1753460419941,16:20:19.941,bitget,ACH/USDT:USDT,0.021333,2831.0,0.021343,5000.0,0.021332,235195712.0,5112692.278576
1753460420167,16:20:20.167,okx,ACH/USDT:USDT,0.02132,1.0,0.02133,426.0,0.02133,2486027.0,
1753460420256,16:20:20.256,bybit,ACH/USDT:USDT,0.021321,2500.0,0.021327,1270.0,0.021326,79540830.0,1727246.1501
1753460420254,16:20:20.254,bitget,ACH/USDT:USDT,0.021333,2831.0,0.021339,7293.0,0.021332,235195712.0,5112692.278576
1753460420355,16:20:20.355,bybit,ACH/USDT:USDT,0.021321,1250.0,0.021329,2480.0,0.021326,79540830.0,1727246.1501
1753460420412,16:20:20.412,okx,ACH/USDT:USDT,0.02132,49.0,0.02133,426.0,0.02133,2486027.0,
1753460420455,16:20:20.455,bybit,ACH/USDT:USDT,0.021323,1220.0,0.02133,320.0,0.021326,79540830.0,1727246.1501
1753460420529,16:20:20.529,okx,ACH/USDT:USDT,0.02132,246.0,0.02133,206.0,0.02133,2486027.0,
1753460420555,16:20:20.555,bybit,ACH/USDT:USDT,0.021324,1250.0,0.02133,320.0,0.021326,79540830.0,1727246.1501
1753460420597,16:20:20.597,bitget,ACH/USDT:USDT,0.021333,2831.0,0.021343,5000.0,0.021332,235195712.0,5112692.278576
1753460420655,16:20:20.655,bybit,ACH/USDT:USDT,0.021325,2500.0,0.02133,320.0,0.021326,79540830.0,1727246.1501
1753460420639,16:20:20.639,okx,ACH/USDT:USDT,0.02132,549.0,0.02133,206.0,0.02133,2486027.0,
1753460420755,16:20:20.755,bybit,ACH/USDT:USDT,0.021325,1250.0,0.02133,320.0,0.021326,79540830.0,1727246.1501
1753460420750,16:20:20.750,okx,ACH/USDT:USDT,0.02132,551.0,0.02133,206.0,0.02133,2486027.0,
1753460421055,16:20:21.055,bybit,ACH/USDT:USDT,0.021325,1250.0,0.021328,2480.0,0.021326,79540830.0,1727246.1501
1753460421042,16:20:21.042,bitget,ACH/USDT:USDT,0.021333,2831.0,0.021345,4463.0,0.021332,235195712.0,5112692.278576
1753460421090,16:20:21.090,okx,ACH/USDT:USDT,0.02132,428.0,0.02133,206.0,0.02133,2486027.0,
1753460421155,16:20:21.155,bybit,ACH/USDT:USDT,0.021325,1250.0,0.021327,1270.0,0.021326,79540830.0,1727246.1501
1753460421256,16:20:21.256,bybit,ACH/USDT:USDT,0.021325,1250.0,0.02133,1530.0,0.021326,79540830.0,1727246.1501
1753460421320,16:20:21.320,okx,ACH/USDT:USDT,0.02132,415.0,0.02133,318.0,0.02133,2486027.0,
1753460421356,16:20:21.356,bybit,ACH/USDT:USDT,0.021326,1250.0,0.02133,320.0,0.021326,79540830.0,1727246.1501
1753460421428,16:20:21.428,okx,ACH/USDT:USDT,0.02132,539.0,0.02133,201.0,0.02133,2486027.0,
1753460421572,16:20:21.572,okx,ACH/USDT:USDT,0.02132,541.0,0.02133,201.0,0.02133,2486027.0,
1753460421715,16:20:21.715,bitget,ACH/USDT:USDT,0.021338,2831.0,0.021343,2261.0,0.021332,235197102.0,5112721.930056
1753460422076,16:20:22.076,bitget,ACH/USDT:USDT,0.021338,2831.0,0.021343,2261.0,0.021332,235197102.0,5112721.930056
1753460422208,16:20:22.208,okx,ACH/USDT:USDT,0.02132,418.0,0.02133,201.0,0.02133,2486027.0,
1753460422245,16:20:22.245,gateio,ACH/USDT:USDT,,,,,0.02132,22540584.0,480564.0
1753460422313,16:20:22.313,okx,ACH/USDT:USDT,0.02132,541.0,0.02133,201.0,0.02133,2486027.0,
1753460422415,16:20:22.415,bitget,ACH/USDT:USDT,0.021338,2831.0,0.021343,2261.0,0.021332,235197102.0,5112721.930056
1753460422556,16:20:22.556,bybit,ACH/USDT:USDT,0.021326,1250.0,0.021329,2480.0,0.021326,79540830.0,1727246.1501
1753460422533,16:20:22.533,okx,ACH/USDT:USDT,0.02132,370.0,0.02133,202.0,0.02133,2486027.0,
1753460422655,16:20:22.655,bybit,ACH/USDT:USDT,0.021326,1250.0,0.02133,2800.0,0.021326,79540830.0,1727246.1501
1753460422633,16:20:22.633,okx,ACH/USDT:USDT,0.02132,144.0,0.02133,306.0,0.02133,2486027.0,
1753460422755,16:20:22.755,bybit,ACH/USDT:USDT,0.021326,1250.0,0.02133,320.0,0.021326,79540830.0,1727246.1501
1753460422744,16:20:22.744,bitget,ACH/USDT:USDT,0.021338,2831.0,0.021343,2261.0,0.021332,235197102.0,5112721.930056
1753460422905,16:20:22.905,okx,ACH/USDT:USDT,0.02132,238.0,0.02133,202.0,0.02133,2486027.0,
1753460423059,16:20:23.059,bitget,ACH/USDT:USDT,0.021335,2831.0,0.021341,2261.0,0.021332,235197102.0,5112721.930056
1753460423225,16:20:23.225,okx,ACH/USDT:USDT,0.02132,549.0,0.02133,202.0,0.02133,2486027.0,
1753460423255,16:20:23.255,bybit,ACH/USDT:USDT,0.021326,1250.0,0.02133,320.0,0.021326,79540830.0,1727246.1501
1753460423424,16:20:23.424,bitget,ACH/USDT:USDT,0.021335,2831.0,0.021341,2261.0,0.021332,235192816.0,5112630.501104
1753460423423,16:20:23.423,binance,ACH/USDT:USDT,,,,,0.021325,741544274.0,16092625.973232
1753460423555,16:20:23.555,bybit,ACH/USDT:USDT,0.021327,1250.0,0.021332,1570.0,0.021326,79540830.0,1727246.1501
1753460423755,16:20:23.755,bybit,ACH/USDT:USDT,0.021328,1250.0,0.021332,1570.0,0.021326,79540830.0,1727246.1501
1753460423815,16:20:23.815,okx,ACH/USDT:USDT,0.02132,549.0,0.02133,40.0,0.02133,2486027.0,
1753460423855,16:20:23.855,bybit,ACH/USDT:USDT,0.021329,1250.0,0.021332,1570.0,0.021326,79540830.0,1727246.1501
1753460423955,16:20:23.955,bybit,ACH/USDT:USDT,0.02132,580.0,0.021327,1270.0,0.021329,79542080.0,1727272.8114
1753460423933,16:20:23.933,bitget,ACH/USDT:USDT,0.021335,2831.0,0.021344,4464.0,0.021332,235197102.0,5112721.930056
1753460424055,16:20:24.055,bybit,ACH/USDT:USDT,0.021321,1250.0,0.021328,1270.0,0.021329,79542080.0,1727272.8114
1753460424032,16:20:24.032,okx,ACH/USDT:USDT,0.02132,142.0,0.02133,392.0,0.02133,2486027.0,
1753460424155,16:20:24.155,bybit,ACH/USDT:USDT,0.02132,580.0,0.021329,1290.0,0.021329,79542080.0,1727272.8114
1753460424172,16:20:24.172,okx,ACH/USDT:USDT,0.02132,25.0,0.02133,544.0,0.02133,2486027.0,
1753460424306,16:20:24.306,okx,ACH/USDT:USDT,0.02132,27.0,0.02133,546.0,0.02133,2486027.0,
1753460424346,16:20:24.346,bitget,ACH/USDT:USDT,0.021334,4477.0,0.02134,5155.0,0.021332,235197102.0,5112721.930056
1753460424422,16:20:24.422,okx,ACH/USDT:USDT,0.02132,27.0,0.02133,568.0,0.02133,2486027.0,
1753460424455,16:20:24.455,bybit,ACH/USDT:USDT,0.021322,1220.0,0.021329,1290.0,0.021329,79542080.0,1727272.8114
1753460424555,16:20:24.555,bybit,ACH/USDT:USDT,0.021322,1220.0,0.021329,490.0,0.021329,79542080.0,1727272.8114
1753460424571,16:20:24.571,okx,ACH/USDT:USDT,0.02132,27.0,0.02133,411.0,0.02133,2486027.0,
1753460424755,16:20:24.755,bybit,ACH/USDT:USDT,0.021322,1220.0,0.021329,490.0,0.021329,79542080.0,1727272.8114
1753460424918,16:20:24.918,okx,ACH/USDT:USDT,0.02132,27.0,0.02133,459.0,0.02133,2486027.0,
1753460425021,16:20:25.021,bitget,ACH/USDT:USDT,0.021335,2894.0,0.021339,2261.0,0.021332,235197102.0,5112721.930056
1753460425066,16:20:25.066,okx,ACH/USDT:USDT,0.02132,27.0,0.02133,568.0,0.02133,2486027.0,
1753460425356,16:20:25.356,bitget,ACH/USDT:USDT,0.021335,2894.0,0.021339,2261.0,0.021332,235197102.0,5112721.930056
1753460425456,16:20:25.456,bybit,ACH/USDT:USDT,0.021323,1250.0,0.021329,490.0,0.021329,79542080.0,1727272.8114
1753460423959,16:20:23.959,binance,ACH/USDT:USDT,,,,,0.021324,741559952.0,16092960.31362
1753460425510,16:20:25.510,okx,ACH/USDT:USDT,0.02132,1.0,0.02133,568.0,0.02133,2486027.0,
1753460425869,16:20:25.869,okx,ACH/USDT:USDT,0.02132,27.0,0.02133,411.0,0.02133,2486027.0,
1753460425910,16:20:25.910,bitget,ACH/USDT:USDT,0.021336,2279.0,0.021338,2261.0,0.021332,235197102.0,5112721.930056
1753460425955,16:20:25.955,bybit,ACH/USDT:USDT,0.021324,1250.0,0.021326,2480.0,0.021329,79542080.0,1727272.8114
1753460425994,16:20:25.994,okx,ACH/USDT:USDT,0.02132,192.0,0.02133,411.0,0.02133,2486027.0,
1753460426155,16:20:26.155,bybit,ACH/USDT:USDT,0.021324,1250.0,0.021329,1700.0,0.021329,79542080.0,1727272.8114
1753460426218,16:20:26.218,okx,ACH/USDT:USDT,0.02132,25.0,0.02133,411.0,0.02133,2486027.0,
1753460426512,16:20:26.512,okx,ACH/USDT:USDT,0.02132,196.0,0.02133,411.0,0.02133,2486027.0,
1753460426618,16:20:26.618,bitget,ACH/USDT:USDT,0.021337,2894.0,0.021341,4465.0,0.021332,235197102.0,5112721.930056
1753460426656,16:20:26.656,bybit,ACH/USDT:USDT,0.021324,1250.0,0.021329,490.0,0.021329,79542080.0,1727272.8114
1753460426667,16:20:26.667,okx,ACH/USDT:USDT,0.02132,73.0,0.02133,411.0,0.02133,2486027.0,
1753460426855,16:20:26.855,bybit,ACH/USDT:USDT,0.021329,1250.0,0.021332,1570.0,0.021329,79542080.0,1727272.8114
1753460426889,16:20:26.889,okx,ACH/USDT:USDT,0.02132,534.0,0.02133,38.0,0.02133,2486027.0,
1753460427016,16:20:27.016,okx,ACH/USDT:USDT,0.02132,536.0,0.02133,40.0,0.02133,2486027.0,
1753460427055,16:20:27.055,bybit,ACH/USDT:USDT,0.02133,1250.0,0.021332,1570.0,0.021329,79542080.0,1727272.8114
1753460427032,16:20:27.032,bitget,ACH/USDT:USDT,0.021344,2279.0,0.021345,4466.0,0.021332,235197102.0,5112721.930056
1753460427168,16:20:27.168,okx,ACH/USDT:USDT,0.02132,736.0,0.02133,40.0,0.02133,2486027.0,
1753460427255,16:20:27.255,bybit,ACH/USDT:USDT,0.021324,320.0,0.021332,1570.0,0.021329,79542080.0,1727272.8114
1753460427360,16:20:27.360,bitget,ACH/USDT:USDT,0.021344,2279.0,0.021345,4466.0,0.021332,235197102.0,5112721.930056
1753460427455,16:20:27.455,bybit,ACH/USDT:USDT,0.021325,1250.0,0.021332,1570.0,0.021329,79542080.0,1727272.8114
1753460426759,16:20:26.759,binance,ACH/USDT:USDT,,,,,0.02133,741590480.0,16093611.451297
1753460427507,16:20:27.507,okx,ACH/USDT:USDT,0.02132,536.0,0.02133,161.0,0.02133,2486027.0,
1753460427555,16:20:27.555,bybit,ACH/USDT:USDT,0.021325,1250.0,0.021331,2480.0,0.021329,79542080.0,1727272.8114
1753460427616,16:20:27.616,okx,ACH/USDT:USDT,0.02132,365.0,0.02133,318.0,0.02133,2486027.0,
1753460427655,16:20:27.655,bybit,ACH/USDT:USDT,0.02132,580.0,0.021325,2480.0,0.021329,79542080.0,1727272.8114
1753460427666,16:20:27.666,bitget,ACH/USDT:USDT,0.021341,7375.0,0.021344,2261.0,0.021332,235197102.0,5112721.930056
1753460427772,16:20:27.772,okx,ACH/USDT:USDT,0.02132,27.0,0.02133,430.0,0.02133,2486027.0,
1753460427902,16:20:27.902,okx,ACH/USDT:USDT,0.02132,27.0,0.02133,539.0,0.02133,2486027.0,
1753460427955,16:20:27.955,bybit,ACH/USDT:USDT,0.021321,1250.0,0.021328,2480.0,0.021329,79542080.0,1727272.8114
1753460427987,16:20:27.987,bitget,ACH/USDT:USDT,0.021333,2894.0,0.021336,3391.0,0.021332,235197102.0,5112721.930056
1753460428007,16:20:28.007,okx,ACH/USDT:USDT,0.02132,1.0,0.02133,539.0,0.02133,2486027.0,
1753460428107,16:20:28.107,okx,ACH/USDT:USDT,0.02132,1.0,0.02133,739.0,0.02133,2486027.0,
1753460428155,16:20:28.155,bybit,ACH/USDT:USDT,0.021321,1250.0,0.021325,2480.0,0.021329,79542080.0,1727272.8114
1753460428255,16:20:28.255,bybit,ACH/USDT:USDT,0.021322,1250.0,0.021326,2480.0,0.021329,79542080.0,1727272.8114
1753460428355,16:20:28.355,bybit,ACH/USDT:USDT,0.02132,260.0,0.021324,2480.0,0.021329,79542080.0,1727272.8114
1753460428337,16:20:28.337,bitget,ACH/USDT:USDT,0.021332,14050.0,0.021336,3391.0,0.021332,235197102.0,5112721.930056
1753460428455,16:20:28.455,bybit,ACH/USDT:USDT,0.02132,260.0,0.021326,1270.0,0.021329,79542080.0,1727272.8114
1753460428585,16:20:28.585,okx,ACH/USDT:USDT,0.02132,1.0,0.02133,761.0,0.02133,2486027.0,
1753460428655,16:20:28.655,bybit,ACH/USDT:USDT,0.02132,260.0,0.021331,2140.0,0.021329,79542080.0,1727272.8114
1753460428670,16:20:28.670,bitget,ACH/USDT:USDT,0.021332,14050.0,0.021336,3391.0,0.021332,235197102.0,5112721.930056
1753460428755,16:20:28.755,bybit,ACH/USDT:USDT,0.021321,1250.0,0.021327,1270.0,0.021329,79542080.0,1727272.8114
1753460428855,16:20:28.855,bybit,ACH/USDT:USDT,0.02132,260.0,0.021322,1270.0,0.021329,79542080.0,1727272.8114
1753460428955,16:20:28.955,bybit,ACH/USDT:USDT,0.02132,260.0,0.021323,1210.0,0.021329,79542080.0,1727272.8114
1753460428991,16:20:28.991,bitget,ACH/USDT:USDT,0.021331,2894.0,0.021335,2261.0,0.021332,235197102.0,5112721.930056
1753460429055,16:20:29.055,bybit,ACH/USDT:USDT,0.02132,260.0,0.021326,490.0,0.021329,79542080.0,1727272.8114
1753460429155,16:20:29.155,bybit,ACH/USDT:USDT,0.02132,260.0,0.021325,2480.0,0.021329,79542080.0,1727272.8114
1753460429169,16:20:29.169,okx,ACH/USDT:USDT,0.02132,1.0,0.02133,766.0,0.02133,2486027.0,
1753460429255,16:20:29.255,bybit,ACH/USDT:USDT,0.02132,260.0,0.021326,490.0,0.021329,79542080.0,1727272.8114
1753460429334,16:20:29.334,bitget,ACH/USDT:USDT,0.021329,2894.0,0.021333,4467.0,0.021332,235197102.0,5112721.930056
1753460428739,16:20:28.739,binance,ACH/USDT:USDT,,,,,0.02132,741590985.0,16093622.217897
1753460429676,16:20:29.676,bitget,ACH/USDT:USDT,0.021329,2894.0,0.021333,4467.0,0.021332,235197102.0,5112721.930056
1753460429855,16:20:29.855,bybit,ACH/USDT:USDT,0.02132,260.0,0.021325,2480.0,0.021329,79542080.0,1727272.8114
1753460429955,16:20:29.955,bybit,ACH/USDT:USDT,0.02132,260.0,0.021324,1210.0,0.021329,79542080.0,1727272.8114
1753460429992,16:20:29.992,bitget,ACH/USDT:USDT,0.021327,2894.0,0.021333,4467.0,0.021332,235197102.0,5112721.930056
1753460430214,16:20:30.214,okx,ACH/USDT:USDT,0.02132,1.0,0.02133,745.0,0.02133,2486027.0,
1753460430255,16:20:30.255,bybit,ACH/USDT:USDT,0.02132,260.0,0.021321,2480.0,0.021329,79542080.0,1727272.8114
1753460430327,16:20:30.327,okx,ACH/USDT:USDT,0.02132,1.0,0.02133,744.0,0.02133,2486027.0,
1753460430331,16:20:30.331,bitget,ACH/USDT:USDT,0.021326,14050.0,0.021331,2261.0,0.021332,235197102.0,5112721.930056
1753460430455,16:20:30.455,bybit,ACH/USDT:USDT,0.02132,260.0,0.021326,490.0,0.021329,79542080.0,1727272.8114
1753460430472,16:20:30.472,okx,ACH/USDT:USDT,0.02132,1.0,0.02133,745.0,0.02133,2486027.0,
1753460430555,16:20:30.555,bybit,ACH/USDT:USDT,0.02132,260.0,0.021324,2480.0,0.021329,79542080.0,1727272.8114
1753460430715,16:20:30.715,okx,ACH/USDT:USDT,0.02132,1.0,0.02133,744.0,0.02133,2486027.0,
1753460430737,16:20:30.737,bitget,ACH/USDT:USDT,0.021327,2894.0,0.021334,7361.0,0.021332,235197102.0,5112721.930056
1753460431055,16:20:31.055,bybit,ACH/USDT:USDT,0.02132,260.0,0.021325,2480.0,0.021329,79542080.0,1727272.8114
1753460431092,16:20:31.092,bitget,ACH/USDT:USDT,0.021327,2894.0,0.021334,7361.0,0.021332,235197102.0,5112721.930056
1753460431090,16:20:31.090,okx,ACH/USDT:USDT,0.02132,1.0,0.02133,745.0,0.02133,2486027.0,
1753460431155,16:20:31.155,bybit,ACH/USDT:USDT,0.021315,260.0,0.021322,320.0,0.02132,79542340.0,1727278.3546
1753460431201,16:20:31.201,okx,ACH/USDT:USDT,0.02132,1.0,0.02133,791.0,0.02133,2486027.0,
1753460431258,16:20:31.258,bybit,ACH/USDT:USDT,0.021315,260.0,0.021321,2480.0,0.02132,79542340.0,1727278.3546
1753460431316,16:20:31.316,okx,ACH/USDT:USDT,0.02132,1.0,0.02133,792.0,0.02133,2486027.0,
1753460431427,16:20:31.427,okx,ACH/USDT:USDT,0.0213,1557.0,0.02132,1114.0,0.02132,2486028.0,
1753460431455,16:20:31.455,bybit,ACH/USDT:USDT,0.021315,260.0,0.021316,2480.0,0.02132,79542340.0,1727278.3546
1753460431401,16:20:31.401,binance,ACH/USDT:USDT,,,,,0.021313,741595313.0,16093714.465005
1753460431498,16:20:31.498,bitget,ACH/USDT:USDT,0.021326,14050.0,0.021332,2261.0,0.021332,235197102.0,5112721.930056
1753460431538,16:20:31.538,okx,ACH/USDT:USDT,0.0213,524.0,0.02131,153.0,0.02132,2486028.0,
1753460431655,16:20:31.655,bybit,ACH/USDT:USDT,0.02131,260.0,0.021314,2480.0,0.021315,79542600.0,1727283.8965
1753460431755,16:20:31.755,bybit,ACH/USDT:USDT,0.02131,260.0,0.021314,2480.0,0.021315,79542600.0,1727283.8965
1753460431855,16:20:31.855,bybit,ACH/USDT:USDT,0.02131,260.0,0.021316,500.0,0.021315,79542600.0,1727283.8965
1753460431906,16:20:31.906,okx,ACH/USDT:USDT,0.0213,528.0,0.02131,153.0,0.02132,2486028.0,
1753460431955,16:20:31.955,bybit,ACH/USDT:USDT,0.02131,260.0,0.021316,500.0,0.021315,79542600.0,1727283.8965
1753460431982,16:20:31.982,bitget,ACH/USDT:USDT,0.02132,2894.0,0.021324,2261.0,0.021332,235197102.0,5112721.930056
1753460432155,16:20:32.155,bybit,ACH/USDT:USDT,0.02131,260.0,0.021315,1210.0,0.021315,79542600.0,1727283.8965
1753460432255,16:20:32.255,bybit,ACH/USDT:USDT,0.02131,260.0,0.021315,1210.0,0.021315,79542600.0,1727283.8965
1753460432618,16:20:32.618,bitget,ACH/USDT:USDT,0.021321,2279.0,0.021324,5155.0,0.021332,235197102.0,5112721.930056
1753460432655,16:20:32.655,bybit,ACH/USDT:USDT,0.02131,260.0,0.021316,500.0,0.021315,79542600.0,1727283.8965
1753460432855,16:20:32.855,bybit,ACH/USDT:USDT,0.02131,260.0,0.021316,500.0,0.021315,79542600.0,1727283.8965
1753460432930,16:20:32.930,bitget,ACH/USDT:USDT,0.021321,2279.0,0.021324,2261.0,0.021332,235197102.0,5112721.930056
1753460433055,16:20:33.055,bybit,ACH/USDT:USDT,0.02131,260.0,0.021314,2480.0,0.021315,79542600.0,1727283.8965
1753460433132,16:20:33.132,okx,ACH/USDT:USDT,0.0213,210.0,0.02131,153.0,0.02132,2486028.0,
1753460433155,16:20:33.155,bybit,ACH/USDT:USDT,0.02131,260.0,0.021311,2980.0,0.021315,79542600.0,1727283.8965
1753460433255,16:20:33.255,bybit,ACH/USDT:USDT,0.021305,260.0,0.021306,2480.0,0.02131,79542860.0,1727289.4371
1753460433247,16:20:33.247,bitget,ACH/USDT:USDT,0.021319,299.0,0.02132,2261.0,0.021332,235197102.0,5112721.930056
1753460433275,16:20:33.275,okx,ACH/USDT:USDT,0.0213,140.0,0.02131,423.0,0.02132,2486028.0,
1753460433356,16:20:33.356,bybit,ACH/USDT:USDT,0.021305,260.0,0.021306,2480.0,0.02131,79542860.0,1727289.4371
1753460433455,16:20:33.455,bybit,ACH/USDT:USDT,0.021305,260.0,0.021307,1270.0,0.02131,79542860.0,1727289.4371
1753460433200,16:20:33.200,binance,ACH/USDT:USDT,,,,,0.021298,741840800.0,16098945.352588
1753460433507,16:20:33.507,okx,ACH/USDT:USDT,0.0213,140.0,0.02131,425.0,0.02132,2486028.0,
1753460433655,16:20:33.655,bybit,ACH/USDT:USDT,0.021306,1250.0,0.021311,500.0,0.02131,79542860.0,1727289.4371
1753460433653,16:20:33.653,bitget,ACH/USDT:USDT,0.021309,7293.0,0.021316,4468.0,0.021315,235197102.0,5112721.930056
1753460433755,16:20:33.755,bybit,ACH/USDT:USDT,0.021307,1250.0,0.021313,320.0,0.02131,79542860.0,1727289.4371
1753460433749,16:20:33.749,okx,ACH/USDT:USDT,0.0213,379.0,0.02131,25.0,0.02132,2486028.0,
1753460433870,16:20:33.870,okx,ACH/USDT:USDT,0.0213,379.0,0.02131,139.0,0.02132,2486028.0,
1753460433955,16:20:33.955,bybit,ACH/USDT:USDT,0.021307,1250.0,0.021309,1210.0,0.02131,79542860.0,1727289.4371
1753460433971,16:20:33.971,okx,ACH/USDT:USDT,0.0213,379.0,0.02131,307.0,0.02132,2486028.0,
1753460434055,16:20:34.055,bybit,ACH/USDT:USDT,0.021305,260.0,0.021307,1210.0,0.02131,79542860.0,1727289.4371
1753460434062,16:20:34.062,bitget,ACH/USDT:USDT,0.021309,7293.0,0.021316,4468.0,0.021315,235203488.0,5112858.050038
1753460434095,16:20:34.095,okx,ACH/USDT:USDT,0.0213,140.0,0.02131,411.0,0.02132,2486028.0,
1753460434155,16:20:34.155,bybit,ACH/USDT:USDT,0.021305,260.0,0.02131,1270.0,0.02131,79542860.0,1727289.4371
1753460434255,16:20:34.255,bybit,ACH/USDT:USDT,0.021305,260.0,0.021309,2480.0,0.02131,79542860.0,1727289.4371
1753460434355,16:20:34.355,bybit,ACH/USDT:USDT,0.021306,1250.0,0.021312,480.0,0.02131,79542860.0,1727289.4371
1753460434384,16:20:34.384,bitget,ACH/USDT:USDT,0.021314,2894.0,0.021319,2261.0,0.021315,235203488.0,5112858.050038
1753460434511,16:20:34.511,okx,ACH/USDT:USDT,0.0213,357.0,0.02131,139.0,0.02132,2486028.0,
1753460434627,16:20:34.627,okx,ACH/USDT:USDT,0.0213,357.0,0.02131,25.0,0.02132,2486028.0,
1753460434655,16:20:34.655,bybit,ACH/USDT:USDT,0.021308,1250.0,0.021312,480.0,0.02131,79542860.0,1727289.4371
1753460434755,16:20:34.755,bybit,ACH/USDT:USDT,0.021305,260.0,0.021312,480.0,0.02131,79542860.0,1727289.4371
1753460434721,16:20:34.721,bitget,ACH/USDT:USDT,0.021314,2894.0,0.021327,2894.0,0.021315,235203488.0,5112858.050038
1753460434955,16:20:34.955,bybit,ACH/USDT:USDT,0.021305,260.0,0.02131,2480.0,0.02131,79542860.0,1727289.4371
1753460435055,16:20:35.055,bybit,ACH/USDT:USDT,0.021305,260.0,0.021309,2480.0,0.02131,79542860.0,1727289.4371
1753460435071,16:20:35.071,bitget,ACH/USDT:USDT,0.021314,2894.0,0.021327,2894.0,0.021315,235203488.0,5112858.050038
1753460435105,16:20:35.105,okx,ACH/USDT:USDT,0.0213,27.0,0.02131,421.0,0.02132,2486028.0,
1753460435156,16:20:35.156,bybit,ACH/USDT:USDT,0.021305,260.0,0.021308,1210.0,0.02131,79542860.0,1727289.4371
1753460435209,16:20:35.209,okx,ACH/USDT:USDT,0.0213,27.0,0.02131,540.0,0.02132,2486028.0,
1753460435355,16:20:35.355,bybit,ACH/USDT:USDT,0.021305,260.0,0.021311,2800.0,0.02131,79542860.0,1727289.4371
1753460435394,16:20:35.394,bitget,ACH/USDT:USDT,0.021313,14050.0,0.021327,2894.0,0.021315,235203488.0,5112858.050038
1753460433562,16:20:33.562,binance,ACH/USDT:USDT,,,,,0.021303,741845215.0,16099039.403453
1753460435655,16:20:35.655,bybit,ACH/USDT:USDT,0.021307,1250.0,0.021311,320.0,0.02131,79542860.0,1727289.4371
1753460435711,16:20:35.711,okx,ACH/USDT:USDT,0.0213,144.0,0.02131,540.0,0.02132,2486028.0,
1753460435723,16:20:35.723,bitget,ACH/USDT:USDT,0.021314,2921.0,0.021323,2261.0,0.021315,235203488.0,5112858.050038
1753460435813,16:20:35.813,okx,ACH/USDT:USDT,0.0213,384.0,0.02131,317.0,0.02132,2486028.0,
1753460435855,16:20:35.855,bybit,ACH/USDT:USDT,0.021305,260.0,0.021311,320.0,0.02131,79542860.0,1727289.4371
1753460435920,16:20:35.920,okx,ACH/USDT:USDT,0.0213,384.0,0.02131,623.0,0.02132,2486028.0,
1753460436250,16:20:36.250,bitget,ACH/USDT:USDT,0.021316,2921.0,0.021322,2261.0,0.021315,235203488.0,5112858.050038
1753460436755,16:20:36.755,bybit,ACH/USDT:USDT,0.021307,1250.0,0.021312,480.0,0.02131,79542860.0,1727289.4371
1753460436890,16:20:36.890,okx,ACH/USDT:USDT,0.0213,384.0,0.02131,151.0,0.02132,2486028.0,
1753460436979,16:20:36.979,bitget,ACH/USDT:USDT,0.021317,2279.0,0.021325,4468.0,0.021315,235203488.0,5112858.050038
1753460437218,16:20:37.218,okx,ACH/USDT:USDT,0.0213,245.0,0.02131,319.0,0.02132,2486028.0,
1753460437256,16:20:37.256,bybit,ACH/USDT:USDT,0.021305,260.0,0.021312,480.0,0.02131,79542860.0,1727289.4371
1753460437455,16:20:37.455,bybit,ACH/USDT:USDT,0.021307,1250.0,0.021312,480.0,0.02131,79542860.0,1727289.4371
1753460437580,16:20:37.580,okx,ACH/USDT:USDT,0.0213,381.0,0.02131,271.0,0.02132,2486028.0,
1753460437655,16:20:37.655,bybit,ACH/USDT:USDT,0.021305,260.0,0.02131,1270.0,0.02131,79542860.0,1727289.4371
1753460437684,16:20:37.684,okx,ACH/USDT:USDT,0.0213,2.0,0.02131,564.0,0.02132,2486028.0,
1753460437706,16:20:37.706,bitget,ACH/USDT:USDT,0.021315,2921.0,0.021318,2261.0,0.021315,235197102.0,5112721.930056
1753460437755,16:20:37.755,bybit,ACH/USDT:USDT,0.021305,260.0,0.021309,2480.0,0.02131,79542860.0,1727289.4371
1753460437855,16:20:37.855,bybit,ACH/USDT:USDT,0.021305,260.0,0.021309,2960.0,0.02131,79542860.0,1727289.4371
1753460437906,16:20:37.906,okx,ACH/USDT:USDT,0.0213,2.0,0.02131,566.0,0.02132,2486028.0,
1753460438008,16:20:38.008,okx,ACH/USDT:USDT,0.0213,2.0,0.02131,766.0,0.02132,2486028.0,
1753460438082,16:20:38.082,bitget,ACH/USDT:USDT,0.021313,14050.0,0.021321,5182.0,0.021315,235203488.0,5112858.050038
1753460438155,16:20:38.155,bybit,ACH/USDT:USDT,0.021305,260.0,0.021307,2480.0,0.02131,79542860.0,1727289.4371
1753460438255,16:20:38.255,bybit,ACH/USDT:USDT,0.021305,260.0,0.021306,2480.0,0.02131,79542860.0,1727289.4371
1753460438243,16:20:38.243,okx,ACH/USDT:USDT,0.0213,2.0,0.02131,771.0,0.02132,2486028.0,
1753460438504,16:20:38.504,bitget,ACH/USDT:USDT,0.021306,20266.0,0.021313,2261.0,0.021315,235203488.0,5112858.050038
1753460438655,16:20:38.655,bybit,ACH/USDT:USDT,0.021301,20.0,0.021305,2480.0,0.021305,79543120.0,1727294.9764
1753460438755,16:20:38.755,bybit,ACH/USDT:USDT,0.021301,20.0,0.021303,2480.0,0.021305,79543120.0,1727294.9764
1753460438872,16:20:38.872,bitget,ACH/USDT:USDT,0.021306,15782.0,0.021312,2261.0,0.021315,235203488.0,5112858.050038
1753460438955,16:20:38.955,bybit,ACH/USDT:USDT,0.021301,20.0,0.021304,1270.0,0.021305,79543120.0,1727294.9764
1753460439055,16:20:39.055,bybit,ACH/USDT:USDT,0.021301,20.0,0.021308,850.0,0.021305,79543120.0,1727294.9764
1753460439155,16:20:39.155,bybit,ACH/USDT:USDT,0.021302,1250.0,0.021308,320.0,0.021305,79543120.0,1727294.9764
1753460439207,16:20:39.207,bitget,ACH/USDT:USDT,0.021306,15782.0,0.021312,2261.0,0.021315,235203488.0,5112858.050038
1753460439255,16:20:39.255,bybit,ACH/USDT:USDT,0.021303,1250.0,0.021308,320.0,0.021305,79543120.0,1727294.9764
1753460439252,16:20:39.252,okx,ACH/USDT:USDT,0.0213,27.0,0.02131,651.0,0.02132,2486028.0,
1753460439355,16:20:39.355,bybit,ACH/USDT:USDT,0.021304,1250.0,0.021308,320.0,0.021305,79543120.0,1727294.9764
1753460439378,16:20:39.378,okx,ACH/USDT:USDT,0.0213,2.0,0.02131,771.0,0.02132,2486028.0,
1753460439455,16:20:39.455,bybit,ACH/USDT:USDT,0.021301,20.0,0.021307,2480.0,0.021305,79543120.0,1727294.9764
1753460439529,16:20:39.529,bitget,ACH/USDT:USDT,0.021309,2921.0,0.021315,2261.0,0.021315,235203488.0,5112858.050038
1753460439655,16:20:39.655,bybit,ACH/USDT:USDT,0.021301,20.0,0.021304,2480.0,0.021305,79543120.0,1727294.9764
1753460439681,16:20:39.681,binance,ACH/USDT:USDT,,,,,0.021296,741845474.0,16099044.919117
1753460439755,16:20:39.755,bybit,ACH/USDT:USDT,0.021301,20.0,0.021302,1270.0,0.021305,79543120.0,1727294.9764
1753460439855,16:20:39.855,bybit,ACH/USDT:USDT,0.021295,260.0,0.021299,2480.0,0.0213,79543400.0,1727300.9404
1753460439833,16:20:39.833,okx,ACH/USDT:USDT,0.02129,2.0,0.0213,811.0,0.0213,2486030.0,
1753460439955,16:20:39.955,bybit,ACH/USDT:USDT,0.021295,260.0,0.021298,2800.0,0.0213,79543400.0,1727300.9404
1753460439929,16:20:39.929,bitget,ACH/USDT:USDT,0.021306,14050.0,0.021313,2261.0,0.021315,235203488.0,5112858.050038
1753460439951,16:20:39.951,okx,ACH/USDT:USDT,0.02129,2.0,0.0213,883.0,0.0213,2486030.0,
1753460440055,16:20:40.055,bybit,ACH/USDT:USDT,0.02129,260.0,0.021297,2480.0,0.021295,79543660.0,1727306.4771
1753460440060,16:20:40.060,okx,ACH/USDT:USDT,0.02129,2.0,0.0213,1322.0,0.0213,2486030.0,
1753460440155,16:20:40.155,bybit,ACH/USDT:USDT,0.02129,260.0,0.021294,1210.0,0.021295,79543660.0,1727306.4771
1753460440185,16:20:40.185,okx,ACH/USDT:USDT,0.02129,2.0,0.0213,1679.0,0.0213,2486030.0,
1753460440255,16:20:40.255,bybit,ACH/USDT:USDT,0.02129,260.0,0.021293,1210.0,0.021295,79543660.0,1727306.4771
1753460440289,16:20:40.289,okx,ACH/USDT:USDT,0.02129,2.0,0.0213,1681.0,0.0213,2486030.0,
1753460440313,16:20:40.313,bitget,ACH/USDT:USDT,0.0213,14050.0,0.021306,5182.0,0.021315,235203488.0,5112858.050038
1753460440355,16:20:40.355,bybit,ACH/USDT:USDT,0.02129,260.0,0.021297,320.0,0.021295,79543660.0,1727306.4771
1753460440413,16:20:40.413,okx,ACH/USDT:USDT,0.02129,29.0,0.0213,1561.0,0.0213,2486030.0,
1753460440455,16:20:40.455,bybit,ACH/USDT:USDT,0.021292,1250.0,0.021297,320.0,0.021295,79543660.0,1727306.4771
1753460440655,16:20:40.655,bybit,ACH/USDT:USDT,0.021292,1250.0,0.021297,320.0,0.021295,79543660.0,1727306.4771
1753460440665,16:20:40.665,okx,ACH/USDT:USDT,0.02129,31.0,0.0213,1681.0,0.0213,2486030.0,
1753460440688,16:20:40.688,bitget,ACH/USDT:USDT,0.021302,2921.0,0.021307,4471.0,0.021315,235203488.0,5112858.050038
1753460440766,16:20:40.766,okx,ACH/USDT:USDT,0.02129,31.0,0.0213,1329.0,0.0213,2486030.0,
1753460440955,16:20:40.955,bybit,ACH/USDT:USDT,0.02129,260.0,0.021295,1210.0,0.021295,79543660.0,1727306.4771
1753460441055,16:20:41.055,bybit,ACH/USDT:USDT,0.02129,260.0,0.021297,2800.0,0.021295,79543660.0,1727306.4771
1753460441011,16:20:41.011,okx,ACH/USDT:USDT,0.02129,4.0,0.0213,1329.0,0.0213,2486030.0,
1753460441112,16:20:41.112,okx,ACH/USDT:USDT,0.02129,2.0,0.0213,1329.0,0.0213,2486030.0,
1753460441158,16:20:41.158,bitget,ACH/USDT:USDT,0.021301,2921.0,0.021306,2261.0,0.021315,235203488.0,5112858.050038
1753460441255,16:20:41.255,bybit,ACH/USDT:USDT,0.02129,260.0,0.021297,2800.0,0.021295,79543660.0,1727306.4771
1753460441355,16:20:41.355,bybit,ACH/USDT:USDT,0.021292,1250.0,0.021297,320.0,0.021295,79543660.0,1727306.4771
1753460441455,16:20:41.455,bybit,ACH/USDT:USDT,0.021293,1250.0,0.021297,320.0,0.021295,79543660.0,1727306.4771
1753460441458,16:20:41.458,okx,ACH/USDT:USDT,0.02129,26.0,0.0213,1329.0,0.0213,2486030.0,
1753460441503,16:20:41.503,bitget,ACH/USDT:USDT,0.021301,2921.0,0.021306,2261.0,0.021315,235203488.0,5112858.050038
1753460441555,16:20:41.555,bybit,ACH/USDT:USDT,0.021293,1250.0,0.021297,320.0,0.021295,79536980.0,1727157.3383
1753460441585,16:20:41.585,okx,ACH/USDT:USDT,0.02129,2.0,0.0213,1329.0,0.0213,2486030.0,
1753460440862,16:20:40.862,binance,ACH/USDT:USDT,,,,,0.021289,741856460.0,16099278.807202
1753460441818,16:20:41.818,bitget,ACH/USDT:USDT,0.021301,2921.0,0.021306,2261.0,0.021315,235203488.0,5112858.050038
1753460441912,16:20:41.912,okx,ACH/USDT:USDT,0.02129,26.0,0.0213,1329.0,0.0213,2486030.0,
1753460442155,16:20:42.155,bybit,ACH/USDT:USDT,0.021293,1250.0,0.021297,8810.0,0.021295,79536980.0,1727157.3383
1753460442132,16:20:42.132,bitget,ACH/USDT:USDT,0.021301,2921.0,0.021306,2261.0,0.021315,235203488.0,5112858.050038
1753460442159,16:20:42.159,okx,ACH/USDT:USDT,0.02129,2.0,0.0213,1329.0,0.0213,2486030.0,
1753460442250,16:20:42.250,gateio,ACH/USDT:USDT,,,,,0.02132,22540584.0,480564.0
1753460442355,16:20:42.355,bybit,ACH/USDT:USDT,0.021293,1250.0,0.021297,6330.0,0.021295,79536980.0,1727157.3383
1753460442455,16:20:42.455,bybit,ACH/USDT:USDT,0.021293,1250.0,0.021297,6330.0,0.021295,79536980.0,1727157.3383
1753460442485,16:20:42.485,bitget,ACH/USDT:USDT,0.021299,4484.0,0.021305,2261.0,0.021315,235203488.0,5112858.050038
1753460442755,16:20:42.755,bybit,ACH/USDT:USDT,0.02129,260.0,0.021297,6330.0,0.021295,79536980.0,1727157.3383
1753460442798,16:20:42.798,bitget,ACH/USDT:USDT,0.0213,2921.0,0.021305,2261.0,0.021315,235203488.0,5112858.050038
1753460442817,16:20:42.817,okx,ACH/USDT:USDT,0.02129,2.0,0.0213,1881.0,0.0213,2486030.0,
1753460443155,16:20:43.155,bybit,ACH/USDT:USDT,0.02129,260.0,0.021295,1270.0,0.021295,79536980.0,1727157.3383
1753460443142,16:20:43.142,bitget,ACH/USDT:USDT,0.0213,2279.0,0.021304,2261.0,0.021315,235203488.0,5112858.050038
1753460443355,16:20:43.355,bybit,ACH/USDT:USDT,0.021285,260.0,0.02129,2480.0,0.02129,79537240.0,1727162.8737
1753460443379,16:20:43.379,okx,ACH/USDT:USDT,0.02129,2.0,0.0213,1882.0,0.0213,2486030.0,
1753460443455,16:20:43.455,bybit,ACH/USDT:USDT,0.021285,260.0,0.02129,2800.0,0.02129,79537240.0,1727162.8737
1753460443496,16:20:43.496,okx,ACH/USDT:USDT,0.02128,59.0,0.0213,1869.0,0.02129,2486032.0,
1753460443555,16:20:43.555,bybit,ACH/USDT:USDT,0.021285,260.0,0.021288,8810.0,0.02129,79537240.0,1727162.8737
1753460443605,16:20:43.605,okx,ACH/USDT:USDT,0.02128,2.0,0.02129,987.0,0.02129,2486032.0,
1753460443655,16:20:43.655,bybit,ACH/USDT:USDT,0.021285,260.0,0.021288,8810.0,0.02129,79537240.0,1727162.8737
1753460443436,16:20:43.436,binance,ACH/USDT:USDT,,,,,0.021282,741867959.0,16099523.576142
1753460443694,16:20:43.694,bitget,ACH/USDT:USDT,0.021288,4482.0,0.021295,3391.0,0.021315,235203488.0,5112858.050038
1753460443715,16:20:43.715,okx,ACH/USDT:USDT,0.02128,4.0,0.02129,987.0,0.02129,2486032.0,
1753460443755,16:20:43.755,bybit,ACH/USDT:USDT,0.021285,260.0,0.021288,6330.0,0.02129,79537240.0,1727162.8737
1753460443871,16:20:43.871,okx,ACH/USDT:USDT,0.02128,2.0,0.02129,987.0,0.02129,2486032.0,
1753460444055,16:20:44.055,bybit,ACH/USDT:USDT,0.021285,260.0,0.021288,8680.0,0.02129,79537240.0,1727162.8737
1753460444098,16:20:44.098,bitget,ACH/USDT:USDT,0.021288,4482.0,0.021295,3391.0,0.021315,235203488.0,5112858.050038
1753460444155,16:20:44.155,bybit,ACH/USDT:USDT,0.021282,1250.0,0.021286,500.0,0.021285,79537500.0,1727168.4078
1753460444255,16:20:44.255,bybit,ACH/USDT:USDT,0.02128,260.0,0.021283,2480.0,0.021285,79537500.0,1727168.4078
1753460444295,16:20:44.295,okx,ACH/USDT:USDT,0.02128,2.0,0.02129,1036.0,0.02129,2486032.0,
1753460444355,16:20:44.355,bybit,ACH/USDT:USDT,0.021278,2040.0,0.021281,2480.0,0.02128,79537760.0,1727173.9406
1753460444419,16:20:44.419,okx,ACH/USDT:USDT,0.02128,2.0,0.02129,1037.0,0.02129,2486032.0,
1753460444455,16:20:44.455,bybit,ACH/USDT:USDT,0.021278,2040.0,0.02128,2480.0,0.02128,79537760.0,1727173.9406
1753460444420,16:20:44.420,bitget,ACH/USDT:USDT,0.021297,3418.0,0.0213,2921.0,0.021315,235203488.0,5112858.050038
1753460444524,16:20:44.524,okx,ACH/USDT:USDT,0.02128,2.0,0.02129,1039.0,0.02129,2486032.0,
1753460444655,16:20:44.655,bybit,ACH/USDT:USDT,0.021278,2040.0,0.021282,1270.0,0.02128,79537760.0,1727173.9406
1753460444752,16:20:44.752,bitget,ACH/USDT:USDT,0.021287,14050.0,0.021291,2261.0,0.021315,235203488.0,5112858.050038
1753460444855,16:20:44.855,bybit,ACH/USDT:USDT,0.021278,2040.0,0.021282,1270.0,0.02128,79537760.0,1727173.9406
1753460444955,16:20:44.955,bybit,ACH/USDT:USDT,0.021278,2040.0,0.021284,2480.0,0.02128,79537760.0,1727173.9406
1753460445081,16:20:45.081,bitget,ACH/USDT:USDT,0.021287,14050.0,0.02129,2261.0,0.021315,235203488.0,5112858.050038
1753460445116,16:20:45.116,okx,ACH/USDT:USDT,0.02128,2.0,0.02129,1273.0,0.02129,2486032.0,
1753460445155,16:20:45.155,bybit,ACH/USDT:USDT,0.021275,260.0,0.021284,2480.0,0.02128,79537760.0,1727173.9406
1753460445217,16:20:45.217,okx,ACH/USDT:USDT,0.02128,2.0,0.02129,1293.0,0.02129,2486032.0,
1753460445255,16:20:45.255,bybit,ACH/USDT:USDT,0.021275,260.0,0.021284,2800.0,0.02128,79537760.0,1727173.9406
1753460445394,16:20:45.394,bitget,ACH/USDT:USDT,0.021287,14050.0,0.02129,2261.0,0.021315,235203488.0,5112858.050038
1753460445555,16:20:45.555,bybit,ACH/USDT:USDT,0.021275,260.0,0.021282,2480.0,0.02128,79537760.0,1727173.9406
1753460445585,16:20:45.585,okx,ACH/USDT:USDT,0.02127,206.0,0.02128,496.0,0.02128,2486034.0,
1753460445655,16:20:45.655,bybit,ACH/USDT:USDT,0.021276,1250.0,0.021284,320.0,0.02128,79537760.0,1727173.9406
1753460444397,16:20:44.397,binance,ACH/USDT:USDT,,,,,0.021274,741919698.0,16100624.745983
1753460445755,16:20:45.755,bybit,ACH/USDT:USDT,0.021277,1250.0,0.021284,320.0,0.02128,79537760.0,1727173.9406
1753460445718,16:20:45.718,bitget,ACH/USDT:USDT,0.021287,14050.0,0.02129,2261.0,0.021315,235203488.0,5112858.050038
1753460445811,16:20:45.811,okx,ACH/USDT:USDT,0.02127,341.0,0.02128,165.0,0.02128,2486034.0,
1753460446155,16:20:46.155,bybit,ACH/USDT:USDT,0.021275,260.0,0.021284,320.0,0.02128,79537760.0,1727173.9406
1753460446123,16:20:46.123,bitget,ACH/USDT:USDT,0.021284,2843.0,0.021292,2261.0,0.021315,235203488.0,5112858.050038
1753460446255,16:20:46.255,bybit,ACH/USDT:USDT,0.021277,1250.0,0.021284,2340.0,0.02128,79537760.0,1727173.9406
1753460446226,16:20:46.226,okx,ACH/USDT:USDT,0.02127,206.0,0.02128,235.0,0.02128,2486034.0,
1753460446355,16:20:46.355,bybit,ACH/USDT:USDT,0.021278,1250.0,0.021284,320.0,0.02128,79537760.0,1727173.9406
1753460446330,16:20:46.330,okx,ACH/USDT:USDT,0.02127,336.0,0.02128,187.0,0.02128,2486034.0,
1753460446555,16:20:46.555,bybit,ACH/USDT:USDT,0.021278,1250.0,0.021284,1620.0,0.02128,79537760.0,1727173.9406
1753460446545,16:20:46.545,bitget,ACH/USDT:USDT,0.021284,2843.0,0.021288,701.0,0.021315,235203488.0,5112858.050038
1753460446655,16:20:46.655,bybit,ACH/USDT:USDT,0.021279,1250.0,0.021284,320.0,0.02128,79537760.0,1727173.9406
1753460446708,16:20:46.708,okx,ACH/USDT:USDT,0.02127,336.0,0.02128,50.0,0.02128,2486034.0,
1753460446855,16:20:46.855,bybit,ACH/USDT:USDT,0.021279,1250.0,0.021284,1840.0,0.02128,79537760.0,1727173.9406
1753460446919,16:20:46.919,okx,ACH/USDT:USDT,0.02127,336.0,0.02128,167.0,0.02128,2486034.0,
1753460446955,16:20:46.955,bybit,ACH/USDT:USDT,0.021279,1250.0,0.021284,320.0,0.02128,79537760.0,1727173.9406
1753460447095,16:20:47.095,bitget,ACH/USDT:USDT,0.021286,46834.0,0.021288,701.0,0.021315,235203488.0,5112858.050038
1753460447355,16:20:47.355,bybit,ACH/USDT:USDT,0.021279,1250.0,0.021284,2800.0,0.02128,79537760.0,1727173.9406
1753460447410,16:20:47.410,okx,ACH/USDT:USDT,0.02127,218.0,0.02128,570.0,0.02128,2486034.0,
1753460447455,16:20:47.455,bybit,ACH/USDT:USDT,0.021275,260.0,0.021283,480.0,0.02128,79537760.0,1727173.9406
1753460447450,16:20:47.450,bitget,ACH/USDT:USDT,0.021286,46834.0,0.021288,701.0,0.021315,235203488.0,5112858.050038
1753460447555,16:20:47.555,bybit,ACH/USDT:USDT,0.021275,260.0,0.021282,1590.0,0.02128,79537760.0,1727173.9406
1753460447615,16:20:47.615,okx,ACH/USDT:USDT,0.02127,1.0,0.02128,1013.0,0.02128,2486034.0,
1753460447655,16:20:47.655,bybit,ACH/USDT:USDT,0.021275,260.0,0.021282,320.0,0.02128,79537760.0,1727173.9406
1753460447721,16:20:47.721,okx,ACH/USDT:USDT,0.02127,1.0,0.02128,1213.0,0.02128,2486034.0,
1753460447787,16:20:47.787,bitget,ACH/USDT:USDT,0.021286,46834.0,0.021288,701.0,0.021315,235203488.0,5112858.050038
1753460447855,16:20:47.855,bybit,ACH/USDT:USDT,0.021275,260.0,0.02128,12650.0,0.02128,79537760.0,1727173.9406
1753460448055,16:20:48.055,bybit,ACH/USDT:USDT,0.021275,260.0,0.02128,12610.0,0.02128,79537760.0,1727173.9406
1753460448023,16:20:48.023,binance,ACH/USDT:USDT,,,,,0.021272,741919957.0,16100630.255431
1753460448104,16:20:48.104,bitget,ACH/USDT:USDT,0.021285,2924.0,0.021288,701.0,0.021315,235203488.0,5112858.050038
1753460448155,16:20:48.155,bybit,ACH/USDT:USDT,0.021271,20.0,0.021276,500.0,0.021275,79538020.0,1727179.4721
1753460448214,16:20:48.214,okx,ACH/USDT:USDT,0.02127,1.0,0.02128,1617.0,0.02128,2486034.0,
1753460448255,16:20:48.255,bybit,ACH/USDT:USDT,0.021271,20.0,0.021276,500.0,0.021275,79538020.0,1727179.4721
1753460448455,16:20:48.455,bybit,ACH/USDT:USDT,0.021271,20.0,0.021276,500.0,0.021275,79538020.0,1727179.4721
1753460448458,16:20:48.458,bitget,ACH/USDT:USDT,0.021279,2845.0,0.021287,2565.0,0.021315,235203488.0,5112858.050038
1753460448755,16:20:48.755,bybit,ACH/USDT:USDT,0.021272,1250.0,0.021279,720.0,0.021275,79538020.0,1727179.4721
1753460448855,16:20:48.855,bybit,ACH/USDT:USDT,0.021271,20.0,0.021279,5480.0,0.021275,79538020.0,1727179.4721
1753460448836,16:20:48.836,bitget,ACH/USDT:USDT,0.02128,2845.0,0.021285,5106.0,0.021315,235203488.0,5112858.050038
1753460448955,16:20:48.955,bybit,ACH/USDT:USDT,0.021271,20.0,0.021278,2480.0,0.021275,79538020.0,1727179.4721
1753460449056,16:20:49.056,bybit,ACH/USDT:USDT,0.021271,20.0,0.021279,3260.0,0.021275,79538020.0,1727179.4721
1753460449155,16:20:49.155,bybit,ACH/USDT:USDT,0.021271,20.0,0.021278,240.0,0.021275,79538020.0,1727179.4721
1753460449160,16:20:49.160,bitget,ACH/USDT:USDT,0.02128,2845.0,0.021285,5106.0,0.021315,235203488.0,5112858.050038
1753460449255,16:20:49.255,bybit,ACH/USDT:USDT,0.021271,20.0,0.021278,2700.0,0.021275,79538020.0,1727179.4721
1753460449355,16:20:49.355,bybit,ACH/USDT:USDT,0.021271,20.0,0.021277,4700.0,0.021275,79538020.0,1727179.4721
1753460449455,16:20:49.455,bybit,ACH/USDT:USDT,0.021271,20.0,0.021278,560.0,0.021275,79538020.0,1727179.4721
1753460449555,16:20:49.555,bybit,ACH/USDT:USDT,0.021271,20.0,0.021274,2480.0,0.021275,79538020.0,1727179.4721
1753460449532,16:20:49.532,bitget,ACH/USDT:USDT,0.02128,2845.0,0.021285,6236.0,0.021315,235203488.0,5112858.050038
1753460449655,16:20:49.655,bybit,ACH/USDT:USDT,0.021271,20.0,0.021276,320.0,0.021275,79538020.0,1727179.4721
1753460449755,16:20:49.755,bybit,ACH/USDT:USDT,0.021271,20.0,0.021276,4790.0,0.021275,79538020.0,1727179.4721
1753460449813,16:20:49.813,okx,ACH/USDT:USDT,0.02127,1.0,0.02128,1618.0,0.02128,2486034.0,
1753460449855,16:20:49.855,bybit,ACH/USDT:USDT,0.021271,20.0,0.021276,6330.0,0.021275,79538020.0,1727179.4721
1753460449884,16:20:49.884,bitget,ACH/USDT:USDT,0.021279,15394.0,0.021283,2261.0,0.021315,235203488.0,5112858.050038
1753460449955,16:20:49.955,bybit,ACH/USDT:USDT,0.021271,20.0,0.021273,2480.0,0.021275,79538020.0,1727179.4721
1753460450055,16:20:50.055,bybit,ACH/USDT:USDT,0.021271,20.0,0.021273,6010.0,0.021275,79538020.0,1727179.4721
1753460448119,16:20:48.119,binance,ACH/USDT:USDT,,,,,0.021272,741934285.0,16100935.015802
1753460450155,16:20:50.155,bybit,ACH/USDT:USDT,0.021271,20.0,0.021273,6250.0,0.021275,79538020.0,1727179.4721
1753460450234,16:20:50.234,bitget,ACH/USDT:USDT,0.021279,15394.0,0.021281,2261.0,0.021315,235203488.0,5112858.050038
1753460450366,16:20:50.366,okx,ACH/USDT:USDT,0.02127,1.0,0.02128,1619.0,0.02128,2486034.0,
1753460450504,16:20:50.504,okx,ACH/USDT:USDT,0.02127,1.0,0.02128,1617.0,0.02128,2486034.0,
1753460450565,16:20:50.565,bitget,ACH/USDT:USDT,0.021276,18832.0,0.021281,2261.0,0.021315,235203488.0,5112858.050038
1753460450855,16:20:50.855,bybit,ACH/USDT:USDT,0.021271,20.0,0.021273,6250.0,0.021275,79538020.0,1727179.4721
1753460450889,16:20:50.889,bitget,ACH/USDT:USDT,0.021279,2845.0,0.021283,2261.0,0.021315,235203488.0,5112858.050038
1753460451055,16:20:51.055,bybit,ACH/USDT:USDT,0.021271,20.0,0.021273,6010.0,0.021275,79538020.0,1727179.4721
1753460451350,16:20:51.350,bitget,ACH/USDT:USDT,0.021276,18832.0,0.021283,5106.0,0.021315,235203488.0,5112858.050038
1753460451706,16:20:51.706,okx,ACH/USDT:USDT,0.02127,1.0,0.02128,1618.0,0.02128,2486034.0,
1753460451755,16:20:51.755,bybit,ACH/USDT:USDT,0.021271,20.0,0.021273,6010.0,0.021275,79538020.0,1727179.4721
1753460451914,16:20:51.914,okx,ACH/USDT:USDT,0.02127,1.0,0.02128,1402.0,0.02128,2486034.0,
1753460452015,16:20:52.015,okx,ACH/USDT:USDT,0.02127,1.0,0.02128,1570.0,0.02128,2486034.0,
1753460452119,16:20:52.119,bitget,ACH/USDT:USDT,0.021276,14352.0,0.021286,2845.0,0.021315,235203488.0,5112858.050038
1753460452239,16:20:52.239,gateio,ACH/USDT:USDT,,,,,0.02132,22540584.0,480564.0
1753460452372,16:20:52.372,okx,ACH/USDT:USDT,0.02127,1.0,0.02128,1571.0,0.02128,2486034.0,
1753460452505,16:20:52.505,okx,ACH/USDT:USDT,0.02127,1.0,0.02128,1570.0,0.02128,2486034.0,
1753460452527,16:20:52.527,bitget,ACH/USDT:USDT,0.021279,2279.0,0.021284,5106.0,0.021278,235203488.0,5112858.050038
1753460452609,16:20:52.609,okx,ACH/USDT:USDT,0.02127,1.0,0.02128,1571.0,0.02128,2486034.0,
1753460452742,16:20:52.742,okx,ACH/USDT:USDT,0.02127,1.0,0.02128,1572.0,0.02128,2486034.0,
1753460452842,16:20:52.842,bitget,ACH/USDT:USDT,0.021279,2279.0,0.021284,5106.0,0.021278,235203488.0,5112858.050038
1753460452975,16:20:52.975,okx,ACH/USDT:USDT,0.02127,1.0,0.02128,1571.0,0.02128,2486034.0,
1753460453155,16:20:53.155,bybit,ACH/USDT:USDT,0.021271,20.0,0.021273,9250.0,0.021275,79538020.0,1727179.4721
1753460453152,16:20:53.152,bitget,ACH/USDT:USDT,0.021279,2279.0,0.021284,5106.0,0.021278,235203488.0,5112858.050038
1753460453212,16:20:53.212,okx,ACH/USDT:USDT,0.02127,1.0,0.02128,1572.0,0.02128,2486034.0,
1753460453255,16:20:53.255,bybit,ACH/USDT:USDT,0.021271,20.0,0.021272,10710.0,0.021275,79538020.0,1727179.4721
1753460453258,16:20:53.258,binance,ACH/USDT:USDT,,,,,0.021266,741934615.0,16100942.033582
1753460453314,16:20:53.314,okx,ACH/USDT:USDT,0.02126,654.0,0.02128,1662.0,0.02127,2486035.0,
1753460453355,16:20:53.355,bybit,ACH/USDT:USDT,0.021266,1250.0,0.02127,6330.0,0.02127,79538300.0,1727185.4277
1753460453455,16:20:53.455,bybit,ACH/USDT:USDT,0.021266,1250.0,0.02127,6330.0,0.02127,79538300.0,1727185.4277
1753460453469,16:20:53.469,okx,ACH/USDT:USDT,0.02126,144.0,0.02127,681.0,0.02127,2486035.0,
1753460453533,16:20:53.533,bitget,ACH/USDT:USDT,0.021277,2279.0,0.021281,2261.0,0.021278,235203488.0,5112858.050038
1753460453571,16:20:53.571,okx,ACH/USDT:USDT,0.02126,146.0,0.02127,385.0,0.02127,2486035.0,
1753460453705,16:20:53.705,okx,ACH/USDT:USDT,0.02126,146.0,0.02127,337.0,0.02127,2486035.0,
1753460453815,16:20:53.815,okx,ACH/USDT:USDT,0.02126,250.0,0.02127,337.0,0.02127,2486035.0,
1753460454069,16:20:54.069,okx,ACH/USDT:USDT,0.02126,250.0,0.02127,505.0,0.02127,2486035.0,
1753460454061,16:20:54.061,bitget,ACH/USDT:USDT,0.021278,2279.0,0.02128,2261.0,0.021278,235204890.0,5112887.881794
1753460454155,16:20:54.155,bybit,ACH/USDT:USDT,0.021266,1250.0,0.02127,6570.0,0.02127,79538300.0,1727185.4277
1753460454310,16:20:54.310,okx,ACH/USDT:USDT,0.02126,224.0,0.02127,505.0,0.02127,2486035.0,
1753460454388,16:20:54.388,bitget,ACH/USDT:USDT,0.021276,302.0,0.021278,2279.0,0.021278,235204890.0,5112887.881794
1753460454412,16:20:54.412,okx,ACH/USDT:USDT,0.02126,252.0,0.02127,337.0,0.02127,2486035.0,
1753460454721,16:20:54.721,bitget,ACH/USDT:USDT,0.021277,2279.0,0.021278,2279.0,0.021278,235204890.0,5112887.881794
1753460454909,16:20:54.909,okx,ACH/USDT:USDT,0.02126,370.0,0.02127,337.0,0.02127,2486035.0,
1753460455076,16:20:55.076,bitget,ACH/USDT:USDT,0.021277,2879.0,0.021281,4470.0,0.021278,235204890.0,5112887.881794
1753460454705,16:20:54.705,binance,ACH/USDT:USDT,,,,,0.021261,741940613.0,16101069.57429
1753460455399,16:20:55.399,bitget,ACH/USDT:USDT,0.021277,2879.0,0.021281,4470.0,0.021278,235204890.0,5112887.881794
1753460455455,16:20:55.455,bybit,ACH/USDT:USDT,0.021266,1250.0,0.02127,6250.0,0.02127,79538300.0,1727185.4277
1753460455509,16:20:55.509,okx,ACH/USDT:USDT,0.02126,370.0,0.02127,45.0,0.02127,2486035.0,
1753460455555,16:20:55.555,bybit,ACH/USDT:USDT,0.021269,1250.0,0.02127,240.0,0.02127,79538300.0,1727185.4277
1753460455655,16:20:55.655,bybit,ACH/USDT:USDT,0.021269,1250.0,0.02127,240.0,0.02127,79538300.0,1727185.4277
1753460455626,16:20:55.626,okx,ACH/USDT:USDT,0.02126,465.0,0.02127,29.0,0.02127,2486035.0,
1753460455755,16:20:55.755,bybit,ACH/USDT:USDT,0.021269,1750.0,0.02127,240.0,0.02127,79538300.0,1727185.4277
1753460455751,16:20:55.751,bitget,ACH/USDT:USDT,0.021278,5158.0,0.021284,4470.0,0.021278,235204890.0,5112887.881794
1753460455780,16:20:55.780,okx,ACH/USDT:USDT,0.02127,164.0,0.02128,849.0,0.02127,2486035.0,
1753460455991,16:20:55.991,okx,ACH/USDT:USDT,0.02127,116.0,0.02128,763.0,0.02127,2486035.0,
1753460456105,16:20:56.105,okx,ACH/USDT:USDT,0.02127,189.0,0.02128,763.0,0.02127,2486035.0,
1753460456155,16:20:56.155,bybit,ACH/USDT:USDT,0.02127,1540.0,0.02128,560.0,0.02127,79538300.0,1727185.4277
1753460456208,16:20:56.208,okx,ACH/USDT:USDT,0.02127,116.0,0.02128,768.0,0.02127,2486035.0,
1753460456255,16:20:56.255,bybit,ACH/USDT:USDT,0.021272,1220.0,0.02128,840.0,0.02127,79538300.0,1727185.4277
1753460456215,16:20:56.215,bitget,ACH/USDT:USDT,0.021283,16258.0,0.021288,4469.0,0.021284,235203488.0,5112858.050038
1753460456309,16:20:56.309,okx,ACH/USDT:USDT,0.02127,291.0,0.02128,664.0,0.02127,2486035.0,
1753460456355,16:20:56.355,bybit,ACH/USDT:USDT,0.021273,1250.0,0.02128,840.0,0.02127,79538300.0,1727185.4277
1753460456412,16:20:56.412,okx,ACH/USDT:USDT,0.02127,402.0,0.02128,664.0,0.02127,2486035.0,
1753460456455,16:20:56.455,bybit,ACH/USDT:USDT,0.021274,1250.0,0.02128,840.0,0.02127,79538300.0,1727185.4277
1753460456555,16:20:56.555,bybit,ACH/USDT:USDT,0.021275,1250.0,0.021281,480.0,0.02127,79538300.0,1727185.4277
1753460456538,16:20:56.538,okx,ACH/USDT:USDT,0.02127,536.0,0.02128,223.0,0.02127,2486035.0,
1753460456755,16:20:56.755,bybit,ACH/USDT:USDT,0.021277,1250.0,0.021281,480.0,0.02127,79538300.0,1727185.4277
1753460456809,16:20:56.809,bitget,ACH/USDT:USDT,0.021283,16258.0,0.021291,4469.0,0.021284,235210580.0,5113008.953614
1753460456855,16:20:56.855,bybit,ACH/USDT:USDT,0.021279,1250.0,0.021285,260.0,0.02127,79538300.0,1727185.4277
1753460456868,16:20:56.868,okx,ACH/USDT:USDT,0.02127,583.0,0.02128,55.0,0.02127,2486035.0,
1753460457005,16:20:57.005,okx,ACH/USDT:USDT,0.02127,472.0,0.02128,51.0,0.02127,2486035.0,
1753460457055,16:20:57.055,bybit,ACH/USDT:USDT,0.02128,1250.0,0.021285,260.0,0.02127,79538300.0,1727185.4277
1753460457105,16:20:57.105,okx,ACH/USDT:USDT,0.02127,472.0,0.02128,164.0,0.02127,2486035.0,
1753460457134,16:20:57.134,bitget,ACH/USDT:USDT,0.021286,5158.0,0.021298,2261.0,0.021284,235210580.0,5113008.953614
1753460457210,16:20:57.210,okx,ACH/USDT:USDT,0.02127,472.0,0.02128,159.0,0.02127,2486035.0,
1753460456743,16:20:56.743,binance,ACH/USDT:USDT,,,,,0.021278,741960313.0,16101488.680101
1753460457418,16:20:57.418,okx,ACH/USDT:USDT,0.02127,583.0,0.02128,42.0,0.02127,2486035.0,
1753460457455,16:20:57.455,bybit,ACH/USDT:USDT,0.021281,1250.0,0.021285,260.0,0.02127,79538300.0,1727185.4277
1753460457633,16:20:57.633,okx,ACH/USDT:USDT,0.02127,783.0,0.02128,42.0,0.02127,2486035.0,
1753460457755,16:20:57.755,bybit,ACH/USDT:USDT,0.021281,1250.0,0.021285,260.0,0.02127,79538300.0,1727185.4277
1753460457739,16:20:57.739,okx,ACH/USDT:USDT,0.02127,672.0,0.02128,42.0,0.02127,2486035.0,
1753460457855,16:20:57.855,bybit,ACH/USDT:USDT,0.021282,1250.0,0.021285,260.0,0.02127,79538300.0,1727185.4277
1753460457867,16:20:57.867,okx,ACH/USDT:USDT,0.02127,783.0,0.02128,42.0,0.02127,2486035.0,
1753460457887,16:20:57.887,bitget,ACH/USDT:USDT,0.021291,2279.0,0.021295,2261.0,0.021284,235203488.0,5112858.050038
1753460458055,16:20:58.055,bybit,ACH/USDT:USDT,0.021282,1250.0,0.021285,260.0,0.02127,79538300.0,1727185.4277
1753460458211,16:20:58.211,okx,ACH/USDT:USDT,0.02127,672.0,0.02128,42.0,0.02127,2486035.0,
1753460458413,16:20:58.413,okx,ACH/USDT:USDT,0.02127,472.0,0.02128,42.0,0.02127,2486035.0,
1753460458455,16:20:58.455,bybit,ACH/USDT:USDT,0.021277,320.0,0.021285,260.0,0.02127,79538300.0,1727185.4277
1753460458460,16:20:58.460,bitget,ACH/USDT:USDT,0.021292,5158.0,0.021295,2261.0,0.021284,235212638.0,5113052.756086
1753460458515,16:20:58.515,okx,ACH/USDT:USDT,0.02127,424.0,0.02128,42.0,0.02127,2486035.0,
1753460458655,16:20:58.655,bybit,ACH/USDT:USDT,0.021277,320.0,0.021285,2060.0,0.02127,79538300.0,1727185.4277
1753460458756,16:20:58.756,bybit,ACH/USDT:USDT,0.021277,320.0,0.021285,3860.0,0.02127,79538300.0,1727185.4277
1753460458774,16:20:58.774,okx,ACH/USDT:USDT,0.02127,377.0,0.02128,297.0,0.02127,2486035.0,
1753460458855,16:20:58.855,bybit,ACH/USDT:USDT,0.021273,2730.0,0.021285,7350.0,0.02127,79538300.0,1727185.4277
1753460458955,16:20:58.955,bybit,ACH/USDT:USDT,0.021273,320.0,0.021281,2480.0,0.02127,79538300.0,1727185.4277
1753460459055,16:20:59.055,bybit,ACH/USDT:USDT,0.02127,580.0,0.021279,13780.0,0.02127,79538300.0,1727185.4277
1753460459108,16:20:59.108,okx,ACH/USDT:USDT,0.02126,761.0,0.02128,1153.0,0.02127,2486035.0,
1753460459155,16:20:59.155,bybit,ACH/USDT:USDT,0.02127,260.0,0.021275,320.0,0.02127,79538300.0,1727185.4277
1753460459214,16:20:59.214,okx,ACH/USDT:USDT,0.02126,599.0,0.02127,186.0,0.02127,2486035.0,
1753460459255,16:20:59.255,bybit,ACH/USDT:USDT,0.02127,260.0,0.021275,2800.0,0.02127,79538300.0,1727185.4277
1753460459002,16:20:59.002,binance,ACH/USDT:USDT,,,,,0.02127,741960572.0,16101494.189031
1753460459316,16:20:59.316,okx,ACH/USDT:USDT,0.02126,599.0,0.02127,140.0,0.02127,2486035.0,
1753460459355,16:20:59.355,bybit,ACH/USDT:USDT,0.02127,260.0,0.021273,320.0,0.02127,79538300.0,1727185.4277
1753460459431,16:20:59.431,okx,ACH/USDT:USDT,0.02126,599.0,0.02127,308.0,0.02127,2486035.0,
1753460459464,16:20:59.464,bitget,ACH/USDT:USDT,0.021284,4482.0,0.021291,2261.0,0.021284,235212638.0,5113052.756086
1753460459555,16:20:59.555,bybit,ACH/USDT:USDT,0.02127,260.0,0.021273,320.0,0.02127,79538300.0,1727185.4277
1753460459566,16:20:59.566,okx,ACH/USDT:USDT,0.02126,400.0,0.02127,300.0,0.02127,2486035.0,
1753460459687,16:20:59.687,okx,ACH/USDT:USDT,0.02126,400.0,0.02127,302.0,0.02127,2486035.0,
1753460459807,16:20:59.807,okx,ACH/USDT:USDT,0.02126,400.0,0.02127,422.0,0.02127,2486035.0,
1753460459795,16:20:59.795,bitget,ACH/USDT:USDT,0.021278,2879.0,0.021281,2261.0,0.021284,235212638.0,5113052.756086
1753460459910,16:20:59.910,okx,ACH/USDT:USDT,0.02126,400.0,0.02127,254.0,0.02127,2486035.0,
1753460460115,16:21:00.115,okx,ACH/USDT:USDT,0.02127,116.0,0.02128,598.0,0.02127,2482386.0,
1753460460155,16:21:00.155,bybit,ACH/USDT:USDT,0.02127,260.0,0.021273,1460.0,0.02127,79538300.0,1727185.4277
1753460460223,16:21:00.223,okx,ACH/USDT:USDT,0.02127,276.0,0.02128,1072.0,0.02127,2482386.0,
1753460460255,16:21:00.255,bybit,ACH/USDT:USDT,0.021271,1250.0,0.021277,320.0,0.02127,79538300.0,1727185.4277
1753460460241,16:21:00.241,bitget,ACH/USDT:USDT,0.021285,6297.0,0.021288,4471.0,0.021284,235212638.0,5113052.756086
1753460460355,16:21:00.355,bybit,ACH/USDT:USDT,0.021273,1250.0,0.021279,1160.0,0.02127,79538300.0,1727185.4277
1753460460372,16:21:00.372,okx,ACH/USDT:USDT,0.02127,276.0,0.02128,709.0,0.02127,2482386.0,
1753460460455,16:21:00.455,bybit,ACH/USDT:USDT,0.021274,1250.0,0.021278,90.0,0.02127,79538300.0,1727185.4277
1753460460485,16:21:00.485,okx,ACH/USDT:USDT,0.02127,428.0,0.02128,605.0,0.02127,2482386.0,
1753460460555,16:21:00.555,bybit,ACH/USDT:USDT,0.021274,1250.0,0.021278,370.0,0.02127,79538300.0,1727185.4277
1753460460655,16:21:00.655,bybit,ACH/USDT:USDT,0.021276,1250.0,0.021278,90.0,0.02127,79538300.0,1727185.4277
1753460460671,16:21:00.671,bitget,ACH/USDT:USDT,0.021289,54361.0,0.021298,14050.0,0.021284,235123228.0,5111053.598968
1753460460755,16:21:00.755,bybit,ACH/USDT:USDT,0.021277,1250.0,0.021284,11400.0,0.021279,79538950.0,1727199.259
1753460460723,16:21:00.723,okx,ACH/USDT:USDT,0.02127,428.0,0.02128,19.0,0.02127,2482386.0,
1753460460855,16:21:00.855,bybit,ACH/USDT:USDT,0.02128,1570.0,0.021285,260.0,0.021279,79538950.0,1727199.259
1753460460850,16:21:00.850,okx,ACH/USDT:USDT,0.02128,245.0,0.02129,828.0,0.02128,2482405.0,
1753460460955,16:21:00.955,bybit,ACH/USDT:USDT,0.021282,1440.0,0.021285,260.0,0.021279,79538950.0,1727199.259
1753460460970,16:21:00.970,okx,ACH/USDT:USDT,0.02128,318.0,0.02129,749.0,0.02128,2482405.0,
1753460461055,16:21:01.055,bybit,ACH/USDT:USDT,0.021283,1250.0,0.021285,260.0,0.021279,79538950.0,1727199.259
1753460461104,16:21:01.104,okx,ACH/USDT:USDT,0.02128,422.0,0.02129,307.0,0.02128,2482405.0,
1753460461211,16:21:01.211,okx,ACH/USDT:USDT,0.02128,351.0,0.02129,195.0,0.02128,2482405.0,
1753460461255,16:21:01.255,bybit,ACH/USDT:USDT,0.021284,1250.0,0.021285,260.0,0.021279,79538950.0,1727199.259
1753460460982,16:21:00.982,binance,ACH/USDT:USDT,,,,,0.021286,741625346.0,16094001.215828
1753460461318,16:21:01.318,okx,ACH/USDT:USDT,0.02128,423.0,0.02129,195.0,0.02128,2482405.0,
1753460461385,16:21:01.385,bitget,ACH/USDT:USDT,0.021296,46834.0,0.021303,4471.0,0.021284,235123228.0,5111053.598968
1753460461420,16:21:01.420,okx,ACH/USDT:USDT,0.02128,430.0,0.02129,71.0,0.02128,2482405.0,
1753460461556,16:21:01.556,bybit,ACH/USDT:USDT,0.021282,320.0,0.021285,260.0,0.021279,79538950.0,1727199.259
1753460461527,16:21:01.527,okx,ACH/USDT:USDT,0.02128,254.0,0.02129,471.0,0.02128,2482405.0,
1753460461637,16:21:01.637,okx,ACH/USDT:USDT,0.02128,9.0,0.02129,671.0,0.02128,2482405.0,
1753460461874,16:21:01.874,okx,ACH/USDT:USDT,0.02128,34.0,0.02129,644.0,0.02128,2482405.0,
1753460461955,16:21:01.955,bybit,ACH/USDT:USDT,0.021282,320.0,0.021285,260.0,0.021279,79538950.0,1727199.259
1753460461996,16:21:01.996,okx,ACH/USDT:USDT,0.02128,9.0,0.02129,644.0,0.02128,2482405.0,
1753460462155,16:21:02.155,bybit,ACH/USDT:USDT,0.021279,320.0,0.021285,260.0,0.021279,79538950.0,1727199.259
1753460462255,16:21:02.255,bybit,ACH/USDT:USDT,0.021278,1250.0,0.021285,260.0,0.021279,79538950.0,1727199.259
1753460462313,16:21:02.313,okx,ACH/USDT:USDT,0.02128,152.0,0.02129,484.0,0.02128,2482405.0,
1753460462355,16:21:02.355,bybit,ACH/USDT:USDT,0.021279,1250.0,0.021285,260.0,0.021279,79538950.0,1727199.259
1753460462366,16:21:02.366,bitget,ACH/USDT:USDT,0.021291,16987.0,0.021302,2261.0,0.021297,235123228.0,5111053.598968
1753460462416,16:21:02.416,okx,ACH/USDT:USDT,0.02128,150.0,0.02129,484.0,0.02128,2482405.0,
1753460462455,16:21:02.455,bybit,ACH/USDT:USDT,0.02128,1250.0,0.021285,260.0,0.021279,79538950.0,1727199.259
1753460462517,16:21:02.517,okx,ACH/USDT:USDT,0.02128,9.0,0.02129,596.0,0.02128,2482405.0,
1753460462555,16:21:02.555,bybit,ACH/USDT:USDT,0.021276,320.0,0.021285,260.0,0.021279,79538950.0,1727199.259
1753460462625,16:21:02.625,okx,ACH/USDT:USDT,0.02128,2.0,0.02129,644.0,0.02128,2482412.0,
1753460462656,16:21:02.656,bybit,ACH/USDT:USDT,0.021273,320.0,0.021283,2480.0,0.021279,79538950.0,1727199.259
1753460462755,16:21:02.755,bybit,ACH/USDT:USDT,0.021273,320.0,0.021283,1140.0,0.021279,79538950.0,1727199.259
1753460462730,16:21:02.730,okx,ACH/USDT:USDT,0.02127,143.0,0.02128,744.0,0.02128,2482414.0,
1753460462739,16:21:02.739,bitget,ACH/USDT:USDT,0.021288,21411.0,0.021299,5140.0,0.021298,235151328.0,5111652.044668
1753460462855,16:21:02.855,bybit,ACH/USDT:USDT,0.021273,320.0,0.021282,1590.0,0.021279,79538950.0,1727199.259
1753460462858,16:21:02.858,okx,ACH/USDT:USDT,0.02127,143.0,0.02128,878.0,0.02128,2482414.0,
1753460462955,16:21:02.955,bybit,ACH/USDT:USDT,0.021273,320.0,0.021281,2480.0,0.021279,79538950.0,1727199.259
1753460462970,16:21:02.970,okx,ACH/USDT:USDT,0.02127,143.0,0.02128,982.0,0.02128,2482414.0,
1753460463055,16:21:03.055,bybit,ACH/USDT:USDT,0.02127,260.0,0.021276,2960.0,0.021279,79538950.0,1727199.259
1753460463075,16:21:03.075,okx,ACH/USDT:USDT,0.02127,27.0,0.02128,1425.0,0.02128,2482414.0,
1753460463087,16:21:03.087,bitget,ACH/USDT:USDT,0.021285,47476.0,0.021289,2261.0,0.021298,235151328.0,5111652.044668
1753460463155,16:21:03.155,bybit,ACH/USDT:USDT,0.02127,260.0,0.021275,2800.0,0.021279,79538950.0,1727199.259
1753460463200,16:21:03.200,okx,ACH/USDT:USDT,0.02126,685.0,0.02128,2178.0,0.02128,2482414.0,
1753460463255,16:21:03.255,bybit,ACH/USDT:USDT,0.02127,260.0,0.021273,320.0,0.021279,79538950.0,1727199.259
1753460462111,16:21:02.111,binance,ACH/USDT:USDT,,,,,0.021279,741625720.0,16094009.174174
1753460463310,16:21:03.310,okx,ACH/USDT:USDT,0.02126,381.0,0.02127,218.0,0.02128,2482414.0,
1753460463355,16:21:03.355,bybit,ACH/USDT:USDT,0.02127,260.0,0.021273,3980.0,0.021279,79538950.0,1727199.259
1753460463412,16:21:03.412,okx,ACH/USDT:USDT,0.02126,381.0,0.02127,170.0,0.02128,2482414.0,
1753460463455,16:21:03.455,bybit,ACH/USDT:USDT,0.02127,260.0,0.021273,320.0,0.021279,79538950.0,1727199.259
1753460463423,16:21:03.423,bitget,ACH/USDT:USDT,0.021282,2879.0,0.021283,2261.0,0.021298,235151328.0,5111652.044668
1753460463665,16:21:03.665,okx,ACH/USDT:USDT,0.02126,581.0,0.02127,170.0,0.02128,2482414.0,
1753460463770,16:21:03.770,bitget,ACH/USDT:USDT,0.021279,5158.0,0.021281,2261.0,0.021298,235123228.0,5111053.598968
1753460463955,16:21:03.955,bybit,ACH/USDT:USDT,0.02127,260.0,0.021275,1160.0,0.021279,79538950.0,1727199.259
1753460464055,16:21:04.055,bybit,ACH/USDT:USDT,0.021271,1250.0,0.021275,560.0,0.021279,79538950.0,1727199.259
1753460464155,16:21:04.155,bybit,ACH/USDT:USDT,0.021273,1250.0,0.021279,17320.0,0.021279,79538950.0,1727199.259
1753460464255,16:21:04.255,bybit,ACH/USDT:USDT,0.021275,1250.0,0.021279,6300.0,0.021279,79538950.0,1727199.259
1753460464355,16:21:04.355,bybit,ACH/USDT:USDT,0.021275,1250.0,0.021279,6580.0,0.021279,79538950.0,1727199.259
1753460464362,16:21:04.362,bitget,ACH/USDT:USDT,0.021283,6357.0,0.021292,2261.0,0.021298,235151800.0,5111662.097324
1753460464413,16:21:04.413,okx,ACH/USDT:USDT,0.02127,432.0,0.02128,144.0,0.02128,2482414.0,
1753460464455,16:21:04.455,bybit,ACH/USDT:USDT,0.021275,1250.0,0.021279,6020.0,0.021279,79538950.0,1727199.259
1753460464513,16:21:04.513,okx,ACH/USDT:USDT,0.02127,384.0,0.02128,144.0,0.02128,2482414.0,
1753460464555,16:21:04.555,bybit,ACH/USDT:USDT,0.021275,1250.0,0.021279,6860.0,0.021279,79538950.0,1727199.259
1753460464655,16:21:04.655,bybit,ACH/USDT:USDT,0.021275,1250.0,0.021279,7420.0,0.021279,79538950.0,1727199.259
1753460464715,16:21:04.715,bitget,ACH/USDT:USDT,0.021283,6357.0,0.021292,2261.0,0.021298,235151800.0,5111662.097324
1753460465055,16:21:05.055,bybit,ACH/USDT:USDT,0.021271,1250.0,0.021278,6300.0,0.021279,79538950.0,1727199.259
1753460465032,16:21:05.032,bitget,ACH/USDT:USDT,0.021285,5218.0,0.021293,2261.0,0.021298,235151800.0,5111662.097324
1753460465081,16:21:05.081,okx,ACH/USDT:USDT,0.02127,280.0,0.02128,360.0,0.02128,2482414.0,
1753460465155,16:21:05.155,bybit,ACH/USDT:USDT,0.021271,1250.0,0.021278,6020.0,0.021279,79538950.0,1727199.259
1753460465188,16:21:05.188,okx,ACH/USDT:USDT,0.02127,280.0,0.02128,246.0,0.02128,2482414.0,
1753460464057,16:21:04.057,binance,ACH/USDT:USDT,,,,,0.021272,741626534.0,16094026.487563
1753460465307,16:21:05.307,okx,ACH/USDT:USDT,0.02127,280.0,0.02128,248.0,0.02128,2482414.0,
1753460465381,16:21:05.381,bitget,ACH/USDT:USDT,0.021287,2279.0,0.02129,2261.0,0.021298,235151800.0,5111662.097324
1753460465407,16:21:05.407,okx,ACH/USDT:USDT,0.02127,384.0,0.02128,144.0,0.02128,2482414.0,
1753460465455,16:21:05.455,bybit,ACH/USDT:USDT,0.02127,260.0,0.021278,6300.0,0.021279,79538950.0,1727199.259
1753460465555,16:21:05.555,bybit,ACH/USDT:USDT,0.02127,260.0,0.021278,6860.0,0.021279,79538950.0,1727199.259
1753460465725,16:21:05.725,bitget,ACH/USDT:USDT,0.021287,5218.0,0.021293,4468.0,0.021298,235151800.0,5111662.097324
1753460465855,16:21:05.855,bybit,ACH/USDT:USDT,0.021271,1730.0,0.021281,320.0,0.021279,79538950.0,1727199.259
1753460465904,16:21:05.904,okx,ACH/USDT:USDT,0.02127,384.0,0.02128,25.0,0.02128,2482414.0,
1753460466006,16:21:06.006,okx,ACH/USDT:USDT,0.02127,382.0,0.02128,25.0,0.02128,2482414.0,
1753460466055,16:21:06.055,bybit,ACH/USDT:USDT,0.021272,1570.0,0.021281,320.0,0.021279,79538950.0,1727199.259
1753460466043,16:21:06.043,bitget,ACH/USDT:USDT,0.021288,2279.0,0.021295,2261.0,0.021298,235151800.0,5111662.097324
1753460466216,16:21:06.216,okx,ACH/USDT:USDT,0.02127,280.0,0.02128,271.0,0.02128,2482414.0,
1753460466355,16:21:06.355,bybit,ACH/USDT:USDT,0.021272,320.0,0.021281,320.0,0.021279,79538950.0,1727199.259
1753460466369,16:21:06.369,okx,ACH/USDT:USDT,0.02127,280.0,0.02128,425.0,0.02128,2482414.0,
1753460466373,16:21:06.373,bitget,ACH/USDT:USDT,0.021285,2939.0,0.021293,2939.0,0.021298,235151800.0,5111662.097324
1753460466455,16:21:06.455,bybit,ACH/USDT:USDT,0.021273,1250.0,0.021281,320.0,0.021279,79538950.0,1727199.259
1753460466477,16:21:06.477,okx,ACH/USDT:USDT,0.02127,384.0,0.02128,25.0,0.02128,2482414.0,
1753460466555,16:21:06.555,bybit,ACH/USDT:USDT,0.021274,1250.0,0.021281,320.0,0.021279,79538950.0,1727199.259
1753460466655,16:21:06.655,bybit,ACH/USDT:USDT,0.021275,1250.0,0.021281,320.0,0.021279,79538950.0,1727199.259
1753460466749,16:21:06.749,bitget,ACH/USDT:USDT,0.021292,236.0,0.021295,2261.0,0.021298,235151800.0,5111662.097324
1753460467110,16:21:07.110,bitget,ACH/USDT:USDT,0.021292,236.0,0.021294,2261.0,0.021298,235151800.0,5111662.097324
1753460465758,16:21:05.758,binance,ACH/USDT:USDT,,,,,0.021284,741666213.0,16094870.922011
1753460467310,16:21:07.310,okx,ACH/USDT:USDT,0.02127,407.0,0.02129,2334.0,0.02128,2482690.0,
1753460467355,16:21:07.355,bybit,ACH/USDT:USDT,0.021276,1250.0,0.021281,10550.0,0.021279,79538950.0,1727199.259
1753460467410,16:21:07.410,okx,ACH/USDT:USDT,0.02127,407.0,0.02128,501.0,0.02128,2482690.0,
1753460467424,16:21:07.424,bitget,ACH/USDT:USDT,0.021292,236.0,0.021293,2261.0,0.021298,235151800.0,5111662.097324
1753460467515,16:21:07.515,okx,ACH/USDT:USDT,0.02127,383.0,0.02128,353.0,0.02128,2482690.0,
1753460467555,16:21:07.555,bybit,ACH/USDT:USDT,0.021277,1250.0,0.021283,5280.0,0.021279,79538950.0,1727199.259
1753460467655,16:21:07.655,bybit,ACH/USDT:USDT,0.021277,1250.0,0.021279,320.0,0.021279,79538950.0,1727199.259
1753460467717,16:21:07.717,okx,ACH/USDT:USDT,0.02127,383.0,0.02128,239.0,0.02128,2482690.0,
1753460467746,16:21:07.746,bitget,ACH/USDT:USDT,0.021292,236.0,0.021293,5200.0,0.021298,235151800.0,5111662.097324
1753460467966,16:21:07.966,okx,ACH/USDT:USDT,0.02127,383.0,0.02128,78.0,0.02128,2482690.0,
1753460468101,16:21:08.101,bitget,ACH/USDT:USDT,0.021292,236.0,0.021293,2261.0,0.021298,235151800.0,5111662.097324
1753460468408,16:21:08.408,okx,ACH/USDT:USDT,0.02127,383.0,0.02128,30.0,0.02128,2482690.0,
1753460468426,16:21:08.426,bitget,ACH/USDT:USDT,0.021292,236.0,0.021293,2261.0,0.021298,235151800.0,5111662.097324
1753460468511,16:21:08.511,okx,ACH/USDT:USDT,0.02127,383.0,0.02128,188.0,0.02128,2482690.0,
1753460468749,16:21:08.749,bitget,ACH/USDT:USDT,0.021292,236.0,0.021293,2261.0,0.021298,235151800.0,5111662.097324
1753460468871,16:21:08.871,okx,ACH/USDT:USDT,0.02127,383.0,0.02128,160.0,0.02128,2482690.0,
1753460468955,16:21:08.955,bybit,ACH/USDT:USDT,0.021273,1250.0,0.021279,320.0,0.021279,79538950.0,1727199.259
1753460468973,16:21:08.973,okx,ACH/USDT:USDT,0.02127,383.0,0.02128,178.0,0.02128,2482690.0,
1753460469113,16:21:09.113,okx,ACH/USDT:USDT,0.02127,383.0,0.02128,180.0,0.02128,2482690.0,
1753460469155,16:21:09.155,bybit,ACH/USDT:USDT,0.021274,1250.0,0.021279,320.0,0.021279,79538950.0,1727199.259
1753460469183,16:21:09.183,bitget,ACH/USDT:USDT,0.021292,236.0,0.021293,2261.0,0.021298,235212638.0,5113052.756086
1753460469254,16:21:09.254,gateio,ACH/USDT:USDT,,,,,0.02132,22551584.0,480798.0
1753460469259,16:21:09.259,okx,ACH/USDT:USDT,0.02127,383.0,0.02128,132.0,0.02128,2482690.0,
1753460468191,16:21:08.191,binance,ACH/USDT:USDT,,,,,0.021277,741671821.0,16094990.243427
1753460469396,16:21:09.396,okx,ACH/USDT:USDT,0.02127,383.0,0.02128,293.0,0.02128,2482690.0,
1753460469613,16:21:09.613,okx,ACH/USDT:USDT,0.02127,383.0,0.02128,189.0,0.02128,2482690.0,
1753460469715,16:21:09.715,okx,ACH/USDT:USDT,0.02127,383.0,0.02128,28.0,0.02128,2482690.0,
1753460469794,16:21:09.794,bitget,ACH/USDT:USDT,0.021292,236.0,0.021293,2261.0,0.021298,235151800.0,5111662.097324
1753460470130,16:21:10.130,bitget,ACH/USDT:USDT,0.021292,236.0,0.021293,2261.0,0.021298,235151800.0,5111662.097324
1753460470346,16:21:10.346,okx,ACH/USDT:USDT,0.02127,383.0,0.02128,74.0,0.02128,2482690.0,
1753460470457,16:21:10.457,okx,ACH/USDT:USDT,0.02127,383.0,0.02128,76.0,0.02128,2482690.0,
1753460470545,16:21:10.545,bitget,ACH/USDT:USDT,0.021292,236.0,0.021293,2261.0,0.021298,235151800.0,5111662.097324
1753460470655,16:21:10.655,bybit,ACH/USDT:USDT,0.021274,1250.0,0.021279,790.0,0.021279,79538950.0,1727199.259
1753460471144,16:21:11.144,bitget,ACH/USDT:USDT,0.021292,236.0,0.021293,2261.0,0.021298,235151800.0,5111662.097324
1753460471171,16:21:11.171,okx,ACH/USDT:USDT,0.02127,383.0,0.02128,26.0,0.02128,2482690.0,
1753460471255,16:21:11.255,bybit,ACH/USDT:USDT,0.021274,1250.0,0.021279,790.0,0.021279,79538950.0,1727199.259
1753460471272,16:21:11.272,okx,ACH/USDT:USDT,0.02127,383.0,0.02128,311.0,0.02128,2482690.0,
1753460471345,16:21:11.345,binance,ACH/USDT:USDT,,,,,0.021273,741672937.0,16095013.984095
1753460471407,16:21:11.407,okx,ACH/USDT:USDT,0.02127,383.0,0.02128,313.0,0.02128,2482690.0,
1753460471455,16:21:11.455,bybit,ACH/USDT:USDT,0.02127,580.0,0.021279,1110.0,0.021279,79538950.0,1727199.259
1753460471482,16:21:11.482,bitget,ACH/USDT:USDT,0.021292,236.0,0.021293,5200.0,0.021298,235151800.0,5111662.097324
1753460471555,16:21:11.555,bybit,ACH/USDT:USDT,0.02127,580.0,0.021278,2480.0,0.021279,79538950.0,1727199.259
1753460471532,16:21:11.532,okx,ACH/USDT:USDT,0.02127,139.0,0.02128,778.0,0.02128,2482690.0,
1753460471655,16:21:11.655,bybit,ACH/USDT:USDT,0.02127,260.0,0.021276,2480.0,0.021279,79538950.0,1727199.259
1753460471855,16:21:11.855,bybit,ACH/USDT:USDT,0.02127,260.0,0.021278,480.0,0.021279,79538950.0,1727199.259
1753460471879,16:21:11.879,bitget,ACH/USDT:USDT,0.021282,2939.0,0.021283,2261.0,0.021292,235151800.0,5111662.097324
1753460471955,16:21:11.955,bybit,ACH/USDT:USDT,0.021271,1250.0,0.021278,480.0,0.021279,79538950.0,1727199.259
1753460472012,16:21:12.012,okx,ACH/USDT:USDT,0.02127,257.0,0.02128,457.0,0.02128,2482690.0,
1753460472116,16:21:12.116,okx,ACH/USDT:USDT,0.02126,997.0,0.02128,1059.0,0.02128,2482690.0,
1753460472255,16:21:12.255,bybit,ACH/USDT:USDT,0.02127,260.0,0.021278,480.0,0.021279,79538950.0,1727199.259
1753460472234,16:21:12.234,okx,ACH/USDT:USDT,0.02126,573.0,0.02127,259.0,0.02128,2482690.0,
1753460472220,16:21:12.220,bitget,ACH/USDT:USDT,0.021285,6357.0,0.021296,1042.0,0.021292,235151800.0,5111662.097324
1753460472245,16:21:12.245,gateio,ACH/USDT:USDT,,,,,0.02132,22551584.0,480798.0
1753460472355,16:21:12.355,bybit,ACH/USDT:USDT,0.02127,260.0,0.021275,320.0,0.021279,79538950.0,1727199.259
1753460472374,16:21:12.374,okx,ACH/USDT:USDT,0.02126,373.0,0.02127,495.0,0.02128,2482690.0,
1753460472455,16:21:12.455,bybit,ACH/USDT:USDT,0.02127,260.0,0.021275,320.0,0.021279,79538950.0,1727199.259
1753460472555,16:21:12.555,bybit,ACH/USDT:USDT,0.02127,260.0,0.021275,800.0,0.021279,79538950.0,1727199.259
1753460472535,16:21:12.535,bitget,ACH/USDT:USDT,0.021279,2879.0,0.021282,3391.0,0.021292,235151800.0,5111662.097324
1753460472605,16:21:12.605,okx,ACH/USDT:USDT,0.02126,373.0,0.02127,383.0,0.02128,2482690.0,
1753460472861,16:21:12.861,bitget,ACH/USDT:USDT,0.021276,3241.0,0.021277,3155.0,0.021277,235152272.0,5111672.147148
1753460473172,16:21:13.172,okx,ACH/USDT:USDT,0.02126,373.0,0.02127,213.0,0.02128,2482690.0,
1753460473222,16:21:13.222,bitget,ACH/USDT:USDT,0.021277,6094.0,0.021283,4470.0,0.021277,235152272.0,5111672.147148
1753460473355,16:21:13.355,bybit,ACH/USDT:USDT,0.02127,260.0,0.021275,800.0,0.021279,79538950.0,1727199.259
1753460471849,16:21:11.849,binance,ACH/USDT:USDT,,,,,0.021268,741679370.0,16095150.791196
1753460473411,16:21:13.411,okx,ACH/USDT:USDT,0.02126,373.0,0.02127,143.0,0.02128,2482690.0,
1753460473537,16:21:13.537,bitget,ACH/USDT:USDT,0.021277,6094.0,0.021283,4470.0,0.021277,235152272.0,5111672.147148
1753460473616,16:21:13.616,okx,ACH/USDT:USDT,0.02126,373.0,0.02127,303.0,0.02128,2482690.0,
1753460473854,16:21:13.854,bitget,ACH/USDT:USDT,0.021279,2279.0,0.021284,4470.0,0.021277,235152744.0,5111682.189892
1753460473869,16:21:13.869,okx,ACH/USDT:USDT,0.02126,373.0,0.02127,143.0,0.02128,2482690.0,
1753460474283,16:21:14.283,bitget,ACH/USDT:USDT,0.021276,14352.0,0.021282,2261.0,0.021277,235152744.0,5111682.189892
1753460474435,16:21:14.435,okx,ACH/USDT:USDT,0.02126,373.0,0.02127,310.0,0.02128,2482690.0,
1753460474641,16:21:14.641,bitget,ACH/USDT:USDT,0.021276,18836.0,0.021281,2261.0,0.021277,235152744.0,5111682.189892
1753460474957,16:21:14.957,bitget,ACH/USDT:USDT,0.021276,18836.0,0.021281,2261.0,0.021277,235152744.0,5111682.189892
1753460475069,16:21:15.069,okx,ACH/USDT:USDT,0.02126,373.0,0.02127,143.0,0.02128,2482690.0,
1753460475181,16:21:15.181,okx,ACH/USDT:USDT,0.02126,373.0,0.02127,141.0,0.02128,2482690.0,
1753460475279,16:21:15.279,bitget,ACH/USDT:USDT,0.021279,2279.0,0.02128,2261.0,0.021277,235152744.0,5111682.189892
1753460474316,16:21:14.316,binance,ACH/USDT:USDT,,,,,0.021266,741687958.0,16095333.423604
1753460475411,16:21:15.411,okx,ACH/USDT:USDT,0.02126,373.0,0.02127,143.0,0.02128,2482690.0,
1753460475555,16:21:15.555,bybit,ACH/USDT:USDT,0.02127,260.0,0.021275,3150.0,0.021279,79538950.0,1727199.259
1753460475679,16:21:15.679,bitget,ACH/USDT:USDT,0.021279,5187.0,0.02128,2261.0,0.021277,235151800.0,5111662.097324
1753460475755,16:21:15.755,bybit,ACH/USDT:USDT,0.02127,260.0,0.021273,320.0,0.021279,79538950.0,1727199.259
1753460475769,16:21:15.769,okx,ACH/USDT:USDT,0.02126,373.0,0.02127,407.0,0.02128,2482690.0,
1753460475855,16:21:15.855,bybit,ACH/USDT:USDT,0.02127,260.0,0.021273,3840.0,0.021279,79538950.0,1727199.259
1753460475880,16:21:15.880,okx,ACH/USDT:USDT,0.02126,373.0,0.02127,539.0,0.02128,2482690.0,
1753460476155,16:21:16.155,bybit,ACH/USDT:USDT,0.02127,260.0,0.021273,9860.0,0.021279,79538950.0,1727199.259
1753460476220,16:21:16.220,bitget,ACH/USDT:USDT,0.021276,14352.0,0.021279,2261.0,0.021277,235152744.0,5111682.189892
1753460476554,16:21:16.554,bitget,ACH/USDT:USDT,0.021276,302.0,0.021277,2261.0,0.021277,235152744.0,5111682.189892
1753460476565,16:21:16.565,okx,ACH/USDT:USDT,0.02126,370.0,0.02127,541.0,0.02128,2482690.0,
1753460476913,16:21:16.913,bitget,ACH/USDT:USDT,0.021276,3210.0,0.021277,2261.0,0.021277,235152744.0,5111682.189892
1753460477255,16:21:17.255,bybit,ACH/USDT:USDT,0.02127,260.0,0.021273,11620.0,0.021279,79538950.0,1727199.259
1753460477421,16:21:17.421,bitget,ACH/USDT:USDT,0.021276,3210.0,0.021277,2261.0,0.021277,235152744.0,5111682.189892
1753460477561,16:21:17.561,binance,ACH/USDT:USDT,,,,,0.021262,741688217.0,16095338.930462
1753460477655,16:21:17.655,bybit,ACH/USDT:USDT,0.02127,260.0,0.021271,9000.0,0.021279,79538950.0,1727199.259
1753460477855,16:21:17.855,bybit,ACH/USDT:USDT,0.02127,260.0,0.021271,9480.0,0.021279,79538950.0,1727199.259
1753460477955,16:21:17.955,bybit,ACH/USDT:USDT,0.02127,260.0,0.021271,8760.0,0.021279,79538950.0,1727199.259
1753460478048,16:21:18.048,okx,ACH/USDT:USDT,0.02126,32.0,0.02127,741.0,0.02128,2482690.0,
1753460478155,16:21:18.155,bybit,ACH/USDT:USDT,0.02127,260.0,0.021271,8760.0,0.021279,79538950.0,1727199.259
1753460478197,16:21:18.197,bitget,ACH/USDT:USDT,0.021276,302.0,0.021277,2261.0,0.021277,235152744.0,5111682.189892
1753460478255,16:21:18.255,bybit,ACH/USDT:USDT,0.02127,260.0,0.021271,9080.0,0.021279,79538950.0,1727199.259
1753460478247,16:21:18.247,gateio,ACH/USDT:USDT,,,,,0.02125,22558844.0,479374.0
1753460478455,16:21:18.455,bybit,ACH/USDT:USDT,0.02127,260.0,0.021271,11430.0,0.021279,79538950.0,1727199.259
1753460478709,16:21:18.709,okx,ACH/USDT:USDT,0.02126,149.0,0.02127,741.0,0.02128,2482690.0,
1753460479046,16:21:19.046,bitget,ACH/USDT:USDT,0.021276,3210.0,0.021277,2261.0,0.021277,235152744.0,5111682.189892
1753460479211,16:21:19.211,okx,ACH/USDT:USDT,0.02126,372.0,0.02127,277.0,0.02128,2482690.0,
1753460479255,16:21:19.255,bybit,ACH/USDT:USDT,0.02127,260.0,0.021271,9080.0,0.021279,79538950.0,1727199.259
1753460479257,16:21:19.257,gateio,ACH/USDT:USDT,,,,,0.02125,22558844.0,479374.0
1753460479468,16:21:19.468,bitget,ACH/USDT:USDT,0.021278,6326.0,0.021285,4469.0,0.021277,235152744.0,5111682.189892
1753460479075,16:21:19.075,binance,ACH/USDT:USDT,,,,,0.02126,741692407.0,16095428.0101
1753460479655,16:21:19.655,bybit,ACH/USDT:USDT,0.02127,260.0,0.021271,9360.0,0.021279,79538950.0,1727199.259
1753460479695,16:21:19.695,okx,ACH/USDT:USDT,0.02126,420.0,0.02127,277.0,0.02128,2482690.0,
1753460479755,16:21:19.755,bybit,ACH/USDT:USDT,0.02127,260.0,0.021271,11570.0,0.021279,79538950.0,1727199.259
1753460479802,16:21:19.802,okx,ACH/USDT:USDT,0.02126,372.0,0.02127,277.0,0.02128,2482690.0,
1753460479856,16:21:19.856,bitget,ACH/USDT:USDT,0.021278,6326.0,0.021283,2261.0,0.021277,235152744.0,5111682.189892
1753460480182,16:21:20.182,bitget,ACH/USDT:USDT,0.021276,3210.0,0.02128,2261.0,0.021277,235152744.0,5111682.189892
1753460480355,16:21:20.355,bybit,ACH/USDT:USDT,0.02127,260.0,0.021271,8580.0,0.021279,79538950.0,1727199.259
1753460480330,16:21:20.330,okx,ACH/USDT:USDT,0.02126,532.0,0.02127,277.0,0.02128,2482690.0,
1753460480455,16:21:20.455,bybit,ACH/USDT:USDT,0.02127,260.0,0.021271,8860.0,0.021279,79538950.0,1727199.259
1753460480469,16:21:20.469,okx,ACH/USDT:USDT,0.02126,779.0,0.02127,30.0,0.02128,2482690.0,
1753460480522,16:21:20.522,bitget,ACH/USDT:USDT,0.02128,2279.0,0.021284,4469.0,0.021277,235152744.0,5111682.189892
1753460480755,16:21:20.755,bybit,ACH/USDT:USDT,0.02127,260.0,0.021271,8580.0,0.021279,79538950.0,1727199.259
1753460480810,16:21:20.810,okx,ACH/USDT:USDT,0.02126,467.0,0.02127,30.0,0.02128,2482690.0,
1753460480855,16:21:20.855,bybit,ACH/USDT:USDT,0.02127,260.0,0.021271,9080.0,0.021279,79538950.0,1727199.259
1753460480920,16:21:20.920,okx,ACH/USDT:USDT,0.02126,372.0,0.02127,280.0,0.02128,2482690.0,
1753460480955,16:21:20.955,bybit,ACH/USDT:USDT,0.02127,260.0,0.021271,8580.0,0.021279,79538950.0,1727199.259
1753460481045,16:21:21.045,okx,ACH/USDT:USDT,0.02126,372.0,0.02127,440.0,0.02128,2482690.0,
1753460481050,16:21:21.050,bitget,ACH/USDT:USDT,0.02128,2279.0,0.021284,4469.0,0.021277,235152744.0,5111682.189892
1753460481155,16:21:21.155,bybit,ACH/USDT:USDT,0.021265,260.0,0.021271,8580.0,0.02127,79539210.0,1727204.7892
1753460481179,16:21:21.179,okx,ACH/USDT:USDT,0.02126,255.0,0.02127,440.0,0.02128,2482690.0,
1753460481255,16:21:21.255,bybit,ACH/USDT:USDT,0.021265,260.0,0.021266,6020.0,0.02127,79539210.0,1727204.7892
1753460481309,16:21:21.309,okx,ACH/USDT:USDT,0.02126,4.0,0.02127,544.0,0.02128,2482690.0,
1753460481455,16:21:21.455,bybit,ACH/USDT:USDT,0.021265,260.0,0.021266,6500.0,0.02127,79539210.0,1727204.7892
1753460481513,16:21:21.513,okx,ACH/USDT:USDT,0.02126,4.0,0.02127,744.0,0.02128,2482690.0,
1753460480235,16:21:20.235,binance,ACH/USDT:USDT,,,,,0.021263,741706446.0,16095726.521357
1753460481755,16:21:21.755,bybit,ACH/USDT:USDT,0.021265,260.0,0.021266,6500.0,0.02127,79539210.0,1727204.7892
1753460481830,16:21:21.830,bitget,ACH/USDT:USDT,0.021276,302.0,0.021277,2261.0,0.021277,235152744.0,5111682.189892
1753460482206,16:21:22.206,bitget,ACH/USDT:USDT,0.021276,302.0,0.021277,2261.0,0.021277,235152744.0,5111682.189892
1753460482279,16:21:22.279,okx,ACH/USDT:USDT,0.02126,28.0,0.02127,432.0,0.02128,2482690.0,
1753460482406,16:21:22.406,okx,ACH/USDT:USDT,0.02126,275.0,0.02127,384.0,0.02128,2482690.0,
1753460482531,16:21:22.531,bitget,ACH/USDT:USDT,0.021276,302.0,0.021277,2261.0,0.021277,235152744.0,5111682.189892
1753460482755,16:21:22.755,bybit,ACH/USDT:USDT,0.021265,260.0,0.021266,480.0,0.02127,79539210.0,1727204.7892
1753460482753,16:21:22.753,okx,ACH/USDT:USDT,0.02126,275.0,0.02127,384.0,0.02128,2482690.0,
1753460482867,16:21:22.867,okx,ACH/USDT:USDT,0.02126,379.0,0.02127,280.0,0.02128,2482690.0,
1753460482925,16:21:22.925,bitget,ACH/USDT:USDT,0.021278,2279.0,0.021283,7377.0,0.021277,235152744.0,5111682.189892
1753460483370,16:21:23.370,okx,ACH/USDT:USDT,0.02126,491.0,0.02127,280.0,0.02128,2482690.0,
1753460483474,16:21:23.474,okx,ACH/USDT:USDT,0.02126,379.0,0.02127,280.0,0.02128,2482690.0,
1753460482709,16:21:22.709,binance,ACH/USDT:USDT,,,,,0.021263,741711781.0,16095839.959462
1753460483590,16:21:23.590,okx,ACH/USDT:USDT,0.02126,378.0,0.02127,281.0,0.02128,2482690.0,
1753460483732,16:21:23.732,bitget,ACH/USDT:USDT,0.021278,2279.0,0.021282,2261.0,0.021277,235152744.0,5111682.189892
1753460483966,16:21:23.966,okx,ACH/USDT:USDT,0.02126,538.0,0.02127,146.0,0.02128,2482690.0,
1753460484067,16:21:24.067,bitget,ACH/USDT:USDT,0.021278,5187.0,0.021282,2261.0,0.021277,235152744.0,5111682.189892
1753460484306,16:21:24.306,okx,ACH/USDT:USDT,0.02126,274.0,0.02127,524.0,0.02128,2482690.0,
1753460484412,16:21:24.412,okx,ACH/USDT:USDT,0.02126,274.0,0.02127,414.0,0.02128,2482690.0,
1753460484435,16:21:24.435,bitget,ACH/USDT:USDT,0.021276,2725.0,0.021282,5084.0,0.021277,235152744.0,5111682.189892
1753460484906,16:21:24.906,okx,ACH/USDT:USDT,0.02126,274.0,0.02127,250.0,0.02128,2482690.0,
1753460484939,16:21:24.939,bitget,ACH/USDT:USDT,0.021276,3125.0,0.021277,2261.0,0.021277,235152744.0,5111682.189892
1753460485013,16:21:25.013,okx,ACH/USDT:USDT,0.02126,490.0,0.02127,31.0,0.02128,2482690.0,
1753460485055,16:21:25.055,bybit,ACH/USDT:USDT,0.021265,3000.0,0.021266,480.0,0.02127,79539210.0,1727204.7892
1753460485116,16:21:25.116,okx,ACH/USDT:USDT,0.02126,538.0,0.02127,3.0,0.02128,2482690.0,
1753460485319,16:21:25.319,okx,ACH/USDT:USDT,0.02126,538.0,0.02127,30.0,0.02128,2482690.0,
1753460485467,16:21:25.467,okx,ACH/USDT:USDT,0.02126,626.0,0.02127,32.0,0.02128,2482690.0,
1753460485500,16:21:25.500,bitget,ACH/USDT:USDT,0.021284,3418.0,0.021287,4469.0,0.021277,235152744.0,5111682.189892
1753460485578,16:21:25.578,okx,ACH/USDT:USDT,0.02126,738.0,0.02127,32.0,0.02128,2482690.0,
1753460484963,16:21:24.963,binance,ACH/USDT:USDT,,,,,0.021266,741758835.0,16096840.512961
1753460485832,16:21:25.832,bitget,ACH/USDT:USDT,0.021281,4483.0,0.021282,3391.0,0.021277,235152744.0,5111682.189892
1753460486182,16:21:26.182,bitget,ACH/USDT:USDT,0.021281,7306.0,0.021282,3391.0,0.021277,235152744.0,5111682.189892
1753460486355,16:21:26.355,bybit,ACH/USDT:USDT,0.021265,3000.0,0.021266,480.0,0.02127,79534950.0,1727109.6075
1753460486498,16:21:26.498,bitget,ACH/USDT:USDT,0.021281,7306.0,0.021282,3391.0,0.021277,235152744.0,5111682.189892
1753460486651,16:21:26.651,okx,ACH/USDT:USDT,0.02126,738.0,0.02127,3.0,0.02128,2482690.0,
1753460486755,16:21:26.755,bybit,ACH/USDT:USDT,0.021269,1250.0,0.021271,1760.0,0.021266,79535430.0,1727119.8152
1753460486755,16:21:26.755,okx,ACH/USDT:USDT,0.02126,783.0,0.02127,3.0,0.02128,2482690.0,
1753460486855,16:21:26.855,bybit,ACH/USDT:USDT,0.02127,1250.0,0.021271,1760.0,0.021266,79535430.0,1727119.8152
1753460486892,16:21:26.892,bitget,ACH/USDT:USDT,0.021284,7384.0,0.021289,4470.0,0.021277,235152744.0,5111682.189892
1753460487092,16:21:27.092,okx,ACH/USDT:USDT,0.02127,310.0,0.02128,704.0,0.02127,2482693.0,
1753460487255,16:21:27.255,bybit,ACH/USDT:USDT,0.021268,320.0,0.021271,1760.0,0.021266,79535430.0,1727119.8152
1753460487417,16:21:27.417,okx,ACH/USDT:USDT,0.02126,1414.0,0.02128,1192.0,0.02127,2482693.0,
1753460487455,16:21:27.455,bybit,ACH/USDT:USDT,0.021265,260.0,0.021271,1760.0,0.021266,79535430.0,1727119.8152
1753460487535,16:21:27.535,okx,ACH/USDT:USDT,0.02126,624.0,0.02127,85.0,0.02127,2482693.0,
1753460487569,16:21:27.569,bitget,ACH/USDT:USDT,0.021285,4484.0,0.021288,2261.0,0.021277,235152744.0,5111682.189892
1753460487290,16:21:27.290,binance,ACH/USDT:USDT,,,,,0.021271,741760407.0,16096873.949975
1753460487665,16:21:27.665,okx,ACH/USDT:USDT,0.02126,624.0,0.02127,87.0,0.02127,2482693.0,
1753460487941,16:21:27.941,bitget,ACH/USDT:USDT,0.021279,8077.0,0.02128,3391.0,0.021277,235152744.0,5111682.189892
1753460487999,16:21:27.999,okx,ACH/USDT:USDT,0.02126,424.0,0.02127,87.0,0.02127,2482693.0,
1753460488208,16:21:28.208,okx,ACH/USDT:USDT,0.02126,377.0,0.02127,329.0,0.02127,2482693.0,
1753460488255,16:21:28.255,bybit,ACH/USDT:USDT,0.021265,260.0,0.021271,9080.0,0.021266,79535430.0,1727119.8152
1753460488276,16:21:28.276,bitget,ACH/USDT:USDT,0.021276,14352.0,0.021278,2261.0,0.021277,235152744.0,5111682.189892
1753460488313,16:21:28.313,okx,ACH/USDT:USDT,0.02126,273.0,0.02127,489.0,0.02127,2482693.0,
1753460488455,16:21:28.455,bybit,ACH/USDT:USDT,0.021265,260.0,0.021271,4390.0,0.021266,79535430.0,1727119.8152
1753460488555,16:21:28.555,bybit,ACH/USDT:USDT,0.021265,260.0,0.021271,8930.0,0.021266,79535430.0,1727119.8152
1753460488655,16:21:28.655,bybit,ACH/USDT:USDT,0.021265,260.0,0.021271,12550.0,0.021266,79535430.0,1727119.8152
1753460488642,16:21:28.642,bitget,ACH/USDT:USDT,0.021276,302.0,0.021278,2261.0,0.021277,235152744.0,5111682.189892
1753460488782,16:21:28.782,okx,ACH/USDT:USDT,0.02126,378.0,0.02127,273.0,0.02127,2482693.0,
1753460488855,16:21:28.855,bybit,ACH/USDT:USDT,0.021265,260.0,0.021271,18570.0,0.021266,79535430.0,1727119.8152
1753460488952,16:21:28.952,bitget,ACH/USDT:USDT,0.021276,302.0,0.021278,2261.0,0.021277,235152744.0,5111682.189892
1753460489009,16:21:29.009,okx,ACH/USDT:USDT,0.02126,378.0,0.02127,385.0,0.02127,2482693.0,
1753460489155,16:21:29.155,bybit,ACH/USDT:USDT,0.021265,260.0,0.021271,17200.0,0.021266,79535430.0,1727119.8152
1753460489238,16:21:29.238,gateio,ACH/USDT:USDT,,,,,0.02125,22558844.0,479374.0
1753460489298,16:21:29.298,bitget,ACH/USDT:USDT,0.021276,302.0,0.021278,2261.0,0.021277,235152744.0,5111682.189892
1753460488136,16:21:28.136,binance,ACH/USDT:USDT,,,,,0.021266,741766904.0,16097012.118652
1753460489656,16:21:29.656,bybit,ACH/USDT:USDT,0.021265,260.0,0.021271,19940.0,0.021266,79535430.0,1727119.8152
1753460489706,16:21:29.706,bitget,ACH/USDT:USDT,0.021276,302.0,0.021278,2261.0,0.021277,235152744.0,5111682.189892
1753460489755,16:21:29.755,bybit,ACH/USDT:USDT,0.021265,260.0,0.021269,2480.0,0.021266,79535430.0,1727119.8152
1753460489814,16:21:29.814,okx,ACH/USDT:USDT,0.02126,233.0,0.02127,520.0,0.02127,2482693.0,
1753460489855,16:21:29.855,bybit,ACH/USDT:USDT,0.021265,260.0,0.021269,8500.0,0.021266,79535430.0,1727119.8152
