timestamp,time,exchange,symbol,bid,bidVolume,ask,askVolume,lastPrice,baseVolume,quoteVolume
1753460400517,16:20:00.517,okx,ADA/USDT:USDT,0.7849,31.7,0.785,605.8,0.785,3968821.2,
1753460400597,16:20:00.597,bybit,ADA/USDT:USDT,0.7848,70.0,0.7849,33848.0,0.7849,586424763.0,470524014.4745
1753460400997,16:20:00.997,bybit,ADA/USDT:USDT,0.7848,13943.0,0.7849,27814.0,0.7849,586424763.0,470524014.4745
1753460401097,16:20:01.097,bybit,ADA/USDT:USDT,0.7848,13965.0,0.7849,26532.0,0.7849,586424763.0,470524014.4745
1753460401198,16:20:01.198,bybit,ADA/USDT:USDT,0.7848,1043.0,0.7849,33504.0,0.7849,586424763.0,470524014.4745
1753460401200,16:20:01.200,okx,ADA/USDT:USDT,0.7849,137.9,0.785,382.1,0.785,3968821.2,
1753460401308,16:20:01.308,okx,ADA/USDT:USDT,0.7849,74.9,0.785,451.7,0.785,3968821.2,
1753460401408,16:20:01.408,okx,ADA/USDT:USDT,0.7849,75.1,0.785,451.9,0.785,3968821.2,
1753460401497,16:20:01.497,bybit,ADA/USDT:USDT,0.7848,1043.0,0.7849,32237.0,0.7849,586424786.0,470524032.5272
1753460401597,16:20:01.597,bybit,ADA/USDT:USDT,0.7848,1043.0,0.7849,32966.0,0.7849,586424786.0,470524032.5272
1753460401443,16:20:01.443,binance,ADA/USDT:USDT,,,,,0.7845,1115903193.0,896299199.4874
1753460401612,16:20:01.612,okx,ADA/USDT:USDT,0.7849,140.7,0.785,388.2,0.785,3968821.2,
1753460401697,16:20:01.697,bybit,ADA/USDT:USDT,0.7847,1965.0,0.7848,59632.0,0.7848,586425829.0,470524851.0736
1753460401719,16:20:01.719,okx,ADA/USDT:USDT,0.7849,9.1,0.785,451.9,0.785,3968821.2,
1753460401797,16:20:01.797,bybit,ADA/USDT:USDT,0.7846,5529.0,0.7847,64636.0,0.7847,586427112.0,470525857.8437
1753460401776,16:20:01.776,bitget,ADA/USDT:USDT,0.7849,24537.0,0.785,16777.0,0.7849,344970074.0,277401417.2516
1753460401897,16:20:01.897,bybit,ADA/USDT:USDT,0.7846,24794.0,0.7847,28625.0,0.7847,586427112.0,470525857.8437
1753460401931,16:20:01.931,okx,ADA/USDT:USDT,0.7847,218.0,0.7848,258.9,0.7848,3968831.8,
1753460401997,16:20:01.997,bybit,ADA/USDT:USDT,0.7847,47667.0,0.7848,34175.0,0.7847,586427112.0,470525857.8437
1753460402056,16:20:02.056,okx,ADA/USDT:USDT,0.7848,379.8,0.7849,400.0,0.7848,3968831.8,
1753460402097,16:20:02.097,bybit,ADA/USDT:USDT,0.7847,25209.0,0.7848,9958.0,0.7847,586427112.0,470525857.8437
1753460402172,16:20:02.172,okx,ADA/USDT:USDT,0.7849,91.7,0.785,512.4,0.7848,3968831.8,
1753460402197,16:20:02.197,bybit,ADA/USDT:USDT,0.7848,40813.0,0.7849,16384.0,0.7848,586427126.0,470525868.8309
1753460402235,16:20:02.235,bitget,ADA/USDT:USDT,0.7849,37500.0,0.785,12571.0,0.7849,343996444.0,276602528.5498
1753460402297,16:20:02.297,bybit,ADA/USDT:USDT,0.7848,40813.0,0.7849,15702.0,0.7848,586427126.0,470525868.8309
1753460402276,16:20:02.276,okx,ADA/USDT:USDT,0.7849,384.2,0.785,187.9,0.7848,3968831.8,
1753460402397,16:20:02.397,bybit,ADA/USDT:USDT,0.7848,40813.0,0.7849,15619.0,0.7848,586427126.0,470525868.8309
1753460402392,16:20:02.392,okx,ADA/USDT:USDT,0.7849,442.4,0.785,136.8,0.7848,3968831.8,
1753460402497,16:20:02.497,bybit,ADA/USDT:USDT,0.7848,35299.0,0.7849,5514.0,0.7848,586427126.0,470525868.8309
1753460402498,16:20:02.498,okx,ADA/USDT:USDT,0.7849,440.8,0.785,136.8,0.7848,3968831.8,
1753460402598,16:20:02.598,bybit,ADA/USDT:USDT,0.7848,6196.0,0.7849,34234.0,0.7848,586427126.0,470525868.8309
1753460402609,16:20:02.609,okx,ADA/USDT:USDT,0.7849,124.1,0.785,222.9,0.7848,3968831.8,
1753460402697,16:20:02.697,bybit,ADA/USDT:USDT,0.7847,12922.0,0.7848,26134.0,0.7848,586427126.0,470525868.8309
1753460402815,16:20:02.815,okx,ADA/USDT:USDT,0.7847,0.2,0.7848,593.3,0.7848,3969051.8,
1753460403597,16:20:03.597,bybit,ADA/USDT:USDT,0.7846,5607.0,0.7847,18845.0,0.7846,586428570.0,470527001.5314
1753460403591,16:20:03.591,bitget,ADA/USDT:USDT,0.7846,46965.0,0.7847,26800.0,0.7847,343996444.0,276602528.5498
1753460403611,16:20:03.611,okx,ADA/USDT:USDT,0.7847,131.5,0.7848,305.0,0.7847,3969059.8,
1753460403548,16:20:03.548,binance,ADA/USDT:USDT,,,,,0.7844,1115934484.0,896323742.2962
1753460403712,16:20:03.712,okx,ADA/USDT:USDT,0.7847,131.5,0.7848,293.7,0.7847,3969059.8,
1753460403797,16:20:03.797,bybit,ADA/USDT:USDT,0.7846,6289.0,0.7847,18857.0,0.7846,586428570.0,470527001.5314
1753460403813,16:20:03.813,okx,ADA/USDT:USDT,0.7847,171.9,0.7848,229.2,0.7847,3969059.8,
1753460403897,16:20:03.897,bybit,ADA/USDT:USDT,0.7846,5607.0,0.7847,18857.0,0.7846,586428570.0,470527001.5314
1753460403932,16:20:03.932,bitget,ADA/USDT:USDT,0.7848,1599.0,0.7849,35915.0,0.7847,343996444.0,276602528.5498
1753460403997,16:20:03.997,bybit,ADA/USDT:USDT,0.7846,6289.0,0.7847,19486.0,0.7846,586428570.0,470527001.5314
1753460404016,16:20:04.016,okx,ADA/USDT:USDT,0.7847,172.3,0.7848,229.2,0.7847,3969059.8,
1753460404098,16:20:04.098,bybit,ADA/USDT:USDT,0.7846,93.0,0.7847,19486.0,0.7846,586428570.0,470527001.5314
1753460404197,16:20:04.197,bybit,ADA/USDT:USDT,0.7846,15663.0,0.7847,10680.0,0.7846,586428570.0,470527001.5314
1753460404236,16:20:04.236,okx,ADA/USDT:USDT,0.7847,352.5,0.7848,157.0,0.7847,3969059.8,
1753460404254,16:20:04.254,gateio,ADA/USDT:USDT,,,,,0.7846,160535020.0,125955776.0
1753460404297,16:20:04.297,bybit,ADA/USDT:USDT,0.7846,13583.0,0.7847,9406.0,0.7846,586428570.0,470527001.5314
1753460404325,16:20:04.325,bitget,ADA/USDT:USDT,0.7848,14339.0,0.7849,43748.0,0.7847,343996444.0,276602528.5498
1753460404360,16:20:04.360,okx,ADA/USDT:USDT,0.7847,297.7,0.7848,177.4,0.7848,3969060.2,
1753460404397,16:20:04.397,bybit,ADA/USDT:USDT,0.7846,6175.0,0.7847,16132.0,0.7846,586428570.0,470527001.5314
1753460404498,16:20:04.498,bybit,ADA/USDT:USDT,0.7846,6883.0,0.7847,18714.0,0.7846,586428570.0,470527001.5314
1753460404475,16:20:04.475,okx,ADA/USDT:USDT,0.7847,132.1,0.7848,339.9,0.7847,3969060.7,
1753460404597,16:20:04.597,bybit,ADA/USDT:USDT,0.7846,15689.0,0.7847,8606.0,0.7846,586428570.0,470527001.5314
1753460404591,16:20:04.591,okx,ADA/USDT:USDT,0.7847,152.3,0.7848,275.0,0.7848,3969061.2,
1753460404653,16:20:04.653,bitget,ADA/USDT:USDT,0.7848,14339.0,0.7849,43748.0,0.7847,344000342.0,276605587.95
1753460404697,16:20:04.697,bybit,ADA/USDT:USDT,0.7846,20670.0,0.7847,3276.0,0.7846,586428570.0,470527001.5314
1753460404705,16:20:04.705,okx,ADA/USDT:USDT,0.7847,517.6,0.7848,0.3,0.7848,3969061.2,
1753460404797,16:20:04.797,bybit,ADA/USDT:USDT,0.7846,19126.0,0.7847,2786.0,0.7846,586428570.0,470527001.5314
1753460404806,16:20:04.806,okx,ADA/USDT:USDT,0.7847,507.6,0.7848,22.2,0.7848,3969061.2,
1753460404897,16:20:04.897,bybit,ADA/USDT:USDT,0.7846,19126.0,0.7847,8300.0,0.7846,586428570.0,470527001.5314
1753460404909,16:20:04.909,okx,ADA/USDT:USDT,0.7847,360.2,0.7848,62.4,0.7848,3969061.4,
1753460405010,16:20:05.010,okx,ADA/USDT:USDT,0.7847,371.5,0.7848,61.4,0.7848,3969062.4,
1753460405098,16:20:05.098,bybit,ADA/USDT:USDT,0.7846,25626.0,0.7847,8300.0,0.7846,586428570.0,470527001.5314
1753460405112,16:20:05.112,okx,ADA/USDT:USDT,0.7847,361.5,0.7848,61.4,0.7848,3969062.4,
1753460405197,16:20:05.197,bybit,ADA/USDT:USDT,0.7846,19126.0,0.7847,8300.0,0.7846,586428570.0,470527001.5314
1753460405297,16:20:05.297,bybit,ADA/USDT:USDT,0.7846,21077.0,0.7847,2786.0,0.7846,586428570.0,470527001.5314
1753460405326,16:20:05.326,okx,ADA/USDT:USDT,0.7847,553.1,0.7849,92.5,0.7848,3969063.0,
1753460405397,16:20:05.397,bybit,ADA/USDT:USDT,0.7847,55372.0,0.7848,14.0,0.7847,586431356.0,470529187.7056
1753460405471,16:20:05.471,okx,ADA/USDT:USDT,0.7849,419.2,0.785,267.2,0.7849,3969063.2,
1753460405497,16:20:05.497,bybit,ADA/USDT:USDT,0.7847,55372.0,0.7848,14.0,0.7847,586431356.0,470529187.7056
1753460405597,16:20:05.597,bybit,ADA/USDT:USDT,0.7849,725.0,0.785,52077.0,0.7848,586431370.0,470529198.6928
1753460405579,16:20:05.579,okx,ADA/USDT:USDT,0.7849,365.9,0.785,298.1,0.7849,3969063.2,
1753460405655,16:20:05.655,bitget,ADA/USDT:USDT,0.7849,49618.0,0.785,127.0,0.7847,344000342.0,276605587.95
1753460405697,16:20:05.697,bybit,ADA/USDT:USDT,0.7849,682.0,0.785,28445.0,0.7848,586431370.0,470529198.6928
1753460405699,16:20:05.699,okx,ADA/USDT:USDT,0.7849,437.0,0.785,28.8,0.7849,3969063.2,
1753460405798,16:20:05.798,bybit,ADA/USDT:USDT,0.7848,6189.0,0.7849,30747.0,0.7848,586431370.0,470529198.6928
1753460405803,16:20:05.803,okx,ADA/USDT:USDT,0.7849,365.9,0.785,134.0,0.7849,3969063.2,
1753460405897,16:20:05.897,bybit,ADA/USDT:USDT,0.7848,15127.0,0.7849,34545.0,0.7848,586431370.0,470529198.6928
1753460405904,16:20:05.904,okx,ADA/USDT:USDT,0.7849,251.3,0.785,377.1,0.7849,3969063.2,
1753460406009,16:20:06.009,okx,ADA/USDT:USDT,0.7849,251.3,0.785,372.8,0.7849,3969063.2,
1753460406097,16:20:06.097,bybit,ADA/USDT:USDT,0.7848,689.0,0.7849,35182.0,0.7848,586431370.0,470529198.6928
1753460406063,16:20:06.063,bitget,ADA/USDT:USDT,0.7849,48099.0,0.785,23695.0,0.7847,344000342.0,276605587.95
1753460406197,16:20:06.197,bybit,ADA/USDT:USDT,0.7848,7787.0,0.7849,35182.0,0.7848,586431370.0,470529198.6928
1753460406214,16:20:06.214,okx,ADA/USDT:USDT,0.7849,251.3,0.785,364.8,0.7849,3969063.2,
1753460406298,16:20:06.298,bybit,ADA/USDT:USDT,0.7848,23259.0,0.7849,12581.0,0.7848,586431370.0,470529198.6928
1753460406314,16:20:06.314,okx,ADA/USDT:USDT,0.7849,322.4,0.785,104.6,0.7849,3969063.2,
1753460406397,16:20:06.397,bybit,ADA/USDT:USDT,0.7848,23364.0,0.7849,1420.0,0.7848,586431370.0,470529198.6928
1753460406383,16:20:06.383,bitget,ADA/USDT:USDT,0.7849,48099.0,0.785,23695.0,0.7847,344000342.0,276605587.95
1753460406417,16:20:06.417,okx,ADA/USDT:USDT,0.7849,304.9,0.785,69.2,0.7849,3969064.4,
1753460406498,16:20:06.498,bybit,ADA/USDT:USDT,0.7848,23364.0,0.7849,13412.0,0.7848,586431370.0,470529198.6928
1753460406543,16:20:06.543,okx,ADA/USDT:USDT,0.7849,305.1,0.785,157.1,0.7849,3969064.4,
1753460406597,16:20:06.597,bybit,ADA/USDT:USDT,0.7848,6868.0,0.7849,22010.0,0.7848,586431370.0,470529198.6928
1753460406656,16:20:06.656,okx,ADA/USDT:USDT,0.7849,250.6,0.785,252.0,0.7849,3969064.4,
1753460406697,16:20:06.697,bybit,ADA/USDT:USDT,0.7846,15529.0,0.7847,6196.0,0.7848,586432066.0,470529744.9136
1753460406721,16:20:06.721,bitget,ADA/USDT:USDT,0.7849,48099.0,0.785,1949.0,0.7847,344000342.0,276605587.95
1753460406773,16:20:06.773,okx,ADA/USDT:USDT,0.7848,251.6,0.7849,479.7,0.7849,3969064.4,
1753460406798,16:20:06.798,bybit,ADA/USDT:USDT,0.7846,12929.0,0.7847,23047.0,0.7848,586432066.0,470529744.9136
1753460406878,16:20:06.878,okx,ADA/USDT:USDT,0.7848,0.5,0.7849,538.3,0.7849,3969064.4,
1753460406997,16:20:06.997,bybit,ADA/USDT:USDT,0.7846,12929.0,0.7847,16321.0,0.7848,586432066.0,470529744.9136
1753460406987,16:20:06.987,okx,ADA/USDT:USDT,0.7848,0.4,0.7849,543.9,0.7848,3969064.5,
1753460407097,16:20:07.097,bybit,ADA/USDT:USDT,0.7846,21929.0,0.7847,10807.0,0.7848,586432066.0,470529744.9136
1753460407089,16:20:07.089,okx,ADA/USDT:USDT,0.7848,132.1,0.7849,524.1,0.7848,3969064.5,
1753460407096,16:20:07.096,bitget,ADA/USDT:USDT,0.7848,48930.0,0.7849,34741.0,0.7847,344000342.0,276605587.95
1753460407197,16:20:07.197,bybit,ADA/USDT:USDT,0.7846,12929.0,0.7847,9394.0,0.7848,586432066.0,470529744.9136
1753460407204,16:20:07.204,okx,ADA/USDT:USDT,0.7848,132.3,0.7849,524.1,0.7848,3969064.5,
1753460407311,16:20:07.311,okx,ADA/USDT:USDT,0.7848,66.2,0.7849,529.3,0.7848,3969064.5,
1753460407397,16:20:07.397,bybit,ADA/USDT:USDT,0.7846,12929.0,0.7847,8712.0,0.7848,586432066.0,470529744.9136
1753460407413,16:20:07.413,okx,ADA/USDT:USDT,0.7848,25.8,0.7849,539.1,0.7848,3969064.5,
1753460407417,16:20:07.417,bitget,ADA/USDT:USDT,0.7848,20521.0,0.7849,41284.0,0.7847,344000342.0,276605587.95
1753460407514,16:20:07.514,okx,ADA/USDT:USDT,0.7848,201.7,0.7849,350.2,0.7848,3969064.5,
1753460407597,16:20:07.597,bybit,ADA/USDT:USDT,0.7847,22647.0,0.7848,24633.0,0.7848,586432066.0,470529744.9136
1753460407669,16:20:07.669,okx,ADA/USDT:USDT,0.7848,273.5,0.7849,198.8,0.7848,3969064.5,
1753460407697,16:20:07.697,bybit,ADA/USDT:USDT,0.7846,12922.0,0.7847,5514.0,0.7848,586432066.0,470529744.9136
1753460407729,16:20:07.729,bitget,ADA/USDT:USDT,0.7848,20521.0,0.7849,41284.0,0.7847,344000342.0,276605587.95
1753460407797,16:20:07.797,bybit,ADA/USDT:USDT,0.7846,14137.0,0.7848,99503.0,0.7848,586432066.0,470529744.9136
1753460407780,16:20:07.780,okx,ADA/USDT:USDT,0.7848,172.3,0.7849,273.6,0.7848,3969064.5,
1753460407897,16:20:07.897,bybit,ADA/USDT:USDT,0.7847,6196.0,0.7848,23959.0,0.7848,586432066.0,470529744.9136
1753460407905,16:20:07.905,okx,ADA/USDT:USDT,0.7848,172.8,0.7849,312.5,0.7848,3969064.5,
1753460407997,16:20:07.997,bybit,ADA/USDT:USDT,0.7846,13509.0,0.7847,22590.0,0.7848,586432066.0,470529744.9136
1753460408097,16:20:08.097,bybit,ADA/USDT:USDT,0.7846,18747.0,0.7847,715.0,0.7848,586432066.0,470529744.9136
1753460408101,16:20:08.101,bitget,ADA/USDT:USDT,0.7848,32965.0,0.7849,17560.0,0.7847,344000342.0,276605587.95
1753460408120,16:20:08.120,okx,ADA/USDT:USDT,0.7848,132.1,0.7849,314.1,0.7848,3969064.5,
1753460408197,16:20:08.197,bybit,ADA/USDT:USDT,0.7846,18747.0,0.7847,33.0,0.7848,586432066.0,470529744.9136
1753460408228,16:20:08.228,okx,ADA/USDT:USDT,0.7848,172.3,0.7849,312.7,0.7848,3969064.5,
1753460408297,16:20:08.297,bybit,ADA/USDT:USDT,0.7846,18112.0,0.7847,33.0,0.7848,586432066.0,470529744.9136
1753460408398,16:20:08.398,bybit,ADA/USDT:USDT,0.7846,13509.0,0.7847,14075.0,0.7848,586432066.0,470529744.9136
1753460408376,16:20:08.376,okx,ADA/USDT:USDT,0.7848,172.3,0.7849,312.9,0.7848,3969064.5,
1753460408462,16:20:08.462,bitget,ADA/USDT:USDT,0.7848,32965.0,0.7849,39579.0,0.7847,344000342.0,276605587.95
1753460408497,16:20:08.497,okx,ADA/USDT:USDT,0.7848,39.0,0.7849,382.5,0.7848,3969064.5,
1753460408598,16:20:08.598,bybit,ADA/USDT:USDT,0.7846,6101.0,0.7847,15497.0,0.7848,586432066.0,470529744.9136
1753460408607,16:20:08.607,okx,ADA/USDT:USDT,0.7848,13.5,0.7849,382.5,0.7848,3969064.5,
1753460408698,16:20:08.698,bybit,ADA/USDT:USDT,0.7846,6094.0,0.7847,15464.0,0.7848,586432066.0,470529744.9136
1753460408718,16:20:08.718,okx,ADA/USDT:USDT,0.7848,13.5,0.7849,391.1,0.7848,3969064.5,
1753460408798,16:20:08.798,bybit,ADA/USDT:USDT,0.7846,5724.0,0.7847,15464.0,0.7848,586432066.0,470529744.9136
1753460408801,16:20:08.801,bitget,ADA/USDT:USDT,0.7848,32965.0,0.7849,39579.0,0.7847,344000342.0,276605587.95
1753460408843,16:20:08.843,okx,ADA/USDT:USDT,0.7848,39.1,0.7849,378.5,0.7848,3969064.5,
1753460408898,16:20:08.898,bybit,ADA/USDT:USDT,0.7846,15960.0,0.7847,14344.0,0.7848,586432066.0,470529744.9136
1753460408956,16:20:08.956,okx,ADA/USDT:USDT,0.7848,144.9,0.7849,314.8,0.7848,3969064.7,
1753460408998,16:20:08.998,bybit,ADA/USDT:USDT,0.7846,19846.0,0.7848,107566.0,0.7848,586432066.0,470529744.9136
1753460409097,16:20:09.097,bybit,ADA/USDT:USDT,0.7847,5514.0,0.7848,44820.0,0.7848,586432066.0,470529744.9136
1753460409070,16:20:09.070,okx,ADA/USDT:USDT,0.7848,144.9,0.7849,314.6,0.7848,3969065.2,
1753460409117,16:20:09.117,bitget,ADA/USDT:USDT,0.7848,32965.0,0.7849,39579.0,0.7847,344000342.0,276605587.95
1753460409203,16:20:09.203,okx,ADA/USDT:USDT,0.7848,184.4,0.7849,314.8,0.7848,3969065.2,
1753460409238,16:20:09.238,gateio,ADA/USDT:USDT,,,,,0.7846,160535520.0,125956168.0
1753460409298,16:20:09.298,bybit,ADA/USDT:USDT,0.7846,5738.0,0.7847,40201.0,0.7848,586432066.0,470529744.9136
1753460409304,16:20:09.304,okx,ADA/USDT:USDT,0.7848,162.3,0.7849,275.6,0.7848,3969065.2,
1753460409398,16:20:09.398,bybit,ADA/USDT:USDT,0.7846,29637.0,0.7847,27326.0,0.7848,586432066.0,470529744.9136
1753460409407,16:20:09.407,okx,ADA/USDT:USDT,0.7848,10.7,0.7849,391.2,0.7848,3969065.2,
1753460409498,16:20:09.498,bybit,ADA/USDT:USDT,0.7846,15226.0,0.7847,15003.0,0.7848,586432066.0,470529744.9136
1753460409468,16:20:09.468,bitget,ADA/USDT:USDT,0.7848,32965.0,0.7849,39206.0,0.7847,344000342.0,276605587.95
1753460409512,16:20:09.512,okx,ADA/USDT:USDT,0.7848,36.3,0.7849,379.2,0.7848,3969065.2,
1753460409598,16:20:09.598,bybit,ADA/USDT:USDT,0.7846,5731.0,0.7847,24927.0,0.7848,586432066.0,470529744.9136
1753460409662,16:20:09.662,okx,ADA/USDT:USDT,0.7848,10.7,0.7849,391.2,0.7848,3969065.2,
1753460409697,16:20:09.697,bybit,ADA/USDT:USDT,0.7846,5724.0,0.7847,24927.0,0.7848,586432066.0,470529744.9136
1753460409797,16:20:09.797,bybit,ADA/USDT:USDT,0.7846,5724.0,0.7847,26201.0,0.7848,586432066.0,470529744.9136
1753460409816,16:20:09.816,bitget,ADA/USDT:USDT,0.7848,16114.0,0.7849,39206.0,0.7847,344000342.0,276605587.95
1753460409897,16:20:09.897,bybit,ADA/USDT:USDT,0.7846,5724.0,0.7847,26801.0,0.7848,586432066.0,470529744.9136
1753460409974,16:20:09.974,okx,ADA/USDT:USDT,0.7848,10.7,0.7849,447.4,0.7848,3969065.2,
1753460410134,16:20:10.134,bitget,ADA/USDT:USDT,0.7847,50570.0,0.7848,6861.0,0.7847,344000342.0,276605587.95
1753460410197,16:20:10.197,bybit,ADA/USDT:USDT,0.7846,25510.0,0.7847,9394.0,0.7848,586432066.0,470529744.9136
1753460410207,16:20:10.207,okx,ADA/USDT:USDT,0.7848,76.7,0.7849,315.5,0.7848,3969065.2,
1753460410297,16:20:10.297,bybit,ADA/USDT:USDT,0.7846,13143.0,0.7847,20343.0,0.7848,586432066.0,470529744.9136
1753460410398,16:20:10.398,bybit,ADA/USDT:USDT,0.7846,13143.0,0.7847,20376.0,0.7848,586432066.0,470529744.9136
1753460410419,16:20:10.419,okx,ADA/USDT:USDT,0.7848,10.6,0.7849,386.7,0.7848,3969065.2,
1753460410451,16:20:10.451,bitget,ADA/USDT:USDT,0.7847,46965.0,0.7848,1949.0,0.7847,344000342.0,276605587.95
1753460410498,16:20:10.498,bybit,ADA/USDT:USDT,0.7846,12461.0,0.7847,27102.0,0.7848,586432066.0,470529744.9136
1753460410568,16:20:10.568,okx,ADA/USDT:USDT,0.7848,10.8,0.7849,391.2,0.7848,3969065.2,
1753460410597,16:20:10.597,bybit,ADA/USDT:USDT,0.7846,221.0,0.7847,27102.0,0.7848,586432066.0,470529744.9136
1753460410697,16:20:10.697,bybit,ADA/USDT:USDT,0.7846,109.0,0.7847,28376.0,0.7846,586432178.0,470529832.7888
1753460410797,16:20:10.797,bybit,ADA/USDT:USDT,0.7846,5525.0,0.7847,29053.0,0.7846,586432178.0,470529832.7888
1753460410864,16:20:10.864,okx,ADA/USDT:USDT,0.7848,10.8,0.7849,391.0,0.7849,3969065.4,
1753460410897,16:20:10.897,bybit,ADA/USDT:USDT,0.7846,5512.0,0.7847,23825.0,0.7846,586432191.0,470529842.9886
1753460410870,16:20:10.870,bitget,ADA/USDT:USDT,0.7847,46965.0,0.7848,17303.0,0.7847,344000342.0,276605587.95
1753460410967,16:20:10.967,okx,ADA/USDT:USDT,0.7848,10.8,0.7849,379.0,0.7849,3969065.4,
1753460410997,16:20:10.997,bybit,ADA/USDT:USDT,0.7846,5512.0,0.7847,23856.0,0.7846,586432191.0,470529842.9886
1753460411097,16:20:11.097,bybit,ADA/USDT:USDT,0.7846,5512.0,0.7847,24493.0,0.7846,586432191.0,470529842.9886
1753460411076,16:20:11.076,okx,ADA/USDT:USDT,0.7848,10.8,0.7849,390.8,0.7849,3969065.4,
1753460411198,16:20:11.198,bybit,ADA/USDT:USDT,0.7846,5522.0,0.7847,24493.0,0.7846,586432191.0,470529842.9886
1753460411297,16:20:11.297,bybit,ADA/USDT:USDT,0.7846,10.0,0.7847,26378.0,0.7846,586432191.0,470529842.9886
1753460411314,16:20:11.314,okx,ADA/USDT:USDT,0.7847,166.3,0.7849,492.0,0.7848,3969075.5,
1753460411397,16:20:11.397,bybit,ADA/USDT:USDT,0.7844,15686.0,0.7845,22557.0,0.7845,586432354.0,470529970.8631
1753460411418,16:20:11.418,okx,ADA/USDT:USDT,0.7846,66.6,0.7847,794.5,0.7847,3969076.3,
1753460411497,16:20:11.497,bybit,ADA/USDT:USDT,0.7844,22.0,0.7845,31143.0,0.7845,586432354.0,470529970.8631
1753460411525,16:20:11.525,okx,ADA/USDT:USDT,0.7845,270.0,0.7847,788.7,0.7846,3969076.8,
1753460411597,16:20:11.597,bybit,ADA/USDT:USDT,0.7843,6032.0,0.7844,37068.0,0.7844,586432376.0,470529988.1199
1753460411617,16:20:11.617,bitget,ADA/USDT:USDT,0.7847,22037.0,0.7848,35244.0,0.7845,343996194.0,276602332.3248
1753460411629,16:20:11.629,okx,ADA/USDT:USDT,0.7844,276.7,0.7845,499.5,0.7845,3969077.7,
1753460411697,16:20:11.697,bybit,ADA/USDT:USDT,0.7843,1283.0,0.7844,38947.0,0.7844,586432376.0,470529988.1199
1753460411797,16:20:11.797,bybit,ADA/USDT:USDT,0.7842,5543.0,0.7843,54354.0,0.7843,586433659.0,470530994.3768
1753460411897,16:20:11.897,bybit,ADA/USDT:USDT,0.7842,12944.0,0.7843,53444.0,0.7843,586433659.0,470530994.3768
1753460411877,16:20:11.877,okx,ADA/USDT:USDT,0.7844,0.2,0.7845,517.3,0.7845,3969077.7,
1753460411997,16:20:11.997,bybit,ADA/USDT:USDT,0.7842,35469.0,0.7843,111.0,0.7843,586433659.0,470530994.3768
1753460411989,16:20:11.989,okx,ADA/USDT:USDT,0.7844,40.7,0.7845,523.8,0.7845,3969077.7,
1753460412097,16:20:12.097,bybit,ADA/USDT:USDT,0.7843,62068.0,0.7844,270.0,0.7843,586433770.0,470531081.4341
1753460412093,16:20:12.093,okx,ADA/USDT:USDT,0.7844,291.2,0.7845,186.2,0.7845,3969077.7,
1753460412197,16:20:12.197,bybit,ADA/USDT:USDT,0.7843,62068.0,0.7844,774.0,0.7843,586433770.0,470531081.4341
1753460412195,16:20:12.195,okx,ADA/USDT:USDT,0.7844,292.6,0.7845,20.1,0.7845,3969077.7,
1753460412250,16:20:12.250,gateio,ADA/USDT:USDT,,,,,0.7841,160535760.0,125876088.0
1753460412297,16:20:12.297,bybit,ADA/USDT:USDT,0.7843,60602.0,0.7844,946.0,0.7843,586433770.0,470531081.4341
1753460412303,16:20:12.303,okx,ADA/USDT:USDT,0.7844,286.0,0.7845,0.3,0.7845,3969077.7,
1753460412360,16:20:12.360,bitget,ADA/USDT:USDT,0.7844,30489.0,0.7845,350.0,0.7845,344000342.0,276605587.95
1753460412412,16:20:12.412,okx,ADA/USDT:USDT,0.7844,402.0,0.7845,1.3,0.7845,3969077.7,
1753460412497,16:20:12.497,bybit,ADA/USDT:USDT,0.7843,61169.0,0.7844,946.0,0.7843,586433770.0,470531081.4341
1753460412516,16:20:12.516,okx,ADA/USDT:USDT,0.7844,412.7,0.7845,1.5,0.7845,3969077.7,
1753460412619,16:20:12.619,okx,ADA/USDT:USDT,0.7844,413.2,0.7845,1.5,0.7845,3969077.7,
1753460412697,16:20:12.697,bybit,ADA/USDT:USDT,0.7844,33014.0,0.7845,19501.0,0.7844,586434716.0,470531823.4765
1753460412720,16:20:12.720,okx,ADA/USDT:USDT,0.7844,414.4,0.7845,1.5,0.7845,3969077.7,
1753460412797,16:20:12.797,bybit,ADA/USDT:USDT,0.7844,33014.0,0.7845,19501.0,0.7844,586434716.0,470531823.4765
1753460412828,16:20:12.828,okx,ADA/USDT:USDT,0.7844,418.4,0.7845,1.5,0.7845,3969077.7,
1753460412898,16:20:12.898,bybit,ADA/USDT:USDT,0.7844,12418.0,0.7845,29511.0,0.7844,586435220.0,470532218.8141
1753460412998,16:20:12.998,bybit,ADA/USDT:USDT,0.7844,6196.0,0.7845,36237.0,0.7844,586435220.0,470532218.8141
1753460412962,16:20:12.962,okx,ADA/USDT:USDT,0.7844,415.6,0.7845,1.9,0.7845,3969077.7,
1753460412966,16:20:12.966,bitget,ADA/USDT:USDT,0.7845,36569.0,0.7846,3377.0,0.7846,344255850.0,276806063.8526
1753460413097,16:20:13.097,bybit,ADA/USDT:USDT,0.7843,22956.0,0.7844,40518.0,0.7844,586435220.0,470532218.8141
1753460413198,16:20:13.198,bybit,ADA/USDT:USDT,0.7843,12811.0,0.7844,35004.0,0.7844,586435220.0,470532218.8141
1753460413190,16:20:13.190,okx,ADA/USDT:USDT,0.7844,193.5,0.7845,109.5,0.7845,3969077.7,
1753460413249,16:20:13.249,gateio,ADA/USDT:USDT,,,,,0.7841,160535760.0,125876088.0
1753460413297,16:20:13.297,bybit,ADA/USDT:USDT,0.7842,22.0,0.7843,35229.0,0.7844,586435220.0,470532218.8141
1753460413297,16:20:13.297,okx,ADA/USDT:USDT,0.7844,0.2,0.7845,459.8,0.7844,3969079.0,
1753460413319,16:20:13.319,bitget,ADA/USDT:USDT,0.7845,5989.0,0.7846,38857.0,0.7846,344255850.0,276806063.8526
1753460413397,16:20:13.397,bybit,ADA/USDT:USDT,0.7842,32.0,0.7843,35484.0,0.7844,586435220.0,470532218.8141
1753460413408,16:20:13.408,okx,ADA/USDT:USDT,0.7843,103.6,0.7844,397.0,0.7844,3969079.0,
1753460413497,16:20:13.497,bybit,ADA/USDT:USDT,0.7842,32.0,0.7843,34673.0,0.7844,586435220.0,470532218.8141
1753460413509,16:20:13.509,okx,ADA/USDT:USDT,0.7843,113.2,0.7844,407.4,0.7844,3969079.0,
1753460413597,16:20:13.597,bybit,ADA/USDT:USDT,0.7842,32.0,0.7843,35229.0,0.7844,586435220.0,470532218.8141
1753460413614,16:20:13.614,okx,ADA/USDT:USDT,0.7843,112.7,0.7844,417.7,0.7844,3969079.0,
1753460413698,16:20:13.698,bybit,ADA/USDT:USDT,0.7842,6228.0,0.7843,35304.0,0.7844,586435220.0,470532218.8141
1753460413763,16:20:13.763,okx,ADA/USDT:USDT,0.7843,187.9,0.7844,408.6,0.7844,3969079.0,
1753460413797,16:20:13.797,bybit,ADA/USDT:USDT,0.7842,5546.0,0.7843,35941.0,0.7844,586435220.0,470532218.8141
1753460413767,16:20:13.767,bitget,ADA/USDT:USDT,0.7843,29456.0,0.7844,37054.0,0.7846,344256974.0,276806945.673
1753460413897,16:20:13.897,bybit,ADA/USDT:USDT,0.7842,5546.0,0.7843,42667.0,0.7844,586435220.0,470532218.8141
1753460413871,16:20:13.871,okx,ADA/USDT:USDT,0.7843,188.1,0.7844,303.3,0.7844,3969079.0,
1753460413997,16:20:13.997,bybit,ADA/USDT:USDT,0.7842,6228.0,0.7843,42667.0,0.7844,586435220.0,470532218.8141
1753460413973,16:20:13.973,okx,ADA/USDT:USDT,0.7843,188.6,0.7844,302.1,0.7844,3969079.0,
1753460414198,16:20:14.198,bybit,ADA/USDT:USDT,0.7842,32.0,0.7843,43223.0,0.7844,586435220.0,470532218.8141
1753460414236,16:20:14.236,gateio,ADA/USDT:USDT,,,,,0.784,160535880.0,125860128.0
1753460414313,16:20:14.313,okx,ADA/USDT:USDT,0.7843,0.9,0.7844,378.4,0.7844,3969079.0,
1753460414397,16:20:14.397,bybit,ADA/USDT:USDT,0.7841,8.0,0.7842,51825.0,0.7842,586435252.0,470532243.9085
1753460414393,16:20:14.393,bitget,ADA/USDT:USDT,0.7842,32173.0,0.7843,31652.0,0.7843,344256974.0,276806945.673
1753460414448,16:20:14.448,okx,ADA/USDT:USDT,0.7842,132.5,0.7843,620.9,0.7843,3969079.7,
1753460414497,16:20:14.497,bybit,ADA/USDT:USDT,0.7841,8.0,0.7842,40145.0,0.7842,586435252.0,470532243.9085
1753460414553,16:20:14.553,okx,ADA/USDT:USDT,0.7842,132.3,0.7843,685.9,0.7842,3969166.1,
1753460414597,16:20:14.597,bybit,ADA/USDT:USDT,0.7841,10544.0,0.7842,40145.0,0.7842,586435252.0,470532243.9085
1753460414662,16:20:14.662,okx,ADA/USDT:USDT,0.7842,132.3,0.7843,614.6,0.7842,3969166.1,
1753460414697,16:20:14.697,bybit,ADA/USDT:USDT,0.7841,10544.0,0.7842,31187.0,0.7842,586435252.0,470532243.9085
1753460414797,16:20:14.797,bybit,ADA/USDT:USDT,0.7841,10544.0,0.7842,12035.0,0.7842,586435252.0,470532243.9085
1753460414817,16:20:14.817,bitget,ADA/USDT:USDT,0.7842,17012.0,0.7843,49535.0,0.7843,344000342.0,276605587.95
1753460414898,16:20:14.898,bybit,ADA/USDT:USDT,0.7841,14544.0,0.7842,12238.0,0.7842,586435252.0,470532243.9085
1753460414903,16:20:14.903,okx,ADA/USDT:USDT,0.7842,252.7,0.7843,490.0,0.7842,3969166.1,
1753460414997,16:20:14.997,bybit,ADA/USDT:USDT,0.7841,21270.0,0.7842,13068.0,0.7842,586435252.0,470532243.9085
1753460415007,16:20:15.007,okx,ADA/USDT:USDT,0.7842,264.7,0.7843,410.5,0.7842,3969166.1,
1753460415097,16:20:15.097,bybit,ADA/USDT:USDT,0.7841,17270.0,0.7842,13068.0,0.7842,586435252.0,470532243.9085
1753460415111,16:20:15.111,okx,ADA/USDT:USDT,0.7842,172.9,0.7843,412.0,0.7842,3969166.1,
1753460415197,16:20:15.197,bybit,ADA/USDT:USDT,0.7841,17270.0,0.7842,13068.0,0.7842,586435252.0,470532243.9085
1753460415170,16:20:15.170,bitget,ADA/USDT:USDT,0.7842,38506.0,0.7843,42740.0,0.7843,344257010.0,276806973.9078
1753460415263,16:20:15.263,gateio,ADA/USDT:USDT,,,,,0.784,160535880.0,125860128.0
1753460415264,16:20:15.264,okx,ADA/USDT:USDT,0.7842,391.1,0.7843,412.2,0.7842,3969166.1,
1753460415297,16:20:15.297,bybit,ADA/USDT:USDT,0.7841,690.0,0.7842,21558.0,0.7842,586435252.0,470532243.9085
1753460415397,16:20:15.397,bybit,ADA/USDT:USDT,0.7842,53504.0,0.7843,6922.0,0.7842,586435496.0,470532435.2533
1753460415385,16:20:15.385,okx,ADA/USDT:USDT,0.7842,154.1,0.7843,402.5,0.7842,3969166.1,
1753460415497,16:20:15.497,bybit,ADA/USDT:USDT,0.7842,29516.0,0.7843,12240.0,0.7842,586435496.0,470532435.2533
1753460415471,16:20:15.471,bitget,ADA/USDT:USDT,0.7843,49096.0,0.7844,350.0,0.7843,344257010.0,276806973.9078
1753460415505,16:20:15.505,okx,ADA/USDT:USDT,0.7843,904.5,0.7844,2.7,0.7843,3969168.3,
1753460415606,16:20:15.606,okx,ADA/USDT:USDT,0.7843,823.3,0.7844,135.0,0.7843,3969168.3,
1753460415697,16:20:15.697,bybit,ADA/USDT:USDT,0.7842,35929.0,0.7843,5514.0,0.7842,586435496.0,470532435.2533
1753460415706,16:20:15.706,okx,ADA/USDT:USDT,0.7843,714.2,0.7844,135.0,0.7843,3969168.3,
1753460415797,16:20:15.797,bybit,ADA/USDT:USDT,0.7843,23620.0,0.7844,23081.0,0.7842,586435496.0,470532435.2533
1753460415808,16:20:15.808,okx,ADA/USDT:USDT,0.7843,776.5,0.7844,69.0,0.7843,3969168.3,
1753460415909,16:20:15.909,okx,ADA/USDT:USDT,0.7843,777.0,0.7844,2.8,0.7843,3969168.3,
1753460415998,16:20:15.998,bybit,ADA/USDT:USDT,0.7843,10947.0,0.7844,22843.0,0.7842,586435496.0,470532435.2533
1753460416012,16:20:16.012,okx,ADA/USDT:USDT,0.7843,785.7,0.7844,68.9,0.7843,3969168.3,
1753460416098,16:20:16.098,bybit,ADA/USDT:USDT,0.7843,15161.0,0.7844,17356.0,0.7842,586435496.0,470532435.2533
1753460416127,16:20:16.127,okx,ADA/USDT:USDT,0.7843,785.7,0.7844,2.8,0.7843,3969168.3,
1753460416197,16:20:16.197,bybit,ADA/USDT:USDT,0.7843,21887.0,0.7844,18335.0,0.7842,586435496.0,470532435.2533
1753460416297,16:20:16.297,bybit,ADA/USDT:USDT,0.7843,21887.0,0.7844,18167.0,0.7842,586435496.0,470532435.2533
1753460416397,16:20:16.397,bybit,ADA/USDT:USDT,0.7843,21887.0,0.7844,10680.0,0.7842,586435496.0,470532435.2533
1753460416372,16:20:16.372,bitget,ADA/USDT:USDT,0.7843,49096.0,0.7844,2149.0,0.7843,344257010.0,276806973.9078
1753460416394,16:20:16.394,okx,ADA/USDT:USDT,0.7843,792.5,0.7844,2.8,0.7843,3969168.3,
1753460416497,16:20:16.497,bybit,ADA/USDT:USDT,0.7843,17673.0,0.7844,15044.0,0.7842,586435496.0,470532435.2533
1753460416507,16:20:16.507,okx,ADA/USDT:USDT,0.7843,779.4,0.7844,2.8,0.7843,3969168.3,
1753460416597,16:20:16.597,bybit,ADA/USDT:USDT,0.7843,17473.0,0.7844,18404.0,0.7842,586435496.0,470532435.2533
1753460416697,16:20:16.697,bybit,ADA/USDT:USDT,0.7843,17473.0,0.7844,18449.0,0.7842,586435496.0,470532435.2533
1753460416725,16:20:16.725,okx,ADA/USDT:USDT,0.7843,793.7,0.7844,2.8,0.7843,3969168.3,
1753460416797,16:20:16.797,bybit,ADA/USDT:USDT,0.7843,10747.0,0.7844,18435.0,0.7842,586435496.0,470532435.2533
1753460416840,16:20:16.840,okx,ADA/USDT:USDT,0.7843,780.6,0.7844,2.8,0.7843,3969168.3,
1753460416898,16:20:16.898,bybit,ADA/USDT:USDT,0.7843,729.0,0.7844,18435.0,0.7842,586435496.0,470532435.2533
1753460416969,16:20:16.969,okx,ADA/USDT:USDT,0.7843,785.5,0.7844,2.8,0.7843,3969168.3,
1753460417021,16:20:17.021,bitget,ADA/USDT:USDT,0.7843,45052.0,0.7844,859.0,0.7843,344258030.0,276807773.8938
1753460417070,16:20:17.070,okx,ADA/USDT:USDT,0.7843,784.3,0.7844,2.8,0.7843,3969168.3,
1753460417097,16:20:17.097,bybit,ADA/USDT:USDT,0.7843,682.0,0.7844,19709.0,0.7842,586435496.0,470532435.2533
1753460417197,16:20:17.197,bybit,ADA/USDT:USDT,0.7843,682.0,0.7844,20240.0,0.7842,586435496.0,470532435.2533
1753460417187,16:20:17.187,okx,ADA/USDT:USDT,0.7843,720.3,0.7844,123.3,0.7843,3969168.3,
1753460417297,16:20:17.297,bybit,ADA/USDT:USDT,0.7842,2914.0,0.7843,44812.0,0.7842,586435496.0,470532435.2533
1753460417307,16:20:17.307,okx,ADA/USDT:USDT,0.7843,780.9,0.7844,83.2,0.7843,3969168.3,
1753460417398,16:20:17.398,bybit,ADA/USDT:USDT,0.7842,689.0,0.7843,44812.0,0.7842,586435496.0,470532435.2533
1753460417413,16:20:17.413,okx,ADA/USDT:USDT,0.7843,108.5,0.7844,401.1,0.7843,3969168.3,
1753460417497,16:20:17.497,bybit,ADA/USDT:USDT,0.7841,90.0,0.7842,50193.0,0.7842,586435503.0,470532440.7427
1753460417513,16:20:17.513,okx,ADA/USDT:USDT,0.7842,107.3,0.7844,401.3,0.7843,3969185.1,
1753460417597,16:20:17.597,bybit,ADA/USDT:USDT,0.7841,8.0,0.7842,55817.0,0.7842,586435503.0,470532440.7427
1753460417616,16:20:17.616,okx,ADA/USDT:USDT,0.7842,77.9,0.7843,780.3,0.7843,3969185.1,
1753460417697,16:20:17.697,bybit,ADA/USDT:USDT,0.7841,8.0,0.7842,56072.0,0.7842,586435503.0,470532440.7427
1753460417768,16:20:17.768,okx,ADA/USDT:USDT,0.7841,93.1,0.7842,710.0,0.7842,3969185.3,
1753460417797,16:20:17.797,bybit,ADA/USDT:USDT,0.7841,43.0,0.7842,58365.0,0.7842,586435503.0,470532440.7427
1753460417876,16:20:17.876,okx,ADA/USDT:USDT,0.7841,93.1,0.7842,620.9,0.7842,3969185.3,
1753460417997,16:20:17.997,bybit,ADA/USDT:USDT,0.7839,14744.0,0.784,53656.0,0.784,586436937.0,470533565.003
1753460417980,16:20:17.980,okx,ADA/USDT:USDT,0.784,167.9,0.7842,695.9,0.7841,3969187.2,
1753460418005,16:20:18.005,bitget,ADA/USDT:USDT,0.7841,30464.0,0.7842,42046.0,0.7843,344258030.0,276807773.8938
1753460418097,16:20:18.097,bybit,ADA/USDT:USDT,0.7838,803.0,0.7839,56308.0,0.7839,586452217.0,470545542.995
1753460418084,16:20:18.084,okx,ADA/USDT:USDT,0.784,92.3,0.7841,579.0,0.7841,3969187.2,
1753460418197,16:20:18.197,bybit,ADA/USDT:USDT,0.7838,23.0,0.7839,61451.0,0.7839,586452217.0,470545542.995
1753460418188,16:20:18.188,okx,ADA/USDT:USDT,0.784,0.3,0.7841,599.8,0.784,3969187.3,
1753460418263,16:20:18.263,gateio,ADA/USDT:USDT,,,,,0.7837,160536040.0,125812094.0
1753460418297,16:20:18.297,bybit,ADA/USDT:USDT,0.7838,23.0,0.7839,63979.0,0.7839,586452217.0,470545542.995
1753460418308,16:20:18.308,okx,ADA/USDT:USDT,0.7839,1.3,0.784,649.6,0.784,3969187.6,
1753460418397,16:20:18.397,bybit,ADA/USDT:USDT,0.7838,23.0,0.7839,74331.0,0.7839,586452217.0,470545542.995
1753460418368,16:20:18.368,bitget,ADA/USDT:USDT,0.7839,16941.0,0.7841,54708.0,0.7843,344255850.0,276806063.8526
1753460418410,16:20:18.410,okx,ADA/USDT:USDT,0.7839,67.6,0.784,702.4,0.784,3969187.6,
1753460418497,16:20:18.497,bybit,ADA/USDT:USDT,0.7838,5537.0,0.7839,73663.0,0.7839,586452217.0,470545542.995
1753460418597,16:20:18.597,bybit,ADA/USDT:USDT,0.7838,34244.0,0.7839,31931.0,0.7839,586452217.0,470545542.995
1753460418642,16:20:18.642,okx,ADA/USDT:USDT,0.7839,292.4,0.784,137.7,0.784,3969187.6,
1753460418698,16:20:18.698,bybit,ADA/USDT:USDT,0.7838,34244.0,0.7839,30019.0,0.7839,586452217.0,470545542.995
1753460418742,16:20:18.742,okx,ADA/USDT:USDT,0.784,189.5,0.7841,500.9,0.784,3969187.6,
1753460418797,16:20:18.797,bybit,ADA/USDT:USDT,0.7839,55643.0,0.784,14.0,0.7839,586452269.0,470545583.7578
1753460418858,16:20:18.858,okx,ADA/USDT:USDT,0.7841,379.5,0.7842,370.4,0.784,3969187.6,
1753460418897,16:20:18.897,bybit,ADA/USDT:USDT,0.7839,48060.0,0.784,6040.0,0.7839,586452269.0,470545583.7578
1753460418937,16:20:18.937,bitget,ADA/USDT:USDT,0.7838,25081.0,0.784,44891.0,0.7843,344258030.0,276807773.8938
1753460418998,16:20:18.998,bybit,ADA/USDT:USDT,0.7839,22462.0,0.784,8911.0,0.7839,586452269.0,470545583.7578
1753460419005,16:20:19.005,okx,ADA/USDT:USDT,0.784,212.2,0.7841,132.1,0.784,3969187.6,
1753460419098,16:20:19.098,bybit,ADA/USDT:USDT,0.7839,22462.0,0.784,8911.0,0.7839,586452269.0,470545583.7578
1753460419106,16:20:19.106,okx,ADA/USDT:USDT,0.784,212.4,0.7841,152.3,0.784,3969187.6,
1753460419207,16:20:19.207,okx,ADA/USDT:USDT,0.784,220.0,0.7841,152.5,0.784,3969187.6,
1753460419298,16:20:19.298,bybit,ADA/USDT:USDT,0.7839,23115.0,0.784,3451.0,0.7839,586452269.0,470545583.7578
1753460419269,16:20:19.269,bitget,ADA/USDT:USDT,0.784,41806.0,0.7841,16160.0,0.7843,344255150.0,276805514.7026
1753460419316,16:20:19.316,okx,ADA/USDT:USDT,0.784,342.5,0.7841,92.3,0.784,3969187.6,
1753460419397,16:20:19.397,bybit,ADA/USDT:USDT,0.784,49321.0,0.7841,10916.0,0.784,586452564.0,470545815.0378
1753460419419,16:20:19.419,okx,ADA/USDT:USDT,0.784,407.8,0.7841,0.4,0.784,3969187.6,
1753460419497,16:20:19.497,bybit,ADA/USDT:USDT,0.7841,52830.0,0.7842,2109.0,0.7841,586453037.0,470546185.9171
1753460419566,16:20:19.566,okx,ADA/USDT:USDT,0.7842,875.5,0.7843,0.5,0.7842,3969188.5,
1753460419597,16:20:19.597,bybit,ADA/USDT:USDT,0.7841,53497.0,0.7842,14.0,0.7841,586453037.0,470546185.9171
1753460419697,16:20:19.697,bybit,ADA/USDT:USDT,0.7841,50924.0,0.7842,17456.0,0.7841,586453037.0,470546185.9171
1753460419669,16:20:19.669,okx,ADA/USDT:USDT,0.7843,188.8,0.7844,409.8,0.7842,3969188.5,
1753460419771,16:20:19.771,okx,ADA/USDT:USDT,0.7843,164.4,0.7844,409.8,0.7842,3969188.5,
1753460419797,16:20:19.797,bybit,ADA/USDT:USDT,0.7841,13760.0,0.7842,26508.0,0.7841,586453037.0,470546185.9171
1753460419897,16:20:19.897,bybit,ADA/USDT:USDT,0.7841,6309.0,0.7842,30301.0,0.7841,586453037.0,470546185.9171
1753460419905,16:20:19.905,okx,ADA/USDT:USDT,0.7843,0.6,0.7844,424.0,0.7842,3969188.5,
1753460419929,16:20:19.929,bitget,ADA/USDT:USDT,0.7842,79323.0,0.7843,25921.0,0.7841,344265484.0,276813620.066
1753460419997,16:20:19.997,bybit,ADA/USDT:USDT,0.7841,19476.0,0.7842,4442.0,0.7841,586453037.0,470546185.9171
1753460420007,16:20:20.007,okx,ADA/USDT:USDT,0.7843,132.3,0.7844,412.3,0.7842,3969188.5,
1753460420098,16:20:20.098,bybit,ADA/USDT:USDT,0.7841,19467.0,0.7842,9893.0,0.7841,586453046.0,470546192.974
1753460420111,16:20:20.111,okx,ADA/USDT:USDT,0.7843,66.5,0.7844,386.8,0.7843,3969188.9,
1753460420198,16:20:20.198,bybit,ADA/USDT:USDT,0.7841,19651.0,0.7842,1068.0,0.7841,586453046.0,470546192.974
1753460420219,16:20:20.219,okx,ADA/USDT:USDT,0.7843,183.4,0.7844,385.4,0.7843,3969188.9,
1753460420242,16:20:20.242,gateio,ADA/USDT:USDT,,,,,0.7837,160536040.0,125812094.0
1753460420241,16:20:20.241,bitget,ADA/USDT:USDT,0.7842,17588.0,0.7843,12053.0,0.7841,344265484.0,276813620.066
1753460420297,16:20:20.297,bybit,ADA/USDT:USDT,0.7841,19651.0,0.7842,5933.0,0.7841,586453046.0,470546192.974
1753460420331,16:20:20.331,okx,ADA/USDT:USDT,0.7843,172.3,0.7844,385.4,0.7843,3969188.9,
1753460420398,16:20:20.398,bybit,ADA/USDT:USDT,0.7841,19651.0,0.7842,62.0,0.7841,586453046.0,470546192.974
1753460420497,16:20:20.497,bybit,ADA/USDT:USDT,0.7841,20269.0,0.7842,62.0,0.7841,586453046.0,470546192.974
1753460420477,16:20:20.477,okx,ADA/USDT:USDT,0.7843,219.8,0.7844,385.4,0.7843,3969188.9,
1753460420597,16:20:20.597,bybit,ADA/USDT:USDT,0.7841,20269.0,0.7842,62.0,0.7841,586453046.0,470546192.974
1753460420562,16:20:20.562,bitget,ADA/USDT:USDT,0.7842,33811.0,0.7843,12444.0,0.7841,344265484.0,276813620.066
1753460420601,16:20:20.601,okx,ADA/USDT:USDT,0.7843,219.8,0.7844,304.4,0.7843,3969188.9,
1753460420697,16:20:20.697,bybit,ADA/USDT:USDT,0.7841,20269.0,0.7842,63.0,0.7841,586453046.0,470546192.974
1753460420707,16:20:20.707,okx,ADA/USDT:USDT,0.7843,276.2,0.7844,107.5,0.7843,3969188.9,
1753460420797,16:20:20.797,bybit,ADA/USDT:USDT,0.7842,65498.0,0.7843,575.0,0.7842,586453109.0,470546242.3786
1753460420809,16:20:20.809,okx,ADA/USDT:USDT,0.7843,286.1,0.7844,3.2,0.7843,3969188.9,
1753460420897,16:20:20.897,bybit,ADA/USDT:USDT,0.7842,64165.0,0.7843,1993.0,0.7842,586453109.0,470546242.3786
1753460420913,16:20:20.913,okx,ADA/USDT:USDT,0.7843,279.0,0.7844,3.4,0.7843,3969188.9,
1753460420961,16:20:20.961,bitget,ADA/USDT:USDT,0.7843,55157.0,0.7844,509.0,0.7841,344258030.0,276807773.8938
1753460420997,16:20:20.997,bybit,ADA/USDT:USDT,0.7842,14939.0,0.7843,27156.0,0.7842,586453109.0,470546242.3786
1753460421016,16:20:21.016,okx,ADA/USDT:USDT,0.7843,209.7,0.7844,210.2,0.7843,3969188.9,
1753460421097,16:20:21.097,bybit,ADA/USDT:USDT,0.7841,15106.0,0.7842,21187.0,0.7842,586453109.0,470546242.3786
1753460421118,16:20:21.118,okx,ADA/USDT:USDT,0.7843,70.7,0.7844,287.4,0.7843,3969188.9,
1753460421197,16:20:21.197,bybit,ADA/USDT:USDT,0.7841,19804.0,0.7842,5105.0,0.7842,586453109.0,470546242.3786
1753460421225,16:20:21.225,okx,ADA/USDT:USDT,0.7843,135.7,0.7844,238.1,0.7843,3969188.9,
1753460421297,16:20:21.297,bybit,ADA/USDT:USDT,0.7842,22647.0,0.7843,19512.0,0.7842,586453109.0,470546242.3786
1753460421368,16:20:21.368,okx,ADA/USDT:USDT,0.7843,191.9,0.7844,194.2,0.7843,3969188.9,
1753460421397,16:20:21.397,bybit,ADA/USDT:USDT,0.7842,16847.0,0.7843,15032.0,0.7842,586453109.0,470546242.3786
1753460421379,16:20:21.379,bitget,ADA/USDT:USDT,0.7843,41157.0,0.7844,4098.0,0.7841,344265738.0,276813819.2274
1753460421497,16:20:21.497,bybit,ADA/USDT:USDT,0.7842,16847.0,0.7843,4472.0,0.7842,586453109.0,470546242.3786
1753460421504,16:20:21.504,okx,ADA/USDT:USDT,0.7843,264.1,0.7844,118.8,0.7843,3969188.9,
1753460421597,16:20:21.597,bybit,ADA/USDT:USDT,0.7842,23656.0,0.7843,1274.0,0.7842,586453109.0,470546242.3786
1753460421608,16:20:21.608,okx,ADA/USDT:USDT,0.7843,268.6,0.7844,29.8,0.7843,3969188.9,
1753460421698,16:20:21.698,bitget,ADA/USDT:USDT,0.7843,30294.0,0.7844,16542.0,0.7841,344265738.0,276813819.2274
1753460421721,16:20:21.721,okx,ADA/USDT:USDT,0.7843,268.6,0.7844,3.7,0.7843,3969188.9,
1753460421797,16:20:21.797,bybit,ADA/USDT:USDT,0.7842,19824.0,0.7843,1274.0,0.7842,586453109.0,470546242.3786
1753460421866,16:20:21.866,okx,ADA/USDT:USDT,0.7843,257.3,0.7844,116.4,0.7843,3969188.9,
1753460421897,16:20:21.897,bybit,ADA/USDT:USDT,0.7842,18803.0,0.7843,19469.0,0.7842,586453109.0,470546242.3786
1753460421968,16:20:21.968,okx,ADA/USDT:USDT,0.7843,192.2,0.7844,227.6,0.7843,3969188.9,
1753460421997,16:20:21.997,bybit,ADA/USDT:USDT,0.7842,20699.0,0.7843,10569.0,0.7842,586453109.0,470546242.3786
1753460422061,16:20:22.061,bitget,ADA/USDT:USDT,0.7843,30294.0,0.7844,18431.0,0.7841,344265738.0,276813819.2274
1753460422098,16:20:22.098,bybit,ADA/USDT:USDT,0.7842,20699.0,0.7843,9932.0,0.7842,586453109.0,470546242.3786
1753460422095,16:20:22.095,okx,ADA/USDT:USDT,0.7843,305.5,0.7844,97.9,0.7843,3969188.9,
1753460422196,16:20:22.196,okx,ADA/USDT:USDT,0.7843,305.5,0.7844,3.7,0.7843,3969188.9,
1753460422297,16:20:22.297,bybit,ADA/USDT:USDT,0.7842,21598.0,0.7843,4992.0,0.7842,586453109.0,470546242.3786
1753460422306,16:20:22.306,okx,ADA/USDT:USDT,0.7843,430.6,0.7844,44.1,0.7843,3969188.9,
1753460422397,16:20:22.397,bybit,ADA/USDT:USDT,0.7842,17886.0,0.7843,14955.0,0.7842,586453109.0,470546242.3786
1753460422402,16:20:22.402,bitget,ADA/USDT:USDT,0.7843,30294.0,0.7844,16542.0,0.7841,344265738.0,276813819.2274
1753460422497,16:20:22.497,bybit,ADA/USDT:USDT,0.7842,525.0,0.7843,25568.0,0.7842,586453109.0,470546242.3786
1753460422509,16:20:22.509,okx,ADA/USDT:USDT,0.7843,165.2,0.7844,398.7,0.7843,3969188.9,
1753460422597,16:20:22.597,bybit,ADA/USDT:USDT,0.7841,17330.0,0.7842,37835.0,0.7841,586459122.0,470550957.2298
1753460422697,16:20:22.697,bybit,ADA/USDT:USDT,0.7842,12922.0,0.7843,27813.0,0.7841,586459122.0,470550957.2298
1753460422728,16:20:22.728,okx,ADA/USDT:USDT,0.7843,184.6,0.7844,287.0,0.7843,3969188.9,
1753460422728,16:20:22.728,bitget,ADA/USDT:USDT,0.7843,17012.0,0.7844,26390.0,0.7841,344265738.0,276813819.2274
1753460422798,16:20:22.798,bybit,ADA/USDT:USDT,0.7842,15002.0,0.7843,16240.0,0.7841,586459122.0,470550957.2298
1753460422877,16:20:22.877,okx,ADA/USDT:USDT,0.7843,209.9,0.7844,185.5,0.7843,3969188.9,
1753460422898,16:20:22.898,bybit,ADA/USDT:USDT,0.7842,12922.0,0.7843,26670.0,0.7841,586459122.0,470550957.2298
1753460422997,16:20:22.997,bybit,ADA/USDT:USDT,0.7842,18068.0,0.7843,13701.0,0.7841,586459122.0,470550957.2298
1753460423005,16:20:23.005,okx,ADA/USDT:USDT,0.7843,221.2,0.7844,95.4,0.7843,3969188.9,
1753460423043,16:20:23.043,bitget,ADA/USDT:USDT,0.7843,44294.0,0.7844,16542.0,0.7841,344265738.0,276813819.2274
1753460423098,16:20:23.098,bybit,ADA/USDT:USDT,0.7842,18733.0,0.7843,9995.0,0.7841,586459122.0,470550957.2298
1753460423106,16:20:23.106,okx,ADA/USDT:USDT,0.7843,221.2,0.7844,95.6,0.7843,3969188.9,
1753460423197,16:20:23.197,bybit,ADA/USDT:USDT,0.7842,18068.0,0.7843,9995.0,0.7841,586459122.0,470550957.2298
1753460423207,16:20:23.207,okx,ADA/USDT:USDT,0.7843,397.8,0.7844,95.7,0.7843,3969188.9,
1753460423297,16:20:23.297,bybit,ADA/USDT:USDT,0.7842,20226.0,0.7843,9948.0,0.7841,586459122.0,470550957.2298
1753460423308,16:20:23.308,okx,ADA/USDT:USDT,0.7843,406.1,0.7844,4.0,0.7843,3969188.9,
1753460423398,16:20:23.398,bybit,ADA/USDT:USDT,0.7842,21125.0,0.7843,1290.0,0.7841,586459122.0,470550957.2298
1753460423371,16:20:23.371,bitget,ADA/USDT:USDT,0.7843,44294.0,0.7844,16542.0,0.7841,344256974.0,276806945.673
1753460423408,16:20:23.408,okx,ADA/USDT:USDT,0.7843,409.7,0.7844,4.0,0.7843,3969188.9,
1753460423497,16:20:23.497,bybit,ADA/USDT:USDT,0.7842,21125.0,0.7843,1298.0,0.7841,586459122.0,470550957.2298
1753460423509,16:20:23.509,okx,ADA/USDT:USDT,0.7843,410.9,0.7844,4.0,0.7843,3969188.9,
1753460423597,16:20:23.597,bybit,ADA/USDT:USDT,0.7842,21229.0,0.7843,1298.0,0.7841,586459122.0,470550957.2298
1753460423611,16:20:23.611,okx,ADA/USDT:USDT,0.7843,408.0,0.7844,4.0,0.7843,3969188.9,
1753460423697,16:20:23.697,bybit,ADA/USDT:USDT,0.7844,52726.0,0.7845,83.0,0.7844,586483400.0,470570000.7632
1753460423713,16:20:23.713,okx,ADA/USDT:USDT,0.7845,748.6,0.7846,222.2,0.7845,3969213.7,
1753460423797,16:20:23.797,bybit,ADA/USDT:USDT,0.7844,22519.0,0.7845,18955.0,0.7844,586483400.0,470570000.7632
1753460423867,16:20:23.867,okx,ADA/USDT:USDT,0.7845,416.9,0.7846,242.8,0.7845,3969213.7,
1753460423897,16:20:23.897,bybit,ADA/USDT:USDT,0.7844,6196.0,0.7845,25681.0,0.7844,586492997.0,470577528.65
1753460423901,16:20:23.901,bitget,ADA/USDT:USDT,0.7843,44294.0,0.7844,509.0,0.7841,344265738.0,276813819.2274
1753460423969,16:20:23.969,okx,ADA/USDT:USDT,0.7843,367.1,0.7844,63.7,0.7844,3969450.9,
1753460423997,16:20:23.997,bybit,ADA/USDT:USDT,0.7842,132.0,0.7843,57456.0,0.7842,586502854.0,470585259.4832
1753460424097,16:20:24.097,bybit,ADA/USDT:USDT,0.7841,29537.0,0.7842,14647.0,0.7842,586502854.0,470585259.4832
1753460424089,16:20:24.089,okx,ADA/USDT:USDT,0.7843,91.3,0.7844,360.1,0.7844,3969450.9,
1753460424197,16:20:24.197,bybit,ADA/USDT:USDT,0.7841,19483.0,0.7842,4475.0,0.7842,586502854.0,470585259.4832
1753460424203,16:20:24.203,okx,ADA/USDT:USDT,0.7843,32.0,0.7844,443.9,0.7844,3969450.9,
1753460424297,16:20:24.297,bybit,ADA/USDT:USDT,0.7841,20147.0,0.7842,3838.0,0.7842,586502854.0,470585259.4832
1753460424304,16:20:24.304,okx,ADA/USDT:USDT,0.7843,98.2,0.7844,438.0,0.7844,3969450.9,
1753460424327,16:20:24.327,bitget,ADA/USDT:USDT,0.7843,16464.0,0.7844,53315.0,0.7845,344265738.0,276813819.2274
1753460424397,16:20:24.397,bybit,ADA/USDT:USDT,0.7842,4068.0,0.7843,33160.0,0.7842,586502854.0,470585259.4832
1753460424407,16:20:24.407,okx,ADA/USDT:USDT,0.7843,118.3,0.7844,372.9,0.7844,3969450.9,
1753460424497,16:20:24.497,bybit,ADA/USDT:USDT,0.7842,11476.0,0.7843,33160.0,0.7842,586502854.0,470585259.4832
1753460424509,16:20:24.509,okx,ADA/USDT:USDT,0.7843,121.1,0.7844,372.9,0.7844,3969450.9,
1753460424597,16:20:24.597,bybit,ADA/USDT:USDT,0.7842,11476.0,0.7843,32755.0,0.7842,586502854.0,470585259.4832
1753460424613,16:20:24.613,okx,ADA/USDT:USDT,0.7843,207.2,0.7844,293.9,0.7844,3969450.9,
1753460424697,16:20:24.697,bybit,ADA/USDT:USDT,0.7842,7408.0,0.7843,30844.0,0.7842,586502854.0,470585259.4832
1753460424692,16:20:24.692,bitget,ADA/USDT:USDT,0.7843,30294.0,0.7844,38827.0,0.7845,344265738.0,276813819.2274
1753460424797,16:20:24.797,bybit,ADA/USDT:USDT,0.7841,23972.0,0.7842,4633.0,0.7842,586502854.0,470585259.4832
1753460424833,16:20:24.833,okx,ADA/USDT:USDT,0.7843,118.4,0.7844,319.4,0.7844,3969450.9,
1753460424897,16:20:24.897,bybit,ADA/USDT:USDT,0.7841,23308.0,0.7842,3945.0,0.7842,586502854.0,470585259.4832
1753460424933,16:20:24.933,okx,ADA/USDT:USDT,0.7843,139.4,0.7844,319.4,0.7844,3969450.9,
1753460424997,16:20:24.997,bybit,ADA/USDT:USDT,0.7841,23308.0,0.7842,3220.0,0.7842,586502854.0,470585259.4832
1753460425007,16:20:25.007,bitget,ADA/USDT:USDT,0.7843,30294.0,0.7844,38827.0,0.7845,344265738.0,276813819.2274
1753460425039,16:20:25.039,okx,ADA/USDT:USDT,0.7843,36.3,0.7844,321.2,0.7844,3969450.9,
1753460425097,16:20:25.097,bybit,ADA/USDT:USDT,0.7841,23308.0,0.7842,8734.0,0.7842,586502854.0,470585259.4832
1753460425197,16:20:25.197,bybit,ADA/USDT:USDT,0.7841,7488.0,0.7842,28428.0,0.7842,586502854.0,470585259.4832
1753460425167,16:20:25.167,okx,ADA/USDT:USDT,0.7843,59.8,0.7844,321.3,0.7844,3969450.9,
1753460425297,16:20:25.297,bybit,ADA/USDT:USDT,0.7841,7488.0,0.7842,30339.0,0.7842,586502854.0,470585259.4832
1753460425292,16:20:25.292,okx,ADA/USDT:USDT,0.7843,11.5,0.7844,329.0,0.7844,3969450.9,
1753460425323,16:20:25.323,bitget,ADA/USDT:USDT,0.7843,17012.0,0.7844,39913.0,0.7845,344265738.0,276813819.2274
1753460425397,16:20:25.397,bybit,ADA/USDT:USDT,0.784,31048.0,0.7841,13982.0,0.7842,586502854.0,470585259.4832
1753460425407,16:20:25.407,okx,ADA/USDT:USDT,0.7842,115.3,0.7844,330.2,0.7843,3969462.4,
1753460425497,16:20:25.497,bybit,ADA/USDT:USDT,0.784,31048.0,0.7841,6206.0,0.7842,586502854.0,470585259.4832
1753460425515,16:20:25.515,okx,ADA/USDT:USDT,0.7842,152.8,0.7843,490.2,0.7843,3969462.4,
1753460425621,16:20:25.621,okx,ADA/USDT:USDT,0.7842,208.8,0.7843,528.9,0.7843,3969462.4,
1753460425698,16:20:25.698,bybit,ADA/USDT:USDT,0.784,37573.0,0.7841,5444.0,0.7842,586502854.0,470585259.4832
1753460425766,16:20:25.766,okx,ADA/USDT:USDT,0.7842,248.8,0.7843,502.6,0.7843,3969462.4,
1753460425797,16:20:25.797,bybit,ADA/USDT:USDT,0.7841,45193.0,0.7842,14.0,0.7841,586502864.0,470585267.3242
1753460425803,16:20:25.803,bitget,ADA/USDT:USDT,0.7842,17848.0,0.7843,38678.0,0.7845,344267160.0,276814934.6846
1753460425897,16:20:25.897,bybit,ADA/USDT:USDT,0.7841,45193.0,0.7842,273.0,0.7841,586502864.0,470585267.3242
1753460425882,16:20:25.882,okx,ADA/USDT:USDT,0.7843,279.5,0.7844,278.0,0.7843,3969462.4,
1753460426010,16:20:26.010,okx,ADA/USDT:USDT,0.7843,272.3,0.7844,278.6,0.7843,3969462.4,
1753460426097,16:20:26.097,bybit,ADA/USDT:USDT,0.7841,43195.0,0.7842,5787.0,0.7841,586502864.0,470585267.3242
1753460426124,16:20:26.124,okx,ADA/USDT:USDT,0.7843,152.3,0.7844,304.1,0.7843,3969462.4,
1753460426197,16:20:26.197,bybit,ADA/USDT:USDT,0.7841,20036.0,0.7842,6469.0,0.7841,586502864.0,470585267.3242
1753460426263,16:20:26.263,gateio,ADA/USDT:USDT,,,,,0.7837,160536040.0,125812094.0
1753460426277,16:20:26.277,okx,ADA/USDT:USDT,0.7843,152.3,0.7844,305.5,0.7843,3969462.4,
1753460426407,16:20:26.407,okx,ADA/USDT:USDT,0.7843,152.1,0.7844,305.5,0.7843,3969462.4,
1753460426497,16:20:26.497,bybit,ADA/USDT:USDT,0.7841,21023.0,0.7842,5787.0,0.7841,586502864.0,470585267.3242
1753460426508,16:20:26.508,okx,ADA/USDT:USDT,0.7843,222.2,0.7844,278.6,0.7843,3969462.4,
1753460426597,16:20:26.597,bybit,ADA/USDT:USDT,0.7841,21023.0,0.7842,5813.0,0.7841,586502864.0,470585267.3242
1753460426593,16:20:26.593,bitget,ADA/USDT:USDT,0.7842,17848.0,0.7843,38678.0,0.7845,344265738.0,276813819.2274
1753460426609,16:20:26.609,okx,ADA/USDT:USDT,0.7843,209.9,0.7844,278.6,0.7843,3969462.4,
1753460426698,16:20:26.698,bybit,ADA/USDT:USDT,0.7841,25637.0,0.7842,5813.0,0.7841,586504446.0,470586507.7704
1753460426797,16:20:26.797,bybit,ADA/USDT:USDT,0.7842,35243.0,0.7843,8816.0,0.7842,586504731.0,470586731.2674
1753460426897,16:20:26.897,bybit,ADA/USDT:USDT,0.7842,37163.0,0.7843,5551.0,0.7842,586504731.0,470586731.2674
1753460426920,16:20:26.920,okx,ADA/USDT:USDT,0.7843,333.8,0.7844,0.3,0.7843,3969462.4,
1753460426997,16:20:26.997,bybit,ADA/USDT:USDT,0.7842,23319.0,0.7843,5614.0,0.7842,586504731.0,470586731.2674
1753460427011,16:20:27.011,bitget,ADA/USDT:USDT,0.7843,39826.0,0.7844,2108.0,0.7845,344267160.0,276814934.6846
1753460427097,16:20:27.097,bybit,ADA/USDT:USDT,0.7841,70205.0,0.7842,725.0,0.7842,586504731.0,470586731.2674
1753460427170,16:20:27.170,okx,ADA/USDT:USDT,0.7843,200.1,0.7844,357.3,0.7843,3969462.4,
1753460427197,16:20:27.197,bybit,ADA/USDT:USDT,0.7841,24660.0,0.7842,14712.0,0.7842,586504731.0,470586731.2674
1753460427298,16:20:27.298,bybit,ADA/USDT:USDT,0.7841,24660.0,0.7842,14296.0,0.7842,586504731.0,470586731.2674
1753460427305,16:20:27.305,okx,ADA/USDT:USDT,0.7843,152.3,0.7844,392.1,0.7843,3969462.4,
1753460427346,16:20:27.346,bitget,ADA/USDT:USDT,0.7843,39826.0,0.7844,2108.0,0.7845,344267160.0,276814934.6846
1753460427397,16:20:27.397,bybit,ADA/USDT:USDT,0.7841,24660.0,0.7842,14148.0,0.7842,586504731.0,470586731.2674
1753460427406,16:20:27.406,okx,ADA/USDT:USDT,0.7843,155.1,0.7844,372.1,0.7843,3969462.4,
1753460427497,16:20:27.497,bybit,ADA/USDT:USDT,0.784,8026.0,0.7841,41306.0,0.7842,586504731.0,470586731.2674
1753460427520,16:20:27.520,okx,ADA/USDT:USDT,0.7842,0.3,0.7843,603.3,0.7843,3969465.4,
1753460427597,16:20:27.597,bybit,ADA/USDT:USDT,0.7839,805.0,0.784,55649.0,0.784,586506021.0,470587742.6274
1753460427638,16:20:27.638,okx,ADA/USDT:USDT,0.7841,0.1,0.7842,790.7,0.7842,3969465.7,
1753460427651,16:20:27.651,bitget,ADA/USDT:USDT,0.7843,19665.0,0.7844,23241.0,0.7845,344267160.0,276814934.6846
1753460427698,16:20:27.698,bybit,ADA/USDT:USDT,0.7839,24512.0,0.784,47488.0,0.784,586506021.0,470587742.6274
1753460427771,16:20:27.771,okx,ADA/USDT:USDT,0.7841,132.2,0.7842,699.1,0.7842,3969465.7,
1753460427797,16:20:27.797,bybit,ADA/USDT:USDT,0.7839,25632.0,0.784,23903.0,0.784,586506021.0,470587742.6274
1753460427875,16:20:27.875,okx,ADA/USDT:USDT,0.7841,132.4,0.7842,691.8,0.7842,3969465.7,
1753460427897,16:20:27.897,bybit,ADA/USDT:USDT,0.7839,12867.0,0.784,24246.0,0.784,586506021.0,470587742.6274
1753460427997,16:20:27.997,bybit,ADA/USDT:USDT,0.7839,5522.0,0.784,31609.0,0.784,586506021.0,470587742.6274
1753460427970,16:20:27.970,bitget,ADA/USDT:USDT,0.7841,24464.0,0.7842,58681.0,0.7845,344267160.0,276814934.6846
1753460428009,16:20:28.009,okx,ADA/USDT:USDT,0.7841,0.1,0.7842,736.5,0.7842,3969465.7,
1753460428097,16:20:28.097,bybit,ADA/USDT:USDT,0.7839,8.0,0.784,37123.0,0.784,586506021.0,470587742.6274
1753460428118,16:20:28.118,okx,ADA/USDT:USDT,0.7841,0.1,0.7842,768.2,0.7842,3969465.7,
1753460428197,16:20:28.197,bybit,ADA/USDT:USDT,0.7838,23.0,0.7839,74434.0,0.7839,586506029.0,470587748.8986
1753460428219,16:20:28.219,okx,ADA/USDT:USDT,0.7838,159.1,0.7839,453.4,0.7839,3969495.1,
1753460428271,16:20:28.271,gateio,ADA/USDT:USDT,,,,,0.7838,160536280.0,125828336.0
1753460428297,16:20:28.297,bybit,ADA/USDT:USDT,0.7837,35751.0,0.7838,55200.0,0.7837,586513610.0,470593690.1306
1753460428323,16:20:28.323,okx,ADA/USDT:USDT,0.7838,169.6,0.7839,432.9,0.7839,3969495.1,
1753460428316,16:20:28.316,bitget,ADA/USDT:USDT,0.7838,16114.0,0.7839,22574.0,0.7845,344267160.0,276814934.6846
1753460428397,16:20:28.397,bybit,ADA/USDT:USDT,0.7837,35751.0,0.7838,51036.0,0.7837,586513610.0,470593690.1306
1753460428463,16:20:28.463,okx,ADA/USDT:USDT,0.7838,189.6,0.7839,432.9,0.7839,3969495.1,
1753460428497,16:20:28.497,bybit,ADA/USDT:USDT,0.7837,35751.0,0.7838,51010.0,0.7837,586513610.0,470593690.1306
1753460428597,16:20:28.597,bybit,ADA/USDT:USDT,0.7837,35751.0,0.7838,46797.0,0.7837,586513610.0,470593690.1306
1753460428656,16:20:28.656,bitget,ADA/USDT:USDT,0.7838,16114.0,0.7839,22574.0,0.7845,344267160.0,276814934.6846
1753460428697,16:20:28.697,bybit,ADA/USDT:USDT,0.7837,35751.0,0.7838,46797.0,0.7837,586513610.0,470593690.1306
1753460428706,16:20:28.706,okx,ADA/USDT:USDT,0.7838,234.4,0.7839,347.3,0.7839,3969495.1,
1753460428797,16:20:28.797,bybit,ADA/USDT:USDT,0.7835,22911.0,0.7836,25991.0,0.7836,586550713.0,470622767.6165
1753460428811,16:20:28.811,okx,ADA/USDT:USDT,0.7838,209.6,0.7839,347.3,0.7839,3969495.1,
1753460428898,16:20:28.898,bybit,ADA/USDT:USDT,0.7835,20834.0,0.7836,20074.0,0.7836,586550713.0,470622767.6165
1753460428917,16:20:28.917,okx,ADA/USDT:USDT,0.7838,24.3,0.7839,437.7,0.7838,3969508.3,
1753460428998,16:20:28.998,bybit,ADA/USDT:USDT,0.7835,16790.0,0.7836,20074.0,0.7836,586550713.0,470622767.6165
1753460428974,16:20:28.974,bitget,ADA/USDT:USDT,0.7838,30292.0,0.7839,43124.0,0.7845,344267160.0,276814934.6846
1753460429098,16:20:29.098,bybit,ADA/USDT:USDT,0.7835,18870.0,0.7836,20074.0,0.7836,586550713.0,470622767.6165
1753460429131,16:20:29.131,okx,ADA/USDT:USDT,0.7837,2.0,0.7838,827.0,0.7838,3969532.6,
1753460429198,16:20:29.198,bybit,ADA/USDT:USDT,0.7835,9815.0,0.7836,23230.0,0.7836,586550713.0,470622767.6165
1753460429298,16:20:29.298,bybit,ADA/USDT:USDT,0.7835,9775.0,0.7836,24506.0,0.7836,586550713.0,470622767.6165
1753460429257,16:20:29.257,okx,ADA/USDT:USDT,0.7837,113.1,0.7838,927.9,0.7838,3969532.6,
1753460429319,16:20:29.319,bitget,ADA/USDT:USDT,0.7837,827.0,0.7838,5734.0,0.7838,344267160.0,276814934.6846
1753460429373,16:20:29.373,okx,ADA/USDT:USDT,0.7837,113.3,0.7838,927.9,0.7838,3969532.6,
1753460429397,16:20:29.397,bybit,ADA/USDT:USDT,0.7835,7053.0,0.7836,24506.0,0.7836,586550713.0,470622767.6165
1753460429497,16:20:29.497,bybit,ADA/USDT:USDT,0.7835,7735.0,0.7836,23230.0,0.7836,586550713.0,470622767.6165
1753460429597,16:20:29.597,bybit,ADA/USDT:USDT,0.7835,25317.0,0.7836,23230.0,0.7836,586550713.0,470622767.6165
1753460429606,16:20:29.606,okx,ADA/USDT:USDT,0.7837,1.6,0.7838,926.7,0.7838,3969532.6,
1753460429660,16:20:29.660,bitget,ADA/USDT:USDT,0.7837,350.0,0.7838,64048.0,0.7838,344267160.0,276814934.6846
1753460429698,16:20:29.698,bybit,ADA/USDT:USDT,0.7835,25883.0,0.7836,23868.0,0.7836,586550713.0,470622767.6165
1753460429709,16:20:29.709,okx,ADA/USDT:USDT,0.7837,92.8,0.7838,796.7,0.7838,3969532.6,
1753460429797,16:20:29.797,bybit,ADA/USDT:USDT,0.7835,32677.0,0.7836,9477.0,0.7836,586550713.0,470622767.6165
1753460429814,16:20:29.814,okx,ADA/USDT:USDT,0.7837,173.7,0.7838,651.3,0.7838,3969532.6,
1753460429897,16:20:29.897,bybit,ADA/USDT:USDT,0.7835,25883.0,0.7836,16295.0,0.7836,586550713.0,470622767.6165
1753460429998,16:20:29.998,bybit,ADA/USDT:USDT,0.7835,25883.0,0.7836,18375.0,0.7836,586550713.0,470622767.6165
1753460429977,16:20:29.977,bitget,ADA/USDT:USDT,0.7837,350.0,0.7838,64048.0,0.7838,344267160.0,276814934.6846
1753460430097,16:20:30.097,bybit,ADA/USDT:USDT,0.7835,25883.0,0.7836,24079.0,0.7836,586550713.0,470622767.6165
1753460430168,16:20:30.168,okx,ADA/USDT:USDT,0.7837,1.7,0.7838,678.9,0.7838,3969532.6,
1753460430197,16:20:30.197,bybit,ADA/USDT:USDT,0.7835,31397.0,0.7836,3357.0,0.7836,586550713.0,470622767.6165
1753460430244,16:20:30.244,gateio,ADA/USDT:USDT,,,,,0.7838,160536280.0,125828336.0
1753460430297,16:20:30.297,bybit,ADA/USDT:USDT,0.7835,25883.0,0.7836,16741.0,0.7836,586550713.0,470622767.6165
1753460430278,16:20:30.278,okx,ADA/USDT:USDT,0.7837,67.7,0.7838,651.3,0.7838,3969532.6,
1753460430310,16:20:30.310,bitget,ADA/USDT:USDT,0.7837,17524.0,0.7838,42979.0,0.7838,344267160.0,276814934.6846
1753460430398,16:20:30.398,bybit,ADA/USDT:USDT,0.7835,25883.0,0.7836,14661.0,0.7836,586550713.0,470622767.6165
1753460430395,16:20:30.395,okx,ADA/USDT:USDT,0.7837,39.2,0.7838,678.8,0.7838,3969532.6,
1753460430497,16:20:30.497,bybit,ADA/USDT:USDT,0.7835,25880.0,0.7836,10787.0,0.7836,586550713.0,470622767.6165
1753460430505,16:20:30.505,okx,ADA/USDT:USDT,0.7837,171.6,0.7838,476.8,0.7838,3969532.6,
1753460430597,16:20:30.597,bybit,ADA/USDT:USDT,0.7835,25955.0,0.7836,10806.0,0.7836,586550713.0,470622767.6165
1753460430698,16:20:30.698,bybit,ADA/USDT:USDT,0.7835,25955.0,0.7836,201.0,0.7836,586550713.0,470622767.6165
1753460430717,16:20:30.717,bitget,ADA/USDT:USDT,0.7837,29872.0,0.7838,42979.0,0.7837,344267160.0,276814934.6846
1753460430797,16:20:30.797,bybit,ADA/USDT:USDT,0.7835,25955.0,0.7836,8773.0,0.7836,586550713.0,470622767.6165
1753460430818,16:20:30.818,okx,ADA/USDT:USDT,0.7837,83.0,0.7838,478.8,0.7838,3969532.6,
1753460430898,16:20:30.898,bybit,ADA/USDT:USDT,0.7835,25955.0,0.7836,11418.0,0.7836,586550713.0,470622767.6165
1753460430967,16:20:30.967,okx,ADA/USDT:USDT,0.7837,123.4,0.7838,478.8,0.7838,3969532.6,
1753460430997,16:20:30.997,bybit,ADA/USDT:USDT,0.7835,25955.0,0.7836,8999.0,0.7836,586550713.0,470622767.6165
1753460431097,16:20:31.097,bybit,ADA/USDT:USDT,0.7835,18547.0,0.7836,23680.0,0.7836,586550713.0,470622767.6165
1753460431074,16:20:31.074,bitget,ADA/USDT:USDT,0.7837,29872.0,0.7838,42979.0,0.7837,344267806.0,276815441.0194
1753460431197,16:20:31.197,bybit,ADA/USDT:USDT,0.7835,19229.0,0.7836,21510.0,0.7836,586550713.0,470622767.6165
1753460431207,16:20:31.207,okx,ADA/USDT:USDT,0.7836,201.9,0.7837,593.2,0.7837,3969546.1,
1753460431255,16:20:31.255,gateio,ADA/USDT:USDT,,,,,0.7834,160536360.0,125764184.0
1753460431297,16:20:31.297,bybit,ADA/USDT:USDT,0.7835,19265.0,0.7836,25744.0,0.7836,586550713.0,470622767.6165
1753460431309,16:20:31.309,okx,ADA/USDT:USDT,0.7836,181.8,0.7837,593.0,0.7837,3969546.1,
1753460431397,16:20:31.397,bybit,ADA/USDT:USDT,0.7835,18583.0,0.7836,28942.0,0.7836,586550713.0,470622767.6165
1753460431411,16:20:31.411,okx,ADA/USDT:USDT,0.7836,1.3,0.7837,581.4,0.7837,3969546.1,
1753460431497,16:20:31.497,bybit,ADA/USDT:USDT,0.7835,18583.0,0.7836,31032.0,0.7836,586550713.0,470622767.6165
1753460431476,16:20:31.476,bitget,ADA/USDT:USDT,0.7837,16662.0,0.7838,42979.0,0.7837,344267806.0,276815441.0194
1753460431515,16:20:31.515,okx,ADA/USDT:USDT,0.7836,0.5,0.7837,570.4,0.7837,3969546.1,
1753460431597,16:20:31.597,bybit,ADA/USDT:USDT,0.7835,18583.0,0.7836,27834.0,0.7836,586550713.0,470622767.6165
1753460431645,16:20:31.645,okx,ADA/USDT:USDT,0.7836,66.8,0.7837,563.8,0.7837,3969546.1,
1753460431697,16:20:31.697,bybit,ADA/USDT:USDT,0.7835,36424.0,0.7836,4471.0,0.7836,586550713.0,470622767.6165
1753460431753,16:20:31.753,okx,ADA/USDT:USDT,0.7836,503.3,0.7837,20.3,0.7837,3969546.1,
1753460431797,16:20:31.797,bybit,ADA/USDT:USDT,0.7835,37704.0,0.7836,391.0,0.7836,586550713.0,470622767.6165
1753460431861,16:20:31.861,okx,ADA/USDT:USDT,0.7836,503.5,0.7837,0.1,0.7837,3969546.1,
1753460431903,16:20:31.903,bitget,ADA/USDT:USDT,0.7837,21826.0,0.7838,18861.0,0.7837,344267160.0,276814934.6846
1753460431997,16:20:31.997,bybit,ADA/USDT:USDT,0.7836,31521.0,0.7837,17500.0,0.7836,586551077.0,470623052.8469
1753460432097,16:20:32.097,bybit,ADA/USDT:USDT,0.7836,6196.0,0.7837,22485.0,0.7836,586551077.0,470623052.8469
1753460432102,16:20:32.102,okx,ADA/USDT:USDT,0.7837,664.1,0.7838,115.7,0.7837,3969546.2,
1753460432197,16:20:32.197,bybit,ADA/USDT:USDT,0.7835,25991.0,0.7836,36175.0,0.7836,586551077.0,470623052.8469
1753460432205,16:20:32.205,okx,ADA/USDT:USDT,0.7837,152.3,0.7838,225.4,0.7837,3969546.2,
1753460432297,16:20:32.297,bybit,ADA/USDT:USDT,0.7835,19265.0,0.7836,36175.0,0.7836,586551077.0,470623052.8469
1753460432278,16:20:32.278,gateio,ADA/USDT:USDT,,,,,0.7834,160536360.0,125764184.0
1753460432307,16:20:32.307,okx,ADA/USDT:USDT,0.7836,416.8,0.7837,211.7,0.7837,3969546.2,
1753460432397,16:20:32.397,bybit,ADA/USDT:USDT,0.7835,31505.0,0.7836,36175.0,0.7836,586551077.0,470623052.8469
1753460432407,16:20:32.407,okx,ADA/USDT:USDT,0.7836,201.7,0.7837,193.8,0.7837,3969546.2,
1753460432497,16:20:32.497,bybit,ADA/USDT:USDT,0.7835,19265.0,0.7836,38089.0,0.7836,586551077.0,470623052.8469
1753460432532,16:20:32.532,okx,ADA/USDT:USDT,0.7836,174.6,0.7837,215.6,0.7837,3969546.2,
1753460432597,16:20:32.597,bybit,ADA/USDT:USDT,0.7835,19265.0,0.7836,29727.0,0.7836,586551077.0,470623052.8469
1753460432605,16:20:32.605,bitget,ADA/USDT:USDT,0.7837,17012.0,0.7838,27545.0,0.7837,344267998.0,276815591.4898
1753460432697,16:20:32.697,bybit,ADA/USDT:USDT,0.7835,26859.0,0.7836,27175.0,0.7836,586551077.0,470623052.8469
1753460432674,16:20:32.674,okx,ADA/USDT:USDT,0.7836,184.9,0.7837,215.6,0.7837,3969546.2,
1753460432808,16:20:32.808,okx,ADA/USDT:USDT,0.7836,185.4,0.7837,216.9,0.7837,3969546.2,
1753460432897,16:20:32.897,bybit,ADA/USDT:USDT,0.7835,19205.0,0.7836,35841.0,0.7836,586551077.0,470623052.8469
1753460432913,16:20:32.913,okx,ADA/USDT:USDT,0.7836,108.5,0.7837,277.5,0.7837,3969546.2,
1753460432915,16:20:32.915,bitget,ADA/USDT:USDT,0.7837,17012.0,0.7838,43659.0,0.7837,344267998.0,276815591.4898
1753460432997,16:20:32.997,bybit,ADA/USDT:USDT,0.7835,18563.0,0.7836,38393.0,0.7836,586551077.0,470623052.8469
1753460433016,16:20:33.016,okx,ADA/USDT:USDT,0.7836,108.5,0.7837,397.5,0.7837,3969546.2,
1753460433097,16:20:33.097,bybit,ADA/USDT:USDT,0.7834,30756.0,0.7835,68297.0,0.7834,586595133.0,470657568.1736
1753460433119,16:20:33.119,okx,ADA/USDT:USDT,0.7836,2.0,0.7837,460.6,0.7837,3969546.2,
1753460433197,16:20:33.197,bybit,ADA/USDT:USDT,0.7834,33991.0,0.7835,3880.0,0.7834,586595133.0,470657568.1736
1753460433231,16:20:33.231,okx,ADA/USDT:USDT,0.7836,55.5,0.7837,406.8,0.7837,3969546.2,
1753460433224,16:20:33.224,bitget,ADA/USDT:USDT,0.7835,33872.0,0.7836,3239.0,0.7837,344267998.0,276815591.4898
1753460433266,16:20:33.266,gateio,ADA/USDT:USDT,,,,,0.7834,160536360.0,125764184.0
1753460433333,16:20:33.333,okx,ADA/USDT:USDT,0.7836,27.6,0.7837,406.8,0.7837,3969546.2,
1753460433398,16:20:33.398,bybit,ADA/USDT:USDT,0.7834,28477.0,0.7835,11232.0,0.7834,586595133.0,470657568.1736
1753460433497,16:20:33.497,bybit,ADA/USDT:USDT,0.7834,28477.0,0.7835,9394.0,0.7834,586595133.0,470657568.1736
1753460433474,16:20:33.474,okx,ADA/USDT:USDT,0.7836,28.1,0.7837,406.8,0.7837,3969546.2,
1753460433597,16:20:33.597,bybit,ADA/USDT:USDT,0.7835,58210.0,0.7836,2566.0,0.7834,586595133.0,470657568.1736
1753460433606,16:20:33.606,okx,ADA/USDT:USDT,0.7836,68.3,0.7837,400.3,0.7837,3969546.2,
1753460433630,16:20:33.630,bitget,ADA/USDT:USDT,0.7835,34319.0,0.7836,14434.0,0.7837,344267806.0,276815441.0194
1753460433697,16:20:33.697,bybit,ADA/USDT:USDT,0.7835,26258.0,0.7836,9366.0,0.7834,586595133.0,470657568.1736
1753460433710,16:20:33.710,okx,ADA/USDT:USDT,0.7836,334.4,0.7837,55.2,0.7837,3969546.2,
1753460433797,16:20:33.797,bybit,ADA/USDT:USDT,0.7835,24178.0,0.7836,20068.0,0.7834,586595133.0,470657568.1736
1753460433813,16:20:33.813,okx,ADA/USDT:USDT,0.7836,279.4,0.7837,74.3,0.7837,3969546.2,
1753460433897,16:20:33.897,bybit,ADA/USDT:USDT,0.7835,24178.0,0.7836,14970.0,0.7834,586595133.0,470657568.1736
1753460433962,16:20:33.962,okx,ADA/USDT:USDT,0.7836,250.8,0.7837,74.5,0.7837,3969546.2,
1753460433997,16:20:33.997,bybit,ADA/USDT:USDT,0.7835,17452.0,0.7836,18129.0,0.7834,586595133.0,470657568.1736
1753460434042,16:20:34.042,bitget,ADA/USDT:USDT,0.7835,34319.0,0.7836,14434.0,0.7837,344267998.0,276815591.4898
1753460434097,16:20:34.097,bybit,ADA/USDT:USDT,0.7835,26258.0,0.7836,13995.0,0.7834,586595133.0,470657568.1736
1753460434082,16:20:34.082,okx,ADA/USDT:USDT,0.7836,174.6,0.7837,175.5,0.7837,3969546.2,
1753460434197,16:20:34.197,bybit,ADA/USDT:USDT,0.7835,27070.0,0.7836,9547.0,0.7835,586595142.0,470657575.2251
1753460434188,16:20:34.188,okx,ADA/USDT:USDT,0.7836,268.9,0.7837,55.4,0.7837,3969546.2,
1753460434297,16:20:34.297,bybit,ADA/USDT:USDT,0.7835,27080.0,0.7836,14221.0,0.7835,586595142.0,470657575.2251
1753460434294,16:20:34.294,okx,ADA/USDT:USDT,0.7836,323.9,0.7837,55.4,0.7837,3969546.2,
1753460434397,16:20:34.397,bybit,ADA/USDT:USDT,0.7835,27095.0,0.7836,8865.0,0.7835,586595142.0,470657575.2251
1753460434369,16:20:34.369,bitget,ADA/USDT:USDT,0.7837,16114.0,0.7838,60242.0,0.7836,344267998.0,276815591.4898
1753460434395,16:20:34.395,okx,ADA/USDT:USDT,0.7836,334.7,0.7837,55.4,0.7837,3969546.2,
1753460434497,16:20:34.497,bybit,ADA/USDT:USDT,0.7835,28617.0,0.7836,264.0,0.7835,586595142.0,470657575.2251
1753460434498,16:20:34.498,okx,ADA/USDT:USDT,0.7836,336.1,0.7837,29.3,0.7837,3969546.2,
1753460434597,16:20:34.597,bybit,ADA/USDT:USDT,0.7836,42145.0,0.7837,20495.0,0.7836,586595406.0,470657782.0955
1753460434598,16:20:34.598,okx,ADA/USDT:USDT,0.7836,342.1,0.7837,1.0,0.7837,3969546.4,
1753460434697,16:20:34.697,bybit,ADA/USDT:USDT,0.7836,6196.0,0.7837,34829.0,0.7836,586595406.0,470657782.0955
1753460434714,16:20:34.714,okx,ADA/USDT:USDT,0.7837,463.8,0.7838,113.7,0.7837,3969547.2,
1753460434705,16:20:34.705,bitget,ADA/USDT:USDT,0.7837,31384.0,0.7838,14903.0,0.7836,344267998.0,276815591.4898
1753460434797,16:20:34.797,bybit,ADA/USDT:USDT,0.7835,24194.0,0.7836,21825.0,0.7836,586595406.0,470657782.0955
1753460434819,16:20:34.819,okx,ADA/USDT:USDT,0.7836,268.7,0.7837,235.7,0.7837,3969547.2,
1753460434898,16:20:34.898,bybit,ADA/USDT:USDT,0.7835,24194.0,0.7836,26471.0,0.7836,586595406.0,470657782.0955
1753460434921,16:20:34.921,okx,ADA/USDT:USDT,0.7836,224.2,0.7837,229.5,0.7837,3969547.2,
1753460434997,16:20:34.997,bybit,ADA/USDT:USDT,0.7834,12247.0,0.7835,63936.0,0.7835,586595696.0,470658009.3105
1753460435031,16:20:35.031,okx,ADA/USDT:USDT,0.7836,2.1,0.7837,358.8,0.7837,3969547.2,
1753460435055,16:20:35.055,bitget,ADA/USDT:USDT,0.7837,18940.0,0.7838,19025.0,0.7836,344271278.0,276818161.6978
1753460435097,16:20:35.097,bybit,ADA/USDT:USDT,0.7834,5521.0,0.7835,61151.0,0.7835,586595696.0,470658009.3105
1753460435141,16:20:35.141,okx,ADA/USDT:USDT,0.7835,177.3,0.7836,741.2,0.7836,3969549.3,
1753460435197,16:20:35.197,bybit,ADA/USDT:USDT,0.7834,12929.0,0.7835,34003.0,0.7835,586595696.0,470658009.3105
1753460435250,16:20:35.250,gateio,ADA/USDT:USDT,,,,,0.7832,160547380.0,125740708.0
1753460435297,16:20:35.297,bybit,ADA/USDT:USDT,0.7834,12929.0,0.7835,28229.0,0.7835,586595696.0,470658009.3105
1753460435288,16:20:35.288,okx,ADA/USDT:USDT,0.7835,260.9,0.7836,119.6,0.7836,3969549.3,
1753460435398,16:20:35.398,bybit,ADA/USDT:USDT,0.7834,6203.0,0.7835,22259.0,0.7835,586595696.0,470658009.3105
1753460435376,16:20:35.376,bitget,ADA/USDT:USDT,0.7835,34928.0,0.7836,14393.0,0.7836,344271278.0,276818161.6978
1753460435497,16:20:35.497,bybit,ADA/USDT:USDT,0.7834,12929.0,0.7835,22897.0,0.7835,586595696.0,470658009.3105
1753460435512,16:20:35.512,okx,ADA/USDT:USDT,0.7835,262.1,0.7836,167.6,0.7835,3969549.4,
1753460435597,16:20:35.597,bybit,ADA/USDT:USDT,0.7834,23224.0,0.7835,9253.0,0.7835,586595696.0,470658009.3105
1753460435619,16:20:35.619,okx,ADA/USDT:USDT,0.7835,294.3,0.7836,53.4,0.7835,3969551.6,
1753460435697,16:20:35.697,bybit,ADA/USDT:USDT,0.7834,23224.0,0.7835,18099.0,0.7835,586595696.0,470658009.3105
1753460435701,16:20:35.701,bitget,ADA/USDT:USDT,0.7835,34928.0,0.7836,12444.0,0.7836,344271278.0,276818161.6978
1753460435769,16:20:35.769,okx,ADA/USDT:USDT,0.7835,284.5,0.7836,53.4,0.7835,3969551.8,
1753460435797,16:20:35.797,bybit,ADA/USDT:USDT,0.7834,6203.0,0.7835,20504.0,0.7835,586595696.0,470658009.3105
1753460435897,16:20:35.897,bybit,ADA/USDT:USDT,0.7834,6203.0,0.7835,23233.0,0.7835,586595696.0,470658009.3105
1753460435887,16:20:35.887,okx,ADA/USDT:USDT,0.7835,183.2,0.7836,174.1,0.7835,3969551.8,
1753460435997,16:20:35.997,bybit,ADA/USDT:USDT,0.7834,6546.0,0.7835,20504.0,0.7835,586595696.0,470658009.3105
1753460436007,16:20:36.007,okx,ADA/USDT:USDT,0.7835,183.2,0.7836,215.6,0.7835,3969551.8,
1753460436133,16:20:36.133,bitget,ADA/USDT:USDT,0.7836,16114.0,0.7837,33500.0,0.7836,344271278.0,276818161.6978
1753460436242,16:20:36.242,gateio,ADA/USDT:USDT,,,,,0.7832,160547380.0,125740708.0
1753460436389,16:20:36.389,okx,ADA/USDT:USDT,0.7835,192.5,0.7836,215.6,0.7835,3969551.8,
1753460436497,16:20:36.497,bybit,ADA/USDT:USDT,0.7834,16805.0,0.7835,20504.0,0.7835,586595696.0,470658009.3105
1753460436507,16:20:36.507,okx,ADA/USDT:USDT,0.7835,283.3,0.7836,53.7,0.7835,3969551.8,
1753460436608,16:20:36.608,okx,ADA/USDT:USDT,0.7835,211.5,0.7836,79.9,0.7835,3969551.8,
1753460436797,16:20:36.797,bybit,ADA/USDT:USDT,0.7834,26918.0,0.7835,19779.0,0.7835,586595696.0,470658009.3105
1753460436812,16:20:36.812,okx,ADA/USDT:USDT,0.7835,283.3,0.7836,52.5,0.7835,3969551.8,
1753460436898,16:20:36.898,bybit,ADA/USDT:USDT,0.7834,15345.0,0.7835,19779.0,0.7835,586595696.0,470658009.3105
1753460436901,16:20:36.901,bitget,ADA/USDT:USDT,0.7836,18954.0,0.7837,30949.0,0.7836,344271278.0,276818161.6978
1753460436924,16:20:36.924,okx,ADA/USDT:USDT,0.7835,267.0,0.7836,52.5,0.7835,3969551.8,
1753460436997,16:20:36.997,bybit,ADA/USDT:USDT,0.7834,32468.0,0.7835,3337.0,0.7835,586595696.0,470658009.3105
1753460437097,16:20:37.097,bybit,ADA/USDT:USDT,0.7834,13265.0,0.7835,21278.0,0.7835,586595696.0,470658009.3105
1753460437238,16:20:37.238,okx,ADA/USDT:USDT,0.7835,212.0,0.7836,59.1,0.7835,3969551.8,
1753460437257,16:20:37.257,gateio,ADA/USDT:USDT,,,,,0.7832,160547380.0,125740708.0
1753460437352,16:20:37.352,okx,ADA/USDT:USDT,0.7835,223.0,0.7836,41.2,0.7835,3969551.8,
1753460437498,16:20:37.498,bybit,ADA/USDT:USDT,0.7834,14976.0,0.7835,14374.0,0.7835,586595696.0,470658009.3105
1753460437477,16:20:37.477,okx,ADA/USDT:USDT,0.7835,232.3,0.7836,41.2,0.7835,3969551.8,
1753460437597,16:20:37.597,bybit,ADA/USDT:USDT,0.7834,601.0,0.7835,36091.0,0.7835,586595696.0,470658009.3105
1753460437578,16:20:37.578,okx,ADA/USDT:USDT,0.7835,288.5,0.7836,41.3,0.7835,3969552.0,
1753460437697,16:20:37.697,bybit,ADA/USDT:USDT,0.7833,11090.0,0.7834,77121.0,0.7834,586596297.0,470658480.1339
1753460437683,16:20:37.683,bitget,ADA/USDT:USDT,0.7836,30238.0,0.7837,31200.0,0.7836,344267998.0,276815591.4898
1753460437708,16:20:37.708,okx,ADA/USDT:USDT,0.7834,169.9,0.7836,433.8,0.7835,3969573.4,
1753460437797,16:20:37.797,bybit,ADA/USDT:USDT,0.7833,10.0,0.7834,78507.0,0.7834,586596297.0,470658480.1339
1753460437810,16:20:37.810,okx,ADA/USDT:USDT,0.7834,91.1,0.7835,391.6,0.7835,3969573.4,
1753460437897,16:20:37.897,bybit,ADA/USDT:USDT,0.7833,10.0,0.7834,76448.0,0.7834,586596297.0,470658480.1339
1753460437997,16:20:37.997,bybit,ADA/USDT:USDT,0.7833,10.0,0.7834,75810.0,0.7834,586596297.0,470658480.1339
1753460438015,16:20:38.015,okx,ADA/USDT:USDT,0.7834,177.7,0.7835,386.4,0.7835,3969573.4,
1753460438055,16:20:38.055,bitget,ADA/USDT:USDT,0.7834,18931.0,0.7835,43194.0,0.7836,344271278.0,276818161.6978
1753460438097,16:20:38.097,bybit,ADA/USDT:USDT,0.7833,10.0,0.7834,80566.0,0.7834,586596297.0,470658480.1339
1753460438116,16:20:38.116,okx,ADA/USDT:USDT,0.7834,123.3,0.7835,449.0,0.7835,3969573.4,
1753460438198,16:20:38.198,bybit,ADA/USDT:USDT,0.7833,10.0,0.7834,79783.0,0.7834,586596297.0,470658480.1339
1753460438244,16:20:38.244,gateio,ADA/USDT:USDT,,,,,0.7832,160547380.0,125740708.0
1753460438297,16:20:38.297,bybit,ADA/USDT:USDT,0.7831,6829.0,0.7832,32938.0,0.7832,586598889.0,470660510.2813
1753460438367,16:20:38.367,okx,ADA/USDT:USDT,0.7833,41.0,0.7834,216.7,0.7834,3969624.1,
1753460438397,16:20:38.397,bybit,ADA/USDT:USDT,0.7831,34260.0,0.7832,25978.0,0.7832,586598889.0,470660510.2813
1753460438497,16:20:38.497,bybit,ADA/USDT:USDT,0.7831,16021.0,0.7832,35934.0,0.7832,586598889.0,470660510.2813
1753460438481,16:20:38.481,okx,ADA/USDT:USDT,0.7833,132.2,0.7834,890.2,0.7834,3969624.1,
1753460438475,16:20:38.475,bitget,ADA/USDT:USDT,0.7833,62.0,0.7834,62959.0,0.7836,344271278.0,276818161.6978
1753460438597,16:20:38.597,bybit,ADA/USDT:USDT,0.7831,6829.0,0.7832,34658.0,0.7832,586598889.0,470660510.2813
1753460438583,16:20:38.583,okx,ADA/USDT:USDT,0.7833,0.1,0.7834,899.6,0.7834,3969624.1,
1753460438697,16:20:38.697,bybit,ADA/USDT:USDT,0.7831,6829.0,0.7832,35934.0,0.7832,586598889.0,470660510.2813
1753460438696,16:20:38.696,okx,ADA/USDT:USDT,0.7833,0.1,0.7834,916.6,0.7834,3969624.1,
1753460438797,16:20:38.797,bybit,ADA/USDT:USDT,0.7831,6829.0,0.7832,37788.0,0.7832,586598889.0,470660510.2813
1753460438807,16:20:38.807,okx,ADA/USDT:USDT,0.7832,54.5,0.7833,832.4,0.7833,3969624.2,
1753460438854,16:20:38.854,bitget,ADA/USDT:USDT,0.7832,34958.0,0.7833,45677.0,0.7833,344271278.0,276818161.6978
1753460438897,16:20:38.897,bybit,ADA/USDT:USDT,0.7831,6829.0,0.7832,38051.0,0.7832,586598889.0,470660510.2813
1753460438914,16:20:38.914,okx,ADA/USDT:USDT,0.7832,306.2,0.7833,518.0,0.7833,3969624.2,
1753460438998,16:20:38.998,bybit,ADA/USDT:USDT,0.7831,1400.0,0.7832,36798.0,0.7832,586598889.0,470660510.2813
1753460439097,16:20:39.097,bybit,ADA/USDT:USDT,0.7831,25143.0,0.7832,32943.0,0.7832,586598889.0,470660510.2813
1753460439122,16:20:39.122,okx,ADA/USDT:USDT,0.7832,389.0,0.7833,316.4,0.7832,3969626.4,
1753460439197,16:20:39.197,bybit,ADA/USDT:USDT,0.7833,13647.0,0.7834,20290.0,0.7832,586602785.0,470663561.6285
1753460439230,16:20:39.230,okx,ADA/USDT:USDT,0.7833,721.9,0.7834,1.0,0.7833,3969629.0,
1753460439256,16:20:39.256,gateio,ADA/USDT:USDT,,,,,0.783,160547420.0,125708628.0
1753460439297,16:20:39.297,bybit,ADA/USDT:USDT,0.7832,18394.0,0.7833,11508.0,0.7832,586602785.0,470663561.6285
1753460439397,16:20:39.397,bybit,ADA/USDT:USDT,0.7832,23908.0,0.7833,6196.0,0.7832,586602785.0,470663561.6285
1753460439497,16:20:39.497,bybit,ADA/USDT:USDT,0.7832,25300.0,0.7833,5750.0,0.7833,586603231.0,470663910.9803
1753460439492,16:20:39.492,okx,ADA/USDT:USDT,0.7833,497.0,0.7834,134.7,0.7833,3969629.1,
1753460439597,16:20:39.597,bybit,ADA/USDT:USDT,0.7832,12960.0,0.7833,13670.0,0.7833,586603231.0,470663910.9803
1753460439593,16:20:39.593,okx,ADA/USDT:USDT,0.7833,497.0,0.7834,112.2,0.7833,3969629.1,
1753460439697,16:20:39.697,bybit,ADA/USDT:USDT,0.7832,7.0,0.7833,25347.0,0.7833,586603231.0,470663910.9803
1753460439797,16:20:39.797,bybit,ADA/USDT:USDT,0.7829,37091.0,0.783,17902.0,0.7829,586604774.0,470665119.2829
1753460439801,16:20:39.801,okx,ADA/USDT:USDT,0.7832,0.1,0.7833,849.5,0.7833,3969656.0,
1753460439897,16:20:39.897,bybit,ADA/USDT:USDT,0.7829,21478.0,0.783,21678.0,0.7829,586604774.0,470665119.2829
1753460439864,16:20:39.864,bitget,ADA/USDT:USDT,0.7831,16965.0,0.7832,1255.0,0.7833,344271278.0,276818161.6978
1753460439907,16:20:39.907,okx,ADA/USDT:USDT,0.7831,1.0,0.7832,891.8,0.7832,3969657.1,
1753460439997,16:20:39.997,bybit,ADA/USDT:USDT,0.7829,21478.0,0.783,26345.0,0.7829,586604774.0,470665119.2829
1753460440009,16:20:40.009,okx,ADA/USDT:USDT,0.783,180.9,0.7832,930.9,0.7831,3969657.6,
1753460440097,16:20:40.097,bybit,ADA/USDT:USDT,0.7829,21605.0,0.783,30389.0,0.7829,586604774.0,470665119.2829
1753460440110,16:20:40.110,okx,ADA/USDT:USDT,0.783,129.7,0.7831,697.4,0.7831,3969657.6,
1753460440197,16:20:40.197,bybit,ADA/USDT:USDT,0.7829,23982.0,0.783,12912.0,0.7829,586604774.0,470665119.2829
1753460440214,16:20:40.214,okx,ADA/USDT:USDT,0.783,221.6,0.7831,662.8,0.7831,3969657.6,
1753460440240,16:20:40.240,gateio,ADA/USDT:USDT,,,,,0.7828,160547460.0,125676550.0
1753460440297,16:20:40.297,bybit,ADA/USDT:USDT,0.7829,33178.0,0.783,1559.0,0.7829,586604774.0,470665119.2829
1753460440287,16:20:40.287,bitget,ADA/USDT:USDT,0.783,18399.0,0.7831,56423.0,0.7833,344271278.0,276818161.6978
1753460440323,16:20:40.323,okx,ADA/USDT:USDT,0.783,302.0,0.7831,355.9,0.7831,3969657.6,
1753460440397,16:20:40.397,bybit,ADA/USDT:USDT,0.7829,33171.0,0.783,1559.0,0.7829,586604774.0,470665119.2829
1753460440428,16:20:40.428,okx,ADA/USDT:USDT,0.7831,610.1,0.7832,121.3,0.7831,3969657.6,
1753460440497,16:20:40.497,bybit,ADA/USDT:USDT,0.7829,31936.0,0.783,1559.0,0.7829,586604774.0,470665119.2829
1753460440569,16:20:40.569,okx,ADA/USDT:USDT,0.7831,422.0,0.7832,191.0,0.7831,3969657.6,
1753460440597,16:20:40.597,bybit,ADA/USDT:USDT,0.7829,30476.0,0.783,11643.0,0.7829,586604999.0,470665295.4354
1753460440697,16:20:40.697,bybit,ADA/USDT:USDT,0.7829,34522.0,0.783,11643.0,0.7829,586604999.0,470665295.4354
1753460440667,16:20:40.667,bitget,ADA/USDT:USDT,0.7831,35901.0,0.7832,29907.0,0.7833,344271402.0,276818258.827
1753460440706,16:20:40.706,okx,ADA/USDT:USDT,0.7831,200.9,0.7832,221.1,0.7831,3969657.6,
1753460440797,16:20:40.797,bybit,ADA/USDT:USDT,0.7829,30522.0,0.783,11643.0,0.7829,586604999.0,470665295.4354
1753460440908,16:20:40.908,okx,ADA/USDT:USDT,0.7831,25.8,0.7832,290.6,0.7831,3969657.6,
1753460440997,16:20:40.997,bybit,ADA/USDT:USDT,0.7829,22101.0,0.783,44012.0,0.7829,586604999.0,470665295.4354
1753460441010,16:20:41.010,okx,ADA/USDT:USDT,0.783,262.4,0.7831,325.5,0.7831,3969657.6,
1753460441097,16:20:41.097,bybit,ADA/USDT:USDT,0.7829,27615.0,0.783,17836.0,0.7829,586604999.0,470665295.4354
1753460441113,16:20:41.113,okx,ADA/USDT:USDT,0.783,302.4,0.7831,151.7,0.7831,3969657.6,
1753460441141,16:20:41.141,bitget,ADA/USDT:USDT,0.783,31398.0,0.7831,10266.0,0.7833,344271402.0,276818258.827
1753460441197,16:20:41.197,bybit,ADA/USDT:USDT,0.7829,27615.0,0.783,17838.0,0.7829,586604999.0,470665295.4354
1753460441214,16:20:41.214,okx,ADA/USDT:USDT,0.783,302.4,0.7831,209.3,0.7831,3969657.6,
1753460441262,16:20:41.262,gateio,ADA/USDT:USDT,,,,,0.7828,160547460.0,125676550.0
1753460441297,16:20:41.297,bybit,ADA/USDT:USDT,0.7829,23718.0,0.783,4881.0,0.7829,586604999.0,470665295.4354
1753460441319,16:20:41.319,okx,ADA/USDT:USDT,0.783,371.6,0.7831,0.1,0.7831,3969657.6,
1753460441397,16:20:41.397,bybit,ADA/USDT:USDT,0.7829,23758.0,0.783,4881.0,0.7829,586604999.0,470665295.4354
1753460441429,16:20:41.429,okx,ADA/USDT:USDT,0.783,360.1,0.7831,3.9,0.7831,3969657.6,
1753460441497,16:20:41.497,bybit,ADA/USDT:USDT,0.7829,6595.0,0.783,31277.0,0.7829,586604999.0,470665295.4354
1753460441489,16:20:41.489,bitget,ADA/USDT:USDT,0.783,31398.0,0.7831,10266.0,0.7833,344271402.0,276818258.827
1753460441597,16:20:41.597,bybit,ADA/USDT:USDT,0.7829,6595.0,0.783,30639.0,0.7829,586604999.0,470665295.4354
1753460441566,16:20:41.566,okx,ADA/USDT:USDT,0.783,303.4,0.7831,158.1,0.783,3969657.8,
1753460441698,16:20:41.698,bybit,ADA/USDT:USDT,0.7829,6595.0,0.783,31915.0,0.7829,586604999.0,470665295.4354
1753460441702,16:20:41.702,okx,ADA/USDT:USDT,0.783,303.2,0.7831,182.5,0.783,3969658.0,
1753460441797,16:20:41.797,bybit,ADA/USDT:USDT,0.7829,5913.0,0.783,35105.0,0.7829,586604999.0,470665295.4354
1753460441804,16:20:41.804,okx,ADA/USDT:USDT,0.783,33.2,0.7831,171.4,0.783,3969928.0,
1753460441804,16:20:41.804,bitget,ADA/USDT:USDT,0.7831,19831.0,0.7832,19577.0,0.7833,344272542.0,276819151.789
1753460441897,16:20:41.897,bybit,ADA/USDT:USDT,0.7829,5913.0,0.783,31277.0,0.7829,586604999.0,470665295.4354
1753460441906,16:20:41.906,okx,ADA/USDT:USDT,0.783,41.6,0.7831,367.4,0.783,3969928.0,
1753460441997,16:20:41.997,bybit,ADA/USDT:USDT,0.7829,5913.0,0.783,32553.0,0.7829,586604999.0,470665295.4354
1753460442011,16:20:42.011,okx,ADA/USDT:USDT,0.783,89.2,0.7831,368.8,0.783,3969928.0,
1753460442097,16:20:42.097,bybit,ADA/USDT:USDT,0.7829,399.0,0.783,36885.0,0.7829,586604999.0,470665295.4354
1753460442113,16:20:42.113,okx,ADA/USDT:USDT,0.7829,190.0,0.783,170.0,0.783,3969928.0,
1753460442116,16:20:42.116,bitget,ADA/USDT:USDT,0.783,18954.0,0.7831,27464.0,0.7831,344272542.0,276819151.789
1753460442197,16:20:42.197,bybit,ADA/USDT:USDT,0.7829,411.0,0.783,35872.0,0.7829,586604999.0,470665295.4354
1753460442219,16:20:42.219,okx,ADA/USDT:USDT,0.7829,138.4,0.783,249.1,0.783,3969928.0,
1753460442297,16:20:42.297,bybit,ADA/USDT:USDT,0.7827,30803.0,0.7828,22529.0,0.7827,586606589.0,470666540.1273
1753460442322,16:20:42.322,okx,ADA/USDT:USDT,0.7829,119.0,0.783,241.1,0.7829,3969930.2,
1753460442397,16:20:42.397,bybit,ADA/USDT:USDT,0.7827,18089.0,0.7828,17126.0,0.7827,586606589.0,470666540.1273
1753460442426,16:20:42.426,okx,ADA/USDT:USDT,0.7829,119.2,0.783,242.5,0.7829,3969930.2,
1753460442497,16:20:42.497,bybit,ADA/USDT:USDT,0.7827,14506.0,0.7828,22051.0,0.7827,586606589.0,470666540.1273
1753460442470,16:20:42.470,bitget,ADA/USDT:USDT,0.7829,18971.0,0.783,26548.0,0.7831,344272542.0,276819151.789
1753460442540,16:20:42.540,okx,ADA/USDT:USDT,0.7829,134.7,0.783,314.0,0.7829,3969930.2,
1753460442598,16:20:42.598,bybit,ADA/USDT:USDT,0.7827,17965.0,0.7828,16532.0,0.7827,586606589.0,470666540.1273
1753460442648,16:20:42.648,okx,ADA/USDT:USDT,0.7829,134.5,0.783,315.2,0.7829,3969930.2,
1753460442698,16:20:42.698,bybit,ADA/USDT:USDT,0.7828,682.0,0.7829,60619.0,0.7828,586606711.0,470666635.6289
1753460442752,16:20:42.752,okx,ADA/USDT:USDT,0.7829,134.7,0.783,241.1,0.7829,3969930.2,
1753460442797,16:20:42.797,bybit,ADA/USDT:USDT,0.7828,12922.0,0.7829,32565.0,0.7828,586606711.0,470666635.6289
1753460442783,16:20:42.783,bitget,ADA/USDT:USDT,0.7829,18971.0,0.783,26548.0,0.7831,344272542.0,276819151.789
1753460442870,16:20:42.870,okx,ADA/USDT:USDT,0.7829,182.5,0.783,203.3,0.7829,3969930.2,
1753460442897,16:20:42.897,bybit,ADA/USDT:USDT,0.7828,12922.0,0.7829,32091.0,0.7828,586606711.0,470666635.6289
1753460442997,16:20:42.997,bybit,ADA/USDT:USDT,0.7827,14506.0,0.7828,20219.0,0.7828,586606711.0,470666635.6289
1753460442974,16:20:42.974,okx,ADA/USDT:USDT,0.7829,182.5,0.783,223.6,0.7829,3969930.2,
1753460443097,16:20:43.097,bybit,ADA/USDT:USDT,0.7827,6790.0,0.7828,29806.0,0.7828,586606711.0,470666635.6289
1753460443077,16:20:43.077,okx,ADA/USDT:USDT,0.7829,2.4,0.783,308.5,0.7829,3969930.2,
1753460443100,16:20:43.100,bitget,ADA/USDT:USDT,0.7829,18971.0,0.783,35983.0,0.7831,344271278.0,276818161.6978
1753460443197,16:20:43.197,bybit,ADA/USDT:USDT,0.7827,1276.0,0.7828,33634.0,0.7828,586606711.0,470666635.6289
1753460443198,16:20:43.198,okx,ADA/USDT:USDT,0.7828,109.1,0.7829,456.6,0.7829,3969932.6,
1753460443255,16:20:43.255,gateio,ADA/USDT:USDT,,,,,0.7828,160547460.0,125676550.0
1753460443297,16:20:43.297,bybit,ADA/USDT:USDT,0.7827,1276.0,0.7828,34272.0,0.7828,586606711.0,470666635.6289
1753460443309,16:20:43.309,okx,ADA/USDT:USDT,0.7828,2.6,0.7829,451.3,0.7829,3969932.6,
1753460443397,16:20:43.397,bybit,ADA/USDT:USDT,0.7825,34737.0,0.7826,20609.0,0.7826,586608010.0,470667652.3539
1753460443411,16:20:43.411,okx,ADA/USDT:USDT,0.7828,4.8,0.7829,489.6,0.7828,3969935.2,
1753460443497,16:20:43.497,bybit,ADA/USDT:USDT,0.7826,37318.0,0.7827,16179.0,0.7827,586661339.0,470709390.8331
1753460443512,16:20:43.512,okx,ADA/USDT:USDT,0.7828,5.0,0.7829,536.2,0.7828,3969935.2,
1753460443597,16:20:43.597,bybit,ADA/USDT:USDT,0.7826,55646.0,0.7827,435.0,0.7827,586661339.0,470709390.8331
1753460443613,16:20:43.613,okx,ADA/USDT:USDT,0.7828,180.8,0.7829,382.0,0.7828,3969935.2,
1753460443697,16:20:43.697,bybit,ADA/USDT:USDT,0.7826,7.0,0.7827,27842.0,0.7827,586661339.0,470709390.8331
1753460443675,16:20:43.675,bitget,ADA/USDT:USDT,0.7828,29513.0,0.7829,39277.0,0.7829,344315612.0,276852879.906
1753460443765,16:20:43.765,okx,ADA/USDT:USDT,0.7827,45.2,0.7828,117.3,0.7828,3969941.4,
1753460443797,16:20:43.797,bybit,ADA/USDT:USDT,0.7826,12247.0,0.7827,20061.0,0.7827,586661339.0,470709390.8331
1753460443870,16:20:43.870,okx,ADA/USDT:USDT,0.7827,217.7,0.7828,227.6,0.7827,3969941.7,
1753460443897,16:20:43.897,bybit,ADA/USDT:USDT,0.7826,7.0,0.7827,21934.0,0.7827,586661339.0,470709390.8331
1753460443997,16:20:43.997,bybit,ADA/USDT:USDT,0.7826,7.0,0.7827,24746.0,0.7827,586661339.0,470709390.8331
1753460443975,16:20:43.975,okx,ADA/USDT:USDT,0.7827,70.0,0.7828,317.7,0.7827,3969941.7,
1753460444097,16:20:44.097,bybit,ADA/USDT:USDT,0.7824,28768.0,0.7825,32850.0,0.7826,586665589.0,470712716.4667
1753460444076,16:20:44.076,bitget,ADA/USDT:USDT,0.7828,12.0,0.7829,60436.0,0.7829,344315612.0,276852879.906
1753460444086,16:20:44.086,okx,ADA/USDT:USDT,0.7826,90.4,0.7828,336.4,0.7827,3969945.7,
1753460444197,16:20:44.197,bybit,ADA/USDT:USDT,0.7824,32657.0,0.7825,21770.0,0.7826,586665589.0,470712716.4667
1753460444194,16:20:44.194,okx,ADA/USDT:USDT,0.7826,2.6,0.7827,836.8,0.7827,3969945.7,
1753460444247,16:20:44.247,gateio,ADA/USDT:USDT,,,,,0.7823,160547940.0,125596652.0
1753460444297,16:20:44.297,bybit,ADA/USDT:USDT,0.7824,26888.0,0.7825,36919.0,0.7824,586665844.0,470712915.9787
1753460444314,16:20:44.314,okx,ADA/USDT:USDT,0.7825,43.5,0.7826,689.2,0.7826,3969948.4,
1753460444397,16:20:44.397,bybit,ADA/USDT:USDT,0.7824,26206.0,0.7825,35641.0,0.7824,586665844.0,470712915.9787
1753460444405,16:20:44.405,bitget,ADA/USDT:USDT,0.7828,12.0,0.7829,60436.0,0.7829,344315612.0,276852879.906
1753460444438,16:20:44.438,okx,ADA/USDT:USDT,0.7825,135.4,0.7826,758.4,0.7826,3969948.4,
1753460444497,16:20:44.497,bybit,ADA/USDT:USDT,0.7824,26206.0,0.7825,36672.0,0.7824,586665844.0,470712915.9787
1753460444550,16:20:44.550,okx,ADA/USDT:USDT,0.7825,3.3,0.7826,818.8,0.7826,3969948.4,
1753460444597,16:20:44.597,bybit,ADA/USDT:USDT,0.7824,26888.0,0.7825,35641.0,0.7824,586334666.0,470441308.4182
1753460444650,16:20:44.650,okx,ADA/USDT:USDT,0.7824,196.7,0.7825,255.7,0.7825,3970001.4,
1753460444697,16:20:44.697,bybit,ADA/USDT:USDT,0.7824,26888.0,0.7825,47059.0,0.7824,586334666.0,470441308.4182
1753460444731,16:20:44.731,bitget,ADA/USDT:USDT,0.7825,18626.0,0.7826,42398.0,0.7826,344315690.0,276852940.9722
1753460444754,16:20:44.754,okx,ADA/USDT:USDT,0.7824,209.6,0.7825,192.0,0.7825,3970001.4,
1753460444797,16:20:44.797,bybit,ADA/USDT:USDT,0.7824,26888.0,0.7825,37028.0,0.7824,586334666.0,470441308.4182
1753460444856,16:20:44.856,okx,ADA/USDT:USDT,0.7824,218.3,0.7825,212.1,0.7825,3970001.4,
1753460444897,16:20:44.897,bybit,ADA/USDT:USDT,0.7824,26985.0,0.7825,38306.0,0.7824,586334666.0,470441308.4182
1753460444997,16:20:44.997,bybit,ADA/USDT:USDT,0.7824,26985.0,0.7825,37080.0,0.7824,586334666.0,470441308.4182
1753460444971,16:20:44.971,okx,ADA/USDT:USDT,0.7824,273.4,0.7825,116.9,0.7825,3970001.4,
1753460445097,16:20:45.097,bybit,ADA/USDT:USDT,0.7824,34430.0,0.7825,12475.0,0.7824,586334666.0,470441308.4182
1753460445097,16:20:45.097,okx,ADA/USDT:USDT,0.7825,86.3,0.7826,395.2,0.7825,3970001.4,
1753460445197,16:20:45.197,bybit,ADA/USDT:USDT,0.7824,27023.0,0.7825,14277.0,0.7824,586334666.0,470441308.4182
1753460445212,16:20:45.212,okx,ADA/USDT:USDT,0.7825,328.0,0.7826,108.9,0.7825,3970001.4,
1753460445263,16:20:45.263,gateio,ADA/USDT:USDT,,,,,0.7823,160547940.0,125596652.0
1753460445297,16:20:45.297,bybit,ADA/USDT:USDT,0.7822,6467.0,0.7823,1748.0,0.7823,586400816.0,470493061.0412
1753460445313,16:20:45.313,okx,ADA/USDT:USDT,0.7824,346.0,0.7825,103.6,0.7825,3970183.2,
1753460445397,16:20:45.397,bybit,ADA/USDT:USDT,0.7823,8133.0,0.7824,38870.0,0.7823,586400816.0,470493061.0412
1753460445380,16:20:45.380,bitget,ADA/USDT:USDT,0.7825,32668.0,0.7826,12794.0,0.7825,344315690.0,276852940.9722
1753460445415,16:20:45.415,okx,ADA/USDT:USDT,0.7824,181.4,0.7825,248.0,0.7825,3970183.2,
1753460445497,16:20:45.497,bybit,ADA/USDT:USDT,0.7823,15727.0,0.7824,38844.0,0.7823,586400816.0,470493061.0412
1753460445516,16:20:45.516,okx,ADA/USDT:USDT,0.7824,219.8,0.7825,195.7,0.7824,3970183.4,
1753460445597,16:20:45.597,bybit,ADA/USDT:USDT,0.7823,9506.0,0.7824,29890.0,0.7823,586405639.0,470496834.0741
1753460445626,16:20:45.626,okx,ADA/USDT:USDT,0.7824,231.6,0.7825,223.1,0.7824,3970183.4,
1753460445697,16:20:45.697,bybit,ADA/USDT:USDT,0.7823,9506.0,0.7824,26431.0,0.7823,586405639.0,470496834.0741
1753460445692,16:20:45.692,bitget,ADA/USDT:USDT,0.7824,46263.0,0.7825,3589.0,0.7825,344315690.0,276852940.9722
1753460445727,16:20:45.727,okx,ADA/USDT:USDT,0.7824,202.3,0.7825,217.7,0.7824,3970183.5,
1753460445798,16:20:45.798,bybit,ADA/USDT:USDT,0.7822,17878.0,0.7823,16100.0,0.7823,586405639.0,470496834.0741
1753460445838,16:20:45.838,okx,ADA/USDT:USDT,0.7824,130.7,0.7825,303.5,0.7824,3970185.7,
1753460445897,16:20:45.897,bybit,ADA/USDT:USDT,0.7822,18627.0,0.7823,1278.0,0.7822,586405766.0,470496933.4135
1753460445951,16:20:45.951,okx,ADA/USDT:USDT,0.7824,132.3,0.7825,217.9,0.7824,3970185.7,
1753460445997,16:20:45.997,bybit,ADA/USDT:USDT,0.7823,6196.0,0.7824,44279.0,0.7822,586405766.0,470496933.4135
1753460446097,16:20:46.097,bybit,ADA/USDT:USDT,0.7822,3625.0,0.7823,50614.0,0.7822,586405766.0,470496933.4135
1753460446101,16:20:46.101,bitget,ADA/USDT:USDT,0.7824,30347.0,0.7825,16033.0,0.7825,344336820.0,276869475.6372
1753460446162,16:20:46.162,okx,ADA/USDT:USDT,0.7823,215.0,0.7824,319.3,0.7824,3970185.7,
1753460446197,16:20:46.197,bybit,ADA/USDT:USDT,0.7822,16547.0,0.7823,15268.0,0.7822,586405766.0,470496933.4135
1753460446245,16:20:46.245,gateio,ADA/USDT:USDT,,,,,0.7822,160548640.0,125581146.0
1753460446263,16:20:46.263,okx,ADA/USDT:USDT,0.7823,221.3,0.7824,245.1,0.7824,3970185.7,
1753460446297,16:20:46.297,bybit,ADA/USDT:USDT,0.7822,28351.0,0.7823,9791.0,0.7822,586405766.0,470496933.4135
1753460446397,16:20:46.397,bybit,ADA/USDT:USDT,0.7822,26637.0,0.7823,11563.0,0.7822,586405766.0,470496933.4135
1753460446377,16:20:46.377,okx,ADA/USDT:USDT,0.7824,132.1,0.7825,269.5,0.7824,3970185.7,
1753460446468,16:20:46.468,bitget,ADA/USDT:USDT,0.7824,17885.0,0.7825,33157.0,0.7825,344271402.0,276818258.827
1753460446482,16:20:46.482,okx,ADA/USDT:USDT,0.7824,132.3,0.7825,289.9,0.7824,3970185.7,
1753460446589,16:20:46.589,okx,ADA/USDT:USDT,0.7824,195.7,0.7825,254.8,0.7824,3970185.7,
1753460446697,16:20:46.697,bybit,ADA/USDT:USDT,0.7822,26657.0,0.7823,11563.0,0.7822,586405766.0,470496933.4135
1753460446695,16:20:46.695,okx,ADA/USDT:USDT,0.7824,182.5,0.7825,222.3,0.7824,3970185.7,
1753460446797,16:20:46.797,bybit,ADA/USDT:USDT,0.7822,22827.0,0.7823,12841.0,0.7822,586405766.0,470496933.4135
1753460446796,16:20:46.796,okx,ADA/USDT:USDT,0.7824,2.3,0.7825,328.0,0.7824,3970185.7,
1753460446897,16:20:46.897,bybit,ADA/USDT:USDT,0.7822,22827.0,0.7823,11563.0,0.7822,586405766.0,470496933.4135
1753460446904,16:20:46.904,okx,ADA/USDT:USDT,0.7824,202.7,0.7825,263.9,0.7824,3970185.7,
1753460446997,16:20:46.997,bybit,ADA/USDT:USDT,0.7822,22803.0,0.7823,11563.0,0.7822,586405766.0,470496933.4135
1753460447005,16:20:47.005,okx,ADA/USDT:USDT,0.7824,134.6,0.7825,263.6,0.7824,3970185.7,
1753460447097,16:20:47.097,bybit,ADA/USDT:USDT,0.7822,20723.0,0.7823,11563.0,0.7822,586405766.0,470496933.4135
1753460447075,16:20:47.075,bitget,ADA/USDT:USDT,0.7824,29494.0,0.7825,32756.0,0.7825,344342470.0,276873896.7622
1753460447107,16:20:47.107,okx,ADA/USDT:USDT,0.7824,134.6,0.7825,262.7,0.7824,3970185.7,
1753460447197,16:20:47.197,bybit,ADA/USDT:USDT,0.7822,19061.0,0.7823,11563.0,0.7822,586405766.0,470496933.4135
1753460447209,16:20:47.209,okx,ADA/USDT:USDT,0.7824,134.6,0.7825,264.0,0.7824,3970185.7,
1753460447268,16:20:47.268,gateio,ADA/USDT:USDT,,,,,0.782,160563040.0,125560296.0
1753460447297,16:20:47.297,bybit,ADA/USDT:USDT,0.7822,6475.0,0.7823,27497.0,0.7822,586405766.0,470496933.4135
1753460447312,16:20:47.312,okx,ADA/USDT:USDT,0.7824,2.5,0.7825,388.7,0.7824,3970185.7,
1753460447397,16:20:47.397,bybit,ADA/USDT:USDT,0.7822,279.0,0.7823,38398.0,0.7822,586405766.0,470496933.4135
1753460447413,16:20:47.413,okx,ADA/USDT:USDT,0.7823,115.0,0.7825,388.7,0.7824,3970188.2,
1753460447432,16:20:47.432,bitget,ADA/USDT:USDT,0.7824,29494.0,0.7825,33267.0,0.7825,344342470.0,276873896.7622
1753460447497,16:20:47.497,bybit,ADA/USDT:USDT,0.7821,271.0,0.7822,68477.0,0.7822,586406045.0,470497151.6473
1753460447514,16:20:47.514,okx,ADA/USDT:USDT,0.7823,58.6,0.7824,516.1,0.7823,3970188.3,
1753460447597,16:20:47.597,bybit,ADA/USDT:USDT,0.7821,271.0,0.7822,56542.0,0.7822,586406045.0,470497151.6473
1753460447617,16:20:47.617,okx,ADA/USDT:USDT,0.7823,58.6,0.7824,516.7,0.7823,3970188.5,
1753460447697,16:20:47.697,bybit,ADA/USDT:USDT,0.7821,117.0,0.7822,58463.0,0.7821,586406199.0,470497272.0907
1753460447741,16:20:47.741,okx,ADA/USDT:USDT,0.7823,58.6,0.7824,516.7,0.7823,3970188.5,
1753460447797,16:20:47.797,bybit,ADA/USDT:USDT,0.7821,117.0,0.7822,61619.0,0.7821,586406199.0,470497272.0907
1753460447773,16:20:47.773,bitget,ADA/USDT:USDT,0.7823,16841.0,0.7824,19353.0,0.7824,344342470.0,276873896.7622
1753460447897,16:20:47.897,bybit,ADA/USDT:USDT,0.7821,117.0,0.7822,62896.0,0.7821,586406199.0,470497272.0907
1753460447997,16:20:47.997,bybit,ADA/USDT:USDT,0.7821,7262.0,0.7822,57687.0,0.7821,586406699.0,470497663.1407
1753460448097,16:20:48.097,bybit,ADA/USDT:USDT,0.782,25651.0,0.7821,18261.0,0.7821,586406699.0,470497663.1407
1753460448082,16:20:48.082,okx,ADA/USDT:USDT,0.7822,51.1,0.7824,522.8,0.7823,3970247.1,
1753460448088,16:20:48.088,bitget,ADA/USDT:USDT,0.7823,16841.0,0.7824,19353.0,0.7824,344336820.0,276869475.6372
1753460448197,16:20:48.197,bybit,ADA/USDT:USDT,0.782,6823.0,0.7821,22148.0,0.7821,586406699.0,470497663.1407
1753460448208,16:20:48.208,okx,ADA/USDT:USDT,0.7822,1.1,0.7823,762.0,0.7823,3970247.1,
1753460448246,16:20:48.246,gateio,ADA/USDT:USDT,,,,,0.7819,160574700.0,125553356.0
1753460448297,16:20:48.297,bybit,ADA/USDT:USDT,0.782,6823.0,0.7821,23715.0,0.7821,586406699.0,470497663.1407
1753460448318,16:20:48.318,okx,ADA/USDT:USDT,0.7822,0.2,0.7823,839.0,0.7822,3970248.2,
1753460448397,16:20:48.397,bybit,ADA/USDT:USDT,0.782,30435.0,0.7821,1965.0,0.7821,586406699.0,470497663.1407
1753460448431,16:20:48.431,okx,ADA/USDT:USDT,0.7821,465.1,0.7822,111.6,0.7822,3970248.5,
1753460448442,16:20:48.442,bitget,ADA/USDT:USDT,0.7822,16997.0,0.7823,29203.0,0.7823,344342470.0,276873896.7622
1753460448498,16:20:48.498,bybit,ADA/USDT:USDT,0.782,30435.0,0.7821,1283.0,0.7821,586406699.0,470497663.1407
1753460448574,16:20:48.574,okx,ADA/USDT:USDT,0.7821,529.0,0.7822,67.6,0.7822,3970248.5,
1753460448597,16:20:48.597,bybit,ADA/USDT:USDT,0.782,31011.0,0.7821,1283.0,0.7821,586406699.0,470497663.1407
1753460448697,16:20:48.697,bybit,ADA/USDT:USDT,0.782,31011.0,0.7821,10283.0,0.7821,586406699.0,470497663.1407
1753460448797,16:20:48.797,bybit,ADA/USDT:USDT,0.782,7399.0,0.7821,46171.0,0.7821,586406699.0,470497663.1407
1753460448822,16:20:48.822,bitget,ADA/USDT:USDT,0.7822,17895.0,0.7823,43246.0,0.7823,344342470.0,276873896.7622
1753460448897,16:20:48.897,bybit,ADA/USDT:USDT,0.782,7399.0,0.7821,46197.0,0.7821,586406699.0,470497663.1407
1753460448894,16:20:48.894,okx,ADA/USDT:USDT,0.7821,219.1,0.7822,306.0,0.7822,3970248.5,
1753460448997,16:20:48.997,bybit,ADA/USDT:USDT,0.782,8081.0,0.7821,39334.0,0.7821,586406699.0,470497663.1407
1753460449002,16:20:49.002,okx,ADA/USDT:USDT,0.7821,219.1,0.7822,319.6,0.7822,3970248.5,
1753460449097,16:20:49.097,bybit,ADA/USDT:USDT,0.782,27415.0,0.7821,7877.0,0.7821,586406699.0,470497663.1407
1753460449106,16:20:49.106,okx,ADA/USDT:USDT,0.7821,244.7,0.7822,143.7,0.7822,3970248.5,
1753460449144,16:20:49.144,bitget,ADA/USDT:USDT,0.7822,17895.0,0.7823,43246.0,0.7823,344342470.0,276873896.7622
1753460449197,16:20:49.197,bybit,ADA/USDT:USDT,0.782,2567.0,0.7821,36332.0,0.7821,586406699.0,470497663.1407
1753460449207,16:20:49.207,okx,ADA/USDT:USDT,0.7821,244.6,0.7822,130.0,0.7822,3970248.5,
1753460449258,16:20:49.258,gateio,ADA/USDT:USDT,,,,,0.7819,160574700.0,125553356.0
1753460449298,16:20:49.298,bybit,ADA/USDT:USDT,0.782,2696.0,0.7821,36332.0,0.7821,586406699.0,470497663.1407
1753460449308,16:20:49.308,okx,ADA/USDT:USDT,0.7821,158.1,0.7822,257.0,0.7822,3970248.5,
1753460449397,16:20:49.397,bybit,ADA/USDT:USDT,0.782,2799.0,0.7821,36320.0,0.7821,586406699.0,470497663.1407
1753460449412,16:20:49.412,okx,ADA/USDT:USDT,0.7821,144.5,0.7822,309.7,0.7822,3970248.5,
1753460449497,16:20:49.497,bybit,ADA/USDT:USDT,0.782,1900.0,0.7821,39803.0,0.7821,586406699.0,470497663.1407
1753460449522,16:20:49.522,okx,ADA/USDT:USDT,0.7821,27.6,0.7822,322.3,0.7822,3970248.5,
1753460449518,16:20:49.518,bitget,ADA/USDT:USDT,0.7822,30.0,0.7823,43246.0,0.7823,344343078.0,276874372.4082
1753460449597,16:20:49.597,bybit,ADA/USDT:USDT,0.782,1900.0,0.7821,49857.0,0.7821,586406699.0,470497663.1407
1753460449669,16:20:49.669,okx,ADA/USDT:USDT,0.7821,68.0,0.7822,304.4,0.7822,3970248.5,
1753460449698,16:20:49.698,bybit,ADA/USDT:USDT,0.782,1900.0,0.7821,46662.0,0.7821,586406699.0,470497663.1407
1753460449797,16:20:49.797,bybit,ADA/USDT:USDT,0.782,1893.0,0.7821,48518.0,0.7821,586406699.0,470497663.1407
1753460449771,16:20:49.771,okx,ADA/USDT:USDT,0.7821,27.6,0.7822,304.4,0.7822,3970248.5,
1753460449897,16:20:49.897,bybit,ADA/USDT:USDT,0.7819,7028.0,0.782,50196.0,0.7819,586409092.0,470499534.4167
1753460449875,16:20:49.875,okx,ADA/USDT:USDT,0.782,265.4,0.7822,322.3,0.7821,3970250.5,
1753460449868,16:20:49.868,bitget,ADA/USDT:USDT,0.7822,30.0,0.7823,51290.0,0.7823,344343078.0,276874372.4082
1753460449997,16:20:49.997,bybit,ADA/USDT:USDT,0.7819,15922.0,0.782,26814.0,0.7819,586409092.0,470499534.4167
1753460449986,16:20:49.986,okx,ADA/USDT:USDT,0.782,134.2,0.7821,570.6,0.7821,3970250.5,
1753460450097,16:20:50.097,bybit,ADA/USDT:USDT,0.7819,1886.0,0.782,41061.0,0.7819,586409092.0,470499534.4167
1753460450103,16:20:50.103,okx,ADA/USDT:USDT,0.782,314.7,0.7821,298.1,0.7821,3970250.5,
1753460450197,16:20:50.197,bybit,ADA/USDT:USDT,0.7819,9399.0,0.782,39468.0,0.7819,586409092.0,470499534.4167
1753460450208,16:20:50.208,okx,ADA/USDT:USDT,0.782,218.5,0.7821,298.1,0.7821,3970250.5,
1753460450213,16:20:50.213,bitget,ADA/USDT:USDT,0.7822,30.0,0.7823,52470.0,0.7823,344343078.0,276874372.4082
1753460450237,16:20:50.237,gateio,ADA/USDT:USDT,,,,,0.7817,160574940.0,125521430.0
1753460450297,16:20:50.297,bybit,ADA/USDT:USDT,0.7819,26705.0,0.782,11377.0,0.7819,586409092.0,470499534.4167
1753460450310,16:20:50.310,okx,ADA/USDT:USDT,0.782,137.5,0.7821,298.1,0.7821,3970250.5,
1753460450412,16:20:50.412,okx,ADA/USDT:USDT,0.782,470.1,0.7821,98.4,0.7821,3970250.5,
1753460450497,16:20:50.497,bybit,ADA/USDT:USDT,0.7819,25138.0,0.782,13107.0,0.7819,586409092.0,470499534.4167
1753460450550,16:20:50.550,bitget,ADA/USDT:USDT,0.7822,30.0,0.7823,56894.0,0.7823,344343078.0,276874372.4082
1753460450597,16:20:50.597,bybit,ADA/USDT:USDT,0.7819,34138.0,0.782,13664.0,0.7819,586409092.0,470499534.4167
1753460450698,16:20:50.698,bybit,ADA/USDT:USDT,0.7819,25138.0,0.782,13664.0,0.7819,586409092.0,470499534.4167
1753460450733,16:20:50.733,okx,ADA/USDT:USDT,0.7821,152.3,0.7822,235.3,0.7821,3970253.4,
1753460450797,16:20:50.797,bybit,ADA/USDT:USDT,0.7819,24018.0,0.782,13664.0,0.7819,586409092.0,470499534.4167
1753460450844,16:20:50.844,okx,ADA/USDT:USDT,0.7821,152.3,0.7822,236.1,0.7821,3970253.4,
1753460450897,16:20:50.897,bybit,ADA/USDT:USDT,0.7819,21377.0,0.782,13664.0,0.7819,586409092.0,470499534.4167
1753460450866,16:20:50.866,bitget,ADA/USDT:USDT,0.7822,1763.0,0.7823,53529.0,0.7823,344343078.0,276874372.4082
1753460450946,16:20:50.946,okx,ADA/USDT:USDT,0.7821,25.8,0.7822,301.4,0.7821,3970253.4,
1753460450997,16:20:50.997,bybit,ADA/USDT:USDT,0.7819,22944.0,0.782,13664.0,0.7819,586409092.0,470499534.4167
1753460451051,16:20:51.051,okx,ADA/USDT:USDT,0.7821,229.7,0.7822,187.0,0.7821,3970253.4,
