timestamp,time,exchange,symbol,bid,bidVolume,ask,askVolume,lastPrice,baseVolume,quoteVolume
1753460400521,16:20:00.521,okx,ALGO/USDT:USDT,0.257,1180.0,0.2572,2146.0,0.2571,7504581.0,
1753460399764,16:19:59.764,bybit,ALGO/USDT:USDT,0.257,29762.7,0.2571,2760.7,0.257,117699102.1,30716529.7382
1753460400763,16:20:00.763,bybit,ALGO/USDT:USDT,0.257,20982.8,0.2571,14491.0,0.257,117699102.1,30716529.7382
1753460400998,16:20:00.998,okx,ALGO/USDT:USDT,0.2571,433.0,0.2572,1094.0,0.2571,7504581.0,
1753460401064,16:20:01.064,bybit,ALGO/USDT:USDT,0.257,20982.8,0.2571,14543.0,0.257,117699102.1,30716529.7382
1753460401100,16:20:01.100,okx,ALGO/USDT:USDT,0.257,880.0,0.2571,132.0,0.2571,7504581.0,
1753460401163,16:20:01.163,bybit,ALGO/USDT:USDT,0.257,20930.7,0.2571,24192.1,0.257,117699154.2,30716543.1279
1753460401420,16:20:01.420,okx,ALGO/USDT:USDT,0.2571,266.0,0.2572,998.0,0.2571,7504581.0,
1753460401763,16:20:01.763,bybit,ALGO/USDT:USDT,0.257,19930.7,0.2571,24170.3,0.257,117699154.2,30716543.1279
1753460401734,16:20:01.734,binance,ALGO/USDT:USDT,,,,,0.257,304384097.0,79377520.0719
1753460401788,16:20:01.788,bitget,ALGO/USDT:USDT,0.2571,10563.0,0.2572,13605.7,0.2571,81983452.4,21411258.30926
1753460401864,16:20:01.864,bybit,ALGO/USDT:USDT,0.257,958.7,0.2571,30884.8,0.257,117699154.2,30716543.1279
1753460401918,16:20:01.918,okx,ALGO/USDT:USDT,0.257,109.0,0.2571,597.0,0.2571,7504581.0,
1753460401964,16:20:01.964,bybit,ALGO/USDT:USDT,0.257,12689.0,0.2571,28161.7,0.257,117699154.2,30716543.1279
1753460402063,16:20:02.063,bybit,ALGO/USDT:USDT,0.257,20939.5,0.2571,24256.4,0.257,117699154.2,30716543.1279
1753460402073,16:20:02.073,okx,ALGO/USDT:USDT,0.257,398.0,0.2571,451.0,0.2571,7504581.0,
1753460402163,16:20:02.163,bybit,ALGO/USDT:USDT,0.257,22154.7,0.2571,22793.5,0.257,117699154.2,30716543.1279
1753460402263,16:20:02.263,bybit,ALGO/USDT:USDT,0.257,33627.8,0.2571,22793.5,0.257,117699154.2,30716543.1279
1753460402272,16:20:02.272,bitget,ALGO/USDT:USDT,0.2571,17979.3,0.2572,19463.9,0.2571,81962905.6,21405738.26162
1753460402285,16:20:02.285,okx,ALGO/USDT:USDT,0.2571,169.0,0.2572,1002.0,0.2571,7504581.0,
1753460402464,16:20:02.464,bybit,ALGO/USDT:USDT,0.257,33627.8,0.2571,21793.5,0.257,117699154.2,30716543.1279
1753460402664,16:20:02.664,bybit,ALGO/USDT:USDT,0.257,20939.5,0.2571,24170.3,0.257,117699154.2,30716543.1279
1753460403564,16:20:03.564,bybit,ALGO/USDT:USDT,0.257,8612.5,0.2571,26031.9,0.257,117700112.9,30716789.5138
1753460403598,16:20:03.598,bitget,ALGO/USDT:USDT,0.257,798.4,0.2571,14870.3,0.2571,81962905.6,21405738.26162
1753460403624,16:20:03.624,okx,ALGO/USDT:USDT,0.257,662.0,0.2571,466.0,0.257,7504854.0,
1753460403664,16:20:03.664,bybit,ALGO/USDT:USDT,0.257,7612.5,0.2571,26031.9,0.257,117700112.9,30716789.5138
1753460403763,16:20:03.763,bybit,ALGO/USDT:USDT,0.257,9352.5,0.2571,26031.9,0.257,117700112.9,30716789.5138
1753460403301,16:20:03.301,binance,ALGO/USDT:USDT,,,,,0.257,304394775.6,79380264.4721
1753460403863,16:20:03.863,bybit,ALGO/USDT:USDT,0.257,8498.6,0.2571,23503.4,0.257,117700112.9,30716789.5138
1753460403878,16:20:03.878,okx,ALGO/USDT:USDT,0.257,840.0,0.2571,352.0,0.257,7504854.0,
1753460403964,16:20:03.964,bybit,ALGO/USDT:USDT,0.257,18046.0,0.2571,23503.4,0.257,117700112.9,30716789.5138
1753460403941,16:20:03.941,bitget,ALGO/USDT:USDT,0.2571,4348.3,0.2572,16102.5,0.2571,81962905.6,21405738.26162
1753460404011,16:20:04.011,okx,ALGO/USDT:USDT,0.257,299.0,0.2571,560.0,0.257,7504854.0,
1753460404064,16:20:04.064,bybit,ALGO/USDT:USDT,0.2569,72401.0,0.257,8364.2,0.257,117700112.9,30716789.5138
1753460404115,16:20:04.115,okx,ALGO/USDT:USDT,0.257,367.0,0.2571,458.0,0.257,7504854.0,
1753460404164,16:20:04.164,bybit,ALGO/USDT:USDT,0.2569,39242.6,0.257,27.2,0.257,117700112.9,30716789.5138
1753460404217,16:20:04.217,okx,ALGO/USDT:USDT,0.257,299.0,0.2571,569.0,0.257,7504854.0,
1753460404264,16:20:04.264,bybit,ALGO/USDT:USDT,0.2569,41151.4,0.257,27.2,0.257,117700112.9,30716789.5138
1753460404331,16:20:04.331,okx,ALGO/USDT:USDT,0.257,539.0,0.2571,272.0,0.257,7504854.0,
1753460404363,16:20:04.363,bybit,ALGO/USDT:USDT,0.2569,25574.7,0.257,11757.5,0.257,117700112.9,30716789.5138
1753460404333,16:20:04.333,bitget,ALGO/USDT:USDT,0.257,37744.1,0.2572,28962.4,0.2571,81962905.6,21405738.26162
1753460404463,16:20:04.463,bybit,ALGO/USDT:USDT,0.2569,24902.7,0.257,27.2,0.257,117700112.9,30716789.5138
1753460404442,16:20:04.442,okx,ALGO/USDT:USDT,0.257,599.0,0.2571,634.0,0.257,7504854.0,
1753460404564,16:20:04.564,bybit,ALGO/USDT:USDT,0.2569,26145.9,0.257,3068.7,0.257,117700112.9,30716789.5138
1753460404550,16:20:04.550,okx,ALGO/USDT:USDT,0.257,664.0,0.2571,456.0,0.257,7504854.0,
1753460404664,16:20:04.664,bybit,ALGO/USDT:USDT,0.2569,28833.0,0.257,27.2,0.257,117700112.9,30716789.5138
1753460404662,16:20:04.662,bitget,ALGO/USDT:USDT,0.257,37744.1,0.2572,28962.4,0.2571,81962905.6,21405738.26162
1753460404689,16:20:04.689,okx,ALGO/USDT:USDT,0.257,775.0,0.2571,21.0,0.257,7504854.0,
1753460404764,16:20:04.764,bybit,ALGO/USDT:USDT,0.2569,30584.2,0.257,27.2,0.257,117700112.9,30716789.5138
1753460404801,16:20:04.801,okx,ALGO/USDT:USDT,0.257,731.0,0.2571,21.0,0.257,7504854.0,
1753460404864,16:20:04.864,bybit,ALGO/USDT:USDT,0.2569,30815.3,0.257,1517.5,0.257,117700112.9,30716789.5138
1753460404914,16:20:04.914,okx,ALGO/USDT:USDT,0.257,664.0,0.2571,115.0,0.257,7504854.0,
1753460405015,16:20:05.015,okx,ALGO/USDT:USDT,0.257,664.0,0.2571,195.0,0.257,7504854.0,
1753460405020,16:20:05.020,bitget,ALGO/USDT:USDT,0.257,22066.3,0.2571,13605.7,0.2571,81983452.4,21411258.30926
1753460405163,16:20:05.163,bybit,ALGO/USDT:USDT,0.2569,42411.0,0.257,1517.5,0.257,117700112.9,30716789.5138
1753460405363,16:20:05.363,bybit,ALGO/USDT:USDT,0.2569,47844.8,0.257,1517.5,0.257,117700112.9,30716789.5138
1753460405463,16:20:05.463,bybit,ALGO/USDT:USDT,0.2569,50179.8,0.257,1517.5,0.257,117700112.9,30716789.5138
1753460405527,16:20:05.527,okx,ALGO/USDT:USDT,0.257,849.0,0.2571,21.0,0.257,7504854.0,
1753460405664,16:20:05.664,bybit,ALGO/USDT:USDT,0.257,46654.2,0.2571,83.7,0.257,117701630.4,30717179.5113
1753460405661,16:20:05.661,bitget,ALGO/USDT:USDT,0.2571,17410.7,0.2572,16491.5,0.2571,81962905.6,21405738.26162
1753460405764,16:20:05.764,bybit,ALGO/USDT:USDT,0.257,44921.8,0.2571,20064.5,0.257,117701630.4,30717179.5113
1753460405787,16:20:05.787,okx,ALGO/USDT:USDT,0.257,1136.0,0.2571,21.0,0.257,7504854.0,
1753460405912,16:20:05.912,okx,ALGO/USDT:USDT,0.257,671.0,0.2571,120.0,0.257,7504854.0,
1753460406223,16:20:06.223,okx,ALGO/USDT:USDT,0.257,849.0,0.2571,21.0,0.257,7504854.0,
1753460406389,16:20:06.389,bitget,ALGO/USDT:USDT,0.2571,6309.4,0.2572,16102.5,0.2571,81962905.6,21405738.26162
1753460406563,16:20:06.563,bybit,ALGO/USDT:USDT,0.257,44921.8,0.2571,20076.6,0.257,117701630.4,30717179.5113
1753460406664,16:20:06.664,bybit,ALGO/USDT:USDT,0.257,32921.8,0.2571,20760.4,0.257,117701630.4,30717179.5113
1753460406721,16:20:06.721,okx,ALGO/USDT:USDT,0.257,606.0,0.2571,460.0,0.257,7504854.0,
1753460406764,16:20:06.764,bybit,ALGO/USDT:USDT,0.257,9160.9,0.2571,22868.0,0.2571,117701669.3,30717189.5124
1753460406727,16:20:06.727,bitget,ALGO/USDT:USDT,0.2571,10571.5,0.2572,26102.5,0.2571,81962905.6,21405738.26162
1753460406763,16:20:06.763,binance,ALGO/USDT:USDT,,,,,0.2571,304394823.8,79380276.8643
1753460406864,16:20:06.864,bybit,ALGO/USDT:USDT,0.257,8133.1,0.2571,22868.0,0.2571,117701669.3,30717189.5124
1753460406874,16:20:06.874,okx,ALGO/USDT:USDT,0.257,666.0,0.2571,460.0,0.257,7504854.0,
1753460406963,16:20:06.963,bybit,ALGO/USDT:USDT,0.257,8133.1,0.2571,22855.1,0.2571,117701669.3,30717189.5124
1753460407063,16:20:07.063,bybit,ALGO/USDT:USDT,0.257,19863.4,0.2571,20037.7,0.2571,117701669.3,30717189.5124
1753460407103,16:20:07.103,bitget,ALGO/USDT:USDT,0.2571,4348.3,0.2572,26102.5,0.2571,81962905.6,21405738.26162
1753460407164,16:20:07.164,bybit,ALGO/USDT:USDT,0.257,20863.4,0.2571,20037.7,0.2571,117701669.3,30717189.5124
1753460407364,16:20:07.364,bybit,ALGO/USDT:USDT,0.257,20863.4,0.2571,20038.3,0.2571,117701669.3,30717189.5124
1753460407416,16:20:07.416,okx,ALGO/USDT:USDT,0.257,842.0,0.2571,21.0,0.257,7504854.0,
1753460407422,16:20:07.422,bitget,ALGO/USDT:USDT,0.2571,4348.3,0.2572,26102.5,0.2571,81963119.4,21405793.2296
1753460407463,16:20:07.463,bybit,ALGO/USDT:USDT,0.257,20863.4,0.2571,20038.3,0.2571,117701669.3,30717189.5124
1753460407523,16:20:07.523,okx,ALGO/USDT:USDT,0.257,844.0,0.2571,21.0,0.257,7504854.0,
1753460407563,16:20:07.563,bybit,ALGO/USDT:USDT,0.257,28784.6,0.2571,20038.3,0.2571,117701669.3,30717189.5124
1753460407763,16:20:07.763,bybit,ALGO/USDT:USDT,0.257,28113.9,0.2571,20038.3,0.2571,117701669.3,30717189.5124
1753460407734,16:20:07.734,bitget,ALGO/USDT:USDT,0.2571,8610.4,0.2572,26102.5,0.2571,81963119.4,21405793.2296
1753460407885,16:20:07.885,okx,ALGO/USDT:USDT,0.257,844.0,0.2571,123.0,0.257,7504854.0,
1753460408012,16:20:08.012,okx,ALGO/USDT:USDT,0.257,844.0,0.2571,21.0,0.257,7504854.0,
1753460408064,16:20:08.064,bybit,ALGO/USDT:USDT,0.257,28113.9,0.2571,21379.9,0.2571,117701669.3,30717189.5124
1753460408109,16:20:08.109,bitget,ALGO/USDT:USDT,0.2571,8610.4,0.2572,16102.5,0.2571,81963119.4,21405793.2296
1753460408163,16:20:08.163,bybit,ALGO/USDT:USDT,0.257,28113.9,0.2571,20038.3,0.2571,117701669.3,30717189.5124
1753460408316,16:20:08.316,okx,ALGO/USDT:USDT,0.257,844.0,0.2571,21.0,0.257,7504854.0,
1753460408469,16:20:08.469,bitget,ALGO/USDT:USDT,0.2571,8610.4,0.2572,26102.5,0.2571,81963119.4,21405793.2296
1753460408664,16:20:08.664,bybit,ALGO/USDT:USDT,0.257,28113.9,0.2571,20044.7,0.2571,117701669.3,30717189.5124
1753460408764,16:20:08.764,bybit,ALGO/USDT:USDT,0.257,28113.9,0.2571,21386.3,0.2571,117701669.3,30717189.5124
1753460408807,16:20:08.807,bitget,ALGO/USDT:USDT,0.2571,8610.4,0.2572,26102.5,0.2571,81963119.4,21405793.2296
1753460408877,16:20:08.877,okx,ALGO/USDT:USDT,0.257,666.0,0.2571,216.0,0.257,7504854.0,
1753460409064,16:20:09.064,bybit,ALGO/USDT:USDT,0.257,28113.9,0.2571,20044.7,0.2571,117701669.3,30717189.5124
1753460409119,16:20:09.119,okx,ALGO/USDT:USDT,0.257,844.0,0.2571,43.0,0.257,7504854.0,
1753460409122,16:20:09.122,bitget,ALGO/USDT:USDT,0.2571,8610.4,0.2572,26102.5,0.2571,81963119.4,21405793.2296
1753460409375,16:20:09.375,okx,ALGO/USDT:USDT,0.257,889.0,0.2571,21.0,0.257,7504854.0,
1753460409475,16:20:09.475,bitget,ALGO/USDT:USDT,0.2571,8610.4,0.2572,26102.5,0.2571,81963119.4,21405793.2296
1753460409623,16:20:09.623,okx,ALGO/USDT:USDT,0.257,888.0,0.2571,21.0,0.257,7504854.0,
1753460409663,16:20:09.663,bybit,ALGO/USDT:USDT,0.257,28113.9,0.2571,20000.3,0.2571,117701669.3,30717189.5124
1753460409764,16:20:09.764,bybit,ALGO/USDT:USDT,0.257,28119.7,0.2571,20715.7,0.2571,117701669.3,30717189.5124
1753460409863,16:20:09.863,bybit,ALGO/USDT:USDT,0.257,28303.3,0.2571,21386.4,0.2571,117701669.3,30717189.5124
1753460409822,16:20:09.822,bitget,ALGO/USDT:USDT,0.2571,8610.4,0.2572,26102.5,0.2571,81963119.4,21405793.2296
1753460409845,16:20:09.845,okx,ALGO/USDT:USDT,0.257,710.0,0.2571,120.0,0.257,7504854.0,
1753460410164,16:20:10.164,bybit,ALGO/USDT:USDT,0.257,28974.0,0.2571,20044.8,0.2571,117701669.3,30717189.5124
1753460410141,16:20:10.141,bitget,ALGO/USDT:USDT,0.2571,4348.3,0.2572,26102.5,0.2571,81963119.4,21405793.2296
1753460410363,16:20:10.363,bybit,ALGO/USDT:USDT,0.257,28974.0,0.2571,20049.9,0.2571,117701669.3,30717189.5124
1753460410459,16:20:10.459,bitget,ALGO/USDT:USDT,0.2571,9598.0,0.2572,16102.5,0.2571,81963119.4,21405793.2296
1753460410563,16:20:10.563,bybit,ALGO/USDT:USDT,0.257,28303.3,0.2571,20720.8,0.2571,117701669.3,30717189.5124
1753460410663,16:20:10.663,bybit,ALGO/USDT:USDT,0.257,28303.3,0.2571,21391.5,0.2571,117701669.3,30717189.5124
1753460410719,16:20:10.719,okx,ALGO/USDT:USDT,0.257,710.0,0.2571,192.0,0.257,7504854.0,
1753460410864,16:20:10.864,bybit,ALGO/USDT:USDT,0.257,28303.3,0.2571,20049.9,0.2571,117701669.3,30717189.5124
1753460410907,16:20:10.907,bitget,ALGO/USDT:USDT,0.2571,8610.4,0.2572,16102.5,0.2571,81963119.4,21405793.2296
1753460411064,16:20:11.064,bybit,ALGO/USDT:USDT,0.257,28303.3,0.2571,21391.5,0.2571,117701669.3,30717189.5124
1753460411163,16:20:11.163,bybit,ALGO/USDT:USDT,0.257,28303.3,0.2571,20049.9,0.2571,117701669.3,30717189.5124
1753460411171,16:20:11.171,okx,ALGO/USDT:USDT,0.257,710.0,0.2571,112.0,0.257,7504854.0,
1753460411264,16:20:11.264,bybit,ALGO/USDT:USDT,0.257,28303.3,0.2571,21370.4,0.2571,117701669.3,30717189.5124
1753460411316,16:20:11.316,binance,ALGO/USDT:USDT,,,,,0.257,304394860.0,79380286.1677
1753460411363,16:20:11.363,bybit,ALGO/USDT:USDT,0.257,190.6,0.2571,26679.5,0.2571,117701669.3,30717189.5124
1753460411388,16:20:11.388,okx,ALGO/USDT:USDT,0.257,711.0,0.2571,192.0,0.257,7504854.0,
1753460411463,16:20:11.463,bybit,ALGO/USDT:USDT,0.257,190.6,0.2571,29402.6,0.2571,117701669.3,30717189.5124
1753460411532,16:20:11.532,okx,ALGO/USDT:USDT,0.257,484.0,0.2571,814.0,0.257,7504854.0,
1753460411642,16:20:11.642,okx,ALGO/USDT:USDT,0.257,354.0,0.2571,816.0,0.257,7504854.0,
1753460411644,16:20:11.644,bitget,ALGO/USDT:USDT,0.2571,8610.4,0.2572,16102.5,0.2571,81962905.6,21405738.26162
1753460411763,16:20:11.763,bybit,ALGO/USDT:USDT,0.2569,20248.8,0.257,33917.5,0.2569,117703026.7,30717538.2476
1753460411864,16:20:11.864,bybit,ALGO/USDT:USDT,0.2569,23241.9,0.257,33917.5,0.2569,117703026.7,30717538.2476
1753460411964,16:20:11.964,bybit,ALGO/USDT:USDT,0.2569,26295.8,0.257,33246.6,0.2569,117703026.7,30717538.2476
1753460411983,16:20:11.983,okx,ALGO/USDT:USDT,0.2569,734.0,0.257,181.0,0.257,7505208.0,
1753460412064,16:20:12.064,bybit,ALGO/USDT:USDT,0.2569,40377.9,0.257,21094.5,0.2569,117703026.7,30717538.2476
1753460412163,16:20:12.163,bybit,ALGO/USDT:USDT,0.2569,40377.9,0.257,17227.6,0.2569,117703026.7,30717538.2476
1753460412364,16:20:12.364,bybit,ALGO/USDT:USDT,0.2569,40405.1,0.257,17227.6,0.2569,117703026.7,30717538.2476
1753460412385,16:20:12.385,bitget,ALGO/USDT:USDT,0.257,15268.9,0.2571,8564.9,0.2571,81962905.6,21405738.26162
1753460412516,16:20:12.516,okx,ALGO/USDT:USDT,0.257,254.0,0.2571,860.0,0.257,7505208.0,
1753460412564,16:20:12.564,bybit,ALGO/USDT:USDT,0.2569,39758.7,0.257,17227.6,0.2569,117703026.7,30717538.2476
1753460412620,16:20:12.620,okx,ALGO/USDT:USDT,0.257,254.0,0.2571,978.0,0.257,7505208.0,
1753460412664,16:20:12.664,bybit,ALGO/USDT:USDT,0.2569,37849.9,0.257,17227.6,0.2569,117703026.7,30717538.2476
1753460412763,16:20:12.763,bybit,ALGO/USDT:USDT,0.2569,38496.3,0.257,17227.6,0.2569,117703026.7,30717538.2476
1753460412769,16:20:12.769,okx,ALGO/USDT:USDT,0.257,344.0,0.2571,860.0,0.257,7505208.0,
1753460412921,16:20:12.921,okx,ALGO/USDT:USDT,0.257,346.0,0.2571,860.0,0.257,7505208.0,
1753460412974,16:20:12.974,bitget,ALGO/USDT:USDT,0.257,16256.5,0.2571,8564.9,0.2571,81963119.4,21405793.2296
1753460413029,16:20:13.029,okx,ALGO/USDT:USDT,0.257,346.0,0.2571,860.0,0.257,7505208.0,
1753460413064,16:20:13.064,bybit,ALGO/USDT:USDT,0.2569,27496.3,0.257,17227.6,0.2569,117703026.7,30717538.2476
1753460413164,16:20:13.164,bybit,ALGO/USDT:USDT,0.2569,27496.3,0.257,17227.6,0.2569,117703026.7,30717538.2476
1753460413171,16:20:13.171,okx,ALGO/USDT:USDT,0.257,266.0,0.2571,978.0,0.257,7505208.0,
1753460413265,16:20:13.265,bybit,ALGO/USDT:USDT,0.2569,12538.8,0.257,26790.7,0.2569,117703026.7,30717538.2476
1753460413283,16:20:13.283,okx,ALGO/USDT:USDT,0.2569,4175.0,0.2571,1087.0,0.257,7505395.0,
1753460412415,16:20:12.415,binance,ALGO/USDT:USDT,,,,,0.2569,304408644.9,79383828.8604
1753460413363,16:20:13.363,bybit,ALGO/USDT:USDT,0.2569,11538.8,0.257,26790.7,0.2569,117703026.7,30717538.2476
1753460413344,16:20:13.344,bitget,ALGO/USDT:USDT,0.257,15268.9,0.2571,18564.9,0.2571,81963119.4,21405793.2296
1753460413515,16:20:13.515,okx,ALGO/USDT:USDT,0.2569,399.0,0.257,152.0,0.257,7505395.0,
1753460413615,16:20:13.615,okx,ALGO/USDT:USDT,0.2569,616.0,0.257,82.0,0.257,7505395.0,
1753460413663,16:20:13.663,bybit,ALGO/USDT:USDT,0.2569,12538.8,0.257,26144.3,0.2569,117703026.7,30717538.2476
1753460413763,16:20:13.763,bybit,ALGO/USDT:USDT,0.2569,11090.9,0.257,26790.7,0.2569,117703026.7,30717538.2476
1753460413795,16:20:13.795,bitget,ALGO/USDT:USDT,0.257,4348.3,0.2571,26010.4,0.2571,81963119.4,21405793.2296
1753460413819,16:20:13.819,okx,ALGO/USDT:USDT,0.2569,630.0,0.257,442.0,0.257,7505395.0,
1753460414164,16:20:14.164,bybit,ALGO/USDT:USDT,0.2569,2820.7,0.257,26790.7,0.2569,117703026.7,30717538.2476
1753460414277,16:20:14.277,okx,ALGO/USDT:USDT,0.2569,399.0,0.257,628.0,0.257,7505395.0,
1753460414363,16:20:14.363,bybit,ALGO/USDT:USDT,0.2569,48.7,0.257,29493.8,0.2569,117703026.7,30717538.2476
1753460414406,16:20:14.406,bitget,ALGO/USDT:USDT,0.2569,7920.4,0.257,23614.2,0.2571,81963119.4,21405793.2296
1753460414518,16:20:14.518,okx,ALGO/USDT:USDT,0.2569,2.0,0.257,909.0,0.257,7505395.0,
1753460414563,16:20:14.563,bybit,ALGO/USDT:USDT,0.2569,12915.0,0.257,26790.7,0.2569,117703026.7,30717538.2476
1753460414628,16:20:14.628,okx,ALGO/USDT:USDT,0.2569,436.0,0.257,572.0,0.257,7505395.0,
1753460414776,16:20:14.776,okx,ALGO/USDT:USDT,0.2569,438.0,0.257,572.0,0.257,7505395.0,
1753460414825,16:20:14.825,bitget,ALGO/USDT:USDT,0.2569,16770.0,0.257,10900.7,0.2571,81963119.4,21405793.2296
1753460414963,16:20:14.963,bybit,ALGO/USDT:USDT,0.2569,12915.0,0.257,26795.6,0.2569,117703026.7,30717538.2476
1753460415175,16:20:15.175,bitget,ALGO/USDT:USDT,0.2569,27757.6,0.257,10900.7,0.2571,81963119.4,21405793.2296
1753460415320,16:20:15.320,okx,ALGO/USDT:USDT,0.2569,738.0,0.257,334.0,0.257,7505395.0,
1753460414294,16:20:14.294,binance,ALGO/USDT:USDT,,,,,0.2569,304409167.9,79383963.2191
1753460415364,16:20:15.364,bybit,ALGO/USDT:USDT,0.2569,16360.8,0.257,25502.7,0.2569,117703026.7,30717538.2476
1753460415421,16:20:15.421,okx,ALGO/USDT:USDT,0.257,215.0,0.2571,1032.0,0.257,7505395.0,
1753460415463,16:20:15.463,bybit,ALGO/USDT:USDT,0.2569,24882.2,0.257,17232.5,0.2569,117703026.7,30717538.2476
1753460415514,16:20:15.514,bitget,ALGO/USDT:USDT,0.257,17424.7,0.2571,9371.8,0.2571,81963119.4,21405793.2296
1753460415564,16:20:15.564,bybit,ALGO/USDT:USDT,0.2569,24277.4,0.257,17232.5,0.2569,117703026.7,30717538.2476
1753460415576,16:20:15.576,okx,ALGO/USDT:USDT,0.257,140.0,0.2571,1029.0,0.257,7505395.0,
1753460416064,16:20:16.064,bybit,ALGO/USDT:USDT,0.2569,28277.4,0.257,17232.5,0.2569,117703026.7,30717538.2476
1753460416163,16:20:16.163,bybit,ALGO/USDT:USDT,0.2569,28804.3,0.257,17232.5,0.2569,117703026.7,30717538.2476
1753460416264,16:20:16.264,bybit,ALGO/USDT:USDT,0.2569,36804.3,0.257,17232.5,0.2569,117703026.7,30717538.2476
1753460416378,16:20:16.378,bitget,ALGO/USDT:USDT,0.257,17424.7,0.2571,16010.4,0.2571,81963119.4,21405793.2296
1753460416694,16:20:16.694,bitget,ALGO/USDT:USDT,0.257,17424.7,0.2571,15203.5,0.2571,81963119.4,21405793.2296
1753460416864,16:20:16.864,bybit,ALGO/USDT:USDT,0.2569,28277.4,0.257,17232.5,0.2569,117703026.7,30717538.2476
1753460416964,16:20:16.964,bybit,ALGO/USDT:USDT,0.2569,24277.4,0.257,17232.5,0.2569,117703026.7,30717538.2476
1753460417064,16:20:17.064,bybit,ALGO/USDT:USDT,0.2569,23631.0,0.257,18879.0,0.2569,117703026.7,30717538.2476
1753460417033,16:20:17.033,bitget,ALGO/USDT:USDT,0.257,17424.7,0.2571,15203.5,0.2571,81963119.4,21405793.2296
1753460417115,16:20:17.115,okx,ALGO/USDT:USDT,0.257,3.0,0.2571,1145.0,0.257,7505395.0,
1753460417240,16:20:17.240,gateio,ALGO/USDT:USDT,,,,,0.25687,12190300.0,3131322.0
1753460417326,16:20:17.326,okx,ALGO/USDT:USDT,0.257,3.0,0.2571,1215.0,0.257,7505395.0,
1753460417363,16:20:17.363,bybit,ALGO/USDT:USDT,0.2569,23631.0,0.257,26795.6,0.2569,117703026.7,30717538.2476
1753460417354,16:20:17.354,bitget,ALGO/USDT:USDT,0.257,16437.1,0.2571,15203.5,0.2571,81963119.4,21405793.2296
1753460417435,16:20:17.435,okx,ALGO/USDT:USDT,0.257,3.0,0.2571,1369.0,0.257,7505395.0,
1753460417563,16:20:17.563,bybit,ALGO/USDT:USDT,0.2569,111.0,0.257,26795.6,0.2569,117703026.7,30717538.2476
1753460417664,16:20:17.664,bybit,ALGO/USDT:USDT,0.2569,4271.4,0.257,26812.0,0.2569,117703026.7,30717538.2476
1753460417678,16:20:17.678,okx,ALGO/USDT:USDT,0.2569,2715.0,0.2571,1451.0,0.257,7505398.0,
1753460417709,16:20:17.709,binance,ALGO/USDT:USDT,,,,,0.2569,304409412.0,79384025.9284
1753460417763,16:20:17.763,bybit,ALGO/USDT:USDT,0.2569,6485.4,0.257,29515.1,0.2569,117703026.7,30717538.2476
1753460417806,16:20:17.806,okx,ALGO/USDT:USDT,0.2569,86.0,0.257,980.0,0.257,7505398.0,
1753460417864,16:20:17.864,bybit,ALGO/USDT:USDT,0.2569,109.9,0.257,28352.5,0.2569,117703026.7,30717538.2476
1753460417914,16:20:17.914,okx,ALGO/USDT:USDT,0.2569,398.0,0.257,1182.0,0.257,7505398.0,
1753460417963,16:20:17.963,bybit,ALGO/USDT:USDT,0.2569,109.9,0.257,28359.0,0.2569,117703026.7,30717538.2476
1753460418011,16:20:18.011,bitget,ALGO/USDT:USDT,0.2569,13772.0,0.257,21721.6,0.2571,81963119.4,21405793.2296
1753460418064,16:20:18.064,bybit,ALGO/USDT:USDT,0.2569,109.9,0.257,40359.0,0.2569,117703026.7,30717538.2476
1753460418116,16:20:18.116,okx,ALGO/USDT:USDT,0.2569,4.0,0.257,1182.0,0.257,7505398.0,
1753460418164,16:20:18.164,bybit,ALGO/USDT:USDT,0.2568,25742.3,0.2569,40802.6,0.2568,117704303.9,30717866.2435
1753460418217,16:20:18.217,okx,ALGO/USDT:USDT,0.2569,4.0,0.257,1755.0,0.257,7505398.0,
1753460418263,16:20:18.263,bybit,ALGO/USDT:USDT,0.2568,25742.3,0.2569,40802.6,0.2568,117704303.9,30717866.2435
1753460418395,16:20:18.395,bitget,ALGO/USDT:USDT,0.2568,25052.6,0.257,23628.2,0.2571,81963119.4,21405793.2296
1753460418481,16:20:18.481,okx,ALGO/USDT:USDT,0.2569,4.0,0.257,1929.0,0.257,7505398.0,
1753460418563,16:20:18.563,bybit,ALGO/USDT:USDT,0.2568,25742.3,0.2569,21094.5,0.2568,117704303.9,30717866.2435
1753460418717,16:20:18.717,okx,ALGO/USDT:USDT,0.2569,4.0,0.257,1815.0,0.257,7505398.0,
1753460418763,16:20:18.763,bybit,ALGO/USDT:USDT,0.2568,25742.3,0.2569,9364.2,0.2568,117704303.9,30717866.2435
1753460418821,16:20:18.821,okx,ALGO/USDT:USDT,0.2569,396.0,0.257,1409.0,0.257,7505398.0,
1753460418864,16:20:18.864,bybit,ALGO/USDT:USDT,0.2568,26370.4,0.2569,9364.2,0.2568,117704303.9,30717866.2435
1753460418963,16:20:18.963,bybit,ALGO/USDT:USDT,0.2568,26269.2,0.2569,21094.5,0.2568,117704303.9,30717866.2435
1753460418943,16:20:18.943,bitget,ALGO/USDT:USDT,0.2569,820.9,0.257,19352.4,0.2571,81963119.4,21405793.2296
1753460419164,16:20:19.164,bybit,ALGO/USDT:USDT,0.2568,26269.2,0.2569,21094.5,0.2568,117676868.9,30710492.7191
1753460419295,16:20:19.295,bitget,ALGO/USDT:USDT,0.2569,10585.5,0.257,15170.1,0.2571,81963119.4,21405793.2296
1753460419309,16:20:19.309,okx,ALGO/USDT:USDT,0.2569,258.0,0.257,1409.0,0.257,7505398.0,
1753460419364,16:20:19.364,bybit,ALGO/USDT:USDT,0.2568,26897.3,0.2569,6611.4,0.2568,117676868.9,30710492.7191
1753460419463,16:20:19.463,bybit,ALGO/USDT:USDT,0.2569,20915.6,0.257,30578.2,0.2568,117676868.9,30710492.7191
1753460419563,16:20:19.563,bybit,ALGO/USDT:USDT,0.2569,21915.6,0.257,18312.9,0.2568,117676868.9,30710492.7191
1753460419617,16:20:19.617,okx,ALGO/USDT:USDT,0.2569,479.0,0.257,262.0,0.257,7505398.0,
1753460419664,16:20:19.664,bybit,ALGO/USDT:USDT,0.2569,22543.7,0.257,18254.5,0.2568,117676868.9,30710492.7191
1753460419720,16:20:19.720,okx,ALGO/USDT:USDT,0.2569,411.0,0.257,9.0,0.257,7505398.0,
1753460419452,16:20:19.452,binance,ALGO/USDT:USDT,,,,,0.2569,304420693.7,79386923.8392
1753460419763,16:20:19.763,bybit,ALGO/USDT:USDT,0.2569,22543.7,0.257,18914.9,0.2568,117676868.9,30710492.7191
1753460419864,16:20:19.864,bybit,ALGO/USDT:USDT,0.2569,9185.3,0.257,26898.6,0.2568,117676868.9,30710492.7191
1753460419941,16:20:19.941,okx,ALGO/USDT:USDT,0.2569,411.0,0.257,186.0,0.257,7505398.0,
1753460419934,16:20:19.934,bitget,ALGO/USDT:USDT,0.2569,16339.6,0.2571,18564.9,0.2571,81963119.4,21405793.2296
1753460420063,16:20:20.063,bybit,ALGO/USDT:USDT,0.2569,20915.6,0.257,25634.4,0.2568,117676868.9,30710492.7191
1753460420086,16:20:20.086,okx,ALGO/USDT:USDT,0.2569,411.0,0.257,188.0,0.257,7505398.0,
1753460420192,16:20:20.192,okx,ALGO/USDT:USDT,0.2569,711.0,0.257,89.0,0.257,7505398.0,
1753460420264,16:20:20.264,bybit,ALGO/USDT:USDT,0.2569,21543.7,0.257,25634.4,0.2568,117676868.9,30710492.7191
1753460420246,16:20:20.246,bitget,ALGO/USDT:USDT,0.257,4348.3,0.2571,15203.5,0.2571,81963119.4,21405793.2296
1753460420312,16:20:20.312,okx,ALGO/USDT:USDT,0.2569,893.0,0.257,9.0,0.257,7505398.0,
1753460420464,16:20:20.464,bybit,ALGO/USDT:USDT,0.2569,22543.7,0.257,25634.4,0.2568,117676868.9,30710492.7191
1753460420564,16:20:20.564,bybit,ALGO/USDT:USDT,0.2569,22543.7,0.257,18278.8,0.2568,117676868.9,30710492.7191
1753460420569,16:20:20.569,bitget,ALGO/USDT:USDT,0.257,9598.0,0.2571,25203.5,0.2571,81963119.4,21405793.2296
1753460420663,16:20:20.663,bybit,ALGO/USDT:USDT,0.2569,22576.6,0.257,18278.8,0.2568,117676868.9,30710492.7191
1753460420815,16:20:20.815,okx,ALGO/USDT:USDT,0.2569,951.0,0.257,9.0,0.257,7505398.0,
1753460420974,16:20:20.974,bitget,ALGO/USDT:USDT,0.257,8610.4,0.2571,15203.5,0.2571,81963119.4,21405793.2296
1753460421063,16:20:21.063,bybit,ALGO/USDT:USDT,0.2569,21948.5,0.257,18278.8,0.2568,117676868.9,30710492.7191
1753460421071,16:20:21.071,okx,ALGO/USDT:USDT,0.2569,769.0,0.257,9.0,0.257,7505398.0,
1753460421164,16:20:21.164,bybit,ALGO/USDT:USDT,0.2569,20948.5,0.257,26976.5,0.2568,117676868.9,30710492.7191
1753460421213,16:20:21.213,okx,ALGO/USDT:USDT,0.2569,469.0,0.257,197.0,0.257,7505398.0,
1753460421264,16:20:21.264,bybit,ALGO/USDT:USDT,0.2569,20948.5,0.257,26952.2,0.2568,117676868.9,30710492.7191
1753460421364,16:20:21.364,bybit,ALGO/USDT:USDT,0.2569,20948.5,0.257,26898.9,0.2568,117676868.9,30710492.7191
1753460421385,16:20:21.385,bitget,ALGO/USDT:USDT,0.257,8610.4,0.2571,15203.5,0.2571,81963119.4,21405793.2296
1753460421464,16:20:21.464,bybit,ALGO/USDT:USDT,0.2569,20948.5,0.257,25634.7,0.2568,117676868.9,30710492.7191
1753460421469,16:20:21.469,okx,ALGO/USDT:USDT,0.2569,659.0,0.257,9.0,0.257,7505398.0,
1753460421563,16:20:21.563,bybit,ALGO/USDT:USDT,0.2569,22576.6,0.257,25634.7,0.2568,117676868.9,30710492.7191
1753460421582,16:20:21.582,okx,ALGO/USDT:USDT,0.2569,727.0,0.257,9.0,0.257,7505398.0,
1753460421707,16:20:21.707,okx,ALGO/USDT:USDT,0.2569,804.0,0.257,9.0,0.257,7505398.0,
1753460421705,16:20:21.705,bitget,ALGO/USDT:USDT,0.257,5169.2,0.2571,25203.5,0.2571,81963119.4,21405793.2296
1753460420650,16:20:20.650,binance,ALGO/USDT:USDT,,,,,0.2569,304425515.3,79388162.5121
1753460421811,16:20:21.811,okx,ALGO/USDT:USDT,0.2569,746.0,0.257,9.0,0.257,7505398.0,
1753460421864,16:20:21.864,bybit,ALGO/USDT:USDT,0.2569,21948.5,0.257,26270.8,0.2568,117676868.9,30710492.7191
1753460421912,16:20:21.912,okx,ALGO/USDT:USDT,0.2569,625.0,0.257,105.0,0.257,7505398.0,
1753460421964,16:20:21.964,bybit,ALGO/USDT:USDT,0.2569,21948.5,0.257,25631.5,0.2568,117676868.9,30710492.7191
1753460422013,16:20:22.013,okx,ALGO/USDT:USDT,0.2569,625.0,0.257,9.0,0.257,7505398.0,
1753460422067,16:20:22.067,bitget,ALGO/USDT:USDT,0.257,5169.2,0.2571,25203.5,0.2571,81963119.4,21405793.2296
1753460422119,16:20:22.119,okx,ALGO/USDT:USDT,0.2569,925.0,0.257,9.0,0.257,7505398.0,
1753460422164,16:20:22.164,bybit,ALGO/USDT:USDT,0.2569,21948.5,0.257,25631.5,0.2568,117676868.9,30710492.7191
1753460422363,16:20:22.363,bybit,ALGO/USDT:USDT,0.2569,22007.6,0.257,26263.6,0.2568,117676868.9,30710492.7191
1753460422373,16:20:22.373,okx,ALGO/USDT:USDT,0.2569,925.0,0.257,27.0,0.257,7505398.0,
1753460422408,16:20:22.408,bitget,ALGO/USDT:USDT,0.257,9431.3,0.2571,25203.5,0.2571,81963119.4,21405793.2296
1753460422463,16:20:22.463,bybit,ALGO/USDT:USDT,0.2569,13652.0,0.257,26891.7,0.2568,117676868.9,30710492.7191
1753460422563,16:20:22.563,bybit,ALGO/USDT:USDT,0.2569,5352.8,0.257,26969.6,0.2568,117676868.9,30710492.7191
1753460422614,16:20:22.614,okx,ALGO/USDT:USDT,0.2569,548.0,0.257,380.0,0.257,7505398.0,
1753460422717,16:20:22.717,okx,ALGO/USDT:USDT,0.2569,548.0,0.257,382.0,0.257,7505398.0,
1753460422763,16:20:22.763,bybit,ALGO/USDT:USDT,0.2569,25066.8,0.257,25627.5,0.2568,117676868.9,30710492.7191
1753460422734,16:20:22.734,bitget,ALGO/USDT:USDT,0.2569,12637.6,0.2571,15203.5,0.2571,81963119.4,21405793.2296
1753460422829,16:20:22.829,okx,ALGO/USDT:USDT,0.2569,616.0,0.257,27.0,0.257,7505398.0,
1753460422864,16:20:22.864,bybit,ALGO/USDT:USDT,0.2569,25066.8,0.257,26263.6,0.2568,117676868.9,30710492.7191
1753460422964,16:20:22.964,bybit,ALGO/USDT:USDT,0.2569,26066.8,0.257,25627.5,0.2568,117676868.9,30710492.7191
1753460422974,16:20:22.974,okx,ALGO/USDT:USDT,0.2569,548.0,0.257,27.0,0.257,7505398.0,
1753460423049,16:20:23.049,bitget,ALGO/USDT:USDT,0.257,15282.9,0.2571,15203.5,0.2571,81963119.4,21405793.2296
1753460423220,16:20:23.220,okx,ALGO/USDT:USDT,0.2569,1030.0,0.257,27.0,0.257,7505398.0,
1753460423364,16:20:23.364,bybit,ALGO/USDT:USDT,0.2569,26066.8,0.257,25566.6,0.257,117676929.8,30710508.3704
1753460423393,16:20:23.393,bitget,ALGO/USDT:USDT,0.257,15282.9,0.2571,15203.5,0.2571,81963119.4,21405793.2296
1753460423464,16:20:23.464,bybit,ALGO/USDT:USDT,0.2569,26066.8,0.257,18211.0,0.257,117676929.8,30710508.3704
1753460423669,16:20:23.669,binance,ALGO/USDT:USDT,,,,,0.257,304427732.3,79388732.2811
1753460423763,16:20:23.763,bybit,ALGO/USDT:USDT,0.2569,31194.3,0.257,44.3,0.257,117676929.8,30710508.3704
1753460423789,16:20:23.789,okx,ALGO/USDT:USDT,0.257,1175.0,0.2571,331.0,0.257,7505425.0,
1753460423864,16:20:23.864,bybit,ALGO/USDT:USDT,0.2569,31425.4,0.257,44.3,0.257,117676929.8,30710508.3704
1753460423892,16:20:23.892,okx,ALGO/USDT:USDT,0.257,997.0,0.2571,423.0,0.257,7505425.0,
1753460423913,16:20:23.913,bitget,ALGO/USDT:USDT,0.257,15282.9,0.2571,15203.5,0.2571,81963119.4,21405793.2296
1753460423963,16:20:23.963,bybit,ALGO/USDT:USDT,0.2569,13180.6,0.257,37184.5,0.257,117676929.8,30710508.3704
1753460424016,16:20:24.016,okx,ALGO/USDT:USDT,0.2569,311.0,0.2571,1360.0,0.257,7506088.0,
1753460424063,16:20:24.063,bybit,ALGO/USDT:USDT,0.2569,22235.7,0.257,38514.6,0.257,117676929.8,30710508.3704
1753460424118,16:20:24.118,okx,ALGO/USDT:USDT,0.2569,547.0,0.257,87.0,0.257,7506088.0,
1753460424163,16:20:24.163,bybit,ALGO/USDT:USDT,0.2569,10505.4,0.257,38514.6,0.257,117676929.8,30710508.3704
1753460424221,16:20:24.221,okx,ALGO/USDT:USDT,0.2569,472.0,0.257,305.0,0.257,7506088.0,
1753460424364,16:20:24.364,bybit,ALGO/USDT:USDT,0.2569,11584.7,0.257,38514.6,0.257,117676929.8,30710508.3704
1753460424563,16:20:24.563,bybit,ALGO/USDT:USDT,0.2569,23315.0,0.257,37820.6,0.257,117676929.8,30710508.3704
1753460424576,16:20:24.576,okx,ALGO/USDT:USDT,0.2569,472.0,0.257,180.0,0.257,7506088.0,
1753460424664,16:20:24.664,bybit,ALGO/USDT:USDT,0.2569,23931.1,0.257,25703.1,0.257,117676929.8,30710508.3704
1753460424703,16:20:24.703,okx,ALGO/USDT:USDT,0.257,89.0,0.2571,2458.0,0.257,7506088.0,
1753460424698,16:20:24.698,bitget,ALGO/USDT:USDT,0.257,6237.2,0.2571,24292.0,0.2571,81963119.4,21405793.2296
1753460424814,16:20:24.814,okx,ALGO/USDT:USDT,0.257,89.0,0.2571,2033.0,0.257,7506088.0,
1753460424864,16:20:24.864,bybit,ALGO/USDT:USDT,0.2569,23315.0,0.257,26339.2,0.257,117676929.8,30710508.3704
1753460424970,16:20:24.970,okx,ALGO/USDT:USDT,0.2569,1532.0,0.2571,2233.0,0.257,7506088.0,
1753460425013,16:20:25.013,bitget,ALGO/USDT:USDT,0.257,6237.2,0.2571,24292.0,0.2571,81963119.4,21405793.2296
1753460425163,16:20:25.163,bybit,ALGO/USDT:USDT,0.2569,10505.4,0.257,27033.2,0.257,117676929.8,30710508.3704
1753460425206,16:20:25.206,okx,ALGO/USDT:USDT,0.2569,1455.0,0.2571,2233.0,0.257,7506088.0,
1753460425313,16:20:25.313,okx,ALGO/USDT:USDT,0.2569,472.0,0.257,575.0,0.257,7506088.0,
1753460425337,16:20:25.337,bitget,ALGO/USDT:USDT,0.257,1154.2,0.2571,24292.0,0.2571,81963119.4,21405793.2296
1753460424650,16:20:24.650,binance,ALGO/USDT:USDT,,,,,0.257,304433532.3,79390222.3023
1753460425770,16:20:25.770,okx,ALGO/USDT:USDT,0.2569,410.0,0.257,576.0,0.257,7506088.0,
1753460425863,16:20:25.863,bybit,ALGO/USDT:USDT,0.2569,22851.8,0.257,25703.1,0.257,117676929.8,30710508.3704
1753460425845,16:20:25.845,bitget,ALGO/USDT:USDT,0.257,1952.8,0.2571,24292.0,0.2571,81963119.4,21405793.2296
1753460425979,16:20:25.979,okx,ALGO/USDT:USDT,0.257,351.0,0.2571,2278.0,0.257,7506088.0,
1753460426164,16:20:26.164,bybit,ALGO/USDT:USDT,0.2569,22235.7,0.257,25703.1,0.257,117676929.8,30710508.3704
1753460426212,16:20:26.212,okx,ALGO/USDT:USDT,0.2569,685.0,0.257,89.0,0.257,7506088.0,
1753460426418,16:20:26.418,okx,ALGO/USDT:USDT,0.2569,687.0,0.257,89.0,0.257,7506088.0,
1753460426601,16:20:26.601,bitget,ALGO/USDT:USDT,0.257,1952.8,0.2571,24292.0,0.2571,81963119.4,21405793.2296
1753460426663,16:20:26.663,bybit,ALGO/USDT:USDT,0.2569,22235.7,0.257,25708.7,0.257,117676929.8,30710508.3704
1753460426763,16:20:26.763,bybit,ALGO/USDT:USDT,0.2569,22235.7,0.257,26076.2,0.257,117676929.8,30710508.3704
1753460426863,16:20:26.863,bybit,ALGO/USDT:USDT,0.2569,22851.8,0.257,18720.6,0.257,117676929.8,30710508.3704
1753460426919,16:20:26.919,okx,ALGO/USDT:USDT,0.257,253.0,0.2571,2318.0,0.257,7506088.0,
1753460426964,16:20:26.964,bybit,ALGO/USDT:USDT,0.2569,36664.4,0.257,17720.6,0.257,117676929.8,30710508.3704
1753460427020,16:20:27.020,okx,ALGO/USDT:USDT,0.257,333.0,0.2571,1057.0,0.257,7506088.0,
1753460427020,16:20:27.020,bitget,ALGO/USDT:USDT,0.257,11550.8,0.2571,13471.1,0.2571,81963119.4,21405793.2296
1753460427164,16:20:27.164,bybit,ALGO/USDT:USDT,0.2569,22139.5,0.257,20050.7,0.257,117676929.8,30710508.3704
1753460427273,16:20:27.273,okx,ALGO/USDT:USDT,0.2569,687.0,0.257,89.0,0.257,7506088.0,
1753460427564,16:20:27.564,bybit,ALGO/USDT:USDT,0.2569,4382.2,0.257,27406.3,0.257,117676929.8,30710508.3704
1753460427623,16:20:27.623,okx,ALGO/USDT:USDT,0.2569,470.0,0.257,524.0,0.257,7506088.0,
1753460427663,16:20:27.663,bybit,ALGO/USDT:USDT,0.2569,223.9,0.257,30109.5,0.257,117676929.8,30710508.3704
1753460427656,16:20:27.656,bitget,ALGO/USDT:USDT,0.257,6301.1,0.2571,13471.1,0.2571,81963119.4,21405793.2296
1753460427591,16:20:27.591,binance,ALGO/USDT:USDT,,,,,0.2569,304447243.3,79393744.6582
1753460427763,16:20:27.763,bybit,ALGO/USDT:USDT,0.2569,223.9,0.257,35363.2,0.257,117676929.8,30710508.3704
1753460427757,16:20:27.757,okx,ALGO/USDT:USDT,0.2569,160.0,0.257,801.0,0.257,7506088.0,
1753460427863,16:20:27.863,bybit,ALGO/USDT:USDT,0.2569,223.9,0.257,28869.9,0.257,117676929.8,30710508.3704
1753460427964,16:20:27.964,bybit,ALGO/USDT:USDT,0.2569,223.9,0.257,40869.9,0.257,117676929.8,30710508.3704
1753460427976,16:20:27.976,bitget,ALGO/USDT:USDT,0.2569,15204.2,0.257,10900.7,0.2571,81963119.4,21405793.2296
1753460428012,16:20:28.012,okx,ALGO/USDT:USDT,0.2569,160.0,0.257,607.0,0.257,7506088.0,
1753460428063,16:20:28.063,bybit,ALGO/USDT:USDT,0.2569,293.7,0.257,46123.6,0.257,117676929.8,30710508.3704
1753460428112,16:20:28.112,okx,ALGO/USDT:USDT,0.2569,160.0,0.257,1032.0,0.257,7506088.0,
1753460428164,16:20:28.164,bybit,ALGO/USDT:USDT,0.2569,293.7,0.257,46318.2,0.257,117676929.8,30710508.3704
1753460428214,16:20:28.214,okx,ALGO/USDT:USDT,0.2568,4487.0,0.257,1109.0,0.2569,7506168.0,
1753460428263,16:20:28.263,bybit,ALGO/USDT:USDT,0.2568,5272.2,0.2569,57080.4,0.2568,117678390.8,30710883.5846
1753460428323,16:20:28.323,bitget,ALGO/USDT:USDT,0.2568,33148.6,0.257,12807.3,0.2571,81963119.4,21405793.2296
1753460428364,16:20:28.364,bybit,ALGO/USDT:USDT,0.2567,31513.8,0.2568,25041.4,0.2568,117678390.8,30710883.5846
1753460428464,16:20:28.464,bybit,ALGO/USDT:USDT,0.2567,38199.9,0.2568,25041.4,0.2568,117678390.8,30710883.5846
1753460428563,16:20:28.563,bybit,ALGO/USDT:USDT,0.2567,33422.6,0.2568,25041.4,0.2568,117678390.8,30710883.5846
1753460428662,16:20:28.662,bitget,ALGO/USDT:USDT,0.2568,33148.6,0.257,12807.3,0.2571,81963119.4,21405793.2296
1753460428763,16:20:28.763,bybit,ALGO/USDT:USDT,0.2567,31943.1,0.2568,26041.4,0.2568,117678390.8,30710883.5846
1753460428864,16:20:28.864,bybit,ALGO/USDT:USDT,0.2567,26652.5,0.2568,26677.5,0.2568,117678390.8,30710883.5846
1753460428892,16:20:28.892,okx,ALGO/USDT:USDT,0.2567,1120.0,0.2568,89.0,0.2568,7506177.0,
1753460428963,16:20:28.963,bybit,ALGO/USDT:USDT,0.2567,26652.5,0.2568,14560.0,0.2568,117678390.8,30710883.5846
1753460428981,16:20:28.981,bitget,ALGO/USDT:USDT,0.2568,13734.1,0.2569,20900.7,0.2571,81963119.4,21405793.2296
1753460429016,16:20:29.016,okx,ALGO/USDT:USDT,0.2568,264.0,0.2569,1714.0,0.2568,7506177.0,
1753460429170,16:20:29.170,okx,ALGO/USDT:USDT,0.2568,266.0,0.2569,1741.0,0.2568,7506177.0,
1753460429316,16:20:29.316,okx,ALGO/USDT:USDT,0.2568,266.0,0.2569,1620.0,0.2568,7506177.0,
1753460429325,16:20:29.325,bitget,ALGO/USDT:USDT,0.2568,9440.0,0.2569,25088.0,0.2571,81963119.4,21405793.2296
1753460429363,16:20:29.363,bybit,ALGO/USDT:USDT,0.2567,26652.5,0.2568,14560.0,0.2568,117678390.8,30710883.5846
1753460429425,16:20:29.425,okx,ALGO/USDT:USDT,0.2568,270.0,0.2569,1741.0,0.2568,7506177.0,
1753460429666,16:20:29.666,bitget,ALGO/USDT:USDT,0.2568,9440.0,0.2569,25088.0,0.2571,81963119.4,21405793.2296
1753460428739,16:20:28.739,binance,ALGO/USDT:USDT,,,,,0.2568,304449530.7,79394332.0625
1753460429863,16:20:29.863,bybit,ALGO/USDT:USDT,0.2567,26652.5,0.2568,11960.5,0.2568,117678390.8,30710883.5846
1753460429963,16:20:29.963,bybit,ALGO/USDT:USDT,0.2567,26652.5,0.2568,12960.5,0.2568,117678390.8,30710883.5846
1753460429928,16:20:29.928,okx,ALGO/USDT:USDT,0.2568,270.0,0.2569,565.0,0.2568,7506177.0,
1753460429983,16:20:29.983,bitget,ALGO/USDT:USDT,0.2568,9440.0,0.2569,25088.0,0.2571,81963119.4,21405793.2296
1753460430176,16:20:30.176,okx,ALGO/USDT:USDT,0.2568,53.0,0.2569,713.0,0.2568,7506177.0,
1753460430298,16:20:30.298,okx,ALGO/USDT:USDT,0.2568,404.0,0.2569,444.0,0.2568,7506177.0,
1753460430316,16:20:30.316,bitget,ALGO/USDT:USDT,0.2568,15291.6,0.2569,18449.4,0.2571,81963119.4,21405793.2296
1753460430409,16:20:30.409,okx,ALGO/USDT:USDT,0.2568,54.0,0.2569,715.0,0.2568,7506177.0,
1753460430464,16:20:30.464,bybit,ALGO/USDT:USDT,0.2567,29158.4,0.2568,12960.5,0.2568,117678390.8,30710883.5846
1753460430510,16:20:30.510,okx,ALGO/USDT:USDT,0.2568,305.0,0.2569,638.0,0.2568,7506177.0,
1753460430612,16:20:30.612,okx,ALGO/USDT:USDT,0.2568,385.0,0.2569,250.0,0.2568,7506177.0,
1753460430664,16:20:30.664,bybit,ALGO/USDT:USDT,0.2567,29208.4,0.2568,12960.5,0.2568,117678390.8,30710883.5846
1753460430725,16:20:30.725,bitget,ALGO/USDT:USDT,0.2568,15291.6,0.2569,8449.4,0.2571,81963119.4,21405793.2296
1753460430821,16:20:30.821,okx,ALGO/USDT:USDT,0.2568,385.0,0.2569,424.0,0.2568,7506177.0,
1753460430864,16:20:30.864,bybit,ALGO/USDT:USDT,0.2567,28611.3,0.2568,12960.5,0.2568,117678390.8,30710883.5846
1753460430963,16:20:30.963,bybit,ALGO/USDT:USDT,0.2567,28611.3,0.2568,1230.2,0.2568,117678390.8,30710883.5846
1753460430971,16:20:30.971,okx,ALGO/USDT:USDT,0.2568,305.0,0.2569,424.0,0.2568,7506177.0,
1753460431064,16:20:31.064,bybit,ALGO/USDT:USDT,0.2567,28611.3,0.2568,11960.5,0.2568,117678390.8,30710883.5846
1753460431080,16:20:31.080,okx,ALGO/USDT:USDT,0.2568,385.0,0.2569,424.0,0.2568,7506177.0,
1753460431080,16:20:31.080,bitget,ALGO/USDT:USDT,0.2568,15291.6,0.2569,8449.4,0.2571,81963119.4,21405793.2296
1753460431163,16:20:31.163,bybit,ALGO/USDT:USDT,0.2567,28611.3,0.2568,19183.8,0.2568,117678390.8,30710883.5846
1753460431201,16:20:31.201,okx,ALGO/USDT:USDT,0.2568,54.0,0.2569,887.0,0.2568,7506177.0,
1753460431309,16:20:31.309,okx,ALGO/USDT:USDT,0.2568,54.0,0.2569,768.0,0.2568,7506177.0,
1753460431364,16:20:31.364,bybit,ALGO/USDT:USDT,0.2567,28611.3,0.2568,19151.5,0.2568,117678390.8,30710883.5846
1753460431484,16:20:31.484,bitget,ALGO/USDT:USDT,0.2568,15291.6,0.2569,15088.0,0.2571,81963119.4,21405793.2296
1753460431564,16:20:31.564,bybit,ALGO/USDT:USDT,0.2567,26702.5,0.2568,20384.7,0.2568,117678390.8,30710883.5846
1753460431663,16:20:31.663,bybit,ALGO/USDT:USDT,0.2567,26702.5,0.2568,19151.5,0.2568,117678390.8,30710883.5846
1753460431668,16:20:31.668,okx,ALGO/USDT:USDT,0.2568,59.0,0.2569,1140.0,0.2568,7506177.0,
1753460431797,16:20:31.797,okx,ALGO/USDT:USDT,0.2568,59.0,0.2569,946.0,0.2568,7506177.0,
1753460431929,16:20:31.929,bitget,ALGO/USDT:USDT,0.2568,8610.4,0.2569,15088.0,0.2571,81963119.4,21405793.2296
1753460432012,16:20:32.012,okx,ALGO/USDT:USDT,0.2568,388.0,0.2569,675.0,0.2568,7506177.0,
1753460432064,16:20:32.064,bybit,ALGO/USDT:USDT,0.2567,29208.4,0.2568,11928.2,0.2568,117678390.8,30710883.5846
1753460432120,16:20:32.120,okx,ALGO/USDT:USDT,0.2568,59.0,0.2569,796.0,0.2568,7506177.0,
1753460432163,16:20:32.163,bybit,ALGO/USDT:USDT,0.2567,28611.3,0.2568,19150.4,0.2568,117678390.8,30710883.5846
1753460432226,16:20:32.226,okx,ALGO/USDT:USDT,0.2568,59.0,0.2569,1140.0,0.2568,7506177.0,
1753460432364,16:20:32.364,bybit,ALGO/USDT:USDT,0.2567,28614.6,0.2568,19150.4,0.2568,117678390.8,30710883.5846
1753460432347,16:20:32.347,okx,ALGO/USDT:USDT,0.2568,59.0,0.2569,1067.0,0.2568,7506177.0,
1753460432470,16:20:32.470,okx,ALGO/USDT:USDT,0.2568,59.0,0.2569,1063.0,0.2568,7506177.0,
1753460432503,16:20:32.503,binance,ALGO/USDT:USDT,,,,,0.2568,304449552.2,79394337.5837
1753460432564,16:20:32.564,bybit,ALGO/USDT:USDT,0.2567,26705.8,0.2568,19150.4,0.2568,117678390.8,30710883.5846
1753460432614,16:20:32.614,okx,ALGO/USDT:USDT,0.2568,59.0,0.2569,1217.0,0.2568,7506177.0,
1753460432610,16:20:32.610,bitget,ALGO/USDT:USDT,0.2568,14462.0,0.2569,15088.0,0.2571,81963119.4,21405793.2296
1753460432864,16:20:32.864,bybit,ALGO/USDT:USDT,0.2567,26705.8,0.2568,20383.6,0.2568,117678390.8,30710883.5846
1753460432921,16:20:32.921,bitget,ALGO/USDT:USDT,0.2568,14462.0,0.2569,15088.0,0.2571,81963119.4,21405793.2296
1753460433028,16:20:33.028,okx,ALGO/USDT:USDT,0.2568,59.0,0.2569,1517.0,0.2568,7506177.0,
1753460433063,16:20:33.063,bybit,ALGO/USDT:USDT,0.2567,15267.7,0.2568,20383.6,0.2568,117678390.8,30710883.5846
1753460433138,16:20:33.138,okx,ALGO/USDT:USDT,0.2567,853.0,0.2568,486.0,0.2568,7506236.0,
1753460433163,16:20:33.163,bybit,ALGO/USDT:USDT,0.2567,14267.7,0.2568,23042.3,0.2568,117678390.8,30710883.5846
1753460433263,16:20:33.263,bybit,ALGO/USDT:USDT,0.2567,678.5,0.2568,29442.1,0.2568,117678390.8,30710883.5846
1753460433242,16:20:33.242,okx,ALGO/USDT:USDT,0.2567,619.0,0.2568,590.0,0.2568,7506236.0,
1753460433231,16:20:33.231,bitget,ALGO/USDT:USDT,0.2567,21210.3,0.2569,25088.0,0.2571,81963119.4,21405793.2296
1753460433364,16:20:33.364,bybit,ALGO/USDT:USDT,0.2567,678.5,0.2568,30999.9,0.2568,117678390.8,30710883.5846
1753460433343,16:20:33.343,okx,ALGO/USDT:USDT,0.2567,5.0,0.2568,895.0,0.2568,7506236.0,
1753460433563,16:20:33.563,bybit,ALGO/USDT:USDT,0.2567,678.5,0.2568,31389.3,0.2568,117678390.8,30710883.5846
1753460433664,16:20:33.664,bybit,ALGO/USDT:USDT,0.2567,678.5,0.2568,31219.7,0.2568,117678390.8,30710883.5846
1753460433640,16:20:33.640,bitget,ALGO/USDT:USDT,0.2567,5054.2,0.2568,23605.9,0.2571,81963119.4,21405793.2296
1753460433694,16:20:33.694,okx,ALGO/USDT:USDT,0.2567,338.0,0.2568,705.0,0.2568,7506236.0,
1753460433763,16:20:33.763,bybit,ALGO/USDT:USDT,0.2567,678.5,0.2568,31388.4,0.2568,117678390.8,30710883.5846
1753460433807,16:20:33.807,okx,ALGO/USDT:USDT,0.2567,5.0,0.2568,895.0,0.2568,7506236.0,
1753460433863,16:20:33.863,bybit,ALGO/USDT:USDT,0.2567,678.5,0.2568,39388.4,0.2568,117678390.8,30710883.5846
1753460433918,16:20:33.918,okx,ALGO/USDT:USDT,0.2567,5.0,0.2568,1124.0,0.2568,7506236.0,
1753460434049,16:20:34.049,bitget,ALGO/USDT:USDT,0.2567,5054.2,0.2568,23605.9,0.2571,81963119.4,21405793.2296
1753460434375,16:20:34.375,bitget,ALGO/USDT:USDT,0.2567,10905.8,0.2568,23605.9,0.2571,81963119.4,21405793.2296
1753460434390,16:20:34.390,okx,ALGO/USDT:USDT,0.2567,5.0,0.2568,1086.0,0.2568,7506236.0,
1753460434464,16:20:34.464,bybit,ALGO/USDT:USDT,0.2567,678.5,0.2568,24890.4,0.2568,117678390.8,30710883.5846
1753460433597,16:20:33.597,binance,ALGO/USDT:USDT,,,,,0.2566,304480051.4,79402166.2489
1753460434564,16:20:34.564,bybit,ALGO/USDT:USDT,0.2567,12408.8,0.2568,23753.2,0.2568,117678390.8,30710883.5846
1753460434616,16:20:34.616,okx,ALGO/USDT:USDT,0.2567,526.0,0.2568,588.0,0.2568,7506236.0,
1753460434663,16:20:34.663,bybit,ALGO/USDT:USDT,0.2567,678.5,0.2568,24986.4,0.2568,117678390.8,30710883.5846
1753460434717,16:20:34.717,okx,ALGO/USDT:USDT,0.2567,338.0,0.2568,587.0,0.2568,7506236.0,
1753460434712,16:20:34.712,bitget,ALGO/USDT:USDT,0.2567,11893.4,0.2568,4262.1,0.2571,81963119.4,21405793.2296
1753460434864,16:20:34.864,bybit,ALGO/USDT:USDT,0.2567,678.5,0.2568,36986.4,0.2568,117678390.8,30710883.5846
1753460434963,16:20:34.963,bybit,ALGO/USDT:USDT,0.2566,34876.7,0.2567,41037.2,0.2566,117679559.0,30711183.39
1753460434948,16:20:34.948,okx,ALGO/USDT:USDT,0.2567,258.0,0.2568,336.0,0.2568,7506236.0,
1753460435064,16:20:35.064,bybit,ALGO/USDT:USDT,0.2566,24714.9,0.2567,42266.7,0.2566,117679559.0,30711183.39
1753460435052,16:20:35.052,okx,ALGO/USDT:USDT,0.2567,7.0,0.2568,854.0,0.2568,7506236.0,
1753460435062,16:20:35.062,bitget,ALGO/USDT:USDT,0.2567,11893.4,0.2568,4262.1,0.2571,81963119.4,21405793.2296
1753460435364,16:20:35.364,bybit,ALGO/USDT:USDT,0.2566,23505.2,0.2567,42266.7,0.2566,117679559.0,30711183.39
1753460435385,16:20:35.385,bitget,ALGO/USDT:USDT,0.2567,6649.0,0.2568,22887.5,0.2568,81963119.4,21405793.2296
1753460435563,16:20:35.563,bybit,ALGO/USDT:USDT,0.2566,23505.2,0.2567,42293.9,0.2566,117679559.0,30711183.39
1753460435631,16:20:35.631,okx,ALGO/USDT:USDT,0.2567,7.0,0.2568,922.0,0.2568,7506236.0,
1753460435663,16:20:35.663,bybit,ALGO/USDT:USDT,0.2566,23505.2,0.2567,22359.7,0.2566,117679559.0,30711183.39
1753460435710,16:20:35.710,bitget,ALGO/USDT:USDT,0.2567,10911.1,0.2568,22887.5,0.2568,81963119.4,21405793.2296
1753460435864,16:20:35.864,bybit,ALGO/USDT:USDT,0.2566,23505.2,0.2567,22995.8,0.2566,117679559.0,30711183.39
1753460435988,16:20:35.988,okx,ALGO/USDT:USDT,0.2567,7.0,0.2568,1222.0,0.2568,7506236.0,
1753460436177,16:20:36.177,bitget,ALGO/USDT:USDT,0.2567,10911.1,0.2568,22887.5,0.2568,81964556.2,21406162.19984
1753460436217,16:20:36.217,okx,ALGO/USDT:USDT,0.2567,7.0,0.2568,1226.0,0.2568,7506236.0,
1753460436327,16:20:36.327,okx,ALGO/USDT:USDT,0.2567,10.0,0.2568,1226.0,0.2568,7506236.0,
1753460436364,16:20:36.364,bybit,ALGO/USDT:USDT,0.2566,23505.2,0.2567,22359.7,0.2566,117679559.0,30711183.39
1753460436578,16:20:36.578,okx,ALGO/USDT:USDT,0.2567,10.0,0.2568,926.0,0.2568,7506236.0,
1753460436864,16:20:36.864,bybit,ALGO/USDT:USDT,0.2566,34505.2,0.2567,22359.7,0.2566,117679559.0,30711183.39
1753460436938,16:20:36.938,bitget,ALGO/USDT:USDT,0.2567,10911.1,0.2568,22887.5,0.2568,81964556.2,21406162.19984
1753460437063,16:20:37.063,bybit,ALGO/USDT:USDT,0.2566,24098.6,0.2567,27.2,0.2566,117679559.0,30711183.39
1753460437164,16:20:37.164,bybit,ALGO/USDT:USDT,0.2566,23505.2,0.2567,11757.5,0.2566,117679559.0,30711183.39
1753460437133,16:20:37.133,okx,ALGO/USDT:USDT,0.2567,256.0,0.2568,636.0,0.2568,7506236.0,
1753460437263,16:20:37.263,bybit,ALGO/USDT:USDT,0.2566,23505.2,0.2567,12757.5,0.2566,117679559.0,30711183.39
1753460437252,16:20:37.252,gateio,ALGO/USDT:USDT,,,,,0.25687,12190300.0,3131322.0
1753460437273,16:20:37.273,okx,ALGO/USDT:USDT,0.2567,10.0,0.2568,981.0,0.2568,7506236.0,
1753460437375,16:20:37.375,okx,ALGO/USDT:USDT,0.2567,10.0,0.2568,983.0,0.2568,7506236.0,
1753460437663,16:20:37.663,bybit,ALGO/USDT:USDT,0.2566,23.3,0.2567,21296.2,0.2566,117679559.0,30711183.39
1753460437693,16:20:37.693,bitget,ALGO/USDT:USDT,0.2567,10911.1,0.2568,12088.9,0.2568,81963119.4,21405793.2296
1753460437717,16:20:37.717,okx,ALGO/USDT:USDT,0.2566,3227.0,0.2568,986.0,0.2567,7506246.0,
1753460437763,16:20:37.763,bybit,ALGO/USDT:USDT,0.2566,5630.5,0.2567,22525.7,0.2566,117679559.0,30711183.39
1753460437821,16:20:37.821,okx,ALGO/USDT:USDT,0.2566,635.0,0.2567,316.0,0.2567,7506246.0,
1753460437863,16:20:37.863,bybit,ALGO/USDT:USDT,0.2566,24690.9,0.2567,21210.3,0.2566,117679559.0,30711183.39
1753460437964,16:20:37.964,bybit,ALGO/USDT:USDT,0.2566,24690.9,0.2567,20574.2,0.2566,117679559.0,30711183.39
1753460438064,16:20:38.064,bybit,ALGO/USDT:USDT,0.2566,11473.8,0.2567,21288.3,0.2566,117679559.0,30711183.39
1753460438067,16:20:38.067,bitget,ALGO/USDT:USDT,0.2567,4348.3,0.2568,22088.9,0.2568,81964556.2,21406162.19984
1753460438137,16:20:38.137,okx,ALGO/USDT:USDT,0.2566,852.0,0.2567,210.0,0.2567,7506246.0,
1753460438265,16:20:38.265,okx,ALGO/USDT:USDT,0.2566,852.0,0.2567,212.0,0.2567,7506246.0,
1753460438364,16:20:38.364,bybit,ALGO/USDT:USDT,0.2566,23.3,0.2567,22525.7,0.2566,117679559.0,30711183.39
1753460438397,16:20:38.397,binance,ALGO/USDT:USDT,,,,,0.2566,304480072.9,79402171.7658
1753460438463,16:20:38.463,bybit,ALGO/USDT:USDT,0.2566,23.3,0.2567,26117.0,0.2566,117679559.0,30711183.39
1753460438492,16:20:38.492,bitget,ALGO/USDT:USDT,0.2566,21899.3,0.2567,7436.0,0.2568,81964556.2,21406162.19984
1753460438522,16:20:38.522,okx,ALGO/USDT:USDT,0.2566,259.0,0.2567,493.0,0.2567,7506246.0,
1753460438663,16:20:38.663,bybit,ALGO/USDT:USDT,0.2566,23.3,0.2567,26117.0,0.2566,117679559.0,30711183.39
1753460438675,16:20:38.675,okx,ALGO/USDT:USDT,0.2566,3.0,0.2567,941.0,0.2567,7506246.0,
1753460438863,16:20:38.863,bybit,ALGO/USDT:USDT,0.2566,23.3,0.2567,38117.0,0.2566,117679559.0,30711183.39
1753460438862,16:20:38.862,bitget,ALGO/USDT:USDT,0.2566,4262.1,0.2567,23604.7,0.2568,81964556.2,21406162.19984
1753460438963,16:20:38.963,bybit,ALGO/USDT:USDT,0.2566,23.3,0.2567,38039.0,0.2566,117679559.0,30711183.39
1753460439019,16:20:39.019,okx,ALGO/USDT:USDT,0.2566,3.0,0.2567,1241.0,0.2567,7506246.0,
1753460439164,16:20:39.164,bybit,ALGO/USDT:USDT,0.2565,26088.1,0.2566,15474.8,0.2566,117691312.6,30714199.3637
1753460439263,16:20:39.263,bybit,ALGO/USDT:USDT,0.2565,22858.7,0.2566,15474.8,0.2566,117691312.6,30714199.3637
1753460439364,16:20:39.364,bybit,ALGO/USDT:USDT,0.2565,21923.5,0.2566,15474.8,0.2566,117691312.6,30714199.3637
1753460439359,16:20:39.359,okx,ALGO/USDT:USDT,0.2566,3.0,0.2567,860.0,0.2567,7506246.0,
1753460439464,16:20:39.464,bybit,ALGO/USDT:USDT,0.2565,20136.2,0.2566,15474.8,0.2566,117691312.6,30714199.3637
1753460439481,16:20:39.481,okx,ALGO/USDT:USDT,0.2566,3.0,0.2567,1054.0,0.2567,7506246.0,
1753460439564,16:20:39.564,bybit,ALGO/USDT:USDT,0.2565,20136.2,0.2566,24238.8,0.2566,117691312.6,30714199.3637
1753460439663,16:20:39.663,bybit,ALGO/USDT:USDT,0.2565,13007.9,0.2566,24316.8,0.2566,117691312.6,30714199.3637
1753460439689,16:20:39.689,okx,ALGO/USDT:USDT,0.2566,3.0,0.2567,1131.0,0.2567,7506246.0,
1753460439763,16:20:39.763,bybit,ALGO/USDT:USDT,0.2565,248.3,0.2566,37554.2,0.2566,117691312.6,30714199.3637
1753460439811,16:20:39.811,okx,ALGO/USDT:USDT,0.2565,83.0,0.2566,1129.0,0.2566,7506249.0,
1753460439863,16:20:39.863,bybit,ALGO/USDT:USDT,0.2565,248.3,0.2566,42510.9,0.2566,117691312.6,30714199.3637
1753460439889,16:20:39.889,bitget,ALGO/USDT:USDT,0.2565,26681.2,0.2566,21249.0,0.2568,81963119.4,21405793.2296
1753460439919,16:20:39.919,okx,ALGO/USDT:USDT,0.2565,1.0,0.2566,865.0,0.2566,7506249.0,
1753460439964,16:20:39.964,bybit,ALGO/USDT:USDT,0.2564,15727.5,0.2565,34009.8,0.2565,117691560.9,30714263.0527
1753460440024,16:20:40.024,okx,ALGO/USDT:USDT,0.2565,1.0,0.2566,945.0,0.2566,7506249.0,
1753460440063,16:20:40.063,bybit,ALGO/USDT:USDT,0.2564,7001.4,0.2565,33989.1,0.2565,117691560.9,30714263.0527
1753460440130,16:20:40.130,okx,ALGO/USDT:USDT,0.2565,1.0,0.2566,1022.0,0.2566,7506249.0,
1753460440163,16:20:40.163,bybit,ALGO/USDT:USDT,0.2564,6232.6,0.2565,33292.8,0.2565,117691560.9,30714263.0527
1753460440263,16:20:40.263,bybit,ALGO/USDT:USDT,0.2564,24642.1,0.2565,32575.9,0.2565,117691560.9,30714263.0527
1753460440297,16:20:40.297,bitget,ALGO/USDT:USDT,0.2564,28822.3,0.2565,7436.0,0.2568,81964556.2,21406162.19984
1753460440363,16:20:40.363,bybit,ALGO/USDT:USDT,0.2564,25338.3,0.2565,21094.5,0.2565,117691560.9,30714263.0527
1753460439782,16:20:39.782,binance,ALGO/USDT:USDT,,,,,0.2565,304480264.8,79402220.9936
1753460440463,16:20:40.463,bybit,ALGO/USDT:USDT,0.2564,25338.3,0.2565,21094.5,0.2565,117691560.9,30714263.0527
1753460440465,16:20:40.465,okx,ALGO/USDT:USDT,0.2565,329.0,0.2566,644.0,0.2566,7506249.0,
1753460440564,16:20:40.564,bybit,ALGO/USDT:USDT,0.2564,24642.1,0.2565,21094.5,0.2565,117691560.9,30714263.0527
1753460440715,16:20:40.715,okx,ALGO/USDT:USDT,0.2565,249.0,0.2566,644.0,0.2566,7506249.0,
1753460440936,16:20:40.936,okx,ALGO/USDT:USDT,0.2565,1.0,0.2566,902.0,0.2566,7506249.0,
1753460440963,16:20:40.963,bybit,ALGO/USDT:USDT,0.2564,24688.4,0.2565,21094.5,0.2565,117691560.9,30714263.0527
1753460441148,16:20:41.148,bitget,ALGO/USDT:USDT,0.2565,10562.0,0.2566,26101.5,0.2568,81964556.2,21406162.19984
1753460441313,16:20:41.313,okx,ALGO/USDT:USDT,0.2565,1.0,0.2566,789.0,0.2566,7506249.0,
1753460441414,16:20:41.414,okx,ALGO/USDT:USDT,0.2565,247.0,0.2566,644.0,0.2566,7506249.0,
1753460441463,16:20:41.463,bybit,ALGO/USDT:USDT,0.2564,24688.4,0.2565,21259.5,0.2565,117691560.9,30714263.0527
1753460441494,16:20:41.494,bitget,ALGO/USDT:USDT,0.2565,10562.0,0.2566,26101.5,0.2568,81964556.2,21406162.19984
1753460441526,16:20:41.526,okx,ALGO/USDT:USDT,0.2565,1.0,0.2566,902.0,0.2566,7506249.0,
1753460441809,16:20:41.809,bitget,ALGO/USDT:USDT,0.2565,10562.0,0.2566,15304.1,0.2568,81964556.2,21406162.19984
1753460442122,16:20:42.122,bitget,ALGO/USDT:USDT,0.2565,10562.0,0.2566,25304.1,0.2568,81964556.2,21406162.19984
1753460442353,16:20:42.353,okx,ALGO/USDT:USDT,0.2565,1.0,0.2566,904.0,0.2566,7506249.0,
1753460442476,16:20:42.476,bitget,ALGO/USDT:USDT,0.2565,5502.5,0.2566,25304.1,0.2568,81964556.2,21406162.19984
1753460442663,16:20:42.663,bybit,ALGO/USDT:USDT,0.2564,24688.4,0.2565,21265.6,0.2565,117691560.9,30714263.0527
1753460442763,16:20:42.763,bybit,ALGO/USDT:USDT,0.2564,24688.4,0.2565,33265.6,0.2565,117691560.9,30714263.0527
1753460442863,16:20:42.863,bybit,ALGO/USDT:USDT,0.2564,24688.4,0.2565,21265.6,0.2565,117691560.9,30714263.0527
1753460442925,16:20:42.925,okx,ALGO/USDT:USDT,0.2565,1.0,0.2566,1023.0,0.2566,7506249.0,
1753460443057,16:20:43.057,okx,ALGO/USDT:USDT,0.2565,1.0,0.2566,1204.0,0.2566,7506249.0,
1753460443113,16:20:43.113,bitget,ALGO/USDT:USDT,0.2565,5502.5,0.2566,25304.1,0.2568,81964556.2,21406162.19984
1753460443163,16:20:43.163,bybit,ALGO/USDT:USDT,0.2564,4527.4,0.2565,29988.2,0.2565,117691560.9,30714263.0527
1753460443286,16:20:43.286,okx,ALGO/USDT:USDT,0.2564,257.0,0.2565,565.0,0.2565,7506334.0,
1753460443292,16:20:43.292,binance,ALGO/USDT:USDT,,,,,0.2564,304480286.3,79402226.5062
1753460443364,16:20:43.364,bybit,ALGO/USDT:USDT,0.2563,28878.7,0.2564,41663.6,0.2564,117691998.1,30714375.1508
1753460443396,16:20:43.396,okx,ALGO/USDT:USDT,0.2563,4946.0,0.2565,565.0,0.2563,7506402.0,
1753460443464,16:20:43.464,bybit,ALGO/USDT:USDT,0.2563,28878.7,0.2564,41103.3,0.2564,117691998.1,30714375.1508
1753460443512,16:20:43.512,okx,ALGO/USDT:USDT,0.2563,564.0,0.2564,130.0,0.2563,7506402.0,
1753460443563,16:20:43.563,bybit,ALGO/USDT:USDT,0.2562,20060.4,0.2563,52500.8,0.2562,117828985.4,30749462.3466
1753460443663,16:20:43.663,bybit,ALGO/USDT:USDT,0.2562,21571.9,0.2563,31315.9,0.2562,117828985.4,30749462.3466
1753460443683,16:20:43.683,bitget,ALGO/USDT:USDT,0.2562,5071.6,0.2564,41016.9,0.2563,81964556.2,21406162.19984
1753460443730,16:20:43.730,okx,ALGO/USDT:USDT,0.2563,426.0,0.2564,1261.0,0.2563,7506443.0,
1753460443764,16:20:43.764,bybit,ALGO/USDT:USDT,0.2562,9144.2,0.2563,43480.1,0.2562,117828985.4,30749462.3466
1753460443863,16:20:43.863,bybit,ALGO/USDT:USDT,0.2562,11072.5,0.2563,42589.7,0.2562,117828985.4,30749462.3466
1753460443881,16:20:43.881,okx,ALGO/USDT:USDT,0.2562,414.0,0.2563,342.0,0.2563,7506869.0,
1753460443994,16:20:43.994,okx,ALGO/USDT:USDT,0.2562,329.0,0.2563,449.0,0.2563,7506869.0,
1753460444063,16:20:44.063,bybit,ALGO/USDT:USDT,0.2561,70547.1,0.2563,43699.3,0.2562,117828985.4,30749462.3466
1753460444087,16:20:44.087,bitget,ALGO/USDT:USDT,0.2562,22829.8,0.2563,4262.1,0.2563,81964556.2,21406162.19984
1753460444096,16:20:44.096,okx,ALGO/USDT:USDT,0.2562,249.0,0.2563,449.0,0.2563,7506869.0,
1753460444163,16:20:44.163,bybit,ALGO/USDT:USDT,0.2561,26886.0,0.2562,20060.4,0.2562,117828985.4,30749462.3466
1753460444295,16:20:44.295,gateio,ALGO/USDT:USDT,,,,,0.25623,12200280.0,3126076.0
1753460444314,16:20:44.314,okx,ALGO/USDT:USDT,0.2562,1.0,0.2563,887.0,0.2563,7506869.0,
1753460444363,16:20:44.363,bybit,ALGO/USDT:USDT,0.2561,31522.9,0.2562,20060.4,0.2562,117828985.4,30749462.3466
1753460444415,16:20:44.415,okx,ALGO/USDT:USDT,0.2562,1.0,0.2563,808.0,0.2563,7506869.0,
1753460444411,16:20:44.411,bitget,ALGO/USDT:USDT,0.2562,22829.8,0.2563,4262.1,0.2563,81964556.2,21406162.19984
1753460444769,16:20:44.769,bybit,ALGO/USDT:USDT,0.2561,31522.9,0.2562,26170.0,0.2562,117828985.4,30749462.3466
1753460444737,16:20:44.737,bitget,ALGO/USDT:USDT,0.2562,4348.3,0.2563,13604.7,0.2563,81966211.4,21406586.4276
1753460444844,16:20:44.844,okx,ALGO/USDT:USDT,0.2562,1.0,0.2563,1323.0,0.2563,7506869.0,
1753460444963,16:20:44.963,bybit,ALGO/USDT:USDT,0.2561,31737.8,0.2562,25060.4,0.2562,117828985.4,30749462.3466
1753460444952,16:20:44.952,okx,ALGO/USDT:USDT,0.2562,1.0,0.2563,1023.0,0.2563,7506869.0,
1753460445064,16:20:45.064,bybit,ALGO/USDT:USDT,0.2561,31737.8,0.2562,20060.4,0.2562,117828985.4,30749462.3466
1753460445209,16:20:45.209,okx,ALGO/USDT:USDT,0.2562,1.0,0.2563,834.0,0.2563,7506869.0,
1753460444299,16:20:44.299,binance,ALGO/USDT:USDT,,,,,0.2562,304542431.0,79418150.9392
1753460445364,16:20:45.364,bybit,ALGO/USDT:USDT,0.2561,31737.8,0.2562,20225.0,0.2562,117828985.4,30749462.3466
1753460445320,16:20:45.320,okx,ALGO/USDT:USDT,0.2562,1.0,0.2563,1023.0,0.2563,7506869.0,
1753460445386,16:20:45.386,bitget,ALGO/USDT:USDT,0.2561,20089.1,0.2563,13604.7,0.2563,81966211.4,21406586.4276
1753460445421,16:20:45.421,okx,ALGO/USDT:USDT,0.2562,1.0,0.2563,1024.0,0.2563,7506869.0,
1753460445563,16:20:45.563,bybit,ALGO/USDT:USDT,0.2561,31737.8,0.2562,12905.1,0.2562,117828985.4,30749462.3466
1753460445663,16:20:45.663,bybit,ALGO/USDT:USDT,0.2561,34737.7,0.2562,12905.1,0.2562,117828985.4,30749462.3466
1753460445718,16:20:45.718,okx,ALGO/USDT:USDT,0.2562,337.0,0.2563,796.0,0.2563,7506869.0,
1753460445701,16:20:45.701,bitget,ALGO/USDT:USDT,0.2562,10925.1,0.2563,13604.7,0.2563,81966211.4,21406586.4276
1753460445763,16:20:45.763,bybit,ALGO/USDT:USDT,0.2561,33628.1,0.2562,12905.1,0.2562,117828985.4,30749462.3466
1753460445863,16:20:45.863,bybit,ALGO/USDT:USDT,0.2561,31737.8,0.2562,12905.1,0.2562,117828985.4,30749462.3466
1753460445920,16:20:45.920,okx,ALGO/USDT:USDT,0.2562,1.0,0.2563,985.0,0.2563,7506869.0,
1753460445963,16:20:45.963,bybit,ALGO/USDT:USDT,0.2561,33628.1,0.2562,12905.1,0.2562,117828985.4,30749462.3466
1753460446021,16:20:46.021,okx,ALGO/USDT:USDT,0.2562,255.0,0.2563,796.0,0.2563,7506869.0,
1753460446163,16:20:46.163,bybit,ALGO/USDT:USDT,0.2561,31737.8,0.2562,22436.8,0.2562,117828985.4,30749462.3466
1753460446224,16:20:46.224,okx,ALGO/USDT:USDT,0.2562,1.0,0.2563,867.0,0.2563,7506869.0,
1753460446240,16:20:46.240,gateio,ALGO/USDT:USDT,,,,,0.25623,12200280.0,3126076.0
1753460446263,16:20:46.263,bybit,ALGO/USDT:USDT,0.2561,31737.8,0.2562,12887.5,0.2562,117828985.4,30749462.3466
1753460446333,16:20:46.333,okx,ALGO/USDT:USDT,0.2562,255.0,0.2563,796.0,0.2563,7506869.0,
1753460446363,16:20:46.363,bybit,ALGO/USDT:USDT,0.2561,33628.1,0.2562,12887.5,0.2562,117828985.4,30749462.3466
1753460446494,16:20:46.494,bitget,ALGO/USDT:USDT,0.2562,9421.8,0.2563,13604.7,0.2563,81964556.2,21406162.19984
1753460446564,16:20:46.564,bybit,ALGO/USDT:USDT,0.2561,38123.3,0.2562,1157.2,0.2562,117828985.4,30749462.3466
1753460446546,16:20:46.546,okx,ALGO/USDT:USDT,0.2562,337.0,0.2563,592.0,0.2563,7506869.0,
1753460446669,16:20:46.669,okx,ALGO/USDT:USDT,0.2562,551.0,0.2563,84.0,0.2563,7506869.0,
1753460446764,16:20:46.764,bybit,ALGO/USDT:USDT,0.2561,37013.7,0.2562,10157.2,0.2562,117828985.4,30749462.3466
1753460446800,16:20:46.800,okx,ALGO/USDT:USDT,0.2562,480.0,0.2563,262.0,0.2563,7506869.0,
1753460446864,16:20:46.864,bybit,ALGO/USDT:USDT,0.2561,46047.0,0.2562,157.2,0.2562,117828985.4,30749462.3466
1753460446964,16:20:46.964,bybit,ALGO/USDT:USDT,0.2561,35580.0,0.2562,157.2,0.2562,117828985.4,30749462.3466
1753460447029,16:20:47.029,okx,ALGO/USDT:USDT,0.2562,257.0,0.2563,83.0,0.2563,7506869.0,
1753460447063,16:20:47.063,bybit,ALGO/USDT:USDT,0.2561,38003.4,0.2562,157.2,0.2562,117828985.4,30749462.3466
1753460447083,16:20:47.083,bitget,ALGO/USDT:USDT,0.2562,19996.7,0.2563,4262.1,0.2563,81966211.4,21406586.4276
1753460447182,16:20:47.182,okx,ALGO/USDT:USDT,0.2562,390.0,0.2563,83.0,0.2563,7506869.0,
1753460447295,16:20:47.295,okx,ALGO/USDT:USDT,0.2562,390.0,0.2563,179.0,0.2563,7506869.0,
1753460446904,16:20:46.904,binance,ALGO/USDT:USDT,,,,,0.2562,304556840.8,79421843.2631
1753460447363,16:20:47.363,bybit,ALGO/USDT:USDT,0.2561,34985.0,0.2562,12887.5,0.2562,117828985.4,30749462.3466
1753460447463,16:20:47.463,bybit,ALGO/USDT:USDT,0.2561,31737.8,0.2562,21327.2,0.2562,117828985.4,30749462.3466
1753460447443,16:20:47.443,bitget,ALGO/USDT:USDT,0.2562,19996.7,0.2563,4262.1,0.2563,81966211.4,21406586.4276
1753460447522,16:20:47.522,okx,ALGO/USDT:USDT,0.2562,3.0,0.2563,859.0,0.2563,7506869.0,
1753460447563,16:20:47.563,bybit,ALGO/USDT:USDT,0.2561,5537.6,0.2562,23706.8,0.2562,117828985.4,30749462.3466
1753460447663,16:20:47.663,bybit,ALGO/USDT:USDT,0.2561,4488.6,0.2562,35908.4,0.2562,117828985.4,30749462.3466
1753460447636,16:20:47.636,okx,ALGO/USDT:USDT,0.2561,541.0,0.2562,710.0,0.2561,7506978.0,
1753460447763,16:20:47.763,bybit,ALGO/USDT:USDT,0.2561,5492.6,0.2562,35908.4,0.2562,117828985.4,30749462.3466
1753460447778,16:20:47.778,bitget,ALGO/USDT:USDT,0.2561,29775.6,0.2563,13618.7,0.2563,81966211.4,21406586.4276
1753460447892,16:20:47.892,okx,ALGO/USDT:USDT,0.2561,246.0,0.2562,580.0,0.2561,7506978.0,
1753460447963,16:20:47.963,bybit,ALGO/USDT:USDT,0.2561,17222.9,0.2562,34436.8,0.2562,117828985.4,30749462.3466
1753460448012,16:20:48.012,okx,ALGO/USDT:USDT,0.2561,246.0,0.2562,326.0,0.2561,7506978.0,
1753460448063,16:20:48.063,bybit,ALGO/USDT:USDT,0.2561,5492.6,0.2562,33327.2,0.2562,117828985.4,30749462.3466
1753460448094,16:20:48.094,bitget,ALGO/USDT:USDT,0.2562,15273.4,0.2563,13618.7,0.2563,81966211.4,21406586.4276
1753460448123,16:20:48.123,okx,ALGO/USDT:USDT,0.2561,246.0,0.2562,82.0,0.2561,7506978.0,
1753460448163,16:20:48.163,bybit,ALGO/USDT:USDT,0.2561,5492.6,0.2562,34436.8,0.2562,117828985.4,30749462.3466
1753460448223,16:20:48.223,okx,ALGO/USDT:USDT,0.2561,246.0,0.2562,175.0,0.2561,7506978.0,
1753460448264,16:20:48.264,bybit,ALGO/USDT:USDT,0.2561,5492.6,0.2562,34436.8,0.2562,117828985.4,30749462.3466
1753460448327,16:20:48.327,okx,ALGO/USDT:USDT,0.2561,251.0,0.2562,175.0,0.2561,7506978.0,
1753460448364,16:20:48.364,bybit,ALGO/USDT:USDT,0.2561,12879.0,0.2562,34436.8,0.2562,117828985.4,30749462.3466
1753460448448,16:20:48.448,bitget,ALGO/USDT:USDT,0.2561,15897.5,0.2562,10900.7,0.2563,81966211.4,21406586.4276
1753460448563,16:20:48.563,bybit,ALGO/USDT:USDT,0.2561,12879.0,0.2562,33327.2,0.2562,117828985.4,30749462.3466
1753460448557,16:20:48.557,okx,ALGO/USDT:USDT,0.2561,311.0,0.2562,82.0,0.2561,7506978.0,
1753460448663,16:20:48.663,bybit,ALGO/USDT:USDT,0.2561,12879.0,0.2562,34827.1,0.2562,117828985.4,30749462.3466
1753460448664,16:20:48.664,okx,ALGO/USDT:USDT,0.2561,411.0,0.2562,82.0,0.2561,7506978.0,
1753460448863,16:20:48.863,bybit,ALGO/USDT:USDT,0.2561,5463.3,0.2562,34827.1,0.2562,117828985.4,30749462.3466
1753460448827,16:20:48.827,bitget,ALGO/USDT:USDT,0.2561,15897.5,0.2562,10900.7,0.2563,81966211.4,21406586.4276
1753460448916,16:20:48.916,okx,ALGO/USDT:USDT,0.2561,351.0,0.2562,478.0,0.2561,7506978.0,
1753460448964,16:20:48.964,bybit,ALGO/USDT:USDT,0.2561,4459.3,0.2562,34827.1,0.2562,117828985.4,30749462.3466
1753460449017,16:20:49.017,okx,ALGO/USDT:USDT,0.2561,485.0,0.2562,482.0,0.2561,7506978.0,
1753460449064,16:20:49.064,bybit,ALGO/USDT:USDT,0.2561,22894.6,0.2562,32607.9,0.2562,117828985.4,30749462.3466
1753460449118,16:20:49.118,okx,ALGO/USDT:USDT,0.2561,633.0,0.2562,82.0,0.2561,7506978.0,
1753460449164,16:20:49.164,bybit,ALGO/USDT:USDT,0.2561,5340.9,0.2562,34827.1,0.2562,117828985.4,30749462.3466
1753460449150,16:20:49.150,bitget,ALGO/USDT:USDT,0.2561,15897.5,0.2562,10900.7,0.2563,81966211.4,21406586.4276
1753460447358,16:20:47.358,binance,ALGO/USDT:USDT,,,,,0.2562,304556921.3,79421863.8872
1753460449364,16:20:49.364,bybit,ALGO/USDT:USDT,0.2561,11164.3,0.2562,34827.1,0.2562,117828985.4,30749462.3466
1753460449463,16:20:49.463,bybit,ALGO/USDT:USDT,0.2561,11164.3,0.2562,35212.2,0.2562,117828985.4,30749462.3466
1753460449564,16:20:49.564,bybit,ALGO/USDT:USDT,0.2561,1116.1,0.2562,35212.2,0.2562,117828985.4,30749462.3466
1753460449524,16:20:49.524,bitget,ALGO/USDT:USDT,0.2561,15897.5,0.2562,10900.7,0.2563,81966211.4,21406586.4276
1753460449588,16:20:49.588,okx,ALGO/USDT:USDT,0.2561,96.0,0.2562,441.0,0.2561,7506978.0,
1753460449663,16:20:49.663,bybit,ALGO/USDT:USDT,0.2561,5153.1,0.2562,35212.2,0.2562,117828985.4,30749462.3466
1753460449764,16:20:49.764,bybit,ALGO/USDT:USDT,0.2561,10976.5,0.2562,35212.2,0.2562,117828985.4,30749462.3466
1753460449863,16:20:49.863,bybit,ALGO/USDT:USDT,0.256,45319.6,0.2562,37464.5,0.256,117830547.2,30749862.1909
1753460449874,16:20:49.874,bitget,ALGO/USDT:USDT,0.2561,15897.5,0.2562,12807.3,0.2563,81966211.4,21406586.4276
1753460449919,16:20:49.919,okx,ALGO/USDT:USDT,0.2561,8.0,0.2562,923.0,0.2561,7506978.0,
1753460449964,16:20:49.964,bybit,ALGO/USDT:USDT,0.256,26989.9,0.2561,32868.1,0.256,117830547.2,30749862.1909
1753460450020,16:20:50.020,okx,ALGO/USDT:USDT,0.2561,352.0,0.2562,925.0,0.2561,7506978.0,
1753460450063,16:20:50.063,bybit,ALGO/USDT:USDT,0.256,25603.1,0.2561,14000.3,0.256,117830547.2,30749862.1909
1753460450164,16:20:50.164,bybit,ALGO/USDT:USDT,0.256,27554.7,0.2561,14000.3,0.256,117830547.2,30749862.1909
1753460450175,16:20:50.175,okx,ALGO/USDT:USDT,0.2561,354.0,0.2562,925.0,0.2561,7506978.0,
1753460450224,16:20:50.224,bitget,ALGO/USDT:USDT,0.2561,250.5,0.2562,22807.3,0.2563,81966211.4,21406586.4276
1753460450364,16:20:50.364,bybit,ALGO/USDT:USDT,0.256,31381.0,0.2561,1000.0,0.256,117830547.2,30749862.1909
1753460450398,16:20:50.398,okx,ALGO/USDT:USDT,0.2561,434.0,0.2562,741.0,0.2561,7506978.0,
1753460450463,16:20:50.463,bybit,ALGO/USDT:USDT,0.256,32473.5,0.2561,1000.0,0.256,117830547.2,30749862.1909
1753460450513,16:20:50.513,okx,ALGO/USDT:USDT,0.2561,688.0,0.2562,83.0,0.2561,7506978.0,
1753460450564,16:20:50.564,bybit,ALGO/USDT:USDT,0.2561,24916.3,0.2562,32237.2,0.256,117830547.2,30749862.1909
1753460450557,16:20:50.557,bitget,ALGO/USDT:USDT,0.2561,10364.2,0.2562,22807.3,0.2563,81966211.4,21406586.4276
1753460450618,16:20:50.618,okx,ALGO/USDT:USDT,0.2561,688.0,0.2562,179.0,0.2561,7506978.0,
1753460450736,16:20:50.736,okx,ALGO/USDT:USDT,0.2561,753.0,0.2562,1.0,0.2561,7506978.0,
1753460450864,16:20:50.864,bybit,ALGO/USDT:USDT,0.2561,25734.9,0.2562,32237.2,0.256,117830547.2,30749862.1909
1753460450872,16:20:50.872,bitget,ALGO/USDT:USDT,0.2561,24069.8,0.2563,18732.2,0.2563,81966211.4,21406586.4276
1753460451063,16:20:51.063,bybit,ALGO/USDT:USDT,0.2561,22387.1,0.2562,32237.2,0.256,117830547.2,30749862.1909
1753460451084,16:20:51.084,okx,ALGO/USDT:USDT,0.2561,937.0,0.2562,1.0,0.2561,7506978.0,
1753460451163,16:20:51.163,bybit,ALGO/USDT:USDT,0.2561,14378.6,0.2562,33329.8,0.256,117830547.2,30749862.1909
1753460451194,16:20:51.194,okx,ALGO/USDT:USDT,0.2561,845.0,0.2562,93.0,0.2561,7506978.0,
1753460451264,16:20:51.264,bybit,ALGO/USDT:USDT,0.2561,14378.6,0.2562,34422.3,0.256,117830547.2,30749862.1909
1753460451280,16:20:51.280,bitget,ALGO/USDT:USDT,0.2561,29944.2,0.2563,14980.5,0.2563,81966211.4,21406586.4276
1753460451076,16:20:51.076,binance,ALGO/USDT:USDT,,,,,0.2561,304566011.8,79424191.9643
1753460451364,16:20:51.364,bybit,ALGO/USDT:USDT,0.2561,7786.3,0.2562,33329.8,0.256,117830547.2,30749862.1909
1753460451418,16:20:51.418,okx,ALGO/USDT:USDT,0.2561,845.0,0.2562,177.0,0.2561,7506978.0,
1753460451525,16:20:51.525,okx,ALGO/USDT:USDT,0.2561,845.0,0.2562,179.0,0.2561,7506978.0,
1753460451563,16:20:51.563,bybit,ALGO/USDT:USDT,0.2561,7786.3,0.2562,34438.5,0.256,117830547.2,30749862.1909
1753460451663,16:20:51.663,bybit,ALGO/USDT:USDT,0.2561,19516.6,0.2562,32253.4,0.256,117830547.2,30749862.1909
1753460451675,16:20:51.675,okx,ALGO/USDT:USDT,0.2561,960.0,0.2562,83.0,0.2561,7506978.0,
1753460451763,16:20:51.763,bybit,ALGO/USDT:USDT,0.2561,27995.6,0.2562,20457.7,0.256,117830547.2,30749862.1909
1753460451781,16:20:51.781,okx,ALGO/USDT:USDT,0.2561,1029.0,0.2562,83.0,0.2561,7506978.0,
1753460451864,16:20:51.864,bybit,ALGO/USDT:USDT,0.2561,27995.6,0.2562,13127.6,0.256,117830547.2,30749862.1909
1753460451964,16:20:51.964,bybit,ALGO/USDT:USDT,0.2561,26903.0,0.2562,20514.0,0.256,117830547.2,30749862.1909
1753460452063,16:20:52.063,bybit,ALGO/USDT:USDT,0.256,35657.9,0.2561,15563.0,0.256,117831718.1,30750162.0231
1753460452104,16:20:52.104,bitget,ALGO/USDT:USDT,0.2561,13082.2,0.2563,14980.5,0.2563,81966211.4,21406586.4276
1753460452121,16:20:52.121,okx,ALGO/USDT:USDT,0.2561,1019.0,0.2562,449.0,0.2561,7506978.0,
1753460452163,16:20:52.163,bybit,ALGO/USDT:USDT,0.256,29802.8,0.2561,22949.4,0.256,117831718.1,30750162.0231
1753460452248,16:20:52.248,okx,ALGO/USDT:USDT,0.2561,364.0,0.2562,875.0,0.2561,7506978.0,
1753460452363,16:20:52.363,bybit,ALGO/USDT:USDT,0.256,28802.8,0.2561,22949.4,0.256,117831718.1,30750162.0231
1753460452517,16:20:52.517,bitget,ALGO/USDT:USDT,0.2561,250.5,0.2562,23772.9,0.2563,81966211.4,21406586.4276
1753460452612,16:20:52.612,okx,ALGO/USDT:USDT,0.2561,364.0,0.2562,953.0,0.2561,7506978.0,
1753460452719,16:20:52.719,okx,ALGO/USDT:USDT,0.2561,364.0,0.2562,760.0,0.2561,7506978.0,
1753460452833,16:20:52.833,bitget,ALGO/USDT:USDT,0.2561,250.5,0.2562,23772.9,0.2563,81966211.4,21406586.4276
1753460453063,16:20:53.063,bybit,ALGO/USDT:USDT,0.256,4480.8,0.2561,25092.7,0.256,117831718.1,30750162.0231
1753460453102,16:20:53.102,okx,ALGO/USDT:USDT,0.256,466.0,0.2561,450.0,0.256,7507414.0,
1753460453164,16:20:53.164,bybit,ALGO/USDT:USDT,0.256,226.7,0.2561,28287.5,0.256,117831718.1,30750162.0231
1753460453141,16:20:53.141,bitget,ALGO/USDT:USDT,0.2561,250.5,0.2562,23772.9,0.2563,81966211.4,21406586.4276
1753460453263,16:20:53.263,bybit,ALGO/USDT:USDT,0.256,226.7,0.2561,27220.5,0.256,117831718.1,30750162.0231
1753460453255,16:20:53.255,gateio,ALGO/USDT:USDT,,,,,0.25608,12200360.0,3124268.0
1753460453083,16:20:53.083,binance,ALGO/USDT:USDT,,,,,0.256,304586088.7,79429333.6026
1753460453317,16:20:53.317,okx,ALGO/USDT:USDT,0.256,72.0,0.2561,1172.0,0.256,7507414.0,
1753460453364,16:20:53.364,bybit,ALGO/USDT:USDT,0.256,226.7,0.2561,28491.7,0.256,117831718.1,30750162.0231
1753460453513,16:20:53.513,bitget,ALGO/USDT:USDT,0.256,5196.5,0.2561,12807.3,0.2561,81966211.4,21406586.4276
1753460453564,16:20:53.564,bybit,ALGO/USDT:USDT,0.256,226.7,0.2561,27142.3,0.256,117831718.1,30750162.0231
1753460453664,16:20:53.664,bybit,ALGO/USDT:USDT,0.256,226.7,0.2561,38142.3,0.256,117831718.1,30750162.0231
1753460453648,16:20:53.648,okx,ALGO/USDT:USDT,0.256,338.0,0.2561,979.0,0.256,7507482.0,
1753460453764,16:20:53.764,okx,ALGO/USDT:USDT,0.256,258.0,0.2561,1171.0,0.256,7507482.0,
1753460453888,16:20:53.888,okx,ALGO/USDT:USDT,0.2559,2586.0,0.2561,2035.0,0.256,7507510.0,
1753460454064,16:20:54.064,bybit,ALGO/USDT:USDT,0.256,226.7,0.2561,38220.5,0.256,117831718.1,30750162.0231
1753460454051,16:20:54.051,bitget,ALGO/USDT:USDT,0.256,5196.5,0.2561,12807.3,0.2561,81966211.4,21406586.4276
1753460454163,16:20:54.163,bybit,ALGO/USDT:USDT,0.2559,34109.7,0.256,23487.3,0.256,117831944.8,30750220.0583
1753460454213,16:20:54.213,okx,ALGO/USDT:USDT,0.2559,2590.0,0.2561,2035.0,0.256,7507510.0,
1753460454263,16:20:54.263,bybit,ALGO/USDT:USDT,0.2559,4332.2,0.256,25736.1,0.256,117831944.8,30750220.0583
1753460454318,16:20:54.318,okx,ALGO/USDT:USDT,0.2559,571.0,0.256,256.0,0.256,7507510.0,
1753460454364,16:20:54.364,bybit,ALGO/USDT:USDT,0.2559,12699.0,0.256,23514.6,0.256,117831944.8,30750220.0583
1753460454376,16:20:54.376,bitget,ALGO/USDT:USDT,0.256,5196.5,0.2561,12807.3,0.2561,81966211.4,21406586.4276
1753460454464,16:20:54.464,bybit,ALGO/USDT:USDT,0.2559,13480.4,0.256,23514.6,0.256,117831944.8,30750220.0583
1753460454563,16:20:54.563,bybit,ALGO/USDT:USDT,0.2559,13480.4,0.256,23514.6,0.256,117831944.8,30750220.0583
1753460454664,16:20:54.664,bybit,ALGO/USDT:USDT,0.2559,25210.7,0.256,35244.9,0.256,117831944.8,30750220.0583
1753460454763,16:20:54.763,bybit,ALGO/USDT:USDT,0.2559,25210.7,0.256,15858.5,0.256,117831944.8,30750220.0583
1753460454813,16:20:54.813,okx,ALGO/USDT:USDT,0.256,304.0,0.2561,1220.0,0.256,7507774.0,
1753460454964,16:20:54.964,bybit,ALGO/USDT:USDT,0.2559,24429.3,0.256,24316.6,0.256,117831944.8,30750220.0583
1753460455014,16:20:55.014,okx,ALGO/USDT:USDT,0.256,41.0,0.2561,1412.0,0.256,7507774.0,
1753460455063,16:20:55.063,bybit,ALGO/USDT:USDT,0.2559,8801.4,0.256,24316.6,0.256,117831944.8,30750220.0583
1753460455066,16:20:55.066,bitget,ALGO/USDT:USDT,0.256,36.8,0.2561,12807.3,0.2561,81966712.4,21406714.7337
1753460455164,16:20:55.164,bybit,ALGO/USDT:USDT,0.2559,8801.4,0.256,23244.9,0.256,117831944.8,30750220.0583
1753460455220,16:20:55.220,okx,ALGO/USDT:USDT,0.256,41.0,0.2561,1340.0,0.256,7507774.0,
1753460455264,16:20:55.264,bybit,ALGO/USDT:USDT,0.2559,20532.9,0.256,23244.9,0.256,117831944.8,30750220.0583
1753460454418,16:20:54.418,binance,ALGO/USDT:USDT,,,,,0.2559,304586653.2,79429478.0582
1753460455321,16:20:55.321,okx,ALGO/USDT:USDT,0.2559,1759.0,0.2561,1908.0,0.256,7507774.0,
1753460455364,16:20:55.364,bybit,ALGO/USDT:USDT,0.2559,23676.2,0.256,16022.0,0.256,117831944.8,30750220.0583
1753460455389,16:20:55.389,bitget,ALGO/USDT:USDT,0.256,36.8,0.2561,12807.3,0.2561,81966712.4,21406714.7337
1753460455464,16:20:55.464,bybit,ALGO/USDT:USDT,0.2559,23676.2,0.256,3020.5,0.256,117831944.8,30750220.0583
1753460455425,16:20:55.425,okx,ALGO/USDT:USDT,0.2559,1951.0,0.2561,1836.0,0.256,7507774.0,
1753460455564,16:20:55.564,bybit,ALGO/USDT:USDT,0.2559,25922.5,0.256,12921.1,0.256,117831944.8,30750220.0583
1753460455664,16:20:55.664,bybit,ALGO/USDT:USDT,0.2559,27193.7,0.256,1190.8,0.256,117831944.8,30750220.0583
1753460455657,16:20:55.657,okx,ALGO/USDT:USDT,0.256,970.0,0.2561,497.0,0.256,7507774.0,
1753460455763,16:20:55.763,bybit,ALGO/USDT:USDT,0.2559,39028.4,0.256,190.8,0.256,117831944.8,30750220.0583
1753460455733,16:20:55.733,bitget,ALGO/USDT:USDT,0.256,15310.2,0.2561,12807.3,0.2561,81966712.4,21406714.7337
1753460455775,16:20:55.775,okx,ALGO/USDT:USDT,0.256,1154.0,0.2561,3.0,0.256,7507774.0,
1753460455895,16:20:55.895,okx,ALGO/USDT:USDT,0.256,1156.0,0.2561,3.0,0.256,7507774.0,
1753460455964,16:20:55.964,bybit,ALGO/USDT:USDT,0.2559,36585.1,0.256,190.8,0.256,117831944.8,30750220.0583
1753460455995,16:20:55.995,okx,ALGO/USDT:USDT,0.256,900.0,0.2561,196.0,0.256,7507774.0,
1753460456063,16:20:56.063,bybit,ALGO/USDT:USDT,0.2559,37366.5,0.256,190.8,0.256,117831944.8,30750220.0583
1753460456117,16:20:56.117,okx,ALGO/USDT:USDT,0.256,972.0,0.2561,85.0,0.256,7507774.0,
1753460456163,16:20:56.163,bybit,ALGO/USDT:USDT,0.2559,35803.7,0.256,190.8,0.256,117831944.8,30750220.0583
1753460456177,16:20:56.177,bitget,ALGO/USDT:USDT,0.256,17740.0,0.2561,6168.7,0.2561,81966211.4,21406586.4276
1753460456218,16:20:56.218,okx,ALGO/USDT:USDT,0.256,900.0,0.2561,176.0,0.256,7507774.0,
1753460456238,16:20:56.238,gateio,ALGO/USDT:USDT,,,,,0.25608,12200360.0,3124268.0
1753460456264,16:20:56.264,bybit,ALGO/USDT:USDT,0.256,37197.8,0.2561,12934.5,0.256,117832135.6,30750268.9031
1753460456364,16:20:56.364,bybit,ALGO/USDT:USDT,0.256,37197.8,0.2561,1204.2,0.256,117832135.6,30750268.9031
1753460456763,16:20:56.763,bybit,ALGO/USDT:USDT,0.256,37197.8,0.2561,204.2,0.256,117832135.6,30750268.9031
1753460456798,16:20:56.798,bitget,ALGO/USDT:USDT,0.2561,22832.6,0.2562,15470.5,0.2561,81966712.4,21406714.7337
1753460456864,16:20:56.864,bybit,ALGO/USDT:USDT,0.256,38662.1,0.2561,204.2,0.256,117832135.6,30750268.9031
1753460456964,16:20:56.964,bybit,ALGO/USDT:USDT,0.256,38662.1,0.2561,204.2,0.256,117832135.6,30750268.9031
1753460456963,16:20:56.963,okx,ALGO/USDT:USDT,0.256,1251.0,0.2561,3.0,0.256,7507774.0,
1753460457123,16:20:57.123,bitget,ALGO/USDT:USDT,0.2561,22832.6,0.2562,15470.5,0.2561,81966712.4,21406714.7337
1753460457211,16:20:57.211,okx,ALGO/USDT:USDT,0.256,1735.0,0.2561,3.0,0.256,7507774.0,
1753460457043,16:20:57.043,binance,ALGO/USDT:USDT,,,,,0.2562,304612739.0,79436159.8134
1753460457364,16:20:57.364,bybit,ALGO/USDT:USDT,0.256,40846.9,0.2561,204.2,0.256,117832135.6,30750268.9031
1753460457416,16:20:57.416,okx,ALGO/USDT:USDT,0.256,1775.0,0.2561,3.0,0.256,7507774.0,
1753460457463,16:20:57.463,bybit,ALGO/USDT:USDT,0.256,45728.6,0.2561,204.2,0.256,117832135.6,30750268.9031
1753460457517,16:20:57.517,okx,ALGO/USDT:USDT,0.2562,545.0,0.2563,853.0,0.2562,7508444.0,
1753460457499,16:20:57.499,bitget,ALGO/USDT:USDT,0.2562,15616.2,0.2563,14980.5,0.2561,81966712.4,21406714.7337
1753460457564,16:20:57.564,bybit,ALGO/USDT:USDT,0.2561,57108.8,0.2562,20126.9,0.2561,117832339.8,30750321.1988
1753460457664,16:20:57.664,bybit,ALGO/USDT:USDT,0.2561,58146.7,0.2562,20126.9,0.2561,117832339.8,30750321.1988
1753460457763,16:20:57.763,bybit,ALGO/USDT:USDT,0.2561,58148.6,0.2562,20126.9,0.2561,117832339.8,30750321.1988
1753460457874,16:20:57.874,bitget,ALGO/USDT:USDT,0.2562,15616.2,0.2563,14980.5,0.2561,81966211.4,21406586.4276
1753460457963,16:20:57.963,bybit,ALGO/USDT:USDT,0.2561,56056.4,0.2562,20126.9,0.2561,117832339.8,30750321.1988
1753460457973,16:20:57.973,okx,ALGO/USDT:USDT,0.2562,430.0,0.2563,1069.0,0.2562,7508444.0,
1753460458119,16:20:58.119,okx,ALGO/USDT:USDT,0.2562,430.0,0.2563,1147.0,0.2562,7508444.0,
1753460458228,16:20:58.228,okx,ALGO/USDT:USDT,0.2562,430.0,0.2563,913.0,0.2562,7508444.0,
1753460458240,16:20:58.240,gateio,ALGO/USDT:USDT,,,,,0.25637,12201080.0,3127990.0
1753460458263,16:20:58.263,bybit,ALGO/USDT:USDT,0.2561,58132.2,0.2562,8396.6,0.2561,117832339.8,30750321.1988
1753460458359,16:20:58.359,okx,ALGO/USDT:USDT,0.2562,353.0,0.2563,990.0,0.2562,7508444.0,
1753460458374,16:20:58.374,bitget,ALGO/USDT:USDT,0.2562,16603.8,0.2563,14980.5,0.2561,81966712.4,21406714.7337
1753460458464,16:20:58.464,bybit,ALGO/USDT:USDT,0.2561,36805.2,0.2562,21164.8,0.2561,117832339.8,30750321.1988
1753460458510,16:20:58.510,okx,ALGO/USDT:USDT,0.2561,3814.0,0.2563,1729.0,0.2562,7508797.0,
1753460458563,16:20:58.563,bybit,ALGO/USDT:USDT,0.2561,25891.3,0.2562,22202.7,0.2561,117832339.8,30750321.1988
1753460458612,16:20:58.612,okx,ALGO/USDT:USDT,0.2561,864.0,0.2562,674.0,0.2562,7508797.0,
1753460458713,16:20:58.713,okx,ALGO/USDT:USDT,0.2561,626.0,0.2562,777.0,0.2562,7508797.0,
1753460458864,16:20:58.864,bybit,ALGO/USDT:USDT,0.2561,6799.5,0.2562,25793.1,0.2561,117832339.8,30750321.1988
1753460458928,16:20:58.928,okx,ALGO/USDT:USDT,0.2561,267.0,0.2562,1003.0,0.2562,7508797.0,
1753460458963,16:20:58.963,bybit,ALGO/USDT:USDT,0.2561,629.0,0.2562,25793.1,0.2561,117832339.8,30750321.1988
1753460459264,16:20:59.264,bybit,ALGO/USDT:USDT,0.2561,629.0,0.2562,25715.0,0.2561,117832339.8,30750321.1988
1753460459417,16:20:59.417,okx,ALGO/USDT:USDT,0.2561,314.0,0.2562,796.0,0.2562,7508797.0,
1753460459463,16:20:59.463,bybit,ALGO/USDT:USDT,0.2561,629.0,0.2562,26568.5,0.2561,117832339.8,30750321.1988
1753460459454,16:20:59.454,bitget,ALGO/USDT:USDT,0.2561,5993.4,0.2562,21711.3,0.2561,81966712.4,21406714.7337
1753460459564,16:20:59.564,bybit,ALGO/USDT:USDT,0.2561,629.0,0.2562,38568.5,0.2561,117832339.8,30750321.1988
1753460459640,16:20:59.640,okx,ALGO/USDT:USDT,0.2561,314.0,0.2562,666.0,0.2562,7508797.0,
1753460459765,16:20:59.765,okx,ALGO/USDT:USDT,0.2561,314.0,0.2562,827.0,0.2562,7508797.0,
1753460459782,16:20:59.782,bitget,ALGO/USDT:USDT,0.2561,11845.0,0.2562,13617.9,0.2561,81966712.4,21406714.7337
1753460459863,16:20:59.863,bybit,ALGO/USDT:USDT,0.2561,629.0,0.2562,38490.4,0.2561,117832339.8,30750321.1988
1753460459964,16:20:59.964,bybit,ALGO/USDT:USDT,0.2561,629.0,0.2562,38568.5,0.2561,117832339.8,30750321.1988
1753460460015,16:21:00.015,okx,ALGO/USDT:USDT,0.2561,314.0,0.2562,827.0,0.2562,7508797.0,
1753460460063,16:21:00.063,bybit,ALGO/USDT:USDT,0.2561,12359.3,0.2562,20902.3,0.2561,117832339.8,30750321.1988
1753460460123,16:21:00.123,okx,ALGO/USDT:USDT,0.2561,314.0,0.2562,966.0,0.2562,7507078.0,
1753460460163,16:21:00.163,bybit,ALGO/USDT:USDT,0.2561,21492.2,0.2562,20902.3,0.2561,117832339.8,30750321.1988
1753460460167,16:21:00.167,bitget,ALGO/USDT:USDT,0.2561,11845.0,0.2562,13617.9,0.2561,81966712.4,21406714.7337
1753460460224,16:21:00.224,okx,ALGO/USDT:USDT,0.2561,1502.0,0.2563,1719.0,0.2562,7507078.0,
1753460460263,16:21:00.263,bybit,ALGO/USDT:USDT,0.2561,22530.1,0.2562,13130.8,0.2561,117832339.8,30750321.1988
1753460460257,16:21:00.257,gateio,ALGO/USDT:USDT,,,,,0.2563,12201860.0,3127336.0
1753460460364,16:21:00.364,bybit,ALGO/USDT:USDT,0.2561,27994.9,0.2562,10.2,0.2561,117832339.8,30750321.1988
1753460460563,16:21:00.563,bybit,ALGO/USDT:USDT,0.2561,31994.9,0.2562,10.2,0.2561,117832339.8,30750321.1988
1753460460569,16:21:00.569,binance,ALGO/USDT:USDT,,,,,0.2562,304510256.7,79408619.2293
1753460460664,16:21:00.664,bybit,ALGO/USDT:USDT,0.2561,43598.0,0.2562,10.2,0.2561,117832339.8,30750321.1988
1753460460634,16:21:00.634,bitget,ALGO/USDT:USDT,0.2562,5851.6,0.2563,14980.5,0.2561,81913778.8,21392494.61006
1753460460686,16:21:00.686,okx,ALGO/USDT:USDT,0.2562,1008.0,0.2563,416.0,0.2562,7507078.0,
1753460460763,16:21:00.763,bybit,ALGO/USDT:USDT,0.2561,51288.5,0.2562,10.2,0.2561,117832339.8,30750321.1988
1753460460797,16:21:00.797,okx,ALGO/USDT:USDT,0.2562,1008.0,0.2563,82.0,0.2562,7507078.0,
1753460460864,16:21:00.864,bybit,ALGO/USDT:USDT,0.2561,50117.3,0.2562,10.2,0.2561,117832339.8,30750321.1988
1753460460919,16:21:00.919,okx,ALGO/USDT:USDT,0.2563,628.0,0.2564,439.0,0.2563,7507160.0,
1753460460964,16:21:00.964,bybit,ALGO/USDT:USDT,0.2561,50507.6,0.2562,10.2,0.2561,117832339.8,30750321.1988
1753460461022,16:21:01.022,okx,ALGO/USDT:USDT,0.2563,492.0,0.2564,443.0,0.2563,7507160.0,
1753460461163,16:21:01.163,bybit,ALGO/USDT:USDT,0.2561,53356.2,0.2562,10.2,0.2561,117832339.8,30750321.1988
1753460461163,16:21:01.163,okx,ALGO/USDT:USDT,0.2563,329.0,0.2564,1224.0,0.2563,7507160.0,
1753460461264,16:21:01.264,bybit,ALGO/USDT:USDT,0.2561,51405.4,0.2562,10.2,0.2561,117832339.8,30750321.1988
1753460461324,16:21:01.324,bitget,ALGO/USDT:USDT,0.2563,16603.8,0.2564,15304.1,0.2561,81913778.8,21392494.61006
1753460461363,16:21:01.363,bybit,ALGO/USDT:USDT,0.2561,53746.5,0.2562,10.2,0.2561,117832339.8,30750321.1988
1753460461386,16:21:01.386,okx,ALGO/USDT:USDT,0.2563,251.0,0.2564,544.0,0.2563,7507238.0,
1753460461463,16:21:01.463,bybit,ALGO/USDT:USDT,0.2561,42768.0,0.2562,0.2,0.2562,117832349.8,30750323.7608
1753460461487,16:21:01.487,okx,ALGO/USDT:USDT,0.2562,1544.0,0.2564,2382.0,0.2563,7507238.0,
1753460461564,16:21:01.564,bybit,ALGO/USDT:USDT,0.2561,41309.6,0.2562,0.2,0.2562,117832349.8,30750323.7608
1753460461613,16:21:01.613,okx,ALGO/USDT:USDT,0.2562,837.0,0.2563,175.0,0.2563,7507238.0,
1753460461663,16:21:01.663,bybit,ALGO/USDT:USDT,0.2561,36429.9,0.2562,11481.4,0.2562,117832349.8,30750323.7608
1753460461763,16:21:01.763,bybit,ALGO/USDT:USDT,0.2561,25564.6,0.2562,12481.4,0.2562,117832349.8,30750323.7608
1753460461864,16:21:01.864,bybit,ALGO/USDT:USDT,0.2561,32353.1,0.2562,19576.4,0.2562,117832349.8,30750323.7608
1753460461919,16:21:01.919,okx,ALGO/USDT:USDT,0.2562,163.0,0.2563,596.0,0.2563,7507238.0,
1753460461964,16:21:01.964,bybit,ALGO/USDT:USDT,0.2561,25564.6,0.2562,19576.4,0.2562,117832349.8,30750323.7608
1753460462064,16:21:02.064,bybit,ALGO/USDT:USDT,0.2561,25564.6,0.2562,12481.4,0.2562,117832349.8,30750323.7608
1753460462048,16:21:02.048,okx,ALGO/USDT:USDT,0.2562,165.0,0.2563,596.0,0.2563,7507238.0,
1753460462164,16:21:02.164,bybit,ALGO/USDT:USDT,0.2561,25369.4,0.2562,12481.4,0.2562,117832349.8,30750323.7608
1753460462264,16:21:02.264,bybit,ALGO/USDT:USDT,0.2561,27409.5,0.2562,1000.0,0.2562,117832349.8,30750323.7608
1753460462291,16:21:02.291,okx,ALGO/USDT:USDT,0.2562,311.0,0.2563,596.0,0.2563,7507238.0,
1753460462363,16:21:02.363,bybit,ALGO/USDT:USDT,0.2562,17984.2,0.2563,20845.4,0.2562,117832349.8,30750323.7608
1753460462349,16:21:02.349,bitget,ALGO/USDT:USDT,0.2563,1154.2,0.2564,28164.0,0.2561,81913778.8,21392494.61006
1753460462398,16:21:02.398,okx,ALGO/USDT:USDT,0.2562,667.0,0.2563,82.0,0.2563,7507238.0,
1753460462463,16:21:02.463,bybit,ALGO/USDT:USDT,0.2562,17594.0,0.2563,20845.4,0.2562,117832349.8,30750323.7608
1753460462499,16:21:02.499,okx,ALGO/USDT:USDT,0.2562,1521.0,0.2563,80.0,0.2563,7507238.0,
1753460462563,16:21:02.563,bybit,ALGO/USDT:USDT,0.2561,25452.4,0.2562,19825.3,0.2562,117832349.8,30750323.7608
1753460460569,16:21:00.569,binance,ALGO/USDT:USDT,,,,,0.2562,304510631.5,79408715.2531
1753460462600,16:21:02.600,okx,ALGO/USDT:USDT,0.2562,373.0,0.2563,437.0,0.2563,7507238.0,
1753460462663,16:21:02.663,bybit,ALGO/USDT:USDT,0.2561,27035.5,0.2562,19825.3,0.2562,117832349.8,30750323.7608
1753460462715,16:21:02.715,okx,ALGO/USDT:USDT,0.2562,60.0,0.2563,955.0,0.2563,7507238.0,
1753460462724,16:21:02.724,bitget,ALGO/USDT:USDT,0.2562,15022.0,0.2563,11711.3,0.2561,81913778.8,21392494.61006
1753460462763,16:21:02.763,bybit,ALGO/USDT:USDT,0.2561,16533.1,0.2562,21865.4,0.2562,117832349.8,30750323.7608
1753460462864,16:21:02.864,bybit,ALGO/USDT:USDT,0.2561,16533.1,0.2562,22684.0,0.2562,117832349.8,30750323.7608
1753460463017,16:21:03.017,okx,ALGO/USDT:USDT,0.2562,60.0,0.2563,1601.0,0.2563,7507238.0,
1753460463078,16:21:03.078,bitget,ALGO/USDT:USDT,0.2561,26087.6,0.2563,23617.9,0.2561,81913778.8,21392494.61006
1753460463163,16:21:03.163,bybit,ALGO/USDT:USDT,0.2561,4802.8,0.2562,24140.6,0.2562,117832349.8,30750323.7608
1753460463263,16:21:03.263,bybit,ALGO/USDT:USDT,0.2561,658.3,0.2562,25416.2,0.2562,117832349.8,30750323.7608
1753460463275,16:21:03.275,okx,ALGO/USDT:USDT,0.2561,422.0,0.2562,738.0,0.2562,7507298.0,
1753460463363,16:21:03.363,bybit,ALGO/USDT:USDT,0.2561,629.0,0.2562,25416.2,0.2562,117832349.8,30750323.7608
1753460463376,16:21:03.376,okx,ALGO/USDT:USDT,0.2561,1.0,0.2562,1001.0,0.2562,7507298.0,
1753460463413,16:21:03.413,bitget,ALGO/USDT:USDT,0.2561,15099.8,0.2563,23617.9,0.2561,81913778.8,21392494.61006
1753460463564,16:21:03.564,bybit,ALGO/USDT:USDT,0.2561,629.0,0.2562,62424.7,0.2562,117832349.8,30750323.7608
1753460463663,16:21:03.663,bybit,ALGO/USDT:USDT,0.2561,12359.3,0.2562,61149.1,0.2562,117832349.8,30750323.7608
1753460463723,16:21:03.723,okx,ALGO/USDT:USDT,0.2561,256.0,0.2562,786.0,0.2562,7507298.0,
1753460463764,16:21:03.764,bybit,ALGO/USDT:USDT,0.2561,4853.8,0.2562,61149.1,0.2562,117832349.8,30750323.7608
1753460463751,16:21:03.751,bitget,ALGO/USDT:USDT,0.2561,12398.2,0.2562,13617.9,0.2561,81913778.8,21392494.61006
1753460463825,16:21:03.825,okx,ALGO/USDT:USDT,0.2561,258.0,0.2562,780.0,0.2562,7507298.0,
1753460463863,16:21:03.863,bybit,ALGO/USDT:USDT,0.2561,629.0,0.2562,61149.1,0.2562,117832349.8,30750323.7608
1753460463932,16:21:03.932,okx,ALGO/USDT:USDT,0.2561,410.0,0.2562,288.0,0.2562,7507298.0,
1753460463963,16:21:03.963,bybit,ALGO/USDT:USDT,0.2561,25300.5,0.2562,47109.0,0.2562,117832349.8,30750323.7608
1753460464063,16:21:04.063,bybit,ALGO/USDT:USDT,0.2561,25300.5,0.2562,45652.4,0.2562,117832349.8,30750323.7608
1753460464136,16:21:04.136,okx,ALGO/USDT:USDT,0.2561,625.0,0.2562,208.0,0.2562,7507298.0,
1753460464164,16:21:04.164,bybit,ALGO/USDT:USDT,0.2561,28559.4,0.2562,38557.4,0.2562,117794815.8,30740235.9604
1753460464263,16:21:04.263,bybit,ALGO/USDT:USDT,0.2561,31292.0,0.2562,38557.4,0.2562,117794815.8,30740235.9604
1753460464271,16:21:04.271,okx,ALGO/USDT:USDT,0.2562,417.0,0.2563,799.0,0.2562,7507506.0,
1753460464385,16:21:04.385,okx,ALGO/USDT:USDT,0.2562,419.0,0.2563,801.0,0.2562,7507506.0,
1753460464564,16:21:04.564,bybit,ALGO/USDT:USDT,0.2561,31292.0,0.2562,26827.1,0.2562,117794815.8,30740235.9604
1753460463864,16:21:03.864,binance,ALGO/USDT:USDT,,,,,0.2562,304511349.8,79408899.2794
1753460464664,16:21:04.664,bybit,ALGO/USDT:USDT,0.2561,29329.4,0.2562,26008.5,0.2562,117794815.8,30740235.9604
1753460464720,16:21:04.720,okx,ALGO/USDT:USDT,0.2562,628.0,0.2563,712.0,0.2562,7507506.0,
1753460464706,16:21:04.706,bitget,ALGO/USDT:USDT,0.2562,15616.2,0.2563,13101.3,0.2561,81913778.8,21392494.61006
1753460464763,16:21:04.763,bybit,ALGO/USDT:USDT,0.2561,21476.6,0.2562,26008.5,0.2562,117794815.8,30740235.9604
1753460464864,16:21:04.864,bybit,ALGO/USDT:USDT,0.2561,22496.7,0.2562,26008.5,0.2562,117794815.8,30740235.9604
1753460464963,16:21:04.963,bybit,ALGO/USDT:USDT,0.2561,20695.9,0.2562,38758.9,0.2562,117794815.8,30740235.9604
1753460465022,16:21:05.022,bitget,ALGO/USDT:USDT,0.2562,30091.8,0.2564,58080.4,0.2561,81913778.8,21392494.61006
1753460465064,16:21:05.064,bybit,ALGO/USDT:USDT,0.2561,20695.9,0.2562,39778.9,0.2562,117794815.8,30740235.9604
1753460465052,16:21:05.052,okx,ALGO/USDT:USDT,0.2561,1086.0,0.2563,1920.0,0.2562,7507506.0,
1753460465358,16:21:05.358,bitget,ALGO/USDT:USDT,0.2562,10113.7,0.2563,15979.6,0.2561,81913778.8,21392494.61006
1753460465411,16:21:05.411,okx,ALGO/USDT:USDT,0.2561,1168.0,0.2563,1706.0,0.2562,7507506.0,
1753460465464,16:21:05.464,bybit,ALGO/USDT:USDT,0.2561,33716.0,0.2562,25988.3,0.2562,117794836.0,30740241.1356
1753460465514,16:21:05.514,okx,ALGO/USDT:USDT,0.2561,1304.0,0.2563,1624.0,0.2562,7507506.0,
1753460465563,16:21:05.563,bybit,ALGO/USDT:USDT,0.2561,32695.9,0.2562,25988.3,0.2562,117794836.0,30740241.1356
1753460465664,16:21:05.664,bybit,ALGO/USDT:USDT,0.2561,33699.1,0.2562,25988.3,0.2562,117794836.0,30740241.1356
1753460465716,16:21:05.716,bitget,ALGO/USDT:USDT,0.2562,10113.7,0.2563,15979.6,0.2561,81913778.8,21392494.61006
1753460465764,16:21:05.764,bybit,ALGO/USDT:USDT,0.2561,34702.2,0.2562,25988.3,0.2562,117794836.0,30740241.1356
1753460465768,16:21:05.768,okx,ALGO/USDT:USDT,0.2561,1604.0,0.2563,1504.0,0.2562,7507506.0,
1753460465863,16:21:05.863,bybit,ALGO/USDT:USDT,0.2561,20695.9,0.2562,25988.3,0.2562,117794836.0,30740241.1356
1753460465872,16:21:05.872,okx,ALGO/USDT:USDT,0.2561,1604.0,0.2563,1426.0,0.2562,7507506.0,
1753460465973,16:21:05.973,okx,ALGO/USDT:USDT,0.2561,1604.0,0.2563,1660.0,0.2562,7507506.0,
1753460466063,16:21:06.063,bybit,ALGO/USDT:USDT,0.2561,9619.4,0.2562,27994.6,0.2562,117794836.0,30740241.1356
1753460466032,16:21:06.032,bitget,ALGO/USDT:USDT,0.2561,35295.5,0.2563,15979.6,0.2561,81913778.8,21392494.61006
1753460466101,16:21:06.101,okx,ALGO/USDT:USDT,0.2561,1086.0,0.2563,1800.0,0.2562,7507506.0,
1753460466163,16:21:06.163,bybit,ALGO/USDT:USDT,0.2561,4755.4,0.2562,27994.6,0.2562,117794836.0,30740241.1356
1753460466207,16:21:06.207,okx,ALGO/USDT:USDT,0.2561,625.0,0.2562,176.0,0.2562,7507506.0,
1753460466243,16:21:06.243,gateio,ALGO/USDT:USDT,,,,,0.2563,12201860.0,3127336.0
1753460466263,16:21:06.263,bybit,ALGO/USDT:USDT,0.2561,4757.2,0.2562,27994.6,0.2562,117794836.0,30740241.1356
1753460466361,16:21:06.361,bitget,ALGO/USDT:USDT,0.2561,18453.2,0.2563,15979.6,0.2561,81913778.8,21392494.61006
1753460466415,16:21:06.415,okx,ALGO/USDT:USDT,0.2561,717.0,0.2562,82.0,0.2562,7507506.0,
1753460466463,16:21:06.463,bybit,ALGO/USDT:USDT,0.2561,23582.5,0.2562,37718.6,0.2562,117794836.0,30740241.1356
1753460466520,16:21:06.520,okx,ALGO/USDT:USDT,0.2561,1824.0,0.2563,2226.0,0.2562,7507506.0,
1753460466563,16:21:06.563,bybit,ALGO/USDT:USDT,0.2561,24961.7,0.2562,37718.6,0.2562,117794836.0,30740241.1356
1753460464605,16:21:04.605,binance,ALGO/USDT:USDT,,,,,0.2562,304529432.3,79413530.6336
1753460466622,16:21:06.622,okx,ALGO/USDT:USDT,0.2561,1904.0,0.2563,2066.0,0.2562,7507506.0,
1753460466663,16:21:06.663,bybit,ALGO/USDT:USDT,0.2561,26580.4,0.2562,25988.3,0.2562,117794836.0,30740241.1356
1753460466737,16:21:06.737,bitget,ALGO/USDT:USDT,0.2562,25449.6,0.2563,15979.6,0.2561,81913778.8,21392494.61006
1753460466771,16:21:06.771,okx,ALGO/USDT:USDT,0.2561,1905.0,0.2563,1229.0,0.2562,7507506.0,
1753460466888,16:21:06.888,okx,ALGO/USDT:USDT,0.2561,1905.0,0.2563,1473.0,0.2562,7507506.0,
1753460467064,16:21:07.064,bybit,ALGO/USDT:USDT,0.2561,24574.1,0.2562,25988.3,0.2562,117794836.0,30740241.1356
1753460467100,16:21:07.100,bitget,ALGO/USDT:USDT,0.2562,14462.0,0.2563,15979.6,0.2561,81913778.8,21392494.61006
1753460467163,16:21:07.163,bybit,ALGO/USDT:USDT,0.2561,16479.1,0.2562,39724.9,0.2562,117794836.0,30740241.1356
1753460467218,16:21:07.218,okx,ALGO/USDT:USDT,0.2561,952.0,0.2562,167.0,0.2562,7507506.0,
1753460467322,16:21:07.322,okx,ALGO/USDT:USDT,0.2561,952.0,0.2562,169.0,0.2562,7507506.0,
1753460467364,16:21:07.364,bybit,ALGO/USDT:USDT,0.2561,6275.5,0.2562,39724.9,0.2562,117794836.0,30740241.1356
1753460467422,16:21:07.422,okx,ALGO/USDT:USDT,0.2561,952.0,0.2562,173.0,0.2562,7507506.0,
1753460467413,16:21:07.413,bitget,ALGO/USDT:USDT,0.2562,14462.0,0.2563,15979.6,0.2561,81913778.8,21392494.61006
1753460467763,16:21:07.763,bybit,ALGO/USDT:USDT,0.2561,6275.9,0.2562,38721.8,0.2562,117794836.0,30740241.1356
1753460467733,16:21:07.733,bitget,ALGO/USDT:USDT,0.2561,19440.8,0.2563,25979.6,0.2561,81913778.8,21392494.61006
1753460467864,16:21:07.864,bybit,ALGO/USDT:USDT,0.2561,16479.5,0.2562,38721.8,0.2562,117794836.0,30740241.1356
1753460468063,16:21:08.063,bybit,ALGO/USDT:USDT,0.2561,6499.4,0.2562,39724.9,0.2562,117794836.0,30740241.1356
1753460468091,16:21:08.091,bitget,ALGO/USDT:USDT,0.2561,19440.8,0.2563,15979.6,0.2561,81913778.8,21392494.61006
1753460468163,16:21:08.163,bybit,ALGO/USDT:USDT,0.2561,6499.4,0.2562,38721.8,0.2562,117794836.0,30740241.1356
1753460468269,16:21:08.269,okx,ALGO/USDT:USDT,0.2561,952.0,0.2562,176.0,0.2562,7507506.0,
1753460468417,16:21:08.417,bitget,ALGO/USDT:USDT,0.2561,19440.8,0.2563,15979.6,0.2561,81913778.8,21392494.61006
1753460468464,16:21:08.464,bybit,ALGO/USDT:USDT,0.2561,16479.5,0.2562,37718.6,0.2562,117794836.0,30740241.1356
1753460468486,16:21:08.486,okx,ALGO/USDT:USDT,0.2561,952.0,0.2562,82.0,0.2562,7507506.0,
1753460468564,16:21:08.564,bybit,ALGO/USDT:USDT,0.2561,17482.7,0.2562,37718.6,0.2562,117794836.0,30740241.1356
1753460468589,16:21:08.589,okx,ALGO/USDT:USDT,0.2561,1780.0,0.2563,2175.0,0.2562,7507506.0,
1753460468702,16:21:08.702,okx,ALGO/USDT:USDT,0.2561,1916.0,0.2563,2276.0,0.2562,7507506.0,
1753460468763,16:21:08.763,bybit,ALGO/USDT:USDT,0.2561,26708.2,0.2562,37718.6,0.2562,117794836.0,30740241.1356
1753460468737,16:21:08.737,bitget,ALGO/USDT:USDT,0.2561,19440.8,0.2563,15979.6,0.2561,81913778.8,21392494.61006
1753460468818,16:21:08.818,okx,ALGO/USDT:USDT,0.2561,1916.0,0.2563,2194.0,0.2562,7507506.0,
1753460468863,16:21:08.863,bybit,ALGO/USDT:USDT,0.2561,16479.5,0.2562,38721.8,0.2562,117794836.0,30740241.1356
1753460468918,16:21:08.918,okx,ALGO/USDT:USDT,0.2561,1780.0,0.2563,2194.0,0.2562,7507506.0,
1753460468963,16:21:08.963,bybit,ALGO/USDT:USDT,0.2561,4749.2,0.2562,39724.9,0.2562,117794836.0,30740241.1356
1753460469019,16:21:09.019,okx,ALGO/USDT:USDT,0.2561,952.0,0.2562,82.0,0.2562,7507506.0,
1753460469063,16:21:09.063,bybit,ALGO/USDT:USDT,0.2561,16479.5,0.2562,39724.9,0.2562,117794836.0,30740241.1356
1753460469164,16:21:09.164,bybit,ALGO/USDT:USDT,0.2561,25708.2,0.2562,37718.6,0.2562,117794836.0,30740241.1356
1753460469142,16:21:09.142,bitget,ALGO/USDT:USDT,0.2561,36283.8,0.2563,15979.6,0.2561,81966712.4,21406714.7337
1753460469264,16:21:09.264,bybit,ALGO/USDT:USDT,0.2561,25708.3,0.2562,37718.6,0.2562,117794836.0,30740241.1356
1753460469283,16:21:09.283,gateio,ALGO/USDT:USDT,,,,,0.2563,12200360.0,3126952.0
1753460469281,16:21:09.281,okx,ALGO/USDT:USDT,0.2561,1968.0,0.2563,2194.0,0.2562,7507506.0,
1753460469363,16:21:09.363,bybit,ALGO/USDT:USDT,0.2561,26708.3,0.2562,37718.6,0.2562,117794836.0,30740241.1356
1753460469512,16:21:09.512,okx,ALGO/USDT:USDT,0.2562,143.0,0.2563,1002.0,0.2562,7507506.0,
1753460469564,16:21:09.564,bybit,ALGO/USDT:USDT,0.2561,24702.0,0.2562,37718.6,0.2562,117794836.0,30740241.1356
1753460469663,16:21:09.663,bybit,ALGO/USDT:USDT,0.2561,25705.1,0.2562,37718.6,0.2562,117794836.0,30740241.1356
1753460469787,16:21:09.787,bitget,ALGO/USDT:USDT,0.2562,14462.0,0.2563,15979.6,0.2561,81913778.8,21392494.61006
1753460469863,16:21:09.863,bybit,ALGO/USDT:USDT,0.2561,26708.3,0.2562,37718.6,0.2562,117794836.0,30740241.1356
1753460470119,16:21:10.119,bitget,ALGO/USDT:USDT,0.2562,14462.0,0.2563,15979.6,0.2561,81913778.8,21392494.61006
1753460470164,16:21:10.164,bybit,ALGO/USDT:USDT,0.2561,27489.0,0.2562,25988.3,0.2562,117794836.0,30740241.1356
1753460470210,16:21:10.210,okx,ALGO/USDT:USDT,0.2562,143.0,0.2563,827.0,0.2562,7507506.0,
1753460470263,16:21:10.263,bybit,ALGO/USDT:USDT,0.2561,26485.8,0.2562,37718.6,0.2562,117794836.0,30740241.1356
1753460470311,16:21:10.311,okx,ALGO/USDT:USDT,0.2562,143.0,0.2563,1376.0,0.2562,7507506.0,
1753460470363,16:21:10.363,bybit,ALGO/USDT:USDT,0.2561,24702.0,0.2562,38721.8,0.2562,117794836.0,30740241.1356
1753460470463,16:21:10.463,bybit,ALGO/USDT:USDT,0.2561,23702.0,0.2562,38721.8,0.2562,117794836.0,30740241.1356
1753460470489,16:21:10.489,bitget,ALGO/USDT:USDT,0.2562,14462.0,0.2563,15979.6,0.2561,81913778.8,21392494.61006
1753460470563,16:21:10.563,bybit,ALGO/USDT:USDT,0.2561,23702.0,0.2562,37718.6,0.2562,117794836.0,30740241.1356
1753460470633,16:21:10.633,okx,ALGO/USDT:USDT,0.2562,143.0,0.2563,1002.0,0.2562,7507506.0,
1753460470664,16:21:10.664,bybit,ALGO/USDT:USDT,0.2561,23702.0,0.2562,38721.8,0.2562,117794836.0,30740241.1356
1753460470778,16:21:10.778,okx,ALGO/USDT:USDT,0.2562,143.0,0.2563,1376.0,0.2562,7507506.0,
1753460471064,16:21:11.064,bybit,ALGO/USDT:USDT,0.2561,6668.8,0.2562,39803.0,0.2562,117794836.0,30740241.1356
1753460471134,16:21:11.134,okx,ALGO/USDT:USDT,0.2561,1036.0,0.2562,704.0,0.2562,7507649.0,
1753460471163,16:21:11.163,bybit,ALGO/USDT:USDT,0.2561,4749.3,0.2562,39803.0,0.2562,117794836.0,30740241.1356
1753460471134,16:21:11.134,bitget,ALGO/USDT:USDT,0.2562,14462.0,0.2563,25979.6,0.2561,81913778.8,21392494.61006
1753460471236,16:21:11.236,okx,ALGO/USDT:USDT,0.2561,1036.0,0.2562,922.0,0.2562,7507649.0,
1753460471375,16:21:11.375,okx,ALGO/USDT:USDT,0.2561,1036.0,0.2562,786.0,0.2562,7507649.0,
1753460471471,16:21:11.471,bitget,ALGO/USDT:USDT,0.2561,14304.8,0.2563,25979.6,0.2561,81913778.8,21392494.61006
1753460471664,16:21:11.664,bybit,ALGO/USDT:USDT,0.2561,16484.0,0.2562,37718.6,0.2562,117794836.0,30740241.1356
1753460471770,16:21:11.770,okx,ALGO/USDT:USDT,0.2561,1557.0,0.2563,2123.0,0.2562,7507649.0,
1753460471864,16:21:11.864,bybit,ALGO/USDT:USDT,0.2561,25712.7,0.2562,37718.6,0.2562,117794836.0,30740241.1356
1753460471865,16:21:11.865,bitget,ALGO/USDT:USDT,0.2561,24304.8,0.2563,19731.3,0.2561,81913778.8,21392494.61006
1753460471875,16:21:11.875,okx,ALGO/USDT:USDT,0.2561,1775.0,0.2563,1495.0,0.2562,7507649.0,
1753460472063,16:21:12.063,bybit,ALGO/USDT:USDT,0.2561,23706.4,0.2562,37718.6,0.2562,117794836.0,30740241.1356
1753460472164,16:21:12.164,bybit,ALGO/USDT:USDT,0.2561,868.9,0.2562,39724.9,0.2562,117794836.0,30740241.1356
1753460472217,16:21:12.217,okx,ALGO/USDT:USDT,0.2561,1036.0,0.2562,332.0,0.2562,7507649.0,
1753460472210,16:21:12.210,bitget,ALGO/USDT:USDT,0.2562,15616.2,0.2563,16369.9,0.2561,81913778.8,21392494.61006
1753460472263,16:21:12.263,bybit,ALGO/USDT:USDT,0.2561,5897.4,0.2562,39803.0,0.2562,117794836.0,30740241.1356
1753460472246,16:21:12.246,binance,ALGO/USDT:USDT,,,,,0.2561,304529717.0,79413603.5453
1753460472333,16:21:12.333,okx,ALGO/USDT:USDT,0.2561,952.0,0.2562,438.0,0.2562,7507649.0,
1753460472363,16:21:12.363,bybit,ALGO/USDT:USDT,0.256,30368.5,0.2561,31149.6,0.2561,117800141.3,30741599.823
1753460472463,16:21:12.463,bybit,ALGO/USDT:USDT,0.256,30368.5,0.2561,31149.6,0.2561,117800141.3,30741599.823
1753460472458,16:21:12.458,okx,ALGO/USDT:USDT,0.2561,311.0,0.2562,1182.0,0.2562,7507649.0,
1753460472527,16:21:12.527,bitget,ALGO/USDT:USDT,0.2562,1154.2,0.2563,15979.6,0.2561,81913778.8,21392494.61006
