timestamp,time,symbol,bid,bidVolume,ask,askVolume,lastPrice,baseVolume,quoteVolume
1753460254578,16:17:34.578,AAVE/USDT:USDT,,,,,288.3,1284053.0,370900751.745
1753460256514,16:17:36.514,AAVE/USDT:USDT,,,,,288.25,1284058.4,370902308.488
1753460257525,16:17:37.525,AAVE/USDT:USDT,,,,,288.21,1284060.2,370902827.316
1753460260596,16:17:40.596,AAVE/USDT:USDT,,,,,288.01,1284081.4,370908934.962
1753460262627,16:17:42.627,AAVE/USDT:USDT,,,,,288.0,1284258.8,370960025.973
1753460264045,16:17:44.045,AAVE/USDT:USDT,,,,,288.0,1284261.0,370960659.574
1753460266582,16:17:46.582,AAVE/USDT:USDT,,,,,288.02,1284281.0,370966419.978
1753460268028,16:17:48.028,AAVE/USDT:USDT,,,,,287.97,1284285.3,370967658.304
1753460270421,16:17:50.421,AAVE/USDT:USDT,,,,,287.87,1284346.9,370985393.478
1753460272520,16:17:52.520,AAVE/USDT:USDT,,,,,287.9,1284366.7,370991093.649
1753460274314,16:17:54.314,AAVE/USDT:USDT,,,,,287.86,1284367.6,370991352.728
1753460276601,16:17:56.601,AAVE/USDT:USDT,,,,,287.78,1284497.6,371028773.61
1753460278577,16:17:58.577,AAVE/USDT:USDT,,,,,287.77,1284509.4,371032169.411
1753460280534,16:18:00.534,AAVE/USDT:USDT,,,,,287.82,1283023.7,370602186.0
1753460282181,16:18:02.181,AAVE/USDT:USDT,,,,,287.72,1283432.0,370719637.335
1753460284655,16:18:04.655,AAVE/USDT:USDT,,,,,287.6,1283593.4,370766039.073
1753460286654,16:18:06.654,AAVE/USDT:USDT,,,,,287.87,1283662.7,370785981.437
1753460288630,16:18:08.630,AAVE/USDT:USDT,,,,,287.88,1283686.7,370792890.857
1753460290608,16:18:10.608,AAVE/USDT:USDT,,,,,287.9,1283701.7,370797208.981
1753460292618,16:18:12.618,AAVE/USDT:USDT,,,,,288.0,1283711.4,370800002.07
1753460294605,16:18:14.605,AAVE/USDT:USDT,,,,,288.05,1283723.9,370803602.59
1753460296312,16:18:16.312,AAVE/USDT:USDT,,,,,287.97,1283737.2,370807433.007
1753460298662,16:18:18.662,AAVE/USDT:USDT,,,,,288.16,1283751.1,370811437.247
1753460300486,16:18:20.486,AAVE/USDT:USDT,,,,,288.28,1283760.1,370814031.14
1753460301970,16:18:21.970,AAVE/USDT:USDT,,,,,288.39,1283775.5,370818471.353
1753460303336,16:18:23.336,AAVE/USDT:USDT,,,,,288.41,1283779.7,370819682.634
1753460306682,16:18:26.682,AAVE/USDT:USDT,,,,,288.44,1283795.2,370824153.046
1753460308068,16:18:28.068,AAVE/USDT:USDT,,,,,288.37,1283802.6,370826287.348
1753460310631,16:18:30.631,AAVE/USDT:USDT,,,,,288.5,1283806.8,370827498.877
1753460312583,16:18:32.583,AAVE/USDT:USDT,,,,,288.4,1283814.9,370829835.456
1753460314358,16:18:34.358,AAVE/USDT:USDT,,,,,288.34,1283848.7,370839584.766
1753460316665,16:18:36.665,AAVE/USDT:USDT,,,,,288.41,1283854.8,370841343.894
1753460318182,16:18:38.182,AAVE/USDT:USDT,,,,,288.45,1283861.3,370843218.818
1753460320478,16:18:40.478,AAVE/USDT:USDT,,,,,288.47,1283864.6,370844170.785
1753460322375,16:18:42.375,AAVE/USDT:USDT,,,,,288.32,1283872.1,370846333.749
1753460324261,16:18:44.261,AAVE/USDT:USDT,,,,,288.23,1283886.7,370850542.476
1753460326412,16:18:46.412,AAVE/USDT:USDT,,,,,288.25,1283889.0,370851205.432
1753460328413,16:18:48.413,AAVE/USDT:USDT,,,,,288.12,1283904.0,370855528.58
1753460330409,16:18:50.409,AAVE/USDT:USDT,,,,,288.11,1283923.8,370861233.353
1753460332072,16:18:52.072,AAVE/USDT:USDT,,,,,288.1,1283932.9,370863855.192
1753460334383,16:18:54.383,AAVE/USDT:USDT,,,,,288.08,1283955.8,370870451.534
1753460336606,16:18:56.606,AAVE/USDT:USDT,,,,,288.13,1283967.4,370873793.724
1753460338687,16:18:58.687,AAVE/USDT:USDT,,,,,288.13,1284038.5,370894284.469
1753460340427,16:19:00.427,AAVE/USDT:USDT,,,,,288.0,1283176.5,370644441.491
1753460342021,16:19:02.021,AAVE/USDT:USDT,,,,,288.04,1283201.8,370651727.662
1753460344053,16:19:04.053,AAVE/USDT:USDT,,,,,288.05,1283216.9,370656077.15
1753460346617,16:19:06.617,AAVE/USDT:USDT,,,,,288.15,1283238.5,370662301.244
1753460348428,16:19:08.428,AAVE/USDT:USDT,,,,,288.22,1283250.5,370665759.56
1753460350014,16:19:10.014,AAVE/USDT:USDT,,,,,288.2,1283252.8,370666422.458
1753460352696,16:19:12.696,AAVE/USDT:USDT,,,,,288.25,1283291.0,370677432.536
1753460354279,16:19:14.279,AAVE/USDT:USDT,,,,,288.26,1283309.5,370682765.83
1753460356700,16:19:16.700,AAVE/USDT:USDT,,,,,288.3,1283314.5,370684207.17
1753460358214,16:19:18.214,AAVE/USDT:USDT,,,,,288.32,1283330.6,370688849.856
1753460360690,16:19:20.690,AAVE/USDT:USDT,,,,,288.28,1283339.5,370691416.043
1753460362519,16:19:22.519,AAVE/USDT:USDT,,,,,288.3,1283352.3,370695105.55
1753460364579,16:19:24.579,AAVE/USDT:USDT,,,,,288.46,1283377.9,370702488.519
1753460366729,16:19:26.729,AAVE/USDT:USDT,,,,,288.52,1283393.3,370706930.954
1753460368676,16:19:28.676,AAVE/USDT:USDT,,,,,288.51,1283426.4,370716481.454
1753460370130,16:19:30.130,AAVE/USDT:USDT,,,,,288.57,1283429.5,370717375.989
1753460372697,16:19:32.697,AAVE/USDT:USDT,,,,,288.5,1283463.5,370727187.221
1753460374175,16:19:34.175,AAVE/USDT:USDT,,,,,288.48,1283463.9,370727302.616
1753460377584,16:19:37.584,AAVE/USDT:USDT,,,,,288.49,1283464.2,370727389.163
1753460378952,16:19:38.952,AAVE/USDT:USDT,,,,,288.54,1283465.2,370727677.676
1753460379608,16:19:39.608,AAVE/USDT:USDT,,,,,288.54,1283465.5,370727764.238
1753460382951,16:19:42.951,AAVE/USDT:USDT,,,,,288.64,1283476.5,370730938.833
1753460385246,16:19:45.246,AAVE/USDT:USDT,,,,,288.64,1283484.2,370733161.377
1753460387229,16:19:47.229,AAVE/USDT:USDT,,,,,288.72,1283486.6,370733854.224
1753460389366,16:19:49.366,AAVE/USDT:USDT,,,,,288.7,1283510.6,370740784.831
1753460391465,16:19:51.465,AAVE/USDT:USDT,,,,,288.6,1283557.5,370754322.233
1753460393109,16:19:53.109,AAVE/USDT:USDT,,,,,288.52,1283578.5,370760382.465
