timestamp,time,symbol,bid,bidVolume,ask,askVolume,lastPrice,baseVolume,quoteVolume
1753460253670,16:17:33.670,ADA/USDT:USDT,,,,,0.7847,1116842201.0,897101474.2322
1753460257349,16:17:37.349,ADA/USDT:USDT,,,,,0.7846,1116847384.0,897105540.9946
1753460259294,16:17:39.294,ADA/USDT:USDT,,,,,0.7844,1116858416.0,897114194.1406
1753460261291,16:17:41.291,ADA/USDT:USDT,,,,,0.784,1116873343.0,897125898.1804
1753460263020,16:17:43.020,ADA/USDT:USDT,,,,,0.7837,1116946821.0,897183490.3708
1753460264523,16:17:44.523,ADA/USDT:USDT,,,,,0.7837,1116965229.0,897197917.9021
1753460267374,16:17:47.374,ADA/USDT:USDT,,,,,0.7837,1116982046.0,897211098.7677
1753460269385,16:17:49.385,ADA/USDT:USDT,,,,,0.7835,1117006249.0,897230063.3055
1753460271021,16:17:51.021,ADA/USDT:USDT,,,,,0.7833,1117020876.0,897241522.0566
1753460273022,16:17:53.022,ADA/USDT:USDT,,,,,0.7834,1117090045.0,897295718.8682
1753460275309,16:17:55.309,ADA/USDT:USDT,,,,,0.7834,1117091564.0,897296908.8431
1753460277072,16:17:57.072,ADA/USDT:USDT,,,,,0.7829,1117118847.0,897318272.8284
1753460279123,16:17:59.123,ADA/USDT:USDT,,,,,0.7828,1117209079.0,897388914.2326
1753460281397,16:18:01.397,ADA/USDT:USDT,,,,,0.7828,1116445493.0,896763930.4553
1753460283404,16:18:03.404,ADA/USDT:USDT,,,,,0.7825,1116488998.0,896797989.2996
1753460285400,16:18:05.400,ADA/USDT:USDT,,,,,0.7829,1116500596.0,896807066.6385
1753460286537,16:18:06.537,ADA/USDT:USDT,,,,,0.7836,1116510732.0,896815006.6556
1753460289395,16:18:09.395,ADA/USDT:USDT,,,,,0.7834,1116521173.0,896823186.3909
1753460291330,16:18:11.330,ADA/USDT:USDT,,,,,0.7836,1116545591.0,896842315.3873
1753460293175,16:18:13.175,ADA/USDT:USDT,,,,,0.7838,1116549982.0,896845756.7644
1753460294936,16:18:14.936,ADA/USDT:USDT,,,,,0.7837,1116551053.0,896846596.1377
1753460297302,16:18:17.302,ADA/USDT:USDT,,,,,0.7836,1116556436.0,896850814.1634
1753460299182,16:18:19.182,ADA/USDT:USDT,,,,,0.784,1116558145.0,896852153.7854
1753460301220,16:18:21.220,ADA/USDT:USDT,,,,,0.7844,1116564462.0,896857107.7127
1753460303261,16:18:23.261,ADA/USDT:USDT,,,,,0.7847,1116578907.0,896868442.6389
1753460305027,16:18:25.027,ADA/USDT:USDT,,,,,0.7848,1116578955.0,896868480.3079
1753460307086,16:18:27.086,ADA/USDT:USDT,,,,,0.7847,1116597290.0,896882867.3256
1753460308361,16:18:28.361,ADA/USDT:USDT,,,,,0.7846,1116609191.0,896892205.8573
1753460310862,16:18:30.862,ADA/USDT:USDT,,,,,0.7847,1116614217.0,896896149.259
1753460313377,16:18:33.377,ADA/USDT:USDT,,,,,0.7844,1116621425.0,896901803.7421
1753460315002,16:18:35.002,ADA/USDT:USDT,,,,,0.7843,1116633955.0,896911630.4312
1753460317453,16:18:37.453,ADA/USDT:USDT,,,,,0.7845,1116643403.0,896919041.4444
1753460319234,16:18:39.234,ADA/USDT:USDT,,,,,0.7845,1116651141.0,896925111.9046
1753460320936,16:18:40.936,ADA/USDT:USDT,,,,,0.7839,1116682164.0,896949436.567
1753460323062,16:18:43.062,ADA/USDT:USDT,,,,,0.784,1116689167.0,896954927.0359
1753460324798,16:18:44.798,ADA/USDT:USDT,,,,,0.7839,1116694328.0,896958972.749
1753460327392,16:18:47.392,ADA/USDT:USDT,,,,,0.7836,1116702527.0,896965398.5791
1753460328516,16:18:48.516,ADA/USDT:USDT,,,,,0.7835,1116706566.0,896968563.1356
1753460330412,16:18:50.412,ADA/USDT:USDT,,,,,0.7835,1116718966.0,896978278.5356
1753460333436,16:18:53.436,ADA/USDT:USDT,,,,,0.7833,1116723044.0,896981473.2869
1753460335207,16:18:55.207,ADA/USDT:USDT,,,,,0.7834,1116726230.0,896983969.1985
1753460336794,16:18:56.794,ADA/USDT:USDT,,,,,0.7836,1116737472.0,896992777.2707
1753460339326,16:18:59.326,ADA/USDT:USDT,,,,,0.7834,1116750020.0,897002609.6216
1753460341430,16:19:01.430,ADA/USDT:USDT,,,,,0.7832,1116380110.0,896699435.6926
1753460343402,16:19:03.402,ADA/USDT:USDT,,,,,0.7831,1116382610.0,896701393.4464
1753460345449,16:19:05.449,ADA/USDT:USDT,,,,,0.7834,1116407781.0,896721110.4684
1753460346952,16:19:06.952,ADA/USDT:USDT,,,,,0.7833,1116441851.0,896747800.9535
1753460349347,16:19:09.347,ADA/USDT:USDT,,,,,0.7834,1116450037.0,896754213.8679
1753460351345,16:19:11.345,ADA/USDT:USDT,,,,,0.7833,1116455261.0,896758305.8271
1753460353435,16:19:13.435,ADA/USDT:USDT,,,,,0.7835,1116489699.0,896785282.2246
1753460355179,16:19:15.179,ADA/USDT:USDT,,,,,0.7834,1116506020.0,896798068.4872
1753460357481,16:19:17.481,ADA/USDT:USDT,,,,,0.7838,1116515085.0,896805172.1725
1753460358835,16:19:18.835,ADA/USDT:USDT,,,,,0.7839,1116520217.0,896809194.637
1753460360764,16:19:20.764,ADA/USDT:USDT,,,,,0.7835,1116529297.0,896816310.7893
1753460363436,16:19:23.436,ADA/USDT:USDT,,,,,0.7839,1116538262.0,896823336.1208
1753460365441,16:19:25.441,ADA/USDT:USDT,,,,,0.7844,1116549509.0,896832157.5966
1753460366903,16:19:26.903,ADA/USDT:USDT,,,,,0.7845,1116553800.0,896835523.8861
1753460369068,16:19:29.068,ADA/USDT:USDT,,,,,0.7847,1116557133.0,896838138.8677
1753460371046,16:19:31.046,ADA/USDT:USDT,,,,,0.7845,1116567097.0,896845956.1054
1753460372805,16:19:32.805,ADA/USDT:USDT,,,,,0.7844,1116567845.0,896846542.8358
1753460375076,16:19:35.076,ADA/USDT:USDT,,,,,0.7844,1116568991.0,896847441.7582
1753460376915,16:19:36.915,ADA/USDT:USDT,,,,,0.7844,1116575189.0,896852303.4694
1753460379417,16:19:39.417,ADA/USDT:USDT,,,,,0.7846,1116595573.0,896868295.0365
1753460380503,16:19:40.503,ADA/USDT:USDT,,,,,0.7845,1116597961.0,896870168.6603
1753460383179,16:19:43.179,ADA/USDT:USDT,,,,,0.7847,1116599113.0,896871072.5263
1753460385180,16:19:45.180,ADA/USDT:USDT,,,,,0.7846,1116606333.0,896876737.3483
1753460387233,16:19:47.233,ADA/USDT:USDT,,,,,0.7849,1116609423.0,896879162.3295
1753460389289,16:19:49.289,ADA/USDT:USDT,,,,,0.7848,1116618690.0,896886436.8231
1753460391252,16:19:51.252,ADA/USDT:USDT,,,,,0.7845,1116621524.0,896888660.4006
1753460392962,16:19:52.962,ADA/USDT:USDT,,,,,0.7843,1116632776.0,896897487.3746
