timestamp,time,symbol,bid,bidVolume,ask,askVolume,lastPrice,baseVolume,quoteVolume
1753460254651,16:17:34.651,ACH/USDT:USDT,0.021343,2838.0,0.021349,2897.0,0.021358,235220256.0,5113407.92993
1753460255517,16:17:35.517,ACH/USDT:USDT,0.021345,2897.0,0.021348,2261.0,0.021358,235220256.0,5113407.92993
1753460256546,16:17:36.546,ACH/USDT:USDT,0.021341,13179.0,0.021348,2261.0,0.021358,235220256.0,5113407.92993
1753460256860,16:17:36.860,ACH/USDT:USDT,0.021341,13179.0,0.021348,2261.0,0.021358,235220256.0,5113407.92993
1753460257246,16:17:37.246,ACH/USDT:USDT,0.021343,2897.0,0.021346,2261.0,0.021358,235220256.0,5113407.92993
1753460257682,16:17:37.682,ACH/USDT:USDT,0.021343,2897.0,0.021346,2261.0,0.021358,235220256.0,5113407.92993
1753460258045,16:17:38.045,ACH/USDT:USDT,0.021338,2852.0,0.021342,2261.0,0.021358,235220256.0,5113407.92993
1753460258388,16:17:38.388,ACH/USDT:USDT,0.021341,2897.0,0.021343,2261.0,0.021358,235220256.0,5113407.92993
1753460258748,16:17:38.748,ACH/USDT:USDT,0.021341,2897.0,0.021343,2261.0,0.021358,235220256.0,5113407.92993
1753460259075,16:17:39.075,ACH/USDT:USDT,0.021341,2897.0,0.021343,2261.0,0.021358,235220256.0,5113407.92993
1753460259427,16:17:39.427,ACH/USDT:USDT,0.021338,2897.0,0.021339,2261.0,0.021358,235220256.0,5113407.92993
1753460259991,16:17:39.991,ACH/USDT:USDT,0.021338,2897.0,0.021339,2261.0,0.021358,235220256.0,5113407.92993
1753460260665,16:17:40.665,ACH/USDT:USDT,0.021338,2897.0,0.021339,2261.0,0.021358,235220256.0,5113407.92993
1753460261017,16:17:41.017,ACH/USDT:USDT,0.021332,2897.0,0.021334,2261.0,0.021358,235220256.0,5113407.92993
1753460261345,16:17:41.345,ACH/USDT:USDT,0.021332,2897.0,0.021334,2261.0,0.021358,235220256.0,5113407.92993
1753460261696,16:17:41.696,ACH/USDT:USDT,0.021329,16899.0,0.021333,2261.0,0.021358,235220256.0,5113407.92993
1753460262028,16:17:42.028,ACH/USDT:USDT,0.021323,2854.0,0.021327,2261.0,0.021358,235220256.0,5113407.92993
1753460262527,16:17:42.527,ACH/USDT:USDT,0.021323,2897.0,0.021327,2261.0,0.021358,235220256.0,5113407.92993
1753460263274,16:17:43.274,ACH/USDT:USDT,0.021326,2897.0,0.02133,2261.0,0.021358,235220256.0,5113407.92993
1753460263634,16:17:43.634,ACH/USDT:USDT,0.021326,2897.0,0.021329,2261.0,0.021358,235220256.0,5113407.92993
1753460264290,16:17:44.290,ACH/USDT:USDT,0.021326,2897.0,0.02133,4436.0,0.021358,235220256.0,5113407.92993
1753460264633,16:17:44.633,ACH/USDT:USDT,0.021323,2897.0,0.021329,2261.0,0.021358,235220256.0,5113407.92993
1753460265011,16:17:45.011,ACH/USDT:USDT,0.021323,2897.0,0.021327,2261.0,0.021358,235220256.0,5113407.92993
1753460265361,16:17:45.361,ACH/USDT:USDT,0.021323,2897.0,0.021327,2261.0,0.021358,235220256.0,5113407.92993
1753460265673,16:17:45.673,ACH/USDT:USDT,0.021323,2897.0,0.021327,2261.0,0.021326,235220256.0,5113407.92993
1753460265994,16:17:45.994,ACH/USDT:USDT,0.021323,2897.0,0.02133,4436.0,0.021326,235220256.0,5113407.92993
1753460266356,16:17:46.356,ACH/USDT:USDT,0.021327,2940.0,0.021336,4437.0,0.021326,235220256.0,5113407.92993
1753460266690,16:17:46.690,ACH/USDT:USDT,0.021327,2940.0,0.021336,4437.0,0.021326,235231960.0,5113657.529434
1753460267005,16:17:47.005,ACH/USDT:USDT,0.021325,46834.0,0.021327,2261.0,0.021326,235231960.0,5113657.529434
1753460267421,16:17:47.421,ACH/USDT:USDT,0.021323,2897.0,0.021327,2261.0,0.021326,235220256.0,5113407.92993
1753460268032,16:17:48.032,ACH/USDT:USDT,0.021323,2897.0,0.021327,2261.0,0.021326,235231960.0,5113657.529434
1753460268705,16:17:48.705,ACH/USDT:USDT,0.021323,2897.0,0.021327,2261.0,0.021326,235231960.0,5113657.529434
1753460269069,16:17:49.069,ACH/USDT:USDT,0.021323,2897.0,0.021327,2261.0,0.021326,235231960.0,5113657.529434
1753460269394,16:17:49.394,ACH/USDT:USDT,0.021323,2897.0,0.021327,2261.0,0.021326,235231960.0,5113657.529434
1753460269712,16:17:49.712,ACH/USDT:USDT,0.021321,2940.0,0.021323,2897.0,0.021326,235231960.0,5113657.529434
1753460270147,16:17:50.147,ACH/USDT:USDT,0.021319,299.0,0.021321,5201.0,0.021326,235231960.0,5113657.529434
1753460270702,16:17:50.702,ACH/USDT:USDT,0.021314,2940.0,0.021322,4435.0,0.021326,235232558.0,5113670.278196
1753460271874,16:17:51.874,ACH/USDT:USDT,0.021314,2940.0,0.021322,4435.0,0.021319,235231960.0,5113657.529434
1753460272211,16:17:52.211,ACH/USDT:USDT,0.021316,2940.0,0.021325,4436.0,0.021319,235231960.0,5113657.529434
1753460272722,16:17:52.722,ACH/USDT:USDT,0.021317,46834.0,0.021322,2261.0,0.021319,235232558.0,5113670.278196
1753460273033,16:17:53.033,ACH/USDT:USDT,0.021317,46834.0,0.021322,2261.0,0.021319,235232558.0,5113670.278196
1753460273358,16:17:53.358,ACH/USDT:USDT,0.021316,2940.0,0.021323,2261.0,0.021319,235232558.0,5113670.278196
1753460273732,16:17:53.732,ACH/USDT:USDT,0.021316,2940.0,0.021319,3446.0,0.021319,235232558.0,5113670.278196
1753460274063,16:17:54.063,ACH/USDT:USDT,0.021316,2940.0,0.021319,2261.0,0.021319,235232558.0,5113670.278196
1753460274373,16:17:54.373,ACH/USDT:USDT,0.021316,2940.0,0.021319,2261.0,0.021319,235232558.0,5113670.278196
1753460274691,16:17:54.691,ACH/USDT:USDT,0.021312,4455.0,0.021318,2261.0,0.021319,235232558.0,5113670.278196
1753460275055,16:17:55.055,ACH/USDT:USDT,0.021314,46834.0,0.021321,4436.0,0.021319,235232558.0,5113670.278196
1753460275413,16:17:55.413,ACH/USDT:USDT,0.021314,46834.0,0.021321,4436.0,0.021319,235232558.0,5113670.278196
1753460275733,16:17:55.733,ACH/USDT:USDT,0.021316,2851.0,0.021317,2261.0,0.021319,235232558.0,5113670.278196
1753460276059,16:17:56.059,ACH/USDT:USDT,0.021313,2851.0,0.021317,2261.0,0.021319,235232558.0,5113670.278196
1753460276488,16:17:56.488,ACH/USDT:USDT,0.021309,10973.0,0.021312,3391.0,0.021319,235232558.0,5113670.278196
1753460277242,16:17:57.242,ACH/USDT:USDT,0.021305,2923.0,0.02131,3391.0,0.021319,235232558.0,5113670.278196
1753460278168,16:17:58.168,ACH/USDT:USDT,0.021308,2851.0,0.021311,2261.0,0.021319,235232558.0,5113670.278196
1753460279470,16:17:59.470,ACH/USDT:USDT,0.02131,2851.0,0.021313,4437.0,0.021319,235232558.0,5113670.278196
1753460279839,16:17:59.839,ACH/USDT:USDT,0.02131,2851.0,0.021315,5112.0,0.021319,235232558.0,5113670.278196
1753460280312,16:18:00.312,ACH/USDT:USDT,0.02131,2851.0,0.021315,2261.0,0.021319,235232558.0,5113670.278196
1753460280899,16:18:00.899,ACH/USDT:USDT,0.02131,2851.0,0.021315,2261.0,0.021319,235125520.0,5111278.975188
1753460281273,16:18:01.273,ACH/USDT:USDT,0.0213,159.0,0.021305,7380.0,0.021311,235125520.0,5111278.975188
1753460281619,16:18:01.619,ACH/USDT:USDT,0.021287,2820.0,0.021291,66373.0,0.02129,235125520.0,5111278.975188
1753460282047,16:18:02.047,ACH/USDT:USDT,0.0213,159.0,0.021304,4457.0,0.021311,235232558.0,5113670.278196
1753460282635,16:18:02.635,ACH/USDT:USDT,0.021295,6269.0,0.021307,4437.0,0.021287,235153552.0,5111875.867272
1753460283002,16:18:03.002,ACH/USDT:USDT,0.021289,2851.0,0.021304,2261.0,0.021287,235153552.0,5111875.867272
1753460283657,16:18:03.657,ACH/USDT:USDT,0.021286,2851.0,0.021297,2851.0,0.021287,235153552.0,5111875.867272
1753460283992,16:18:03.992,ACH/USDT:USDT,0.021287,2279.0,0.021292,4437.0,0.021287,235153552.0,5111875.867272
1753460284325,16:18:04.325,ACH/USDT:USDT,0.021287,5130.0,0.021291,2261.0,0.021287,235153552.0,5111875.867272
1753460284639,16:18:04.639,ACH/USDT:USDT,0.021287,5130.0,0.021291,2261.0,0.021287,235153552.0,5111875.867272
1753460284970,16:18:04.970,ACH/USDT:USDT,0.02129,5213.0,0.0213,4436.0,0.021287,235153552.0,5111875.867272
1753460285328,16:18:05.328,ACH/USDT:USDT,0.021293,46834.0,0.021306,2851.0,0.021287,235153552.0,5111875.867272
1753460285651,16:18:05.651,ACH/USDT:USDT,0.021295,2279.0,0.021306,4436.0,0.021287,235153552.0,5111875.867272
1753460285982,16:18:05.982,ACH/USDT:USDT,0.021306,7370.0,0.021316,4437.0,0.021287,235153552.0,5111875.867272
1753460286387,16:18:06.387,ACH/USDT:USDT,0.021309,46834.0,0.02132,16052.0,0.021287,235130498.0,5111385.061346
1753460286859,16:18:06.859,ACH/USDT:USDT,0.021311,2934.0,0.021317,2261.0,0.021287,235153552.0,5111875.867272
1753460287173,16:18:07.173,ACH/USDT:USDT,0.021311,2934.0,0.021316,2261.0,0.021287,235153552.0,5111875.867272
1753460287583,16:18:07.583,ACH/USDT:USDT,0.021312,5213.0,0.021316,2261.0,0.021287,235232558.0,5113670.278196
1753460288349,16:18:08.349,ACH/USDT:USDT,0.021312,2934.0,0.021316,2261.0,0.021287,235153552.0,5111875.867272
1753460289162,16:18:09.162,ACH/USDT:USDT,0.021309,7389.0,0.021316,2261.0,0.021287,235153552.0,5111875.867272
1753460289493,16:18:09.493,ACH/USDT:USDT,0.021309,2934.0,0.021315,2934.0,0.021287,235153552.0,5111875.867272
1753460289861,16:18:09.861,ACH/USDT:USDT,0.021311,2279.0,0.021317,2261.0,0.021287,235153552.0,5111875.867272
1753460290226,16:18:10.226,ACH/USDT:USDT,0.021313,2279.0,0.021315,2261.0,0.021287,235153552.0,5111875.867272
1753460290553,16:18:10.553,ACH/USDT:USDT,0.021313,2279.0,0.021315,2261.0,0.021287,235153552.0,5111875.867272
1753460291234,16:18:11.234,ACH/USDT:USDT,0.021324,2279.0,0.021327,2261.0,0.021287,235153552.0,5111875.867272
1753460291646,16:18:11.646,ACH/USDT:USDT,0.021324,2279.0,0.021327,2261.0,0.021287,235153552.0,5111875.867272
1753460292008,16:18:12.008,ACH/USDT:USDT,0.021324,2279.0,0.021327,2261.0,0.021287,235153552.0,5111875.867272
1753460292336,16:18:12.336,ACH/USDT:USDT,0.021324,2279.0,0.021325,2261.0,0.021287,235153552.0,5111875.867272
1753460292710,16:18:12.710,ACH/USDT:USDT,0.021329,2279.0,0.021336,2940.0,0.021332,235153552.0,5111875.867272
1753460293034,16:18:13.034,ACH/USDT:USDT,0.021329,2279.0,0.021336,2940.0,0.021332,235153552.0,5111875.867272
1753460293347,16:18:13.347,ACH/USDT:USDT,0.021326,2934.0,0.021329,2261.0,0.021332,235153552.0,5111875.867272
1753460293669,16:18:13.669,ACH/USDT:USDT,0.021327,5213.0,0.021328,2261.0,0.021332,235159432.0,5112001.299432
1753460294023,16:18:14.023,ACH/USDT:USDT,0.021327,5213.0,0.021331,4438.0,0.021332,235159432.0,5112001.299432
1753460294423,16:18:14.423,ACH/USDT:USDT,0.021323,4454.0,0.021327,2261.0,0.021332,235159432.0,5112001.299432
1753460295333,16:18:15.333,ACH/USDT:USDT,0.021325,2878.0,0.021326,765.0,0.021326,235159432.0,5112001.299432
1753460295644,16:18:15.644,ACH/USDT:USDT,0.021323,4454.0,0.021325,2261.0,0.021326,235159432.0,5112001.299432
1753460295958,16:18:15.958,ACH/USDT:USDT,0.021324,2878.0,0.021325,2261.0,0.021326,235162424.0,5112065.106824
1753460296346,16:18:16.346,ACH/USDT:USDT,0.021321,4454.0,0.021324,2261.0,0.021326,235162424.0,5112065.106824
1753460296673,16:18:16.673,ACH/USDT:USDT,0.021321,4454.0,0.021322,2261.0,0.021326,235162424.0,5112065.106824
1753460296982,16:18:16.982,ACH/USDT:USDT,0.021323,2279.0,0.021324,2261.0,0.021326,235162424.0,5112065.106824
1753460297307,16:18:17.307,ACH/USDT:USDT,0.021323,5157.0,0.021324,2261.0,0.021326,235162424.0,5112065.106824
1753460297721,16:18:17.721,ACH/USDT:USDT,0.021324,2261.0,0.021327,4439.0,0.021326,235162424.0,5112065.106824
1753460298051,16:18:18.051,ACH/USDT:USDT,0.021324,2261.0,0.021327,4439.0,0.021326,235162424.0,5112065.106824
1753460298367,16:18:18.367,ACH/USDT:USDT,0.021329,2878.0,0.021333,4439.0,0.021326,235162424.0,5112065.106824
1753460298733,16:18:18.733,ACH/USDT:USDT,0.021332,2279.0,0.021333,4439.0,0.021326,235162424.0,5112065.106824
1753460299078,16:18:19.078,ACH/USDT:USDT,0.021332,2279.0,0.021333,4439.0,0.021326,235162424.0,5112065.106824
1753460299388,16:18:19.388,ACH/USDT:USDT,0.021332,5157.0,0.021333,4439.0,0.021326,235162424.0,5112065.106824
1753460299715,16:18:19.715,ACH/USDT:USDT,0.021332,5157.0,0.021333,4439.0,0.021326,235162424.0,5112065.106824
1753460300114,16:18:20.114,ACH/USDT:USDT,0.021335,2878.0,0.021336,4439.0,0.021326,235162424.0,5112065.106824
1753460300479,16:18:20.479,ACH/USDT:USDT,0.021335,2878.0,0.021336,4439.0,0.021326,235162424.0,5112065.106824
1753460300797,16:18:20.797,ACH/USDT:USDT,0.021335,5157.0,0.021336,4439.0,0.021326,235162424.0,5112065.106824
1753460301124,16:18:21.124,ACH/USDT:USDT,0.021339,2878.0,0.02134,2261.0,0.021326,235162424.0,5112065.106824
1753460301476,16:18:21.476,ACH/USDT:USDT,0.021341,3418.0,0.021342,2261.0,0.021326,235162424.0,5112065.106824
1753460301798,16:18:21.798,ACH/USDT:USDT,0.021341,8764.0,0.021342,2261.0,0.021326,235162424.0,5112065.106824
1753460302123,16:18:22.123,ACH/USDT:USDT,0.021346,2878.0,0.021349,4438.0,0.021326,235162424.0,5112065.106824
1753460302583,16:18:22.583,ACH/USDT:USDT,0.021348,5157.0,0.021349,4438.0,0.021326,235162424.0,5112065.106824
1753460303029,16:18:23.029,ACH/USDT:USDT,0.021348,5157.0,0.021349,4438.0,0.021326,235162424.0,5112065.106824
1753460303799,16:18:23.799,ACH/USDT:USDT,0.021348,5157.0,0.021349,4438.0,0.021326,235162424.0,5112065.106824
1753460304121,16:18:24.121,ACH/USDT:USDT,0.021348,5157.0,0.021349,4438.0,0.021326,235162424.0,5112065.106824
1753460304444,16:18:24.444,ACH/USDT:USDT,0.021348,2279.0,0.021349,4438.0,0.021326,235162424.0,5112065.106824
1753460304824,16:18:24.824,ACH/USDT:USDT,0.021348,5094.0,0.021349,4438.0,0.021326,235162424.0,5112065.106824
1753460305556,16:18:25.556,ACH/USDT:USDT,0.021348,5094.0,0.021349,4438.0,0.021326,235162424.0,5112065.106824
1753460305877,16:18:25.877,ACH/USDT:USDT,0.021351,3418.0,0.021355,4440.0,0.021352,235162424.0,5112065.106824
1753460306572,16:18:26.572,ACH/USDT:USDT,0.021349,2815.0,0.021352,2261.0,0.021352,235162424.0,5112065.106824
1753460306892,16:18:26.892,ACH/USDT:USDT,0.021351,5094.0,0.021356,4441.0,0.021352,235162424.0,5112065.106824
1753460307266,16:18:27.266,ACH/USDT:USDT,0.021351,5094.0,0.021352,2261.0,0.021352,235168054.0,5112185.318584
1753460307838,16:18:27.838,ACH/USDT:USDT,0.021346,4455.0,0.021349,3581.0,0.021352,235168054.0,5112185.318584
1753460308822,16:18:28.822,ACH/USDT:USDT,0.021351,2815.0,0.021354,2261.0,0.021352,235168054.0,5112185.318584
1753460309581,16:18:29.581,ACH/USDT:USDT,0.021351,2815.0,0.021354,2261.0,0.021352,235168054.0,5112185.318584
1753460310386,16:18:30.386,ACH/USDT:USDT,0.021353,5094.0,0.021354,2261.0,0.021352,235168054.0,5112185.318584
1753460310705,16:18:30.705,ACH/USDT:USDT,0.021353,2815.0,0.021354,2261.0,0.021352,235168054.0,5112185.318584
1753460311396,16:18:31.396,ACH/USDT:USDT,0.021356,2279.0,0.021357,4441.0,0.021352,235168054.0,5112185.318584
1753460311721,16:18:31.721,ACH/USDT:USDT,0.021356,2279.0,0.021357,4441.0,0.021352,235168054.0,5112185.318584
1753460312090,16:18:32.090,ACH/USDT:USDT,0.021356,5094.0,0.021357,4441.0,0.021352,235168054.0,5112185.318584
1753460312634,16:18:32.634,ACH/USDT:USDT,0.021347,2815.0,0.021348,2261.0,0.021352,235168054.0,5112185.318584
1753460313207,16:18:33.207,ACH/USDT:USDT,0.02135,2279.0,0.021351,4443.0,0.021352,235168054.0,5112185.318584
1753460314215,16:18:34.215,ACH/USDT:USDT,0.021345,5094.0,0.021347,2261.0,0.021352,235168054.0,5112185.318584
1753460314960,16:18:34.960,ACH/USDT:USDT,0.021342,5122.0,0.021346,2261.0,0.021352,235168054.0,5112185.318584
1753460315732,16:18:35.732,ACH/USDT:USDT,0.021345,2279.0,0.021346,2261.0,0.021352,235168054.0,5112185.318584
1753460316071,16:18:36.071,ACH/USDT:USDT,0.021345,5122.0,0.021346,2261.0,0.021352,235168054.0,5112185.318584
1753460316427,16:18:36.427,ACH/USDT:USDT,0.021342,5122.0,0.021343,2261.0,0.021352,235168054.0,5112185.318584
1753460316834,16:18:36.834,ACH/USDT:USDT,0.021342,5122.0,0.021343,2261.0,0.021352,235168054.0,5112185.318584
1753460317156,16:18:37.156,ACH/USDT:USDT,0.021345,6261.0,0.021346,2261.0,0.021343,235168054.0,5112185.318584
1753460317577,16:18:37.577,ACH/USDT:USDT,0.021345,6261.0,0.021346,2261.0,0.021343,235172576.0,5112281.83163
1753460318490,16:18:38.490,ACH/USDT:USDT,0.021345,2843.0,0.021346,2261.0,0.021343,235172576.0,5112281.83163
1753460318818,16:18:38.818,ACH/USDT:USDT,0.021345,2843.0,0.021346,2261.0,0.021343,235172576.0,5112281.83163
1753460319151,16:18:39.151,ACH/USDT:USDT,0.021345,2843.0,0.021346,2261.0,0.021343,235172576.0,5112281.83163
1753460319490,16:18:39.490,ACH/USDT:USDT,0.021345,2843.0,0.021346,2261.0,0.021343,235172576.0,5112281.83163
1753460319801,16:18:39.801,ACH/USDT:USDT,0.021343,5122.0,0.021344,2261.0,0.021343,235172576.0,5112281.83163
1753460320601,16:18:40.601,ACH/USDT:USDT,0.021343,5122.0,0.021344,2261.0,0.021343,235168054.0,5112185.318584
1753460320960,16:18:40.960,ACH/USDT:USDT,0.021343,5122.0,0.021344,2261.0,0.021343,235172576.0,5112281.83163
1753460321301,16:18:41.301,ACH/USDT:USDT,0.02133,7992.0,0.021331,2261.0,0.021343,235172576.0,5112281.83163
1753460321666,16:18:41.666,ACH/USDT:USDT,0.021326,2878.0,0.021327,2261.0,0.021343,235172576.0,5112281.83163
1753460321991,16:18:41.991,ACH/USDT:USDT,0.021326,2878.0,0.021327,2261.0,0.021343,235172576.0,5112281.83163
1753460322316,16:18:42.316,ACH/USDT:USDT,0.02133,2843.0,0.021333,4446.0,0.021343,235172576.0,5112281.83163
1753460322771,16:18:42.771,ACH/USDT:USDT,0.02133,2843.0,0.021333,4446.0,0.021343,235172576.0,5112281.83163
1753460323434,16:18:43.434,ACH/USDT:USDT,0.02133,2843.0,0.021333,4446.0,0.021343,235172576.0,5112281.83163
1753460323755,16:18:43.755,ACH/USDT:USDT,0.021329,2279.0,0.02133,2261.0,0.021343,235172576.0,5112281.83163
1753460324180,16:18:44.180,ACH/USDT:USDT,0.021329,2279.0,0.02133,2261.0,0.021343,235172576.0,5112281.83163
1753460324774,16:18:44.774,ACH/USDT:USDT,0.021323,2912.0,0.021324,2261.0,0.021343,235172576.0,5112281.83163
1753460325155,16:18:45.155,ACH/USDT:USDT,0.021323,2912.0,0.021324,2261.0,0.021343,235172576.0,5112281.83163
1753460325560,16:18:45.560,ACH/USDT:USDT,0.021324,2261.0,0.021326,2261.0,0.021343,235172576.0,5112281.83163
1753460325873,16:18:45.873,ACH/USDT:USDT,0.021325,5191.0,0.021326,2261.0,0.021343,235172576.0,5112281.83163
1753460326188,16:18:46.188,ACH/USDT:USDT,0.021325,2279.0,0.021326,2261.0,0.021343,235172576.0,5112281.83163
1753460326553,16:18:46.553,ACH/USDT:USDT,0.021323,2912.0,0.021325,2261.0,0.021343,235172576.0,5112281.83163
1753460326864,16:18:46.864,ACH/USDT:USDT,0.021323,2912.0,0.021325,2261.0,0.021343,235172576.0,5112281.83163
1753460327181,16:18:47.181,ACH/USDT:USDT,0.021318,14930.0,0.021323,2261.0,0.021343,235172576.0,5112281.83163
1753460327562,16:18:47.562,ACH/USDT:USDT,0.021316,4456.0,0.021319,3391.0,0.021343,235172576.0,5112281.83163
1753460327974,16:18:47.974,ACH/USDT:USDT,0.021317,2279.0,0.021318,2261.0,0.021343,235172576.0,5112281.83163
1753460328300,16:18:48.300,ACH/USDT:USDT,0.021317,2279.0,0.021318,2261.0,0.021343,235172576.0,5112281.83163
1753460328683,16:18:48.683,ACH/USDT:USDT,0.021314,2279.0,0.021316,2261.0,0.021343,235172576.0,5112281.83163
1753460329292,16:18:49.292,ACH/USDT:USDT,0.021315,2279.0,0.021316,2261.0,0.021343,235172576.0,5112281.83163
1753460329612,16:18:49.612,ACH/USDT:USDT,0.021315,2279.0,0.021316,2261.0,0.021343,235172576.0,5112281.83163
1753460330014,16:18:50.014,ACH/USDT:USDT,0.021315,2279.0,0.021316,2261.0,0.021343,235172576.0,5112281.83163
1753460330442,16:18:50.442,ACH/USDT:USDT,0.021315,2279.0,0.021316,2261.0,0.021343,235172576.0,5112281.83163
1753460330808,16:18:50.808,ACH/USDT:USDT,0.021315,2279.0,0.021316,2261.0,0.021343,235172576.0,5112281.83163
1753460331125,16:18:51.125,ACH/USDT:USDT,0.021318,2279.0,0.021319,4448.0,0.021343,235172576.0,5112281.83163
1753460331487,16:18:51.487,ACH/USDT:USDT,0.021318,2279.0,0.021319,4448.0,0.021343,235172576.0,5112281.83163
1753460331800,16:18:51.800,ACH/USDT:USDT,0.021318,2279.0,0.021319,4448.0,0.021343,235172576.0,5112281.83163
1753460332112,16:18:52.112,ACH/USDT:USDT,0.021318,2279.0,0.021322,7362.0,0.021343,235172576.0,5112281.83163
1753460332484,16:18:52.484,ACH/USDT:USDT,0.021318,2279.0,0.021322,7362.0,0.021343,235172576.0,5112281.83163
1753460332879,16:18:52.879,ACH/USDT:USDT,0.021318,2279.0,0.021322,7362.0,0.021343,235172576.0,5112281.83163
1753460333271,16:18:53.271,ACH/USDT:USDT,0.021318,2279.0,0.021322,7362.0,0.021343,235172576.0,5112281.83163
1753460333831,16:18:53.831,ACH/USDT:USDT,0.021311,2279.0,0.021314,2261.0,0.021343,235172576.0,5112281.83163
1753460334160,16:18:54.160,ACH/USDT:USDT,0.021311,2279.0,0.021314,2261.0,0.021343,235172576.0,5112281.83163
1753460334477,16:18:54.477,ACH/USDT:USDT,0.021313,5191.0,0.021314,2261.0,0.021343,235172576.0,5112281.83163
1753460334791,16:18:54.791,ACH/USDT:USDT,0.021313,2279.0,0.021317,7290.0,0.021343,235172576.0,5112281.83163
1753460335232,16:18:55.232,ACH/USDT:USDT,0.021313,2279.0,0.021317,7290.0,0.021343,235172576.0,5112281.83163
1753460335640,16:18:55.640,ACH/USDT:USDT,0.021313,2279.0,0.021317,7290.0,0.021343,235172576.0,5112281.83163
1753460335961,16:18:55.961,ACH/USDT:USDT,0.021307,2839.0,0.02131,2261.0,0.021343,235172576.0,5112281.83163
1753460336316,16:18:56.316,ACH/USDT:USDT,0.021312,2839.0,0.021313,4452.0,0.021343,235172576.0,5112281.83163
1753460336640,16:18:56.640,ACH/USDT:USDT,0.021312,2839.0,0.021313,4452.0,0.021343,235172576.0,5112281.83163
1753460336963,16:18:56.963,ACH/USDT:USDT,0.021312,2839.0,0.021313,4452.0,0.021343,235172576.0,5112281.83163
1753460337284,16:18:57.284,ACH/USDT:USDT,0.021316,2839.0,0.021317,2261.0,0.021343,235172576.0,5112281.83163
1753460337679,16:18:57.679,ACH/USDT:USDT,0.021316,2839.0,0.021317,2261.0,0.021343,235172576.0,5112281.83163
1753460338260,16:18:58.260,ACH/USDT:USDT,0.021322,2839.0,0.021323,2261.0,0.021343,235172576.0,5112281.83163
1753460338578,16:18:58.578,ACH/USDT:USDT,0.021319,4463.0,0.021323,2261.0,0.021343,235172576.0,5112281.83163
1753460338937,16:18:58.937,ACH/USDT:USDT,0.021314,2675.0,0.021317,2261.0,0.021343,235172576.0,5112281.83163
1753460339246,16:18:59.246,ACH/USDT:USDT,0.021314,2675.0,0.021317,2261.0,0.021343,235172576.0,5112281.83163
1753460339558,16:18:59.558,ACH/USDT:USDT,0.021314,2839.0,0.02132,8041.0,0.021343,235172576.0,5112281.83163
1753460340236,16:19:00.236,ACH/USDT:USDT,0.021315,2883.0,0.02132,7292.0,0.021343,235122332.0,5111159.03565
1753460341110,16:19:01.110,ACH/USDT:USDT,0.0213,16984.0,0.021302,3391.0,0.021343,235172576.0,5112281.83163
1753460341911,16:19:01.911,ACH/USDT:USDT,0.021301,2839.0,0.021307,2261.0,0.021343,235122332.0,5111159.03565
1753460342292,16:19:02.292,ACH/USDT:USDT,0.021301,2839.0,0.021307,2261.0,0.021343,235122332.0,5111159.03565
1753460342723,16:19:02.723,ACH/USDT:USDT,0.021301,2839.0,0.021314,5191.0,0.021343,235122332.0,5111159.03565
1753460343690,16:19:03.690,ACH/USDT:USDT,0.021304,2839.0,0.021307,2261.0,0.021343,235122332.0,5111159.03565
1753460344364,16:19:04.364,ACH/USDT:USDT,0.021306,2839.0,0.021307,2261.0,0.021343,235172576.0,5112281.83163
1753460344720,16:19:04.720,ACH/USDT:USDT,0.021306,2839.0,0.021307,2261.0,0.021343,235122332.0,5111159.03565
1753460345037,16:19:05.037,ACH/USDT:USDT,0.021306,2839.0,0.021307,2261.0,0.021343,235122332.0,5111159.03565
1753460345424,16:19:05.424,ACH/USDT:USDT,0.021304,2811.0,0.021317,3589.0,0.021343,235122332.0,5111159.03565
1753460345939,16:19:05.939,ACH/USDT:USDT,0.021313,2811.0,0.021321,5000.0,0.021343,235122332.0,5111159.03565
1753460346698,16:19:06.698,ACH/USDT:USDT,0.021311,5090.0,0.021315,4459.0,0.021343,235122332.0,5111159.03565
1753460347260,16:19:07.260,ACH/USDT:USDT,0.021315,4459.0,0.021326,2839.0,0.021343,235122332.0,5111159.03565
1753460347589,16:19:07.589,ACH/USDT:USDT,0.021316,2811.0,0.021324,2811.0,0.021343,235122332.0,5111159.03565
1753460347945,16:19:07.945,ACH/USDT:USDT,0.021317,5090.0,0.021321,2261.0,0.021343,235122332.0,5111159.03565
1753460348369,16:19:08.369,ACH/USDT:USDT,0.021321,2279.0,0.021327,4460.0,0.021343,235122332.0,5111159.03565
1753460348767,16:19:08.767,ACH/USDT:USDT,0.021322,2811.0,0.021327,4460.0,0.021343,235122332.0,5111159.03565
1753460349423,16:19:09.423,ACH/USDT:USDT,0.021322,2811.0,0.021325,2261.0,0.021343,235122332.0,5111159.03565
1753460349773,16:19:09.773,ACH/USDT:USDT,0.021317,3587.0,0.021325,5072.0,0.021343,235122332.0,5111159.03565
1753460350077,16:19:10.077,ACH/USDT:USDT,0.021318,2811.0,0.021319,2261.0,0.021343,235122332.0,5111159.03565
1753460350402,16:19:10.402,ACH/USDT:USDT,0.021318,2811.0,0.021319,2261.0,0.021343,235122332.0,5111159.03565
1753460350935,16:19:10.935,ACH/USDT:USDT,0.021319,2811.0,0.021324,2261.0,0.021343,235122332.0,5111159.03565
1753460351466,16:19:11.466,ACH/USDT:USDT,0.021319,2811.0,0.021324,2261.0,0.021343,235122332.0,5111159.03565
1753460351792,16:19:11.792,ACH/USDT:USDT,0.021312,4473.0,0.021313,2261.0,0.021343,235122332.0,5111159.03565
1753460352450,16:19:12.450,ACH/USDT:USDT,0.021317,2811.0,0.021324,2261.0,0.021343,235122332.0,5111159.03565
1753460352773,16:19:12.773,ACH/USDT:USDT,0.021317,2811.0,0.021327,4465.0,0.021343,235122332.0,5111159.03565
1753460353138,16:19:13.138,ACH/USDT:USDT,0.021328,2279.0,0.021329,2261.0,0.021343,235122332.0,5111159.03565
1753460353512,16:19:13.512,ACH/USDT:USDT,0.021328,2279.0,0.021329,2261.0,0.021343,235122332.0,5111159.03565
1753460353831,16:19:13.831,ACH/USDT:USDT,0.021328,2811.0,0.021332,4465.0,0.021343,235122332.0,5111159.03565
1753460354156,16:19:14.156,ACH/USDT:USDT,0.021331,7285.0,0.021332,3391.0,0.021343,235122332.0,5111159.03565
1753460354579,16:19:14.579,ACH/USDT:USDT,0.021327,2279.0,0.021328,2261.0,0.021343,235122332.0,5111159.03565
1753460355142,16:19:15.142,ACH/USDT:USDT,0.021327,2279.0,0.021328,2261.0,0.021343,235122332.0,5111159.03565
1753460355472,16:19:15.472,ACH/USDT:USDT,0.021325,4475.0,0.021329,2261.0,0.021343,235122332.0,5111159.03565
1753460355817,16:19:15.817,ACH/USDT:USDT,0.021323,4475.0,0.021328,2261.0,0.021328,235122332.0,5111159.03565
1753460356173,16:19:16.173,ACH/USDT:USDT,0.021323,4475.0,0.021328,2261.0,0.021328,235122332.0,5111159.03565
1753460356575,16:19:16.575,ACH/USDT:USDT,0.021327,2279.0,0.021328,2261.0,0.021328,235135242.0,5111434.38013
1753460357296,16:19:17.296,ACH/USDT:USDT,0.02133,6341.0,0.021335,4465.0,0.021328,235122332.0,5111159.03565
1753460357630,16:19:17.630,ACH/USDT:USDT,0.021332,4478.0,0.021342,5184.0,0.021328,235135242.0,5111434.38013
1753460357990,16:19:17.990,ACH/USDT:USDT,0.021332,2923.0,0.021334,2261.0,0.021328,235135242.0,5111434.38013
1753460358346,16:19:18.346,ACH/USDT:USDT,0.021333,2279.0,0.021334,2261.0,0.021328,235135242.0,5111434.38013
1753460358654,16:19:18.654,ACH/USDT:USDT,0.021333,2279.0,0.021334,2261.0,0.021328,235135242.0,5111434.38013
1753460358976,16:19:18.976,ACH/USDT:USDT,0.021339,2279.0,0.021345,2261.0,0.021328,235135242.0,5111434.38013
1753460359373,16:19:19.373,ACH/USDT:USDT,0.021339,2279.0,0.02134,2261.0,0.021328,235122332.0,5111159.03565
1753460359944,16:19:19.944,ACH/USDT:USDT,0.021339,2279.0,0.02134,2261.0,0.021328,235135242.0,5111434.38013
1753460360666,16:19:20.666,ACH/USDT:USDT,0.02133,2923.0,0.021331,2261.0,0.021328,235135242.0,5111434.38013
1753460360983,16:19:20.983,ACH/USDT:USDT,0.02133,2923.0,0.021331,2261.0,0.021328,235135242.0,5111434.38013
1753460361301,16:19:21.301,ACH/USDT:USDT,0.021329,2279.0,0.02133,3374.0,0.021328,235135242.0,5111434.38013
1753460361632,16:19:21.632,ACH/USDT:USDT,0.021333,2279.0,0.021334,4468.0,0.021328,235135242.0,5111434.38013
1753460362030,16:19:22.030,ACH/USDT:USDT,0.021336,2279.0,0.021337,4468.0,0.021328,235135242.0,5111434.38013
1753460362349,16:19:22.349,ACH/USDT:USDT,0.021333,5202.0,0.021334,3391.0,0.021328,235135242.0,5111434.38013
1753460362680,16:19:22.680,ACH/USDT:USDT,0.021333,5202.0,0.021334,3391.0,0.021328,235135242.0,5111434.38013
1753460363020,16:19:23.020,ACH/USDT:USDT,0.021333,2279.0,0.021337,4468.0,0.021328,235135242.0,5111434.38013
1753460363349,16:19:23.349,ACH/USDT:USDT,0.021333,2279.0,0.021337,4468.0,0.021328,235135242.0,5111434.38013
1753460363669,16:19:23.669,ACH/USDT:USDT,0.021336,5202.0,0.02134,4471.0,0.021328,235135242.0,5111434.38013
1753460363995,16:19:23.995,ACH/USDT:USDT,0.021341,2279.0,0.021346,4471.0,0.021328,235135242.0,5111434.38013
1753460364332,16:19:24.332,ACH/USDT:USDT,0.021344,2279.0,0.021345,2261.0,0.021328,235135242.0,5111434.38013
1753460364679,16:19:24.679,ACH/USDT:USDT,0.021344,2279.0,0.021345,2261.0,0.021328,235135242.0,5111434.38013
1753460364994,16:19:24.994,ACH/USDT:USDT,0.021346,2901.0,0.021347,2261.0,0.021328,235135242.0,5111434.38013
1753460365312,16:19:25.312,ACH/USDT:USDT,0.021346,2901.0,0.021347,2261.0,0.021328,235135242.0,5111434.38013
1753460365650,16:19:25.650,ACH/USDT:USDT,0.021346,2901.0,0.021347,2261.0,0.021328,235135242.0,5111434.38013
1753460365967,16:19:25.967,ACH/USDT:USDT,0.021346,2901.0,0.021347,2261.0,0.021328,235135242.0,5111434.38013
1753460366286,16:19:26.286,ACH/USDT:USDT,0.021349,5180.0,0.021353,4470.0,0.021328,235135242.0,5111434.38013
1753460366600,16:19:26.600,ACH/USDT:USDT,0.021349,2279.0,0.02135,2261.0,0.021328,235135242.0,5111434.38013
1753460367067,16:19:27.067,ACH/USDT:USDT,0.021349,2279.0,0.021354,4468.0,0.021328,235135242.0,5111434.38013
1753460367623,16:19:27.623,ACH/USDT:USDT,0.021352,5180.0,0.021353,2261.0,0.021328,235135242.0,5111434.38013
1753460367992,16:19:27.992,ACH/USDT:USDT,0.021352,5180.0,0.021353,2261.0,0.021328,235135242.0,5111434.38013
1753460368373,16:19:28.373,ACH/USDT:USDT,0.021352,5180.0,0.021353,2261.0,0.021328,235135242.0,5111434.38013
1753460368692,16:19:28.692,ACH/USDT:USDT,0.021352,2279.0,0.021356,4468.0,0.021328,235135242.0,5111434.38013
1753460369022,16:19:29.022,ACH/USDT:USDT,0.021355,5180.0,0.021356,4468.0,0.021328,235135242.0,5111434.38013
1753460369444,16:19:29.444,ACH/USDT:USDT,0.021358,2279.0,0.021359,4468.0,0.021328,235135242.0,5111434.38013
1753460370135,16:19:30.135,ACH/USDT:USDT,0.021354,7379.0,0.021355,2261.0,0.021328,235135242.0,5111434.38013
1753460370871,16:19:30.871,ACH/USDT:USDT,0.021354,7379.0,0.021355,2261.0,0.021328,235135242.0,5111434.38013
1753460371186,16:19:31.186,ACH/USDT:USDT,0.021354,7379.0,0.021355,2261.0,0.021328,235135242.0,5111434.38013
1753460371528,16:19:31.528,ACH/USDT:USDT,0.021351,2901.0,0.021352,3391.0,0.021328,235135242.0,5111434.38013
1753460371919,16:19:31.919,ACH/USDT:USDT,0.021349,4480.0,0.021352,3391.0,0.021328,235135242.0,5111434.38013
1753460372442,16:19:32.442,ACH/USDT:USDT,0.021346,7380.0,0.021347,3391.0,0.021328,235135242.0,5111434.38013
1753460373328,16:19:33.328,ACH/USDT:USDT,0.021346,7380.0,0.021347,3391.0,0.021328,235135242.0,5111434.38013
1753460374178,16:19:34.178,ACH/USDT:USDT,0.021346,7380.0,0.021347,3391.0,0.021328,235135242.0,5111434.38013
1753460374701,16:19:34.701,ACH/USDT:USDT,0.021346,7380.0,0.021347,3391.0,0.021328,235135242.0,5111434.38013
1753460375367,16:19:35.367,ACH/USDT:USDT,0.021346,7380.0,0.021347,3391.0,0.021328,235135242.0,5111434.38013
1753460375725,16:19:35.725,ACH/USDT:USDT,0.021346,7380.0,0.021347,3391.0,0.021328,235135242.0,5111434.38013
1753460376058,16:19:36.058,ACH/USDT:USDT,0.021346,7380.0,0.021347,3391.0,0.021328,235135242.0,5111434.38013
1753460376441,16:19:36.441,ACH/USDT:USDT,0.021343,4479.0,0.021344,2261.0,0.021328,235135242.0,5111434.38013
1753460376853,16:19:36.853,ACH/USDT:USDT,0.021343,7396.0,0.021344,2261.0,0.021328,235135242.0,5111434.38013
1753460377457,16:19:37.457,ACH/USDT:USDT,0.021343,4479.0,0.021344,2261.0,0.021328,235135242.0,5111434.38013
1753460377774,16:19:37.774,ACH/USDT:USDT,0.021345,5196.0,0.021346,2261.0,0.021328,235135242.0,5111434.38013
1753460378137,16:19:38.137,ACH/USDT:USDT,0.021345,5196.0,0.021346,2261.0,0.021328,235135242.0,5111434.38013
1753460378450,16:19:38.450,ACH/USDT:USDT,0.021345,5196.0,0.021346,2261.0,0.021328,235135242.0,5111434.38013
1753460378757,16:19:38.757,ACH/USDT:USDT,0.021345,5196.0,0.021346,2261.0,0.021328,235135242.0,5111434.38013
1753460379074,16:19:39.074,ACH/USDT:USDT,0.021352,3418.0,0.021353,4467.0,0.021328,235135242.0,5111434.38013
1753460379433,16:19:39.433,ACH/USDT:USDT,0.021348,4478.0,0.021356,4467.0,0.021328,235135242.0,5111434.38013
1753460379757,16:19:39.757,ACH/USDT:USDT,0.021348,4478.0,0.021356,4467.0,0.021328,235135242.0,5111434.38013
1753460380074,16:19:40.074,ACH/USDT:USDT,0.021347,4478.0,0.021351,2279.0,0.021328,235135242.0,5111434.38013
1753460380452,16:19:40.452,ACH/USDT:USDT,0.021347,7395.0,0.021351,6745.0,0.021328,235135242.0,5111434.38013
1753460380873,16:19:40.873,ACH/USDT:USDT,0.02135,2279.0,0.021354,4466.0,0.021328,235135242.0,5111434.38013
1753460381187,16:19:41.187,ACH/USDT:USDT,0.021351,2279.0,0.021352,2261.0,0.021328,235135242.0,5111434.38013
1753460381508,16:19:41.508,ACH/USDT:USDT,0.021348,4478.0,0.021349,2261.0,0.021328,235135242.0,5111434.38013
1753460381892,16:19:41.892,ACH/USDT:USDT,0.021351,5196.0,0.021356,4465.0,0.021354,235135242.0,5111434.38013
1753460382227,16:19:42.227,ACH/USDT:USDT,0.021351,5196.0,0.021356,4465.0,0.021354,235135242.0,5111434.38013
1753460382536,16:19:42.536,ACH/USDT:USDT,0.021351,5196.0,0.021356,4465.0,0.021354,235135242.0,5111434.38013
1753460382910,16:19:42.910,ACH/USDT:USDT,0.021351,5196.0,0.021356,4465.0,0.021354,235136620.0,5111463.805942
1753460383275,16:19:43.275,ACH/USDT:USDT,0.021356,2917.0,0.021358,2261.0,0.021354,235136620.0,5111463.805942
1753460383904,16:19:43.904,ACH/USDT:USDT,0.021355,5196.0,0.021356,3391.0,0.021354,235136620.0,5111463.805942
1753460384240,16:19:44.240,ACH/USDT:USDT,0.021355,5196.0,0.021356,3391.0,0.021354,235136620.0,5111463.805942
1753460384567,16:19:44.567,ACH/USDT:USDT,0.021355,5196.0,0.021356,3391.0,0.021354,235136620.0,5111463.805942
1753460384876,16:19:44.876,ACH/USDT:USDT,0.021355,5196.0,0.021356,3391.0,0.021354,235136620.0,5111463.805942
1753460385190,16:19:45.190,ACH/USDT:USDT,0.021351,4479.0,0.021356,6305.0,0.021354,235136620.0,5111463.805942
1753460385553,16:19:45.553,ACH/USDT:USDT,0.021351,7393.0,0.021352,2261.0,0.021354,235136620.0,5111463.805942
1753460386218,16:19:46.218,ACH/USDT:USDT,0.021354,2279.0,0.021355,4467.0,0.021354,235136620.0,5111463.805942
1753460386533,16:19:46.533,ACH/USDT:USDT,0.021348,2914.0,0.021351,2261.0,0.021345,235136620.0,5111463.805942
1753460386895,16:19:46.895,ACH/USDT:USDT,0.021355,4481.0,0.021359,4467.0,0.021345,235136620.0,5111463.805942
1753460387212,16:19:47.212,ACH/USDT:USDT,0.021355,4481.0,0.021359,4467.0,0.021345,235136620.0,5111463.805942
1753460387549,16:19:47.549,ACH/USDT:USDT,0.021355,7395.0,0.021362,995.0,0.021345,235216926.0,5113178.03823
1753460388147,16:19:48.147,ACH/USDT:USDT,0.021355,7395.0,0.021362,995.0,0.021345,235216926.0,5113178.03823
1753460388888,16:19:48.888,ACH/USDT:USDT,0.021367,3418.0,0.021368,469.0,0.021362,235216926.0,5113178.03823
1753460389227,16:19:49.227,ACH/USDT:USDT,0.021367,3418.0,0.021368,2261.0,0.021362,235216926.0,5113178.03823
1753460389559,16:19:49.559,ACH/USDT:USDT,0.021367,3418.0,0.021368,2261.0,0.021362,235216926.0,5113178.03823
1753460389872,16:19:49.872,ACH/USDT:USDT,0.021357,4484.0,0.021365,2914.0,0.021362,235216926.0,5113178.03823
1753460390211,16:19:50.211,ACH/USDT:USDT,0.021352,7398.0,0.021353,2261.0,0.021362,235216926.0,5113178.03823
1753460390620,16:19:50.620,ACH/USDT:USDT,0.021352,7398.0,0.021353,2261.0,0.021362,235218916.0,5113220.54861
1753460390930,16:19:50.930,ACH/USDT:USDT,0.021352,7398.0,0.021353,2261.0,0.021362,235218916.0,5113220.54861
1753460391251,16:19:51.251,ACH/USDT:USDT,0.021352,4484.0,0.021353,2261.0,0.021362,235218916.0,5113220.54861
1753460391586,16:19:51.586,ACH/USDT:USDT,0.021352,4484.0,0.021353,2261.0,0.021362,235218916.0,5113220.54861
1753460391977,16:19:51.977,ACH/USDT:USDT,0.021352,4484.0,0.021353,2261.0,0.021362,235218916.0,5113220.54861
1753460392303,16:19:52.303,ACH/USDT:USDT,0.021345,4481.0,0.021346,3391.0,0.021362,235218916.0,5113220.54861
1753460392640,16:19:52.640,ACH/USDT:USDT,0.021344,2279.0,0.021345,2261.0,0.021362,235218916.0,5113220.54861
1753460393049,16:19:53.049,ACH/USDT:USDT,0.021344,5193.0,0.021348,4465.0,0.021362,235218916.0,5113220.54861
1753460393363,16:19:53.363,ACH/USDT:USDT,0.021344,5193.0,0.021348,4465.0,0.021362,235218916.0,5113220.54861
1753460393680,16:19:53.680,ACH/USDT:USDT,0.021344,2279.0,0.021348,4465.0,0.021362,235218916.0,5113220.54861
1753460394026,16:19:54.026,ACH/USDT:USDT,0.021344,5193.0,0.021351,4463.0,0.021362,235218916.0,5113220.54861
1753460394364,16:19:54.364,ACH/USDT:USDT,0.021349,2279.0,0.02135,2261.0,0.021362,235218916.0,5113220.54861
1753460394674,16:19:54.674,ACH/USDT:USDT,0.021349,2279.0,0.02135,2261.0,0.021362,235218916.0,5113220.54861
