timestamp,time,symbol,bid,bidVolume,ask,askVolume,lastPrice,baseVolume,quoteVolume
1753460254559,16:17:34.559,ADA/USDT:USDT,0.785,32331.0,0.7851,14562.0,0.7853,343749646.0,276449793.1084
1753460255505,16:17:35.505,ADA/USDT:USDT,0.785,47131.0,0.7851,14562.0,0.7853,343749646.0,276449793.1084
1753460256530,16:17:36.530,ADA/USDT:USDT,0.785,47220.0,0.7851,16230.0,0.7853,343749646.0,276449793.1084
1753460256844,16:17:36.844,ADA/USDT:USDT,0.785,47220.0,0.7851,16230.0,0.7853,343749646.0,276449793.1084
1753460257229,16:17:37.229,ADA/USDT:USDT,0.785,17971.0,0.7851,46344.0,0.785,343749646.0,276449793.1084
1753460258361,16:17:38.361,ADA/USDT:USDT,0.7848,18331.0,0.7849,63189.0,0.7849,343753400.0,276452739.9984
1753460258733,16:17:38.733,ADA/USDT:USDT,0.7848,32331.0,0.7849,63189.0,0.7849,343753400.0,276452739.9984
1753460259060,16:17:39.060,ADA/USDT:USDT,0.7848,32331.0,0.7849,63189.0,0.7849,343753688.0,276452966.0496
1753460259398,16:17:39.398,ADA/USDT:USDT,0.7846,35165.0,0.7847,3114.0,0.7848,343749646.0,276449793.1084
1753460259904,16:17:39.904,ADA/USDT:USDT,0.7846,30746.0,0.7847,18362.0,0.7848,343749646.0,276449793.1084
1753460260650,16:17:40.650,ADA/USDT:USDT,0.7846,27776.0,0.7847,17863.0,0.7848,343753688.0,276452966.0496
1753460260999,16:17:40.999,ADA/USDT:USDT,0.7844,28751.0,0.7845,22901.0,0.7845,343789710.0,276481236.0972
1753460261327,16:17:41.327,ADA/USDT:USDT,0.7844,28401.0,0.7845,22901.0,0.7845,343753688.0,276452966.0496
1753460261680,16:17:41.680,ADA/USDT:USDT,0.7844,16272.0,0.7845,39015.0,0.7845,343789710.0,276481236.0972
1753460262002,16:17:42.002,ADA/USDT:USDT,0.7841,16910.0,0.7842,44173.0,0.7841,343789710.0,276481236.0972
1753460262385,16:17:42.385,ADA/USDT:USDT,0.784,28417.0,0.7841,13298.0,0.7841,343790144.0,276481576.515
1753460263252,16:17:43.252,ADA/USDT:USDT,0.7842,16114.0,0.7843,25171.0,0.7841,343790144.0,276481576.515
1753460263615,16:17:43.615,ADA/USDT:USDT,0.7842,16464.0,0.7843,21808.0,0.7841,343790144.0,276481576.515
1753460264277,16:17:44.277,ADA/USDT:USDT,0.7842,24885.0,0.7843,17354.0,0.7841,343790900.0,276482169.2946
1753460264613,16:17:44.613,ADA/USDT:USDT,0.7841,31143.0,0.7842,16842.0,0.7841,343790900.0,276482169.2946
1753460264991,16:17:44.991,ADA/USDT:USDT,0.7841,31493.0,0.7842,16842.0,0.7841,343790900.0,276482169.2946
1753460265346,16:17:45.346,ADA/USDT:USDT,0.7841,31493.0,0.7842,15834.0,0.7842,343790900.0,276482169.2946
1753460265656,16:17:45.656,ADA/USDT:USDT,0.784,37174.0,0.7841,1474.0,0.7842,343790900.0,276482169.2946
1753460265974,16:17:45.974,ADA/USDT:USDT,0.7841,32785.0,0.7842,1949.0,0.7842,343790900.0,276482169.2946
1753460266337,16:17:46.337,ADA/USDT:USDT,0.7842,52117.0,0.7843,637.0,0.7842,343790900.0,276482169.2946
1753460266674,16:17:46.674,ADA/USDT:USDT,0.7842,52117.0,0.7843,637.0,0.7842,343791282.0,276482468.859
1753460266988,16:17:46.988,ADA/USDT:USDT,0.7842,17981.0,0.7843,54374.0,0.7842,343791282.0,276482468.859
1753460267311,16:17:47.311,ADA/USDT:USDT,0.7839,16751.0,0.784,3626.0,0.7839,343789710.0,276481236.0972
1753460268018,16:17:48.018,ADA/USDT:USDT,0.7839,23782.0,0.784,31363.0,0.7839,343791282.0,276482468.859
1753460268341,16:17:48.341,ADA/USDT:USDT,0.7839,21084.0,0.784,17363.0,0.7839,343791282.0,276482468.859
1753460268687,16:17:48.687,ADA/USDT:USDT,0.7839,9772.0,0.784,31363.0,0.7839,344588042.0,277107122.3246
1753460269054,16:17:49.054,ADA/USDT:USDT,0.7839,389.0,0.784,53338.0,0.7839,344588042.0,277107122.3246
1753460269691,16:17:49.691,ADA/USDT:USDT,0.7838,27517.0,0.7839,16239.0,0.7839,344588042.0,277107122.3246
1753460270116,16:17:50.116,ADA/USDT:USDT,0.7838,16116.0,0.7839,16692.0,0.7839,343791282.0,276482468.859
1753460270571,16:17:50.571,ADA/USDT:USDT,0.7837,17742.0,0.7838,37508.0,0.7839,344591776.0,277110049.4072
1753460271859,16:17:51.859,ADA/USDT:USDT,0.7837,17742.0,0.7838,58543.0,0.7838,344591776.0,277110049.4072
1753460272175,16:17:52.175,ADA/USDT:USDT,0.7837,41073.0,0.7838,14901.0,0.7837,344588042.0,277107122.3246
1753460272705,16:17:52.705,ADA/USDT:USDT,0.7837,28089.0,0.7838,15727.0,0.7837,344591780.0,277110052.5424
1753460273338,16:17:53.338,ADA/USDT:USDT,0.7837,28472.0,0.7838,29237.0,0.7837,344591780.0,277110052.5424
1753460273713,16:17:53.713,ADA/USDT:USDT,0.7836,21065.0,0.7837,21561.0,0.7837,344596616.0,277113842.5156
1753460274049,16:17:54.049,ADA/USDT:USDT,0.7836,38073.0,0.7837,6735.0,0.7837,344596616.0,277113842.5156
1753460274359,16:17:54.359,ADA/USDT:USDT,0.7836,19582.0,0.7837,7561.0,0.7837,344596616.0,277113842.5156
1753460274673,16:17:54.673,ADA/USDT:USDT,0.7836,19582.0,0.7837,21561.0,0.7837,344596616.0,277113842.5156
1753460275038,16:17:55.038,ADA/USDT:USDT,0.7837,40651.0,0.7838,860.0,0.7837,344596616.0,277113842.5156
1753460275396,16:17:55.396,ADA/USDT:USDT,0.7837,40651.0,0.7838,860.0,0.7837,344596616.0,277113842.5156
1753460275717,16:17:55.717,ADA/USDT:USDT,0.7837,17728.0,0.7838,19687.0,0.7837,344597640.0,277114645.0244
1753460276033,16:17:56.033,ADA/USDT:USDT,0.7836,18993.0,0.7837,18952.0,0.7836,344597640.0,277114645.0244
1753460276391,16:17:56.391,ADA/USDT:USDT,0.7834,17719.0,0.7835,21594.0,0.7836,344634096.0,277143215.4916
1753460277159,16:17:57.159,ADA/USDT:USDT,0.7832,7782.0,0.7833,30853.0,0.7832,344591776.0,277110049.4072
1753460278011,16:17:58.011,ADA/USDT:USDT,0.7832,24502.0,0.7833,4417.0,0.7832,344710794.0,277203293.9488
1753460279078,16:17:59.078,ADA/USDT:USDT,0.7832,32321.0,0.7833,10657.0,0.7832,344634096.0,277143215.4916
1753460279453,16:17:59.453,ADA/USDT:USDT,0.7831,57011.0,0.7833,15450.0,0.7832,344730716.0,277218896.8592
1753460279822,16:17:59.822,ADA/USDT:USDT,0.7832,16305.0,0.7833,12409.0,0.7832,344730716.0,277218896.8592
1753460280192,16:18:00.192,ADA/USDT:USDT,0.7833,74020.0,0.7836,10030.0,0.7833,344591780.0,277110052.5424
1753460280884,16:18:00.884,ADA/USDT:USDT,0.7833,74020.0,0.7836,10030.0,0.7833,344661912.0,277162532.9718
1753460281252,16:18:01.252,ADA/USDT:USDT,0.7831,215.0,0.7832,16853.0,0.7836,344661912.0,277162532.9718
1753460281596,16:18:01.596,ADA/USDT:USDT,0.7831,3932.0,0.7832,33420.0,0.7836,344665604.0,277165425.577
1753460281968,16:18:01.968,ADA/USDT:USDT,0.7831,11124.0,0.7832,33420.0,0.7836,344597640.0,277114645.0244
1753460282610,16:18:02.610,ADA/USDT:USDT,0.7833,48454.0,0.7834,350.0,0.7833,344665604.0,277165425.577
1753460282985,16:18:02.985,ADA/USDT:USDT,0.7832,16114.0,0.7834,34039.0,0.7833,344665604.0,277165425.577
1753460283313,16:18:03.313,ADA/USDT:USDT,0.7832,16114.0,0.7834,34039.0,0.7833,344665604.0,277165425.577
1753460283638,16:18:03.638,ADA/USDT:USDT,0.783,405.0,0.7831,66177.0,0.7831,344665604.0,277165425.577
1753460283975,16:18:03.975,ADA/USDT:USDT,0.7829,16223.0,0.783,42424.0,0.783,344665604.0,277165425.577
1753460284309,16:18:04.309,ADA/USDT:USDT,0.7829,16223.0,0.783,42424.0,0.783,344665604.0,277165425.577
1753460284623,16:18:04.623,ADA/USDT:USDT,0.7829,39.0,0.783,78801.0,0.783,344666398.0,277166047.3982
1753460284946,16:18:04.946,ADA/USDT:USDT,0.783,16817.0,0.7831,35636.0,0.783,344666398.0,277166047.3982
1753460285310,16:18:05.310,ADA/USDT:USDT,0.7832,16655.0,0.7833,1002.0,0.7831,344666398.0,277166047.3982
1753460285635,16:18:05.635,ADA/USDT:USDT,0.7833,56797.0,0.7834,301.0,0.7833,344666398.0,277166047.3982
1753460285961,16:18:05.961,ADA/USDT:USDT,0.7836,49051.0,0.7837,799.0,0.7837,344666398.0,277166047.3982
1753460286338,16:18:06.338,ADA/USDT:USDT,0.7838,31877.0,0.7839,2816.0,0.7837,344665604.0,277165425.577
1753460286843,16:18:06.843,ADA/USDT:USDT,0.7838,41933.0,0.7839,4925.0,0.7837,344669072.0,277168141.7516
1753460287159,16:18:07.159,ADA/USDT:USDT,0.7838,45970.0,0.7839,1686.0,0.7837,344669072.0,277168141.7516
1753460287496,16:18:07.496,ADA/USDT:USDT,0.7838,31979.0,0.7839,4925.0,0.7838,344730716.0,277218896.8592
1753460288250,16:18:08.250,ADA/USDT:USDT,0.7838,19137.0,0.7839,16237.0,0.7838,344690226.0,277184721.8926
1753460289144,16:18:09.144,ADA/USDT:USDT,0.7838,19137.0,0.7839,32351.0,0.7838,344690226.0,277184721.8926
1753460289469,16:18:09.469,ADA/USDT:USDT,0.7838,6863.0,0.7839,32804.0,0.7838,344666398.0,277166047.3982
1753460289838,16:18:09.838,ADA/USDT:USDT,0.7837,32289.0,0.7839,35832.0,0.7838,344690226.0,277184721.8926
1753460290210,16:18:10.210,ADA/USDT:USDT,0.7837,16464.0,0.7838,27072.0,0.7838,344690226.0,277184721.8926
1753460290538,16:18:10.538,ADA/USDT:USDT,0.7837,16464.0,0.7838,27072.0,0.7838,344690226.0,277184721.8926
1753460290874,16:18:10.874,ADA/USDT:USDT,0.7838,37390.0,0.7839,4925.0,0.7838,344690226.0,277184721.8926
1753460291194,16:18:11.194,ADA/USDT:USDT,0.7838,48712.0,0.7839,1372.0,0.7838,344669072.0,277168141.7516
1753460291621,16:18:11.621,ADA/USDT:USDT,0.7839,53023.0,0.784,862.0,0.7839,344690226.0,277184721.8926
1753460291992,16:18:11.992,ADA/USDT:USDT,0.7839,51378.0,0.784,862.0,0.7839,344694348.0,277187952.8882
1753460292316,16:18:12.316,ADA/USDT:USDT,0.7839,44509.0,0.784,862.0,0.7839,344690226.0,277184721.8926
1753460292693,16:18:12.693,ADA/USDT:USDT,0.784,60062.0,0.7841,350.0,0.7839,344694348.0,277187952.8882
1753460293019,16:18:13.019,ADA/USDT:USDT,0.784,60062.0,0.7841,350.0,0.7839,344694348.0,277187952.8882
1753460293334,16:18:13.334,ADA/USDT:USDT,0.7841,33415.0,0.7842,24534.0,0.7841,344694348.0,277187952.8882
1753460294008,16:18:14.008,ADA/USDT:USDT,0.7841,27776.0,0.7843,17934.0,0.7841,344694348.0,277187952.8882
1753460294337,16:18:14.337,ADA/USDT:USDT,0.7842,31493.0,0.7843,29471.0,0.7841,344695048.0,277188501.7582
1753460295320,16:18:15.320,ADA/USDT:USDT,0.784,16114.0,0.7841,42389.0,0.7841,344695048.0,277188501.7582
1753460295628,16:18:15.628,ADA/USDT:USDT,0.784,16114.0,0.7841,42389.0,0.7841,344695048.0,277188501.7582
1753460295942,16:18:15.942,ADA/USDT:USDT,0.7839,17248.0,0.784,11635.0,0.7841,344695048.0,277188501.7582
1753460296328,16:18:16.328,ADA/USDT:USDT,0.7839,17248.0,0.784,44281.0,0.7841,344695048.0,277188501.7582
1753460297288,16:18:17.288,ADA/USDT:USDT,0.7839,30055.0,0.784,2723.0,0.7841,344695048.0,277188501.7582
1753460298353,16:18:18.353,ADA/USDT:USDT,0.7842,38680.0,0.7843,1127.0,0.7841,344695048.0,277188501.7582
1753460298715,16:18:18.715,ADA/USDT:USDT,0.7842,59456.0,0.7843,127.0,0.7841,344695048.0,277188501.7582
1753460299374,16:18:19.374,ADA/USDT:USDT,0.7843,70533.0,0.7844,5049.0,0.7841,344696602.0,277189720.2496
1753460299688,16:18:19.688,ADA/USDT:USDT,0.7843,70533.0,0.7845,14289.0,0.7841,344696602.0,277189720.2496
1753460300089,16:18:20.089,ADA/USDT:USDT,0.7845,37986.0,0.7846,6337.0,0.7845,344696602.0,277189720.2496
1753460300463,16:18:20.463,ADA/USDT:USDT,0.7845,50145.0,0.7846,3925.0,0.7845,344696602.0,277189720.2496
1753460300781,16:18:20.781,ADA/USDT:USDT,0.7846,48352.0,0.7847,2784.0,0.7847,344696602.0,277189720.2496
1753460301104,16:18:21.104,ADA/USDT:USDT,0.7846,79427.0,0.7847,127.0,0.7847,344696602.0,277189720.2496
1753460301460,16:18:21.460,ADA/USDT:USDT,0.7847,59244.0,0.7849,46682.0,0.7847,344698622.0,277191305.1556
1753460301782,16:18:21.782,ADA/USDT:USDT,0.7848,24326.0,0.7849,20131.0,0.7847,344698622.0,277191305.1556
1753460302100,16:18:22.100,ADA/USDT:USDT,0.7849,37607.0,0.785,127.0,0.7847,344698622.0,277191305.1556
1753460302559,16:18:22.559,ADA/USDT:USDT,0.785,54444.0,0.7851,4755.0,0.7847,344698622.0,277191305.1556
1753460302923,16:18:22.923,ADA/USDT:USDT,0.785,54444.0,0.7851,4755.0,0.7847,344698876.0,277191504.4694
1753460303785,16:18:23.785,ADA/USDT:USDT,0.7851,31143.0,0.7852,31946.0,0.7851,344698876.0,277191504.4694
1753460304105,16:18:24.105,ADA/USDT:USDT,0.7851,27426.0,0.7852,20852.0,0.7851,344700026.0,277192407.3344
1753460304423,16:18:24.423,ADA/USDT:USDT,0.7851,16114.0,0.7852,51813.0,0.7851,344700026.0,277192407.3344
1753460304804,16:18:24.804,ADA/USDT:USDT,0.7851,27418.0,0.7852,36966.0,0.7851,344700026.0,277192407.3344
1753460305226,16:18:25.226,ADA/USDT:USDT,0.7851,27418.0,0.7852,36966.0,0.7851,344700026.0,277192407.3344
1753460305540,16:18:25.540,ADA/USDT:USDT,0.7851,26221.0,0.7852,36966.0,0.7851,344700026.0,277192407.3344
1753460305859,16:18:25.859,ADA/USDT:USDT,0.7849,17311.0,0.785,12024.0,0.7851,344700026.0,277192407.3344
1753460306229,16:18:26.229,ADA/USDT:USDT,0.785,23280.0,0.7852,49241.0,0.785,344700026.0,277192407.3344
1753460306870,16:18:26.870,ADA/USDT:USDT,0.785,32585.0,0.7851,12310.0,0.7851,344700026.0,277192407.3344
1753460307248,16:18:27.248,ADA/USDT:USDT,0.785,39995.0,0.7851,9565.0,0.7851,344700026.0,277192407.3344
1753460307720,16:18:27.720,ADA/USDT:USDT,0.7849,49739.0,0.7851,22347.0,0.7851,344701738.0,277193751.3238
1753460308736,16:18:28.736,ADA/USDT:USDT,0.7849,28616.0,0.785,15822.0,0.7851,344701738.0,277193751.3238
1753460309466,16:18:29.466,ADA/USDT:USDT,0.7849,42616.0,0.785,3239.0,0.7851,344701738.0,277193751.3238
1753460310373,16:18:30.373,ADA/USDT:USDT,0.7849,28616.0,0.785,19830.0,0.7851,344701738.0,277193751.3238
1753460310691,16:18:30.691,ADA/USDT:USDT,0.7849,28616.0,0.785,19830.0,0.7851,344701738.0,277193751.3238
1753460311035,16:18:31.035,ADA/USDT:USDT,0.785,4965.0,0.7852,10504.0,0.785,344701738.0,277193751.3238
1753460311380,16:18:31.380,ADA/USDT:USDT,0.7851,37721.0,0.7852,24277.0,0.785,344701738.0,277193751.3238
1753460311693,16:18:31.693,ADA/USDT:USDT,0.7851,37721.0,0.7852,11277.0,0.785,344701738.0,277193751.3238
1753460312070,16:18:32.070,ADA/USDT:USDT,0.7851,37721.0,0.7852,11277.0,0.785,344701738.0,277193751.3238
1753460312591,16:18:32.591,ADA/USDT:USDT,0.7848,16464.0,0.7849,25679.0,0.785,344705272.0,277196525.5138
1753460313079,16:18:33.079,ADA/USDT:USDT,0.7848,52108.0,0.785,36262.0,0.785,344705272.0,277196525.5138
1753460314130,16:18:34.130,ADA/USDT:USDT,0.7845,21904.0,0.7846,16696.0,0.7846,344701738.0,277193751.3238
1753460314846,16:18:34.846,ADA/USDT:USDT,0.7846,46413.0,0.7848,39941.0,0.7846,344708382.0,277198965.6168
1753460315717,16:18:35.717,ADA/USDT:USDT,0.7846,33411.0,0.7848,46706.0,0.7846,344708382.0,277198965.6168
1753460316044,16:18:36.044,ADA/USDT:USDT,0.7847,44260.0,0.7848,8797.0,0.7846,344708382.0,277198965.6168
1753460316408,16:18:36.408,ADA/USDT:USDT,0.7847,30760.0,0.7848,8797.0,0.7846,344708382.0,277198965.6168
1753460316816,16:18:36.816,ADA/USDT:USDT,0.7847,16114.0,0.7848,39019.0,0.7846,344708382.0,277198965.6168
1753460317141,16:18:37.141,ADA/USDT:USDT,0.7848,52476.0,0.7849,2147.0,0.7848,344708382.0,277198965.6168
1753460317464,16:18:37.464,ADA/USDT:USDT,0.7848,52476.0,0.7849,8635.0,0.7849,344711580.0,277201475.4072
1753460318462,16:18:38.462,ADA/USDT:USDT,0.7847,49484.0,0.7849,32621.0,0.7848,344711580.0,277201475.4072
1753460318793,16:18:38.793,ADA/USDT:USDT,0.7848,19450.0,0.7849,31497.0,0.7848,344711580.0,277201475.4072
1753460319137,16:18:39.137,ADA/USDT:USDT,0.7848,47732.0,0.7849,13236.0,0.7848,344726188.0,277212939.9576
1753460319474,16:18:39.474,ADA/USDT:USDT,0.7848,47732.0,0.7849,13236.0,0.7848,344726188.0,277212939.9576
1753460319784,16:18:39.784,ADA/USDT:USDT,0.7848,17713.0,0.7849,37210.0,0.7848,344726188.0,277212939.9576
1753460320151,16:18:40.151,ADA/USDT:USDT,0.7847,19703.0,0.7848,38560.0,0.7849,344726188.0,277212939.9576
1753460320577,16:18:40.577,ADA/USDT:USDT,0.7847,19703.0,0.7848,43174.0,0.7849,344711580.0,277201475.4072
1753460320941,16:18:40.941,ADA/USDT:USDT,0.7845,3694.0,0.7846,60723.0,0.7845,344730436.0,277216274.2128
1753460321284,16:18:41.284,ADA/USDT:USDT,0.7843,18910.0,0.7844,25550.0,0.7845,344730436.0,277216274.2128
1753460321646,16:18:41.646,ADA/USDT:USDT,0.7843,2781.0,0.7844,41664.0,0.7845,344730436.0,277216274.2128
1753460321977,16:18:41.977,ADA/USDT:USDT,0.7843,2781.0,0.7844,41664.0,0.7845,344740322.0,277224029.7798
1753460322677,16:18:42.677,ADA/USDT:USDT,0.7843,20535.0,0.7844,32883.0,0.7845,344740322.0,277224029.7798
1753460323418,16:18:43.418,ADA/USDT:USDT,0.7843,20535.0,0.7844,29905.0,0.7845,344740322.0,277224029.7798
1753460323735,16:18:43.735,ADA/USDT:USDT,0.7843,31015.0,0.7844,19750.0,0.7845,344740322.0,277224029.7798
1753460324095,16:18:44.095,ADA/USDT:USDT,0.7843,44285.0,0.7844,19750.0,0.7843,344740322.0,277224029.7798
1753460324752,16:18:44.752,ADA/USDT:USDT,0.7842,1640.0,0.7843,37249.0,0.7843,344740322.0,277224029.7798
1753460325135,16:18:45.135,ADA/USDT:USDT,0.7842,40363.0,0.7843,37249.0,0.7843,344740322.0,277224029.7798
1753460325543,16:18:45.543,ADA/USDT:USDT,0.7842,40363.0,0.7843,13833.0,0.7843,344740782.0,277224390.5578
1753460325858,16:18:45.858,ADA/USDT:USDT,0.7842,39515.0,0.7843,20368.0,0.7843,344740782.0,277224390.5578
1753460326171,16:18:46.171,ADA/USDT:USDT,0.7842,19703.0,0.7843,37330.0,0.7843,344740782.0,277224390.5578
1753460326538,16:18:46.538,ADA/USDT:USDT,0.7842,19703.0,0.7843,36482.0,0.7843,344740322.0,277224029.7798
1753460326849,16:18:46.849,ADA/USDT:USDT,0.7842,19703.0,0.7843,36482.0,0.7843,344740782.0,277224390.5578
1753460327163,16:18:47.163,ADA/USDT:USDT,0.7842,19703.0,0.7843,36482.0,0.7843,344740782.0,277224390.5578
1753460327533,16:18:47.533,ADA/USDT:USDT,0.7839,37430.0,0.784,11520.0,0.7841,344740782.0,277224390.5578
1753460327958,16:18:47.958,ADA/USDT:USDT,0.7839,1134.0,0.784,38872.0,0.784,344740782.0,277224390.5578
1753460328285,16:18:48.285,ADA/USDT:USDT,0.7839,1134.0,0.784,38872.0,0.784,344749240.0,277231021.6998
1753460328605,16:18:48.605,ADA/USDT:USDT,0.7839,1134.0,0.784,47530.0,0.784,344730436.0,277216274.2128
1753460329277,16:18:49.277,ADA/USDT:USDT,0.7837,48791.0,0.7838,7860.0,0.7839,344749240.0,277231021.6998
1753460329588,16:18:49.588,ADA/USDT:USDT,0.7838,30891.0,0.7839,31717.0,0.7839,344749240.0,277231021.6998
1753460329991,16:18:49.991,ADA/USDT:USDT,0.7838,21430.0,0.7839,43539.0,0.7839,344749240.0,277231021.6998
1753460330416,16:18:50.416,ADA/USDT:USDT,0.7838,31015.0,0.7839,42564.0,0.7839,344740782.0,277224390.5578
1753460330795,16:18:50.795,ADA/USDT:USDT,0.7838,31015.0,0.7839,42564.0,0.7839,344751508.0,277232799.585
1753460331103,16:18:51.103,ADA/USDT:USDT,0.7838,45015.0,0.7839,860.0,0.7839,344751508.0,277232799.585
1753460331473,16:18:51.473,ADA/USDT:USDT,0.7838,31015.0,0.7839,2459.0,0.7839,344751508.0,277232799.585
1753460331786,16:18:51.786,ADA/USDT:USDT,0.7838,31015.0,0.7839,2459.0,0.7839,344751508.0,277232799.585
1753460332096,16:18:52.096,ADA/USDT:USDT,0.7838,45015.0,0.7839,2459.0,0.7839,344751508.0,277232799.585
1753460332468,16:18:52.468,ADA/USDT:USDT,0.7838,31015.0,0.7839,18934.0,0.7839,344751508.0,277232799.585
1753460332861,16:18:52.861,ADA/USDT:USDT,0.7838,45015.0,0.7839,3007.0,0.7839,344751508.0,277232799.585
1753460333206,16:18:53.206,ADA/USDT:USDT,0.7838,31015.0,0.7839,18934.0,0.7839,344749240.0,277231021.6998
1753460333815,16:18:53.815,ADA/USDT:USDT,0.7837,16114.0,0.7838,39956.0,0.7839,344751508.0,277232799.585
1753460334463,16:18:54.463,ADA/USDT:USDT,0.7837,43480.0,0.7839,34846.0,0.7839,344751508.0,277232799.585
1753460334775,16:18:54.775,ADA/USDT:USDT,0.7837,31863.0,0.7838,15728.0,0.7839,344751508.0,277232799.585
1753460335200,16:18:55.200,ADA/USDT:USDT,0.7837,31863.0,0.7838,29210.0,0.7839,344751508.0,277232799.585
1753460335626,16:18:55.626,ADA/USDT:USDT,0.7837,1640.0,0.7838,29210.0,0.7839,344751508.0,277232799.585
1753460335948,16:18:55.948,ADA/USDT:USDT,0.7837,32354.0,0.7838,1599.0,0.7839,344751508.0,277232799.585
1753460336299,16:18:56.299,ADA/USDT:USDT,0.7838,46651.0,0.7839,21794.0,0.7839,344751508.0,277232799.585
1753460336627,16:18:56.627,ADA/USDT:USDT,0.7838,46651.0,0.7839,18062.0,0.7839,344751508.0,277232799.585
1753460336941,16:18:56.941,ADA/USDT:USDT,0.7838,46651.0,0.7839,18062.0,0.7839,344751508.0,277232799.585
1753460337267,16:18:57.267,ADA/USDT:USDT,0.7839,45842.0,0.784,17156.0,0.7839,344752782.0,277233798.2736
1753460337596,16:18:57.596,ADA/USDT:USDT,0.7839,45842.0,0.784,20017.0,0.7839,344752782.0,277233798.2736
1753460338246,16:18:58.246,ADA/USDT:USDT,0.7839,45842.0,0.784,860.0,0.7839,344752782.0,277233798.2736
1753460338561,16:18:58.561,ADA/USDT:USDT,0.7839,45842.0,0.784,23334.0,0.7839,344752782.0,277233798.2736
1753460338922,16:18:58.922,ADA/USDT:USDT,0.7838,17238.0,0.7839,53586.0,0.7839,344752782.0,277233798.2736
1753460339233,16:18:59.233,ADA/USDT:USDT,0.7838,17238.0,0.7839,53586.0,0.7839,344752782.0,277233798.2736
1753460339543,16:18:59.543,ADA/USDT:USDT,0.7838,3550.0,0.7839,52577.0,0.7839,344752782.0,277233798.2736
1753460339956,16:18:59.956,ADA/USDT:USDT,0.7838,33478.0,0.7839,22463.0,0.7839,344752782.0,277233798.2736
1753460341011,16:19:01.011,ADA/USDT:USDT,0.7836,16965.0,0.7838,28188.0,0.7838,344751508.0,277232799.585
1753460341887,16:19:01.887,ADA/USDT:USDT,0.7835,29577.0,0.7836,49417.0,0.7836,344678302.0,277172722.096
1753460342277,16:19:02.277,ADA/USDT:USDT,0.7835,33159.0,0.7836,24746.0,0.7836,344678302.0,277172722.096
1753460342610,16:19:02.610,ADA/USDT:USDT,0.7835,33159.0,0.7836,14192.0,0.7836,344683792.0,277177024.5184
1753460343594,16:19:03.594,ADA/USDT:USDT,0.7835,30733.0,0.7836,36505.0,0.7836,344683792.0,277177024.5184
1753460344335,16:19:04.335,ADA/USDT:USDT,0.7835,32332.0,0.7836,36505.0,0.7836,344752782.0,277233798.2736
1753460344706,16:19:04.706,ADA/USDT:USDT,0.7835,32332.0,0.7836,36505.0,0.7836,344683792.0,277177024.5184
1753460345021,16:19:05.021,ADA/USDT:USDT,0.7835,32332.0,0.7836,37015.0,0.7836,344683792.0,277177024.5184
1753460345401,16:19:05.401,ADA/USDT:USDT,0.7835,33166.0,0.7836,35798.0,0.7836,344683792.0,277177024.5184
1753460345805,16:19:05.805,ADA/USDT:USDT,0.7837,16464.0,0.7839,18363.0,0.7839,344684812.0,277177823.7904
1753460346668,16:19:06.668,ADA/USDT:USDT,0.7836,5235.0,0.7837,51233.0,0.7836,344683792.0,277177024.5184
1753460347247,16:19:07.247,ADA/USDT:USDT,0.7837,35787.0,0.7838,15417.0,0.7836,344685066.0,277178022.901
1753460347571,16:19:07.571,ADA/USDT:USDT,0.7838,17619.0,0.7839,32635.0,0.7836,344685066.0,277178022.901
1753460347927,16:19:07.927,ADA/USDT:USDT,0.7837,19384.0,0.7838,41973.0,0.7836,344685066.0,277178022.901
1753460348353,16:19:08.353,ADA/USDT:USDT,0.7838,16880.0,0.7839,860.0,0.7836,344686776.0,277179362.857
1753460348752,16:19:08.752,ADA/USDT:USDT,0.7838,31046.0,0.7839,14638.0,0.7836,344686776.0,277179362.857
1753460349066,16:19:09.066,ADA/USDT:USDT,0.7838,31046.0,0.7839,33385.0,0.7836,344686776.0,277179362.857
1753460349406,16:19:09.406,ADA/USDT:USDT,0.7838,31046.0,0.7839,32339.0,0.7836,344686776.0,277179362.857
1753460349757,16:19:09.757,ADA/USDT:USDT,0.7836,16464.0,0.7837,28760.0,0.7836,344686776.0,277179362.857
1753460350063,16:19:10.063,ADA/USDT:USDT,0.7836,35997.0,0.7837,16599.0,0.7836,344686776.0,277179362.857
1753460350381,16:19:10.381,ADA/USDT:USDT,0.7836,32396.0,0.7837,16599.0,0.7836,344686776.0,277179362.857
1753460350812,16:19:10.812,ADA/USDT:USDT,0.7836,26988.0,0.7837,15765.0,0.7836,344683792.0,277177024.5184
1753460351774,16:19:11.774,ADA/USDT:USDT,0.7835,16464.0,0.7836,47791.0,0.7836,344937568.0,277375909.4494
1753460352434,16:19:12.434,ADA/USDT:USDT,0.7836,60415.0,0.7837,350.0,0.7836,344937568.0,277375909.4494
1753460352757,16:19:12.757,ADA/USDT:USDT,0.7836,59406.0,0.7837,12444.0,0.7836,344937568.0,277375909.4494
1753460353119,16:19:13.119,ADA/USDT:USDT,0.7837,41259.0,0.7838,350.0,0.7836,344937568.0,277375909.4494
1753460353496,16:19:13.496,ADA/USDT:USDT,0.7837,41259.0,0.7838,1949.0,0.7836,344938578.0,277376700.8854
1753460353815,16:19:13.815,ADA/USDT:USDT,0.7838,43001.0,0.7839,510.0,0.7836,344938578.0,277376700.8854
1753460354129,16:19:14.129,ADA/USDT:USDT,0.7838,56279.0,0.7839,16670.0,0.7836,344938578.0,277376700.8854
1753460354510,16:19:14.510,ADA/USDT:USDT,0.7837,16464.0,0.7838,5233.0,0.7836,344684812.0,277177823.7904
1753460355126,16:19:15.126,ADA/USDT:USDT,0.7837,32562.0,0.7838,16033.0,0.7836,344938578.0,277376700.8854
1753460355449,16:19:15.449,ADA/USDT:USDT,0.7837,29742.0,0.7838,16033.0,0.7836,344938578.0,277376700.8854
1753460355802,16:19:15.802,ADA/USDT:USDT,0.7837,16464.0,0.7838,16033.0,0.7836,344938578.0,277376700.8854
1753460356159,16:19:16.159,ADA/USDT:USDT,0.7837,16464.0,0.7838,16033.0,0.7836,344938578.0,277376700.8854
1753460356484,16:19:16.484,ADA/USDT:USDT,0.7837,20182.0,0.7838,16033.0,0.7836,344938578.0,277376700.8854
1753460357278,16:19:17.278,ADA/USDT:USDT,0.7838,49247.0,0.7839,510.0,0.7836,344938578.0,277376700.8854
1753460357604,16:19:17.604,ADA/USDT:USDT,0.7841,19831.0,0.7842,27992.0,0.7841,344938578.0,277376700.8854
1753460357971,16:19:17.971,ADA/USDT:USDT,0.7841,33452.0,0.7842,13165.0,0.7841,344938578.0,277376700.8854
1753460358329,16:19:18.329,ADA/USDT:USDT,0.7841,32625.0,0.7842,15420.0,0.7841,344938578.0,277376700.8854
1753460358639,16:19:18.639,ADA/USDT:USDT,0.7841,32625.0,0.7842,13155.0,0.7841,344939852.0,277377699.6248
1753460358951,16:19:18.951,ADA/USDT:USDT,0.7842,21817.0,0.7843,8997.0,0.7841,344939852.0,277377699.6248
1753460359308,16:19:19.308,ADA/USDT:USDT,0.7842,33833.0,0.7843,20000.0,0.7841,344937568.0,277375909.4494
1753460359929,16:19:19.929,ADA/USDT:USDT,0.7842,19831.0,0.7843,41027.0,0.7841,344939852.0,277377699.6248
1753460360253,16:19:20.253,ADA/USDT:USDT,0.7841,16114.0,0.7842,44863.0,0.7841,344939852.0,277377699.6248
1753460360652,16:19:20.652,ADA/USDT:USDT,0.7839,33384.0,0.784,10784.0,0.7842,344939852.0,277377699.6248
1753460360969,16:19:20.969,ADA/USDT:USDT,0.7839,33384.0,0.784,10784.0,0.7842,344939852.0,277377699.6248
1753460361284,16:19:21.284,ADA/USDT:USDT,0.7839,17291.0,0.784,29936.0,0.7842,344939852.0,277377699.6248
1753460361613,16:19:21.613,ADA/USDT:USDT,0.7839,31750.0,0.784,21175.0,0.7842,344939908.0,277377743.54
1753460362013,16:19:22.013,ADA/USDT:USDT,0.784,53619.0,0.7841,16160.0,0.784,344939908.0,277377743.54
1753460362334,16:19:22.334,ADA/USDT:USDT,0.784,53619.0,0.7841,14434.0,0.784,344939908.0,277377743.54
1753460362660,16:19:22.660,ADA/USDT:USDT,0.7841,17588.0,0.7842,22063.0,0.784,344941628.0,277379092.02
1753460363000,16:19:23.000,ADA/USDT:USDT,0.7841,17588.0,0.7842,18653.0,0.784,344941628.0,277379092.02
1753460363335,16:19:23.335,ADA/USDT:USDT,0.7841,30859.0,0.7842,477.0,0.784,344941628.0,277379092.02
1753460363652,16:19:23.652,ADA/USDT:USDT,0.7841,30859.0,0.7842,477.0,0.784,344941628.0,277379092.02
1753460363978,16:19:23.978,ADA/USDT:USDT,0.7844,16114.0,0.7845,350.0,0.7844,344941628.0,277379092.02
1753460364315,16:19:24.315,ADA/USDT:USDT,0.7845,33911.0,0.7846,350.0,0.7844,344941628.0,277379092.02
1753460364664,16:19:24.664,ADA/USDT:USDT,0.7845,33911.0,0.7846,350.0,0.7844,344941628.0,277379092.02
1753460364980,16:19:24.980,ADA/USDT:USDT,0.7848,17111.0,0.7849,38625.0,0.7848,344943282.0,277380389.5576
1753460365293,16:19:25.293,ADA/USDT:USDT,0.7847,18527.0,0.7848,25385.0,0.7848,344943282.0,277380389.5576
1753460365632,16:19:25.632,ADA/USDT:USDT,0.7847,17520.0,0.7848,25385.0,0.7848,344943282.0,277380389.5576
1753460365953,16:19:25.953,ADA/USDT:USDT,0.7847,17520.0,0.7848,25385.0,0.7848,344943282.0,277380389.5576
1753460366272,16:19:26.272,ADA/USDT:USDT,0.7847,19122.0,0.7848,2076.0,0.7848,344943536.0,277380588.8968
1753460366582,16:19:26.582,ADA/USDT:USDT,0.7847,32364.0,0.7848,2117.0,0.7848,344943536.0,277380588.8968
1753460366991,16:19:26.991,ADA/USDT:USDT,0.7848,65504.0,0.7849,350.0,0.7848,344939852.0,277377699.6248
1753460367608,16:19:27.608,ADA/USDT:USDT,0.7848,61470.0,0.7849,350.0,0.7848,344943536.0,277380588.8968
1753460367965,16:19:27.965,ADA/USDT:USDT,0.7848,61470.0,0.7849,16033.0,0.7848,344943536.0,277380588.8968
1753460368356,16:19:28.356,ADA/USDT:USDT,0.7848,61470.0,0.7849,350.0,0.7848,344943536.0,277380588.8968
1753460368676,16:19:28.676,ADA/USDT:USDT,0.7848,61470.0,0.7849,350.0,0.7848,344943536.0,277380588.8968
1753460368996,16:19:28.996,ADA/USDT:USDT,0.7849,43713.0,0.785,1599.0,0.7848,344943536.0,277380588.8968
1753460369420,16:19:29.420,ADA/USDT:USDT,0.785,60840.0,0.7851,3741.0,0.785,344943536.0,277380588.8968
1753460369797,16:19:29.797,ADA/USDT:USDT,0.785,60840.0,0.7851,3741.0,0.785,344943536.0,277380588.8968
1753460370111,16:19:30.111,ADA/USDT:USDT,0.785,37340.0,0.7851,13538.0,0.785,344943536.0,277380588.8968
1753460370502,16:19:30.502,ADA/USDT:USDT,0.785,36146.0,0.7851,25982.0,0.785,344943536.0,277380588.8968
1753460370857,16:19:30.857,ADA/USDT:USDT,0.785,36146.0,0.7851,25982.0,0.785,344946734.0,277383099.3268
1753460371171,16:19:31.171,ADA/USDT:USDT,0.785,36146.0,0.7851,25982.0,0.785,344946734.0,277383099.3268
1753460371510,16:19:31.510,ADA/USDT:USDT,0.7848,18063.0,0.7849,22478.0,0.785,344946734.0,277383099.3268
1753460371886,16:19:31.886,ADA/USDT:USDT,0.7848,16114.0,0.7849,38592.0,0.785,344943536.0,277380588.8968
1753460372361,16:19:32.361,ADA/USDT:USDT,0.7847,31351.0,0.7848,21568.0,0.785,344946734.0,277383099.3268
1753460373203,16:19:33.203,ADA/USDT:USDT,0.7847,31351.0,0.7848,37682.0,0.785,344946734.0,277383099.3268
1753460374139,16:19:34.139,ADA/USDT:USDT,0.7847,30157.0,0.7848,37682.0,0.785,344946734.0,277383099.3268
1753460374623,16:19:34.623,ADA/USDT:USDT,0.7847,30507.0,0.7848,37682.0,0.785,344946734.0,277383099.3268
1753460375352,16:19:35.352,ADA/USDT:USDT,0.7847,30507.0,0.7848,12921.0,0.785,344946734.0,277383099.3268
1753460375704,16:19:35.704,ADA/USDT:USDT,0.7847,30507.0,0.7848,477.0,0.785,344946734.0,277383099.3268
1753460376034,16:19:36.034,ADA/USDT:USDT,0.7847,30507.0,0.7848,477.0,0.785,344946734.0,277383099.3268
1753460376422,16:19:36.422,ADA/USDT:USDT,0.7847,34148.0,0.7848,7870.0,0.7848,344946734.0,277383099.3268
1753460376777,16:19:36.777,ADA/USDT:USDT,0.7847,17238.0,0.7848,47756.0,0.7848,344946734.0,277383099.3268
1753460377444,16:19:37.444,ADA/USDT:USDT,0.7847,19187.0,0.7848,38250.0,0.7848,344959788.0,277393344.106
1753460377757,16:19:37.757,ADA/USDT:USDT,0.7847,64410.0,0.7848,2497.0,0.7848,344959788.0,277393344.106
1753460378117,16:19:38.117,ADA/USDT:USDT,0.7847,48102.0,0.7848,14941.0,0.7848,344959788.0,277393344.106
1753460378435,16:19:38.435,ADA/USDT:USDT,0.7847,48102.0,0.7848,14941.0,0.7848,344966966.0,277398977.4004
1753460378745,16:19:38.745,ADA/USDT:USDT,0.7847,48102.0,0.7848,14941.0,0.7848,344966966.0,277398977.4004
1753460379054,16:19:39.054,ADA/USDT:USDT,0.7849,20477.0,0.785,548.0,0.7849,344966966.0,277398977.4004
1753460379417,16:19:39.417,ADA/USDT:USDT,0.785,16114.0,0.7851,52421.0,0.785,344966966.0,277398977.4004
1753460379742,16:19:39.742,ADA/USDT:USDT,0.785,16114.0,0.7851,52421.0,0.785,344966966.0,277398977.4004
1753460380055,16:19:40.055,ADA/USDT:USDT,0.7849,16114.0,0.785,62280.0,0.7851,344966966.0,277398977.4004
1753460380432,16:19:40.432,ADA/USDT:USDT,0.7849,350.0,0.785,61273.0,0.7851,344966966.0,277398977.4004
1753460380848,16:19:40.848,ADA/USDT:USDT,0.7849,20534.0,0.785,38553.0,0.7851,344967968.0,277399763.9498
1753460381171,16:19:41.171,ADA/USDT:USDT,0.7849,22170.0,0.785,38553.0,0.7851,344967968.0,277399763.9498
1753460381480,16:19:41.480,ADA/USDT:USDT,0.7849,16114.0,0.785,38553.0,0.7851,344967968.0,277399763.9498
1753460381875,16:19:41.875,ADA/USDT:USDT,0.7849,20828.0,0.785,38553.0,0.7851,344967968.0,277399763.9498
1753460382211,16:19:42.211,ADA/USDT:USDT,0.7849,20828.0,0.785,38553.0,0.7851,344967968.0,277399763.9498
1753460382520,16:19:42.520,ADA/USDT:USDT,0.7849,20828.0,0.785,14591.0,0.7851,344967968.0,277399763.9498
1753460382888,16:19:42.888,ADA/USDT:USDT,0.7849,20828.0,0.785,14817.0,0.7851,344967968.0,277399763.9498
1753460383260,16:19:43.260,ADA/USDT:USDT,0.785,30053.0,0.7851,3637.0,0.7851,344967968.0,277399763.9498
1753460383574,16:19:43.574,ADA/USDT:USDT,0.785,30053.0,0.7851,3637.0,0.7851,344967968.0,277399763.9498
1753460383887,16:19:43.887,ADA/USDT:USDT,0.785,29891.0,0.7851,56597.0,0.7851,344967968.0,277399763.9498
1753460384224,16:19:44.224,ADA/USDT:USDT,0.785,29891.0,0.7851,42597.0,0.7851,344967968.0,277399763.9498
1753460384551,16:19:44.551,ADA/USDT:USDT,0.785,29891.0,0.7851,42597.0,0.7851,344967968.0,277399763.9498
1753460384862,16:19:44.862,ADA/USDT:USDT,0.785,29891.0,0.7851,42597.0,0.7851,344967968.0,277399763.9498
1753460385172,16:19:45.172,ADA/USDT:USDT,0.7849,1949.0,0.785,4066.0,0.7851,344967968.0,277399763.9498
1753460385530,16:19:45.530,ADA/USDT:USDT,0.7849,20540.0,0.785,36033.0,0.7851,344967968.0,277399763.9498
1753460385886,16:19:45.886,ADA/USDT:USDT,0.7849,32984.0,0.785,19853.0,0.785,344967968.0,277399763.9498
1753460386203,16:19:46.203,ADA/USDT:USDT,0.7849,32984.0,0.785,19853.0,0.785,344967968.0,277399763.9498
1753460386514,16:19:46.514,ADA/USDT:USDT,0.7849,52392.0,0.785,127.0,0.785,344967968.0,277399763.9498
1753460386880,16:19:46.880,ADA/USDT:USDT,0.7851,47783.0,0.7852,1599.0,0.7851,344967968.0,277399763.9498
1753460387198,16:19:47.198,ADA/USDT:USDT,0.7851,47783.0,0.7852,1599.0,0.7851,344967968.0,277399763.9498
1753460387521,16:19:47.521,ADA/USDT:USDT,0.7852,49627.0,0.7853,127.0,0.7851,344968100.0,277399867.5698
1753460388025,16:19:48.025,ADA/USDT:USDT,0.7852,49627.0,0.7854,29595.0,0.7851,344969066.0,277400625.9764
1753460388866,16:19:48.866,ADA/USDT:USDT,0.7853,36988.0,0.7854,8998.0,0.7851,344968100.0,277399867.5698
1753460389211,16:19:49.211,ADA/USDT:USDT,0.7854,16114.0,0.7855,35565.0,0.7851,344969066.0,277400625.9764
1753460389544,16:19:49.544,ADA/USDT:USDT,0.7854,16114.0,0.7855,35565.0,0.7851,344969066.0,277400625.9764
1753460390186,16:19:50.186,ADA/USDT:USDT,0.785,16464.0,0.7851,46661.0,0.7851,344969066.0,277400625.9764
1753460390604,16:19:50.604,ADA/USDT:USDT,0.785,350.0,0.7851,40692.0,0.7851,344969066.0,277400625.9764
1753460390915,16:19:50.915,ADA/USDT:USDT,0.785,350.0,0.7851,40692.0,0.7851,344969066.0,277400625.9764
1753460391230,16:19:51.230,ADA/USDT:USDT,0.7849,20540.0,0.785,20452.0,0.7851,344969066.0,277400625.9764
1753460391572,16:19:51.572,ADA/USDT:USDT,0.7848,20534.0,0.7849,45285.0,0.7851,344969066.0,277400625.9764
1753460391963,16:19:51.963,ADA/USDT:USDT,0.7848,20534.0,0.7849,45285.0,0.7851,344969066.0,277400625.9764
1753460392288,16:19:52.288,ADA/USDT:USDT,0.7846,16464.0,0.7847,32362.0,0.7851,344969066.0,277400625.9764
1753460392619,16:19:52.619,ADA/USDT:USDT,0.7846,48620.0,0.7847,19578.0,0.7851,344969066.0,277400625.9764
1753460393034,16:19:53.034,ADA/USDT:USDT,0.7846,48620.0,0.7847,17979.0,0.7851,344969066.0,277400625.9764
1753460393348,16:19:53.348,ADA/USDT:USDT,0.7846,48620.0,0.7847,17979.0,0.7851,344969066.0,277400625.9764
1753460393665,16:19:53.665,ADA/USDT:USDT,0.7847,37500.0,0.7848,31108.0,0.7847,344969066.0,277400625.9764
1753460394003,16:19:54.003,ADA/USDT:USDT,0.7847,38507.0,0.7849,36966.0,0.7847,344969066.0,277400625.9764
1753460394350,16:19:54.350,ADA/USDT:USDT,0.7848,44060.0,0.785,63989.0,0.7847,344969066.0,277400625.9764
1753460394657,16:19:54.657,ADA/USDT:USDT,0.7848,44060.0,0.785,63989.0,0.7847,344969066.0,277400625.9764
