timestamp,time,symbol,bid,bidVolume,ask,askVolume,lastPrice,baseVolume,quoteVolume
1753460254274,16:17:34.274,AAVE/USDT:USDT,288.32,0.02,288.33,9.34,288.33,462728.62,133738941.6262
1753460254574,16:17:34.574,AAVE/USDT:USDT,288.32,1.07,288.33,56.93,288.33,462728.62,133738941.6262
1753460254674,16:17:34.674,AAVE/USDT:USDT,288.3,0.05,288.31,19.11,288.31,462730.07,133739359.6864
1753460254774,16:17:34.774,AAVE/USDT:USDT,288.3,0.05,288.31,19.11,288.31,462730.07,133739359.6864
1753460254974,16:17:34.974,AAVE/USDT:USDT,288.3,0.05,288.31,10.43,288.31,462730.07,133739359.6864
1753460255174,16:17:35.174,AAVE/USDT:USDT,288.3,0.05,288.31,12.44,288.31,462730.07,133739359.6864
1753460255274,16:17:35.274,AAVE/USDT:USDT,288.3,0.05,288.31,15.72,288.31,462730.07,133739359.6864
1753460255374,16:17:35.374,AAVE/USDT:USDT,288.3,0.05,288.31,14.22,288.31,462730.07,133739359.6864
1753460255474,16:17:35.474,AAVE/USDT:USDT,288.3,0.05,288.31,59.17,288.31,462730.07,133739359.6864
1753460255574,16:17:35.574,AAVE/USDT:USDT,288.3,0.03,288.31,59.17,288.31,462730.07,133739359.6864
1753460256574,16:17:36.574,AAVE/USDT:USDT,288.26,0.11,288.27,10.23,288.27,462755.46,133746678.8755
1753460256674,16:17:36.674,AAVE/USDT:USDT,288.26,0.11,288.27,12.27,288.27,462755.46,133746678.8755
1753460256774,16:17:36.774,AAVE/USDT:USDT,288.23,0.34,288.24,16.33,288.24,462756.48,133746972.8844
1753460256874,16:17:36.874,AAVE/USDT:USDT,288.23,0.34,288.24,16.33,288.24,462756.48,133746972.8844
1753460256974,16:17:36.974,AAVE/USDT:USDT,288.23,0.22,288.24,16.33,288.24,462756.48,133746972.8844
1753460257074,16:17:37.074,AAVE/USDT:USDT,288.23,0.04,288.24,15.44,288.24,462756.48,133746972.8844
1753460257275,16:17:37.275,AAVE/USDT:USDT,288.23,0.04,288.24,15.44,288.24,462756.48,133746972.8844
1753460257474,16:17:37.474,AAVE/USDT:USDT,288.2,0.46,288.21,9.86,288.21,462757.58,133747289.917
1753460257574,16:17:37.574,AAVE/USDT:USDT,288.2,0.14,288.21,9.86,288.21,462757.58,133747289.917
1753460257674,16:17:37.674,AAVE/USDT:USDT,288.2,0.9,288.21,9.86,288.21,462757.58,133747289.917
1753460257775,16:17:37.775,AAVE/USDT:USDT,288.2,0.87,288.21,9.86,288.21,462757.58,133747289.917
1753460257874,16:17:37.874,AAVE/USDT:USDT,288.2,0.87,288.21,9.86,288.21,462757.58,133747289.917
1753460257974,16:17:37.974,AAVE/USDT:USDT,288.2,0.87,288.21,54.81,288.21,462757.58,133747289.917
1753460258074,16:17:38.074,AAVE/USDT:USDT,288.2,0.9,288.21,54.81,288.21,462757.58,133747289.917
1753460258174,16:17:38.174,AAVE/USDT:USDT,288.2,0.9,288.21,54.81,288.21,462757.58,133747289.917
1753460258374,16:17:38.374,AAVE/USDT:USDT,288.2,0.9,288.21,52.01,288.21,462757.58,133747289.917
1753460258774,16:17:38.774,AAVE/USDT:USDT,288.2,0.54,288.21,52.01,288.21,462757.58,133747289.917
1753460258974,16:17:38.974,AAVE/USDT:USDT,288.15,0.02,288.16,13.5,288.15,462759.19,133747753.897
1753460259074,16:17:39.074,AAVE/USDT:USDT,288.14,0.49,288.15,9.6,288.15,462759.19,133747753.897
1753460259174,16:17:39.174,AAVE/USDT:USDT,288.14,0.49,288.15,12.85,288.15,462759.19,133747753.897
1753460259375,16:17:39.375,AAVE/USDT:USDT,288.14,3.27,288.15,6.66,288.15,462759.19,133747753.897
1753460259474,16:17:39.474,AAVE/USDT:USDT,288.14,3.27,288.15,49.56,288.15,462759.19,133747753.897
1753460259574,16:17:39.574,AAVE/USDT:USDT,288.14,2.07,288.15,49.56,288.15,462759.19,133747753.897
1753460259774,16:17:39.774,AAVE/USDT:USDT,288.14,2.07,288.15,51.66,288.15,462759.19,133747753.897
1753460259974,16:17:39.974,AAVE/USDT:USDT,288.14,1.52,288.15,51.66,288.15,462759.19,133747753.897
1753460260074,16:17:40.074,AAVE/USDT:USDT,288.14,2.26,288.15,51.66,288.15,462759.19,133747753.897
1753460260175,16:17:40.175,AAVE/USDT:USDT,288.09,2.59,288.1,11.34,288.1,462761.64,133748459.835
1753460260274,16:17:40.274,AAVE/USDT:USDT,288.08,0.04,288.09,9.41,288.09,462764.23,133749205.9881
1753460260374,16:17:40.374,AAVE/USDT:USDT,288.04,0.23,288.05,1.33,288.08,462764.27,133749217.5113
1753460260474,16:17:40.474,AAVE/USDT:USDT,288.05,9.6,288.08,0.04,288.08,462764.27,133749217.5113
1753460260574,16:17:40.574,AAVE/USDT:USDT,288.07,1.73,288.09,9.51,288.08,462764.27,133749217.5113
1753460260674,16:17:40.674,AAVE/USDT:USDT,288.06,0.21,288.08,1.85,288.08,462764.27,133749217.5113
1753460260774,16:17:40.774,AAVE/USDT:USDT,288.05,0.03,288.06,2.01,288.08,462764.27,133749217.5113
1753460260874,16:17:40.874,AAVE/USDT:USDT,288.05,0.03,288.07,9.3,288.08,462764.27,133749217.5113
1753460260974,16:17:40.974,AAVE/USDT:USDT,288.05,0.03,288.06,1.78,288.08,462764.27,133749217.5113
1753460261174,16:17:41.174,AAVE/USDT:USDT,288.05,0.23,288.06,1.99,288.08,462764.27,133749217.5113
1753460261274,16:17:41.274,AAVE/USDT:USDT,288.05,0.23,288.06,2.31,288.08,462764.27,133749217.5113
1753460261374,16:17:41.374,AAVE/USDT:USDT,288.05,0.23,288.06,10.11,288.08,462764.27,133749217.5113
1753460261474,16:17:41.474,AAVE/USDT:USDT,288.05,0.23,288.06,10.11,288.08,462764.27,133749217.5113
1753460261574,16:17:41.574,AAVE/USDT:USDT,287.99,0.33,288.0,15.61,288.0,462791.22,133756979.2381
1753460261674,16:17:41.674,AAVE/USDT:USDT,287.97,5.25,287.98,5.02,287.98,462791.56,133757077.1546
1753460261774,16:17:41.774,AAVE/USDT:USDT,287.97,7.33,287.98,5.02,287.98,462791.56,133757077.1546
1753460261874,16:17:41.874,AAVE/USDT:USDT,287.97,0.14,287.98,9.74,287.98,462791.56,133757077.1546
1753460262074,16:17:42.074,AAVE/USDT:USDT,287.97,0.14,287.98,11.84,287.98,462791.56,133757077.1546
1753460262174,16:17:42.174,AAVE/USDT:USDT,287.97,0.24,287.98,55.29,287.98,462791.56,133757077.1546
1753460262374,16:17:42.374,AAVE/USDT:USDT,287.99,6.55,288.0,0.04,287.98,462846.85,133772999.5688
1753460262474,16:17:42.474,AAVE/USDT:USDT,288.03,1.0,288.04,5.38,288.04,462848.95,133773604.4488
1753460262574,16:17:42.574,AAVE/USDT:USDT,288.03,1.0,288.04,8.6,288.04,462848.95,133773604.4488
1753460262674,16:17:42.674,AAVE/USDT:USDT,288.03,1.0,288.04,8.6,288.04,462848.95,133773604.4488
1753460262774,16:17:42.774,AAVE/USDT:USDT,288.03,1.38,288.04,8.6,288.04,462848.95,133773604.4488
1753460262874,16:17:42.874,AAVE/USDT:USDT,288.03,0.69,288.04,8.6,288.04,462848.95,133773604.4488
1753460262974,16:17:42.974,AAVE/USDT:USDT,288.03,0.69,288.04,8.6,288.04,462848.95,133773604.4488
1753460263074,16:17:43.074,AAVE/USDT:USDT,288.01,0.73,288.02,3.0,288.03,462849.64,133773803.1895
1753460263174,16:17:43.174,AAVE/USDT:USDT,288.01,1.38,288.02,15.29,288.03,462849.64,133773803.1895
1753460263274,16:17:43.274,AAVE/USDT:USDT,288.01,1.41,288.02,3.99,288.03,462849.64,133773803.1895
1753460263374,16:17:43.374,AAVE/USDT:USDT,288.01,1.41,288.03,0.21,288.03,462849.64,133773803.1895
1753460263474,16:17:43.474,AAVE/USDT:USDT,288.01,1.41,288.02,7.8,288.03,462849.64,133773803.1895
1753460263574,16:17:43.574,AAVE/USDT:USDT,288.01,1.38,288.02,7.8,288.03,462849.64,133773803.1895
1753460263674,16:17:43.674,AAVE/USDT:USDT,288.02,8.01,288.04,3.22,288.03,462849.64,133773803.1895
1753460263774,16:17:43.774,AAVE/USDT:USDT,288.01,2.92,288.02,6.89,288.03,462849.64,133773803.1895
1753460263874,16:17:43.874,AAVE/USDT:USDT,288.01,1.38,288.02,6.89,288.03,462849.64,133773803.1895
1753460264074,16:17:44.074,AAVE/USDT:USDT,287.99,0.86,288.0,5.0,288.0,462851.1,133774223.6833
1753460264174,16:17:44.174,AAVE/USDT:USDT,288.02,0.21,288.04,3.22,288.0,462851.1,133774223.6833
1753460264274,16:17:44.274,AAVE/USDT:USDT,288.02,0.9,288.04,3.22,288.0,462851.1,133774223.6833
1753460264375,16:17:44.375,AAVE/USDT:USDT,288.02,1.36,288.03,11.32,288.0,462851.1,133774223.6833
1753460264474,16:17:44.474,AAVE/USDT:USDT,288.02,0.67,288.03,12.52,288.0,462851.1,133774223.6833
1753460264574,16:17:44.574,AAVE/USDT:USDT,288.0,4.64,288.01,9.34,288.0,462851.1,133774223.6833
1753460264774,16:17:44.774,AAVE/USDT:USDT,288.0,3.77,288.01,9.34,288.0,462851.1,133774223.6833
1753460264875,16:17:44.875,AAVE/USDT:USDT,288.0,0.69,288.01,9.34,288.0,462851.1,133774223.6833
1753460264975,16:17:44.975,AAVE/USDT:USDT,288.01,0.21,288.03,0.21,288.0,462851.1,133774223.6833
1753460265074,16:17:45.074,AAVE/USDT:USDT,288.02,1.36,288.03,5.56,288.0,462851.1,133774223.6833
1753460265174,16:17:45.174,AAVE/USDT:USDT,288.02,0.69,288.03,6.27,288.0,462851.1,133774223.6833
1753460265574,16:17:45.574,AAVE/USDT:USDT,287.99,5.57,288.0,1.33,287.98,462869.95,133779652.1806
1753460265674,16:17:45.674,AAVE/USDT:USDT,287.99,9.22,288.02,0.04,287.98,462869.95,133779652.1806
1753460265774,16:17:45.774,AAVE/USDT:USDT,288.01,2.07,288.02,5.56,287.98,462869.95,133779652.1806
1753460265874,16:17:45.874,AAVE/USDT:USDT,288.01,1.76,288.03,6.27,287.98,462869.95,133779652.1806
1753460265974,16:17:45.974,AAVE/USDT:USDT,288.02,1.59,288.03,0.71,287.98,462869.95,133779652.1806
1753460266174,16:17:46.174,AAVE/USDT:USDT,288.03,11.09,288.04,0.7,288.04,462873.18,133780582.5427
1753460266274,16:17:46.274,AAVE/USDT:USDT,288.03,11.09,288.04,0.7,288.04,462873.18,133780582.5427
1753460266374,16:17:46.374,AAVE/USDT:USDT,288.05,0.69,288.06,2.14,288.04,462873.88,133780784.1707
1753460266474,16:17:46.474,AAVE/USDT:USDT,288.03,0.69,288.04,4.04,288.05,462874.57,133780982.9252
1753460266574,16:17:46.574,AAVE/USDT:USDT,288.0,1.42,288.01,2.38,288.02,462877.56,133781844.1119
1753460266674,16:17:46.674,AAVE/USDT:USDT,288.0,0.04,288.01,3.88,288.02,462877.56,133781844.1119
1753460266774,16:17:46.774,AAVE/USDT:USDT,288.0,0.28,288.01,3.88,288.02,462877.56,133781844.1119
1753460266874,16:17:46.874,AAVE/USDT:USDT,288.0,1.95,288.01,2.38,288.02,462877.56,133781844.1119
1753460266974,16:17:46.974,AAVE/USDT:USDT,287.95,5.52,287.96,1.33,287.95,462885.56,133784147.8608
1753460267074,16:17:47.074,AAVE/USDT:USDT,287.95,8.8,287.96,1.33,287.95,462885.56,133784147.8608
1753460267174,16:17:47.174,AAVE/USDT:USDT,287.95,8.47,287.96,1.33,287.95,462885.56,133784147.8608
1753460267274,16:17:47.274,AAVE/USDT:USDT,287.95,5.96,287.96,1.33,287.95,462885.56,133784147.8608
1753460267374,16:17:47.374,AAVE/USDT:USDT,287.96,0.32,287.97,7.8,287.95,462885.56,133784147.8608
1753460267474,16:17:47.474,AAVE/USDT:USDT,287.96,0.32,287.97,9.3,287.95,462885.56,133784147.8608
1753460267775,16:17:47.775,AAVE/USDT:USDT,287.96,0.98,287.97,7.8,287.95,462885.56,133784147.8608
1753460267974,16:17:47.974,AAVE/USDT:USDT,287.96,1.67,287.97,7.8,287.95,462885.56,133784147.8608
1753460268074,16:17:48.074,AAVE/USDT:USDT,287.96,0.32,287.97,7.8,287.95,462885.56,133784147.8608
1753460268174,16:17:48.174,AAVE/USDT:USDT,287.96,2.3,287.97,7.8,287.95,462885.56,133784147.8608
1753460268275,16:17:48.275,AAVE/USDT:USDT,287.96,1.48,287.97,7.8,287.95,462885.56,133784147.8608
1753460268374,16:17:48.374,AAVE/USDT:USDT,287.96,0.32,287.97,7.8,287.95,462885.56,133784147.8608
1753460268474,16:17:48.474,AAVE/USDT:USDT,287.96,1.87,287.97,7.8,287.95,462885.56,133784147.8608
1753460268575,16:17:48.575,AAVE/USDT:USDT,287.96,1.97,287.97,7.8,287.95,462885.56,133784147.8608
1753460268674,16:17:48.674,AAVE/USDT:USDT,287.96,1.87,287.97,7.8,287.95,462885.56,133784147.8608
1753460268874,16:17:48.874,AAVE/USDT:USDT,287.93,0.79,287.94,11.36,287.96,462885.88,133784240.008
1753460268974,16:17:48.974,AAVE/USDT:USDT,287.93,2.95,287.94,10.35,287.93,462885.94,133784257.2838
1753460269074,16:17:49.074,AAVE/USDT:USDT,287.93,2.12,287.94,9.13,287.93,462885.94,133784257.2838
1753460269174,16:17:49.174,AAVE/USDT:USDT,287.92,0.73,287.93,11.37,287.93,462885.94,133784257.2838
1753460269274,16:17:49.274,AAVE/USDT:USDT,287.92,2.14,287.93,3.57,287.93,462885.94,133784257.2838
1753460269374,16:17:49.374,AAVE/USDT:USDT,287.92,5.32,287.93,3.57,287.93,462885.94,133784257.2838
1753460269674,16:17:49.674,AAVE/USDT:USDT,287.92,5.38,287.93,6.27,287.93,462885.94,133784257.2838
1753460269774,16:17:49.774,AAVE/USDT:USDT,287.92,1.09,287.93,6.27,287.93,462885.94,133784257.2838
1753460269874,16:17:49.874,AAVE/USDT:USDT,287.92,1.51,287.93,6.27,287.93,462885.94,133784257.2838
1753460269974,16:17:49.974,AAVE/USDT:USDT,287.92,1.51,287.93,4.77,287.93,462885.94,133784257.2838
1753460270074,16:17:50.074,AAVE/USDT:USDT,287.91,3.1,287.92,14.26,287.92,462887.45,133784692.043
1753460270175,16:17:50.175,AAVE/USDT:USDT,287.91,10.21,287.92,11.46,287.92,462887.45,133784692.043
1753460270274,16:17:50.274,AAVE/USDT:USDT,287.87,11.12,287.9,2.02,287.87,462909.2,133790953.8604
1753460270374,16:17:50.374,AAVE/USDT:USDT,287.86,0.02,287.87,10.11,287.87,462909.2,133790953.8604
1753460270474,16:17:50.474,AAVE/USDT:USDT,287.86,3.62,287.87,12.14,287.87,462909.2,133790953.8604
1753460270574,16:17:50.574,AAVE/USDT:USDT,287.86,10.0,287.87,11.04,287.87,462909.2,133790953.8604
1753460270674,16:17:50.674,AAVE/USDT:USDT,287.86,10.0,287.87,3.24,287.87,462909.2,133790953.8604
1753460270774,16:17:50.774,AAVE/USDT:USDT,287.86,10.0,287.87,3.24,287.87,462909.2,133790953.8604
1753460270975,16:17:50.975,AAVE/USDT:USDT,287.86,11.86,287.87,3.24,287.87,462888.45,133784980.633
1753460271074,16:17:51.074,AAVE/USDT:USDT,287.86,16.3,287.87,3.24,287.87,462888.45,133784980.633
1753460271174,16:17:51.174,AAVE/USDT:USDT,287.86,14.9,287.87,3.24,287.87,462888.45,133784980.633
1753460271374,16:17:51.374,AAVE/USDT:USDT,287.86,19.04,287.87,3.59,287.87,462888.45,133784980.633
1753460271575,16:17:51.575,AAVE/USDT:USDT,287.86,17.18,287.87,3.59,287.87,462888.45,133784980.633
1753460271675,16:17:51.675,AAVE/USDT:USDT,287.86,17.92,287.87,3.59,287.87,462888.45,133784980.633
1753460271774,16:17:51.774,AAVE/USDT:USDT,287.86,18.02,287.87,3.59,287.87,462888.45,133784980.633
1753460271974,16:17:51.974,AAVE/USDT:USDT,287.93,1.0,287.96,9.19,287.94,462894.05,133786592.8425
1753460272074,16:17:52.074,AAVE/USDT:USDT,287.94,0.67,287.95,6.27,287.95,462895.75,133787082.3575
1753460272174,16:17:52.174,AAVE/USDT:USDT,287.91,0.69,287.92,11.36,287.94,462896.42,133787275.2773
1753460272274,16:17:52.274,AAVE/USDT:USDT,287.91,0.69,287.92,11.36,287.94,462896.42,133787275.2773
1753460272374,16:17:52.374,AAVE/USDT:USDT,287.9,0.71,287.92,10.94,287.92,462896.76,133787373.1701
1753460272474,16:17:52.474,AAVE/USDT:USDT,287.9,1.02,287.91,1.33,287.92,462896.76,133787373.1701
1753460272574,16:17:52.574,AAVE/USDT:USDT,287.91,0.21,287.92,3.0,287.92,462896.76,133787373.1701
1753460272674,16:17:52.674,AAVE/USDT:USDT,287.91,1.62,287.92,3.0,287.92,462896.76,133787373.1701
1753460272874,16:17:52.874,AAVE/USDT:USDT,287.9,0.81,287.91,7.58,287.91,462897.5,133787586.2235
1753460272974,16:17:52.974,AAVE/USDT:USDT,287.9,0.81,287.91,15.38,287.91,462897.5,133787586.2235
1753460273074,16:17:53.074,AAVE/USDT:USDT,287.88,0.04,287.89,18.18,287.9,462898.31,133787819.4225
1753460273174,16:17:53.174,AAVE/USDT:USDT,287.88,0.04,287.89,18.25,287.9,462898.31,133787819.4225
1753460273274,16:17:53.274,AAVE/USDT:USDT,287.88,0.04,287.89,15.45,287.9,462898.31,133787819.4225
1753460273374,16:17:53.374,AAVE/USDT:USDT,287.88,0.04,287.89,15.21,287.9,462898.31,133787819.4225
1753460273475,16:17:53.475,AAVE/USDT:USDT,287.88,0.25,287.89,15.14,287.9,462898.31,133787819.4225
1753460273574,16:17:53.574,AAVE/USDT:USDT,287.88,0.14,287.89,15.14,287.9,462898.31,133787819.4225
1753460273674,16:17:53.674,AAVE/USDT:USDT,287.88,1.9,287.89,2.12,287.9,462898.31,133787819.4225
1753460273774,16:17:53.774,AAVE/USDT:USDT,287.88,4.26,287.89,2.12,287.9,462898.31,133787819.4225
1753460273874,16:17:53.874,AAVE/USDT:USDT,287.88,2.76,287.89,2.12,287.9,462898.31,133787819.4225
1753460273975,16:17:53.975,AAVE/USDT:USDT,287.88,0.35,287.89,2.12,287.9,462898.31,133787819.4225
1753460274074,16:17:54.074,AAVE/USDT:USDT,287.88,0.14,287.89,3.6,287.9,462898.31,133787819.4225
1753460274374,16:17:54.374,AAVE/USDT:USDT,287.88,0.14,287.89,9.19,287.9,462898.31,133787819.4225
1753460274475,16:17:54.475,AAVE/USDT:USDT,287.88,0.14,287.89,9.29,287.9,462898.31,133787819.4225
1753460274674,16:17:54.674,AAVE/USDT:USDT,287.87,0.69,287.88,14.94,287.88,462898.45,133787859.7257
1753460274774,16:17:54.774,AAVE/USDT:USDT,287.87,0.94,287.88,5.02,287.88,462898.45,133787859.7257
1753460274875,16:17:54.875,AAVE/USDT:USDT,287.88,0.21,287.89,2.68,287.88,462898.45,133787859.7257
1753460274974,16:17:54.974,AAVE/USDT:USDT,287.91,8.91,287.92,0.83,287.92,462902.86,133789129.3867
1753460275074,16:17:55.074,AAVE/USDT:USDT,287.91,4.22,287.92,8.63,287.92,462902.86,133789129.3867
1753460275174,16:17:55.174,AAVE/USDT:USDT,287.91,0.86,287.92,8.63,287.92,462902.86,133789129.3867
1753460275274,16:17:55.274,AAVE/USDT:USDT,287.91,0.86,287.92,8.63,287.92,462902.86,133789129.3867
1753460275474,16:17:55.474,AAVE/USDT:USDT,287.87,0.73,287.88,13.09,287.9,462903.74,133789382.7473
1753460275574,16:17:55.574,AAVE/USDT:USDT,287.87,0.73,287.88,13.09,287.9,462903.74,133789382.7473
1753460275674,16:17:55.674,AAVE/USDT:USDT,287.87,0.73,287.88,11.38,287.9,462903.74,133789382.7473
1753460275874,16:17:55.874,AAVE/USDT:USDT,287.87,2.45,287.88,11.38,287.9,462903.74,133789382.7473
1753460275974,16:17:55.974,AAVE/USDT:USDT,287.87,2.45,287.88,7.8,287.9,462903.74,133789382.7473
1753460276074,16:17:56.074,AAVE/USDT:USDT,287.87,2.55,287.88,7.8,287.9,462903.74,133789382.7473
1753460276174,16:17:56.174,AAVE/USDT:USDT,287.87,0.83,287.88,7.8,287.9,462903.74,133789382.7473
1753460276281,16:17:56.281,AAVE/USDT:USDT,287.84,0.92,287.85,2.02,287.85,462907.3,133790407.5203
1753460276374,16:17:56.374,AAVE/USDT:USDT,287.79,0.11,287.8,3.99,287.8,462925.86,133795749.5046
1753460276474,16:17:56.474,AAVE/USDT:USDT,287.78,1.6,287.79,7.51,287.79,462925.97,133795781.1615
1753460276574,16:17:56.574,AAVE/USDT:USDT,287.78,0.09,287.79,7.67,287.79,462925.97,133795781.1615
1753460276674,16:17:56.674,AAVE/USDT:USDT,287.78,0.09,287.79,7.46,287.79,462925.97,133795781.1615
1753460276774,16:17:56.774,AAVE/USDT:USDT,287.78,0.97,287.79,5.02,287.79,462925.97,133795781.1615
1753460276874,16:17:56.874,AAVE/USDT:USDT,287.79,1.56,287.8,1.36,287.79,462925.97,133795781.1615
1753460276974,16:17:56.974,AAVE/USDT:USDT,287.78,0.09,287.79,4.87,287.79,462925.97,133795781.1615
1753460277075,16:17:57.075,AAVE/USDT:USDT,287.78,0.09,287.79,4.87,287.79,462925.97,133795781.1615
1753460277274,16:17:57.274,AAVE/USDT:USDT,287.78,0.78,287.79,4.87,287.79,462925.97,133795781.1615
1753460277375,16:17:57.375,AAVE/USDT:USDT,287.78,0.78,287.79,6.11,287.79,462925.97,133795781.1615
1753460277574,16:17:57.574,AAVE/USDT:USDT,287.78,0.78,287.79,4.87,287.79,462925.97,133795781.1615
1753460277674,16:17:57.674,AAVE/USDT:USDT,287.78,4.72,287.79,0.1,287.79,462925.97,133795781.1615
1753460277774,16:17:57.774,AAVE/USDT:USDT,287.78,4.76,287.79,0.1,287.79,462925.97,133795781.1615
1753460278074,16:17:58.074,AAVE/USDT:USDT,287.78,3.3,287.79,0.1,287.79,462925.97,133795781.1615
1753460278175,16:17:58.175,AAVE/USDT:USDT,287.78,0.86,287.79,9.31,287.79,462925.97,133795781.1615
1753460278274,16:17:58.274,AAVE/USDT:USDT,287.76,0.09,287.78,6.9,287.78,462926.87,133796040.1635
1753460278374,16:17:58.374,AAVE/USDT:USDT,287.76,1.28,287.77,5.02,287.78,462926.87,133796040.1635
1753460278474,16:17:58.474,AAVE/USDT:USDT,287.76,2.84,287.77,5.12,287.78,462926.87,133796040.1635
1753460278575,16:17:58.575,AAVE/USDT:USDT,287.76,2.92,287.77,5.12,287.78,462926.87,133796040.1635
1753460278774,16:17:58.774,AAVE/USDT:USDT,287.76,8.1,287.77,0.1,287.78,462926.87,133796040.1635
1753460278974,16:17:58.974,AAVE/USDT:USDT,287.79,11.71,287.8,0.02,287.77,462926.97,133796068.9405
1753460279074,16:17:59.074,AAVE/USDT:USDT,287.79,11.71,287.8,0.02,287.77,462926.97,133796068.9405
1753460279174,16:17:59.174,AAVE/USDT:USDT,287.79,3.92,287.8,3.43,287.77,462926.97,133796068.9405
1753460279274,16:17:59.274,AAVE/USDT:USDT,287.79,2.81,287.8,0.02,287.77,462926.97,133796068.9405
1753460279374,16:17:59.374,AAVE/USDT:USDT,287.79,3.5,287.8,7.82,287.77,462926.97,133796068.9405
1753460279474,16:17:59.474,AAVE/USDT:USDT,287.79,3.5,287.8,7.82,287.77,462926.97,133796068.9405
1753460279574,16:17:59.574,AAVE/USDT:USDT,287.79,1.94,287.8,9.0,287.77,462926.97,133796068.9405
1753460279674,16:17:59.674,AAVE/USDT:USDT,287.79,3.54,287.8,7.8,287.77,462926.97,133796068.9405
1753460279775,16:17:59.775,AAVE/USDT:USDT,287.81,1.56,287.82,8.01,287.77,462926.97,133796068.9405
1753460279874,16:17:59.874,AAVE/USDT:USDT,287.8,0.02,287.81,9.34,287.77,462926.97,133796068.9405
1753460279974,16:17:59.974,AAVE/USDT:USDT,287.8,3.31,287.81,9.34,287.77,462926.97,133796068.9405
1753460280074,16:18:00.074,AAVE/USDT:USDT,287.85,2.74,287.86,0.07,287.85,462928.46,133796497.7822
1753460280174,16:18:00.174,AAVE/USDT:USDT,287.86,0.69,287.87,11.9,287.85,462928.46,133796497.7822
1753460280274,16:18:00.274,AAVE/USDT:USDT,287.84,2.25,287.85,3.84,287.86,462929.15,133796696.4056
1753460280374,16:18:00.374,AAVE/USDT:USDT,287.82,0.04,287.85,3.84,287.86,462929.15,133796696.4056
1753460280474,16:18:00.474,AAVE/USDT:USDT,287.83,0.69,287.84,9.34,287.86,462929.15,133796696.4056
1753460280574,16:18:00.574,AAVE/USDT:USDT,287.81,3.29,287.82,1.33,287.81,462934.36,133798195.9365
1753460280674,16:18:00.674,AAVE/USDT:USDT,287.81,1.73,287.82,9.13,287.81,462934.36,133798195.9365
1753460280774,16:18:00.774,AAVE/USDT:USDT,287.81,4.54,287.82,9.13,287.81,462934.36,133798195.9365
1753460280874,16:18:00.874,AAVE/USDT:USDT,287.8,0.02,287.81,10.86,287.81,462937.34,133799053.6103
1753460281074,16:18:01.074,AAVE/USDT:USDT,287.72,30.33,287.73,5.02,287.72,462961.73,133806071.3629
1753460281174,16:18:01.174,AAVE/USDT:USDT,287.68,1.1,287.7,7.1,287.69,462973.99,133809598.687
1753460281274,16:18:01.274,AAVE/USDT:USDT,287.68,3.01,287.69,5.02,287.69,462973.99,133809598.687
1753460281374,16:18:01.374,AAVE/USDT:USDT,287.68,2.3,287.69,5.02,287.69,462973.99,133809598.687
1753460281474,16:18:01.474,AAVE/USDT:USDT,287.68,2.78,287.69,5.02,287.69,462973.99,133809598.687
1753460281574,16:18:01.574,AAVE/USDT:USDT,287.61,4.19,287.62,5.02,287.62,462997.07,133816237.7155
1753460281674,16:18:01.674,AAVE/USDT:USDT,287.64,1.56,287.65,0.21,287.62,462997.07,133816237.7155
1753460281774,16:18:01.774,AAVE/USDT:USDT,287.65,3.26,287.66,0.21,287.65,462997.37,133816324.0105
1753460281874,16:18:01.874,AAVE/USDT:USDT,287.66,3.26,287.67,3.57,287.65,462997.37,133816324.0105
1753460282074,16:18:02.074,AAVE/USDT:USDT,287.67,2.24,287.68,0.02,287.67,463000.73,133817290.5817
1753460282174,16:18:02.174,AAVE/USDT:USDT,287.75,3.23,287.76,3.81,287.74,463007.12,133819129.1
1753460282274,16:18:02.274,AAVE/USDT:USDT,287.75,2.41,287.76,0.44,287.74,463007.12,133819129.1
1753460282374,16:18:02.374,AAVE/USDT:USDT,287.74,2.56,287.78,8.01,287.76,463007.56,133819255.7144
1753460282474,16:18:02.474,AAVE/USDT:USDT,287.74,1.0,287.76,0.66,287.76,463007.56,133819255.7144
1753460282574,16:18:02.574,AAVE/USDT:USDT,287.76,3.08,287.78,7.8,287.76,463007.56,133819255.7144
1753460282674,16:18:02.674,AAVE/USDT:USDT,287.74,0.69,287.75,2.12,287.76,463007.56,133819255.7144
1753460282774,16:18:02.774,AAVE/USDT:USDT,287.71,0.69,287.72,4.28,287.76,463007.56,133819255.7144
1753460282874,16:18:02.874,AAVE/USDT:USDT,287.64,8.86,287.66,4.87,287.66,463008.81,133819615.3031
1753460282974,16:18:02.974,AAVE/USDT:USDT,287.63,0.7,287.64,8.35,287.63,463017.64,133822155.1639
1753460283074,16:18:03.074,AAVE/USDT:USDT,287.63,0.7,287.64,8.35,287.63,463017.64,133822155.1639
1753460283174,16:18:03.174,AAVE/USDT:USDT,287.61,0.02,287.62,4.87,287.63,463018.34,133822356.5049
1753460283274,16:18:03.274,AAVE/USDT:USDT,287.55,0.02,287.56,5.16,287.56,463020.8,133823063.9276
1753460283374,16:18:03.374,AAVE/USDT:USDT,287.54,0.47,287.55,9.19,287.55,463020.82,133823069.6786
1753460283474,16:18:03.474,AAVE/USDT:USDT,287.54,0.47,287.55,6.44,287.55,463020.82,133823069.6786
1753460283575,16:18:03.575,AAVE/USDT:USDT,287.54,2.03,287.55,5.14,287.55,463020.82,133823069.6786
1753460283674,16:18:03.674,AAVE/USDT:USDT,287.54,2.03,287.55,5.14,287.55,463020.82,133823069.6786
1753460283774,16:18:03.774,AAVE/USDT:USDT,287.54,0.57,287.55,5.14,287.55,463020.82,133823069.6786
1753460283874,16:18:03.874,AAVE/USDT:USDT,287.54,2.8,287.55,0.19,287.55,463020.82,133823069.6786
1753460283974,16:18:03.974,AAVE/USDT:USDT,287.54,2.82,287.56,8.01,287.55,463020.82,133823069.6786
1753460284075,16:18:04.075,AAVE/USDT:USDT,287.54,3.35,287.55,1.54,287.55,463020.82,133823069.6786
1753460284174,16:18:04.174,AAVE/USDT:USDT,287.54,3.35,287.55,1.33,287.55,463020.82,133823069.6786
1753460284374,16:18:04.374,AAVE/USDT:USDT,287.54,3.35,287.55,1.54,287.55,463020.82,133823069.6786
1753460284474,16:18:04.474,AAVE/USDT:USDT,287.57,1.66,287.58,0.28,287.55,463020.82,133823069.6786
1753460284574,16:18:04.574,AAVE/USDT:USDT,287.57,9.56,287.58,0.07,287.55,463020.82,133823069.6786
1753460284674,16:18:04.674,AAVE/USDT:USDT,287.62,2.56,287.63,0.21,287.6,463020.93,133823101.3132
1753460284774,16:18:04.774,AAVE/USDT:USDT,287.62,2.56,287.63,0.21,287.6,463020.93,133823101.3132
1753460284974,16:18:04.974,AAVE/USDT:USDT,287.62,9.87,287.63,0.21,287.6,463020.93,133823101.3132
1753460285074,16:18:05.074,AAVE/USDT:USDT,287.69,9.57,287.7,0.02,287.68,463021.43,133823245.1319
1753460285175,16:18:05.175,AAVE/USDT:USDT,287.71,3.38,287.72,2.43,287.7,463021.45,133823250.8859
1753460285274,16:18:05.274,AAVE/USDT:USDT,287.77,0.85,287.78,7.8,287.72,463023.09,133823722.7467
1753460285374,16:18:05.374,AAVE/USDT:USDT,287.78,8.62,287.79,54.98,287.72,463023.09,133823722.7467
1753460285474,16:18:05.474,AAVE/USDT:USDT,287.78,8.84,287.79,53.38,287.79,463024.69,133824183.2107
1753460285574,16:18:05.574,AAVE/USDT:USDT,287.78,10.41,287.79,53.28,287.79,463024.79,133824211.9897
1753460285774,16:18:05.774,AAVE/USDT:USDT,287.8,11.48,287.81,0.04,287.8,463078.36,133839628.9029
1753460285874,16:18:05.874,AAVE/USDT:USDT,287.83,1.56,287.84,2.47,287.8,463078.36,133839628.9029
1753460285975,16:18:05.975,AAVE/USDT:USDT,287.83,1.42,287.85,0.04,287.84,463080.1,133840129.7273
1753460286074,16:18:06.074,AAVE/USDT:USDT,287.87,1.85,287.88,8.03,287.87,463080.95,133840374.4142
1753460286175,16:18:06.175,AAVE/USDT:USDT,287.87,3.72,287.88,0.02,287.87,463080.95,133840374.4142
1753460286374,16:18:06.374,AAVE/USDT:USDT,287.87,3.72,287.88,0.02,287.87,463080.95,133840374.4142
1753460286674,16:18:06.674,AAVE/USDT:USDT,287.87,3.72,287.88,0.02,287.87,463080.95,133840374.4142
1753460286774,16:18:06.774,AAVE/USDT:USDT,287.87,14.58,287.93,0.04,287.92,463081.15,133840431.9958
1753460286874,16:18:06.874,AAVE/USDT:USDT,287.92,0.02,287.93,9.41,287.92,463081.15,133840431.9958
1753460286974,16:18:06.974,AAVE/USDT:USDT,287.9,1.61,287.93,1.4,287.88,463081.91,133840650.7978
1753460287074,16:18:07.074,AAVE/USDT:USDT,287.92,1.61,287.93,1.37,287.88,463081.91,133840650.7978
1753460287174,16:18:07.174,AAVE/USDT:USDT,287.92,1.61,287.93,0.24,287.88,463081.91,133840650.7978
1753460287274,16:18:07.274,AAVE/USDT:USDT,287.9,1.84,287.91,1.37,287.88,463081.91,133840650.7978
1753460287374,16:18:07.374,AAVE/USDT:USDT,287.9,1.63,287.91,1.37,287.88,463081.91,133840650.7978
1753460287574,16:18:07.574,AAVE/USDT:USDT,287.9,1.61,287.91,1.37,287.88,463081.91,133840650.7978
1753460287674,16:18:07.674,AAVE/USDT:USDT,287.87,0.03,287.88,1.68,287.88,463081.91,133840650.7978
1753460287774,16:18:07.774,AAVE/USDT:USDT,287.86,0.03,287.87,1.6,287.88,463081.91,133840650.7978
1753460287874,16:18:07.874,AAVE/USDT:USDT,287.87,1.61,287.88,1.47,287.88,463081.91,133840650.7978
1753460287974,16:18:07.974,AAVE/USDT:USDT,287.86,0.7,287.89,1.43,287.88,463081.91,133840650.7978
1753460288074,16:18:08.074,AAVE/USDT:USDT,287.86,4.93,287.89,0.04,287.88,463081.91,133840650.7978
1753460288174,16:18:08.174,AAVE/USDT:USDT,287.86,0.03,287.89,1.35,287.88,463081.91,133840650.7978
1753460288274,16:18:08.274,AAVE/USDT:USDT,287.88,3.13,287.89,1.35,287.88,463081.91,133840650.7978
1753460288474,16:18:08.474,AAVE/USDT:USDT,287.89,1.61,287.9,8.59,287.9,463083.98,133841246.7361
1753460288574,16:18:08.574,AAVE/USDT:USDT,287.87,1.61,287.89,0.5,287.9,463083.98,133841246.7361
1753460288674,16:18:08.674,AAVE/USDT:USDT,287.87,1.61,287.9,8.59,287.9,463083.98,133841246.7361
1753460288775,16:18:08.775,AAVE/USDT:USDT,287.87,1.61,287.89,0.59,287.9,463083.98,133841246.7361
1753460288874,16:18:08.874,AAVE/USDT:USDT,287.86,1.61,287.87,2.68,287.9,463083.98,133841246.7361
1753460288974,16:18:08.974,AAVE/USDT:USDT,287.85,0.02,287.86,3.57,287.9,463083.98,133841246.7361
1753460289174,16:18:09.174,AAVE/USDT:USDT,287.85,0.02,287.86,6.37,287.9,463083.98,133841246.7361
1753460289375,16:18:09.375,AAVE/USDT:USDT,287.85,0.02,287.86,6.37,287.9,463083.98,133841246.7361
1753460289474,16:18:09.474,AAVE/USDT:USDT,287.88,2.46,287.89,0.21,287.9,463083.98,133841246.7361
1753460289574,16:18:09.574,AAVE/USDT:USDT,287.89,0.21,287.9,9.51,287.9,463083.98,133841246.7361
1753460289674,16:18:09.674,AAVE/USDT:USDT,287.84,1.75,287.86,1.53,287.89,463085.8,133841770.6959
1753460289774,16:18:09.774,AAVE/USDT:USDT,287.88,1.82,287.89,7.8,287.86,463087.13,133842153.5497
1753460289874,16:18:09.874,AAVE/USDT:USDT,287.88,3.55,287.89,7.8,287.86,463087.13,133842153.5497
1753460290174,16:18:10.174,AAVE/USDT:USDT,287.88,3.34,287.89,7.8,287.86,463087.13,133842153.5497
1753460290274,16:18:10.274,AAVE/USDT:USDT,287.88,3.34,287.89,7.8,287.86,463087.13,133842153.5497
1753460290374,16:18:10.374,AAVE/USDT:USDT,287.88,4.2,287.89,7.8,287.86,463087.13,133842153.5497
1753460290474,16:18:10.474,AAVE/USDT:USDT,287.88,7.94,287.89,7.8,287.86,463087.13,133842153.5497
1753460290574,16:18:10.574,AAVE/USDT:USDT,287.88,7.94,287.89,7.8,287.86,463087.13,133842153.5497
1753460290674,16:18:10.674,AAVE/USDT:USDT,287.93,0.21,287.94,0.02,287.91,463087.19,133842170.8241
1753460290774,16:18:10.774,AAVE/USDT:USDT,287.93,2.7,287.94,0.02,287.91,463087.19,133842170.8241
1753460291174,16:18:11.174,AAVE/USDT:USDT,287.93,2.7,287.94,0.02,287.91,463087.19,133842170.8241
1753460291475,16:18:11.475,AAVE/USDT:USDT,287.93,2.7,287.94,0.02,287.91,463087.19,133842170.8241
1753460291775,16:18:11.775,AAVE/USDT:USDT,287.93,2.49,287.94,0.02,287.91,463087.19,133842170.8241
1753460292074,16:18:12.074,AAVE/USDT:USDT,287.96,2.46,287.97,0.89,287.98,463088.21,133842464.5601
1753460292174,16:18:12.174,AAVE/USDT:USDT,287.96,2.46,287.98,1.46,287.98,463088.21,133842464.5601
1753460292274,16:18:12.274,AAVE/USDT:USDT,287.98,8.01,287.99,0.12,287.98,463088.21,133842464.5601
1753460292374,16:18:12.374,AAVE/USDT:USDT,287.99,15.1,288.0,0.06,287.99,463088.33,133842499.1189
1753460292475,16:18:12.475,AAVE/USDT:USDT,287.99,14.19,288.0,0.06,287.99,463088.33,133842499.1189
1753460292574,16:18:12.574,AAVE/USDT:USDT,287.99,14.19,288.0,0.04,287.99,463088.33,133842499.1189
1753460292674,16:18:12.674,AAVE/USDT:USDT,288.01,9.37,288.02,0.02,288.0,463088.37,133842510.6389
1753460292774,16:18:12.774,AAVE/USDT:USDT,288.03,3.67,288.04,0.02,288.03,463088.43,133842527.9205
1753460292874,16:18:12.874,AAVE/USDT:USDT,288.06,0.67,288.07,9.34,288.04,463088.45,133842533.6813
1753460292974,16:18:12.974,AAVE/USDT:USDT,288.03,0.21,288.04,0.87,288.04,463088.45,133842533.6813
1753460293074,16:18:13.074,AAVE/USDT:USDT,288.02,0.21,288.03,1.31,288.04,463088.45,133842533.6813
1753460293174,16:18:13.174,AAVE/USDT:USDT,288.04,0.21,288.07,1.54,288.04,463088.45,133842533.6813
1753460293274,16:18:13.274,AAVE/USDT:USDT,288.05,0.21,288.06,0.21,288.04,463088.45,133842533.6813
1753460293374,16:18:13.374,AAVE/USDT:USDT,288.03,7.72,288.06,0.04,288.04,463088.45,133842533.6813
1753460293474,16:18:13.474,AAVE/USDT:USDT,288.03,3.68,288.04,1.33,288.04,463088.45,133842533.6813
1753460293574,16:18:13.574,AAVE/USDT:USDT,288.04,1.82,288.05,1.31,288.04,463088.45,133842533.6813
1753460293774,16:18:13.774,AAVE/USDT:USDT,288.07,7.72,288.08,0.02,288.04,463088.45,133842533.6813
1753460293874,16:18:13.874,AAVE/USDT:USDT,288.07,7.72,288.08,0.02,288.04,463088.45,133842533.6813
1753460294374,16:18:14.374,AAVE/USDT:USDT,288.06,0.34,288.08,12.17,288.04,463088.45,133842533.6813
1753460294474,16:18:14.474,AAVE/USDT:USDT,288.04,3.56,288.05,10.09,288.04,463088.45,133842533.6813
1753460294574,16:18:14.574,AAVE/USDT:USDT,288.04,3.56,288.05,9.31,288.04,463088.45,133842533.6813
1753460294674,16:18:14.674,AAVE/USDT:USDT,288.01,0.03,288.02,8.01,288.04,463091.98,133843550.4625
1753460294774,16:18:14.774,AAVE/USDT:USDT,288.01,2.39,288.03,0.21,288.04,463091.98,133843550.4625
1753460294874,16:18:14.874,AAVE/USDT:USDT,288.01,2.39,288.03,0.51,288.04,463091.98,133843550.4625
1753460294974,16:18:14.974,AAVE/USDT:USDT,288.01,3.08,288.03,0.51,288.04,463091.98,133843550.4625
1753460295074,16:18:15.074,AAVE/USDT:USDT,288.01,3.08,288.02,1.51,288.04,463091.98,133843550.4625
1753460295174,16:18:15.174,AAVE/USDT:USDT,288.01,1.47,288.02,1.51,288.04,463091.98,133843550.4625
1753460295274,16:18:15.274,AAVE/USDT:USDT,288.01,0.69,288.02,9.69,288.04,463091.98,133843550.4625
1753460295575,16:18:15.575,AAVE/USDT:USDT,288.01,2.3,288.02,0.21,288.04,463091.98,133843550.4625
1753460295674,16:18:15.674,AAVE/USDT:USDT,288.01,2.3,288.03,0.21,288.04,463091.98,133843550.4625
1753460295874,16:18:15.874,AAVE/USDT:USDT,288.01,0.69,288.02,7.8,288.04,463091.98,133843550.4625
1753460295974,16:18:15.974,AAVE/USDT:USDT,287.98,0.03,287.99,9.31,288.0,463093.44,133843970.9494
1753460296074,16:18:16.074,AAVE/USDT:USDT,287.98,7.22,287.99,9.31,288.0,463093.44,133843970.9494
1753460296174,16:18:16.174,AAVE/USDT:USDT,287.96,1.73,287.97,2.85,288.0,463093.44,133843970.9494
1753460296274,16:18:16.274,AAVE/USDT:USDT,287.96,1.73,287.97,2.64,288.0,463093.44,133843970.9494
1753460296374,16:18:16.374,AAVE/USDT:USDT,287.98,0.21,287.99,0.21,288.0,463093.44,133843970.9494
1753460296475,16:18:16.475,AAVE/USDT:USDT,287.98,2.49,288.0,1.48,288.0,463093.44,133843970.9494
1753460296575,16:18:16.575,AAVE/USDT:USDT,287.99,1.82,288.0,0.18,288.0,463093.44,133843970.9494
1753460296674,16:18:16.674,AAVE/USDT:USDT,287.99,1.82,288.0,0.16,288.0,463093.44,133843970.9494
1753460296875,16:18:16.875,AAVE/USDT:USDT,287.99,1.82,288.0,0.14,288.0,463093.44,133843970.9494
1753460297074,16:18:17.074,AAVE/USDT:USDT,288.01,4.37,288.02,0.02,288.0,463093.58,133844011.2694
1753460297374,16:18:17.374,AAVE/USDT:USDT,288.05,0.21,288.06,0.02,288.03,463093.64,133844028.551
1753460297474,16:18:17.474,AAVE/USDT:USDT,288.05,2.75,288.06,0.02,288.03,463093.64,133844028.551
1753460297674,16:18:17.674,AAVE/USDT:USDT,288.09,2.62,288.1,0.04,288.08,463093.74,133844057.3586
1753460297774,16:18:17.774,AAVE/USDT:USDT,288.09,2.62,288.1,0.04,288.08,463093.74,133844057.3586
1753460297874,16:18:17.874,AAVE/USDT:USDT,288.09,3.53,288.1,0.04,288.08,463093.74,133844057.3586
1753460297974,16:18:17.974,AAVE/USDT:USDT,288.14,1.0,288.16,0.15,288.14,463094.07,133844152.4369
1753460298074,16:18:18.074,AAVE/USDT:USDT,288.15,3.47,288.16,0.11,288.14,463094.07,133844152.4369
1753460298174,16:18:18.174,AAVE/USDT:USDT,288.15,2.44,288.16,1.38,288.14,463094.07,133844152.4369
1753460298274,16:18:18.274,AAVE/USDT:USDT,288.15,2.54,288.16,0.11,288.14,463094.07,133844152.4369
1753460298374,16:18:18.374,AAVE/USDT:USDT,288.15,2.54,288.16,0.11,288.14,463094.07,133844152.4369
1753460298474,16:18:18.474,AAVE/USDT:USDT,288.15,2.59,288.16,0.11,288.14,463094.07,133844152.4369
1753460298674,16:18:18.674,AAVE/USDT:USDT,288.15,3.5,288.16,0.11,288.14,463094.07,133844152.4369
1753460298774,16:18:18.774,AAVE/USDT:USDT,288.18,9.15,288.19,0.01,288.17,463094.54,133844287.8757
1753460298874,16:18:18.874,AAVE/USDT:USDT,288.18,15.25,288.19,0.11,288.17,463094.54,133844287.8757
1753460298974,16:18:18.974,AAVE/USDT:USDT,288.18,0.85,288.19,7.99,288.17,463094.54,133844287.8757
1753460299274,16:18:19.274,AAVE/USDT:USDT,288.18,2.6,288.19,0.11,288.17,463094.54,133844287.8757
1753460299374,16:18:19.374,AAVE/USDT:USDT,288.18,3.52,288.19,0.11,288.17,463094.54,133844287.8757
1753460299574,16:18:19.574,AAVE/USDT:USDT,288.18,3.52,288.19,0.11,288.17,463094.54,133844287.8757
1753460299674,16:18:19.674,AAVE/USDT:USDT,288.19,19.01,288.2,0.14,288.19,463094.65,133844319.5766
1753460299774,16:18:19.774,AAVE/USDT:USDT,288.19,19.01,288.2,0.14,288.19,463094.65,133844319.5766
1753460299874,16:18:19.874,AAVE/USDT:USDT,288.23,2.65,288.24,0.03,288.21,463094.83,133844371.453
1753460299974,16:18:19.974,AAVE/USDT:USDT,288.23,15.77,288.24,0.03,288.21,463094.83,133844371.453
1753460300074,16:18:20.074,AAVE/USDT:USDT,288.25,14.96,288.26,0.07,288.25,463094.94,133844403.1602
1753460300174,16:18:20.174,AAVE/USDT:USDT,288.27,12.93,288.28,0.06,288.27,463095.05,133844434.8692
1753460300274,16:18:20.274,AAVE/USDT:USDT,288.27,12.02,288.28,0.02,288.27,463095.05,133844434.8692
1753460300474,16:18:20.474,AAVE/USDT:USDT,288.27,13.75,288.28,0.02,288.27,463095.05,133844434.8692
1753460300574,16:18:20.574,AAVE/USDT:USDT,288.29,8.86,288.3,0.79,288.28,463095.07,133844440.6348
1753460300674,16:18:20.674,AAVE/USDT:USDT,288.29,13.01,288.3,0.79,288.28,463095.07,133844440.6348
1753460300774,16:18:20.774,AAVE/USDT:USDT,288.31,3.62,288.32,0.02,288.3,463095.86,133844668.3918
1753460300875,16:18:20.875,AAVE/USDT:USDT,288.31,8.96,288.32,0.02,288.3,463095.86,133844668.3918
1753460301074,16:18:21.074,AAVE/USDT:USDT,288.31,9.65,288.32,0.02,288.3,463095.86,133844668.3918
1753460301374,16:18:21.374,AAVE/USDT:USDT,288.31,9.65,288.32,0.81,288.3,463095.86,133844668.3918
1753460301475,16:18:21.475,AAVE/USDT:USDT,288.33,7.13,288.34,0.37,288.32,463096.67,133844901.931
1753460301574,16:18:21.574,AAVE/USDT:USDT,288.35,12.49,288.36,0.02,288.35,463097.08,133845020.1508
1753460301674,16:18:21.674,AAVE/USDT:USDT,288.35,12.91,288.36,0.02,288.35,463097.08,133845020.1508
1753460301774,16:18:21.774,AAVE/USDT:USDT,288.37,13.2,288.39,0.04,288.36,463097.1,133845025.918
1753460301874,16:18:21.874,AAVE/USDT:USDT,288.39,14.04,288.4,0.04,288.36,463097.1,133845025.918
1753460301974,16:18:21.974,AAVE/USDT:USDT,288.39,18.57,288.4,0.04,288.36,463097.1,133845025.918
1753460302074,16:18:22.074,AAVE/USDT:USDT,288.39,6.03,288.4,0.04,288.36,463097.1,133845025.918
1753460302274,16:18:22.274,AAVE/USDT:USDT,288.39,9.13,288.4,0.04,288.36,463097.1,133845025.918
1753460302474,16:18:22.474,AAVE/USDT:USDT,288.39,12.1,288.44,1.4,288.44,463098.83,133845524.8994
1753460302574,16:18:22.574,AAVE/USDT:USDT,288.42,2.41,288.43,0.49,288.44,463098.83,133845524.8994
1753460302674,16:18:22.674,AAVE/USDT:USDT,288.43,0.09,288.44,2.39,288.44,463098.83,133845524.8994
1753460302774,16:18:22.774,AAVE/USDT:USDT,288.43,1.65,288.44,2.39,288.44,463098.83,133845524.8994
1753460302874,16:18:22.874,AAVE/USDT:USDT,288.43,1.65,288.44,0.99,288.44,463098.83,133845524.8994
1753460302974,16:18:22.974,AAVE/USDT:USDT,288.4,5.21,288.42,1.2,288.44,463098.83,133845524.8994
1753460303074,16:18:23.074,AAVE/USDT:USDT,288.41,1.56,288.42,0.8,288.44,463098.83,133845524.8994
1753460303174,16:18:23.174,AAVE/USDT:USDT,288.42,1.77,288.43,1.2,288.44,463098.83,133845524.8994
1753460303374,16:18:23.374,AAVE/USDT:USDT,288.43,8.69,288.45,0.28,288.44,463098.83,133845524.8994
1753460303474,16:18:23.474,AAVE/USDT:USDT,288.44,2.41,288.45,0.28,288.44,463098.83,133845524.8994
1753460303575,16:18:23.575,AAVE/USDT:USDT,288.44,2.41,288.45,0.07,288.44,463098.83,133845524.8994
1753460303674,16:18:23.674,AAVE/USDT:USDT,288.44,0.85,288.45,2.02,288.44,463098.83,133845524.8994
1753460303775,16:18:23.775,AAVE/USDT:USDT,288.44,7.58,288.45,2.02,288.44,463098.83,133845524.8994
1753460304174,16:18:24.174,AAVE/USDT:USDT,288.44,6.02,288.45,4.28,288.44,463098.83,133845524.8994
1753460304275,16:18:24.275,AAVE/USDT:USDT,288.44,6.02,288.45,2.78,288.44,463098.83,133845524.8994
1753460304374,16:18:24.374,AAVE/USDT:USDT,288.44,6.02,288.45,2.78,288.44,463098.83,133845524.8994
1753460304474,16:18:24.474,AAVE/USDT:USDT,288.44,6.02,288.45,2.41,288.44,463098.83,133845524.8994
1753460304574,16:18:24.574,AAVE/USDT:USDT,288.44,6.02,288.45,0.07,288.44,463098.83,133845524.8994
1753460305275,16:18:25.275,AAVE/USDT:USDT,288.44,6.02,288.45,10.43,288.44,463098.83,133845524.8994
1753460305374,16:18:25.374,AAVE/USDT:USDT,288.44,6.02,288.45,1.48,288.44,463098.83,133845524.8994
1753460305574,16:18:25.574,AAVE/USDT:USDT,288.4,0.04,288.41,10.54,288.42,463106.47,133847728.5486
1753460305674,16:18:25.674,AAVE/USDT:USDT,288.4,0.02,288.41,2.74,288.42,463106.47,133847728.5486
1753460305874,16:18:25.874,AAVE/USDT:USDT,288.39,1.56,288.4,0.21,288.42,463106.47,133847728.5486
1753460305974,16:18:25.974,AAVE/USDT:USDT,288.39,1.56,288.4,1.4,288.42,463106.47,133847728.5486
1753460306074,16:18:26.074,AAVE/USDT:USDT,288.39,1.56,288.41,0.21,288.42,463106.47,133847728.5486
1753460306174,16:18:26.174,AAVE/USDT:USDT,288.44,9.57,288.45,0.07,288.42,463106.47,133847728.5486
1753460306274,16:18:26.274,AAVE/USDT:USDT,288.46,10.42,288.47,0.13,288.45,463106.54,133847748.7401
1753460306374,16:18:26.374,AAVE/USDT:USDT,288.46,10.42,288.47,0.13,288.45,463106.54,133847748.7401
1753460306474,16:18:26.474,AAVE/USDT:USDT,288.46,10.42,288.47,0.13,288.45,463106.54,133847748.7401
1753460306574,16:18:26.574,AAVE/USDT:USDT,288.43,1.41,288.45,0.66,288.45,463106.54,133847748.7401
1753460306675,16:18:26.675,AAVE/USDT:USDT,288.45,1.53,288.46,7.8,288.45,463106.54,133847748.7401
1753460306774,16:18:26.774,AAVE/USDT:USDT,288.44,0.21,288.45,0.21,288.45,463106.54,133847748.7401
1753460306874,16:18:26.874,AAVE/USDT:USDT,288.44,1.74,288.45,0.21,288.45,463106.54,133847748.7401
1753460306974,16:18:26.974,AAVE/USDT:USDT,288.45,1.53,288.46,0.21,288.45,463106.54,133847748.7401
1753460307074,16:18:27.074,AAVE/USDT:USDT,288.46,2.41,288.47,0.13,288.45,463106.54,133847748.7401
1753460307374,16:18:27.374,AAVE/USDT:USDT,288.46,2.41,288.47,0.13,288.45,463106.54,133847748.7401
1753460307475,16:18:27.475,AAVE/USDT:USDT,288.46,2.62,288.47,0.13,288.45,463106.54,133847748.7401
1753460307574,16:18:27.574,AAVE/USDT:USDT,288.46,0.21,288.47,12.02,288.45,463106.54,133847748.7401
1753460307674,16:18:27.674,AAVE/USDT:USDT,288.46,0.31,288.47,12.02,288.45,463106.54,133847748.7401
1753460307774,16:18:27.774,AAVE/USDT:USDT,288.4,1.6,288.41,2.36,288.43,463107.65,133848068.9071
1753460307874,16:18:27.874,AAVE/USDT:USDT,288.38,0.02,288.39,4.15,288.4,463107.69,133848080.4431
1753460307974,16:18:27.974,AAVE/USDT:USDT,288.38,0.02,288.39,4.15,288.4,463107.69,133848080.4431
1753460308074,16:18:28.074,AAVE/USDT:USDT,288.39,9.54,288.4,0.06,288.4,463107.69,133848080.4431
1753460308274,16:18:28.274,AAVE/USDT:USDT,288.43,8.71,288.44,0.02,288.4,463107.73,133848091.9791
1753460308374,16:18:28.374,AAVE/USDT:USDT,288.4,0.13,288.43,1.93,288.4,463107.73,133848091.9791
1753460308474,16:18:28.474,AAVE/USDT:USDT,288.4,0.2,288.42,1.46,288.4,463107.73,133848091.9791
1753460308574,16:18:28.574,AAVE/USDT:USDT,288.41,1.53,288.42,1.46,288.4,463107.73,133848091.9791
1753460308674,16:18:28.674,AAVE/USDT:USDT,288.41,1.53,288.42,1.25,288.4,463107.73,133848091.9791
1753460308774,16:18:28.774,AAVE/USDT:USDT,288.42,1.74,288.43,0.21,288.4,463107.73,133848091.9791
1753460308874,16:18:28.874,AAVE/USDT:USDT,288.43,8.5,288.44,0.23,288.4,463107.73,133848091.9791
1753460309074,16:18:29.074,AAVE/USDT:USDT,288.46,10.39,288.47,0.13,288.44,463107.75,133848097.7479
1753460309174,16:18:29.174,AAVE/USDT:USDT,288.46,11.08,288.47,0.13,288.44,463107.75,133848097.7479
1753460309474,16:18:29.474,AAVE/USDT:USDT,288.46,11.08,288.47,0.13,288.44,463107.75,133848097.7479
1753460309774,16:18:29.774,AAVE/USDT:USDT,288.46,3.05,288.47,0.13,288.44,463107.75,133848097.7479
1753460309875,16:18:29.875,AAVE/USDT:USDT,288.46,3.05,288.47,0.23,288.44,463107.75,133848097.7479
1753460310074,16:18:30.074,AAVE/USDT:USDT,288.46,4.78,288.47,0.13,288.44,463107.75,133848097.7479
1753460310175,16:18:30.175,AAVE/USDT:USDT,288.47,13.22,288.48,0.02,288.47,463107.88,133848135.249
1753460310274,16:18:30.274,AAVE/USDT:USDT,288.47,13.22,288.48,0.02,288.47,463107.88,133848135.249
1753460310375,16:18:30.375,AAVE/USDT:USDT,288.47,12.31,288.48,0.02,288.47,463107.88,133848135.249
1753460310474,16:18:30.474,AAVE/USDT:USDT,288.5,2.74,288.51,0.01,288.5,463108.01,133848172.7531
1753460310574,16:18:30.574,AAVE/USDT:USDT,288.5,2.74,288.51,0.01,288.5,463108.01,133848172.7531
1753460310674,16:18:30.674,AAVE/USDT:USDT,288.53,10.39,288.54,0.43,288.52,463108.08,133848192.9494
1753460310774,16:18:30.774,AAVE/USDT:USDT,288.53,10.39,288.54,0.43,288.52,463108.08,133848192.9494
1753460310874,16:18:30.874,AAVE/USDT:USDT,288.57,1.74,288.58,0.02,288.56,463108.63,133848351.6484
1753460310975,16:18:30.975,AAVE/USDT:USDT,288.57,1.53,288.58,0.23,288.56,463108.63,133848351.6484
1753460311074,16:18:31.074,AAVE/USDT:USDT,288.56,0.21,288.58,1.97,288.56,463108.63,133848351.6484
1753460311174,16:18:31.174,AAVE/USDT:USDT,288.57,1.53,288.58,1.76,288.56,463108.63,133848351.6484
1753460311274,16:18:31.274,AAVE/USDT:USDT,288.57,1.53,288.58,0.6,288.56,463108.63,133848351.6484
1753460311574,16:18:31.574,AAVE/USDT:USDT,288.56,0.21,288.58,1.99,288.56,463108.63,133848351.6484
1753460311674,16:18:31.674,AAVE/USDT:USDT,288.55,1.53,288.56,1.06,288.56,463108.63,133848351.6484
1753460311774,16:18:31.774,AAVE/USDT:USDT,288.57,1.53,288.58,1.16,288.56,463108.63,133848351.6484
1753460311974,16:18:31.974,AAVE/USDT:USDT,288.53,11.74,288.56,11.81,288.55,463109.32,133848550.7479
1753460312074,16:18:32.074,AAVE/USDT:USDT,288.5,0.02,288.51,1.54,288.55,463109.32,133848550.7479
1753460312174,16:18:32.174,AAVE/USDT:USDT,288.5,0.02,288.51,2.95,288.55,463109.32,133848550.7479
1753460312374,16:18:32.374,AAVE/USDT:USDT,288.44,0.02,288.45,4.17,288.46,463110.03,133848755.5581
1753460312474,16:18:32.474,AAVE/USDT:USDT,288.44,0.02,288.45,4.2,288.46,463110.03,133848755.5581
1753460312574,16:18:32.574,AAVE/USDT:USDT,288.44,0.02,288.45,2.7,288.46,463110.03,133848755.5581
1753460312774,16:18:32.774,AAVE/USDT:USDT,288.44,0.02,288.45,2.7,288.46,463110.03,133848755.5581
1753460312974,16:18:32.974,AAVE/USDT:USDT,288.45,1.53,288.47,0.21,288.46,463110.03,133848755.5581
1753460313074,16:18:33.074,AAVE/USDT:USDT,288.49,1.52,288.5,0.02,288.46,463110.03,133848755.5581
1753460313174,16:18:33.174,AAVE/USDT:USDT,288.44,0.13,288.46,1.12,288.46,463111.64,133849220.0046
1753460313274,16:18:33.274,AAVE/USDT:USDT,288.44,0.02,288.45,8.01,288.46,463111.64,133849220.0046
1753460313374,16:18:33.374,AAVE/USDT:USDT,288.42,0.02,288.43,12.01,288.44,463111.66,133849225.7734
1753460313474,16:18:33.474,AAVE/USDT:USDT,288.4,0.06,288.41,12.23,288.42,463111.68,133849231.5418
1753460313574,16:18:33.574,AAVE/USDT:USDT,288.37,0.03,288.38,9.34,288.4,463111.74,133849248.8458
1753460313674,16:18:33.674,AAVE/USDT:USDT,288.35,0.06,288.36,0.04,288.36,463111.76,133849254.613
1753460313774,16:18:33.774,AAVE/USDT:USDT,288.35,0.22,288.36,8.07,288.36,463111.76,133849254.613
1753460313974,16:18:33.974,AAVE/USDT:USDT,288.35,0.22,288.36,8.07,288.36,463111.76,133849254.613
1753460314274,16:18:34.274,AAVE/USDT:USDT,288.36,0.2,288.37,0.21,288.36,463111.76,133849254.613
1753460314474,16:18:34.474,AAVE/USDT:USDT,288.38,0.2,288.39,7.8,288.36,463111.76,133849254.613
1753460314574,16:18:34.574,AAVE/USDT:USDT,288.38,0.2,288.39,7.8,288.36,463111.76,133849254.613
1753460314774,16:18:34.774,AAVE/USDT:USDT,288.4,1.74,288.43,7.84,288.42,463111.96,133849312.2954
1753460314874,16:18:34.874,AAVE/USDT:USDT,288.41,0.21,288.43,8.26,288.42,463111.96,133849312.2954
1753460314974,16:18:34.974,AAVE/USDT:USDT,288.4,0.04,288.41,2.14,288.42,463111.96,133849312.2954
1753460315174,16:18:35.174,AAVE/USDT:USDT,288.4,1.57,288.41,2.14,288.42,463111.96,133849312.2954
1753460315274,16:18:35.274,AAVE/USDT:USDT,288.4,0.04,288.41,2.14,288.42,463111.96,133849312.2954
1753460315374,16:18:35.374,AAVE/USDT:USDT,288.42,0.21,288.43,0.46,288.4,463112.44,133849450.7274
1753460315475,16:18:35.475,AAVE/USDT:USDT,288.42,1.74,288.43,0.46,288.4,463112.44,133849450.7274
1753460315574,16:18:35.574,AAVE/USDT:USDT,288.43,0.21,288.46,0.27,288.4,463112.44,133849450.7274
1753460315674,16:18:35.674,AAVE/USDT:USDT,288.44,0.21,288.46,0.23,288.4,463112.44,133849450.7274
1753460315775,16:18:35.775,AAVE/USDT:USDT,288.43,0.21,288.46,8.07,288.4,463112.44,133849450.7274
1753460315874,16:18:35.874,AAVE/USDT:USDT,288.43,1.74,288.46,0.23,288.4,462961.56,133805656.8729
1753460315974,16:18:35.974,AAVE/USDT:USDT,288.43,1.74,288.45,1.04,288.4,462961.56,133805656.8729
1753460316074,16:18:36.074,AAVE/USDT:USDT,288.45,2.41,288.46,0.02,288.4,462961.56,133805656.8729
1753460316174,16:18:36.174,AAVE/USDT:USDT,288.41,1.32,288.44,1.04,288.4,462961.56,133805656.8729
1753460316275,16:18:36.275,AAVE/USDT:USDT,288.43,1.53,288.44,0.21,288.4,462961.56,133805656.8729
1753460316374,16:18:36.374,AAVE/USDT:USDT,288.41,0.69,288.42,1.54,288.4,462961.56,133805656.8729
1753460316474,16:18:36.474,AAVE/USDT:USDT,288.4,0.25,288.41,1.38,288.4,462961.56,133805656.8729
1753460316574,16:18:36.574,AAVE/USDT:USDT,288.4,1.57,288.41,1.38,288.4,462961.56,133805656.8729
1753460316674,16:18:36.674,AAVE/USDT:USDT,288.4,1.55,288.41,0.3,288.4,462961.56,133805656.8729
1753460316774,16:18:36.774,AAVE/USDT:USDT,288.42,1.77,288.43,7.8,288.4,462961.56,133805656.8729
1753460316874,16:18:36.874,AAVE/USDT:USDT,288.45,3.23,288.46,7.82,288.45,462977.2,133810168.0749
1753460316975,16:18:36.975,AAVE/USDT:USDT,288.45,3.25,288.46,7.82,288.45,462977.2,133810168.0749
1753460317374,16:18:37.374,AAVE/USDT:USDT,288.45,4.11,288.46,7.82,288.45,462977.2,133810168.0749
1753460317575,16:18:37.575,AAVE/USDT:USDT,288.45,4.11,288.46,7.82,288.45,462977.2,133810168.0749
1753460317675,16:18:37.675,AAVE/USDT:USDT,288.45,4.11,288.46,0.02,288.45,462977.2,133810168.0749
1753460318074,16:18:38.074,AAVE/USDT:USDT,288.45,3.25,288.46,0.02,288.45,462977.2,133810168.0749
1753460318174,16:18:38.174,AAVE/USDT:USDT,288.45,2.78,288.46,0.02,288.45,462977.2,133810168.0749
1753460318274,16:18:38.274,AAVE/USDT:USDT,288.45,4.84,288.46,0.02,288.45,462977.2,133810168.0749
1753460318375,16:18:38.375,AAVE/USDT:USDT,288.45,1.83,288.46,0.23,288.45,462977.62,133810289.2239
1753460318474,16:18:38.474,AAVE/USDT:USDT,288.45,1.83,288.46,0.23,288.45,462977.62,133810289.2239
1753460318574,16:18:38.574,AAVE/USDT:USDT,288.45,1.93,288.46,0.02,288.45,462977.62,133810289.2239
1753460318674,16:18:38.674,AAVE/USDT:USDT,288.45,8.07,288.46,0.02,288.45,462977.62,133810289.2239
1753460319074,16:18:39.074,AAVE/USDT:USDT,288.49,2.77,288.5,0.04,288.48,462977.68,133810306.5323
1753460319174,16:18:39.174,AAVE/USDT:USDT,288.51,2.62,288.52,0.02,288.5,462977.72,133810318.0723
1753460319274,16:18:39.274,AAVE/USDT:USDT,288.52,0.69,288.53,8.01,288.53,462977.78,133810335.3839
1753460319374,16:18:39.374,AAVE/USDT:USDT,288.52,0.1,288.53,7.8,288.53,462977.78,133810335.3839
1753460319474,16:18:39.474,AAVE/USDT:USDT,288.5,0.02,288.51,4.11,288.52,462977.88,133810364.2359
1753460319574,16:18:39.574,AAVE/USDT:USDT,288.5,0.02,288.51,4.11,288.52,462977.88,133810364.2359
1753460319675,16:18:39.675,AAVE/USDT:USDT,288.47,0.21,288.49,0.19,288.52,462977.88,133810364.2359
1753460319774,16:18:39.774,AAVE/USDT:USDT,288.47,1.77,288.49,0.19,288.52,462977.88,133810364.2359
1753460319874,16:18:39.874,AAVE/USDT:USDT,288.46,0.72,288.49,0.19,288.52,462977.88,133810364.2359
1753460319975,16:18:39.975,AAVE/USDT:USDT,288.46,1.59,288.49,0.92,288.52,462977.88,133810364.2359
1753460320074,16:18:40.074,AAVE/USDT:USDT,288.47,0.69,288.48,0.21,288.52,462977.88,133810364.2359
1753460320174,16:18:40.174,AAVE/USDT:USDT,288.47,2.76,288.48,0.21,288.52,462977.88,133810364.2359
1753460320274,16:18:40.274,AAVE/USDT:USDT,288.47,2.76,288.48,0.21,288.52,462977.88,133810364.2359
1753460320575,16:18:40.575,AAVE/USDT:USDT,288.46,0.72,288.47,1.77,288.52,462977.88,133810364.2359
1753460320674,16:18:40.674,AAVE/USDT:USDT,288.46,0.72,288.47,3.19,288.52,462977.88,133810364.2359
1753460320774,16:18:40.774,AAVE/USDT:USDT,288.43,0.03,288.44,9.62,288.46,462978.6,133810571.9271
1753460320874,16:18:40.874,AAVE/USDT:USDT,288.4,0.04,288.41,0.28,288.42,462978.67,133810592.1168
1753460320974,16:18:40.974,AAVE/USDT:USDT,288.4,0.04,288.41,2.95,288.42,462978.67,133810592.1168
1753460321074,16:18:41.074,AAVE/USDT:USDT,288.38,0.02,288.39,6.41,288.39,462978.75,133810615.1884
1753460321174,16:18:41.174,AAVE/USDT:USDT,288.38,0.02,288.39,6.41,288.39,462978.75,133810615.1884
1753460321374,16:18:41.374,AAVE/USDT:USDT,288.35,0.02,288.36,8.89,288.36,462978.79,133810626.7232
1753460321474,16:18:41.474,AAVE/USDT:USDT,288.35,0.02,288.36,8.89,288.36,462978.79,133810626.7232
1753460321674,16:18:41.674,AAVE/USDT:USDT,288.35,0.02,288.36,9.49,288.36,462978.79,133810626.7232
1753460321774,16:18:41.774,AAVE/USDT:USDT,288.35,0.02,288.36,7.47,288.36,462978.79,133810626.7232
1753460321874,16:18:41.874,AAVE/USDT:USDT,288.35,2.25,288.36,0.6,288.36,462978.79,133810626.7232
1753460321974,16:18:41.974,AAVE/USDT:USDT,288.35,3.86,288.36,0.6,288.36,462978.79,133810626.7232
1753460322074,16:18:42.074,AAVE/USDT:USDT,288.35,3.86,288.36,0.6,288.36,462978.79,133810626.7232
1753460322174,16:18:42.174,AAVE/USDT:USDT,288.35,0.02,288.36,3.62,288.36,462978.79,133810626.7232
1753460322374,16:18:42.374,AAVE/USDT:USDT,288.35,0.02,288.36,3.62,288.36,462978.79,133810626.7232
1753460322474,16:18:42.474,AAVE/USDT:USDT,288.34,0.02,288.35,9.13,288.35,462978.81,133810632.4902
1753460322574,16:18:42.574,AAVE/USDT:USDT,288.34,0.02,288.35,9.13,288.35,462978.81,133810632.4902
1753460322675,16:18:42.675,AAVE/USDT:USDT,288.34,0.02,288.35,9.13,288.35,462978.81,133810632.4902
1753460322774,16:18:42.774,AAVE/USDT:USDT,288.34,0.02,288.35,9.73,288.35,462978.81,133810632.4902
1753460322975,16:18:42.975,AAVE/USDT:USDT,288.34,0.02,288.35,9.73,288.35,462978.81,133810632.4902
1753460323174,16:18:43.174,AAVE/USDT:USDT,288.34,0.02,288.35,1.84,288.35,462978.81,133810632.4902
1753460323274,16:18:43.274,AAVE/USDT:USDT,288.31,0.92,288.32,17.3,288.32,462978.85,133810644.0234
1753460323375,16:18:43.375,AAVE/USDT:USDT,288.31,0.92,288.32,17.3,288.32,462978.85,133810644.0234
1753460323674,16:18:43.674,AAVE/USDT:USDT,288.31,2.48,288.33,0.21,288.32,462978.85,133810644.0234
1753460323774,16:18:43.774,AAVE/USDT:USDT,288.31,2.48,288.33,0.77,288.32,462978.85,133810644.0234
1753460323975,16:18:43.975,AAVE/USDT:USDT,288.31,0.92,288.33,0.77,288.32,462978.85,133810644.0234
1753460324074,16:18:44.074,AAVE/USDT:USDT,288.31,0.92,288.32,1.23,288.32,462978.85,133810644.0234
1753460324174,16:18:44.174,AAVE/USDT:USDT,288.26,0.19,288.27,4.36,288.28,462979.9,133810946.7472
1753460324274,16:18:44.274,AAVE/USDT:USDT,288.26,0.19,288.27,4.36,288.28,462979.9,133810946.7472
1753460324374,16:18:44.374,AAVE/USDT:USDT,288.24,0.02,288.25,8.49,288.25,462980.13,133811013.0466
1753460324474,16:18:44.474,AAVE/USDT:USDT,288.24,0.02,288.25,0.15,288.25,462980.13,133811013.0466
1753460324774,16:18:44.774,AAVE/USDT:USDT,288.24,0.02,288.25,2.72,288.25,462980.13,133811013.0466
1753460324974,16:18:44.974,AAVE/USDT:USDT,288.24,3.48,288.25,0.56,288.25,462980.13,133811013.0466
1753460325174,16:18:45.174,AAVE/USDT:USDT,288.26,7.8,288.27,0.04,288.25,462980.69,133811174.4666
1753460325274,16:18:45.274,AAVE/USDT:USDT,288.28,1.77,288.3,0.02,288.25,462980.69,133811174.4666
1753460325374,16:18:45.374,AAVE/USDT:USDT,288.25,0.25,288.28,0.21,288.25,462980.69,133811174.4666
1753460325474,16:18:45.474,AAVE/USDT:USDT,288.25,0.21,288.27,2.67,288.25,462980.69,133811174.4666
1753460325574,16:18:45.574,AAVE/USDT:USDT,288.27,1.77,288.29,0.21,288.25,462980.69,133811174.4666
1753460325674,16:18:45.674,AAVE/USDT:USDT,288.26,0.21,288.28,0.21,288.25,462980.69,133811174.4666
1753460325774,16:18:45.774,AAVE/USDT:USDT,288.25,0.21,288.27,0.48,288.25,462980.69,133811174.4666
1753460325874,16:18:45.874,AAVE/USDT:USDT,288.26,0.18,288.27,0.03,288.25,462980.69,133811174.4666
1753460325974,16:18:45.974,AAVE/USDT:USDT,288.27,0.21,288.29,0.21,288.25,462980.69,133811174.4666
1753460326074,16:18:46.074,AAVE/USDT:USDT,288.28,1.77,288.3,0.23,288.25,462980.69,133811174.4666
1753460326174,16:18:46.174,AAVE/USDT:USDT,288.29,1.77,288.3,0.02,288.25,462980.69,133811174.4666
1753460326275,16:18:46.275,AAVE/USDT:USDT,288.27,1.56,288.28,0.24,288.25,462980.69,133811174.4666
1753460326374,16:18:46.374,AAVE/USDT:USDT,288.27,1.56,288.28,0.83,288.25,462980.69,133811174.4666
1753460326474,16:18:46.474,AAVE/USDT:USDT,288.26,1.74,288.27,0.21,288.25,462980.69,133811174.4666
1753460326574,16:18:46.574,AAVE/USDT:USDT,288.26,1.74,288.27,0.21,288.25,462980.69,133811174.4666
1753460326674,16:18:46.674,AAVE/USDT:USDT,288.27,1.75,288.28,0.21,288.25,462980.69,133811174.4666
1753460326974,16:18:46.974,AAVE/USDT:USDT,288.25,2.13,288.28,10.97,288.25,462980.69,133811174.4666
1753460327074,16:18:47.074,AAVE/USDT:USDT,288.24,0.08,288.25,11.7,288.25,462980.69,133811174.4666
1753460327174,16:18:47.174,AAVE/USDT:USDT,288.22,0.09,288.23,1.78,288.24,462980.71,133811180.2314
1753460327274,16:18:47.274,AAVE/USDT:USDT,288.22,0.05,288.23,13.57,288.24,462980.71,133811180.2314
1753460327374,16:18:47.374,AAVE/USDT:USDT,288.2,0.04,288.21,16.91,288.21,462980.77,133811197.5242
1753460327474,16:18:47.474,AAVE/USDT:USDT,288.2,0.04,288.21,16.91,288.21,462980.77,133811197.5242
1753460327674,16:18:47.674,AAVE/USDT:USDT,288.18,0.02,288.19,10.65,288.2,462980.79,133811203.2882
1753460327774,16:18:47.774,AAVE/USDT:USDT,288.18,0.02,288.19,11.61,288.2,462980.79,133811203.2882
1753460328074,16:18:48.074,AAVE/USDT:USDT,288.18,0.02,288.19,11.61,288.2,462980.79,133811203.2882
1753460328375,16:18:48.375,AAVE/USDT:USDT,288.18,0.02,288.19,11.61,288.2,462980.79,133811203.2882
1753460328474,16:18:48.474,AAVE/USDT:USDT,288.16,0.04,288.17,8.07,288.17,462980.85,133811220.5786
1753460328574,16:18:48.574,AAVE/USDT:USDT,288.16,0.02,288.17,9.03,288.17,462980.85,133811220.5786
1753460328674,16:18:48.674,AAVE/USDT:USDT,288.13,0.69,288.14,9.51,288.13,462981.91,133811525.997
1753460328774,16:18:48.774,AAVE/USDT:USDT,288.12,0.02,288.14,10.18,288.13,462981.91,133811525.997
1753460328874,16:18:48.874,AAVE/USDT:USDT,288.12,0.02,288.13,10.34,288.13,462981.91,133811525.997
1753460328974,16:18:48.974,AAVE/USDT:USDT,288.12,0.02,288.13,11.42,288.13,462981.91,133811525.997
1753460329174,16:18:49.174,AAVE/USDT:USDT,288.12,1.8,288.13,1.33,288.13,462981.91,133811525.997
1753460329274,16:18:49.274,AAVE/USDT:USDT,288.12,0.02,288.13,2.5,288.13,462981.91,133811525.997
1753460329474,16:18:49.474,AAVE/USDT:USDT,288.12,0.02,288.13,3.17,288.13,462981.91,133811525.997
1753460329574,16:18:49.574,AAVE/USDT:USDT,288.12,0.02,288.13,3.17,288.13,462981.91,133811525.997
1753460330274,16:18:50.274,AAVE/USDT:USDT,288.12,0.02,288.13,1.17,288.13,462981.91,133811525.997
1753460330375,16:18:50.375,AAVE/USDT:USDT,288.12,2.49,288.13,0.96,288.13,462981.91,133811525.997
1753460330474,16:18:50.474,AAVE/USDT:USDT,288.12,2.79,288.13,0.96,288.13,462981.91,133811525.997
1753460330574,16:18:50.574,AAVE/USDT:USDT,288.12,4.32,288.13,0.96,288.13,462981.91,133811525.997
1753460330674,16:18:50.674,AAVE/USDT:USDT,288.12,4.1,288.13,0.96,288.13,462981.91,133811525.997
1753460330774,16:18:50.774,AAVE/USDT:USDT,288.12,4.1,288.13,0.96,288.13,462981.91,133811525.997
1753460330874,16:18:50.874,AAVE/USDT:USDT,288.12,3.41,288.13,0.96,288.13,462981.91,133811525.997
1753460331174,16:18:51.174,AAVE/USDT:USDT,288.12,2.49,288.13,0.96,288.13,462981.91,133811525.997
1753460331474,16:18:51.474,AAVE/USDT:USDT,288.12,2.49,288.13,1.4,288.13,462981.91,133811525.997
1753460331574,16:18:51.574,AAVE/USDT:USDT,288.12,2.49,288.13,1.43,288.13,462981.91,133811525.997
1753460331774,16:18:51.774,AAVE/USDT:USDT,288.12,2.93,288.13,1.43,288.13,462981.91,133811525.997
1753460332174,16:18:52.174,AAVE/USDT:USDT,288.12,0.46,288.13,3.34,288.13,462981.91,133811525.997
1753460332575,16:18:52.575,AAVE/USDT:USDT,288.12,0.46,288.13,3.34,288.13,462981.91,133811525.997
1753460332774,16:18:52.774,AAVE/USDT:USDT,288.12,1.99,288.13,2.93,288.13,462981.91,133811525.997
1753460332874,16:18:52.874,AAVE/USDT:USDT,288.12,2.68,288.13,1.43,288.13,462981.91,133811525.997
1753460332974,16:18:52.974,AAVE/USDT:USDT,288.14,2.5,288.16,8.97,288.13,462983.34,133811938.0229
1753460333074,16:18:53.074,AAVE/USDT:USDT,288.13,5.68,288.15,0.21,288.13,462983.34,133811938.0229
1753460333174,16:18:53.174,AAVE/USDT:USDT,288.12,0.42,288.13,9.3,288.13,462983.34,133811938.0229
1753460333275,16:18:53.275,AAVE/USDT:USDT,288.12,0.42,288.13,9.72,288.13,462983.34,133811938.0229
1753460333374,16:18:53.374,AAVE/USDT:USDT,288.08,0.02,288.09,16.2,288.09,462985.22,133812479.6613
1753460333474,16:18:53.474,AAVE/USDT:USDT,288.08,0.02,288.09,16.2,288.09,462985.22,133812479.6613
1753460333674,16:18:53.674,AAVE/USDT:USDT,288.05,0.69,288.06,10.34,288.06,462985.56,133812577.6021
1753460333774,16:18:53.774,AAVE/USDT:USDT,288.05,0.69,288.06,9.39,288.06,462985.56,133812577.6021
1753460334074,16:18:54.074,AAVE/USDT:USDT,288.06,14.57,288.1,0.08,288.06,462985.56,133812577.6021
1753460334174,16:18:54.174,AAVE/USDT:USDT,288.09,8.7,288.1,0.04,288.06,462985.56,133812577.6021
1753460334274,16:18:54.274,AAVE/USDT:USDT,288.09,2.47,288.1,0.04,288.06,462985.56,133812577.6021
1753460334374,16:18:54.374,AAVE/USDT:USDT,288.09,0.69,288.1,9.77,288.06,462985.56,133812577.6021
1753460334474,16:18:54.474,AAVE/USDT:USDT,288.05,0.1,288.06,9.41,288.06,462985.56,133812577.6021
1753460334574,16:18:54.574,AAVE/USDT:USDT,288.05,0.1,288.06,10.91,288.06,462985.56,133812577.6021
1753460334875,16:18:54.875,AAVE/USDT:USDT,288.05,0.1,288.06,9.41,288.06,462985.56,133812577.6021
1753460334974,16:18:54.974,AAVE/USDT:USDT,288.05,0.79,288.06,9.41,288.06,462985.56,133812577.6021
1753460335574,16:18:55.574,AAVE/USDT:USDT,288.07,1.78,288.08,0.57,288.06,462985.56,133812577.6021
1753460335675,16:18:55.675,AAVE/USDT:USDT,288.08,1.78,288.09,0.94,288.06,462985.56,133812577.6021
1753460335774,16:18:55.774,AAVE/USDT:USDT,288.09,10.27,288.1,0.04,288.06,462985.56,133812577.6021
1753460335974,16:18:55.974,AAVE/USDT:USDT,288.09,10.37,288.1,0.04,288.06,462985.56,133812577.6021
1753460336074,16:18:56.074,AAVE/USDT:USDT,288.13,10.34,288.14,0.02,288.1,462985.6,133812589.1261
1753460336174,16:18:56.174,AAVE/USDT:USDT,288.13,10.34,288.14,0.26,288.1,462985.6,133812589.1261
1753460336274,16:18:56.274,AAVE/USDT:USDT,288.13,11.51,288.14,0.12,288.1,462985.6,133812589.1261
1753460336475,16:18:56.475,AAVE/USDT:USDT,288.13,11.51,288.14,0.12,288.1,462985.6,133812589.1261
1753460336674,16:18:56.674,AAVE/USDT:USDT,288.14,7.68,288.15,0.04,288.14,462985.72,133812623.7029
1753460336774,16:18:56.774,AAVE/USDT:USDT,288.15,8.3,288.16,0.02,288.14,462985.72,133812623.7029
1753460336974,16:18:56.974,AAVE/USDT:USDT,288.15,7.49,288.16,0.02,288.14,462985.72,133812623.7029
1753460337074,16:18:57.074,AAVE/USDT:USDT,288.15,8.56,288.16,0.02,288.14,462985.72,133812623.7029
1753460337174,16:18:57.174,AAVE/USDT:USDT,288.15,14.05,288.16,0.02,288.14,462985.72,133812623.7029
1753460337274,16:18:57.274,AAVE/USDT:USDT,288.15,14.96,288.16,0.02,288.14,462985.72,133812623.7029
1753460337374,16:18:57.374,AAVE/USDT:USDT,288.15,14.96,288.16,0.02,288.14,462985.72,133812623.7029
1753460337474,16:18:57.474,AAVE/USDT:USDT,288.15,15.06,288.16,0.02,288.14,462985.72,133812623.7029
1753460337574,16:18:57.574,AAVE/USDT:USDT,288.2,1.0,288.21,0.04,288.2,462986.03,133812713.0357
1753460337674,16:18:57.674,AAVE/USDT:USDT,288.21,10.33,288.22,0.78,288.2,462986.03,133812713.0357
1753460337774,16:18:57.774,AAVE/USDT:USDT,288.21,11.5,288.22,2.28,288.2,462986.03,133812713.0357
1753460337874,16:18:57.874,AAVE/USDT:USDT,288.21,4.31,288.22,1.77,288.2,462986.03,133812713.0357
1753460337974,16:18:57.974,AAVE/USDT:USDT,288.21,4.31,288.22,0.78,288.2,462986.03,133812713.0357
1753460338275,16:18:58.275,AAVE/USDT:USDT,288.21,4.41,288.22,0.78,288.2,462986.03,133812713.0357
1753460338574,16:18:58.574,AAVE/USDT:USDT,288.21,2.81,288.22,5.65,288.2,462986.03,133812713.0357
1753460338674,16:18:58.674,AAVE/USDT:USDT,288.13,0.07,288.16,8.38,288.19,462988.9,133813540.1974
1753460338774,16:18:58.774,AAVE/USDT:USDT,288.14,1.6,288.15,0.21,288.19,462988.9,133813540.1974
1753460338874,16:18:58.874,AAVE/USDT:USDT,288.13,0.03,288.15,8.11,288.19,462988.9,133813540.1974
1753460338974,16:18:58.974,AAVE/USDT:USDT,288.13,2.32,288.14,1.14,288.19,462988.9,133813540.1974
1753460339074,16:18:59.074,AAVE/USDT:USDT,288.13,2.32,288.14,0.93,288.19,462988.9,133813540.1974
1753460339174,16:18:59.174,AAVE/USDT:USDT,288.13,2.32,288.15,0.31,288.19,462988.9,133813540.1974
1753460339274,16:18:59.274,AAVE/USDT:USDT,288.15,1.81,288.16,0.2,288.19,462988.9,133813540.1974
1753460339374,16:18:59.374,AAVE/USDT:USDT,288.16,1.81,288.18,0.21,288.19,462988.9,133813540.1974
1753460339474,16:18:59.474,AAVE/USDT:USDT,288.16,1.81,288.18,0.21,288.19,462988.9,133813540.1974
1753460339574,16:18:59.574,AAVE/USDT:USDT,288.15,0.21,288.17,0.21,288.19,462988.9,133813540.1974
1753460339674,16:18:59.674,AAVE/USDT:USDT,288.16,1.81,288.18,0.56,288.19,462988.9,133813540.1974
1753460339974,16:18:59.974,AAVE/USDT:USDT,288.13,0.72,288.15,0.88,288.19,462988.9,133813540.1974
1753460340074,16:19:00.074,AAVE/USDT:USDT,288.13,2.32,288.14,0.21,288.19,462988.9,133813540.1974
1753460340174,16:19:00.174,AAVE/USDT:USDT,288.12,0.02,288.13,7.3,288.13,462991.22,133814208.659
1753460340274,16:19:00.274,AAVE/USDT:USDT,288.05,0.04,288.06,1.0,288.07,463003.68,133817798.0414
1753460340374,16:19:00.374,AAVE/USDT:USDT,288.04,2.34,288.05,1.33,288.07,463003.68,133817798.0414
1753460340474,16:19:00.474,AAVE/USDT:USDT,288.04,1.85,288.05,1.33,288.07,463003.68,133817798.0414
1753460340574,16:19:00.574,AAVE/USDT:USDT,288.04,1.62,288.05,2.83,288.07,463003.68,133817798.0414
1753460340674,16:19:00.674,AAVE/USDT:USDT,288.04,0.02,288.05,2.83,288.07,463003.68,133817798.0414
1753460340874,16:19:00.874,AAVE/USDT:USDT,288.0,0.11,288.01,5.93,288.01,463003.83,133817841.2441
1753460340974,16:19:00.974,AAVE/USDT:USDT,288.0,0.09,288.01,5.93,288.01,463003.83,133817841.2441
1753460341174,16:19:01.174,AAVE/USDT:USDT,288.05,0.21,288.08,1.54,288.01,463003.83,133817841.2441
1753460341274,16:19:01.274,AAVE/USDT:USDT,288.06,2.27,288.07,2.63,288.01,463003.83,133817841.2441
1753460341374,16:19:01.374,AAVE/USDT:USDT,288.06,2.27,288.07,1.13,288.01,463003.83,133817841.2441
1753460341477,16:19:01.477,AAVE/USDT:USDT,288.06,2.27,288.07,0.92,288.01,463003.83,133817841.2441
1753460341574,16:19:01.574,AAVE/USDT:USDT,288.07,1.81,288.1,1.72,288.01,463003.83,133817841.2441
1753460341674,16:19:01.674,AAVE/USDT:USDT,288.07,1.6,288.09,0.21,288.01,463003.83,133817841.2441
1753460341774,16:19:01.774,AAVE/USDT:USDT,288.08,1.6,288.09,0.21,288.01,463003.83,133817841.2441
1753460341875,16:19:01.875,AAVE/USDT:USDT,288.06,1.63,288.08,0.27,288.01,463003.83,133817841.2441
1753460341974,16:19:01.974,AAVE/USDT:USDT,288.06,1.63,288.08,2.09,288.01,463003.83,133817841.2441
1753460342074,16:19:02.074,AAVE/USDT:USDT,288.09,0.21,288.1,1.72,288.01,463003.83,133817841.2441
1753460342174,16:19:02.174,AAVE/USDT:USDT,288.09,2.48,288.1,1.72,288.01,463003.83,133817841.2441
1753460342474,16:19:02.474,AAVE/USDT:USDT,288.09,1.6,288.1,2.06,288.01,463003.83,133817841.2441
1753460342674,16:19:02.674,AAVE/USDT:USDT,288.09,1.6,288.1,2.02,288.01,463003.83,133817841.2441
1753460342774,16:19:02.774,AAVE/USDT:USDT,288.09,1.6,288.1,1.68,288.01,463003.83,133817841.2441
1753460342874,16:19:02.874,AAVE/USDT:USDT,288.09,1.6,288.1,2.12,288.01,463003.83,133817841.2441
1753460343574,16:19:03.574,AAVE/USDT:USDT,288.06,1.63,288.07,3.89,288.09,463005.43,133818302.1881
1753460343674,16:19:03.674,AAVE/USDT:USDT,288.06,1.63,288.07,1.42,288.09,463005.43,133818302.1881
1753460344074,16:19:04.074,AAVE/USDT:USDT,288.09,2.48,288.1,1.86,288.09,463005.43,133818302.1881
1753460344174,16:19:04.174,AAVE/USDT:USDT,288.09,2.48,288.1,2.21,288.09,463005.43,133818302.1881
1753460344274,16:19:04.274,AAVE/USDT:USDT,288.09,2.37,288.1,2.21,288.09,463005.43,133818302.1881
1753460344574,16:19:04.574,AAVE/USDT:USDT,288.09,2.37,288.1,2.21,288.09,463005.43,133818302.1881
1753460344675,16:19:04.675,AAVE/USDT:USDT,288.09,2.37,288.1,2.17,288.09,463005.43,133818302.1881
1753460344774,16:19:04.774,AAVE/USDT:USDT,288.09,0.1,288.1,3.67,288.09,463005.43,133818302.1881
1753460344874,16:19:04.874,AAVE/USDT:USDT,288.09,1.7,288.1,3.67,288.09,463005.43,133818302.1881
1753460345074,16:19:05.074,AAVE/USDT:USDT,288.07,2.98,288.09,1.11,288.09,463005.53,133818330.9971
1753460345174,16:19:05.174,AAVE/USDT:USDT,288.08,1.81,288.1,3.71,288.09,463005.53,133818330.9971
1753460345274,16:19:05.274,AAVE/USDT:USDT,288.13,1.81,288.14,0.02,288.1,463007.6,133818927.3641
1753460345374,16:19:05.374,AAVE/USDT:USDT,288.19,1.79,288.2,0.1,288.18,463007.7,133818956.1797
1753460345474,16:19:05.474,AAVE/USDT:USDT,288.23,0.21,288.24,9.94,288.22,463007.82,133818990.7645
1753460345574,16:19:05.574,AAVE/USDT:USDT,288.23,2.51,288.24,9.94,288.22,463007.82,133818990.7645
1753460345674,16:19:05.674,AAVE/USDT:USDT,288.23,2.3,288.24,9.94,288.22,463007.82,133818990.7645
1753460345774,16:19:05.774,AAVE/USDT:USDT,288.2,0.02,288.21,11.55,288.23,463007.85,133818999.4114
1753460345874,16:19:05.874,AAVE/USDT:USDT,288.14,0.04,288.17,10.39,288.19,463008.59,133819212.6722
1753460345974,16:19:05.974,AAVE/USDT:USDT,288.13,1.6,288.15,2.28,288.19,463008.59,133819212.6722
1753460346074,16:19:06.074,AAVE/USDT:USDT,288.14,8.21,288.18,1.04,288.19,463008.59,133819212.6722
1753460346174,16:19:06.174,AAVE/USDT:USDT,288.14,2.01,288.17,0.95,288.19,463008.59,133819212.6722
1753460346274,16:19:06.274,AAVE/USDT:USDT,288.13,0.9,288.15,0.21,288.19,463008.59,133819212.6722
1753460346374,16:19:06.374,AAVE/USDT:USDT,288.14,1.81,288.16,1.16,288.19,463008.59,133819212.6722
1753460346474,16:19:06.474,AAVE/USDT:USDT,288.15,1.81,288.18,1.04,288.19,463008.59,133819212.6722
1753460346574,16:19:06.574,AAVE/USDT:USDT,288.15,1.6,288.16,0.89,288.19,463008.59,133819212.6722
1753460346675,16:19:06.675,AAVE/USDT:USDT,288.16,1.54,288.17,7.8,288.19,463008.59,133819212.6722
1753460346875,16:19:06.875,AAVE/USDT:USDT,288.16,1.54,288.18,0.95,288.19,463008.59,133819212.6722
1753460346974,16:19:06.974,AAVE/USDT:USDT,288.18,1.75,288.2,0.99,288.19,463008.59,133819212.6722
1753460347074,16:19:07.074,AAVE/USDT:USDT,288.19,11.45,288.2,0.04,288.19,463008.59,133819212.6722
1753460347174,16:19:07.174,AAVE/USDT:USDT,288.19,17.28,288.2,0.04,288.19,463008.59,133819212.6722
1753460347374,16:19:07.374,AAVE/USDT:USDT,288.17,0.04,288.18,0.96,288.19,463008.59,133819212.6722
1753460347474,16:19:07.474,AAVE/USDT:USDT,288.16,0.03,288.17,1.75,288.19,463008.59,133819212.6722
1753460347574,16:19:07.574,AAVE/USDT:USDT,288.16,1.78,288.17,1.65,288.19,463008.59,133819212.6722
1753460347675,16:19:07.675,AAVE/USDT:USDT,288.16,1.78,288.17,1.33,288.19,463008.59,133819212.6722
1753460347774,16:19:07.774,AAVE/USDT:USDT,288.17,1.75,288.19,0.95,288.19,463008.59,133819212.6722
1753460347874,16:19:07.874,AAVE/USDT:USDT,288.19,10.2,288.2,0.14,288.19,463008.59,133819212.6722
1753460348074,16:19:08.074,AAVE/USDT:USDT,288.19,13.7,288.2,0.14,288.19,463008.59,133819212.6722
1753460348174,16:19:08.174,AAVE/USDT:USDT,288.22,2.13,288.23,0.04,288.22,463008.77,133819264.549
1753460348274,16:19:08.274,AAVE/USDT:USDT,288.23,0.21,288.24,0.02,288.22,463008.77,133819264.549
1753460348374,16:19:08.374,AAVE/USDT:USDT,288.23,1.54,288.24,7.82,288.22,463008.77,133819264.549
1753460348474,16:19:08.474,AAVE/USDT:USDT,288.23,3.04,288.24,0.02,288.22,463008.77,133819264.549
1753460349274,16:19:09.274,AAVE/USDT:USDT,288.23,8.33,288.24,0.02,288.22,463008.77,133819264.549
1753460349374,16:19:09.374,AAVE/USDT:USDT,288.23,8.33,288.24,0.23,288.22,463008.77,133819264.549
1753460349474,16:19:09.474,AAVE/USDT:USDT,288.2,1.56,288.23,3.74,288.23,463015.6,133821233.1599
1753460349574,16:19:09.574,AAVE/USDT:USDT,288.2,1.56,288.21,0.21,288.23,463015.6,133821233.1599
1753460349674,16:19:09.674,AAVE/USDT:USDT,288.2,1.54,288.22,0.21,288.23,463015.6,133821233.1599
1753460349875,16:19:09.875,AAVE/USDT:USDT,288.21,0.21,288.22,0.21,288.23,463015.6,133821233.1599
1753460349974,16:19:09.974,AAVE/USDT:USDT,288.21,1.75,288.23,0.21,288.23,463015.6,133821233.1599
1753460350074,16:19:10.074,AAVE/USDT:USDT,288.21,1.75,288.22,0.21,288.23,463015.6,133821233.1599
1753460350474,16:19:10.474,AAVE/USDT:USDT,288.21,1.54,288.22,0.89,288.23,463015.6,133821233.1599
1753460350574,16:19:10.574,AAVE/USDT:USDT,288.2,3.75,288.23,8.01,288.23,463015.6,133821233.1599
1753460350675,16:19:10.675,AAVE/USDT:USDT,288.22,1.75,288.24,0.23,288.23,463015.6,133821233.1599
1753460350774,16:19:10.774,AAVE/USDT:USDT,288.21,0.02,288.22,0.21,288.23,463015.6,133821233.1599
1753460350874,16:19:10.874,AAVE/USDT:USDT,288.21,1.56,288.22,0.21,288.23,463015.6,133821233.1599
1753460350975,16:19:10.975,AAVE/USDT:USDT,288.21,2.25,288.23,0.21,288.23,463015.6,133821233.1599
1753460351074,16:19:11.074,AAVE/USDT:USDT,288.22,1.75,288.24,1.16,288.23,463015.6,133821233.1599
1753460351174,16:19:11.174,AAVE/USDT:USDT,288.22,1.75,288.24,0.23,288.23,463015.6,133821233.1599
1753460351274,16:19:11.274,AAVE/USDT:USDT,288.23,5.83,288.24,8.99,288.23,463015.6,133821233.1599
1753460351374,16:19:11.374,AAVE/USDT:USDT,288.2,0.02,288.21,16.31,288.21,463016.31,133821437.789
1753460351474,16:19:11.474,AAVE/USDT:USDT,288.2,0.02,288.21,17.38,288.21,463016.31,133821437.789
1753460351574,16:19:11.574,AAVE/USDT:USDT,288.16,0.05,288.17,16.16,288.17,463016.47,133821483.8982
1753460351674,16:19:11.674,AAVE/USDT:USDT,288.16,0.02,288.17,16.23,288.17,463016.47,133821483.8982
1753460351774,16:19:11.774,AAVE/USDT:USDT,288.16,0.02,288.17,15.81,288.17,463016.47,133821483.8982
1753460351874,16:19:11.874,AAVE/USDT:USDT,288.18,12.3,288.2,0.04,288.17,463016.47,133821483.8982
1753460351974,16:19:11.974,AAVE/USDT:USDT,288.19,9.88,288.2,0.04,288.17,463016.47,133821483.8982
1753460352075,16:19:12.075,AAVE/USDT:USDT,288.19,10.57,288.2,0.04,288.17,463016.47,133821483.8982
1753460352374,16:19:12.374,AAVE/USDT:USDT,288.19,10.57,288.2,0.04,288.17,463016.47,133821483.8982
1753460352574,16:19:12.574,AAVE/USDT:USDT,288.23,9.86,288.24,0.02,288.22,463016.61,133821524.2478
1753460352674,16:19:12.674,AAVE/USDT:USDT,288.23,9.65,288.24,0.02,288.22,463016.61,133821524.2478
1753460352874,16:19:12.874,AAVE/USDT:USDT,288.25,13.23,288.26,0.02,288.25,463016.67,133821541.5426
1753460352974,16:19:12.974,AAVE/USDT:USDT,288.25,13.23,288.26,0.02,288.25,463016.67,133821541.5426
1753460353274,16:19:13.274,AAVE/USDT:USDT,288.25,19.07,288.26,0.02,288.25,463016.67,133821541.5426
1753460353474,16:19:13.474,AAVE/USDT:USDT,288.31,8.14,288.32,0.02,288.3,463019.13,133822250.7344
1753460353574,16:19:13.574,AAVE/USDT:USDT,288.31,8.01,288.32,0.02,288.3,463019.13,133822250.7344
1753460353874,16:19:13.874,AAVE/USDT:USDT,288.31,8.01,288.32,0.02,288.3,463019.13,133822250.7344
1753460354074,16:19:14.074,AAVE/USDT:USDT,288.31,1.54,288.32,0.23,288.3,463019.13,133822250.7344
1753460354174,16:19:14.174,AAVE/USDT:USDT,288.28,0.04,288.29,14.13,288.3,463019.15,133822256.5004
1753460354274,16:19:14.274,AAVE/USDT:USDT,288.25,1.75,288.26,0.28,288.3,463019.15,133822256.5004
1753460354374,16:19:14.374,AAVE/USDT:USDT,288.26,1.54,288.27,2.8,288.3,463019.15,133822256.5004
1753460354474,16:19:14.474,AAVE/USDT:USDT,288.26,1.54,288.27,2.8,288.3,463019.15,133822256.5004
1753460354574,16:19:14.574,AAVE/USDT:USDT,288.29,1.75,288.3,0.23,288.3,463019.15,133822256.5004
1753460354674,16:19:14.674,AAVE/USDT:USDT,288.29,1.75,288.31,0.9,288.3,463019.15,133822256.5004
1753460354774,16:19:14.774,AAVE/USDT:USDT,288.27,0.21,288.28,0.04,288.3,463019.15,133822256.5004
1753460354874,16:19:14.874,AAVE/USDT:USDT,288.26,1.75,288.28,0.04,288.3,463019.15,133822256.5004
1753460354974,16:19:14.974,AAVE/USDT:USDT,288.27,0.21,288.29,0.59,288.3,463019.15,133822256.5004
1753460355074,16:19:15.074,AAVE/USDT:USDT,288.27,1.75,288.29,0.59,288.3,463019.15,133822256.5004
1753460355274,16:19:15.274,AAVE/USDT:USDT,288.28,0.21,288.29,0.21,288.3,463019.15,133822256.5004
1753460355374,16:19:15.374,AAVE/USDT:USDT,288.26,0.17,288.27,0.21,288.3,463019.15,133822256.5004
1753460355474,16:19:15.474,AAVE/USDT:USDT,288.26,1.71,288.28,0.29,288.3,463019.15,133822256.5004
1753460355674,16:19:15.674,AAVE/USDT:USDT,288.25,0.9,288.26,0.35,288.3,463019.15,133822256.5004
1753460355774,16:19:15.774,AAVE/USDT:USDT,288.24,0.02,288.26,9.86,288.3,463019.15,133822256.5004
1753460355874,16:19:15.874,AAVE/USDT:USDT,288.24,0.02,288.25,2.2,288.3,463019.15,133822256.5004
1753460355974,16:19:15.974,AAVE/USDT:USDT,288.24,0.02,288.25,2.37,288.3,463019.15,133822256.5004
1753460356074,16:19:16.074,AAVE/USDT:USDT,288.24,8.01,288.27,1.14,288.3,463019.15,133822256.5004
1753460356174,16:19:16.174,AAVE/USDT:USDT,288.25,1.71,288.26,0.21,288.3,463019.15,133822256.5004
1753460356274,16:19:16.274,AAVE/USDT:USDT,288.28,8.01,288.3,0.08,288.3,463019.15,133822256.5004
1753460356374,16:19:16.374,AAVE/USDT:USDT,288.29,1.54,288.3,0.25,288.3,463019.15,133822256.5004
1753460356674,16:19:16.674,AAVE/USDT:USDT,288.31,9.95,288.32,0.02,288.3,463019.19,133822268.0324
1753460356774,16:19:16.774,AAVE/USDT:USDT,288.33,10.36,288.34,0.02,288.32,463019.21,133822273.7988
1753460356874,16:19:16.874,AAVE/USDT:USDT,288.33,10.36,288.34,0.02,288.32,463019.21,133822273.7988
1753460357074,16:19:17.074,AAVE/USDT:USDT,288.38,1.0,288.4,7.49,288.38,463019.43,133822337.2384
1753460357174,16:19:17.174,AAVE/USDT:USDT,288.39,9.51,288.4,7.43,288.38,463019.43,133822337.2384
1753460357274,16:19:17.274,AAVE/USDT:USDT,288.39,8.7,288.4,7.43,288.38,463019.43,133822337.2384
1753460357374,16:19:17.374,AAVE/USDT:USDT,288.37,6.73,288.38,5.22,288.38,463021.71,133822994.7538
1753460357474,16:19:17.474,AAVE/USDT:USDT,288.34,0.03,288.36,8.94,288.38,463021.71,133822994.7538
1753460357574,16:19:17.574,AAVE/USDT:USDT,288.32,0.02,288.33,7.8,288.34,463021.74,133823003.404
1753460357674,16:19:17.674,AAVE/USDT:USDT,288.34,0.21,288.36,0.93,288.34,463021.74,133823003.404
1753460357774,16:19:17.774,AAVE/USDT:USDT,288.35,0.17,288.36,0.21,288.34,463021.74,133823003.404
1753460357874,16:19:17.874,AAVE/USDT:USDT,288.35,0.17,288.37,7.8,288.34,463021.74,133823003.404
1753460357974,16:19:17.974,AAVE/USDT:USDT,288.32,0.88,288.34,0.92,288.34,463021.74,133823003.404
1753460358074,16:19:18.074,AAVE/USDT:USDT,288.33,0.21,288.35,1.69,288.34,463021.74,133823003.404
1753460358174,16:19:18.174,AAVE/USDT:USDT,288.32,0.02,288.33,8.67,288.34,463021.74,133823003.404
1753460358274,16:19:18.274,AAVE/USDT:USDT,288.31,0.03,288.32,0.67,288.34,463021.74,133823003.404
1753460358374,16:19:18.374,AAVE/USDT:USDT,288.31,0.24,288.32,0.67,288.34,463021.74,133823003.404
1753460358474,16:19:18.474,AAVE/USDT:USDT,288.31,0.24,288.33,1.1,288.34,463021.74,133823003.404
1753460358574,16:19:18.574,AAVE/USDT:USDT,288.35,0.67,288.36,0.21,288.34,463021.74,133823003.404
1753460358674,16:19:18.674,AAVE/USDT:USDT,288.36,0.21,288.39,0.95,288.34,463021.74,133823003.404
1753460358774,16:19:18.774,AAVE/USDT:USDT,288.35,1.89,288.37,0.04,288.34,463021.74,133823003.404
1753460358874,16:19:18.874,AAVE/USDT:USDT,288.34,0.03,288.36,0.21,288.34,463021.74,133823003.404
1753460358974,16:19:18.974,AAVE/USDT:USDT,288.36,0.2,288.37,0.04,288.34,463021.74,133823003.404
1753460359174,16:19:19.174,AAVE/USDT:USDT,288.36,0.44,288.37,0.04,288.34,463021.74,133823003.404
1753460359274,16:19:19.274,AAVE/USDT:USDT,288.37,1.73,288.38,0.04,288.34,463021.74,133823003.404
1753460359374,16:19:19.374,AAVE/USDT:USDT,288.37,0.21,288.38,0.74,288.34,463021.74,133823003.404
1753460359474,16:19:19.474,AAVE/USDT:USDT,288.36,0.44,288.37,9.84,288.34,463021.74,133823003.404
1753460359574,16:19:19.574,AAVE/USDT:USDT,288.36,0.44,288.37,9.84,288.34,463021.74,133823003.404
1753460359674,16:19:19.674,AAVE/USDT:USDT,288.36,0.44,288.37,8.91,288.34,463021.74,133823003.404
1753460359774,16:19:19.774,AAVE/USDT:USDT,288.36,0.45,288.37,8.91,288.34,463021.74,133823003.404
1753460359874,16:19:19.874,AAVE/USDT:USDT,288.36,2.01,288.38,0.04,288.34,463021.74,133823003.404
1753460359974,16:19:19.974,AAVE/USDT:USDT,288.36,0.45,288.37,9.84,288.34,463021.74,133823003.404
1753460360074,16:19:20.074,AAVE/USDT:USDT,288.36,0.45,288.37,9.07,288.34,463021.74,133823003.404
1753460360474,16:19:20.474,AAVE/USDT:USDT,288.31,0.07,288.33,0.21,288.36,463022.19,133823133.166
1753460360574,16:19:20.574,AAVE/USDT:USDT,288.3,0.02,288.31,4.19,288.36,463022.19,133823133.166
1753460360675,16:19:20.675,AAVE/USDT:USDT,288.28,0.02,288.29,2.45,288.36,463022.19,133823133.166
1753460360774,16:19:20.774,AAVE/USDT:USDT,288.28,0.02,288.29,4.97,288.36,463022.19,133823133.166
1753460360874,16:19:20.874,AAVE/USDT:USDT,288.26,0.12,288.27,12.63,288.28,463022.21,133823138.9316
1753460360974,16:19:20.974,AAVE/USDT:USDT,288.26,0.12,288.27,12.63,288.28,463022.21,133823138.9316
1753460361074,16:19:21.074,AAVE/USDT:USDT,288.25,0.04,288.26,10.35,288.26,463022.33,133823173.5228
1753460361175,16:19:21.175,AAVE/USDT:USDT,288.24,0.02,288.25,8.53,288.25,463022.37,133823185.0528
1753460361274,16:19:21.274,AAVE/USDT:USDT,288.24,0.02,288.25,8.53,288.25,463022.37,133823185.0528
1753460361374,16:19:21.374,AAVE/USDT:USDT,288.24,0.02,288.25,7.03,288.25,463022.37,133823185.0528
1753460361474,16:19:21.474,AAVE/USDT:USDT,288.27,1.77,288.29,0.91,288.25,463022.37,133823185.0528
1753460361574,16:19:21.574,AAVE/USDT:USDT,288.29,9.57,288.3,0.04,288.25,463022.37,133823185.0528
1753460361674,16:19:21.674,AAVE/USDT:USDT,288.29,0.21,288.31,1.08,288.25,463022.37,133823185.0528
1753460361774,16:19:21.774,AAVE/USDT:USDT,288.29,1.77,288.31,0.24,288.25,463022.37,133823185.0528
1753460361874,16:19:21.874,AAVE/USDT:USDT,288.31,1.77,288.33,0.04,288.25,463022.37,133823185.0528
1753460361974,16:19:21.974,AAVE/USDT:USDT,288.31,0.21,288.33,0.04,288.25,463022.37,133823185.0528
1753460362174,16:19:22.174,AAVE/USDT:USDT,288.33,1.77,288.34,0.02,288.25,463022.37,133823185.0528
1753460362374,16:19:22.374,AAVE/USDT:USDT,288.33,1.56,288.34,0.02,288.25,463022.37,133823185.0528
1753460362474,16:19:22.474,AAVE/USDT:USDT,288.3,1.58,288.32,0.21,288.33,463023.93,133823634.8476
1753460362574,16:19:22.574,AAVE/USDT:USDT,288.32,1.77,288.34,0.88,288.33,463023.93,133823634.8476
1753460362674,16:19:22.674,AAVE/USDT:USDT,288.3,3.48,288.32,0.21,288.33,463023.93,133823634.8476
1753460362774,16:19:22.774,AAVE/USDT:USDT,288.31,1.56,288.32,0.21,288.33,463023.93,133823634.8476
1753460362874,16:19:22.874,AAVE/USDT:USDT,288.31,1.56,288.32,0.21,288.33,463023.93,133823634.8476
1753460362975,16:19:22.975,AAVE/USDT:USDT,288.33,2.44,288.34,0.02,288.33,463023.93,133823634.8476
1753460363074,16:19:23.074,AAVE/USDT:USDT,288.33,3.3,288.34,0.02,288.33,463023.93,133823634.8476
1753460363275,16:19:23.275,AAVE/USDT:USDT,288.33,8.45,288.34,0.02,288.33,463023.93,133823634.8476
1753460363374,16:19:23.374,AAVE/USDT:USDT,288.35,12.99,288.36,0.02,288.34,463023.95,133823640.6144
1753460363474,16:19:23.474,AAVE/USDT:USDT,288.37,3.27,288.38,0.04,288.36,463023.97,133823646.3816
1753460363574,16:19:23.574,AAVE/USDT:USDT,288.39,7.29,288.4,1.08,288.36,463023.97,133823646.3816
1753460363674,16:19:23.674,AAVE/USDT:USDT,288.39,7.29,288.4,1.06,288.36,463023.97,133823646.3816
1753460363774,16:19:23.774,AAVE/USDT:USDT,288.39,7.29,288.4,1.06,288.36,463023.97,133823646.3816
1753460363974,16:19:23.974,AAVE/USDT:USDT,288.39,7.29,288.4,1.04,288.36,463023.97,133823646.3816
1753460364075,16:19:24.075,AAVE/USDT:USDT,288.39,7.08,288.4,1.04,288.36,463023.97,133823646.3816
1753460364374,16:19:24.374,AAVE/USDT:USDT,288.43,7.08,288.44,0.02,288.42,463025.03,133823952.086
1753460364474,16:19:24.474,AAVE/USDT:USDT,288.46,10.28,288.47,0.49,288.46,463027.48,133824658.8122
1753460364574,16:19:24.574,AAVE/USDT:USDT,288.46,3.62,288.47,0.49,288.46,463027.48,133824658.8122
1753460364674,16:19:24.674,AAVE/USDT:USDT,288.46,4.41,288.47,0.49,288.46,463027.48,133824658.8122
1753460364774,16:19:24.774,AAVE/USDT:USDT,288.46,4.41,288.47,1.54,288.46,463027.48,133824658.8122
1753460364875,16:19:24.875,AAVE/USDT:USDT,288.46,0.14,288.47,2.48,288.46,463027.48,133824658.8122
1753460364974,16:19:24.974,AAVE/USDT:USDT,288.46,0.35,288.47,2.05,288.46,463027.48,133824658.8122
1753460365075,16:19:25.075,AAVE/USDT:USDT,288.46,1.91,288.47,0.49,288.46,463027.48,133824658.8122
1753460365274,16:19:25.274,AAVE/USDT:USDT,288.46,1.91,288.47,0.49,288.46,463027.48,133824658.8122
1753460365574,16:19:25.574,AAVE/USDT:USDT,288.46,1.91,288.47,0.49,288.46,463027.48,133824658.8122
1753460365774,16:19:25.774,AAVE/USDT:USDT,288.49,4.33,288.5,0.1,288.48,463029.07,133825117.4905
1753460365874,16:19:25.874,AAVE/USDT:USDT,288.49,4.33,288.5,0.1,288.48,463029.07,133825117.4905
1753460366174,16:19:26.174,AAVE/USDT:USDT,288.49,4.33,288.5,0.1,288.48,463029.07,133825117.4905
1753460366274,16:19:26.274,AAVE/USDT:USDT,288.49,4.47,288.5,0.1,288.48,463029.07,133825117.4905
1753460366375,16:19:26.375,AAVE/USDT:USDT,288.49,4.26,288.5,0.1,288.48,463029.07,133825117.4905
1753460366474,16:19:26.474,AAVE/USDT:USDT,288.49,3.43,288.5,0.1,288.48,463029.07,133825117.4905
1753460366674,16:19:26.674,AAVE/USDT:USDT,288.51,11.21,288.52,0.02,288.5,463029.15,133825140.5705
1753460366774,16:19:26.774,AAVE/USDT:USDT,288.53,10.91,288.54,0.02,288.52,463029.17,133825146.3409
1753460366874,16:19:26.874,AAVE/USDT:USDT,288.55,2.39,288.56,14.3,288.54,463039.55,133828141.4684
1753460366975,16:19:26.975,AAVE/USDT:USDT,288.49,0.14,288.5,3.94,288.5,463061.86,133834578.2071
1753460367074,16:19:27.074,AAVE/USDT:USDT,288.49,1.89,288.5,3.38,288.5,463061.86,133834578.2071
1753460367275,16:19:27.275,AAVE/USDT:USDT,288.49,0.35,288.5,3.38,288.5,463061.86,133834578.2071
1753460367375,16:19:27.375,AAVE/USDT:USDT,288.49,1.89,288.5,3.38,288.5,463061.86,133834578.2071
1753460367574,16:19:27.574,AAVE/USDT:USDT,288.49,0.14,288.5,3.38,288.5,463061.86,133834578.2071
1753460367775,16:19:27.775,AAVE/USDT:USDT,288.49,0.12,288.5,3.38,288.5,463061.86,133834578.2071
1753460367974,16:19:27.974,AAVE/USDT:USDT,288.49,0.12,288.5,0.21,288.5,463061.86,133834578.2071
1753460368074,16:19:28.074,AAVE/USDT:USDT,288.49,1.87,288.51,0.21,288.5,463061.86,133834578.2071
1753460368174,16:19:28.174,AAVE/USDT:USDT,288.5,0.21,288.51,0.21,288.5,463061.86,133834578.2071
1753460368274,16:19:28.274,AAVE/USDT:USDT,288.52,1.75,288.54,0.21,288.5,463061.86,133834578.2071
1753460368374,16:19:28.374,AAVE/USDT:USDT,288.52,0.21,288.54,0.21,288.5,463061.86,133834578.2071
1753460368474,16:19:28.474,AAVE/USDT:USDT,288.53,1.97,288.55,0.21,288.5,463061.86,133834578.2071
1753460368774,16:19:28.774,AAVE/USDT:USDT,288.55,8.01,288.56,0.04,288.5,463061.86,133834578.2071
1753460369074,16:19:29.074,AAVE/USDT:USDT,288.58,1.0,288.59,0.08,288.58,463061.96,133834607.0643
1753460369174,16:19:29.174,AAVE/USDT:USDT,288.58,14.76,288.59,0.04,288.58,463061.96,133834607.0643
1753460369274,16:19:29.274,AAVE/USDT:USDT,288.58,14.36,288.59,0.04,288.58,463061.96,133834607.0643
1753460369374,16:19:29.374,AAVE/USDT:USDT,288.58,9.15,288.59,0.04,288.58,463061.96,133834607.0643
1753460369474,16:19:29.474,AAVE/USDT:USDT,288.58,10.06,288.59,0.04,288.58,463061.96,133834607.0643
1753460369774,16:19:29.774,AAVE/USDT:USDT,288.58,9.15,288.59,0.04,288.58,463061.96,133834607.0643
1753460370074,16:19:30.074,AAVE/USDT:USDT,288.58,9.15,288.59,0.04,288.58,463061.96,133834607.0643
1753460370374,16:19:30.374,AAVE/USDT:USDT,288.58,9.15,288.59,0.04,288.58,463061.96,133834607.0643
1753460370774,16:19:30.774,AAVE/USDT:USDT,288.58,9.17,288.59,0.04,288.58,463061.96,133834607.0643
1753460370974,16:19:30.974,AAVE/USDT:USDT,288.58,1.37,288.59,0.04,288.58,463061.96,133834607.0643
1753460371074,16:19:31.074,AAVE/USDT:USDT,288.58,1.78,288.59,1.16,288.58,463061.96,133834607.0643
1753460371174,16:19:31.174,AAVE/USDT:USDT,288.54,0.02,288.55,16.47,288.56,463065.32,133835576.6615
1753460371274,16:19:31.274,AAVE/USDT:USDT,288.54,0.02,288.55,15.85,288.56,463065.32,133835576.6615
1753460371374,16:19:31.374,AAVE/USDT:USDT,288.54,0.02,288.55,14.31,288.56,463065.32,133835576.6615
1753460371475,16:19:31.475,AAVE/USDT:USDT,288.54,0.02,288.55,13.64,288.56,463065.32,133835576.6615
1753460371574,16:19:31.574,AAVE/USDT:USDT,288.54,0.02,288.55,8.01,288.55,463073.32,133837885.0615
1753460371674,16:19:31.674,AAVE/USDT:USDT,288.54,0.02,288.55,8.01,288.55,463073.32,133837885.0615
1753460371874,16:19:31.874,AAVE/USDT:USDT,288.54,0.02,288.55,10.21,288.55,463073.32,133837885.0615
1753460372174,16:19:32.174,AAVE/USDT:USDT,288.54,0.02,288.55,10.91,288.55,463073.32,133837885.0615
1753460372274,16:19:32.274,AAVE/USDT:USDT,288.54,0.02,288.55,7.8,288.55,463073.32,133837885.0615
1753460372774,16:19:32.774,AAVE/USDT:USDT,288.54,0.02,288.55,7.8,288.55,463073.32,133837885.0615
1753460373775,16:19:33.775,AAVE/USDT:USDT,288.54,0.25,288.55,7.8,288.55,463073.32,133837885.0615
1753460373874,16:19:33.874,AAVE/USDT:USDT,288.5,0.04,288.51,1.75,288.54,463073.57,133837957.1965
1753460373974,16:19:33.974,AAVE/USDT:USDT,288.5,0.04,288.51,0.21,288.54,463073.57,133837957.1965
1753460374074,16:19:34.074,AAVE/USDT:USDT,288.5,0.04,288.51,8.01,288.54,463073.57,133837957.1965
1753460374274,16:19:34.274,AAVE/USDT:USDT,288.48,0.02,288.49,13.22,288.5,463073.61,133837968.7365
1753460374375,16:19:34.375,AAVE/USDT:USDT,288.47,0.75,288.49,0.21,288.48,463073.63,133837974.5061
1753460374474,16:19:34.474,AAVE/USDT:USDT,288.47,0.72,288.49,0.21,288.48,463073.63,133837974.5061
1753460374574,16:19:34.574,AAVE/USDT:USDT,288.47,2.26,288.49,0.21,288.48,463073.63,133837974.5061
1753460374774,16:19:34.774,AAVE/USDT:USDT,288.48,1.75,288.49,0.21,288.48,463073.63,133837974.5061
1753460374874,16:19:34.874,AAVE/USDT:USDT,288.48,1.75,288.5,0.21,288.48,463073.63,133837974.5061
1753460374974,16:19:34.974,AAVE/USDT:USDT,288.47,0.21,288.49,0.21,288.48,463073.63,133837974.5061
1753460375074,16:19:35.074,AAVE/USDT:USDT,288.48,9.55,288.5,0.21,288.48,463073.63,133837974.5061
1753460375174,16:19:35.174,AAVE/USDT:USDT,288.49,9.51,288.5,0.04,288.48,463073.63,133837974.5061
1753460375475,16:19:35.475,AAVE/USDT:USDT,288.49,9.51,288.5,0.04,288.48,463073.63,133837974.5061
1753460375574,16:19:35.574,AAVE/USDT:USDT,288.49,9.94,288.5,0.04,288.48,463073.63,133837974.5061
1753460375674,16:19:35.674,AAVE/USDT:USDT,288.52,0.21,288.54,0.06,288.48,463073.63,133837974.5061
1753460375774,16:19:35.774,AAVE/USDT:USDT,288.5,0.23,288.52,1.75,288.52,463073.82,133838029.3249
1753460375874,16:19:35.874,AAVE/USDT:USDT,288.5,0.02,288.51,8.01,288.52,463073.82,133838029.3249
1753460376274,16:19:36.274,AAVE/USDT:USDT,288.5,0.46,288.51,8.01,288.52,463073.82,133838029.3249
1753460376374,16:19:36.374,AAVE/USDT:USDT,288.5,0.46,288.51,8.01,288.52,463073.82,133838029.3249
1753460376674,16:19:36.674,AAVE/USDT:USDT,288.5,0.44,288.51,8.01,288.52,463073.82,133838029.3249
1753460376974,16:19:36.974,AAVE/USDT:USDT,288.51,1.57,288.52,8.6,288.52,463073.82,133838029.3249
1753460377074,16:19:37.074,AAVE/USDT:USDT,288.5,0.46,288.51,8.01,288.52,463073.82,133838029.3249
1753460377174,16:19:37.174,AAVE/USDT:USDT,288.5,2.03,288.52,0.21,288.52,463073.82,133838029.3249
1753460377274,16:19:37.274,AAVE/USDT:USDT,288.51,1.62,288.52,0.21,288.52,463073.82,133838029.3249
1753460377374,16:19:37.374,AAVE/USDT:USDT,288.52,2.45,288.53,0.21,288.52,463073.82,133838029.3249
1753460377474,16:19:37.474,AAVE/USDT:USDT,288.52,2.45,288.54,0.2,288.52,463073.82,133838029.3249
1753460377674,16:19:37.674,AAVE/USDT:USDT,288.52,2.45,288.53,0.16,288.52,463073.82,133838029.3249
1753460377774,16:19:37.774,AAVE/USDT:USDT,288.52,2.01,288.53,3.54,288.52,463073.82,133838029.3249
1753460377974,16:19:37.974,AAVE/USDT:USDT,288.52,2.01,288.54,0.2,288.52,463073.82,133838029.3249
1753460378074,16:19:38.074,AAVE/USDT:USDT,288.53,9.35,288.54,0.2,288.52,463073.82,133838029.3249
1753460378174,16:19:38.174,AAVE/USDT:USDT,288.53,9.85,288.54,0.23,288.52,463073.82,133838029.3249
1753460378274,16:19:38.274,AAVE/USDT:USDT,288.53,2.12,288.54,0.23,288.52,463073.82,133838029.3249
1753460378474,16:19:38.474,AAVE/USDT:USDT,288.53,0.55,288.54,3.61,288.52,463073.82,133838029.3249
1753460378574,16:19:38.574,AAVE/USDT:USDT,288.53,2.56,288.54,0.02,288.52,463073.82,133838029.3249
1753460378874,16:19:38.874,AAVE/USDT:USDT,288.53,10.36,288.54,0.02,288.52,463073.82,133838029.3249
1753460378974,16:19:38.974,AAVE/USDT:USDT,288.53,11.27,288.54,0.02,288.52,463073.82,133838029.3249
1753460379074,16:19:39.074,AAVE/USDT:USDT,288.57,8.36,288.58,0.02,288.56,463073.92,133838058.1805
1753460379174,16:19:39.174,AAVE/USDT:USDT,288.56,3.28,288.58,0.23,288.56,463073.92,133838058.1805
1753460379274,16:19:39.274,AAVE/USDT:USDT,288.57,2.01,288.58,0.02,288.56,463073.92,133838058.1805
1753460379374,16:19:39.374,AAVE/USDT:USDT,288.57,0.44,288.58,1.05,288.56,463073.92,133838058.1805
1753460379575,16:19:39.575,AAVE/USDT:USDT,288.57,2.56,288.58,1.05,288.56,463073.92,133838058.1805
1753460379674,16:19:39.674,AAVE/USDT:USDT,288.57,2.56,288.58,0.23,288.56,463073.92,133838058.1805
1753460379874,16:19:39.874,AAVE/USDT:USDT,288.57,0.99,288.58,3.14,288.56,463073.92,133838058.1805
1753460380175,16:19:40.175,AAVE/USDT:USDT,288.57,2.56,288.58,1.04,288.56,463073.92,133838058.1805
1753460380274,16:19:40.274,AAVE/USDT:USDT,288.57,2.56,288.58,0.23,288.56,463073.92,133838058.1805
1753460380374,16:19:40.374,AAVE/USDT:USDT,288.57,2.56,288.58,0.02,288.56,463073.92,133838058.1805
1753460381074,16:19:41.074,AAVE/USDT:USDT,288.57,2.56,288.58,3.63,288.56,463073.92,133838058.1805
1753460381174,16:19:41.174,AAVE/USDT:USDT,288.57,0.99,288.58,3.63,288.56,463073.92,133838058.1805
1753460381274,16:19:41.274,AAVE/USDT:USDT,288.57,2.56,288.58,3.63,288.56,463073.92,133838058.1805
1753460381675,16:19:41.675,AAVE/USDT:USDT,288.57,2.56,288.58,0.02,288.56,463073.92,133838058.1805
1753460381774,16:19:41.774,AAVE/USDT:USDT,288.57,3.16,288.58,0.02,288.56,463073.92,133838058.1805
1753460381874,16:19:41.874,AAVE/USDT:USDT,288.58,9.16,288.59,0.04,288.58,463073.94,133838063.9521
1753460381974,16:19:41.974,AAVE/USDT:USDT,288.59,10.55,288.6,0.14,288.59,463073.98,133838075.4957
1753460382074,16:19:42.074,AAVE/USDT:USDT,288.59,15.57,288.6,0.14,288.59,463073.98,133838075.4957
1753460382174,16:19:42.174,AAVE/USDT:USDT,288.59,16.0,288.6,0.14,288.59,463073.98,133838075.4957
1753460382375,16:19:42.375,AAVE/USDT:USDT,288.59,16.0,288.6,0.14,288.59,463073.98,133838075.4957
1753460382575,16:19:42.575,AAVE/USDT:USDT,288.59,16.55,288.6,0.14,288.59,463073.98,133838075.4957
1753460382675,16:19:42.675,AAVE/USDT:USDT,288.59,16.55,288.6,0.12,288.59,463073.98,133838075.4957
1753460382874,16:19:42.874,AAVE/USDT:USDT,288.63,9.68,288.64,0.04,288.62,463075.63,133838551.7108
1753460382974,16:19:42.974,AAVE/USDT:USDT,288.64,13.98,288.65,0.02,288.64,463075.65,133838557.4836
1753460383074,16:19:43.074,AAVE/USDT:USDT,288.65,13.05,288.66,0.02,288.65,463075.67,133838563.2566
1753460383174,16:19:43.174,AAVE/USDT:USDT,288.65,12.47,288.66,0.02,288.65,463075.67,133838563.2566
1753460383274,16:19:43.274,AAVE/USDT:USDT,288.65,12.11,288.66,0.02,288.65,463075.67,133838563.2566
1753460383575,16:19:43.575,AAVE/USDT:USDT,288.65,12.11,288.66,0.02,288.65,463075.67,133838563.2566
1753460383674,16:19:43.674,AAVE/USDT:USDT,288.65,12.54,288.66,0.02,288.65,463075.67,133838563.2566
1753460383974,16:19:43.974,AAVE/USDT:USDT,288.65,13.11,288.66,0.02,288.65,463075.67,133838563.2566
1753460384075,16:19:44.075,AAVE/USDT:USDT,288.67,12.08,288.68,0.03,288.66,463075.69,133838569.0298
1753460384174,16:19:44.174,AAVE/USDT:USDT,288.67,12.08,288.68,0.03,288.66,463075.69,133838569.0298
1753460384474,16:19:44.474,AAVE/USDT:USDT,288.67,12.51,288.68,0.03,288.66,463075.69,133838569.0298
1753460384774,16:19:44.774,AAVE/USDT:USDT,288.67,13.06,288.68,0.03,288.66,463075.69,133838569.0298
1753460385074,16:19:45.074,AAVE/USDT:USDT,288.67,10.35,288.68,2.54,288.66,463075.69,133838569.0298
1753460385174,16:19:45.174,AAVE/USDT:USDT,288.64,0.03,288.65,8.6,288.67,463076.67,133838851.9264
1753460385274,16:19:45.274,AAVE/USDT:USDT,288.64,0.03,288.65,8.6,288.67,463076.67,133838851.9264
1753460385374,16:19:45.374,AAVE/USDT:USDT,288.63,1.78,288.65,0.21,288.67,463076.67,133838851.9264
1753460385475,16:19:45.475,AAVE/USDT:USDT,288.63,0.21,288.65,0.21,288.67,463076.67,133838851.9264
1753460385574,16:19:45.574,AAVE/USDT:USDT,288.64,1.57,288.65,0.21,288.67,463076.67,133838851.9264
1753460385875,16:19:45.875,AAVE/USDT:USDT,288.63,1.78,288.65,0.21,288.67,463076.67,133838851.9264
1753460385975,16:19:45.975,AAVE/USDT:USDT,288.64,2.26,288.65,0.21,288.67,463076.67,133838851.9264
1753460386274,16:19:46.274,AAVE/USDT:USDT,288.67,8.01,288.68,0.03,288.67,463076.67,133838851.9264
1753460386375,16:19:46.375,AAVE/USDT:USDT,288.67,7.8,288.68,0.24,288.67,463076.67,133838851.9264
1753460386475,16:19:46.475,AAVE/USDT:USDT,288.67,7.8,288.68,0.03,288.67,463076.67,133838851.9264
1753460386574,16:19:46.574,AAVE/USDT:USDT,288.69,12.46,288.7,0.13,288.69,463076.76,133838877.9082
1753460386674,16:19:46.674,AAVE/USDT:USDT,288.69,12.46,288.7,0.09,288.69,463076.76,133838877.9082
1753460386774,16:19:46.774,AAVE/USDT:USDT,288.72,14.44,288.73,0.01,288.72,463076.97,133838938.5372
1753460386874,16:19:46.874,AAVE/USDT:USDT,288.72,14.44,288.73,0.01,288.72,463076.97,133838938.5372
1753460386975,16:19:46.975,AAVE/USDT:USDT,288.72,13.92,288.73,0.01,288.72,463076.97,133838938.5372
1753460387174,16:19:47.174,AAVE/USDT:USDT,288.72,13.92,288.73,0.01,288.72,463076.97,133838938.5372
1753460387274,16:19:47.274,AAVE/USDT:USDT,288.74,2.83,288.76,0.06,288.74,463078.08,133839259.0385
1753460387374,16:19:47.374,AAVE/USDT:USDT,288.75,9.62,288.76,0.02,288.74,463078.08,133839259.0385
1753460387474,16:19:47.474,AAVE/USDT:USDT,288.75,9.62,288.76,0.02,288.74,463078.08,133839259.0385
1753460388075,16:19:48.075,AAVE/USDT:USDT,288.75,9.41,288.76,0.23,288.74,463078.08,133839259.0385
1753460388374,16:19:48.374,AAVE/USDT:USDT,288.75,9.41,288.76,0.23,288.74,463078.08,133839259.0385
1753460388674,16:19:48.674,AAVE/USDT:USDT,288.75,9.41,288.76,0.02,288.74,463078.08,133839259.0385
1753460388774,16:19:48.774,AAVE/USDT:USDT,288.8,4.43,288.81,0.01,288.8,463079.62,133839703.7874
1753460388874,16:19:48.874,AAVE/USDT:USDT,288.83,1.79,288.84,0.06,288.82,463079.69,133839724.0047
1753460388974,16:19:48.974,AAVE/USDT:USDT,288.81,0.21,288.83,0.21,288.83,463081.48,133840241.0104
1753460389074,16:19:49.074,AAVE/USDT:USDT,288.8,0.04,288.81,0.21,288.83,463081.48,133840241.0104
1753460389174,16:19:49.174,AAVE/USDT:USDT,288.76,0.03,288.77,9.57,288.78,463082.25,133840463.3787
1753460389274,16:19:49.274,AAVE/USDT:USDT,288.74,0.04,288.75,13.62,288.75,463082.32,133840483.5915
1753460389374,16:19:49.374,AAVE/USDT:USDT,288.7,0.09,288.71,11.2,288.73,463082.35,133840492.2534
1753460389474,16:19:49.474,AAVE/USDT:USDT,288.7,0.05,288.71,11.15,288.73,463082.35,133840492.2534
1753460389574,16:19:49.574,AAVE/USDT:USDT,288.7,0.05,288.71,11.15,288.73,463082.35,133840492.2534
1753460389674,16:19:49.674,AAVE/USDT:USDT,288.7,0.03,288.71,11.15,288.73,463082.35,133840492.2534
1753460389774,16:19:49.774,AAVE/USDT:USDT,288.65,7.8,288.66,0.21,288.67,463082.63,133840573.0838
1753460389874,16:19:49.874,AAVE/USDT:USDT,288.67,0.21,288.7,6.92,288.67,463082.63,133840573.0838
1753460389974,16:19:49.974,AAVE/USDT:USDT,288.69,3.21,288.7,0.25,288.67,463082.63,133840573.0838
1753460390074,16:19:50.074,AAVE/USDT:USDT,288.66,0.69,288.67,0.21,288.67,463082.63,133840573.0838
1753460390174,16:19:50.174,AAVE/USDT:USDT,288.66,0.69,288.67,0.21,288.67,463082.63,133840573.0838
1753460390774,16:19:50.774,AAVE/USDT:USDT,288.66,0.69,288.67,0.21,288.67,463082.63,133840573.0838
1753460390974,16:19:50.974,AAVE/USDT:USDT,288.64,0.07,288.65,7.04,288.66,463083.32,133840772.2592
1753460391074,16:19:51.074,AAVE/USDT:USDT,288.64,0.02,288.65,9.63,288.66,463083.32,133840772.2592
1753460391374,16:19:51.374,AAVE/USDT:USDT,288.64,0.02,288.65,9.63,288.66,463083.32,133840772.2592
1753460391475,16:19:51.475,AAVE/USDT:USDT,288.62,0.02,288.63,20.07,288.64,463083.34,133840778.032
1753460391574,16:19:51.574,AAVE/USDT:USDT,288.62,0.02,288.63,20.07,288.64,463083.34,133840778.032
1753460391674,16:19:51.674,AAVE/USDT:USDT,288.62,0.02,288.63,9.59,288.64,463083.34,133840778.032
1753460391774,16:19:51.774,AAVE/USDT:USDT,288.59,0.04,288.6,9.47,288.6,463083.44,133840806.8928
1753460391874,16:19:51.874,AAVE/USDT:USDT,288.56,0.23,288.57,0.21,288.6,463083.44,133840806.8928
1753460391974,16:19:51.974,AAVE/USDT:USDT,288.55,0.04,288.56,6.46,288.56,463083.46,133840812.664
1753460392074,16:19:52.074,AAVE/USDT:USDT,288.54,0.02,288.55,12.21,288.56,463083.46,133840812.664
