timestamp,time,symbol,bid,bidVolume,ask,askVolume,lastPrice,baseVolume,quoteVolume
1753460253697,16:17:33.697,ADA/USDT:USDT,0.7848,26382.0,0.7849,10197.0,0.7849,586320902.0,470466645.1159
1753460254098,16:17:34.098,ADA/USDT:USDT,0.7848,31801.0,0.7849,8318.0,0.7849,586320902.0,470466645.1159
1753460254197,16:17:34.197,ADA/USDT:USDT,0.7848,31119.0,0.7849,8603.0,0.7849,586320902.0,470466645.1159
1753460254598,16:17:34.598,ADA/USDT:USDT,0.7848,26414.0,0.7849,8660.0,0.7849,586320902.0,470466645.1159
1753460254798,16:17:34.798,ADA/USDT:USDT,0.7848,31928.0,0.7849,8660.0,0.7849,586320902.0,470466645.1159
1753460254898,16:17:34.898,ADA/USDT:USDT,0.7848,31928.0,0.7849,8661.0,0.7849,586320902.0,470466645.1159
1753460254997,16:17:34.997,ADA/USDT:USDT,0.7848,33246.0,0.7849,3147.0,0.7849,586320902.0,470466645.1159
1753460255097,16:17:35.097,ADA/USDT:USDT,0.7848,35605.0,0.7849,3147.0,0.7849,586320902.0,470466645.1159
1753460255197,16:17:35.197,ADA/USDT:USDT,0.7848,34287.0,0.7849,8678.0,0.7849,586320902.0,470466645.1159
1753460255297,16:17:35.297,ADA/USDT:USDT,0.7848,35605.0,0.7849,2566.0,0.7849,586320902.0,470466645.1159
1753460255398,16:17:35.398,ADA/USDT:USDT,0.7848,35605.0,0.7849,2708.0,0.7849,586320902.0,470466645.1159
1753460255597,16:17:35.597,ADA/USDT:USDT,0.7848,34287.0,0.7849,8904.0,0.7849,586320902.0,470466645.1159
1753460256597,16:17:36.597,ADA/USDT:USDT,0.7848,26411.0,0.7849,34499.0,0.7849,586323612.0,470468772.1949
1753460256697,16:17:36.697,ADA/USDT:USDT,0.7848,20208.0,0.7849,34499.0,0.7849,586323612.0,470468772.1949
1753460256797,16:17:36.797,ADA/USDT:USDT,0.7848,2283.0,0.7849,34499.0,0.7849,586323612.0,470468772.1949
1753460256898,16:17:36.898,ADA/USDT:USDT,0.7848,7797.0,0.7849,35818.0,0.7849,586323612.0,470468772.1949
1753460256998,16:17:36.998,ADA/USDT:USDT,0.7848,2283.0,0.7849,40335.0,0.7849,586323612.0,470468772.1949
1753460257097,16:17:37.097,ADA/USDT:USDT,0.7848,2283.0,0.7849,40329.0,0.7849,586323618.0,470468776.9043
1753460257197,16:17:37.197,ADA/USDT:USDT,0.7848,2145.0,0.7849,40329.0,0.7848,586323756.0,470468885.2067
1753460257297,16:17:37.297,ADA/USDT:USDT,0.7848,2145.0,0.7849,40329.0,0.7848,586323756.0,470468885.2067
1753460257397,16:17:37.397,ADA/USDT:USDT,0.7846,47551.0,0.7848,79731.0,0.7847,586332388.0,470475658.9516
1753460257497,16:17:37.497,ADA/USDT:USDT,0.7846,30721.0,0.7847,29397.0,0.7847,586332388.0,470475658.9516
1753460257597,16:17:37.597,ADA/USDT:USDT,0.7846,1374.0,0.7847,38850.0,0.7847,586332388.0,470475658.9516
1753460257697,16:17:37.697,ADA/USDT:USDT,0.7846,8008.0,0.7847,38180.0,0.7847,586332388.0,470475658.9516
1753460257797,16:17:37.797,ADA/USDT:USDT,0.7846,6888.0,0.7847,37595.0,0.7847,586332388.0,470475658.9516
1753460257897,16:17:37.897,ADA/USDT:USDT,0.7846,16309.0,0.7847,36269.0,0.7847,586332388.0,470475658.9516
1753460257997,16:17:37.997,ADA/USDT:USDT,0.7846,16991.0,0.7847,36269.0,0.7847,586332388.0,470475658.9516
1753460258197,16:17:38.197,ADA/USDT:USDT,0.7846,6888.0,0.7847,36269.0,0.7847,586332388.0,470475658.9516
1753460258297,16:17:38.297,ADA/USDT:USDT,0.7846,13614.0,0.7847,36269.0,0.7847,586332388.0,470475658.9516
1753460258397,16:17:38.397,ADA/USDT:USDT,0.7846,15416.0,0.7847,31392.0,0.7847,586332388.0,470475658.9516
1753460258497,16:17:38.497,ADA/USDT:USDT,0.7846,8690.0,0.7847,32029.0,0.7847,586332388.0,470475658.9516
1753460258597,16:17:38.597,ADA/USDT:USDT,0.7846,6874.0,0.7847,32677.0,0.7847,586332388.0,470475658.9516
1753460258697,16:17:38.697,ADA/USDT:USDT,0.7846,6874.0,0.7847,33366.0,0.7847,586332388.0,470475658.9516
1753460258797,16:17:38.797,ADA/USDT:USDT,0.7845,41993.0,0.7846,23312.0,0.7846,586333748.0,470476726.0076
1753460258897,16:17:38.897,ADA/USDT:USDT,0.7845,31648.0,0.7846,30906.0,0.7846,586333748.0,470476726.0076
1753460258997,16:17:38.997,ADA/USDT:USDT,0.7844,32752.0,0.7845,725.0,0.7845,586396158.0,470525686.6526
1753460259097,16:17:39.097,ADA/USDT:USDT,0.7845,37630.0,0.7846,6168.0,0.7845,586396883.0,470526255.4151
1753460259197,16:17:39.197,ADA/USDT:USDT,0.7845,20574.0,0.7846,32020.0,0.7845,586396883.0,470526255.4151
1753460259297,16:17:39.297,ADA/USDT:USDT,0.7845,21623.0,0.7846,6276.0,0.7845,586396883.0,470526255.4151
1753460259397,16:17:39.397,ADA/USDT:USDT,0.7845,21623.0,0.7846,9513.0,0.7845,586396883.0,470526255.4151
1753460259497,16:17:39.497,ADA/USDT:USDT,0.7845,21623.0,0.7846,6913.0,0.7845,586396883.0,470526255.4151
1753460259597,16:17:39.597,ADA/USDT:USDT,0.7845,5514.0,0.7846,19138.0,0.7845,586396883.0,470526255.4151
1753460259698,16:17:39.698,ADA/USDT:USDT,0.7844,54831.0,0.7845,11153.0,0.7845,586396883.0,470526255.4151
1753460259797,16:17:39.797,ADA/USDT:USDT,0.7844,44468.0,0.7845,10471.0,0.7845,586396883.0,470526255.4151
1753460259897,16:17:39.897,ADA/USDT:USDT,0.7844,44034.0,0.7845,13233.0,0.7844,586397317.0,470526595.8447
1753460259997,16:17:39.997,ADA/USDT:USDT,0.7844,13250.0,0.7845,18747.0,0.7844,586397317.0,470526595.8447
1753460260097,16:17:40.097,ADA/USDT:USDT,0.7843,59713.0,0.7844,56947.0,0.7844,586397645.0,470526853.1279
1753460260197,16:17:40.197,ADA/USDT:USDT,0.7843,44852.0,0.7844,63281.0,0.7843,586412506.0,470538508.6102
1753460260297,16:17:40.297,ADA/USDT:USDT,0.7843,44852.0,0.7844,64555.0,0.7843,586412506.0,470538508.6102
1753460260397,16:17:40.397,ADA/USDT:USDT,0.7843,44852.0,0.7844,65202.0,0.7843,586412506.0,470538508.6102
1753460260497,16:17:40.497,ADA/USDT:USDT,0.7843,44852.0,0.7844,50501.0,0.7843,586412506.0,470538508.6102
1753460260597,16:17:40.597,ADA/USDT:USDT,0.7843,44852.0,0.7844,48125.0,0.7843,586412506.0,470538508.6102
1753460260797,16:17:40.797,ADA/USDT:USDT,0.7843,44874.0,0.7844,58787.0,0.7843,586412506.0,470538508.6102
1753460260898,16:17:40.898,ADA/USDT:USDT,0.7843,44874.0,0.7844,49956.0,0.7843,586412506.0,470538508.6102
1753460260997,16:17:40.997,ADA/USDT:USDT,0.7843,44874.0,0.7844,52424.0,0.7843,586412506.0,470538508.6102
1753460261097,16:17:41.097,ADA/USDT:USDT,0.7843,44874.0,0.7844,54324.0,0.7843,586412506.0,470538508.6102
1753460261197,16:17:41.197,ADA/USDT:USDT,0.7843,44874.0,0.7844,53661.0,0.7843,586412506.0,470538508.6102
1753460261297,16:17:41.297,ADA/USDT:USDT,0.7843,44874.0,0.7844,52739.0,0.7843,586412506.0,470538508.6102
1753460261397,16:17:41.397,ADA/USDT:USDT,0.784,36680.0,0.7841,725.0,0.784,586736260.0,470792339.1035
1753460261497,16:17:41.497,ADA/USDT:USDT,0.7841,13360.0,0.7842,41099.0,0.784,586736260.0,470792339.1035
1753460261597,16:17:41.597,ADA/USDT:USDT,0.784,5528.0,0.7841,38907.0,0.784,586736260.0,470792339.1035
1753460261697,16:17:41.697,ADA/USDT:USDT,0.784,14.0,0.7841,45403.0,0.784,586736260.0,470792339.1035
1753460261797,16:17:41.797,ADA/USDT:USDT,0.784,14.0,0.7841,43492.0,0.784,586736260.0,470792339.1035
1753460261897,16:17:41.897,ADA/USDT:USDT,0.7839,5623.0,0.784,47229.0,0.784,586736274.0,470792350.0795
1753460261997,16:17:41.997,ADA/USDT:USDT,0.7839,5623.0,0.784,53583.0,0.784,586736274.0,470792350.0795
1753460262097,16:17:42.097,ADA/USDT:USDT,0.7839,5623.0,0.784,58205.0,0.784,586736274.0,470792350.0795
1753460262197,16:17:42.197,ADA/USDT:USDT,0.7839,14151.0,0.784,28296.0,0.784,586736274.0,470792350.0795
1753460262297,16:17:42.297,ADA/USDT:USDT,0.7839,14151.0,0.784,600.0,0.784,586736274.0,470792350.0795
1753460262397,16:17:42.397,ADA/USDT:USDT,0.784,32751.0,0.7841,973.0,0.784,586736897.0,470792838.5092
1753460262498,16:17:42.498,ADA/USDT:USDT,0.784,28246.0,0.7841,6304.0,0.784,586736897.0,470792838.5092
1753460262597,16:17:42.597,ADA/USDT:USDT,0.784,12349.0,0.7841,10984.0,0.784,586736897.0,470792838.5092
1753460262697,16:17:42.697,ADA/USDT:USDT,0.784,15992.0,0.7841,5010.0,0.784,586736897.0,470792838.5092
1753460262797,16:17:42.797,ADA/USDT:USDT,0.784,12359.0,0.7841,11641.0,0.784,586736897.0,470792838.5092
1753460262897,16:17:42.897,ADA/USDT:USDT,0.784,4951.0,0.7841,24875.0,0.784,586736897.0,470792838.5092
1753460262997,16:17:42.997,ADA/USDT:USDT,0.784,14548.0,0.7841,5692.0,0.784,586736897.0,470792838.5092
1753460263097,16:17:43.097,ADA/USDT:USDT,0.784,37.0,0.7841,20297.0,0.784,586736897.0,470792838.5092
1753460263198,16:17:43.198,ADA/USDT:USDT,0.784,5526.0,0.7841,22221.0,0.784,586736922.0,470792858.1092
1753460263298,16:17:43.298,ADA/USDT:USDT,0.784,14054.0,0.7841,17307.0,0.784,586736922.0,470792858.1092
1753460263397,16:17:43.397,ADA/USDT:USDT,0.784,14106.0,0.7841,8191.0,0.784,586736922.0,470792858.1092
1753460263497,16:17:43.497,ADA/USDT:USDT,0.784,6235.0,0.7841,33120.0,0.784,586736947.0,470792877.7092
1753460263597,16:17:43.597,ADA/USDT:USDT,0.784,30213.0,0.7841,11881.0,0.784,586736953.0,470792882.4132
1753460263697,16:17:43.697,ADA/USDT:USDT,0.784,39213.0,0.7841,765.0,0.784,586736953.0,470792882.4132
1753460263797,16:17:43.797,ADA/USDT:USDT,0.784,30213.0,0.7841,128.0,0.784,586736953.0,470792882.4132
1753460263897,16:17:43.897,ADA/USDT:USDT,0.784,24779.0,0.7841,15873.0,0.784,586737590.0,470793381.8212
1753460263997,16:17:43.997,ADA/USDT:USDT,0.784,64.0,0.7841,21358.0,0.784,586737590.0,470793381.8212
1753460264097,16:17:44.097,ADA/USDT:USDT,0.784,64.0,0.7841,55063.0,0.784,586737590.0,470793381.8212
1753460264197,16:17:44.197,ADA/USDT:USDT,0.784,16142.0,0.7841,6107.0,0.784,586737590.0,470793381.8212
1753460264297,16:17:44.297,ADA/USDT:USDT,0.784,15925.0,0.7841,9303.0,0.784,586737590.0,470793381.8212
1753460264397,16:17:44.397,ADA/USDT:USDT,0.784,236.0,0.7841,15573.0,0.784,586737590.0,470793381.8212
1753460264497,16:17:44.497,ADA/USDT:USDT,0.784,64.0,0.7841,23604.0,0.784,586737590.0,470793381.8212
1753460264598,16:17:44.598,ADA/USDT:USDT,0.784,64.0,0.7841,24878.0,0.784,586365560.0,470489191.7366
1753460264697,16:17:44.697,ADA/USDT:USDT,0.784,64.0,0.7841,32242.0,0.784,586365560.0,470489191.7366
1753460264797,16:17:44.797,ADA/USDT:USDT,0.784,64.0,0.7841,22013.0,0.784,586365560.0,470489191.7366
1753460264897,16:17:44.897,ADA/USDT:USDT,0.784,64.0,0.7841,23784.0,0.784,586365560.0,470489191.7366
1753460264997,16:17:44.997,ADA/USDT:USDT,0.784,7910.0,0.7841,11606.0,0.784,586365560.0,470489191.7366
1753460265097,16:17:45.097,ADA/USDT:USDT,0.784,64.0,0.7841,23452.0,0.784,586365560.0,470489191.7366
1753460265198,16:17:45.198,ADA/USDT:USDT,0.784,64.0,0.7841,26000.0,0.784,586365560.0,470489191.7366
1753460265297,16:17:45.297,ADA/USDT:USDT,0.7838,29275.0,0.7839,10496.0,0.784,586365624.0,470489241.9126
1753460265398,16:17:45.398,ADA/USDT:USDT,0.7838,25231.0,0.7839,10496.0,0.784,586365624.0,470489241.9126
1753460265497,16:17:45.497,ADA/USDT:USDT,0.7838,25231.0,0.7839,10496.0,0.784,586365624.0,470489241.9126
1753460265597,16:17:45.597,ADA/USDT:USDT,0.7838,27214.0,0.7839,25.0,0.784,586365624.0,470489241.9126
1753460265697,16:17:45.697,ADA/USDT:USDT,0.7838,36214.0,0.7839,25.0,0.784,586365624.0,470489241.9126
1753460265797,16:17:45.797,ADA/USDT:USDT,0.7839,37756.0,0.784,7.0,0.7839,586365649.0,470489261.5101
1753460265898,16:17:45.898,ADA/USDT:USDT,0.7839,39439.0,0.784,7.0,0.7839,586365649.0,470489261.5101
1753460266097,16:17:46.097,ADA/USDT:USDT,0.7841,6281.0,0.7842,87206.0,0.7841,586365863.0,470489429.3068
1753460266197,16:17:46.197,ADA/USDT:USDT,0.7841,21419.0,0.7842,6158.0,0.7841,586365863.0,470489429.3068
1753460266297,16:17:46.297,ADA/USDT:USDT,0.7841,21247.0,0.7842,6028.0,0.7841,586365863.0,470489429.3068
1753460266397,16:17:46.397,ADA/USDT:USDT,0.784,6210.0,0.7841,40783.0,0.7841,586365863.0,470489429.3068
1753460266497,16:17:46.497,ADA/USDT:USDT,0.784,14.0,0.7841,40772.0,0.7841,586365863.0,470489429.3068
1753460266597,16:17:46.597,ADA/USDT:USDT,0.7839,32924.0,0.784,9369.0,0.7841,586365863.0,470489429.3068
1753460266697,16:17:46.697,ADA/USDT:USDT,0.7839,29274.0,0.784,9369.0,0.7841,586365863.0,470489429.3068
1753460266797,16:17:46.797,ADA/USDT:USDT,0.7839,23760.0,0.784,10643.0,0.7841,586365863.0,470489429.3068
1753460266897,16:17:46.897,ADA/USDT:USDT,0.7839,23932.0,0.784,9369.0,0.7841,586365863.0,470489429.3068
1753460267097,16:17:47.097,ADA/USDT:USDT,0.7839,13597.0,0.784,9369.0,0.7841,586365863.0,470489429.3068
1753460267197,16:17:47.197,ADA/USDT:USDT,0.7838,17091.0,0.7839,10643.0,0.7841,586365863.0,470489429.3068
1753460267297,16:17:47.297,ADA/USDT:USDT,0.7838,14329.0,0.7839,14478.0,0.7841,586365863.0,470489429.3068
1753460267397,16:17:47.397,ADA/USDT:USDT,0.7838,1309.0,0.7839,26900.0,0.7841,586365863.0,470489429.3068
1753460267497,16:17:47.497,ADA/USDT:USDT,0.7838,7505.0,0.7839,14478.0,0.7841,586365863.0,470489429.3068
1753460267597,16:17:47.597,ADA/USDT:USDT,0.7838,7491.0,0.7839,10668.0,0.7841,586365863.0,470489429.3068
1753460267697,16:17:47.697,ADA/USDT:USDT,0.7838,7491.0,0.7839,9394.0,0.7841,586365863.0,470489429.3068
1753460267797,16:17:47.797,ADA/USDT:USDT,0.7838,8021.0,0.7839,17690.0,0.7841,586365863.0,470489429.3068
1753460267897,16:17:47.897,ADA/USDT:USDT,0.7838,1477.0,0.7839,21019.0,0.7841,586365863.0,470489429.3068
1753460267997,16:17:47.997,ADA/USDT:USDT,0.7838,6712.0,0.7839,14391.0,0.7841,586365863.0,470489429.3068
1753460268098,16:17:48.098,ADA/USDT:USDT,0.7838,1305.0,0.7839,21817.0,0.7841,586365863.0,470489429.3068
1753460268198,16:17:48.198,ADA/USDT:USDT,0.7838,1305.0,0.7839,25462.0,0.7841,586365863.0,470489429.3068
1753460268298,16:17:48.298,ADA/USDT:USDT,0.7838,1305.0,0.7839,24188.0,0.7841,586365863.0,470489429.3068
1753460268398,16:17:48.398,ADA/USDT:USDT,0.7838,1305.0,0.7839,21271.0,0.7841,586365863.0,470489429.3068
1753460268497,16:17:48.497,ADA/USDT:USDT,0.7838,1305.0,0.7839,22545.0,0.7841,586365863.0,470489429.3068
1753460268597,16:17:48.597,ADA/USDT:USDT,0.7838,1151.0,0.7839,31241.0,0.7838,586366017.0,470489550.012
1753460268697,16:17:48.697,ADA/USDT:USDT,0.7837,25155.0,0.7838,6151.0,0.7837,586374009.0,470495813.4575
1753460268797,16:17:48.797,ADA/USDT:USDT,0.7837,25155.0,0.7838,6196.0,0.7837,586374009.0,470495813.4575
1753460268897,16:17:48.897,ADA/USDT:USDT,0.7837,14820.0,0.7838,7870.0,0.7837,586374009.0,470495813.4575
1753460268997,16:17:48.997,ADA/USDT:USDT,0.7837,15.0,0.7838,64778.0,0.7837,586374009.0,470495813.4575
1753460269097,16:17:49.097,ADA/USDT:USDT,0.7837,37141.0,0.7838,18332.0,0.7837,586404787.0,470519934.1761
1753460269197,16:17:49.197,ADA/USDT:USDT,0.7837,37141.0,0.7838,12438.0,0.7837,586404787.0,470519934.1761
1753460269297,16:17:49.297,ADA/USDT:USDT,0.7837,24581.0,0.7838,10325.0,0.7837,586404914.0,470520033.706
1753460269397,16:17:49.397,ADA/USDT:USDT,0.7837,6948.0,0.7838,16718.0,0.7837,586404914.0,470520033.706
1753460269497,16:17:49.497,ADA/USDT:USDT,0.7837,471.0,0.7838,17357.0,0.7837,586404914.0,470520033.706
1753460269597,16:17:49.597,ADA/USDT:USDT,0.7837,5394.0,0.7838,17350.0,0.7837,586404914.0,470520033.706
1753460269697,16:17:49.697,ADA/USDT:USDT,0.7837,6554.0,0.7838,23421.0,0.7837,586404914.0,470520033.706
1753460269798,16:17:49.798,ADA/USDT:USDT,0.7837,6554.0,0.7838,22195.0,0.7837,586404914.0,470520033.706
1753460269897,16:17:49.897,ADA/USDT:USDT,0.7837,1040.0,0.7838,25099.0,0.7837,586404914.0,470520033.706
1753460269997,16:17:49.997,ADA/USDT:USDT,0.7837,1050.0,0.7838,27012.0,0.7837,586404914.0,470520033.706
1753460270097,16:17:50.097,ADA/USDT:USDT,0.7837,1050.0,0.7838,28902.0,0.7837,586404914.0,470520033.706
1753460270197,16:17:50.197,ADA/USDT:USDT,0.7836,275.0,0.7837,4464.0,0.7837,586405964.0,470520856.591
1753460270297,16:17:50.297,ADA/USDT:USDT,0.7835,10982.0,0.7836,24139.0,0.7835,586406788.0,470521502.2205
1753460270397,16:17:50.397,ADA/USDT:USDT,0.7835,21807.0,0.7836,25387.0,0.7835,586406788.0,470521502.2205
1753460270497,16:17:50.497,ADA/USDT:USDT,0.7835,19727.0,0.7836,21501.0,0.7835,586406788.0,470521502.2205
1753460270597,16:17:50.597,ADA/USDT:USDT,0.7835,25977.0,0.7836,21501.0,0.7835,586406788.0,470521502.2205
1753460270697,16:17:50.697,ADA/USDT:USDT,0.7835,21807.0,0.7836,6602.0,0.7835,586406788.0,470521502.2205
1753460270798,16:17:50.798,ADA/USDT:USDT,0.7835,18607.0,0.7836,7240.0,0.7835,586406788.0,470521502.2205
1753460270898,16:17:50.898,ADA/USDT:USDT,0.7835,18607.0,0.7836,11739.0,0.7835,586406788.0,470521502.2205
1753460270997,16:17:50.997,ADA/USDT:USDT,0.7835,22834.0,0.7836,7834.0,0.7835,586406788.0,470521502.2205
1753460271097,16:17:51.097,ADA/USDT:USDT,0.7835,22834.0,0.7836,5159.0,0.7835,586406788.0,470521502.2205
1753460271197,16:17:51.197,ADA/USDT:USDT,0.7835,19490.0,0.7836,5797.0,0.7835,586406788.0,470521502.2205
1753460271298,16:17:51.298,ADA/USDT:USDT,0.7835,19490.0,0.7836,4698.0,0.7835,586406788.0,470521502.2205
1753460271397,16:17:51.397,ADA/USDT:USDT,0.7835,19490.0,0.7836,406.0,0.7835,586406788.0,470521502.2205
1753460271497,16:17:51.497,ADA/USDT:USDT,0.7835,19490.0,0.7836,14202.0,0.7835,586406788.0,470521502.2205
1753460271598,16:17:51.598,ADA/USDT:USDT,0.7835,19490.0,0.7836,15478.0,0.7835,586406788.0,470521502.2205
1753460271697,16:17:51.697,ADA/USDT:USDT,0.7835,19490.0,0.7836,12423.0,0.7835,586406788.0,470521502.2205
1753460271797,16:17:51.797,ADA/USDT:USDT,0.7835,22532.0,0.7836,1089.0,0.7835,586406979.0,470521651.869
1753460271897,16:17:51.897,ADA/USDT:USDT,0.7835,22532.0,0.7836,451.0,0.7835,586406979.0,470521651.869
1753460271997,16:17:51.997,ADA/USDT:USDT,0.7836,49332.0,0.7837,3658.0,0.7836,586407430.0,470522005.2726
1753460272097,16:17:52.097,ADA/USDT:USDT,0.7836,48001.0,0.7837,929.0,0.7836,586407430.0,470522005.2726
1753460272197,16:17:52.197,ADA/USDT:USDT,0.7836,5558.0,0.7837,15599.0,0.7836,586407430.0,470522005.2726
1753460272297,16:17:52.297,ADA/USDT:USDT,0.7836,14696.0,0.7837,2009.0,0.7836,586407430.0,470522005.2726
1753460272398,16:17:52.398,ADA/USDT:USDT,0.7836,12284.0,0.7837,13393.0,0.7836,586407430.0,470522005.2726
1753460272497,16:17:52.497,ADA/USDT:USDT,0.7836,6240.0,0.7837,14933.0,0.7836,586407430.0,470522005.2726
1753460272597,16:17:52.597,ADA/USDT:USDT,0.7836,22818.0,0.7837,3050.0,0.7836,586407430.0,470522005.2726
1753460272697,16:17:52.697,ADA/USDT:USDT,0.7836,18835.0,0.7837,2883.0,0.7836,586411413.0,470525126.3514
1753460272797,16:17:52.797,ADA/USDT:USDT,0.7836,8301.0,0.7837,15991.0,0.7836,586411413.0,470525126.3514
1753460272897,16:17:52.897,ADA/USDT:USDT,0.7836,1575.0,0.7837,22848.0,0.7836,586411413.0,470525126.3514
1753460272997,16:17:52.997,ADA/USDT:USDT,0.7836,1575.0,0.7837,21272.0,0.7836,586411413.0,470525126.3514
1753460273097,16:17:53.097,ADA/USDT:USDT,0.7835,11845.0,0.7836,50565.0,0.7836,586412988.0,470526360.5214
1753460273197,16:17:53.197,ADA/USDT:USDT,0.7835,10623.0,0.7836,45878.0,0.7836,586412988.0,470526360.5214
1753460273297,16:17:53.297,ADA/USDT:USDT,0.7835,9786.0,0.7836,50161.0,0.7836,586412988.0,470526360.5214
1753460273397,16:17:53.397,ADA/USDT:USDT,0.7835,10572.0,0.7836,53168.0,0.7836,586412988.0,470526360.5214
1753460273497,16:17:53.497,ADA/USDT:USDT,0.7835,10572.0,0.7836,51411.0,0.7836,586412988.0,470526360.5214
1753460273597,16:17:53.597,ADA/USDT:USDT,0.7835,23494.0,0.7836,32377.0,0.7836,586412988.0,470526360.5214
1753460273697,16:17:53.697,ADA/USDT:USDT,0.7835,23494.0,0.7836,17895.0,0.7836,586412988.0,470526360.5214
1753460273798,16:17:53.798,ADA/USDT:USDT,0.7835,23494.0,0.7836,17257.0,0.7836,586412988.0,470526360.5214
1753460273897,16:17:53.897,ADA/USDT:USDT,0.7835,10572.0,0.7836,20902.0,0.7836,586412988.0,470526360.5214
1753460273998,16:17:53.998,ADA/USDT:USDT,0.7835,10572.0,0.7836,23271.0,0.7836,586412988.0,470526360.5214
1753460274097,16:17:54.097,ADA/USDT:USDT,0.7835,10572.0,0.7836,21357.0,0.7836,586412988.0,470526360.5214
1753460274197,16:17:54.197,ADA/USDT:USDT,0.7835,10572.0,0.7836,28382.0,0.7836,586412988.0,470526360.5214
1753460274297,16:17:54.297,ADA/USDT:USDT,0.7835,16086.0,0.7836,27290.0,0.7836,586412988.0,470526360.5214
1753460274397,16:17:54.397,ADA/USDT:USDT,0.7835,10595.0,0.7836,25541.0,0.7836,586413006.0,470526374.6262
1753460274498,16:17:54.498,ADA/USDT:USDT,0.7835,10595.0,0.7836,26343.0,0.7836,586413006.0,470526374.6262
1753460274597,16:17:54.597,ADA/USDT:USDT,0.7835,10595.0,0.7836,28895.0,0.7836,586413006.0,470526374.6262
1753460274797,16:17:54.797,ADA/USDT:USDT,0.7835,18543.0,0.7836,24224.0,0.7836,586413006.0,470526374.6262
1753460274897,16:17:54.897,ADA/USDT:USDT,0.7835,24783.0,0.7836,22487.0,0.7836,586413006.0,470526374.6262
1753460274997,16:17:54.997,ADA/USDT:USDT,0.7836,12344.0,0.7837,9785.0,0.7836,586418729.0,470530859.169
1753460275097,16:17:55.097,ADA/USDT:USDT,0.7836,1454.0,0.7837,24034.0,0.7836,586418729.0,470530859.169
1753460275197,16:17:55.197,ADA/USDT:USDT,0.7835,35279.0,0.7836,16446.0,0.7836,586418729.0,470530859.169
1753460275297,16:17:55.297,ADA/USDT:USDT,0.7835,31235.0,0.7836,15224.0,0.7836,586418729.0,470530859.169
1753460275397,16:17:55.397,ADA/USDT:USDT,0.7835,31235.0,0.7836,15862.0,0.7836,586418729.0,470530859.169
1753460275497,16:17:55.497,ADA/USDT:USDT,0.7835,10595.0,0.7836,35801.0,0.7836,586418729.0,470530859.169
1753460275598,16:17:55.598,ADA/USDT:USDT,0.7835,10595.0,0.7836,44801.0,0.7836,586418729.0,470530859.169
1753460275697,16:17:55.697,ADA/USDT:USDT,0.7835,10593.0,0.7836,44801.0,0.7836,586418729.0,470530859.169
1753460275798,16:17:55.798,ADA/USDT:USDT,0.7835,10593.0,0.7836,46077.0,0.7836,586418729.0,470530859.169
1753460275897,16:17:55.897,ADA/USDT:USDT,0.7835,10593.0,0.7836,46715.0,0.7836,586418729.0,470530859.169
1753460275997,16:17:55.997,ADA/USDT:USDT,0.7835,10593.0,0.7836,45012.0,0.7836,586418729.0,470530859.169
1753460276097,16:17:56.097,ADA/USDT:USDT,0.7834,2104.0,0.7835,75069.0,0.7834,586433005.0,470542044.0467
1753460276197,16:17:56.197,ADA/USDT:USDT,0.7833,21297.0,0.7834,10601.0,0.7834,586433005.0,470542044.0467
1753460276297,16:17:56.297,ADA/USDT:USDT,0.7833,1293.0,0.7834,20348.0,0.7834,586433005.0,470542044.0467
1753460276397,16:17:56.397,ADA/USDT:USDT,0.7832,30800.0,0.7833,23516.0,0.7833,586434298.0,470543056.8536
1753460276497,16:17:56.497,ADA/USDT:USDT,0.7831,8239.0,0.7832,10998.0,0.7831,586447593.0,470553469.3551
1753460276597,16:17:56.597,ADA/USDT:USDT,0.7831,2419.0,0.7832,9902.0,0.7831,586453413.0,470558026.9971
1753460276697,16:17:56.697,ADA/USDT:USDT,0.7831,2419.0,0.7832,42041.0,0.7831,586453413.0,470558026.9971
1753460276797,16:17:56.797,ADA/USDT:USDT,0.7831,2419.0,0.7832,9264.0,0.7831,586453413.0,470558026.9971
1753460276897,16:17:56.897,ADA/USDT:USDT,0.7831,4751.0,0.7832,9264.0,0.7831,586453413.0,470558026.9971
1753460277197,16:17:57.197,ADA/USDT:USDT,0.7831,4751.0,0.7832,10033.0,0.7831,586453413.0,470558026.9971
1753460277297,16:17:57.297,ADA/USDT:USDT,0.7831,2332.0,0.7832,20489.0,0.7831,586453413.0,470558026.9971
1753460277397,16:17:57.397,ADA/USDT:USDT,0.7831,2332.0,0.7832,24073.0,0.7831,586453413.0,470558026.9971
1753460277497,16:17:57.497,ADA/USDT:USDT,0.7831,2332.0,0.7832,20579.0,0.7831,586453413.0,470558026.9971
1753460277597,16:17:57.597,ADA/USDT:USDT,0.7831,22961.0,0.7832,1366.0,0.7831,586453796.0,470558326.9244
1753460277697,16:17:57.697,ADA/USDT:USDT,0.7831,21244.0,0.7832,5604.0,0.7831,586453796.0,470558326.9244
1753460277798,16:17:57.798,ADA/USDT:USDT,0.7831,21244.0,0.7832,6213.0,0.7831,586453796.0,470558326.9244
1753460277998,16:17:57.998,ADA/USDT:USDT,0.7831,21244.0,0.7832,9369.0,0.7831,586453796.0,470558326.9244
1753460278097,16:17:58.097,ADA/USDT:USDT,0.7831,9223.0,0.7832,13934.0,0.7831,586453796.0,470558326.9244
1753460278197,16:17:58.197,ADA/USDT:USDT,0.7831,1967.0,0.7832,19959.0,0.7831,586453796.0,470558326.9244
1753460278297,16:17:58.297,ADA/USDT:USDT,0.7831,1967.0,0.7832,23049.0,0.7831,586453796.0,470558326.9244
1753460278397,16:17:58.397,ADA/USDT:USDT,0.7831,2649.0,0.7832,18228.0,0.7831,586453796.0,470558326.9244
1753460278497,16:17:58.497,ADA/USDT:USDT,0.7831,1967.0,0.7832,22492.0,0.7831,586453796.0,470558326.9244
1753460278598,16:17:58.598,ADA/USDT:USDT,0.7831,1967.0,0.7832,33209.0,0.7831,586453796.0,470558326.9244
1753460278697,16:17:58.697,ADA/USDT:USDT,0.7831,11522.0,0.7832,15257.0,0.7831,586453796.0,470558326.9244
1753460278797,16:17:58.797,ADA/USDT:USDT,0.7831,4796.0,0.7832,13903.0,0.7832,586454101.0,470558565.8004
1753460278897,16:17:58.897,ADA/USDT:USDT,0.7831,33559.0,0.7832,10451.0,0.7831,586454854.0,470559155.4747
1753460278997,16:17:58.997,ADA/USDT:USDT,0.7831,33481.0,0.7832,8401.0,0.7831,586454854.0,470559155.4747
1753460279097,16:17:59.097,ADA/USDT:USDT,0.7831,3623.0,0.7832,51487.0,0.7831,586454854.0,470559155.4747
1753460279198,16:17:59.198,ADA/USDT:USDT,0.7831,27422.0,0.7832,17959.0,0.7831,586454854.0,470559155.4747
1753460279298,16:17:59.298,ADA/USDT:USDT,0.7831,16212.0,0.7832,12963.0,0.7831,586454854.0,470559155.4747
1753460279397,16:17:59.397,ADA/USDT:USDT,0.7831,3496.0,0.7832,17325.0,0.7831,586455663.0,470559789.0026
1753460279497,16:17:59.497,ADA/USDT:USDT,0.7831,2814.0,0.7832,17465.0,0.7831,586455663.0,470559789.0026
1753460279597,16:17:59.597,ADA/USDT:USDT,0.7831,6266.0,0.7832,15411.0,0.7831,586455663.0,470559789.0026
1753460279697,16:17:59.697,ADA/USDT:USDT,0.7831,33383.0,0.7832,11557.0,0.7831,586455663.0,470559789.0026
1753460279797,16:17:59.797,ADA/USDT:USDT,0.7831,23976.0,0.7832,8401.0,0.7831,586455663.0,470559789.0026
1753460279897,16:17:59.897,ADA/USDT:USDT,0.7831,4141.0,0.7832,26575.0,0.7831,586455878.0,470559957.3691
1753460279997,16:17:59.997,ADA/USDT:USDT,0.7831,14387.0,0.7832,14090.0,0.7831,586455878.0,470559957.3691
1753460280097,16:18:00.097,ADA/USDT:USDT,0.7833,33915.0,0.7834,5536.0,0.7833,586474071.0,470574207.4856
1753460280197,16:18:00.197,ADA/USDT:USDT,0.7832,55119.0,0.7833,5514.0,0.7833,586474071.0,470574207.4856
1753460280297,16:18:00.297,ADA/USDT:USDT,0.7832,12936.0,0.7833,11746.0,0.7833,586474071.0,470574207.4856
1753460280397,16:18:00.397,ADA/USDT:USDT,0.7832,14.0,0.7833,27947.0,0.7833,586474071.0,470574207.4856
1753460280497,16:18:00.497,ADA/USDT:USDT,0.7832,14.0,0.7833,22284.0,0.7833,586474071.0,470574207.4856
1753460280597,16:18:00.597,ADA/USDT:USDT,0.7831,23732.0,0.7832,11869.0,0.7833,586474071.0,470574207.4856
1753460280697,16:18:00.697,ADA/USDT:USDT,0.7831,23933.0,0.7832,5644.0,0.7833,586474071.0,470574207.4856
1753460280797,16:18:00.797,ADA/USDT:USDT,0.7831,3071.0,0.7832,36673.0,0.7833,586474071.0,470574207.4856
1753460280897,16:18:00.897,ADA/USDT:USDT,0.7831,3071.0,0.7832,36699.0,0.7833,586474071.0,470574207.4856
1753460280997,16:18:00.997,ADA/USDT:USDT,0.783,7340.0,0.7831,42720.0,0.7831,586474705.0,470574703.971
1753460281097,16:18:01.097,ADA/USDT:USDT,0.7829,17418.0,0.783,26349.0,0.783,586478818.0,470577924.45
1753460281197,16:18:01.197,ADA/USDT:USDT,0.7829,7538.0,0.783,36414.0,0.783,586478818.0,470577924.45
1753460281297,16:18:01.297,ADA/USDT:USDT,0.7829,887.0,0.783,32074.0,0.783,586478818.0,470577924.45
1753460281397,16:18:01.397,ADA/USDT:USDT,0.7829,8295.0,0.783,29516.0,0.783,586478818.0,470577924.45
1753460281497,16:18:01.497,ADA/USDT:USDT,0.7829,8295.0,0.783,36878.0,0.783,586478818.0,470577924.45
1753460281597,16:18:01.597,ADA/USDT:USDT,0.7829,6401.0,0.783,30142.0,0.783,586478830.0,470577933.846
1753460281697,16:18:01.697,ADA/USDT:USDT,0.7829,13647.0,0.783,28866.0,0.783,586478830.0,470577933.846
1753460281797,16:18:01.797,ADA/USDT:USDT,0.7829,18368.0,0.783,28866.0,0.783,586478830.0,470577933.846
1753460281898,16:18:01.898,ADA/USDT:USDT,0.7829,25501.0,0.783,8800.0,0.783,586478830.0,470577933.846
1753460281997,16:18:01.997,ADA/USDT:USDT,0.7829,25501.0,0.783,8800.0,0.783,586478830.0,470577933.846
1753460282097,16:18:02.097,ADA/USDT:USDT,0.7831,50285.0,0.7832,15329.0,0.7831,586481324.0,470579886.8974
1753460282197,16:18:02.197,ADA/USDT:USDT,0.7832,33863.0,0.7833,13071.0,0.7832,586481331.0,470579892.3798
1753460282297,16:18:02.297,ADA/USDT:USDT,0.7832,42401.0,0.7833,7.0,0.7832,586481331.0,470579892.3798
1753460282397,16:18:02.397,ADA/USDT:USDT,0.7832,52736.0,0.7833,7.0,0.7832,586481331.0,470579892.3798
1753460282497,16:18:02.497,ADA/USDT:USDT,0.7832,49712.0,0.7833,5521.0,0.7832,586481331.0,470579892.3798
1753460282597,16:18:02.597,ADA/USDT:USDT,0.7832,51239.0,0.7833,5521.0,0.7832,586481331.0,470579892.3798
1753460282697,16:18:02.697,ADA/USDT:USDT,0.7832,40825.0,0.7833,7724.0,0.7832,586481331.0,470579892.3798
1753460282797,16:18:02.797,ADA/USDT:USDT,0.7831,19316.0,0.7832,55303.0,0.7832,586481359.0,470579914.3094
1753460282897,16:18:02.897,ADA/USDT:USDT,0.7829,8918.0,0.783,29439.0,0.783,586491854.0,470588131.8944
1753460282997,16:18:02.997,ADA/USDT:USDT,0.7829,2185.0,0.783,31754.0,0.783,586491854.0,470588131.8944
1753460283297,16:18:03.297,ADA/USDT:USDT,0.7827,20969.0,0.7828,21958.0,0.7827,586495760.0,470591189.697
1753460283397,16:18:03.397,ADA/USDT:USDT,0.7827,9952.0,0.7828,25979.0,0.7827,586495760.0,470591189.697
1753460283497,16:18:03.497,ADA/USDT:USDT,0.7827,21839.0,0.7828,17261.0,0.7827,586495850.0,470591260.14
1753460283597,16:18:03.597,ADA/USDT:USDT,0.7827,18390.0,0.7828,21989.0,0.7827,586495850.0,470591260.14
1753460283697,16:18:03.697,ADA/USDT:USDT,0.7827,17270.0,0.7828,22053.0,0.7827,586495850.0,470591260.14
1753460283797,16:18:03.797,ADA/USDT:USDT,0.7827,7408.0,0.7828,26278.0,0.7827,586495850.0,470591260.14
1753460283897,16:18:03.897,ADA/USDT:USDT,0.7827,14042.0,0.7828,22692.0,0.7827,586495850.0,470591260.14
1753460283997,16:18:03.997,ADA/USDT:USDT,0.7827,7408.0,0.7828,22692.0,0.7827,586495850.0,470591260.14
1753460284097,16:18:04.097,ADA/USDT:USDT,0.7826,9739.0,0.7827,24761.0,0.7826,586499127.0,470593824.7202
1753460284197,16:18:04.197,ADA/USDT:USDT,0.7826,14380.0,0.7827,17197.0,0.7826,586499127.0,470593824.7202
1753460284297,16:18:04.297,ADA/USDT:USDT,0.7826,14380.0,0.7827,12240.0,0.7826,586499127.0,470593824.7202
1753460284397,16:18:04.397,ADA/USDT:USDT,0.7826,14380.0,0.7827,12370.0,0.7826,586499127.0,470593824.7202
1753460284497,16:18:04.497,ADA/USDT:USDT,0.7827,14042.0,0.7828,21721.0,0.7826,586499127.0,470593824.7202
1753460284597,16:18:04.597,ADA/USDT:USDT,0.7827,19107.0,0.7828,64.0,0.7826,586499127.0,470593824.7202
1753460284697,16:18:04.697,ADA/USDT:USDT,0.7828,25847.0,0.7829,8325.0,0.7828,586499191.0,470593874.8194
1753460284797,16:18:04.797,ADA/USDT:USDT,0.7829,13647.0,0.783,17203.0,0.7828,586499191.0,470593874.8194
1753460284897,16:18:04.897,ADA/USDT:USDT,0.7829,26518.0,0.783,20959.0,0.7828,586499191.0,470593874.8194
1753460284997,16:18:04.997,ADA/USDT:USDT,0.7829,30466.0,0.783,232.0,0.7828,586499191.0,470593874.8194
1753460285097,16:18:05.097,ADA/USDT:USDT,0.7829,29052.0,0.783,232.0,0.7828,586499191.0,470593874.8194
1753460285197,16:18:05.197,ADA/USDT:USDT,0.783,40948.0,0.7831,16155.0,0.783,586499423.0,470594056.4754
1753460285297,16:18:05.297,ADA/USDT:USDT,0.7831,33132.0,0.7832,5543.0,0.7831,586499920.0,470594445.6761
1753460285397,16:18:05.397,ADA/USDT:USDT,0.7832,36445.0,0.7833,16634.0,0.7832,586499949.0,470594468.3889
1753460285497,16:18:05.497,ADA/USDT:USDT,0.7832,36445.0,0.7833,4617.0,0.7832,586499949.0,470594468.3889
1753460285597,16:18:05.597,ADA/USDT:USDT,0.7833,47128.0,0.7834,36.0,0.7833,586500421.0,470594838.1065
1753460285697,16:18:05.697,ADA/USDT:USDT,0.7834,45237.0,0.7835,8.0,0.7834,586500450.0,470594860.8251
1753460285797,16:18:05.797,ADA/USDT:USDT,0.7835,49260.0,0.7836,29.0,0.7835,586500458.0,470594867.0931
1753460285897,16:18:05.897,ADA/USDT:USDT,0.7835,48140.0,0.7836,5543.0,0.7835,586500458.0,470594867.0931
1753460285997,16:18:05.997,ADA/USDT:USDT,0.7837,41830.0,0.7838,6697.0,0.7837,586534362.0,470621437.655
1753460286097,16:18:06.097,ADA/USDT:USDT,0.7836,35940.0,0.7837,13056.0,0.7838,586535318.0,470622186.9678
1753460286197,16:18:06.197,ADA/USDT:USDT,0.7837,12965.0,0.7838,25243.0,0.7838,586535318.0,470622186.9678
1753460286297,16:18:06.297,ADA/USDT:USDT,0.7837,13647.0,0.7838,16637.0,0.7838,586535318.0,470622186.9678
1753460286397,16:18:06.397,ADA/USDT:USDT,0.7837,13647.0,0.7838,16004.0,0.7838,586535318.0,470622186.9678
1753460286497,16:18:06.497,ADA/USDT:USDT,0.7837,14909.0,0.7838,19962.0,0.7838,586535318.0,470622186.9678
1753460286597,16:18:06.597,ADA/USDT:USDT,0.7837,16029.0,0.7838,11957.0,0.7838,586535318.0,470622186.9678
1753460286697,16:18:06.697,ADA/USDT:USDT,0.7837,17889.0,0.7838,11957.0,0.7838,586535318.0,470622186.9678
1753460286797,16:18:06.797,ADA/USDT:USDT,0.7837,25418.0,0.7838,6733.0,0.7838,586535318.0,470622186.9678
1753460286897,16:18:06.897,ADA/USDT:USDT,0.7837,22772.0,0.7838,10588.0,0.7838,586535318.0,470622186.9678
1753460286997,16:18:06.997,ADA/USDT:USDT,0.7837,24503.0,0.7838,10588.0,0.7838,586535318.0,470622186.9678
1753460287097,16:18:07.097,ADA/USDT:USDT,0.7837,23180.0,0.7838,3862.0,0.7838,586535318.0,470622186.9678
1753460287297,16:18:07.297,ADA/USDT:USDT,0.7837,22717.0,0.7838,3862.0,0.7838,586535318.0,470622186.9678
1753460287397,16:18:07.397,ADA/USDT:USDT,0.7837,24040.0,0.7838,7.0,0.7838,586535318.0,470622186.9678
1753460287498,16:18:07.498,ADA/USDT:USDT,0.7837,22717.0,0.7838,5521.0,0.7838,586535318.0,470622186.9678
1753460287597,16:18:07.597,ADA/USDT:USDT,0.7837,20565.0,0.7838,5521.0,0.7838,586535318.0,470622186.9678
1753460287697,16:18:07.697,ADA/USDT:USDT,0.7836,20027.0,0.7837,20078.0,0.7837,586536545.0,470623148.5677
1753460287797,16:18:07.797,ADA/USDT:USDT,0.7836,20027.0,0.7837,23208.0,0.7837,586536545.0,470623148.5677
1753460287897,16:18:07.897,ADA/USDT:USDT,0.7836,20027.0,0.7837,23890.0,0.7837,586536545.0,470623148.5677
1753460287997,16:18:07.997,ADA/USDT:USDT,0.7836,20027.0,0.7837,24882.0,0.7837,586536545.0,470623148.5677
1753460288097,16:18:08.097,ADA/USDT:USDT,0.7836,32839.0,0.7837,10599.0,0.7837,586536545.0,470623148.5677
1753460288197,16:18:08.197,ADA/USDT:USDT,0.7836,20160.0,0.7837,10599.0,0.7837,586536545.0,470623148.5677
1753460288297,16:18:08.297,ADA/USDT:USDT,0.7836,20160.0,0.7837,5562.0,0.7837,586536545.0,470623148.5677
1753460288498,16:18:08.498,ADA/USDT:USDT,0.7836,21603.0,0.7837,5562.0,0.7837,586536545.0,470623148.5677
1753460288598,16:18:08.598,ADA/USDT:USDT,0.7836,21589.0,0.7837,3903.0,0.7837,586536545.0,470623148.5677
1753460288697,16:18:08.697,ADA/USDT:USDT,0.7836,22739.0,0.7837,3903.0,0.7837,586536545.0,470623148.5677
1753460288798,16:18:08.798,ADA/USDT:USDT,0.7836,21428.0,0.7837,13649.0,0.7837,586536545.0,470623148.5677
1753460288997,16:18:08.997,ADA/USDT:USDT,0.7836,986.0,0.7837,30741.0,0.7837,586536545.0,470623148.5677
1753460289097,16:18:09.097,ADA/USDT:USDT,0.7836,304.0,0.7837,32663.0,0.7837,586536545.0,470623148.5677
1753460289197,16:18:09.197,ADA/USDT:USDT,0.7836,304.0,0.7837,33301.0,0.7837,586536545.0,470623148.5677
1753460289297,16:18:09.297,ADA/USDT:USDT,0.7836,304.0,0.7837,33939.0,0.7837,586536545.0,470623148.5677
1753460289397,16:18:09.397,ADA/USDT:USDT,0.7836,10252.0,0.7837,25599.0,0.7837,586536545.0,470623148.5677
1753460289497,16:18:09.497,ADA/USDT:USDT,0.7836,28048.0,0.7837,3903.0,0.7837,586536545.0,470623148.5677
1753460289597,16:18:09.597,ADA/USDT:USDT,0.7835,40534.0,0.7836,6196.0,0.7836,586543530.0,470628622.0137
1753460289697,16:18:09.697,ADA/USDT:USDT,0.7835,17476.0,0.7836,6196.0,0.7836,586543530.0,470628622.0137
1753460289797,16:18:09.797,ADA/USDT:USDT,0.7835,22395.0,0.7836,5514.0,0.7836,586543530.0,470628622.0137
1753460289897,16:18:09.897,ADA/USDT:USDT,0.7835,21048.0,0.7836,5514.0,0.7835,586544877.0,470629677.3882
1753460289997,16:18:09.997,ADA/USDT:USDT,0.7835,21048.0,0.7836,5514.0,0.7835,586544877.0,470629677.3882
1753460290297,16:18:10.297,ADA/USDT:USDT,0.7836,25004.0,0.7837,17019.0,0.7836,586545418.0,470630101.3158
1753460290397,16:18:10.397,ADA/USDT:USDT,0.7836,35209.0,0.7837,8408.0,0.7837,586545429.0,470630109.9365
1753460290497,16:18:10.497,ADA/USDT:USDT,0.7836,25004.0,0.7837,8408.0,0.7837,586545429.0,470630109.9365
1753460290697,16:18:10.697,ADA/USDT:USDT,0.7837,43123.0,0.7838,3328.0,0.7837,586545466.0,470630138.9334
1753460290897,16:18:10.897,ADA/USDT:USDT,0.7837,34195.0,0.7838,3328.0,0.7837,586545466.0,470630138.9334
1753460290997,16:18:10.997,ADA/USDT:USDT,0.7837,24581.0,0.7838,14.0,0.7837,586545466.0,470630138.9334
1753460291097,16:18:11.097,ADA/USDT:USDT,0.7837,37895.0,0.7838,7.0,0.7837,586545466.0,470630138.9334
1753460291397,16:18:11.397,ADA/USDT:USDT,0.7838,35600.0,0.7839,1467.0,0.7838,586545473.0,470630144.42
1753460291497,16:18:11.497,ADA/USDT:USDT,0.7838,29782.0,0.7839,4301.0,0.7838,586545473.0,470630144.42
1753460291598,16:18:11.598,ADA/USDT:USDT,0.7838,29782.0,0.7839,4301.0,0.7838,586545473.0,470630144.42
1753460291698,16:18:11.698,ADA/USDT:USDT,0.7838,22134.0,0.7839,12957.0,0.7838,586545473.0,470630144.42
1753460291897,16:18:11.897,ADA/USDT:USDT,0.7838,22134.0,0.7839,4301.0,0.7838,586545473.0,470630144.42
1753460291998,16:18:11.998,ADA/USDT:USDT,0.7838,22134.0,0.7839,6637.0,0.7838,586545473.0,470630144.42
1753460292097,16:18:12.097,ADA/USDT:USDT,0.7838,22134.0,0.7839,1123.0,0.7838,586545473.0,470630144.42
1753460292197,16:18:12.197,ADA/USDT:USDT,0.7839,48937.0,0.784,2169.0,0.7839,586546596.0,470631024.7397
1753460292297,16:18:12.297,ADA/USDT:USDT,0.7839,41065.0,0.784,2155.0,0.7839,586546596.0,470631024.7397
1753460292497,16:18:12.497,ADA/USDT:USDT,0.7839,38809.0,0.784,2155.0,0.7839,586546596.0,470631024.7397
1753460292598,16:18:12.598,ADA/USDT:USDT,0.7839,27883.0,0.784,2155.0,0.7839,586546596.0,470631024.7397
1753460292697,16:18:12.697,ADA/USDT:USDT,0.784,26137.0,0.7841,6160.0,0.7841,586551596.0,470634945.0242
1753460292797,16:18:12.797,ADA/USDT:USDT,0.784,26137.0,0.7841,9.0,0.7841,586551596.0,470634945.0242
1753460292897,16:18:12.897,ADA/USDT:USDT,0.784,12922.0,0.7841,20149.0,0.7841,586551596.0,470634945.0242
1753460292997,16:18:12.997,ADA/USDT:USDT,0.784,7408.0,0.7841,24508.0,0.7841,586551621.0,470634964.6267
1753460293097,16:18:13.097,ADA/USDT:USDT,0.7839,19959.0,0.784,24013.0,0.7841,586551621.0,470634964.6267
1753460293197,16:18:13.197,ADA/USDT:USDT,0.784,24602.0,0.7841,11713.0,0.7841,586551621.0,470634964.6267
1753460293297,16:18:13.297,ADA/USDT:USDT,0.784,19088.0,0.7841,20162.0,0.7841,586551621.0,470634964.6267
1753460293398,16:18:13.398,ADA/USDT:USDT,0.784,23877.0,0.7841,24987.0,0.7841,586551621.0,470634964.6267
1753460293497,16:18:13.497,ADA/USDT:USDT,0.784,18363.0,0.7841,25960.0,0.7841,586551621.0,470634964.6267
1753460293597,16:18:13.597,ADA/USDT:USDT,0.784,18363.0,0.7841,25323.0,0.7841,586551621.0,470634964.6267
1753460293697,16:18:13.697,ADA/USDT:USDT,0.784,23877.0,0.7841,10102.0,0.7841,586551621.0,470634964.6267
1753460293797,16:18:13.797,ADA/USDT:USDT,0.784,26137.0,0.7841,77.0,0.7841,586551621.0,470634964.6267
1753460293897,16:18:13.897,ADA/USDT:USDT,0.784,26137.0,0.7841,65.0,0.7841,586551621.0,470634964.6267
1753460294198,16:18:14.198,ADA/USDT:USDT,0.784,25059.0,0.7841,65.0,0.7841,586551621.0,470634964.6267
1753460294297,16:18:14.297,ADA/USDT:USDT,0.784,23929.0,0.7841,65.0,0.7841,586551621.0,470634964.6267
1753460294397,16:18:14.397,ADA/USDT:USDT,0.784,52.0,0.7841,29336.0,0.7841,586551621.0,470634964.6267
1753460294497,16:18:14.497,ADA/USDT:USDT,0.784,52.0,0.7841,31404.0,0.7841,586551621.0,470634964.6267
1753460294597,16:18:14.597,ADA/USDT:USDT,0.784,52.0,0.7841,31404.0,0.7841,586551621.0,470634964.6267
1753460294697,16:18:14.697,ADA/USDT:USDT,0.7838,10258.0,0.7839,8338.0,0.784,586551673.0,470635005.3947
1753460294798,16:18:14.798,ADA/USDT:USDT,0.7838,19386.0,0.7839,7055.0,0.784,586551673.0,470635005.3947
1753460294897,16:18:14.897,ADA/USDT:USDT,0.7838,18606.0,0.7839,7077.0,0.784,586551673.0,470635005.3947
1753460294997,16:18:14.997,ADA/USDT:USDT,0.7838,11910.0,0.7839,23117.0,0.7838,586552045.0,470635296.9683
1753460295097,16:18:15.097,ADA/USDT:USDT,0.7838,11564.0,0.7839,19718.0,0.7838,586552045.0,470635296.9683
1753460295197,16:18:15.197,ADA/USDT:USDT,0.7838,704.0,0.7839,20355.0,0.7838,586552045.0,470635296.9683
1753460295297,16:18:15.297,ADA/USDT:USDT,0.7838,22.0,0.7839,21678.0,0.7838,586552045.0,470635296.9683
1753460295498,16:18:15.498,ADA/USDT:USDT,0.7838,17219.0,0.7839,20276.0,0.7838,586552045.0,470635296.9683
1753460295597,16:18:15.597,ADA/USDT:USDT,0.7838,19405.0,0.7839,4583.0,0.7838,586552045.0,470635296.9683
1753460295697,16:18:15.697,ADA/USDT:USDT,0.7839,18966.0,0.784,44304.0,0.7838,586552045.0,470635296.9683
1753460295797,16:18:15.797,ADA/USDT:USDT,0.7838,17219.0,0.7839,15288.0,0.7838,586552045.0,470635296.9683
1753460295897,16:18:15.897,ADA/USDT:USDT,0.7838,22.0,0.7839,27639.0,0.7838,586552045.0,470635296.9683
1753460295997,16:18:15.997,ADA/USDT:USDT,0.7838,22.0,0.7839,30975.0,0.7838,586552045.0,470635296.9683
1753460296097,16:18:16.097,ADA/USDT:USDT,0.7837,1299.0,0.7838,3246.0,0.7838,586552067.0,470635314.2119
1753460296197,16:18:16.197,ADA/USDT:USDT,0.7837,1276.0,0.7838,70134.0,0.7838,586552067.0,470635314.2119
1753460296297,16:18:16.297,ADA/USDT:USDT,0.7836,22609.0,0.7837,27198.0,0.7837,586553343.0,470636314.2131
1753460296397,16:18:16.397,ADA/USDT:USDT,0.7837,36301.0,0.7838,12721.0,0.7837,586553343.0,470636314.2131
1753460296497,16:18:16.497,ADA/USDT:USDT,0.7837,36301.0,0.7838,15847.0,0.7837,586553343.0,470636314.2131
1753460296597,16:18:16.597,ADA/USDT:USDT,0.7837,35181.0,0.7838,5514.0,0.7837,586553343.0,470636314.2131
1753460296697,16:18:16.697,ADA/USDT:USDT,0.7838,21176.0,0.7839,54873.0,0.7837,586553343.0,470636314.2131
1753460296797,16:18:16.797,ADA/USDT:USDT,0.7838,12196.0,0.7839,32808.0,0.7837,586553343.0,470636314.2131
1753460296898,16:18:16.898,ADA/USDT:USDT,0.7837,39277.0,0.7838,6239.0,0.7837,586553343.0,470636314.2131
1753460296997,16:18:16.997,ADA/USDT:USDT,0.7838,25806.0,0.7839,18701.0,0.7837,586553343.0,470636314.2131
1753460297097,16:18:17.097,ADA/USDT:USDT,0.7838,26926.0,0.7839,7466.0,0.7837,586553343.0,470636314.2131
1753460297198,16:18:17.198,ADA/USDT:USDT,0.7838,24846.0,0.7839,7466.0,0.7837,586553343.0,470636314.2131
1753460297298,16:18:17.298,ADA/USDT:USDT,0.7838,24846.0,0.7839,7806.0,0.7837,586553343.0,470636314.2131
1753460297397,16:18:17.397,ADA/USDT:USDT,0.7838,25892.0,0.7839,4276.0,0.7837,586553343.0,470636314.2131
1753460297497,16:18:17.497,ADA/USDT:USDT,0.7838,25892.0,0.7839,558.0,0.7837,586553343.0,470636314.2131
1753460297598,16:18:17.598,ADA/USDT:USDT,0.7838,26948.0,0.7839,527.0,0.7837,586553343.0,470636314.2131
1753460297697,16:18:17.697,ADA/USDT:USDT,0.7839,40373.0,0.784,7.0,0.7839,586553870.0,470636727.3284
1753460297797,16:18:17.797,ADA/USDT:USDT,0.7839,38325.0,0.784,3253.0,0.7839,586553870.0,470636727.3284
1753460297897,16:18:17.897,ADA/USDT:USDT,0.7839,40373.0,0.784,7.0,0.7839,586553870.0,470636727.3284
1753460297997,16:18:17.997,ADA/USDT:USDT,0.7841,50997.0,0.7842,12083.0,0.7841,586554349.0,470637102.9116
1753460298097,16:18:18.097,ADA/USDT:USDT,0.7841,40148.0,0.7842,5548.0,0.7841,586554349.0,470637102.9116
1753460298197,16:18:18.197,ADA/USDT:USDT,0.7841,39028.0,0.7842,5548.0,0.7841,586554349.0,470637102.9116
1753460298397,16:18:18.397,ADA/USDT:USDT,0.7841,39028.0,0.7842,34.0,0.7841,586554349.0,470637102.9116
1753460298497,16:18:18.497,ADA/USDT:USDT,0.7841,37959.0,0.7842,5548.0,0.7841,586555418.0,470637941.1145
1753460298597,16:18:18.597,ADA/USDT:USDT,0.7841,37959.0,0.7842,34.0,0.7841,586555418.0,470637941.1145
1753460298697,16:18:18.697,ADA/USDT:USDT,0.7841,39401.0,0.7842,34.0,0.7841,586555870.0,470638295.5277
1753460298797,16:18:18.797,ADA/USDT:USDT,0.7842,42932.0,0.7843,493.0,0.7843,586555947.0,470638355.9154
1753460298897,16:18:18.897,ADA/USDT:USDT,0.7842,42932.0,0.7843,6007.0,0.7843,586555947.0,470638355.9154
1753460298997,16:18:18.997,ADA/USDT:USDT,0.7842,21335.0,0.7843,11285.0,0.7843,586555947.0,470638355.9154
1753460299097,16:18:19.097,ADA/USDT:USDT,0.7842,17050.0,0.7843,8087.0,0.7843,586555947.0,470638355.9154
1753460299197,16:18:19.197,ADA/USDT:USDT,0.7842,21378.0,0.7843,20.0,0.7843,586555947.0,470638355.9154
1753460299597,16:18:19.597,ADA/USDT:USDT,0.7842,23178.0,0.7843,20.0,0.7843,586555947.0,470638355.9154
1753460299697,16:18:19.697,ADA/USDT:USDT,0.7843,45587.0,0.7844,14504.0,0.7843,586555967.0,470638371.6014
1753460299797,16:18:19.797,ADA/USDT:USDT,0.7843,45587.0,0.7844,14420.0,0.7843,586555967.0,470638371.6014
1753460299997,16:18:19.997,ADA/USDT:USDT,0.7843,46486.0,0.7844,14420.0,0.7843,586555967.0,470638371.6014
1753460300197,16:18:20.197,ADA/USDT:USDT,0.7844,48901.0,0.7845,9165.0,0.7844,586570387.0,470649682.6494
1753460300297,16:18:20.297,ADA/USDT:USDT,0.7844,39901.0,0.7845,9165.0,0.7844,586570387.0,470649682.6494
1753460300397,16:18:20.397,ADA/USDT:USDT,0.7844,47473.0,0.7845,38.0,0.7844,586570387.0,470649682.6494
1753460300597,16:18:20.597,ADA/USDT:USDT,0.7845,34839.0,0.7846,5565.0,0.7845,586570425.0,470649712.4604
1753460300697,16:18:20.697,ADA/USDT:USDT,0.7845,34839.0,0.7846,5565.0,0.7845,586570425.0,470649712.4604
1753460300797,16:18:20.797,ADA/USDT:USDT,0.7845,35866.0,0.7846,51.0,0.7845,586570425.0,470649712.4604
1753460300897,16:18:20.897,ADA/USDT:USDT,0.7845,34839.0,0.7846,5565.0,0.7845,586570425.0,470649712.4604
1753460300997,16:18:20.997,ADA/USDT:USDT,0.7846,631.0,0.7847,30568.0,0.7846,586570476.0,470649752.475
1753460301097,16:18:21.097,ADA/USDT:USDT,0.7846,37876.0,0.7847,9239.0,0.7846,586570476.0,470649752.475
1753460301197,16:18:21.197,ADA/USDT:USDT,0.7846,37896.0,0.7847,6041.0,0.7846,586570476.0,470649752.475
1753460301297,16:18:21.297,ADA/USDT:USDT,0.7846,43410.0,0.7847,6041.0,0.7846,586570476.0,470649752.475
1753460301397,16:18:21.397,ADA/USDT:USDT,0.7846,43410.0,0.7847,5569.0,0.7846,586570476.0,470649752.475
1753460301497,16:18:21.497,ADA/USDT:USDT,0.7846,45358.0,0.7847,55.0,0.7846,586570476.0,470649752.475
1753460301597,16:18:21.597,ADA/USDT:USDT,0.7847,44248.0,0.7848,8729.0,0.7847,586570531.0,470649795.6335
1753460301698,16:18:21.698,ADA/USDT:USDT,0.7847,43596.0,0.7848,59.0,0.7847,586570531.0,470649795.6335
1753460301797,16:18:21.797,ADA/USDT:USDT,0.7848,42191.0,0.7849,3687.0,0.7848,586570590.0,470649841.9367
1753460301897,16:18:21.897,ADA/USDT:USDT,0.7848,42191.0,0.7849,489.0,0.7848,586570590.0,470649841.9367
1753460301997,16:18:21.997,ADA/USDT:USDT,0.7848,23808.0,0.7849,6003.0,0.7848,586570590.0,470649841.9367
1753460302097,16:18:22.097,ADA/USDT:USDT,0.7848,23808.0,0.7849,27.0,0.7848,586570590.0,470649841.9367
1753460302197,16:18:22.197,ADA/USDT:USDT,0.7848,25706.0,0.7849,27.0,0.7848,586570590.0,470649841.9367
1753460302298,16:18:22.298,ADA/USDT:USDT,0.7848,24757.0,0.7849,27.0,0.7848,586570590.0,470649841.9367
1753460302397,16:18:22.397,ADA/USDT:USDT,0.7849,45651.0,0.785,5885.0,0.7849,586570617.0,470649863.129
1753460302498,16:18:22.498,ADA/USDT:USDT,0.7849,23785.0,0.785,8583.0,0.7849,586570617.0,470649863.129
1753460302597,16:18:22.597,ADA/USDT:USDT,0.7849,28559.0,0.785,6503.0,0.7849,586570617.0,470649863.129
1753460302697,16:18:22.697,ADA/USDT:USDT,0.7849,28559.0,0.785,6503.0,0.7849,586570617.0,470649863.129
1753460302797,16:18:22.797,ADA/USDT:USDT,0.7849,28613.0,0.785,6503.0,0.7849,586570617.0,470649863.129
1753460302897,16:18:22.897,ADA/USDT:USDT,0.7849,28613.0,0.785,16389.0,0.7849,586570617.0,470649863.129
1753460302997,16:18:22.997,ADA/USDT:USDT,0.7849,8839.0,0.785,29670.0,0.7849,586570617.0,470649863.129
1753460303097,16:18:23.097,ADA/USDT:USDT,0.7849,13934.0,0.785,30945.0,0.7849,586570617.0,470649863.129
1753460303198,16:18:23.198,ADA/USDT:USDT,0.7849,22110.0,0.785,10004.0,0.7849,586570617.0,470649863.129
1753460303297,16:18:23.297,ADA/USDT:USDT,0.7849,21173.0,0.785,8729.0,0.7849,586570617.0,470649863.129
1753460303397,16:18:23.397,ADA/USDT:USDT,0.7849,22537.0,0.785,989.0,0.7849,586570617.0,470649863.129
1753460303597,16:18:23.597,ADA/USDT:USDT,0.7849,20689.0,0.785,989.0,0.7849,586570617.0,470649863.129
1753460303697,16:18:23.697,ADA/USDT:USDT,0.7849,19395.0,0.785,14349.0,0.7849,586570617.0,470649863.129
1753460303797,16:18:23.797,ADA/USDT:USDT,0.7849,19395.0,0.785,16933.0,0.7849,586570617.0,470649863.129
1753460303898,16:18:23.898,ADA/USDT:USDT,0.7849,19395.0,0.785,16429.0,0.7849,586570617.0,470649863.129
1753460304197,16:18:24.197,ADA/USDT:USDT,0.7849,13893.0,0.785,17836.0,0.785,586574617.0,470653003.129
1753460304298,16:18:24.298,ADA/USDT:USDT,0.7849,13893.0,0.785,19093.0,0.785,586574617.0,470653003.129
1753460304397,16:18:24.397,ADA/USDT:USDT,0.7849,13893.0,0.785,19105.0,0.785,586574617.0,470653003.129
1753460304498,16:18:24.498,ADA/USDT:USDT,0.7849,20619.0,0.785,5526.0,0.785,586574617.0,470653003.129
1753460304597,16:18:24.597,ADA/USDT:USDT,0.7849,20682.0,0.785,5526.0,0.785,586574617.0,470653003.129
1753460305097,16:18:25.097,ADA/USDT:USDT,0.7849,20682.0,0.785,5526.0,0.785,586574617.0,470653003.129
1753460305297,16:18:25.297,ADA/USDT:USDT,0.7849,20619.0,0.785,21756.0,0.785,586574617.0,470653003.129
1753460305398,16:18:25.398,ADA/USDT:USDT,0.7849,20619.0,0.785,7376.0,0.785,586574617.0,470653003.129
1753460305497,16:18:25.497,ADA/USDT:USDT,0.7849,8379.0,0.785,16416.0,0.785,586574617.0,470653003.129
1753460305597,16:18:25.597,ADA/USDT:USDT,0.7848,9137.0,0.7849,30631.0,0.7849,586574671.0,470653045.5136
1753460305697,16:18:25.697,ADA/USDT:USDT,0.7848,17569.0,0.7849,29906.0,0.7849,586574671.0,470653045.5136
1753460305898,16:18:25.898,ADA/USDT:USDT,0.7848,17569.0,0.7849,27540.0,0.7849,586575250.0,470653499.9707
1753460305997,16:18:25.997,ADA/USDT:USDT,0.7848,17569.0,0.7849,30179.0,0.7849,586575250.0,470653499.9707
1753460306098,16:18:26.098,ADA/USDT:USDT,0.7848,32060.0,0.7849,10119.0,0.7849,586575250.0,470653499.9707
1753460306197,16:18:26.197,ADA/USDT:USDT,0.7849,32876.0,0.785,5533.0,0.7849,586575250.0,470653499.9707
1753460306297,16:18:26.297,ADA/USDT:USDT,0.7849,31185.0,0.785,5533.0,0.7849,586575250.0,470653499.9707
1753460306397,16:18:26.397,ADA/USDT:USDT,0.7849,30276.0,0.785,5533.0,0.7849,586575250.0,470653499.9707
1753460306497,16:18:26.497,ADA/USDT:USDT,0.7849,21562.0,0.785,17353.0,0.7849,586575250.0,470653499.9707
1753460306597,16:18:26.597,ADA/USDT:USDT,0.7849,10494.0,0.785,31351.0,0.7849,586575250.0,470653499.9707
1753460306697,16:18:26.697,ADA/USDT:USDT,0.7849,10494.0,0.785,32075.0,0.7849,586575250.0,470653499.9707
1753460306997,16:18:26.997,ADA/USDT:USDT,0.7849,17500.0,0.785,29475.0,0.7849,586575250.0,470653499.9707
1753460307097,16:18:27.097,ADA/USDT:USDT,0.7849,19782.0,0.785,10679.0,0.7849,586575250.0,470653499.9707
1753460307197,16:18:27.197,ADA/USDT:USDT,0.7849,19782.0,0.785,6250.0,0.7849,586575250.0,470653499.9707
1753460307397,16:18:27.397,ADA/USDT:USDT,0.7849,18897.0,0.785,6768.0,0.7849,586575250.0,470653499.9707
1753460307497,16:18:27.497,ADA/USDT:USDT,0.7849,17524.0,0.785,9430.0,0.7849,586575250.0,470653499.9707
1753460307597,16:18:27.597,ADA/USDT:USDT,0.7848,5531.0,0.7849,30396.0,0.7849,586575303.0,470653541.5704
1753460307697,16:18:27.697,ADA/USDT:USDT,0.7847,8164.0,0.7848,52033.0,0.7849,586575303.0,470653541.5704
1753460307797,16:18:27.797,ADA/USDT:USDT,0.7847,23273.0,0.7848,40232.0,0.7849,586575303.0,470653541.5704
1753460307897,16:18:27.897,ADA/USDT:USDT,0.7847,8545.0,0.7848,40232.0,0.7849,586575303.0,470653541.5704
1753460307997,16:18:27.997,ADA/USDT:USDT,0.7847,21279.0,0.7848,30172.0,0.7849,586575303.0,470653541.5704
1753460308097,16:18:28.097,ADA/USDT:USDT,0.7848,13647.0,0.7849,36680.0,0.7849,586575303.0,470653541.5704
1753460308197,16:18:28.197,ADA/USDT:USDT,0.7848,20647.0,0.7849,21074.0,0.7849,586575303.0,470653541.5704
1753460308297,16:18:28.297,ADA/USDT:USDT,0.7848,16884.0,0.7849,6270.0,0.7849,586575303.0,470653541.5704
1753460308397,16:18:28.397,ADA/USDT:USDT,0.7848,930.0,0.7849,24672.0,0.7849,586575303.0,470653541.5704
1753460308498,16:18:28.498,ADA/USDT:USDT,0.7847,23359.0,0.7848,6239.0,0.7849,586575303.0,470653541.5704
1753460308597,16:18:28.597,ADA/USDT:USDT,0.7848,14775.0,0.7849,24672.0,0.7849,586575303.0,470653541.5704
1753460308697,16:18:28.697,ADA/USDT:USDT,0.7848,6196.0,0.7849,24672.0,0.7849,586575303.0,470653541.5704
1753460308797,16:18:28.797,ADA/USDT:USDT,0.7848,14192.0,0.7849,21371.0,0.7849,586575303.0,470653541.5704
1753460308897,16:18:28.897,ADA/USDT:USDT,0.7848,16272.0,0.7849,18609.0,0.7849,586575303.0,470653541.5704
1753460308997,16:18:28.997,ADA/USDT:USDT,0.7848,17051.0,0.7849,18609.0,0.7849,586575303.0,470653541.5704
1753460309097,16:18:29.097,ADA/USDT:USDT,0.7848,17051.0,0.7849,8659.0,0.7849,586575303.0,470653541.5704
1753460309197,16:18:29.197,ADA/USDT:USDT,0.7848,21077.0,0.7849,11501.0,0.7849,586575303.0,470653541.5704
1753460309297,16:18:29.297,ADA/USDT:USDT,0.7848,17051.0,0.7849,8659.0,0.7849,586575303.0,470653541.5704
1753460309497,16:18:29.497,ADA/USDT:USDT,0.7848,19635.0,0.7849,8659.0,0.7849,586473283.0,470569976.3095
1753460309697,16:18:29.697,ADA/USDT:USDT,0.7848,779.0,0.7849,42352.0,0.7849,586473283.0,470569976.3095
1753460309798,16:18:29.798,ADA/USDT:USDT,0.7848,13701.0,0.7849,30575.0,0.7849,586473283.0,470569976.3095
1753460310097,16:18:30.097,ADA/USDT:USDT,0.7848,20874.0,0.7849,17888.0,0.7849,586473283.0,470569976.3095
1753460310197,16:18:30.197,ADA/USDT:USDT,0.7848,25374.0,0.7849,10285.0,0.7849,586473283.0,470569976.3095
1753460310297,16:18:30.297,ADA/USDT:USDT,0.7848,20874.0,0.7849,11243.0,0.7849,586473283.0,470569976.3095
1753460310397,16:18:30.397,ADA/USDT:USDT,0.7848,779.0,0.7849,30251.0,0.7849,586473283.0,470569976.3095
1753460310497,16:18:30.497,ADA/USDT:USDT,0.7848,24132.0,0.7849,10251.0,0.7849,586473283.0,470569976.3095
1753460310597,16:18:30.597,ADA/USDT:USDT,0.7848,24132.0,0.7849,8807.0,0.7849,586473283.0,470569976.3095
1753460310698,16:18:30.698,ADA/USDT:USDT,0.7848,24132.0,0.7849,6583.0,0.7849,586473283.0,470569976.3095
1753460310797,16:18:30.797,ADA/USDT:USDT,0.7848,24132.0,0.7849,6483.0,0.7849,586473383.0,470570054.7995
1753460310897,16:18:30.897,ADA/USDT:USDT,0.7849,43094.0,0.785,8285.0,0.7849,586476629.0,470572602.5849
1753460310997,16:18:30.997,ADA/USDT:USDT,0.7849,43904.0,0.785,8285.0,0.7849,586476629.0,470572602.5849
1753460311098,16:18:31.098,ADA/USDT:USDT,0.7849,43878.0,0.785,8285.0,0.7849,586476629.0,470572602.5849
1753460311198,16:18:31.198,ADA/USDT:USDT,0.7849,45682.0,0.785,8285.0,0.7849,586476629.0,470572602.5849
1753460311297,16:18:31.297,ADA/USDT:USDT,0.7849,44780.0,0.785,8285.0,0.7849,586476629.0,470572602.5849
1753460311398,16:18:31.398,ADA/USDT:USDT,0.7849,44837.0,0.785,8285.0,0.7849,586476629.0,470572602.5849
1753460311597,16:18:31.597,ADA/USDT:USDT,0.7849,43935.0,0.785,8285.0,0.7849,586476629.0,470572602.5849
1753460311697,16:18:31.697,ADA/USDT:USDT,0.7849,37200.0,0.785,8278.0,0.7849,586476629.0,470572602.5849
1753460311798,16:18:31.798,ADA/USDT:USDT,0.7849,37206.0,0.785,7918.0,0.785,586476989.0,470572885.1849
1753460311897,16:18:31.897,ADA/USDT:USDT,0.7849,37206.0,0.785,7918.0,0.785,586476989.0,470572885.1849
1753460311997,16:18:31.997,ADA/USDT:USDT,0.7849,9377.0,0.785,37962.0,0.785,586476989.0,470572885.1849
1753460312097,16:18:32.097,ADA/USDT:USDT,0.7849,853.0,0.785,38845.0,0.785,586476989.0,470572885.1849
1753460312197,16:18:32.197,ADA/USDT:USDT,0.7848,8886.0,0.7849,60586.0,0.7849,586477842.0,470573554.7046
1753460312298,16:18:32.298,ADA/USDT:USDT,0.7848,23254.0,0.7849,48157.0,0.7849,586477842.0,470573554.7046
1753460312397,16:18:32.397,ADA/USDT:USDT,0.7847,8.0,0.7848,67790.0,0.7848,586477856.0,470573565.6918
1753460312497,16:18:32.497,ADA/USDT:USDT,0.7847,12621.0,0.7848,39682.0,0.7848,586477856.0,470573565.6918
1753460312597,16:18:32.597,ADA/USDT:USDT,0.7847,8.0,0.7848,40358.0,0.7848,586477856.0,470573565.6918
1753460312797,16:18:32.797,ADA/USDT:USDT,0.7846,7379.0,0.7847,55266.0,0.7847,586477864.0,470573571.9694
1753460312897,16:18:32.897,ADA/USDT:USDT,0.7846,22.0,0.7847,47883.0,0.7847,586477864.0,470573571.9694
1753460312997,16:18:32.997,ADA/USDT:USDT,0.7847,37064.0,0.7848,20495.0,0.7847,586481090.0,470576103.4116
1753460313097,16:18:33.097,ADA/USDT:USDT,0.7847,37064.0,0.7848,4083.0,0.7847,586481090.0,470576103.4116
1753460313197,16:18:33.197,ADA/USDT:USDT,0.7847,20194.0,0.7848,8106.0,0.7847,586481090.0,470576103.4116
1753460313297,16:18:33.297,ADA/USDT:USDT,0.7847,7408.0,0.7848,35299.0,0.7847,586481090.0,470576103.4116
1753460313397,16:18:33.397,ADA/USDT:USDT,0.7845,79037.0,0.7847,49650.0,0.7846,586481217.0,470576203.0558
1753460313497,16:18:33.497,ADA/USDT:USDT,0.7845,19260.0,0.7846,25266.0,0.7846,586481217.0,470576203.0558
1753460313597,16:18:33.597,ADA/USDT:USDT,0.7845,1284.0,0.7846,28422.0,0.7846,586481217.0,470576203.0558
1753460313697,16:18:33.697,ADA/USDT:USDT,0.7845,1284.0,0.7846,29270.0,0.7846,586481217.0,470576203.0558
1753460313797,16:18:33.797,ADA/USDT:USDT,0.7844,28767.0,0.7845,39512.0,0.7845,586482501.0,470577210.3538
1753460313897,16:18:33.897,ADA/USDT:USDT,0.7844,21858.0,0.7845,52267.0,0.7844,586482745.0,470577401.7474
1753460313997,16:18:33.997,ADA/USDT:USDT,0.7844,21858.0,0.7845,53541.0,0.7844,586482745.0,470577401.7474
1753460314098,16:18:34.098,ADA/USDT:USDT,0.7844,718.0,0.7845,53541.0,0.7844,586482745.0,470577401.7474
1753460314197,16:18:34.197,ADA/USDT:USDT,0.7844,27897.0,0.7845,38717.0,0.7844,586482745.0,470577401.7474
1753460314298,16:18:34.298,ADA/USDT:USDT,0.7845,6196.0,0.7846,31125.0,0.7844,586482745.0,470577401.7474
1753460314397,16:18:34.397,ADA/USDT:USDT,0.7845,19820.0,0.7846,17845.0,0.7844,586482745.0,470577401.7474
1753460314497,16:18:34.497,ADA/USDT:USDT,0.7845,8856.0,0.7846,22695.0,0.7844,586482745.0,470577401.7474
1753460314597,16:18:34.597,ADA/USDT:USDT,0.7845,8943.0,0.7846,17941.0,0.7844,586482745.0,470577401.7474
1753460314697,16:18:34.697,ADA/USDT:USDT,0.7845,9626.0,0.7846,7934.0,0.7844,586482745.0,470577401.7474
1753460314797,16:18:34.797,ADA/USDT:USDT,0.7845,32525.0,0.7846,6682.0,0.7844,586482745.0,470577401.7474
1753460314897,16:18:34.897,ADA/USDT:USDT,0.7845,30797.0,0.7846,6682.0,0.7844,586482745.0,470577401.7474
1753460314997,16:18:34.997,ADA/USDT:USDT,0.7845,4246.0,0.7846,28960.0,0.7844,586482745.0,470577401.7474
1753460315097,16:18:35.097,ADA/USDT:USDT,0.7844,62561.0,0.7845,6239.0,0.7844,586482745.0,470577401.7474
1753460315198,16:18:35.198,ADA/USDT:USDT,0.7844,28692.0,0.7845,12965.0,0.7844,586482745.0,470577401.7474
1753460315297,16:18:35.297,ADA/USDT:USDT,0.7844,28692.0,0.7845,6239.0,0.7844,586482745.0,470577401.7474
1753460315397,16:18:35.397,ADA/USDT:USDT,0.7845,42206.0,0.7846,9845.0,0.7844,586482745.0,470577401.7474
1753460315497,16:18:35.497,ADA/USDT:USDT,0.7845,43132.0,0.7846,4331.0,0.7844,586482745.0,470577401.7474
1753460315597,16:18:35.597,ADA/USDT:USDT,0.7845,43961.0,0.7846,1175.0,0.7844,586482745.0,470577401.7474
1753460315697,16:18:35.697,ADA/USDT:USDT,0.7845,43961.0,0.7846,1168.0,0.7844,586482745.0,470577401.7474
1753460315897,16:18:35.897,ADA/USDT:USDT,0.7845,42233.0,0.7846,5234.0,0.7844,586482745.0,470577401.7474
1753460316097,16:18:36.097,ADA/USDT:USDT,0.7845,42233.0,0.7846,1168.0,0.7844,586482745.0,470577401.7474
1753460316197,16:18:36.197,ADA/USDT:USDT,0.7845,35599.0,0.7846,6682.0,0.7844,586482745.0,470577401.7474
1753460316297,16:18:36.297,ADA/USDT:USDT,0.7845,29325.0,0.7846,6682.0,0.7844,586482745.0,470577401.7474
1753460316397,16:18:36.397,ADA/USDT:USDT,0.7845,728.0,0.7846,39425.0,0.7844,586482745.0,470577401.7474
1753460316497,16:18:36.497,ADA/USDT:USDT,0.7845,46.0,0.7846,39425.0,0.7844,586482745.0,470577401.7474
1753460316697,16:18:36.697,ADA/USDT:USDT,0.7845,7538.0,0.7846,28574.0,0.7844,586482745.0,470577401.7474
1753460316797,16:18:36.797,ADA/USDT:USDT,0.7845,22383.0,0.7846,9838.0,0.7844,586482745.0,470577401.7474
1753460316897,16:18:36.897,ADA/USDT:USDT,0.7847,25957.0,0.7848,28439.0,0.7846,586483913.0,470578318.1602
1753460316997,16:18:36.997,ADA/USDT:USDT,0.7847,20007.0,0.7848,26359.0,0.7846,586483913.0,470578318.1602
1753460317097,16:18:37.097,ADA/USDT:USDT,0.7847,8876.0,0.7848,20447.0,0.7846,586483913.0,470578318.1602
1753460317198,16:18:37.198,ADA/USDT:USDT,0.7847,8876.0,0.7848,20204.0,0.7846,586483913.0,470578318.1602
1753460317297,16:18:37.297,ADA/USDT:USDT,0.7847,8876.0,0.7848,17004.0,0.7846,586483913.0,470578318.1602
1753460317397,16:18:37.397,ADA/USDT:USDT,0.7847,8876.0,0.7848,17222.0,0.7846,586483913.0,470578318.1602
1753460317497,16:18:37.497,ADA/USDT:USDT,0.7847,24098.0,0.7848,359.0,0.7848,586483924.0,470578326.793
1753460317597,16:18:37.597,ADA/USDT:USDT,0.7847,19227.0,0.7848,5873.0,0.7848,586483924.0,470578326.793
1753460317797,16:18:37.797,ADA/USDT:USDT,0.7847,8876.0,0.7848,13446.0,0.7848,586483924.0,470578326.793
1753460317897,16:18:37.897,ADA/USDT:USDT,0.7847,7428.0,0.7848,22296.0,0.7848,586483924.0,470578326.793
1753460317997,16:18:37.997,ADA/USDT:USDT,0.7847,702.0,0.7848,29010.0,0.7848,586483924.0,470578326.793
1753460318097,16:18:38.097,ADA/USDT:USDT,0.7846,696.0,0.7847,67060.0,0.7847,586483944.0,470578342.487
1753460318197,16:18:38.197,ADA/USDT:USDT,0.7846,6210.0,0.7847,57198.0,0.7847,586483944.0,470578342.487
1753460318297,16:18:38.297,ADA/USDT:USDT,0.7846,12936.0,0.7847,46467.0,0.7847,586483944.0,470578342.487
1753460318497,16:18:38.497,ADA/USDT:USDT,0.7846,22139.0,0.7847,35186.0,0.7847,586483944.0,470578342.487
1753460318597,16:18:38.597,ADA/USDT:USDT,0.7846,22139.0,0.7847,25751.0,0.7847,586483944.0,470578342.487
1753460318697,16:18:38.697,ADA/USDT:USDT,0.7846,22125.0,0.7847,11539.0,0.7847,586483944.0,470578342.487
1753460318798,16:18:38.798,ADA/USDT:USDT,0.7846,14042.0,0.7847,21670.0,0.7847,586483944.0,470578342.487
1753460318897,16:18:38.897,ADA/USDT:USDT,0.7846,12922.0,0.7847,21670.0,0.7847,586483944.0,470578342.487
1753460318997,16:18:38.997,ADA/USDT:USDT,0.7846,16345.0,0.7847,9156.0,0.7847,586483944.0,470578342.487
1753460319097,16:18:39.097,ADA/USDT:USDT,0.7847,22390.0,0.7848,29891.0,0.7847,586483944.0,470578342.487
1753460319197,16:18:39.197,ADA/USDT:USDT,0.7847,24086.0,0.7848,5868.0,0.7847,586483944.0,470578342.487
1753460319297,16:18:39.297,ADA/USDT:USDT,0.7847,6196.0,0.7848,38775.0,0.7847,586483944.0,470578342.487
1753460319498,16:18:39.498,ADA/USDT:USDT,0.7846,6210.0,0.7847,7594.0,0.7847,586483944.0,470578342.487
1753460319597,16:18:39.597,ADA/USDT:USDT,0.7846,6210.0,0.7847,8098.0,0.7847,586483944.0,470578342.487
1753460319697,16:18:39.697,ADA/USDT:USDT,0.7846,6196.0,0.7847,11296.0,0.7847,586483944.0,470578342.487
1753460319997,16:18:39.997,ADA/USDT:USDT,0.7845,14233.0,0.7846,6942.0,0.7847,586483944.0,470578342.487
1753460320197,16:18:40.197,ADA/USDT:USDT,0.7845,14233.0,0.7846,6217.0,0.7847,586483944.0,470578342.487
1753460320297,16:18:40.297,ADA/USDT:USDT,0.7845,14233.0,0.7846,16254.0,0.7847,586483944.0,470578342.487
1753460320597,16:18:40.597,ADA/USDT:USDT,0.7845,1311.0,0.7846,17051.0,0.7847,586483944.0,470578342.487
1753460320698,16:18:40.698,ADA/USDT:USDT,0.7844,12798.0,0.7845,38114.0,0.7844,586485415.0,470579496.4705
1753460320797,16:18:40.797,ADA/USDT:USDT,0.7843,7441.0,0.7844,35538.0,0.7844,586485482.0,470579549.0253
1753460320897,16:18:40.897,ADA/USDT:USDT,0.7842,10014.0,0.7843,13536.0,0.7843,586485515.0,470579574.9072
1753460320997,16:18:40.997,ADA/USDT:USDT,0.7841,20058.0,0.7842,31905.0,0.7842,586485620.0,470579657.2482
1753460321097,16:18:41.097,ADA/USDT:USDT,0.7841,20058.0,0.7842,32079.0,0.7842,586485620.0,470579657.2482
1753460321197,16:18:41.197,ADA/USDT:USDT,0.7841,20058.0,0.7842,31347.0,0.7842,586485620.0,470579657.2482
1753460321297,16:18:41.297,ADA/USDT:USDT,0.7841,20058.0,0.7842,31614.0,0.7842,586485620.0,470579657.2482
1753460321398,16:18:41.398,ADA/USDT:USDT,0.7841,20058.0,0.7842,33620.0,0.7842,586485620.0,470579657.2482
1753460321497,16:18:41.497,ADA/USDT:USDT,0.7841,20058.0,0.7842,32888.0,0.7842,586485620.0,470579657.2482
1753460321597,16:18:41.597,ADA/USDT:USDT,0.7841,20058.0,0.7842,33079.0,0.7842,586485620.0,470579657.2482
1753460321797,16:18:41.797,ADA/USDT:USDT,0.7841,34176.0,0.7842,5972.0,0.7841,586486730.0,470580527.5992
1753460321897,16:18:41.897,ADA/USDT:USDT,0.7843,12922.0,0.7844,19440.0,0.7842,586487188.0,470580886.7628
1753460321997,16:18:41.997,ADA/USDT:USDT,0.7843,682.0,0.7844,18470.0,0.7842,586487188.0,470580886.7628
1753460322097,16:18:42.097,ADA/USDT:USDT,0.7842,13137.0,0.7843,18454.0,0.7842,586487188.0,470580886.7628
1753460322197,16:18:42.197,ADA/USDT:USDT,0.7842,6210.0,0.7843,19189.0,0.7842,586487188.0,470580886.7628
1753460322297,16:18:42.297,ADA/USDT:USDT,0.7842,14.0,0.7843,22387.0,0.7842,586487188.0,470580886.7628
1753460322397,16:18:42.397,ADA/USDT:USDT,0.7842,14.0,0.7843,21687.0,0.7842,586487188.0,470580886.7628
1753460322498,16:18:42.498,ADA/USDT:USDT,0.7842,14.0,0.7843,22387.0,0.7842,586487188.0,470580886.7628
1753460322797,16:18:42.797,ADA/USDT:USDT,0.7842,14.0,0.7843,23661.0,0.7842,586487188.0,470580886.7628
1753460323097,16:18:43.097,ADA/USDT:USDT,0.7842,14.0,0.7843,22961.0,0.7842,586487188.0,470580886.7628
1753460323197,16:18:43.197,ADA/USDT:USDT,0.7842,8.0,0.7843,25687.0,0.7842,586487194.0,470580891.468
1753460323297,16:18:43.297,ADA/USDT:USDT,0.7842,8.0,0.7843,26373.0,0.7842,586487194.0,470580891.468
1753460323597,16:18:43.597,ADA/USDT:USDT,0.7842,8.0,0.7843,25652.0,0.7842,586487194.0,470580891.468
1753460323697,16:18:43.697,ADA/USDT:USDT,0.7841,30078.0,0.7842,5514.0,0.7842,586487194.0,470580891.468
1753460323797,16:18:43.797,ADA/USDT:USDT,0.7841,29392.0,0.7842,4494.0,0.7842,586488214.0,470581691.352
1753460323897,16:18:43.897,ADA/USDT:USDT,0.7842,12922.0,0.7843,31061.0,0.7842,586488214.0,470581691.352
1753460323997,16:18:43.997,ADA/USDT:USDT,0.7842,6196.0,0.7843,32721.0,0.7842,586488214.0,470581691.352
1753460324097,16:18:44.097,ADA/USDT:USDT,0.7841,18266.0,0.7842,26635.0,0.7842,586488214.0,470581691.352
1753460324197,16:18:44.197,ADA/USDT:USDT,0.7841,14159.0,0.7842,30884.0,0.7842,586494871.0,470586911.3607
1753460324297,16:18:44.297,ADA/USDT:USDT,0.7841,14159.0,0.7842,30916.0,0.7842,586494871.0,470586911.3607
1753460324397,16:18:44.397,ADA/USDT:USDT,0.784,12995.0,0.7841,41361.0,0.7841,586509030.0,470598013.4326
1753460324497,16:18:44.497,ADA/USDT:USDT,0.784,14115.0,0.7841,32690.0,0.7841,586509030.0,470598013.4326
1753460324597,16:18:44.597,ADA/USDT:USDT,0.784,12995.0,0.7841,32186.0,0.7841,586509030.0,470598013.4326
1753460324697,16:18:44.697,ADA/USDT:USDT,0.784,12995.0,0.7841,27415.0,0.7841,586509030.0,470598013.4326
1753460324797,16:18:44.797,ADA/USDT:USDT,0.784,2206.0,0.7841,27415.0,0.7841,586509030.0,470598013.4326
1753460324997,16:18:44.997,ADA/USDT:USDT,0.784,34688.0,0.7841,8712.0,0.7841,586509030.0,470598013.4326
1753460325097,16:18:45.097,ADA/USDT:USDT,0.784,34688.0,0.7841,5514.0,0.7841,586509030.0,470598013.4326
1753460325197,16:18:45.197,ADA/USDT:USDT,0.7841,19333.0,0.7842,12738.0,0.7841,586509030.0,470598013.4326
1753460325297,16:18:45.297,ADA/USDT:USDT,0.7841,19333.0,0.7842,14938.0,0.7841,586509030.0,470598013.4326
1753460325397,16:18:45.397,ADA/USDT:USDT,0.784,15627.0,0.7841,5514.0,0.7841,586509030.0,470598013.4326
1753460325698,16:18:45.698,ADA/USDT:USDT,0.784,15613.0,0.7841,5514.0,0.7841,586509030.0,470598013.4326
1753460325797,16:18:45.797,ADA/USDT:USDT,0.784,2253.0,0.7841,10031.0,0.7841,586509030.0,470598013.4326
1753460325897,16:18:45.897,ADA/USDT:USDT,0.784,2253.0,0.7841,10668.0,0.7841,586509030.0,470598013.4326
1753460325997,16:18:45.997,ADA/USDT:USDT,0.784,14493.0,0.7841,9986.0,0.7841,586509030.0,470598013.4326
1753460326097,16:18:46.097,ADA/USDT:USDT,0.784,14493.0,0.7841,8712.0,0.7841,586509030.0,470598013.4326
1753460326197,16:18:46.197,ADA/USDT:USDT,0.784,8979.0,0.7841,9216.0,0.7841,586509030.0,470598013.4326
1753460326297,16:18:46.297,ADA/USDT:USDT,0.784,2253.0,0.7841,9853.0,0.7841,586509030.0,470598013.4326
1753460326397,16:18:46.397,ADA/USDT:USDT,0.784,2253.0,0.7841,10490.0,0.7841,586509030.0,470598013.4326
1753460326598,16:18:46.598,ADA/USDT:USDT,0.784,2253.0,0.7841,9853.0,0.7841,586509030.0,470598013.4326
1753460326697,16:18:46.697,ADA/USDT:USDT,0.784,7752.0,0.7841,9853.0,0.7841,586509030.0,470598013.4326
1753460326797,16:18:46.797,ADA/USDT:USDT,0.784,2238.0,0.7841,9853.0,0.7841,586509030.0,470598013.4326
1753460326897,16:18:46.897,ADA/USDT:USDT,0.784,2238.0,0.7841,10490.0,0.7841,586509030.0,470598013.4326
1753460326997,16:18:46.997,ADA/USDT:USDT,0.784,1556.0,0.7841,31739.0,0.7841,586509030.0,470598013.4326
1753460327097,16:18:47.097,ADA/USDT:USDT,0.7839,9.0,0.784,39775.0,0.784,586510586.0,470599233.3366
1753460327197,16:18:47.197,ADA/USDT:USDT,0.7839,9.0,0.784,50976.0,0.784,586510586.0,470599233.3366
1753460327297,16:18:47.297,ADA/USDT:USDT,0.7839,9.0,0.784,50976.0,0.784,586510586.0,470599233.3366
1753460327397,16:18:47.397,ADA/USDT:USDT,0.7838,49.0,0.7839,53120.0,0.7839,586510595.0,470599240.3917
1753460327497,16:18:47.497,ADA/USDT:USDT,0.7837,5180.0,0.7838,44979.0,0.7838,586510644.0,470599278.7979
1753460327597,16:18:47.597,ADA/USDT:USDT,0.7837,11483.0,0.7838,43096.0,0.7838,586510644.0,470599278.7979
1753460327697,16:18:47.697,ADA/USDT:USDT,0.7837,691.0,0.7838,43096.0,0.7838,586510644.0,470599278.7979
1753460327797,16:18:47.797,ADA/USDT:USDT,0.7836,25706.0,0.7837,5514.0,0.7836,586511669.0,470600082.057
1753460327897,16:18:47.897,ADA/USDT:USDT,0.7836,25706.0,0.7837,5514.0,0.7836,586511669.0,470600082.057
1753460327997,16:18:47.997,ADA/USDT:USDT,0.7836,19224.0,0.7837,17518.0,0.7836,586511669.0,470600082.057
1753460328097,16:18:48.097,ADA/USDT:USDT,0.7836,19224.0,0.7837,21628.0,0.7836,586511669.0,470600082.057
1753460328198,16:18:48.198,ADA/USDT:USDT,0.7836,19224.0,0.7837,21628.0,0.7836,586511669.0,470600082.057
1753460328297,16:18:48.297,ADA/USDT:USDT,0.7836,19224.0,0.7837,22421.0,0.7836,586511669.0,470600082.057
1753460328397,16:18:48.397,ADA/USDT:USDT,0.7836,12498.0,0.7837,18221.0,0.7836,586511669.0,470600082.057
1753460328497,16:18:48.497,ADA/USDT:USDT,0.7836,5309.0,0.7837,18221.0,0.7836,586511669.0,470600082.057
1753460328597,16:18:48.597,ADA/USDT:USDT,0.7836,12537.0,0.7837,18221.0,0.7836,586511669.0,470600082.057
1753460328697,16:18:48.697,ADA/USDT:USDT,0.7836,5309.0,0.7837,21666.0,0.7836,586511669.0,470600082.057
1753460328797,16:18:48.797,ADA/USDT:USDT,0.7836,1723.0,0.7837,21728.0,0.7836,586511669.0,470600082.057
1753460328897,16:18:48.897,ADA/USDT:USDT,0.7836,11818.0,0.7837,23004.0,0.7836,586511669.0,470600082.057
1753460328997,16:18:48.997,ADA/USDT:USDT,0.7836,6511.0,0.7837,30746.0,0.7836,586511669.0,470600082.057
1753460329097,16:18:49.097,ADA/USDT:USDT,0.7836,31517.0,0.7837,8991.0,0.7836,586511669.0,470600082.057
1753460329397,16:18:49.397,ADA/USDT:USDT,0.7836,31517.0,0.7837,9101.0,0.7836,586511669.0,470600082.057
1753460329497,16:18:49.497,ADA/USDT:USDT,0.7836,6511.0,0.7837,25023.0,0.7836,586511669.0,470600082.057
1753460329597,16:18:49.597,ADA/USDT:USDT,0.7836,12489.0,0.7837,17907.0,0.7836,586511669.0,470600082.057
1753460329897,16:18:49.897,ADA/USDT:USDT,0.7836,19215.0,0.7837,15827.0,0.7836,586511669.0,470600082.057
1753460329998,16:18:49.998,ADA/USDT:USDT,0.7836,12489.0,0.7837,16331.0,0.7836,586511669.0,470600082.057
1753460330097,16:18:50.097,ADA/USDT:USDT,0.7836,1723.0,0.7837,20712.0,0.7836,586511669.0,470600082.057
1753460330197,16:18:50.197,ADA/USDT:USDT,0.7836,21718.0,0.7837,15827.0,0.7836,586511669.0,470600082.057
1753460330297,16:18:50.297,ADA/USDT:USDT,0.7836,22511.0,0.7837,9739.0,0.7836,586511669.0,470600082.057
1753460330397,16:18:50.397,ADA/USDT:USDT,0.7836,28025.0,0.7837,9101.0,0.7836,586511669.0,470600082.057
1753460330497,16:18:50.497,ADA/USDT:USDT,0.7837,40245.0,0.7838,5472.0,0.7837,586512058.0,470600386.9163
1753460330597,16:18:50.597,ADA/USDT:USDT,0.7837,25131.0,0.7838,11608.0,0.7838,586512676.0,470600871.3047
1753460330698,16:18:50.698,ADA/USDT:USDT,0.7837,35721.0,0.7838,4875.0,0.7838,586512676.0,470600871.3047
1753460330898,16:18:50.898,ADA/USDT:USDT,0.7837,35721.0,0.7838,4875.0,0.7838,586512676.0,470600871.3047
1753460331198,16:18:51.198,ADA/USDT:USDT,0.7837,35721.0,0.7838,4875.0,0.7838,586512676.0,470600871.3047
1753460331397,16:18:51.397,ADA/USDT:USDT,0.7837,35896.0,0.7838,4847.0,0.7838,586512676.0,470600871.3047
1753460331497,16:18:51.497,ADA/USDT:USDT,0.7837,25941.0,0.7838,4847.0,0.7838,586512676.0,470600871.3047
1753460331697,16:18:51.697,ADA/USDT:USDT,0.7837,20912.0,0.7838,4847.0,0.7838,586512676.0,470600871.3047
1753460331998,16:18:51.998,ADA/USDT:USDT,0.7837,19792.0,0.7838,4847.0,0.7838,586512676.0,470600871.3047
1753460332297,16:18:52.297,ADA/USDT:USDT,0.7837,16295.0,0.7838,25054.0,0.7838,586512676.0,470600871.3047
1753460332397,16:18:52.397,ADA/USDT:USDT,0.7837,857.0,0.7838,27121.0,0.7838,586512676.0,470600871.3047
1753460332497,16:18:52.497,ADA/USDT:USDT,0.7837,857.0,0.7838,25276.0,0.7838,586512676.0,470600871.3047
1753460332597,16:18:52.597,ADA/USDT:USDT,0.7837,175.0,0.7838,25289.0,0.7838,586512676.0,470600871.3047
1753460332697,16:18:52.697,ADA/USDT:USDT,0.7837,857.0,0.7838,25289.0,0.7838,586512676.0,470600871.3047
1753460332797,16:18:52.797,ADA/USDT:USDT,0.7837,34991.0,0.7838,9930.0,0.7838,586512676.0,470600871.3047
1753460332897,16:18:52.897,ADA/USDT:USDT,0.7837,36654.0,0.7838,8016.0,0.7838,586512676.0,470600871.3047
1753460332998,16:18:52.998,ADA/USDT:USDT,0.7837,31822.0,0.7838,4615.0,0.7838,586512676.0,470600871.3047
1753460333098,16:18:53.098,ADA/USDT:USDT,0.7837,25391.0,0.7838,11542.0,0.7838,586512676.0,470600871.3047
1753460333197,16:18:53.197,ADA/USDT:USDT,0.7837,175.0,0.7838,24363.0,0.7838,586512676.0,470600871.3047
1753460333297,16:18:53.297,ADA/USDT:USDT,0.7836,1743.0,0.7837,67126.0,0.7837,586512851.0,470601008.4522
1753460333397,16:18:53.397,ADA/USDT:USDT,0.7836,1048.0,0.7837,82494.0,0.7837,586512851.0,470601008.4522
1753460333497,16:18:53.497,ADA/USDT:USDT,0.7836,1048.0,0.7837,83770.0,0.7837,586512851.0,470601008.4522
1753460333597,16:18:53.597,ADA/USDT:USDT,0.7835,9559.0,0.7836,9773.0,0.7836,586513899.0,470601829.665
1753460333697,16:18:53.697,ADA/USDT:USDT,0.7835,20040.0,0.7836,45150.0,0.7836,586513899.0,470601829.665
1753460333797,16:18:53.797,ADA/USDT:USDT,0.7835,15972.0,0.7836,44556.0,0.7836,586513899.0,470601829.665
1753460333998,16:18:53.998,ADA/USDT:USDT,0.7835,22684.0,0.7836,41274.0,0.7836,586513899.0,470601829.665
1753460334097,16:18:54.097,ADA/USDT:USDT,0.7836,44516.0,0.7837,9554.0,0.7836,586522682.0,470608712.0238
1753460334197,16:18:54.197,ADA/USDT:USDT,0.7836,47334.0,0.7837,160.0,0.7837,586523364.0,470609246.5072
1753460334297,16:18:54.297,ADA/USDT:USDT,0.7836,28205.0,0.7837,5674.0,0.7837,586523364.0,470609246.5072
1753460334397,16:18:54.397,ADA/USDT:USDT,0.7836,682.0,0.7837,40773.0,0.7837,586523364.0,470609246.5072
1753460334498,16:18:54.498,ADA/USDT:USDT,0.7836,2427.0,0.7837,40135.0,0.7837,586523364.0,470609246.5072
1753460334597,16:18:54.597,ADA/USDT:USDT,0.7835,25408.0,0.7836,22573.0,0.7835,586528047.0,470612915.8804
1753460334697,16:18:54.697,ADA/USDT:USDT,0.7835,25408.0,0.7836,22069.0,0.7835,586528047.0,470612915.8804
1753460335097,16:18:55.097,ADA/USDT:USDT,0.7835,25408.0,0.7836,28087.0,0.7835,586528047.0,470612915.8804
1753460335197,16:18:55.197,ADA/USDT:USDT,0.7835,14398.0,0.7836,31445.0,0.7835,586528047.0,470612915.8804
1753460335297,16:18:55.297,ADA/USDT:USDT,0.7835,15244.0,0.7836,33359.0,0.7835,586528047.0,470612915.8804
1753460335397,16:18:55.397,ADA/USDT:USDT,0.7835,21970.0,0.7836,28653.0,0.7835,586528047.0,470612915.8804
1753460335497,16:18:55.497,ADA/USDT:USDT,0.7835,21970.0,0.7836,11530.0,0.7835,586528047.0,470612915.8804
1753460335597,16:18:55.597,ADA/USDT:USDT,0.7835,23735.0,0.7836,202.0,0.7835,586528047.0,470612915.8804
1753460335697,16:18:55.697,ADA/USDT:USDT,0.7836,44854.0,0.7837,8872.0,0.7836,586528249.0,470613074.1676
1753460335797,16:18:55.797,ADA/USDT:USDT,0.7836,46598.0,0.7837,160.0,0.7836,586528249.0,470613074.1676
1753460335898,16:18:55.898,ADA/USDT:USDT,0.7836,44854.0,0.7837,5674.0,0.7836,586528249.0,470613074.1676
1753460335997,16:18:55.997,ADA/USDT:USDT,0.7836,23270.0,0.7837,9604.0,0.7836,586528249.0,470613074.1676
1753460336097,16:18:56.097,ADA/USDT:USDT,0.7836,23245.0,0.7837,5674.0,0.7836,586528249.0,470613074.1676
1753460336297,16:18:56.297,ADA/USDT:USDT,0.7837,16438.0,0.7838,15995.0,0.7836,586528249.0,470613074.1676
1753460336398,16:18:56.398,ADA/USDT:USDT,0.7837,8133.0,0.7838,23756.0,0.7836,586528249.0,470613074.1676
1753460336497,16:18:56.497,ADA/USDT:USDT,0.7837,7408.0,0.7838,21842.0,0.7836,586528249.0,470613074.1676
1753460336597,16:18:56.597,ADA/USDT:USDT,0.7837,682.0,0.7838,24601.0,0.7836,586528249.0,470613074.1676
1753460336697,16:18:56.697,ADA/USDT:USDT,0.7837,38075.0,0.7838,1914.0,0.7838,586528427.0,470613213.684
1753460336797,16:18:56.797,ADA/USDT:USDT,0.7837,26211.0,0.7838,5514.0,0.7838,586528427.0,470613213.684
1753460336897,16:18:56.897,ADA/USDT:USDT,0.7837,16815.0,0.7838,5774.0,0.7837,586528687.0,470613417.446
1753460336997,16:18:56.997,ADA/USDT:USDT,0.7838,13647.0,0.7839,49164.0,0.7837,586528687.0,470613417.446
1753460337097,16:18:57.097,ADA/USDT:USDT,0.7838,13647.0,0.7839,23212.0,0.7837,586528687.0,470613417.446
1753460337197,16:18:57.197,ADA/USDT:USDT,0.7838,422.0,0.7839,23891.0,0.7837,586528687.0,470613417.446
1753460337297,16:18:57.297,ADA/USDT:USDT,0.7838,4490.0,0.7839,23254.0,0.7837,586528687.0,470613417.446
1753460337398,16:18:57.398,ADA/USDT:USDT,0.7838,7148.0,0.7839,25165.0,0.7837,586528687.0,470613417.446
1753460337497,16:18:57.497,ADA/USDT:USDT,0.7838,11216.0,0.7839,23254.0,0.7837,586528687.0,470613417.446
1753460337597,16:18:57.597,ADA/USDT:USDT,0.7838,36671.0,0.7839,5992.0,0.7837,586528687.0,470613417.446
1753460337698,16:18:57.698,ADA/USDT:USDT,0.7838,35826.0,0.7839,5705.0,0.7837,586528687.0,470613417.446
1753460337797,16:18:57.797,ADA/USDT:USDT,0.7838,11251.0,0.7839,15505.0,0.7837,586528687.0,470613417.446
1753460337897,16:18:57.897,ADA/USDT:USDT,0.7838,11251.0,0.7839,14868.0,0.7837,586528687.0,470613417.446
1753460337997,16:18:57.997,ADA/USDT:USDT,0.7838,13331.0,0.7839,12591.0,0.7837,586528687.0,470613417.446
1753460338097,16:18:58.097,ADA/USDT:USDT,0.7838,11429.0,0.7839,15945.0,0.7838,586529191.0,470613812.4812
1753460338198,16:18:58.198,ADA/USDT:USDT,0.7838,11429.0,0.7839,15945.0,0.7838,586529191.0,470613812.4812
1753460338298,16:18:58.298,ADA/USDT:USDT,0.7838,11429.0,0.7839,15308.0,0.7838,586529191.0,470613812.4812
1753460338397,16:18:58.397,ADA/USDT:USDT,0.7838,7505.0,0.7839,30999.0,0.7838,586529191.0,470613812.4812
1753460338497,16:18:58.497,ADA/USDT:USDT,0.7838,179.0,0.7839,31641.0,0.7838,586529191.0,470613812.4812
1753460338597,16:18:58.597,ADA/USDT:USDT,0.7837,1641.0,0.7838,30345.0,0.7837,586532219.0,470616185.5427
1753460338697,16:18:58.697,ADA/USDT:USDT,0.7836,6211.0,0.7837,36870.0,0.7837,586532219.0,470616185.5427
1753460338797,16:18:58.797,ADA/USDT:USDT,0.7836,5529.0,0.7837,37508.0,0.7837,586532219.0,470616185.5427
1753460338898,16:18:58.898,ADA/USDT:USDT,0.7836,15.0,0.7837,37508.0,0.7837,586532219.0,470616185.5427
1753460338997,16:18:58.997,ADA/USDT:USDT,0.7836,15.0,0.7837,40270.0,0.7837,586532219.0,470616185.5427
1753460339098,16:18:59.098,ADA/USDT:USDT,0.7836,15.0,0.7837,38784.0,0.7837,586532219.0,470616185.5427
1753460339197,16:18:59.197,ADA/USDT:USDT,0.7836,275.0,0.7837,39422.0,0.7837,586532219.0,470616185.5427
1753460339297,16:18:59.297,ADA/USDT:USDT,0.7836,19893.0,0.7837,37361.0,0.7837,586532219.0,470616185.5427
1753460339397,16:18:59.397,ADA/USDT:USDT,0.7836,22872.0,0.7837,5849.0,0.7837,586532219.0,470616185.5427
1753460339497,16:18:59.497,ADA/USDT:USDT,0.7836,21973.0,0.7837,5849.0,0.7837,586532219.0,470616185.5427
1753460339697,16:18:59.697,ADA/USDT:USDT,0.7836,21966.0,0.7837,5849.0,0.7837,586532219.0,470616185.5427
1753460339897,16:18:59.897,ADA/USDT:USDT,0.7836,21976.0,0.7837,5849.0,0.7837,586532219.0,470616185.5427
1753460339997,16:18:59.997,ADA/USDT:USDT,0.7836,18.0,0.7837,24031.0,0.7837,586532219.0,470616185.5427
1753460340097,16:19:00.097,ADA/USDT:USDT,0.7835,818.0,0.7836,10868.0,0.7836,586532237.0,470616199.6475
1753460340198,16:19:00.198,ADA/USDT:USDT,0.7834,16820.0,0.7835,11680.0,0.7835,586532245.0,470616205.9155
1753460340297,16:19:00.297,ADA/USDT:USDT,0.7833,6736.0,0.7834,34505.0,0.7834,586533595.0,470617263.5055
1753460340397,16:19:00.397,ADA/USDT:USDT,0.7833,14052.0,0.7834,21686.0,0.7834,586533595.0,470617263.5055
1753460340497,16:19:00.497,ADA/USDT:USDT,0.7833,14052.0,0.7834,6343.0,0.7834,586533595.0,470617263.5055
1753460340597,16:19:00.597,ADA/USDT:USDT,0.7833,10.0,0.7834,13069.0,0.7834,586533595.0,470617263.5055
1753460340698,16:19:00.698,ADA/USDT:USDT,0.7833,42.0,0.7834,20722.0,0.7834,586533595.0,470617263.5055
1753460340797,16:19:00.797,ADA/USDT:USDT,0.7832,308.0,0.7833,16121.0,0.7833,586533637.0,470617296.4041
1753460340897,16:19:00.897,ADA/USDT:USDT,0.7832,308.0,0.7833,19319.0,0.7833,586533637.0,470617296.4041
1753460340997,16:19:00.997,ADA/USDT:USDT,0.7832,308.0,0.7833,18530.0,0.7833,586533637.0,470617296.4041
1753460341098,16:19:01.098,ADA/USDT:USDT,0.7832,10085.0,0.7833,17410.0,0.7833,586533637.0,470617296.4041
1753460341197,16:19:01.197,ADA/USDT:USDT,0.7833,10459.0,0.7834,24018.0,0.7833,586533637.0,470617296.4041
1753460341297,16:19:01.297,ADA/USDT:USDT,0.7832,19443.0,0.7833,5514.0,0.7833,586533637.0,470617296.4041
1753460341497,16:19:01.497,ADA/USDT:USDT,0.7833,19536.0,0.7834,3839.0,0.7833,586533637.0,470617296.4041
1753460341598,16:19:01.598,ADA/USDT:USDT,0.7833,25050.0,0.7834,2519.0,0.7833,586533637.0,470617296.4041
1753460341698,16:19:01.698,ADA/USDT:USDT,0.7833,18416.0,0.7834,9653.0,0.7833,586533637.0,470617296.4041
1753460341797,16:19:01.797,ADA/USDT:USDT,0.7833,11855.0,0.7834,9653.0,0.7833,586533637.0,470617296.4041
1753460341897,16:19:01.897,ADA/USDT:USDT,0.7832,10085.0,0.7833,16667.0,0.7833,586533637.0,470617296.4041
1753460341997,16:19:01.997,ADA/USDT:USDT,0.7832,10085.0,0.7833,16667.0,0.7833,586533637.0,470617296.4041
1753460342097,16:19:02.097,ADA/USDT:USDT,0.7833,48782.0,0.7834,14.0,0.7833,586533637.0,470617296.4041
1753460342197,16:19:02.197,ADA/USDT:USDT,0.7833,38121.0,0.7834,5536.0,0.7833,586533637.0,470617296.4041
1753460342397,16:19:02.397,ADA/USDT:USDT,0.7833,38121.0,0.7834,22.0,0.7833,586533637.0,470617296.4041
1753460342497,16:19:02.497,ADA/USDT:USDT,0.7833,38121.0,0.7834,5536.0,0.7833,586533637.0,470617296.4041
1753460342598,16:19:02.598,ADA/USDT:USDT,0.7833,21041.0,0.7834,20985.0,0.7833,586533637.0,470617296.4041
1753460342697,16:19:02.697,ADA/USDT:USDT,0.7833,6223.0,0.7834,20971.0,0.7833,586533637.0,470617296.4041
1753460342797,16:19:02.797,ADA/USDT:USDT,0.7833,22968.0,0.7834,6065.0,0.7833,586533637.0,470617296.4041
1753460342897,16:19:02.897,ADA/USDT:USDT,0.7833,6223.0,0.7834,29703.0,0.7833,586533637.0,470617296.4041
1753460342997,16:19:02.997,ADA/USDT:USDT,0.7833,27.0,0.7834,33497.0,0.7833,586533637.0,470617296.4041
1753460343097,16:19:03.097,ADA/USDT:USDT,0.7833,27.0,0.7834,34773.0,0.7833,586533637.0,470617296.4041
1753460343198,16:19:03.198,ADA/USDT:USDT,0.7833,5801.0,0.7834,35411.0,0.7833,586533637.0,470617296.4041
1753460343397,16:19:03.397,ADA/USDT:USDT,0.7833,14944.0,0.7834,31268.0,0.7833,586533637.0,470617296.4041
1753460343497,16:19:03.497,ADA/USDT:USDT,0.7833,21670.0,0.7834,19941.0,0.7833,586533637.0,470617296.4041
1753460343597,16:19:03.597,ADA/USDT:USDT,0.7833,94.0,0.7834,21754.0,0.7833,586533637.0,470617296.4041
1753460343698,16:19:03.698,ADA/USDT:USDT,0.7833,94.0,0.7834,23668.0,0.7833,586533637.0,470617296.4041
1753460343797,16:19:03.797,ADA/USDT:USDT,0.7833,3405.0,0.7834,23668.0,0.7833,586533637.0,470617296.4041
1753460343898,16:19:03.898,ADA/USDT:USDT,0.7833,3405.0,0.7834,21116.0,0.7833,586533637.0,470617296.4041
1753460343997,16:19:03.997,ADA/USDT:USDT,0.7833,19984.0,0.7834,8799.0,0.7833,586533637.0,470617296.4041
1753460344098,16:19:04.098,ADA/USDT:USDT,0.7833,20773.0,0.7834,5635.0,0.7833,586533637.0,470617296.4041
1753460344297,16:19:04.297,ADA/USDT:USDT,0.7833,19984.0,0.7834,6317.0,0.7833,586533637.0,470617296.4041
1753460344398,16:19:04.398,ADA/USDT:USDT,0.7833,19983.0,0.7834,6317.0,0.7833,586533638.0,470617297.1874
1753460344597,16:19:04.597,ADA/USDT:USDT,0.7833,19983.0,0.7834,8982.0,0.7833,586533638.0,470617297.1874
1753460344697,16:19:04.697,ADA/USDT:USDT,0.7833,19983.0,0.7834,18470.0,0.7833,586533638.0,470617297.1874
1753460344798,16:19:04.798,ADA/USDT:USDT,0.7833,93.0,0.7834,29319.0,0.7833,586533638.0,470617297.1874
1753460344898,16:19:04.898,ADA/USDT:USDT,0.7833,93.0,0.7834,23642.0,0.7833,586533638.0,470617297.1874
1753460344997,16:19:04.997,ADA/USDT:USDT,0.7833,353.0,0.7834,20319.0,0.7833,586533638.0,470617297.1874
1753460345098,16:19:05.098,ADA/USDT:USDT,0.7833,93.0,0.7834,20319.0,0.7833,586533638.0,470617297.1874
1753460345197,16:19:05.197,ADA/USDT:USDT,0.7833,7942.0,0.7834,20128.0,0.7833,586533638.0,470617297.1874
1753460345297,16:19:05.297,ADA/USDT:USDT,0.7833,40023.0,0.7835,35959.0,0.7834,586533759.0,470617391.9788
1753460345397,16:19:05.397,ADA/USDT:USDT,0.7835,30952.0,0.7836,1936.0,0.7834,586533759.0,470617391.9788
1753460345497,16:19:05.497,ADA/USDT:USDT,0.7837,16873.0,0.7838,25828.0,0.7837,586546273.0,470627198.5837
1753460345597,16:19:05.597,ADA/USDT:USDT,0.7837,18856.0,0.7838,22411.0,0.7837,586546273.0,470627198.5837
1753460345697,16:19:05.697,ADA/USDT:USDT,0.7836,8790.0,0.7837,57338.0,0.7837,586546998.0,470627766.7662
1753460345797,16:19:05.797,ADA/USDT:USDT,0.7834,15192.0,0.7835,12417.0,0.7836,586547005.0,470627772.2514
1753460345897,16:19:05.897,ADA/USDT:USDT,0.7834,5521.0,0.7835,32384.0,0.7836,586547005.0,470627772.2514
1753460345997,16:19:05.997,ADA/USDT:USDT,0.7834,12507.0,0.7835,33022.0,0.7836,586547005.0,470627772.2514
1753460346097,16:19:06.097,ADA/USDT:USDT,0.7834,14627.0,0.7835,24443.0,0.7836,586547005.0,470627772.2514
1753460346197,16:19:06.197,ADA/USDT:USDT,0.7834,12507.0,0.7835,24443.0,0.7836,586547005.0,470627772.2514
1753460346297,16:19:06.297,ADA/USDT:USDT,0.7834,7.0,0.7835,30531.0,0.7836,586547005.0,470627772.2514
1753460346398,16:19:06.398,ADA/USDT:USDT,0.7834,5521.0,0.7835,31169.0,0.7836,586547005.0,470627772.2514
1753460346598,16:19:06.598,ADA/USDT:USDT,0.7834,12247.0,0.7835,32445.0,0.7836,586547005.0,470627772.2514
1753460346698,16:19:06.698,ADA/USDT:USDT,0.7834,12922.0,0.7835,32445.0,0.7836,586547005.0,470627772.2514
1753460346797,16:19:06.797,ADA/USDT:USDT,0.7834,38691.0,0.7835,638.0,0.7836,586547005.0,470627772.2514
1753460346897,16:19:06.897,ADA/USDT:USDT,0.7835,20080.0,0.7836,40768.0,0.7836,586547005.0,470627772.2514
1753460346997,16:19:06.997,ADA/USDT:USDT,0.7835,33772.0,0.7836,205.0,0.7836,586547005.0,470627772.2514
1753460347097,16:19:07.097,ADA/USDT:USDT,0.7836,38549.0,0.7837,9141.0,0.7836,586547019.0,470627783.2218
1753460347197,16:19:07.197,ADA/USDT:USDT,0.7836,10466.0,0.7837,28644.0,0.7836,586547019.0,470627783.2218
1753460347397,16:19:07.397,ADA/USDT:USDT,0.7835,6196.0,0.7836,39229.0,0.7836,586547019.0,470627783.2218
1753460347497,16:19:07.497,ADA/USDT:USDT,0.7835,5774.0,0.7836,43023.0,0.7836,586547019.0,470627783.2218
1753460347597,16:19:07.597,ADA/USDT:USDT,0.7835,13583.0,0.7836,42385.0,0.7836,586547019.0,470627783.2218
1753460347697,16:19:07.697,ADA/USDT:USDT,0.7835,17880.0,0.7836,33385.0,0.7836,586547019.0,470627783.2218
1753460347797,16:19:07.797,ADA/USDT:USDT,0.7835,20487.0,0.7836,3838.0,0.7836,586547019.0,470627783.2218
1753460347898,16:19:07.898,ADA/USDT:USDT,0.7836,40207.0,0.7837,14384.0,0.7836,586547019.0,470627783.2218
1753460347997,16:19:07.997,ADA/USDT:USDT,0.7836,34693.0,0.7837,9134.0,0.7836,586547019.0,470627783.2218
1753460348197,16:19:08.197,ADA/USDT:USDT,0.7836,39468.0,0.7837,378.0,0.7836,586547019.0,470627783.2218
1753460348297,16:19:08.297,ADA/USDT:USDT,0.7836,7452.0,0.7837,35724.0,0.7836,586547019.0,470627783.2218
1753460348397,16:19:08.397,ADA/USDT:USDT,0.7836,12820.0,0.7837,15504.0,0.7836,586547019.0,470627783.2218
1753460348498,16:19:08.498,ADA/USDT:USDT,0.7836,16677.0,0.7837,10003.0,0.7836,586547019.0,470627783.2218
1753460348598,16:19:08.598,ADA/USDT:USDT,0.7836,18790.0,0.7837,6574.0,0.7836,586547019.0,470627783.2218
1753460348797,16:19:08.797,ADA/USDT:USDT,0.7836,18016.0,0.7837,6574.0,0.7836,586547019.0,470627783.2218
1753460348897,16:19:08.897,ADA/USDT:USDT,0.7836,18016.0,0.7837,6196.0,0.7836,586547019.0,470627783.2218
1753460348997,16:19:08.997,ADA/USDT:USDT,0.7836,19294.0,0.7837,6581.0,0.7836,586547019.0,470627783.2218
1753460349097,16:19:09.097,ADA/USDT:USDT,0.7836,20193.0,0.7837,6581.0,0.7836,586547019.0,470627783.2218
1753460349197,16:19:09.197,ADA/USDT:USDT,0.7836,19294.0,0.7837,6581.0,0.7836,586547019.0,470627783.2218
1753460349297,16:19:09.297,ADA/USDT:USDT,0.7836,11384.0,0.7837,13142.0,0.7836,586547019.0,470627783.2218
1753460349397,16:19:09.397,ADA/USDT:USDT,0.7835,12500.0,0.7836,59960.0,0.7836,586547293.0,470627997.9282
1753460349497,16:19:09.497,ADA/USDT:USDT,0.7834,25864.0,0.7835,6921.0,0.7836,586547293.0,470627997.9282
1753460349697,16:19:09.697,ADA/USDT:USDT,0.7835,19124.0,0.7836,22357.0,0.7836,586547293.0,470627997.9282
1753460349898,16:19:09.898,ADA/USDT:USDT,0.7835,15967.0,0.7836,25221.0,0.7836,586547293.0,470627997.9282
1753460349998,16:19:09.998,ADA/USDT:USDT,0.7835,18047.0,0.7836,14763.0,0.7836,586547293.0,470627997.9282
1753460350097,16:19:10.097,ADA/USDT:USDT,0.7835,18807.0,0.7836,13044.0,0.7836,586547293.0,470627997.9282
1753460350198,16:19:10.198,ADA/USDT:USDT,0.7835,15967.0,0.7836,15124.0,0.7836,586547293.0,470627997.9282
1753460350398,16:19:10.398,ADA/USDT:USDT,0.7834,37736.0,0.7836,15515.0,0.7836,586547293.0,470627997.9282
1753460350497,16:19:10.497,ADA/USDT:USDT,0.7834,14998.0,0.7835,13647.0,0.7836,586547293.0,470627997.9282
1753460350597,16:19:10.597,ADA/USDT:USDT,0.7835,22647.0,0.7836,13059.0,0.7836,586547293.0,470627997.9282
1753460350697,16:19:10.697,ADA/USDT:USDT,0.7835,13647.0,0.7836,13421.0,0.7836,586547293.0,470627997.9282
1753460350797,16:19:10.797,ADA/USDT:USDT,0.7835,5514.0,0.7836,21691.0,0.7836,586547293.0,470627997.9282
1753460350897,16:19:10.897,ADA/USDT:USDT,0.7835,5514.0,0.7836,18054.0,0.7836,586547293.0,470627997.9282
1753460350997,16:19:10.997,ADA/USDT:USDT,0.7835,5514.0,0.7836,17416.0,0.7836,586547293.0,470627997.9282
1753460351097,16:19:11.097,ADA/USDT:USDT,0.7835,13682.0,0.7836,7333.0,0.7836,586547293.0,470627997.9282
1753460351198,16:19:11.198,ADA/USDT:USDT,0.7835,13682.0,0.7836,6694.0,0.7836,586547293.0,470627997.9282
1753460351297,16:19:11.297,ADA/USDT:USDT,0.7834,12942.0,0.7835,682.0,0.7836,586547293.0,470627997.9282
1753460351397,16:19:11.397,ADA/USDT:USDT,0.7834,5534.0,0.7835,18016.0,0.7836,586547293.0,470627997.9282
1753460351497,16:19:11.497,ADA/USDT:USDT,0.7834,20.0,0.7835,20844.0,0.7836,586547293.0,470627997.9282
1753460351597,16:19:11.597,ADA/USDT:USDT,0.7833,3114.0,0.7834,52230.0,0.7834,586547313.0,470628013.5962
1753460351697,16:19:11.697,ADA/USDT:USDT,0.7833,19439.0,0.7834,28468.0,0.7833,586547693.0,470628311.2502
1753460351797,16:19:11.797,ADA/USDT:USDT,0.7834,26835.0,0.7835,36738.0,0.7834,586548528.0,470628965.3892
1753460351897,16:19:11.897,ADA/USDT:USDT,0.7835,39650.0,0.7836,13955.0,0.7834,586548528.0,470628965.3892
1753460351997,16:19:11.997,ADA/USDT:USDT,0.7835,38918.0,0.7836,14831.0,0.7834,586548528.0,470628965.3892
1753460352097,16:19:12.097,ADA/USDT:USDT,0.7835,32013.0,0.7836,13668.0,0.7834,586548528.0,470628965.3892
1753460352197,16:19:12.197,ADA/USDT:USDT,0.7835,26742.0,0.7836,21818.0,0.7834,586548528.0,470628965.3892
1753460352298,16:19:12.298,ADA/USDT:USDT,0.7835,12500.0,0.7836,21818.0,0.7834,586548528.0,470628965.3892
1753460352397,16:19:12.397,ADA/USDT:USDT,0.7835,20164.0,0.7836,11764.0,0.7834,586548528.0,470628965.3892
1753460352498,16:19:12.498,ADA/USDT:USDT,0.7835,22054.0,0.7836,8562.0,0.7834,586548528.0,470628965.3892
1753460352597,16:19:12.597,ADA/USDT:USDT,0.7836,26109.0,0.7837,6214.0,0.7836,586557090.0,470635674.5724
1753460352697,16:19:12.697,ADA/USDT:USDT,0.7836,23509.0,0.7837,13838.0,0.7836,586557090.0,470635674.5724
1753460352797,16:19:12.797,ADA/USDT:USDT,0.7836,23509.0,0.7837,13838.0,0.7836,586557090.0,470635674.5724
1753460352897,16:19:12.897,ADA/USDT:USDT,0.7836,25222.0,0.7837,5522.0,0.7836,586557090.0,470635674.5724
1753460352998,16:19:12.998,ADA/USDT:USDT,0.7836,24323.0,0.7837,2788.0,0.7836,586557090.0,470635674.5724
1753460353097,16:19:13.097,ADA/USDT:USDT,0.7836,14309.0,0.7837,13589.0,0.7836,586564383.0,470641389.3672
1753460353197,16:19:13.197,ADA/USDT:USDT,0.7836,18590.0,0.7837,13589.0,0.7836,586564383.0,470641389.3672
1753460353297,16:19:13.297,ADA/USDT:USDT,0.7836,18590.0,0.7837,9682.0,0.7836,586564383.0,470641389.3672
1753460353397,16:19:13.397,ADA/USDT:USDT,0.7836,19476.0,0.7837,992.0,0.7836,586564383.0,470641389.3672
1753460353497,16:19:13.497,ADA/USDT:USDT,0.7837,49815.0,0.7838,8773.0,0.7837,586564693.0,470641632.3142
1753460353597,16:19:13.597,ADA/USDT:USDT,0.7837,38711.0,0.7838,14853.0,0.7837,586564693.0,470641632.3142
1753460353697,16:19:13.697,ADA/USDT:USDT,0.7837,39610.0,0.7838,9.0,0.7837,586564693.0,470641632.3142
1753460353797,16:19:13.797,ADA/USDT:USDT,0.7838,13097.0,0.7839,25768.0,0.7839,586564834.0,470641742.8432
1753460353897,16:19:13.897,ADA/USDT:USDT,0.7838,3436.0,0.7839,23601.0,0.7839,586564834.0,470641742.8432
1753460353997,16:19:13.997,ADA/USDT:USDT,0.7838,3436.0,0.7839,23131.0,0.7839,586564834.0,470641742.8432
1753460354097,16:19:14.097,ADA/USDT:USDT,0.7838,20.0,0.7839,32685.0,0.7839,586564834.0,470641742.8432
1753460354197,16:19:14.197,ADA/USDT:USDT,0.7836,1282.0,0.7837,59865.0,0.7837,586565617.0,470642356.4848
1753460354297,16:19:14.297,ADA/USDT:USDT,0.7836,1282.0,0.7837,63701.0,0.7837,586565617.0,470642356.4848
1753460354398,16:19:14.398,ADA/USDT:USDT,0.7836,1282.0,0.7837,62887.0,0.7837,586565617.0,470642356.4848
1753460354497,16:19:14.497,ADA/USDT:USDT,0.7836,21240.0,0.7837,55358.0,0.7837,586565617.0,470642356.4848
1753460354598,16:19:14.598,ADA/USDT:USDT,0.7836,24134.0,0.7837,6426.0,0.7837,586565617.0,470642356.4848
1753460354697,16:19:14.697,ADA/USDT:USDT,0.7836,15979.0,0.7837,12379.0,0.7837,586345505.0,470461831.4515
1753460354797,16:19:14.797,ADA/USDT:USDT,0.7836,13899.0,0.7837,19105.0,0.7837,586345505.0,470461831.4515
1753460354897,16:19:14.897,ADA/USDT:USDT,0.7836,13899.0,0.7837,23755.0,0.7837,586345505.0,470461831.4515
1753460354997,16:19:14.997,ADA/USDT:USDT,0.7836,13899.0,0.7837,23117.0,0.7837,586345505.0,470461831.4515
1753460355098,16:19:15.098,ADA/USDT:USDT,0.7836,13899.0,0.7837,22303.0,0.7837,586345505.0,470461831.4515
1753460355197,16:19:15.197,ADA/USDT:USDT,0.7836,16427.0,0.7837,21079.0,0.7837,586345505.0,470461831.4515
1753460355297,16:19:15.297,ADA/USDT:USDT,0.7836,10735.0,0.7837,25188.0,0.7837,586345505.0,470461831.4515
1753460355397,16:19:15.397,ADA/USDT:USDT,0.7836,4009.0,0.7837,25188.0,0.7837,586345505.0,470461831.4515
1753460355497,16:19:15.497,ADA/USDT:USDT,0.7836,11417.0,0.7837,25826.0,0.7837,586345505.0,470461831.4515
1753460355697,16:19:15.697,ADA/USDT:USDT,0.7836,1287.0,0.7837,34826.0,0.7837,586345505.0,470461831.4515
1753460355797,16:19:15.797,ADA/USDT:USDT,0.7835,5514.0,0.7836,76598.0,0.7836,586346792.0,470462839.9447
1753460355897,16:19:15.897,ADA/USDT:USDT,0.7835,5898.0,0.7836,68236.0,0.7836,586346792.0,470462839.9447
1753460355997,16:19:15.997,ADA/USDT:USDT,0.7835,5514.0,0.7836,67598.0,0.7836,586346792.0,470462839.9447
1753460356097,16:19:16.097,ADA/USDT:USDT,0.7835,12922.0,0.7836,38226.0,0.7836,586346792.0,470462839.9447
1753460356197,16:19:16.197,ADA/USDT:USDT,0.7836,5514.0,0.7837,30108.0,0.7836,586346792.0,470462839.9447
1753460356297,16:19:16.297,ADA/USDT:USDT,0.7836,18889.0,0.7837,12375.0,0.7836,586346792.0,470462839.9447
1753460356397,16:19:16.397,ADA/USDT:USDT,0.7836,18889.0,0.7837,3078.0,0.7836,586346792.0,470462839.9447
1753460356497,16:19:16.497,ADA/USDT:USDT,0.7836,18889.0,0.7837,4894.0,0.7836,586346792.0,470462839.9447
1753460356597,16:19:16.597,ADA/USDT:USDT,0.7836,12922.0,0.7837,13096.0,0.7836,586346792.0,470462839.9447
1753460356697,16:19:16.697,ADA/USDT:USDT,0.7837,40803.0,0.7838,7.0,0.7836,586346792.0,470462839.9447
1753460356797,16:19:16.797,ADA/USDT:USDT,0.7837,39991.0,0.7838,7.0,0.7836,586346792.0,470462839.9447
1753460356897,16:19:16.897,ADA/USDT:USDT,0.7837,40803.0,0.7838,7.0,0.7836,586346792.0,470462839.9447
1753460357097,16:19:17.097,ADA/USDT:USDT,0.7839,48141.0,0.784,457.0,0.7839,586346816.0,470462858.7576
1753460357197,16:19:17.197,ADA/USDT:USDT,0.784,29568.0,0.7841,8.0,0.784,586347273.0,470463217.0456
1753460357297,16:19:17.297,ADA/USDT:USDT,0.7841,31131.0,0.7842,330.0,0.7841,586347281.0,470463223.3184
1753460357397,16:19:17.397,ADA/USDT:USDT,0.7841,5506.0,0.7842,24150.0,0.7841,586347281.0,470463223.3184
1753460357497,16:19:17.497,ADA/USDT:USDT,0.784,20745.0,0.7841,6196.0,0.7841,586347281.0,470463223.3184
1753460357597,16:19:17.597,ADA/USDT:USDT,0.784,7.0,0.7841,35163.0,0.7841,586347281.0,470463223.3184
1753460357697,16:19:17.697,ADA/USDT:USDT,0.784,24461.0,0.7841,6196.0,0.7841,586347281.0,470463223.3184
1753460357797,16:19:17.797,ADA/USDT:USDT,0.784,23714.0,0.7841,12922.0,0.7841,586347281.0,470463223.3184
1753460357898,16:19:17.898,ADA/USDT:USDT,0.784,13338.0,0.7841,15002.0,0.7841,586347281.0,470463223.3184
1753460357997,16:19:17.997,ADA/USDT:USDT,0.784,5930.0,0.7841,20989.0,0.7841,586347281.0,470463223.3184
1753460358097,16:19:18.097,ADA/USDT:USDT,0.784,5930.0,0.7841,22902.0,0.7841,586347281.0,470463223.3184
1753460358197,16:19:18.197,ADA/USDT:USDT,0.784,416.0,0.7841,26100.0,0.7841,586347281.0,470463223.3184
1753460358297,16:19:18.297,ADA/USDT:USDT,0.784,9404.0,0.7841,25463.0,0.7841,586347281.0,470463223.3184
1753460358398,16:19:18.398,ADA/USDT:USDT,0.784,13040.0,0.7841,25463.0,0.7841,586347281.0,470463223.3184
1753460358497,16:19:18.497,ADA/USDT:USDT,0.784,13164.0,0.7841,25463.0,0.7841,586347281.0,470463223.3184
1753460358597,16:19:18.597,ADA/USDT:USDT,0.7841,15141.0,0.7842,31665.0,0.7841,586347281.0,470463223.3184
1753460358697,16:19:18.697,ADA/USDT:USDT,0.7841,19951.0,0.7842,28473.0,0.7841,586347281.0,470463223.3184
1753460358797,16:19:18.797,ADA/USDT:USDT,0.7841,400.0,0.7842,31863.0,0.7841,586347281.0,470463223.3184
1753460358897,16:19:18.897,ADA/USDT:USDT,0.7841,400.0,0.7842,31958.0,0.7841,586347281.0,470463223.3184
1753460358998,16:19:18.998,ADA/USDT:USDT,0.7841,7427.0,0.7842,31958.0,0.7841,586347281.0,470463223.3184
1753460359198,16:19:19.198,ADA/USDT:USDT,0.7841,5914.0,0.7842,31958.0,0.7841,586347281.0,470463223.3184
1753460359297,16:19:19.297,ADA/USDT:USDT,0.7841,16038.0,0.7842,31958.0,0.7841,586347281.0,470463223.3184
1753460359397,16:19:19.397,ADA/USDT:USDT,0.7841,6971.0,0.7842,31958.0,0.7841,586347281.0,470463223.3184
1753460359498,16:19:19.498,ADA/USDT:USDT,0.7841,3037.0,0.7842,31958.0,0.7841,586347281.0,470463223.3184
1753460359598,16:19:19.598,ADA/USDT:USDT,0.784,20571.0,0.7841,20035.0,0.7841,586349906.0,470465281.5809
1753460359697,16:19:19.697,ADA/USDT:USDT,0.784,5514.0,0.7841,35061.0,0.7841,586349906.0,470465281.5809
1753460359797,16:19:19.797,ADA/USDT:USDT,0.784,16365.0,0.7841,29980.0,0.7841,586349906.0,470465281.5809
1753460359897,16:19:19.897,ADA/USDT:USDT,0.784,12240.0,0.7841,22840.0,0.7841,586349906.0,470465281.5809
1753460359997,16:19:19.997,ADA/USDT:USDT,0.7839,12930.0,0.784,22840.0,0.7841,586349906.0,470465281.5809
1753460360098,16:19:20.098,ADA/USDT:USDT,0.7839,15344.0,0.784,20760.0,0.7841,586349906.0,470465281.5809
1753460360197,16:19:20.197,ADA/USDT:USDT,0.7839,15344.0,0.784,6196.0,0.7841,586349906.0,470465281.5809
1753460360497,16:19:20.497,ADA/USDT:USDT,0.7839,8.0,0.784,28098.0,0.7841,586349906.0,470465281.5809
1753460360597,16:19:20.597,ADA/USDT:USDT,0.7838,13997.0,0.7839,58825.0,0.7839,586349914.0,470465287.8521
1753460360698,16:19:20.698,ADA/USDT:USDT,0.7838,1338.0,0.7839,58825.0,0.7839,586349914.0,470465287.8521
1753460360797,16:19:20.797,ADA/USDT:USDT,0.7838,738.0,0.7839,62122.0,0.7838,586350514.0,470465758.1321
1753460360897,16:19:20.897,ADA/USDT:USDT,0.7838,738.0,0.7839,64004.0,0.7838,586350514.0,470465758.1321
1753460361097,16:19:21.097,ADA/USDT:USDT,0.7836,78770.0,0.7837,13647.0,0.7838,586351252.0,470466336.5765
1753460361197,16:19:21.197,ADA/USDT:USDT,0.7836,30940.0,0.7837,6196.0,0.7838,586351252.0,470466336.5765
1753460361297,16:19:21.297,ADA/USDT:USDT,0.7837,17877.0,0.7838,43809.0,0.7838,586351252.0,470466336.5765
1753460361397,16:19:21.397,ADA/USDT:USDT,0.7837,22969.0,0.7838,19276.0,0.7838,586351252.0,470466336.5765
1753460361497,16:19:21.497,ADA/USDT:USDT,0.7837,23868.0,0.7838,5528.0,0.7838,586351252.0,470466336.5765
1753460361597,16:19:21.597,ADA/USDT:USDT,0.7839,50871.0,0.784,7003.0,0.7839,586351872.0,470466822.5931
1753460361697,16:19:21.697,ADA/USDT:USDT,0.7839,35251.0,0.784,7859.0,0.7839,586351872.0,470466822.5931
