timestamp,time,symbol,bid,bidVolume,ask,askVolume,lastPrice,baseVolume,quoteVolume
1753460251955,16:17:31.955,ACH/USDT:USDT,0.021342,1250.0,0.021347,320.0,0.021338,79725020.0,1731382.7996
1753460253755,16:17:33.755,ACH/USDT:USDT,0.021337,320.0,0.021342,6320.0,0.021338,79725020.0,1731382.7996
1753460254655,16:17:34.655,ACH/USDT:USDT,0.021335,260.0,0.021338,6320.0,0.021338,79725020.0,1731382.7996
1753460256555,16:17:36.555,ACH/USDT:USDT,0.021335,260.0,0.021336,6500.0,0.021338,79725020.0,1731382.7996
1753460257555,16:17:37.555,ACH/USDT:USDT,0.02133,520.0,0.021336,6500.0,0.021335,79725280.0,1731388.3467
1753460257655,16:17:37.655,ACH/USDT:USDT,0.02133,520.0,0.021333,6320.0,0.021335,79725280.0,1731388.3467
1753460257755,16:17:37.755,ACH/USDT:USDT,0.021331,3720.0,0.021333,6000.0,0.021335,79725280.0,1731388.3467
1753460257855,16:17:37.855,ACH/USDT:USDT,0.02133,520.0,0.02134,1220.0,0.021335,79725280.0,1731388.3467
1753460257955,16:17:37.955,ACH/USDT:USDT,0.021331,1250.0,0.02134,1220.0,0.021335,79725280.0,1731388.3467
1753460258055,16:17:38.055,ACH/USDT:USDT,0.021331,1250.0,0.021336,6320.0,0.021335,79725280.0,1731388.3467
1753460258155,16:17:38.155,ACH/USDT:USDT,0.02133,520.0,0.021336,8460.0,0.021335,79725280.0,1731388.3467
1753460258555,16:17:38.555,ACH/USDT:USDT,0.02133,520.0,0.021336,8460.0,0.021335,79725280.0,1731388.3467
1753460258955,16:17:38.955,ACH/USDT:USDT,0.02133,520.0,0.021333,320.0,0.021335,79725280.0,1731388.3467
1753460259055,16:17:39.055,ACH/USDT:USDT,0.02133,520.0,0.021333,6320.0,0.021335,79725280.0,1731388.3467
1753460259155,16:17:39.155,ACH/USDT:USDT,0.02133,520.0,0.021331,6500.0,0.021335,79725280.0,1731388.3467
1753460260055,16:17:40.055,ACH/USDT:USDT,0.021325,260.0,0.021331,6500.0,0.02133,79725800.0,1731399.4383
1753460260155,16:17:40.155,ACH/USDT:USDT,0.021325,260.0,0.021327,2480.0,0.02133,79725800.0,1731399.4383
1753460260255,16:17:40.255,ACH/USDT:USDT,0.021325,260.0,0.021326,2480.0,0.02133,79725800.0,1731399.4383
1753460260355,16:17:40.355,ACH/USDT:USDT,0.021325,260.0,0.021328,320.0,0.02133,79725800.0,1731399.4383
1753460260455,16:17:40.455,ACH/USDT:USDT,0.021325,260.0,0.021327,2480.0,0.02133,79725800.0,1731399.4383
1753460260555,16:17:40.555,ACH/USDT:USDT,0.021325,260.0,0.021327,2540.0,0.02133,79725800.0,1731399.4383
1753460260655,16:17:40.655,ACH/USDT:USDT,0.021325,260.0,0.021326,2290.0,0.02133,79725800.0,1731399.4383
1753460260955,16:17:40.955,ACH/USDT:USDT,0.021325,260.0,0.021326,1020.0,0.02133,79725800.0,1731399.4383
1753460261155,16:17:41.155,ACH/USDT:USDT,0.021325,260.0,0.021326,7020.0,0.02133,79725800.0,1731399.4383
1753460261255,16:17:41.255,ACH/USDT:USDT,0.021325,260.0,0.021326,7020.0,0.02133,79725800.0,1731399.4383
1753460261355,16:17:41.355,ACH/USDT:USDT,0.02132,270.0,0.021326,8520.0,0.021325,79726060.0,1731404.9828
1753460261455,16:17:41.455,ACH/USDT:USDT,0.02132,270.0,0.021323,320.0,0.021325,79652130.0,1729756.4896
1753460261555,16:17:41.555,ACH/USDT:USDT,0.021316,840.0,0.021322,1270.0,0.02132,79652400.0,1729762.246
1753460261655,16:17:41.655,ACH/USDT:USDT,0.021316,840.0,0.021319,2480.0,0.02132,79652400.0,1729762.246
1753460261755,16:17:41.755,ACH/USDT:USDT,0.021315,260.0,0.02132,1270.0,0.021316,79653240.0,1729780.1514
1753460261855,16:17:41.855,ACH/USDT:USDT,0.021315,260.0,0.021319,2480.0,0.021316,79653240.0,1729780.1514
1753460261955,16:17:41.955,ACH/USDT:USDT,0.021311,320.0,0.021319,480.0,0.021315,79653500.0,1729785.6933
1753460262055,16:17:42.055,ACH/USDT:USDT,0.02131,260.0,0.021317,320.0,0.021315,79653500.0,1729785.6933
1753460262255,16:17:42.255,ACH/USDT:USDT,0.02131,260.0,0.021316,480.0,0.021315,79653500.0,1729785.6933
1753460262456,16:17:42.456,ACH/USDT:USDT,0.02131,260.0,0.021316,480.0,0.021315,79653500.0,1729785.6933
1753460262555,16:17:42.555,ACH/USDT:USDT,0.021312,1250.0,0.02132,10870.0,0.021315,79653500.0,1729785.6933
1753460262755,16:17:42.755,ACH/USDT:USDT,0.021313,1250.0,0.02132,10870.0,0.021315,79653500.0,1729785.6933
1753460263055,16:17:43.055,ACH/USDT:USDT,0.021314,1250.0,0.02132,10870.0,0.021315,79653500.0,1729785.6933
1753460263155,16:17:43.155,ACH/USDT:USDT,0.02131,580.0,0.02132,10870.0,0.021315,79653500.0,1729785.6933
1753460263255,16:17:43.255,ACH/USDT:USDT,0.021312,1250.0,0.02132,10870.0,0.021315,79653500.0,1729785.6933
1753460263956,16:17:43.956,ACH/USDT:USDT,0.021313,1250.0,0.02132,10870.0,0.021315,79653500.0,1729785.6933
1753460264155,16:17:44.155,ACH/USDT:USDT,0.021313,1250.0,0.021318,320.0,0.021315,79653500.0,1729785.6933
1753460264555,16:17:44.555,ACH/USDT:USDT,0.021315,100.0,0.021318,320.0,0.021315,79653500.0,1729785.6933
1753460264855,16:17:44.855,ACH/USDT:USDT,0.021315,100.0,0.021317,2480.0,0.021315,79653500.0,1729785.6933
1753460264955,16:17:44.955,ACH/USDT:USDT,0.021315,100.0,0.021318,320.0,0.021315,79653500.0,1729785.6933
1753460265755,16:17:45.755,ACH/USDT:USDT,0.021315,100.0,0.021318,320.0,0.021315,79653500.0,1729785.6933
1753460266155,16:17:46.155,ACH/USDT:USDT,0.021319,1250.0,0.021329,2410.0,0.021315,79653500.0,1729785.6933
1753460266255,16:17:46.255,ACH/USDT:USDT,0.021321,1250.0,0.021327,2480.0,0.021315,79653500.0,1729785.6933
1753460266355,16:17:46.355,ACH/USDT:USDT,0.021322,1250.0,0.021328,2480.0,0.021315,79653500.0,1729785.6933
1753460266455,16:17:46.455,ACH/USDT:USDT,0.021317,490.0,0.021324,2480.0,0.021315,79653500.0,1729785.6933
1753460266555,16:17:46.555,ACH/USDT:USDT,0.021315,100.0,0.021323,490.0,0.021315,79653500.0,1729785.6933
1753460266655,16:17:46.655,ACH/USDT:USDT,0.021315,100.0,0.02132,2480.0,0.021315,79653500.0,1729785.6933
1753460266755,16:17:46.755,ACH/USDT:USDT,0.021315,100.0,0.021318,2480.0,0.021315,79653500.0,1729785.6933
1753460266856,16:17:46.856,ACH/USDT:USDT,0.021315,100.0,0.02132,1810.0,0.021315,79653500.0,1729785.6933
1753460266955,16:17:46.955,ACH/USDT:USDT,0.021315,100.0,0.02132,1810.0,0.021315,79653500.0,1729785.6933
1753460267255,16:17:47.255,ACH/USDT:USDT,0.021315,100.0,0.021318,1270.0,0.021315,79653500.0,1729785.6933
1753460267555,16:17:47.555,ACH/USDT:USDT,0.021315,100.0,0.02132,540.0,0.021315,79653500.0,1729785.6933
1753460267855,16:17:47.855,ACH/USDT:USDT,0.021315,100.0,0.02132,540.0,0.021315,79653500.0,1729785.6933
1753460268355,16:17:48.355,ACH/USDT:USDT,0.021315,100.0,0.021319,2480.0,0.021315,79653500.0,1729785.6933
1753460269055,16:17:49.055,ACH/USDT:USDT,0.021315,100.0,0.021317,1210.0,0.021315,79653500.0,1729785.6933
1753460269155,16:17:49.155,ACH/USDT:USDT,0.021315,100.0,0.021316,2980.0,0.021315,79653500.0,1729785.6933
1753460269655,16:17:49.655,ACH/USDT:USDT,0.021315,100.0,0.021316,2980.0,0.021315,79653500.0,1729785.6933
1753460269855,16:17:49.855,ACH/USDT:USDT,0.021315,100.0,0.021316,3880.0,0.021315,79653500.0,1729785.6933
1753460270055,16:17:50.055,ACH/USDT:USDT,0.021305,260.0,0.021311,2980.0,0.02131,79653860.0,1729793.3654
1753460270155,16:17:50.155,ACH/USDT:USDT,0.021305,260.0,0.021309,2480.0,0.02131,79653860.0,1729793.3654
1753460270255,16:17:50.255,ACH/USDT:USDT,0.021305,260.0,0.021309,2480.0,0.02131,79653860.0,1729793.3654
1753460270355,16:17:50.355,ACH/USDT:USDT,0.021304,840.0,0.021305,2480.0,0.021305,79654120.0,1729798.9047
1753460270455,16:17:50.455,ACH/USDT:USDT,0.021304,840.0,0.021305,2480.0,0.021305,79654120.0,1729798.9047
1753460270555,16:17:50.555,ACH/USDT:USDT,0.021304,840.0,0.021305,2480.0,0.021305,79654120.0,1729798.9047
1753460270655,16:17:50.655,ACH/USDT:USDT,0.021304,840.0,0.021306,1210.0,0.021305,79654120.0,1729798.9047
1753460270755,16:17:50.755,ACH/USDT:USDT,0.021304,840.0,0.021308,1270.0,0.021305,79654120.0,1729798.9047
1753460270855,16:17:50.855,ACH/USDT:USDT,0.021304,840.0,0.021308,1270.0,0.021305,79654120.0,1729798.9047
1753460270955,16:17:50.955,ACH/USDT:USDT,0.021306,1250.0,0.021311,500.0,0.021305,79654120.0,1729798.9047
1753460271255,16:17:51.255,ACH/USDT:USDT,0.021301,520.0,0.021307,2480.0,0.021305,79654120.0,1729798.9047
1753460271455,16:17:51.455,ACH/USDT:USDT,0.021301,520.0,0.021306,2480.0,0.021305,79654120.0,1729798.9047
1753460271555,16:17:51.555,ACH/USDT:USDT,0.021303,1250.0,0.021308,1270.0,0.021305,79654120.0,1729798.9047
1753460271655,16:17:51.655,ACH/USDT:USDT,0.021304,1250.0,0.02131,1210.0,0.021305,79654120.0,1729798.9047
1753460271755,16:17:51.755,ACH/USDT:USDT,0.021304,1250.0,0.021307,2480.0,0.021305,79654120.0,1729798.9047
1753460271855,16:17:51.855,ACH/USDT:USDT,0.021304,1250.0,0.021309,1270.0,0.021305,79654120.0,1729798.9047
1753460271955,16:17:51.955,ACH/USDT:USDT,0.021305,1250.0,0.021309,1270.0,0.021305,79654120.0,1729798.9047
1753460272055,16:17:52.055,ACH/USDT:USDT,0.021306,1220.0,0.021314,490.0,0.021305,79654120.0,1729798.9047
1753460272155,16:17:52.155,ACH/USDT:USDT,0.021307,1250.0,0.02131,2480.0,0.021305,79654120.0,1729798.9047
1753460272255,16:17:52.255,ACH/USDT:USDT,0.021307,1250.0,0.02131,1270.0,0.021305,79654120.0,1729798.9047
1753460272655,16:17:52.655,ACH/USDT:USDT,0.021308,1250.0,0.021314,490.0,0.021305,79654120.0,1729798.9047
1753460272855,16:17:52.855,ACH/USDT:USDT,0.021308,1250.0,0.021313,1270.0,0.021305,79654120.0,1729798.9047
1753460272955,16:17:52.955,ACH/USDT:USDT,0.021308,1250.0,0.021313,1270.0,0.021305,79654120.0,1729798.9047
1753460273155,16:17:53.155,ACH/USDT:USDT,0.021302,1250.0,0.02131,2480.0,0.021305,79654120.0,1729798.9047
1753460273255,16:17:53.255,ACH/USDT:USDT,0.021302,1250.0,0.02131,2480.0,0.021305,79654120.0,1729798.9047
1753460273355,16:17:53.355,ACH/USDT:USDT,0.021302,1250.0,0.021307,2480.0,0.021305,79654120.0,1729798.9047
1753460273555,16:17:53.555,ACH/USDT:USDT,0.021301,20.0,0.021307,2480.0,0.021305,79654120.0,1729798.9047
1753460273655,16:17:53.655,ACH/USDT:USDT,0.021302,1250.0,0.021309,1270.0,0.021305,79654120.0,1729798.9047
1753460273755,16:17:53.755,ACH/USDT:USDT,0.021303,1250.0,0.021309,1270.0,0.021305,79654120.0,1729798.9047
1753460273855,16:17:53.855,ACH/USDT:USDT,0.021303,1250.0,0.021311,490.0,0.021305,79654120.0,1729798.9047
1753460273955,16:17:53.955,ACH/USDT:USDT,0.021305,1250.0,0.021311,490.0,0.021305,79654120.0,1729798.9047
1753460274055,16:17:54.055,ACH/USDT:USDT,0.021305,1250.0,0.021309,2480.0,0.021305,79654120.0,1729798.9047
1753460274155,16:17:54.155,ACH/USDT:USDT,0.021302,1250.0,0.021309,1210.0,0.021305,79654120.0,1729798.9047
1753460274355,16:17:54.355,ACH/USDT:USDT,0.021302,1250.0,0.02131,1270.0,0.021305,79654120.0,1729798.9047
1753460274455,16:17:54.455,ACH/USDT:USDT,0.021303,1250.0,0.021308,2480.0,0.021305,79654120.0,1729798.9047
1753460274655,16:17:54.655,ACH/USDT:USDT,0.021303,1250.0,0.021305,1210.0,0.021305,79654120.0,1729798.9047
1753460274755,16:17:54.755,ACH/USDT:USDT,0.021304,1250.0,0.021311,490.0,0.021305,79654120.0,1729798.9047
1753460274955,16:17:54.955,ACH/USDT:USDT,0.021306,1250.0,0.021311,490.0,0.021305,79654120.0,1729798.9047
1753460275055,16:17:55.055,ACH/USDT:USDT,0.021308,1220.0,0.021313,320.0,0.021305,79654120.0,1729798.9047
1753460275155,16:17:55.155,ACH/USDT:USDT,0.02131,1250.0,0.021313,320.0,0.021305,79654120.0,1729798.9047
1753460275255,16:17:55.255,ACH/USDT:USDT,0.021303,320.0,0.021313,320.0,0.02131,79655370.0,1729825.5422
1753460275355,16:17:55.355,ACH/USDT:USDT,0.021301,510.0,0.02131,320.0,0.02131,79655370.0,1729825.5422
1753460275556,16:17:55.556,ACH/USDT:USDT,0.021301,510.0,0.021306,2480.0,0.02131,79655370.0,1729825.5422
1753460275655,16:17:55.655,ACH/USDT:USDT,0.021301,510.0,0.021306,2480.0,0.02131,79655370.0,1729825.5422
1753460275755,16:17:55.755,ACH/USDT:USDT,0.021301,510.0,0.021307,1210.0,0.02131,79655370.0,1729825.5422
1753460275855,16:17:55.855,ACH/USDT:USDT,0.021301,510.0,0.021308,1270.0,0.02131,79655370.0,1729825.5422
1753460275955,16:17:55.955,ACH/USDT:USDT,0.021302,1250.0,0.02131,320.0,0.02131,79655370.0,1729825.5422
1753460276255,16:17:56.255,ACH/USDT:USDT,0.021302,1250.0,0.02131,320.0,0.02131,79655370.0,1729825.5422
1753460276355,16:17:56.355,ACH/USDT:USDT,0.0213,260.0,0.021301,2480.0,0.021301,79655880.0,1729836.4057
1753460276455,16:17:56.455,ACH/USDT:USDT,0.0213,260.0,0.021303,320.0,0.021301,79655880.0,1729836.4057
1753460276555,16:17:56.555,ACH/USDT:USDT,0.021295,260.0,0.0213,1210.0,0.0213,79656140.0,1729841.9437
1753460276655,16:17:56.655,ACH/USDT:USDT,0.021295,260.0,0.0213,1210.0,0.0213,79656140.0,1729841.9437
1753460276755,16:17:56.755,ACH/USDT:USDT,0.021295,260.0,0.021302,1270.0,0.0213,79656140.0,1729841.9437
1753460276855,16:17:56.855,ACH/USDT:USDT,0.021295,260.0,0.021302,1270.0,0.0213,79656140.0,1729841.9437
1753460277255,16:17:57.255,ACH/USDT:USDT,0.021295,260.0,0.021303,320.0,0.0213,79656140.0,1729841.9437
1753460277455,16:17:57.455,ACH/USDT:USDT,0.021295,260.0,0.021303,6330.0,0.0213,79656140.0,1729841.9437
1753460277755,16:17:57.755,ACH/USDT:USDT,0.021295,260.0,0.021303,6330.0,0.0213,79656140.0,1729841.9437
1753460278055,16:17:58.055,ACH/USDT:USDT,0.021295,260.0,0.021303,6330.0,0.0213,79656140.0,1729841.9437
1753460278255,16:17:58.255,ACH/USDT:USDT,0.021295,260.0,0.021302,7220.0,0.0213,79656140.0,1729841.9437
1753460278355,16:17:58.355,ACH/USDT:USDT,0.021295,260.0,0.021301,8970.0,0.0213,79656140.0,1729841.9437
1753460278655,16:17:58.655,ACH/USDT:USDT,0.021295,260.0,0.021301,8970.0,0.0213,79656140.0,1729841.9437
1753460278755,16:17:58.755,ACH/USDT:USDT,0.021295,260.0,0.021301,6490.0,0.0213,79656140.0,1729841.9437
1753460278955,16:17:58.955,ACH/USDT:USDT,0.021296,1250.0,0.021301,6010.0,0.0213,79656140.0,1729841.9437
1753460279055,16:17:59.055,ACH/USDT:USDT,0.021297,1700.0,0.021305,320.0,0.0213,79656140.0,1729841.9437
1753460279156,16:17:59.156,ACH/USDT:USDT,0.021295,260.0,0.021304,2480.0,0.0213,79656140.0,1729841.9437
1753460279255,16:17:59.255,ACH/USDT:USDT,0.021295,260.0,0.021303,1210.0,0.0213,79656140.0,1729841.9437
1753460279555,16:17:59.555,ACH/USDT:USDT,0.021296,1250.0,0.021301,1210.0,0.0213,79656140.0,1729841.9437
1753460279655,16:17:59.655,ACH/USDT:USDT,0.021298,1250.0,0.021305,320.0,0.0213,79656140.0,1729841.9437
1753460279855,16:17:59.855,ACH/USDT:USDT,0.0213,1250.0,0.021305,320.0,0.0213,79656140.0,1729841.9437
1753460280055,16:18:00.055,ACH/USDT:USDT,0.021296,1250.0,0.021304,2560.0,0.0213,79656140.0,1729841.9437
1753460280155,16:18:00.155,ACH/USDT:USDT,0.021298,1250.0,0.021305,320.0,0.0213,79656140.0,1729841.9437
1753460280255,16:18:00.255,ACH/USDT:USDT,0.021299,1250.0,0.021305,320.0,0.0213,79656140.0,1729841.9437
1753460280355,16:18:00.355,ACH/USDT:USDT,0.021299,1250.0,0.021302,2480.0,0.0213,79656140.0,1729841.9437
1753460280455,16:18:00.455,ACH/USDT:USDT,0.0213,1250.0,0.021305,320.0,0.0213,79656140.0,1729841.9437
1753460280555,16:18:00.555,ACH/USDT:USDT,0.021301,1250.0,0.021305,320.0,0.0213,79656140.0,1729841.9437
1753460280755,16:18:00.755,ACH/USDT:USDT,0.021295,580.0,0.021305,1530.0,0.0213,79656140.0,1729841.9437
1753460280855,16:18:00.855,ACH/USDT:USDT,0.021295,260.0,0.021305,1530.0,0.0213,79656140.0,1729841.9437
1753460280955,16:18:00.955,ACH/USDT:USDT,0.021295,260.0,0.021302,320.0,0.0213,79656140.0,1729841.9437
1753460281055,16:18:01.055,ACH/USDT:USDT,0.021295,260.0,0.021301,2480.0,0.0213,79656140.0,1729841.9437
1753460281155,16:18:01.155,ACH/USDT:USDT,0.02129,260.0,0.021291,1270.0,0.021291,79656720.0,1729854.2936
1753460281255,16:18:01.255,ACH/USDT:USDT,0.021287,1250.0,0.021293,1590.0,0.02129,79656980.0,1729859.829
1753460281355,16:18:01.355,ACH/USDT:USDT,0.021285,260.0,0.021291,2480.0,0.021287,79658230.0,1729886.4377
1753460281455,16:18:01.455,ACH/USDT:USDT,0.021286,1250.0,0.021292,1270.0,0.021287,79658230.0,1729886.4377
1753460281555,16:18:01.555,ACH/USDT:USDT,0.021271,1140.0,0.021274,2480.0,0.021276,79660590.0,1729936.6535
1753460281655,16:18:01.655,ACH/USDT:USDT,0.021272,1250.0,0.021278,2480.0,0.021276,79660590.0,1729936.6535
1753460281755,16:18:01.755,ACH/USDT:USDT,0.021272,1250.0,0.021278,1210.0,0.021276,79660590.0,1729936.6535
1753460281855,16:18:01.855,ACH/USDT:USDT,0.021273,1220.0,0.02128,320.0,0.021276,79660590.0,1729936.6535
1753460281956,16:18:01.956,ACH/USDT:USDT,0.021275,1250.0,0.021284,320.0,0.021276,79660590.0,1729936.6535
1753460282055,16:18:02.055,ACH/USDT:USDT,0.021277,1250.0,0.021284,320.0,0.021276,79660590.0,1729936.6535
1753460282155,16:18:02.155,ACH/USDT:USDT,0.021278,1700.0,0.021288,320.0,0.021276,79660590.0,1729936.6535
1753460282255,16:18:02.255,ACH/USDT:USDT,0.021282,1700.0,0.02129,320.0,0.021276,79660590.0,1729936.6535
1753460282355,16:18:02.355,ACH/USDT:USDT,0.021283,1570.0,0.021292,320.0,0.021276,79660590.0,1729936.6535
1753460282455,16:18:02.455,ACH/USDT:USDT,0.021284,2470.0,0.021292,320.0,0.021276,79660590.0,1729936.6535
1753460282555,16:18:02.555,ACH/USDT:USDT,0.021284,1220.0,0.021292,320.0,0.021276,79660590.0,1729936.6535
1753460282755,16:18:02.755,ACH/USDT:USDT,0.021285,1250.0,0.021292,320.0,0.021276,79660590.0,1729936.6535
1753460282857,16:18:02.857,ACH/USDT:USDT,0.021286,1250.0,0.021289,1270.0,0.021276,79660590.0,1729936.6535
1753460282955,16:18:02.955,ACH/USDT:USDT,0.021276,1220.0,0.021285,1590.0,0.021286,79661840.0,1729963.261
1753460283055,16:18:03.055,ACH/USDT:USDT,0.021276,1220.0,0.021285,320.0,0.021286,79661840.0,1729963.261
1753460283155,16:18:03.155,ACH/USDT:USDT,0.021276,1220.0,0.021285,320.0,0.021286,79661840.0,1729963.261
1753460283355,16:18:03.355,ACH/USDT:USDT,0.021271,460.0,0.021283,35490.0,0.021286,79661840.0,1729963.261
1753460283455,16:18:03.455,ACH/USDT:USDT,0.021273,1220.0,0.02128,310.0,0.021286,79661840.0,1729963.261
1753460283555,16:18:03.555,ACH/USDT:USDT,0.021275,1220.0,0.02128,310.0,0.021286,79661840.0,1729963.261
1753460283655,16:18:03.655,ACH/USDT:USDT,0.021276,1250.0,0.02128,310.0,0.021286,79661840.0,1729963.261
1753460283755,16:18:03.755,ACH/USDT:USDT,0.021276,1250.0,0.02128,310.0,0.021286,79661840.0,1729963.261
1753460284455,16:18:04.455,ACH/USDT:USDT,0.021277,1250.0,0.021282,10650.0,0.021286,79661840.0,1729963.261
1753460284555,16:18:04.555,ACH/USDT:USDT,0.021278,1250.0,0.021282,10650.0,0.021286,79661840.0,1729963.261
1753460284655,16:18:04.655,ACH/USDT:USDT,0.021279,1220.0,0.02129,2410.0,0.021286,79661840.0,1729963.261
1753460284755,16:18:04.755,ACH/USDT:USDT,0.02128,1250.0,0.02129,2410.0,0.021286,79661840.0,1729963.261
1753460285055,16:18:05.055,ACH/USDT:USDT,0.021281,1250.0,0.02129,2410.0,0.021286,79661840.0,1729963.261
1753460285155,16:18:05.155,ACH/USDT:USDT,0.021282,1250.0,0.02129,2720.0,0.021286,79661840.0,1729963.261
1753460285255,16:18:05.255,ACH/USDT:USDT,0.021284,1250.0,0.021292,310.0,0.021286,79661840.0,1729963.261
1753460285355,16:18:05.355,ACH/USDT:USDT,0.021286,1250.0,0.021292,310.0,0.021286,79661840.0,1729963.261
1753460285455,16:18:05.455,ACH/USDT:USDT,0.021287,1250.0,0.021294,310.0,0.021286,79661840.0,1729963.261
1753460285555,16:18:05.555,ACH/USDT:USDT,0.021288,1250.0,0.021294,310.0,0.021286,79661840.0,1729963.261
1753460285655,16:18:05.655,ACH/USDT:USDT,0.02129,1250.0,0.021294,310.0,0.021286,79661840.0,1729963.261
1753460285755,16:18:05.755,ACH/USDT:USDT,0.021291,1220.0,0.021295,260.0,0.021286,79661840.0,1729963.261
1753460285855,16:18:05.855,ACH/USDT:USDT,0.021292,1250.0,0.021295,260.0,0.021286,79661840.0,1729963.261
1753460285955,16:18:05.955,ACH/USDT:USDT,0.021293,1250.0,0.021295,260.0,0.021286,79661840.0,1729963.261
1753460286055,16:18:06.055,ACH/USDT:USDT,0.021294,1690.0,0.0213,260.0,0.021295,79662100.0,1729968.7977
1753460286155,16:18:06.155,ACH/USDT:USDT,0.021296,1220.0,0.0213,260.0,0.021295,79662100.0,1729968.7977
1753460286355,16:18:06.355,ACH/USDT:USDT,0.021297,1250.0,0.0213,260.0,0.021295,79662100.0,1729968.7977
1753460286455,16:18:06.455,ACH/USDT:USDT,0.021298,1250.0,0.0213,260.0,0.021295,79662100.0,1729968.7977
1753460286755,16:18:06.755,ACH/USDT:USDT,0.021298,1250.0,0.0213,260.0,0.021295,79662100.0,1729968.7977
1753460287355,16:18:07.355,ACH/USDT:USDT,0.021298,1250.0,0.0213,260.0,0.021295,79662100.0,1729968.7977
1753460288155,16:18:08.155,ACH/USDT:USDT,0.021299,1250.0,0.0213,550.0,0.021295,79662100.0,1729968.7977
1753460288255,16:18:08.255,ACH/USDT:USDT,0.021299,1250.0,0.0213,550.0,0.021295,79662100.0,1729968.7977
1753460289055,16:18:09.055,ACH/USDT:USDT,0.021299,1250.0,0.0213,260.0,0.021295,79662100.0,1729968.7977
1753460289655,16:18:09.655,ACH/USDT:USDT,0.021291,3090.0,0.0213,260.0,0.021295,79662100.0,1729968.7977
1753460289755,16:18:09.755,ACH/USDT:USDT,0.021292,1560.0,0.021299,560.0,0.021295,79662100.0,1729968.7977
1753460290255,16:18:10.255,ACH/USDT:USDT,0.021293,1250.0,0.021299,560.0,0.021295,79662100.0,1729968.7977
1753460290355,16:18:10.355,ACH/USDT:USDT,0.021294,2470.0,0.021299,560.0,0.021295,79662100.0,1729968.7977
1753460290455,16:18:10.455,ACH/USDT:USDT,0.021295,1250.0,0.021299,560.0,0.021295,79662100.0,1729968.7977
1753460290555,16:18:10.555,ACH/USDT:USDT,0.021297,1220.0,0.021299,560.0,0.021295,79662100.0,1729968.7977
1753460290655,16:18:10.655,ACH/USDT:USDT,0.021299,1250.0,0.0213,260.0,0.021299,79662660.0,1729980.7251
1753460290755,16:18:10.755,ACH/USDT:USDT,0.021303,1750.0,0.021304,290.0,0.021301,79664670.0,1730023.5398
1753460290855,16:18:10.855,ACH/USDT:USDT,0.021304,1250.0,0.021305,260.0,0.021301,79664670.0,1730023.5398
1753460291255,16:18:11.255,ACH/USDT:USDT,0.021304,1250.0,0.021305,260.0,0.021301,79664670.0,1730023.5398
1753460291555,16:18:11.555,ACH/USDT:USDT,0.021304,1250.0,0.021305,260.0,0.021301,79664670.0,1730023.5398
1753460292255,16:18:12.255,ACH/USDT:USDT,0.021308,1250.0,0.02131,260.0,0.021305,79664930.0,1730029.0791
1753460292355,16:18:12.355,ACH/USDT:USDT,0.021309,1250.0,0.02131,260.0,0.021305,79664930.0,1730029.0791
1753460292455,16:18:12.455,ACH/USDT:USDT,0.021309,1250.0,0.02131,260.0,0.021305,79664930.0,1730029.0791
1753460292755,16:18:12.755,ACH/USDT:USDT,0.021309,1250.0,0.02131,260.0,0.021305,79664930.0,1730029.0791
1753460293155,16:18:13.155,ACH/USDT:USDT,0.021307,310.0,0.02131,260.0,0.021305,79664930.0,1730029.0791
1753460293755,16:18:13.755,ACH/USDT:USDT,0.021309,500.0,0.02131,260.0,0.021305,79664930.0,1730029.0791
1753460294455,16:18:14.455,ACH/USDT:USDT,0.021304,500.0,0.02131,260.0,0.021305,79664930.0,1730029.0791
1753460294555,16:18:14.555,ACH/USDT:USDT,0.021305,1250.0,0.02131,260.0,0.021305,79664930.0,1730029.0791
1753460294755,16:18:14.755,ACH/USDT:USDT,0.021305,2650.0,0.02131,260.0,0.021305,79664930.0,1730029.0791
1753460294955,16:18:14.955,ACH/USDT:USDT,0.021307,2620.0,0.02131,260.0,0.021305,79664930.0,1730029.0791
1753460295255,16:18:15.255,ACH/USDT:USDT,0.021308,2650.0,0.02131,260.0,0.021305,79664930.0,1730029.0791
1753460296955,16:18:16.955,ACH/USDT:USDT,0.021308,2650.0,0.02131,260.0,0.021305,79664930.0,1730029.0791
1753460298055,16:18:18.055,ACH/USDT:USDT,0.021309,1250.0,0.02131,260.0,0.021305,79664930.0,1730029.0791
1753460298255,16:18:18.255,ACH/USDT:USDT,0.021313,1250.0,0.021314,290.0,0.021312,79665430.0,1730039.7346
1753460298355,16:18:18.355,ACH/USDT:USDT,0.021313,1250.0,0.021315,260.0,0.021312,79665430.0,1730039.7346
1753460298755,16:18:18.755,ACH/USDT:USDT,0.021314,1250.0,0.021315,260.0,0.021312,79665430.0,1730039.7346
1753460299355,16:18:19.355,ACH/USDT:USDT,0.021314,1250.0,0.021315,260.0,0.021312,79665430.0,1730039.7346
1753460299955,16:18:19.955,ACH/USDT:USDT,0.021315,1250.0,0.02132,260.0,0.021315,79665690.0,1730045.2765
1753460300055,16:18:20.055,ACH/USDT:USDT,0.021315,1250.0,0.02132,260.0,0.021315,79665690.0,1730045.2765
1753460300155,16:18:20.155,ACH/USDT:USDT,0.021316,1250.0,0.02132,260.0,0.021315,79665690.0,1730045.2765
1753460300255,16:18:20.255,ACH/USDT:USDT,0.021317,1250.0,0.02132,260.0,0.021315,79665690.0,1730045.2765
1753460300655,16:18:20.655,ACH/USDT:USDT,0.021319,500.0,0.02132,260.0,0.021315,79665690.0,1730045.2765
1753460300855,16:18:20.855,ACH/USDT:USDT,0.021319,500.0,0.02132,260.0,0.021315,79665690.0,1730045.2765
1753460301155,16:18:21.155,ACH/USDT:USDT,0.021319,500.0,0.02132,260.0,0.021315,79665690.0,1730045.2765
1753460301255,16:18:21.255,ACH/USDT:USDT,0.021324,1250.0,0.021325,260.0,0.021324,79666240.0,1730057.0037
1753460301355,16:18:21.355,ACH/USDT:USDT,0.021324,1250.0,0.021325,260.0,0.021324,79666240.0,1730057.0037
1753460301455,16:18:21.455,ACH/USDT:USDT,0.021324,1250.0,0.021325,260.0,0.021324,79666240.0,1730057.0037
1753460301755,16:18:21.755,ACH/USDT:USDT,0.021324,1250.0,0.021325,260.0,0.021324,79666240.0,1730057.0037
1753460301855,16:18:21.855,ACH/USDT:USDT,0.021325,2470.0,0.02133,520.0,0.021325,79666500.0,1730062.5482
1753460301955,16:18:21.955,ACH/USDT:USDT,0.021329,500.0,0.02133,280.0,0.021325,79666500.0,1730062.5482
1753460302555,16:18:22.555,ACH/USDT:USDT,0.021327,310.0,0.02133,280.0,0.021325,79666500.0,1730062.5482
1753460302655,16:18:22.655,ACH/USDT:USDT,0.021327,310.0,0.02133,280.0,0.021325,79666500.0,1730062.5482
1753460303255,16:18:23.255,ACH/USDT:USDT,0.021327,310.0,0.02133,280.0,0.021325,79666500.0,1730062.5482
1753460305355,16:18:25.355,ACH/USDT:USDT,0.021327,310.0,0.02133,280.0,0.021325,79666500.0,1730062.5482
1753460305755,16:18:25.755,ACH/USDT:USDT,0.021328,1250.0,0.02133,280.0,0.021325,79666500.0,1730062.5482
1753460305955,16:18:25.955,ACH/USDT:USDT,0.021328,1250.0,0.02133,280.0,0.021325,79666500.0,1730062.5482
1753460306255,16:18:26.255,ACH/USDT:USDT,0.021332,1250.0,0.02134,260.0,0.021335,79667040.0,1730074.0677
1753460306355,16:18:26.355,ACH/USDT:USDT,0.021333,1250.0,0.02134,260.0,0.021335,79667040.0,1730074.0677
1753460306555,16:18:26.555,ACH/USDT:USDT,0.021333,1250.0,0.02134,260.0,0.021335,79560510.0,1727699.7227
1753460306855,16:18:26.855,ACH/USDT:USDT,0.021333,1250.0,0.02134,260.0,0.021335,79560510.0,1727699.7227
1753460307455,16:18:27.455,ACH/USDT:USDT,0.021333,1250.0,0.02134,260.0,0.021335,79560510.0,1727699.7227
1753460307755,16:18:27.755,ACH/USDT:USDT,0.021327,310.0,0.02134,570.0,0.021335,79560510.0,1727699.7227
1753460307855,16:18:27.855,ACH/USDT:USDT,0.021325,310.0,0.021336,310.0,0.021335,79560510.0,1727699.7227
1753460308055,16:18:28.055,ACH/USDT:USDT,0.021326,1250.0,0.021336,310.0,0.021335,79560510.0,1727699.7227
1753460308155,16:18:28.155,ACH/USDT:USDT,0.021326,1720.0,0.021336,310.0,0.021335,79560510.0,1727699.7227
1753460308255,16:18:28.255,ACH/USDT:USDT,0.021327,1250.0,0.021336,310.0,0.021335,79560510.0,1727699.7227
1753460308355,16:18:28.355,ACH/USDT:USDT,0.02133,1250.0,0.021338,310.0,0.021335,79560510.0,1727699.7227
1753460308955,16:18:28.955,ACH/USDT:USDT,0.021331,1250.0,0.021338,310.0,0.021335,79560510.0,1727699.7227
1753460309255,16:18:29.255,ACH/USDT:USDT,0.021332,1250.0,0.021338,310.0,0.021335,79560510.0,1727699.7227
1753460310255,16:18:30.255,ACH/USDT:USDT,0.021333,1250.0,0.02134,570.0,0.021335,79560510.0,1727699.7227
1753460310755,16:18:30.755,ACH/USDT:USDT,0.021334,1250.0,0.02134,570.0,0.021335,79560510.0,1727699.7227
1753460310855,16:18:30.855,ACH/USDT:USDT,0.021335,1250.0,0.02134,260.0,0.021335,79560510.0,1727699.7227
1753460310955,16:18:30.955,ACH/USDT:USDT,0.021335,1560.0,0.02134,260.0,0.021335,79560510.0,1727699.7227
1753460311055,16:18:31.055,ACH/USDT:USDT,0.021336,1250.0,0.02134,260.0,0.021335,79560510.0,1727699.7227
1753460311155,16:18:31.155,ACH/USDT:USDT,0.021337,1250.0,0.02134,260.0,0.021335,79560510.0,1727699.7227
1753460312055,16:18:32.055,ACH/USDT:USDT,0.021335,310.0,0.02134,260.0,0.021335,79560510.0,1727699.7227
1753460312255,16:18:32.255,ACH/USDT:USDT,0.021335,310.0,0.02134,260.0,0.021335,79560510.0,1727699.7227
1753460312455,16:18:32.455,ACH/USDT:USDT,0.021326,250.0,0.02134,730.0,0.021335,79560510.0,1727699.7227
1753460312555,16:18:32.555,ACH/USDT:USDT,0.021327,1250.0,0.02134,730.0,0.021335,79560510.0,1727699.7227
1753460313055,16:18:33.055,ACH/USDT:USDT,0.021328,1720.0,0.02134,730.0,0.021335,79560510.0,1727699.7227
1753460313155,16:18:33.155,ACH/USDT:USDT,0.02133,1690.0,0.02134,730.0,0.021335,79560510.0,1727699.7227
1753460313255,16:18:33.255,ACH/USDT:USDT,0.021331,1250.0,0.02134,730.0,0.021335,79560510.0,1727699.7227
1753460313755,16:18:33.755,ACH/USDT:USDT,0.021331,1250.0,0.021338,310.0,0.021335,79560510.0,1727699.7227
1753460314055,16:18:34.055,ACH/USDT:USDT,0.021325,320.0,0.021334,310.0,0.021335,79560510.0,1727699.7227
1753460314655,16:18:34.655,ACH/USDT:USDT,0.021325,320.0,0.021334,310.0,0.021335,79560510.0,1727699.7227
1753460314955,16:18:34.955,ACH/USDT:USDT,0.021325,320.0,0.021334,310.0,0.021335,79560510.0,1727699.7227
1753460316055,16:18:36.055,ACH/USDT:USDT,0.021325,320.0,0.02133,100.0,0.021335,79560510.0,1727699.7227
1753460317955,16:18:37.955,ACH/USDT:USDT,0.021325,320.0,0.02133,100.0,0.021335,79560510.0,1727699.7227
1753460318855,16:18:38.855,ACH/USDT:USDT,0.021325,320.0,0.02133,100.0,0.021335,79560510.0,1727699.7227
1753460318955,16:18:38.955,ACH/USDT:USDT,0.021324,310.0,0.02133,100.0,0.021335,79560510.0,1727699.7227
1753460319155,16:18:39.155,ACH/USDT:USDT,0.021325,1560.0,0.02133,100.0,0.021335,79560510.0,1727699.7227
1753460319255,16:18:39.255,ACH/USDT:USDT,0.021326,1720.0,0.02133,100.0,0.021335,79560510.0,1727699.7227
1753460319455,16:18:39.455,ACH/USDT:USDT,0.021326,1250.0,0.02133,100.0,0.021335,79560510.0,1727699.7227
1753460320656,16:18:40.656,ACH/USDT:USDT,0.021321,1250.0,0.02133,100.0,0.021335,79560510.0,1727699.7227
1753460320755,16:18:40.755,ACH/USDT:USDT,0.021321,1250.0,0.02133,410.0,0.021335,79560510.0,1727699.7227
1753460320855,16:18:40.855,ACH/USDT:USDT,0.021316,310.0,0.021327,2480.0,0.021335,79560510.0,1727699.7227
1753460320955,16:18:40.955,ACH/USDT:USDT,0.021315,1060.0,0.021325,310.0,0.021335,79560510.0,1727699.7227
1753460321155,16:18:41.155,ACH/USDT:USDT,0.021315,1060.0,0.021323,1210.0,0.021335,79560510.0,1727699.7227
1753460321255,16:18:41.255,ACH/USDT:USDT,0.021315,1060.0,0.021321,2480.0,0.021335,79560510.0,1727699.7227
1753460321355,16:18:41.355,ACH/USDT:USDT,0.021315,1060.0,0.021319,2480.0,0.021335,79560510.0,1727699.7227
1753460321455,16:18:41.455,ACH/USDT:USDT,0.021315,1060.0,0.021318,2480.0,0.021335,79560510.0,1727699.7227
1753460321555,16:18:41.555,ACH/USDT:USDT,0.021315,1060.0,0.021323,470.0,0.021335,79560510.0,1727699.7227
1753460321655,16:18:41.655,ACH/USDT:USDT,0.021315,1060.0,0.02132,2480.0,0.021335,79560510.0,1727699.7227
1753460321755,16:18:41.755,ACH/USDT:USDT,0.021315,1060.0,0.021322,14920.0,0.021335,79560510.0,1727699.7227
1753460321955,16:18:41.955,ACH/USDT:USDT,0.021316,1250.0,0.021322,10700.0,0.021335,79560510.0,1727699.7227
1753460323255,16:18:43.255,ACH/USDT:USDT,0.021317,1250.0,0.021323,470.0,0.021335,79560510.0,1727699.7227
1753460324155,16:18:44.155,ACH/USDT:USDT,0.021317,1250.0,0.021321,2480.0,0.021335,79560510.0,1727699.7227
1753460324255,16:18:44.255,ACH/USDT:USDT,0.021317,1250.0,0.021322,2790.0,0.021335,79560510.0,1727699.7227
1753460324355,16:18:44.355,ACH/USDT:USDT,0.021315,260.0,0.021318,500.0,0.021335,79560510.0,1727699.7227
1753460324555,16:18:44.555,ACH/USDT:USDT,0.021315,260.0,0.021316,2480.0,0.021335,79560510.0,1727699.7227
1753460324855,16:18:44.855,ACH/USDT:USDT,0.021315,260.0,0.021316,2480.0,0.021335,79560510.0,1727699.7227
1753460324955,16:18:44.955,ACH/USDT:USDT,0.021315,260.0,0.021318,1770.0,0.021335,79560510.0,1727699.7227
1753460325155,16:18:45.155,ACH/USDT:USDT,0.021315,260.0,0.021318,500.0,0.021335,79560510.0,1727699.7227
1753460325755,16:18:45.755,ACH/USDT:USDT,0.021315,260.0,0.021318,500.0,0.021335,79560510.0,1727699.7227
1753460325955,16:18:45.955,ACH/USDT:USDT,0.021315,260.0,0.021318,2980.0,0.021335,79560510.0,1727699.7227
1753460326255,16:18:46.255,ACH/USDT:USDT,0.021315,260.0,0.021318,500.0,0.021335,79560510.0,1727699.7227
1753460327155,16:18:47.155,ACH/USDT:USDT,0.02131,260.0,0.021313,310.0,0.021315,79560770.0,1727705.2646
1753460327255,16:18:47.255,ACH/USDT:USDT,0.02131,260.0,0.021313,310.0,0.021315,79560770.0,1727705.2646
1753460327355,16:18:47.355,ACH/USDT:USDT,0.02131,260.0,0.021313,1520.0,0.021315,79560770.0,1727705.2646
1753460327556,16:18:47.556,ACH/USDT:USDT,0.02131,260.0,0.021312,1210.0,0.021315,79560770.0,1727705.2646
1753460327855,16:18:47.855,ACH/USDT:USDT,0.02131,260.0,0.021313,310.0,0.021315,79560770.0,1727705.2646
1753460327955,16:18:47.955,ACH/USDT:USDT,0.02131,260.0,0.021311,2980.0,0.021315,79560770.0,1727705.2646
1753460328255,16:18:48.255,ACH/USDT:USDT,0.021305,260.0,0.02131,2480.0,0.02131,79561030.0,1727710.8052
1753460328355,16:18:48.355,ACH/USDT:USDT,0.021305,260.0,0.021309,2480.0,0.02131,79561030.0,1727710.8052
1753460328455,16:18:48.455,ACH/USDT:USDT,0.021305,260.0,0.021309,2480.0,0.02131,79561030.0,1727710.8052
1753460328556,16:18:48.556,ACH/USDT:USDT,0.021305,260.0,0.02131,2480.0,0.02131,79561030.0,1727710.8052
1753460328855,16:18:48.855,ACH/USDT:USDT,0.021305,260.0,0.02131,2790.0,0.02131,79561030.0,1727710.8052
1753460328955,16:18:48.955,ACH/USDT:USDT,0.021305,260.0,0.021309,2480.0,0.02131,79561030.0,1727710.8052
1753460329055,16:18:49.055,ACH/USDT:USDT,0.021305,260.0,0.021308,2650.0,0.02131,79561030.0,1727710.8052
1753460329455,16:18:49.455,ACH/USDT:USDT,0.021305,260.0,0.02131,310.0,0.02131,79561030.0,1727710.8052
1753460329755,16:18:49.755,ACH/USDT:USDT,0.021305,260.0,0.02131,6320.0,0.02131,79561030.0,1727710.8052
1753460330255,16:18:50.255,ACH/USDT:USDT,0.021305,260.0,0.02131,6320.0,0.02131,79561030.0,1727710.8052
1753460330855,16:18:50.855,ACH/USDT:USDT,0.021305,260.0,0.02131,6320.0,0.02131,79561030.0,1727710.8052
1753460331755,16:18:51.755,ACH/USDT:USDT,0.021307,1220.0,0.02131,6320.0,0.02131,79561030.0,1727710.8052
1753460331955,16:18:51.955,ACH/USDT:USDT,0.021305,260.0,0.02131,6320.0,0.02131,79561030.0,1727710.8052
1753460333255,16:18:53.255,ACH/USDT:USDT,0.021305,260.0,0.02131,6320.0,0.02131,79561030.0,1727710.8052
1753460333355,16:18:53.355,ACH/USDT:USDT,0.021301,20.0,0.021305,8490.0,0.021305,79561290.0,1727716.3445
1753460333455,16:18:53.455,ACH/USDT:USDT,0.021301,20.0,0.021304,8490.0,0.021305,79561290.0,1727716.3445
1753460333655,16:18:53.655,ACH/USDT:USDT,0.021301,20.0,0.021304,6010.0,0.021305,79561290.0,1727716.3445
1753460333855,16:18:53.855,ACH/USDT:USDT,0.021301,20.0,0.021304,6010.0,0.021305,79561290.0,1727716.3445
1753460334755,16:18:54.755,ACH/USDT:USDT,0.021301,20.0,0.021304,6010.0,0.021305,79561290.0,1727716.3445
1753460335355,16:18:55.355,ACH/USDT:USDT,0.021301,20.0,0.021302,500.0,0.021305,79561290.0,1727716.3445
1753460335655,16:18:55.655,ACH/USDT:USDT,0.021301,20.0,0.021302,500.0,0.021305,79561290.0,1727716.3445
1753460335855,16:18:55.855,ACH/USDT:USDT,0.021301,20.0,0.021302,2640.0,0.021305,79561290.0,1727716.3445
1753460335955,16:18:55.955,ACH/USDT:USDT,0.021301,20.0,0.021302,500.0,0.021305,79561290.0,1727716.3445
1753460336755,16:18:56.755,ACH/USDT:USDT,0.021301,20.0,0.021304,6010.0,0.021305,79561290.0,1727716.3445
1753460336855,16:18:56.855,ACH/USDT:USDT,0.021302,1250.0,0.021304,6010.0,0.021305,79561290.0,1727716.3445
1753460337655,16:18:57.655,ACH/USDT:USDT,0.021304,1220.0,0.021311,310.0,0.021305,79561290.0,1727716.3445
1753460337755,16:18:57.755,ACH/USDT:USDT,0.021304,1220.0,0.021311,580.0,0.021305,79561290.0,1727716.3445
1753460337855,16:18:57.855,ACH/USDT:USDT,0.021304,1220.0,0.021311,310.0,0.021305,79561290.0,1727716.3445
1753460337955,16:18:57.955,ACH/USDT:USDT,0.021305,1250.0,0.021311,310.0,0.021305,79561290.0,1727716.3445
1753460338355,16:18:58.355,ACH/USDT:USDT,0.021305,1250.0,0.021311,850.0,0.021305,79561290.0,1727716.3445
1753460338455,16:18:58.455,ACH/USDT:USDT,0.021305,1250.0,0.021311,310.0,0.021305,79561290.0,1727716.3445
1753460338655,16:18:58.655,ACH/USDT:USDT,0.021305,1250.0,0.021311,1290.0,0.021305,79561290.0,1727716.3445
1753460338855,16:18:58.855,ACH/USDT:USDT,0.021302,320.0,0.021311,1170.0,0.021305,79561290.0,1727716.3445
1753460338955,16:18:58.955,ACH/USDT:USDT,0.021302,1250.0,0.021308,2480.0,0.021305,79561290.0,1727716.3445
1753460339155,16:18:59.155,ACH/USDT:USDT,0.021302,1250.0,0.02131,4410.0,0.021305,79561290.0,1727716.3445
1753460339255,16:18:59.255,ACH/USDT:USDT,0.021302,1250.0,0.02131,5600.0,0.021305,79561290.0,1727716.3445
1753460339355,16:18:59.355,ACH/USDT:USDT,0.021302,1250.0,0.02131,3120.0,0.021305,79561290.0,1727716.3445
1753460339455,16:18:59.455,ACH/USDT:USDT,0.021303,1250.0,0.02131,1930.0,0.021305,79561290.0,1727716.3445
1753460339555,16:18:59.555,ACH/USDT:USDT,0.021303,1250.0,0.02131,1800.0,0.021305,79561290.0,1727716.3445
1753460339656,16:18:59.656,ACH/USDT:USDT,0.021303,1250.0,0.02131,2330.0,0.021305,79561290.0,1727716.3445
1753460339856,16:18:59.856,ACH/USDT:USDT,0.021303,1250.0,0.02131,740.0,0.021305,79561290.0,1727716.3445
1753460339955,16:18:59.955,ACH/USDT:USDT,0.021304,1250.0,0.021311,310.0,0.021305,79561290.0,1727716.3445
1753460340055,16:19:00.055,ACH/USDT:USDT,0.021304,1250.0,0.02131,1210.0,0.021305,79561290.0,1727716.3445
1753460340155,16:19:00.155,ACH/USDT:USDT,0.021301,20.0,0.021305,1210.0,0.021305,79561290.0,1727716.3445
1753460340255,16:19:00.255,ACH/USDT:USDT,0.021301,20.0,0.021308,480.0,0.021305,79561290.0,1727716.3445
1753460340355,16:19:00.355,ACH/USDT:USDT,0.021301,20.0,0.021303,2480.0,0.021305,79561290.0,1727716.3445
1753460340455,16:19:00.455,ACH/USDT:USDT,0.021301,20.0,0.021302,2480.0,0.021305,79561290.0,1727716.3445
1753460340555,16:19:00.555,ACH/USDT:USDT,0.021301,20.0,0.021302,5780.0,0.021305,79561290.0,1727716.3445
1753460340655,16:19:00.655,ACH/USDT:USDT,0.021295,260.0,0.0213,320.0,0.0213,79561570.0,1727722.3086
1753460340755,16:19:00.755,ACH/USDT:USDT,0.021295,260.0,0.0213,1530.0,0.0213,79561570.0,1727722.3086
1753460340855,16:19:00.855,ACH/USDT:USDT,0.021295,260.0,0.021297,2480.0,0.0213,79561570.0,1727722.3086
1753460340955,16:19:00.955,ACH/USDT:USDT,0.021295,260.0,0.021299,1690.0,0.0213,79561570.0,1727722.3086
1753460341055,16:19:01.055,ACH/USDT:USDT,0.021295,260.0,0.021298,2480.0,0.0213,79561570.0,1727722.3086
1753460341155,16:19:01.155,ACH/USDT:USDT,0.021295,260.0,0.021298,3340.0,0.0213,79561570.0,1727722.3086
1753460341255,16:19:01.255,ACH/USDT:USDT,0.021295,260.0,0.021298,2070.0,0.0213,79561570.0,1727722.3086
1753460341355,16:19:01.355,ACH/USDT:USDT,0.021295,260.0,0.021298,4140.0,0.0213,79561570.0,1727722.3086
1753460341555,16:19:01.555,ACH/USDT:USDT,0.021295,260.0,0.021298,8280.0,0.0213,79561570.0,1727722.3086
1753460341655,16:19:01.655,ACH/USDT:USDT,0.021295,260.0,0.021298,8280.0,0.0213,79561570.0,1727722.3086
1753460342155,16:19:02.155,ACH/USDT:USDT,0.021295,260.0,0.021298,6210.0,0.0213,79561570.0,1727722.3086
1753460342255,16:19:02.255,ACH/USDT:USDT,0.021295,260.0,0.021299,480.0,0.0213,79561570.0,1727722.3086
1753460342855,16:19:02.855,ACH/USDT:USDT,0.021295,260.0,0.021299,750.0,0.0213,79561570.0,1727722.3086
1753460342955,16:19:02.955,ACH/USDT:USDT,0.021295,260.0,0.021299,480.0,0.0213,79561570.0,1727722.3086
1753460343355,16:19:03.355,ACH/USDT:USDT,0.021295,260.0,0.021299,1960.0,0.0213,79561570.0,1727722.3086
1753460343455,16:19:03.455,ACH/USDT:USDT,0.021295,260.0,0.021299,480.0,0.0213,79561570.0,1727722.3086
1753460344755,16:19:04.755,ACH/USDT:USDT,0.021295,260.0,0.021298,2480.0,0.0213,79561570.0,1727722.3086
1753460344855,16:19:04.855,ACH/USDT:USDT,0.021295,260.0,0.021299,2960.0,0.0213,79561570.0,1727722.3086
1753460345155,16:19:05.155,ACH/USDT:USDT,0.021295,260.0,0.021299,480.0,0.0213,79561570.0,1727722.3086
1753460345255,16:19:05.255,ACH/USDT:USDT,0.021295,260.0,0.021299,850.0,0.0213,79561570.0,1727722.3086
1753460345355,16:19:05.355,ACH/USDT:USDT,0.021296,1250.0,0.021304,320.0,0.0213,79561570.0,1727722.3086
1753460345455,16:19:05.455,ACH/USDT:USDT,0.021298,1730.0,0.021306,320.0,0.0213,79561570.0,1727722.3086
1753460345555,16:19:05.555,ACH/USDT:USDT,0.0213,1250.0,0.021308,320.0,0.0213,79561570.0,1727722.3086
1753460345655,16:19:05.655,ACH/USDT:USDT,0.021302,1220.0,0.021308,320.0,0.0213,79561570.0,1727722.3086
1753460345855,16:19:05.855,ACH/USDT:USDT,0.021302,1220.0,0.021308,860.0,0.0213,79561570.0,1727722.3086
1753460345955,16:19:05.955,ACH/USDT:USDT,0.021302,1220.0,0.021307,2480.0,0.0213,79561570.0,1727722.3086
1753460346055,16:19:06.055,ACH/USDT:USDT,0.021303,1250.0,0.021307,2480.0,0.0213,79561570.0,1727722.3086
1753460346155,16:19:06.155,ACH/USDT:USDT,0.021303,1250.0,0.021306,2480.0,0.0213,79561570.0,1727722.3086
1753460346255,16:19:06.255,ACH/USDT:USDT,0.021303,1250.0,0.021308,2800.0,0.0213,79561570.0,1727722.3086
1753460346355,16:19:06.355,ACH/USDT:USDT,0.021303,1250.0,0.021306,2480.0,0.0213,79561570.0,1727722.3086
1753460346555,16:19:06.555,ACH/USDT:USDT,0.021296,320.0,0.021304,2480.0,0.0213,79561570.0,1727722.3086
1753460346655,16:19:06.655,ACH/USDT:USDT,0.021297,1250.0,0.021304,2480.0,0.0213,79561570.0,1727722.3086
1753460346755,16:19:06.755,ACH/USDT:USDT,0.021297,1250.0,0.021304,2480.0,0.0213,79561570.0,1727722.3086
1753460346855,16:19:06.855,ACH/USDT:USDT,0.021298,1250.0,0.021306,2480.0,0.0213,79561570.0,1727722.3086
1753460347055,16:19:07.055,ACH/USDT:USDT,0.021299,1570.0,0.021308,860.0,0.0213,79561570.0,1727722.3086
1753460347155,16:19:07.155,ACH/USDT:USDT,0.0213,1730.0,0.021308,860.0,0.0213,79561570.0,1727722.3086
1753460347255,16:19:07.255,ACH/USDT:USDT,0.021301,1250.0,0.021308,320.0,0.0213,79561570.0,1727722.3086
1753460347355,16:19:07.355,ACH/USDT:USDT,0.021302,1220.0,0.021308,2480.0,0.0213,79561570.0,1727722.3086
1753460347555,16:19:07.555,ACH/USDT:USDT,0.021302,1220.0,0.021309,2480.0,0.0213,79561570.0,1727722.3086
1753460347755,16:19:07.755,ACH/USDT:USDT,0.021302,1220.0,0.021308,2480.0,0.0213,79561570.0,1727722.3086
1753460347855,16:19:07.855,ACH/USDT:USDT,0.021303,1250.0,0.02131,580.0,0.0213,79561570.0,1727722.3086
1753460348255,16:19:08.255,ACH/USDT:USDT,0.021305,1220.0,0.02131,260.0,0.0213,79561570.0,1727722.3086
1753460348355,16:19:08.355,ACH/USDT:USDT,0.021306,1250.0,0.02131,260.0,0.0213,79561570.0,1727722.3086
1753460348855,16:19:08.855,ACH/USDT:USDT,0.021307,1250.0,0.02131,260.0,0.0213,79561570.0,1727722.3086
1753460349755,16:19:09.755,ACH/USDT:USDT,0.021307,1250.0,0.02131,260.0,0.0213,79561570.0,1727722.3086
1753460351155,16:19:11.155,ACH/USDT:USDT,0.021307,1250.0,0.02131,260.0,0.0213,79528900.0,1726991.6737
1753460351256,16:19:11.256,ACH/USDT:USDT,0.021307,1250.0,0.02131,260.0,0.0213,79528900.0,1726991.6737
1753460351355,16:19:11.355,ACH/USDT:USDT,0.0213,320.0,0.021308,2480.0,0.0213,79528900.0,1726991.6737
1753460351455,16:19:11.455,ACH/USDT:USDT,0.021295,260.0,0.021298,2480.0,0.0213,79528900.0,1726991.6737
1753460351555,16:19:11.555,ACH/USDT:USDT,0.021296,1250.0,0.021301,2480.0,0.0213,79528900.0,1726991.6737
1753460351655,16:19:11.655,ACH/USDT:USDT,0.021296,1250.0,0.021302,2480.0,0.0213,79528900.0,1726991.6737
1753460351755,16:19:11.755,ACH/USDT:USDT,0.021297,1250.0,0.021304,1990.0,0.0213,79528900.0,1726991.6737
1753460351855,16:19:11.855,ACH/USDT:USDT,0.021297,1250.0,0.021304,780.0,0.0213,79528900.0,1726991.6737
1753460351955,16:19:11.955,ACH/USDT:USDT,0.021298,1730.0,0.021306,320.0,0.0213,79528900.0,1726991.6737
1753460352055,16:19:12.055,ACH/USDT:USDT,0.0213,1220.0,0.021309,480.0,0.0213,79528900.0,1726991.6737
1753460352155,16:19:12.155,ACH/USDT:USDT,0.021302,1220.0,0.021309,480.0,0.0213,79528900.0,1726991.6737
1753460352255,16:19:12.255,ACH/USDT:USDT,0.021303,1250.0,0.021309,480.0,0.0213,79528900.0,1726991.6737
1753460352355,16:19:12.355,ACH/USDT:USDT,0.021304,1250.0,0.02131,260.0,0.0213,79528900.0,1726991.6737
1753460352555,16:19:12.555,ACH/USDT:USDT,0.021306,1220.0,0.02131,260.0,0.0213,79528900.0,1726991.6737
1753460352655,16:19:12.655,ACH/USDT:USDT,0.021307,1250.0,0.02131,260.0,0.0213,79528900.0,1726991.6737
1753460352855,16:19:12.855,ACH/USDT:USDT,0.021309,1220.0,0.02131,260.0,0.0213,79528900.0,1726991.6737
1753460352955,16:19:12.955,ACH/USDT:USDT,0.021309,1720.0,0.02131,260.0,0.0213,79528900.0,1726991.6737
1753460353655,16:19:13.655,ACH/USDT:USDT,0.021312,320.0,0.021315,260.0,0.02131,79529160.0,1726997.2143
1753460353755,16:19:13.755,ACH/USDT:USDT,0.021313,1250.0,0.021315,260.0,0.02131,79529160.0,1726997.2143
1753460353855,16:19:13.855,ACH/USDT:USDT,0.021314,1250.0,0.021315,260.0,0.02131,79529160.0,1726997.2143
1753460353955,16:19:13.955,ACH/USDT:USDT,0.021314,1250.0,0.021315,260.0,0.02131,79529160.0,1726997.2143
1753460354255,16:19:14.255,ACH/USDT:USDT,0.021309,500.0,0.021315,260.0,0.02131,79529160.0,1726997.2143
1753460354355,16:19:14.355,ACH/USDT:USDT,0.021306,1570.0,0.021315,260.0,0.02131,79529160.0,1726997.2143
1753460354555,16:19:14.555,ACH/USDT:USDT,0.021307,1250.0,0.021315,260.0,0.02131,79529160.0,1726997.2143
1753460354655,16:19:14.655,ACH/USDT:USDT,0.021307,1730.0,0.021315,260.0,0.02131,79529160.0,1726997.2143
1753460355055,16:19:15.055,ACH/USDT:USDT,0.021308,1250.0,0.021315,260.0,0.02131,79529160.0,1726997.2143
1753460356155,16:19:16.155,ACH/USDT:USDT,0.021308,1250.0,0.021314,2480.0,0.02131,79529160.0,1726997.2143
1753460356255,16:19:16.255,ACH/USDT:USDT,0.021309,1250.0,0.021315,260.0,0.02131,79529160.0,1726997.2143
1753460356555,16:19:16.555,ACH/USDT:USDT,0.02131,1250.0,0.021315,260.0,0.02131,79529160.0,1726997.2143
1753460356655,16:19:16.655,ACH/USDT:USDT,0.021311,1250.0,0.021315,260.0,0.02131,79529160.0,1726997.2143
1753460356755,16:19:16.755,ACH/USDT:USDT,0.021313,1250.0,0.021315,260.0,0.02131,79529160.0,1726997.2143
1753460356855,16:19:16.855,ACH/USDT:USDT,0.021314,1250.0,0.021315,260.0,0.02131,79529160.0,1726997.2143
1753460356955,16:19:16.955,ACH/USDT:USDT,0.021314,1250.0,0.021315,260.0,0.02131,79529160.0,1726997.2143
1753460357055,16:19:17.055,ACH/USDT:USDT,0.021314,1250.0,0.02132,740.0,0.021315,79529420.0,1727002.7562
1753460357155,16:19:17.155,ACH/USDT:USDT,0.021315,1250.0,0.02132,260.0,0.021315,79529420.0,1727002.7562
1753460357255,16:19:17.255,ACH/USDT:USDT,0.021317,1540.0,0.021325,260.0,0.02132,79529680.0,1727008.2994
1753460357355,16:19:17.355,ACH/USDT:USDT,0.021318,1570.0,0.021325,260.0,0.02132,79529680.0,1727008.2994
1753460357455,16:19:17.455,ACH/USDT:USDT,0.02132,1220.0,0.021325,260.0,0.02132,79529680.0,1727008.2994
1753460357555,16:19:17.555,ACH/USDT:USDT,0.02132,1220.0,0.021325,260.0,0.02132,79529680.0,1727008.2994
1753460358455,16:19:18.455,ACH/USDT:USDT,0.02132,1220.0,0.021325,260.0,0.02132,79529680.0,1727008.2994
1753460358555,16:19:18.555,ACH/USDT:USDT,0.021321,1250.0,0.021325,260.0,0.02132,79529680.0,1727008.2994
1753460358655,16:19:18.655,ACH/USDT:USDT,0.021322,1250.0,0.021325,260.0,0.02132,79529680.0,1727008.2994
1753460358755,16:19:18.755,ACH/USDT:USDT,0.021322,1250.0,0.021325,260.0,0.02132,79529680.0,1727008.2994
1753460359955,16:19:19.955,ACH/USDT:USDT,0.021322,1250.0,0.021325,2740.0,0.02132,79529680.0,1727008.2994
1753460360055,16:19:20.055,ACH/USDT:USDT,0.021322,1250.0,0.021325,260.0,0.02132,79529680.0,1727008.2994
1753460360255,16:19:20.255,ACH/USDT:USDT,0.021322,1250.0,0.021325,260.0,0.02132,79529680.0,1727008.2994
1753460360555,16:19:20.555,ACH/USDT:USDT,0.021311,1250.0,0.021321,320.0,0.021322,79530930.0,1727034.9519
1753460360655,16:19:20.655,ACH/USDT:USDT,0.021311,1250.0,0.021321,320.0,0.021322,79530930.0,1727034.9519
1753460360755,16:19:20.755,ACH/USDT:USDT,0.021312,1250.0,0.021319,2480.0,0.021322,79530930.0,1727034.9519
1753460361055,16:19:21.055,ACH/USDT:USDT,0.021312,1250.0,0.021318,2480.0,0.021322,79530930.0,1727034.9519
1753460361155,16:19:21.155,ACH/USDT:USDT,0.021313,1250.0,0.02132,2480.0,0.021322,79530930.0,1727034.9519
1753460361255,16:19:21.255,ACH/USDT:USDT,0.021313,1250.0,0.021319,2480.0,0.021322,79530930.0,1727034.9519
1753460361355,16:19:21.355,ACH/USDT:USDT,0.021314,1250.0,0.021321,320.0,0.021322,79530930.0,1727034.9519
1753460361455,16:19:21.455,ACH/USDT:USDT,0.021315,1250.0,0.021321,320.0,0.021322,79530930.0,1727034.9519
1753460361555,16:19:21.555,ACH/USDT:USDT,0.021316,1250.0,0.021321,320.0,0.021322,79530930.0,1727034.9519
1753460361655,16:19:21.655,ACH/USDT:USDT,0.021317,1250.0,0.021323,320.0,0.021322,79530930.0,1727034.9519
1753460361955,16:19:21.955,ACH/USDT:USDT,0.021318,1250.0,0.021323,320.0,0.021322,79530930.0,1727034.9519
1753460362855,16:19:22.855,ACH/USDT:USDT,0.021319,1250.0,0.021323,320.0,0.021322,79530930.0,1727034.9519
1753460363055,16:19:23.055,ACH/USDT:USDT,0.02132,1250.0,0.021325,260.0,0.021322,79530930.0,1727034.9519
1753460363155,16:19:23.155,ACH/USDT:USDT,0.021321,1250.0,0.021325,260.0,0.021322,79530930.0,1727034.9519
1753460363255,16:19:23.255,ACH/USDT:USDT,0.021321,1250.0,0.021325,260.0,0.021322,79530930.0,1727034.9519
1753460363355,16:19:23.355,ACH/USDT:USDT,0.021322,1250.0,0.021325,260.0,0.021322,79530930.0,1727034.9519
1753460363455,16:19:23.455,ACH/USDT:USDT,0.021323,1250.0,0.021325,260.0,0.021322,79530930.0,1727034.9519
1753460363755,16:19:23.755,ACH/USDT:USDT,0.021324,1250.0,0.021325,260.0,0.021322,79530930.0,1727034.9519
1753460364155,16:19:24.155,ACH/USDT:USDT,0.021324,1750.0,0.021325,260.0,0.021322,79530930.0,1727034.9519
1753460364355,16:19:24.355,ACH/USDT:USDT,0.021325,1250.0,0.02133,380.0,0.021325,79531190.0,1727040.4964
1753460364455,16:19:24.455,ACH/USDT:USDT,0.021326,1250.0,0.02133,380.0,0.021325,79531190.0,1727040.4964
1753460364555,16:19:24.555,ACH/USDT:USDT,0.021326,1730.0,0.02133,380.0,0.021325,79531190.0,1727040.4964
1753460364655,16:19:24.655,ACH/USDT:USDT,0.021327,1250.0,0.02133,380.0,0.021325,79531190.0,1727040.4964
1753460364755,16:19:24.755,ACH/USDT:USDT,0.021328,1250.0,0.02133,380.0,0.021325,79531190.0,1727040.4964
1753460365055,16:19:25.055,ACH/USDT:USDT,0.021329,1250.0,0.02133,380.0,0.021325,79531190.0,1727040.4964
1753460365655,16:19:25.655,ACH/USDT:USDT,0.021329,1250.0,0.02133,380.0,0.021325,79531190.0,1727040.4964
1753460365755,16:19:25.755,ACH/USDT:USDT,0.02133,1560.0,0.021335,260.0,0.02133,79531570.0,1727048.6018
1753460365855,16:19:25.855,ACH/USDT:USDT,0.02133,1560.0,0.021335,260.0,0.02133,79531570.0,1727048.6018
1753460365955,16:19:25.955,ACH/USDT:USDT,0.021331,1250.0,0.021335,260.0,0.02133,79531570.0,1727048.6018
1753460366055,16:19:26.055,ACH/USDT:USDT,0.021332,1250.0,0.021335,260.0,0.02133,79531570.0,1727048.6018
1753460366755,16:19:26.755,ACH/USDT:USDT,0.021333,1250.0,0.021335,260.0,0.02133,79531570.0,1727048.6018
1753460366855,16:19:26.855,ACH/USDT:USDT,0.021333,1250.0,0.021335,260.0,0.02133,79531570.0,1727048.6018
1753460367155,16:19:27.155,ACH/USDT:USDT,0.021333,1250.0,0.021335,260.0,0.02133,79531570.0,1727048.6018
1753460368455,16:19:28.455,ACH/USDT:USDT,0.021334,1750.0,0.021335,260.0,0.02133,79531570.0,1727048.6018
1753460368655,16:19:28.655,ACH/USDT:USDT,0.021334,1750.0,0.021335,260.0,0.02133,79531570.0,1727048.6018
1753460368855,16:19:28.855,ACH/USDT:USDT,0.021335,1570.0,0.02134,260.0,0.021335,79531830.0,1727054.1489
1753460368955,16:19:28.955,ACH/USDT:USDT,0.021336,1250.0,0.02134,260.0,0.021335,79531830.0,1727054.1489
1753460369155,16:19:29.155,ACH/USDT:USDT,0.021337,1250.0,0.02134,260.0,0.021335,79531830.0,1727054.1489
1753460369555,16:19:29.555,ACH/USDT:USDT,0.021337,1250.0,0.02134,260.0,0.021335,79531830.0,1727054.1489
1753460369855,16:19:29.855,ACH/USDT:USDT,0.021337,1250.0,0.02134,260.0,0.021335,79531830.0,1727054.1489
1753460371255,16:19:31.255,ACH/USDT:USDT,0.021333,320.0,0.02134,260.0,0.021335,79531830.0,1727054.1489
1753460371355,16:19:31.355,ACH/USDT:USDT,0.021332,320.0,0.02134,260.0,0.021335,79531830.0,1727054.1489
1753460371855,16:19:31.855,ACH/USDT:USDT,0.021328,310.0,0.021338,1270.0,0.021335,79531830.0,1727054.1489
1753460371955,16:19:31.955,ACH/USDT:USDT,0.021329,1250.0,0.021339,2480.0,0.021335,79531830.0,1727054.1489
1753460372055,16:19:32.055,ACH/USDT:USDT,0.021329,1250.0,0.021338,2480.0,0.021335,79531830.0,1727054.1489
1753460372255,16:19:32.255,ACH/USDT:USDT,0.021333,1250.0,0.02134,580.0,0.021335,79531830.0,1727054.1489
1753460372855,16:19:32.855,ACH/USDT:USDT,0.021333,1250.0,0.02134,580.0,0.021335,79531830.0,1727054.1489
1753460373755,16:19:33.755,ACH/USDT:USDT,0.021333,1250.0,0.02134,580.0,0.021335,79531830.0,1727054.1489
1753460375855,16:19:35.855,ACH/USDT:USDT,0.021333,1250.0,0.021339,2480.0,0.021335,79531830.0,1727054.1489
1753460376155,16:19:36.155,ACH/USDT:USDT,0.021333,1250.0,0.021339,2960.0,0.021335,79531830.0,1727054.1489
1753460376256,16:19:36.256,ACH/USDT:USDT,0.021333,1250.0,0.021339,480.0,0.021335,79531830.0,1727054.1489
1753460377255,16:19:37.255,ACH/USDT:USDT,0.021333,1250.0,0.021336,100.0,0.021335,79531830.0,1727054.1489
1753460378955,16:19:38.955,ACH/USDT:USDT,0.021334,1250.0,0.021336,100.0,0.021335,79531830.0,1727054.1489
1753460379456,16:19:39.456,ACH/USDT:USDT,0.021334,1250.0,0.021336,100.0,0.021335,79531830.0,1727054.1489
1753460379755,16:19:39.755,ACH/USDT:USDT,0.021334,1250.0,0.021336,100.0,0.021335,79531830.0,1727054.1489
1753460381256,16:19:41.256,ACH/USDT:USDT,0.021334,1250.0,0.021336,100.0,0.021335,79531830.0,1727054.1489
1753460382055,16:19:42.055,ACH/USDT:USDT,0.021335,1250.0,0.021336,100.0,0.021335,79531830.0,1727054.1489
1753460383055,16:19:43.055,ACH/USDT:USDT,0.021335,1750.0,0.021336,100.0,0.021335,79531830.0,1727054.1489
1753460384655,16:19:44.655,ACH/USDT:USDT,0.021336,1250.0,0.02134,260.0,0.021335,79531830.0,1727054.1489
1753460385955,16:19:45.955,ACH/USDT:USDT,0.021336,1250.0,0.021339,200.0,0.021335,79531830.0,1727054.1489
1753460386355,16:19:46.355,ACH/USDT:USDT,0.021335,180.0,0.021336,2480.0,0.021336,79533080.0,1727080.8189
1753460386455,16:19:46.455,ACH/USDT:USDT,0.021335,180.0,0.021336,1270.0,0.021336,79533080.0,1727080.8189
1753460386555,16:19:46.555,ACH/USDT:USDT,0.021335,180.0,0.021338,320.0,0.021336,79533080.0,1727080.8189
1753460386655,16:19:46.655,ACH/USDT:USDT,0.021337,1250.0,0.021339,200.0,0.021336,79533080.0,1727080.8189
1753460386955,16:19:46.955,ACH/USDT:USDT,0.021337,1250.0,0.021339,200.0,0.021336,79533080.0,1727080.8189
1753460387355,16:19:47.355,ACH/USDT:USDT,0.021338,1250.0,0.021339,200.0,0.021336,79533080.0,1727080.8189
1753460387556,16:19:47.556,ACH/USDT:USDT,0.021338,1250.0,0.021339,200.0,0.021336,79533080.0,1727080.8189
1753460388855,16:19:48.855,ACH/USDT:USDT,0.021345,1250.0,0.021347,10.0,0.021345,79534920.0,1727120.09
1753460388955,16:19:48.955,ACH/USDT:USDT,0.021346,1230.0,0.021347,10.0,0.021345,79534920.0,1727120.09
1753460389055,16:19:49.055,ACH/USDT:USDT,0.021346,1230.0,0.021347,10.0,0.021345,79534920.0,1727120.09
1753460389155,16:19:49.155,ACH/USDT:USDT,0.021343,500.0,0.021347,10.0,0.021345,79534920.0,1727120.09
1753460389255,16:19:49.255,ACH/USDT:USDT,0.021345,1230.0,0.021347,10.0,0.021345,79534920.0,1727120.09
1753460389355,16:19:49.355,ACH/USDT:USDT,0.021341,320.0,0.021347,10.0,0.021345,79534920.0,1727120.09
1753460389555,16:19:49.555,ACH/USDT:USDT,0.02134,1250.0,0.021347,10.0,0.021345,79534920.0,1727120.09
1753460389655,16:19:49.655,ACH/USDT:USDT,0.02134,1250.0,0.021347,10.0,0.021345,79534920.0,1727120.09
1753460389755,16:19:49.755,ACH/USDT:USDT,0.02134,1250.0,0.021346,2480.0,0.021345,79534920.0,1727120.09
1753460389856,16:19:49.856,ACH/USDT:USDT,0.02134,1250.0,0.021347,10.0,0.021345,79534920.0,1727120.09
1753460389956,16:19:49.956,ACH/USDT:USDT,0.02134,1250.0,0.021347,10.0,0.021345,79534920.0,1727120.09
1753460391055,16:19:51.055,ACH/USDT:USDT,0.02134,1250.0,0.021347,330.0,0.021345,79534920.0,1727120.09
1753460391755,16:19:51.755,ACH/USDT:USDT,0.021335,180.0,0.021341,500.0,0.02134,79536170.0,1727146.765
1753460391855,16:19:51.855,ACH/USDT:USDT,0.021335,180.0,0.02134,2480.0,0.02134,79536170.0,1727146.765
1753460391955,16:19:51.955,ACH/USDT:USDT,0.021335,180.0,0.021336,500.0,0.02134,79536170.0,1727146.765
1753460392055,16:19:52.055,ACH/USDT:USDT,0.021335,180.0,0.021336,2980.0,0.02134,79536170.0,1727146.765
1753460392355,16:19:52.355,ACH/USDT:USDT,0.021335,180.0,0.021336,2980.0,0.02134,79536170.0,1727146.765
1753460392655,16:19:52.655,ACH/USDT:USDT,0.021335,180.0,0.021336,500.0,0.02134,79536170.0,1727146.765
1753460393255,16:19:53.255,ACH/USDT:USDT,0.021335,180.0,0.021336,500.0,0.02134,79536170.0,1727146.765
1753460393955,16:19:53.955,ACH/USDT:USDT,0.021335,180.0,0.021338,320.0,0.02134,79536170.0,1727146.765
1753460394155,16:19:54.155,ACH/USDT:USDT,0.021335,180.0,0.021338,320.0,0.02134,79536170.0,1727146.765
1753460394456,16:19:54.456,ACH/USDT:USDT,0.021335,180.0,0.021338,320.0,0.02134,79536170.0,1727146.765
1753460394655,16:19:54.655,ACH/USDT:USDT,0.021335,180.0,0.02134,320.0,0.02134,79536170.0,1727146.765
