timestamp,time,symbol,bid,bidVolume,ask,askVolume,lastPrice,baseVolume,quoteVolume
1753460253663,16:17:33.663,ALGO/USDT:USDT,0.2573,19108.1,0.2574,22373.4,0.2573,117721107.3,30723530.0541
1753460254263,16:17:34.263,ALGO/USDT:USDT,0.2573,11845.3,0.2574,24412.8,0.2573,117721107.3,30723530.0541
1753460254464,16:17:34.464,ALGO/USDT:USDT,0.2573,13099.5,0.2574,23393.0,0.2573,117721107.3,30723530.0541
1753460254564,16:17:34.564,ALGO/USDT:USDT,0.2573,11845.3,0.2574,23393.0,0.2573,117721107.3,30723530.0541
1753460254864,16:17:34.864,ALGO/USDT:USDT,0.2573,11845.3,0.2574,34393.0,0.2573,117721107.3,30723530.0541
1753460254963,16:17:34.963,ALGO/USDT:USDT,0.2573,20128.6,0.2574,22372.5,0.2573,117721107.3,30723530.0541
1753460255364,16:17:35.364,ALGO/USDT:USDT,0.2573,22675.3,0.2574,22410.2,0.2573,117721107.3,30723530.0541
1753460256064,16:17:36.064,ALGO/USDT:USDT,0.2573,23929.5,0.2574,3417.1,0.2573,117721107.3,30723530.0541
1753460256563,16:17:36.563,ALGO/USDT:USDT,0.2573,19108.1,0.2574,24449.7,0.2573,117721107.3,30723530.0541
1753460256863,16:17:36.863,ALGO/USDT:USDT,0.2573,115.0,0.2574,40061.6,0.2573,117721107.3,30723530.0541
1753460256963,16:17:36.963,ALGO/USDT:USDT,0.2573,115.0,0.2574,40450.1,0.2573,117721107.3,30723530.0541
1753460257163,16:17:37.163,ALGO/USDT:USDT,0.2573,115.0,0.2574,40450.1,0.2573,117721107.3,30723530.0541
1753460257364,16:17:37.364,ALGO/USDT:USDT,0.2573,114.9,0.2574,40450.1,0.2573,117721107.3,30723530.0541
1753460257463,16:17:37.463,ALGO/USDT:USDT,0.2573,114.9,0.2574,40834.3,0.2573,117721107.3,30723530.0541
1753460257664,16:17:37.664,ALGO/USDT:USDT,0.2572,20574.0,0.2573,43163.3,0.2573,117721222.2,30723559.6179
1753460257763,16:17:37.763,ALGO/USDT:USDT,0.2572,20574.0,0.2573,43135.1,0.2573,117721222.2,30723559.6179
1753460257863,16:17:37.863,ALGO/USDT:USDT,0.2572,20574.0,0.2573,42142.8,0.2573,117721222.2,30723559.6179
1753460257964,16:17:37.964,ALGO/USDT:USDT,0.2572,18333.0,0.2573,43135.1,0.2573,117721222.2,30723559.6179
1753460258064,16:17:38.064,ALGO/USDT:USDT,0.2572,18333.0,0.2573,42142.8,0.2573,117721222.2,30723559.6179
1753460258263,16:17:38.263,ALGO/USDT:USDT,0.2572,18333.0,0.2573,43135.1,0.2573,117721222.2,30723559.6179
1753460258464,16:17:38.464,ALGO/USDT:USDT,0.2572,18503.0,0.2573,43135.1,0.2573,117721222.2,30723559.6179
1753460258664,16:17:38.664,ALGO/USDT:USDT,0.2572,18503.0,0.2573,40010.4,0.2573,117721222.2,30723559.6179
1753460258963,16:17:38.963,ALGO/USDT:USDT,0.2572,170.0,0.2573,41588.4,0.2573,117721222.2,30723559.6179
1753460259063,16:17:39.063,ALGO/USDT:USDT,0.2572,170.0,0.2573,42842.6,0.2573,117721222.2,30723559.6179
1753460259163,16:17:39.163,ALGO/USDT:USDT,0.2572,170.0,0.2573,41588.4,0.2573,117721222.2,30723559.6179
1753460259463,16:17:39.463,ALGO/USDT:USDT,0.2572,170.0,0.2573,41972.7,0.2573,117721222.2,30723559.6179
1753460259864,16:17:39.864,ALGO/USDT:USDT,0.2572,170.0,0.2573,48361.4,0.2573,117721222.2,30723559.6179
1753460260063,16:17:40.063,ALGO/USDT:USDT,0.2571,59425.5,0.2572,26112.4,0.2572,117721392.2,30723603.3419
1753460260163,16:17:40.163,ALGO/USDT:USDT,0.2571,21.4,0.2572,41509.5,0.2572,117721392.2,30723603.3419
1753460260363,16:17:40.363,ALGO/USDT:USDT,0.2571,1193.8,0.2572,42287.2,0.2572,117721392.2,30723603.3419
1753460260463,16:17:40.463,ALGO/USDT:USDT,0.2571,21.4,0.2572,42671.6,0.2572,117721392.2,30723603.3419
1753460260563,16:17:40.563,ALGO/USDT:USDT,0.2571,7329.5,0.2572,42671.6,0.2572,117721392.2,30723603.3419
1753460260663,16:17:40.663,ALGO/USDT:USDT,0.2571,63.9,0.2572,44550.7,0.2572,117721392.2,30723603.3419
1753460260763,16:17:40.763,ALGO/USDT:USDT,0.2571,3063.0,0.2572,42272.3,0.2572,117721392.2,30723603.3419
1753460260863,16:17:40.863,ALGO/USDT:USDT,0.2571,3063.0,0.2572,42194.5,0.2572,117721392.2,30723603.3419
1753460261063,16:17:41.063,ALGO/USDT:USDT,0.2571,63.9,0.2572,42972.2,0.2572,117721392.2,30723603.3419
1753460261163,16:17:41.163,ALGO/USDT:USDT,0.2571,63.9,0.2572,39846.2,0.2572,117721392.2,30723603.3419
1753460261463,16:17:41.463,ALGO/USDT:USDT,0.2571,63.9,0.2572,41343.6,0.2572,117721392.2,30723603.3419
1753460261563,16:17:41.563,ALGO/USDT:USDT,0.257,15993.9,0.2571,50017.2,0.2571,117721456.1,30723619.7705
1753460261663,16:17:41.663,ALGO/USDT:USDT,0.257,3861.3,0.2571,43148.5,0.2571,117721456.1,30723619.7705
1753460261764,16:17:41.764,ALGO/USDT:USDT,0.257,285.8,0.2571,43148.5,0.2571,117721456.1,30723619.7705
1753460261863,16:17:41.863,ALGO/USDT:USDT,0.257,733.4,0.2571,43604.8,0.2571,117721456.1,30723619.7705
1753460261963,16:17:41.963,ALGO/USDT:USDT,0.257,733.4,0.2571,45102.8,0.2571,117721456.1,30723619.7705
1753460262264,16:17:42.264,ALGO/USDT:USDT,0.257,3632.7,0.2571,43526.9,0.2571,117721456.1,30723619.7705
1753460262363,16:17:42.363,ALGO/USDT:USDT,0.257,23860.6,0.2571,30140.0,0.2571,117721456.1,30723619.7705
1753460262464,16:17:42.464,ALGO/USDT:USDT,0.257,24126.6,0.2571,29761.6,0.2571,117721456.1,30723619.7705
1753460262563,16:17:42.563,ALGO/USDT:USDT,0.257,22660.3,0.2571,29761.6,0.2571,117721456.1,30723619.7705
1753460262663,16:17:42.663,ALGO/USDT:USDT,0.257,22660.3,0.2571,30693.9,0.2571,117721456.1,30723619.7705
1753460262864,16:17:42.864,ALGO/USDT:USDT,0.257,733.4,0.2571,32951.7,0.2571,117721456.1,30723619.7705
1753460263063,16:17:43.063,ALGO/USDT:USDT,0.257,14717.9,0.2571,30693.9,0.2571,117721456.1,30723619.7705
1753460263164,16:17:43.164,ALGO/USDT:USDT,0.257,12444.2,0.2571,31635.3,0.2571,117721456.1,30723619.7705
1753460263263,16:17:43.263,ALGO/USDT:USDT,0.257,17859.9,0.2571,30695.3,0.2571,117721456.1,30723619.7705
1753460263463,16:17:43.463,ALGO/USDT:USDT,0.257,13698.4,0.2571,30695.3,0.2571,117721456.1,30723619.7705
1753460263563,16:17:43.563,ALGO/USDT:USDT,0.257,713.9,0.2571,34207.3,0.2571,117721456.1,30723619.7705
1753460263664,16:17:43.664,ALGO/USDT:USDT,0.257,21868.0,0.2571,30695.3,0.2571,117721456.1,30723619.7705
1753460263863,16:17:43.863,ALGO/USDT:USDT,0.257,21868.0,0.2571,32574.7,0.2571,117721456.1,30723619.7705
1753460263963,16:17:43.963,ALGO/USDT:USDT,0.257,21868.0,0.2571,31635.3,0.2571,117721456.1,30723619.7705
1753460264063,16:17:44.063,ALGO/USDT:USDT,0.257,1382.0,0.2571,32574.7,0.2571,117721456.1,30723619.7705
1753460264164,16:17:44.164,ALGO/USDT:USDT,0.257,12443.1,0.2571,32953.1,0.2571,117721456.1,30723619.7705
1753460264264,16:17:44.264,ALGO/USDT:USDT,0.257,13697.3,0.2571,30695.3,0.2571,117721456.1,30723619.7705
1753460264363,16:17:44.363,ALGO/USDT:USDT,0.257,4874.3,0.2571,32953.1,0.2571,117721456.1,30723619.7705
1753460264463,16:17:44.463,ALGO/USDT:USDT,0.257,712.8,0.2571,32953.1,0.2571,117721456.1,30723619.7705
1753460264664,16:17:44.664,ALGO/USDT:USDT,0.257,13449.7,0.2571,32953.1,0.2571,117721456.1,30723619.7705
1753460264963,16:17:44.963,ALGO/USDT:USDT,0.257,13449.7,0.2571,31073.7,0.2571,117721456.1,30723619.7705
1753460265064,16:17:45.064,ALGO/USDT:USDT,0.257,13449.7,0.2571,32953.1,0.2571,117721456.1,30723619.7705
1753460265164,16:17:45.164,ALGO/USDT:USDT,0.257,13697.3,0.2571,32953.1,0.2571,117721456.1,30723619.7705
1753460265264,16:17:45.264,ALGO/USDT:USDT,0.257,13697.3,0.2571,31635.3,0.2571,117721456.1,30723619.7705
1753460265364,16:17:45.364,ALGO/USDT:USDT,0.257,12443.1,0.2571,31635.3,0.2571,117721456.1,30723619.7705
1753460265464,16:17:45.464,ALGO/USDT:USDT,0.257,12443.1,0.2571,30695.2,0.2571,117721456.1,30723619.7705
1753460265564,16:17:45.564,ALGO/USDT:USDT,0.257,21005.4,0.2571,30695.2,0.2571,117721456.1,30723619.7705
1753460265663,16:17:45.663,ALGO/USDT:USDT,0.257,21005.4,0.2571,30785.1,0.2571,117721456.1,30723619.7705
1753460265763,16:17:45.763,ALGO/USDT:USDT,0.257,19751.2,0.2571,30785.1,0.2571,117721456.1,30723619.7705
1753460265863,16:17:45.863,ALGO/USDT:USDT,0.2569,8054.2,0.257,63256.0,0.2569,117745676.7,30729844.0178
1753460265963,16:17:45.963,ALGO/USDT:USDT,0.2569,19811.7,0.257,50113.9,0.2569,117745676.7,30729844.0178
1753460266163,16:17:46.163,ALGO/USDT:USDT,0.2569,23050.5,0.257,31324.4,0.2569,117745676.7,30729844.0178
1753460266263,16:17:46.263,ALGO/USDT:USDT,0.2569,22855.9,0.257,31465.4,0.2569,117745676.7,30729844.0178
1753460266363,16:17:46.363,ALGO/USDT:USDT,0.2569,8081.4,0.257,31465.4,0.2569,117745676.7,30729844.0178
1753460266464,16:17:46.464,ALGO/USDT:USDT,0.2569,2973.2,0.257,33731.3,0.2569,117745676.7,30729844.0178
1753460266563,16:17:46.563,ALGO/USDT:USDT,0.2569,55.5,0.257,36394.0,0.2569,117745676.7,30729844.0178
1753460266664,16:17:46.664,ALGO/USDT:USDT,0.2569,57.5,0.257,36394.0,0.2569,117745676.7,30729844.0178
1753460266863,16:17:46.863,ALGO/USDT:USDT,0.2568,21856.4,0.2569,25570.7,0.2568,117746563.0,30730071.6254
1753460266963,16:17:46.963,ALGO/USDT:USDT,0.2568,25239.6,0.2569,40184.6,0.2568,117746563.0,30730071.6254
1753460267164,16:17:47.164,ALGO/USDT:USDT,0.2568,23317.4,0.2569,42401.3,0.2568,117746563.0,30730071.6254
1753460267263,16:17:47.263,ALGO/USDT:USDT,0.2568,62.9,0.2569,44361.3,0.2568,117746563.0,30730071.6254
1753460267363,16:17:47.363,ALGO/USDT:USDT,0.2568,62.9,0.2569,44283.4,0.2568,117746563.0,30730071.6254
1753460267463,16:17:47.463,ALGO/USDT:USDT,0.2568,62.9,0.2569,44361.3,0.2568,117746563.0,30730071.6254
1753460267563,16:17:47.563,ALGO/USDT:USDT,0.2568,62.9,0.2569,47413.7,0.2568,117746563.0,30730071.6254
1753460267664,16:17:47.664,ALGO/USDT:USDT,0.2568,62.9,0.2569,47413.7,0.2568,117746563.0,30730071.6254
1753460267763,16:17:47.763,ALGO/USDT:USDT,0.2568,67.1,0.2569,47413.7,0.2568,117746563.0,30730071.6254
1753460267964,16:17:47.964,ALGO/USDT:USDT,0.2568,67.1,0.2569,44281.2,0.2568,117746563.0,30730071.6254
1753460268064,16:17:48.064,ALGO/USDT:USDT,0.2567,16558.5,0.2568,53239.0,0.2568,117746630.1,30730088.8567
1753460268164,16:17:48.164,ALGO/USDT:USDT,0.2567,16558.5,0.2568,52190.8,0.2568,117746630.1,30730088.8567
1753460268264,16:17:48.264,ALGO/USDT:USDT,0.2567,16558.5,0.2568,52190.8,0.2568,117746630.1,30730088.8567
1753460268364,16:17:48.364,ALGO/USDT:USDT,0.2567,13455.7,0.2568,52190.8,0.2568,117746630.1,30730088.8567
1753460268464,16:17:48.464,ALGO/USDT:USDT,0.2567,11546.9,0.2568,52190.8,0.2568,117746630.1,30730088.8567
1753460268564,16:17:48.564,ALGO/USDT:USDT,0.2567,11546.9,0.2568,53266.2,0.2568,117746630.1,30730088.8567
1753460268663,16:17:48.663,ALGO/USDT:USDT,0.2567,180.5,0.2568,55644.3,0.2568,117746630.1,30730088.8567
1753460268864,16:17:48.864,ALGO/USDT:USDT,0.2567,180.5,0.2568,55647.8,0.2568,117746630.1,30730088.8567
1753460269063,16:17:49.063,ALGO/USDT:USDT,0.2566,12815.0,0.2567,45317.0,0.2567,117746810.6,30730135.191
1753460269163,16:17:49.163,ALGO/USDT:USDT,0.2566,24525.8,0.2567,45317.0,0.2567,117746810.6,30730135.191
1753460269264,16:17:49.264,ALGO/USDT:USDT,0.2566,25525.8,0.2567,48032.7,0.2567,117746810.6,30730135.191
1753460269363,16:17:49.363,ALGO/USDT:USDT,0.2566,25525.8,0.2567,47257.0,0.2567,117746810.6,30730135.191
1753460269464,16:17:49.464,ALGO/USDT:USDT,0.2566,25525.8,0.2567,47257.0,0.2567,117746810.6,30730135.191
1753460269563,16:17:49.563,ALGO/USDT:USDT,0.2566,28435.1,0.2567,47257.0,0.2567,117746810.6,30730135.191
1753460269663,16:17:49.663,ALGO/USDT:USDT,0.2566,28435.1,0.2567,47261.9,0.2567,117746810.6,30730135.191
1753460269863,16:17:49.863,ALGO/USDT:USDT,0.2566,27435.1,0.2567,47261.9,0.2567,117746810.6,30730135.191
1753460270063,16:17:50.063,ALGO/USDT:USDT,0.2566,10157.9,0.2567,49351.9,0.2567,117746810.6,30730135.191
1753460270163,16:17:50.163,ALGO/USDT:USDT,0.2566,13294.5,0.2567,45174.0,0.2567,117746810.6,30730135.191
1753460270263,16:17:50.263,ALGO/USDT:USDT,0.2566,13294.5,0.2567,46219.2,0.2567,117746810.6,30730135.191
1753460270364,16:17:50.364,ALGO/USDT:USDT,0.2566,10178.7,0.2567,46597.6,0.2567,117746810.6,30730135.191
1753460270463,16:17:50.463,ALGO/USDT:USDT,0.2566,10178.7,0.2567,48095.7,0.2567,117746810.6,30730135.191
1753460270563,16:17:50.563,ALGO/USDT:USDT,0.2566,2933.5,0.2567,48095.7,0.2567,117746810.6,30730135.191
1753460270663,16:17:50.663,ALGO/USDT:USDT,0.2566,2953.6,0.2567,48095.7,0.2567,117746810.6,30730135.191
1753460270963,16:17:50.963,ALGO/USDT:USDT,0.2566,4994.4,0.2567,48095.7,0.2567,117746810.6,30730135.191
1753460271164,16:17:51.164,ALGO/USDT:USDT,0.2566,6066.7,0.2567,48090.8,0.2567,117746810.6,30730135.191
1753460271264,16:17:51.264,ALGO/USDT:USDT,0.2566,6066.7,0.2567,46592.7,0.2567,117746810.6,30730135.191
1753460271664,16:17:51.664,ALGO/USDT:USDT,0.2566,6066.7,0.2567,52685.0,0.2567,117746810.6,30730135.191
1753460271763,16:17:51.763,ALGO/USDT:USDT,0.2566,6066.7,0.2567,46685.0,0.2567,117746810.6,30730135.191
1753460271963,16:17:51.963,ALGO/USDT:USDT,0.2566,26218.7,0.2567,44216.6,0.2567,117746810.6,30730135.191
1753460272063,16:17:52.063,ALGO/USDT:USDT,0.2566,26087.4,0.2567,44216.6,0.2567,117746810.6,30730135.191
1753460272163,16:17:52.163,ALGO/USDT:USDT,0.2566,25042.2,0.2567,44216.6,0.2567,117746810.6,30730135.191
1753460272263,16:17:52.263,ALGO/USDT:USDT,0.2566,13311.9,0.2567,46306.6,0.2567,117746810.6,30730135.191
1753460272563,16:17:52.563,ALGO/USDT:USDT,0.2566,25042.2,0.2567,44216.6,0.2567,117746810.6,30730135.191
1753460272763,16:17:52.763,ALGO/USDT:USDT,0.2566,25947.8,0.2567,44216.6,0.2567,117746810.6,30730135.191
1753460272863,16:17:52.863,ALGO/USDT:USDT,0.2566,13172.3,0.2567,45261.8,0.2567,117746810.6,30730135.191
1753460272963,16:17:52.963,ALGO/USDT:USDT,0.2566,13172.3,0.2567,44216.6,0.2567,117746810.6,30730135.191
1753460273064,16:17:53.064,ALGO/USDT:USDT,0.2566,5927.1,0.2567,44216.6,0.2567,117746810.6,30730135.191
1753460273163,16:17:53.163,ALGO/USDT:USDT,0.2566,5927.1,0.2567,48962.3,0.2567,117746810.6,30730135.191
1753460273564,16:17:53.564,ALGO/USDT:USDT,0.2566,5927.2,0.2567,47464.2,0.2567,117746810.6,30730135.191
1753460273664,16:17:53.664,ALGO/USDT:USDT,0.2566,18702.7,0.2567,44595.0,0.2567,117746810.6,30730135.191
1753460273763,16:17:53.763,ALGO/USDT:USDT,0.2566,17657.5,0.2567,44595.0,0.2567,117746810.6,30730135.191
1753460273864,16:17:53.864,ALGO/USDT:USDT,0.2566,5927.2,0.2567,47464.2,0.2567,117746810.6,30730135.191
1753460274663,16:17:54.663,ALGO/USDT:USDT,0.2566,5927.2,0.2567,53464.2,0.2567,117746810.6,30730135.191
1753460274764,16:17:54.764,ALGO/USDT:USDT,0.2566,15228.9,0.2567,26735.2,0.2567,117746810.6,30730135.191
1753460274863,16:17:54.863,ALGO/USDT:USDT,0.2566,26959.2,0.2567,26735.2,0.2567,117746810.6,30730135.191
1753460274964,16:17:54.964,ALGO/USDT:USDT,0.2566,28082.0,0.2567,26735.2,0.2567,117746810.6,30730135.191
1753460275163,16:17:55.163,ALGO/USDT:USDT,0.2566,25947.5,0.2567,26735.2,0.2567,117746810.6,30730135.191
1753460275264,16:17:55.264,ALGO/USDT:USDT,0.2566,17657.5,0.2567,29604.4,0.2567,117746810.6,30730135.191
1753460275363,16:17:55.363,ALGO/USDT:USDT,0.2566,17657.5,0.2567,28825.2,0.2567,117746810.6,30730135.191
1753460275464,16:17:55.464,ALGO/USDT:USDT,0.2566,5928.2,0.2567,30862.0,0.2567,117746810.6,30730135.191
1753460275664,16:17:55.664,ALGO/USDT:USDT,0.2566,5918.8,0.2567,42862.0,0.2567,117746810.6,30730135.191
1753460275763,16:17:55.763,ALGO/USDT:USDT,0.2566,5918.8,0.2567,42862.0,0.2567,117746810.6,30730135.191
1753460276064,16:17:56.064,ALGO/USDT:USDT,0.2566,5918.8,0.2567,42862.0,0.2567,117746810.6,30730135.191
1753460276263,16:17:56.263,ALGO/USDT:USDT,0.2566,3508.9,0.2567,44360.1,0.2566,117749560.5,30730840.8154
1753460276363,16:17:56.363,ALGO/USDT:USDT,0.2564,29476.4,0.2565,19975.5,0.2565,117754238.0,30732040.945
1753460276463,16:17:56.463,ALGO/USDT:USDT,0.2564,12890.4,0.2565,19975.5,0.2565,117754238.0,30732040.945
1753460276563,16:17:56.563,ALGO/USDT:USDT,0.2564,12890.4,0.2565,21016.2,0.2565,117754238.0,30732040.945
1753460276663,16:17:56.663,ALGO/USDT:USDT,0.2564,12890.4,0.2565,23975.5,0.2565,117754238.0,30732040.945
1753460276763,16:17:56.763,ALGO/USDT:USDT,0.2564,8802.9,0.2565,23975.5,0.2565,117754238.0,30732040.945
1753460276863,16:17:56.863,ALGO/USDT:USDT,0.2564,20533.2,0.2565,23975.5,0.2565,117754238.0,30732040.945
1753460276964,16:17:56.964,ALGO/USDT:USDT,0.2564,20533.2,0.2565,23975.5,0.2565,117754238.0,30732040.945
1753460277163,16:17:57.163,ALGO/USDT:USDT,0.2564,20533.2,0.2565,23980.1,0.2565,117754238.0,30732040.945
1753460277563,16:17:57.563,ALGO/USDT:USDT,0.2564,20533.2,0.2565,19980.1,0.2565,117754238.0,30732040.945
1753460277663,16:17:57.663,ALGO/USDT:USDT,0.2564,23871.3,0.2565,19980.1,0.2565,117754238.0,30732040.945
1753460277863,16:17:57.863,ALGO/USDT:USDT,0.2564,22614.9,0.2565,19980.1,0.2565,117754238.0,30732040.945
1753460277963,16:17:57.963,ALGO/USDT:USDT,0.2564,20533.2,0.2565,19980.1,0.2565,117754238.0,30732040.945
1753460278264,16:17:58.264,ALGO/USDT:USDT,0.2564,7492.8,0.2565,21021.1,0.2565,117754238.0,30732040.945
1753460278363,16:17:58.363,ALGO/USDT:USDT,0.2564,7492.8,0.2565,22061.8,0.2565,117754238.0,30732040.945
1753460278463,16:17:58.463,ALGO/USDT:USDT,0.2564,7492.8,0.2565,21021.1,0.2565,117754238.0,30732040.945
1753460278563,16:17:58.563,ALGO/USDT:USDT,0.2564,7492.8,0.2565,33021.1,0.2565,117754238.0,30732040.945
1753460278664,16:17:58.664,ALGO/USDT:USDT,0.2564,8339.6,0.2565,19980.1,0.2565,117754238.0,30732040.945
1753460278763,16:17:58.763,ALGO/USDT:USDT,0.2564,19223.1,0.2565,19980.1,0.2565,117754238.0,30732040.945
1753460278964,16:17:58.964,ALGO/USDT:USDT,0.2564,20264.1,0.2565,19980.1,0.2565,117754238.0,30732040.945
1753460279063,16:17:59.063,ALGO/USDT:USDT,0.2564,19223.1,0.2565,19980.1,0.2565,117754238.0,30732040.945
1753460279463,16:17:59.463,ALGO/USDT:USDT,0.2564,19237.8,0.2565,19975.5,0.2565,117754238.0,30732040.945
1753460279563,16:17:59.563,ALGO/USDT:USDT,0.2564,19237.8,0.2565,31975.5,0.2565,117754238.0,30732040.945
1753460279663,16:17:59.663,ALGO/USDT:USDT,0.2564,19237.8,0.2565,32069.0,0.2565,117754238.0,30732040.945
1753460279763,16:17:59.763,ALGO/USDT:USDT,0.2564,19237.8,0.2565,20069.0,0.2565,117754238.0,30732040.945
1753460280063,16:18:00.063,ALGO/USDT:USDT,0.2564,22535.2,0.2565,1093.5,0.2565,117754238.0,30732040.945
1753460280164,16:18:00.164,ALGO/USDT:USDT,0.2564,21278.5,0.2565,24305.2,0.2565,117754238.0,30732040.945
1753460280264,16:18:00.264,ALGO/USDT:USDT,0.2564,20237.8,0.2565,24306.7,0.2565,117754238.0,30732040.945
1753460280763,16:18:00.763,ALGO/USDT:USDT,0.2564,19237.8,0.2565,25347.7,0.2565,117754238.0,30732040.945
1753460280863,16:18:00.863,ALGO/USDT:USDT,0.2564,4193.7,0.2565,26604.1,0.2565,117754238.0,30732040.945
1753460280963,16:18:00.963,ALGO/USDT:USDT,0.2564,4193.7,0.2565,25347.7,0.2565,117754238.0,30732040.945
1753460281063,16:18:01.063,ALGO/USDT:USDT,0.2563,50251.3,0.2564,2866.9,0.2564,117758431.7,30733116.2097
1753460281163,16:18:01.163,ALGO/USDT:USDT,0.2563,31567.7,0.2564,18341.7,0.2563,117759586.2,30733412.108
1753460281263,16:18:01.263,ALGO/USDT:USDT,0.2563,27588.1,0.2564,18341.7,0.2563,117759586.2,30733412.108
1753460281364,16:18:01.364,ALGO/USDT:USDT,0.2563,22848.5,0.2564,18341.7,0.2563,117759586.2,30733412.108
1753460281464,16:18:01.464,ALGO/USDT:USDT,0.2563,22152.5,0.2564,18341.7,0.2563,117759586.2,30733412.108
1753460281663,16:18:01.663,ALGO/USDT:USDT,0.2563,22715.8,0.2564,18341.7,0.2563,117759586.2,30733412.108
1753460281763,16:18:01.763,ALGO/USDT:USDT,0.2563,24280.9,0.2564,18378.6,0.2563,117759586.2,30733412.108
1753460281863,16:18:01.863,ALGO/USDT:USDT,0.2563,24821.7,0.2564,18378.6,0.2563,117759586.2,30733412.108
1753460281963,16:18:01.963,ALGO/USDT:USDT,0.2563,23256.6,0.2564,18378.6,0.2563,117759586.2,30733412.108
1753460282063,16:18:02.063,ALGO/USDT:USDT,0.2563,24280.9,0.2564,12505.8,0.2563,117759586.2,30733412.108
1753460282163,16:18:02.163,ALGO/USDT:USDT,0.2564,36890.7,0.2565,19307.5,0.2564,117765234.5,30734860.3322
1753460282263,16:18:02.263,ALGO/USDT:USDT,0.2564,42618.5,0.2565,1692.3,0.2565,117770368.3,30736177.1519
1753460282363,16:18:02.363,ALGO/USDT:USDT,0.2564,47082.2,0.2565,1692.3,0.2565,117770368.3,30736177.1519
1753460282463,16:18:02.463,ALGO/USDT:USDT,0.2564,63128.3,0.2565,1692.3,0.2565,117770368.3,30736177.1519
1753460282563,16:18:02.563,ALGO/USDT:USDT,0.2566,13560.0,0.2567,64631.4,0.2565,117772060.6,30736611.2268
1753460282663,16:18:02.663,ALGO/USDT:USDT,0.2566,13560.0,0.2567,44473.5,0.2565,117772060.6,30736611.2268
1753460282763,16:18:02.763,ALGO/USDT:USDT,0.2566,1829.7,0.2567,44430.0,0.2565,117772060.6,30736611.2268
1753460282863,16:18:02.863,ALGO/USDT:USDT,0.2565,914.7,0.2566,30768.3,0.2565,117772060.6,30736611.2268
1753460282963,16:18:02.963,ALGO/USDT:USDT,0.2564,26971.6,0.2565,19984.1,0.2565,117772060.6,30736611.2268
1753460283063,16:18:03.063,ALGO/USDT:USDT,0.2564,26169.1,0.2565,19984.1,0.2565,117772060.6,30736611.2268
1753460283264,16:18:03.264,ALGO/USDT:USDT,0.2564,25169.1,0.2565,19984.1,0.2565,117772060.6,30736611.2268
1753460283364,16:18:03.364,ALGO/USDT:USDT,0.2564,25169.1,0.2565,20998.3,0.2565,117772060.6,30736611.2268
1753460283563,16:18:03.563,ALGO/USDT:USDT,0.2564,25169.1,0.2565,26998.3,0.2565,117772060.6,30736611.2268
1753460283664,16:18:03.664,ALGO/USDT:USDT,0.2564,25169.1,0.2565,27091.8,0.2565,117772060.6,30736611.2268
1753460283963,16:18:03.963,ALGO/USDT:USDT,0.2564,25169.1,0.2565,26077.6,0.2565,117772060.6,30736611.2268
1753460284163,16:18:04.163,ALGO/USDT:USDT,0.2564,26801.5,0.2565,26077.6,0.2565,117772060.6,30736611.2268
1753460284263,16:18:04.263,ALGO/USDT:USDT,0.2564,22908.6,0.2565,30077.6,0.2564,117773999.3,30737108.3095
1753460284363,16:18:04.363,ALGO/USDT:USDT,0.2564,22908.6,0.2565,32093.4,0.2564,117773999.3,30737108.3095
1753460284463,16:18:04.463,ALGO/USDT:USDT,0.2564,22908.6,0.2565,20077.6,0.2564,117773999.3,30737108.3095
1753460284664,16:18:04.664,ALGO/USDT:USDT,0.2564,24924.4,0.2565,12823.8,0.2564,117773999.3,30737108.3095
1753460284763,16:18:04.763,ALGO/USDT:USDT,0.2564,26250.8,0.2565,1093.5,0.2564,117773999.3,30737108.3095
1753460284864,16:18:04.864,ALGO/USDT:USDT,0.2564,23409.7,0.2565,20866.6,0.2564,117775514.0,30737496.6786
1753460284963,16:18:04.963,ALGO/USDT:USDT,0.2564,23398.4,0.2565,4840.0,0.2564,117775514.0,30737496.6786
1753460285064,16:18:05.064,ALGO/USDT:USDT,0.2564,24644.2,0.2565,4840.0,0.2564,117775514.0,30737496.6786
1753460285263,16:18:05.263,ALGO/USDT:USDT,0.2564,36176.5,0.2565,93.5,0.2564,117775514.0,30737496.6786
1753460285363,16:18:05.363,ALGO/USDT:USDT,0.2565,53171.7,0.2566,12730.3,0.2565,117775607.5,30737520.6613
1753460285463,16:18:05.463,ALGO/USDT:USDT,0.2566,12769.5,0.2567,43774.2,0.2566,117775935.2,30737604.7491
1753460285564,16:18:05.564,ALGO/USDT:USDT,0.2566,21023.3,0.2567,38126.8,0.2566,117775935.2,30737604.7491
1753460285763,16:18:05.763,ALGO/USDT:USDT,0.2566,21023.3,0.2567,33659.9,0.2566,117775935.2,30737604.7491
1753460286063,16:18:06.063,ALGO/USDT:USDT,0.2566,22944.8,0.2567,13617.2,0.2566,117775935.2,30737604.7491
1753460286163,16:18:06.163,ALGO/USDT:USDT,0.2566,22944.8,0.2567,10784.5,0.2566,117775935.2,30737604.7491
1753460286263,16:18:06.263,ALGO/USDT:USDT,0.2566,26646.1,0.2567,10784.5,0.2566,117775935.2,30737604.7491
1753460286363,16:18:06.363,ALGO/USDT:USDT,0.2566,26180.5,0.2567,10784.5,0.2566,117775935.2,30737604.7491
1753460286464,16:18:06.464,ALGO/USDT:USDT,0.2566,29372.5,0.2567,7654.2,0.2566,117775935.2,30737604.7491
1753460286563,16:18:06.563,ALGO/USDT:USDT,0.2566,37401.3,0.2567,7654.2,0.2566,117775935.2,30737604.7491
1753460286664,16:18:06.664,ALGO/USDT:USDT,0.2566,36528.5,0.2567,7654.2,0.2566,117775935.2,30737604.7491
1753460286864,16:18:06.864,ALGO/USDT:USDT,0.2566,37790.9,0.2567,56.5,0.2566,117775935.2,30737604.7491
1753460286963,16:18:06.963,ALGO/USDT:USDT,0.2566,36698.1,0.2567,56.5,0.2566,117775935.2,30737604.7491
1753460287064,16:18:07.064,ALGO/USDT:USDT,0.2566,48542.0,0.2567,56.5,0.2566,117775935.2,30737604.7491
1753460287164,16:18:07.164,ALGO/USDT:USDT,0.2566,36540.1,0.2567,4321.9,0.2566,117775935.2,30737604.7491
1753460287263,16:18:07.263,ALGO/USDT:USDT,0.2566,42168.2,0.2567,4321.9,0.2566,117775935.2,30737604.7491
1753460287364,16:18:07.364,ALGO/USDT:USDT,0.2566,41778.6,0.2567,4321.9,0.2566,117775935.2,30737604.7491
1753460287464,16:18:07.464,ALGO/USDT:USDT,0.2566,38010.9,0.2567,4321.9,0.2566,117775935.2,30737604.7491
1753460287564,16:18:07.564,ALGO/USDT:USDT,0.2566,42117.9,0.2567,4321.9,0.2566,117775935.2,30737604.7491
1753460287663,16:18:07.663,ALGO/USDT:USDT,0.2566,27189.4,0.2567,23376.8,0.2566,117775935.2,30737604.7491
1753460287763,16:18:07.763,ALGO/USDT:USDT,0.2566,27189.4,0.2567,24376.8,0.2566,117775935.2,30737604.7491
1753460288064,16:18:08.064,ALGO/USDT:USDT,0.2566,27189.4,0.2567,17052.2,0.2566,117775935.2,30737604.7491
1753460288164,16:18:08.164,ALGO/USDT:USDT,0.2566,27189.4,0.2567,12791.6,0.2566,117775935.2,30737604.7491
1753460288363,16:18:08.363,ALGO/USDT:USDT,0.2566,29651.6,0.2567,1061.3,0.2566,117775935.2,30737604.7491
1753460288464,16:18:08.464,ALGO/USDT:USDT,0.2566,27730.1,0.2567,4124.5,0.2566,117775935.2,30737604.7491
1753460288564,16:18:08.564,ALGO/USDT:USDT,0.2566,27189.4,0.2567,11449.1,0.2566,117775935.2,30737604.7491
1753460288963,16:18:08.963,ALGO/USDT:USDT,0.2566,27189.4,0.2567,24179.4,0.2566,117775935.2,30737604.7491
1753460289263,16:18:09.263,ALGO/USDT:USDT,0.2566,26994.5,0.2567,24179.4,0.2566,117775935.2,30737604.7491
1753460289463,16:18:09.463,ALGO/USDT:USDT,0.2566,38916.0,0.2567,58.4,0.2566,117775935.2,30737604.7491
1753460289563,16:18:09.563,ALGO/USDT:USDT,0.2566,30668.9,0.2567,58.4,0.2566,117775935.2,30737604.7491
1753460289663,16:18:09.663,ALGO/USDT:USDT,0.2566,26994.2,0.2567,20113.3,0.2566,117775935.2,30737604.7491
1753460289763,16:18:09.763,ALGO/USDT:USDT,0.2566,29694.9,0.2567,58.4,0.2566,117775935.2,30737604.7491
1753460289864,16:18:09.864,ALGO/USDT:USDT,0.2566,33591.1,0.2567,58.4,0.2566,117775935.2,30737604.7491
1753460289963,16:18:09.963,ALGO/USDT:USDT,0.2566,28150.0,0.2567,1052.7,0.2566,117775935.2,30737604.7491
1753460290063,16:18:10.063,ALGO/USDT:USDT,0.2566,29110.6,0.2567,1052.7,0.2566,117775935.2,30737604.7491
1753460290164,16:18:10.164,ALGO/USDT:USDT,0.2566,27189.1,0.2567,12783.0,0.2566,117775935.2,30737604.7491
1753460290264,16:18:10.264,ALGO/USDT:USDT,0.2566,27189.1,0.2567,4114.0,0.2566,117775935.2,30737604.7491
1753460290363,16:18:10.363,ALGO/USDT:USDT,0.2566,35407.5,0.2567,58.4,0.2566,117775935.2,30737604.7491
1753460290463,16:18:10.463,ALGO/USDT:USDT,0.2566,49433.6,0.2567,58.4,0.2566,117775935.2,30737604.7491
1753460290663,16:18:10.663,ALGO/USDT:USDT,0.2567,45278.6,0.2568,15076.8,0.2567,117776060.0,30737636.7853
1753460290763,16:18:10.763,ALGO/USDT:USDT,0.2567,45278.6,0.2568,15341.0,0.2567,117776060.0,30737636.7853
1753460291063,16:18:11.063,ALGO/USDT:USDT,0.2567,45278.6,0.2568,2610.7,0.2567,117776060.0,30737636.7853
1753460291464,16:18:11.464,ALGO/USDT:USDT,0.2567,46711.7,0.2568,2610.7,0.2567,117776060.0,30737636.7853
1753460291564,16:18:11.564,ALGO/USDT:USDT,0.2567,45932.8,0.2568,2610.7,0.2567,117776060.0,30737636.7853
1753460291663,16:18:11.663,ALGO/USDT:USDT,0.2567,45932.8,0.2568,2610.7,0.2567,117776060.0,30737636.7853
1753460291763,16:18:11.763,ALGO/USDT:USDT,0.2567,47759.2,0.2568,2610.7,0.2567,117776060.0,30737636.7853
1753460291963,16:18:11.963,ALGO/USDT:USDT,0.2567,50809.6,0.2568,2232.3,0.2567,117776060.0,30737636.7853
1753460292064,16:18:12.064,ALGO/USDT:USDT,0.2567,51276.9,0.2568,2232.3,0.2567,117776060.0,30737636.7853
1753460292263,16:18:12.263,ALGO/USDT:USDT,0.2567,55171.7,0.2568,2232.3,0.2567,117776060.0,30737636.7853
1753460292363,16:18:12.363,ALGO/USDT:USDT,0.2567,61025.6,0.2568,2232.3,0.2567,117776060.0,30737636.7853
1753460292463,16:18:12.463,ALGO/USDT:USDT,0.2567,60234.8,0.2568,2232.3,0.2567,117776060.0,30737636.7853
1753460292664,16:18:12.664,ALGO/USDT:USDT,0.2567,60466.3,0.2568,2232.3,0.2567,117776060.0,30737636.7853
1753460292764,16:18:12.764,ALGO/USDT:USDT,0.2568,55475.7,0.2569,13768.0,0.2568,117778292.3,30738210.0399
1753460292863,16:18:12.863,ALGO/USDT:USDT,0.2568,45224.8,0.2569,3842.8,0.2569,117781107.0,30738933.1364
1753460292963,16:18:12.963,ALGO/USDT:USDT,0.2568,45279.3,0.2569,11167.4,0.2569,117781107.0,30738933.1364
1753460293063,16:18:13.063,ALGO/USDT:USDT,0.2568,43058.9,0.2569,23897.7,0.2569,117781107.0,30738933.1364
1753460293163,16:18:13.163,ALGO/USDT:USDT,0.2568,44247.6,0.2569,10498.3,0.2569,117781776.1,30739105.0282
1753460293464,16:18:13.464,ALGO/USDT:USDT,0.2568,42405.1,0.2569,24472.4,0.2569,117781776.1,30739105.0282
1753460293763,16:18:13.763,ALGO/USDT:USDT,0.2568,47390.7,0.2569,10498.3,0.2569,117781776.1,30739105.0282
1753460293864,16:18:13.864,ALGO/USDT:USDT,0.2568,44229.3,0.2569,7368.4,0.2569,117781776.1,30739105.0282
1753460293964,16:18:13.964,ALGO/USDT:USDT,0.2568,43317.4,0.2569,7368.4,0.2569,117781776.1,30739105.0282
1753460294164,16:18:14.164,ALGO/USDT:USDT,0.2568,48586.4,0.2569,7368.4,0.2569,117781776.1,30739105.0282
1753460294263,16:18:14.263,ALGO/USDT:USDT,0.2568,47674.1,0.2569,7368.4,0.2569,117781776.1,30739105.0282
1753460294363,16:18:14.363,ALGO/USDT:USDT,0.2568,47674.1,0.2569,19098.7,0.2569,117781776.1,30739105.0282
1753460294463,16:18:14.463,ALGO/USDT:USDT,0.2568,42405.1,0.2569,33922.9,0.2569,117781776.1,30739105.0282
1753460294564,16:18:14.564,ALGO/USDT:USDT,0.2568,42405.1,0.2569,33010.6,0.2569,117781776.1,30739105.0282
1753460294663,16:18:14.663,ALGO/USDT:USDT,0.2568,42405.1,0.2569,32098.7,0.2569,117781776.1,30739105.0282
1753460294764,16:18:14.764,ALGO/USDT:USDT,0.2568,42405.1,0.2569,35401.4,0.2569,117781776.1,30739105.0282
1753460295063,16:18:15.063,ALGO/USDT:USDT,0.2568,40.0,0.2569,38586.0,0.2569,117781776.1,30739105.0282
1753460296064,16:18:16.064,ALGO/USDT:USDT,0.2568,40.0,0.2569,40686.3,0.2569,117781776.1,30739105.0282
1753460296163,16:18:16.163,ALGO/USDT:USDT,0.2567,24052.2,0.2568,52766.2,0.2568,117781816.1,30739115.3002
1753460296264,16:18:16.264,ALGO/USDT:USDT,0.2567,24052.2,0.2568,52766.2,0.2568,117781816.1,30739115.3002
1753460296363,16:18:16.363,ALGO/USDT:USDT,0.2567,24052.2,0.2568,51882.4,0.2568,117781816.1,30739115.3002
1753460296464,16:18:16.464,ALGO/USDT:USDT,0.2567,29848.1,0.2568,50998.9,0.2568,117781816.1,30739115.3002
1753460296564,16:18:16.564,ALGO/USDT:USDT,0.2567,29848.1,0.2568,50223.2,0.2568,117781816.1,30739115.3002
1753460296663,16:18:16.663,ALGO/USDT:USDT,0.2567,35946.8,0.2568,38741.8,0.2568,117781816.1,30739115.3002
1753460296764,16:18:16.764,ALGO/USDT:USDT,0.2567,35981.5,0.2568,19417.2,0.2568,117781816.1,30739115.3002
1753460297064,16:18:17.064,ALGO/USDT:USDT,0.2567,35981.5,0.2568,7686.9,0.2568,117781816.1,30739115.3002
1753460297163,16:18:17.163,ALGO/USDT:USDT,0.2567,35981.5,0.2568,6686.9,0.2568,117781816.1,30739115.3002
1753460297363,16:18:17.363,ALGO/USDT:USDT,0.2568,19768.9,0.2569,23665.7,0.2568,117781816.1,30739115.3002
1753460297464,16:18:17.464,ALGO/USDT:USDT,0.2568,19768.9,0.2569,28715.2,0.2568,117781816.1,30739115.3002
1753460297563,16:18:17.563,ALGO/USDT:USDT,0.2568,24090.7,0.2569,23669.9,0.2568,117781816.1,30739115.3002
1753460297764,16:18:17.764,ALGO/USDT:USDT,0.2568,24974.5,0.2569,23232.9,0.2568,117781816.1,30739115.3002
1753460297863,16:18:17.863,ALGO/USDT:USDT,0.2568,24090.7,0.2569,23232.9,0.2568,117781816.1,30739115.3002
1753460297963,16:18:17.963,ALGO/USDT:USDT,0.2568,24974.5,0.2569,23232.9,0.2568,117781816.1,30739115.3002
1753460298064,16:18:18.064,ALGO/USDT:USDT,0.2568,39527.8,0.2569,3178.0,0.2568,117781816.1,30739115.3002
1753460298163,16:18:18.163,ALGO/USDT:USDT,0.2568,40306.4,0.2569,3178.0,0.2568,117781816.1,30739115.3002
1753460298263,16:18:18.263,ALGO/USDT:USDT,0.2568,44328.7,0.2569,3178.0,0.2568,117781816.1,30739115.3002
1753460298464,16:18:18.464,ALGO/USDT:USDT,0.2568,44328.7,0.2569,48.0,0.2568,117781816.1,30739115.3002
1753460299164,16:18:19.164,ALGO/USDT:USDT,0.2568,43232.9,0.2569,48.0,0.2568,117781816.1,30739115.3002
1753460299364,16:18:19.364,ALGO/USDT:USDT,0.2568,53232.9,0.2569,48.0,0.2568,117781816.1,30739115.3002
1753460299464,16:18:19.464,ALGO/USDT:USDT,0.2568,53850.7,0.2569,48.0,0.2568,117781816.1,30739115.3002
1753460299564,16:18:19.564,ALGO/USDT:USDT,0.2568,52956.3,0.2569,48.0,0.2568,117781816.1,30739115.3002
1753460299664,16:18:19.664,ALGO/USDT:USDT,0.2569,37658.1,0.257,22192.8,0.2569,117781864.1,30739127.6314
1753460299763,16:18:19.763,ALGO/USDT:USDT,0.2569,39683.0,0.257,22192.8,0.2569,117781864.1,30739127.6314
1753460299864,16:18:19.864,ALGO/USDT:USDT,0.2569,44425.1,0.257,22192.8,0.2569,117781864.1,30739127.6314
1753460299964,16:18:19.964,ALGO/USDT:USDT,0.2569,44425.1,0.257,3154.4,0.2569,117781864.1,30739127.6314
1753460300363,16:18:20.363,ALGO/USDT:USDT,0.2569,44952.0,0.257,3154.4,0.2569,117781864.1,30739127.6314
1753460300563,16:18:20.563,ALGO/USDT:USDT,0.2569,45478.9,0.257,3154.4,0.2569,117781864.1,30739127.6314
1753460300664,16:18:20.664,ALGO/USDT:USDT,0.2569,45478.9,0.257,25.6,0.2569,117781864.1,30739127.6314
1753460300764,16:18:20.764,ALGO/USDT:USDT,0.2569,44952.0,0.257,25.6,0.2569,117781864.1,30739127.6314
1753460300863,16:18:20.863,ALGO/USDT:USDT,0.2569,45478.9,0.257,25.6,0.2569,117781864.1,30739127.6314
1753460301064,16:18:21.064,ALGO/USDT:USDT,0.2569,51205.8,0.257,25.6,0.2569,117781864.1,30739127.6314
1753460301163,16:18:21.163,ALGO/USDT:USDT,0.2569,50678.8,0.257,25.6,0.2569,117781864.1,30739127.6314
1753460301264,16:18:21.264,ALGO/USDT:USDT,0.2569,53092.5,0.257,25.6,0.2569,117781864.1,30739127.6314
1753460301464,16:18:21.464,ALGO/USDT:USDT,0.2569,55566.3,0.257,25.6,0.2569,117781864.1,30739127.6314
1753460301563,16:18:21.563,ALGO/USDT:USDT,0.2569,55477.9,0.257,25.6,0.2569,117781864.1,30739127.6314
1753460301663,16:18:21.663,ALGO/USDT:USDT,0.2569,61899.2,0.257,25.6,0.2569,117781864.1,30739127.6314
1753460301764,16:18:21.764,ALGO/USDT:USDT,0.2569,62288.4,0.257,25.6,0.2569,117781864.1,30739127.6314
1753460301863,16:18:21.863,ALGO/USDT:USDT,0.257,49111.8,0.2571,7962.1,0.257,117781889.7,30739134.2106
1753460301963,16:18:21.963,ALGO/USDT:USDT,0.257,48722.8,0.2571,7962.1,0.257,117781889.7,30739134.2106
1753460302064,16:18:22.064,ALGO/USDT:USDT,0.257,49574.9,0.2571,19692.4,0.257,117781889.7,30739134.2106
1753460302164,16:18:22.164,ALGO/USDT:USDT,0.257,50101.8,0.2571,4089.1,0.257,117781889.7,30739134.2106
1753460302264,16:18:22.264,ALGO/USDT:USDT,0.257,50928.9,0.2571,4089.1,0.257,117781889.7,30739134.2106
1753460302364,16:18:22.364,ALGO/USDT:USDT,0.257,55727.4,0.2571,4089.1,0.257,117781889.7,30739134.2106
1753460302464,16:18:22.464,ALGO/USDT:USDT,0.257,55727.4,0.2571,4089.1,0.257,117781889.7,30739134.2106
1753460302763,16:18:22.763,ALGO/USDT:USDT,0.257,56532.3,0.2571,4089.1,0.257,117781889.7,30739134.2106
1753460302863,16:18:22.863,ALGO/USDT:USDT,0.257,58967.9,0.2571,961.5,0.257,117781889.7,30739134.2106
1753460302963,16:18:22.963,ALGO/USDT:USDT,0.257,57293.1,0.2571,12691.8,0.257,117781889.7,30739134.2106
1753460303063,16:18:23.063,ALGO/USDT:USDT,0.257,58574.5,0.2571,12691.8,0.257,117781889.7,30739134.2106
1753460303164,16:18:23.164,ALGO/USDT:USDT,0.257,57187.3,0.2571,5823.9,0.257,117783276.9,30739490.721
1753460303264,16:18:23.264,ALGO/USDT:USDT,0.257,58423.3,0.2571,961.5,0.257,117783276.9,30739490.721
1753460303363,16:18:23.363,ALGO/USDT:USDT,0.257,57805.3,0.2571,961.5,0.257,117783276.9,30739490.721
1753460303464,16:18:23.464,ALGO/USDT:USDT,0.257,57187.3,0.2571,961.5,0.257,117783276.9,30739490.721
1753460303663,16:18:23.663,ALGO/USDT:USDT,0.257,54678.5,0.2571,17552.4,0.257,117783276.9,30739490.721
1753460303964,16:18:23.964,ALGO/USDT:USDT,0.257,50560.8,0.2571,17552.4,0.257,117783276.9,30739490.721
1753460304064,16:18:24.064,ALGO/USDT:USDT,0.257,49719.8,0.2571,17552.4,0.257,117783276.9,30739490.721
1753460304963,16:18:24.963,ALGO/USDT:USDT,0.257,48645.9,0.2571,17552.4,0.257,117783276.9,30739490.721
1753460305064,16:18:25.064,ALGO/USDT:USDT,0.257,48645.9,0.2571,961.5,0.257,117783276.9,30739490.721
1753460305263,16:18:25.263,ALGO/USDT:USDT,0.257,47558.8,0.2571,23810.2,0.257,117783276.9,30739490.721
1753460305363,16:18:25.363,ALGO/USDT:USDT,0.257,47010.7,0.2571,13810.2,0.257,117783276.9,30739490.721
1753460305563,16:18:25.563,ALGO/USDT:USDT,0.257,31385.5,0.2571,23864.3,0.257,117783276.9,30739490.721
1753460305663,16:18:25.663,ALGO/USDT:USDT,0.257,14436.0,0.2571,24642.3,0.257,117783276.9,30739490.721
1753460305764,16:18:25.764,ALGO/USDT:USDT,0.257,20102.1,0.2571,22182.0,0.257,117783276.9,30739490.721
1753460305863,16:18:25.863,ALGO/USDT:USDT,0.257,21661.6,0.2571,22182.0,0.257,117783276.9,30739490.721
1753460306164,16:18:26.164,ALGO/USDT:USDT,0.257,25349.9,0.2571,22182.0,0.257,117783276.9,30739490.721
1753460306263,16:18:26.263,ALGO/USDT:USDT,0.257,26717.8,0.2571,961.5,0.257,117783276.9,30739490.721
1753460306364,16:18:26.364,ALGO/USDT:USDT,0.257,27244.7,0.2571,961.5,0.257,117783276.9,30739490.721
1753460306563,16:18:26.563,ALGO/USDT:USDT,0.257,26403.7,0.2571,13909.5,0.257,117783276.9,30739490.721
1753460306763,16:18:26.763,ALGO/USDT:USDT,0.257,26639.5,0.2571,13909.5,0.257,117783276.9,30739490.721
1753460306964,16:18:26.964,ALGO/USDT:USDT,0.257,26112.6,0.2571,13909.5,0.257,117783276.9,30739490.721
1753460307264,16:18:27.264,ALGO/USDT:USDT,0.257,26953.6,0.2571,13909.5,0.257,117783276.9,30739490.721
1753460307563,16:18:27.563,ALGO/USDT:USDT,0.257,25585.7,0.2571,23963.6,0.257,117783276.9,30739490.721
1753460307663,16:18:27.663,ALGO/USDT:USDT,0.257,22424.3,0.2571,23963.6,0.257,117783276.9,30739490.721
1753460307763,16:18:27.763,ALGO/USDT:USDT,0.257,14525.6,0.2571,23963.6,0.257,117783276.9,30739490.721
1753460308064,16:18:28.064,ALGO/USDT:USDT,0.257,23026.3,0.2571,22281.3,0.257,117783276.9,30739490.721
1753460308163,16:18:28.163,ALGO/USDT:USDT,0.257,25448.0,0.2571,13909.5,0.257,117783276.9,30739490.721
1753460308263,16:18:28.263,ALGO/USDT:USDT,0.257,25974.9,0.2571,13909.5,0.257,117783276.9,30739490.721
1753460308364,16:18:28.364,ALGO/USDT:USDT,0.257,22499.4,0.2571,22197.7,0.257,117783276.9,30739490.721
1753460308463,16:18:28.463,ALGO/USDT:USDT,0.257,21972.5,0.2571,22197.7,0.257,117783276.9,30739490.721
1753460308764,16:18:28.764,ALGO/USDT:USDT,0.257,21972.5,0.2571,21356.4,0.257,117783276.9,30739490.721
1753460308863,16:18:28.863,ALGO/USDT:USDT,0.257,25448.0,0.2571,13909.5,0.257,117783276.9,30739490.721
1753460309164,16:18:29.164,ALGO/USDT:USDT,0.257,25974.9,0.2571,13909.5,0.257,117783276.9,30739490.721
1753460309264,16:18:29.264,ALGO/USDT:USDT,0.257,25448.0,0.2571,13909.5,0.257,117783276.9,30739490.721
1753460309563,16:18:29.563,ALGO/USDT:USDT,0.257,25974.9,0.2571,961.5,0.257,117783276.9,30739490.721
1753460309663,16:18:29.663,ALGO/USDT:USDT,0.257,25974.9,0.2571,12691.8,0.257,117783276.9,30739490.721
1753460309763,16:18:29.763,ALGO/USDT:USDT,0.257,25133.9,0.2571,12691.8,0.257,117783276.9,30739490.721
1753460309864,16:18:29.864,ALGO/USDT:USDT,0.257,25974.9,0.2571,12691.8,0.257,117783276.9,30739490.721
1753460310364,16:18:30.364,ALGO/USDT:USDT,0.257,25133.9,0.2571,12691.8,0.257,117783276.9,30739490.721
1753460310464,16:18:30.464,ALGO/USDT:USDT,0.257,24915.3,0.2571,12691.8,0.257,117783276.9,30739490.721
1753460310563,16:18:30.563,ALGO/USDT:USDT,0.257,24388.4,0.2571,12691.8,0.257,117783276.9,30739490.721
1753460310863,16:18:30.863,ALGO/USDT:USDT,0.257,25756.3,0.2571,961.5,0.257,117783276.9,30739490.721
1753460310964,16:18:30.964,ALGO/USDT:USDT,0.257,32169.3,0.2571,961.5,0.257,117783276.9,30739490.721
1753460311063,16:18:31.063,ALGO/USDT:USDT,0.257,33370.8,0.2571,961.5,0.257,117783276.9,30739490.721
1753460311164,16:18:31.164,ALGO/USDT:USDT,0.257,33370.8,0.2571,961.5,0.257,117783276.9,30739490.721
1753460311263,16:18:31.263,ALGO/USDT:USDT,0.257,44393.5,0.2571,961.5,0.257,117783276.9,30739490.721
1753460311464,16:18:31.464,ALGO/USDT:USDT,0.257,44782.5,0.2571,961.5,0.257,117783276.9,30739490.721
1753460311663,16:18:31.663,ALGO/USDT:USDT,0.257,43307.7,0.2571,961.5,0.257,117783276.9,30739490.721
1753460311763,16:18:31.763,ALGO/USDT:USDT,0.257,43308.0,0.2571,961.5,0.257,117783276.9,30739490.721
1753460311963,16:18:31.963,ALGO/USDT:USDT,0.257,31919.0,0.2571,961.5,0.257,117783276.9,30739490.721
1753460312064,16:18:32.064,ALGO/USDT:USDT,0.257,27382.4,0.2571,12691.8,0.257,117783276.9,30739490.721
1753460312363,16:18:32.363,ALGO/USDT:USDT,0.257,25801.7,0.2571,24035.7,0.257,117783276.9,30739490.721
1753460312464,16:18:32.464,ALGO/USDT:USDT,0.257,25998.4,0.2571,15747.8,0.257,117783276.9,30739490.721
1753460312564,16:18:32.564,ALGO/USDT:USDT,0.257,26595.2,0.2571,14906.5,0.257,117783276.9,30739490.721
1753460312863,16:18:32.863,ALGO/USDT:USDT,0.257,27192.2,0.2571,15747.8,0.257,117783276.9,30739490.721
1753460312963,16:18:32.963,ALGO/USDT:USDT,0.257,27192.2,0.2571,14906.5,0.257,117783276.9,30739490.721
1753460313063,16:18:33.063,ALGO/USDT:USDT,0.257,28811.2,0.2571,961.5,0.257,117783276.9,30739490.721
1753460313163,16:18:33.163,ALGO/USDT:USDT,0.2571,11828.0,0.2572,23468.0,0.2572,117784721.1,30739862.073
1753460313264,16:18:33.264,ALGO/USDT:USDT,0.2571,11828.0,0.2572,37719.3,0.2572,117784721.1,30739862.073
1753460313363,16:18:33.363,ALGO/USDT:USDT,0.257,31838.4,0.2571,18730.3,0.2572,117784721.1,30739862.073
1753460313463,16:18:33.463,ALGO/USDT:USDT,0.257,27797.2,0.2571,21364.8,0.2572,117784721.1,30739862.073
1753460313564,16:18:33.564,ALGO/USDT:USDT,0.257,12560.8,0.2571,34903.0,0.2572,117784721.1,30739862.073
1753460313663,16:18:33.663,ALGO/USDT:USDT,0.257,7989.7,0.2571,34903.0,0.2572,117784721.1,30739862.073
1753460314064,16:18:34.064,ALGO/USDT:USDT,0.257,7989.7,0.2571,34825.1,0.2572,117784721.1,30739862.073
1753460314164,16:18:34.164,ALGO/USDT:USDT,0.257,7989.7,0.2571,39825.1,0.2572,117784721.1,30739862.073
1753460314264,16:18:34.264,ALGO/USDT:USDT,0.257,15436.6,0.2571,39007.7,0.2572,117784721.1,30739862.073
1753460314364,16:18:34.364,ALGO/USDT:USDT,0.257,15436.6,0.2571,38190.6,0.2572,117784721.1,30739862.073
1753460314464,16:18:34.464,ALGO/USDT:USDT,0.257,28166.9,0.2571,31716.4,0.2572,117784721.1,30739862.073
1753460314764,16:18:34.764,ALGO/USDT:USDT,0.257,32270.5,0.2571,20177.2,0.2572,117784721.1,30739862.073
1753460314864,16:18:34.864,ALGO/USDT:USDT,0.257,32797.4,0.2571,12730.3,0.2572,117784721.1,30739862.073
1753460315064,16:18:35.064,ALGO/USDT:USDT,0.257,28582.2,0.2571,20994.6,0.2572,117784721.1,30739862.073
1753460315164,16:18:35.164,ALGO/USDT:USDT,0.257,28582.2,0.2571,33811.7,0.2572,117784721.1,30739862.073
1753460315263,16:18:35.263,ALGO/USDT:USDT,0.257,16851.9,0.2571,37882.2,0.2572,117784721.1,30739862.073
1753460315363,16:18:35.363,ALGO/USDT:USDT,0.257,28582.2,0.2571,22695.6,0.2572,117784721.1,30739862.073
1753460315663,16:18:35.663,ALGO/USDT:USDT,0.257,33324.3,0.2571,17708.9,0.2572,117784721.1,30739862.073
1753460315864,16:18:35.864,ALGO/USDT:USDT,0.257,33614.5,0.2571,16708.9,0.2572,117784721.1,30739862.073
1753460315964,16:18:35.964,ALGO/USDT:USDT,0.257,32797.4,0.2571,16708.9,0.2572,117784721.1,30739862.073
1753460316063,16:18:36.063,ALGO/USDT:USDT,0.257,28582.2,0.2571,16708.9,0.2572,117784721.1,30739862.073
1753460316163,16:18:36.163,ALGO/USDT:USDT,0.257,28582.2,0.2571,24155.8,0.2572,117784721.1,30739862.073
1753460316263,16:18:36.263,ALGO/USDT:USDT,0.257,28582.2,0.2571,25973.2,0.2572,117784721.1,30739862.073
1753460316364,16:18:36.364,ALGO/USDT:USDT,0.257,28582.2,0.2571,26790.3,0.2572,117784721.1,30739862.073
1753460316463,16:18:36.463,ALGO/USDT:USDT,0.257,16851.9,0.2571,26790.3,0.2572,117784721.1,30739862.073
1753460316763,16:18:36.763,ALGO/USDT:USDT,0.257,28582.2,0.2571,25155.8,0.2572,117784721.1,30739862.073
1753460316863,16:18:36.863,ALGO/USDT:USDT,0.257,34141.4,0.2571,16708.9,0.2572,117784721.1,30739862.073
1753460316963,16:18:36.963,ALGO/USDT:USDT,0.257,34668.3,0.2571,16708.9,0.2572,117784721.1,30739862.073
1753460317064,16:18:37.064,ALGO/USDT:USDT,0.257,33324.3,0.2571,16708.9,0.2572,117784721.1,30739862.073
1753460317164,16:18:37.164,ALGO/USDT:USDT,0.257,36111.0,0.2571,16708.9,0.2572,117784721.1,30739862.073
1753460317263,16:18:37.263,ALGO/USDT:USDT,0.257,36928.1,0.2571,16708.9,0.2572,117784721.1,30739862.073
1753460317463,16:18:37.463,ALGO/USDT:USDT,0.257,36928.1,0.2571,4978.6,0.2572,117784721.1,30739862.073
1753460317563,16:18:37.563,ALGO/USDT:USDT,0.257,37802.3,0.2571,4978.6,0.2572,117784721.1,30739862.073
1753460317664,16:18:37.664,ALGO/USDT:USDT,0.257,41806.7,0.2571,4978.6,0.2572,117784721.1,30739862.073
1753460317963,16:18:37.963,ALGO/USDT:USDT,0.257,40834.2,0.2571,4978.6,0.2572,117784721.1,30739862.073
1753460318064,16:18:38.064,ALGO/USDT:USDT,0.257,39281.5,0.2571,4978.6,0.2572,117784721.1,30739862.073
1753460318164,16:18:38.164,ALGO/USDT:USDT,0.257,34185.3,0.2571,18343.4,0.2572,117784721.1,30739862.073
1753460318464,16:18:38.464,ALGO/USDT:USDT,0.257,34185.3,0.2571,16708.9,0.2572,117784721.1,30739862.073
1753460319064,16:18:39.064,ALGO/USDT:USDT,0.257,35628.4,0.2571,4978.6,0.2572,117784721.1,30739862.073
1753460319164,16:18:39.164,ALGO/USDT:USDT,0.257,49853.7,0.2571,4978.6,0.2572,117784721.1,30739862.073
1753460319364,16:18:39.364,ALGO/USDT:USDT,0.257,50084.8,0.2571,4978.6,0.2572,117784721.1,30739862.073
1753460319464,16:18:39.464,ALGO/USDT:USDT,0.257,35511.4,0.2571,4978.6,0.2572,117784721.1,30739862.073
1753460319563,16:18:39.563,ALGO/USDT:USDT,0.257,36328.5,0.2571,4978.6,0.2572,117784721.1,30739862.073
1753460319664,16:18:39.664,ALGO/USDT:USDT,0.257,34733.4,0.2571,16708.9,0.2572,117784721.1,30739862.073
1753460319763,16:18:39.763,ALGO/USDT:USDT,0.257,34733.4,0.2571,17526.3,0.2572,117784721.1,30739862.073
1753460319864,16:18:39.864,ALGO/USDT:USDT,0.257,34733.4,0.2571,19343.4,0.2572,117784721.1,30739862.073
1753460320563,16:18:40.563,ALGO/USDT:USDT,0.257,29636.0,0.2571,26780.4,0.2572,117784721.1,30739862.073
1753460320663,16:18:40.663,ALGO/USDT:USDT,0.257,9405.0,0.2571,25299.0,0.2572,117784721.1,30739862.073
1753460320763,16:18:40.763,ALGO/USDT:USDT,0.257,8405.0,0.2571,26077.0,0.2572,117784721.1,30739862.073
1753460320863,16:18:40.863,ALGO/USDT:USDT,0.257,8405.0,0.2571,27319.6,0.2572,117784721.1,30739862.073
1753460320963,16:18:40.963,ALGO/USDT:USDT,0.257,8405.0,0.2571,30042.7,0.2572,117784721.1,30739862.073
1753460321063,16:18:41.063,ALGO/USDT:USDT,0.2569,4995.6,0.257,55200.1,0.257,117793126.1,30742022.158
1753460321164,16:18:41.164,ALGO/USDT:USDT,0.2569,7191.1,0.257,55200.1,0.257,117793126.1,30742022.158
1753460321263,16:18:41.263,ALGO/USDT:USDT,0.2568,32201.8,0.2569,15730.3,0.257,117793126.1,30742022.158
1753460321364,16:18:41.364,ALGO/USDT:USDT,0.2568,27387.6,0.2569,16730.3,0.257,117793126.1,30742022.158
1753460321464,16:18:41.464,ALGO/USDT:USDT,0.2568,25340.2,0.2569,17621.4,0.257,117793126.1,30742022.158
1753460321563,16:18:41.563,ALGO/USDT:USDT,0.2568,22183.9,0.2569,16730.3,0.257,117793126.1,30742022.158
1753460321663,16:18:41.663,ALGO/USDT:USDT,0.2568,27704.6,0.2569,11730.3,0.257,117793126.1,30742022.158
1753460321763,16:18:41.763,ALGO/USDT:USDT,0.2568,27817.3,0.2569,11730.3,0.257,117793126.1,30742022.158
1753460321863,16:18:41.863,ALGO/USDT:USDT,0.2569,14560.0,0.257,57600.0,0.257,117793126.1,30742022.158
1753460321963,16:18:41.963,ALGO/USDT:USDT,0.2569,21997.0,0.257,40531.5,0.257,117793126.1,30742022.158
1753460322164,16:18:42.164,ALGO/USDT:USDT,0.2569,21997.0,0.257,41422.8,0.257,117793126.1,30742022.158
1753460322263,16:18:42.263,ALGO/USDT:USDT,0.2569,10266.7,0.257,42313.9,0.257,117793126.1,30742022.158
1753460322463,16:18:42.463,ALGO/USDT:USDT,0.2569,8437.0,0.257,42313.9,0.257,117793126.1,30742022.158
1753460322564,16:18:42.564,ALGO/USDT:USDT,0.2568,25936.5,0.2569,11730.3,0.257,117793126.1,30742022.158
1753460322664,16:18:42.664,ALGO/USDT:USDT,0.2568,28374.3,0.2569,11757.5,0.257,117793126.1,30742022.158
1753460322764,16:18:42.764,ALGO/USDT:USDT,0.2568,28901.2,0.2569,11757.5,0.257,117793126.1,30742022.158
1753460322863,16:18:42.863,ALGO/USDT:USDT,0.2568,29792.3,0.2569,11757.5,0.257,117793126.1,30742022.158
1753460322963,16:18:42.963,ALGO/USDT:USDT,0.2568,29863.4,0.2569,11757.5,0.257,117793126.1,30742022.158
1753460323064,16:18:43.064,ALGO/USDT:USDT,0.2568,28972.3,0.2569,11757.5,0.257,117793126.1,30742022.158
1753460323164,16:18:43.164,ALGO/USDT:USDT,0.2568,31106.2,0.2569,27.2,0.257,117793126.1,30742022.158
1753460323264,16:18:43.264,ALGO/USDT:USDT,0.2568,29568.5,0.2569,11757.5,0.257,117793126.1,30742022.158
1753460323363,16:18:43.363,ALGO/USDT:USDT,0.2568,28677.2,0.2569,11757.5,0.257,117793126.1,30742022.158
1753460323564,16:18:43.564,ALGO/USDT:USDT,0.2568,29568.5,0.2569,11757.5,0.257,117793126.1,30742022.158
1753460323663,16:18:43.663,ALGO/USDT:USDT,0.2568,30459.2,0.2569,3058.0,0.257,117793126.1,30742022.158
1753460323764,16:18:43.764,ALGO/USDT:USDT,0.2568,31105.4,0.2569,27.2,0.257,117793126.1,30742022.158
1753460323863,16:18:43.863,ALGO/USDT:USDT,0.2568,30459.2,0.2569,27.2,0.257,117793126.1,30742022.158
1753460324064,16:18:44.064,ALGO/USDT:USDT,0.2568,26042.3,0.2569,21657.1,0.257,117793126.1,30742022.158
1753460324163,16:18:44.163,ALGO/USDT:USDT,0.2568,24392.3,0.2569,24439.5,0.257,117793126.1,30742022.158
1753460324263,16:18:44.263,ALGO/USDT:USDT,0.2568,24392.3,0.2569,23548.4,0.257,117793126.1,30742022.158
1753460324364,16:18:44.364,ALGO/USDT:USDT,0.2568,24392.3,0.2569,31849.3,0.257,117793126.1,30742022.158
1753460324463,16:18:44.463,ALGO/USDT:USDT,0.2568,24392.3,0.2569,30958.0,0.257,117793126.1,30742022.158
1753460324563,16:18:44.563,ALGO/USDT:USDT,0.2568,24392.3,0.2569,31849.3,0.257,117793126.1,30742022.158
1753460324963,16:18:44.963,ALGO/USDT:USDT,0.2568,29336.1,0.2569,12629.9,0.257,117793126.1,30742022.158
1753460325263,16:18:45.263,ALGO/USDT:USDT,0.2569,13014.2,0.257,41344.8,0.257,117793126.1,30742022.158
1753460325364,16:18:45.364,ALGO/USDT:USDT,0.2569,5577.2,0.257,40365.5,0.257,117793126.1,30742022.158
1753460325464,16:18:45.464,ALGO/USDT:USDT,0.2569,5577.2,0.257,41256.6,0.257,117793126.1,30742022.158
1753460325563,16:18:45.563,ALGO/USDT:USDT,0.2569,2744.5,0.257,41256.6,0.257,117793126.1,30742022.158
1753460325863,16:18:45.863,ALGO/USDT:USDT,0.2568,25516.4,0.2569,20058.4,0.257,117793126.1,30742022.158
1753460325964,16:18:45.964,ALGO/USDT:USDT,0.2568,24497.8,0.2569,19167.3,0.257,117793126.1,30742022.158
1753460326564,16:18:46.564,ALGO/USDT:USDT,0.2568,24498.9,0.2569,19167.3,0.257,117793126.1,30742022.158
1753460326663,16:18:46.663,ALGO/USDT:USDT,0.2568,24994.0,0.2569,19167.3,0.257,117793126.1,30742022.158
1753460326763,16:18:46.763,ALGO/USDT:USDT,0.2568,24982.6,0.2569,19167.3,0.257,117793126.1,30742022.158
1753460327063,16:18:47.063,ALGO/USDT:USDT,0.2568,669.2,0.2569,30970.7,0.257,117793126.1,30742022.158
1753460327163,16:18:47.163,ALGO/USDT:USDT,0.2568,669.2,0.2569,35949.5,0.257,117793126.1,30742022.158
1753460327363,16:18:47.363,ALGO/USDT:USDT,0.2568,669.2,0.2569,38480.0,0.257,117793126.1,30742022.158
1753460327464,16:18:47.464,ALGO/USDT:USDT,0.2567,19435.1,0.2568,35134.0,0.2568,117793795.3,30742194.0086
1753460327563,16:18:47.563,ALGO/USDT:USDT,0.2567,17753.9,0.2568,35134.0,0.2568,117793795.3,30742194.0086
1753460327664,16:18:47.664,ALGO/USDT:USDT,0.2567,6023.6,0.2568,37661.2,0.2568,117793795.3,30742194.0086
1753460327763,16:18:47.763,ALGO/USDT:USDT,0.2567,57.2,0.2568,37661.2,0.2568,117793795.3,30742194.0086
1753460327963,16:18:47.963,ALGO/USDT:USDT,0.2567,57.2,0.2568,37661.2,0.2568,117793795.3,30742194.0086
1753460328063,16:18:48.063,ALGO/USDT:USDT,0.2567,57.2,0.2568,43661.2,0.2568,117793795.3,30742194.0086
1753460328269,16:18:48.269,ALGO/USDT:USDT,0.2567,57.2,0.2568,52976.3,0.2568,117793795.3,30742194.0086
1753460328364,16:18:48.364,ALGO/USDT:USDT,0.2567,57.2,0.2568,46977.9,0.2568,117793795.3,30742194.0086
1753460328463,16:18:48.463,ALGO/USDT:USDT,0.2567,57.2,0.2568,46999.7,0.2568,117793795.3,30742194.0086
1753460328563,16:18:48.563,ALGO/USDT:USDT,0.2567,57.2,0.2568,46999.7,0.2568,117793795.3,30742194.0086
1753460328764,16:18:48.764,ALGO/USDT:USDT,0.2567,57.2,0.2568,47389.1,0.2568,117793795.3,30742194.0086
1753460328864,16:18:48.864,ALGO/USDT:USDT,0.2567,57.2,0.2568,48245.9,0.2568,117793795.3,30742194.0086
1753460328963,16:18:48.963,ALGO/USDT:USDT,0.2566,38795.5,0.2567,58318.8,0.2567,117793852.5,30742208.6918
1753460329063,16:18:49.063,ALGO/USDT:USDT,0.2566,25103.2,0.2567,60774.1,0.2567,117793852.5,30742208.6918
1753460329164,16:18:49.164,ALGO/USDT:USDT,0.2566,25103.2,0.2567,53037.5,0.2567,117793852.5,30742208.6918
1753460329264,16:18:49.264,ALGO/USDT:USDT,0.2566,25103.2,0.2567,53037.5,0.2567,117751903.9,30730928.9379
1753460329463,16:18:49.463,ALGO/USDT:USDT,0.2566,25104.2,0.2567,53037.5,0.2567,117751903.9,30730928.9379
1753460329563,16:18:49.563,ALGO/USDT:USDT,0.2566,25104.2,0.2567,54717.1,0.2567,117751903.9,30730928.9379
1753460329763,16:18:49.763,ALGO/USDT:USDT,0.2566,25104.2,0.2567,53877.2,0.2567,117751903.9,30730928.9379
1753460329964,16:18:49.964,ALGO/USDT:USDT,0.2566,25104.2,0.2567,54717.1,0.2567,117751903.9,30730928.9379
1753460330264,16:18:50.264,ALGO/USDT:USDT,0.2566,25104.2,0.2567,53037.5,0.2567,117751903.9,30730928.9379
1753460330363,16:18:50.363,ALGO/USDT:USDT,0.2566,25631.1,0.2567,33809.0,0.2567,117751903.9,30730928.9379
1753460330463,16:18:50.463,ALGO/USDT:USDT,0.2566,26997.7,0.2567,21094.5,0.2567,117751903.9,30730928.9379
1753460330564,16:18:50.564,ALGO/USDT:USDT,0.2566,26470.8,0.2567,21094.5,0.2567,117751903.9,30730928.9379
1753460330663,16:18:50.663,ALGO/USDT:USDT,0.2566,27524.6,0.2567,21094.5,0.2567,117751903.9,30730928.9379
1753460330764,16:18:50.764,ALGO/USDT:USDT,0.2566,26684.9,0.2567,21094.5,0.2567,117751903.9,30730928.9379
1753460331163,16:18:51.163,ALGO/USDT:USDT,0.2566,25104.2,0.2567,21094.5,0.2567,117751903.9,30730928.9379
1753460331364,16:18:51.364,ALGO/USDT:USDT,0.2566,25943.9,0.2567,21094.5,0.2567,117751903.9,30730928.9379
1753460331664,16:18:51.664,ALGO/USDT:USDT,0.2566,25104.2,0.2567,21094.5,0.2567,117751903.9,30730928.9379
1753460332163,16:18:52.163,ALGO/USDT:USDT,0.2566,25104.2,0.2567,21094.5,0.2567,117751903.9,30730928.9379
1753460332464,16:18:52.464,ALGO/USDT:USDT,0.2566,25104.2,0.2567,30002.6,0.2567,117751903.9,30730928.9379
1753460332763,16:18:52.763,ALGO/USDT:USDT,0.2566,25137.1,0.2567,30002.6,0.2567,117751903.9,30730928.9379
1753460332863,16:18:52.863,ALGO/USDT:USDT,0.2566,26503.7,0.2567,21094.5,0.2567,117751903.9,30730928.9379
1753460332964,16:18:52.964,ALGO/USDT:USDT,0.2566,38503.7,0.2567,21094.5,0.2567,117751903.9,30730928.9379
1753460333163,16:18:53.163,ALGO/USDT:USDT,0.2566,25137.1,0.2567,21094.5,0.2567,117751903.9,30730928.9379
1753460333263,16:18:53.263,ALGO/USDT:USDT,0.2566,25137.1,0.2567,30002.6,0.2567,117751903.9,30730928.9379
1753460333363,16:18:53.363,ALGO/USDT:USDT,0.2566,24137.1,0.2567,30002.6,0.2567,117751903.9,30730928.9379
1753460333663,16:18:53.663,ALGO/USDT:USDT,0.2566,77.7,0.2567,35761.3,0.2567,117751903.9,30730928.9379
1753460334063,16:18:54.063,ALGO/USDT:USDT,0.2566,19036.5,0.2567,29162.7,0.2567,117751903.9,30730928.9379
1753460334163,16:18:54.163,ALGO/USDT:USDT,0.2566,20876.2,0.2567,28323.0,0.2567,117751903.9,30730928.9379
1753460334364,16:18:54.364,ALGO/USDT:USDT,0.2566,20036.5,0.2567,28323.0,0.2567,117751903.9,30730928.9379
1753460334463,16:18:54.463,ALGO/USDT:USDT,0.2566,20111.8,0.2567,30002.6,0.2567,117751903.9,30730928.9379
1753460334563,16:18:54.563,ALGO/USDT:USDT,0.2566,3648.7,0.2567,30002.6,0.2567,117751903.9,30730928.9379
1753460334764,16:18:54.764,ALGO/USDT:USDT,0.2566,15379.0,0.2567,30002.6,0.2567,117751903.9,30730928.9379
1753460335263,16:18:55.263,ALGO/USDT:USDT,0.2566,153.0,0.2567,37005.9,0.2567,117751903.9,30730928.9379
1753460335464,16:18:55.464,ALGO/USDT:USDT,0.2566,155.1,0.2567,35761.3,0.2567,117751903.9,30730928.9379
1753460335563,16:18:55.563,ALGO/USDT:USDT,0.2566,20358.5,0.2567,28323.0,0.2567,117751903.9,30730928.9379
1753460335763,16:18:55.763,ALGO/USDT:USDT,0.2566,22198.2,0.2567,28323.0,0.2567,117751903.9,30730928.9379
1753460336563,16:18:56.563,ALGO/USDT:USDT,0.2566,21358.5,0.2567,28323.0,0.2567,117751903.9,30730928.9379
1753460336663,16:18:56.663,ALGO/USDT:USDT,0.2566,21358.5,0.2567,28324.3,0.2567,117751903.9,30730928.9379
1753460336763,16:18:56.763,ALGO/USDT:USDT,0.2566,22198.2,0.2567,21095.8,0.2567,117751903.9,30730928.9379
1753460336863,16:18:56.863,ALGO/USDT:USDT,0.2566,23403.6,0.2567,21095.8,0.2567,117751903.9,30730928.9379
1753460336964,16:18:56.964,ALGO/USDT:USDT,0.2566,34803.1,0.2567,21095.8,0.2567,117751903.9,30730928.9379
1753460337164,16:18:57.164,ALGO/USDT:USDT,0.2566,27803.1,0.2567,21095.8,0.2567,117751903.9,30730928.9379
1753460337264,16:18:57.264,ALGO/USDT:USDT,0.2566,22198.2,0.2567,21095.8,0.2567,117751903.9,30730928.9379
1753460337563,16:18:57.563,ALGO/USDT:USDT,0.2566,22199.2,0.2567,20095.8,0.2567,117751903.9,30730928.9379
1753460337664,16:18:57.664,ALGO/USDT:USDT,0.2566,39644.1,0.2567,1.3,0.2567,117751903.9,30730928.9379
1753460337763,16:18:57.763,ALGO/USDT:USDT,0.2566,40054.7,0.2567,1.3,0.2567,117751903.9,30730928.9379
1753460337864,16:18:57.864,ALGO/USDT:USDT,0.2566,29399.2,0.2567,1.3,0.2567,117751903.9,30730928.9379
1753460337964,16:18:57.964,ALGO/USDT:USDT,0.2566,40399.2,0.2567,1.3,0.2567,117751903.9,30730928.9379
1753460338063,16:18:58.063,ALGO/USDT:USDT,0.2566,40321.2,0.2567,1.3,0.2567,117751903.9,30730928.9379
1753460338163,16:18:58.163,ALGO/USDT:USDT,0.2566,40516.0,0.2567,1.3,0.2567,117751903.9,30730928.9379
1753460338364,16:18:58.364,ALGO/USDT:USDT,0.2566,40126.4,0.2567,1.3,0.2567,117751903.9,30730928.9379
1753460338663,16:18:58.663,ALGO/USDT:USDT,0.2566,22102.4,0.2567,13571.5,0.2567,117751903.9,30730928.9379
1753460338763,16:18:58.763,ALGO/USDT:USDT,0.2566,21554.3,0.2567,21539.5,0.2567,117751903.9,30730928.9379
1753460338863,16:18:58.863,ALGO/USDT:USDT,0.2566,2530.2,0.2567,24257.1,0.2567,117751903.9,30730928.9379
1753460339063,16:18:59.063,ALGO/USDT:USDT,0.2566,9658.5,0.2567,23012.5,0.2567,117751903.9,30730928.9379
1753460339163,16:18:59.163,ALGO/USDT:USDT,0.2566,21194.0,0.2567,19859.9,0.2567,117751903.9,30730928.9379
1753460339363,16:18:59.363,ALGO/USDT:USDT,0.2566,23614.4,0.2567,12731.6,0.2567,117751903.9,30730928.9379
1753460339663,16:18:59.663,ALGO/USDT:USDT,0.2566,22774.7,0.2567,12731.6,0.2567,117751903.9,30730928.9379
1753460339763,16:18:59.763,ALGO/USDT:USDT,0.2566,21194.0,0.2567,12731.6,0.2567,117751903.9,30730928.9379
1753460340063,16:19:00.063,ALGO/USDT:USDT,0.2566,21194.0,0.2567,21944.4,0.2567,117751903.9,30730928.9379
1753460340163,16:19:00.163,ALGO/USDT:USDT,0.2566,156.1,0.2567,29516.8,0.2567,117751903.9,30730928.9379
1753460340263,16:19:00.263,ALGO/USDT:USDT,0.2565,13936.6,0.2566,54159.5,0.2566,117752060.0,30730968.9931
1753460340363,16:19:00.363,ALGO/USDT:USDT,0.2565,6972.2,0.2566,53383.8,0.2566,117752060.0,30730968.9931
1753460340463,16:19:00.463,ALGO/USDT:USDT,0.2565,4499.8,0.2566,53435.6,0.2566,117752060.0,30730968.9931
1753460340564,16:19:00.564,ALGO/USDT:USDT,0.2565,22.0,0.2566,54909.1,0.2566,117752060.0,30730968.9931
1753460341063,16:19:01.063,ALGO/USDT:USDT,0.2565,22.0,0.2566,54831.1,0.2566,117752060.0,30730968.9931
1753460341164,16:19:01.164,ALGO/USDT:USDT,0.2565,24261.6,0.2566,39704.2,0.2566,117752060.0,30730968.9931
1753460341263,16:19:01.263,ALGO/USDT:USDT,0.2565,11311.8,0.2566,39704.2,0.2566,117752060.0,30730968.9931
1753460341364,16:19:01.364,ALGO/USDT:USDT,0.2565,22.0,0.2566,36947.4,0.2566,117752060.0,30730968.9931
1753460341463,16:19:01.463,ALGO/USDT:USDT,0.2565,22.0,0.2566,36947.4,0.2566,117752060.0,30730968.9931
1753460342063,16:19:02.063,ALGO/USDT:USDT,0.2565,18880.6,0.2566,29850.0,0.2566,117752060.0,30730968.9931
1753460342163,16:19:02.163,ALGO/USDT:USDT,0.2565,20125.2,0.2566,28222.8,0.2566,117752060.0,30730968.9931
1753460342263,16:19:02.263,ALGO/USDT:USDT,0.2565,20125.2,0.2566,28321.5,0.2566,117752060.0,30730968.9931
1753460342563,16:19:02.563,ALGO/USDT:USDT,0.2565,8394.9,0.2566,29135.2,0.2566,117752060.0,30730968.9931
1753460342663,16:19:02.663,ALGO/USDT:USDT,0.2565,22.0,0.2566,32666.8,0.2566,117752060.0,30730968.9931
1753460342763,16:19:02.763,ALGO/USDT:USDT,0.2565,22.0,0.2566,31422.2,0.2566,117752060.0,30730968.9931
1753460342864,16:19:02.864,ALGO/USDT:USDT,0.2565,22.0,0.2566,29135.2,0.2566,117752060.0,30730968.9931
1753460342963,16:19:02.963,ALGO/USDT:USDT,0.2565,28.0,0.2566,29135.2,0.2566,117752060.0,30730968.9931
1753460343063,16:19:03.063,ALGO/USDT:USDT,0.2565,28.0,0.2566,29948.7,0.2566,117752060.0,30730968.9931
1753460343463,16:19:03.463,ALGO/USDT:USDT,0.2565,16721.1,0.2566,28321.5,0.2566,117752060.0,30730968.9931
1753460343663,16:19:03.663,ALGO/USDT:USDT,0.2565,8059.1,0.2566,28321.5,0.2566,117752060.0,30730968.9931
1753460343763,16:19:03.763,ALGO/USDT:USDT,0.2565,6999.9,0.2566,28321.5,0.2566,117752060.0,30730968.9931
1753460343863,16:19:03.863,ALGO/USDT:USDT,0.2565,18730.2,0.2566,28321.5,0.2566,117752060.0,30730968.9931
1753460344064,16:19:04.064,ALGO/USDT:USDT,0.2565,20543.7,0.2566,28321.5,0.2566,117752060.0,30730968.9931
1753460344163,16:19:04.163,ALGO/USDT:USDT,0.2565,19730.2,0.2566,28321.5,0.2566,117752060.0,30730968.9931
1753460344464,16:19:04.464,ALGO/USDT:USDT,0.2565,19726.3,0.2566,28321.5,0.2566,117752060.0,30730968.9931
1753460344763,16:19:04.763,ALGO/USDT:USDT,0.2565,6166.7,0.2566,28321.5,0.2566,117752060.0,30730968.9931
1753460344863,16:19:04.863,ALGO/USDT:USDT,0.2565,24.1,0.2566,35982.5,0.2566,117752060.0,30730968.9931
1753460345164,16:19:05.164,ALGO/USDT:USDT,0.2565,19986.6,0.2566,28321.5,0.2566,117752060.0,30730968.9931
1753460345263,16:19:05.263,ALGO/USDT:USDT,0.2565,28928.4,0.2566,28321.5,0.2566,117752060.0,30730968.9931
1753460345364,16:19:05.364,ALGO/USDT:USDT,0.2565,34583.8,0.2566,98.7,0.2566,117752060.0,30730968.9931
1753460345463,16:19:05.463,ALGO/USDT:USDT,0.2566,28165.0,0.2567,1.3,0.2566,117752158.7,30730994.3196
1753460345564,16:19:05.564,ALGO/USDT:USDT,0.2566,29409.6,0.2567,1.3,0.2566,117752158.7,30730994.3196
1753460345763,16:19:05.763,ALGO/USDT:USDT,0.2566,23282.5,0.2567,18859.9,0.2566,117752158.7,30730994.3196
1753460345863,16:19:05.863,ALGO/USDT:USDT,0.2566,29597.3,0.2567,19859.9,0.2566,117752158.7,30730994.3196
1753460346064,16:19:06.064,ALGO/USDT:USDT,0.2566,30701.1,0.2567,19859.9,0.2566,117752158.7,30730994.3196
1753460346264,16:19:06.264,ALGO/USDT:USDT,0.2566,29900.4,0.2567,19859.9,0.2566,117752158.7,30730994.3196
1753460346363,16:19:06.363,ALGO/USDT:USDT,0.2566,29597.3,0.2567,19859.9,0.2566,117752158.7,30730994.3196
1753460346563,16:19:06.563,ALGO/USDT:USDT,0.2566,30701.1,0.2567,19859.9,0.2566,117752158.7,30730994.3196
1753460346763,16:19:06.763,ALGO/USDT:USDT,0.2566,30701.1,0.2567,1.3,0.2566,117752158.7,30730994.3196
1753460346863,16:19:06.863,ALGO/USDT:USDT,0.2566,42757.8,0.2567,1.3,0.2566,117752158.7,30730994.3196
1753460346963,16:19:06.963,ALGO/USDT:USDT,0.2566,35502.8,0.2567,7129.6,0.2566,117752158.7,30730994.3196
1753460347063,16:19:07.063,ALGO/USDT:USDT,0.2566,36050.1,0.2567,1.3,0.2566,117752158.7,30730994.3196
1753460347363,16:19:07.363,ALGO/USDT:USDT,0.2566,35972.1,0.2567,1.3,0.2566,117752158.7,30730994.3196
1753460347464,16:19:07.464,ALGO/USDT:USDT,0.2566,34702.1,0.2567,1245.7,0.2566,117752158.7,30730994.3196
1753460347563,16:19:07.563,ALGO/USDT:USDT,0.2566,35502.8,0.2567,3058.6,0.2566,117752158.7,30730994.3196
1753460347663,16:19:07.663,ALGO/USDT:USDT,0.2566,35558.4,0.2567,3058.6,0.2566,117752158.7,30730994.3196
1753460347763,16:19:07.763,ALGO/USDT:USDT,0.2566,35558.4,0.2567,1.3,0.2566,117752158.7,30730994.3196
1753460347863,16:19:07.863,ALGO/USDT:USDT,0.2566,47558.4,0.2567,1.3,0.2566,117752158.7,30730994.3196
1753460347963,16:19:07.963,ALGO/USDT:USDT,0.2566,47867.7,0.2567,1.3,0.2566,117752158.7,30730994.3196
1753460348163,16:19:08.163,ALGO/USDT:USDT,0.2566,49536.0,0.2567,1.3,0.2566,117752158.7,30730994.3196
1753460348264,16:19:08.264,ALGO/USDT:USDT,0.2566,49925.6,0.2567,1.3,0.2566,117752158.7,30730994.3196
1753460348464,16:19:08.464,ALGO/USDT:USDT,0.2566,50315.2,0.2567,1.3,0.2566,117752158.7,30730994.3196
1753460348763,16:19:08.763,ALGO/USDT:USDT,0.2566,51878.0,0.2567,21.1,0.2566,117752158.7,30730994.3196
1753460348963,16:19:08.963,ALGO/USDT:USDT,0.2566,39094.4,0.2567,21.1,0.2566,117752158.7,30730994.3196
1753460349063,16:19:09.063,ALGO/USDT:USDT,0.2566,41041.4,0.2567,21.1,0.2566,117752158.7,30730994.3196
1753460349364,16:19:09.364,ALGO/USDT:USDT,0.2566,40963.4,0.2567,21.1,0.2566,117752158.7,30730994.3196
1753460349463,16:19:09.463,ALGO/USDT:USDT,0.2566,35963.0,0.2567,21.1,0.2566,117752158.7,30730994.3196
1753460349563,16:19:09.563,ALGO/USDT:USDT,0.2566,35573.4,0.2567,21.1,0.2566,117752158.7,30730994.3196
1753460349763,16:19:09.763,ALGO/USDT:USDT,0.2566,36374.1,0.2567,21.1,0.2566,117752158.7,30730994.3196
1753460349863,16:19:09.863,ALGO/USDT:USDT,0.2566,36374.1,0.2567,21.1,0.2566,117752158.7,30730994.3196
1753460350064,16:19:10.064,ALGO/USDT:USDT,0.2566,37182.4,0.2567,21.1,0.2566,117752158.7,30730994.3196
1753460350363,16:19:10.363,ALGO/USDT:USDT,0.2566,36381.7,0.2567,11805.9,0.2566,117752158.7,30730994.3196
1753460350463,16:19:10.463,ALGO/USDT:USDT,0.2566,35344.3,0.2567,13851.3,0.2566,117752158.7,30730994.3196
1753460350564,16:19:10.564,ALGO/USDT:USDT,0.2566,30641.9,0.2567,13050.3,0.2566,117752158.7,30730994.3196
1753460350664,16:19:10.664,ALGO/USDT:USDT,0.2566,30641.9,0.2567,11805.9,0.2566,117752158.7,30730994.3196
1753460350763,16:19:10.763,ALGO/USDT:USDT,0.2566,30641.9,0.2567,22805.9,0.2566,117752158.7,30730994.3196
1753460350863,16:19:10.863,ALGO/USDT:USDT,0.2566,31208.8,0.2567,11805.9,0.2566,117752158.7,30730994.3196
1753460350963,16:19:10.963,ALGO/USDT:USDT,0.2566,30408.1,0.2567,11805.9,0.2566,117752158.7,30730994.3196
1753460351063,16:19:11.063,ALGO/USDT:USDT,0.2566,31014.0,0.2567,11805.9,0.2566,117752158.7,30730994.3196
1753460351263,16:19:11.263,ALGO/USDT:USDT,0.2566,31014.0,0.2567,12805.9,0.2566,117752158.7,30730994.3196
1753460351364,16:19:11.364,ALGO/USDT:USDT,0.2566,23085.0,0.2567,21684.2,0.2566,117752158.7,30730994.3196
1753460351463,16:19:11.463,ALGO/USDT:USDT,0.2566,5635.0,0.2567,24479.6,0.2566,117752158.7,30730994.3196
1753460351563,16:19:11.563,ALGO/USDT:USDT,0.2565,65054.3,0.2567,27012.0,0.2566,117752158.7,30730994.3196
1753460351663,16:19:11.663,ALGO/USDT:USDT,0.2566,79.7,0.2567,29739.7,0.2566,117752158.7,30730994.3196
1753460351863,16:19:11.863,ALGO/USDT:USDT,0.2566,20086.6,0.2567,21421.7,0.2566,117752158.7,30730994.3196
1753460351963,16:19:11.963,ALGO/USDT:USDT,0.2566,20887.3,0.2567,19082.5,0.2566,117752158.7,30730994.3196
1753460352263,16:19:12.263,ALGO/USDT:USDT,0.2566,21941.1,0.2567,11805.9,0.2566,117752158.7,30730994.3196
1753460352463,16:19:12.463,ALGO/USDT:USDT,0.2566,21941.1,0.2567,75.6,0.2566,117752158.7,30730994.3196
1753460352564,16:19:12.564,ALGO/USDT:USDT,0.2566,24938.7,0.2567,75.6,0.2566,117752158.7,30730994.3196
1753460352663,16:19:12.663,ALGO/USDT:USDT,0.2566,30588.1,0.2567,75.6,0.2566,117752158.7,30730994.3196
1753460352764,16:19:12.764,ALGO/USDT:USDT,0.2566,41807.7,0.2567,75.6,0.2566,117752158.7,30730994.3196
1753460352864,16:19:12.864,ALGO/USDT:USDT,0.2567,32629.5,0.2568,28045.1,0.2567,117752234.3,30731013.7261
1753460352964,16:19:12.964,ALGO/USDT:USDT,0.2567,33156.4,0.2568,28045.1,0.2567,117752234.3,30731013.7261
1753460353063,16:19:13.063,ALGO/USDT:USDT,0.2567,32629.5,0.2568,28045.1,0.2567,117752234.3,30731013.7261
1753460353163,16:19:13.163,ALGO/USDT:USDT,0.2567,32629.5,0.2568,28045.1,0.2567,117752234.3,30731013.7261
1753460353364,16:19:13.364,ALGO/USDT:USDT,0.2567,31828.8,0.2568,28045.1,0.2567,117752234.3,30731013.7261
1753460353463,16:19:13.463,ALGO/USDT:USDT,0.2567,34538.3,0.2568,8186.5,0.2567,117752234.3,30731013.7261
1753460353563,16:19:13.563,ALGO/USDT:USDT,0.2567,40925.3,0.2568,8186.5,0.2567,117752234.3,30731013.7261
1753460353764,16:19:13.764,ALGO/USDT:USDT,0.2567,50925.3,0.2568,8186.5,0.2567,117752234.3,30731013.7261
1753460353864,16:19:13.864,ALGO/USDT:USDT,0.2567,40925.3,0.2568,8186.5,0.2567,117752234.3,30731013.7261
1753460354063,16:19:14.063,ALGO/USDT:USDT,0.2567,40124.6,0.2568,8186.5,0.2567,117752234.3,30731013.7261
1753460354163,16:19:14.163,ALGO/USDT:USDT,0.2567,29796.1,0.2568,28745.5,0.2567,117752234.3,30731013.7261
1753460354263,16:19:14.263,ALGO/USDT:USDT,0.2567,23081.0,0.2568,29546.2,0.2567,117752234.3,30731013.7261
1753460354563,16:19:14.563,ALGO/USDT:USDT,0.2567,27371.2,0.2568,8186.5,0.2567,117752234.3,30731013.7261
1753460354864,16:19:14.864,ALGO/USDT:USDT,0.2567,27372.2,0.2568,8186.5,0.2567,117752234.3,30731013.7261
1753460355364,16:19:15.364,ALGO/USDT:USDT,0.2567,23082.0,0.2568,31398.2,0.2567,117752234.3,30731013.7261
1753460355464,16:19:15.464,ALGO/USDT:USDT,0.2567,23082.0,0.2568,32999.9,0.2567,117752234.3,30731013.7261
1753460355664,16:19:15.664,ALGO/USDT:USDT,0.2567,24135.8,0.2568,19916.8,0.2567,117752234.3,30731013.7261
1753460355763,16:19:15.763,ALGO/USDT:USDT,0.2567,23082.0,0.2568,22518.5,0.2567,117752234.3,30731013.7261
1753460355864,16:19:15.864,ALGO/USDT:USDT,0.2567,23082.0,0.2568,28193.4,0.2567,117752234.3,30731013.7261
1753460356263,16:19:16.263,ALGO/USDT:USDT,0.2567,27291.1,0.2568,8191.1,0.2567,117752234.3,30731013.7261
1753460356363,16:19:16.363,ALGO/USDT:USDT,0.2567,23881.7,0.2568,8191.1,0.2567,117752234.3,30731013.7261
1753460356464,16:19:16.464,ALGO/USDT:USDT,0.2567,23881.7,0.2568,15467.7,0.2567,117752234.3,30731013.7261
1753460356663,16:19:16.663,ALGO/USDT:USDT,0.2567,28596.9,0.2568,8191.1,0.2567,117752234.3,30731013.7261
1753460356764,16:19:16.764,ALGO/USDT:USDT,0.2567,45351.5,0.2568,8191.1,0.2567,117752234.3,30731013.7261
1753460356963,16:19:16.963,ALGO/USDT:USDT,0.2567,47720.9,0.2568,8191.1,0.2567,117752234.3,30731013.7261
1753460357063,16:19:17.063,ALGO/USDT:USDT,0.2568,32768.6,0.2569,12883.3,0.2568,117760425.4,30733117.2006
1753460357163,16:19:17.163,ALGO/USDT:USDT,0.2568,34876.2,0.2569,12883.3,0.2568,117760425.4,30733117.2006
1753460357263,16:19:17.263,ALGO/USDT:USDT,0.2568,35403.1,0.2569,1153.0,0.2568,117760425.4,30733117.2006
1753460357363,16:19:17.363,ALGO/USDT:USDT,0.2568,35403.1,0.2569,12883.3,0.2568,117760425.4,30733117.2006
1753460357464,16:19:17.464,ALGO/USDT:USDT,0.2568,35930.0,0.2569,12883.3,0.2568,117760425.4,30733117.2006
1753460357563,16:19:17.563,ALGO/USDT:USDT,0.2568,26447.3,0.2569,22045.9,0.2568,117760425.4,30733117.2006
1753460357664,16:19:17.664,ALGO/USDT:USDT,0.2568,26447.3,0.2569,22045.9,0.2568,117760425.4,30733117.2006
1753460357763,16:19:17.763,ALGO/USDT:USDT,0.2568,28302.2,0.2569,21161.5,0.2568,117760425.4,30733117.2006
1753460357864,16:19:17.864,ALGO/USDT:USDT,0.2568,27416.2,0.2569,21161.5,0.2568,117760425.4,30733117.2006
1753460357963,16:19:17.963,ALGO/USDT:USDT,0.2568,26530.5,0.2569,22047.5,0.2568,117760425.4,30733117.2006
1753460358163,16:19:18.163,ALGO/USDT:USDT,0.2568,26530.5,0.2569,21161.5,0.2568,117760425.4,30733117.2006
1753460358263,16:19:18.263,ALGO/USDT:USDT,0.2568,26530.5,0.2569,22933.2,0.2568,117760425.4,30733117.2006
1753460358364,16:19:18.364,ALGO/USDT:USDT,0.2568,26530.5,0.2569,22047.2,0.2568,117760425.4,30733117.2006
1753460358463,16:19:18.463,ALGO/USDT:USDT,0.2568,29524.1,0.2569,21161.5,0.2568,117760425.4,30733117.2006
1753460358564,16:19:18.564,ALGO/USDT:USDT,0.2568,30531.4,0.2569,1135.1,0.2568,117760425.4,30733117.2006
1753460358663,16:19:18.663,ALGO/USDT:USDT,0.2568,41531.4,0.2569,1135.1,0.2568,117760425.4,30733117.2006
1753460359163,16:19:19.163,ALGO/USDT:USDT,0.2568,40645.7,0.2569,1135.1,0.2568,117760425.4,30733117.2006
1753460359263,16:19:19.263,ALGO/USDT:USDT,0.2568,31585.2,0.2569,2222.0,0.2568,117760425.4,30733117.2006
1753460359364,16:19:19.364,ALGO/USDT:USDT,0.2568,31587.2,0.2569,2222.0,0.2568,117760425.4,30733117.2006
1753460359464,16:19:19.464,ALGO/USDT:USDT,0.2568,32114.1,0.2569,2222.0,0.2568,117760425.4,30733117.2006
1753460359664,16:19:19.664,ALGO/USDT:USDT,0.2568,31228.1,0.2569,13952.3,0.2568,117760425.4,30733117.2006
1753460359763,16:19:19.763,ALGO/USDT:USDT,0.2568,30342.4,0.2569,13952.3,0.2568,117760425.4,30733117.2006
1753460359864,16:19:19.864,ALGO/USDT:USDT,0.2568,31228.1,0.2569,2222.0,0.2568,117760425.4,30733117.2006
1753460359964,16:19:19.964,ALGO/USDT:USDT,0.2568,30342.4,0.2569,22292.8,0.2568,117760425.4,30733117.2006
1753460360064,16:19:20.064,ALGO/USDT:USDT,0.2568,26654.1,0.2569,24064.5,0.2568,117760425.4,30733117.2006
1753460360163,16:19:20.163,ALGO/USDT:USDT,0.2568,26654.1,0.2569,23178.8,0.2568,117760425.4,30733117.2006
1753460360364,16:19:20.364,ALGO/USDT:USDT,0.2568,26654.1,0.2569,24064.5,0.2568,117760425.4,30733117.2006
1753460360563,16:19:20.563,ALGO/USDT:USDT,0.2568,206.8,0.2569,30091.6,0.2568,117760425.4,30733117.2006
1753460360664,16:19:20.664,ALGO/USDT:USDT,0.2568,206.8,0.2569,42870.2,0.2568,117760425.4,30733117.2006
1753460361164,16:19:21.164,ALGO/USDT:USDT,0.2568,206.8,0.2569,43064.9,0.2568,117760425.4,30733117.2006
1753460361463,16:19:21.463,ALGO/USDT:USDT,0.2568,11937.1,0.2569,23959.6,0.2568,117760425.4,30733117.2006
1753460361564,16:19:21.564,ALGO/USDT:USDT,0.2568,11937.1,0.2569,22487.5,0.2568,117760425.4,30733117.2006
1753460361663,16:19:21.663,ALGO/USDT:USDT,0.2568,20281.0,0.2569,22487.5,0.2568,117760425.4,30733117.2006
1753460361763,16:19:21.763,ALGO/USDT:USDT,0.2568,21166.7,0.2569,22487.5,0.2568,117760425.4,30733117.2006
1753460362063,16:19:22.063,ALGO/USDT:USDT,0.2568,22052.7,0.2569,22487.5,0.2568,117760425.4,30733117.2006
1753460362163,16:19:22.163,ALGO/USDT:USDT,0.2568,22052.7,0.2569,22292.8,0.2568,117760425.4,30733117.2006
1753460362264,16:19:22.264,ALGO/USDT:USDT,0.2568,20282.6,0.2569,22291.2,0.2568,117760425.4,30733117.2006
1753460362363,16:19:22.363,ALGO/USDT:USDT,0.2568,22054.3,0.2569,22291.2,0.2568,117760425.4,30733117.2006
1753460362464,16:19:22.464,ALGO/USDT:USDT,0.2568,20282.6,0.2569,22291.2,0.2568,117760425.4,30733117.2006
1753460362564,16:19:22.564,ALGO/USDT:USDT,0.2568,21168.3,0.2569,22291.2,0.2568,117760425.4,30733117.2006
1753460362764,16:19:22.764,ALGO/USDT:USDT,0.2568,20282.6,0.2569,22291.2,0.2568,117760425.4,30733117.2006
1753460362964,16:19:22.964,ALGO/USDT:USDT,0.2568,22054.3,0.2569,22291.2,0.2568,117760425.4,30733117.2006
1753460363264,16:19:23.264,ALGO/USDT:USDT,0.2568,20282.6,0.2569,22291.2,0.2568,117760425.4,30733117.2006
1753460363363,16:19:23.363,ALGO/USDT:USDT,0.2568,22054.3,0.2569,1133.5,0.2568,117760425.4,30733117.2006
1753460363463,16:19:23.463,ALGO/USDT:USDT,0.2568,26630.6,0.2569,1133.5,0.2568,117760425.4,30733117.2006
1753460363564,16:19:23.564,ALGO/USDT:USDT,0.2568,36463.8,0.2569,1133.5,0.2568,117760425.4,30733117.2006
1753460363664,16:19:23.664,ALGO/USDT:USDT,0.2568,46517.2,0.2569,1133.5,0.2568,117760425.4,30733117.2006
1753460364264,16:19:24.264,ALGO/USDT:USDT,0.2568,50410.4,0.2569,1133.5,0.2568,117760425.4,30733117.2006
1753460364363,16:19:24.363,ALGO/USDT:USDT,0.2569,55051.2,0.257,41.0,0.2569,117761558.9,30733408.3967
1753460364463,16:19:24.463,ALGO/USDT:USDT,0.257,20892.1,0.2571,21199.0,0.2571,117763747.9,30733971.1845
1753460364563,16:19:24.563,ALGO/USDT:USDT,0.257,24882.1,0.2571,20474.7,0.2571,117764472.2,30734157.402
1753460364764,16:19:24.764,ALGO/USDT:USDT,0.257,24070.8,0.2571,21474.7,0.2571,117764472.2,30734157.402
1753460364864,16:19:24.864,ALGO/USDT:USDT,0.257,20070.8,0.2571,21474.7,0.2571,117764472.2,30734157.402
1753460364964,16:19:24.964,ALGO/USDT:USDT,0.257,20070.8,0.2571,24814.8,0.2571,117764472.2,30734157.402
1753460365263,16:19:25.263,ALGO/USDT:USDT,0.257,20070.8,0.2571,21474.7,0.2571,117764472.2,30734157.402
1753460365364,16:19:25.364,ALGO/USDT:USDT,0.257,20071.8,0.2571,21474.7,0.2571,117764472.2,30734157.402
1753460365464,16:19:25.464,ALGO/USDT:USDT,0.257,20071.8,0.2571,18351.0,0.2571,117764472.2,30734157.402
1753460365763,16:19:25.763,ALGO/USDT:USDT,0.257,24044.5,0.2571,18351.0,0.2571,117764472.2,30734157.402
1753460365864,16:19:25.864,ALGO/USDT:USDT,0.257,25098.3,0.2571,18351.0,0.2571,117764472.2,30734157.402
1753460366064,16:19:26.064,ALGO/USDT:USDT,0.257,20071.8,0.2571,18351.0,0.2571,117764472.2,30734157.402
1753460366364,16:19:26.364,ALGO/USDT:USDT,0.257,23760.1,0.2571,18351.0,0.2571,117764472.2,30734157.402
1753460366464,16:19:26.464,ALGO/USDT:USDT,0.257,24287.0,0.2571,18351.0,0.2571,117764472.2,30734157.402
1753460366764,16:19:26.764,ALGO/USDT:USDT,0.257,28156.6,0.2571,1056.0,0.2571,117764472.2,30734157.402
1753460366863,16:19:26.863,ALGO/USDT:USDT,0.257,26913.0,0.2571,1056.0,0.2571,117764472.2,30734157.402
1753460366963,16:19:26.963,ALGO/USDT:USDT,0.257,25961.7,0.2571,1056.0,0.2571,117764472.2,30734157.402
1753460367164,16:19:27.164,ALGO/USDT:USDT,0.257,24290.5,0.2571,1056.0,0.2571,117764472.2,30734157.402
1753460367263,16:19:27.263,ALGO/USDT:USDT,0.257,24907.9,0.2571,1056.0,0.2571,117764472.2,30734157.402
1753460367564,16:19:27.564,ALGO/USDT:USDT,0.257,36907.9,0.2571,1056.0,0.2571,117764472.2,30734157.402
1753460368463,16:19:28.463,ALGO/USDT:USDT,0.257,36290.5,0.2571,1056.0,0.2571,117764472.2,30734157.402
1753460368764,16:19:28.764,ALGO/USDT:USDT,0.257,42214.2,0.2571,1056.0,0.2571,117764472.2,30734157.402
1753460368963,16:19:28.963,ALGO/USDT:USDT,0.257,42603.2,0.2571,1056.0,0.2571,117764472.2,30734157.402
1753460369163,16:19:29.163,ALGO/USDT:USDT,0.2571,46955.0,0.2572,11370.1,0.2571,117765528.2,30734428.8996
1753460369263,16:19:29.263,ALGO/USDT:USDT,0.2571,46065.9,0.2572,11370.1,0.2571,117765528.2,30734428.8996
1753460369364,16:19:29.364,ALGO/USDT:USDT,0.2571,34065.9,0.2572,20418.3,0.2571,117765528.2,30734428.8996
1753460369463,16:19:29.463,ALGO/USDT:USDT,0.2571,34065.9,0.2572,19607.9,0.2571,117765528.2,30734428.8996
1753460369564,16:19:29.564,ALGO/USDT:USDT,0.2571,34065.9,0.2572,19609.8,0.2571,117765528.2,30734428.8996
1753460369764,16:19:29.764,ALGO/USDT:USDT,0.2571,34065.9,0.2572,20420.2,0.2571,117765528.2,30734428.8996
1753460369863,16:19:29.863,ALGO/USDT:USDT,0.2571,34065.9,0.2572,19609.8,0.2571,117765528.2,30734428.8996
1753460370063,16:19:30.063,ALGO/USDT:USDT,0.2571,34065.9,0.2572,20420.2,0.2571,117765528.2,30734428.8996
1753460370264,16:19:30.264,ALGO/USDT:USDT,0.2571,22469.0,0.2572,21230.4,0.2571,117765528.2,30734428.8996
1753460370364,16:19:30.364,ALGO/USDT:USDT,0.2571,22469.0,0.2572,20420.2,0.2571,117765528.2,30734428.8996
1753460370564,16:19:30.564,ALGO/USDT:USDT,0.2571,22481.4,0.2572,20420.2,0.2571,117765528.2,30734428.8996
1753460370663,16:19:30.663,ALGO/USDT:USDT,0.2571,22481.4,0.2572,19609.8,0.2571,117765528.2,30734428.8996
1753460371064,16:19:31.064,ALGO/USDT:USDT,0.2571,3756.9,0.2572,23941.9,0.2571,117765528.2,30734428.8996
1753460371163,16:19:31.163,ALGO/USDT:USDT,0.2571,12.4,0.2572,29191.4,0.2571,117765528.2,30734428.8996
1753460371564,16:19:31.564,ALGO/USDT:USDT,0.2571,12.4,0.2572,41191.4,0.2571,117765528.2,30734428.8996
1753460371764,16:19:31.764,ALGO/USDT:USDT,0.2571,296.9,0.2572,41191.4,0.2571,117765528.2,30734428.8996
1753460371863,16:19:31.863,ALGO/USDT:USDT,0.257,17446.9,0.2571,46925.8,0.257,117766991.5,30734804.9974
1753460371964,16:19:31.964,ALGO/USDT:USDT,0.257,17446.9,0.2571,46925.8,0.257,117766991.5,30734804.9974
1753460372263,16:19:32.263,ALGO/USDT:USDT,0.257,24684.7,0.2571,45351.6,0.257,117766991.5,30734804.9974
1753460372563,16:19:32.563,ALGO/USDT:USDT,0.257,24685.9,0.2571,45351.6,0.257,117766991.5,30734804.9974
1753460372664,16:19:32.664,ALGO/USDT:USDT,0.257,24685.9,0.2571,45351.6,0.257,117766991.5,30734804.9974
1753460373263,16:19:33.263,ALGO/USDT:USDT,0.257,24688.8,0.2571,45351.6,0.257,117766991.5,30734804.9974
1753460373364,16:19:33.364,ALGO/USDT:USDT,0.257,24688.8,0.2571,46902.6,0.257,117766991.5,30734804.9974
1753460373663,16:19:33.663,ALGO/USDT:USDT,0.257,24688.8,0.2571,46127.2,0.257,117766991.5,30734804.9974
1753460373764,16:19:33.764,ALGO/USDT:USDT,0.257,24688.8,0.2571,45351.6,0.257,117766991.5,30734804.9974
1753460373863,16:19:33.863,ALGO/USDT:USDT,0.257,24688.8,0.2571,46902.6,0.257,117766991.5,30734804.9974
1753460374263,16:19:34.263,ALGO/USDT:USDT,0.257,24688.8,0.2571,46902.6,0.257,117697427.2,30716099.2143
1753460375163,16:19:35.163,ALGO/USDT:USDT,0.257,24688.8,0.2571,44575.9,0.257,117697427.2,30716099.2143
1753460375264,16:19:35.264,ALGO/USDT:USDT,0.257,24688.8,0.2571,45351.5,0.257,117697427.2,30716099.2143
1753460375363,16:19:35.363,ALGO/USDT:USDT,0.257,24688.8,0.2571,46126.9,0.257,117697427.2,30716099.2143
1753460375664,16:19:35.664,ALGO/USDT:USDT,0.257,24770.4,0.2571,44575.9,0.257,117697427.2,30716099.2143
1753460375763,16:19:35.763,ALGO/USDT:USDT,0.257,24770.4,0.2571,46126.9,0.257,117697427.2,30716099.2143
1753460375964,16:19:35.964,ALGO/USDT:USDT,0.257,14206.5,0.2571,46126.9,0.257,117697427.2,30716099.2143
1753460376364,16:19:36.364,ALGO/USDT:USDT,0.257,118.3,0.2571,52847.0,0.257,117697427.2,30716099.2143
1753460376963,16:19:36.963,ALGO/USDT:USDT,0.257,118.3,0.2571,51378.5,0.257,117697427.2,30716099.2143
1753460377264,16:19:37.264,ALGO/USDT:USDT,0.257,118.3,0.2571,50603.1,0.257,117697427.2,30716099.2143
1753460378163,16:19:38.163,ALGO/USDT:USDT,0.257,12563.8,0.2571,36398.6,0.257,117697427.2,30716099.2143
1753460378264,16:19:38.264,ALGO/USDT:USDT,0.257,12563.8,0.2571,38343.7,0.257,117697427.2,30716099.2143
1753460378363,16:19:38.363,ALGO/USDT:USDT,0.257,12563.8,0.2571,39119.1,0.257,117697427.2,30716099.2143
1753460378764,16:19:38.764,ALGO/USDT:USDT,0.257,12563.8,0.2571,38343.7,0.257,117697427.2,30716099.2143
1753460378964,16:19:38.964,ALGO/USDT:USDT,0.257,24294.1,0.2571,21094.5,0.257,117697427.2,30716099.2143
1753460379063,16:19:39.063,ALGO/USDT:USDT,0.257,25069.5,0.2571,21094.5,0.257,117697427.2,30716099.2143
1753460379163,16:19:39.163,ALGO/USDT:USDT,0.257,12563.8,0.2571,21094.5,0.257,117697427.2,30716099.2143
1753460379264,16:19:39.264,ALGO/USDT:USDT,0.257,4173.9,0.2571,33627.7,0.257,117697427.2,30716099.2143
1753460379364,16:19:39.364,ALGO/USDT:USDT,0.257,1118.3,0.2571,34481.0,0.257,117697427.2,30716099.2143
1753460379763,16:19:39.763,ALGO/USDT:USDT,0.257,1118.3,0.2571,34403.1,0.257,117697427.2,30716099.2143
1753460379863,16:19:39.863,ALGO/USDT:USDT,0.257,118.3,0.2571,35181.1,0.257,117697427.2,30716099.2143
1753460379964,16:19:39.964,ALGO/USDT:USDT,0.257,118.3,0.2571,36649.6,0.257,117697427.2,30716099.2143
1753460380263,16:19:40.263,ALGO/USDT:USDT,0.257,124.9,0.2571,33630.1,0.257,117697427.2,30716099.2143
1753460380363,16:19:40.363,ALGO/USDT:USDT,0.257,124.9,0.2571,34405.7,0.257,117697427.2,30716099.2143
1753460380464,16:19:40.464,ALGO/USDT:USDT,0.257,7124.9,0.2571,34405.7,0.257,117697427.2,30716099.2143
1753460380663,16:19:40.663,ALGO/USDT:USDT,0.257,7124.9,0.2571,33630.1,0.257,117697427.2,30716099.2143
1753460380764,16:19:40.764,ALGO/USDT:USDT,0.257,7124.9,0.2571,28378.5,0.257,117697427.2,30716099.2143
1753460380964,16:19:40.964,ALGO/USDT:USDT,0.257,124.9,0.2571,29154.1,0.257,117697427.2,30716099.2143
1753460381064,16:19:41.064,ALGO/USDT:USDT,0.257,124.9,0.2571,32458.0,0.257,117697427.2,30716099.2143
1753460381164,16:19:41.164,ALGO/USDT:USDT,0.257,124.9,0.2571,34403.1,0.257,117697427.2,30716099.2143
1753460381263,16:19:41.263,ALGO/USDT:USDT,0.257,3213.6,0.2571,33627.7,0.257,117697427.2,30716099.2143
1753460381464,16:19:41.464,ALGO/USDT:USDT,0.257,7213.6,0.2571,33627.7,0.257,117697427.2,30716099.2143
1753460381564,16:19:41.564,ALGO/USDT:USDT,0.257,19943.9,0.2571,28378.5,0.257,117697427.2,30716099.2143
1753460381863,16:19:41.863,ALGO/USDT:USDT,0.257,19958.1,0.2571,28378.5,0.257,117697427.2,30716099.2143
1753460382064,16:19:42.064,ALGO/USDT:USDT,0.257,28017.5,0.2571,28378.5,0.257,117697427.2,30716099.2143
1753460382164,16:19:42.164,ALGO/USDT:USDT,0.257,27242.1,0.2571,28378.5,0.257,117697427.2,30716099.2143
1753460382764,16:19:42.764,ALGO/USDT:USDT,0.257,28049.5,0.2571,28378.5,0.257,117697427.2,30716099.2143
1753460382963,16:19:42.963,ALGO/USDT:USDT,0.257,28049.5,0.2571,11730.3,0.257,117697427.2,30716099.2143
1753460383064,16:19:43.064,ALGO/USDT:USDT,0.2571,22421.6,0.2572,23627.1,0.257,117697427.2,30716099.2143
1753460383164,16:19:43.164,ALGO/USDT:USDT,0.2571,22421.6,0.2572,23627.1,0.257,117697427.2,30716099.2143
1753460383264,16:19:43.264,ALGO/USDT:USDT,0.2571,22421.6,0.2572,20443.8,0.257,117697427.2,30716099.2143
1753460383363,16:19:43.363,ALGO/USDT:USDT,0.2571,22526.6,0.2572,19668.2,0.257,117697427.2,30716099.2143
1753460384364,16:19:44.364,ALGO/USDT:USDT,0.2571,22526.6,0.2572,19667.7,0.257,117697427.2,30716099.2143
1753460384464,16:19:44.464,ALGO/USDT:USDT,0.2571,22526.6,0.2572,23667.7,0.257,117697427.2,30716099.2143
1753460384664,16:19:44.664,ALGO/USDT:USDT,0.2571,22526.6,0.2572,19667.7,0.257,117697427.2,30716099.2143
1753460384763,16:19:44.763,ALGO/USDT:USDT,0.2571,23302.0,0.2572,19667.7,0.257,117697427.2,30716099.2143
1753460385063,16:19:45.063,ALGO/USDT:USDT,0.2571,22526.6,0.2572,26468.2,0.257,117697427.2,30716099.2143
1753460385163,16:19:45.163,ALGO/USDT:USDT,0.2571,105.0,0.2572,29238.0,0.257,117697427.2,30716099.2143
1753460385364,16:19:45.364,ALGO/USDT:USDT,0.2571,105.0,0.2572,41238.0,0.257,117697427.2,30716099.2143
1753460385564,16:19:45.564,ALGO/USDT:USDT,0.2571,105.0,0.2572,26448.7,0.257,117697427.2,30716099.2143
1753460385664,16:19:45.664,ALGO/USDT:USDT,0.2571,105.0,0.2572,25673.3,0.257,117697427.2,30716099.2143
1753460385763,16:19:45.763,ALGO/USDT:USDT,0.2571,11836.0,0.2572,25673.3,0.257,117697427.2,30716099.2143
1753460386263,16:19:46.263,ALGO/USDT:USDT,0.2571,20120.0,0.2572,19648.2,0.257,117697427.2,30716099.2143
1753460386364,16:19:46.364,ALGO/USDT:USDT,0.2571,20120.0,0.2572,31648.2,0.257,117697427.2,30716099.2143
1753460386464,16:19:46.464,ALGO/USDT:USDT,0.2571,20138.0,0.2572,28648.2,0.257,117697427.2,30716099.2143
1753460386564,16:19:46.564,ALGO/USDT:USDT,0.2571,20138.0,0.2572,19648.2,0.257,117697427.2,30716099.2143
1753460386663,16:19:46.663,ALGO/USDT:USDT,0.2571,21184.7,0.2572,19646.8,0.257,117697427.2,30716099.2143
1753460386763,16:19:46.763,ALGO/USDT:USDT,0.2571,21262.5,0.2572,12350.6,0.257,117697427.2,30716099.2143
1753460386863,16:19:46.863,ALGO/USDT:USDT,0.2571,22506.1,0.2572,103.0,0.257,117697427.2,30716099.2143
1753460386963,16:19:46.963,ALGO/USDT:USDT,0.2571,22428.3,0.2572,103.0,0.257,117697427.2,30716099.2143
1753460387064,16:19:47.064,ALGO/USDT:USDT,0.2571,26855.5,0.2572,103.0,0.257,117697427.2,30716099.2143
1753460387363,16:19:47.363,ALGO/USDT:USDT,0.2572,34183.5,0.2573,20133.9,0.2572,117697530.2,30716125.7059
1753460387463,16:19:47.463,ALGO/USDT:USDT,0.2572,34183.5,0.2573,20133.9,0.2572,117697530.2,30716125.7059
1753460387663,16:19:47.663,ALGO/USDT:USDT,0.2572,34183.5,0.2573,20133.9,0.2572,117697530.2,30716125.7059
1753460388064,16:19:48.064,ALGO/USDT:USDT,0.2572,33408.1,0.2573,21659.9,0.2572,117697530.2,30716125.7059
1753460388164,16:19:48.164,ALGO/USDT:USDT,0.2572,33408.1,0.2573,20133.9,0.2572,117697530.2,30716125.7059
1753460388263,16:19:48.263,ALGO/USDT:USDT,0.2572,34171.0,0.2573,20133.9,0.2572,117697530.2,30716125.7059
1753460388564,16:19:48.564,ALGO/USDT:USDT,0.2572,34171.0,0.2573,20133.9,0.2572,117697530.2,30716125.7059
1753460388863,16:19:48.863,ALGO/USDT:USDT,0.2572,35848.3,0.2573,76.0,0.2572,117697530.2,30716125.7059
1753460388963,16:19:48.963,ALGO/USDT:USDT,0.2572,35770.5,0.2573,76.0,0.2572,117697530.2,30716125.7059
1753460389063,16:19:49.063,ALGO/USDT:USDT,0.2572,35848.3,0.2573,76.0,0.2572,117697530.2,30716125.7059
1753460389163,16:19:49.163,ALGO/USDT:USDT,0.2572,35770.5,0.2573,11806.3,0.2572,117697530.2,30716125.7059
1753460389263,16:19:49.263,ALGO/USDT:USDT,0.2572,25542.3,0.2573,20048.0,0.2572,117697530.2,30716125.7059
1753460389363,16:19:49.363,ALGO/USDT:USDT,0.2572,134.2,0.2573,41607.7,0.2572,117697530.2,30716125.7059
1753460389764,16:19:49.764,ALGO/USDT:USDT,0.2571,29279.8,0.2572,53296.8,0.2572,117697664.4,30716160.2221
1753460389863,16:19:49.863,ALGO/USDT:USDT,0.2571,27250.0,0.2572,41296.8,0.2572,117697664.4,30716160.2221
1753460389963,16:19:49.963,ALGO/USDT:USDT,0.2571,28993.6,0.2572,34206.2,0.2572,117697664.4,30716160.2221
1753460390064,16:19:50.064,ALGO/USDT:USDT,0.2571,27250.0,0.2572,35685.4,0.2572,117697664.4,30716160.2221
1753460390564,16:19:50.564,ALGO/USDT:USDT,0.2571,27250.0,0.2572,34206.2,0.2572,117697664.4,30716160.2221
1753460390664,16:19:50.664,ALGO/USDT:USDT,0.2571,27250.0,0.2572,35685.4,0.2572,117697664.4,30716160.2221
1753460390964,16:19:50.964,ALGO/USDT:USDT,0.2571,271.3,0.2572,37150.7,0.2572,117697664.4,30716160.2221
1753460391863,16:19:51.863,ALGO/USDT:USDT,0.2571,271.3,0.2572,37228.5,0.2572,117697664.4,30716160.2221
1753460391963,16:19:51.963,ALGO/USDT:USDT,0.257,12286.5,0.2571,43274.9,0.257,117699102.1,30716529.7382
1753460392064,16:19:52.064,ALGO/USDT:USDT,0.257,6277.5,0.2571,47826.4,0.257,117699102.1,30716529.7382
1753460392164,16:19:52.164,ALGO/USDT:USDT,0.257,68.9,0.2571,86268.8,0.257,117699102.1,30716529.7382
1753460392464,16:19:52.464,ALGO/USDT:USDT,0.257,70.7,0.2571,86268.8,0.257,117699102.1,30716529.7382
1753460392664,16:19:52.664,ALGO/USDT:USDT,0.257,7377.5,0.2571,50025.8,0.257,117699102.1,30716529.7382
1753460392768,16:19:52.768,ALGO/USDT:USDT,0.257,21351.4,0.2571,41873.3,0.257,117699102.1,30716529.7382
1753460392864,16:19:52.864,ALGO/USDT:USDT,0.257,9621.1,0.2571,41873.3,0.257,117699102.1,30716529.7382
1753460392963,16:19:52.963,ALGO/USDT:USDT,0.257,8377.5,0.2571,38907.7,0.257,117699102.1,30716529.7382
1753460393164,16:19:53.164,ALGO/USDT:USDT,0.257,8377.5,0.2571,38985.6,0.257,117699102.1,30716529.7382
1753460393463,16:19:53.463,ALGO/USDT:USDT,0.257,20107.8,0.2571,32235.7,0.257,117699102.1,30716529.7382
1753460393763,16:19:53.763,ALGO/USDT:USDT,0.257,20107.8,0.2571,29616.2,0.257,117699102.1,30716529.7382
1753460393863,16:19:53.863,ALGO/USDT:USDT,0.257,22588.4,0.2571,21130.9,0.257,117699102.1,30716529.7382
1753460394064,16:19:54.064,ALGO/USDT:USDT,0.257,21344.8,0.2571,21130.9,0.257,117699102.1,30716529.7382
1753460394264,16:19:54.264,ALGO/USDT:USDT,0.257,33344.8,0.2571,21130.9,0.257,117699102.1,30716529.7382
1753460394464,16:19:54.464,ALGO/USDT:USDT,0.257,32634.7,0.2571,21130.9,0.257,117699102.1,30716529.7382
1753460394564,16:19:54.564,ALGO/USDT:USDT,0.257,33344.8,0.2571,8400.6,0.257,117699102.1,30716529.7382
1753460394663,16:19:54.663,ALGO/USDT:USDT,0.257,35858.7,0.2571,36.4,0.257,117699102.1,30716529.7382
1753460394763,16:19:54.763,ALGO/USDT:USDT,0.257,35780.8,0.2571,36.4,0.257,117699102.1,30716529.7382
