timestamp,time,symbol,bid,bidVolume,ask,askVolume,lastPrice,baseVolume,quoteVolume
1753460253628,16:17:33.628,AAVE/USDT:USDT,288.41,0.8,288.42,167.5,288.41,5801814.8,
1753460254259,16:17:34.259,AAVE/USDT:USDT,288.41,0.8,288.42,261.2,288.41,5801814.8,
1753460254377,16:17:34.377,AAVE/USDT:USDT,288.41,0.8,288.42,179.7,288.41,5801814.8,
1753460254509,16:17:34.509,AAVE/USDT:USDT,288.41,0.8,288.42,261.2,288.41,5801814.8,
1753460254612,16:17:34.612,AAVE/USDT:USDT,288.41,0.4,288.42,261.2,288.41,5801815.2,
1753460254722,16:17:34.722,AAVE/USDT:USDT,288.37,0.5,288.39,268.5,288.38,5803903.2,
1753460254978,16:17:34.978,AAVE/USDT:USDT,288.37,0.2,288.38,182.1,288.38,5803903.2,
1753460255113,16:17:35.113,AAVE/USDT:USDT,288.37,0.2,288.38,263.6,288.38,5803903.2,
1753460255215,16:17:35.215,AAVE/USDT:USDT,288.37,0.2,288.38,280.2,288.38,5803903.2,
1753460255420,16:17:35.420,AAVE/USDT:USDT,288.37,0.2,288.38,255.5,288.38,5803903.2,
1753460255572,16:17:35.572,AAVE/USDT:USDT,288.37,0.2,288.38,271.3,288.38,5803903.2,
1753460256484,16:17:36.484,AAVE/USDT:USDT,288.34,38.5,288.35,86.1,288.36,5803905.2,
1753460256610,16:17:36.610,AAVE/USDT:USDT,288.34,0.1,288.35,186.9,288.36,5803905.2,
1753460256718,16:17:36.718,AAVE/USDT:USDT,288.34,0.1,288.35,235.4,288.36,5803905.2,
1753460256819,16:17:36.819,AAVE/USDT:USDT,288.33,0.1,288.34,318.1,288.34,5803905.3,
1753460256935,16:17:36.935,AAVE/USDT:USDT,288.32,7.4,288.34,355.4,288.33,5803905.4,
1753460257210,16:17:37.210,AAVE/USDT:USDT,288.32,7.2,288.33,219.9,288.33,5803905.4,
1753460257420,16:17:37.420,AAVE/USDT:USDT,288.29,0.3,288.31,246.8,288.3,5803919.9,
1753460257524,16:17:37.524,AAVE/USDT:USDT,288.28,85.1,288.29,337.8,288.3,5803919.9,
1753460257655,16:17:37.655,AAVE/USDT:USDT,288.28,85.1,288.29,380.8,288.3,5803919.9,
1753460257778,16:17:37.778,AAVE/USDT:USDT,288.28,59.6,288.29,381.4,288.28,5803945.4,
1753460257891,16:17:37.891,AAVE/USDT:USDT,288.28,59.6,288.29,381.4,288.28,5803945.4,
1753460258474,16:17:38.474,AAVE/USDT:USDT,288.28,59.6,288.29,331.4,288.29,5803945.6,
1753460258598,16:17:38.598,AAVE/USDT:USDT,288.28,59.6,288.29,355.7,288.29,5803945.6,
1753460258925,16:17:38.925,AAVE/USDT:USDT,288.26,3.7,288.27,256.4,288.28,5804005.2,
1753460259037,16:17:39.037,AAVE/USDT:USDT,288.24,0.5,288.27,320.5,288.26,5804008.9,
1753460259299,16:17:39.299,AAVE/USDT:USDT,288.24,13.5,288.25,50.7,288.26,5804008.9,
1753460259418,16:17:39.418,AAVE/USDT:USDT,288.24,13.5,288.25,156.5,288.26,5804008.9,
1753460259521,16:17:39.521,AAVE/USDT:USDT,288.24,60.1,288.25,155.8,288.26,5804008.9,
1753460259898,16:17:39.898,AAVE/USDT:USDT,288.24,54.3,288.25,305.6,288.24,5804014.7,
1753460260010,16:17:40.010,AAVE/USDT:USDT,288.24,54.3,288.25,305.6,288.24,5804014.7,
1753460260112,16:17:40.112,AAVE/USDT:USDT,288.2,4.4,288.21,215.8,288.2,5804355.6,
1753460260219,16:17:40.219,AAVE/USDT:USDT,288.19,0.6,288.2,177.2,288.2,5804360.0,
1753460260422,16:17:40.422,AAVE/USDT:USDT,288.17,1.2,288.18,381.3,288.18,5804547.3,
1753460260524,16:17:40.524,AAVE/USDT:USDT,288.17,1.4,288.18,413.2,288.18,5804547.3,
1753460260629,16:17:40.629,AAVE/USDT:USDT,288.17,1.4,288.18,403.3,288.18,5804547.3,
1753460260876,16:17:40.876,AAVE/USDT:USDT,288.16,0.2,288.17,248.4,288.17,5804548.5,
1753460261002,16:17:41.002,AAVE/USDT:USDT,288.16,0.2,288.17,266.1,288.17,5804548.5,
1753460261213,16:17:41.213,AAVE/USDT:USDT,288.16,0.2,288.17,285.2,288.17,5804548.5,
1753460261318,16:17:41.318,AAVE/USDT:USDT,288.16,0.1,288.17,273.5,288.16,5804548.6,
1753460261427,16:17:41.427,AAVE/USDT:USDT,288.13,0.2,288.14,257.8,288.14,5804548.8,
1753460261534,16:17:41.534,AAVE/USDT:USDT,288.13,0.2,288.14,276.4,288.14,5804548.8,
1753460261773,16:17:41.773,AAVE/USDT:USDT,288.09,0.7,288.11,223.0,288.1,5804550.7,
1753460261891,16:17:41.891,AAVE/USDT:USDT,288.07,0.1,288.08,269.3,288.08,5804591.4,
1753460262021,16:17:42.021,AAVE/USDT:USDT,288.07,0.1,288.08,383.5,288.08,5804591.4,
1753460262137,16:17:42.137,AAVE/USDT:USDT,288.07,0.1,288.08,341.1,288.08,5804591.4,
1753460262238,16:17:42.238,AAVE/USDT:USDT,288.07,0.1,288.08,300.8,288.08,5804591.4,
1753460262344,16:17:42.344,AAVE/USDT:USDT,288.07,0.1,288.08,317.7,288.08,5804591.4,
1753460262462,16:17:42.462,AAVE/USDT:USDT,288.09,72.5,288.1,19.5,288.08,5804783.1,
1753460262567,16:17:42.567,AAVE/USDT:USDT,288.09,28.4,288.1,21.0,288.09,5804783.4,
1753460262700,16:17:42.700,AAVE/USDT:USDT,288.09,28.4,288.1,0.2,288.09,5804783.4,
1753460262801,16:17:42.801,AAVE/USDT:USDT,288.09,161.4,288.1,25.6,288.09,5804783.4,
1753460262914,16:17:42.914,AAVE/USDT:USDT,288.09,19.5,288.1,0.4,288.09,5804783.4,
1753460263015,16:17:43.015,AAVE/USDT:USDT,288.09,46.8,288.1,0.2,288.09,5804783.4,
1753460263273,16:17:43.273,AAVE/USDT:USDT,288.09,69.2,288.1,81.9,288.09,5804783.4,
1753460263405,16:17:43.405,AAVE/USDT:USDT,288.09,69.2,288.1,23.9,288.09,5804783.4,
1753460263613,16:17:43.613,AAVE/USDT:USDT,288.09,5.6,288.1,88.6,288.09,5804783.4,
1753460263715,16:17:43.715,AAVE/USDT:USDT,288.09,51.3,288.1,7.0,288.09,5804783.4,
1753460264019,16:17:44.019,AAVE/USDT:USDT,288.09,23.9,288.1,88.9,288.09,5804783.4,
1753460264131,16:17:44.131,AAVE/USDT:USDT,288.09,5.6,288.1,163.1,288.09,5804783.4,
1753460264376,16:17:44.376,AAVE/USDT:USDT,288.09,23.9,288.1,0.5,288.09,5804783.4,
1753460264479,16:17:44.479,AAVE/USDT:USDT,288.09,23.9,288.1,81.8,288.09,5804783.4,
1753460264581,16:17:44.581,AAVE/USDT:USDT,288.09,5.6,288.1,106.1,288.09,5804783.4,
1753460264698,16:17:44.698,AAVE/USDT:USDT,288.09,5.6,288.1,113.2,288.09,5804783.4,
1753460264821,16:17:44.821,AAVE/USDT:USDT,288.09,5.6,288.1,141.2,288.09,5804783.4,
1753460265023,16:17:45.023,AAVE/USDT:USDT,288.09,5.6,288.1,160.7,288.09,5804783.4,
1753460265124,16:17:45.124,AAVE/USDT:USDT,288.09,51.3,288.1,4.2,288.09,5804783.4,
1753460265242,16:17:45.242,AAVE/USDT:USDT,288.09,6.0,288.1,85.7,288.09,5804783.4,
1753460265375,16:17:45.375,AAVE/USDT:USDT,288.09,6.5,288.1,4.2,288.09,5804783.4,
1753460265492,16:17:45.492,AAVE/USDT:USDT,288.09,6.5,288.1,85.7,288.09,5804783.4,
1753460265598,16:17:45.598,AAVE/USDT:USDT,288.09,51.8,288.1,4.2,288.09,5804783.4,
1753460265809,16:17:45.809,AAVE/USDT:USDT,288.09,51.8,288.1,6.2,288.09,5804783.4,
1753460265919,16:17:45.919,AAVE/USDT:USDT,288.09,51.8,288.1,27.6,288.09,5804783.4,
1753460266273,16:17:46.273,AAVE/USDT:USDT,288.13,44.0,288.14,24.3,288.1,5804787.6,
1753460266384,16:17:46.384,AAVE/USDT:USDT,288.13,104.1,288.14,20.0,288.1,5804787.6,
1753460266487,16:17:46.487,AAVE/USDT:USDT,288.12,40.5,288.13,32.1,288.1,5804787.6,
1753460266601,16:17:46.601,AAVE/USDT:USDT,288.09,0.1,288.1,234.3,288.09,5804800.8,
1753460266712,16:17:46.712,AAVE/USDT:USDT,288.09,0.1,288.1,260.6,288.09,5804800.8,
1753460266819,16:17:46.819,AAVE/USDT:USDT,288.09,0.1,288.1,262.3,288.09,5804800.8,
1753460266973,16:17:46.973,AAVE/USDT:USDT,288.09,0.1,288.1,272.7,288.09,5804800.8,
1753460267083,16:17:47.083,AAVE/USDT:USDT,288.09,0.1,288.1,269.2,288.09,5804800.8,
1753460267189,16:17:47.189,AAVE/USDT:USDT,288.09,0.1,288.1,280.1,288.09,5804800.8,
1753460267400,16:17:47.400,AAVE/USDT:USDT,288.08,0.1,288.1,329.3,288.09,5804800.9,
1753460267502,16:17:47.502,AAVE/USDT:USDT,288.07,0.8,288.08,208.8,288.09,5804800.9,
1753460267608,16:17:47.608,AAVE/USDT:USDT,288.07,1.0,288.08,253.8,288.09,5804800.9,
1753460267722,16:17:47.722,AAVE/USDT:USDT,288.07,1.0,288.08,309.6,288.09,5804800.9,
1753460268110,16:17:48.110,AAVE/USDT:USDT,288.07,0.8,288.08,337.5,288.09,5804800.9,
1753460268211,16:17:48.211,AAVE/USDT:USDT,288.07,5.5,288.08,337.5,288.09,5804800.9,
1753460268418,16:17:48.418,AAVE/USDT:USDT,288.07,5.5,288.08,337.6,288.09,5804800.9,
1753460268877,16:17:48.877,AAVE/USDT:USDT,287.97,45.8,287.98,71.8,287.97,5805256.3,
1753460268978,16:17:48.978,AAVE/USDT:USDT,287.97,45.6,287.98,153.3,287.97,5805256.5,
1753460269083,16:17:49.083,AAVE/USDT:USDT,287.99,63.6,288.0,81.7,287.97,5805256.5,
1753460269186,16:17:49.186,AAVE/USDT:USDT,287.99,18.3,288.0,124.1,287.97,5805256.5,
1753460269312,16:17:49.312,AAVE/USDT:USDT,287.99,63.6,288.0,102.4,287.97,5805256.5,
1753460269416,16:17:49.416,AAVE/USDT:USDT,287.99,63.8,288.0,102.4,287.97,5805256.5,
1753460269517,16:17:49.517,AAVE/USDT:USDT,287.99,63.8,288.0,102.4,287.97,5805256.5,
1753460269635,16:17:49.635,AAVE/USDT:USDT,287.99,18.5,288.0,102.1,288.0,5805256.8,
1753460269855,16:17:49.855,AAVE/USDT:USDT,287.99,18.5,288.0,20.6,288.0,5805256.8,
1753460269980,16:17:49.980,AAVE/USDT:USDT,287.99,18.5,288.0,20.8,288.0,5805256.8,
1753460270091,16:17:50.091,AAVE/USDT:USDT,287.99,18.3,288.0,60.6,288.0,5805256.8,
1753460270193,16:17:50.193,AAVE/USDT:USDT,287.98,58.6,287.99,40.4,288.0,5805256.8,
1753460270297,16:17:50.297,AAVE/USDT:USDT,287.96,42.3,287.99,58.7,287.96,5805257.0,
1753460270513,16:17:50.513,AAVE/USDT:USDT,287.95,0.9,287.96,206.0,287.96,5805263.7,
1753460270615,16:17:50.615,AAVE/USDT:USDT,287.95,1.1,287.96,314.7,287.96,5805263.7,
1753460270715,16:17:50.715,AAVE/USDT:USDT,287.95,1.1,287.96,298.4,287.96,5805263.7,
1753460270821,16:17:50.821,AAVE/USDT:USDT,287.95,0.9,287.96,163.8,287.96,5805263.7,
1753460270933,16:17:50.933,AAVE/USDT:USDT,287.95,1.1,287.96,284.1,287.96,5805263.7,
1753460271079,16:17:51.079,AAVE/USDT:USDT,287.95,46.8,287.96,138.5,287.96,5805263.7,
1753460271191,16:17:51.191,AAVE/USDT:USDT,287.95,1.1,287.96,194.2,287.96,5805263.7,
1753460271415,16:17:51.415,AAVE/USDT:USDT,287.95,1.5,287.96,197.3,287.96,5805263.7,
1753460271523,16:17:51.523,AAVE/USDT:USDT,287.94,147.3,287.96,215.6,287.95,5805265.1,
1753460271632,16:17:51.632,AAVE/USDT:USDT,287.94,40.5,287.95,228.9,287.95,5805265.1,
1753460271774,16:17:51.774,AAVE/USDT:USDT,287.94,40.7,287.95,201.8,287.95,5805265.1,
1753460271886,16:17:51.886,AAVE/USDT:USDT,287.94,40.7,287.95,72.1,287.95,5805265.1,
1753460272022,16:17:52.022,AAVE/USDT:USDT,287.95,65.0,287.98,31.7,287.96,5805423.9,
1753460272241,16:17:52.241,AAVE/USDT:USDT,287.98,0.2,287.99,113.6,287.96,5805423.9,
1753460272376,16:17:52.376,AAVE/USDT:USDT,287.97,27.6,287.98,113.4,287.96,5805423.9,
1753460272516,16:17:52.516,AAVE/USDT:USDT,287.97,27.6,287.98,32.1,287.96,5805423.9,
1753460272671,16:17:52.671,AAVE/USDT:USDT,287.97,72.9,287.98,6.5,287.96,5805423.9,
1753460272815,16:17:52.815,AAVE/USDT:USDT,287.97,72.7,287.98,6.5,287.96,5805423.9,
1753460272923,16:17:52.923,AAVE/USDT:USDT,287.97,0.2,287.98,6.3,287.96,5805423.9,
1753460273055,16:17:53.055,AAVE/USDT:USDT,287.95,64.0,287.96,54.8,287.96,5805423.9,
1753460273209,16:17:53.209,AAVE/USDT:USDT,287.94,45.7,287.95,86.8,287.96,5805423.9,
1753460273414,16:17:53.414,AAVE/USDT:USDT,287.94,75.7,287.95,32.1,287.96,5805423.9,
1753460273536,16:17:53.536,AAVE/USDT:USDT,287.96,1.3,287.97,106.3,287.96,5805423.9,
1753460273687,16:17:53.687,AAVE/USDT:USDT,287.96,86.9,287.97,47.0,287.96,5805423.9,
1753460273793,16:17:53.793,AAVE/USDT:USDT,287.96,86.9,287.97,7.1,287.96,5805423.9,
1753460273918,16:17:53.918,AAVE/USDT:USDT,287.97,27.8,287.98,12.7,287.96,5805423.9,
1753460274072,16:17:54.072,AAVE/USDT:USDT,287.96,40.5,287.97,131.8,287.96,5805423.9,
1753460274193,16:17:54.193,AAVE/USDT:USDT,287.94,75.5,287.96,31.9,287.96,5805423.9,
1753460274319,16:17:54.319,AAVE/USDT:USDT,287.94,75.7,287.95,79.4,287.96,5805423.9,
1753460274419,16:17:54.419,AAVE/USDT:USDT,287.94,75.3,287.95,137.7,287.96,5805423.9,
1753460274531,16:17:54.531,AAVE/USDT:USDT,287.94,75.3,287.95,56.4,287.96,5805423.9,
1753460274631,16:17:54.631,AAVE/USDT:USDT,287.94,16.3,287.95,176.3,287.96,5805423.9,
1753460274774,16:17:54.774,AAVE/USDT:USDT,287.94,61.6,287.95,78.1,287.96,5805423.9,
1753460274994,16:17:54.994,AAVE/USDT:USDT,287.99,98.4,288.0,20.9,287.98,5805437.1,
1753460275235,16:17:55.235,AAVE/USDT:USDT,287.98,47.2,288.0,56.7,287.98,5805437.1,
1753460275347,16:17:55.347,AAVE/USDT:USDT,287.99,16.4,288.0,21.1,287.98,5805437.1,
1753460275457,16:17:55.457,AAVE/USDT:USDT,287.97,0.3,288.0,130.3,287.99,5805453.6,
1753460275677,16:17:55.677,AAVE/USDT:USDT,287.94,0.6,287.95,26.0,287.99,5805453.6,
1753460275921,16:17:55.921,AAVE/USDT:USDT,287.94,58.0,287.95,32.1,287.99,5805453.6,
1753460276133,16:17:56.133,AAVE/USDT:USDT,287.96,38.3,287.97,6.9,287.99,5805453.6,
1753460276243,16:17:56.243,AAVE/USDT:USDT,287.94,0.2,287.95,137.7,287.99,5805453.6,
1753460276350,16:17:56.350,AAVE/USDT:USDT,287.89,0.4,287.93,153.3,287.9,5805456.1,
1753460276454,16:17:56.454,AAVE/USDT:USDT,287.89,0.1,287.9,211.3,287.9,5805456.1,
1753460276557,16:17:56.557,AAVE/USDT:USDT,287.86,0.1,287.87,156.9,287.88,5805456.3,
1753460276692,16:17:56.692,AAVE/USDT:USDT,287.86,38.4,287.87,113.4,287.88,5805456.3,
1753460276916,16:17:56.916,AAVE/USDT:USDT,287.86,19.8,287.87,55.0,287.88,5805456.3,
1753460277127,16:17:57.127,AAVE/USDT:USDT,287.86,0.1,287.87,55.0,287.88,5805456.3,
1753460277270,16:17:57.270,AAVE/USDT:USDT,287.86,0.1,287.87,136.7,287.88,5805456.3,
1753460277374,16:17:57.374,AAVE/USDT:USDT,287.86,0.1,287.87,134.4,287.88,5805456.3,
1753460277834,16:17:57.834,AAVE/USDT:USDT,287.86,84.3,287.87,22.0,287.88,5805456.3,
1753460277969,16:17:57.969,AAVE/USDT:USDT,287.86,84.3,287.87,1.7,287.87,5805456.8,
1753460278075,16:17:58.075,AAVE/USDT:USDT,287.86,84.3,287.87,1.7,287.87,5805456.8,
1753460278213,16:17:58.213,AAVE/USDT:USDT,287.86,0.7,287.87,142.8,287.87,5805456.8,
1753460278326,16:17:58.326,AAVE/USDT:USDT,287.86,0.1,287.87,166.1,287.87,5805456.8,
1753460278609,16:17:58.609,AAVE/USDT:USDT,287.86,6.0,287.87,165.6,287.87,5805456.8,
1753460278712,16:17:58.712,AAVE/USDT:USDT,287.86,6.2,287.87,165.6,287.87,5805456.8,
1753460278815,16:17:58.815,AAVE/USDT:USDT,287.86,25.2,287.87,148.2,287.87,5805456.8,
1753460278916,16:17:58.916,AAVE/USDT:USDT,287.87,0.4,287.88,46.1,287.87,5805456.8,
1753460279072,16:17:59.072,AAVE/USDT:USDT,287.87,62.3,287.88,8.0,287.87,5805456.8,
1753460279204,16:17:59.204,AAVE/USDT:USDT,287.87,45.9,287.88,8.0,287.87,5805456.8,
1753460279312,16:17:59.312,AAVE/USDT:USDT,287.87,0.6,287.88,46.1,287.87,5805456.8,
1753460279412,16:17:59.412,AAVE/USDT:USDT,287.86,63.5,287.87,31.9,287.87,5805456.8,
1753460279617,16:17:59.617,AAVE/USDT:USDT,287.86,51.2,287.87,54.4,287.87,5805456.8,
1753460279851,16:17:59.851,AAVE/USDT:USDT,287.86,89.5,287.87,3.5,287.87,5805456.8,
1753460279970,16:17:59.970,AAVE/USDT:USDT,287.86,44.2,287.87,144.6,287.87,5805456.8,
1753460280073,16:18:00.073,AAVE/USDT:USDT,287.91,34.5,287.93,79.0,287.92,5802444.4,
1753460280204,16:18:00.204,AAVE/USDT:USDT,287.91,29.0,287.94,128.8,287.92,5802469.8,
1753460280306,16:18:00.306,AAVE/USDT:USDT,287.91,45.7,287.92,38.3,287.92,5802469.8,
1753460280409,16:18:00.409,AAVE/USDT:USDT,287.91,0.4,287.92,31.9,287.92,5802469.8,
1753460280716,16:18:00.716,AAVE/USDT:USDT,287.9,9.4,287.91,169.5,287.91,5802471.1,
1753460280822,16:18:00.822,AAVE/USDT:USDT,287.88,0.4,287.91,169.5,287.9,5802480.5,
1753460280971,16:18:00.971,AAVE/USDT:USDT,287.88,0.1,287.89,246.1,287.9,5802480.5,
1753460281175,16:18:01.175,AAVE/USDT:USDT,287.79,0.3,287.83,118.7,287.8,5802563.6,
1753460281395,16:18:01.395,AAVE/USDT:USDT,287.75,72.6,287.76,71.7,287.76,5802578.4,
1753460281515,16:18:01.515,AAVE/USDT:USDT,287.75,65.7,287.76,71.7,287.76,5802578.4,
1753460281716,16:18:01.716,AAVE/USDT:USDT,287.7,42.8,287.71,86.8,287.71,5802752.3,
1753460281979,16:18:01.979,AAVE/USDT:USDT,287.73,20.5,287.74,58.8,287.71,5802752.3,
1753460282081,16:18:02.081,AAVE/USDT:USDT,287.73,65.6,287.74,36.4,287.71,5802752.3,
1753460282184,16:18:02.184,AAVE/USDT:USDT,287.75,220.6,287.77,0.3,287.76,5802753.7,
1753460282285,16:18:02.285,AAVE/USDT:USDT,287.77,105.9,287.78,0.3,287.76,5802753.7,
1753460282401,16:18:02.401,AAVE/USDT:USDT,287.79,134.2,287.8,0.1,287.76,5802753.7,
1753460282621,16:18:02.621,AAVE/USDT:USDT,287.83,19.4,287.84,59.2,287.8,5802753.8,
1753460282775,16:18:02.775,AAVE/USDT:USDT,287.8,0.4,287.81,25.8,287.83,5802754.8,
1753460282878,16:18:02.878,AAVE/USDT:USDT,287.74,0.3,287.77,137.2,287.75,5802755.8,
1753460283000,16:18:03.000,AAVE/USDT:USDT,287.68,1.7,287.69,92.6,287.69,5802876.9,
1753460283114,16:18:03.114,AAVE/USDT:USDT,287.68,1.7,287.69,139.2,287.69,5802876.9,
1753460283216,16:18:03.216,AAVE/USDT:USDT,287.68,1.7,287.69,202.2,287.69,5802876.9,
1753460283420,16:18:03.420,AAVE/USDT:USDT,287.61,85.7,287.62,155.0,287.61,5803127.3,
1753460283532,16:18:03.532,AAVE/USDT:USDT,287.61,85.9,287.62,82.1,287.61,5803127.3,
1753460283653,16:18:03.653,AAVE/USDT:USDT,287.61,85.9,287.62,136.6,287.61,5803127.3,
1753460283753,16:18:03.753,AAVE/USDT:USDT,287.61,85.9,287.62,173.4,287.61,5803127.3,
1753460283871,16:18:03.871,AAVE/USDT:USDT,287.61,85.9,287.62,114.8,287.62,5803137.0,
1753460284005,16:18:04.005,AAVE/USDT:USDT,287.61,85.9,287.62,69.2,287.62,5803137.0,
1753460284224,16:18:04.224,AAVE/USDT:USDT,287.61,85.9,287.62,87.6,287.62,5803137.0,
1753460284331,16:18:04.331,AAVE/USDT:USDT,287.61,98.8,287.62,69.2,287.62,5803137.0,
1753460284439,16:18:04.439,AAVE/USDT:USDT,287.61,180.1,287.62,2.4,287.62,5803137.0,
1753460284573,16:18:04.573,AAVE/USDT:USDT,287.61,196.7,287.64,0.3,287.62,5803141.2,
1753460284687,16:18:04.687,AAVE/USDT:USDT,287.66,95.6,287.67,51.2,287.62,5803141.2,
1753460284793,16:18:04.793,AAVE/USDT:USDT,287.66,220.0,287.67,6.1,287.62,5803141.2,
1753460284905,16:18:04.905,AAVE/USDT:USDT,287.66,220.0,287.69,0.3,287.67,5803147.3,
1753460285011,16:18:05.011,AAVE/USDT:USDT,287.69,175.1,287.7,0.1,287.67,5803147.3,
1753460285240,16:18:05.240,AAVE/USDT:USDT,287.79,74.6,287.8,0.1,287.77,5803179.1,
1753460285342,16:18:05.342,AAVE/USDT:USDT,287.79,193.2,287.8,0.1,287.77,5803179.1,
1753460285460,16:18:05.460,AAVE/USDT:USDT,287.83,243.4,287.84,13.9,287.83,5803211.3,
1753460285566,16:18:05.566,AAVE/USDT:USDT,287.83,45.3,287.84,69.7,287.83,5803341.7,
1753460285778,16:18:05.778,AAVE/USDT:USDT,287.87,155.8,287.88,0.3,287.84,5803355.8,
1753460285983,16:18:05.983,AAVE/USDT:USDT,287.87,29.0,287.88,45.4,287.84,5803355.8,
1753460286093,16:18:06.093,AAVE/USDT:USDT,287.92,39.9,287.93,0.4,287.92,5803358.7,
1753460286213,16:18:06.213,AAVE/USDT:USDT,287.92,106.2,287.93,0.4,287.92,5803358.7,
1753460286317,16:18:06.317,AAVE/USDT:USDT,287.92,155.8,287.93,0.4,287.92,5803358.7,
1753460286526,16:18:06.526,AAVE/USDT:USDT,287.92,237.3,287.93,0.4,287.92,5803358.7,
1753460286657,16:18:06.657,AAVE/USDT:USDT,287.92,238.2,287.93,0.4,287.92,5803358.7,
1753460286770,16:18:06.770,AAVE/USDT:USDT,287.93,8.5,287.95,0.8,287.94,5803359.6,
1753460287005,16:18:07.005,AAVE/USDT:USDT,287.96,72.4,287.97,45.7,287.96,5803360.8,
1753460287111,16:18:07.111,AAVE/USDT:USDT,287.96,124.4,287.97,0.4,287.96,5803360.8,
1753460287219,16:18:07.219,AAVE/USDT:USDT,287.96,72.2,287.97,0.4,287.96,5803360.8,
1753460287456,16:18:07.456,AAVE/USDT:USDT,287.96,72.7,287.97,45.9,287.96,5803360.8,
1753460287678,16:18:07.678,AAVE/USDT:USDT,287.96,31.2,287.97,45.9,287.96,5803360.8,
1753460287781,16:18:07.781,AAVE/USDT:USDT,287.96,31.2,287.97,153.3,287.96,5803360.8,
1753460288015,16:18:08.015,AAVE/USDT:USDT,287.96,31.2,287.97,154.2,287.96,5803360.8,
1753460288120,16:18:08.120,AAVE/USDT:USDT,287.96,31.0,287.97,135.0,287.96,5803360.8,
1753460288347,16:18:08.347,AAVE/USDT:USDT,287.96,31.2,287.97,161.6,287.96,5803360.8,
1753460288488,16:18:08.488,AAVE/USDT:USDT,287.96,31.2,287.97,161.8,287.96,5803360.8,
1753460288615,16:18:08.615,AAVE/USDT:USDT,287.96,31.2,287.97,168.7,287.96,5803360.8,
1753460288722,16:18:08.722,AAVE/USDT:USDT,287.96,31.2,287.97,149.4,287.96,5803360.8,
1753460288964,16:18:08.964,AAVE/USDT:USDT,287.94,0.3,287.97,173.9,287.96,5803391.8,
1753460289071,16:18:09.071,AAVE/USDT:USDT,287.9,0.1,287.91,108.8,287.96,5803391.8,
1753460289172,16:18:09.172,AAVE/USDT:USDT,287.9,34.9,287.91,127.9,287.96,5803391.8,
1753460289399,16:18:09.399,AAVE/USDT:USDT,287.9,38.6,287.91,108.8,287.96,5803391.8,
1753460289511,16:18:09.511,AAVE/USDT:USDT,287.9,91.3,287.91,4.1,287.96,5803391.8,
1753460289615,16:18:09.615,AAVE/USDT:USDT,287.93,34.3,287.96,79.9,287.94,5803440.0,
1753460289717,16:18:09.717,AAVE/USDT:USDT,287.91,44.1,287.93,0.3,287.91,5803471.9,
1753460289817,16:18:09.817,AAVE/USDT:USDT,287.96,41.9,287.97,53.5,287.91,5803471.9,
1753460289971,16:18:09.971,AAVE/USDT:USDT,287.96,34.8,287.97,53.7,287.91,5803471.9,
1753460290079,16:18:10.079,AAVE/USDT:USDT,287.96,34.8,287.97,8.4,287.91,5803471.9,
1753460290181,16:18:10.181,AAVE/USDT:USDT,287.96,34.8,287.97,53.5,287.91,5803471.9,
1753460290289,16:18:10.289,AAVE/USDT:USDT,287.96,34.8,287.97,8.3,287.97,5803472.1,
1753460290413,16:18:10.413,AAVE/USDT:USDT,287.96,41.9,287.97,8.3,287.97,5803472.1,
1753460290728,16:18:10.728,AAVE/USDT:USDT,287.98,175.6,287.99,0.5,287.98,5803480.9,
1753460290975,16:18:10.975,AAVE/USDT:USDT,287.98,113.5,287.99,1.0,287.98,5803480.9,
1753460291216,16:18:11.216,AAVE/USDT:USDT,287.98,97.5,287.99,1.2,287.98,5803480.9,
1753460291467,16:18:11.467,AAVE/USDT:USDT,287.98,97.5,287.99,23.7,287.98,5803480.9,
1753460291825,16:18:11.825,AAVE/USDT:USDT,287.98,80.1,287.99,23.7,287.98,5803480.9,
1753460291930,16:18:11.930,AAVE/USDT:USDT,287.98,81.3,287.99,23.7,287.98,5803495.4,
1753460292037,16:18:12.037,AAVE/USDT:USDT,287.98,81.3,287.99,33.5,287.98,5803495.4,
1753460292258,16:18:12.258,AAVE/USDT:USDT,288.02,238.1,288.03,0.4,288.02,5803532.9,
1753460292408,16:18:12.408,AAVE/USDT:USDT,288.04,149.4,288.05,0.1,288.04,5803542.2,
1753460292615,16:18:12.615,AAVE/USDT:USDT,288.04,158.0,288.05,0.1,288.04,5803542.2,
1753460292720,16:18:12.720,AAVE/USDT:USDT,288.04,176.2,288.07,0.1,288.05,5803542.3,
1753460292833,16:18:12.833,AAVE/USDT:USDT,288.09,179.3,288.1,60.1,288.09,5803628.6,
1753460292973,16:18:12.973,AAVE/USDT:USDT,288.09,52.7,288.1,60.3,288.09,5803628.6,
1753460293216,16:18:13.216,AAVE/USDT:USDT,288.08,36.3,288.09,96.5,288.09,5803628.6,
1753460293318,16:18:13.318,AAVE/USDT:USDT,288.09,73.1,288.1,60.3,288.09,5803628.6,
1753460293744,16:18:13.744,AAVE/USDT:USDT,288.1,215.2,288.11,4.1,288.1,5803689.0,
1753460293885,16:18:13.885,AAVE/USDT:USDT,288.1,220.5,288.11,4.3,288.1,5803693.7,
1753460294015,16:18:14.015,AAVE/USDT:USDT,288.1,238.0,288.11,4.3,288.1,5803693.7,
1753460294272,16:18:14.272,AAVE/USDT:USDT,288.1,135.7,288.11,4.3,288.1,5803693.7,
1753460294396,16:18:14.396,AAVE/USDT:USDT,288.1,217.2,288.11,4.3,288.1,5803693.7,
1753460294516,16:18:14.516,AAVE/USDT:USDT,288.1,7.6,288.11,130.9,288.1,5803693.7,
1753460294617,16:18:14.617,AAVE/USDT:USDT,288.1,43.9,288.11,49.6,288.1,5803693.7,
1753460294720,16:18:14.720,AAVE/USDT:USDT,288.1,7.6,288.11,156.5,288.1,5803693.7,
1753460294875,16:18:14.875,AAVE/USDT:USDT,288.1,7.6,288.11,156.7,288.1,5803693.7,
1753460295212,16:18:15.212,AAVE/USDT:USDT,288.09,0.4,288.11,163.6,288.1,5803701.3,
1753460295315,16:18:15.315,AAVE/USDT:USDT,288.09,0.4,288.1,319.1,288.1,5803701.3,
1753460295417,16:18:15.417,AAVE/USDT:USDT,288.09,0.4,288.1,359.3,288.1,5803701.3,
1753460295520,16:18:15.520,AAVE/USDT:USDT,288.09,1.3,288.1,314.2,288.1,5803701.3,
1753460295652,16:18:15.652,AAVE/USDT:USDT,288.09,46.6,288.1,163.6,288.1,5803701.3,
1753460295772,16:18:15.772,AAVE/USDT:USDT,288.09,1.5,288.1,197.6,288.1,5803701.3,
1753460295986,16:18:15.986,AAVE/USDT:USDT,288.08,0.1,288.1,249.9,288.09,5803702.7,
1753460296207,16:18:16.207,AAVE/USDT:USDT,288.04,0.1,288.05,188.9,288.09,5803702.7,
1753460296316,16:18:16.316,AAVE/USDT:USDT,288.04,30.1,288.05,188.9,288.09,5803702.7,
1753460296419,16:18:16.419,AAVE/USDT:USDT,288.04,30.3,288.05,189.2,288.09,5803702.7,
1753460296572,16:18:16.572,AAVE/USDT:USDT,288.04,66.6,288.05,0.4,288.09,5803702.7,
1753460296702,16:18:16.702,AAVE/USDT:USDT,288.04,83.4,288.05,0.4,288.09,5803702.7,
1753460297073,16:18:17.073,AAVE/USDT:USDT,288.04,241.8,288.05,0.4,288.09,5803702.7,
1753460297205,16:18:17.205,AAVE/USDT:USDT,288.04,244.1,288.07,0.3,288.05,5803703.1,
1753460297314,16:18:17.314,AAVE/USDT:USDT,288.09,58.8,288.1,7.6,288.05,5803703.1,
1753460297417,16:18:17.417,AAVE/USDT:USDT,288.09,59.0,288.1,7.9,288.05,5803703.1,
1753460297623,16:18:17.623,AAVE/USDT:USDT,288.11,41.0,288.13,0.4,288.12,5803715.7,
1753460297827,16:18:17.827,AAVE/USDT:USDT,288.15,172.8,288.16,0.2,288.14,5803715.8,
1753460297943,16:18:17.943,AAVE/USDT:USDT,288.15,175.3,288.16,0.1,288.16,5803715.9,
1753460298045,16:18:18.045,AAVE/USDT:USDT,288.23,45.3,288.24,45.6,288.2,5803717.0,
1753460298175,16:18:18.175,AAVE/USDT:USDT,288.2,50.6,288.22,83.7,288.2,5803717.0,
1753460298312,16:18:18.312,AAVE/USDT:USDT,288.2,36.6,288.21,45.5,288.2,5803717.0,
1753460298419,16:18:18.419,AAVE/USDT:USDT,288.22,56.6,288.23,45.3,288.2,5803717.0,
1753460298535,16:18:18.535,AAVE/USDT:USDT,288.23,10.8,288.24,60.3,288.2,5803717.0,
1753460298636,16:18:18.636,AAVE/USDT:USDT,288.22,61.0,288.23,32.1,288.2,5803717.0,
1753460298742,16:18:18.742,AAVE/USDT:USDT,288.23,74.3,288.24,0.1,288.2,5803717.0,
1753460298884,16:18:18.884,AAVE/USDT:USDT,288.23,173.2,288.24,0.1,288.2,5803717.0,
1753460299017,16:18:19.017,AAVE/USDT:USDT,288.23,191.8,288.24,0.1,288.2,5803717.0,
1753460299130,16:18:19.130,AAVE/USDT:USDT,288.23,92.7,288.24,81.9,288.2,5803717.0,
1753460299254,16:18:19.254,AAVE/USDT:USDT,288.23,115.9,288.24,0.1,288.2,5803717.0,
1753460299372,16:18:19.372,AAVE/USDT:USDT,288.25,23.6,288.26,45.5,288.27,5803718.1,
1753460299501,16:18:19.501,AAVE/USDT:USDT,288.26,95.0,288.27,24.3,288.27,5803718.1,
1753460299609,16:18:19.609,AAVE/USDT:USDT,288.26,81.6,288.27,24.3,288.27,5803718.1,
1753460299715,16:18:19.715,AAVE/USDT:USDT,288.27,58.2,288.28,2.5,288.27,5803718.1,
1753460299936,16:18:19.936,AAVE/USDT:USDT,288.27,159.0,288.3,1.1,288.28,5803720.8,
1753460300077,16:18:20.077,AAVE/USDT:USDT,288.31,205.8,288.32,7.0,288.3,5803721.5,
1753460300219,16:18:20.219,AAVE/USDT:USDT,288.31,224.8,288.32,7.2,288.3,5803721.5,
1753460300333,16:18:20.333,AAVE/USDT:USDT,288.31,309.3,288.32,7.2,288.3,5803721.5,
1753460300485,16:18:20.485,AAVE/USDT:USDT,288.35,163.8,288.36,0.1,288.35,5803729.8,
1753460300611,16:18:20.611,AAVE/USDT:USDT,288.35,181.5,288.36,0.1,288.35,5803729.8,
1753460300712,16:18:20.712,AAVE/USDT:USDT,288.35,198.3,288.36,0.1,288.35,5803729.8,
1753460300916,16:18:20.916,AAVE/USDT:USDT,288.35,223.7,288.36,0.3,288.35,5803729.8,
1753460301017,16:18:21.017,AAVE/USDT:USDT,288.39,257.6,288.4,86.5,288.36,5803730.1,
1753460301669,16:18:21.669,AAVE/USDT:USDT,288.4,263.8,288.42,0.3,288.41,5803817.3,
1753460301773,16:18:21.773,AAVE/USDT:USDT,288.43,184.0,288.44,1.2,288.41,5803817.3,
1753460301886,16:18:21.886,AAVE/USDT:USDT,288.46,172.0,288.48,1.2,288.44,5803818.5,
1753460302011,16:18:22.011,AAVE/USDT:USDT,288.47,124.9,288.48,40.5,288.44,5803818.5,
1753460302112,16:18:22.112,AAVE/USDT:USDT,288.47,3.8,288.48,95.9,288.44,5803818.5,
1753460302213,16:18:22.213,AAVE/USDT:USDT,288.47,66.8,288.48,0.9,288.44,5803818.5,
1753460302320,16:18:22.320,AAVE/USDT:USDT,288.47,170.2,288.48,40.4,288.44,5803818.5,
1753460302576,16:18:22.576,AAVE/USDT:USDT,288.47,152.7,288.48,40.4,288.44,5803818.5,
1753460302683,16:18:22.683,AAVE/USDT:USDT,288.47,169.2,288.48,40.4,288.44,5803818.5,
1753460302784,16:18:22.784,AAVE/USDT:USDT,288.47,169.4,288.48,0.9,288.44,5803818.5,
1753460303016,16:18:23.016,AAVE/USDT:USDT,288.47,107.4,288.48,77.7,288.44,5803818.5,
1753460303116,16:18:23.116,AAVE/USDT:USDT,288.47,107.4,288.48,40.3,288.44,5803818.5,
1753460303330,16:18:23.330,AAVE/USDT:USDT,288.47,123.4,288.48,35.8,288.44,5803818.5,
1753460303444,16:18:23.444,AAVE/USDT:USDT,288.47,218.8,288.48,0.9,288.44,5803818.5,
1753460303548,16:18:23.548,AAVE/USDT:USDT,288.47,214.6,288.48,0.9,288.44,5803818.5,
1753460303702,16:18:23.702,AAVE/USDT:USDT,288.47,119.0,288.48,0.9,288.44,5803818.5,
1753460303813,16:18:23.813,AAVE/USDT:USDT,288.47,119.2,288.48,0.9,288.44,5803818.5,
1753460304187,16:18:24.187,AAVE/USDT:USDT,288.47,103.2,288.48,6.9,288.44,5803818.5,
1753460304313,16:18:24.313,AAVE/USDT:USDT,288.47,103.2,288.48,0.9,288.44,5803818.5,
1753460304416,16:18:24.416,AAVE/USDT:USDT,288.47,134.4,288.48,4.1,288.44,5803818.5,
1753460304523,16:18:24.523,AAVE/USDT:USDT,288.47,247.0,288.48,0.9,288.44,5803818.5,
1753460304633,16:18:24.633,AAVE/USDT:USDT,288.48,239.2,288.49,1.4,288.48,5803819.4,
1753460304781,16:18:24.781,AAVE/USDT:USDT,288.48,255.1,288.49,1.4,288.48,5803819.4,
1753460304918,16:18:24.918,AAVE/USDT:USDT,288.48,150.8,288.49,1.4,288.48,5803819.6,
1753460305413,16:18:25.413,AAVE/USDT:USDT,288.48,81.8,288.49,4.6,288.48,5803819.6,
1753460305515,16:18:25.515,AAVE/USDT:USDT,288.48,163.8,288.49,35.2,288.48,5803819.6,
1753460305818,16:18:25.818,AAVE/USDT:USDT,288.44,100.3,288.45,9.1,288.47,5803905.8,
1753460305919,16:18:25.919,AAVE/USDT:USDT,288.44,80.8,288.45,44.1,288.44,5803906.8,
1753460306134,16:18:26.134,AAVE/USDT:USDT,288.45,158.0,288.48,0.3,288.44,5803906.8,
1753460306239,16:18:26.239,AAVE/USDT:USDT,288.51,156.1,288.52,0.3,288.5,5804034.0,
1753460306371,16:18:26.371,AAVE/USDT:USDT,288.51,231.2,288.52,0.3,288.5,5804034.0,
1753460306476,16:18:26.476,AAVE/USDT:USDT,288.51,187.8,288.52,0.3,288.5,5804034.0,
1753460306579,16:18:26.579,AAVE/USDT:USDT,288.51,0.8,288.52,81.8,288.52,5804034.1,
1753460306713,16:18:26.713,AAVE/USDT:USDT,288.51,0.8,288.52,77.2,288.52,5804084.0,
1753460306820,16:18:26.820,AAVE/USDT:USDT,288.51,46.1,288.52,77.2,288.52,5804084.0,
1753460306972,16:18:26.972,AAVE/USDT:USDT,288.51,46.1,288.52,77.4,288.52,5804084.0,
1753460307112,16:18:27.112,AAVE/USDT:USDT,288.52,81.6,288.54,37.3,288.52,5804084.0,
1753460307216,16:18:27.216,AAVE/USDT:USDT,288.53,45.3,288.54,37.3,288.52,5804084.0,
1753460307370,16:18:27.370,AAVE/USDT:USDT,288.53,45.5,288.54,40.7,288.52,5804084.0,
1753460307718,16:18:27.718,AAVE/USDT:USDT,288.5,0.1,288.52,297.7,288.51,5804084.6,
1753460307819,16:18:27.819,AAVE/USDT:USDT,288.48,0.4,288.51,337.9,288.5,5804084.7,
1753460307945,16:18:27.945,AAVE/USDT:USDT,288.44,45.4,288.45,156.6,288.5,5804084.7,
1753460308079,16:18:28.079,AAVE/USDT:USDT,288.44,52.0,288.45,16.0,288.5,5804084.7,
1753460308318,16:18:28.318,AAVE/USDT:USDT,288.49,45.3,288.5,39.5,288.5,5804084.7,
1753460308557,16:18:28.557,AAVE/USDT:USDT,288.47,45.5,288.48,146.2,288.48,5804085.7,
1753460308659,16:18:28.659,AAVE/USDT:USDT,288.47,45.5,288.48,100.9,288.48,5804085.7,
1753460308913,16:18:28.913,AAVE/USDT:USDT,288.49,45.3,288.5,37.0,288.48,5804085.7,
1753460309015,16:18:29.015,AAVE/USDT:USDT,288.49,52.4,288.5,0.9,288.48,5804085.7,
1753460309115,16:18:29.115,AAVE/USDT:USDT,288.53,45.3,288.54,1.0,288.5,5804086.6,
1753460309226,16:18:29.226,AAVE/USDT:USDT,288.53,45.5,288.54,21.2,288.5,5804086.6,
1753460309642,16:18:29.642,AAVE/USDT:USDT,288.53,99.9,288.54,22.7,288.53,5804087.6,
1753460309911,16:18:29.911,AAVE/USDT:USDT,288.53,55.6,288.54,35.5,288.53,5804087.6,
1753460310169,16:18:30.169,AAVE/USDT:USDT,288.53,72.5,288.54,1.2,288.53,5804087.6,
1753460310415,16:18:30.415,AAVE/USDT:USDT,288.53,17.2,288.54,1.2,288.53,5804087.6,
1753460310522,16:18:30.522,AAVE/USDT:USDT,288.54,148.9,288.55,1.1,288.54,5804088.8,
1753460310667,16:18:30.667,AAVE/USDT:USDT,288.57,98.5,288.58,24.4,288.57,5804096.5,
1753460310771,16:18:30.771,AAVE/USDT:USDT,288.57,114.7,288.58,0.2,288.57,5804097.0,
1753460310911,16:18:30.911,AAVE/USDT:USDT,288.58,233.5,288.61,28.5,288.6,5804098.8,
1753460311015,16:18:31.015,AAVE/USDT:USDT,288.61,56.6,288.62,0.8,288.6,5804098.8,
1753460311115,16:18:31.115,AAVE/USDT:USDT,288.61,56.8,288.62,1.0,288.6,5804098.8,
1753460311402,16:18:31.402,AAVE/USDT:USDT,288.61,219.9,288.62,1.0,288.6,5804098.8,
1753460311514,16:18:31.514,AAVE/USDT:USDT,288.61,220.0,288.62,1.0,288.6,5804098.8,
1753460311616,16:18:31.616,AAVE/USDT:USDT,288.61,63.6,288.62,49.4,288.6,5804098.8,
1753460311919,16:18:31.919,AAVE/USDT:USDT,288.61,163.9,288.62,1.0,288.6,5804098.8,
1753460312125,16:18:32.125,AAVE/USDT:USDT,288.54,34.5,288.55,191.5,288.59,5804162.8,
1753460312277,16:18:32.277,AAVE/USDT:USDT,288.53,45.5,288.54,163.6,288.59,5804162.8,
1753460312504,16:18:32.504,AAVE/USDT:USDT,288.52,0.1,288.53,354.9,288.53,5804163.0,
1753460312620,16:18:32.620,AAVE/USDT:USDT,288.52,0.1,288.53,380.9,288.53,5804163.0,
1753460312959,16:18:32.959,AAVE/USDT:USDT,288.52,0.1,288.53,371.7,288.53,5804163.0,
1753460313067,16:18:33.067,AAVE/USDT:USDT,288.52,62.1,288.53,0.1,288.53,5804163.0,
1753460313173,16:18:33.173,AAVE/USDT:USDT,288.52,0.1,288.53,69.2,288.53,5804163.0,
1753460313277,16:18:33.277,AAVE/USDT:USDT,288.52,1.6,288.53,164.7,288.53,5804163.0,
1753460313389,16:18:33.389,AAVE/USDT:USDT,288.48,0.5,288.5,123.8,288.49,5804165.0,
1753460313494,16:18:33.494,AAVE/USDT:USDT,288.48,0.1,288.49,360.6,288.49,5804165.0,
1753460313611,16:18:33.611,AAVE/USDT:USDT,288.46,0.4,288.47,255.4,288.47,5804165.4,
1753460313717,16:18:33.717,AAVE/USDT:USDT,288.43,0.3,288.45,327.6,288.44,5804166.9,
1753460313818,16:18:33.818,AAVE/USDT:USDT,288.4,0.3,288.41,226.2,288.44,5804166.9,
1753460314022,16:18:34.022,AAVE/USDT:USDT,288.4,35.0,288.41,113.6,288.44,5804166.9,
1753460314129,16:18:34.129,AAVE/USDT:USDT,288.4,0.3,288.41,180.4,288.44,5804166.9,
1753460314376,16:18:34.376,AAVE/USDT:USDT,288.4,97.4,288.41,24.2,288.44,5804166.9,
1753460314481,16:18:34.481,AAVE/USDT:USDT,288.44,79.8,288.45,52.2,288.44,5804166.9,
1753460314585,16:18:34.585,AAVE/USDT:USDT,288.42,34.7,288.43,52.1,288.44,5804166.9,
1753460314721,16:18:34.721,AAVE/USDT:USDT,288.42,79.8,288.44,34.5,288.44,5804166.9,
1753460314873,16:18:34.873,AAVE/USDT:USDT,288.46,79.8,288.48,48.4,288.44,5804166.9,
1753460314989,16:18:34.989,AAVE/USDT:USDT,288.46,34.5,288.47,135.7,288.44,5804166.9,
1753460315102,16:18:35.102,AAVE/USDT:USDT,288.44,34.5,288.45,81.5,288.44,5804166.9,
1753460315208,16:18:35.208,AAVE/USDT:USDT,288.45,45.3,288.46,170.2,288.44,5804166.9,
1753460315314,16:18:35.314,AAVE/USDT:USDT,288.45,45.5,288.46,97.7,288.44,5804166.9,
1753460315414,16:18:35.414,AAVE/USDT:USDT,288.45,63.7,288.46,9.0,288.44,5804166.9,
1753460315623,16:18:35.623,AAVE/USDT:USDT,288.49,45.5,288.5,22.3,288.46,5804175.9,
1753460315873,16:18:35.873,AAVE/USDT:USDT,288.5,34.7,288.51,45.5,288.46,5804175.9,
1753460316213,16:18:36.213,AAVE/USDT:USDT,288.5,34.7,288.51,38.3,288.46,5804175.9,
1753460316316,16:18:36.316,AAVE/USDT:USDT,288.48,34.7,288.49,28.7,288.46,5804175.9,
1753460316623,16:18:36.623,AAVE/USDT:USDT,288.46,34.7,288.47,64.5,288.46,5804175.9,
1753460316836,16:18:36.836,AAVE/USDT:USDT,288.48,34.5,288.49,6.9,288.46,5804175.9,
1753460317082,16:18:37.082,AAVE/USDT:USDT,288.51,79.8,288.52,0.1,288.5,5804191.5,
1753460317514,16:18:37.514,AAVE/USDT:USDT,288.51,73.6,288.52,0.1,288.5,5804191.5,
1753460317615,16:18:37.615,AAVE/USDT:USDT,288.51,134.6,288.52,0.1,288.5,5804191.5,
1753460317819,16:18:37.819,AAVE/USDT:USDT,288.51,73.8,288.52,0.2,288.5,5804191.5,
1753460318173,16:18:38.173,AAVE/USDT:USDT,288.51,3.6,288.52,109.7,288.5,5804191.5,
1753460318301,16:18:38.301,AAVE/USDT:USDT,288.51,67.2,288.52,0.2,288.5,5804191.5,
1753460318513,16:18:38.513,AAVE/USDT:USDT,288.51,51.8,288.52,60.7,288.5,5804191.5,
1753460318620,16:18:38.620,AAVE/USDT:USDT,288.56,47.6,288.57,53.9,288.56,5804860.4,
1753460318873,16:18:38.873,AAVE/USDT:USDT,288.56,33.7,288.57,45.5,288.56,5804860.4,
1753460318978,16:18:38.978,AAVE/USDT:USDT,288.56,33.7,288.57,127.0,288.56,5804860.4,
1753460319088,16:18:39.088,AAVE/USDT:USDT,288.56,33.7,288.57,126.8,288.56,5804860.4,
1753460319197,16:18:39.197,AAVE/USDT:USDT,288.58,93.7,288.59,29.8,288.56,5804860.4,
1753460319315,16:18:39.315,AAVE/USDT:USDT,288.58,189.5,288.59,5.0,288.56,5804860.4,
1753460319552,16:18:39.552,AAVE/USDT:USDT,288.53,45.7,288.54,146.4,288.58,5804866.9,
1753460319675,16:18:39.675,AAVE/USDT:USDT,288.53,45.5,288.54,114.5,288.58,5804866.9,
1753460319788,16:18:39.788,AAVE/USDT:USDT,288.53,45.5,288.54,33.0,288.58,5804866.9,
1753460319889,16:18:39.889,AAVE/USDT:USDT,288.53,39.7,288.54,32.8,288.53,5804872.7,
1753460320016,16:18:40.016,AAVE/USDT:USDT,288.53,39.7,288.54,114.5,288.53,5804872.7,
1753460320170,16:18:40.170,AAVE/USDT:USDT,288.52,80.0,288.53,4.3,288.53,5804872.7,
1753460320414,16:18:40.414,AAVE/USDT:USDT,288.52,80.0,288.53,49.6,288.53,5804872.7,
1753460320624,16:18:40.624,AAVE/USDT:USDT,288.52,34.8,288.53,131.1,288.53,5804872.7,
1753460320725,16:18:40.725,AAVE/USDT:USDT,288.52,45.4,288.53,151.4,288.53,5804872.7,
1753460320826,16:18:40.826,AAVE/USDT:USDT,288.49,0.3,288.52,46.9,288.5,5804873.2,
1753460320930,16:18:40.930,AAVE/USDT:USDT,288.48,0.3,288.49,154.3,288.5,5804873.2,
1753460321061,16:18:41.061,AAVE/USDT:USDT,288.44,0.4,288.45,34.8,288.46,5804873.9,
1753460321173,16:18:41.173,AAVE/USDT:USDT,288.44,0.1,288.45,293.9,288.46,5804873.9,
1753460321291,16:18:41.291,AAVE/USDT:USDT,288.43,0.3,288.45,298.2,288.44,5804874.0,
1753460321398,16:18:41.398,AAVE/USDT:USDT,288.4,27.9,288.41,185.0,288.4,5804882.3,
1753460321725,16:18:41.725,AAVE/USDT:USDT,288.39,0.3,288.4,197.7,288.4,5804882.3,
1753460321830,16:18:41.830,AAVE/USDT:USDT,288.39,66.5,288.42,0.3,288.4,5804882.3,
1753460321975,16:18:41.975,AAVE/USDT:USDT,288.42,98.9,288.43,20.7,288.4,5804882.3,
1753460322077,16:18:42.077,AAVE/USDT:USDT,288.42,32.8,288.43,113.4,288.4,5804882.3,
1753460322180,16:18:42.180,AAVE/USDT:USDT,288.41,15.5,288.42,144.0,288.4,5804882.3,
1753460322312,16:18:42.312,AAVE/USDT:USDT,288.4,33.2,288.41,120.8,288.4,5804882.3,
1753460322412,16:18:42.412,AAVE/USDT:USDT,288.4,0.2,288.41,120.8,288.4,5804882.3,
1753460322520,16:18:42.520,AAVE/USDT:USDT,288.4,1.2,288.41,146.9,288.4,5804882.3,
1753460322621,16:18:42.621,AAVE/USDT:USDT,288.4,1.1,288.41,146.9,288.4,5804882.3,
1753460322870,16:18:42.870,AAVE/USDT:USDT,288.4,1.0,288.41,146.9,288.4,5804882.3,
1753460323086,16:18:43.086,AAVE/USDT:USDT,288.4,6.9,288.41,146.9,288.4,5804882.3,
1753460323318,16:18:43.318,AAVE/USDT:USDT,288.36,33.0,288.41,140.9,288.39,5804889.3,
1753460323423,16:18:43.423,AAVE/USDT:USDT,288.36,1.3,288.37,205.8,288.39,5804889.3,
1753460323676,16:18:43.676,AAVE/USDT:USDT,288.36,34.3,288.37,193.8,288.39,5804889.3,
1753460323802,16:18:43.802,AAVE/USDT:USDT,288.36,41.4,288.37,49.6,288.39,5804889.3,
1753460324129,16:18:44.129,AAVE/USDT:USDT,288.33,0.3,288.34,61.7,288.36,5804890.8,
1753460324229,16:18:44.229,AAVE/USDT:USDT,288.32,0.1,288.33,241.0,288.36,5804890.8,
1753460324332,16:18:44.332,AAVE/USDT:USDT,288.3,0.6,288.31,167.6,288.32,5804890.9,
1753460324443,16:18:44.443,AAVE/USDT:USDT,288.3,33.4,288.31,187.8,288.32,5804890.9,
1753460324568,16:18:44.568,AAVE/USDT:USDT,288.3,41.0,288.31,171.9,288.32,5804890.9,
1753460324715,16:18:44.715,AAVE/USDT:USDT,288.3,0.8,288.31,168.3,288.32,5804890.9,
1753460324822,16:18:44.822,AAVE/USDT:USDT,288.3,0.7,288.31,168.3,288.32,5804890.9,
1753460325063,16:18:45.063,AAVE/USDT:USDT,288.3,115.8,288.31,4.3,288.32,5804890.9,
1753460325294,16:18:45.294,AAVE/USDT:USDT,288.3,210.5,288.31,4.3,288.32,5804890.9,
1753460325415,16:18:45.415,AAVE/USDT:USDT,288.3,117.5,288.31,4.3,288.32,5804890.9,
1753460325515,16:18:45.515,AAVE/USDT:USDT,288.3,80.5,288.31,130.9,288.32,5804890.9,
1753460325620,16:18:45.620,AAVE/USDT:USDT,288.3,80.5,288.31,85.8,288.32,5804890.9,
1753460325771,16:18:45.771,AAVE/USDT:USDT,288.3,99.1,288.31,4.3,288.32,5804890.9,
1753460325921,16:18:45.921,AAVE/USDT:USDT,288.3,80.3,288.31,4.1,288.32,5804890.9,
1753460326043,16:18:46.043,AAVE/USDT:USDT,288.3,97.5,288.31,4.3,288.32,5804890.9,
1753460326183,16:18:46.183,AAVE/USDT:USDT,288.3,178.8,288.31,4.3,288.32,5804890.9,
1753460326314,16:18:46.314,AAVE/USDT:USDT,288.3,97.3,288.31,4.3,288.32,5804890.9,
1753460326416,16:18:46.416,AAVE/USDT:USDT,288.3,98.2,288.31,9.9,288.32,5804890.9,
1753460326529,16:18:46.529,AAVE/USDT:USDT,288.3,81.2,288.31,9.9,288.32,5804890.9,
1753460326773,16:18:46.773,AAVE/USDT:USDT,288.3,98.5,288.31,9.9,288.32,5804890.9,
1753460327116,16:18:47.116,AAVE/USDT:USDT,288.3,3.1,288.31,55.2,288.32,5804890.9,
1753460327217,16:18:47.217,AAVE/USDT:USDT,288.28,0.1,288.29,171.9,288.3,5804894.0,
1753460327419,16:18:47.419,AAVE/USDT:USDT,288.26,0.1,288.27,236.0,288.28,5804894.1,
1753460327520,16:18:47.520,AAVE/USDT:USDT,288.26,0.1,288.27,295.1,288.28,5804894.1,
1753460327636,16:18:47.636,AAVE/USDT:USDT,288.25,0.3,288.27,249.8,288.26,5804894.2,
1753460327873,16:18:47.873,AAVE/USDT:USDT,288.24,0.1,288.25,293.6,288.26,5804894.2,
1753460327984,16:18:47.984,AAVE/USDT:USDT,288.21,0.3,288.22,19.0,288.24,5804894.3,
1753460328099,16:18:48.099,AAVE/USDT:USDT,288.2,9.2,288.21,168.8,288.24,5804894.3,
1753460328217,16:18:48.217,AAVE/USDT:USDT,288.2,20.5,288.21,168.8,288.24,5804894.3,
1753460328333,16:18:48.333,AAVE/USDT:USDT,288.2,20.7,288.21,168.8,288.24,5804894.3,
1753460328466,16:18:48.466,AAVE/USDT:USDT,288.2,20.7,288.21,167.3,288.24,5804894.3,
1753460328578,16:18:48.578,AAVE/USDT:USDT,288.2,20.7,288.21,180.1,288.24,5804894.3,
1753460329416,16:18:49.416,AAVE/USDT:USDT,288.16,98.7,288.17,14.0,288.2,5804894.4,
1753460329517,16:18:49.517,AAVE/USDT:USDT,288.16,0.2,288.17,157.7,288.2,5804894.4,
1753460330313,16:18:50.313,AAVE/USDT:USDT,288.16,22.3,288.17,14.0,288.2,5804894.4,
1753460330414,16:18:50.414,AAVE/USDT:USDT,288.16,65.6,288.17,13.8,288.17,5804894.6,
1753460330515,16:18:50.515,AAVE/USDT:USDT,288.19,74.6,288.2,27.9,288.17,5804908.4,
1753460330773,16:18:50.773,AAVE/USDT:USDT,288.2,33.0,288.21,141.7,288.17,5804908.4,
1753460330879,16:18:50.879,AAVE/USDT:USDT,288.2,33.0,288.21,141.9,288.17,5804908.4,
1753460331243,16:18:51.243,AAVE/USDT:USDT,288.18,33.0,288.19,126.8,288.17,5804908.4,
1753460331364,16:18:51.364,AAVE/USDT:USDT,288.18,33.0,288.19,127.0,288.17,5804908.4,
1753460332220,16:18:52.220,AAVE/USDT:USDT,288.18,0.2,288.19,150.3,288.17,5804908.4,
1753460332329,16:18:52.329,AAVE/USDT:USDT,288.16,0.2,288.17,130.2,288.17,5804908.4,
1753460332677,16:18:52.677,AAVE/USDT:USDT,288.16,0.6,288.17,120.5,288.17,5804908.4,
1753460332910,16:18:52.910,AAVE/USDT:USDT,288.16,92.8,288.17,6.0,288.17,5804908.4,
1753460333016,16:18:53.016,AAVE/USDT:USDT,288.18,136.0,288.19,0.3,288.17,5804914.5,
1753460333119,16:18:53.119,AAVE/USDT:USDT,288.19,29.2,288.2,4.4,288.17,5804914.5,
1753460333221,16:18:53.221,AAVE/USDT:USDT,288.18,31.1,288.19,126.8,288.17,5804914.5,
1753460333325,16:18:53.325,AAVE/USDT:USDT,288.16,0.8,288.17,207.1,288.17,5804914.5,
1753460333428,16:18:53.428,AAVE/USDT:USDT,288.14,0.1,288.15,213.8,288.16,5804915.3,
1753460333534,16:18:53.534,AAVE/USDT:USDT,288.14,0.3,288.15,232.0,288.16,5804915.3,
1753460333636,16:18:53.636,AAVE/USDT:USDT,288.14,0.2,288.15,240.2,288.14,5804915.4,
1753460333786,16:18:53.786,AAVE/USDT:USDT,288.12,0.1,288.13,171.8,288.14,5804915.6,
1753460333918,16:18:53.918,AAVE/USDT:USDT,288.12,0.1,288.13,190.5,288.14,5804915.6,
1753460334268,16:18:54.268,AAVE/USDT:USDT,288.14,31.1,288.15,53.5,288.14,5804915.6,
1753460334413,16:18:54.413,AAVE/USDT:USDT,288.14,0.2,288.15,151.4,288.14,5804915.6,
1753460334514,16:18:54.514,AAVE/USDT:USDT,288.12,31.4,288.13,127.0,288.14,5804915.6,
1753460334616,16:18:54.616,AAVE/USDT:USDT,288.12,0.1,288.13,150.4,288.14,5804915.6,
1753460335154,16:18:55.154,AAVE/USDT:USDT,288.12,0.1,288.13,165.1,288.14,5804915.6,
1753460335614,16:18:55.614,AAVE/USDT:USDT,288.12,0.2,288.13,133.9,288.14,5804915.6,
1753460335719,16:18:55.719,AAVE/USDT:USDT,288.12,76.6,288.13,0.2,288.14,5804915.6,
1753460335820,16:18:55.820,AAVE/USDT:USDT,288.13,45.3,288.15,8.4,288.14,5804915.6,
1753460336073,16:18:56.073,AAVE/USDT:USDT,288.14,172.5,288.15,0.2,288.15,5804923.8,
1753460336185,16:18:56.185,AAVE/USDT:USDT,288.16,200.1,288.17,14.1,288.15,5804924.0,
1753460336415,16:18:56.415,AAVE/USDT:USDT,288.16,190.9,288.17,14.1,288.15,5804924.0,
1753460336521,16:18:56.521,AAVE/USDT:USDT,288.16,185.4,288.17,14.8,288.15,5804924.0,
1753460336663,16:18:56.663,AAVE/USDT:USDT,288.16,74.0,288.17,14.8,288.15,5804924.0,
1753460336786,16:18:56.786,AAVE/USDT:USDT,288.21,166.9,288.22,0.1,288.2,5804939.2,
1753460336907,16:18:56.907,AAVE/USDT:USDT,288.21,104.2,288.22,0.1,288.2,5804939.2,
1753460337020,16:18:57.020,AAVE/USDT:USDT,288.21,85.6,288.22,0.1,288.2,5804939.2,
1753460337129,16:18:57.129,AAVE/USDT:USDT,288.21,101.6,288.22,0.1,288.2,5804939.2,
1753460337615,16:18:57.615,AAVE/USDT:USDT,288.22,100.1,288.25,0.4,288.24,5804939.5,
1753460337716,16:18:57.716,AAVE/USDT:USDT,288.25,151.6,288.26,0.1,288.24,5804939.5,
1753460337920,16:18:57.920,AAVE/USDT:USDT,288.25,45.5,288.26,0.1,288.25,5805009.5,
1753460338022,16:18:58.022,AAVE/USDT:USDT,288.25,55.2,288.26,0.1,288.25,5805009.5,
1753460338127,16:18:58.127,AAVE/USDT:USDT,288.25,47.9,288.26,0.1,288.25,5805009.5,
1753460338493,16:18:58.493,AAVE/USDT:USDT,288.25,47.7,288.26,0.1,288.25,5805009.7,
1753460338615,16:18:58.615,AAVE/USDT:USDT,288.24,0.1,288.26,186.3,288.25,5805012.3,
1753460338719,16:18:58.719,AAVE/USDT:USDT,288.21,26.2,288.22,212.1,288.25,5805012.3,
1753460338941,16:18:58.941,AAVE/USDT:USDT,288.21,26.4,288.22,218.5,288.25,5805012.3,
1753460339311,16:18:59.311,AAVE/USDT:USDT,288.21,26.4,288.22,211.6,288.25,5805012.3,
1753460339413,16:18:59.413,AAVE/USDT:USDT,288.21,26.4,288.22,50.3,288.25,5805012.3,
1753460340148,16:19:00.148,AAVE/USDT:USDT,288.18,0.3,288.19,77.4,288.2,5788077.5,
1753460340252,16:19:00.252,AAVE/USDT:USDT,288.16,0.1,288.17,191.5,288.2,5788077.5,
1753460340381,16:19:00.381,AAVE/USDT:USDT,288.12,0.1,288.13,276.0,288.14,5788078.5,
1753460340517,16:19:00.517,AAVE/USDT:USDT,288.12,56.9,288.13,262.1,288.14,5788078.5,
1753460340617,16:19:00.617,AAVE/USDT:USDT,288.1,0.5,288.13,262.1,288.12,5788135.4,
1753460340754,16:19:00.754,AAVE/USDT:USDT,288.1,0.1,288.11,219.6,288.12,5788135.4,
1753460340982,16:19:00.982,AAVE/USDT:USDT,288.06,0.2,288.07,271.8,288.08,5788135.9,
1753460341098,16:19:01.098,AAVE/USDT:USDT,288.06,0.2,288.07,289.6,288.08,5788135.9,
1753460341320,16:19:01.320,AAVE/USDT:USDT,288.09,45.7,288.1,0.2,288.08,5788135.9,
1753460341537,16:19:01.537,AAVE/USDT:USDT,288.09,67.0,288.1,0.2,288.08,5788135.9,
1753460341669,16:19:01.669,AAVE/USDT:USDT,288.09,185.1,288.1,0.2,288.08,5788135.9,
1753460341771,16:19:01.771,AAVE/USDT:USDT,288.12,31.3,288.13,45.5,288.08,5788135.9,
1753460341915,16:19:01.915,AAVE/USDT:USDT,288.12,31.1,288.13,45.5,288.12,5788136.1,
1753460342017,16:19:02.017,AAVE/USDT:USDT,288.1,31.2,288.11,151.0,288.12,5788136.1,
1753460342122,16:19:02.122,AAVE/USDT:USDT,288.12,31.1,288.13,45.3,288.12,5788136.1,
1753460342234,16:19:02.234,AAVE/USDT:USDT,288.14,31.3,288.15,45.5,288.12,5788136.1,
1753460342473,16:19:02.473,AAVE/USDT:USDT,288.14,31.3,288.15,45.7,288.12,5788136.1,
1753460342583,16:19:02.583,AAVE/USDT:USDT,288.14,31.3,288.15,146.1,288.12,5788136.1,
1753460342974,16:19:02.974,AAVE/USDT:USDT,288.13,45.3,288.14,98.7,288.12,5788136.1,
1753460343108,16:19:03.108,AAVE/USDT:USDT,288.13,45.5,288.14,180.4,288.12,5788136.1,
1753460343213,16:19:03.213,AAVE/USDT:USDT,288.13,0.7,288.14,180.4,288.12,5788136.1,
1753460343314,16:19:03.314,AAVE/USDT:USDT,288.13,0.7,288.14,153.0,288.12,5788136.1,
1753460343523,16:19:03.523,AAVE/USDT:USDT,288.13,1.0,288.14,143.6,288.12,5788136.1,
1753460343648,16:19:03.648,AAVE/USDT:USDT,288.13,1.0,288.14,213.2,288.12,5788136.1,
1753460343872,16:19:03.872,AAVE/USDT:USDT,288.13,1.1,288.14,198.4,288.12,5788136.1,
1753460344111,16:19:04.111,AAVE/USDT:USDT,288.13,26.9,288.14,7.1,288.12,5788136.1,
1753460344217,16:19:04.217,AAVE/USDT:USDT,288.13,26.9,288.14,45.5,288.12,5788136.1,
1753460344318,16:19:04.318,AAVE/USDT:USDT,288.13,26.9,288.14,127.0,288.12,5788136.1,
1753460344473,16:19:04.473,AAVE/USDT:USDT,288.13,26.9,288.14,45.5,288.12,5788136.1,
1753460344816,16:19:04.816,AAVE/USDT:USDT,288.13,26.9,288.14,146.0,288.12,5788136.1,
1753460344919,16:19:04.919,AAVE/USDT:USDT,288.13,1.1,288.14,68.9,288.12,5788136.1,
1753460345024,16:19:05.024,AAVE/USDT:USDT,288.13,0.9,288.14,150.2,288.12,5788136.1,
1753460345264,16:19:05.264,AAVE/USDT:USDT,288.13,137.3,288.14,4.4,288.14,5788138.2,
1753460345372,16:19:05.372,AAVE/USDT:USDT,288.2,142.6,288.21,39.1,288.21,5788148.2,
1753460345603,16:19:05.603,AAVE/USDT:USDT,288.27,45.5,288.28,143.8,288.27,5788176.9,
1753460345711,16:19:05.711,AAVE/USDT:USDT,288.26,81.6,288.28,143.5,288.27,5788176.9,
1753460345825,16:19:05.825,AAVE/USDT:USDT,288.24,0.4,288.27,143.5,288.26,5788221.3,
1753460345933,16:19:05.933,AAVE/USDT:USDT,288.23,0.3,288.24,259.4,288.26,5788221.3,
1753460346074,16:19:06.074,AAVE/USDT:USDT,288.23,0.3,288.24,259.6,288.26,5788221.3,
1753460346318,16:19:06.318,AAVE/USDT:USDT,288.23,0.3,288.24,244.0,288.26,5788221.3,
1753460346439,16:19:06.439,AAVE/USDT:USDT,288.23,0.3,288.24,252.7,288.26,5788221.3,
1753460346576,16:19:06.576,AAVE/USDT:USDT,288.23,0.3,288.24,245.8,288.26,5788221.3,
1753460346677,16:19:06.677,AAVE/USDT:USDT,288.23,0.3,288.24,244.0,288.26,5788221.3,
1753460346912,16:19:06.912,AAVE/USDT:USDT,288.23,0.3,288.24,244.3,288.26,5788221.3,
1753460347023,16:19:07.023,AAVE/USDT:USDT,288.23,0.3,288.24,237.4,288.26,5788221.3,
1753460347124,16:19:07.124,AAVE/USDT:USDT,288.23,95.5,288.24,0.3,288.26,5788221.3,
1753460347269,16:19:07.269,AAVE/USDT:USDT,288.23,81.6,288.24,0.1,288.24,5788221.5,
1753460347411,16:19:07.411,AAVE/USDT:USDT,288.23,81.6,288.24,0.1,288.24,5788221.5,
1753460347515,16:19:07.515,AAVE/USDT:USDT,288.23,0.3,288.24,142.4,288.24,5788221.5,
1753460347885,16:19:07.885,AAVE/USDT:USDT,288.23,26.2,288.24,45.6,288.24,5788221.5,
1753460348008,16:19:08.008,AAVE/USDT:USDT,288.23,54.4,288.24,0.1,288.24,5788221.5,
1753460348215,16:19:08.215,AAVE/USDT:USDT,288.23,135.9,288.26,0.3,288.24,5788221.6,
1753460348316,16:19:08.316,AAVE/USDT:USDT,288.27,117.2,288.28,0.5,288.24,5788221.6,
1753460348417,16:19:08.417,AAVE/USDT:USDT,288.26,75.3,288.28,0.5,288.24,5788221.6,
1753460348521,16:19:08.521,AAVE/USDT:USDT,288.27,45.5,288.28,0.7,288.24,5788221.6,
1753460348995,16:19:08.995,AAVE/USDT:USDT,288.27,48.1,288.28,0.7,288.24,5788221.6,
1753460349099,16:19:09.099,AAVE/USDT:USDT,288.27,80.1,288.28,0.7,288.24,5788221.6,
1753460349200,16:19:09.200,AAVE/USDT:USDT,288.27,62.6,288.28,0.7,288.24,5788221.6,
1753460349318,16:19:09.318,AAVE/USDT:USDT,288.27,62.8,288.28,0.7,288.24,5788221.6,
1753460349425,16:19:09.425,AAVE/USDT:USDT,288.26,75.3,288.27,58.4,288.24,5788221.6,
1753460349568,16:19:09.568,AAVE/USDT:USDT,288.26,0.4,288.27,140.1,288.24,5788221.6,
1753460349808,16:19:09.808,AAVE/USDT:USDT,288.26,30.2,288.27,140.9,288.24,5788221.6,
1753460349913,16:19:09.913,AAVE/USDT:USDT,288.26,30.2,288.27,59.4,288.24,5788221.6,
1753460350016,16:19:10.016,AAVE/USDT:USDT,288.26,30.2,288.27,45.3,288.24,5788221.6,
1753460350272,16:19:10.272,AAVE/USDT:USDT,288.26,30.2,288.27,158.6,288.24,5788221.6,
1753460350377,16:19:10.377,AAVE/USDT:USDT,288.26,30.2,288.27,58.2,288.24,5788221.6,
1753460350616,16:19:10.616,AAVE/USDT:USDT,288.26,0.4,288.27,158.3,288.24,5788221.6,
1753460350716,16:19:10.716,AAVE/USDT:USDT,288.26,30.0,288.27,58.2,288.24,5788221.6,
1753460350820,16:19:10.820,AAVE/USDT:USDT,288.26,1.3,288.27,158.3,288.24,5788221.6,
1753460351178,16:19:11.178,AAVE/USDT:USDT,288.26,56.5,288.27,12.9,288.24,5788221.6,
1753460351300,16:19:11.300,AAVE/USDT:USDT,288.28,136.0,288.29,0.4,288.28,5788234.8,
1753460351519,16:19:11.519,AAVE/USDT:USDT,288.21,0.3,288.23,293.8,288.22,5788237.0,
1753460351626,16:19:11.626,AAVE/USDT:USDT,288.2,0.7,288.21,34.7,288.22,5788237.0,
1753460351774,16:19:11.774,AAVE/USDT:USDT,288.2,29.9,288.21,216.8,288.22,5788237.0,
1753460352007,16:19:12.007,AAVE/USDT:USDT,288.23,89.2,288.24,0.2,288.23,5788260.8,
1753460352112,16:19:12.112,AAVE/USDT:USDT,288.24,103.8,288.25,9.7,288.23,5788260.8,
1753460352331,16:19:12.331,AAVE/USDT:USDT,288.24,97.9,288.25,10.4,288.23,5788260.8,
1753460352436,16:19:12.436,AAVE/USDT:USDT,288.24,116.2,288.25,10.4,288.23,5788260.8,
1753460352548,16:19:12.548,AAVE/USDT:USDT,288.27,5.7,288.28,0.3,288.25,5788271.2,
1753460352790,16:19:12.790,AAVE/USDT:USDT,288.28,77.2,288.29,7.6,288.25,5788271.2,
1753460352914,16:19:12.914,AAVE/USDT:USDT,288.28,177.9,288.29,7.6,288.25,5788271.2,
1753460353122,16:19:13.122,AAVE/USDT:USDT,288.3,177.0,288.31,0.2,288.3,5788279.8,
1753460353258,16:19:13.258,AAVE/USDT:USDT,288.3,193.1,288.31,0.2,288.3,5788279.8,
1753460353374,16:19:13.374,AAVE/USDT:USDT,288.3,111.5,288.31,0.2,288.3,5788279.8,
1753460353615,16:19:13.615,AAVE/USDT:USDT,288.34,72.5,288.35,0.4,288.34,5788312.8,
1753460353716,16:19:13.716,AAVE/USDT:USDT,288.34,58.9,288.35,0.4,288.34,5788312.8,
1753460353823,16:19:13.823,AAVE/USDT:USDT,288.34,104.2,288.35,0.4,288.34,5788312.8,
1753460353976,16:19:13.976,AAVE/USDT:USDT,288.34,112.6,288.35,0.4,288.34,5788312.8,
1753460354078,16:19:14.078,AAVE/USDT:USDT,288.34,130.1,288.35,0.4,288.34,5788312.8,
1753460354371,16:19:14.371,AAVE/USDT:USDT,288.3,32.1,288.31,45.5,288.34,5788312.8,
1753460354617,16:19:14.617,AAVE/USDT:USDT,288.33,45.3,288.34,165.5,288.34,5788312.8,
1753460354827,16:19:14.827,AAVE/USDT:USDT,288.33,53.9,288.34,75.1,288.34,5788312.8,
1753460354976,16:19:14.976,AAVE/USDT:USDT,288.3,38.5,288.31,81.5,288.34,5788312.8,
1753460355081,16:19:15.081,AAVE/USDT:USDT,288.31,45.5,288.32,111.1,288.34,5788312.8,
1753460355212,16:19:15.212,AAVE/USDT:USDT,288.31,45.5,288.32,29.8,288.34,5788312.8,
1753460355313,16:19:15.313,AAVE/USDT:USDT,288.31,64.7,288.32,111.1,288.34,5788312.8,
1753460355418,16:19:15.418,AAVE/USDT:USDT,288.3,31.9,288.31,81.5,288.34,5788312.8,
1753460355817,16:19:15.817,AAVE/USDT:USDT,288.3,3.0,288.31,145.7,288.34,5788312.8,
1753460355949,16:19:15.949,AAVE/USDT:USDT,288.3,2.9,288.31,152.8,288.3,5788312.9,
1753460356096,16:19:16.096,AAVE/USDT:USDT,288.26,58.7,288.27,183.3,288.3,5788315.8,
1753460356213,16:19:16.213,AAVE/USDT:USDT,288.28,65.2,288.29,19.3,288.3,5788315.8,
1753460356322,16:19:16.322,AAVE/USDT:USDT,288.28,178.6,288.31,0.3,288.3,5788316.2,
1753460356474,16:19:16.474,AAVE/USDT:USDT,288.32,94.9,288.33,0.2,288.3,5788316.2,
1753460356594,16:19:16.594,AAVE/USDT:USDT,288.33,20.2,288.34,49.9,288.3,5788316.2,
1753460356701,16:19:16.701,AAVE/USDT:USDT,288.34,104.3,288.36,0.6,288.35,5788316.6,
1753460356914,16:19:16.914,AAVE/USDT:USDT,288.36,148.2,288.37,4.4,288.36,5788317.4,
1753460357019,16:19:17.019,AAVE/USDT:USDT,288.38,86.0,288.4,1.2,288.39,5788323.6,
1753460357128,16:19:17.128,AAVE/USDT:USDT,288.4,203.7,288.42,0.8,288.41,5788325.5,
1753460357233,16:19:17.233,AAVE/USDT:USDT,288.43,208.4,288.44,6.9,288.42,5788326.0,
1753460357354,16:19:17.354,AAVE/USDT:USDT,288.42,32.5,288.43,74.3,288.43,5788371.8,
1753460357460,16:19:17.460,AAVE/USDT:USDT,288.42,0.2,288.43,173.0,288.42,5788374.1,
1753460357576,16:19:17.576,AAVE/USDT:USDT,288.4,0.2,288.41,173.3,288.42,5788374.3,
1753460357872,16:19:17.872,AAVE/USDT:USDT,288.4,45.6,288.41,45.5,288.42,5788374.3,
1753460358012,16:19:18.012,AAVE/USDT:USDT,288.4,0.1,288.41,62.6,288.42,5788374.3,
1753460358270,16:19:18.270,AAVE/USDT:USDT,288.36,20.0,288.37,155.8,288.4,5788380.5,
1753460358375,16:19:18.375,AAVE/USDT:USDT,288.36,0.2,288.37,158.3,288.4,5788380.5,
1753460358590,16:19:18.590,AAVE/USDT:USDT,288.36,60.0,288.37,0.2,288.4,5788380.5,
1753460358719,16:19:18.719,AAVE/USDT:USDT,288.38,29.8,288.39,45.5,288.4,5788380.5,
1753460358826,16:19:18.826,AAVE/USDT:USDT,288.39,72.5,288.4,45.4,288.4,5788380.5,
1753460358980,16:19:18.980,AAVE/USDT:USDT,288.38,29.6,288.39,0.9,288.4,5788380.5,
1753460359081,16:19:19.081,AAVE/USDT:USDT,288.38,50.0,288.39,0.9,288.4,5788380.5,
1753460359573,16:19:19.573,AAVE/USDT:USDT,288.38,51.0,288.39,26.5,288.4,5788380.5,
1753460359701,16:19:19.701,AAVE/USDT:USDT,288.38,30.8,288.39,82.7,288.4,5788380.5,
1753460359819,16:19:19.819,AAVE/USDT:USDT,288.38,30.8,288.39,82.9,288.4,5788380.5,
1753460359949,16:19:19.949,AAVE/USDT:USDT,288.38,76.1,288.39,6.0,288.4,5788380.5,
1753460360055,16:19:20.055,AAVE/USDT:USDT,288.38,60.9,288.39,132.6,288.4,5788380.5,
1753460360180,16:19:20.180,AAVE/USDT:USDT,288.38,30.8,288.39,87.3,288.4,5788380.5,
1753460360285,16:19:20.285,AAVE/USDT:USDT,288.38,52.7,288.39,135.8,288.4,5788380.5,
1753460360412,16:19:20.412,AAVE/USDT:USDT,288.38,51.6,288.39,135.8,288.4,5788380.5,
1753460360518,16:19:20.518,AAVE/USDT:USDT,288.35,0.1,288.37,135.7,288.36,5788380.7,
1753460360625,16:19:20.625,AAVE/USDT:USDT,288.34,0.1,288.35,266.5,288.36,5788380.7,
1753460360872,16:19:20.872,AAVE/USDT:USDT,288.32,0.1,288.33,160.3,288.33,5788381.1,
1753460360983,16:19:20.983,AAVE/USDT:USDT,288.32,0.1,288.33,176.4,288.33,5788381.1,
1753460361089,16:19:21.089,AAVE/USDT:USDT,288.31,0.3,288.33,178.9,288.32,5788381.2,
1753460361212,16:19:21.212,AAVE/USDT:USDT,288.3,0.1,288.31,210.8,288.31,5788381.5,
1753460361316,16:19:21.316,AAVE/USDT:USDT,288.3,0.1,288.31,229.7,288.31,5788381.5,
1753460361543,16:19:21.543,AAVE/USDT:USDT,288.3,90.5,288.31,0.2,288.31,5788381.5,
1753460361697,16:19:21.697,AAVE/USDT:USDT,288.32,56.5,288.33,3.2,288.31,5788381.7,
1753460361913,16:19:21.913,AAVE/USDT:USDT,288.32,51.7,288.33,3.4,288.31,5788381.7,
1753460362012,16:19:22.012,AAVE/USDT:USDT,288.32,166.3,288.33,3.4,288.31,5788381.7,
1753460362113,16:19:22.113,AAVE/USDT:USDT,288.32,202.4,288.34,0.3,288.33,5788385.1,
1753460362216,16:19:22.216,AAVE/USDT:USDT,288.37,45.5,288.38,9.1,288.33,5788385.1,
1753460362476,16:19:22.476,AAVE/USDT:USDT,288.35,45.3,288.36,37.1,288.33,5788385.1,
1753460362591,16:19:22.591,AAVE/USDT:USDT,288.35,45.5,288.36,28.3,288.33,5788385.1,
1753460362713,16:19:22.713,AAVE/USDT:USDT,288.36,28.3,288.37,27.6,288.33,5788385.1,
1753460362819,16:19:22.819,AAVE/USDT:USDT,288.34,28.4,288.36,139.1,288.33,5788385.1,
1753460362927,16:19:22.927,AAVE/USDT:USDT,288.36,108.2,288.37,8.9,288.33,5788385.1,
1753460363149,16:19:23.149,AAVE/USDT:USDT,288.38,116.3,288.39,1.4,288.33,5788385.1,
1753460363520,16:19:23.520,AAVE/USDT:USDT,288.38,142.6,288.41,0.4,288.4,5788387.1,
1753460363674,16:19:23.674,AAVE/USDT:USDT,288.41,124.5,288.42,0.1,288.4,5788387.1,
1753460363807,16:19:23.807,AAVE/USDT:USDT,288.41,206.0,288.42,0.1,288.4,5788387.1,
1753460364013,16:19:24.013,AAVE/USDT:USDT,288.41,100.9,288.42,0.1,288.4,5788387.1,
1753460364113,16:19:24.113,AAVE/USDT:USDT,288.41,82.4,288.42,0.1,288.4,5788387.1,
1753460364316,16:19:24.316,AAVE/USDT:USDT,288.43,36.6,288.44,7.1,288.43,5788501.2,
1753460364417,16:19:24.417,AAVE/USDT:USDT,288.43,53.4,288.46,3.9,288.44,5788508.3,
1753460364518,16:19:24.518,AAVE/USDT:USDT,288.47,76.4,288.48,0.1,288.46,5788508.4,
1753460364630,16:19:24.630,AAVE/USDT:USDT,288.47,145.2,288.48,0.1,288.46,5788508.4,
1753460364772,16:19:24.772,AAVE/USDT:USDT,288.47,45.5,288.48,9.0,288.46,5788508.4,
1753460364911,16:19:24.911,AAVE/USDT:USDT,288.47,45.7,288.48,19.1,288.46,5788508.4,
1753460365012,16:19:25.012,AAVE/USDT:USDT,288.47,45.5,288.48,0.1,288.46,5788508.4,
1753460365115,16:19:25.115,AAVE/USDT:USDT,288.47,144.2,288.48,0.1,288.46,5788508.4,
1753460365228,16:19:25.228,AAVE/USDT:USDT,288.47,150.8,288.48,0.1,288.46,5788508.4,
1753460365332,16:19:25.332,AAVE/USDT:USDT,288.48,148.5,288.49,172.0,288.48,5788508.5,
1753460365612,16:19:25.612,AAVE/USDT:USDT,288.48,166.5,288.49,172.2,288.48,5788508.5,
1753460365712,16:19:25.712,AAVE/USDT:USDT,288.49,72.4,288.51,0.4,288.5,5788681.0,
1753460365917,16:19:25.917,AAVE/USDT:USDT,288.51,201.3,288.52,0.1,288.5,5788681.0,
1753460366022,16:19:26.022,AAVE/USDT:USDT,288.51,119.8,288.52,0.1,288.5,5788681.0,
1753460366313,16:19:26.313,AAVE/USDT:USDT,288.51,100.6,288.52,0.1,288.5,5788681.0,
1753460366414,16:19:26.414,AAVE/USDT:USDT,288.51,100.8,288.52,0.1,288.5,5788681.0,
1753460366521,16:19:26.521,AAVE/USDT:USDT,288.51,70.9,288.52,0.1,288.5,5788681.0,
1753460366635,16:19:26.635,AAVE/USDT:USDT,288.51,152.4,288.52,0.1,288.5,5788681.0,
1753460366742,16:19:26.742,AAVE/USDT:USDT,288.55,204.9,288.56,0.1,288.55,5788682.8,
1753460367077,16:19:27.077,AAVE/USDT:USDT,288.52,48.0,288.53,45.5,288.55,5788747.4,
1753460367290,16:19:27.290,AAVE/USDT:USDT,288.52,28.3,288.53,45.5,288.55,5788747.4,
1753460367617,16:19:27.617,AAVE/USDT:USDT,288.52,28.3,288.53,127.0,288.55,5788747.4,
1753460367770,16:19:27.770,AAVE/USDT:USDT,288.52,28.3,288.53,45.5,288.55,5788747.4,
1753460367902,16:19:27.902,AAVE/USDT:USDT,288.52,51.2,288.53,45.3,288.55,5788747.4,
1753460368016,16:19:28.016,AAVE/USDT:USDT,288.52,28.3,288.53,45.5,288.55,5788747.4,
1753460368169,16:19:28.169,AAVE/USDT:USDT,288.52,28.1,288.53,45.5,288.55,5788747.4,
1753460368272,16:19:28.272,AAVE/USDT:USDT,288.54,73.4,288.56,28.1,288.55,5788747.4,
1753460368383,16:19:28.383,AAVE/USDT:USDT,288.56,73.6,288.57,17.9,288.55,5788747.4,
1753460368819,16:19:28.819,AAVE/USDT:USDT,288.57,163.8,288.58,0.1,288.57,5788749.1,
1753460368924,16:19:28.924,AAVE/USDT:USDT,288.57,100.0,288.58,0.1,288.57,5788749.1,
1753460369031,16:19:29.031,AAVE/USDT:USDT,288.57,119.2,288.58,0.1,288.57,5788749.1,
1753460369274,16:19:29.274,AAVE/USDT:USDT,288.6,121.4,288.61,4.2,288.6,5788750.1,
1753460369387,16:19:29.387,AAVE/USDT:USDT,288.6,121.6,288.61,4.2,288.6,5788750.1,
1753460369511,16:19:29.511,AAVE/USDT:USDT,288.6,205.6,288.61,4.2,288.6,5788750.1,
1753460369819,16:19:29.819,AAVE/USDT:USDT,288.6,96.4,288.61,4.2,288.6,5788750.1,
1753460370512,16:19:30.512,AAVE/USDT:USDT,288.6,156.2,288.61,4.2,288.6,5788751.1,
1753460370620,16:19:30.620,AAVE/USDT:USDT,288.6,166.7,288.61,4.2,288.6,5788751.1,
1753460370740,16:19:30.740,AAVE/USDT:USDT,288.6,202.9,288.61,4.2,288.6,5788751.1,
1753460371016,16:19:31.016,AAVE/USDT:USDT,288.6,121.2,288.61,4.2,288.6,5788751.1,
1753460371123,16:19:31.123,AAVE/USDT:USDT,288.58,28.1,288.61,154.8,288.6,5788759.6,
1753460371255,16:19:31.255,AAVE/USDT:USDT,288.56,0.1,288.57,119.0,288.6,5788759.6,
1753460371357,16:19:31.357,AAVE/USDT:USDT,288.56,0.1,288.57,125.7,288.6,5788759.6,
1753460371477,16:19:31.477,AAVE/USDT:USDT,288.56,0.1,288.57,119.0,288.6,5788759.6,
1753460371596,16:19:31.596,AAVE/USDT:USDT,288.56,0.1,288.57,137.7,288.6,5788759.6,
1753460371711,16:19:31.711,AAVE/USDT:USDT,288.56,0.1,288.57,116.5,288.6,5788759.6,
1753460371920,16:19:31.920,AAVE/USDT:USDT,288.56,0.1,288.57,135.1,288.6,5788759.6,
1753460372134,16:19:32.134,AAVE/USDT:USDT,288.56,0.1,288.57,157.4,288.6,5788759.6,
1753460372275,16:19:32.275,AAVE/USDT:USDT,288.56,73.5,288.57,132.3,288.6,5788759.6,
1753460372398,16:19:32.398,AAVE/USDT:USDT,288.56,28.4,288.57,136.0,288.6,5788759.6,
1753460372615,16:19:32.615,AAVE/USDT:USDT,288.56,19.7,288.57,153.2,288.6,5788759.6,
1753460372716,16:19:32.716,AAVE/USDT:USDT,288.56,0.1,288.57,153.2,288.6,5788759.6,
1753460373391,16:19:33.391,AAVE/USDT:USDT,288.56,1.9,288.57,153.2,288.6,5788759.6,
1753460373970,16:19:33.970,AAVE/USDT:USDT,288.56,1.9,288.57,153.2,288.56,5788759.7,
1753460374092,16:19:34.092,AAVE/USDT:USDT,288.52,36.4,288.53,129.7,288.56,5788761.6,
1753460374193,16:19:34.193,AAVE/USDT:USDT,288.52,36.6,288.53,129.9,288.56,5788761.6,
1753460374312,16:19:34.312,AAVE/USDT:USDT,288.52,0.2,288.53,235.6,288.52,5788770.5,
1753460374414,16:19:34.414,AAVE/USDT:USDT,288.5,78.5,288.51,113.4,288.52,5788770.5,
1753460374521,16:19:34.521,AAVE/USDT:USDT,288.5,21.2,288.51,149.6,288.52,5788770.5,
1753460374653,16:19:34.653,AAVE/USDT:USDT,288.5,21.2,288.51,149.4,288.52,5788770.5,
1753460374787,16:19:34.787,AAVE/USDT:USDT,288.51,45.3,288.52,54.4,288.52,5788770.5,
1753460374919,16:19:34.919,AAVE/USDT:USDT,288.51,45.5,288.52,45.5,288.52,5788770.5,
1753460375174,16:19:35.174,AAVE/USDT:USDT,288.53,70.5,288.56,47.2,288.52,5788770.5,
1753460375306,16:19:35.306,AAVE/USDT:USDT,288.54,89.7,288.55,22.8,288.52,5788770.5,
1753460375414,16:19:35.414,AAVE/USDT:USDT,288.54,101.9,288.55,22.8,288.52,5788770.5,
1753460375515,16:19:35.515,AAVE/USDT:USDT,288.54,102.0,288.55,22.8,288.52,5788770.5,
1753460375770,16:19:35.770,AAVE/USDT:USDT,288.54,102.0,288.55,104.3,288.52,5788770.5,
1753460375892,16:19:35.892,AAVE/USDT:USDT,288.54,12.5,288.55,120.3,288.52,5788770.5,
1753460377175,16:19:37.175,AAVE/USDT:USDT,288.54,19.0,288.55,190.9,288.52,5788770.5,
1753460377311,16:19:37.311,AAVE/USDT:USDT,288.54,47.7,288.55,158.5,288.52,5788770.5,
1753460377415,16:19:37.415,AAVE/USDT:USDT,288.54,74.5,288.55,9.1,288.52,5788770.5,
1753460377518,16:19:37.518,AAVE/USDT:USDT,288.56,28.3,288.57,45.5,288.52,5788770.5,
1753460377779,16:19:37.779,AAVE/USDT:USDT,288.54,57.8,288.57,143.0,288.52,5788770.5,
1753460377880,16:19:37.880,AAVE/USDT:USDT,288.54,57.5,288.55,81.5,288.52,5788770.5,
1753460377990,16:19:37.990,AAVE/USDT:USDT,288.55,45.3,288.56,54.2,288.52,5788770.5,
1753460378095,16:19:38.095,AAVE/USDT:USDT,288.55,45.5,288.56,54.4,288.52,5788770.5,
1753460378217,16:19:38.217,AAVE/USDT:USDT,288.58,28.1,288.59,54.2,288.52,5788770.5,
1753460378421,16:19:38.421,AAVE/USDT:USDT,288.56,28.3,288.57,98.7,288.52,5788770.5,
1753460378572,16:19:38.572,AAVE/USDT:USDT,288.56,37.3,288.57,98.7,288.52,5788770.5,
1753460378688,16:19:38.688,AAVE/USDT:USDT,288.56,37.3,288.57,39.7,288.52,5788770.5,
1753460378807,16:19:38.807,AAVE/USDT:USDT,288.57,45.3,288.58,45.5,288.57,5788770.7,
1753460378914,16:19:38.914,AAVE/USDT:USDT,288.57,45.3,288.58,44.2,288.58,5788772.0,
1753460379019,16:19:39.019,AAVE/USDT:USDT,288.59,87.4,288.6,0.3,288.58,5788772.0,
1753460379281,16:19:39.281,AAVE/USDT:USDT,288.59,102.6,288.6,9.4,288.58,5788772.0,
1753460379408,16:19:39.408,AAVE/USDT:USDT,288.59,96.6,288.6,0.3,288.58,5788772.0,
1753460379516,16:19:39.516,AAVE/USDT:USDT,288.59,51.3,288.6,201.0,288.58,5788772.0,
1753460379671,16:19:39.671,AAVE/USDT:USDT,288.59,77.2,288.6,164.3,288.58,5788772.0,
1753460379775,16:19:39.775,AAVE/USDT:USDT,288.59,77.4,288.6,164.3,288.58,5788772.0,
1753460379913,16:19:39.913,AAVE/USDT:USDT,288.59,74.7,288.6,191.6,288.59,5788774.7,
1753460380016,16:19:40.016,AAVE/USDT:USDT,288.59,74.7,288.6,191.6,288.59,5788774.7,
1753460380168,16:19:40.168,AAVE/USDT:USDT,288.59,74.7,288.6,100.1,288.59,5788774.7,
1753460380274,16:19:40.274,AAVE/USDT:USDT,288.59,74.7,288.6,0.3,288.59,5788774.7,
1753460380410,16:19:40.410,AAVE/USDT:USDT,288.59,74.7,288.61,4.0,288.6,5788774.8,
1753460380521,16:19:40.521,AAVE/USDT:USDT,288.6,608.1,288.61,4.0,288.6,5788774.8,
1753460380622,16:19:40.622,AAVE/USDT:USDT,288.6,636.3,288.61,4.2,288.6,5788774.8,
1753460380749,16:19:40.749,AAVE/USDT:USDT,288.6,626.7,288.61,4.2,288.6,5788774.8,
1753460381005,16:19:41.005,AAVE/USDT:USDT,288.6,608.4,288.61,4.2,288.6,5788774.8,
1753460381113,16:19:41.113,AAVE/USDT:USDT,288.6,563.1,288.61,131.0,288.6,5788774.8,
1753460381221,16:19:41.221,AAVE/USDT:USDT,288.6,532.8,288.61,131.0,288.6,5788774.8,
1753460381327,16:19:41.327,AAVE/USDT:USDT,288.6,532.8,288.61,140.6,288.6,5788774.8,
1753460381456,16:19:41.456,AAVE/USDT:USDT,288.6,532.8,288.61,131.0,288.6,5788774.8,
1753460381572,16:19:41.572,AAVE/USDT:USDT,288.6,533.5,288.61,49.5,288.6,5788774.8,
1753460381778,16:19:41.778,AAVE/USDT:USDT,288.6,543.1,288.61,49.5,288.6,5788774.8,
1753460381914,16:19:41.914,AAVE/USDT:USDT,288.61,232.5,288.62,1.1,288.61,5788779.0,
1753460382015,16:19:42.015,AAVE/USDT:USDT,288.61,238.7,288.63,0.7,288.62,5788780.1,
1753460382279,16:19:42.279,AAVE/USDT:USDT,288.62,163.8,288.63,0.4,288.62,5788780.1,
1753460382413,16:19:42.413,AAVE/USDT:USDT,288.62,223.5,288.63,0.4,288.62,5788780.1,
1753460382538,16:19:42.538,AAVE/USDT:USDT,288.62,337.5,288.63,0.4,288.62,5788780.1,
1753460382912,16:19:42.912,AAVE/USDT:USDT,288.63,217.8,288.65,0.6,288.64,5788780.9,
1753460383018,16:19:43.018,AAVE/USDT:USDT,288.67,156.2,288.7,1.3,288.68,5788824.4,
1753460383173,16:19:43.173,AAVE/USDT:USDT,288.69,80.1,288.7,1.1,288.68,5788824.4,
1753460383314,16:19:43.314,AAVE/USDT:USDT,288.69,99.2,288.7,0.9,288.68,5788824.4,
1753460383873,16:19:43.873,AAVE/USDT:USDT,288.69,124.8,288.7,0.9,288.68,5788824.4,
1753460384217,16:19:44.217,AAVE/USDT:USDT,288.69,204.6,288.7,0.9,288.68,5788824.4,
1753460385018,16:19:45.018,AAVE/USDT:USDT,288.69,124.6,288.7,1.0,288.68,5788824.4,
1753460385132,16:19:45.132,AAVE/USDT:USDT,288.69,101.2,288.7,201.9,288.68,5788824.4,
1753460385266,16:19:45.266,AAVE/USDT:USDT,288.69,128.6,288.7,202.1,288.68,5788824.4,
1753460385372,16:19:45.372,AAVE/USDT:USDT,288.66,74.4,288.67,223.8,288.69,5788925.9,
1753460385738,16:19:45.738,AAVE/USDT:USDT,288.67,45.5,288.68,28.3,288.69,5788925.9,
1753460386116,16:19:46.116,AAVE/USDT:USDT,288.67,45.5,288.68,120.5,288.69,5788925.9,
1753460386334,16:19:46.334,AAVE/USDT:USDT,288.69,116.8,288.7,1.0,288.69,5788925.9,
1753460386583,16:19:46.583,AAVE/USDT:USDT,288.69,132.8,288.71,0.3,288.7,5788927.1,
1753460386700,16:19:46.700,AAVE/USDT:USDT,288.71,238.0,288.72,0.1,288.7,5788927.1,
1753460387020,16:19:47.020,AAVE/USDT:USDT,288.75,150.8,288.76,1.1,288.75,5788945.7,
1753460387121,16:19:47.121,AAVE/USDT:USDT,288.75,233.1,288.76,1.1,288.75,5788945.7,
1753460387222,16:19:47.222,AAVE/USDT:USDT,288.75,250.6,288.76,1.1,288.75,5788945.7,
1753460387441,16:19:47.441,AAVE/USDT:USDT,288.77,126.2,288.78,0.1,288.76,5788946.8,
1753460387579,16:19:47.579,AAVE/USDT:USDT,288.77,142.1,288.78,0.1,288.76,5788946.8,
1753460387712,16:19:47.712,AAVE/USDT:USDT,288.77,207.7,288.78,0.1,288.76,5788946.8,
1753460387829,16:19:47.829,AAVE/USDT:USDT,288.77,142.8,288.78,0.1,288.76,5788946.8,
1753460387981,16:19:47.981,AAVE/USDT:USDT,288.77,126.2,288.78,0.1,288.76,5788946.8,
1753460388082,16:19:48.082,AAVE/USDT:USDT,288.77,80.4,288.78,0.1,288.76,5788946.8,
1753460388211,16:19:48.211,AAVE/USDT:USDT,288.77,75.4,288.78,0.1,288.76,5788946.8,
1753460388313,16:19:48.313,AAVE/USDT:USDT,288.77,109.7,288.78,0.1,288.76,5788946.8,
1753460388413,16:19:48.413,AAVE/USDT:USDT,288.77,82.1,288.78,0.1,288.76,5788946.8,
1753460388515,16:19:48.515,AAVE/USDT:USDT,288.77,119.3,288.78,0.1,288.76,5788946.8,
1753460388770,16:19:48.770,AAVE/USDT:USDT,288.81,244.5,288.83,0.3,288.82,5788967.5,
1753460388988,16:19:48.988,AAVE/USDT:USDT,288.83,271.8,288.84,0.1,288.82,5788967.5,
1753460389093,16:19:49.093,AAVE/USDT:USDT,288.83,116.0,288.84,19.2,288.82,5788967.5,
1753460389201,16:19:49.201,AAVE/USDT:USDT,288.81,46.3,288.82,155.9,288.83,5789011.9,
1753460389324,16:19:49.324,AAVE/USDT:USDT,288.79,0.3,288.81,269.0,288.8,5789012.1,
1753460389429,16:19:49.429,AAVE/USDT:USDT,288.73,72.2,288.74,146.0,288.8,5789012.1,
1753460389671,16:19:49.671,AAVE/USDT:USDT,288.73,20.0,288.74,146.2,288.8,5789012.1,
1753460389808,16:19:49.808,AAVE/USDT:USDT,288.72,0.1,288.73,171.9,288.8,5789012.1,
1753460389915,16:19:49.915,AAVE/USDT:USDT,288.72,0.1,288.73,191.2,288.8,5789012.1,
1753460390019,16:19:50.019,AAVE/USDT:USDT,288.72,36.9,288.73,23.6,288.8,5789012.1,
1753460390271,16:19:50.271,AAVE/USDT:USDT,288.72,0.1,288.73,129.9,288.8,5789012.1,
1753460391188,16:19:51.188,AAVE/USDT:USDT,288.64,54.7,288.65,136.0,288.65,5789031.9,
1753460391317,16:19:51.317,AAVE/USDT:USDT,288.64,54.7,288.65,136.2,288.65,5789031.9,
1753460391422,16:19:51.422,AAVE/USDT:USDT,288.64,54.7,288.65,136.4,288.65,5789031.9,
1753460391523,16:19:51.523,AAVE/USDT:USDT,288.64,0.3,288.65,154.5,288.65,5789031.9,
1753460391632,16:19:51.632,AAVE/USDT:USDT,288.64,0.3,288.65,168.5,288.65,5789031.9,
1753460391735,16:19:51.735,AAVE/USDT:USDT,288.64,19.6,288.65,104.5,288.65,5789031.9,
1753460391951,16:19:51.951,AAVE/USDT:USDT,288.61,0.3,288.64,228.1,288.62,5789033.3,
1753460392074,16:19:52.074,AAVE/USDT:USDT,288.59,38.2,288.61,287.2,288.6,5789537.9,
1753460392217,16:19:52.217,AAVE/USDT:USDT,288.59,38.4,288.6,363.3,288.6,5789537.9,
1753460392913,16:19:52.913,AAVE/USDT:USDT,288.59,38.4,288.6,338.6,288.6,5789537.9,
1753460393433,16:19:53.433,AAVE/USDT:USDT,288.59,44.8,288.6,338.6,288.6,5789537.9,
1753460393681,16:19:53.681,AAVE/USDT:USDT,288.6,111.1,288.61,45.5,288.6,5789537.9,
1753460393786,16:19:53.786,AAVE/USDT:USDT,288.61,32.9,288.62,36.8,288.6,5789537.9,
1753460393890,16:19:53.890,AAVE/USDT:USDT,288.61,150.8,288.62,0.2,288.6,5789537.9,
1753460394016,16:19:54.016,AAVE/USDT:USDT,288.63,36.7,288.64,45.3,288.6,5789537.9,
1753460394117,16:19:54.117,AAVE/USDT:USDT,288.63,18.8,288.64,45.5,288.6,5789537.9,
1753460394217,16:19:54.217,AAVE/USDT:USDT,288.64,111.7,288.65,45.4,288.6,5789537.9,
1753460394442,16:19:54.442,AAVE/USDT:USDT,288.64,121.0,288.65,0.1,288.6,5789537.9,
1753460394547,16:19:54.547,AAVE/USDT:USDT,288.64,202.7,288.65,0.1,288.6,5789537.9,
