timestamp,time,symbol,bid,bidVolume,ask,askVolume,lastPrice,baseVolume,quoteVolume
1753460253627,16:17:33.627,ALGO/USDT:USDT,0.2573,872.0,0.2574,205.0,0.2574,7505946.0,
1753460254509,16:17:34.509,ALGO/USDT:USDT,0.2573,572.0,0.2574,82.0,0.2574,7505946.0,
1753460254611,16:17:34.611,ALGO/USDT:USDT,0.2573,572.0,0.2574,194.0,0.2574,7505946.0,
1753460254871,16:17:34.871,ALGO/USDT:USDT,0.2573,583.0,0.2574,194.0,0.2574,7505946.0,
1753460255112,16:17:35.112,ALGO/USDT:USDT,0.2573,883.0,0.2574,82.0,0.2574,7505946.0,
1753460255315,16:17:35.315,ALGO/USDT:USDT,0.2573,2116.0,0.2575,1751.0,0.2574,7505946.0,
1753460255920,16:17:35.920,ALGO/USDT:USDT,0.2573,2116.0,0.2575,1862.0,0.2574,7505946.0,
1753460256609,16:17:36.609,ALGO/USDT:USDT,0.2573,744.0,0.2574,813.0,0.2574,7505946.0,
1753460256717,16:17:36.717,ALGO/USDT:USDT,0.2573,612.0,0.2574,815.0,0.2574,7505946.0,
1753460256818,16:17:36.818,ALGO/USDT:USDT,0.2573,112.0,0.2574,815.0,0.2574,7505946.0,
1753460257314,16:17:37.314,ALGO/USDT:USDT,0.2573,112.0,0.2574,1203.0,0.2574,7505946.0,
1753460257523,16:17:37.523,ALGO/USDT:USDT,0.2573,95.0,0.2574,1408.0,0.2574,7505946.0,
1753460257654,16:17:37.654,ALGO/USDT:USDT,0.2572,474.0,0.2573,1038.0,0.2573,7506056.0,
1753460257777,16:17:37.777,ALGO/USDT:USDT,0.2572,577.0,0.2573,863.0,0.2573,7506056.0,
1753460257890,16:17:37.890,ALGO/USDT:USDT,0.2572,520.0,0.2573,863.0,0.2573,7506056.0,
1753460258012,16:17:38.012,ALGO/USDT:USDT,0.2572,520.0,0.2573,752.0,0.2573,7506056.0,
1753460258330,16:17:38.330,ALGO/USDT:USDT,0.2572,360.0,0.2573,752.0,0.2573,7506056.0,
1753460258473,16:17:38.473,ALGO/USDT:USDT,0.2572,360.0,0.2573,762.0,0.2573,7506056.0,
1753460258821,16:17:38.821,ALGO/USDT:USDT,0.2572,280.0,0.2573,881.0,0.2573,7506056.0,
1753460259191,16:17:39.191,ALGO/USDT:USDT,0.2572,26.0,0.2573,1135.0,0.2573,7506056.0,
1753460259521,16:17:39.521,ALGO/USDT:USDT,0.2572,26.0,0.2573,869.0,0.2573,7506056.0,
1753460259636,16:17:39.636,ALGO/USDT:USDT,0.2572,26.0,0.2573,911.0,0.2573,7506056.0,
1753460260218,16:17:40.218,ALGO/USDT:USDT,0.2571,586.0,0.2572,943.0,0.2571,7506083.0,
1753460260318,16:17:40.318,ALGO/USDT:USDT,0.2571,461.0,0.2572,943.0,0.2571,7506083.0,
1753460260524,16:17:40.524,ALGO/USDT:USDT,0.2571,257.0,0.2572,943.0,0.2571,7506083.0,
1753460260628,16:17:40.628,ALGO/USDT:USDT,0.2571,257.0,0.2572,943.0,0.2571,7506083.0,
1753460260741,16:17:40.741,ALGO/USDT:USDT,0.2571,401.0,0.2572,842.0,0.2571,7506083.0,
1753460260875,16:17:40.875,ALGO/USDT:USDT,0.2571,403.0,0.2572,673.0,0.2571,7506083.0,
1753460261111,16:17:41.111,ALGO/USDT:USDT,0.2571,257.0,0.2572,943.0,0.2571,7506083.0,
1753460261213,16:17:41.213,ALGO/USDT:USDT,0.2571,9.0,0.2572,943.0,0.2571,7506083.0,
1753460261426,16:17:41.426,ALGO/USDT:USDT,0.2571,9.0,0.2572,963.0,0.2571,7506083.0,
1753460261533,16:17:41.533,ALGO/USDT:USDT,0.2571,9.0,0.2572,965.0,0.2571,7506083.0,
1753460261650,16:17:41.650,ALGO/USDT:USDT,0.257,3048.0,0.2572,965.0,0.2571,7506092.0,
1753460261773,16:17:41.773,ALGO/USDT:USDT,0.257,631.0,0.2571,975.0,0.2571,7506092.0,
1753460262020,16:17:42.020,ALGO/USDT:USDT,0.257,240.0,0.2571,1354.0,0.2571,7506092.0,
1753460262343,16:17:42.343,ALGO/USDT:USDT,0.257,320.0,0.2571,794.0,0.2571,7506092.0,
1753460262461,16:17:42.461,ALGO/USDT:USDT,0.257,786.0,0.2571,235.0,0.2571,7506092.0,
1753460262566,16:17:42.566,ALGO/USDT:USDT,0.257,688.0,0.2571,235.0,0.2571,7506092.0,
1753460262913,16:17:42.913,ALGO/USDT:USDT,0.257,628.0,0.2571,418.0,0.2571,7506092.0,
1753460263015,16:17:43.015,ALGO/USDT:USDT,0.257,568.0,0.2571,756.0,0.2571,7506092.0,
1753460263122,16:17:43.122,ALGO/USDT:USDT,0.257,568.0,0.2571,495.0,0.2571,7506092.0,
1753460263272,16:17:43.272,ALGO/USDT:USDT,0.257,631.0,0.2571,680.0,0.2571,7506092.0,
1753460263404,16:17:43.404,ALGO/USDT:USDT,0.257,631.0,0.2571,1436.0,0.2571,7506092.0,
1753460263511,16:17:43.511,ALGO/USDT:USDT,0.257,631.0,0.2571,1204.0,0.2571,7506092.0,
1753460263714,16:17:43.714,ALGO/USDT:USDT,0.257,630.0,0.2571,1204.0,0.2571,7506092.0,
1753460263817,16:17:43.817,ALGO/USDT:USDT,0.257,630.0,0.2571,869.0,0.2571,7506092.0,
1753460264130,16:17:44.130,ALGO/USDT:USDT,0.257,630.0,0.2571,1128.0,0.2571,7506092.0,
1753460264232,16:17:44.232,ALGO/USDT:USDT,0.257,568.0,0.2571,1229.0,0.2571,7506092.0,
1753460264375,16:17:44.375,ALGO/USDT:USDT,0.257,568.0,0.2571,995.0,0.2571,7506093.0,
1753460264478,16:17:44.478,ALGO/USDT:USDT,0.257,568.0,0.2571,1101.0,0.2571,7506093.0,
1753460264820,16:17:44.820,ALGO/USDT:USDT,0.257,240.0,0.2571,1178.0,0.2571,7506093.0,
1753460264922,16:17:44.922,ALGO/USDT:USDT,0.257,320.0,0.2571,1178.0,0.2571,7506093.0,
1753460265124,16:17:45.124,ALGO/USDT:USDT,0.257,620.0,0.2571,1166.0,0.2571,7506093.0,
1753460265241,16:17:45.241,ALGO/USDT:USDT,0.257,540.0,0.2571,1339.0,0.2571,7506093.0,
1753460265374,16:17:45.374,ALGO/USDT:USDT,0.257,722.0,0.2571,981.0,0.2571,7506093.0,
1753460265492,16:17:45.492,ALGO/USDT:USDT,0.257,624.0,0.2571,981.0,0.2571,7506093.0,
1753460265698,16:17:45.698,ALGO/USDT:USDT,0.257,689.0,0.2571,976.0,0.2571,7506093.0,
1753460265918,16:17:45.918,ALGO/USDT:USDT,0.2569,980.0,0.257,353.0,0.2569,7507051.0,
1753460266019,16:17:46.019,ALGO/USDT:USDT,0.2569,1059.0,0.257,89.0,0.2569,7507051.0,
1753460266130,16:17:46.130,ALGO/USDT:USDT,0.2569,948.0,0.257,73.0,0.257,7507067.0,
1753460266383,16:17:46.383,ALGO/USDT:USDT,0.257,298.0,0.2571,1540.0,0.257,7507144.0,
1753460266486,16:17:46.486,ALGO/USDT:USDT,0.2569,860.0,0.257,555.0,0.257,7507144.0,
1753460266600,16:17:46.600,ALGO/USDT:USDT,0.2569,1.0,0.257,852.0,0.257,7507144.0,
1753460267083,16:17:47.083,ALGO/USDT:USDT,0.2568,736.0,0.2569,460.0,0.2569,7507189.0,
1753460267294,16:17:47.294,ALGO/USDT:USDT,0.2568,723.0,0.2569,470.0,0.2569,7507189.0,
1753460267399,16:17:47.399,ALGO/USDT:USDT,0.2568,82.0,0.2569,1089.0,0.2569,7507189.0,
1753460267501,16:17:47.501,ALGO/USDT:USDT,0.2568,64.0,0.2569,1129.0,0.2568,7507209.0,
1753460267856,16:17:47.856,ALGO/USDT:USDT,0.2568,64.0,0.2569,1429.0,0.2568,7507209.0,
1753460268533,16:17:48.533,ALGO/USDT:USDT,0.2567,474.0,0.2568,985.0,0.2568,7507291.0,
1753460268668,16:17:48.668,ALGO/USDT:USDT,0.2567,257.0,0.2568,1252.0,0.2568,7507291.0,
1753460269185,16:17:49.185,ALGO/USDT:USDT,0.2567,12.0,0.2568,1406.0,0.2568,7507291.0,
1753460269979,16:17:49.979,ALGO/USDT:USDT,0.2567,7.0,0.2568,1706.0,0.2567,7507296.0,
1753460270091,16:17:50.091,ALGO/USDT:USDT,0.2566,224.0,0.2567,983.0,0.2567,7507303.0,
1753460270412,16:17:50.412,ALGO/USDT:USDT,0.2566,1.0,0.2567,1090.0,0.2567,7507303.0,
1753460270512,16:17:50.512,ALGO/USDT:USDT,0.2566,431.0,0.2567,1487.0,0.2567,7507303.0,
1753460270615,16:17:50.615,ALGO/USDT:USDT,0.2566,258.0,0.2567,1635.0,0.2567,7507303.0,
1753460270715,16:17:50.715,ALGO/USDT:USDT,0.2566,1.0,0.2567,2012.0,0.2567,7507303.0,
1753460270932,16:17:50.932,ALGO/USDT:USDT,0.2566,1.0,0.2567,1864.0,0.2567,7507303.0,
1753460271079,16:17:51.079,ALGO/USDT:USDT,0.2566,1.0,0.2567,2012.0,0.2567,7507303.0,
1753460271190,16:17:51.190,ALGO/USDT:USDT,0.2566,258.0,0.2567,2012.0,0.2567,7507303.0,
1753460271311,16:17:51.311,ALGO/USDT:USDT,0.2566,324.0,0.2567,1864.0,0.2567,7507303.0,
1753460271414,16:17:51.414,ALGO/USDT:USDT,0.2566,324.0,0.2567,1775.0,0.2567,7507303.0,
1753460271631,16:17:51.631,ALGO/USDT:USDT,0.2566,69.0,0.2567,2012.0,0.2567,7507303.0,
1753460272125,16:17:52.125,ALGO/USDT:USDT,0.2566,701.0,0.2567,1092.0,0.2567,7507303.0,
1753460272240,16:17:52.240,ALGO/USDT:USDT,0.2566,404.0,0.2567,1212.0,0.2567,7507303.0,
1753460272375,16:17:52.375,ALGO/USDT:USDT,0.2566,404.0,0.2567,1213.0,0.2567,7507303.0,
1753460272922,16:17:52.922,ALGO/USDT:USDT,0.2566,402.0,0.2567,1211.0,0.2567,7507303.0,
1753460273208,16:17:53.208,ALGO/USDT:USDT,0.2566,69.0,0.2567,1527.0,0.2567,7507303.0,
1753460273310,16:17:53.310,ALGO/USDT:USDT,0.2566,146.0,0.2567,1527.0,0.2567,7507303.0,
1753460273414,16:17:53.414,ALGO/USDT:USDT,0.2566,148.0,0.2567,1552.0,0.2567,7507303.0,
1753460273686,16:17:53.686,ALGO/USDT:USDT,0.2566,403.0,0.2567,1315.0,0.2567,7507303.0,
1753460273792,16:17:53.792,ALGO/USDT:USDT,0.2566,572.0,0.2567,1238.0,0.2567,7507303.0,
1753460273917,16:17:53.917,ALGO/USDT:USDT,0.2566,492.0,0.2567,1238.0,0.2567,7507303.0,
1753460274072,16:17:54.072,ALGO/USDT:USDT,0.2566,403.0,0.2567,1445.0,0.2567,7507303.0,
1753460274192,16:17:54.192,ALGO/USDT:USDT,0.2566,148.0,0.2567,1445.0,0.2567,7507303.0,
1753460274888,16:17:54.888,ALGO/USDT:USDT,0.2566,690.0,0.2567,1130.0,0.2567,7507303.0,
1753460274993,16:17:54.993,ALGO/USDT:USDT,0.2566,1007.0,0.2567,931.0,0.2567,7507303.0,
1753460275114,16:17:55.114,ALGO/USDT:USDT,0.2566,859.0,0.2567,519.0,0.2567,7507303.0,
1753460275234,16:17:55.234,ALGO/USDT:USDT,0.2566,770.0,0.2567,599.0,0.2567,7507303.0,
1753460275457,16:17:55.457,ALGO/USDT:USDT,0.2566,565.0,0.2567,749.0,0.2567,7507303.0,
1753460275564,16:17:55.564,ALGO/USDT:USDT,0.2566,148.0,0.2567,915.0,0.2567,7507303.0,
1753460276349,16:17:56.349,ALGO/USDT:USDT,0.2565,1116.0,0.2566,846.0,0.2565,7507485.0,
1753460276453,16:17:56.453,ALGO/USDT:USDT,0.2564,861.0,0.2565,370.0,0.2565,7507485.0,
1753460276691,16:17:56.691,ALGO/USDT:USDT,0.2564,476.0,0.2565,370.0,0.2565,7507485.0,
1753460276792,16:17:56.792,ALGO/USDT:USDT,0.2564,374.0,0.2565,370.0,0.2565,7507485.0,
1753460276914,16:17:56.914,ALGO/USDT:USDT,0.2564,400.0,0.2565,790.0,0.2565,7507485.0,
1753460277498,16:17:57.498,ALGO/USDT:USDT,0.2564,259.0,0.2565,791.0,0.2565,7507485.0,
1753460277606,16:17:57.606,ALGO/USDT:USDT,0.2564,339.0,0.2565,791.0,0.2565,7507485.0,
1753460277833,16:17:57.833,ALGO/USDT:USDT,0.2564,789.0,0.2565,686.0,0.2565,7507485.0,
1753460277968,16:17:57.968,ALGO/USDT:USDT,0.2564,403.0,0.2565,806.0,0.2565,7507485.0,
1753460278075,16:17:58.075,ALGO/USDT:USDT,0.2564,339.0,0.2565,806.0,0.2565,7507485.0,
1753460278470,16:17:58.470,ALGO/USDT:USDT,0.2564,259.0,0.2565,807.0,0.2565,7507485.0,
1753460278814,16:17:58.814,ALGO/USDT:USDT,0.2564,559.0,0.2565,807.0,0.2565,7507485.0,
1753460278916,16:17:58.916,ALGO/USDT:USDT,0.2564,339.0,0.2565,807.0,0.2565,7507485.0,
1753460279071,16:17:59.071,ALGO/USDT:USDT,0.2564,425.0,0.2565,807.0,0.2565,7507485.0,
1753460279513,16:17:59.513,ALGO/USDT:USDT,0.2564,339.0,0.2565,848.0,0.2565,7507485.0,
1753460280072,16:18:00.072,ALGO/USDT:USDT,0.2564,482.0,0.2565,623.0,0.2565,7503970.0,
1753460280203,16:18:00.203,ALGO/USDT:USDT,0.2564,632.0,0.2565,623.0,0.2565,7503970.0,
1753460280305,16:18:00.305,ALGO/USDT:USDT,0.2564,339.0,0.2565,736.0,0.2565,7503970.0,
1753460280514,16:18:00.514,ALGO/USDT:USDT,0.2564,573.0,0.2565,736.0,0.2565,7503970.0,
1753460280614,16:18:00.614,ALGO/USDT:USDT,0.2564,575.0,0.2565,736.0,0.2565,7503970.0,
1753460280970,16:18:00.970,ALGO/USDT:USDT,0.2564,495.0,0.2565,736.0,0.2565,7503970.0,
1753460281174,16:18:01.174,ALGO/USDT:USDT,0.2563,719.0,0.2564,82.0,0.2564,7504213.0,
1753460281279,16:18:01.279,ALGO/USDT:USDT,0.2563,804.0,0.2564,353.0,0.2564,7504213.0,
1753460281394,16:18:01.394,ALGO/USDT:USDT,0.2563,722.0,0.2564,461.0,0.2564,7504213.0,
1753460281514,16:18:01.514,ALGO/USDT:USDT,0.2563,722.0,0.2564,485.0,0.2564,7504213.0,
1753460281614,16:18:01.614,ALGO/USDT:USDT,0.2563,505.0,0.2564,298.0,0.2564,7504213.0,
1753460281832,16:18:01.832,ALGO/USDT:USDT,0.2563,505.0,0.2564,26.0,0.2564,7504213.0,
1753460281978,16:18:01.978,ALGO/USDT:USDT,0.2563,505.0,0.2564,30.0,0.2564,7504213.0,
1753460282080,16:18:02.080,ALGO/USDT:USDT,0.2563,434.0,0.2565,3566.0,0.2564,7504344.0,
1753460282284,16:18:02.284,ALGO/USDT:USDT,0.2565,604.0,0.2566,902.0,0.2565,7505072.0,
1753460282501,16:18:02.501,ALGO/USDT:USDT,0.2565,884.0,0.2566,4.0,0.2565,7505072.0,
1753460282621,16:18:02.621,ALGO/USDT:USDT,0.2565,884.0,0.2566,2.0,0.2565,7505072.0,
1753460282774,16:18:02.774,ALGO/USDT:USDT,0.2565,803.0,0.2566,82.0,0.2565,7505072.0,
1753460282877,16:18:02.877,ALGO/USDT:USDT,0.2565,336.0,0.2566,432.0,0.2565,7505072.0,
1753460282999,16:18:02.999,ALGO/USDT:USDT,0.2564,1918.0,0.2565,80.0,0.2565,7505072.0,
1753460283113,16:18:03.113,ALGO/USDT:USDT,0.2564,933.0,0.2565,465.0,0.2565,7505072.0,
1753460283215,16:18:03.215,ALGO/USDT:USDT,0.2564,933.0,0.2565,220.0,0.2565,7505072.0,
1753460283316,16:18:03.316,ALGO/USDT:USDT,0.2564,724.0,0.2565,543.0,0.2565,7505072.0,
1753460283419,16:18:03.419,ALGO/USDT:USDT,0.2564,724.0,0.2565,688.0,0.2565,7505072.0,
1753460283532,16:18:03.532,ALGO/USDT:USDT,0.2564,724.0,0.2565,458.0,0.2565,7505072.0,
1753460284792,16:18:04.792,ALGO/USDT:USDT,0.2564,954.0,0.2565,24.0,0.2565,7505072.0,
1753460285010,16:18:05.010,ALGO/USDT:USDT,0.2564,1180.0,0.2565,22.0,0.2565,7505072.0,
1753460285122,16:18:05.122,ALGO/USDT:USDT,0.2564,1182.0,0.2565,24.0,0.2565,7505072.0,
1753460285239,16:18:05.239,ALGO/USDT:USDT,0.2565,1390.0,0.2566,509.0,0.2565,7505096.0,
1753460285342,16:18:05.342,ALGO/USDT:USDT,0.2565,1390.0,0.2566,2.0,0.2565,7505096.0,
1753460285459,16:18:05.459,ALGO/USDT:USDT,0.2565,1467.0,0.2566,2.0,0.2565,7505096.0,
1753460285565,16:18:05.565,ALGO/USDT:USDT,0.2565,1250.0,0.2566,2.0,0.2565,7505096.0,
1753460285669,16:18:05.669,ALGO/USDT:USDT,0.2565,1347.0,0.2566,2.0,0.2565,7505096.0,
1753460285877,16:18:05.877,ALGO/USDT:USDT,0.2565,2480.0,0.2566,2.0,0.2565,7505096.0,
1753460285982,16:18:05.982,ALGO/USDT:USDT,0.2565,2482.0,0.2566,2.0,0.2565,7505096.0,
1753460286092,16:18:06.092,ALGO/USDT:USDT,0.2567,380.0,0.2568,742.0,0.2567,7506885.0,
1753460286316,16:18:06.316,ALGO/USDT:USDT,0.2567,627.0,0.2568,434.0,0.2567,7506885.0,
1753460286525,16:18:06.525,ALGO/USDT:USDT,0.2567,736.0,0.2568,410.0,0.2568,7506911.0,
1753460286656,16:18:06.656,ALGO/USDT:USDT,0.2567,248.0,0.2568,470.0,0.2568,7506911.0,
1753460286769,16:18:06.769,ALGO/USDT:USDT,0.2567,248.0,0.2568,547.0,0.2568,7506911.0,
1753460286877,16:18:06.877,ALGO/USDT:USDT,0.2567,522.0,0.2568,480.0,0.2568,7506911.0,
1753460287004,16:18:07.004,ALGO/USDT:USDT,0.2567,418.0,0.2568,326.0,0.2568,7506911.0,
1753460287328,16:18:07.328,ALGO/USDT:USDT,0.2566,1929.0,0.2568,1373.0,0.2568,7506911.0,
1753460287455,16:18:07.455,ALGO/USDT:USDT,0.2566,2101.0,0.2568,936.0,0.2568,7506911.0,
1753460287566,16:18:07.566,ALGO/USDT:USDT,0.2566,2101.0,0.2568,934.0,0.2568,7506911.0,
1753460287678,16:18:07.678,ALGO/USDT:USDT,0.2566,1929.0,0.2568,934.0,0.2568,7506911.0,
1753460287780,16:18:07.780,ALGO/USDT:USDT,0.2566,1522.0,0.2568,1532.0,0.2568,7506911.0,
1753460288120,16:18:08.120,ALGO/USDT:USDT,0.2567,176.0,0.2568,621.0,0.2568,7506911.0,
1753460288220,16:18:08.220,ALGO/USDT:USDT,0.2566,2491.0,0.2568,1244.0,0.2568,7506911.0,
1753460288346,16:18:08.346,ALGO/USDT:USDT,0.2566,1996.0,0.2568,1751.0,0.2568,7506911.0,
1753460288487,16:18:08.487,ALGO/USDT:USDT,0.2566,1996.0,0.2568,1858.0,0.2568,7506911.0,
1753460288614,16:18:08.614,ALGO/USDT:USDT,0.2566,1851.0,0.2568,1878.0,0.2568,7506911.0,
1753460288846,16:18:08.846,ALGO/USDT:USDT,0.2566,1851.0,0.2568,2056.0,0.2568,7506911.0,
1753460289282,16:18:09.282,ALGO/USDT:USDT,0.2566,772.0,0.2567,362.0,0.2568,7506911.0,
1753460289510,16:18:09.510,ALGO/USDT:USDT,0.2567,160.0,0.2568,1916.0,0.2568,7506911.0,
1753460289614,16:18:09.614,ALGO/USDT:USDT,0.2567,132.0,0.2568,1112.0,0.2568,7506911.0,
1753460289716,16:18:09.716,ALGO/USDT:USDT,0.2567,80.0,0.2568,1470.0,0.2568,7506911.0,
1753460289816,16:18:09.816,ALGO/USDT:USDT,0.2567,547.0,0.2568,517.0,0.2568,7506911.0,
1753460289971,16:18:09.971,ALGO/USDT:USDT,0.2566,3501.0,0.2568,748.0,0.2568,7506911.0,
1753460290078,16:18:10.078,ALGO/USDT:USDT,0.2566,1321.0,0.2568,592.0,0.2568,7506911.0,
1753460290180,16:18:10.180,ALGO/USDT:USDT,0.2566,1321.0,0.2568,1477.0,0.2568,7506911.0,
1753460290412,16:18:10.412,ALGO/USDT:USDT,0.2567,789.0,0.2568,649.0,0.2568,7506911.0,
1753460290513,16:18:10.513,ALGO/USDT:USDT,0.2567,898.0,0.2568,47.0,0.2568,7506911.0,
1753460290727,16:18:10.727,ALGO/USDT:USDT,0.2567,975.0,0.2568,47.0,0.2568,7506911.0,
1753460291113,16:18:11.113,ALGO/USDT:USDT,0.2567,1377.0,0.2568,50.0,0.2568,7506911.0,
1753460291215,16:18:11.215,ALGO/USDT:USDT,0.2567,1449.0,0.2568,50.0,0.2568,7506911.0,
1753460291467,16:18:11.467,ALGO/USDT:USDT,0.2568,740.0,0.2569,455.0,0.2568,7506964.0,
1753460291595,16:18:11.595,ALGO/USDT:USDT,0.2568,713.0,0.2569,455.0,0.2568,7506967.0,
1753460291712,16:18:11.712,ALGO/USDT:USDT,0.2568,688.0,0.2569,455.0,0.2568,7506987.0,
1753460291825,16:18:11.825,ALGO/USDT:USDT,0.2568,595.0,0.2569,617.0,0.2568,7506987.0,
1753460292036,16:18:12.036,ALGO/USDT:USDT,0.2568,862.0,0.2569,367.0,0.2568,7506987.0,
1753460292257,16:18:12.257,ALGO/USDT:USDT,0.2568,862.0,0.2569,1.0,0.2568,7506987.0,
1753460292408,16:18:12.408,ALGO/USDT:USDT,0.2568,1020.0,0.2569,1.0,0.2568,7506987.0,
1753460292614,16:18:12.614,ALGO/USDT:USDT,0.2568,1162.0,0.2569,1.0,0.2568,7506987.0,
1753460292832,16:18:12.832,ALGO/USDT:USDT,0.2568,1320.0,0.2569,1.0,0.2568,7506987.0,
1753460292972,16:18:12.972,ALGO/USDT:USDT,0.2568,1162.0,0.2569,247.0,0.2568,7506987.0,
1753460293113,16:18:13.113,ALGO/USDT:USDT,0.2568,1162.0,0.2569,2.0,0.2568,7506987.0,
1753460293216,16:18:13.216,ALGO/USDT:USDT,0.2568,1067.0,0.2569,183.0,0.2568,7506987.0,
1753460293317,16:18:13.317,ALGO/USDT:USDT,0.2568,1320.0,0.2569,2.0,0.2568,7506987.0,
1753460293420,16:18:13.420,ALGO/USDT:USDT,0.2568,1162.0,0.2569,2.0,0.2568,7506987.0,
1753460293521,16:18:13.521,ALGO/USDT:USDT,0.2568,1067.0,0.2569,447.0,0.2568,7506987.0,
1753460293634,16:18:13.634,ALGO/USDT:USDT,0.2568,1067.0,0.2569,369.0,0.2568,7506987.0,
1753460293743,16:18:13.743,ALGO/USDT:USDT,0.2568,1320.0,0.2569,2.0,0.2568,7506987.0,
1753460293884,16:18:13.884,ALGO/USDT:USDT,0.2568,1162.0,0.2569,2.0,0.2568,7506987.0,
1753460294014,16:18:14.014,ALGO/USDT:USDT,0.2568,1067.0,0.2569,392.0,0.2568,7506987.0,
1753460294616,16:18:14.616,ALGO/USDT:USDT,0.2568,757.0,0.2569,583.0,0.2568,7506987.0,
1753460294719,16:18:14.719,ALGO/USDT:USDT,0.2568,657.0,0.2569,836.0,0.2568,7506987.0,
1753460294874,16:18:14.874,ALGO/USDT:USDT,0.2568,749.0,0.2569,836.0,0.2568,7506987.0,
1753460294979,16:18:14.979,ALGO/USDT:USDT,0.2568,749.0,0.2569,678.0,0.2568,7506987.0,
1753460295110,16:18:15.110,ALGO/USDT:USDT,0.2568,62.0,0.2569,913.0,0.2568,7506987.0,
1753460295212,16:18:15.212,ALGO/USDT:USDT,0.2568,45.0,0.2569,913.0,0.2568,7507006.0,
1753460295314,16:18:15.314,ALGO/USDT:USDT,0.2568,45.0,0.2569,1213.0,0.2568,7507006.0,
1753460295771,16:18:15.771,ALGO/USDT:USDT,0.2568,45.0,0.2569,1053.0,0.2568,7507006.0,
1753460295884,16:18:15.884,ALGO/USDT:USDT,0.2568,45.0,0.2569,1208.0,0.2568,7507006.0,
1753460295985,16:18:15.985,ALGO/USDT:USDT,0.2567,3970.0,0.2569,1282.0,0.2568,7507051.0,
1753460296086,16:18:16.086,ALGO/USDT:USDT,0.2567,982.0,0.2568,908.0,0.2568,7507051.0,
1753460296206,16:18:16.206,ALGO/USDT:USDT,0.2567,1059.0,0.2568,908.0,0.2568,7507051.0,
1753460296316,16:18:16.316,ALGO/USDT:USDT,0.2567,982.0,0.2568,908.0,0.2568,7507051.0,
1753460296419,16:18:16.419,ALGO/USDT:USDT,0.2567,601.0,0.2568,908.0,0.2568,7507051.0,
1753460296571,16:18:16.571,ALGO/USDT:USDT,0.2567,678.0,0.2568,102.0,0.2568,7507051.0,
1753460296701,16:18:16.701,ALGO/USDT:USDT,0.2567,2135.0,0.2569,2526.0,0.2568,7507051.0,
1753460296816,16:18:16.816,ALGO/USDT:USDT,0.2567,2280.0,0.2569,2226.0,0.2568,7507051.0,
1753460296918,16:18:16.918,ALGO/USDT:USDT,0.2567,2135.0,0.2569,2371.0,0.2568,7507051.0,
1753460297205,16:18:17.205,ALGO/USDT:USDT,0.2567,2515.0,0.2569,1593.0,0.2568,7507051.0,
1753460297520,16:18:17.520,ALGO/USDT:USDT,0.2568,793.0,0.2569,854.0,0.2568,7507051.0,
1753460297622,16:18:17.622,ALGO/USDT:USDT,0.2568,882.0,0.2569,777.0,0.2568,7507051.0,
1753460297723,16:18:17.723,ALGO/USDT:USDT,0.2568,1027.0,0.2569,586.0,0.2568,7507051.0,
1753460297942,16:18:17.942,ALGO/USDT:USDT,0.2568,1027.0,0.2569,586.0,0.2568,7507051.0,
1753460298045,16:18:18.045,ALGO/USDT:USDT,0.2569,820.0,0.257,1063.0,0.2569,7507637.0,
1753460298175,16:18:18.175,ALGO/USDT:USDT,0.2569,726.0,0.257,618.0,0.2569,7507637.0,
1753460298636,16:18:18.636,ALGO/USDT:USDT,0.2569,726.0,0.257,460.0,0.2569,7507637.0,
1753460299129,16:18:19.129,ALGO/USDT:USDT,0.2569,726.0,0.257,537.0,0.2569,7507637.0,
1753460299371,16:18:19.371,ALGO/USDT:USDT,0.2569,726.0,0.257,460.0,0.2569,7507637.0,
1753460299608,16:18:19.608,ALGO/USDT:USDT,0.2569,1120.0,0.257,338.0,0.2569,7507637.0,
1753460300915,16:18:20.915,ALGO/USDT:USDT,0.2569,1353.0,0.257,2.0,0.2569,7507637.0,
1753460301016,16:18:21.016,ALGO/USDT:USDT,0.257,948.0,0.2571,116.0,0.2571,7507643.0,
1753460301221,16:18:21.221,ALGO/USDT:USDT,0.257,795.0,0.2571,450.0,0.2571,7507643.0,
1753460301322,16:18:21.322,ALGO/USDT:USDT,0.257,947.0,0.2571,121.0,0.2571,7507643.0,
1753460301424,16:18:21.424,ALGO/USDT:USDT,0.257,795.0,0.2571,123.0,0.2571,7507643.0,
1753460301668,16:18:21.668,ALGO/USDT:USDT,0.257,947.0,0.2571,1.0,0.2571,7507643.0,
1753460302011,16:18:22.011,ALGO/USDT:USDT,0.257,795.0,0.2571,1.0,0.2571,7507643.0,
1753460302212,16:18:22.212,ALGO/USDT:USDT,0.257,1175.0,0.2571,1.0,0.2571,7507643.0,
1753460303015,16:18:23.015,ALGO/USDT:USDT,0.257,1023.0,0.2571,1.0,0.2571,7507643.0,
1753460303217,16:18:23.217,ALGO/USDT:USDT,0.257,1175.0,0.2571,1.0,0.2571,7507643.0,
1753460303702,16:18:23.702,ALGO/USDT:USDT,0.257,1175.0,0.2571,64.0,0.2571,7507643.0,
1753460303812,16:18:23.812,ALGO/USDT:USDT,0.257,932.0,0.2571,167.0,0.2571,7507643.0,
1753460303921,16:18:23.921,ALGO/USDT:USDT,0.257,932.0,0.2571,64.0,0.2571,7507643.0,
1753460304061,16:18:24.061,ALGO/USDT:USDT,0.257,932.0,0.2571,165.0,0.2571,7507643.0,
1753460304187,16:18:24.187,ALGO/USDT:USDT,0.257,415.0,0.2571,165.0,0.2571,7507643.0,
1753460304312,16:18:24.312,ALGO/USDT:USDT,0.257,662.0,0.2571,165.0,0.2571,7507643.0,
1753460304918,16:18:24.918,ALGO/USDT:USDT,0.257,905.0,0.2571,64.0,0.2571,7507643.0,
1753460305310,16:18:25.310,ALGO/USDT:USDT,0.257,662.0,0.2571,126.0,0.2571,7507643.0,
1753460305412,16:18:25.412,ALGO/USDT:USDT,0.257,662.0,0.2571,128.0,0.2571,7507643.0,
1753460305615,16:18:25.615,ALGO/USDT:USDT,0.257,555.0,0.2571,703.0,0.2571,7507643.0,
1753460305817,16:18:25.817,ALGO/USDT:USDT,0.257,437.0,0.2571,462.0,0.2571,7507643.0,
1753460306134,16:18:26.134,ALGO/USDT:USDT,0.257,680.0,0.2571,134.0,0.2571,7507643.0,
1753460306370,16:18:26.370,ALGO/USDT:USDT,0.257,915.0,0.2571,28.0,0.2571,7507643.0,
1753460306475,16:18:26.475,ALGO/USDT:USDT,0.257,1215.0,0.2571,28.0,0.2571,7507643.0,
1753460306578,16:18:26.578,ALGO/USDT:USDT,0.257,672.0,0.2571,125.0,0.2571,7507643.0,
1753460307111,16:18:27.111,ALGO/USDT:USDT,0.257,917.0,0.2571,130.0,0.2571,7507643.0,
1753460307216,16:18:27.216,ALGO/USDT:USDT,0.257,765.0,0.2571,130.0,0.2571,7507643.0,
1753460307369,16:18:27.369,ALGO/USDT:USDT,0.257,917.0,0.2571,28.0,0.2571,7507643.0,
1753460307717,16:18:27.717,ALGO/USDT:USDT,0.257,649.0,0.2571,210.0,0.2571,7507643.0,
1753460307818,16:18:27.818,ALGO/USDT:USDT,0.257,329.0,0.2571,701.0,0.2571,7507643.0,
1753460307945,16:18:27.945,ALGO/USDT:USDT,0.257,331.0,0.2571,703.0,0.2571,7507643.0,
1753460308079,16:18:28.079,ALGO/USDT:USDT,0.257,414.0,0.2571,460.0,0.2571,7507643.0,
1753460308211,16:18:28.211,ALGO/USDT:USDT,0.257,657.0,0.2571,28.0,0.2571,7507643.0,
1753460308423,16:18:28.423,ALGO/USDT:USDT,0.257,414.0,0.2571,428.0,0.2571,7507643.0,
1753460308913,16:18:28.913,ALGO/USDT:USDT,0.257,657.0,0.2571,128.0,0.2571,7507643.0,
1753460309014,16:18:29.014,ALGO/USDT:USDT,0.257,657.0,0.2571,29.0,0.2571,7507643.0,
1753460309372,16:18:29.372,ALGO/USDT:USDT,0.257,705.0,0.2571,29.0,0.2571,7507643.0,
1753460309520,16:18:29.520,ALGO/USDT:USDT,0.257,1005.0,0.2571,29.0,0.2571,7507643.0,
1753460309780,16:18:29.780,ALGO/USDT:USDT,0.257,686.0,0.2571,126.0,0.2571,7507643.0,
1753460310014,16:18:30.014,ALGO/USDT:USDT,0.257,929.0,0.2571,29.0,0.2571,7507643.0,
1753460310522,16:18:30.522,ALGO/USDT:USDT,0.257,686.0,0.2571,154.0,0.2571,7507643.0,
1753460311114,16:18:31.114,ALGO/USDT:USDT,0.2571,621.0,0.2572,606.0,0.2571,7507692.0,
1753460311615,16:18:31.615,ALGO/USDT:USDT,0.2571,710.0,0.2572,606.0,0.2571,7507692.0,
1753460312021,16:18:32.021,ALGO/USDT:USDT,0.2571,132.0,0.2572,905.0,0.2571,7507692.0,
1753460312389,16:18:32.389,ALGO/USDT:USDT,0.257,684.0,0.2572,1601.0,0.2571,7508371.0,
1753460312503,16:18:32.503,ALGO/USDT:USDT,0.257,3956.0,0.2572,1134.0,0.2571,7508371.0,
1753460312619,16:18:32.619,ALGO/USDT:USDT,0.257,2714.0,0.2572,2207.0,0.2571,7508371.0,
1753460312733,16:18:32.733,ALGO/USDT:USDT,0.257,2875.0,0.2572,2046.0,0.2571,7508371.0,
1753460313066,16:18:33.066,ALGO/USDT:USDT,0.2571,328.0,0.2572,1050.0,0.2571,7508371.0,
1753460313172,16:18:33.172,ALGO/USDT:USDT,0.2571,431.0,0.2572,588.0,0.2571,7508371.0,
1753460313276,16:18:33.276,ALGO/USDT:USDT,0.2571,433.0,0.2572,958.0,0.2571,7508371.0,
1753460313388,16:18:33.388,ALGO/USDT:USDT,0.257,1932.0,0.2572,2172.0,0.2571,7508371.0,
1753460313493,16:18:33.493,ALGO/USDT:USDT,0.257,1980.0,0.2572,2326.0,0.2571,7508371.0,
1753460313610,16:18:33.610,ALGO/USDT:USDT,0.257,856.0,0.2571,1007.0,0.2571,7508371.0,
1753460313716,16:18:33.716,ALGO/USDT:USDT,0.257,230.0,0.2571,1344.0,0.2571,7508371.0,
1753460313817,16:18:33.817,ALGO/USDT:USDT,0.257,150.0,0.2571,1344.0,0.2571,7508371.0,
1753460313918,16:18:33.918,ALGO/USDT:USDT,0.257,333.0,0.2571,1183.0,0.2571,7508371.0,
1753460314021,16:18:34.021,ALGO/USDT:USDT,0.257,150.0,0.2571,1344.0,0.2571,7508371.0,
1753460314375,16:18:34.375,ALGO/USDT:USDT,0.257,330.0,0.2571,1086.0,0.2571,7508371.0,
1753460314584,16:18:34.584,ALGO/USDT:USDT,0.257,578.0,0.2571,391.0,0.2571,7508371.0,
1753460314872,16:18:34.872,ALGO/USDT:USDT,0.257,836.0,0.2571,290.0,0.2571,7508371.0,
1753460315208,16:18:35.208,ALGO/USDT:USDT,0.257,578.0,0.2571,467.0,0.2571,7508371.0,
1753460315414,16:18:35.414,ALGO/USDT:USDT,0.257,678.0,0.2571,296.0,0.2571,7508371.0,
1753460316088,16:18:36.088,ALGO/USDT:USDT,0.257,581.0,0.2571,395.0,0.2571,7508371.0,
1753460316315,16:18:36.315,ALGO/USDT:USDT,0.257,581.0,0.2571,475.0,0.2571,7508371.0,
1753460316417,16:18:36.417,ALGO/USDT:USDT,0.257,581.0,0.2571,733.0,0.2571,7508371.0,
1753460316622,16:18:36.622,ALGO/USDT:USDT,0.257,581.0,0.2571,572.0,0.2571,7508371.0,
1753460316836,16:18:36.836,ALGO/USDT:USDT,0.257,581.0,0.2571,269.0,0.2571,7508371.0,
1753460316969,16:18:36.969,ALGO/USDT:USDT,0.257,742.0,0.2571,182.0,0.2571,7508371.0,
1753460317220,16:18:37.220,ALGO/USDT:USDT,0.257,529.0,0.2571,272.0,0.2571,7508371.0,
1753460317370,16:18:37.370,ALGO/USDT:USDT,0.257,829.0,0.2571,182.0,0.2571,7508371.0,
1753460317513,16:18:37.513,ALGO/USDT:USDT,0.257,990.0,0.2571,182.0,0.2571,7508371.0,
1753460317614,16:18:37.614,ALGO/USDT:USDT,0.257,1087.0,0.2571,2.0,0.2571,7508371.0,
1753460317715,16:18:37.715,ALGO/USDT:USDT,0.2571,602.0,0.2572,694.0,0.2571,7508371.0,
1753460317819,16:18:37.819,ALGO/USDT:USDT,0.2571,602.0,0.2572,696.0,0.2571,7508371.0,
1753460317921,16:18:37.921,ALGO/USDT:USDT,0.2571,602.0,0.2572,850.0,0.2571,7508371.0,
1753460318025,16:18:38.025,ALGO/USDT:USDT,0.2571,486.0,0.2572,1011.0,0.2571,7508371.0,
1753460318172,16:18:38.172,ALGO/USDT:USDT,0.257,1359.0,0.2572,2273.0,0.2571,7508371.0,
1753460318413,16:18:38.413,ALGO/USDT:USDT,0.257,1359.0,0.2572,2311.0,0.2571,7508371.0,
1753460318620,16:18:38.620,ALGO/USDT:USDT,0.257,1359.0,0.2572,2017.0,0.2571,7508371.0,
1753460318873,16:18:38.873,ALGO/USDT:USDT,0.257,1520.0,0.2572,2017.0,0.2571,7508371.0,
1753460319314,16:18:39.314,ALGO/USDT:USDT,0.2571,1264.0,0.2572,521.0,0.2571,7508371.0,
1753460319416,16:18:39.416,ALGO/USDT:USDT,0.2571,1103.0,0.2572,494.0,0.2571,7508371.0,
1753460319551,16:18:39.551,ALGO/USDT:USDT,0.2571,247.0,0.2572,1177.0,0.2571,7508371.0,
1753460319788,16:18:39.788,ALGO/USDT:USDT,0.257,748.0,0.2571,146.0,0.2571,7508371.0,
1753460319888,16:18:39.888,ALGO/USDT:USDT,0.257,750.0,0.2571,146.0,0.2571,7508371.0,
1753460320016,16:18:40.016,ALGO/USDT:USDT,0.257,750.0,0.2571,236.0,0.2571,7508371.0,
1753460320294,16:18:40.294,ALGO/USDT:USDT,0.257,833.0,0.2571,146.0,0.2571,7508371.0,
1753460320623,16:18:40.623,ALGO/USDT:USDT,0.257,533.0,0.2571,226.0,0.2571,7508371.0,
1753460320725,16:18:40.725,ALGO/USDT:USDT,0.257,446.0,0.2571,599.0,0.2571,7508371.0,
1753460320929,16:18:40.929,ALGO/USDT:USDT,0.2569,3857.0,0.2571,1018.0,0.257,7508467.0,
1753460321060,16:18:41.060,ALGO/USDT:USDT,0.2569,403.0,0.257,1052.0,0.257,7508467.0,
1753460321173,16:18:41.173,ALGO/USDT:USDT,0.2569,223.0,0.257,1205.0,0.257,7508467.0,
1753460321290,16:18:41.290,ALGO/USDT:USDT,0.2568,1175.0,0.2569,144.0,0.2569,7508471.0,
1753460321398,16:18:41.398,ALGO/USDT:USDT,0.2568,890.0,0.2569,146.0,0.2569,7508471.0,
1753460321509,16:18:41.509,ALGO/USDT:USDT,0.2568,890.0,0.2569,313.0,0.2569,7508471.0,
1753460321612,16:18:41.612,ALGO/USDT:USDT,0.2568,895.0,0.2569,146.0,0.2569,7508471.0,
1753460321724,16:18:41.724,ALGO/USDT:USDT,0.2569,188.0,0.257,1858.0,0.2569,7508471.0,
1753460321829,16:18:41.829,ALGO/USDT:USDT,0.2568,4138.0,0.257,2157.0,0.2569,7508471.0,
1753460321974,16:18:41.974,ALGO/USDT:USDT,0.2569,1079.0,0.257,901.0,0.2569,7508471.0,
1753460322179,16:18:42.179,ALGO/USDT:USDT,0.2569,1081.0,0.257,901.0,0.2569,7508471.0,
1753460322412,16:18:42.412,ALGO/USDT:USDT,0.2569,791.0,0.257,1055.0,0.2569,7508471.0,
1753460322519,16:18:42.519,ALGO/USDT:USDT,0.2569,80.0,0.257,1212.0,0.2569,7508471.0,
1753460322621,16:18:42.621,ALGO/USDT:USDT,0.2568,3945.0,0.257,2271.0,0.2569,7508471.0,
1753460323216,16:18:43.216,ALGO/USDT:USDT,0.2569,142.0,0.257,1001.0,0.2569,7508471.0,
1753460323317,16:18:43.317,ALGO/USDT:USDT,0.2569,145.0,0.257,1252.0,0.2569,7508471.0,
1753460323567,16:18:43.567,ALGO/USDT:USDT,0.2569,145.0,0.257,1167.0,0.2569,7508471.0,
1753460323912,16:18:43.912,ALGO/USDT:USDT,0.2569,239.0,0.257,762.0,0.2569,7508471.0,
1753460324229,16:18:44.229,ALGO/USDT:USDT,0.2568,890.0,0.2569,2.0,0.2569,7508616.0,
1753460324442,16:18:44.442,ALGO/USDT:USDT,0.2568,819.0,0.2569,224.0,0.2569,7508748.0,
1753460324567,16:18:44.567,ALGO/USDT:USDT,0.2568,2155.0,0.257,2713.0,0.2569,7508748.0,
1753460324714,16:18:44.714,ALGO/USDT:USDT,0.2568,864.0,0.2569,337.0,0.2569,7508748.0,
1753460324822,16:18:44.822,ALGO/USDT:USDT,0.2568,799.0,0.2569,432.0,0.2569,7508748.0,
1753460324929,16:18:44.929,ALGO/USDT:USDT,0.2568,799.0,0.2569,2.0,0.2569,7508748.0,
1753460325189,16:18:45.189,ALGO/USDT:USDT,0.2569,137.0,0.257,1374.0,0.2569,7508748.0,
1753460325293,16:18:45.293,ALGO/USDT:USDT,0.2569,137.0,0.257,1216.0,0.2569,7508748.0,
1753460325619,16:18:45.619,ALGO/USDT:USDT,0.2569,539.0,0.257,2634.0,0.2569,7508748.0,
1753460325770,16:18:45.770,ALGO/USDT:USDT,0.2569,541.0,0.257,1386.0,0.2569,7508748.0,
1753460325920,16:18:45.920,ALGO/USDT:USDT,0.2568,764.0,0.2569,146.0,0.2569,7508748.0,
1753460326043,16:18:46.043,ALGO/USDT:USDT,0.2568,890.0,0.2569,146.0,0.2569,7508748.0,
1753460326314,16:18:46.314,ALGO/USDT:USDT,0.2569,397.0,0.257,1690.0,0.2569,7508748.0,
1753460326415,16:18:46.415,ALGO/USDT:USDT,0.2569,132.0,0.257,1928.0,0.2569,7508748.0,
1753460326772,16:18:46.772,ALGO/USDT:USDT,0.2569,132.0,0.257,1774.0,0.2569,7508748.0,
1753460326912,16:18:46.912,ALGO/USDT:USDT,0.2569,132.0,0.257,1932.0,0.2569,7508748.0,
1753460327519,16:18:47.519,ALGO/USDT:USDT,0.2567,738.0,0.2568,709.0,0.2569,7508748.0,
1753460327635,16:18:47.635,ALGO/USDT:USDT,0.2567,524.0,0.2568,709.0,0.2569,7508748.0,
1753460327873,16:18:47.873,ALGO/USDT:USDT,0.2567,248.0,0.2568,1057.0,0.2569,7508748.0,
1753460327983,16:18:47.983,ALGO/USDT:USDT,0.2566,4006.0,0.2568,1057.0,0.2569,7508748.0,
1753460328099,16:18:48.099,ALGO/USDT:USDT,0.2566,4006.0,0.2568,1530.0,0.2569,7508748.0,
1753460328332,16:18:48.332,ALGO/USDT:USDT,0.2567,582.0,0.2568,962.0,0.2569,7508748.0,
1753460328714,16:18:48.714,ALGO/USDT:USDT,0.2567,478.0,0.2568,962.0,0.2569,7508748.0,
1753460328817,16:18:48.817,ALGO/USDT:USDT,0.2566,6237.0,0.2568,1057.0,0.2567,7509226.0,
1753460328918,16:18:48.918,ALGO/USDT:USDT,0.2566,562.0,0.2567,685.0,0.2567,7509226.0,
1753460329018,16:18:49.018,ALGO/USDT:USDT,0.2566,422.0,0.2567,852.0,0.2567,7509226.0,
1753460329137,16:18:49.137,ALGO/USDT:USDT,0.2566,735.0,0.2567,146.0,0.2567,7509226.0,
1753460329280,16:18:49.280,ALGO/USDT:USDT,0.2566,735.0,0.2567,144.0,0.2567,7509226.0,
1753460329415,16:18:49.415,ALGO/USDT:USDT,0.2566,735.0,0.2567,146.0,0.2567,7509226.0,
1753460329639,16:18:49.639,ALGO/USDT:USDT,0.2566,435.0,0.2567,226.0,0.2567,7509226.0,
1753460329885,16:18:49.885,ALGO/USDT:USDT,0.2566,435.0,0.2567,324.0,0.2567,7509226.0,
1753460330312,16:18:50.312,ALGO/USDT:USDT,0.2566,435.0,0.2567,146.0,0.2567,7509226.0,
1753460330773,16:18:50.773,ALGO/USDT:USDT,0.2566,435.0,0.2567,190.0,0.2567,7509226.0,
1753460330879,16:18:50.879,ALGO/USDT:USDT,0.2566,1765.0,0.2568,1735.0,0.2567,7509226.0,
1753460330982,16:18:50.982,ALGO/USDT:USDT,0.2566,1763.0,0.2568,2002.0,0.2567,7509226.0,
1753460331242,16:18:51.242,ALGO/USDT:USDT,0.2567,75.0,0.2568,1063.0,0.2567,7509226.0,
1753460331363,16:18:51.363,ALGO/USDT:USDT,0.2567,75.0,0.2568,1058.0,0.2567,7509226.0,
1753460332329,16:18:52.329,ALGO/USDT:USDT,0.2567,75.0,0.2568,1158.0,0.2567,7509226.0,
1753460332431,16:18:52.431,ALGO/USDT:USDT,0.2566,652.0,0.2567,753.0,0.2567,7509301.0,
1753460332537,16:18:52.537,ALGO/USDT:USDT,0.2566,669.0,0.2567,566.0,0.2567,7509301.0,
1753460333015,16:18:53.015,ALGO/USDT:USDT,0.2566,1608.0,0.2568,1676.0,0.2567,7509301.0,
1753460333118,16:18:53.118,ALGO/USDT:USDT,0.2566,1872.0,0.2568,1511.0,0.2567,7509301.0,
1753460333221,16:18:53.221,ALGO/USDT:USDT,0.2566,1707.0,0.2568,1676.0,0.2567,7509301.0,
1753460333324,16:18:53.324,ALGO/USDT:USDT,0.2566,544.0,0.2567,704.0,0.2567,7509301.0,
1753460333427,16:18:53.427,ALGO/USDT:USDT,0.2566,542.0,0.2567,704.0,0.2567,7509301.0,
1753460333785,16:18:53.785,ALGO/USDT:USDT,0.2566,1.0,0.2567,704.0,0.2567,7509301.0,
1753460334120,16:18:54.120,ALGO/USDT:USDT,0.2566,987.0,0.2567,266.0,0.2567,7509301.0,
1753460334267,16:18:54.267,ALGO/USDT:USDT,0.2566,989.0,0.2567,20.0,0.2567,7509301.0,
1753460334513,16:18:54.513,ALGO/USDT:USDT,0.2566,425.0,0.2567,305.0,0.2567,7509301.0,
1753460334722,16:18:54.722,ALGO/USDT:USDT,0.2566,425.0,0.2567,307.0,0.2567,7509301.0,
1753460335153,16:18:55.153,ALGO/USDT:USDT,0.2566,179.0,0.2567,472.0,0.2567,7509301.0,
1753460335257,16:18:55.257,ALGO/USDT:USDT,0.2566,179.0,0.2567,307.0,0.2567,7509301.0,
1753460335504,16:18:55.504,ALGO/USDT:USDT,0.2566,1.0,0.2567,991.0,0.2567,7509301.0,
1753460335718,16:18:55.718,ALGO/USDT:USDT,0.2566,420.0,0.2567,556.0,0.2567,7509301.0,
1753460335819,16:18:55.819,ALGO/USDT:USDT,0.2566,686.0,0.2567,556.0,0.2567,7509301.0,
1753460335925,16:18:55.925,ALGO/USDT:USDT,0.2566,422.0,0.2567,23.0,0.2567,7509301.0,
1753460336184,16:18:56.184,ALGO/USDT:USDT,0.2566,587.0,0.2567,23.0,0.2567,7509301.0,
1753460336290,16:18:56.290,ALGO/USDT:USDT,0.2566,686.0,0.2567,23.0,0.2567,7509301.0,
1753460337128,16:18:57.128,ALGO/USDT:USDT,0.2566,986.0,0.2567,23.0,0.2567,7509301.0,
1753460337395,16:18:57.395,ALGO/USDT:USDT,0.2566,686.0,0.2567,23.0,0.2567,7509301.0,
1753460337614,16:18:57.614,ALGO/USDT:USDT,0.2566,686.0,0.2568,1941.0,0.2567,7509324.0,
1753460337819,16:18:57.819,ALGO/USDT:USDT,0.2567,621.0,0.2568,178.0,0.2567,7509324.0,
1753460337920,16:18:57.920,ALGO/USDT:USDT,0.2567,832.0,0.2568,178.0,0.2567,7509324.0,
1753460338614,16:18:58.614,ALGO/USDT:USDT,0.2567,735.0,0.2568,204.0,0.2567,7509324.0,
1753460338718,16:18:58.718,ALGO/USDT:USDT,0.2566,424.0,0.2567,96.0,0.2567,7509324.0,
1753460338940,16:18:58.940,ALGO/USDT:USDT,0.2566,426.0,0.2567,367.0,0.2567,7509324.0,
1753460339058,16:18:59.058,ALGO/USDT:USDT,0.2566,426.0,0.2567,528.0,0.2567,7509324.0,
1753460339198,16:18:59.198,ALGO/USDT:USDT,0.2566,426.0,0.2567,270.0,0.2567,7509324.0,
1753460339412,16:18:59.412,ALGO/USDT:USDT,0.2566,1707.0,0.2568,2045.0,0.2567,7509324.0,
1753460339513,16:18:59.513,ALGO/USDT:USDT,0.2566,1804.0,0.2568,2206.0,0.2567,7509324.0,
1753460339776,16:18:59.776,ALGO/USDT:USDT,0.2566,1804.0,0.2568,2303.0,0.2567,7509324.0,
1753460340146,16:19:00.146,ALGO/USDT:USDT,0.2566,314.0,0.2567,1002.0,0.2567,7505659.0,
1753460340252,16:19:00.252,ALGO/USDT:USDT,0.2566,1.0,0.2567,1004.0,0.2567,7505659.0,
1753460340516,16:19:00.516,ALGO/USDT:USDT,0.2565,1472.0,0.2567,1740.0,0.2566,7505660.0,
1753460340616,16:19:00.616,ALGO/USDT:USDT,0.2565,1.0,0.2566,838.0,0.2566,7505660.0,
1753460340854,16:19:00.854,ALGO/USDT:USDT,0.2565,1.0,0.2566,1208.0,0.2566,7505660.0,
1753460341319,16:19:01.319,ALGO/USDT:USDT,0.2565,425.0,0.2566,473.0,0.2566,7505660.0,
1753460341427,16:19:01.427,ALGO/USDT:USDT,0.2565,1.0,0.2566,827.0,0.2566,7505660.0,
1753460341669,16:19:01.669,ALGO/USDT:USDT,0.2565,1.0,0.2566,1029.0,0.2566,7505660.0,
1753460342233,16:19:02.233,ALGO/USDT:USDT,0.2565,424.0,0.2566,584.0,0.2566,7505660.0,
1753460342713,16:19:02.713,ALGO/USDT:USDT,0.2565,344.0,0.2566,742.0,0.2566,7505660.0,
1753460342819,16:19:02.819,ALGO/USDT:USDT,0.2565,179.0,0.2566,584.0,0.2566,7505660.0,
1753460342974,16:19:02.974,ALGO/USDT:USDT,0.2565,181.0,0.2566,584.0,0.2566,7505660.0,
1753460343108,16:19:03.108,ALGO/USDT:USDT,0.2565,181.0,0.2566,884.0,0.2566,7505660.0,
1753460343212,16:19:03.212,ALGO/USDT:USDT,0.2565,1.0,0.2566,1137.0,0.2566,7505660.0,
1753460343523,16:19:03.523,ALGO/USDT:USDT,0.2565,344.0,0.2566,584.0,0.2566,7505660.0,
1753460344111,16:19:04.111,ALGO/USDT:USDT,0.2565,677.0,0.2566,257.0,0.2566,7505660.0,
1753460344317,16:19:04.317,ALGO/USDT:USDT,0.2565,424.0,0.2566,355.0,0.2566,7505660.0,
1753460344472,16:19:04.472,ALGO/USDT:USDT,0.2565,424.0,0.2566,433.0,0.2566,7505660.0,
1753460344587,16:19:04.587,ALGO/USDT:USDT,0.2565,424.0,0.2566,436.0,0.2566,7505660.0,
1753460344816,16:19:04.816,ALGO/USDT:USDT,0.2565,344.0,0.2566,436.0,0.2566,7505660.0,
1753460345263,16:19:05.263,ALGO/USDT:USDT,0.2565,787.0,0.2566,13.0,0.2566,7505660.0,
1753460345370,16:19:05.370,ALGO/USDT:USDT,0.2565,864.0,0.2567,1684.0,0.2566,7505672.0,
1753460345490,16:19:05.490,ALGO/USDT:USDT,0.2566,2454.0,0.2568,2466.0,0.2566,7505672.0,
1753460345602,16:19:05.602,ALGO/USDT:USDT,0.2567,633.0,0.2568,780.0,0.2566,7505672.0,
1753460345711,16:19:05.711,ALGO/USDT:USDT,0.2567,635.0,0.2568,797.0,0.2566,7505672.0,
1753460345824,16:19:05.824,ALGO/USDT:USDT,0.2567,543.0,0.2568,797.0,0.2566,7505672.0,
1753460345932,16:19:05.932,ALGO/USDT:USDT,0.2567,1.0,0.2568,1609.0,0.2566,7505672.0,
1753460346202,16:19:06.202,ALGO/USDT:USDT,0.2567,1.0,0.2568,1064.0,0.2566,7505672.0,
1753460346438,16:19:06.438,ALGO/USDT:USDT,0.2567,1.0,0.2568,1217.0,0.2566,7505672.0,
1753460346676,16:19:06.676,ALGO/USDT:USDT,0.2567,1.0,0.2568,1064.0,0.2566,7505672.0,
1753460346911,16:19:06.911,ALGO/USDT:USDT,0.2567,694.0,0.2568,358.0,0.2566,7505672.0,
1753460347023,16:19:07.023,ALGO/USDT:USDT,0.2567,1.0,0.2568,543.0,0.2566,7505672.0,
1753460347123,16:19:07.123,ALGO/USDT:USDT,0.2567,679.0,0.2568,278.0,0.2566,7505672.0,
1753460347268,16:19:07.268,ALGO/USDT:USDT,0.2567,526.0,0.2568,384.0,0.2566,7505672.0,
1753460347410,16:19:07.410,ALGO/USDT:USDT,0.2567,679.0,0.2568,278.0,0.2566,7505672.0,
1753460347615,16:19:07.615,ALGO/USDT:USDT,0.2567,533.0,0.2568,885.0,0.2566,7505672.0,
1753460347768,16:19:07.768,ALGO/USDT:USDT,0.2567,533.0,0.2568,806.0,0.2566,7505672.0,
1753460348315,16:19:08.315,ALGO/USDT:USDT,0.2567,1078.0,0.2568,31.0,0.2566,7505672.0,
1753460348416,16:19:08.416,ALGO/USDT:USDT,0.2567,533.0,0.2568,397.0,0.2566,7505672.0,
1753460348520,16:19:08.520,ALGO/USDT:USDT,0.2567,532.0,0.2568,397.0,0.2566,7505672.0,
1753460348623,16:19:08.623,ALGO/USDT:USDT,0.2567,780.0,0.2568,31.0,0.2566,7505672.0,
1753460349317,16:19:09.317,ALGO/USDT:USDT,0.2567,898.0,0.2568,31.0,0.2566,7505672.0,
1753460349424,16:19:09.424,ALGO/USDT:USDT,0.2567,544.0,0.2568,610.0,0.2566,7505672.0,
1753460349567,16:19:09.567,ALGO/USDT:USDT,0.2567,653.0,0.2568,459.0,0.2566,7505672.0,
1753460350015,16:19:10.015,ALGO/USDT:USDT,0.2567,806.0,0.2568,459.0,0.2566,7505672.0,
1753460350271,16:19:10.271,ALGO/USDT:USDT,0.2567,898.0,0.2568,459.0,0.2566,7505672.0,
1753460350377,16:19:10.377,ALGO/USDT:USDT,0.2567,653.0,0.2568,459.0,0.2566,7505672.0,
1753460350492,16:19:10.492,ALGO/USDT:USDT,0.2567,172.0,0.2568,788.0,0.2566,7505672.0,
1753460350616,16:19:10.616,ALGO/USDT:USDT,0.2567,3.0,0.2568,1308.0,0.2566,7505672.0,
1753460350716,16:19:10.716,ALGO/USDT:USDT,0.2567,83.0,0.2568,1157.0,0.2566,7505672.0,
1753460350819,16:19:10.819,ALGO/USDT:USDT,0.2567,3.0,0.2568,1310.0,0.2566,7505672.0,
1753460351068,16:19:11.068,ALGO/USDT:USDT,0.2567,3.0,0.2568,1310.0,0.2566,7505672.0,
1753460351177,16:19:11.177,ALGO/USDT:USDT,0.2567,178.0,0.2568,1065.0,0.2566,7505672.0,
1753460351300,16:19:11.300,ALGO/USDT:USDT,0.2567,3.0,0.2568,1154.0,0.2566,7505672.0,
1753460351416,16:19:11.416,ALGO/USDT:USDT,0.2566,3468.0,0.2567,254.0,0.2567,7505675.0,
1753460351517,16:19:11.517,ALGO/USDT:USDT,0.2566,182.0,0.2567,676.0,0.2567,7505675.0,
1753460351625,16:19:11.625,ALGO/USDT:USDT,0.2566,116.0,0.2567,676.0,0.2567,7505675.0,
1753460352006,16:19:12.006,ALGO/USDT:USDT,0.2567,96.0,0.2568,1619.0,0.2567,7505675.0,
1753460352111,16:19:12.111,ALGO/USDT:USDT,0.2567,265.0,0.2568,1064.0,0.2567,7505675.0,
1753460352214,16:19:12.214,ALGO/USDT:USDT,0.2567,265.0,0.2568,1066.0,0.2567,7505675.0,
1753460352331,16:19:12.331,ALGO/USDT:USDT,0.2567,185.0,0.2568,1066.0,0.2567,7505675.0,
1753460352436,16:19:12.436,ALGO/USDT:USDT,0.2567,187.0,0.2568,1064.0,0.2567,7505675.0,
1753460352548,16:19:12.548,ALGO/USDT:USDT,0.2567,605.0,0.2568,385.0,0.2567,7505675.0,
1753460352678,16:19:12.678,ALGO/USDT:USDT,0.2567,515.0,0.2568,384.0,0.2567,7505675.0,
1753460352789,16:19:12.789,ALGO/USDT:USDT,0.2567,605.0,0.2568,33.0,0.2567,7505675.0,
1753460353019,16:19:13.019,ALGO/USDT:USDT,0.2567,982.0,0.2568,33.0,0.2567,7505675.0,
1753460353373,16:19:13.373,ALGO/USDT:USDT,0.2567,984.0,0.2568,33.0,0.2567,7505675.0,
1753460353494,16:19:13.494,ALGO/USDT:USDT,0.2567,1048.0,0.2569,2299.0,0.2568,7505708.0,
1753460353715,16:19:13.715,ALGO/USDT:USDT,0.2568,989.0,0.2569,714.0,0.2568,7505708.0,
1753460353822,16:19:13.822,ALGO/USDT:USDT,0.2568,989.0,0.2569,560.0,0.2568,7505708.0,
1753460354078,16:19:14.078,ALGO/USDT:USDT,0.2568,735.0,0.2569,560.0,0.2568,7505708.0,
1753460354219,16:19:14.219,ALGO/USDT:USDT,0.2568,621.0,0.2569,797.0,0.2568,7505708.0,
1753460354370,16:19:14.370,ALGO/USDT:USDT,0.2567,2029.0,0.2569,2064.0,0.2568,7505708.0,
1753460354616,16:19:14.616,ALGO/USDT:USDT,0.2568,442.0,0.2569,1082.0,0.2568,7505708.0,
1753460355572,16:19:15.572,ALGO/USDT:USDT,0.2567,1838.0,0.2569,2290.0,0.2568,7505708.0,
1753460355676,16:19:15.676,ALGO/USDT:USDT,0.2568,96.0,0.2569,554.0,0.2568,7505708.0,
1753460355817,16:19:15.817,ALGO/USDT:USDT,0.2567,1738.0,0.2569,2271.0,0.2568,7505708.0,
1753460356095,16:19:16.095,ALGO/USDT:USDT,0.2568,362.0,0.2569,1534.0,0.2568,7505708.0,
1753460356212,16:19:16.212,ALGO/USDT:USDT,0.2568,362.0,0.2569,1159.0,0.2568,7505708.0,
1753460356473,16:19:16.473,ALGO/USDT:USDT,0.2568,272.0,0.2569,824.0,0.2568,7505708.0,
1753460356805,16:19:16.805,ALGO/USDT:USDT,0.2568,493.0,0.2569,473.0,0.2568,7505708.0,
1753460356913,16:19:16.913,ALGO/USDT:USDT,0.2568,793.0,0.2569,459.0,0.2568,7505708.0,
1753460357017,16:19:17.017,ALGO/USDT:USDT,0.2568,793.0,0.2569,108.0,0.2568,7505708.0,
1753460357232,16:19:17.232,ALGO/USDT:USDT,0.2568,793.0,0.2569,31.0,0.2568,7505708.0,
1753460357575,16:19:17.575,ALGO/USDT:USDT,0.2568,655.0,0.2569,111.0,0.2568,7505708.0,
1753460357718,16:19:17.718,ALGO/USDT:USDT,0.2568,572.0,0.2569,133.0,0.2568,7505708.0,
1753460357871,16:19:17.871,ALGO/USDT:USDT,0.2568,793.0,0.2569,31.0,0.2568,7505708.0,
1753460358012,16:19:18.012,ALGO/USDT:USDT,0.2568,655.0,0.2569,31.0,0.2568,7505708.0,
1753460358116,16:19:18.116,ALGO/USDT:USDT,0.2568,572.0,0.2569,124.0,0.2568,7505708.0,
1753460358374,16:19:18.374,ALGO/USDT:USDT,0.2568,572.0,0.2569,377.0,0.2568,7505708.0,
1753460358483,16:19:18.483,ALGO/USDT:USDT,0.2568,1139.0,0.2569,31.0,0.2568,7505708.0,
1753460358589,16:19:18.589,ALGO/USDT:USDT,0.2568,1277.0,0.2569,31.0,0.2568,7505708.0,
1753460359312,16:19:19.312,ALGO/USDT:USDT,0.2568,1139.0,0.2569,31.0,0.2568,7505708.0,
1753460359422,16:19:19.422,ALGO/USDT:USDT,0.2568,1277.0,0.2569,31.0,0.2568,7505708.0,
1753460359818,16:19:19.818,ALGO/USDT:USDT,0.2568,1139.0,0.2569,31.0,0.2568,7505708.0,
1753460360733,16:19:20.733,ALGO/USDT:USDT,0.2568,1.0,0.2569,1027.0,0.2568,7505708.0,
1753460361419,16:19:21.419,ALGO/USDT:USDT,0.2567,1093.0,0.2568,40.0,0.2568,7505708.0,
1753460361542,16:19:21.542,ALGO/USDT:USDT,0.2567,827.0,0.2568,40.0,0.2568,7505708.0,
1753460361696,16:19:21.696,ALGO/USDT:USDT,0.2568,1069.0,0.2569,31.0,0.2568,7505748.0,
1753460361805,16:19:21.805,ALGO/USDT:USDT,0.2568,1440.0,0.2569,31.0,0.2568,7505748.0,
1753460361912,16:19:21.912,ALGO/USDT:USDT,0.2568,1442.0,0.2569,31.0,0.2568,7505748.0,
1753460362370,16:19:22.370,ALGO/USDT:USDT,0.2568,1071.0,0.2569,122.0,0.2568,7505748.0,
1753460362475,16:19:22.475,ALGO/USDT:USDT,0.2568,1015.0,0.2569,123.0,0.2568,7505748.0,
1753460362713,16:19:22.713,ALGO/USDT:USDT,0.2568,1096.0,0.2569,31.0,0.2568,7505748.0,
1753460362818,16:19:22.818,ALGO/USDT:USDT,0.2568,1015.0,0.2569,123.0,0.2568,7505748.0,
1753460362926,16:19:22.926,ALGO/USDT:USDT,0.2568,1015.0,0.2569,125.0,0.2568,7505748.0,
1753460363400,16:19:23.400,ALGO/USDT:USDT,0.2568,1096.0,0.2569,31.0,0.2568,7505748.0,
1753460363519,16:19:23.519,ALGO/USDT:USDT,0.2568,1232.0,0.257,2699.0,0.2569,7505779.0,
1753460363673,16:19:23.673,ALGO/USDT:USDT,0.2569,1068.0,0.257,554.0,0.2569,7505779.0,
1753460363911,16:19:23.911,ALGO/USDT:USDT,0.2569,1068.0,0.257,474.0,0.2569,7505779.0,
1753460364214,16:19:24.214,ALGO/USDT:USDT,0.2569,1201.0,0.257,130.0,0.2569,7505779.0,
1753460364416,16:19:24.416,ALGO/USDT:USDT,0.2569,1201.0,0.2571,3392.0,0.257,7505909.0,
1753460364517,16:19:24.517,ALGO/USDT:USDT,0.257,1067.0,0.2571,25.0,0.257,7505909.0,
1753460364771,16:19:24.771,ALGO/USDT:USDT,0.257,1429.0,0.2571,25.0,0.257,7505909.0,
1753460364911,16:19:24.911,ALGO/USDT:USDT,0.257,1218.0,0.2571,117.0,0.257,7505909.0,
1753460365012,16:19:25.012,ALGO/USDT:USDT,0.257,988.0,0.2571,194.0,0.257,7505909.0,
1753460365331,16:19:25.331,ALGO/USDT:USDT,0.257,1220.0,0.2571,117.0,0.257,7505909.0,
1753460365480,16:19:25.480,ALGO/USDT:USDT,0.257,1220.0,0.2571,119.0,0.257,7505909.0,
1753460365611,16:19:25.611,ALGO/USDT:USDT,0.257,1220.0,0.2571,25.0,0.257,7505909.0,
1753460365916,16:19:25.916,ALGO/USDT:USDT,0.257,1220.0,0.2571,28.0,0.257,7505909.0,
1753460366022,16:19:26.022,ALGO/USDT:USDT,0.257,1009.0,0.2571,122.0,0.257,7505909.0,
1753460366741,16:19:26.741,ALGO/USDT:USDT,0.2571,697.0,0.2572,433.0,0.2571,7505937.0,
1753460366850,16:19:26.850,ALGO/USDT:USDT,0.2571,555.0,0.2572,337.0,0.2571,7505937.0,
1753460367076,16:19:27.076,ALGO/USDT:USDT,0.2571,225.0,0.2572,493.0,0.2571,7505937.0,
1753460367290,16:19:27.290,ALGO/USDT:USDT,0.2571,303.0,0.2572,493.0,0.2571,7505937.0,
1753460367410,16:19:27.410,ALGO/USDT:USDT,0.2571,305.0,0.2572,493.0,0.2571,7505937.0,
1753460367902,16:19:27.902,ALGO/USDT:USDT,0.2571,305.0,0.2572,361.0,0.2571,7505937.0,
1753460368383,16:19:28.383,ALGO/USDT:USDT,0.2571,305.0,0.2572,281.0,0.2571,7505937.0,
1753460368510,16:19:28.510,ALGO/USDT:USDT,0.2571,305.0,0.2572,128.0,0.2571,7505937.0,
1753460368612,16:19:28.612,ALGO/USDT:USDT,0.2571,305.0,0.2572,180.0,0.2571,7505937.0,
1753460368923,16:19:28.923,ALGO/USDT:USDT,0.2571,751.0,0.2572,89.0,0.2571,7505937.0,
1753460369136,16:19:29.136,ALGO/USDT:USDT,0.2571,828.0,0.2572,89.0,0.2571,7505937.0,
1753460369273,16:19:29.273,ALGO/USDT:USDT,0.2571,702.0,0.2572,89.0,0.2571,7505937.0,
1753460369386,16:19:29.386,ALGO/USDT:USDT,0.2571,749.0,0.2572,185.0,0.2571,7505937.0,
1753460369510,16:19:29.510,ALGO/USDT:USDT,0.2571,749.0,0.2572,89.0,0.2571,7505937.0,
1753460369716,16:19:29.716,ALGO/USDT:USDT,0.2571,875.0,0.2572,89.0,0.2571,7505937.0,
1753460369818,16:19:29.818,ALGO/USDT:USDT,0.2571,749.0,0.2572,89.0,0.2571,7505937.0,
1753460369924,16:19:29.924,ALGO/USDT:USDT,0.2571,875.0,0.2572,89.0,0.2571,7505937.0,
1753460370174,16:19:30.174,ALGO/USDT:USDT,0.2571,673.0,0.2572,188.0,0.2571,7505937.0,
1753460370294,16:19:30.294,ALGO/USDT:USDT,0.2571,607.0,0.2572,188.0,0.2571,7505937.0,
1753460370411,16:19:30.411,ALGO/USDT:USDT,0.2571,607.0,0.2572,184.0,0.2571,7505937.0,
1753460370512,16:19:30.512,ALGO/USDT:USDT,0.2571,607.0,0.2572,186.0,0.2571,7505937.0,
1753460370739,16:19:30.739,ALGO/USDT:USDT,0.2571,607.0,0.2572,87.0,0.2571,7505937.0,
1753460370881,16:19:30.881,ALGO/USDT:USDT,0.2571,607.0,0.2572,184.0,0.2571,7505937.0,
1753460373391,16:19:33.391,ALGO/USDT:USDT,0.257,676.0,0.2571,151.0,0.2571,7506003.0,
1753460373511,16:19:33.511,ALGO/USDT:USDT,0.257,696.0,0.2571,53.0,0.2571,7506003.0,
1753460373840,16:19:33.840,ALGO/USDT:USDT,0.257,696.0,0.2571,152.0,0.2571,7506003.0,
1753460374312,16:19:34.312,ALGO/USDT:USDT,0.257,696.0,0.2571,232.0,0.2571,7506003.0,
1753460375031,16:19:35.031,ALGO/USDT:USDT,0.257,696.0,0.2571,346.0,0.2571,7506003.0,
1753460375174,16:19:35.174,ALGO/USDT:USDT,0.257,696.0,0.2571,53.0,0.2571,7506003.0,
1753460375414,16:19:35.414,ALGO/USDT:USDT,0.257,696.0,0.2571,146.0,0.2571,7506003.0,
1753460375625,16:19:35.625,ALGO/USDT:USDT,0.257,696.0,0.2571,53.0,0.2571,7506003.0,
1753460375891,16:19:35.891,ALGO/USDT:USDT,0.257,696.0,0.2571,410.0,0.2571,7506003.0,
1753460376428,16:19:36.428,ALGO/USDT:USDT,0.257,696.0,0.2571,228.0,0.2571,7506003.0,
1753460376578,16:19:36.578,ALGO/USDT:USDT,0.257,195.0,0.2571,849.0,0.2571,7506003.0,
1753460376700,16:19:36.700,ALGO/USDT:USDT,0.257,23.0,0.2571,1149.0,0.2571,7506003.0,
1753460377024,16:19:37.024,ALGO/USDT:USDT,0.257,348.0,0.2571,823.0,0.2571,7506003.0,
1753460377174,16:19:37.174,ALGO/USDT:USDT,0.257,445.0,0.2571,823.0,0.2571,7506003.0,
1753460378319,16:19:38.319,ALGO/USDT:USDT,0.257,445.0,0.2571,629.0,0.2571,7506003.0,
1753460378420,16:19:38.420,ALGO/USDT:USDT,0.257,445.0,0.2571,633.0,0.2571,7506003.0,
1753460379018,16:19:39.018,ALGO/USDT:USDT,0.257,627.0,0.2571,4.0,0.2571,7506003.0,
1753460379145,16:19:39.145,ALGO/USDT:USDT,0.257,513.0,0.2571,4.0,0.2571,7506003.0,
1753460379281,16:19:39.281,ALGO/USDT:USDT,0.257,446.0,0.2571,699.0,0.2571,7506003.0,
1753460379408,16:19:39.408,ALGO/USDT:USDT,0.257,446.0,0.2571,585.0,0.2571,7506003.0,
1753460379515,16:19:39.515,ALGO/USDT:USDT,0.257,452.0,0.2571,767.0,0.2571,7506003.0,
1753460380274,16:19:40.274,ALGO/USDT:USDT,0.257,207.0,0.2571,653.0,0.2571,7506003.0,
1753460380409,16:19:40.409,ALGO/USDT:USDT,0.257,207.0,0.2571,585.0,0.2571,7506003.0,
1753460380521,16:19:40.521,ALGO/USDT:USDT,0.257,207.0,0.2571,582.0,0.2571,7506003.0,
1753460380748,16:19:40.748,ALGO/USDT:USDT,0.257,207.0,0.2571,428.0,0.2571,7506003.0,
1753460380886,16:19:40.886,ALGO/USDT:USDT,0.257,454.0,0.2571,348.0,0.2571,7506003.0,
1753460381004,16:19:41.004,ALGO/USDT:USDT,0.257,454.0,0.2571,428.0,0.2571,7506003.0,
1753460381113,16:19:41.113,ALGO/USDT:USDT,0.257,454.0,0.2571,650.0,0.2571,7506003.0,
1753460381327,16:19:41.327,ALGO/USDT:USDT,0.257,454.0,0.2571,582.0,0.2571,7506003.0,
1753460381572,16:19:41.572,ALGO/USDT:USDT,0.257,759.0,0.2571,427.0,0.2571,7506003.0,
1753460381674,16:19:41.674,ALGO/USDT:USDT,0.257,759.0,0.2571,253.0,0.2571,7506003.0,
1753460381777,16:19:41.777,ALGO/USDT:USDT,0.257,827.0,0.2571,253.0,0.2571,7506003.0,
1753460382170,16:19:42.170,ALGO/USDT:USDT,0.257,827.0,0.2571,4.0,0.2571,7506003.0,
1753460382537,16:19:42.537,ALGO/USDT:USDT,0.257,947.0,0.2571,4.0,0.2571,7506003.0,
1753460382683,16:19:42.683,ALGO/USDT:USDT,0.257,833.0,0.2571,4.0,0.2571,7506003.0,
1753460382811,16:19:42.811,ALGO/USDT:USDT,0.257,947.0,0.2571,4.0,0.2571,7506003.0,
1753460383172,16:19:43.172,ALGO/USDT:USDT,0.2571,1139.0,0.2572,385.0,0.2571,7506007.0,
1753460383313,16:19:43.313,ALGO/USDT:USDT,0.2571,962.0,0.2572,86.0,0.2571,7506007.0,
1753460383416,16:19:43.416,ALGO/USDT:USDT,0.2571,962.0,0.2572,269.0,0.2571,7506007.0,
1753460383521,16:19:43.521,ALGO/USDT:USDT,0.2571,1051.0,0.2572,166.0,0.2571,7506007.0,
1753460383634,16:19:43.634,ALGO/USDT:USDT,0.2571,1117.0,0.2572,86.0,0.2571,7506007.0,
1753460384113,16:19:44.113,ALGO/USDT:USDT,0.2571,1051.0,0.2572,431.0,0.2571,7506007.0,
1753460384531,16:19:44.531,ALGO/USDT:USDT,0.2571,1063.0,0.2572,430.0,0.2571,7506007.0,
1753460384767,16:19:44.767,ALGO/USDT:USDT,0.2571,1240.0,0.2572,86.0,0.2571,7506007.0,
1753460384916,16:19:44.916,ALGO/USDT:USDT,0.2571,1129.0,0.2572,179.0,0.2571,7506007.0,
1753460385132,16:19:45.132,ALGO/USDT:USDT,0.2571,103.0,0.2572,784.0,0.2571,7506007.0,
1753460385265,16:19:45.265,ALGO/USDT:USDT,0.2571,103.0,0.2572,958.0,0.2571,7506007.0,
1753460385515,16:19:45.515,ALGO/USDT:USDT,0.2571,280.0,0.2572,962.0,0.2571,7506007.0,
1753460385737,16:19:45.737,ALGO/USDT:USDT,0.2571,373.0,0.2572,785.0,0.2571,7506007.0,
1753460385869,16:19:45.869,ALGO/USDT:USDT,0.2571,453.0,0.2572,785.0,0.2571,7506007.0,
1753460386333,16:19:46.333,ALGO/USDT:USDT,0.2571,630.0,0.2572,90.0,0.2571,7506007.0,
1753460386812,16:19:46.812,ALGO/USDT:USDT,0.2571,453.0,0.2572,197.0,0.2571,7506007.0,
1753460386913,16:19:46.913,ALGO/USDT:USDT,0.2571,880.0,0.2572,90.0,0.2571,7506007.0,
1753460387019,16:19:47.019,ALGO/USDT:USDT,0.2571,957.0,0.2572,89.0,0.2572,7506008.0,
1753460387120,16:19:47.120,ALGO/USDT:USDT,0.2572,1035.0,0.2573,1049.0,0.2572,7506097.0,
1753460387221,16:19:47.221,ALGO/USDT:USDT,0.2572,1032.0,0.2573,715.0,0.2572,7506097.0,
1753460387329,16:19:47.329,ALGO/USDT:USDT,0.2572,1142.0,0.2573,127.0,0.2572,7506097.0,
1753460387829,16:19:47.829,ALGO/USDT:USDT,0.2572,1142.0,0.2573,127.0,0.2572,7506097.0,
1753460387981,16:19:47.981,ALGO/USDT:USDT,0.2572,966.0,0.2573,221.0,0.2572,7506097.0,
1753460388313,16:19:48.313,ALGO/USDT:USDT,0.2572,1125.0,0.2573,127.0,0.2572,7506097.0,
1753460388769,16:19:48.769,ALGO/USDT:USDT,0.2572,1535.0,0.2574,2199.0,0.2573,7506224.0,
1753460388987,16:19:48.987,ALGO/USDT:USDT,0.2573,963.0,0.2574,668.0,0.2573,7506224.0,
1753460389092,16:19:49.092,ALGO/USDT:USDT,0.2573,1147.0,0.2574,668.0,0.2573,7506224.0,
1753460389200,16:19:49.200,ALGO/USDT:USDT,0.2573,1037.0,0.2574,527.0,0.2573,7506224.0,
1753460389323,16:19:49.323,ALGO/USDT:USDT,0.2572,1702.0,0.2574,1679.0,0.2573,7506224.0,
1753460389428,16:19:49.428,ALGO/USDT:USDT,0.2572,977.0,0.2573,885.0,0.2573,7506224.0,
1753460389670,16:19:49.670,ALGO/USDT:USDT,0.2572,725.0,0.2573,1075.0,0.2573,7506224.0,
1753460389807,16:19:49.807,ALGO/USDT:USDT,0.2571,3589.0,0.2573,1185.0,0.2572,7506319.0,
1753460389914,16:19:49.914,ALGO/USDT:USDT,0.2571,442.0,0.2572,246.0,0.2572,7506319.0,
1753460390018,16:19:50.018,ALGO/USDT:USDT,0.2572,130.0,0.2573,1770.0,0.2572,7506319.0,
1753460390120,16:19:50.120,ALGO/USDT:USDT,0.2571,1285.0,0.2573,2285.0,0.2572,7506319.0,
1753460390517,16:19:50.517,ALGO/USDT:USDT,0.2571,470.0,0.2572,305.0,0.2572,7506319.0,
1753460390623,16:19:50.623,ALGO/USDT:USDT,0.2571,470.0,0.2572,33.0,0.2572,7506319.0,
1753460390726,16:19:50.726,ALGO/USDT:USDT,0.2571,470.0,0.2572,269.0,0.2572,7506319.0,
1753460390937,16:19:50.937,ALGO/USDT:USDT,0.2571,470.0,0.2572,205.0,0.2572,7506319.0,
1753460391086,16:19:51.086,ALGO/USDT:USDT,0.2571,386.0,0.2572,708.0,0.2572,7506319.0,
1753460391422,16:19:51.422,ALGO/USDT:USDT,0.2571,423.0,0.2572,792.0,0.2572,7506319.0,
1753460391523,16:19:51.523,ALGO/USDT:USDT,0.2571,330.0,0.2572,902.0,0.2572,7506319.0,
1753460391631,16:19:51.631,ALGO/USDT:USDT,0.2571,424.0,0.2572,902.0,0.2572,7506319.0,
1753460391844,16:19:51.844,ALGO/USDT:USDT,0.2571,80.0,0.2572,1076.0,0.2572,7506319.0,
1753460391951,16:19:51.951,ALGO/USDT:USDT,0.257,3720.0,0.2572,1176.0,0.2571,7506399.0,
1753460392426,16:19:52.426,ALGO/USDT:USDT,0.257,451.0,0.2571,1019.0,0.2571,7506399.0,
1753460392549,16:19:52.549,ALGO/USDT:USDT,0.257,352.0,0.2571,1128.0,0.2571,7506399.0,
1753460392677,16:19:52.677,ALGO/USDT:USDT,0.257,449.0,0.2571,1019.0,0.2571,7506399.0,
1753460392912,16:19:52.912,ALGO/USDT:USDT,0.257,449.0,0.2571,310.0,0.2571,7506399.0,
1753460393014,16:19:53.014,ALGO/USDT:USDT,0.257,458.0,0.2571,398.0,0.2571,7506399.0,
1753460393681,16:19:53.681,ALGO/USDT:USDT,0.257,467.0,0.2571,97.0,0.2571,7506399.0,
1753460394015,16:19:54.015,ALGO/USDT:USDT,0.2571,353.0,0.2572,1092.0,0.2571,7506399.0,
1753460394547,16:19:54.547,ALGO/USDT:USDT,0.2571,89.0,0.2572,1092.0,0.2571,7506399.0,
