timestamp,time,symbol,bid,bidVolume,ask,askVolume,lastPrice,baseVolume,quoteVolume
1753460253606,16:17:33.606,ACH/USDT:USDT,0.02133,145.0,0.02134,432.0,0.02133,2479001.0,
1753460254071,16:17:34.071,ACH/USDT:USDT,0.02133,145.0,0.02134,679.0,0.02133,2479001.0,
1753460254666,16:17:34.666,ACH/USDT:USDT,0.02133,8.0,0.02134,725.0,0.02133,2479001.0,
1753460255007,16:17:35.007,ACH/USDT:USDT,0.02133,33.0,0.02134,725.0,0.02133,2479001.0,
1753460256511,16:17:36.511,ACH/USDT:USDT,0.02133,33.0,0.02134,679.0,0.02133,2479001.0,
1753460256612,16:17:36.612,ACH/USDT:USDT,0.02133,8.0,0.02134,679.0,0.02133,2479001.0,
1753460257523,16:17:37.523,ACH/USDT:USDT,0.02133,8.0,0.02134,725.0,0.02133,2479001.0,
1753460257629,16:17:37.629,ACH/USDT:USDT,0.02132,1660.0,0.02133,418.0,0.02133,2479009.0,
1753460257896,16:17:37.896,ACH/USDT:USDT,0.02132,682.0,0.02133,26.0,0.02133,2479009.0,
1753460258004,16:17:38.004,ACH/USDT:USDT,0.02132,407.0,0.02133,28.0,0.02133,2479009.0,
1753460258112,16:17:38.112,ACH/USDT:USDT,0.02132,563.0,0.02133,149.0,0.02133,2479009.0,
1753460258267,16:17:38.267,ACH/USDT:USDT,0.02132,412.0,0.02133,232.0,0.02133,2479009.0,
1753460258928,16:17:38.928,ACH/USDT:USDT,0.02132,283.0,0.02133,349.0,0.02133,2479009.0,
1753460259053,16:17:39.053,ACH/USDT:USDT,0.02132,175.0,0.02133,551.0,0.02133,2479009.0,
1753460259185,16:17:39.185,ACH/USDT:USDT,0.02132,170.0,0.02133,553.0,0.02133,2479009.0,
1753460259517,16:17:39.517,ACH/USDT:USDT,0.02132,170.0,0.02133,554.0,0.02133,2479009.0,
1753460260016,16:17:40.016,ACH/USDT:USDT,0.02132,170.0,0.02133,754.0,0.02133,2479009.0,
1753460260249,16:17:40.249,ACH/USDT:USDT,0.02132,30.0,0.02133,754.0,0.02133,2479009.0,
1753460260356,16:17:40.356,ACH/USDT:USDT,0.02132,1.0,0.02133,800.0,0.02133,2479009.0,
1753460260966,16:17:40.966,ACH/USDT:USDT,0.02132,1.0,0.02133,808.0,0.02133,2479009.0,
1753460261187,16:17:41.187,ACH/USDT:USDT,0.02132,1.0,0.02133,813.0,0.02133,2479009.0,
1753460261417,16:17:41.417,ACH/USDT:USDT,0.02132,1.0,0.02133,817.0,0.02133,2479009.0,
1753460261629,16:17:41.629,ACH/USDT:USDT,0.02131,231.0,0.02133,1051.0,0.02132,2479010.0,
1753460261778,16:17:41.778,ACH/USDT:USDT,0.02131,4.0,0.02132,1152.0,0.02132,2479010.0,
1753460261888,16:17:41.888,ACH/USDT:USDT,0.02131,4.0,0.02132,1198.0,0.02132,2479010.0,
1753460262216,16:17:42.216,ACH/USDT:USDT,0.02131,4.0,0.02132,1203.0,0.02132,2479010.0,
1753460262471,16:17:42.471,ACH/USDT:USDT,0.02131,149.0,0.02132,1640.0,0.02132,2479010.0,
1753460262585,16:17:42.585,ACH/USDT:USDT,0.02131,151.0,0.02132,1244.0,0.02132,2479010.0,
1753460262703,16:17:42.703,ACH/USDT:USDT,0.02131,259.0,0.02132,749.0,0.02132,2479010.0,
1753460262936,16:17:42.936,ACH/USDT:USDT,0.02131,151.0,0.02132,972.0,0.02132,2479010.0,
1753460263167,16:17:43.167,ACH/USDT:USDT,0.02131,123.0,0.02132,952.0,0.02132,2479010.0,
1753460263413,16:17:43.413,ACH/USDT:USDT,0.02131,150.0,0.02132,805.0,0.02132,2479010.0,
1753460263618,16:17:43.618,ACH/USDT:USDT,0.02131,150.0,0.02132,952.0,0.02132,2479010.0,
1753460263737,16:17:43.737,ACH/USDT:USDT,0.02131,150.0,0.02132,805.0,0.02132,2479010.0,
1753460263868,16:17:43.868,ACH/USDT:USDT,0.02131,150.0,0.02132,952.0,0.02132,2479010.0,
1753460263978,16:17:43.978,ACH/USDT:USDT,0.02131,123.0,0.02132,884.0,0.02132,2479010.0,
1753460264229,16:17:44.229,ACH/USDT:USDT,0.02131,149.0,0.02132,788.0,0.02132,2479010.0,
1753460264380,16:17:44.380,ACH/USDT:USDT,0.02131,149.0,0.02132,826.0,0.02132,2479011.0,
1753460264510,16:17:44.510,ACH/USDT:USDT,0.02131,123.0,0.02132,826.0,0.02132,2479011.0,
1753460264614,16:17:44.614,ACH/USDT:USDT,0.02131,4.0,0.02132,890.0,0.02132,2479011.0,
1753460265710,16:17:45.710,ACH/USDT:USDT,0.02131,145.0,0.02132,790.0,0.02132,2479011.0,
1753460265817,16:17:45.817,ACH/USDT:USDT,0.02131,147.0,0.02132,739.0,0.02132,2479011.0,
1753460266072,16:17:46.072,ACH/USDT:USDT,0.02131,147.0,0.02132,539.0,0.02132,2479011.0,
1753460266218,16:17:46.218,ACH/USDT:USDT,0.02131,374.0,0.02132,244.0,0.02132,2479011.0,
1753460266338,16:17:46.338,ACH/USDT:USDT,0.02131,421.0,0.02132,151.0,0.02132,2479011.0,
1753460266480,16:17:46.480,ACH/USDT:USDT,0.02131,374.0,0.02132,298.0,0.02132,2479011.0,
1753460266609,16:17:46.609,ACH/USDT:USDT,0.02131,147.0,0.02132,553.0,0.02132,2479011.0,
1753460266720,16:17:46.720,ACH/USDT:USDT,0.02131,31.0,0.02132,557.0,0.02132,2479011.0,
1753460266866,16:17:46.866,ACH/USDT:USDT,0.02131,31.0,0.02132,757.0,0.02132,2479011.0,
1753460267112,16:17:47.112,ACH/USDT:USDT,0.02131,147.0,0.02132,757.0,0.02132,2479011.0,
1753460267225,16:17:47.225,ACH/USDT:USDT,0.02131,31.0,0.02132,757.0,0.02132,2479011.0,
1753460267367,16:17:47.367,ACH/USDT:USDT,0.02131,4.0,0.02132,757.0,0.02132,2479011.0,
1753460268610,16:17:48.610,ACH/USDT:USDT,0.02131,6.0,0.02132,757.0,0.02132,2479011.0,
1753460269201,16:17:49.201,ACH/USDT:USDT,0.02131,6.0,0.02132,762.0,0.02132,2479011.0,
1753460269414,16:17:49.414,ACH/USDT:USDT,0.02131,6.0,0.02132,996.0,0.02132,2479011.0,
1753460269819,16:17:49.819,ACH/USDT:USDT,0.0213,1120.0,0.02132,1038.0,0.02131,2479017.0,
1753460269949,16:17:49.949,ACH/USDT:USDT,0.0213,118.0,0.02131,627.0,0.02131,2479017.0,
1753460270101,16:17:50.101,ACH/USDT:USDT,0.0213,29.0,0.02131,680.0,0.02131,2479017.0,
1753460270209,16:17:50.209,ACH/USDT:USDT,0.0213,118.0,0.02131,780.0,0.02131,2479017.0,
1753460270311,16:17:50.311,ACH/USDT:USDT,0.0213,120.0,0.02131,533.0,0.02131,2479017.0,
1753460270422,16:17:50.422,ACH/USDT:USDT,0.0213,2.0,0.02131,737.0,0.02131,2479017.0,
1753460270562,16:17:50.562,ACH/USDT:USDT,0.0213,118.0,0.02131,737.0,0.02131,2479017.0,
1753460270667,16:17:50.667,ACH/USDT:USDT,0.0213,146.0,0.02131,590.0,0.02131,2479017.0,
1753460270788,16:17:50.788,ACH/USDT:USDT,0.0213,146.0,0.02131,790.0,0.02131,2479017.0,
1753460271567,16:17:51.567,ACH/USDT:USDT,0.0213,146.0,0.02131,890.0,0.02131,2479017.0,
1753460271670,16:17:51.670,ACH/USDT:USDT,0.0213,120.0,0.02131,790.0,0.02131,2479017.0,
1753460271905,16:17:51.905,ACH/USDT:USDT,0.0213,146.0,0.02131,790.0,0.02131,2479017.0,
1753460272107,16:17:52.107,ACH/USDT:USDT,0.0213,420.0,0.02131,144.0,0.02131,2479017.0,
1753460272209,16:17:52.209,ACH/USDT:USDT,0.0213,375.0,0.02131,144.0,0.02131,2479017.0,
1753460272318,16:17:52.318,ACH/USDT:USDT,0.0213,254.0,0.02131,244.0,0.02131,2479017.0,
1753460272423,16:17:52.423,ACH/USDT:USDT,0.0213,254.0,0.02131,144.0,0.02131,2479017.0,
1753460272769,16:17:52.769,ACH/USDT:USDT,0.0213,382.0,0.02131,144.0,0.02131,2479017.0,
1753460273007,16:17:53.007,ACH/USDT:USDT,0.0213,255.0,0.02131,244.0,0.02131,2479017.0,
1753460273116,16:17:53.116,ACH/USDT:USDT,0.0213,147.0,0.02131,463.0,0.02131,2479017.0,
1753460273219,16:17:53.219,ACH/USDT:USDT,0.0213,147.0,0.02131,465.0,0.02131,2479017.0,
1753460273868,16:17:53.868,ACH/USDT:USDT,0.0213,147.0,0.02131,365.0,0.02131,2479017.0,
1753460273991,16:17:53.991,ACH/USDT:USDT,0.0213,147.0,0.02131,465.0,0.02131,2479017.0,
1753460274312,16:17:54.312,ACH/USDT:USDT,0.0213,31.0,0.02131,465.0,0.02131,2479017.0,
1753460274413,16:17:54.413,ACH/USDT:USDT,0.0213,3.0,0.02131,486.0,0.02131,2479017.0,
1753460274807,16:17:54.807,ACH/USDT:USDT,0.0213,3.0,0.02131,686.0,0.02131,2479017.0,
1753460274910,16:17:54.910,ACH/USDT:USDT,0.0213,145.0,0.02131,339.0,0.02131,2479017.0,
1753460275112,16:17:55.112,ACH/USDT:USDT,0.0213,282.0,0.02131,165.0,0.02131,2479017.0,
1753460275213,16:17:55.213,ACH/USDT:USDT,0.0213,390.0,0.02131,165.0,0.02131,2479017.0,
1753460275330,16:17:55.330,ACH/USDT:USDT,0.0213,147.0,0.02131,487.0,0.02131,2479017.0,
1753460275573,16:17:55.573,ACH/USDT:USDT,0.0213,3.0,0.02131,487.0,0.02131,2479017.0,
1753460275816,16:17:55.816,ACH/USDT:USDT,0.0213,3.0,0.02131,687.0,0.02131,2479017.0,
1753460276217,16:17:56.217,ACH/USDT:USDT,0.0213,3.0,0.02131,692.0,0.02131,2479017.0,
1753460276454,16:17:56.454,ACH/USDT:USDT,0.0213,3.0,0.02131,738.0,0.02131,2479017.0,
1753460276587,16:17:56.587,ACH/USDT:USDT,0.0213,3.0,0.02131,767.0,0.02131,2479017.0,
1753460276910,16:17:56.910,ACH/USDT:USDT,0.0213,3.0,0.02131,769.0,0.02131,2479017.0,
1753460277020,16:17:57.020,ACH/USDT:USDT,0.0213,3.0,0.02131,767.0,0.02131,2479017.0,
1753460277612,16:17:57.612,ACH/USDT:USDT,0.0213,3.0,0.02131,738.0,0.02131,2479017.0,
1753460277716,16:17:57.716,ACH/USDT:USDT,0.0213,2.0,0.02131,739.0,0.02131,2479017.0,
1753460278571,16:17:58.571,ACH/USDT:USDT,0.0213,2.0,0.02131,741.0,0.02131,2479017.0,
1753460278674,16:17:58.674,ACH/USDT:USDT,0.0213,2.0,0.02131,975.0,0.02131,2479017.0,
1753460278920,16:17:58.920,ACH/USDT:USDT,0.0213,2.0,0.02131,1300.0,0.02131,2479017.0,
1753460279071,16:17:59.071,ACH/USDT:USDT,0.0213,2.0,0.02131,966.0,0.02131,2479017.0,
1753460279205,16:17:59.205,ACH/USDT:USDT,0.0213,2.0,0.02131,1066.0,0.02131,2479017.0,
1753460279628,16:17:59.628,ACH/USDT:USDT,0.0213,2.0,0.02131,1068.0,0.02131,2479017.0,
1753460279770,16:17:59.770,ACH/USDT:USDT,0.0213,2.0,0.02131,1066.0,0.02131,2479017.0,
1753460279872,16:17:59.872,ACH/USDT:USDT,0.0213,2.0,0.02131,917.0,0.02131,2479017.0,
1753460279984,16:17:59.984,ACH/USDT:USDT,0.0213,2.0,0.02131,1064.0,0.02131,2479017.0,
1753460280085,16:18:00.085,ACH/USDT:USDT,0.0213,2.0,0.02131,1066.0,0.02131,2478301.0,
1753460280215,16:18:00.215,ACH/USDT:USDT,0.0213,29.0,0.02131,668.0,0.02131,2478301.0,
1753460280470,16:18:00.470,ACH/USDT:USDT,0.0213,2.0,0.02131,827.0,0.02131,2478301.0,
1753460280586,16:18:00.586,ACH/USDT:USDT,0.0213,2.0,0.02131,667.0,0.02131,2478301.0,
1753460280694,16:18:00.694,ACH/USDT:USDT,0.0213,2.0,0.02131,980.0,0.02131,2478301.0,
1753460280907,16:18:00.907,ACH/USDT:USDT,0.0213,2.0,0.02131,1073.0,0.02131,2478301.0,
1753460281014,16:18:01.014,ACH/USDT:USDT,0.0213,2.0,0.02131,1075.0,0.02131,2478301.0,
1753460281115,16:18:01.115,ACH/USDT:USDT,0.02128,1008.0,0.02131,1077.0,0.02129,2479329.0,
1753460281217,16:18:01.217,ACH/USDT:USDT,0.02128,267.0,0.0213,3500.0,0.02129,2479329.0,
1753460281324,16:18:01.324,ACH/USDT:USDT,0.02128,267.0,0.02129,361.0,0.02129,2479329.0,
1753460281424,16:18:01.424,ACH/USDT:USDT,0.02128,265.0,0.02129,314.0,0.02129,2479329.0,
1753460281529,16:18:01.529,ACH/USDT:USDT,0.02126,515.0,0.02128,885.0,0.02125,2484329.0,
1753460281632,16:18:01.632,ACH/USDT:USDT,0.02126,1163.0,0.02128,1826.0,0.02127,2484505.0,
1753460281758,16:18:01.758,ACH/USDT:USDT,0.02126,626.0,0.02127,86.0,0.02127,2484505.0,
1753460281906,16:18:01.906,ACH/USDT:USDT,0.02127,120.0,0.02128,2630.0,0.02127,2484615.0,
1753460282015,16:18:02.015,ACH/USDT:USDT,0.02127,378.0,0.02128,158.0,0.02127,2484615.0,
1753460282119,16:18:02.119,ACH/USDT:USDT,0.02127,711.0,0.02129,3855.0,0.02128,2484640.0,
1753460282219,16:18:02.219,ACH/USDT:USDT,0.02128,465.0,0.02129,545.0,0.02128,2484640.0,
1753460282373,16:18:02.373,ACH/USDT:USDT,0.02128,625.0,0.02129,571.0,0.02128,2484640.0,
1753460282511,16:18:02.511,ACH/USDT:USDT,0.02128,625.0,0.02129,920.0,0.02128,2484640.0,
1753460282628,16:18:02.628,ACH/USDT:USDT,0.02128,625.0,0.02129,481.0,0.02128,2484640.0,
1753460282774,16:18:02.774,ACH/USDT:USDT,0.02128,550.0,0.02129,481.0,0.02128,2484640.0,
1753460282984,16:18:02.984,ACH/USDT:USDT,0.02127,259.0,0.02128,239.0,0.02128,2484640.0,
1753460283114,16:18:03.114,ACH/USDT:USDT,0.02127,141.0,0.02128,241.0,0.02128,2484640.0,
1753460283337,16:18:03.337,ACH/USDT:USDT,0.02127,199.0,0.02128,241.0,0.02128,2484640.0,
1753460283445,16:18:03.445,ACH/USDT:USDT,0.02127,141.0,0.02128,347.0,0.02128,2484640.0,
1753460284591,16:18:04.591,ACH/USDT:USDT,0.02127,141.0,0.02128,231.0,0.02128,2484640.0,
1753460284692,16:18:04.692,ACH/USDT:USDT,0.02127,386.0,0.02128,125.0,0.02128,2484640.0,
1753460284808,16:18:04.808,ACH/USDT:USDT,0.02127,512.0,0.02128,26.0,0.02128,2484640.0,
1753460285022,16:18:05.022,ACH/USDT:USDT,0.02127,512.0,0.02129,1209.0,0.02128,2484640.0,
1753460285125,16:18:05.125,ACH/USDT:USDT,0.02127,558.0,0.02129,1235.0,0.02128,2484640.0,
1753460285226,16:18:05.226,ACH/USDT:USDT,0.02127,521.0,0.02129,2080.0,0.02128,2484642.0,
1753460285337,16:18:05.337,ACH/USDT:USDT,0.02128,161.0,0.02129,587.0,0.02128,2484642.0,
1753460285445,16:18:05.445,ACH/USDT:USDT,0.02128,300.0,0.02129,587.0,0.02128,2484642.0,
1753460285553,16:18:05.553,ACH/USDT:USDT,0.02128,475.0,0.02129,481.0,0.02128,2484642.0,
1753460285669,16:18:05.669,ACH/USDT:USDT,0.02128,531.0,0.02129,378.0,0.02128,2484642.0,
1753460285782,16:18:05.782,ACH/USDT:USDT,0.02129,132.0,0.0213,2398.0,0.02129,2484997.0,
1753460285894,16:18:05.894,ACH/USDT:USDT,0.02129,246.0,0.0213,770.0,0.02129,2484997.0,
1753460285999,16:18:05.999,ACH/USDT:USDT,0.02129,271.0,0.0213,795.0,0.02129,2484997.0,
1753460286115,16:18:06.115,ACH/USDT:USDT,0.02129,316.0,0.0213,145.0,0.02129,2484997.0,
1753460286228,16:18:06.228,ACH/USDT:USDT,0.02129,596.0,0.0213,33.0,0.02129,2484997.0,
1753460286328,16:18:06.328,ACH/USDT:USDT,0.02129,425.0,0.0213,33.0,0.02129,2484997.0,
1753460286707,16:18:06.707,ACH/USDT:USDT,0.02129,625.0,0.0213,33.0,0.02129,2484997.0,
1753460286909,16:18:06.909,ACH/USDT:USDT,0.02129,751.0,0.0213,33.0,0.02129,2484997.0,
1753460287010,16:18:07.010,ACH/USDT:USDT,0.02129,625.0,0.0213,33.0,0.02129,2484997.0,
1753460287113,16:18:07.113,ACH/USDT:USDT,0.02129,751.0,0.0213,33.0,0.02129,2484997.0,
1753460287215,16:18:07.215,ACH/USDT:USDT,0.02129,625.0,0.0213,33.0,0.02129,2484997.0,
1753460287467,16:18:07.467,ACH/USDT:USDT,0.02129,751.0,0.0213,33.0,0.02129,2484997.0,
1753460287694,16:18:07.694,ACH/USDT:USDT,0.02129,625.0,0.0213,33.0,0.02129,2484997.0,
1753460287796,16:18:07.796,ACH/USDT:USDT,0.02129,378.0,0.0213,229.0,0.02129,2484997.0,
1753460287907,16:18:07.907,ACH/USDT:USDT,0.02129,332.0,0.0213,231.0,0.02129,2484997.0,
1753460288311,16:18:08.311,ACH/USDT:USDT,0.02129,379.0,0.0213,86.0,0.02129,2484997.0,
1753460288567,16:18:08.567,ACH/USDT:USDT,0.02129,579.0,0.0213,86.0,0.02129,2484997.0,
1753460288670,16:18:08.670,ACH/USDT:USDT,0.02129,715.0,0.0213,86.0,0.02129,2484997.0,
1753460289110,16:18:09.110,ACH/USDT:USDT,0.02129,389.0,0.0213,86.0,0.02129,2484997.0,
1753460289368,16:18:09.368,ACH/USDT:USDT,0.02129,281.0,0.0213,430.0,0.02129,2484997.0,
1753460289609,16:18:09.609,ACH/USDT:USDT,0.02129,719.0,0.0213,130.0,0.02129,2484997.0,
1753460289711,16:18:09.711,ACH/USDT:USDT,0.02129,279.0,0.0213,373.0,0.02129,2484997.0,
1753460289847,16:18:09.847,ACH/USDT:USDT,0.02129,529.0,0.0213,27.0,0.02129,2484997.0,
1753460289969,16:18:09.969,ACH/USDT:USDT,0.02129,405.0,0.0213,29.0,0.02129,2484997.0,
1753460290466,16:18:10.466,ACH/USDT:USDT,0.02129,577.0,0.0213,2.0,0.02129,2484997.0,
1753460290566,16:18:10.566,ACH/USDT:USDT,0.02129,777.0,0.0213,2.0,0.02129,2484997.0,
1753460290696,16:18:10.696,ACH/USDT:USDT,0.02129,777.0,0.02131,2333.0,0.0213,2484999.0,
1753460290808,16:18:10.808,ACH/USDT:USDT,0.0213,135.0,0.02131,641.0,0.0213,2484999.0,
1753460290910,16:18:10.910,ACH/USDT:USDT,0.0213,301.0,0.02131,610.0,0.0213,2484999.0,
1753460291013,16:18:11.013,ACH/USDT:USDT,0.0213,367.0,0.02131,31.0,0.0213,2484999.0,
1753460291215,16:18:11.215,ACH/USDT:USDT,0.0213,493.0,0.02131,31.0,0.0213,2484999.0,
1753460291367,16:18:11.367,ACH/USDT:USDT,0.0213,367.0,0.02131,31.0,0.0213,2484999.0,
1753460291484,16:18:11.484,ACH/USDT:USDT,0.0213,493.0,0.02131,31.0,0.0213,2484999.0,
1753460291609,16:18:11.609,ACH/USDT:USDT,0.0213,693.0,0.02131,31.0,0.0213,2484999.0,
1753460291827,16:18:11.827,ACH/USDT:USDT,0.0213,567.0,0.02131,31.0,0.0213,2484999.0,
1753460292184,16:18:12.184,ACH/USDT:USDT,0.0213,693.0,0.02131,31.0,0.0213,2484999.0,
1753460292290,16:18:12.290,ACH/USDT:USDT,0.0213,739.0,0.02132,2451.0,0.02131,2485001.0,
1753460292513,16:18:12.513,ACH/USDT:USDT,0.02131,157.0,0.02132,1359.0,0.02131,2485001.0,
1753460292666,16:18:12.666,ACH/USDT:USDT,0.02131,316.0,0.02132,859.0,0.02132,2485501.0,
1753460292799,16:18:12.799,ACH/USDT:USDT,0.02131,316.0,0.02132,524.0,0.02132,2485501.0,
1753460292909,16:18:12.909,ACH/USDT:USDT,0.02131,191.0,0.02132,524.0,0.02132,2485501.0,
1753460293016,16:18:13.016,ACH/USDT:USDT,0.02131,193.0,0.02132,524.0,0.02132,2485501.0,
1753460293121,16:18:13.121,ACH/USDT:USDT,0.02131,146.0,0.02132,524.0,0.02132,2485501.0,
1753460293271,16:18:13.271,ACH/USDT:USDT,0.02131,319.0,0.02132,524.0,0.02132,2485501.0,
1753460293373,16:18:13.373,ACH/USDT:USDT,0.02131,193.0,0.02132,524.0,0.02132,2485501.0,
1753460293505,16:18:13.505,ACH/USDT:USDT,0.02131,146.0,0.02132,524.0,0.02132,2485501.0,
1753460293606,16:18:13.606,ACH/USDT:USDT,0.02131,146.0,0.02132,724.0,0.02132,2485501.0,
1753460293715,16:18:13.715,ACH/USDT:USDT,0.02131,146.0,0.02132,522.0,0.02132,2485501.0,
1753460293867,16:18:13.867,ACH/USDT:USDT,0.02131,519.0,0.02132,418.0,0.02132,2485501.0,
1753460294414,16:18:14.414,ACH/USDT:USDT,0.02131,393.0,0.02132,418.0,0.02132,2485501.0,
1753460294567,16:18:14.567,ACH/USDT:USDT,0.02131,10.0,0.02132,771.0,0.02132,2485501.0,
1753460294816,16:18:14.816,ACH/USDT:USDT,0.02131,10.0,0.02132,884.0,0.02132,2485501.0,
1753460294918,16:18:14.918,ACH/USDT:USDT,0.02131,124.0,0.02132,724.0,0.02132,2485501.0,
1753460295283,16:18:15.283,ACH/USDT:USDT,0.02131,10.0,0.02132,884.0,0.02132,2485501.0,
1753460295612,16:18:15.612,ACH/USDT:USDT,0.02131,10.0,0.02132,930.0,0.02132,2485501.0,
1753460296199,16:18:16.199,ACH/USDT:USDT,0.02131,10.0,0.02132,1280.0,0.02132,2485501.0,
1753460296532,16:18:16.532,ACH/USDT:USDT,0.02131,10.0,0.02132,1282.0,0.02132,2485501.0,
1753460296659,16:18:16.659,ACH/USDT:USDT,0.02131,10.0,0.02132,1169.0,0.02132,2485501.0,
1753460296787,16:18:16.787,ACH/USDT:USDT,0.02131,10.0,0.02132,1282.0,0.02132,2485501.0,
1753460297265,16:18:17.265,ACH/USDT:USDT,0.02131,38.0,0.02132,1169.0,0.02132,2485501.0,
1753460297512,16:18:17.512,ACH/USDT:USDT,0.02131,38.0,0.02132,1122.0,0.02132,2485501.0,
1753460297620,16:18:17.620,ACH/USDT:USDT,0.02131,38.0,0.02132,1169.0,0.02132,2485501.0,
1753460297736,16:18:17.736,ACH/USDT:USDT,0.02131,38.0,0.02132,1122.0,0.02132,2485501.0,
1753460297961,16:18:17.961,ACH/USDT:USDT,0.02131,38.0,0.02132,922.0,0.02132,2485501.0,
1753460298094,16:18:18.094,ACH/USDT:USDT,0.02131,272.0,0.02132,524.0,0.02132,2485501.0,
1753460298212,16:18:18.212,ACH/USDT:USDT,0.02131,274.0,0.02132,524.0,0.02132,2485501.0,
1753460298317,16:18:18.317,ACH/USDT:USDT,0.02131,526.0,0.02132,418.0,0.02132,2485501.0,
1753460298525,16:18:18.525,ACH/USDT:USDT,0.02131,600.0,0.02132,281.0,0.02132,2485501.0,
1753460299107,16:18:19.107,ACH/USDT:USDT,0.02131,600.0,0.02132,281.0,0.02132,2485501.0,
1753460299315,16:18:19.315,ACH/USDT:USDT,0.02131,726.0,0.02132,281.0,0.02132,2485501.0,
1753460299423,16:18:19.423,ACH/USDT:USDT,0.02131,600.0,0.02132,281.0,0.02132,2485501.0,
1753460299818,16:18:19.818,ACH/USDT:USDT,0.02131,726.0,0.02132,281.0,0.02132,2485501.0,
1753460300038,16:18:20.038,ACH/USDT:USDT,0.02131,726.0,0.02132,254.0,0.02132,2485501.0,
1753460300165,16:18:20.165,ACH/USDT:USDT,0.02131,726.0,0.02132,237.0,0.02132,2485518.0,
1753460300284,16:18:20.284,ACH/USDT:USDT,0.02131,784.0,0.02132,42.0,0.02132,2485713.0,
1753460300396,16:18:20.396,ACH/USDT:USDT,0.02131,726.0,0.02132,42.0,0.02132,2485713.0,
1753460300627,16:18:20.627,ACH/USDT:USDT,0.02131,726.0,0.02132,43.0,0.02132,2485713.0,
1753460300739,16:18:20.739,ACH/USDT:USDT,0.02132,517.0,0.02133,500.0,0.02132,2485756.0,
1753460300845,16:18:20.845,ACH/USDT:USDT,0.02132,519.0,0.02133,941.0,0.02132,2485756.0,
1753460300948,16:18:20.948,ACH/USDT:USDT,0.02132,327.0,0.02133,941.0,0.02132,2485756.0,
1753460301054,16:18:21.054,ACH/USDT:USDT,0.02132,453.0,0.02133,941.0,0.02132,2485756.0,
1753460301372,16:18:21.372,ACH/USDT:USDT,0.02132,535.0,0.02133,709.0,0.02132,2485756.0,
1753460301492,16:18:21.492,ACH/USDT:USDT,0.02132,736.0,0.02133,592.0,0.02132,2485756.0,
1753460301708,16:18:21.708,ACH/USDT:USDT,0.02132,736.0,0.02133,125.0,0.02132,2485756.0,
1753460301921,16:18:21.921,ACH/USDT:USDT,0.02132,736.0,0.02134,2424.0,0.02133,2485881.0,
1753460302028,16:18:22.028,ACH/USDT:USDT,0.02133,155.0,0.02134,852.0,0.02133,2485881.0,
1753460302134,16:18:22.134,ACH/USDT:USDT,0.02133,326.0,0.02134,852.0,0.02133,2485881.0,
1753460302265,16:18:22.265,ACH/USDT:USDT,0.02133,328.0,0.02134,852.0,0.02133,2485881.0,
1753460302394,16:18:22.394,ACH/USDT:USDT,0.02133,202.0,0.02134,852.0,0.02133,2485881.0,
1753460302612,16:18:22.612,ACH/USDT:USDT,0.02133,155.0,0.02134,852.0,0.02133,2485881.0,
1753460302728,16:18:22.728,ACH/USDT:USDT,0.02133,202.0,0.02134,852.0,0.02133,2485881.0,
1753460302867,16:18:22.867,ACH/USDT:USDT,0.02133,155.0,0.02134,852.0,0.02133,2485881.0,
1753460302973,16:18:22.973,ACH/USDT:USDT,0.02133,155.0,0.02134,809.0,0.02133,2485881.0,
1753460303447,16:18:23.447,ACH/USDT:USDT,0.02133,328.0,0.02134,809.0,0.02133,2485881.0,
1753460303685,16:18:23.685,ACH/USDT:USDT,0.02133,155.0,0.02134,809.0,0.02133,2485881.0,
1753460304749,16:18:24.749,ACH/USDT:USDT,0.02133,289.0,0.02134,809.0,0.02133,2485881.0,
1753460305008,16:18:25.008,ACH/USDT:USDT,0.02133,163.0,0.02134,809.0,0.02133,2485881.0,
1753460305219,16:18:25.219,ACH/USDT:USDT,0.02133,404.0,0.02134,809.0,0.02133,2485881.0,
1753460305368,16:18:25.368,ACH/USDT:USDT,0.02133,278.0,0.02134,809.0,0.02133,2485881.0,
1753460305716,16:18:25.716,ACH/USDT:USDT,0.02133,33.0,0.02134,809.0,0.02133,2485881.0,
1753460305824,16:18:25.824,ACH/USDT:USDT,0.02133,174.0,0.02134,809.0,0.02133,2485881.0,
1753460305978,16:18:25.978,ACH/USDT:USDT,0.02133,148.0,0.02134,809.0,0.02133,2485881.0,
1753460306314,16:18:26.314,ACH/USDT:USDT,0.02133,546.0,0.02134,476.0,0.02133,2485881.0,
1753460306469,16:18:26.469,ACH/USDT:USDT,0.02133,746.0,0.02134,145.0,0.02133,2485881.0,
1753460306576,16:18:26.576,ACH/USDT:USDT,0.02133,571.0,0.02134,159.0,0.02133,2485881.0,
1753460306697,16:18:26.697,ACH/USDT:USDT,0.02133,571.0,0.02134,157.0,0.02133,2485881.0,
1753460306806,16:18:26.806,ACH/USDT:USDT,0.02133,573.0,0.02134,159.0,0.02133,2485881.0,
1753460307014,16:18:27.014,ACH/USDT:USDT,0.02133,746.0,0.02134,159.0,0.02133,2485881.0,
1753460307607,16:18:27.607,ACH/USDT:USDT,0.02133,373.0,0.02134,159.0,0.02133,2485881.0,
1753460307812,16:18:27.812,ACH/USDT:USDT,0.02133,148.0,0.02134,540.0,0.02133,2485881.0,
1753460308206,16:18:28.206,ACH/USDT:USDT,0.02133,263.0,0.02134,265.0,0.02133,2485881.0,
1753460308419,16:18:28.419,ACH/USDT:USDT,0.02133,346.0,0.02134,33.0,0.02133,2485881.0,
1753460308522,16:18:28.522,ACH/USDT:USDT,0.02133,346.0,0.02134,177.0,0.02133,2485881.0,
1753460309370,16:18:29.370,ACH/USDT:USDT,0.02133,719.0,0.02134,130.0,0.02133,2485881.0,
1753460309473,16:18:29.473,ACH/USDT:USDT,0.02133,593.0,0.02134,130.0,0.02133,2485881.0,
1753460309717,16:18:29.717,ACH/USDT:USDT,0.02133,719.0,0.02134,130.0,0.02133,2485881.0,
1753460309869,16:18:29.869,ACH/USDT:USDT,0.02133,346.0,0.02134,130.0,0.02133,2485881.0,
1753460310216,16:18:30.216,ACH/USDT:USDT,0.02133,519.0,0.02134,130.0,0.02133,2485881.0,
1753460310324,16:18:30.324,ACH/USDT:USDT,0.02133,719.0,0.02134,130.0,0.02133,2485881.0,
1753460310425,16:18:30.425,ACH/USDT:USDT,0.02133,472.0,0.02134,130.0,0.02133,2485881.0,
1753460310688,16:18:30.688,ACH/USDT:USDT,0.02133,519.0,0.02134,130.0,0.02133,2485881.0,
1753460311021,16:18:31.021,ACH/USDT:USDT,0.02133,519.0,0.02134,3.0,0.02133,2485881.0,
1753460311158,16:18:31.158,ACH/USDT:USDT,0.02134,279.0,0.02135,812.0,0.02134,2485884.0,
1753460311270,16:18:31.270,ACH/USDT:USDT,0.02134,279.0,0.02135,814.0,0.02134,2485884.0,
1753460312143,16:18:32.143,ACH/USDT:USDT,0.02134,7.0,0.02135,923.0,0.02134,2485884.0,
1753460312391,16:18:32.391,ACH/USDT:USDT,0.02133,880.0,0.02135,1123.0,0.02134,2485891.0,
1753460312513,16:18:32.513,ACH/USDT:USDT,0.02133,139.0,0.02134,866.0,0.02134,2485891.0,
1753460312613,16:18:32.613,ACH/USDT:USDT,0.02133,141.0,0.02134,1102.0,0.02134,2485891.0,
1753460313104,16:18:33.104,ACH/USDT:USDT,0.02133,476.0,0.02134,483.0,0.02134,2485891.0,
1753460313214,16:18:33.214,ACH/USDT:USDT,0.02133,523.0,0.02134,483.0,0.02134,2485891.0,
1753460313316,16:18:33.316,ACH/USDT:USDT,0.02133,352.0,0.02134,483.0,0.02134,2485891.0,
1753460313521,16:18:33.521,ACH/USDT:USDT,0.02133,237.0,0.02134,440.0,0.02134,2485891.0,
1753460313730,16:18:33.730,ACH/USDT:USDT,0.02132,637.0,0.02134,1241.0,0.02134,2485891.0,
1753460313876,16:18:33.876,ACH/USDT:USDT,0.02132,787.0,0.02134,1241.0,0.02134,2485891.0,
1753460314006,16:18:34.006,ACH/USDT:USDT,0.02132,661.0,0.02134,1241.0,0.02134,2485891.0,
1753460314112,16:18:34.112,ACH/USDT:USDT,0.02132,340.0,0.02133,28.0,0.02134,2485891.0,
1753460314214,16:18:34.214,ACH/USDT:USDT,0.02132,340.0,0.02133,159.0,0.02134,2485891.0,
1753460314317,16:18:34.317,ACH/USDT:USDT,0.02132,540.0,0.02133,28.0,0.02134,2485891.0,
1753460314421,16:18:34.421,ACH/USDT:USDT,0.02132,666.0,0.02134,1694.0,0.02134,2485891.0,
1753460314525,16:18:34.525,ACH/USDT:USDT,0.02132,538.0,0.02134,1823.0,0.02134,2485891.0,
1753460314769,16:18:34.769,ACH/USDT:USDT,0.02133,26.0,0.02134,1507.0,0.02134,2485891.0,
1753460315120,16:18:35.120,ACH/USDT:USDT,0.02133,26.0,0.02134,803.0,0.02134,2485891.0,
1753460315271,16:18:35.271,ACH/USDT:USDT,0.02132,1392.0,0.02134,1108.0,0.02134,2485891.0,
1753460315410,16:18:35.410,ACH/USDT:USDT,0.02132,544.0,0.02133,26.0,0.02134,2485891.0,
1753460315514,16:18:35.514,ACH/USDT:USDT,0.02132,670.0,0.02133,26.0,0.02134,2485891.0,
1753460315615,16:18:35.615,ACH/USDT:USDT,0.02132,717.0,0.02134,1722.0,0.02134,2485891.0,
1753460315762,16:18:35.762,ACH/USDT:USDT,0.02132,717.0,0.02134,1884.0,0.02134,2485891.0,
1753460316116,16:18:36.116,ACH/USDT:USDT,0.02133,28.0,0.02134,1401.0,0.02134,2485891.0,
1753460316343,16:18:36.343,ACH/USDT:USDT,0.02132,541.0,0.02133,26.0,0.02134,2485891.0,
1753460316468,16:18:36.468,ACH/USDT:USDT,0.02132,341.0,0.02133,211.0,0.02134,2485891.0,
1753460316570,16:18:36.570,ACH/USDT:USDT,0.02132,341.0,0.02133,166.0,0.02134,2485891.0,
1753460316944,16:18:36.944,ACH/USDT:USDT,0.02132,467.0,0.02133,26.0,0.02134,2485891.0,
1753460317073,16:18:37.073,ACH/USDT:USDT,0.02132,514.0,0.02134,1680.0,0.02134,2485891.0,
1753460317190,16:18:37.190,ACH/USDT:USDT,0.02133,25.0,0.02134,1401.0,0.02134,2485891.0,
1753460317521,16:18:37.521,ACH/USDT:USDT,0.02133,138.0,0.02134,1201.0,0.02134,2485891.0,
1753460317781,16:18:37.781,ACH/USDT:USDT,0.02132,443.0,0.02134,1745.0,0.02132,2486125.0,
1753460317911,16:18:37.911,ACH/USDT:USDT,0.02133,25.0,0.02134,1247.0,0.02132,2486125.0,
1753460318129,16:18:38.129,ACH/USDT:USDT,0.02132,777.0,0.02134,1966.0,0.02132,2486125.0,
1753460318275,16:18:38.275,ACH/USDT:USDT,0.02132,569.0,0.02133,30.0,0.02132,2486125.0,
1753460319181,16:18:39.181,ACH/USDT:USDT,0.02132,804.0,0.02134,2246.0,0.02132,2486125.0,
1753460319305,16:18:39.305,ACH/USDT:USDT,0.02133,27.0,0.02134,1531.0,0.02132,2486125.0,
1753460319519,16:18:39.519,ACH/USDT:USDT,0.02132,1418.0,0.02134,849.0,0.02132,2486125.0,
1753460319622,16:18:39.622,ACH/USDT:USDT,0.02132,831.0,0.02133,26.0,0.02132,2486125.0,
1753460320733,16:18:40.733,ACH/USDT:USDT,0.02132,174.0,0.02133,586.0,0.02132,2486125.0,
1753460320859,16:18:40.859,ACH/USDT:USDT,0.02132,1.0,0.02133,586.0,0.02132,2486125.0,
1753460321084,16:18:41.084,ACH/USDT:USDT,0.02132,1.0,0.02133,632.0,0.02132,2486125.0,
1753460321188,16:18:41.188,ACH/USDT:USDT,0.02131,871.0,0.02133,832.0,0.02132,2486126.0,
1753460321316,16:18:41.316,ACH/USDT:USDT,0.02131,141.0,0.02132,792.0,0.02132,2486126.0,
1753460321518,16:18:41.518,ACH/USDT:USDT,0.02131,141.0,0.02132,677.0,0.02132,2486126.0,
1753460321873,16:18:41.873,ACH/USDT:USDT,0.02131,141.0,0.02132,572.0,0.02132,2486126.0,
1753460322212,16:18:42.212,ACH/USDT:USDT,0.02131,533.0,0.02132,148.0,0.02132,2486126.0,
1753460323316,16:18:43.316,ACH/USDT:USDT,0.02131,533.0,0.02132,27.0,0.02132,2486126.0,
1753460323419,16:18:43.419,ACH/USDT:USDT,0.02131,362.0,0.02132,403.0,0.02132,2486126.0,
1753460323816,16:18:43.816,ACH/USDT:USDT,0.02131,362.0,0.02132,298.0,0.02132,2486126.0,
1753460324256,16:18:44.256,ACH/USDT:USDT,0.02131,139.0,0.02132,707.0,0.02132,2486126.0,
1753460324382,16:18:44.382,ACH/USDT:USDT,0.02131,141.0,0.02132,709.0,0.02132,2486126.0,
1753460324610,16:18:44.610,ACH/USDT:USDT,0.0213,354.0,0.02131,142.0,0.02132,2486126.0,
1753460324711,16:18:44.711,ACH/USDT:USDT,0.0213,354.0,0.02131,249.0,0.02132,2486126.0,
1753460324962,16:18:44.962,ACH/USDT:USDT,0.0213,354.0,0.02131,144.0,0.02132,2486126.0,
1753460325078,16:18:45.078,ACH/USDT:USDT,0.0213,354.0,0.02131,117.0,0.02132,2486126.0,
1753460325191,16:18:45.191,ACH/USDT:USDT,0.0213,554.0,0.02131,117.0,0.02132,2486126.0,
1753460325316,16:18:45.316,ACH/USDT:USDT,0.0213,725.0,0.02131,117.0,0.02132,2486126.0,
1753460325472,16:18:45.472,ACH/USDT:USDT,0.0213,742.0,0.02131,141.0,0.02132,2486126.0,
1753460325708,16:18:45.708,ACH/USDT:USDT,0.0213,742.0,0.02131,26.0,0.02132,2486126.0,
1753460326122,16:18:46.122,ACH/USDT:USDT,0.0213,601.0,0.02132,1634.0,0.02132,2486126.0,
1753460326266,16:18:46.266,ACH/USDT:USDT,0.0213,601.0,0.02132,1705.0,0.02132,2486126.0,
1753460326370,16:18:46.370,ACH/USDT:USDT,0.0213,581.0,0.02131,138.0,0.02132,2486126.0,
1753460326478,16:18:46.478,ACH/USDT:USDT,0.0213,581.0,0.02131,140.0,0.02132,2486126.0,
1753460327067,16:18:47.067,ACH/USDT:USDT,0.0213,381.0,0.02131,140.0,0.02132,2486126.0,
1753460327172,16:18:47.172,ACH/USDT:USDT,0.0213,567.0,0.02131,140.0,0.02132,2486126.0,
1753460327289,16:18:47.289,ACH/USDT:USDT,0.0213,381.0,0.02131,407.0,0.02132,2486126.0,
1753460327491,16:18:47.491,ACH/USDT:USDT,0.0213,381.0,0.02131,513.0,0.02132,2486126.0,
1753460327598,16:18:47.598,ACH/USDT:USDT,0.0213,315.0,0.02131,513.0,0.02132,2486126.0,
1753460328072,16:18:48.072,ACH/USDT:USDT,0.0213,183.0,0.02131,513.0,0.02132,2486126.0,
1753460328172,16:18:48.172,ACH/USDT:USDT,0.0213,183.0,0.02131,713.0,0.02132,2486126.0,
1753460328276,16:18:48.276,ACH/USDT:USDT,0.0213,158.0,0.02131,713.0,0.02132,2486126.0,
1753460328638,16:18:48.638,ACH/USDT:USDT,0.0213,46.0,0.02131,713.0,0.02132,2486126.0,
1753460329203,16:18:49.203,ACH/USDT:USDT,0.0213,158.0,0.02131,713.0,0.02132,2486126.0,
1753460330120,16:18:50.120,ACH/USDT:USDT,0.0213,46.0,0.02131,713.0,0.02132,2486126.0,
1753460330366,16:18:50.366,ACH/USDT:USDT,0.0213,158.0,0.02131,713.0,0.02132,2486126.0,
1753460330611,16:18:50.611,ACH/USDT:USDT,0.0213,184.0,0.02131,361.0,0.02132,2486126.0,
1753460330715,16:18:50.715,ACH/USDT:USDT,0.0213,184.0,0.02131,513.0,0.02132,2486126.0,
1753460331170,16:18:51.170,ACH/USDT:USDT,0.0213,184.0,0.02131,713.0,0.02132,2486126.0,
1753460331716,16:18:51.716,ACH/USDT:USDT,0.0213,184.0,0.02131,690.0,0.02131,2486149.0,
1753460331823,16:18:51.823,ACH/USDT:USDT,0.0213,184.0,0.02131,649.0,0.02131,2486190.0,
1753460331966,16:18:51.966,ACH/USDT:USDT,0.0213,184.0,0.02131,567.0,0.02131,2486190.0,
1753460332104,16:18:52.104,ACH/USDT:USDT,0.0213,184.0,0.02131,718.0,0.02131,2486190.0,
1753460332313,16:18:52.313,ACH/USDT:USDT,0.0213,158.0,0.02131,718.0,0.02131,2486190.0,
1753460332912,16:18:52.912,ACH/USDT:USDT,0.0213,185.0,0.02131,518.0,0.02131,2486190.0,
1753460333043,16:18:53.043,ACH/USDT:USDT,0.0213,308.0,0.02131,486.0,0.02131,2486190.0,
1753460333153,16:18:53.153,ACH/USDT:USDT,0.0213,308.0,0.02131,591.0,0.02131,2486190.0,
1753460333283,16:18:53.283,ACH/USDT:USDT,0.0213,32.0,0.02131,638.0,0.0213,2486204.0,
1753460333414,16:18:53.414,ACH/USDT:USDT,0.02129,356.0,0.0213,332.0,0.0213,2486236.0,
1753460333565,16:18:53.565,ACH/USDT:USDT,0.02129,544.0,0.0213,334.0,0.0213,2486236.0,
1753460334214,16:18:54.214,ACH/USDT:USDT,0.02129,544.0,0.0213,174.0,0.0213,2486236.0,
1753460334369,16:18:54.369,ACH/USDT:USDT,0.02129,544.0,0.0213,201.0,0.0213,2486236.0,
1753460334483,16:18:54.483,ACH/USDT:USDT,0.02129,544.0,0.0213,306.0,0.0213,2486236.0,
1753460334810,16:18:54.810,ACH/USDT:USDT,0.02129,544.0,0.0213,199.0,0.0213,2486236.0,
1753460335171,16:18:55.171,ACH/USDT:USDT,0.02129,544.0,0.0213,201.0,0.0213,2486236.0,
1753460335405,16:18:55.405,ACH/USDT:USDT,0.02129,281.0,0.0213,596.0,0.0213,2486236.0,
1753460335618,16:18:55.618,ACH/USDT:USDT,0.02129,281.0,0.0213,491.0,0.0213,2486236.0,
1753460335880,16:18:55.880,ACH/USDT:USDT,0.02129,281.0,0.0213,307.0,0.0213,2486236.0,
1753460336005,16:18:56.005,ACH/USDT:USDT,0.02129,281.0,0.0213,412.0,0.0213,2486236.0,
1753460336108,16:18:56.108,ACH/USDT:USDT,0.02129,281.0,0.0213,459.0,0.0213,2486236.0,
1753460336807,16:18:56.807,ACH/USDT:USDT,0.02129,717.0,0.0213,103.0,0.0213,2486236.0,
1753460336937,16:18:56.937,ACH/USDT:USDT,0.0213,141.0,0.02131,833.0,0.0213,2486236.0,
1753460337067,16:18:57.067,ACH/USDT:USDT,0.0213,141.0,0.02131,730.0,0.0213,2486236.0,
1753460337305,16:18:57.305,ACH/USDT:USDT,0.0213,141.0,0.02131,835.0,0.0213,2486236.0,
1753460337408,16:18:57.408,ACH/USDT:USDT,0.0213,141.0,0.02131,730.0,0.0213,2486236.0,
1753460337514,16:18:57.514,ACH/USDT:USDT,0.0213,141.0,0.02131,835.0,0.0213,2486236.0,
1753460337614,16:18:57.614,ACH/USDT:USDT,0.0213,402.0,0.02131,187.0,0.0213,2486236.0,
1753460338477,16:18:58.477,ACH/USDT:USDT,0.0213,355.0,0.02131,187.0,0.0213,2486236.0,
1753460338589,16:18:58.589,ACH/USDT:USDT,0.0213,355.0,0.02131,196.0,0.0213,2486236.0,
1753460338709,16:18:58.709,ACH/USDT:USDT,0.0213,216.0,0.02131,196.0,0.0213,2486236.0,
1753460338811,16:18:58.811,ACH/USDT:USDT,0.0213,2.0,0.02131,620.0,0.0213,2486236.0,
1753460338911,16:18:58.911,ACH/USDT:USDT,0.02129,739.0,0.0213,72.0,0.0213,2486236.0,
1753460339066,16:18:59.066,ACH/USDT:USDT,0.02129,741.0,0.0213,27.0,0.0213,2486236.0,
1753460339314,16:18:59.314,ACH/USDT:USDT,0.02129,867.0,0.0213,27.0,0.0213,2486236.0,
1753460339568,16:18:59.568,ACH/USDT:USDT,0.0213,141.0,0.02131,406.0,0.0213,2486236.0,
1753460339718,16:18:59.718,ACH/USDT:USDT,0.0213,143.0,0.02131,892.0,0.0213,2486236.0,
1753460339866,16:18:59.866,ACH/USDT:USDT,0.0213,143.0,0.02131,740.0,0.0213,2486236.0,
1753460340085,16:19:00.085,ACH/USDT:USDT,0.0213,143.0,0.02131,655.0,0.0213,2485860.0,
1753460340196,16:19:00.196,ACH/USDT:USDT,0.02129,573.0,0.02131,655.0,0.0213,2485860.0,
1753460340310,16:19:00.310,ACH/USDT:USDT,0.02129,734.0,0.0213,27.0,0.0213,2485860.0,
1753460340420,16:19:00.420,ACH/USDT:USDT,0.02129,351.0,0.0213,433.0,0.0213,2485860.0,
1753460340568,16:19:00.568,ACH/USDT:USDT,0.02129,274.0,0.0213,433.0,0.0213,2485860.0,
1753460340684,16:19:00.684,ACH/USDT:USDT,0.02129,116.0,0.0213,433.0,0.0213,2485860.0,
1753460340805,16:19:00.805,ACH/USDT:USDT,0.02129,2.0,0.0213,433.0,0.0213,2485860.0,
1753460340916,16:19:00.916,ACH/USDT:USDT,0.02129,2.0,0.0213,547.0,0.0213,2485860.0,
1753460341021,16:19:01.021,ACH/USDT:USDT,0.02129,6.0,0.0213,793.0,0.0213,2485860.0,
1753460341270,16:19:01.270,ACH/USDT:USDT,0.02129,148.0,0.0213,679.0,0.0213,2485860.0,
1753460341385,16:19:01.385,ACH/USDT:USDT,0.02129,122.0,0.0213,793.0,0.0213,2485860.0,
1753460341795,16:19:01.795,ACH/USDT:USDT,0.02129,8.0,0.0213,793.0,0.0213,2485860.0,
1753460342135,16:19:02.135,ACH/USDT:USDT,0.02129,281.0,0.0213,472.0,0.0213,2485860.0,
1753460342289,16:19:02.289,ACH/USDT:USDT,0.02129,354.0,0.0213,366.0,0.0213,2485860.0,
1753460342410,16:19:02.410,ACH/USDT:USDT,0.02129,403.0,0.0213,366.0,0.0213,2485860.0,
1753460342515,16:19:02.515,ACH/USDT:USDT,0.02129,356.0,0.0213,472.0,0.0213,2485860.0,
1753460343011,16:19:03.011,ACH/USDT:USDT,0.02129,281.0,0.0213,586.0,0.0213,2485860.0,
1753460343112,16:19:03.112,ACH/USDT:USDT,0.02129,281.0,0.0213,633.0,0.0213,2485860.0,
1753460344070,16:19:04.070,ACH/USDT:USDT,0.02129,281.0,0.0213,472.0,0.0213,2485860.0,
1753460344205,16:19:04.205,ACH/USDT:USDT,0.02129,281.0,0.0213,633.0,0.0213,2485860.0,
1753460344510,16:19:04.510,ACH/USDT:USDT,0.02129,281.0,0.0213,433.0,0.0213,2485860.0,
1753460345215,16:19:05.215,ACH/USDT:USDT,0.02129,167.0,0.0213,600.0,0.0213,2485860.0,
1753460345418,16:19:05.418,ACH/USDT:USDT,0.0213,142.0,0.02131,412.0,0.0213,2485860.0,
1753460345524,16:19:05.524,ACH/USDT:USDT,0.0213,315.0,0.02131,410.0,0.0213,2485860.0,
1753460345632,16:19:05.632,ACH/USDT:USDT,0.0213,313.0,0.02131,410.0,0.0213,2485860.0,
1753460345758,16:19:05.758,ACH/USDT:USDT,0.0213,315.0,0.02131,410.0,0.0213,2485860.0,
1753460345879,16:19:05.879,ACH/USDT:USDT,0.0213,29.0,0.02131,410.0,0.0213,2485860.0,
1753460346005,16:19:06.005,ACH/USDT:USDT,0.02129,2181.0,0.02131,1361.0,0.0213,2485860.0,
1753460346107,16:19:06.107,ACH/USDT:USDT,0.02129,2040.0,0.0213,58.0,0.0213,2485860.0,
1753460346207,16:19:06.207,ACH/USDT:USDT,0.02129,2040.0,0.0213,60.0,0.0213,2485860.0,
1753460346710,16:19:06.710,ACH/USDT:USDT,0.02129,2163.0,0.0213,60.0,0.0213,2485860.0,
1753460346811,16:19:06.811,ACH/USDT:USDT,0.02129,2210.0,0.0213,37.0,0.0213,2485860.0,
1753460347026,16:19:07.026,ACH/USDT:USDT,0.0213,470.0,0.02131,377.0,0.0213,2485897.0,
1753460347167,16:19:07.167,ACH/USDT:USDT,0.0213,642.0,0.02131,377.0,0.0213,2485897.0,
1753460347279,16:19:07.279,ACH/USDT:USDT,0.0213,726.0,0.02131,152.0,0.0213,2485897.0,
1753460347904,16:19:07.904,ACH/USDT:USDT,0.0213,523.0,0.02131,287.0,0.0213,2485897.0,
1753460348007,16:19:08.007,ACH/USDT:USDT,0.0213,523.0,0.02131,175.0,0.0213,2485897.0,
1753460348212,16:19:08.212,ACH/USDT:USDT,0.0213,569.0,0.02131,40.0,0.0213,2485897.0,
1753460348478,16:19:08.478,ACH/USDT:USDT,0.0213,569.0,0.02131,36.0,0.0213,2485897.0,
1753460349041,16:19:09.041,ACH/USDT:USDT,0.0213,769.0,0.02131,36.0,0.0213,2485897.0,
1753460349512,16:19:09.512,ACH/USDT:USDT,0.0213,353.0,0.02131,151.0,0.0213,2485897.0,
1753460349666,16:19:09.666,ACH/USDT:USDT,0.0213,353.0,0.02131,441.0,0.0213,2485897.0,
1753460349770,16:19:09.770,ACH/USDT:USDT,0.0213,400.0,0.02131,441.0,0.0213,2485897.0,
1753460350111,16:19:10.111,ACH/USDT:USDT,0.0213,523.0,0.02131,441.0,0.0213,2485897.0,
1753460350211,16:19:10.211,ACH/USDT:USDT,0.0213,400.0,0.02131,441.0,0.0213,2485897.0,
1753460350552,16:19:10.552,ACH/USDT:USDT,0.0213,398.0,0.02131,273.0,0.0213,2485897.0,
1753460350690,16:19:10.690,ACH/USDT:USDT,0.0213,525.0,0.02131,151.0,0.0213,2485897.0,
1753460350806,16:19:10.806,ACH/USDT:USDT,0.0213,525.0,0.02131,36.0,0.0213,2485897.0,
1753460351414,16:19:11.414,ACH/USDT:USDT,0.0213,28.0,0.02131,545.0,0.0213,2485897.0,
1753460351630,16:19:11.630,ACH/USDT:USDT,0.02129,468.0,0.0213,142.0,0.0213,2485897.0,
1753460351780,16:19:11.780,ACH/USDT:USDT,0.02129,346.0,0.0213,144.0,0.0213,2485897.0,
1753460351892,16:19:11.892,ACH/USDT:USDT,0.02129,669.0,0.02131,1975.0,0.0213,2486014.0,
1753460352004,16:19:12.004,ACH/USDT:USDT,0.0213,227.0,0.02131,584.0,0.0213,2486014.0,
1753460352106,16:19:12.106,ACH/USDT:USDT,0.0213,252.0,0.02131,266.0,0.0213,2486014.0,
1753460352210,16:19:12.210,ACH/USDT:USDT,0.0213,371.0,0.02131,135.0,0.0213,2486014.0,
1753460352417,16:19:12.417,ACH/USDT:USDT,0.0213,634.0,0.02131,35.0,0.0213,2486014.0,
1753460352917,16:19:12.917,ACH/USDT:USDT,0.0213,880.0,0.02132,2734.0,0.02131,2486049.0,
1753460353025,16:19:13.025,ACH/USDT:USDT,0.0213,741.0,0.02132,1879.0,0.02131,2486049.0,
1753460353426,16:19:13.426,ACH/USDT:USDT,0.02131,143.0,0.02132,1077.0,0.02131,2486049.0,
1753460353575,16:19:13.575,ACH/USDT:USDT,0.02131,270.0,0.02132,722.0,0.02131,2486049.0,
1753460353679,16:19:13.679,ACH/USDT:USDT,0.02131,412.0,0.02132,396.0,0.02131,2486049.0,
1753460353805,16:19:13.805,ACH/USDT:USDT,0.02131,535.0,0.02132,261.0,0.02131,2486049.0,
1753460353908,16:19:13.908,ACH/USDT:USDT,0.02131,535.0,0.02132,149.0,0.02131,2486049.0,
1753460354113,16:19:14.113,ACH/USDT:USDT,0.02131,412.0,0.02132,288.0,0.02131,2486049.0,
1753460354215,16:19:14.215,ACH/USDT:USDT,0.02131,143.0,0.02132,675.0,0.02131,2486049.0,
1753460354365,16:19:14.365,ACH/USDT:USDT,0.02131,143.0,0.02132,666.0,0.02131,2486049.0,
1753460354599,16:19:14.599,ACH/USDT:USDT,0.02131,143.0,0.02132,505.0,0.02131,2486049.0,
1753460354909,16:19:14.909,ACH/USDT:USDT,0.02131,143.0,0.02132,866.0,0.02131,2486049.0,
1753460355168,16:19:15.168,ACH/USDT:USDT,0.02131,143.0,0.02132,705.0,0.02131,2486049.0,
1753460355709,16:19:15.709,ACH/USDT:USDT,0.02131,27.0,0.02132,705.0,0.02131,2486049.0,
1753460355815,16:19:15.815,ACH/USDT:USDT,0.0213,523.0,0.02132,1641.0,0.02131,2486049.0,
1753460355968,16:19:15.968,ACH/USDT:USDT,0.0213,737.0,0.02131,29.0,0.02131,2486049.0,
1753460356075,16:19:16.075,ACH/USDT:USDT,0.0213,348.0,0.02131,144.0,0.02131,2486049.0,
1753460356306,16:19:16.306,ACH/USDT:USDT,0.0213,659.0,0.02131,4.0,0.02131,2486049.0,
1753460356513,16:19:16.513,ACH/USDT:USDT,0.0213,706.0,0.02131,4.0,0.02131,2486049.0,
1753460356751,16:19:16.751,ACH/USDT:USDT,0.02131,481.0,0.02132,187.0,0.02131,2486053.0,
1753460356855,16:19:16.855,ACH/USDT:USDT,0.02131,734.0,0.02132,189.0,0.02131,2486053.0,
1753460357175,16:19:17.175,ACH/USDT:USDT,0.02131,734.0,0.02132,45.0,0.02132,2486054.0,
1753460357294,16:19:17.294,ACH/USDT:USDT,0.02132,276.0,0.02133,881.0,0.02132,2486099.0,
1753460357412,16:19:17.412,ACH/USDT:USDT,0.02132,323.0,0.02133,749.0,0.02132,2486099.0,
1753460357617,16:19:17.617,ACH/USDT:USDT,0.02131,409.0,0.02133,1379.0,0.02132,2486099.0,
1753460357721,16:19:17.721,ACH/USDT:USDT,0.02131,729.0,0.02132,25.0,0.02132,2486099.0,
1753460357847,16:19:17.847,ACH/USDT:USDT,0.02131,558.0,0.02132,27.0,0.02132,2486099.0,
1753460358410,16:19:18.410,ACH/USDT:USDT,0.02131,681.0,0.02132,27.0,0.02132,2486099.0,
1753460358512,16:19:18.512,ACH/USDT:USDT,0.02131,558.0,0.02132,2.0,0.02132,2486099.0,
1753460358613,16:19:18.613,ACH/USDT:USDT,0.02131,728.0,0.02133,888.0,0.02132,2486099.0,
1753460358768,16:19:18.768,ACH/USDT:USDT,0.02132,257.0,0.02133,486.0,0.02132,2486099.0,
1753460358872,16:19:18.872,ACH/USDT:USDT,0.02132,259.0,0.02133,485.0,0.02132,2486099.0,
1753460359723,16:19:19.723,ACH/USDT:USDT,0.02132,259.0,0.02133,685.0,0.02132,2486099.0,
1753460359823,16:19:19.823,ACH/USDT:USDT,0.02131,579.0,0.02133,1364.0,0.02132,2486099.0,
1753460360064,16:19:20.064,ACH/USDT:USDT,0.02131,567.0,0.02132,27.0,0.02132,2486099.0,
1753460360686,16:19:20.686,ACH/USDT:USDT,0.02131,274.0,0.02132,620.0,0.02132,2486099.0,
1753460360811,16:19:20.811,ACH/USDT:USDT,0.02131,274.0,0.02132,622.0,0.02132,2486099.0,
1753460361121,16:19:21.121,ACH/USDT:USDT,0.02131,143.0,0.02132,622.0,0.02132,2486099.0,
1753460361458,16:19:21.458,ACH/USDT:USDT,0.02131,143.0,0.02132,508.0,0.02132,2486099.0,
1753460361574,16:19:21.574,ACH/USDT:USDT,0.02131,376.0,0.02132,241.0,0.02132,2486099.0,
1753460361682,16:19:21.682,ACH/USDT:USDT,0.02131,501.0,0.02133,1660.0,0.02132,2486099.0,
1753460361804,16:19:21.804,ACH/USDT:USDT,0.02131,688.0,0.02132,23.0,0.02132,2486099.0,
1753460361909,16:19:21.909,ACH/USDT:USDT,0.02131,689.0,0.02132,25.0,0.02132,2486099.0,
1753460362669,16:19:22.669,ACH/USDT:USDT,0.02131,689.0,0.02132,193.0,0.02132,2486099.0,
1753460362810,16:19:22.810,ACH/USDT:USDT,0.02131,519.0,0.02132,25.0,0.02132,2486099.0,
1753460362919,16:19:22.919,ACH/USDT:USDT,0.02131,689.0,0.02132,25.0,0.02132,2486099.0,
1753460363034,16:19:23.034,ACH/USDT:USDT,0.02131,689.0,0.02133,1553.0,0.02132,2486099.0,
1753460363378,16:19:23.378,ACH/USDT:USDT,0.02132,30.0,0.02133,1306.0,0.02132,2486099.0,
1753460363504,16:19:23.504,ACH/USDT:USDT,0.02132,456.0,0.02133,380.0,0.02132,2486099.0,
1753460363616,16:19:23.616,ACH/USDT:USDT,0.02132,458.0,0.02133,264.0,0.02132,2486099.0,
1753460363719,16:19:23.719,ACH/USDT:USDT,0.02132,335.0,0.02133,264.0,0.02132,2486099.0,
1753460363873,16:19:23.873,ACH/USDT:USDT,0.02132,541.0,0.02133,29.0,0.02132,2486099.0,
1753460364418,16:19:24.418,ACH/USDT:USDT,0.02132,541.0,0.02133,1.0,0.02132,2486099.0,
1753460364523,16:19:24.523,ACH/USDT:USDT,0.02132,587.0,0.02133,1.0,0.02132,2486099.0,
1753460364782,16:19:24.782,ACH/USDT:USDT,0.02132,787.0,0.02133,1.0,0.02132,2486099.0,
1753460365510,16:19:25.510,ACH/USDT:USDT,0.02132,741.0,0.02133,20.0,0.02132,2486099.0,
1753460365821,16:19:25.821,ACH/USDT:USDT,0.02133,311.0,0.02134,377.0,0.02133,2486121.0,
1753460365945,16:19:25.945,ACH/USDT:USDT,0.02133,321.0,0.02134,377.0,0.02133,2486121.0,
1753460366067,16:19:26.067,ACH/USDT:USDT,0.02133,274.0,0.02134,394.0,0.02133,2486121.0,
1753460366778,16:19:26.778,ACH/USDT:USDT,0.02133,523.0,0.02134,155.0,0.02133,2486121.0,
1753460366880,16:19:26.880,ACH/USDT:USDT,0.02133,523.0,0.02134,54.0,0.02133,2486121.0,
1753460367220,16:19:27.220,ACH/USDT:USDT,0.02133,400.0,0.02134,54.0,0.02133,2486121.0,
1753460367323,16:19:27.323,ACH/USDT:USDT,0.02133,523.0,0.02134,54.0,0.02133,2486121.0,
1753460367760,16:19:27.760,ACH/USDT:USDT,0.02133,723.0,0.02134,151.0,0.02133,2486121.0,
1753460368471,16:19:28.471,ACH/USDT:USDT,0.02133,723.0,0.02134,127.0,0.02133,2486121.0,
1753460368910,16:19:28.910,ACH/USDT:USDT,0.02133,723.0,0.02134,105.0,0.02133,2486121.0,
1753460369016,16:19:29.016,ACH/USDT:USDT,0.02133,723.0,0.02134,2.0,0.02133,2486121.0,
1753460369222,16:19:29.222,ACH/USDT:USDT,0.02133,769.0,0.02134,2.0,0.02133,2486121.0,
1753460369369,16:19:29.369,ACH/USDT:USDT,0.02133,769.0,0.02134,4.0,0.02133,2486121.0,
1753460369475,16:19:29.475,ACH/USDT:USDT,0.02133,723.0,0.02134,4.0,0.02133,2486121.0,
1753460369812,16:19:29.812,ACH/USDT:USDT,0.02133,723.0,0.02134,30.0,0.02133,2486121.0,
1753460369955,16:19:29.955,ACH/USDT:USDT,0.02133,600.0,0.02134,32.0,0.02133,2486121.0,
1753460370059,16:19:30.059,ACH/USDT:USDT,0.02133,723.0,0.02134,33.0,0.02133,2486121.0,
1753460370804,16:19:30.804,ACH/USDT:USDT,0.02133,723.0,0.02134,6.0,0.02133,2486121.0,
1753460370905,16:19:30.905,ACH/USDT:USDT,0.02133,723.0,0.02134,29.0,0.02133,2486121.0,
1753460371009,16:19:31.009,ACH/USDT:USDT,0.02133,723.0,0.02134,31.0,0.02133,2486121.0,
1753460371212,16:19:31.212,ACH/USDT:USDT,0.02133,353.0,0.02134,266.0,0.02133,2486121.0,
1753460371367,16:19:31.367,ACH/USDT:USDT,0.02133,274.0,0.02134,419.0,0.02133,2486121.0,
1753460371706,16:19:31.706,ACH/USDT:USDT,0.02133,274.0,0.02134,372.0,0.02133,2486121.0,
1753460371911,16:19:31.911,ACH/USDT:USDT,0.02133,274.0,0.02134,523.0,0.02133,2486121.0,
1753460372027,16:19:32.027,ACH/USDT:USDT,0.02133,141.0,0.02134,569.0,0.02133,2486121.0,
1753460372419,16:19:32.419,ACH/USDT:USDT,0.02133,141.0,0.02134,465.0,0.02133,2486121.0,
1753460372706,16:19:32.706,ACH/USDT:USDT,0.02133,141.0,0.02134,769.0,0.02133,2486121.0,
1753460373612,16:19:33.612,ACH/USDT:USDT,0.02133,141.0,0.02134,665.0,0.02133,2486121.0,
1753460373886,16:19:33.886,ACH/USDT:USDT,0.02133,141.0,0.02134,769.0,0.02133,2486121.0,
1753460374212,16:19:34.212,ACH/USDT:USDT,0.02133,141.0,0.02134,665.0,0.02133,2486121.0,
1753460374324,16:19:34.324,ACH/USDT:USDT,0.02133,141.0,0.02134,769.0,0.02133,2486121.0,
1753460375297,16:19:35.297,ACH/USDT:USDT,0.02133,141.0,0.02134,618.0,0.02133,2486121.0,
1753460375405,16:19:35.405,ACH/USDT:USDT,0.02133,141.0,0.02134,769.0,0.02133,2486121.0,
1753460375979,16:19:35.979,ACH/USDT:USDT,0.02132,1144.0,0.02134,1406.0,0.02133,2486121.0,
1753460376082,16:19:36.082,ACH/USDT:USDT,0.02132,554.0,0.02133,29.0,0.02133,2486121.0,
1753460376566,16:19:36.566,ACH/USDT:USDT,0.02132,601.0,0.02134,1511.0,0.02133,2486121.0,
1753460376667,16:19:36.667,ACH/USDT:USDT,0.02132,554.0,0.02134,1535.0,0.02133,2486121.0,
1753460376789,16:19:36.789,ACH/USDT:USDT,0.02132,554.0,0.02133,24.0,0.02133,2486121.0,
1753460376912,16:19:36.912,ACH/USDT:USDT,0.02132,554.0,0.02133,26.0,0.02133,2486121.0,
1753460377217,16:19:37.217,ACH/USDT:USDT,0.02132,554.0,0.02134,1489.0,0.02133,2486121.0,
1753460377371,16:19:37.371,ACH/USDT:USDT,0.02133,28.0,0.02134,896.0,0.02133,2486121.0,
1753460377508,16:19:37.508,ACH/USDT:USDT,0.02133,28.0,0.02134,943.0,0.02133,2486121.0,
1753460378327,16:19:38.327,ACH/USDT:USDT,0.02133,144.0,0.02134,743.0,0.02133,2486121.0,
1753460378467,16:19:38.467,ACH/USDT:USDT,0.02133,144.0,0.02134,700.0,0.02133,2486121.0,
1753460379036,16:19:39.036,ACH/USDT:USDT,0.02133,524.0,0.02134,196.0,0.02133,2486121.0,
1753460379247,16:19:39.247,ACH/USDT:USDT,0.02133,398.0,0.02134,196.0,0.02133,2486121.0,
1753460380012,16:19:40.012,ACH/USDT:USDT,0.02133,271.0,0.02134,449.0,0.02133,2486121.0,
1753460380133,16:19:40.133,ACH/USDT:USDT,0.02133,271.0,0.02134,451.0,0.02133,2486121.0,
1753460380234,16:19:40.234,ACH/USDT:USDT,0.02133,271.0,0.02134,300.0,0.02133,2486121.0,
1753460380358,16:19:40.358,ACH/USDT:USDT,0.02133,271.0,0.02134,467.0,0.02133,2486121.0,
1753460380493,16:19:40.493,ACH/USDT:USDT,0.02133,271.0,0.02134,571.0,0.02133,2486121.0,
1753460380715,16:19:40.715,ACH/USDT:USDT,0.02133,271.0,0.02134,467.0,0.02133,2486121.0,
1753460381072,16:19:41.072,ACH/USDT:USDT,0.02133,271.0,0.02134,571.0,0.02133,2486121.0,
1753460381305,16:19:41.305,ACH/USDT:USDT,0.02133,271.0,0.02134,467.0,0.02133,2486121.0,
1753460382107,16:19:42.107,ACH/USDT:USDT,0.02133,536.0,0.02134,54.0,0.02133,2486121.0,
1753460382466,16:19:42.466,ACH/USDT:USDT,0.02133,537.0,0.02134,54.0,0.02133,2486121.0,
1753460383020,16:19:43.020,ACH/USDT:USDT,0.02133,537.0,0.02134,6.0,0.02133,2486121.0,
1753460383131,16:19:43.131,ACH/USDT:USDT,0.02133,723.0,0.02134,4.0,0.02133,2486121.0,
1753460383231,16:19:43.231,ACH/USDT:USDT,0.02133,723.0,0.02134,28.0,0.02133,2486121.0,
1753460383334,16:19:43.334,ACH/USDT:USDT,0.02133,723.0,0.02134,30.0,0.02133,2486121.0,
1753460383565,16:19:43.565,ACH/USDT:USDT,0.02133,923.0,0.02134,30.0,0.02133,2486121.0,
1753460384070,16:19:44.070,ACH/USDT:USDT,0.02133,923.0,0.02134,4.0,0.02133,2486121.0,
1753460385115,16:19:45.115,ACH/USDT:USDT,0.02133,923.0,0.02134,34.0,0.02133,2486121.0,
1753460385224,16:19:45.224,ACH/USDT:USDT,0.02133,550.0,0.02134,129.0,0.02133,2486121.0,
1753460385368,16:19:45.368,ACH/USDT:USDT,0.02133,550.0,0.02134,262.0,0.02133,2486121.0,
1753460385470,16:19:45.470,ACH/USDT:USDT,0.02133,550.0,0.02134,261.0,0.02133,2486121.0,
1753460385725,16:19:45.725,ACH/USDT:USDT,0.02133,723.0,0.02134,261.0,0.02133,2486121.0,
1753460386411,16:19:46.411,ACH/USDT:USDT,0.02133,246.0,0.02134,365.0,0.02133,2486121.0,
1753460386512,16:19:46.512,ACH/USDT:USDT,0.02133,146.0,0.02134,579.0,0.02133,2486121.0,
1753460386720,16:19:46.720,ACH/USDT:USDT,0.02133,534.0,0.02134,100.0,0.02133,2486121.0,
1753460386827,16:19:46.827,ACH/USDT:USDT,0.02133,534.0,0.02134,22.0,0.02133,2486121.0,
1753460387318,16:19:47.318,ACH/USDT:USDT,0.02133,701.0,0.02134,22.0,0.02133,2486121.0,
1753460387437,16:19:47.437,ACH/USDT:USDT,0.02133,901.0,0.02134,22.0,0.02133,2486121.0,
1753460388875,16:19:48.875,ACH/USDT:USDT,0.02134,691.0,0.02135,58.0,0.02134,2486143.0,
1753460389014,16:19:49.014,ACH/USDT:USDT,0.02134,693.0,0.02135,156.0,0.02134,2486143.0,
1753460389159,16:19:49.159,ACH/USDT:USDT,0.02134,782.0,0.02135,134.0,0.02134,2486143.0,
1753460389275,16:19:49.275,ACH/USDT:USDT,0.02134,409.0,0.02135,36.0,0.02134,2486143.0,
1753460389392,16:19:49.392,ACH/USDT:USDT,0.02134,409.0,0.02135,267.0,0.02134,2486143.0,
1753460389506,16:19:49.506,ACH/USDT:USDT,0.02133,1112.0,0.02135,1414.0,0.02134,2486143.0,
1753460389613,16:19:49.613,ACH/USDT:USDT,0.02133,662.0,0.02134,25.0,0.02134,2486143.0,
1753460389716,16:19:49.716,ACH/USDT:USDT,0.02133,462.0,0.02134,25.0,0.02134,2486143.0,
1753460389869,16:19:49.869,ACH/USDT:USDT,0.02133,336.0,0.02134,25.0,0.02134,2486143.0,
1753460390865,16:19:50.865,ACH/USDT:USDT,0.02133,509.0,0.02134,25.0,0.02134,2486143.0,
1753460391110,16:19:51.110,ACH/USDT:USDT,0.02133,336.0,0.02134,312.0,0.02134,2486143.0,
1753460391362,16:19:51.362,ACH/USDT:USDT,0.02133,336.0,0.02134,206.0,0.02134,2486143.0,
1753460391482,16:19:51.482,ACH/USDT:USDT,0.02133,336.0,0.02134,312.0,0.02134,2486143.0,
1753460391811,16:19:51.811,ACH/USDT:USDT,0.02133,119.0,0.02134,416.0,0.02134,2486143.0,
1753460391916,16:19:51.916,ACH/USDT:USDT,0.02133,1.0,0.02134,575.0,0.02134,2486143.0,
1753460392161,16:19:52.161,ACH/USDT:USDT,0.02133,1.0,0.02134,811.0,0.02134,2486143.0,
1753460392399,16:19:52.399,ACH/USDT:USDT,0.02133,1.0,0.02134,577.0,0.02134,2486143.0,
1753460392509,16:19:52.509,ACH/USDT:USDT,0.02133,1.0,0.02134,777.0,0.02134,2486143.0,
1753460393601,16:19:53.601,ACH/USDT:USDT,0.02133,31.0,0.02134,673.0,0.02134,2486143.0,
1753460393806,16:19:53.806,ACH/USDT:USDT,0.02133,31.0,0.02134,777.0,0.02134,2486143.0,
1753460394011,16:19:54.011,ACH/USDT:USDT,0.02133,144.0,0.02134,626.0,0.02134,2486143.0,
1753460394115,16:19:54.115,ACH/USDT:USDT,0.02133,146.0,0.02134,626.0,0.02134,2486143.0,
1753460394267,16:19:54.267,ACH/USDT:USDT,0.02133,146.0,0.02134,673.0,0.02134,2486143.0,
