timestamp,time,symbol,bid,bidVolume,ask,askVolume,lastPrice,baseVolume,quoteVolume
1753460252844,16:17:32.844,ADA/USDT:USDT,0.7851,4.5,0.7852,893.3,0.7852,3974992.8,
1753460253207,16:17:33.207,ADA/USDT:USDT,0.7851,4.5,0.7852,894.5,0.7852,3974992.8,
1753460253524,16:17:33.524,ADA/USDT:USDT,0.7851,85.5,0.7852,840.7,0.7852,3974992.8,
1753460253640,16:17:33.640,ADA/USDT:USDT,0.7851,85.5,0.7852,880.2,0.7852,3974992.8,
1753460253760,16:17:33.760,ADA/USDT:USDT,0.785,119.3,0.7851,808.3,0.785,3975045.8,
1753460254217,16:17:34.217,ADA/USDT:USDT,0.785,211.0,0.7851,685.3,0.7851,3975045.9,
1753460254573,16:17:34.573,ADA/USDT:USDT,0.785,197.4,0.7851,660.5,0.7851,3975045.9,
1753460254677,16:17:34.677,ADA/USDT:USDT,0.785,197.3,0.7851,660.5,0.7851,3975045.9,
1753460254779,16:17:34.779,ADA/USDT:USDT,0.785,197.3,0.7851,685.3,0.7851,3975045.9,
1753460254910,16:17:34.910,ADA/USDT:USDT,0.785,197.3,0.7851,685.6,0.7851,3975045.9,
1753460255125,16:17:35.125,ADA/USDT:USDT,0.785,306.5,0.7851,468.6,0.7851,3975045.9,
1753460255274,16:17:35.274,ADA/USDT:USDT,0.785,222.7,0.7851,508.7,0.7851,3975045.9,
1753460255393,16:17:35.393,ADA/USDT:USDT,0.785,222.9,0.7851,469.0,0.7851,3975045.9,
1753460255503,16:17:35.503,ADA/USDT:USDT,0.785,259.6,0.7851,450.4,0.785,3975059.7,
1753460255606,16:17:35.606,ADA/USDT:USDT,0.785,229.1,0.7851,472.4,0.785,3975059.7,
1753460256496,16:17:36.496,ADA/USDT:USDT,0.785,229.1,0.7851,175.3,0.785,3975059.7,
1753460256597,16:17:36.597,ADA/USDT:USDT,0.785,77.8,0.7851,259.0,0.785,3975059.7,
1753460256704,16:17:36.704,ADA/USDT:USDT,0.785,202.5,0.7851,219.1,0.785,3975059.7,
1753460256810,16:17:36.810,ADA/USDT:USDT,0.785,52.2,0.7851,362.4,0.785,3975059.7,
1753460256921,16:17:36.921,ADA/USDT:USDT,0.785,29.8,0.7851,362.4,0.785,3975059.7,
1753460257051,16:17:37.051,ADA/USDT:USDT,0.7849,213.5,0.785,631.2,0.785,3975089.5,
1753460257174,16:17:37.174,ADA/USDT:USDT,0.7849,213.7,0.785,632.4,0.785,3975089.5,
1753460257275,16:17:37.275,ADA/USDT:USDT,0.7849,213.7,0.785,655.4,0.785,3975089.5,
1753460257379,16:17:37.379,ADA/USDT:USDT,0.7849,212.0,0.785,654.7,0.7849,3975091.2,
1753460257487,16:17:37.487,ADA/USDT:USDT,0.7849,0.1,0.785,717.9,0.7849,3975091.2,
1753460257589,16:17:37.589,ADA/USDT:USDT,0.7848,123.3,0.785,726.0,0.7849,3975091.3,
1753460257707,16:17:37.707,ADA/USDT:USDT,0.7848,15.5,0.7849,800.3,0.7848,3975101.8,
1753460257808,16:17:37.808,ADA/USDT:USDT,0.7847,315.2,0.7848,232.3,0.7848,3975101.8,
1753460258015,16:17:38.015,ADA/USDT:USDT,0.7847,315.4,0.7848,152.3,0.7848,3975101.8,
1753460258170,16:17:38.170,ADA/USDT:USDT,0.7847,305.4,0.7848,152.5,0.7847,3975111.8,
1753460258400,16:17:38.400,ADA/USDT:USDT,0.7847,305.4,0.7848,155.0,0.7847,3975111.8,
1753460258812,16:17:38.812,ADA/USDT:USDT,0.7847,168.7,0.7848,201.4,0.7847,3975111.8,
1753460258913,16:17:38.913,ADA/USDT:USDT,0.7846,166.2,0.7848,257.2,0.7847,3975177.1,
1753460259015,16:17:39.015,ADA/USDT:USDT,0.7846,314.3,0.7847,416.5,0.7847,3975177.1,
1753460259122,16:17:39.122,ADA/USDT:USDT,0.7847,487.7,0.7848,179.9,0.7847,3975338.5,
1753460259241,16:17:39.241,ADA/USDT:USDT,0.7847,157.5,0.7848,272.3,0.7847,3975338.5,
1753460259349,16:17:39.349,ADA/USDT:USDT,0.7847,76.5,0.7848,299.6,0.7847,3975338.5,
1753460259448,16:17:39.448,ADA/USDT:USDT,0.7847,76.5,0.7848,262.8,0.7847,3975338.5,
1753460259560,16:17:39.560,ADA/USDT:USDT,0.7847,122.6,0.7848,289.5,0.7847,3975338.5,
1753460259676,16:17:39.676,ADA/USDT:USDT,0.7847,46.3,0.7848,370.2,0.7848,3975338.6,
1753460259784,16:17:39.784,ADA/USDT:USDT,0.7847,46.3,0.7848,354.4,0.7848,3975338.6,
1753460259895,16:17:39.895,ADA/USDT:USDT,0.7847,46.3,0.7848,370.4,0.7848,3975338.6,
1753460259996,16:17:39.996,ADA/USDT:USDT,0.7846,217.3,0.7848,371.6,0.7847,3975384.9,
1753460260097,16:17:40.097,ADA/USDT:USDT,0.7845,307.4,0.7847,757.4,0.7846,3975388.6,
1753460260199,16:17:40.199,ADA/USDT:USDT,0.7844,158.4,0.7846,854.0,0.7845,3975439.2,
1753460260308,16:17:40.308,ADA/USDT:USDT,0.7844,192.7,0.7845,805.7,0.7845,3975439.5,
1753460260413,16:17:40.413,ADA/USDT:USDT,0.7844,254.8,0.7845,739.9,0.7845,3975439.5,
1753460260614,16:17:40.614,ADA/USDT:USDT,0.7844,295.3,0.7845,572.1,0.7845,3975439.5,
1753460260823,16:17:40.823,ADA/USDT:USDT,0.7844,239.3,0.7845,611.8,0.7845,3975439.5,
1753460260976,16:17:40.976,ADA/USDT:USDT,0.7844,243.0,0.7845,611.8,0.7845,3975439.5,
1753460261080,16:17:41.080,ADA/USDT:USDT,0.7844,170.0,0.7845,613.2,0.7845,3975439.5,
1753460261187,16:17:41.187,ADA/USDT:USDT,0.7844,223.9,0.7845,679.3,0.7845,3975439.5,
1753460261288,16:17:41.288,ADA/USDT:USDT,0.7844,251.3,0.7845,575.9,0.7845,3975439.5,
1753460261406,16:17:41.406,ADA/USDT:USDT,0.7842,172.5,0.7844,910.0,0.7843,3975599.3,
1753460261509,16:17:41.509,ADA/USDT:USDT,0.7842,377.4,0.7843,464.1,0.7843,3975599.3,
1753460261623,16:17:41.623,ADA/USDT:USDT,0.7841,123.6,0.7843,594.7,0.7842,3975599.8,
1753460261738,16:17:41.738,ADA/USDT:USDT,0.7841,172.9,0.7842,794.6,0.7842,3975599.8,
1753460261859,16:17:41.859,ADA/USDT:USDT,0.7841,119.2,0.7842,646.1,0.7842,3975599.8,
1753460261961,16:17:41.961,ADA/USDT:USDT,0.784,177.0,0.7841,236.2,0.7841,3975600.0,
1753460262084,16:17:42.084,ADA/USDT:USDT,0.784,207.5,0.7841,519.6,0.7841,3975600.0,
1753460262200,16:17:42.200,ADA/USDT:USDT,0.784,233.3,0.7841,434.0,0.7841,3975600.0,
1753460262306,16:17:42.306,ADA/USDT:USDT,0.784,316.8,0.7841,112.0,0.7841,3975600.0,
1753460262413,16:17:42.413,ADA/USDT:USDT,0.7841,889.7,0.7843,425.0,0.7842,3975600.4,
1753460262522,16:17:42.522,ADA/USDT:USDT,0.7842,644.1,0.7843,225.4,0.7842,3975600.4,
1753460262624,16:17:42.624,ADA/USDT:USDT,0.7842,118.6,0.7843,218.3,0.7842,3975600.4,
1753460262726,16:17:42.726,ADA/USDT:USDT,0.7842,159.0,0.7843,217.5,0.7842,3975600.4,
1753460262828,16:17:42.828,ADA/USDT:USDT,0.7842,0.2,0.7843,338.5,0.7842,3975600.4,
1753460263076,16:17:43.076,ADA/USDT:USDT,0.7841,357.7,0.7842,20.0,0.7842,3975600.4,
1753460263179,16:17:43.179,ADA/USDT:USDT,0.7841,198.9,0.7842,343.3,0.7842,3975600.4,
1753460263306,16:17:43.306,ADA/USDT:USDT,0.7841,204.4,0.7842,221.7,0.7842,3975600.4,
1753460263406,16:17:43.406,ADA/USDT:USDT,0.7841,383.0,0.7842,111.9,0.7842,3975600.4,
1753460263623,16:17:43.623,ADA/USDT:USDT,0.7841,353.7,0.7842,45.8,0.7842,3975600.4,
1753460263752,16:17:43.752,ADA/USDT:USDT,0.7842,480.4,0.7843,200.9,0.7842,3975600.8,
1753460263856,16:17:43.856,ADA/USDT:USDT,0.7842,240.2,0.7843,266.2,0.7842,3975600.8,
1753460263980,16:17:43.980,ADA/USDT:USDT,0.7842,147.6,0.7843,296.7,0.7842,3975600.8,
1753460264111,16:17:44.111,ADA/USDT:USDT,0.7841,238.6,0.7842,293.8,0.7842,3975600.8,
1753460264334,16:17:44.334,ADA/USDT:USDT,0.7841,310.2,0.7842,172.4,0.7842,3975600.9,
1753460264435,16:17:44.435,ADA/USDT:USDT,0.7841,258.6,0.7842,215.2,0.7842,3975600.9,
1753460264546,16:17:44.546,ADA/USDT:USDT,0.7841,172.6,0.7842,361.0,0.7842,3975600.9,
1753460264681,16:17:44.681,ADA/USDT:USDT,0.7841,198.2,0.7842,360.7,0.7842,3975601.0,
1753460264804,16:17:44.804,ADA/USDT:USDT,0.7841,198.2,0.7842,296.9,0.7842,3975601.0,
1753460264907,16:17:44.907,ADA/USDT:USDT,0.7841,238.8,0.7842,259.5,0.7842,3975601.0,
1753460265014,16:17:45.014,ADA/USDT:USDT,0.7841,238.8,0.7842,379.3,0.7842,3975601.0,
1753460265115,16:17:45.115,ADA/USDT:USDT,0.7841,107.0,0.7842,394.0,0.7842,3975601.0,
1753460265220,16:17:45.220,ADA/USDT:USDT,0.7841,106.7,0.7842,394.0,0.7842,3975601.0,
1753460265369,16:17:45.369,ADA/USDT:USDT,0.7841,25.7,0.7842,444.6,0.7842,3975601.0,
1753460265610,16:17:45.610,ADA/USDT:USDT,0.7841,238.8,0.7842,244.4,0.7842,3975601.0,
1753460265717,16:17:45.717,ADA/USDT:USDT,0.7841,258.8,0.7842,244.4,0.7842,3975601.0,
1753460265921,16:17:45.921,ADA/USDT:USDT,0.7841,353.5,0.7842,113.5,0.7842,3975601.1,
1753460266023,16:17:46.023,ADA/USDT:USDT,0.7841,331.1,0.7842,21.8,0.7842,3975601.1,
1753460266264,16:17:46.264,ADA/USDT:USDT,0.7842,859.7,0.7843,0.2,0.7842,3975603.2,
1753460266369,16:17:46.369,ADA/USDT:USDT,0.7842,709.3,0.7843,132.0,0.7842,3975603.2,
1753460266588,16:17:46.588,ADA/USDT:USDT,0.7842,25.7,0.7843,486.9,0.7843,3975625.3,
1753460266705,16:17:46.705,ADA/USDT:USDT,0.7842,25.7,0.7843,487.0,0.7843,3975625.3,
1753460266808,16:17:46.808,ADA/USDT:USDT,0.7842,25.7,0.7843,487.1,0.7843,3975625.3,
1753460266908,16:17:46.908,ADA/USDT:USDT,0.7842,25.7,0.7843,452.6,0.7843,3975625.3,
1753460267009,16:17:47.009,ADA/USDT:USDT,0.7842,25.7,0.7843,474.3,0.7843,3975625.3,
1753460267223,16:17:47.223,ADA/USDT:USDT,0.7841,1.6,0.7842,1087.8,0.7842,3975651.1,
1753460267371,16:17:47.371,ADA/USDT:USDT,0.784,214.1,0.7841,488.7,0.7841,3975651.3,
1753460267476,16:17:47.476,ADA/USDT:USDT,0.784,4.1,0.7841,536.5,0.7841,3975651.3,
1753460267602,16:17:47.602,ADA/USDT:USDT,0.784,151.1,0.7841,503.5,0.7841,3975651.3,
1753460267710,16:17:47.710,ADA/USDT:USDT,0.784,217.2,0.7841,496.9,0.7841,3975651.3,
1753460267814,16:17:47.814,ADA/USDT:USDT,0.784,151.1,0.7841,389.0,0.7841,3975651.3,
1753460267916,16:17:47.916,ADA/USDT:USDT,0.784,107.4,0.7841,486.7,0.7841,3975651.3,
1753460268128,16:17:48.128,ADA/USDT:USDT,0.784,4.1,0.7841,486.9,0.7841,3975651.3,
1753460268277,16:17:48.277,ADA/USDT:USDT,0.784,4.1,0.7841,493.4,0.7841,3975651.4,
1753460268382,16:17:48.382,ADA/USDT:USDT,0.784,4.4,0.7841,493.4,0.7841,3975651.4,
1753460268608,16:17:48.608,ADA/USDT:USDT,0.784,5.9,0.7841,492.7,0.7841,3975651.4,
1753460268713,16:17:48.713,ADA/USDT:USDT,0.784,5.9,0.7841,492.3,0.7841,3975651.5,
1753460268813,16:17:48.813,ADA/USDT:USDT,0.784,5.9,0.7841,492.6,0.7841,3975651.5,
1753460268923,16:17:48.923,ADA/USDT:USDT,0.784,5.7,0.7841,492.3,0.784,3975651.7,
1753460269027,16:17:49.027,ADA/USDT:USDT,0.7838,86.0,0.784,904.7,0.7839,3975664.8,
1753460269129,16:17:49.129,ADA/USDT:USDT,0.7838,528.8,0.7839,68.9,0.7838,3975892.4,
1753460269341,16:17:49.341,ADA/USDT:USDT,0.7838,452.7,0.7839,147.6,0.7838,3975892.4,
1753460269476,16:17:49.476,ADA/USDT:USDT,0.7838,452.7,0.7839,144.8,0.7838,3975892.4,
1753460269598,16:17:49.598,ADA/USDT:USDT,0.7838,452.7,0.7839,155.9,0.7838,3975892.4,
1753460269711,16:17:49.711,ADA/USDT:USDT,0.7838,322.3,0.7839,220.7,0.7838,3975892.4,
1753460269915,16:17:49.915,ADA/USDT:USDT,0.7838,249.7,0.7839,259.2,0.7838,3975892.6,
1753460270118,16:17:50.118,ADA/USDT:USDT,0.7838,106.6,0.7839,262.0,0.7838,3975892.6,
1753460270218,16:17:50.218,ADA/USDT:USDT,0.7837,253.9,0.7838,218.7,0.7838,3975892.7,
1753460270451,16:17:50.451,ADA/USDT:USDT,0.7837,210.4,0.7838,368.7,0.7838,3975892.7,
1753460270564,16:17:50.564,ADA/USDT:USDT,0.7837,148.4,0.7838,292.2,0.7838,3975892.7,
1753460270667,16:17:50.667,ADA/USDT:USDT,0.7837,254.3,0.7838,239.7,0.7837,3975892.8,
1753460270802,16:17:50.802,ADA/USDT:USDT,0.7837,234.1,0.7838,396.3,0.7838,3975899.7,
1753460270906,16:17:50.906,ADA/USDT:USDT,0.7837,196.1,0.7838,445.8,0.7837,3975917.7,
1753460271009,16:17:51.009,ADA/USDT:USDT,0.7837,233.8,0.7838,256.8,0.7837,3975917.7,
1753460271111,16:17:51.111,ADA/USDT:USDT,0.7837,233.8,0.7838,275.5,0.7838,3975917.8,
1753460271230,16:17:51.230,ADA/USDT:USDT,0.7837,233.8,0.7838,288.7,0.7838,3975917.8,
1753460271331,16:17:51.331,ADA/USDT:USDT,0.7837,233.8,0.7838,260.4,0.7838,3975917.9,
1753460271432,16:17:51.432,ADA/USDT:USDT,0.7837,234.0,0.7838,279.9,0.7838,3975917.9,
1753460271551,16:17:51.551,ADA/USDT:USDT,0.7837,148.0,0.7838,356.4,0.7838,3975917.9,
1753460271795,16:17:51.795,ADA/USDT:USDT,0.7837,210.7,0.7838,273.1,0.7838,3975917.9,
1753460271898,16:17:51.898,ADA/USDT:USDT,0.7837,250.7,0.7838,260.8,0.7838,3975918.0,
1753460272006,16:17:52.006,ADA/USDT:USDT,0.7837,250.7,0.7838,260.8,0.7838,3975918.0,
1753460272112,16:17:52.112,ADA/USDT:USDT,0.7837,316.0,0.7838,111.5,0.7838,3975918.0,
1753460272323,16:17:52.323,ADA/USDT:USDT,0.7837,344.8,0.7838,110.1,0.7838,3975919.2,
1753460272469,16:17:52.469,ADA/USDT:USDT,0.7837,251.9,0.7838,110.3,0.7838,3975919.2,
1753460272590,16:17:52.590,ADA/USDT:USDT,0.7837,251.9,0.7838,110.5,0.7838,3975919.3,
1753460272695,16:17:52.695,ADA/USDT:USDT,0.7837,355.8,0.7838,17.8,0.7838,3975919.3,
1753460272799,16:17:52.799,ADA/USDT:USDT,0.7837,336.5,0.7838,61.3,0.7838,3975919.3,
1753460272904,16:17:52.904,ADA/USDT:USDT,0.7837,253.1,0.7838,332.2,0.7838,3975919.3,
1753460273007,16:17:53.007,ADA/USDT:USDT,0.7837,251.9,0.7838,213.2,0.7838,3975919.3,
1753460273214,16:17:53.214,ADA/USDT:USDT,0.7837,2.1,0.7838,506.6,0.7838,3975919.3,
1753460273316,16:17:53.316,ADA/USDT:USDT,0.7837,0.9,0.7838,506.6,0.7838,3975919.3,
1753460273418,16:17:53.418,ADA/USDT:USDT,0.7837,0.1,0.7838,513.1,0.7837,3975920.0,
1753460273631,16:17:53.631,ADA/USDT:USDT,0.7837,213.2,0.7838,353.9,0.7837,3975920.0,
1753460273741,16:17:53.741,ADA/USDT:USDT,0.7837,233.4,0.7838,215.7,0.7837,3975920.0,
1753460273976,16:17:53.976,ADA/USDT:USDT,0.7837,22.0,0.7838,308.4,0.7837,3975920.0,
1753460274088,16:17:54.088,ADA/USDT:USDT,0.7837,0.1,0.7838,308.4,0.7837,3975920.0,
1753460274403,16:17:54.403,ADA/USDT:USDT,0.7837,0.1,0.7838,308.2,0.7837,3975920.0,
1753460274514,16:17:54.514,ADA/USDT:USDT,0.7836,214.0,0.7837,199.7,0.7837,3975920.0,
1753460274614,16:17:54.614,ADA/USDT:USDT,0.7836,189.1,0.7837,242.4,0.7837,3975920.0,
1753460274717,16:17:54.717,ADA/USDT:USDT,0.7836,148.7,0.7837,242.4,0.7837,3975920.0,
1753460274822,16:17:54.822,ADA/USDT:USDT,0.7836,440.3,0.7837,155.2,0.7837,3975920.0,
1753460274935,16:17:54.935,ADA/USDT:USDT,0.7837,750.1,0.7838,13.5,0.7837,3975922.0,
1753460275046,16:17:55.046,ADA/USDT:USDT,0.7838,550.1,0.7839,221.4,0.7838,3975952.1,
1753460275163,16:17:55.163,ADA/USDT:USDT,0.7838,39.6,0.7839,315.2,0.7838,3975952.1,
1753460275306,16:17:55.306,ADA/USDT:USDT,0.7837,236.6,0.7838,226.8,0.7838,3975952.1,
1753460275413,16:17:55.413,ADA/USDT:USDT,0.7837,197.4,0.7838,257.8,0.7838,3975952.1,
1753460275514,16:17:55.514,ADA/USDT:USDT,0.7836,168.9,0.7837,489.3,0.7837,3975953.7,
1753460275617,16:17:55.617,ADA/USDT:USDT,0.7836,250.4,0.7837,447.4,0.7837,3975953.7,
1753460275719,16:17:55.719,ADA/USDT:USDT,0.7836,151.9,0.7837,482.6,0.7837,3975953.7,
1753460275820,16:17:55.820,ADA/USDT:USDT,0.7836,217.4,0.7837,485.9,0.7836,3975960.2,
1753460275927,16:17:55.927,ADA/USDT:USDT,0.7836,217.4,0.7837,487.1,0.7836,3975960.2,
1753460276030,16:17:56.030,ADA/USDT:USDT,0.7836,217.4,0.7837,485.4,0.7836,3975960.2,
1753460276131,16:17:56.131,ADA/USDT:USDT,0.7836,4.3,0.7837,519.9,0.7836,3975960.2,
1753460276243,16:17:56.243,ADA/USDT:USDT,0.7836,4.3,0.7837,523.6,0.7836,3975960.2,
1753460276348,16:17:56.348,ADA/USDT:USDT,0.7835,20.9,0.7837,523.6,0.7836,3975964.3,
1753460276451,16:17:56.451,ADA/USDT:USDT,0.7834,262.4,0.7835,317.9,0.7835,3975983.6,
1753460276552,16:17:56.552,ADA/USDT:USDT,0.7833,27.2,0.7834,844.7,0.7834,3976032.9,
1753460276801,16:17:56.801,ADA/USDT:USDT,0.7833,148.3,0.7834,856.3,0.7834,3976032.9,
1753460277017,16:17:57.017,ADA/USDT:USDT,0.7833,182.9,0.7834,848.6,0.7834,3976032.9,
1753460277173,16:17:57.173,ADA/USDT:USDT,0.7833,1.2,0.7834,820.3,0.7833,3976033.2,
1753460277295,16:17:57.295,ADA/USDT:USDT,0.7833,32.5,0.7834,810.5,0.7833,3976033.2,
1753460277405,16:17:57.405,ADA/USDT:USDT,0.7833,0.2,0.7834,813.8,0.7833,3976034.2,
1753460277513,16:17:57.513,ADA/USDT:USDT,0.7832,275.2,0.7833,365.0,0.7833,3976034.2,
1753460277622,16:17:57.622,ADA/USDT:USDT,0.7833,622.1,0.7834,105.4,0.7833,3976034.2,
1753460277770,16:17:57.770,ADA/USDT:USDT,0.7833,465.5,0.7834,256.6,0.7833,3976034.2,
1753460277884,16:17:57.884,ADA/USDT:USDT,0.7833,269.7,0.7834,252.7,0.7833,3976034.2,
1753460278105,16:17:58.105,ADA/USDT:USDT,0.7833,269.7,0.7834,268.2,0.7833,3976034.2,
1753460278206,16:17:58.206,ADA/USDT:USDT,0.7833,106.8,0.7834,304.3,0.7833,3976034.2,
1753460278314,16:17:58.314,ADA/USDT:USDT,0.7832,235.4,0.7833,304.5,0.7833,3976034.2,
1753460278415,16:17:58.415,ADA/USDT:USDT,0.7832,266.0,0.7833,262.9,0.7833,3976034.2,
1753460278515,16:17:58.515,ADA/USDT:USDT,0.7832,215.5,0.7833,287.7,0.7833,3976034.2,
1753460278653,16:17:58.653,ADA/USDT:USDT,0.7832,215.5,0.7833,291.2,0.7833,3976034.2,
1753460278799,16:17:58.799,ADA/USDT:USDT,0.7832,317.0,0.7833,247.4,0.7833,3976034.2,
1753460279008,16:17:59.008,ADA/USDT:USDT,0.7832,397.7,0.7833,24.9,0.7833,3976034.2,
1753460279114,16:17:59.114,ADA/USDT:USDT,0.7832,235.4,0.7833,332.0,0.7833,3976034.2,
1753460279220,16:17:59.220,ADA/USDT:USDT,0.7832,254.3,0.7833,241.3,0.7833,3976034.2,
1753460279333,16:17:59.333,ADA/USDT:USDT,0.7832,254.2,0.7833,157.2,0.7832,3976034.3,
1753460279440,16:17:59.440,ADA/USDT:USDT,0.7832,254.2,0.7833,157.2,0.7832,3976034.3,
1753460279542,16:17:59.542,ADA/USDT:USDT,0.7832,254.2,0.7833,203.6,0.7832,3976034.3,
1753460279643,16:17:59.643,ADA/USDT:USDT,0.7832,254.2,0.7833,179.4,0.7832,3976034.3,
1753460279745,16:17:59.745,ADA/USDT:USDT,0.7832,346.9,0.7833,50.6,0.7832,3976034.3,
1753460279991,16:17:59.991,ADA/USDT:USDT,0.7832,236.6,0.7833,161.1,0.7832,3976034.3,
1753460280108,16:18:00.108,ADA/USDT:USDT,0.7833,679.0,0.7835,518.4,0.7834,3974322.5,
1753460280213,16:18:00.213,ADA/USDT:USDT,0.7834,141.6,0.7835,332.7,0.7834,3974322.5,
1753460280316,16:18:00.316,ADA/USDT:USDT,0.7834,0.2,0.7835,428.9,0.7834,3974322.5,
1753460280427,16:18:00.427,ADA/USDT:USDT,0.7833,233.3,0.7834,178.8,0.7834,3974323.7,
1753460280535,16:18:00.535,ADA/USDT:USDT,0.7833,233.3,0.7834,199.3,0.7834,3974323.7,
1753460280642,16:18:00.642,ADA/USDT:USDT,0.7833,233.3,0.7834,313.0,0.7834,3974323.7,
1753460280876,16:18:00.876,ADA/USDT:USDT,0.7832,215.3,0.7833,635.9,0.7834,3974323.7,
1753460280982,16:18:00.982,ADA/USDT:USDT,0.7832,90.1,0.7833,649.5,0.7834,3974323.7,
1753460281082,16:18:01.082,ADA/USDT:USDT,0.7832,2.4,0.7833,640.8,0.7834,3974323.7,
1753460281183,16:18:01.183,ADA/USDT:USDT,0.7831,233.6,0.7832,183.6,0.7832,3974326.5,
1753460281286,16:18:01.286,ADA/USDT:USDT,0.7831,253.4,0.7832,167.9,0.7831,3974366.4,
1753460281387,16:18:01.387,ADA/USDT:USDT,0.7831,148.6,0.7832,305.5,0.7831,3974366.4,
1753460281495,16:18:01.495,ADA/USDT:USDT,0.7831,161.7,0.7832,286.1,0.7831,3974366.4,
1753460281604,16:18:01.604,ADA/USDT:USDT,0.7831,61.6,0.7832,374.0,0.7831,3974366.4,
1753460281714,16:18:01.714,ADA/USDT:USDT,0.7831,128.5,0.7832,287.7,0.7831,3974366.4,
1753460281825,16:18:01.825,ADA/USDT:USDT,0.7831,286.7,0.7832,182.3,0.7831,3974366.4,
1753460281951,16:18:01.951,ADA/USDT:USDT,0.7831,286.7,0.7832,181.1,0.7831,3974366.4,
1753460282058,16:18:02.058,ADA/USDT:USDT,0.7831,287.3,0.7832,151.8,0.7831,3974366.4,
1753460282183,16:18:02.183,ADA/USDT:USDT,0.7832,683.9,0.7833,18.9,0.7832,3974367.9,
1753460282284,16:18:02.284,ADA/USDT:USDT,0.7833,766.0,0.7834,0.2,0.7833,3974368.0,
1753460282393,16:18:02.393,ADA/USDT:USDT,0.7833,765.7,0.7834,0.2,0.7833,3974368.3,
1753460282498,16:18:02.498,ADA/USDT:USDT,0.7834,682.1,0.7835,154.2,0.7834,3974368.5,
1753460282614,16:18:02.614,ADA/USDT:USDT,0.7834,549.6,0.7835,217.8,0.7834,3974368.5,
1753460282717,16:18:02.717,ADA/USDT:USDT,0.7834,549.6,0.7835,184.4,0.7834,3974368.5,
1753460282820,16:18:02.820,ADA/USDT:USDT,0.7834,121.6,0.7835,396.5,0.7834,3974368.5,
1753460282921,16:18:02.921,ADA/USDT:USDT,0.7832,0.2,0.7833,716.1,0.7833,3974370.3,
1753460283022,16:18:03.022,ADA/USDT:USDT,0.7831,57.8,0.7832,851.2,0.7832,3974370.5,
1753460283135,16:18:03.135,ADA/USDT:USDT,0.7831,3.0,0.7832,863.3,0.7832,3974370.5,
1753460283236,16:18:03.236,ADA/USDT:USDT,0.783,149.4,0.7831,551.8,0.7831,3974373.4,
1753460283344,16:18:03.344,ADA/USDT:USDT,0.783,2.6,0.7831,584.1,0.7831,3974373.4,
1753460283448,16:18:03.448,ADA/USDT:USDT,0.7829,17.8,0.783,817.1,0.783,3974376.0,
1753460283551,16:18:03.551,ADA/USDT:USDT,0.7829,265.9,0.783,575.9,0.783,3974376.0,
1753460283654,16:18:03.654,ADA/USDT:USDT,0.7829,107.9,0.783,587.9,0.7829,3974387.8,
1753460283756,16:18:03.756,ADA/USDT:USDT,0.7829,6.2,0.783,651.8,0.7829,3974387.8,
1753460283859,16:18:03.859,ADA/USDT:USDT,0.7829,6.2,0.783,704.2,0.7829,3974387.8,
1753460283960,16:18:03.960,ADA/USDT:USDT,0.7829,79.8,0.783,584.2,0.7829,3974387.8,
1753460284088,16:18:04.088,ADA/USDT:USDT,0.7829,6.0,0.783,648.3,0.7829,3974387.8,
1753460284192,16:18:04.192,ADA/USDT:USDT,0.7829,6.2,0.783,697.5,0.7829,3974387.8,
1753460284296,16:18:04.296,ADA/USDT:USDT,0.7829,8.3,0.783,686.1,0.7829,3974387.8,
1753460284404,16:18:04.404,ADA/USDT:USDT,0.7829,8.3,0.783,648.3,0.7829,3974387.8,
1753460284505,16:18:04.505,ADA/USDT:USDT,0.7829,221.4,0.783,577.3,0.7829,3974387.8,
1753460284613,16:18:04.613,ADA/USDT:USDT,0.7829,175.1,0.783,577.3,0.7829,3974387.8,
1753460284714,16:18:04.714,ADA/USDT:USDT,0.7829,465.5,0.783,0.2,0.7829,3974387.8,
1753460284838,16:18:04.838,ADA/USDT:USDT,0.7829,336.5,0.783,0.2,0.7829,3974387.8,
1753460284964,16:18:04.964,ADA/USDT:USDT,0.783,695.5,0.7832,693.8,0.7832,3974390.0,
1753460285092,16:18:05.092,ADA/USDT:USDT,0.7831,436.7,0.7832,145.5,0.7832,3974390.7,
1753460285193,16:18:05.193,ADA/USDT:USDT,0.7831,444.9,0.7832,128.3,0.7831,3974391.9,
1753460285304,16:18:05.304,ADA/USDT:USDT,0.7832,755.3,0.7833,2.6,0.7832,3974404.8,
1753460285407,16:18:05.407,ADA/USDT:USDT,0.7832,754.9,0.7834,212.7,0.7833,3974407.6,
1753460285510,16:18:05.510,ADA/USDT:USDT,0.7834,491.7,0.7835,135.5,0.7835,3974409.9,
1753460285615,16:18:05.615,ADA/USDT:USDT,0.7835,544.1,0.7836,107.4,0.7835,3974483.0,
1753460285719,16:18:05.719,ADA/USDT:USDT,0.7836,582.6,0.7837,66.2,0.7836,3974484.7,
1753460285820,16:18:05.820,ADA/USDT:USDT,0.7836,560.2,0.7837,2.1,0.7837,3974485.8,
1753460285927,16:18:05.927,ADA/USDT:USDT,0.7836,567.9,0.7837,2.1,0.7837,3974485.8,
1753460286049,16:18:06.049,ADA/USDT:USDT,0.7838,407.2,0.7839,191.8,0.7838,3974665.4,
1753460286150,16:18:06.150,ADA/USDT:USDT,0.7838,324.8,0.7839,242.1,0.7839,3974666.6,
1753460286252,16:18:06.252,ADA/USDT:USDT,0.7838,324.9,0.7839,185.3,0.7839,3974666.6,
1753460286358,16:18:06.358,ADA/USDT:USDT,0.7838,324.9,0.7839,69.4,0.7839,3974666.6,
1753460286459,16:18:06.459,ADA/USDT:USDT,0.7838,324.9,0.7839,86.0,0.7839,3974666.6,
1753460286582,16:18:06.582,ADA/USDT:USDT,0.7838,318.3,0.7839,45.8,0.7839,3974666.6,
1753460286714,16:18:06.714,ADA/USDT:USDT,0.7838,316.9,0.7839,99.2,0.7839,3974666.6,
1753460286827,16:18:06.827,ADA/USDT:USDT,0.7839,562.8,0.784,256.1,0.7839,3974666.6,
1753460286940,16:18:06.940,ADA/USDT:USDT,0.7839,258.5,0.784,323.8,0.7839,3974666.6,
1753460287045,16:18:07.045,ADA/USDT:USDT,0.7839,258.7,0.784,211.7,0.7839,3974666.6,
1753460287166,16:18:07.166,ADA/USDT:USDT,0.7839,258.5,0.784,327.4,0.7839,3974666.6,
1753460287299,16:18:07.299,ADA/USDT:USDT,0.7839,238.5,0.784,328.0,0.7839,3974666.6,
1753460287414,16:18:07.414,ADA/USDT:USDT,0.7839,238.9,0.784,306.2,0.7839,3974666.6,
1753460287623,16:18:07.623,ADA/USDT:USDT,0.7839,238.9,0.784,326.3,0.7839,3974666.6,
1753460287732,16:18:07.732,ADA/USDT:USDT,0.7838,213.6,0.7839,453.3,0.7839,3974667.0,
1753460287955,16:18:07.955,ADA/USDT:USDT,0.7838,213.6,0.7839,408.3,0.7839,3974667.0,
1753460288059,16:18:08.059,ADA/USDT:USDT,0.7838,213.6,0.7839,405.7,0.7839,3974667.0,
1753460288189,16:18:08.189,ADA/USDT:USDT,0.7838,253.2,0.7839,375.0,0.7838,3974667.2,
1753460288307,16:18:08.307,ADA/USDT:USDT,0.7838,253.4,0.7839,438.0,0.7839,3974673.4,
1753460288414,16:18:08.414,ADA/USDT:USDT,0.7838,253.4,0.7839,374.2,0.7839,3974673.4,
1753460288513,16:18:08.513,ADA/USDT:USDT,0.7838,253.3,0.7839,374.2,0.7839,3974673.4,
1753460288614,16:18:08.614,ADA/USDT:USDT,0.7838,255.9,0.7839,333.6,0.7839,3974673.4,
1753460288716,16:18:08.716,ADA/USDT:USDT,0.7838,255.9,0.7839,333.5,0.7839,3974673.5,
1753460288869,16:18:08.869,ADA/USDT:USDT,0.7838,253.3,0.7839,333.5,0.7839,3974673.5,
1753460288978,16:18:08.978,ADA/USDT:USDT,0.7838,255.2,0.7839,355.3,0.7839,3974673.5,
1753460289081,16:18:09.081,ADA/USDT:USDT,0.7838,27.9,0.7839,478.1,0.7839,3974673.5,
1753460289186,16:18:09.186,ADA/USDT:USDT,0.7838,27.7,0.7839,468.6,0.7839,3974673.5,
1753460289295,16:18:09.295,ADA/USDT:USDT,0.7838,2.3,0.7839,481.0,0.7839,3974673.5,
1753460289822,16:18:09.822,ADA/USDT:USDT,0.7837,358.6,0.7838,141.3,0.7838,3974676.6,
1753460289924,16:18:09.924,ADA/USDT:USDT,0.7837,358.6,0.7838,199.2,0.7838,3974676.6,
1753460290075,16:18:10.075,ADA/USDT:USDT,0.7837,280.2,0.7838,156.3,0.7838,3974676.6,
1753460290289,16:18:10.289,ADA/USDT:USDT,0.7837,390.2,0.7838,83.1,0.7838,3974681.7,
1753460290391,16:18:10.391,ADA/USDT:USDT,0.7837,391.6,0.7838,68.2,0.7838,3974681.7,
1753460290505,16:18:10.505,ADA/USDT:USDT,0.7838,368.4,0.7839,187.8,0.7838,3974681.9,
1753460290608,16:18:10.608,ADA/USDT:USDT,0.7838,368.4,0.7839,187.8,0.7838,3974681.9,
1753460290711,16:18:10.711,ADA/USDT:USDT,0.7838,375.1,0.7839,36.6,0.7839,3974682.6,
1753460290823,16:18:10.823,ADA/USDT:USDT,0.7838,395.0,0.7839,11.0,0.7839,3974682.6,
1753460290955,16:18:10.955,ADA/USDT:USDT,0.7838,377.6,0.7839,11.0,0.7839,3974682.6,
1753460291098,16:18:11.098,ADA/USDT:USDT,0.7839,690.9,0.784,85.6,0.7839,3974693.6,
1753460291204,16:18:11.204,ADA/USDT:USDT,0.7839,690.9,0.784,13.4,0.7839,3974693.6,
1753460291426,16:18:11.426,ADA/USDT:USDT,0.784,522.8,0.7841,210.0,0.784,3974709.3,
1753460291529,16:18:11.529,ADA/USDT:USDT,0.784,522.8,0.7841,163.4,0.784,3974709.3,
1753460291674,16:18:11.674,ADA/USDT:USDT,0.784,325.6,0.7841,209.0,0.784,3974709.3,
1753460291786,16:18:11.786,ADA/USDT:USDT,0.784,197.4,0.7841,343.5,0.784,3974709.5,
1753460291906,16:18:11.906,ADA/USDT:USDT,0.784,197.4,0.7841,343.5,0.784,3974709.5,
1753460292009,16:18:12.009,ADA/USDT:USDT,0.784,237.4,0.7841,207.5,0.784,3974709.5,
1753460292111,16:18:12.111,ADA/USDT:USDT,0.784,237.4,0.7841,311.7,0.784,3974709.5,
1753460292211,16:18:12.211,ADA/USDT:USDT,0.784,345.7,0.7841,0.8,0.784,3974709.5,
1753460292313,16:18:12.313,ADA/USDT:USDT,0.7841,484.8,0.7842,75.4,0.7841,3974710.3,
1753460292523,16:18:12.523,ADA/USDT:USDT,0.7841,393.8,0.7842,229.8,0.7841,3974710.3,
1753460292738,16:18:12.738,ADA/USDT:USDT,0.7841,411.9,0.7842,6.5,0.7841,3974710.3,
1753460292847,16:18:12.847,ADA/USDT:USDT,0.7841,402.9,0.7842,6.7,0.7841,3974710.3,
1753460292959,16:18:12.959,ADA/USDT:USDT,0.7841,393.8,0.7842,72.8,0.7841,3974710.3,
1753460293073,16:18:13.073,ADA/USDT:USDT,0.7841,393.8,0.7842,113.2,0.7841,3974710.3,
1753460293190,16:18:13.190,ADA/USDT:USDT,0.7841,141.2,0.7842,557.0,0.7841,3974710.3,
1753460293292,16:18:13.292,ADA/USDT:USDT,0.7841,292.5,0.7842,81.0,0.7842,3974710.4,
1753460293405,16:18:13.405,ADA/USDT:USDT,0.7841,274.7,0.7842,51.7,0.7842,3974710.4,
1753460293507,16:18:13.507,ADA/USDT:USDT,0.7841,276.0,0.7842,158.9,0.7842,3974710.4,
1753460293613,16:18:13.613,ADA/USDT:USDT,0.7841,276.0,0.7842,145.1,0.7842,3974710.4,
1753460293714,16:18:13.714,ADA/USDT:USDT,0.7842,90.3,0.7843,134.6,0.7842,3974723.0,
1753460293917,16:18:13.917,ADA/USDT:USDT,0.7842,644.8,0.7843,44.3,0.7842,3974723.0,
1753460294026,16:18:14.026,ADA/USDT:USDT,0.7842,644.8,0.7843,3.9,0.7842,3974723.0,
1753460294151,16:18:14.151,ADA/USDT:USDT,0.7842,644.8,0.7843,6.7,0.7842,3974723.0,
1753460294284,16:18:14.284,ADA/USDT:USDT,0.7842,627.5,0.7843,87.4,0.7842,3974723.0,
1753460294386,16:18:14.386,ADA/USDT:USDT,0.7842,333.5,0.7843,164.2,0.7842,3974723.0,
1753460294508,16:18:14.508,ADA/USDT:USDT,0.7841,223.5,0.7842,351.6,0.7842,3974723.1,
1753460294723,16:18:14.723,ADA/USDT:USDT,0.7841,10.4,0.7842,443.4,0.7842,3974723.1,
1753460295106,16:18:15.106,ADA/USDT:USDT,0.784,192.1,0.7841,530.0,0.7841,3974733.3,
1753460295207,16:18:15.207,ADA/USDT:USDT,0.784,25.9,0.7841,539.8,0.7841,3974733.3,
1753460295307,16:18:15.307,ADA/USDT:USDT,0.784,0.1,0.7841,541.2,0.7841,3974733.3,
1753460295514,16:18:15.514,ADA/USDT:USDT,0.784,181.0,0.7841,526.0,0.7841,3974733.3,
1753460295618,16:18:15.618,ADA/USDT:USDT,0.784,240.1,0.7841,434.6,0.7841,3974733.3,
1753460295743,16:18:15.743,ADA/USDT:USDT,0.784,267.7,0.7841,160.0,0.7841,3974733.3,
1753460295852,16:18:15.852,ADA/USDT:USDT,0.784,213.8,0.7841,300.3,0.7841,3974733.3,
1753460295953,16:18:15.953,ADA/USDT:USDT,0.784,0.2,0.7841,371.5,0.784,3974734.8,
1753460296062,16:18:16.062,ADA/USDT:USDT,0.7839,173.0,0.784,483.8,0.784,3974734.8,
1753460296193,16:18:16.193,ADA/USDT:USDT,0.7839,25.9,0.784,486.3,0.784,3974734.8,
1753460296307,16:18:16.307,ADA/USDT:USDT,0.7839,0.1,0.784,518.4,0.784,3974734.8,
1753460296414,16:18:16.414,ADA/USDT:USDT,0.7839,213.2,0.784,405.8,0.784,3974734.8,
1753460296541,16:18:16.541,ADA/USDT:USDT,0.7839,213.4,0.784,411.8,0.784,3974734.8,
1753460296673,16:18:16.673,ADA/USDT:USDT,0.7839,213.4,0.784,392.3,0.784,3974734.8,
1753460296778,16:18:16.778,ADA/USDT:USDT,0.7839,246.7,0.784,393.5,0.784,3974734.8,
1753460296904,16:18:16.904,ADA/USDT:USDT,0.7839,292.8,0.784,300.1,0.784,3974734.8,
1753460297004,16:18:17.004,ADA/USDT:USDT,0.7839,286.7,0.784,325.7,0.784,3974734.8,
1753460297109,16:18:17.109,ADA/USDT:USDT,0.7839,303.8,0.784,6.4,0.784,3974734.8,
1753460297219,16:18:17.219,ADA/USDT:USDT,0.7839,294.2,0.784,6.4,0.784,3974734.8,
1753460297321,16:18:17.321,ADA/USDT:USDT,0.7839,303.8,0.784,6.4,0.784,3974734.8,
1753460297434,16:18:17.434,ADA/USDT:USDT,0.784,558.9,0.7841,284.0,0.784,3974741.5,
1753460297562,16:18:17.562,ADA/USDT:USDT,0.784,576.1,0.7841,124.6,0.784,3974741.5,
1753460297673,16:18:17.673,ADA/USDT:USDT,0.7841,440.9,0.7842,411.1,0.7841,3974742.6,
1753460297794,16:18:17.794,ADA/USDT:USDT,0.7841,289.8,0.7842,53.2,0.7841,3974776.1,
1753460297898,16:18:17.898,ADA/USDT:USDT,0.7841,325.3,0.7842,222.3,0.7841,3974776.1,
1753460298004,16:18:18.004,ADA/USDT:USDT,0.7841,327.0,0.7843,236.5,0.7842,3974780.4,
1753460298106,16:18:18.106,ADA/USDT:USDT,0.7842,792.4,0.7843,7.3,0.7842,3974780.4,
1753460298316,16:18:18.316,ADA/USDT:USDT,0.7842,783.8,0.7843,8.5,0.7842,3974780.4,
1753460298531,16:18:18.531,ADA/USDT:USDT,0.7843,377.4,0.7844,172.3,0.7843,3974789.9,
1753460298638,16:18:18.638,ADA/USDT:USDT,0.7843,383.7,0.7844,194.0,0.7843,3974789.9,
1753460298739,16:18:18.739,ADA/USDT:USDT,0.7843,394.6,0.7844,3.0,0.7843,3974789.9,
1753460298987,16:18:18.987,ADA/USDT:USDT,0.7843,385.1,0.7844,3.0,0.7843,3974789.9,
1753460299105,16:18:19.105,ADA/USDT:USDT,0.7843,386.4,0.7844,2.8,0.7843,3974790.0,
1753460299211,16:18:19.211,ADA/USDT:USDT,0.7843,388.4,0.7844,3.0,0.7843,3974790.0,
1753460299424,16:18:19.424,ADA/USDT:USDT,0.7843,398.9,0.7844,3.2,0.7843,3974790.0,
1753460299527,16:18:19.527,ADA/USDT:USDT,0.7843,520.1,0.7844,3.2,0.7843,3974790.0,
1753460299645,16:18:19.645,ADA/USDT:USDT,0.7844,584.9,0.7845,50.9,0.7844,3974793.2,
1753460299769,16:18:19.769,ADA/USDT:USDT,0.7844,584.9,0.7845,51.1,0.7844,3974793.2,
1753460299869,16:18:19.869,ADA/USDT:USDT,0.7844,575.6,0.7845,51.0,0.7844,3974793.2,
1753460299973,16:18:19.973,ADA/USDT:USDT,0.7844,584.7,0.7846,293.5,0.7845,3974844.2,
1753460300109,16:18:20.109,ADA/USDT:USDT,0.7845,748.0,0.7846,88.8,0.7845,3974844.2,
1753460300214,16:18:20.214,ADA/USDT:USDT,0.7845,617.5,0.7846,98.6,0.7845,3974844.2,
1753460300316,16:18:20.316,ADA/USDT:USDT,0.7845,633.2,0.7846,4.3,0.7845,3974844.2,
1753460300419,16:18:20.419,ADA/USDT:USDT,0.7846,541.7,0.7847,89.1,0.7847,3974874.7,
1753460300520,16:18:20.520,ADA/USDT:USDT,0.7846,533.2,0.7847,28.1,0.7847,3974901.5,
1753460300641,16:18:20.641,ADA/USDT:USDT,0.7846,544.2,0.7847,28.1,0.7847,3974901.5,
1753460300894,16:18:20.894,ADA/USDT:USDT,0.7847,605.5,0.7848,211.2,0.7847,3974929.6,
1753460301002,16:18:21.002,ADA/USDT:USDT,0.7847,351.5,0.7848,174.6,0.7847,3974929.8,
1753460301107,16:18:21.107,ADA/USDT:USDT,0.7847,351.1,0.7848,68.1,0.7847,3974929.8,
1753460301208,16:18:21.208,ADA/USDT:USDT,0.7847,354.4,0.7849,194.0,0.7848,3974930.0,
1753460301312,16:18:21.312,ADA/USDT:USDT,0.7848,234.3,0.7849,407.8,0.7848,3974930.1,
1753460301413,16:18:21.413,ADA/USDT:USDT,0.7848,234.3,0.7849,408.0,0.7848,3974930.1,
1753460301643,16:18:21.643,ADA/USDT:USDT,0.7848,273.0,0.7849,0.4,0.7848,3974930.1,
1753460301747,16:18:21.747,ADA/USDT:USDT,0.7849,529.4,0.785,150.0,0.7849,3974930.5,
1753460301863,16:18:21.863,ADA/USDT:USDT,0.7849,529.4,0.785,42.1,0.7849,3974930.5,
1753460302083,16:18:22.083,ADA/USDT:USDT,0.7849,507.4,0.785,148.6,0.7849,3974930.5,
1753460302190,16:18:22.190,ADA/USDT:USDT,0.7849,515.8,0.7851,97.5,0.785,3974972.8,
1753460302305,16:18:22.305,ADA/USDT:USDT,0.785,516.0,0.7851,187.6,0.785,3974972.8,
1753460302407,16:18:22.407,ADA/USDT:USDT,0.785,364.4,0.7851,30.7,0.785,3974972.8,
1753460302512,16:18:22.512,ADA/USDT:USDT,0.785,346.3,0.7851,70.9,0.785,3974972.8,
1753460302614,16:18:22.614,ADA/USDT:USDT,0.785,346.3,0.7851,77.6,0.785,3974972.8,
1753460302815,16:18:22.815,ADA/USDT:USDT,0.785,346.3,0.7851,29.0,0.785,3974972.8,
1753460302917,16:18:22.917,ADA/USDT:USDT,0.785,344.9,0.7851,162.6,0.785,3974972.8,
1753460303036,16:18:23.036,ADA/USDT:USDT,0.785,241.0,0.7851,305.0,0.785,3974972.8,
1753460303182,16:18:23.182,ADA/USDT:USDT,0.785,242.3,0.7851,182.4,0.785,3974972.8,
1753460303289,16:18:23.289,ADA/USDT:USDT,0.785,274.7,0.7851,76.1,0.785,3974972.8,
1753460303391,16:18:23.391,ADA/USDT:USDT,0.785,268.5,0.7851,50.3,0.785,3974972.8,
1753460303505,16:18:23.505,ADA/USDT:USDT,0.785,284.8,0.7851,1.7,0.785,3974972.8,
1753460303609,16:18:23.609,ADA/USDT:USDT,0.785,274.3,0.7851,1.7,0.785,3974973.0,
1753460303711,16:18:23.711,ADA/USDT:USDT,0.785,268.1,0.7851,41.9,0.785,3974973.0,
1753460303823,16:18:23.823,ADA/USDT:USDT,0.785,266.7,0.7851,134.1,0.785,3974973.0,
1753460303931,16:18:23.931,ADA/USDT:USDT,0.785,266.6,0.7851,90.7,0.785,3974973.0,
1753460304045,16:18:24.045,ADA/USDT:USDT,0.785,268.0,0.7851,75.9,0.785,3974973.0,
1753460304151,16:18:24.151,ADA/USDT:USDT,0.785,255.0,0.7851,177.4,0.785,3974973.0,
1753460304267,16:18:24.267,ADA/USDT:USDT,0.785,241.8,0.7851,177.4,0.785,3974973.0,
1753460304397,16:18:24.397,ADA/USDT:USDT,0.785,241.8,0.7851,177.6,0.785,3974973.0,
1753460304609,16:18:24.609,ADA/USDT:USDT,0.785,381.6,0.7851,2.4,0.785,3974973.0,
1753460304719,16:18:24.719,ADA/USDT:USDT,0.785,382.8,0.7851,2.4,0.785,3974973.0,
1753460304961,16:18:24.961,ADA/USDT:USDT,0.785,384.0,0.7851,2.5,0.785,3974973.0,
1753460305105,16:18:25.105,ADA/USDT:USDT,0.785,257.9,0.7851,2.5,0.785,3974973.0,
1753460305209,16:18:25.209,ADA/USDT:USDT,0.785,267.2,0.7851,154.2,0.785,3974973.0,
1753460305315,16:18:25.315,ADA/USDT:USDT,0.785,261.1,0.7851,154.4,0.785,3974973.0,
1753460305416,16:18:25.416,ADA/USDT:USDT,0.785,260.2,0.7851,88.4,0.785,3974973.0,
1753460305518,16:18:25.518,ADA/USDT:USDT,0.785,257.6,0.7851,174.4,0.785,3974973.0,
1753460305625,16:18:25.625,ADA/USDT:USDT,0.7849,87.7,0.785,809.9,0.785,3974983.9,
1753460305731,16:18:25.731,ADA/USDT:USDT,0.7849,232.2,0.785,491.6,0.785,3974983.9,
1753460305844,16:18:25.844,ADA/USDT:USDT,0.7849,232.4,0.785,537.6,0.785,3974983.9,
1753460306063,16:18:26.063,ADA/USDT:USDT,0.7849,232.4,0.785,512.0,0.785,3974983.9,
1753460306176,16:18:26.176,ADA/USDT:USDT,0.785,11.2,0.7851,300.7,0.785,3974983.9,
1753460306304,16:18:26.304,ADA/USDT:USDT,0.785,610.4,0.7851,26.4,0.785,3974984.0,
1753460306409,16:18:26.409,ADA/USDT:USDT,0.785,612.0,0.7851,68.3,0.785,3974984.0,
1753460306514,16:18:26.514,ADA/USDT:USDT,0.785,132.2,0.7851,493.5,0.785,3974984.0,
1753460306617,16:18:26.617,ADA/USDT:USDT,0.785,208.3,0.7851,331.4,0.785,3974984.0,
1753460306720,16:18:26.720,ADA/USDT:USDT,0.785,207.1,0.7851,331.4,0.785,3974984.0,
1753460307009,16:18:27.009,ADA/USDT:USDT,0.785,236.0,0.7851,292.9,0.785,3974984.0,
1753460307318,16:18:27.318,ADA/USDT:USDT,0.785,284.0,0.7851,28.4,0.785,3974984.0,
1753460307420,16:18:27.420,ADA/USDT:USDT,0.785,273.6,0.7851,77.0,0.785,3974984.0,
1753460307521,16:18:27.521,ADA/USDT:USDT,0.785,265.2,0.7851,140.3,0.785,3974984.0,
1753460307669,16:18:27.669,ADA/USDT:USDT,0.7849,170.2,0.785,477.5,0.785,3974984.0,
1753460307781,16:18:27.781,ADA/USDT:USDT,0.7848,152.8,0.7849,387.1,0.785,3974984.0,
1753460307886,16:18:27.886,ADA/USDT:USDT,0.7848,234.0,0.7849,205.2,0.785,3974984.0,
1753460308005,16:18:28.005,ADA/USDT:USDT,0.7848,234.0,0.7849,241.7,0.785,3974984.0,
1753460308106,16:18:28.106,ADA/USDT:USDT,0.7848,264.4,0.7849,198.5,0.785,3974984.0,
1753460308208,16:18:28.208,ADA/USDT:USDT,0.7849,325.5,0.785,324.5,0.785,3974984.0,
1753460308314,16:18:28.314,ADA/USDT:USDT,0.7849,338.5,0.785,25.9,0.785,3974984.0,
1753460308415,16:18:28.415,ADA/USDT:USDT,0.7849,239.8,0.785,217.3,0.785,3974984.0,
1753460308738,16:18:28.738,ADA/USDT:USDT,0.7849,239.8,0.785,217.2,0.785,3974984.0,
1753460308843,16:18:28.843,ADA/USDT:USDT,0.7849,168.9,0.785,217.2,0.785,3974984.0,
1753460308952,16:18:28.952,ADA/USDT:USDT,0.7849,277.4,0.785,70.2,0.785,3974984.0,
1753460309068,16:18:29.068,ADA/USDT:USDT,0.7849,268.2,0.785,4.1,0.7849,3974984.3,
1753460309169,16:18:29.169,ADA/USDT:USDT,0.7849,268.2,0.785,119.2,0.7849,3974984.3,
1753460309281,16:18:29.281,ADA/USDT:USDT,0.7849,263.3,0.785,143.7,0.7849,3974984.3,
1753460309389,16:18:29.389,ADA/USDT:USDT,0.7849,263.8,0.785,119.8,0.7849,3974984.3,
1753460309507,16:18:29.507,ADA/USDT:USDT,0.7849,389.3,0.785,119.8,0.7849,3974984.3,
1753460309610,16:18:29.610,ADA/USDT:USDT,0.7849,269.3,0.785,119.8,0.7849,3974984.3,
1753460309716,16:18:29.716,ADA/USDT:USDT,0.7849,153.6,0.785,452.2,0.7849,3974984.3,
1753460310245,16:18:30.245,ADA/USDT:USDT,0.7849,301.9,0.785,226.5,0.7849,3974984.3,
1753460310384,16:18:30.384,ADA/USDT:USDT,0.7849,286.0,0.785,251.0,0.7849,3974984.3,
1753460310513,16:18:30.513,ADA/USDT:USDT,0.7849,387.9,0.785,234.8,0.7849,3974984.3,
1753460310720,16:18:30.720,ADA/USDT:USDT,0.7849,387.9,0.785,120.6,0.7849,3974984.3,
1753460310830,16:18:30.830,ADA/USDT:USDT,0.7849,389.4,0.785,117.1,0.785,3974987.8,
1753460310962,16:18:30.962,ADA/USDT:USDT,0.785,743.8,0.7851,2.0,0.785,3975104.9,
1753460311064,16:18:31.064,ADA/USDT:USDT,0.785,607.0,0.7851,2.2,0.785,3975104.9,
1753460311198,16:18:31.198,ADA/USDT:USDT,0.785,614.2,0.7851,2.2,0.785,3975104.9,
1753460311307,16:18:31.307,ADA/USDT:USDT,0.785,615.4,0.7851,2.3,0.785,3975104.9,
1753460311407,16:18:31.407,ADA/USDT:USDT,0.785,615.4,0.7851,2.5,0.785,3975104.9,
1753460311668,16:18:31.668,ADA/USDT:USDT,0.785,595.5,0.7851,43.2,0.785,3975104.9,
1753460311805,16:18:31.805,ADA/USDT:USDT,0.785,594.3,0.7851,2.8,0.785,3975104.9,
1753460312110,16:18:32.110,ADA/USDT:USDT,0.785,140.5,0.7851,438.8,0.785,3975104.9,
1753460312211,16:18:32.211,ADA/USDT:USDT,0.7849,204.1,0.785,412.2,0.785,3975104.9,
1753460312316,16:18:32.316,ADA/USDT:USDT,0.7849,288.8,0.785,237.6,0.785,3975104.9,
1753460312418,16:18:32.418,ADA/USDT:USDT,0.7848,26.0,0.7849,610.8,0.7849,3975113.6,
1753460312534,16:18:32.534,ADA/USDT:USDT,0.7848,174.8,0.7849,471.9,0.7849,3975113.6,
1753460312667,16:18:32.667,ADA/USDT:USDT,0.7848,87.6,0.7849,528.1,0.7849,3975113.6,
1753460312776,16:18:32.776,ADA/USDT:USDT,0.7848,87.5,0.7849,535.5,0.7849,3975113.6,
1753460312908,16:18:32.908,ADA/USDT:USDT,0.7848,0.1,0.7849,549.3,0.7849,3975113.6,
1753460313011,16:18:33.011,ADA/USDT:USDT,0.7848,360.9,0.7849,142.8,0.7849,3975113.6,
1753460313115,16:18:33.115,ADA/USDT:USDT,0.7848,250.4,0.7849,172.5,0.7849,3975113.6,
1753460313325,16:18:33.325,ADA/USDT:USDT,0.7848,25.9,0.7849,342.7,0.7849,3975113.6,
1753460313429,16:18:33.429,ADA/USDT:USDT,0.7848,0.1,0.7849,421.1,0.7849,3975113.6,
1753460313539,16:18:33.539,ADA/USDT:USDT,0.7847,0.4,0.7848,893.8,0.7848,3975113.7,
1753460313639,16:18:33.639,ADA/USDT:USDT,0.7846,133.4,0.7848,900.0,0.7847,3975114.1,
1753460313756,16:18:33.756,ADA/USDT:USDT,0.7846,0.1,0.7847,1004.1,0.7846,3975114.4,
1753460313877,16:18:33.877,ADA/USDT:USDT,0.7846,131.0,0.7847,865.0,0.7846,3975115.6,
1753460314006,16:18:34.006,ADA/USDT:USDT,0.7845,437.8,0.7846,630.8,0.7845,3975121.2,
1753460314217,16:18:34.217,ADA/USDT:USDT,0.7845,517.7,0.7846,1.7,0.7845,3975121.5,
1753460314322,16:18:34.322,ADA/USDT:USDT,0.7845,499.4,0.7846,0.3,0.7845,3975121.5,
1753460314473,16:18:34.473,ADA/USDT:USDT,0.7846,630.1,0.7847,105.1,0.7846,3975122.9,
1753460314576,16:18:34.576,ADA/USDT:USDT,0.7846,559.5,0.7847,190.7,0.7846,3975122.9,
1753460314689,16:18:34.689,ADA/USDT:USDT,0.7846,567.5,0.7847,145.7,0.7846,3975123.2,
1753460314803,16:18:34.803,ADA/USDT:USDT,0.7846,567.5,0.7847,60.6,0.7846,3975123.2,
1753460314907,16:18:34.907,ADA/USDT:USDT,0.7847,180.7,0.7848,446.6,0.7846,3975123.2,
1753460315008,16:18:35.008,ADA/USDT:USDT,0.7846,245.9,0.7847,199.9,0.7846,3975123.2,
1753460315222,16:18:35.222,ADA/USDT:USDT,0.7846,152.4,0.7847,359.4,0.7846,3975123.2,
1753460315348,16:18:35.348,ADA/USDT:USDT,0.7846,153.6,0.7847,290.3,0.7846,3975123.2,
1753460315457,16:18:35.457,ADA/USDT:USDT,0.7846,420.6,0.7847,66.8,0.7846,3975123.2,
1753460315576,16:18:35.576,ADA/USDT:USDT,0.7846,420.6,0.7847,0.7,0.7846,3975123.2,
1753460315707,16:18:35.707,ADA/USDT:USDT,0.7847,694.7,0.7848,231.7,0.7847,3975123.9,
1753460315807,16:18:35.807,ADA/USDT:USDT,0.7847,670.0,0.7848,209.0,0.7847,3975124.1,
1753460316015,16:18:36.015,ADA/USDT:USDT,0.7847,579.5,0.7848,215.9,0.7847,3975124.1,
1753460316218,16:18:36.218,ADA/USDT:USDT,0.7847,145.0,0.7848,331.0,0.7847,3975124.1,
1753460316325,16:18:36.325,ADA/USDT:USDT,0.7847,96.5,0.7848,342.1,0.7847,3975124.1,
1753460316430,16:18:36.430,ADA/USDT:USDT,0.7847,0.3,0.7848,344.5,0.7847,3975124.1,
1753460316797,16:18:36.797,ADA/USDT:USDT,0.7847,132.4,0.7848,327.7,0.7847,3975124.1,
1753460316903,16:18:36.903,ADA/USDT:USDT,0.7847,134.0,0.7848,262.5,0.7847,3975124.1,
1753460317006,16:18:37.006,ADA/USDT:USDT,0.7847,321.2,0.7848,0.7,0.7847,3975124.3,
1753460317107,16:18:37.107,ADA/USDT:USDT,0.7847,321.0,0.7848,0.7,0.7847,3975124.3,
1753460317212,16:18:37.212,ADA/USDT:USDT,0.7847,322.2,0.7848,0.7,0.7847,3975124.3,
1753460317324,16:18:37.324,ADA/USDT:USDT,0.7847,431.9,0.7848,0.9,0.7847,3975124.3,
1753460317426,16:18:37.426,ADA/USDT:USDT,0.7847,455.2,0.7848,0.9,0.7848,3975124.5,
1753460317577,16:18:37.577,ADA/USDT:USDT,0.7848,853.1,0.7849,0.2,0.7848,3975125.4,
1753460317710,16:18:37.710,ADA/USDT:USDT,0.7848,831.4,0.7849,71.4,0.7848,3975125.4,
1753460317913,16:18:37.913,ADA/USDT:USDT,0.7848,360.1,0.7849,287.5,0.7848,3975125.6,
1753460318021,16:18:38.021,ADA/USDT:USDT,0.7848,360.1,0.7849,287.7,0.7848,3975125.6,
1753460318129,16:18:38.129,ADA/USDT:USDT,0.7847,164.0,0.7848,495.5,0.7848,3975125.6,
1753460318246,16:18:38.246,ADA/USDT:USDT,0.7847,222.2,0.7848,221.0,0.7848,3975125.6,
1753460318377,16:18:38.377,ADA/USDT:USDT,0.7847,222.2,0.7848,178.5,0.7848,3975125.6,
1753460318482,16:18:38.482,ADA/USDT:USDT,0.7847,223.0,0.7848,152.3,0.7848,3975125.6,
1753460318606,16:18:38.606,ADA/USDT:USDT,0.7847,240.5,0.7848,91.9,0.7848,3975125.6,
1753460318719,16:18:38.719,ADA/USDT:USDT,0.7847,240.5,0.7848,38.9,0.7848,3975178.6,
1753460319095,16:18:39.095,ADA/USDT:USDT,0.7847,241.7,0.7848,64.5,0.7848,3975178.6,
1753460319304,16:18:39.304,ADA/USDT:USDT,0.7848,599.6,0.7849,0.9,0.7848,3975178.6,
1753460319406,16:18:39.406,ADA/USDT:USDT,0.7848,374.6,0.7849,331.7,0.7848,3975178.6,
1753460319513,16:18:39.513,ADA/USDT:USDT,0.7848,87.9,0.7849,492.4,0.7848,3975178.6,
1753460319616,16:18:39.616,ADA/USDT:USDT,0.7848,47.5,0.7849,492.4,0.7848,3975178.6,
1753460319746,16:18:39.746,ADA/USDT:USDT,0.7848,47.5,0.7849,485.9,0.7848,3975178.6,
1753460319881,16:18:39.881,ADA/USDT:USDT,0.7848,47.5,0.7849,475.1,0.7848,3975178.6,
1753460319997,16:18:39.997,ADA/USDT:USDT,0.7847,190.0,0.7849,485.9,0.7848,3975200.5,
1753460320105,16:18:40.105,ADA/USDT:USDT,0.7847,134.3,0.7848,736.3,0.7848,3975200.5,
1753460320318,16:18:40.318,ADA/USDT:USDT,0.7847,67.0,0.7848,737.9,0.7848,3975200.5,
1753460320532,16:18:40.532,ADA/USDT:USDT,0.7847,0.2,0.7848,737.9,0.7847,3975201.3,
1753460320637,16:18:40.637,ADA/USDT:USDT,0.7846,113.1,0.7847,551.5,0.7847,3975201.3,
1753460320740,16:18:40.740,ADA/USDT:USDT,0.7845,274.6,0.7846,82.9,0.7847,3975201.3,
1753460320845,16:18:40.845,ADA/USDT:USDT,0.7844,0.4,0.7845,675.5,0.7845,3975201.8,
1753460320971,16:18:40.971,ADA/USDT:USDT,0.7844,40.6,0.7845,741.0,0.7845,3975201.8,
1753460321073,16:18:41.073,ADA/USDT:USDT,0.7843,105.0,0.7844,840.2,0.7844,3975202.0,
1753460321199,16:18:41.199,ADA/USDT:USDT,0.7843,104.4,0.7844,840.2,0.7844,3975202.0,
1753460321311,16:18:41.311,ADA/USDT:USDT,0.7843,104.3,0.7844,841.4,0.7844,3975202.0,
1753460321415,16:18:41.415,ADA/USDT:USDT,0.7843,105.8,0.7844,855.3,0.7844,3975202.0,
1753460321522,16:18:41.522,ADA/USDT:USDT,0.7843,105.8,0.7844,855.6,0.7844,3975202.0,
1753460321768,16:18:41.768,ADA/USDT:USDT,0.7843,105.8,0.7844,855.5,0.7844,3975202.0,
1753460321888,16:18:41.888,ADA/USDT:USDT,0.7843,279.3,0.7844,676.0,0.7844,3975202.0,
1753460321992,16:18:41.992,ADA/USDT:USDT,0.7843,280.7,0.7844,0.6,0.7844,3975202.0,
1753460322103,16:18:42.103,ADA/USDT:USDT,0.7843,281.7,0.7844,132.7,0.7843,3975202.2,
1753460322208,16:18:42.208,ADA/USDT:USDT,0.7843,280.3,0.7844,132.9,0.7843,3975202.2,
1753460322308,16:18:42.308,ADA/USDT:USDT,0.7843,192.8,0.7844,241.3,0.7843,3975202.2,
1753460322517,16:18:42.517,ADA/USDT:USDT,0.7843,192.9,0.7844,335.3,0.7843,3975202.2,
1753460322723,16:18:42.723,ADA/USDT:USDT,0.7843,125.5,0.7844,323.2,0.7843,3975202.4,
1753460323082,16:18:43.082,ADA/USDT:USDT,0.7843,151.2,0.7844,305.9,0.7843,3975202.4,
1753460323194,16:18:43.194,ADA/USDT:USDT,0.7843,259.1,0.7844,241.3,0.7843,3975202.4,
1753460323303,16:18:43.303,ADA/USDT:USDT,0.7843,259.1,0.7844,220.8,0.7843,3975202.4,
1753460323407,16:18:43.407,ADA/USDT:USDT,0.7843,131.2,0.7844,391.3,0.7843,3975202.4,
1753460323511,16:18:43.511,ADA/USDT:USDT,0.7843,134.5,0.7844,391.3,0.7843,3975202.4,
1753460323715,16:18:43.715,ADA/USDT:USDT,0.7843,262.3,0.7844,251.4,0.7843,3975202.4,
1753460323816,16:18:43.816,ADA/USDT:USDT,0.7843,262.3,0.7844,250.2,0.7843,3975202.4,
1753460323919,16:18:43.919,ADA/USDT:USDT,0.7843,262.1,0.7844,260.9,0.7843,3975202.6,
1753460324020,16:18:44.020,ADA/USDT:USDT,0.7843,262.1,0.7844,250.2,0.7843,3975202.6,
1753460324121,16:18:44.121,ADA/USDT:USDT,0.7842,561.9,0.7844,336.0,0.7843,3975311.4,
1753460324397,16:18:44.397,ADA/USDT:USDT,0.7842,25.8,0.7843,743.4,0.7843,3975311.5,
1753460324504,16:18:44.504,ADA/USDT:USDT,0.7842,0.2,0.7843,788.1,0.7843,3975311.5,
1753460324609,16:18:44.609,ADA/USDT:USDT,0.7842,0.3,0.7843,783.1,0.7843,3975311.5,
1753460324918,16:18:44.918,ADA/USDT:USDT,0.7842,0.5,0.7843,790.6,0.7843,3975311.5,
1753460325028,16:18:45.028,ADA/USDT:USDT,0.7842,272.7,0.7843,634.3,0.7843,3975311.5,
1753460325142,16:18:45.142,ADA/USDT:USDT,0.7842,265.4,0.7843,270.9,0.7843,3975311.5,
1753460325289,16:18:45.289,ADA/USDT:USDT,0.7842,272.8,0.7843,212.1,0.7843,3975311.5,
1753460325404,16:18:45.404,ADA/USDT:USDT,0.7842,266.8,0.7843,133.8,0.7843,3975311.6,
1753460325506,16:18:45.506,ADA/USDT:USDT,0.7842,135.6,0.7843,456.7,0.7843,3975311.6,
1753460325617,16:18:45.617,ADA/USDT:USDT,0.7842,135.6,0.7843,373.7,0.7843,3975311.6,
1753460325721,16:18:45.721,ADA/USDT:USDT,0.7842,135.5,0.7843,437.5,0.7843,3975311.6,
1753460325854,16:18:45.854,ADA/USDT:USDT,0.7842,0.7,0.7843,457.9,0.7843,3975311.6,
1753460326092,16:18:46.092,ADA/USDT:USDT,0.7842,66.7,0.7843,457.9,0.7843,3975311.6,
1753460326194,16:18:46.194,ADA/USDT:USDT,0.7842,86.7,0.7843,374.4,0.7843,3975311.6,
1753460326306,16:18:46.306,ADA/USDT:USDT,0.7842,0.6,0.7843,462.8,0.7843,3975311.6,
1753460326406,16:18:46.406,ADA/USDT:USDT,0.7842,0.6,0.7843,463.0,0.7843,3975311.6,
1753460326774,16:18:46.774,ADA/USDT:USDT,0.7842,0.6,0.7843,455.8,0.7843,3975311.6,
1753460326880,16:18:46.880,ADA/USDT:USDT,0.7842,0.6,0.7843,463.0,0.7843,3975311.6,
1753460327007,16:18:47.007,ADA/USDT:USDT,0.7841,368.5,0.7843,463.0,0.7842,3975312.2,
1753460327109,16:18:47.109,ADA/USDT:USDT,0.784,107.6,0.7842,789.7,0.7841,3975312.7,
1753460327214,16:18:47.214,ADA/USDT:USDT,0.784,1.0,0.7841,791.5,0.7841,3975312.7,
1753460327322,16:18:47.322,ADA/USDT:USDT,0.7839,69.3,0.784,199.4,0.784,3975313.5,
1753460327425,16:18:47.425,ADA/USDT:USDT,0.7839,0.7,0.784,576.5,0.784,3975313.5,
1753460327530,16:18:47.530,ADA/USDT:USDT,0.7839,0.2,0.784,609.2,0.784,3975313.5,
1753460327777,16:18:47.777,ADA/USDT:USDT,0.7839,2.5,0.784,597.2,0.784,3975314.1,
1753460327890,16:18:47.890,ADA/USDT:USDT,0.7839,2.5,0.784,608.2,0.784,3975314.1,
1753460327991,16:18:47.991,ADA/USDT:USDT,0.7838,66.3,0.7839,518.9,0.7839,3975316.4,
1753460328098,16:18:48.098,ADA/USDT:USDT,0.7838,66.5,0.7839,537.2,0.7839,3975316.4,
1753460328204,16:18:48.204,ADA/USDT:USDT,0.7838,0.3,0.7839,548.3,0.7839,3975316.4,
1753460328308,16:18:48.308,ADA/USDT:USDT,0.7838,0.3,0.7839,548.7,0.7839,3975316.4,
1753460328411,16:18:48.411,ADA/USDT:USDT,0.7838,0.4,0.7839,548.5,0.7839,3975316.6,
1753460328515,16:18:48.515,ADA/USDT:USDT,0.7838,0.4,0.7839,537.3,0.7839,3975316.6,
1753460328670,16:18:48.670,ADA/USDT:USDT,0.7838,4.1,0.7839,537.3,0.7839,3975316.6,
1753460328775,16:18:48.775,ADA/USDT:USDT,0.7837,292.9,0.7839,554.1,0.7838,3975320.7,
1753460328876,16:18:48.876,ADA/USDT:USDT,0.7837,250.4,0.7838,590.0,0.7838,3975320.9,
1753460329009,16:18:49.009,ADA/USDT:USDT,0.7837,274.5,0.7838,588.4,0.7838,3975320.9,
1753460329110,16:18:49.110,ADA/USDT:USDT,0.7837,356.3,0.7838,34.3,0.7838,3975320.9,
1753460329218,16:18:49.218,ADA/USDT:USDT,0.7837,356.3,0.7838,38.1,0.7838,3975321.0,
1753460329322,16:18:49.322,ADA/USDT:USDT,0.7837,357.1,0.7838,38.1,0.7838,3975321.0,
1753460329461,16:18:49.461,ADA/USDT:USDT,0.7837,357.1,0.7838,38.4,0.7838,3975321.0,
1753460329575,16:18:49.575,ADA/USDT:USDT,0.7837,355.7,0.7838,150.5,0.7838,3975321.0,
1753460329707,16:18:49.707,ADA/USDT:USDT,0.7837,355.7,0.7838,139.4,0.7838,3975321.0,
1753460329810,16:18:49.810,ADA/USDT:USDT,0.7837,355.5,0.7838,139.4,0.7837,3975321.2,
1753460330025,16:18:50.025,ADA/USDT:USDT,0.7837,356.0,0.7838,139.4,0.7837,3975321.2,
1753460330138,16:18:50.138,ADA/USDT:USDT,0.7837,355.5,0.7838,160.0,0.7838,3975321.3,
1753460330272,16:18:50.272,ADA/USDT:USDT,0.7837,355.5,0.7838,99.4,0.7838,3975321.3,
1753460330377,16:18:50.377,ADA/USDT:USDT,0.7837,365.7,0.7838,59.0,0.7838,3975321.3,
1753460330485,16:18:50.485,ADA/USDT:USDT,0.7837,379.7,0.7838,0.7,0.7838,3975321.6,
1753460330605,16:18:50.605,ADA/USDT:USDT,0.7838,922.9,0.7839,89.8,0.7838,3975322.3,
1753460330707,16:18:50.707,ADA/USDT:USDT,0.7838,682.6,0.7839,0.6,0.7838,3975329.1,
1753460330817,16:18:50.817,ADA/USDT:USDT,0.7838,683.6,0.7839,0.8,0.7838,3975329.1,
1753460330920,16:18:50.920,ADA/USDT:USDT,0.7838,678.6,0.7839,14.7,0.7838,3975329.1,
1753460331202,16:18:51.202,ADA/USDT:USDT,0.7838,678.6,0.7839,80.7,0.7838,3975329.1,
1753460331309,16:18:51.309,ADA/USDT:USDT,0.7838,671.4,0.7839,40.3,0.7838,3975329.1,
1753460331415,16:18:51.415,ADA/USDT:USDT,0.7838,670.7,0.7839,72.7,0.7838,3975329.1,
1753460331566,16:18:51.566,ADA/USDT:USDT,0.7838,669.5,0.7839,72.7,0.7838,3975329.1,
1753460332009,16:18:52.009,ADA/USDT:USDT,0.7838,669.6,0.7839,72.7,0.7838,3975329.1,
1753460332116,16:18:52.116,ADA/USDT:USDT,0.7838,669.4,0.7839,72.7,0.7838,3975329.3,
1753460332228,16:18:52.228,ADA/USDT:USDT,0.7838,669.4,0.7839,76.4,0.7838,3975329.3,
1753460332332,16:18:52.332,ADA/USDT:USDT,0.7838,339.9,0.7839,265.7,0.7838,3975329.3,
1753460332455,16:18:52.455,ADA/USDT:USDT,0.7838,255.4,0.7839,272.0,0.7838,3975329.3,
1753460332561,16:18:52.561,ADA/USDT:USDT,0.7838,254.7,0.7839,337.5,0.7838,3975329.3,
1753460332669,16:18:52.669,ADA/USDT:USDT,0.7838,254.5,0.7839,324.3,0.7838,3975329.6,
1753460332778,16:18:52.778,ADA/USDT:USDT,0.7838,254.5,0.7839,332.1,0.7839,3975329.7,
1753460332898,16:18:52.898,ADA/USDT:USDT,0.7838,254.5,0.7839,98.0,0.7839,3975329.7,
1753460333005,16:18:53.005,ADA/USDT:USDT,0.7838,260.4,0.7839,6.4,0.7839,3975329.7,
1753460333110,16:18:53.110,ADA/USDT:USDT,0.7838,255.1,0.7839,150.2,0.7839,3975329.7,
1753460333211,16:18:53.211,ADA/USDT:USDT,0.7838,1.2,0.7839,389.6,0.7839,3975329.7,
1753460333312,16:18:53.312,ADA/USDT:USDT,0.7838,1.2,0.7839,390.1,0.7839,3975329.7,
1753460333414,16:18:53.414,ADA/USDT:USDT,0.7837,52.9,0.7839,390.1,0.7838,3975330.9,
1753460333514,16:18:53.514,ADA/USDT:USDT,0.7836,287.7,0.7837,209.1,0.7838,3975330.9,
1753460333723,16:18:53.723,ADA/USDT:USDT,0.7836,241.4,0.7837,188.9,0.7836,3975331.0,
1753460333841,16:18:53.841,ADA/USDT:USDT,0.7836,226.8,0.7837,215.7,0.7836,3975345.6,
1753460333976,16:18:53.976,ADA/USDT:USDT,0.7836,240.0,0.7837,147.1,0.7837,3975367.4,
1753460334086,16:18:54.086,ADA/USDT:USDT,0.7836,293.8,0.7838,33.4,0.7837,3975367.6,
1753460334207,16:18:54.207,ADA/USDT:USDT,0.7837,648.4,0.7838,78.8,0.7837,3975367.6,
1753460334320,16:18:54.320,ADA/USDT:USDT,0.7837,529.9,0.7838,145.2,0.7837,3975367.6,
1753460334438,16:18:54.438,ADA/USDT:USDT,0.7837,328.3,0.7838,249.5,0.7837,3975367.6,
1753460334543,16:18:54.543,ADA/USDT:USDT,0.7837,240.3,0.7838,301.1,0.7837,3975367.6,
1753460334680,16:18:54.680,ADA/USDT:USDT,0.7837,119.3,0.7838,301.7,0.7837,3975367.8,
1753460334788,16:18:54.788,ADA/USDT:USDT,0.7837,124.7,0.7838,237.8,0.7837,3975367.8,
1753460334903,16:18:54.903,ADA/USDT:USDT,0.7837,124.7,0.7838,301.2,0.7837,3975367.8,
1753460335106,16:18:55.106,ADA/USDT:USDT,0.7837,29.8,0.7838,310.2,0.7837,3975367.8,
1753460335314,16:18:55.314,ADA/USDT:USDT,0.7837,4.4,0.7838,317.4,0.7837,3975367.8,
1753460335414,16:18:55.414,ADA/USDT:USDT,0.7837,97.2,0.7838,249.2,0.7837,3975367.8,
1753460335570,16:18:55.570,ADA/USDT:USDT,0.7837,137.6,0.7838,240.4,0.7837,3975367.8,
1753460335677,16:18:55.677,ADA/USDT:USDT,0.7837,337.6,0.7838,59.6,0.7837,3975367.8,
1753460335778,16:18:55.778,ADA/USDT:USDT,0.7837,328.8,0.7838,51.5,0.7837,3975368.0,
1753460335887,16:18:55.887,ADA/USDT:USDT,0.7838,485.3,0.7839,170.4,0.7838,3975369.1,
1753460336016,16:18:56.016,ADA/USDT:USDT,0.7838,124.6,0.7839,361.2,0.7838,3975369.1,
1753460336137,16:18:56.137,ADA/USDT:USDT,0.7838,169.0,0.7839,379.8,0.7838,3975369.1,
1753460336241,16:18:56.241,ADA/USDT:USDT,0.7838,208.5,0.7839,314.5,0.7838,3975369.1,
1753460336360,16:18:56.360,ADA/USDT:USDT,0.7838,200.7,0.7839,274.7,0.7839,3975369.2,
1753460336465,16:18:56.465,ADA/USDT:USDT,0.7838,180.7,0.7839,274.7,0.7838,3975389.2,
1753460336570,16:18:56.570,ADA/USDT:USDT,0.7838,83.2,0.7839,346.6,0.7838,3975389.5,
1753460336672,16:18:56.672,ADA/USDT:USDT,0.7838,83.2,0.7839,346.6,0.7838,3975389.5,
1753460336801,16:18:56.801,ADA/USDT:USDT,0.7838,428.9,0.7839,6.8,0.7838,3975389.5,
1753460336908,16:18:56.908,ADA/USDT:USDT,0.7838,421.8,0.7839,6.6,0.7838,3975389.5,
1753460337010,16:18:57.010,ADA/USDT:USDT,0.7838,363.7,0.7839,90.4,0.7838,3975389.5,
1753460337115,16:18:57.115,ADA/USDT:USDT,0.7838,376.5,0.7839,6.8,0.7838,3975389.5,
1753460337217,16:18:57.217,ADA/USDT:USDT,0.7838,485.1,0.7839,19.3,0.7838,3975389.5,
1753460337469,16:18:57.469,ADA/USDT:USDT,0.7838,379.4,0.7839,4.3,0.7839,3975389.8,
1753460337576,16:18:57.576,ADA/USDT:USDT,0.7838,384.5,0.784,204.4,0.7839,3975394.1,
1753460337686,16:18:57.686,ADA/USDT:USDT,0.7839,947.2,0.784,0.2,0.7839,3975394.1,
1753460337795,16:18:57.795,ADA/USDT:USDT,0.7839,940.3,0.784,0.1,0.7839,3975394.1,
1753460337903,16:18:57.903,ADA/USDT:USDT,0.7839,934.6,0.784,106.6,0.7839,3975394.3,
1753460338006,16:18:58.006,ADA/USDT:USDT,0.7839,936.5,0.784,13.0,0.7839,3975394.3,
1753460338111,16:18:58.111,ADA/USDT:USDT,0.7839,913.4,0.784,71.1,0.7839,3975394.3,
1753460338315,16:18:58.315,ADA/USDT:USDT,0.7839,913.4,0.784,71.3,0.7839,3975394.3,
1753460338418,16:18:58.418,ADA/USDT:USDT,0.7839,201.1,0.784,395.2,0.7839,3975394.3,
1753460338551,16:18:58.551,ADA/USDT:USDT,0.7839,86.3,0.784,469.8,0.784,3975394.4,
1753460338653,16:18:58.653,ADA/USDT:USDT,0.7838,14.9,0.784,520.8,0.7839,3975395.3,
1753460338800,16:18:58.800,ADA/USDT:USDT,0.7838,31.8,0.7839,932.3,0.7839,3975395.3,
1753460338910,16:18:58.910,ADA/USDT:USDT,0.7838,6.4,0.7839,993.3,0.7839,3975395.3,
1753460339015,16:18:59.015,ADA/USDT:USDT,0.7838,6.4,0.7839,998.5,0.7839,3975395.3,
1753460339127,16:18:59.127,ADA/USDT:USDT,0.7838,6.4,0.7839,994.5,0.7839,3975395.3,
1753460339374,16:18:59.374,ADA/USDT:USDT,0.7838,121.0,0.7839,799.1,0.7839,3975395.3,
1753460339505,16:18:59.505,ADA/USDT:USDT,0.7838,190.6,0.7839,614.0,0.7839,3975395.3,
1753460339605,16:18:59.605,ADA/USDT:USDT,0.7838,186.8,0.7839,614.0,0.7839,3975395.3,
1753460339721,16:18:59.721,ADA/USDT:USDT,0.7838,186.8,0.7839,540.6,0.7839,3975395.3,
1753460340080,16:19:00.080,ADA/USDT:USDT,0.7838,14.5,0.7839,609.1,0.7839,3970501.8,
1753460340185,16:19:00.185,ADA/USDT:USDT,0.7837,0.1,0.7838,671.7,0.7838,3970508.2,
1753460340291,16:19:00.291,ADA/USDT:USDT,0.7835,163.9,0.7836,181.6,0.7835,3970552.4,
1753460340408,16:19:00.408,ADA/USDT:USDT,0.7835,76.1,0.7836,398.1,0.7835,3970552.4,
1753460340510,16:19:00.510,ADA/USDT:USDT,0.7835,145.7,0.7836,392.9,0.7835,3970552.4,
1753460340611,16:19:00.611,ADA/USDT:USDT,0.7835,0.6,0.7836,469.4,0.7835,3970552.4,
1753460340823,16:19:00.823,ADA/USDT:USDT,0.7834,170.0,0.7835,763.4,0.7835,3970552.8,
1753460340973,16:19:00.973,ADA/USDT:USDT,0.7834,50.7,0.7835,778.8,0.7835,3970552.8,
1753460341089,16:19:01.089,ADA/USDT:USDT,0.7834,50.7,0.7835,779.9,0.7835,3970552.8,
1753460341209,16:19:01.209,ADA/USDT:USDT,0.7834,174.7,0.7835,689.2,0.7835,3970552.8,
1753460341453,16:19:01.453,ADA/USDT:USDT,0.7834,242.3,0.7835,383.6,0.7835,3970553.6,
1753460341560,16:19:01.560,ADA/USDT:USDT,0.7834,331.7,0.7835,51.8,0.7835,3970553.7,
1753460341662,16:19:01.662,ADA/USDT:USDT,0.7834,331.7,0.7835,43.6,0.7835,3970553.7,
1753460341767,16:19:01.767,ADA/USDT:USDT,0.7834,331.7,0.7835,95.6,0.7835,3970567.8,
1753460341899,16:19:01.899,ADA/USDT:USDT,0.7834,263.6,0.7835,176.1,0.7835,3970567.8,
1753460342001,16:19:02.001,ADA/USDT:USDT,0.7834,193.8,0.7835,282.3,0.7835,3970567.8,
1753460342108,16:19:02.108,ADA/USDT:USDT,0.7834,195.7,0.7835,271.4,0.7835,3970567.8,
1753460342215,16:19:02.215,ADA/USDT:USDT,0.7834,500.3,0.7835,3.9,0.7835,3970567.8,
1753460342336,16:19:02.336,ADA/USDT:USDT,0.7834,493.7,0.7835,4.2,0.7835,3970567.8,
1753460342444,16:19:02.444,ADA/USDT:USDT,0.7835,585.2,0.7836,221.0,0.7835,3970683.2,
1753460342555,16:19:02.555,ADA/USDT:USDT,0.7835,333.5,0.7836,297.0,0.7835,3970683.2,
1753460342658,16:19:02.658,ADA/USDT:USDT,0.7835,45.8,0.7836,327.8,0.7835,3970683.2,
1753460342777,16:19:02.777,ADA/USDT:USDT,0.7835,20.2,0.7836,327.7,0.7835,3970683.2,
1753460342910,16:19:02.910,ADA/USDT:USDT,0.7835,136.0,0.7836,257.6,0.7835,3970683.2,
1753460343116,16:19:03.116,ADA/USDT:USDT,0.7834,308.8,0.7835,243.8,0.7835,3970683.2,
1753460343251,16:19:03.251,ADA/USDT:USDT,0.7834,308.8,0.7835,181.8,0.7835,3970683.2,
1753460343403,16:19:03.403,ADA/USDT:USDT,0.7834,308.8,0.7835,182.3,0.7835,3970683.2,
1753460343504,16:19:03.504,ADA/USDT:USDT,0.7834,308.8,0.7835,173.0,0.7835,3970683.2,
1753460343605,16:19:03.605,ADA/USDT:USDT,0.7834,308.8,0.7835,153.0,0.7835,3970683.2,
1753460343706,16:19:03.706,ADA/USDT:USDT,0.7834,308.8,0.7835,204.7,0.7835,3970683.8,
1753460343813,16:19:03.813,ADA/USDT:USDT,0.7834,308.7,0.7835,171.3,0.7835,3970684.9,
1753460343916,16:19:03.916,ADA/USDT:USDT,0.7834,308.7,0.7835,171.0,0.7835,3970685.2,
1753460344016,16:19:04.016,ADA/USDT:USDT,0.7834,500.0,0.7835,0.9,0.7835,3970686.8,
1753460344171,16:19:04.171,ADA/USDT:USDT,0.7834,368.3,0.7835,0.5,0.7835,3970687.2,
1753460344304,16:19:04.304,ADA/USDT:USDT,0.7834,368.0,0.7835,34.7,0.7835,3970687.2,
1753460344406,16:19:04.406,ADA/USDT:USDT,0.7834,311.9,0.7835,75.0,0.7835,3970687.2,
1753460344511,16:19:04.511,ADA/USDT:USDT,0.7834,311.9,0.7835,108.9,0.7835,3970687.6,
1753460344613,16:19:04.613,ADA/USDT:USDT,0.7834,366.9,0.7835,33.6,0.7835,3970688.3,
1753460344714,16:19:04.714,ADA/USDT:USDT,0.7834,310.5,0.7835,115.7,0.7835,3970688.3,
1753460344925,16:19:04.925,ADA/USDT:USDT,0.7834,196.4,0.7835,278.3,0.7835,3970688.3,
1753460345160,16:19:05.160,ADA/USDT:USDT,0.7834,196.4,0.7835,270.8,0.7835,3970688.3,
1753460345399,16:19:05.399,ADA/USDT:USDT,0.7835,985.5,0.7837,439.6,0.7836,3970722.9,
1753460345505,16:19:05.505,ADA/USDT:USDT,0.7837,967.1,0.7839,375.4,0.7838,3970778.6,
1753460345612,16:19:05.612,ADA/USDT:USDT,0.7838,333.3,0.7839,270.8,0.7838,3970778.6,
1753460345713,16:19:05.713,ADA/USDT:USDT,0.7838,0.2,0.7839,355.8,0.7838,3970778.6,
1753460345815,16:19:05.815,ADA/USDT:USDT,0.7836,226.6,0.7837,352.1,0.7838,3970778.6,
1753460345916,16:19:05.916,ADA/USDT:USDT,0.7835,153.0,0.7836,69.6,0.7835,3970778.8,
1753460346019,16:19:06.019,ADA/USDT:USDT,0.7835,272.5,0.7836,658.0,0.7835,3970778.8,
1753460346130,16:19:06.130,ADA/USDT:USDT,0.7835,348.9,0.7836,78.1,0.7835,3970778.8,
1753460346248,16:19:06.248,ADA/USDT:USDT,0.7835,272.5,0.7836,242.3,0.7835,3970778.8,
1753460346375,16:19:06.375,ADA/USDT:USDT,0.7835,152.5,0.7836,266.9,0.7835,3970778.8,
1753460346506,16:19:06.506,ADA/USDT:USDT,0.7835,167.9,0.7836,261.8,0.7835,3970778.8,
1753460346609,16:19:06.609,ADA/USDT:USDT,0.7835,217.0,0.7836,213.1,0.7835,3970778.8,
1753460346816,16:19:06.816,ADA/USDT:USDT,0.7835,369.0,0.7836,0.6,0.7835,3970778.8,
1753460346925,16:19:06.925,ADA/USDT:USDT,0.7835,370.6,0.7836,0.6,0.7835,3970778.8,
1753460347037,16:19:07.037,ADA/USDT:USDT,0.7837,338.5,0.7838,136.5,0.7836,3970779.4,
1753460347142,16:19:07.142,ADA/USDT:USDT,0.7837,389.8,0.7838,17.5,0.7836,3970779.4,
1753460347278,16:19:07.278,ADA/USDT:USDT,0.7837,328.5,0.7838,279.6,0.7836,3970779.4,
1753460347379,16:19:07.379,ADA/USDT:USDT,0.7837,328.5,0.7838,274.8,0.7836,3970779.4,
1753460347507,16:19:07.507,ADA/USDT:USDT,0.7836,343.8,0.7837,399.2,0.7836,3970779.4,
1753460347611,16:19:07.611,ADA/USDT:USDT,0.7836,317.8,0.7837,172.3,0.7836,3970779.4,
1753460347719,16:19:07.719,ADA/USDT:USDT,0.7836,317.7,0.7837,195.3,0.7836,3970779.4,
1753460347855,16:19:07.855,ADA/USDT:USDT,0.7836,385.9,0.7837,0.2,0.7836,3970779.4,
1753460347961,16:19:07.961,ADA/USDT:USDT,0.7837,463.6,0.7838,144.7,0.7836,3970779.4,
1753460348102,16:19:08.102,ADA/USDT:USDT,0.7837,465.2,0.7838,78.6,0.7836,3970779.4,
1753460348205,16:19:08.205,ADA/USDT:USDT,0.7837,456.5,0.7838,0.3,0.7837,3970788.1,
1753460348306,16:19:08.306,ADA/USDT:USDT,0.7837,355.9,0.7838,25.9,0.7837,3970788.1,
1753460348407,16:19:08.407,ADA/USDT:USDT,0.7837,297.6,0.7838,124.0,0.7837,3970788.1,
1753460348508,16:19:08.508,ADA/USDT:USDT,0.7837,361.2,0.7838,17.5,0.7837,3970788.1,
1753460348614,16:19:08.614,ADA/USDT:USDT,0.7837,370.2,0.7838,0.3,0.7837,3970788.1,
1753460348714,16:19:08.714,ADA/USDT:USDT,0.7837,370.8,0.7838,123.9,0.7837,3970788.5,
1753460348863,16:19:08.863,ADA/USDT:USDT,0.7837,370.9,0.7838,124.1,0.7837,3970788.5,
1753460348968,16:19:08.968,ADA/USDT:USDT,0.7837,361.7,0.7838,83.7,0.7837,3970788.5,
1753460349070,16:19:09.070,ADA/USDT:USDT,0.7837,482.0,0.7838,0.2,0.7837,3970788.5,
1753460349365,16:19:09.365,ADA/USDT:USDT,0.7837,293.7,0.7838,132.5,0.7837,3970788.5,
1753460349477,16:19:09.477,ADA/USDT:USDT,0.7837,2.1,0.7838,627.3,0.7838,3970789.1,
1753460349604,16:19:09.604,ADA/USDT:USDT,0.7837,0.8,0.7838,628.8,0.7838,3970789.1,
1753460349706,16:19:09.706,ADA/USDT:USDT,0.7837,115.7,0.7838,616.0,0.7838,3970789.1,
1753460350117,16:19:10.117,ADA/USDT:USDT,0.7837,115.7,0.7838,615.1,0.7838,3970789.8,
1753460350372,16:19:10.372,ADA/USDT:USDT,0.7837,0.9,0.7838,615.1,0.7838,3970789.8,
1753460350486,16:19:10.486,ADA/USDT:USDT,0.7837,0.3,0.7838,633.1,0.7838,3970789.8,
1753460350597,16:19:10.597,ADA/USDT:USDT,0.7837,0.3,0.7838,629.8,0.7838,3970789.8,
1753460350704,16:19:10.704,ADA/USDT:USDT,0.7837,132.6,0.7838,603.3,0.7838,3970789.8,
1753460350807,16:19:10.807,ADA/USDT:USDT,0.7837,0.3,0.7838,610.7,0.7838,3970789.8,
1753460350912,16:19:10.912,ADA/USDT:USDT,0.7837,0.3,0.7838,603.3,0.7838,3970789.8,
1753460351014,16:19:11.014,ADA/USDT:USDT,0.7837,132.4,0.7838,603.3,0.7838,3970789.8,
1753460351116,16:19:11.116,ADA/USDT:USDT,0.7837,226.7,0.7838,350.2,0.7838,3970789.8,
1753460351236,16:19:11.236,ADA/USDT:USDT,0.7837,152.6,0.7838,413.6,0.7838,3970790.1,
1753460351342,16:19:11.342,ADA/USDT:USDT,0.7837,0.3,0.7838,426.5,0.7838,3970790.1,
1753460351477,16:19:11.477,ADA/USDT:USDT,0.7836,8.5,0.7837,928.0,0.7837,3970790.4,
1753460351604,16:19:11.604,ADA/USDT:USDT,0.7835,84.1,0.7836,913.2,0.7836,3970790.5,
1753460351714,16:19:11.714,ADA/USDT:USDT,0.7835,218.8,0.7836,800.3,0.7836,3970790.5,
1753460351829,16:19:11.829,ADA/USDT:USDT,0.7835,252.2,0.7836,637.8,0.7836,3970790.5,
1753460351952,16:19:11.952,ADA/USDT:USDT,0.7836,904.9,0.7837,0.1,0.7836,3970794.0,
1753460352071,16:19:12.071,ADA/USDT:USDT,0.7837,172.3,0.7838,267.9,0.7836,3970794.0,
1753460352172,16:19:12.172,ADA/USDT:USDT,0.7837,172.3,0.7838,303.9,0.7836,3970794.0,
1753460352311,16:19:12.311,ADA/USDT:USDT,0.7837,173.6,0.7838,303.9,0.7836,3970794.0,
1753460352413,16:19:12.413,ADA/USDT:USDT,0.7837,173.8,0.7838,221.9,0.7836,3970794.0,
1753460352515,16:19:12.515,ADA/USDT:USDT,0.7837,299.9,0.7838,107.2,0.7836,3970794.0,
1753460352721,16:19:12.721,ADA/USDT:USDT,0.7837,317.3,0.7838,6.4,0.7836,3970794.0,
1753460352821,16:19:12.821,ADA/USDT:USDT,0.7837,309.2,0.7838,6.6,0.7837,3970802.1,
1753460352949,16:19:12.949,ADA/USDT:USDT,0.7837,429.2,0.7838,6.6,0.7837,3970802.1,
1753460353214,16:19:13.214,ADA/USDT:USDT,0.7837,429.2,0.7838,6.9,0.7837,3970802.1,
1753460353428,16:19:13.428,ADA/USDT:USDT,0.7837,431.4,0.7838,13.4,0.7838,3970802.2,
1753460353571,16:19:13.571,ADA/USDT:USDT,0.7838,917.3,0.7839,0.1,0.7838,3970815.6,
1753460353697,16:19:13.697,ADA/USDT:USDT,0.7838,904.8,0.7839,0.1,0.7838,3970815.6,
1753460353805,16:19:13.805,ADA/USDT:USDT,0.7838,915.4,0.7839,0.1,0.7838,3970815.6,
1753460353908,16:19:13.908,ADA/USDT:USDT,0.7838,915.7,0.7839,0.1,0.7838,3970815.6,
1753460354013,16:19:14.013,ADA/USDT:USDT,0.7838,915.8,0.7839,0.2,0.7838,3970815.6,
1753460354115,16:19:14.115,ADA/USDT:USDT,0.7838,648.3,0.7839,103.1,0.7838,3970815.6,
1753460354321,16:19:14.321,ADA/USDT:USDT,0.7837,146.4,0.7838,523.9,0.7838,3970815.6,
1753460354421,16:19:14.421,ADA/USDT:USDT,0.7837,146.4,0.7838,409.5,0.7838,3970815.6,
1753460354647,16:19:14.647,ADA/USDT:USDT,0.7837,346.9,0.7838,0.2,0.7838,3970815.6,
1753460354896,16:19:14.896,ADA/USDT:USDT,0.7837,279.7,0.7838,106.7,0.7838,3970815.6,
1753460355003,16:19:15.003,ADA/USDT:USDT,0.7837,170.3,0.7838,132.5,0.7838,3970815.6,
1753460355314,16:19:15.314,ADA/USDT:USDT,0.7837,280.1,0.7838,132.7,0.7838,3970815.6,
1753460355448,16:19:15.448,ADA/USDT:USDT,0.7837,280.3,0.7838,132.7,0.7838,3970815.6,
1753460355562,16:19:15.562,ADA/USDT:USDT,0.7837,283.0,0.7838,124.3,0.7838,3970815.6,
1753460355807,16:19:15.807,ADA/USDT:USDT,0.7837,170.1,0.7838,374.6,0.7838,3970815.6,
1753460355908,16:19:15.908,ADA/USDT:USDT,0.7837,5.9,0.7838,453.3,0.7838,3970815.6,
1753460356117,16:19:16.117,ADA/USDT:USDT,0.7837,120.9,0.7838,442.1,0.7838,3970815.6,
1753460356217,16:19:16.217,ADA/USDT:USDT,0.7837,191.1,0.7838,273.8,0.7838,3970815.6,
1753460356327,16:19:16.327,ADA/USDT:USDT,0.7837,314.5,0.7838,0.6,0.7838,3970815.6,
1753460356437,16:19:16.437,ADA/USDT:USDT,0.7837,314.6,0.7838,0.4,0.7838,3970815.6,
1753460356570,16:19:16.570,ADA/USDT:USDT,0.7837,303.4,0.7838,46.3,0.7838,3970815.6,
1753460356673,16:19:16.673,ADA/USDT:USDT,0.7837,247.0,0.7839,604.5,0.7838,3970816.9,
1753460356792,16:19:16.792,ADA/USDT:USDT,0.7838,722.3,0.7839,0.1,0.7838,3970816.9,
1753460356895,16:19:16.895,ADA/USDT:USDT,0.7838,729.5,0.7839,0.1,0.7838,3970816.9,
1753460356999,16:19:16.999,ADA/USDT:USDT,0.7838,734.4,0.784,108.8,0.7839,3970817.0,
1753460357101,16:19:17.101,ADA/USDT:USDT,0.7839,814.7,0.7841,183.4,0.784,3970821.3,
1753460357207,16:19:17.207,ADA/USDT:USDT,0.7841,863.7,0.7843,242.8,0.7842,3970824.3,
1753460357308,16:19:17.308,ADA/USDT:USDT,0.7842,683.6,0.7843,69.5,0.7842,3970824.3,
1753460357413,16:19:17.413,ADA/USDT:USDT,0.7842,681.2,0.7843,152.1,0.7842,3970824.3,
1753460357514,16:19:17.514,ADA/USDT:USDT,0.7842,345.5,0.7843,309.1,0.7842,3970824.3,
1753460357615,16:19:17.615,ADA/USDT:USDT,0.7842,29.9,0.7843,350.4,0.7842,3970824.3,
1753460357721,16:19:17.721,ADA/USDT:USDT,0.7842,109.8,0.7843,349.5,0.7842,3970824.3,
1753460357832,16:19:17.832,ADA/USDT:USDT,0.7842,90.3,0.7843,309.9,0.7843,3970824.9,
1753460357933,16:19:17.933,ADA/USDT:USDT,0.7842,48.0,0.7843,431.0,0.7843,3970824.9,
1753460358076,16:19:18.076,ADA/USDT:USDT,0.7842,3.4,0.7843,431.8,0.7843,3970824.9,
1753460358186,16:19:18.186,ADA/USDT:USDT,0.7841,186.1,0.7843,349.2,0.7842,3970828.1,
1753460358305,16:19:18.305,ADA/USDT:USDT,0.7841,133.1,0.7842,682.5,0.7842,3970828.1,
1753460358415,16:19:18.415,ADA/USDT:USDT,0.7841,153.3,0.7842,365.8,0.7842,3970828.1,
1753460358516,16:19:18.516,ADA/USDT:USDT,0.7841,315.9,0.7842,12.6,0.7842,3970828.1,
1753460358624,16:19:18.624,ADA/USDT:USDT,0.7841,375.9,0.7842,1.8,0.7842,3970828.1,
1753460358841,16:19:18.841,ADA/USDT:USDT,0.7841,366.3,0.7842,1.8,0.7842,3970828.1,
1753460358946,16:19:18.946,ADA/USDT:USDT,0.7841,376.3,0.7842,108.3,0.7842,3970828.1,
1753460359082,16:19:19.082,ADA/USDT:USDT,0.7841,442.1,0.7842,1.8,0.7842,3970828.1,
1753460359204,16:19:19.204,ADA/USDT:USDT,0.7841,432.5,0.7842,2.2,0.7842,3970828.1,
1753460359312,16:19:19.312,ADA/USDT:USDT,0.7841,439.7,0.7842,2.2,0.7842,3970828.1,
1753460359414,16:19:19.414,ADA/USDT:USDT,0.7841,446.8,0.7842,2.2,0.7842,3970828.1,
1753460359514,16:19:19.514,ADA/USDT:USDT,0.7841,382.2,0.7842,48.8,0.7842,3970828.1,
1753460359615,16:19:19.615,ADA/USDT:USDT,0.7841,313.6,0.7842,191.3,0.7842,3970828.1,
1753460359720,16:19:19.720,ADA/USDT:USDT,0.7841,309.8,0.7842,216.7,0.7842,3970828.1,
1753460359869,16:19:19.869,ADA/USDT:USDT,0.7841,187.3,0.7842,89.8,0.7842,3970828.1,
1753460360008,16:19:20.008,ADA/USDT:USDT,0.7841,187.3,0.7842,200.4,0.7842,3970828.1,
1753460360115,16:19:20.115,ADA/USDT:USDT,0.7841,90.2,0.7842,301.4,0.7842,3970828.1,
1753460360326,16:19:20.326,ADA/USDT:USDT,0.7841,91.1,0.7842,301.4,0.7842,3970828.1,
1753460360438,16:19:20.438,ADA/USDT:USDT,0.7841,50.7,0.7842,308.6,0.7842,3970828.1,
1753460360541,16:19:20.541,ADA/USDT:USDT,0.784,26.3,0.7841,696.4,0.7841,3970832.5,
1753460360647,16:19:20.647,ADA/USDT:USDT,0.784,0.1,0.7841,736.1,0.7841,3970832.5,
1753460360751,16:19:20.751,ADA/USDT:USDT,0.7839,133.8,0.784,267.9,0.7841,3970832.5,
1753460360894,16:19:20.894,ADA/USDT:USDT,0.7839,74.1,0.784,362.2,0.7841,3970832.5,
1753460361004,16:19:21.004,ADA/USDT:USDT,0.7839,134.0,0.784,356.2,0.7841,3970832.5,
1753460361109,16:19:21.109,ADA/USDT:USDT,0.7839,65.8,0.784,292.4,0.7841,3970832.5,
1753460361214,16:19:21.214,ADA/USDT:USDT,0.7838,224.0,0.7839,196.9,0.7841,3970832.5,
1753460361319,16:19:21.319,ADA/USDT:USDT,0.7838,231.2,0.7839,132.3,0.7841,3970832.5,
1753460361425,16:19:21.425,ADA/USDT:USDT,0.7838,294.3,0.7839,66.2,0.7839,3970832.6,
1753460361528,16:19:21.528,ADA/USDT:USDT,0.7839,581.5,0.784,142.4,0.7839,3970832.6,
1753460361635,16:19:21.635,ADA/USDT:USDT,0.7839,587.5,0.7841,152.2,0.784,3970832.9,
1753460361750,16:19:21.750,ADA/USDT:USDT,0.7841,48.5,0.7842,318.6,0.784,3970832.9,
1753460361878,16:19:21.878,ADA/USDT:USDT,0.7841,89.1,0.7842,422.2,0.784,3970832.9,
1753460362003,16:19:22.003,ADA/USDT:USDT,0.7841,180.9,0.7842,251.5,0.784,3970832.9,
1753460362105,16:19:22.105,ADA/USDT:USDT,0.7841,180.9,0.7842,183.3,0.7842,3970833.1,
1753460362206,16:19:22.206,ADA/USDT:USDT,0.7841,222.3,0.7842,173.9,0.7842,3970833.1,
1753460362311,16:19:22.311,ADA/USDT:USDT,0.7841,175.2,0.7842,309.3,0.7842,3970833.1,
1753460362527,16:19:22.527,ADA/USDT:USDT,0.7841,155.2,0.7842,310.5,0.7842,3970833.1,
1753460362756,16:19:22.756,ADA/USDT:USDT,0.7841,89.1,0.7842,311.2,0.7842,3970833.1,
1753460362895,16:19:22.895,ADA/USDT:USDT,0.7841,108.4,0.7842,431.0,0.7842,3970833.1,
1753460363004,16:19:23.004,ADA/USDT:USDT,0.7841,128.4,0.7842,246.7,0.7842,3970833.1,
1753460363107,16:19:23.107,ADA/USDT:USDT,0.7841,515.8,0.7842,0.9,0.7842,3970833.1,
1753460363215,16:19:23.215,ADA/USDT:USDT,0.7841,519.5,0.7842,0.9,0.7842,3970833.1,
1753460363420,16:19:23.420,ADA/USDT:USDT,0.7842,896.6,0.7843,0.3,0.7842,3970834.0,
1753460363526,16:19:23.526,ADA/USDT:USDT,0.7843,767.7,0.7844,0.5,0.7843,3970834.3,
1753460363634,16:19:23.634,ADA/USDT:USDT,0.7843,517.5,0.7844,205.9,0.7843,3970834.3,
1753460363742,16:19:23.742,ADA/USDT:USDT,0.7843,517.5,0.7844,154.7,0.7843,3970834.3,
1753460363897,16:19:23.897,ADA/USDT:USDT,0.7844,682.8,0.7845,1.2,0.7844,3970834.8,
1753460364019,16:19:24.019,ADA/USDT:USDT,0.7844,730.8,0.7845,0.9,0.7844,3970834.8,
1753460364243,16:19:24.243,ADA/USDT:USDT,0.7845,711.3,0.7846,101.4,0.7845,3970835.7,
1753460364346,16:19:24.346,ADA/USDT:USDT,0.7845,771.4,0.7847,85.0,0.7846,3970879.6,
1753460364456,16:19:24.456,ADA/USDT:USDT,0.7846,921.5,0.7847,19.5,0.7847,3970924.1,
1753460364559,16:19:24.559,ADA/USDT:USDT,0.7847,624.7,0.7848,0.6,0.7847,3970924.1,
1753460364706,16:19:24.706,ADA/USDT:USDT,0.7847,136.6,0.7848,323.1,0.7847,3970924.1,
1753460364807,16:19:24.807,ADA/USDT:USDT,0.7847,136.5,0.7848,303.3,0.7847,3970924.1,
1753460365116,16:19:25.116,ADA/USDT:USDT,0.7847,137.0,0.7848,303.3,0.7847,3970924.1,
1753460365216,16:19:25.216,ADA/USDT:USDT,0.7847,136.5,0.7848,304.7,0.7847,3970924.1,
1753460365343,16:19:25.343,ADA/USDT:USDT,0.7847,132.9,0.7848,304.9,0.7847,3970924.1,
1753460365476,16:19:25.476,ADA/USDT:USDT,0.7847,134.2,0.7848,306.1,0.7847,3970924.1,
1753460365713,16:19:25.713,ADA/USDT:USDT,0.7847,275.2,0.7848,50.6,0.7848,3970924.3,
1753460365815,16:19:25.815,ADA/USDT:USDT,0.7847,326.3,0.7848,64.7,0.7848,3970934.6,
1753460365916,16:19:25.916,ADA/USDT:USDT,0.7847,331.1,0.7848,0.6,0.7848,3970934.6,
1753460366019,16:19:26.019,ADA/USDT:USDT,0.7847,265.5,0.7848,66.7,0.7848,3970934.6,
1753460366174,16:19:26.174,ADA/USDT:USDT,0.7847,333.2,0.7848,0.6,0.7848,3970934.6,
1753460366411,16:19:26.411,ADA/USDT:USDT,0.7847,268.9,0.7848,38.9,0.7848,3970934.6,
1753460366514,16:19:26.514,ADA/USDT:USDT,0.7847,307.5,0.7848,1.1,0.7848,3970934.6,
1753460366617,16:19:26.617,ADA/USDT:USDT,0.7847,314.2,0.7848,1.1,0.7848,3970934.6,
1753460366718,16:19:26.718,ADA/USDT:USDT,0.7848,859.2,0.7849,0.2,0.7848,3970935.7,
1753460366833,16:19:26.833,ADA/USDT:USDT,0.7849,188.3,0.785,369.0,0.7848,3970935.7,
1753460366973,16:19:26.973,ADA/USDT:USDT,0.7849,184.6,0.785,284.0,0.7848,3970935.7,
1753460367105,16:19:27.105,ADA/USDT:USDT,0.7849,185.6,0.785,367.6,0.7848,3970935.7,
1753460367340,16:19:27.340,ADA/USDT:USDT,0.7849,185.6,0.785,305.1,0.7848,3970935.7,
1753460367576,16:19:27.576,ADA/USDT:USDT,0.7849,185.6,0.785,368.8,0.7848,3970935.7,
1753460367704,16:19:27.704,ADA/USDT:USDT,0.7849,185.6,0.785,304.6,0.7848,3970935.7,
1753460367805,16:19:27.805,ADA/USDT:USDT,0.7849,173.4,0.785,368.8,0.7848,3970935.7,
1753460367912,16:19:27.912,ADA/USDT:USDT,0.7849,113.0,0.785,371.0,0.7848,3970935.7,
1753460368140,16:19:28.140,ADA/USDT:USDT,0.7849,173.4,0.785,306.3,0.7848,3970935.7,
1753460368503,16:19:28.503,ADA/USDT:USDT,0.7849,221.4,0.785,212.1,0.785,3970936.2,
1753460368916,16:19:28.916,ADA/USDT:USDT,0.7849,429.1,0.785,1.2,0.785,3970936.2,
1753460369257,16:19:29.257,ADA/USDT:USDT,0.785,861.0,0.7851,130.5,0.7851,3970959.6,
1753460369369,16:19:29.369,ADA/USDT:USDT,0.785,367.8,0.7851,226.2,0.7851,3970959.6,
1753460369505,16:19:29.505,ADA/USDT:USDT,0.785,434.7,0.7851,26.0,0.7851,3970959.6,
1753460369607,16:19:29.607,ADA/USDT:USDT,0.785,435.1,0.7851,0.2,0.7851,3970959.6,
1753460369862,16:19:29.862,ADA/USDT:USDT,0.785,328.5,0.7851,244.9,0.7851,3970959.6,
1753460369963,16:19:29.963,ADA/USDT:USDT,0.785,333.9,0.7851,132.5,0.7851,3970959.6,
1753460370109,16:19:30.109,ADA/USDT:USDT,0.785,328.5,0.7851,198.9,0.7851,3970959.6,
1753460370211,16:19:30.211,ADA/USDT:USDT,0.785,302.9,0.7851,219.4,0.7851,3970959.6,
1753460370319,16:19:30.319,ADA/USDT:USDT,0.785,114.5,0.7851,361.6,0.7851,3970959.6,
1753460370474,16:19:30.474,ADA/USDT:USDT,0.785,129.8,0.7851,323.1,0.7851,3970959.6,
1753460370605,16:19:30.605,ADA/USDT:USDT,0.785,129.8,0.7851,259.5,0.7851,3970959.6,
1753460370717,16:19:30.717,ADA/USDT:USDT,0.785,226.4,0.7851,260.7,0.7851,3970959.6,
1753460370819,16:19:30.819,ADA/USDT:USDT,0.785,129.8,0.7851,239.5,0.7851,3970959.6,
1753460370927,16:19:30.927,ADA/USDT:USDT,0.785,129.8,0.7851,303.2,0.7851,3970959.6,
1753460371144,16:19:31.144,ADA/USDT:USDT,0.7848,72.4,0.7849,637.9,0.785,3970977.1,
1753460371258,16:19:31.258,ADA/USDT:USDT,0.7848,25.7,0.7849,596.4,0.785,3970977.1,
1753460371394,16:19:31.394,ADA/USDT:USDT,0.7848,113.0,0.7849,630.8,0.785,3970977.1,
1753460371520,16:19:31.520,ADA/USDT:USDT,0.7848,113.5,0.7849,522.3,0.785,3970977.1,
1753460371672,16:19:31.672,ADA/USDT:USDT,0.7848,113.0,0.7849,587.0,0.785,3970977.1,
1753460371807,16:19:31.807,ADA/USDT:USDT,0.7848,45.8,0.7849,587.0,0.785,3970977.1,
1753460372025,16:19:32.025,ADA/USDT:USDT,0.7847,4.7,0.7848,558.4,0.785,3970977.1,
1753460372176,16:19:32.176,ADA/USDT:USDT,0.7847,4.9,0.7848,558.6,0.785,3970977.1,
1753460372297,16:19:32.297,ADA/USDT:USDT,0.7847,269.0,0.7848,349.4,0.785,3970977.1,
1753460372399,16:19:32.399,ADA/USDT:USDT,0.7847,269.0,0.7848,185.6,0.785,3970977.1,
1753460372505,16:19:32.505,ADA/USDT:USDT,0.7847,269.0,0.7848,162.6,0.785,3970977.1,
1753460372707,16:19:32.707,ADA/USDT:USDT,0.7847,204.6,0.7848,213.6,0.785,3970977.1,
1753460372917,16:19:32.917,ADA/USDT:USDT,0.7847,204.6,0.7848,213.3,0.7848,3970977.4,
1753460373137,16:19:33.137,ADA/USDT:USDT,0.7847,251.8,0.7848,132.4,0.7848,3970977.4,
1753460373286,16:19:33.286,ADA/USDT:USDT,0.7847,247.5,0.7848,132.5,0.7848,3970977.4,
1753460373399,16:19:33.399,ADA/USDT:USDT,0.7847,204.9,0.7848,207.1,0.7848,3970977.4,
1753460373507,16:19:33.507,ADA/USDT:USDT,0.7847,177.4,0.7848,207.3,0.7848,3970977.4,
1753460373612,16:19:33.612,ADA/USDT:USDT,0.7847,177.4,0.7848,207.0,0.7848,3970977.7,
1753460373965,16:19:33.965,ADA/USDT:USDT,0.7847,137.0,0.7848,207.0,0.7848,3970977.7,
1753460374066,16:19:34.066,ADA/USDT:USDT,0.7847,5.4,0.7848,313.6,0.7848,3970977.7,
1753460374170,16:19:34.170,ADA/USDT:USDT,0.7847,173.4,0.7848,219.8,0.7848,3970977.7,
1753460374272,16:19:34.272,ADA/USDT:USDT,0.7847,52.1,0.7848,243.0,0.7848,3970977.7,
1753460374373,16:19:34.373,ADA/USDT:USDT,0.7847,117.2,0.7848,249.0,0.7848,3970977.7,
1753460374506,16:19:34.506,ADA/USDT:USDT,0.7847,157.6,0.7848,219.8,0.7848,3970977.7,
1753460374644,16:19:34.644,ADA/USDT:USDT,0.7847,177.6,0.7848,219.8,0.7848,3970977.7,
1753460374758,16:19:34.758,ADA/USDT:USDT,0.7847,188.3,0.7848,153.4,0.7848,3970977.7,
1753460374874,16:19:34.874,ADA/USDT:USDT,0.7847,192.9,0.7848,153.4,0.7848,3970977.7,
1753460375009,16:19:35.009,ADA/USDT:USDT,0.7847,203.2,0.7848,153.4,0.7848,3970977.7,
1753460375113,16:19:35.113,ADA/USDT:USDT,0.7847,407.2,0.7848,42.2,0.7848,3970977.7,
1753460375217,16:19:35.217,ADA/USDT:USDT,0.7847,488.8,0.7848,1.2,0.7848,3970977.7,
1753460375318,16:19:35.318,ADA/USDT:USDT,0.7847,482.3,0.7848,92.9,0.7848,3970977.7,
1753460375575,16:19:35.575,ADA/USDT:USDT,0.7847,488.9,0.7848,1.3,0.7848,3970977.7,
1753460375805,16:19:35.805,ADA/USDT:USDT,0.7847,486.0,0.7848,1.3,0.7848,3970977.7,
1753460375910,16:19:35.910,ADA/USDT:USDT,0.7847,397.6,0.7848,128.3,0.7848,3970977.7,
1753460376012,16:19:36.012,ADA/USDT:USDT,0.7847,150.6,0.7848,234.9,0.7848,3970977.7,
1753460376123,16:19:36.123,ADA/USDT:USDT,0.7847,150.6,0.7848,231.0,0.7848,3970977.7,
1753460376279,16:19:36.279,ADA/USDT:USDT,0.7847,150.6,0.7848,222.6,0.7848,3970978.2,
1753460376384,16:19:36.384,ADA/USDT:USDT,0.7847,150.6,0.7848,229.0,0.7848,3970978.2,
1753460376505,16:19:36.505,ADA/USDT:USDT,0.7847,210.9,0.7848,222.3,0.7848,3970978.5,
1753460376606,16:19:36.606,ADA/USDT:USDT,0.7847,216.5,0.7848,120.2,0.7848,3970978.5,
1753460376707,16:19:36.707,ADA/USDT:USDT,0.7847,211.0,0.7848,253.6,0.7848,3970978.5,
1753460376810,16:19:36.810,ADA/USDT:USDT,0.7847,37.0,0.7848,319.9,0.7848,3970978.5,
1753460376915,16:19:36.915,ADA/USDT:USDT,0.7847,170.2,0.7848,248.8,0.7848,3970978.5,
1753460377019,16:19:37.019,ADA/USDT:USDT,0.7847,183.5,0.7848,274.6,0.7848,3970978.5,
1753460377118,16:19:37.118,ADA/USDT:USDT,0.7847,240.4,0.7848,140.4,0.7848,3970978.5,
1753460377219,16:19:37.219,ADA/USDT:USDT,0.7847,244.0,0.7848,120.4,0.7848,3970978.5,
1753460377369,16:19:37.369,ADA/USDT:USDT,0.7847,250.6,0.7848,120.4,0.7848,3970978.5,
1753460377473,16:19:37.473,ADA/USDT:USDT,0.7847,305.7,0.7848,94.8,0.7848,3970978.5,
1753460377701,16:19:37.701,ADA/USDT:USDT,0.7847,305.2,0.7848,94.8,0.7848,3970978.5,
1753460377811,16:19:37.811,ADA/USDT:USDT,0.7847,305.7,0.7848,120.4,0.7848,3970978.5,
1753460377920,16:19:37.920,ADA/USDT:USDT,0.7847,242.8,0.7848,120.4,0.7848,3970978.5,
1753460378140,16:19:38.140,ADA/USDT:USDT,0.7847,305.7,0.7848,15.2,0.7848,3970978.5,
1753460378282,16:19:38.282,ADA/USDT:USDT,0.7847,242.8,0.7848,147.3,0.7848,3970978.5,
1753460378387,16:19:38.387,ADA/USDT:USDT,0.7847,239.1,0.7848,147.3,0.7848,3970978.5,
1753460378510,16:19:38.510,ADA/USDT:USDT,0.7847,305.9,0.7848,15.3,0.7848,3970978.5,
1753460378617,16:19:38.617,ADA/USDT:USDT,0.7847,305.4,0.7848,15.3,0.7848,3970978.5,
1753460378853,16:19:38.853,ADA/USDT:USDT,0.7847,317.3,0.7848,15.0,0.7848,3970979.0,
1753460378979,16:19:38.979,ADA/USDT:USDT,0.7849,824.6,0.785,167.2,0.7849,3971011.3,
1753460379108,16:19:39.108,ADA/USDT:USDT,0.7849,696.5,0.785,25.8,0.7849,3971011.3,
1753460379208,16:19:39.208,ADA/USDT:USDT,0.7849,484.3,0.785,227.8,0.7849,3971011.3,
1753460379313,16:19:39.313,ADA/USDT:USDT,0.7849,465.1,0.785,152.5,0.7849,3971011.3,
1753460379425,16:19:39.425,ADA/USDT:USDT,0.7849,237.8,0.785,300.7,0.7849,3971011.3,
1753460379580,16:19:39.580,ADA/USDT:USDT,0.7849,221.3,0.785,294.5,0.7849,3971011.3,
1753460379688,16:19:39.688,ADA/USDT:USDT,0.7849,213.1,0.785,294.5,0.7849,3971011.3,
1753460379798,16:19:39.798,ADA/USDT:USDT,0.7849,212.9,0.785,295.3,0.7849,3971011.5,
1753460379901,16:19:39.901,ADA/USDT:USDT,0.7849,132.7,0.785,366.2,0.7849,3971011.5,
1753460380012,16:19:40.012,ADA/USDT:USDT,0.7849,41.0,0.785,366.2,0.7849,3971011.5,
1753460380116,16:19:40.116,ADA/USDT:USDT,0.7849,41.3,0.785,367.4,0.7849,3971011.5,
1753460380246,16:19:40.246,ADA/USDT:USDT,0.7849,41.3,0.785,418.0,0.7849,3971011.5,
1753460380353,16:19:40.353,ADA/USDT:USDT,0.7849,67.2,0.785,361.3,0.7849,3971011.5,
1753460380501,16:19:40.501,ADA/USDT:USDT,0.7849,41.3,0.785,361.3,0.7849,3971011.5,
1753460380602,16:19:40.602,ADA/USDT:USDT,0.7849,41.3,0.785,367.6,0.7849,3971011.5,
1753460380707,16:19:40.707,ADA/USDT:USDT,0.7849,325.6,0.785,295.8,0.7849,3971011.5,
1753460380814,16:19:40.814,ADA/USDT:USDT,0.7849,235.8,0.785,295.8,0.7849,3971011.5,
1753460380916,16:19:40.916,ADA/USDT:USDT,0.7849,213.6,0.785,303.3,0.7849,3971011.5,
1753460381071,16:19:41.071,ADA/USDT:USDT,0.7849,41.4,0.785,447.1,0.7849,3971011.6,
1753460381305,16:19:41.305,ADA/USDT:USDT,0.7849,41.4,0.785,372.1,0.7849,3971011.6,
1753460381409,16:19:41.409,ADA/USDT:USDT,0.7849,41.4,0.785,368.4,0.7849,3971011.6,
1753460381516,16:19:41.516,ADA/USDT:USDT,0.7849,107.2,0.785,297.8,0.7849,3971012.6,
1753460381786,16:19:41.786,ADA/USDT:USDT,0.7849,107.2,0.785,358.9,0.7849,3971012.6,
1753460381908,16:19:41.908,ADA/USDT:USDT,0.7849,241.8,0.785,295.2,0.7849,3971012.6,
1753460382015,16:19:42.015,ADA/USDT:USDT,0.7849,311.3,0.785,91.8,0.7849,3971012.6,
1753460382232,16:19:42.232,ADA/USDT:USDT,0.7849,174.1,0.785,254.9,0.7849,3971012.6,
1753460382473,16:19:42.473,ADA/USDT:USDT,0.7849,175.8,0.785,254.9,0.7849,3971012.6,
1753460382613,16:19:42.613,ADA/USDT:USDT,0.7849,200.9,0.785,255.0,0.7849,3971012.6,
1753460382716,16:19:42.716,ADA/USDT:USDT,0.7849,216.5,0.785,255.0,0.7849,3971012.6,
1753460382853,16:19:42.853,ADA/USDT:USDT,0.7849,210.7,0.785,255.0,0.7849,3971012.6,
1753460382962,16:19:42.962,ADA/USDT:USDT,0.7849,216.5,0.785,192.9,0.7849,3971012.6,
1753460383070,16:19:43.070,ADA/USDT:USDT,0.7849,316.6,0.785,0.7,0.7849,3971012.6,
1753460383199,16:19:43.199,ADA/USDT:USDT,0.7849,316.6,0.785,0.8,0.7849,3971012.6,
1753460383304,16:19:43.304,ADA/USDT:USDT,0.7849,245.7,0.785,132.9,0.7849,3971012.6,
1753460383423,16:19:43.423,ADA/USDT:USDT,0.7849,253.6,0.785,132.9,0.7849,3971012.6,
1753460383541,16:19:43.541,ADA/USDT:USDT,0.7849,255.8,0.785,132.9,0.7849,3971012.6,
1753460383675,16:19:43.675,ADA/USDT:USDT,0.7849,370.8,0.785,132.9,0.7849,3971012.6,
1753460383789,16:19:43.789,ADA/USDT:USDT,0.7849,255.9,0.785,132.9,0.7849,3971012.6,
1753460383905,16:19:43.905,ADA/USDT:USDT,0.7849,255.9,0.785,92.5,0.7849,3971012.6,
1753460384005,16:19:44.005,ADA/USDT:USDT,0.7849,255.9,0.785,26.4,0.7849,3971012.6,
1753460384107,16:19:44.107,ADA/USDT:USDT,0.7849,312.3,0.785,0.8,0.7849,3971012.6,
1753460384327,16:19:44.327,ADA/USDT:USDT,0.7849,248.0,0.785,92.0,0.7849,3971012.6,
1753460384438,16:19:44.438,ADA/USDT:USDT,0.7849,321.0,0.785,0.8,0.7849,3971012.6,
1753460384550,16:19:44.550,ADA/USDT:USDT,0.7849,322.2,0.785,1.0,0.7849,3971012.6,
1753460384656,16:19:44.656,ADA/USDT:USDT,0.7849,323.4,0.785,1.0,0.7849,3971012.6,
1753460384907,16:19:44.907,ADA/USDT:USDT,0.7849,247.8,0.785,107.1,0.7849,3971012.6,
1753460385113,16:19:45.113,ADA/USDT:USDT,0.7849,74.3,0.785,297.3,0.7849,3971012.6,
1753460385238,16:19:45.238,ADA/USDT:USDT,0.7849,48.7,0.785,298.5,0.7849,3971012.6,
1753460385337,16:19:45.337,ADA/USDT:USDT,0.7849,114.7,0.785,275.1,0.785,3971025.5,
1753460385492,16:19:45.492,ADA/USDT:USDT,0.7849,180.9,0.785,215.1,0.785,3971025.5,
1753460385609,16:19:45.609,ADA/USDT:USDT,0.7849,306.8,0.785,205.4,0.785,3971025.5,
1753460385875,16:19:45.875,ADA/USDT:USDT,0.7849,257.9,0.785,231.3,0.785,3971025.5,
1753460386106,16:19:46.106,ADA/USDT:USDT,0.7849,267.5,0.785,134.9,0.785,3971025.5,
1753460386209,16:19:46.209,ADA/USDT:USDT,0.7849,360.9,0.785,1.0,0.785,3971025.5,
1753460386467,16:19:46.467,ADA/USDT:USDT,0.7849,287.6,0.785,122.0,0.785,3971025.5,
1753460386573,16:19:46.573,ADA/USDT:USDT,0.7849,286.2,0.785,81.8,0.785,3971025.5,
1753460386692,16:19:46.692,ADA/USDT:USDT,0.785,893.8,0.7851,0.1,0.785,3971026.8,
1753460386794,16:19:46.794,ADA/USDT:USDT,0.785,765.8,0.7852,323.6,0.7851,3971027.1,
1753460386900,16:19:46.900,ADA/USDT:USDT,0.7851,598.4,0.7852,78.5,0.7851,3971027.1,
1753460387023,16:19:47.023,ADA/USDT:USDT,0.7851,650.4,0.7852,12.6,0.7851,3971027.1,
1753460387230,16:19:47.230,ADA/USDT:USDT,0.7851,651.9,0.7852,13.0,0.7851,3971027.1,
1753460387330,16:19:47.330,ADA/USDT:USDT,0.7852,720.2,0.7853,88.7,0.7852,3971040.1,
1753460387433,16:19:47.433,ADA/USDT:USDT,0.7852,519.0,0.7853,153.4,0.7852,3971040.1,
1753460387568,16:19:47.568,ADA/USDT:USDT,0.7852,529.8,0.7853,41.9,0.7852,3971040.1,
1753460387705,16:19:47.705,ADA/USDT:USDT,0.7852,593.5,0.7853,1.5,0.7852,3971040.1,
1753460387806,16:19:47.806,ADA/USDT:USDT,0.7852,584.1,0.7853,41.7,0.7852,3971040.1,
1753460387915,16:19:47.915,ADA/USDT:USDT,0.7852,518.3,0.7853,67.4,0.7852,3971040.1,
1753460388023,16:19:48.023,ADA/USDT:USDT,0.7852,518.3,0.7853,152.9,0.7852,3971040.1,
1753460388161,16:19:48.161,ADA/USDT:USDT,0.7852,453.9,0.7853,159.1,0.7852,3971040.1,
1753460388304,16:19:48.304,ADA/USDT:USDT,0.7852,453.9,0.7853,139.7,0.7852,3971040.1,
1753460388405,16:19:48.405,ADA/USDT:USDT,0.7852,459.7,0.7853,234.7,0.7852,3971040.1,
1753460388510,16:19:48.510,ADA/USDT:USDT,0.7852,459.6,0.7853,68.1,0.7852,3971040.2,
1753460388614,16:19:48.614,ADA/USDT:USDT,0.7852,459.1,0.7853,68.1,0.7852,3971040.2,
1753460388741,16:19:48.741,ADA/USDT:USDT,0.7852,533.6,0.7853,27.7,0.7852,3971040.2,
1753460388888,16:19:48.888,ADA/USDT:USDT,0.7853,797.3,0.7854,61.5,0.7853,3971042.3,
1753460388990,16:19:48.990,ADA/USDT:USDT,0.7853,790.6,0.7854,41.3,0.7853,3971042.4,
1753460389103,16:19:49.103,ADA/USDT:USDT,0.7853,788.2,0.7854,7.5,0.7853,3971042.4,
1753460389205,16:19:49.205,ADA/USDT:USDT,0.7853,40.4,0.7854,449.5,0.7853,3971042.4,
1753460389307,16:19:49.307,ADA/USDT:USDT,0.7852,121.2,0.7854,446.2,0.7853,3971082.8,
1753460389410,16:19:49.410,ADA/USDT:USDT,0.7851,0.1,0.7852,1001.3,0.7852,3971088.9,
1753460389666,16:19:49.666,ADA/USDT:USDT,0.7851,6.6,0.7852,1010.2,0.7852,3971088.9,
1753460389780,16:19:49.780,ADA/USDT:USDT,0.7849,365.8,0.785,150.4,0.785,3971124.8,
1753460390011,16:19:50.011,ADA/USDT:USDT,0.785,322.3,0.7851,409.6,0.785,3971124.9,
1753460390268,16:19:50.268,ADA/USDT:USDT,0.7849,172.7,0.785,413.2,0.785,3971124.9,
1753460390373,16:19:50.373,ADA/USDT:USDT,0.7849,176.3,0.785,406.4,0.785,3971124.9,
1753460390485,16:19:50.485,ADA/USDT:USDT,0.7849,176.3,0.785,343.3,0.785,3971124.9,
1753460390606,16:19:50.606,ADA/USDT:USDT,0.7849,176.3,0.785,343.5,0.785,3971124.9,
1753460390714,16:19:50.714,ADA/USDT:USDT,0.7849,115.4,0.785,343.5,0.785,3971124.9,
1753460390824,16:19:50.824,ADA/USDT:USDT,0.7849,29.3,0.785,419.3,0.785,3971124.9,
1753460390925,16:19:50.925,ADA/USDT:USDT,0.7849,29.3,0.785,408.4,0.785,3971124.9,
1753460391050,16:19:51.050,ADA/USDT:USDT,0.7848,46.7,0.7849,659.0,0.7849,3971128.6,
1753460391171,16:19:51.171,ADA/USDT:USDT,0.7848,75.1,0.7849,643.3,0.7849,3971128.6,
1753460391272,16:19:51.272,ADA/USDT:USDT,0.7848,46.9,0.7849,688.3,0.7849,3971128.6,
1753460391406,16:19:51.406,ADA/USDT:USDT,0.7848,153.4,0.7849,682.9,0.7849,3971128.6,
1753460391507,16:19:51.507,ADA/USDT:USDT,0.7848,153.5,0.7849,684.8,0.7849,3971128.6,
1753460391612,16:19:51.612,ADA/USDT:USDT,0.7848,153.0,0.7849,684.8,0.7849,3971128.6,
1753460391815,16:19:51.815,ADA/USDT:USDT,0.7847,225.1,0.7849,696.7,0.7848,3971129.3,
1753460391931,16:19:51.931,ADA/USDT:USDT,0.7846,69.2,0.7848,635.0,0.7847,3971130.2,
1753460392036,16:19:52.036,ADA/USDT:USDT,0.7845,585.9,0.7846,77.4,0.7846,3971261.7,
1753460392140,16:19:52.140,ADA/USDT:USDT,0.7845,590.1,0.7846,0.3,0.7846,3971261.7,
1753460392263,16:19:52.263,ADA/USDT:USDT,0.7845,582.0,0.7846,0.3,0.7846,3971261.7,
1753460392486,16:19:52.486,ADA/USDT:USDT,0.7845,581.3,0.7846,0.3,0.7846,3971261.7,
1753460392602,16:19:52.602,ADA/USDT:USDT,0.7845,581.2,0.7846,66.5,0.7846,3971261.7,
1753460392707,16:19:52.707,ADA/USDT:USDT,0.7845,580.7,0.7846,0.4,0.7846,3971261.7,
1753460392826,16:19:52.826,ADA/USDT:USDT,0.7845,581.2,0.7846,0.4,0.7846,3971261.7,
1753460393213,16:19:53.213,ADA/USDT:USDT,0.7845,592.6,0.7846,0.4,0.7846,3971261.7,
1753460393319,16:19:53.319,ADA/USDT:USDT,0.7845,593.8,0.7846,0.6,0.7846,3971261.7,
1753460393572,16:19:53.572,ADA/USDT:USDT,0.7846,915.2,0.7847,0.1,0.7846,3971262.3,
1753460393692,16:19:53.692,ADA/USDT:USDT,0.7846,905.9,0.7847,0.1,0.7846,3971262.3,
1753460393801,16:19:53.801,ADA/USDT:USDT,0.7846,906.0,0.7847,0.1,0.7846,3971262.3,
1753460393910,16:19:53.910,ADA/USDT:USDT,0.7846,915.3,0.7848,1.0,0.7847,3971262.4,
1753460394114,16:19:54.114,ADA/USDT:USDT,0.7847,831.8,0.7848,127.3,0.7847,3971262.4,
1753460394214,16:19:54.214,ADA/USDT:USDT,0.7847,844.1,0.7848,0.1,0.7847,3971262.4,
1753460394430,16:19:54.430,ADA/USDT:USDT,0.7847,848.5,0.7848,0.2,0.7847,3971262.4,
1753460394533,16:19:54.533,ADA/USDT:USDT,0.7847,849.0,0.7848,0.4,0.7847,3971262.4,
1753460394654,16:19:54.654,ADA/USDT:USDT,0.7848,902.8,0.7849,0.7,0.7848,3971262.8,
