timestamp,time,symbol,bid1_price,bid1_volume,bid2_price,bid2_volume,ask1_price,ask1_volume,ask2_price,ask2_volume
1753531550000,12:05:50.000,AEVO/USDT:USDT,0.10646,170.0,0.10644,28.0,0.10649,167.0,0.1065,28.0
1753531550820,12:05:50.820,AEVO/USDT:USDT,0.10646,170.0,0.10644,28.0,0.10649,167.0,0.1065,28.0
1753531551153,12:05:51.153,AEVO/USDT:USDT,0.10646,170.0,0.10644,28.0,0.10649,167.0,0.1065,28.0
1753531551860,12:05:51.860,AEVO/USDT:USDT,0.10646,170.0,0.10644,28.0,0.10649,167.0,0.1065,28.0
1753531552356,12:05:52.356,AEVO/USDT:USDT,0.10646,100.0,0.10645,167.0,0.10648,168.0,0.10649,195.0
1753531552443,12:05:52.443,AEVO/USDT:USDT,0.10646,100.0,0.10645,167.0,0.10648,167.0,0.10649,28.0
1753531553303,12:05:53.303,AEVO/USDT:USDT,0.10646,100.0,0.10645,167.0,0.10648,167.0,0.10649,28.0
1753531553530,12:05:53.530,AEVO/USDT:USDT,0.10646,100.0,0.10639,170.0,0.10647,167.0,0.10648,28.0
1753531553626,12:05:53.626,AEVO/USDT:USDT,0.10642,167.0,0.10641,28.0,0.10647,167.0,0.10648,28.0
1753531553708,12:05:53.708,AEVO/USDT:USDT,0.10644,167.0,0.10643,100.0,0.10646,1.0,0.10647,167.0
1753531553853,12:05:53.853,AEVO/USDT:USDT,0.10644,167.0,0.10641,28.0,0.10646,1.0,0.10648,28.0
1753531553962,12:05:53.962,AEVO/USDT:USDT,0.10644,167.0,0.10641,28.0,0.10647,168.0,0.10648,28.0
1753531554058,12:05:54.058,AEVO/USDT:USDT,0.10645,167.0,0.10644,28.0,0.10648,167.0,0.1065,28.0
1753531554449,12:05:54.449,AEVO/USDT:USDT,0.10644,195.0,0.10643,28.0,0.10648,167.0,0.1065,28.0
1753531555006,12:05:55.006,AEVO/USDT:USDT,0.10644,167.0,0.10643,267.0,0.10646,1.0,0.10647,167.0
1753531555159,12:05:55.159,AEVO/USDT:USDT,0.10644,167.0,0.10643,28.0,0.10646,1.0,0.10647,167.0
1753531555476,12:05:55.476,AEVO/USDT:USDT,0.10644,167.0,0.10642,56.0,0.10646,1.0,0.10647,167.0
1753531555738,12:05:55.738,AEVO/USDT:USDT,0.10644,167.0,0.10642,56.0,0.10646,1.0,0.10647,167.0
1753531556736,12:05:56.736,AEVO/USDT:USDT,0.10644,167.0,0.10642,56.0,0.10646,1.0,0.10656,172.0
1753531557439,12:05:57.439,AEVO/USDT:USDT,0.10645,100.0,0.10644,167.0,0.10649,167.0,0.1065,56.0
1753531557474,12:05:57.474,AEVO/USDT:USDT,0.10645,100.0,0.10644,167.0,0.10647,167.0,0.10648,1.0
1753531557773,12:05:57.773,AEVO/USDT:USDT,0.10645,100.0,0.10644,167.0,0.10647,167.0,0.10648,28.0
1753531557867,12:05:57.867,AEVO/USDT:USDT,0.10645,100.0,0.10644,167.0,0.10647,167.0,0.10648,56.0
1753531558202,12:05:58.202,AEVO/USDT:USDT,0.10645,100.0,0.10644,167.0,0.10647,167.0,0.10648,56.0
1753531558321,12:05:58.321,AEVO/USDT:USDT,0.10645,100.0,0.10644,167.0,0.10647,167.0,0.10648,56.0
1753531558537,12:05:58.537,AEVO/USDT:USDT,0.10645,100.0,0.10644,167.0,0.10647,167.0,0.10648,56.0
1753531558570,12:05:58.570,AEVO/USDT:USDT,0.10645,100.0,0.10644,167.0,0.10647,167.0,0.10648,56.0
1753531558686,12:05:58.686,AEVO/USDT:USDT,0.10645,100.0,0.10644,167.0,0.10647,167.0,0.10648,56.0
1753531559046,12:05:59.046,AEVO/USDT:USDT,0.10645,100.0,0.10644,167.0,0.10647,167.0,0.10648,56.0
1753531560072,12:06:00.072,AEVO/USDT:USDT,0.10644,167.0,0.10643,56.0,0.10647,169.0,0.10649,28.0
1753531560547,12:06:00.547,AEVO/USDT:USDT,0.10644,167.0,0.10643,56.0,0.10648,169.0,0.10649,28.0
1753531560629,12:06:00.629,AEVO/USDT:USDT,0.10645,100.0,0.10644,167.0,0.10647,170.0,0.10649,28.0
1753531560670,12:06:00.670,AEVO/USDT:USDT,0.10645,100.0,0.10644,167.0,0.10647,169.0,0.10649,28.0
1753531560853,12:06:00.853,AEVO/USDT:USDT,0.10645,100.0,0.10644,167.0,0.10647,169.0,0.10649,28.0
1753531561039,12:06:01.039,AEVO/USDT:USDT,0.10645,100.0,0.10644,167.0,0.10647,169.0,0.10649,28.0
1753531561084,12:06:01.084,AEVO/USDT:USDT,0.10645,100.0,0.10644,167.0,0.10647,169.0,0.10649,28.0
1753531561255,12:06:01.255,AEVO/USDT:USDT,0.10645,100.0,0.10643,28.0,0.10647,169.0,0.10649,28.0
1753531561609,12:06:01.609,AEVO/USDT:USDT,0.10645,169.0,0.10644,100.0,0.10656,172.0,0.10659,2116.0
1753531562361,12:06:02.361,AEVO/USDT:USDT,0.10646,100.0,0.10645,169.0,0.10648,169.0,0.10649,28.0
1753531562394,12:06:02.394,AEVO/USDT:USDT,0.10646,100.0,0.10645,169.0,0.10648,169.0,0.10649,56.0
1753531563122,12:06:03.122,AEVO/USDT:USDT,0.10646,100.0,0.10645,169.0,0.10648,169.0,0.10649,56.0
1753531563354,12:06:03.354,AEVO/USDT:USDT,0.10646,269.0,0.10644,28.0,0.10649,197.0,0.1065,28.0
1753531563426,12:06:03.426,AEVO/USDT:USDT,0.10645,169.0,0.10644,28.0,0.1065,169.0,0.10651,56.0
1753531563559,12:06:03.559,AEVO/USDT:USDT,0.10646,100.0,0.10645,169.0,0.10649,1.0,0.1065,169.0
1753531563619,12:06:03.619,AEVO/USDT:USDT,0.10646,100.0,0.10645,169.0,0.10648,169.0,0.10649,29.0
1753531563717,12:06:03.717,AEVO/USDT:USDT,0.10646,100.0,0.10645,169.0,0.10648,169.0,0.10649,28.0
1753531563857,12:06:03.857,AEVO/USDT:USDT,0.10646,100.0,0.10644,28.0,0.10648,169.0,0.10649,56.0
1753531563955,12:06:03.955,AEVO/USDT:USDT,0.10645,100.0,0.10639,170.0,0.10648,169.0,0.10649,56.0
1753531564018,12:06:04.018,AEVO/USDT:USDT,0.10642,169.0,0.10641,28.0,0.10648,169.0,0.10649,28.0
1753531564824,12:06:04.824,AEVO/USDT:USDT,0.10642,169.0,0.10641,56.0,0.10646,1.0,0.10647,169.0
1753531564872,12:06:04.872,AEVO/USDT:USDT,0.10644,169.0,0.10643,100.0,0.10646,1.0,0.10647,169.0
1753531565271,12:06:05.271,AEVO/USDT:USDT,0.10644,169.0,0.10643,56.0,0.10647,1.0,0.10648,169.0
1753531565530,12:06:05.530,AEVO/USDT:USDT,0.10644,169.0,0.10643,56.0,0.10647,1.0,0.10648,169.0
1753531565619,12:06:05.619,AEVO/USDT:USDT,0.10644,169.0,0.10643,56.0,0.10647,1.0,0.10648,169.0
1753531566005,12:06:06.005,AEVO/USDT:USDT,0.10644,169.0,0.10643,56.0,0.10647,1.0,0.10648,169.0
1753531566144,12:06:06.144,AEVO/USDT:USDT,0.10644,169.0,0.10643,56.0,0.10647,1.0,0.10656,172.0
1753531566186,12:06:06.186,AEVO/USDT:USDT,0.10644,169.0,0.10643,28.0,0.10654,169.0,0.10655,1.0
1753531566286,12:06:06.286,AEVO/USDT:USDT,0.10646,169.0,0.10645,100.0,0.10652,169.0,0.10653,29.0
1753531566486,12:06:06.486,AEVO/USDT:USDT,0.10647,100.0,0.10646,169.0,0.10649,169.0,0.1065,28.0
1753531566944,12:06:06.944,AEVO/USDT:USDT,0.10647,100.0,0.10646,169.0,0.10649,169.0,0.1065,28.0
1753531567086,12:06:07.086,AEVO/USDT:USDT,0.10647,100.0,0.10645,28.0,0.1065,169.0,0.10651,1.0
1753531567209,12:06:07.209,AEVO/USDT:USDT,0.10646,100.0,0.10645,56.0,0.1065,169.0,0.10652,28.0
1753531568802,12:06:08.802,AEVO/USDT:USDT,0.10646,100.0,0.10645,169.0,0.10648,169.0,0.1065,28.0
1753531568954,12:06:08.954,AEVO/USDT:USDT,0.10646,100.0,0.10645,169.0,0.10648,169.0,0.1065,28.0
1753531569297,12:06:09.297,AEVO/USDT:USDT,0.10646,269.0,0.10644,28.0,0.10649,169.0,0.1065,28.0
1753531569375,12:06:09.375,AEVO/USDT:USDT,0.10646,169.0,0.10644,28.0,0.10649,169.0,0.1065,28.0
1753531569788,12:06:09.788,AEVO/USDT:USDT,0.10646,169.0,0.10644,28.0,0.10649,169.0,0.1065,28.0
1753531570149,12:06:10.149,AEVO/USDT:USDT,0.10647,100.0,0.10644,28.0,0.10649,1.0,0.10651,56.0
1753531570207,12:06:10.207,AEVO/USDT:USDT,0.10646,169.0,0.10645,100.0,0.1065,170.0,0.10651,28.0
1753531571088,12:06:11.088,AEVO/USDT:USDT,0.10649,100.0,0.10648,169.0,0.10651,169.0,0.10653,28.0
1753531571647,12:06:11.647,AEVO/USDT:USDT,0.10649,100.0,0.10648,169.0,0.10652,169.0,0.10653,28.0
1753531571828,12:06:11.828,AEVO/USDT:USDT,0.10649,269.0,0.10646,169.0,0.10652,169.0,0.10653,28.0
1753531571908,12:06:11.908,AEVO/USDT:USDT,0.10649,169.0,0.10646,169.0,0.10652,169.0,0.10653,28.0
1753531572026,12:06:12.026,AEVO/USDT:USDT,0.10647,169.0,0.10637,2286.0,0.10652,169.0,0.10653,28.0
1753531572118,12:06:12.118,AEVO/USDT:USDT,0.10648,269.0,0.10637,2286.0,0.10651,170.0,0.10653,28.0
1753531572169,12:06:12.169,AEVO/USDT:USDT,0.10648,169.0,0.10637,2286.0,0.10651,169.0,0.10653,28.0
1753531572323,12:06:12.323,AEVO/USDT:USDT,0.10648,169.0,0.10637,2286.0,0.10652,169.0,0.10653,28.0
1753531572437,12:06:12.437,AEVO/USDT:USDT,0.10649,100.0,0.10648,169.0,0.10651,170.0,0.10653,28.0
1753531572555,12:06:12.555,AEVO/USDT:USDT,0.1065,169.0,0.10649,100.0,0.10653,197.0,0.10655,28.0
1753531572660,12:06:12.660,AEVO/USDT:USDT,0.10649,57.0,0.10648,169.0,0.10653,197.0,0.10656,172.0
1753531573209,12:06:13.209,AEVO/USDT:USDT,0.1065,269.0,0.10649,28.0,0.10653,170.0,0.10655,28.0
1753531573270,12:06:13.270,AEVO/USDT:USDT,0.1065,169.0,0.10649,28.0,0.10653,169.0,0.10655,28.0
1753531573535,12:06:13.535,AEVO/USDT:USDT,0.10649,169.0,0.10648,56.0,0.10653,169.0,0.10655,28.0
1753531573571,12:06:13.571,AEVO/USDT:USDT,0.1065,100.0,0.10649,169.0,0.10652,1.0,0.10653,169.0
1753531573667,12:06:13.667,AEVO/USDT:USDT,0.1065,100.0,0.10649,169.0,0.10652,1.0,0.10653,169.0
1753531573786,12:06:13.786,AEVO/USDT:USDT,0.1065,100.0,0.10649,169.0,0.10652,170.0,0.10653,28.0
1753531573956,12:06:13.956,AEVO/USDT:USDT,0.1065,100.0,0.10649,169.0,0.10652,169.0,0.10653,28.0
1753531573976,12:06:13.976,AEVO/USDT:USDT,0.1065,100.0,0.10649,169.0,0.10652,169.0,0.10653,28.0
1753531574394,12:06:14.394,AEVO/USDT:USDT,0.1065,100.0,0.10649,169.0,0.10652,169.0,0.10653,28.0
1753531575475,12:06:15.475,AEVO/USDT:USDT,0.1065,269.0,0.10649,169.0,0.10653,197.0,0.10654,56.0
1753531575656,12:06:15.656,AEVO/USDT:USDT,0.1065,169.0,0.10637,2286.0,0.10653,197.0,0.10654,56.0
1753531575728,12:06:15.728,AEVO/USDT:USDT,0.1065,169.0,0.10637,2286.0,0.10653,197.0,0.10654,56.0
1753531575860,12:06:15.860,AEVO/USDT:USDT,0.10637,2286.0,0.10636,7054.0,0.10653,197.0,0.10654,56.0
1753531575929,12:06:15.929,AEVO/USDT:USDT,0.10642,169.0,0.10641,1880.0,0.10652,170.0,0.10656,172.0
1753531575986,12:06:15.986,AEVO/USDT:USDT,0.10644,169.0,0.10643,100.0,0.10652,170.0,0.10656,172.0
1753531576087,12:06:16.087,AEVO/USDT:USDT,0.10646,169.0,0.10645,128.0,0.10652,170.0,0.10656,172.0
1753531576192,12:06:16.192,AEVO/USDT:USDT,0.10648,169.0,0.10647,128.0,0.10652,170.0,0.10654,28.0
1753531577050,12:06:17.050,AEVO/USDT:USDT,0.10649,100.0,0.10648,169.0,0.10651,169.0,0.10652,28.0
1753531577066,12:06:17.066,AEVO/USDT:USDT,0.10649,100.0,0.10648,169.0,0.10651,169.0,0.10652,28.0
1753531577522,12:06:17.522,AEVO/USDT:USDT,0.10649,100.0,0.10648,169.0,0.10651,169.0,0.10652,28.0
1753531577705,12:06:17.705,AEVO/USDT:USDT,0.10649,100.0,0.10648,169.0,0.10651,169.0,0.10652,28.0
1753531578258,12:06:18.258,AEVO/USDT:USDT,0.10643,225.0,0.10642,100.0,0.1065,170.0,0.10652,28.0
1753531578326,12:06:18.326,AEVO/USDT:USDT,0.10646,169.0,0.10645,28.0,0.1065,1.0,0.10652,28.0
1753531578446,12:06:18.446,AEVO/USDT:USDT,0.10648,169.0,0.10647,100.0,0.10651,170.0,0.10652,56.0
1753531578545,12:06:18.545,AEVO/USDT:USDT,0.10648,169.0,0.10645,28.0,0.10651,169.0,0.10652,56.0
1753531578595,12:06:18.595,AEVO/USDT:USDT,0.10646,169.0,0.10645,28.0,0.10651,169.0,0.10652,56.0
1753531578942,12:06:18.942,AEVO/USDT:USDT,0.10646,169.0,0.10645,28.0,0.10651,169.0,0.10652,56.0
1753531579057,12:06:19.057,AEVO/USDT:USDT,0.10648,169.0,0.10647,100.0,0.1065,1.0,0.10651,169.0
1753531579113,12:06:19.113,AEVO/USDT:USDT,0.10646,169.0,0.10645,28.0,0.1065,170.0,0.10652,56.0
1753531579260,12:06:19.260,AEVO/USDT:USDT,0.10648,169.0,0.10647,100.0,0.1065,1.0,0.10652,56.0
1753531579639,12:06:19.639,AEVO/USDT:USDT,0.10648,169.0,0.10645,28.0,0.1065,1.0,0.10651,169.0
1753531579761,12:06:19.761,AEVO/USDT:USDT,0.10648,169.0,0.10645,28.0,0.1065,1.0,0.10651,169.0
1753531580016,12:06:20.016,AEVO/USDT:USDT,0.10648,169.0,0.10645,28.0,0.1065,169.0,0.10652,56.0
1753531580148,12:06:20.148,AEVO/USDT:USDT,0.10648,169.0,0.10646,28.0,0.10651,168.0,0.10652,56.0
1753531580176,12:06:20.176,AEVO/USDT:USDT,0.10648,169.0,0.10646,28.0,0.10651,168.0,0.10652,56.0
1753531580921,12:06:20.921,AEVO/USDT:USDT,0.10648,169.0,0.10645,28.0,0.10651,168.0,0.10652,56.0
1753531580995,12:06:20.995,AEVO/USDT:USDT,0.10648,169.0,0.10645,28.0,0.10651,168.0,0.10652,56.0
1753531581411,12:06:21.411,AEVO/USDT:USDT,0.10648,169.0,0.10645,28.0,0.10651,168.0,0.10652,56.0
1753531581804,12:06:21.804,AEVO/USDT:USDT,0.10646,168.0,0.10645,28.0,0.10651,168.0,0.10652,56.0
1753531581927,12:06:21.927,AEVO/USDT:USDT,0.10647,100.0,0.10646,168.0,0.1065,1.0,0.10651,168.0
1753531582060,12:06:22.060,AEVO/USDT:USDT,0.10647,100.0,0.10646,168.0,0.1065,169.0,0.10652,28.0
1753531582073,12:06:22.073,AEVO/USDT:USDT,0.10647,100.0,0.10646,168.0,0.1065,168.0,0.10652,56.0
1753531582322,12:06:22.322,AEVO/USDT:USDT,0.10647,268.0,0.10645,28.0,0.1065,168.0,0.10652,56.0
1753531582369,12:06:22.369,AEVO/USDT:USDT,0.10647,168.0,0.10645,28.0,0.1065,168.0,0.10652,56.0
1753531583159,12:06:23.159,AEVO/USDT:USDT,0.10646,168.0,0.10645,28.0,0.10649,168.0,0.10656,172.0
1753531583260,12:06:23.260,AEVO/USDT:USDT,0.10646,168.0,0.10645,28.0,0.10656,172.0,0.10659,2116.0
1753531583287,12:06:23.287,AEVO/USDT:USDT,0.10647,268.0,0.10645,28.0,0.10654,168.0,0.10655,1.0
1753531583407,12:06:23.407,AEVO/USDT:USDT,0.10647,268.0,0.10645,28.0,0.10651,168.0,0.10652,28.0
1753531583867,12:06:23.867,AEVO/USDT:USDT,0.10647,100.0,0.10646,168.0,0.1065,168.0,0.10651,28.0
1753531584040,12:06:24.040,AEVO/USDT:USDT,0.10647,100.0,0.10646,168.0,0.1065,168.0,0.10651,28.0
1753531584315,12:06:24.315,AEVO/USDT:USDT,0.10647,100.0,0.10646,168.0,0.1065,168.0,0.10651,28.0
1753531584460,12:06:24.460,AEVO/USDT:USDT,0.10647,100.0,0.10646,168.0,0.1065,168.0,0.10651,28.0
1753531585531,12:06:25.531,AEVO/USDT:USDT,0.10647,100.0,0.10646,168.0,0.1065,168.0,0.10651,28.0
1753531585707,12:06:25.707,AEVO/USDT:USDT,0.10647,100.0,0.10646,168.0,0.1065,168.0,0.10651,28.0
1753531586001,12:06:26.001,AEVO/USDT:USDT,0.10647,100.0,0.10646,168.0,0.1065,168.0,0.10651,28.0
1753531586451,12:06:26.451,AEVO/USDT:USDT,0.10647,268.0,0.10646,168.0,0.1065,168.0,0.10651,28.0
1753531586649,12:06:26.649,AEVO/USDT:USDT,0.10647,168.0,0.10645,28.0,0.1065,168.0,0.10651,28.0
1753531586705,12:06:26.705,AEVO/USDT:USDT,0.10647,168.0,0.10645,28.0,0.1065,168.0,0.10651,28.0
1753531587007,12:06:27.007,AEVO/USDT:USDT,0.10647,168.0,0.10645,28.0,0.1065,168.0,0.10651,28.0
1753531587123,12:06:27.123,AEVO/USDT:USDT,0.10647,168.0,0.10645,28.0,0.1065,168.0,0.10651,28.0
1753531587561,12:06:27.561,AEVO/USDT:USDT,0.10645,28.0,0.10644,28.0,0.1065,168.0,0.10651,28.0
1753531587595,12:06:27.595,AEVO/USDT:USDT,0.10646,268.0,0.10645,56.0,0.10649,169.0,0.10651,28.0
1753531587759,12:06:27.759,AEVO/USDT:USDT,0.10646,168.0,0.10645,56.0,0.10649,168.0,0.10651,28.0
1753531588655,12:06:28.655,AEVO/USDT:USDT,0.10646,168.0,0.10645,56.0,0.1065,168.0,0.10651,28.0
1753531588688,12:06:28.688,AEVO/USDT:USDT,0.10647,268.0,0.10645,56.0,0.10649,1.0,0.1065,168.0
1753531588794,12:06:28.794,AEVO/USDT:USDT,0.10647,168.0,0.10645,56.0,0.10649,1.0,0.1065,168.0
1753531588955,12:06:28.955,AEVO/USDT:USDT,0.10646,168.0,0.10645,56.0,0.10649,169.0,0.10651,28.0
1753531588997,12:06:28.997,AEVO/USDT:USDT,0.10646,168.0,0.10645,56.0,0.10649,168.0,0.10651,28.0
1753531589259,12:06:29.259,AEVO/USDT:USDT,0.10646,168.0,0.10645,28.0,0.1065,168.0,0.10651,28.0
1753531589305,12:06:29.305,AEVO/USDT:USDT,0.10647,100.0,0.10646,168.0,0.10649,169.0,0.10651,28.0
1753531589971,12:06:29.971,AEVO/USDT:USDT,0.10647,100.0,0.10646,168.0,0.10649,168.0,0.10651,56.0
1753531590161,12:06:30.161,AEVO/USDT:USDT,0.10647,100.0,0.10641,169.0,0.10648,166.0,0.10649,28.0
1753531591007,12:06:31.007,AEVO/USDT:USDT,0.10645,100.0,0.10644,166.0,0.10648,166.0,0.10649,56.0
1753531591155,12:06:31.155,AEVO/USDT:USDT,0.10645,100.0,0.10644,166.0,0.10648,166.0,0.10649,56.0
1753531591923,12:06:31.923,AEVO/USDT:USDT,0.10645,100.0,0.10644,166.0,0.10648,166.0,0.10649,56.0
1753531592003,12:06:32.003,AEVO/USDT:USDT,0.10645,100.0,0.10644,166.0,0.10648,166.0,0.10649,56.0
1753531592781,12:06:32.781,AEVO/USDT:USDT,0.10645,100.0,0.10644,166.0,0.10648,166.0,0.10649,56.0
1753531593132,12:06:33.132,AEVO/USDT:USDT,0.10642,166.0,0.10641,128.0,0.10646,166.0,0.10647,29.0
1753531593218,12:06:33.218,AEVO/USDT:USDT,0.10643,266.0,0.10641,28.0,0.10645,1.0,0.10646,166.0
1753531593282,12:06:33.282,AEVO/USDT:USDT,0.10643,166.0,0.10641,28.0,0.10645,1.0,0.10646,166.0
1753531593456,12:06:33.456,AEVO/USDT:USDT,0.10639,166.0,0.10638,28.0,0.10644,166.0,0.10645,167.0
1753531593555,12:06:33.555,AEVO/USDT:USDT,0.1064,266.0,0.10638,28.0,0.10643,167.0,0.10645,166.0
1753531593653,12:06:33.653,AEVO/USDT:USDT,0.1064,166.0,0.10638,28.0,0.10648,166.0,0.10656,172.0
1753531593686,12:06:33.686,AEVO/USDT:USDT,0.10641,100.0,0.1064,166.0,0.10646,166.0,0.10647,57.0
1753531593800,12:06:33.800,AEVO/USDT:USDT,0.10641,100.0,0.1064,166.0,0.10644,166.0,0.10645,57.0
1753531593869,12:06:33.869,AEVO/USDT:USDT,0.10641,100.0,0.1064,166.0,0.10644,166.0,0.10645,56.0
1753531594061,12:06:34.061,AEVO/USDT:USDT,0.10641,266.0,0.10638,28.0,0.10644,166.0,0.10645,56.0
1753531594159,12:06:34.159,AEVO/USDT:USDT,0.10639,166.0,0.10638,28.0,0.10644,166.0,0.10645,28.0
1753531596138,12:06:36.138,AEVO/USDT:USDT,0.10641,166.0,0.1064,28.0,0.10644,166.0,0.10646,56.0
1753531596299,12:06:36.299,AEVO/USDT:USDT,0.10641,166.0,0.1064,28.0,0.10644,166.0,0.10646,56.0
1753531596723,12:06:36.723,AEVO/USDT:USDT,0.10641,166.0,0.1064,28.0,0.10644,166.0,0.10646,56.0
1753531596824,12:06:36.824,AEVO/USDT:USDT,0.10641,166.0,0.1064,28.0,0.10644,166.0,0.10646,56.0
1753531597255,12:06:37.255,AEVO/USDT:USDT,0.1064,194.0,0.10639,28.0,0.10644,166.0,0.10646,56.0
1753531597453,12:06:37.453,AEVO/USDT:USDT,0.10641,100.0,0.1064,194.0,0.10643,167.0,0.10646,28.0
1753531597482,12:06:37.482,AEVO/USDT:USDT,0.10641,100.0,0.1064,194.0,0.10643,166.0,0.10646,28.0
1753531597676,12:06:37.676,AEVO/USDT:USDT,0.10641,100.0,0.1064,194.0,0.10645,166.0,0.10646,28.0
1753531597850,12:06:37.850,AEVO/USDT:USDT,0.10641,266.0,0.1064,28.0,0.10644,167.0,0.10646,28.0
1753531597928,12:06:37.928,AEVO/USDT:USDT,0.10641,166.0,0.1064,28.0,0.10644,166.0,0.1065,1880.0
1753531598598,12:06:38.598,AEVO/USDT:USDT,0.10641,166.0,0.1064,28.0,0.10644,166.0,0.1065,1880.0
1753531599506,12:06:39.506,AEVO/USDT:USDT,0.10641,166.0,0.1064,28.0,0.10643,1.0,0.10645,166.0
1753531599615,12:06:39.615,AEVO/USDT:USDT,0.10642,166.0,0.10641,28.0,0.10644,1.0,0.10645,166.0
1753531599833,12:06:39.833,AEVO/USDT:USDT,0.10642,166.0,0.10641,28.0,0.10644,1.0,0.10645,166.0
1753531599935,12:06:39.935,AEVO/USDT:USDT,0.10642,166.0,0.10641,28.0,0.10644,1.0,0.10646,166.0
1753531600007,12:06:40.007,AEVO/USDT:USDT,0.10642,166.0,0.1064,28.0,0.10645,171.0,0.10647,28.0
1753531600160,12:06:40.160,AEVO/USDT:USDT,0.10632,172.0,0.10631,3508.0,0.10649,170.0,0.10654,1880.0
1753531600251,12:06:40.251,AEVO/USDT:USDT,0.10644,170.0,0.10643,56.0,0.10648,171.0,0.1065,170.0
1753531600783,12:06:40.783,AEVO/USDT:USDT,0.10645,170.0,0.10643,28.0,0.10648,170.0,0.10649,28.0
1753531600926,12:06:40.926,AEVO/USDT:USDT,0.10645,170.0,0.10643,28.0,0.10648,170.0,0.10649,198.0
1753531601538,12:06:41.538,AEVO/USDT:USDT,0.10644,170.0,0.10643,28.0,0.10648,171.0,0.10649,28.0
1753531601589,12:06:41.589,AEVO/USDT:USDT,0.10645,100.0,0.10644,170.0,0.10648,1.0,0.10649,28.0
1753531601745,12:06:41.745,AEVO/USDT:USDT,0.10645,100.0,0.10644,170.0,0.10648,1.0,0.10649,28.0
1753531601822,12:06:41.822,AEVO/USDT:USDT,0.10645,100.0,0.10644,170.0,0.10648,1.0,0.10649,28.0
1753531601921,12:06:41.921,AEVO/USDT:USDT,0.10645,100.0,0.10644,170.0,0.10648,1.0,0.10649,28.0
1753531602047,12:06:42.047,AEVO/USDT:USDT,0.10645,100.0,0.10644,170.0,0.10648,171.0,0.10649,28.0
1753531602072,12:06:42.072,AEVO/USDT:USDT,0.10645,100.0,0.10644,170.0,0.10647,170.0,0.10649,28.0
1753531602335,12:06:42.335,AEVO/USDT:USDT,0.10645,100.0,0.10644,170.0,0.10647,170.0,0.10649,28.0
1753531602791,12:06:42.791,AEVO/USDT:USDT,0.10645,100.0,0.10644,170.0,0.10647,170.0,0.10649,28.0
1753531603549,12:06:43.549,AEVO/USDT:USDT,0.10645,170.0,0.10643,28.0,0.10648,170.0,0.10649,28.0
1753531603960,12:06:43.960,AEVO/USDT:USDT,0.10643,198.0,0.10642,56.0,0.10648,170.0,0.10649,28.0
1753531604042,12:06:44.042,AEVO/USDT:USDT,0.10644,100.0,0.10643,170.0,0.10646,170.0,0.10647,29.0
1753531604102,12:06:44.102,AEVO/USDT:USDT,0.10644,100.0,0.10639,170.0,0.10646,170.0,0.10647,28.0
1753531604251,12:06:44.251,AEVO/USDT:USDT,0.10641,170.0,0.1064,128.0,0.10648,170.0,0.10649,28.0
1753531604289,12:06:44.289,AEVO/USDT:USDT,0.10643,170.0,0.10642,100.0,0.10646,170.0,0.10647,1.0
1753531604438,12:06:44.438,AEVO/USDT:USDT,0.10641,170.0,0.1064,28.0,0.10648,170.0,0.10649,56.0
1753531604489,12:06:44.489,AEVO/USDT:USDT,0.10642,270.0,0.1064,28.0,0.10646,198.0,0.10647,29.0
1753531604596,12:06:44.596,AEVO/USDT:USDT,0.10642,100.0,0.10639,170.0,0.10644,170.0,0.10645,1.0
1753531604707,12:06:44.707,AEVO/USDT:USDT,0.10641,170.0,0.1064,100.0,0.10644,170.0,0.10646,56.0
1753531604938,12:06:44.938,AEVO/USDT:USDT,0.10634,170.0,0.10633,100.0,0.10643,1.0,0.10644,170.0
1753531605007,12:06:45.007,AEVO/USDT:USDT,0.10637,170.0,0.10636,28.0,0.10643,1.0,0.10644,170.0
1753531605086,12:06:45.086,AEVO/USDT:USDT,0.10639,170.0,0.10638,128.0,0.10643,1.0,0.10644,170.0
1753531605231,12:06:45.231,AEVO/USDT:USDT,0.10641,170.0,0.1064,100.0,0.10643,1.0,0.10644,170.0
1753531605269,12:06:45.269,AEVO/USDT:USDT,0.10641,170.0,0.10639,198.0,0.10643,1.0,0.10644,170.0
1753531605411,12:06:45.411,AEVO/USDT:USDT,0.10641,170.0,0.10639,198.0,0.10643,1.0,0.10644,170.0
1753531606322,12:06:46.322,AEVO/USDT:USDT,0.10641,170.0,0.10639,198.0,0.10643,1.0,0.10644,170.0
1753531606472,12:06:46.472,AEVO/USDT:USDT,0.10641,170.0,0.10639,198.0,0.10643,1.0,0.10644,170.0
1753531607089,12:06:47.089,AEVO/USDT:USDT,0.10641,170.0,0.10639,198.0,0.10643,1.0,0.10644,170.0
1753531608551,12:06:48.551,AEVO/USDT:USDT,0.10638,170.0,0.10637,28.0,0.10641,1.0,0.10642,170.0
1753531608758,12:06:48.758,AEVO/USDT:USDT,0.10638,170.0,0.10637,28.0,0.10641,171.0,0.10652,170.0
1753531608851,12:06:48.851,AEVO/USDT:USDT,0.10638,170.0,0.10635,170.0,0.10646,198.0,0.10647,1880.0
1753531608907,12:06:48.907,AEVO/USDT:USDT,0.10639,100.0,0.10632,172.0,0.10644,170.0,0.10645,29.0
1753531609033,12:06:49.033,AEVO/USDT:USDT,0.10637,170.0,0.10633,100.0,0.10642,170.0,0.10643,1.0
1753531609386,12:06:49.386,AEVO/USDT:USDT,0.10639,170.0,0.10636,28.0,0.10643,171.0,0.10645,28.0
1753531609488,12:06:49.488,AEVO/USDT:USDT,0.1064,100.0,0.10639,170.0,0.10643,1.0,0.10645,28.0
1753531609669,12:06:49.669,AEVO/USDT:USDT,0.1064,100.0,0.10639,170.0,0.10643,170.0,0.10645,28.0
1753531609801,12:06:49.801,AEVO/USDT:USDT,0.1064,100.0,0.10639,170.0,0.10643,170.0,0.10645,28.0
1753531610261,12:06:50.261,AEVO/USDT:USDT,0.10641,172.0,0.1064,272.0,0.10644,172.0,0.10645,28.0
1753531610304,12:06:50.304,AEVO/USDT:USDT,0.1064,172.0,0.10636,28.0,0.10644,172.0,0.10645,28.0
1753531610545,12:06:50.545,AEVO/USDT:USDT,0.10641,172.0,0.10638,28.0,0.10643,1.0,0.10644,172.0
1753531610622,12:06:50.622,AEVO/USDT:USDT,0.10641,172.0,0.10638,28.0,0.10643,1.0,0.10644,172.0
1753531611050,12:06:51.050,AEVO/USDT:USDT,0.10641,172.0,0.10638,28.0,0.10643,1.0,0.10644,172.0
1753531611123,12:06:51.123,AEVO/USDT:USDT,0.10641,172.0,0.10638,28.0,0.10643,1.0,0.10644,172.0
1753531611404,12:06:51.404,AEVO/USDT:USDT,0.10641,172.0,0.10638,28.0,0.10643,1.0,0.10645,200.0
1753531611535,12:06:51.535,AEVO/USDT:USDT,0.10641,172.0,0.10638,28.0,0.10644,1.0,0.10645,200.0
1753531611851,12:06:51.851,AEVO/USDT:USDT,0.10641,172.0,0.10638,28.0,0.10644,1.0,0.10645,200.0
1753531611922,12:06:51.922,AEVO/USDT:USDT,0.10641,172.0,0.10638,28.0,0.10644,173.0,0.10645,28.0
1753531611969,12:06:51.969,AEVO/USDT:USDT,0.10641,172.0,0.10638,28.0,0.10644,172.0,0.10645,28.0
1753531612091,12:06:52.091,AEVO/USDT:USDT,0.10641,172.0,0.10638,28.0,0.10645,200.0,0.10646,28.0
1753531612174,12:06:52.174,AEVO/USDT:USDT,0.10642,272.0,0.10632,172.0,0.10644,1.0,0.10645,200.0
1753531612332,12:06:52.332,AEVO/USDT:USDT,0.10632,172.0,0.10631,3508.0,0.10644,173.0,0.10647,1880.0
1753531612443,12:06:52.443,AEVO/USDT:USDT,0.10634,172.0,0.10633,100.0,0.10644,1.0,0.10646,172.0
1753531612592,12:06:52.592,AEVO/USDT:USDT,0.10638,172.0,0.10637,156.0,0.10645,29.0,0.10646,172.0
1753531612725,12:06:52.725,AEVO/USDT:USDT,0.1064,172.0,0.10639,100.0,0.10645,229.0,0.10646,28.0
1753531612806,12:06:52.806,AEVO/USDT:USDT,0.10642,172.0,0.10641,272.0,0.10645,229.0,0.10646,28.0
1753531613439,12:06:53.439,AEVO/USDT:USDT,0.10644,100.0,0.10643,172.0,0.10648,172.0,0.10649,56.0
1753531613553,12:06:53.553,AEVO/USDT:USDT,0.10644,100.0,0.1064,56.0,0.10646,172.0,0.10647,1.0
1753531613630,12:06:53.630,AEVO/USDT:USDT,0.10642,172.0,0.10641,100.0,0.10648,172.0,0.10649,56.0
1753531613688,12:06:53.688,AEVO/USDT:USDT,0.10643,100.0,0.10642,172.0,0.10646,172.0,0.10647,1.0
1753531613906,12:06:53.906,AEVO/USDT:USDT,0.10643,100.0,0.10642,172.0,0.10646,172.0,0.10647,1.0
1753531614037,12:06:54.037,AEVO/USDT:USDT,0.10643,100.0,0.10642,172.0,0.10648,172.0,0.10649,56.0
1753531614623,12:06:54.623,AEVO/USDT:USDT,0.10643,272.0,0.1064,28.0,0.10648,172.0,0.10649,56.0
1753531614721,12:06:54.721,AEVO/USDT:USDT,0.10643,272.0,0.1064,28.0,0.10648,172.0,0.10649,56.0
1753531614890,12:06:54.890,AEVO/USDT:USDT,0.10643,272.0,0.1064,28.0,0.10646,172.0,0.10647,1.0
1753531615042,12:06:55.042,AEVO/USDT:USDT,0.10643,172.0,0.1064,28.0,0.10648,172.0,0.10649,56.0
1753531615555,12:06:55.555,AEVO/USDT:USDT,0.10644,100.0,0.10643,172.0,0.10646,172.0,0.10647,1.0
1753531615625,12:06:55.625,AEVO/USDT:USDT,0.10644,100.0,0.10643,172.0,0.10648,172.0,0.10649,56.0
1753531615753,12:06:55.753,AEVO/USDT:USDT,0.10644,100.0,0.10643,172.0,0.10647,201.0,0.10648,28.0
1753531616312,12:06:56.312,AEVO/USDT:USDT,0.10641,172.0,0.1064,56.0,0.10646,172.0,0.10647,28.0
1753531616425,12:06:56.425,AEVO/USDT:USDT,0.10643,172.0,0.10642,156.0,0.10645,1.0,0.10646,172.0
1753531616469,12:06:56.469,AEVO/USDT:USDT,0.10643,172.0,0.10642,56.0,0.10645,1.0,0.10646,172.0
1753531616803,12:06:56.803,AEVO/USDT:USDT,0.10643,172.0,0.10642,56.0,0.10645,1.0,0.10646,172.0
1753531617248,12:06:57.248,AEVO/USDT:USDT,0.10642,172.0,0.1064,28.0,0.10645,173.0,0.10647,28.0
1753531617269,12:06:57.269,AEVO/USDT:USDT,0.10642,172.0,0.10641,28.0,0.10645,172.0,0.10647,28.0
1753531617621,12:06:57.621,AEVO/USDT:USDT,0.10642,172.0,0.10641,28.0,0.10645,172.0,0.10647,28.0
1753531617856,12:06:57.856,AEVO/USDT:USDT,0.10642,172.0,0.10641,28.0,0.10645,172.0,0.10647,28.0
1753531618469,12:06:58.469,AEVO/USDT:USDT,0.10643,172.0,0.10642,28.0,0.10645,1.0,0.10646,172.0
1753531618600,12:06:58.600,AEVO/USDT:USDT,0.10643,172.0,0.10642,28.0,0.10645,1.0,0.10646,172.0
1753531619104,12:06:59.104,AEVO/USDT:USDT,0.10643,172.0,0.10642,28.0,0.10645,173.0,0.10647,28.0
1753531619175,12:06:59.175,AEVO/USDT:USDT,0.10643,172.0,0.10642,28.0,0.10645,172.0,0.10647,28.0
1753531619306,12:06:59.306,AEVO/USDT:USDT,0.10643,172.0,0.10641,28.0,0.10646,172.0,0.10647,28.0
1753531619610,12:06:59.610,AEVO/USDT:USDT,0.10643,172.0,0.10641,28.0,0.10646,172.0,0.10647,28.0
1753531621586,12:07:01.586,AEVO/USDT:USDT,0.10634,170.0,0.10633,100.0,0.10644,1.0,0.10645,170.0
1753531621686,12:07:01.686,AEVO/USDT:USDT,0.10636,170.0,0.10635,100.0,0.10644,1.0,0.10645,170.0
1753531621848,12:07:01.848,AEVO/USDT:USDT,0.10641,170.0,0.1064,28.0,0.10644,1.0,0.10645,170.0
1753531621880,12:07:01.880,AEVO/USDT:USDT,0.10641,170.0,0.1064,28.0,0.10644,1.0,0.10645,170.0
1753531622113,12:07:02.113,AEVO/USDT:USDT,0.10641,170.0,0.1064,28.0,0.10644,1.0,0.10645,170.0
1753531622184,12:07:02.184,AEVO/USDT:USDT,0.10641,170.0,0.1064,28.0,0.10644,1.0,0.10645,170.0
1753531622311,12:07:02.311,AEVO/USDT:USDT,0.10641,170.0,0.1064,28.0,0.10644,1.0,0.10645,170.0
1753531622529,12:07:02.529,AEVO/USDT:USDT,0.10641,170.0,0.1064,28.0,0.10644,1.0,0.10645,170.0
1753531623209,12:07:03.209,AEVO/USDT:USDT,0.10637,170.0,0.10636,28.0,0.10643,1.0,0.10644,170.0
1753531623361,12:07:03.361,AEVO/USDT:USDT,0.10639,226.0,0.10638,156.0,0.10643,1.0,0.10644,170.0
1753531623387,12:07:03.387,AEVO/USDT:USDT,0.10641,170.0,0.1064,100.0,0.10643,1.0,0.10645,170.0
1753531624030,12:07:04.030,AEVO/USDT:USDT,0.10641,170.0,0.10639,56.0,0.10644,170.0,0.10646,56.0
1753531624187,12:07:04.187,AEVO/USDT:USDT,0.10641,170.0,0.10639,56.0,0.10645,170.0,0.10646,56.0
1753531624331,12:07:04.331,AEVO/USDT:USDT,0.10642,270.0,0.10639,56.0,0.10644,1.0,0.10645,170.0
1753531624377,12:07:04.377,AEVO/USDT:USDT,0.10642,170.0,0.10639,56.0,0.10644,1.0,0.10645,170.0
1753531625546,12:07:05.546,AEVO/USDT:USDT,0.10642,170.0,0.10639,56.0,0.10644,1.0,0.10645,170.0
1753531625786,12:07:05.786,AEVO/USDT:USDT,0.10641,170.0,0.1064,100.0,0.10644,171.0,0.10645,170.0
1753531625915,12:07:05.915,AEVO/USDT:USDT,0.10641,170.0,0.10639,56.0,0.10644,170.0,0.10646,56.0
1753531626565,12:07:06.565,AEVO/USDT:USDT,0.10641,170.0,0.10639,56.0,0.10644,170.0,0.10646,56.0
1753531626986,12:07:06.986,AEVO/USDT:USDT,0.10641,170.0,0.10639,28.0,0.10645,170.0,0.10646,56.0
1753531627136,12:07:07.136,AEVO/USDT:USDT,0.10642,100.0,0.10641,170.0,0.10644,171.0,0.10646,56.0
1753531627187,12:07:07.187,AEVO/USDT:USDT,0.10642,100.0,0.10641,170.0,0.10645,170.0,0.10646,56.0
1753531627406,12:07:07.406,AEVO/USDT:USDT,0.10642,100.0,0.10641,170.0,0.10645,170.0,0.10646,56.0
1753531627572,12:07:07.572,AEVO/USDT:USDT,0.10642,100.0,0.10639,28.0,0.10645,170.0,0.10646,56.0
1753531627686,12:07:07.686,AEVO/USDT:USDT,0.10641,170.0,0.1064,100.0,0.10645,170.0,0.10646,56.0
1753531627819,12:07:07.819,AEVO/USDT:USDT,0.10642,100.0,0.10641,170.0,0.10644,171.0,0.10646,56.0
1753531627946,12:07:07.946,AEVO/USDT:USDT,0.10642,100.0,0.10641,170.0,0.10645,170.0,0.10646,56.0
1753531628248,12:07:08.248,AEVO/USDT:USDT,0.10642,270.0,0.10639,28.0,0.10645,170.0,0.10646,56.0
1753531628269,12:07:08.269,AEVO/USDT:USDT,0.10642,170.0,0.10639,28.0,0.10645,170.0,0.10646,56.0
1753531628628,12:07:08.628,AEVO/USDT:USDT,0.10642,170.0,0.10639,28.0,0.10645,170.0,0.10646,56.0
1753531629260,12:07:09.260,AEVO/USDT:USDT,0.1064,170.0,0.10639,28.0,0.10645,170.0,0.10646,56.0
1753531629290,12:07:09.290,AEVO/USDT:USDT,0.10641,270.0,0.10639,28.0,0.10644,199.0,0.10645,28.0
1753531629441,12:07:09.441,AEVO/USDT:USDT,0.10641,170.0,0.10639,28.0,0.10644,198.0,0.10645,28.0
1753531629638,12:07:09.638,AEVO/USDT:USDT,0.10641,170.0,0.10639,28.0,0.10644,28.0,0.10645,28.0
1753531629719,12:07:09.719,AEVO/USDT:USDT,0.10641,170.0,0.10639,28.0,0.10645,198.0,0.10646,56.0
1753531629858,12:07:09.858,AEVO/USDT:USDT,0.10642,270.0,0.10639,28.0,0.10644,1.0,0.10645,198.0
1753531629952,12:07:09.952,AEVO/USDT:USDT,0.10642,22902.0,0.1064,28.0,0.10644,1.0,0.10645,170.0
1753531630055,12:07:10.055,AEVO/USDT:USDT,0.10642,22732.0,0.10641,168.0,0.10644,1.0,0.10646,168.0
1753531630086,12:07:10.086,AEVO/USDT:USDT,0.10642,22732.0,0.10641,168.0,0.10645,169.0,0.10647,28.0
1753531630222,12:07:10.222,AEVO/USDT:USDT,0.10642,22732.0,0.10641,196.0,0.10645,168.0,0.10647,28.0
1753531630323,12:07:10.323,AEVO/USDT:USDT,0.10642,22732.0,0.10641,196.0,0.10645,168.0,0.10647,28.0
1753531630678,12:07:10.678,AEVO/USDT:USDT,0.10642,22732.0,0.10641,196.0,0.10645,168.0,0.10647,28.0
1753531630963,12:07:10.963,AEVO/USDT:USDT,0.10642,22732.0,0.10641,196.0,0.10647,28.0,0.10652,2286.0
1753531630970,12:07:10.970,AEVO/USDT:USDT,0.10643,268.0,0.10642,22732.0,0.10646,169.0,0.10647,28.0
1753531631095,12:07:11.095,AEVO/USDT:USDT,0.10643,168.0,0.10642,22732.0,0.10646,168.0,0.10647,28.0
1753531633236,12:07:13.236,AEVO/USDT:USDT,0.10644,168.0,0.10642,22732.0,0.10648,168.0,0.10649,56.0
1753531633286,12:07:13.286,AEVO/USDT:USDT,0.10645,100.0,0.10644,168.0,0.10647,169.0,0.10649,56.0
1753531633390,12:07:13.390,AEVO/USDT:USDT,0.10645,100.0,0.10643,168.0,0.10647,1880.0,0.10648,168.0
1753531633521,12:07:13.521,AEVO/USDT:USDT,0.10644,268.0,0.10642,22732.0,0.10647,1880.0,0.10648,168.0
1753531633628,12:07:13.628,AEVO/USDT:USDT,0.10644,168.0,0.10642,22732.0,0.10648,168.0,0.10649,56.0
1753531633756,12:07:13.756,AEVO/USDT:USDT,0.10645,100.0,0.10644,168.0,0.10647,169.0,0.10649,56.0
1753531633769,12:07:13.769,AEVO/USDT:USDT,0.10645,100.0,0.10644,168.0,0.10647,168.0,0.10649,56.0
1753531633962,12:07:13.962,AEVO/USDT:USDT,0.10645,100.0,0.10643,168.0,0.10647,224.0,0.10648,56.0
1753531633966,12:07:13.966,AEVO/USDT:USDT,0.10645,100.0,0.10643,168.0,0.10646,168.0,0.10647,56.0
1753531634150,12:07:14.150,AEVO/USDT:USDT,0.10645,100.0,0.10643,168.0,0.10647,224.0,0.10648,56.0
1753531634300,12:07:14.300,AEVO/USDT:USDT,0.10644,100.0,0.10643,168.0,0.10647,224.0,0.10648,56.0
1753531634412,12:07:14.412,AEVO/USDT:USDT,0.10644,268.0,0.10641,168.0,0.10647,28.0,0.10648,28.0
1753531634532,12:07:14.532,AEVO/USDT:USDT,0.10632,172.0,0.1063,4163.0,0.10649,168.0,0.10652,2286.0
1753531634586,12:07:14.586,AEVO/USDT:USDT,0.10634,168.0,0.10633,100.0,0.10647,168.0,0.10648,1.0
1753531634739,12:07:14.739,AEVO/USDT:USDT,0.10636,168.0,0.10635,100.0,0.10646,169.0,0.10649,168.0
1753531634853,12:07:14.853,AEVO/USDT:USDT,0.10638,196.0,0.10637,100.0,0.10645,168.0,0.10646,1.0
1753531634948,12:07:14.948,AEVO/USDT:USDT,0.1064,168.0,0.10639,128.0,0.10644,1.0,0.10645,28.0
1753531635042,12:07:15.042,AEVO/USDT:USDT,0.10641,268.0,0.1064,168.0,0.10644,169.0,0.10645,28.0
1753531635154,12:07:15.154,AEVO/USDT:USDT,0.10642,168.0,0.1064,168.0,0.10645,28.0,0.10646,28.0
1753531635231,12:07:15.231,AEVO/USDT:USDT,0.1064,168.0,0.10639,28.0,0.10645,196.0,0.10646,28.0
1753531635300,12:07:15.300,AEVO/USDT:USDT,0.10641,268.0,0.10639,28.0,0.10644,169.0,0.10645,28.0
1753531635369,12:07:15.369,AEVO/USDT:USDT,0.10641,168.0,0.10639,28.0,0.10644,168.0,0.10645,28.0
1753531635569,12:07:15.569,AEVO/USDT:USDT,0.10641,168.0,0.10639,28.0,0.10644,168.0,0.10645,28.0
1753531635736,12:07:15.736,AEVO/USDT:USDT,0.10641,168.0,0.10639,28.0,0.10644,168.0,0.10645,28.0
1753531635998,12:07:15.998,AEVO/USDT:USDT,0.10642,22732.0,0.10641,168.0,0.10646,168.0,0.10647,1908.0
1753531636086,12:07:16.086,AEVO/USDT:USDT,0.10643,100.0,0.10642,22732.0,0.10644,168.0,0.10645,1.0
1753531636186,12:07:16.186,AEVO/USDT:USDT,0.10642,22732.0,0.10641,168.0,0.10644,168.0,0.10645,1.0
1753531636348,12:07:16.348,AEVO/USDT:USDT,0.10642,22732.0,0.10641,168.0,0.10646,168.0,0.10647,1908.0
1753531636386,12:07:16.386,AEVO/USDT:USDT,0.10643,100.0,0.10642,22732.0,0.10644,168.0,0.10645,1.0
1753531636469,12:07:16.469,AEVO/USDT:USDT,0.10642,22732.0,0.10641,168.0,0.10644,168.0,0.10646,1.0
1753531636575,12:07:16.575,AEVO/USDT:USDT,0.10642,22732.0,0.10641,168.0,0.10644,168.0,0.10647,1908.0
1753531636679,12:07:16.679,AEVO/USDT:USDT,0.10642,22732.0,0.10641,168.0,0.10644,168.0,0.10647,1908.0
1753531636805,12:07:16.805,AEVO/USDT:USDT,0.10642,22732.0,0.10641,168.0,0.10644,168.0,0.10647,1908.0
1753531636879,12:07:16.879,AEVO/USDT:USDT,0.10642,22732.0,0.10641,168.0,0.10646,168.0,0.10647,1908.0
1753531636989,12:07:16.989,AEVO/USDT:USDT,0.10643,100.0,0.10642,22732.0,0.10644,168.0,0.10645,1.0
1753531637075,12:07:17.075,AEVO/USDT:USDT,0.10642,22732.0,0.10641,168.0,0.10644,168.0,0.10645,29.0
1753531637253,12:07:17.253,AEVO/USDT:USDT,0.10642,22732.0,0.10641,168.0,0.10644,168.0,0.10646,196.0
1753531637899,12:07:17.899,AEVO/USDT:USDT,0.10642,22732.0,0.10641,168.0,0.10644,168.0,0.10646,196.0
1753531638024,12:07:18.024,AEVO/USDT:USDT,0.10642,22732.0,0.10639,28.0,0.10644,168.0,0.10646,224.0
1753531638702,12:07:18.702,AEVO/USDT:USDT,0.10642,22732.0,0.10632,172.0,0.10644,168.0,0.10646,224.0
1753531638848,12:07:18.848,AEVO/USDT:USDT,0.10642,22732.0,0.10632,172.0,0.10644,168.0,0.10646,224.0
1753531639924,12:07:19.924,AEVO/USDT:USDT,0.10642,22732.0,0.10632,172.0,0.10644,168.0,0.10646,224.0
1753531640150,12:07:20.150,AEVO/USDT:USDT,0.10642,22732.0,0.10632,172.0,0.10643,167.0,0.10644,56.0
1753531640263,12:07:20.263,AEVO/USDT:USDT,0.10642,22732.0,0.10638,167.0,0.10643,167.0,0.10644,56.0
1753531640339,12:07:20.339,AEVO/USDT:USDT,0.10642,22732.0,0.1064,167.0,0.10643,167.0,0.10644,56.0
1753531640379,12:07:20.379,AEVO/USDT:USDT,0.10642,22732.0,0.10641,100.0,0.10643,167.0,0.10644,56.0
1753531640478,12:07:20.478,AEVO/USDT:USDT,0.10642,22732.0,0.10639,100.0,0.10643,167.0,0.10644,56.0
1753531640645,12:07:20.645,AEVO/USDT:USDT,0.10642,22732.0,0.10639,100.0,0.10643,167.0,0.10644,56.0
1753531640856,12:07:20.856,AEVO/USDT:USDT,0.10642,22732.0,0.1064,167.0,0.10643,167.0,0.10644,56.0
1753531640876,12:07:20.876,AEVO/USDT:USDT,0.10642,22732.0,0.10641,100.0,0.10643,167.0,0.10644,56.0
1753531641196,12:07:21.196,AEVO/USDT:USDT,0.10642,22732.0,0.10641,100.0,0.10643,167.0,0.10644,56.0
1753531641269,12:07:21.269,AEVO/USDT:USDT,0.10642,22732.0,0.10639,100.0,0.10643,167.0,0.10644,56.0
1753531641466,12:07:21.466,AEVO/USDT:USDT,0.10642,22732.0,0.1064,167.0,0.10643,167.0,0.10644,56.0
1753531641610,12:07:21.610,AEVO/USDT:USDT,0.10642,22732.0,0.10641,100.0,0.10643,167.0,0.10644,56.0
1753531641695,12:07:21.695,AEVO/USDT:USDT,0.10642,22732.0,0.10641,100.0,0.10643,167.0,0.10644,56.0
1753531641838,12:07:21.838,AEVO/USDT:USDT,0.10642,22732.0,0.10641,100.0,0.10643,167.0,0.10644,56.0
1753531641886,12:07:21.886,AEVO/USDT:USDT,0.10642,22732.0,0.10638,167.0,0.10643,167.0,0.10644,56.0
1753531641970,12:07:21.970,AEVO/USDT:USDT,0.10642,22732.0,0.10639,100.0,0.10643,167.0,0.10644,56.0
1753531642645,12:07:22.645,AEVO/USDT:USDT,0.10642,22732.0,0.1064,167.0,0.10643,167.0,0.10644,56.0
1753531642677,12:07:22.677,AEVO/USDT:USDT,0.10642,22732.0,0.10641,100.0,0.10643,167.0,0.10644,56.0
1753531642917,12:07:22.917,AEVO/USDT:USDT,0.10642,22732.0,0.10641,100.0,0.10643,167.0,0.10644,56.0
1753531643063,12:07:23.063,AEVO/USDT:USDT,0.10642,22732.0,0.1064,167.0,0.10643,167.0,0.10644,56.0
1753531643076,12:07:23.076,AEVO/USDT:USDT,0.10642,22732.0,0.10641,100.0,0.10643,167.0,0.10644,56.0
1753531643248,12:07:23.248,AEVO/USDT:USDT,0.10642,22732.0,0.10641,100.0,0.10643,167.0,0.10644,56.0
1753531643463,12:07:23.463,AEVO/USDT:USDT,0.10642,22732.0,0.10641,100.0,0.10644,56.0,0.10645,28.0
1753531643506,12:07:23.506,AEVO/USDT:USDT,0.10642,22732.0,0.1064,167.0,0.10643,167.0,0.10644,28.0
1753531643569,12:07:23.569,AEVO/USDT:USDT,0.10642,22732.0,0.10641,100.0,0.10643,167.0,0.10644,28.0
1753531643782,12:07:23.782,AEVO/USDT:USDT,0.10642,22732.0,0.10641,100.0,0.10643,167.0,0.10644,28.0
1753531643887,12:07:23.887,AEVO/USDT:USDT,0.10642,22732.0,0.1064,167.0,0.10643,167.0,0.10644,28.0
1753531643969,12:07:23.969,AEVO/USDT:USDT,0.10642,22732.0,0.10641,100.0,0.10643,167.0,0.10644,28.0
1753531644760,12:07:24.760,AEVO/USDT:USDT,0.10642,22732.0,0.10641,100.0,0.10643,167.0,0.10644,28.0
1753531645117,12:07:25.117,AEVO/USDT:USDT,0.10642,22732.0,0.10641,100.0,0.10644,195.0,0.10645,56.0
1753531645170,12:07:25.170,AEVO/USDT:USDT,0.10642,22732.0,0.1064,167.0,0.10644,195.0,0.10645,56.0
1753531645354,12:07:25.354,AEVO/USDT:USDT,0.10642,22732.0,0.1064,167.0,0.10644,195.0,0.10645,56.0
1753531645370,12:07:25.370,AEVO/USDT:USDT,0.10642,22732.0,0.1064,167.0,0.10643,167.0,0.10644,28.0
1753531645491,12:07:25.491,AEVO/USDT:USDT,0.10642,22732.0,0.10641,100.0,0.10643,167.0,0.10644,28.0
1753531645587,12:07:25.587,AEVO/USDT:USDT,0.10642,22732.0,0.1064,167.0,0.10643,167.0,0.10644,28.0
1753531645746,12:07:25.746,AEVO/USDT:USDT,0.10642,22732.0,0.10641,100.0,0.10643,167.0,0.10644,28.0
1753531645815,12:07:25.815,AEVO/USDT:USDT,0.10642,22732.0,0.10641,100.0,0.10643,167.0,0.10644,28.0
1753531645948,12:07:25.948,AEVO/USDT:USDT,0.10642,22732.0,0.10641,100.0,0.10643,167.0,0.10644,28.0
1753531645986,12:07:25.986,AEVO/USDT:USDT,0.10642,22732.0,0.1064,167.0,0.10643,167.0,0.10644,28.0
1753531646070,12:07:26.070,AEVO/USDT:USDT,0.10642,22732.0,0.10641,100.0,0.10643,167.0,0.10644,28.0
1753531646202,12:07:26.202,AEVO/USDT:USDT,0.10642,22732.0,0.10641,100.0,0.10643,167.0,0.10644,28.0
1753531646270,12:07:26.270,AEVO/USDT:USDT,0.10642,22732.0,0.10639,100.0,0.10643,167.0,0.10644,28.0
1753531646425,12:07:26.425,AEVO/USDT:USDT,0.10642,22732.0,0.1064,167.0,0.10643,167.0,0.10644,28.0
1753531646512,12:07:26.512,AEVO/USDT:USDT,0.10642,22732.0,0.10641,100.0,0.10643,167.0,0.10644,28.0
1753531646570,12:07:26.570,AEVO/USDT:USDT,0.10642,22732.0,0.10639,100.0,0.10643,167.0,0.10644,28.0
1753531646670,12:07:26.670,AEVO/USDT:USDT,0.10642,22732.0,0.1064,167.0,0.10643,167.0,0.10644,28.0
1753531646858,12:07:26.858,AEVO/USDT:USDT,0.10641,100.0,0.10638,167.0,0.10643,167.0,0.10644,56.0
1753531646941,12:07:26.941,AEVO/USDT:USDT,0.10632,172.0,0.1063,4777.0,0.10643,167.0,0.10644,28.0
1753531647039,12:07:27.039,AEVO/USDT:USDT,0.10632,172.0,0.1063,4777.0,0.10643,167.0,0.10644,28.0
1753531647788,12:07:27.788,AEVO/USDT:USDT,0.10632,172.0,0.1063,4777.0,0.10643,167.0,0.10644,28.0
1753531648106,12:07:28.106,AEVO/USDT:USDT,0.10632,172.0,0.1063,4777.0,0.10643,167.0,0.10644,28.0
1753531648429,12:07:28.429,AEVO/USDT:USDT,0.10632,172.0,0.1063,4777.0,0.10643,167.0,0.10644,28.0
1753531649143,12:07:29.143,AEVO/USDT:USDT,0.10632,172.0,0.1063,4777.0,0.10643,167.0,0.10644,28.0
1753531649524,12:07:29.524,AEVO/USDT:USDT,0.10632,172.0,0.1063,4777.0,0.10643,167.0,0.10644,28.0
1753531650249,12:07:30.249,AEVO/USDT:USDT,0.10632,172.0,0.1063,4777.0,0.10643,167.0,0.10644,28.0
1753531650288,12:07:30.288,AEVO/USDT:USDT,0.10632,172.0,0.1063,4777.0,0.10643,167.0,0.10644,28.0
1753531650613,12:07:30.613,AEVO/USDT:USDT,0.10632,172.0,0.1063,4777.0,0.10643,167.0,0.10644,28.0
1753531650839,12:07:30.839,AEVO/USDT:USDT,0.10632,172.0,0.1063,4777.0,0.10643,167.0,0.10644,28.0
1753531651004,12:07:31.004,AEVO/USDT:USDT,0.10632,172.0,0.1063,4777.0,0.10643,167.0,0.10644,28.0
1753531652009,12:07:32.009,AEVO/USDT:USDT,0.10632,172.0,0.1063,4777.0,0.10643,167.0,0.10644,28.0
1753531652419,12:07:32.419,AEVO/USDT:USDT,0.10632,172.0,0.1063,4777.0,0.10643,167.0,0.10644,28.0
1753531653003,12:07:33.003,AEVO/USDT:USDT,0.10632,172.0,0.1063,4777.0,0.10643,167.0,0.10644,28.0
1753531653806,12:07:33.806,AEVO/USDT:USDT,0.10632,172.0,0.1063,267.0,0.10643,167.0,0.10644,28.0
1753531653886,12:07:33.886,AEVO/USDT:USDT,0.1063,167.0,0.10627,4529.0,0.10643,167.0,0.10644,28.0
1753531654004,12:07:34.004,AEVO/USDT:USDT,0.1063,167.0,0.10627,4529.0,0.10643,167.0,0.10644,28.0
1753531654324,12:07:34.324,AEVO/USDT:USDT,0.1063,167.0,0.10627,4529.0,0.10643,167.0,0.10644,28.0
1753531655004,12:07:35.004,AEVO/USDT:USDT,0.1063,167.0,0.10627,4529.0,0.10643,167.0,0.10644,28.0
1753531655656,12:07:35.656,AEVO/USDT:USDT,0.1063,167.0,0.10627,4529.0,0.10643,167.0,0.10644,28.0
1753531656004,12:07:36.004,AEVO/USDT:USDT,0.1063,167.0,0.10627,4529.0,0.10643,167.0,0.10644,28.0
1753531656646,12:07:36.646,AEVO/USDT:USDT,0.1063,167.0,0.10627,4529.0,0.10643,167.0,0.10644,28.0
1753531656758,12:07:36.758,AEVO/USDT:USDT,0.1063,167.0,0.10627,18.0,0.1064,1880.0,0.10643,167.0
1753531656838,12:07:36.838,AEVO/USDT:USDT,0.10624,171.0,0.10623,8306.0,0.1064,1880.0,0.10643,167.0
1753531656907,12:07:36.907,AEVO/USDT:USDT,0.10624,171.0,0.10623,8306.0,0.1064,1880.0,0.10643,167.0
1753531657062,12:07:37.062,AEVO/USDT:USDT,0.10624,171.0,0.10623,8306.0,0.1064,1880.0,0.10643,167.0
1753531657569,12:07:37.569,AEVO/USDT:USDT,0.10624,171.0,0.10623,8306.0,0.1064,1880.0,0.10643,167.0
1753531657910,12:07:37.910,AEVO/USDT:USDT,0.10624,171.0,0.10623,8306.0,0.1064,1880.0,0.10643,167.0
1753531658045,12:07:38.045,AEVO/USDT:USDT,0.10624,171.0,0.10623,6190.0,0.10643,167.0,0.10645,90.0
1753531658163,12:07:38.163,AEVO/USDT:USDT,0.10624,171.0,0.10623,4310.0,0.1064,1880.0,0.10643,167.0
1753531658246,12:07:38.246,AEVO/USDT:USDT,0.10624,171.0,0.10623,4310.0,0.1064,1880.0,0.10643,167.0
1753531658324,12:07:38.324,AEVO/USDT:USDT,0.10624,171.0,0.10623,4310.0,0.1064,1880.0,0.10643,167.0
1753531658443,12:07:38.443,AEVO/USDT:USDT,0.10624,171.0,0.10623,18.0,0.1064,1880.0,0.10643,167.0
1753531658489,12:07:38.489,AEVO/USDT:USDT,0.10622,170.0,0.1062,4052.0,0.1064,1880.0,0.10643,167.0
1753531658623,12:07:38.623,AEVO/USDT:USDT,0.10622,170.0,0.1062,4052.0,0.1064,1880.0,0.10643,167.0
1753531658762,12:07:38.762,AEVO/USDT:USDT,0.10622,170.0,0.1062,4052.0,0.1064,1880.0,0.10643,167.0
1753531658822,12:07:38.822,AEVO/USDT:USDT,0.10622,170.0,0.1062,4052.0,0.1064,1880.0,0.10643,167.0
1753531659146,12:07:39.146,AEVO/USDT:USDT,0.10622,170.0,0.1062,4052.0,0.1064,1880.0,0.10643,167.0
1753531659920,12:07:39.920,AEVO/USDT:USDT,0.10622,170.0,0.1062,4052.0,0.1064,1880.0,0.10643,167.0
1753531660060,12:07:40.060,AEVO/USDT:USDT,0.10623,168.0,0.10622,19.0,0.1064,1880.0,0.10643,167.0
1753531660146,12:07:40.146,AEVO/USDT:USDT,0.10623,168.0,0.1062,2698.0,0.1064,1880.0,0.10643,167.0
1753531660761,12:07:40.761,AEVO/USDT:USDT,0.10623,168.0,0.1062,2698.0,0.1064,1880.0,0.10643,167.0
1753531660962,12:07:40.962,AEVO/USDT:USDT,0.10623,168.0,0.1062,2698.0,0.1064,1880.0,0.10643,167.0
1753531661575,12:07:41.575,AEVO/USDT:USDT,0.10623,168.0,0.1062,2698.0,0.1064,1880.0,0.10643,167.0
1753531662447,12:07:42.447,AEVO/USDT:USDT,0.10623,168.0,0.1062,2698.0,0.1064,1880.0,0.10643,167.0
1753531662831,12:07:42.831,AEVO/USDT:USDT,0.10623,168.0,0.1062,2698.0,0.1064,1880.0,0.10643,167.0
1753531663110,12:07:43.110,AEVO/USDT:USDT,0.10623,168.0,0.1062,2698.0,0.1064,1880.0,0.10643,167.0
1753531663856,12:07:43.856,AEVO/USDT:USDT,0.10623,168.0,0.1062,2698.0,0.1064,1880.0,0.10643,167.0
1753531663924,12:07:43.924,AEVO/USDT:USDT,0.10623,168.0,0.1062,2698.0,0.1064,1880.0,0.10643,167.0
1753531664316,12:07:44.316,AEVO/USDT:USDT,0.10623,168.0,0.1062,2698.0,0.1064,1880.0,0.10643,167.0
1753531664434,12:07:44.434,AEVO/USDT:USDT,0.10623,168.0,0.1062,2698.0,0.1064,1880.0,0.10643,167.0
1753531664515,12:07:44.515,AEVO/USDT:USDT,0.10623,168.0,0.1062,2698.0,0.1064,1880.0,0.10643,167.0
1753531664723,12:07:44.723,AEVO/USDT:USDT,0.10623,168.0,0.1062,2698.0,0.1064,1880.0,0.10643,167.0
1753531664817,12:07:44.817,AEVO/USDT:USDT,0.10623,168.0,0.1062,2698.0,0.1064,1880.0,0.10643,167.0
1753531665246,12:07:45.246,AEVO/USDT:USDT,0.10623,168.0,0.1062,2698.0,0.1064,1880.0,0.10643,167.0
1753531666139,12:07:46.139,AEVO/USDT:USDT,0.10623,168.0,0.1062,2698.0,0.1064,1880.0,0.10643,167.0
1753531666252,12:07:46.252,AEVO/USDT:USDT,0.10623,168.0,0.1062,2698.0,0.1064,1880.0,0.10643,167.0
1753531666326,12:07:46.326,AEVO/USDT:USDT,0.10627,168.0,0.10626,1880.0,0.10643,167.0,0.10645,2167.0
1753531666381,12:07:46.381,AEVO/USDT:USDT,0.10627,168.0,0.10626,1880.0,0.10643,167.0,0.10645,2167.0
1753531666477,12:07:46.477,AEVO/USDT:USDT,0.10627,168.0,0.10626,1880.0,0.10643,167.0,0.10645,2167.0
1753531666859,12:07:46.859,AEVO/USDT:USDT,0.10627,168.0,0.10626,1880.0,0.10643,167.0,0.10645,2167.0
1753531666984,12:07:46.984,AEVO/USDT:USDT,0.10627,168.0,0.10626,1880.0,0.10643,167.0,0.10645,2167.0
1753531667220,12:07:47.220,AEVO/USDT:USDT,0.10627,168.0,0.10626,1880.0,0.10643,167.0,0.10645,2167.0
1753531667387,12:07:47.387,AEVO/USDT:USDT,0.10627,168.0,0.10626,1880.0,0.10643,167.0,0.10645,2167.0
1753531668008,12:07:48.008,AEVO/USDT:USDT,0.10627,168.0,0.10626,1880.0,0.10643,167.0,0.10645,2167.0
1753531668725,12:07:48.725,AEVO/USDT:USDT,0.10627,168.0,0.10626,1880.0,0.10643,167.0,0.10645,2167.0
1753531669093,12:07:49.093,AEVO/USDT:USDT,0.10628,168.0,0.10627,5646.0,0.10643,167.0,0.10645,2167.0
1753531669259,12:07:49.259,AEVO/USDT:USDT,0.10628,168.0,0.10626,1880.0,0.10643,167.0,0.10645,2167.0
1753531669270,12:07:49.270,AEVO/USDT:USDT,0.10628,168.0,0.10626,1880.0,0.10643,167.0,0.10645,2167.0
1753531669525,12:07:49.525,AEVO/USDT:USDT,0.10628,168.0,0.10626,2048.0,0.10643,167.0,0.10645,2167.0
1753531670870,12:07:50.870,AEVO/USDT:USDT,0.10628,168.0,0.10626,2048.0,0.10643,167.0,0.10645,2167.0
1753531671673,12:07:51.673,AEVO/USDT:USDT,0.10628,168.0,0.10626,2048.0,0.10643,167.0,0.10645,2167.0
1753531673045,12:07:53.045,AEVO/USDT:USDT,0.10628,168.0,0.10626,2048.0,0.10643,167.0,0.10645,2167.0
1753531673526,12:07:53.526,AEVO/USDT:USDT,0.10628,168.0,0.10626,2048.0,0.10643,167.0,0.10645,2167.0
1753531673877,12:07:53.877,AEVO/USDT:USDT,0.10628,168.0,0.10626,2048.0,0.10643,167.0,0.10645,2167.0
1753531676934,12:07:56.934,AEVO/USDT:USDT,0.10628,168.0,0.10626,2048.0,0.10643,167.0,0.10645,2167.0
1753531676981,12:07:56.981,AEVO/USDT:USDT,0.10628,168.0,0.10626,2048.0,0.10643,167.0,0.10645,2167.0
1753531677726,12:07:57.726,AEVO/USDT:USDT,0.10628,168.0,0.10626,2048.0,0.10643,167.0,0.10645,2167.0
1753531677952,12:07:57.952,AEVO/USDT:USDT,0.10628,168.0,0.10626,2048.0,0.10643,167.0,0.10645,2167.0
1753531678069,12:07:58.069,AEVO/USDT:USDT,0.10628,168.0,0.10626,2048.0,0.10643,167.0,0.10645,2167.0
1753531678358,12:07:58.358,AEVO/USDT:USDT,0.10628,168.0,0.10627,7054.0,0.10643,167.0,0.10645,2167.0
1753531678385,12:07:58.385,AEVO/USDT:USDT,0.10629,168.0,0.10628,2116.0,0.10643,167.0,0.10646,258.0
1753531678494,12:07:58.494,AEVO/USDT:USDT,0.10629,168.0,0.10628,2116.0,0.10646,168.0,0.10647,1880.0
1753531678955,12:07:58.955,AEVO/USDT:USDT,0.10629,168.0,0.10628,2116.0,0.10646,168.0,0.10647,1880.0
1753531679360,12:07:59.360,AEVO/USDT:USDT,0.10629,168.0,0.10628,2116.0,0.10646,168.0,0.10647,1880.0
1753531679618,12:07:59.618,AEVO/USDT:USDT,0.10629,168.0,0.10628,2116.0,0.10646,168.0,0.10647,1880.0
1753531681003,12:08:01.003,AEVO/USDT:USDT,0.10629,168.0,0.10628,2116.0,0.10646,168.0,0.10647,1880.0
1753531681256,12:08:01.256,AEVO/USDT:USDT,0.10629,168.0,0.10628,2116.0,0.10646,168.0,0.10647,1880.0
1753531681347,12:08:01.347,AEVO/USDT:USDT,0.10629,168.0,0.10628,2116.0,0.10646,168.0,0.10647,1880.0
1753531681645,12:08:01.645,AEVO/USDT:USDT,0.1063,172.0,0.10629,5644.0,0.10646,168.0,0.10647,1880.0
1753531683146,12:08:03.146,AEVO/USDT:USDT,0.1063,172.0,0.10628,2116.0,0.10646,168.0,0.10647,1880.0
1753531687925,12:08:07.925,AEVO/USDT:USDT,0.1063,172.0,0.10628,2116.0,0.10646,168.0,0.10647,1880.0
1753531688621,12:08:08.621,AEVO/USDT:USDT,0.1063,172.0,0.10628,2116.0,0.10646,168.0,0.10647,1880.0
1753531689945,12:08:09.945,AEVO/USDT:USDT,0.1063,172.0,0.10628,2116.0,0.10646,168.0,0.10647,1880.0
1753531692656,12:08:12.656,AEVO/USDT:USDT,0.1063,172.0,0.10628,2116.0,0.10646,168.0,0.10647,1880.0
1753531692725,12:08:12.725,AEVO/USDT:USDT,0.1063,172.0,0.10628,2116.0,0.10646,168.0,0.10647,1880.0
1753531693842,12:08:13.842,AEVO/USDT:USDT,0.1063,172.0,0.10628,2116.0,0.10646,168.0,0.10647,1880.0
1753531694081,12:08:14.081,AEVO/USDT:USDT,0.1063,172.0,0.10628,2116.0,0.10646,168.0,0.10647,1880.0
1753531695627,12:08:15.627,AEVO/USDT:USDT,0.1063,172.0,0.10628,2116.0,0.10646,168.0,0.10647,1880.0
1753531695894,12:08:15.894,AEVO/USDT:USDT,0.1063,172.0,0.10628,2116.0,0.10646,168.0,0.10647,1880.0
1753531696710,12:08:16.710,AEVO/USDT:USDT,0.1063,172.0,0.10628,2116.0,0.10646,168.0,0.10647,1880.0
1753531697525,12:08:17.525,AEVO/USDT:USDT,0.1063,172.0,0.10628,2116.0,0.10646,168.0,0.10647,1880.0
1753531697861,12:08:17.861,AEVO/USDT:USDT,0.1063,172.0,0.10628,2116.0,0.10646,168.0,0.10647,1880.0
1753531698419,12:08:18.419,AEVO/USDT:USDT,0.1063,172.0,0.10628,2116.0,0.10646,168.0,0.10647,1880.0
1753531698731,12:08:18.731,AEVO/USDT:USDT,0.1063,172.0,0.10628,2116.0,0.10646,168.0,0.10647,1880.0
1753531699245,12:08:19.245,AEVO/USDT:USDT,0.1063,172.0,0.10628,2116.0,0.10646,168.0,0.10647,1880.0
1753531699944,12:08:19.944,AEVO/USDT:USDT,0.1063,172.0,0.10628,2116.0,0.10646,168.0,0.10647,1880.0
1753531701500,12:08:21.500,AEVO/USDT:USDT,0.1063,172.0,0.10628,2116.0,0.10646,168.0,0.10647,1880.0
1753531701732,12:08:21.732,AEVO/USDT:USDT,0.1063,172.0,0.10628,2116.0,0.10646,168.0,0.10647,1880.0
1753531701955,12:08:21.955,AEVO/USDT:USDT,0.1063,172.0,0.10628,2116.0,0.10646,168.0,0.10647,1880.0
1753531702004,12:08:22.004,AEVO/USDT:USDT,0.1063,172.0,0.10628,2116.0,0.10646,168.0,0.10647,1880.0
1753531702345,12:08:22.345,AEVO/USDT:USDT,0.1063,172.0,0.10628,2116.0,0.10646,168.0,0.10647,1880.0
1753531702372,12:08:22.372,AEVO/USDT:USDT,0.1063,172.0,0.10628,2116.0,0.10646,168.0,0.10647,1880.0
1753531702783,12:08:22.783,AEVO/USDT:USDT,0.1063,172.0,0.10628,2116.0,0.10646,168.0,0.10647,1880.0
1753531704003,12:08:24.003,AEVO/USDT:USDT,0.1063,172.0,0.10628,2282.0,0.10646,168.0,0.10647,1880.0
1753531704817,12:08:24.817,AEVO/USDT:USDT,0.1063,172.0,0.10628,2282.0,0.10646,168.0,0.10647,1880.0
1753531705635,12:08:25.635,AEVO/USDT:USDT,0.1063,172.0,0.10628,2282.0,0.10646,168.0,0.10647,1880.0
1753531706855,12:08:26.855,AEVO/USDT:USDT,0.1063,172.0,0.10628,2282.0,0.10646,168.0,0.10647,1880.0
1753531707125,12:08:27.125,AEVO/USDT:USDT,0.1063,172.0,0.10628,2282.0,0.10646,168.0,0.10647,1880.0
1753531707677,12:08:27.677,AEVO/USDT:USDT,0.1063,172.0,0.10628,2282.0,0.10646,168.0,0.10647,1880.0
1753531707927,12:08:27.927,AEVO/USDT:USDT,0.1063,172.0,0.10628,2282.0,0.10646,168.0,0.10647,1880.0
1753531708893,12:08:28.893,AEVO/USDT:USDT,0.1063,172.0,0.10628,2282.0,0.10646,168.0,0.10647,1880.0
1753531708987,12:08:28.987,AEVO/USDT:USDT,0.1063,172.0,0.10628,2282.0,0.10646,168.0,0.10647,1880.0
1753531709727,12:08:29.727,AEVO/USDT:USDT,0.1063,172.0,0.10628,2282.0,0.10646,168.0,0.10647,1880.0
1753531710097,12:08:30.097,AEVO/USDT:USDT,0.1063,172.0,0.10628,2282.0,0.10646,168.0,0.10647,1880.0
1753531710245,12:08:30.245,AEVO/USDT:USDT,0.1063,172.0,0.10628,2282.0,0.10646,168.0,0.10647,1880.0
1753531710286,12:08:30.286,AEVO/USDT:USDT,0.1063,172.0,0.10628,2282.0,0.10646,168.0,0.10647,1880.0
1753531710902,12:08:30.902,AEVO/USDT:USDT,0.1063,172.0,0.10628,2282.0,0.10646,168.0,0.10647,1880.0
1753531711005,12:08:31.005,AEVO/USDT:USDT,0.1063,172.0,0.10628,2282.0,0.10646,168.0,0.10647,1880.0
1753531711757,12:08:31.757,AEVO/USDT:USDT,0.1063,172.0,0.10628,2282.0,0.10646,168.0,0.10647,1880.0
1753531711926,12:08:31.926,AEVO/USDT:USDT,0.1063,172.0,0.10628,2282.0,0.10646,168.0,0.10647,1880.0
1753531712979,12:08:32.979,AEVO/USDT:USDT,0.1063,172.0,0.10628,2282.0,0.10646,168.0,0.10647,1880.0
1753531713760,12:08:33.760,AEVO/USDT:USDT,0.1063,172.0,0.10628,2282.0,0.10646,168.0,0.10647,1880.0
1753531713796,12:08:33.796,AEVO/USDT:USDT,0.1063,172.0,0.10628,2282.0,0.10646,168.0,0.10647,1880.0
1753531715024,12:08:35.024,AEVO/USDT:USDT,0.1063,172.0,0.10628,2282.0,0.10646,168.0,0.10647,1880.0
1753531715841,12:08:35.841,AEVO/USDT:USDT,0.1063,172.0,0.10628,2282.0,0.10646,168.0,0.10647,1880.0
1753531715989,12:08:35.989,AEVO/USDT:USDT,0.1063,172.0,0.10628,2282.0,0.10646,168.0,0.10647,1880.0
1753531716746,12:08:36.746,AEVO/USDT:USDT,0.1063,172.0,0.10628,2282.0,0.10646,168.0,0.10647,1880.0
1753531717003,12:08:37.003,AEVO/USDT:USDT,0.1063,172.0,0.10628,2282.0,0.10646,168.0,0.10647,1880.0
1753531717575,12:08:37.575,AEVO/USDT:USDT,0.1063,172.0,0.10628,2282.0,0.10646,168.0,0.10647,1880.0
1753531717957,12:08:37.957,AEVO/USDT:USDT,0.1063,172.0,0.10628,2282.0,0.1064,1880.0,0.10645,7054.0
1753531718045,12:08:38.045,AEVO/USDT:USDT,0.10631,165.0,0.1063,28.0,0.10639,165.0,0.1064,28.0
1753531718066,12:08:38.066,AEVO/USDT:USDT,0.10631,165.0,0.1063,28.0,0.10639,165.0,0.1064,28.0
1753531718196,12:08:38.196,AEVO/USDT:USDT,0.10631,165.0,0.1063,28.0,0.10639,165.0,0.1064,28.0
1753531718374,12:08:38.374,AEVO/USDT:USDT,0.10631,165.0,0.1063,28.0,0.10639,165.0,0.1064,28.0
1753531718634,12:08:38.634,AEVO/USDT:USDT,0.10631,165.0,0.1063,28.0,0.10639,165.0,0.1064,28.0
1753531718801,12:08:38.801,AEVO/USDT:USDT,0.10631,165.0,0.1063,28.0,0.10639,165.0,0.1064,28.0
1753531719003,12:08:39.003,AEVO/USDT:USDT,0.1063,28.0,0.10628,166.0,0.10639,165.0,0.1064,28.0
1753531719160,12:08:39.160,AEVO/USDT:USDT,0.1063,28.0,0.10626,168.0,0.10635,7054.0,0.10639,165.0
1753531719260,12:08:39.260,AEVO/USDT:USDT,0.1063,28.0,0.10626,168.0,0.10635,7054.0,0.10639,165.0
1753531719312,12:08:39.312,AEVO/USDT:USDT,0.10624,168.0,0.10621,1631.0,0.10638,1880.0,0.10639,165.0
1753531719405,12:08:39.405,AEVO/USDT:USDT,0.10624,168.0,0.10621,1631.0,0.10638,1880.0,0.10639,165.0
1753531719654,12:08:39.654,AEVO/USDT:USDT,0.10624,168.0,0.10621,1631.0,0.10638,1880.0,0.10639,165.0
1753531720060,12:08:40.060,AEVO/USDT:USDT,0.10624,168.0,0.10621,1631.0,0.10638,1880.0,0.10639,165.0
1753531720188,12:08:40.188,AEVO/USDT:USDT,0.10624,168.0,0.10621,1631.0,0.10637,3154.0,0.10638,1880.0
1753531720459,12:08:40.459,AEVO/USDT:USDT,0.10624,168.0,0.10621,1631.0,0.10637,3154.0,0.10638,1880.0
1753531720479,12:08:40.479,AEVO/USDT:USDT,0.10624,168.0,0.10621,1631.0,0.10637,3154.0,0.10638,1880.0
1753531720574,12:08:40.574,AEVO/USDT:USDT,0.10624,168.0,0.10621,1631.0,0.10637,3154.0,0.10638,1880.0
1753531720895,12:08:40.895,AEVO/USDT:USDT,0.10624,168.0,0.10621,1631.0,0.10637,3154.0,0.10638,1880.0
1753531721228,12:08:41.228,AEVO/USDT:USDT,0.10624,168.0,0.10621,1631.0,0.10637,3154.0,0.10638,1880.0
1753531721308,12:08:41.308,AEVO/USDT:USDT,0.10624,168.0,0.10621,1631.0,0.10637,3154.0,0.10638,1880.0
1753531721526,12:08:41.526,AEVO/USDT:USDT,0.10624,168.0,0.10621,1631.0,0.10637,3154.0,0.10638,1880.0
1753531722756,12:08:42.756,AEVO/USDT:USDT,0.10624,168.0,0.10621,1631.0,0.10637,3154.0,0.10638,1880.0
1753531723042,12:08:43.042,AEVO/USDT:USDT,0.10624,168.0,0.10621,1631.0,0.10637,3154.0,0.10638,1880.0
1753531723355,12:08:43.355,AEVO/USDT:USDT,0.10624,168.0,0.10621,1631.0,0.10637,3154.0,0.10638,1880.0
1753531725557,12:08:45.557,AEVO/USDT:USDT,0.10624,168.0,0.10621,1631.0,0.10637,3154.0,0.10638,1880.0
1753531725763,12:08:45.763,AEVO/USDT:USDT,0.10628,7054.0,0.10624,168.0,0.10637,3154.0,0.10639,165.0
1753531725837,12:08:45.837,AEVO/USDT:USDT,0.1063,169.0,0.10629,2116.0,0.10637,3154.0,0.10639,165.0
1753531725906,12:08:45.906,AEVO/USDT:USDT,0.1063,169.0,0.10628,74.0,0.10637,3154.0,0.10639,165.0
1753531725985,12:08:45.985,AEVO/USDT:USDT,0.1063,169.0,0.10628,56.0,0.10637,3154.0,0.10639,165.0
1753531726145,12:08:46.145,AEVO/USDT:USDT,0.1063,169.0,0.10628,56.0,0.10639,165.0,0.10644,2206.0
1753531726177,12:08:46.177,AEVO/USDT:USDT,0.1063,169.0,0.10628,56.0,0.10639,165.0,0.10644,2116.0
1753531726327,12:08:46.327,AEVO/USDT:USDT,0.1063,169.0,0.10628,56.0,0.10639,165.0,0.10644,2116.0
1753531727152,12:08:47.152,AEVO/USDT:USDT,0.1063,169.0,0.10628,56.0,0.10638,1880.0,0.10639,193.0
1753531727358,12:08:47.358,AEVO/USDT:USDT,0.1063,169.0,0.10628,56.0,0.10638,1880.0,0.10639,193.0
1753531727476,12:08:47.476,AEVO/USDT:USDT,0.1063,169.0,0.10628,56.0,0.10638,1880.0,0.10639,193.0
1753531728969,12:08:48.969,AEVO/USDT:USDT,0.1063,169.0,0.10628,56.0,0.10638,1880.0,0.10639,193.0
1753531729068,12:08:49.068,AEVO/USDT:USDT,0.1063,169.0,0.10628,56.0,0.10638,1880.0,0.10639,193.0
1753531730197,12:08:50.197,AEVO/USDT:USDT,0.1063,169.0,0.10628,56.0,0.10638,1880.0,0.10639,193.0
1753531730991,12:08:50.991,AEVO/USDT:USDT,0.1063,169.0,0.10628,56.0,0.10638,1880.0,0.10639,193.0
1753531731126,12:08:51.126,AEVO/USDT:USDT,0.1063,169.0,0.10628,56.0,0.10638,1880.0,0.10639,193.0
1753531731852,12:08:51.852,AEVO/USDT:USDT,0.1063,169.0,0.10628,56.0,0.10638,1880.0,0.10639,193.0
1753531732664,12:08:52.664,AEVO/USDT:USDT,0.1063,169.0,0.10628,56.0,0.10638,1880.0,0.10639,193.0
1753531733004,12:08:53.004,AEVO/USDT:USDT,0.1063,169.0,0.10628,56.0,0.10638,1880.0,0.10639,193.0
1753531733167,12:08:53.167,AEVO/USDT:USDT,0.1063,169.0,0.10628,56.0,0.10638,1880.0,0.10639,193.0
1753531733650,12:08:53.650,AEVO/USDT:USDT,0.1063,169.0,0.10628,56.0,0.10638,1880.0,0.10639,193.0
1753531735926,12:08:55.926,AEVO/USDT:USDT,0.1063,169.0,0.10628,56.0,0.10638,1880.0,0.10639,193.0
1753531737630,12:08:57.630,AEVO/USDT:USDT,0.1063,169.0,0.10628,56.0,0.10638,1908.0,0.10639,193.0
1753531737904,12:08:57.904,AEVO/USDT:USDT,0.1063,169.0,0.10628,56.0,0.10638,1908.0,0.10639,193.0
1753531737984,12:08:57.984,AEVO/USDT:USDT,0.1063,169.0,0.10628,56.0,0.10638,1908.0,0.10639,193.0
1753531738720,12:08:58.720,AEVO/USDT:USDT,0.1063,169.0,0.10628,56.0,0.10638,1908.0,0.10639,193.0
1753531739153,12:08:59.153,AEVO/USDT:USDT,0.10629,172.0,0.10628,28.0,0.10635,7082.0,0.10636,28.0
1753531739261,12:08:59.261,AEVO/USDT:USDT,0.10629,172.0,0.10628,56.0,0.10635,200.0,0.10636,28.0
1753531739270,12:08:59.270,AEVO/USDT:USDT,0.10629,172.0,0.10628,56.0,0.10635,200.0,0.10636,28.0
1753531739534,12:08:59.534,AEVO/USDT:USDT,0.10629,172.0,0.10628,56.0,0.10635,200.0,0.10636,28.0
1753531740185,12:09:00.185,AEVO/USDT:USDT,0.10629,172.0,0.10628,56.0,0.10635,200.0,0.10636,56.0
1753531740287,12:09:00.287,AEVO/USDT:USDT,0.10634,2515.0,0.10629,172.0,0.10635,200.0,0.10636,28.0
1753531740381,12:09:00.381,AEVO/USDT:USDT,0.10634,2515.0,0.10629,172.0,0.10635,200.0,0.10636,28.0
1753531740554,12:09:00.554,AEVO/USDT:USDT,0.10634,2515.0,0.10629,172.0,0.10635,172.0,0.10637,172.0
1753531740613,12:09:00.613,AEVO/USDT:USDT,0.10634,2515.0,0.10629,172.0,0.10637,172.0,0.10638,1908.0
1753531740727,12:09:00.727,AEVO/USDT:USDT,0.10634,2515.0,0.10629,172.0,0.10637,172.0,0.10638,1908.0
1753531740810,12:09:00.810,AEVO/USDT:USDT,0.10634,2515.0,0.10629,172.0,0.10637,172.0,0.10638,1908.0
1753531740916,12:09:00.916,AEVO/USDT:USDT,0.10634,2515.0,0.10629,172.0,0.10637,172.0,0.10638,1908.0
1753531741735,12:09:01.735,AEVO/USDT:USDT,0.10634,2515.0,0.10629,172.0,0.10637,172.0,0.10638,1908.0
1753531742049,12:09:02.049,AEVO/USDT:USDT,0.10634,2515.0,0.10629,172.0,0.10637,172.0,0.10638,1908.0
1753531742730,12:09:02.730,AEVO/USDT:USDT,0.10634,2515.0,0.10629,172.0,0.10637,172.0,0.10638,1908.0
1753531742871,12:09:02.871,AEVO/USDT:USDT,0.10634,2515.0,0.10629,172.0,0.10637,172.0,0.10638,1908.0
1753531743858,12:09:03.858,AEVO/USDT:USDT,0.10634,2515.0,0.10632,28.0,0.10637,172.0,0.10638,1908.0
1753531744105,12:09:04.105,AEVO/USDT:USDT,0.10634,2515.0,0.10632,28.0,0.10637,172.0,0.10638,1908.0
1753531744308,12:09:04.308,AEVO/USDT:USDT,0.10634,2515.0,0.10632,28.0,0.10637,172.0,0.10638,1908.0
1753531744878,12:09:04.878,AEVO/USDT:USDT,0.10634,2515.0,0.10632,194.0,0.10637,172.0,0.10638,1908.0
1753531745046,12:09:05.046,AEVO/USDT:USDT,0.10634,2515.0,0.10632,194.0,0.10637,172.0,0.10638,1908.0
1753531745530,12:09:05.530,AEVO/USDT:USDT,0.10634,2515.0,0.10632,166.0,0.10637,200.0,0.10638,1936.0
1753531745724,12:09:05.724,AEVO/USDT:USDT,0.10634,2515.0,0.10632,166.0,0.10637,200.0,0.10638,1936.0
1753531746946,12:09:06.946,AEVO/USDT:USDT,0.10634,2515.0,0.10632,166.0,0.10637,200.0,0.10638,1936.0
1753531747017,12:09:07.017,AEVO/USDT:USDT,0.10634,2515.0,0.1062,168.0,0.10637,200.0,0.10638,1936.0
1753531747427,12:09:07.427,AEVO/USDT:USDT,0.10634,2515.0,0.1062,168.0,0.10637,200.0,0.10638,1936.0
1753531747766,12:09:07.766,AEVO/USDT:USDT,0.10634,2515.0,0.1062,168.0,0.10637,200.0,0.10638,1936.0
1753531748007,12:09:08.007,AEVO/USDT:USDT,0.10634,2515.0,0.1062,168.0,0.10637,200.0,0.10638,1936.0
1753531748416,12:09:08.416,AEVO/USDT:USDT,0.10634,2515.0,0.1062,168.0,0.10637,200.0,0.10638,1936.0
1753531749187,12:09:09.187,AEVO/USDT:USDT,0.10634,2515.0,0.1062,168.0,0.10637,200.0,0.10638,1936.0
1753531749789,12:09:09.789,AEVO/USDT:USDT,0.10634,2515.0,0.1062,168.0,0.10637,200.0,0.10638,1936.0
1753531750345,12:09:10.345,AEVO/USDT:USDT,0.10634,2515.0,0.1062,168.0,0.10637,200.0,0.10638,1936.0
1753531750931,12:09:10.931,AEVO/USDT:USDT,0.1062,168.0,0.10619,1880.0,0.10635,7082.0,0.10636,28.0
1753531751043,12:09:11.043,AEVO/USDT:USDT,0.10621,166.0,0.1062,186.0,0.10635,7082.0,0.10636,28.0
1753531751157,12:09:11.157,AEVO/USDT:USDT,0.10621,166.0,0.1062,18.0,0.10634,256.0,0.10635,28.0
1753531751175,12:09:11.175,AEVO/USDT:USDT,0.10621,166.0,0.1062,18.0,0.10634,166.0,0.10635,28.0
1753531751345,12:09:11.345,AEVO/USDT:USDT,0.10621,166.0,0.1062,18.0,0.10634,166.0,0.10635,28.0
1753531751435,12:09:11.435,AEVO/USDT:USDT,0.10621,166.0,0.1062,18.0,0.10634,166.0,0.10635,28.0
1753531751854,12:09:11.854,AEVO/USDT:USDT,0.10621,166.0,0.1062,18.0,0.10634,166.0,0.10635,28.0
1753531752247,12:09:12.247,AEVO/USDT:USDT,0.10621,166.0,0.1062,18.0,0.10634,166.0,0.10635,28.0
1753531752860,12:09:12.860,AEVO/USDT:USDT,0.10621,166.0,0.1062,18.0,0.10634,166.0,0.10635,28.0
1753531753473,12:09:13.473,AEVO/USDT:USDT,0.10621,166.0,0.1062,18.0,0.10634,166.0,0.10635,28.0
1753531753876,12:09:13.876,AEVO/USDT:USDT,0.10621,166.0,0.1062,18.0,0.10634,166.0,0.10635,28.0
1753531754004,12:09:14.004,AEVO/USDT:USDT,0.10621,166.0,0.1062,18.0,0.10634,166.0,0.10635,28.0
1753531754952,12:09:14.952,AEVO/USDT:USDT,0.10621,166.0,0.1062,18.0,0.10634,166.0,0.10635,28.0
1753531755016,12:09:15.016,AEVO/USDT:USDT,0.10621,166.0,0.1062,18.0,0.10634,166.0,0.10635,28.0
1753531755146,12:09:15.146,AEVO/USDT:USDT,0.10621,166.0,0.1062,18.0,0.10634,166.0,0.10635,28.0
1753531755616,12:09:15.616,AEVO/USDT:USDT,0.10621,166.0,0.1062,18.0,0.10634,166.0,0.10635,28.0
1753531755919,12:09:15.919,AEVO/USDT:USDT,0.10621,166.0,0.1062,18.0,0.10634,166.0,0.10635,28.0
1753531756152,12:09:16.152,AEVO/USDT:USDT,0.10621,166.0,0.1062,18.0,0.10634,166.0,0.10635,28.0
1753531756432,12:09:16.432,AEVO/USDT:USDT,0.10621,166.0,0.1062,18.0,0.10634,166.0,0.10635,28.0
1753531756693,12:09:16.693,AEVO/USDT:USDT,0.10621,166.0,0.1062,18.0,0.10634,166.0,0.10635,28.0
1753531757747,12:09:17.747,AEVO/USDT:USDT,0.10621,166.0,0.1062,18.0,0.10634,166.0,0.10635,28.0
1753531758771,12:09:18.771,AEVO/USDT:USDT,0.10621,166.0,0.1062,18.0,0.10634,166.0,0.10635,28.0
1753531759927,12:09:19.927,AEVO/USDT:USDT,0.10621,166.0,0.1062,18.0,0.10634,166.0,0.10635,28.0
1753531760059,12:09:20.059,AEVO/USDT:USDT,0.10621,166.0,0.1062,18.0,0.10634,166.0,0.10635,28.0
1753531760324,12:09:20.324,AEVO/USDT:USDT,0.10621,166.0,0.1062,18.0,0.10634,166.0,0.10635,28.0
1753531760859,12:09:20.859,AEVO/USDT:USDT,0.10621,166.0,0.1062,18.0,0.10634,166.0,0.10635,28.0
1753531761004,12:09:21.004,AEVO/USDT:USDT,0.10621,166.0,0.1062,18.0,0.10634,166.0,0.10635,28.0
1753531762114,12:09:22.114,AEVO/USDT:USDT,0.10621,166.0,0.1062,18.0,0.10634,166.0,0.10635,28.0
1753531762631,12:09:22.631,AEVO/USDT:USDT,0.10621,166.0,0.1062,18.0,0.10634,166.0,0.10635,28.0
1753531762838,12:09:22.838,AEVO/USDT:USDT,0.10621,166.0,0.1062,18.0,0.10634,166.0,0.10635,28.0
1753531763201,12:09:23.201,AEVO/USDT:USDT,0.10621,166.0,0.1062,18.0,0.10634,166.0,0.10635,28.0
1753531764054,12:09:24.054,AEVO/USDT:USDT,0.10621,166.0,0.1062,18.0,0.10634,166.0,0.10635,28.0
1753531764230,12:09:24.230,AEVO/USDT:USDT,0.10621,166.0,0.1062,18.0,0.10634,166.0,0.10635,28.0
1753531764756,12:09:24.756,AEVO/USDT:USDT,0.10621,166.0,0.1062,18.0,0.10634,166.0,0.10635,28.0
1753531764860,12:09:24.860,AEVO/USDT:USDT,0.10621,166.0,0.1062,18.0,0.10634,166.0,0.10635,28.0
1753531764902,12:09:24.902,AEVO/USDT:USDT,0.10621,166.0,0.1062,18.0,0.10634,166.0,0.10635,28.0
1753531765053,12:09:25.053,AEVO/USDT:USDT,0.10619,166.0,0.10612,179.0,0.10634,783.0,0.10635,82.0
1753531765100,12:09:25.100,AEVO/USDT:USDT,0.10619,166.0,0.10612,187.0,0.10634,783.0,0.10635,118.0
1753531765359,12:09:25.359,AEVO/USDT:USDT,0.10619,166.0,0.10612,187.0,0.10634,783.0,0.10635,118.0
1753531765367,12:09:25.367,AEVO/USDT:USDT,0.10619,166.0,0.10612,187.0,0.10634,783.0,0.10635,118.0
1753531765702,12:09:25.702,AEVO/USDT:USDT,0.10619,166.0,0.10612,187.0,0.10633,1881.0,0.10634,783.0
1753531765786,12:09:25.786,AEVO/USDT:USDT,0.10619,166.0,0.10612,187.0,0.10632,263.0,0.10633,1881.0
1753531766133,12:09:26.133,AEVO/USDT:USDT,0.10619,166.0,0.10612,187.0,0.10632,263.0,0.10633,1881.0
1753531766212,12:09:26.212,AEVO/USDT:USDT,0.10619,166.0,0.10612,187.0,0.10632,263.0,0.10633,1881.0
1753531766302,12:09:26.302,AEVO/USDT:USDT,0.10619,166.0,0.10612,187.0,0.10632,263.0,0.10633,1881.0
1753531766553,12:09:26.553,AEVO/USDT:USDT,0.10619,166.0,0.10618,28.0,0.10628,201.0,0.10632,263.0
1753531766636,12:09:26.636,AEVO/USDT:USDT,0.10624,173.0,0.10623,104.0,0.10628,229.0,0.10629,28.0
1753531766701,12:09:26.701,AEVO/USDT:USDT,0.10623,104.0,0.10619,166.0,0.10628,229.0,0.10629,28.0
1753531766849,12:09:26.849,AEVO/USDT:USDT,0.10624,173.0,0.10623,104.0,0.10628,229.0,0.10629,28.0
1753531766959,12:09:26.959,AEVO/USDT:USDT,0.10624,173.0,0.10623,104.0,0.10628,229.0,0.10629,28.0
1753531767007,12:09:27.007,AEVO/USDT:USDT,0.10623,104.0,0.10619,166.0,0.10628,229.0,0.10629,28.0
1753531767140,12:09:27.140,AEVO/USDT:USDT,0.10624,173.0,0.10623,104.0,0.10628,229.0,0.10629,28.0
1753531767515,12:09:27.515,AEVO/USDT:USDT,0.10623,104.0,0.10619,166.0,0.10628,229.0,0.10629,28.0
1753531767665,12:09:27.665,AEVO/USDT:USDT,0.10624,173.0,0.10623,104.0,0.10628,229.0,0.10629,28.0
1753531767781,12:09:27.781,AEVO/USDT:USDT,0.10624,173.0,0.10623,104.0,0.10628,229.0,0.10629,28.0
1753531767920,12:09:27.920,AEVO/USDT:USDT,0.10623,104.0,0.10619,166.0,0.10628,201.0,0.10632,173.0
1753531768058,12:09:28.058,AEVO/USDT:USDT,0.10623,104.0,0.10619,166.0,0.10628,229.0,0.10632,173.0
1753531768104,12:09:28.104,AEVO/USDT:USDT,0.10623,104.0,0.10619,166.0,0.10628,229.0,0.10632,173.0
1753531768173,12:09:28.173,AEVO/USDT:USDT,0.10623,104.0,0.10619,166.0,0.10628,229.0,0.10632,173.0
1753531768457,12:09:28.457,AEVO/USDT:USDT,0.10623,104.0,0.10619,166.0,0.10628,229.0,0.10634,166.0
1753531768642,12:09:28.642,AEVO/USDT:USDT,0.10623,104.0,0.10619,166.0,0.10627,1880.0,0.10628,229.0
1753531768700,12:09:28.700,AEVO/USDT:USDT,0.10623,104.0,0.10619,166.0,0.10627,1970.0,0.10628,229.0
1753531768858,12:09:28.858,AEVO/USDT:USDT,0.10623,104.0,0.10619,166.0,0.10627,1970.0,0.10628,229.0
1753531769004,12:09:29.004,AEVO/USDT:USDT,0.10623,104.0,0.10619,166.0,0.10627,1970.0,0.10628,229.0
1753531769529,12:09:29.529,AEVO/USDT:USDT,0.10623,104.0,0.10619,166.0,0.10627,1970.0,0.10628,229.0
1753531769660,12:09:29.660,AEVO/USDT:USDT,0.10623,104.0,0.10619,166.0,0.10624,7110.0,0.10625,56.0
1753531769693,12:09:29.693,AEVO/USDT:USDT,0.10623,104.0,0.10619,166.0,0.10624,7110.0,0.10625,56.0
1753531769827,12:09:29.827,AEVO/USDT:USDT,0.10623,104.0,0.10619,166.0,0.10624,7110.0,0.10625,56.0
1753531769976,12:09:29.976,AEVO/USDT:USDT,0.10623,104.0,0.10619,166.0,0.10624,227.0,0.10625,56.0
1753531770241,12:09:30.241,AEVO/USDT:USDT,0.10623,104.0,0.10619,166.0,0.10624,227.0,0.10625,56.0
1753531770433,12:09:30.433,AEVO/USDT:USDT,0.10623,104.0,0.10619,166.0,0.10624,227.0,0.10625,56.0
1753531770571,12:09:30.571,AEVO/USDT:USDT,0.10623,104.0,0.10612,169.0,0.10624,227.0,0.10625,56.0
1753531770825,12:09:30.825,AEVO/USDT:USDT,0.10623,104.0,0.10612,169.0,0.10624,227.0,0.10625,56.0
1753531771026,12:09:31.026,AEVO/USDT:USDT,0.10623,104.0,0.10612,169.0,0.10624,227.0,0.10625,56.0
1753531771450,12:09:31.450,AEVO/USDT:USDT,0.10623,104.0,0.10612,169.0,0.10624,56.0,0.10625,56.0
1753531771551,12:09:31.551,AEVO/USDT:USDT,0.10623,104.0,0.10612,169.0,0.10624,227.0,0.10625,56.0
1753531771630,12:09:31.630,AEVO/USDT:USDT,0.10623,104.0,0.10612,169.0,0.10624,227.0,0.10625,56.0
1753531771883,12:09:31.883,AEVO/USDT:USDT,0.10623,104.0,0.10612,169.0,0.10624,227.0,0.10625,56.0
1753531772052,12:09:32.052,AEVO/USDT:USDT,0.10612,169.0,0.10611,1.0,0.10624,199.0,0.10625,28.0
1753531772158,12:09:32.158,AEVO/USDT:USDT,0.10612,169.0,0.10611,1.0,0.10624,199.0,0.10625,28.0
1753531772260,12:09:32.260,AEVO/USDT:USDT,0.10612,169.0,0.10611,1.0,0.10624,199.0,0.10625,28.0
1753531772342,12:09:32.342,AEVO/USDT:USDT,0.10612,169.0,0.10611,1.0,0.10624,199.0,0.10625,28.0
1753531772435,12:09:32.435,AEVO/USDT:USDT,0.10612,169.0,0.10611,1.0,0.10624,199.0,0.10625,28.0
1753531772503,12:09:32.503,AEVO/USDT:USDT,0.10612,169.0,0.10611,1.0,0.10624,199.0,0.10625,28.0
1753531772695,12:09:32.695,AEVO/USDT:USDT,0.10612,169.0,0.10611,1.0,0.10624,199.0,0.10625,28.0
1753531772857,12:09:32.857,AEVO/USDT:USDT,0.10612,169.0,0.10611,1.0,0.10624,199.0,0.10625,28.0
1753531772921,12:09:32.921,AEVO/USDT:USDT,0.10612,169.0,0.10611,1.0,0.10624,199.0,0.10625,28.0
1753531773054,12:09:33.054,AEVO/USDT:USDT,0.10612,169.0,0.10611,1.0,0.10624,199.0,0.10625,28.0
1753531773157,12:09:33.157,AEVO/USDT:USDT,0.10611,1.0,0.10608,166.0,0.10624,199.0,0.10625,28.0
1753531773221,12:09:33.221,AEVO/USDT:USDT,0.10611,1.0,0.10608,166.0,0.10624,199.0,0.10625,28.0
1753531773302,12:09:33.302,AEVO/USDT:USDT,0.10612,171.0,0.10611,1.0,0.10624,199.0,0.10625,28.0
1753531773407,12:09:33.407,AEVO/USDT:USDT,0.10611,1.0,0.10608,166.0,0.10624,199.0,0.10625,28.0
1753531773558,12:09:33.558,AEVO/USDT:USDT,0.10612,171.0,0.10611,1.0,0.10624,199.0,0.10625,28.0
1753531773596,12:09:33.596,AEVO/USDT:USDT,0.10612,171.0,0.10611,1.0,0.10624,199.0,0.10625,28.0
1753531773932,12:09:33.932,AEVO/USDT:USDT,0.10612,171.0,0.10611,1.0,0.10624,199.0,0.10625,28.0
1753531774011,12:09:34.011,AEVO/USDT:USDT,0.10612,171.0,0.10611,1.0,0.10624,199.0,0.10625,28.0
1753531774750,12:09:34.750,AEVO/USDT:USDT,0.10612,171.0,0.10611,1.0,0.10624,199.0,0.10625,28.0
1753531774762,12:09:34.762,AEVO/USDT:USDT,0.10612,171.0,0.10611,1.0,0.10624,199.0,0.10625,28.0
1753531774943,12:09:34.943,AEVO/USDT:USDT,0.10612,171.0,0.10611,1.0,0.10624,199.0,0.10625,28.0
1753531775008,12:09:35.008,AEVO/USDT:USDT,0.10612,171.0,0.10611,1.0,0.10624,199.0,0.10625,28.0
1753531775109,12:09:35.109,AEVO/USDT:USDT,0.10612,171.0,0.10611,1.0,0.10624,199.0,0.10625,28.0
1753531776008,12:09:36.008,AEVO/USDT:USDT,0.10612,171.0,0.10611,1.0,0.10624,199.0,0.10625,28.0
1753531776795,12:09:36.795,AEVO/USDT:USDT,0.10612,171.0,0.10611,1.0,0.10624,199.0,0.10625,28.0
1753531776875,12:09:36.875,AEVO/USDT:USDT,0.10612,171.0,0.10611,1.0,0.10624,199.0,0.10625,28.0
1753531777070,12:09:37.070,AEVO/USDT:USDT,0.10612,171.0,0.10611,1.0,0.10624,199.0,0.10625,28.0
1753531777287,12:09:37.287,AEVO/USDT:USDT,0.10612,171.0,0.10611,1.0,0.10624,199.0,0.10625,28.0
1753531778016,12:09:38.016,AEVO/USDT:USDT,0.10612,171.0,0.10611,1.0,0.10624,199.0,0.10625,28.0
1753531778180,12:09:38.180,AEVO/USDT:USDT,0.10612,171.0,0.10611,1.0,0.10623,171.0,0.10624,199.0
1753531778341,12:09:38.341,AEVO/USDT:USDT,0.10612,171.0,0.10611,1.0,0.10623,171.0,0.10624,28.0
1753531778431,12:09:38.431,AEVO/USDT:USDT,0.10612,171.0,0.10611,1.0,0.10623,171.0,0.10624,28.0
1753531778721,12:09:38.721,AEVO/USDT:USDT,0.10612,171.0,0.10611,1.0,0.10623,171.0,0.10624,28.0
1753531778845,12:09:38.845,AEVO/USDT:USDT,0.10612,171.0,0.10611,1.0,0.10623,171.0,0.10624,28.0
1753531779185,12:09:39.185,AEVO/USDT:USDT,0.10612,171.0,0.10611,1.0,0.10623,171.0,0.10624,28.0
1753531779265,12:09:39.265,AEVO/USDT:USDT,0.10612,171.0,0.10611,1.0,0.10623,171.0,0.10624,28.0
1753531779444,12:09:39.444,AEVO/USDT:USDT,0.10614,171.0,0.10613,1880.0,0.10626,173.0,0.10627,90.0
1753531779558,12:09:39.558,AEVO/USDT:USDT,0.10614,171.0,0.10613,1880.0,0.10626,173.0,0.10627,36.0
1753531779631,12:09:39.631,AEVO/USDT:USDT,0.10615,171.0,0.10614,18.0,0.10628,173.0,0.1063,36.0
1753531779728,12:09:39.728,AEVO/USDT:USDT,0.10615,171.0,0.10614,18.0,0.10628,173.0,0.1063,90.0
1753531780087,12:09:40.087,AEVO/USDT:USDT,0.10615,171.0,0.10614,18.0,0.10628,173.0,0.1063,90.0
1753531780244,12:09:40.244,AEVO/USDT:USDT,0.10615,171.0,0.10614,18.0,0.10628,173.0,0.1063,90.0
1753531780506,12:09:40.506,AEVO/USDT:USDT,0.10615,171.0,0.10614,18.0,0.10628,173.0,0.1063,90.0
1753531780958,12:09:40.958,AEVO/USDT:USDT,0.10617,7054.0,0.10616,2825.0,0.10628,173.0,0.1063,90.0
1753531781018,12:09:41.018,AEVO/USDT:USDT,0.10619,168.0,0.10618,2190.0,0.10628,173.0,0.10631,90.0
1753531781109,12:09:41.109,AEVO/USDT:USDT,0.10619,168.0,0.10618,2190.0,0.10634,166.0,0.10635,90.0
1753531781170,12:09:41.170,AEVO/USDT:USDT,0.10619,168.0,0.10618,2190.0,0.10634,166.0,0.10635,90.0
1753531781307,12:09:41.307,AEVO/USDT:USDT,0.10619,168.0,0.10618,2190.0,0.10634,166.0,0.10635,90.0
1753531781892,12:09:41.892,AEVO/USDT:USDT,0.10621,168.0,0.1062,1880.0,0.10634,166.0,0.10635,90.0
1753531782025,12:09:42.025,AEVO/USDT:USDT,0.10621,168.0,0.1062,1880.0,0.10634,166.0,0.10635,90.0
1753531782181,12:09:42.181,AEVO/USDT:USDT,0.10621,168.0,0.1062,1880.0,0.10634,166.0,0.10635,90.0
1753531782286,12:09:42.286,AEVO/USDT:USDT,0.10622,168.0,0.10621,18.0,0.10634,166.0,0.10635,90.0
1753531782378,12:09:42.378,AEVO/USDT:USDT,0.10622,168.0,0.10621,18.0,0.10634,166.0,0.10635,90.0
1753531783007,12:09:43.007,AEVO/USDT:USDT,0.10622,168.0,0.10621,18.0,0.10634,166.0,0.10635,90.0
1753531783448,12:09:43.448,AEVO/USDT:USDT,0.10622,168.0,0.10621,18.0,0.10634,166.0,0.10635,90.0
1753531783517,12:09:43.517,AEVO/USDT:USDT,0.10619,168.0,0.10617,18.0,0.10634,166.0,0.10635,90.0
1753531783737,12:09:43.737,AEVO/USDT:USDT,0.10619,168.0,0.10617,18.0,0.10628,168.0,0.10629,196.0
1753531783863,12:09:43.863,AEVO/USDT:USDT,0.10619,168.0,0.10617,18.0,0.10628,168.0,0.10629,28.0
1753531784242,12:09:44.242,AEVO/USDT:USDT,0.10619,168.0,0.10618,28.0,0.10628,168.0,0.10629,28.0
1753531784453,12:09:44.453,AEVO/USDT:USDT,0.10619,168.0,0.10618,28.0,0.10628,168.0,0.10629,28.0
1753531784528,12:09:44.528,AEVO/USDT:USDT,0.10619,168.0,0.10618,28.0,0.10628,168.0,0.10629,28.0
1753531784747,12:09:44.747,AEVO/USDT:USDT,0.10619,168.0,0.10617,18.0,0.10627,168.0,0.10628,28.0
1753531784793,12:09:44.793,AEVO/USDT:USDT,0.10612,171.0,0.10611,1.0,0.10627,168.0,0.10628,28.0
1753531785548,12:09:45.548,AEVO/USDT:USDT,0.10612,171.0,0.10611,1.0,0.10627,168.0,0.10629,28.0
1753531785572,12:09:45.572,AEVO/USDT:USDT,0.10612,171.0,0.10611,1.0,0.10627,168.0,0.10629,28.0
1753531786179,12:09:46.179,AEVO/USDT:USDT,0.10612,171.0,0.10611,1.0,0.10627,168.0,0.10629,28.0
1753531787006,12:09:47.006,AEVO/USDT:USDT,0.10612,171.0,0.10611,1.0,0.10627,168.0,0.10629,28.0
1753531787500,12:09:47.500,AEVO/USDT:USDT,0.10613,168.0,0.10611,1.0,0.10627,168.0,0.10629,28.0
1753531787707,12:09:47.707,AEVO/USDT:USDT,0.10613,168.0,0.10611,1.0,0.10627,168.0,0.10629,28.0
1753531788568,12:09:48.568,AEVO/USDT:USDT,0.10613,168.0,0.10611,1.0,0.10627,168.0,0.10629,28.0
1753531788889,12:09:48.889,AEVO/USDT:USDT,0.10613,168.0,0.10611,1.0,0.10627,168.0,0.10629,28.0
1753531789328,12:09:49.328,AEVO/USDT:USDT,0.10613,168.0,0.10611,1.0,0.10627,168.0,0.10629,28.0
1753531789573,12:09:49.573,AEVO/USDT:USDT,0.10614,168.0,0.10613,5654.0,0.10627,168.0,0.10629,28.0
1753531789686,12:09:49.686,AEVO/USDT:USDT,0.10615,168.0,0.10614,18.0,0.10627,168.0,0.10629,28.0
1753531789832,12:09:49.832,AEVO/USDT:USDT,0.10615,168.0,0.10611,1.0,0.10627,168.0,0.10629,28.0
1753531790227,12:09:50.227,AEVO/USDT:USDT,0.10618,165.0,0.10617,4900.0,0.10627,168.0,0.1063,90.0
1753531790288,12:09:50.288,AEVO/USDT:USDT,0.10619,165.0,0.10618,18.0,0.10634,166.0,0.10635,90.0
1753531791856,12:09:51.856,AEVO/USDT:USDT,0.10619,165.0,0.10618,18.0,0.10634,166.0,0.10635,90.0
1753531791862,12:09:51.862,AEVO/USDT:USDT,0.10619,165.0,0.10618,18.0,0.10634,166.0,0.10635,90.0
1753531791978,12:09:51.978,AEVO/USDT:USDT,0.10619,165.0,0.10618,18.0,0.10634,166.0,0.10635,90.0
1753531793050,12:09:53.050,AEVO/USDT:USDT,0.10619,165.0,0.10618,18.0,0.10634,166.0,0.10635,90.0
1753531794030,12:09:54.030,AEVO/USDT:USDT,0.10619,165.0,0.10618,18.0,0.10634,166.0,0.10635,90.0
1753531794145,12:09:54.145,AEVO/USDT:USDT,0.10619,165.0,0.10618,18.0,0.10634,166.0,0.10635,90.0
1753531796309,12:09:56.309,AEVO/USDT:USDT,0.10619,165.0,0.10618,18.0,0.10634,166.0,0.10635,90.0
1753531798929,12:09:58.929,AEVO/USDT:USDT,0.10619,165.0,0.10618,18.0,0.10634,166.0,0.10635,90.0
1753531799814,12:09:59.814,AEVO/USDT:USDT,0.10619,165.0,0.10618,18.0,0.10634,166.0,0.10635,90.0
1753531800420,12:10:00.420,AEVO/USDT:USDT,0.10619,165.0,0.10618,18.0,0.10634,166.0,0.10635,90.0
1753531800626,12:10:00.626,AEVO/USDT:USDT,0.10619,165.0,0.10618,18.0,0.10634,166.0,0.10635,90.0
1753531800793,12:10:00.793,AEVO/USDT:USDT,0.10619,165.0,0.10618,18.0,0.10634,166.0,0.10635,90.0
1753531800949,12:10:00.949,AEVO/USDT:USDT,0.10619,165.0,0.10618,18.0,0.10634,166.0,0.10635,90.0
1753531801120,12:10:01.120,AEVO/USDT:USDT,0.10619,165.0,0.10618,18.0,0.10634,166.0,0.10635,90.0
1753531801187,12:10:01.187,AEVO/USDT:USDT,0.10619,165.0,0.10618,18.0,0.10634,166.0,0.10635,90.0
1753531801837,12:10:01.837,AEVO/USDT:USDT,0.10619,165.0,0.10618,18.0,0.10634,166.0,0.10635,90.0
1753531801913,12:10:01.913,AEVO/USDT:USDT,0.10619,165.0,0.10618,18.0,0.10634,166.0,0.10636,90.0
1753531802004,12:10:02.004,AEVO/USDT:USDT,0.10619,165.0,0.10618,18.0,0.10634,166.0,0.10636,90.0
1753531802709,12:10:02.709,AEVO/USDT:USDT,0.10619,165.0,0.10618,18.0,0.10634,166.0,0.10636,90.0
1753531802995,12:10:02.995,AEVO/USDT:USDT,0.10619,165.0,0.10618,18.0,0.10634,166.0,0.10636,90.0
1753531803728,12:10:03.728,AEVO/USDT:USDT,0.10619,165.0,0.10618,18.0,0.10634,166.0,0.10636,90.0
1753531804266,12:10:04.266,AEVO/USDT:USDT,0.10619,165.0,0.10618,18.0,0.10634,166.0,0.10636,90.0
1753531805652,12:10:05.652,AEVO/USDT:USDT,0.10619,165.0,0.10618,18.0,0.10634,166.0,0.10636,90.0
1753531805684,12:10:05.684,AEVO/USDT:USDT,0.10619,165.0,0.10618,18.0,0.10634,166.0,0.10636,90.0
1753531806960,12:10:06.960,AEVO/USDT:USDT,0.10619,165.0,0.10618,18.0,0.10634,166.0,0.10636,90.0
1753531806963,12:10:06.963,AEVO/USDT:USDT,0.10619,165.0,0.10618,18.0,0.10634,166.0,0.10636,90.0
1753531808529,12:10:08.529,AEVO/USDT:USDT,0.10619,165.0,0.10618,18.0,0.10634,166.0,0.10636,90.0
1753531809141,12:10:09.141,AEVO/USDT:USDT,0.10619,165.0,0.10618,18.0,0.10634,166.0,0.10636,90.0
1753531809657,12:10:09.657,AEVO/USDT:USDT,0.10619,165.0,0.10618,18.0,0.10634,166.0,0.10636,90.0
1753531810663,12:10:10.663,AEVO/USDT:USDT,0.10619,165.0,0.10618,18.0,0.10634,166.0,0.10636,90.0
1753531811235,12:10:11.235,AEVO/USDT:USDT,0.10619,165.0,0.10618,18.0,0.10634,166.0,0.10636,90.0
1753531812004,12:10:12.004,AEVO/USDT:USDT,0.10619,165.0,0.10618,18.0,0.10634,166.0,0.10636,90.0
1753531812746,12:10:12.746,AEVO/USDT:USDT,0.1062,169.0,0.10619,5650.0,0.10634,166.0,0.10636,90.0
1753531812780,12:10:12.780,AEVO/USDT:USDT,0.10621,169.0,0.1062,18.0,0.10634,166.0,0.10636,90.0
1753531812948,12:10:12.948,AEVO/USDT:USDT,0.10621,169.0,0.10618,18.0,0.10634,166.0,0.10636,90.0
1753531813259,12:10:13.259,AEVO/USDT:USDT,0.10621,169.0,0.10618,18.0,0.10634,166.0,0.10636,90.0
1753531813329,12:10:13.329,AEVO/USDT:USDT,0.10621,169.0,0.10618,18.0,0.10634,166.0,0.10636,90.0
1753531814011,12:10:14.011,AEVO/USDT:USDT,0.10621,169.0,0.10618,18.0,0.10634,166.0,0.10636,90.0
1753531814852,12:10:14.852,AEVO/USDT:USDT,0.10621,169.0,0.10618,18.0,0.10634,166.0,0.10636,90.0
1753531814909,12:10:14.909,AEVO/USDT:USDT,0.10621,169.0,0.10618,18.0,0.10634,166.0,0.10636,90.0
1753531818045,12:10:18.045,AEVO/USDT:USDT,0.10621,169.0,0.10618,18.0,0.10634,166.0,0.10636,90.0
1753531818128,12:10:18.128,AEVO/USDT:USDT,0.10621,169.0,0.10618,18.0,0.10634,166.0,0.10636,90.0
1753531818866,12:10:18.866,AEVO/USDT:USDT,0.10621,169.0,0.10618,18.0,0.10634,166.0,0.10636,90.0
1753531820047,12:10:20.047,AEVO/USDT:USDT,0.10621,169.0,0.10618,18.0,0.10634,166.0,0.10636,90.0
1753531820892,12:10:20.892,AEVO/USDT:USDT,0.10621,169.0,0.10618,18.0,0.10634,166.0,0.10636,90.0
1753531820983,12:10:20.983,AEVO/USDT:USDT,0.10621,169.0,0.10618,18.0,0.10634,166.0,0.10636,90.0
1753531821868,12:10:21.868,AEVO/USDT:USDT,0.10621,169.0,0.10618,18.0,0.10634,166.0,0.10636,90.0
1753531822946,12:10:22.946,AEVO/USDT:USDT,0.10621,169.0,0.10618,18.0,0.10634,166.0,0.10636,90.0
1753531824074,12:10:24.074,AEVO/USDT:USDT,0.10621,169.0,0.10618,18.0,0.10634,166.0,0.10636,90.0
1753531826149,12:10:26.149,AEVO/USDT:USDT,0.10621,169.0,0.10618,18.0,0.10634,166.0,0.10636,90.0
1753531827729,12:10:27.729,AEVO/USDT:USDT,0.10621,169.0,0.10618,18.0,0.10634,166.0,0.10636,90.0
1753531828181,12:10:28.181,AEVO/USDT:USDT,0.10621,169.0,0.10618,18.0,0.10634,166.0,0.10636,90.0
1753531829002,12:10:29.002,AEVO/USDT:USDT,0.10621,169.0,0.10618,18.0,0.10634,166.0,0.10636,90.0
1753531829213,12:10:29.213,AEVO/USDT:USDT,0.10621,169.0,0.10618,18.0,0.10636,259.0,0.10637,2052.0
1753531829341,12:10:29.341,AEVO/USDT:USDT,0.10623,169.0,0.10622,18.0,0.10636,259.0,0.10637,1880.0
1753531829420,12:10:29.420,AEVO/USDT:USDT,0.10625,169.0,0.10624,18.0,0.10636,259.0,0.10637,1880.0
1753531829488,12:10:29.488,AEVO/USDT:USDT,0.10627,169.0,0.10626,18.0,0.10636,329.0,0.10637,1880.0
1753531829590,12:10:29.590,AEVO/USDT:USDT,0.10629,169.0,0.10628,18.0,0.10636,329.0,0.10637,1880.0
1753531829675,12:10:29.675,AEVO/USDT:USDT,0.1063,18.0,0.10629,169.0,0.10636,329.0,0.10637,1880.0
1753531829844,12:10:29.844,AEVO/USDT:USDT,0.1063,18.0,0.10629,169.0,0.10636,329.0,0.10637,1880.0
1753531829958,12:10:29.958,AEVO/USDT:USDT,0.1063,187.0,0.10625,169.0,0.10636,329.0,0.10637,1880.0
1753531830039,12:10:30.039,AEVO/USDT:USDT,0.1063,18.0,0.10625,169.0,0.10636,329.0,0.10637,1880.0
1753531830086,12:10:30.086,AEVO/USDT:USDT,0.10627,166.0,0.10626,18.0,0.10636,329.0,0.10637,1880.0
1753531830260,12:10:30.260,AEVO/USDT:USDT,0.10629,166.0,0.10628,18.0,0.10636,329.0,0.10637,1880.0
1753531830271,12:10:30.271,AEVO/USDT:USDT,0.1063,18.0,0.10629,166.0,0.10636,329.0,0.10637,1880.0
1753531830513,12:10:30.513,AEVO/USDT:USDT,0.1063,18.0,0.10627,166.0,0.10636,329.0,0.10637,1880.0
1753531830590,12:10:30.590,AEVO/USDT:USDT,0.10629,166.0,0.10628,18.0,0.10636,329.0,0.10637,1880.0
1753531830678,12:10:30.678,AEVO/USDT:USDT,0.1063,18.0,0.10629,45328.0,0.10636,329.0,0.10637,1880.0
1753531830955,12:10:30.955,AEVO/USDT:USDT,0.10631,166.0,0.1063,18.0,0.10636,294.0,0.10637,1880.0
1753531831037,12:10:31.037,AEVO/USDT:USDT,0.10632,18.0,0.1063,166.0,0.10636,294.0,0.10637,1880.0
1753531831114,12:10:31.114,AEVO/USDT:USDT,0.10631,18.0,0.10629,45162.0,0.10636,294.0,0.10637,1880.0
1753531831176,12:10:31.176,AEVO/USDT:USDT,0.1063,18.0,0.10629,45162.0,0.10636,294.0,0.10637,1880.0
1753531831453,12:10:31.453,AEVO/USDT:USDT,0.1063,184.0,0.10629,45162.0,0.10636,294.0,0.10637,1880.0
1753531831492,12:10:31.492,AEVO/USDT:USDT,0.1063,184.0,0.10629,45162.0,0.10636,294.0,0.10637,1880.0
1753531831853,12:10:31.853,AEVO/USDT:USDT,0.1063,18.0,0.10629,45162.0,0.10636,294.0,0.10637,1880.0
1753531831905,12:10:31.905,AEVO/USDT:USDT,0.1063,184.0,0.10629,45162.0,0.10636,294.0,0.10637,1880.0
1753531832185,12:10:32.185,AEVO/USDT:USDT,0.1063,18.0,0.10629,45162.0,0.10636,294.0,0.10637,1880.0
1753531832312,12:10:32.312,AEVO/USDT:USDT,0.1063,18.0,0.10629,45162.0,0.10636,294.0,0.10637,1880.0
1753531832373,12:10:32.373,AEVO/USDT:USDT,0.1063,184.0,0.10629,45162.0,0.10636,294.0,0.10637,1880.0
1753531832545,12:10:32.545,AEVO/USDT:USDT,0.1063,184.0,0.10629,45162.0,0.10636,294.0,0.10637,1880.0
1753531832648,12:10:32.648,AEVO/USDT:USDT,0.1063,184.0,0.10629,45162.0,0.10636,294.0,0.10637,1880.0
1753531833059,12:10:33.059,AEVO/USDT:USDT,0.1063,18.0,0.10629,45162.0,0.10636,294.0,0.10637,1880.0
1753531833223,12:10:33.223,AEVO/USDT:USDT,0.1063,184.0,0.10629,45162.0,0.10636,294.0,0.10637,1880.0
1753531833443,12:10:33.443,AEVO/USDT:USDT,0.1063,184.0,0.10629,45162.0,0.10636,294.0,0.10637,1880.0
1753531833513,12:10:33.513,AEVO/USDT:USDT,0.1063,18.0,0.10629,45162.0,0.10636,294.0,0.10637,1880.0
1753531833933,12:10:33.933,AEVO/USDT:USDT,0.1063,18.0,0.10629,45162.0,0.10636,294.0,0.10637,1880.0
1753531834020,12:10:34.020,AEVO/USDT:USDT,0.1063,18.0,0.10629,45162.0,0.10636,294.0,0.10637,1880.0
1753531834159,12:10:34.159,AEVO/USDT:USDT,0.1063,184.0,0.10629,45162.0,0.10636,294.0,0.10637,1880.0
1753531834184,12:10:34.184,AEVO/USDT:USDT,0.1063,18.0,0.10629,45162.0,0.10636,294.0,0.10637,1880.0
1753531834787,12:10:34.787,AEVO/USDT:USDT,0.1063,18.0,0.10629,45162.0,0.10636,294.0,0.10637,1880.0
1753531835149,12:10:35.149,AEVO/USDT:USDT,0.1063,18.0,0.10629,45162.0,0.10636,294.0,0.10637,1880.0
1753531835962,12:10:35.962,AEVO/USDT:USDT,0.1063,18.0,0.10629,45162.0,0.10636,294.0,0.10637,1880.0
1753531836953,12:10:36.953,AEVO/USDT:USDT,0.1063,18.0,0.10629,45162.0,0.10636,294.0,0.10637,1880.0
1753531837191,12:10:37.191,AEVO/USDT:USDT,0.1063,18.0,0.10629,45162.0,0.10636,329.0,0.10637,1880.0
1753531837329,12:10:37.329,AEVO/USDT:USDT,0.1063,18.0,0.10629,45162.0,0.10636,329.0,0.10637,1880.0
1753531837435,12:10:37.435,AEVO/USDT:USDT,0.1063,18.0,0.10629,45162.0,0.10636,329.0,0.10637,1880.0
1753531837846,12:10:37.846,AEVO/USDT:USDT,0.1063,18.0,0.10629,45162.0,0.10636,329.0,0.10637,1880.0
1753531839004,12:10:39.004,AEVO/USDT:USDT,0.1063,18.0,0.10629,45162.0,0.10636,329.0,0.10637,1880.0
1753531839130,12:10:39.130,AEVO/USDT:USDT,0.1063,18.0,0.10629,45162.0,0.10636,329.0,0.10637,1880.0
1753531839219,12:10:39.219,AEVO/USDT:USDT,0.1063,18.0,0.10629,45162.0,0.10636,329.0,0.10637,1880.0
1753531839463,12:10:39.463,AEVO/USDT:USDT,0.10629,24432.0,0.10621,169.0,0.10635,7054.0,0.10636,329.0
1753531839530,12:10:39.530,AEVO/USDT:USDT,0.1063,18.0,0.10629,24432.0,0.10634,2186.0,0.10635,7124.0
1753531839653,12:10:39.653,AEVO/USDT:USDT,0.10629,24432.0,0.10621,169.0,0.10634,2186.0,0.10635,7124.0
1753531839748,12:10:39.748,AEVO/USDT:USDT,0.10629,16797.0,0.10621,169.0,0.10634,2186.0,0.10635,7124.0
1753531839766,12:10:39.766,AEVO/USDT:USDT,0.10629,16797.0,0.10621,169.0,0.10634,2186.0,0.10635,7124.0
1753531839878,12:10:39.878,AEVO/USDT:USDT,0.10629,9447.0,0.10621,169.0,0.10634,2186.0,0.10635,7124.0
1753531840059,12:10:40.059,AEVO/USDT:USDT,0.10629,9447.0,0.10621,169.0,0.10634,2186.0,0.10635,7124.0
1753531840470,12:10:40.470,AEVO/USDT:USDT,0.10629,9447.0,0.10621,169.0,0.10634,2186.0,0.10635,7124.0
1753531840841,12:10:40.841,AEVO/USDT:USDT,0.10629,9447.0,0.10621,169.0,0.10634,2420.0,0.10635,7124.0
1753531840866,12:10:40.866,AEVO/USDT:USDT,0.10629,9447.0,0.10621,169.0,0.10634,2186.0,0.10635,7124.0
1753531841054,12:10:41.054,AEVO/USDT:USDT,0.10629,9447.0,0.10621,169.0,0.10634,2186.0,0.10635,7124.0
1753531841244,12:10:41.244,AEVO/USDT:USDT,0.10629,9447.0,0.10615,168.0,0.10634,2186.0,0.10635,7124.0
1753531841287,12:10:41.287,AEVO/USDT:USDT,0.10629,9447.0,0.10615,168.0,0.10634,2186.0,0.10635,7124.0
1753531841660,12:10:41.660,AEVO/USDT:USDT,0.10629,9447.0,0.10615,168.0,0.10634,2186.0,0.10635,7124.0
1753531841745,12:10:41.745,AEVO/USDT:USDT,0.10629,9447.0,0.10615,168.0,0.10634,2151.0,0.10635,7054.0
1753531841776,12:10:41.776,AEVO/USDT:USDT,0.10629,9447.0,0.10615,168.0,0.10634,2151.0,0.10635,7054.0
1753531842145,12:10:42.145,AEVO/USDT:USDT,0.10629,9447.0,0.10615,168.0,0.10634,2151.0,0.10635,7054.0
1753531842436,12:10:42.436,AEVO/USDT:USDT,0.10629,9447.0,0.10615,168.0,0.10634,2186.0,0.10635,7054.0
1753531842924,12:10:42.924,AEVO/USDT:USDT,0.10629,9447.0,0.10615,168.0,0.10634,2186.0,0.10635,7054.0
1753531843407,12:10:43.407,AEVO/USDT:USDT,0.10629,9447.0,0.10615,168.0,0.10634,2186.0,0.10635,7054.0
1753531844143,12:10:44.143,AEVO/USDT:USDT,0.10629,9447.0,0.10615,168.0,0.10634,2186.0,0.10635,7054.0
1753531844551,12:10:44.551,AEVO/USDT:USDT,0.10629,9482.0,0.10615,168.0,0.10634,172.0,0.10635,35.0
1753531844581,12:10:44.581,AEVO/USDT:USDT,0.10629,9482.0,0.10615,168.0,0.10634,172.0,0.10635,35.0
1753531844701,12:10:44.701,AEVO/USDT:USDT,0.10629,9482.0,0.10615,168.0,0.10639,165.0,0.10643,4584.0
1753531844766,12:10:44.766,AEVO/USDT:USDT,0.10629,9482.0,0.10615,168.0,0.10639,166.0,0.10643,4584.0
1753531844963,12:10:44.963,AEVO/USDT:USDT,0.10629,9482.0,0.10615,168.0,0.10639,166.0,0.10643,4584.0
1753531845007,12:10:45.007,AEVO/USDT:USDT,0.10629,9482.0,0.10615,168.0,0.10639,166.0,0.10643,4584.0
1753531845374,12:10:45.374,AEVO/USDT:USDT,0.1063,172.0,0.10629,9482.0,0.10639,166.0,0.10643,4584.0
1753531845891,12:10:45.891,AEVO/USDT:USDT,0.1063,172.0,0.10629,9482.0,0.10639,165.0,0.10643,4584.0
1753531846130,12:10:46.130,AEVO/USDT:USDT,0.1063,172.0,0.10629,9482.0,0.10639,380.0,0.10643,4584.0
1753531846239,12:10:46.239,AEVO/USDT:USDT,0.1063,172.0,0.10629,9482.0,0.10639,165.0,0.10643,4584.0
1753531846264,12:10:46.264,AEVO/USDT:USDT,0.1063,172.0,0.10629,9482.0,0.10639,165.0,0.10643,4584.0
1753531846787,12:10:46.787,AEVO/USDT:USDT,0.1063,172.0,0.10629,9482.0,0.10639,165.0,0.10643,4584.0
1753531846930,12:10:46.930,AEVO/USDT:USDT,0.1063,172.0,0.10629,9482.0,0.10639,165.0,0.10643,4584.0
1753531846991,12:10:46.991,AEVO/USDT:USDT,0.1063,172.0,0.10629,9482.0,0.10639,165.0,0.10643,4584.0
1753531847681,12:10:47.681,AEVO/USDT:USDT,0.1063,172.0,0.10629,9482.0,0.10639,165.0,0.10643,4584.0
1753531847942,12:10:47.942,AEVO/USDT:USDT,0.1063,172.0,0.10629,9482.0,0.10639,165.0,0.10643,4584.0
1753531848003,12:10:48.003,AEVO/USDT:USDT,0.1063,172.0,0.10629,9482.0,0.10639,165.0,0.10643,4584.0
1753531848304,12:10:48.304,AEVO/USDT:USDT,0.1063,172.0,0.10629,9482.0,0.10639,165.0,0.10643,4584.0
1753531848451,12:10:48.451,AEVO/USDT:USDT,0.1063,172.0,0.10629,9482.0,0.10639,165.0,0.10643,4584.0
1753531849020,12:10:49.020,AEVO/USDT:USDT,0.1063,172.0,0.10629,9482.0,0.10639,165.0,0.10643,4584.0
1753531851041,12:10:51.041,AEVO/USDT:USDT,0.1063,172.0,0.10629,9482.0,0.10639,165.0,0.10643,4584.0
1753531851730,12:10:51.730,AEVO/USDT:USDT,0.1063,172.0,0.10629,9482.0,0.10639,165.0,0.10643,4584.0
1753531851889,12:10:51.889,AEVO/USDT:USDT,0.1063,172.0,0.10629,9482.0,0.10639,165.0,0.10643,4584.0
1753531852261,12:10:52.261,AEVO/USDT:USDT,0.1063,172.0,0.10629,9482.0,0.10639,165.0,0.10643,4584.0
1753531854294,12:10:54.294,AEVO/USDT:USDT,0.1063,172.0,0.10629,9482.0,0.10639,165.0,0.10643,4584.0
1753531854470,12:10:54.470,AEVO/USDT:USDT,0.1063,172.0,0.10629,9482.0,0.10639,165.0,0.10643,4584.0
1753531855104,12:10:55.104,AEVO/USDT:USDT,0.1063,172.0,0.10629,9482.0,0.10639,165.0,0.10643,4584.0
1753531856325,12:10:56.325,AEVO/USDT:USDT,0.1063,172.0,0.10629,9482.0,0.10639,165.0,0.10643,4584.0
1753531856529,12:10:56.529,AEVO/USDT:USDT,0.1063,172.0,0.10629,9482.0,0.10639,165.0,0.10643,4584.0
1753531857061,12:10:57.061,AEVO/USDT:USDT,0.10631,167.0,0.1063,1880.0,0.10641,167.0,0.10644,100.0
1753531857144,12:10:57.144,AEVO/USDT:USDT,0.10631,167.0,0.1063,4714.0,0.10641,167.0,0.10646,1627.0
1753531857186,12:10:57.186,AEVO/USDT:USDT,0.10631,167.0,0.1063,4714.0,0.10641,167.0,0.10646,8121.0
1753531857271,12:10:57.271,AEVO/USDT:USDT,0.10631,167.0,0.1063,4714.0,0.10641,167.0,0.10645,7054.0
1753531857371,12:10:57.371,AEVO/USDT:USDT,0.10631,167.0,0.1063,4714.0,0.10641,167.0,0.10645,7054.0
1753531857575,12:10:57.575,AEVO/USDT:USDT,0.10631,167.0,0.1063,4714.0,0.10641,167.0,0.10645,7054.0
1753531857845,12:10:57.845,AEVO/USDT:USDT,0.10631,167.0,0.1063,4714.0,0.10641,167.0,0.10645,7054.0
1753531858004,12:10:58.004,AEVO/USDT:USDT,0.10631,167.0,0.1063,4714.0,0.10641,167.0,0.10645,7054.0
1753531858279,12:10:58.279,AEVO/USDT:USDT,0.10631,167.0,0.1063,4714.0,0.10641,167.0,0.10645,7054.0
1753531858728,12:10:58.728,AEVO/USDT:USDT,0.10631,167.0,0.1063,1880.0,0.10641,167.0,0.10645,7054.0
1753531858806,12:10:58.806,AEVO/USDT:USDT,0.10631,167.0,0.1063,1880.0,0.10641,167.0,0.10645,7054.0
1753531859083,12:10:59.083,AEVO/USDT:USDT,0.10631,167.0,0.1063,1880.0,0.10641,167.0,0.10645,7054.0
1753531860586,12:11:00.586,AEVO/USDT:USDT,0.10631,167.0,0.1062,1880.0,0.10641,167.0,0.10644,2116.0
1753531860760,12:11:00.760,AEVO/USDT:USDT,0.10632,171.0,0.10631,27304.0,0.10641,167.0,0.10644,2116.0
1753531860829,12:11:00.829,AEVO/USDT:USDT,0.10632,171.0,0.10631,27304.0,0.10641,167.0,0.10644,2116.0
1753531861007,12:11:01.007,AEVO/USDT:USDT,0.10632,171.0,0.10631,27304.0,0.10641,167.0,0.10644,2116.0
1753531861331,12:11:01.331,AEVO/USDT:USDT,0.10632,171.0,0.10631,27304.0,0.10641,167.0,0.10644,2116.0
1753531861679,12:11:01.679,AEVO/USDT:USDT,0.10632,171.0,0.10631,27304.0,0.10641,167.0,0.10644,2116.0
1753531862058,12:11:02.058,AEVO/USDT:USDT,0.10635,171.0,0.10634,35.0,0.10641,237.0,0.10644,2116.0
1753531862187,12:11:02.187,AEVO/USDT:USDT,0.10635,171.0,0.10634,35.0,0.10641,237.0,0.10644,2116.0
1753531862436,12:11:02.436,AEVO/USDT:USDT,0.10635,171.0,0.10634,35.0,0.10641,237.0,0.10644,2116.0
1753531862544,12:11:02.544,AEVO/USDT:USDT,0.10635,171.0,0.10634,35.0,0.10641,237.0,0.10644,2116.0
1753531862725,12:11:02.725,AEVO/USDT:USDT,0.10635,171.0,0.10632,1880.0,0.10641,237.0,0.10644,2116.0
1753531862899,12:11:02.899,AEVO/USDT:USDT,0.10635,171.0,0.10632,1880.0,0.10641,237.0,0.10644,2116.0
1753531863913,12:11:03.913,AEVO/USDT:USDT,0.10635,171.0,0.10632,1880.0,0.10641,237.0,0.10644,2116.0
1753531864164,12:11:04.164,AEVO/USDT:USDT,0.10635,171.0,0.10632,1880.0,0.10641,237.0,0.10644,2116.0
1753531864545,12:11:04.545,AEVO/USDT:USDT,0.10635,171.0,0.10632,1880.0,0.10641,70.0,0.10644,2116.0
1753531864659,12:11:04.659,AEVO/USDT:USDT,0.10635,171.0,0.10632,1880.0,0.10641,70.0,0.10644,2116.0
1753531864752,12:11:04.752,AEVO/USDT:USDT,0.10636,171.0,0.10635,27510.0,0.10644,2116.0,0.10645,7054.0
1753531864825,12:11:04.825,AEVO/USDT:USDT,0.10636,171.0,0.10635,27510.0,0.10644,2116.0,0.10645,7054.0
1753531864885,12:11:04.885,AEVO/USDT:USDT,0.10636,171.0,0.10635,27339.0,0.10644,2116.0,0.10645,7054.0
1753531865265,12:11:05.265,AEVO/USDT:USDT,0.10636,171.0,0.10635,27339.0,0.10644,2151.0,0.10645,7054.0
1753531865746,12:11:05.746,AEVO/USDT:USDT,0.10636,171.0,0.10635,27339.0,0.10644,2151.0,0.10645,7054.0
1753531866130,12:11:06.130,AEVO/USDT:USDT,0.10636,171.0,0.10635,27339.0,0.10644,2151.0,0.10645,7054.0
1753531866826,12:11:06.826,AEVO/USDT:USDT,0.10641,1.0,0.10636,171.0,0.10644,2186.0,0.10645,7089.0
1753531866916,12:11:06.916,AEVO/USDT:USDT,0.10636,171.0,0.10635,27304.0,0.10644,2186.0,0.10645,7089.0
1753531866983,12:11:06.983,AEVO/USDT:USDT,0.10636,171.0,0.10635,27304.0,0.10644,2186.0,0.10645,7089.0
1753531867496,12:11:07.496,AEVO/USDT:USDT,0.10636,171.0,0.10635,27304.0,0.10644,2186.0,0.10645,7089.0
1753531868204,12:11:08.204,AEVO/USDT:USDT,0.10636,171.0,0.10635,27304.0,0.10644,2186.0,0.10645,7089.0
1753531868526,12:11:08.526,AEVO/USDT:USDT,0.10636,171.0,0.10635,27304.0,0.10644,2186.0,0.10645,7089.0
1753531868618,12:11:08.618,AEVO/USDT:USDT,0.10636,171.0,0.10635,27304.0,0.10644,2186.0,0.10645,7089.0
1753531868825,12:11:08.825,AEVO/USDT:USDT,0.10636,171.0,0.10635,27304.0,0.10644,2186.0,0.10645,7089.0
1753531868904,12:11:08.904,AEVO/USDT:USDT,0.10636,171.0,0.10635,27304.0,0.10644,2186.0,0.10645,7089.0
1753531870237,12:11:10.237,AEVO/USDT:USDT,0.10636,171.0,0.10635,27304.0,0.10644,2186.0,0.10645,7089.0
1753531870930,12:11:10.930,AEVO/USDT:USDT,0.10636,171.0,0.10635,27304.0,0.10644,2186.0,0.10645,7089.0
1753531871057,12:11:11.057,AEVO/USDT:USDT,0.10636,171.0,0.10635,27304.0,0.10644,2186.0,0.10645,7089.0
1753531871379,12:11:11.379,AEVO/USDT:USDT,0.10636,171.0,0.10635,27304.0,0.10644,2186.0,0.10645,7089.0
1753531872094,12:11:12.094,AEVO/USDT:USDT,0.10636,171.0,0.10635,27304.0,0.10644,2186.0,0.10645,7089.0
1753531872313,12:11:12.313,AEVO/USDT:USDT,0.10636,171.0,0.10635,27304.0,0.10644,239.0,0.10645,35.0
1753531872759,12:11:12.759,AEVO/USDT:USDT,0.10636,171.0,0.10635,27304.0,0.10644,239.0,0.10645,35.0
1753531872781,12:11:12.781,AEVO/USDT:USDT,0.10636,171.0,0.10635,27304.0,0.10644,239.0,0.10645,35.0
1753531873101,12:11:13.101,AEVO/USDT:USDT,0.10636,171.0,0.10635,27304.0,0.10644,239.0,0.10645,35.0
1753531873369,12:11:13.369,AEVO/USDT:USDT,0.10636,171.0,0.10635,27304.0,0.10644,239.0,0.10645,35.0
1753531873632,12:11:13.632,AEVO/USDT:USDT,0.10636,171.0,0.10635,27304.0,0.10646,4614.0,0.10647,15380.0
1753531873703,12:11:13.703,AEVO/USDT:USDT,0.10637,169.0,0.10635,27304.0,0.10645,269.0,0.10646,4614.0
1753531873917,12:11:13.917,AEVO/USDT:USDT,0.10637,169.0,0.10635,27304.0,0.10645,269.0,0.10646,4614.0
1753531874003,12:11:14.003,AEVO/USDT:USDT,0.10637,169.0,0.10635,27304.0,0.10645,269.0,0.10646,4614.0
1753531874333,12:11:14.333,AEVO/USDT:USDT,0.10637,169.0,0.10635,27304.0,0.10645,269.0,0.10646,4614.0
1753531874383,12:11:14.383,AEVO/USDT:USDT,0.10637,169.0,0.10635,27304.0,0.10645,269.0,0.10646,4614.0
1753531874559,12:11:14.559,AEVO/USDT:USDT,0.10637,169.0,0.10635,27304.0,0.10645,269.0,0.10646,4614.0
1753531874749,12:11:14.749,AEVO/USDT:USDT,0.10634,171.0,0.10632,2049.0,0.10645,269.0,0.10646,4614.0
1753531874828,12:11:14.828,AEVO/USDT:USDT,0.10634,171.0,0.10632,2049.0,0.10645,269.0,0.10646,4614.0
1753531875044,12:11:15.044,AEVO/USDT:USDT,0.10634,171.0,0.10632,2049.0,0.10645,269.0,0.10646,4614.0
1753531875731,12:11:15.731,AEVO/USDT:USDT,0.10634,171.0,0.10632,2049.0,0.10645,269.0,0.10646,4614.0
1753531876206,12:11:16.206,AEVO/USDT:USDT,0.10634,171.0,0.10632,2049.0,0.10645,269.0,0.10646,4614.0
1753531876360,12:11:16.360,AEVO/USDT:USDT,0.10634,171.0,0.10632,2049.0,0.10645,269.0,0.10646,4614.0
1753531876366,12:11:16.366,AEVO/USDT:USDT,0.10634,171.0,0.10632,2049.0,0.10645,269.0,0.10646,4614.0
1753531877177,12:11:17.177,AEVO/USDT:USDT,0.10634,171.0,0.10632,2049.0,0.10645,269.0,0.10646,4614.0
1753531877276,12:11:17.276,AEVO/USDT:USDT,0.10634,171.0,0.10632,2049.0,0.10645,269.0,0.10646,4614.0
1753531877782,12:11:17.782,AEVO/USDT:USDT,0.10634,171.0,0.10632,2049.0,0.10645,269.0,0.10646,4614.0
1753531877996,12:11:17.996,AEVO/USDT:USDT,0.10634,171.0,0.10632,2049.0,0.10645,269.0,0.10646,4614.0
1753531879025,12:11:19.025,AEVO/USDT:USDT,0.10634,171.0,0.10632,2049.0,0.10644,2197.0,0.10645,7323.0
1753531879162,12:11:19.162,AEVO/USDT:USDT,0.10634,171.0,0.10632,2049.0,0.10643,269.0,0.10644,2197.0
1753531879219,12:11:19.219,AEVO/USDT:USDT,0.10634,171.0,0.10632,2049.0,0.10643,269.0,0.10644,2197.0
1753531879627,12:11:19.627,AEVO/USDT:USDT,0.10634,171.0,0.10632,2049.0,0.10643,269.0,0.10644,2197.0
1753531880039,12:11:20.039,AEVO/USDT:USDT,0.10634,171.0,0.10632,2049.0,0.10643,269.0,0.10644,2197.0
1753531880453,12:11:20.453,AEVO/USDT:USDT,0.10634,171.0,0.10632,2049.0,0.10643,269.0,0.10644,2197.0
1753531880530,12:11:20.530,AEVO/USDT:USDT,0.10634,171.0,0.10632,2049.0,0.10643,269.0,0.10644,2197.0
1753531880758,12:11:20.758,AEVO/USDT:USDT,0.10635,171.0,0.10634,27304.0,0.10643,269.0,0.10644,2197.0
1753531880821,12:11:20.821,AEVO/USDT:USDT,0.10635,171.0,0.10634,27304.0,0.10643,339.0,0.10644,2197.0
1753531880867,12:11:20.867,AEVO/USDT:USDT,0.10635,171.0,0.10634,27304.0,0.10643,339.0,0.10644,2197.0
