timestamp,time,symbol,bid1_price,bid1_volume,bid2_price,bid2_volume,ask1_price,ask1_volume,ask2_price,ask2_volume
1753520626000,09:03:46.000,A/USDT:USDT,0.5759,260.0,0.5758,2440.0,0.5762,289.0,0.5763,591.0
1753520628576,09:03:48.576,A/USDT:USDT,0.5759,260.0,0.5758,2440.0,0.5762,289.0,0.5763,591.0
1753520633375,09:03:53.375,A/USDT:USDT,0.5759,260.0,0.5758,2440.0,0.5762,289.0,0.5763,591.0
1753520637363,09:03:57.363,A/USDT:USDT,0.5759,260.0,0.5758,2440.0,0.5761,321.0,0.5762,260.0
1753520637447,09:03:57.447,A/USDT:USDT,0.5759,260.0,0.5758,2440.0,0.5761,10.0,0.5762,581.0
1753520637862,09:03:57.862,A/USDT:USDT,0.5759,260.0,0.5758,2440.0,0.5762,260.0,0.5763,592.0
1753520638000,09:03:58.000,A/USDT:USDT,0.5759,260.0,0.5758,2440.0,0.5762,260.0,0.5763,592.0
1753520638178,09:03:58.178,A/USDT:USDT,0.5759,260.0,0.5758,2440.0,0.5762,260.0,0.5763,592.0
1753520640707,09:04:00.707,A/USDT:USDT,0.5759,260.0,0.5758,2440.0,0.5762,260.0,0.5763,592.0
1753520640827,09:04:00.827,A/USDT:USDT,0.5759,260.0,0.5758,2440.0,0.5762,260.0,0.5763,592.0
1753520641543,09:04:01.543,A/USDT:USDT,0.5759,260.0,0.5758,1674.0,0.5762,260.0,0.5763,592.0
1753520641662,09:04:01.662,A/USDT:USDT,0.5759,260.0,0.5758,1674.0,0.5763,271.0,0.5764,1384.0
1753520641862,09:04:01.862,A/USDT:USDT,0.5759,260.0,0.5758,1674.0,0.5761,87.0,0.5762,426.0
1753520641987,09:04:01.987,A/USDT:USDT,0.5759,260.0,0.5758,1674.0,0.5761,87.0,0.5762,747.0
1753520642092,09:04:02.092,A/USDT:USDT,0.5759,260.0,0.5758,1674.0,0.5761,87.0,0.5762,747.0
1753520642979,09:04:02.979,A/USDT:USDT,0.5759,260.0,0.5758,1674.0,0.5761,87.0,0.5762,747.0
1753520643256,09:04:03.256,A/USDT:USDT,0.5759,260.0,0.5758,1674.0,0.5761,87.0,0.5762,747.0
1753520643770,09:04:03.770,A/USDT:USDT,0.5759,265.0,0.5758,1674.0,0.5761,87.0,0.5762,747.0
1753520644222,09:04:04.222,A/USDT:USDT,0.5759,260.0,0.5758,1674.0,0.5761,87.0,0.5762,747.0
1753520644617,09:04:04.617,A/USDT:USDT,0.5759,265.0,0.5758,1674.0,0.5761,87.0,0.5762,747.0
1753520645308,09:04:05.308,A/USDT:USDT,0.5759,260.0,0.5758,1674.0,0.5761,87.0,0.5762,579.0
1753520645725,09:04:05.725,A/USDT:USDT,0.5759,265.0,0.5758,1674.0,0.5761,87.0,0.5762,579.0
1753520646219,09:04:06.219,A/USDT:USDT,0.5759,260.0,0.5758,1674.0,0.5761,97.0,0.5762,579.0
1753520646493,09:04:06.493,A/USDT:USDT,0.5759,260.0,0.5758,1674.0,0.5761,87.0,0.5762,579.0
1753520647338,09:04:07.338,A/USDT:USDT,0.5759,260.0,0.5758,2440.0,0.5761,87.0,0.5762,579.0
1753520647776,09:04:07.776,A/USDT:USDT,0.5759,260.0,0.5758,2440.0,0.5761,87.0,0.5762,579.0
1753520647949,09:04:07.949,A/USDT:USDT,0.5759,260.0,0.5758,2440.0,0.5761,87.0,0.5762,579.0
1753520649434,09:04:09.434,A/USDT:USDT,0.5759,260.0,0.5758,2440.0,0.5761,87.0,0.5762,579.0
1753520650406,09:04:10.406,A/USDT:USDT,0.5759,260.0,0.5758,2440.0,0.5761,336.0,0.5762,579.0
1753520650487,09:04:10.487,A/USDT:USDT,0.5759,260.0,0.5758,2440.0,0.5761,349.0,0.5762,579.0
1753520650910,09:04:10.910,A/USDT:USDT,0.5759,260.0,0.5758,2440.0,0.5761,349.0,0.5762,579.0
1753520652576,09:04:12.576,A/USDT:USDT,0.5758,259.0,0.5757,5113.0,0.5759,87.0,0.576,327.0
1753520652662,09:04:12.662,A/USDT:USDT,0.5758,264.0,0.5757,5113.0,0.5759,87.0,0.576,327.0
1753520652732,09:04:12.732,A/USDT:USDT,0.5758,1679.0,0.5757,5113.0,0.5762,258.0,0.5763,593.0
1753520652878,09:04:12.878,A/USDT:USDT,0.5758,1679.0,0.5757,5113.0,0.5762,300.0,0.5763,593.0
1753520652984,09:04:12.984,A/USDT:USDT,0.5758,1679.0,0.5757,5113.0,0.5762,300.0,0.5763,593.0
1753520653262,09:04:13.262,A/USDT:USDT,0.5758,1679.0,0.5757,5113.0,0.5762,300.0,0.5763,942.0
1753520653876,09:04:13.876,A/USDT:USDT,0.5758,1679.0,0.5757,5113.0,0.576,87.0,0.5761,265.0
1753520653951,09:04:13.951,A/USDT:USDT,0.5758,1683.0,0.5757,5113.0,0.576,87.0,0.5761,600.0
1753520654209,09:04:14.209,A/USDT:USDT,0.5758,1683.0,0.5757,5113.0,0.576,87.0,0.5761,600.0
1753520656060,09:04:16.060,A/USDT:USDT,0.5758,263.0,0.5757,5118.0,0.5759,87.0,0.576,322.0
1753520656162,09:04:16.162,A/USDT:USDT,0.5758,1680.0,0.5757,5118.0,0.576,87.0,0.5761,600.0
1753520656234,09:04:16.234,A/USDT:USDT,0.5758,1786.0,0.5757,5118.0,0.576,122.0,0.5761,600.0
1753520656419,09:04:16.419,A/USDT:USDT,0.5758,1786.0,0.5757,5118.0,0.576,122.0,0.5761,600.0
1753520657376,09:04:17.376,A/USDT:USDT,0.5758,1786.0,0.5757,5118.0,0.576,122.0,0.5761,600.0
1753520657464,09:04:17.464,A/USDT:USDT,0.5758,107.0,0.5757,5113.0,0.576,122.0,0.5761,600.0
1753520657503,09:04:17.503,A/USDT:USDT,0.5758,1528.0,0.5757,5113.0,0.576,122.0,0.5761,600.0
1753520657602,09:04:17.602,A/USDT:USDT,0.5758,1522.0,0.5757,5113.0,0.576,122.0,0.5761,600.0
1753520657874,09:04:17.874,A/USDT:USDT,0.5758,1527.0,0.5757,5113.0,0.576,122.0,0.5761,600.0
1753520657884,09:04:17.884,A/USDT:USDT,0.5758,1522.0,0.5757,5113.0,0.576,122.0,0.5761,600.0
1753520658866,09:04:18.866,A/USDT:USDT,0.5758,1527.0,0.5757,5113.0,0.576,122.0,0.5761,600.0
1753520658939,09:04:18.939,A/USDT:USDT,0.5758,1522.0,0.5757,5879.0,0.576,122.0,0.5761,600.0
1753520659005,09:04:19.005,A/USDT:USDT,0.5758,1522.0,0.5757,5879.0,0.576,122.0,0.5761,600.0
1753520659510,09:04:19.510,A/USDT:USDT,0.5758,1522.0,0.5757,5879.0,0.576,127.0,0.5761,600.0
1753520659769,09:04:19.769,A/USDT:USDT,0.5758,1532.0,0.5757,5879.0,0.576,122.0,0.5761,600.0
1753520659933,09:04:19.933,A/USDT:USDT,0.5758,1532.0,0.5757,5879.0,0.576,122.0,0.5761,600.0
1753520659990,09:04:19.990,A/USDT:USDT,0.5758,1532.0,0.5757,5879.0,0.576,122.0,0.5761,600.0
1753520660159,09:04:20.159,A/USDT:USDT,0.5758,1532.0,0.5757,5879.0,0.576,122.0,0.5761,600.0
1753520660307,09:04:20.307,A/USDT:USDT,0.5758,1532.0,0.5757,5879.0,0.576,122.0,0.5761,600.0
1753520660561,09:04:20.561,A/USDT:USDT,0.5758,1532.0,0.5757,5879.0,0.576,87.0,0.5761,600.0
1753520660601,09:04:20.601,A/USDT:USDT,0.5758,1532.0,0.5757,5879.0,0.576,87.0,0.5761,600.0
1753520661016,09:04:21.016,A/USDT:USDT,0.5758,1532.0,0.5757,5879.0,0.576,87.0,0.5761,600.0
1753520661590,09:04:21.590,A/USDT:USDT,0.5758,1532.0,0.5757,5879.0,0.576,87.0,0.5761,600.0
1753520662176,09:04:22.176,A/USDT:USDT,0.5758,1532.0,0.5757,5879.0,0.576,87.0,0.5761,600.0
1753520663769,09:04:23.769,A/USDT:USDT,0.5758,1532.0,0.5757,5879.0,0.576,87.0,0.5761,600.0
1753520666976,09:04:26.976,A/USDT:USDT,0.5758,1532.0,0.5757,5879.0,0.576,87.0,0.5761,600.0
1753520666999,09:04:26.999,A/USDT:USDT,0.5758,1532.0,0.5757,5879.0,0.576,87.0,0.5761,600.0
1753520668841,09:04:28.841,A/USDT:USDT,0.5758,1527.0,0.5757,5879.0,0.5761,291.0,0.5762,935.0
1753520669185,09:04:29.185,A/USDT:USDT,0.5758,1527.0,0.5757,5879.0,0.5761,554.0,0.5762,935.0
1753520671776,09:04:31.776,A/USDT:USDT,0.5758,1527.0,0.5757,5879.0,0.5761,554.0,0.5762,935.0
1753520672657,09:04:32.657,A/USDT:USDT,0.5758,1527.0,0.5757,5879.0,0.5761,554.0,0.5762,935.0
1753520673486,09:04:33.486,A/USDT:USDT,0.5758,1527.0,0.5757,5879.0,0.5761,276.0,0.5762,935.0
1753520673806,09:04:33.806,A/USDT:USDT,0.5758,1522.0,0.5757,5879.0,0.5761,285.0,0.5762,935.0
1753520676577,09:04:36.577,A/USDT:USDT,0.5758,1522.0,0.5757,5879.0,0.5761,285.0,0.5762,935.0
1753520676582,09:04:36.582,A/USDT:USDT,0.5758,1522.0,0.5757,5879.0,0.5761,285.0,0.5762,935.0
1753520679257,09:04:39.257,A/USDT:USDT,0.5759,269.0,0.5758,1522.0,0.5761,22.0,0.5762,580.0
1753520679374,09:04:39.374,A/USDT:USDT,0.5759,264.0,0.5758,1522.0,0.5761,19.0,0.5762,583.0
1753520679480,09:04:39.480,A/USDT:USDT,0.5759,264.0,0.5758,1522.0,0.5761,19.0,0.5762,583.0
1753520679631,09:04:39.631,A/USDT:USDT,0.5759,264.0,0.5758,1522.0,0.5761,19.0,0.5762,583.0
1753520681045,09:04:41.045,A/USDT:USDT,0.5758,107.0,0.5757,5879.0,0.5759,130.0,0.576,323.0
1753520681092,09:04:41.092,A/USDT:USDT,0.5758,107.0,0.5757,5879.0,0.5759,130.0,0.576,323.0
1753520681263,09:04:41.263,A/USDT:USDT,0.5758,107.0,0.5757,5879.0,0.5759,130.0,0.576,323.0
1753520681377,09:04:41.377,A/USDT:USDT,0.5758,107.0,0.5757,5879.0,0.5759,130.0,0.576,323.0
1753520681567,09:04:41.567,A/USDT:USDT,0.5758,107.0,0.5757,5879.0,0.5759,130.0,0.576,323.0
1753520683673,09:04:43.673,A/USDT:USDT,0.5759,130.0,0.5758,2021.0,0.576,87.0,0.5761,274.0
1753520683706,09:04:43.706,A/USDT:USDT,0.5759,130.0,0.5758,2016.0,0.576,116.0,0.5761,597.0
1753520683793,09:04:43.793,A/USDT:USDT,0.5759,130.0,0.5758,2016.0,0.576,116.0,0.5761,597.0
1753520683923,09:04:43.923,A/USDT:USDT,0.5758,2021.0,0.5757,5879.0,0.576,116.0,0.5761,597.0
1753520684129,09:04:44.129,A/USDT:USDT,0.5758,2021.0,0.5757,5879.0,0.576,116.0,0.5761,597.0
1753520684358,09:04:44.358,A/USDT:USDT,0.5758,2016.0,0.5757,5879.0,0.576,87.0,0.5761,597.0
1753520684701,09:04:44.701,A/USDT:USDT,0.5758,2016.0,0.5757,5879.0,0.576,87.0,0.5761,597.0
1753520686177,09:04:46.177,A/USDT:USDT,0.5758,2021.0,0.5757,5879.0,0.576,87.0,0.5761,597.0
1753520686206,09:04:46.206,A/USDT:USDT,0.5758,107.0,0.5757,5879.0,0.5759,87.0,0.576,328.0
1753520686289,09:04:46.289,A/USDT:USDT,0.5758,107.0,0.5757,5879.0,0.5759,87.0,0.576,331.0
1753520686392,09:04:46.392,A/USDT:USDT,0.5758,107.0,0.5757,5879.0,0.5759,87.0,0.576,328.0
1753520688275,09:04:48.275,A/USDT:USDT,0.5758,107.0,0.5757,5879.0,0.5759,87.0,0.576,328.0
1753520688379,09:04:48.379,A/USDT:USDT,0.5758,112.0,0.5757,5879.0,0.5759,87.0,0.576,323.0
1753520688382,09:04:48.382,A/USDT:USDT,0.5758,112.0,0.5757,5879.0,0.5759,87.0,0.576,323.0
1753520688564,09:04:48.564,A/USDT:USDT,0.5758,107.0,0.5757,5879.0,0.5759,87.0,0.576,323.0
1753520688582,09:04:48.582,A/USDT:USDT,0.5758,107.0,0.5757,5879.0,0.5759,87.0,0.576,323.0
1753520688877,09:04:48.877,A/USDT:USDT,0.5759,87.0,0.5758,2020.0,0.5761,590.0,0.5762,863.0
1753520688971,09:04:48.971,A/USDT:USDT,0.5759,87.0,0.5758,2020.0,0.576,87.0,0.5761,13.0
1753520689002,09:04:49.002,A/USDT:USDT,0.5759,87.0,0.5758,2020.0,0.576,87.0,0.5761,336.0
1753520689479,09:04:49.479,A/USDT:USDT,0.5758,2020.0,0.5757,5113.0,0.576,87.0,0.5761,336.0
1753520689763,09:04:49.763,A/USDT:USDT,0.5758,2025.0,0.5757,5113.0,0.576,87.0,0.5761,336.0
1753520690128,09:04:50.128,A/USDT:USDT,0.5758,2020.0,0.5757,5113.0,0.576,87.0,0.5761,336.0
1753520690770,09:04:50.770,A/USDT:USDT,0.5758,107.0,0.5757,5113.0,0.5759,87.0,0.576,328.0
1753520690977,09:04:50.977,A/USDT:USDT,0.5758,107.0,0.5757,5113.0,0.5759,87.0,0.576,328.0
1753520691137,09:04:51.137,A/USDT:USDT,0.5758,107.0,0.5757,5113.0,0.5759,87.0,0.576,328.0
1753520691218,09:04:51.218,A/USDT:USDT,0.5757,5113.0,0.5756,3589.0,0.5759,87.0,0.576,328.0
1753520692138,09:04:52.138,A/USDT:USDT,0.5757,5113.0,0.5756,3589.0,0.5759,87.0,0.576,328.0
1753520693663,09:04:53.663,A/USDT:USDT,0.5757,5879.0,0.5756,2823.0,0.5759,87.0,0.576,328.0
1753520693684,09:04:53.684,A/USDT:USDT,0.5757,5879.0,0.5756,2823.0,0.5759,87.0,0.576,328.0
1753520694374,09:04:54.374,A/USDT:USDT,0.5757,5884.0,0.5756,2823.0,0.5759,87.0,0.576,328.0
1753520694397,09:04:54.397,A/USDT:USDT,0.5757,5879.0,0.5756,2823.0,0.5759,125.0,0.576,328.0
1753520694760,09:04:54.760,A/USDT:USDT,0.5758,263.0,0.5757,5884.0,0.5759,38.0,0.576,5.0
1753520694809,09:04:54.809,A/USDT:USDT,0.5758,268.0,0.5757,5879.0,0.5759,38.0,0.5761,589.0
1753520694880,09:04:54.880,A/USDT:USDT,0.5758,268.0,0.5757,5879.0,0.5759,38.0,0.5761,589.0
1753520695777,09:04:55.777,A/USDT:USDT,0.5758,268.0,0.5757,5879.0,0.5759,38.0,0.5761,589.0
1753520695783,09:04:55.783,A/USDT:USDT,0.5758,268.0,0.5757,5879.0,0.5759,38.0,0.5761,589.0
1753520697095,09:04:57.095,A/USDT:USDT,0.5758,263.0,0.5757,5879.0,0.5759,38.0,0.5761,589.0
1753520697362,09:04:57.362,A/USDT:USDT,0.5757,5884.0,0.5756,2823.0,0.5759,38.0,0.576,323.0
1753520697421,09:04:57.421,A/USDT:USDT,0.5757,5884.0,0.5756,2823.0,0.5759,38.0,0.576,323.0
1753520697944,09:04:57.944,A/USDT:USDT,0.5757,5889.0,0.5756,2823.0,0.5759,38.0,0.576,323.0
1753520698052,09:04:58.052,A/USDT:USDT,0.5757,5889.0,0.5756,2823.0,0.5759,38.0,0.576,323.0
1753520699865,09:04:59.865,A/USDT:USDT,0.5758,261.0,0.5757,5889.0,0.5759,38.0,0.5761,266.0
1753520699910,09:04:59.910,A/USDT:USDT,0.5758,261.0,0.5757,5889.0,0.5759,38.0,0.5761,590.0
1753520699983,09:04:59.983,A/USDT:USDT,0.5758,266.0,0.5757,5884.0,0.5759,38.0,0.5761,590.0
1753520700111,09:05:00.111,A/USDT:USDT,0.5758,266.0,0.5757,5884.0,0.5759,38.0,0.5761,590.0
1753520700345,09:05:00.345,A/USDT:USDT,0.5758,261.0,0.5757,5884.0,0.5759,38.0,0.5761,590.0
1753520700578,09:05:00.578,A/USDT:USDT,0.5758,261.0,0.5757,5884.0,0.5759,38.0,0.5761,590.0
1753520700582,09:05:00.582,A/USDT:USDT,0.5758,261.0,0.5757,5884.0,0.5759,38.0,0.5761,590.0
1753520701321,09:05:01.321,A/USDT:USDT,0.5758,266.0,0.5757,5884.0,0.5759,38.0,0.5761,590.0
1753520701948,09:05:01.948,A/USDT:USDT,0.5758,261.0,0.5757,5884.0,0.5759,38.0,0.5761,590.0
1753520702463,09:05:02.463,A/USDT:USDT,0.5758,266.0,0.5757,5884.0,0.5759,38.0,0.5761,590.0
1753520703369,09:05:03.369,A/USDT:USDT,0.5757,5879.0,0.5756,2823.0,0.5759,125.0,0.576,324.0
1753520703439,09:05:03.439,A/USDT:USDT,0.5757,5879.0,0.5756,2823.0,0.5759,125.0,0.576,324.0
1753520703506,09:05:03.506,A/USDT:USDT,0.5757,5884.0,0.5756,2823.0,0.5759,38.0,0.576,324.0
1753520703733,09:05:03.733,A/USDT:USDT,0.5757,5884.0,0.5756,2823.0,0.5759,43.0,0.576,324.0
1753520703833,09:05:03.833,A/USDT:USDT,0.5757,5884.0,0.5756,2823.0,0.5759,38.0,0.576,324.0
1753520704477,09:05:04.477,A/USDT:USDT,0.5757,5889.0,0.5756,2823.0,0.5759,38.0,0.576,324.0
1753520704896,09:05:04.896,A/USDT:USDT,0.5757,5884.0,0.5756,2823.0,0.5759,38.0,0.576,324.0
1753520705272,09:05:05.272,A/USDT:USDT,0.5757,5118.0,0.5756,3589.0,0.5759,38.0,0.576,324.0
1753520705378,09:05:05.378,A/USDT:USDT,0.5757,5118.0,0.5756,3589.0,0.5759,38.0,0.576,324.0
1753520705659,09:05:05.659,A/USDT:USDT,0.5757,4853.0,0.5756,3589.0,0.5759,38.0,0.576,324.0
1753520705769,09:05:05.769,A/USDT:USDT,0.5757,4853.0,0.5756,3589.0,0.5759,43.0,0.576,324.0
1753520705896,09:05:05.896,A/USDT:USDT,0.5757,4858.0,0.5756,3589.0,0.5759,38.0,0.576,324.0
1753520706378,09:05:06.378,A/USDT:USDT,0.5757,4863.0,0.5756,3589.0,0.5759,38.0,0.576,324.0
1753520706500,09:05:06.500,A/USDT:USDT,0.5757,4858.0,0.5756,3589.0,0.5759,38.0,0.576,324.0
1753520706956,09:05:06.956,A/USDT:USDT,0.5757,4456.0,0.5756,3589.0,0.5758,87.0,0.5759,266.0
1753520707064,09:05:07.064,A/USDT:USDT,0.5757,4456.0,0.5756,3589.0,0.5758,87.0,0.5759,266.0
1753520707082,09:05:07.082,A/USDT:USDT,0.5757,4456.0,0.5756,3589.0,0.5758,87.0,0.5759,261.0
1753520707184,09:05:07.184,A/USDT:USDT,0.5757,4461.0,0.5756,3589.0,0.5758,87.0,0.5759,261.0
1753520707361,09:05:07.361,A/USDT:USDT,0.5756,3594.0,0.5755,7917.0,0.5758,87.0,0.5759,261.0
1753520707452,09:05:07.452,A/USDT:USDT,0.5756,7994.0,0.5755,7917.0,0.5758,87.0,0.5759,261.0
1753520708121,09:05:08.121,A/USDT:USDT,0.5756,7994.0,0.5755,7917.0,0.5758,125.0,0.5759,261.0
1753520708186,09:05:08.186,A/USDT:USDT,0.5756,7994.0,0.5755,7917.0,0.5758,125.0,0.5759,261.0
1753520708921,09:05:08.921,A/USDT:USDT,0.5756,7994.0,0.5755,7917.0,0.5758,125.0,0.5759,261.0
1753520710176,09:05:10.176,A/USDT:USDT,0.5756,7999.0,0.5755,7917.0,0.5758,125.0,0.5759,261.0
1753520710180,09:05:10.180,A/USDT:USDT,0.5756,7999.0,0.5755,7917.0,0.5758,125.0,0.5759,261.0
1753520710292,09:05:10.292,A/USDT:USDT,0.5756,7994.0,0.5755,7917.0,0.5758,87.0,0.5759,261.0
1753520710962,09:05:10.962,A/USDT:USDT,0.5756,7994.0,0.5755,7917.0,0.5758,125.0,0.5759,261.0
1753520711042,09:05:11.042,A/USDT:USDT,0.5756,7994.0,0.5755,7917.0,0.5758,125.0,0.5759,261.0
1753520712091,09:05:12.091,A/USDT:USDT,0.5756,7999.0,0.5755,7917.0,0.5758,87.0,0.5759,261.0
1753520712839,09:05:12.839,A/USDT:USDT,0.5757,1998.0,0.5756,7994.0,0.5759,9.0,0.576,324.0
1753520712959,09:05:12.959,A/USDT:USDT,0.5756,7989.0,0.5755,7917.0,0.5757,87.0,0.5758,324.0
1753520713064,09:05:13.064,A/USDT:USDT,0.5756,7994.0,0.5755,7448.0,0.5757,87.0,0.5758,324.0
1753520713137,09:05:13.137,A/USDT:USDT,0.5756,7994.0,0.5755,7448.0,0.5757,87.0,0.5758,324.0
1753520713229,09:05:13.229,A/USDT:USDT,0.5756,7994.0,0.5755,7448.0,0.5757,87.0,0.5758,324.0
1753520713345,09:05:13.345,A/USDT:USDT,0.5756,7989.0,0.5755,7448.0,0.5757,87.0,0.5758,324.0
1753520713457,09:05:13.457,A/USDT:USDT,0.5756,6402.0,0.5755,7448.0,0.5757,87.0,0.5758,324.0
1753520713542,09:05:13.542,A/USDT:USDT,0.5756,5636.0,0.5755,8214.0,0.5757,87.0,0.5758,324.0
1753520713614,09:05:13.614,A/USDT:USDT,0.5756,4400.0,0.5755,8214.0,0.5757,87.0,0.5758,324.0
1753520713877,09:05:13.877,A/USDT:USDT,0.5755,7956.0,0.5754,267.0,0.5757,87.0,0.5758,324.0
1753520713977,09:05:13.977,A/USDT:USDT,0.5755,11595.0,0.5754,1033.0,0.5757,87.0,0.5758,324.0
1753520713982,09:05:13.982,A/USDT:USDT,0.5755,11595.0,0.5754,1033.0,0.5757,87.0,0.5758,324.0
1753520714465,09:05:14.465,A/USDT:USDT,0.5755,11595.0,0.5754,1033.0,0.5757,87.0,0.5758,324.0
1753520714483,09:05:14.483,A/USDT:USDT,0.5755,11595.0,0.5754,1033.0,0.5757,87.0,0.5758,324.0
1753520714978,09:05:14.978,A/USDT:USDT,0.5755,12356.0,0.5754,267.0,0.5756,87.0,0.5757,324.0
1753520715042,09:05:15.042,A/USDT:USDT,0.5755,7956.0,0.5754,267.0,0.5756,87.0,0.5757,324.0
1753520715101,09:05:15.101,A/USDT:USDT,0.5755,12356.0,0.5754,267.0,0.5756,87.0,0.5757,324.0
1753520715311,09:05:15.311,A/USDT:USDT,0.5755,7956.0,0.5754,267.0,0.5756,87.0,0.5757,324.0
1753520715411,09:05:15.411,A/USDT:USDT,0.5755,12356.0,0.5754,267.0,0.5756,87.0,0.5757,324.0
1753520715482,09:05:15.482,A/USDT:USDT,0.5755,12356.0,0.5754,267.0,0.5756,87.0,0.5757,324.0
1753520715767,09:05:15.767,A/USDT:USDT,0.5755,11590.0,0.5754,1033.0,0.5756,87.0,0.5757,324.0
1753520717065,09:05:17.065,A/USDT:USDT,0.5755,11590.0,0.5754,1033.0,0.5757,92.0,0.5758,324.0
1753520717266,09:05:17.266,A/USDT:USDT,0.5755,11590.0,0.5754,1033.0,0.5757,87.0,0.5758,324.0
1753520717495,09:05:17.495,A/USDT:USDT,0.5755,11590.0,0.5754,1033.0,0.5757,92.0,0.5758,324.0
1753520717936,09:05:17.936,A/USDT:USDT,0.5755,11590.0,0.5754,1033.0,0.5757,92.0,0.5758,324.0
1753520718244,09:05:18.244,A/USDT:USDT,0.5755,11590.0,0.5754,1033.0,0.5757,87.0,0.5758,324.0
1753520718436,09:05:18.436,A/USDT:USDT,0.5755,11590.0,0.5754,1033.0,0.5757,92.0,0.5758,324.0
1753520718567,09:05:18.567,A/USDT:USDT,0.5755,11590.0,0.5754,1033.0,0.5757,227.0,0.5758,324.0
1753520718640,09:05:18.640,A/USDT:USDT,0.5755,11590.0,0.5754,1033.0,0.5757,497.0,0.5758,324.0
1753520718774,09:05:18.774,A/USDT:USDT,0.5755,6405.0,0.5754,415.0,0.5756,87.0,0.5757,594.0
1753520718872,09:05:18.872,A/USDT:USDT,0.5755,6405.0,0.5754,415.0,0.5756,90.0,0.5757,594.0
1753520718922,09:05:18.922,A/USDT:USDT,0.5755,6405.0,0.5754,4815.0,0.5756,90.0,0.5757,594.0
1753520719103,09:05:19.103,A/USDT:USDT,0.5755,6405.0,0.5754,415.0,0.5756,90.0,0.5757,594.0
1753520719269,09:05:19.269,A/USDT:USDT,0.5755,6405.0,0.5754,4400.0,0.5756,90.0,0.5757,594.0
1753520719306,09:05:19.306,A/USDT:USDT,0.5755,6405.0,0.5754,4400.0,0.5756,90.0,0.5757,594.0
1753520719435,09:05:19.435,A/USDT:USDT,0.5755,6405.0,0.5754,4400.0,0.5756,90.0,0.5757,594.0
1753520719520,09:05:19.520,A/USDT:USDT,0.5755,6405.0,0.5754,4400.0,0.5756,128.0,0.5757,594.0
1753520719778,09:05:19.778,A/USDT:USDT,0.5755,6405.0,0.5754,4400.0,0.5756,128.0,0.5757,594.0
1753520719822,09:05:19.822,A/USDT:USDT,0.5755,6405.0,0.5754,4400.0,0.5756,393.0,0.5757,594.0
1753520720261,09:05:20.261,A/USDT:USDT,0.5755,6405.0,0.5753,1027.0,0.5756,758.0,0.5757,589.0
1753520720321,09:05:20.321,A/USDT:USDT,0.5755,6405.0,0.5753,5427.0,0.5756,758.0,0.5757,589.0
1753520720404,09:05:20.404,A/USDT:USDT,0.5755,6405.0,0.5753,5427.0,0.5756,758.0,0.5757,589.0
1753520721174,09:05:21.174,A/USDT:USDT,0.5755,6405.0,0.5753,5427.0,0.5756,398.0,0.5757,589.0
1753520721232,09:05:21.232,A/USDT:USDT,0.5755,6405.0,0.5753,5427.0,0.5756,398.0,0.5757,589.0
1753520721499,09:05:21.499,A/USDT:USDT,0.5755,6405.0,0.5753,5427.0,0.5756,360.0,0.5757,589.0
1753520722405,09:05:22.405,A/USDT:USDT,0.5755,6405.0,0.5753,5427.0,0.5756,376.0,0.5757,589.0
1753520722622,09:05:22.622,A/USDT:USDT,0.5755,6405.0,0.5753,4661.0,0.5756,376.0,0.5757,589.0
1753520722848,09:05:22.848,A/USDT:USDT,0.5755,6405.0,0.5753,4661.0,0.5756,376.0,0.5757,589.0
1753520722947,09:05:22.947,A/USDT:USDT,0.5755,6405.0,0.5752,267.0,0.5756,736.0,0.5757,589.0
1753520723042,09:05:23.042,A/USDT:USDT,0.5755,6405.0,0.5752,267.0,0.5756,736.0,0.5757,589.0
1753520723100,09:05:23.100,A/USDT:USDT,0.5755,6405.0,0.5752,4667.0,0.5756,736.0,0.5757,589.0
1753520723427,09:05:23.427,A/USDT:USDT,0.5755,6405.0,0.5752,4667.0,0.5756,736.0,0.5757,589.0
1753520723579,09:05:23.579,A/USDT:USDT,0.5755,6405.0,0.5752,4667.0,0.5756,736.0,0.5757,589.0
1753520723661,09:05:23.661,A/USDT:USDT,0.5755,6405.0,0.5752,4667.0,0.5756,736.0,0.5757,589.0
1753520723701,09:05:23.701,A/USDT:USDT,0.5755,6405.0,0.5752,4667.0,0.5756,736.0,0.5757,589.0
1753520723926,09:05:23.926,A/USDT:USDT,0.5755,6405.0,0.5752,4667.0,0.5756,736.0,0.5757,589.0
1753520724434,09:05:24.434,A/USDT:USDT,0.5755,6405.0,0.5752,4667.0,0.5756,736.0,0.5757,589.0
1753520724579,09:05:24.579,A/USDT:USDT,0.5755,6312.0,0.5752,4667.0,0.5756,731.0,0.5757,589.0
1753520724587,09:05:24.587,A/USDT:USDT,0.5755,6312.0,0.5752,4667.0,0.5756,728.0,0.5757,592.0
1753520724743,09:05:24.743,A/USDT:USDT,0.5755,6312.0,0.5752,4667.0,0.5756,728.0,0.5757,592.0
1753520725379,09:05:25.379,A/USDT:USDT,0.5755,6312.0,0.5752,4667.0,0.5756,728.0,0.5757,592.0
1753520725396,09:05:25.396,A/USDT:USDT,0.5755,6312.0,0.5752,4667.0,0.5756,728.0,0.5757,592.0
1753520725610,09:05:25.610,A/USDT:USDT,0.5755,6312.0,0.5752,4667.0,0.5756,733.0,0.5757,592.0
1753520725751,09:05:25.751,A/USDT:USDT,0.5755,6312.0,0.5753,265.0,0.5756,728.0,0.5757,592.0
1753520725962,09:05:25.962,A/USDT:USDT,0.5755,6312.0,0.5753,265.0,0.5756,728.0,0.5757,592.0
1753520726050,09:05:26.050,A/USDT:USDT,0.5755,6312.0,0.5753,265.0,0.5756,381.0,0.5757,592.0
1753520726157,09:05:26.157,A/USDT:USDT,0.5755,6312.0,0.5752,267.0,0.5756,717.0,0.5757,592.0
1753520726276,09:05:26.276,A/USDT:USDT,0.5755,6312.0,0.5752,267.0,0.5756,726.0,0.5757,592.0
1753520726299,09:05:26.299,A/USDT:USDT,0.5755,6312.0,0.5752,4668.0,0.5756,813.0,0.5757,592.0
1753520726673,09:05:26.673,A/USDT:USDT,0.5755,6312.0,0.5752,4668.0,0.5756,813.0,0.5757,592.0
1753520726743,09:05:26.743,A/USDT:USDT,0.5755,6312.0,0.5752,4668.0,0.5756,813.0,0.5757,592.0
1753520727046,09:05:27.046,A/USDT:USDT,0.5755,6312.0,0.5752,4668.0,0.5756,813.0,0.5757,592.0
1753520727343,09:05:27.343,A/USDT:USDT,0.5755,6312.0,0.5752,4668.0,0.5756,813.0,0.5757,592.0
1753520727438,09:05:27.438,A/USDT:USDT,0.5755,6312.0,0.5752,4668.0,0.5756,813.0,0.5757,592.0
1753520728422,09:05:28.422,A/USDT:USDT,0.5755,6312.0,0.5752,4668.0,0.5756,813.0,0.5757,592.0
1753520728658,09:05:28.658,A/USDT:USDT,0.5755,6312.0,0.5752,4668.0,0.5756,813.0,0.5757,592.0
1753520729643,09:05:29.643,A/USDT:USDT,0.5755,6312.0,0.5752,4668.0,0.5756,813.0,0.5757,592.0
1753520730178,09:05:30.178,A/USDT:USDT,0.5755,6312.0,0.5752,4668.0,0.5756,813.0,0.5757,592.0
1753520730922,09:05:30.922,A/USDT:USDT,0.5755,6312.0,0.5752,4668.0,0.5756,808.0,0.5757,592.0
1753520731054,09:05:31.054,A/USDT:USDT,0.5755,6312.0,0.5752,4668.0,0.5756,808.0,0.5757,592.0
1753520732239,09:05:32.239,A/USDT:USDT,0.5755,6312.0,0.5752,4668.0,0.5756,803.0,0.5757,592.0
1753520732287,09:05:32.287,A/USDT:USDT,0.5755,6312.0,0.5752,4668.0,0.5756,799.0,0.5757,592.0
1753520733412,09:05:33.412,A/USDT:USDT,0.5755,6312.0,0.5752,4668.0,0.5756,803.0,0.5757,592.0
1753520733662,09:05:33.662,A/USDT:USDT,0.5755,6312.0,0.5753,268.0,0.5756,448.0,0.5757,592.0
1753520734560,09:05:34.560,A/USDT:USDT,0.5755,6312.0,0.5753,268.0,0.5756,448.0,0.5757,592.0
1753520734978,09:05:34.978,A/USDT:USDT,0.5755,6312.0,0.5753,268.0,0.5756,448.0,0.5757,592.0
1753520735403,09:05:35.403,A/USDT:USDT,0.5755,4928.0,0.5753,268.0,0.5756,448.0,0.5757,592.0
1753520735542,09:05:35.542,A/USDT:USDT,0.5755,4928.0,0.5753,268.0,0.5756,448.0,0.5757,592.0
1753520735647,09:05:35.647,A/USDT:USDT,0.5755,4928.0,0.5753,268.0,0.5756,448.0,0.5757,592.0
1753520736549,09:05:36.549,A/USDT:USDT,0.5755,4928.0,0.5753,268.0,0.5756,96.0,0.5757,592.0
1753520736664,09:05:36.664,A/USDT:USDT,0.5755,4928.0,0.5753,268.0,0.5756,96.0,0.5757,592.0
1753520737163,09:05:37.163,A/USDT:USDT,0.5755,4928.0,0.5753,268.0,0.5756,96.0,0.5757,592.0
1753520738166,09:05:38.166,A/USDT:USDT,0.5755,4928.0,0.5753,268.0,0.5756,96.0,0.5757,592.0
1753520738242,09:05:38.242,A/USDT:USDT,0.5755,4928.0,0.5753,268.0,0.5756,96.0,0.5757,592.0
1753520738439,09:05:38.439,A/USDT:USDT,0.5755,4928.0,0.5753,268.0,0.5756,96.0,0.5757,592.0
1753520738727,09:05:38.727,A/USDT:USDT,0.5755,4928.0,0.5753,268.0,0.5756,96.0,0.5757,592.0
1753520739086,09:05:39.086,A/USDT:USDT,0.5755,4928.0,0.5753,268.0,0.5756,96.0,0.5757,592.0
1753520739258,09:05:39.258,A/USDT:USDT,0.5755,4928.0,0.5753,268.0,0.5756,446.0,0.5757,592.0
1753520739778,09:05:39.778,A/USDT:USDT,0.5755,4928.0,0.5753,268.0,0.5756,451.0,0.5757,592.0
1753520740462,09:05:40.462,A/USDT:USDT,0.5755,4928.0,0.5753,268.0,0.5756,451.0,0.5757,592.0
1753520740959,09:05:40.959,A/USDT:USDT,0.5755,4928.0,0.5753,268.0,0.5756,451.0,0.5757,592.0
1753520742242,09:05:42.242,A/USDT:USDT,0.5755,4928.0,0.5753,268.0,0.5756,451.0,0.5757,592.0
1753520742442,09:05:42.442,A/USDT:USDT,0.5755,4928.0,0.5753,268.0,0.5756,451.0,0.5757,2179.0
1753520742922,09:05:42.922,A/USDT:USDT,0.5755,4928.0,0.5753,268.0,0.5756,451.0,0.5757,2179.0
1753520744143,09:05:44.143,A/USDT:USDT,0.5755,4928.0,0.5753,268.0,0.5756,451.0,0.5757,2179.0
1753520744409,09:05:44.409,A/USDT:USDT,0.5755,4928.0,0.5753,268.0,0.5756,446.0,0.5757,2179.0
1753520744578,09:05:44.578,A/USDT:USDT,0.575,389.0,0.5749,301.0,0.5754,324.0,0.5755,258.0
1753520744646,09:05:44.646,A/USDT:USDT,0.575,389.0,0.5749,1032.0,0.5753,124.0,0.5754,324.0
1753520744768,09:05:44.768,A/USDT:USDT,0.575,34.0,0.5749,1032.0,0.5753,140.0,0.5754,327.0
1753520744846,09:05:44.846,A/USDT:USDT,0.575,1664.0,0.5749,5432.0,0.5753,140.0,0.5754,324.0
1753520744968,09:05:44.968,A/USDT:USDT,0.575,1664.0,0.5749,5432.0,0.5753,140.0,0.5754,582.0
1753520745054,09:05:45.054,A/USDT:USDT,0.575,1669.0,0.5749,5432.0,0.5753,140.0,0.5754,582.0
1753520745261,09:05:45.261,A/USDT:USDT,0.575,2024.0,0.5749,5432.0,0.5753,140.0,0.5754,582.0
1753520746066,09:05:46.066,A/USDT:USDT,0.575,2024.0,0.5749,5432.0,0.5753,140.0,0.5754,582.0
1753520746211,09:05:46.211,A/USDT:USDT,0.575,2133.0,0.5749,5432.0,0.5753,140.0,0.5754,582.0
1753520746282,09:05:46.282,A/USDT:USDT,0.575,2133.0,0.5749,5432.0,0.5753,140.0,0.5754,582.0
1753520746966,09:05:46.966,A/USDT:USDT,0.575,469.0,0.5749,1032.0,0.5753,406.0,0.5754,582.0
1753520747073,09:05:47.073,A/USDT:USDT,0.575,469.0,0.5749,1032.0,0.5752,353.0,0.5753,416.0
1753520747174,09:05:47.174,A/USDT:USDT,0.575,109.0,0.5749,766.0,0.5752,358.0,0.5753,411.0
1753520747277,09:05:47.277,A/USDT:USDT,0.575,109.0,0.5748,276.0,0.5751,353.0,0.5752,358.0
1753520747375,09:05:47.375,A/USDT:USDT,0.575,109.0,0.5748,276.0,0.5751,353.0,0.5752,363.0
1753520747460,09:05:47.460,A/USDT:USDT,0.575,109.0,0.5748,276.0,0.5751,358.0,0.5752,363.0
1753520747578,09:05:47.578,A/USDT:USDT,0.575,109.0,0.5748,885.0,0.5751,353.0,0.5752,358.0
1753520747676,09:05:47.676,A/USDT:USDT,0.575,109.0,0.5748,2060.0,0.5751,87.0,0.5752,358.0
1753520747774,09:05:47.774,A/USDT:USDT,0.575,109.0,0.5749,266.0,0.5751,87.0,0.5752,358.0
1753520747836,09:05:47.836,A/USDT:USDT,0.575,109.0,0.5749,266.0,0.5751,87.0,0.5752,358.0
1753520748062,09:05:48.062,A/USDT:USDT,0.575,109.0,0.5749,266.0,0.5751,92.0,0.5752,595.0
1753520748254,09:05:48.254,A/USDT:USDT,0.575,109.0,0.5749,266.0,0.5751,92.0,0.5752,595.0
1753520748385,09:05:48.385,A/USDT:USDT,0.575,109.0,0.5749,266.0,0.5751,92.0,0.5752,595.0
1753520748514,09:05:48.514,A/USDT:USDT,0.575,109.0,0.5749,266.0,0.5751,92.0,0.5752,595.0
1753520748791,09:05:48.791,A/USDT:USDT,0.575,109.0,0.5749,266.0,0.5751,92.0,0.5752,595.0
1753520749087,09:05:49.087,A/USDT:USDT,0.575,109.0,0.5748,2060.0,0.5751,92.0,0.5752,595.0
1753520749537,09:05:49.537,A/USDT:USDT,0.575,109.0,0.5748,2060.0,0.5751,92.0,0.5752,590.0
1753520749745,09:05:49.745,A/USDT:USDT,0.575,109.0,0.5748,2060.0,0.5751,122.0,0.5752,590.0
1753520749890,09:05:49.890,A/USDT:USDT,0.575,109.0,0.5748,2060.0,0.5751,127.0,0.5752,590.0
1753520750042,09:05:50.042,A/USDT:USDT,0.575,109.0,0.5748,2000.0,0.5751,393.0,0.5752,590.0
1753520750193,09:05:50.193,A/USDT:USDT,0.575,109.0,0.5748,2000.0,0.5751,393.0,0.5752,590.0
1753520750578,09:05:50.578,A/USDT:USDT,0.575,109.0,0.5748,2000.0,0.5751,393.0,0.5752,590.0
1753520750707,09:05:50.707,A/USDT:USDT,0.575,109.0,0.5748,2000.0,0.5751,393.0,0.5752,590.0
1753520751578,09:05:51.578,A/USDT:USDT,0.575,109.0,0.5748,2000.0,0.5751,393.0,0.5752,590.0
1753520751583,09:05:51.583,A/USDT:USDT,0.575,109.0,0.5748,2000.0,0.5751,393.0,0.5752,590.0
1753520752419,09:05:52.419,A/USDT:USDT,0.575,109.0,0.5748,2000.0,0.5751,393.0,0.5752,590.0
1753520753076,09:05:53.076,A/USDT:USDT,0.575,109.0,0.5748,2000.0,0.5751,398.0,0.5752,590.0
1753520753302,09:05:53.302,A/USDT:USDT,0.575,109.0,0.5748,276.0,0.5751,398.0,0.5752,590.0
1753520753462,09:05:53.462,A/USDT:USDT,0.575,109.0,0.5748,276.0,0.5751,393.0,0.5752,590.0
1753520753482,09:05:53.482,A/USDT:USDT,0.575,109.0,0.5748,2000.0,0.5751,393.0,0.5752,590.0
1753520754322,09:05:54.322,A/USDT:USDT,0.575,109.0,0.5748,2000.0,0.5751,398.0,0.5752,590.0
1753520754681,09:05:54.681,A/USDT:USDT,0.575,57.0,0.5748,2000.0,0.5751,398.0,0.5752,590.0
1753520755165,09:05:55.165,A/USDT:USDT,0.575,57.0,0.5748,1734.0,0.5751,398.0,0.5752,590.0
1753520755378,09:05:55.378,A/USDT:USDT,0.575,57.0,0.5748,1734.0,0.5751,398.0,0.5752,590.0
1753520755379,09:05:55.379,A/USDT:USDT,0.575,57.0,0.5748,1734.0,0.5751,398.0,0.5752,590.0
1753520755574,09:05:55.574,A/USDT:USDT,0.575,57.0,0.5748,1734.0,0.5751,398.0,0.5752,590.0
1753520756464,09:05:56.464,A/USDT:USDT,0.575,57.0,0.5748,276.0,0.5751,398.0,0.5752,590.0
1753520756847,09:05:56.847,A/USDT:USDT,0.575,57.0,0.5748,276.0,0.5751,87.0,0.5752,590.0
1753520756941,09:05:56.941,A/USDT:USDT,0.575,57.0,0.5748,276.0,0.5751,103.0,0.5752,590.0
1753520757271,09:05:57.271,A/USDT:USDT,0.575,57.0,0.5748,276.0,0.5751,362.0,0.5752,590.0
1753520758653,09:05:58.653,A/USDT:USDT,0.575,57.0,0.5748,276.0,0.5751,357.0,0.5752,590.0
1753520758996,09:05:58.996,A/USDT:USDT,0.575,57.0,0.5748,276.0,0.5751,362.0,0.5752,590.0
1753520760178,09:06:00.178,A/USDT:USDT,0.575,57.0,0.5748,10.0,0.5751,362.0,0.5752,590.0
1753520760182,09:06:00.182,A/USDT:USDT,0.575,57.0,0.5748,10.0,0.5751,362.0,0.5752,590.0
1753520760334,09:06:00.334,A/USDT:USDT,0.575,57.0,0.5748,269.0,0.5751,362.0,0.5752,590.0
1753520760386,09:06:00.386,A/USDT:USDT,0.575,57.0,0.5748,269.0,0.5751,362.0,0.5752,590.0
1753520760576,09:06:00.576,A/USDT:USDT,0.575,57.0,0.5748,269.0,0.5751,357.0,0.5752,590.0
1753520760876,09:06:00.876,A/USDT:USDT,0.575,57.0,0.5748,269.0,0.5751,362.0,0.5752,590.0
1753520761902,09:06:01.902,A/USDT:USDT,0.575,57.0,0.5748,10.0,0.5751,362.0,0.5752,590.0
1753520762057,09:06:02.057,A/USDT:USDT,0.575,57.0,0.5748,10.0,0.5751,362.0,0.5752,590.0
1753520762135,09:06:02.135,A/USDT:USDT,0.575,57.0,0.5748,269.0,0.5751,362.0,0.5752,590.0
1753520762310,09:06:02.310,A/USDT:USDT,0.575,57.0,0.5748,269.0,0.5751,356.0,0.5752,590.0
1753520763957,09:06:03.957,A/USDT:USDT,0.575,57.0,0.5748,269.0,0.5751,356.0,0.5752,590.0
1753520764279,09:06:04.279,A/USDT:USDT,0.575,57.0,0.5748,269.0,0.5751,356.0,0.5752,590.0
1753520764702,09:06:04.702,A/USDT:USDT,0.575,57.0,0.5748,269.0,0.5751,356.0,0.5752,590.0
1753520764979,09:06:04.979,A/USDT:USDT,0.575,57.0,0.5748,269.0,0.5751,356.0,0.5752,590.0
1753520766932,09:06:06.932,A/USDT:USDT,0.575,57.0,0.5748,269.0,0.5751,356.0,0.5752,590.0
1753520767079,09:06:07.079,A/USDT:USDT,0.575,57.0,0.5748,269.0,0.5751,356.0,0.5752,590.0
1753520767142,09:06:07.142,A/USDT:USDT,0.575,57.0,0.5748,10.0,0.5751,356.0,0.5752,590.0
1753520767272,09:06:07.272,A/USDT:USDT,0.575,57.0,0.5748,10.0,0.5751,356.0,0.5752,590.0
1753520768292,09:06:08.292,A/USDT:USDT,0.575,57.0,0.5748,10.0,0.5751,356.0,0.5752,590.0
1753520768842,09:06:08.842,A/USDT:USDT,0.575,57.0,0.5748,10.0,0.5751,356.0,0.5752,5211.0
1753520768962,09:06:08.962,A/USDT:USDT,0.575,57.0,0.5748,10.0,0.5751,356.0,0.5752,5214.0
1753520769149,09:06:09.149,A/USDT:USDT,0.575,57.0,0.5748,10.0,0.5751,356.0,0.5752,5214.0
1753520769779,09:06:09.779,A/USDT:USDT,0.575,57.0,0.5748,10.0,0.5751,356.0,0.5752,5214.0
1753520769917,09:06:09.917,A/USDT:USDT,0.575,57.0,0.5748,10.0,0.5751,356.0,0.5752,5214.0
1753520770027,09:06:10.027,A/USDT:USDT,0.575,57.0,0.5748,10.0,0.5751,356.0,0.5752,5214.0
1753520770917,09:06:10.917,A/USDT:USDT,0.575,57.0,0.5748,10.0,0.5751,356.0,0.5752,5214.0
1753520771106,09:06:11.106,A/USDT:USDT,0.575,57.0,0.5748,10.0,0.5751,356.0,0.5752,5214.0
1753520771571,09:06:11.571,A/USDT:USDT,0.575,57.0,0.5748,10.0,0.5751,356.0,0.5752,5214.0
1753520771968,09:06:11.968,A/USDT:USDT,0.575,57.0,0.5748,10.0,0.5751,356.0,0.5752,5214.0
1753520772059,09:06:12.059,A/USDT:USDT,0.575,57.0,0.5748,10.0,0.5751,356.0,0.5752,5214.0
1753520772125,09:06:12.125,A/USDT:USDT,0.575,57.0,0.5748,268.0,0.5751,346.0,0.5752,5214.0
1753520772267,09:06:12.267,A/USDT:USDT,0.575,57.0,0.5748,268.0,0.5751,351.0,0.5752,5214.0
1753520772363,09:06:12.363,A/USDT:USDT,0.575,57.0,0.5748,10.0,0.5751,351.0,0.5752,5214.0
1753520772564,09:06:12.564,A/USDT:USDT,0.575,57.0,0.5748,10.0,0.5751,356.0,0.5752,5214.0
1753520772582,09:06:12.582,A/USDT:USDT,0.575,57.0,0.5748,10.0,0.5751,356.0,0.5752,5214.0
1753520772753,09:06:12.753,A/USDT:USDT,0.575,57.0,0.5748,10.0,0.5751,356.0,0.5752,5214.0
1753520772979,09:06:12.979,A/USDT:USDT,0.575,57.0,0.5748,10.0,0.5751,356.0,0.5752,5214.0
1753520773651,09:06:13.651,A/USDT:USDT,0.575,57.0,0.5748,10.0,0.5751,356.0,0.5752,5214.0
1753520773735,09:06:13.735,A/USDT:USDT,0.575,57.0,0.5748,10.0,0.5751,365.0,0.5752,5214.0
1753520773940,09:06:13.940,A/USDT:USDT,0.575,57.0,0.5748,10.0,0.5751,365.0,0.5752,5214.0
1753520774297,09:06:14.297,A/USDT:USDT,0.575,57.0,0.5748,10.0,0.5751,365.0,0.5752,5214.0
1753520774578,09:06:14.578,A/USDT:USDT,0.575,57.0,0.5748,10.0,0.5751,365.0,0.5752,5214.0
1753520774649,09:06:14.649,A/USDT:USDT,0.575,57.0,0.5748,10.0,0.5751,365.0,0.5752,5214.0
1753520774767,09:06:14.767,A/USDT:USDT,0.575,5.0,0.5748,10.0,0.5751,355.0,0.5752,5214.0
1753520774822,09:06:14.822,A/USDT:USDT,0.575,5.0,0.5748,10.0,0.5751,355.0,0.5752,5214.0
1753520774889,09:06:14.889,A/USDT:USDT,0.575,5.0,0.5748,10.0,0.5751,355.0,0.5752,5214.0
1753520775623,09:06:15.623,A/USDT:USDT,0.575,5.0,0.5748,10.0,0.5751,355.0,0.5752,5214.0
1753520775736,09:06:15.736,A/USDT:USDT,0.575,5.0,0.5748,10.0,0.5751,355.0,0.5752,5214.0
1753520776126,09:06:16.126,A/USDT:USDT,0.575,5.0,0.5748,10.0,0.5751,360.0,0.5752,5214.0
1753520776252,09:06:16.252,A/USDT:USDT,0.5748,268.0,0.5747,613.0,0.5751,360.0,0.5752,5214.0
1753520776352,09:06:16.352,A/USDT:USDT,0.5748,278.0,0.5747,613.0,0.575,3.0,0.5751,591.0
1753520776386,09:06:16.386,A/USDT:USDT,0.5748,278.0,0.5747,613.0,0.575,3.0,0.5751,591.0
1753520776980,09:06:16.980,A/USDT:USDT,0.5748,278.0,0.5747,613.0,0.575,3.0,0.5751,582.0
1753520777677,09:06:17.677,A/USDT:USDT,0.5748,278.0,0.5747,613.0,0.575,9.0,0.5751,323.0
1753520777683,09:06:17.683,A/USDT:USDT,0.5748,278.0,0.5747,613.0,0.575,9.0,0.5751,323.0
1753520777841,09:06:17.841,A/USDT:USDT,0.5748,278.0,0.5747,613.0,0.575,3.0,0.5752,5210.0
1753520777918,09:06:17.918,A/USDT:USDT,0.5748,290.0,0.5747,613.0,0.575,3.0,0.5752,5210.0
1753520778143,09:06:18.143,A/USDT:USDT,0.5748,290.0,0.5747,613.0,0.5751,3.0,0.5752,5210.0
1753520778268,09:06:18.268,A/USDT:USDT,0.5748,290.0,0.5747,613.0,0.5751,3.0,0.5752,5210.0
1753520778281,09:06:18.281,A/USDT:USDT,0.5748,290.0,0.5747,613.0,0.5751,3.0,0.5752,5210.0
1753520778769,09:06:18.769,A/USDT:USDT,0.5748,290.0,0.5747,1297.0,0.5751,3.0,0.5753,266.0
1753520778844,09:06:18.844,A/USDT:USDT,0.5748,1056.0,0.5747,1068.0,0.5751,3.0,0.5753,589.0
1753520778941,09:06:18.941,A/USDT:USDT,0.5748,1044.0,0.5747,1068.0,0.5751,3.0,0.5753,589.0
1753520778999,09:06:18.999,A/USDT:USDT,0.5748,1044.0,0.5747,1068.0,0.5751,1.0,0.5752,3.0
1753520779129,09:06:19.129,A/USDT:USDT,0.5748,1044.0,0.5747,1068.0,0.5751,1.0,0.5752,3.0
1753520779255,09:06:19.255,A/USDT:USDT,0.5748,1044.0,0.5747,1068.0,0.5752,3.0,0.5753,589.0
1753520779379,09:06:19.379,A/USDT:USDT,0.5748,1044.0,0.5747,1068.0,0.5752,3.0,0.5753,589.0
1753520779577,09:06:19.577,A/USDT:USDT,0.5748,1044.0,0.5747,1068.0,0.5752,3.0,0.5753,589.0
1753520779605,09:06:19.605,A/USDT:USDT,0.5748,1044.0,0.5747,1068.0,0.5752,3.0,0.5753,589.0
1753520779778,09:06:19.778,A/USDT:USDT,0.5748,1044.0,0.5747,1068.0,0.5752,3.0,0.5753,589.0
1753520780006,09:06:20.006,A/USDT:USDT,0.5748,1044.0,0.5747,1068.0,0.5752,3.0,0.5753,589.0
1753520780579,09:06:20.579,A/USDT:USDT,0.5748,10.0,0.5747,258.0,0.5749,87.0,0.575,87.0
1753520780678,09:06:20.678,A/USDT:USDT,0.5747,5.0,0.5746,271.0,0.5749,16.0,0.575,678.0
1753520780777,09:06:20.777,A/USDT:USDT,0.5747,264.0,0.5746,271.0,0.5749,3.0,0.575,323.0
1753520780864,09:06:20.864,A/USDT:USDT,0.5747,264.0,0.5746,271.0,0.575,90.0,0.5751,5191.0
1753520780943,09:06:20.943,A/USDT:USDT,0.5747,264.0,0.5746,271.0,0.575,90.0,0.5751,5191.0
1753520781073,09:06:21.073,A/USDT:USDT,0.5747,264.0,0.5746,271.0,0.575,132.0,0.5751,5191.0
1753520781105,09:06:21.105,A/USDT:USDT,0.5747,264.0,0.5746,271.0,0.575,132.0,0.5751,5191.0
1753520781262,09:06:21.262,A/USDT:USDT,0.5747,373.0,0.5746,271.0,0.575,90.0,0.5751,5191.0
1753520781342,09:06:21.342,A/USDT:USDT,0.5747,373.0,0.5746,271.0,0.575,132.0,0.5751,5191.0
1753520781702,09:06:21.702,A/USDT:USDT,0.5747,373.0,0.5746,271.0,0.575,132.0,0.5751,5191.0
1753520781920,09:06:21.920,A/USDT:USDT,0.5747,373.0,0.5746,271.0,0.575,90.0,0.5751,5191.0
1753520782464,09:06:22.464,A/USDT:USDT,0.5747,373.0,0.5746,271.0,0.575,3.0,0.5751,5191.0
1753520782575,09:06:22.575,A/USDT:USDT,0.5748,17.0,0.5747,368.0,0.575,38.0,0.5751,5191.0
1753520782678,09:06:22.678,A/USDT:USDT,0.5748,17.0,0.5747,723.0,0.575,38.0,0.5751,5191.0
1753520782722,09:06:22.722,A/USDT:USDT,0.5748,276.0,0.5747,723.0,0.575,9.0,0.5751,5191.0
1753520782958,09:06:22.958,A/USDT:USDT,0.5748,281.0,0.5747,723.0,0.575,9.0,0.5751,582.0
1753520782998,09:06:22.998,A/USDT:USDT,0.5748,281.0,0.5747,723.0,0.575,9.0,0.5751,582.0
1753520783244,09:06:23.244,A/USDT:USDT,0.5748,281.0,0.5747,723.0,0.575,9.0,0.5751,582.0
1753520783513,09:06:23.513,A/USDT:USDT,0.5748,281.0,0.5747,723.0,0.575,9.0,0.5751,582.0
1753520783585,09:06:23.585,A/USDT:USDT,0.5748,269.0,0.5747,723.0,0.575,9.0,0.5751,582.0
1753520783900,09:06:23.900,A/USDT:USDT,0.5748,269.0,0.5747,723.0,0.575,9.0,0.5751,582.0
1753520784072,09:06:24.072,A/USDT:USDT,0.5748,269.0,0.5747,776.0,0.575,3.0,0.5752,259.0
1753520784180,09:06:24.180,A/USDT:USDT,0.5748,269.0,0.5747,776.0,0.5752,262.0,0.5753,5548.0
1753520784225,09:06:24.225,A/USDT:USDT,0.5749,322.0,0.5748,259.0,0.5752,262.0,0.5753,5548.0
1753520784318,09:06:24.318,A/USDT:USDT,0.5749,269.0,0.5748,312.0,0.5752,262.0,0.5753,5585.0
1753520784467,09:06:24.467,A/USDT:USDT,0.5749,264.0,0.5748,259.0,0.5751,323.0,0.5752,262.0
1753520784486,09:06:24.486,A/USDT:USDT,0.5749,269.0,0.5748,259.0,0.5751,87.0,0.5752,585.0
1753520784879,09:06:24.879,A/USDT:USDT,0.5749,269.0,0.5748,259.0,0.5751,87.0,0.5752,585.0
1753520784962,09:06:24.962,A/USDT:USDT,0.5749,269.0,0.5748,259.0,0.5751,87.0,0.5752,585.0
1753520785004,09:06:25.004,A/USDT:USDT,0.5749,269.0,0.5748,259.0,0.5751,87.0,0.5752,585.0
1753520785443,09:06:25.443,A/USDT:USDT,0.5749,264.0,0.5748,259.0,0.5752,262.0,0.5753,5585.0
1753520786211,09:06:26.211,A/USDT:USDT,0.5749,264.0,0.5748,259.0,0.5752,262.0,0.5753,5585.0
1753520786379,09:06:26.379,A/USDT:USDT,0.5749,264.0,0.5748,259.0,0.5752,3.0,0.5753,5585.0
1753520786476,09:06:26.476,A/USDT:USDT,0.5749,281.0,0.5748,1423.0,0.5752,3.0,0.5753,4907.0
1753520786569,09:06:26.569,A/USDT:USDT,0.5749,281.0,0.5748,1423.0,0.5752,3.0,0.5753,4641.0
1753520786742,09:06:26.742,A/USDT:USDT,0.5749,281.0,0.5748,1423.0,0.5752,3.0,0.5753,37.0
1753520786788,09:06:26.788,A/USDT:USDT,0.5749,281.0,0.5748,1423.0,0.5753,40.0,0.5754,323.0
1753520786970,09:06:26.970,A/USDT:USDT,0.5749,281.0,0.5748,1423.0,0.5753,40.0,0.5754,323.0
1753520787079,09:06:27.079,A/USDT:USDT,0.5749,281.0,0.5748,1423.0,0.5753,40.0,0.5754,323.0
1753520787261,09:06:27.261,A/USDT:USDT,0.575,630.0,0.5749,271.0,0.5753,40.0,0.5754,323.0
1753520787350,09:06:27.350,A/USDT:USDT,0.575,630.0,0.5749,271.0,0.5753,40.0,0.5754,323.0
1753520787479,09:06:27.479,A/USDT:USDT,0.575,630.0,0.5749,1037.0,0.5753,40.0,0.5755,4857.0
1753520787557,09:06:27.557,A/USDT:USDT,0.5751,590.0,0.575,1927.0,0.5753,37.0,0.5754,3.0
1753520787654,09:06:27.654,A/USDT:USDT,0.5751,602.0,0.575,1927.0,0.5753,37.0,0.5754,3.0
1753520787767,09:06:27.767,A/USDT:USDT,0.5751,602.0,0.575,1927.0,0.5753,37.0,0.5754,3.0
1753520788392,09:06:28.392,A/USDT:USDT,0.5751,602.0,0.575,1927.0,0.5753,37.0,0.5754,3.0
1753520788710,09:06:28.710,A/USDT:USDT,0.5751,590.0,0.575,1927.0,0.5753,37.0,0.5754,3.0
1753520788979,09:06:28.979,A/USDT:USDT,0.5751,590.0,0.575,1927.0,0.5753,37.0,0.5754,3.0
1753520789058,09:06:29.058,A/USDT:USDT,0.5751,580.0,0.575,1927.0,0.5753,37.0,0.5754,591.0
1753520789104,09:06:29.104,A/USDT:USDT,0.5751,580.0,0.575,1927.0,0.5753,37.0,0.5754,591.0
1753520789763,09:06:29.763,A/USDT:USDT,0.5751,590.0,0.575,1922.0,0.5753,37.0,0.5754,591.0
1753520789879,09:06:29.879,A/USDT:USDT,0.5751,585.0,0.575,1922.0,0.5753,37.0,0.5754,591.0
1753520790099,09:06:30.099,A/USDT:USDT,0.5751,590.0,0.575,1922.0,0.5753,37.0,0.5754,591.0
1753520790381,09:06:30.381,A/USDT:USDT,0.5751,590.0,0.575,1922.0,0.5753,37.0,0.5754,591.0
1753520790779,09:06:30.779,A/USDT:USDT,0.5751,590.0,0.575,1922.0,0.5753,37.0,0.5754,3.0
1753520790841,09:06:30.841,A/USDT:USDT,0.5751,590.0,0.575,1922.0,0.5753,37.0,0.5755,584.0
1753520790933,09:06:30.933,A/USDT:USDT,0.5751,590.0,0.575,1922.0,0.5753,37.0,0.5754,323.0
1753520790989,09:06:30.989,A/USDT:USDT,0.5751,590.0,0.575,1922.0,0.5753,40.0,0.5754,323.0
1753520791275,09:06:31.275,A/USDT:USDT,0.5751,699.0,0.575,1922.0,0.5753,40.0,0.5754,323.0
1753520792543,09:06:32.543,A/USDT:USDT,0.5751,694.0,0.575,2688.0,0.5753,40.0,0.5754,323.0
1753520792741,09:06:32.741,A/USDT:USDT,0.5751,699.0,0.575,2688.0,0.5753,40.0,0.5754,323.0
1753520793586,09:06:33.586,A/USDT:USDT,0.5751,699.0,0.575,2688.0,0.5753,40.0,0.5754,323.0
1753520793779,09:06:33.779,A/USDT:USDT,0.5751,699.0,0.575,2688.0,0.5753,40.0,0.5754,323.0
1753520793780,09:06:33.780,A/USDT:USDT,0.5751,699.0,0.575,2688.0,0.5753,40.0,0.5754,323.0
1753520795042,09:06:35.042,A/USDT:USDT,0.5751,699.0,0.575,2688.0,0.5753,40.0,0.5755,580.0
1753520795086,09:06:35.086,A/USDT:USDT,0.5751,699.0,0.575,2688.0,0.5753,37.0,0.5754,3.0
1753520795306,09:06:35.306,A/USDT:USDT,0.5751,699.0,0.575,2688.0,0.5753,37.0,0.5754,3.0
1753520795458,09:06:35.458,A/USDT:USDT,0.5751,699.0,0.575,2688.0,0.5753,37.0,0.5754,325.0
1753520795510,09:06:35.510,A/USDT:USDT,0.5751,699.0,0.575,2688.0,0.5753,37.0,0.5754,325.0
1753520796239,09:06:36.239,A/USDT:USDT,0.5751,711.0,0.575,2688.0,0.5753,37.0,0.5754,325.0
1753520796328,09:06:36.328,A/USDT:USDT,0.5751,711.0,0.575,2688.0,0.5753,37.0,0.5754,325.0
1753520797273,09:06:37.273,A/USDT:USDT,0.5751,699.0,0.575,2688.0,0.5753,37.0,0.5754,325.0
1753520797376,09:06:37.376,A/USDT:USDT,0.5751,694.0,0.575,2688.0,0.5753,37.0,0.5754,325.0
1753520797459,09:06:37.459,A/USDT:USDT,0.5751,694.0,0.575,2688.0,0.5753,37.0,0.5754,325.0
1753520797676,09:06:37.676,A/USDT:USDT,0.5751,694.0,0.575,2688.0,0.5753,37.0,0.5754,325.0
1753520798579,09:06:38.579,A/USDT:USDT,0.5751,694.0,0.575,2688.0,0.5753,37.0,0.5754,325.0
1753520798580,09:06:38.580,A/USDT:USDT,0.5751,694.0,0.575,2688.0,0.5753,37.0,0.5754,325.0
1753520799526,09:06:39.526,A/USDT:USDT,0.5751,699.0,0.575,2688.0,0.5753,37.0,0.5754,325.0
1753520800129,09:06:40.129,A/USDT:USDT,0.5751,694.0,0.575,2688.0,0.5753,37.0,0.5754,325.0
1753520800272,09:06:40.272,A/USDT:USDT,0.5751,694.0,0.575,2688.0,0.5753,37.0,0.5754,325.0
1753520800457,09:06:40.457,A/USDT:USDT,0.5751,694.0,0.575,2688.0,0.5753,37.0,0.5754,325.0
1753520800576,09:06:40.576,A/USDT:USDT,0.5751,699.0,0.575,2688.0,0.5753,37.0,0.5754,325.0
1753520800590,09:06:40.590,A/USDT:USDT,0.5751,699.0,0.575,2688.0,0.5753,37.0,0.5754,325.0
1753520800779,09:06:40.779,A/USDT:USDT,0.5751,694.0,0.575,2688.0,0.5753,37.0,0.5754,325.0
1753520800822,09:06:40.822,A/USDT:USDT,0.5751,694.0,0.575,2688.0,0.5753,37.0,0.5754,325.0
1753520802026,09:06:42.026,A/USDT:USDT,0.5751,109.0,0.575,2688.0,0.5753,37.0,0.5754,325.0
1753520802175,09:06:42.175,A/USDT:USDT,0.5751,114.0,0.575,2688.0,0.5753,37.0,0.5754,325.0
1753520802185,09:06:42.185,A/USDT:USDT,0.5751,920.0,0.575,2688.0,0.5753,37.0,0.5754,325.0
1753520802549,09:06:42.549,A/USDT:USDT,0.5751,920.0,0.575,2688.0,0.5753,37.0,0.5754,325.0
1753520803177,09:06:43.177,A/USDT:USDT,0.5751,915.0,0.575,2688.0,0.5753,37.0,0.5754,325.0
1753520803279,09:06:43.279,A/USDT:USDT,0.5751,109.0,0.575,2333.0,0.5752,87.0,0.5753,307.0
1753520803379,09:06:43.379,A/USDT:USDT,0.5751,109.0,0.575,2068.0,0.5752,92.0,0.5753,624.0
1753520803424,09:06:43.424,A/USDT:USDT,0.5751,109.0,0.575,2068.0,0.5752,90.0,0.5753,624.0
1753520804359,09:06:44.359,A/USDT:USDT,0.5751,109.0,0.575,2068.0,0.5752,3.0,0.5753,624.0
1753520804638,09:06:44.638,A/USDT:USDT,0.5751,109.0,0.575,2068.0,0.5752,3.0,0.5753,359.0
1753520804763,09:06:44.763,A/USDT:USDT,0.5751,109.0,0.575,2068.0,0.5752,16.0,0.5753,359.0
1753520805071,09:06:45.071,A/USDT:USDT,0.5751,379.0,0.575,1657.0,0.5752,3.0,0.5753,37.0
1753520805137,09:06:45.137,A/USDT:USDT,0.5751,876.0,0.575,1657.0,0.5753,37.0,0.5755,583.0
1753520805818,09:06:45.818,A/USDT:USDT,0.5751,876.0,0.575,1657.0,0.5753,37.0,0.5754,322.0
1753520805960,09:06:45.960,A/USDT:USDT,0.5751,876.0,0.575,1657.0,0.5753,40.0,0.5754,322.0
1753520807820,09:06:47.820,A/USDT:USDT,0.5751,871.0,0.575,1657.0,0.5753,40.0,0.5754,322.0
1753520807970,09:06:47.970,A/USDT:USDT,0.5751,876.0,0.575,1657.0,0.5753,40.0,0.5754,322.0
1753520807994,09:06:47.994,A/USDT:USDT,0.5751,876.0,0.575,1657.0,0.5753,40.0,0.5754,322.0
1753520808179,09:06:48.179,A/USDT:USDT,0.5751,876.0,0.575,1657.0,0.5753,40.0,0.5754,322.0
1753520808202,09:06:48.202,A/USDT:USDT,0.5751,876.0,0.575,1657.0,0.5753,40.0,0.5754,322.0
1753520809522,09:06:49.522,A/USDT:USDT,0.5751,1642.0,0.575,1657.0,0.5753,40.0,0.5754,322.0
1753520809749,09:06:49.749,A/USDT:USDT,0.5751,1637.0,0.575,1657.0,0.5753,40.0,0.5754,322.0
1753520810151,09:06:50.151,A/USDT:USDT,0.5751,1637.0,0.575,1657.0,0.5753,40.0,0.5754,322.0
1753520812375,09:06:52.375,A/USDT:USDT,0.5751,1637.0,0.575,1657.0,0.5753,40.0,0.5754,322.0
1753520812562,09:06:52.562,A/USDT:USDT,0.5751,109.0,0.575,2068.0,0.5752,87.0,0.5753,50.0
1753520812590,09:06:52.590,A/USDT:USDT,0.5751,109.0,0.575,2068.0,0.5752,87.0,0.5753,50.0
1753520812790,09:06:52.790,A/USDT:USDT,0.5751,109.0,0.575,2068.0,0.5752,92.0,0.5753,366.0
1753520812979,09:06:52.979,A/USDT:USDT,0.5751,109.0,0.575,2068.0,0.5752,87.0,0.5753,366.0
1753520812980,09:06:52.980,A/USDT:USDT,0.5751,109.0,0.575,2068.0,0.5752,87.0,0.5753,366.0
1753520814265,09:06:54.265,A/USDT:USDT,0.5751,109.0,0.575,2068.0,0.5753,45.0,0.5755,258.0
1753520814298,09:06:54.298,A/USDT:USDT,0.5751,109.0,0.575,2068.0,0.5753,56.0,0.5754,321.0
1753520814386,09:06:54.386,A/USDT:USDT,0.5751,109.0,0.575,2068.0,0.5753,59.0,0.5754,321.0
1753520816060,09:06:56.060,A/USDT:USDT,0.5751,109.0,0.575,2068.0,0.5753,326.0,0.5754,321.0
1753520816266,09:06:56.266,A/USDT:USDT,0.5751,109.0,0.575,1302.0,0.5752,364.0,0.5753,637.0
1753520816323,09:06:56.323,A/USDT:USDT,0.5751,109.0,0.575,1302.0,0.5752,364.0,0.5753,637.0
1753520816454,09:06:56.454,A/USDT:USDT,0.5751,109.0,0.575,1302.0,0.5752,364.0,0.5753,637.0
1753520817057,09:06:57.057,A/USDT:USDT,0.5751,109.0,0.575,1302.0,0.5752,364.0,0.5753,637.0
1753520817779,09:06:57.779,A/USDT:USDT,0.5751,109.0,0.575,1302.0,0.5752,364.0,0.5753,637.0
1753520817781,09:06:57.781,A/USDT:USDT,0.5751,109.0,0.575,1302.0,0.5752,364.0,0.5753,637.0
1753520818104,09:06:58.104,A/USDT:USDT,0.5751,109.0,0.575,1302.0,0.5752,364.0,0.5753,637.0
1753520818240,09:06:58.240,A/USDT:USDT,0.5751,109.0,0.575,1302.0,0.5752,364.0,0.5753,628.0
1753520818525,09:06:58.525,A/USDT:USDT,0.5751,109.0,0.575,1302.0,0.5752,364.0,0.5753,628.0
1753520819223,09:06:59.223,A/USDT:USDT,0.5751,109.0,0.575,1302.0,0.5752,364.0,0.5753,628.0
1753520820110,09:07:00.110,A/USDT:USDT,0.5751,109.0,0.575,1302.0,0.5752,359.0,0.5753,628.0
1753520820646,09:07:00.646,A/USDT:USDT,0.5751,109.0,0.575,1302.0,0.5752,364.0,0.5753,628.0
1753520821102,09:07:01.102,A/USDT:USDT,0.5751,109.0,0.575,1302.0,0.5752,359.0,0.5753,628.0
1753520821339,09:07:01.339,A/USDT:USDT,0.5751,109.0,0.575,1302.0,0.5752,364.0,0.5753,628.0
1753520821442,09:07:01.442,A/USDT:USDT,0.5751,109.0,0.575,1302.0,0.5752,364.0,0.5753,628.0
1753520821863,09:07:01.863,A/USDT:USDT,0.5751,109.0,0.575,1302.0,0.5752,364.0,0.5753,628.0
1753520821953,09:07:01.953,A/USDT:USDT,0.5751,109.0,0.575,1302.0,0.5752,364.0,0.5753,628.0
1753520822009,09:07:02.009,A/USDT:USDT,0.5751,109.0,0.575,1302.0,0.5752,364.0,0.5753,628.0
1753520822580,09:07:02.580,A/USDT:USDT,0.5751,109.0,0.575,1302.0,0.5752,364.0,0.5753,628.0
1753520822584,09:07:02.584,A/USDT:USDT,0.5751,109.0,0.575,1302.0,0.5752,364.0,0.5753,628.0
1753520822931,09:07:02.931,A/USDT:USDT,0.5751,109.0,0.575,1302.0,0.5752,364.0,0.5753,628.0
1753520823107,09:07:03.107,A/USDT:USDT,0.5751,109.0,0.575,1302.0,0.5752,364.0,0.5753,628.0
1753520823743,09:07:03.743,A/USDT:USDT,0.5751,109.0,0.575,1302.0,0.5752,364.0,0.5753,628.0
1753520824442,09:07:04.442,A/USDT:USDT,0.5751,109.0,0.575,1302.0,0.5752,364.0,0.5753,628.0
1753520824621,09:07:04.621,A/USDT:USDT,0.5751,109.0,0.575,1302.0,0.5752,359.0,0.5753,628.0
1753520824730,09:07:04.730,A/USDT:USDT,0.5751,109.0,0.575,1302.0,0.5752,364.0,0.5753,628.0
1753520824919,09:07:04.919,A/USDT:USDT,0.5751,109.0,0.575,1302.0,0.5752,364.0,0.5753,628.0
1753520825067,09:07:05.067,A/USDT:USDT,0.5751,109.0,0.575,1302.0,0.5752,364.0,0.5753,628.0
1753520825156,09:07:05.156,A/USDT:USDT,0.5751,109.0,0.575,1302.0,0.5752,364.0,0.5753,628.0
1753520826700,09:07:06.700,A/USDT:USDT,0.5751,109.0,0.575,1302.0,0.5752,364.0,0.5753,628.0
1753520826848,09:07:06.848,A/USDT:USDT,0.5751,109.0,0.575,1302.0,0.5752,364.0,0.5753,628.0
1753520826983,09:07:06.983,A/USDT:USDT,0.5751,109.0,0.575,1302.0,0.5752,364.0,0.5753,628.0
1753520827380,09:07:07.380,A/USDT:USDT,0.5751,109.0,0.575,1302.0,0.5752,364.0,0.5753,628.0
1753520827402,09:07:07.402,A/USDT:USDT,0.5751,109.0,0.575,1302.0,0.5752,364.0,0.5753,628.0
1753520828377,09:07:08.377,A/USDT:USDT,0.5751,109.0,0.575,1302.0,0.5752,364.0,0.5753,628.0
1753520828543,09:07:08.543,A/USDT:USDT,0.5751,109.0,0.575,1302.0,0.5752,364.0,0.5753,628.0
1753520829063,09:07:09.063,A/USDT:USDT,0.5751,109.0,0.575,1302.0,0.5752,364.0,0.5753,628.0
1753520829082,09:07:09.082,A/USDT:USDT,0.5751,109.0,0.575,1302.0,0.5752,364.0,0.5753,628.0
1753520829510,09:07:09.510,A/USDT:USDT,0.5751,109.0,0.575,1302.0,0.5752,364.0,0.5753,628.0
1753520829722,09:07:09.722,A/USDT:USDT,0.5751,109.0,0.575,1302.0,0.5752,364.0,0.5753,628.0
1753520829788,09:07:09.788,A/USDT:USDT,0.5751,109.0,0.575,1302.0,0.5752,364.0,0.5753,628.0
1753520829940,09:07:09.940,A/USDT:USDT,0.5751,109.0,0.575,1302.0,0.5752,364.0,0.5753,628.0
1753520830120,09:07:10.120,A/USDT:USDT,0.5751,109.0,0.575,1302.0,0.5752,364.0,0.5753,628.0
1753520830721,09:07:10.721,A/USDT:USDT,0.5751,109.0,0.575,1302.0,0.5752,364.0,0.5753,628.0
1753520830855,09:07:10.855,A/USDT:USDT,0.5751,109.0,0.575,1302.0,0.5752,364.0,0.5753,628.0
1753520831165,09:07:11.165,A/USDT:USDT,0.5751,109.0,0.575,1302.0,0.5752,359.0,0.5753,628.0
1753520831263,09:07:11.263,A/USDT:USDT,0.5751,109.0,0.575,1302.0,0.5752,224.0,0.5753,628.0
1753520831367,09:07:11.367,A/USDT:USDT,0.5751,109.0,0.575,1302.0,0.5752,229.0,0.5753,628.0
1753520831585,09:07:11.585,A/USDT:USDT,0.5751,109.0,0.575,1302.0,0.5752,229.0,0.5753,628.0
1753520831903,09:07:11.903,A/USDT:USDT,0.5751,109.0,0.575,1302.0,0.5752,234.0,0.5753,628.0
1753520832180,09:07:12.180,A/USDT:USDT,0.5751,109.0,0.575,1302.0,0.5752,234.0,0.5753,628.0
1753520832249,09:07:12.249,A/USDT:USDT,0.5751,109.0,0.575,1302.0,0.5752,224.0,0.5753,628.0
1753520832353,09:07:12.353,A/USDT:USDT,0.5751,109.0,0.575,1302.0,0.5752,224.0,0.5753,628.0
1753520832671,09:07:12.671,A/USDT:USDT,0.5751,109.0,0.575,1302.0,0.5752,224.0,0.5753,628.0
1753520832682,09:07:12.682,A/USDT:USDT,0.5751,109.0,0.575,1302.0,0.5752,224.0,0.5753,628.0
1753520833218,09:07:13.218,A/USDT:USDT,0.5751,109.0,0.575,1302.0,0.5752,224.0,0.5753,628.0
1753520833419,09:07:13.419,A/USDT:USDT,0.5751,109.0,0.575,1302.0,0.5752,229.0,0.5753,628.0
1753520833549,09:07:13.549,A/USDT:USDT,0.5751,109.0,0.575,1302.0,0.5752,229.0,0.5753,628.0
1753520834495,09:07:14.495,A/USDT:USDT,0.5751,109.0,0.575,1302.0,0.5752,234.0,0.5753,628.0
1753520834711,09:07:14.711,A/USDT:USDT,0.5751,109.0,0.575,1302.0,0.5752,234.0,0.5753,628.0
1753520836836,09:07:16.836,A/USDT:USDT,0.5751,109.0,0.575,1302.0,0.5752,234.0,0.5753,628.0
1753520836982,09:07:16.982,A/USDT:USDT,0.5751,109.0,0.575,1302.0,0.5752,234.0,0.5753,628.0
1753520837514,09:07:17.514,A/USDT:USDT,0.5751,109.0,0.575,1302.0,0.5752,234.0,0.5753,628.0
1753520839594,09:07:19.594,A/USDT:USDT,0.5751,109.0,0.575,1302.0,0.5752,229.0,0.5753,628.0
1753520839816,09:07:19.816,A/USDT:USDT,0.5751,109.0,0.575,1302.0,0.5752,493.0,0.5753,628.0
1753520839962,09:07:19.962,A/USDT:USDT,0.5751,109.0,0.575,1302.0,0.5752,493.0,0.5753,628.0
1753520840363,09:07:20.363,A/USDT:USDT,0.5751,109.0,0.575,1302.0,0.5752,493.0,0.5753,628.0
1753520840767,09:07:20.767,A/USDT:USDT,0.5751,109.0,0.575,1302.0,0.5752,493.0,0.5753,628.0
1753520841659,09:07:21.659,A/USDT:USDT,0.5751,109.0,0.575,1302.0,0.5752,406.0,0.5753,627.0
1753520841753,09:07:21.753,A/USDT:USDT,0.5751,109.0,0.575,1302.0,0.5752,406.0,0.5753,627.0
1753520841848,09:07:21.848,A/USDT:USDT,0.5751,109.0,0.575,1302.0,0.5752,406.0,0.5753,627.0
1753520842056,09:07:22.056,A/USDT:USDT,0.5751,109.0,0.575,1302.0,0.5752,406.0,0.5753,627.0
1753520842403,09:07:22.403,A/USDT:USDT,0.5751,109.0,0.575,1302.0,0.5752,401.0,0.5753,627.0
1753520843122,09:07:23.122,A/USDT:USDT,0.5751,109.0,0.575,1302.0,0.5752,396.0,0.5753,627.0
1753520844128,09:07:24.128,A/USDT:USDT,0.5751,109.0,0.575,1302.0,0.5752,396.0,0.5753,627.0
1753520844246,09:07:24.246,A/USDT:USDT,0.5751,109.0,0.575,1302.0,0.5752,396.0,0.5753,627.0
1753520844436,09:07:24.436,A/USDT:USDT,0.5751,109.0,0.575,1302.0,0.5752,396.0,0.5753,627.0
1753520844611,09:07:24.611,A/USDT:USDT,0.5751,109.0,0.575,1302.0,0.5752,401.0,0.5753,627.0
1753520844741,09:07:24.741,A/USDT:USDT,0.5751,109.0,0.575,1302.0,0.5752,401.0,0.5753,627.0
1753520845257,09:07:25.257,A/USDT:USDT,0.575,1302.0,0.5748,673.0,0.5751,217.0,0.5752,588.0
1753520845364,09:07:25.364,A/USDT:USDT,0.575,1302.0,0.5748,673.0,0.5751,220.0,0.5752,583.0
1753520845430,09:07:25.430,A/USDT:USDT,0.575,1302.0,0.5748,673.0,0.5751,220.0,0.5752,583.0
1753520845562,09:07:25.562,A/USDT:USDT,0.575,1302.0,0.5748,673.0,0.5751,225.0,0.5752,578.0
1753520845659,09:07:25.659,A/USDT:USDT,0.575,1302.0,0.5748,673.0,0.5751,225.0,0.5752,578.0
1753520845683,09:07:25.683,A/USDT:USDT,0.575,1302.0,0.5748,673.0,0.5751,225.0,0.5752,578.0
1753520845837,09:07:25.837,A/USDT:USDT,0.575,1302.0,0.5748,673.0,0.5751,225.0,0.5752,578.0
1753520846190,09:07:26.190,A/USDT:USDT,0.575,1302.0,0.5748,673.0,0.5751,220.0,0.5752,578.0
1753520846427,09:07:26.427,A/USDT:USDT,0.575,1302.0,0.5748,673.0,0.5751,225.0,0.5752,578.0
1753520846662,09:07:26.662,A/USDT:USDT,0.575,1302.0,0.5748,673.0,0.5751,225.0,0.5752,933.0
1753520846846,09:07:26.846,A/USDT:USDT,0.575,1302.0,0.5748,673.0,0.5751,220.0,0.5752,933.0
1753520847444,09:07:27.444,A/USDT:USDT,0.575,1307.0,0.5748,673.0,0.5751,220.0,0.5752,933.0
1753520847562,09:07:27.562,A/USDT:USDT,0.575,1307.0,0.5748,673.0,0.5751,220.0,0.5752,933.0
1753520847831,09:07:27.831,A/USDT:USDT,0.575,1307.0,0.5748,673.0,0.5751,133.0,0.5752,259.0
1753520847936,09:07:27.936,A/USDT:USDT,0.575,1307.0,0.5748,673.0,0.5751,133.0,0.5752,578.0
1753520848070,09:07:28.070,A/USDT:USDT,0.575,1307.0,0.5749,260.0,0.5751,133.0,0.5752,578.0
1753520848154,09:07:28.154,A/USDT:USDT,0.575,1307.0,0.5749,260.0,0.5751,133.0,0.5752,578.0
1753520850380,09:07:30.380,A/USDT:USDT,0.575,1302.0,0.5748,673.0,0.5751,220.0,0.5752,578.0
1753520850466,09:07:30.466,A/USDT:USDT,0.575,1302.0,0.5748,673.0,0.5751,220.0,0.5752,578.0
1753520850559,09:07:30.559,A/USDT:USDT,0.575,1307.0,0.5748,673.0,0.5751,220.0,0.5752,578.0
1753520850924,09:07:30.924,A/USDT:USDT,0.575,1307.0,0.5748,673.0,0.5751,220.0,0.5752,578.0
1753520851382,09:07:31.382,A/USDT:USDT,0.575,1307.0,0.5748,673.0,0.5751,220.0,0.5752,578.0
1753520852039,09:07:32.039,A/USDT:USDT,0.575,1302.0,0.5748,673.0,0.5751,220.0,0.5752,578.0
1753520853072,09:07:33.072,A/USDT:USDT,0.575,1307.0,0.5749,260.0,0.5751,133.0,0.5752,578.0
1753520853463,09:07:33.463,A/USDT:USDT,0.575,1307.0,0.5749,260.0,0.5751,133.0,0.5752,319.0
1753520853674,09:07:33.674,A/USDT:USDT,0.575,1312.0,0.5749,260.0,0.5751,133.0,0.5753,4761.0
1753520853752,09:07:33.752,A/USDT:USDT,0.575,1312.0,0.5749,260.0,0.5751,130.0,0.5752,3.0
1753520853869,09:07:33.869,A/USDT:USDT,0.575,1307.0,0.5749,260.0,0.5751,130.0,0.5752,322.0
1753520853940,09:07:33.940,A/USDT:USDT,0.575,1307.0,0.5749,260.0,0.5751,130.0,0.5752,322.0
1753520854078,09:07:34.078,A/USDT:USDT,0.575,1302.0,0.5749,260.0,0.5751,130.0,0.5752,322.0
1753520854234,09:07:34.234,A/USDT:USDT,0.575,1307.0,0.5749,260.0,0.5751,130.0,0.5752,322.0
1753520855312,09:07:35.312,A/USDT:USDT,0.575,1312.0,0.5749,260.0,0.5751,130.0,0.5752,3.0
1753520855407,09:07:35.407,A/USDT:USDT,0.575,1312.0,0.5749,260.0,0.5751,130.0,0.5752,3.0
1753520855934,09:07:35.934,A/USDT:USDT,0.575,1312.0,0.5749,260.0,0.5751,130.0,0.5752,3.0
1753520856042,09:07:36.042,A/USDT:USDT,0.575,1307.0,0.5749,260.0,0.5751,130.0,0.5752,322.0
1753520856146,09:07:36.146,A/USDT:USDT,0.575,1307.0,0.5749,260.0,0.5751,130.0,0.5752,322.0
1753520856270,09:07:36.270,A/USDT:USDT,0.575,1307.0,0.5749,260.0,0.5751,130.0,0.5752,322.0
1753520856748,09:07:36.748,A/USDT:USDT,0.575,1307.0,0.5749,260.0,0.5751,130.0,0.5752,322.0
1753520857143,09:07:37.143,A/USDT:USDT,0.575,1307.0,0.5749,260.0,0.5751,130.0,0.5752,322.0
1753520858011,09:07:38.011,A/USDT:USDT,0.575,1307.0,0.5749,260.0,0.5751,130.0,0.5752,322.0
1753520858159,09:07:38.159,A/USDT:USDT,0.575,1307.0,0.5749,260.0,0.5751,130.0,0.5752,322.0
1753520858366,09:07:38.366,A/USDT:USDT,0.575,1307.0,0.5749,260.0,0.5751,130.0,0.5752,322.0
1753520858677,09:07:38.677,A/USDT:USDT,0.575,1302.0,0.5749,260.0,0.5751,227.0,0.5752,677.0
1753520858766,09:07:38.766,A/USDT:USDT,0.575,1302.0,0.5748,1025.0,0.5751,227.0,0.5752,677.0
1753520858861,09:07:38.861,A/USDT:USDT,0.575,1307.0,0.5748,1025.0,0.5751,217.0,0.5752,322.0
1753520858883,09:07:38.883,A/USDT:USDT,0.575,1307.0,0.5748,1025.0,0.5751,217.0,0.5752,322.0
1753520859122,09:07:39.122,A/USDT:USDT,0.575,1307.0,0.5748,1025.0,0.5751,217.0,0.5752,322.0
1753520860182,09:07:40.182,A/USDT:USDT,0.575,1307.0,0.5748,1025.0,0.5751,217.0,0.5752,322.0
1753520860717,09:07:40.717,A/USDT:USDT,0.575,1312.0,0.5749,262.0,0.5751,130.0,0.5752,3.0
1753520860816,09:07:40.816,A/USDT:USDT,0.575,1312.0,0.5749,262.0,0.5751,130.0,0.5752,3.0
1753520860969,09:07:40.969,A/USDT:USDT,0.575,1307.0,0.5749,262.0,0.5751,130.0,0.5752,322.0
1753520861029,09:07:41.029,A/USDT:USDT,0.575,1307.0,0.5749,262.0,0.5751,130.0,0.5752,322.0
1753520861109,09:07:41.109,A/USDT:USDT,0.575,1307.0,0.5749,262.0,0.5751,130.0,0.5752,322.0
1753520861471,09:07:41.471,A/USDT:USDT,0.575,1302.0,0.5747,1835.0,0.5751,392.0,0.5752,322.0
1753520861522,09:07:41.522,A/USDT:USDT,0.575,1302.0,0.5747,1380.0,0.5751,397.0,0.5752,677.0
1753520861637,09:07:41.637,A/USDT:USDT,0.575,1302.0,0.5747,1380.0,0.5751,397.0,0.5752,677.0
1753520861740,09:07:41.740,A/USDT:USDT,0.575,1302.0,0.5748,414.0,0.5751,397.0,0.5752,677.0
1753520862710,09:07:42.710,A/USDT:USDT,0.575,1302.0,0.5748,414.0,0.5751,397.0,0.5752,677.0
1753520862859,09:07:42.859,A/USDT:USDT,0.575,1307.0,0.5748,414.0,0.5751,397.0,0.5752,677.0
1753520863573,09:07:43.573,A/USDT:USDT,0.575,1302.0,0.5747,1025.0,0.5751,402.0,0.5752,677.0
1753520863627,09:07:43.627,A/USDT:USDT,0.575,1302.0,0.5747,1025.0,0.5751,402.0,0.5752,677.0
1753520863690,09:07:43.690,A/USDT:USDT,0.575,1302.0,0.5747,1025.0,0.5751,402.0,0.5752,677.0
1753520864136,09:07:44.136,A/USDT:USDT,0.575,1302.0,0.5747,1025.0,0.5751,402.0,0.5752,677.0
1753520864807,09:07:44.807,A/USDT:USDT,0.575,1302.0,0.5747,1025.0,0.5751,402.0,0.5752,677.0
1753520865290,09:07:45.290,A/USDT:USDT,0.575,1302.0,0.5747,1025.0,0.5751,402.0,0.5752,677.0
1753520865576,09:07:45.576,A/USDT:USDT,0.575,1302.0,0.5747,1025.0,0.5751,402.0,0.5752,677.0
1753520865782,09:07:45.782,A/USDT:USDT,0.575,1302.0,0.5747,1025.0,0.5751,402.0,0.5752,677.0
1753520865914,09:07:45.914,A/USDT:USDT,0.575,1302.0,0.5747,1025.0,0.5751,397.0,0.5752,677.0
1753520866056,09:07:46.056,A/USDT:USDT,0.575,1302.0,0.5748,262.0,0.5751,392.0,0.5752,677.0
1753520866103,09:07:46.103,A/USDT:USDT,0.575,1302.0,0.5748,262.0,0.5751,397.0,0.5752,677.0
1753520866239,09:07:46.239,A/USDT:USDT,0.575,1302.0,0.5748,262.0,0.5751,397.0,0.5752,677.0
1753520866471,09:07:46.471,A/USDT:USDT,0.575,1302.0,0.5748,262.0,0.5751,397.0,0.5752,677.0
1753520866786,09:07:46.786,A/USDT:USDT,0.575,1302.0,0.5748,262.0,0.5751,397.0,0.5752,677.0
1753520867380,09:07:47.380,A/USDT:USDT,0.575,1302.0,0.5748,262.0,0.5751,397.0,0.5752,322.0
1753520867443,09:07:47.443,A/USDT:USDT,0.575,1312.0,0.5749,262.0,0.5751,130.0,0.5752,3.0
1753520867560,09:07:47.560,A/USDT:USDT,0.575,1312.0,0.5749,262.0,0.5751,130.0,0.5752,3.0
1753520867827,09:07:47.827,A/USDT:USDT,0.575,1312.0,0.5749,262.0,0.5751,130.0,0.5752,3.0
1753520867898,09:07:47.898,A/USDT:USDT,0.575,1312.0,0.5749,262.0,0.5751,130.0,0.5752,3.0
1753520868379,09:07:48.379,A/USDT:USDT,0.5748,87.0,0.5747,578.0,0.575,130.0,0.5751,319.0
1753520868437,09:07:48.437,A/USDT:USDT,0.5748,87.0,0.5747,578.0,0.575,243.0,0.5751,319.0
1753520868573,09:07:48.573,A/USDT:USDT,0.5748,87.0,0.5747,578.0,0.575,118.0,0.5751,319.0
1753520868664,09:07:48.664,A/USDT:USDT,0.5748,87.0,0.5747,578.0,0.575,79.0,0.5751,319.0
1753520868687,09:07:48.687,A/USDT:USDT,0.5748,87.0,0.5747,578.0,0.575,79.0,0.5751,319.0
1753520868854,09:07:48.854,A/USDT:USDT,0.5748,87.0,0.5747,578.0,0.575,79.0,0.5751,319.0
1753520869432,09:07:49.432,A/USDT:USDT,0.5748,87.0,0.5747,578.0,0.575,79.0,0.5751,319.0
1753520869559,09:07:49.559,A/USDT:USDT,0.5747,259.0,0.5746,590.0,0.5749,87.0,0.575,359.0
1753520869672,09:07:49.672,A/USDT:USDT,0.5747,259.0,0.5746,590.0,0.5749,87.0,0.575,359.0
1753520869714,09:07:49.714,A/USDT:USDT,0.5747,259.0,0.5746,590.0,0.5749,87.0,0.575,359.0
1753520870078,09:07:50.078,A/USDT:USDT,0.5747,259.0,0.5746,590.0,0.5749,87.0,0.575,359.0
1753520870170,09:07:50.170,A/USDT:USDT,0.5749,130.0,0.5748,87.0,0.575,40.0,0.5751,581.0
1753520870243,09:07:50.243,A/USDT:USDT,0.5749,130.0,0.5748,87.0,0.575,161.0,0.5751,581.0
1753520870287,09:07:50.287,A/USDT:USDT,0.5749,130.0,0.5748,87.0,0.575,161.0,0.5751,581.0
1753520870414,09:07:50.414,A/USDT:USDT,0.5749,130.0,0.5748,87.0,0.575,161.0,0.5751,581.0
1753520870521,09:07:50.521,A/USDT:USDT,0.5749,130.0,0.5748,87.0,0.575,156.0,0.5751,586.0
1753520870657,09:07:50.657,A/USDT:USDT,0.5749,135.0,0.5748,87.0,0.575,69.0,0.5751,581.0
1753520870688,09:07:50.688,A/USDT:USDT,0.5749,130.0,0.5748,87.0,0.575,69.0,0.5751,581.0
1753520870967,09:07:50.967,A/USDT:USDT,0.5749,130.0,0.5748,87.0,0.575,69.0,0.5751,581.0
1753520871184,09:07:51.184,A/USDT:USDT,0.5749,130.0,0.5748,92.0,0.575,69.0,0.5751,586.0
1753520871343,09:07:51.343,A/USDT:USDT,0.5749,130.0,0.5748,92.0,0.575,69.0,0.5751,581.0
1753520871450,09:07:51.450,A/USDT:USDT,0.5749,130.0,0.5748,92.0,0.575,69.0,0.5751,586.0
1753520871496,09:07:51.496,A/USDT:USDT,0.5749,130.0,0.5748,92.0,0.575,69.0,0.5751,581.0
1753520871719,09:07:51.719,A/USDT:USDT,0.5749,130.0,0.5748,92.0,0.575,69.0,0.5751,581.0
1753520872107,09:07:52.107,A/USDT:USDT,0.5749,130.0,0.5748,87.0,0.575,156.0,0.5751,581.0
1753520872202,09:07:52.202,A/USDT:USDT,0.5749,130.0,0.5748,87.0,0.575,127.0,0.5751,581.0
1753520872804,09:07:52.804,A/USDT:USDT,0.5749,130.0,0.5748,87.0,0.575,161.0,0.5751,581.0
1753520872905,09:07:52.905,A/USDT:USDT,0.5749,130.0,0.5748,87.0,0.575,161.0,0.5751,581.0
1753520872999,09:07:52.999,A/USDT:USDT,0.5749,130.0,0.5748,87.0,0.575,161.0,0.5751,581.0
1753520873671,09:07:53.671,A/USDT:USDT,0.5749,130.0,0.5748,87.0,0.575,40.0,0.5751,581.0
1753520873760,09:07:53.760,A/USDT:USDT,0.5749,130.0,0.5748,87.0,0.575,40.0,0.5751,581.0
1753520873855,09:07:53.855,A/USDT:USDT,0.5749,130.0,0.5748,87.0,0.575,40.0,0.5751,581.0
1753520874215,09:07:54.215,A/USDT:USDT,0.5749,130.0,0.5748,87.0,0.575,40.0,0.5751,581.0
1753520874287,09:07:54.287,A/USDT:USDT,0.5749,130.0,0.5748,87.0,0.575,40.0,0.5751,581.0
1753520874396,09:07:54.396,A/USDT:USDT,0.5749,130.0,0.5748,87.0,0.575,40.0,0.5751,581.0
1753520875012,09:07:55.012,A/USDT:USDT,0.5749,130.0,0.5748,87.0,0.575,40.0,0.5751,581.0
1753520875331,09:07:55.331,A/USDT:USDT,0.5749,130.0,0.5748,87.0,0.575,40.0,0.5751,319.0
1753520875412,09:07:55.412,A/USDT:USDT,0.5749,130.0,0.5748,87.0,0.575,37.0,0.5751,322.0
1753520875554,09:07:55.554,A/USDT:USDT,0.5749,135.0,0.5748,87.0,0.575,37.0,0.5751,322.0
1753520875632,09:07:55.632,A/USDT:USDT,0.5749,135.0,0.5748,87.0,0.575,37.0,0.5751,322.0
1753520875761,09:07:55.761,A/USDT:USDT,0.5749,130.0,0.5748,87.0,0.575,37.0,0.5751,322.0
1753520875984,09:07:55.984,A/USDT:USDT,0.5749,130.0,0.5748,87.0,0.575,37.0,0.5751,322.0
1753520877380,09:07:57.380,A/USDT:USDT,0.5749,140.0,0.5748,355.0,0.575,37.0,0.5751,3.0
1753520877401,09:07:57.401,A/USDT:USDT,0.5749,140.0,0.5748,355.0,0.575,37.0,0.5752,265.0
1753520877574,09:07:57.574,A/USDT:USDT,0.5749,140.0,0.5748,355.0,0.575,37.0,0.5752,265.0
1753520877670,09:07:57.670,A/USDT:USDT,0.5749,140.0,0.5748,355.0,0.575,37.0,0.5752,584.0
1753520877776,09:07:57.776,A/USDT:USDT,0.5749,140.0,0.5748,355.0,0.575,37.0,0.5752,584.0
1753520877835,09:07:57.835,A/USDT:USDT,0.5749,140.0,0.5748,355.0,0.575,37.0,0.5752,584.0
1753520878057,09:07:58.057,A/USDT:USDT,0.5749,140.0,0.5748,355.0,0.575,37.0,0.5752,584.0
1753520878532,09:07:58.532,A/USDT:USDT,0.5749,140.0,0.5748,355.0,0.575,37.0,0.5752,584.0
1753520879265,09:07:59.265,A/USDT:USDT,0.5749,130.0,0.5748,769.0,0.575,37.0,0.5752,584.0
1753520879282,09:07:59.282,A/USDT:USDT,0.5749,130.0,0.5748,769.0,0.575,37.0,0.5752,584.0
1753520880750,09:08:00.750,A/USDT:USDT,0.5749,130.0,0.5748,769.0,0.575,37.0,0.5752,584.0
1753520880869,09:08:00.869,A/USDT:USDT,0.5749,135.0,0.5748,769.0,0.575,37.0,0.5752,584.0
1753520880882,09:08:00.882,A/USDT:USDT,0.5749,135.0,0.5748,769.0,0.575,37.0,0.5752,584.0
1753520881150,09:08:01.150,A/USDT:USDT,0.5749,140.0,0.5748,769.0,0.575,37.0,0.5752,584.0
1753520881253,09:08:01.253,A/USDT:USDT,0.5749,408.0,0.5748,769.0,0.575,37.0,0.5752,584.0
1753520881382,09:08:01.382,A/USDT:USDT,0.5749,408.0,0.5748,769.0,0.575,37.0,0.5752,584.0
1753520881849,09:08:01.849,A/USDT:USDT,0.5749,408.0,0.5748,769.0,0.575,37.0,0.5752,584.0
1753520881969,09:08:01.969,A/USDT:USDT,0.5751,130.0,0.5749,408.0,0.5752,3.0,0.5753,622.0
1753520882051,09:08:02.051,A/USDT:USDT,0.5751,130.0,0.575,319.0,0.5752,37.0,0.5753,941.0
1753520882173,09:08:02.173,A/USDT:USDT,0.5751,130.0,0.575,319.0,0.5752,40.0,0.5753,941.0
1753520882267,09:08:02.267,A/USDT:USDT,0.5751,130.0,0.575,319.0,0.5752,40.0,0.5753,941.0
1753520883578,09:08:03.578,A/USDT:USDT,0.575,130.0,0.5749,278.0,0.5751,130.0,0.5752,132.0
1753520883637,09:08:03.637,A/USDT:USDT,0.575,130.0,0.5749,592.0,0.5751,130.0,0.5752,363.0
1753520883842,09:08:03.842,A/USDT:USDT,0.575,130.0,0.5749,592.0,0.5752,137.0,0.5753,940.0
1753520883892,09:08:03.892,A/USDT:USDT,0.575,130.0,0.5749,592.0,0.5752,137.0,0.5753,940.0
1753520884291,09:08:04.291,A/USDT:USDT,0.575,130.0,0.5749,592.0,0.5752,137.0,0.5753,940.0
1753520884676,09:08:04.676,A/USDT:USDT,0.575,130.0,0.5749,592.0,0.5752,137.0,0.5753,940.0
1753520884714,09:08:04.714,A/USDT:USDT,0.575,130.0,0.5749,592.0,0.5752,137.0,0.5753,940.0
1753520884968,09:08:04.968,A/USDT:USDT,0.575,130.0,0.5749,592.0,0.5752,137.0,0.5753,940.0
1753520885583,09:08:05.583,A/USDT:USDT,0.575,130.0,0.5749,592.0,0.5752,137.0,0.5753,940.0
1753520885775,09:08:05.775,A/USDT:USDT,0.575,130.0,0.5749,592.0,0.5752,262.0,0.5753,940.0
1753520885807,09:08:05.807,A/USDT:USDT,0.5751,87.0,0.575,130.0,0.5752,170.0,0.5753,940.0
1753520885976,09:08:05.976,A/USDT:USDT,0.5751,87.0,0.575,319.0,0.5752,170.0,0.5753,940.0
1753520886133,09:08:06.133,A/USDT:USDT,0.5751,87.0,0.575,319.0,0.5752,165.0,0.5753,940.0
1753520886235,09:08:06.235,A/USDT:USDT,0.5751,87.0,0.575,319.0,0.5752,170.0,0.5753,940.0
1753520886329,09:08:06.329,A/USDT:USDT,0.5751,87.0,0.575,319.0,0.5752,170.0,0.5753,940.0
1753520886562,09:08:06.562,A/USDT:USDT,0.5751,87.0,0.575,319.0,0.5752,170.0,0.5753,940.0
1753520886582,09:08:06.582,A/USDT:USDT,0.5751,87.0,0.575,319.0,0.5752,170.0,0.5753,940.0
1753520886704,09:08:06.704,A/USDT:USDT,0.5751,87.0,0.575,319.0,0.5752,170.0,0.5753,940.0
1753520886816,09:08:06.816,A/USDT:USDT,0.5751,87.0,0.575,319.0,0.5752,170.0,0.5753,940.0
1753520887129,09:08:07.129,A/USDT:USDT,0.5751,87.0,0.575,319.0,0.5752,175.0,0.5753,940.0
1753520887702,09:08:07.702,A/USDT:USDT,0.5751,87.0,0.575,319.0,0.5752,175.0,0.5753,940.0
1753520888001,09:08:08.001,A/USDT:USDT,0.5751,87.0,0.575,319.0,0.5752,165.0,0.5753,940.0
1753520888969,09:08:08.969,A/USDT:USDT,0.5748,666.0,0.5747,2410.0,0.5751,128.0,0.5752,358.0
1753520889008,09:08:09.008,A/USDT:USDT,0.5749,267.0,0.5748,666.0,0.575,37.0,0.5752,321.0
1753520889160,09:08:09.160,A/USDT:USDT,0.5749,267.0,0.5748,666.0,0.575,37.0,0.5752,321.0
1753520889226,09:08:09.226,A/USDT:USDT,0.5749,267.0,0.5748,666.0,0.575,37.0,0.5752,321.0
1753520890373,09:08:10.373,A/USDT:USDT,0.5749,5.0,0.5748,666.0,0.575,37.0,0.5752,583.0
1753520890402,09:08:10.402,A/USDT:USDT,0.5749,5.0,0.5748,666.0,0.575,37.0,0.5752,583.0
1753520890563,09:08:10.563,A/USDT:USDT,0.5749,5.0,0.5748,666.0,0.575,37.0,0.5751,318.0
1753520890779,09:08:10.779,A/USDT:USDT,0.5749,5.0,0.5748,666.0,0.575,37.0,0.5751,318.0
1753520892035,09:08:12.035,A/USDT:USDT,0.5749,5.0,0.5748,666.0,0.575,37.0,0.5751,318.0
1753520892411,09:08:12.411,A/USDT:USDT,0.5749,5.0,0.5748,666.0,0.575,37.0,0.5751,318.0
1753520893310,09:08:13.310,A/USDT:USDT,0.5748,666.0,0.5747,1699.0,0.575,37.0,0.5751,318.0
1753520893396,09:08:13.396,A/USDT:USDT,0.5748,671.0,0.5747,1699.0,0.575,37.0,0.5751,318.0
1753520893484,09:08:13.484,A/USDT:USDT,0.5748,671.0,0.5747,1699.0,0.575,37.0,0.5751,318.0
1753520893630,09:08:13.630,A/USDT:USDT,0.5748,671.0,0.5747,1699.0,0.575,37.0,0.5751,318.0
1753520894108,09:08:14.108,A/USDT:USDT,0.5748,671.0,0.5747,1699.0,0.575,37.0,0.5751,318.0
1753520894445,09:08:14.445,A/USDT:USDT,0.5748,671.0,0.5747,1699.0,0.575,37.0,0.5751,318.0
1753520895153,09:08:15.153,A/USDT:USDT,0.5748,676.0,0.5747,1699.0,0.575,37.0,0.5751,318.0
1753520895202,09:08:15.202,A/USDT:USDT,0.5748,676.0,0.5747,1699.0,0.575,37.0,0.5751,318.0
