timestamp,time,symbol,bid1_price,bid1_volume,bid2_price,bid2_volume,ask1_price,ask1_volume,ask2_price,ask2_volume
1753531583000,12:06:23.000,AVA/USDT:USDT,0.6014,300.0,0.6013,429.0,0.6021,711.0,0.6022,712.0
1753531584753,12:06:24.753,AVA/USDT:USDT,0.6014,300.0,0.6012,729.0,0.602,426.0,0.6021,711.0
1753531585193,12:06:25.193,AVA/USDT:USDT,0.6014,300.0,0.6012,729.0,0.602,426.0,0.6021,711.0
1753531585608,12:06:25.608,AVA/USDT:USDT,0.6014,300.0,0.6012,729.0,0.602,426.0,0.6021,711.0
1753531594208,12:06:34.208,AVA/USDT:USDT,0.6014,727.0,0.6012,729.0,0.6025,300.0,0.6026,797.0
1753531594394,12:06:34.394,AVA/USDT:USDT,0.6014,300.0,0.6012,729.0,0.6022,427.0,0.6023,727.0
1753531594561,12:06:34.561,AVA/USDT:USDT,0.6014,300.0,0.6012,729.0,0.6022,427.0,0.6023,727.0
1753531596958,12:06:36.958,AVA/USDT:USDT,0.6014,300.0,0.6013,427.0,0.6022,427.0,0.6023,727.0
1753531597870,12:06:37.870,AVA/USDT:USDT,0.6014,300.0,0.6013,427.0,0.6022,427.0,0.6023,727.0
1753531600183,12:06:40.183,AVA/USDT:USDT,0.6014,300.0,0.6013,427.0,0.6022,427.0,0.6023,727.0
1753531601091,12:06:41.091,AVA/USDT:USDT,0.6014,300.0,0.6013,427.0,0.6022,427.0,0.6023,727.0
1753531618203,12:06:58.203,AVA/USDT:USDT,0.6014,300.0,0.6013,427.0,0.6022,427.0,0.6023,727.0
1753531634581,12:07:14.581,AVA/USDT:USDT,0.6014,709.0,0.6013,427.0,0.6022,427.0,0.6023,727.0
1753531635655,12:07:15.655,AVA/USDT:USDT,0.6014,792.0,0.6013,427.0,0.6022,427.0,0.6023,727.0
1753531636478,12:07:16.478,AVA/USDT:USDT,0.6014,792.0,0.6013,427.0,0.6022,427.0,0.6023,727.0
1753531636537,12:07:16.537,AVA/USDT:USDT,0.6014,792.0,0.6013,427.0,0.6022,427.0,0.6023,727.0
1753531637238,12:07:17.238,AVA/USDT:USDT,0.6014,998.0,0.6013,427.0,0.6022,427.0,0.6023,727.0
1753531639103,12:07:19.103,AVA/USDT:USDT,0.6014,998.0,0.6013,427.0,0.6022,427.0,0.6023,727.0
1753531639143,12:07:19.143,AVA/USDT:USDT,0.6014,998.0,0.6013,427.0,0.6022,427.0,0.6023,727.0
1753531642086,12:07:22.086,AVA/USDT:USDT,0.6014,998.0,0.6013,427.0,0.6022,427.0,0.6023,727.0
1753531642123,12:07:22.123,AVA/USDT:USDT,0.6014,998.0,0.6013,427.0,0.6022,427.0,0.6023,727.0
1753531642488,12:07:22.488,AVA/USDT:USDT,0.6014,1081.0,0.6013,427.0,0.6022,427.0,0.6023,727.0
1753531646899,12:07:26.899,AVA/USDT:USDT,0.6014,1081.0,0.6013,427.0,0.6022,427.0,0.6023,727.0
1753531646955,12:07:26.955,AVA/USDT:USDT,0.6014,1081.0,0.6013,427.0,0.6022,427.0,0.6023,727.0
1753531648016,12:07:28.016,AVA/USDT:USDT,0.6014,998.0,0.6013,427.0,0.6022,427.0,0.6023,727.0
1753531650352,12:07:30.352,AVA/USDT:USDT,0.6014,998.0,0.6013,427.0,0.6022,427.0,0.6023,727.0
1753531655666,12:07:35.666,AVA/USDT:USDT,0.6014,589.0,0.6013,427.0,0.6022,427.0,0.6023,727.0
1753531656399,12:07:36.399,AVA/USDT:USDT,0.6014,589.0,0.6013,427.0,0.6022,427.0,0.6023,727.0
1753531656599,12:07:36.599,AVA/USDT:USDT,0.6014,589.0,0.6012,729.0,0.6022,427.0,0.6023,727.0
1753531656672,12:07:36.672,AVA/USDT:USDT,0.6014,589.0,0.6012,729.0,0.6022,427.0,0.6023,727.0
1753531657064,12:07:37.064,AVA/USDT:USDT,0.6014,589.0,0.6012,729.0,0.6022,427.0,0.6023,727.0
1753531657796,12:07:37.796,AVA/USDT:USDT,0.6014,589.0,0.6012,300.0,0.602,718.0,0.6021,718.0
1753531657893,12:07:37.893,AVA/USDT:USDT,0.6014,589.0,0.6012,300.0,0.602,718.0,0.6021,718.0
1753531658747,12:07:38.747,AVA/USDT:USDT,0.6014,289.0,0.6011,300.0,0.602,718.0,0.6021,718.0
1753531659148,12:07:39.148,AVA/USDT:USDT,0.6014,289.0,0.6011,300.0,0.602,718.0,0.6021,718.0
1753531659756,12:07:39.756,AVA/USDT:USDT,0.6014,589.0,0.6011,300.0,0.602,718.0,0.6021,718.0
1753531659975,12:07:39.975,AVA/USDT:USDT,0.6014,589.0,0.6011,300.0,0.602,718.0,0.6021,718.0
1753531661725,12:07:41.725,AVA/USDT:USDT,0.6014,589.0,0.6011,300.0,0.602,718.0,0.6021,718.0
1753531663702,12:07:43.702,AVA/USDT:USDT,0.6014,589.0,0.6011,300.0,0.602,718.0,0.6021,718.0
1753531665679,12:07:45.679,AVA/USDT:USDT,0.6014,589.0,0.6011,300.0,0.602,718.0,0.6021,718.0
1753531667134,12:07:47.134,AVA/USDT:USDT,0.6014,589.0,0.6011,721.0,0.602,718.0,0.6021,718.0
1753531667304,12:07:47.304,AVA/USDT:USDT,0.6014,589.0,0.6011,721.0,0.602,718.0,0.6021,718.0
1753531669478,12:07:49.478,AVA/USDT:USDT,0.6014,589.0,0.6011,721.0,0.602,718.0,0.6021,718.0
1753531670727,12:07:50.727,AVA/USDT:USDT,0.6014,589.0,0.6011,721.0,0.602,718.0,0.6021,718.0
1753531675172,12:07:55.172,AVA/USDT:USDT,0.6014,589.0,0.6011,721.0,0.602,718.0,0.6021,718.0
1753531691531,12:08:11.531,AVA/USDT:USDT,0.6014,589.0,0.6012,427.0,0.602,718.0,0.6021,718.0
1753531692148,12:08:12.148,AVA/USDT:USDT,0.6014,589.0,0.6012,427.0,0.602,718.0,0.6021,718.0
1753531692378,12:08:12.378,AVA/USDT:USDT,0.6014,589.0,0.6013,300.0,0.602,718.0,0.6021,718.0
1753531693045,12:08:13.045,AVA/USDT:USDT,0.6014,589.0,0.6013,300.0,0.602,718.0,0.6021,718.0
1753531694356,12:08:14.356,AVA/USDT:USDT,0.6014,589.0,0.6013,300.0,0.602,718.0,0.6021,718.0
1753531696335,12:08:16.335,AVA/USDT:USDT,0.6014,589.0,0.6013,300.0,0.602,718.0,0.6021,718.0
1753531697367,12:08:17.367,AVA/USDT:USDT,0.6014,589.0,0.6013,300.0,0.602,718.0,0.6021,718.0
1753531698301,12:08:18.301,AVA/USDT:USDT,0.6014,289.0,0.6013,300.0,0.602,718.0,0.6021,718.0
1753531698314,12:08:18.314,AVA/USDT:USDT,0.6014,589.0,0.6013,300.0,0.602,718.0,0.6021,718.0
1753531700290,12:08:20.290,AVA/USDT:USDT,0.6014,589.0,0.6013,300.0,0.602,718.0,0.6021,718.0
1753531702267,12:08:22.267,AVA/USDT:USDT,0.6014,589.0,0.6013,300.0,0.602,718.0,0.6021,718.0
1753531704252,12:08:24.252,AVA/USDT:USDT,0.6014,589.0,0.6013,300.0,0.602,718.0,0.6021,718.0
1753531706223,12:08:26.223,AVA/USDT:USDT,0.6014,589.0,0.6013,300.0,0.602,718.0,0.6021,718.0
1753531708201,12:08:28.201,AVA/USDT:USDT,0.6014,589.0,0.6013,300.0,0.602,718.0,0.6021,718.0
1753531710178,12:08:30.178,AVA/USDT:USDT,0.6014,589.0,0.6013,300.0,0.602,718.0,0.6021,718.0
1753531712156,12:08:32.156,AVA/USDT:USDT,0.6014,589.0,0.6013,300.0,0.602,718.0,0.6021,718.0
1753531714133,12:08:34.133,AVA/USDT:USDT,0.6014,589.0,0.6013,300.0,0.602,718.0,0.6021,718.0
1753531716100,12:08:36.100,AVA/USDT:USDT,0.6014,289.0,0.6013,300.0,0.602,718.0,0.6021,718.0
1753531716125,12:08:36.125,AVA/USDT:USDT,0.6014,589.0,0.6013,300.0,0.602,718.0,0.6021,718.0
1753531718106,12:08:38.106,AVA/USDT:USDT,0.6014,589.0,0.6013,300.0,0.602,718.0,0.6021,718.0
1753531718991,12:08:38.991,AVA/USDT:USDT,0.6014,589.0,0.6013,300.0,0.6019,425.0,0.602,718.0
1753531719094,12:08:39.094,AVA/USDT:USDT,0.6014,589.0,0.601,300.0,0.6019,425.0,0.602,718.0
1753531719501,12:08:39.501,AVA/USDT:USDT,0.6014,589.0,0.601,300.0,0.6019,425.0,0.602,718.0
1753531719928,12:08:39.928,AVA/USDT:USDT,0.6014,589.0,0.601,300.0,0.6019,425.0,0.602,718.0
1753531720066,12:08:40.066,AVA/USDT:USDT,0.6014,289.0,0.601,300.0,0.6019,425.0,0.602,718.0
1753531720112,12:08:40.112,AVA/USDT:USDT,0.6014,289.0,0.601,300.0,0.6019,425.0,0.602,718.0
1753531720254,12:08:40.254,AVA/USDT:USDT,0.6014,289.0,0.601,300.0,0.6019,425.0,0.602,718.0
1753531720364,12:08:40.364,AVA/USDT:USDT,0.6014,289.0,0.601,300.0,0.6019,425.0,0.602,718.0
1753531721192,12:08:41.192,AVA/USDT:USDT,0.6014,289.0,0.601,300.0,0.6019,425.0,0.602,718.0
1753531721247,12:08:41.247,AVA/USDT:USDT,0.6014,289.0,0.601,300.0,0.6019,425.0,0.602,718.0
1753531722044,12:08:42.044,AVA/USDT:USDT,0.6014,289.0,0.601,300.0,0.6019,425.0,0.602,718.0
1753531724851,12:08:44.851,AVA/USDT:USDT,0.6014,289.0,0.601,300.0,0.6019,425.0,0.602,718.0
1753531725000,12:08:45.000,AVA/USDT:USDT,0.6014,289.0,0.601,300.0,0.6019,425.0,0.602,718.0
1753531725011,12:08:45.011,AVA/USDT:USDT,0.6014,289.0,0.601,300.0,0.6019,425.0,0.602,718.0
1753531727408,12:08:47.408,AVA/USDT:USDT,0.601,300.0,0.6009,300.0,0.6019,425.0,0.602,718.0
1753531727423,12:08:47.423,AVA/USDT:USDT,0.601,589.0,0.6009,300.0,0.6019,425.0,0.602,718.0
1753531727978,12:08:47.978,AVA/USDT:USDT,0.601,589.0,0.6009,300.0,0.6019,425.0,0.602,718.0
1753531728185,12:08:48.185,AVA/USDT:USDT,0.601,589.0,0.6009,300.0,0.6019,425.0,0.602,718.0
1753531729944,12:08:49.944,AVA/USDT:USDT,0.601,289.0,0.6009,300.0,0.6019,425.0,0.602,718.0
1753531735219,12:08:55.219,AVA/USDT:USDT,0.601,289.0,0.6009,715.0,0.6019,425.0,0.602,718.0
1753531757470,12:09:17.470,AVA/USDT:USDT,0.6009,589.0,0.6008,719.0,0.6019,425.0,0.602,718.0
1753531758308,12:09:18.308,AVA/USDT:USDT,0.6009,589.0,0.6008,719.0,0.6019,425.0,0.602,718.0
1753531764774,12:09:24.774,AVA/USDT:USDT,0.6009,589.0,0.6008,719.0,0.6019,425.0,0.602,718.0
1753531764893,12:09:24.893,AVA/USDT:USDT,0.6009,589.0,0.6008,300.0,0.6019,425.0,0.602,718.0
1753531764990,12:09:24.990,AVA/USDT:USDT,0.6009,589.0,0.6008,300.0,0.6018,416.0,0.6019,923.0
1753531765072,12:09:25.072,AVA/USDT:USDT,0.6009,589.0,0.6008,300.0,0.6017,416.0,0.6018,914.0
1753531765198,12:09:25.198,AVA/USDT:USDT,0.6009,589.0,0.6008,300.0,0.6016,716.0,0.6017,914.0
1753531765252,12:09:25.252,AVA/USDT:USDT,0.6009,589.0,0.6008,300.0,0.6016,716.0,0.6017,914.0
1753531765407,12:09:25.407,AVA/USDT:USDT,0.6009,589.0,0.6008,300.0,0.6016,716.0,0.6017,914.0
1753531765484,12:09:25.484,AVA/USDT:USDT,0.6009,589.0,0.6008,300.0,0.6016,716.0,0.6017,914.0
1753531765554,12:09:25.554,AVA/USDT:USDT,0.6009,289.0,0.6008,300.0,0.6015,300.0,0.6016,716.0
1753531765707,12:09:25.707,AVA/USDT:USDT,0.6009,289.0,0.6008,300.0,0.6015,300.0,0.6016,716.0
1753531766104,12:09:26.104,AVA/USDT:USDT,0.6009,289.0,0.6008,300.0,0.6015,300.0,0.6016,716.0
1753531766312,12:09:26.312,AVA/USDT:USDT,0.6009,289.0,0.6008,300.0,0.6015,300.0,0.6016,716.0
1753531766554,12:09:26.554,AVA/USDT:USDT,0.6009,289.0,0.6008,300.0,0.6015,300.0,0.6016,716.0
1753531767900,12:09:27.900,AVA/USDT:USDT,0.6009,289.0,0.6008,300.0,0.6015,716.0,0.6016,716.0
1753531767972,12:09:27.972,AVA/USDT:USDT,0.6009,289.0,0.6007,300.0,0.6014,416.0,0.6015,716.0
1753531768108,12:09:28.108,AVA/USDT:USDT,0.6009,289.0,0.6007,300.0,0.6014,416.0,0.6015,716.0
1753531768117,12:09:28.117,AVA/USDT:USDT,0.6009,289.0,0.6007,300.0,0.6014,416.0,0.6015,716.0
1753531768257,12:09:28.257,AVA/USDT:USDT,0.6009,289.0,0.6007,300.0,0.6014,416.0,0.6015,716.0
1753531768509,12:09:28.509,AVA/USDT:USDT,0.6009,289.0,0.6005,416.0,0.6014,416.0,0.6015,716.0
1753531768520,12:09:28.520,AVA/USDT:USDT,0.6009,289.0,0.6005,416.0,0.6014,716.0,0.6015,716.0
1753531768678,12:09:28.678,AVA/USDT:USDT,0.6009,289.0,0.6005,416.0,0.6014,716.0,0.6015,716.0
1753531768803,12:09:28.803,AVA/USDT:USDT,0.6009,289.0,0.6004,416.0,0.6014,716.0,0.6015,716.0
1753531769338,12:09:29.338,AVA/USDT:USDT,0.6009,289.0,0.6004,416.0,0.6014,716.0,0.6015,716.0
1753531769514,12:09:29.514,AVA/USDT:USDT,0.6009,289.0,0.6004,416.0,0.6014,716.0,0.6015,716.0
1753531769635,12:09:29.635,AVA/USDT:USDT,0.6009,289.0,0.6005,837.0,0.6014,716.0,0.6015,716.0
1753531770343,12:09:30.343,AVA/USDT:USDT,0.6009,289.0,0.6005,837.0,0.6014,716.0,0.6015,716.0
1753531772592,12:09:32.592,AVA/USDT:USDT,0.6009,289.0,0.6005,837.0,0.6014,716.0,0.6015,716.0
1753531773195,12:09:33.195,AVA/USDT:USDT,0.6009,289.0,0.6004,416.0,0.6013,416.0,0.6014,716.0
1753531773271,12:09:33.271,AVA/USDT:USDT,0.6009,289.0,0.6004,416.0,0.6013,416.0,0.6014,716.0
1753531773351,12:09:33.351,AVA/USDT:USDT,0.6009,289.0,0.6004,416.0,0.6013,416.0,0.6014,716.0
1753531773492,12:09:33.492,AVA/USDT:USDT,0.6009,289.0,0.6004,416.0,0.6013,716.0,0.6014,716.0
1753531773684,12:09:33.684,AVA/USDT:USDT,0.6009,289.0,0.6004,416.0,0.6013,1214.0,0.6014,716.0
1753531773765,12:09:33.765,AVA/USDT:USDT,0.6009,289.0,0.6004,416.0,0.6013,1214.0,0.6014,716.0
1753531773878,12:09:33.878,AVA/USDT:USDT,0.6005,376.0,0.6004,1253.0,0.6013,1214.0,0.6014,716.0
1753531774213,12:09:34.213,AVA/USDT:USDT,0.6005,376.0,0.6004,1253.0,0.6013,1214.0,0.6014,716.0
1753531774690,12:09:34.690,AVA/USDT:USDT,0.6005,376.0,0.6004,1253.0,0.6013,1214.0,0.6014,716.0
1753531775500,12:09:35.500,AVA/USDT:USDT,0.6005,376.0,0.6004,1253.0,0.6013,1214.0,0.6014,716.0
1753531775885,12:09:35.885,AVA/USDT:USDT,0.6005,792.0,0.6004,1253.0,0.6013,1214.0,0.6014,716.0
1753531776389,12:09:36.389,AVA/USDT:USDT,0.6006,416.0,0.6005,792.0,0.6013,300.0,0.6014,716.0
1753531776431,12:09:36.431,AVA/USDT:USDT,0.6006,416.0,0.6005,792.0,0.6013,300.0,0.6014,716.0
1753531776745,12:09:36.745,AVA/USDT:USDT,0.6006,416.0,0.6005,792.0,0.6013,300.0,0.6014,716.0
1753531777405,12:09:37.405,AVA/USDT:USDT,0.6006,416.0,0.6005,792.0,0.6013,300.0,0.6014,300.0
1753531777425,12:09:37.425,AVA/USDT:USDT,0.6006,416.0,0.6005,792.0,0.6014,300.0,0.6015,300.0
1753531777608,12:09:37.608,AVA/USDT:USDT,0.6006,416.0,0.6005,792.0,0.6014,300.0,0.6015,300.0
1753531777612,12:09:37.612,AVA/USDT:USDT,0.6006,416.0,0.6005,792.0,0.6014,300.0,0.6015,300.0
1753531778409,12:09:38.409,AVA/USDT:USDT,0.6006,416.0,0.6005,792.0,0.6015,300.0,0.6016,416.0
1753531778465,12:09:38.465,AVA/USDT:USDT,0.6006,416.0,0.6005,792.0,0.6015,300.0,0.6016,416.0
1753531778899,12:09:38.899,AVA/USDT:USDT,0.6006,416.0,0.6005,792.0,0.6015,300.0,0.6016,416.0
1753531779742,12:09:39.742,AVA/USDT:USDT,0.6006,416.0,0.6005,792.0,0.6015,300.0,0.6016,416.0
1753531781037,12:09:41.037,AVA/USDT:USDT,0.6006,416.0,0.6005,792.0,0.6018,300.0,0.6019,725.0
1753531781393,12:09:41.393,AVA/USDT:USDT,0.6009,300.0,0.6008,721.0,0.6018,300.0,0.6019,725.0
1753531781415,12:09:41.415,AVA/USDT:USDT,0.601,421.0,0.6009,721.0,0.6018,300.0,0.6019,725.0
1753531781604,12:09:41.604,AVA/USDT:USDT,0.601,421.0,0.6009,721.0,0.6018,300.0,0.6019,725.0
1753531781612,12:09:41.612,AVA/USDT:USDT,0.601,421.0,0.6009,721.0,0.6018,300.0,0.6019,725.0
1753531781896,12:09:41.896,AVA/USDT:USDT,0.601,421.0,0.6009,721.0,0.6018,300.0,0.6019,725.0
1753531782227,12:09:42.227,AVA/USDT:USDT,0.601,421.0,0.6009,721.0,0.6018,300.0,0.6019,725.0
1753531782358,12:09:42.358,AVA/USDT:USDT,0.601,421.0,0.6009,721.0,0.6018,300.0,0.6019,725.0
1753531782809,12:09:42.809,AVA/USDT:USDT,0.601,421.0,0.6009,721.0,0.6018,300.0,0.6019,725.0
1753531782810,12:09:42.810,AVA/USDT:USDT,0.601,421.0,0.6009,721.0,0.6018,300.0,0.6019,725.0
1753531782972,12:09:42.972,AVA/USDT:USDT,0.6011,837.0,0.601,421.0,0.6018,300.0,0.6019,300.0
1753531783353,12:09:43.353,AVA/USDT:USDT,0.6011,837.0,0.601,421.0,0.6019,300.0,0.602,718.0
1753531783634,12:09:43.634,AVA/USDT:USDT,0.6011,837.0,0.601,421.0,0.6019,300.0,0.602,718.0
1753531784465,12:09:44.465,AVA/USDT:USDT,0.6011,837.0,0.601,421.0,0.6019,300.0,0.602,718.0
1753531785961,12:09:45.961,AVA/USDT:USDT,0.6011,837.0,0.601,421.0,0.6019,300.0,0.602,718.0
1753531786309,12:09:46.309,AVA/USDT:USDT,0.6011,837.0,0.601,421.0,0.6019,300.0,0.602,718.0
1753531789793,12:09:49.793,AVA/USDT:USDT,0.6011,837.0,0.601,421.0,0.6019,300.0,0.602,718.0
1753531790153,12:09:50.153,AVA/USDT:USDT,0.6011,837.0,0.601,421.0,0.6019,300.0,0.602,718.0
1753531795497,12:09:55.497,AVA/USDT:USDT,0.601,421.0,0.6009,721.0,0.6019,300.0,0.602,718.0
1753531796730,12:09:56.730,AVA/USDT:USDT,0.601,421.0,0.6009,721.0,0.6019,300.0,0.602,718.0
1753531798498,12:09:58.498,AVA/USDT:USDT,0.6011,837.0,0.601,421.0,0.6019,300.0,0.602,718.0
1753531799641,12:09:59.641,AVA/USDT:USDT,0.6011,837.0,0.601,421.0,0.6019,300.0,0.602,718.0
1753531799838,12:09:59.838,AVA/USDT:USDT,0.6011,920.0,0.601,421.0,0.6019,300.0,0.602,718.0
1753531803530,12:10:03.530,AVA/USDT:USDT,0.6011,83.0,0.601,421.0,0.6019,300.0,0.602,718.0
1753531806105,12:10:06.105,AVA/USDT:USDT,0.6011,507.0,0.601,421.0,0.6019,300.0,0.602,718.0
1753531806111,12:10:06.111,AVA/USDT:USDT,0.6011,507.0,0.601,421.0,0.6019,300.0,0.602,718.0
1753531807047,12:10:07.047,AVA/USDT:USDT,0.601,421.0,0.6009,721.0,0.6019,300.0,0.602,718.0
1753531807497,12:10:07.497,AVA/USDT:USDT,0.601,421.0,0.6009,721.0,0.6019,300.0,0.602,718.0
1753531833908,12:10:33.908,AVA/USDT:USDT,0.601,421.0,0.6009,721.0,0.6019,300.0,0.602,718.0
1753531841175,12:10:41.175,AVA/USDT:USDT,0.6009,300.0,0.6008,721.0,0.6017,721.0,0.6018,721.0
1753531841257,12:10:41.257,AVA/USDT:USDT,0.6009,300.0,0.6008,300.0,0.6015,721.0,0.6016,919.0
1753531841312,12:10:41.312,AVA/USDT:USDT,0.6009,300.0,0.6008,300.0,0.6015,721.0,0.6016,919.0
1753531841692,12:10:41.692,AVA/USDT:USDT,0.6008,300.0,0.6007,721.0,0.6015,300.0,0.6016,919.0
1753531841786,12:10:41.786,AVA/USDT:USDT,0.6008,300.0,0.6007,721.0,0.6015,300.0,0.6016,919.0
1753531842252,12:10:42.252,AVA/USDT:USDT,0.6008,300.0,0.6007,721.0,0.6015,300.0,0.6016,919.0
1753531842674,12:10:42.674,AVA/USDT:USDT,0.6008,300.0,0.6007,721.0,0.6015,300.0,0.6016,919.0
1753531843047,12:10:43.047,AVA/USDT:USDT,0.6008,300.0,0.6007,721.0,0.6015,300.0,0.6016,919.0
1753531844462,12:10:44.462,AVA/USDT:USDT,0.6008,300.0,0.6007,721.0,0.6015,300.0,0.6016,919.0
1753531846272,12:10:46.272,AVA/USDT:USDT,0.6008,300.0,0.6007,721.0,0.6015,300.0,0.6016,919.0
1753531846629,12:10:46.629,AVA/USDT:USDT,0.6008,300.0,0.6007,721.0,0.6015,300.0,0.6016,919.0
1753531850314,12:10:50.314,AVA/USDT:USDT,0.6008,300.0,0.6007,721.0,0.6015,300.0,0.6016,919.0
1753531850592,12:10:50.592,AVA/USDT:USDT,0.6008,300.0,0.6007,721.0,0.6015,300.0,0.6016,919.0
1753531857024,12:10:57.024,AVA/USDT:USDT,0.6008,724.0,0.6007,721.0,0.6015,300.0,0.6016,919.0
1753531857174,12:10:57.174,AVA/USDT:USDT,0.601,300.0,0.6009,724.0,0.6015,300.0,0.6016,498.0
1753531857860,12:10:57.860,AVA/USDT:USDT,0.601,300.0,0.6009,724.0,0.6015,300.0,0.6016,498.0
1753531860957,12:11:00.957,AVA/USDT:USDT,0.601,300.0,0.6009,724.0,0.6015,300.0,0.6017,300.0
1753531861473,12:11:01.473,AVA/USDT:USDT,0.601,300.0,0.6009,724.0,0.6017,300.0,0.6018,721.0
1753531861966,12:11:01.966,AVA/USDT:USDT,0.601,300.0,0.6009,724.0,0.6017,300.0,0.6018,721.0
1753531862173,12:11:02.173,AVA/USDT:USDT,0.601,716.0,0.6009,724.0,0.6017,300.0,0.6018,721.0
1753531863490,12:11:03.490,AVA/USDT:USDT,0.6011,716.0,0.601,716.0,0.6017,300.0,0.6018,300.0
1753531863990,12:11:03.990,AVA/USDT:USDT,0.6011,716.0,0.601,716.0,0.6017,300.0,0.6018,300.0
1753531864453,12:11:04.453,AVA/USDT:USDT,0.6012,300.0,0.6011,716.0,0.6018,300.0,0.6019,300.0
1753531864512,12:11:04.512,AVA/USDT:USDT,0.6012,300.0,0.6011,716.0,0.6018,300.0,0.6019,300.0
1753531864867,12:11:04.867,AVA/USDT:USDT,0.6012,300.0,0.6011,716.0,0.6018,300.0,0.6019,300.0
1753531865434,12:11:05.434,AVA/USDT:USDT,0.6012,300.0,0.6011,716.0,0.6019,300.0,0.602,718.0
1753531866096,12:11:06.096,AVA/USDT:USDT,0.6012,300.0,0.6011,716.0,0.6019,300.0,0.602,718.0
1753531866437,12:11:06.437,AVA/USDT:USDT,0.6012,300.0,0.6011,716.0,0.6019,300.0,0.602,718.0
1753531866986,12:11:06.986,AVA/USDT:USDT,0.6012,716.0,0.6011,716.0,0.6019,300.0,0.602,718.0
1753531867405,12:11:07.405,AVA/USDT:USDT,0.6012,716.0,0.6011,716.0,0.6019,300.0,0.602,718.0
1753531867415,12:11:07.415,AVA/USDT:USDT,0.6012,716.0,0.6011,716.0,0.6019,300.0,0.602,718.0
1753531867843,12:11:07.843,AVA/USDT:USDT,0.6012,716.0,0.6011,716.0,0.6019,300.0,0.602,718.0
1753531868292,12:11:08.292,AVA/USDT:USDT,0.6012,716.0,0.6011,1553.0,0.6019,300.0,0.602,718.0
1753531868350,12:11:08.350,AVA/USDT:USDT,0.6012,716.0,0.6011,1553.0,0.6019,300.0,0.602,718.0
1753531895057,12:11:35.057,AVA/USDT:USDT,0.6012,1182.0,0.6011,1553.0,0.6019,300.0,0.602,718.0
1753531896384,12:11:36.384,AVA/USDT:USDT,0.6013,423.0,0.6012,1182.0,0.6019,300.0,0.602,300.0
1753531896412,12:11:36.412,AVA/USDT:USDT,0.6013,423.0,0.6012,1182.0,0.6019,300.0,0.602,300.0
1753531896896,12:11:36.896,AVA/USDT:USDT,0.6013,423.0,0.6012,1182.0,0.6019,300.0,0.602,300.0
1753531897060,12:11:37.060,AVA/USDT:USDT,0.6013,423.0,0.6012,1182.0,0.602,300.0,0.6021,418.0
1753531897256,12:11:37.256,AVA/USDT:USDT,0.6013,917.0,0.6012,1182.0,0.602,300.0,0.6021,418.0
1753531898123,12:11:38.123,AVA/USDT:USDT,0.6013,917.0,0.6012,1182.0,0.602,300.0,0.6021,418.0
1753531898625,12:11:38.625,AVA/USDT:USDT,0.6013,917.0,0.6012,1182.0,0.602,300.0,0.6021,418.0
1753531898913,12:11:38.913,AVA/USDT:USDT,0.6013,917.0,0.6012,1182.0,0.602,300.0,0.6021,418.0
1753531899239,12:11:39.239,AVA/USDT:USDT,0.6013,423.0,0.6012,1182.0,0.602,300.0,0.6021,418.0
1753531899520,12:11:39.520,AVA/USDT:USDT,0.6013,423.0,0.6012,1182.0,0.602,300.0,0.6021,418.0
1753531901254,12:11:41.254,AVA/USDT:USDT,0.6013,926.0,0.6012,1182.0,0.602,300.0,0.6021,418.0
1753531901546,12:11:41.546,AVA/USDT:USDT,0.6013,926.0,0.6012,1182.0,0.602,300.0,0.6021,418.0
1753531906358,12:11:46.358,AVA/USDT:USDT,0.6014,414.0,0.6013,926.0,0.602,300.0,0.6023,414.0
1753531906433,12:11:46.433,AVA/USDT:USDT,0.6014,414.0,0.6013,926.0,0.602,300.0,0.6023,414.0
1753531906867,12:11:46.867,AVA/USDT:USDT,0.6014,414.0,0.6013,926.0,0.602,300.0,0.6023,414.0
1753531907340,12:11:47.340,AVA/USDT:USDT,0.6014,414.0,0.6013,926.0,0.602,300.0,0.6023,414.0
1753531911109,12:11:51.109,AVA/USDT:USDT,0.6014,414.0,0.6013,926.0,0.6023,414.0,0.6024,716.0
1753531911185,12:11:51.185,AVA/USDT:USDT,0.6014,414.0,0.6013,926.0,0.6024,716.0,0.6025,716.0
1753531911405,12:11:51.405,AVA/USDT:USDT,0.6014,414.0,0.6013,926.0,0.6024,716.0,0.6025,716.0
1753531911418,12:11:51.418,AVA/USDT:USDT,0.6014,414.0,0.6013,926.0,0.6024,716.0,0.6025,716.0
1753531911531,12:11:51.531,AVA/USDT:USDT,0.6014,414.0,0.6013,926.0,0.6024,716.0,0.6025,716.0
1753531912444,12:11:52.444,AVA/USDT:USDT,0.6014,414.0,0.6013,926.0,0.6024,716.0,0.6025,716.0
1753531912899,12:11:52.899,AVA/USDT:USDT,0.6014,414.0,0.6013,926.0,0.6024,716.0,0.6025,716.0
1753531913292,12:11:53.292,AVA/USDT:USDT,0.6013,423.0,0.6012,1182.0,0.6024,716.0,0.6025,716.0
1753531914121,12:11:54.121,AVA/USDT:USDT,0.6013,423.0,0.6012,1182.0,0.6024,716.0,0.6025,716.0
1753531921201,12:12:01.201,AVA/USDT:USDT,0.6013,423.0,0.6012,1182.0,0.6024,300.0,0.6025,300.0
1753531921793,12:12:01.793,AVA/USDT:USDT,0.6013,423.0,0.6012,1182.0,0.6025,300.0,0.6026,716.0
1753531921902,12:12:01.902,AVA/USDT:USDT,0.6014,429.0,0.6013,506.0,0.6025,300.0,0.6026,716.0
1753531922349,12:12:02.349,AVA/USDT:USDT,0.6014,429.0,0.6013,506.0,0.6025,300.0,0.6026,716.0
1753531924340,12:12:04.340,AVA/USDT:USDT,0.6014,429.0,0.6013,506.0,0.6025,300.0,0.6026,716.0
1753531924759,12:12:04.759,AVA/USDT:USDT,0.6014,429.0,0.6013,506.0,0.6025,300.0,0.6026,716.0
1753531924994,12:12:04.994,AVA/USDT:USDT,0.6013,423.0,0.6012,1182.0,0.6025,300.0,0.6026,716.0
1753531925353,12:12:05.353,AVA/USDT:USDT,0.6013,423.0,0.6012,1182.0,0.6025,300.0,0.6026,716.0
1753531925647,12:12:05.647,AVA/USDT:USDT,0.6014,429.0,0.6013,560.0,0.6025,300.0,0.6026,716.0
1753531925907,12:12:05.907,AVA/USDT:USDT,0.6014,429.0,0.6013,669.0,0.6025,300.0,0.6026,716.0
1753531925930,12:12:05.930,AVA/USDT:USDT,0.6014,429.0,0.6013,560.0,0.6025,300.0,0.6026,716.0
1753531926261,12:12:06.261,AVA/USDT:USDT,0.6014,429.0,0.6013,560.0,0.6025,300.0,0.6026,716.0
1753531926852,12:12:06.852,AVA/USDT:USDT,0.6013,423.0,0.6012,1182.0,0.6025,300.0,0.6026,716.0
1753531927481,12:12:07.481,AVA/USDT:USDT,0.6013,423.0,0.6012,1182.0,0.6025,300.0,0.6026,716.0
1753531928473,12:12:08.473,AVA/USDT:USDT,0.6013,423.0,0.6012,1182.0,0.6025,300.0,0.6026,716.0
1753531928704,12:12:08.704,AVA/USDT:USDT,0.6013,423.0,0.6012,1182.0,0.6025,300.0,0.6026,716.0
1753531930266,12:12:10.266,AVA/USDT:USDT,0.6013,423.0,0.6012,1182.0,0.6024,710.0,0.6025,710.0
1753531930693,12:12:10.693,AVA/USDT:USDT,0.6013,423.0,0.6012,1182.0,0.6023,300.0,0.6024,710.0
1753531931590,12:12:11.590,AVA/USDT:USDT,0.6013,423.0,0.6012,1182.0,0.6023,300.0,0.6024,710.0
1753531932368,12:12:12.368,AVA/USDT:USDT,0.6013,423.0,0.6012,1182.0,0.6023,710.0,0.6024,710.0
1753531932446,12:12:12.446,AVA/USDT:USDT,0.6013,423.0,0.6012,1182.0,0.6023,710.0,0.6024,710.0
1753531932533,12:12:12.533,AVA/USDT:USDT,0.6013,423.0,0.6012,1182.0,0.6022,710.0,0.6023,710.0
1753531932681,12:12:12.681,AVA/USDT:USDT,0.6013,423.0,0.6012,1182.0,0.6021,300.0,0.6022,710.0
1753531932734,12:12:12.734,AVA/USDT:USDT,0.6013,423.0,0.6012,1182.0,0.6021,300.0,0.6022,710.0
1753531932823,12:12:12.823,AVA/USDT:USDT,0.6013,423.0,0.6012,1182.0,0.6021,300.0,0.6022,710.0
1753531933254,12:12:13.254,AVA/USDT:USDT,0.6013,423.0,0.6012,1182.0,0.6021,300.0,0.6022,710.0
1753531936329,12:12:16.329,AVA/USDT:USDT,0.6013,423.0,0.6012,1182.0,0.6021,300.0,0.6022,710.0
1753531936559,12:12:16.559,AVA/USDT:USDT,0.6013,423.0,0.6012,1182.0,0.6021,300.0,0.6022,710.0
1753531942623,12:12:22.623,AVA/USDT:USDT,0.6013,423.0,0.6012,1182.0,0.6021,300.0,0.6022,300.0
1753531942988,12:12:22.988,AVA/USDT:USDT,0.6013,423.0,0.6012,1182.0,0.6022,300.0,0.6023,300.0
1753531943206,12:12:23.206,AVA/USDT:USDT,0.6013,506.0,0.6012,1182.0,0.6022,300.0,0.6023,300.0
1753531943212,12:12:23.212,AVA/USDT:USDT,0.6014,426.0,0.6013,506.0,0.6022,300.0,0.6023,300.0
1753531943575,12:12:23.575,AVA/USDT:USDT,0.6013,423.0,0.6012,1182.0,0.6023,300.0,0.6024,710.0
1753531943641,12:12:23.641,AVA/USDT:USDT,0.6013,423.0,0.6012,1182.0,0.6023,300.0,0.6024,710.0
1753531943772,12:12:23.772,AVA/USDT:USDT,0.6014,426.0,0.6013,506.0,0.6023,300.0,0.6024,710.0
1753531944173,12:12:24.173,AVA/USDT:USDT,0.6013,423.0,0.6012,1182.0,0.6023,300.0,0.6024,710.0
1753531944608,12:12:24.608,AVA/USDT:USDT,0.6013,423.0,0.6012,1182.0,0.6023,300.0,0.6024,710.0
1753531944610,12:12:24.610,AVA/USDT:USDT,0.6013,423.0,0.6012,1182.0,0.6023,300.0,0.6024,710.0
1753531945455,12:12:25.455,AVA/USDT:USDT,0.6013,423.0,0.6012,1182.0,0.6023,300.0,0.6024,710.0
1753531945927,12:12:25.927,AVA/USDT:USDT,0.6014,426.0,0.6013,506.0,0.6023,300.0,0.6024,710.0
1753531946280,12:12:26.280,AVA/USDT:USDT,0.6014,426.0,0.6013,506.0,0.6023,300.0,0.6024,710.0
1753531949185,12:12:29.185,AVA/USDT:USDT,0.6013,423.0,0.6012,1182.0,0.6023,300.0,0.6024,710.0
1753531949230,12:12:29.230,AVA/USDT:USDT,0.6014,426.0,0.6013,506.0,0.6023,726.0,0.6024,710.0
1753531950775,12:12:30.775,AVA/USDT:USDT,0.6013,423.0,0.6012,1182.0,0.6023,726.0,0.6024,710.0
1753531951599,12:12:31.599,AVA/USDT:USDT,0.6013,423.0,0.6012,1182.0,0.6023,726.0,0.6024,710.0
1753531955753,12:12:35.753,AVA/USDT:USDT,0.6014,411.0,0.6013,537.0,0.6023,300.0,0.6024,710.0
1753531956538,12:12:36.538,AVA/USDT:USDT,0.6014,411.0,0.6013,537.0,0.6023,300.0,0.6024,710.0
1753531958755,12:12:38.755,AVA/USDT:USDT,0.6013,423.0,0.6012,1182.0,0.6023,300.0,0.6024,710.0
1753531959507,12:12:39.507,AVA/USDT:USDT,0.6013,423.0,0.6012,1182.0,0.6023,300.0,0.6024,710.0
1753531959598,12:12:39.598,AVA/USDT:USDT,0.6015,411.0,0.6014,411.0,0.6023,300.0,0.6024,710.0
1753531959722,12:12:39.722,AVA/USDT:USDT,0.6014,411.0,0.6013,921.0,0.6023,300.0,0.6024,710.0
1753531960364,12:12:40.364,AVA/USDT:USDT,0.6015,416.0,0.6014,711.0,0.6023,300.0,0.6024,710.0
1753531961404,12:12:41.404,AVA/USDT:USDT,0.6015,416.0,0.6014,711.0,0.6023,300.0,0.6024,710.0
1753531961438,12:12:41.438,AVA/USDT:USDT,0.6016,416.0,0.6015,416.0,0.6023,300.0,0.6024,710.0
1753531961584,12:12:41.584,AVA/USDT:USDT,0.6015,416.0,0.6014,711.0,0.6023,300.0,0.6024,710.0
1753531964449,12:12:44.449,AVA/USDT:USDT,0.6016,416.0,0.6015,582.0,0.6023,300.0,0.6024,710.0
1753531965306,12:12:45.306,AVA/USDT:USDT,0.6019,300.0,0.6018,837.0,0.6024,300.0,0.6025,710.0
1753531965313,12:12:45.313,AVA/USDT:USDT,0.6019,300.0,0.6018,837.0,0.6024,300.0,0.6025,710.0
1753531966291,12:12:46.291,AVA/USDT:USDT,0.6019,300.0,0.6018,837.0,0.6024,300.0,0.6025,710.0
1753531966314,12:12:46.314,AVA/USDT:USDT,0.6019,300.0,0.6018,837.0,0.6024,300.0,0.6025,710.0
1753531966537,12:12:46.537,AVA/USDT:USDT,0.6019,300.0,0.6018,837.0,0.6024,300.0,0.6025,710.0
1753531967281,12:12:47.281,AVA/USDT:USDT,0.6019,300.0,0.6018,837.0,0.6024,300.0,0.6025,710.0
1753531967360,12:12:47.360,AVA/USDT:USDT,0.6019,300.0,0.6018,837.0,0.6024,300.0,0.6025,710.0
1753531968632,12:12:48.632,AVA/USDT:USDT,0.6019,300.0,0.6018,837.0,0.6024,300.0,0.6025,710.0
1753531969470,12:12:49.470,AVA/USDT:USDT,0.6019,389.0,0.6018,837.0,0.6024,300.0,0.6025,710.0
1753531974859,12:12:54.859,AVA/USDT:USDT,0.6019,300.0,0.6018,837.0,0.6024,300.0,0.6025,710.0
1753531983852,12:13:03.852,AVA/USDT:USDT,0.6019,680.0,0.6018,1265.0,0.6024,300.0,0.6025,710.0
1753531987707,12:13:07.707,AVA/USDT:USDT,0.602,428.0,0.6019,680.0,0.6026,300.0,0.6027,716.0
1753531988053,12:13:08.053,AVA/USDT:USDT,0.602,728.0,0.6019,680.0,0.6026,300.0,0.6027,716.0
1753531988606,12:13:08.606,AVA/USDT:USDT,0.602,728.0,0.6019,680.0,0.6026,300.0,0.6027,716.0
1753531989052,12:13:09.052,AVA/USDT:USDT,0.602,728.0,0.6019,680.0,0.6026,300.0,0.6027,716.0
1753531990035,12:13:10.035,AVA/USDT:USDT,0.602,728.0,0.6019,680.0,0.6026,300.0,0.6027,716.0
1753531991038,12:13:11.038,AVA/USDT:USDT,0.602,728.0,0.6019,680.0,0.6026,300.0,0.6027,716.0
1753531991449,12:13:11.449,AVA/USDT:USDT,0.602,728.0,0.6019,680.0,0.6026,300.0,0.6027,716.0
1753531993214,12:13:13.214,AVA/USDT:USDT,0.602,728.0,0.6019,680.0,0.6026,300.0,0.6027,716.0
1753531994572,12:13:14.572,AVA/USDT:USDT,0.602,728.0,0.6019,680.0,0.6026,300.0,0.6027,716.0
1753531998733,12:13:18.733,AVA/USDT:USDT,0.6021,426.0,0.602,728.0,0.6026,300.0,0.6027,300.0
1753531998929,12:13:18.929,AVA/USDT:USDT,0.6021,726.0,0.602,728.0,0.6027,300.0,0.6028,719.0
1753531999349,12:13:19.349,AVA/USDT:USDT,0.6021,726.0,0.602,728.0,0.6027,300.0,0.6028,719.0
1753531999672,12:13:19.672,AVA/USDT:USDT,0.6022,369.0,0.6021,1229.0,0.6027,300.0,0.6028,300.0
1753531999778,12:13:19.778,AVA/USDT:USDT,0.6022,369.0,0.6021,1229.0,0.6027,300.0,0.6028,300.0
1753531999903,12:13:19.903,AVA/USDT:USDT,0.6022,369.0,0.6021,1229.0,0.6028,300.0,0.6029,424.0
1753531999997,12:13:19.997,AVA/USDT:USDT,0.6022,669.0,0.6021,1229.0,0.6028,300.0,0.6029,424.0
1753532000107,12:13:20.107,AVA/USDT:USDT,0.6022,669.0,0.6021,1229.0,0.6028,300.0,0.6029,424.0
1753532000205,12:13:20.205,AVA/USDT:USDT,0.6022,669.0,0.6021,1229.0,0.6028,300.0,0.6029,424.0
1753532000695,12:13:20.695,AVA/USDT:USDT,0.6022,669.0,0.6021,1229.0,0.6028,300.0,0.6029,424.0
1753532001672,12:13:21.672,AVA/USDT:USDT,0.6022,300.0,0.6021,726.0,0.6028,300.0,0.6029,424.0
1753532003260,12:13:23.260,AVA/USDT:USDT,0.6022,300.0,0.6021,726.0,0.6028,300.0,0.6029,424.0
1753532003453,12:13:23.453,AVA/USDT:USDT,0.6022,300.0,0.6021,726.0,0.6028,300.0,0.6029,424.0
1753532003724,12:13:23.724,AVA/USDT:USDT,0.6022,300.0,0.6021,726.0,0.6028,714.0,0.6029,424.0
1753532011593,12:13:31.593,AVA/USDT:USDT,0.602,300.0,0.6019,680.0,0.6026,415.0,0.6027,715.0
1753532011613,12:13:31.613,AVA/USDT:USDT,0.602,300.0,0.6019,680.0,0.6026,715.0,0.6027,715.0
1753532011788,12:13:31.788,AVA/USDT:USDT,0.602,803.0,0.6019,680.0,0.6026,715.0,0.6027,715.0
1753532012280,12:13:32.280,AVA/USDT:USDT,0.602,803.0,0.6019,680.0,0.6026,715.0,0.6027,715.0
1753532012775,12:13:32.775,AVA/USDT:USDT,0.602,803.0,0.6019,680.0,0.6026,715.0,0.6027,715.0
1753532013246,12:13:33.246,AVA/USDT:USDT,0.602,803.0,0.6019,680.0,0.6026,715.0,0.6027,715.0
1753532013778,12:13:33.778,AVA/USDT:USDT,0.602,300.0,0.6019,680.0,0.6026,715.0,0.6027,715.0
1753532018158,12:13:38.158,AVA/USDT:USDT,0.602,300.0,0.6019,1095.0,0.6026,715.0,0.6027,715.0
1753532051525,12:14:11.525,AVA/USDT:USDT,0.602,300.0,0.6019,1095.0,0.6026,715.0,0.6027,715.0
1753532054470,12:14:14.470,AVA/USDT:USDT,0.602,300.0,0.6019,680.0,0.6025,428.0,0.6026,715.0
1753532054790,12:14:14.790,AVA/USDT:USDT,0.602,300.0,0.6019,680.0,0.6025,428.0,0.6026,715.0
1753532054936,12:14:14.936,AVA/USDT:USDT,0.602,300.0,0.6019,680.0,0.6025,428.0,0.6026,715.0
1753532055216,12:14:15.216,AVA/USDT:USDT,0.602,300.0,0.6019,680.0,0.6025,428.0,0.6026,715.0
1753532055433,12:14:15.433,AVA/USDT:USDT,0.602,300.0,0.6019,680.0,0.6025,428.0,0.6026,715.0
1753532055552,12:14:15.552,AVA/USDT:USDT,0.602,300.0,0.6019,300.0,0.6025,428.0,0.6026,715.0
1753532055689,12:14:15.689,AVA/USDT:USDT,0.602,300.0,0.6019,300.0,0.6025,428.0,0.6026,715.0
1753532056269,12:14:16.269,AVA/USDT:USDT,0.6019,300.0,0.6017,716.0,0.6025,428.0,0.6026,715.0
1753532056529,12:14:16.529,AVA/USDT:USDT,0.6019,300.0,0.6017,716.0,0.6025,428.0,0.6026,715.0
1753532068932,12:14:28.932,AVA/USDT:USDT,0.6019,300.0,0.6018,425.0,0.6025,428.0,0.6026,715.0
1753532069692,12:14:29.692,AVA/USDT:USDT,0.6019,679.0,0.6018,1262.0,0.6025,428.0,0.6026,715.0
1753532069900,12:14:29.900,AVA/USDT:USDT,0.6019,679.0,0.6018,1262.0,0.6025,428.0,0.6026,715.0
1753532074352,12:14:34.352,AVA/USDT:USDT,0.6019,300.0,0.6018,425.0,0.6025,428.0,0.6026,715.0
1753532077062,12:14:37.062,AVA/USDT:USDT,0.6019,300.0,0.6018,425.0,0.6025,428.0,0.6026,715.0
1753532078395,12:14:38.395,AVA/USDT:USDT,0.6019,300.0,0.6017,716.0,0.6025,428.0,0.6026,715.0
1753532078834,12:14:38.834,AVA/USDT:USDT,0.6019,300.0,0.6017,716.0,0.6025,428.0,0.6026,715.0
1753532079463,12:14:39.463,AVA/USDT:USDT,0.6019,300.0,0.6017,300.0,0.6025,428.0,0.6026,715.0
1753532080004,12:14:40.004,AVA/USDT:USDT,0.6017,300.0,0.6016,300.0,0.6025,428.0,0.6026,715.0
1753532080032,12:14:40.032,AVA/USDT:USDT,0.6017,300.0,0.6016,300.0,0.6025,428.0,0.6026,715.0
1753532080870,12:14:40.870,AVA/USDT:USDT,0.6017,300.0,0.6016,300.0,0.6025,428.0,0.6026,715.0
1753532080987,12:14:40.987,AVA/USDT:USDT,0.6016,300.0,0.6015,716.0,0.6025,428.0,0.6026,715.0
1753532081576,12:14:41.576,AVA/USDT:USDT,0.6016,300.0,0.6015,716.0,0.6025,428.0,0.6026,715.0
1753532081761,12:14:41.761,AVA/USDT:USDT,0.6016,300.0,0.6015,716.0,0.6025,428.0,0.6026,715.0
1753532082801,12:14:42.801,AVA/USDT:USDT,0.6016,725.0,0.6015,716.0,0.6025,428.0,0.6026,715.0
1753532084047,12:14:44.047,AVA/USDT:USDT,0.6018,300.0,0.6017,725.0,0.6025,428.0,0.6026,715.0
1753532085051,12:14:45.051,AVA/USDT:USDT,0.6018,300.0,0.6017,725.0,0.6025,428.0,0.6026,715.0
1753532096618,12:14:56.618,AVA/USDT:USDT,0.6018,712.0,0.6017,725.0,0.6026,715.0,0.6027,715.0
1753532096843,12:14:56.843,AVA/USDT:USDT,0.6018,712.0,0.6017,725.0,0.6026,715.0,0.6027,715.0
1753532103659,12:15:03.659,AVA/USDT:USDT,0.6018,300.0,0.6017,725.0,0.6025,429.0,0.6026,715.0
1753532103863,12:15:03.863,AVA/USDT:USDT,0.6018,300.0,0.6017,725.0,0.6025,429.0,0.6026,715.0
1753532104697,12:15:04.697,AVA/USDT:USDT,0.6018,300.0,0.6017,725.0,0.6025,429.0,0.6026,715.0
1753532106877,12:15:06.877,AVA/USDT:USDT,0.6018,300.0,0.6017,725.0,0.6025,429.0,0.6026,715.0
1753532111620,12:15:11.620,AVA/USDT:USDT,0.6018,300.0,0.6017,725.0,0.6025,429.0,0.6026,715.0
1753532124104,12:15:24.104,AVA/USDT:USDT,0.6018,300.0,0.6017,725.0,0.6026,715.0,0.6027,715.0
1753532124167,12:15:24.167,AVA/USDT:USDT,0.6018,716.0,0.6017,725.0,0.6026,300.0,0.6027,300.0
1753532124295,12:15:24.295,AVA/USDT:USDT,0.602,300.0,0.6019,716.0,0.6026,300.0,0.6027,300.0
1753532124360,12:15:24.360,AVA/USDT:USDT,0.602,300.0,0.6019,716.0,0.6026,300.0,0.6027,300.0
1753532124509,12:15:24.509,AVA/USDT:USDT,0.602,300.0,0.6019,716.0,0.6027,300.0,0.6028,714.0
1753532124516,12:15:24.516,AVA/USDT:USDT,0.602,300.0,0.6019,716.0,0.6027,300.0,0.6028,714.0
1753532124828,12:15:24.828,AVA/USDT:USDT,0.602,716.0,0.6019,716.0,0.6027,300.0,0.6028,714.0
1753532124934,12:15:24.934,AVA/USDT:USDT,0.6021,416.0,0.602,716.0,0.6027,300.0,0.6028,300.0
1753532125253,12:15:25.253,AVA/USDT:USDT,0.6021,416.0,0.602,716.0,0.6027,300.0,0.6028,300.0
1753532125487,12:15:25.487,AVA/USDT:USDT,0.6021,416.0,0.602,716.0,0.6028,300.0,0.6029,424.0
1753532125722,12:15:25.722,AVA/USDT:USDT,0.6021,416.0,0.602,716.0,0.6028,300.0,0.6029,424.0
1753532126189,12:15:26.189,AVA/USDT:USDT,0.6021,416.0,0.602,716.0,0.6028,300.0,0.6029,424.0
1753532134677,12:15:34.677,AVA/USDT:USDT,0.6021,416.0,0.602,716.0,0.6028,300.0,0.6029,424.0
1753532162867,12:16:02.867,AVA/USDT:USDT,0.6021,416.0,0.602,716.0,0.6028,300.0,0.6031,716.0
1753532163132,12:16:03.132,AVA/USDT:USDT,0.6021,416.0,0.602,716.0,0.6028,300.0,0.6031,716.0
1753532164750,12:16:04.750,AVA/USDT:USDT,0.6021,416.0,0.602,716.0,0.6028,300.0,0.6031,716.0
1753532165395,12:16:05.395,AVA/USDT:USDT,0.6021,416.0,0.602,716.0,0.6028,300.0,0.603,412.0
1753532166393,12:16:06.393,AVA/USDT:USDT,0.6021,416.0,0.602,716.0,0.6028,300.0,0.603,412.0
1753532175928,12:16:15.928,AVA/USDT:USDT,0.6021,416.0,0.602,716.0,0.6028,300.0,0.6029,300.0
1753532176158,12:16:16.158,AVA/USDT:USDT,0.6021,416.0,0.602,716.0,0.6028,300.0,0.6029,300.0
1753532177901,12:16:17.901,AVA/USDT:USDT,0.6021,416.0,0.602,716.0,0.6029,300.0,0.603,412.0
1753532178198,12:16:18.198,AVA/USDT:USDT,0.6021,416.0,0.602,716.0,0.6029,300.0,0.603,412.0
1753532181708,12:16:21.708,AVA/USDT:USDT,0.602,716.0,0.6019,1182.0,0.6028,722.0,0.6029,722.0
1753532182282,12:16:22.282,AVA/USDT:USDT,0.602,716.0,0.6019,1182.0,0.6028,722.0,0.6029,722.0
1753532183972,12:16:23.972,AVA/USDT:USDT,0.602,716.0,0.6019,1182.0,0.6027,422.0,0.6028,722.0
1753532194783,12:16:34.783,AVA/USDT:USDT,0.602,716.0,0.6019,1182.0,0.6027,422.0,0.6028,722.0
1753532212320,12:16:52.320,AVA/USDT:USDT,0.6021,412.0,0.602,716.0,0.6028,300.0,0.6029,722.0
1753532213618,12:16:53.618,AVA/USDT:USDT,0.6021,412.0,0.602,716.0,0.6028,300.0,0.6029,722.0
1753532219230,12:16:59.230,AVA/USDT:USDT,0.6021,412.0,0.602,716.0,0.6028,712.0,0.6029,722.0
1753532267519,12:17:47.519,AVA/USDT:USDT,0.6021,412.0,0.602,716.0,0.6028,300.0,0.6029,722.0
1753532282152,12:18:02.152,AVA/USDT:USDT,0.602,716.0,0.6019,1182.0,0.6027,411.0,0.6028,711.0
1753532282726,12:18:02.726,AVA/USDT:USDT,0.602,716.0,0.6019,1182.0,0.6027,411.0,0.6028,711.0
1753532283161,12:18:03.161,AVA/USDT:USDT,0.602,799.0,0.6019,1182.0,0.6027,411.0,0.6028,711.0
1753532283328,12:18:03.328,AVA/USDT:USDT,0.6021,411.0,0.602,716.0,0.6028,711.0,0.6029,1141.0
1753532283555,12:18:03.555,AVA/USDT:USDT,0.6021,411.0,0.602,716.0,0.6028,711.0,0.6029,1141.0
1753532287178,12:18:07.178,AVA/USDT:USDT,0.602,716.0,0.6019,1182.0,0.6027,411.0,0.6028,711.0
1753532287736,12:18:07.736,AVA/USDT:USDT,0.602,716.0,0.6019,1182.0,0.6027,411.0,0.6028,711.0
1753532294803,12:18:14.803,AVA/USDT:USDT,0.602,300.0,0.6019,1182.0,0.6027,411.0,0.6028,711.0
1753532294875,12:18:14.875,AVA/USDT:USDT,0.602,300.0,0.6019,1182.0,0.6027,411.0,0.6028,711.0
1753532294972,12:18:14.972,AVA/USDT:USDT,0.602,300.0,0.6019,716.0,0.6027,411.0,0.6028,711.0
1753532295493,12:18:15.493,AVA/USDT:USDT,0.602,300.0,0.6019,716.0,0.6026,412.0,0.6027,908.0
1753532295592,12:18:15.592,AVA/USDT:USDT,0.6019,300.0,0.6018,300.0,0.6025,412.0,0.6026,712.0
1753532295613,12:18:15.613,AVA/USDT:USDT,0.6019,300.0,0.6018,300.0,0.6025,412.0,0.6026,712.0
1753532295976,12:18:15.976,AVA/USDT:USDT,0.6019,300.0,0.6018,300.0,0.6025,412.0,0.6026,712.0
1753532296477,12:18:16.477,AVA/USDT:USDT,0.6019,300.0,0.6018,300.0,0.6025,412.0,0.6026,712.0
1753532296572,12:18:16.572,AVA/USDT:USDT,0.6018,300.0,0.6017,725.0,0.6024,412.0,0.6025,712.0
1753532296958,12:18:16.958,AVA/USDT:USDT,0.6018,300.0,0.6017,725.0,0.6024,412.0,0.6025,712.0
1753532297349,12:18:17.349,AVA/USDT:USDT,0.6018,300.0,0.6017,725.0,0.6024,412.0,0.6025,712.0
1753532297557,12:18:17.557,AVA/USDT:USDT,0.6018,300.0,0.6017,725.0,0.6024,712.0,0.6025,712.0
1753532297769,12:18:17.769,AVA/USDT:USDT,0.6018,300.0,0.6017,725.0,0.6024,712.0,0.6025,712.0
1753532299029,12:18:19.029,AVA/USDT:USDT,0.6018,300.0,0.6017,725.0,0.6024,712.0,0.6025,712.0
1753532299524,12:18:19.524,AVA/USDT:USDT,0.6018,300.0,0.6017,725.0,0.6024,712.0,0.6025,712.0
1753532303279,12:18:23.279,AVA/USDT:USDT,0.6018,300.0,0.6017,725.0,0.6024,712.0,0.6025,712.0
1753532304480,12:18:24.480,AVA/USDT:USDT,0.6018,300.0,0.6017,725.0,0.6023,300.0,0.6024,712.0
1753532304762,12:18:24.762,AVA/USDT:USDT,0.6018,300.0,0.6017,725.0,0.6023,300.0,0.6024,712.0
1753532305151,12:18:25.151,AVA/USDT:USDT,0.6018,300.0,0.6017,725.0,0.6023,300.0,0.6024,712.0
1753532305754,12:18:25.754,AVA/USDT:USDT,0.6018,300.0,0.6017,725.0,0.6023,727.0,0.6024,712.0
1753532306028,12:18:26.028,AVA/USDT:USDT,0.6018,300.0,0.6017,725.0,0.6023,727.0,0.6024,712.0
1753532326762,12:18:46.762,AVA/USDT:USDT,0.6018,718.0,0.6017,725.0,0.6023,300.0,0.6024,712.0
1753532347940,12:19:07.940,AVA/USDT:USDT,0.6017,725.0,0.6016,725.0,0.6023,728.0,0.6024,712.0
1753532349138,12:19:09.138,AVA/USDT:USDT,0.6017,725.0,0.6016,725.0,0.6023,728.0,0.6024,712.0
1753532350979,12:19:10.979,AVA/USDT:USDT,0.6018,726.0,0.6017,725.0,0.6023,300.0,0.6024,712.0
1753532352036,12:19:12.036,AVA/USDT:USDT,0.6018,726.0,0.6017,725.0,0.6023,300.0,0.6024,712.0
1753532358073,12:19:18.073,AVA/USDT:USDT,0.6019,726.0,0.6018,726.0,0.6023,300.0,0.6024,300.0
1753532358857,12:19:18.857,AVA/USDT:USDT,0.6019,726.0,0.6018,726.0,0.6024,300.0,0.6025,712.0
1753532359004,12:19:19.004,AVA/USDT:USDT,0.6019,726.0,0.6018,726.0,0.6024,300.0,0.6025,712.0
1753532359857,12:19:19.857,AVA/USDT:USDT,0.6019,726.0,0.6018,726.0,0.6024,300.0,0.6025,712.0
1753532360355,12:19:20.355,AVA/USDT:USDT,0.6019,726.0,0.6018,726.0,0.6024,300.0,0.6025,712.0
1753532373699,12:19:33.699,AVA/USDT:USDT,0.6019,726.0,0.6018,726.0,0.6024,300.0,0.6025,712.0
1753532383092,12:19:43.092,AVA/USDT:USDT,0.6017,425.0,0.6016,725.0,0.6024,725.0,0.6025,712.0
1753532383588,12:19:43.588,AVA/USDT:USDT,0.6017,725.0,0.6016,725.0,0.6024,725.0,0.6025,712.0
1753532383886,12:19:43.886,AVA/USDT:USDT,0.6017,725.0,0.6016,725.0,0.6024,725.0,0.6025,712.0
1753532393376,12:19:53.376,AVA/USDT:USDT,0.6017,725.0,0.6016,725.0,0.6023,424.0,0.6024,725.0
1753532394092,12:19:54.092,AVA/USDT:USDT,0.6017,725.0,0.6016,725.0,0.6023,424.0,0.6024,725.0
1753532400287,12:20:00.287,AVA/USDT:USDT,0.6017,300.0,0.6016,725.0,0.6023,424.0,0.6024,725.0
1753532403492,12:20:03.492,AVA/USDT:USDT,0.6016,300.0,0.6015,300.0,0.6021,428.0,0.6022,498.0
1753532403561,12:20:03.561,AVA/USDT:USDT,0.6016,300.0,0.6015,300.0,0.6021,428.0,0.6022,498.0
1753532403612,12:20:03.612,AVA/USDT:USDT,0.6016,300.0,0.6015,300.0,0.6021,428.0,0.6022,498.0
1753532403942,12:20:03.942,AVA/USDT:USDT,0.6016,300.0,0.6015,300.0,0.6021,428.0,0.6022,498.0
1753532404359,12:20:04.359,AVA/USDT:USDT,0.6015,300.0,0.6014,711.0,0.602,300.0,0.6021,728.0
1753532404467,12:20:04.467,AVA/USDT:USDT,0.6015,300.0,0.6014,711.0,0.602,300.0,0.6021,728.0
1753532404604,12:20:04.604,AVA/USDT:USDT,0.6015,300.0,0.6014,711.0,0.602,300.0,0.6021,728.0
1753532404664,12:20:04.664,AVA/USDT:USDT,0.6015,300.0,0.6014,711.0,0.602,300.0,0.6021,728.0
1753532404776,12:20:04.776,AVA/USDT:USDT,0.6015,300.0,0.6014,711.0,0.602,300.0,0.6021,728.0
1753532407388,12:20:07.388,AVA/USDT:USDT,0.6015,300.0,0.6014,711.0,0.602,300.0,0.6021,728.0
1753532408298,12:20:08.298,AVA/USDT:USDT,0.6015,300.0,0.6014,711.0,0.602,300.0,0.6021,728.0
1753532408323,12:20:08.323,AVA/USDT:USDT,0.6015,300.0,0.6014,711.0,0.602,300.0,0.6021,728.0
1753532409298,12:20:09.298,AVA/USDT:USDT,0.6015,300.0,0.6014,711.0,0.602,300.0,0.6021,728.0
1753532411487,12:20:11.487,AVA/USDT:USDT,0.6015,300.0,0.6014,711.0,0.602,300.0,0.6021,728.0
1753532414452,12:20:14.452,AVA/USDT:USDT,0.6015,300.0,0.6014,711.0,0.602,728.0,0.6021,728.0
1753532415395,12:20:15.395,AVA/USDT:USDT,0.6015,300.0,0.6014,711.0,0.602,728.0,0.6021,728.0
1753532427249,12:20:27.249,AVA/USDT:USDT,0.6014,300.0,0.6013,723.0,0.6019,421.0,0.602,728.0
1753532427508,12:20:27.508,AVA/USDT:USDT,0.6012,641.0,0.6011,837.0,0.6019,421.0,0.602,728.0
1753532427562,12:20:27.562,AVA/USDT:USDT,0.6012,677.0,0.6011,1258.0,0.6019,421.0,0.602,728.0
1753532428094,12:20:28.094,AVA/USDT:USDT,0.6012,677.0,0.6011,1258.0,0.6019,421.0,0.602,728.0
1753532428409,12:20:28.409,AVA/USDT:USDT,0.6013,721.0,0.6012,1098.0,0.6019,421.0,0.602,728.0
1753532428858,12:20:28.858,AVA/USDT:USDT,0.6013,721.0,0.6012,1098.0,0.6019,421.0,0.602,728.0
1753532429295,12:20:29.295,AVA/USDT:USDT,0.6013,721.0,0.6012,1098.0,0.6019,421.0,0.602,728.0
1753532429972,12:20:29.972,AVA/USDT:USDT,0.6013,721.0,0.6012,721.0,0.6019,421.0,0.602,728.0
1753532430713,12:20:30.713,AVA/USDT:USDT,0.6014,420.0,0.6013,721.0,0.602,728.0,0.6021,728.0
1753532431495,12:20:31.495,AVA/USDT:USDT,0.6014,420.0,0.6013,721.0,0.602,728.0,0.6021,728.0
1753532448026,12:20:48.026,AVA/USDT:USDT,0.6014,420.0,0.6013,721.0,0.602,300.0,0.6021,728.0
1753532463395,12:21:03.395,AVA/USDT:USDT,0.6014,420.0,0.6013,721.0,0.602,300.0,0.6021,300.0
1753532463679,12:21:03.679,AVA/USDT:USDT,0.6014,420.0,0.6013,721.0,0.6021,300.0,0.6022,798.0
1753532464628,12:21:04.628,AVA/USDT:USDT,0.6014,420.0,0.6013,721.0,0.6021,300.0,0.6022,798.0
1753532464851,12:21:04.851,AVA/USDT:USDT,0.6014,420.0,0.6013,721.0,0.6021,300.0,0.6022,798.0
1753532466909,12:21:06.909,AVA/USDT:USDT,0.6014,420.0,0.6013,1558.0,0.6021,300.0,0.6022,300.0
1753532466933,12:21:06.933,AVA/USDT:USDT,0.6015,426.0,0.6014,887.0,0.6021,300.0,0.6022,300.0
1753532467491,12:21:07.491,AVA/USDT:USDT,0.6015,426.0,0.6014,887.0,0.6021,300.0,0.6022,300.0
1753532467629,12:21:07.629,AVA/USDT:USDT,0.6015,426.0,0.6014,887.0,0.6022,300.0,0.6023,424.0
1753532468308,12:21:08.308,AVA/USDT:USDT,0.6015,426.0,0.6014,887.0,0.6022,300.0,0.6023,424.0
1753532472033,12:21:12.033,AVA/USDT:USDT,0.6015,426.0,0.6014,887.0,0.6022,300.0,0.6024,725.0
1753532472363,12:21:12.363,AVA/USDT:USDT,0.6015,426.0,0.6014,887.0,0.6022,300.0,0.6024,725.0
1753532481107,12:21:21.107,AVA/USDT:USDT,0.6015,426.0,0.6014,887.0,0.6024,300.0,0.6025,712.0
1753532481666,12:21:21.666,AVA/USDT:USDT,0.6015,426.0,0.6014,887.0,0.6024,300.0,0.6025,712.0
1753532483024,12:21:23.024,AVA/USDT:USDT,0.6015,426.0,0.6014,887.0,0.6024,720.0,0.6025,712.0
1753532485836,12:21:25.836,AVA/USDT:USDT,0.6016,420.0,0.6015,509.0,0.6024,720.0,0.6025,712.0
1753532486573,12:21:26.573,AVA/USDT:USDT,0.6015,426.0,0.6014,887.0,0.6024,720.0,0.6025,712.0
1753532486740,12:21:26.740,AVA/USDT:USDT,0.6015,426.0,0.6014,887.0,0.6023,720.0,0.6024,720.0
1753532487435,12:21:27.435,AVA/USDT:USDT,0.6015,426.0,0.6014,887.0,0.6022,300.0,0.6023,720.0
1753532487652,12:21:27.652,AVA/USDT:USDT,0.6015,426.0,0.6014,887.0,0.6022,300.0,0.6023,720.0
1753532488658,12:21:28.658,AVA/USDT:USDT,0.6015,426.0,0.6014,887.0,0.6022,300.0,0.6023,720.0
1753532490409,12:21:30.409,AVA/USDT:USDT,0.6016,721.0,0.6015,726.0,0.6022,300.0,0.6023,720.0
1753532490414,12:21:30.414,AVA/USDT:USDT,0.6016,721.0,0.6015,726.0,0.6022,300.0,0.6023,720.0
1753532491495,12:21:31.495,AVA/USDT:USDT,0.6016,721.0,0.6015,726.0,0.6022,300.0,0.6023,720.0
1753532494939,12:21:34.939,AVA/USDT:USDT,0.6017,721.0,0.6016,721.0,0.6022,300.0,0.6023,300.0
1753532495318,12:21:35.318,AVA/USDT:USDT,0.6017,721.0,0.6016,721.0,0.6023,300.0,0.6024,720.0
1753532495538,12:21:35.538,AVA/USDT:USDT,0.6017,721.0,0.6016,721.0,0.6023,300.0,0.6024,720.0
1753532496438,12:21:36.438,AVA/USDT:USDT,0.6017,721.0,0.6016,721.0,0.6023,300.0,0.6024,720.0
1753532497598,12:21:37.598,AVA/USDT:USDT,0.6017,721.0,0.6016,721.0,0.6023,721.0,0.6024,720.0
1753532502498,12:21:42.498,AVA/USDT:USDT,0.6017,300.0,0.6016,721.0,0.6022,415.0,0.6023,721.0
1753532502529,12:21:42.529,AVA/USDT:USDT,0.6017,300.0,0.6016,300.0,0.6022,715.0,0.6023,721.0
1753532503239,12:21:43.239,AVA/USDT:USDT,0.6016,300.0,0.6015,726.0,0.6021,300.0,0.6022,715.0
1753532503391,12:21:43.391,AVA/USDT:USDT,0.6016,300.0,0.6015,726.0,0.6021,300.0,0.6022,715.0
1753532516862,12:21:56.862,AVA/USDT:USDT,0.6016,300.0,0.6015,726.0,0.6021,718.0,0.6022,715.0
1753532517672,12:21:57.672,AVA/USDT:USDT,0.6016,300.0,0.6015,726.0,0.6021,718.0,0.6022,715.0
1753532526780,12:22:06.780,AVA/USDT:USDT,0.6016,719.0,0.6015,726.0,0.6021,300.0,0.6022,715.0
1753532586847,12:23:06.847,AVA/USDT:USDT,0.6016,719.0,0.6015,726.0,0.6021,300.0,0.6022,715.0
1753532586986,12:23:06.986,AVA/USDT:USDT,0.6016,719.0,0.6015,726.0,0.6021,300.0,0.6022,715.0
1753532587107,12:23:07.107,AVA/USDT:USDT,0.6016,719.0,0.6015,726.0,0.6021,300.0,0.6022,715.0
1753532588795,12:23:08.795,AVA/USDT:USDT,0.6016,719.0,0.6015,726.0,0.6021,300.0,0.6022,715.0
1753532593247,12:23:13.247,AVA/USDT:USDT,0.6016,719.0,0.6015,726.0,0.6021,300.0,0.6022,715.0
1753532597686,12:23:17.686,AVA/USDT:USDT,0.6016,719.0,0.6015,726.0,0.6021,300.0,0.6022,715.0
1753532601354,12:23:21.354,AVA/USDT:USDT,0.6016,719.0,0.6015,726.0,0.6021,300.0,0.6022,715.0
1753532601947,12:23:21.947,AVA/USDT:USDT,0.6016,719.0,0.6015,726.0,0.6021,300.0,0.6022,715.0
1753532604091,12:23:24.091,AVA/USDT:USDT,0.6017,727.0,0.6016,719.0,0.6022,300.0,0.6023,721.0
1753532604807,12:23:24.807,AVA/USDT:USDT,0.6017,727.0,0.6016,719.0,0.6022,300.0,0.6023,721.0
1753532606066,12:23:26.066,AVA/USDT:USDT,0.6017,727.0,0.6016,719.0,0.6022,300.0,0.6023,721.0
1753532607696,12:23:27.696,AVA/USDT:USDT,0.6017,727.0,0.6016,719.0,0.6022,300.0,0.6023,721.0
1753532610425,12:23:30.425,AVA/USDT:USDT,0.6017,727.0,0.6016,719.0,0.6022,300.0,0.6023,721.0
1753532613687,12:23:33.687,AVA/USDT:USDT,0.6017,727.0,0.6016,719.0,0.6022,300.0,0.6023,721.0
1753532614305,12:23:34.305,AVA/USDT:USDT,0.6017,727.0,0.6016,719.0,0.6022,300.0,0.6023,721.0
1753532614956,12:23:34.956,AVA/USDT:USDT,0.6017,727.0,0.6016,719.0,0.6022,300.0,0.6023,721.0
1753532615296,12:23:35.296,AVA/USDT:USDT,0.6017,727.0,0.6016,719.0,0.6022,300.0,0.6023,721.0
1753532619275,12:23:39.275,AVA/USDT:USDT,0.6017,727.0,0.6016,719.0,0.6022,300.0,0.6023,721.0
1753532620138,12:23:40.138,AVA/USDT:USDT,0.6018,716.0,0.6017,727.0,0.6022,300.0,0.6023,300.0
1753532620902,12:23:40.902,AVA/USDT:USDT,0.6018,716.0,0.6017,727.0,0.6023,300.0,0.6024,720.0
1753532621731,12:23:41.731,AVA/USDT:USDT,0.6018,716.0,0.6017,727.0,0.6023,300.0,0.6024,720.0
1753532623472,12:23:43.472,AVA/USDT:USDT,0.6018,716.0,0.6017,727.0,0.6023,300.0,0.6024,720.0
1753532624366,12:23:44.366,AVA/USDT:USDT,0.6018,716.0,0.6017,727.0,0.6023,300.0,0.6024,720.0
1753532627357,12:23:47.357,AVA/USDT:USDT,0.6015,426.0,0.6014,720.0,0.6021,300.0,0.6022,716.0
1753532627455,12:23:47.455,AVA/USDT:USDT,0.6015,426.0,0.6014,720.0,0.6021,716.0,0.6022,716.0
1753532627863,12:23:47.863,AVA/USDT:USDT,0.6015,726.0,0.6014,720.0,0.6021,716.0,0.6022,716.0
1753532627928,12:23:47.928,AVA/USDT:USDT,0.6015,726.0,0.6014,720.0,0.6021,716.0,0.6022,716.0
1753532631123,12:23:51.123,AVA/USDT:USDT,0.6015,726.0,0.6014,720.0,0.6021,716.0,0.6022,716.0
1753532631776,12:23:51.776,AVA/USDT:USDT,0.6016,722.0,0.6015,726.0,0.6021,300.0,0.6022,716.0
1753532631813,12:23:51.813,AVA/USDT:USDT,0.6017,722.0,0.6016,722.0,0.6021,300.0,0.6022,300.0
1753532632253,12:23:52.253,AVA/USDT:USDT,0.6017,722.0,0.6016,722.0,0.6021,300.0,0.6022,300.0
1753532632768,12:23:52.768,AVA/USDT:USDT,0.6017,722.0,0.6016,722.0,0.6022,300.0,0.6023,716.0
1753532634048,12:23:54.048,AVA/USDT:USDT,0.6017,722.0,0.6016,722.0,0.6022,300.0,0.6023,716.0
1753532636283,12:23:56.283,AVA/USDT:USDT,0.6017,722.0,0.6016,722.0,0.6022,300.0,0.6023,716.0
1753532637538,12:23:57.538,AVA/USDT:USDT,0.6018,722.0,0.6017,722.0,0.6022,300.0,0.6023,300.0
1753532637713,12:23:57.713,AVA/USDT:USDT,0.6018,722.0,0.6017,722.0,0.6023,300.0,0.6024,720.0
1753532638921,12:23:58.921,AVA/USDT:USDT,0.6018,722.0,0.6017,722.0,0.6023,300.0,0.6024,720.0
1753532644408,12:24:04.408,AVA/USDT:USDT,0.6019,715.0,0.6018,722.0,0.6023,300.0,0.6024,720.0
1753532644493,12:24:04.493,AVA/USDT:USDT,0.6019,715.0,0.6018,722.0,0.6023,300.0,0.6024,720.0
1753532644757,12:24:04.757,AVA/USDT:USDT,0.6019,300.0,0.6018,722.0,0.6023,715.0,0.6024,720.0
1753532644900,12:24:04.900,AVA/USDT:USDT,0.6019,300.0,0.6018,300.0,0.6022,415.0,0.6023,715.0
1753532644915,12:24:04.915,AVA/USDT:USDT,0.6019,803.0,0.6018,300.0,0.6022,415.0,0.6023,715.0
1753532645305,12:24:05.305,AVA/USDT:USDT,0.6019,803.0,0.6018,300.0,0.6022,415.0,0.6023,715.0
1753532645623,12:24:05.623,AVA/USDT:USDT,0.6019,503.0,0.6017,300.0,0.6022,415.0,0.6023,715.0
1753532645742,12:24:05.742,AVA/USDT:USDT,0.6019,503.0,0.6017,300.0,0.6022,415.0,0.6023,715.0
1753532646164,12:24:06.164,AVA/USDT:USDT,0.6019,503.0,0.6017,300.0,0.6022,415.0,0.6023,715.0
