timestamp,time,symbol,bid1_price,bid1_volume,bid2_price,bid2_volume,ask1_price,ask1_volume,ask2_price,ask2_volume
1753520626000,09:03:46.000,AIN/USDT:USDT,0.13541,9.0,0.1354,16.0,0.1355,3.0,0.13552,3.0
1753520626437,09:03:46.437,AIN/USDT:USDT,0.13542,3.0,0.13539,3.0,0.1355,5.0,0.13551,6.0
1753520626532,09:03:46.532,AIN/USDT:USDT,0.1354,4.0,0.13539,7.0,0.1355,5.0,0.13551,6.0
1753520626922,09:03:46.922,AIN/USDT:USDT,0.1354,4.0,0.13539,7.0,0.1355,5.0,0.13551,6.0
1753520626951,09:03:46.951,AIN/USDT:USDT,0.13541,3.0,0.1354,10.0,0.1355,5.0,0.13551,6.0
1753520627240,09:03:47.240,AIN/USDT:USDT,0.13541,3.0,0.1354,10.0,0.1355,5.0,0.13551,6.0
1753520627312,09:03:47.312,AIN/USDT:USDT,0.13543,6.0,0.13542,11.0,0.1355,3.0,0.13552,3.0
1753520627376,09:03:47.376,AIN/USDT:USDT,0.13543,6.0,0.13542,11.0,0.1355,3.0,0.13552,3.0
1753520627539,09:03:47.539,AIN/USDT:USDT,0.13543,6.0,0.13542,11.0,0.1355,3.0,0.13552,7.0
1753520627593,09:03:47.593,AIN/USDT:USDT,0.13543,3.0,0.13542,6.0,0.1355,3.0,0.13552,7.0
1753520627681,09:03:47.681,AIN/USDT:USDT,0.13541,3.0,0.1354,14.0,0.1355,3.0,0.13551,4.0
1753520627771,09:03:47.771,AIN/USDT:USDT,0.13541,3.0,0.1354,14.0,0.1355,3.0,0.13551,4.0
1753520628308,09:03:48.308,AIN/USDT:USDT,0.13541,3.0,0.1354,8.0,0.1355,3.0,0.13551,4.0
1753520628523,09:03:48.523,AIN/USDT:USDT,0.13541,3.0,0.1354,8.0,0.1355,3.0,0.13551,4.0
1753520628747,09:03:48.747,AIN/USDT:USDT,0.1354,8.0,0.13539,3.0,0.1355,3.0,0.13551,4.0
1753520629018,09:03:49.018,AIN/USDT:USDT,0.1354,8.0,0.13539,3.0,0.1355,3.0,0.13551,4.0
1753520629220,09:03:49.220,AIN/USDT:USDT,0.1354,8.0,0.13539,3.0,0.1355,3.0,0.13551,4.0
1753520629825,09:03:49.825,AIN/USDT:USDT,0.1354,4.0,0.13539,3.0,0.1355,3.0,0.13551,4.0
1753520629931,09:03:49.931,AIN/USDT:USDT,0.1354,4.0,0.13539,3.0,0.1355,3.0,0.13551,4.0
1753520630642,09:03:50.642,AIN/USDT:USDT,0.1354,10.0,0.13539,7.0,0.1355,3.0,0.13551,4.0
1753520630740,09:03:50.740,AIN/USDT:USDT,0.13541,3.0,0.1354,10.0,0.1355,3.0,0.13552,7.0
1753520630937,09:03:50.937,AIN/USDT:USDT,0.13541,3.0,0.1354,10.0,0.1355,3.0,0.13552,7.0
1753520631334,09:03:51.334,AIN/USDT:USDT,0.1354,4.0,0.13539,7.0,0.1355,5.0,0.13551,6.0
1753520632158,09:03:52.158,AIN/USDT:USDT,0.1354,4.0,0.13539,7.0,0.1355,5.0,0.13551,6.0
1753520632516,09:03:52.516,AIN/USDT:USDT,0.13541,3.0,0.1354,10.0,0.1355,3.0,0.13552,7.0
1753520632838,09:03:52.838,AIN/USDT:USDT,0.13539,3.0,0.13538,6.0,0.1355,3.0,0.13551,4.0
1753520632892,09:03:52.892,AIN/USDT:USDT,0.13539,9.0,0.13538,6.0,0.1355,3.0,0.13551,4.0
1753520632982,09:03:52.982,AIN/USDT:USDT,0.13539,9.0,0.13538,6.0,0.1355,3.0,0.13551,4.0
1753520633058,09:03:53.058,AIN/USDT:USDT,0.13539,9.0,0.13538,6.0,0.1355,3.0,0.13551,4.0
1753520633630,09:03:53.630,AIN/USDT:USDT,0.13539,6.0,0.13538,6.0,0.1355,3.0,0.13551,4.0
1753520633665,09:03:53.665,AIN/USDT:USDT,0.13539,6.0,0.13538,6.0,0.1355,3.0,0.13551,4.0
1753520633897,09:03:53.897,AIN/USDT:USDT,0.13539,6.0,0.13538,6.0,0.1355,3.0,0.13551,4.0
1753520634442,09:03:54.442,AIN/USDT:USDT,0.13539,6.0,0.13537,3.0,0.1355,9.0,0.13551,4.0
1753520634452,09:03:54.452,AIN/USDT:USDT,0.13539,3.0,0.13537,3.0,0.1355,9.0,0.13551,4.0
1753520634623,09:03:54.623,AIN/USDT:USDT,0.13537,3.0,0.13536,6.0,0.1355,9.0,0.13551,4.0
1753520634731,09:03:54.731,AIN/USDT:USDT,0.13537,3.0,0.13536,6.0,0.1355,9.0,0.13551,4.0
1753520634775,09:03:54.775,AIN/USDT:USDT,0.13537,3.0,0.13536,6.0,0.1355,9.0,0.13551,4.0
1753520635205,09:03:55.205,AIN/USDT:USDT,0.13537,3.0,0.13536,6.0,0.1355,9.0,0.13551,4.0
1753520635333,09:03:55.333,AIN/USDT:USDT,0.1354,15.0,0.13539,5.0,0.1355,3.0,0.13552,3.0
1753520635628,09:03:55.628,AIN/USDT:USDT,0.1354,15.0,0.13539,5.0,0.1355,3.0,0.13552,3.0
1753520636048,09:03:56.048,AIN/USDT:USDT,0.13542,9.0,0.1354,15.0,0.13552,3.0,0.13554,3.0
1753520636117,09:03:56.117,AIN/USDT:USDT,0.13542,9.0,0.1354,15.0,0.13552,3.0,0.13554,3.0
1753520636433,09:03:56.433,AIN/USDT:USDT,0.13542,9.0,0.1354,15.0,0.13552,3.0,0.13554,3.0
1753520636498,09:03:56.498,AIN/USDT:USDT,0.13542,9.0,0.1354,15.0,0.13554,3.0,0.13556,16.0
1753520636554,09:03:56.554,AIN/USDT:USDT,0.13542,9.0,0.1354,15.0,0.13554,3.0,0.13556,16.0
1753520636891,09:03:56.891,AIN/USDT:USDT,0.13542,9.0,0.1354,15.0,0.13554,3.0,0.13556,16.0
1753520637247,09:03:57.247,AIN/USDT:USDT,0.13542,9.0,0.1354,15.0,0.13554,3.0,0.13556,16.0
1753520637840,09:03:57.840,AIN/USDT:USDT,0.13542,9.0,0.1354,15.0,0.13554,3.0,0.13556,10.0
1753520637892,09:03:57.892,AIN/USDT:USDT,0.13542,9.0,0.1354,15.0,0.13554,3.0,0.13556,3.0
1753520638411,09:03:58.411,AIN/USDT:USDT,0.13542,9.0,0.1354,22.0,0.13554,3.0,0.13556,3.0
1753520638917,09:03:58.917,AIN/USDT:USDT,0.13542,9.0,0.1354,22.0,0.13554,3.0,0.13556,3.0
1753520639132,09:03:59.132,AIN/USDT:USDT,0.13544,12.0,0.13543,36.0,0.13556,3.0,0.13558,3.0
1753520639195,09:03:59.195,AIN/USDT:USDT,0.13544,12.0,0.13543,36.0,0.13556,3.0,0.13558,3.0
1753520639336,09:03:59.336,AIN/USDT:USDT,0.13546,9.0,0.13544,12.0,0.1356,3.0,0.13562,9.0
1753520639423,09:03:59.423,AIN/USDT:USDT,0.13546,9.0,0.13544,12.0,0.1356,3.0,0.13562,9.0
1753520639531,09:03:59.531,AIN/USDT:USDT,0.13546,9.0,0.13544,12.0,0.1356,3.0,0.13562,9.0
1753520639649,09:03:59.649,AIN/USDT:USDT,0.13546,9.0,0.13544,12.0,0.1356,3.0,0.13562,9.0
1753520639693,09:03:59.693,AIN/USDT:USDT,0.13546,9.0,0.13544,12.0,0.1356,3.0,0.13562,9.0
1753520639832,09:03:59.832,AIN/USDT:USDT,0.13549,39.0,0.13548,7.0,0.13562,3.0,0.13564,3.0
1753520639934,09:03:59.934,AIN/USDT:USDT,0.13549,42.0,0.13548,7.0,0.13566,3.0,0.13568,6.0
1753520639993,09:03:59.993,AIN/USDT:USDT,0.13549,42.0,0.13548,7.0,0.13566,9.0,0.13568,6.0
1753520640191,09:04:00.191,AIN/USDT:USDT,0.13549,42.0,0.13548,7.0,0.13566,9.0,0.13568,6.0
1753520640639,09:04:00.639,AIN/USDT:USDT,0.13549,42.0,0.13548,7.0,0.13562,11.0,0.13564,3.0
1753520640694,09:04:00.694,AIN/USDT:USDT,0.13549,42.0,0.13548,7.0,0.13562,11.0,0.13564,3.0
1753520641036,09:04:01.036,AIN/USDT:USDT,0.13549,42.0,0.13548,7.0,0.13562,11.0,0.13564,3.0
1753520641210,09:04:01.210,AIN/USDT:USDT,0.13549,46.0,0.13548,7.0,0.13562,11.0,0.13564,3.0
1753520641303,09:04:01.303,AIN/USDT:USDT,0.13549,46.0,0.13548,7.0,0.13562,11.0,0.13564,3.0
1753520641434,09:04:01.434,AIN/USDT:USDT,0.13549,46.0,0.13548,7.0,0.13562,5.0,0.13564,9.0
1753520641715,09:04:01.715,AIN/USDT:USDT,0.13549,46.0,0.13548,7.0,0.13562,11.0,0.13564,9.0
1753520641801,09:04:01.801,AIN/USDT:USDT,0.13549,46.0,0.13548,7.0,0.13562,5.0,0.13564,9.0
1753520641870,09:04:01.870,AIN/USDT:USDT,0.13549,46.0,0.13548,7.0,0.13562,5.0,0.13564,9.0
1753520642013,09:04:02.013,AIN/USDT:USDT,0.13549,46.0,0.13548,7.0,0.13562,11.0,0.13564,9.0
1753520642077,09:04:02.077,AIN/USDT:USDT,0.13549,46.0,0.13548,7.0,0.13562,11.0,0.13564,9.0
1753520642700,09:04:02.700,AIN/USDT:USDT,0.13549,46.0,0.13548,7.0,0.13562,11.0,0.13564,9.0
1753520643131,09:04:03.131,AIN/USDT:USDT,0.13549,46.0,0.13548,7.0,0.13564,3.0,0.13566,3.0
1753520643241,09:04:03.241,AIN/USDT:USDT,0.13549,46.0,0.13548,7.0,0.13564,3.0,0.13566,9.0
1753520643258,09:04:03.258,AIN/USDT:USDT,0.13549,46.0,0.13548,7.0,0.13564,3.0,0.13566,9.0
1753520643380,09:04:03.380,AIN/USDT:USDT,0.13549,46.0,0.13548,7.0,0.13564,3.0,0.13566,9.0
1753520643514,09:04:03.514,AIN/USDT:USDT,0.13549,46.0,0.13548,7.0,0.13566,9.0,0.13568,6.0
1753520643554,09:04:03.554,AIN/USDT:USDT,0.13549,46.0,0.13548,7.0,0.13566,9.0,0.13568,6.0
1753520643936,09:04:03.936,AIN/USDT:USDT,0.13549,46.0,0.13548,7.0,0.13566,9.0,0.13568,6.0
1753520644863,09:04:04.863,AIN/USDT:USDT,0.13549,46.0,0.13548,7.0,0.13566,3.0,0.13568,6.0
1753520644995,09:04:04.995,AIN/USDT:USDT,0.13549,46.0,0.13548,7.0,0.13566,3.0,0.13568,6.0
1753520646748,09:04:06.748,AIN/USDT:USDT,0.13549,46.0,0.13548,7.0,0.13568,9.0,0.13569,7.0
1753520647226,09:04:07.226,AIN/USDT:USDT,0.13549,46.0,0.13548,7.0,0.13568,9.0,0.13569,7.0
1753520647532,09:04:07.532,AIN/USDT:USDT,0.13549,46.0,0.13548,7.0,0.13568,9.0,0.13569,7.0
1753520647601,09:04:07.601,AIN/USDT:USDT,0.13549,46.0,0.13548,7.0,0.13568,9.0,0.13569,7.0
1753520648035,09:04:08.035,AIN/USDT:USDT,0.13549,46.0,0.13548,7.0,0.13568,9.0,0.13569,7.0
1753520648736,09:04:08.736,AIN/USDT:USDT,0.13552,39.0,0.13549,46.0,0.13568,3.0,0.1357,6.0
1753520648809,09:04:08.809,AIN/USDT:USDT,0.13552,39.0,0.13549,46.0,0.13568,3.0,0.1357,6.0
1753520648857,09:04:08.857,AIN/USDT:USDT,0.13552,39.0,0.13549,46.0,0.13568,3.0,0.1357,6.0
1753520649034,09:04:09.034,AIN/USDT:USDT,0.13555,36.0,0.13552,39.0,0.1357,9.0,0.13572,15.0
1753520649056,09:04:09.056,AIN/USDT:USDT,0.13555,39.0,0.13552,39.0,0.1357,10.0,0.13572,15.0
1753520649228,09:04:09.228,AIN/USDT:USDT,0.13555,39.0,0.13552,39.0,0.1357,10.0,0.13572,15.0
1753520649575,09:04:09.575,AIN/USDT:USDT,0.13555,39.0,0.13552,39.0,0.1357,7.0,0.13572,15.0
1753520649928,09:04:09.928,AIN/USDT:USDT,0.13549,3.0,0.13546,9.0,0.13557,14.0,0.13558,10.0
1753520650031,09:04:10.031,AIN/USDT:USDT,0.13546,6.0,0.13544,7.0,0.13557,14.0,0.13558,10.0
1753520650147,09:04:10.147,AIN/USDT:USDT,0.13546,9.0,0.13544,7.0,0.13557,14.0,0.13558,10.0
1753520650239,09:04:10.239,AIN/USDT:USDT,0.13548,13.0,0.13547,40.0,0.13557,3.0,0.1356,6.0
1753520650287,09:04:10.287,AIN/USDT:USDT,0.13548,13.0,0.13547,40.0,0.13557,3.0,0.13562,6.0
1753520650441,09:04:10.441,AIN/USDT:USDT,0.13548,13.0,0.13547,4.0,0.13557,3.0,0.13562,6.0
1753520650497,09:04:10.497,AIN/USDT:USDT,0.13548,13.0,0.13547,4.0,0.13557,3.0,0.13562,6.0
1753520650946,09:04:10.946,AIN/USDT:USDT,0.13548,13.0,0.13547,4.0,0.13557,3.0,0.1356,10.0
1753520650965,09:04:10.965,AIN/USDT:USDT,0.13548,13.0,0.13547,4.0,0.13557,3.0,0.1356,10.0
1753520651432,09:04:11.432,AIN/USDT:USDT,0.13548,13.0,0.13547,4.0,0.13562,9.0,0.13563,7.0
1753520651467,09:04:11.467,AIN/USDT:USDT,0.13548,13.0,0.13547,4.0,0.13562,3.0,0.13563,7.0
1753520651601,09:04:11.601,AIN/USDT:USDT,0.13548,13.0,0.13547,40.0,0.13562,3.0,0.13563,7.0
1753520651660,09:04:11.660,AIN/USDT:USDT,0.13548,13.0,0.13547,40.0,0.13562,9.0,0.13563,7.0
1753520651775,09:04:11.775,AIN/USDT:USDT,0.13548,13.0,0.13547,40.0,0.13562,9.0,0.13563,7.0
1753520652126,09:04:12.126,AIN/USDT:USDT,0.13548,13.0,0.13547,40.0,0.13562,5.0,0.13563,7.0
1753520652196,09:04:12.196,AIN/USDT:USDT,0.1355,13.0,0.13549,4.0,0.13562,3.0,0.13563,7.0
1753520652250,09:04:12.250,AIN/USDT:USDT,0.1355,13.0,0.13549,4.0,0.13562,3.0,0.13563,7.0
1753520652407,09:04:12.407,AIN/USDT:USDT,0.1355,13.0,0.13549,4.0,0.13562,3.0,0.13563,7.0
1753520652894,09:04:12.894,AIN/USDT:USDT,0.1355,9.0,0.13548,13.0,0.13562,3.0,0.13563,7.0
1753520653031,09:04:13.031,AIN/USDT:USDT,0.1355,13.0,0.13549,4.0,0.13562,3.0,0.13563,7.0
1753520653438,09:04:13.438,AIN/USDT:USDT,0.1355,13.0,0.13549,4.0,0.13562,3.0,0.13563,7.0
1753520653844,09:04:13.844,AIN/USDT:USDT,0.1355,13.0,0.13549,4.0,0.13562,3.0,0.13563,7.0
1753520654933,09:04:14.933,AIN/USDT:USDT,0.1355,13.0,0.13549,4.0,0.13562,3.0,0.13563,7.0
1753520655747,09:04:15.747,AIN/USDT:USDT,0.1355,13.0,0.13549,4.0,0.13562,3.0,0.13563,7.0
1753520655849,09:04:15.849,AIN/USDT:USDT,0.13553,36.0,0.13551,12.0,0.13568,3.0,0.1357,4.0
1753520655950,09:04:15.950,AIN/USDT:USDT,0.13562,3.0,0.1356,6.0,0.13574,9.0,0.13581,10.0
1753520656047,09:04:16.047,AIN/USDT:USDT,0.13562,7.0,0.13561,4.0,0.13574,11.0,0.13575,4.0
1753520656077,09:04:16.077,AIN/USDT:USDT,0.13562,3.0,0.13559,43.0,0.13574,11.0,0.13575,4.0
1753520656206,09:04:16.206,AIN/USDT:USDT,0.13562,3.0,0.1356,6.0,0.13574,11.0,0.13575,4.0
1753520656323,09:04:16.323,AIN/USDT:USDT,0.13562,3.0,0.1356,6.0,0.13574,11.0,0.13575,4.0
1753520656418,09:04:16.418,AIN/USDT:USDT,0.13562,9.0,0.1356,10.0,0.13574,11.0,0.13575,4.0
1753520656452,09:04:16.452,AIN/USDT:USDT,0.13562,3.0,0.1356,10.0,0.13574,11.0,0.13575,4.0
1753520657161,09:04:17.161,AIN/USDT:USDT,0.13562,3.0,0.1356,10.0,0.13574,11.0,0.13575,4.0
1753520657419,09:04:17.419,AIN/USDT:USDT,0.13562,3.0,0.1356,10.0,0.13574,11.0,0.13575,4.0
1753520657477,09:04:17.477,AIN/USDT:USDT,0.13562,3.0,0.1356,6.0,0.13574,11.0,0.13575,4.0
1753520657592,09:04:17.592,AIN/USDT:USDT,0.13562,3.0,0.1356,6.0,0.13574,11.0,0.13575,4.0
1753520657888,09:04:17.888,AIN/USDT:USDT,0.13562,3.0,0.1356,6.0,0.13574,11.0,0.13575,4.0
1753520658034,09:04:18.034,AIN/USDT:USDT,0.13562,3.0,0.1356,6.0,0.13574,11.0,0.13575,4.0
1753520658149,09:04:18.149,AIN/USDT:USDT,0.13562,9.0,0.1356,6.0,0.13574,11.0,0.13575,4.0
1753520658172,09:04:18.172,AIN/USDT:USDT,0.13562,3.0,0.1356,6.0,0.13574,11.0,0.13575,4.0
1753520658642,09:04:18.642,AIN/USDT:USDT,0.13562,9.0,0.1356,6.0,0.13574,11.0,0.13575,4.0
1753520658749,09:04:18.749,AIN/USDT:USDT,0.13562,9.0,0.13561,4.0,0.13574,3.0,0.13576,6.0
1753520658752,09:04:18.752,AIN/USDT:USDT,0.13562,9.0,0.13561,4.0,0.13574,3.0,0.13576,6.0
1753520658946,09:04:18.946,AIN/USDT:USDT,0.13562,9.0,0.13561,4.0,0.13576,6.0,0.13578,6.0
1753520658976,09:04:18.976,AIN/USDT:USDT,0.13562,9.0,0.13561,4.0,0.13574,3.0,0.13575,7.0
1753520659064,09:04:19.064,AIN/USDT:USDT,0.13562,9.0,0.13561,4.0,0.13574,3.0,0.13575,7.0
1753520659223,09:04:19.223,AIN/USDT:USDT,0.13562,9.0,0.13561,4.0,0.13574,3.0,0.13575,7.0
1753520659250,09:04:19.250,AIN/USDT:USDT,0.13562,9.0,0.13561,4.0,0.13574,3.0,0.13575,7.0
1753520659540,09:04:19.540,AIN/USDT:USDT,0.13562,9.0,0.13561,4.0,0.13574,3.0,0.13575,7.0
1753520659725,09:04:19.725,AIN/USDT:USDT,0.13562,9.0,0.13561,4.0,0.13574,3.0,0.13575,7.0
1753520659822,09:04:19.822,AIN/USDT:USDT,0.13562,9.0,0.13561,4.0,0.13574,3.0,0.13575,7.0
1753520659892,09:04:19.892,AIN/USDT:USDT,0.13562,3.0,0.1356,6.0,0.13574,9.0,0.13575,11.0
1753520659981,09:04:19.981,AIN/USDT:USDT,0.13562,3.0,0.1356,6.0,0.13574,9.0,0.13575,11.0
1753520660113,09:04:20.113,AIN/USDT:USDT,0.13562,20.0,0.1356,6.0,0.13574,3.0,0.13575,11.0
1753520660244,09:04:20.244,AIN/USDT:USDT,0.13562,20.0,0.1356,6.0,0.13575,7.0,0.13578,6.0
1753520660349,09:04:20.349,AIN/USDT:USDT,0.1357,16.0,0.13567,15.0,0.13591,36.0,0.13592,7.0
1753520660445,09:04:20.445,AIN/USDT:USDT,0.13574,3.0,0.13571,36.0,0.13584,9.0,0.13586,18.0
1753520660549,09:04:20.549,AIN/USDT:USDT,0.13574,3.0,0.1357,9.0,0.13584,9.0,0.13586,18.0
1753520660597,09:04:20.597,AIN/USDT:USDT,0.13574,3.0,0.1357,3.0,0.1358,10.0,0.13581,4.0
1753520660746,09:04:20.746,AIN/USDT:USDT,0.13574,10.0,0.13572,6.0,0.13585,4.0,0.13586,10.0
1753520660909,09:04:20.909,AIN/USDT:USDT,0.13574,10.0,0.13572,6.0,0.13585,4.0,0.13586,10.0
1753520661145,09:04:21.145,AIN/USDT:USDT,0.13574,16.0,0.13572,6.0,0.13586,7.0,0.13588,6.0
1753520661155,09:04:21.155,AIN/USDT:USDT,0.13574,16.0,0.13572,6.0,0.13586,7.0,0.13588,6.0
1753520661299,09:04:21.299,AIN/USDT:USDT,0.13574,16.0,0.13572,6.0,0.13586,7.0,0.13588,6.0
1753520661447,09:04:21.447,AIN/USDT:USDT,0.13574,16.0,0.13572,6.0,0.13586,7.0,0.1359,6.0
1753520661473,09:04:21.473,AIN/USDT:USDT,0.13576,13.0,0.13575,4.0,0.13586,7.0,0.1359,6.0
1753520661563,09:04:21.563,AIN/USDT:USDT,0.13576,13.0,0.13575,4.0,0.13586,7.0,0.1359,6.0
1753520661734,09:04:21.734,AIN/USDT:USDT,0.13576,13.0,0.13575,4.0,0.13586,7.0,0.1359,6.0
1753520662154,09:04:22.154,AIN/USDT:USDT,0.13576,13.0,0.13575,4.0,0.13586,7.0,0.1359,6.0
1753520662334,09:04:22.334,AIN/USDT:USDT,0.13576,13.0,0.13575,4.0,0.13586,7.0,0.13591,39.0
1753520662571,09:04:22.571,AIN/USDT:USDT,0.13576,13.0,0.13575,4.0,0.13586,7.0,0.13591,39.0
1753520662741,09:04:22.741,AIN/USDT:USDT,0.13576,13.0,0.13575,4.0,0.13586,7.0,0.1359,6.0
1753520663049,09:04:23.049,AIN/USDT:USDT,0.13587,3.0,0.13585,3.0,0.13604,9.0,0.13606,9.0
1753520663146,09:04:23.146,AIN/USDT:USDT,0.13589,3.0,0.13587,3.0,0.13604,18.0,0.13605,5.0
1753520663245,09:04:23.245,AIN/USDT:USDT,0.13589,3.0,0.13587,3.0,0.13602,9.0,0.13604,18.0
1753520663330,09:04:23.330,AIN/USDT:USDT,0.13589,3.0,0.13587,3.0,0.13602,9.0,0.13604,18.0
1753520663405,09:04:23.405,AIN/USDT:USDT,0.13589,3.0,0.13587,3.0,0.13602,9.0,0.13604,18.0
1753520663510,09:04:23.510,AIN/USDT:USDT,0.13589,7.0,0.13588,4.0,0.13602,3.0,0.13604,16.0
1753520663595,09:04:23.595,AIN/USDT:USDT,0.13591,3.0,0.1359,36.0,0.13604,3.0,0.13606,9.0
1753520663722,09:04:23.722,AIN/USDT:USDT,0.13591,3.0,0.1359,36.0,0.13604,3.0,0.13606,9.0
1753520663854,09:04:23.854,AIN/USDT:USDT,0.13591,3.0,0.1359,36.0,0.13604,3.0,0.13606,9.0
1753520664733,09:04:24.733,AIN/USDT:USDT,0.13591,3.0,0.1359,36.0,0.13604,3.0,0.13606,13.0
1753520665112,09:04:25.112,AIN/USDT:USDT,0.13591,7.0,0.1359,40.0,0.13606,13.0,0.1361,16.0
1753520665521,09:04:25.521,AIN/USDT:USDT,0.13591,7.0,0.1359,40.0,0.13606,13.0,0.1361,16.0
1753520665746,09:04:25.746,AIN/USDT:USDT,0.13591,7.0,0.1359,40.0,0.1361,16.0,0.13611,36.0
1753520665812,09:04:25.812,AIN/USDT:USDT,0.13591,14.0,0.1359,40.0,0.1361,16.0,0.13611,36.0
1753520665946,09:04:25.946,AIN/USDT:USDT,0.13591,14.0,0.1359,40.0,0.13608,9.0,0.1361,16.0
1753520666534,09:04:26.534,AIN/USDT:USDT,0.13591,7.0,0.1359,40.0,0.13604,6.0,0.13606,3.0
1753520666614,09:04:26.614,AIN/USDT:USDT,0.13591,7.0,0.1359,40.0,0.13604,9.0,0.13606,3.0
1753520666713,09:04:26.713,AIN/USDT:USDT,0.13591,3.0,0.13589,3.0,0.13602,11.0,0.13603,14.0
1753520666791,09:04:26.791,AIN/USDT:USDT,0.13591,3.0,0.13589,3.0,0.13602,11.0,0.13603,14.0
1753520667213,09:04:27.213,AIN/USDT:USDT,0.13591,3.0,0.13589,3.0,0.13602,11.0,0.13603,14.0
1753520667475,09:04:27.475,AIN/USDT:USDT,0.13589,3.0,0.13587,3.0,0.13602,11.0,0.13603,14.0
1753520667714,09:04:27.714,AIN/USDT:USDT,0.13589,3.0,0.13587,3.0,0.13602,11.0,0.13603,14.0
1753520668035,09:04:28.035,AIN/USDT:USDT,0.13589,3.0,0.13588,4.0,0.13602,11.0,0.13603,12.0
1753520668142,09:04:28.142,AIN/USDT:USDT,0.13589,3.0,0.13588,4.0,0.13602,5.0,0.13603,12.0
1753520668238,09:04:28.238,AIN/USDT:USDT,0.13589,3.0,0.13588,4.0,0.13602,11.0,0.13603,16.0
1753520668252,09:04:28.252,AIN/USDT:USDT,0.13589,3.0,0.13588,4.0,0.13602,5.0,0.13603,16.0
1753520668437,09:04:28.437,AIN/USDT:USDT,0.13589,3.0,0.13588,4.0,0.13602,5.0,0.13603,12.0
1753520668793,09:04:28.793,AIN/USDT:USDT,0.13589,3.0,0.13588,4.0,0.13602,11.0,0.13603,12.0
1753520668982,09:04:28.982,AIN/USDT:USDT,0.13589,3.0,0.13588,4.0,0.13602,11.0,0.13603,12.0
1753520669243,09:04:29.243,AIN/USDT:USDT,0.13589,3.0,0.13588,4.0,0.13602,5.0,0.13603,12.0
1753520669357,09:04:29.357,AIN/USDT:USDT,0.13589,3.0,0.13588,8.0,0.13602,5.0,0.13603,12.0
1753520669503,09:04:29.503,AIN/USDT:USDT,0.13589,3.0,0.13588,8.0,0.13602,3.0,0.13603,7.0
1753520669943,09:04:29.943,AIN/USDT:USDT,0.13589,3.0,0.13588,8.0,0.13602,3.0,0.13603,7.0
1753520670539,09:04:30.539,AIN/USDT:USDT,0.13589,3.0,0.13588,8.0,0.13603,7.0,0.13604,3.0
1753520670649,09:04:30.649,AIN/USDT:USDT,0.13589,3.0,0.13588,4.0,0.13603,7.0,0.13604,9.0
1753520670725,09:04:30.725,AIN/USDT:USDT,0.13589,3.0,0.13587,3.0,0.136,9.0,0.13602,9.0
1753520671007,09:04:31.007,AIN/USDT:USDT,0.13589,3.0,0.13587,3.0,0.136,3.0,0.13602,9.0
1753520672344,09:04:32.344,AIN/USDT:USDT,0.13589,3.0,0.13587,3.0,0.13602,3.0,0.13603,11.0
1753520673033,09:04:33.033,AIN/USDT:USDT,0.13589,3.0,0.13587,3.0,0.13602,3.0,0.13603,11.0
1753520673117,09:04:33.117,AIN/USDT:USDT,0.13589,3.0,0.13587,3.0,0.13602,3.0,0.13603,9.0
1753520673546,09:04:33.546,AIN/USDT:USDT,0.13589,3.0,0.13587,3.0,0.13602,11.0,0.13603,9.0
1753520673643,09:04:33.643,AIN/USDT:USDT,0.13589,3.0,0.13587,3.0,0.13602,11.0,0.13603,9.0
1753520674744,09:04:34.744,AIN/USDT:USDT,0.13589,3.0,0.13587,3.0,0.13602,11.0,0.13603,9.0
1753520674832,09:04:34.832,AIN/USDT:USDT,0.13589,11.0,0.13587,3.0,0.13602,3.0,0.13603,7.0
1753520674924,09:04:34.924,AIN/USDT:USDT,0.13591,3.0,0.1359,36.0,0.13602,3.0,0.13604,9.0
1753520675024,09:04:35.024,AIN/USDT:USDT,0.13591,3.0,0.1359,36.0,0.13602,3.0,0.13603,7.0
1753520675062,09:04:35.062,AIN/USDT:USDT,0.13591,3.0,0.1359,36.0,0.13602,3.0,0.13603,7.0
1753520675235,09:04:35.235,AIN/USDT:USDT,0.13591,3.0,0.13589,11.0,0.13602,11.0,0.13603,16.0
1753520675332,09:04:35.332,AIN/USDT:USDT,0.13591,3.0,0.13589,3.0,0.13602,5.0,0.13603,16.0
1753520675362,09:04:35.362,AIN/USDT:USDT,0.13591,3.0,0.13589,3.0,0.13602,11.0,0.13603,16.0
1753520675746,09:04:35.746,AIN/USDT:USDT,0.13591,3.0,0.13589,3.0,0.13602,11.0,0.13603,16.0
1753520675847,09:04:35.847,AIN/USDT:USDT,0.13591,3.0,0.13589,3.0,0.13602,11.0,0.13603,16.0
1753520675892,09:04:35.892,AIN/USDT:USDT,0.13591,3.0,0.13589,3.0,0.13602,11.0,0.13603,16.0
1753520675965,09:04:35.965,AIN/USDT:USDT,0.13591,3.0,0.13589,3.0,0.13602,11.0,0.13603,16.0
1753520676133,09:04:36.133,AIN/USDT:USDT,0.13591,3.0,0.13589,3.0,0.13602,11.0,0.13603,16.0
1753520676290,09:04:36.290,AIN/USDT:USDT,0.13591,3.0,0.13589,3.0,0.13602,5.0,0.13603,16.0
1753520676387,09:04:36.387,AIN/USDT:USDT,0.13591,3.0,0.13589,3.0,0.13602,11.0,0.13603,16.0
1753520676505,09:04:36.505,AIN/USDT:USDT,0.13591,3.0,0.13589,3.0,0.13602,5.0,0.13603,16.0
1753520677048,09:04:37.048,AIN/USDT:USDT,0.13591,3.0,0.13589,3.0,0.13602,5.0,0.13603,16.0
1753520677279,09:04:37.279,AIN/USDT:USDT,0.13591,3.0,0.13589,3.0,0.13602,5.0,0.13603,16.0
1753520678928,09:04:38.928,AIN/USDT:USDT,0.13591,3.0,0.1359,4.0,0.13602,5.0,0.13603,12.0
1753520679117,09:04:39.117,AIN/USDT:USDT,0.13591,3.0,0.1359,4.0,0.13602,5.0,0.13603,12.0
1753520679544,09:04:39.544,AIN/USDT:USDT,0.13591,3.0,0.1359,4.0,0.13602,5.0,0.13603,12.0
1753520679612,09:04:39.612,AIN/USDT:USDT,0.13593,3.0,0.13592,36.0,0.13606,3.0,0.13608,9.0
1753520679695,09:04:39.695,AIN/USDT:USDT,0.13593,3.0,0.13592,36.0,0.13606,3.0,0.13608,9.0
1753520679801,09:04:39.801,AIN/USDT:USDT,0.13593,3.0,0.13592,36.0,0.13606,3.0,0.13608,9.0
1753520679995,09:04:39.995,AIN/USDT:USDT,0.13593,3.0,0.13592,36.0,0.13606,3.0,0.13608,9.0
1753520680104,09:04:40.104,AIN/USDT:USDT,0.13593,3.0,0.13592,36.0,0.13606,3.0,0.13608,9.0
1753520680425,09:04:40.425,AIN/USDT:USDT,0.13593,3.0,0.13592,36.0,0.13606,3.0,0.13608,9.0
1753520680519,09:04:40.519,AIN/USDT:USDT,0.13593,3.0,0.13592,36.0,0.13606,3.0,0.13608,9.0
1753520680879,09:04:40.879,AIN/USDT:USDT,0.13593,3.0,0.13592,36.0,0.13606,3.0,0.13608,9.0
1753520681344,09:04:41.344,AIN/USDT:USDT,0.13593,3.0,0.13592,36.0,0.13606,3.0,0.13608,9.0
1753520681531,09:04:41.531,AIN/USDT:USDT,0.13593,3.0,0.13592,36.0,0.13606,3.0,0.13608,9.0
1753520681578,09:04:41.578,AIN/USDT:USDT,0.13593,3.0,0.13592,36.0,0.13606,3.0,0.13608,9.0
1753520681741,09:04:41.741,AIN/USDT:USDT,0.13595,3.0,0.13594,12.0,0.1361,10.0,0.13614,6.0
1753520681843,09:04:41.843,AIN/USDT:USDT,0.13595,3.0,0.13593,3.0,0.1361,10.0,0.13612,6.0
1753520681856,09:04:41.856,AIN/USDT:USDT,0.13595,3.0,0.13593,3.0,0.1361,10.0,0.13612,6.0
1753520682046,09:04:42.046,AIN/USDT:USDT,0.13595,3.0,0.13593,3.0,0.1361,16.0,0.13612,6.0
1753520682110,09:04:42.110,AIN/USDT:USDT,0.13595,3.0,0.13593,3.0,0.1361,10.0,0.13612,6.0
1753520682749,09:04:42.749,AIN/USDT:USDT,0.13595,3.0,0.13593,3.0,0.13604,16.0,0.13606,13.0
1753520682753,09:04:42.753,AIN/USDT:USDT,0.13595,3.0,0.13593,3.0,0.13604,16.0,0.13606,13.0
1753520682997,09:04:42.997,AIN/USDT:USDT,0.13595,3.0,0.13593,3.0,0.13604,16.0,0.13606,13.0
1753520683066,09:04:43.066,AIN/USDT:USDT,0.13593,3.0,0.13591,3.0,0.13604,10.0,0.13606,13.0
1753520683824,09:04:43.824,AIN/USDT:USDT,0.13593,3.0,0.13592,8.0,0.13604,10.0,0.13606,13.0
1753520683892,09:04:43.892,AIN/USDT:USDT,0.13593,3.0,0.13592,8.0,0.13604,10.0,0.13606,11.0
1753520684101,09:04:44.101,AIN/USDT:USDT,0.13593,3.0,0.13592,8.0,0.13604,10.0,0.13606,11.0
1753520684244,09:04:44.244,AIN/USDT:USDT,0.13593,3.0,0.13592,8.0,0.13604,10.0,0.13606,11.0
1753520684345,09:04:44.345,AIN/USDT:USDT,0.13593,3.0,0.13592,8.0,0.13604,10.0,0.13606,11.0
1753520684444,09:04:44.444,AIN/USDT:USDT,0.13593,3.0,0.13592,4.0,0.13604,10.0,0.13606,11.0
1753520684521,09:04:44.521,AIN/USDT:USDT,0.13593,3.0,0.13592,4.0,0.13604,16.0,0.13606,11.0
1753520684707,09:04:44.707,AIN/USDT:USDT,0.13592,4.0,0.13591,3.0,0.13604,16.0,0.13605,4.0
1753520685069,09:04:45.069,AIN/USDT:USDT,0.13592,4.0,0.13591,3.0,0.13604,16.0,0.13605,4.0
1753520685208,09:04:45.208,AIN/USDT:USDT,0.13592,8.0,0.13591,7.0,0.13604,16.0,0.13605,4.0
1753520685512,09:04:45.512,AIN/USDT:USDT,0.13592,4.0,0.13591,3.0,0.13604,16.0,0.13605,4.0
1753520685631,09:04:45.631,AIN/USDT:USDT,0.13591,3.0,0.13589,3.0,0.13602,11.0,0.13603,5.0
1753520685722,09:04:45.722,AIN/USDT:USDT,0.13591,3.0,0.13589,3.0,0.13602,11.0,0.13603,5.0
1753520685902,09:04:45.902,AIN/USDT:USDT,0.13591,3.0,0.13589,3.0,0.13602,11.0,0.13603,5.0
1753520686036,09:04:46.036,AIN/USDT:USDT,0.13591,3.0,0.13589,3.0,0.13602,11.0,0.13603,5.0
1753520686342,09:04:46.342,AIN/USDT:USDT,0.13591,3.0,0.13589,3.0,0.13602,5.0,0.13603,5.0
1753520686641,09:04:46.641,AIN/USDT:USDT,0.13591,3.0,0.13589,3.0,0.13602,5.0,0.13603,5.0
1753520687372,09:04:47.372,AIN/USDT:USDT,0.13591,3.0,0.1359,4.0,0.13602,5.0,0.13603,5.0
1753520687934,09:04:47.934,AIN/USDT:USDT,0.13591,3.0,0.1359,8.0,0.13602,5.0,0.13603,5.0
1753520689144,09:04:49.144,AIN/USDT:USDT,0.13591,3.0,0.1359,8.0,0.13602,5.0,0.13603,5.0
1753520689534,09:04:49.534,AIN/USDT:USDT,0.13591,3.0,0.1359,4.0,0.13602,5.0,0.13603,5.0
1753520691524,09:04:51.524,AIN/USDT:USDT,0.13585,3.0,0.13583,39.0,0.13598,18.0,0.136,6.0
1753520691648,09:04:51.648,AIN/USDT:USDT,0.13585,3.0,0.13583,39.0,0.13598,18.0,0.136,6.0
1753520691662,09:04:51.662,AIN/USDT:USDT,0.13585,3.0,0.13583,39.0,0.13598,12.0,0.136,6.0
1753520691863,09:04:51.863,AIN/USDT:USDT,0.13585,3.0,0.13583,39.0,0.13598,12.0,0.136,6.0
1753520692012,09:04:52.012,AIN/USDT:USDT,0.13585,3.0,0.13583,3.0,0.13598,20.0,0.136,6.0
1753520692126,09:04:52.126,AIN/USDT:USDT,0.13585,3.0,0.13583,3.0,0.13598,20.0,0.136,6.0
1753520692987,09:04:52.987,AIN/USDT:USDT,0.13585,3.0,0.13583,3.0,0.13598,14.0,0.136,6.0
1753520693246,09:04:53.246,AIN/USDT:USDT,0.13585,3.0,0.13583,3.0,0.13598,14.0,0.136,6.0
1753520693269,09:04:53.269,AIN/USDT:USDT,0.13585,3.0,0.13583,3.0,0.13598,14.0,0.136,6.0
1753520693359,09:04:53.359,AIN/USDT:USDT,0.13585,3.0,0.13583,3.0,0.13598,14.0,0.136,6.0
1753520693944,09:04:53.944,AIN/USDT:USDT,0.13585,3.0,0.13583,3.0,0.13598,14.0,0.136,6.0
1753520694249,09:04:54.249,AIN/USDT:USDT,0.13585,3.0,0.13583,3.0,0.13598,14.0,0.136,6.0
1753520694302,09:04:54.302,AIN/USDT:USDT,0.13583,3.0,0.13577,122.0,0.13596,9.0,0.13597,12.0
1753520694435,09:04:54.435,AIN/USDT:USDT,0.13583,3.0,0.13577,122.0,0.13596,9.0,0.13597,36.0
1753520695134,09:04:55.134,AIN/USDT:USDT,0.13583,3.0,0.13577,122.0,0.13596,9.0,0.13597,36.0
1753520695271,09:04:55.271,AIN/USDT:USDT,0.13583,3.0,0.13577,122.0,0.13596,9.0,0.13597,36.0
1753520696359,09:04:56.359,AIN/USDT:USDT,0.13583,3.0,0.13577,122.0,0.13596,9.0,0.13597,36.0
1753520696753,09:04:56.753,AIN/USDT:USDT,0.13583,3.0,0.13577,122.0,0.13596,9.0,0.13597,36.0
1753520696898,09:04:56.898,AIN/USDT:USDT,0.13583,3.0,0.13577,122.0,0.13596,9.0,0.13597,36.0
1753520698413,09:04:58.413,AIN/USDT:USDT,0.13583,3.0,0.13577,122.0,0.13596,9.0,0.13597,36.0
1753520698532,09:04:58.532,AIN/USDT:USDT,0.13583,11.0,0.13577,122.0,0.13596,3.0,0.13598,10.0
1753520698633,09:04:58.633,AIN/USDT:USDT,0.13583,11.0,0.13577,122.0,0.13596,3.0,0.13598,10.0
1753520698744,09:04:58.744,AIN/USDT:USDT,0.13583,11.0,0.13579,7.0,0.13596,3.0,0.13598,10.0
1753520698926,09:04:58.926,AIN/USDT:USDT,0.13583,11.0,0.13579,7.0,0.13596,3.0,0.13598,10.0
1753520699068,09:04:59.068,AIN/USDT:USDT,0.13583,11.0,0.13579,7.0,0.13596,3.0,0.13598,10.0
1753520699166,09:04:59.166,AIN/USDT:USDT,0.13583,11.0,0.13579,7.0,0.13596,3.0,0.13598,10.0
1753520699474,09:04:59.474,AIN/USDT:USDT,0.13583,11.0,0.13579,7.0,0.13596,3.0,0.13598,10.0
1753520701158,09:05:01.158,AIN/USDT:USDT,0.13583,11.0,0.13579,7.0,0.13596,3.0,0.13598,10.0
1753520701415,09:05:01.415,AIN/USDT:USDT,0.13583,11.0,0.13579,7.0,0.13596,5.0,0.13598,10.0
1753520701472,09:05:01.472,AIN/USDT:USDT,0.13588,3.0,0.13583,11.0,0.13596,5.0,0.13598,14.0
1753520702181,09:05:02.181,AIN/USDT:USDT,0.13588,3.0,0.13583,11.0,0.13596,5.0,0.13598,14.0
1753520703148,09:05:03.148,AIN/USDT:USDT,0.13588,3.0,0.13587,8.0,0.13596,3.0,0.13598,10.0
1753520703165,09:05:03.165,AIN/USDT:USDT,0.13588,3.0,0.13587,8.0,0.13598,3.0,0.13602,9.0
1753520703347,09:05:03.347,AIN/USDT:USDT,0.13588,3.0,0.13587,8.0,0.13598,3.0,0.13602,3.0
1753520703399,09:05:03.399,AIN/USDT:USDT,0.13588,3.0,0.13587,8.0,0.13598,3.0,0.13602,3.0
1753520703544,09:05:03.544,AIN/USDT:USDT,0.13588,3.0,0.13587,8.0,0.13598,3.0,0.13602,3.0
1753520703676,09:05:03.676,AIN/USDT:USDT,0.13588,3.0,0.13587,8.0,0.13598,3.0,0.13602,3.0
1753520703759,09:05:03.759,AIN/USDT:USDT,0.13588,3.0,0.13587,8.0,0.13598,3.0,0.13602,3.0
1753520704259,09:05:04.259,AIN/USDT:USDT,0.13588,3.0,0.13587,8.0,0.13598,3.0,0.13602,3.0
1753520704445,09:05:04.445,AIN/USDT:USDT,0.13591,7.0,0.1359,4.0,0.13598,3.0,0.13602,9.0
1753520704457,09:05:04.457,AIN/USDT:USDT,0.13591,7.0,0.1359,4.0,0.13598,3.0,0.13602,9.0
1753520704660,09:05:04.660,AIN/USDT:USDT,0.13591,11.0,0.1359,8.0,0.13598,3.0,0.13602,9.0
1753520705103,09:05:05.103,AIN/USDT:USDT,0.13591,11.0,0.1359,8.0,0.13598,3.0,0.13602,9.0
1753520705590,09:05:05.590,AIN/USDT:USDT,0.13591,11.0,0.1359,8.0,0.13598,3.0,0.136,10.0
1753520705675,09:05:05.675,AIN/USDT:USDT,0.13588,3.0,0.13583,3.0,0.13598,3.0,0.136,10.0
1753520705838,09:05:05.838,AIN/USDT:USDT,0.13588,7.0,0.13587,8.0,0.13598,3.0,0.136,10.0
1753520705948,09:05:05.948,AIN/USDT:USDT,0.13588,7.0,0.13587,8.0,0.13598,3.0,0.136,4.0
1753520705952,09:05:05.952,AIN/USDT:USDT,0.13588,7.0,0.13587,8.0,0.13598,3.0,0.136,4.0
1753520706984,09:05:06.984,AIN/USDT:USDT,0.13588,4.0,0.13587,8.0,0.13598,3.0,0.136,4.0
1753520707447,09:05:07.447,AIN/USDT:USDT,0.13591,7.0,0.1359,4.0,0.13598,3.0,0.136,4.0
1753520708011,09:05:08.011,AIN/USDT:USDT,0.13591,7.0,0.1359,4.0,0.13598,3.0,0.136,4.0
1753520708347,09:05:08.347,AIN/USDT:USDT,0.13591,7.0,0.1359,4.0,0.13598,3.0,0.136,4.0
1753520708450,09:05:08.450,AIN/USDT:USDT,0.13591,7.0,0.1359,4.0,0.136,3.0,0.13602,3.0
1753520708548,09:05:08.548,AIN/USDT:USDT,0.13591,7.0,0.1359,4.0,0.136,3.0,0.13602,3.0
1753520709252,09:05:09.252,AIN/USDT:USDT,0.13591,7.0,0.1359,4.0,0.136,3.0,0.13602,3.0
1753520709830,09:05:09.830,AIN/USDT:USDT,0.13591,7.0,0.1359,4.0,0.136,3.0,0.13602,3.0
1753520710110,09:05:10.110,AIN/USDT:USDT,0.13591,7.0,0.1359,4.0,0.136,3.0,0.13602,9.0
1753520710442,09:05:10.442,AIN/USDT:USDT,0.13594,7.0,0.13593,4.0,0.136,3.0,0.13602,3.0
1753520710458,09:05:10.458,AIN/USDT:USDT,0.13594,7.0,0.13593,4.0,0.136,3.0,0.13602,3.0
1753520710562,09:05:10.562,AIN/USDT:USDT,0.13594,7.0,0.13593,4.0,0.136,3.0,0.13602,3.0
1753520711286,09:05:11.286,AIN/USDT:USDT,0.13594,7.0,0.13593,4.0,0.136,3.0,0.13602,3.0
1753520711527,09:05:11.527,AIN/USDT:USDT,0.13591,3.0,0.13583,39.0,0.136,3.0,0.13602,11.0
1753520712126,09:05:12.126,AIN/USDT:USDT,0.13591,3.0,0.13583,39.0,0.136,3.0,0.13602,11.0
1753520713147,09:05:13.147,AIN/USDT:USDT,0.13591,3.0,0.13583,39.0,0.136,3.0,0.13602,11.0
1753520713244,09:05:13.244,AIN/USDT:USDT,0.13577,39.0,0.13576,6.0,0.13594,11.0,0.13595,7.0
1753520713344,09:05:13.344,AIN/USDT:USDT,0.13577,39.0,0.13576,6.0,0.13594,11.0,0.13595,7.0
1753520713438,09:05:13.438,AIN/USDT:USDT,0.13577,39.0,0.13576,6.0,0.13594,5.0,0.13595,7.0
1753520713464,09:05:13.464,AIN/USDT:USDT,0.13577,39.0,0.13576,6.0,0.13594,5.0,0.13595,7.0
1753520713631,09:05:13.631,AIN/USDT:USDT,0.13577,39.0,0.13576,6.0,0.13594,5.0,0.13595,7.0
1753520714011,09:05:14.011,AIN/USDT:USDT,0.13577,39.0,0.13576,6.0,0.13594,5.0,0.13595,7.0
1753520714424,09:05:14.424,AIN/USDT:USDT,0.13581,3.0,0.1358,4.0,0.13594,3.0,0.13598,6.0
1753520714528,09:05:14.528,AIN/USDT:USDT,0.13583,7.0,0.13582,17.0,0.13594,3.0,0.136,3.0
1753520714822,09:05:14.822,AIN/USDT:USDT,0.13583,7.0,0.13582,17.0,0.13594,3.0,0.136,3.0
1753520715267,09:05:15.267,AIN/USDT:USDT,0.13583,7.0,0.13582,17.0,0.13594,3.0,0.136,3.0
1753520716349,09:05:16.349,AIN/USDT:USDT,0.13585,15.0,0.13584,16.0,0.13598,10.0,0.136,3.0
1753520716446,09:05:16.446,AIN/USDT:USDT,0.13589,3.0,0.13588,16.0,0.13598,3.0,0.136,3.0
1753520716501,09:05:16.501,AIN/USDT:USDT,0.13591,7.0,0.1359,5.0,0.13598,3.0,0.136,3.0
1753520716588,09:05:16.588,AIN/USDT:USDT,0.13591,7.0,0.1359,5.0,0.13598,3.0,0.136,3.0
1753520716740,09:05:16.740,AIN/USDT:USDT,0.13593,3.0,0.13592,16.0,0.136,3.0,0.13602,3.0
1753520716831,09:05:16.831,AIN/USDT:USDT,0.13593,15.0,0.13592,16.0,0.13602,3.0,0.13604,10.0
1753520716943,09:05:16.943,AIN/USDT:USDT,0.13593,3.0,0.13592,16.0,0.13602,3.0,0.13604,3.0
1753520717093,09:05:17.093,AIN/USDT:USDT,0.13593,3.0,0.13592,4.0,0.13602,3.0,0.13604,3.0
1753520717222,09:05:17.222,AIN/USDT:USDT,0.13593,3.0,0.13592,4.0,0.13602,3.0,0.13604,3.0
1753520717339,09:05:17.339,AIN/USDT:USDT,0.13593,3.0,0.13592,4.0,0.13602,3.0,0.13604,3.0
1753520717949,09:05:17.949,AIN/USDT:USDT,0.13593,3.0,0.13592,4.0,0.13602,3.0,0.13604,3.0
1753520718201,09:05:18.201,AIN/USDT:USDT,0.13593,3.0,0.13592,4.0,0.13602,3.0,0.13604,3.0
1753520718290,09:05:18.290,AIN/USDT:USDT,0.13593,3.0,0.13592,4.0,0.13602,3.0,0.13604,3.0
1753520718381,09:05:18.381,AIN/USDT:USDT,0.13593,3.0,0.13592,4.0,0.13602,3.0,0.13604,9.0
1753520718542,09:05:18.542,AIN/USDT:USDT,0.13593,3.0,0.13592,4.0,0.13602,3.0,0.13604,3.0
1753520718635,09:05:18.635,AIN/USDT:USDT,0.13593,3.0,0.13592,4.0,0.13602,3.0,0.13604,3.0
1753520718733,09:05:18.733,AIN/USDT:USDT,0.13593,3.0,0.13592,4.0,0.13602,3.0,0.13604,9.0
1753520718750,09:05:18.750,AIN/USDT:USDT,0.13593,3.0,0.13592,4.0,0.13602,3.0,0.13604,9.0
1753520719438,09:05:19.438,AIN/USDT:USDT,0.13593,3.0,0.13592,4.0,0.13602,3.0,0.13604,9.0
1753520719525,09:05:19.525,AIN/USDT:USDT,0.13593,3.0,0.13592,4.0,0.13602,3.0,0.13604,3.0
1753520719836,09:05:19.836,AIN/USDT:USDT,0.13593,3.0,0.13592,4.0,0.13602,3.0,0.13604,13.0
1753520719920,09:05:19.920,AIN/USDT:USDT,0.13593,3.0,0.13592,4.0,0.13602,3.0,0.13604,13.0
1753520720133,09:05:20.133,AIN/USDT:USDT,0.13593,3.0,0.13592,4.0,0.13602,3.0,0.13604,8.0
1753520720309,09:05:20.309,AIN/USDT:USDT,0.13593,3.0,0.13592,4.0,0.13602,3.0,0.13604,8.0
1753520720745,09:05:20.745,AIN/USDT:USDT,0.13592,4.0,0.13591,12.0,0.13602,3.0,0.13604,8.0
1753520721170,09:05:21.170,AIN/USDT:USDT,0.13592,4.0,0.13591,12.0,0.13602,3.0,0.13604,8.0
1753520721505,09:05:21.505,AIN/USDT:USDT,0.13593,3.0,0.13592,4.0,0.13602,3.0,0.13604,8.0
1753520721606,09:05:21.606,AIN/USDT:USDT,0.13593,3.0,0.13592,4.0,0.13602,3.0,0.13604,8.0
1753520722034,09:05:22.034,AIN/USDT:USDT,0.13593,3.0,0.13592,4.0,0.13602,3.0,0.13604,8.0
1753520722196,09:05:22.196,AIN/USDT:USDT,0.13593,3.0,0.13592,4.0,0.13602,3.0,0.13604,8.0
1753520722299,09:05:22.299,AIN/USDT:USDT,0.13593,3.0,0.13592,4.0,0.13602,3.0,0.13604,8.0
1753520722532,09:05:22.532,AIN/USDT:USDT,0.13593,3.0,0.13592,4.0,0.13602,3.0,0.13604,8.0
1753520722745,09:05:22.745,AIN/USDT:USDT,0.13593,3.0,0.13592,4.0,0.13602,3.0,0.13604,8.0
1753520722838,09:05:22.838,AIN/USDT:USDT,0.13591,3.0,0.13589,3.0,0.13602,9.0,0.13603,12.0
1753520722891,09:05:22.891,AIN/USDT:USDT,0.13591,3.0,0.13589,3.0,0.13602,3.0,0.13603,12.0
1753520723041,09:05:23.041,AIN/USDT:USDT,0.13591,3.0,0.13589,3.0,0.13602,3.0,0.13603,12.0
1753520723314,09:05:23.314,AIN/USDT:USDT,0.13591,3.0,0.13589,3.0,0.13602,3.0,0.13603,12.0
1753520723379,09:05:23.379,AIN/USDT:USDT,0.13591,3.0,0.13589,3.0,0.13602,3.0,0.13603,12.0
1753520723540,09:05:23.540,AIN/USDT:USDT,0.13591,3.0,0.1359,5.0,0.13602,9.0,0.13603,12.0
1753520723572,09:05:23.572,AIN/USDT:USDT,0.1359,5.0,0.13589,3.0,0.13602,3.0,0.13603,12.0
1753520724135,09:05:24.135,AIN/USDT:USDT,0.1359,5.0,0.13589,3.0,0.13602,3.0,0.13603,12.0
1753520724994,09:05:24.994,AIN/USDT:USDT,0.1359,5.0,0.13589,3.0,0.13602,3.0,0.13603,12.0
1753520725204,09:05:25.204,AIN/USDT:USDT,0.13591,3.0,0.13589,3.0,0.13602,3.0,0.13603,12.0
1753520725267,09:05:25.267,AIN/USDT:USDT,0.13591,11.0,0.1359,6.0,0.13602,3.0,0.13603,12.0
1753520725438,09:05:25.438,AIN/USDT:USDT,0.13591,11.0,0.1359,6.0,0.13602,3.0,0.13603,12.0
1753520725461,09:05:25.461,AIN/USDT:USDT,0.13591,11.0,0.1359,6.0,0.13602,3.0,0.13603,12.0
1753520725599,09:05:25.599,AIN/USDT:USDT,0.13591,11.0,0.1359,6.0,0.13602,3.0,0.13603,12.0
1753520725777,09:05:25.777,AIN/USDT:USDT,0.13591,11.0,0.1359,6.0,0.13602,3.0,0.13603,7.0
1753520725880,09:05:25.880,AIN/USDT:USDT,0.13591,11.0,0.1359,6.0,0.13602,3.0,0.13603,7.0
1753520726145,09:05:26.145,AIN/USDT:USDT,0.13587,3.0,0.13585,3.0,0.13597,14.0,0.13598,10.0
1753520726241,09:05:26.241,AIN/USDT:USDT,0.13585,3.0,0.13583,3.0,0.13597,14.0,0.13598,10.0
1753520726932,09:05:26.932,AIN/USDT:USDT,0.13585,11.0,0.13583,3.0,0.13597,5.0,0.13598,5.0
1753520727027,09:05:27.027,AIN/USDT:USDT,0.13585,11.0,0.13583,3.0,0.13597,2.0,0.136,6.0
1753520727078,09:05:27.078,AIN/USDT:USDT,0.13585,11.0,0.13583,3.0,0.136,3.0,0.13602,9.0
1753520727213,09:05:27.213,AIN/USDT:USDT,0.13585,7.0,0.13583,3.0,0.13597,14.0,0.13598,9.0
1753520727404,09:05:27.404,AIN/USDT:USDT,0.13585,3.0,0.13583,3.0,0.13595,3.0,0.13596,6.0
1753520727545,09:05:27.545,AIN/USDT:USDT,0.13579,3.0,0.13577,3.0,0.13591,14.0,0.13592,16.0
1753520727646,09:05:27.646,AIN/USDT:USDT,0.13577,3.0,0.13574,6.0,0.13589,3.0,0.1359,18.0
1753520727701,09:05:27.701,AIN/USDT:USDT,0.13577,3.0,0.13574,6.0,0.13589,3.0,0.1359,18.0
1753520727820,09:05:27.820,AIN/USDT:USDT,0.13577,3.0,0.13574,6.0,0.13589,3.0,0.1359,18.0
1753520727885,09:05:27.885,AIN/USDT:USDT,0.13577,3.0,0.13574,6.0,0.13589,3.0,0.1359,18.0
1753520728041,09:05:28.041,AIN/USDT:USDT,0.13577,3.0,0.13574,6.0,0.13589,3.0,0.1359,6.0
1753520728055,09:05:28.055,AIN/USDT:USDT,0.13577,3.0,0.13574,6.0,0.13589,3.0,0.1359,6.0
1753520728249,09:05:28.249,AIN/USDT:USDT,0.13577,3.0,0.13574,6.0,0.13589,3.0,0.1359,6.0
1753520728302,09:05:28.302,AIN/USDT:USDT,0.13577,3.0,0.13574,6.0,0.13589,3.0,0.1359,6.0
1753520728437,09:05:28.437,AIN/USDT:USDT,0.13577,3.0,0.13574,6.0,0.13589,3.0,0.1359,6.0
1753520728599,09:05:28.599,AIN/USDT:USDT,0.13577,3.0,0.13576,10.0,0.13589,3.0,0.13591,14.0
1753520728726,09:05:28.726,AIN/USDT:USDT,0.13577,3.0,0.13576,10.0,0.13589,3.0,0.13591,14.0
1753520729207,09:05:29.207,AIN/USDT:USDT,0.13577,3.0,0.13576,10.0,0.13589,3.0,0.13591,12.0
1753520729253,09:05:29.253,AIN/USDT:USDT,0.13577,3.0,0.13576,10.0,0.13589,3.0,0.1359,5.0
1753520729441,09:05:29.441,AIN/USDT:USDT,0.13577,3.0,0.13576,10.0,0.13589,3.0,0.1359,11.0
1753520729579,09:05:29.579,AIN/USDT:USDT,0.13577,3.0,0.13576,10.0,0.13589,3.0,0.1359,11.0
1753520729819,09:05:29.819,AIN/USDT:USDT,0.13577,3.0,0.13576,10.0,0.13589,3.0,0.1359,5.0
1753520729996,09:05:29.996,AIN/USDT:USDT,0.13577,3.0,0.13576,10.0,0.13589,3.0,0.1359,5.0
1753520730647,09:05:30.647,AIN/USDT:USDT,0.13577,3.0,0.13576,10.0,0.13589,3.0,0.1359,11.0
1753520731209,09:05:31.209,AIN/USDT:USDT,0.13577,3.0,0.13576,10.0,0.13589,3.0,0.1359,11.0
1753520731448,09:05:31.448,AIN/USDT:USDT,0.13577,3.0,0.13576,10.0,0.13589,3.0,0.1359,11.0
1753520731717,09:05:31.717,AIN/USDT:USDT,0.13577,3.0,0.13576,10.0,0.13589,3.0,0.1359,11.0
1753520732298,09:05:32.298,AIN/USDT:USDT,0.13577,3.0,0.13576,10.0,0.13589,3.0,0.1359,11.0
1753520732586,09:05:32.586,AIN/USDT:USDT,0.13577,3.0,0.13576,10.0,0.13589,3.0,0.1359,5.0
1753520732947,09:05:32.947,AIN/USDT:USDT,0.13577,3.0,0.13576,10.0,0.13589,3.0,0.1359,5.0
1753520733332,09:05:33.332,AIN/USDT:USDT,0.13565,36.0,0.13564,36.0,0.13585,14.0,0.13586,10.0
1753520733403,09:05:33.403,AIN/USDT:USDT,0.13565,39.0,0.13564,36.0,0.13583,3.0,0.13584,6.0
1753520733472,09:05:33.472,AIN/USDT:USDT,0.13567,3.0,0.13566,92.0,0.13583,3.0,0.13585,12.0
1753520733648,09:05:33.648,AIN/USDT:USDT,0.13571,36.0,0.13567,3.0,0.13583,3.0,0.13585,12.0
1753520733705,09:05:33.705,AIN/USDT:USDT,0.13571,45.0,0.1357,7.0,0.13583,3.0,0.13585,3.0
1753520733908,09:05:33.908,AIN/USDT:USDT,0.13571,45.0,0.1357,7.0,0.13585,3.0,0.13589,39.0
1753520734142,09:05:34.142,AIN/USDT:USDT,0.13571,45.0,0.1357,7.0,0.13585,3.0,0.13588,6.0
1753520734210,09:05:34.210,AIN/USDT:USDT,0.13571,45.0,0.1357,7.0,0.13585,3.0,0.13588,6.0
1753520734556,09:05:34.556,AIN/USDT:USDT,0.13571,45.0,0.1357,7.0,0.13585,3.0,0.13588,6.0
1753520734747,09:05:34.747,AIN/USDT:USDT,0.13573,3.0,0.13572,7.0,0.13589,3.0,0.13591,10.0
1753520734771,09:05:34.771,AIN/USDT:USDT,0.13573,3.0,0.13572,7.0,0.13589,3.0,0.13591,10.0
1753520734859,09:05:34.859,AIN/USDT:USDT,0.13573,3.0,0.13572,7.0,0.13589,3.0,0.13591,10.0
1753520735017,09:05:35.017,AIN/USDT:USDT,0.13573,3.0,0.13572,7.0,0.13589,3.0,0.13591,10.0
1753520735141,09:05:35.141,AIN/USDT:USDT,0.13573,3.0,0.13572,7.0,0.13589,3.0,0.13591,10.0
1753520735263,09:05:35.263,AIN/USDT:USDT,0.13573,3.0,0.13572,7.0,0.13589,3.0,0.13591,10.0
1753520735407,09:05:35.407,AIN/USDT:USDT,0.13573,3.0,0.13572,7.0,0.13589,3.0,0.13591,10.0
1753520735532,09:05:35.532,AIN/USDT:USDT,0.13573,3.0,0.13572,7.0,0.13589,5.0,0.13591,10.0
1753520736010,09:05:36.010,AIN/USDT:USDT,0.13573,3.0,0.13572,7.0,0.13589,5.0,0.13591,10.0
1753520736070,09:05:36.070,AIN/USDT:USDT,0.13573,3.0,0.13572,7.0,0.13589,5.0,0.13591,10.0
1753520737246,09:05:37.246,AIN/USDT:USDT,0.13573,3.0,0.13572,7.0,0.13589,5.0,0.13591,10.0
1753520737257,09:05:37.257,AIN/USDT:USDT,0.13573,3.0,0.13572,7.0,0.13589,5.0,0.13591,10.0
1753520737440,09:05:37.440,AIN/USDT:USDT,0.1358,3.0,0.13577,5.0,0.13589,5.0,0.13591,10.0
1753520737548,09:05:37.548,AIN/USDT:USDT,0.1358,3.0,0.13577,5.0,0.13589,5.0,0.13591,15.0
1753520737557,09:05:37.557,AIN/USDT:USDT,0.1358,3.0,0.13577,5.0,0.13589,5.0,0.13591,15.0
1753520737746,09:05:37.746,AIN/USDT:USDT,0.1358,3.0,0.13577,5.0,0.13589,5.0,0.13591,15.0
1753520737838,09:05:37.838,AIN/USDT:USDT,0.1358,3.0,0.13577,5.0,0.13589,5.0,0.13591,15.0
1753520738003,09:05:38.003,AIN/USDT:USDT,0.1358,3.0,0.13577,5.0,0.13589,5.0,0.13591,15.0
1753520738272,09:05:38.272,AIN/USDT:USDT,0.1358,3.0,0.13577,5.0,0.13589,5.0,0.13591,15.0
1753520738361,09:05:38.361,AIN/USDT:USDT,0.1358,3.0,0.13577,5.0,0.13589,5.0,0.13591,15.0
1753520738705,09:05:38.705,AIN/USDT:USDT,0.1358,3.0,0.13577,5.0,0.13589,5.0,0.13591,15.0
1753520738906,09:05:38.906,AIN/USDT:USDT,0.13577,8.0,0.13573,3.0,0.13589,5.0,0.1359,6.0
1753520739124,09:05:39.124,AIN/USDT:USDT,0.13577,8.0,0.13573,3.0,0.13589,5.0,0.1359,6.0
1753520739443,09:05:39.443,AIN/USDT:USDT,0.13577,8.0,0.13573,3.0,0.13589,5.0,0.1359,6.0
1753520739545,09:05:39.545,AIN/USDT:USDT,0.13577,8.0,0.13573,3.0,0.13589,5.0,0.1359,6.0
1753520740307,09:05:40.307,AIN/USDT:USDT,0.13577,8.0,0.13576,5.0,0.13589,5.0,0.13591,15.0
1753520740833,09:05:40.833,AIN/USDT:USDT,0.13577,8.0,0.13576,5.0,0.13589,5.0,0.13591,15.0
1753520741003,09:05:41.003,AIN/USDT:USDT,0.13577,8.0,0.13576,5.0,0.13589,5.0,0.13591,15.0
1753520741229,09:05:41.229,AIN/USDT:USDT,0.13577,8.0,0.13576,5.0,0.13589,5.0,0.13591,15.0
1753520741772,09:05:41.772,AIN/USDT:USDT,0.13577,8.0,0.13576,5.0,0.13589,5.0,0.13591,15.0
1753520742120,09:05:42.120,AIN/USDT:USDT,0.13577,8.0,0.13576,5.0,0.13589,5.0,0.1359,6.0
1753520742546,09:05:42.546,AIN/USDT:USDT,0.13577,8.0,0.13576,5.0,0.13589,5.0,0.1359,6.0
1753520743067,09:05:43.067,AIN/USDT:USDT,0.13577,8.0,0.13576,5.0,0.13589,5.0,0.1359,6.0
1753520743224,09:05:43.224,AIN/USDT:USDT,0.13577,8.0,0.13576,5.0,0.13589,5.0,0.1359,6.0
1753520743298,09:05:43.298,AIN/USDT:USDT,0.13577,8.0,0.13576,5.0,0.13589,5.0,0.1359,6.0
1753520743449,09:05:43.449,AIN/USDT:USDT,0.13573,3.0,0.13571,39.0,0.13589,5.0,0.1359,6.0
1753520743471,09:05:43.471,AIN/USDT:USDT,0.13573,3.0,0.13571,39.0,0.13589,5.0,0.1359,6.0
1753520743566,09:05:43.566,AIN/USDT:USDT,0.13573,3.0,0.13571,39.0,0.13589,5.0,0.1359,6.0
1753520743687,09:05:43.687,AIN/USDT:USDT,0.13573,3.0,0.13571,39.0,0.13589,5.0,0.1359,6.0
1753520744119,09:05:44.119,AIN/USDT:USDT,0.13573,3.0,0.13571,39.0,0.13589,5.0,0.1359,6.0
1753520744243,09:05:44.243,AIN/USDT:USDT,0.13573,3.0,0.13571,39.0,0.13589,5.0,0.1359,6.0
1753520744366,09:05:44.366,AIN/USDT:USDT,0.13573,3.0,0.13571,39.0,0.13589,5.0,0.1359,6.0
1753520744548,09:05:44.548,AIN/USDT:USDT,0.13573,3.0,0.13571,39.0,0.13589,5.0,0.1359,6.0
1753520744741,09:05:44.741,AIN/USDT:USDT,0.13573,3.0,0.13571,39.0,0.13589,5.0,0.1359,6.0
1753520744865,09:05:44.865,AIN/USDT:USDT,0.13573,3.0,0.13571,39.0,0.13589,5.0,0.1359,6.0
1753520745211,09:05:45.211,AIN/USDT:USDT,0.13573,3.0,0.13572,7.0,0.13589,3.0,0.1359,6.0
1753520746120,09:05:46.120,AIN/USDT:USDT,0.13573,3.0,0.13572,7.0,0.13589,3.0,0.1359,6.0
1753520746226,09:05:46.226,AIN/USDT:USDT,0.13573,3.0,0.13572,7.0,0.13589,3.0,0.1359,6.0
1753520746443,09:05:46.443,AIN/USDT:USDT,0.13578,6.0,0.13577,7.0,0.13589,3.0,0.1359,6.0
1753520746455,09:05:46.455,AIN/USDT:USDT,0.13578,6.0,0.13577,7.0,0.13589,3.0,0.1359,11.0
1753520746612,09:05:46.612,AIN/USDT:USDT,0.13578,3.0,0.13573,3.0,0.13589,3.0,0.1359,11.0
1753520746693,09:05:46.693,AIN/USDT:USDT,0.13578,3.0,0.13573,3.0,0.13589,3.0,0.1359,5.0
1753520746839,09:05:46.839,AIN/USDT:USDT,0.13578,3.0,0.13573,3.0,0.13589,3.0,0.1359,5.0
1753520746944,09:05:46.944,AIN/USDT:USDT,0.13573,3.0,0.13572,7.0,0.13589,3.0,0.1359,11.0
1753520747016,09:05:47.016,AIN/USDT:USDT,0.13571,39.0,0.13567,3.0,0.13584,6.0,0.13589,3.0
1753520747116,09:05:47.116,AIN/USDT:USDT,0.13571,31.0,0.13567,3.0,0.13584,11.0,0.13585,9.0
1753520747245,09:05:47.245,AIN/USDT:USDT,0.13567,3.0,0.13566,7.0,0.13584,13.0,0.13585,14.0
1753520747333,09:05:47.333,AIN/USDT:USDT,0.13567,3.0,0.13566,7.0,0.13584,13.0,0.13585,14.0
1753520747428,09:05:47.428,AIN/USDT:USDT,0.13567,3.0,0.13566,7.0,0.13582,9.0,0.13583,7.0
1753520747540,09:05:47.540,AIN/USDT:USDT,0.13567,3.0,0.13565,39.0,0.13582,9.0,0.13583,17.0
1753520747636,09:05:47.636,AIN/USDT:USDT,0.13567,3.0,0.13565,3.0,0.13577,10.0,0.13582,9.0
1753520747744,09:05:47.744,AIN/USDT:USDT,0.13567,3.0,0.13565,3.0,0.13577,10.0,0.13579,10.0
1753520747814,09:05:47.814,AIN/USDT:USDT,0.13567,3.0,0.13559,36.0,0.13577,10.0,0.13578,6.0
1753520747897,09:05:47.897,AIN/USDT:USDT,0.13567,3.0,0.13559,36.0,0.13577,10.0,0.13578,6.0
1753520747972,09:05:47.972,AIN/USDT:USDT,0.13567,3.0,0.13559,36.0,0.13577,10.0,0.13578,6.0
1753520748127,09:05:48.127,AIN/USDT:USDT,0.13559,42.0,0.13553,43.0,0.13575,3.0,0.13576,6.0
1753520748248,09:05:48.248,AIN/USDT:USDT,0.13559,45.0,0.13553,43.0,0.13575,3.0,0.13576,6.0
1753520748300,09:05:48.300,AIN/USDT:USDT,0.13559,45.0,0.13553,131.0,0.13575,3.0,0.13576,6.0
1753520748531,09:05:48.531,AIN/USDT:USDT,0.13559,45.0,0.13553,131.0,0.13575,3.0,0.13576,6.0
1753520748550,09:05:48.550,AIN/USDT:USDT,0.13559,45.0,0.13553,131.0,0.13575,3.0,0.13576,6.0
1753520748738,09:05:48.738,AIN/USDT:USDT,0.13559,45.0,0.13553,131.0,0.13575,3.0,0.13576,6.0
1753520748849,09:05:48.849,AIN/USDT:USDT,0.13559,45.0,0.13553,131.0,0.13575,3.0,0.13576,6.0
1753520749102,09:05:49.102,AIN/USDT:USDT,0.13559,45.0,0.13553,131.0,0.13575,3.0,0.13576,6.0
1753520749449,09:05:49.449,AIN/USDT:USDT,0.13559,45.0,0.13553,131.0,0.13575,5.0,0.13576,6.0
1753520749471,09:05:49.471,AIN/USDT:USDT,0.13559,45.0,0.13553,131.0,0.13575,5.0,0.13576,6.0
1753520749636,09:05:49.636,AIN/USDT:USDT,0.13559,3.0,0.13553,131.0,0.13571,12.0,0.13572,9.0
1753520749816,09:05:49.816,AIN/USDT:USDT,0.13559,3.0,0.13557,5.0,0.13571,12.0,0.13572,9.0
1753520749862,09:05:49.862,AIN/USDT:USDT,0.13559,3.0,0.13557,5.0,0.13571,12.0,0.13572,9.0
1753520750016,09:05:50.016,AIN/USDT:USDT,0.13559,3.0,0.13558,5.0,0.13571,3.0,0.13575,5.0
1753520750131,09:05:50.131,AIN/USDT:USDT,0.13561,3.0,0.1356,36.0,0.13571,3.0,0.13574,6.0
1753520750175,09:05:50.175,AIN/USDT:USDT,0.13561,3.0,0.1356,36.0,0.13571,3.0,0.13575,5.0
1753520750342,09:05:50.342,AIN/USDT:USDT,0.13561,3.0,0.1356,36.0,0.13571,3.0,0.13575,5.0
1753520750390,09:05:50.390,AIN/USDT:USDT,0.13561,3.0,0.1356,36.0,0.13575,5.0,0.13576,6.0
1753520750487,09:05:50.487,AIN/USDT:USDT,0.13561,3.0,0.1356,36.0,0.13575,5.0,0.13576,6.0
1753520750616,09:05:50.616,AIN/USDT:USDT,0.13561,3.0,0.1356,36.0,0.13575,5.0,0.13577,10.0
1753520750710,09:05:50.710,AIN/USDT:USDT,0.13561,3.0,0.1356,36.0,0.13575,3.0,0.13577,10.0
1753520750810,09:05:50.810,AIN/USDT:USDT,0.13561,3.0,0.1356,36.0,0.13575,3.0,0.13577,10.0
1753520751277,09:05:51.277,AIN/USDT:USDT,0.13561,3.0,0.1356,36.0,0.13575,3.0,0.13577,10.0
1753520751745,09:05:51.745,AIN/USDT:USDT,0.13561,3.0,0.1356,36.0,0.13575,3.0,0.13577,10.0
1753520751769,09:05:51.769,AIN/USDT:USDT,0.13561,3.0,0.1356,36.0,0.13575,3.0,0.13577,10.0
1753520752439,09:05:52.439,AIN/USDT:USDT,0.13561,3.0,0.1356,36.0,0.13575,3.0,0.13577,10.0
1753520752535,09:05:52.535,AIN/USDT:USDT,0.13561,3.0,0.1356,36.0,0.13575,3.0,0.13577,10.0
1753520753334,09:05:53.334,AIN/USDT:USDT,0.13561,6.0,0.1356,36.0,0.13575,3.0,0.13577,10.0
1753520753464,09:05:53.464,AIN/USDT:USDT,0.13561,6.0,0.1356,36.0,0.13575,3.0,0.13576,6.0
1753520753671,09:05:53.671,AIN/USDT:USDT,0.13561,6.0,0.1356,36.0,0.13575,3.0,0.13577,10.0
1753520754492,09:05:54.492,AIN/USDT:USDT,0.13563,39.0,0.13561,13.0,0.13575,7.0,0.13576,15.0
1753520754553,09:05:54.553,AIN/USDT:USDT,0.13563,39.0,0.13561,13.0,0.13575,7.0,0.13576,15.0
1753520755028,09:05:55.028,AIN/USDT:USDT,0.13563,39.0,0.13561,13.0,0.13575,7.0,0.13576,9.0
1753520755238,09:05:55.238,AIN/USDT:USDT,0.13563,39.0,0.13562,5.0,0.13575,3.0,0.13576,10.0
1753520755308,09:05:55.308,AIN/USDT:USDT,0.13563,39.0,0.13562,5.0,0.13575,3.0,0.13576,10.0
1753520755441,09:05:55.441,AIN/USDT:USDT,0.13567,3.0,0.13566,5.0,0.13575,3.0,0.13576,10.0
1753520755495,09:05:55.495,AIN/USDT:USDT,0.13563,42.0,0.13562,12.0,0.13575,3.0,0.13576,10.0
1753520755557,09:05:55.557,AIN/USDT:USDT,0.13563,42.0,0.13562,12.0,0.13575,3.0,0.13576,10.0
1753520755712,09:05:55.712,AIN/USDT:USDT,0.13561,3.0,0.13559,3.0,0.13573,3.0,0.13574,6.0
1753520755832,09:05:55.832,AIN/USDT:USDT,0.13561,3.0,0.13559,3.0,0.13573,3.0,0.13574,6.0
1753520756296,09:05:56.296,AIN/USDT:USDT,0.13561,3.0,0.13559,3.0,0.13571,3.0,0.13572,10.0
1753520756354,09:05:56.354,AIN/USDT:USDT,0.13561,3.0,0.13559,3.0,0.13571,3.0,0.13572,10.0
1753520756547,09:05:56.547,AIN/USDT:USDT,0.13561,3.0,0.13559,3.0,0.13571,3.0,0.13572,10.0
1753520756561,09:05:56.561,AIN/USDT:USDT,0.13561,3.0,0.13559,3.0,0.13571,10.0,0.13572,10.0
1753520756706,09:05:56.706,AIN/USDT:USDT,0.13561,3.0,0.13559,3.0,0.13571,10.0,0.13572,10.0
1753520756845,09:05:56.845,AIN/USDT:USDT,0.13547,3.0,0.1354,36.0,0.13562,3.0,0.13563,36.0
1753520756945,09:05:56.945,AIN/USDT:USDT,0.1354,39.0,0.13539,7.0,0.13559,10.0,0.1356,6.0
1753520757018,09:05:57.018,AIN/USDT:USDT,0.1354,42.0,0.13538,36.0,0.13557,3.0,0.13558,10.0
1753520757131,09:05:57.131,AIN/USDT:USDT,0.1354,45.0,0.13539,14.0,0.13557,3.0,0.13559,10.0
1753520757278,09:05:57.278,AIN/USDT:USDT,0.1354,45.0,0.13539,14.0,0.13557,3.0,0.13558,6.0
1753520757371,09:05:57.371,AIN/USDT:USDT,0.1354,45.0,0.13539,14.0,0.13557,3.0,0.13558,6.0
1753520757459,09:05:57.459,AIN/USDT:USDT,0.1354,45.0,0.13539,14.0,0.13557,3.0,0.13558,6.0
1753520757619,09:05:57.619,AIN/USDT:USDT,0.1354,45.0,0.13539,14.0,0.13557,5.0,0.13558,6.0
1753520757971,09:05:57.971,AIN/USDT:USDT,0.1354,45.0,0.13539,14.0,0.13557,5.0,0.13558,6.0
1753520758337,09:05:58.337,AIN/USDT:USDT,0.1354,45.0,0.13539,14.0,0.13557,5.0,0.13558,6.0
1753520758449,09:05:58.449,AIN/USDT:USDT,0.13546,3.0,0.13544,5.0,0.13557,3.0,0.13558,6.0
1753520758474,09:05:58.474,AIN/USDT:USDT,0.13546,3.0,0.1354,39.0,0.13557,7.0,0.13558,10.0
1753520758565,09:05:58.565,AIN/USDT:USDT,0.13546,3.0,0.1354,39.0,0.13557,7.0,0.13558,10.0
1753520758930,09:05:58.930,AIN/USDT:USDT,0.13546,3.0,0.1354,39.0,0.13557,7.0,0.13558,10.0
1753520759300,09:05:59.300,AIN/USDT:USDT,0.13546,3.0,0.1354,39.0,0.13557,7.0,0.13558,10.0
1753520759434,09:05:59.434,AIN/USDT:USDT,0.13548,39.0,0.13547,7.0,0.13562,9.0,0.13564,6.0
1753520759534,09:05:59.534,AIN/USDT:USDT,0.13548,3.0,0.13546,3.0,0.13562,20.0,0.13563,18.0
1753520759633,09:05:59.633,AIN/USDT:USDT,0.13548,3.0,0.13546,3.0,0.1356,9.0,0.13561,10.0
1753520759725,09:05:59.725,AIN/USDT:USDT,0.13548,3.0,0.13546,3.0,0.1356,9.0,0.13561,10.0
1753520759846,09:05:59.846,AIN/USDT:USDT,0.1355,3.0,0.13549,39.0,0.13562,3.0,0.13564,6.0
1753520759941,09:05:59.941,AIN/USDT:USDT,0.1355,3.0,0.13549,39.0,0.13562,3.0,0.13564,11.0
1753520760046,09:06:00.046,AIN/USDT:USDT,0.1355,3.0,0.13549,39.0,0.13562,3.0,0.13564,18.0
1753520760065,09:06:00.065,AIN/USDT:USDT,0.1355,3.0,0.13549,3.0,0.13562,9.0,0.13564,18.0
1753520760232,09:06:00.232,AIN/USDT:USDT,0.1355,3.0,0.13548,3.0,0.13562,9.0,0.13564,18.0
1753520760322,09:06:00.322,AIN/USDT:USDT,0.1355,3.0,0.13548,3.0,0.13562,3.0,0.13564,18.0
1753520760395,09:06:00.395,AIN/USDT:USDT,0.1355,3.0,0.13548,3.0,0.13562,9.0,0.13564,18.0
1753520761097,09:06:01.097,AIN/USDT:USDT,0.1355,3.0,0.13548,3.0,0.13562,9.0,0.13564,18.0
1753520761442,09:06:01.442,AIN/USDT:USDT,0.1355,3.0,0.13548,8.0,0.13562,9.0,0.13564,18.0
1753520761524,09:06:01.524,AIN/USDT:USDT,0.1355,3.0,0.13548,8.0,0.13562,9.0,0.13564,18.0
1753520761601,09:06:01.601,AIN/USDT:USDT,0.1355,3.0,0.13548,8.0,0.13562,9.0,0.13564,18.0
1753520761935,09:06:01.935,AIN/USDT:USDT,0.1355,3.0,0.13548,3.0,0.13562,9.0,0.13564,11.0
1753520761980,09:06:01.980,AIN/USDT:USDT,0.1355,3.0,0.13548,3.0,0.13562,3.0,0.13564,11.0
1753520762071,09:06:02.071,AIN/USDT:USDT,0.1355,3.0,0.13548,3.0,0.13562,3.0,0.13564,11.0
1753520762349,09:06:02.349,AIN/USDT:USDT,0.1355,3.0,0.13548,3.0,0.13562,3.0,0.13564,11.0
1753520762406,09:06:02.406,AIN/USDT:USDT,0.1355,3.0,0.13548,3.0,0.13562,3.0,0.13564,11.0
1753520762775,09:06:02.775,AIN/USDT:USDT,0.1355,3.0,0.13548,3.0,0.13562,3.0,0.13564,11.0
1753520763132,09:06:03.132,AIN/USDT:USDT,0.13552,46.0,0.13551,36.0,0.13565,3.0,0.1357,9.0
1753520763249,09:06:03.249,AIN/USDT:USDT,0.13552,46.0,0.13551,36.0,0.13565,3.0,0.13568,6.0
1753520763335,09:06:03.335,AIN/USDT:USDT,0.13552,46.0,0.13551,36.0,0.13565,3.0,0.13566,11.0
1753520763490,09:06:03.490,AIN/USDT:USDT,0.13552,46.0,0.13551,36.0,0.13566,8.0,0.13568,6.0
1753520763559,09:06:03.559,AIN/USDT:USDT,0.13552,46.0,0.13551,36.0,0.13566,8.0,0.13568,6.0
1753520763689,09:06:03.689,AIN/USDT:USDT,0.13552,46.0,0.13551,36.0,0.13566,8.0,0.13568,6.0
1753520763814,09:06:03.814,AIN/USDT:USDT,0.13552,46.0,0.13551,36.0,0.13566,8.0,0.13568,6.0
1753520763941,09:06:03.941,AIN/USDT:USDT,0.13552,46.0,0.13551,36.0,0.13566,8.0,0.13568,6.0
1753520764008,09:06:04.008,AIN/USDT:USDT,0.13552,46.0,0.13551,36.0,0.13566,8.0,0.13568,6.0
1753520764100,09:06:04.100,AIN/USDT:USDT,0.13552,46.0,0.13551,36.0,0.13566,8.0,0.13568,6.0
1753520764349,09:06:04.349,AIN/USDT:USDT,0.13552,46.0,0.13551,36.0,0.13566,8.0,0.13567,5.0
1753520764442,09:06:04.442,AIN/USDT:USDT,0.13552,46.0,0.13551,36.0,0.13566,14.0,0.13567,5.0
1753520764495,09:06:04.495,AIN/USDT:USDT,0.13552,46.0,0.13551,36.0,0.13566,14.0,0.13567,5.0
1753520764914,09:06:04.914,AIN/USDT:USDT,0.13552,46.0,0.13551,36.0,0.13566,14.0,0.13567,5.0
1753520765161,09:06:05.161,AIN/USDT:USDT,0.13552,46.0,0.13551,36.0,0.13566,8.0,0.13567,5.0
1753520765331,09:06:05.331,AIN/USDT:USDT,0.13552,46.0,0.13551,36.0,0.13566,8.0,0.13567,5.0
1753520765397,09:06:05.397,AIN/USDT:USDT,0.13552,46.0,0.13551,36.0,0.13566,8.0,0.13567,5.0
1753520765522,09:06:05.522,AIN/USDT:USDT,0.13552,46.0,0.13551,36.0,0.13566,8.0,0.13567,5.0
1753520765587,09:06:05.587,AIN/USDT:USDT,0.13552,46.0,0.13551,36.0,0.13566,8.0,0.13567,5.0
1753520765746,09:06:05.746,AIN/USDT:USDT,0.13552,46.0,0.13551,36.0,0.13566,14.0,0.13567,5.0
1753520766950,09:06:06.950,AIN/USDT:USDT,0.13552,46.0,0.13551,36.0,0.13566,8.0,0.13567,5.0
1753520767437,09:06:07.437,AIN/USDT:USDT,0.13552,46.0,0.13551,36.0,0.13566,8.0,0.13567,5.0
1753520767956,09:06:07.956,AIN/USDT:USDT,0.13552,46.0,0.13551,36.0,0.13566,8.0,0.13567,5.0
1753520768871,09:06:08.871,AIN/USDT:USDT,0.13552,46.0,0.13551,36.0,0.13566,8.0,0.13567,5.0
1753520770440,09:06:10.440,AIN/USDT:USDT,0.13552,46.0,0.13551,36.0,0.13566,8.0,0.13567,5.0
1753520770482,09:06:10.482,AIN/USDT:USDT,0.13558,3.0,0.13552,46.0,0.13566,8.0,0.13567,5.0
1753520770608,09:06:10.608,AIN/USDT:USDT,0.13558,3.0,0.13552,46.0,0.13566,8.0,0.13567,5.0
1753520770657,09:06:10.657,AIN/USDT:USDT,0.13558,3.0,0.13552,46.0,0.13566,8.0,0.13567,5.0
1753520771489,09:06:11.489,AIN/USDT:USDT,0.13558,3.0,0.13552,46.0,0.13566,8.0,0.13567,5.0
1753520771912,09:06:11.912,AIN/USDT:USDT,0.13558,3.0,0.13552,46.0,0.13566,8.0,0.13567,5.0
1753520771972,09:06:11.972,AIN/USDT:USDT,0.13558,3.0,0.13552,46.0,0.13566,5.0,0.13567,5.0
1753520772147,09:06:12.147,AIN/USDT:USDT,0.13558,6.0,0.13557,8.0,0.13573,3.0,0.13574,42.0
1753520772234,09:06:12.234,AIN/USDT:USDT,0.1356,3.0,0.13559,10.0,0.13573,7.0,0.13574,42.0
1753520772330,09:06:12.330,AIN/USDT:USDT,0.1356,3.0,0.13559,10.0,0.13573,7.0,0.13574,42.0
1753520772389,09:06:12.389,AIN/USDT:USDT,0.1356,3.0,0.13559,10.0,0.13573,7.0,0.13574,42.0
1753520772581,09:06:12.581,AIN/USDT:USDT,0.1356,3.0,0.13558,6.0,0.13573,7.0,0.13574,42.0
1753520772701,09:06:12.701,AIN/USDT:USDT,0.1356,3.0,0.13558,6.0,0.13573,7.0,0.13574,42.0
1753520772763,09:06:12.763,AIN/USDT:USDT,0.1356,3.0,0.13558,6.0,0.13573,7.0,0.13574,42.0
1753520773199,09:06:13.199,AIN/USDT:USDT,0.1356,3.0,0.13558,6.0,0.13573,7.0,0.13574,42.0
1753520773441,09:06:13.441,AIN/USDT:USDT,0.1356,3.0,0.13558,6.0,0.13573,7.0,0.13574,42.0
1753520773543,09:06:13.543,AIN/USDT:USDT,0.1356,3.0,0.13558,6.0,0.13573,7.0,0.13574,42.0
1753520773925,09:06:13.925,AIN/USDT:USDT,0.1356,3.0,0.13558,6.0,0.13573,7.0,0.13574,42.0
1753520774030,09:06:14.030,AIN/USDT:USDT,0.1356,3.0,0.13558,6.0,0.13573,7.0,0.13574,42.0
1753520774535,09:06:14.535,AIN/USDT:USDT,0.1356,3.0,0.13558,6.0,0.13573,4.0,0.13574,42.0
1753520775349,09:06:15.349,AIN/USDT:USDT,0.13565,45.0,0.13564,15.0,0.13578,6.0,0.13584,6.0
1753520775434,09:06:15.434,AIN/USDT:USDT,0.13565,45.0,0.13564,15.0,0.1358,6.0,0.13584,6.0
1753520775540,09:06:15.540,AIN/USDT:USDT,0.13565,45.0,0.13564,15.0,0.1358,6.0,0.13583,7.0
1753520775673,09:06:15.673,AIN/USDT:USDT,0.13565,45.0,0.13564,15.0,0.1358,6.0,0.13583,7.0
1753520775778,09:06:15.778,AIN/USDT:USDT,0.13565,45.0,0.13564,15.0,0.13578,6.0,0.13579,10.0
1753520775904,09:06:15.904,AIN/USDT:USDT,0.13565,45.0,0.13564,15.0,0.13578,6.0,0.1358,6.0
1753520776077,09:06:16.077,AIN/USDT:USDT,0.13565,45.0,0.13564,15.0,0.13578,6.0,0.1358,6.0
1753520776440,09:06:16.440,AIN/USDT:USDT,0.13569,3.0,0.13565,45.0,0.13578,6.0,0.1358,6.0
1753520776510,09:06:16.510,AIN/USDT:USDT,0.13569,3.0,0.13565,45.0,0.13578,6.0,0.1358,6.0
1753520776633,09:06:16.633,AIN/USDT:USDT,0.13569,3.0,0.13565,42.0,0.13578,6.0,0.1358,11.0
1753520777348,09:06:17.348,AIN/USDT:USDT,0.13569,6.0,0.13568,8.0,0.13584,9.0,0.13585,7.0
1753520777404,09:06:17.404,AIN/USDT:USDT,0.13569,6.0,0.13568,8.0,0.13584,11.0,0.13585,7.0
1753520777512,09:06:17.512,AIN/USDT:USDT,0.13569,6.0,0.13568,8.0,0.13584,13.0,0.13585,7.0
1753520777760,09:06:17.760,AIN/USDT:USDT,0.13569,6.0,0.13568,8.0,0.13584,10.0,0.13585,7.0
1753520777932,09:06:17.932,AIN/USDT:USDT,0.13569,6.0,0.13568,8.0,0.13581,3.0,0.13582,6.0
1753520778193,09:06:18.193,AIN/USDT:USDT,0.13569,6.0,0.13568,8.0,0.13581,3.0,0.13582,6.0
1753520778718,09:06:18.718,AIN/USDT:USDT,0.13569,6.0,0.13568,8.0,0.13583,3.0,0.13584,8.0
1753520779442,09:06:19.442,AIN/USDT:USDT,0.13569,6.0,0.13568,8.0,0.13583,3.0,0.13584,8.0
1753520779717,09:06:19.717,AIN/USDT:USDT,0.13569,6.0,0.13568,8.0,0.13583,3.0,0.13584,8.0
1753520780044,09:06:20.044,AIN/USDT:USDT,0.13569,9.0,0.13568,8.0,0.13583,5.0,0.13584,8.0
1753520780458,09:06:20.458,AIN/USDT:USDT,0.13569,9.0,0.13568,8.0,0.13583,5.0,0.13584,8.0
1753520780957,09:06:20.957,AIN/USDT:USDT,0.13569,9.0,0.13568,8.0,0.13583,5.0,0.13584,8.0
1753520782148,09:06:22.148,AIN/USDT:USDT,0.13569,9.0,0.13568,8.0,0.13581,3.0,0.13582,6.0
1753520782438,09:06:22.438,AIN/USDT:USDT,0.13569,9.0,0.13568,8.0,0.13581,3.0,0.13582,6.0
1753520782616,09:06:22.616,AIN/USDT:USDT,0.13569,9.0,0.13568,8.0,0.13581,3.0,0.13582,6.0
1753520782713,09:06:22.713,AIN/USDT:USDT,0.13569,9.0,0.13568,8.0,0.13581,3.0,0.13582,6.0
1753520783134,09:06:23.134,AIN/USDT:USDT,0.13569,9.0,0.13568,8.0,0.13581,3.0,0.13582,6.0
1753520783212,09:06:23.212,AIN/USDT:USDT,0.13569,9.0,0.13568,8.0,0.13581,3.0,0.13582,6.0
1753520783333,09:06:23.333,AIN/USDT:USDT,0.13569,9.0,0.13568,8.0,0.13583,5.0,0.13584,2.0
1753520783406,09:06:23.406,AIN/USDT:USDT,0.13571,39.0,0.13569,9.0,0.13583,2.0,0.13584,2.0
1753520783537,09:06:23.537,AIN/USDT:USDT,0.13571,39.0,0.13569,9.0,0.13584,2.0,0.13586,6.0
1753520783632,09:06:23.632,AIN/USDT:USDT,0.13571,39.0,0.1357,7.0,0.13587,3.0,0.13588,6.0
1753520783657,09:06:23.657,AIN/USDT:USDT,0.13571,39.0,0.1357,7.0,0.13587,3.0,0.13588,6.0
1753520783773,09:06:23.773,AIN/USDT:USDT,0.13571,39.0,0.1357,7.0,0.13587,3.0,0.13588,6.0
1753520784126,09:06:24.126,AIN/USDT:USDT,0.13571,39.0,0.1357,7.0,0.13587,3.0,0.13588,6.0
1753520784391,09:06:24.391,AIN/USDT:USDT,0.13571,39.0,0.1357,7.0,0.13587,3.0,0.13588,6.0
1753520784942,09:06:24.942,AIN/USDT:USDT,0.13571,39.0,0.1357,7.0,0.13587,3.0,0.13588,6.0
1753520785440,09:06:25.440,AIN/USDT:USDT,0.13571,39.0,0.1357,7.0,0.13587,3.0,0.13588,6.0
1753520785478,09:06:25.478,AIN/USDT:USDT,0.13571,39.0,0.1357,7.0,0.13587,3.0,0.13588,6.0
1753520785635,09:06:25.635,AIN/USDT:USDT,0.13571,39.0,0.1357,7.0,0.13587,3.0,0.13588,6.0
1753520785757,09:06:25.757,AIN/USDT:USDT,0.13571,39.0,0.1357,7.0,0.13587,3.0,0.13588,6.0
1753520785982,09:06:25.982,AIN/USDT:USDT,0.13571,39.0,0.1357,7.0,0.13587,3.0,0.13588,6.0
1753520786093,09:06:26.093,AIN/USDT:USDT,0.13571,39.0,0.1357,7.0,0.13587,3.0,0.13588,6.0
1753520786458,09:06:26.458,AIN/USDT:USDT,0.13571,39.0,0.1357,7.0,0.13587,3.0,0.13588,6.0
1753520786633,09:06:26.633,AIN/USDT:USDT,0.13571,39.0,0.1357,7.0,0.13587,13.0,0.13588,6.0
1753520786658,09:06:26.658,AIN/USDT:USDT,0.13571,39.0,0.1357,7.0,0.13585,3.0,0.13586,6.0
1753520786880,09:06:26.880,AIN/USDT:USDT,0.13571,39.0,0.1357,7.0,0.13585,3.0,0.13586,6.0
1753520787106,09:06:27.106,AIN/USDT:USDT,0.13571,39.0,0.1357,7.0,0.13585,7.0,0.13586,6.0
1753520787202,09:06:27.202,AIN/USDT:USDT,0.13571,39.0,0.1357,7.0,0.13583,3.0,0.13584,6.0
1753520787339,09:06:27.339,AIN/USDT:USDT,0.13571,39.0,0.1357,7.0,0.13583,3.0,0.13584,6.0
1753520787434,09:06:27.434,AIN/USDT:USDT,0.13571,39.0,0.1357,7.0,0.13585,3.0,0.13586,6.0
1753520787471,09:06:27.471,AIN/USDT:USDT,0.13571,39.0,0.1357,7.0,0.13585,3.0,0.13587,3.0
1753520787562,09:06:27.562,AIN/USDT:USDT,0.13571,39.0,0.1357,7.0,0.13585,3.0,0.13586,6.0
1753520787654,09:06:27.654,AIN/USDT:USDT,0.13571,39.0,0.1357,7.0,0.13585,3.0,0.13586,6.0
1753520788205,09:06:28.205,AIN/USDT:USDT,0.13571,39.0,0.1357,7.0,0.13585,3.0,0.13587,3.0
1753520788441,09:06:28.441,AIN/USDT:USDT,0.13572,10.0,0.13571,39.0,0.13589,3.0,0.13591,7.0
1753520788543,09:06:28.543,AIN/USDT:USDT,0.13573,3.0,0.13571,39.0,0.13589,3.0,0.1359,6.0
1753520788557,09:06:28.557,AIN/USDT:USDT,0.13573,3.0,0.13571,39.0,0.13589,3.0,0.1359,6.0
1753520788958,09:06:28.958,AIN/USDT:USDT,0.13573,3.0,0.13571,39.0,0.13589,3.0,0.1359,6.0
1753520789384,09:06:29.384,AIN/USDT:USDT,0.13573,3.0,0.13571,39.0,0.13589,3.0,0.1359,6.0
1753520789531,09:06:29.531,AIN/USDT:USDT,0.13573,3.0,0.13571,39.0,0.13589,3.0,0.1359,6.0
1753520790557,09:06:30.557,AIN/USDT:USDT,0.13573,3.0,0.13571,39.0,0.13589,3.0,0.1359,6.0
1753520791010,09:06:31.010,AIN/USDT:USDT,0.13573,3.0,0.13571,39.0,0.13589,3.0,0.13591,7.0
1753520791128,09:06:31.128,AIN/USDT:USDT,0.13577,45.0,0.13576,16.0,0.13591,10.0,0.13592,6.0
1753520791156,09:06:31.156,AIN/USDT:USDT,0.13577,45.0,0.13576,16.0,0.13591,10.0,0.13592,6.0
1753520791257,09:06:31.257,AIN/USDT:USDT,0.13577,45.0,0.13576,16.0,0.13591,10.0,0.13592,6.0
1753520791448,09:06:31.448,AIN/USDT:USDT,0.13577,45.0,0.13576,16.0,0.13591,10.0,0.13592,6.0
1753520791479,09:06:31.479,AIN/USDT:USDT,0.13577,45.0,0.13576,16.0,0.13591,10.0,0.13592,6.0
1753520791644,09:06:31.644,AIN/USDT:USDT,0.13577,45.0,0.13576,16.0,0.13592,6.0,0.13594,6.0
1753520791720,09:06:31.720,AIN/USDT:USDT,0.13577,45.0,0.13576,16.0,0.13592,9.0,0.13594,6.0
1753520791843,09:06:31.843,AIN/USDT:USDT,0.13577,45.0,0.13576,16.0,0.13592,9.0,0.13594,6.0
1753520792263,09:06:32.263,AIN/USDT:USDT,0.13577,45.0,0.13576,16.0,0.13592,9.0,0.13594,6.0
1753520793739,09:06:33.739,AIN/USDT:USDT,0.13577,45.0,0.13576,16.0,0.13592,9.0,0.13594,6.0
1753520793842,09:06:33.842,AIN/USDT:USDT,0.13583,45.0,0.13582,8.0,0.13596,9.0,0.13597,7.0
1753520793942,09:06:33.942,AIN/USDT:USDT,0.13583,45.0,0.13582,8.0,0.13596,9.0,0.13597,7.0
1753520794044,09:06:34.044,AIN/USDT:USDT,0.13583,45.0,0.13582,8.0,0.13596,9.0,0.13601,36.0
1753520794111,09:06:34.111,AIN/USDT:USDT,0.13583,45.0,0.13582,8.0,0.13596,9.0,0.13601,36.0
1753520794233,09:06:34.233,AIN/USDT:USDT,0.13583,45.0,0.13582,8.0,0.13598,9.0,0.13601,36.0
1753520794304,09:06:34.304,AIN/USDT:USDT,0.13583,45.0,0.13582,8.0,0.13598,9.0,0.13601,36.0
1753520794449,09:06:34.449,AIN/USDT:USDT,0.13583,45.0,0.13582,8.0,0.13598,9.0,0.13601,36.0
1753520794450,09:06:34.450,AIN/USDT:USDT,0.13583,45.0,0.13582,8.0,0.13598,9.0,0.13601,36.0
1753520794649,09:06:34.649,AIN/USDT:USDT,0.13583,3.0,0.13579,3.0,0.13594,11.0,0.13595,5.0
1753520794735,09:06:34.735,AIN/USDT:USDT,0.13583,3.0,0.13579,3.0,0.13592,3.0,0.13593,2.0
1753520794793,09:06:34.793,AIN/USDT:USDT,0.13583,3.0,0.13581,10.0,0.13592,3.0,0.13593,2.0
1753520795011,09:06:35.011,AIN/USDT:USDT,0.13583,3.0,0.13581,10.0,0.13592,3.0,0.13593,2.0
1753520795137,09:06:35.137,AIN/USDT:USDT,0.13583,3.0,0.13579,3.0,0.13592,3.0,0.13593,2.0
1753520795237,09:06:35.237,AIN/USDT:USDT,0.13583,3.0,0.13579,3.0,0.13592,9.0,0.13593,2.0
1753520795438,09:06:35.438,AIN/USDT:USDT,0.13583,3.0,0.13581,5.0,0.13592,3.0,0.13593,2.0
1753520795542,09:06:35.542,AIN/USDT:USDT,0.13583,3.0,0.13581,5.0,0.13592,3.0,0.13593,2.0
1753520795826,09:06:35.826,AIN/USDT:USDT,0.13583,3.0,0.13581,5.0,0.13592,3.0,0.13593,2.0
1753520795913,09:06:35.913,AIN/USDT:USDT,0.13583,3.0,0.13581,5.0,0.13592,9.0,0.13593,2.0
1753520796172,09:06:36.172,AIN/USDT:USDT,0.13583,3.0,0.13581,5.0,0.13592,9.0,0.13593,2.0
1753520796348,09:06:36.348,AIN/USDT:USDT,0.13581,8.0,0.13579,3.0,0.13592,9.0,0.13593,2.0
1753520796350,09:06:36.350,AIN/USDT:USDT,0.13581,8.0,0.13579,3.0,0.13592,9.0,0.13593,2.0
1753520796535,09:06:36.535,AIN/USDT:USDT,0.13581,11.0,0.1358,8.0,0.13592,3.0,0.13593,2.0
1753520796648,09:06:36.648,AIN/USDT:USDT,0.13581,11.0,0.1358,8.0,0.13592,3.0,0.13594,9.0
1753520796861,09:06:36.861,AIN/USDT:USDT,0.13581,11.0,0.1358,8.0,0.13594,3.0,0.13596,10.0
1753520797016,09:06:37.016,AIN/USDT:USDT,0.13581,11.0,0.1358,8.0,0.13594,9.0,0.13596,10.0
1753520797302,09:06:37.302,AIN/USDT:USDT,0.13581,11.0,0.1358,8.0,0.13594,9.0,0.13596,10.0
1753520797438,09:06:37.438,AIN/USDT:USDT,0.13581,11.0,0.1358,8.0,0.13594,3.0,0.13596,10.0
1753520797485,09:06:37.485,AIN/USDT:USDT,0.13581,11.0,0.1358,8.0,0.13594,3.0,0.13596,10.0
1753520798515,09:06:38.515,AIN/USDT:USDT,0.13581,11.0,0.1358,8.0,0.13594,13.0,0.13596,10.0
1753520798620,09:06:38.620,AIN/USDT:USDT,0.13581,11.0,0.1358,8.0,0.13594,13.0,0.13596,10.0
1753520799864,09:06:39.864,AIN/USDT:USDT,0.13581,8.0,0.1358,8.0,0.13594,13.0,0.13596,10.0
1753520800160,09:06:40.160,AIN/USDT:USDT,0.13581,5.0,0.13579,3.0,0.13594,13.0,0.13596,10.0
1753520800439,09:06:40.439,AIN/USDT:USDT,0.13579,3.0,0.13578,36.0,0.13594,13.0,0.13596,10.0
1753520800542,09:06:40.542,AIN/USDT:USDT,0.13579,3.0,0.13578,36.0,0.13594,13.0,0.13596,10.0
1753520800589,09:06:40.589,AIN/USDT:USDT,0.13579,3.0,0.13578,36.0,0.13594,13.0,0.13596,10.0
1753520800965,09:06:40.965,AIN/USDT:USDT,0.13579,3.0,0.13578,36.0,0.13594,13.0,0.13596,10.0
1753520801073,09:06:41.073,AIN/USDT:USDT,0.13579,3.0,0.13578,36.0,0.13594,13.0,0.13596,10.0
1753520801393,09:06:41.393,AIN/USDT:USDT,0.13579,3.0,0.13578,36.0,0.13594,13.0,0.13596,10.0
1753520801804,09:06:41.804,AIN/USDT:USDT,0.13581,3.0,0.1358,10.0,0.13594,13.0,0.13596,10.0
1753520802220,09:06:42.220,AIN/USDT:USDT,0.13581,3.0,0.1358,10.0,0.13594,13.0,0.13596,10.0
1753520803089,09:06:43.089,AIN/USDT:USDT,0.13581,6.0,0.1358,10.0,0.13594,13.0,0.13596,10.0
1753520803234,09:06:43.234,AIN/USDT:USDT,0.13581,6.0,0.1358,10.0,0.13594,13.0,0.13596,10.0
1753520803341,09:06:43.341,AIN/USDT:USDT,0.13581,6.0,0.13579,3.0,0.13594,13.0,0.13596,10.0
1753520803449,09:06:43.449,AIN/USDT:USDT,0.13579,1.0,0.13577,39.0,0.1359,20.0,0.13591,20.0
1753520803472,09:06:43.472,AIN/USDT:USDT,0.13579,1.0,0.13577,3.0,0.13588,9.0,0.1359,20.0
1753520803634,09:06:43.634,AIN/USDT:USDT,0.13579,1.0,0.13577,3.0,0.13588,9.0,0.1359,20.0
1753520803715,09:06:43.715,AIN/USDT:USDT,0.13579,1.0,0.13577,3.0,0.13588,9.0,0.1359,20.0
1753520803780,09:06:43.780,AIN/USDT:USDT,0.13577,3.0,0.13573,39.0,0.13588,9.0,0.1359,20.0
1753520803936,09:06:43.936,AIN/USDT:USDT,0.13577,3.0,0.13573,39.0,0.13588,9.0,0.1359,20.0
1753520804047,09:06:44.047,AIN/USDT:USDT,0.13577,3.0,0.13573,3.0,0.13588,9.0,0.1359,20.0
1753520804101,09:06:44.101,AIN/USDT:USDT,0.13577,3.0,0.13573,3.0,0.13588,9.0,0.1359,20.0
1753520804316,09:06:44.316,AIN/USDT:USDT,0.13577,3.0,0.13573,3.0,0.13588,9.0,0.1359,20.0
1753520804754,09:06:44.754,AIN/USDT:USDT,0.13577,3.0,0.13573,3.0,0.13588,9.0,0.1359,20.0
1753520804957,09:06:44.957,AIN/USDT:USDT,0.13577,3.0,0.13573,3.0,0.13588,9.0,0.1359,20.0
1753520805520,09:06:45.520,AIN/USDT:USDT,0.13577,3.0,0.13573,3.0,0.13588,9.0,0.1359,20.0
1753520806441,09:06:46.441,AIN/USDT:USDT,0.13573,3.0,0.13571,39.0,0.13588,9.0,0.1359,20.0
1753520806503,09:06:46.503,AIN/USDT:USDT,0.13573,3.0,0.13571,39.0,0.13588,9.0,0.1359,20.0
1753520806633,09:06:46.633,AIN/USDT:USDT,0.13573,3.0,0.13571,39.0,0.13586,13.0,0.13588,9.0
1753520806781,09:06:46.781,AIN/USDT:USDT,0.13573,3.0,0.13571,39.0,0.13586,13.0,0.13588,9.0
1753520807206,09:06:47.206,AIN/USDT:USDT,0.13573,3.0,0.13571,39.0,0.13586,13.0,0.13588,9.0
1753520807704,09:06:47.704,AIN/USDT:USDT,0.13571,39.0,0.1357,7.0,0.13586,13.0,0.13588,9.0
1753520807847,09:06:47.847,AIN/USDT:USDT,0.13571,39.0,0.1357,7.0,0.13586,13.0,0.13588,9.0
1753520807878,09:06:47.878,AIN/USDT:USDT,0.13571,39.0,0.1357,7.0,0.13586,13.0,0.13588,9.0
1753520808029,09:06:48.029,AIN/USDT:USDT,0.13571,39.0,0.1357,7.0,0.13586,13.0,0.13588,9.0
1753520808445,09:06:48.445,AIN/USDT:USDT,0.13571,39.0,0.1357,7.0,0.13586,13.0,0.13588,9.0
1753520808619,09:06:48.619,AIN/USDT:USDT,0.13571,39.0,0.1357,7.0,0.13586,13.0,0.13588,9.0
1753520808781,09:06:48.781,AIN/USDT:USDT,0.13571,39.0,0.1357,7.0,0.13586,13.0,0.13588,9.0
1753520809443,09:06:49.443,AIN/USDT:USDT,0.13571,39.0,0.1357,7.0,0.13586,7.0,0.13588,9.0
1753520809453,09:06:49.453,AIN/USDT:USDT,0.13571,39.0,0.1357,7.0,0.13586,13.0,0.13588,9.0
1753520809759,09:06:49.759,AIN/USDT:USDT,0.13571,39.0,0.1357,7.0,0.13586,13.0,0.13588,9.0
1753520810384,09:06:50.384,AIN/USDT:USDT,0.13571,39.0,0.1357,7.0,0.13586,13.0,0.13588,9.0
1753520810693,09:06:50.693,AIN/USDT:USDT,0.13571,39.0,0.1357,7.0,0.13586,13.0,0.13588,9.0
1753520810765,09:06:50.765,AIN/USDT:USDT,0.13571,39.0,0.1357,7.0,0.13586,13.0,0.13588,9.0
1753520811325,09:06:51.325,AIN/USDT:USDT,0.13571,39.0,0.1357,7.0,0.13586,13.0,0.13588,9.0
1753520811537,09:06:51.537,AIN/USDT:USDT,0.13572,10.0,0.13571,39.0,0.13586,13.0,0.13588,9.0
1753520811557,09:06:51.557,AIN/USDT:USDT,0.13573,6.0,0.13572,10.0,0.13586,7.0,0.13588,9.0
1753520811690,09:06:51.690,AIN/USDT:USDT,0.13573,6.0,0.13572,10.0,0.13586,7.0,0.13588,9.0
1753520812139,09:06:52.139,AIN/USDT:USDT,0.13573,6.0,0.13572,10.0,0.13586,13.0,0.13588,9.0
1753520812248,09:06:52.248,AIN/USDT:USDT,0.13573,3.0,0.13572,10.0,0.13584,9.0,0.13585,10.0
1753520812339,09:06:52.339,AIN/USDT:USDT,0.13572,10.0,0.13569,3.0,0.1358,3.0,0.13581,10.0
1753520812438,09:06:52.438,AIN/USDT:USDT,0.13572,10.0,0.13569,3.0,0.1358,3.0,0.13581,10.0
1753520812520,09:06:52.520,AIN/USDT:USDT,0.13572,10.0,0.13569,3.0,0.1358,3.0,0.13581,10.0
1753520812722,09:06:52.722,AIN/USDT:USDT,0.13572,10.0,0.13569,3.0,0.1358,3.0,0.13581,10.0
1753520812944,09:06:52.944,AIN/USDT:USDT,0.13572,10.0,0.13569,3.0,0.1358,3.0,0.13581,10.0
1753520812953,09:06:52.953,AIN/USDT:USDT,0.13572,10.0,0.13569,3.0,0.1358,3.0,0.13581,10.0
1753520813076,09:06:53.076,AIN/USDT:USDT,0.13569,3.0,0.13565,36.0,0.1358,3.0,0.13581,10.0
1753520813156,09:06:53.156,AIN/USDT:USDT,0.13569,3.0,0.13565,36.0,0.1358,3.0,0.13581,10.0
1753520813315,09:06:53.315,AIN/USDT:USDT,0.13569,3.0,0.13565,36.0,0.1358,3.0,0.13582,13.0
1753520813370,09:06:53.370,AIN/USDT:USDT,0.13569,3.0,0.13565,36.0,0.1358,3.0,0.13582,13.0
1753520813881,09:06:53.881,AIN/USDT:USDT,0.13565,39.0,0.13564,7.0,0.1358,9.0,0.13582,13.0
1753520813998,09:06:53.998,AIN/USDT:USDT,0.13565,39.0,0.13564,7.0,0.1358,9.0,0.13582,13.0
1753520814057,09:06:54.057,AIN/USDT:USDT,0.13565,39.0,0.13564,7.0,0.1358,9.0,0.13582,13.0
1753520814213,09:06:54.213,AIN/USDT:USDT,0.13565,39.0,0.13564,7.0,0.1358,9.0,0.13582,13.0
1753520814637,09:06:54.637,AIN/USDT:USDT,0.13566,10.0,0.13565,3.0,0.13578,23.0,0.1358,9.0
1753520814715,09:06:54.715,AIN/USDT:USDT,0.13566,10.0,0.13562,36.0,0.13576,3.0,0.13578,23.0
1753520814814,09:06:54.814,AIN/USDT:USDT,0.13566,10.0,0.13562,36.0,0.13576,3.0,0.13578,13.0
1753520815056,09:06:55.056,AIN/USDT:USDT,0.13566,10.0,0.13562,36.0,0.13576,3.0,0.13578,13.0
1753520815444,09:06:55.444,AIN/USDT:USDT,0.13566,10.0,0.13564,5.0,0.13576,3.0,0.13578,7.0
1753520815535,09:06:55.535,AIN/USDT:USDT,0.13567,39.0,0.13566,10.0,0.13576,3.0,0.13578,3.0
1753520815641,09:06:55.641,AIN/USDT:USDT,0.13567,39.0,0.13565,12.0,0.13578,3.0,0.1358,3.0
1753520815662,09:06:55.662,AIN/USDT:USDT,0.13567,39.0,0.13565,12.0,0.13578,3.0,0.1358,9.0
1753520815767,09:06:55.767,AIN/USDT:USDT,0.13567,39.0,0.13565,12.0,0.13578,5.0,0.13579,5.0
1753520815911,09:06:55.911,AIN/USDT:USDT,0.13567,39.0,0.13565,12.0,0.13578,5.0,0.13579,5.0
1753520816038,09:06:56.038,AIN/USDT:USDT,0.13567,39.0,0.13565,12.0,0.13578,3.0,0.1358,9.0
1753520816339,09:06:56.339,AIN/USDT:USDT,0.13567,39.0,0.13565,12.0,0.13578,3.0,0.1358,9.0
1753520816765,09:06:56.765,AIN/USDT:USDT,0.13567,39.0,0.13565,12.0,0.13578,3.0,0.1358,9.0
1753520818441,09:06:58.441,AIN/USDT:USDT,0.13567,3.0,0.13565,12.0,0.13578,5.0,0.13579,10.0
1753520818611,09:06:58.611,AIN/USDT:USDT,0.13567,3.0,0.13566,36.0,0.13578,5.0,0.13579,10.0
1753520818791,09:06:58.791,AIN/USDT:USDT,0.13567,3.0,0.13566,36.0,0.13578,5.0,0.13579,10.0
1753520819213,09:06:59.213,AIN/USDT:USDT,0.13567,3.0,0.13566,36.0,0.13578,5.0,0.13579,10.0
1753520819383,09:06:59.383,AIN/USDT:USDT,0.13567,3.0,0.13566,36.0,0.13578,5.0,0.13579,10.0
1753520821437,09:07:01.437,AIN/USDT:USDT,0.13567,3.0,0.13566,36.0,0.13578,5.0,0.13579,10.0
1753520821500,09:07:01.500,AIN/USDT:USDT,0.13567,3.0,0.13562,36.0,0.13578,5.0,0.13579,10.0
1753520821649,09:07:01.649,AIN/USDT:USDT,0.13567,3.0,0.13562,36.0,0.13578,5.0,0.13579,10.0
1753520822542,09:07:02.542,AIN/USDT:USDT,0.13567,3.0,0.13562,36.0,0.13578,5.0,0.13579,10.0
1753520822975,09:07:02.975,AIN/USDT:USDT,0.13567,3.0,0.13562,36.0,0.13578,5.0,0.13579,10.0
1753520823136,09:07:03.136,AIN/USDT:USDT,0.13569,3.0,0.13568,36.0,0.13578,3.0,0.1358,3.0
1753520823240,09:07:03.240,AIN/USDT:USDT,0.13569,3.0,0.13568,36.0,0.13578,3.0,0.1358,3.0
1753520823341,09:07:03.341,AIN/USDT:USDT,0.13569,3.0,0.13568,36.0,0.13578,3.0,0.1358,3.0
1753520823401,09:07:03.401,AIN/USDT:USDT,0.13569,3.0,0.13568,36.0,0.13578,3.0,0.1358,3.0
1753520823565,09:07:03.565,AIN/USDT:USDT,0.13569,3.0,0.13568,36.0,0.1358,3.0,0.13582,3.0
1753520823836,09:07:03.836,AIN/USDT:USDT,0.13569,3.0,0.13568,36.0,0.1358,3.0,0.13582,3.0
1753520824122,09:07:04.122,AIN/USDT:USDT,0.13569,3.0,0.13568,36.0,0.1358,3.0,0.13582,3.0
1753520824164,09:07:04.164,AIN/USDT:USDT,0.13569,3.0,0.13568,36.0,0.1358,5.0,0.13582,9.0
1753520824263,09:07:04.263,AIN/USDT:USDT,0.13569,3.0,0.13568,36.0,0.1358,5.0,0.13582,9.0
1753520824441,09:07:04.441,AIN/USDT:USDT,0.13569,3.0,0.13568,36.0,0.1358,5.0,0.13582,9.0
1753520824500,09:07:04.500,AIN/USDT:USDT,0.13569,3.0,0.13568,36.0,0.1358,5.0,0.13582,9.0
1753520824557,09:07:04.557,AIN/USDT:USDT,0.13569,3.0,0.13568,36.0,0.1358,5.0,0.13582,9.0
1753520825502,09:07:05.502,AIN/USDT:USDT,0.13569,3.0,0.13568,36.0,0.1358,5.0,0.13582,9.0
1753520825948,09:07:05.948,AIN/USDT:USDT,0.13569,3.0,0.13568,36.0,0.1358,5.0,0.13582,9.0
1753520826170,09:07:06.170,AIN/USDT:USDT,0.13569,3.0,0.13568,36.0,0.1358,5.0,0.13582,3.0
1753520826811,09:07:06.811,AIN/USDT:USDT,0.13569,3.0,0.13568,36.0,0.1358,5.0,0.13582,3.0
1753520826853,09:07:06.853,AIN/USDT:USDT,0.13569,3.0,0.13568,41.0,0.1358,5.0,0.13582,3.0
1753520827166,09:07:07.166,AIN/USDT:USDT,0.13569,3.0,0.13568,41.0,0.1358,5.0,0.13582,3.0
1753520827438,09:07:07.438,AIN/USDT:USDT,0.13569,3.0,0.13568,41.0,0.1358,5.0,0.13582,3.0
1753520827594,09:07:07.594,AIN/USDT:USDT,0.13569,3.0,0.13568,41.0,0.1358,5.0,0.13582,3.0
1753520828959,09:07:08.959,AIN/USDT:USDT,0.13569,3.0,0.13568,41.0,0.1358,5.0,0.13582,3.0
1753520829409,09:07:09.409,AIN/USDT:USDT,0.13569,3.0,0.13568,41.0,0.13582,3.0,0.13584,3.0
1753520829533,09:07:09.533,AIN/USDT:USDT,0.13569,3.0,0.13568,41.0,0.13584,3.0,0.13586,3.0
1753520829628,09:07:09.628,AIN/USDT:USDT,0.13569,3.0,0.13568,41.0,0.13584,9.0,0.13586,9.0
1753520829680,09:07:09.680,AIN/USDT:USDT,0.13569,3.0,0.13568,41.0,0.13584,9.0,0.13586,9.0
1753520830442,09:07:10.442,AIN/USDT:USDT,0.13569,3.0,0.13568,36.0,0.13584,9.0,0.13586,14.0
1753520830521,09:07:10.521,AIN/USDT:USDT,0.13569,3.0,0.13568,36.0,0.13584,9.0,0.13586,14.0
1753520832586,09:07:12.586,AIN/USDT:USDT,0.13569,3.0,0.13568,36.0,0.13584,9.0,0.13586,14.0
1753520833143,09:07:13.143,AIN/USDT:USDT,0.13569,3.0,0.13567,3.0,0.1358,9.0,0.13581,10.0
1753520833195,09:07:13.195,AIN/USDT:USDT,0.13569,3.0,0.13567,3.0,0.1358,9.0,0.13581,10.0
1753520833303,09:07:13.303,AIN/USDT:USDT,0.13569,3.0,0.13567,3.0,0.1358,3.0,0.13582,13.0
1753520833368,09:07:13.368,AIN/USDT:USDT,0.13569,3.0,0.13567,3.0,0.1358,3.0,0.13582,13.0
1753520833599,09:07:13.599,AIN/USDT:USDT,0.13569,3.0,0.13567,3.0,0.1358,3.0,0.13582,13.0
1753520833794,09:07:13.794,AIN/USDT:USDT,0.13569,3.0,0.13567,3.0,0.1358,3.0,0.13582,13.0
1753520833850,09:07:13.850,AIN/USDT:USDT,0.13569,3.0,0.13567,3.0,0.1358,9.0,0.13582,13.0
1753520834617,09:07:14.617,AIN/USDT:USDT,0.13569,3.0,0.13567,3.0,0.1358,9.0,0.13582,13.0
1753520835113,09:07:15.113,AIN/USDT:USDT,0.13569,3.0,0.13567,3.0,0.1358,9.0,0.13582,13.0
1753520835884,09:07:15.884,AIN/USDT:USDT,0.1357,10.0,0.13569,3.0,0.1358,9.0,0.13582,13.0
1753520836242,09:07:16.242,AIN/USDT:USDT,0.1357,10.0,0.13569,3.0,0.1358,9.0,0.13582,13.0
1753520836321,09:07:16.321,AIN/USDT:USDT,0.1357,10.0,0.13569,3.0,0.1358,9.0,0.13582,13.0
1753520836437,09:07:16.437,AIN/USDT:USDT,0.1357,10.0,0.13569,3.0,0.1358,9.0,0.13582,13.0
1753520836533,09:07:16.533,AIN/USDT:USDT,0.1357,10.0,0.13567,3.0,0.13578,7.0,0.13579,20.0
1753520836559,09:07:16.559,AIN/USDT:USDT,0.1357,10.0,0.13567,3.0,0.13578,13.0,0.13579,20.0
1753520836698,09:07:16.698,AIN/USDT:USDT,0.1357,10.0,0.13567,3.0,0.13578,13.0,0.13579,20.0
1753520837318,09:07:17.318,AIN/USDT:USDT,0.1357,10.0,0.13567,3.0,0.13578,13.0,0.13579,10.0
1753520837488,09:07:17.488,AIN/USDT:USDT,0.1357,10.0,0.13567,3.0,0.13578,13.0,0.13579,10.0
1753520838149,09:07:18.149,AIN/USDT:USDT,0.1357,6.0,0.13569,8.0,0.1358,3.0,0.13582,3.0
1753520838187,09:07:18.187,AIN/USDT:USDT,0.1357,6.0,0.13569,8.0,0.1358,3.0,0.13582,3.0
1753520838329,09:07:18.329,AIN/USDT:USDT,0.1357,6.0,0.13569,8.0,0.1358,3.0,0.13582,3.0
1753520838560,09:07:18.560,AIN/USDT:USDT,0.1357,6.0,0.13569,13.0,0.1358,3.0,0.13582,3.0
1753520838668,09:07:18.668,AIN/USDT:USDT,0.1357,6.0,0.13569,8.0,0.13584,8.0,0.13586,3.0
1753520838830,09:07:18.830,AIN/USDT:USDT,0.1357,6.0,0.13569,8.0,0.13582,9.0,0.13583,10.0
1753520838932,09:07:18.932,AIN/USDT:USDT,0.1357,6.0,0.13569,8.0,0.1358,3.0,0.13581,10.0
1753520838998,09:07:18.998,AIN/USDT:USDT,0.1357,3.0,0.13567,3.0,0.13578,5.0,0.13579,15.0
1753520839117,09:07:19.117,AIN/USDT:USDT,0.1357,3.0,0.13567,3.0,0.13578,5.0,0.13579,5.0
1753520839225,09:07:19.225,AIN/USDT:USDT,0.13567,3.0,0.13565,36.0,0.13578,7.0,0.13579,10.0
1753520839438,09:07:19.438,AIN/USDT:USDT,0.13567,3.0,0.13565,36.0,0.13578,7.0,0.13579,10.0
1753520839620,09:07:19.620,AIN/USDT:USDT,0.13567,3.0,0.13565,36.0,0.13578,7.0,0.13579,10.0
1753520839871,09:07:19.871,AIN/USDT:USDT,0.13567,3.0,0.13566,5.0,0.13578,7.0,0.13579,10.0
1753520840460,09:07:20.460,AIN/USDT:USDT,0.13567,3.0,0.13566,5.0,0.13578,7.0,0.13579,10.0
1753520840706,09:07:20.706,AIN/USDT:USDT,0.13567,6.0,0.13566,13.0,0.13578,7.0,0.13579,10.0
1753520840884,09:07:20.884,AIN/USDT:USDT,0.13567,6.0,0.13566,13.0,0.13578,7.0,0.13579,10.0
1753520841059,09:07:21.059,AIN/USDT:USDT,0.13567,6.0,0.13566,13.0,0.13578,5.0,0.13579,5.0
1753520841153,09:07:21.153,AIN/USDT:USDT,0.13567,6.0,0.13566,13.0,0.13578,3.0,0.1358,3.0
1753520842437,09:07:22.437,AIN/USDT:USDT,0.13567,6.0,0.13566,13.0,0.13578,3.0,0.1358,3.0
1753520842509,09:07:22.509,AIN/USDT:USDT,0.13567,6.0,0.13566,13.0,0.13578,3.0,0.1358,3.0
1753520842742,09:07:22.742,AIN/USDT:USDT,0.13567,6.0,0.13566,13.0,0.13578,3.0,0.1358,3.0
1753520843359,09:07:23.359,AIN/USDT:USDT,0.13567,6.0,0.13566,13.0,0.13578,3.0,0.1358,3.0
1753520843566,09:07:23.566,AIN/USDT:USDT,0.13567,6.0,0.13566,13.0,0.13578,3.0,0.1358,3.0
1753520845442,09:07:25.442,AIN/USDT:USDT,0.13567,6.0,0.13566,13.0,0.13578,3.0,0.1358,3.0
1753520845465,09:07:25.465,AIN/USDT:USDT,0.13567,6.0,0.13566,13.0,0.13578,5.0,0.1358,3.0
1753520845625,09:07:25.625,AIN/USDT:USDT,0.13567,6.0,0.13566,13.0,0.13578,5.0,0.1358,3.0
1753520845778,09:07:25.778,AIN/USDT:USDT,0.13567,6.0,0.13566,13.0,0.13578,5.0,0.1358,3.0
1753520846549,09:07:26.549,AIN/USDT:USDT,0.13567,6.0,0.13566,13.0,0.13578,5.0,0.1358,3.0
1753520846966,09:07:26.966,AIN/USDT:USDT,0.13567,6.0,0.13566,13.0,0.13578,5.0,0.1358,3.0
1753520847065,09:07:27.065,AIN/USDT:USDT,0.13567,6.0,0.13566,13.0,0.13578,5.0,0.1358,3.0
1753520848159,09:07:28.159,AIN/USDT:USDT,0.13567,6.0,0.13566,13.0,0.13578,5.0,0.1358,3.0
1753520848449,09:07:28.449,AIN/USDT:USDT,0.13567,6.0,0.13566,13.0,0.13578,7.0,0.1358,3.0
1753520848806,09:07:28.806,AIN/USDT:USDT,0.13567,6.0,0.13566,13.0,0.13578,7.0,0.1358,3.0
1753520848993,09:07:28.993,AIN/USDT:USDT,0.13567,6.0,0.13566,13.0,0.13578,7.0,0.1358,3.0
1753520849248,09:07:29.248,AIN/USDT:USDT,0.13567,6.0,0.13566,13.0,0.13578,7.0,0.1358,3.0
1753520849431,09:07:29.431,AIN/USDT:USDT,0.13567,6.0,0.13566,13.0,0.13578,7.0,0.1358,3.0
1753520850822,09:07:30.822,AIN/USDT:USDT,0.13567,3.0,0.13565,36.0,0.13578,7.0,0.1358,9.0
1753520850850,09:07:30.850,AIN/USDT:USDT,0.13567,3.0,0.13565,36.0,0.13578,7.0,0.1358,9.0
1753520851082,09:07:31.082,AIN/USDT:USDT,0.13567,3.0,0.13565,36.0,0.13578,7.0,0.1358,9.0
1753520851518,09:07:31.518,AIN/USDT:USDT,0.13567,3.0,0.13565,36.0,0.13578,7.0,0.1358,3.0
1753520851575,09:07:31.575,AIN/USDT:USDT,0.13567,6.0,0.13565,36.0,0.13578,7.0,0.1358,3.0
1753520852419,09:07:32.419,AIN/USDT:USDT,0.13567,3.0,0.13565,36.0,0.13578,7.0,0.1358,3.0
1753520852960,09:07:32.960,AIN/USDT:USDT,0.13567,3.0,0.13565,36.0,0.13578,7.0,0.1358,3.0
1753520853066,09:07:33.066,AIN/USDT:USDT,0.13567,3.0,0.13565,36.0,0.13578,7.0,0.1358,9.0
1753520853839,09:07:33.839,AIN/USDT:USDT,0.13565,39.0,0.13564,7.0,0.13577,10.0,0.13578,13.0
1753520853863,09:07:33.863,AIN/USDT:USDT,0.13565,39.0,0.13563,5.0,0.13576,3.0,0.13577,10.0
1753520853965,09:07:33.965,AIN/USDT:USDT,0.13565,39.0,0.13563,5.0,0.13576,3.0,0.13577,10.0
1753520854256,09:07:34.256,AIN/USDT:USDT,0.13565,45.0,0.13563,5.0,0.13576,3.0,0.13578,13.0
1753520854441,09:07:34.441,AIN/USDT:USDT,0.13565,45.0,0.13563,5.0,0.13576,3.0,0.13578,7.0
1753520854532,09:07:34.532,AIN/USDT:USDT,0.13565,42.0,0.13563,5.0,0.13576,3.0,0.13578,7.0
1753520854601,09:07:34.601,AIN/USDT:USDT,0.13565,42.0,0.13563,5.0,0.13576,3.0,0.13578,13.0
1753520854843,09:07:34.843,AIN/USDT:USDT,0.13565,42.0,0.13563,5.0,0.13576,3.0,0.13578,13.0
1753520854963,09:07:34.963,AIN/USDT:USDT,0.13565,42.0,0.13563,5.0,0.13576,3.0,0.13578,13.0
1753520855202,09:07:35.202,AIN/USDT:USDT,0.13565,42.0,0.13563,5.0,0.13576,3.0,0.13578,13.0
1753520855523,09:07:35.523,AIN/USDT:USDT,0.13565,42.0,0.13563,5.0,0.13576,3.0,0.13578,13.0
1753520855618,09:07:35.618,AIN/USDT:USDT,0.13565,42.0,0.13563,5.0,0.13576,3.0,0.13578,13.0
1753520855939,09:07:35.939,AIN/USDT:USDT,0.13566,10.0,0.13565,3.0,0.13574,7.0,0.13575,19.0
1753520856049,09:07:36.049,AIN/USDT:USDT,0.13566,10.0,0.13562,36.0,0.1357,3.0,0.13571,4.0
1753520856121,09:07:36.121,AIN/USDT:USDT,0.13566,10.0,0.13559,36.0,0.1357,3.0,0.13571,4.0
1753520856241,09:07:36.241,AIN/USDT:USDT,0.13566,10.0,0.13553,86.0,0.13568,3.0,0.13569,10.0
1753520856335,09:07:36.335,AIN/USDT:USDT,0.13556,9.0,0.13553,89.0,0.13566,5.0,0.13567,15.0
1753520856368,09:07:36.368,AIN/USDT:USDT,0.13556,9.0,0.13553,89.0,0.13566,5.0,0.13567,15.0
1753520856474,09:07:36.474,AIN/USDT:USDT,0.13556,9.0,0.13553,89.0,0.13566,5.0,0.13567,15.0
1753520856749,09:07:36.749,AIN/USDT:USDT,0.13556,15.0,0.13555,8.0,0.13573,7.0,0.13574,3.0
1753520856846,09:07:36.846,AIN/USDT:USDT,0.1357,9.0,0.13567,52.0,0.1358,3.0,0.13582,3.0
1753520856948,09:07:36.948,AIN/USDT:USDT,0.1357,9.0,0.13568,6.0,0.1358,3.0,0.13582,3.0
1753520857015,09:07:37.015,AIN/USDT:USDT,0.1357,3.0,0.13568,6.0,0.1358,3.0,0.13581,5.0
1753520857063,09:07:37.063,AIN/USDT:USDT,0.1357,3.0,0.13568,6.0,0.1358,3.0,0.13581,5.0
1753520857271,09:07:37.271,AIN/USDT:USDT,0.1357,9.0,0.13568,6.0,0.1358,3.0,0.13581,5.0
1753520857446,09:07:37.446,AIN/USDT:USDT,0.1357,9.0,0.13568,6.0,0.13579,10.0,0.1358,3.0
1753520857450,09:07:37.450,AIN/USDT:USDT,0.1357,9.0,0.13568,6.0,0.13578,3.0,0.13579,10.0
1753520857844,09:07:37.844,AIN/USDT:USDT,0.1357,9.0,0.13568,6.0,0.13578,3.0,0.13579,10.0
1753520858655,09:07:38.655,AIN/USDT:USDT,0.1357,9.0,0.13568,6.0,0.13578,3.0,0.13579,10.0
1753520859022,09:07:39.022,AIN/USDT:USDT,0.1357,9.0,0.13568,6.0,0.13578,5.0,0.13579,14.0
1753520859118,09:07:39.118,AIN/USDT:USDT,0.1357,3.0,0.13568,6.0,0.13578,5.0,0.13579,4.0
1753520859192,09:07:39.192,AIN/USDT:USDT,0.13567,52.0,0.13566,16.0,0.13576,3.0,0.13577,12.0
1753520859335,09:07:39.335,AIN/USDT:USDT,0.13567,52.0,0.13566,16.0,0.13576,3.0,0.13577,10.0
1753520859482,09:07:39.482,AIN/USDT:USDT,0.13567,52.0,0.13566,16.0,0.13576,3.0,0.13577,10.0
1753520860443,09:07:40.443,AIN/USDT:USDT,0.13567,52.0,0.13566,16.0,0.13576,3.0,0.13578,5.0
1753520860709,09:07:40.709,AIN/USDT:USDT,0.13567,52.0,0.13566,16.0,0.13574,3.0,0.13575,10.0
1753520861447,09:07:41.447,AIN/USDT:USDT,0.13567,49.0,0.13566,16.0,0.13574,3.0,0.13575,10.0
1753520861544,09:07:41.544,AIN/USDT:USDT,0.13567,46.0,0.13566,8.0,0.13574,3.0,0.13575,10.0
1753520861695,09:07:41.695,AIN/USDT:USDT,0.13567,46.0,0.13566,8.0,0.13574,3.0,0.13575,10.0
1753520862173,09:07:42.173,AIN/USDT:USDT,0.13568,3.0,0.13567,46.0,0.13574,3.0,0.13575,10.0
1753520862408,09:07:42.408,AIN/USDT:USDT,0.13568,9.0,0.13567,46.0,0.13574,3.0,0.13575,10.0
1753520862880,09:07:42.880,AIN/USDT:USDT,0.13568,9.0,0.13567,46.0,0.13574,3.0,0.13575,10.0
1753520863316,09:07:43.316,AIN/USDT:USDT,0.13568,9.0,0.13567,46.0,0.13575,10.0,0.13576,3.0
1753520863437,09:07:43.437,AIN/USDT:USDT,0.13568,9.0,0.13567,46.0,0.13575,10.0,0.13576,3.0
1753520863684,09:07:43.684,AIN/USDT:USDT,0.13568,9.0,0.13567,46.0,0.13575,10.0,0.13576,3.0
1753520863784,09:07:43.784,AIN/USDT:USDT,0.13568,12.0,0.13567,54.0,0.13575,10.0,0.13576,3.0
1753520863851,09:07:43.851,AIN/USDT:USDT,0.13568,12.0,0.13567,54.0,0.13575,10.0,0.13576,3.0
1753520864140,09:07:44.140,AIN/USDT:USDT,0.13568,12.0,0.13567,54.0,0.13575,10.0,0.13576,3.0
1753520864360,09:07:44.360,AIN/USDT:USDT,0.13568,12.0,0.13567,54.0,0.13575,10.0,0.13576,3.0
1753520864523,09:07:44.523,AIN/USDT:USDT,0.13568,12.0,0.13567,54.0,0.13575,10.0,0.13576,3.0
1753520865161,09:07:45.161,AIN/USDT:USDT,0.13568,12.0,0.13567,54.0,0.13575,10.0,0.13576,3.0
1753520865520,09:07:45.520,AIN/USDT:USDT,0.13568,12.0,0.13567,54.0,0.13575,10.0,0.13576,3.0
1753520865620,09:07:45.620,AIN/USDT:USDT,0.13568,12.0,0.13567,54.0,0.13575,10.0,0.13576,3.0
1753520865739,09:07:45.739,AIN/USDT:USDT,0.13568,12.0,0.13567,54.0,0.13575,10.0,0.13576,3.0
1753520866019,09:07:46.019,AIN/USDT:USDT,0.13568,12.0,0.13567,54.0,0.13575,10.0,0.13578,3.0
1753520866605,09:07:46.605,AIN/USDT:USDT,0.13568,12.0,0.13567,54.0,0.13575,10.0,0.13578,3.0
1753520866897,09:07:46.897,AIN/USDT:USDT,0.13568,12.0,0.13567,54.0,0.13575,10.0,0.13578,3.0
1753520867338,09:07:47.338,AIN/USDT:USDT,0.13568,12.0,0.13567,54.0,0.13575,10.0,0.13578,3.0
1753520869002,09:07:49.002,AIN/USDT:USDT,0.13568,12.0,0.13567,54.0,0.13575,10.0,0.13578,3.0
1753520869462,09:07:49.462,AIN/USDT:USDT,0.13568,12.0,0.13567,54.0,0.13575,10.0,0.13578,3.0
1753520869679,09:07:49.679,AIN/USDT:USDT,0.13568,12.0,0.13567,54.0,0.13575,10.0,0.13578,3.0
1753520869960,09:07:49.960,AIN/USDT:USDT,0.13568,12.0,0.13567,54.0,0.13575,10.0,0.13578,3.0
1753520870066,09:07:50.066,AIN/USDT:USDT,0.13568,12.0,0.13567,54.0,0.13575,10.0,0.13578,3.0
1753520870493,09:07:50.493,AIN/USDT:USDT,0.13568,12.0,0.13567,54.0,0.13575,10.0,0.1358,3.0
1753520872537,09:07:52.537,AIN/USDT:USDT,0.13568,12.0,0.13567,54.0,0.1358,3.0,0.13582,9.0
1753520872554,09:07:52.554,AIN/USDT:USDT,0.13568,12.0,0.13567,54.0,0.1358,3.0,0.13582,9.0
1753520872706,09:07:52.706,AIN/USDT:USDT,0.13568,12.0,0.13567,54.0,0.1358,3.0,0.13582,9.0
1753520873017,09:07:53.017,AIN/USDT:USDT,0.13568,12.0,0.13567,54.0,0.1358,3.0,0.13582,9.0
1753520873240,09:07:53.240,AIN/USDT:USDT,0.13568,12.0,0.13567,54.0,0.13579,10.0,0.1358,3.0
1753520873261,09:07:53.261,AIN/USDT:USDT,0.13568,12.0,0.13567,54.0,0.13579,10.0,0.1358,3.0
1753520873531,09:07:53.531,AIN/USDT:USDT,0.13568,12.0,0.13567,54.0,0.13579,10.0,0.1358,3.0
1753520873604,09:07:53.604,AIN/USDT:USDT,0.13568,6.0,0.13567,54.0,0.13579,10.0,0.1358,3.0
1753520873978,09:07:53.978,AIN/USDT:USDT,0.13568,6.0,0.13567,54.0,0.13579,10.0,0.1358,3.0
1753520874182,09:07:54.182,AIN/USDT:USDT,0.13568,12.0,0.13567,54.0,0.1358,3.0,0.13582,9.0
1753520874766,09:07:54.766,AIN/USDT:USDT,0.13568,12.0,0.13567,54.0,0.1358,3.0,0.13582,9.0
1753520874869,09:07:54.869,AIN/USDT:USDT,0.13568,12.0,0.13567,54.0,0.1358,3.0,0.13582,9.0
1753520875439,09:07:55.439,AIN/USDT:USDT,0.13568,12.0,0.13567,54.0,0.1358,3.0,0.13582,9.0
1753520875540,09:07:55.540,AIN/USDT:USDT,0.13568,12.0,0.13567,54.0,0.13582,3.0,0.13584,6.0
1753520875659,09:07:55.659,AIN/USDT:USDT,0.13568,12.0,0.13567,54.0,0.13582,3.0,0.13584,6.0
1753520876292,09:07:56.292,AIN/USDT:USDT,0.13568,12.0,0.13567,54.0,0.13582,3.0,0.13584,6.0
1753520876440,09:07:56.440,AIN/USDT:USDT,0.13568,12.0,0.13567,54.0,0.13582,3.0,0.13584,6.0
1753520876478,09:07:56.478,AIN/USDT:USDT,0.13568,12.0,0.13567,54.0,0.13582,3.0,0.13584,6.0
1753520876580,09:07:56.580,AIN/USDT:USDT,0.13568,12.0,0.13567,54.0,0.13582,3.0,0.13584,6.0
1753520877048,09:07:57.048,AIN/USDT:USDT,0.13568,12.0,0.13567,54.0,0.13581,10.0,0.13582,3.0
1753520877052,09:07:57.052,AIN/USDT:USDT,0.13568,12.0,0.13567,54.0,0.1358,3.0,0.13581,10.0
1753520877663,09:07:57.663,AIN/USDT:USDT,0.13568,12.0,0.13567,54.0,0.1358,3.0,0.13581,10.0
1753520878059,09:07:58.059,AIN/USDT:USDT,0.13568,12.0,0.13567,54.0,0.1358,3.0,0.13581,10.0
1753520878572,09:07:58.572,AIN/USDT:USDT,0.13568,12.0,0.13567,54.0,0.1358,3.0,0.13582,9.0
1753520879349,09:07:59.349,AIN/USDT:USDT,0.13568,12.0,0.13567,54.0,0.13579,12.0,0.1358,3.0
1753520879444,09:07:59.444,AIN/USDT:USDT,0.13568,6.0,0.13567,54.0,0.13579,14.0,0.1358,3.0
1753520879473,09:07:59.473,AIN/USDT:USDT,0.13568,12.0,0.13567,54.0,0.13579,14.0,0.1358,3.0
1753520879560,09:07:59.560,AIN/USDT:USDT,0.13568,12.0,0.13567,54.0,0.13579,14.0,0.1358,3.0
1753520880435,09:08:00.435,AIN/USDT:USDT,0.13568,6.0,0.13567,54.0,0.13579,14.0,0.1358,3.0
1753520880484,09:08:00.484,AIN/USDT:USDT,0.13568,12.0,0.13567,54.0,0.13579,14.0,0.1358,3.0
1753520880633,09:08:00.633,AIN/USDT:USDT,0.13568,12.0,0.13567,54.0,0.13578,3.0,0.13579,14.0
1753520880969,09:08:00.969,AIN/USDT:USDT,0.13568,12.0,0.13567,54.0,0.13579,14.0,0.1358,3.0
1753520881818,09:08:01.818,AIN/USDT:USDT,0.13568,12.0,0.13567,54.0,0.13579,14.0,0.1358,3.0
1753520882034,09:08:02.034,AIN/USDT:USDT,0.13568,12.0,0.13567,54.0,0.13579,14.0,0.1358,3.0
1753520882769,09:08:02.769,AIN/USDT:USDT,0.13568,12.0,0.13567,54.0,0.13579,14.0,0.1358,3.0
1753520883137,09:08:03.137,AIN/USDT:USDT,0.13568,12.0,0.13567,54.0,0.13579,10.0,0.13582,3.0
1753520883221,09:08:03.221,AIN/USDT:USDT,0.1357,9.0,0.13568,12.0,0.13582,3.0,0.13585,5.0
1753520883328,09:08:03.328,AIN/USDT:USDT,0.1357,9.0,0.13568,12.0,0.13582,3.0,0.13585,5.0
1753520883436,09:08:03.436,AIN/USDT:USDT,0.13575,3.0,0.13574,6.0,0.13585,8.0,0.1359,13.0
1753520883476,09:08:03.476,AIN/USDT:USDT,0.13575,3.0,0.13574,6.0,0.13585,8.0,0.1359,13.0
1753520883778,09:08:03.778,AIN/USDT:USDT,0.13575,3.0,0.13574,6.0,0.13585,8.0,0.1359,13.0
1753520884362,09:08:04.362,AIN/USDT:USDT,0.13575,3.0,0.13574,6.0,0.13585,8.0,0.1359,13.0
1753520884634,09:08:04.634,AIN/USDT:USDT,0.13575,3.0,0.13574,6.0,0.13585,8.0,0.13586,5.0
1753520885042,09:08:05.042,AIN/USDT:USDT,0.13579,42.0,0.13576,43.0,0.13594,9.0,0.13595,7.0
1753520885145,09:08:05.145,AIN/USDT:USDT,0.13581,3.0,0.1358,6.0,0.13594,3.0,0.13596,9.0
1753520885207,09:08:05.207,AIN/USDT:USDT,0.13581,3.0,0.1358,6.0,0.13594,9.0,0.13596,9.0
1753520885318,09:08:05.318,AIN/USDT:USDT,0.13581,3.0,0.1358,6.0,0.13594,3.0,0.13596,9.0
1753520885432,09:08:05.432,AIN/USDT:USDT,0.13583,3.0,0.13582,6.0,0.13594,3.0,0.13596,9.0
1753520885524,09:08:05.524,AIN/USDT:USDT,0.13583,6.0,0.13582,14.0,0.13596,3.0,0.13597,7.0
1753520885632,09:08:05.632,AIN/USDT:USDT,0.13585,42.0,0.13584,8.0,0.13596,3.0,0.13598,6.0
1753520885725,09:08:05.725,AIN/USDT:USDT,0.13587,6.0,0.13586,6.0,0.13599,3.0,0.136,8.0
1753520885948,09:08:05.948,AIN/USDT:USDT,0.13587,6.0,0.13586,6.0,0.13599,3.0,0.136,2.0
1753520886032,09:08:06.032,AIN/USDT:USDT,0.13587,6.0,0.13586,6.0,0.13599,3.0,0.136,2.0
1753520886284,09:08:06.284,AIN/USDT:USDT,0.13587,6.0,0.13586,6.0,0.13599,3.0,0.136,2.0
1753520886776,09:08:06.776,AIN/USDT:USDT,0.13587,6.0,0.13586,6.0,0.13599,3.0,0.136,2.0
1753520886862,09:08:06.862,AIN/USDT:USDT,0.13587,6.0,0.13586,6.0,0.13599,3.0,0.136,2.0
1753520887207,09:08:07.207,AIN/USDT:USDT,0.13587,6.0,0.13586,6.0,0.13599,3.0,0.136,2.0
1753520887543,09:08:07.543,AIN/USDT:USDT,0.13587,6.0,0.13586,6.0,0.13598,10.0,0.13599,3.0
1753520887630,09:08:07.630,AIN/USDT:USDT,0.13587,6.0,0.13586,6.0,0.13598,10.0,0.13599,3.0
1753520887806,09:08:07.806,AIN/USDT:USDT,0.13587,6.0,0.13586,6.0,0.13598,10.0,0.13599,3.0
1753520888106,09:08:08.106,AIN/USDT:USDT,0.13587,6.0,0.13586,6.0,0.13598,10.0,0.13599,3.0
1753520888346,09:08:08.346,AIN/USDT:USDT,0.13587,6.0,0.13586,6.0,0.13598,10.0,0.13599,3.0
1753520888432,09:08:08.432,AIN/USDT:USDT,0.13587,42.0,0.13586,6.0,0.13598,10.0,0.13603,3.0
1753520888526,09:08:08.526,AIN/USDT:USDT,0.13593,3.0,0.13592,6.0,0.13598,10.0,0.13603,3.0
1753520888621,09:08:08.621,AIN/USDT:USDT,0.13593,3.0,0.13592,6.0,0.13598,10.0,0.13603,3.0
1753520888658,09:08:08.658,AIN/USDT:USDT,0.13593,3.0,0.13592,6.0,0.13598,10.0,0.13603,3.0
1753520888934,09:08:08.934,AIN/USDT:USDT,0.13593,3.0,0.13592,6.0,0.13598,10.0,0.13603,3.0
1753520889384,09:08:09.384,AIN/USDT:USDT,0.13593,3.0,0.13592,6.0,0.13598,10.0,0.13603,3.0
1753520889822,09:08:09.822,AIN/USDT:USDT,0.13593,3.0,0.13592,6.0,0.13598,10.0,0.13603,3.0
1753520891304,09:08:11.304,AIN/USDT:USDT,0.13593,3.0,0.13592,6.0,0.13598,10.0,0.13602,6.0
1753520891376,09:08:11.376,AIN/USDT:USDT,0.13593,3.0,0.13591,45.0,0.13598,10.0,0.13602,6.0
1753520891471,09:08:11.471,AIN/USDT:USDT,0.13593,3.0,0.13591,45.0,0.13598,10.0,0.13602,6.0
1753520891561,09:08:11.561,AIN/USDT:USDT,0.13593,3.0,0.13591,45.0,0.13598,10.0,0.13602,6.0
1753520892281,09:08:12.281,AIN/USDT:USDT,0.13593,3.0,0.13591,45.0,0.13598,10.0,0.13602,6.0
1753520892689,09:08:12.689,AIN/USDT:USDT,0.13593,3.0,0.13591,45.0,0.13598,10.0,0.13602,6.0
1753520893335,09:08:13.335,AIN/USDT:USDT,0.13593,89.0,0.13592,6.0,0.13608,9.0,0.13615,322.0
1753520893428,09:08:13.428,AIN/USDT:USDT,0.13593,89.0,0.13592,6.0,0.13608,9.0,0.13615,322.0
1753520893535,09:08:13.535,AIN/USDT:USDT,0.13595,9.0,0.13594,6.0,0.13608,9.0,0.13615,128.0
1753520893642,09:08:13.642,AIN/USDT:USDT,0.13597,39.0,0.13595,9.0,0.13612,9.0,0.13616,7.0
1753520893733,09:08:13.733,AIN/USDT:USDT,0.13597,39.0,0.13596,7.0,0.13612,9.0,0.13616,7.0
1753520893799,09:08:13.799,AIN/USDT:USDT,0.13597,39.0,0.13596,7.0,0.13612,9.0,0.13616,7.0
1753520893971,09:08:13.971,AIN/USDT:USDT,0.13597,39.0,0.13596,7.0,0.13612,9.0,0.13616,7.0
1753520894186,09:08:14.186,AIN/USDT:USDT,0.13597,39.0,0.13596,7.0,0.13612,9.0,0.13616,7.0
1753520894499,09:08:14.499,AIN/USDT:USDT,0.13597,39.0,0.13596,7.0,0.13612,9.0,0.13616,7.0
1753520894787,09:08:14.787,AIN/USDT:USDT,0.13597,39.0,0.13596,7.0,0.13612,9.0,0.13616,7.0
1753520894861,09:08:14.861,AIN/USDT:USDT,0.13597,39.0,0.13596,7.0,0.13612,9.0,0.13616,7.0
