timestamp,time,symbol,bid1_price,bid1_volume,bid2_price,bid2_volume,ask1_price,ask1_volume,ask2_price,ask2_volume
1753531558000,12:05:58.000,AIXBT/USDT:USDT,0.14842,35.0,0.14841,35.0,0.14847,260.0,0.14848,1023.0
1753531558291,12:05:58.291,AIXBT/USDT:USDT,0.14842,35.0,0.14838,84.0,0.14847,260.0,0.14848,1023.0
1753531558385,12:05:58.385,AIXBT/USDT:USDT,0.14843,1.0,0.14839,84.0,0.14847,260.0,0.14848,1023.0
1753531558420,12:05:58.420,AIXBT/USDT:USDT,0.1484,1.0,0.14833,31.0,0.14847,258.0,0.14848,1023.0
1753531558500,12:05:58.500,AIXBT/USDT:USDT,0.14834,1.0,0.14833,31.0,0.14846,2.0,0.14847,258.0
1753531558656,12:05:58.656,AIXBT/USDT:USDT,0.14834,1.0,0.14833,31.0,0.14846,2.0,0.14847,258.0
1753531558787,12:05:58.787,AIXBT/USDT:USDT,0.14834,1.0,0.14833,95.0,0.14846,18.0,0.14847,258.0
1753531558880,12:05:58.880,AIXBT/USDT:USDT,0.14841,35.0,0.1484,35.0,0.14845,1.0,0.14846,18.0
1753531558970,12:05:58.970,AIXBT/USDT:USDT,0.14842,1.0,0.14836,84.0,0.14845,1.0,0.14846,18.0
1753531560428,12:06:00.428,AIXBT/USDT:USDT,0.14843,36.0,0.14838,84.0,0.14847,6.0,0.14848,895.0
1753531560587,12:06:00.587,AIXBT/USDT:USDT,0.14844,35.0,0.14843,1.0,0.14847,4.0,0.14848,895.0
1753531560690,12:06:00.690,AIXBT/USDT:USDT,0.14844,35.0,0.1484,84.0,0.14847,3.0,0.14848,895.0
1753531560796,12:06:00.796,AIXBT/USDT:USDT,0.14844,35.0,0.1484,84.0,0.14847,3.0,0.14848,895.0
1753531560981,12:06:00.981,AIXBT/USDT:USDT,0.14844,35.0,0.1484,84.0,0.14847,3.0,0.14848,895.0
1753531561324,12:06:01.324,AIXBT/USDT:USDT,0.14844,35.0,0.14841,64.0,0.14848,895.0,0.14849,1691.0
1753531561701,12:06:01.701,AIXBT/USDT:USDT,0.14842,1.0,0.14841,64.0,0.14847,1.0,0.14848,895.0
1753531561836,12:06:01.836,AIXBT/USDT:USDT,0.14842,1.0,0.14841,64.0,0.14847,3.0,0.14848,895.0
1753531562575,12:06:02.575,AIXBT/USDT:USDT,0.14839,1.0,0.14837,64.0,0.14847,3.0,0.14848,895.0
1753531562679,12:06:02.679,AIXBT/USDT:USDT,0.14838,1.0,0.14837,64.0,0.14847,3.0,0.14848,895.0
1753531562785,12:06:02.785,AIXBT/USDT:USDT,0.14838,1.0,0.14837,64.0,0.14847,48.0,0.14848,978.0
1753531562795,12:06:02.795,AIXBT/USDT:USDT,0.14838,1.0,0.14837,64.0,0.14847,48.0,0.14848,978.0
1753531563175,12:06:03.175,AIXBT/USDT:USDT,0.14838,1.0,0.14837,64.0,0.14847,48.0,0.14848,978.0
1753531563523,12:06:03.523,AIXBT/USDT:USDT,0.14838,1.0,0.14837,64.0,0.14847,48.0,0.14848,978.0
1753531563629,12:06:03.629,AIXBT/USDT:USDT,0.14844,1.0,0.14838,85.0,0.14847,48.0,0.14848,1042.0
1753531563755,12:06:03.755,AIXBT/USDT:USDT,0.14837,64.0,0.14836,64.0,0.14847,45.0,0.14848,978.0
1753531563819,12:06:03.819,AIXBT/USDT:USDT,0.14839,35.0,0.14838,1.0,0.14846,3.0,0.14847,45.0
1753531563947,12:06:03.947,AIXBT/USDT:USDT,0.14841,35.0,0.1484,1.0,0.14846,3.0,0.14847,45.0
1753531564015,12:06:04.015,AIXBT/USDT:USDT,0.14842,1.0,0.14837,64.0,0.14846,3.0,0.14847,45.0
1753531564233,12:06:04.233,AIXBT/USDT:USDT,0.14838,1.0,0.14837,64.0,0.14846,3.0,0.14847,45.0
1753531564369,12:06:04.369,AIXBT/USDT:USDT,0.14838,1.0,0.14837,64.0,0.14846,3.0,0.14847,45.0
1753531565482,12:06:05.482,AIXBT/USDT:USDT,0.1484,1.0,0.14837,64.0,0.14846,3.0,0.14847,45.0
1753531565588,12:06:05.588,AIXBT/USDT:USDT,0.14844,35.0,0.14843,35.0,0.14846,3.0,0.14847,45.0
1753531565689,12:06:05.689,AIXBT/USDT:USDT,0.14844,35.0,0.1484,84.0,0.14846,1.0,0.14847,45.0
1753531566089,12:06:06.089,AIXBT/USDT:USDT,0.14837,64.0,0.14836,64.0,0.14846,1.0,0.14847,45.0
1753531566158,12:06:06.158,AIXBT/USDT:USDT,0.14838,1.0,0.14837,64.0,0.14846,3.0,0.14847,45.0
1753531566210,12:06:06.210,AIXBT/USDT:USDT,0.14838,1.0,0.14837,64.0,0.14846,3.0,0.14847,45.0
1753531566450,12:06:06.450,AIXBT/USDT:USDT,0.14838,1.0,0.14837,64.0,0.14846,3.0,0.14847,45.0
1753531566874,12:06:06.874,AIXBT/USDT:USDT,0.1484,35.0,0.14838,1.0,0.14846,3.0,0.14847,45.0
1753531566990,12:06:06.990,AIXBT/USDT:USDT,0.14841,1.0,0.14837,148.0,0.14846,3.0,0.14847,45.0
1753531567147,12:06:07.147,AIXBT/USDT:USDT,0.14843,1.0,0.14838,84.0,0.14846,3.0,0.14847,45.0
1753531567250,12:06:07.250,AIXBT/USDT:USDT,0.14839,1.0,0.14837,64.0,0.14846,3.0,0.14847,45.0
1753531568456,12:06:08.456,AIXBT/USDT:USDT,0.14844,35.0,0.1484,84.0,0.14847,45.0,0.14848,428.0
1753531568558,12:06:08.558,AIXBT/USDT:USDT,0.14844,35.0,0.1484,84.0,0.14847,45.0,0.14848,428.0
1753531568981,12:06:08.981,AIXBT/USDT:USDT,0.14837,64.0,0.14836,64.0,0.14847,45.0,0.14848,428.0
1753531569076,12:06:09.076,AIXBT/USDT:USDT,0.14843,35.0,0.14842,35.0,0.14846,49.0,0.14847,129.0
1753531569130,12:06:09.130,AIXBT/USDT:USDT,0.14844,35.0,0.1484,84.0,0.14846,46.0,0.14847,129.0
1753531569227,12:06:09.227,AIXBT/USDT:USDT,0.14844,35.0,0.1484,84.0,0.14846,46.0,0.14847,129.0
1753531569414,12:06:09.414,AIXBT/USDT:USDT,0.14844,35.0,0.1484,84.0,0.14846,46.0,0.14847,129.0
1753531569831,12:06:09.831,AIXBT/USDT:USDT,0.14844,35.0,0.1484,84.0,0.14846,46.0,0.14847,129.0
1753531570120,12:06:10.120,AIXBT/USDT:USDT,0.14836,1.0,0.14835,131.0,0.14845,3.0,0.14848,564.0
1753531570267,12:06:10.267,AIXBT/USDT:USDT,0.14836,1.0,0.14835,131.0,0.14847,3.0,0.14848,564.0
1753531571471,12:06:11.471,AIXBT/USDT:USDT,0.14848,35.0,0.14844,84.0,0.14851,64.0,0.14852,290.0
1753531571567,12:06:11.567,AIXBT/USDT:USDT,0.14848,35.0,0.14844,84.0,0.14851,64.0,0.14852,1980.0
1753531571715,12:06:11.715,AIXBT/USDT:USDT,0.14848,35.0,0.14844,84.0,0.14851,64.0,0.14852,1980.0
1753531571829,12:06:11.829,AIXBT/USDT:USDT,0.14848,35.0,0.14844,84.0,0.14851,64.0,0.14852,1980.0
1753531571987,12:06:11.987,AIXBT/USDT:USDT,0.14848,35.0,0.14844,84.0,0.14851,64.0,0.14852,1980.0
1753531572034,12:06:12.034,AIXBT/USDT:USDT,0.14848,35.0,0.14844,84.0,0.14851,64.0,0.14852,1980.0
1753531572315,12:06:12.315,AIXBT/USDT:USDT,0.14848,35.0,0.14844,84.0,0.14851,64.0,0.14852,1980.0
1753531572486,12:06:12.486,AIXBT/USDT:USDT,0.14851,52.0,0.14841,64.0,0.14855,64.0,0.14856,64.0
1753531572584,12:06:12.584,AIXBT/USDT:USDT,0.14852,1.0,0.14847,64.0,0.14854,1.0,0.14857,345.0
1753531573435,12:06:13.435,AIXBT/USDT:USDT,0.14854,35.0,0.14849,84.0,0.14856,1690.0,0.14857,345.0
1753531573590,12:06:13.590,AIXBT/USDT:USDT,0.14849,84.0,0.14847,64.0,0.14856,1690.0,0.14857,345.0
1753531573690,12:06:13.690,AIXBT/USDT:USDT,0.1485,1.0,0.14847,64.0,0.14855,3.0,0.14856,1690.0
1753531573735,12:06:13.735,AIXBT/USDT:USDT,0.14848,1.0,0.14847,64.0,0.14855,3.0,0.14856,1690.0
1753531574006,12:06:14.006,AIXBT/USDT:USDT,0.14848,1.0,0.14847,64.0,0.14855,3.0,0.14856,1690.0
1753531574108,12:06:14.108,AIXBT/USDT:USDT,0.14848,1.0,0.14847,64.0,0.14855,3.0,0.14856,1690.0
1753531574526,12:06:14.526,AIXBT/USDT:USDT,0.14848,1.0,0.14847,64.0,0.14855,3.0,0.14856,1690.0
1753531574907,12:06:14.907,AIXBT/USDT:USDT,0.14848,1.0,0.14847,64.0,0.14855,3.0,0.14856,1690.0
1753531575484,12:06:15.484,AIXBT/USDT:USDT,0.14848,1.0,0.14847,64.0,0.14855,3.0,0.14856,1690.0
1753531575876,12:06:15.876,AIXBT/USDT:USDT,0.14854,35.0,0.14849,84.0,0.14855,3.0,0.14856,1690.0
1753531575976,12:06:15.976,AIXBT/USDT:USDT,0.14855,35.0,0.1485,85.0,0.14856,1690.0,0.1486,67.0
1753531576008,12:06:16.008,AIXBT/USDT:USDT,0.14855,35.0,0.1485,85.0,0.14856,1690.0,0.14859,3.0
1753531576154,12:06:16.154,AIXBT/USDT:USDT,0.14855,35.0,0.1485,85.0,0.14859,1693.0,0.1486,67.0
1753531576220,12:06:16.220,AIXBT/USDT:USDT,0.14856,1.0,0.14851,84.0,0.14859,1691.0,0.1486,67.0
1753531576568,12:06:16.568,AIXBT/USDT:USDT,0.14855,35.0,0.14851,84.0,0.14858,3.0,0.14859,1690.0
1753531576987,12:06:16.987,AIXBT/USDT:USDT,0.14855,35.0,0.14851,84.0,0.14858,3.0,0.14859,1690.0
1753531577412,12:06:17.412,AIXBT/USDT:USDT,0.14855,35.0,0.14851,84.0,0.14858,3.0,0.14859,1690.0
1753531577574,12:06:17.574,AIXBT/USDT:USDT,0.14855,35.0,0.14851,84.0,0.14858,3.0,0.14859,1690.0
1753531577955,12:06:17.955,AIXBT/USDT:USDT,0.14855,35.0,0.14851,84.0,0.14858,3.0,0.14859,1690.0
1753531578124,12:06:18.124,AIXBT/USDT:USDT,0.14855,35.0,0.14851,84.0,0.14858,3.0,0.14859,1690.0
1753531578230,12:06:18.230,AIXBT/USDT:USDT,0.14855,35.0,0.14851,84.0,0.14858,3.0,0.14859,1690.0
1753531578370,12:06:18.370,AIXBT/USDT:USDT,0.14855,35.0,0.14851,84.0,0.14858,3.0,0.14859,1690.0
1753531578866,12:06:18.866,AIXBT/USDT:USDT,0.14856,35.0,0.14852,84.0,0.14858,3.0,0.14859,1690.0
1753531578918,12:06:18.918,AIXBT/USDT:USDT,0.14856,35.0,0.14852,84.0,0.14858,3.0,0.14859,1690.0
1753531579044,12:06:19.044,AIXBT/USDT:USDT,0.14856,35.0,0.14852,84.0,0.14859,1690.0,0.1486,67.0
1753531579382,12:06:19.382,AIXBT/USDT:USDT,0.1485,64.0,0.14848,67.0,0.14859,1690.0,0.1486,67.0
1753531579498,12:06:19.498,AIXBT/USDT:USDT,0.14855,35.0,0.1485,64.0,0.14858,3.0,0.14859,1690.0
1753531579647,12:06:19.647,AIXBT/USDT:USDT,0.14855,35.0,0.14851,84.0,0.14858,3.0,0.14859,1690.0
1753531579877,12:06:19.877,AIXBT/USDT:USDT,0.14855,35.0,0.14851,84.0,0.14858,3.0,0.14859,1690.0
1753531580100,12:06:20.100,AIXBT/USDT:USDT,0.14855,35.0,0.14851,84.0,0.14858,3.0,0.14859,1690.0
1753531580292,12:06:20.292,AIXBT/USDT:USDT,0.14855,35.0,0.14851,84.0,0.14858,3.0,0.14859,1690.0
1753531580292,12:06:20.292,AIXBT/USDT:USDT,0.14855,35.0,0.14851,84.0,0.14858,3.0,0.14859,1690.0
1753531581075,12:06:21.075,AIXBT/USDT:USDT,0.14844,1209.0,0.14843,3859.0,0.14858,48.0,0.14859,1837.0
1753531581545,12:06:21.545,AIXBT/USDT:USDT,0.14851,1.0,0.14845,84.0,0.14856,3.0,0.14857,345.0
1753531581606,12:06:21.606,AIXBT/USDT:USDT,0.14846,1.0,0.14845,29.0,0.14856,3.0,0.14857,345.0
1753531581736,12:06:21.736,AIXBT/USDT:USDT,0.14846,1.0,0.14845,29.0,0.14856,3.0,0.14857,345.0
1753531581835,12:06:21.835,AIXBT/USDT:USDT,0.14846,1.0,0.14845,93.0,0.14856,3.0,0.14857,345.0
1753531581989,12:06:21.989,AIXBT/USDT:USDT,0.14846,1.0,0.14845,93.0,0.14856,3.0,0.14857,345.0
1753531582041,12:06:22.041,AIXBT/USDT:USDT,0.14846,1.0,0.14845,93.0,0.14856,3.0,0.14857,345.0
1753531582389,12:06:22.389,AIXBT/USDT:USDT,0.14846,1.0,0.14845,93.0,0.14856,3.0,0.14857,345.0
1753531582815,12:06:22.815,AIXBT/USDT:USDT,0.14846,1.0,0.14845,93.0,0.14856,3.0,0.14857,345.0
1753531583482,12:06:23.482,AIXBT/USDT:USDT,0.14847,35.0,0.14846,1.0,0.14856,3.0,0.14857,345.0
1753531583935,12:06:23.935,AIXBT/USDT:USDT,0.14848,1.0,0.14847,64.0,0.14856,3.0,0.14857,345.0
1753531584058,12:06:24.058,AIXBT/USDT:USDT,0.14848,1.0,0.14847,64.0,0.14856,3.0,0.14857,345.0
1753531584123,12:06:24.123,AIXBT/USDT:USDT,0.14848,1.0,0.14847,64.0,0.14856,3.0,0.14857,345.0
1753531584490,12:06:24.490,AIXBT/USDT:USDT,0.14848,1.0,0.14847,64.0,0.14856,3.0,0.14857,345.0
1753531584841,12:06:24.841,AIXBT/USDT:USDT,0.14849,35.0,0.14848,1.0,0.14856,3.0,0.14857,345.0
1753531585059,12:06:25.059,AIXBT/USDT:USDT,0.14848,1.0,0.14847,64.0,0.14856,3.0,0.14857,345.0
1753531585325,12:06:25.325,AIXBT/USDT:USDT,0.14848,1.0,0.14847,64.0,0.14856,3.0,0.14857,345.0
1753531587175,12:06:27.175,AIXBT/USDT:USDT,0.14848,1.0,0.14847,64.0,0.14856,3.0,0.14857,345.0
1753531587195,12:06:27.195,AIXBT/USDT:USDT,0.14848,1.0,0.14847,64.0,0.14856,3.0,0.14857,345.0
1753531587349,12:06:27.349,AIXBT/USDT:USDT,0.14848,1.0,0.14847,64.0,0.14856,3.0,0.14857,345.0
1753531587430,12:06:27.430,AIXBT/USDT:USDT,0.14848,1.0,0.14847,64.0,0.14856,13.0,0.14857,345.0
1753531587804,12:06:27.804,AIXBT/USDT:USDT,0.14849,35.0,0.14848,1.0,0.14856,3.0,0.14857,409.0
1753531587914,12:06:27.914,AIXBT/USDT:USDT,0.1485,1.0,0.14847,64.0,0.14856,3.0,0.14857,409.0
1753531588001,12:06:28.001,AIXBT/USDT:USDT,0.14848,1.0,0.14847,64.0,0.14856,3.0,0.14857,409.0
1753531588215,12:06:28.215,AIXBT/USDT:USDT,0.14848,1.0,0.14847,64.0,0.14856,3.0,0.14857,409.0
1753531589686,12:06:29.686,AIXBT/USDT:USDT,0.14852,35.0,0.14848,84.0,0.14856,6.0,0.14857,409.0
1753531590053,12:06:30.053,AIXBT/USDT:USDT,0.14853,35.0,0.14849,83.0,0.14855,1.0,0.14856,3.0
1753531590135,12:06:30.135,AIXBT/USDT:USDT,0.14847,128.0,0.14846,1230.0,0.14855,1.0,0.14856,3.0
1753531591047,12:06:31.047,AIXBT/USDT:USDT,0.14843,1.0,0.14842,67.0,0.14856,3.0,0.14857,409.0
1753531591249,12:06:31.249,AIXBT/USDT:USDT,0.14843,1.0,0.14842,67.0,0.14856,3.0,0.14857,409.0
1753531591479,12:06:31.479,AIXBT/USDT:USDT,0.14843,1.0,0.14842,67.0,0.14856,3.0,0.14857,409.0
1753531591976,12:06:31.976,AIXBT/USDT:USDT,0.14843,28.0,0.14842,67.0,0.14856,3.0,0.14857,409.0
1753531592085,12:06:32.085,AIXBT/USDT:USDT,0.14849,35.0,0.14848,35.0,0.14856,3.0,0.14857,409.0
1753531592186,12:06:32.186,AIXBT/USDT:USDT,0.1485,36.0,0.14846,83.0,0.14856,3.0,0.14857,409.0
1753531592239,12:06:32.239,AIXBT/USDT:USDT,0.1485,36.0,0.14846,83.0,0.14856,3.0,0.14857,409.0
1753531592309,12:06:32.309,AIXBT/USDT:USDT,0.1485,36.0,0.14846,83.0,0.14856,3.0,0.14857,409.0
1753531593175,12:06:33.175,AIXBT/USDT:USDT,0.14844,1.0,0.14843,1178.0,0.14853,3.0,0.14854,107.0
1753531593254,12:06:33.254,AIXBT/USDT:USDT,0.14844,1.0,0.14842,67.0,0.14853,3.0,0.14854,107.0
1753531593388,12:06:33.388,AIXBT/USDT:USDT,0.14843,1.0,0.14839,83.0,0.14853,387.0,0.14854,195.0
1753531593488,12:06:33.488,AIXBT/USDT:USDT,0.1484,1.0,0.14836,83.0,0.14853,411.0,0.14854,195.0
1753531593578,12:06:33.578,AIXBT/USDT:USDT,0.14837,1.0,0.14835,67.0,0.14852,647.0,0.14853,2076.0
1753531593674,12:06:33.674,AIXBT/USDT:USDT,0.14836,1.0,0.14835,67.0,0.14851,3.0,0.14852,647.0
1753531593842,12:06:33.842,AIXBT/USDT:USDT,0.14838,35.0,0.14836,1.0,0.14851,53.0,0.14852,647.0
1753531593960,12:06:33.960,AIXBT/USDT:USDT,0.14839,1.0,0.14835,150.0,0.14851,53.0,0.14852,647.0
1753531596275,12:06:36.275,AIXBT/USDT:USDT,0.14843,35.0,0.14842,1.0,0.14851,53.0,0.14852,647.0
1753531596358,12:06:36.358,AIXBT/USDT:USDT,0.14844,1.0,0.1484,83.0,0.14851,53.0,0.14852,647.0
1753531596478,12:06:36.478,AIXBT/USDT:USDT,0.14843,35.0,0.14842,35.0,0.14851,66.0,0.14852,647.0
1753531596775,12:06:36.775,AIXBT/USDT:USDT,0.14844,36.0,0.1484,83.0,0.14851,66.0,0.14852,647.0
1753531596865,12:06:36.865,AIXBT/USDT:USDT,0.14844,36.0,0.1484,83.0,0.14851,56.0,0.14852,647.0
1753531597283,12:06:37.283,AIXBT/USDT:USDT,0.14844,36.0,0.1484,83.0,0.14851,56.0,0.14852,647.0
1753531597877,12:06:37.877,AIXBT/USDT:USDT,0.14844,1.0,0.1484,83.0,0.14851,56.0,0.14852,647.0
1753531597969,12:06:37.969,AIXBT/USDT:USDT,0.14841,1.0,0.14837,83.0,0.14851,56.0,0.14852,647.0
1753531598073,12:06:38.073,AIXBT/USDT:USDT,0.14838,1.0,0.14835,67.0,0.14851,56.0,0.14852,647.0
1753531598413,12:06:38.413,AIXBT/USDT:USDT,0.14836,1.0,0.14835,67.0,0.14851,56.0,0.14852,647.0
1753531598532,12:06:38.532,AIXBT/USDT:USDT,0.14836,1.0,0.14835,67.0,0.14851,56.0,0.14852,647.0
1753531599582,12:06:39.582,AIXBT/USDT:USDT,0.14836,55.0,0.14835,67.0,0.14851,56.0,0.14852,647.0
1753531599682,12:06:39.682,AIXBT/USDT:USDT,0.14836,55.0,0.14835,67.0,0.14851,56.0,0.14852,647.0
1753531599779,12:06:39.779,AIXBT/USDT:USDT,0.14836,55.0,0.14835,67.0,0.14851,56.0,0.14852,647.0
1753531599856,12:06:39.856,AIXBT/USDT:USDT,0.14837,35.0,0.14836,55.0,0.14851,53.0,0.14852,647.0
1753531599990,12:06:39.990,AIXBT/USDT:USDT,0.14841,64.0,0.1484,64.0,0.14851,53.0,0.14852,623.0
1753531600061,12:06:40.061,AIXBT/USDT:USDT,0.14842,28.0,0.14841,149.0,0.14851,53.0,0.14852,623.0
1753531600175,12:06:40.175,AIXBT/USDT:USDT,0.14842,28.0,0.14841,149.0,0.14851,53.0,0.14853,1689.0
1753531600250,12:06:40.250,AIXBT/USDT:USDT,0.14842,28.0,0.14841,149.0,0.14851,53.0,0.14853,1689.0
1753531600412,12:06:40.412,AIXBT/USDT:USDT,0.14842,28.0,0.14841,149.0,0.14851,55.0,0.14853,1689.0
1753531600934,12:06:40.934,AIXBT/USDT:USDT,0.14842,28.0,0.14841,216.0,0.14851,55.0,0.14853,1689.0
1753531601432,12:06:41.432,AIXBT/USDT:USDT,0.14842,28.0,0.14841,216.0,0.14851,55.0,0.14853,1817.0
1753531601575,12:06:41.575,AIXBT/USDT:USDT,0.14842,28.0,0.14841,216.0,0.14851,55.0,0.14853,1817.0
1753531601888,12:06:41.888,AIXBT/USDT:USDT,0.14842,28.0,0.14841,216.0,0.14851,55.0,0.14853,1817.0
1753531602268,12:06:42.268,AIXBT/USDT:USDT,0.14842,28.0,0.14841,216.0,0.14851,55.0,0.14853,1817.0
1753531602518,12:06:42.518,AIXBT/USDT:USDT,0.14842,28.0,0.14841,216.0,0.14851,55.0,0.14853,1817.0
1753531603881,12:06:43.881,AIXBT/USDT:USDT,0.14837,27.0,0.14835,68.0,0.1485,138.0,0.14851,50.0
1753531603954,12:06:43.954,AIXBT/USDT:USDT,0.14837,27.0,0.14835,68.0,0.1485,138.0,0.14851,50.0
1753531604075,12:06:44.075,AIXBT/USDT:USDT,0.14837,35.0,0.14835,68.0,0.1485,217.0,0.14851,50.0
1753531604234,12:06:44.234,AIXBT/USDT:USDT,0.14837,27.0,0.14835,68.0,0.1485,217.0,0.14851,50.0
1753531604360,12:06:44.360,AIXBT/USDT:USDT,0.14837,27.0,0.14835,68.0,0.1485,217.0,0.14851,50.0
1753531604466,12:06:44.466,AIXBT/USDT:USDT,0.14837,27.0,0.14835,68.0,0.1485,82.0,0.14851,50.0
1753531604505,12:06:44.505,AIXBT/USDT:USDT,0.14837,27.0,0.14835,68.0,0.1485,79.0,0.14851,53.0
1753531605411,12:06:45.411,AIXBT/USDT:USDT,0.14837,27.0,0.14835,68.0,0.1485,79.0,0.14851,53.0
1753531605629,12:06:45.629,AIXBT/USDT:USDT,0.14837,27.0,0.14835,68.0,0.1485,40.0,0.14851,53.0
1753531605849,12:06:45.849,AIXBT/USDT:USDT,0.14837,27.0,0.14835,68.0,0.1485,40.0,0.14851,117.0
1753531606375,12:06:46.375,AIXBT/USDT:USDT,0.14837,27.0,0.14835,68.0,0.1485,40.0,0.14851,117.0
1753531606395,12:06:46.395,AIXBT/USDT:USDT,0.14837,27.0,0.14835,68.0,0.1485,40.0,0.14851,117.0
1753531607281,12:06:47.281,AIXBT/USDT:USDT,0.14835,1.0,0.14833,507.0,0.14848,412.0,0.1485,64.0
1753531608438,12:06:48.438,AIXBT/USDT:USDT,0.1483,9.0,0.14829,245.0,0.14847,42.0,0.14848,524.0
1753531608714,12:06:48.714,AIXBT/USDT:USDT,0.1483,9.0,0.14829,245.0,0.14847,42.0,0.14848,524.0
1753531608867,12:06:48.867,AIXBT/USDT:USDT,0.1483,9.0,0.14829,68.0,0.14847,92.0,0.14848,524.0
1753531608905,12:06:48.905,AIXBT/USDT:USDT,0.1483,8.0,0.14829,69.0,0.14847,92.0,0.14848,524.0
1753531609175,12:06:49.175,AIXBT/USDT:USDT,0.1483,8.0,0.14829,69.0,0.14847,92.0,0.14848,524.0
1753531609400,12:06:49.400,AIXBT/USDT:USDT,0.14835,67.0,0.14834,65.0,0.14847,53.0,0.14848,412.0
1753531609698,12:06:49.698,AIXBT/USDT:USDT,0.14835,67.0,0.14834,65.0,0.14847,53.0,0.14848,412.0
1753531609908,12:06:49.908,AIXBT/USDT:USDT,0.14835,67.0,0.14834,65.0,0.14847,53.0,0.14848,412.0
1753531610115,12:06:50.115,AIXBT/USDT:USDT,0.14835,67.0,0.14834,65.0,0.14847,53.0,0.14848,412.0
1753531610376,12:06:50.376,AIXBT/USDT:USDT,0.14835,67.0,0.14834,65.0,0.14847,53.0,0.14848,412.0
1753531610535,12:06:50.535,AIXBT/USDT:USDT,0.14835,67.0,0.14834,65.0,0.14847,53.0,0.14848,412.0
1753531611175,12:06:51.175,AIXBT/USDT:USDT,0.14835,67.0,0.14834,65.0,0.14847,53.0,0.14848,412.0
1753531611275,12:06:51.275,AIXBT/USDT:USDT,0.14835,67.0,0.14834,65.0,0.14847,53.0,0.14848,476.0
1753531611359,12:06:51.359,AIXBT/USDT:USDT,0.14835,67.0,0.14834,64.0,0.14847,53.0,0.14848,476.0
1753531611475,12:06:51.475,AIXBT/USDT:USDT,0.14832,1.0,0.14831,175.0,0.14847,53.0,0.14848,476.0
1753531611577,12:06:51.577,AIXBT/USDT:USDT,0.14832,1.0,0.14831,175.0,0.14847,53.0,0.14848,476.0
1753531611655,12:06:51.655,AIXBT/USDT:USDT,0.14832,1.0,0.14831,175.0,0.14847,53.0,0.14848,476.0
1753531612034,12:06:52.034,AIXBT/USDT:USDT,0.14832,9.0,0.14831,175.0,0.14847,53.0,0.14848,476.0
1753531612135,12:06:52.135,AIXBT/USDT:USDT,0.14832,1.0,0.14831,175.0,0.14847,53.0,0.14848,476.0
1753531612251,12:06:52.251,AIXBT/USDT:USDT,0.14832,1.0,0.14831,175.0,0.14847,53.0,0.14848,476.0
1753531612490,12:06:52.490,AIXBT/USDT:USDT,0.14832,1.0,0.14831,175.0,0.14847,53.0,0.14848,476.0
1753531612593,12:06:52.593,AIXBT/USDT:USDT,0.14832,28.0,0.14831,175.0,0.14847,53.0,0.14848,412.0
1753531612645,12:06:52.645,AIXBT/USDT:USDT,0.14832,28.0,0.14831,175.0,0.14847,92.0,0.14848,412.0
1753531612729,12:06:52.729,AIXBT/USDT:USDT,0.14832,28.0,0.14831,175.0,0.14847,92.0,0.14848,412.0
1753531613034,12:06:53.034,AIXBT/USDT:USDT,0.14835,95.0,0.14834,85.0,0.14847,53.0,0.14848,412.0
1753531613424,12:06:53.424,AIXBT/USDT:USDT,0.14835,95.0,0.14834,85.0,0.14847,53.0,0.14848,412.0
1753531613635,12:06:53.635,AIXBT/USDT:USDT,0.14835,95.0,0.14834,85.0,0.14847,53.0,0.14848,476.0
1753531613695,12:06:53.695,AIXBT/USDT:USDT,0.14835,95.0,0.14834,85.0,0.14847,53.0,0.14848,476.0
1753531613915,12:06:53.915,AIXBT/USDT:USDT,0.14835,95.0,0.14834,85.0,0.14847,53.0,0.14848,476.0
1753531614176,12:06:54.176,AIXBT/USDT:USDT,0.14835,95.0,0.14834,85.0,0.14847,53.0,0.14848,476.0
1753531614196,12:06:54.196,AIXBT/USDT:USDT,0.14835,95.0,0.14834,85.0,0.14847,53.0,0.14848,476.0
1753531614833,12:06:54.833,AIXBT/USDT:USDT,0.14835,95.0,0.14834,85.0,0.14847,53.0,0.14848,412.0
1753531614982,12:06:54.982,AIXBT/USDT:USDT,0.14835,95.0,0.14834,85.0,0.14847,53.0,0.14848,412.0
1753531615034,12:06:55.034,AIXBT/USDT:USDT,0.14835,95.0,0.14834,85.0,0.14847,53.0,0.14848,412.0
1753531615569,12:06:55.569,AIXBT/USDT:USDT,0.14835,95.0,0.14834,85.0,0.1485,43.0,0.14851,50.0
1753531615599,12:06:55.599,AIXBT/USDT:USDT,0.14835,95.0,0.14834,85.0,0.1485,40.0,0.14851,53.0
1753531615855,12:06:55.855,AIXBT/USDT:USDT,0.14835,95.0,0.14834,85.0,0.1485,40.0,0.14851,53.0
1753531616095,12:06:56.095,AIXBT/USDT:USDT,0.14835,95.0,0.14834,85.0,0.1485,40.0,0.14851,53.0
1753531616274,12:06:56.274,AIXBT/USDT:USDT,0.14835,95.0,0.14834,85.0,0.1485,40.0,0.14851,53.0
1753531616784,12:06:56.784,AIXBT/USDT:USDT,0.14835,95.0,0.14834,85.0,0.1485,40.0,0.14851,53.0
1753531616815,12:06:56.815,AIXBT/USDT:USDT,0.14835,95.0,0.14834,85.0,0.1485,40.0,0.14851,53.0
1753531617538,12:06:57.538,AIXBT/USDT:USDT,0.14835,95.0,0.14834,85.0,0.1485,40.0,0.14851,53.0
1753531617595,12:06:57.595,AIXBT/USDT:USDT,0.14835,95.0,0.14834,85.0,0.1485,40.0,0.14851,53.0
1753531617815,12:06:57.815,AIXBT/USDT:USDT,0.14835,95.0,0.14834,85.0,0.1485,40.0,0.14851,53.0
1753531617895,12:06:57.895,AIXBT/USDT:USDT,0.14835,95.0,0.14834,85.0,0.1485,40.0,0.14851,53.0
1753531618435,12:06:58.435,AIXBT/USDT:USDT,0.14835,95.0,0.14834,85.0,0.1485,40.0,0.14851,53.0
1753531620775,12:07:00.775,AIXBT/USDT:USDT,0.14835,95.0,0.14834,85.0,0.1485,40.0,0.14851,53.0
1753531621596,12:07:01.596,AIXBT/USDT:USDT,0.14835,95.0,0.14832,28.0,0.14848,103.0,0.14849,3.0
1753531621770,12:07:01.770,AIXBT/USDT:USDT,0.14835,95.0,0.14832,28.0,0.14848,67.0,0.14849,3.0
1753531621814,12:07:01.814,AIXBT/USDT:USDT,0.14835,95.0,0.14832,28.0,0.14848,67.0,0.1485,43.0
1753531621961,12:07:01.961,AIXBT/USDT:USDT,0.14835,95.0,0.14832,28.0,0.14848,67.0,0.1485,43.0
1753531622148,12:07:02.148,AIXBT/USDT:USDT,0.14835,95.0,0.14832,28.0,0.14848,103.0,0.1485,43.0
1753531622375,12:07:02.375,AIXBT/USDT:USDT,0.14835,95.0,0.14832,28.0,0.14848,103.0,0.1485,43.0
1753531622790,12:07:02.790,AIXBT/USDT:USDT,0.14832,1.0,0.1483,227.0,0.14847,345.0,0.14848,103.0
1753531623167,12:07:03.167,AIXBT/USDT:USDT,0.14829,69.0,0.14828,507.0,0.14846,3.0,0.14847,345.0
1753531623225,12:07:03.225,AIXBT/USDT:USDT,0.14829,69.0,0.14828,507.0,0.14846,3.0,0.14847,345.0
1753531623648,12:07:03.648,AIXBT/USDT:USDT,0.14829,69.0,0.14828,507.0,0.14846,3.0,0.14847,345.0
1753531625575,12:07:05.575,AIXBT/USDT:USDT,0.14829,69.0,0.14828,507.0,0.14846,3.0,0.14847,345.0
1753531626091,12:07:06.091,AIXBT/USDT:USDT,0.14829,271.0,0.14828,507.0,0.14846,3.0,0.14847,345.0
1753531626115,12:07:06.115,AIXBT/USDT:USDT,0.1483,142.0,0.14829,473.0,0.14846,3.0,0.14847,345.0
1753531626234,12:07:06.234,AIXBT/USDT:USDT,0.14831,29.0,0.14829,68.0,0.14846,39.0,0.14847,345.0
1753531626299,12:07:06.299,AIXBT/USDT:USDT,0.14831,28.0,0.14829,69.0,0.14846,39.0,0.14847,345.0
1753531626492,12:07:06.492,AIXBT/USDT:USDT,0.14831,28.0,0.14829,69.0,0.14846,39.0,0.14847,345.0
1753531626492,12:07:06.492,AIXBT/USDT:USDT,0.14831,28.0,0.14829,69.0,0.14846,39.0,0.14847,345.0
1753531626806,12:07:06.806,AIXBT/USDT:USDT,0.14831,28.0,0.14829,69.0,0.14846,39.0,0.14847,345.0
1753531626913,12:07:06.913,AIXBT/USDT:USDT,0.14831,28.0,0.14829,69.0,0.14846,39.0,0.14847,345.0
1753531627389,12:07:07.389,AIXBT/USDT:USDT,0.14831,28.0,0.14829,69.0,0.14846,39.0,0.14847,345.0
1753531627455,12:07:07.455,AIXBT/USDT:USDT,0.14831,28.0,0.14829,69.0,0.14846,39.0,0.14847,345.0
1753531627581,12:07:07.581,AIXBT/USDT:USDT,0.14831,28.0,0.14829,69.0,0.14846,39.0,0.14847,345.0
1753531627630,12:07:07.630,AIXBT/USDT:USDT,0.14829,69.0,0.14828,507.0,0.14846,39.0,0.14847,345.0
1753531627744,12:07:07.744,AIXBT/USDT:USDT,0.14829,69.0,0.14828,507.0,0.14846,39.0,0.14847,345.0
1753531628563,12:07:08.563,AIXBT/USDT:USDT,0.14829,69.0,0.14828,507.0,0.14846,39.0,0.14847,345.0
1753531628978,12:07:08.978,AIXBT/USDT:USDT,0.14829,69.0,0.14828,507.0,0.14846,39.0,0.14847,345.0
1753531629004,12:07:09.004,AIXBT/USDT:USDT,0.14829,69.0,0.14828,507.0,0.14846,39.0,0.14847,345.0
1753531629095,12:07:09.095,AIXBT/USDT:USDT,0.14829,69.0,0.14828,507.0,0.14846,39.0,0.14847,345.0
1753531629806,12:07:09.806,AIXBT/USDT:USDT,0.14829,69.0,0.14828,507.0,0.14846,39.0,0.14847,345.0
1753531630178,12:07:10.178,AIXBT/USDT:USDT,0.14829,69.0,0.14828,507.0,0.14846,39.0,0.14847,345.0
1753531630275,12:07:10.275,AIXBT/USDT:USDT,0.14829,473.0,0.14828,507.0,0.14846,39.0,0.14847,345.0
1753531630377,12:07:10.377,AIXBT/USDT:USDT,0.1483,142.0,0.14829,473.0,0.14846,39.0,0.14847,345.0
1753531630487,12:07:10.487,AIXBT/USDT:USDT,0.14831,1.0,0.14829,68.0,0.14846,39.0,0.14847,345.0
1753531630514,12:07:10.514,AIXBT/USDT:USDT,0.1483,142.0,0.14829,473.0,0.14846,3.0,0.14847,345.0
1753531630640,12:07:10.640,AIXBT/USDT:USDT,0.14831,1.0,0.14829,68.0,0.14846,3.0,0.14847,345.0
1753531630704,12:07:10.704,AIXBT/USDT:USDT,0.14829,69.0,0.14828,507.0,0.14846,3.0,0.14847,345.0
1753531631183,12:07:11.183,AIXBT/USDT:USDT,0.14829,473.0,0.14828,507.0,0.14846,3.0,0.14847,345.0
1753531631195,12:07:11.195,AIXBT/USDT:USDT,0.1483,142.0,0.14829,473.0,0.14846,3.0,0.14847,345.0
1753531631315,12:07:11.315,AIXBT/USDT:USDT,0.14831,57.0,0.1483,142.0,0.14846,3.0,0.14847,345.0
1753531631486,12:07:11.486,AIXBT/USDT:USDT,0.14831,57.0,0.14829,68.0,0.14846,39.0,0.14847,345.0
1753531631504,12:07:11.504,AIXBT/USDT:USDT,0.14831,56.0,0.14829,69.0,0.14846,39.0,0.14847,345.0
1753531632830,12:07:12.830,AIXBT/USDT:USDT,0.14831,56.0,0.14829,69.0,0.14846,42.0,0.14847,345.0
1753531633017,12:07:13.017,AIXBT/USDT:USDT,0.14831,56.0,0.14829,69.0,0.14846,42.0,0.14847,345.0
1753531634285,12:07:14.285,AIXBT/USDT:USDT,0.14831,56.0,0.14829,69.0,0.14846,3.0,0.14847,345.0
1753531634885,12:07:14.885,AIXBT/USDT:USDT,0.14831,56.0,0.14829,69.0,0.14846,3.0,0.14847,345.0
1753531634914,12:07:14.914,AIXBT/USDT:USDT,0.14831,56.0,0.14829,69.0,0.14846,39.0,0.14847,345.0
1753531635012,12:07:15.012,AIXBT/USDT:USDT,0.14831,56.0,0.14829,69.0,0.14846,39.0,0.14847,345.0
1753531635176,12:07:15.176,AIXBT/USDT:USDT,0.14831,56.0,0.14829,69.0,0.14846,39.0,0.14847,345.0
1753531635814,12:07:15.814,AIXBT/USDT:USDT,0.14831,56.0,0.14829,69.0,0.14846,39.0,0.14847,345.0
1753531635988,12:07:15.988,AIXBT/USDT:USDT,0.14831,56.0,0.14829,69.0,0.14846,42.0,0.14847,345.0
1753531636075,12:07:16.075,AIXBT/USDT:USDT,0.14831,56.0,0.14829,69.0,0.14846,42.0,0.14847,345.0
1753531636095,12:07:16.095,AIXBT/USDT:USDT,0.14831,56.0,0.14829,69.0,0.14846,42.0,0.14847,345.0
1753531637655,12:07:17.655,AIXBT/USDT:USDT,0.14831,56.0,0.14829,69.0,0.14846,42.0,0.14847,345.0
1753531638143,12:07:18.143,AIXBT/USDT:USDT,0.14831,56.0,0.14829,69.0,0.14846,42.0,0.14847,345.0
1753531638554,12:07:18.554,AIXBT/USDT:USDT,0.14831,56.0,0.14829,69.0,0.14846,42.0,0.14847,345.0
1753531638711,12:07:18.711,AIXBT/USDT:USDT,0.14831,56.0,0.14829,69.0,0.14846,42.0,0.14847,345.0
1753531638826,12:07:18.826,AIXBT/USDT:USDT,0.14831,130.0,0.14829,69.0,0.14846,39.0,0.14847,345.0
1753531639361,12:07:19.361,AIXBT/USDT:USDT,0.14831,130.0,0.14829,69.0,0.14846,45.0,0.14847,345.0
1753531639779,12:07:19.779,AIXBT/USDT:USDT,0.14831,28.0,0.14829,69.0,0.14846,39.0,0.14847,345.0
1753531639976,12:07:19.976,AIXBT/USDT:USDT,0.14831,28.0,0.14829,69.0,0.14846,39.0,0.14847,345.0
1753531641161,12:07:21.161,AIXBT/USDT:USDT,0.14831,28.0,0.14829,69.0,0.14846,39.0,0.14847,345.0
1753531641580,12:07:21.580,AIXBT/USDT:USDT,0.14831,28.0,0.14829,69.0,0.14846,39.0,0.14847,345.0
1753531641644,12:07:21.644,AIXBT/USDT:USDT,0.14835,123.0,0.14834,169.0,0.14846,3.0,0.14847,409.0
1753531641738,12:07:21.738,AIXBT/USDT:USDT,0.14835,124.0,0.14834,169.0,0.14846,6.0,0.14847,409.0
1753531641809,12:07:21.809,AIXBT/USDT:USDT,0.14835,124.0,0.14834,169.0,0.14846,3.0,0.14847,409.0
1753531641986,12:07:21.986,AIXBT/USDT:USDT,0.14835,124.0,0.14834,169.0,0.14846,6.0,0.14847,473.0
1753531642273,12:07:22.273,AIXBT/USDT:USDT,0.14835,68.0,0.14829,413.0,0.14846,6.0,0.14847,473.0
1753531642345,12:07:22.345,AIXBT/USDT:USDT,0.1483,1.0,0.14829,413.0,0.14846,6.0,0.14847,473.0
1753531642763,12:07:22.763,AIXBT/USDT:USDT,0.1483,1.0,0.14829,413.0,0.14846,6.0,0.14847,473.0
1753531643124,12:07:23.124,AIXBT/USDT:USDT,0.1483,35.0,0.14829,413.0,0.14846,6.0,0.14847,473.0
1753531643581,12:07:23.581,AIXBT/USDT:USDT,0.1483,35.0,0.14829,413.0,0.14846,6.0,0.14847,473.0
1753531643694,12:07:23.694,AIXBT/USDT:USDT,0.1483,35.0,0.14829,68.0,0.14846,6.0,0.14847,473.0
1753531643799,12:07:23.799,AIXBT/USDT:USDT,0.1483,34.0,0.14829,69.0,0.14846,6.0,0.14847,473.0
1753531644001,12:07:24.001,AIXBT/USDT:USDT,0.1483,34.0,0.14829,69.0,0.14846,6.0,0.14847,473.0
1753531644282,12:07:24.282,AIXBT/USDT:USDT,0.14835,67.0,0.1483,34.0,0.14846,6.0,0.14847,409.0
1753531644335,12:07:24.335,AIXBT/USDT:USDT,0.14835,123.0,0.14834,169.0,0.14846,6.0,0.14847,64.0
1753531644419,12:07:24.419,AIXBT/USDT:USDT,0.14835,124.0,0.14834,169.0,0.14846,3.0,0.14847,64.0
1753531644776,12:07:24.776,AIXBT/USDT:USDT,0.14835,124.0,0.14834,169.0,0.14846,3.0,0.14847,64.0
1753531644835,12:07:24.835,AIXBT/USDT:USDT,0.14835,124.0,0.14834,169.0,0.14847,100.0,0.14848,158.0
1753531644899,12:07:24.899,AIXBT/USDT:USDT,0.14835,124.0,0.14834,169.0,0.14847,103.0,0.14848,158.0
1753531645337,12:07:25.337,AIXBT/USDT:USDT,0.14835,124.0,0.14834,169.0,0.14847,106.0,0.14848,158.0
1753531645653,12:07:25.653,AIXBT/USDT:USDT,0.14835,124.0,0.14834,169.0,0.14847,106.0,0.14848,158.0
1753531646881,12:07:26.881,AIXBT/USDT:USDT,0.14835,124.0,0.14834,169.0,0.14847,67.0,0.14848,67.0
1753531646935,12:07:26.935,AIXBT/USDT:USDT,0.14835,124.0,0.14834,169.0,0.14847,64.0,0.14848,67.0
1753531647277,12:07:27.277,AIXBT/USDT:USDT,0.14835,124.0,0.14834,169.0,0.14847,64.0,0.14848,67.0
1753531647589,12:07:27.589,AIXBT/USDT:USDT,0.14835,124.0,0.14834,169.0,0.14847,64.0,0.14848,131.0
1753531647599,12:07:27.599,AIXBT/USDT:USDT,0.14835,124.0,0.14834,169.0,0.14847,67.0,0.14848,131.0
1753531647804,12:07:27.804,AIXBT/USDT:USDT,0.14835,124.0,0.14834,169.0,0.14847,67.0,0.14848,131.0
1753531648272,12:07:28.272,AIXBT/USDT:USDT,0.14835,124.0,0.14834,169.0,0.14847,67.0,0.14848,67.0
1753531648326,12:07:28.326,AIXBT/USDT:USDT,0.14835,124.0,0.14834,169.0,0.14847,64.0,0.14848,67.0
1753531648402,12:07:28.402,AIXBT/USDT:USDT,0.14835,124.0,0.14834,169.0,0.14847,64.0,0.14848,67.0
1753531648545,12:07:28.545,AIXBT/USDT:USDT,0.14835,124.0,0.14834,169.0,0.14847,67.0,0.14848,67.0
1753531648867,12:07:28.867,AIXBT/USDT:USDT,0.14835,124.0,0.14834,169.0,0.14847,67.0,0.14848,67.0
1753531649329,12:07:29.329,AIXBT/USDT:USDT,0.14835,124.0,0.14834,169.0,0.14847,67.0,0.14848,67.0
1753531649576,12:07:29.576,AIXBT/USDT:USDT,0.14835,124.0,0.14834,169.0,0.14847,3.0,0.14848,67.0
1753531649600,12:07:29.600,AIXBT/USDT:USDT,0.14835,124.0,0.14834,169.0,0.14847,3.0,0.14848,67.0
1753531649932,12:07:29.932,AIXBT/USDT:USDT,0.14835,124.0,0.14834,169.0,0.14847,3.0,0.14848,67.0
1753531650188,12:07:30.188,AIXBT/USDT:USDT,0.14835,124.0,0.14834,169.0,0.14847,70.0,0.14848,67.0
1753531650284,12:07:30.284,AIXBT/USDT:USDT,0.14835,124.0,0.14834,169.0,0.14847,70.0,0.14848,67.0
1753531650299,12:07:30.299,AIXBT/USDT:USDT,0.14835,124.0,0.14834,169.0,0.14847,67.0,0.14848,67.0
1753531650882,12:07:30.882,AIXBT/USDT:USDT,0.14835,124.0,0.14834,169.0,0.14847,67.0,0.14848,67.0
1753531650955,12:07:30.955,AIXBT/USDT:USDT,0.14835,124.0,0.14834,169.0,0.14847,67.0,0.14848,67.0
1753531651092,12:07:31.092,AIXBT/USDT:USDT,0.14835,1.0,0.14829,68.0,0.14846,352.0,0.14847,67.0
1753531651154,12:07:31.154,AIXBT/USDT:USDT,0.14829,69.0,0.14828,507.0,0.14845,3.0,0.14846,345.0
1753531651215,12:07:31.215,AIXBT/USDT:USDT,0.14829,69.0,0.14828,507.0,0.14845,3.0,0.14846,345.0
1753531651374,12:07:31.374,AIXBT/USDT:USDT,0.14829,69.0,0.14828,507.0,0.14845,3.0,0.14846,345.0
1753531651402,12:07:31.402,AIXBT/USDT:USDT,0.14829,69.0,0.14828,507.0,0.14845,3.0,0.14846,345.0
1753531652536,12:07:32.536,AIXBT/USDT:USDT,0.14829,69.0,0.14828,507.0,0.14845,3.0,0.14846,369.0
1753531652877,12:07:32.877,AIXBT/USDT:USDT,0.14829,69.0,0.14828,507.0,0.14843,345.0,0.14845,3.0
1753531652902,12:07:32.902,AIXBT/USDT:USDT,0.14829,69.0,0.14828,507.0,0.14842,3.0,0.14843,412.0
1753531653061,12:07:33.061,AIXBT/USDT:USDT,0.14829,69.0,0.14828,507.0,0.14842,3.0,0.14843,412.0
1753531653247,12:07:33.247,AIXBT/USDT:USDT,0.14829,97.0,0.14828,507.0,0.14842,3.0,0.14843,412.0
1753531653333,12:07:33.333,AIXBT/USDT:USDT,0.14829,97.0,0.14828,507.0,0.14842,3.0,0.14843,412.0
1753531653422,12:07:33.422,AIXBT/USDT:USDT,0.14829,97.0,0.14828,507.0,0.14842,3.0,0.14843,412.0
1753531653574,12:07:33.574,AIXBT/USDT:USDT,0.14829,2.0,0.14824,1.0,0.14841,67.0,0.14842,3.0
1753531653678,12:07:33.678,AIXBT/USDT:USDT,0.14829,1.0,0.14824,1.0,0.14841,67.0,0.14842,3.0
1753531653714,12:07:33.714,AIXBT/USDT:USDT,0.14829,1.0,0.14825,159.0,0.14841,67.0,0.14842,3.0
1753531653854,12:07:33.854,AIXBT/USDT:USDT,0.14829,1.0,0.14826,1.0,0.14841,67.0,0.14842,3.0
1753531654004,12:07:34.004,AIXBT/USDT:USDT,0.14829,1.0,0.14826,1.0,0.14841,67.0,0.14842,3.0
1753531654111,12:07:34.111,AIXBT/USDT:USDT,0.14829,68.0,0.14828,128.0,0.14841,67.0,0.14842,3.0
1753531654199,12:07:34.199,AIXBT/USDT:USDT,0.14829,69.0,0.14828,128.0,0.14841,67.0,0.14842,3.0
1753531654376,12:07:34.376,AIXBT/USDT:USDT,0.14829,69.0,0.14828,128.0,0.14841,67.0,0.14842,3.0
1753531654662,12:07:34.662,AIXBT/USDT:USDT,0.14829,69.0,0.14828,128.0,0.14841,67.0,0.14842,3.0
1753531654881,12:07:34.881,AIXBT/USDT:USDT,0.14829,69.0,0.14824,528.0,0.14841,67.0,0.14842,3.0
1753531654976,12:07:34.976,AIXBT/USDT:USDT,0.14829,1.0,0.14825,1.0,0.14841,91.0,0.14842,3.0
1753531655087,12:07:35.087,AIXBT/USDT:USDT,0.14829,1.0,0.14825,1.0,0.14841,91.0,0.14842,3.0
1753531655189,12:07:35.189,AIXBT/USDT:USDT,0.14829,1.0,0.14824,1.0,0.1484,24.0,0.14841,67.0
1753531655285,12:07:35.285,AIXBT/USDT:USDT,0.14829,1.0,0.14824,1.0,0.14837,412.0,0.14838,187.0
1753531655390,12:07:35.390,AIXBT/USDT:USDT,0.14829,1.0,0.14824,1.0,0.14836,3.0,0.14837,412.0
1753531655396,12:07:35.396,AIXBT/USDT:USDT,0.14829,1.0,0.14824,1.0,0.14836,3.0,0.14837,412.0
1753531655522,12:07:35.522,AIXBT/USDT:USDT,0.14829,1.0,0.14824,1.0,0.14836,3.0,0.14837,412.0
1753531655975,12:07:35.975,AIXBT/USDT:USDT,0.14829,1.0,0.14824,1.0,0.14836,3.0,0.14837,412.0
1753531656059,12:07:36.059,AIXBT/USDT:USDT,0.14829,1.0,0.14824,1.0,0.14835,67.0,0.14836,3.0
1753531656135,12:07:36.135,AIXBT/USDT:USDT,0.14829,1.0,0.14824,1.0,0.14835,67.0,0.14836,3.0
1753531656352,12:07:36.352,AIXBT/USDT:USDT,0.14829,1.0,0.14824,1.0,0.14835,67.0,0.14836,3.0
1753531656690,12:07:36.690,AIXBT/USDT:USDT,0.14829,1.0,0.14824,1.0,0.14834,345.0,0.14835,91.0
1753531656780,12:07:36.780,AIXBT/USDT:USDT,0.14829,1.0,0.14824,1.0,0.14833,70.0,0.14834,556.0
1753531656881,12:07:36.881,AIXBT/USDT:USDT,0.14824,1.0,0.14822,1.0,0.14833,94.0,0.14834,532.0
1753531656909,12:07:36.909,AIXBT/USDT:USDT,0.14825,1.0,0.14824,1.0,0.14833,94.0,0.14834,532.0
1753531657069,12:07:37.069,AIXBT/USDT:USDT,0.14825,1.0,0.14824,1.0,0.14833,94.0,0.14834,532.0
1753531657095,12:07:37.095,AIXBT/USDT:USDT,0.14825,1.0,0.14824,1.0,0.14833,94.0,0.14834,532.0
1753531657234,12:07:37.234,AIXBT/USDT:USDT,0.14825,1.0,0.14824,1.0,0.14833,94.0,0.14834,532.0
1753531657375,12:07:37.375,AIXBT/USDT:USDT,0.14825,1.0,0.14824,1.0,0.14833,94.0,0.14834,532.0
1753531657535,12:07:37.535,AIXBT/USDT:USDT,0.14825,1.0,0.14824,1.0,0.14833,94.0,0.14834,532.0
1753531657622,12:07:37.622,AIXBT/USDT:USDT,0.14825,1.0,0.14824,1.0,0.14833,94.0,0.14834,532.0
1753531657873,12:07:37.873,AIXBT/USDT:USDT,0.14825,1.0,0.14824,1.0,0.14833,94.0,0.14834,532.0
1753531657925,12:07:37.925,AIXBT/USDT:USDT,0.14825,1.0,0.14824,1.0,0.14833,94.0,0.14834,532.0
1753531658309,12:07:38.309,AIXBT/USDT:USDT,0.14825,1.0,0.14824,1.0,0.14833,70.0,0.14834,532.0
1753531659091,12:07:39.091,AIXBT/USDT:USDT,0.14825,1.0,0.14824,1.0,0.14833,70.0,0.14834,532.0
1753531659095,12:07:39.095,AIXBT/USDT:USDT,0.14825,1.0,0.14824,1.0,0.14833,70.0,0.14834,532.0
1753531659867,12:07:39.867,AIXBT/USDT:USDT,0.14825,1.0,0.14824,1.0,0.14833,73.0,0.14834,187.0
1753531659977,12:07:39.977,AIXBT/USDT:USDT,0.14825,1.0,0.14824,1.0,0.14833,70.0,0.14834,187.0
1753531660062,12:07:40.062,AIXBT/USDT:USDT,0.14825,1.0,0.14824,1.0,0.14833,70.0,0.14834,187.0
1753531660290,12:07:40.290,AIXBT/USDT:USDT,0.14825,1.0,0.14824,1.0,0.14833,70.0,0.14834,187.0
1753531660295,12:07:40.295,AIXBT/USDT:USDT,0.14825,1.0,0.14824,1.0,0.14833,70.0,0.14834,187.0
1753531660395,12:07:40.395,AIXBT/USDT:USDT,0.14825,1.0,0.14824,1.0,0.14833,70.0,0.14834,187.0
1753531660614,12:07:40.614,AIXBT/USDT:USDT,0.14825,1.0,0.14824,1.0,0.14833,70.0,0.14834,187.0
1753531660695,12:07:40.695,AIXBT/USDT:USDT,0.14825,1.0,0.14824,1.0,0.14833,70.0,0.14834,187.0
1753531661004,12:07:41.004,AIXBT/USDT:USDT,0.14825,1.0,0.14824,1.0,0.14833,70.0,0.14834,187.0
1753531661701,12:07:41.701,AIXBT/USDT:USDT,0.14825,1.0,0.14824,1.0,0.14833,70.0,0.14834,187.0
1753531661808,12:07:41.808,AIXBT/USDT:USDT,0.14825,1.0,0.14824,1.0,0.14833,75.0,0.14834,187.0
1753531662091,12:07:42.091,AIXBT/USDT:USDT,0.14825,1.0,0.14824,1.0,0.14833,42.0,0.14834,93.0
1753531662207,12:07:42.207,AIXBT/USDT:USDT,0.14825,1.0,0.14824,1.0,0.14833,37.0,0.14834,93.0
1753531662389,12:07:42.389,AIXBT/USDT:USDT,0.14825,1.0,0.14824,1.0,0.14833,40.0,0.14834,438.0
1753531662402,12:07:42.402,AIXBT/USDT:USDT,0.14825,1.0,0.14824,1.0,0.14833,37.0,0.14834,438.0
1753531662496,12:07:42.496,AIXBT/USDT:USDT,0.14825,1.0,0.14824,1.0,0.14833,37.0,0.14834,438.0
1753531662779,12:07:42.779,AIXBT/USDT:USDT,0.14825,1.0,0.14824,1.0,0.14833,37.0,0.14834,438.0
1753531662806,12:07:42.806,AIXBT/USDT:USDT,0.14825,1.0,0.14824,1.0,0.14833,37.0,0.14834,438.0
1753531663214,12:07:43.214,AIXBT/USDT:USDT,0.14825,1.0,0.14824,1.0,0.14833,37.0,0.14834,438.0
1753531663370,12:07:43.370,AIXBT/USDT:USDT,0.14825,1.0,0.14824,1.0,0.14833,37.0,0.14834,438.0
1753531663396,12:07:43.396,AIXBT/USDT:USDT,0.14825,1.0,0.14824,1.0,0.14833,37.0,0.14834,438.0
1753531663797,12:07:43.797,AIXBT/USDT:USDT,0.14825,1.0,0.14824,1.0,0.14829,5.0,0.14833,37.0
1753531663915,12:07:43.915,AIXBT/USDT:USDT,0.14825,1.0,0.14824,1.0,0.14828,1.0,0.14829,5.0
1753531664001,12:07:44.001,AIXBT/USDT:USDT,0.14825,1.0,0.14824,1.0,0.14828,3.0,0.14829,5.0
1753531664191,12:07:44.191,AIXBT/USDT:USDT,0.14825,1.0,0.14824,1.0,0.14828,3.0,0.14829,5.0
1753531664616,12:07:44.616,AIXBT/USDT:USDT,0.14825,1.0,0.14824,1.0,0.14828,3.0,0.14829,5.0
1753531664790,12:07:44.790,AIXBT/USDT:USDT,0.14825,1.0,0.14824,1.0,0.14828,3.0,0.14829,5.0
1753531664854,12:07:44.854,AIXBT/USDT:USDT,0.14825,1.0,0.14824,1.0,0.14828,3.0,0.14835,67.0
1753531664923,12:07:44.923,AIXBT/USDT:USDT,0.14825,1.0,0.14824,1.0,0.14834,3.0,0.14835,67.0
1753531665046,12:07:45.046,AIXBT/USDT:USDT,0.14825,1.0,0.14824,1.0,0.14834,3.0,0.14835,67.0
1753531665094,12:07:45.094,AIXBT/USDT:USDT,0.14825,1.0,0.14824,1.0,0.14834,3.0,0.14835,67.0
1753531665258,12:07:45.258,AIXBT/USDT:USDT,0.14825,1.0,0.14824,1.0,0.14834,3.0,0.14835,67.0
1753531665473,12:07:45.473,AIXBT/USDT:USDT,0.14825,1.0,0.14824,1.0,0.14834,3.0,0.14835,67.0
1753531665918,12:07:45.918,AIXBT/USDT:USDT,0.14825,1.0,0.14824,1.0,0.14834,3.0,0.14835,67.0
1753531666005,12:07:46.005,AIXBT/USDT:USDT,0.14825,1.0,0.14824,1.0,0.14834,3.0,0.14835,67.0
1753531666281,12:07:46.281,AIXBT/USDT:USDT,0.14825,1.0,0.14824,1.0,0.14834,3.0,0.14835,67.0
1753531666297,12:07:46.297,AIXBT/USDT:USDT,0.14825,1.0,0.14824,1.0,0.14834,3.0,0.14835,67.0
1753531666478,12:07:46.478,AIXBT/USDT:USDT,0.14825,1.0,0.14824,129.0,0.14834,3.0,0.14835,67.0
1753531666532,12:07:46.532,AIXBT/USDT:USDT,0.14825,1.0,0.14824,129.0,0.14834,3.0,0.14835,67.0
1753531666974,12:07:46.974,AIXBT/USDT:USDT,0.14825,1.0,0.14824,196.0,0.14834,3.0,0.14836,64.0
1753531667054,12:07:47.054,AIXBT/USDT:USDT,0.14825,1.0,0.14824,196.0,0.14834,3.0,0.14836,64.0
1753531667109,12:07:47.109,AIXBT/USDT:USDT,0.14825,1.0,0.14824,196.0,0.14834,3.0,0.14836,64.0
1753531667422,12:07:47.422,AIXBT/USDT:USDT,0.14825,1.0,0.14824,196.0,0.14835,3.0,0.14836,64.0
1753531667533,12:07:47.533,AIXBT/USDT:USDT,0.14825,1.0,0.14824,196.0,0.14835,3.0,0.14836,64.0
1753531667656,12:07:47.656,AIXBT/USDT:USDT,0.14825,1.0,0.14824,196.0,0.14835,3.0,0.14836,64.0
1753531667754,12:07:47.754,AIXBT/USDT:USDT,0.14825,1.0,0.14824,129.0,0.14835,70.0,0.14836,64.0
1753531668290,12:07:48.290,AIXBT/USDT:USDT,0.14825,1.0,0.14824,196.0,0.14835,70.0,0.14836,64.0
1753531668354,12:07:48.354,AIXBT/USDT:USDT,0.14825,1.0,0.14824,196.0,0.14835,3.0,0.14836,64.0
1753531668685,12:07:48.685,AIXBT/USDT:USDT,0.14825,1.0,0.14824,196.0,0.14835,3.0,0.14836,64.0
1753531668695,12:07:48.695,AIXBT/USDT:USDT,0.14825,1.0,0.14824,196.0,0.14835,3.0,0.14836,64.0
1753531669002,12:07:49.002,AIXBT/USDT:USDT,0.14825,1.0,0.14824,196.0,0.14835,3.0,0.14836,64.0
1753531669095,12:07:49.095,AIXBT/USDT:USDT,0.14825,1.0,0.14824,196.0,0.14835,3.0,0.14836,64.0
1753531669245,12:07:49.245,AIXBT/USDT:USDT,0.14825,1.0,0.14824,196.0,0.14835,3.0,0.14836,64.0
1753531669577,12:07:49.577,AIXBT/USDT:USDT,0.14825,1.0,0.14824,196.0,0.14835,3.0,0.14836,64.0
1753531669735,12:07:49.735,AIXBT/USDT:USDT,0.14825,1.0,0.14824,196.0,0.14835,3.0,0.14836,64.0
1753531669795,12:07:49.795,AIXBT/USDT:USDT,0.14825,1.0,0.14824,196.0,0.14835,3.0,0.14836,64.0
1753531670389,12:07:50.389,AIXBT/USDT:USDT,0.14825,1.0,0.14824,196.0,0.14835,3.0,0.14836,64.0
1753531670396,12:07:50.396,AIXBT/USDT:USDT,0.14825,1.0,0.14824,196.0,0.14835,3.0,0.14836,64.0
1753531672004,12:07:52.004,AIXBT/USDT:USDT,0.14825,1.0,0.14824,196.0,0.14835,3.0,0.14836,64.0
1753531673775,12:07:53.775,AIXBT/USDT:USDT,0.14825,1.0,0.14824,196.0,0.14835,3.0,0.14836,64.0
1753531673796,12:07:53.796,AIXBT/USDT:USDT,0.14825,1.0,0.14824,196.0,0.14835,3.0,0.14836,64.0
1753531673918,12:07:53.918,AIXBT/USDT:USDT,0.14825,1.0,0.14824,196.0,0.14835,3.0,0.14836,64.0
1753531674267,12:07:54.267,AIXBT/USDT:USDT,0.14825,1.0,0.14824,196.0,0.14835,3.0,0.14836,64.0
1753531674377,12:07:54.377,AIXBT/USDT:USDT,0.14825,1.0,0.14824,196.0,0.14835,3.0,0.14836,64.0
1753531677743,12:07:57.743,AIXBT/USDT:USDT,0.14825,1.0,0.14824,196.0,0.14835,3.0,0.14836,64.0
1753531678115,12:07:58.115,AIXBT/USDT:USDT,0.14825,1.0,0.14824,196.0,0.14835,3.0,0.14836,64.0
1753531678194,12:07:58.194,AIXBT/USDT:USDT,0.14825,1.0,0.14824,196.0,0.14835,3.0,0.14836,64.0
1753531679177,12:07:59.177,AIXBT/USDT:USDT,0.14825,1.0,0.14824,196.0,0.14835,3.0,0.14836,64.0
1753531679579,12:07:59.579,AIXBT/USDT:USDT,0.14825,1.0,0.14824,196.0,0.14835,3.0,0.14836,64.0
1753531679595,12:07:59.595,AIXBT/USDT:USDT,0.14825,1.0,0.14824,196.0,0.14835,3.0,0.14836,64.0
1753531679891,12:07:59.891,AIXBT/USDT:USDT,0.14825,1.0,0.14824,196.0,0.14835,3.0,0.14836,64.0
1753531680335,12:08:00.335,AIXBT/USDT:USDT,0.14825,1.0,0.14824,196.0,0.14835,3.0,0.14836,64.0
1753531680455,12:08:00.455,AIXBT/USDT:USDT,0.14825,405.0,0.14824,196.0,0.14835,3.0,0.14836,64.0
1753531680826,12:08:00.826,AIXBT/USDT:USDT,0.14825,405.0,0.14824,196.0,0.14835,3.0,0.14836,64.0
1753531681051,12:08:01.051,AIXBT/USDT:USDT,0.14825,1.0,0.14824,196.0,0.14835,3.0,0.14836,64.0
1753531681214,12:08:01.214,AIXBT/USDT:USDT,0.14825,1.0,0.14824,196.0,0.14835,3.0,0.14836,128.0
1753531681717,12:08:01.717,AIXBT/USDT:USDT,0.14825,405.0,0.14824,196.0,0.14835,3.0,0.14836,128.0
1753531681974,12:08:01.974,AIXBT/USDT:USDT,0.14825,405.0,0.14824,196.0,0.1484,50.0,0.14841,67.0
1753531682045,12:08:02.045,AIXBT/USDT:USDT,0.14826,2.0,0.14824,196.0,0.1484,50.0,0.14841,67.0
1753531682103,12:08:02.103,AIXBT/USDT:USDT,0.14825,3.0,0.14824,196.0,0.1484,79.0,0.14841,67.0
1753531682268,12:08:02.268,AIXBT/USDT:USDT,0.14825,407.0,0.14824,196.0,0.1484,79.0,0.14841,67.0
1753531682363,12:08:02.363,AIXBT/USDT:USDT,0.14825,3.0,0.14824,196.0,0.1484,79.0,0.14841,67.0
1753531682466,12:08:02.466,AIXBT/USDT:USDT,0.14825,3.0,0.14824,196.0,0.1484,79.0,0.14841,67.0
1753531682828,12:08:02.828,AIXBT/USDT:USDT,0.14825,407.0,0.14824,196.0,0.1484,79.0,0.14841,67.0
1753531683287,12:08:03.287,AIXBT/USDT:USDT,0.14825,407.0,0.14824,196.0,0.1484,79.0,0.14841,67.0
1753531683435,12:08:03.435,AIXBT/USDT:USDT,0.14831,67.0,0.14826,50.0,0.1484,80.0,0.14841,97.0
1753531683517,12:08:03.517,AIXBT/USDT:USDT,0.14832,3.0,0.14831,67.0,0.1484,80.0,0.14841,97.0
1753531683715,12:08:03.715,AIXBT/USDT:USDT,0.14832,3.0,0.14831,67.0,0.1484,80.0,0.14841,97.0
1753531683977,12:08:03.977,AIXBT/USDT:USDT,0.14832,3.0,0.14831,67.0,0.1484,80.0,0.14841,97.0
1753531684127,12:08:04.127,AIXBT/USDT:USDT,0.14832,3.0,0.14831,67.0,0.1484,80.0,0.14841,97.0
1753531684283,12:08:04.283,AIXBT/USDT:USDT,0.14832,3.0,0.14831,67.0,0.1484,80.0,0.14841,97.0
1753531684547,12:08:04.547,AIXBT/USDT:USDT,0.14832,3.0,0.14831,67.0,0.1484,80.0,0.14841,97.0
1753531684816,12:08:04.816,AIXBT/USDT:USDT,0.14832,3.0,0.14831,67.0,0.1484,80.0,0.14841,97.0
1753531684895,12:08:04.895,AIXBT/USDT:USDT,0.14832,3.0,0.14831,67.0,0.1484,80.0,0.14841,97.0
1753531685028,12:08:05.028,AIXBT/USDT:USDT,0.14834,1.0,0.14832,3.0,0.1484,80.0,0.14841,97.0
1753531685117,12:08:05.117,AIXBT/USDT:USDT,0.14832,3.0,0.14831,67.0,0.1484,80.0,0.14841,97.0
1753531687774,12:08:07.774,AIXBT/USDT:USDT,0.14832,3.0,0.14831,67.0,0.1484,80.0,0.14841,97.0
1753531688375,12:08:08.375,AIXBT/USDT:USDT,0.14832,3.0,0.14831,67.0,0.1484,80.0,0.14841,97.0
1753531688588,12:08:08.588,AIXBT/USDT:USDT,0.14832,3.0,0.14831,67.0,0.1484,80.0,0.14841,97.0
1753531688687,12:08:08.687,AIXBT/USDT:USDT,0.14832,3.0,0.14831,67.0,0.1484,30.0,0.14841,97.0
1753531688777,12:08:08.777,AIXBT/USDT:USDT,0.14832,3.0,0.14831,131.0,0.1484,30.0,0.14841,97.0
1753531688987,12:08:08.987,AIXBT/USDT:USDT,0.14832,3.0,0.14831,131.0,0.1484,30.0,0.14841,97.0
1753531688995,12:08:08.995,AIXBT/USDT:USDT,0.14832,3.0,0.14831,131.0,0.14843,64.0,0.14848,67.0
1753531689100,12:08:09.100,AIXBT/USDT:USDT,0.14832,3.0,0.14831,131.0,0.14843,64.0,0.14844,64.0
1753531689432,12:08:09.432,AIXBT/USDT:USDT,0.14832,3.0,0.14831,131.0,0.14843,64.0,0.14844,64.0
1753531690007,12:08:10.007,AIXBT/USDT:USDT,0.14832,3.0,0.14831,131.0,0.14843,64.0,0.14844,64.0
1753531690095,12:08:10.095,AIXBT/USDT:USDT,0.14832,3.0,0.14831,131.0,0.14843,64.0,0.14844,64.0
1753531690226,12:08:10.226,AIXBT/USDT:USDT,0.14832,3.0,0.14831,131.0,0.14843,64.0,0.14844,64.0
1753531690754,12:08:10.754,AIXBT/USDT:USDT,0.14832,3.0,0.14831,131.0,0.14843,64.0,0.14844,64.0
1753531690878,12:08:10.878,AIXBT/USDT:USDT,0.14832,3.0,0.14831,131.0,0.14844,64.0,0.14848,67.0
1753531690914,12:08:10.914,AIXBT/USDT:USDT,0.14832,3.0,0.14831,131.0,0.14844,64.0,0.14848,67.0
1753531691044,12:08:11.044,AIXBT/USDT:USDT,0.14832,3.0,0.14831,131.0,0.14844,64.0,0.14845,64.0
1753531691480,12:08:11.480,AIXBT/USDT:USDT,0.14832,3.0,0.14831,67.0,0.14844,64.0,0.14845,64.0
1753531691514,12:08:11.514,AIXBT/USDT:USDT,0.14832,3.0,0.14831,67.0,0.14844,64.0,0.14845,64.0
1753531691714,12:08:11.714,AIXBT/USDT:USDT,0.14832,3.0,0.14831,67.0,0.14844,64.0,0.14845,64.0
1753531692115,12:08:12.115,AIXBT/USDT:USDT,0.14832,3.0,0.14825,50.0,0.14842,412.0,0.14843,345.0
1753531692284,12:08:12.284,AIXBT/USDT:USDT,0.14826,3.0,0.14825,50.0,0.14842,436.0,0.14843,345.0
1753531692315,12:08:12.315,AIXBT/USDT:USDT,0.14826,3.0,0.14825,50.0,0.14842,436.0,0.14843,345.0
1753531692703,12:08:12.703,AIXBT/USDT:USDT,0.14826,3.0,0.14825,50.0,0.14842,436.0,0.14843,345.0
1753531693002,12:08:13.002,AIXBT/USDT:USDT,0.14826,3.0,0.14825,50.0,0.14842,436.0,0.14843,345.0
1753531693578,12:08:13.578,AIXBT/USDT:USDT,0.14826,3.0,0.14825,50.0,0.14842,436.0,0.14843,345.0
1753531693595,12:08:13.595,AIXBT/USDT:USDT,0.14826,3.0,0.14825,50.0,0.14842,436.0,0.14843,345.0
1753531693835,12:08:13.835,AIXBT/USDT:USDT,0.14826,3.0,0.14825,50.0,0.14842,436.0,0.14843,345.0
1753531693975,12:08:13.975,AIXBT/USDT:USDT,0.14826,3.0,0.14825,50.0,0.14841,53.0,0.14842,412.0
1753531694042,12:08:14.042,AIXBT/USDT:USDT,0.14826,3.0,0.14825,50.0,0.14841,53.0,0.14842,412.0
1753531694340,12:08:14.340,AIXBT/USDT:USDT,0.14826,3.0,0.14825,50.0,0.14841,53.0,0.14842,412.0
1753531694454,12:08:14.454,AIXBT/USDT:USDT,0.14826,3.0,0.14825,50.0,0.14841,24.0,0.14842,412.0
1753531694495,12:08:14.495,AIXBT/USDT:USDT,0.14826,3.0,0.14825,50.0,0.14841,24.0,0.14842,412.0
1753531694758,12:08:14.758,AIXBT/USDT:USDT,0.14826,3.0,0.14825,50.0,0.14841,24.0,0.14842,412.0
1753531694933,12:08:14.933,AIXBT/USDT:USDT,0.14826,3.0,0.14825,50.0,0.14841,53.0,0.14842,412.0
1753531696173,12:08:16.173,AIXBT/USDT:USDT,0.14826,3.0,0.14825,50.0,0.14841,53.0,0.14842,412.0
1753531696208,12:08:16.208,AIXBT/USDT:USDT,0.14826,3.0,0.14825,50.0,0.14841,53.0,0.14842,412.0
1753531696381,12:08:16.381,AIXBT/USDT:USDT,0.14826,3.0,0.14825,50.0,0.14841,53.0,0.14842,412.0
1753531696475,12:08:16.475,AIXBT/USDT:USDT,0.14826,3.0,0.14825,50.0,0.14841,53.0,0.14842,412.0
1753531696495,12:08:16.495,AIXBT/USDT:USDT,0.14826,3.0,0.14825,50.0,0.14841,53.0,0.14842,412.0
1753531696808,12:08:16.808,AIXBT/USDT:USDT,0.14826,3.0,0.14825,50.0,0.14841,53.0,0.14842,412.0
1753531696981,12:08:16.981,AIXBT/USDT:USDT,0.14826,3.0,0.14825,50.0,0.14841,53.0,0.14842,412.0
1753531696995,12:08:16.995,AIXBT/USDT:USDT,0.14826,3.0,0.14825,50.0,0.14841,53.0,0.14842,412.0
1753531697226,12:08:17.226,AIXBT/USDT:USDT,0.14826,3.0,0.14825,50.0,0.14841,63.0,0.14842,412.0
1753531697342,12:08:17.342,AIXBT/USDT:USDT,0.14826,3.0,0.14825,50.0,0.14841,63.0,0.14842,412.0
1753531697481,12:08:17.481,AIXBT/USDT:USDT,0.14826,3.0,0.14825,50.0,0.14841,63.0,0.14842,412.0
1753531697675,12:08:17.675,AIXBT/USDT:USDT,0.14826,3.0,0.14825,50.0,0.14835,126.0,0.14836,195.0
1753531697714,12:08:17.714,AIXBT/USDT:USDT,0.14826,3.0,0.14825,50.0,0.14835,126.0,0.14836,195.0
1753531697991,12:08:17.991,AIXBT/USDT:USDT,0.14826,3.0,0.14825,50.0,0.14835,138.0,0.14836,195.0
1753531698050,12:08:18.050,AIXBT/USDT:USDT,0.14826,3.0,0.14825,50.0,0.14835,138.0,0.14836,195.0
1753531698378,12:08:18.378,AIXBT/USDT:USDT,0.14826,3.0,0.14825,50.0,0.14835,138.0,0.14836,195.0
1753531698479,12:08:18.479,AIXBT/USDT:USDT,0.14826,3.0,0.14825,50.0,0.14835,138.0,0.14836,195.0
1753531698625,12:08:18.625,AIXBT/USDT:USDT,0.14826,3.0,0.14825,50.0,0.14835,138.0,0.14836,195.0
1753531698728,12:08:18.728,AIXBT/USDT:USDT,0.14826,3.0,0.14824,1.0,0.14835,138.0,0.14836,195.0
1753531698814,12:08:18.814,AIXBT/USDT:USDT,0.14824,1.0,0.14822,1.0,0.14835,138.0,0.14836,195.0
1753531699279,12:08:19.279,AIXBT/USDT:USDT,0.14824,1.0,0.14822,1.0,0.14835,138.0,0.14836,195.0
1753531699515,12:08:19.515,AIXBT/USDT:USDT,0.14824,1.0,0.14822,1.0,0.14835,138.0,0.14836,195.0
1753531699597,12:08:19.597,AIXBT/USDT:USDT,0.14824,1.0,0.14822,1.0,0.14835,138.0,0.14836,195.0
1753531699714,12:08:19.714,AIXBT/USDT:USDT,0.14824,1.0,0.14822,1.0,0.14835,138.0,0.14836,195.0
1753531700064,12:08:20.064,AIXBT/USDT:USDT,0.14824,1.0,0.14822,1.0,0.14835,138.0,0.14836,195.0
1753531700160,12:08:20.160,AIXBT/USDT:USDT,0.14824,1.0,0.14822,1.0,0.14835,126.0,0.14836,195.0
1753531700984,12:08:20.984,AIXBT/USDT:USDT,0.14824,1.0,0.14822,1.0,0.14833,345.0,0.14834,357.0
1753531701082,12:08:21.082,AIXBT/USDT:USDT,0.14824,1.0,0.14822,1.0,0.14833,345.0,0.14834,345.0
1753531701128,12:08:21.128,AIXBT/USDT:USDT,0.14824,1.0,0.14822,1.0,0.14833,345.0,0.14834,345.0
1753531701337,12:08:21.337,AIXBT/USDT:USDT,0.14824,1.0,0.14822,1.0,0.14833,345.0,0.14834,345.0
1753531701434,12:08:21.434,AIXBT/USDT:USDT,0.14824,1.0,0.14822,1.0,0.14833,345.0,0.14834,345.0
1753531701558,12:08:21.558,AIXBT/USDT:USDT,0.14824,1.0,0.14822,1.0,0.14833,345.0,0.14834,345.0
1753531701613,12:08:21.613,AIXBT/USDT:USDT,0.14824,1.0,0.14822,1.0,0.14833,345.0,0.14834,345.0
1753531701773,12:08:21.773,AIXBT/USDT:USDT,0.14824,1.0,0.14822,1.0,0.14835,126.0,0.14836,195.0
1753531701858,12:08:21.858,AIXBT/USDT:USDT,0.14824,1.0,0.14822,1.0,0.14835,126.0,0.14836,195.0
1753531701924,12:08:21.924,AIXBT/USDT:USDT,0.14824,1.0,0.14822,1.0,0.14834,345.0,0.14835,126.0
1753531702060,12:08:22.060,AIXBT/USDT:USDT,0.14824,1.0,0.14822,1.0,0.14833,345.0,0.14834,345.0
1753531702111,12:08:22.111,AIXBT/USDT:USDT,0.14824,1.0,0.14822,1.0,0.14833,345.0,0.14834,345.0
1753531702201,12:08:22.201,AIXBT/USDT:USDT,0.14824,1.0,0.14822,1.0,0.14833,345.0,0.14834,345.0
1753531702409,12:08:22.409,AIXBT/USDT:USDT,0.14824,1.0,0.14822,1.0,0.14833,345.0,0.14834,345.0
1753531702494,12:08:22.494,AIXBT/USDT:USDT,0.14824,1.0,0.14822,1.0,0.14833,345.0,0.14834,345.0
1753531702621,12:08:22.621,AIXBT/USDT:USDT,0.14824,1.0,0.14822,1.0,0.14833,345.0,0.14834,345.0
1753531702978,12:08:22.978,AIXBT/USDT:USDT,0.14824,1.0,0.14822,1.0,0.14833,359.0,0.14834,345.0
1753531702995,12:08:22.995,AIXBT/USDT:USDT,0.14824,1.0,0.14822,1.0,0.14833,359.0,0.14834,345.0
1753531703178,12:08:23.178,AIXBT/USDT:USDT,0.14824,1.0,0.14822,1.0,0.14833,359.0,0.14834,345.0
1753531703408,12:08:23.408,AIXBT/USDT:USDT,0.14824,1.0,0.14822,1.0,0.14833,359.0,0.14834,345.0
1753531703774,12:08:23.774,AIXBT/USDT:USDT,0.14824,1.0,0.14822,1.0,0.14833,359.0,0.14834,345.0
1753531705556,12:08:25.556,AIXBT/USDT:USDT,0.14824,1.0,0.14822,1.0,0.14833,14.0,0.14834,345.0
1753531705709,12:08:25.709,AIXBT/USDT:USDT,0.14824,1.0,0.14822,1.0,0.14833,14.0,0.14834,345.0
1753531705849,12:08:25.849,AIXBT/USDT:USDT,0.14824,1.0,0.14822,1.0,0.14834,345.0,0.14835,126.0
1753531705979,12:08:25.979,AIXBT/USDT:USDT,0.14824,1.0,0.14822,1.0,0.14834,345.0,0.14835,126.0
1753531706106,12:08:26.106,AIXBT/USDT:USDT,0.14824,1.0,0.14822,1.0,0.14834,359.0,0.14835,126.0
1753531706666,12:08:26.666,AIXBT/USDT:USDT,0.14824,1.0,0.14822,1.0,0.14834,359.0,0.14835,126.0
1753531706735,12:08:26.735,AIXBT/USDT:USDT,0.14824,1.0,0.14822,1.0,0.14834,359.0,0.14835,126.0
1753531706795,12:08:26.795,AIXBT/USDT:USDT,0.14824,1.0,0.14822,1.0,0.14834,359.0,0.14835,126.0
1753531706984,12:08:26.984,AIXBT/USDT:USDT,0.14824,1.0,0.14822,1.0,0.14834,345.0,0.14835,126.0
1753531707083,12:08:27.083,AIXBT/USDT:USDT,0.14824,1.0,0.14822,1.0,0.14834,345.0,0.14835,126.0
1753531707354,12:08:27.354,AIXBT/USDT:USDT,0.14824,1.0,0.14822,1.0,0.14833,345.0,0.14834,345.0
1753531707443,12:08:27.443,AIXBT/USDT:USDT,0.14824,1.0,0.14822,1.0,0.14833,345.0,0.14834,345.0
1753531707502,12:08:27.502,AIXBT/USDT:USDT,0.14824,1.0,0.14822,1.0,0.14833,345.0,0.14834,345.0
1753531707978,12:08:27.978,AIXBT/USDT:USDT,0.14824,1.0,0.14822,1.0,0.14833,345.0,0.14834,345.0
1753531708340,12:08:28.340,AIXBT/USDT:USDT,0.14824,1.0,0.14822,1.0,0.14833,345.0,0.14834,345.0
1753531709183,12:08:29.183,AIXBT/USDT:USDT,0.14824,1.0,0.14822,1.0,0.14833,345.0,0.14834,345.0
1753531709250,12:08:29.250,AIXBT/USDT:USDT,0.14824,1.0,0.14822,1.0,0.14834,359.0,0.14835,126.0
1753531709559,12:08:29.559,AIXBT/USDT:USDT,0.14824,1.0,0.14822,1.0,0.14834,359.0,0.14835,126.0
1753531710279,12:08:30.279,AIXBT/USDT:USDT,0.14824,1.0,0.14822,1.0,0.14835,126.0,0.14836,195.0
1753531710379,12:08:30.379,AIXBT/USDT:USDT,0.14824,1.0,0.14822,1.0,0.14835,126.0,0.14836,195.0
1753531710492,12:08:30.492,AIXBT/USDT:USDT,0.14824,1.0,0.14822,1.0,0.14835,126.0,0.14836,195.0
1753531710806,12:08:30.806,AIXBT/USDT:USDT,0.14824,1.0,0.14822,1.0,0.14835,126.0,0.14836,195.0
1753531710954,12:08:30.954,AIXBT/USDT:USDT,0.14824,1.0,0.14822,1.0,0.14835,126.0,0.14836,195.0
1753531711674,12:08:31.674,AIXBT/USDT:USDT,0.14824,1.0,0.14822,1.0,0.14835,126.0,0.14836,195.0
1753531712006,12:08:32.006,AIXBT/USDT:USDT,0.14824,1.0,0.14822,1.0,0.14835,126.0,0.14836,195.0
1753531712434,12:08:32.434,AIXBT/USDT:USDT,0.14824,1.0,0.14822,1.0,0.14835,126.0,0.14836,195.0
1753531712778,12:08:32.778,AIXBT/USDT:USDT,0.14824,1.0,0.14822,1.0,0.14835,126.0,0.14836,195.0
1753531715290,12:08:35.290,AIXBT/USDT:USDT,0.14824,1.0,0.14822,1.0,0.14833,345.0,0.14834,345.0
1753531715367,12:08:35.367,AIXBT/USDT:USDT,0.14824,1.0,0.14822,1.0,0.14833,345.0,0.14834,345.0
1753531715452,12:08:35.452,AIXBT/USDT:USDT,0.14824,1.0,0.14822,1.0,0.14833,345.0,0.14834,345.0
1753531715530,12:08:35.530,AIXBT/USDT:USDT,0.14824,1.0,0.14822,1.0,0.14833,369.0,0.14834,345.0
1753531715667,12:08:35.667,AIXBT/USDT:USDT,0.14824,1.0,0.14822,1.0,0.14833,369.0,0.14834,345.0
1753531716080,12:08:36.080,AIXBT/USDT:USDT,0.14824,1.0,0.14822,1.0,0.14833,369.0,0.14834,345.0
1753531716095,12:08:36.095,AIXBT/USDT:USDT,0.14824,1.0,0.14822,1.0,0.14833,369.0,0.14834,345.0
1753531716555,12:08:36.555,AIXBT/USDT:USDT,0.14824,1.0,0.14822,1.0,0.14829,142.0,0.1483,179.0
1753531716657,12:08:36.657,AIXBT/USDT:USDT,0.14824,1.0,0.14823,7.0,0.14829,142.0,0.1483,179.0
1753531716695,12:08:36.695,AIXBT/USDT:USDT,0.14824,1.0,0.14823,7.0,0.14829,142.0,0.1483,179.0
1753531716889,12:08:36.889,AIXBT/USDT:USDT,0.14824,1.0,0.14823,7.0,0.14829,142.0,0.1483,179.0
1753531717004,12:08:37.004,AIXBT/USDT:USDT,0.14824,1.0,0.14823,7.0,0.14829,142.0,0.1483,179.0
1753531717251,12:08:37.251,AIXBT/USDT:USDT,0.14824,1.0,0.14823,7.0,0.14829,142.0,0.1483,179.0
1753531717579,12:08:37.579,AIXBT/USDT:USDT,0.14824,1.0,0.14823,7.0,0.14829,142.0,0.1483,179.0
1753531717714,12:08:37.714,AIXBT/USDT:USDT,0.14824,1.0,0.14823,7.0,0.14829,142.0,0.1483,179.0
1753531718243,12:08:38.243,AIXBT/USDT:USDT,0.14824,1.0,0.14823,7.0,0.14829,142.0,0.1483,179.0
1753531718295,12:08:38.295,AIXBT/USDT:USDT,0.14824,1.0,0.14823,7.0,0.14829,142.0,0.1483,179.0
1753531719054,12:08:39.054,AIXBT/USDT:USDT,0.14822,1.0,0.14816,3.0,0.14829,142.0,0.1483,179.0
1753531719263,12:08:39.263,AIXBT/USDT:USDT,0.14822,1.0,0.14816,3.0,0.14829,142.0,0.1483,179.0
1753531719346,12:08:39.346,AIXBT/USDT:USDT,0.14822,1.0,0.14814,1.0,0.14829,142.0,0.1483,179.0
1753531719636,12:08:39.636,AIXBT/USDT:USDT,0.14822,1.0,0.14814,1.0,0.14829,142.0,0.1483,179.0
1753531719765,12:08:39.765,AIXBT/USDT:USDT,0.14822,1.0,0.14814,1.0,0.14829,142.0,0.1483,179.0
1753531720261,12:08:40.261,AIXBT/USDT:USDT,0.14822,1.0,0.14814,1.0,0.14829,142.0,0.1483,179.0
1753531720311,12:08:40.311,AIXBT/USDT:USDT,0.14822,1.0,0.14814,1.0,0.14829,142.0,0.1483,179.0
1753531721089,12:08:41.089,AIXBT/USDT:USDT,0.14822,1.0,0.14814,1.0,0.14828,24.0,0.14829,142.0
1753531721169,12:08:41.169,AIXBT/USDT:USDT,0.14814,1.0,0.14811,3.0,0.14823,142.0,0.14824,524.0
1753531721289,12:08:41.289,AIXBT/USDT:USDT,0.14814,1.0,0.14807,3.0,0.14823,142.0,0.14824,524.0
1753531721366,12:08:41.366,AIXBT/USDT:USDT,0.14814,1.0,0.14807,3.0,0.14823,142.0,0.14824,524.0
1753531721486,12:08:41.486,AIXBT/USDT:USDT,0.14814,1.0,0.14807,3.0,0.14823,142.0,0.14824,524.0
1753531721516,12:08:41.516,AIXBT/USDT:USDT,0.14814,1.0,0.14807,3.0,0.14823,142.0,0.14824,524.0
1753531721825,12:08:41.825,AIXBT/USDT:USDT,0.14814,1.0,0.14807,3.0,0.14823,142.0,0.14824,524.0
1753531722375,12:08:42.375,AIXBT/USDT:USDT,0.14814,1.0,0.14808,67.0,0.14823,142.0,0.14824,524.0
1753531722398,12:08:42.398,AIXBT/USDT:USDT,0.14814,1.0,0.14809,3.0,0.14823,142.0,0.14824,524.0
1753531722644,12:08:42.644,AIXBT/USDT:USDT,0.14814,1.0,0.14809,3.0,0.14823,142.0,0.14824,524.0
1753531723029,12:08:43.029,AIXBT/USDT:USDT,0.14814,1.0,0.14809,3.0,0.14823,163.0,0.14824,524.0
1753531723460,12:08:43.460,AIXBT/USDT:USDT,0.14814,1.0,0.14809,3.0,0.14823,163.0,0.14824,524.0
1753531723502,12:08:43.502,AIXBT/USDT:USDT,0.14814,1.0,0.14809,3.0,0.14823,163.0,0.14824,524.0
1753531723978,12:08:43.978,AIXBT/USDT:USDT,0.14814,1.0,0.14809,3.0,0.14823,163.0,0.14824,524.0
1753531724081,12:08:44.081,AIXBT/USDT:USDT,0.14814,1.0,0.14809,3.0,0.14823,187.0,0.14824,524.0
1753531724103,12:08:44.103,AIXBT/USDT:USDT,0.14814,1.0,0.14808,3.0,0.14822,24.0,0.14823,142.0
1753531724277,12:08:44.277,AIXBT/USDT:USDT,0.14814,1.0,0.14808,3.0,0.14822,24.0,0.14823,142.0
1753531724346,12:08:44.346,AIXBT/USDT:USDT,0.14814,1.0,0.14808,3.0,0.14822,42.0,0.14823,142.0
1753531724404,12:08:44.404,AIXBT/USDT:USDT,0.14814,1.0,0.14804,3.0,0.14822,42.0,0.14823,142.0
1753531724496,12:08:44.496,AIXBT/USDT:USDT,0.14814,1.0,0.14804,3.0,0.14822,42.0,0.14823,142.0
1753531724735,12:08:44.735,AIXBT/USDT:USDT,0.14814,1.0,0.14804,3.0,0.14822,42.0,0.14823,142.0
1753531724979,12:08:44.979,AIXBT/USDT:USDT,0.14808,67.0,0.14804,2.0,0.14822,18.0,0.14823,142.0
1753531725083,12:08:45.083,AIXBT/USDT:USDT,0.14809,2.0,0.14808,131.0,0.14821,1.0,0.14822,18.0
1753531725177,12:08:45.177,AIXBT/USDT:USDT,0.14809,2.0,0.14808,131.0,0.14821,1.0,0.14822,18.0
1753531725195,12:08:45.195,AIXBT/USDT:USDT,0.14809,2.0,0.14808,131.0,0.14821,1.0,0.14822,18.0
1753531725483,12:08:45.483,AIXBT/USDT:USDT,0.14809,2.0,0.14808,131.0,0.14821,1.0,0.14822,18.0
1753531725542,12:08:45.542,AIXBT/USDT:USDT,0.14809,2.0,0.14808,131.0,0.14821,1.0,0.14822,18.0
1753531725814,12:08:45.814,AIXBT/USDT:USDT,0.14809,2.0,0.14808,131.0,0.14821,1.0,0.14822,18.0
1753531725962,12:08:45.962,AIXBT/USDT:USDT,0.14809,2.0,0.14808,131.0,0.14821,1.0,0.14822,18.0
1753531726130,12:08:46.130,AIXBT/USDT:USDT,0.14809,2.0,0.14808,131.0,0.14821,1.0,0.14822,18.0
1753531726253,12:08:46.253,AIXBT/USDT:USDT,0.14809,2.0,0.14808,131.0,0.14821,1.0,0.14822,18.0
1753531727004,12:08:47.004,AIXBT/USDT:USDT,0.14809,2.0,0.14808,131.0,0.14821,1.0,0.14822,18.0
1753531728778,12:08:48.778,AIXBT/USDT:USDT,0.14809,2.0,0.14808,131.0,0.14821,1.0,0.14822,18.0
1753531728987,12:08:48.987,AIXBT/USDT:USDT,0.14809,2.0,0.14808,131.0,0.14821,1.0,0.14823,142.0
1753531729022,12:08:49.022,AIXBT/USDT:USDT,0.14809,2.0,0.14808,131.0,0.14822,19.0,0.14823,142.0
1753531729189,12:08:49.189,AIXBT/USDT:USDT,0.14809,2.0,0.14808,131.0,0.14822,19.0,0.14823,142.0
1753531729607,12:08:49.607,AIXBT/USDT:USDT,0.14809,2.0,0.14808,131.0,0.14822,19.0,0.14823,142.0
1753531730143,12:08:50.143,AIXBT/USDT:USDT,0.14809,2.0,0.14808,67.0,0.14822,19.0,0.14823,142.0
1753531730433,12:08:50.433,AIXBT/USDT:USDT,0.14809,2.0,0.14808,67.0,0.14822,19.0,0.14823,142.0
1753531730847,12:08:50.847,AIXBT/USDT:USDT,0.14809,2.0,0.14808,67.0,0.14822,19.0,0.14823,142.0
1753531732153,12:08:52.153,AIXBT/USDT:USDT,0.14809,2.0,0.14803,50.0,0.14821,24.0,0.14822,1.0
1753531732199,12:08:52.199,AIXBT/USDT:USDT,0.14804,2.0,0.14803,50.0,0.1482,1.0,0.14821,24.0
1753531732314,12:08:52.314,AIXBT/USDT:USDT,0.14804,2.0,0.14803,50.0,0.1482,1.0,0.14821,24.0
1753531732461,12:08:52.461,AIXBT/USDT:USDT,0.14804,2.0,0.14803,50.0,0.1482,1.0,0.14821,24.0
1753531732735,12:08:52.735,AIXBT/USDT:USDT,0.14804,2.0,0.14803,50.0,0.1482,1.0,0.14821,24.0
1753531733005,12:08:53.005,AIXBT/USDT:USDT,0.14804,2.0,0.14803,50.0,0.1482,1.0,0.14821,24.0
1753531733146,12:08:53.146,AIXBT/USDT:USDT,0.14804,2.0,0.14803,50.0,0.1482,1.0,0.14821,24.0
1753531733235,12:08:53.235,AIXBT/USDT:USDT,0.14804,2.0,0.14803,50.0,0.1482,1.0,0.14821,24.0
1753531733578,12:08:53.578,AIXBT/USDT:USDT,0.14804,2.0,0.14803,50.0,0.1482,1.0,0.14821,24.0
1753531733679,12:08:53.679,AIXBT/USDT:USDT,0.14804,2.0,0.14803,50.0,0.1482,1.0,0.14821,24.0
1753531733801,12:08:53.801,AIXBT/USDT:USDT,0.14804,2.0,0.14803,50.0,0.1482,1.0,0.14821,24.0
1753531733972,12:08:53.972,AIXBT/USDT:USDT,0.14804,2.0,0.14803,50.0,0.14817,67.0,0.1482,1.0
1753531734004,12:08:54.004,AIXBT/USDT:USDT,0.14804,2.0,0.14803,50.0,0.14816,1.0,0.14817,142.0
1753531734101,12:08:54.101,AIXBT/USDT:USDT,0.14804,2.0,0.14803,50.0,0.14816,18.0,0.14817,142.0
1753531734365,12:08:54.365,AIXBT/USDT:USDT,0.14804,2.0,0.14803,50.0,0.14816,18.0,0.14817,142.0
1753531734486,12:08:54.486,AIXBT/USDT:USDT,0.14804,2.0,0.14803,50.0,0.14816,18.0,0.14817,142.0
1753531734512,12:08:54.512,AIXBT/USDT:USDT,0.14804,2.0,0.14803,50.0,0.14816,18.0,0.14817,142.0
1753531734623,12:08:54.623,AIXBT/USDT:USDT,0.14804,2.0,0.14803,50.0,0.14816,18.0,0.14817,142.0
1753531734929,12:08:54.929,AIXBT/USDT:USDT,0.14804,2.0,0.14803,114.0,0.14816,18.0,0.14817,142.0
1753531735637,12:08:55.637,AIXBT/USDT:USDT,0.14804,2.0,0.14803,114.0,0.14816,1.0,0.14817,142.0
1753531735735,12:08:55.735,AIXBT/USDT:USDT,0.14804,2.0,0.14803,114.0,0.14816,1.0,0.14817,75.0
1753531735834,12:08:55.834,AIXBT/USDT:USDT,0.14804,2.0,0.14803,114.0,0.14816,1.0,0.14817,75.0
1753531736003,12:08:56.003,AIXBT/USDT:USDT,0.14804,2.0,0.14803,114.0,0.14816,1.0,0.14817,75.0
1753531736221,12:08:56.221,AIXBT/USDT:USDT,0.14804,2.0,0.14803,114.0,0.14816,1.0,0.14817,75.0
1753531737299,12:08:57.299,AIXBT/USDT:USDT,0.14804,2.0,0.14803,114.0,0.14816,1.0,0.14817,75.0
1753531737786,12:08:57.786,AIXBT/USDT:USDT,0.14804,2.0,0.14803,114.0,0.14816,1.0,0.14817,75.0
1753531738379,12:08:58.379,AIXBT/USDT:USDT,0.14804,2.0,0.14803,114.0,0.14816,1.0,0.14817,142.0
1753531738634,12:08:58.634,AIXBT/USDT:USDT,0.14804,2.0,0.14803,114.0,0.14816,1.0,0.14817,142.0
1753531739391,12:08:59.391,AIXBT/USDT:USDT,0.14804,2.0,0.14803,114.0,0.14816,1.0,0.14817,142.0
1753531739453,12:08:59.453,AIXBT/USDT:USDT,0.14804,2.0,0.14803,114.0,0.14815,345.0,0.14816,1.0
1753531739499,12:08:59.499,AIXBT/USDT:USDT,0.14804,2.0,0.14803,114.0,0.14814,1.0,0.14815,345.0
1753531739691,12:08:59.691,AIXBT/USDT:USDT,0.14804,2.0,0.14803,114.0,0.14814,1.0,0.14815,345.0
1753531739867,12:08:59.867,AIXBT/USDT:USDT,0.14804,2.0,0.14803,114.0,0.14814,1.0,0.14815,345.0
1753531739914,12:08:59.914,AIXBT/USDT:USDT,0.14804,2.0,0.14803,114.0,0.14814,1.0,0.14815,345.0
1753531739995,12:08:59.995,AIXBT/USDT:USDT,0.14804,2.0,0.14803,114.0,0.14814,1.0,0.14815,345.0
1753531740138,12:09:00.138,AIXBT/USDT:USDT,0.14804,2.0,0.14803,114.0,0.14814,1.0,0.14815,345.0
1753531740581,12:09:00.581,AIXBT/USDT:USDT,0.14804,2.0,0.14803,114.0,0.14814,1.0,0.14815,345.0
1753531740686,12:09:00.686,AIXBT/USDT:USDT,0.14804,2.0,0.14803,114.0,0.14814,1.0,0.14815,345.0
1753531742821,12:09:02.821,AIXBT/USDT:USDT,0.14804,2.0,0.14803,114.0,0.14814,1.0,0.14815,345.0
1753531743179,12:09:03.179,AIXBT/USDT:USDT,0.14804,2.0,0.14803,114.0,0.14814,1.0,0.14815,345.0
1753531743891,12:09:03.891,AIXBT/USDT:USDT,0.14804,2.0,0.14803,114.0,0.14814,1.0,0.14815,345.0
1753531743914,12:09:03.914,AIXBT/USDT:USDT,0.14804,2.0,0.14803,114.0,0.14814,1.0,0.14815,345.0
1753531744355,12:09:04.355,AIXBT/USDT:USDT,0.14804,2.0,0.14803,114.0,0.14814,1.0,0.14815,345.0
1753531745005,12:09:05.005,AIXBT/USDT:USDT,0.14804,2.0,0.14803,114.0,0.14814,1.0,0.14815,345.0
1753531745113,12:09:05.113,AIXBT/USDT:USDT,0.14804,2.0,0.14803,114.0,0.14814,1.0,0.14815,345.0
1753531745562,12:09:05.562,AIXBT/USDT:USDT,0.14804,2.0,0.14803,50.0,0.14814,1.0,0.14815,345.0
1753531745687,12:09:05.687,AIXBT/USDT:USDT,0.14804,2.0,0.14803,50.0,0.14814,1.0,0.14815,345.0
1753531745729,12:09:05.729,AIXBT/USDT:USDT,0.14804,2.0,0.14803,50.0,0.14807,1.0,0.14811,64.0
1753531745820,12:09:05.820,AIXBT/USDT:USDT,0.14804,2.0,0.14803,50.0,0.1481,1.0,0.14811,64.0
1753531745925,12:09:05.925,AIXBT/USDT:USDT,0.14804,2.0,0.14803,50.0,0.1481,1.0,0.14811,64.0
1753531746067,12:09:06.067,AIXBT/USDT:USDT,0.14804,2.0,0.14803,50.0,0.1481,1.0,0.14811,64.0
1753531746095,12:09:06.095,AIXBT/USDT:USDT,0.14804,2.0,0.14803,50.0,0.1481,1.0,0.14811,64.0
1753531746342,12:09:06.342,AIXBT/USDT:USDT,0.14804,2.0,0.14803,50.0,0.1481,1.0,0.14811,64.0
1753531746575,12:09:06.575,AIXBT/USDT:USDT,0.14804,2.0,0.14803,50.0,0.1481,1.0,0.14811,64.0
1753531746765,12:09:06.765,AIXBT/USDT:USDT,0.14804,2.0,0.14803,50.0,0.1481,1.0,0.14811,64.0
1753531746976,12:09:06.976,AIXBT/USDT:USDT,0.14804,2.0,0.14803,50.0,0.1481,1.0,0.14811,64.0
1753531746995,12:09:06.995,AIXBT/USDT:USDT,0.14804,2.0,0.14803,50.0,0.1481,1.0,0.14811,64.0
1753531747177,12:09:07.177,AIXBT/USDT:USDT,0.14804,2.0,0.14803,50.0,0.1481,1.0,0.14811,64.0
1753531747196,12:09:07.196,AIXBT/USDT:USDT,0.14804,2.0,0.14803,50.0,0.1481,1.0,0.14811,64.0
1753531747467,12:09:07.467,AIXBT/USDT:USDT,0.14804,2.0,0.14803,50.0,0.1481,1.0,0.14811,64.0
1753531747979,12:09:07.979,AIXBT/USDT:USDT,0.14804,2.0,0.14803,50.0,0.1481,1.0,0.14811,64.0
1753531749191,12:09:09.191,AIXBT/USDT:USDT,0.14804,2.0,0.14803,50.0,0.1481,1.0,0.14811,64.0
1753531749255,12:09:09.255,AIXBT/USDT:USDT,0.14804,2.0,0.14803,50.0,0.1481,1.0,0.14811,64.0
1753531749465,12:09:09.465,AIXBT/USDT:USDT,0.14804,2.0,0.14796,678.0,0.1481,1.0,0.14811,64.0
1753531749550,12:09:09.550,AIXBT/USDT:USDT,0.14797,2.0,0.14796,678.0,0.1481,1.0,0.14811,64.0
1753531749625,12:09:09.625,AIXBT/USDT:USDT,0.14797,2.0,0.14796,678.0,0.1481,1.0,0.14811,64.0
1753531749701,12:09:09.701,AIXBT/USDT:USDT,0.14797,23.0,0.14796,678.0,0.1481,1.0,0.14811,64.0
1753531749877,12:09:09.877,AIXBT/USDT:USDT,0.14797,2.0,0.14796,678.0,0.1481,1.0,0.14811,64.0
1753531750535,12:09:10.535,AIXBT/USDT:USDT,0.14797,44.0,0.14796,678.0,0.1481,1.0,0.14811,64.0
1753531750857,12:09:10.857,AIXBT/USDT:USDT,0.14797,78.0,0.14796,678.0,0.1481,1.0,0.14811,64.0
1753531750975,12:09:10.975,AIXBT/USDT:USDT,0.14798,145.0,0.14797,484.0,0.1481,35.0,0.14811,64.0
1753531751068,12:09:11.068,AIXBT/USDT:USDT,0.14798,212.0,0.14797,483.0,0.1481,35.0,0.14811,64.0
1753531751114,12:09:11.114,AIXBT/USDT:USDT,0.14799,1.0,0.14798,67.0,0.1481,35.0,0.14811,64.0
1753531751254,12:09:11.254,AIXBT/USDT:USDT,0.14799,2.0,0.14798,67.0,0.1481,35.0,0.14811,64.0
1753531751676,12:09:11.676,AIXBT/USDT:USDT,0.14799,2.0,0.14798,67.0,0.1481,35.0,0.14811,64.0
1753531751715,12:09:11.715,AIXBT/USDT:USDT,0.14799,2.0,0.14798,67.0,0.1481,1.0,0.14814,412.0
1753531751804,12:09:11.804,AIXBT/USDT:USDT,0.14799,2.0,0.14798,67.0,0.14813,1.0,0.14814,412.0
1753531752162,12:09:12.162,AIXBT/USDT:USDT,0.14799,2.0,0.14798,67.0,0.14813,1.0,0.14814,412.0
1753531752290,12:09:12.290,AIXBT/USDT:USDT,0.14799,205.0,0.14798,67.0,0.14813,1.0,0.14814,412.0
1753531752364,12:09:12.364,AIXBT/USDT:USDT,0.14799,2.0,0.14798,67.0,0.14813,35.0,0.14814,412.0
1753531752511,12:09:12.511,AIXBT/USDT:USDT,0.14799,2.0,0.14798,67.0,0.14813,35.0,0.14814,412.0
1753531752779,12:09:12.779,AIXBT/USDT:USDT,0.14799,2.0,0.14798,67.0,0.14813,35.0,0.14814,412.0
1753531752935,12:09:12.935,AIXBT/USDT:USDT,0.14799,2.0,0.14798,67.0,0.14813,35.0,0.14814,412.0
1753531753781,12:09:13.781,AIXBT/USDT:USDT,0.14799,2.0,0.14798,67.0,0.14813,35.0,0.14814,412.0
1753531753963,12:09:13.963,AIXBT/USDT:USDT,0.14799,2.0,0.14798,67.0,0.14813,35.0,0.14815,345.0
1753531754039,12:09:14.039,AIXBT/USDT:USDT,0.14799,205.0,0.14798,67.0,0.14813,35.0,0.14815,345.0
1753531754188,12:09:14.188,AIXBT/USDT:USDT,0.14799,239.0,0.14798,67.0,0.14813,35.0,0.14815,345.0
1753531754240,12:09:14.240,AIXBT/USDT:USDT,0.14799,2.0,0.14798,67.0,0.14813,35.0,0.14814,67.0
1753531754550,12:09:14.550,AIXBT/USDT:USDT,0.148,211.0,0.14799,408.0,0.14813,69.0,0.14814,67.0
1753531754634,12:09:14.634,AIXBT/USDT:USDT,0.14801,44.0,0.14798,67.0,0.14813,69.0,0.14814,67.0
1753531755808,12:09:15.808,AIXBT/USDT:USDT,0.14801,44.0,0.14798,67.0,0.14813,69.0,0.14814,67.0
1753531757579,12:09:17.579,AIXBT/USDT:USDT,0.14801,44.0,0.14798,67.0,0.14813,69.0,0.14814,67.0
1753531757609,12:09:17.609,AIXBT/USDT:USDT,0.14801,44.0,0.14798,67.0,0.14813,69.0,0.14814,67.0
1753531757778,12:09:17.778,AIXBT/USDT:USDT,0.14801,44.0,0.14798,67.0,0.14813,69.0,0.14814,67.0
1753531757795,12:09:17.795,AIXBT/USDT:USDT,0.14801,44.0,0.14798,67.0,0.14813,69.0,0.14814,67.0
1753531758772,12:09:18.772,AIXBT/USDT:USDT,0.14801,44.0,0.14798,67.0,0.14813,1.0,0.14814,67.0
1753531758798,12:09:18.798,AIXBT/USDT:USDT,0.14801,247.0,0.14798,67.0,0.14813,1.0,0.14814,67.0
1753531758982,12:09:18.982,AIXBT/USDT:USDT,0.14801,315.0,0.14798,67.0,0.14813,1.0,0.14814,67.0
1753531759176,12:09:19.176,AIXBT/USDT:USDT,0.14801,112.0,0.14798,67.0,0.14813,1.0,0.14814,67.0
1753531759288,12:09:19.288,AIXBT/USDT:USDT,0.14801,78.0,0.14798,67.0,0.14813,1.0,0.14814,67.0
1753531759405,12:09:19.405,AIXBT/USDT:USDT,0.14801,44.0,0.14798,67.0,0.14813,1.0,0.14814,67.0
1753531760016,12:09:20.016,AIXBT/USDT:USDT,0.14801,44.0,0.14798,67.0,0.14813,69.0,0.14814,67.0
1753531760094,12:09:20.094,AIXBT/USDT:USDT,0.14801,44.0,0.14798,67.0,0.14813,69.0,0.14814,67.0
1753531762058,12:09:22.058,AIXBT/USDT:USDT,0.14801,2.0,0.14798,67.0,0.14813,69.0,0.14814,67.0
1753531762134,12:09:22.134,AIXBT/USDT:USDT,0.14799,2.0,0.14796,611.0,0.14813,414.0,0.14814,67.0
1753531762276,12:09:22.276,AIXBT/USDT:USDT,0.14797,2.0,0.14796,611.0,0.14813,438.0,0.14814,67.0
1753531762313,12:09:22.313,AIXBT/USDT:USDT,0.14797,2.0,0.14796,611.0,0.14813,438.0,0.14814,67.0
1753531762455,12:09:22.455,AIXBT/USDT:USDT,0.14797,2.0,0.14796,611.0,0.14813,438.0,0.14814,67.0
1753531762590,12:09:22.590,AIXBT/USDT:USDT,0.14797,2.0,0.14796,611.0,0.14813,438.0,0.14814,67.0
1753531762602,12:09:22.602,AIXBT/USDT:USDT,0.14797,2.0,0.14796,611.0,0.14813,438.0,0.14814,67.0
1753531762756,12:09:22.756,AIXBT/USDT:USDT,0.14798,67.0,0.14797,2.0,0.14813,438.0,0.14814,67.0
1753531762809,12:09:22.809,AIXBT/USDT:USDT,0.14799,2.0,0.14798,67.0,0.14813,438.0,0.14814,67.0
1753531763463,12:09:23.463,AIXBT/USDT:USDT,0.14799,2.0,0.14798,67.0,0.14813,438.0,0.14814,67.0
1753531763814,12:09:23.814,AIXBT/USDT:USDT,0.14799,2.0,0.14798,67.0,0.14813,438.0,0.14814,67.0
1753531763918,12:09:23.918,AIXBT/USDT:USDT,0.14799,2.0,0.14798,67.0,0.14813,438.0,0.14814,67.0
1753531764478,12:09:24.478,AIXBT/USDT:USDT,0.14799,2.0,0.14795,1692.0,0.14812,24.0,0.14813,414.0
1753531764561,12:09:24.561,AIXBT/USDT:USDT,0.14796,2.0,0.14792,68.0,0.14806,345.0,0.14808,135.0
1753531764688,12:09:24.688,AIXBT/USDT:USDT,0.14793,2.0,0.14792,68.0,0.14805,1.0,0.14806,352.0
1753531764780,12:09:24.780,AIXBT/USDT:USDT,0.14793,2.0,0.14792,68.0,0.14805,1.0,0.14806,352.0
1753531764885,12:09:24.885,AIXBT/USDT:USDT,0.14793,2.0,0.14792,68.0,0.14805,1.0,0.14806,352.0
1753531764985,12:09:24.985,AIXBT/USDT:USDT,0.14793,2.0,0.14792,68.0,0.14805,1.0,0.14806,352.0
1753531765079,12:09:25.079,AIXBT/USDT:USDT,0.14793,2.0,0.14792,68.0,0.14805,1.0,0.14806,352.0
1753531765188,12:09:25.188,AIXBT/USDT:USDT,0.14793,57.0,0.14792,204.0,0.14805,1.0,0.14806,352.0
1753531765194,12:09:25.194,AIXBT/USDT:USDT,0.14793,57.0,0.14792,204.0,0.14805,1.0,0.14806,352.0
1753531765296,12:09:25.296,AIXBT/USDT:USDT,0.14793,57.0,0.14792,204.0,0.14805,1.0,0.14806,352.0
1753531765766,12:09:25.766,AIXBT/USDT:USDT,0.14793,57.0,0.14792,204.0,0.14805,1.0,0.14806,352.0
1753531765795,12:09:25.795,AIXBT/USDT:USDT,0.14793,57.0,0.14792,204.0,0.14805,1.0,0.14806,352.0
1753531765915,12:09:25.915,AIXBT/USDT:USDT,0.14793,57.0,0.14792,204.0,0.14805,1.0,0.14806,352.0
1753531766008,12:09:26.008,AIXBT/USDT:USDT,0.14793,57.0,0.14792,204.0,0.14805,1.0,0.14806,352.0
1753531766117,12:09:26.117,AIXBT/USDT:USDT,0.14793,36.0,0.14792,132.0,0.14805,1.0,0.14806,352.0
1753531766387,12:09:26.387,AIXBT/USDT:USDT,0.14793,36.0,0.14792,132.0,0.14805,1.0,0.14806,352.0
1753531766432,12:09:26.432,AIXBT/USDT:USDT,0.14793,36.0,0.14792,132.0,0.14805,1.0,0.14806,352.0
1753531766911,12:09:26.911,AIXBT/USDT:USDT,0.14793,2.0,0.14792,132.0,0.14805,1.0,0.14806,352.0
1753531767191,12:09:27.191,AIXBT/USDT:USDT,0.14793,2.0,0.14792,132.0,0.14805,1.0,0.14806,352.0
1753531767195,12:09:27.195,AIXBT/USDT:USDT,0.14793,2.0,0.14792,132.0,0.14805,1.0,0.14806,352.0
1753531767541,12:09:27.541,AIXBT/USDT:USDT,0.14793,2.0,0.14792,68.0,0.14805,1.0,0.14806,352.0
1753531767705,12:09:27.705,AIXBT/USDT:USDT,0.14793,2.0,0.14792,68.0,0.14805,1.0,0.14806,352.0
1753531767974,12:09:27.974,AIXBT/USDT:USDT,0.14793,2.0,0.14792,1.0,0.14802,67.0,0.14804,413.0
1753531768088,12:09:28.088,AIXBT/USDT:USDT,0.14793,2.0,0.14792,1.0,0.14802,67.0,0.14804,413.0
1753531768169,12:09:28.169,AIXBT/USDT:USDT,0.14793,1.0,0.14792,1.0,0.14801,1.0,0.14802,67.0
1753531768256,12:09:28.256,AIXBT/USDT:USDT,0.14793,1.0,0.14792,1.0,0.14801,1.0,0.14802,67.0
1753531768341,12:09:28.341,AIXBT/USDT:USDT,0.14792,1.0,0.1479,1.0,0.14801,1.0,0.14802,67.0
1753531768434,12:09:28.434,AIXBT/USDT:USDT,0.14792,1.0,0.1479,1.0,0.14801,1.0,0.14802,67.0
1753531768537,12:09:28.537,AIXBT/USDT:USDT,0.14792,1.0,0.1479,1.0,0.14801,1.0,0.14802,67.0
1753531768726,12:09:28.726,AIXBT/USDT:USDT,0.14792,1.0,0.1479,1.0,0.14801,1.0,0.14802,67.0
1753531768820,12:09:28.820,AIXBT/USDT:USDT,0.14792,1.0,0.1479,1.0,0.14801,1.0,0.14802,67.0
1753531768954,12:09:28.954,AIXBT/USDT:USDT,0.14792,1.0,0.1479,1.0,0.14801,1.0,0.14802,67.0
1753531769035,12:09:29.035,AIXBT/USDT:USDT,0.14792,1.0,0.1479,1.0,0.14801,1.0,0.14802,67.0
1753531769215,12:09:29.215,AIXBT/USDT:USDT,0.14792,1.0,0.1479,1.0,0.14801,1.0,0.14802,67.0
1753531769365,12:09:29.365,AIXBT/USDT:USDT,0.14792,1.0,0.1479,1.0,0.14801,1.0,0.14802,67.0
1753531769614,12:09:29.614,AIXBT/USDT:USDT,0.14792,1.0,0.1479,1.0,0.14801,1.0,0.14802,67.0
1753531770036,12:09:30.036,AIXBT/USDT:USDT,0.14792,1.0,0.1479,1.0,0.14797,410.0,0.14798,189.0
1753531770191,12:09:30.191,AIXBT/USDT:USDT,0.14792,1.0,0.1479,1.0,0.14796,1.0,0.14797,410.0
1753531770235,12:09:30.235,AIXBT/USDT:USDT,0.14792,1.0,0.1479,1.0,0.14796,1.0,0.14797,410.0
1753531770390,12:09:30.390,AIXBT/USDT:USDT,0.14792,1.0,0.1479,1.0,0.14796,1.0,0.14797,410.0
1753531770477,12:09:30.477,AIXBT/USDT:USDT,0.14792,1.0,0.1479,1.0,0.14796,1.0,0.14797,410.0
1753531770575,12:09:30.575,AIXBT/USDT:USDT,0.14792,1.0,0.1479,1.0,0.14796,1.0,0.14797,410.0
1753531770650,12:09:30.650,AIXBT/USDT:USDT,0.14792,1.0,0.1479,1.0,0.14796,1.0,0.14797,410.0
1753531770695,12:09:30.695,AIXBT/USDT:USDT,0.14792,1.0,0.1479,1.0,0.14796,1.0,0.14797,410.0
1753531770986,12:09:30.986,AIXBT/USDT:USDT,0.14792,1.0,0.1479,1.0,0.14796,1.0,0.14797,410.0
1753531771086,12:09:31.086,AIXBT/USDT:USDT,0.14792,1.0,0.1479,1.0,0.14796,1.0,0.14797,410.0
1753531771187,12:09:31.187,AIXBT/USDT:USDT,0.14792,1.0,0.1479,1.0,0.14796,1.0,0.14797,410.0
1753531771215,12:09:31.215,AIXBT/USDT:USDT,0.14792,1.0,0.1479,1.0,0.14796,1.0,0.14797,410.0
1753531771351,12:09:31.351,AIXBT/USDT:USDT,0.14792,1.0,0.1479,1.0,0.14796,1.0,0.14797,410.0
1753531771474,12:09:31.474,AIXBT/USDT:USDT,0.14792,1.0,0.1479,1.0,0.14796,1.0,0.14797,410.0
1753531771631,12:09:31.631,AIXBT/USDT:USDT,0.14792,1.0,0.1479,1.0,0.14796,1.0,0.14797,410.0
1753531771903,12:09:31.903,AIXBT/USDT:USDT,0.14792,1.0,0.1479,1.0,0.14796,1.0,0.14797,410.0
1753531772201,12:09:32.201,AIXBT/USDT:USDT,0.14792,1.0,0.1479,1.0,0.14796,1.0,0.14797,410.0
1753531772319,12:09:32.319,AIXBT/USDT:USDT,0.14792,1.0,0.1479,1.0,0.14796,1.0,0.14797,410.0
1753531772574,12:09:32.574,AIXBT/USDT:USDT,0.14792,1.0,0.1479,1.0,0.14796,1.0,0.14797,410.0
1753531772595,12:09:32.595,AIXBT/USDT:USDT,0.14792,1.0,0.1479,1.0,0.14796,1.0,0.14797,410.0
1753531772884,12:09:32.884,AIXBT/USDT:USDT,0.14792,1.0,0.1479,1.0,0.14796,1.0,0.14797,410.0
1753531772976,12:09:32.976,AIXBT/USDT:USDT,0.14792,1.0,0.1479,1.0,0.14796,68.0,0.14797,410.0
1753531773075,12:09:33.075,AIXBT/USDT:USDT,0.14792,1.0,0.1479,1.0,0.14796,68.0,0.14797,410.0
1753531773188,12:09:33.188,AIXBT/USDT:USDT,0.1479,1.0,0.14786,1.0,0.14795,345.0,0.14796,68.0
1753531773274,12:09:33.274,AIXBT/USDT:USDT,0.14786,1.0,0.14785,1.0,0.14794,1.0,0.14795,345.0
1753531773365,12:09:33.365,AIXBT/USDT:USDT,0.14787,1.0,0.14786,1.0,0.14794,1.0,0.14795,345.0
1753531773438,12:09:33.438,AIXBT/USDT:USDT,0.14787,1.0,0.14786,1.0,0.14794,1.0,0.14795,369.0
1753531773569,12:09:33.569,AIXBT/USDT:USDT,0.14787,1.0,0.14786,1.0,0.14794,1.0,0.14795,369.0
1753531773598,12:09:33.598,AIXBT/USDT:USDT,0.14787,1.0,0.14786,1.0,0.14794,1.0,0.14795,369.0
1753531773785,12:09:33.785,AIXBT/USDT:USDT,0.14787,1.0,0.14786,1.0,0.14794,1.0,0.14795,369.0
1753531773891,12:09:33.891,AIXBT/USDT:USDT,0.14787,1.0,0.14786,1.0,0.14794,1.0,0.14795,345.0
1753531773983,12:09:33.983,AIXBT/USDT:USDT,0.14787,2.0,0.14786,1.0,0.14794,1.0,0.14795,345.0
1753531774011,12:09:34.011,AIXBT/USDT:USDT,0.14787,2.0,0.14786,1.0,0.14794,1.0,0.14795,345.0
1753531774097,12:09:34.097,AIXBT/USDT:USDT,0.14787,2.0,0.14786,1.0,0.14794,1.0,0.14795,345.0
1753531774374,12:09:34.374,AIXBT/USDT:USDT,0.14787,2.0,0.14786,1.0,0.14794,1.0,0.14795,345.0
1753531774487,12:09:34.487,AIXBT/USDT:USDT,0.14787,2.0,0.14786,1.0,0.14794,1.0,0.14795,345.0
1753531774568,12:09:34.568,AIXBT/USDT:USDT,0.14787,2.0,0.14786,1.0,0.14794,1.0,0.14795,345.0
1753531774635,12:09:34.635,AIXBT/USDT:USDT,0.14787,2.0,0.14786,1.0,0.14794,1.0,0.14796,67.0
1753531774788,12:09:34.788,AIXBT/USDT:USDT,0.14787,2.0,0.14786,1.0,0.14795,1.0,0.14796,67.0
1753531774808,12:09:34.808,AIXBT/USDT:USDT,0.14787,2.0,0.14786,1.0,0.14795,1.0,0.14796,67.0
1753531775009,12:09:35.009,AIXBT/USDT:USDT,0.14787,2.0,0.14786,1.0,0.14795,1.0,0.14796,67.0
1753531775267,12:09:35.267,AIXBT/USDT:USDT,0.14787,2.0,0.14786,1.0,0.14795,1.0,0.14796,67.0
1753531775626,12:09:35.626,AIXBT/USDT:USDT,0.14787,2.0,0.14786,1.0,0.14795,1.0,0.14796,67.0
1753531775719,12:09:35.719,AIXBT/USDT:USDT,0.14787,2.0,0.14786,1.0,0.14795,1.0,0.14796,67.0
1753531775810,12:09:35.810,AIXBT/USDT:USDT,0.14787,2.0,0.14786,1.0,0.14795,1.0,0.14796,67.0
1753531775967,12:09:35.967,AIXBT/USDT:USDT,0.14787,2.0,0.14786,1.0,0.14795,1.0,0.14797,410.0
1753531776069,12:09:36.069,AIXBT/USDT:USDT,0.14787,2.0,0.14786,1.0,0.14796,1.0,0.14797,410.0
1753531776128,12:09:36.128,AIXBT/USDT:USDT,0.14787,2.0,0.14786,1.0,0.14796,68.0,0.14797,410.0
1753531776684,12:09:36.684,AIXBT/USDT:USDT,0.14787,2.0,0.14786,1.0,0.14796,1.0,0.14797,410.0
1753531776880,12:09:36.880,AIXBT/USDT:USDT,0.14787,2.0,0.14786,1.0,0.14796,1.0,0.14797,410.0
1753531777070,12:09:37.070,AIXBT/USDT:USDT,0.14787,2.0,0.14786,1.0,0.14796,1.0,0.14797,376.0
1753531777381,12:09:37.381,AIXBT/USDT:USDT,0.14787,2.0,0.14786,68.0,0.14796,1.0,0.14802,67.0
1753531777449,12:09:37.449,AIXBT/USDT:USDT,0.14787,2.0,0.14786,68.0,0.14801,1.0,0.14802,67.0
1753531777545,12:09:37.545,AIXBT/USDT:USDT,0.14787,2.0,0.14786,68.0,0.14801,1.0,0.14802,67.0
1753531777596,12:09:37.596,AIXBT/USDT:USDT,0.14787,2.0,0.14786,68.0,0.14801,1.0,0.14802,67.0
1753531777756,12:09:37.756,AIXBT/USDT:USDT,0.14787,2.0,0.14786,68.0,0.14801,1.0,0.14802,67.0
1753531777835,12:09:37.835,AIXBT/USDT:USDT,0.14787,2.0,0.14786,68.0,0.14801,1.0,0.14802,67.0
1753531778044,12:09:38.044,AIXBT/USDT:USDT,0.14787,2.0,0.14786,68.0,0.14801,1.0,0.14802,67.0
1753531778183,12:09:38.183,AIXBT/USDT:USDT,0.14787,2.0,0.14786,68.0,0.14801,1.0,0.14802,67.0
1753531778345,12:09:38.345,AIXBT/USDT:USDT,0.14787,2.0,0.14786,68.0,0.14801,32.0,0.14802,131.0
1753531778598,12:09:38.598,AIXBT/USDT:USDT,0.14787,2.0,0.14786,68.0,0.14801,32.0,0.14802,131.0
1753531778695,12:09:38.695,AIXBT/USDT:USDT,0.14787,2.0,0.14786,68.0,0.14801,32.0,0.14802,67.0
1753531778819,12:09:38.819,AIXBT/USDT:USDT,0.14787,2.0,0.14786,68.0,0.14801,32.0,0.14802,67.0
1753531778895,12:09:38.895,AIXBT/USDT:USDT,0.14787,2.0,0.14786,68.0,0.14801,32.0,0.14802,67.0
1753531779389,12:09:39.389,AIXBT/USDT:USDT,0.14787,2.0,0.14786,68.0,0.14801,1.0,0.14804,345.0
1753531779489,12:09:39.489,AIXBT/USDT:USDT,0.14787,408.0,0.14786,413.0,0.14801,1.0,0.14803,1.0
1753531779552,12:09:39.552,AIXBT/USDT:USDT,0.14787,409.0,0.14786,413.0,0.148,1.0,0.14801,1.0
1753531779669,12:09:39.669,AIXBT/USDT:USDT,0.14787,409.0,0.14786,413.0,0.148,1.0,0.14804,345.0
1753531779722,12:09:39.722,AIXBT/USDT:USDT,0.14787,409.0,0.14786,413.0,0.14803,1.0,0.14804,345.0
1753531779834,12:09:39.834,AIXBT/USDT:USDT,0.14787,408.0,0.14786,413.0,0.14803,1.0,0.14804,345.0
1753531780191,12:09:40.191,AIXBT/USDT:USDT,0.14792,67.0,0.14788,170.0,0.14803,1.0,0.14806,7.0
1753531780237,12:09:40.237,AIXBT/USDT:USDT,0.14793,2.0,0.14792,105.0,0.14805,1.0,0.14806,7.0
1753531780354,12:09:40.354,AIXBT/USDT:USDT,0.14793,2.0,0.14792,105.0,0.14805,1.0,0.14806,7.0
1753531780435,12:09:40.435,AIXBT/USDT:USDT,0.14793,2.0,0.14792,105.0,0.14805,1.0,0.14806,7.0
1753531780530,12:09:40.530,AIXBT/USDT:USDT,0.14793,2.0,0.14792,105.0,0.14805,1.0,0.14806,7.0
1753531780653,12:09:40.653,AIXBT/USDT:USDT,0.14793,2.0,0.14792,105.0,0.14805,1.0,0.14806,7.0
1753531780713,12:09:40.713,AIXBT/USDT:USDT,0.14793,2.0,0.14792,105.0,0.14805,1.0,0.14806,7.0
1753531780798,12:09:40.798,AIXBT/USDT:USDT,0.14793,2.0,0.14792,105.0,0.14805,1.0,0.14806,7.0
1753531781068,12:09:41.068,AIXBT/USDT:USDT,0.14793,2.0,0.14792,105.0,0.14805,1.0,0.14806,7.0
1753531781093,12:09:41.093,AIXBT/USDT:USDT,0.14793,2.0,0.14792,105.0,0.14805,1.0,0.14806,7.0
1753531781472,12:09:41.472,AIXBT/USDT:USDT,0.14793,2.0,0.14792,105.0,0.14805,1.0,0.14806,7.0
1753531781675,12:09:41.675,AIXBT/USDT:USDT,0.14794,131.0,0.14793,2.0,0.14812,50.0,0.14813,395.0
1753531781775,12:09:41.775,AIXBT/USDT:USDT,0.14795,3.0,0.14794,50.0,0.14812,50.0,0.14813,395.0
1753531781892,12:09:41.892,AIXBT/USDT:USDT,0.14795,3.0,0.14794,50.0,0.14812,50.0,0.14813,395.0
1753531782190,12:09:42.190,AIXBT/USDT:USDT,0.14798,86.0,0.14797,172.0,0.14812,50.0,0.14813,523.0
1753531782197,12:09:42.197,AIXBT/USDT:USDT,0.14798,86.0,0.14797,172.0,0.14812,50.0,0.14813,523.0
1753531782357,12:09:42.357,AIXBT/USDT:USDT,0.14799,3.0,0.14798,67.0,0.14812,50.0,0.14813,523.0
1753531782745,12:09:42.745,AIXBT/USDT:USDT,0.14799,3.0,0.14798,67.0,0.14812,50.0,0.14813,523.0
1753531782891,12:09:42.891,AIXBT/USDT:USDT,0.14799,3.0,0.14798,67.0,0.14812,50.0,0.14813,523.0
1753531782919,12:09:42.919,AIXBT/USDT:USDT,0.14799,3.0,0.14798,131.0,0.14812,50.0,0.14813,523.0
1753531783004,12:09:43.004,AIXBT/USDT:USDT,0.14799,3.0,0.14798,131.0,0.14812,50.0,0.14813,523.0
1753531783188,12:09:43.188,AIXBT/USDT:USDT,0.14799,3.0,0.14798,131.0,0.14812,50.0,0.14813,523.0
1753531783262,12:09:43.262,AIXBT/USDT:USDT,0.14799,3.0,0.14798,131.0,0.14812,50.0,0.14813,523.0
1753531783360,12:09:43.360,AIXBT/USDT:USDT,0.14799,3.0,0.14792,67.0,0.14812,50.0,0.14813,523.0
1753531783483,12:09:43.483,AIXBT/USDT:USDT,0.14799,1.0,0.14793,1.0,0.14812,50.0,0.14813,523.0
1753531783578,12:09:43.578,AIXBT/USDT:USDT,0.14793,3.0,0.14792,67.0,0.14808,141.0,0.14809,181.0
1753531783639,12:09:43.639,AIXBT/USDT:USDT,0.14793,3.0,0.14792,67.0,0.14808,141.0,0.14809,181.0
1753531783711,12:09:43.711,AIXBT/USDT:USDT,0.14793,3.0,0.14792,67.0,0.14808,141.0,0.14809,181.0
1753531783996,12:09:43.996,AIXBT/USDT:USDT,0.14793,3.0,0.14792,67.0,0.14808,141.0,0.14809,181.0
1753531784391,12:09:44.391,AIXBT/USDT:USDT,0.14793,3.0,0.14792,67.0,0.14808,141.0,0.14809,181.0
1753531784434,12:09:44.434,AIXBT/USDT:USDT,0.14793,3.0,0.14792,67.0,0.14808,141.0,0.14809,181.0
1753531784550,12:09:44.550,AIXBT/USDT:USDT,0.14793,3.0,0.14792,195.0,0.14808,141.0,0.14809,181.0
1753531784776,12:09:44.776,AIXBT/USDT:USDT,0.14793,3.0,0.14792,195.0,0.14808,141.0,0.14809,181.0
1753531784836,12:09:44.836,AIXBT/USDT:USDT,0.14793,3.0,0.14792,195.0,0.14808,141.0,0.14809,181.0
1753531785007,12:09:45.007,AIXBT/USDT:USDT,0.14793,3.0,0.14792,195.0,0.14808,141.0,0.14809,181.0
1753531785492,12:09:45.492,AIXBT/USDT:USDT,0.14793,3.0,0.14792,195.0,0.14808,141.0,0.14809,181.0
1753531785679,12:09:45.679,AIXBT/USDT:USDT,0.14793,3.0,0.14792,195.0,0.14808,141.0,0.14809,181.0
1753531785852,12:09:45.852,AIXBT/USDT:USDT,0.14793,3.0,0.14792,195.0,0.14808,98.0,0.14809,96.0
1753531785986,12:09:45.986,AIXBT/USDT:USDT,0.14793,206.0,0.14792,195.0,0.14808,98.0,0.14809,160.0
1753531786018,12:09:46.018,AIXBT/USDT:USDT,0.14793,3.0,0.14792,195.0,0.14808,104.0,0.14809,160.0
1753531786124,12:09:46.124,AIXBT/USDT:USDT,0.14793,3.0,0.14792,195.0,0.14808,98.0,0.14809,160.0
1753531786238,12:09:46.238,AIXBT/USDT:USDT,0.14793,409.0,0.14792,195.0,0.14808,31.0,0.14809,96.0
1753531786590,12:09:46.590,AIXBT/USDT:USDT,0.14798,105.0,0.14797,127.0,0.14808,31.0,0.14809,96.0
1753531786606,12:09:46.606,AIXBT/USDT:USDT,0.14799,3.0,0.14798,105.0,0.14808,31.0,0.14809,96.0
1753531786752,12:09:46.752,AIXBT/USDT:USDT,0.14799,3.0,0.14798,105.0,0.14808,31.0,0.14809,96.0
1753531786922,12:09:46.922,AIXBT/USDT:USDT,0.14799,3.0,0.14798,105.0,0.14808,31.0,0.14809,96.0
1753531787273,12:09:47.273,AIXBT/USDT:USDT,0.14799,3.0,0.14798,105.0,0.14808,31.0,0.14809,96.0
1753531787295,12:09:47.295,AIXBT/USDT:USDT,0.14799,3.0,0.14798,105.0,0.14808,31.0,0.14809,96.0
1753531787749,12:09:47.749,AIXBT/USDT:USDT,0.14799,3.0,0.14798,105.0,0.14808,31.0,0.14809,96.0
1753531787809,12:09:47.809,AIXBT/USDT:USDT,0.14799,3.0,0.14798,105.0,0.14808,31.0,0.14809,96.0
1753531788005,12:09:48.005,AIXBT/USDT:USDT,0.14799,3.0,0.14798,105.0,0.14808,31.0,0.14809,96.0
1753531788175,12:09:48.175,AIXBT/USDT:USDT,0.14799,3.0,0.14798,105.0,0.14808,31.0,0.14809,96.0
1753531788334,12:09:48.334,AIXBT/USDT:USDT,0.14799,3.0,0.14798,105.0,0.14808,31.0,0.14809,96.0
1753531788395,12:09:48.395,AIXBT/USDT:USDT,0.14799,3.0,0.14798,105.0,0.14808,31.0,0.14809,96.0
1753531790452,12:09:50.452,AIXBT/USDT:USDT,0.14799,3.0,0.14798,105.0,0.14808,31.0,0.14809,96.0
1753531790494,12:09:50.494,AIXBT/USDT:USDT,0.14799,3.0,0.14798,105.0,0.14808,31.0,0.14809,96.0
1753531791445,12:09:51.445,AIXBT/USDT:USDT,0.14799,3.0,0.14798,67.0,0.14808,31.0,0.14809,96.0
1753531791588,12:09:51.588,AIXBT/USDT:USDT,0.14799,3.0,0.14798,67.0,0.14808,31.0,0.14809,96.0
1753531791814,12:09:51.814,AIXBT/USDT:USDT,0.14799,3.0,0.14798,67.0,0.14808,31.0,0.14809,96.0
1753531791895,12:09:51.895,AIXBT/USDT:USDT,0.14799,3.0,0.14798,67.0,0.14808,31.0,0.14809,96.0
1753531792365,12:09:52.365,AIXBT/USDT:USDT,0.14799,3.0,0.14798,67.0,0.14808,31.0,0.14809,96.0
1753531792642,12:09:52.642,AIXBT/USDT:USDT,0.14799,3.0,0.14798,67.0,0.14808,31.0,0.14809,96.0
1753531795198,12:09:55.198,AIXBT/USDT:USDT,0.14799,3.0,0.14798,67.0,0.14808,31.0,0.14809,96.0
1753531795817,12:09:55.817,AIXBT/USDT:USDT,0.14799,3.0,0.14798,67.0,0.14808,31.0,0.14809,96.0
1753531796794,12:09:56.794,AIXBT/USDT:USDT,0.14799,3.0,0.14798,67.0,0.14808,31.0,0.14809,96.0
1753531796895,12:09:56.895,AIXBT/USDT:USDT,0.14799,3.0,0.14798,67.0,0.14808,31.0,0.14809,96.0
1753531796995,12:09:56.995,AIXBT/USDT:USDT,0.14799,3.0,0.14798,67.0,0.14808,31.0,0.14809,96.0
1753531797369,12:09:57.369,AIXBT/USDT:USDT,0.14799,3.0,0.14798,67.0,0.14808,31.0,0.14809,96.0
1753531797401,12:09:57.401,AIXBT/USDT:USDT,0.14799,3.0,0.14798,67.0,0.14808,31.0,0.14809,96.0
1753531798373,12:09:58.373,AIXBT/USDT:USDT,0.14799,3.0,0.14798,67.0,0.14808,31.0,0.14809,96.0
1753531798401,12:09:58.401,AIXBT/USDT:USDT,0.14799,3.0,0.14798,67.0,0.14808,31.0,0.14809,96.0
1753531798684,12:09:58.684,AIXBT/USDT:USDT,0.14799,3.0,0.14798,67.0,0.14808,31.0,0.14809,96.0
1753531799884,12:09:59.884,AIXBT/USDT:USDT,0.14799,3.0,0.14792,67.0,0.14808,31.0,0.14809,96.0
1753531799910,12:09:59.910,AIXBT/USDT:USDT,0.14793,3.0,0.14792,67.0,0.14808,98.0,0.14809,96.0
1753531800085,12:10:00.085,AIXBT/USDT:USDT,0.14793,3.0,0.14789,50.0,0.14804,376.0,0.14805,93.0
1753531800155,12:10:00.155,AIXBT/USDT:USDT,0.1479,3.0,0.14786,634.0,0.14804,376.0,0.14805,93.0
1753531800206,12:10:00.206,AIXBT/USDT:USDT,0.1479,53.0,0.14787,3.0,0.14804,376.0,0.14805,93.0
1753531800331,12:10:00.331,AIXBT/USDT:USDT,0.14791,3.0,0.14787,50.0,0.14804,376.0,0.14805,93.0
1753531800427,12:10:00.427,AIXBT/USDT:USDT,0.14788,84.0,0.14787,50.0,0.14804,376.0,0.14805,93.0
1753531800572,12:10:00.572,AIXBT/USDT:USDT,0.14788,164.0,0.14787,50.0,0.14804,376.0,0.14805,93.0
1753531800674,12:10:00.674,AIXBT/USDT:USDT,0.14788,245.0,0.14787,50.0,0.14804,376.0,0.14805,93.0
1753531800785,12:10:00.785,AIXBT/USDT:USDT,0.14788,326.0,0.14787,50.0,0.14804,376.0,0.14805,93.0
1753531801086,12:10:01.086,AIXBT/USDT:USDT,0.14788,4.0,0.14787,50.0,0.14804,388.0,0.14805,93.0
1753531801182,12:10:01.182,AIXBT/USDT:USDT,0.14788,4.0,0.14787,50.0,0.14804,388.0,0.14805,93.0
1753531801273,12:10:01.273,AIXBT/USDT:USDT,0.14788,140.0,0.14787,50.0,0.14804,388.0,0.14805,93.0
1753531801315,12:10:01.315,AIXBT/USDT:USDT,0.14788,4.0,0.14787,50.0,0.14804,388.0,0.14805,93.0
1753531801434,12:10:01.434,AIXBT/USDT:USDT,0.14788,409.0,0.14787,50.0,0.14804,388.0,0.14805,93.0
1753531801675,12:10:01.675,AIXBT/USDT:USDT,0.14789,143.0,0.14788,477.0,0.14804,388.0,0.14805,93.0
1753531801732,12:10:01.732,AIXBT/USDT:USDT,0.1479,22.0,0.14789,143.0,0.14804,376.0,0.14805,93.0
1753531802020,12:10:02.020,AIXBT/USDT:USDT,0.1479,22.0,0.14789,143.0,0.14804,376.0,0.14805,93.0
1753531802492,12:10:02.492,AIXBT/USDT:USDT,0.1479,41.0,0.14789,143.0,0.14804,376.0,0.14805,93.0
1753531802506,12:10:02.506,AIXBT/USDT:USDT,0.1479,41.0,0.14789,143.0,0.14804,376.0,0.14805,93.0
1753531802843,12:10:02.843,AIXBT/USDT:USDT,0.1479,41.0,0.14789,143.0,0.14804,376.0,0.14805,93.0
1753531802907,12:10:02.907,AIXBT/USDT:USDT,0.1479,75.0,0.14789,143.0,0.14804,376.0,0.14805,93.0
1753531802994,12:10:02.994,AIXBT/USDT:USDT,0.1479,75.0,0.14789,143.0,0.14804,376.0,0.14805,93.0
1753531803259,12:10:03.259,AIXBT/USDT:USDT,0.1479,22.0,0.14789,143.0,0.14802,116.0,0.14803,76.0
1753531803462,12:10:03.462,AIXBT/USDT:USDT,0.1479,3.0,0.14789,143.0,0.14802,116.0,0.14803,76.0
1753531803676,12:10:03.676,AIXBT/USDT:USDT,0.1479,3.0,0.14789,143.0,0.14802,116.0,0.14803,76.0
1753531803795,12:10:03.795,AIXBT/USDT:USDT,0.1479,3.0,0.14789,143.0,0.14802,116.0,0.14803,76.0
1753531804171,12:10:04.171,AIXBT/USDT:USDT,0.1479,3.0,0.14789,143.0,0.14802,116.0,0.14803,76.0
1753531804375,12:10:04.375,AIXBT/USDT:USDT,0.1479,3.0,0.14789,143.0,0.14802,116.0,0.14803,76.0
1753531804488,12:10:04.488,AIXBT/USDT:USDT,0.14792,67.0,0.1479,22.0,0.14804,345.0,0.14806,345.0
1753531804556,12:10:04.556,AIXBT/USDT:USDT,0.14793,3.0,0.14792,67.0,0.14808,67.0,0.14812,50.0
1753531804615,12:10:04.615,AIXBT/USDT:USDT,0.14793,3.0,0.14792,67.0,0.14808,67.0,0.14812,50.0
1753531804798,12:10:04.798,AIXBT/USDT:USDT,0.14793,3.0,0.14792,67.0,0.14808,67.0,0.14812,50.0
1753531804955,12:10:04.955,AIXBT/USDT:USDT,0.14793,3.0,0.14792,67.0,0.14808,116.0,0.14812,50.0
1753531805182,12:10:05.182,AIXBT/USDT:USDT,0.14793,56.0,0.14792,67.0,0.14808,159.0,0.14812,50.0
1753531805192,12:10:05.192,AIXBT/USDT:USDT,0.14793,22.0,0.14792,67.0,0.14808,159.0,0.14812,50.0
1753531805529,12:10:05.529,AIXBT/USDT:USDT,0.14793,22.0,0.14792,67.0,0.14808,159.0,0.14812,50.0
1753531805772,12:10:05.772,AIXBT/USDT:USDT,0.14793,428.0,0.14792,67.0,0.14808,159.0,0.14812,50.0
1753531805975,12:10:05.975,AIXBT/USDT:USDT,0.14793,428.0,0.14792,67.0,0.14808,159.0,0.14812,50.0
1753531806087,12:10:06.087,AIXBT/USDT:USDT,0.14793,409.0,0.14792,67.0,0.14806,345.0,0.14808,159.0
1753531806188,12:10:06.188,AIXBT/USDT:USDT,0.14793,3.0,0.14792,67.0,0.14806,345.0,0.14808,147.0
1753531806618,12:10:06.618,AIXBT/USDT:USDT,0.14803,1.0,0.14793,3.0,0.14806,345.0,0.14808,147.0
1753531806722,12:10:06.722,AIXBT/USDT:USDT,0.148,7.0,0.14793,3.0,0.14806,345.0,0.14808,147.0
1753531806798,12:10:06.798,AIXBT/USDT:USDT,0.148,7.0,0.14792,67.0,0.14806,345.0,0.14808,147.0
1753531807025,12:10:07.025,AIXBT/USDT:USDT,0.148,7.0,0.14792,67.0,0.14806,345.0,0.14808,147.0
1753531807448,12:10:07.448,AIXBT/USDT:USDT,0.148,7.0,0.14792,67.0,0.14806,345.0,0.14808,147.0
1753531807509,12:10:07.509,AIXBT/USDT:USDT,0.148,7.0,0.14792,67.0,0.14806,345.0,0.14808,147.0
1753531807874,12:10:07.874,AIXBT/USDT:USDT,0.148,7.0,0.14792,67.0,0.14806,356.0,0.14808,147.0
1753531808234,12:10:08.234,AIXBT/USDT:USDT,0.148,7.0,0.14792,67.0,0.14806,345.0,0.14808,147.0
1753531808454,12:10:08.454,AIXBT/USDT:USDT,0.148,7.0,0.14796,60.0,0.14806,345.0,0.14808,147.0
1753531808535,12:10:08.535,AIXBT/USDT:USDT,0.148,7.0,0.14796,60.0,0.14806,357.0,0.14808,147.0
1753531808687,12:10:08.687,AIXBT/USDT:USDT,0.148,7.0,0.14796,60.0,0.14806,357.0,0.14808,147.0
1753531808778,12:10:08.778,AIXBT/USDT:USDT,0.148,7.0,0.14796,60.0,0.14806,12.0,0.14808,147.0
1753531808855,12:10:08.855,AIXBT/USDT:USDT,0.148,7.0,0.14796,60.0,0.14808,31.0,0.14812,50.0
1753531809163,12:10:09.163,AIXBT/USDT:USDT,0.148,7.0,0.14796,60.0,0.14808,34.0,0.14812,112.0
1753531809306,12:10:09.306,AIXBT/USDT:USDT,0.148,7.0,0.14796,60.0,0.14808,31.0,0.14812,112.0
1753531809488,12:10:09.488,AIXBT/USDT:USDT,0.14801,3.0,0.148,7.0,0.14808,45.0,0.14812,112.0
1753531809522,12:10:09.522,AIXBT/USDT:USDT,0.14801,3.0,0.148,7.0,0.14808,45.0,0.14812,112.0
1753531809692,12:10:09.692,AIXBT/USDT:USDT,0.14801,3.0,0.148,7.0,0.14808,45.0,0.14812,112.0
1753531809699,12:10:09.699,AIXBT/USDT:USDT,0.14801,3.0,0.148,7.0,0.14808,31.0,0.14812,112.0
1753531809891,12:10:09.891,AIXBT/USDT:USDT,0.14801,3.0,0.148,7.0,0.14808,31.0,0.14812,112.0
1753531809944,12:10:09.944,AIXBT/USDT:USDT,0.14801,3.0,0.148,7.0,0.14808,31.0,0.14812,112.0
1753531810383,12:10:10.383,AIXBT/USDT:USDT,0.14801,3.0,0.148,7.0,0.14808,31.0,0.14812,112.0
1753531810469,12:10:10.469,AIXBT/USDT:USDT,0.14801,3.0,0.148,7.0,0.14812,81.0,0.14813,143.0
1753531810585,12:10:10.585,AIXBT/USDT:USDT,0.14801,3.0,0.148,7.0,0.14812,81.0,0.14813,143.0
1753531810781,12:10:10.781,AIXBT/USDT:USDT,0.14801,3.0,0.148,7.0,0.14812,81.0,0.14813,143.0
1753531810950,12:10:10.950,AIXBT/USDT:USDT,0.14801,3.0,0.148,7.0,0.14812,81.0,0.14813,488.0
1753531811075,12:10:11.075,AIXBT/USDT:USDT,0.14801,3.0,0.148,7.0,0.14812,81.0,0.14813,488.0
1753531811107,12:10:11.107,AIXBT/USDT:USDT,0.14801,3.0,0.148,7.0,0.14812,81.0,0.14813,488.0
1753531811615,12:10:11.615,AIXBT/USDT:USDT,0.14801,3.0,0.148,7.0,0.14812,81.0,0.14813,488.0
1753531811954,12:10:11.954,AIXBT/USDT:USDT,0.14801,3.0,0.148,67.0,0.14812,81.0,0.14813,143.0
1753531812024,12:10:12.024,AIXBT/USDT:USDT,0.14801,3.0,0.148,67.0,0.14812,81.0,0.14813,143.0
1753531812101,12:10:12.101,AIXBT/USDT:USDT,0.14801,3.0,0.148,67.0,0.14812,81.0,0.14813,143.0
1753531812234,12:10:12.234,AIXBT/USDT:USDT,0.14801,3.0,0.148,7.0,0.14812,81.0,0.14813,488.0
1753531812395,12:10:12.395,AIXBT/USDT:USDT,0.14801,3.0,0.148,7.0,0.14812,81.0,0.14813,488.0
1753531812724,12:10:12.724,AIXBT/USDT:USDT,0.14801,3.0,0.148,7.0,0.14812,81.0,0.14813,488.0
1753531812907,12:10:12.907,AIXBT/USDT:USDT,0.14801,3.0,0.148,7.0,0.14812,81.0,0.14813,488.0
1753531812995,12:10:12.995,AIXBT/USDT:USDT,0.14801,3.0,0.148,7.0,0.14812,81.0,0.14813,488.0
1753531813414,12:10:13.414,AIXBT/USDT:USDT,0.14801,3.0,0.148,7.0,0.14812,81.0,0.14813,488.0
1753531813584,12:10:13.584,AIXBT/USDT:USDT,0.14801,3.0,0.148,7.0,0.14812,81.0,0.14813,488.0
1753531813650,12:10:13.650,AIXBT/USDT:USDT,0.14801,3.0,0.148,7.0,0.14812,81.0,0.14813,488.0
1753531814005,12:10:14.005,AIXBT/USDT:USDT,0.14801,3.0,0.148,7.0,0.14812,81.0,0.14813,488.0
1753531814480,12:10:14.480,AIXBT/USDT:USDT,0.14801,3.0,0.148,7.0,0.14812,81.0,0.14813,488.0
1753531814578,12:10:14.578,AIXBT/USDT:USDT,0.14801,3.0,0.148,7.0,0.14812,81.0,0.14813,488.0
1753531814677,12:10:14.677,AIXBT/USDT:USDT,0.14801,3.0,0.148,7.0,0.14812,81.0,0.14813,488.0
1753531814694,12:10:14.694,AIXBT/USDT:USDT,0.14801,3.0,0.148,7.0,0.14812,81.0,0.14813,488.0
1753531814868,12:10:14.868,AIXBT/USDT:USDT,0.14801,3.0,0.148,7.0,0.14812,81.0,0.14813,488.0
1753531814895,12:10:14.895,AIXBT/USDT:USDT,0.14801,3.0,0.148,7.0,0.14812,81.0,0.14813,488.0
1753531815009,12:10:15.009,AIXBT/USDT:USDT,0.14801,3.0,0.148,7.0,0.14812,81.0,0.14813,488.0
1753531815097,12:10:15.097,AIXBT/USDT:USDT,0.14801,3.0,0.148,7.0,0.14812,81.0,0.14813,488.0
1753531815198,12:10:15.198,AIXBT/USDT:USDT,0.14801,3.0,0.148,7.0,0.14812,81.0,0.14813,488.0
1753531815320,12:10:15.320,AIXBT/USDT:USDT,0.14801,3.0,0.148,7.0,0.14812,81.0,0.14813,488.0
1753531815401,12:10:15.401,AIXBT/USDT:USDT,0.14801,3.0,0.148,7.0,0.14812,81.0,0.14813,488.0
1753531815736,12:10:15.736,AIXBT/USDT:USDT,0.14801,3.0,0.148,7.0,0.14812,81.0,0.14813,488.0
1753531815871,12:10:15.871,AIXBT/USDT:USDT,0.14801,3.0,0.148,7.0,0.14812,81.0,0.14813,488.0
1753531816385,12:10:16.385,AIXBT/USDT:USDT,0.14801,3.0,0.148,7.0,0.14806,345.0,0.14808,147.0
1753531816407,12:10:16.407,AIXBT/USDT:USDT,0.14801,1.0,0.148,7.0,0.14806,345.0,0.14808,147.0
1753531816554,12:10:16.554,AIXBT/USDT:USDT,0.14801,1.0,0.148,7.0,0.14806,345.0,0.14808,147.0
1753531816975,12:10:16.975,AIXBT/USDT:USDT,0.14801,1.0,0.148,7.0,0.14806,345.0,0.14808,147.0
1753531817191,12:10:17.191,AIXBT/USDT:USDT,0.14801,1.0,0.148,7.0,0.14806,345.0,0.14808,147.0
1753531817291,12:10:17.291,AIXBT/USDT:USDT,0.148,7.0,0.14786,979.0,0.14806,369.0,0.14808,147.0
1753531817393,12:10:17.393,AIXBT/USDT:USDT,0.148,7.0,0.14786,979.0,0.14806,369.0,0.14808,147.0
1753531817393,12:10:17.393,AIXBT/USDT:USDT,0.148,7.0,0.14786,979.0,0.14806,369.0,0.14808,147.0
1753531817623,12:10:17.623,AIXBT/USDT:USDT,0.148,7.0,0.14786,979.0,0.14806,369.0,0.14808,147.0
1753531817821,12:10:17.821,AIXBT/USDT:USDT,0.148,7.0,0.14786,979.0,0.14806,369.0,0.14808,147.0
1753531818003,12:10:18.003,AIXBT/USDT:USDT,0.148,7.0,0.14786,979.0,0.14806,369.0,0.14808,147.0
1753531818287,12:10:18.287,AIXBT/USDT:USDT,0.148,7.0,0.14787,50.0,0.14806,369.0,0.14808,147.0
1753531818315,12:10:18.315,AIXBT/USDT:USDT,0.148,7.0,0.14787,50.0,0.14806,369.0,0.14808,147.0
1753531818394,12:10:18.394,AIXBT/USDT:USDT,0.148,7.0,0.14787,50.0,0.14806,369.0,0.14808,147.0
1753531818640,12:10:18.640,AIXBT/USDT:USDT,0.148,7.0,0.14787,50.0,0.14806,369.0,0.14808,147.0
1753531819201,12:10:19.201,AIXBT/USDT:USDT,0.148,7.0,0.14787,50.0,0.14806,369.0,0.14808,147.0
1753531819298,12:10:19.298,AIXBT/USDT:USDT,0.148,7.0,0.14787,50.0,0.14806,369.0,0.14808,147.0
