timestamp,time,symbol,bid1_price,bid1_volume,bid2_price,bid2_volume,ask1_price,ask1_volume,ask2_price,ask2_volume
1753531550000,12:05:50.000,AGLD/USDT:USDT,0.7901,760.0,0.79,54.0,0.7905,6.0,0.7906,26.0
1753531550736,12:05:50.736,AGLD/USDT:USDT,0.7901,760.0,0.79,54.0,0.7905,6.0,0.7906,26.0
1753531551306,12:05:51.306,AGLD/USDT:USDT,0.7901,760.0,0.79,61.0,0.7905,6.0,0.7906,26.0
1753531552225,12:05:52.225,AGLD/USDT:USDT,0.7901,760.0,0.79,61.0,0.7905,13.0,0.7906,26.0
1753531552310,12:05:52.310,AGLD/USDT:USDT,0.7901,760.0,0.79,61.0,0.7905,39.0,0.7907,7.0
1753531553477,12:05:53.477,AGLD/USDT:USDT,0.7901,760.0,0.79,7.0,0.7905,39.0,0.7907,7.0
1753531554224,12:05:54.224,AGLD/USDT:USDT,0.7901,760.0,0.7898,83.0,0.7905,39.0,0.7907,7.0
1753531559140,12:05:59.140,AGLD/USDT:USDT,0.7901,760.0,0.7898,83.0,0.7905,39.0,0.7907,7.0
1753531561326,12:06:01.326,AGLD/USDT:USDT,0.7901,767.0,0.7898,83.0,0.7905,32.0,0.7909,54.0
1753531561558,12:06:01.558,AGLD/USDT:USDT,0.7901,774.0,0.7898,83.0,0.7905,6.0,0.7908,26.0
1753531561624,12:06:01.624,AGLD/USDT:USDT,0.7901,774.0,0.7898,83.0,0.7907,6.0,0.7908,26.0
1753531570146,12:06:10.146,AGLD/USDT:USDT,0.7902,815.0,0.7901,40.0,0.7907,6.0,0.7909,26.0
1753531570406,12:06:10.406,AGLD/USDT:USDT,0.7902,815.0,0.7901,40.0,0.7908,6.0,0.7909,26.0
1753531571354,12:06:11.354,AGLD/USDT:USDT,0.7902,815.0,0.7901,40.0,0.7908,6.0,0.7909,26.0
1753531571762,12:06:11.762,AGLD/USDT:USDT,0.7903,816.0,0.7902,55.0,0.7907,26.0,0.7908,13.0
1753531571851,12:06:11.851,AGLD/USDT:USDT,0.7903,823.0,0.7902,62.0,0.7906,6.0,0.7907,26.0
1753531572556,12:06:12.556,AGLD/USDT:USDT,0.7903,823.0,0.7902,62.0,0.7906,6.0,0.7907,26.0
1753531573111,12:06:13.111,AGLD/USDT:USDT,0.7903,823.0,0.7902,88.0,0.791,6.0,0.7911,26.0
1753531573222,12:06:13.222,AGLD/USDT:USDT,0.7903,823.0,0.7902,88.0,0.791,6.0,0.7911,26.0
1753531574112,12:06:14.112,AGLD/USDT:USDT,0.7903,823.0,0.7902,88.0,0.791,6.0,0.7911,26.0
1753531575114,12:06:15.114,AGLD/USDT:USDT,0.7903,823.0,0.7902,88.0,0.791,6.0,0.7911,26.0
1753531575733,12:06:15.733,AGLD/USDT:USDT,0.7903,823.0,0.7902,88.0,0.791,6.0,0.7911,26.0
1753531575826,12:06:15.826,AGLD/USDT:USDT,0.7904,311.0,0.7903,849.0,0.791,6.0,0.7911,26.0
1753531575932,12:06:15.932,AGLD/USDT:USDT,0.7904,816.0,0.7903,89.0,0.791,6.0,0.7911,26.0
1753531576046,12:06:16.046,AGLD/USDT:USDT,0.7907,378.0,0.7906,7.0,0.791,6.0,0.7911,26.0
1753531576152,12:06:16.152,AGLD/USDT:USDT,0.7907,630.0,0.7906,7.0,0.791,6.0,0.7911,33.0
1753531576459,12:06:16.459,AGLD/USDT:USDT,0.7907,378.0,0.7906,7.0,0.791,6.0,0.7911,33.0
1753531578046,12:06:18.046,AGLD/USDT:USDT,0.7904,82.0,0.7903,56.0,0.791,6.0,0.7911,40.0
1753531578069,12:06:18.069,AGLD/USDT:USDT,0.7904,816.0,0.7902,81.0,0.791,6.0,0.7911,40.0
1753531580860,12:06:20.860,AGLD/USDT:USDT,0.7904,816.0,0.7902,81.0,0.791,6.0,0.7911,40.0
1753531580884,12:06:20.884,AGLD/USDT:USDT,0.7904,823.0,0.7902,81.0,0.791,6.0,0.7911,33.0
1753531581889,12:06:21.889,AGLD/USDT:USDT,0.7904,767.0,0.7902,81.0,0.791,6.0,0.7911,33.0
1753531582072,12:06:22.072,AGLD/USDT:USDT,0.7904,760.0,0.7902,81.0,0.791,6.0,0.7911,33.0
1753531584115,12:06:24.115,AGLD/USDT:USDT,0.7904,760.0,0.7902,81.0,0.791,6.0,0.7911,33.0
1753531588254,12:06:28.254,AGLD/USDT:USDT,0.7904,760.0,0.7902,81.0,0.791,6.0,0.7911,33.0
1753531591333,12:06:31.333,AGLD/USDT:USDT,0.7904,760.0,0.7902,81.0,0.791,6.0,0.7911,33.0
1753531592280,12:06:32.280,AGLD/USDT:USDT,0.7904,760.0,0.7902,81.0,0.791,6.0,0.7911,33.0
1753531593131,12:06:33.131,AGLD/USDT:USDT,0.7904,760.0,0.7902,81.0,0.791,6.0,0.7911,33.0
1753531593463,12:06:33.463,AGLD/USDT:USDT,0.7904,760.0,0.7902,81.0,0.7909,87.0,0.791,60.0
1753531593546,12:06:33.546,AGLD/USDT:USDT,0.7901,26.0,0.7899,54.0,0.7908,86.0,0.7909,68.0
1753531593657,12:06:33.657,AGLD/USDT:USDT,0.7899,54.0,0.7898,493.0,0.7906,26.0,0.7907,54.0
1753531593670,12:06:33.670,AGLD/USDT:USDT,0.7899,54.0,0.7898,493.0,0.7905,6.0,0.7906,26.0
1753531593956,12:06:33.956,AGLD/USDT:USDT,0.7899,54.0,0.7898,493.0,0.7905,6.0,0.7906,26.0
1753531593966,12:06:33.966,AGLD/USDT:USDT,0.7899,814.0,0.7898,493.0,0.7905,6.0,0.7906,26.0
1753531594064,12:06:34.064,AGLD/USDT:USDT,0.7899,828.0,0.7898,493.0,0.7905,6.0,0.7906,26.0
1753531595179,12:06:35.179,AGLD/USDT:USDT,0.7899,828.0,0.7898,493.0,0.7906,6.0,0.7907,26.0
1753531596114,12:06:36.114,AGLD/USDT:USDT,0.7899,828.0,0.7898,493.0,0.7906,6.0,0.7907,26.0
1753531596392,12:06:36.392,AGLD/USDT:USDT,0.7899,828.0,0.7898,493.0,0.7906,6.0,0.7907,26.0
1753531597206,12:06:37.206,AGLD/USDT:USDT,0.7899,828.0,0.7898,493.0,0.7906,6.0,0.7907,26.0
1753531597654,12:06:37.654,AGLD/USDT:USDT,0.7899,828.0,0.7898,493.0,0.7906,6.0,0.7907,26.0
1753531597744,12:06:37.744,AGLD/USDT:USDT,0.7899,828.0,0.7898,493.0,0.7906,6.0,0.7907,26.0
1753531597825,12:06:37.825,AGLD/USDT:USDT,0.79,760.0,0.7899,94.0,0.7906,6.0,0.7908,26.0
1753531597877,12:06:37.877,AGLD/USDT:USDT,0.79,760.0,0.7899,94.0,0.7907,6.0,0.7908,26.0
1753531598024,12:06:38.024,AGLD/USDT:USDT,0.79,760.0,0.7899,94.0,0.7907,6.0,0.7908,26.0
1753531599928,12:06:39.928,AGLD/USDT:USDT,0.79,760.0,0.7899,94.0,0.7907,6.0,0.7908,26.0
1753531600045,12:06:40.045,AGLD/USDT:USDT,0.79,760.0,0.7899,94.0,0.7907,6.0,0.7908,26.0
1753531600149,12:06:40.149,AGLD/USDT:USDT,0.7901,68.0,0.79,786.0,0.7907,6.0,0.7908,26.0
1753531600246,12:06:40.246,AGLD/USDT:USDT,0.7901,448.0,0.79,26.0,0.7907,6.0,0.7909,26.0
1753531600462,12:06:40.462,AGLD/USDT:USDT,0.7901,828.0,0.79,26.0,0.7908,6.0,0.7909,26.0
1753531600946,12:06:40.946,AGLD/USDT:USDT,0.7902,313.0,0.7901,854.0,0.7908,6.0,0.7909,26.0
1753531601276,12:06:41.276,AGLD/USDT:USDT,0.7902,313.0,0.7901,854.0,0.7908,6.0,0.7909,26.0
1753531602163,12:06:42.163,AGLD/USDT:USDT,0.7902,313.0,0.7901,94.0,0.7908,6.0,0.7909,26.0
1753531602166,12:06:42.166,AGLD/USDT:USDT,0.7902,57.0,0.7901,94.0,0.7908,6.0,0.7909,26.0
1753531602296,12:06:42.296,AGLD/USDT:USDT,0.7902,817.0,0.7901,94.0,0.7908,6.0,0.7909,26.0
1753531602502,12:06:42.502,AGLD/USDT:USDT,0.7902,817.0,0.7901,94.0,0.7908,6.0,0.7909,26.0
1753531604025,12:06:44.025,AGLD/USDT:USDT,0.7902,760.0,0.7901,68.0,0.7907,26.0,0.7908,13.0
1753531604122,12:06:44.122,AGLD/USDT:USDT,0.7902,760.0,0.7901,14.0,0.7906,6.0,0.7907,26.0
1753531604426,12:06:44.426,AGLD/USDT:USDT,0.7902,760.0,0.7901,7.0,0.7906,39.0,0.7907,14.0
1753531606073,12:06:46.073,AGLD/USDT:USDT,0.7902,760.0,0.7899,80.0,0.7906,39.0,0.7907,14.0
1753531607524,12:06:47.524,AGLD/USDT:USDT,0.7902,760.0,0.7899,80.0,0.7906,39.0,0.7907,14.0
1753531608485,12:06:48.485,AGLD/USDT:USDT,0.7902,760.0,0.7899,80.0,0.7906,39.0,0.7907,14.0
1753531610223,12:06:50.223,AGLD/USDT:USDT,0.7902,760.0,0.7901,7.0,0.7906,39.0,0.7907,14.0
1753531610304,12:06:50.304,AGLD/USDT:USDT,0.7902,767.0,0.7901,7.0,0.7906,39.0,0.7907,14.0
1753531612036,12:06:52.036,AGLD/USDT:USDT,0.7902,760.0,0.7901,7.0,0.7906,39.0,0.7907,14.0
1753531612228,12:06:52.228,AGLD/USDT:USDT,0.7902,760.0,0.7901,7.0,0.7906,39.0,0.7907,14.0
1753531613005,12:06:53.005,AGLD/USDT:USDT,0.7902,767.0,0.7901,33.0,0.7906,6.0,0.7909,26.0
1753531613277,12:06:53.277,AGLD/USDT:USDT,0.7902,760.0,0.7901,7.0,0.7906,6.0,0.7907,40.0
1753531613470,12:06:53.470,AGLD/USDT:USDT,0.7902,760.0,0.7901,7.0,0.7906,6.0,0.7907,40.0
1753531614330,12:06:54.330,AGLD/USDT:USDT,0.7902,760.0,0.7901,7.0,0.7906,6.0,0.7907,40.0
1753531617253,12:06:57.253,AGLD/USDT:USDT,0.7902,760.0,0.79,26.0,0.7906,6.0,0.7907,40.0
1753531619453,12:06:59.453,AGLD/USDT:USDT,0.7902,767.0,0.79,26.0,0.7906,6.0,0.7907,40.0
1753531621016,12:07:01.016,AGLD/USDT:USDT,0.7902,774.0,0.79,26.0,0.7906,6.0,0.7907,33.0
1753531621529,12:07:01.529,AGLD/USDT:USDT,0.7902,774.0,0.79,26.0,0.7906,6.0,0.7907,33.0
1753531624145,12:07:04.145,AGLD/USDT:USDT,0.7902,767.0,0.7899,80.0,0.7906,6.0,0.7907,33.0
1753531627697,12:07:07.697,AGLD/USDT:USDT,0.7902,774.0,0.7899,80.0,0.7906,6.0,0.7907,33.0
1753531630856,12:07:10.856,AGLD/USDT:USDT,0.7902,774.0,0.7899,80.0,0.7906,6.0,0.7907,33.0
1753531630866,12:07:10.866,AGLD/USDT:USDT,0.7902,774.0,0.7899,80.0,0.7906,6.0,0.7907,33.0
1753531633115,12:07:13.115,AGLD/USDT:USDT,0.7902,774.0,0.7899,80.0,0.7906,6.0,0.7907,33.0
1753531633540,12:07:13.540,AGLD/USDT:USDT,0.7902,774.0,0.7899,80.0,0.7906,6.0,0.7907,33.0
1753531635214,12:07:15.214,AGLD/USDT:USDT,0.7902,774.0,0.7899,80.0,0.7906,6.0,0.7907,33.0
1753531636145,12:07:16.145,AGLD/USDT:USDT,0.7902,774.0,0.7899,80.0,0.7906,6.0,0.7907,33.0
1753531637825,12:07:17.825,AGLD/USDT:USDT,0.7902,774.0,0.7899,80.0,0.7906,6.0,0.7907,33.0
1753531638579,12:07:18.579,AGLD/USDT:USDT,0.7902,774.0,0.7899,80.0,0.7906,6.0,0.7907,33.0
1753531639242,12:07:19.242,AGLD/USDT:USDT,0.7902,774.0,0.7899,80.0,0.7906,6.0,0.7907,33.0
1753531639661,12:07:19.661,AGLD/USDT:USDT,0.7902,774.0,0.7899,80.0,0.7906,6.0,0.7907,33.0
1753531645387,12:07:25.387,AGLD/USDT:USDT,0.7902,774.0,0.7899,80.0,0.7906,6.0,0.7907,33.0
1753531650543,12:07:30.543,AGLD/USDT:USDT,0.7902,774.0,0.7899,80.0,0.7906,6.0,0.7907,33.0
1753531655353,12:07:35.353,AGLD/USDT:USDT,0.7902,760.0,0.7899,80.0,0.7906,6.0,0.7907,33.0
1753531655456,12:07:35.456,AGLD/USDT:USDT,0.7902,760.0,0.7899,80.0,0.7906,94.0,0.7907,7.0
1753531655562,12:07:35.562,AGLD/USDT:USDT,0.7899,760.0,0.7898,656.0,0.7904,26.0,0.7905,62.0
1753531655636,12:07:35.636,AGLD/USDT:USDT,0.7898,663.0,0.7897,738.0,0.7903,12.0,0.7904,32.0
1753531655737,12:07:35.737,AGLD/USDT:USDT,0.7898,663.0,0.7897,738.0,0.7903,12.0,0.7904,32.0
1753531655810,12:07:35.810,AGLD/USDT:USDT,0.7898,663.0,0.7897,738.0,0.7903,12.0,0.7904,32.0
1753531655956,12:07:35.956,AGLD/USDT:USDT,0.7898,663.0,0.7897,738.0,0.7903,12.0,0.7904,32.0
1753531656022,12:07:36.022,AGLD/USDT:USDT,0.7898,656.0,0.7897,738.0,0.7903,12.0,0.7904,32.0
1753531656067,12:07:36.067,AGLD/USDT:USDT,0.7899,311.0,0.7898,1423.0,0.7903,12.0,0.7904,32.0
1753531656253,12:07:36.253,AGLD/USDT:USDT,0.7899,311.0,0.7898,1423.0,0.7903,12.0,0.7904,32.0
1753531656758,12:07:36.758,AGLD/USDT:USDT,0.7899,311.0,0.7898,1416.0,0.7903,12.0,0.7904,26.0
1753531656861,12:07:36.861,AGLD/USDT:USDT,0.7899,311.0,0.7898,1416.0,0.7903,12.0,0.7904,26.0
1753531656961,12:07:36.961,AGLD/USDT:USDT,0.7899,311.0,0.7898,1416.0,0.7903,74.0,0.7905,26.0
1753531657051,12:07:37.051,AGLD/USDT:USDT,0.7899,311.0,0.7898,1416.0,0.7903,100.0,0.7906,56.0
1753531657746,12:07:37.746,AGLD/USDT:USDT,0.7899,774.0,0.7898,656.0,0.7903,88.0,0.7906,56.0
1753531657837,12:07:37.837,AGLD/USDT:USDT,0.7899,767.0,0.7898,656.0,0.7903,6.0,0.7905,26.0
1753531657882,12:07:37.882,AGLD/USDT:USDT,0.7899,760.0,0.7898,656.0,0.7904,12.0,0.7905,26.0
1753531657965,12:07:37.965,AGLD/USDT:USDT,0.7899,767.0,0.7898,656.0,0.7904,12.0,0.7905,26.0
1753531658160,12:07:38.160,AGLD/USDT:USDT,0.7899,760.0,0.7898,656.0,0.7904,12.0,0.7905,26.0
1753531658258,12:07:38.258,AGLD/USDT:USDT,0.7899,14.0,0.7898,656.0,0.7904,12.0,0.7905,26.0
1753531658318,12:07:38.318,AGLD/USDT:USDT,0.7899,774.0,0.7898,656.0,0.7904,12.0,0.7905,26.0
1753531658617,12:07:38.617,AGLD/USDT:USDT,0.7899,760.0,0.7898,656.0,0.7904,12.0,0.7905,26.0
1753531658725,12:07:38.725,AGLD/USDT:USDT,0.7899,760.0,0.7898,656.0,0.7903,26.0,0.7904,74.0
1753531658849,12:07:38.849,AGLD/USDT:USDT,0.7899,767.0,0.7898,663.0,0.7902,6.0,0.7903,26.0
1753531659150,12:07:39.150,AGLD/USDT:USDT,0.7899,7.0,0.7898,663.0,0.7902,6.0,0.7903,26.0
1753531659404,12:07:39.404,AGLD/USDT:USDT,0.7899,7.0,0.7898,663.0,0.7902,6.0,0.7905,26.0
1753531659562,12:07:39.562,AGLD/USDT:USDT,0.7899,767.0,0.7898,663.0,0.7904,6.0,0.7905,26.0
1753531659562,12:07:39.562,AGLD/USDT:USDT,0.7899,767.0,0.7898,663.0,0.7904,6.0,0.7905,26.0
1753531659902,12:07:39.902,AGLD/USDT:USDT,0.7899,767.0,0.7898,663.0,0.7904,6.0,0.7905,26.0
1753531660065,12:07:40.065,AGLD/USDT:USDT,0.7899,767.0,0.7898,663.0,0.7904,12.0,0.7905,26.0
1753531660525,12:07:40.525,AGLD/USDT:USDT,0.7899,767.0,0.7898,663.0,0.7904,12.0,0.7905,26.0
1753531660808,12:07:40.808,AGLD/USDT:USDT,0.7899,767.0,0.7898,663.0,0.7904,6.0,0.7905,26.0
1753531663542,12:07:43.542,AGLD/USDT:USDT,0.7899,767.0,0.7898,663.0,0.7904,12.0,0.7905,26.0
1753531666128,12:07:46.128,AGLD/USDT:USDT,0.7899,767.0,0.7898,663.0,0.7904,12.0,0.7905,26.0
1753531666234,12:07:46.234,AGLD/USDT:USDT,0.7899,767.0,0.7898,717.0,0.7904,12.0,0.7905,26.0
1753531666459,12:07:46.459,AGLD/USDT:USDT,0.79,821.0,0.7899,87.0,0.7904,6.0,0.7908,26.0
1753531666486,12:07:46.486,AGLD/USDT:USDT,0.79,821.0,0.7899,87.0,0.7907,6.0,0.7908,26.0
1753531667579,12:07:47.579,AGLD/USDT:USDT,0.79,821.0,0.7899,87.0,0.7907,6.0,0.7908,26.0
1753531675185,12:07:55.185,AGLD/USDT:USDT,0.79,821.0,0.7899,61.0,0.7906,26.0,0.7907,61.0
1753531675286,12:07:55.286,AGLD/USDT:USDT,0.79,821.0,0.7899,61.0,0.7905,6.0,0.7906,26.0
1753531676163,12:07:56.163,AGLD/USDT:USDT,0.79,821.0,0.7899,61.0,0.7905,32.0,0.7909,54.0
1753531676226,12:07:56.226,AGLD/USDT:USDT,0.79,821.0,0.7899,87.0,0.7905,6.0,0.7908,26.0
1753531676270,12:07:56.270,AGLD/USDT:USDT,0.79,821.0,0.7899,87.0,0.7907,6.0,0.7908,26.0
1753531679045,12:07:59.045,AGLD/USDT:USDT,0.79,87.0,0.7899,61.0,0.7907,6.0,0.7909,26.0
1753531679089,12:07:59.089,AGLD/USDT:USDT,0.7901,254.0,0.79,847.0,0.7908,61.0,0.7909,26.0
1753531679207,12:07:59.207,AGLD/USDT:USDT,0.7901,254.0,0.79,821.0,0.7907,26.0,0.7908,61.0
1753531679283,12:07:59.283,AGLD/USDT:USDT,0.7901,261.0,0.79,821.0,0.7906,6.0,0.7907,26.0
1753531681137,12:08:01.137,AGLD/USDT:USDT,0.7901,767.0,0.79,61.0,0.7906,6.0,0.7907,26.0
1753531681587,12:08:01.587,AGLD/USDT:USDT,0.7901,767.0,0.79,87.0,0.7906,6.0,0.7909,26.0
1753531681748,12:08:01.748,AGLD/USDT:USDT,0.7901,767.0,0.79,87.0,0.7908,6.0,0.7909,26.0
1753531683446,12:08:03.446,AGLD/USDT:USDT,0.7902,63.0,0.7901,33.0,0.7908,12.0,0.7909,26.0
1753531683466,12:08:03.466,AGLD/USDT:USDT,0.7902,63.0,0.7901,33.0,0.7908,12.0,0.7909,26.0
1753531683585,12:08:03.585,AGLD/USDT:USDT,0.7902,63.0,0.7901,33.0,0.7908,12.0,0.7909,26.0
1753531683761,12:08:03.761,AGLD/USDT:USDT,0.7902,63.0,0.7901,33.0,0.7908,12.0,0.7909,26.0
1753531684175,12:08:04.175,AGLD/USDT:USDT,0.7902,63.0,0.7901,33.0,0.7908,12.0,0.7909,26.0
1753531684447,12:08:04.447,AGLD/USDT:USDT,0.7902,767.0,0.7901,7.0,0.7907,26.0,0.7908,12.0
1753531684484,12:08:04.484,AGLD/USDT:USDT,0.7902,767.0,0.7901,33.0,0.7906,6.0,0.7908,6.0
1753531684576,12:08:04.576,AGLD/USDT:USDT,0.7902,767.0,0.7901,33.0,0.7908,6.0,0.7909,26.0
1753531685116,12:08:05.116,AGLD/USDT:USDT,0.7902,767.0,0.7901,33.0,0.7908,6.0,0.7909,26.0
1753531686626,12:08:06.626,AGLD/USDT:USDT,0.7902,767.0,0.7901,33.0,0.7908,6.0,0.7909,26.0
1753531687402,12:08:07.402,AGLD/USDT:USDT,0.7902,767.0,0.7901,33.0,0.7908,6.0,0.7909,26.0
1753531688133,12:08:08.133,AGLD/USDT:USDT,0.7902,767.0,0.7901,33.0,0.7908,6.0,0.7909,26.0
1753531688909,12:08:08.909,AGLD/USDT:USDT,0.7902,767.0,0.7901,33.0,0.7908,6.0,0.7909,26.0
1753531689667,12:08:09.667,AGLD/USDT:USDT,0.7902,767.0,0.7901,33.0,0.7908,6.0,0.7909,26.0
1753531690426,12:08:10.426,AGLD/USDT:USDT,0.7902,767.0,0.7901,33.0,0.7908,6.0,0.7909,26.0
1753531691151,12:08:11.151,AGLD/USDT:USDT,0.7902,767.0,0.7901,89.0,0.7908,6.0,0.7909,26.0
1753531691545,12:08:11.545,AGLD/USDT:USDT,0.7902,767.0,0.7901,89.0,0.7908,6.0,0.7909,26.0
1753531691921,12:08:11.921,AGLD/USDT:USDT,0.7902,767.0,0.7901,89.0,0.7908,6.0,0.7909,26.0
1753531692645,12:08:12.645,AGLD/USDT:USDT,0.7902,767.0,0.7901,89.0,0.7908,6.0,0.7909,26.0
1753531693417,12:08:13.417,AGLD/USDT:USDT,0.7902,767.0,0.7901,89.0,0.7908,6.0,0.7909,26.0
1753531693859,12:08:13.859,AGLD/USDT:USDT,0.7902,767.0,0.7901,89.0,0.7908,62.0,0.7909,26.0
1753531693867,12:08:13.867,AGLD/USDT:USDT,0.7902,767.0,0.7901,63.0,0.7907,26.0,0.7908,62.0
1753531694025,12:08:14.025,AGLD/USDT:USDT,0.7902,767.0,0.7901,89.0,0.7906,6.0,0.7909,26.0
1753531694071,12:08:14.071,AGLD/USDT:USDT,0.7902,767.0,0.7901,89.0,0.7908,6.0,0.7909,26.0
1753531694277,12:08:14.277,AGLD/USDT:USDT,0.7902,767.0,0.7901,89.0,0.7908,6.0,0.7909,26.0
1753531694555,12:08:14.555,AGLD/USDT:USDT,0.7902,767.0,0.7901,89.0,0.7908,6.0,0.7909,26.0
1753531695077,12:08:15.077,AGLD/USDT:USDT,0.7902,767.0,0.7901,89.0,0.7908,6.0,0.7909,26.0
1753531695985,12:08:15.985,AGLD/USDT:USDT,0.7902,767.0,0.7901,89.0,0.7908,6.0,0.7909,26.0
1753531696592,12:08:16.592,AGLD/USDT:USDT,0.7902,767.0,0.7901,89.0,0.7908,6.0,0.7909,26.0
1753531696762,12:08:16.762,AGLD/USDT:USDT,0.7903,288.0,0.7902,767.0,0.7908,6.0,0.7909,26.0
1753531696790,12:08:16.790,AGLD/USDT:USDT,0.7903,7.0,0.7902,7.0,0.7908,12.0,0.7909,26.0
1753531696879,12:08:16.879,AGLD/USDT:USDT,0.7903,7.0,0.7902,7.0,0.7908,12.0,0.7909,26.0
1753531696979,12:08:16.979,AGLD/USDT:USDT,0.7903,7.0,0.7902,7.0,0.7908,12.0,0.7909,26.0
1753531697222,12:08:17.222,AGLD/USDT:USDT,0.7903,7.0,0.7902,7.0,0.7908,6.0,0.7909,26.0
1753531697529,12:08:17.529,AGLD/USDT:USDT,0.7903,150.0,0.7902,7.0,0.7908,6.0,0.7909,26.0
1753531698095,12:08:18.095,AGLD/USDT:USDT,0.7903,150.0,0.7902,7.0,0.7908,6.0,0.7909,26.0
1753531698990,12:08:18.990,AGLD/USDT:USDT,0.7903,150.0,0.7902,7.0,0.7908,6.0,0.7909,26.0
1753531700500,12:08:20.500,AGLD/USDT:USDT,0.7903,150.0,0.7902,7.0,0.7908,6.0,0.7909,26.0
1753531700567,12:08:20.567,AGLD/USDT:USDT,0.7903,150.0,0.7902,7.0,0.7908,6.0,0.7909,26.0
1753531701041,12:08:21.041,AGLD/USDT:USDT,0.7903,760.0,0.7902,7.0,0.7907,54.0,0.7908,72.0
1753531701120,12:08:21.120,AGLD/USDT:USDT,0.7903,760.0,0.7902,7.0,0.7906,6.0,0.7907,80.0
1753531701166,12:08:21.166,AGLD/USDT:USDT,0.7903,760.0,0.7902,7.0,0.7906,6.0,0.7907,80.0
1753531701461,12:08:21.461,AGLD/USDT:USDT,0.7903,760.0,0.7902,7.0,0.7906,6.0,0.7907,26.0
1753531701482,12:08:21.482,AGLD/USDT:USDT,0.7903,760.0,0.7902,14.0,0.7906,6.0,0.7907,26.0
1753531701739,12:08:21.739,AGLD/USDT:USDT,0.7903,760.0,0.7902,14.0,0.7906,6.0,0.7907,26.0
1753531703307,12:08:23.307,AGLD/USDT:USDT,0.7903,760.0,0.7902,14.0,0.7906,6.0,0.7909,26.0
1753531703383,12:08:23.383,AGLD/USDT:USDT,0.7903,760.0,0.7902,14.0,0.7908,12.0,0.7909,26.0
1753531703886,12:08:23.886,AGLD/USDT:USDT,0.7903,760.0,0.7902,14.0,0.7907,26.0,0.7908,72.0
1753531703977,12:08:23.977,AGLD/USDT:USDT,0.7903,760.0,0.7902,14.0,0.7906,6.0,0.7907,26.0
1753531705447,12:08:25.447,AGLD/USDT:USDT,0.7903,760.0,0.7902,33.0,0.7912,635.0,0.7913,54.0
1753531705559,12:08:25.559,AGLD/USDT:USDT,0.7904,5.0,0.79,26.0,0.7911,55.0,0.7912,635.0
1753531705658,12:08:25.658,AGLD/USDT:USDT,0.79,26.0,0.7899,59.0,0.7911,55.0,0.7912,635.0
1753531705745,12:08:25.745,AGLD/USDT:USDT,0.7901,80.0,0.79,760.0,0.7911,55.0,0.7912,635.0
1753531705835,12:08:25.835,AGLD/USDT:USDT,0.7901,85.0,0.79,760.0,0.7911,55.0,0.7912,635.0
1753531708000,12:08:28.000,AGLD/USDT:USDT,0.7901,85.0,0.79,760.0,0.7911,55.0,0.7912,635.0
1753531708105,12:08:28.105,AGLD/USDT:USDT,0.7901,85.0,0.79,760.0,0.7911,55.0,0.7912,635.0
1753531708203,12:08:28.203,AGLD/USDT:USDT,0.7902,54.0,0.7901,85.0,0.7911,55.0,0.7912,635.0
1753531710362,12:08:30.362,AGLD/USDT:USDT,0.7902,434.0,0.7901,85.0,0.7911,55.0,0.7912,635.0
1753531710378,12:08:30.378,AGLD/USDT:USDT,0.7903,5.0,0.7902,814.0,0.7911,55.0,0.7912,635.0
1753531711605,12:08:31.605,AGLD/USDT:USDT,0.7903,60.0,0.7902,840.0,0.7911,55.0,0.7912,635.0
1753531711730,12:08:31.730,AGLD/USDT:USDT,0.7903,60.0,0.7902,840.0,0.7911,55.0,0.7912,635.0
1753531711918,12:08:31.918,AGLD/USDT:USDT,0.7903,60.0,0.7902,80.0,0.7911,55.0,0.7912,635.0
1753531711966,12:08:31.966,AGLD/USDT:USDT,0.7903,820.0,0.7902,80.0,0.7911,55.0,0.7912,635.0
1753531712119,12:08:32.119,AGLD/USDT:USDT,0.7903,820.0,0.7902,80.0,0.7911,55.0,0.7912,635.0
1753531712901,12:08:32.901,AGLD/USDT:USDT,0.7903,820.0,0.7902,80.0,0.7911,55.0,0.7912,635.0
1753531713006,12:08:33.006,AGLD/USDT:USDT,0.7903,820.0,0.7902,80.0,0.7911,55.0,0.7912,635.0
1753531713078,12:08:33.078,AGLD/USDT:USDT,0.7903,820.0,0.7902,80.0,0.7911,55.0,0.7912,635.0
1753531713630,12:08:33.630,AGLD/USDT:USDT,0.7903,820.0,0.7902,80.0,0.7911,55.0,0.7912,635.0
1753531713749,12:08:33.749,AGLD/USDT:USDT,0.7903,60.0,0.7902,80.0,0.7911,55.0,0.7912,635.0
1753531713846,12:08:33.846,AGLD/USDT:USDT,0.7903,60.0,0.7902,80.0,0.7911,55.0,0.7912,635.0
1753531713949,12:08:33.949,AGLD/USDT:USDT,0.7903,60.0,0.7902,80.0,0.7911,55.0,0.7912,635.0
1753531714329,12:08:34.329,AGLD/USDT:USDT,0.7903,60.0,0.7902,80.0,0.7911,55.0,0.7912,635.0
1753531714621,12:08:34.621,AGLD/USDT:USDT,0.7903,60.0,0.7902,80.0,0.7911,55.0,0.7912,635.0
1753531714757,12:08:34.757,AGLD/USDT:USDT,0.7903,820.0,0.7902,80.0,0.7911,55.0,0.7912,635.0
1753531714857,12:08:34.857,AGLD/USDT:USDT,0.7903,60.0,0.7902,80.0,0.7911,55.0,0.7912,635.0
1753531714944,12:08:34.944,AGLD/USDT:USDT,0.7903,60.0,0.7902,80.0,0.7911,55.0,0.7912,635.0
1753531714986,12:08:34.986,AGLD/USDT:USDT,0.7903,60.0,0.7902,80.0,0.7911,55.0,0.7912,635.0
1753531715156,12:08:35.156,AGLD/USDT:USDT,0.7903,5.0,0.7902,80.0,0.7911,55.0,0.7912,635.0
1753531715188,12:08:35.188,AGLD/USDT:USDT,0.79,31.0,0.7899,54.0,0.7911,55.0,0.7912,635.0
1753531715340,12:08:35.340,AGLD/USDT:USDT,0.7901,55.0,0.79,26.0,0.7911,55.0,0.7912,635.0
1753531715366,12:08:35.366,AGLD/USDT:USDT,0.7901,81.0,0.7899,59.0,0.7911,55.0,0.7912,635.0
1753531715651,12:08:35.651,AGLD/USDT:USDT,0.7901,841.0,0.7899,59.0,0.7911,55.0,0.7912,635.0
1753531715670,12:08:35.670,AGLD/USDT:USDT,0.7902,5.0,0.7901,841.0,0.7911,55.0,0.7912,635.0
1753531718546,12:08:38.546,AGLD/USDT:USDT,0.7902,5.0,0.79,26.0,0.791,66.0,0.7911,55.0
1753531718626,12:08:38.626,AGLD/USDT:USDT,0.7899,85.0,0.7898,710.0,0.7909,62.0,0.791,55.0
1753531718745,12:08:38.745,AGLD/USDT:USDT,0.7899,85.0,0.7898,710.0,0.7909,62.0,0.791,55.0
1753531719052,12:08:39.052,AGLD/USDT:USDT,0.79,254.0,0.7899,845.0,0.7909,62.0,0.791,55.0
1753531719086,12:08:39.086,AGLD/USDT:USDT,0.7901,5.0,0.7899,26.0,0.7909,62.0,0.791,55.0
1753531719186,12:08:39.186,AGLD/USDT:USDT,0.7899,31.0,0.7898,710.0,0.7909,62.0,0.791,55.0
1753531719508,12:08:39.508,AGLD/USDT:USDT,0.7899,86.0,0.7898,710.0,0.7909,62.0,0.791,55.0
1753531719745,12:08:39.745,AGLD/USDT:USDT,0.7899,86.0,0.7898,710.0,0.7909,62.0,0.791,55.0
1753531720151,12:08:40.151,AGLD/USDT:USDT,0.7899,846.0,0.7898,710.0,0.7909,62.0,0.791,55.0
1753531720166,12:08:40.166,AGLD/USDT:USDT,0.79,254.0,0.7899,846.0,0.7909,62.0,0.791,55.0
1753531720305,12:08:40.305,AGLD/USDT:USDT,0.7901,5.0,0.7899,81.0,0.7909,62.0,0.791,55.0
1753531720385,12:08:40.385,AGLD/USDT:USDT,0.7899,31.0,0.7898,710.0,0.7909,62.0,0.791,55.0
1753531720788,12:08:40.788,AGLD/USDT:USDT,0.7899,31.0,0.7898,710.0,0.7909,62.0,0.791,55.0
1753531721014,12:08:41.014,AGLD/USDT:USDT,0.7899,31.0,0.7898,710.0,0.7909,62.0,0.791,55.0
1753531721945,12:08:41.945,AGLD/USDT:USDT,0.7899,31.0,0.7898,710.0,0.7909,62.0,0.791,55.0
1753531724589,12:08:44.589,AGLD/USDT:USDT,0.7899,31.0,0.7898,710.0,0.7909,62.0,0.791,55.0
1753531725689,12:08:45.689,AGLD/USDT:USDT,0.7899,86.0,0.7898,710.0,0.7909,62.0,0.791,55.0
1753531725945,12:08:45.945,AGLD/USDT:USDT,0.79,254.0,0.7899,846.0,0.7909,62.0,0.791,55.0
1753531725985,12:08:45.985,AGLD/USDT:USDT,0.7901,5.0,0.7899,81.0,0.7909,62.0,0.791,55.0
1753531726153,12:08:46.153,AGLD/USDT:USDT,0.7899,60.0,0.7898,736.0,0.7908,121.0,0.7909,62.0
1753531726180,12:08:46.180,AGLD/USDT:USDT,0.7899,60.0,0.7898,736.0,0.7908,122.0,0.7909,62.0
1753531726832,12:08:46.832,AGLD/USDT:USDT,0.7899,60.0,0.7898,736.0,0.7908,122.0,0.7909,62.0
1753531726928,12:08:46.928,AGLD/USDT:USDT,0.7899,820.0,0.7898,736.0,0.7908,122.0,0.7909,62.0
1753531727044,12:08:47.044,AGLD/USDT:USDT,0.7899,820.0,0.7898,736.0,0.7908,122.0,0.7909,62.0
1753531727065,12:08:47.065,AGLD/USDT:USDT,0.7899,60.0,0.7898,736.0,0.7908,122.0,0.7909,62.0
1753531727348,12:08:47.348,AGLD/USDT:USDT,0.7899,60.0,0.7898,736.0,0.7908,122.0,0.7909,62.0
1753531727540,12:08:47.540,AGLD/USDT:USDT,0.7899,60.0,0.7898,736.0,0.7908,56.0,0.7909,62.0
1753531727645,12:08:47.645,AGLD/USDT:USDT,0.7899,60.0,0.7898,736.0,0.7908,55.0,0.7909,63.0
1753531727759,12:08:47.759,AGLD/USDT:USDT,0.7899,60.0,0.7898,736.0,0.7908,55.0,0.7909,63.0
1753531727857,12:08:47.857,AGLD/USDT:USDT,0.7899,820.0,0.7898,736.0,0.7908,55.0,0.7909,63.0
1753531727957,12:08:47.957,AGLD/USDT:USDT,0.7899,820.0,0.7898,736.0,0.7908,55.0,0.7909,63.0
1753531729356,12:08:49.356,AGLD/USDT:USDT,0.7899,765.0,0.7898,736.0,0.7907,66.0,0.7908,55.0
1753531729424,12:08:49.424,AGLD/USDT:USDT,0.7899,5.0,0.7898,710.0,0.7906,55.0,0.7907,69.0
1753531729490,12:08:49.490,AGLD/USDT:USDT,0.7899,5.0,0.7898,710.0,0.7906,55.0,0.7907,70.0
1753531729758,12:08:49.758,AGLD/USDT:USDT,0.7899,19.0,0.7898,710.0,0.7906,55.0,0.7907,70.0
1753531730146,12:08:50.146,AGLD/USDT:USDT,0.7899,12.0,0.7898,710.0,0.7906,55.0,0.7907,70.0
1753531730753,12:08:50.753,AGLD/USDT:USDT,0.7899,12.0,0.7898,710.0,0.7906,55.0,0.7907,70.0
1753531730892,12:08:50.892,AGLD/USDT:USDT,0.7899,12.0,0.7898,710.0,0.7906,55.0,0.7907,70.0
1753531731848,12:08:51.848,AGLD/USDT:USDT,0.7899,12.0,0.7898,710.0,0.7906,55.0,0.7907,70.0
1753531732751,12:08:52.751,AGLD/USDT:USDT,0.7899,19.0,0.7898,710.0,0.7906,55.0,0.7907,70.0
1753531732844,12:08:52.844,AGLD/USDT:USDT,0.7899,5.0,0.7898,656.0,0.7905,66.0,0.7906,55.0
1753531732960,12:08:52.960,AGLD/USDT:USDT,0.7899,5.0,0.7893,81.0,0.7903,135.0,0.7904,69.0
1753531733063,12:08:53.063,AGLD/USDT:USDT,0.7894,55.0,0.7893,86.0,0.7902,56.0,0.7903,62.0
1753531733075,12:08:53.075,AGLD/USDT:USDT,0.7894,55.0,0.7893,86.0,0.7902,55.0,0.7903,63.0
1753531733363,12:08:53.363,AGLD/USDT:USDT,0.7894,55.0,0.7893,86.0,0.7902,55.0,0.7903,63.0
1753531733606,12:08:53.606,AGLD/USDT:USDT,0.7894,55.0,0.7893,86.0,0.7902,55.0,0.7903,63.0
1753531734627,12:08:54.627,AGLD/USDT:USDT,0.7894,55.0,0.7893,86.0,0.7902,55.0,0.7903,63.0
1753531734716,12:08:54.716,AGLD/USDT:USDT,0.7895,62.0,0.7894,815.0,0.7902,55.0,0.7903,63.0
1753531734776,12:08:54.776,AGLD/USDT:USDT,0.7895,67.0,0.7894,815.0,0.7902,55.0,0.7903,63.0
1753531735449,12:08:55.449,AGLD/USDT:USDT,0.7895,67.0,0.7894,815.0,0.7902,55.0,0.7903,63.0
1753531735532,12:08:55.532,AGLD/USDT:USDT,0.7895,74.0,0.7894,815.0,0.7902,55.0,0.7903,63.0
1753531735645,12:08:55.645,AGLD/USDT:USDT,0.7897,20.0,0.7896,55.0,0.7903,70.0,0.7904,62.0
1753531735870,12:08:55.870,AGLD/USDT:USDT,0.7897,20.0,0.7896,55.0,0.7903,70.0,0.7904,62.0
1753531736345,12:08:56.345,AGLD/USDT:USDT,0.7897,20.0,0.7896,55.0,0.7903,70.0,0.7904,62.0
1753531736366,12:08:56.366,AGLD/USDT:USDT,0.7897,20.0,0.7896,55.0,0.7903,70.0,0.7904,62.0
1753531741107,12:09:01.107,AGLD/USDT:USDT,0.7897,780.0,0.7896,55.0,0.7903,70.0,0.7904,62.0
1753531741182,12:09:01.182,AGLD/USDT:USDT,0.7898,5.0,0.7897,780.0,0.7903,70.0,0.7904,62.0
1753531741506,12:09:01.506,AGLD/USDT:USDT,0.7898,5.0,0.7897,780.0,0.7903,70.0,0.7904,62.0
1753531741891,12:09:01.891,AGLD/USDT:USDT,0.7898,5.0,0.7897,780.0,0.7903,70.0,0.7904,62.0
1753531742738,12:09:02.738,AGLD/USDT:USDT,0.7898,5.0,0.7897,787.0,0.7903,1.0,0.7904,55.0
1753531742825,12:09:02.825,AGLD/USDT:USDT,0.7898,772.0,0.7897,20.0,0.7904,69.0,0.7906,70.0
1753531743657,12:09:03.657,AGLD/USDT:USDT,0.7898,765.0,0.7897,20.0,0.7904,69.0,0.7906,70.0
1753531746145,12:09:06.145,AGLD/USDT:USDT,0.7898,772.0,0.7897,20.0,0.7904,69.0,0.7906,70.0
1753531747315,12:09:07.315,AGLD/USDT:USDT,0.7898,772.0,0.7897,20.0,0.7904,69.0,0.7906,70.0
1753531749070,12:09:09.070,AGLD/USDT:USDT,0.7898,765.0,0.7897,20.0,0.7904,69.0,0.7906,70.0
1753531750608,12:09:10.608,AGLD/USDT:USDT,0.7898,765.0,0.7897,20.0,0.7904,69.0,0.7906,70.0
1753531750899,12:09:10.899,AGLD/USDT:USDT,0.7898,765.0,0.7897,20.0,0.7904,69.0,0.7906,70.0
1753531751158,12:09:11.158,AGLD/USDT:USDT,0.7898,5.0,0.7897,20.0,0.7904,69.0,0.7906,70.0
1753531751184,12:09:11.184,AGLD/USDT:USDT,0.7897,13.0,0.7891,26.0,0.7903,121.0,0.7904,69.0
1753531751345,12:09:11.345,AGLD/USDT:USDT,0.7897,13.0,0.7891,26.0,0.7903,122.0,0.7904,69.0
1753531753582,12:09:13.582,AGLD/USDT:USDT,0.7897,13.0,0.7891,26.0,0.7903,122.0,0.7904,69.0
1753531754059,12:09:14.059,AGLD/USDT:USDT,0.7897,13.0,0.789,26.0,0.7898,80.0,0.7899,14.0
1753531754163,12:09:14.163,AGLD/USDT:USDT,0.7897,13.0,0.789,26.0,0.7898,80.0,0.7899,14.0
1753531754225,12:09:14.225,AGLD/USDT:USDT,0.7897,13.0,0.789,26.0,0.79,21.0,0.7901,63.0
1753531754266,12:09:14.266,AGLD/USDT:USDT,0.7897,13.0,0.789,26.0,0.79,21.0,0.7901,63.0
1753531754445,12:09:14.445,AGLD/USDT:USDT,0.7897,13.0,0.789,26.0,0.7898,66.0,0.7899,7.0
1753531754491,12:09:14.491,AGLD/USDT:USDT,0.7897,13.0,0.789,26.0,0.7898,66.0,0.7899,7.0
1753531754810,12:09:14.810,AGLD/USDT:USDT,0.7897,13.0,0.789,26.0,0.7898,66.0,0.7899,7.0
1753531755272,12:09:15.272,AGLD/USDT:USDT,0.7897,13.0,0.789,26.0,0.7898,66.0,0.7899,7.0
1753531755437,12:09:15.437,AGLD/USDT:USDT,0.7897,13.0,0.789,26.0,0.7898,66.0,0.7899,7.0
1753531755645,12:09:15.645,AGLD/USDT:USDT,0.7897,13.0,0.789,26.0,0.7898,66.0,0.7899,7.0
1753531757060,12:09:17.060,AGLD/USDT:USDT,0.7897,13.0,0.789,26.0,0.7898,66.0,0.7899,7.0
1753531757064,12:09:17.064,AGLD/USDT:USDT,0.7897,13.0,0.789,26.0,0.7898,66.0,0.7899,7.0
1753531758344,12:09:18.344,AGLD/USDT:USDT,0.7897,13.0,0.789,26.0,0.7898,66.0,0.7899,7.0
1753531758498,12:09:18.498,AGLD/USDT:USDT,0.7897,13.0,0.789,26.0,0.7898,66.0,0.7899,7.0
1753531760455,12:09:20.455,AGLD/USDT:USDT,0.789,815.0,0.7889,59.0,0.7898,128.0,0.7899,14.0
1753531760557,12:09:20.557,AGLD/USDT:USDT,0.7891,12.0,0.789,822.0,0.7895,66.0,0.7897,15.0
1753531760580,12:09:20.580,AGLD/USDT:USDT,0.7891,67.0,0.789,822.0,0.7894,1.0,0.7897,14.0
1753531760747,12:09:20.747,AGLD/USDT:USDT,0.7891,67.0,0.789,822.0,0.7896,1.0,0.7898,69.0
1753531760850,12:09:20.850,AGLD/USDT:USDT,0.7891,67.0,0.789,822.0,0.7897,1.0,0.7898,55.0
1753531761043,12:09:21.043,AGLD/USDT:USDT,0.7891,67.0,0.789,822.0,0.7897,1.0,0.7898,55.0
1753531762600,12:09:22.600,AGLD/USDT:USDT,0.7891,67.0,0.789,822.0,0.7897,1.0,0.7898,55.0
1753531762915,12:09:22.915,AGLD/USDT:USDT,0.7891,67.0,0.789,822.0,0.7897,1.0,0.7898,55.0
1753531763822,12:09:23.822,AGLD/USDT:USDT,0.7891,67.0,0.789,822.0,0.7897,1.0,0.7898,55.0
1753531764135,12:09:24.135,AGLD/USDT:USDT,0.7891,765.0,0.7887,26.0,0.7894,73.0,0.7895,70.0
1753531764195,12:09:24.195,AGLD/USDT:USDT,0.7891,765.0,0.7887,26.0,0.7893,1.0,0.7894,7.0
1753531764353,12:09:24.353,AGLD/USDT:USDT,0.7891,760.0,0.7887,26.0,0.7894,8.0,0.7895,14.0
1753531764375,12:09:24.375,AGLD/USDT:USDT,0.7892,5.0,0.7887,26.0,0.7894,8.0,0.7895,14.0
1753531764546,12:09:24.546,AGLD/USDT:USDT,0.7888,5.0,0.7886,56.0,0.7894,8.0,0.7895,14.0
1753531764641,12:09:24.641,AGLD/USDT:USDT,0.7887,765.0,0.7886,56.0,0.7894,8.0,0.7895,7.0
1753531764754,12:09:24.754,AGLD/USDT:USDT,0.7888,56.0,0.7887,5.0,0.7894,8.0,0.7895,7.0
1753531764863,12:09:24.863,AGLD/USDT:USDT,0.7888,436.0,0.7887,385.0,0.7894,8.0,0.7895,7.0
1753531764957,12:09:24.957,AGLD/USDT:USDT,0.7889,61.0,0.7888,436.0,0.7894,8.0,0.7895,7.0
1753531765038,12:09:25.038,AGLD/USDT:USDT,0.7889,61.0,0.7888,436.0,0.7894,8.0,0.7895,7.0
1753531765132,12:09:25.132,AGLD/USDT:USDT,0.7889,68.0,0.7888,436.0,0.7894,1.0,0.7896,70.0
1753531765221,12:09:25.221,AGLD/USDT:USDT,0.7889,68.0,0.7888,436.0,0.7895,1.0,0.7896,56.0
1753531765351,12:09:25.351,AGLD/USDT:USDT,0.7889,61.0,0.7888,436.0,0.7895,71.0,0.7896,56.0
1753531765390,12:09:25.390,AGLD/USDT:USDT,0.7889,61.0,0.7888,436.0,0.7895,71.0,0.7896,56.0
1753531766115,12:09:26.115,AGLD/USDT:USDT,0.7889,61.0,0.7888,436.0,0.7895,71.0,0.7896,56.0
1753531766290,12:09:26.290,AGLD/USDT:USDT,0.7889,61.0,0.7888,436.0,0.7895,71.0,0.7896,56.0
1753531766827,12:09:26.827,AGLD/USDT:USDT,0.7889,61.0,0.7888,436.0,0.7895,71.0,0.7896,56.0
1753531766874,12:09:26.874,AGLD/USDT:USDT,0.7889,61.0,0.7888,436.0,0.7895,71.0,0.7896,56.0
1753531767192,12:09:27.192,AGLD/USDT:USDT,0.7889,61.0,0.7888,56.0,0.7895,71.0,0.7896,56.0
1753531767534,12:09:27.534,AGLD/USDT:USDT,0.7889,5.0,0.7888,56.0,0.7894,66.0,0.7895,71.0
1753531767650,12:09:27.650,AGLD/USDT:USDT,0.7889,5.0,0.7888,7.0,0.7893,8.0,0.7894,7.0
1753531767706,12:09:27.706,AGLD/USDT:USDT,0.7888,12.0,0.7887,380.0,0.7893,8.0,0.7894,7.0
1753531767824,12:09:27.824,AGLD/USDT:USDT,0.7888,5.0,0.7886,56.0,0.7893,71.0,0.7894,7.0
1753531767956,12:09:27.956,AGLD/USDT:USDT,0.7887,5.0,0.7884,56.0,0.7892,122.0,0.7893,71.0
1753531768048,12:09:28.048,AGLD/USDT:USDT,0.7887,5.0,0.7884,56.0,0.7892,122.0,0.7893,71.0
1753531768155,12:09:28.155,AGLD/USDT:USDT,0.7887,1.0,0.7884,56.0,0.7891,1.0,0.7892,56.0
1753531768234,12:09:28.234,AGLD/USDT:USDT,0.7885,5.0,0.7883,55.0,0.7891,1.0,0.7892,56.0
1753531768362,12:09:28.362,AGLD/USDT:USDT,0.7885,63.0,0.7884,767.0,0.7891,8.0,0.7892,56.0
1753531768425,12:09:28.425,AGLD/USDT:USDT,0.7886,61.0,0.7885,63.0,0.7891,1.0,0.7893,56.0
1753531768482,12:09:28.482,AGLD/USDT:USDT,0.7886,68.0,0.7885,63.0,0.7892,1.0,0.7893,56.0
1753531768662,12:09:28.662,AGLD/USDT:USDT,0.7887,63.0,0.7886,68.0,0.7892,1.0,0.7894,14.0
1753531768744,12:09:28.744,AGLD/USDT:USDT,0.7888,5.0,0.7887,63.0,0.7893,1.0,0.7894,7.0
1753531768822,12:09:28.822,AGLD/USDT:USDT,0.7888,5.0,0.7887,63.0,0.7894,15.0,0.7895,56.0
1753531768959,12:09:28.959,AGLD/USDT:USDT,0.7888,5.0,0.7887,63.0,0.7894,15.0,0.7895,56.0
1753531768987,12:09:28.987,AGLD/USDT:USDT,0.7888,5.0,0.7887,63.0,0.7894,15.0,0.7895,56.0
1753531769930,12:09:29.930,AGLD/USDT:USDT,0.7888,68.0,0.7887,63.0,0.7894,15.0,0.7895,56.0
1753531770726,12:09:30.726,AGLD/USDT:USDT,0.7888,68.0,0.7887,63.0,0.7894,15.0,0.7895,56.0
1753531771049,12:09:31.049,AGLD/USDT:USDT,0.7888,61.0,0.7887,63.0,0.7894,15.0,0.7895,56.0
1753531771336,12:09:31.336,AGLD/USDT:USDT,0.7888,68.0,0.7887,63.0,0.7894,15.0,0.7895,56.0
1753531771425,12:09:31.425,AGLD/USDT:USDT,0.7888,68.0,0.7887,63.0,0.7894,15.0,0.7895,56.0
1753531772008,12:09:32.008,AGLD/USDT:USDT,0.7888,61.0,0.7887,63.0,0.7894,15.0,0.7895,56.0
1753531772740,12:09:32.740,AGLD/USDT:USDT,0.7888,68.0,0.7887,63.0,0.7894,15.0,0.7895,56.0
1753531772797,12:09:32.797,AGLD/USDT:USDT,0.7888,68.0,0.7887,63.0,0.7894,15.0,0.7895,56.0
1753531772919,12:09:32.919,AGLD/USDT:USDT,0.7888,765.0,0.7886,56.0,0.7894,15.0,0.7895,56.0
1753531773035,12:09:33.035,AGLD/USDT:USDT,0.7888,5.0,0.7886,56.0,0.7892,73.0,0.7893,69.0
1753531773132,12:09:33.132,AGLD/USDT:USDT,0.7888,765.0,0.7887,4.0,0.7892,128.0,0.7893,69.0
1753531773262,12:09:33.262,AGLD/USDT:USDT,0.7887,4.0,0.7882,26.0,0.7891,121.0,0.7892,62.0
1753531773356,12:09:33.356,AGLD/USDT:USDT,0.7887,5.0,0.7881,57.0,0.7891,121.0,0.7892,62.0
1753531773463,12:09:33.463,AGLD/USDT:USDT,0.7889,4.0,0.7887,5.0,0.789,66.0,0.7892,62.0
1753531773560,12:09:33.560,AGLD/USDT:USDT,0.7889,4.0,0.7887,5.0,0.789,73.0,0.7892,62.0
1753531773593,12:09:33.593,AGLD/USDT:USDT,0.7889,4.0,0.7887,5.0,0.789,73.0,0.7892,62.0
1753531773667,12:09:33.667,AGLD/USDT:USDT,0.7889,4.0,0.7887,5.0,0.789,80.0,0.7892,62.0
1753531773863,12:09:33.863,AGLD/USDT:USDT,0.7889,4.0,0.7887,5.0,0.789,80.0,0.7892,62.0
1753531773958,12:09:33.958,AGLD/USDT:USDT,0.7889,4.0,0.7887,4.0,0.789,80.0,0.7891,1.0
1753531774054,12:09:34.054,AGLD/USDT:USDT,0.7887,4.0,0.7881,57.0,0.789,80.0,0.7891,1.0
1753531774133,12:09:34.133,AGLD/USDT:USDT,0.7887,4.0,0.7881,57.0,0.7889,1.0,0.789,14.0
1753531774263,12:09:34.263,AGLD/USDT:USDT,0.7882,1.0,0.7881,57.0,0.7889,1.0,0.789,11.0
1753531774352,12:09:34.352,AGLD/USDT:USDT,0.7884,55.0,0.7883,62.0,0.7889,66.0,0.789,12.0
1753531774411,12:09:34.411,AGLD/USDT:USDT,0.7885,381.0,0.7884,55.0,0.7888,5.0,0.7892,55.0
1753531774475,12:09:34.475,AGLD/USDT:USDT,0.7885,381.0,0.7884,55.0,0.7891,5.0,0.7892,55.0
1753531774583,12:09:34.583,AGLD/USDT:USDT,0.7885,768.0,0.7884,55.0,0.7891,12.0,0.7892,55.0
1753531774715,12:09:34.715,AGLD/USDT:USDT,0.7886,62.0,0.7885,775.0,0.7891,12.0,0.7893,69.0
1753531774828,12:09:34.828,AGLD/USDT:USDT,0.7887,1.0,0.7886,62.0,0.7891,1.0,0.7892,4.0
1753531774886,12:09:34.886,AGLD/USDT:USDT,0.7887,1.0,0.7886,62.0,0.7892,12.0,0.7893,62.0
1753531775138,12:09:35.138,AGLD/USDT:USDT,0.7887,1.0,0.7886,55.0,0.7892,12.0,0.7893,62.0
1753531775351,12:09:35.351,AGLD/USDT:USDT,0.7887,8.0,0.7886,69.0,0.7892,5.0,0.7893,55.0
1753531775366,12:09:35.366,AGLD/USDT:USDT,0.7887,8.0,0.7886,69.0,0.7892,5.0,0.7893,55.0
1753531775603,12:09:35.603,AGLD/USDT:USDT,0.7887,8.0,0.7886,69.0,0.7892,5.0,0.7893,62.0
1753531775876,12:09:35.876,AGLD/USDT:USDT,0.7887,63.0,0.7886,69.0,0.7892,5.0,0.7893,62.0
1753531776007,12:09:36.007,AGLD/USDT:USDT,0.7887,63.0,0.7886,69.0,0.7892,5.0,0.7893,7.0
1753531776155,12:09:36.155,AGLD/USDT:USDT,0.7887,63.0,0.7886,69.0,0.7892,66.0,0.7893,12.0
1753531776224,12:09:36.224,AGLD/USDT:USDT,0.7887,63.0,0.7886,69.0,0.7891,5.0,0.7893,7.0
1753531776354,12:09:36.354,AGLD/USDT:USDT,0.7887,823.0,0.7886,69.0,0.7891,66.0,0.7894,5.0
1753531776455,12:09:36.455,AGLD/USDT:USDT,0.7888,62.0,0.7887,830.0,0.789,5.0,0.7895,55.0
1753531776473,12:09:36.473,AGLD/USDT:USDT,0.7888,62.0,0.7887,829.0,0.7894,5.0,0.7895,55.0
1753531776610,12:09:36.610,AGLD/USDT:USDT,0.7889,1.0,0.7888,62.0,0.7894,5.0,0.7895,55.0
1753531777116,12:09:37.116,AGLD/USDT:USDT,0.7889,8.0,0.7888,69.0,0.7894,5.0,0.7895,62.0
1753531778288,12:09:38.288,AGLD/USDT:USDT,0.7889,8.0,0.7888,69.0,0.7894,5.0,0.7895,62.0
1753531778552,12:09:38.552,AGLD/USDT:USDT,0.7889,63.0,0.7888,69.0,0.7894,5.0,0.7895,62.0
1753531778594,12:09:38.594,AGLD/USDT:USDT,0.7889,63.0,0.7888,69.0,0.7894,5.0,0.7895,7.0
1753531778745,12:09:38.745,AGLD/USDT:USDT,0.789,62.0,0.7889,70.0,0.7895,5.0,0.7897,70.0
1753531778859,12:09:38.859,AGLD/USDT:USDT,0.7891,1.0,0.7889,69.0,0.7894,66.0,0.7896,12.0
1753531778949,12:09:38.949,AGLD/USDT:USDT,0.789,56.0,0.7889,69.0,0.7893,5.0,0.7896,21.0
1753531778986,12:09:38.986,AGLD/USDT:USDT,0.789,56.0,0.7889,69.0,0.7895,5.0,0.7896,7.0
1753531779075,12:09:39.075,AGLD/USDT:USDT,0.789,56.0,0.7889,69.0,0.7896,12.0,0.7897,56.0
1753531779261,12:09:39.261,AGLD/USDT:USDT,0.789,56.0,0.7889,69.0,0.7896,12.0,0.7897,56.0
1753531779756,12:09:39.756,AGLD/USDT:USDT,0.789,816.0,0.7889,69.0,0.7896,12.0,0.7897,56.0
1753531779852,12:09:39.852,AGLD/USDT:USDT,0.7891,69.0,0.789,63.0,0.7896,12.0,0.7898,14.0
1753531779945,12:09:39.945,AGLD/USDT:USDT,0.7892,1.0,0.7891,69.0,0.7896,7.0,0.7897,5.0
1753531780446,12:09:40.446,AGLD/USDT:USDT,0.7892,761.0,0.7891,55.0,0.7895,66.0,0.7896,7.0
1753531780546,12:09:40.546,AGLD/USDT:USDT,0.7892,1.0,0.7891,55.0,0.7894,5.0,0.7896,7.0
1753531780645,12:09:40.645,AGLD/USDT:USDT,0.7892,1.0,0.7891,55.0,0.7896,12.0,0.7899,55.0
1753531780677,12:09:40.677,AGLD/USDT:USDT,0.7892,1.0,0.7891,55.0,0.7896,7.0,0.7898,19.0
1753531780953,12:09:40.953,AGLD/USDT:USDT,0.7892,761.0,0.7891,55.0,0.7896,7.0,0.7898,19.0
1753531781047,12:09:41.047,AGLD/USDT:USDT,0.7892,775.0,0.7891,55.0,0.7898,26.0,0.7899,55.0
1753531781116,12:09:41.116,AGLD/USDT:USDT,0.7892,775.0,0.7891,55.0,0.7898,26.0,0.7899,55.0
1753531781180,12:09:41.180,AGLD/USDT:USDT,0.7892,775.0,0.789,55.0,0.7898,26.0,0.7899,55.0
1753531781560,12:09:41.560,AGLD/USDT:USDT,0.7892,775.0,0.789,55.0,0.7898,26.0,0.7899,55.0
1753531781658,12:09:41.658,AGLD/USDT:USDT,0.7893,817.0,0.7892,15.0,0.7898,26.0,0.79,14.0
1753531781758,12:09:41.758,AGLD/USDT:USDT,0.7894,1.0,0.7893,57.0,0.7898,26.0,0.79,14.0
1753531781777,12:09:41.777,AGLD/USDT:USDT,0.7894,1.0,0.7893,57.0,0.7897,66.0,0.7898,12.0
1753531782037,12:09:42.037,AGLD/USDT:USDT,0.7894,1.0,0.7893,57.0,0.7897,66.0,0.7898,12.0
1753531782091,12:09:42.091,AGLD/USDT:USDT,0.7894,1.0,0.7893,57.0,0.7897,66.0,0.7898,12.0
1753531782326,12:09:42.326,AGLD/USDT:USDT,0.7894,1.0,0.7893,57.0,0.7896,5.0,0.7898,7.0
1753531782386,12:09:42.386,AGLD/USDT:USDT,0.7894,1.0,0.7893,57.0,0.7898,12.0,0.7901,55.0
1753531782560,12:09:42.560,AGLD/USDT:USDT,0.7894,1.0,0.7893,57.0,0.79,5.0,0.7901,55.0
1753531782606,12:09:42.606,AGLD/USDT:USDT,0.7894,1.0,0.7893,57.0,0.7899,66.0,0.79,12.0
1753531782718,12:09:42.718,AGLD/USDT:USDT,0.7894,1.0,0.7893,57.0,0.7898,71.0,0.79,21.0
1753531782846,12:09:42.846,AGLD/USDT:USDT,0.7894,1.0,0.7893,57.0,0.7898,71.0,0.79,21.0
1753531783359,12:09:43.359,AGLD/USDT:USDT,0.7894,761.0,0.789,55.0,0.7895,66.0,0.7898,5.0
1753531783457,12:09:43.457,AGLD/USDT:USDT,0.7891,1.0,0.789,55.0,0.7895,66.0,0.7896,7.0
1753531783554,12:09:43.554,AGLD/USDT:USDT,0.7891,1.0,0.789,55.0,0.7894,11.0,0.7897,21.0
1753531783625,12:09:43.625,AGLD/USDT:USDT,0.7891,1.0,0.789,55.0,0.7894,7.0,0.7896,5.0
1753531783669,12:09:43.669,AGLD/USDT:USDT,0.7891,1.0,0.7889,55.0,0.7894,7.0,0.7896,5.0
1753531783786,12:09:43.786,AGLD/USDT:USDT,0.789,1.0,0.7888,55.0,0.7894,7.0,0.7896,5.0
1753531783948,12:09:43.948,AGLD/USDT:USDT,0.7889,58.0,0.7888,95.0,0.7894,7.0,0.7896,5.0
1753531783985,12:09:43.985,AGLD/USDT:USDT,0.7889,58.0,0.7888,95.0,0.7894,7.0,0.7896,19.0
1753531784151,12:09:44.151,AGLD/USDT:USDT,0.789,57.0,0.7889,58.0,0.7894,7.0,0.7896,19.0
1753531784175,12:09:44.175,AGLD/USDT:USDT,0.7891,1.0,0.789,57.0,0.7894,7.0,0.7896,19.0
1753531784446,12:09:44.446,AGLD/USDT:USDT,0.7891,1.0,0.789,57.0,0.7896,33.0,0.7897,7.0
1753531784510,12:09:44.510,AGLD/USDT:USDT,0.7891,1.0,0.789,57.0,0.7894,73.0,0.7895,7.0
1753531784612,12:09:44.612,AGLD/USDT:USDT,0.7891,1.0,0.789,57.0,0.7893,5.0,0.7894,7.0
1753531784671,12:09:44.671,AGLD/USDT:USDT,0.7891,1.0,0.789,57.0,0.7894,12.0,0.7895,7.0
1753531784807,12:09:44.807,AGLD/USDT:USDT,0.7891,1.0,0.789,57.0,0.7894,12.0,0.7895,7.0
1753531784912,12:09:44.912,AGLD/USDT:USDT,0.7891,1.0,0.789,57.0,0.7894,12.0,0.7895,7.0
1753531785540,12:09:45.540,AGLD/USDT:USDT,0.7891,761.0,0.789,90.0,0.7894,5.0,0.7896,7.0
1753531785570,12:09:45.570,AGLD/USDT:USDT,0.7891,761.0,0.789,90.0,0.7896,7.0,0.79,5.0
1753531785709,12:09:45.709,AGLD/USDT:USDT,0.7891,761.0,0.789,57.0,0.7895,66.0,0.7896,7.0
1753531785857,12:09:45.857,AGLD/USDT:USDT,0.7891,761.0,0.789,57.0,0.7894,5.0,0.7896,7.0
1753531785886,12:09:45.886,AGLD/USDT:USDT,0.7891,761.0,0.789,57.0,0.7896,12.0,0.7898,14.0
1753531785974,12:09:45.974,AGLD/USDT:USDT,0.7891,761.0,0.789,57.0,0.7896,7.0,0.7897,5.0
1753531786226,12:09:46.226,AGLD/USDT:USDT,0.7891,761.0,0.789,57.0,0.7896,7.0,0.7897,5.0
1753531786329,12:09:46.329,AGLD/USDT:USDT,0.7891,775.0,0.789,97.0,0.7897,5.0,0.7901,55.0
1753531786450,12:09:46.450,AGLD/USDT:USDT,0.7891,775.0,0.789,71.0,0.7895,66.0,0.7896,66.0
1753531786507,12:09:46.507,AGLD/USDT:USDT,0.7891,775.0,0.789,71.0,0.7894,5.0,0.7896,14.0
1753531786583,12:09:46.583,AGLD/USDT:USDT,0.7891,775.0,0.789,71.0,0.7895,5.0,0.7898,7.0
1753531786677,12:09:46.677,AGLD/USDT:USDT,0.7891,775.0,0.789,71.0,0.7898,12.0,0.7899,57.0
1753531786962,12:09:46.962,AGLD/USDT:USDT,0.7891,775.0,0.789,71.0,0.7897,66.0,0.7898,69.0
1753531786999,12:09:46.999,AGLD/USDT:USDT,0.7891,775.0,0.789,71.0,0.7895,66.0,0.7896,5.0
1753531787104,12:09:47.104,AGLD/USDT:USDT,0.7891,775.0,0.789,71.0,0.7894,5.0,0.7897,14.0
1753531787226,12:09:47.226,AGLD/USDT:USDT,0.7891,768.0,0.789,64.0,0.7896,5.0,0.7898,78.0
1753531787312,12:09:47.312,AGLD/USDT:USDT,0.7891,768.0,0.789,64.0,0.7897,5.0,0.7898,64.0
1753531788913,12:09:48.913,AGLD/USDT:USDT,0.7891,768.0,0.789,64.0,0.7897,5.0,0.7898,64.0
1753531791443,12:09:51.443,AGLD/USDT:USDT,0.7891,761.0,0.789,57.0,0.7897,12.0,0.7898,64.0
1753531791514,12:09:51.514,AGLD/USDT:USDT,0.7891,761.0,0.789,57.0,0.7896,73.0,0.7897,12.0
1753531791654,12:09:51.654,AGLD/USDT:USDT,0.7891,761.0,0.7889,57.0,0.7895,5.0,0.7896,7.0
1753531791752,12:09:51.752,AGLD/USDT:USDT,0.7891,768.0,0.789,7.0,0.7896,7.0,0.7897,5.0
1753531791858,12:09:51.858,AGLD/USDT:USDT,0.7891,775.0,0.789,7.0,0.7897,5.0,0.7898,57.0
1753531793148,12:09:53.148,AGLD/USDT:USDT,0.7891,775.0,0.789,7.0,0.7897,5.0,0.7898,57.0
1753531793166,12:09:53.166,AGLD/USDT:USDT,0.7891,775.0,0.789,7.0,0.7897,5.0,0.7898,57.0
1753531794487,12:09:54.487,AGLD/USDT:USDT,0.7891,775.0,0.789,7.0,0.7897,5.0,0.7898,57.0
1753531796292,12:09:56.292,AGLD/USDT:USDT,0.7891,775.0,0.789,7.0,0.7897,5.0,0.7898,57.0
1753531796996,12:09:56.996,AGLD/USDT:USDT,0.7892,55.0,0.7891,775.0,0.7897,5.0,0.7899,71.0
1753531797157,12:09:57.157,AGLD/USDT:USDT,0.7893,1.0,0.7891,7.0,0.7896,66.0,0.7898,33.0
1753531797260,12:09:57.260,AGLD/USDT:USDT,0.7891,774.0,0.789,8.0,0.7895,5.0,0.7897,14.0
1753531797292,12:09:57.292,AGLD/USDT:USDT,0.7892,1.0,0.7891,774.0,0.7896,5.0,0.7898,14.0
1753531797422,12:09:57.422,AGLD/USDT:USDT,0.7892,1.0,0.7891,774.0,0.7897,5.0,0.7899,14.0
1753531797512,12:09:57.512,AGLD/USDT:USDT,0.7892,1.0,0.7891,774.0,0.7898,5.0,0.79,14.0
1753531797606,12:09:57.606,AGLD/USDT:USDT,0.7892,1.0,0.7891,774.0,0.7899,5.0,0.7901,69.0
1753531797724,12:09:57.724,AGLD/USDT:USDT,0.7892,56.0,0.7891,774.0,0.7899,66.0,0.79,60.0
1753531797834,12:09:57.834,AGLD/USDT:USDT,0.7892,56.0,0.7891,774.0,0.7896,66.0,0.7898,19.0
1753531797937,12:09:57.937,AGLD/USDT:USDT,0.7892,56.0,0.7891,774.0,0.7895,5.0,0.7897,14.0
1753531798041,12:09:58.041,AGLD/USDT:USDT,0.7892,56.0,0.7891,774.0,0.7896,5.0,0.7898,14.0
1753531798150,12:09:58.150,AGLD/USDT:USDT,0.7892,56.0,0.7891,774.0,0.7897,5.0,0.7899,14.0
1753531798212,12:09:58.212,AGLD/USDT:USDT,0.7892,56.0,0.7891,774.0,0.7897,66.0,0.7898,12.0
1753531798359,12:09:58.359,AGLD/USDT:USDT,0.7892,56.0,0.7891,774.0,0.7896,5.0,0.7898,14.0
1753531798392,12:09:58.392,AGLD/USDT:USDT,0.7892,56.0,0.7891,774.0,0.7897,5.0,0.7899,14.0
1753531798511,12:09:58.511,AGLD/USDT:USDT,0.7892,56.0,0.7891,774.0,0.7898,5.0,0.79,69.0
1753531798614,12:09:58.614,AGLD/USDT:USDT,0.7892,56.0,0.7891,774.0,0.7899,5.0,0.79,55.0
1753531799400,12:09:59.400,AGLD/USDT:USDT,0.7892,56.0,0.7891,14.0,0.7897,73.0,0.7898,14.0
1753531799552,12:09:59.552,AGLD/USDT:USDT,0.7892,816.0,0.7891,14.0,0.7896,5.0,0.7898,21.0
1753531799590,12:09:59.590,AGLD/USDT:USDT,0.7892,816.0,0.7891,14.0,0.7897,5.0,0.7898,7.0
1753531799680,12:09:59.680,AGLD/USDT:USDT,0.7892,816.0,0.7891,14.0,0.7898,7.0,0.7899,5.0
1753531800017,12:10:00.017,AGLD/USDT:USDT,0.7892,816.0,0.7891,14.0,0.7899,5.0,0.79,55.0
1753531800071,12:10:00.071,AGLD/USDT:USDT,0.7892,816.0,0.7891,14.0,0.7899,5.0,0.79,55.0
1753531800458,12:10:00.458,AGLD/USDT:USDT,0.7893,73.0,0.7892,816.0,0.7899,5.0,0.7901,14.0
1753531800540,12:10:00.540,AGLD/USDT:USDT,0.7894,1.0,0.7893,64.0,0.79,12.0,0.7903,57.0
1753531800574,12:10:00.574,AGLD/USDT:USDT,0.7894,1.0,0.7893,64.0,0.79,14.0,0.7902,5.0
1753531800686,12:10:00.686,AGLD/USDT:USDT,0.7894,1.0,0.7893,64.0,0.7899,5.0,0.79,14.0
1753531800844,12:10:00.844,AGLD/USDT:USDT,0.7894,1.0,0.7893,73.0,0.7899,5.0,0.79,7.0
1753531800963,12:10:00.963,AGLD/USDT:USDT,0.7894,1.0,0.7893,73.0,0.79,7.0,0.7902,19.0
1753531801191,12:10:01.191,AGLD/USDT:USDT,0.7894,1.0,0.7893,73.0,0.79,7.0,0.7902,19.0
1753531801784,12:10:01.784,AGLD/USDT:USDT,0.7894,1.0,0.7893,64.0,0.79,7.0,0.7902,19.0
1753531802625,12:10:02.625,AGLD/USDT:USDT,0.7894,1.0,0.7893,64.0,0.79,7.0,0.7902,19.0
1753531805105,12:10:05.105,AGLD/USDT:USDT,0.7894,1.0,0.7893,64.0,0.79,7.0,0.7902,19.0
1753531806791,12:10:06.791,AGLD/USDT:USDT,0.7894,56.0,0.7893,64.0,0.79,7.0,0.7902,19.0
1753531808157,12:10:08.157,AGLD/USDT:USDT,0.7894,65.0,0.7893,64.0,0.79,7.0,0.7902,19.0
1753531808346,12:10:08.346,AGLD/USDT:USDT,0.7894,56.0,0.7893,64.0,0.7899,66.0,0.79,7.0
1753531808387,12:10:08.387,AGLD/USDT:USDT,0.7894,1.0,0.7893,73.0,0.7898,71.0,0.79,21.0
1753531808469,12:10:08.469,AGLD/USDT:USDT,0.7894,1.0,0.7893,73.0,0.7898,71.0,0.79,21.0
1753531810557,12:10:10.557,AGLD/USDT:USDT,0.7894,816.0,0.7893,99.0,0.7898,5.0,0.7903,57.0
1753531810586,12:10:10.586,AGLD/USDT:USDT,0.7894,816.0,0.7893,99.0,0.7902,5.0,0.7903,57.0
1753531810752,12:10:10.752,AGLD/USDT:USDT,0.7895,55.0,0.7894,816.0,0.7901,66.0,0.7902,5.0
1753531810819,12:10:10.819,AGLD/USDT:USDT,0.7896,1.0,0.7895,64.0,0.79,71.0,0.7902,14.0
1753531810872,12:10:10.872,AGLD/USDT:USDT,0.7896,1.0,0.7895,64.0,0.79,71.0,0.7902,14.0
1753531811048,12:10:11.048,AGLD/USDT:USDT,0.7896,1.0,0.7895,64.0,0.79,71.0,0.7902,14.0
1753531811125,12:10:11.125,AGLD/USDT:USDT,0.7896,1.0,0.7895,64.0,0.79,71.0,0.7902,14.0
1753531812151,12:10:12.151,AGLD/USDT:USDT,0.7896,1.0,0.7895,64.0,0.79,71.0,0.7902,14.0
1753531812346,12:10:12.346,AGLD/USDT:USDT,0.7896,1.0,0.7895,64.0,0.79,71.0,0.7902,14.0
1753531812405,12:10:12.405,AGLD/USDT:USDT,0.7896,1.0,0.7895,64.0,0.79,71.0,0.7902,14.0
1753531812526,12:10:12.526,AGLD/USDT:USDT,0.7896,761.0,0.7895,73.0,0.79,71.0,0.7902,14.0
1753531812726,12:10:12.726,AGLD/USDT:USDT,0.7896,761.0,0.7895,73.0,0.79,5.0,0.7902,14.0
1753531812853,12:10:12.853,AGLD/USDT:USDT,0.7896,761.0,0.7895,73.0,0.7901,5.0,0.7903,71.0
1753531812945,12:10:12.945,AGLD/USDT:USDT,0.7896,761.0,0.7895,73.0,0.7902,5.0,0.7903,57.0
1753531812988,12:10:12.988,AGLD/USDT:USDT,0.7896,761.0,0.7895,73.0,0.7902,5.0,0.7903,57.0
1753531813156,12:10:13.156,AGLD/USDT:USDT,0.7896,761.0,0.7895,73.0,0.7902,5.0,0.7903,57.0
1753531813192,12:10:13.192,AGLD/USDT:USDT,0.7896,761.0,0.7895,73.0,0.7902,5.0,0.7903,57.0
1753531813862,12:10:13.862,AGLD/USDT:USDT,0.7896,761.0,0.7895,73.0,0.7902,5.0,0.7903,57.0
1753531813962,12:10:13.962,AGLD/USDT:USDT,0.7896,761.0,0.7895,73.0,0.7902,5.0,0.7903,57.0
1753531814034,12:10:14.034,AGLD/USDT:USDT,0.7896,761.0,0.7895,73.0,0.7902,5.0,0.7903,57.0
1753531814144,12:10:14.144,AGLD/USDT:USDT,0.7897,169.0,0.7896,1.0,0.7902,5.0,0.7904,69.0
1753531814261,12:10:14.261,AGLD/USDT:USDT,0.7898,761.0,0.7897,160.0,0.7903,5.0,0.7904,55.0
1753531814333,12:10:14.333,AGLD/USDT:USDT,0.7898,770.0,0.7897,160.0,0.7903,5.0,0.7904,55.0
1753531814861,12:10:14.861,AGLD/USDT:USDT,0.7898,761.0,0.7897,160.0,0.7903,5.0,0.7904,55.0
1753531814889,12:10:14.889,AGLD/USDT:USDT,0.7898,761.0,0.7897,151.0,0.7903,12.0,0.7904,55.0
1753531815285,12:10:15.285,AGLD/USDT:USDT,0.7898,770.0,0.7897,151.0,0.7903,5.0,0.7904,55.0
1753531815524,12:10:15.524,AGLD/USDT:USDT,0.7898,770.0,0.7897,151.0,0.7903,5.0,0.7904,55.0
1753531815636,12:10:15.636,AGLD/USDT:USDT,0.7898,770.0,0.7895,81.0,0.7903,5.0,0.7904,55.0
1753531817177,12:10:17.177,AGLD/USDT:USDT,0.7898,761.0,0.7895,81.0,0.7903,75.0,0.7904,55.0
1753531817558,12:10:17.558,AGLD/USDT:USDT,0.7898,770.0,0.7895,81.0,0.7903,75.0,0.7904,55.0
1753531817645,12:10:17.645,AGLD/USDT:USDT,0.7898,1.0,0.7895,81.0,0.7902,66.0,0.7903,75.0
1753531817754,12:10:17.754,AGLD/USDT:USDT,0.7896,1.0,0.7895,55.0,0.79,66.0,0.7901,19.0
1753531817859,12:10:17.859,AGLD/USDT:USDT,0.7896,1.0,0.7892,55.0,0.7899,12.0,0.79,10.0
1753531817870,12:10:17.870,AGLD/USDT:USDT,0.7895,18.0,0.7893,1.0,0.7899,12.0,0.79,10.0
1753531817980,12:10:17.980,AGLD/USDT:USDT,0.7896,1.0,0.7895,18.0,0.7899,12.0,0.79,10.0
1753531818286,12:10:18.286,AGLD/USDT:USDT,0.7896,761.0,0.7895,18.0,0.7899,5.0,0.7901,14.0
1753531818406,12:10:18.406,AGLD/USDT:USDT,0.7896,761.0,0.7895,18.0,0.79,5.0,0.7902,14.0
1753531818546,12:10:18.546,AGLD/USDT:USDT,0.7896,761.0,0.7895,9.0,0.79,73.0,0.7901,15.0
1753531818640,12:10:18.640,AGLD/USDT:USDT,0.7896,761.0,0.7895,18.0,0.7899,5.0,0.7901,14.0
1753531818742,12:10:18.742,AGLD/USDT:USDT,0.7896,761.0,0.7895,18.0,0.79,5.0,0.7902,14.0
1753531818846,12:10:18.846,AGLD/USDT:USDT,0.7896,761.0,0.7895,9.0,0.7901,5.0,0.7903,14.0
1753531818946,12:10:18.946,AGLD/USDT:USDT,0.7896,761.0,0.7892,81.0,0.79,66.0,0.7901,9.0
1753531819053,12:10:19.053,AGLD/USDT:USDT,0.7896,761.0,0.7895,18.0,0.7899,5.0,0.7901,23.0
1753531819138,12:10:19.138,AGLD/USDT:USDT,0.7896,761.0,0.7895,18.0,0.79,5.0,0.7902,21.0
1753531819210,12:10:19.210,AGLD/USDT:USDT,0.7896,761.0,0.7895,9.0,0.7901,5.0,0.7902,7.0
1753531819309,12:10:19.309,AGLD/USDT:USDT,0.7896,761.0,0.7895,9.0,0.79,66.0,0.7902,19.0
1753531819419,12:10:19.419,AGLD/USDT:USDT,0.7896,761.0,0.7895,18.0,0.7899,5.0,0.7901,14.0
1753531819499,12:10:19.499,AGLD/USDT:USDT,0.7896,761.0,0.7895,18.0,0.79,5.0,0.7902,28.0
1753531819606,12:10:19.606,AGLD/USDT:USDT,0.7896,761.0,0.7895,9.0,0.7901,5.0,0.7902,14.0
1753531820755,12:10:20.755,AGLD/USDT:USDT,0.7896,761.0,0.7895,9.0,0.7901,5.0,0.7902,14.0
1753531821062,12:10:21.062,AGLD/USDT:USDT,0.7896,761.0,0.7895,9.0,0.7901,5.0,0.7902,14.0
1753531822221,12:10:22.221,AGLD/USDT:USDT,0.7896,761.0,0.7895,9.0,0.7901,5.0,0.7902,14.0
1753531822511,12:10:22.511,AGLD/USDT:USDT,0.7896,761.0,0.7895,9.0,0.7901,5.0,0.7902,14.0
1753531822619,12:10:22.619,AGLD/USDT:USDT,0.7896,761.0,0.7892,81.0,0.7901,5.0,0.7902,14.0
1753531823828,12:10:23.828,AGLD/USDT:USDT,0.7896,761.0,0.7892,81.0,0.7901,5.0,0.7902,14.0
1753531825026,12:10:25.026,AGLD/USDT:USDT,0.7896,761.0,0.7892,81.0,0.7901,5.0,0.7902,14.0
1753531825845,12:10:25.845,AGLD/USDT:USDT,0.7896,770.0,0.7892,81.0,0.7901,5.0,0.7902,14.0
1753531825994,12:10:25.994,AGLD/USDT:USDT,0.7896,770.0,0.7892,81.0,0.7901,5.0,0.7902,7.0
1753531826102,12:10:26.102,AGLD/USDT:USDT,0.7896,770.0,0.7892,81.0,0.7902,12.0,0.7904,55.0
1753531826181,12:10:26.181,AGLD/USDT:USDT,0.7896,770.0,0.7892,81.0,0.7902,7.0,0.7903,5.0
1753531831002,12:10:31.002,AGLD/USDT:USDT,0.7896,779.0,0.7892,81.0,0.7902,7.0,0.7903,5.0
1753531833647,12:10:33.647,AGLD/USDT:USDT,0.7896,761.0,0.7892,81.0,0.79,73.0,0.7901,7.0
1753531833679,12:10:33.679,AGLD/USDT:USDT,0.7896,761.0,0.7892,81.0,0.7899,5.0,0.79,7.0
1753531833844,12:10:33.844,AGLD/USDT:USDT,0.7896,761.0,0.7892,81.0,0.79,12.0,0.7901,7.0
1753531833930,12:10:33.930,AGLD/USDT:USDT,0.7896,761.0,0.7892,81.0,0.79,12.0,0.7901,7.0
1753531834575,12:10:34.575,AGLD/USDT:USDT,0.7896,761.0,0.7892,81.0,0.79,12.0,0.7901,7.0
1753531836842,12:10:36.842,AGLD/USDT:USDT,0.7896,761.0,0.7892,81.0,0.79,12.0,0.7901,7.0
1753531837156,12:10:37.156,AGLD/USDT:USDT,0.7896,761.0,0.7892,81.0,0.79,67.0,0.7901,7.0
1753531837262,12:10:37.262,AGLD/USDT:USDT,0.7896,761.0,0.7892,26.0,0.7898,73.0,0.7899,72.0
1753531837348,12:10:37.348,AGLD/USDT:USDT,0.7896,301.0,0.7892,26.0,0.7897,73.0,0.7898,17.0
1753531837427,12:10:37.427,AGLD/USDT:USDT,0.7896,301.0,0.7892,26.0,0.7897,73.0,0.7898,22.0
1753531837546,12:10:37.546,AGLD/USDT:USDT,0.7892,26.0,0.7891,1.0,0.7897,73.0,0.7898,22.0
1753531837648,12:10:37.648,AGLD/USDT:USDT,0.7891,10.0,0.789,55.0,0.7896,5.0,0.7897,7.0
1753531837707,12:10:37.707,AGLD/USDT:USDT,0.7891,10.0,0.789,55.0,0.7897,7.0,0.7898,22.0
1753531839263,12:10:39.263,AGLD/USDT:USDT,0.7891,761.0,0.7888,82.0,0.7896,73.0,0.7897,62.0
1753531839327,12:10:39.327,AGLD/USDT:USDT,0.7891,761.0,0.789,9.0,0.7895,5.0,0.7896,7.0
1753531839421,12:10:39.421,AGLD/USDT:USDT,0.7891,761.0,0.789,9.0,0.7896,14.0,0.7897,55.0
1753531839526,12:10:39.526,AGLD/USDT:USDT,0.7891,761.0,0.789,9.0,0.7894,66.0,0.7896,33.0
1753531839630,12:10:39.630,AGLD/USDT:USDT,0.7891,761.0,0.789,9.0,0.7893,5.0,0.7896,21.0
1753531839712,12:10:39.712,AGLD/USDT:USDT,0.7891,760.0,0.789,9.0,0.7895,66.0,0.7896,19.0
1753531839837,12:10:39.837,AGLD/USDT:USDT,0.7892,1.0,0.7891,760.0,0.7894,5.0,0.7896,28.0
1753531839873,12:10:39.873,AGLD/USDT:USDT,0.7892,1.0,0.7891,760.0,0.7896,28.0,0.7898,5.0
1753531839996,12:10:39.996,AGLD/USDT:USDT,0.7892,1.0,0.7891,760.0,0.7896,28.0,0.7898,19.0
1753531841651,12:10:41.651,AGLD/USDT:USDT,0.7892,1.0,0.7891,760.0,0.7896,28.0,0.7898,19.0
1753531841760,12:10:41.760,AGLD/USDT:USDT,0.7892,390.0,0.7891,389.0,0.7898,26.0,0.7899,55.0
1753531841856,12:10:41.856,AGLD/USDT:USDT,0.7892,390.0,0.7891,9.0,0.7898,12.0,0.7899,55.0
1753531841905,12:10:41.905,AGLD/USDT:USDT,0.7892,10.0,0.7891,9.0,0.7898,7.0,0.7899,60.0
1753531842026,12:10:42.026,AGLD/USDT:USDT,0.7892,9.0,0.7891,9.0,0.7898,7.0,0.7899,60.0
1753531842206,12:10:42.206,AGLD/USDT:USDT,0.7892,9.0,0.7891,9.0,0.7898,14.0,0.7899,60.0
1753531842372,12:10:42.372,AGLD/USDT:USDT,0.7892,9.0,0.7891,9.0,0.7898,14.0,0.7899,60.0
1753531842601,12:10:42.601,AGLD/USDT:USDT,0.7892,9.0,0.7891,9.0,0.7898,14.0,0.7899,60.0
1753531842689,12:10:42.689,AGLD/USDT:USDT,0.7892,778.0,0.7891,9.0,0.7898,7.0,0.7899,60.0
1753531842770,12:10:42.770,AGLD/USDT:USDT,0.7893,1.0,0.7892,778.0,0.7898,7.0,0.7899,60.0
1753531843024,12:10:43.024,AGLD/USDT:USDT,0.7893,1.0,0.7892,778.0,0.7898,7.0,0.7899,60.0
1753531843724,12:10:43.724,AGLD/USDT:USDT,0.7893,1.0,0.7892,778.0,0.7898,7.0,0.7899,60.0
1753531844554,12:10:44.554,AGLD/USDT:USDT,0.7893,56.0,0.7892,398.0,0.7899,5.0,0.7901,14.0
1753531844646,12:10:44.646,AGLD/USDT:USDT,0.7893,436.0,0.7892,18.0,0.7899,7.0,0.7901,19.0
1753531844851,12:10:44.851,AGLD/USDT:USDT,0.7893,816.0,0.7892,18.0,0.7901,19.0,0.7902,55.0
1753531844966,12:10:44.966,AGLD/USDT:USDT,0.7893,816.0,0.7892,18.0,0.7901,19.0,0.7902,55.0
1753531846958,12:10:46.958,AGLD/USDT:USDT,0.7894,815.0,0.7893,56.0,0.7901,5.0,0.7902,55.0
1753531846986,12:10:46.986,AGLD/USDT:USDT,0.7895,1.0,0.7894,815.0,0.7902,60.0,0.7904,635.0
1753531847146,12:10:47.146,AGLD/USDT:USDT,0.7895,1.0,0.7894,815.0,0.7902,55.0,0.7903,5.0
1753531848117,12:10:48.117,AGLD/USDT:USDT,0.7895,1.0,0.7894,815.0,0.7902,55.0,0.7903,5.0
1753531848370,12:10:48.370,AGLD/USDT:USDT,0.7895,1.0,0.7894,815.0,0.7902,55.0,0.7903,5.0
1753531849088,12:10:49.088,AGLD/USDT:USDT,0.7895,1.0,0.7894,815.0,0.7902,55.0,0.7903,5.0
1753531849571,12:10:49.571,AGLD/USDT:USDT,0.7895,1.0,0.7894,55.0,0.7902,55.0,0.7903,5.0
1753531849752,12:10:49.752,AGLD/USDT:USDT,0.7894,1.0,0.7893,55.0,0.79,80.0,0.7902,69.0
1753531849860,12:10:49.860,AGLD/USDT:USDT,0.7893,73.0,0.7889,26.0,0.7899,5.0,0.79,14.0
1753531849959,12:10:49.959,AGLD/USDT:USDT,0.7894,761.0,0.7893,99.0,0.7901,5.0,0.7902,55.0
1753531850011,12:10:50.011,AGLD/USDT:USDT,0.7894,761.0,0.7893,99.0,0.7902,60.0,0.7904,649.0
1753531850099,12:10:50.099,AGLD/USDT:USDT,0.7894,761.0,0.7893,99.0,0.7902,55.0,0.7903,5.0
1753531851092,12:10:51.092,AGLD/USDT:USDT,0.7894,761.0,0.7893,99.0,0.7902,55.0,0.7903,5.0
1753531852096,12:10:52.096,AGLD/USDT:USDT,0.7894,761.0,0.7893,99.0,0.7902,55.0,0.7903,5.0
1753531852996,12:10:52.996,AGLD/USDT:USDT,0.7894,761.0,0.7893,99.0,0.7902,55.0,0.7903,5.0
1753531853090,12:10:53.090,AGLD/USDT:USDT,0.7894,761.0,0.7893,99.0,0.7902,55.0,0.7903,5.0
1753531853242,12:10:53.242,AGLD/USDT:USDT,0.7894,761.0,0.7893,99.0,0.7902,55.0,0.7903,5.0
1753531853824,12:10:53.824,AGLD/USDT:USDT,0.7894,761.0,0.7893,99.0,0.7902,55.0,0.7903,5.0
1753531854090,12:10:54.090,AGLD/USDT:USDT,0.7894,761.0,0.7893,99.0,0.7902,55.0,0.7903,5.0
1753531854663,12:10:54.663,AGLD/USDT:USDT,0.7894,761.0,0.7893,99.0,0.7902,55.0,0.7903,5.0
1753531855104,12:10:55.104,AGLD/USDT:USDT,0.7894,761.0,0.7893,99.0,0.7902,55.0,0.7903,5.0
1753531856102,12:10:56.102,AGLD/USDT:USDT,0.7894,761.0,0.7893,99.0,0.7902,55.0,0.7903,5.0
1753531856426,12:10:56.426,AGLD/USDT:USDT,0.7894,761.0,0.7893,99.0,0.7902,55.0,0.7903,5.0
1753531856550,12:10:56.550,AGLD/USDT:USDT,0.7894,761.0,0.7893,99.0,0.7902,55.0,0.7903,5.0
1753531856616,12:10:56.616,AGLD/USDT:USDT,0.7894,761.0,0.7893,99.0,0.7902,55.0,0.7903,5.0
1753531857045,12:10:57.045,AGLD/USDT:USDT,0.7894,761.0,0.7893,99.0,0.7902,55.0,0.7903,5.0
1753531857140,12:10:57.140,AGLD/USDT:USDT,0.7894,761.0,0.7893,99.0,0.7902,55.0,0.7903,5.0
1753531857195,12:10:57.195,AGLD/USDT:USDT,0.7894,761.0,0.7893,99.0,0.7902,55.0,0.7903,5.0
1753531857348,12:10:57.348,AGLD/USDT:USDT,0.7894,761.0,0.7893,99.0,0.7902,55.0,0.7903,5.0
1753531857858,12:10:57.858,AGLD/USDT:USDT,0.7894,761.0,0.7893,99.0,0.7902,55.0,0.7903,5.0
1753531858132,12:10:58.132,AGLD/USDT:USDT,0.7894,761.0,0.7893,99.0,0.7902,55.0,0.7903,5.0
1753531859916,12:10:59.916,AGLD/USDT:USDT,0.7894,761.0,0.7893,99.0,0.7902,55.0,0.7903,5.0
1753531860734,12:11:00.734,AGLD/USDT:USDT,0.7894,761.0,0.7893,99.0,0.7902,55.0,0.7903,5.0
1753531861546,12:11:01.546,AGLD/USDT:USDT,0.7894,761.0,0.7893,99.0,0.7902,55.0,0.7903,5.0
1753531861762,12:11:01.762,AGLD/USDT:USDT,0.7895,56.0,0.7894,761.0,0.7902,55.0,0.7903,5.0
1753531861820,12:11:01.820,AGLD/USDT:USDT,0.7895,816.0,0.7894,27.0,0.7903,5.0,0.7904,635.0
1753531861951,12:11:01.951,AGLD/USDT:USDT,0.7896,1.0,0.7895,816.0,0.7903,5.0,0.7904,635.0
1753531863348,12:11:03.348,AGLD/USDT:USDT,0.7896,761.0,0.7895,56.0,0.7903,5.0,0.7904,635.0
1753531867058,12:11:07.058,AGLD/USDT:USDT,0.7897,74.0,0.7896,787.0,0.7903,5.0,0.7907,55.0
1753531867162,12:11:07.162,AGLD/USDT:USDT,0.7898,761.0,0.7897,91.0,0.7906,56.0,0.7907,60.0
1753531867224,12:11:07.224,AGLD/USDT:USDT,0.7898,761.0,0.7897,91.0,0.7905,1.0,0.7906,56.0
1753531867325,12:11:07.325,AGLD/USDT:USDT,0.7898,761.0,0.7897,91.0,0.7906,56.0,0.7907,60.0
1753531868035,12:11:08.035,AGLD/USDT:USDT,0.7898,761.0,0.7897,91.0,0.7906,56.0,0.7907,60.0
1753531868325,12:11:08.325,AGLD/USDT:USDT,0.7898,761.0,0.7897,91.0,0.7906,56.0,0.7907,60.0
1753531868450,12:11:08.450,AGLD/USDT:USDT,0.7898,761.0,0.7897,91.0,0.7906,56.0,0.7907,60.0
1753531868867,12:11:08.867,AGLD/USDT:USDT,0.7898,761.0,0.7897,91.0,0.7906,56.0,0.7907,60.0
1753531873733,12:11:13.733,AGLD/USDT:USDT,0.7898,817.0,0.7897,91.0,0.7907,60.0,0.7908,690.0
1753531873840,12:11:13.840,AGLD/USDT:USDT,0.7898,817.0,0.7897,91.0,0.7906,56.0,0.7907,60.0
1753531874013,12:11:14.013,AGLD/USDT:USDT,0.7898,1.0,0.7896,26.0,0.7905,130.0,0.7906,56.0
1753531874146,12:11:14.146,AGLD/USDT:USDT,0.7896,57.0,0.7895,82.0,0.7904,5.0,0.7905,64.0
1753531874236,12:11:14.236,AGLD/USDT:USDT,0.7896,57.0,0.7895,82.0,0.7904,5.0,0.7905,64.0
1753531874426,12:11:14.426,AGLD/USDT:USDT,0.7896,835.0,0.7895,56.0,0.7903,82.0,0.7904,5.0
1753531874560,12:11:14.560,AGLD/USDT:USDT,0.7896,835.0,0.7895,82.0,0.7902,5.0,0.7905,56.0
1753531874640,12:11:14.640,AGLD/USDT:USDT,0.7896,835.0,0.7895,56.0,0.7903,66.0,0.7905,61.0
1753531874706,12:11:14.706,AGLD/USDT:USDT,0.7896,835.0,0.7895,82.0,0.7902,5.0,0.7904,14.0
1753531874831,12:11:14.831,AGLD/USDT:USDT,0.7896,835.0,0.7895,82.0,0.7904,19.0,0.7905,56.0
1753531875729,12:11:15.729,AGLD/USDT:USDT,0.7896,835.0,0.7895,82.0,0.7904,19.0,0.7905,56.0
1753531876551,12:11:16.551,AGLD/USDT:USDT,0.7896,779.0,0.7895,56.0,0.7902,66.0,0.7903,74.0
1753531876662,12:11:16.662,AGLD/USDT:USDT,0.7896,390.0,0.7895,65.0,0.7901,5.0,0.7903,22.0
1753531876760,12:11:16.760,AGLD/USDT:USDT,0.7896,10.0,0.7895,56.0,0.7901,66.0,0.7903,35.0
1753531876806,12:11:16.806,AGLD/USDT:USDT,0.7896,10.0,0.7895,65.0,0.79,5.0,0.7903,22.0
1753531876958,12:11:16.958,AGLD/USDT:USDT,0.7896,10.0,0.7895,65.0,0.7903,35.0,0.7904,56.0
1753531876969,12:11:16.969,AGLD/USDT:USDT,0.7896,10.0,0.7895,65.0,0.7903,35.0,0.7904,56.0
1753531877245,12:11:17.245,AGLD/USDT:USDT,0.7896,1.0,0.7893,81.0,0.7902,66.0,0.7903,21.0
1753531877338,12:11:17.338,AGLD/USDT:USDT,0.7895,56.0,0.7894,66.0,0.7901,5.0,0.7903,14.0
1753531877406,12:11:17.406,AGLD/USDT:USDT,0.7895,56.0,0.7894,92.0,0.7903,14.0,0.7904,5.0
1753531877746,12:11:17.746,AGLD/USDT:USDT,0.7894,66.0,0.7893,435.0,0.79,74.0,0.7902,8.0
1753531877857,12:11:17.857,AGLD/USDT:USDT,0.7894,390.0,0.7893,435.0,0.7899,5.0,0.7901,14.0
1753531877886,12:11:17.886,AGLD/USDT:USDT,0.7894,390.0,0.7893,435.0,0.7901,22.0,0.7902,5.0
1753531878558,12:11:18.558,AGLD/USDT:USDT,0.7894,390.0,0.7893,435.0,0.7901,22.0,0.7902,5.0
1753531878976,12:11:18.976,AGLD/USDT:USDT,0.7894,390.0,0.7893,435.0,0.7901,22.0,0.7902,5.0
1753531879546,12:11:19.546,AGLD/USDT:USDT,0.7894,390.0,0.7893,435.0,0.7901,22.0,0.7902,5.0
1753531879596,12:11:19.596,AGLD/USDT:USDT,0.7894,390.0,0.7893,435.0,0.7901,78.0,0.7902,5.0
1753531879712,12:11:19.712,AGLD/USDT:USDT,0.7894,390.0,0.7893,55.0,0.79,5.0,0.7901,64.0
1753531879838,12:11:19.838,AGLD/USDT:USDT,0.7894,390.0,0.7893,55.0,0.79,5.0,0.7901,64.0
1753531880906,12:11:20.906,AGLD/USDT:USDT,0.7894,399.0,0.7893,55.0,0.79,5.0,0.7901,64.0
1753531881220,12:11:21.220,AGLD/USDT:USDT,0.7894,399.0,0.7893,55.0,0.79,5.0,0.7901,64.0
1753531881852,12:11:21.852,AGLD/USDT:USDT,0.7894,399.0,0.7893,55.0,0.79,5.0,0.7901,64.0
1753531886903,12:11:26.903,AGLD/USDT:USDT,0.7894,390.0,0.7893,55.0,0.79,5.0,0.7901,64.0
1753531887038,12:11:27.038,AGLD/USDT:USDT,0.7894,390.0,0.7893,55.0,0.79,5.0,0.7901,64.0
1753531887852,12:11:27.852,AGLD/USDT:USDT,0.7894,390.0,0.7893,55.0,0.79,5.0,0.7901,64.0
1753531889274,12:11:29.274,AGLD/USDT:USDT,0.7894,399.0,0.7893,55.0,0.79,5.0,0.7901,64.0
1753531889846,12:11:29.846,AGLD/USDT:USDT,0.7894,399.0,0.7893,55.0,0.79,5.0,0.7901,64.0
1753531890792,12:11:30.792,AGLD/USDT:USDT,0.7894,779.0,0.7893,55.0,0.79,5.0,0.7901,64.0
1753531891082,12:11:31.082,AGLD/USDT:USDT,0.7894,779.0,0.7893,55.0,0.79,5.0,0.7901,64.0
1753531892546,12:11:32.546,AGLD/USDT:USDT,0.7894,761.0,0.7887,26.0,0.7898,73.0,0.7899,17.0
1753531892606,12:11:32.606,AGLD/USDT:USDT,0.7894,761.0,0.7887,26.0,0.7897,12.0,0.7898,10.0
1753531892750,12:11:32.750,AGLD/USDT:USDT,0.7894,761.0,0.7887,26.0,0.7897,7.0,0.7898,10.0
1753531892826,12:11:32.826,AGLD/USDT:USDT,0.7894,1.0,0.7887,26.0,0.7897,63.0,0.7898,19.0
1753531892896,12:11:32.896,AGLD/USDT:USDT,0.7888,56.0,0.7887,27.0,0.7896,66.0,0.7897,68.0
1753531893017,12:11:33.017,AGLD/USDT:USDT,0.7888,56.0,0.7887,27.0,0.7895,5.0,0.7897,70.0
1753531893115,12:11:33.115,AGLD/USDT:USDT,0.7888,56.0,0.7887,27.0,0.7896,5.0,0.7897,56.0
1753531893186,12:11:33.186,AGLD/USDT:USDT,0.7888,56.0,0.7887,27.0,0.7897,61.0,0.7898,9.0
1753531893558,12:11:33.558,AGLD/USDT:USDT,0.7889,56.0,0.7888,816.0,0.7897,61.0,0.7899,14.0
1753531893654,12:11:33.654,AGLD/USDT:USDT,0.7889,83.0,0.7888,816.0,0.7898,5.0,0.79,14.0
1753531893757,12:11:33.757,AGLD/USDT:USDT,0.7889,83.0,0.7888,816.0,0.79,19.0,0.7901,56.0
1753531893858,12:11:33.858,AGLD/USDT:USDT,0.789,65.0,0.7889,57.0,0.7897,73.0,0.7898,7.0
1753531893886,12:11:33.886,AGLD/USDT:USDT,0.7891,1.0,0.789,65.0,0.7896,5.0,0.7897,7.0
1753531894063,12:11:34.063,AGLD/USDT:USDT,0.7891,1.0,0.789,74.0,0.7897,7.0,0.7898,12.0
1753531895054,12:11:35.054,AGLD/USDT:USDT,0.7891,1.0,0.789,74.0,0.7897,7.0,0.7898,12.0
1753531895162,12:11:35.162,AGLD/USDT:USDT,0.7891,761.0,0.789,100.0,0.7898,5.0,0.7899,56.0
1753531895210,12:11:35.210,AGLD/USDT:USDT,0.7891,761.0,0.789,100.0,0.7899,68.0,0.7901,70.0
1753531895273,12:11:35.273,AGLD/USDT:USDT,0.7891,761.0,0.789,100.0,0.7899,63.0,0.79,5.0
1753531895529,12:11:35.529,AGLD/USDT:USDT,0.7891,761.0,0.789,100.0,0.7899,63.0,0.79,5.0
1753531896357,12:11:36.357,AGLD/USDT:USDT,0.7892,74.0,0.7891,761.0,0.79,5.0,0.7901,56.0
1753531896416,12:11:36.416,AGLD/USDT:USDT,0.7893,1.0,0.7892,74.0,0.7901,56.0,0.7903,5.0
1753531896486,12:11:36.486,AGLD/USDT:USDT,0.7893,1.0,0.7892,74.0,0.7901,63.0,0.7903,5.0
1753531896580,12:11:36.580,AGLD/USDT:USDT,0.7893,1.0,0.7892,74.0,0.7901,63.0,0.7903,19.0
1753531897246,12:11:37.246,AGLD/USDT:USDT,0.7893,761.0,0.7892,18.0,0.7898,66.0,0.7899,7.0
1753531897306,12:11:37.306,AGLD/USDT:USDT,0.7893,761.0,0.7892,18.0,0.7897,5.0,0.7899,21.0
1753531897458,12:11:37.458,AGLD/USDT:USDT,0.7893,761.0,0.7892,18.0,0.7899,26.0,0.79,56.0
1753531897545,12:11:37.545,AGLD/USDT:USDT,0.7893,761.0,0.7892,9.0,0.7899,33.0,0.79,56.0
1753531897655,12:11:37.655,AGLD/USDT:USDT,0.7893,770.0,0.7892,9.0,0.7899,33.0,0.79,56.0
1753531897721,12:11:37.721,AGLD/USDT:USDT,0.7893,770.0,0.7892,9.0,0.7899,33.0,0.79,56.0
1753531898017,12:11:38.017,AGLD/USDT:USDT,0.7893,761.0,0.7892,9.0,0.7899,33.0,0.79,56.0
1753531898246,12:11:38.246,AGLD/USDT:USDT,0.7893,1.0,0.789,82.0,0.7897,73.0,0.7898,10.0
1753531898345,12:11:38.345,AGLD/USDT:USDT,0.7891,1.0,0.789,74.0,0.7896,5.0,0.7898,14.0
1753531898456,12:11:38.456,AGLD/USDT:USDT,0.7891,761.0,0.789,74.0,0.7897,9.0,0.7899,19.0
1753531898555,12:11:38.555,AGLD/USDT:USDT,0.7891,381.0,0.789,100.0,0.7897,9.0,0.7899,19.0
1753531898619,12:11:38.619,AGLD/USDT:USDT,0.7891,1.0,0.789,100.0,0.7897,9.0,0.7899,19.0
1753531898689,12:11:38.689,AGLD/USDT:USDT,0.7891,761.0,0.789,100.0,0.7897,9.0,0.7899,19.0
1753531898946,12:11:38.946,AGLD/USDT:USDT,0.7891,761.0,0.789,100.0,0.7899,19.0,0.79,56.0
1753531899016,12:11:39.016,AGLD/USDT:USDT,0.7891,761.0,0.789,100.0,0.7899,19.0,0.79,56.0
1753531899319,12:11:39.319,AGLD/USDT:USDT,0.7891,761.0,0.789,100.0,0.7899,19.0,0.79,56.0
1753531902746,12:11:42.746,AGLD/USDT:USDT,0.7891,761.0,0.789,100.0,0.7897,66.0,0.7898,80.0
1753531902830,12:11:42.830,AGLD/USDT:USDT,0.7891,761.0,0.789,74.0,0.7896,5.0,0.7898,21.0
1753531902961,12:11:42.961,AGLD/USDT:USDT,0.7891,761.0,0.789,74.0,0.7898,26.0,0.7899,56.0
1753531904045,12:11:44.045,AGLD/USDT:USDT,0.7891,761.0,0.789,74.0,0.7897,66.0,0.7898,19.0
1753531904077,12:11:44.077,AGLD/USDT:USDT,0.7891,761.0,0.789,74.0,0.7897,66.0,0.7898,19.0
1753531904182,12:11:44.182,AGLD/USDT:USDT,0.7891,761.0,0.789,74.0,0.7897,66.0,0.7898,19.0
1753531904337,12:11:44.337,AGLD/USDT:USDT,0.7891,761.0,0.789,74.0,0.7896,5.0,0.7898,21.0
1753531904443,12:11:44.443,AGLD/USDT:USDT,0.7891,761.0,0.789,74.0,0.7897,66.0,0.7898,19.0
1753531904546,12:11:44.546,AGLD/USDT:USDT,0.7891,761.0,0.789,74.0,0.7896,5.0,0.7898,21.0
1753531904652,12:11:44.652,AGLD/USDT:USDT,0.7891,761.0,0.789,74.0,0.7897,66.0,0.7898,19.0
1753531904756,12:11:44.756,AGLD/USDT:USDT,0.7891,761.0,0.789,74.0,0.7896,5.0,0.7898,21.0
1753531904808,12:11:44.808,AGLD/USDT:USDT,0.7891,761.0,0.789,74.0,0.7898,33.0,0.7899,56.0
1753531905005,12:11:45.005,AGLD/USDT:USDT,0.7891,761.0,0.789,74.0,0.7898,33.0,0.7899,56.0
1753531906343,12:11:46.343,AGLD/USDT:USDT,0.7892,834.0,0.7891,1.0,0.7898,19.0,0.79,14.0
1753531906453,12:11:46.453,AGLD/USDT:USDT,0.7893,57.0,0.7892,834.0,0.79,19.0,0.7901,56.0
1753531906644,12:11:46.644,AGLD/USDT:USDT,0.7893,57.0,0.7892,834.0,0.79,19.0,0.7901,56.0
1753531906694,12:11:46.694,AGLD/USDT:USDT,0.7893,57.0,0.7892,834.0,0.79,19.0,0.7901,56.0
1753531910056,12:11:50.056,AGLD/USDT:USDT,0.7894,56.0,0.7893,57.0,0.79,19.0,0.7902,14.0
1753531910153,12:11:50.153,AGLD/USDT:USDT,0.7894,834.0,0.7893,83.0,0.7902,14.0,0.7903,5.0
1753531910186,12:11:50.186,AGLD/USDT:USDT,0.7895,1.0,0.7894,834.0,0.7902,21.0,0.7903,5.0
1753531910885,12:11:50.885,AGLD/USDT:USDT,0.7895,55.0,0.7894,834.0,0.7902,21.0,0.7903,5.0
1753531911013,12:11:51.013,AGLD/USDT:USDT,0.7895,55.0,0.7894,834.0,0.7902,21.0,0.7903,5.0
1753531911070,12:11:51.070,AGLD/USDT:USDT,0.7895,55.0,0.7894,834.0,0.7902,21.0,0.7904,19.0
1753531911222,12:11:51.222,AGLD/USDT:USDT,0.7895,55.0,0.7894,834.0,0.7902,21.0,0.7904,19.0
1753531911485,12:11:51.485,AGLD/USDT:USDT,0.7895,55.0,0.7894,834.0,0.7902,21.0,0.7904,19.0
1753531911825,12:11:51.825,AGLD/USDT:USDT,0.7895,435.0,0.7894,454.0,0.7902,14.0,0.7904,19.0
1753531912082,12:11:52.082,AGLD/USDT:USDT,0.7895,435.0,0.7894,74.0,0.7902,14.0,0.7904,19.0
1753531912568,12:11:52.568,AGLD/USDT:USDT,0.7895,435.0,0.7894,74.0,0.7902,14.0,0.7904,19.0
1753531912674,12:11:52.674,AGLD/USDT:USDT,0.7895,435.0,0.7894,74.0,0.7902,14.0,0.7904,14.0
1753531913360,12:11:53.360,AGLD/USDT:USDT,0.7895,815.0,0.7894,74.0,0.7901,66.0,0.7902,7.0
1753531913415,12:11:53.415,AGLD/USDT:USDT,0.7895,815.0,0.7894,74.0,0.79,5.0,0.7902,21.0
1753531913545,12:11:53.545,AGLD/USDT:USDT,0.7895,815.0,0.7894,74.0,0.7901,66.0,0.7902,7.0
1753531913586,12:11:53.586,AGLD/USDT:USDT,0.7895,815.0,0.7894,74.0,0.79,5.0,0.7902,7.0
1753531913675,12:11:53.675,AGLD/USDT:USDT,0.7895,815.0,0.7894,100.0,0.7902,21.0,0.7904,14.0
1753531913918,12:11:53.918,AGLD/USDT:USDT,0.7895,815.0,0.7894,74.0,0.7902,21.0,0.7904,14.0
1753531915944,12:11:55.944,AGLD/USDT:USDT,0.7895,815.0,0.7894,74.0,0.7902,14.0,0.7904,14.0
1753531916359,12:11:56.359,AGLD/USDT:USDT,0.7895,815.0,0.7894,74.0,0.7902,14.0,0.7904,14.0
1753531916650,12:11:56.650,AGLD/USDT:USDT,0.7895,815.0,0.7894,74.0,0.79,66.0,0.7901,66.0
1753531916702,12:11:56.702,AGLD/USDT:USDT,0.7895,761.0,0.7894,74.0,0.7899,5.0,0.7902,14.0
1753531916773,12:11:56.773,AGLD/USDT:USDT,0.7895,761.0,0.7894,74.0,0.7902,14.0,0.7904,14.0
1753531917246,12:11:57.246,AGLD/USDT:USDT,0.7895,761.0,0.7894,74.0,0.7901,66.0,0.7902,7.0
1753531917322,12:11:57.322,AGLD/USDT:USDT,0.7895,761.0,0.7894,74.0,0.79,5.0,0.7902,21.0
1753531917426,12:11:57.426,AGLD/USDT:USDT,0.7895,761.0,0.7894,74.0,0.7902,21.0,0.7904,14.0
1753531917604,12:11:57.604,AGLD/USDT:USDT,0.7895,761.0,0.7894,74.0,0.7902,21.0,0.7904,14.0
1753531918157,12:11:58.157,AGLD/USDT:USDT,0.7895,761.0,0.7894,74.0,0.79,66.0,0.7902,21.0
1753531918206,12:11:58.206,AGLD/USDT:USDT,0.7895,761.0,0.7894,74.0,0.7899,5.0,0.7902,21.0
1753531918287,12:11:58.287,AGLD/USDT:USDT,0.7895,761.0,0.7894,74.0,0.7902,21.0,0.7904,14.0
1753531918419,12:11:58.419,AGLD/USDT:USDT,0.7895,761.0,0.7894,74.0,0.7902,21.0,0.7904,14.0
1753531921351,12:12:01.351,AGLD/USDT:USDT,0.7896,815.0,0.7895,1.0,0.7904,14.0,0.7906,19.0
1753531921445,12:12:01.445,AGLD/USDT:USDT,0.7896,815.0,0.7895,1.0,0.7904,14.0,0.7906,19.0
1753531921645,12:12:01.645,AGLD/USDT:USDT,0.7897,1.0,0.7896,815.0,0.7904,14.0,0.7906,19.0
1753531921690,12:12:01.690,AGLD/USDT:USDT,0.7897,19.0,0.7896,815.0,0.7904,14.0,0.7906,19.0
1753531923357,12:12:03.357,AGLD/USDT:USDT,0.7897,19.0,0.7896,55.0,0.7902,66.0,0.7903,66.0
1753531923426,12:12:03.426,AGLD/USDT:USDT,0.7897,779.0,0.7896,90.0,0.7901,5.0,0.7903,14.0
1753531923558,12:12:03.558,AGLD/USDT:USDT,0.7897,779.0,0.7896,64.0,0.7903,14.0,0.7904,7.0
1753531923661,12:12:03.661,AGLD/USDT:USDT,0.7897,779.0,0.7896,64.0,0.7903,14.0,0.7904,7.0
1753531923946,12:12:03.946,AGLD/USDT:USDT,0.7897,761.0,0.7896,55.0,0.7903,76.0,0.7904,7.0
1753531924044,12:12:04.044,AGLD/USDT:USDT,0.7897,761.0,0.7894,26.0,0.7902,12.0,0.7903,72.0
1753531924096,12:12:04.096,AGLD/USDT:USDT,0.7897,761.0,0.7894,26.0,0.7902,12.0,0.7903,72.0
1753531924424,12:12:04.424,AGLD/USDT:USDT,0.7897,761.0,0.7896,9.0,0.7902,12.0,0.7903,72.0
1753531924494,12:12:04.494,AGLD/USDT:USDT,0.7897,761.0,0.7896,9.0,0.7902,12.0,0.7903,72.0
1753531924950,12:12:04.950,AGLD/USDT:USDT,0.7897,761.0,0.7896,18.0,0.7902,12.0,0.7903,72.0
1753531925045,12:12:05.045,AGLD/USDT:USDT,0.7897,761.0,0.7896,18.0,0.7902,12.0,0.7903,72.0
1753531925448,12:12:05.448,AGLD/USDT:USDT,0.7897,761.0,0.7896,18.0,0.7902,5.0,0.7903,55.0
1753531925510,12:12:05.510,AGLD/USDT:USDT,0.7897,761.0,0.7896,44.0,0.7903,5.0,0.7906,14.0
1753531925646,12:12:05.646,AGLD/USDT:USDT,0.7897,761.0,0.7896,44.0,0.7906,19.0,0.7907,55.0
1753531925752,12:12:05.752,AGLD/USDT:USDT,0.7897,761.0,0.7896,44.0,0.7904,66.0,0.7905,55.0
1753531925789,12:12:05.789,AGLD/USDT:USDT,0.7897,761.0,0.7896,18.0,0.7902,66.0,0.7903,5.0
1753531925906,12:12:05.906,AGLD/USDT:USDT,0.7897,761.0,0.7896,18.0,0.7901,5.0,0.7903,14.0
1753531926031,12:12:06.031,AGLD/USDT:USDT,0.7897,761.0,0.7896,18.0,0.7903,14.0,0.7904,12.0
1753531926115,12:12:06.115,AGLD/USDT:USDT,0.7897,761.0,0.7896,18.0,0.7903,14.0,0.7904,12.0
1753531926746,12:12:06.746,AGLD/USDT:USDT,0.7897,761.0,0.7896,44.0,0.7904,5.0,0.7906,14.0
1753531926838,12:12:06.838,AGLD/USDT:USDT,0.7897,761.0,0.7896,99.0,0.7906,19.0,0.7907,55.0
1753531926991,12:12:06.991,AGLD/USDT:USDT,0.7897,761.0,0.7896,99.0,0.7906,19.0,0.7907,55.0
1753531927143,12:12:07.143,AGLD/USDT:USDT,0.7897,761.0,0.7896,99.0,0.7906,19.0,0.7907,55.0
1753531927316,12:12:07.316,AGLD/USDT:USDT,0.7897,761.0,0.7896,99.0,0.7905,66.0,0.7906,60.0
1753531927436,12:12:07.436,AGLD/USDT:USDT,0.7897,761.0,0.7896,73.0,0.7903,66.0,0.7904,5.0
1753531927537,12:12:07.537,AGLD/USDT:USDT,0.7897,761.0,0.7896,73.0,0.7902,5.0,0.7904,14.0
1753531927586,12:12:07.586,AGLD/USDT:USDT,0.7897,761.0,0.7896,73.0,0.7904,14.0,0.7905,5.0
1753531928446,12:12:08.446,AGLD/USDT:USDT,0.7897,761.0,0.7896,99.0,0.7905,5.0,0.7906,55.0
1753531928506,12:12:08.506,AGLD/USDT:USDT,0.7897,761.0,0.7896,99.0,0.7906,60.0,0.7907,55.0
1753531928950,12:12:08.950,AGLD/USDT:USDT,0.7897,761.0,0.7896,99.0,0.7906,60.0,0.7907,55.0
1753531930260,12:12:10.260,AGLD/USDT:USDT,0.7897,761.0,0.7896,35.0,0.7903,121.0,0.7904,128.0
1753531930353,12:12:10.353,AGLD/USDT:USDT,0.7897,553.0,0.7896,9.0,0.7902,62.0,0.7903,138.0
1753531930445,12:12:10.445,AGLD/USDT:USDT,0.7897,380.0,0.7896,9.0,0.7901,55.0,0.7902,68.0
1753531930550,12:12:10.550,AGLD/USDT:USDT,0.7893,26.0,0.7892,55.0,0.7901,62.0,0.7902,68.0
1753531930618,12:12:10.618,AGLD/USDT:USDT,0.7893,26.0,0.7892,55.0,0.7901,62.0,0.7902,68.0
1753531930744,12:12:10.744,AGLD/USDT:USDT,0.7891,26.0,0.789,56.0,0.7901,62.0,0.7902,68.0
1753531930806,12:12:10.806,AGLD/USDT:USDT,0.7891,26.0,0.789,56.0,0.79,66.0,0.7901,62.0
1753531930925,12:12:10.925,AGLD/USDT:USDT,0.7892,56.0,0.7891,760.0,0.7899,66.0,0.79,6.0
1753531931054,12:12:11.054,AGLD/USDT:USDT,0.7892,65.0,0.7891,760.0,0.7899,66.0,0.79,6.0
1753531931105,12:12:11.105,AGLD/USDT:USDT,0.7892,74.0,0.7891,760.0,0.7899,66.0,0.79,6.0
1753531931238,12:12:11.238,AGLD/USDT:USDT,0.7892,74.0,0.7891,760.0,0.7899,66.0,0.79,6.0
1753531931608,12:12:11.608,AGLD/USDT:USDT,0.7892,74.0,0.7891,760.0,0.7899,66.0,0.79,6.0
1753531931918,12:12:11.918,AGLD/USDT:USDT,0.7892,74.0,0.7891,760.0,0.7899,66.0,0.79,6.0
1753531932657,12:12:12.657,AGLD/USDT:USDT,0.7892,74.0,0.789,82.0,0.7899,73.0,0.79,6.0
1753531932735,12:12:12.735,AGLD/USDT:USDT,0.7892,825.0,0.789,82.0,0.7899,73.0,0.79,6.0
1753531933359,12:12:13.359,AGLD/USDT:USDT,0.7892,825.0,0.789,82.0,0.7899,136.0,0.79,6.0
1753531933452,12:12:13.452,AGLD/USDT:USDT,0.7892,760.0,0.789,82.0,0.7898,62.0,0.7899,70.0
1753531933553,12:12:13.553,AGLD/USDT:USDT,0.789,82.0,0.7886,55.0,0.7896,66.0,0.7897,80.0
1753531933649,12:12:13.649,AGLD/USDT:USDT,0.7887,9.0,0.7886,55.0,0.7893,66.0,0.7896,6.0
1753531933745,12:12:13.745,AGLD/USDT:USDT,0.7888,56.0,0.7887,9.0,0.7893,66.0,0.7897,20.0
1753531933845,12:12:13.845,AGLD/USDT:USDT,0.7888,56.0,0.7887,9.0,0.7893,66.0,0.7897,20.0
1753531933951,12:12:13.951,AGLD/USDT:USDT,0.7888,56.0,0.7887,9.0,0.7893,66.0,0.7896,14.0
1753531934046,12:12:14.046,AGLD/USDT:USDT,0.7889,56.0,0.7888,816.0,0.7893,66.0,0.7896,14.0
1753531934086,12:12:14.086,AGLD/USDT:USDT,0.7889,56.0,0.7888,816.0,0.7893,66.0,0.7896,14.0
1753531934322,12:12:14.322,AGLD/USDT:USDT,0.7889,56.0,0.7888,816.0,0.7893,66.0,0.7896,14.0
1753531934386,12:12:14.386,AGLD/USDT:USDT,0.7889,56.0,0.7888,816.0,0.7893,66.0,0.7896,14.0
1753531934612,12:12:14.612,AGLD/USDT:USDT,0.7889,74.0,0.7888,834.0,0.7893,66.0,0.7896,14.0
1753531935301,12:12:15.301,AGLD/USDT:USDT,0.7889,74.0,0.7888,834.0,0.7896,14.0,0.7898,20.0
1753531935446,12:12:15.446,AGLD/USDT:USDT,0.789,56.0,0.7889,74.0,0.7895,66.0,0.7898,14.0
1753531935552,12:12:15.552,AGLD/USDT:USDT,0.789,56.0,0.7889,100.0,0.7898,14.0,0.7899,62.0
1753531935607,12:12:15.607,AGLD/USDT:USDT,0.789,816.0,0.7889,100.0,0.7898,14.0,0.7899,62.0
1753531935874,12:12:15.874,AGLD/USDT:USDT,0.789,816.0,0.7889,100.0,0.7898,14.0,0.7899,62.0
1753531936039,12:12:16.039,AGLD/USDT:USDT,0.789,816.0,0.7889,100.0,0.7898,14.0,0.7899,62.0
1753531936454,12:12:16.454,AGLD/USDT:USDT,0.7891,74.0,0.789,816.0,0.7896,66.0,0.7897,66.0
1753531936525,12:12:16.525,AGLD/USDT:USDT,0.7891,74.0,0.789,816.0,0.7896,6.0,0.7898,14.0
1753531936586,12:12:16.586,AGLD/USDT:USDT,0.7891,74.0,0.789,816.0,0.7898,14.0,0.7899,56.0
1753531936747,12:12:16.747,AGLD/USDT:USDT,0.7892,56.0,0.7891,74.0,0.79,6.0,0.7901,55.0
1753531936857,12:12:16.857,AGLD/USDT:USDT,0.7892,56.0,0.7891,100.0,0.7901,55.0,0.7903,61.0
1753531936922,12:12:16.922,AGLD/USDT:USDT,0.7892,56.0,0.7891,100.0,0.7901,55.0,0.7903,61.0
1753531937134,12:12:17.134,AGLD/USDT:USDT,0.7892,56.0,0.7891,100.0,0.7901,55.0,0.7903,75.0
1753531939652,12:12:19.652,AGLD/USDT:USDT,0.7892,816.0,0.7891,100.0,0.7901,55.0,0.7903,75.0
1753531939710,12:12:19.710,AGLD/USDT:USDT,0.7892,816.0,0.7891,100.0,0.7901,55.0,0.7903,75.0
1753531940608,12:12:20.608,AGLD/USDT:USDT,0.7893,56.0,0.7892,816.0,0.79,73.0,0.7901,55.0
1753531940678,12:12:20.678,AGLD/USDT:USDT,0.7893,74.0,0.7892,816.0,0.79,79.0,0.7901,55.0
1753531941207,12:12:21.207,AGLD/USDT:USDT,0.7893,74.0,0.7892,56.0,0.79,86.0,0.7901,55.0
1753531941301,12:12:21.301,AGLD/USDT:USDT,0.7893,74.0,0.7892,56.0,0.79,86.0,0.7901,55.0
1753531942078,12:12:22.078,AGLD/USDT:USDT,0.7893,74.0,0.7892,56.0,0.79,86.0,0.7901,55.0
1753531942261,12:12:22.261,AGLD/USDT:USDT,0.7893,74.0,0.7892,56.0,0.79,86.0,0.7901,55.0
1753531942427,12:12:22.427,AGLD/USDT:USDT,0.7893,74.0,0.7892,56.0,0.79,86.0,0.7901,55.0
1753531942490,12:12:22.490,AGLD/USDT:USDT,0.7893,74.0,0.7892,56.0,0.79,86.0,0.7901,55.0
1753531942630,12:12:22.630,AGLD/USDT:USDT,0.7893,74.0,0.7892,56.0,0.79,79.0,0.7901,55.0
1753531942701,12:12:22.701,AGLD/USDT:USDT,0.7893,834.0,0.7892,56.0,0.79,79.0,0.7901,55.0
1753531942901,12:12:22.901,AGLD/USDT:USDT,0.7894,57.0,0.7893,834.0,0.79,72.0,0.7901,55.0
1753531942992,12:12:22.992,AGLD/USDT:USDT,0.7894,57.0,0.7893,834.0,0.79,66.0,0.7901,6.0
1753531943078,12:12:23.078,AGLD/USDT:USDT,0.7894,57.0,0.7893,834.0,0.79,66.0,0.7902,20.0
1753531944213,12:12:24.213,AGLD/USDT:USDT,0.7894,57.0,0.7893,834.0,0.79,66.0,0.7902,20.0
1753531944346,12:12:24.346,AGLD/USDT:USDT,0.7895,57.0,0.7894,437.0,0.79,66.0,0.7902,20.0
1753531944422,12:12:24.422,AGLD/USDT:USDT,0.7895,75.0,0.7894,817.0,0.79,66.0,0.7902,20.0
1753531944516,12:12:24.516,AGLD/USDT:USDT,0.7895,75.0,0.7894,817.0,0.79,66.0,0.7902,20.0
1753531944933,12:12:24.933,AGLD/USDT:USDT,0.7895,75.0,0.7894,817.0,0.7902,20.0,0.7903,55.0
1753531945036,12:12:25.036,AGLD/USDT:USDT,0.7895,75.0,0.7894,817.0,0.7902,14.0,0.7903,61.0
1753531945081,12:12:25.081,AGLD/USDT:USDT,0.7895,75.0,0.7894,817.0,0.7902,14.0,0.7903,61.0
1753531945253,12:12:25.253,AGLD/USDT:USDT,0.7895,75.0,0.7894,817.0,0.7902,14.0,0.7903,61.0
1753531945349,12:12:25.349,AGLD/USDT:USDT,0.7895,75.0,0.7894,817.0,0.7902,14.0,0.7903,61.0
1753531945429,12:12:25.429,AGLD/USDT:USDT,0.7896,57.0,0.7895,75.0,0.7902,14.0,0.7903,6.0
1753531945517,12:12:25.517,AGLD/USDT:USDT,0.7896,57.0,0.7895,101.0,0.7904,69.0,0.7906,20.0
1753531945661,12:12:25.661,AGLD/USDT:USDT,0.7896,57.0,0.7895,101.0,0.7904,14.0,0.7906,20.0
1753531945704,12:12:25.704,AGLD/USDT:USDT,0.7896,57.0,0.7895,101.0,0.7904,14.0,0.7906,18.0
1753531945859,12:12:25.859,AGLD/USDT:USDT,0.7896,57.0,0.7895,101.0,0.7904,14.0,0.7906,18.0
1753531946236,12:12:26.236,AGLD/USDT:USDT,0.7897,75.0,0.7896,817.0,0.7902,66.0,0.7904,14.0
1753531946313,12:12:26.313,AGLD/USDT:USDT,0.7897,75.0,0.7896,817.0,0.7902,66.0,0.7904,14.0
1753531946459,12:12:26.459,AGLD/USDT:USDT,0.7897,75.0,0.7896,817.0,0.7902,66.0,0.7904,14.0
1753531946507,12:12:26.507,AGLD/USDT:USDT,0.7897,75.0,0.7896,817.0,0.7902,66.0,0.7904,14.0
1753531946750,12:12:26.750,AGLD/USDT:USDT,0.7897,75.0,0.7896,817.0,0.7902,66.0,0.7904,14.0
1753531947047,12:12:27.047,AGLD/USDT:USDT,0.7897,75.0,0.7896,817.0,0.7902,66.0,0.7904,14.0
1753531947153,12:12:27.153,AGLD/USDT:USDT,0.7897,75.0,0.7896,817.0,0.7902,66.0,0.7904,14.0
1753531947462,12:12:27.462,AGLD/USDT:USDT,0.7897,75.0,0.7896,817.0,0.7902,66.0,0.7904,14.0
1753531947462,12:12:27.462,AGLD/USDT:USDT,0.7897,75.0,0.7896,817.0,0.7902,66.0,0.7904,14.0
1753531947629,12:12:27.629,AGLD/USDT:USDT,0.7897,75.0,0.7896,817.0,0.7902,66.0,0.7904,14.0
1753531947739,12:12:27.739,AGLD/USDT:USDT,0.7897,835.0,0.7896,57.0,0.7902,66.0,0.7904,14.0
1753531947837,12:12:27.837,AGLD/USDT:USDT,0.7897,769.0,0.7896,57.0,0.7902,73.0,0.7904,14.0
1753531947878,12:12:27.878,AGLD/USDT:USDT,0.7897,778.0,0.7896,57.0,0.7902,73.0,0.7904,14.0
1753531948255,12:12:28.255,AGLD/USDT:USDT,0.7897,18.0,0.7896,57.0,0.7902,73.0,0.7904,14.0
1753531948356,12:12:28.356,AGLD/USDT:USDT,0.7897,778.0,0.7896,57.0,0.7902,73.0,0.7904,14.0
1753531948455,12:12:28.455,AGLD/USDT:USDT,0.7897,9.0,0.7896,57.0,0.7901,66.0,0.7902,7.0
1753531948558,12:12:28.558,AGLD/USDT:USDT,0.7897,9.0,0.7896,57.0,0.7901,66.0,0.7902,7.0
1753531948610,12:12:28.610,AGLD/USDT:USDT,0.7897,9.0,0.7896,66.0,0.7901,66.0,0.7902,7.0
1753531948743,12:12:28.743,AGLD/USDT:USDT,0.7897,9.0,0.7896,66.0,0.7901,66.0,0.7902,7.0
1753531949550,12:12:29.550,AGLD/USDT:USDT,0.7897,9.0,0.7896,66.0,0.7901,66.0,0.7902,7.0
1753531949564,12:12:29.564,AGLD/USDT:USDT,0.7897,769.0,0.7896,66.0,0.7901,66.0,0.7902,7.0
1753531949964,12:12:29.964,AGLD/USDT:USDT,0.7897,769.0,0.7896,66.0,0.7901,66.0,0.7902,7.0
1753531951410,12:12:31.410,AGLD/USDT:USDT,0.7897,769.0,0.7896,66.0,0.7901,66.0,0.7902,7.0
1753531952247,12:12:32.247,AGLD/USDT:USDT,0.7897,9.0,0.7896,66.0,0.7901,66.0,0.7902,7.0
1753531952326,12:12:32.326,AGLD/USDT:USDT,0.7896,778.0,0.7895,57.0,0.7901,66.0,0.7902,7.0
1753531953055,12:12:33.055,AGLD/USDT:USDT,0.7896,778.0,0.7894,57.0,0.7901,66.0,0.7902,7.0
1753531953455,12:12:33.455,AGLD/USDT:USDT,0.7896,778.0,0.7894,57.0,0.7901,66.0,0.7902,7.0
1753531953465,12:12:33.465,AGLD/USDT:USDT,0.7896,778.0,0.7894,57.0,0.7901,66.0,0.7902,7.0
1753531954271,12:12:34.271,AGLD/USDT:USDT,0.7896,778.0,0.7894,57.0,0.7901,66.0,0.7902,7.0
1753531955757,12:12:35.757,AGLD/USDT:USDT,0.7897,56.0,0.7896,18.0,0.7903,14.0,0.7907,61.0
1753531955782,12:12:35.782,AGLD/USDT:USDT,0.7897,816.0,0.7896,18.0,0.7903,14.0,0.7906,14.0
1753531956011,12:12:36.011,AGLD/USDT:USDT,0.7897,816.0,0.7896,18.0,0.7903,14.0,0.7906,14.0
1753531957876,12:12:37.876,AGLD/USDT:USDT,0.7897,816.0,0.7896,18.0,0.7903,14.0,0.7906,14.0
1753531958048,12:12:38.048,AGLD/USDT:USDT,0.7897,816.0,0.7896,18.0,0.7903,14.0,0.7906,14.0
1753531958377,12:12:38.377,AGLD/USDT:USDT,0.7897,760.0,0.7896,18.0,0.7903,14.0,0.7906,14.0
1753531958655,12:12:38.655,AGLD/USDT:USDT,0.7896,769.0,0.7894,57.0,0.7901,66.0,0.7902,16.0
1753531958714,12:12:38.714,AGLD/USDT:USDT,0.7896,778.0,0.7894,57.0,0.7901,66.0,0.7902,22.0
1753531958824,12:12:38.824,AGLD/USDT:USDT,0.7896,778.0,0.7894,57.0,0.7901,66.0,0.7902,14.0
1753531960868,12:12:40.868,AGLD/USDT:USDT,0.7896,778.0,0.7894,57.0,0.7901,66.0,0.7902,14.0
1753531965323,12:12:45.323,AGLD/USDT:USDT,0.7896,778.0,0.7894,83.0,0.7902,6.0,0.7904,14.0
1753531965590,12:12:45.590,AGLD/USDT:USDT,0.7896,778.0,0.7894,83.0,0.7902,6.0,0.7904,14.0
1753531965786,12:12:45.786,AGLD/USDT:USDT,0.7896,778.0,0.7894,83.0,0.7904,14.0,0.7906,14.0
1753531968546,12:12:48.546,AGLD/USDT:USDT,0.7896,778.0,0.7894,83.0,0.7903,66.0,0.7904,69.0
1753531968659,12:12:48.659,AGLD/USDT:USDT,0.7896,778.0,0.7894,57.0,0.7901,66.0,0.7903,19.0
1753531968702,12:12:48.702,AGLD/USDT:USDT,0.7896,778.0,0.7894,57.0,0.7901,66.0,0.7903,19.0
1753531969620,12:12:49.620,AGLD/USDT:USDT,0.7896,778.0,0.7894,57.0,0.7901,74.0,0.7903,19.0
1753531969748,12:12:49.748,AGLD/USDT:USDT,0.7896,778.0,0.7894,57.0,0.7901,74.0,0.7903,19.0
1753531969770,12:12:49.770,AGLD/USDT:USDT,0.7896,778.0,0.7894,57.0,0.7901,74.0,0.7903,13.0
1753531976952,12:12:56.952,AGLD/USDT:USDT,0.7896,778.0,0.7894,57.0,0.7901,74.0,0.7903,13.0
1753531977245,12:12:57.245,AGLD/USDT:USDT,0.7896,778.0,0.7894,57.0,0.7901,66.0,0.7903,13.0
1753531978359,12:12:58.359,AGLD/USDT:USDT,0.7896,778.0,0.7894,57.0,0.7901,74.0,0.7903,13.0
1753531980315,12:13:00.315,AGLD/USDT:USDT,0.7896,760.0,0.7894,57.0,0.7901,83.0,0.7903,13.0
1753531981032,12:13:01.032,AGLD/USDT:USDT,0.7896,778.0,0.7894,83.0,0.7903,13.0,0.7906,19.0
1753531981086,12:13:01.086,AGLD/USDT:USDT,0.7896,778.0,0.7894,83.0,0.7903,13.0,0.7906,13.0
1753531981560,12:13:01.560,AGLD/USDT:USDT,0.7896,778.0,0.7894,83.0,0.7903,13.0,0.7906,13.0
1753531984930,12:13:04.930,AGLD/USDT:USDT,0.7897,56.0,0.7896,18.0,0.7903,13.0,0.7906,13.0
1753531987215,12:13:07.215,AGLD/USDT:USDT,0.7897,56.0,0.7896,18.0,0.7903,13.0,0.7906,13.0
1753531989658,12:13:09.658,AGLD/USDT:USDT,0.7898,56.0,0.7897,816.0,0.7906,13.0,0.7907,61.0
1753531989743,12:13:09.743,AGLD/USDT:USDT,0.7898,56.0,0.7897,816.0,0.7906,13.0,0.7907,61.0
1753531989826,12:13:09.826,AGLD/USDT:USDT,0.7898,56.0,0.7897,816.0,0.7906,13.0,0.7907,61.0
1753531989924,12:13:09.924,AGLD/USDT:USDT,0.7898,56.0,0.7897,816.0,0.7906,13.0,0.7907,61.0
1753531990887,12:13:10.887,AGLD/USDT:USDT,0.7898,56.0,0.7897,816.0,0.7906,69.0,0.7907,61.0
1753531991456,12:13:11.456,AGLD/USDT:USDT,0.7897,816.0,0.7894,26.0,0.7905,66.0,0.7906,69.0
1753531991543,12:13:11.543,AGLD/USDT:USDT,0.7898,65.0,0.7897,816.0,0.7904,66.0,0.7905,6.0
1753531991601,12:13:11.601,AGLD/USDT:USDT,0.7898,65.0,0.7897,816.0,0.7904,66.0,0.7905,6.0
1753531991751,12:13:11.751,AGLD/USDT:USDT,0.7898,65.0,0.7897,816.0,0.7904,75.0,0.7905,6.0
1753531992070,12:13:12.070,AGLD/USDT:USDT,0.7898,74.0,0.7897,816.0,0.7904,84.0,0.7905,6.0
1753531992359,12:13:12.359,AGLD/USDT:USDT,0.7898,74.0,0.7897,816.0,0.7904,84.0,0.7905,6.0
1753531992546,12:13:12.546,AGLD/USDT:USDT,0.7898,74.0,0.7897,816.0,0.7904,66.0,0.7905,6.0
1753531992691,12:13:12.691,AGLD/USDT:USDT,0.7898,74.0,0.7897,842.0,0.7905,6.0,0.7906,56.0
1753531992829,12:13:12.829,AGLD/USDT:USDT,0.7898,100.0,0.7897,816.0,0.7908,55.0,0.791,19.0
1753531992872,12:13:12.872,AGLD/USDT:USDT,0.7898,100.0,0.7897,816.0,0.7908,55.0,0.791,13.0
1753531993475,12:13:13.475,AGLD/USDT:USDT,0.7898,100.0,0.7897,816.0,0.7908,55.0,0.791,13.0
1753531993650,12:13:13.650,AGLD/USDT:USDT,0.7898,100.0,0.7897,816.0,0.7908,55.0,0.791,13.0
1753531993752,12:13:13.752,AGLD/USDT:USDT,0.7898,100.0,0.7897,816.0,0.7908,55.0,0.791,13.0
1753531993765,12:13:13.765,AGLD/USDT:USDT,0.7898,100.0,0.7897,816.0,0.7908,55.0,0.791,13.0
1753531994382,12:13:14.382,AGLD/USDT:USDT,0.7898,100.0,0.7897,816.0,0.7908,55.0,0.791,13.0
1753531995017,12:13:15.017,AGLD/USDT:USDT,0.7899,816.0,0.7898,74.0,0.7906,75.0,0.7907,56.0
1753531995084,12:13:15.084,AGLD/USDT:USDT,0.7899,816.0,0.7898,74.0,0.7906,81.0,0.7907,56.0
1753531995240,12:13:15.240,AGLD/USDT:USDT,0.7899,816.0,0.7898,74.0,0.7906,81.0,0.7907,56.0
1753531995269,12:13:15.269,AGLD/USDT:USDT,0.7899,816.0,0.7898,74.0,0.7906,81.0,0.7907,56.0
1753531996648,12:13:16.648,AGLD/USDT:USDT,0.7899,760.0,0.7898,74.0,0.7905,122.0,0.7906,137.0
1753531996699,12:13:16.699,AGLD/USDT:USDT,0.7899,760.0,0.7898,18.0,0.7903,66.0,0.7905,56.0
1753531996807,12:13:16.807,AGLD/USDT:USDT,0.7899,760.0,0.7898,18.0,0.7903,66.0,0.7904,9.0
1753531996876,12:13:16.876,AGLD/USDT:USDT,0.7899,760.0,0.7898,18.0,0.7903,66.0,0.7904,15.0
1753531997763,12:13:17.763,AGLD/USDT:USDT,0.7899,760.0,0.7898,18.0,0.7904,6.0,0.7906,69.0
1753531997826,12:13:17.826,AGLD/USDT:USDT,0.7899,760.0,0.7898,18.0,0.7906,69.0,0.7907,62.0
1753531999149,12:13:19.149,AGLD/USDT:USDT,0.79,74.0,0.7898,26.0,0.7906,13.0,0.7907,62.0
1753532000146,12:13:20.146,AGLD/USDT:USDT,0.79,778.0,0.7897,82.0,0.7904,66.0,0.7905,66.0
1753532000244,12:13:20.244,AGLD/USDT:USDT,0.79,778.0,0.7897,82.0,0.7904,72.0,0.7906,22.0
1753532000270,12:13:20.270,AGLD/USDT:USDT,0.79,778.0,0.7897,82.0,0.7904,66.0,0.7906,28.0
1753532000506,12:13:20.506,AGLD/USDT:USDT,0.79,778.0,0.7897,82.0,0.7904,66.0,0.7906,28.0
1753532000884,12:13:20.884,AGLD/USDT:USDT,0.79,778.0,0.7897,82.0,0.7904,66.0,0.7906,83.0
1753532002123,12:13:22.123,AGLD/USDT:USDT,0.79,778.0,0.7897,82.0,0.7904,66.0,0.7906,83.0
1753532003254,12:13:23.254,AGLD/USDT:USDT,0.79,760.0,0.7897,82.0,0.7904,130.0,0.7905,18.0
1753532003349,12:13:23.349,AGLD/USDT:USDT,0.7895,55.0,0.7894,26.0,0.7903,6.0,0.7904,64.0
1753532003424,12:13:23.424,AGLD/USDT:USDT,0.7895,55.0,0.7893,661.0,0.7902,66.0,0.7903,6.0
1753532003476,12:13:23.476,AGLD/USDT:USDT,0.7895,55.0,0.7893,661.0,0.7902,66.0,0.7903,6.0
1753532003609,12:13:23.609,AGLD/USDT:USDT,0.7895,55.0,0.7893,661.0,0.7902,66.0,0.7903,6.0
1753532003919,12:13:23.919,AGLD/USDT:USDT,0.7895,55.0,0.7893,661.0,0.7902,66.0,0.7904,68.0
1753532003975,12:13:23.975,AGLD/USDT:USDT,0.7895,55.0,0.7893,661.0,0.7902,66.0,0.7903,6.0
1753532004426,12:13:24.426,AGLD/USDT:USDT,0.7896,64.0,0.7895,815.0,0.7901,66.0,0.7902,9.0
1753532004553,12:13:24.553,AGLD/USDT:USDT,0.7896,64.0,0.7895,815.0,0.7901,66.0,0.7902,9.0
1753532004731,12:13:24.731,AGLD/USDT:USDT,0.7896,64.0,0.7895,815.0,0.7901,66.0,0.7902,9.0
1753532004836,12:13:24.836,AGLD/USDT:USDT,0.7896,64.0,0.7895,815.0,0.7901,66.0,0.7903,19.0
1753532006247,12:13:26.247,AGLD/USDT:USDT,0.7897,55.0,0.7896,73.0,0.7903,19.0,0.7904,55.0
1753532006298,12:13:26.298,AGLD/USDT:USDT,0.7897,815.0,0.7896,73.0,0.7903,13.0,0.7904,55.0
1753532007163,12:13:27.163,AGLD/USDT:USDT,0.7897,815.0,0.7896,73.0,0.7903,22.0,0.7904,55.0
1753532007233,12:13:27.233,AGLD/USDT:USDT,0.7897,760.0,0.7896,64.0,0.7901,75.0,0.7902,9.0
1753532007338,12:13:27.338,AGLD/USDT:USDT,0.7897,760.0,0.7896,64.0,0.7901,75.0,0.7902,9.0
1753532008355,12:13:28.355,AGLD/USDT:USDT,0.7897,760.0,0.7896,73.0,0.7903,19.0,0.7904,55.0
1753532008376,12:13:28.376,AGLD/USDT:USDT,0.7897,760.0,0.7896,73.0,0.7903,13.0,0.7904,55.0
1753532010961,12:13:30.961,AGLD/USDT:USDT,0.7897,760.0,0.7896,73.0,0.7902,66.0,0.7903,22.0
1753532011008,12:13:31.008,AGLD/USDT:USDT,0.7897,760.0,0.7896,64.0,0.7901,75.0,0.7903,6.0
1753532011247,12:13:31.247,AGLD/USDT:USDT,0.7897,760.0,0.7896,64.0,0.7901,75.0,0.7903,19.0
1753532011341,12:13:31.341,AGLD/USDT:USDT,0.7897,760.0,0.7895,55.0,0.7901,75.0,0.7903,19.0
1753532011421,12:13:31.421,AGLD/USDT:USDT,0.7897,760.0,0.7892,26.0,0.7901,131.0,0.7903,19.0
1753532011486,12:13:31.486,AGLD/USDT:USDT,0.7897,760.0,0.7892,26.0,0.79,6.0,0.7901,74.0
1753532011601,12:13:31.601,AGLD/USDT:USDT,0.7897,760.0,0.7892,26.0,0.7901,74.0,0.7903,19.0
1753532011726,12:13:31.726,AGLD/USDT:USDT,0.7897,760.0,0.7892,26.0,0.7901,74.0,0.7903,19.0
1753532012948,12:13:32.948,AGLD/USDT:USDT,0.7897,760.0,0.7892,26.0,0.7901,74.0,0.7903,19.0
1753532013025,12:13:33.025,AGLD/USDT:USDT,0.7892,9.0,0.7891,56.0,0.7897,66.0,0.7899,9.0
1753532013161,12:13:33.161,AGLD/USDT:USDT,0.7893,56.0,0.7892,9.0,0.7899,31.0,0.79,15.0
1753532013185,12:13:33.185,AGLD/USDT:USDT,0.7893,56.0,0.7892,9.0,0.7899,31.0,0.79,9.0
1753532013548,12:13:33.548,AGLD/USDT:USDT,0.7893,65.0,0.7892,9.0,0.7899,31.0,0.79,9.0
1753532013565,12:13:33.565,AGLD/USDT:USDT,0.7893,65.0,0.7892,9.0,0.7899,31.0,0.79,9.0
1753532013854,12:13:33.854,AGLD/USDT:USDT,0.7893,825.0,0.7892,9.0,0.7899,22.0,0.79,9.0
1753532013941,12:13:33.941,AGLD/USDT:USDT,0.7894,65.0,0.7893,74.0,0.7898,66.0,0.7899,18.0
1753532014021,12:13:34.021,AGLD/USDT:USDT,0.7894,825.0,0.7893,74.0,0.7898,66.0,0.79,19.0
1753532014156,12:13:34.156,AGLD/USDT:USDT,0.7894,825.0,0.7893,74.0,0.79,19.0,0.7901,56.0
1753532014250,12:13:34.250,AGLD/USDT:USDT,0.7894,825.0,0.7893,74.0,0.79,13.0,0.7901,56.0
1753532016248,12:13:36.248,AGLD/USDT:USDT,0.7895,65.0,0.7894,65.0,0.79,13.0,0.7902,13.0
1753532016354,12:13:36.354,AGLD/USDT:USDT,0.7895,825.0,0.7894,65.0,0.79,13.0,0.7902,13.0
1753532016370,12:13:36.370,AGLD/USDT:USDT,0.7895,65.0,0.7894,65.0,0.79,13.0,0.7902,13.0
1753532016680,12:13:36.680,AGLD/USDT:USDT,0.7895,65.0,0.7894,65.0,0.79,13.0,0.7902,13.0
1753532017162,12:13:37.162,AGLD/USDT:USDT,0.7895,65.0,0.7894,65.0,0.7899,66.0,0.79,31.0
1753532017249,12:13:37.249,AGLD/USDT:USDT,0.7894,834.0,0.7893,65.0,0.7899,66.0,0.79,9.0
1753532018057,12:13:38.057,AGLD/USDT:USDT,0.7895,56.0,0.7894,860.0,0.7903,6.0,0.7904,55.0
1753532018073,12:13:38.073,AGLD/USDT:USDT,0.7895,314.0,0.7894,860.0,0.7902,66.0,0.7903,56.0
1753532018172,12:13:38.172,AGLD/USDT:USDT,0.7895,314.0,0.7894,860.0,0.7902,66.0,0.7903,62.0
1753532018289,12:13:38.289,AGLD/USDT:USDT,0.7895,314.0,0.7894,860.0,0.7902,66.0,0.7903,62.0
1753532018449,12:13:38.449,AGLD/USDT:USDT,0.7895,314.0,0.7894,834.0,0.7902,66.0,0.7903,62.0
1753532021745,12:13:41.745,AGLD/USDT:USDT,0.7896,74.0,0.7895,56.0,0.7902,66.0,0.7903,62.0
1753532022785,12:13:42.785,AGLD/USDT:USDT,0.7896,74.0,0.7894,56.0,0.7902,66.0,0.7903,62.0
1753532024838,12:13:44.838,AGLD/USDT:USDT,0.7896,74.0,0.7894,56.0,0.7902,122.0,0.7903,62.0
1753532025233,12:13:45.233,AGLD/USDT:USDT,0.7896,834.0,0.7894,56.0,0.7902,122.0,0.7903,62.0
1753532028763,12:13:48.763,AGLD/USDT:USDT,0.7896,834.0,0.7894,56.0,0.7902,66.0,0.7903,62.0
1753532028769,12:13:48.769,AGLD/USDT:USDT,0.7896,834.0,0.7894,82.0,0.7902,66.0,0.7903,62.0
1753532028909,12:13:48.909,AGLD/USDT:USDT,0.7896,834.0,0.7894,82.0,0.7903,6.0,0.7904,55.0
1753532028972,12:13:48.972,AGLD/USDT:USDT,0.7896,834.0,0.7894,82.0,0.7904,55.0,0.7906,13.0
1753532029146,12:13:49.146,AGLD/USDT:USDT,0.7897,816.0,0.7896,74.0,0.7901,66.0,0.7904,55.0
1753532029225,12:13:49.225,AGLD/USDT:USDT,0.7897,816.0,0.7896,74.0,0.7901,66.0,0.7903,13.0
1753532029270,12:13:49.270,AGLD/USDT:USDT,0.7897,816.0,0.7896,74.0,0.7901,66.0,0.7903,19.0
1753532030161,12:13:50.161,AGLD/USDT:USDT,0.7897,816.0,0.7896,74.0,0.7903,19.0,0.7904,55.0
1753532030186,12:13:50.186,AGLD/USDT:USDT,0.7897,816.0,0.7896,74.0,0.7903,13.0,0.7904,55.0
1753532030432,12:13:50.432,AGLD/USDT:USDT,0.7897,760.0,0.7896,74.0,0.7901,66.0,0.7903,56.0
1753532030472,12:13:50.472,AGLD/USDT:USDT,0.7897,760.0,0.7896,74.0,0.7901,66.0,0.7903,75.0
1753532030578,12:13:50.578,AGLD/USDT:USDT,0.7897,760.0,0.7896,74.0,0.7901,66.0,0.7903,75.0
1753532031269,12:13:51.269,AGLD/USDT:USDT,0.7897,760.0,0.7896,74.0,0.7901,66.0,0.7903,75.0
1753532032006,12:13:52.006,AGLD/USDT:USDT,0.7897,760.0,0.7896,74.0,0.7903,75.0,0.7904,55.0
1753532032073,12:13:52.073,AGLD/USDT:USDT,0.7897,760.0,0.7896,74.0,0.7903,69.0,0.7904,55.0
1753532035740,12:13:55.740,AGLD/USDT:USDT,0.7897,760.0,0.7896,74.0,0.7903,13.0,0.7904,55.0
1753532035770,12:13:55.770,AGLD/USDT:USDT,0.7897,760.0,0.7896,74.0,0.7903,13.0,0.7904,55.0
1753532036362,12:13:56.362,AGLD/USDT:USDT,0.7898,55.0,0.7897,26.0,0.7906,68.0,0.7907,6.0
1753532036457,12:13:56.457,AGLD/USDT:USDT,0.7898,73.0,0.7896,56.0,0.7903,66.0,0.7905,55.0
1753532036510,12:13:56.510,AGLD/USDT:USDT,0.7898,833.0,0.7896,56.0,0.7903,66.0,0.7905,61.0
1753532036938,12:13:56.938,AGLD/USDT:USDT,0.7898,833.0,0.7896,82.0,0.7905,61.0,0.7906,55.0
1753532037063,12:13:57.063,AGLD/USDT:USDT,0.7898,833.0,0.7896,82.0,0.7906,55.0,0.7907,6.0
1753532037074,12:13:57.074,AGLD/USDT:USDT,0.7898,833.0,0.7896,82.0,0.7906,55.0,0.791,6.0
1753532037188,12:13:57.188,AGLD/USDT:USDT,0.7898,833.0,0.7896,82.0,0.7906,55.0,0.7908,13.0
1753532039006,12:13:59.006,AGLD/USDT:USDT,0.7898,815.0,0.7896,82.0,0.7906,55.0,0.7908,13.0
1753532040553,12:14:00.553,AGLD/USDT:USDT,0.7896,816.0,0.7892,26.0,0.7904,55.0,0.7905,121.0
1753532040606,12:14:00.606,AGLD/USDT:USDT,0.7896,825.0,0.7892,26.0,0.7902,66.0,0.7904,74.0
1753532040679,12:14:00.679,AGLD/USDT:USDT,0.7896,825.0,0.7892,26.0,0.7902,66.0,0.7904,74.0
1753532040844,12:14:00.844,AGLD/USDT:USDT,0.7897,64.0,0.7896,825.0,0.7902,75.0,0.7904,74.0
1753532041107,12:14:01.107,AGLD/USDT:USDT,0.7897,64.0,0.7896,825.0,0.7902,9.0,0.7904,74.0
1753532041246,12:14:01.246,AGLD/USDT:USDT,0.7898,55.0,0.7897,319.0,0.7904,19.0,0.7905,55.0
1753532041306,12:14:01.306,AGLD/USDT:USDT,0.7898,55.0,0.7897,319.0,0.7904,13.0,0.7905,61.0
1753532041392,12:14:01.392,AGLD/USDT:USDT,0.7898,55.0,0.7897,319.0,0.7903,66.0,0.7904,9.0
1753532041557,12:14:01.557,AGLD/USDT:USDT,0.7898,64.0,0.7897,319.0,0.7905,61.0,0.7906,68.0
1753532041592,12:14:01.592,AGLD/USDT:USDT,0.7898,64.0,0.7897,345.0,0.7906,55.0,0.7908,13.0
1753532042125,12:14:02.125,AGLD/USDT:USDT,0.7898,64.0,0.7897,90.0,0.7906,55.0,0.7908,13.0
1753532042428,12:14:02.428,AGLD/USDT:USDT,0.7898,64.0,0.7897,90.0,0.7906,55.0,0.7908,13.0
1753532043026,12:14:03.026,AGLD/USDT:USDT,0.7898,815.0,0.7897,90.0,0.7906,55.0,0.7908,13.0
1753532043075,12:14:03.075,AGLD/USDT:USDT,0.7898,815.0,0.7897,90.0,0.7906,55.0,0.7908,13.0
1753532045125,12:14:05.125,AGLD/USDT:USDT,0.7898,815.0,0.7897,90.0,0.7906,55.0,0.7908,13.0
1753532045241,12:14:05.241,AGLD/USDT:USDT,0.7898,815.0,0.7897,90.0,0.7906,55.0,0.7908,13.0
1753532045327,12:14:05.327,AGLD/USDT:USDT,0.7898,815.0,0.7897,90.0,0.7906,55.0,0.7908,13.0
1753532045945,12:14:05.945,AGLD/USDT:USDT,0.7898,815.0,0.7897,90.0,0.7906,55.0,0.7908,13.0
1753532047215,12:14:07.215,AGLD/USDT:USDT,0.7898,760.0,0.7897,90.0,0.7906,55.0,0.7908,13.0
1753532047832,12:14:07.832,AGLD/USDT:USDT,0.7898,760.0,0.7895,81.0,0.7903,55.0,0.7904,73.0
1753532047872,12:14:07.872,AGLD/USDT:USDT,0.7898,760.0,0.7895,81.0,0.7903,61.0,0.7904,73.0
1753532048135,12:14:08.135,AGLD/USDT:USDT,0.7898,760.0,0.7895,81.0,0.7903,61.0,0.7904,73.0
1753532048180,12:14:08.180,AGLD/USDT:USDT,0.7898,760.0,0.7895,81.0,0.7903,61.0,0.7904,73.0
1753532048343,12:14:08.343,AGLD/USDT:USDT,0.7898,769.0,0.7895,81.0,0.7903,61.0,0.7904,73.0
1753532048573,12:14:08.573,AGLD/USDT:USDT,0.7898,778.0,0.7895,81.0,0.7903,61.0,0.7904,73.0
1753532050306,12:14:10.306,AGLD/USDT:USDT,0.7898,778.0,0.7895,81.0,0.7903,61.0,0.7904,64.0
1753532050370,12:14:10.370,AGLD/USDT:USDT,0.7898,778.0,0.7895,81.0,0.7903,55.0,0.7904,64.0
1753532051015,12:14:11.015,AGLD/USDT:USDT,0.7898,778.0,0.7895,81.0,0.7904,9.0,0.7905,6.0
1753532051072,12:14:11.072,AGLD/USDT:USDT,0.7898,778.0,0.7895,81.0,0.7904,9.0,0.7906,68.0
1753532053646,12:14:13.646,AGLD/USDT:USDT,0.7898,834.0,0.7895,412.0,0.7903,66.0,0.7906,68.0
1753532053706,12:14:13.706,AGLD/USDT:USDT,0.7898,834.0,0.7895,81.0,0.7903,66.0,0.7905,6.0
1753532053834,12:14:13.834,AGLD/USDT:USDT,0.7898,834.0,0.7895,81.0,0.7903,66.0,0.7905,6.0
1753532054847,12:14:14.847,AGLD/USDT:USDT,0.7898,760.0,0.7895,81.0,0.7902,66.0,0.7903,74.0
1753532054946,12:14:14.946,AGLD/USDT:USDT,0.7898,760.0,0.7897,9.0,0.7902,72.0,0.7903,74.0
1753532054993,12:14:14.993,AGLD/USDT:USDT,0.7898,769.0,0.7897,9.0,0.7902,6.0,0.7903,9.0
1753532055086,12:14:15.086,AGLD/USDT:USDT,0.7898,769.0,0.7897,9.0,0.7904,13.0,0.7906,68.0
1753532055605,12:14:15.605,AGLD/USDT:USDT,0.7898,769.0,0.7897,9.0,0.7903,66.0,0.7904,65.0
1753532055672,12:14:15.672,AGLD/USDT:USDT,0.7898,769.0,0.7897,9.0,0.7903,72.0,0.7904,65.0
1753532056558,12:14:16.558,AGLD/USDT:USDT,0.7898,769.0,0.7897,9.0,0.7903,81.0,0.7904,65.0
1753532056592,12:14:16.592,AGLD/USDT:USDT,0.7898,769.0,0.7897,9.0,0.7903,81.0,0.7904,65.0
1753532058821,12:14:18.821,AGLD/USDT:USDT,0.7898,769.0,0.7897,9.0,0.7903,72.0,0.7904,56.0
1753532058870,12:14:18.870,AGLD/USDT:USDT,0.7898,769.0,0.7897,9.0,0.7903,66.0,0.7904,56.0
