timestamp,time,symbol,bid1_price,bid1_volume,bid2_price,bid2_volume,ask1_price,ask1_volume,ask2_price,ask2_volume
1753531632000,12:07:12.000,BSW/USDT:USDT,0.01793,21306.0,0.01792,40308.0,0.01795,5000.0,0.01796,41749.0
1753531637248,12:07:17.248,BSW/USDT:USDT,0.01793,21306.0,0.01792,40308.0,0.01795,5000.0,0.01796,41749.0
1753531641377,12:07:21.377,BSW/USDT:USDT,0.01793,21306.0,0.01792,40308.0,0.01795,5000.0,0.01796,37157.0
1753531642048,12:07:22.048,BSW/USDT:USDT,0.01793,21306.0,0.01792,40308.0,0.01795,5000.0,0.01796,37157.0
1753531646378,12:07:26.378,BSW/USDT:USDT,0.01793,21306.0,0.01792,40308.0,0.01795,5000.0,0.01796,33126.0
1753531646853,12:07:26.853,BSW/USDT:USDT,0.01793,21306.0,0.01792,40308.0,0.01795,5000.0,0.01796,33126.0
1753531647269,12:07:27.269,BSW/USDT:USDT,0.01793,21306.0,0.01792,24039.0,0.01795,5000.0,0.01796,33126.0
1753531647442,12:07:27.442,BSW/USDT:USDT,0.01793,21306.0,0.01792,40308.0,0.01795,5000.0,0.01796,33126.0
1753531651377,12:07:31.377,BSW/USDT:USDT,0.01793,21306.0,0.01792,40308.0,0.01795,9591.0,0.01796,33126.0
1753531651649,12:07:31.649,BSW/USDT:USDT,0.01793,21306.0,0.01792,40308.0,0.01795,9591.0,0.01796,33126.0
1753531656449,12:07:36.449,BSW/USDT:USDT,0.01793,21306.0,0.01792,40308.0,0.01795,13622.0,0.01796,33126.0
1753531656642,12:07:36.642,BSW/USDT:USDT,0.01792,21269.0,0.01791,66960.0,0.01795,13622.0,0.01796,33126.0
1753531656736,12:07:36.736,BSW/USDT:USDT,0.01792,5000.0,0.01791,66960.0,0.01795,13622.0,0.01796,33126.0
1753531657115,12:07:37.115,BSW/USDT:USDT,0.01792,4582.0,0.01791,66960.0,0.01795,21311.0,0.01796,33126.0
1753531657188,12:07:37.188,BSW/USDT:USDT,0.01792,4582.0,0.01791,66960.0,0.01794,97.0,0.01795,27424.0
1753531657522,12:07:37.522,BSW/USDT:USDT,0.01792,4833.0,0.01791,66960.0,0.01794,97.0,0.01795,5000.0
1753531657577,12:07:37.577,BSW/USDT:USDT,0.01792,4582.0,0.01791,66960.0,0.01794,97.0,0.01795,5000.0
1753531657838,12:07:37.838,BSW/USDT:USDT,0.01792,4582.0,0.01791,66960.0,0.01794,97.0,0.01795,5000.0
1753531658378,12:07:38.378,BSW/USDT:USDT,0.01792,4833.0,0.01791,66960.0,0.01794,97.0,0.01795,5000.0
1753531658522,12:07:38.522,BSW/USDT:USDT,0.01792,4833.0,0.01791,66960.0,0.01794,97.0,0.01795,5000.0
1753531658638,12:07:38.638,BSW/USDT:USDT,0.01792,5084.0,0.01791,66960.0,0.01794,97.0,0.01795,5000.0
1753531660479,12:07:40.479,BSW/USDT:USDT,0.01792,5084.0,0.01791,66960.0,0.01794,97.0,0.01795,5000.0
1753531661481,12:07:41.481,BSW/USDT:USDT,0.01792,5084.0,0.01791,66960.0,0.01794,97.0,0.01795,5000.0
1753531661966,12:07:41.966,BSW/USDT:USDT,0.01792,5084.0,0.01791,66960.0,0.01794,97.0,0.01795,5000.0
1753531664286,12:07:44.286,BSW/USDT:USDT,0.01792,5084.0,0.01791,66960.0,0.01794,97.0,0.01795,5000.0
1753531669118,12:07:49.118,BSW/USDT:USDT,0.01792,5084.0,0.01791,66960.0,0.01794,97.0,0.01795,9593.0
1753531673262,12:07:53.262,BSW/USDT:USDT,0.01792,5084.0,0.01791,66960.0,0.01794,97.0,0.01795,9593.0
1753531680352,12:08:00.352,BSW/USDT:USDT,0.01791,66960.0,0.0179,21345.0,0.01794,97.0,0.01795,21269.0
1753531680455,12:08:00.455,BSW/USDT:USDT,0.01791,66960.0,0.0179,21345.0,0.01794,97.0,0.01795,21269.0
1753531680893,12:08:00.893,BSW/USDT:USDT,0.01791,66960.0,0.0179,21345.0,0.01794,97.0,0.01795,5000.0
1753531681897,12:08:01.897,BSW/USDT:USDT,0.01791,66960.0,0.0179,21345.0,0.01794,97.0,0.01795,21269.0
1753531683060,12:08:03.060,BSW/USDT:USDT,0.01791,66960.0,0.0179,21345.0,0.01794,12737.0,0.01795,25863.0
1753531683079,12:08:03.079,BSW/USDT:USDT,0.01791,66960.0,0.0179,21345.0,0.01794,97.0,0.01795,21269.0
1753531683336,12:08:03.336,BSW/USDT:USDT,0.01791,66960.0,0.0179,21345.0,0.01794,97.0,0.01795,21269.0
1753531683856,12:08:03.856,BSW/USDT:USDT,0.01791,66960.0,0.0179,21345.0,0.01794,97.0,0.01795,21269.0
1753531688650,12:08:08.650,BSW/USDT:USDT,0.01791,66960.0,0.0179,21345.0,0.01794,97.0,0.01795,21269.0
1753531688989,12:08:08.989,BSW/USDT:USDT,0.01791,66960.0,0.0179,21345.0,0.01794,97.0,0.01795,21269.0
1753531693092,12:08:13.092,BSW/USDT:USDT,0.01791,66960.0,0.0179,21345.0,0.01794,97.0,0.01795,21269.0
1753531693435,12:08:13.435,BSW/USDT:USDT,0.01791,66960.0,0.0179,21345.0,0.01794,97.0,0.01795,21269.0
1753531694046,12:08:14.046,BSW/USDT:USDT,0.01791,66960.0,0.0179,21345.0,0.01794,97.0,0.01795,21269.0
1753531694311,12:08:14.311,BSW/USDT:USDT,0.01791,66960.0,0.0179,21345.0,0.01794,97.0,0.01795,21269.0
1753531695008,12:08:15.008,BSW/USDT:USDT,0.01791,66960.0,0.0179,21345.0,0.01794,97.0,0.01795,25303.0
1753531695162,12:08:15.162,BSW/USDT:USDT,0.01791,66960.0,0.0179,21345.0,0.01794,97.0,0.01795,25303.0
1753531695198,12:08:15.198,BSW/USDT:USDT,0.01791,66960.0,0.0179,21345.0,0.01794,97.0,0.01795,25303.0
1753531695340,12:08:15.340,BSW/USDT:USDT,0.01791,66960.0,0.0179,21345.0,0.01794,97.0,0.01795,29897.0
1753531696203,12:08:16.203,BSW/USDT:USDT,0.01791,66960.0,0.0179,21345.0,0.01794,97.0,0.01795,29897.0
1753531696710,12:08:16.710,BSW/USDT:USDT,0.01791,66960.0,0.0179,21345.0,0.01794,97.0,0.01795,29897.0
1753531697431,12:08:17.431,BSW/USDT:USDT,0.01791,66960.0,0.0179,21345.0,0.01794,97.0,0.01795,29897.0
1753531698430,12:08:18.430,BSW/USDT:USDT,0.01791,66960.0,0.0179,21345.0,0.01794,97.0,0.01795,29897.0
1753531698700,12:08:18.700,BSW/USDT:USDT,0.01791,66960.0,0.0179,21345.0,0.01794,97.0,0.01795,29897.0
1753531699015,12:08:19.015,BSW/USDT:USDT,0.01791,66960.0,0.0179,21345.0,0.01794,97.0,0.01795,29897.0
1753531699454,12:08:19.454,BSW/USDT:USDT,0.01791,66960.0,0.0179,21345.0,0.01794,97.0,0.01795,29897.0
1753531700196,12:08:20.196,BSW/USDT:USDT,0.01791,66960.0,0.0179,21345.0,0.01794,97.0,0.01795,29897.0
1753531703856,12:08:23.856,BSW/USDT:USDT,0.01791,66960.0,0.0179,21345.0,0.01794,97.0,0.01795,29897.0
1753531704571,12:08:24.571,BSW/USDT:USDT,0.01791,66960.0,0.0179,21345.0,0.01794,97.0,0.01795,46166.0
1753531704600,12:08:24.600,BSW/USDT:USDT,0.01791,66960.0,0.0179,21345.0,0.01794,13947.0,0.01795,42132.0
1753531704756,12:08:24.756,BSW/USDT:USDT,0.01792,10976.0,0.01791,15080.0,0.01794,14449.0,0.01795,37538.0
1753531704781,12:08:24.781,BSW/USDT:USDT,0.01792,10976.0,0.01791,15080.0,0.01794,14352.0,0.01795,37538.0
1753531706517,12:08:26.517,BSW/USDT:USDT,0.01792,10976.0,0.01791,15080.0,0.01794,14352.0,0.01795,37538.0
1753531706828,12:08:26.828,BSW/USDT:USDT,0.01792,10976.0,0.01791,15080.0,0.01794,14352.0,0.01795,37538.0
1753531708656,12:08:28.656,BSW/USDT:USDT,0.01792,10976.0,0.01791,15080.0,0.01794,14352.0,0.01795,37538.0
1753531709828,12:08:29.828,BSW/USDT:USDT,0.01792,10976.0,0.01791,5000.0,0.01794,14352.0,0.01795,37538.0
1753531710012,12:08:30.012,BSW/USDT:USDT,0.01792,10976.0,0.01791,5000.0,0.01794,14352.0,0.01795,37538.0
1753531710354,12:08:30.354,BSW/USDT:USDT,0.01792,10976.0,0.01791,5000.0,0.01794,502.0,0.01795,29895.0
1753531710447,12:08:30.447,BSW/USDT:USDT,0.01792,10976.0,0.01791,15416.0,0.01794,502.0,0.01795,29895.0
1753531710771,12:08:30.771,BSW/USDT:USDT,0.01792,10976.0,0.01791,15416.0,0.01794,502.0,0.01795,46164.0
1753531710794,12:08:30.794,BSW/USDT:USDT,0.01792,10976.0,0.01791,15416.0,0.01794,14351.0,0.01795,42131.0
1753531711672,12:08:31.672,BSW/USDT:USDT,0.01791,31685.0,0.0179,81075.0,0.01794,251.0,0.01795,5000.0
1753531711696,12:08:31.696,BSW/USDT:USDT,0.01791,21771.0,0.0179,64806.0,0.01793,97.0,0.01795,5000.0
1753531711783,12:08:31.783,BSW/USDT:USDT,0.01791,21771.0,0.0179,64806.0,0.01794,97.0,0.01795,21269.0
1753531712082,12:08:32.082,BSW/USDT:USDT,0.01791,21771.0,0.0179,64806.0,0.01794,97.0,0.01795,21269.0
1753531713458,12:08:33.458,BSW/USDT:USDT,0.01791,21771.0,0.0179,64806.0,0.01794,97.0,0.01795,21269.0
1753531713476,12:08:33.476,BSW/USDT:USDT,0.01791,21771.0,0.0179,81075.0,0.01794,97.0,0.01795,21269.0
1753531713700,12:08:33.700,BSW/USDT:USDT,0.01791,21771.0,0.0179,81075.0,0.01794,97.0,0.01795,21269.0
1753531713794,12:08:33.794,BSW/USDT:USDT,0.01791,21771.0,0.0179,81075.0,0.01794,97.0,0.01795,25863.0
1753531715616,12:08:35.616,BSW/USDT:USDT,0.01791,16478.0,0.0179,81075.0,0.01794,12737.0,0.01795,42132.0
1753531716226,12:08:36.226,BSW/USDT:USDT,0.01791,26558.0,0.0179,81075.0,0.01794,12737.0,0.01795,42132.0
1753531716405,12:08:36.405,BSW/USDT:USDT,0.01791,26558.0,0.0179,81075.0,0.01794,17737.0,0.01795,42132.0
1753531716976,12:08:36.976,BSW/USDT:USDT,0.01791,15582.0,0.0179,81075.0,0.01794,17737.0,0.01795,42132.0
1753531717265,12:08:37.265,BSW/USDT:USDT,0.01791,16227.0,0.0179,81075.0,0.01794,17737.0,0.01795,42132.0
1753531717307,12:08:37.307,BSW/USDT:USDT,0.01791,15976.0,0.0179,81075.0,0.01794,17737.0,0.01795,42132.0
1753531717570,12:08:37.570,BSW/USDT:USDT,0.01791,15976.0,0.0179,64806.0,0.01794,17737.0,0.01795,42132.0
1753531717662,12:08:37.662,BSW/USDT:USDT,0.01791,15976.0,0.0179,81075.0,0.01794,17737.0,0.01795,42132.0
1753531718250,12:08:38.250,BSW/USDT:USDT,0.01791,15976.0,0.0179,81075.0,0.01794,17737.0,0.01795,42132.0
1753531719170,12:08:39.170,BSW/USDT:USDT,0.01791,15976.0,0.0179,64806.0,0.01794,17737.0,0.01795,42132.0
1753531719262,12:08:39.262,BSW/USDT:USDT,0.01791,15976.0,0.0179,81075.0,0.01794,17737.0,0.01795,42132.0
1753531719342,12:08:39.342,BSW/USDT:USDT,0.01791,15976.0,0.0179,64806.0,0.01794,17737.0,0.01795,42132.0
1753531720361,12:08:40.361,BSW/USDT:USDT,0.01791,15976.0,0.0179,81075.0,0.01794,17737.0,0.01795,42132.0
1753531720573,12:08:40.573,BSW/USDT:USDT,0.01791,15976.0,0.0179,64806.0,0.01794,17737.0,0.01795,42132.0
1753531720596,12:08:40.596,BSW/USDT:USDT,0.01791,5000.0,0.0179,64806.0,0.01794,20524.0,0.01795,42132.0
1753531720845,12:08:40.845,BSW/USDT:USDT,0.01791,5000.0,0.0179,64806.0,0.01794,23311.0,0.01795,42132.0
1753531720877,12:08:40.877,BSW/USDT:USDT,0.01791,5000.0,0.0179,64806.0,0.01794,23311.0,0.01795,37538.0
1753531723056,12:08:43.056,BSW/USDT:USDT,0.01791,5000.0,0.0179,64806.0,0.01794,23311.0,0.01795,37538.0
1753531723328,12:08:43.328,BSW/USDT:USDT,0.01791,5000.0,0.0179,64806.0,0.01794,23311.0,0.01795,37538.0
1753531724295,12:08:44.295,BSW/USDT:USDT,0.01791,5000.0,0.0179,64806.0,0.01794,23311.0,0.01795,37538.0
1753531727162,12:08:47.162,BSW/USDT:USDT,0.01791,5000.0,0.0179,64806.0,0.01794,17737.0,0.01795,37538.0
1753531727175,12:08:47.175,BSW/USDT:USDT,0.01791,5000.0,0.0179,64806.0,0.01794,17737.0,0.01795,37538.0
1753531727850,12:08:47.850,BSW/USDT:USDT,0.01791,5000.0,0.0179,64806.0,0.01794,17737.0,0.01795,37538.0
1753531731213,12:08:51.213,BSW/USDT:USDT,0.01791,5000.0,0.0179,64806.0,0.01794,22329.0,0.01795,37538.0
1753531732650,12:08:52.650,BSW/USDT:USDT,0.01791,5000.0,0.0179,64806.0,0.01794,22329.0,0.01795,37538.0
1753531734091,12:08:54.091,BSW/USDT:USDT,0.01791,5000.0,0.0179,64806.0,0.01794,25775.0,0.01795,37538.0
1753531735451,12:08:55.451,BSW/USDT:USDT,0.01791,5000.0,0.0179,64806.0,0.01794,36699.0,0.01795,37538.0
1753531737456,12:08:57.456,BSW/USDT:USDT,0.01791,5000.0,0.0179,64806.0,0.01794,36699.0,0.01795,37538.0
1753531741230,12:09:01.230,BSW/USDT:USDT,0.01791,5000.0,0.0179,64806.0,0.01794,41183.0,0.01795,37538.0
1753531741556,12:09:01.556,BSW/USDT:USDT,0.01791,5000.0,0.0179,81075.0,0.01794,16358.0,0.01795,37538.0
1753531741636,12:09:01.636,BSW/USDT:USDT,0.01791,5000.0,0.0179,81075.0,0.01794,28048.0,0.01795,57922.0
1753531741746,12:09:01.746,BSW/USDT:USDT,0.01791,5000.0,0.0179,81075.0,0.01794,22474.0,0.01795,57922.0
1753531741845,12:09:01.845,BSW/USDT:USDT,0.01791,5000.0,0.0179,81075.0,0.01794,22474.0,0.01795,57922.0
1753531741968,12:09:01.968,BSW/USDT:USDT,0.01791,5000.0,0.0179,81075.0,0.01794,22474.0,0.01795,57922.0
1753531742061,12:09:02.061,BSW/USDT:USDT,0.01791,5000.0,0.0179,81075.0,0.01794,25261.0,0.01795,57922.0
1753531742158,12:09:02.158,BSW/USDT:USDT,0.01791,5000.0,0.0179,81075.0,0.01794,28048.0,0.01795,57922.0
1753531742265,12:09:02.265,BSW/USDT:USDT,0.01791,5000.0,0.0179,81075.0,0.01794,22474.0,0.01795,57922.0
1753531742510,12:09:02.510,BSW/USDT:USDT,0.01791,5000.0,0.0179,81075.0,0.01794,22474.0,0.01795,57922.0
1753531742671,12:09:02.671,BSW/USDT:USDT,0.01791,5000.0,0.0179,64806.0,0.01794,22474.0,0.01795,57922.0
1753531742762,12:09:02.762,BSW/USDT:USDT,0.01791,5000.0,0.0179,64806.0,0.01794,22474.0,0.01795,57922.0
1753531742898,12:09:02.898,BSW/USDT:USDT,0.01791,5000.0,0.0179,64806.0,0.01794,22474.0,0.01795,57922.0
1753531743002,12:09:03.002,BSW/USDT:USDT,0.01791,5000.0,0.0179,64806.0,0.01794,28048.0,0.01795,57922.0
1753531743085,12:09:03.085,BSW/USDT:USDT,0.01791,5000.0,0.0179,64806.0,0.01794,22474.0,0.01795,57922.0
1753531743272,12:09:03.272,BSW/USDT:USDT,0.01791,5000.0,0.0179,64806.0,0.01794,22474.0,0.01795,57922.0
1753531743367,12:09:03.367,BSW/USDT:USDT,0.01791,5000.0,0.0179,64806.0,0.01794,28048.0,0.01795,57922.0
1753531743379,12:09:03.379,BSW/USDT:USDT,0.01791,5000.0,0.0179,64806.0,0.01794,22474.0,0.01795,57922.0
1753531743734,12:09:03.734,BSW/USDT:USDT,0.01791,5000.0,0.0179,64806.0,0.01794,22474.0,0.01795,57922.0
1753531743869,12:09:03.869,BSW/USDT:USDT,0.01791,5000.0,0.0179,64806.0,0.01794,25261.0,0.01795,57922.0
1753531743913,12:09:03.913,BSW/USDT:USDT,0.01791,5000.0,0.0179,64806.0,0.01794,22474.0,0.01795,57922.0
1753531744049,12:09:04.049,BSW/USDT:USDT,0.01791,5000.0,0.0179,64806.0,0.01794,22474.0,0.01795,57922.0
1753531744121,12:09:04.121,BSW/USDT:USDT,0.01791,5000.0,0.0179,64806.0,0.01794,22474.0,0.01795,57922.0
1753531744248,12:09:04.248,BSW/USDT:USDT,0.01791,5000.0,0.0179,64806.0,0.01794,28048.0,0.01795,57922.0
1753531744324,12:09:04.324,BSW/USDT:USDT,0.01791,5000.0,0.0179,64806.0,0.01794,22474.0,0.01795,57922.0
1753531744471,12:09:04.471,BSW/USDT:USDT,0.01791,5000.0,0.0179,64806.0,0.01794,22474.0,0.01795,57922.0
1753531744566,12:09:04.566,BSW/USDT:USDT,0.01791,5000.0,0.0179,64806.0,0.01794,25261.0,0.01795,57922.0
1753531744666,12:09:04.666,BSW/USDT:USDT,0.01791,5000.0,0.0179,64806.0,0.01794,22474.0,0.01795,57922.0
1753531744754,12:09:04.754,BSW/USDT:USDT,0.01791,5000.0,0.0179,64806.0,0.01794,22474.0,0.01795,57922.0
1753531744860,12:09:04.860,BSW/USDT:USDT,0.01791,5000.0,0.0179,64806.0,0.01794,25261.0,0.01795,57922.0
1753531744974,12:09:04.974,BSW/USDT:USDT,0.01791,5000.0,0.0179,64806.0,0.01794,25261.0,0.01795,57922.0
1753531745050,12:09:05.050,BSW/USDT:USDT,0.01791,5000.0,0.0179,64806.0,0.01794,22474.0,0.01795,57922.0
1753531745134,12:09:05.134,BSW/USDT:USDT,0.01791,5000.0,0.0179,64806.0,0.01794,22474.0,0.01795,57922.0
1753531745258,12:09:05.258,BSW/USDT:USDT,0.01791,5000.0,0.0179,64806.0,0.01794,22474.0,0.01795,57922.0
1753531745366,12:09:05.366,BSW/USDT:USDT,0.01791,15976.0,0.0179,64806.0,0.01794,28048.0,0.01795,57922.0
1753531745719,12:09:05.719,BSW/USDT:USDT,0.01791,15976.0,0.0179,64806.0,0.01794,30835.0,0.01795,57922.0
1753531747051,12:09:07.051,BSW/USDT:USDT,0.01791,15976.0,0.0179,64806.0,0.01794,30835.0,0.01795,57922.0
1753531747268,12:09:07.268,BSW/USDT:USDT,0.01791,15976.0,0.0179,64806.0,0.01794,22474.0,0.01795,57922.0
1753531747365,12:09:07.365,BSW/USDT:USDT,0.01791,15976.0,0.0179,64806.0,0.01794,22474.0,0.01795,49298.0
1753531747391,12:09:07.391,BSW/USDT:USDT,0.01791,34680.0,0.0179,64806.0,0.01794,22474.0,0.01795,49298.0
1753531748067,12:09:08.067,BSW/USDT:USDT,0.01791,34680.0,0.0179,64806.0,0.01794,22474.0,0.01795,49298.0
1753531748488,12:09:08.488,BSW/USDT:USDT,0.01791,13624.0,0.0179,64806.0,0.01794,22474.0,0.01795,49298.0
1753531750259,12:09:10.259,BSW/USDT:USDT,0.01792,10976.0,0.01791,5000.0,0.01794,28550.0,0.01795,49298.0
1753531750281,12:09:10.281,BSW/USDT:USDT,0.01792,10976.0,0.01791,5000.0,0.01794,28453.0,0.01795,49298.0
1753531750456,12:09:10.456,BSW/USDT:USDT,0.01792,10976.0,0.01791,5000.0,0.01794,41597.0,0.01795,108978.0
1753531750905,12:09:10.905,BSW/USDT:USDT,0.01791,5000.0,0.0179,64806.0,0.01794,44384.0,0.01795,108978.0
1753531751010,12:09:11.010,BSW/USDT:USDT,0.01791,5251.0,0.0179,64806.0,0.01793,298.0,0.01794,44133.0
1753531751102,12:09:11.102,BSW/USDT:USDT,0.01791,5000.0,0.0179,64806.0,0.01793,301.0,0.01794,44133.0
1753531751200,12:09:11.200,BSW/USDT:USDT,0.01791,5000.0,0.0179,64806.0,0.01793,251.0,0.01794,35772.0
1753531751310,12:09:11.310,BSW/USDT:USDT,0.01791,5000.0,0.0179,64806.0,0.01793,251.0,0.01794,35772.0
1753531751726,12:09:11.726,BSW/USDT:USDT,0.01791,5000.0,0.0179,64806.0,0.01793,251.0,0.01794,35772.0
1753531751851,12:09:11.851,BSW/USDT:USDT,0.01791,5000.0,0.0179,64806.0,0.01793,251.0,0.01794,35772.0
1753531753865,12:09:13.865,BSW/USDT:USDT,0.01791,16227.0,0.0179,64806.0,0.01793,251.0,0.01794,35772.0
1753531754188,12:09:14.188,BSW/USDT:USDT,0.01791,15976.0,0.0179,64806.0,0.01793,251.0,0.01794,35772.0
1753531754637,12:09:14.637,BSW/USDT:USDT,0.01791,15976.0,0.0179,64806.0,0.01793,251.0,0.01794,35772.0
1753531754678,12:09:14.678,BSW/USDT:USDT,0.01791,16227.0,0.0179,64806.0,0.01793,251.0,0.01794,35772.0
1753531756651,12:09:16.651,BSW/USDT:USDT,0.01791,16227.0,0.0179,64806.0,0.01793,251.0,0.01794,35772.0
1753531756965,12:09:16.965,BSW/USDT:USDT,0.01791,15976.0,0.0179,64806.0,0.01793,502.0,0.01794,35521.0
1753531757170,12:09:17.170,BSW/USDT:USDT,0.01791,5000.0,0.0179,64806.0,0.01793,502.0,0.01794,39554.0
1753531757226,12:09:17.226,BSW/USDT:USDT,0.01791,5251.0,0.0179,73430.0,0.01793,502.0,0.01794,39554.0
1753531759435,12:09:19.435,BSW/USDT:USDT,0.01792,10976.0,0.01791,5000.0,0.01794,36023.0,0.01795,104386.0
1753531759483,12:09:19.483,BSW/USDT:USDT,0.01792,10976.0,0.01791,5000.0,0.01794,36023.0,0.01795,97218.0
1753531759847,12:09:19.847,BSW/USDT:USDT,0.01792,10976.0,0.01791,5000.0,0.01794,36023.0,0.01795,97218.0
1753531760525,12:09:20.525,BSW/USDT:USDT,0.01791,35106.0,0.0179,64806.0,0.01794,22628.0,0.01795,64680.0
1753531760667,12:09:20.667,BSW/USDT:USDT,0.01791,35608.0,0.0179,64806.0,0.01793,97.0,0.01794,22377.0
1753531761130,12:09:21.130,BSW/USDT:USDT,0.01791,35608.0,0.0179,64806.0,0.01793,97.0,0.01794,22377.0
1753531761451,12:09:21.451,BSW/USDT:USDT,0.01791,35608.0,0.0179,64806.0,0.01793,97.0,0.01794,22377.0
1753531766251,12:09:26.251,BSW/USDT:USDT,0.01791,35608.0,0.0179,64806.0,0.01793,97.0,0.01794,22377.0
1753531766307,12:09:26.307,BSW/USDT:USDT,0.01791,35608.0,0.0179,64806.0,0.01793,97.0,0.01794,22377.0
1753531767465,12:09:27.465,BSW/USDT:USDT,0.01791,35608.0,0.0179,64806.0,0.01793,97.0,0.01794,22377.0
1753531767966,12:09:27.966,BSW/USDT:USDT,0.01791,35608.0,0.0179,64806.0,0.01793,97.0,0.01794,22377.0
1753531768160,12:09:28.160,BSW/USDT:USDT,0.01791,31851.0,0.0179,64806.0,0.01793,97.0,0.01794,22377.0
1753531770261,12:09:30.261,BSW/USDT:USDT,0.01791,15582.0,0.0179,64806.0,0.01793,97.0,0.01794,22377.0
1753531770294,12:09:30.294,BSW/USDT:USDT,0.01791,5502.0,0.0179,64806.0,0.01793,348.0,0.01794,22377.0
1753531770405,12:09:30.405,BSW/USDT:USDT,0.01791,5502.0,0.0179,64806.0,0.01794,22377.0,0.01795,97218.0
1753531770543,12:09:30.543,BSW/USDT:USDT,0.01791,5502.0,0.0179,64806.0,0.01793,97.0,0.01794,22377.0
1753531770644,12:09:30.644,BSW/USDT:USDT,0.01791,5502.0,0.0179,64806.0,0.01793,348.0,0.01794,22377.0
1753531770747,12:09:30.747,BSW/USDT:USDT,0.01791,5502.0,0.0179,64806.0,0.01794,22377.0,0.01795,97218.0
1753531770783,12:09:30.783,BSW/USDT:USDT,0.01791,5502.0,0.0179,64806.0,0.01793,348.0,0.01794,22377.0
1753531770880,12:09:30.880,BSW/USDT:USDT,0.01791,5502.0,0.0179,64806.0,0.01793,251.0,0.01794,22377.0
1753531771051,12:09:31.051,BSW/USDT:USDT,0.01791,5251.0,0.0179,64806.0,0.01794,22377.0,0.01795,97218.0
1753531771163,12:09:31.163,BSW/USDT:USDT,0.01791,5502.0,0.0179,64806.0,0.01793,348.0,0.01794,22377.0
1753531771179,12:09:31.179,BSW/USDT:USDT,0.01791,5502.0,0.0179,64806.0,0.01793,251.0,0.01794,22377.0
1753531771565,12:09:31.565,BSW/USDT:USDT,0.01791,5502.0,0.0179,64806.0,0.01794,22377.0,0.01795,97218.0
1753531771580,12:09:31.580,BSW/USDT:USDT,0.01791,5502.0,0.0179,64806.0,0.01793,97.0,0.01794,22377.0
1753531771881,12:09:31.881,BSW/USDT:USDT,0.01791,5502.0,0.0179,64806.0,0.01793,348.0,0.01794,22377.0
1753531771992,12:09:31.992,BSW/USDT:USDT,0.01791,5502.0,0.0179,64806.0,0.01793,251.0,0.01794,22377.0
1753531772587,12:09:32.587,BSW/USDT:USDT,0.01791,5251.0,0.0179,64806.0,0.01794,22377.0,0.01795,97218.0
1753531772689,12:09:32.689,BSW/USDT:USDT,0.01791,5251.0,0.0179,64806.0,0.01793,348.0,0.01794,22377.0
1753531772812,12:09:32.812,BSW/USDT:USDT,0.01791,5251.0,0.0179,64806.0,0.01794,22377.0,0.01795,97218.0
1753531772958,12:09:32.958,BSW/USDT:USDT,0.01791,5251.0,0.0179,64806.0,0.01793,47.0,0.01794,22377.0
1753531773036,12:09:33.036,BSW/USDT:USDT,0.01791,5251.0,0.0179,64806.0,0.01793,348.0,0.01794,22377.0
1753531773158,12:09:33.158,BSW/USDT:USDT,0.01791,5251.0,0.0179,64806.0,0.01793,251.0,0.01794,22377.0
1753531773235,12:09:33.235,BSW/USDT:USDT,0.01791,5000.0,0.0179,5076.0,0.01793,13903.0,0.01794,22377.0
1753531773321,12:09:33.321,BSW/USDT:USDT,0.01791,5000.0,0.0179,5076.0,0.01793,13903.0,0.01794,22377.0
1753531773497,12:09:33.497,BSW/USDT:USDT,0.01791,5000.0,0.0179,5076.0,0.01793,14154.0,0.01794,22377.0
1753531773643,12:09:33.643,BSW/USDT:USDT,0.01791,5000.0,0.0179,33800.0,0.01793,13903.0,0.01794,22377.0
1753531773774,12:09:33.774,BSW/USDT:USDT,0.01791,5000.0,0.0179,33800.0,0.01793,14154.0,0.01794,22377.0
1753531773865,12:09:33.865,BSW/USDT:USDT,0.01791,5251.0,0.0179,33800.0,0.01793,13903.0,0.01794,22377.0
1753531773955,12:09:33.955,BSW/USDT:USDT,0.01791,5000.0,0.0179,33800.0,0.01793,14154.0,0.01794,22377.0
1753531773987,12:09:33.987,BSW/USDT:USDT,0.01791,5000.0,0.0179,33800.0,0.01793,13903.0,0.01794,22377.0
1753531774173,12:09:34.173,BSW/USDT:USDT,0.01791,5000.0,0.0179,33800.0,0.01793,14154.0,0.01794,22377.0
1753531774267,12:09:34.267,BSW/USDT:USDT,0.01791,5000.0,0.0179,33800.0,0.01793,13903.0,0.01794,22377.0
1753531774366,12:09:34.366,BSW/USDT:USDT,0.01791,5251.0,0.0179,33800.0,0.01793,13652.0,0.01794,22377.0
1753531774469,12:09:34.469,BSW/USDT:USDT,0.01791,5000.0,0.0179,33800.0,0.01793,13652.0,0.01794,22377.0
1753531774564,12:09:34.564,BSW/USDT:USDT,0.01791,5000.0,0.0179,33800.0,0.01793,14154.0,0.01794,22377.0
1753531774666,12:09:34.666,BSW/USDT:USDT,0.01791,5000.0,0.0179,33800.0,0.01793,13652.0,0.01794,22377.0
1753531774714,12:09:34.714,BSW/USDT:USDT,0.01791,5000.0,0.0179,33800.0,0.01794,22377.0,0.01795,97218.0
1753531774857,12:09:34.857,BSW/USDT:USDT,0.01791,5000.0,0.0179,33800.0,0.01793,97.0,0.01794,22377.0
1753531774974,12:09:34.974,BSW/USDT:USDT,0.01791,5251.0,0.0179,33800.0,0.01793,97.0,0.01794,22377.0
1753531775038,12:09:35.038,BSW/USDT:USDT,0.01791,5000.0,0.0179,33800.0,0.01793,348.0,0.01794,22377.0
1753531775172,12:09:35.172,BSW/USDT:USDT,0.01791,5000.0,0.0179,33800.0,0.01794,22377.0,0.01795,97218.0
1753531775273,12:09:35.273,BSW/USDT:USDT,0.01791,5251.0,0.0179,33800.0,0.01793,599.0,0.01794,22377.0
1753531775300,12:09:35.300,BSW/USDT:USDT,0.01791,5000.0,0.0179,33800.0,0.01794,22377.0,0.01795,97218.0
1753531775464,12:09:35.464,BSW/USDT:USDT,0.01791,5000.0,0.0179,33800.0,0.01793,97.0,0.01794,22377.0
1753531775554,12:09:35.554,BSW/USDT:USDT,0.01791,5000.0,0.0179,33800.0,0.01793,97.0,0.01794,22377.0
1753531775664,12:09:35.664,BSW/USDT:USDT,0.01791,5251.0,0.0179,33800.0,0.01793,97.0,0.01794,22377.0
1753531775766,12:09:35.766,BSW/USDT:USDT,0.01791,5251.0,0.0179,33800.0,0.01793,97.0,0.01794,22377.0
1753531775867,12:09:35.867,BSW/USDT:USDT,0.01791,5000.0,0.0179,33800.0,0.01793,97.0,0.01794,22377.0
1753531775969,12:09:35.969,BSW/USDT:USDT,0.01791,5000.0,0.0179,33800.0,0.01793,599.0,0.01794,22377.0
1753531775996,12:09:35.996,BSW/USDT:USDT,0.01791,5000.0,0.0179,33800.0,0.01794,22377.0,0.01795,97218.0
1753531776173,12:09:36.173,BSW/USDT:USDT,0.01791,5000.0,0.0179,33800.0,0.01793,348.0,0.01794,22377.0
1753531776192,12:09:36.192,BSW/USDT:USDT,0.01791,5000.0,0.0179,33800.0,0.01794,22377.0,0.01795,97218.0
1753531776284,12:09:36.284,BSW/USDT:USDT,0.01791,5000.0,0.0179,33800.0,0.01793,599.0,0.01794,22377.0
1753531776380,12:09:36.380,BSW/USDT:USDT,0.01791,5000.0,0.0179,33800.0,0.01793,502.0,0.01794,22377.0
1753531776916,12:09:36.916,BSW/USDT:USDT,0.01791,5251.0,0.0179,50069.0,0.01794,22377.0,0.01795,97218.0
1753531777037,12:09:37.037,BSW/USDT:USDT,0.01791,5000.0,0.0179,33800.0,0.01793,97.0,0.01794,22377.0
1753531777162,12:09:37.162,BSW/USDT:USDT,0.01791,5251.0,0.0179,33800.0,0.01793,97.0,0.01794,22377.0
1753531777258,12:09:37.258,BSW/USDT:USDT,0.01791,5251.0,0.0179,33800.0,0.01793,97.0,0.01794,22377.0
1753531777365,12:09:37.365,BSW/USDT:USDT,0.01791,5251.0,0.0179,33800.0,0.01793,599.0,0.01794,22377.0
1753531777381,12:09:37.381,BSW/USDT:USDT,0.01791,5000.0,0.0179,33800.0,0.01794,22377.0,0.01795,97218.0
1753531777572,12:09:37.572,BSW/USDT:USDT,0.01791,5502.0,0.0179,33800.0,0.01793,599.0,0.01794,22377.0
1753531777585,12:09:37.585,BSW/USDT:USDT,0.01791,5000.0,0.0179,33800.0,0.01794,22377.0,0.01795,97218.0
1753531777770,12:09:37.770,BSW/USDT:USDT,0.01791,5000.0,0.0179,33800.0,0.01793,599.0,0.01794,22377.0
1753531777787,12:09:37.787,BSW/USDT:USDT,0.01791,5000.0,0.0179,33800.0,0.01794,22377.0,0.01795,97218.0
1753531777954,12:09:37.954,BSW/USDT:USDT,0.01791,5000.0,0.0179,33800.0,0.01793,97.0,0.01794,22377.0
1753531778068,12:09:38.068,BSW/USDT:USDT,0.01791,5502.0,0.0179,33800.0,0.01793,599.0,0.01794,22377.0
1753531778084,12:09:38.084,BSW/USDT:USDT,0.01791,5000.0,0.0179,33800.0,0.01794,22377.0,0.01795,97218.0
1753531778264,12:09:38.264,BSW/USDT:USDT,0.01791,5000.0,0.0179,33800.0,0.01793,599.0,0.01794,22377.0
1753531778294,12:09:38.294,BSW/USDT:USDT,0.01791,5000.0,0.0179,33800.0,0.01794,22377.0,0.01795,97218.0
1753531778448,12:09:38.448,BSW/USDT:USDT,0.01791,5000.0,0.0179,33800.0,0.01793,97.0,0.01794,22377.0
1753531778573,12:09:38.573,BSW/USDT:USDT,0.01791,5251.0,0.0179,33800.0,0.01793,348.0,0.01794,22377.0
1753531778587,12:09:38.587,BSW/USDT:USDT,0.01791,5000.0,0.0179,33800.0,0.01794,22377.0,0.01795,97218.0
1753531778758,12:09:38.758,BSW/USDT:USDT,0.01791,5000.0,0.0179,33800.0,0.01793,97.0,0.01794,22377.0
1753531778869,12:09:38.869,BSW/USDT:USDT,0.01791,5000.0,0.0179,33800.0,0.01793,97.0,0.01794,22377.0
1753531778887,12:09:38.887,BSW/USDT:USDT,0.01791,5502.0,0.0179,33800.0,0.01793,97.0,0.01794,22377.0
1753531779094,12:09:39.094,BSW/USDT:USDT,0.01791,5502.0,0.0179,33800.0,0.01793,599.0,0.01794,22377.0
1753531779180,12:09:39.180,BSW/USDT:USDT,0.01791,5502.0,0.0179,33800.0,0.01793,502.0,0.01794,22377.0
1753531780120,12:09:40.120,BSW/USDT:USDT,0.01791,5000.0,0.0179,33800.0,0.01793,502.0,0.01794,22377.0
1753531780653,12:09:40.653,BSW/USDT:USDT,0.01791,5000.0,0.0179,33800.0,0.01793,502.0,0.01794,22377.0
1753531783355,12:09:43.355,BSW/USDT:USDT,0.01791,5000.0,0.0179,5076.0,0.01793,502.0,0.01794,22377.0
1753531785452,12:09:45.452,BSW/USDT:USDT,0.01791,5000.0,0.0179,5076.0,0.01793,502.0,0.01794,22377.0
1753531787840,12:09:47.840,BSW/USDT:USDT,0.01791,5251.0,0.0179,47494.0,0.01793,251.0,0.01794,22377.0
1753531787880,12:09:47.880,BSW/USDT:USDT,0.01791,5000.0,0.0179,47494.0,0.01793,502.0,0.01794,22377.0
1753531790256,12:09:50.256,BSW/USDT:USDT,0.01791,5000.0,0.0179,47494.0,0.01793,502.0,0.01794,22377.0
1753531791457,12:09:51.457,BSW/USDT:USDT,0.01791,5000.0,0.0179,47494.0,0.01793,502.0,0.01794,26970.0
1753531792521,12:09:52.521,BSW/USDT:USDT,0.01791,5000.0,0.0179,18770.0,0.01793,502.0,0.01794,26970.0
1753531792576,12:09:52.576,BSW/USDT:USDT,0.01791,5000.0,0.0179,45088.0,0.01793,502.0,0.01794,26970.0
1753531795056,12:09:55.056,BSW/USDT:USDT,0.01791,5000.0,0.0179,45088.0,0.01793,502.0,0.01794,26970.0
1753531795795,12:09:55.795,BSW/USDT:USDT,0.01791,5000.0,0.0179,45088.0,0.01793,251.0,0.01794,26970.0
1753531797404,12:09:57.404,BSW/USDT:USDT,0.01791,5000.0,0.0179,45088.0,0.01793,502.0,0.01794,26970.0
1753531797965,12:09:57.965,BSW/USDT:USDT,0.01791,5251.0,0.0179,45088.0,0.01793,251.0,0.01794,26970.0
1753531799486,12:09:59.486,BSW/USDT:USDT,0.01791,5251.0,0.0179,45088.0,0.01793,502.0,0.01794,26970.0
1753531801239,12:10:01.239,BSW/USDT:USDT,0.01791,5000.0,0.0179,45088.0,0.01793,502.0,0.01794,26970.0
1753531801532,12:10:01.532,BSW/USDT:USDT,0.01791,21522.0,0.0179,61357.0,0.01794,22377.0,0.01795,80949.0
1753531801656,12:10:01.656,BSW/USDT:USDT,0.01791,21775.0,0.0179,61357.0,0.01793,97.0,0.01794,22377.0
1753531803243,12:10:03.243,BSW/USDT:USDT,0.01791,82305.0,0.0179,35039.0,0.01793,97.0,0.01794,17377.0
1753531803702,12:10:03.702,BSW/USDT:USDT,0.01791,82305.0,0.0179,35039.0,0.01793,97.0,0.01794,17377.0
1753531805461,12:10:05.461,BSW/USDT:USDT,0.01791,82305.0,0.0179,35039.0,0.01793,97.0,0.01795,64680.0
1753531805538,12:10:05.538,BSW/USDT:USDT,0.01791,82305.0,0.0179,35039.0,0.01794,97.0,0.01795,5000.0
1753531806052,12:10:06.052,BSW/USDT:USDT,0.01791,82305.0,0.0179,35039.0,0.01794,97.0,0.01795,5000.0
1753531806107,12:10:06.107,BSW/USDT:USDT,0.01791,82305.0,0.0179,35039.0,0.01794,97.0,0.01795,5000.0
1753531806274,12:10:06.274,BSW/USDT:USDT,0.01791,82305.0,0.0179,35039.0,0.01794,97.0,0.01795,5000.0
1753531807022,12:10:07.022,BSW/USDT:USDT,0.01791,82305.0,0.0179,35039.0,0.01794,97.0,0.01795,21269.0
1753531807155,12:10:07.155,BSW/USDT:USDT,0.01791,82305.0,0.0179,35039.0,0.01794,97.0,0.01795,21269.0
1753531807448,12:10:07.448,BSW/USDT:USDT,0.01791,82305.0,0.0179,35039.0,0.01794,97.0,0.01795,5000.0
1753531807937,12:10:07.937,BSW/USDT:USDT,0.01791,82305.0,0.0179,35039.0,0.01794,97.0,0.01795,5000.0
1753531808061,12:10:08.061,BSW/USDT:USDT,0.01791,82305.0,0.0179,35039.0,0.01794,97.0,0.01795,5000.0
1753531810340,12:10:10.340,BSW/USDT:USDT,0.01792,30198.0,0.01791,81799.0,0.01794,97.0,0.01795,5000.0
1753531810388,12:10:10.388,BSW/USDT:USDT,0.01792,30198.0,0.01791,81799.0,0.01794,97.0,0.01795,5000.0
1753531812669,12:10:12.669,BSW/USDT:USDT,0.01792,30198.0,0.01791,81799.0,0.01794,97.0,0.01795,5000.0
1753531814698,12:10:14.698,BSW/USDT:USDT,0.01792,30198.0,0.01791,81799.0,0.01794,97.0,0.01795,5000.0
1753531814841,12:10:14.841,BSW/USDT:USDT,0.01792,5506.0,0.01791,81799.0,0.01794,97.0,0.01795,5000.0
1753531816017,12:10:16.017,BSW/USDT:USDT,0.01792,30046.0,0.01791,81799.0,0.01794,97.0,0.01795,5000.0
1753531817009,12:10:17.009,BSW/USDT:USDT,0.01792,30046.0,0.01791,81799.0,0.01794,97.0,0.01795,5000.0
1753531817453,12:10:17.453,BSW/USDT:USDT,0.01792,30046.0,0.01791,81799.0,0.01794,97.0,0.01795,5000.0
1753531822256,12:10:22.256,BSW/USDT:USDT,0.01792,30046.0,0.01791,81799.0,0.01794,97.0,0.01795,5000.0
1753531823035,12:10:23.035,BSW/USDT:USDT,0.01792,30046.0,0.01791,81799.0,0.01794,350.0,0.01795,5000.0
1753531823081,12:10:23.081,BSW/USDT:USDT,0.01792,30046.0,0.01791,81799.0,0.01795,5000.0,0.01796,51556.0
1753531823257,12:10:23.257,BSW/USDT:USDT,0.01792,30046.0,0.01791,81799.0,0.01794,97.0,0.01795,5000.0
1753531827052,12:10:27.052,BSW/USDT:USDT,0.01792,30046.0,0.01791,81799.0,0.01794,97.0,0.01795,5000.0
1753531828596,12:10:28.596,BSW/USDT:USDT,0.01792,30046.0,0.01791,81799.0,0.01794,97.0,0.01795,5000.0
1753531831852,12:10:31.852,BSW/USDT:USDT,0.01792,30046.0,0.01791,81799.0,0.01794,97.0,0.01795,5000.0
1753531833700,12:10:33.700,BSW/USDT:USDT,0.01792,30046.0,0.01791,81799.0,0.01794,97.0,0.01795,18993.0
1753531834459,12:10:34.459,BSW/USDT:USDT,0.01792,30046.0,0.01791,81799.0,0.01794,603.0,0.01795,18993.0
1753531834479,12:10:34.479,BSW/USDT:USDT,0.01792,30046.0,0.01791,81799.0,0.01794,506.0,0.01795,18993.0
1753531835368,12:10:35.368,BSW/USDT:USDT,0.01792,5506.0,0.01791,81799.0,0.01794,506.0,0.01795,18993.0
1753531835422,12:10:35.422,BSW/USDT:USDT,0.01792,16482.0,0.01791,90423.0,0.01794,506.0,0.01795,18993.0
1753531836656,12:10:36.656,BSW/USDT:USDT,0.01792,16482.0,0.01791,90423.0,0.01794,253.0,0.01795,18993.0
1753531840371,12:10:40.371,BSW/USDT:USDT,0.01792,43356.0,0.01791,90423.0,0.01795,18993.0,0.01796,56151.0
1753531840374,12:10:40.374,BSW/USDT:USDT,0.01792,43356.0,0.01791,90423.0,0.01795,18993.0,0.01796,56151.0
1753531840680,12:10:40.680,BSW/USDT:USDT,0.01792,43356.0,0.01791,90423.0,0.01795,18993.0,0.01796,56151.0
1753531840793,12:10:40.793,BSW/USDT:USDT,0.01792,43356.0,0.01791,90423.0,0.01794,97.0,0.01795,18993.0
1753531840944,12:10:40.944,BSW/USDT:USDT,0.01792,16229.0,0.01791,90423.0,0.01794,603.0,0.01795,18993.0
1753531840979,12:10:40.979,BSW/USDT:USDT,0.01792,16229.0,0.01791,90423.0,0.01794,506.0,0.01795,18993.0
1753531841457,12:10:41.457,BSW/USDT:USDT,0.01792,16229.0,0.01791,90423.0,0.01794,506.0,0.01795,18993.0
1753531841495,12:10:41.495,BSW/USDT:USDT,0.01792,16229.0,0.01791,90423.0,0.01794,506.0,0.01795,18993.0
1753531841772,12:10:41.772,BSW/USDT:USDT,0.01792,16482.0,0.01791,90423.0,0.01795,18993.0,0.01796,56151.0
1753531841817,12:10:41.817,BSW/USDT:USDT,0.01792,5253.0,0.01791,90423.0,0.01794,603.0,0.01795,18993.0
1753531841945,12:10:41.945,BSW/USDT:USDT,0.01792,16229.0,0.01791,90423.0,0.01794,506.0,0.01795,18993.0
1753531842406,12:10:42.406,BSW/USDT:USDT,0.01792,16482.0,0.01791,90423.0,0.01794,253.0,0.01795,18993.0
1753531842604,12:10:42.604,BSW/USDT:USDT,0.01792,16482.0,0.01791,90423.0,0.01794,506.0,0.01795,18993.0
1753531845152,12:10:45.152,BSW/USDT:USDT,0.01792,26309.0,0.01791,90423.0,0.01795,18993.0,0.01796,56151.0
1753531845213,12:10:45.213,BSW/USDT:USDT,0.01792,15586.0,0.01791,90423.0,0.01794,603.0,0.01795,18993.0
1753531845332,12:10:45.332,BSW/USDT:USDT,0.01792,42460.0,0.01791,81799.0,0.01795,18993.0,0.01796,56151.0
1753531845384,12:10:45.384,BSW/USDT:USDT,0.01792,42713.0,0.01791,81799.0,0.01794,97.0,0.01795,18993.0
1753531846256,12:10:46.256,BSW/USDT:USDT,0.01792,42713.0,0.01791,81799.0,0.01794,97.0,0.01795,18993.0
1753531846340,12:10:46.340,BSW/USDT:USDT,0.01792,42460.0,0.01791,81799.0,0.01794,350.0,0.01795,18993.0
1753531846392,12:10:46.392,BSW/USDT:USDT,0.01792,42460.0,0.01791,81799.0,0.01795,18993.0,0.01796,56151.0
1753531846492,12:10:46.492,BSW/USDT:USDT,0.01792,42460.0,0.01791,81799.0,0.01794,350.0,0.01795,18993.0
1753531846582,12:10:46.582,BSW/USDT:USDT,0.01792,42460.0,0.01791,81799.0,0.01794,253.0,0.01795,18993.0
1753531847486,12:10:47.486,BSW/USDT:USDT,0.01792,32380.0,0.01791,81799.0,0.01794,253.0,0.01795,18993.0
1753531849435,12:10:49.435,BSW/USDT:USDT,0.01792,50849.0,0.01791,90423.0,0.01794,253.0,0.01795,18993.0
1753531849632,12:10:49.632,BSW/USDT:USDT,0.01792,39620.0,0.01791,81799.0,0.01794,506.0,0.01795,18993.0
1753531849772,12:10:49.772,BSW/USDT:USDT,0.01792,16482.0,0.01791,90423.0,0.01794,506.0,0.01795,18993.0
1753531849870,12:10:49.870,BSW/USDT:USDT,0.01792,16482.0,0.01791,90423.0,0.01794,506.0,0.01795,18993.0
1753531849933,12:10:49.933,BSW/USDT:USDT,0.01792,16482.0,0.01791,90423.0,0.01794,506.0,0.01795,18993.0
1753531851073,12:10:51.073,BSW/USDT:USDT,0.01792,43609.0,0.01791,90423.0,0.01794,253.0,0.01795,18993.0
1753531851901,12:10:51.901,BSW/USDT:USDT,0.01792,43356.0,0.01791,90423.0,0.01794,253.0,0.01795,18993.0
1753531855853,12:10:55.853,BSW/USDT:USDT,0.01792,43356.0,0.01791,90423.0,0.01794,253.0,0.01795,18993.0
1753531857123,12:10:57.123,BSW/USDT:USDT,0.01792,15976.0,0.01791,90423.0,0.01794,506.0,0.01795,18993.0
1753531857245,12:10:57.245,BSW/USDT:USDT,0.01792,16229.0,0.01791,90423.0,0.01794,506.0,0.01795,18993.0
1753531857369,12:10:57.369,BSW/USDT:USDT,0.01792,15976.0,0.01791,90423.0,0.01794,506.0,0.01795,18993.0
1753531858085,12:10:58.085,BSW/USDT:USDT,0.01792,16482.0,0.01791,90423.0,0.01794,506.0,0.01795,18993.0
1753531860773,12:11:00.773,BSW/USDT:USDT,0.01792,16229.0,0.01791,90423.0,0.01795,18993.0,0.01796,56151.0
1753531860833,12:11:00.833,BSW/USDT:USDT,0.01792,16482.0,0.01791,90423.0,0.01794,97.0,0.01795,18993.0
1753531861872,12:11:01.872,BSW/USDT:USDT,0.01792,16482.0,0.01791,90423.0,0.01794,97.0,0.01795,35262.0
1753531861953,12:11:01.953,BSW/USDT:USDT,0.01792,16229.0,0.01791,90423.0,0.01794,603.0,0.01795,35262.0
1753531862054,12:11:02.054,BSW/USDT:USDT,0.01792,16229.0,0.01791,90423.0,0.01794,506.0,0.01795,35262.0
1753531862161,12:11:02.161,BSW/USDT:USDT,0.01792,16229.0,0.01791,90423.0,0.01794,506.0,0.01795,35262.0
1753531862255,12:11:02.255,BSW/USDT:USDT,0.01792,16482.0,0.01791,90423.0,0.01794,506.0,0.01795,35262.0
1753531862312,12:11:02.312,BSW/USDT:USDT,0.01792,16229.0,0.01791,90423.0,0.01795,18993.0,0.01796,51556.0
1753531862432,12:11:02.432,BSW/USDT:USDT,0.01792,16482.0,0.01791,90423.0,0.01794,350.0,0.01795,18993.0
1753531862480,12:11:02.480,BSW/USDT:USDT,0.01792,16482.0,0.01791,90423.0,0.01794,253.0,0.01795,18993.0
1753531863121,12:11:03.121,BSW/USDT:USDT,0.01792,16229.0,0.01791,90423.0,0.01794,506.0,0.01795,18993.0
1753531864136,12:11:04.136,BSW/USDT:USDT,0.01792,16482.0,0.01791,90423.0,0.01794,253.0,0.01795,18993.0
1753531865285,12:11:05.285,BSW/USDT:USDT,0.01792,16229.0,0.01791,90423.0,0.01794,253.0,0.01795,18993.0
1753531868121,12:11:08.121,BSW/USDT:USDT,0.01792,16482.0,0.01791,90423.0,0.01794,506.0,0.01795,18993.0
1753531868444,12:11:08.444,BSW/USDT:USDT,0.01792,16229.0,0.01791,90423.0,0.01794,506.0,0.01795,18993.0
1753531870235,12:11:10.235,BSW/USDT:USDT,0.01792,16482.0,0.01791,90423.0,0.01794,253.0,0.01795,18993.0
1753531876529,12:11:16.529,BSW/USDT:USDT,0.01792,16229.0,0.01791,90423.0,0.01794,506.0,0.01795,18993.0
1753531878385,12:11:18.385,BSW/USDT:USDT,0.01792,26562.0,0.01791,90423.0,0.01794,506.0,0.01795,18993.0
1753531882554,12:11:22.554,BSW/USDT:USDT,0.01792,26309.0,0.01791,90423.0,0.01794,506.0,0.01795,18993.0
1753531886319,12:11:26.319,BSW/USDT:USDT,0.01792,26562.0,0.01791,90423.0,0.01794,506.0,0.01795,18993.0
1753531886584,12:11:26.584,BSW/USDT:USDT,0.01792,26309.0,0.01791,90423.0,0.01794,506.0,0.01795,18993.0
1753531887001,12:11:27.001,BSW/USDT:USDT,0.01792,26562.0,0.01791,90423.0,0.01794,506.0,0.01795,18993.0
1753531888583,12:11:28.583,BSW/USDT:USDT,0.01792,26309.0,0.01791,90423.0,0.01794,506.0,0.01795,18993.0
1753531892637,12:11:32.637,BSW/USDT:USDT,0.01792,26056.0,0.01791,90423.0,0.01794,506.0,0.01795,18993.0
1753531892941,12:11:32.941,BSW/USDT:USDT,0.01792,15976.0,0.01791,90423.0,0.01794,14507.0,0.01795,18993.0
1753531893055,12:11:33.055,BSW/USDT:USDT,0.01792,15976.0,0.01791,90423.0,0.01794,14507.0,0.01795,18993.0
1753531894059,12:11:34.059,BSW/USDT:USDT,0.01792,16229.0,0.01791,90423.0,0.01794,14507.0,0.01795,18993.0
1753531896456,12:11:36.456,BSW/USDT:USDT,0.01792,16229.0,0.01791,90423.0,0.01794,14507.0,0.01795,18993.0
1753531906405,12:11:46.405,BSW/USDT:USDT,0.01792,16229.0,0.01791,90423.0,0.01795,18993.0,0.01796,51556.0
1753531906488,12:11:46.488,BSW/USDT:USDT,0.01792,16229.0,0.01791,90423.0,0.01794,97.0,0.01795,18993.0
1753531907104,12:11:47.104,BSW/USDT:USDT,0.01792,16482.0,0.01791,90423.0,0.01794,97.0,0.01795,18993.0
1753531908596,12:11:48.596,BSW/USDT:USDT,0.01792,16482.0,0.01791,90423.0,0.01794,97.0,0.01795,18993.0
1753531918492,12:11:58.492,BSW/USDT:USDT,0.01792,16482.0,0.01791,90423.0,0.01794,350.0,0.01795,18993.0
1753531918580,12:11:58.580,BSW/USDT:USDT,0.01792,16482.0,0.01791,90423.0,0.01794,253.0,0.01795,18993.0
1753531920658,12:12:00.658,BSW/USDT:USDT,0.01792,16482.0,0.01791,90423.0,0.01794,253.0,0.01795,18993.0
1753531920677,12:12:00.677,BSW/USDT:USDT,0.01792,16482.0,0.01791,90423.0,0.01794,253.0,0.01795,18993.0
1753531920890,12:12:00.890,BSW/USDT:USDT,0.01792,26562.0,0.01791,90423.0,0.01794,253.0,0.01795,18993.0
1753531922412,12:12:02.412,BSW/USDT:USDT,0.01792,43609.0,0.01791,90423.0,0.01795,13993.0,0.01796,51556.0
1753531922482,12:12:02.482,BSW/USDT:USDT,0.01792,43609.0,0.01791,90423.0,0.01794,97.0,0.01795,13993.0
1753531922768,12:12:02.768,BSW/USDT:USDT,0.01792,43609.0,0.01791,90423.0,0.01794,97.0,0.01795,13993.0
1753531923268,12:12:03.268,BSW/USDT:USDT,0.01792,32633.0,0.01791,81799.0,0.01794,97.0,0.01795,13993.0
1753531924254,12:12:04.254,BSW/USDT:USDT,0.01792,32633.0,0.01791,81799.0,0.01794,97.0,0.01795,13993.0
1753531926246,12:12:06.246,BSW/USDT:USDT,0.01793,11482.0,0.01792,40751.0,0.01794,97.0,0.01795,13993.0
1753531926440,12:12:06.440,BSW/USDT:USDT,0.01793,71812.0,0.01792,18932.0,0.01794,97.0,0.01795,13993.0
1753531927357,12:12:07.357,BSW/USDT:USDT,0.01793,71812.0,0.01792,18932.0,0.01794,97.0,0.01795,13993.0
1753531927471,12:12:07.471,BSW/USDT:USDT,0.01793,81892.0,0.01792,18932.0,0.01796,18990.0,0.01797,28213.0
1753531927484,12:12:07.484,BSW/USDT:USDT,0.01793,81892.0,0.01792,18932.0,0.01795,97.0,0.01796,18990.0
1753531927663,12:12:07.663,BSW/USDT:USDT,0.01793,81892.0,0.01792,18932.0,0.01795,97.0,0.01796,18990.0
1753531928068,12:12:08.068,BSW/USDT:USDT,0.01793,81892.0,0.01792,18932.0,0.01795,97.0,0.01796,18990.0
1753531929056,12:12:09.056,BSW/USDT:USDT,0.01793,81892.0,0.01792,18932.0,0.01795,97.0,0.01796,18990.0
1753531929076,12:12:09.076,BSW/USDT:USDT,0.01793,81892.0,0.01792,18932.0,0.01795,97.0,0.01796,18990.0
1753531929285,12:12:09.285,BSW/USDT:USDT,0.01793,81892.0,0.01792,18932.0,0.01795,97.0,0.01796,18990.0
1753531930247,12:12:10.247,BSW/USDT:USDT,0.01793,81892.0,0.01792,18932.0,0.01795,14029.0,0.01796,18990.0
1753531930473,12:12:10.473,BSW/USDT:USDT,0.01793,81892.0,0.01792,18932.0,0.01795,13982.0,0.01796,18990.0
1753531930529,12:12:10.529,BSW/USDT:USDT,0.01793,81892.0,0.01792,18932.0,0.01795,13932.0,0.01796,18990.0
1753531931145,12:12:11.145,BSW/USDT:USDT,0.01793,81892.0,0.01792,18932.0,0.01796,18990.0,0.01797,28213.0
1753531931189,12:12:11.189,BSW/USDT:USDT,0.01794,38.0,0.01793,81639.0,0.01795,60.0,0.01796,18990.0
1753531931352,12:12:11.352,BSW/USDT:USDT,0.01794,38.0,0.01793,81639.0,0.01795,60.0,0.01796,18990.0
1753531931765,12:12:11.765,BSW/USDT:USDT,0.01794,38.0,0.01793,81639.0,0.01795,60.0,0.01796,18990.0
1753531931793,12:12:11.793,BSW/USDT:USDT,0.01794,38.0,0.01793,81639.0,0.01795,60.0,0.01796,18990.0
1753531931975,12:12:11.975,BSW/USDT:USDT,0.01794,38.0,0.01793,81639.0,0.01795,60.0,0.01796,18990.0
1753531933856,12:12:13.856,BSW/USDT:USDT,0.01794,38.0,0.01793,81639.0,0.01795,60.0,0.01796,18990.0
1753531937052,12:12:17.052,BSW/USDT:USDT,0.01794,291.0,0.01793,81386.0,0.01795,60.0,0.01796,18990.0
1753531937186,12:12:17.186,BSW/USDT:USDT,0.01794,38.0,0.01793,81386.0,0.01795,60.0,0.01796,18990.0
1753531938472,12:12:18.472,BSW/USDT:USDT,0.01794,38.0,0.01793,81386.0,0.01795,60.0,0.01796,18990.0
1753531938509,12:12:18.509,BSW/USDT:USDT,0.01794,38.0,0.01793,81386.0,0.01795,60.0,0.01796,18990.0
1753531938664,12:12:18.664,BSW/USDT:USDT,0.01794,38.0,0.01793,81386.0,0.01795,60.0,0.01796,18990.0
1753531940668,12:12:20.668,BSW/USDT:USDT,0.01794,38.0,0.01793,81386.0,0.01795,60.0,0.01796,18990.0
1753531940688,12:12:20.688,BSW/USDT:USDT,0.01794,38.0,0.01793,81386.0,0.01795,60.0,0.01796,18990.0
1753531943455,12:12:23.455,BSW/USDT:USDT,0.01794,38.0,0.01793,81386.0,0.01795,60.0,0.01796,18990.0
1753531943804,12:12:23.804,BSW/USDT:USDT,0.01794,38.0,0.01793,81386.0,0.01795,60.0,0.01796,18990.0
1753531944197,12:12:24.197,BSW/USDT:USDT,0.01794,13936.0,0.01793,81386.0,0.01795,60.0,0.01796,18990.0
1753531944348,12:12:24.348,BSW/USDT:USDT,0.01794,19189.0,0.01793,81386.0,0.01796,5000.0,0.01797,11944.0
1753531944380,12:12:24.380,BSW/USDT:USDT,0.01794,19151.0,0.01793,81386.0,0.01796,5000.0,0.01797,11944.0
1753531944628,12:12:24.628,BSW/USDT:USDT,0.01794,19151.0,0.01793,81386.0,0.01796,5000.0,0.01797,11944.0
1753531945213,12:12:25.213,BSW/USDT:USDT,0.01794,19404.0,0.01793,81386.0,0.01796,5253.0,0.01797,11944.0
1753531945452,12:12:25.452,BSW/USDT:USDT,0.01794,19151.0,0.01793,81386.0,0.01797,11944.0,0.01798,68183.0
1753531945573,12:12:25.573,BSW/USDT:USDT,0.01795,87.0,0.01794,18898.0,0.01797,12197.0,0.01798,68183.0
1753531945642,12:12:25.642,BSW/USDT:USDT,0.01795,13985.0,0.01794,18898.0,0.01797,12197.0,0.01798,68183.0
1753531945769,12:12:25.769,BSW/USDT:USDT,0.01795,13898.0,0.01794,18898.0,0.01797,7197.0,0.01798,63183.0
1753531945860,12:12:25.860,BSW/USDT:USDT,0.01795,79008.0,0.01794,45247.0,0.01797,253.0,0.01798,13776.0
1753531945956,12:12:25.956,BSW/USDT:USDT,0.01796,13898.0,0.01795,89984.0,0.01798,253.0,0.01799,13901.0
1753531945977,12:12:25.977,BSW/USDT:USDT,0.01796,13898.0,0.01795,89984.0,0.01798,253.0,0.01799,13901.0
1753531946172,12:12:26.172,BSW/USDT:USDT,0.01796,13898.0,0.01795,89984.0,0.01798,253.0,0.01799,13901.0
1753531946300,12:12:26.300,BSW/USDT:USDT,0.01796,13898.0,0.01795,89984.0,0.01798,253.0,0.01799,13901.0
1753531946816,12:12:26.816,BSW/USDT:USDT,0.01796,13898.0,0.01795,89984.0,0.01798,253.0,0.01799,13901.0
1753531946956,12:12:26.956,BSW/USDT:USDT,0.01796,13898.0,0.01795,89984.0,0.01798,506.0,0.01799,13901.0
1753531947120,12:12:27.120,BSW/USDT:USDT,0.01796,13898.0,0.01795,100064.0,0.01798,506.0,0.01799,30170.0
1753531947212,12:12:27.212,BSW/USDT:USDT,0.01796,13898.0,0.01795,100064.0,0.01798,253.0,0.01799,13901.0
1753531947548,12:12:27.548,BSW/USDT:USDT,0.01796,13898.0,0.01795,89984.0,0.01798,506.0,0.01799,13901.0
1753531947951,12:12:27.951,BSW/USDT:USDT,0.01795,89984.0,0.01794,30167.0,0.01798,14504.0,0.01799,13901.0
1753531947986,12:12:27.986,BSW/USDT:USDT,0.01796,87.0,0.01795,89984.0,0.01798,14504.0,0.01799,13901.0
1753531948258,12:12:28.258,BSW/USDT:USDT,0.01796,87.0,0.01795,89984.0,0.01798,14504.0,0.01799,13901.0
1753531948362,12:12:28.362,BSW/USDT:USDT,0.01796,87.0,0.01795,89984.0,0.01798,14504.0,0.01799,13901.0
1753531948786,12:12:28.786,BSW/USDT:USDT,0.01796,87.0,0.01795,89984.0,0.01798,14504.0,0.01799,18901.0
1753531951411,12:12:31.411,BSW/USDT:USDT,0.01796,87.0,0.01795,89984.0,0.01798,14504.0,0.01799,18901.0
1753531951593,12:12:31.593,BSW/USDT:USDT,0.01796,87.0,0.01795,89984.0,0.01798,14504.0,0.01799,18901.0
1753531951824,12:12:31.824,BSW/USDT:USDT,0.01796,87.0,0.01795,89984.0,0.01798,14504.0,0.01799,18901.0
1753531951904,12:12:31.904,BSW/USDT:USDT,0.01796,87.0,0.01795,89984.0,0.01798,14504.0,0.01799,18901.0
1753531952180,12:12:32.180,BSW/USDT:USDT,0.01796,87.0,0.01795,89984.0,0.01798,14504.0,0.01799,18901.0
1753531953055,12:12:33.055,BSW/USDT:USDT,0.01796,87.0,0.01795,89984.0,0.01798,14504.0,0.01799,18901.0
1753531953421,12:12:33.421,BSW/USDT:USDT,0.01796,14085.0,0.01795,89984.0,0.01798,14504.0,0.01799,18901.0
1753531953480,12:12:33.480,BSW/USDT:USDT,0.01796,13998.0,0.01795,89984.0,0.01798,14504.0,0.01799,18901.0
1753531955306,12:12:35.306,BSW/USDT:USDT,0.01796,13998.0,0.01795,89984.0,0.01798,14504.0,0.01799,18901.0
1753531955382,12:12:35.382,BSW/USDT:USDT,0.01796,40385.0,0.01795,89984.0,0.01798,14251.0,0.01799,18901.0
1753531955770,12:12:35.770,BSW/USDT:USDT,0.01796,61654.0,0.01795,89984.0,0.01799,18901.0,0.018,57027.0
1753531955857,12:12:35.857,BSW/USDT:USDT,0.01797,87.0,0.01796,61654.0,0.01799,19154.0,0.018,57027.0
1753531956052,12:12:36.052,BSW/USDT:USDT,0.01797,87.0,0.01796,61654.0,0.01799,19154.0,0.018,57027.0
1753531956077,12:12:36.077,BSW/USDT:USDT,0.01797,87.0,0.01796,61654.0,0.01799,19154.0,0.018,57027.0
1753531956697,12:12:36.697,BSW/USDT:USDT,0.01797,87.0,0.01796,61654.0,0.01799,19154.0,0.018,57027.0
1753531957296,12:12:37.296,BSW/USDT:USDT,0.01797,87.0,0.01796,61654.0,0.01799,19407.0,0.018,57027.0
1753531959059,12:12:39.059,BSW/USDT:USDT,0.01797,87.0,0.01796,61654.0,0.01799,19407.0,0.018,57027.0
1753531959078,12:12:39.078,BSW/USDT:USDT,0.01797,87.0,0.01796,61654.0,0.01799,19407.0,0.018,57027.0
1753531959205,12:12:39.205,BSW/USDT:USDT,0.01797,87.0,0.01796,61654.0,0.01799,19407.0,0.018,57027.0
1753531959547,12:12:39.547,BSW/USDT:USDT,0.01797,87.0,0.01796,61654.0,0.01799,19154.0,0.018,57027.0
1753531960367,12:12:40.367,BSW/USDT:USDT,0.01797,87.0,0.01796,61654.0,0.01799,19407.0,0.018,57027.0
1753531962070,12:12:42.070,BSW/USDT:USDT,0.01797,87.0,0.01796,61654.0,0.01799,19407.0,0.018,57027.0
1753531962642,12:12:42.642,BSW/USDT:USDT,0.01797,87.0,0.01796,61654.0,0.01799,19407.0,0.018,57027.0
1753531963855,12:12:43.855,BSW/USDT:USDT,0.01797,87.0,0.01796,61654.0,0.01799,19407.0,0.018,57027.0
1753531963999,12:12:43.999,BSW/USDT:USDT,0.01796,61622.0,0.01795,89984.0,0.01799,19407.0,0.018,57027.0
1753531964082,12:12:44.082,BSW/USDT:USDT,0.01797,11.0,0.01796,61622.0,0.01798,81.0,0.01799,19407.0
1753531964187,12:12:44.187,BSW/USDT:USDT,0.01797,11.0,0.01796,61622.0,0.01798,81.0,0.01799,19407.0
1753531964352,12:12:44.352,BSW/USDT:USDT,0.01797,11.0,0.01796,61622.0,0.01798,81.0,0.01799,19407.0
1753531964480,12:12:44.480,BSW/USDT:USDT,0.01797,11.0,0.01796,61622.0,0.01798,81.0,0.01799,19407.0
1753531967262,12:12:47.262,BSW/USDT:USDT,0.01797,11.0,0.01796,61622.0,0.01798,81.0,0.01799,19154.0
1753531967300,12:12:47.300,BSW/USDT:USDT,0.01797,11.0,0.01796,61622.0,0.01798,81.0,0.01799,19154.0
1753531968655,12:12:48.655,BSW/USDT:USDT,0.01797,11.0,0.01796,61622.0,0.01798,81.0,0.01799,19154.0
1753531972568,12:12:52.568,BSW/USDT:USDT,0.01797,11.0,0.01796,61622.0,0.01798,81.0,0.01799,19154.0
1753531972941,12:12:52.941,BSW/USDT:USDT,0.01797,11.0,0.01796,61622.0,0.01798,81.0,0.01799,19154.0
1753531973457,12:12:53.457,BSW/USDT:USDT,0.01797,11.0,0.01796,61622.0,0.01798,81.0,0.01799,19154.0
1753531973477,12:12:53.477,BSW/USDT:USDT,0.01797,11.0,0.01796,61622.0,0.01798,81.0,0.01799,19154.0
1753531978255,12:12:58.255,BSW/USDT:USDT,0.01797,11.0,0.01796,61622.0,0.01798,81.0,0.01799,19154.0
1753531981566,12:13:01.566,BSW/USDT:USDT,0.01797,59941.0,0.01796,35235.0,0.01798,81.0,0.01799,5280.0
1753531981784,12:13:01.784,BSW/USDT:USDT,0.01797,59941.0,0.01796,35235.0,0.01798,81.0,0.01799,5280.0
1753531982407,12:13:02.407,BSW/USDT:USDT,0.01797,59941.0,0.01796,35235.0,0.01798,81.0,0.01799,5280.0
1753531983055,12:13:03.055,BSW/USDT:USDT,0.01797,59941.0,0.01796,35235.0,0.01798,81.0,0.01799,5280.0
1753531983134,12:13:03.134,BSW/USDT:USDT,0.01797,60194.0,0.01796,35235.0,0.01798,81.0,0.01799,5280.0
1753531983178,12:13:03.178,BSW/USDT:USDT,0.01797,60447.0,0.01796,35235.0,0.01798,81.0,0.01799,5280.0
1753531984244,12:13:04.244,BSW/USDT:USDT,0.01797,59941.0,0.01796,35235.0,0.01799,5280.0,0.018,46098.0
1753531984315,12:13:04.315,BSW/USDT:USDT,0.01797,59930.0,0.01796,35235.0,0.01799,5280.0,0.018,46098.0
1753531985536,12:13:05.536,BSW/USDT:USDT,0.01798,36078.0,0.01797,59930.0,0.018,64.0,0.01801,13725.0
1753531985640,12:13:05.640,BSW/USDT:USDT,0.01799,60163.0,0.01798,30572.0,0.018,64.0,0.01801,13725.0
1753531985750,12:13:05.750,BSW/USDT:USDT,0.01799,59910.0,0.01798,30572.0,0.018,67.0,0.01801,13725.0
1753531985855,12:13:05.855,BSW/USDT:USDT,0.01799,59910.0,0.01798,30572.0,0.018,64.0,0.01801,13725.0
1753531985948,12:13:05.948,BSW/USDT:USDT,0.01799,59910.0,0.01798,30572.0,0.018,64.0,0.01801,13725.0
1753531986362,12:13:06.362,BSW/USDT:USDT,0.01799,59910.0,0.01798,30572.0,0.018,64.0,0.01801,13725.0
1753531987141,12:13:07.141,BSW/USDT:USDT,0.01798,30572.0,0.01797,5000.0,0.018,317.0,0.01801,13725.0
1753531987237,12:13:07.237,BSW/USDT:USDT,0.01798,90472.0,0.01797,5000.0,0.018,323.0,0.01801,13725.0
1753531987328,12:13:07.328,BSW/USDT:USDT,0.01798,90978.0,0.01797,5000.0,0.018,70.0,0.01801,13725.0
1753531987380,12:13:07.380,BSW/USDT:USDT,0.01798,90978.0,0.01797,5000.0,0.018,70.0,0.01801,13725.0
1753531987564,12:13:07.564,BSW/USDT:USDT,0.01798,90472.0,0.01797,5000.0,0.018,323.0,0.01801,13725.0
1753531987585,12:13:07.585,BSW/USDT:USDT,0.01798,90472.0,0.01797,5000.0,0.018,323.0,0.01802,14151.0
1753531987692,12:13:07.692,BSW/USDT:USDT,0.01798,90725.0,0.01797,5000.0,0.018,64.0,0.01801,6.0
1753531988068,12:13:08.068,BSW/USDT:USDT,0.01798,90725.0,0.01797,5000.0,0.018,64.0,0.01801,6.0
1753531988074,12:13:08.074,BSW/USDT:USDT,0.01798,90978.0,0.01797,5000.0,0.018,64.0,0.01801,6.0
1753531988176,12:13:08.176,BSW/USDT:USDT,0.01798,90978.0,0.01797,5000.0,0.018,64.0,0.01801,6.0
1753531988316,12:13:08.316,BSW/USDT:USDT,0.01798,90978.0,0.01797,5000.0,0.018,64.0,0.01801,6.0
1753531988609,12:13:08.609,BSW/USDT:USDT,0.01798,90472.0,0.01797,5000.0,0.018,317.0,0.01801,6.0
1753531988689,12:13:08.689,BSW/USDT:USDT,0.01798,90472.0,0.01797,5000.0,0.018,317.0,0.01801,6.0
1753531988869,12:13:08.869,BSW/USDT:USDT,0.01798,90472.0,0.01797,5000.0,0.018,317.0,0.01801,6.0
1753531988934,12:13:08.934,BSW/USDT:USDT,0.01798,76169.0,0.01797,19310.0,0.018,317.0,0.01801,6.0
1753531989055,12:13:09.055,BSW/USDT:USDT,0.01798,59900.0,0.01797,19310.0,0.018,317.0,0.01801,6.0
1753531989337,12:13:09.337,BSW/USDT:USDT,0.01798,59900.0,0.01797,19310.0,0.018,317.0,0.01801,19316.0
1753531989532,12:13:09.532,BSW/USDT:USDT,0.01798,59900.0,0.01797,19310.0,0.018,317.0,0.01801,19316.0
1753531990332,12:13:10.332,BSW/USDT:USDT,0.01798,59900.0,0.01797,19310.0,0.018,317.0,0.01801,19316.0
1753531991353,12:13:11.353,BSW/USDT:USDT,0.01798,59900.0,0.01797,19310.0,0.018,570.0,0.01801,35585.0
1753531991550,12:13:11.550,BSW/USDT:USDT,0.01798,59900.0,0.01797,19310.0,0.018,570.0,0.01801,35585.0
1753531993872,12:13:13.872,BSW/USDT:USDT,0.01798,59900.0,0.01797,19310.0,0.018,317.0,0.01801,35585.0
1753531996795,12:13:16.795,BSW/USDT:USDT,0.01798,59900.0,0.01797,19310.0,0.018,14863.0,0.01801,35585.0
1753531996880,12:13:16.880,BSW/USDT:USDT,0.01798,59900.0,0.01797,19310.0,0.018,14863.0,0.01801,35579.0
1753531997004,12:13:17.004,BSW/USDT:USDT,0.01798,59900.0,0.01797,19310.0,0.018,14863.0,0.01801,35579.0
1753531998502,12:13:18.502,BSW/USDT:USDT,0.01797,79180.0,0.01796,35235.0,0.018,14863.0,0.01801,35579.0
1753531998656,12:13:18.656,BSW/USDT:USDT,0.01797,79180.0,0.01796,35235.0,0.018,14863.0,0.01801,35579.0
1753531998676,12:13:18.676,BSW/USDT:USDT,0.01797,79180.0,0.01796,35235.0,0.018,14863.0,0.01801,35579.0
1753532003456,12:13:23.456,BSW/USDT:USDT,0.01797,79180.0,0.01796,35235.0,0.018,14863.0,0.01801,35579.0
1753532004255,12:13:24.255,BSW/USDT:USDT,0.01797,79180.0,0.01796,35235.0,0.018,14863.0,0.01801,35579.0
1753532008256,12:13:28.256,BSW/USDT:USDT,0.01797,79180.0,0.01796,35235.0,0.018,14863.0,0.01801,35579.0
1753532008326,12:13:28.326,BSW/USDT:USDT,0.01798,23754.0,0.01797,79180.0,0.018,14610.0,0.01801,35579.0
1753532008532,12:13:28.532,BSW/USDT:USDT,0.01798,23754.0,0.01797,79180.0,0.018,14863.0,0.01801,35579.0
1753532011570,12:13:31.570,BSW/USDT:USDT,0.01797,64870.0,0.01796,35235.0,0.018,14863.0,0.01801,35579.0
1753532013062,12:13:33.062,BSW/USDT:USDT,0.01797,64870.0,0.01796,35235.0,0.018,19863.0,0.01801,35579.0
1753532017860,12:13:37.860,BSW/USDT:USDT,0.01797,64870.0,0.01796,35235.0,0.018,19863.0,0.01801,35579.0
1753532022656,12:13:42.656,BSW/USDT:USDT,0.01797,64870.0,0.01796,35235.0,0.018,19863.0,0.01801,35579.0
1753532022696,12:13:42.696,BSW/USDT:USDT,0.01797,80321.0,0.01796,51504.0,0.018,19863.0,0.01801,35579.0
1753532026266,12:13:46.266,BSW/USDT:USDT,0.01797,91297.0,0.01796,51504.0,0.018,19863.0,0.01801,35579.0
1753532027456,12:13:47.456,BSW/USDT:USDT,0.01797,91297.0,0.01796,51504.0,0.018,19863.0,0.01801,35579.0
1753532031145,12:13:51.145,BSW/USDT:USDT,0.01797,91297.0,0.01796,51504.0,0.018,19863.0,0.01801,35579.0
1753532031185,12:13:51.185,BSW/USDT:USDT,0.01797,91297.0,0.01796,51504.0,0.018,19863.0,0.01801,35579.0
1753532031550,12:13:51.550,BSW/USDT:USDT,0.01797,91297.0,0.01796,51504.0,0.018,19863.0,0.01801,35579.0
1753532031750,12:13:51.750,BSW/USDT:USDT,0.01797,91297.0,0.01796,51504.0,0.018,19863.0,0.01801,35579.0
1753532032256,12:13:52.256,BSW/USDT:USDT,0.01797,91297.0,0.01796,51504.0,0.018,19863.0,0.01801,35579.0
1753532037057,12:13:57.057,BSW/USDT:USDT,0.01798,22754.0,0.01797,91297.0,0.018,5317.0,0.01801,35579.0
1753532037208,12:13:57.208,BSW/USDT:USDT,0.01798,22754.0,0.01797,91297.0,0.018,5317.0,0.01801,35579.0
1753532039044,12:13:59.044,BSW/USDT:USDT,0.01798,22754.0,0.01797,91297.0,0.018,5570.0,0.01801,35579.0
1753532039533,12:13:59.533,BSW/USDT:USDT,0.01797,80321.0,0.01796,51504.0,0.018,5570.0,0.01801,35579.0
1753532039628,12:13:59.628,BSW/USDT:USDT,0.01797,80321.0,0.01796,51504.0,0.018,5570.0,0.01801,35579.0
1753532041026,12:14:01.026,BSW/USDT:USDT,0.01797,80321.0,0.01796,51504.0,0.018,5570.0,0.01801,35579.0
1753532041250,12:14:01.250,BSW/USDT:USDT,0.01797,80321.0,0.01796,51504.0,0.018,5570.0,0.01801,35579.0
1753532041372,12:14:01.372,BSW/USDT:USDT,0.01798,19967.0,0.01797,80321.0,0.018,317.0,0.01801,19310.0
1753532041384,12:14:01.384,BSW/USDT:USDT,0.01798,19967.0,0.01797,80321.0,0.018,323.0,0.01801,19310.0
1753532041480,12:14:01.480,BSW/USDT:USDT,0.01798,19967.0,0.01797,80321.0,0.018,323.0,0.01801,19310.0
1753532041664,12:14:01.664,BSW/USDT:USDT,0.01798,19967.0,0.01797,80321.0,0.018,323.0,0.01801,19310.0
1753532041741,12:14:01.741,BSW/USDT:USDT,0.01798,24967.0,0.01797,80321.0,0.018,323.0,0.01801,19310.0
1753532041857,12:14:01.857,BSW/USDT:USDT,0.01798,24967.0,0.01797,80321.0,0.018,323.0,0.01801,19310.0
1753532041880,12:14:01.880,BSW/USDT:USDT,0.01798,24967.0,0.01797,80321.0,0.018,323.0,0.01801,19310.0
1753532041980,12:14:01.980,BSW/USDT:USDT,0.01798,24967.0,0.01797,80321.0,0.018,323.0,0.01801,19310.0
1753532042084,12:14:02.084,BSW/USDT:USDT,0.01798,24967.0,0.01797,80321.0,0.018,323.0,0.01801,19310.0
1753532042180,12:14:02.180,BSW/USDT:USDT,0.01798,24967.0,0.01797,80321.0,0.018,323.0,0.01801,19310.0
1753532042280,12:14:02.280,BSW/USDT:USDT,0.01798,24967.0,0.01797,80321.0,0.018,323.0,0.01801,19310.0
1753532042380,12:14:02.380,BSW/USDT:USDT,0.01798,24967.0,0.01797,80321.0,0.018,323.0,0.01801,19310.0
1753532042490,12:14:02.490,BSW/USDT:USDT,0.01798,24967.0,0.01797,80321.0,0.018,323.0,0.01801,19310.0
1753532042581,12:14:02.581,BSW/USDT:USDT,0.01798,24967.0,0.01797,80321.0,0.018,323.0,0.01801,19310.0
1753532042680,12:14:02.680,BSW/USDT:USDT,0.01798,24967.0,0.01797,80321.0,0.018,323.0,0.01801,19310.0
1753532042780,12:14:02.780,BSW/USDT:USDT,0.01798,24967.0,0.01797,80321.0,0.018,323.0,0.01801,19310.0
1753532042883,12:14:02.883,BSW/USDT:USDT,0.01798,24967.0,0.01797,80321.0,0.018,323.0,0.01801,19310.0
1753532042982,12:14:02.982,BSW/USDT:USDT,0.01798,24967.0,0.01797,80321.0,0.018,323.0,0.01801,19310.0
1753532043080,12:14:03.080,BSW/USDT:USDT,0.01798,24967.0,0.01797,80321.0,0.018,323.0,0.01801,19310.0
1753532043181,12:14:03.181,BSW/USDT:USDT,0.01798,24967.0,0.01797,80321.0,0.018,323.0,0.01801,19310.0
1753532043280,12:14:03.280,BSW/USDT:USDT,0.01798,24967.0,0.01797,80321.0,0.018,323.0,0.01801,19310.0
1753532043383,12:14:03.383,BSW/USDT:USDT,0.01798,24967.0,0.01797,80321.0,0.018,323.0,0.01801,19310.0
1753532043482,12:14:03.482,BSW/USDT:USDT,0.01798,24967.0,0.01797,80321.0,0.018,323.0,0.01801,19310.0
1753532043582,12:14:03.582,BSW/USDT:USDT,0.01798,24967.0,0.01797,80321.0,0.018,323.0,0.01801,19310.0
1753532043680,12:14:03.680,BSW/USDT:USDT,0.01798,24967.0,0.01797,80321.0,0.018,323.0,0.01801,19310.0
1753532043782,12:14:03.782,BSW/USDT:USDT,0.01798,24967.0,0.01797,80321.0,0.018,323.0,0.01801,19310.0
1753532043880,12:14:03.880,BSW/USDT:USDT,0.01798,24967.0,0.01797,80321.0,0.018,323.0,0.01801,19310.0
1753532043980,12:14:03.980,BSW/USDT:USDT,0.01798,24967.0,0.01797,80321.0,0.018,323.0,0.01801,19310.0
1753532044080,12:14:04.080,BSW/USDT:USDT,0.01798,24967.0,0.01797,80321.0,0.018,323.0,0.01801,19310.0
1753532044181,12:14:04.181,BSW/USDT:USDT,0.01798,24967.0,0.01797,80321.0,0.018,323.0,0.01801,19310.0
1753532044294,12:14:04.294,BSW/USDT:USDT,0.01798,24967.0,0.01797,80321.0,0.018,576.0,0.01801,19310.0
1753532044450,12:14:04.450,BSW/USDT:USDT,0.01798,24967.0,0.01797,80321.0,0.018,70.0,0.01801,19310.0
1753532044553,12:14:04.553,BSW/USDT:USDT,0.01798,24967.0,0.01797,80321.0,0.018,70.0,0.01801,5000.0
1753532044580,12:14:04.580,BSW/USDT:USDT,0.01798,24967.0,0.01797,80321.0,0.018,70.0,0.01801,5000.0
1753532044681,12:14:04.681,BSW/USDT:USDT,0.01798,24967.0,0.01797,80321.0,0.018,70.0,0.01801,5000.0
1753532044782,12:14:04.782,BSW/USDT:USDT,0.01798,24967.0,0.01797,80321.0,0.018,70.0,0.01801,5000.0
1753532044883,12:14:04.883,BSW/USDT:USDT,0.01798,24967.0,0.01797,80321.0,0.018,70.0,0.01801,5000.0
1753532044985,12:14:04.985,BSW/USDT:USDT,0.01798,24967.0,0.01797,80321.0,0.018,70.0,0.01801,5000.0
1753532045081,12:14:05.081,BSW/USDT:USDT,0.01798,24967.0,0.01797,80321.0,0.018,70.0,0.01801,5000.0
1753532045180,12:14:05.180,BSW/USDT:USDT,0.01798,24967.0,0.01797,80321.0,0.018,70.0,0.01801,5000.0
1753532045280,12:14:05.280,BSW/USDT:USDT,0.01798,24967.0,0.01797,80321.0,0.018,70.0,0.01801,5000.0
1753532045383,12:14:05.383,BSW/USDT:USDT,0.01798,24967.0,0.01797,80321.0,0.018,70.0,0.01801,5000.0
1753532045481,12:14:05.481,BSW/USDT:USDT,0.01798,24967.0,0.01797,80321.0,0.018,70.0,0.01801,5000.0
1753532045580,12:14:05.580,BSW/USDT:USDT,0.01798,24967.0,0.01797,80321.0,0.018,70.0,0.01801,5000.0
1753532045715,12:14:05.715,BSW/USDT:USDT,0.01798,24967.0,0.01797,80321.0,0.018,70.0,0.01801,5000.0
1753532045780,12:14:05.780,BSW/USDT:USDT,0.01798,24967.0,0.01797,80321.0,0.018,70.0,0.01801,5000.0
1753532045880,12:14:05.880,BSW/USDT:USDT,0.01798,24967.0,0.01797,80321.0,0.018,70.0,0.01801,5000.0
1753532045982,12:14:05.982,BSW/USDT:USDT,0.01798,24967.0,0.01797,80321.0,0.018,70.0,0.01801,5000.0
1753532046140,12:14:06.140,BSW/USDT:USDT,0.01799,59850.0,0.01798,5506.0,0.018,70.0,0.01801,5000.0
1753532046179,12:14:06.179,BSW/USDT:USDT,0.01799,59850.0,0.01798,5506.0,0.018,64.0,0.01801,5000.0
1753532046657,12:14:06.657,BSW/USDT:USDT,0.01799,59850.0,0.01798,5506.0,0.018,64.0,0.01801,5000.0
1753532046869,12:14:06.869,BSW/USDT:USDT,0.01798,65346.0,0.01797,20451.0,0.018,64.0,0.01801,5000.0
1753532046881,12:14:06.881,BSW/USDT:USDT,0.01798,65346.0,0.01797,20451.0,0.018,70.0,0.01801,5000.0
1753532046997,12:14:06.997,BSW/USDT:USDT,0.01798,65346.0,0.01797,20451.0,0.018,70.0,0.01801,5000.0
1753532047081,12:14:07.081,BSW/USDT:USDT,0.01798,65346.0,0.01797,20451.0,0.018,70.0,0.01801,5000.0
1753532047182,12:14:07.182,BSW/USDT:USDT,0.01798,65346.0,0.01797,20451.0,0.018,70.0,0.01801,5000.0
1753532047280,12:14:07.280,BSW/USDT:USDT,0.01798,65346.0,0.01797,20451.0,0.018,70.0,0.01801,5000.0
1753532047385,12:14:07.385,BSW/USDT:USDT,0.01798,65346.0,0.01797,20451.0,0.018,70.0,0.01801,5000.0
1753532047481,12:14:07.481,BSW/USDT:USDT,0.01798,65346.0,0.01797,20451.0,0.018,70.0,0.01801,5000.0
1753532047580,12:14:07.580,BSW/USDT:USDT,0.01798,65346.0,0.01797,20451.0,0.018,70.0,0.01801,5000.0
1753532047680,12:14:07.680,BSW/USDT:USDT,0.01798,65346.0,0.01797,20451.0,0.018,70.0,0.01801,5000.0
1753532047781,12:14:07.781,BSW/USDT:USDT,0.01798,65346.0,0.01797,20451.0,0.018,70.0,0.01801,5000.0
1753532047880,12:14:07.880,BSW/USDT:USDT,0.01798,65346.0,0.01797,20451.0,0.018,70.0,0.01801,5000.0
1753532047980,12:14:07.980,BSW/USDT:USDT,0.01798,65346.0,0.01797,20451.0,0.018,70.0,0.01801,5000.0
1753532048082,12:14:08.082,BSW/USDT:USDT,0.01798,65346.0,0.01797,20451.0,0.018,70.0,0.01801,5000.0
1753532048180,12:14:08.180,BSW/USDT:USDT,0.01798,65346.0,0.01797,20451.0,0.018,70.0,0.01801,5000.0
1753532048280,12:14:08.280,BSW/USDT:USDT,0.01798,65346.0,0.01797,20451.0,0.018,70.0,0.01801,5000.0
1753532048381,12:14:08.381,BSW/USDT:USDT,0.01798,65346.0,0.01797,20451.0,0.018,70.0,0.01801,5000.0
1753532048480,12:14:08.480,BSW/USDT:USDT,0.01798,65346.0,0.01797,20451.0,0.018,70.0,0.01801,5000.0
1753532048581,12:14:08.581,BSW/USDT:USDT,0.01798,65346.0,0.01797,20451.0,0.018,70.0,0.01801,5000.0
1753532048680,12:14:08.680,BSW/USDT:USDT,0.01798,65346.0,0.01797,20451.0,0.018,70.0,0.01801,5000.0
1753532048781,12:14:08.781,BSW/USDT:USDT,0.01798,65346.0,0.01797,20451.0,0.018,70.0,0.01801,5000.0
1753532048880,12:14:08.880,BSW/USDT:USDT,0.01798,65346.0,0.01797,20451.0,0.018,70.0,0.01801,5000.0
1753532048982,12:14:08.982,BSW/USDT:USDT,0.01798,65346.0,0.01797,20451.0,0.018,70.0,0.01801,5000.0
1753532049081,12:14:09.081,BSW/USDT:USDT,0.01798,65346.0,0.01797,20451.0,0.018,70.0,0.01801,5000.0
1753532049180,12:14:09.180,BSW/USDT:USDT,0.01798,65346.0,0.01797,20451.0,0.018,70.0,0.01801,5000.0
1753532049280,12:14:09.280,BSW/USDT:USDT,0.01798,65346.0,0.01797,20451.0,0.018,70.0,0.01801,5000.0
1753532049380,12:14:09.380,BSW/USDT:USDT,0.01798,65346.0,0.01797,20451.0,0.018,70.0,0.01801,5000.0
1753532049480,12:14:09.480,BSW/USDT:USDT,0.01798,65346.0,0.01797,20451.0,0.018,70.0,0.01801,5000.0
1753532049580,12:14:09.580,BSW/USDT:USDT,0.01798,65346.0,0.01797,20451.0,0.018,70.0,0.01801,5000.0
1753532049681,12:14:09.681,BSW/USDT:USDT,0.01798,65346.0,0.01797,20451.0,0.018,70.0,0.01801,5000.0
1753532049780,12:14:09.780,BSW/USDT:USDT,0.01798,65346.0,0.01797,20451.0,0.018,70.0,0.01801,5000.0
1753532049891,12:14:09.891,BSW/USDT:USDT,0.01798,65346.0,0.01797,20451.0,0.018,70.0,0.01801,5000.0
1753532049982,12:14:09.982,BSW/USDT:USDT,0.01798,65346.0,0.01797,20451.0,0.018,70.0,0.01801,5000.0
1753532050082,12:14:10.082,BSW/USDT:USDT,0.01798,65346.0,0.01797,20451.0,0.018,70.0,0.01801,5000.0
1753532050180,12:14:10.180,BSW/USDT:USDT,0.01798,65346.0,0.01797,20451.0,0.018,70.0,0.01801,5000.0
1753532050280,12:14:10.280,BSW/USDT:USDT,0.01798,65346.0,0.01797,20451.0,0.018,70.0,0.01801,5000.0
1753532050380,12:14:10.380,BSW/USDT:USDT,0.01798,65346.0,0.01797,20451.0,0.018,70.0,0.01801,5000.0
1753532050481,12:14:10.481,BSW/USDT:USDT,0.01798,65346.0,0.01797,20451.0,0.018,70.0,0.01801,5000.0
1753532050580,12:14:10.580,BSW/USDT:USDT,0.01798,65346.0,0.01797,20451.0,0.018,70.0,0.01801,5000.0
1753532050680,12:14:10.680,BSW/USDT:USDT,0.01798,65346.0,0.01797,20451.0,0.018,70.0,0.01801,5000.0
1753532050782,12:14:10.782,BSW/USDT:USDT,0.01798,65346.0,0.01797,20451.0,0.018,70.0,0.01801,5000.0
1753532050882,12:14:10.882,BSW/USDT:USDT,0.01798,65346.0,0.01797,20451.0,0.018,70.0,0.01801,5000.0
1753532050981,12:14:10.981,BSW/USDT:USDT,0.01798,65346.0,0.01797,20451.0,0.018,70.0,0.01801,5000.0
1753532051081,12:14:11.081,BSW/USDT:USDT,0.01798,65346.0,0.01797,20451.0,0.018,70.0,0.01801,5000.0
1753532051182,12:14:11.182,BSW/USDT:USDT,0.01798,65346.0,0.01797,20451.0,0.018,70.0,0.01801,5000.0
1753532051282,12:14:11.282,BSW/USDT:USDT,0.01798,65346.0,0.01797,20451.0,0.018,70.0,0.01801,5000.0
1753532051459,12:14:11.459,BSW/USDT:USDT,0.01798,65346.0,0.01797,20451.0,0.018,70.0,0.01801,5000.0
1753532051891,12:14:11.891,BSW/USDT:USDT,0.01798,65346.0,0.01797,20451.0,0.018,70.0,0.01801,5000.0
1753532051981,12:14:11.981,BSW/USDT:USDT,0.01798,65346.0,0.01797,20451.0,0.018,70.0,0.01801,5000.0
1753532052082,12:14:12.082,BSW/USDT:USDT,0.01798,65346.0,0.01797,20451.0,0.018,70.0,0.01801,5000.0
1753532052181,12:14:12.181,BSW/USDT:USDT,0.01798,65346.0,0.01797,20451.0,0.018,70.0,0.01801,5000.0
1753532052280,12:14:12.280,BSW/USDT:USDT,0.01798,65346.0,0.01797,20451.0,0.018,70.0,0.01801,5000.0
1753532052380,12:14:12.380,BSW/USDT:USDT,0.01798,65346.0,0.01797,20451.0,0.018,70.0,0.01801,5000.0
1753532052480,12:14:12.480,BSW/USDT:USDT,0.01798,65346.0,0.01797,20451.0,0.018,70.0,0.01801,5000.0
1753532052580,12:14:12.580,BSW/USDT:USDT,0.01798,65346.0,0.01797,20451.0,0.018,70.0,0.01801,5000.0
1753532052681,12:14:12.681,BSW/USDT:USDT,0.01798,65346.0,0.01797,20451.0,0.018,70.0,0.01801,5000.0
1753532052780,12:14:12.780,BSW/USDT:USDT,0.01798,65346.0,0.01797,20451.0,0.018,70.0,0.01801,5000.0
1753532052880,12:14:12.880,BSW/USDT:USDT,0.01798,65346.0,0.01797,20451.0,0.018,70.0,0.01801,5000.0
1753532052980,12:14:12.980,BSW/USDT:USDT,0.01798,65346.0,0.01797,20451.0,0.018,70.0,0.01801,5000.0
1753532053080,12:14:13.080,BSW/USDT:USDT,0.01798,65346.0,0.01797,20451.0,0.018,70.0,0.01801,5000.0
1753532053180,12:14:13.180,BSW/USDT:USDT,0.01798,65346.0,0.01797,20451.0,0.018,70.0,0.01801,5000.0
1753532053285,12:14:13.285,BSW/USDT:USDT,0.01798,65346.0,0.01797,20451.0,0.018,70.0,0.01801,5000.0
1753532053384,12:14:13.384,BSW/USDT:USDT,0.01798,65346.0,0.01797,20451.0,0.018,70.0,0.01801,5000.0
1753532053480,12:14:13.480,BSW/USDT:USDT,0.01798,65346.0,0.01797,20451.0,0.018,70.0,0.01801,5000.0
1753532053585,12:14:13.585,BSW/USDT:USDT,0.01798,65346.0,0.01797,20451.0,0.018,70.0,0.01801,5000.0
1753532053683,12:14:13.683,BSW/USDT:USDT,0.01798,65346.0,0.01797,20451.0,0.018,70.0,0.01801,5000.0
1753532053783,12:14:13.783,BSW/USDT:USDT,0.01798,65346.0,0.01797,20451.0,0.018,70.0,0.01801,5000.0
1753532053880,12:14:13.880,BSW/USDT:USDT,0.01798,65346.0,0.01797,20451.0,0.018,70.0,0.01801,5000.0
1753532053981,12:14:13.981,BSW/USDT:USDT,0.01798,65346.0,0.01797,20451.0,0.018,70.0,0.01801,5000.0
1753532054081,12:14:14.081,BSW/USDT:USDT,0.01798,65346.0,0.01797,20451.0,0.018,70.0,0.01801,5000.0
1753532054180,12:14:14.180,BSW/USDT:USDT,0.01798,65346.0,0.01797,20451.0,0.018,70.0,0.01801,5000.0
1753532054282,12:14:14.282,BSW/USDT:USDT,0.01798,65346.0,0.01797,20451.0,0.018,70.0,0.01801,5000.0
1753532054382,12:14:14.382,BSW/USDT:USDT,0.01798,65346.0,0.01797,20451.0,0.018,70.0,0.01801,5000.0
1753532054481,12:14:14.481,BSW/USDT:USDT,0.01798,65346.0,0.01797,20451.0,0.018,70.0,0.01801,5000.0
1753532054669,12:14:14.669,BSW/USDT:USDT,0.01796,35235.0,0.01795,51980.0,0.018,576.0,0.01801,37538.0
1753532054761,12:14:14.761,BSW/USDT:USDT,0.01797,20535.0,0.01796,35235.0,0.018,576.0,0.01801,37538.0
1753532054861,12:14:14.861,BSW/USDT:USDT,0.01797,64840.0,0.01796,51504.0,0.018,576.0,0.01801,37538.0
1753532054880,12:14:14.880,BSW/USDT:USDT,0.01797,80291.0,0.01796,51504.0,0.018,576.0,0.01801,37538.0
1753532055037,12:14:15.037,BSW/USDT:USDT,0.01798,19452.0,0.01797,80291.0,0.018,576.0,0.01801,21269.0
1753532055082,12:14:15.082,BSW/USDT:USDT,0.01798,19452.0,0.01797,80291.0,0.018,576.0,0.01801,21269.0
1753532055182,12:14:15.182,BSW/USDT:USDT,0.01798,19452.0,0.01797,80291.0,0.018,576.0,0.01801,21269.0
1753532055281,12:14:15.281,BSW/USDT:USDT,0.01798,19452.0,0.01797,80291.0,0.018,576.0,0.01801,21269.0
1753532055381,12:14:15.381,BSW/USDT:USDT,0.01798,19452.0,0.01797,80291.0,0.018,576.0,0.01801,21269.0
1753532055481,12:14:15.481,BSW/USDT:USDT,0.01798,19452.0,0.01797,80291.0,0.018,576.0,0.01801,21269.0
1753532055582,12:14:15.582,BSW/USDT:USDT,0.01798,19452.0,0.01797,80291.0,0.018,576.0,0.01801,21269.0
1753532055680,12:14:15.680,BSW/USDT:USDT,0.01798,19452.0,0.01797,80291.0,0.018,576.0,0.01801,21269.0
1753532055854,12:14:15.854,BSW/USDT:USDT,0.01798,19452.0,0.01797,80291.0,0.018,576.0,0.01801,21269.0
1753532055880,12:14:15.880,BSW/USDT:USDT,0.01798,19452.0,0.01797,80291.0,0.018,576.0,0.01801,21269.0
1753532055980,12:14:15.980,BSW/USDT:USDT,0.01798,19452.0,0.01797,80291.0,0.018,576.0,0.01801,21269.0
1753532056080,12:14:16.080,BSW/USDT:USDT,0.01798,19452.0,0.01797,80291.0,0.018,576.0,0.01801,21269.0
1753532056257,12:14:16.257,BSW/USDT:USDT,0.01798,19452.0,0.01797,80291.0,0.018,576.0,0.01801,21269.0
1753532056280,12:14:16.280,BSW/USDT:USDT,0.01798,19452.0,0.01797,80291.0,0.018,576.0,0.01801,21269.0
1753532056381,12:14:16.381,BSW/USDT:USDT,0.01798,19452.0,0.01797,80291.0,0.018,576.0,0.01801,21269.0
1753532056480,12:14:16.480,BSW/USDT:USDT,0.01798,19452.0,0.01797,80291.0,0.018,576.0,0.01801,21269.0
1753532056580,12:14:16.580,BSW/USDT:USDT,0.01798,19452.0,0.01797,80291.0,0.018,576.0,0.01801,21269.0
1753532056680,12:14:16.680,BSW/USDT:USDT,0.01798,19452.0,0.01797,80291.0,0.018,576.0,0.01801,21269.0
1753532056781,12:14:16.781,BSW/USDT:USDT,0.01798,19452.0,0.01797,80291.0,0.018,576.0,0.01801,21269.0
1753532056881,12:14:16.881,BSW/USDT:USDT,0.01798,19452.0,0.01797,80291.0,0.018,576.0,0.01801,21269.0
1753532056981,12:14:16.981,BSW/USDT:USDT,0.01798,19452.0,0.01797,80291.0,0.018,576.0,0.01801,21269.0
1753532057081,12:14:17.081,BSW/USDT:USDT,0.01798,19452.0,0.01797,80291.0,0.018,576.0,0.01801,21269.0
1753532057181,12:14:17.181,BSW/USDT:USDT,0.01798,19452.0,0.01797,80291.0,0.018,576.0,0.01801,21269.0
1753532057281,12:14:17.281,BSW/USDT:USDT,0.01798,19452.0,0.01797,80291.0,0.018,576.0,0.01801,21269.0
1753532057397,12:14:17.397,BSW/USDT:USDT,0.01798,19452.0,0.01797,80291.0,0.018,576.0,0.01801,21269.0
1753532057481,12:14:17.481,BSW/USDT:USDT,0.01798,19452.0,0.01797,80291.0,0.018,576.0,0.01801,21269.0
1753532057580,12:14:17.580,BSW/USDT:USDT,0.01798,19452.0,0.01797,80291.0,0.018,576.0,0.01801,21269.0
1753532057681,12:14:17.681,BSW/USDT:USDT,0.01798,19452.0,0.01797,80291.0,0.018,576.0,0.01801,21269.0
1753532057780,12:14:17.780,BSW/USDT:USDT,0.01798,19452.0,0.01797,80291.0,0.018,576.0,0.01801,21269.0
1753532057881,12:14:17.881,BSW/USDT:USDT,0.01798,19452.0,0.01797,80291.0,0.018,576.0,0.01801,21269.0
1753532057982,12:14:17.982,BSW/USDT:USDT,0.01798,19452.0,0.01797,80291.0,0.018,576.0,0.01801,21269.0
1753532058081,12:14:18.081,BSW/USDT:USDT,0.01798,19452.0,0.01797,80291.0,0.018,576.0,0.01801,21269.0
1753532058180,12:14:18.180,BSW/USDT:USDT,0.01798,19452.0,0.01797,80291.0,0.018,576.0,0.01801,21269.0
1753532058281,12:14:18.281,BSW/USDT:USDT,0.01798,19452.0,0.01797,80291.0,0.018,576.0,0.01801,21269.0
1753532058381,12:14:18.381,BSW/USDT:USDT,0.01798,19452.0,0.01797,80291.0,0.018,576.0,0.01801,21269.0
1753532058483,12:14:18.483,BSW/USDT:USDT,0.01798,19452.0,0.01797,80291.0,0.018,576.0,0.01801,21269.0
1753532058582,12:14:18.582,BSW/USDT:USDT,0.01798,19452.0,0.01797,80291.0,0.018,576.0,0.01801,21269.0
1753532058683,12:14:18.683,BSW/USDT:USDT,0.01798,19452.0,0.01797,80291.0,0.018,576.0,0.01801,21269.0
1753532058780,12:14:18.780,BSW/USDT:USDT,0.01798,19452.0,0.01797,80291.0,0.018,576.0,0.01801,21269.0
1753532058882,12:14:18.882,BSW/USDT:USDT,0.01798,19452.0,0.01797,80291.0,0.018,576.0,0.01801,21269.0
1753532058980,12:14:18.980,BSW/USDT:USDT,0.01798,19452.0,0.01797,80291.0,0.018,576.0,0.01801,21269.0
1753532059106,12:14:19.106,BSW/USDT:USDT,0.01798,19452.0,0.01797,80291.0,0.018,576.0,0.01801,21269.0
1753532059182,12:14:19.182,BSW/USDT:USDT,0.01798,19452.0,0.01797,80291.0,0.018,576.0,0.01801,21269.0
1753532059280,12:14:19.280,BSW/USDT:USDT,0.01798,19452.0,0.01797,80291.0,0.018,576.0,0.01801,21269.0
1753532059387,12:14:19.387,BSW/USDT:USDT,0.01798,19452.0,0.01797,80291.0,0.018,576.0,0.01801,21269.0
1753532059480,12:14:19.480,BSW/USDT:USDT,0.01798,19452.0,0.01797,80291.0,0.018,576.0,0.01801,21269.0
1753532059581,12:14:19.581,BSW/USDT:USDT,0.01798,19452.0,0.01797,80291.0,0.018,576.0,0.01801,21269.0
1753532059683,12:14:19.683,BSW/USDT:USDT,0.01798,19452.0,0.01797,80291.0,0.018,576.0,0.01801,21269.0
1753532059781,12:14:19.781,BSW/USDT:USDT,0.01798,19452.0,0.01797,80291.0,0.018,576.0,0.01801,21269.0
1753532059882,12:14:19.882,BSW/USDT:USDT,0.01798,19452.0,0.01797,80291.0,0.018,576.0,0.01801,21269.0
1753532059981,12:14:19.981,BSW/USDT:USDT,0.01798,19452.0,0.01797,80291.0,0.018,576.0,0.01801,21269.0
1753532060082,12:14:20.082,BSW/USDT:USDT,0.01798,19452.0,0.01797,80291.0,0.018,576.0,0.01801,21269.0
1753532060180,12:14:20.180,BSW/USDT:USDT,0.01798,19452.0,0.01797,80291.0,0.018,576.0,0.01801,21269.0
1753532060280,12:14:20.280,BSW/USDT:USDT,0.01798,19452.0,0.01797,80291.0,0.018,576.0,0.01801,21269.0
1753532060381,12:14:20.381,BSW/USDT:USDT,0.01798,19452.0,0.01797,80291.0,0.018,576.0,0.01801,21269.0
1753532060482,12:14:20.482,BSW/USDT:USDT,0.01798,19452.0,0.01797,80291.0,0.018,576.0,0.01801,21269.0
1753532060580,12:14:20.580,BSW/USDT:USDT,0.01798,19452.0,0.01797,80291.0,0.018,576.0,0.01801,21269.0
1753532060680,12:14:20.680,BSW/USDT:USDT,0.01798,19452.0,0.01797,80291.0,0.018,576.0,0.01801,21269.0
1753532060783,12:14:20.783,BSW/USDT:USDT,0.01798,19452.0,0.01797,80291.0,0.018,576.0,0.01801,21269.0
1753532060882,12:14:20.882,BSW/USDT:USDT,0.01798,19452.0,0.01797,80291.0,0.018,576.0,0.01801,21269.0
1753532061057,12:14:21.057,BSW/USDT:USDT,0.01798,19452.0,0.01797,80291.0,0.018,576.0,0.01801,21269.0
1753532061080,12:14:21.080,BSW/USDT:USDT,0.01798,19452.0,0.01797,80291.0,0.018,576.0,0.01801,21269.0
1753532061180,12:14:21.180,BSW/USDT:USDT,0.01798,19452.0,0.01797,80291.0,0.018,576.0,0.01801,21269.0
1753532061280,12:14:21.280,BSW/USDT:USDT,0.01798,19452.0,0.01797,80291.0,0.018,576.0,0.01801,21269.0
1753532061380,12:14:21.380,BSW/USDT:USDT,0.01798,19452.0,0.01797,80291.0,0.018,576.0,0.01801,21269.0
1753532061480,12:14:21.480,BSW/USDT:USDT,0.01798,19452.0,0.01797,80291.0,0.018,576.0,0.01801,21269.0
1753532061581,12:14:21.581,BSW/USDT:USDT,0.01798,19452.0,0.01797,80291.0,0.018,576.0,0.01801,21269.0
1753532061686,12:14:21.686,BSW/USDT:USDT,0.01798,19452.0,0.01797,80291.0,0.018,576.0,0.01801,21269.0
1753532061782,12:14:21.782,BSW/USDT:USDT,0.01798,19452.0,0.01797,80291.0,0.018,576.0,0.01801,21269.0
1753532061883,12:14:21.883,BSW/USDT:USDT,0.01798,19452.0,0.01797,80291.0,0.018,576.0,0.01801,21269.0
1753532061981,12:14:21.981,BSW/USDT:USDT,0.01798,19452.0,0.01797,80291.0,0.018,576.0,0.01801,21269.0
1753532062081,12:14:22.081,BSW/USDT:USDT,0.01798,19452.0,0.01797,80291.0,0.018,576.0,0.01801,21269.0
1753532062181,12:14:22.181,BSW/USDT:USDT,0.01798,19452.0,0.01797,80291.0,0.018,576.0,0.01801,21269.0
1753532062281,12:14:22.281,BSW/USDT:USDT,0.01798,19452.0,0.01797,80291.0,0.018,576.0,0.01801,21269.0
1753532062380,12:14:22.380,BSW/USDT:USDT,0.01798,19452.0,0.01797,80291.0,0.018,576.0,0.01801,21269.0
1753532062481,12:14:22.481,BSW/USDT:USDT,0.01798,19452.0,0.01797,80291.0,0.018,576.0,0.01801,21269.0
1753532062580,12:14:22.580,BSW/USDT:USDT,0.01798,19452.0,0.01797,80291.0,0.018,576.0,0.01801,21269.0
1753532062681,12:14:22.681,BSW/USDT:USDT,0.01798,19452.0,0.01797,80291.0,0.018,576.0,0.01801,21269.0
1753532062781,12:14:22.781,BSW/USDT:USDT,0.01798,19452.0,0.01797,80291.0,0.018,576.0,0.01801,21269.0
1753532062880,12:14:22.880,BSW/USDT:USDT,0.01798,19452.0,0.01797,80291.0,0.018,576.0,0.01801,21269.0
1753532062982,12:14:22.982,BSW/USDT:USDT,0.01798,19452.0,0.01797,80291.0,0.018,576.0,0.01801,21269.0
1753532063096,12:14:23.096,BSW/USDT:USDT,0.01798,19452.0,0.01797,80291.0,0.018,576.0,0.01801,21269.0
1753532063220,12:14:23.220,BSW/USDT:USDT,0.01798,19452.0,0.01797,80291.0,0.018,576.0,0.01801,37538.0
1753532063280,12:14:23.280,BSW/USDT:USDT,0.01798,19452.0,0.01797,80291.0,0.018,576.0,0.01801,37538.0
1753532063380,12:14:23.380,BSW/USDT:USDT,0.01798,19452.0,0.01797,80291.0,0.018,576.0,0.01801,37538.0
1753532063482,12:14:23.482,BSW/USDT:USDT,0.01798,19452.0,0.01797,80291.0,0.018,576.0,0.01801,37538.0
1753532063583,12:14:23.583,BSW/USDT:USDT,0.01798,19452.0,0.01797,80291.0,0.018,576.0,0.01801,37538.0
1753532063680,12:14:23.680,BSW/USDT:USDT,0.01798,19452.0,0.01797,80291.0,0.018,576.0,0.01801,37538.0
1753532063781,12:14:23.781,BSW/USDT:USDT,0.01798,19452.0,0.01797,80291.0,0.018,619.0,0.01801,37538.0
1753532063882,12:14:23.882,BSW/USDT:USDT,0.01798,19452.0,0.01797,80291.0,0.018,619.0,0.01801,37538.0
1753532063980,12:14:23.980,BSW/USDT:USDT,0.01798,19452.0,0.01797,80291.0,0.018,619.0,0.01801,37538.0
1753532064082,12:14:24.082,BSW/USDT:USDT,0.01798,19452.0,0.01797,80291.0,0.018,619.0,0.01801,37538.0
1753532064181,12:14:24.181,BSW/USDT:USDT,0.01798,19452.0,0.01797,80291.0,0.018,619.0,0.01801,37538.0
1753532064320,12:14:24.320,BSW/USDT:USDT,0.01798,19452.0,0.01797,80291.0,0.018,619.0,0.01801,37538.0
1753532064383,12:14:24.383,BSW/USDT:USDT,0.01798,19452.0,0.01797,80291.0,0.018,619.0,0.01801,37538.0
1753532064480,12:14:24.480,BSW/USDT:USDT,0.01798,19452.0,0.01797,80291.0,0.018,619.0,0.01801,37538.0
1753532064580,12:14:24.580,BSW/USDT:USDT,0.01798,19452.0,0.01797,80291.0,0.018,619.0,0.01801,37538.0
1753532064686,12:14:24.686,BSW/USDT:USDT,0.01798,19452.0,0.01797,80291.0,0.018,619.0,0.01801,37538.0
1753532064780,12:14:24.780,BSW/USDT:USDT,0.01798,19452.0,0.01797,80291.0,0.018,619.0,0.01801,37538.0
1753532064881,12:14:24.881,BSW/USDT:USDT,0.01798,19452.0,0.01797,80291.0,0.018,619.0,0.01801,37538.0
1753532064985,12:14:24.985,BSW/USDT:USDT,0.01798,19452.0,0.01797,80291.0,0.018,619.0,0.01801,37538.0
1753532065081,12:14:25.081,BSW/USDT:USDT,0.01798,19452.0,0.01797,80291.0,0.018,619.0,0.01801,37538.0
1753532065180,12:14:25.180,BSW/USDT:USDT,0.01798,19452.0,0.01797,80291.0,0.018,619.0,0.01801,37538.0
1753532065280,12:14:25.280,BSW/USDT:USDT,0.01798,19452.0,0.01797,80291.0,0.018,619.0,0.01801,37538.0
1753532065380,12:14:25.380,BSW/USDT:USDT,0.01798,19452.0,0.01797,80291.0,0.018,619.0,0.01801,37538.0
1753532065480,12:14:25.480,BSW/USDT:USDT,0.01798,19452.0,0.01797,80291.0,0.018,619.0,0.01801,37538.0
1753532065580,12:14:25.580,BSW/USDT:USDT,0.01798,19452.0,0.01797,80291.0,0.018,619.0,0.01801,37538.0
1753532065681,12:14:25.681,BSW/USDT:USDT,0.01798,19452.0,0.01797,80291.0,0.018,619.0,0.01801,37538.0
1753532065857,12:14:25.857,BSW/USDT:USDT,0.01798,19452.0,0.01797,80291.0,0.018,619.0,0.01801,37538.0
1753532065881,12:14:25.881,BSW/USDT:USDT,0.01798,19452.0,0.01797,80291.0,0.018,619.0,0.01801,37538.0
1753532065985,12:14:25.985,BSW/USDT:USDT,0.01798,19452.0,0.01797,80291.0,0.018,619.0,0.01801,37538.0
1753532066081,12:14:26.081,BSW/USDT:USDT,0.01798,19452.0,0.01797,80291.0,0.018,619.0,0.01801,37538.0
1753532066180,12:14:26.180,BSW/USDT:USDT,0.01798,19452.0,0.01797,80291.0,0.018,619.0,0.01801,37538.0
1753532066280,12:14:26.280,BSW/USDT:USDT,0.01798,19452.0,0.01797,80291.0,0.018,619.0,0.01801,37538.0
1753532066380,12:14:26.380,BSW/USDT:USDT,0.01798,19452.0,0.01797,80291.0,0.018,619.0,0.01801,37538.0
1753532066558,12:14:26.558,BSW/USDT:USDT,0.01798,19452.0,0.01797,80291.0,0.018,619.0,0.01801,37538.0
1753532066582,12:14:26.582,BSW/USDT:USDT,0.01798,19452.0,0.01797,80291.0,0.018,619.0,0.01801,37538.0
1753532066688,12:14:26.688,BSW/USDT:USDT,0.01798,19452.0,0.01797,80291.0,0.018,619.0,0.01801,37538.0
1753532066782,12:14:26.782,BSW/USDT:USDT,0.01798,19452.0,0.01797,80291.0,0.018,619.0,0.01801,37538.0
1753532066881,12:14:26.881,BSW/USDT:USDT,0.01798,19452.0,0.01797,80291.0,0.018,619.0,0.01801,37538.0
1753532066983,12:14:26.983,BSW/USDT:USDT,0.01798,19452.0,0.01797,80291.0,0.018,619.0,0.01801,37538.0
1753532067080,12:14:27.080,BSW/USDT:USDT,0.01798,19452.0,0.01797,80291.0,0.018,619.0,0.01801,37538.0
1753532067180,12:14:27.180,BSW/USDT:USDT,0.01798,19452.0,0.01797,80291.0,0.018,619.0,0.01801,37538.0
1753532067281,12:14:27.281,BSW/USDT:USDT,0.01798,19452.0,0.01797,80291.0,0.018,619.0,0.01801,37538.0
1753532067382,12:14:27.382,BSW/USDT:USDT,0.01798,19452.0,0.01797,80291.0,0.018,619.0,0.01801,37538.0
1753532067480,12:14:27.480,BSW/USDT:USDT,0.01798,19452.0,0.01797,80291.0,0.018,619.0,0.01801,37538.0
1753532067581,12:14:27.581,BSW/USDT:USDT,0.01798,19452.0,0.01797,80291.0,0.018,619.0,0.01801,37538.0
1753532067683,12:14:27.683,BSW/USDT:USDT,0.01798,19452.0,0.01797,80291.0,0.018,619.0,0.01801,37538.0
1753532067781,12:14:27.781,BSW/USDT:USDT,0.01798,19452.0,0.01797,80291.0,0.018,619.0,0.01801,37538.0
1753532067882,12:14:27.882,BSW/USDT:USDT,0.01798,19452.0,0.01797,80291.0,0.018,619.0,0.01801,37538.0
1753532067980,12:14:27.980,BSW/USDT:USDT,0.01798,19452.0,0.01797,80291.0,0.018,619.0,0.01801,37538.0
1753532068082,12:14:28.082,BSW/USDT:USDT,0.01798,19452.0,0.01797,80291.0,0.018,619.0,0.01801,37538.0
1753532068208,12:14:28.208,BSW/USDT:USDT,0.01797,80291.0,0.01796,51504.0,0.018,366.0,0.01801,37538.0
1753532068281,12:14:28.281,BSW/USDT:USDT,0.01797,80291.0,0.01796,51504.0,0.018,366.0,0.01801,37538.0
1753532068396,12:14:28.396,BSW/USDT:USDT,0.01798,19452.0,0.01797,80291.0,0.018,619.0,0.01801,37538.0
1753532068491,12:14:28.491,BSW/USDT:USDT,0.01798,19452.0,0.01797,80291.0,0.018,619.0,0.01801,37538.0
1753532068582,12:14:28.582,BSW/USDT:USDT,0.01798,19452.0,0.01797,80291.0,0.018,619.0,0.01801,37538.0
1753532068749,12:14:28.749,BSW/USDT:USDT,0.01798,19452.0,0.01797,80291.0,0.018,619.0,0.01801,37538.0
1753532068781,12:14:28.781,BSW/USDT:USDT,0.01798,19452.0,0.01797,80291.0,0.018,619.0,0.01801,37538.0
1753532068882,12:14:28.882,BSW/USDT:USDT,0.01798,19452.0,0.01797,80291.0,0.018,619.0,0.01801,37538.0
1753532068982,12:14:28.982,BSW/USDT:USDT,0.01798,19452.0,0.01797,80291.0,0.018,619.0,0.01801,37538.0
1753532069081,12:14:29.081,BSW/USDT:USDT,0.01798,19452.0,0.01797,80291.0,0.018,619.0,0.01801,37538.0
1753532069207,12:14:29.207,BSW/USDT:USDT,0.01798,19452.0,0.01797,80291.0,0.018,619.0,0.01801,37538.0
1753532069280,12:14:29.280,BSW/USDT:USDT,0.01798,19452.0,0.01797,80291.0,0.018,619.0,0.01801,37538.0
1753532069382,12:14:29.382,BSW/USDT:USDT,0.01798,19452.0,0.01797,80291.0,0.018,619.0,0.01801,37538.0
1753532069565,12:14:29.565,BSW/USDT:USDT,0.01798,19452.0,0.01797,80291.0,0.018,619.0,0.01801,37538.0
1753532069581,12:14:29.581,BSW/USDT:USDT,0.01798,19452.0,0.01797,80291.0,0.018,619.0,0.01801,37538.0
1753532069747,12:14:29.747,BSW/USDT:USDT,0.01798,19452.0,0.01797,80291.0,0.018,619.0,0.01801,37538.0
1753532069780,12:14:29.780,BSW/USDT:USDT,0.01798,19452.0,0.01797,80291.0,0.018,619.0,0.01801,37538.0
1753532069884,12:14:29.884,BSW/USDT:USDT,0.01798,19452.0,0.01797,80291.0,0.018,619.0,0.01801,37538.0
1753532069982,12:14:29.982,BSW/USDT:USDT,0.01798,19452.0,0.01797,80291.0,0.018,619.0,0.01801,37538.0
1753532070081,12:14:30.081,BSW/USDT:USDT,0.01798,19452.0,0.01797,80291.0,0.018,619.0,0.01801,37538.0
1753532070197,12:14:30.197,BSW/USDT:USDT,0.01798,19705.0,0.01797,80291.0,0.018,366.0,0.01801,37538.0
1753532070281,12:14:30.281,BSW/USDT:USDT,0.01798,19705.0,0.01797,80291.0,0.018,366.0,0.01801,37538.0
1753532070380,12:14:30.380,BSW/USDT:USDT,0.01798,19705.0,0.01797,80291.0,0.018,366.0,0.01801,37538.0
1753532070516,12:14:30.516,BSW/USDT:USDT,0.01798,19705.0,0.01797,80291.0,0.018,366.0,0.01801,37538.0
1753532070673,12:14:30.673,BSW/USDT:USDT,0.01798,19705.0,0.01797,80291.0,0.018,366.0,0.01801,37538.0
1753532070681,12:14:30.681,BSW/USDT:USDT,0.01798,19705.0,0.01797,80291.0,0.018,366.0,0.01801,37538.0
1753532070780,12:14:30.780,BSW/USDT:USDT,0.01798,19705.0,0.01797,80291.0,0.018,366.0,0.01801,37538.0
1753532070881,12:14:30.881,BSW/USDT:USDT,0.01798,19705.0,0.01797,80291.0,0.018,366.0,0.01801,37538.0
1753532070982,12:14:30.982,BSW/USDT:USDT,0.01798,19705.0,0.01797,80291.0,0.018,366.0,0.01801,37538.0
1753532071081,12:14:31.081,BSW/USDT:USDT,0.01798,19705.0,0.01797,80291.0,0.018,366.0,0.01801,37538.0
1753532071180,12:14:31.180,BSW/USDT:USDT,0.01798,19705.0,0.01797,80291.0,0.018,366.0,0.01801,37538.0
1753532071280,12:14:31.280,BSW/USDT:USDT,0.01798,19705.0,0.01797,80291.0,0.018,366.0,0.01801,37538.0
1753532071382,12:14:31.382,BSW/USDT:USDT,0.01798,19705.0,0.01797,80291.0,0.018,366.0,0.01801,37538.0
1753532071480,12:14:31.480,BSW/USDT:USDT,0.01798,19705.0,0.01797,80291.0,0.018,366.0,0.01801,37538.0
1753532071580,12:14:31.580,BSW/USDT:USDT,0.01798,19705.0,0.01797,80291.0,0.018,366.0,0.01801,37538.0
1753532071680,12:14:31.680,BSW/USDT:USDT,0.01798,19705.0,0.01797,80291.0,0.018,366.0,0.01801,37538.0
1753532071780,12:14:31.780,BSW/USDT:USDT,0.01798,19705.0,0.01797,80291.0,0.018,366.0,0.01801,37538.0
1753532071882,12:14:31.882,BSW/USDT:USDT,0.01798,19705.0,0.01797,80291.0,0.018,366.0,0.01801,37538.0
1753532071980,12:14:31.980,BSW/USDT:USDT,0.01798,19705.0,0.01797,80291.0,0.018,366.0,0.01801,37538.0
1753532072080,12:14:32.080,BSW/USDT:USDT,0.01798,19705.0,0.01797,80291.0,0.018,366.0,0.01801,37538.0
1753532072620,12:14:32.620,BSW/USDT:USDT,0.01798,19705.0,0.01797,91267.0,0.018,366.0,0.01801,37538.0
1753532072680,12:14:32.680,BSW/USDT:USDT,0.01798,19705.0,0.01797,91267.0,0.018,366.0,0.01801,37538.0
1753532072781,12:14:32.781,BSW/USDT:USDT,0.01798,19705.0,0.01797,91267.0,0.018,366.0,0.01801,37538.0
1753532072880,12:14:32.880,BSW/USDT:USDT,0.01798,19705.0,0.01797,91267.0,0.018,366.0,0.01801,37538.0
1753532072980,12:14:32.980,BSW/USDT:USDT,0.01798,19705.0,0.01797,91267.0,0.018,366.0,0.01801,37538.0
1753532073080,12:14:33.080,BSW/USDT:USDT,0.01798,19705.0,0.01797,91267.0,0.018,366.0,0.01801,37538.0
1753532073183,12:14:33.183,BSW/USDT:USDT,0.01798,19705.0,0.01797,91267.0,0.018,366.0,0.01801,37538.0
1753532073290,12:14:33.290,BSW/USDT:USDT,0.01798,19452.0,0.01797,91267.0,0.018,366.0,0.01801,37538.0
1753532073381,12:14:33.381,BSW/USDT:USDT,0.01798,19705.0,0.01797,91267.0,0.018,366.0,0.01801,37538.0
1753532073481,12:14:33.481,BSW/USDT:USDT,0.01798,19705.0,0.01797,91267.0,0.018,366.0,0.01801,37538.0
1753532073580,12:14:33.580,BSW/USDT:USDT,0.01798,19705.0,0.01797,91267.0,0.018,366.0,0.01801,37538.0
1753532073680,12:14:33.680,BSW/USDT:USDT,0.01798,19705.0,0.01797,91267.0,0.018,366.0,0.01801,37538.0
1753532073780,12:14:33.780,BSW/USDT:USDT,0.01798,19705.0,0.01797,91267.0,0.018,366.0,0.01801,37538.0
1753532073881,12:14:33.881,BSW/USDT:USDT,0.01798,19705.0,0.01797,91267.0,0.018,366.0,0.01801,37538.0
1753532073980,12:14:33.980,BSW/USDT:USDT,0.01798,19705.0,0.01797,91267.0,0.018,342.0,0.01801,37538.0
1753532074081,12:14:34.081,BSW/USDT:USDT,0.01798,19705.0,0.01797,91267.0,0.018,366.0,0.01801,37538.0
1753532074185,12:14:34.185,BSW/USDT:USDT,0.01798,19705.0,0.01797,91267.0,0.018,366.0,0.01801,37538.0
1753532074280,12:14:34.280,BSW/USDT:USDT,0.01798,19705.0,0.01797,91267.0,0.018,342.0,0.01801,37538.0
1753532074381,12:14:34.381,BSW/USDT:USDT,0.01798,19705.0,0.01797,91267.0,0.018,342.0,0.01801,37538.0
1753532074480,12:14:34.480,BSW/USDT:USDT,0.01798,19705.0,0.01797,91267.0,0.018,366.0,0.01801,37538.0
1753532074581,12:14:34.581,BSW/USDT:USDT,0.01798,19705.0,0.01797,91267.0,0.018,366.0,0.01801,37538.0
1753532074680,12:14:34.680,BSW/USDT:USDT,0.01798,19705.0,0.01797,91267.0,0.018,366.0,0.01801,37538.0
1753532074781,12:14:34.781,BSW/USDT:USDT,0.01798,19705.0,0.01797,91267.0,0.018,366.0,0.01801,37538.0
1753532074880,12:14:34.880,BSW/USDT:USDT,0.01798,19705.0,0.01797,91267.0,0.018,366.0,0.01801,37538.0
1753532074981,12:14:34.981,BSW/USDT:USDT,0.01798,19705.0,0.01797,91267.0,0.018,366.0,0.01801,37538.0
1753532075080,12:14:35.080,BSW/USDT:USDT,0.01798,19705.0,0.01797,91267.0,0.018,366.0,0.01801,37538.0
1753532075180,12:14:35.180,BSW/USDT:USDT,0.01798,19705.0,0.01797,91267.0,0.018,366.0,0.01801,37538.0
1753532075280,12:14:35.280,BSW/USDT:USDT,0.01798,19705.0,0.01797,91267.0,0.018,366.0,0.01801,37538.0
1753532075457,12:14:35.457,BSW/USDT:USDT,0.01798,19705.0,0.01797,91267.0,0.018,366.0,0.01801,37538.0
1753532075480,12:14:35.480,BSW/USDT:USDT,0.01798,19705.0,0.01797,91267.0,0.018,366.0,0.01801,37538.0
1753532075587,12:14:35.587,BSW/USDT:USDT,0.01798,19705.0,0.01797,91267.0,0.018,366.0,0.01801,37538.0
1753532075681,12:14:35.681,BSW/USDT:USDT,0.01798,19705.0,0.01797,91267.0,0.018,366.0,0.01801,37538.0
1753532075780,12:14:35.780,BSW/USDT:USDT,0.01798,19705.0,0.01797,91267.0,0.018,366.0,0.01801,37538.0
1753532075880,12:14:35.880,BSW/USDT:USDT,0.01798,19705.0,0.01797,91267.0,0.018,366.0,0.01801,37538.0
1753532075980,12:14:35.980,BSW/USDT:USDT,0.01798,19705.0,0.01797,91267.0,0.018,366.0,0.01801,37538.0
1753532076080,12:14:36.080,BSW/USDT:USDT,0.01798,19705.0,0.01797,91267.0,0.018,366.0,0.01801,37538.0
1753532076181,12:14:36.181,BSW/USDT:USDT,0.01798,19705.0,0.01797,91267.0,0.018,366.0,0.01801,37538.0
1753532076295,12:14:36.295,BSW/USDT:USDT,0.01798,19452.0,0.01797,91267.0,0.018,619.0,0.01801,37538.0
1753532076380,12:14:36.380,BSW/USDT:USDT,0.01798,19705.0,0.01797,91267.0,0.018,619.0,0.01801,37538.0
1753532076480,12:14:36.480,BSW/USDT:USDT,0.01798,19705.0,0.01797,91267.0,0.018,619.0,0.01801,37538.0
1753532076581,12:14:36.581,BSW/USDT:USDT,0.01798,19705.0,0.01797,91267.0,0.018,619.0,0.01801,37538.0
1753532076681,12:14:36.681,BSW/USDT:USDT,0.01798,19705.0,0.01797,91267.0,0.018,619.0,0.01801,37538.0
1753532076781,12:14:36.781,BSW/USDT:USDT,0.01798,19705.0,0.01797,91267.0,0.018,619.0,0.01801,37538.0
1753532076881,12:14:36.881,BSW/USDT:USDT,0.01798,19705.0,0.01797,91267.0,0.018,619.0,0.01801,37538.0
1753532076981,12:14:36.981,BSW/USDT:USDT,0.01798,19705.0,0.01797,91267.0,0.018,619.0,0.01801,37538.0
1753532077080,12:14:37.080,BSW/USDT:USDT,0.01798,19705.0,0.01797,91267.0,0.018,619.0,0.01801,37538.0
1753532077186,12:14:37.186,BSW/USDT:USDT,0.01798,19705.0,0.01797,91267.0,0.018,619.0,0.01801,37538.0
1753532077280,12:14:37.280,BSW/USDT:USDT,0.01798,19705.0,0.01797,91267.0,0.018,619.0,0.01801,37538.0
1753532077380,12:14:37.380,BSW/USDT:USDT,0.01798,19705.0,0.01797,91267.0,0.018,619.0,0.01801,37538.0
1753532077480,12:14:37.480,BSW/USDT:USDT,0.01798,19705.0,0.01797,91267.0,0.018,619.0,0.01801,37538.0
1753532077580,12:14:37.580,BSW/USDT:USDT,0.01798,19705.0,0.01797,91267.0,0.018,619.0,0.01801,37538.0
1753532077680,12:14:37.680,BSW/USDT:USDT,0.01798,19705.0,0.01797,91267.0,0.018,619.0,0.01801,37538.0
1753532077781,12:14:37.781,BSW/USDT:USDT,0.01798,19705.0,0.01797,91267.0,0.018,619.0,0.01801,37538.0
1753532077880,12:14:37.880,BSW/USDT:USDT,0.01798,19705.0,0.01797,91267.0,0.018,619.0,0.01801,37538.0
1753532078010,12:14:38.010,BSW/USDT:USDT,0.01798,19452.0,0.01797,80291.0,0.018,619.0,0.01801,37538.0
1753532078081,12:14:38.081,BSW/USDT:USDT,0.01798,19705.0,0.01797,80291.0,0.018,619.0,0.01801,37538.0
1753532078180,12:14:38.180,BSW/USDT:USDT,0.01798,19452.0,0.01797,80291.0,0.018,619.0,0.01801,37538.0
1753532078281,12:14:38.281,BSW/USDT:USDT,0.01798,19705.0,0.01797,80291.0,0.018,619.0,0.01801,37538.0
1753532078390,12:14:38.390,BSW/USDT:USDT,0.01798,19705.0,0.01797,80291.0,0.018,619.0,0.01801,37538.0
1753532078480,12:14:38.480,BSW/USDT:USDT,0.01798,19452.0,0.01797,80291.0,0.018,619.0,0.01801,37538.0
1753532078587,12:14:38.587,BSW/USDT:USDT,0.01798,19452.0,0.01797,80291.0,0.018,619.0,0.01801,37538.0
1753532078680,12:14:38.680,BSW/USDT:USDT,0.01798,19452.0,0.01797,80291.0,0.018,619.0,0.01801,37538.0
1753532078787,12:14:38.787,BSW/USDT:USDT,0.01798,19452.0,0.01797,80291.0,0.018,619.0,0.01801,37538.0
1753532078880,12:14:38.880,BSW/USDT:USDT,0.01798,19452.0,0.01797,80291.0,0.018,570.0,0.01801,37538.0
1753532078980,12:14:38.980,BSW/USDT:USDT,0.01798,19452.0,0.01797,80291.0,0.018,594.0,0.01801,37538.0
1753532079080,12:14:39.080,BSW/USDT:USDT,0.01798,19452.0,0.01797,80291.0,0.018,570.0,0.01801,37538.0
1753532079180,12:14:39.180,BSW/USDT:USDT,0.01798,19452.0,0.01797,80291.0,0.018,619.0,0.01801,37538.0
1753532079280,12:14:39.280,BSW/USDT:USDT,0.01798,19452.0,0.01797,80291.0,0.018,619.0,0.01801,37538.0
1753532079381,12:14:39.381,BSW/USDT:USDT,0.01798,19452.0,0.01797,80291.0,0.018,619.0,0.01801,37538.0
1753532079516,12:14:39.516,BSW/USDT:USDT,0.01798,19452.0,0.01797,80291.0,0.018,619.0,0.01801,37538.0
1753532079580,12:14:39.580,BSW/USDT:USDT,0.01798,19452.0,0.01797,80291.0,0.018,619.0,0.01801,37538.0
1753532079681,12:14:39.681,BSW/USDT:USDT,0.01798,19452.0,0.01797,80291.0,0.018,619.0,0.01801,37538.0
1753532079780,12:14:39.780,BSW/USDT:USDT,0.01798,19452.0,0.01797,80291.0,0.018,619.0,0.01801,37538.0
1753532079880,12:14:39.880,BSW/USDT:USDT,0.01798,19452.0,0.01797,80291.0,0.018,619.0,0.01801,37538.0
1753532079980,12:14:39.980,BSW/USDT:USDT,0.01798,19452.0,0.01797,80291.0,0.018,619.0,0.01801,37538.0
1753532080081,12:14:40.081,BSW/USDT:USDT,0.01798,19452.0,0.01797,80291.0,0.018,619.0,0.01801,37538.0
1753532080243,12:14:40.243,BSW/USDT:USDT,0.01798,19452.0,0.01797,80291.0,0.018,366.0,0.01801,37538.0
1753532080281,12:14:40.281,BSW/USDT:USDT,0.01798,19452.0,0.01797,80291.0,0.018,366.0,0.01801,37538.0
1753532080380,12:14:40.380,BSW/USDT:USDT,0.01798,19452.0,0.01797,80291.0,0.018,366.0,0.01801,37538.0
1753532080480,12:14:40.480,BSW/USDT:USDT,0.01798,19452.0,0.01797,80291.0,0.018,366.0,0.01801,37538.0
1753532080582,12:14:40.582,BSW/USDT:USDT,0.01798,19452.0,0.01797,80291.0,0.018,366.0,0.01801,37538.0
1753532080680,12:14:40.680,BSW/USDT:USDT,0.01798,19452.0,0.01797,80291.0,0.018,366.0,0.01801,37538.0
1753532080781,12:14:40.781,BSW/USDT:USDT,0.01798,19452.0,0.01797,80291.0,0.018,366.0,0.01801,37538.0
1753532080880,12:14:40.880,BSW/USDT:USDT,0.01798,19452.0,0.01797,80291.0,0.018,366.0,0.01801,37538.0
1753532080980,12:14:40.980,BSW/USDT:USDT,0.01798,19705.0,0.01797,80291.0,0.018,366.0,0.01801,37538.0
1753532081081,12:14:41.081,BSW/USDT:USDT,0.01798,19705.0,0.01797,80291.0,0.018,366.0,0.01801,37538.0
1753532081180,12:14:41.180,BSW/USDT:USDT,0.01798,19705.0,0.01797,80291.0,0.018,366.0,0.01801,37538.0
1753532081280,12:14:41.280,BSW/USDT:USDT,0.01798,19705.0,0.01797,80291.0,0.018,366.0,0.01801,37538.0
1753532081383,12:14:41.383,BSW/USDT:USDT,0.01798,19705.0,0.01797,80291.0,0.018,366.0,0.01801,37538.0
1753532081481,12:14:41.481,BSW/USDT:USDT,0.01798,19705.0,0.01797,80291.0,0.018,366.0,0.01801,37538.0
1753532081584,12:14:41.584,BSW/USDT:USDT,0.01798,19705.0,0.01797,80291.0,0.018,366.0,0.01801,37538.0
1753532081680,12:14:41.680,BSW/USDT:USDT,0.01798,19705.0,0.01797,80291.0,0.018,366.0,0.01801,37538.0
1753532081780,12:14:41.780,BSW/USDT:USDT,0.01798,19705.0,0.01797,80291.0,0.018,366.0,0.01801,37538.0
1753532081881,12:14:41.881,BSW/USDT:USDT,0.01798,19705.0,0.01797,80291.0,0.018,366.0,0.01801,37538.0
1753532081980,12:14:41.980,BSW/USDT:USDT,0.01798,19705.0,0.01797,80291.0,0.018,366.0,0.01801,37538.0
1753532082086,12:14:42.086,BSW/USDT:USDT,0.01798,19705.0,0.01797,80291.0,0.018,366.0,0.01801,37538.0
1753532082181,12:14:42.181,BSW/USDT:USDT,0.01798,19705.0,0.01797,80291.0,0.018,366.0,0.01801,37538.0
1753532082280,12:14:42.280,BSW/USDT:USDT,0.01798,19705.0,0.01797,80291.0,0.018,366.0,0.01801,37538.0
1753532082464,12:14:42.464,BSW/USDT:USDT,0.01798,19705.0,0.01797,80291.0,0.018,366.0,0.01801,37538.0
1753532082485,12:14:42.485,BSW/USDT:USDT,0.01798,19705.0,0.01797,80291.0,0.018,366.0,0.01801,37538.0
1753532082588,12:14:42.588,BSW/USDT:USDT,0.01798,19705.0,0.01797,80291.0,0.018,366.0,0.01801,37538.0
1753532082681,12:14:42.681,BSW/USDT:USDT,0.01798,19705.0,0.01797,80291.0,0.018,366.0,0.01801,37538.0
1753532082787,12:14:42.787,BSW/USDT:USDT,0.01798,19705.0,0.01797,80291.0,0.018,366.0,0.01801,37538.0
1753532082880,12:14:42.880,BSW/USDT:USDT,0.01798,19705.0,0.01797,80291.0,0.018,366.0,0.01801,37538.0
1753532083002,12:14:43.002,BSW/USDT:USDT,0.01798,19705.0,0.01797,80291.0,0.018,366.0,0.01801,37538.0
1753532083080,12:14:43.080,BSW/USDT:USDT,0.01798,19705.0,0.01797,80291.0,0.018,366.0,0.01801,37538.0
1753532083180,12:14:43.180,BSW/USDT:USDT,0.01798,19705.0,0.01797,80291.0,0.018,366.0,0.01801,37538.0
1753532083288,12:14:43.288,BSW/USDT:USDT,0.01798,19705.0,0.01797,80291.0,0.018,366.0,0.01801,37538.0
1753532083382,12:14:43.382,BSW/USDT:USDT,0.01798,19705.0,0.01797,80291.0,0.018,366.0,0.01801,37538.0
1753532083565,12:14:43.565,BSW/USDT:USDT,0.01797,80291.0,0.01796,51504.0,0.018,619.0,0.01801,37538.0
1753532083586,12:14:43.586,BSW/USDT:USDT,0.01797,80291.0,0.01796,51504.0,0.018,366.0,0.01801,37538.0
1753532083687,12:14:43.687,BSW/USDT:USDT,0.01798,19452.0,0.01797,80291.0,0.018,619.0,0.01801,37538.0
1753532083787,12:14:43.787,BSW/USDT:USDT,0.01798,19452.0,0.01797,80291.0,0.018,619.0,0.01801,37538.0
1753532083880,12:14:43.880,BSW/USDT:USDT,0.01798,19452.0,0.01797,80291.0,0.018,619.0,0.01801,37538.0
1753532083980,12:14:43.980,BSW/USDT:USDT,0.01798,19452.0,0.01797,80291.0,0.018,570.0,0.01801,37538.0
1753532084354,12:14:44.354,BSW/USDT:USDT,0.01798,19452.0,0.01797,80291.0,0.018,570.0,0.01801,37538.0
1753532084382,12:14:44.382,BSW/USDT:USDT,0.01798,19452.0,0.01797,80291.0,0.018,595.0,0.01801,37538.0
1753532084484,12:14:44.484,BSW/USDT:USDT,0.01798,19452.0,0.01797,80291.0,0.018,619.0,0.01801,37538.0
1753532084580,12:14:44.580,BSW/USDT:USDT,0.01798,19452.0,0.01797,80291.0,0.018,619.0,0.01801,37538.0
1753532084688,12:14:44.688,BSW/USDT:USDT,0.01798,19452.0,0.01797,80291.0,0.018,619.0,0.01801,37538.0
1753532084787,12:14:44.787,BSW/USDT:USDT,0.01798,19452.0,0.01797,80291.0,0.018,619.0,0.01801,37538.0
1753532084881,12:14:44.881,BSW/USDT:USDT,0.01798,19452.0,0.01797,80291.0,0.018,619.0,0.01801,37538.0
1753532084981,12:14:44.981,BSW/USDT:USDT,0.01798,19452.0,0.01797,80291.0,0.018,619.0,0.01801,37538.0
1753532085081,12:14:45.081,BSW/USDT:USDT,0.01798,19452.0,0.01797,80291.0,0.018,619.0,0.01801,37538.0
1753532085181,12:14:45.181,BSW/USDT:USDT,0.01798,19452.0,0.01797,80291.0,0.018,619.0,0.01801,37538.0
1753532085282,12:14:45.282,BSW/USDT:USDT,0.01798,19452.0,0.01797,80291.0,0.018,619.0,0.01801,37538.0
1753532085381,12:14:45.381,BSW/USDT:USDT,0.01798,19452.0,0.01797,80291.0,0.018,619.0,0.01801,37538.0
1753532085503,12:14:45.503,BSW/USDT:USDT,0.01798,19452.0,0.01797,80291.0,0.018,619.0,0.01801,37538.0
1753532085581,12:14:45.581,BSW/USDT:USDT,0.01798,19452.0,0.01797,80291.0,0.018,619.0,0.01801,37538.0
1753532085681,12:14:45.681,BSW/USDT:USDT,0.01798,19452.0,0.01797,80291.0,0.018,619.0,0.01801,37538.0
1753532085780,12:14:45.780,BSW/USDT:USDT,0.01798,19452.0,0.01797,80291.0,0.018,619.0,0.01801,37538.0
1753532085882,12:14:45.882,BSW/USDT:USDT,0.01798,19452.0,0.01797,80291.0,0.018,619.0,0.01801,37538.0
1753532085986,12:14:45.986,BSW/USDT:USDT,0.01798,19452.0,0.01797,80291.0,0.018,619.0,0.01801,37538.0
1753532086080,12:14:46.080,BSW/USDT:USDT,0.01798,19452.0,0.01797,80291.0,0.018,619.0,0.01801,37538.0
1753532086189,12:14:46.189,BSW/USDT:USDT,0.01798,19452.0,0.01797,80291.0,0.018,619.0,0.01801,37538.0
1753532086281,12:14:46.281,BSW/USDT:USDT,0.01798,19452.0,0.01797,80291.0,0.018,619.0,0.01801,37538.0
1753532086382,12:14:46.382,BSW/USDT:USDT,0.01798,19452.0,0.01797,80291.0,0.018,619.0,0.01801,37538.0
1753532086480,12:14:46.480,BSW/USDT:USDT,0.01798,19452.0,0.01797,80291.0,0.018,619.0,0.01801,37538.0
1753532086580,12:14:46.580,BSW/USDT:USDT,0.01798,19452.0,0.01797,80291.0,0.018,619.0,0.01801,37538.0
1753532086680,12:14:46.680,BSW/USDT:USDT,0.01798,19452.0,0.01797,80291.0,0.018,619.0,0.01801,37538.0
