timestamp,time,symbol,bid1_price,bid1_volume,bid2_price,bid2_volume,ask1_price,ask1_volume,ask2_price,ask2_volume
1753520629000,09:03:49.000,1INCH/USDT:USDT,0.28,219.0,0.2799,512.0,0.2802,219.0,0.2803,727.0
1753520631710,09:03:51.710,1INCH/USDT:USDT,0.28,219.0,0.2799,2327.0,0.2802,219.0,0.2803,727.0
1753520632752,09:03:52.752,1INCH/USDT:USDT,0.28,219.0,0.2799,512.0,0.2802,219.0,0.2803,727.0
1753520633304,09:03:53.304,1INCH/USDT:USDT,0.28,219.0,0.2799,2327.0,0.2802,219.0,0.2803,727.0
1753520633405,09:03:53.405,1INCH/USDT:USDT,0.28,219.0,0.2799,2327.0,0.2802,219.0,0.2803,727.0
1753520633507,09:03:53.507,1INCH/USDT:USDT,0.28,219.0,0.2799,2327.0,0.2802,219.0,0.2803,727.0
1753520633803,09:03:53.803,1INCH/USDT:USDT,0.28,219.0,0.2799,512.0,0.2802,219.0,0.2803,727.0
1753520634057,09:03:54.057,1INCH/USDT:USDT,0.28,219.0,0.2799,512.0,0.2802,219.0,0.2803,727.0
1753520634474,09:03:54.474,1INCH/USDT:USDT,0.28,219.0,0.2799,2327.0,0.2804,511.0,0.2805,11992.0
1753520634565,09:03:54.565,1INCH/USDT:USDT,0.28,219.0,0.2799,2399.0,0.2803,945.0,0.2804,511.0
1753520634649,09:03:54.649,1INCH/USDT:USDT,0.28,219.0,0.2799,2399.0,0.2803,945.0,0.2804,511.0
1753520634837,09:03:54.837,1INCH/USDT:USDT,0.28,219.0,0.2799,2399.0,0.2803,945.0,0.2804,511.0
1753520635055,09:03:55.055,1INCH/USDT:USDT,0.28,219.0,0.2799,2399.0,0.2803,945.0,0.2804,511.0
1753520638858,09:03:58.858,1INCH/USDT:USDT,0.28,219.0,0.2799,2399.0,0.2803,945.0,0.2804,511.0
1753520639217,09:03:59.217,1INCH/USDT:USDT,0.28,219.0,0.2799,2399.0,0.2803,945.0,0.2804,511.0
1753520643657,09:04:03.657,1INCH/USDT:USDT,0.28,219.0,0.2799,2399.0,0.2803,945.0,0.2804,511.0
1753520643843,09:04:03.843,1INCH/USDT:USDT,0.28,219.0,0.2799,2399.0,0.2803,945.0,0.2804,511.0
1753520644209,09:04:04.209,1INCH/USDT:USDT,0.28,219.0,0.2799,2327.0,0.2802,219.0,0.2803,945.0
1753520644331,09:04:04.331,1INCH/USDT:USDT,0.28,219.0,0.2799,2327.0,0.2802,219.0,0.2803,945.0
1753520646774,09:04:06.774,1INCH/USDT:USDT,0.28,219.0,0.2799,2327.0,0.2803,945.0,0.2804,511.0
1753520646789,09:04:06.789,1INCH/USDT:USDT,0.28,219.0,0.2799,2399.0,0.2803,945.0,0.2804,511.0
1753520647158,09:04:07.158,1INCH/USDT:USDT,0.28,219.0,0.2799,2399.0,0.2803,945.0,0.2804,511.0
1753520648457,09:04:08.457,1INCH/USDT:USDT,0.28,219.0,0.2799,2399.0,0.2803,945.0,0.2804,511.0
1753520648484,09:04:08.484,1INCH/USDT:USDT,0.28,219.0,0.2799,2399.0,0.2803,945.0,0.2804,511.0
1753520649969,09:04:09.969,1INCH/USDT:USDT,0.28,219.0,0.2799,2327.0,0.2802,216.0,0.2803,945.0
1753520649995,09:04:09.995,1INCH/USDT:USDT,0.28,219.0,0.2799,2327.0,0.2802,216.0,0.2803,945.0
1753520651633,09:04:11.633,1INCH/USDT:USDT,0.28,219.0,0.2799,2327.0,0.2802,216.0,0.2803,945.0
1753520652022,09:04:12.022,1INCH/USDT:USDT,0.28,219.0,0.2799,2327.0,0.2802,216.0,0.2803,945.0
1753520653257,09:04:13.257,1INCH/USDT:USDT,0.28,219.0,0.2799,2327.0,0.2802,216.0,0.2803,945.0
1753520658058,09:04:18.058,1INCH/USDT:USDT,0.28,219.0,0.2799,2327.0,0.2802,216.0,0.2803,945.0
1753520659422,09:04:19.422,1INCH/USDT:USDT,0.28,219.0,0.2799,512.0,0.2802,216.0,0.2803,945.0
1753520659822,09:04:19.822,1INCH/USDT:USDT,0.28,219.0,0.2799,2327.0,0.2802,216.0,0.2803,945.0
1753520661208,09:04:21.208,1INCH/USDT:USDT,0.28,219.0,0.2799,2399.0,0.2803,945.0,0.2804,511.0
1753520662858,09:04:22.858,1INCH/USDT:USDT,0.28,219.0,0.2799,2399.0,0.2803,945.0,0.2804,511.0
1753520663628,09:04:23.628,1INCH/USDT:USDT,0.28,219.0,0.2799,2327.0,0.2802,217.0,0.2803,945.0
1753520667658,09:04:27.658,1INCH/USDT:USDT,0.28,219.0,0.2799,2327.0,0.2802,217.0,0.2803,945.0
1753520669160,09:04:29.160,1INCH/USDT:USDT,0.28,219.0,0.2799,2327.0,0.2802,217.0,0.2803,945.0
1753520669250,09:04:29.250,1INCH/USDT:USDT,0.28,219.0,0.2799,2327.0,0.2802,217.0,0.2803,945.0
1753520672458,09:04:32.458,1INCH/USDT:USDT,0.28,219.0,0.2799,2327.0,0.2802,217.0,0.2803,945.0
1753520677258,09:04:37.258,1INCH/USDT:USDT,0.28,219.0,0.2799,2327.0,0.2802,217.0,0.2803,945.0
1753520680882,09:04:40.882,1INCH/USDT:USDT,0.28,219.0,0.2799,512.0,0.2802,217.0,0.2803,945.0
1753520681003,09:04:41.003,1INCH/USDT:USDT,0.28,219.0,0.2799,2327.0,0.2802,217.0,0.2803,945.0
1753520681229,09:04:41.229,1INCH/USDT:USDT,0.28,219.0,0.2799,2399.0,0.2803,218.0,0.2804,511.0
1753520681303,09:04:41.303,1INCH/USDT:USDT,0.2801,215.0,0.28,946.0,0.2803,218.0,0.2804,511.0
1753520681419,09:04:41.419,1INCH/USDT:USDT,0.2801,215.0,0.28,946.0,0.2803,218.0,0.2804,511.0
1753520681802,09:04:41.802,1INCH/USDT:USDT,0.2801,215.0,0.28,946.0,0.2803,218.0,0.2804,511.0
1753520682059,09:04:42.059,1INCH/USDT:USDT,0.2801,215.0,0.28,946.0,0.2803,218.0,0.2804,511.0
1753520682215,09:04:42.215,1INCH/USDT:USDT,0.2801,215.0,0.28,946.0,0.2803,218.0,0.2804,511.0
1753520686859,09:04:46.859,1INCH/USDT:USDT,0.2801,215.0,0.28,946.0,0.2803,218.0,0.2804,511.0
1753520691238,09:04:51.238,1INCH/USDT:USDT,0.2801,215.0,0.28,946.0,0.2803,218.0,0.2804,511.0
1753520691660,09:04:51.660,1INCH/USDT:USDT,0.2801,215.0,0.28,946.0,0.2803,218.0,0.2804,511.0
1753520695149,09:04:55.149,1INCH/USDT:USDT,0.2801,215.0,0.28,946.0,0.2803,218.0,0.2804,511.0
1753520695250,09:04:55.250,1INCH/USDT:USDT,0.2801,215.0,0.28,946.0,0.2803,218.0,0.2804,511.0
1753520696349,09:04:56.349,1INCH/USDT:USDT,0.28,219.0,0.2799,2327.0,0.2802,220.0,0.2803,945.0
1753520696458,09:04:56.458,1INCH/USDT:USDT,0.28,219.0,0.2799,2327.0,0.2802,220.0,0.2803,945.0
1753520700406,09:05:00.406,1INCH/USDT:USDT,0.28,219.0,0.2799,2327.0,0.2802,220.0,0.2803,945.0
1753520701260,09:05:01.260,1INCH/USDT:USDT,0.28,219.0,0.2799,2327.0,0.2802,220.0,0.2803,945.0
1753520701392,09:05:01.392,1INCH/USDT:USDT,0.28,219.0,0.2799,512.0,0.2802,220.0,0.2803,945.0
1753520701546,09:05:01.546,1INCH/USDT:USDT,0.28,219.0,0.2799,2327.0,0.2802,220.0,0.2803,945.0
1753520702874,09:05:02.874,1INCH/USDT:USDT,0.28,219.0,0.2799,2399.0,0.2803,945.0,0.2804,511.0
1753520702920,09:05:02.920,1INCH/USDT:USDT,0.28,219.0,0.2799,2399.0,0.2803,218.0,0.2804,511.0
1753520703130,09:05:03.130,1INCH/USDT:USDT,0.28,219.0,0.2799,2399.0,0.2803,218.0,0.2804,511.0
1753520705267,09:05:05.267,1INCH/USDT:USDT,0.28,219.0,0.2799,2399.0,0.2802,210.0,0.2803,945.0
1753520705403,09:05:05.403,1INCH/USDT:USDT,0.28,219.0,0.2799,2327.0,0.2802,210.0,0.2803,945.0
1753520705554,09:05:05.554,1INCH/USDT:USDT,0.28,219.0,0.2799,2327.0,0.2802,210.0,0.2803,945.0
1753520706059,09:05:06.059,1INCH/USDT:USDT,0.28,219.0,0.2799,2327.0,0.2802,210.0,0.2803,945.0
1753520708883,09:05:08.883,1INCH/USDT:USDT,0.2799,512.0,0.2798,1311.0,0.2802,210.0,0.2803,945.0
1753520709202,09:05:09.202,1INCH/USDT:USDT,0.2799,512.0,0.2798,1311.0,0.2802,210.0,0.2803,945.0
1753520710858,09:05:10.858,1INCH/USDT:USDT,0.2799,512.0,0.2798,1311.0,0.2802,210.0,0.2803,945.0
1753520713261,09:05:13.261,1INCH/USDT:USDT,0.2798,584.0,0.2797,11068.0,0.28,218.0,0.2802,210.0
1753520713368,09:05:13.368,1INCH/USDT:USDT,0.2799,218.0,0.2798,512.0,0.2802,210.0,0.2803,945.0
1753520713457,09:05:13.457,1INCH/USDT:USDT,0.2799,218.0,0.2798,584.0,0.28,218.0,0.2801,727.0
1753520713497,09:05:13.497,1INCH/USDT:USDT,0.2798,584.0,0.2797,2028.0,0.28,218.0,0.2801,727.0
1753520713657,09:05:13.657,1INCH/USDT:USDT,0.2798,584.0,0.2797,2028.0,0.28,218.0,0.2801,727.0
1753520713769,09:05:13.769,1INCH/USDT:USDT,0.2798,512.0,0.2797,2100.0,0.28,218.0,0.2801,727.0
1753520713820,09:05:13.820,1INCH/USDT:USDT,0.2798,512.0,0.2797,2028.0,0.28,218.0,0.2802,510.0
1753520713946,09:05:13.946,1INCH/USDT:USDT,0.2798,512.0,0.2797,2028.0,0.28,218.0,0.2802,510.0
1753520714046,09:05:14.046,1INCH/USDT:USDT,0.2798,512.0,0.2797,2028.0,0.28,218.0,0.2801,727.0
1753520714391,09:05:14.391,1INCH/USDT:USDT,0.2798,512.0,0.2797,2028.0,0.28,218.0,0.2801,727.0
1753520714510,09:05:14.510,1INCH/USDT:USDT,0.2798,512.0,0.2797,2028.0,0.28,218.0,0.2801,727.0
1753520716859,09:05:16.859,1INCH/USDT:USDT,0.2798,512.0,0.2797,2028.0,0.28,218.0,0.2801,727.0
1753520717254,09:05:17.254,1INCH/USDT:USDT,0.2798,512.0,0.2797,2028.0,0.28,218.0,0.2801,727.0
1753520717668,09:05:17.668,1INCH/USDT:USDT,0.2797,213.0,0.2796,1316.0,0.28,218.0,0.2801,727.0
1753520717759,09:05:17.759,1INCH/USDT:USDT,0.2797,213.0,0.2796,1316.0,0.28,218.0,0.2801,727.0
1753520718259,09:05:18.259,1INCH/USDT:USDT,0.2797,213.0,0.2796,1316.0,0.28,218.0,0.2801,727.0
1753520718572,09:05:18.572,1INCH/USDT:USDT,0.2797,213.0,0.2796,1316.0,0.28,218.0,0.2801,727.0
1753520719548,09:05:19.548,1INCH/USDT:USDT,0.2797,213.0,0.2796,1316.0,0.28,218.0,0.2801,727.0
1753520719960,09:05:19.960,1INCH/USDT:USDT,0.2797,213.0,0.2796,1316.0,0.28,218.0,0.2801,727.0
1753520720068,09:05:20.068,1INCH/USDT:USDT,0.2797,213.0,0.2796,1316.0,0.28,218.0,0.2801,727.0
1753520720151,09:05:20.151,1INCH/USDT:USDT,0.2797,213.0,0.2796,1316.0,0.28,218.0,0.2801,727.0
1753520720463,09:05:20.463,1INCH/USDT:USDT,0.2797,213.0,0.2796,1316.0,0.28,218.0,0.2801,727.0
1753520721666,09:05:21.666,1INCH/USDT:USDT,0.2797,213.0,0.2796,589.0,0.28,218.0,0.2801,727.0
1753520721776,09:05:21.776,1INCH/USDT:USDT,0.2797,213.0,0.2796,1316.0,0.28,218.0,0.2801,727.0
1753520722174,09:05:22.174,1INCH/USDT:USDT,0.2797,213.0,0.2796,1316.0,0.28,218.0,0.2801,727.0
1753520722551,09:05:22.551,1INCH/USDT:USDT,0.2797,213.0,0.2796,1316.0,0.28,218.0,0.2801,727.0
1753520722715,09:05:22.715,1INCH/USDT:USDT,0.2797,213.0,0.2796,1316.0,0.28,218.0,0.2801,727.0
1753520724528,09:05:24.528,1INCH/USDT:USDT,0.2797,213.0,0.2796,589.0,0.28,218.0,0.2801,727.0
1753520724634,09:05:24.634,1INCH/USDT:USDT,0.2797,213.0,0.2796,589.0,0.28,218.0,0.2801,727.0
1753520725080,09:05:25.080,1INCH/USDT:USDT,0.2797,213.0,0.2796,1316.0,0.28,218.0,0.2801,727.0
1753520725517,09:05:25.517,1INCH/USDT:USDT,0.2797,213.0,0.2796,1316.0,0.28,218.0,0.2801,727.0
1753520726459,09:05:26.459,1INCH/USDT:USDT,0.2797,213.0,0.2796,1316.0,0.28,218.0,0.2801,727.0
1753520726575,09:05:26.575,1INCH/USDT:USDT,0.2797,213.0,0.2796,1316.0,0.28,218.0,0.2801,727.0
1753520726575,09:05:26.575,1INCH/USDT:USDT,0.2797,213.0,0.2796,1316.0,0.28,218.0,0.2801,727.0
1753520727034,09:05:27.034,1INCH/USDT:USDT,0.2797,213.0,0.2796,1316.0,0.28,218.0,0.2801,727.0
1753520727562,09:05:27.562,1INCH/USDT:USDT,0.2797,213.0,0.2796,1316.0,0.28,218.0,0.2801,727.0
1753520727864,09:05:27.864,1INCH/USDT:USDT,0.2797,213.0,0.2796,1316.0,0.28,218.0,0.2801,727.0
1753520729721,09:05:29.721,1INCH/USDT:USDT,0.2797,213.0,0.2796,589.0,0.28,218.0,0.2801,727.0
1753520730265,09:05:30.265,1INCH/USDT:USDT,0.2797,213.0,0.2796,589.0,0.28,218.0,0.2801,727.0
1753520730368,09:05:30.368,1INCH/USDT:USDT,0.2797,213.0,0.2796,1316.0,0.28,218.0,0.2801,727.0
1753520731259,09:05:31.259,1INCH/USDT:USDT,0.2797,213.0,0.2796,1316.0,0.28,218.0,0.2801,727.0
1753520733469,09:05:33.469,1INCH/USDT:USDT,0.2796,517.0,0.2795,2399.0,0.2799,219.0,0.28,518.0
1753520733542,09:05:33.542,1INCH/USDT:USDT,0.2796,517.0,0.2795,2399.0,0.2799,219.0,0.28,518.0
1753520733878,09:05:33.878,1INCH/USDT:USDT,0.2797,219.0,0.2796,1244.0,0.2799,219.0,0.28,518.0
1753520734368,09:05:34.368,1INCH/USDT:USDT,0.2797,219.0,0.2796,1244.0,0.2799,219.0,0.28,518.0
1753520736062,09:05:36.062,1INCH/USDT:USDT,0.2797,219.0,0.2796,1244.0,0.2799,219.0,0.28,518.0
1753520736259,09:05:36.259,1INCH/USDT:USDT,0.2797,219.0,0.2796,1244.0,0.2799,219.0,0.28,518.0
1753520737190,09:05:37.190,1INCH/USDT:USDT,0.2797,219.0,0.2796,1244.0,0.2799,219.0,0.28,518.0
1753520737333,09:05:37.333,1INCH/USDT:USDT,0.2797,219.0,0.2796,1244.0,0.2799,219.0,0.28,518.0
1753520738953,09:05:38.953,1INCH/USDT:USDT,0.2797,219.0,0.2796,1244.0,0.2799,219.0,0.28,518.0
1753520740859,09:05:40.859,1INCH/USDT:USDT,0.2797,219.0,0.2796,1244.0,0.2799,219.0,0.28,518.0
1753520743949,09:05:43.949,1INCH/USDT:USDT,0.2797,219.0,0.2796,1244.0,0.2799,219.0,0.28,518.0
1753520744162,09:05:44.162,1INCH/USDT:USDT,0.2797,219.0,0.2796,1244.0,0.2799,219.0,0.28,518.0
1753520745659,09:05:45.659,1INCH/USDT:USDT,0.2797,219.0,0.2796,1244.0,0.2799,219.0,0.28,518.0
1753520747065,09:05:47.065,1INCH/USDT:USDT,0.2796,727.0,0.2795,372.0,0.2799,219.0,0.28,518.0
1753520747156,09:05:47.156,1INCH/USDT:USDT,0.2795,372.0,0.2794,1246.0,0.2799,219.0,0.28,518.0
1753520747215,09:05:47.215,1INCH/USDT:USDT,0.2795,589.0,0.2794,1246.0,0.2799,219.0,0.28,518.0
1753520747355,09:05:47.355,1INCH/USDT:USDT,0.2795,289.0,0.2794,1246.0,0.2799,946.0,0.28,518.0
1753520747471,09:05:47.471,1INCH/USDT:USDT,0.2795,289.0,0.2794,1246.0,0.2798,217.0,0.2799,1246.0
1753520747559,09:05:47.559,1INCH/USDT:USDT,0.2795,289.0,0.2794,519.0,0.2798,217.0,0.2799,1246.0
1753520747651,09:05:47.651,1INCH/USDT:USDT,0.2795,289.0,0.2794,519.0,0.2798,217.0,0.2799,1246.0
1753520747739,09:05:47.739,1INCH/USDT:USDT,0.2795,289.0,0.2794,519.0,0.2797,217.0,0.2798,2032.0
1753520747870,09:05:47.870,1INCH/USDT:USDT,0.2795,289.0,0.2794,1246.0,0.2797,217.0,0.2798,2032.0
1753520747913,09:05:47.913,1INCH/USDT:USDT,0.2795,289.0,0.2794,1246.0,0.2797,217.0,0.2798,2032.0
1753520748043,09:05:48.043,1INCH/USDT:USDT,0.2795,217.0,0.2794,1318.0,0.2798,217.0,0.2799,1246.0
1753520748267,09:05:48.267,1INCH/USDT:USDT,0.2795,217.0,0.2794,1246.0,0.2797,217.0,0.2798,2032.0
1753520748278,09:05:48.278,1INCH/USDT:USDT,0.2795,217.0,0.2794,1246.0,0.2797,217.0,0.2798,2032.0
1753520748448,09:05:48.448,1INCH/USDT:USDT,0.2795,217.0,0.2794,1246.0,0.2798,217.0,0.2799,1246.0
1753520748527,09:05:48.527,1INCH/USDT:USDT,0.2795,217.0,0.2794,1318.0,0.2798,217.0,0.2799,1246.0
1753520748652,09:05:48.652,1INCH/USDT:USDT,0.2795,217.0,0.2794,1318.0,0.2798,217.0,0.2799,1246.0
1753520748722,09:05:48.722,1INCH/USDT:USDT,0.2795,217.0,0.2794,1318.0,0.2798,217.0,0.2799,1246.0
1753520748875,09:05:48.875,1INCH/USDT:USDT,0.2795,217.0,0.2794,1318.0,0.2798,217.0,0.2799,1246.0
1753520749292,09:05:49.292,1INCH/USDT:USDT,0.2795,217.0,0.2794,1318.0,0.2798,217.0,0.2799,1246.0
1753520749533,09:05:49.533,1INCH/USDT:USDT,0.2795,217.0,0.2794,1318.0,0.2798,217.0,0.2799,1246.0
1753520749715,09:05:49.715,1INCH/USDT:USDT,0.2795,217.0,0.2794,1318.0,0.2798,217.0,0.2799,1246.0
1753520751461,09:05:51.461,1INCH/USDT:USDT,0.2795,217.0,0.2794,1318.0,0.2798,217.0,0.2799,1246.0
1753520752935,09:05:52.935,1INCH/USDT:USDT,0.2795,217.0,0.2794,1318.0,0.2798,217.0,0.2799,1246.0
1753520752982,09:05:52.982,1INCH/USDT:USDT,0.2795,217.0,0.2794,1318.0,0.2798,217.0,0.2799,1246.0
1753520754894,09:05:54.894,1INCH/USDT:USDT,0.2795,217.0,0.2794,1318.0,0.2798,217.0,0.2799,1246.0
1753520756259,09:05:56.259,1INCH/USDT:USDT,0.2795,217.0,0.2794,1318.0,0.2798,217.0,0.2799,1246.0
1753520756292,09:05:56.292,1INCH/USDT:USDT,0.2795,217.0,0.2794,1318.0,0.2798,217.0,0.2799,1246.0
1753520759928,09:05:59.928,1INCH/USDT:USDT,0.2795,217.0,0.2794,1318.0,0.2798,217.0,0.2799,1246.0
1753520761061,09:06:01.061,1INCH/USDT:USDT,0.2795,217.0,0.2794,1318.0,0.2798,217.0,0.2799,1246.0
1753520765860,09:06:05.860,1INCH/USDT:USDT,0.2795,217.0,0.2794,1318.0,0.2798,217.0,0.2799,1246.0
1753520769293,09:06:09.293,1INCH/USDT:USDT,0.2795,217.0,0.2794,1318.0,0.2798,217.0,0.2799,1246.0
1753520770662,09:06:10.662,1INCH/USDT:USDT,0.2795,217.0,0.2794,1318.0,0.2798,217.0,0.2799,1246.0
1753520775460,09:06:15.460,1INCH/USDT:USDT,0.2795,217.0,0.2794,1318.0,0.2798,217.0,0.2799,1246.0
1753520775949,09:06:15.949,1INCH/USDT:USDT,0.2795,217.0,0.2794,1318.0,0.2798,217.0,0.2799,1246.0
1753520777757,09:06:17.757,1INCH/USDT:USDT,0.2795,217.0,0.2794,1318.0,0.2799,519.0,0.28,2333.0
1753520777870,09:06:17.870,1INCH/USDT:USDT,0.2797,218.0,0.2796,727.0,0.2799,519.0,0.28,518.0
1753520777961,09:06:17.961,1INCH/USDT:USDT,0.2797,218.0,0.2796,727.0,0.2799,519.0,0.28,518.0
1753520778026,09:06:18.026,1INCH/USDT:USDT,0.2797,218.0,0.2796,727.0,0.2799,519.0,0.28,518.0
1753520778245,09:06:18.245,1INCH/USDT:USDT,0.2797,218.0,0.2796,727.0,0.2799,519.0,0.28,518.0
1753520778769,09:06:18.769,1INCH/USDT:USDT,0.2797,218.0,0.2796,727.0,0.2799,218.0,0.28,518.0
1753520778863,09:06:18.863,1INCH/USDT:USDT,0.2797,218.0,0.2796,727.0,0.2799,218.0,0.28,518.0
1753520779150,09:06:19.150,1INCH/USDT:USDT,0.2797,218.0,0.2796,727.0,0.2799,218.0,0.28,518.0
1753520779212,09:06:19.212,1INCH/USDT:USDT,0.2797,218.0,0.2796,727.0,0.2799,218.0,0.28,518.0
1753520779345,09:06:19.345,1INCH/USDT:USDT,0.2797,218.0,0.2796,799.0,0.2799,218.0,0.28,518.0
1753520779568,09:06:19.568,1INCH/USDT:USDT,0.2797,218.0,0.2796,727.0,0.2799,218.0,0.28,518.0
1753520780262,09:06:20.262,1INCH/USDT:USDT,0.2797,218.0,0.2796,727.0,0.2799,218.0,0.28,518.0
1753520782305,09:06:22.305,1INCH/USDT:USDT,0.2797,218.0,0.2796,727.0,0.2799,218.0,0.28,518.0
1753520782690,09:06:22.690,1INCH/USDT:USDT,0.2797,218.0,0.2796,799.0,0.28,518.0,0.2801,1027.0
1753520782851,09:06:22.851,1INCH/USDT:USDT,0.2797,218.0,0.2796,799.0,0.28,518.0,0.2801,1027.0
1753520784199,09:06:24.199,1INCH/USDT:USDT,0.2797,218.0,0.2796,799.0,0.28,218.0,0.2801,1027.0
1753520784707,09:06:24.707,1INCH/USDT:USDT,0.2797,218.0,0.2796,799.0,0.28,218.0,0.2801,1027.0
1753520785070,09:06:25.070,1INCH/USDT:USDT,0.2797,218.0,0.2796,799.0,0.28,218.0,0.2801,1027.0
1753520785773,09:06:25.773,1INCH/USDT:USDT,0.2797,218.0,0.2796,799.0,0.28,218.0,0.2801,300.0
1753520785873,09:06:25.873,1INCH/USDT:USDT,0.2799,216.0,0.2797,290.0,0.2801,516.0,0.2802,2325.0
1753520786079,09:06:26.079,1INCH/USDT:USDT,0.2799,216.0,0.2797,290.0,0.2801,516.0,0.2802,2325.0
1753520786826,09:06:26.826,1INCH/USDT:USDT,0.2799,216.0,0.2797,590.0,0.2801,516.0,0.2802,2325.0
1753520786896,09:06:26.896,1INCH/USDT:USDT,0.2799,216.0,0.2797,590.0,0.2801,516.0,0.2802,2325.0
1753520787549,09:06:27.549,1INCH/USDT:USDT,0.2799,216.0,0.2797,590.0,0.2801,516.0,0.2802,2325.0
1753520787653,09:06:27.653,1INCH/USDT:USDT,0.2799,216.0,0.2797,590.0,0.2801,516.0,0.2802,2325.0
1753520788660,09:06:28.660,1INCH/USDT:USDT,0.2799,216.0,0.2797,2405.0,0.2801,516.0,0.2802,510.0
1753520788781,09:06:28.781,1INCH/USDT:USDT,0.2799,216.0,0.2797,2405.0,0.2801,516.0,0.2802,510.0
1753520788951,09:06:28.951,1INCH/USDT:USDT,0.2799,216.0,0.2798,727.0,0.2801,516.0,0.2802,510.0
1753520789062,09:06:29.062,1INCH/USDT:USDT,0.2799,216.0,0.2798,727.0,0.2801,516.0,0.2802,510.0
1753520789094,09:06:29.094,1INCH/USDT:USDT,0.2799,216.0,0.2798,727.0,0.2801,516.0,0.2802,510.0
1753520789660,09:06:29.660,1INCH/USDT:USDT,0.2799,216.0,0.2797,2405.0,0.2801,516.0,0.2802,510.0
1753520789759,09:06:29.759,1INCH/USDT:USDT,0.2799,216.0,0.2798,727.0,0.2801,516.0,0.2802,510.0
1753520792060,09:06:32.060,1INCH/USDT:USDT,0.2799,216.0,0.2798,727.0,0.2801,516.0,0.2802,510.0
1753520792760,09:06:32.760,1INCH/USDT:USDT,0.2799,216.0,0.2798,727.0,0.2801,516.0,0.2802,510.0
1753520793593,09:06:33.593,1INCH/USDT:USDT,0.2799,216.0,0.2798,727.0,0.2801,216.0,0.2802,510.0
1753520793770,09:06:33.770,1INCH/USDT:USDT,0.2799,216.0,0.2798,727.0,0.2802,510.0,0.2803,1245.0
1753520793854,09:06:33.854,1INCH/USDT:USDT,0.2799,216.0,0.2798,799.0,0.2802,510.0,0.2803,1245.0
1753520794190,09:06:34.190,1INCH/USDT:USDT,0.2799,216.0,0.2798,799.0,0.2802,510.0,0.2803,1245.0
1753520795317,09:06:35.317,1INCH/USDT:USDT,0.2799,216.0,0.2798,799.0,0.2802,510.0,0.2803,1245.0
1753520795469,09:06:35.469,1INCH/USDT:USDT,0.2799,216.0,0.2798,727.0,0.2801,221.0,0.2802,510.0
1753520795814,09:06:35.814,1INCH/USDT:USDT,0.2799,216.0,0.2798,727.0,0.2801,221.0,0.2802,510.0
1753520796670,09:06:36.670,1INCH/USDT:USDT,0.2799,216.0,0.2798,799.0,0.2802,510.0,0.2803,1245.0
1753520796861,09:06:36.861,1INCH/USDT:USDT,0.2799,216.0,0.2798,799.0,0.2802,510.0,0.2803,1245.0
1753520797036,09:06:37.036,1INCH/USDT:USDT,0.2799,216.0,0.2798,799.0,0.2802,510.0,0.2803,1245.0
1753520798257,09:06:38.257,1INCH/USDT:USDT,0.2799,216.0,0.2798,727.0,0.2801,221.0,0.2802,510.0
1753520801661,09:06:41.661,1INCH/USDT:USDT,0.2799,216.0,0.2798,727.0,0.2801,221.0,0.2802,510.0
1753520804607,09:06:44.607,1INCH/USDT:USDT,0.2799,216.0,0.2798,799.0,0.2802,510.0,0.2803,1245.0
1753520804704,09:06:44.704,1INCH/USDT:USDT,0.2799,216.0,0.2798,799.0,0.2802,510.0,0.2803,1245.0
1753520806462,09:06:46.462,1INCH/USDT:USDT,0.2799,216.0,0.2798,799.0,0.2802,510.0,0.2803,1245.0
1753520807469,09:06:47.469,1INCH/USDT:USDT,0.2799,216.0,0.2798,799.0,0.2801,212.0,0.2802,510.0
1753520807540,09:06:47.540,1INCH/USDT:USDT,0.2799,216.0,0.2798,727.0,0.2801,212.0,0.2802,510.0
1753520808721,09:06:48.721,1INCH/USDT:USDT,0.2799,216.0,0.2798,727.0,0.2801,212.0,0.2802,510.0
1753520811261,09:06:51.261,1INCH/USDT:USDT,0.2799,216.0,0.2798,727.0,0.2801,212.0,0.2802,510.0
1753520816062,09:06:56.062,1INCH/USDT:USDT,0.2799,216.0,0.2798,727.0,0.2801,212.0,0.2802,510.0
1753520817547,09:06:57.547,1INCH/USDT:USDT,0.2798,221.0,0.2797,590.0,0.2801,212.0,0.2802,2325.0
1753520817607,09:06:57.607,1INCH/USDT:USDT,0.2798,221.0,0.2797,590.0,0.2801,212.0,0.2802,2325.0
1753520819446,09:06:59.446,1INCH/USDT:USDT,0.2798,221.0,0.2797,590.0,0.2801,212.0,0.2802,2325.0
1753520820863,09:07:00.863,1INCH/USDT:USDT,0.2798,221.0,0.2797,590.0,0.2801,212.0,0.2802,2325.0
1753520823205,09:07:03.205,1INCH/USDT:USDT,0.2798,221.0,0.2797,590.0,0.2801,212.0,0.2802,2325.0
1753520823657,09:07:03.657,1INCH/USDT:USDT,0.2798,221.0,0.2797,590.0,0.2801,212.0,0.2802,2325.0
1753520825661,09:07:05.661,1INCH/USDT:USDT,0.2798,221.0,0.2797,590.0,0.2801,212.0,0.2802,2325.0
1753520827558,09:07:07.558,1INCH/USDT:USDT,0.2798,221.0,0.2797,590.0,0.2801,212.0,0.2802,2325.0
1753520827592,09:07:07.592,1INCH/USDT:USDT,0.2798,221.0,0.2797,590.0,0.2801,212.0,0.2802,2325.0
1753520830463,09:07:10.463,1INCH/USDT:USDT,0.2798,221.0,0.2797,590.0,0.2801,212.0,0.2802,2325.0
1753520830750,09:07:10.750,1INCH/USDT:USDT,0.2798,221.0,0.2797,590.0,0.2801,212.0,0.2802,2325.0
1753520835262,09:07:15.262,1INCH/USDT:USDT,0.2798,221.0,0.2797,590.0,0.2801,212.0,0.2802,2325.0
1753520836041,09:07:16.041,1INCH/USDT:USDT,0.2798,221.0,0.2797,590.0,0.2801,212.0,0.2802,2325.0
1753520837011,09:07:17.011,1INCH/USDT:USDT,0.2798,221.0,0.2797,590.0,0.2801,212.0,0.2802,2325.0
1753520840062,09:07:20.062,1INCH/USDT:USDT,0.2798,221.0,0.2797,590.0,0.2801,212.0,0.2802,2325.0
1753520844449,09:07:24.449,1INCH/USDT:USDT,0.2798,221.0,0.2797,518.0,0.28,218.0,0.2801,939.0
1753520844569,09:07:24.569,1INCH/USDT:USDT,0.2798,221.0,0.2797,590.0,0.2801,212.0,0.2802,2325.0
1753520844661,09:07:24.661,1INCH/USDT:USDT,0.2798,221.0,0.2797,590.0,0.2801,212.0,0.2802,2325.0
1753520844862,09:07:24.862,1INCH/USDT:USDT,0.2798,221.0,0.2797,590.0,0.2801,212.0,0.2802,2325.0
1753520847367,09:07:27.367,1INCH/USDT:USDT,0.2798,221.0,0.2797,590.0,0.2801,212.0,0.2802,2325.0
1753520847780,09:07:27.780,1INCH/USDT:USDT,0.2798,221.0,0.2797,590.0,0.2801,212.0,0.2802,2325.0
1753520849662,09:07:29.662,1INCH/USDT:USDT,0.2798,221.0,0.2797,590.0,0.2801,212.0,0.2802,2325.0
1753520851303,09:07:31.303,1INCH/USDT:USDT,0.2798,221.0,0.2797,590.0,0.2801,212.0,0.2802,2325.0
1753520854462,09:07:34.462,1INCH/USDT:USDT,0.2798,221.0,0.2797,590.0,0.2801,212.0,0.2802,2325.0
1753520855371,09:07:35.371,1INCH/USDT:USDT,0.2798,221.0,0.2797,2405.0,0.2801,212.0,0.2802,510.0
1753520855427,09:07:35.427,1INCH/USDT:USDT,0.2799,211.0,0.2798,948.0,0.2801,212.0,0.2802,510.0
1753520855524,09:07:35.524,1INCH/USDT:USDT,0.2799,211.0,0.2798,948.0,0.2801,212.0,0.2802,510.0
1753520855852,09:07:35.852,1INCH/USDT:USDT,0.2799,211.0,0.2798,948.0,0.2801,212.0,0.2802,510.0
1753520856278,09:07:36.278,1INCH/USDT:USDT,0.2799,211.0,0.2798,948.0,0.2801,212.0,0.2802,510.0
1753520856604,09:07:36.604,1INCH/USDT:USDT,0.2799,211.0,0.2798,948.0,0.2801,212.0,0.2802,510.0
1753520858956,09:07:38.956,1INCH/USDT:USDT,0.2799,211.0,0.2798,948.0,0.2801,212.0,0.2802,510.0
1753520859262,09:07:39.262,1INCH/USDT:USDT,0.2799,211.0,0.2798,948.0,0.2801,212.0,0.2802,510.0
1753520859548,09:07:39.548,1INCH/USDT:USDT,0.2799,211.0,0.2798,948.0,0.2801,212.0,0.2802,510.0
1753520860349,09:07:40.349,1INCH/USDT:USDT,0.2799,211.0,0.2798,948.0,0.2801,212.0,0.2802,510.0
1753520860381,09:07:40.381,1INCH/USDT:USDT,0.2799,211.0,0.2798,948.0,0.2801,212.0,0.2802,510.0
1753520860805,09:07:40.805,1INCH/USDT:USDT,0.2799,211.0,0.2798,948.0,0.2801,212.0,0.2802,510.0
1753520861456,09:07:41.456,1INCH/USDT:USDT,0.2798,948.0,0.2797,590.0,0.2801,212.0,0.2802,510.0
1753520861570,09:07:41.570,1INCH/USDT:USDT,0.2798,221.0,0.2797,518.0,0.28,217.0,0.2801,212.0
1753520861655,09:07:41.655,1INCH/USDT:USDT,0.2798,221.0,0.2797,518.0,0.2801,212.0,0.2802,2325.0
1753520861728,09:07:41.728,1INCH/USDT:USDT,0.2798,221.0,0.2797,590.0,0.2801,212.0,0.2802,2325.0
1753520861985,09:07:41.985,1INCH/USDT:USDT,0.2798,221.0,0.2797,590.0,0.28,217.0,0.2801,512.0
1753520862131,09:07:42.131,1INCH/USDT:USDT,0.2798,221.0,0.2797,518.0,0.28,217.0,0.2801,512.0
1753520862394,09:07:42.394,1INCH/USDT:USDT,0.2798,221.0,0.2797,518.0,0.28,217.0,0.2801,512.0
1753520864063,09:07:44.063,1INCH/USDT:USDT,0.2798,221.0,0.2797,518.0,0.28,217.0,0.2801,512.0
1753520864421,09:07:44.421,1INCH/USDT:USDT,0.2798,221.0,0.2797,518.0,0.28,217.0,0.2801,512.0
1753520864866,09:07:44.866,1INCH/USDT:USDT,0.2798,221.0,0.2797,518.0,0.28,217.0,0.2801,512.0
1753520868156,09:07:48.156,1INCH/USDT:USDT,0.2798,221.0,0.2797,590.0,0.2801,512.0,0.2802,510.0
1753520868250,09:07:48.250,1INCH/USDT:USDT,0.2798,221.0,0.2797,590.0,0.2801,512.0,0.2802,510.0
1753520868454,09:07:48.454,1INCH/USDT:USDT,0.2798,221.0,0.2797,590.0,0.2801,512.0,0.2802,2325.0
1753520868862,09:07:48.862,1INCH/USDT:USDT,0.2798,221.0,0.2797,590.0,0.2801,512.0,0.2802,2325.0
1753520869303,09:07:49.303,1INCH/USDT:USDT,0.2798,221.0,0.2797,590.0,0.2801,512.0,0.2802,510.0
1753520869446,09:07:49.446,1INCH/USDT:USDT,0.2799,220.0,0.2798,948.0,0.2801,512.0,0.2802,510.0
1753520869661,09:07:49.661,1INCH/USDT:USDT,0.2799,220.0,0.2798,948.0,0.2801,512.0,0.2802,510.0
1753520869912,09:07:49.912,1INCH/USDT:USDT,0.2799,220.0,0.2798,948.0,0.2801,512.0,0.2802,510.0
1753520872188,09:07:52.188,1INCH/USDT:USDT,0.2799,220.0,0.2798,948.0,0.2801,512.0,0.2802,510.0
1753520873662,09:07:53.662,1INCH/USDT:USDT,0.2799,220.0,0.2798,948.0,0.2801,512.0,0.2802,510.0
1753520874010,09:07:54.010,1INCH/USDT:USDT,0.2799,220.0,0.2798,948.0,0.2801,512.0,0.2802,510.0
1753520874163,09:07:54.163,1INCH/USDT:USDT,0.2799,220.0,0.2798,948.0,0.2801,512.0,0.2802,510.0
1753520876156,09:07:56.156,1INCH/USDT:USDT,0.2799,220.0,0.2798,948.0,0.2801,300.0,0.2802,510.0
1753520876686,09:07:56.686,1INCH/USDT:USDT,0.2799,220.0,0.2798,948.0,0.2801,300.0,0.2802,510.0
1753520876804,09:07:56.804,1INCH/USDT:USDT,0.2799,220.0,0.2798,948.0,0.2801,300.0,0.2802,510.0
1753520877766,09:07:57.766,1INCH/USDT:USDT,0.2799,220.0,0.2798,948.0,0.2801,300.0,0.2802,510.0
1753520877929,09:07:57.929,1INCH/USDT:USDT,0.2799,220.0,0.2798,948.0,0.2801,300.0,0.2802,510.0
1753520878463,09:07:58.463,1INCH/USDT:USDT,0.2799,220.0,0.2798,948.0,0.2801,300.0,0.2802,510.0
1753520878835,09:07:58.835,1INCH/USDT:USDT,0.2799,220.0,0.2798,948.0,0.2801,300.0,0.2802,510.0
1753520879041,09:07:59.041,1INCH/USDT:USDT,0.2799,220.0,0.2798,948.0,0.2801,300.0,0.2802,510.0
1753520880132,09:08:00.132,1INCH/USDT:USDT,0.2799,220.0,0.2798,1020.0,0.2802,510.0,0.2803,1245.0
1753520881251,09:08:01.251,1INCH/USDT:USDT,0.2799,220.0,0.2798,1020.0,0.2802,510.0,0.2803,1245.0
1753520881368,09:08:01.368,1INCH/USDT:USDT,0.2799,220.0,0.2798,1020.0,0.2802,510.0,0.2803,518.0
1753520881461,09:08:01.461,1INCH/USDT:USDT,0.2799,220.0,0.2798,1020.0,0.2802,510.0,0.2803,1245.0
1753520881581,09:08:01.581,1INCH/USDT:USDT,0.2799,220.0,0.2798,1020.0,0.2802,510.0,0.2803,1245.0
1753520882605,09:08:02.605,1INCH/USDT:USDT,0.2799,220.0,0.2798,1020.0,0.2802,510.0,0.2803,1245.0
1753520883263,09:08:03.263,1INCH/USDT:USDT,0.2799,220.0,0.2798,1020.0,0.2802,510.0,0.2803,1245.0
1753520884061,09:08:04.061,1INCH/USDT:USDT,0.2799,220.0,0.2798,1020.0,0.2802,510.0,0.2803,1245.0
1753520884083,09:08:04.083,1INCH/USDT:USDT,0.2799,220.0,0.2798,1020.0,0.2802,510.0,0.2803,1245.0
1753520884229,09:08:04.229,1INCH/USDT:USDT,0.2799,220.0,0.2798,1020.0,0.2802,510.0,0.2803,1245.0
1753520884306,09:08:04.306,1INCH/USDT:USDT,0.2799,220.0,0.2798,1020.0,0.2802,510.0,0.2803,1245.0
1753520884979,09:08:04.979,1INCH/USDT:USDT,0.2799,220.0,0.2798,1020.0,0.2802,510.0,0.2803,1245.0
1753520885605,09:08:05.605,1INCH/USDT:USDT,0.2799,220.0,0.2798,1020.0,0.2802,510.0,0.2803,1245.0
1753520886399,09:08:06.399,1INCH/USDT:USDT,0.2799,220.0,0.2798,1020.0,0.2802,510.0,0.2803,1245.0
1753520886772,09:08:06.772,1INCH/USDT:USDT,0.2799,220.0,0.2798,948.0,0.2801,214.0,0.2802,510.0
1753520886780,09:08:06.780,1INCH/USDT:USDT,0.2799,220.0,0.2798,948.0,0.2801,214.0,0.2802,510.0
1753520886979,09:08:06.979,1INCH/USDT:USDT,0.2799,220.0,0.2798,948.0,0.2801,214.0,0.2802,510.0
1753520887181,09:08:07.181,1INCH/USDT:USDT,0.2799,220.0,0.2798,948.0,0.2801,214.0,0.2802,510.0
1753520888063,09:08:08.063,1INCH/USDT:USDT,0.2799,220.0,0.2798,948.0,0.2801,214.0,0.2802,510.0
1753520890426,09:08:10.426,1INCH/USDT:USDT,0.2799,220.0,0.2798,948.0,0.2801,214.0,0.2802,510.0
1753520892863,09:08:12.863,1INCH/USDT:USDT,0.2799,220.0,0.2798,948.0,0.2801,214.0,0.2802,510.0
