timestamp,time,symbol,bid1_price,bid1_volume,bid2_price,bid2_volume,ask1_price,ask1_volume,ask2_price,ask2_volume
1753531579000,12:06:19.000,ATOM/USDT:USDT,4.713,128.0,4.712,123.0,4.715,58.0,4.716,155.0
1753531580119,12:06:20.119,ATOM/USDT:USDT,4.713,108.0,4.712,123.0,4.715,58.0,4.716,155.0
1753531580378,12:06:20.378,ATOM/USDT:USDT,4.713,110.0,4.712,123.0,4.715,58.0,4.716,155.0
1753531580503,12:06:20.503,ATOM/USDT:USDT,4.713,110.0,4.712,123.0,4.715,58.0,4.716,155.0
1753531580678,12:06:20.678,ATOM/USDT:USDT,4.713,110.0,4.712,123.0,4.715,58.0,4.716,155.0
1753531580825,12:06:20.825,ATOM/USDT:USDT,4.713,110.0,4.712,123.0,4.715,58.0,4.716,155.0
1753531581197,12:06:21.197,ATOM/USDT:USDT,4.713,110.0,4.712,123.0,4.715,58.0,4.716,155.0
1753531581290,12:06:21.290,ATOM/USDT:USDT,4.713,110.0,4.712,123.0,4.715,58.0,4.716,155.0
1753531581709,12:06:21.709,ATOM/USDT:USDT,4.713,110.0,4.712,123.0,4.715,58.0,4.716,155.0
1753531581901,12:06:21.901,ATOM/USDT:USDT,4.713,110.0,4.712,123.0,4.715,58.0,4.716,155.0
1753531582021,12:06:22.021,ATOM/USDT:USDT,4.713,109.0,4.712,123.0,4.715,58.0,4.716,155.0
1753531582035,12:06:22.035,ATOM/USDT:USDT,4.713,109.0,4.712,123.0,4.715,58.0,4.716,155.0
1753531582154,12:06:22.154,ATOM/USDT:USDT,4.713,109.0,4.712,123.0,4.715,58.0,4.716,155.0
1753531582324,12:06:22.324,ATOM/USDT:USDT,4.713,130.0,4.712,123.0,4.715,58.0,4.716,155.0
1753531582489,12:06:22.489,ATOM/USDT:USDT,4.713,130.0,4.712,123.0,4.715,58.0,4.716,155.0
1753531582963,12:06:22.963,ATOM/USDT:USDT,4.713,130.0,4.712,123.0,4.715,58.0,4.716,155.0
1753531583045,12:06:23.045,ATOM/USDT:USDT,4.713,130.0,4.712,123.0,4.715,58.0,4.716,155.0
1753531583182,12:06:23.182,ATOM/USDT:USDT,4.713,130.0,4.712,123.0,4.715,58.0,4.716,155.0
1753531583268,12:06:23.268,ATOM/USDT:USDT,4.713,130.0,4.712,123.0,4.715,58.0,4.716,155.0
1753531583408,12:06:23.408,ATOM/USDT:USDT,4.713,130.0,4.712,123.0,4.715,58.0,4.716,155.0
1753531583727,12:06:23.727,ATOM/USDT:USDT,4.713,130.0,4.712,123.0,4.715,58.0,4.716,155.0
1753531584004,12:06:24.004,ATOM/USDT:USDT,4.713,130.0,4.712,123.0,4.715,58.0,4.716,155.0
1753531584076,12:06:24.076,ATOM/USDT:USDT,4.713,130.0,4.712,123.0,4.715,58.0,4.716,155.0
1753531584192,12:06:24.192,ATOM/USDT:USDT,4.713,130.0,4.712,123.0,4.715,58.0,4.716,155.0
1753531584284,12:06:24.284,ATOM/USDT:USDT,4.713,130.0,4.712,123.0,4.715,58.0,4.716,155.0
1753531584415,12:06:24.415,ATOM/USDT:USDT,4.713,130.0,4.712,123.0,4.715,58.0,4.716,155.0
1753531584549,12:06:24.549,ATOM/USDT:USDT,4.713,130.0,4.712,123.0,4.715,58.0,4.716,155.0
1753531586064,12:06:26.064,ATOM/USDT:USDT,4.713,130.0,4.712,123.0,4.715,58.0,4.716,155.0
1753531586196,12:06:26.196,ATOM/USDT:USDT,4.713,130.0,4.712,123.0,4.715,58.0,4.716,155.0
1753531586300,12:06:26.300,ATOM/USDT:USDT,4.713,130.0,4.712,123.0,4.715,58.0,4.716,155.0
1753531586823,12:06:26.823,ATOM/USDT:USDT,4.713,130.0,4.712,123.0,4.715,58.0,4.716,155.0
1753531586866,12:06:26.866,ATOM/USDT:USDT,4.713,130.0,4.712,123.0,4.715,58.0,4.716,155.0
1753531587114,12:06:27.114,ATOM/USDT:USDT,4.713,130.0,4.712,123.0,4.715,58.0,4.716,155.0
1753531587178,12:06:27.178,ATOM/USDT:USDT,4.713,130.0,4.712,123.0,4.715,58.0,4.716,155.0
1753531587446,12:06:27.446,ATOM/USDT:USDT,4.713,130.0,4.712,123.0,4.715,58.0,4.716,155.0
1753531587773,12:06:27.773,ATOM/USDT:USDT,4.713,110.0,4.712,123.0,4.715,58.0,4.716,155.0
1753531587834,12:06:27.834,ATOM/USDT:USDT,4.713,110.0,4.712,123.0,4.715,58.0,4.716,155.0
1753531587973,12:06:27.973,ATOM/USDT:USDT,4.713,110.0,4.712,123.0,4.715,58.0,4.716,155.0
1753531588036,12:06:28.036,ATOM/USDT:USDT,4.713,110.0,4.712,123.0,4.715,58.0,4.716,155.0
1753531588588,12:06:28.588,ATOM/USDT:USDT,4.713,130.0,4.712,123.0,4.715,58.0,4.716,155.0
1753531588697,12:06:28.697,ATOM/USDT:USDT,4.713,109.0,4.712,123.0,4.716,155.0,4.717,459.0
1753531588744,12:06:28.744,ATOM/USDT:USDT,4.713,110.0,4.712,123.0,4.715,61.0,4.716,155.0
1753531588832,12:06:28.832,ATOM/USDT:USDT,4.713,110.0,4.712,123.0,4.715,61.0,4.716,155.0
1753531588984,12:06:28.984,ATOM/USDT:USDT,4.713,110.0,4.712,123.0,4.715,61.0,4.716,155.0
1753531589269,12:06:29.269,ATOM/USDT:USDT,4.713,110.0,4.712,123.0,4.715,61.0,4.716,155.0
1753531589921,12:06:29.921,ATOM/USDT:USDT,4.713,110.0,4.712,121.0,4.715,60.0,4.716,155.0
1753531590080,12:06:30.080,ATOM/USDT:USDT,4.713,110.0,4.712,121.0,4.715,60.0,4.716,155.0
1753531590173,12:06:30.173,ATOM/USDT:USDT,4.713,110.0,4.712,121.0,4.715,60.0,4.716,155.0
1753531590253,12:06:30.253,ATOM/USDT:USDT,4.713,110.0,4.712,121.0,4.715,60.0,4.716,155.0
1753531591198,12:06:31.198,ATOM/USDT:USDT,4.713,110.0,4.712,141.0,4.715,60.0,4.716,155.0
1753531591255,12:06:31.255,ATOM/USDT:USDT,4.713,109.0,4.712,141.0,4.715,62.0,4.716,155.0
1753531591346,12:06:31.346,ATOM/USDT:USDT,4.713,109.0,4.712,141.0,4.715,61.0,4.716,155.0
1753531591715,12:06:31.715,ATOM/USDT:USDT,4.713,109.0,4.712,141.0,4.715,61.0,4.716,155.0
1753531591996,12:06:31.996,ATOM/USDT:USDT,4.713,110.0,4.712,141.0,4.715,60.0,4.716,155.0
1753531592072,12:06:32.072,ATOM/USDT:USDT,4.713,110.0,4.712,141.0,4.715,60.0,4.716,155.0
1753531592425,12:06:32.425,ATOM/USDT:USDT,4.713,110.0,4.712,141.0,4.715,61.0,4.716,155.0
1753531592470,12:06:32.470,ATOM/USDT:USDT,4.713,110.0,4.712,141.0,4.715,60.0,4.716,155.0
1753531592994,12:06:32.994,ATOM/USDT:USDT,4.713,108.0,4.712,141.0,4.715,62.0,4.716,155.0
1753531593125,12:06:33.125,ATOM/USDT:USDT,4.713,108.0,4.712,141.0,4.715,62.0,4.716,155.0
1753531593243,12:06:33.243,ATOM/USDT:USDT,4.713,108.0,4.712,141.0,4.715,62.0,4.716,155.0
1753531593416,12:06:33.416,ATOM/USDT:USDT,4.713,108.0,4.712,141.0,4.715,62.0,4.716,155.0
1753531593442,12:06:33.442,ATOM/USDT:USDT,4.713,50.0,4.712,141.0,4.714,60.0,4.715,61.0
1753531593862,12:06:33.862,ATOM/USDT:USDT,4.713,50.0,4.712,141.0,4.714,60.0,4.715,61.0
1753531594020,12:06:34.020,ATOM/USDT:USDT,4.713,50.0,4.712,141.0,4.715,62.0,4.716,155.0
1753531594086,12:06:34.086,ATOM/USDT:USDT,4.713,110.0,4.712,141.0,4.715,62.0,4.716,155.0
1753531596226,12:06:36.226,ATOM/USDT:USDT,4.713,112.0,4.712,141.0,4.715,61.0,4.716,155.0
1753531596303,12:06:36.303,ATOM/USDT:USDT,4.713,111.0,4.712,141.0,4.715,62.0,4.716,155.0
1753531596733,12:06:36.733,ATOM/USDT:USDT,4.713,110.0,4.712,141.0,4.715,62.0,4.716,155.0
1753531596855,12:06:36.855,ATOM/USDT:USDT,4.713,110.0,4.712,141.0,4.715,62.0,4.716,155.0
1753531597165,12:06:37.165,ATOM/USDT:USDT,4.713,110.0,4.712,141.0,4.715,62.0,4.716,155.0
1753531597311,12:06:37.311,ATOM/USDT:USDT,4.713,110.0,4.712,141.0,4.715,62.0,4.716,155.0
1753531597526,12:06:37.526,ATOM/USDT:USDT,4.713,112.0,4.712,141.0,4.715,62.0,4.716,155.0
1753531597528,12:06:37.528,ATOM/USDT:USDT,4.713,112.0,4.712,141.0,4.715,62.0,4.716,155.0
1753531597719,12:06:37.719,ATOM/USDT:USDT,4.713,110.0,4.712,141.0,4.715,62.0,4.716,155.0
1753531597826,12:06:37.826,ATOM/USDT:USDT,4.713,110.0,4.712,141.0,4.715,62.0,4.716,155.0
1753531597964,12:06:37.964,ATOM/USDT:USDT,4.713,110.0,4.712,141.0,4.715,62.0,4.716,155.0
1753531598079,12:06:38.079,ATOM/USDT:USDT,4.713,110.0,4.712,141.0,4.715,62.0,4.716,155.0
1753531598815,12:06:38.815,ATOM/USDT:USDT,4.713,111.0,4.712,141.0,4.715,62.0,4.716,155.0
1753531598880,12:06:38.880,ATOM/USDT:USDT,4.713,110.0,4.712,141.0,4.715,62.0,4.716,155.0
1753531599534,12:06:39.534,ATOM/USDT:USDT,4.713,112.0,4.712,141.0,4.715,60.0,4.716,155.0
1753531599694,12:06:39.694,ATOM/USDT:USDT,4.713,112.0,4.712,141.0,4.715,60.0,4.716,155.0
1753531599759,12:06:39.759,ATOM/USDT:USDT,4.713,112.0,4.712,141.0,4.715,60.0,4.716,155.0
1753531599904,12:06:39.904,ATOM/USDT:USDT,4.713,112.0,4.712,141.0,4.715,60.0,4.716,155.0
1753531599996,12:06:39.996,ATOM/USDT:USDT,4.713,112.0,4.712,141.0,4.715,60.0,4.716,155.0
1753531600124,12:06:40.124,ATOM/USDT:USDT,4.714,59.0,4.713,112.0,4.715,60.0,4.716,110.0
1753531600196,12:06:40.196,ATOM/USDT:USDT,4.714,59.0,4.713,110.0,4.716,111.0,4.717,459.0
1753531600789,12:06:40.789,ATOM/USDT:USDT,4.714,59.0,4.713,110.0,4.716,155.0,4.717,459.0
1753531600919,12:06:40.919,ATOM/USDT:USDT,4.714,59.0,4.713,110.0,4.716,155.0,4.717,459.0
1753531601422,12:06:41.422,ATOM/USDT:USDT,4.714,59.0,4.713,110.0,4.716,111.0,4.717,459.0
1753531601471,12:06:41.471,ATOM/USDT:USDT,4.714,59.0,4.713,110.0,4.716,111.0,4.717,459.0
1753531601641,12:06:41.641,ATOM/USDT:USDT,4.714,59.0,4.713,110.0,4.716,111.0,4.717,459.0
1753531601758,12:06:41.758,ATOM/USDT:USDT,4.714,59.0,4.713,110.0,4.716,111.0,4.717,459.0
1753531601853,12:06:41.853,ATOM/USDT:USDT,4.714,59.0,4.713,110.0,4.716,111.0,4.717,459.0
1753531602400,12:06:42.400,ATOM/USDT:USDT,4.714,59.0,4.713,110.0,4.716,111.0,4.717,459.0
1753531602524,12:06:42.524,ATOM/USDT:USDT,4.714,59.0,4.713,110.0,4.716,111.0,4.717,459.0
1753531603523,12:06:43.523,ATOM/USDT:USDT,4.714,59.0,4.713,110.0,4.716,111.0,4.717,459.0
1753531603565,12:06:43.565,ATOM/USDT:USDT,4.714,59.0,4.713,110.0,4.716,112.0,4.717,459.0
1753531603923,12:06:43.923,ATOM/USDT:USDT,4.713,110.0,4.712,141.0,4.716,156.0,4.717,459.0
1753531603968,12:06:43.968,ATOM/USDT:USDT,4.713,111.0,4.712,141.0,4.715,59.0,4.716,156.0
1753531604102,12:06:44.102,ATOM/USDT:USDT,4.713,110.0,4.712,141.0,4.715,60.0,4.716,155.0
1753531604151,12:06:44.151,ATOM/USDT:USDT,4.713,110.0,4.712,141.0,4.715,60.0,4.716,155.0
1753531604238,12:06:44.238,ATOM/USDT:USDT,4.713,110.0,4.712,141.0,4.715,60.0,4.716,155.0
1753531604394,12:06:44.394,ATOM/USDT:USDT,4.713,110.0,4.712,141.0,4.715,60.0,4.716,155.0
1753531604510,12:06:44.510,ATOM/USDT:USDT,4.713,110.0,4.712,141.0,4.715,61.0,4.716,155.0
1753531604596,12:06:44.596,ATOM/USDT:USDT,4.713,110.0,4.712,141.0,4.715,61.0,4.716,155.0
1753531604715,12:06:44.715,ATOM/USDT:USDT,4.713,110.0,4.712,141.0,4.715,111.0,4.716,155.0
1753531604789,12:06:44.789,ATOM/USDT:USDT,4.713,110.0,4.712,141.0,4.715,111.0,4.716,155.0
1753531605070,12:06:45.070,ATOM/USDT:USDT,4.713,110.0,4.712,141.0,4.715,111.0,4.716,155.0
1753531605195,12:06:45.195,ATOM/USDT:USDT,4.713,110.0,4.712,141.0,4.715,111.0,4.716,155.0
1753531605303,12:06:45.303,ATOM/USDT:USDT,4.713,110.0,4.712,141.0,4.715,110.0,4.716,155.0
1753531605789,12:06:45.789,ATOM/USDT:USDT,4.713,110.0,4.712,141.0,4.715,111.0,4.716,155.0
1753531605894,12:06:45.894,ATOM/USDT:USDT,4.713,111.0,4.712,141.0,4.715,111.0,4.716,155.0
1753531605985,12:06:45.985,ATOM/USDT:USDT,4.713,112.0,4.712,141.0,4.715,110.0,4.716,155.0
1753531606077,12:06:46.077,ATOM/USDT:USDT,4.713,111.0,4.712,141.0,4.715,111.0,4.716,155.0
1753531606307,12:06:46.307,ATOM/USDT:USDT,4.713,110.0,4.712,141.0,4.715,111.0,4.716,155.0
1753531606504,12:06:46.504,ATOM/USDT:USDT,4.713,110.0,4.712,141.0,4.715,111.0,4.716,155.0
1753531606616,12:06:46.616,ATOM/USDT:USDT,4.713,112.0,4.712,141.0,4.715,109.0,4.716,155.0
1753531606718,12:06:46.718,ATOM/USDT:USDT,4.713,110.0,4.712,141.0,4.715,111.0,4.716,155.0
1753531608685,12:06:48.685,ATOM/USDT:USDT,4.713,50.0,4.712,141.0,4.714,59.0,4.715,110.0
1753531608732,12:06:48.732,ATOM/USDT:USDT,4.713,50.0,4.712,141.0,4.714,59.0,4.715,110.0
1753531608894,12:06:48.894,ATOM/USDT:USDT,4.713,50.0,4.712,141.0,4.714,59.0,4.715,110.0
1753531609053,12:06:49.053,ATOM/USDT:USDT,4.713,50.0,4.712,141.0,4.714,59.0,4.715,110.0
1753531609706,12:06:49.706,ATOM/USDT:USDT,4.713,109.0,4.712,141.0,4.715,111.0,4.716,155.0
1753531609806,12:06:49.806,ATOM/USDT:USDT,4.713,109.0,4.712,141.0,4.715,111.0,4.716,155.0
1753531609870,12:06:49.870,ATOM/USDT:USDT,4.713,109.0,4.712,141.0,4.715,111.0,4.716,155.0
1753531610218,12:06:50.218,ATOM/USDT:USDT,4.713,111.0,4.712,141.0,4.715,109.0,4.716,155.0
1753531610293,12:06:50.293,ATOM/USDT:USDT,4.713,111.0,4.712,141.0,4.715,109.0,4.716,155.0
1753531610544,12:06:50.544,ATOM/USDT:USDT,4.713,111.0,4.712,141.0,4.715,109.0,4.716,155.0
1753531610921,12:06:50.921,ATOM/USDT:USDT,4.713,111.0,4.712,141.0,4.715,109.0,4.716,155.0
1753531611107,12:06:51.107,ATOM/USDT:USDT,4.713,111.0,4.712,141.0,4.715,109.0,4.716,155.0
1753531611478,12:06:51.478,ATOM/USDT:USDT,4.713,111.0,4.712,141.0,4.715,109.0,4.716,155.0
1753531611628,12:06:51.628,ATOM/USDT:USDT,4.713,111.0,4.712,141.0,4.715,109.0,4.716,155.0
1753531611822,12:06:51.822,ATOM/USDT:USDT,4.713,111.0,4.712,141.0,4.715,109.0,4.716,155.0
1753531611904,12:06:51.904,ATOM/USDT:USDT,4.713,111.0,4.712,141.0,4.715,109.0,4.716,155.0
1753531612012,12:06:52.012,ATOM/USDT:USDT,4.713,111.0,4.712,141.0,4.715,109.0,4.716,155.0
1753531612110,12:06:52.110,ATOM/USDT:USDT,4.713,111.0,4.712,141.0,4.715,110.0,4.716,155.0
1753531612174,12:06:52.174,ATOM/USDT:USDT,4.713,111.0,4.712,141.0,4.715,110.0,4.716,155.0
1753531612284,12:06:52.284,ATOM/USDT:USDT,4.713,111.0,4.712,141.0,4.715,110.0,4.716,155.0
1753531612421,12:06:52.421,ATOM/USDT:USDT,4.713,111.0,4.712,141.0,4.715,109.0,4.716,155.0
1753531612514,12:06:52.514,ATOM/USDT:USDT,4.714,61.0,4.713,111.0,4.715,50.0,4.716,155.0
1753531612623,12:06:52.623,ATOM/USDT:USDT,4.714,61.0,4.713,111.0,4.715,50.0,4.716,155.0
1753531613409,12:06:53.409,ATOM/USDT:USDT,4.714,61.0,4.713,110.0,4.716,156.0,4.717,459.0
1753531613512,12:06:53.512,ATOM/USDT:USDT,4.714,61.0,4.713,110.0,4.716,156.0,4.717,459.0
1753531613625,12:06:53.625,ATOM/USDT:USDT,4.714,61.0,4.713,109.0,4.716,156.0,4.717,459.0
1753531613712,12:06:53.712,ATOM/USDT:USDT,4.714,61.0,4.713,109.0,4.716,156.0,4.717,459.0
1753531613864,12:06:53.864,ATOM/USDT:USDT,4.714,61.0,4.713,109.0,4.716,111.0,4.717,459.0
1753531613937,12:06:53.937,ATOM/USDT:USDT,4.714,61.0,4.713,109.0,4.716,157.0,4.717,459.0
1753531614505,12:06:54.505,ATOM/USDT:USDT,4.714,61.0,4.713,109.0,4.716,156.0,4.717,459.0
1753531614672,12:06:54.672,ATOM/USDT:USDT,4.714,61.0,4.713,109.0,4.716,156.0,4.717,459.0
1753531614954,12:06:54.954,ATOM/USDT:USDT,4.714,61.0,4.713,109.0,4.716,156.0,4.717,459.0
1753531615350,12:06:55.350,ATOM/USDT:USDT,4.714,61.0,4.713,109.0,4.716,111.0,4.717,459.0
1753531615580,12:06:55.580,ATOM/USDT:USDT,4.714,61.0,4.713,109.0,4.716,111.0,4.717,459.0
1753531615705,12:06:55.705,ATOM/USDT:USDT,4.714,61.0,4.713,109.0,4.716,111.0,4.717,459.0
1753531615782,12:06:55.782,ATOM/USDT:USDT,4.714,61.0,4.713,109.0,4.716,111.0,4.717,459.0
1753531616381,12:06:56.381,ATOM/USDT:USDT,4.714,61.0,4.713,109.0,4.716,111.0,4.717,459.0
1753531616489,12:06:56.489,ATOM/USDT:USDT,4.714,61.0,4.713,109.0,4.716,156.0,4.717,459.0
1753531616667,12:06:56.667,ATOM/USDT:USDT,4.714,61.0,4.713,109.0,4.716,112.0,4.717,459.0
1753531616777,12:06:56.777,ATOM/USDT:USDT,4.714,61.0,4.713,109.0,4.716,112.0,4.717,459.0
1753531617380,12:06:57.380,ATOM/USDT:USDT,4.714,61.0,4.713,109.0,4.716,112.0,4.717,459.0
1753531617451,12:06:57.451,ATOM/USDT:USDT,4.714,61.0,4.713,109.0,4.716,112.0,4.717,459.0
1753531617537,12:06:57.537,ATOM/USDT:USDT,4.714,61.0,4.713,109.0,4.716,112.0,4.717,459.0
1753531618063,12:06:58.063,ATOM/USDT:USDT,4.714,61.0,4.713,109.0,4.716,112.0,4.717,459.0
1753531618495,12:06:58.495,ATOM/USDT:USDT,4.714,61.0,4.713,109.0,4.716,157.0,4.717,459.0
1753531618545,12:06:58.545,ATOM/USDT:USDT,4.714,61.0,4.713,109.0,4.716,157.0,4.717,459.0
1753531619030,12:06:59.030,ATOM/USDT:USDT,4.714,61.0,4.713,279.0,4.716,157.0,4.717,459.0
1753531619133,12:06:59.133,ATOM/USDT:USDT,4.714,61.0,4.713,279.0,4.716,157.0,4.717,459.0
1753531619322,12:06:59.322,ATOM/USDT:USDT,4.714,61.0,4.713,279.0,4.716,157.0,4.717,459.0
1753531619424,12:06:59.424,ATOM/USDT:USDT,4.714,61.0,4.713,279.0,4.716,157.0,4.717,459.0
1753531621264,12:07:01.264,ATOM/USDT:USDT,4.714,61.0,4.713,279.0,4.716,157.0,4.717,459.0
1753531621425,12:07:01.425,ATOM/USDT:USDT,4.714,61.0,4.713,279.0,4.716,157.0,4.717,459.0
1753531621747,12:07:01.747,ATOM/USDT:USDT,4.714,61.0,4.713,279.0,4.716,157.0,4.717,459.0
1753531621864,12:07:01.864,ATOM/USDT:USDT,4.714,61.0,4.713,279.0,4.716,157.0,4.717,459.0
1753531622196,12:07:02.196,ATOM/USDT:USDT,4.714,61.0,4.713,279.0,4.716,112.0,4.717,459.0
1753531622251,12:07:02.251,ATOM/USDT:USDT,4.714,61.0,4.713,279.0,4.716,112.0,4.717,459.0
1753531622566,12:07:02.566,ATOM/USDT:USDT,4.714,61.0,4.713,279.0,4.716,112.0,4.717,459.0
1753531623220,12:07:03.220,ATOM/USDT:USDT,4.713,109.0,4.712,141.0,4.715,60.0,4.716,156.0
1753531623343,12:07:03.343,ATOM/USDT:USDT,4.713,109.0,4.712,141.0,4.715,60.0,4.716,156.0
1753531623443,12:07:03.443,ATOM/USDT:USDT,4.713,109.0,4.712,141.0,4.715,60.0,4.716,156.0
1753531623806,12:07:03.806,ATOM/USDT:USDT,4.713,109.0,4.712,306.0,4.715,59.0,4.716,156.0
1753531624006,12:07:04.006,ATOM/USDT:USDT,4.713,109.0,4.712,306.0,4.715,60.0,4.716,156.0
1753531624278,12:07:04.278,ATOM/USDT:USDT,4.713,109.0,4.712,306.0,4.715,59.0,4.716,156.0
1753531624402,12:07:04.402,ATOM/USDT:USDT,4.713,109.0,4.712,306.0,4.715,59.0,4.716,156.0
1753531624514,12:07:04.514,ATOM/USDT:USDT,4.713,109.0,4.712,306.0,4.715,59.0,4.716,156.0
1753531624624,12:07:04.624,ATOM/USDT:USDT,4.713,110.0,4.712,306.0,4.715,59.0,4.716,156.0
1753531624712,12:07:04.712,ATOM/USDT:USDT,4.713,109.0,4.712,306.0,4.715,59.0,4.716,156.0
1753531624805,12:07:04.805,ATOM/USDT:USDT,4.713,110.0,4.712,306.0,4.715,60.0,4.716,156.0
1753531624920,12:07:04.920,ATOM/USDT:USDT,4.713,109.0,4.712,306.0,4.715,60.0,4.716,156.0
1753531625417,12:07:05.417,ATOM/USDT:USDT,4.713,109.0,4.712,306.0,4.715,60.0,4.716,156.0
1753531625494,12:07:05.494,ATOM/USDT:USDT,4.713,110.0,4.712,306.0,4.715,60.0,4.716,156.0
1753531625994,12:07:05.994,ATOM/USDT:USDT,4.713,109.0,4.712,306.0,4.715,61.0,4.716,155.0
1753531626139,12:07:06.139,ATOM/USDT:USDT,4.713,110.0,4.712,306.0,4.715,59.0,4.716,155.0
1753531626290,12:07:06.290,ATOM/USDT:USDT,4.713,111.0,4.712,306.0,4.715,59.0,4.716,155.0
1753531626433,12:07:06.433,ATOM/USDT:USDT,4.713,111.0,4.712,306.0,4.715,59.0,4.716,155.0
1753531626553,12:07:06.553,ATOM/USDT:USDT,4.713,111.0,4.712,306.0,4.715,59.0,4.716,155.0
1753531626825,12:07:06.825,ATOM/USDT:USDT,4.713,111.0,4.712,306.0,4.715,59.0,4.716,155.0
1753531627225,12:07:07.225,ATOM/USDT:USDT,4.713,111.0,4.712,306.0,4.715,59.0,4.716,155.0
1753531627228,12:07:07.228,ATOM/USDT:USDT,4.713,111.0,4.712,306.0,4.715,59.0,4.716,155.0
1753531627382,12:07:07.382,ATOM/USDT:USDT,4.713,110.0,4.712,306.0,4.715,59.0,4.716,155.0
1753531627495,12:07:07.495,ATOM/USDT:USDT,4.713,109.0,4.712,306.0,4.715,59.0,4.716,155.0
1753531627611,12:07:07.611,ATOM/USDT:USDT,4.713,109.0,4.712,306.0,4.715,61.0,4.716,155.0
1753531627640,12:07:07.640,ATOM/USDT:USDT,4.713,109.0,4.712,306.0,4.715,61.0,4.716,155.0
1753531627959,12:07:07.959,ATOM/USDT:USDT,4.713,109.0,4.712,306.0,4.715,60.0,4.716,155.0
1753531628066,12:07:08.066,ATOM/USDT:USDT,4.713,109.0,4.712,306.0,4.715,60.0,4.716,155.0
1753531628202,12:07:08.202,ATOM/USDT:USDT,4.713,109.0,4.712,306.0,4.715,60.0,4.716,155.0
1753531628325,12:07:08.325,ATOM/USDT:USDT,4.713,111.0,4.712,306.0,4.715,59.0,4.716,155.0
1753531628380,12:07:08.380,ATOM/USDT:USDT,4.713,109.0,4.712,306.0,4.715,60.0,4.716,155.0
1753531628503,12:07:08.503,ATOM/USDT:USDT,4.713,109.0,4.712,306.0,4.715,60.0,4.716,155.0
1753531628584,12:07:08.584,ATOM/USDT:USDT,4.713,109.0,4.712,306.0,4.715,61.0,4.716,155.0
1753531628640,12:07:08.640,ATOM/USDT:USDT,4.713,109.0,4.712,306.0,4.715,61.0,4.716,155.0
1753531629072,12:07:09.072,ATOM/USDT:USDT,4.713,109.0,4.712,306.0,4.715,61.0,4.716,155.0
1753531629277,12:07:09.277,ATOM/USDT:USDT,4.713,109.0,4.712,306.0,4.715,61.0,4.716,155.0
1753531629357,12:07:09.357,ATOM/USDT:USDT,4.713,109.0,4.712,306.0,4.715,61.0,4.716,155.0
1753531629523,12:07:09.523,ATOM/USDT:USDT,4.713,109.0,4.712,306.0,4.715,61.0,4.716,155.0
1753531629707,12:07:09.707,ATOM/USDT:USDT,4.713,110.0,4.712,306.0,4.715,61.0,4.716,155.0
1753531629793,12:07:09.793,ATOM/USDT:USDT,4.713,109.0,4.712,306.0,4.715,61.0,4.716,155.0
1753531629894,12:07:09.894,ATOM/USDT:USDT,4.713,109.0,4.712,306.0,4.715,61.0,4.716,155.0
1753531630010,12:07:10.010,ATOM/USDT:USDT,4.713,111.0,4.712,306.0,4.715,61.0,4.716,155.0
1753531630110,12:07:10.110,ATOM/USDT:USDT,4.713,111.0,4.712,306.0,4.715,60.0,4.716,155.0
1753531630167,12:07:10.167,ATOM/USDT:USDT,4.713,109.0,4.712,306.0,4.715,61.0,4.716,155.0
1753531630315,12:07:10.315,ATOM/USDT:USDT,4.713,109.0,4.712,306.0,4.715,61.0,4.716,155.0
1753531630519,12:07:10.519,ATOM/USDT:USDT,4.713,111.0,4.712,306.0,4.715,59.0,4.716,155.0
1753531630578,12:07:10.578,ATOM/USDT:USDT,4.713,111.0,4.712,306.0,4.715,60.0,4.716,155.0
1753531630685,12:07:10.685,ATOM/USDT:USDT,4.713,109.0,4.712,306.0,4.715,61.0,4.716,155.0
1753531630796,12:07:10.796,ATOM/USDT:USDT,4.713,109.0,4.712,306.0,4.715,61.0,4.716,155.0
1753531631081,12:07:11.081,ATOM/USDT:USDT,4.713,111.0,4.712,306.0,4.715,59.0,4.716,155.0
1753531631489,12:07:11.489,ATOM/USDT:USDT,4.713,110.0,4.712,317.0,4.715,61.0,4.716,155.0
1753531631568,12:07:11.568,ATOM/USDT:USDT,4.713,110.0,4.712,317.0,4.715,61.0,4.716,155.0
1753531631674,12:07:11.674,ATOM/USDT:USDT,4.713,109.0,4.712,317.0,4.715,61.0,4.716,155.0
1753531631782,12:07:11.782,ATOM/USDT:USDT,4.713,111.0,4.712,317.0,4.715,61.0,4.716,155.0
1753531631852,12:07:11.852,ATOM/USDT:USDT,4.713,111.0,4.712,317.0,4.715,61.0,4.716,155.0
1753531631959,12:07:11.959,ATOM/USDT:USDT,4.713,111.0,4.712,317.0,4.715,61.0,4.716,155.0
1753531632219,12:07:12.219,ATOM/USDT:USDT,4.713,111.0,4.712,317.0,4.715,59.0,4.716,155.0
1753531632309,12:07:12.309,ATOM/USDT:USDT,4.713,109.0,4.712,317.0,4.715,61.0,4.716,155.0
1753531632395,12:07:12.395,ATOM/USDT:USDT,4.713,111.0,4.712,317.0,4.715,59.0,4.716,155.0
1753531632445,12:07:12.445,ATOM/USDT:USDT,4.713,111.0,4.712,317.0,4.715,59.0,4.716,155.0
1753531632613,12:07:12.613,ATOM/USDT:USDT,4.713,111.0,4.712,317.0,4.715,59.0,4.716,155.0
1753531632780,12:07:12.780,ATOM/USDT:USDT,4.713,111.0,4.712,317.0,4.715,59.0,4.716,155.0
1753531633006,12:07:13.006,ATOM/USDT:USDT,4.713,109.0,4.712,317.0,4.715,61.0,4.716,155.0
1753531633110,12:07:13.110,ATOM/USDT:USDT,4.713,109.0,4.712,317.0,4.715,61.0,4.716,155.0
1753531633201,12:07:13.201,ATOM/USDT:USDT,4.714,60.0,4.713,109.0,4.716,156.0,4.717,459.0
1753531633343,12:07:13.343,ATOM/USDT:USDT,4.714,60.0,4.713,109.0,4.716,156.0,4.717,459.0
1753531633429,12:07:13.429,ATOM/USDT:USDT,4.714,60.0,4.713,109.0,4.716,156.0,4.717,459.0
1753531633582,12:07:13.582,ATOM/USDT:USDT,4.714,60.0,4.713,109.0,4.716,156.0,4.717,459.0
1753531633681,12:07:13.681,ATOM/USDT:USDT,4.714,60.0,4.713,109.0,4.716,156.0,4.717,459.0
1753531633894,12:07:13.894,ATOM/USDT:USDT,4.714,60.0,4.713,109.0,4.716,157.0,4.717,459.0
1753531634114,12:07:14.114,ATOM/USDT:USDT,4.714,60.0,4.713,109.0,4.716,157.0,4.717,459.0
1753531634185,12:07:14.185,ATOM/USDT:USDT,4.714,60.0,4.713,109.0,4.716,157.0,4.717,459.0
1753531634263,12:07:14.263,ATOM/USDT:USDT,4.714,60.0,4.713,109.0,4.716,157.0,4.717,459.0
1753531634358,12:07:14.358,ATOM/USDT:USDT,4.714,60.0,4.713,109.0,4.716,157.0,4.717,459.0
1753531634511,12:07:14.511,ATOM/USDT:USDT,4.714,60.0,4.713,109.0,4.715,60.0,4.716,157.0
1753531634603,12:07:14.603,ATOM/USDT:USDT,4.713,111.0,4.712,317.0,4.715,60.0,4.716,156.0
1753531634688,12:07:14.688,ATOM/USDT:USDT,4.713,111.0,4.712,317.0,4.715,60.0,4.716,156.0
1753531634810,12:07:14.810,ATOM/USDT:USDT,4.713,111.0,4.712,317.0,4.715,60.0,4.716,156.0
1753531634896,12:07:14.896,ATOM/USDT:USDT,4.713,109.0,4.712,317.0,4.715,62.0,4.716,155.0
1753531635018,12:07:15.018,ATOM/USDT:USDT,4.713,109.0,4.712,317.0,4.715,62.0,4.716,155.0
1753531635101,12:07:15.101,ATOM/USDT:USDT,4.713,109.0,4.712,317.0,4.715,61.0,4.716,155.0
1753531635209,12:07:15.209,ATOM/USDT:USDT,4.713,109.0,4.712,317.0,4.715,62.0,4.716,155.0
1753531635404,12:07:15.404,ATOM/USDT:USDT,4.713,109.0,4.712,317.0,4.715,62.0,4.716,155.0
1753531635703,12:07:15.703,ATOM/USDT:USDT,4.713,109.0,4.712,317.0,4.715,62.0,4.716,155.0
1753531635810,12:07:15.810,ATOM/USDT:USDT,4.713,109.0,4.712,317.0,4.715,62.0,4.716,155.0
1753531635927,12:07:15.927,ATOM/USDT:USDT,4.713,109.0,4.712,317.0,4.715,62.0,4.716,155.0
1753531636084,12:07:16.084,ATOM/USDT:USDT,4.713,109.0,4.712,317.0,4.715,62.0,4.716,155.0
1753531636160,12:07:16.160,ATOM/USDT:USDT,4.713,109.0,4.712,317.0,4.715,62.0,4.716,155.0
1753531636287,12:07:16.287,ATOM/USDT:USDT,4.713,109.0,4.712,317.0,4.715,62.0,4.716,155.0
1753531636406,12:07:16.406,ATOM/USDT:USDT,4.713,109.0,4.712,317.0,4.715,62.0,4.716,155.0
1753531636812,12:07:16.812,ATOM/USDT:USDT,4.713,109.0,4.712,317.0,4.715,62.0,4.716,155.0
1753531636867,12:07:16.867,ATOM/USDT:USDT,4.713,109.0,4.712,317.0,4.715,62.0,4.716,155.0
1753531636957,12:07:16.957,ATOM/USDT:USDT,4.713,109.0,4.712,317.0,4.715,62.0,4.716,155.0
1753531637277,12:07:17.277,ATOM/USDT:USDT,4.713,109.0,4.712,317.0,4.715,62.0,4.716,155.0
1753531637464,12:07:17.464,ATOM/USDT:USDT,4.713,109.0,4.712,317.0,4.715,62.0,4.716,155.0
1753531637566,12:07:17.566,ATOM/USDT:USDT,4.713,109.0,4.712,317.0,4.715,62.0,4.716,155.0
1753531637880,12:07:17.880,ATOM/USDT:USDT,4.713,109.0,4.712,317.0,4.715,62.0,4.716,155.0
1753531637956,12:07:17.956,ATOM/USDT:USDT,4.713,109.0,4.712,317.0,4.715,62.0,4.716,155.0
1753531638221,12:07:18.221,ATOM/USDT:USDT,4.713,109.0,4.712,317.0,4.715,62.0,4.716,155.0
1753531638320,12:07:18.320,ATOM/USDT:USDT,4.713,110.0,4.712,317.0,4.715,62.0,4.716,155.0
1753531638393,12:07:18.393,ATOM/USDT:USDT,4.713,111.0,4.712,317.0,4.715,61.0,4.716,155.0
1753531638470,12:07:18.470,ATOM/USDT:USDT,4.713,111.0,4.712,317.0,4.715,62.0,4.716,155.0
1753531638531,12:07:18.531,ATOM/USDT:USDT,4.713,110.0,4.712,317.0,4.715,62.0,4.716,155.0
1753531638717,12:07:18.717,ATOM/USDT:USDT,4.713,110.0,4.712,317.0,4.715,62.0,4.716,155.0
1753531638767,12:07:18.767,ATOM/USDT:USDT,4.713,110.0,4.712,317.0,4.715,62.0,4.716,155.0
1753531639580,12:07:19.580,ATOM/USDT:USDT,4.713,111.0,4.712,317.0,4.715,62.0,4.716,155.0
1753531639721,12:07:19.721,ATOM/USDT:USDT,4.713,110.0,4.712,317.0,4.715,62.0,4.716,155.0
1753531639783,12:07:19.783,ATOM/USDT:USDT,4.713,110.0,4.712,317.0,4.715,62.0,4.716,155.0
1753531639943,12:07:19.943,ATOM/USDT:USDT,4.713,110.0,4.712,317.0,4.715,62.0,4.716,155.0
1753531640421,12:07:20.421,ATOM/USDT:USDT,4.713,109.0,4.712,317.0,4.715,62.0,4.716,155.0
1753531640441,12:07:20.441,ATOM/USDT:USDT,4.713,109.0,4.712,317.0,4.715,62.0,4.716,155.0
1753531640537,12:07:20.537,ATOM/USDT:USDT,4.713,109.0,4.712,317.0,4.715,62.0,4.716,155.0
1753531640632,12:07:20.632,ATOM/USDT:USDT,4.713,109.0,4.712,317.0,4.715,62.0,4.716,155.0
1753531640732,12:07:20.732,ATOM/USDT:USDT,4.713,109.0,4.712,317.0,4.715,62.0,4.716,155.0
1753531640848,12:07:20.848,ATOM/USDT:USDT,4.713,109.0,4.712,317.0,4.715,62.0,4.716,155.0
1753531641102,12:07:21.102,ATOM/USDT:USDT,4.713,111.0,4.712,317.0,4.715,62.0,4.716,155.0
1753531641218,12:07:21.218,ATOM/USDT:USDT,4.713,111.0,4.712,317.0,4.715,62.0,4.716,155.0
1753531641418,12:07:21.418,ATOM/USDT:USDT,4.713,111.0,4.712,317.0,4.715,60.0,4.716,155.0
1753531641469,12:07:21.469,ATOM/USDT:USDT,4.713,111.0,4.712,317.0,4.715,60.0,4.716,155.0
1753531641600,12:07:21.600,ATOM/USDT:USDT,4.713,111.0,4.712,306.0,4.715,60.0,4.716,155.0
1753531641715,12:07:21.715,ATOM/USDT:USDT,4.713,111.0,4.712,306.0,4.715,60.0,4.716,155.0
1753531641813,12:07:21.813,ATOM/USDT:USDT,4.713,110.0,4.712,306.0,4.715,62.0,4.716,155.0
1753531641839,12:07:21.839,ATOM/USDT:USDT,4.713,110.0,4.712,306.0,4.715,62.0,4.716,155.0
1753531642009,12:07:22.009,ATOM/USDT:USDT,4.713,111.0,4.712,306.0,4.715,60.0,4.716,155.0
1753531642078,12:07:22.078,ATOM/USDT:USDT,4.713,111.0,4.712,306.0,4.715,61.0,4.716,155.0
1753531642145,12:07:22.145,ATOM/USDT:USDT,4.713,111.0,4.712,306.0,4.715,61.0,4.716,155.0
1753531642280,12:07:22.280,ATOM/USDT:USDT,4.713,111.0,4.712,306.0,4.715,61.0,4.716,155.0
1753531642413,12:07:22.413,ATOM/USDT:USDT,4.713,111.0,4.712,306.0,4.715,61.0,4.716,155.0
1753531642473,12:07:22.473,ATOM/USDT:USDT,4.713,111.0,4.712,306.0,4.715,60.0,4.716,155.0
1753531642614,12:07:22.614,ATOM/USDT:USDT,4.713,111.0,4.712,306.0,4.715,60.0,4.716,155.0
1753531643183,12:07:23.183,ATOM/USDT:USDT,4.713,111.0,4.712,306.0,4.715,60.0,4.716,155.0
1753531643242,12:07:23.242,ATOM/USDT:USDT,4.713,111.0,4.712,306.0,4.715,60.0,4.716,155.0
1753531643413,12:07:23.413,ATOM/USDT:USDT,4.713,111.0,4.712,306.0,4.715,60.0,4.716,155.0
1753531643471,12:07:23.471,ATOM/USDT:USDT,4.713,111.0,4.712,306.0,4.715,60.0,4.716,155.0
1753531643579,12:07:23.579,ATOM/USDT:USDT,4.713,111.0,4.712,306.0,4.715,60.0,4.716,155.0
1753531643691,12:07:23.691,ATOM/USDT:USDT,4.713,111.0,4.712,306.0,4.715,60.0,4.716,155.0
1753531643994,12:07:23.994,ATOM/USDT:USDT,4.713,111.0,4.712,306.0,4.715,60.0,4.716,155.0
1753531644032,12:07:24.032,ATOM/USDT:USDT,4.713,111.0,4.712,317.0,4.715,60.0,4.716,155.0
1753531644319,12:07:24.319,ATOM/USDT:USDT,4.713,111.0,4.712,317.0,4.715,60.0,4.716,155.0
1753531644401,12:07:24.401,ATOM/USDT:USDT,4.713,111.0,4.712,317.0,4.715,60.0,4.716,155.0
1753531644499,12:07:24.499,ATOM/USDT:USDT,4.713,111.0,4.712,317.0,4.715,60.0,4.716,155.0
1753531644573,12:07:24.573,ATOM/USDT:USDT,4.713,111.0,4.712,317.0,4.715,60.0,4.716,155.0
1753531644812,12:07:24.812,ATOM/USDT:USDT,4.713,109.0,4.712,317.0,4.715,62.0,4.716,155.0
1753531644883,12:07:24.883,ATOM/USDT:USDT,4.713,110.0,4.712,317.0,4.715,62.0,4.716,155.0
1753531645009,12:07:25.009,ATOM/USDT:USDT,4.713,111.0,4.712,317.0,4.715,60.0,4.716,155.0
1753531645123,12:07:25.123,ATOM/USDT:USDT,4.714,58.0,4.713,111.0,4.716,155.0,4.717,459.0
1753531645144,12:07:25.144,ATOM/USDT:USDT,4.714,58.0,4.713,110.0,4.716,157.0,4.717,459.0
1753531645235,12:07:25.235,ATOM/USDT:USDT,4.714,58.0,4.713,110.0,4.716,156.0,4.717,459.0
1753531645357,12:07:25.357,ATOM/USDT:USDT,4.714,58.0,4.713,110.0,4.716,156.0,4.717,459.0
1753531645498,12:07:25.498,ATOM/USDT:USDT,4.713,110.0,4.712,317.0,4.715,58.0,4.716,156.0
1753531645565,12:07:25.565,ATOM/USDT:USDT,4.713,110.0,4.712,317.0,4.715,58.0,4.716,156.0
1753531645714,12:07:25.714,ATOM/USDT:USDT,4.713,110.0,4.712,317.0,4.715,58.0,4.716,156.0
1753531645816,12:07:25.816,ATOM/USDT:USDT,4.713,109.0,4.712,317.0,4.715,60.0,4.716,155.0
1753531645865,12:07:25.865,ATOM/USDT:USDT,4.713,109.0,4.712,317.0,4.715,60.0,4.716,155.0
1753531645926,12:07:25.926,ATOM/USDT:USDT,4.713,109.0,4.712,317.0,4.715,60.0,4.716,155.0
1753531646496,12:07:26.496,ATOM/USDT:USDT,4.713,109.0,4.712,317.0,4.715,60.0,4.716,155.0
1753531646608,12:07:26.608,ATOM/USDT:USDT,4.713,109.0,4.712,317.0,4.715,60.0,4.716,155.0
1753531646825,12:07:26.825,ATOM/USDT:USDT,4.713,110.0,4.712,317.0,4.715,59.0,4.716,155.0
1753531646892,12:07:26.892,ATOM/USDT:USDT,4.713,109.0,4.712,317.0,4.715,60.0,4.716,155.0
1753531646996,12:07:26.996,ATOM/USDT:USDT,4.713,109.0,4.712,317.0,4.715,60.0,4.716,155.0
1753531647100,12:07:27.100,ATOM/USDT:USDT,4.713,109.0,4.712,317.0,4.715,60.0,4.716,155.0
1753531647201,12:07:27.201,ATOM/USDT:USDT,4.713,111.0,4.712,317.0,4.715,60.0,4.716,155.0
1753531647280,12:07:27.280,ATOM/USDT:USDT,4.713,111.0,4.712,317.0,4.715,60.0,4.716,155.0
1753531647358,12:07:27.358,ATOM/USDT:USDT,4.713,111.0,4.712,317.0,4.715,59.0,4.716,155.0
1753531647521,12:07:27.521,ATOM/USDT:USDT,4.713,110.0,4.712,317.0,4.715,59.0,4.716,155.0
1753531647600,12:07:27.600,ATOM/USDT:USDT,4.713,109.0,4.712,317.0,4.715,60.0,4.716,155.0
1753531647708,12:07:27.708,ATOM/USDT:USDT,4.713,109.0,4.712,317.0,4.715,60.0,4.716,155.0
1753531647805,12:07:27.805,ATOM/USDT:USDT,4.713,50.0,4.712,317.0,4.714,58.0,4.715,59.0
1753531647982,12:07:27.982,ATOM/USDT:USDT,4.713,50.0,4.712,317.0,4.714,58.0,4.715,59.0
1753531648038,12:07:28.038,ATOM/USDT:USDT,4.713,50.0,4.712,317.0,4.714,58.0,4.715,59.0
1753531648198,12:07:28.198,ATOM/USDT:USDT,4.713,50.0,4.712,317.0,4.714,58.0,4.715,59.0
1753531648281,12:07:28.281,ATOM/USDT:USDT,4.713,50.0,4.712,317.0,4.714,58.0,4.715,59.0
1753531648391,12:07:28.391,ATOM/USDT:USDT,4.713,50.0,4.712,317.0,4.714,58.0,4.715,59.0
1753531648503,12:07:28.503,ATOM/USDT:USDT,4.713,50.0,4.712,317.0,4.715,60.0,4.716,155.0
1753531648545,12:07:28.545,ATOM/USDT:USDT,4.713,50.0,4.712,317.0,4.715,60.0,4.716,155.0
1753531648718,12:07:28.718,ATOM/USDT:USDT,4.713,50.0,4.712,306.0,4.714,60.0,4.715,58.0
1753531648806,12:07:28.806,ATOM/USDT:USDT,4.713,50.0,4.712,306.0,4.714,58.0,4.715,58.0
1753531648895,12:07:28.895,ATOM/USDT:USDT,4.713,50.0,4.712,306.0,4.714,58.0,4.715,59.0
1753531649023,12:07:29.023,ATOM/USDT:USDT,4.713,50.0,4.712,306.0,4.714,59.0,4.715,59.0
1753531649078,12:07:29.078,ATOM/USDT:USDT,4.713,50.0,4.712,306.0,4.714,58.0,4.715,59.0
1753531649221,12:07:29.221,ATOM/USDT:USDT,4.713,50.0,4.712,306.0,4.715,110.0,4.716,155.0
1753531649294,12:07:29.294,ATOM/USDT:USDT,4.713,50.0,4.712,306.0,4.715,110.0,4.716,155.0
1753531649504,12:07:29.504,ATOM/USDT:USDT,4.713,50.0,4.712,306.0,4.715,110.0,4.716,155.0
1753531649593,12:07:29.593,ATOM/USDT:USDT,4.713,50.0,4.712,306.0,4.715,110.0,4.716,155.0
1753531649694,12:07:29.694,ATOM/USDT:USDT,4.713,50.0,4.712,306.0,4.715,110.0,4.716,155.0
1753531649819,12:07:29.819,ATOM/USDT:USDT,4.713,50.0,4.712,306.0,4.715,110.0,4.716,155.0
1753531649990,12:07:29.990,ATOM/USDT:USDT,4.713,50.0,4.712,306.0,4.715,110.0,4.716,155.0
1753531650190,12:07:30.190,ATOM/USDT:USDT,4.713,50.0,4.712,306.0,4.715,110.0,4.716,155.0
1753531650285,12:07:30.285,ATOM/USDT:USDT,4.713,50.0,4.712,306.0,4.715,110.0,4.716,155.0
1753531650359,12:07:30.359,ATOM/USDT:USDT,4.713,50.0,4.712,306.0,4.715,110.0,4.716,155.0
1753531650620,12:07:30.620,ATOM/USDT:USDT,4.713,50.0,4.712,306.0,4.715,110.0,4.716,155.0
1753531650675,12:07:30.675,ATOM/USDT:USDT,4.713,50.0,4.712,306.0,4.715,110.0,4.716,155.0
1753531650824,12:07:30.824,ATOM/USDT:USDT,4.713,50.0,4.712,306.0,4.715,110.0,4.716,155.0
1753531650920,12:07:30.920,ATOM/USDT:USDT,4.713,50.0,4.712,306.0,4.715,110.0,4.716,155.0
1753531650994,12:07:30.994,ATOM/USDT:USDT,4.713,50.0,4.712,306.0,4.714,60.0,4.715,109.0
1753531651089,12:07:31.089,ATOM/USDT:USDT,4.713,50.0,4.712,141.0,4.714,60.0,4.715,108.0
1753531651131,12:07:31.131,ATOM/USDT:USDT,4.713,50.0,4.712,141.0,4.714,60.0,4.715,108.0
1753531651309,12:07:31.309,ATOM/USDT:USDT,4.713,50.0,4.712,141.0,4.714,61.0,4.715,108.0
1753531651616,12:07:31.616,ATOM/USDT:USDT,4.713,50.0,4.712,141.0,4.714,59.0,4.715,108.0
1753531651669,12:07:31.669,ATOM/USDT:USDT,4.713,50.0,4.712,141.0,4.714,59.0,4.715,108.0
1753531651750,12:07:31.750,ATOM/USDT:USDT,4.713,50.0,4.712,141.0,4.714,59.0,4.715,108.0
1753531652072,12:07:32.072,ATOM/USDT:USDT,4.713,50.0,4.712,141.0,4.714,59.0,4.715,108.0
1753531652208,12:07:32.208,ATOM/USDT:USDT,4.713,50.0,4.712,141.0,4.714,61.0,4.715,108.0
1753531652309,12:07:32.309,ATOM/USDT:USDT,4.712,122.0,4.711,842.0,4.714,59.0,4.715,108.0
1753531652399,12:07:32.399,ATOM/USDT:USDT,4.712,121.0,4.711,842.0,4.714,60.0,4.715,108.0
1753531652507,12:07:32.507,ATOM/USDT:USDT,4.712,121.0,4.711,842.0,4.714,60.0,4.715,108.0
1753531652577,12:07:32.577,ATOM/USDT:USDT,4.712,121.0,4.711,842.0,4.714,60.0,4.715,108.0
1753531652716,12:07:32.716,ATOM/USDT:USDT,4.712,121.0,4.711,842.0,4.714,61.0,4.715,108.0
1753531652807,12:07:32.807,ATOM/USDT:USDT,4.712,121.0,4.711,842.0,4.714,61.0,4.715,108.0
1753531652891,12:07:32.891,ATOM/USDT:USDT,4.712,121.0,4.711,842.0,4.714,61.0,4.715,108.0
1753531652940,12:07:32.940,ATOM/USDT:USDT,4.712,121.0,4.711,842.0,4.714,61.0,4.715,108.0
1753531653073,12:07:33.073,ATOM/USDT:USDT,4.712,121.0,4.711,842.0,4.714,61.0,4.715,108.0
1753531653198,12:07:33.198,ATOM/USDT:USDT,4.712,121.0,4.711,842.0,4.714,61.0,4.715,108.0
1753531653301,12:07:33.301,ATOM/USDT:USDT,4.712,121.0,4.711,842.0,4.714,61.0,4.715,108.0
1753531653402,12:07:33.402,ATOM/USDT:USDT,4.712,121.0,4.711,842.0,4.714,61.0,4.715,108.0
1753531653524,12:07:33.524,ATOM/USDT:USDT,4.712,121.0,4.711,842.0,4.714,61.0,4.715,108.0
1753531653717,12:07:33.717,ATOM/USDT:USDT,4.712,121.0,4.711,842.0,4.714,61.0,4.715,108.0
1753531653870,12:07:33.870,ATOM/USDT:USDT,4.712,121.0,4.711,842.0,4.714,61.0,4.715,108.0
1753531654056,12:07:34.056,ATOM/USDT:USDT,4.712,121.0,4.711,1011.0,4.714,61.0,4.715,108.0
1753531654225,12:07:34.225,ATOM/USDT:USDT,4.712,121.0,4.711,1011.0,4.714,61.0,4.715,108.0
1753531654236,12:07:34.236,ATOM/USDT:USDT,4.712,121.0,4.711,1011.0,4.714,61.0,4.715,108.0
1753531654397,12:07:34.397,ATOM/USDT:USDT,4.712,122.0,4.711,1011.0,4.714,61.0,4.715,108.0
1753531654509,12:07:34.509,ATOM/USDT:USDT,4.712,123.0,4.711,1011.0,4.714,59.0,4.715,108.0
1753531654566,12:07:34.566,ATOM/USDT:USDT,4.712,123.0,4.711,1011.0,4.714,59.0,4.715,108.0
1753531654686,12:07:34.686,ATOM/USDT:USDT,4.712,123.0,4.711,1011.0,4.714,59.0,4.715,108.0
1753531654804,12:07:34.804,ATOM/USDT:USDT,4.712,121.0,4.711,1011.0,4.714,61.0,4.715,108.0
1753531654856,12:07:34.856,ATOM/USDT:USDT,4.712,121.0,4.711,1011.0,4.714,61.0,4.715,108.0
1753531655211,12:07:35.211,ATOM/USDT:USDT,4.712,121.0,4.711,1011.0,4.714,61.0,4.715,108.0
1753531655279,12:07:35.279,ATOM/USDT:USDT,4.712,122.0,4.711,1011.0,4.714,61.0,4.715,108.0
1753531655387,12:07:35.387,ATOM/USDT:USDT,4.712,121.0,4.711,1011.0,4.714,61.0,4.715,108.0
1753531655523,12:07:35.523,ATOM/USDT:USDT,4.712,121.0,4.711,1011.0,4.714,60.0,4.715,233.0
1753531655606,12:07:35.606,ATOM/USDT:USDT,4.712,62.0,4.711,991.0,4.713,61.0,4.714,104.0
1753531655716,12:07:35.716,ATOM/USDT:USDT,4.712,62.0,4.711,991.0,4.713,61.0,4.714,104.0
1753531655736,12:07:35.736,ATOM/USDT:USDT,4.712,62.0,4.711,822.0,4.713,60.0,4.714,104.0
1753531655878,12:07:35.878,ATOM/USDT:USDT,4.712,62.0,4.711,822.0,4.713,61.0,4.714,104.0
1753531656014,12:07:36.014,ATOM/USDT:USDT,4.712,62.0,4.711,822.0,4.713,61.0,4.714,104.0
1753531656078,12:07:36.078,ATOM/USDT:USDT,4.712,62.0,4.711,822.0,4.713,61.0,4.714,104.0
1753531656186,12:07:36.186,ATOM/USDT:USDT,4.712,12.0,4.711,822.0,4.713,61.0,4.714,104.0
1753531656340,12:07:36.340,ATOM/USDT:USDT,4.712,12.0,4.711,822.0,4.713,61.0,4.714,104.0
1753531656484,12:07:36.484,ATOM/USDT:USDT,4.712,12.0,4.711,822.0,4.713,61.0,4.714,104.0
1753531656725,12:07:36.725,ATOM/USDT:USDT,4.712,12.0,4.711,110.0,4.713,61.0,4.714,104.0
1753531656782,12:07:36.782,ATOM/USDT:USDT,4.712,12.0,4.711,110.0,4.713,61.0,4.714,59.0
1753531656841,12:07:36.841,ATOM/USDT:USDT,4.712,12.0,4.711,110.0,4.713,61.0,4.714,59.0
1753531656990,12:07:36.990,ATOM/USDT:USDT,4.712,12.0,4.711,110.0,4.713,61.0,4.714,59.0
1753531657109,12:07:37.109,ATOM/USDT:USDT,4.712,12.0,4.711,110.0,4.713,61.0,4.714,59.0
1753531657179,12:07:37.179,ATOM/USDT:USDT,4.712,12.0,4.711,110.0,4.713,60.0,4.714,59.0
1753531657291,12:07:37.291,ATOM/USDT:USDT,4.712,12.0,4.711,110.0,4.713,61.0,4.714,59.0
1753531657410,12:07:37.410,ATOM/USDT:USDT,4.712,12.0,4.711,110.0,4.713,61.0,4.714,59.0
1753531657524,12:07:37.524,ATOM/USDT:USDT,4.712,12.0,4.711,110.0,4.713,61.0,4.714,59.0
1753531657526,12:07:37.526,ATOM/USDT:USDT,4.712,12.0,4.711,110.0,4.713,61.0,4.714,59.0
1753531657714,12:07:37.714,ATOM/USDT:USDT,4.712,12.0,4.711,110.0,4.713,59.0,4.714,59.0
1753531657769,12:07:37.769,ATOM/USDT:USDT,4.712,12.0,4.711,110.0,4.713,59.0,4.714,61.0
1753531657918,12:07:37.918,ATOM/USDT:USDT,4.712,12.0,4.711,110.0,4.713,61.0,4.714,59.0
1753531657988,12:07:37.988,ATOM/USDT:USDT,4.712,12.0,4.711,110.0,4.713,61.0,4.714,59.0
1753531658112,12:07:38.112,ATOM/USDT:USDT,4.712,12.0,4.711,110.0,4.713,61.0,4.714,109.0
1753531658305,12:07:38.305,ATOM/USDT:USDT,4.712,12.0,4.711,110.0,4.713,59.0,4.714,109.0
1753531658409,12:07:38.409,ATOM/USDT:USDT,4.712,12.0,4.711,110.0,4.713,60.0,4.714,109.0
1753531658480,12:07:38.480,ATOM/USDT:USDT,4.712,12.0,4.711,110.0,4.713,61.0,4.714,109.0
1753531658579,12:07:38.579,ATOM/USDT:USDT,4.712,12.0,4.711,110.0,4.713,61.0,4.714,109.0
1753531658682,12:07:38.682,ATOM/USDT:USDT,4.712,12.0,4.711,110.0,4.713,61.0,4.714,109.0
1753531658762,12:07:38.762,ATOM/USDT:USDT,4.712,12.0,4.711,110.0,4.713,61.0,4.714,109.0
1753531658867,12:07:38.867,ATOM/USDT:USDT,4.712,12.0,4.711,110.0,4.713,61.0,4.714,109.0
1753531658981,12:07:38.981,ATOM/USDT:USDT,4.712,12.0,4.711,110.0,4.713,61.0,4.714,109.0
1753531659111,12:07:39.111,ATOM/USDT:USDT,4.711,111.0,4.71,296.0,4.713,59.0,4.714,109.0
1753531659223,12:07:39.223,ATOM/USDT:USDT,4.711,111.0,4.71,296.0,4.713,59.0,4.714,109.0
1753531659318,12:07:39.318,ATOM/USDT:USDT,4.711,112.0,4.71,307.0,4.713,59.0,4.714,154.0
1753531659344,12:07:39.344,ATOM/USDT:USDT,4.711,112.0,4.71,307.0,4.713,59.0,4.714,154.0
1753531659440,12:07:39.440,ATOM/USDT:USDT,4.711,112.0,4.71,307.0,4.713,59.0,4.714,154.0
1753531659541,12:07:39.541,ATOM/USDT:USDT,4.711,112.0,4.71,307.0,4.713,59.0,4.714,154.0
1753531659642,12:07:39.642,ATOM/USDT:USDT,4.711,112.0,4.71,307.0,4.713,59.0,4.714,154.0
1753531659960,12:07:39.960,ATOM/USDT:USDT,4.711,112.0,4.71,307.0,4.713,59.0,4.714,154.0
1753531660097,12:07:40.097,ATOM/USDT:USDT,4.711,112.0,4.71,307.0,4.713,59.0,4.714,154.0
1753531660184,12:07:40.184,ATOM/USDT:USDT,4.711,112.0,4.71,307.0,4.713,59.0,4.714,154.0
1753531660300,12:07:40.300,ATOM/USDT:USDT,4.711,111.0,4.71,307.0,4.714,154.0,4.715,455.0
1753531660386,12:07:40.386,ATOM/USDT:USDT,4.711,111.0,4.71,307.0,4.714,154.0,4.715,455.0
1753531660434,12:07:40.434,ATOM/USDT:USDT,4.711,111.0,4.71,307.0,4.714,154.0,4.715,455.0
1753531660608,12:07:40.608,ATOM/USDT:USDT,4.711,111.0,4.71,307.0,4.714,154.0,4.715,455.0
1753531660663,12:07:40.663,ATOM/USDT:USDT,4.711,112.0,4.71,307.0,4.713,59.0,4.714,154.0
1753531660769,12:07:40.769,ATOM/USDT:USDT,4.711,112.0,4.71,307.0,4.713,59.0,4.714,154.0
1753531660879,12:07:40.879,ATOM/USDT:USDT,4.711,110.0,4.71,307.0,4.713,59.0,4.714,154.0
1753531660999,12:07:40.999,ATOM/USDT:USDT,4.711,110.0,4.71,307.0,4.713,60.0,4.714,154.0
1753531661072,12:07:41.072,ATOM/USDT:USDT,4.711,112.0,4.71,307.0,4.713,59.0,4.714,154.0
1753531661212,12:07:41.212,ATOM/USDT:USDT,4.711,110.0,4.71,307.0,4.713,60.0,4.714,154.0
1753531661255,12:07:41.255,ATOM/USDT:USDT,4.711,110.0,4.71,307.0,4.713,60.0,4.714,154.0
1753531661408,12:07:41.408,ATOM/USDT:USDT,4.711,110.0,4.71,307.0,4.713,60.0,4.714,154.0
1753531661504,12:07:41.504,ATOM/USDT:USDT,4.711,110.0,4.71,307.0,4.713,60.0,4.714,154.0
1753531661618,12:07:41.618,ATOM/USDT:USDT,4.711,110.0,4.71,307.0,4.713,60.0,4.714,154.0
1753531661781,12:07:41.781,ATOM/USDT:USDT,4.711,110.0,4.71,307.0,4.713,60.0,4.714,154.0
1753531662025,12:07:42.025,ATOM/USDT:USDT,4.711,111.0,4.71,307.0,4.713,59.0,4.714,154.0
1753531662113,12:07:42.113,ATOM/USDT:USDT,4.711,110.0,4.71,307.0,4.713,60.0,4.714,154.0
1753531662191,12:07:42.191,ATOM/USDT:USDT,4.711,112.0,4.71,307.0,4.713,59.0,4.714,154.0
1753531662256,12:07:42.256,ATOM/USDT:USDT,4.711,110.0,4.71,307.0,4.713,60.0,4.714,154.0
1753531662406,12:07:42.406,ATOM/USDT:USDT,4.711,112.0,4.71,307.0,4.714,154.0,4.715,455.0
1753531662505,12:07:42.505,ATOM/USDT:USDT,4.711,112.0,4.71,307.0,4.714,154.0,4.715,455.0
1753531662606,12:07:42.606,ATOM/USDT:USDT,4.711,112.0,4.71,519.0,4.714,154.0,4.715,455.0
1753531662671,12:07:42.671,ATOM/USDT:USDT,4.711,112.0,4.71,519.0,4.714,154.0,4.715,399.0
1753531662734,12:07:42.734,ATOM/USDT:USDT,4.711,112.0,4.71,519.0,4.714,154.0,4.715,399.0
1753531662913,12:07:42.913,ATOM/USDT:USDT,4.711,112.0,4.71,519.0,4.714,154.0,4.715,399.0
1753531663024,12:07:43.024,ATOM/USDT:USDT,4.71,469.0,4.709,59.0,4.713,109.0,4.714,462.0
1753531663124,12:07:43.124,ATOM/USDT:USDT,4.71,109.0,4.709,79.0,4.712,96.0,4.713,234.0
1753531663207,12:07:43.207,ATOM/USDT:USDT,4.71,109.0,4.709,79.0,4.712,96.0,4.713,234.0
1753531663322,12:07:43.322,ATOM/USDT:USDT,4.71,109.0,4.709,79.0,4.712,95.0,4.713,234.0
1753531663402,12:07:43.402,ATOM/USDT:USDT,4.71,109.0,4.709,79.0,4.712,52.0,4.713,234.0
1753531663489,12:07:43.489,ATOM/USDT:USDT,4.71,109.0,4.709,79.0,4.712,97.0,4.713,234.0
1753531663689,12:07:43.689,ATOM/USDT:USDT,4.71,109.0,4.709,79.0,4.712,96.0,4.713,234.0
1753531663904,12:07:43.904,ATOM/USDT:USDT,4.71,109.0,4.709,79.0,4.712,96.0,4.713,234.0
1753531664089,12:07:44.089,ATOM/USDT:USDT,4.71,109.0,4.709,129.0,4.712,51.0,4.713,234.0
1753531664189,12:07:44.189,ATOM/USDT:USDT,4.71,110.0,4.709,129.0,4.712,51.0,4.713,234.0
1753531664255,12:07:44.255,ATOM/USDT:USDT,4.71,109.0,4.709,129.0,4.712,51.0,4.713,234.0
1753531664493,12:07:44.493,ATOM/USDT:USDT,4.71,109.0,4.709,129.0,4.712,51.0,4.713,234.0
1753531664677,12:07:44.677,ATOM/USDT:USDT,4.71,109.0,4.709,129.0,4.712,52.0,4.713,234.0
1753531665383,12:07:45.383,ATOM/USDT:USDT,4.71,109.0,4.709,129.0,4.712,51.0,4.713,234.0
1753531665471,12:07:45.471,ATOM/USDT:USDT,4.71,109.0,4.709,129.0,4.712,52.0,4.713,234.0
1753531665615,12:07:45.615,ATOM/USDT:USDT,4.71,109.0,4.709,129.0,4.712,52.0,4.713,234.0
1753531666105,12:07:46.105,ATOM/USDT:USDT,4.71,109.0,4.709,129.0,4.712,52.0,4.713,234.0
1753531666219,12:07:46.219,ATOM/USDT:USDT,4.71,109.0,4.709,129.0,4.712,51.0,4.713,234.0
1753531666256,12:07:46.256,ATOM/USDT:USDT,4.71,109.0,4.709,129.0,4.712,50.0,4.713,234.0
1753531666397,12:07:46.397,ATOM/USDT:USDT,4.71,111.0,4.709,341.0,4.712,50.0,4.713,234.0
1753531666568,12:07:46.568,ATOM/USDT:USDT,4.71,111.0,4.709,506.0,4.713,234.0,4.714,785.0
1753531666694,12:07:46.694,ATOM/USDT:USDT,4.71,111.0,4.709,506.0,4.713,109.0,4.714,785.0
1753531667720,12:07:47.720,ATOM/USDT:USDT,4.71,109.0,4.709,506.0,4.713,242.0,4.714,785.0
1753531668321,12:07:48.321,ATOM/USDT:USDT,4.71,109.0,4.709,506.0,4.713,242.0,4.714,785.0
1753531668535,12:07:48.535,ATOM/USDT:USDT,4.71,109.0,4.709,506.0,4.713,109.0,4.714,785.0
1753531668922,12:07:48.922,ATOM/USDT:USDT,4.71,109.0,4.709,506.0,4.713,183.0,4.714,477.0
1753531668990,12:07:48.990,ATOM/USDT:USDT,4.71,109.0,4.709,506.0,4.713,95.0,4.714,477.0
1753531669061,12:07:49.061,ATOM/USDT:USDT,4.71,109.0,4.709,506.0,4.713,50.0,4.714,477.0
1753531672589,12:07:52.589,ATOM/USDT:USDT,4.71,109.0,4.709,506.0,4.713,50.0,4.714,477.0
1753531673072,12:07:53.072,ATOM/USDT:USDT,4.71,109.0,4.709,506.0,4.713,50.0,4.714,477.0
1753531673189,12:07:53.189,ATOM/USDT:USDT,4.711,59.0,4.71,109.0,4.713,51.0,4.714,477.0
1753531673239,12:07:53.239,ATOM/USDT:USDT,4.711,59.0,4.71,109.0,4.713,52.0,4.714,477.0
1753531673359,12:07:53.359,ATOM/USDT:USDT,4.711,59.0,4.71,109.0,4.713,52.0,4.714,477.0
1753531673454,12:07:53.454,ATOM/USDT:USDT,4.711,59.0,4.71,109.0,4.713,52.0,4.714,477.0
1753531673731,12:07:53.731,ATOM/USDT:USDT,4.711,59.0,4.71,109.0,4.713,52.0,4.714,477.0
1753531673840,12:07:53.840,ATOM/USDT:USDT,4.711,59.0,4.71,109.0,4.713,52.0,4.714,477.0
1753531674016,12:07:54.016,ATOM/USDT:USDT,4.711,59.0,4.71,109.0,4.713,52.0,4.714,477.0
1753531674168,12:07:54.168,ATOM/USDT:USDT,4.711,59.0,4.71,109.0,4.713,52.0,4.714,477.0
1753531674276,12:07:54.276,ATOM/USDT:USDT,4.711,79.0,4.71,109.0,4.713,52.0,4.714,477.0
1753531674660,12:07:54.660,ATOM/USDT:USDT,4.711,79.0,4.71,109.0,4.713,52.0,4.714,477.0
1753531675152,12:07:55.152,ATOM/USDT:USDT,4.711,79.0,4.71,109.0,4.713,52.0,4.714,477.0
1753531675285,12:07:55.285,ATOM/USDT:USDT,4.711,79.0,4.71,109.0,4.713,52.0,4.714,477.0
1753531675475,12:07:55.475,ATOM/USDT:USDT,4.711,79.0,4.71,109.0,4.713,52.0,4.714,477.0
1753531675721,12:07:55.721,ATOM/USDT:USDT,4.711,79.0,4.71,109.0,4.713,52.0,4.714,477.0
1753531675782,12:07:55.782,ATOM/USDT:USDT,4.711,79.0,4.71,109.0,4.713,52.0,4.714,477.0
1753531675890,12:07:55.890,ATOM/USDT:USDT,4.711,79.0,4.71,109.0,4.713,52.0,4.714,477.0
1753531676018,12:07:56.018,ATOM/USDT:USDT,4.711,79.0,4.71,109.0,4.713,52.0,4.714,477.0
1753531676062,12:07:56.062,ATOM/USDT:USDT,4.711,79.0,4.71,109.0,4.713,52.0,4.714,477.0
1753531676173,12:07:56.173,ATOM/USDT:USDT,4.711,79.0,4.71,109.0,4.713,52.0,4.714,477.0
1753531676291,12:07:56.291,ATOM/USDT:USDT,4.711,79.0,4.71,109.0,4.713,52.0,4.714,477.0
1753531676526,12:07:56.526,ATOM/USDT:USDT,4.711,59.0,4.71,129.0,4.713,52.0,4.714,477.0
1753531676567,12:07:56.567,ATOM/USDT:USDT,4.711,59.0,4.71,129.0,4.713,52.0,4.714,477.0
1753531676640,12:07:56.640,ATOM/USDT:USDT,4.711,59.0,4.71,129.0,4.713,52.0,4.714,477.0
1753531676924,12:07:56.924,ATOM/USDT:USDT,4.711,59.0,4.71,129.0,4.713,52.0,4.714,477.0
1753531676930,12:07:56.930,ATOM/USDT:USDT,4.711,59.0,4.71,129.0,4.713,52.0,4.714,477.0
1753531677031,12:07:57.031,ATOM/USDT:USDT,4.711,59.0,4.71,129.0,4.713,52.0,4.714,477.0
1753531677262,12:07:57.262,ATOM/USDT:USDT,4.711,59.0,4.71,129.0,4.713,52.0,4.714,477.0
1753531677361,12:07:57.361,ATOM/USDT:USDT,4.711,59.0,4.71,129.0,4.713,52.0,4.714,477.0
1753531677726,12:07:57.726,ATOM/USDT:USDT,4.711,59.0,4.71,129.0,4.713,52.0,4.714,477.0
1753531677806,12:07:57.806,ATOM/USDT:USDT,4.711,59.0,4.71,129.0,4.713,52.0,4.714,477.0
1753531677872,12:07:57.872,ATOM/USDT:USDT,4.711,59.0,4.71,129.0,4.713,52.0,4.714,477.0
1753531677982,12:07:57.982,ATOM/USDT:USDT,4.711,60.0,4.71,129.0,4.713,52.0,4.714,477.0
1753531678030,12:07:58.030,ATOM/USDT:USDT,4.711,59.0,4.71,129.0,4.713,52.0,4.714,477.0
1753531678303,12:07:58.303,ATOM/USDT:USDT,4.711,59.0,4.71,129.0,4.713,52.0,4.714,477.0
1753531678372,12:07:58.372,ATOM/USDT:USDT,4.711,59.0,4.71,129.0,4.713,52.0,4.714,477.0
1753531678502,12:07:58.502,ATOM/USDT:USDT,4.711,59.0,4.71,129.0,4.713,52.0,4.714,477.0
1753531678583,12:07:58.583,ATOM/USDT:USDT,4.711,61.0,4.71,129.0,4.713,52.0,4.714,477.0
1753531678690,12:07:58.690,ATOM/USDT:USDT,4.711,59.0,4.71,129.0,4.713,52.0,4.714,477.0
1753531678796,12:07:58.796,ATOM/USDT:USDT,4.711,60.0,4.71,129.0,4.713,52.0,4.714,477.0
1753531678922,12:07:58.922,ATOM/USDT:USDT,4.711,61.0,4.71,129.0,4.713,50.0,4.714,477.0
1753531678981,12:07:58.981,ATOM/USDT:USDT,4.711,60.0,4.71,129.0,4.713,52.0,4.714,477.0
1753531679104,12:07:59.104,ATOM/USDT:USDT,4.711,59.0,4.71,129.0,4.713,52.0,4.714,477.0
1753531679176,12:07:59.176,ATOM/USDT:USDT,4.711,59.0,4.71,129.0,4.713,52.0,4.714,477.0
1753531679409,12:07:59.409,ATOM/USDT:USDT,4.711,60.0,4.71,129.0,4.713,51.0,4.714,477.0
1753531679477,12:07:59.477,ATOM/USDT:USDT,4.711,61.0,4.71,129.0,4.713,50.0,4.714,477.0
1753531679579,12:07:59.579,ATOM/USDT:USDT,4.711,61.0,4.71,129.0,4.713,50.0,4.714,477.0
1753531679645,12:07:59.645,ATOM/USDT:USDT,4.711,61.0,4.71,129.0,4.713,50.0,4.714,477.0
1753531679787,12:07:59.787,ATOM/USDT:USDT,4.711,61.0,4.71,129.0,4.713,50.0,4.714,477.0
1753531679868,12:07:59.868,ATOM/USDT:USDT,4.711,111.0,4.71,129.0,4.713,50.0,4.714,477.0
1753531680078,12:08:00.078,ATOM/USDT:USDT,4.711,111.0,4.71,129.0,4.713,50.0,4.714,451.0
1753531680614,12:08:00.614,ATOM/USDT:USDT,4.711,111.0,4.71,129.0,4.713,50.0,4.714,451.0
1753531680723,12:08:00.723,ATOM/USDT:USDT,4.711,111.0,4.71,129.0,4.713,50.0,4.714,451.0
1753531680766,12:08:00.766,ATOM/USDT:USDT,4.711,111.0,4.71,129.0,4.713,50.0,4.714,451.0
1753531680909,12:08:00.909,ATOM/USDT:USDT,4.711,111.0,4.71,129.0,4.713,50.0,4.714,451.0
1753531681053,12:08:01.053,ATOM/USDT:USDT,4.711,111.0,4.71,129.0,4.713,50.0,4.714,451.0
1753531681199,12:08:01.199,ATOM/USDT:USDT,4.711,110.0,4.71,129.0,4.713,52.0,4.714,451.0
1753531681318,12:08:01.318,ATOM/USDT:USDT,4.711,111.0,4.71,129.0,4.713,51.0,4.714,451.0
1753531681423,12:08:01.423,ATOM/USDT:USDT,4.711,111.0,4.71,129.0,4.713,50.0,4.714,451.0
1753531681470,12:08:01.470,ATOM/USDT:USDT,4.711,111.0,4.71,129.0,4.713,50.0,4.714,451.0
1753531681686,12:08:01.686,ATOM/USDT:USDT,4.711,111.0,4.71,129.0,4.713,50.0,4.714,451.0
1753531681916,12:08:01.916,ATOM/USDT:USDT,4.711,111.0,4.71,129.0,4.713,50.0,4.714,451.0
1753531682114,12:08:02.114,ATOM/USDT:USDT,4.711,111.0,4.71,129.0,4.713,50.0,4.714,451.0
1753531682220,12:08:02.220,ATOM/USDT:USDT,4.711,111.0,4.71,129.0,4.713,50.0,4.714,451.0
1753531682252,12:08:02.252,ATOM/USDT:USDT,4.711,111.0,4.71,129.0,4.713,50.0,4.714,451.0
1753531682587,12:08:02.587,ATOM/USDT:USDT,4.711,111.0,4.71,129.0,4.713,50.0,4.714,451.0
1753531682689,12:08:02.689,ATOM/USDT:USDT,4.711,111.0,4.71,129.0,4.713,50.0,4.714,451.0
1753531682885,12:08:02.885,ATOM/USDT:USDT,4.711,111.0,4.71,129.0,4.713,50.0,4.714,451.0
1753531683057,12:08:03.057,ATOM/USDT:USDT,4.711,111.0,4.71,129.0,4.713,50.0,4.714,451.0
1753531683184,12:08:03.184,ATOM/USDT:USDT,4.711,111.0,4.71,129.0,4.713,50.0,4.714,451.0
1753531683239,12:08:03.239,ATOM/USDT:USDT,4.711,111.0,4.71,140.0,4.713,50.0,4.714,451.0
1753531683420,12:08:03.420,ATOM/USDT:USDT,4.711,111.0,4.71,140.0,4.713,50.0,4.714,451.0
1753531683608,12:08:03.608,ATOM/USDT:USDT,4.711,111.0,4.71,140.0,4.713,50.0,4.714,451.0
1753531683719,12:08:03.719,ATOM/USDT:USDT,4.711,111.0,4.71,140.0,4.713,50.0,4.714,451.0
1753531683775,12:08:03.775,ATOM/USDT:USDT,4.711,111.0,4.71,140.0,4.713,50.0,4.714,451.0
1753531683832,12:08:03.832,ATOM/USDT:USDT,4.711,111.0,4.71,140.0,4.713,50.0,4.714,451.0
1753531684092,12:08:04.092,ATOM/USDT:USDT,4.711,111.0,4.71,140.0,4.713,50.0,4.714,451.0
1753531684217,12:08:04.217,ATOM/USDT:USDT,4.711,111.0,4.71,140.0,4.713,50.0,4.714,451.0
1753531684322,12:08:04.322,ATOM/USDT:USDT,4.711,111.0,4.71,140.0,4.713,50.0,4.714,451.0
1753531684507,12:08:04.507,ATOM/USDT:USDT,4.711,111.0,4.71,140.0,4.713,50.0,4.714,451.0
1753531684739,12:08:04.739,ATOM/USDT:USDT,4.711,111.0,4.71,140.0,4.713,50.0,4.714,451.0
1753531684896,12:08:04.896,ATOM/USDT:USDT,4.711,111.0,4.71,140.0,4.713,50.0,4.714,451.0
1753531685222,12:08:05.222,ATOM/USDT:USDT,4.711,111.0,4.71,140.0,4.713,50.0,4.714,451.0
1753531685309,12:08:05.309,ATOM/USDT:USDT,4.711,111.0,4.71,140.0,4.713,50.0,4.714,405.0
1753531685359,12:08:05.359,ATOM/USDT:USDT,4.711,111.0,4.71,140.0,4.713,50.0,4.714,405.0
1753531685467,12:08:05.467,ATOM/USDT:USDT,4.711,111.0,4.71,140.0,4.713,50.0,4.714,405.0
1753531685691,12:08:05.691,ATOM/USDT:USDT,4.711,111.0,4.71,140.0,4.713,50.0,4.714,405.0
1753531685794,12:08:05.794,ATOM/USDT:USDT,4.711,111.0,4.71,140.0,4.713,50.0,4.714,405.0
1753531686200,12:08:06.200,ATOM/USDT:USDT,4.711,111.0,4.71,140.0,4.713,50.0,4.714,405.0
1753531686687,12:08:06.687,ATOM/USDT:USDT,4.711,111.0,4.71,140.0,4.713,50.0,4.714,405.0
1753531687306,12:08:07.306,ATOM/USDT:USDT,4.711,111.0,4.71,140.0,4.713,50.0,4.714,405.0
1753531687392,12:08:07.392,ATOM/USDT:USDT,4.711,111.0,4.71,140.0,4.713,50.0,4.714,405.0
1753531687507,12:08:07.507,ATOM/USDT:USDT,4.711,111.0,4.71,140.0,4.713,50.0,4.714,405.0
1753531687576,12:08:07.576,ATOM/USDT:USDT,4.711,111.0,4.71,140.0,4.713,51.0,4.714,405.0
1753531687718,12:08:07.718,ATOM/USDT:USDT,4.711,110.0,4.71,140.0,4.713,52.0,4.714,405.0
1753531687754,12:08:07.754,ATOM/USDT:USDT,4.711,111.0,4.71,140.0,4.713,50.0,4.714,405.0
1753531687846,12:08:07.846,ATOM/USDT:USDT,4.711,111.0,4.71,140.0,4.713,50.0,4.714,405.0
1753531688064,12:08:08.064,ATOM/USDT:USDT,4.711,111.0,4.71,140.0,4.713,50.0,4.714,405.0
1753531688148,12:08:08.148,ATOM/USDT:USDT,4.711,111.0,4.71,140.0,4.713,50.0,4.714,405.0
1753531688259,12:08:08.259,ATOM/USDT:USDT,4.711,111.0,4.71,140.0,4.713,50.0,4.714,405.0
1753531688416,12:08:08.416,ATOM/USDT:USDT,4.711,111.0,4.71,140.0,4.713,50.0,4.714,405.0
1753531688515,12:08:08.515,ATOM/USDT:USDT,4.711,111.0,4.71,140.0,4.713,50.0,4.714,405.0
1753531688594,12:08:08.594,ATOM/USDT:USDT,4.711,111.0,4.71,140.0,4.713,50.0,4.714,405.0
1753531688696,12:08:08.696,ATOM/USDT:USDT,4.711,111.0,4.71,140.0,4.713,50.0,4.714,405.0
1753531689060,12:08:09.060,ATOM/USDT:USDT,4.711,111.0,4.71,140.0,4.713,50.0,4.714,405.0
1753531689625,12:08:09.625,ATOM/USDT:USDT,4.711,111.0,4.71,415.0,4.714,109.0,4.715,993.0
1753531689694,12:08:09.694,ATOM/USDT:USDT,4.711,111.0,4.71,415.0,4.714,109.0,4.715,993.0
1753531689822,12:08:09.822,ATOM/USDT:USDT,4.711,111.0,4.71,627.0,4.714,109.0,4.715,361.0
1753531689925,12:08:09.925,ATOM/USDT:USDT,4.711,111.0,4.71,627.0,4.714,109.0,4.715,361.0
1753531689983,12:08:09.983,ATOM/USDT:USDT,4.711,111.0,4.71,415.0,4.714,109.0,4.715,361.0
1753531690117,12:08:10.117,ATOM/USDT:USDT,4.711,283.0,4.71,415.0,4.714,109.0,4.715,361.0
1753531690200,12:08:10.200,ATOM/USDT:USDT,4.711,283.0,4.71,627.0,4.714,109.0,4.715,361.0
1753531690302,12:08:10.302,ATOM/USDT:USDT,4.711,283.0,4.71,627.0,4.714,109.0,4.715,361.0
1753531690507,12:08:10.507,ATOM/USDT:USDT,4.711,283.0,4.71,627.0,4.714,109.0,4.715,361.0
1753531690624,12:08:10.624,ATOM/USDT:USDT,4.711,283.0,4.71,627.0,4.714,109.0,4.715,361.0
1753531690725,12:08:10.725,ATOM/USDT:USDT,4.711,283.0,4.71,415.0,4.714,109.0,4.715,361.0
1753531691007,12:08:11.007,ATOM/USDT:USDT,4.711,283.0,4.71,627.0,4.714,109.0,4.715,361.0
1753531691043,12:08:11.043,ATOM/USDT:USDT,4.711,283.0,4.71,627.0,4.714,109.0,4.715,361.0
1753531691158,12:08:11.158,ATOM/USDT:USDT,4.711,283.0,4.71,627.0,4.714,109.0,4.715,361.0
1753531691282,12:08:11.282,ATOM/USDT:USDT,4.711,283.0,4.71,627.0,4.714,109.0,4.715,361.0
1753531691335,12:08:11.335,ATOM/USDT:USDT,4.711,283.0,4.71,627.0,4.714,109.0,4.715,361.0
1753531691482,12:08:11.482,ATOM/USDT:USDT,4.711,283.0,4.71,627.0,4.714,109.0,4.715,361.0
1753531691575,12:08:11.575,ATOM/USDT:USDT,4.711,283.0,4.71,627.0,4.714,109.0,4.715,361.0
1753531691689,12:08:11.689,ATOM/USDT:USDT,4.711,283.0,4.71,1127.0,4.714,109.0,4.715,281.0
1753531691868,12:08:11.868,ATOM/USDT:USDT,4.711,283.0,4.71,1127.0,4.714,109.0,4.715,281.0
1753531692038,12:08:12.038,ATOM/USDT:USDT,4.711,283.0,4.71,1127.0,4.714,109.0,4.715,281.0
1753531692193,12:08:12.193,ATOM/USDT:USDT,4.711,283.0,4.71,1127.0,4.714,109.0,4.715,281.0
1753531692289,12:08:12.289,ATOM/USDT:USDT,4.711,283.0,4.71,1127.0,4.714,109.0,4.715,281.0
1753531692340,12:08:12.340,ATOM/USDT:USDT,4.711,283.0,4.71,1127.0,4.714,109.0,4.715,281.0
1753531692658,12:08:12.658,ATOM/USDT:USDT,4.711,283.0,4.71,1127.0,4.714,109.0,4.715,281.0
1753531693007,12:08:13.007,ATOM/USDT:USDT,4.711,283.0,4.71,1339.0,4.714,109.0,4.715,281.0
1753531693039,12:08:13.039,ATOM/USDT:USDT,4.711,283.0,4.71,1339.0,4.714,109.0,4.715,281.0
1753531693209,12:08:13.209,ATOM/USDT:USDT,4.711,283.0,4.71,1127.0,4.714,109.0,4.715,281.0
1753531693271,12:08:13.271,ATOM/USDT:USDT,4.711,283.0,4.71,1127.0,4.714,109.0,4.715,281.0
1753531693353,12:08:13.353,ATOM/USDT:USDT,4.711,283.0,4.71,1116.0,4.714,109.0,4.715,281.0
1753531693700,12:08:13.700,ATOM/USDT:USDT,4.711,283.0,4.71,1139.0,4.714,109.0,4.715,281.0
1753531693896,12:08:13.896,ATOM/USDT:USDT,4.711,281.0,4.71,1139.0,4.714,109.0,4.715,281.0
1753531694049,12:08:14.049,ATOM/USDT:USDT,4.711,281.0,4.71,1139.0,4.714,109.0,4.715,281.0
1753531694249,12:08:14.249,ATOM/USDT:USDT,4.711,281.0,4.71,1139.0,4.714,109.0,4.715,281.0
1753531694482,12:08:14.482,ATOM/USDT:USDT,4.711,281.0,4.71,1139.0,4.714,109.0,4.715,281.0
1753531694590,12:08:14.590,ATOM/USDT:USDT,4.711,281.0,4.71,1139.0,4.714,109.0,4.715,281.0
1753531694693,12:08:14.693,ATOM/USDT:USDT,4.711,281.0,4.71,1139.0,4.714,109.0,4.715,281.0
1753531694752,12:08:14.752,ATOM/USDT:USDT,4.711,281.0,4.71,1139.0,4.714,109.0,4.715,281.0
1753531694854,12:08:14.854,ATOM/USDT:USDT,4.711,281.0,4.71,1139.0,4.714,109.0,4.715,281.0
1753531695010,12:08:15.010,ATOM/USDT:USDT,4.711,275.0,4.71,1351.0,4.714,109.0,4.715,281.0
1753531695109,12:08:15.109,ATOM/USDT:USDT,4.711,275.0,4.71,1139.0,4.714,109.0,4.715,281.0
1753531695194,12:08:15.194,ATOM/USDT:USDT,4.711,275.0,4.71,1139.0,4.714,109.0,4.715,281.0
1753531695253,12:08:15.253,ATOM/USDT:USDT,4.711,275.0,4.71,1139.0,4.714,109.0,4.715,281.0
1753531695351,12:08:15.351,ATOM/USDT:USDT,4.711,275.0,4.71,1139.0,4.714,109.0,4.715,281.0
1753531695434,12:08:15.434,ATOM/USDT:USDT,4.711,275.0,4.71,1139.0,4.714,109.0,4.715,281.0
1753531695553,12:08:15.553,ATOM/USDT:USDT,4.711,275.0,4.71,1139.0,4.714,109.0,4.715,281.0
1753531695724,12:08:15.724,ATOM/USDT:USDT,4.711,275.0,4.71,1139.0,4.714,109.0,4.715,281.0
1753531695747,12:08:15.747,ATOM/USDT:USDT,4.711,275.0,4.71,1139.0,4.714,109.0,4.715,281.0
1753531695908,12:08:15.908,ATOM/USDT:USDT,4.711,275.0,4.71,1139.0,4.714,109.0,4.715,281.0
1753531696018,12:08:16.018,ATOM/USDT:USDT,4.711,111.0,4.71,1139.0,4.713,61.0,4.714,109.0
1753531696059,12:08:16.059,ATOM/USDT:USDT,4.711,110.0,4.71,1139.0,4.713,61.0,4.714,109.0
1753531696252,12:08:16.252,ATOM/USDT:USDT,4.711,111.0,4.71,1139.0,4.714,110.0,4.715,281.0
1753531696493,12:08:16.493,ATOM/USDT:USDT,4.711,111.0,4.71,1139.0,4.714,110.0,4.715,281.0
1753531696638,12:08:16.638,ATOM/USDT:USDT,4.711,111.0,4.71,1139.0,4.714,110.0,4.715,281.0
1753531696808,12:08:16.808,ATOM/USDT:USDT,4.711,110.0,4.71,1139.0,4.714,110.0,4.715,281.0
1753531696909,12:08:16.909,ATOM/USDT:USDT,4.711,109.0,4.71,1139.0,4.713,61.0,4.714,110.0
1753531696985,12:08:16.985,ATOM/USDT:USDT,4.711,109.0,4.71,1139.0,4.713,61.0,4.714,110.0
1753531697089,12:08:17.089,ATOM/USDT:USDT,4.711,109.0,4.71,1139.0,4.713,61.0,4.714,110.0
1753531697198,12:08:17.198,ATOM/USDT:USDT,4.711,109.0,4.71,1139.0,4.713,62.0,4.714,110.0
1753531697243,12:08:17.243,ATOM/USDT:USDT,4.711,109.0,4.71,1139.0,4.713,61.0,4.714,110.0
1753531697415,12:08:17.415,ATOM/USDT:USDT,4.711,109.0,4.71,1139.0,4.713,61.0,4.714,110.0
1753531697694,12:08:17.694,ATOM/USDT:USDT,4.711,111.0,4.71,1139.0,4.714,109.0,4.715,281.0
1753531697787,12:08:17.787,ATOM/USDT:USDT,4.711,110.0,4.71,1139.0,4.714,109.0,4.715,281.0
1753531697887,12:08:17.887,ATOM/USDT:USDT,4.711,110.0,4.71,1139.0,4.714,109.0,4.715,281.0
1753531697943,12:08:17.943,ATOM/USDT:USDT,4.711,110.0,4.71,1139.0,4.714,109.0,4.715,281.0
1753531698106,12:08:18.106,ATOM/USDT:USDT,4.711,111.0,4.71,1139.0,4.714,110.0,4.715,281.0
1753531698411,12:08:18.411,ATOM/USDT:USDT,4.711,111.0,4.71,1139.0,4.714,110.0,4.715,281.0
1753531698723,12:08:18.723,ATOM/USDT:USDT,4.711,111.0,4.71,1139.0,4.714,109.0,4.715,281.0
1753531698765,12:08:18.765,ATOM/USDT:USDT,4.711,111.0,4.71,1139.0,4.714,110.0,4.715,281.0
1753531698902,12:08:18.902,ATOM/USDT:USDT,4.711,111.0,4.71,1311.0,4.714,110.0,4.715,281.0
1753531699148,12:08:19.148,ATOM/USDT:USDT,4.711,111.0,4.71,1311.0,4.714,110.0,4.715,281.0
1753531699364,12:08:19.364,ATOM/USDT:USDT,4.711,111.0,4.71,1311.0,4.714,109.0,4.715,281.0
1753531699490,12:08:19.490,ATOM/USDT:USDT,4.711,109.0,4.71,1311.0,4.713,62.0,4.714,110.0
1753531699567,12:08:19.567,ATOM/USDT:USDT,4.711,109.0,4.71,1311.0,4.713,62.0,4.714,110.0
1753531699715,12:08:19.715,ATOM/USDT:USDT,4.711,109.0,4.71,1311.0,4.713,62.0,4.714,110.0
1753531699979,12:08:19.979,ATOM/USDT:USDT,4.711,109.0,4.71,1311.0,4.713,62.0,4.714,110.0
1753531700095,12:08:20.095,ATOM/USDT:USDT,4.711,109.0,4.71,1311.0,4.713,62.0,4.714,110.0
1753531700214,12:08:20.214,ATOM/USDT:USDT,4.711,109.0,4.71,1311.0,4.713,62.0,4.714,110.0
1753531700492,12:08:20.492,ATOM/USDT:USDT,4.711,109.0,4.71,1311.0,4.713,62.0,4.714,110.0
1753531700612,12:08:20.612,ATOM/USDT:USDT,4.711,109.0,4.71,1311.0,4.713,63.0,4.714,109.0
1753531700714,12:08:20.714,ATOM/USDT:USDT,4.711,109.0,4.71,1311.0,4.713,63.0,4.714,109.0
1753531700909,12:08:20.909,ATOM/USDT:USDT,4.711,109.0,4.71,1311.0,4.713,63.0,4.714,109.0
1753531701021,12:08:21.021,ATOM/USDT:USDT,4.711,109.0,4.71,1081.0,4.713,63.0,4.714,109.0
1753531701065,12:08:21.065,ATOM/USDT:USDT,4.711,109.0,4.71,1036.0,4.713,63.0,4.714,109.0
1753531701223,12:08:21.223,ATOM/USDT:USDT,4.711,109.0,4.71,1036.0,4.713,63.0,4.714,109.0
1753531701525,12:08:21.525,ATOM/USDT:USDT,4.711,109.0,4.71,1036.0,4.714,109.0,4.715,281.0
1753531701609,12:08:21.609,ATOM/USDT:USDT,4.711,111.0,4.71,1036.0,4.713,58.0,4.714,109.0
1753531701725,12:08:21.725,ATOM/USDT:USDT,4.711,110.0,4.71,1036.0,4.714,109.0,4.715,281.0
1753531701735,12:08:21.735,ATOM/USDT:USDT,4.711,110.0,4.71,1036.0,4.714,109.0,4.715,281.0
1753531701889,12:08:21.889,ATOM/USDT:USDT,4.711,110.0,4.71,1036.0,4.714,109.0,4.715,281.0
1753531701976,12:08:21.976,ATOM/USDT:USDT,4.711,109.0,4.71,1036.0,4.714,109.0,4.715,281.0
1753531702083,12:08:22.083,ATOM/USDT:USDT,4.711,109.0,4.71,1036.0,4.713,58.0,4.714,109.0
1753531702201,12:08:22.201,ATOM/USDT:USDT,4.711,109.0,4.71,1036.0,4.713,59.0,4.714,109.0
1753531702422,12:08:22.422,ATOM/USDT:USDT,4.711,109.0,4.71,1036.0,4.713,60.0,4.714,109.0
1753531702527,12:08:22.527,ATOM/USDT:USDT,4.711,109.0,4.71,1036.0,4.713,60.0,4.714,109.0
1753531702738,12:08:22.738,ATOM/USDT:USDT,4.711,109.0,4.71,1036.0,4.713,60.0,4.714,109.0
1753531702849,12:08:22.849,ATOM/USDT:USDT,4.711,109.0,4.71,1036.0,4.713,60.0,4.714,109.0
1753531703003,12:08:23.003,ATOM/USDT:USDT,4.711,109.0,4.71,1036.0,4.713,60.0,4.714,109.0
1753531703069,12:08:23.069,ATOM/USDT:USDT,4.711,109.0,4.71,1036.0,4.713,60.0,4.714,109.0
1753531703368,12:08:23.368,ATOM/USDT:USDT,4.711,109.0,4.71,1036.0,4.713,60.0,4.714,109.0
1753531703491,12:08:23.491,ATOM/USDT:USDT,4.711,109.0,4.71,1036.0,4.713,60.0,4.714,109.0
1753531703610,12:08:23.610,ATOM/USDT:USDT,4.711,109.0,4.71,1036.0,4.713,60.0,4.714,109.0
1753531703770,12:08:23.770,ATOM/USDT:USDT,4.711,109.0,4.71,1013.0,4.713,60.0,4.714,109.0
1753531704001,12:08:24.001,ATOM/USDT:USDT,4.711,110.0,4.71,1013.0,4.713,58.0,4.714,109.0
1753531704099,12:08:24.099,ATOM/USDT:USDT,4.711,109.0,4.71,1013.0,4.713,60.0,4.714,109.0
1753531704197,12:08:24.197,ATOM/USDT:USDT,4.711,109.0,4.71,1013.0,4.713,60.0,4.714,109.0
1753531704371,12:08:24.371,ATOM/USDT:USDT,4.711,109.0,4.71,1013.0,4.713,60.0,4.714,109.0
1753531704731,12:08:24.731,ATOM/USDT:USDT,4.711,109.0,4.71,1013.0,4.713,60.0,4.714,109.0
1753531704914,12:08:24.914,ATOM/USDT:USDT,4.711,111.0,4.71,1013.0,4.713,58.0,4.714,109.0
1753531705085,12:08:25.085,ATOM/USDT:USDT,4.711,111.0,4.71,1013.0,4.713,58.0,4.714,109.0
1753531705224,12:08:25.224,ATOM/USDT:USDT,4.711,110.0,4.71,1013.0,4.713,59.0,4.714,109.0
1753531705229,12:08:25.229,ATOM/USDT:USDT,4.711,109.0,4.71,1013.0,4.713,59.0,4.714,109.0
1753531705416,12:08:25.416,ATOM/USDT:USDT,4.711,111.0,4.71,1013.0,4.713,58.0,4.714,109.0
1753531705490,12:08:25.490,ATOM/USDT:USDT,4.711,111.0,4.71,1013.0,4.713,58.0,4.714,109.0
1753531705710,12:08:25.710,ATOM/USDT:USDT,4.711,111.0,4.71,1013.0,4.713,58.0,4.714,109.0
1753531705766,12:08:25.766,ATOM/USDT:USDT,4.711,111.0,4.71,1013.0,4.713,58.0,4.714,109.0
1753531706091,12:08:26.091,ATOM/USDT:USDT,4.711,110.0,4.71,1013.0,4.713,60.0,4.714,109.0
1753531706222,12:08:26.222,ATOM/USDT:USDT,4.711,109.0,4.71,1013.0,4.713,60.0,4.714,109.0
1753531706248,12:08:26.248,ATOM/USDT:USDT,4.711,111.0,4.71,1013.0,4.713,58.0,4.714,109.0
1753531706499,12:08:26.499,ATOM/USDT:USDT,4.711,111.0,4.71,1013.0,4.713,58.0,4.714,109.0
1753531706530,12:08:26.530,ATOM/USDT:USDT,4.711,111.0,4.71,1024.0,4.713,58.0,4.714,109.0
1753531706711,12:08:26.711,ATOM/USDT:USDT,4.711,109.0,4.71,1024.0,4.713,59.0,4.714,109.0
1753531706778,12:08:26.778,ATOM/USDT:USDT,4.711,111.0,4.71,1024.0,4.713,59.0,4.714,109.0
1753531706877,12:08:26.877,ATOM/USDT:USDT,4.711,111.0,4.71,1024.0,4.713,58.0,4.714,109.0
1753531707027,12:08:27.027,ATOM/USDT:USDT,4.711,111.0,4.71,1024.0,4.713,59.0,4.714,109.0
1753531707106,12:08:27.106,ATOM/USDT:USDT,4.711,111.0,4.71,1024.0,4.713,59.0,4.714,109.0
1753531707223,12:08:27.223,ATOM/USDT:USDT,4.711,109.0,4.71,1024.0,4.713,60.0,4.714,109.0
1753531707313,12:08:27.313,ATOM/USDT:USDT,4.711,109.0,4.71,1024.0,4.713,60.0,4.714,109.0
1753531707332,12:08:27.332,ATOM/USDT:USDT,4.711,109.0,4.71,1024.0,4.713,60.0,4.714,109.0
1753531707503,12:08:27.503,ATOM/USDT:USDT,4.711,109.0,4.71,1024.0,4.713,60.0,4.714,109.0
1753531707574,12:08:27.574,ATOM/USDT:USDT,4.711,111.0,4.71,1024.0,4.713,58.0,4.714,109.0
1753531707685,12:08:27.685,ATOM/USDT:USDT,4.711,111.0,4.71,1024.0,4.713,58.0,4.714,109.0
1753531707785,12:08:27.785,ATOM/USDT:USDT,4.711,111.0,4.71,1024.0,4.713,58.0,4.714,109.0
1753531707996,12:08:27.996,ATOM/USDT:USDT,4.711,109.0,4.71,1024.0,4.713,60.0,4.714,109.0
1753531708059,12:08:28.059,ATOM/USDT:USDT,4.711,109.0,4.71,1024.0,4.713,60.0,4.714,109.0
1753531708131,12:08:28.131,ATOM/USDT:USDT,4.711,109.0,4.71,1024.0,4.713,60.0,4.714,109.0
1753531708238,12:08:28.238,ATOM/USDT:USDT,4.711,109.0,4.71,1024.0,4.713,60.0,4.714,109.0
1753531708612,12:08:28.612,ATOM/USDT:USDT,4.711,110.0,4.71,1024.0,4.713,59.0,4.714,109.0
1753531708725,12:08:28.725,ATOM/USDT:USDT,4.711,111.0,4.71,1024.0,4.713,58.0,4.714,109.0
1753531708780,12:08:28.780,ATOM/USDT:USDT,4.711,111.0,4.71,1024.0,4.713,58.0,4.714,109.0
1753531708867,12:08:28.867,ATOM/USDT:USDT,4.711,111.0,4.71,1024.0,4.713,58.0,4.714,109.0
1753531709019,12:08:29.019,ATOM/USDT:USDT,4.711,111.0,4.71,1024.0,4.713,58.0,4.714,109.0
1753531709205,12:08:29.205,ATOM/USDT:USDT,4.711,110.0,4.71,1024.0,4.714,109.0,4.715,281.0
1753531709272,12:08:29.272,ATOM/USDT:USDT,4.711,110.0,4.71,1024.0,4.714,109.0,4.715,281.0
1753531709327,12:08:29.327,ATOM/USDT:USDT,4.711,110.0,4.71,1024.0,4.714,109.0,4.715,281.0
1753531709498,12:08:29.498,ATOM/USDT:USDT,4.711,109.0,4.71,1024.0,4.714,109.0,4.715,281.0
1753531709593,12:08:29.593,ATOM/USDT:USDT,4.711,109.0,4.71,1024.0,4.713,60.0,4.714,109.0
1753531709650,12:08:29.650,ATOM/USDT:USDT,4.711,109.0,4.71,1024.0,4.713,62.0,4.714,109.0
1753531709749,12:08:29.749,ATOM/USDT:USDT,4.711,109.0,4.71,1024.0,4.713,62.0,4.714,109.0
1753531709904,12:08:29.904,ATOM/USDT:USDT,4.711,111.0,4.71,1024.0,4.713,60.0,4.714,109.0
1753531709983,12:08:29.983,ATOM/USDT:USDT,4.711,110.0,4.71,1024.0,4.713,62.0,4.714,109.0
1753531710077,12:08:30.077,ATOM/USDT:USDT,4.711,110.0,4.71,1024.0,4.713,62.0,4.714,109.0
1753531710225,12:08:30.225,ATOM/USDT:USDT,4.711,109.0,4.71,1024.0,4.713,1.0,4.714,109.0
1753531710297,12:08:30.297,ATOM/USDT:USDT,4.711,111.0,4.71,1024.0,4.714,110.0,4.715,354.0
1753531710457,12:08:30.457,ATOM/USDT:USDT,4.711,111.0,4.71,1024.0,4.714,110.0,4.715,354.0
1753531710693,12:08:30.693,ATOM/USDT:USDT,4.711,111.0,4.71,1024.0,4.714,110.0,4.715,354.0
1753531710809,12:08:30.809,ATOM/USDT:USDT,4.711,111.0,4.71,1024.0,4.714,110.0,4.715,354.0
1753531711251,12:08:31.251,ATOM/USDT:USDT,4.711,111.0,4.71,1024.0,4.714,110.0,4.715,354.0
1753531711418,12:08:31.418,ATOM/USDT:USDT,4.711,111.0,4.71,1024.0,4.714,110.0,4.715,354.0
1753531711473,12:08:31.473,ATOM/USDT:USDT,4.711,111.0,4.71,1024.0,4.714,110.0,4.715,354.0
1753531711530,12:08:31.530,ATOM/USDT:USDT,4.711,111.0,4.71,1024.0,4.714,110.0,4.715,354.0
1753531711774,12:08:31.774,ATOM/USDT:USDT,4.711,111.0,4.71,1024.0,4.714,110.0,4.715,354.0
1753531711889,12:08:31.889,ATOM/USDT:USDT,4.711,111.0,4.71,1249.0,4.714,110.0,4.715,354.0
1753531712006,12:08:32.006,ATOM/USDT:USDT,4.711,111.0,4.71,1249.0,4.714,110.0,4.715,354.0
1753531712117,12:08:32.117,ATOM/USDT:USDT,4.711,111.0,4.71,1249.0,4.714,110.0,4.715,285.0
1753531712199,12:08:32.199,ATOM/USDT:USDT,4.711,111.0,4.71,1249.0,4.714,110.0,4.715,285.0
1753531712276,12:08:32.276,ATOM/USDT:USDT,4.711,111.0,4.71,1249.0,4.714,110.0,4.715,285.0
1753531712383,12:08:32.383,ATOM/USDT:USDT,4.711,111.0,4.71,1249.0,4.714,110.0,4.715,285.0
1753531712506,12:08:32.506,ATOM/USDT:USDT,4.711,111.0,4.71,1249.0,4.714,110.0,4.715,285.0
1753531712746,12:08:32.746,ATOM/USDT:USDT,4.711,111.0,4.71,1249.0,4.714,110.0,4.715,285.0
1753531712828,12:08:32.828,ATOM/USDT:USDT,4.711,111.0,4.71,1249.0,4.714,110.0,4.715,285.0
1753531712991,12:08:32.991,ATOM/USDT:USDT,4.711,111.0,4.71,1249.0,4.714,110.0,4.715,285.0
1753531713108,12:08:33.108,ATOM/USDT:USDT,4.711,111.0,4.71,1249.0,4.714,110.0,4.715,285.0
1753531713202,12:08:33.202,ATOM/USDT:USDT,4.711,111.0,4.71,1249.0,4.714,110.0,4.715,285.0
1753531713312,12:08:33.312,ATOM/USDT:USDT,4.711,111.0,4.71,1249.0,4.714,110.0,4.715,285.0
1753531713442,12:08:33.442,ATOM/USDT:USDT,4.711,110.0,4.71,1249.0,4.714,110.0,4.715,285.0
1753531713549,12:08:33.549,ATOM/USDT:USDT,4.711,110.0,4.71,1249.0,4.714,110.0,4.715,285.0
1753531713671,12:08:33.671,ATOM/USDT:USDT,4.711,110.0,4.71,1249.0,4.714,110.0,4.715,285.0
1753531713784,12:08:33.784,ATOM/USDT:USDT,4.711,109.0,4.71,1249.0,4.714,110.0,4.715,285.0
1753531713868,12:08:33.868,ATOM/USDT:USDT,4.711,109.0,4.71,1249.0,4.713,61.0,4.714,110.0
1753531714019,12:08:34.019,ATOM/USDT:USDT,4.711,109.0,4.71,1249.0,4.713,60.0,4.714,110.0
1753531714280,12:08:34.280,ATOM/USDT:USDT,4.711,109.0,4.71,1249.0,4.713,61.0,4.714,110.0
1753531714393,12:08:34.393,ATOM/USDT:USDT,4.711,109.0,4.71,1249.0,4.713,61.0,4.714,110.0
1753531714518,12:08:34.518,ATOM/USDT:USDT,4.711,109.0,4.71,1249.0,4.713,61.0,4.714,110.0
1753531714584,12:08:34.584,ATOM/USDT:USDT,4.711,110.0,4.71,1249.0,4.713,60.0,4.714,110.0
1753531714715,12:08:34.715,ATOM/USDT:USDT,4.711,109.0,4.71,1249.0,4.713,60.0,4.714,110.0
1753531714866,12:08:34.866,ATOM/USDT:USDT,4.711,109.0,4.71,1249.0,4.713,60.0,4.714,110.0
1753531714971,12:08:34.971,ATOM/USDT:USDT,4.711,109.0,4.71,1249.0,4.713,60.0,4.714,110.0
1753531715118,12:08:35.118,ATOM/USDT:USDT,4.711,109.0,4.71,1249.0,4.713,62.0,4.714,110.0
1753531715218,12:08:35.218,ATOM/USDT:USDT,4.711,109.0,4.71,1249.0,4.713,62.0,4.714,110.0
1753531715323,12:08:35.323,ATOM/USDT:USDT,4.711,109.0,4.71,1249.0,4.713,62.0,4.714,110.0
1753531715360,12:08:35.360,ATOM/USDT:USDT,4.711,109.0,4.71,1249.0,4.713,62.0,4.714,110.0
1753531715522,12:08:35.522,ATOM/USDT:USDT,4.711,109.0,4.71,1069.0,4.713,62.0,4.714,110.0
1753531715565,12:08:35.565,ATOM/USDT:USDT,4.711,109.0,4.71,1024.0,4.713,62.0,4.714,110.0
1753531715679,12:08:35.679,ATOM/USDT:USDT,4.711,109.0,4.71,1024.0,4.713,61.0,4.714,110.0
1753531715731,12:08:35.731,ATOM/USDT:USDT,4.711,109.0,4.71,1024.0,4.713,62.0,4.714,110.0
1753531715948,12:08:35.948,ATOM/USDT:USDT,4.711,109.0,4.71,1024.0,4.713,62.0,4.714,110.0
1753531716273,12:08:36.273,ATOM/USDT:USDT,4.711,109.0,4.71,1024.0,4.713,62.0,4.714,110.0
1753531716525,12:08:36.525,ATOM/USDT:USDT,4.71,1024.0,4.709,751.0,4.712,60.0,4.713,61.0
1753531716558,12:08:36.558,ATOM/USDT:USDT,4.71,1014.0,4.709,751.0,4.712,60.0,4.713,61.0
1753531716632,12:08:36.632,ATOM/USDT:USDT,4.71,1014.0,4.709,751.0,4.712,60.0,4.713,61.0
1753531716857,12:08:36.857,ATOM/USDT:USDT,4.71,1014.0,4.709,751.0,4.712,60.0,4.713,61.0
1753531717198,12:08:37.198,ATOM/USDT:USDT,4.71,1014.0,4.709,751.0,4.712,60.0,4.713,61.0
1753531717285,12:08:37.285,ATOM/USDT:USDT,4.71,1014.0,4.709,751.0,4.712,60.0,4.713,61.0
1753531717352,12:08:37.352,ATOM/USDT:USDT,4.71,1014.0,4.709,751.0,4.712,60.0,4.713,61.0
1753531717476,12:08:37.476,ATOM/USDT:USDT,4.71,1014.0,4.709,751.0,4.712,60.0,4.713,61.0
1753531717589,12:08:37.589,ATOM/USDT:USDT,4.71,1014.0,4.709,751.0,4.713,60.0,4.714,110.0
1753531717672,12:08:37.672,ATOM/USDT:USDT,4.71,1014.0,4.709,751.0,4.713,60.0,4.714,110.0
1753531717818,12:08:37.818,ATOM/USDT:USDT,4.71,1014.0,4.709,751.0,4.713,60.0,4.714,110.0
1753531717884,12:08:37.884,ATOM/USDT:USDT,4.71,1014.0,4.709,751.0,4.713,60.0,4.714,110.0
1753531718021,12:08:38.021,ATOM/USDT:USDT,4.71,821.0,4.709,129.0,4.713,60.0,4.714,418.0
1753531718089,12:08:38.089,ATOM/USDT:USDT,4.71,821.0,4.709,129.0,4.712,62.0,4.713,185.0
1753531718165,12:08:38.165,ATOM/USDT:USDT,4.71,821.0,4.709,129.0,4.712,62.0,4.713,185.0
1753531718289,12:08:38.289,ATOM/USDT:USDT,4.71,821.0,4.709,129.0,4.712,62.0,4.713,185.0
1753531718368,12:08:38.368,ATOM/USDT:USDT,4.71,821.0,4.709,129.0,4.712,62.0,4.713,185.0
1753531718509,12:08:38.509,ATOM/USDT:USDT,4.71,762.0,4.709,298.0,4.711,60.0,4.712,62.0
1753531718584,12:08:38.584,ATOM/USDT:USDT,4.71,762.0,4.709,298.0,4.711,20.0,4.712,62.0
1753531718702,12:08:38.702,ATOM/USDT:USDT,4.71,762.0,4.709,298.0,4.711,20.0,4.712,62.0
1753531718729,12:08:38.729,ATOM/USDT:USDT,4.71,762.0,4.709,298.0,4.711,20.0,4.712,107.0
1753531719018,12:08:39.018,ATOM/USDT:USDT,4.71,712.0,4.709,129.0,4.711,21.0,4.712,105.0
1753531719104,12:08:39.104,ATOM/USDT:USDT,4.709,109.0,4.708,130.0,4.711,22.0,4.712,60.0
1753531719218,12:08:39.218,ATOM/USDT:USDT,4.709,109.0,4.708,842.0,4.711,22.0,4.712,60.0
1753531719322,12:08:39.322,ATOM/USDT:USDT,4.709,109.0,4.708,842.0,4.711,22.0,4.712,60.0
1753531719421,12:08:39.421,ATOM/USDT:USDT,4.709,109.0,4.708,842.0,4.711,22.0,4.712,110.0
1753531719463,12:08:39.463,ATOM/USDT:USDT,4.709,109.0,4.708,842.0,4.711,22.0,4.712,110.0
1753531719609,12:08:39.609,ATOM/USDT:USDT,4.709,109.0,4.708,842.0,4.711,22.0,4.712,110.0
1753531719661,12:08:39.661,ATOM/USDT:USDT,4.709,109.0,4.708,842.0,4.711,22.0,4.712,110.0
1753531719940,12:08:39.940,ATOM/USDT:USDT,4.709,109.0,4.708,842.0,4.711,21.0,4.712,110.0
1753531720101,12:08:40.101,ATOM/USDT:USDT,4.709,109.0,4.708,842.0,4.711,22.0,4.712,110.0
1753531720178,12:08:40.178,ATOM/USDT:USDT,4.709,109.0,4.708,842.0,4.711,20.0,4.712,110.0
1753531720288,12:08:40.288,ATOM/USDT:USDT,4.709,109.0,4.708,842.0,4.711,22.0,4.712,110.0
1753531720404,12:08:40.404,ATOM/USDT:USDT,4.709,109.0,4.708,842.0,4.711,22.0,4.712,110.0
1753531720523,12:08:40.523,ATOM/USDT:USDT,4.709,109.0,4.708,842.0,4.711,22.0,4.712,110.0
1753531720529,12:08:40.529,ATOM/USDT:USDT,4.709,109.0,4.708,842.0,4.711,22.0,4.712,110.0
1753531720673,12:08:40.673,ATOM/USDT:USDT,4.709,109.0,4.708,842.0,4.711,22.0,4.712,110.0
1753531720795,12:08:40.795,ATOM/USDT:USDT,4.709,109.0,4.708,842.0,4.711,22.0,4.712,110.0
1753531720901,12:08:40.901,ATOM/USDT:USDT,4.709,109.0,4.708,842.0,4.711,22.0,4.712,110.0
1753531721095,12:08:41.095,ATOM/USDT:USDT,4.709,50.0,4.708,842.0,4.71,60.0,4.711,22.0
1753531721220,12:08:41.220,ATOM/USDT:USDT,4.709,50.0,4.708,842.0,4.71,60.0,4.711,22.0
1753531721290,12:08:41.290,ATOM/USDT:USDT,4.709,50.0,4.708,842.0,4.71,60.0,4.711,22.0
1753531721414,12:08:41.414,ATOM/USDT:USDT,4.709,50.0,4.708,842.0,4.71,60.0,4.711,22.0
1753531721484,12:08:41.484,ATOM/USDT:USDT,4.709,50.0,4.708,842.0,4.71,60.0,4.711,22.0
1753531721684,12:08:41.684,ATOM/USDT:USDT,4.709,50.0,4.708,842.0,4.71,60.0,4.711,22.0
1753531721924,12:08:41.924,ATOM/USDT:USDT,4.709,50.0,4.708,842.0,4.71,60.0,4.711,22.0
1753531721974,12:08:41.974,ATOM/USDT:USDT,4.709,50.0,4.708,842.0,4.71,60.0,4.711,22.0
1753531722045,12:08:42.045,ATOM/USDT:USDT,4.709,50.0,4.708,842.0,4.71,60.0,4.711,22.0
1753531722145,12:08:42.145,ATOM/USDT:USDT,4.709,50.0,4.708,842.0,4.71,60.0,4.711,22.0
1753531722424,12:08:42.424,ATOM/USDT:USDT,4.709,50.0,4.708,842.0,4.71,60.0,4.711,22.0
1753531722485,12:08:42.485,ATOM/USDT:USDT,4.709,50.0,4.708,842.0,4.711,22.0,4.712,110.0
1753531722609,12:08:42.609,ATOM/USDT:USDT,4.709,110.0,4.708,842.0,4.711,22.0,4.712,110.0
1753531722715,12:08:42.715,ATOM/USDT:USDT,4.709,110.0,4.708,842.0,4.711,20.0,4.712,110.0
1753531722817,12:08:42.817,ATOM/USDT:USDT,4.709,110.0,4.708,842.0,4.711,20.0,4.712,110.0
1753531722871,12:08:42.871,ATOM/USDT:USDT,4.709,110.0,4.708,842.0,4.711,22.0,4.712,110.0
1753531722957,12:08:42.957,ATOM/USDT:USDT,4.709,110.0,4.708,842.0,4.711,22.0,4.712,110.0
1753531723222,12:08:43.222,ATOM/USDT:USDT,4.709,110.0,4.708,842.0,4.711,22.0,4.712,110.0
1753531723268,12:08:43.268,ATOM/USDT:USDT,4.709,110.0,4.708,842.0,4.711,22.0,4.712,110.0
1753531723412,12:08:43.412,ATOM/USDT:USDT,4.709,110.0,4.708,842.0,4.711,22.0,4.712,110.0
1753531723518,12:08:43.518,ATOM/USDT:USDT,4.709,110.0,4.708,1010.0,4.711,22.0,4.712,110.0
1753531723585,12:08:43.585,ATOM/USDT:USDT,4.709,110.0,4.708,1010.0,4.711,22.0,4.712,110.0
1753531723680,12:08:43.680,ATOM/USDT:USDT,4.709,110.0,4.708,1010.0,4.711,20.0,4.712,110.0
1753531723921,12:08:43.921,ATOM/USDT:USDT,4.709,110.0,4.708,1010.0,4.711,20.0,4.712,110.0
1753531724122,12:08:44.122,ATOM/USDT:USDT,4.709,110.0,4.708,1010.0,4.711,20.0,4.712,110.0
1753531724266,12:08:44.266,ATOM/USDT:USDT,4.709,110.0,4.708,1010.0,4.711,20.0,4.712,110.0
1753531724420,12:08:44.420,ATOM/USDT:USDT,4.709,110.0,4.708,1010.0,4.711,22.0,4.712,110.0
1753531724662,12:08:44.662,ATOM/USDT:USDT,4.709,110.0,4.708,1010.0,4.711,22.0,4.712,110.0
1753531724848,12:08:44.848,ATOM/USDT:USDT,4.709,110.0,4.708,1010.0,4.711,22.0,4.712,110.0
1753531725219,12:08:45.219,ATOM/USDT:USDT,4.709,110.0,4.708,1010.0,4.711,22.0,4.712,110.0
1753531725323,12:08:45.323,ATOM/USDT:USDT,4.709,110.0,4.708,1010.0,4.711,22.0,4.712,110.0
1753531725439,12:08:45.439,ATOM/USDT:USDT,4.709,110.0,4.708,1010.0,4.711,22.0,4.712,110.0
1753531725707,12:08:45.707,ATOM/USDT:USDT,4.709,110.0,4.708,1010.0,4.711,22.0,4.712,110.0
1753531725731,12:08:45.731,ATOM/USDT:USDT,4.709,110.0,4.708,1010.0,4.711,22.0,4.712,110.0
1753531725874,12:08:45.874,ATOM/USDT:USDT,4.709,110.0,4.708,1010.0,4.711,22.0,4.712,110.0
1753531725986,12:08:45.986,ATOM/USDT:USDT,4.709,110.0,4.708,1010.0,4.711,22.0,4.712,110.0
1753531726106,12:08:46.106,ATOM/USDT:USDT,4.709,110.0,4.708,1010.0,4.711,22.0,4.712,110.0
1753531726223,12:08:46.223,ATOM/USDT:USDT,4.709,110.0,4.708,1010.0,4.711,22.0,4.712,110.0
1753531726324,12:08:46.324,ATOM/USDT:USDT,4.709,110.0,4.708,1010.0,4.711,22.0,4.712,110.0
1753531726425,12:08:46.425,ATOM/USDT:USDT,4.709,110.0,4.708,1010.0,4.711,22.0,4.712,110.0
1753531726612,12:08:46.612,ATOM/USDT:USDT,4.709,110.0,4.708,1010.0,4.711,22.0,4.712,110.0
1753531726688,12:08:46.688,ATOM/USDT:USDT,4.709,110.0,4.708,1010.0,4.711,22.0,4.712,110.0
1753531726825,12:08:46.825,ATOM/USDT:USDT,4.709,110.0,4.708,1010.0,4.711,22.0,4.712,110.0
1753531727136,12:08:47.136,ATOM/USDT:USDT,4.709,110.0,4.708,1010.0,4.711,22.0,4.712,110.0
1753531727321,12:08:47.321,ATOM/USDT:USDT,4.709,110.0,4.708,1010.0,4.711,22.0,4.712,110.0
1753531727379,12:08:47.379,ATOM/USDT:USDT,4.709,110.0,4.708,1010.0,4.711,22.0,4.712,110.0
1753531727454,12:08:47.454,ATOM/USDT:USDT,4.709,110.0,4.708,1010.0,4.711,22.0,4.712,110.0
1753531727564,12:08:47.564,ATOM/USDT:USDT,4.709,110.0,4.708,1010.0,4.711,22.0,4.712,110.0
1753531727724,12:08:47.724,ATOM/USDT:USDT,4.709,110.0,4.708,1010.0,4.711,22.0,4.712,110.0
1753531727726,12:08:47.726,ATOM/USDT:USDT,4.709,110.0,4.708,1010.0,4.711,22.0,4.712,110.0
1753531727853,12:08:47.853,ATOM/USDT:USDT,4.709,110.0,4.708,1010.0,4.711,22.0,4.712,110.0
1753531727943,12:08:47.943,ATOM/USDT:USDT,4.709,110.0,4.708,1010.0,4.711,22.0,4.712,110.0
1753531728099,12:08:48.099,ATOM/USDT:USDT,4.709,110.0,4.708,1010.0,4.711,22.0,4.712,110.0
1753531728189,12:08:48.189,ATOM/USDT:USDT,4.71,60.0,4.709,110.0,4.711,62.0,4.712,110.0
1753531728320,12:08:48.320,ATOM/USDT:USDT,4.709,110.0,4.708,1010.0,4.711,62.0,4.712,110.0
1753531728425,12:08:48.425,ATOM/USDT:USDT,4.709,110.0,4.708,1010.0,4.711,61.0,4.712,110.0
1753531728483,12:08:48.483,ATOM/USDT:USDT,4.709,110.0,4.708,1010.0,4.711,62.0,4.712,110.0
1753531728705,12:08:48.705,ATOM/USDT:USDT,4.709,110.0,4.708,1010.0,4.711,62.0,4.712,110.0
1753531728961,12:08:48.961,ATOM/USDT:USDT,4.709,110.0,4.708,1010.0,4.711,62.0,4.712,110.0
1753531729114,12:08:49.114,ATOM/USDT:USDT,4.709,110.0,4.708,1010.0,4.711,62.0,4.712,110.0
1753531729229,12:08:49.229,ATOM/USDT:USDT,4.709,110.0,4.708,1010.0,4.711,62.0,4.712,110.0
1753531729477,12:08:49.477,ATOM/USDT:USDT,4.709,110.0,4.708,1010.0,4.711,62.0,4.712,110.0
1753531729654,12:08:49.654,ATOM/USDT:USDT,4.709,110.0,4.708,1010.0,4.711,62.0,4.712,110.0
1753531730045,12:08:50.045,ATOM/USDT:USDT,4.709,110.0,4.708,1010.0,4.711,62.0,4.712,110.0
1753531730225,12:08:50.225,ATOM/USDT:USDT,4.709,110.0,4.708,1010.0,4.71,1.0,4.711,60.0
1753531730318,12:08:50.318,ATOM/USDT:USDT,4.709,110.0,4.708,1010.0,4.711,62.0,4.712,110.0
1753531730424,12:08:50.424,ATOM/USDT:USDT,4.709,110.0,4.708,1010.0,4.711,62.0,4.712,110.0
1753531730510,12:08:50.510,ATOM/USDT:USDT,4.709,110.0,4.708,1010.0,4.711,62.0,4.712,110.0
1753531730625,12:08:50.625,ATOM/USDT:USDT,4.709,110.0,4.708,1010.0,4.711,62.0,4.712,110.0
1753531730673,12:08:50.673,ATOM/USDT:USDT,4.709,110.0,4.708,1010.0,4.711,62.0,4.712,110.0
1753531730737,12:08:50.737,ATOM/USDT:USDT,4.709,110.0,4.708,1010.0,4.711,62.0,4.712,110.0
1753531731089,12:08:51.089,ATOM/USDT:USDT,4.709,110.0,4.708,1010.0,4.711,62.0,4.712,110.0
1753531731558,12:08:51.558,ATOM/USDT:USDT,4.709,110.0,4.708,1010.0,4.711,62.0,4.712,110.0
1753531731660,12:08:51.660,ATOM/USDT:USDT,4.709,110.0,4.708,1010.0,4.711,62.0,4.712,110.0
1753531731804,12:08:51.804,ATOM/USDT:USDT,4.709,110.0,4.708,1010.0,4.711,62.0,4.712,110.0
1753531732122,12:08:52.122,ATOM/USDT:USDT,4.709,110.0,4.708,1010.0,4.711,62.0,4.712,110.0
1753531732295,12:08:52.295,ATOM/USDT:USDT,4.709,110.0,4.708,1010.0,4.711,62.0,4.712,110.0
1753531732446,12:08:52.446,ATOM/USDT:USDT,4.709,110.0,4.708,1010.0,4.711,62.0,4.712,110.0
1753531732838,12:08:52.838,ATOM/USDT:USDT,4.709,110.0,4.708,1010.0,4.711,62.0,4.712,110.0
1753531732926,12:08:52.926,ATOM/USDT:USDT,4.709,110.0,4.708,1010.0,4.711,62.0,4.712,110.0
1753531733055,12:08:53.055,ATOM/USDT:USDT,4.709,110.0,4.708,1010.0,4.711,62.0,4.712,110.0
1753531733432,12:08:53.432,ATOM/USDT:USDT,4.709,110.0,4.708,1010.0,4.711,62.0,4.712,110.0
1753531733709,12:08:53.709,ATOM/USDT:USDT,4.709,110.0,4.708,1010.0,4.711,62.0,4.712,110.0
1753531733787,12:08:53.787,ATOM/USDT:USDT,4.709,110.0,4.708,1010.0,4.711,62.0,4.712,110.0
1753531734036,12:08:54.036,ATOM/USDT:USDT,4.709,110.0,4.708,1010.0,4.711,62.0,4.712,110.0
1753531734219,12:08:54.219,ATOM/USDT:USDT,4.709,110.0,4.708,1010.0,4.711,62.0,4.712,110.0
1753531734351,12:08:54.351,ATOM/USDT:USDT,4.709,110.0,4.708,1010.0,4.711,62.0,4.712,110.0
1753531734430,12:08:54.430,ATOM/USDT:USDT,4.709,110.0,4.708,1010.0,4.711,62.0,4.712,110.0
1753531734623,12:08:54.623,ATOM/USDT:USDT,4.709,50.0,4.708,1010.0,4.71,59.0,4.711,62.0
1753531734725,12:08:54.725,ATOM/USDT:USDT,4.709,50.0,4.708,1010.0,4.71,59.0,4.711,62.0
1753531734775,12:08:54.775,ATOM/USDT:USDT,4.709,50.0,4.708,1010.0,4.71,59.0,4.711,62.0
1753531735079,12:08:55.079,ATOM/USDT:USDT,4.709,50.0,4.708,1010.0,4.71,59.0,4.711,62.0
1753531735271,12:08:55.271,ATOM/USDT:USDT,4.709,50.0,4.708,1010.0,4.71,59.0,4.711,62.0
1753531735509,12:08:55.509,ATOM/USDT:USDT,4.709,50.0,4.708,1010.0,4.71,59.0,4.711,62.0
1753531735544,12:08:55.544,ATOM/USDT:USDT,4.709,50.0,4.708,1010.0,4.711,62.0,4.712,110.0
1753531735690,12:08:55.690,ATOM/USDT:USDT,4.709,109.0,4.708,1010.0,4.711,62.0,4.712,110.0
1753531735740,12:08:55.740,ATOM/USDT:USDT,4.709,109.0,4.708,1010.0,4.711,62.0,4.712,110.0
1753531735899,12:08:55.899,ATOM/USDT:USDT,4.709,109.0,4.708,1010.0,4.711,62.0,4.712,110.0
1753531736011,12:08:56.011,ATOM/USDT:USDT,4.709,109.0,4.708,1010.0,4.711,62.0,4.712,110.0
1753531736303,12:08:56.303,ATOM/USDT:USDT,4.709,109.0,4.708,1010.0,4.711,62.0,4.712,110.0
1753531736363,12:08:56.363,ATOM/USDT:USDT,4.709,109.0,4.708,1010.0,4.711,62.0,4.712,110.0
1753531736463,12:08:56.463,ATOM/USDT:USDT,4.709,109.0,4.708,1010.0,4.711,62.0,4.712,110.0
1753531736603,12:08:56.603,ATOM/USDT:USDT,4.709,109.0,4.708,1010.0,4.711,62.0,4.712,110.0
1753531736684,12:08:56.684,ATOM/USDT:USDT,4.709,109.0,4.708,1010.0,4.711,62.0,4.712,110.0
1753531736772,12:08:56.772,ATOM/USDT:USDT,4.709,109.0,4.708,1010.0,4.711,62.0,4.712,110.0
1753531736925,12:08:56.925,ATOM/USDT:USDT,4.708,278.0,4.707,292.0,4.71,60.0,4.711,61.0
1753531737016,12:08:57.016,ATOM/USDT:USDT,4.708,110.0,4.707,80.0,4.71,59.0,4.711,105.0
1753531737126,12:08:57.126,ATOM/USDT:USDT,4.709,59.0,4.708,110.0,4.711,106.0,4.712,207.0
1753531737221,12:08:57.221,ATOM/USDT:USDT,4.709,59.0,4.708,110.0,4.711,112.0,4.712,110.0
1753531737295,12:08:57.295,ATOM/USDT:USDT,4.709,59.0,4.708,110.0,4.711,112.0,4.712,110.0
1753531737410,12:08:57.410,ATOM/USDT:USDT,4.709,59.0,4.708,110.0,4.711,112.0,4.712,110.0
1753531737567,12:08:57.567,ATOM/USDT:USDT,4.709,59.0,4.708,110.0,4.711,112.0,4.712,110.0
1753531737676,12:08:57.676,ATOM/USDT:USDT,4.709,59.0,4.708,110.0,4.711,112.0,4.712,110.0
1753531737894,12:08:57.894,ATOM/USDT:USDT,4.709,59.0,4.708,110.0,4.711,112.0,4.712,110.0
1753531738009,12:08:58.009,ATOM/USDT:USDT,4.709,59.0,4.708,110.0,4.711,111.0,4.712,110.0
1753531738043,12:08:58.043,ATOM/USDT:USDT,4.709,59.0,4.708,110.0,4.711,111.0,4.712,110.0
1753531738150,12:08:58.150,ATOM/USDT:USDT,4.709,59.0,4.708,110.0,4.711,111.0,4.712,110.0
1753531738418,12:08:58.418,ATOM/USDT:USDT,4.709,59.0,4.708,110.0,4.711,112.0,4.712,110.0
1753531738514,12:08:58.514,ATOM/USDT:USDT,4.709,59.0,4.708,110.0,4.711,112.0,4.712,110.0
1753531738852,12:08:58.852,ATOM/USDT:USDT,4.709,59.0,4.708,110.0,4.711,112.0,4.712,110.0
1753531738949,12:08:58.949,ATOM/USDT:USDT,4.709,59.0,4.708,110.0,4.711,157.0,4.712,279.0
1753531739122,12:08:59.122,ATOM/USDT:USDT,4.709,59.0,4.708,110.0,4.71,61.0,4.711,155.0
1753531739198,12:08:59.198,ATOM/USDT:USDT,4.709,59.0,4.708,110.0,4.71,61.0,4.711,155.0
1753531739286,12:08:59.286,ATOM/USDT:USDT,4.709,59.0,4.708,110.0,4.711,157.0,4.712,279.0
1753531739401,12:08:59.401,ATOM/USDT:USDT,4.709,59.0,4.708,110.0,4.711,157.0,4.712,279.0
1753531739452,12:08:59.452,ATOM/USDT:USDT,4.709,59.0,4.708,110.0,4.711,157.0,4.712,279.0
1753531739709,12:08:59.709,ATOM/USDT:USDT,4.709,59.0,4.708,110.0,4.71,61.0,4.711,155.0
1753531739790,12:08:59.790,ATOM/USDT:USDT,4.709,59.0,4.708,110.0,4.711,157.0,4.712,279.0
1753531739879,12:08:59.879,ATOM/USDT:USDT,4.709,59.0,4.708,110.0,4.711,157.0,4.712,279.0
1753531740107,12:09:00.107,ATOM/USDT:USDT,4.709,59.0,4.708,110.0,4.711,157.0,4.712,279.0
1753531740179,12:09:00.179,ATOM/USDT:USDT,4.708,110.0,4.707,958.0,4.71,59.0,4.711,217.0
1753531740318,12:09:00.318,ATOM/USDT:USDT,4.708,112.0,4.707,958.0,4.71,59.0,4.711,217.0
1753531740389,12:09:00.389,ATOM/USDT:USDT,4.708,110.0,4.707,958.0,4.71,59.0,4.711,217.0
1753531740514,12:09:00.514,ATOM/USDT:USDT,4.708,110.0,4.707,958.0,4.71,61.0,4.711,217.0
1753531740536,12:09:00.536,ATOM/USDT:USDT,4.708,110.0,4.707,958.0,4.71,61.0,4.711,217.0
1753531740628,12:09:00.628,ATOM/USDT:USDT,4.708,110.0,4.707,958.0,4.71,61.0,4.711,217.0
1753531740825,12:09:00.825,ATOM/USDT:USDT,4.708,110.0,4.707,958.0,4.71,60.0,4.711,217.0
1753531740913,12:09:00.913,ATOM/USDT:USDT,4.709,59.0,4.708,110.0,4.711,217.0,4.712,376.0
1753531741019,12:09:01.019,ATOM/USDT:USDT,4.709,59.0,4.708,110.0,4.711,219.0,4.712,279.0
1753531741051,12:09:01.051,ATOM/USDT:USDT,4.709,59.0,4.708,110.0,4.711,219.0,4.712,279.0
1753531741201,12:09:01.201,ATOM/USDT:USDT,4.709,59.0,4.708,110.0,4.711,156.0,4.712,279.0
1753531741303,12:09:01.303,ATOM/USDT:USDT,4.709,59.0,4.708,110.0,4.711,156.0,4.712,279.0
1753531741332,12:09:01.332,ATOM/USDT:USDT,4.709,59.0,4.708,110.0,4.711,156.0,4.712,279.0
1753531741912,12:09:01.912,ATOM/USDT:USDT,4.709,59.0,4.708,110.0,4.711,157.0,4.712,279.0
1753531741975,12:09:01.975,ATOM/USDT:USDT,4.709,59.0,4.708,110.0,4.711,157.0,4.712,279.0
1753531742079,12:09:02.079,ATOM/USDT:USDT,4.709,59.0,4.708,110.0,4.711,219.0,4.712,376.0
1753531742212,12:09:02.212,ATOM/USDT:USDT,4.709,59.0,4.708,110.0,4.711,219.0,4.712,376.0
1753531742353,12:09:02.353,ATOM/USDT:USDT,4.709,59.0,4.708,110.0,4.711,219.0,4.712,376.0
1753531742527,12:09:02.527,ATOM/USDT:USDT,4.709,59.0,4.708,110.0,4.711,219.0,4.712,376.0
1753531742621,12:09:02.621,ATOM/USDT:USDT,4.709,59.0,4.708,110.0,4.711,219.0,4.712,279.0
1753531742683,12:09:02.683,ATOM/USDT:USDT,4.709,59.0,4.708,110.0,4.711,219.0,4.712,279.0
1753531742801,12:09:02.801,ATOM/USDT:USDT,4.709,59.0,4.708,110.0,4.711,219.0,4.712,279.0
1753531742922,12:09:02.922,ATOM/USDT:USDT,4.709,59.0,4.708,110.0,4.711,219.0,4.712,279.0
1753531743006,12:09:03.006,ATOM/USDT:USDT,4.709,59.0,4.708,110.0,4.711,219.0,4.712,279.0
1753531743124,12:09:03.124,ATOM/USDT:USDT,4.709,59.0,4.708,110.0,4.711,157.0,4.712,370.0
1753531743223,12:09:03.223,ATOM/USDT:USDT,4.709,59.0,4.708,110.0,4.711,157.0,4.712,370.0
1753531743404,12:09:03.404,ATOM/USDT:USDT,4.709,59.0,4.708,110.0,4.711,157.0,4.712,370.0
1753531743521,12:09:03.521,ATOM/USDT:USDT,4.709,59.0,4.708,110.0,4.711,156.0,4.712,370.0
1753531743592,12:09:03.592,ATOM/USDT:USDT,4.709,59.0,4.708,110.0,4.711,157.0,4.712,279.0
1753531743698,12:09:03.698,ATOM/USDT:USDT,4.709,59.0,4.708,110.0,4.711,157.0,4.712,279.0
1753531743758,12:09:03.758,ATOM/USDT:USDT,4.709,59.0,4.708,110.0,4.711,157.0,4.712,279.0
1753531743839,12:09:03.839,ATOM/USDT:USDT,4.709,59.0,4.708,110.0,4.711,157.0,4.712,279.0
1753531743997,12:09:03.997,ATOM/USDT:USDT,4.709,61.0,4.708,110.0,4.711,110.0,4.712,110.0
1753531744126,12:09:04.126,ATOM/USDT:USDT,4.709,61.0,4.708,110.0,4.711,110.0,4.712,110.0
1753531744205,12:09:04.205,ATOM/USDT:USDT,4.709,81.0,4.708,110.0,4.711,110.0,4.712,110.0
1753531744301,12:09:04.301,ATOM/USDT:USDT,4.709,79.0,4.708,110.0,4.711,111.0,4.712,110.0
1753531744397,12:09:04.397,ATOM/USDT:USDT,4.709,81.0,4.708,110.0,4.711,110.0,4.712,110.0
1753531744501,12:09:04.501,ATOM/USDT:USDT,4.709,79.0,4.708,110.0,4.711,111.0,4.712,110.0
1753531744592,12:09:04.592,ATOM/USDT:USDT,4.709,80.0,4.708,110.0,4.711,111.0,4.712,110.0
1753531744695,12:09:04.695,ATOM/USDT:USDT,4.709,79.0,4.708,110.0,4.711,111.0,4.712,110.0
1753531744766,12:09:04.766,ATOM/USDT:USDT,4.709,80.0,4.708,110.0,4.711,111.0,4.712,110.0
1753531744960,12:09:04.960,ATOM/USDT:USDT,4.709,80.0,4.708,110.0,4.711,111.0,4.712,110.0
1753531745106,12:09:05.106,ATOM/USDT:USDT,4.709,81.0,4.708,110.0,4.711,111.0,4.712,110.0
1753531745225,12:09:05.225,ATOM/USDT:USDT,4.709,79.0,4.708,110.0,4.711,112.0,4.712,110.0
1753531745297,12:09:05.297,ATOM/USDT:USDT,4.709,59.0,4.708,130.0,4.711,112.0,4.712,110.0
1753531745408,12:09:05.408,ATOM/USDT:USDT,4.709,59.0,4.708,130.0,4.711,112.0,4.712,110.0
1753531745509,12:09:05.509,ATOM/USDT:USDT,4.709,59.0,4.708,130.0,4.711,112.0,4.712,110.0
1753531745625,12:09:05.625,ATOM/USDT:USDT,4.709,59.0,4.708,130.0,4.711,112.0,4.712,110.0
1753531745810,12:09:05.810,ATOM/USDT:USDT,4.709,59.0,4.708,130.0,4.711,112.0,4.712,110.0
1753531746005,12:09:06.005,ATOM/USDT:USDT,4.709,59.0,4.708,130.0,4.711,112.0,4.712,110.0
1753531746109,12:09:06.109,ATOM/USDT:USDT,4.709,59.0,4.708,130.0,4.711,112.0,4.712,110.0
1753531746212,12:09:06.212,ATOM/USDT:USDT,4.709,60.0,4.708,130.0,4.711,111.0,4.712,110.0
1753531746261,12:09:06.261,ATOM/USDT:USDT,4.709,60.0,4.708,130.0,4.711,111.0,4.712,110.0
1753531746332,12:09:06.332,ATOM/USDT:USDT,4.709,60.0,4.708,130.0,4.711,110.0,4.712,110.0
1753531746523,12:09:06.523,ATOM/USDT:USDT,4.709,59.0,4.708,130.0,4.711,111.0,4.712,110.0
1753531746577,12:09:06.577,ATOM/USDT:USDT,4.709,60.0,4.708,130.0,4.711,111.0,4.712,110.0
1753531746724,12:09:06.724,ATOM/USDT:USDT,4.709,60.0,4.708,130.0,4.711,111.0,4.712,110.0
1753531746806,12:09:06.806,ATOM/USDT:USDT,4.709,60.0,4.708,130.0,4.711,110.0,4.712,110.0
1753531746919,12:09:06.919,ATOM/USDT:USDT,4.709,61.0,4.708,130.0,4.711,110.0,4.712,110.0
1753531747315,12:09:07.315,ATOM/USDT:USDT,4.709,61.0,4.708,130.0,4.711,110.0,4.712,110.0
1753531747419,12:09:07.419,ATOM/USDT:USDT,4.709,60.0,4.708,130.0,4.711,111.0,4.712,110.0
1753531747471,12:09:07.471,ATOM/USDT:USDT,4.709,60.0,4.708,130.0,4.711,111.0,4.712,110.0
1753531747715,12:09:07.715,ATOM/USDT:USDT,4.709,60.0,4.708,130.0,4.711,111.0,4.712,110.0
1753531747767,12:09:07.767,ATOM/USDT:USDT,4.709,61.0,4.708,130.0,4.711,110.0,4.712,110.0
1753531748094,12:09:08.094,ATOM/USDT:USDT,4.709,59.0,4.708,130.0,4.711,112.0,4.712,110.0
1753531748200,12:09:08.200,ATOM/USDT:USDT,4.709,59.0,4.708,130.0,4.711,112.0,4.712,110.0
1753531748413,12:09:08.413,ATOM/USDT:USDT,4.709,59.0,4.708,130.0,4.711,112.0,4.712,110.0
1753531748620,12:09:08.620,ATOM/USDT:USDT,4.709,61.0,4.708,130.0,4.711,110.0,4.712,110.0
1753531748719,12:09:08.719,ATOM/USDT:USDT,4.709,60.0,4.708,130.0,4.711,111.0,4.712,110.0
1753531748798,12:09:08.798,ATOM/USDT:USDT,4.709,61.0,4.708,130.0,4.711,111.0,4.712,110.0
1753531748924,12:09:08.924,ATOM/USDT:USDT,4.709,61.0,4.708,130.0,4.711,110.0,4.712,110.0
1753531749006,12:09:09.006,ATOM/USDT:USDT,4.709,61.0,4.708,130.0,4.711,111.0,4.712,155.0
1753531749201,12:09:09.201,ATOM/USDT:USDT,4.709,59.0,4.708,130.0,4.711,111.0,4.712,155.0
1753531749376,12:09:09.376,ATOM/USDT:USDT,4.709,60.0,4.708,130.0,4.711,111.0,4.712,155.0
1753531749483,12:09:09.483,ATOM/USDT:USDT,4.709,60.0,4.708,130.0,4.711,111.0,4.712,155.0
1753531749624,12:09:09.624,ATOM/USDT:USDT,4.709,59.0,4.708,130.0,4.711,112.0,4.712,155.0
1753531749673,12:09:09.673,ATOM/USDT:USDT,4.709,59.0,4.708,130.0,4.711,112.0,4.712,155.0
1753531749874,12:09:09.874,ATOM/USDT:USDT,4.709,59.0,4.708,130.0,4.711,112.0,4.712,155.0
1753531750219,12:09:10.219,ATOM/USDT:USDT,4.709,59.0,4.708,130.0,4.711,111.0,4.712,155.0
1753531750266,12:09:10.266,ATOM/USDT:USDT,4.709,59.0,4.708,130.0,4.711,111.0,4.712,155.0
1753531750521,12:09:10.521,ATOM/USDT:USDT,4.709,59.0,4.708,130.0,4.711,111.0,4.712,155.0
1753531750555,12:09:10.555,ATOM/USDT:USDT,4.709,60.0,4.708,130.0,4.711,111.0,4.712,155.0
1753531750719,12:09:10.719,ATOM/USDT:USDT,4.709,59.0,4.708,130.0,4.711,111.0,4.712,155.0
1753531750729,12:09:10.729,ATOM/USDT:USDT,4.709,59.0,4.708,130.0,4.711,111.0,4.712,155.0
1753531750896,12:09:10.896,ATOM/USDT:USDT,4.709,59.0,4.708,130.0,4.711,112.0,4.712,155.0
1753531751020,12:09:11.020,ATOM/USDT:USDT,4.708,110.0,4.707,958.0,4.71,60.0,4.711,110.0
1753531751122,12:09:11.122,ATOM/USDT:USDT,4.708,110.0,4.707,1008.0,4.71,59.0,4.711,110.0
1753531751200,12:09:11.200,ATOM/USDT:USDT,4.708,110.0,4.707,1008.0,4.71,59.0,4.711,110.0
1753531751401,12:09:11.401,ATOM/USDT:USDT,4.708,110.0,4.707,1008.0,4.71,59.0,4.711,110.0
1753531751656,12:09:11.656,ATOM/USDT:USDT,4.708,110.0,4.707,1008.0,4.71,59.0,4.711,110.0
1753531751820,12:09:11.820,ATOM/USDT:USDT,4.708,110.0,4.707,1008.0,4.71,60.0,4.711,110.0
1753531751918,12:09:11.918,ATOM/USDT:USDT,4.708,110.0,4.707,1008.0,4.71,60.0,4.711,110.0
1753531752009,12:09:12.009,ATOM/USDT:USDT,4.708,110.0,4.707,1008.0,4.71,60.0,4.711,110.0
1753531752086,12:09:12.086,ATOM/USDT:USDT,4.708,110.0,4.707,1008.0,4.71,60.0,4.711,110.0
1753531752212,12:09:12.212,ATOM/USDT:USDT,4.708,110.0,4.707,1008.0,4.71,60.0,4.711,110.0
1753531752337,12:09:12.337,ATOM/USDT:USDT,4.708,110.0,4.707,1008.0,4.71,60.0,4.711,110.0
1753531752469,12:09:12.469,ATOM/USDT:USDT,4.708,110.0,4.707,1008.0,4.71,60.0,4.711,110.0
1753531752697,12:09:12.697,ATOM/USDT:USDT,4.708,110.0,4.707,1008.0,4.71,60.0,4.711,110.0
1753531752870,12:09:12.870,ATOM/USDT:USDT,4.708,110.0,4.707,1008.0,4.71,60.0,4.711,110.0
1753531753026,12:09:13.026,ATOM/USDT:USDT,4.708,110.0,4.707,1008.0,4.71,60.0,4.711,110.0
1753531753082,12:09:13.082,ATOM/USDT:USDT,4.708,111.0,4.707,1008.0,4.71,58.0,4.711,110.0
1753531753222,12:09:13.222,ATOM/USDT:USDT,4.708,110.0,4.707,1008.0,4.71,60.0,4.711,110.0
1753531753232,12:09:13.232,ATOM/USDT:USDT,4.708,110.0,4.707,1008.0,4.71,60.0,4.711,110.0
1753531753366,12:09:13.366,ATOM/USDT:USDT,4.708,110.0,4.707,1008.0,4.71,60.0,4.711,110.0
1753531753498,12:09:13.498,ATOM/USDT:USDT,4.708,110.0,4.707,1008.0,4.71,60.0,4.711,110.0
1753531753723,12:09:13.723,ATOM/USDT:USDT,4.708,82.0,4.707,1008.0,4.71,60.0,4.711,110.0
1753531753806,12:09:13.806,ATOM/USDT:USDT,4.708,82.0,4.707,1008.0,4.71,60.0,4.711,110.0
1753531753925,12:09:13.925,ATOM/USDT:USDT,4.708,82.0,4.707,1008.0,4.71,60.0,4.711,110.0
1753531754078,12:09:14.078,ATOM/USDT:USDT,4.708,82.0,4.707,1008.0,4.71,60.0,4.711,110.0
1753531754220,12:09:14.220,ATOM/USDT:USDT,4.708,82.0,4.707,1008.0,4.71,60.0,4.711,110.0
1753531754303,12:09:14.303,ATOM/USDT:USDT,4.708,82.0,4.707,1008.0,4.71,60.0,4.711,110.0
1753531754377,12:09:14.377,ATOM/USDT:USDT,4.708,82.0,4.707,1008.0,4.71,60.0,4.711,110.0
1753531754573,12:09:14.573,ATOM/USDT:USDT,4.708,82.0,4.707,1008.0,4.71,60.0,4.711,110.0
1753531754674,12:09:14.674,ATOM/USDT:USDT,4.708,82.0,4.707,1008.0,4.71,60.0,4.711,110.0
1753531754971,12:09:14.971,ATOM/USDT:USDT,4.708,83.0,4.707,1008.0,4.71,58.0,4.711,110.0
1753531755121,12:09:15.121,ATOM/USDT:USDT,4.708,84.0,4.707,1008.0,4.71,58.0,4.711,110.0
1753531755402,12:09:15.402,ATOM/USDT:USDT,4.708,82.0,4.707,1008.0,4.71,60.0,4.711,110.0
1753531755524,12:09:15.524,ATOM/USDT:USDT,4.708,99.0,4.707,1008.0,4.71,60.0,4.711,110.0
1753531755619,12:09:15.619,ATOM/USDT:USDT,4.708,99.0,4.707,1008.0,4.71,60.0,4.711,243.0
1753531755799,12:09:15.799,ATOM/USDT:USDT,4.708,99.0,4.707,1008.0,4.71,60.0,4.711,243.0
1753531755901,12:09:15.901,ATOM/USDT:USDT,4.708,74.0,4.707,1008.0,4.71,60.0,4.711,243.0
1753531756022,12:09:16.022,ATOM/USDT:USDT,4.708,74.0,4.707,1008.0,4.71,60.0,4.711,243.0
1753531756116,12:09:16.116,ATOM/USDT:USDT,4.708,74.0,4.707,1008.0,4.71,60.0,4.711,243.0
1753531756157,12:09:16.157,ATOM/USDT:USDT,4.708,74.0,4.707,1008.0,4.71,60.0,4.711,243.0
1753531756265,12:09:16.265,ATOM/USDT:USDT,4.708,37.0,4.707,1008.0,4.71,60.0,4.711,243.0
1753531756363,12:09:16.363,ATOM/USDT:USDT,4.708,37.0,4.707,1008.0,4.71,60.0,4.711,243.0
1753531756519,12:09:16.519,ATOM/USDT:USDT,4.708,37.0,4.707,1008.0,4.71,60.0,4.711,243.0
1753531756623,12:09:16.623,ATOM/USDT:USDT,4.707,1008.0,4.706,398.0,4.71,60.0,4.711,243.0
1753531756722,12:09:16.722,ATOM/USDT:USDT,4.707,1008.0,4.706,398.0,4.71,59.0,4.711,243.0
1753531756818,12:09:16.818,ATOM/USDT:USDT,4.707,1008.0,4.706,398.0,4.71,58.0,4.711,243.0
1753531756897,12:09:16.897,ATOM/USDT:USDT,4.707,1008.0,4.706,398.0,4.71,58.0,4.711,243.0
1753531756981,12:09:16.981,ATOM/USDT:USDT,4.707,1008.0,4.706,398.0,4.71,58.0,4.711,243.0
1753531757062,12:09:17.062,ATOM/USDT:USDT,4.707,1008.0,4.706,398.0,4.71,58.0,4.711,243.0
1753531757142,12:09:17.142,ATOM/USDT:USDT,4.707,1008.0,4.706,398.0,4.71,58.0,4.711,243.0
1753531757242,12:09:17.242,ATOM/USDT:USDT,4.707,1008.0,4.706,398.0,4.71,58.0,4.711,243.0
1753531757379,12:09:17.379,ATOM/USDT:USDT,4.707,1008.0,4.706,398.0,4.71,58.0,4.711,243.0
1753531757520,12:09:17.520,ATOM/USDT:USDT,4.707,1008.0,4.706,398.0,4.71,58.0,4.711,243.0
1753531757609,12:09:17.609,ATOM/USDT:USDT,4.707,1008.0,4.706,398.0,4.71,58.0,4.711,243.0
