timestamp,time,symbol,bid1_price,bid1_volume,bid2_price,bid2_volume,ask1_price,ask1_volume,ask2_price,ask2_volume
1753531619000,12:06:59.000,BIO/USDT:USDT,0.06243,766.0,0.06242,1983.0,0.06257,295.0,0.06258,10081.0
1753531619704,12:06:59.704,BIO/USDT:USDT,0.06244,682.0,0.06243,766.0,0.06257,295.0,0.06258,9764.0
1753531621000,12:07:01.000,BIO/USDT:USDT,0.06243,1573.0,0.06241,669.0,0.06256,682.0,0.06257,977.0
1753531621037,12:07:01.037,BIO/USDT:USDT,0.06243,1573.0,0.06241,669.0,0.06256,682.0,0.06257,977.0
1753531621922,12:07:01.922,BIO/USDT:USDT,0.06243,1573.0,0.06241,669.0,0.06256,682.0,0.06257,977.0
1753531625278,12:07:05.278,BIO/USDT:USDT,0.06243,3687.0,0.06241,669.0,0.06256,682.0,0.06257,977.0
1753531625699,12:07:05.699,BIO/USDT:USDT,0.06243,4744.0,0.06241,669.0,0.06256,682.0,0.06257,977.0
1753531625975,12:07:05.975,BIO/USDT:USDT,0.06243,6346.0,0.06241,669.0,0.06256,682.0,0.06257,977.0
1753531626032,12:07:06.032,BIO/USDT:USDT,0.06243,2374.0,0.06241,669.0,0.06256,682.0,0.06257,977.0
1753531626405,12:07:06.405,BIO/USDT:USDT,0.06243,4777.0,0.06241,669.0,0.06256,682.0,0.06257,977.0
1753531626443,12:07:06.443,BIO/USDT:USDT,0.06243,2374.0,0.06241,669.0,0.06256,682.0,0.06257,977.0
1753531628194,12:07:08.194,BIO/USDT:USDT,0.06243,4777.0,0.06241,669.0,0.06256,682.0,0.06257,977.0
1753531628255,12:07:08.255,BIO/USDT:USDT,0.06243,2374.0,0.06241,669.0,0.06256,682.0,0.06257,977.0
1753531628769,12:07:08.769,BIO/USDT:USDT,0.06243,2374.0,0.06241,669.0,0.06256,682.0,0.06257,977.0
1753531629365,12:07:09.365,BIO/USDT:USDT,0.06243,3175.0,0.06241,669.0,0.06256,682.0,0.06257,977.0
1753531629551,12:07:09.551,BIO/USDT:USDT,0.06243,3175.0,0.06241,669.0,0.06256,682.0,0.06257,977.0
1753531631279,12:07:11.279,BIO/USDT:USDT,0.06243,3175.0,0.06241,669.0,0.06256,682.0,0.06257,977.0
1753531632962,12:07:12.962,BIO/USDT:USDT,0.06243,4777.0,0.06241,669.0,0.06256,682.0,0.06257,977.0
1753531633013,12:07:13.013,BIO/USDT:USDT,0.06243,3175.0,0.06241,669.0,0.06256,682.0,0.06257,977.0
1753531634781,12:07:14.781,BIO/USDT:USDT,0.06243,3976.0,0.06241,669.0,0.06256,682.0,0.06257,977.0
1753531634835,12:07:14.835,BIO/USDT:USDT,0.06243,3175.0,0.06241,669.0,0.06256,682.0,0.06257,977.0
1753531635524,12:07:15.524,BIO/USDT:USDT,0.06243,3175.0,0.06241,669.0,0.06256,682.0,0.06257,977.0
1753531636394,12:07:16.394,BIO/USDT:USDT,0.06243,3175.0,0.06241,669.0,0.06256,682.0,0.06257,977.0
1753531636993,12:07:16.993,BIO/USDT:USDT,0.06243,6379.0,0.06241,669.0,0.06256,682.0,0.06257,977.0
1753531637811,12:07:17.811,BIO/USDT:USDT,0.06243,3175.0,0.06241,669.0,0.06256,682.0,0.06257,977.0
1753531638208,12:07:18.208,BIO/USDT:USDT,0.06243,5578.0,0.06241,669.0,0.06256,682.0,0.06257,977.0
1753531639554,12:07:19.554,BIO/USDT:USDT,0.06243,3175.0,0.06241,669.0,0.06256,682.0,0.06257,977.0
1753531639698,12:07:19.698,BIO/USDT:USDT,0.06243,4777.0,0.06241,669.0,0.06256,682.0,0.06257,977.0
1753531639799,12:07:19.799,BIO/USDT:USDT,0.06243,4777.0,0.06241,669.0,0.06256,682.0,0.06257,977.0
1753531639837,12:07:19.837,BIO/USDT:USDT,0.06243,3175.0,0.06241,669.0,0.06256,682.0,0.06257,977.0
1753531640661,12:07:20.661,BIO/USDT:USDT,0.06243,4777.0,0.06241,669.0,0.06256,682.0,0.06257,977.0
1753531640715,12:07:20.715,BIO/USDT:USDT,0.06243,3175.0,0.06241,669.0,0.06256,682.0,0.06257,977.0
1753531641383,12:07:21.383,BIO/USDT:USDT,0.06243,4777.0,0.06241,669.0,0.06256,682.0,0.06257,977.0
1753531642463,12:07:22.463,BIO/USDT:USDT,0.06243,6379.0,0.06241,669.0,0.06256,682.0,0.06257,977.0
1753531647463,12:07:27.463,BIO/USDT:USDT,0.06243,3175.0,0.06241,669.0,0.06256,682.0,0.06257,977.0
1753531647637,12:07:27.637,BIO/USDT:USDT,0.06243,766.0,0.06241,669.0,0.06256,682.0,0.06257,977.0
1753531647911,12:07:27.911,BIO/USDT:USDT,0.06243,883.0,0.06241,669.0,0.06256,682.0,0.06257,977.0
1753531648012,12:07:28.012,BIO/USDT:USDT,0.06243,883.0,0.06241,669.0,0.06256,682.0,0.06257,977.0
1753531648127,12:07:28.127,BIO/USDT:USDT,0.06243,883.0,0.06241,669.0,0.06256,682.0,0.06257,977.0
1753531651014,12:07:31.014,BIO/USDT:USDT,0.06243,883.0,0.06241,669.0,0.06256,682.0,0.06257,977.0
1753531651478,12:07:31.478,BIO/USDT:USDT,0.06243,883.0,0.06241,669.0,0.06256,682.0,0.06257,977.0
1753531651698,12:07:31.698,BIO/USDT:USDT,0.06243,883.0,0.06241,669.0,0.06256,682.0,0.06257,977.0
1753531652095,12:07:32.095,BIO/USDT:USDT,0.06243,883.0,0.06241,669.0,0.06256,682.0,0.06257,977.0
1753531653102,12:07:33.102,BIO/USDT:USDT,0.06243,82.0,0.06241,669.0,0.06256,682.0,0.06257,977.0
1753531653124,12:07:33.124,BIO/USDT:USDT,0.06243,82.0,0.06241,669.0,0.06256,682.0,0.06257,1294.0
1753531653655,12:07:33.655,BIO/USDT:USDT,0.06243,1009.0,0.06241,669.0,0.06256,682.0,0.06257,1294.0
1753531653855,12:07:33.855,BIO/USDT:USDT,0.06243,1009.0,0.06241,669.0,0.06256,682.0,0.06257,1294.0
1753531654301,12:07:34.301,BIO/USDT:USDT,0.0624,4232.0,0.06239,2783.0,0.06256,682.0,0.06257,1294.0
1753531654375,12:07:34.375,BIO/USDT:USDT,0.0624,7030.0,0.06239,2782.0,0.06256,682.0,0.06257,1294.0
1753531654425,12:07:34.425,BIO/USDT:USDT,0.0624,7031.0,0.06239,2782.0,0.06256,682.0,0.06257,1294.0
1753531654549,12:07:34.549,BIO/USDT:USDT,0.0624,6879.0,0.06239,2782.0,0.06256,682.0,0.06257,1294.0
1753531655003,12:07:35.003,BIO/USDT:USDT,0.0624,8189.0,0.06239,2782.0,0.06255,670.0,0.06256,872.0
1753531655205,12:07:35.205,BIO/USDT:USDT,0.0624,6879.0,0.06239,2782.0,0.06255,670.0,0.06256,872.0
1753531655695,12:07:35.695,BIO/USDT:USDT,0.0624,1299.0,0.06238,3284.0,0.06255,670.0,0.06256,872.0
1753531655801,12:07:35.801,BIO/USDT:USDT,0.06238,1798.0,0.06237,2786.0,0.06255,670.0,0.06256,1189.0
1753531655815,12:07:35.815,BIO/USDT:USDT,0.06238,1798.0,0.06237,2786.0,0.06255,670.0,0.06256,1189.0
1753531656198,12:07:36.198,BIO/USDT:USDT,0.06238,1798.0,0.06237,2786.0,0.06254,670.0,0.06255,1170.0
1753531656256,12:07:36.256,BIO/USDT:USDT,0.06238,1798.0,0.06237,2786.0,0.06254,670.0,0.06255,1170.0
1753531656377,12:07:36.377,BIO/USDT:USDT,0.06238,3502.0,0.06237,2786.0,0.06254,670.0,0.06255,1170.0
1753531656496,12:07:36.496,BIO/USDT:USDT,0.06238,1798.0,0.06237,2786.0,0.06254,670.0,0.06255,1170.0
1753531656707,12:07:36.707,BIO/USDT:USDT,0.06238,1798.0,0.06237,2786.0,0.06253,670.0,0.06254,7249.0
1753531656732,12:07:36.732,BIO/USDT:USDT,0.06238,1798.0,0.06237,2786.0,0.06253,670.0,0.06254,7861.0
1753531656821,12:07:36.821,BIO/USDT:USDT,0.06238,1798.0,0.06237,2785.0,0.06253,670.0,0.06254,7861.0
1753531657028,12:07:37.028,BIO/USDT:USDT,0.06238,1798.0,0.06237,2785.0,0.06253,670.0,0.06254,7861.0
1753531657304,12:07:37.304,BIO/USDT:USDT,0.06238,1798.0,0.06237,2785.0,0.06253,670.0,0.06254,7861.0
1753531657407,12:07:37.407,BIO/USDT:USDT,0.06238,1798.0,0.06236,2782.0,0.06253,670.0,0.06254,7861.0
1753531657499,12:07:37.499,BIO/USDT:USDT,0.06238,500.0,0.06236,2782.0,0.06252,670.0,0.06253,954.0
1753531657535,12:07:37.535,BIO/USDT:USDT,0.06238,500.0,0.06236,2782.0,0.06252,670.0,0.06253,954.0
1753531657649,12:07:37.649,BIO/USDT:USDT,0.06238,500.0,0.06236,2782.0,0.06252,670.0,0.06253,954.0
1753531658412,12:07:38.412,BIO/USDT:USDT,0.06238,1302.0,0.06236,2782.0,0.06252,670.0,0.06253,954.0
1753531658793,12:07:38.793,BIO/USDT:USDT,0.06238,1302.0,0.06236,2782.0,0.06252,670.0,0.06253,954.0
1753531658825,12:07:38.825,BIO/USDT:USDT,0.06238,1302.0,0.06236,2782.0,0.06252,670.0,0.06253,954.0
1753531659295,12:07:39.295,BIO/USDT:USDT,0.06238,1302.0,0.06236,2782.0,0.06252,670.0,0.06253,954.0
1753531659321,12:07:39.321,BIO/USDT:USDT,0.06238,1302.0,0.06236,2782.0,0.06252,670.0,0.06253,954.0
1753531659422,12:07:39.422,BIO/USDT:USDT,0.06238,1302.0,0.06236,2782.0,0.06252,670.0,0.06253,954.0
1753531659869,12:07:39.869,BIO/USDT:USDT,0.06238,1302.0,0.06236,2782.0,0.06252,670.0,0.06253,954.0
1753531660322,12:07:40.322,BIO/USDT:USDT,0.06238,1302.0,0.06236,2782.0,0.06252,670.0,0.06253,954.0
1753531663475,12:07:43.475,BIO/USDT:USDT,0.06238,1302.0,0.06236,2782.0,0.06252,670.0,0.06253,860.0
1753531666507,12:07:46.507,BIO/USDT:USDT,0.06238,1302.0,0.06236,2782.0,0.06252,878.0,0.06253,670.0
1753531666522,12:07:46.522,BIO/USDT:USDT,0.06238,1302.0,0.06236,2782.0,0.06251,670.0,0.06252,670.0
1753531666669,12:07:46.669,BIO/USDT:USDT,0.06238,1302.0,0.06236,2782.0,0.06253,670.0,0.06254,11060.0
1753531667702,12:07:47.702,BIO/USDT:USDT,0.06238,1302.0,0.06236,2782.0,0.06251,670.0,0.06252,860.0
1753531667918,12:07:47.918,BIO/USDT:USDT,0.06238,1302.0,0.06236,2782.0,0.06251,670.0,0.06252,860.0
1753531668241,12:07:48.241,BIO/USDT:USDT,0.06238,1302.0,0.06236,2782.0,0.06252,670.0,0.06253,987.0
1753531669141,12:07:49.141,BIO/USDT:USDT,0.06238,1302.0,0.06236,2782.0,0.06252,670.0,0.06253,987.0
1753531674994,12:07:54.994,BIO/USDT:USDT,0.06238,1302.0,0.06236,2782.0,0.06251,685.0,0.06252,860.0
1753531675383,12:07:55.383,BIO/USDT:USDT,0.06238,1302.0,0.06236,2782.0,0.06251,685.0,0.06252,860.0
1753531675980,12:07:55.980,BIO/USDT:USDT,0.06238,1302.0,0.06236,2782.0,0.06251,685.0,0.06252,860.0
1753531678011,12:07:58.011,BIO/USDT:USDT,0.06238,1302.0,0.06236,2782.0,0.06251,685.0,0.06252,670.0
1753531678016,12:07:58.016,BIO/USDT:USDT,0.06238,1302.0,0.06236,2782.0,0.06252,670.0,0.06253,987.0
1753531678796,12:07:58.796,BIO/USDT:USDT,0.06238,1302.0,0.06236,2782.0,0.06251,665.0,0.06252,860.0
1753531678818,12:07:58.818,BIO/USDT:USDT,0.06238,1302.0,0.06236,2782.0,0.06251,665.0,0.06252,860.0
1753531679582,12:07:59.582,BIO/USDT:USDT,0.06238,1302.0,0.06236,2782.0,0.06252,670.0,0.06253,987.0
1753531679687,12:07:59.687,BIO/USDT:USDT,0.06238,1302.0,0.06236,2782.0,0.06252,670.0,0.06253,987.0
1753531679802,12:07:59.802,BIO/USDT:USDT,0.06238,1302.0,0.06236,2782.0,0.06252,670.0,0.06253,987.0
1753531680282,12:08:00.282,BIO/USDT:USDT,0.06238,1302.0,0.06236,2782.0,0.06251,665.0,0.06252,670.0
1753531680396,12:08:00.396,BIO/USDT:USDT,0.06238,1302.0,0.06236,2782.0,0.06251,665.0,0.06252,670.0
1753531680430,12:08:00.430,BIO/USDT:USDT,0.06238,1302.0,0.06236,2782.0,0.06252,670.0,0.06253,987.0
1753531680564,12:08:00.564,BIO/USDT:USDT,0.06238,1302.0,0.06236,2782.0,0.06252,670.0,0.06253,987.0
1753531681455,12:08:01.455,BIO/USDT:USDT,0.06238,1302.0,0.06236,2782.0,0.06251,665.0,0.06252,892.0
1753531682084,12:08:02.084,BIO/USDT:USDT,0.06238,1302.0,0.06236,2782.0,0.06252,670.0,0.06253,987.0
1753531682812,12:08:02.812,BIO/USDT:USDT,0.06238,1302.0,0.06236,2782.0,0.06252,670.0,0.06253,987.0
1753531682886,12:08:02.886,BIO/USDT:USDT,0.06238,1302.0,0.06236,2782.0,0.06252,670.0,0.06253,987.0
1753531683119,12:08:03.119,BIO/USDT:USDT,0.06238,1302.0,0.06236,2782.0,0.06252,670.0,0.06253,987.0
1753531686718,12:08:06.718,BIO/USDT:USDT,0.06238,1302.0,0.06236,2782.0,0.06252,670.0,0.06253,987.0
1753531687322,12:08:07.322,BIO/USDT:USDT,0.06238,1302.0,0.06236,2782.0,0.06252,670.0,0.06253,987.0
1753531687506,12:08:07.506,BIO/USDT:USDT,0.06238,1302.0,0.06236,2782.0,0.06251,665.0,0.06252,892.0
1753531688119,12:08:08.119,BIO/USDT:USDT,0.06238,1302.0,0.06236,2782.0,0.06251,665.0,0.06252,892.0
1753531688311,12:08:08.311,BIO/USDT:USDT,0.06238,1302.0,0.06236,2782.0,0.06252,892.0,0.06253,987.0
1753531688592,12:08:08.592,BIO/USDT:USDT,0.06238,1302.0,0.06236,2782.0,0.06251,679.0,0.06252,670.0
1753531688728,12:08:08.728,BIO/USDT:USDT,0.06238,1302.0,0.06236,2782.0,0.06252,670.0,0.06253,987.0
1753531689915,12:08:09.915,BIO/USDT:USDT,0.06238,1302.0,0.06236,2782.0,0.06252,670.0,0.06253,987.0
1753531690038,12:08:10.038,BIO/USDT:USDT,0.06238,1302.0,0.06236,2782.0,0.06252,670.0,0.06253,987.0
1753531690140,12:08:10.140,BIO/USDT:USDT,0.06238,1302.0,0.06236,2782.0,0.06252,670.0,0.06253,987.0
1753531691019,12:08:11.019,BIO/USDT:USDT,0.06238,1302.0,0.06236,2782.0,0.06252,823.0,0.06253,987.0
1753531691264,12:08:11.264,BIO/USDT:USDT,0.06238,1302.0,0.06236,2782.0,0.06251,679.0,0.06252,670.0
1753531691405,12:08:11.405,BIO/USDT:USDT,0.06238,1302.0,0.06236,2782.0,0.06252,670.0,0.06253,987.0
1753531692498,12:08:12.498,BIO/USDT:USDT,0.06238,1454.0,0.06236,2782.0,0.06251,679.0,0.06252,670.0
1753531692643,12:08:12.643,BIO/USDT:USDT,0.06238,1302.0,0.06236,2782.0,0.06252,670.0,0.06253,987.0
1753531693255,12:08:13.255,BIO/USDT:USDT,0.06238,1302.0,0.06236,2782.0,0.06252,670.0,0.06253,987.0
1753531694112,12:08:14.112,BIO/USDT:USDT,0.06238,1302.0,0.06236,2782.0,0.06251,679.0,0.06252,819.0
1753531694797,12:08:14.797,BIO/USDT:USDT,0.06238,1302.0,0.06236,2782.0,0.06252,670.0,0.06253,987.0
1753531694975,12:08:14.975,BIO/USDT:USDT,0.06238,1302.0,0.06236,2782.0,0.06251,679.0,0.06252,819.0
1753531696199,12:08:16.199,BIO/USDT:USDT,0.06238,1302.0,0.06236,2782.0,0.06252,670.0,0.06253,987.0
1753531696224,12:08:16.224,BIO/USDT:USDT,0.06238,1302.0,0.06236,2782.0,0.06251,679.0,0.06252,843.0
1753531701099,12:08:21.099,BIO/USDT:USDT,0.06238,500.0,0.06236,2782.0,0.06252,670.0,0.06253,987.0
1753531701203,12:08:21.203,BIO/USDT:USDT,0.06238,500.0,0.06235,2786.0,0.06252,670.0,0.06253,987.0
1753531701234,12:08:21.234,BIO/USDT:USDT,0.06238,500.0,0.06235,2785.0,0.06252,670.0,0.06253,987.0
1753531701746,12:08:21.746,BIO/USDT:USDT,0.06238,1302.0,0.06235,2785.0,0.06252,670.0,0.06253,987.0
1753531701822,12:08:21.822,BIO/USDT:USDT,0.06238,1302.0,0.06235,2785.0,0.06251,677.0,0.06252,849.0
1753531702231,12:08:22.231,BIO/USDT:USDT,0.06238,1302.0,0.06235,2785.0,0.06251,677.0,0.06252,849.0
1753531702656,12:08:22.656,BIO/USDT:USDT,0.06238,1302.0,0.06235,2785.0,0.06251,677.0,0.06252,849.0
1753531703078,12:08:23.078,BIO/USDT:USDT,0.06238,1302.0,0.06235,2785.0,0.06251,677.0,0.06252,849.0
1753531704876,12:08:24.876,BIO/USDT:USDT,0.06238,1302.0,0.06235,2785.0,0.06252,670.0,0.06253,987.0
1753531705906,12:08:25.906,BIO/USDT:USDT,0.06238,1302.0,0.06235,2785.0,0.06252,670.0,0.06253,987.0
1753531706636,12:08:26.636,BIO/USDT:USDT,0.06238,1302.0,0.06235,2785.0,0.06251,677.0,0.06252,855.0
1753531707136,12:08:27.136,BIO/USDT:USDT,0.06238,1450.0,0.06235,2785.0,0.06252,670.0,0.06253,987.0
1753531707270,12:08:27.270,BIO/USDT:USDT,0.06238,1302.0,0.06235,2785.0,0.06252,670.0,0.06253,987.0
1753531707944,12:08:27.944,BIO/USDT:USDT,0.06238,1302.0,0.06235,2785.0,0.06252,670.0,0.06253,987.0
1753531708030,12:08:28.030,BIO/USDT:USDT,0.06238,1302.0,0.06235,2785.0,0.06251,678.0,0.06252,856.0
1753531708559,12:08:28.559,BIO/USDT:USDT,0.06238,1302.0,0.06235,2785.0,0.06251,678.0,0.06252,856.0
1753531708995,12:08:28.995,BIO/USDT:USDT,0.06238,1302.0,0.06235,2785.0,0.06251,678.0,0.06252,670.0
1753531709043,12:08:29.043,BIO/USDT:USDT,0.06238,1302.0,0.06235,2785.0,0.06251,678.0,0.06252,670.0
1753531709196,12:08:29.196,BIO/USDT:USDT,0.06238,1302.0,0.06235,2785.0,0.06251,678.0,0.06252,1000.0
1753531709298,12:08:29.298,BIO/USDT:USDT,0.06238,1302.0,0.06235,2785.0,0.06251,678.0,0.06252,823.0
1753531710237,12:08:30.237,BIO/USDT:USDT,0.06238,1302.0,0.06236,678.0,0.06252,670.0,0.06253,987.0
1753531710390,12:08:30.390,BIO/USDT:USDT,0.06238,1302.0,0.06236,678.0,0.06252,670.0,0.06253,987.0
1753531710413,12:08:30.413,BIO/USDT:USDT,0.06238,500.0,0.06236,678.0,0.06252,670.0,0.06253,987.0
1753531711190,12:08:31.190,BIO/USDT:USDT,0.06238,500.0,0.06236,678.0,0.06252,670.0,0.06253,987.0
1753531711375,12:08:31.375,BIO/USDT:USDT,0.06238,500.0,0.06235,2785.0,0.06251,678.0,0.06252,850.0
1753531711482,12:08:31.482,BIO/USDT:USDT,0.06238,1302.0,0.06235,2785.0,0.06251,678.0,0.06252,850.0
1753531711536,12:08:31.536,BIO/USDT:USDT,0.06238,500.0,0.06235,2785.0,0.06251,678.0,0.06252,850.0
1753531711665,12:08:31.665,BIO/USDT:USDT,0.06238,500.0,0.06235,2785.0,0.06252,670.0,0.06253,987.0
1753531712071,12:08:32.071,BIO/USDT:USDT,0.06238,500.0,0.06235,2785.0,0.06252,850.0,0.06253,987.0
1753531712198,12:08:32.198,BIO/USDT:USDT,0.06238,500.0,0.06235,2785.0,0.06251,678.0,0.06252,670.0
1753531712296,12:08:32.296,BIO/USDT:USDT,0.06238,500.0,0.06235,2785.0,0.06252,850.0,0.06253,987.0
1753531712845,12:08:32.845,BIO/USDT:USDT,0.06238,500.0,0.06235,2785.0,0.06252,725.0,0.06253,987.0
1753531713016,12:08:33.016,BIO/USDT:USDT,0.06238,1302.0,0.06235,2785.0,0.06252,725.0,0.06253,987.0
1753531713255,12:08:33.255,BIO/USDT:USDT,0.06238,1492.0,0.06235,2785.0,0.06251,678.0,0.06252,670.0
1753531713408,12:08:33.408,BIO/USDT:USDT,0.06238,1302.0,0.06235,2785.0,0.06252,801.0,0.06253,987.0
1753531713488,12:08:33.488,BIO/USDT:USDT,0.06238,690.0,0.06235,2785.0,0.06251,678.0,0.06252,670.0
1753531713598,12:08:33.598,BIO/USDT:USDT,0.06238,500.0,0.06235,2785.0,0.06252,801.0,0.06253,987.0
1753531713752,12:08:33.752,BIO/USDT:USDT,0.06238,500.0,0.06235,2785.0,0.06251,678.0,0.06252,670.0
1753531713905,12:08:33.905,BIO/USDT:USDT,0.06238,500.0,0.06235,2785.0,0.06252,801.0,0.06253,987.0
1753531713928,12:08:33.928,BIO/USDT:USDT,0.06238,500.0,0.06235,2785.0,0.06251,678.0,0.06252,670.0
1753531714101,12:08:34.101,BIO/USDT:USDT,0.06238,500.0,0.06235,2785.0,0.06251,678.0,0.06252,670.0
1753531714277,12:08:34.277,BIO/USDT:USDT,0.06238,500.0,0.06235,2785.0,0.06252,670.0,0.06253,987.0
1753531714325,12:08:34.325,BIO/USDT:USDT,0.06238,1302.0,0.06235,2785.0,0.06252,670.0,0.06253,987.0
1753531714493,12:08:34.493,BIO/USDT:USDT,0.06238,1302.0,0.06235,2785.0,0.06251,678.0,0.06252,831.0
1753531714545,12:08:34.545,BIO/USDT:USDT,0.06238,500.0,0.06235,2785.0,0.06251,678.0,0.06252,831.0
1753531715684,12:08:35.684,BIO/USDT:USDT,0.06238,500.0,0.06235,2785.0,0.0625,678.0,0.06251,1292.0
1753531716180,12:08:36.180,BIO/USDT:USDT,0.06238,500.0,0.06235,2785.0,0.06251,849.0,0.06252,1284.0
1753531716322,12:08:36.322,BIO/USDT:USDT,0.06238,500.0,0.06235,2785.0,0.0625,678.0,0.06251,678.0
1753531716473,12:08:36.473,BIO/USDT:USDT,0.06238,500.0,0.06235,2785.0,0.06251,1218.0,0.06252,670.0
1753531716600,12:08:36.600,BIO/USDT:USDT,0.06238,500.0,0.06235,2785.0,0.06251,177.0,0.06252,670.0
1753531716690,12:08:36.690,BIO/USDT:USDT,0.06238,500.0,0.06234,5574.0,0.06249,678.0,0.0625,1896.0
1753531716757,12:08:36.757,BIO/USDT:USDT,0.06238,500.0,0.06234,5574.0,0.06249,678.0,0.0625,1896.0
1753531716950,12:08:36.950,BIO/USDT:USDT,0.06238,500.0,0.06234,5574.0,0.06249,678.0,0.0625,1896.0
1753531717189,12:08:37.189,BIO/USDT:USDT,0.06238,500.0,0.06234,5574.0,0.06249,678.0,0.0625,1896.0
1753531717461,12:08:37.461,BIO/USDT:USDT,0.06238,500.0,0.06233,5580.0,0.06249,678.0,0.0625,1896.0
1753531717602,12:08:37.602,BIO/USDT:USDT,0.06238,500.0,0.06233,5580.0,0.06247,711.0,0.06248,711.0
1753531718043,12:08:38.043,BIO/USDT:USDT,0.06238,500.0,0.06233,5580.0,0.06247,711.0,0.06248,711.0
1753531718180,12:08:38.180,BIO/USDT:USDT,0.06238,500.0,0.06233,5580.0,0.06247,711.0,0.06248,711.0
1753531718505,12:08:38.505,BIO/USDT:USDT,0.06238,500.0,0.06233,5580.0,0.06246,664.0,0.06247,711.0
1753531718534,12:08:38.534,BIO/USDT:USDT,0.06238,500.0,0.06233,8.0,0.06246,664.0,0.06247,711.0
1753531718672,12:08:38.672,BIO/USDT:USDT,0.06238,500.0,0.06233,8.0,0.06246,664.0,0.06247,711.0
1753531718860,12:08:38.860,BIO/USDT:USDT,0.06233,8.0,0.06232,2787.0,0.06246,664.0,0.06247,1028.0
1753531718997,12:08:38.997,BIO/USDT:USDT,0.06233,810.0,0.06232,2787.0,0.06246,664.0,0.06247,1028.0
1753531719077,12:08:39.077,BIO/USDT:USDT,0.06233,8.0,0.06232,2787.0,0.06246,664.0,0.06247,1028.0
1753531719210,12:08:39.210,BIO/USDT:USDT,0.06233,8.0,0.06232,2787.0,0.06246,664.0,0.06247,1028.0
1753531719284,12:08:39.284,BIO/USDT:USDT,0.06233,1454.0,0.06232,2787.0,0.06246,664.0,0.06247,1028.0
1753531719368,12:08:39.368,BIO/USDT:USDT,0.06233,1454.0,0.06232,2787.0,0.06246,664.0,0.06247,1028.0
1753531719468,12:08:39.468,BIO/USDT:USDT,0.06233,1454.0,0.06232,2787.0,0.06246,664.0,0.06247,1028.0
1753531719610,12:08:39.610,BIO/USDT:USDT,0.06233,156.0,0.06229,667.0,0.06245,981.0,0.06246,664.0
1753531719637,12:08:39.637,BIO/USDT:USDT,0.06233,156.0,0.06229,667.0,0.06244,664.0,0.06245,981.0
1753531719795,12:08:39.795,BIO/USDT:USDT,0.06233,156.0,0.06229,667.0,0.06244,664.0,0.06245,981.0
1753531719902,12:08:39.902,BIO/USDT:USDT,0.06233,156.0,0.06229,667.0,0.06244,664.0,0.06245,981.0
1753531719959,12:08:39.959,BIO/USDT:USDT,0.06233,156.0,0.06229,667.0,0.06244,664.0,0.06245,981.0
1753531720309,12:08:40.309,BIO/USDT:USDT,0.06233,8.0,0.06227,665.0,0.06242,697.0,0.06243,1014.0
1753531720407,12:08:40.407,BIO/USDT:USDT,0.06233,8.0,0.06227,665.0,0.06242,697.0,0.06243,1014.0
1753531720453,12:08:40.453,BIO/USDT:USDT,0.06233,8.0,0.06227,665.0,0.06242,697.0,0.06243,1014.0
1753531720563,12:08:40.563,BIO/USDT:USDT,0.06233,8.0,0.06228,2793.0,0.06242,697.0,0.06243,1014.0
1753531721174,12:08:41.174,BIO/USDT:USDT,0.06233,8.0,0.06228,2793.0,0.06242,697.0,0.06243,1014.0
1753531721266,12:08:41.266,BIO/USDT:USDT,0.06233,8.0,0.06228,2793.0,0.06242,697.0,0.06243,1014.0
1753531721381,12:08:41.381,BIO/USDT:USDT,0.06233,8.0,0.06228,2793.0,0.06242,697.0,0.06243,1014.0
1753531721881,12:08:41.881,BIO/USDT:USDT,0.06233,8.0,0.06228,2793.0,0.06242,697.0,0.06243,1014.0
1753531721993,12:08:41.993,BIO/USDT:USDT,0.06233,8.0,0.06228,2793.0,0.06242,697.0,0.06243,1014.0
1753531722720,12:08:42.720,BIO/USDT:USDT,0.06233,74.0,0.06228,2793.0,0.06242,697.0,0.06243,1014.0
1753531723497,12:08:43.497,BIO/USDT:USDT,0.06233,74.0,0.06228,2793.0,0.06242,697.0,0.06243,1014.0
1753531723757,12:08:43.757,BIO/USDT:USDT,0.06233,251.0,0.06228,2793.0,0.06242,697.0,0.06243,1014.0
1753531723865,12:08:43.865,BIO/USDT:USDT,0.06233,74.0,0.06228,2793.0,0.06242,697.0,0.06243,1014.0
1753531724026,12:08:44.026,BIO/USDT:USDT,0.06233,156.0,0.06228,2793.0,0.06242,697.0,0.06243,1014.0
1753531724351,12:08:44.351,BIO/USDT:USDT,0.06233,156.0,0.06228,2793.0,0.06242,697.0,0.06243,1014.0
1753531724711,12:08:44.711,BIO/USDT:USDT,0.06233,156.0,0.06228,2793.0,0.06242,697.0,0.06243,1014.0
1753531725647,12:08:45.647,BIO/USDT:USDT,0.06233,156.0,0.06228,2793.0,0.06242,697.0,0.06243,1014.0
1753531727176,12:08:47.176,BIO/USDT:USDT,0.06233,156.0,0.06228,2793.0,0.06242,697.0,0.06243,1014.0
1753531727409,12:08:47.409,BIO/USDT:USDT,0.06233,156.0,0.06228,2793.0,0.06242,697.0,0.06243,1014.0
1753531727781,12:08:47.781,BIO/USDT:USDT,0.06233,156.0,0.06228,2793.0,0.06242,697.0,0.06243,1014.0
1753531729525,12:08:49.525,BIO/USDT:USDT,0.06233,156.0,0.06228,2793.0,0.06242,697.0,0.06243,1014.0
1753531729643,12:08:49.643,BIO/USDT:USDT,0.06233,156.0,0.06228,2793.0,0.06242,697.0,0.06243,1014.0
1753531729910,12:08:49.910,BIO/USDT:USDT,0.06233,156.0,0.06228,2793.0,0.06242,697.0,0.06243,1014.0
1753531730095,12:08:50.095,BIO/USDT:USDT,0.06233,74.0,0.06228,2793.0,0.06242,697.0,0.06243,1014.0
1753531731483,12:08:51.483,BIO/USDT:USDT,0.06233,156.0,0.06228,2793.0,0.06242,697.0,0.06243,1014.0
1753531734998,12:08:54.998,BIO/USDT:USDT,0.06233,74.0,0.06228,2793.0,0.06242,697.0,0.06243,1014.0
1753531736493,12:08:56.493,BIO/USDT:USDT,0.06233,74.0,0.06228,2793.0,0.06242,697.0,0.06243,1014.0
1753531737748,12:08:57.748,BIO/USDT:USDT,0.06233,74.0,0.06228,2793.0,0.06242,697.0,0.06243,1014.0
1753531738481,12:08:58.481,BIO/USDT:USDT,0.06233,74.0,0.06228,2793.0,0.06242,697.0,0.06243,1014.0
1753531741699,12:09:01.699,BIO/USDT:USDT,0.06233,8.0,0.06228,2793.0,0.06242,697.0,0.06243,1014.0
1753531742487,12:09:02.487,BIO/USDT:USDT,0.06233,8.0,0.06228,2793.0,0.06242,697.0,0.06243,1014.0
1753531743157,12:09:03.157,BIO/USDT:USDT,0.06233,8.0,0.06228,2793.0,0.06242,697.0,0.06243,1014.0
1753531746206,12:09:06.206,BIO/USDT:USDT,0.06233,8.0,0.06227,2790.0,0.06241,679.0,0.06242,1014.0
1753531746216,12:09:06.216,BIO/USDT:USDT,0.06233,8.0,0.06227,2790.0,0.06241,679.0,0.06242,1014.0
1753531747375,12:09:07.375,BIO/USDT:USDT,0.06233,8.0,0.06227,2790.0,0.06241,679.0,0.06242,1014.0
1753531750732,12:09:10.732,BIO/USDT:USDT,0.06233,8.0,0.06227,2790.0,0.06241,679.0,0.06242,1014.0
1753531751242,12:09:11.242,BIO/USDT:USDT,0.06233,8.0,0.06226,5574.0,0.06241,679.0,0.06242,1014.0
1753531751867,12:09:11.867,BIO/USDT:USDT,0.06233,8.0,0.06226,5574.0,0.06241,679.0,0.06242,1014.0
1753531752183,12:09:12.183,BIO/USDT:USDT,0.06233,8.0,0.06226,5574.0,0.06241,679.0,0.06242,1014.0
1753531752214,12:09:12.214,BIO/USDT:USDT,0.06233,8.0,0.06226,5574.0,0.06241,679.0,0.06242,1014.0
1753531754809,12:09:14.809,BIO/USDT:USDT,0.06233,8.0,0.06226,5574.0,0.06241,679.0,0.06242,1014.0
1753531754828,12:09:14.828,BIO/USDT:USDT,0.06233,8.0,0.06226,5574.0,0.06241,679.0,0.06242,1014.0
1753531754952,12:09:14.952,BIO/USDT:USDT,0.06233,8.0,0.06226,5574.0,0.06241,679.0,0.06242,1014.0
1753531755044,12:09:15.044,BIO/USDT:USDT,0.06233,8.0,0.06226,5574.0,0.06241,679.0,0.06242,1014.0
1753531755206,12:09:15.206,BIO/USDT:USDT,0.06233,8.0,0.06226,5574.0,0.06241,679.0,0.06242,1014.0
1753531755598,12:09:15.598,BIO/USDT:USDT,0.06233,8.0,0.06226,2784.0,0.06241,679.0,0.06242,1014.0
1753531756241,12:09:16.241,BIO/USDT:USDT,0.06233,8.0,0.06226,2784.0,0.06241,679.0,0.06242,1014.0
1753531757308,12:09:17.308,BIO/USDT:USDT,0.06226,2784.0,0.06225,2791.0,0.06241,679.0,0.06242,1014.0
1753531757389,12:09:17.389,BIO/USDT:USDT,0.06226,2784.0,0.06225,1.0,0.0624,677.0,0.06241,679.0
1753531757507,12:09:17.507,BIO/USDT:USDT,0.06226,2784.0,0.06225,1.0,0.06241,679.0,0.06242,1014.0
1753531757535,12:09:17.535,BIO/USDT:USDT,0.06226,2784.0,0.06225,1.0,0.0624,677.0,0.06241,869.0
1753531757683,12:09:17.683,BIO/USDT:USDT,0.06226,2784.0,0.06225,1.0,0.0624,677.0,0.06241,869.0
1753531757787,12:09:17.787,BIO/USDT:USDT,0.06226,2784.0,0.06225,1.0,0.0624,677.0,0.06241,869.0
1753531758095,12:09:18.095,BIO/USDT:USDT,0.06226,2784.0,0.06225,1.0,0.06239,661.0,0.0624,7256.0
1753531758195,12:09:18.195,BIO/USDT:USDT,0.06226,2784.0,0.06225,1.0,0.06239,661.0,0.0624,7552.0
1753531758308,12:09:18.308,BIO/USDT:USDT,0.06224,1.0,0.06223,5582.0,0.06239,661.0,0.0624,7552.0
1753531758390,12:09:18.390,BIO/USDT:USDT,0.06223,6385.0,0.06221,692.0,0.06239,661.0,0.0624,7552.0
1753531758511,12:09:18.511,BIO/USDT:USDT,0.06223,6385.0,0.06221,692.0,0.06239,661.0,0.0624,7552.0
1753531758732,12:09:18.732,BIO/USDT:USDT,0.06223,6385.0,0.06221,692.0,0.06239,661.0,0.0624,7552.0
1753531758969,12:09:18.969,BIO/USDT:USDT,0.06223,6467.0,0.06221,692.0,0.06239,661.0,0.0624,7552.0
1753531759153,12:09:19.153,BIO/USDT:USDT,0.06223,6467.0,0.06221,692.0,0.06239,661.0,0.0624,7552.0
1753531759495,12:09:19.495,BIO/USDT:USDT,0.06223,6467.0,0.06221,692.0,0.06239,661.0,0.0624,7552.0
1753531759766,12:09:19.766,BIO/USDT:USDT,0.06223,6467.0,0.06221,692.0,0.06239,661.0,0.0624,7552.0
1753531759817,12:09:19.817,BIO/USDT:USDT,0.06223,6467.0,0.06221,692.0,0.06239,661.0,0.0624,7552.0
1753531759987,12:09:19.987,BIO/USDT:USDT,0.06223,6385.0,0.06221,692.0,0.06239,661.0,0.0624,7552.0
1753531760394,12:09:20.394,BIO/USDT:USDT,0.06223,6385.0,0.06221,692.0,0.06239,661.0,0.0624,7552.0
1753531760478,12:09:20.478,BIO/USDT:USDT,0.06223,6385.0,0.06221,692.0,0.06239,661.0,0.0624,7552.0
1753531760627,12:09:20.627,BIO/USDT:USDT,0.06223,8794.0,0.06221,692.0,0.06239,661.0,0.0624,7552.0
1753531760720,12:09:20.720,BIO/USDT:USDT,0.06224,1.0,0.06223,8794.0,0.06239,661.0,0.0624,7552.0
1753531760881,12:09:20.881,BIO/USDT:USDT,0.06224,1.0,0.06223,6385.0,0.06239,661.0,0.0624,7552.0
1753531760935,12:09:20.935,BIO/USDT:USDT,0.06223,7991.0,0.06221,692.0,0.06238,661.0,0.06239,851.0
1753531761111,12:09:21.111,BIO/USDT:USDT,0.06221,2119.0,0.0622,687.0,0.06238,661.0,0.06239,1168.0
1753531761175,12:09:21.175,BIO/USDT:USDT,0.06221,16.0,0.0622,687.0,0.06238,661.0,0.06239,1168.0
1753531761296,12:09:21.296,BIO/USDT:USDT,0.06221,16.0,0.0622,687.0,0.06237,661.0,0.06238,3860.0
1753531761509,12:09:21.509,BIO/USDT:USDT,0.06221,16.0,0.0622,687.0,0.06236,661.0,0.06237,978.0
1753531761529,12:09:21.529,BIO/USDT:USDT,0.06221,98.0,0.0622,687.0,0.06236,661.0,0.06237,978.0
1753531761688,12:09:21.688,BIO/USDT:USDT,0.06221,98.0,0.0622,687.0,0.06236,661.0,0.06237,978.0
1753531761946,12:09:21.946,BIO/USDT:USDT,0.06221,98.0,0.0622,687.0,0.06236,661.0,0.06237,978.0
1753531762094,12:09:22.094,BIO/USDT:USDT,0.06221,98.0,0.0622,687.0,0.06236,661.0,0.06237,978.0
1753531762611,12:09:22.611,BIO/USDT:USDT,0.06221,98.0,0.0622,687.0,0.06236,661.0,0.06237,978.0
1753531763425,12:09:23.425,BIO/USDT:USDT,0.06221,16.0,0.0622,687.0,0.06236,7430.0,0.06237,978.0
1753531763523,12:09:23.523,BIO/USDT:USDT,0.06221,16.0,0.0622,687.0,0.06236,7726.0,0.06237,978.0
1753531763747,12:09:23.747,BIO/USDT:USDT,0.06221,16.0,0.0622,687.0,0.06236,7726.0,0.06237,978.0
1753531763891,12:09:23.891,BIO/USDT:USDT,0.06221,16.0,0.0622,687.0,0.06236,7726.0,0.06237,978.0
1753531763923,12:09:23.923,BIO/USDT:USDT,0.06221,16.0,0.06217,5376.0,0.06235,661.0,0.06236,7853.0
1753531764065,12:09:24.065,BIO/USDT:USDT,0.06221,16.0,0.06217,5376.0,0.06235,661.0,0.06236,7853.0
1753531764138,12:09:24.138,BIO/USDT:USDT,0.06221,16.0,0.06217,5376.0,0.06235,661.0,0.06236,7853.0
1753531764673,12:09:24.673,BIO/USDT:USDT,0.06221,16.0,0.06217,5376.0,0.06235,661.0,0.06236,7853.0
1753531764721,12:09:24.721,BIO/USDT:USDT,0.06221,16.0,0.06217,5376.0,0.06235,661.0,0.06236,7853.0
1753531764968,12:09:24.968,BIO/USDT:USDT,0.06221,164.0,0.06217,5376.0,0.06235,661.0,0.06236,7853.0
1753531765309,12:09:25.309,BIO/USDT:USDT,0.06221,16.0,0.06217,5376.0,0.06235,661.0,0.06236,7853.0
1753531765383,12:09:25.383,BIO/USDT:USDT,0.06221,16.0,0.06217,5376.0,0.06235,661.0,0.06236,7853.0
1753531766266,12:09:26.266,BIO/USDT:USDT,0.06221,16.0,0.06217,5376.0,0.06235,661.0,0.06236,7853.0
1753531766337,12:09:26.337,BIO/USDT:USDT,0.06221,16.0,0.06217,5376.0,0.06235,661.0,0.06236,7853.0
1753531766558,12:09:26.558,BIO/USDT:USDT,0.06221,16.0,0.06217,5376.0,0.06235,661.0,0.06236,7853.0
1753531766834,12:09:26.834,BIO/USDT:USDT,0.06221,16.0,0.06217,5376.0,0.06235,661.0,0.06236,7853.0
1753531767895,12:09:27.895,BIO/USDT:USDT,0.06221,16.0,0.06217,5376.0,0.06235,661.0,0.06236,7853.0
1753531768002,12:09:28.002,BIO/USDT:USDT,0.06221,16.0,0.06217,689.0,0.06234,658.0,0.06235,3860.0
1753531768096,12:09:28.096,BIO/USDT:USDT,0.06221,16.0,0.06217,1.0,0.06233,317.0,0.06234,658.0
1753531768189,12:09:28.189,BIO/USDT:USDT,0.06221,16.0,0.06217,1.0,0.06232,658.0,0.06233,317.0
1753531768275,12:09:28.275,BIO/USDT:USDT,0.06221,16.0,0.06217,1.0,0.06232,691.0,0.06233,317.0
1753531768376,12:09:28.376,BIO/USDT:USDT,0.06221,16.0,0.06217,1.0,0.06232,691.0,0.06233,317.0
1753531769059,12:09:29.059,BIO/USDT:USDT,0.06221,16.0,0.06217,1.0,0.06232,691.0,0.06233,317.0
1753531769499,12:09:29.499,BIO/USDT:USDT,0.06221,16.0,0.06217,1.0,0.06232,691.0,0.06233,317.0
1753531769519,12:09:29.519,BIO/USDT:USDT,0.06221,16.0,0.06216,6256.0,0.06232,691.0,0.06233,317.0
1753531770496,12:09:30.496,BIO/USDT:USDT,0.06221,16.0,0.06216,6256.0,0.06232,691.0,0.06233,317.0
1753531770666,12:09:30.666,BIO/USDT:USDT,0.06221,16.0,0.06216,9047.0,0.06232,691.0,0.06233,317.0
1753531770719,12:09:30.719,BIO/USDT:USDT,0.06221,16.0,0.06217,1.0,0.06232,691.0,0.06233,317.0
1753531770918,12:09:30.918,BIO/USDT:USDT,0.06221,16.0,0.06217,1.0,0.06232,691.0,0.06233,317.0
1753531771095,12:09:31.095,BIO/USDT:USDT,0.06221,16.0,0.06217,1.0,0.06232,691.0,0.06233,317.0
1753531771126,12:09:31.126,BIO/USDT:USDT,0.06221,16.0,0.06217,1.0,0.06232,691.0,0.06233,317.0
1753531771779,12:09:31.779,BIO/USDT:USDT,0.06221,16.0,0.06217,1.0,0.06232,691.0,0.06233,317.0
1753531771921,12:09:31.921,BIO/USDT:USDT,0.06221,16.0,0.06217,1.0,0.06232,691.0,0.06233,317.0
1753531772708,12:09:32.708,BIO/USDT:USDT,0.06221,49.0,0.06217,1.0,0.06232,691.0,0.06233,317.0
1753531772721,12:09:32.721,BIO/USDT:USDT,0.06221,49.0,0.06217,1.0,0.06232,691.0,0.06233,317.0
1753531773000,12:09:33.000,BIO/USDT:USDT,0.06221,16.0,0.06217,1.0,0.06231,658.0,0.06232,691.0
1753531773040,12:09:33.040,BIO/USDT:USDT,0.06221,16.0,0.06217,1.0,0.06231,691.0,0.06232,1008.0
1753531773204,12:09:33.204,BIO/USDT:USDT,0.06221,16.0,0.06217,1.0,0.0623,658.0,0.06231,691.0
1753531773309,12:09:33.309,BIO/USDT:USDT,0.06221,16.0,0.06217,1.0,0.0623,658.0,0.06231,691.0
1753531773403,12:09:33.403,BIO/USDT:USDT,0.06221,16.0,0.06217,1.0,0.0623,658.0,0.06231,691.0
1753531773606,12:09:33.606,BIO/USDT:USDT,0.06221,16.0,0.06217,1.0,0.0623,658.0,0.06231,691.0
1753531773632,12:09:33.632,BIO/USDT:USDT,0.06221,16.0,0.06217,1.0,0.0623,658.0,0.06231,691.0
1753531773909,12:09:33.909,BIO/USDT:USDT,0.06221,16.0,0.06217,1.0,0.0623,658.0,0.06231,987.0
1753531774045,12:09:34.045,BIO/USDT:USDT,0.06221,16.0,0.06217,1.0,0.0623,658.0,0.06231,987.0
1753531774156,12:09:34.156,BIO/USDT:USDT,0.06221,16.0,0.06217,1.0,0.0623,658.0,0.06231,987.0
1753531774472,12:09:34.472,BIO/USDT:USDT,0.06221,16.0,0.06217,1.0,0.0623,658.0,0.06231,987.0
1753531774540,12:09:34.540,BIO/USDT:USDT,0.06221,16.0,0.06217,1.0,0.0623,658.0,0.06231,987.0
1753531774875,12:09:34.875,BIO/USDT:USDT,0.06221,49.0,0.06217,1.0,0.0623,658.0,0.06231,987.0
1753531774990,12:09:34.990,BIO/USDT:USDT,0.06221,82.0,0.06217,1.0,0.0623,658.0,0.06231,987.0
1753531775294,12:09:35.294,BIO/USDT:USDT,0.06221,82.0,0.06217,1.0,0.0623,658.0,0.06231,987.0
1753531776011,12:09:36.011,BIO/USDT:USDT,0.06221,205.0,0.06217,1.0,0.06231,987.0,0.06232,7237.0
1753531776055,12:09:36.055,BIO/USDT:USDT,0.06221,205.0,0.06217,1.0,0.06231,33.0,0.06232,6875.0
1753531776119,12:09:36.119,BIO/USDT:USDT,0.06221,205.0,0.06217,1.0,0.06231,33.0,0.06232,6875.0
1753531776391,12:09:36.391,BIO/USDT:USDT,0.06221,205.0,0.06217,1.0,0.06231,66.0,0.06232,6875.0
1753531776596,12:09:36.596,BIO/USDT:USDT,0.06221,205.0,0.06217,1.0,0.06231,33.0,0.06232,6875.0
1753531776759,12:09:36.759,BIO/USDT:USDT,0.06221,205.0,0.06217,1.0,0.06231,33.0,0.06232,6875.0
1753531777003,12:09:37.003,BIO/USDT:USDT,0.06221,205.0,0.06217,1.0,0.06231,33.0,0.06232,6875.0
1753531777155,12:09:37.155,BIO/USDT:USDT,0.06221,205.0,0.06217,1.0,0.06231,33.0,0.06232,6875.0
1753531777344,12:09:37.344,BIO/USDT:USDT,0.06221,205.0,0.06217,1.0,0.06231,33.0,0.06232,6875.0
1753531777495,12:09:37.495,BIO/USDT:USDT,0.06221,205.0,0.06217,1.0,0.06231,33.0,0.06232,6875.0
1753531777594,12:09:37.594,BIO/USDT:USDT,0.06221,205.0,0.06217,1.0,0.06231,33.0,0.06232,6579.0
1753531777761,12:09:37.761,BIO/USDT:USDT,0.06221,205.0,0.06217,1.0,0.06231,33.0,0.06232,6579.0
1753531778182,12:09:38.182,BIO/USDT:USDT,0.06221,205.0,0.06217,1.0,0.06231,33.0,0.06232,6579.0
1753531778680,12:09:38.680,BIO/USDT:USDT,0.06221,205.0,0.06217,1.0,0.06231,33.0,0.06232,6579.0
1753531779381,12:09:39.381,BIO/USDT:USDT,0.06221,205.0,0.06217,6580.0,0.06231,33.0,0.06232,6579.0
1753531779456,12:09:39.456,BIO/USDT:USDT,0.06221,205.0,0.06217,6580.0,0.06234,317.0,0.06235,957.0
1753531779538,12:09:39.538,BIO/USDT:USDT,0.06221,205.0,0.06217,6580.0,0.06235,957.0,0.06236,7557.0
1753531779803,12:09:39.803,BIO/USDT:USDT,0.06221,205.0,0.06217,6580.0,0.06235,957.0,0.06236,7557.0
1753531780175,12:09:40.175,BIO/USDT:USDT,0.06221,205.0,0.06217,6580.0,0.06235,957.0,0.06236,7557.0
1753531780225,12:09:40.225,BIO/USDT:USDT,0.06221,205.0,0.06217,6580.0,0.06235,957.0,0.06236,7557.0
1753531780894,12:09:40.894,BIO/USDT:USDT,0.06221,205.0,0.06217,6580.0,0.06235,957.0,0.06236,7557.0
1753531781245,12:09:41.245,BIO/USDT:USDT,0.06221,205.0,0.06217,6580.0,0.06235,957.0,0.06236,7557.0
1753531781648,12:09:41.648,BIO/USDT:USDT,0.06221,882.0,0.06217,6580.0,0.06235,296.0,0.06236,7557.0
1753531781810,12:09:41.810,BIO/USDT:USDT,0.06222,677.0,0.06221,759.0,0.06236,7192.0,0.06237,3199.0
1753531781897,12:09:41.897,BIO/USDT:USDT,0.06222,677.0,0.06221,759.0,0.06236,6875.0,0.06237,3516.0
1753531781918,12:09:41.918,BIO/USDT:USDT,0.06222,677.0,0.06221,759.0,0.06236,6875.0,0.06237,3516.0
1753531782056,12:09:42.056,BIO/USDT:USDT,0.06222,677.0,0.06221,759.0,0.06236,6875.0,0.06237,3516.0
1753531782160,12:09:42.160,BIO/USDT:USDT,0.06222,677.0,0.06221,759.0,0.06236,6875.0,0.06237,3516.0
1753531782291,12:09:42.291,BIO/USDT:USDT,0.06222,677.0,0.06221,759.0,0.06236,6875.0,0.06237,3516.0
1753531782490,12:09:42.490,BIO/USDT:USDT,0.06222,677.0,0.06221,759.0,0.06236,6875.0,0.06237,3516.0
1753531782602,12:09:42.602,BIO/USDT:USDT,0.06222,1975.0,0.06221,759.0,0.06236,6875.0,0.06237,3516.0
1753531783097,12:09:43.097,BIO/USDT:USDT,0.06222,3690.0,0.06221,759.0,0.06236,6875.0,0.06237,3516.0
1753531783155,12:09:43.155,BIO/USDT:USDT,0.06222,3690.0,0.06221,759.0,0.06236,6875.0,0.06237,3516.0
1753531783290,12:09:43.290,BIO/USDT:USDT,0.06222,1975.0,0.06221,759.0,0.06236,6875.0,0.06237,3516.0
1753531783325,12:09:43.325,BIO/USDT:USDT,0.06222,1975.0,0.06221,759.0,0.06236,6875.0,0.06237,3516.0
1753531783543,12:09:43.543,BIO/USDT:USDT,0.06222,1975.0,0.06221,759.0,0.06236,6875.0,0.06237,317.0
1753531783624,12:09:43.624,BIO/USDT:USDT,0.06222,1975.0,0.06221,759.0,0.06236,6579.0,0.06237,317.0
1753531783791,12:09:43.791,BIO/USDT:USDT,0.06222,1975.0,0.06221,759.0,0.06236,6579.0,0.06237,317.0
1753531783871,12:09:43.871,BIO/USDT:USDT,0.06222,2779.0,0.06221,759.0,0.06236,6579.0,0.06237,317.0
1753531784135,12:09:44.135,BIO/USDT:USDT,0.06222,2779.0,0.06221,759.0,0.06237,317.0,0.06239,957.0
1753531784266,12:09:44.266,BIO/USDT:USDT,0.06222,3944.0,0.06221,759.0,0.06237,317.0,0.06239,957.0
1753531784334,12:09:44.334,BIO/USDT:USDT,0.06222,3944.0,0.06221,759.0,0.06237,317.0,0.06239,957.0
1753531785197,12:09:45.197,BIO/USDT:USDT,0.06222,3944.0,0.06221,759.0,0.06237,317.0,0.06239,957.0
1753531785248,12:09:45.248,BIO/USDT:USDT,0.06222,3944.0,0.06221,759.0,0.06237,317.0,0.06239,957.0
1753531785510,12:09:45.510,BIO/USDT:USDT,0.06222,3944.0,0.06221,759.0,0.06237,317.0,0.06239,957.0
1753531786156,12:09:46.156,BIO/USDT:USDT,0.06222,3944.0,0.06221,759.0,0.06237,317.0,0.06239,957.0
1753531786421,12:09:46.421,BIO/USDT:USDT,0.06222,3944.0,0.06221,759.0,0.06237,317.0,0.06239,957.0
1753531786543,12:09:46.543,BIO/USDT:USDT,0.06222,3944.0,0.06221,759.0,0.06237,317.0,0.06239,957.0
1753531789161,12:09:49.161,BIO/USDT:USDT,0.06222,3944.0,0.06221,759.0,0.06237,317.0,0.06239,957.0
1753531789771,12:09:49.771,BIO/USDT:USDT,0.06222,3944.0,0.06221,759.0,0.06237,317.0,0.06239,957.0
1753531790178,12:09:50.178,BIO/USDT:USDT,0.06222,759.0,0.06221,759.0,0.06237,317.0,0.06239,957.0
1753531791008,12:09:51.008,BIO/USDT:USDT,0.06222,2317.0,0.06221,759.0,0.06237,317.0,0.06239,957.0
1753531791321,12:09:51.321,BIO/USDT:USDT,0.06222,3615.0,0.06221,759.0,0.06237,317.0,0.06239,957.0
1753531791965,12:09:51.965,BIO/USDT:USDT,0.06222,3615.0,0.06221,759.0,0.06239,1274.0,0.0624,7256.0
1753531792099,12:09:52.099,BIO/USDT:USDT,0.06222,3615.0,0.06221,759.0,0.06239,1274.0,0.0624,7256.0
1753531793811,12:09:53.811,BIO/USDT:USDT,0.06222,9272.0,0.06221,759.0,0.06239,1274.0,0.0624,7256.0
1753531793834,12:09:53.834,BIO/USDT:USDT,0.06223,83.0,0.06222,5931.0,0.06239,1274.0,0.0624,7256.0
1753531793923,12:09:53.923,BIO/USDT:USDT,0.06223,82.0,0.06222,5931.0,0.06239,1274.0,0.0624,7256.0
1753531794131,12:09:54.131,BIO/USDT:USDT,0.06223,82.0,0.06222,5931.0,0.06239,1274.0,0.0624,7256.0
1753531795955,12:09:55.955,BIO/USDT:USDT,0.06223,82.0,0.06222,4633.0,0.06239,1274.0,0.0624,7256.0
1753531796198,12:09:56.198,BIO/USDT:USDT,0.06223,82.0,0.06222,4633.0,0.06239,1274.0,0.0624,7256.0
1753531796910,12:09:56.910,BIO/USDT:USDT,0.06223,2491.0,0.06222,677.0,0.06239,1274.0,0.0624,7256.0
1753531797099,12:09:57.099,BIO/USDT:USDT,0.06223,2491.0,0.06222,677.0,0.06239,1274.0,0.0624,7256.0
1753531797137,12:09:57.137,BIO/USDT:USDT,0.06223,4640.0,0.06222,677.0,0.06239,1274.0,0.0624,7256.0
1753531797245,12:09:57.245,BIO/USDT:USDT,0.06223,4640.0,0.06222,677.0,0.06239,1274.0,0.0624,7256.0
1753531797385,12:09:57.385,BIO/USDT:USDT,0.06223,4640.0,0.06222,677.0,0.06239,1274.0,0.0624,7256.0
1753531797790,12:09:57.790,BIO/USDT:USDT,0.06223,6839.0,0.06222,677.0,0.06239,1274.0,0.0624,7256.0
1753531797820,12:09:57.820,BIO/USDT:USDT,0.06223,6839.0,0.06222,678.0,0.06239,1274.0,0.0624,7256.0
1753531798157,12:09:58.157,BIO/USDT:USDT,0.06223,6839.0,0.06222,678.0,0.06239,1274.0,0.0624,7256.0
1753531798741,12:09:58.741,BIO/USDT:USDT,0.06223,9444.0,0.06222,678.0,0.06239,1274.0,0.0624,7256.0
1753531798855,12:09:58.855,BIO/USDT:USDT,0.06224,1.0,0.06223,9362.0,0.06239,613.0,0.0624,7256.0
1753531798996,12:09:58.996,BIO/USDT:USDT,0.06224,175.0,0.06223,9362.0,0.06239,317.0,0.0624,7552.0
1753531799107,12:09:59.107,BIO/USDT:USDT,0.06224,175.0,0.06223,9362.0,0.06239,317.0,0.0624,7552.0
1753531799187,12:09:59.187,BIO/USDT:USDT,0.06224,175.0,0.06223,9362.0,0.06239,317.0,0.0624,7552.0
1753531799386,12:09:59.386,BIO/USDT:USDT,0.06224,175.0,0.06223,9362.0,0.06239,317.0,0.0624,7552.0
1753531799856,12:09:59.856,BIO/USDT:USDT,0.06224,4855.0,0.06223,7756.0,0.06239,317.0,0.0624,7552.0
1753531799916,12:09:59.916,BIO/USDT:USDT,0.06224,4855.0,0.06223,6953.0,0.06239,317.0,0.0624,7552.0
1753531800067,12:10:00.067,BIO/USDT:USDT,0.06224,7200.0,0.06223,6953.0,0.06239,317.0,0.0624,7552.0
1753531800202,12:10:00.202,BIO/USDT:USDT,0.06224,7200.0,0.06223,4804.0,0.06239,317.0,0.0624,7552.0
1753531800244,12:10:00.244,BIO/USDT:USDT,0.06224,7200.0,0.06223,4804.0,0.06239,317.0,0.0624,7552.0
1753531800800,12:10:00.800,BIO/USDT:USDT,0.06224,9655.0,0.06223,2605.0,0.06239,317.0,0.0624,7552.0
1753531801492,12:10:01.492,BIO/USDT:USDT,0.06224,9655.0,0.06223,2605.0,0.06239,317.0,0.0624,7552.0
1753531801807,12:10:01.807,BIO/USDT:USDT,0.06225,4007.0,0.06224,19628.0,0.0624,7552.0,0.06241,3516.0
1753531802002,12:10:02.002,BIO/USDT:USDT,0.06225,4256.0,0.06224,19454.0,0.0624,7552.0,0.06241,3516.0
1753531802218,12:10:02.218,BIO/USDT:USDT,0.06225,4256.0,0.06224,19454.0,0.0624,7552.0,0.06241,3516.0
1753531802484,12:10:02.484,BIO/USDT:USDT,0.06225,4256.0,0.06224,12054.0,0.0624,7552.0,0.06241,3516.0
1753531803080,12:10:03.080,BIO/USDT:USDT,0.06225,2093.0,0.06224,5029.0,0.0624,7552.0,0.06241,3516.0
1753531803121,12:10:03.121,BIO/USDT:USDT,0.06225,2093.0,0.06224,5028.0,0.0624,7552.0,0.06241,3516.0
1753531803245,12:10:03.245,BIO/USDT:USDT,0.06225,2093.0,0.06224,5028.0,0.0624,7552.0,0.06241,3516.0
1753531803443,12:10:03.443,BIO/USDT:USDT,0.06225,2093.0,0.06224,5028.0,0.0624,7552.0,0.06241,3516.0
1753531803583,12:10:03.583,BIO/USDT:USDT,0.06225,3937.0,0.06224,5028.0,0.0624,7552.0,0.06241,3516.0
1753531803619,12:10:03.619,BIO/USDT:USDT,0.06225,3938.0,0.06224,5028.0,0.0624,7552.0,0.06241,3516.0
1753531804781,12:10:04.781,BIO/USDT:USDT,0.06225,10310.0,0.06222,677.0,0.0624,7552.0,0.06241,3516.0
1753531805063,12:10:05.063,BIO/USDT:USDT,0.06225,10061.0,0.06222,677.0,0.0624,7552.0,0.06241,3516.0
1753531805355,12:10:05.355,BIO/USDT:USDT,0.06225,10061.0,0.06222,677.0,0.0624,7552.0,0.06241,3516.0
1753531805909,12:10:05.909,BIO/USDT:USDT,0.06225,10313.0,0.06222,677.0,0.0624,7552.0,0.06241,3516.0
1753531805948,12:10:05.948,BIO/USDT:USDT,0.06226,3731.0,0.06225,12437.0,0.0624,6875.0,0.06241,3516.0
1753531806105,12:10:06.105,BIO/USDT:USDT,0.06226,3731.0,0.06225,10593.0,0.0624,6875.0,0.06241,3516.0
1753531806112,12:10:06.112,BIO/USDT:USDT,0.06226,3731.0,0.06225,10593.0,0.0624,6875.0,0.06241,3516.0
1753531806304,12:10:06.304,BIO/USDT:USDT,0.06226,3731.0,0.06225,10593.0,0.0624,6875.0,0.06241,3516.0
1753531806318,12:10:06.318,BIO/USDT:USDT,0.06226,3731.0,0.06225,10593.0,0.0624,6875.0,0.06241,3516.0
1753531806423,12:10:06.423,BIO/USDT:USDT,0.06226,3731.0,0.06225,10593.0,0.0624,6875.0,0.06241,3516.0
1753531806695,12:10:06.695,BIO/USDT:USDT,0.06225,8749.0,0.06222,677.0,0.0624,6875.0,0.06241,3516.0
1753531806755,12:10:06.755,BIO/USDT:USDT,0.06225,8749.0,0.06222,677.0,0.0624,6875.0,0.06241,3516.0
1753531807111,12:10:07.111,BIO/USDT:USDT,0.06225,10940.0,0.06222,677.0,0.0624,6875.0,0.06241,3516.0
1753531807207,12:10:07.207,BIO/USDT:USDT,0.06226,3282.0,0.06225,10940.0,0.0624,6875.0,0.06241,3516.0
1753531807231,12:10:07.231,BIO/USDT:USDT,0.06226,5472.0,0.06225,10940.0,0.0624,6875.0,0.06241,3516.0
1753531807449,12:10:07.449,BIO/USDT:USDT,0.06226,5472.0,0.06225,10940.0,0.0624,6875.0,0.06241,3516.0
1753531807809,12:10:07.809,BIO/USDT:USDT,0.06226,5472.0,0.06225,10940.0,0.0624,6875.0,0.06241,3516.0
1753531808000,12:10:08.000,BIO/USDT:USDT,0.06226,5472.0,0.06225,10688.0,0.0624,6875.0,0.06241,3516.0
1753531808374,12:10:08.374,BIO/USDT:USDT,0.06226,5472.0,0.06225,10688.0,0.0624,6875.0,0.06241,3516.0
1753531808475,12:10:08.475,BIO/USDT:USDT,0.06226,4380.0,0.06225,4316.0,0.0624,6875.0,0.06241,3516.0
1753531808795,12:10:08.795,BIO/USDT:USDT,0.06226,4380.0,0.06225,4316.0,0.0624,6875.0,0.06241,3516.0
1753531809096,12:10:09.096,BIO/USDT:USDT,0.06226,6836.0,0.06225,2192.0,0.0624,6875.0,0.06241,3516.0
1753531809575,12:10:09.575,BIO/USDT:USDT,0.06226,6836.0,0.06225,2192.0,0.0624,6875.0,0.06241,3516.0
1753531809703,12:10:09.703,BIO/USDT:USDT,0.06226,6836.0,0.06225,2192.0,0.0624,6875.0,0.06243,3516.0
1753531809726,12:10:09.726,BIO/USDT:USDT,0.06226,6836.0,0.06225,2192.0,0.0624,6579.0,0.06242,296.0
1753531809840,12:10:09.840,BIO/USDT:USDT,0.06226,9026.0,0.06225,2192.0,0.0624,6579.0,0.06241,317.0
1753531810003,12:10:10.003,BIO/USDT:USDT,0.06227,1.0,0.06226,4646.0,0.0624,6579.0,0.06241,317.0
1753531810098,12:10:10.098,BIO/USDT:USDT,0.06226,1069.0,0.06222,678.0,0.0624,6579.0,0.06241,317.0
1753531810197,12:10:10.197,BIO/USDT:USDT,0.06226,7907.0,0.06222,677.0,0.0624,6579.0,0.06241,317.0
1753531810220,12:10:10.220,BIO/USDT:USDT,0.06226,10097.0,0.06223,1.0,0.0624,6579.0,0.06241,317.0
1753531810327,12:10:10.327,BIO/USDT:USDT,0.06227,1.0,0.06226,10097.0,0.0624,6579.0,0.06241,317.0
1753531810426,12:10:10.426,BIO/USDT:USDT,0.06227,1.0,0.06226,7688.0,0.0624,6579.0,0.06241,317.0
1753531810520,12:10:10.520,BIO/USDT:USDT,0.06226,7688.0,0.06223,1.0,0.0624,6579.0,0.06241,317.0
1753531810675,12:10:10.675,BIO/USDT:USDT,0.06227,3620.0,0.06226,12068.0,0.0624,6579.0,0.06241,317.0
1753531810736,12:10:10.736,BIO/USDT:USDT,0.06227,1.0,0.06226,7688.0,0.0624,6579.0,0.06241,317.0
1753531810879,12:10:10.879,BIO/USDT:USDT,0.06226,9878.0,0.06223,1.0,0.0624,6579.0,0.06241,317.0
1753531810920,12:10:10.920,BIO/USDT:USDT,0.06227,1.0,0.06226,9878.0,0.0624,6579.0,0.06241,317.0
1753531811074,12:10:11.074,BIO/USDT:USDT,0.06227,1.0,0.06226,7422.0,0.0624,6579.0,0.06241,317.0
1753531811120,12:10:11.120,BIO/USDT:USDT,0.06226,7422.0,0.06223,1.0,0.0624,6579.0,0.06241,317.0
1753531811271,12:10:11.271,BIO/USDT:USDT,0.06226,7422.0,0.06223,1.0,0.0624,6579.0,0.06241,317.0
1753531811996,12:10:11.996,BIO/USDT:USDT,0.06226,9612.0,0.06223,1.0,0.0624,6579.0,0.06241,317.0
1753531812107,12:10:12.107,BIO/USDT:USDT,0.06227,1.0,0.06226,7422.0,0.0624,6579.0,0.06241,317.0
1753531812175,12:10:12.175,BIO/USDT:USDT,0.06226,7422.0,0.06223,1.0,0.0624,6579.0,0.06241,317.0
1753531812229,12:10:12.229,BIO/USDT:USDT,0.06226,9694.0,0.06223,1.0,0.0624,6579.0,0.06241,317.0
1753531812319,12:10:12.319,BIO/USDT:USDT,0.06227,1.0,0.06226,9694.0,0.0624,6579.0,0.06241,317.0
1753531812508,12:10:12.508,BIO/USDT:USDT,0.06227,1.0,0.06226,7504.0,0.0624,6579.0,0.06241,317.0
1753531812538,12:10:12.538,BIO/USDT:USDT,0.06226,9694.0,0.06223,1.0,0.0624,6579.0,0.06241,317.0
1753531812619,12:10:12.619,BIO/USDT:USDT,0.06227,1.0,0.06226,9694.0,0.0624,6579.0,0.06241,317.0
1753531813140,12:10:13.140,BIO/USDT:USDT,0.06227,1.0,0.06226,6701.0,0.0624,6579.0,0.06241,317.0
1753531813255,12:10:13.255,BIO/USDT:USDT,0.06227,1606.0,0.06226,82.0,0.0624,6579.0,0.06241,317.0
1753531813397,12:10:13.397,BIO/USDT:USDT,0.06227,3212.0,0.06226,82.0,0.0624,6579.0,0.06241,317.0
1753531813427,12:10:13.427,BIO/USDT:USDT,0.06227,3212.0,0.06226,82.0,0.0624,6579.0,0.06241,317.0
1753531813604,12:10:13.604,BIO/USDT:USDT,0.06227,4355.0,0.06226,82.0,0.0624,6579.0,0.06241,317.0
1753531813656,12:10:13.656,BIO/USDT:USDT,0.06227,5978.0,0.06226,82.0,0.0624,6579.0,0.06241,317.0
1753531814293,12:10:14.293,BIO/USDT:USDT,0.06227,5978.0,0.06226,82.0,0.0624,6579.0,0.06241,317.0
1753531814319,12:10:14.319,BIO/USDT:USDT,0.06227,5978.0,0.06226,82.0,0.0624,6579.0,0.06241,317.0
1753531814593,12:10:14.593,BIO/USDT:USDT,0.06227,5978.0,0.06226,82.0,0.0624,6579.0,0.06241,317.0
1753531814615,12:10:14.615,BIO/USDT:USDT,0.06227,5978.0,0.06226,82.0,0.0624,6579.0,0.06241,317.0
1753531814870,12:10:14.870,BIO/USDT:USDT,0.06227,5978.0,0.06226,82.0,0.0624,6579.0,0.06241,317.0
1753531815009,12:10:15.009,BIO/USDT:USDT,0.06227,4355.0,0.06226,82.0,0.0624,6579.0,0.06241,317.0
1753531815027,12:10:15.027,BIO/USDT:USDT,0.06227,4355.0,0.06226,82.0,0.0624,6579.0,0.06241,317.0
1753531815265,12:10:15.265,BIO/USDT:USDT,0.06227,4355.0,0.06226,82.0,0.0624,6579.0,0.06241,317.0
1753531815397,12:10:15.397,BIO/USDT:USDT,0.06227,5158.0,0.06222,678.0,0.0624,6579.0,0.06241,317.0
1753531815416,12:10:15.416,BIO/USDT:USDT,0.06227,5158.0,0.06222,678.0,0.0624,6579.0,0.06241,317.0
1753531817076,12:10:17.076,BIO/USDT:USDT,0.06227,5240.0,0.06222,678.0,0.0624,6579.0,0.06241,317.0
1753531817276,12:10:17.276,BIO/USDT:USDT,0.06227,6043.0,0.06222,678.0,0.0624,6579.0,0.06241,317.0
1753531818612,12:10:18.612,BIO/USDT:USDT,0.06227,5240.0,0.06222,678.0,0.0624,6579.0,0.06241,317.0
1753531818616,12:10:18.616,BIO/USDT:USDT,0.06227,3634.0,0.06222,678.0,0.0624,6579.0,0.06241,317.0
1753531819522,12:10:19.522,BIO/USDT:USDT,0.06227,3634.0,0.06222,678.0,0.0624,6579.0,0.06241,317.0
1753531821096,12:10:21.096,BIO/USDT:USDT,0.06227,3634.0,0.06222,678.0,0.0624,6579.0,0.06242,1293.0
1753531821532,12:10:21.532,BIO/USDT:USDT,0.06227,3634.0,0.06222,678.0,0.0624,6579.0,0.06242,1293.0
1753531822173,12:10:22.173,BIO/USDT:USDT,0.06227,3634.0,0.06222,678.0,0.0624,6579.0,0.06242,1293.0
1753531822310,12:10:22.310,BIO/USDT:USDT,0.06227,3634.0,0.06222,678.0,0.0624,6579.0,0.06241,680.0
1753531822408,12:10:22.408,BIO/USDT:USDT,0.06227,3634.0,0.06222,678.0,0.0624,6579.0,0.06241,680.0
1753531822580,12:10:22.580,BIO/USDT:USDT,0.06227,3634.0,0.06222,678.0,0.0624,6579.0,0.06241,680.0
1753531823397,12:10:23.397,BIO/USDT:USDT,0.06227,3634.0,0.06222,678.0,0.0624,6579.0,0.06241,680.0
1753531824065,12:10:24.065,BIO/USDT:USDT,0.06227,3634.0,0.06222,678.0,0.0624,6579.0,0.06241,680.0
1753531824600,12:10:24.600,BIO/USDT:USDT,0.06227,4016.0,0.06222,678.0,0.0624,6579.0,0.06241,680.0
1753531825326,12:10:25.326,BIO/USDT:USDT,0.06227,5314.0,0.06222,678.0,0.0624,6579.0,0.06241,680.0
1753531825580,12:10:25.580,BIO/USDT:USDT,0.06227,5314.0,0.06222,678.0,0.0624,6579.0,0.06241,680.0
1753531825780,12:10:25.780,BIO/USDT:USDT,0.06227,1380.0,0.06222,678.0,0.0624,6579.0,0.06241,680.0
1753531825858,12:10:25.858,BIO/USDT:USDT,0.06227,2986.0,0.06222,678.0,0.0624,6579.0,0.06241,680.0
1753531826092,12:10:26.092,BIO/USDT:USDT,0.06227,2183.0,0.06222,678.0,0.0624,6579.0,0.06241,680.0
1753531827374,12:10:27.374,BIO/USDT:USDT,0.06227,4270.0,0.06222,678.0,0.0624,6579.0,0.06241,680.0
1753531828495,12:10:28.495,BIO/USDT:USDT,0.06227,2183.0,0.06222,678.0,0.0624,6579.0,0.06241,680.0
1753531829356,12:10:29.356,BIO/USDT:USDT,0.06227,2183.0,0.06222,678.0,0.0624,6579.0,0.06241,680.0
1753531829600,12:10:29.600,BIO/USDT:USDT,0.06227,2986.0,0.06222,678.0,0.0624,6579.0,0.06241,680.0
1753531829654,12:10:29.654,BIO/USDT:USDT,0.06227,2986.0,0.06222,678.0,0.0624,6579.0,0.06241,680.0
1753531830452,12:10:30.452,BIO/USDT:USDT,0.06227,3789.0,0.06222,678.0,0.0624,6579.0,0.06241,680.0
1753531830524,12:10:30.524,BIO/USDT:USDT,0.06227,2986.0,0.06222,678.0,0.0624,6579.0,0.06241,680.0
1753531831964,12:10:31.964,BIO/USDT:USDT,0.06227,2986.0,0.06222,678.0,0.0624,6579.0,0.06241,680.0
1753531832160,12:10:32.160,BIO/USDT:USDT,0.06227,5241.0,0.06222,678.0,0.0624,6579.0,0.06241,680.0
1753531832267,12:10:32.267,BIO/USDT:USDT,0.06227,5241.0,0.06222,678.0,0.0624,6579.0,0.06241,680.0
1753531832477,12:10:32.477,BIO/USDT:USDT,0.06227,3789.0,0.06222,678.0,0.0624,6579.0,0.06241,680.0
1753531832585,12:10:32.585,BIO/USDT:USDT,0.06227,4906.0,0.06222,678.0,0.0624,6579.0,0.06241,680.0
1753531832772,12:10:32.772,BIO/USDT:USDT,0.06227,2986.0,0.06222,678.0,0.0624,6579.0,0.06241,680.0
1753531832841,12:10:32.841,BIO/USDT:USDT,0.06227,3789.0,0.06222,678.0,0.0624,6579.0,0.06241,680.0
1753531832978,12:10:32.978,BIO/USDT:USDT,0.06227,2986.0,0.06222,678.0,0.0624,6579.0,0.06241,680.0
1753531833072,12:10:33.072,BIO/USDT:USDT,0.06227,3789.0,0.06222,678.0,0.0624,6579.0,0.06241,680.0
1753531833195,12:10:33.195,BIO/USDT:USDT,0.06227,4592.0,0.06222,678.0,0.0624,6579.0,0.06241,680.0
1753531833256,12:10:33.256,BIO/USDT:USDT,0.06227,3789.0,0.06222,678.0,0.0624,6579.0,0.06241,680.0
1753531834300,12:10:34.300,BIO/USDT:USDT,0.06227,3789.0,0.06222,678.0,0.0624,6579.0,0.06241,680.0
1753531837209,12:10:37.209,BIO/USDT:USDT,0.06227,1380.0,0.06222,678.0,0.0624,6579.0,0.06241,680.0
1753531837279,12:10:37.279,BIO/USDT:USDT,0.06227,1380.0,0.06222,678.0,0.0624,6579.0,0.06241,680.0
1753531837395,12:10:37.395,BIO/USDT:USDT,0.06227,1380.0,0.06222,678.0,0.0624,6579.0,0.06241,680.0
1753531838304,12:10:38.304,BIO/USDT:USDT,0.06227,1380.0,0.06222,678.0,0.0624,6579.0,0.06241,3879.0
1753531838320,12:10:38.320,BIO/USDT:USDT,0.06227,1380.0,0.06222,678.0,0.0624,6875.0,0.06241,3879.0
1753531838695,12:10:38.695,BIO/USDT:USDT,0.06227,1380.0,0.06222,678.0,0.0624,6875.0,0.06241,3879.0
1753531839123,12:10:39.123,BIO/USDT:USDT,0.06227,1380.0,0.06222,678.0,0.0624,6875.0,0.06241,3879.0
1753531839481,12:10:39.481,BIO/USDT:USDT,0.06227,82.0,0.06222,678.0,0.06239,991.0,0.0624,6875.0
1753531839550,12:10:39.550,BIO/USDT:USDT,0.06227,82.0,0.06222,678.0,0.06239,991.0,0.0624,6875.0
1753531839635,12:10:39.635,BIO/USDT:USDT,0.06227,82.0,0.06222,678.0,0.06239,991.0,0.0624,6875.0
1753531840062,12:10:40.062,BIO/USDT:USDT,0.06227,82.0,0.06222,678.0,0.06239,991.0,0.0624,6875.0
1753531840396,12:10:40.396,BIO/USDT:USDT,0.06227,82.0,0.06222,678.0,0.06239,991.0,0.0624,6875.0
1753531840864,12:10:40.864,BIO/USDT:USDT,0.06227,82.0,0.06222,678.0,0.06239,991.0,0.0624,6875.0
1753531840941,12:10:40.941,BIO/USDT:USDT,0.06227,82.0,0.06222,678.0,0.06239,991.0,0.0624,6875.0
1753531841058,12:10:41.058,BIO/USDT:USDT,0.06222,1298.0,0.06221,7272.0,0.06239,991.0,0.0624,6875.0
1753531841140,12:10:41.140,BIO/USDT:USDT,0.06222,3085.0,0.06221,7272.0,0.06239,991.0,0.0624,6875.0
1753531841235,12:10:41.235,BIO/USDT:USDT,0.06222,4871.0,0.06221,7272.0,0.06239,991.0,0.0624,6875.0
1753531841342,12:10:41.342,BIO/USDT:USDT,0.06222,6739.0,0.06221,7272.0,0.06239,991.0,0.0624,6875.0
1753531841682,12:10:41.682,BIO/USDT:USDT,0.06222,1381.0,0.06221,7272.0,0.06239,991.0,0.0624,6875.0
1753531841771,12:10:41.771,BIO/USDT:USDT,0.06222,1381.0,0.06221,7272.0,0.06239,991.0,0.0624,6875.0
1753531842461,12:10:42.461,BIO/USDT:USDT,0.06222,1381.0,0.06221,7272.0,0.06239,991.0,0.0624,6875.0
1753531842584,12:10:42.584,BIO/USDT:USDT,0.06222,2185.0,0.06221,7272.0,0.06239,991.0,0.0624,6875.0
1753531842647,12:10:42.647,BIO/USDT:USDT,0.06222,3793.0,0.06221,7272.0,0.06239,991.0,0.0624,6875.0
1753531842756,12:10:42.756,BIO/USDT:USDT,0.06222,5240.0,0.06221,7272.0,0.06239,991.0,0.0624,6875.0
1753531842878,12:10:42.878,BIO/USDT:USDT,0.06222,5240.0,0.06221,7272.0,0.06239,991.0,0.0624,6875.0
1753531843396,12:10:43.396,BIO/USDT:USDT,0.06222,5240.0,0.06221,7272.0,0.06239,991.0,0.0624,6875.0
1753531843902,12:10:43.902,BIO/USDT:USDT,0.06222,6044.0,0.06221,7272.0,0.06239,991.0,0.0624,6875.0
1753531844506,12:10:44.506,BIO/USDT:USDT,0.06223,674.0,0.06222,4664.0,0.06239,317.0,0.0624,6875.0
1753531844908,12:10:44.908,BIO/USDT:USDT,0.06223,674.0,0.06222,4664.0,0.06239,317.0,0.0624,6875.0
1753531844989,12:10:44.989,BIO/USDT:USDT,0.06223,1963.0,0.06222,4664.0,0.06239,317.0,0.0624,6875.0
1753531845036,12:10:45.036,BIO/USDT:USDT,0.06223,3252.0,0.06222,4664.0,0.06239,317.0,0.0624,6875.0
1753531845331,12:10:45.331,BIO/USDT:USDT,0.06223,3252.0,0.06222,4664.0,0.06239,317.0,0.0624,6875.0
1753531845711,12:10:45.711,BIO/USDT:USDT,0.06223,4541.0,0.06222,2252.0,0.06239,317.0,0.0624,6875.0
1753531845871,12:10:45.871,BIO/USDT:USDT,0.06223,6950.0,0.06222,805.0,0.06239,317.0,0.0624,6875.0
1753531846795,12:10:46.795,BIO/USDT:USDT,0.06223,6950.0,0.06222,805.0,0.06239,317.0,0.0624,6875.0
1753531846907,12:10:46.907,BIO/USDT:USDT,0.06224,674.0,0.06223,6950.0,0.06239,317.0,0.0624,6875.0
1753531846950,12:10:46.950,BIO/USDT:USDT,0.06224,674.0,0.06223,6950.0,0.06239,317.0,0.0624,6875.0
1753531847389,12:10:47.389,BIO/USDT:USDT,0.06224,674.0,0.06223,6950.0,0.06239,317.0,0.0624,6875.0
1753531847416,12:10:47.416,BIO/USDT:USDT,0.06224,2084.0,0.06223,6950.0,0.06239,317.0,0.0624,6875.0
1753531847520,12:10:47.520,BIO/USDT:USDT,0.06224,2085.0,0.06223,6950.0,0.06239,317.0,0.0624,6875.0
1753531848011,12:10:48.011,BIO/USDT:USDT,0.06224,2085.0,0.06223,5661.0,0.06239,317.0,0.0624,6875.0
1753531848102,12:10:48.102,BIO/USDT:USDT,0.06224,2084.0,0.06223,5662.0,0.06239,317.0,0.0624,6875.0
1753531848126,12:10:48.126,BIO/USDT:USDT,0.06224,3424.0,0.06223,4373.0,0.06239,317.0,0.0624,6875.0
1753531848813,12:10:48.813,BIO/USDT:USDT,0.06224,3424.0,0.06223,3084.0,0.06239,317.0,0.0624,6875.0
1753531848920,12:10:48.920,BIO/USDT:USDT,0.06224,3424.0,0.06223,3083.0,0.06239,317.0,0.0624,6875.0
1753531849426,12:10:49.426,BIO/USDT:USDT,0.06224,3424.0,0.06223,674.0,0.06239,317.0,0.0624,6875.0
1753531850318,12:10:50.318,BIO/USDT:USDT,0.06224,4483.0,0.06223,674.0,0.0624,7192.0,0.06241,3199.0
1753531850509,12:10:50.509,BIO/USDT:USDT,0.06224,6601.0,0.06223,674.0,0.0624,7192.0,0.06241,3199.0
1753531850515,12:10:50.515,BIO/USDT:USDT,0.06224,6683.0,0.06223,674.0,0.0624,7192.0,0.06241,3199.0
1753531851468,12:10:51.468,BIO/USDT:USDT,0.06224,6683.0,0.06223,674.0,0.0624,7192.0,0.06241,3199.0
1753531853875,12:10:53.875,BIO/USDT:USDT,0.06224,6683.0,0.06223,674.0,0.0624,7192.0,0.06241,3199.0
1753531855953,12:10:55.953,BIO/USDT:USDT,0.06224,6683.0,0.06223,674.0,0.0624,7192.0,0.06241,3199.0
1753531856312,12:10:56.312,BIO/USDT:USDT,0.06224,6683.0,0.06223,674.0,0.0624,7192.0,0.06241,3199.0
1753531856312,12:10:56.312,BIO/USDT:USDT,0.06224,6683.0,0.06223,674.0,0.0624,7192.0,0.06241,3199.0
1753531856709,12:10:56.709,BIO/USDT:USDT,0.06224,2362.0,0.06223,674.0,0.0624,7192.0,0.06241,3199.0
1753531856794,12:10:56.794,BIO/USDT:USDT,0.06224,3165.0,0.06223,674.0,0.0624,7192.0,0.06241,3199.0
1753531857020,12:10:57.020,BIO/USDT:USDT,0.06225,660.0,0.06224,3165.0,0.0624,7192.0,0.06241,3199.0
1753531857160,12:10:57.160,BIO/USDT:USDT,0.06225,660.0,0.06224,3083.0,0.0624,7192.0,0.06241,3199.0
1753531857228,12:10:57.228,BIO/USDT:USDT,0.06225,2324.0,0.06224,3083.0,0.0624,7192.0,0.06241,3199.0
1753531857379,12:10:57.379,BIO/USDT:USDT,0.06225,3127.0,0.06224,3083.0,0.0624,7192.0,0.06241,3199.0
1753531857599,12:10:57.599,BIO/USDT:USDT,0.06225,3127.0,0.06224,3083.0,0.0624,7192.0,0.06241,3199.0
1753531857976,12:10:57.976,BIO/USDT:USDT,0.06225,3127.0,0.06224,3083.0,0.0624,7192.0,0.06241,3199.0
1753531858192,12:10:58.192,BIO/USDT:USDT,0.06225,3127.0,0.06224,3083.0,0.0624,6875.0,0.06243,3516.0
1753531858219,12:10:58.219,BIO/USDT:USDT,0.06225,3127.0,0.06224,3083.0,0.0624,6579.0,0.06242,296.0
1753531858432,12:10:58.432,BIO/USDT:USDT,0.06225,4155.0,0.06224,3083.0,0.0624,6579.0,0.06241,317.0
1753531859285,12:10:59.285,BIO/USDT:USDT,0.06225,3930.0,0.06224,3083.0,0.0624,6579.0,0.06241,317.0
1753531859736,12:10:59.736,BIO/USDT:USDT,0.06225,3930.0,0.06224,1477.0,0.0624,6579.0,0.06241,317.0
1753531859938,12:10:59.938,BIO/USDT:USDT,0.06225,3930.0,0.06224,1477.0,0.0624,6579.0,0.06241,317.0
1753531860121,12:11:00.121,BIO/USDT:USDT,0.06225,3930.0,0.06224,674.0,0.0624,6579.0,0.06241,317.0
1753531860961,12:11:00.961,BIO/USDT:USDT,0.06225,3930.0,0.06224,674.0,0.0624,6579.0,0.06241,317.0
1753531861020,12:11:01.020,BIO/USDT:USDT,0.06225,3930.0,0.06224,674.0,0.0624,6579.0,0.06241,317.0
1753531861170,12:11:01.170,BIO/USDT:USDT,0.06225,3930.0,0.06224,674.0,0.0624,6579.0,0.06243,317.0
1753531861267,12:11:01.267,BIO/USDT:USDT,0.06225,3930.0,0.06224,674.0,0.0624,6579.0,0.06243,317.0
1753531861380,12:11:01.380,BIO/USDT:USDT,0.06226,663.0,0.06225,1601.0,0.0624,6579.0,0.06243,317.0
1753531861509,12:11:01.509,BIO/USDT:USDT,0.06226,3072.0,0.06225,798.0,0.0624,6579.0,0.06243,317.0
1753531861604,12:11:01.604,BIO/USDT:USDT,0.06226,3072.0,0.06225,798.0,0.0624,6579.0,0.06243,317.0
1753531861686,12:11:01.686,BIO/USDT:USDT,0.06226,3875.0,0.06225,798.0,0.0624,6579.0,0.06243,317.0
1753531862055,12:11:02.055,BIO/USDT:USDT,0.06226,3875.0,0.06225,798.0,0.06243,317.0,0.06244,960.0
1753531862223,12:11:02.223,BIO/USDT:USDT,0.06227,663.0,0.06226,3875.0,0.06243,317.0,0.06244,296.0
1753531862327,12:11:02.327,BIO/USDT:USDT,0.06227,2143.0,0.06226,3875.0,0.06243,317.0,0.06245,7539.0
1753531862504,12:11:02.504,BIO/USDT:USDT,0.06227,2143.0,0.06226,3875.0,0.06243,317.0,0.06245,7539.0
1753531862635,12:11:02.635,BIO/USDT:USDT,0.06227,2143.0,0.06226,3875.0,0.06243,317.0,0.06245,7539.0
1753531862875,12:11:02.875,BIO/USDT:USDT,0.06227,2143.0,0.06226,3875.0,0.06243,317.0,0.06245,7539.0
1753531862940,12:11:02.940,BIO/USDT:USDT,0.06227,2143.0,0.06226,3875.0,0.06243,317.0,0.06245,7539.0
1753531864354,12:11:04.354,BIO/USDT:USDT,0.06227,2143.0,0.06226,3875.0,0.06243,317.0,0.06245,7539.0
1753531864506,12:11:04.506,BIO/USDT:USDT,0.06227,2143.0,0.06226,1466.0,0.06243,317.0,0.06245,7539.0
1753531864539,12:11:04.539,BIO/USDT:USDT,0.06227,6016.0,0.06226,1466.0,0.06243,317.0,0.06245,7539.0
1753531864620,12:11:04.620,BIO/USDT:USDT,0.06227,6016.0,0.06226,1467.0,0.06243,317.0,0.06245,7539.0
1753531865327,12:11:05.327,BIO/USDT:USDT,0.06227,6819.0,0.06226,664.0,0.06243,317.0,0.06245,7539.0
1753531866483,12:11:06.483,BIO/USDT:USDT,0.06227,6819.0,0.06226,664.0,0.06243,317.0,0.06245,7539.0
1753531866519,12:11:06.519,BIO/USDT:USDT,0.06227,6819.0,0.06226,663.0,0.06243,317.0,0.06245,7539.0
1753531866916,12:11:06.916,BIO/USDT:USDT,0.06227,6819.0,0.06226,663.0,0.06243,317.0,0.06245,7539.0
1753531867231,12:11:07.231,BIO/USDT:USDT,0.06227,6967.0,0.06226,729.0,0.06231,1.0,0.06243,317.0
1753531867407,12:11:07.407,BIO/USDT:USDT,0.06227,6967.0,0.06226,729.0,0.06231,1.0,0.06243,317.0
1753531867416,12:11:07.416,BIO/USDT:USDT,0.06227,6967.0,0.06226,729.0,0.06243,317.0,0.06245,7539.0
1753531867828,12:11:07.828,BIO/USDT:USDT,0.06227,6967.0,0.06226,729.0,0.06243,317.0,0.06245,7539.0
1753531868246,12:11:08.246,BIO/USDT:USDT,0.06227,6967.0,0.06226,729.0,0.06243,317.0,0.06245,7539.0
1753531869460,12:11:09.460,BIO/USDT:USDT,0.06227,7770.0,0.06226,729.0,0.06243,317.0,0.06245,7539.0
1753531869519,12:11:09.519,BIO/USDT:USDT,0.06227,7771.0,0.06226,729.0,0.06243,317.0,0.06245,7539.0
1753531869863,12:11:09.863,BIO/USDT:USDT,0.06227,7771.0,0.06226,729.0,0.06243,317.0,0.06245,7539.0
1753531870300,12:11:10.300,BIO/USDT:USDT,0.06227,8574.0,0.06226,729.0,0.06243,317.0,0.06245,7539.0
1753531871207,12:11:11.207,BIO/USDT:USDT,0.06227,8574.0,0.06226,729.0,0.06243,317.0,0.06245,7539.0
1753531871481,12:11:11.481,BIO/USDT:USDT,0.06227,9147.0,0.06226,729.0,0.06243,317.0,0.06245,7539.0
1753531871608,12:11:11.608,BIO/USDT:USDT,0.06227,8574.0,0.06226,729.0,0.06243,317.0,0.06245,7539.0
1753531872181,12:11:12.181,BIO/USDT:USDT,0.06227,8574.0,0.06226,729.0,0.06244,317.0,0.06245,7539.0
1753531872302,12:11:12.302,BIO/USDT:USDT,0.06227,8574.0,0.06226,729.0,0.06244,317.0,0.06245,7539.0
1753531872610,12:11:12.610,BIO/USDT:USDT,0.06227,8574.0,0.06226,729.0,0.06244,317.0,0.06245,7539.0
1753531872720,12:11:12.720,BIO/USDT:USDT,0.06227,8574.0,0.06226,729.0,0.06244,317.0,0.06245,7243.0
1753531873210,12:11:13.210,BIO/USDT:USDT,0.06228,3078.0,0.06227,1533.0,0.06244,317.0,0.06245,7243.0
1753531873300,12:11:13.300,BIO/USDT:USDT,0.06228,4684.0,0.06227,1532.0,0.06244,317.0,0.06245,7243.0
1753531873328,12:11:13.328,BIO/USDT:USDT,0.06228,4684.0,0.06227,729.0,0.06244,317.0,0.06245,7243.0
1753531873536,12:11:13.536,BIO/USDT:USDT,0.06228,4684.0,0.06227,729.0,0.06244,317.0,0.06245,7243.0
1753531873644,12:11:13.644,BIO/USDT:USDT,0.06228,6290.0,0.06227,729.0,0.06244,317.0,0.06245,7243.0
1753531873787,12:11:13.787,BIO/USDT:USDT,0.06228,6290.0,0.06227,729.0,0.06244,317.0,0.06245,7243.0
1753531873820,12:11:13.820,BIO/USDT:USDT,0.06229,160.0,0.06228,6290.0,0.06244,317.0,0.06245,7243.0
1753531873920,12:11:13.920,BIO/USDT:USDT,0.06229,160.0,0.06228,6290.0,0.06244,317.0,0.06245,7243.0
1753531874356,12:11:14.356,BIO/USDT:USDT,0.06229,160.0,0.06228,6290.0,0.06244,317.0,0.06245,7243.0
1753531874503,12:11:14.503,BIO/USDT:USDT,0.06229,160.0,0.06228,6290.0,0.06244,317.0,0.06245,7243.0
1753531874770,12:11:14.770,BIO/USDT:USDT,0.06229,160.0,0.06228,6290.0,0.06244,317.0,0.06245,7243.0
1753531874826,12:11:14.826,BIO/USDT:USDT,0.06229,242.0,0.06228,6290.0,0.06244,317.0,0.06245,7243.0
1753531875003,12:11:15.003,BIO/USDT:USDT,0.06229,242.0,0.06228,6290.0,0.06244,317.0,0.06245,7243.0
1753531875019,12:11:15.019,BIO/USDT:USDT,0.06229,242.0,0.06228,6290.0,0.06244,317.0,0.06245,7243.0
1753531876035,12:11:16.035,BIO/USDT:USDT,0.06229,242.0,0.06228,6290.0,0.06244,317.0,0.06245,7243.0
1753531876134,12:11:16.134,BIO/USDT:USDT,0.06229,242.0,0.06228,6290.0,0.06244,317.0,0.06245,7243.0
1753531876257,12:11:16.257,BIO/USDT:USDT,0.06229,3086.0,0.06228,3078.0,0.06244,317.0,0.06245,7243.0
1753531876408,12:11:16.408,BIO/USDT:USDT,0.06229,3086.0,0.06228,2275.0,0.06244,317.0,0.06245,7243.0
1753531876426,12:11:16.426,BIO/USDT:USDT,0.06229,3086.0,0.06228,2275.0,0.06244,317.0,0.06245,7243.0
1753531876684,12:11:16.684,BIO/USDT:USDT,0.06229,3086.0,0.06228,669.0,0.06244,317.0,0.06245,7243.0
1753531876766,12:11:16.766,BIO/USDT:USDT,0.06229,3086.0,0.06228,669.0,0.06244,317.0,0.06245,7243.0
1753531877395,12:11:17.395,BIO/USDT:USDT,0.06229,3086.0,0.06228,669.0,0.06244,317.0,0.06245,7243.0
1753531877466,12:11:17.466,BIO/USDT:USDT,0.06229,3086.0,0.06228,669.0,0.06244,317.0,0.06245,7243.0
1753531877538,12:11:17.538,BIO/USDT:USDT,0.06229,4034.0,0.06228,669.0,0.06244,317.0,0.06245,7243.0
1753531877700,12:11:17.700,BIO/USDT:USDT,0.06229,4872.0,0.06228,669.0,0.06244,317.0,0.06245,7243.0
1753531877909,12:11:17.909,BIO/USDT:USDT,0.06229,4872.0,0.06228,669.0,0.06244,317.0,0.06245,7243.0
1753531878018,12:11:18.018,BIO/USDT:USDT,0.06229,4872.0,0.06228,669.0,0.06244,317.0,0.06245,7243.0
1753531878174,12:11:18.174,BIO/USDT:USDT,0.06229,4872.0,0.06228,669.0,0.06244,317.0,0.06245,7243.0
1753531879773,12:11:19.773,BIO/USDT:USDT,0.06229,5976.0,0.06228,669.0,0.06244,317.0,0.06245,7243.0
1753531879819,12:11:19.819,BIO/USDT:USDT,0.06229,5976.0,0.06228,669.0,0.06244,317.0,0.06245,7243.0
1753531880056,12:11:20.056,BIO/USDT:USDT,0.06229,7159.0,0.06228,669.0,0.06244,317.0,0.06245,7243.0
1753531880408,12:11:20.408,BIO/USDT:USDT,0.06229,7159.0,0.06228,669.0,0.06244,317.0,0.06245,7243.0
1753531880434,12:11:20.434,BIO/USDT:USDT,0.06229,7159.0,0.06228,669.0,0.06244,317.0,0.06245,7243.0
1753531880803,12:11:20.803,BIO/USDT:USDT,0.06229,7159.0,0.06228,669.0,0.06244,317.0,0.06245,7243.0
1753531880878,12:11:20.878,BIO/USDT:USDT,0.06229,7159.0,0.06228,669.0,0.06244,317.0,0.06245,7243.0
1753531881108,12:11:21.108,BIO/USDT:USDT,0.06229,7159.0,0.06228,669.0,0.06244,317.0,0.06245,7243.0
1753531881124,12:11:21.124,BIO/USDT:USDT,0.06229,7159.0,0.06228,669.0,0.06244,317.0,0.06245,7243.0
1753531881409,12:11:21.409,BIO/USDT:USDT,0.06229,7159.0,0.06228,669.0,0.06244,317.0,0.06245,7243.0
1753531885103,12:11:25.103,BIO/USDT:USDT,0.06229,1513.0,0.06228,669.0,0.06245,7560.0,0.06246,3083.0
1753531885165,12:11:25.165,BIO/USDT:USDT,0.06229,5515.0,0.06228,669.0,0.06245,7560.0,0.06246,3083.0
1753531885350,12:11:25.350,BIO/USDT:USDT,0.06229,6987.0,0.06228,669.0,0.06245,7560.0,0.06246,3083.0
1753531885419,12:11:25.419,BIO/USDT:USDT,0.06229,6987.0,0.06228,670.0,0.06245,7560.0,0.06246,3083.0
1753531885946,12:11:25.946,BIO/USDT:USDT,0.06229,6987.0,0.06228,670.0,0.06245,7560.0,0.06246,3083.0
1753531886447,12:11:26.447,BIO/USDT:USDT,0.06229,9565.0,0.06228,670.0,0.06245,7560.0,0.06246,3083.0
1753531886543,12:11:26.543,BIO/USDT:USDT,0.0623,1.0,0.06229,5253.0,0.06245,7560.0,0.06246,3083.0
1753531886690,12:11:26.690,BIO/USDT:USDT,0.06229,5335.0,0.06228,669.0,0.06245,7560.0,0.06246,3083.0
1753531886912,12:11:26.912,BIO/USDT:USDT,0.06229,5335.0,0.06228,669.0,0.06245,7560.0,0.06246,3083.0
1753531886942,12:11:26.942,BIO/USDT:USDT,0.06229,5335.0,0.06228,669.0,0.06245,7560.0,0.06246,3083.0
1753531887662,12:11:27.662,BIO/USDT:USDT,0.06229,9712.0,0.06228,669.0,0.06245,7560.0,0.06246,3083.0
1753531887720,12:11:27.720,BIO/USDT:USDT,0.0623,1.0,0.06229,9712.0,0.06245,7560.0,0.06246,3083.0
1753531887850,12:11:27.850,BIO/USDT:USDT,0.0623,1.0,0.06229,5335.0,0.06245,7560.0,0.06246,3083.0
1753531887935,12:11:27.935,BIO/USDT:USDT,0.06229,8176.0,0.06227,663.0,0.06245,7560.0,0.06246,3083.0
1753531888056,12:11:28.056,BIO/USDT:USDT,0.0623,1.0,0.06229,5335.0,0.06245,7560.0,0.06246,3083.0
1753531888125,12:11:28.125,BIO/USDT:USDT,0.06229,5335.0,0.06227,663.0,0.06245,7560.0,0.06246,3083.0
1753531888505,12:11:28.505,BIO/USDT:USDT,0.06229,8176.0,0.06227,663.0,0.06245,7560.0,0.06246,3083.0
1753531888572,12:11:28.572,BIO/USDT:USDT,0.0623,1299.0,0.06229,1534.0,0.06245,7560.0,0.06246,3083.0
1753531888678,12:11:28.678,BIO/USDT:USDT,0.0623,2627.0,0.06229,1534.0,0.06245,7560.0,0.06246,3083.0
1753531888887,12:11:28.887,BIO/USDT:USDT,0.0623,2627.0,0.06229,1534.0,0.06245,7560.0,0.06246,3083.0
1753531888979,12:11:28.979,BIO/USDT:USDT,0.0623,2627.0,0.06229,1534.0,0.06245,7560.0,0.06246,3083.0
1753531889636,12:11:29.636,BIO/USDT:USDT,0.0623,2627.0,0.06229,1534.0,0.06245,7560.0,0.06246,3083.0
1753531889715,12:11:29.715,BIO/USDT:USDT,0.0623,2627.0,0.06229,1534.0,0.06245,7560.0,0.06246,3083.0
1753531889852,12:11:29.852,BIO/USDT:USDT,0.0623,2627.0,0.06229,242.0,0.06245,7560.0,0.06246,3083.0
1753531889994,12:11:29.994,BIO/USDT:USDT,0.0623,2627.0,0.06229,160.0,0.06245,7560.0,0.06246,3083.0
1753531890218,12:11:30.218,BIO/USDT:USDT,0.0623,3976.0,0.06229,160.0,0.06245,7560.0,0.06246,3083.0
1753531890605,12:11:30.605,BIO/USDT:USDT,0.0623,3976.0,0.06229,160.0,0.06245,7560.0,0.06246,3083.0
1753531891763,12:11:31.763,BIO/USDT:USDT,0.0623,1298.0,0.06229,160.0,0.06244,658.0,0.06245,7560.0
1753531891869,12:11:31.869,BIO/USDT:USDT,0.0623,1298.0,0.06229,160.0,0.06243,658.0,0.06244,954.0
1753531891945,12:11:31.945,BIO/USDT:USDT,0.0623,1378.0,0.06229,160.0,0.06243,658.0,0.06244,954.0
1753531892228,12:11:32.228,BIO/USDT:USDT,0.0623,1378.0,0.06229,160.0,0.06243,658.0,0.06244,954.0
1753531892339,12:11:32.339,BIO/USDT:USDT,0.0623,1378.0,0.06229,160.0,0.06243,658.0,0.06244,954.0
1753531892683,12:11:32.683,BIO/USDT:USDT,0.0623,80.0,0.06229,160.0,0.06243,658.0,0.06244,954.0
1753531892802,12:11:32.802,BIO/USDT:USDT,0.0623,80.0,0.06229,160.0,0.06243,658.0,0.06244,954.0
1753531892835,12:11:32.835,BIO/USDT:USDT,0.0623,80.0,0.06229,160.0,0.06243,658.0,0.06244,954.0
1753531893060,12:11:33.060,BIO/USDT:USDT,0.0623,80.0,0.06229,160.0,0.06243,658.0,0.06244,1271.0
1753531893288,12:11:33.288,BIO/USDT:USDT,0.0623,80.0,0.06229,160.0,0.06243,658.0,0.06244,1271.0
1753531893507,12:11:33.507,BIO/USDT:USDT,0.06229,160.0,0.06223,6252.0,0.06243,658.0,0.06244,1271.0
1753531893575,12:11:33.575,BIO/USDT:USDT,0.06229,963.0,0.06223,6252.0,0.06243,658.0,0.06244,1271.0
1753531893688,12:11:33.688,BIO/USDT:USDT,0.06229,160.0,0.06223,6252.0,0.06243,658.0,0.06244,1271.0
1753531893796,12:11:33.796,BIO/USDT:USDT,0.06229,160.0,0.06223,6252.0,0.06243,658.0,0.06244,1271.0
1753531893876,12:11:33.876,BIO/USDT:USDT,0.06229,298.0,0.06223,6252.0,0.06243,658.0,0.06244,1271.0
1753531894209,12:11:34.209,BIO/USDT:USDT,0.06229,298.0,0.06223,6252.0,0.06242,658.0,0.06243,1138.0
1753531894293,12:11:34.293,BIO/USDT:USDT,0.06229,298.0,0.06223,6252.0,0.06242,658.0,0.06243,658.0
1753531894336,12:11:34.336,BIO/USDT:USDT,0.06229,298.0,0.06223,6252.0,0.06242,658.0,0.06243,658.0
1753531894582,12:11:34.582,BIO/USDT:USDT,0.06229,1337.0,0.06223,6252.0,0.06243,658.0,0.06244,1271.0
1753531894711,12:11:34.711,BIO/USDT:USDT,0.06229,1337.0,0.06223,6252.0,0.06243,658.0,0.06244,1271.0
1753531894756,12:11:34.756,BIO/USDT:USDT,0.06229,1337.0,0.06223,6252.0,0.06243,3857.0,0.06244,1271.0
1753531894853,12:11:34.853,BIO/USDT:USDT,0.06229,1337.0,0.06223,6252.0,0.06242,658.0,0.06243,3857.0
1753531894994,12:11:34.994,BIO/USDT:USDT,0.06229,1337.0,0.06223,6252.0,0.06242,658.0,0.06243,3857.0
1753531895208,12:11:35.208,BIO/USDT:USDT,0.06229,1337.0,0.06223,6252.0,0.06242,658.0,0.06243,3857.0
1753531895526,12:11:35.526,BIO/USDT:USDT,0.06229,1337.0,0.06223,6252.0,0.06242,658.0,0.06243,3857.0
1753531895823,12:11:35.823,BIO/USDT:USDT,0.06229,1337.0,0.06223,6252.0,0.06242,658.0,0.06243,3857.0
1753531896199,12:11:36.199,BIO/USDT:USDT,0.06229,1337.0,0.06224,658.0,0.06242,1339.0,0.06243,3857.0
1753531896221,12:11:36.221,BIO/USDT:USDT,0.06229,1337.0,0.06224,659.0,0.06242,1339.0,0.06243,3857.0
1753531896454,12:11:36.454,BIO/USDT:USDT,0.06229,1337.0,0.06224,659.0,0.06242,658.0,0.06243,3857.0
1753531896964,12:11:36.964,BIO/USDT:USDT,0.06229,1337.0,0.06225,6579.0,0.06242,658.0,0.06243,3857.0
1753531897074,12:11:37.074,BIO/USDT:USDT,0.06229,1337.0,0.06225,6579.0,0.06242,658.0,0.06243,3857.0
1753531897279,12:11:37.279,BIO/USDT:USDT,0.06229,1337.0,0.06225,6579.0,0.06242,658.0,0.06243,3857.0
1753531897546,12:11:37.546,BIO/USDT:USDT,0.06229,1337.0,0.06225,6579.0,0.06242,658.0,0.06243,3857.0
1753531897998,12:11:37.998,BIO/USDT:USDT,0.06229,1199.0,0.06225,6579.0,0.06242,658.0,0.06243,658.0
1753531898065,12:11:38.065,BIO/USDT:USDT,0.06229,1254.0,0.06225,6579.0,0.06243,658.0,0.06244,1271.0
1753531898281,12:11:38.281,BIO/USDT:USDT,0.06229,1254.0,0.06225,6579.0,0.06243,3857.0,0.06244,1271.0
1753531898364,12:11:38.364,BIO/USDT:USDT,0.06229,1254.0,0.06225,6579.0,0.06243,3857.0,0.06244,1271.0
1753531898447,12:11:38.447,BIO/USDT:USDT,0.06229,1254.0,0.06225,6579.0,0.06243,5490.0,0.06244,1271.0
1753531898581,12:11:38.581,BIO/USDT:USDT,0.06229,1254.0,0.06225,6579.0,0.06243,5490.0,0.06244,1271.0
1753531898744,12:11:38.744,BIO/USDT:USDT,0.06229,1254.0,0.06225,6579.0,0.06242,681.0,0.06243,5490.0
1753531898823,12:11:38.823,BIO/USDT:USDT,0.06229,1254.0,0.06225,6579.0,0.06242,681.0,0.06243,5490.0
1753531899245,12:11:39.245,BIO/USDT:USDT,0.06229,1254.0,0.06225,6579.0,0.06242,1161.0,0.06243,3857.0
1753531899397,12:11:39.397,BIO/USDT:USDT,0.06229,1254.0,0.06224,659.0,0.06242,1161.0,0.06243,3857.0
1753531899579,12:11:39.579,BIO/USDT:USDT,0.06229,1254.0,0.06224,659.0,0.06242,1161.0,0.06243,3857.0
1753531899746,12:11:39.746,BIO/USDT:USDT,0.06229,1254.0,0.06224,659.0,0.06242,1161.0,0.06243,3857.0
1753531902094,12:11:42.094,BIO/USDT:USDT,0.06229,1254.0,0.06224,659.0,0.06242,1161.0,0.06243,3857.0
1753531902479,12:11:42.479,BIO/USDT:USDT,0.06229,1254.0,0.06224,659.0,0.06242,1161.0,0.06243,3857.0
1753531902976,12:11:42.976,BIO/USDT:USDT,0.06229,1254.0,0.06224,659.0,0.06242,1639.0,0.06243,3857.0
1753531903484,12:11:43.484,BIO/USDT:USDT,0.06229,1254.0,0.06224,659.0,0.06241,681.0,0.06242,681.0
1753531903562,12:11:43.562,BIO/USDT:USDT,0.06229,1254.0,0.06224,659.0,0.06241,681.0,0.06242,681.0
1753531903687,12:11:43.687,BIO/USDT:USDT,0.06229,1254.0,0.06224,659.0,0.06242,1637.0,0.06243,3857.0
1753531903879,12:11:43.879,BIO/USDT:USDT,0.06229,1254.0,0.06224,659.0,0.06242,1637.0,0.06243,3857.0
1753531904470,12:11:44.470,BIO/USDT:USDT,0.06229,215.0,0.06224,659.0,0.06242,1637.0,0.06243,3857.0
1753531904582,12:11:44.582,BIO/USDT:USDT,0.06229,215.0,0.06224,658.0,0.06242,1637.0,0.06243,3857.0
1753531904925,12:11:44.925,BIO/USDT:USDT,0.06229,215.0,0.06224,658.0,0.06242,1637.0,0.06243,3857.0
1753531905851,12:11:45.851,BIO/USDT:USDT,0.06229,215.0,0.06224,658.0,0.06241,681.0,0.06242,1637.0
1753531905963,12:11:45.963,BIO/USDT:USDT,0.06229,215.0,0.06224,658.0,0.06241,681.0,0.06242,1637.0
1753531906296,12:11:46.296,BIO/USDT:USDT,0.06229,1018.0,0.06224,658.0,0.06241,681.0,0.06242,681.0
1753531906386,12:11:46.386,BIO/USDT:USDT,0.06229,1018.0,0.06224,658.0,0.06242,2.0,0.06243,658.0
1753531906556,12:11:46.556,BIO/USDT:USDT,0.06229,1018.0,0.06224,658.0,0.06242,2.0,0.06243,658.0
1753531906643,12:11:46.643,BIO/USDT:USDT,0.06229,1018.0,0.06224,658.0,0.06243,658.0,0.06244,1271.0
1753531906798,12:11:46.798,BIO/USDT:USDT,0.06229,1018.0,0.06224,658.0,0.06243,658.0,0.06244,1271.0
1753531906827,12:11:46.827,BIO/USDT:USDT,0.06229,1018.0,0.06224,658.0,0.06243,658.0,0.06244,1271.0
1753531907371,12:11:47.371,BIO/USDT:USDT,0.06229,1018.0,0.06224,658.0,0.06243,658.0,0.06244,1271.0
1753531907782,12:11:47.782,BIO/USDT:USDT,0.06229,1018.0,0.06224,658.0,0.06243,658.0,0.06244,1271.0
1753531910181,12:11:50.181,BIO/USDT:USDT,0.06229,1018.0,0.06226,664.0,0.06243,658.0,0.06244,1271.0
1753531910301,12:11:50.301,BIO/USDT:USDT,0.06229,1018.0,0.06226,665.0,0.06243,658.0,0.06244,1271.0
1753531910615,12:11:50.615,BIO/USDT:USDT,0.06229,1018.0,0.06226,665.0,0.06243,658.0,0.06244,1271.0
1753531911826,12:11:51.826,BIO/USDT:USDT,0.06229,215.0,0.06226,665.0,0.06243,658.0,0.06244,1271.0
1753531911919,12:11:51.919,BIO/USDT:USDT,0.06229,215.0,0.06226,664.0,0.06243,658.0,0.06244,1271.0
1753531912242,12:11:52.242,BIO/USDT:USDT,0.06229,215.0,0.06226,664.0,0.06243,658.0,0.06244,1271.0
1753531912509,12:11:52.509,BIO/USDT:USDT,0.06229,1018.0,0.06226,664.0,0.06243,658.0,0.06244,1271.0
1753531912679,12:11:52.679,BIO/USDT:USDT,0.06229,1018.0,0.06226,664.0,0.06243,658.0,0.06244,1271.0
1753531912755,12:11:52.755,BIO/USDT:USDT,0.06229,1018.0,0.06226,664.0,0.06243,658.0,0.06244,1271.0
1753531916028,12:11:56.028,BIO/USDT:USDT,0.06229,1018.0,0.06226,664.0,0.06243,658.0,0.06244,1271.0
1753531916138,12:11:56.138,BIO/USDT:USDT,0.06229,1018.0,0.06226,664.0,0.06243,658.0,0.06244,1271.0
1753531917622,12:11:57.622,BIO/USDT:USDT,0.06229,1020.0,0.06226,664.0,0.06243,658.0,0.06244,1271.0
1753531918041,12:11:58.041,BIO/USDT:USDT,0.06229,1825.0,0.06226,664.0,0.06243,658.0,0.06244,1271.0
1753531919111,12:11:59.111,BIO/USDT:USDT,0.06229,2628.0,0.06226,664.0,0.06243,658.0,0.06244,1271.0
1753531921497,12:12:01.497,BIO/USDT:USDT,0.06229,4149.0,0.06226,664.0,0.06243,658.0,0.06244,1271.0
1753531922653,12:12:02.653,BIO/USDT:USDT,0.06229,4149.0,0.06226,664.0,0.06243,658.0,0.06244,1271.0
1753531922762,12:12:02.762,BIO/USDT:USDT,0.06229,4149.0,0.06226,664.0,0.06243,658.0,0.06244,1271.0
1753531922975,12:12:02.975,BIO/USDT:USDT,0.06229,4149.0,0.06226,664.0,0.06243,658.0,0.06244,1271.0
1753531924562,12:12:04.562,BIO/USDT:USDT,0.06229,4149.0,0.06226,664.0,0.06243,658.0,0.06244,1271.0
1753531924838,12:12:04.838,BIO/USDT:USDT,0.06229,5755.0,0.06226,664.0,0.06243,658.0,0.06244,1271.0
1753531925034,12:12:05.034,BIO/USDT:USDT,0.06229,6558.0,0.06226,664.0,0.06243,658.0,0.06244,1271.0
1753531925313,12:12:05.313,BIO/USDT:USDT,0.06229,6558.0,0.06226,664.0,0.06243,658.0,0.06244,1271.0
1753531926711,12:12:06.711,BIO/USDT:USDT,0.0623,674.0,0.06229,6558.0,0.06244,613.0,0.06245,6579.0
1753531926773,12:12:06.773,BIO/USDT:USDT,0.0623,2434.0,0.06229,2569.0,0.06245,7192.0,0.06246,5576.0
1753531926899,12:12:06.899,BIO/USDT:USDT,0.0623,2516.0,0.06229,2569.0,0.06245,7192.0,0.06246,5576.0
1753531927108,12:12:07.108,BIO/USDT:USDT,0.06231,674.0,0.0623,2516.0,0.06245,7192.0,0.06246,5576.0
1753531927186,12:12:07.186,BIO/USDT:USDT,0.06231,674.0,0.0623,2516.0,0.06245,7192.0,0.06246,5576.0
1753531927459,12:12:07.459,BIO/USDT:USDT,0.06231,2427.0,0.0623,2516.0,0.06245,7192.0,0.06246,5576.0
1753531927519,12:12:07.519,BIO/USDT:USDT,0.06231,2427.0,0.0623,2516.0,0.06245,7192.0,0.06246,5576.0
1753531927684,12:12:07.684,BIO/USDT:USDT,0.06241,1.0,0.06231,674.0,0.06245,7258.0,0.06246,5642.0
1753531927785,12:12:07.785,BIO/USDT:USDT,0.06241,1.0,0.06231,674.0,0.06245,7258.0,0.06246,5642.0
1753531927901,12:12:07.901,BIO/USDT:USDT,0.06231,2276.0,0.0623,674.0,0.06245,7258.0,0.06246,5642.0
1753531928000,12:12:08.000,BIO/USDT:USDT,0.06231,2276.0,0.0623,674.0,0.06245,7258.0,0.06246,5642.0
1753531928064,12:12:08.064,BIO/USDT:USDT,0.06231,2276.0,0.0623,674.0,0.06245,7258.0,0.06246,5642.0
1753531928276,12:12:08.276,BIO/USDT:USDT,0.06231,3078.0,0.0623,674.0,0.06245,7258.0,0.06246,5642.0
1753531928482,12:12:08.482,BIO/USDT:USDT,0.06231,3078.0,0.0623,674.0,0.06245,7258.0,0.06246,5642.0
1753531928642,12:12:08.642,BIO/USDT:USDT,0.06231,3078.0,0.0623,674.0,0.06245,7258.0,0.06246,5642.0
1753531928715,12:12:08.715,BIO/USDT:USDT,0.06231,3078.0,0.0623,674.0,0.06245,7258.0,0.06246,5642.0
1753531929371,12:12:09.371,BIO/USDT:USDT,0.06231,3880.0,0.0623,674.0,0.06245,7258.0,0.06246,5642.0
1753531929703,12:12:09.703,BIO/USDT:USDT,0.06231,3880.0,0.0623,674.0,0.06245,7258.0,0.06246,5642.0
1753531929735,12:12:09.735,BIO/USDT:USDT,0.06231,3880.0,0.0623,674.0,0.06245,7258.0,0.06246,5642.0
1753531930083,12:12:10.083,BIO/USDT:USDT,0.06231,3078.0,0.0623,674.0,0.06245,7258.0,0.06246,5642.0
1753531930303,12:12:10.303,BIO/USDT:USDT,0.06231,3078.0,0.06229,160.0,0.06244,674.0,0.06245,7258.0
1753531930390,12:12:10.390,BIO/USDT:USDT,0.06231,1179.0,0.06229,160.0,0.06244,674.0,0.06245,7258.0
1753531930680,12:12:10.680,BIO/USDT:USDT,0.06231,82.0,0.06229,160.0,0.06244,674.0,0.06245,7258.0
1753531930802,12:12:10.802,BIO/USDT:USDT,0.06231,82.0,0.06229,160.0,0.06244,674.0,0.06245,7258.0
1753531930909,12:12:10.909,BIO/USDT:USDT,0.06231,82.0,0.06229,160.0,0.06244,674.0,0.06245,7258.0
1753531931343,12:12:11.343,BIO/USDT:USDT,0.06231,82.0,0.06229,160.0,0.06244,674.0,0.06245,7258.0
1753531931529,12:12:11.529,BIO/USDT:USDT,0.06231,82.0,0.06229,160.0,0.06244,674.0,0.06245,10463.0
1753531931995,12:12:11.995,BIO/USDT:USDT,0.06231,82.0,0.06229,160.0,0.06244,674.0,0.06245,10463.0
1753531932169,12:12:12.169,BIO/USDT:USDT,0.06231,82.0,0.06229,160.0,0.06244,674.0,0.06245,10463.0
1753531932326,12:12:12.326,BIO/USDT:USDT,0.06231,82.0,0.06229,160.0,0.06244,674.0,0.06245,10463.0
1753531932841,12:12:12.841,BIO/USDT:USDT,0.06231,82.0,0.06229,160.0,0.06244,674.0,0.06245,10463.0
1753531932916,12:12:12.916,BIO/USDT:USDT,0.06231,82.0,0.06229,160.0,0.06244,674.0,0.06245,10463.0
1753531933494,12:12:13.494,BIO/USDT:USDT,0.06229,160.0,0.06225,6580.0,0.06243,317.0,0.06244,674.0
1753531933602,12:12:13.602,BIO/USDT:USDT,0.06229,160.0,0.06225,6579.0,0.06241,674.0,0.06242,991.0
1753531933802,12:12:13.802,BIO/USDT:USDT,0.06229,160.0,0.06225,6579.0,0.06241,674.0,0.06242,991.0
1753531933864,12:12:13.864,BIO/USDT:USDT,0.06229,160.0,0.06225,6579.0,0.06241,674.0,0.06242,991.0
1753531933973,12:12:13.973,BIO/USDT:USDT,0.06229,160.0,0.06225,6579.0,0.06241,674.0,0.06242,991.0
1753531934190,12:12:14.190,BIO/USDT:USDT,0.06229,160.0,0.06225,6579.0,0.06241,674.0,0.06242,991.0
1753531934281,12:12:14.281,BIO/USDT:USDT,0.06229,160.0,0.06224,659.0,0.06241,674.0,0.06242,991.0
1753531934403,12:12:14.403,BIO/USDT:USDT,0.06229,232.0,0.06224,658.0,0.06241,674.0,0.06242,991.0
1753531934606,12:12:14.606,BIO/USDT:USDT,0.06229,1529.0,0.06224,658.0,0.06241,674.0,0.06242,991.0
1753531934619,12:12:14.619,BIO/USDT:USDT,0.06229,1529.0,0.06224,659.0,0.06241,674.0,0.06242,991.0
1753531934911,12:12:14.911,BIO/USDT:USDT,0.06229,1529.0,0.06224,659.0,0.06241,674.0,0.06242,991.0
1753531934912,12:12:14.912,BIO/USDT:USDT,0.06229,1529.0,0.06224,659.0,0.06241,674.0,0.06242,991.0
1753531935455,12:12:15.455,BIO/USDT:USDT,0.06229,1529.0,0.06224,659.0,0.06242,674.0,0.06243,317.0
1753531935546,12:12:15.546,BIO/USDT:USDT,0.06229,1529.0,0.06224,659.0,0.06242,674.0,0.06243,317.0
1753531935845,12:12:15.845,BIO/USDT:USDT,0.06229,1529.0,0.06224,659.0,0.06242,674.0,0.06243,317.0
1753531936661,12:12:16.661,BIO/USDT:USDT,0.06229,1529.0,0.06224,659.0,0.06242,674.0,0.06243,317.0
1753531936973,12:12:16.973,BIO/USDT:USDT,0.06229,1529.0,0.06224,659.0,0.06242,674.0,0.06243,317.0
1753531939907,12:12:19.907,BIO/USDT:USDT,0.06229,1529.0,0.06224,659.0,0.06242,674.0,0.06243,317.0
1753531940479,12:12:20.479,BIO/USDT:USDT,0.06229,232.0,0.06225,6579.0,0.06242,674.0,0.06243,317.0
1753531940576,12:12:20.576,BIO/USDT:USDT,0.06229,232.0,0.06225,6579.0,0.06242,674.0,0.06243,317.0
1753531940694,12:12:20.694,BIO/USDT:USDT,0.06229,1530.0,0.06225,6579.0,0.06242,674.0,0.06243,317.0
1753531940803,12:12:20.803,BIO/USDT:USDT,0.06229,1530.0,0.06227,687.0,0.06242,674.0,0.06244,991.0
1753531941175,12:12:21.175,BIO/USDT:USDT,0.06229,1530.0,0.06227,687.0,0.06242,674.0,0.06244,991.0
1753531941304,12:12:21.304,BIO/USDT:USDT,0.06229,1530.0,0.06227,687.0,0.06242,674.0,0.06244,991.0
1753531941364,12:12:21.364,BIO/USDT:USDT,0.06229,1530.0,0.06227,687.0,0.06242,674.0,0.06244,991.0
1753531941497,12:12:21.497,BIO/USDT:USDT,0.06229,1530.0,0.06227,687.0,0.06242,674.0,0.06244,991.0
1753531941677,12:12:21.677,BIO/USDT:USDT,0.06229,3568.0,0.06227,687.0,0.06242,674.0,0.06244,991.0
1753531943037,12:12:23.037,BIO/USDT:USDT,0.06229,3568.0,0.06227,687.0,0.06242,674.0,0.06244,991.0
1753531943430,12:12:23.430,BIO/USDT:USDT,0.06229,3568.0,0.06227,687.0,0.06242,674.0,0.06244,991.0
1753531943798,12:12:23.798,BIO/USDT:USDT,0.06229,3568.0,0.06227,687.0,0.06242,674.0,0.06244,991.0
1753531944178,12:12:24.178,BIO/USDT:USDT,0.06229,6380.0,0.06227,687.0,0.06244,991.0,0.06245,6875.0
1753531944340,12:12:24.340,BIO/USDT:USDT,0.06229,3568.0,0.06227,687.0,0.06244,991.0,0.06245,6875.0
1753531944889,12:12:24.889,BIO/USDT:USDT,0.06229,1530.0,0.06227,687.0,0.06244,991.0,0.06245,6875.0
1753531944976,12:12:24.976,BIO/USDT:USDT,0.06229,1530.0,0.06227,687.0,0.06244,991.0,0.06245,6875.0
1753531945477,12:12:25.477,BIO/USDT:USDT,0.0623,1985.0,0.06229,160.0,0.06245,6875.0,0.06246,5893.0
1753531945609,12:12:25.609,BIO/USDT:USDT,0.06231,687.0,0.0623,1985.0,0.06245,6875.0,0.06246,5893.0
1753531945960,12:12:25.960,BIO/USDT:USDT,0.06231,687.0,0.0623,1985.0,0.06245,6875.0,0.06246,5893.0
1753531946379,12:12:26.379,BIO/USDT:USDT,0.06231,687.0,0.0623,1985.0,0.06245,6875.0,0.06246,5893.0
1753531946579,12:12:26.579,BIO/USDT:USDT,0.06231,2879.0,0.0623,1985.0,0.06245,6875.0,0.06246,5893.0
1753531946666,12:12:26.666,BIO/USDT:USDT,0.06231,687.0,0.0623,1985.0,0.06245,6875.0,0.06246,5893.0
1753531946797,12:12:26.797,BIO/USDT:USDT,0.06231,687.0,0.0623,1985.0,0.06245,6875.0,0.06246,5893.0
1753531946867,12:12:26.867,BIO/USDT:USDT,0.06231,687.0,0.0623,1985.0,0.06245,6875.0,0.06246,5893.0
1753531946970,12:12:26.970,BIO/USDT:USDT,0.06231,769.0,0.0623,1985.0,0.06245,6875.0,0.06246,5893.0
1753531948467,12:12:28.467,BIO/USDT:USDT,0.06231,769.0,0.0623,687.0,0.06245,6875.0,0.06246,5893.0
1753531948654,12:12:28.654,BIO/USDT:USDT,0.06231,1571.0,0.0623,687.0,0.06245,6875.0,0.06246,5893.0
1753531948999,12:12:28.999,BIO/USDT:USDT,0.06231,3175.0,0.0623,687.0,0.06245,6875.0,0.06246,5893.0
1753531950234,12:12:30.234,BIO/USDT:USDT,0.06231,3977.0,0.0623,687.0,0.06245,6875.0,0.06246,5893.0
1753531951083,12:12:31.083,BIO/USDT:USDT,0.06231,6286.0,0.0623,687.0,0.06245,6875.0,0.06246,5893.0
1753531951205,12:12:31.205,BIO/USDT:USDT,0.06231,3977.0,0.0623,687.0,0.06245,6875.0,0.06246,5893.0
1753531954098,12:12:34.098,BIO/USDT:USDT,0.06231,7013.0,0.0623,687.0,0.06245,6875.0,0.06246,5893.0
1753531954178,12:12:34.178,BIO/USDT:USDT,0.06231,4779.0,0.0623,687.0,0.06245,6875.0,0.06246,5893.0
1753531954219,12:12:34.219,BIO/USDT:USDT,0.06231,4779.0,0.0623,687.0,0.06245,6875.0,0.06246,5893.0
1753531954383,12:12:34.383,BIO/USDT:USDT,0.06231,9234.0,0.0623,687.0,0.06245,6875.0,0.06246,5893.0
1753531954471,12:12:34.471,BIO/USDT:USDT,0.06232,1746.0,0.06231,687.0,0.06245,6875.0,0.06246,5893.0
1753531954519,12:12:34.519,BIO/USDT:USDT,0.06232,1745.0,0.06231,687.0,0.06245,6875.0,0.06246,5893.0
1753531954683,12:12:34.683,BIO/USDT:USDT,0.06232,2547.0,0.06231,687.0,0.06245,6875.0,0.06246,5893.0
1753531954904,12:12:34.904,BIO/USDT:USDT,0.06232,141.0,0.06231,687.0,0.06245,6875.0,0.06246,5893.0
1753531955668,12:12:35.668,BIO/USDT:USDT,0.06232,141.0,0.06231,687.0,0.06245,6875.0,0.06246,5893.0
1753531956083,12:12:36.083,BIO/USDT:USDT,0.06232,141.0,0.06231,687.0,0.06245,6875.0,0.06246,5893.0
1753531956277,12:12:36.277,BIO/USDT:USDT,0.06232,141.0,0.0623,687.0,0.06245,6875.0,0.06246,5893.0
1753531956541,12:12:36.541,BIO/USDT:USDT,0.06232,1102.0,0.0623,687.0,0.06245,6875.0,0.06246,5893.0
1753531956731,12:12:36.731,BIO/USDT:USDT,0.06232,141.0,0.0623,687.0,0.06245,6875.0,0.06246,5893.0
1753531956941,12:12:36.941,BIO/USDT:USDT,0.06232,141.0,0.0623,687.0,0.06245,6875.0,0.06246,5893.0
1753531957760,12:12:37.760,BIO/USDT:USDT,0.06232,141.0,0.0623,687.0,0.06245,6875.0,0.06246,5893.0
1753531957967,12:12:37.967,BIO/USDT:USDT,0.0623,1590.0,0.06229,160.0,0.06245,6875.0,0.06246,5893.0
1753531958107,12:12:38.107,BIO/USDT:USDT,0.0623,2548.0,0.06229,160.0,0.06245,6875.0,0.06246,5893.0
1753531958187,12:12:38.187,BIO/USDT:USDT,0.0623,2548.0,0.06229,160.0,0.06245,6875.0,0.06246,5893.0
1753531958522,12:12:38.522,BIO/USDT:USDT,0.0623,2548.0,0.06229,160.0,0.06245,6875.0,0.06246,5893.0
1753531961795,12:12:41.795,BIO/USDT:USDT,0.0623,2548.0,0.06229,160.0,0.06245,6875.0,0.06246,5893.0
1753531962152,12:12:42.152,BIO/USDT:USDT,0.0623,2548.0,0.06229,160.0,0.06245,6875.0,0.06246,5893.0
1753531962501,12:12:42.501,BIO/USDT:USDT,0.0623,1645.0,0.06229,160.0,0.06245,6875.0,0.06246,5893.0
1753531962595,12:12:42.595,BIO/USDT:USDT,0.0623,1645.0,0.06229,160.0,0.06245,6875.0,0.06246,5893.0
1753531962698,12:12:42.698,BIO/USDT:USDT,0.0623,1645.0,0.06229,160.0,0.06245,6875.0,0.06246,5893.0
1753531962854,12:12:42.854,BIO/USDT:USDT,0.0623,1645.0,0.06229,160.0,0.06245,6875.0,0.06246,5893.0
1753531965609,12:12:45.609,BIO/USDT:USDT,0.0623,3675.0,0.06229,160.0,0.06245,6875.0,0.06246,5893.0
1753531965613,12:12:45.613,BIO/USDT:USDT,0.0623,3675.0,0.06229,160.0,0.06245,6875.0,0.06246,5893.0
1753531966556,12:12:46.556,BIO/USDT:USDT,0.0623,1645.0,0.06229,160.0,0.06245,6875.0,0.06246,5893.0
1753531968260,12:12:48.260,BIO/USDT:USDT,0.0623,1645.0,0.06229,160.0,0.06245,6875.0,0.06246,5893.0
1753531969489,12:12:49.489,BIO/USDT:USDT,0.0623,1645.0,0.06229,160.0,0.06245,6875.0,0.06246,5893.0
1753531970696,12:12:50.696,BIO/USDT:USDT,0.0623,1645.0,0.06229,160.0,0.06245,6875.0,0.06246,5893.0
1753531971263,12:12:51.263,BIO/USDT:USDT,0.0623,1645.0,0.06229,160.0,0.06245,6875.0,0.06246,5893.0
1753531971810,12:12:51.810,BIO/USDT:USDT,0.0623,687.0,0.06229,160.0,0.06245,6875.0,0.06246,5893.0
1753531971817,12:12:51.817,BIO/USDT:USDT,0.0623,1985.0,0.06229,160.0,0.06245,6875.0,0.06246,5893.0
1753531972210,12:12:52.210,BIO/USDT:USDT,0.0623,1985.0,0.06229,160.0,0.06245,6875.0,0.06246,5893.0
1753531972643,12:12:52.643,BIO/USDT:USDT,0.0623,1985.0,0.06229,160.0,0.06245,6875.0,0.06246,5893.0
1753531973425,12:12:53.425,BIO/USDT:USDT,0.0623,1985.0,0.06229,160.0,0.06245,6875.0,0.06246,5893.0
1753531975707,12:12:55.707,BIO/USDT:USDT,0.06231,6880.0,0.0623,16981.0,0.06245,6875.0,0.06246,5893.0
1753531975722,12:12:55.722,BIO/USDT:USDT,0.06231,6881.0,0.0623,16981.0,0.06245,6875.0,0.06246,5893.0
1753531975909,12:12:55.909,BIO/USDT:USDT,0.06231,10370.0,0.0623,16981.0,0.06245,6875.0,0.06246,5893.0
1753531975914,12:12:55.914,BIO/USDT:USDT,0.06231,10370.0,0.0623,16981.0,0.06245,6875.0,0.06246,5893.0
1753531976352,12:12:56.352,BIO/USDT:USDT,0.06231,10370.0,0.0623,16981.0,0.06245,6875.0,0.06246,5893.0
1753531980110,12:13:00.110,BIO/USDT:USDT,0.06231,10370.0,0.0623,687.0,0.06245,6875.0,0.06246,5893.0
1753531980115,12:13:00.115,BIO/USDT:USDT,0.06231,6979.0,0.0623,687.0,0.06245,6875.0,0.06246,5893.0
1753531980309,12:13:00.309,BIO/USDT:USDT,0.06231,10834.0,0.0623,687.0,0.06245,6875.0,0.06246,5893.0
1753531980396,12:13:00.396,BIO/USDT:USDT,0.06232,1.0,0.0623,687.0,0.06245,6875.0,0.06246,5893.0
1753531980488,12:13:00.488,BIO/USDT:USDT,0.06232,5157.0,0.0623,687.0,0.06245,6875.0,0.06246,5893.0
1753531980843,12:13:00.843,BIO/USDT:USDT,0.06232,5157.0,0.0623,687.0,0.06245,6875.0,0.06246,5893.0
1753531981539,12:13:01.539,BIO/USDT:USDT,0.06232,2864.0,0.0623,687.0,0.06245,6875.0,0.06246,5893.0
1753531981637,12:13:01.637,BIO/USDT:USDT,0.06232,2864.0,0.0623,687.0,0.06245,6875.0,0.06246,5893.0
1753531982325,12:13:02.325,BIO/USDT:USDT,0.06232,2946.0,0.0623,687.0,0.06245,6875.0,0.06246,5893.0
1753531982608,12:13:02.608,BIO/USDT:USDT,0.06232,1380.0,0.0623,687.0,0.06245,6875.0,0.06246,5893.0
1753531984865,12:13:04.865,BIO/USDT:USDT,0.06232,1380.0,0.0623,687.0,0.06245,6875.0,0.06246,5893.0
1753531985326,12:13:05.326,BIO/USDT:USDT,0.06232,3515.0,0.0623,687.0,0.06245,6875.0,0.06246,5893.0
1753531985698,12:13:05.698,BIO/USDT:USDT,0.06232,3515.0,0.0623,687.0,0.06245,6875.0,0.06246,5576.0
1753531985795,12:13:05.795,BIO/USDT:USDT,0.06232,8989.0,0.0623,687.0,0.06245,6875.0,0.06246,5576.0
1753531985825,12:13:05.825,BIO/USDT:USDT,0.06233,1.0,0.06232,8989.0,0.06245,6875.0,0.06246,5576.0
1753531986308,12:13:06.308,BIO/USDT:USDT,0.06233,1.0,0.06232,2135.0,0.06245,6875.0,0.06246,5576.0
1753531986335,12:13:06.335,BIO/USDT:USDT,0.06233,210.0,0.06232,2135.0,0.06245,6875.0,0.06246,5576.0
1753531986487,12:13:06.487,BIO/USDT:USDT,0.06233,210.0,0.06232,2135.0,0.06245,6875.0,0.06246,5576.0
1753531986767,12:13:06.767,BIO/USDT:USDT,0.06233,210.0,0.06232,2135.0,0.06245,6875.0,0.06246,5576.0
1753531986897,12:13:06.897,BIO/USDT:USDT,0.06233,210.0,0.06232,2135.0,0.06245,6875.0,0.06246,5576.0
1753531986948,12:13:06.948,BIO/USDT:USDT,0.06233,1508.0,0.06232,2135.0,0.06245,6875.0,0.06246,5576.0
1753531987141,12:13:07.141,BIO/USDT:USDT,0.06233,1508.0,0.06232,2135.0,0.06245,6875.0,0.06246,5576.0
1753531987335,12:13:07.335,BIO/USDT:USDT,0.06233,1508.0,0.06232,2135.0,0.06245,6875.0,0.06246,5576.0
1753531988227,12:13:08.227,BIO/USDT:USDT,0.06238,1.0,0.0623,687.0,0.06245,6941.0,0.06246,5642.0
1753531988374,12:13:08.374,BIO/USDT:USDT,0.06231,660.0,0.0623,890.0,0.06245,6941.0,0.06246,5642.0
1753531988611,12:13:08.611,BIO/USDT:USDT,0.06231,660.0,0.0623,890.0,0.06245,6941.0,0.06246,5642.0
1753531989356,12:13:09.356,BIO/USDT:USDT,0.06231,660.0,0.0623,890.0,0.06245,6941.0,0.06246,5642.0
1753531989595,12:13:09.595,BIO/USDT:USDT,0.06232,660.0,0.06231,1958.0,0.06245,362.0,0.06246,5642.0
1753531989711,12:13:09.711,BIO/USDT:USDT,0.06233,660.0,0.06232,3002.0,0.06245,33.0,0.06246,5905.0
1753531989776,12:13:09.776,BIO/USDT:USDT,0.06233,660.0,0.06232,3002.0,0.06245,33.0,0.06246,5905.0
1753531989884,12:13:09.884,BIO/USDT:USDT,0.06233,660.0,0.06232,3002.0,0.06245,33.0,0.06246,329.0
1753531989943,12:13:09.943,BIO/USDT:USDT,0.06233,660.0,0.06232,3002.0,0.06245,33.0,0.06246,33.0
1753531990077,12:13:10.077,BIO/USDT:USDT,0.06233,660.0,0.06232,3002.0,0.06245,33.0,0.06246,33.0
1753531990442,12:13:10.442,BIO/USDT:USDT,0.06233,660.0,0.06232,3002.0,0.06245,33.0,0.06246,33.0
1753531990596,12:13:10.596,BIO/USDT:USDT,0.06233,660.0,0.06232,3002.0,0.06245,33.0,0.06246,33.0
1753531990621,12:13:10.621,BIO/USDT:USDT,0.06233,660.0,0.06232,3002.0,0.06245,33.0,0.06246,33.0
1753531991012,12:13:11.012,BIO/USDT:USDT,0.06233,660.0,0.06232,3002.0,0.06245,33.0,0.06246,33.0
1753531991654,12:13:11.654,BIO/USDT:USDT,0.06233,660.0,0.06232,3002.0,0.06245,33.0,0.06246,33.0
1753531991815,12:13:11.815,BIO/USDT:USDT,0.06233,2035.0,0.06232,3002.0,0.06245,33.0,0.06246,33.0
1753531992381,12:13:12.381,BIO/USDT:USDT,0.06233,2035.0,0.06232,3002.0,0.06245,33.0,0.06246,33.0
1753531992474,12:13:12.474,BIO/USDT:USDT,0.06233,2035.0,0.06232,3002.0,0.06245,33.0,0.06246,33.0
1753531992631,12:13:12.631,BIO/USDT:USDT,0.06233,2035.0,0.06232,3002.0,0.06245,33.0,0.06246,33.0
1753531993137,12:13:13.137,BIO/USDT:USDT,0.06233,2035.0,0.06232,2920.0,0.06245,33.0,0.06246,33.0
1753531993392,12:13:13.392,BIO/USDT:USDT,0.06233,3241.0,0.06232,1790.0,0.06245,33.0,0.06246,33.0
1753531993660,12:13:13.660,BIO/USDT:USDT,0.06233,5647.0,0.06232,660.0,0.06245,33.0,0.06246,33.0
1753531994501,12:13:14.501,BIO/USDT:USDT,0.06233,6595.0,0.06232,660.0,0.06245,33.0,0.06246,33.0
1753531994566,12:13:14.566,BIO/USDT:USDT,0.06233,6595.0,0.06232,660.0,0.06245,33.0,0.06246,33.0
1753531994770,12:13:14.770,BIO/USDT:USDT,0.06233,6449.0,0.06232,660.0,0.06245,33.0,0.06246,33.0
1753531996170,12:13:16.170,BIO/USDT:USDT,0.06233,6449.0,0.06232,660.0,0.06245,33.0,0.06246,33.0
1753531996296,12:13:16.296,BIO/USDT:USDT,0.06233,6449.0,0.06232,660.0,0.06245,33.0,0.06246,33.0
1753531996787,12:13:16.787,BIO/USDT:USDT,0.06233,2837.0,0.06232,660.0,0.06245,693.0,0.06246,33.0
1753531996831,12:13:16.831,BIO/USDT:USDT,0.06233,2951.0,0.06232,660.0,0.06245,693.0,0.06246,33.0
1753531996986,12:13:16.986,BIO/USDT:USDT,0.06233,2951.0,0.06231,660.0,0.06245,693.0,0.06246,33.0
1753531997466,12:13:17.466,BIO/USDT:USDT,0.06233,2951.0,0.06231,660.0,0.06245,693.0,0.06246,33.0
1753531997562,12:13:17.562,BIO/USDT:USDT,0.06233,2951.0,0.06231,660.0,0.06245,693.0,0.06246,33.0
1753531997664,12:13:17.664,BIO/USDT:USDT,0.06233,2951.0,0.06231,660.0,0.06245,693.0,0.06246,33.0
1753531997879,12:13:17.879,BIO/USDT:USDT,0.06233,2951.0,0.06231,660.0,0.06245,693.0,0.06246,33.0
1753531998695,12:13:18.695,BIO/USDT:USDT,0.06233,2951.0,0.06231,660.0,0.06245,693.0,0.06246,33.0
1753531999145,12:13:19.145,BIO/USDT:USDT,0.06233,2951.0,0.0623,687.0,0.06245,693.0,0.06246,33.0
1753531999514,12:13:19.514,BIO/USDT:USDT,0.06233,2951.0,0.0623,687.0,0.06245,693.0,0.06246,33.0
1753531999951,12:13:19.951,BIO/USDT:USDT,0.06233,2951.0,0.0623,687.0,0.06245,693.0,0.06246,33.0
1753532000777,12:13:20.777,BIO/USDT:USDT,0.06233,4555.0,0.0623,687.0,0.06245,693.0,0.06246,33.0
1753532000831,12:13:20.831,BIO/USDT:USDT,0.06233,2951.0,0.0623,687.0,0.06245,693.0,0.06246,33.0
1753532001198,12:13:21.198,BIO/USDT:USDT,0.06233,2951.0,0.0623,687.0,0.06245,693.0,0.06246,33.0
1753532001246,12:13:21.246,BIO/USDT:USDT,0.06233,2951.0,0.0623,688.0,0.06245,693.0,0.06246,33.0
1753532003111,12:13:23.111,BIO/USDT:USDT,0.06233,916.0,0.0623,688.0,0.06244,670.0,0.06245,693.0
1753532003205,12:13:23.205,BIO/USDT:USDT,0.06233,916.0,0.0623,688.0,0.06244,670.0,0.06245,693.0
1753532003252,12:13:23.252,BIO/USDT:USDT,0.06233,916.0,0.0623,688.0,0.06244,670.0,0.06245,693.0
1753532003411,12:13:23.411,BIO/USDT:USDT,0.06233,916.0,0.0623,688.0,0.06244,670.0,0.06245,693.0
1753532003563,12:13:23.563,BIO/USDT:USDT,0.06233,916.0,0.0623,688.0,0.06244,670.0,0.06245,693.0
1753532003660,12:13:23.660,BIO/USDT:USDT,0.06233,916.0,0.0623,688.0,0.06244,670.0,0.06245,693.0
1753532003868,12:13:23.868,BIO/USDT:USDT,0.06233,916.0,0.0623,687.0,0.06244,670.0,0.06245,693.0
1753532004961,12:13:24.961,BIO/USDT:USDT,0.06233,916.0,0.0623,687.0,0.06244,670.0,0.06245,693.0
1753532005654,12:13:25.654,BIO/USDT:USDT,0.06233,916.0,0.0623,687.0,0.06244,670.0,0.06245,693.0
1753532005925,12:13:25.925,BIO/USDT:USDT,0.06233,916.0,0.0623,687.0,0.06244,670.0,0.06245,693.0
1753532007984,12:13:27.984,BIO/USDT:USDT,0.06233,114.0,0.0623,687.0,0.06244,670.0,0.06245,1010.0
1753532008263,12:13:28.263,BIO/USDT:USDT,0.06233,1411.0,0.0623,687.0,0.06244,670.0,0.06245,693.0
1753532008480,12:13:28.480,BIO/USDT:USDT,0.06233,1411.0,0.0623,687.0,0.06244,670.0,0.06245,693.0
1753532009698,12:13:29.698,BIO/USDT:USDT,0.06233,1411.0,0.0623,687.0,0.06244,670.0,0.06245,693.0
1753532010886,12:13:30.886,BIO/USDT:USDT,0.06233,1411.0,0.0623,687.0,0.06244,670.0,0.06245,693.0
1753532011085,12:13:31.085,BIO/USDT:USDT,0.06233,114.0,0.0623,687.0,0.06244,670.0,0.06245,7272.0
1753532011126,12:13:31.126,BIO/USDT:USDT,0.06233,114.0,0.0623,687.0,0.06244,670.0,0.06245,7885.0
1753532011362,12:13:31.362,BIO/USDT:USDT,0.06233,114.0,0.0623,687.0,0.06244,670.0,0.06245,7885.0
1753532011475,12:13:31.475,BIO/USDT:USDT,0.06229,160.0,0.06228,5568.0,0.06244,670.0,0.06245,7885.0
1753532011804,12:13:31.804,BIO/USDT:USDT,0.06229,160.0,0.06227,2789.0,0.06244,670.0,0.06245,7885.0
1753532011904,12:13:31.904,BIO/USDT:USDT,0.06229,160.0,0.06227,5579.0,0.06244,670.0,0.06245,7885.0
1753532011966,12:13:31.966,BIO/USDT:USDT,0.06229,160.0,0.06227,5579.0,0.06244,670.0,0.06245,7885.0
1753532012198,12:13:32.198,BIO/USDT:USDT,0.06229,160.0,0.06227,5579.0,0.06244,670.0,0.06245,7885.0
1753532012303,12:13:32.303,BIO/USDT:USDT,0.06229,160.0,0.06226,5580.0,0.06242,988.0,0.06244,670.0
1753532012316,12:13:32.316,BIO/USDT:USDT,0.06229,160.0,0.06226,5580.0,0.06241,671.0,0.06242,988.0
1753532012575,12:13:32.575,BIO/USDT:USDT,0.06229,160.0,0.06226,5580.0,0.06241,671.0,0.06242,988.0
1753532013108,12:13:33.108,BIO/USDT:USDT,0.06229,160.0,0.06223,675.0,0.06241,671.0,0.06242,988.0
1753532013154,12:13:33.154,BIO/USDT:USDT,0.06229,160.0,0.06223,675.0,0.0624,317.0,0.06241,671.0
1753532013293,12:13:33.293,BIO/USDT:USDT,0.06229,160.0,0.06223,675.0,0.06239,671.0,0.0624,317.0
1753532013403,12:13:33.403,BIO/USDT:USDT,0.06229,160.0,0.06223,675.0,0.06239,671.0,0.0624,317.0
1753532013695,12:13:33.695,BIO/USDT:USDT,0.06229,160.0,0.06223,675.0,0.06239,671.0,0.0624,6896.0
1753532013808,12:13:33.808,BIO/USDT:USDT,0.06229,160.0,0.06225,2791.0,0.06239,671.0,0.0624,7192.0
1753532014087,12:13:34.087,BIO/USDT:USDT,0.06229,160.0,0.06225,2791.0,0.06239,671.0,0.0624,7192.0
1753532014566,12:13:34.566,BIO/USDT:USDT,0.06229,160.0,0.06225,2791.0,0.06239,671.0,0.0624,7192.0
1753532014703,12:13:34.703,BIO/USDT:USDT,0.06229,160.0,0.06226,671.0,0.06239,671.0,0.0624,6875.0
1753532015445,12:13:35.445,BIO/USDT:USDT,0.06229,160.0,0.06226,671.0,0.06239,671.0,0.0624,6875.0
