timestamp,time,symbol,bid1_price,bid1_volume,bid2_price,bid2_volume,ask1_price,ask1_volume,ask2_price,ask2_volume
1753531627000,12:07:07.000,BRETT/USDT:USDT,0.05595,4.0,0.05594,141.0,0.05599,6.0,0.056,53.0
1753531627824,12:07:07.824,BRETT/USDT:USDT,0.05595,4.0,0.05594,141.0,0.05599,6.0,0.05602,1215.0
1753531627964,12:07:07.964,BRETT/USDT:USDT,0.05595,4.0,0.05594,141.0,0.05601,6.0,0.05602,1215.0
1753531628055,12:07:08.055,BRETT/USDT:USDT,0.05595,4.0,0.05594,141.0,0.05601,6.0,0.05602,1215.0
1753531628251,12:07:08.251,BRETT/USDT:USDT,0.05595,4.0,0.05594,141.0,0.05601,6.0,0.05602,1215.0
1753531628872,12:07:08.872,BRETT/USDT:USDT,0.05595,4.0,0.05594,141.0,0.05601,6.0,0.05602,1215.0
1753531629004,12:07:09.004,BRETT/USDT:USDT,0.05595,4.0,0.05594,141.0,0.05601,6.0,0.05602,1215.0
1753531631058,12:07:11.058,BRETT/USDT:USDT,0.05595,4.0,0.05594,88.0,0.05601,6.0,0.05602,1215.0
1753531631102,12:07:11.102,BRETT/USDT:USDT,0.05595,4.0,0.05594,88.0,0.05601,6.0,0.05602,1215.0
1753531631180,12:07:11.180,BRETT/USDT:USDT,0.05595,4.0,0.05594,88.0,0.05601,670.0,0.05602,1215.0
1753531631717,12:07:11.717,BRETT/USDT:USDT,0.05595,4.0,0.05594,35.0,0.05601,670.0,0.05602,1215.0
1753531632242,12:07:12.242,BRETT/USDT:USDT,0.05595,4.0,0.05594,35.0,0.05601,670.0,0.05602,1215.0
1753531632528,12:07:12.528,BRETT/USDT:USDT,0.05595,4.0,0.05594,35.0,0.05601,670.0,0.05602,1215.0
1753531632765,12:07:12.765,BRETT/USDT:USDT,0.05595,4.0,0.05594,35.0,0.05601,670.0,0.05602,1215.0
1753531632822,12:07:12.822,BRETT/USDT:USDT,0.05595,4.0,0.05594,35.0,0.05599,106.0,0.05601,670.0
1753531632910,12:07:12.910,BRETT/USDT:USDT,0.05595,4.0,0.05594,35.0,0.05598,6.0,0.05599,106.0
1753531633052,12:07:13.052,BRETT/USDT:USDT,0.05595,4.0,0.05594,141.0,0.05598,6.0,0.05599,106.0
1753531633258,12:07:13.258,BRETT/USDT:USDT,0.05595,4.0,0.05594,141.0,0.05598,6.0,0.05601,664.0
1753531633374,12:07:13.374,BRETT/USDT:USDT,0.05595,4.0,0.05594,141.0,0.056,112.0,0.05601,664.0
1753531633405,12:07:13.405,BRETT/USDT:USDT,0.05595,4.0,0.05594,141.0,0.056,59.0,0.05601,664.0
1753531633560,12:07:13.560,BRETT/USDT:USDT,0.05595,4.0,0.05594,141.0,0.056,59.0,0.05601,664.0
1753531633719,12:07:13.719,BRETT/USDT:USDT,0.05595,4.0,0.05594,141.0,0.056,59.0,0.05601,664.0
1753531634979,12:07:14.979,BRETT/USDT:USDT,0.05595,4.0,0.05593,40.0,0.05599,24.0,0.056,112.0
1753531635051,12:07:15.051,BRETT/USDT:USDT,0.05595,35.0,0.05594,4.0,0.05598,112.0,0.05599,53.0
1753531635128,12:07:15.128,BRETT/USDT:USDT,0.05596,4.0,0.05593,40.0,0.05598,112.0,0.05599,53.0
1753531635203,12:07:15.203,BRETT/USDT:USDT,0.05594,4.0,0.05593,93.0,0.05598,106.0,0.05599,53.0
1753531635339,12:07:15.339,BRETT/USDT:USDT,0.05594,4.0,0.05593,93.0,0.05597,6.0,0.05598,53.0
1753531635867,12:07:15.867,BRETT/USDT:USDT,0.05594,4.0,0.05593,93.0,0.05599,53.0,0.05601,1135.0
1753531635903,12:07:15.903,BRETT/USDT:USDT,0.05593,131.0,0.05592,100.0,0.05599,53.0,0.05601,1135.0
1753531636158,12:07:16.158,BRETT/USDT:USDT,0.05593,131.0,0.05592,100.0,0.05601,1135.0,0.05602,1732.0
1753531636576,12:07:16.576,BRETT/USDT:USDT,0.05593,131.0,0.05592,100.0,0.05601,1135.0,0.05602,1732.0
1753531636996,12:07:16.996,BRETT/USDT:USDT,0.05593,131.0,0.05592,100.0,0.05601,1135.0,0.05602,1732.0
1753531637565,12:07:17.565,BRETT/USDT:USDT,0.05593,131.0,0.05592,100.0,0.05601,1135.0,0.05602,1732.0
1753531638162,12:07:18.162,BRETT/USDT:USDT,0.05593,102.0,0.05592,100.0,0.05601,1135.0,0.05602,1732.0
1753531639143,12:07:19.143,BRETT/USDT:USDT,0.05593,102.0,0.05592,100.0,0.05601,1135.0,0.05602,1732.0
1753531639269,12:07:19.269,BRETT/USDT:USDT,0.05593,14.0,0.05592,35.0,0.05598,2880.0,0.05599,851.0
1753531639364,12:07:19.364,BRETT/USDT:USDT,0.05593,5.0,0.05592,35.0,0.05597,970.0,0.05598,2986.0
1753531639462,12:07:19.462,BRETT/USDT:USDT,0.05593,5.0,0.05592,35.0,0.05597,970.0,0.05598,2986.0
1753531639653,12:07:19.653,BRETT/USDT:USDT,0.05593,5.0,0.05592,35.0,0.05597,970.0,0.05598,2986.0
1753531639835,12:07:19.835,BRETT/USDT:USDT,0.05593,5.0,0.05592,35.0,0.05597,970.0,0.05598,2986.0
1753531640262,12:07:20.262,BRETT/USDT:USDT,0.05593,5.0,0.05592,35.0,0.05597,970.0,0.05598,2986.0
1753531640334,12:07:20.334,BRETT/USDT:USDT,0.05593,5.0,0.05592,35.0,0.05597,970.0,0.05598,2986.0
1753531640402,12:07:20.402,BRETT/USDT:USDT,0.05593,5.0,0.05592,35.0,0.05597,970.0,0.05598,2986.0
1753531640811,12:07:20.811,BRETT/USDT:USDT,0.05593,5.0,0.05592,35.0,0.05597,970.0,0.05598,2986.0
1753531641022,12:07:21.022,BRETT/USDT:USDT,0.05593,5.0,0.05592,35.0,0.05597,970.0,0.05598,2986.0
1753531641721,12:07:21.721,BRETT/USDT:USDT,0.05593,5.0,0.05592,35.0,0.05597,970.0,0.05598,2986.0
1753531641859,12:07:21.859,BRETT/USDT:USDT,0.05593,5.0,0.05591,135.0,0.05597,970.0,0.05598,2986.0
1753531642057,12:07:22.057,BRETT/USDT:USDT,0.05593,5.0,0.05591,135.0,0.05597,970.0,0.05598,2986.0
1753531642365,12:07:22.365,BRETT/USDT:USDT,0.05593,5.0,0.05591,135.0,0.05597,970.0,0.05598,2986.0
1753531642767,12:07:22.767,BRETT/USDT:USDT,0.05594,35.0,0.05593,35.0,0.05598,2880.0,0.05599,53.0
1753531642868,12:07:22.868,BRETT/USDT:USDT,0.05594,35.0,0.05593,35.0,0.05598,2933.0,0.05599,53.0
1753531643009,12:07:23.009,BRETT/USDT:USDT,0.05594,35.0,0.05593,35.0,0.05598,2933.0,0.05599,53.0
1753531643568,12:07:23.568,BRETT/USDT:USDT,0.05594,35.0,0.05593,35.0,0.05598,2933.0,0.05599,53.0
1753531643695,12:07:23.695,BRETT/USDT:USDT,0.05594,35.0,0.05593,35.0,0.05598,2933.0,0.05599,53.0
1753531643893,12:07:23.893,BRETT/USDT:USDT,0.05594,35.0,0.05593,35.0,0.05598,2933.0,0.05599,53.0
1753531644057,12:07:24.057,BRETT/USDT:USDT,0.05594,35.0,0.05593,88.0,0.05598,2880.0,0.056,100.0
1753531644162,12:07:24.162,BRETT/USDT:USDT,0.05594,35.0,0.05593,97.0,0.056,100.0,0.05601,664.0
1753531644222,12:07:24.222,BRETT/USDT:USDT,0.05594,35.0,0.05593,97.0,0.056,1166.0,0.05601,3554.0
1753531644422,12:07:24.422,BRETT/USDT:USDT,0.05594,35.0,0.05593,97.0,0.056,1166.0,0.05601,3554.0
1753531644536,12:07:24.536,BRETT/USDT:USDT,0.05594,35.0,0.05593,97.0,0.056,1166.0,0.05601,3554.0
1753531644644,12:07:24.644,BRETT/USDT:USDT,0.05594,35.0,0.05593,97.0,0.05599,20.0,0.056,1166.0
1753531644822,12:07:24.822,BRETT/USDT:USDT,0.05593,132.0,0.05592,461.0,0.05599,20.0,0.056,1166.0
1753531644948,12:07:24.948,BRETT/USDT:USDT,0.05593,132.0,0.05592,461.0,0.05599,20.0,0.056,1166.0
1753531645269,12:07:25.269,BRETT/USDT:USDT,0.05593,132.0,0.05592,461.0,0.05599,20.0,0.056,1166.0
1753531645502,12:07:25.502,BRETT/USDT:USDT,0.05593,132.0,0.05592,461.0,0.05599,20.0,0.056,1166.0
1753531645862,12:07:25.862,BRETT/USDT:USDT,0.05593,132.0,0.05592,461.0,0.05599,20.0,0.056,1166.0
1753531646153,12:07:26.153,BRETT/USDT:USDT,0.05593,132.0,0.05592,461.0,0.056,1166.0,0.05601,2890.0
1753531646880,12:07:26.880,BRETT/USDT:USDT,0.05593,49.0,0.05592,461.0,0.056,1166.0,0.05601,3600.0
1753531646963,12:07:26.963,BRETT/USDT:USDT,0.05593,49.0,0.05592,461.0,0.05599,717.0,0.056,1212.0
1753531647165,12:07:27.165,BRETT/USDT:USDT,0.05593,49.0,0.05592,461.0,0.05599,717.0,0.056,1212.0
1753531647553,12:07:27.553,BRETT/USDT:USDT,0.05593,78.0,0.05592,461.0,0.05599,717.0,0.056,1212.0
1753531647585,12:07:27.585,BRETT/USDT:USDT,0.05593,78.0,0.05592,461.0,0.05599,717.0,0.056,1212.0
1753531647815,12:07:27.815,BRETT/USDT:USDT,0.05593,78.0,0.05591,100.0,0.05599,717.0,0.056,1212.0
1753531647967,12:07:27.967,BRETT/USDT:USDT,0.05593,69.0,0.05591,109.0,0.05599,717.0,0.056,1212.0
1753531648004,12:07:28.004,BRETT/USDT:USDT,0.05593,69.0,0.05591,570.0,0.05599,717.0,0.056,1212.0
1753531648197,12:07:28.197,BRETT/USDT:USDT,0.05593,69.0,0.05591,570.0,0.05599,717.0,0.056,1166.0
1753531648899,12:07:28.899,BRETT/USDT:USDT,0.05593,69.0,0.05591,570.0,0.05599,717.0,0.056,1166.0
1753531649990,12:07:29.990,BRETT/USDT:USDT,0.05593,69.0,0.05591,570.0,0.05599,717.0,0.056,1166.0
1753531650810,12:07:30.810,BRETT/USDT:USDT,0.05593,69.0,0.05591,570.0,0.05599,717.0,0.056,1166.0
1753531651969,12:07:31.969,BRETT/USDT:USDT,0.05593,69.0,0.05591,570.0,0.05599,717.0,0.056,1166.0
1753531652011,12:07:32.011,BRETT/USDT:USDT,0.05593,69.0,0.05591,570.0,0.05599,717.0,0.056,1166.0
1753531652119,12:07:32.119,BRETT/USDT:USDT,0.05593,69.0,0.05591,570.0,0.05599,717.0,0.056,1166.0
1753531652382,12:07:32.382,BRETT/USDT:USDT,0.05593,69.0,0.05591,570.0,0.05599,717.0,0.056,1166.0
1753531652790,12:07:32.790,BRETT/USDT:USDT,0.05593,5.0,0.05592,35.0,0.05599,717.0,0.056,1212.0
1753531653242,12:07:33.242,BRETT/USDT:USDT,0.05593,5.0,0.05592,35.0,0.05599,717.0,0.056,1212.0
1753531653809,12:07:33.809,BRETT/USDT:USDT,0.05593,5.0,0.05592,35.0,0.05599,717.0,0.056,1212.0
1753531654004,12:07:34.004,BRETT/USDT:USDT,0.05593,5.0,0.05592,35.0,0.05599,717.0,0.056,1212.0
1753531654542,12:07:34.542,BRETT/USDT:USDT,0.05593,5.0,0.05592,35.0,0.05599,717.0,0.056,1212.0
1753531655064,12:07:35.064,BRETT/USDT:USDT,0.05593,5.0,0.05592,35.0,0.05599,717.0,0.056,1212.0
1753531655269,12:07:35.269,BRETT/USDT:USDT,0.05593,5.0,0.05592,35.0,0.05599,717.0,0.056,1672.0
1753531655463,12:07:35.463,BRETT/USDT:USDT,0.05593,5.0,0.05592,35.0,0.05599,1599.0,0.056,3852.0
1753531655564,12:07:35.564,BRETT/USDT:USDT,0.05593,5.0,0.05592,35.0,0.05597,2890.0,0.05598,559.0
1753531655599,12:07:35.599,BRETT/USDT:USDT,0.05593,5.0,0.05592,35.0,0.05596,920.0,0.05597,2996.0
1753531656059,12:07:36.059,BRETT/USDT:USDT,0.05593,5.0,0.05592,35.0,0.05596,920.0,0.05597,2996.0
1753531656248,12:07:36.248,BRETT/USDT:USDT,0.05593,5.0,0.0559,9.0,0.05596,920.0,0.05597,3042.0
1753531656298,12:07:36.298,BRETT/USDT:USDT,0.05593,5.0,0.05592,35.0,0.05596,920.0,0.05597,3042.0
1753531656443,12:07:36.443,BRETT/USDT:USDT,0.05593,5.0,0.05589,44.0,0.05596,920.0,0.05597,3042.0
1753531656545,12:07:36.545,BRETT/USDT:USDT,0.05593,5.0,0.05589,44.0,0.05596,920.0,0.05597,3042.0
1753531656669,12:07:36.669,BRETT/USDT:USDT,0.05593,5.0,0.05589,44.0,0.05596,920.0,0.05597,3042.0
1753531656766,12:07:36.766,BRETT/USDT:USDT,0.05593,5.0,0.05589,9.0,0.05595,323.0,0.05596,920.0
1753531656876,12:07:36.876,BRETT/USDT:USDT,0.05593,5.0,0.05588,44.0,0.05596,920.0,0.05597,3042.0
1753531656972,12:07:36.972,BRETT/USDT:USDT,0.05593,5.0,0.05588,44.0,0.05596,920.0,0.05597,3042.0
1753531657011,12:07:37.011,BRETT/USDT:USDT,0.05593,5.0,0.05588,44.0,0.05596,920.0,0.05597,3042.0
1753531657081,12:07:37.081,BRETT/USDT:USDT,0.05593,5.0,0.05588,44.0,0.05596,920.0,0.05597,3042.0
1753531657277,12:07:37.277,BRETT/USDT:USDT,0.05593,5.0,0.05588,44.0,0.05596,920.0,0.05597,3042.0
1753531657427,12:07:37.427,BRETT/USDT:USDT,0.05593,5.0,0.05588,44.0,0.05596,920.0,0.05597,3042.0
1753531657578,12:07:37.578,BRETT/USDT:USDT,0.05593,5.0,0.05588,44.0,0.05596,920.0,0.05597,3042.0
1753531657641,12:07:37.641,BRETT/USDT:USDT,0.05593,5.0,0.05588,44.0,0.05596,920.0,0.05597,3042.0
1753531658133,12:07:38.133,BRETT/USDT:USDT,0.05593,5.0,0.05588,44.0,0.05596,920.0,0.05597,3042.0
1753531658282,12:07:38.282,BRETT/USDT:USDT,0.05593,5.0,0.05588,44.0,0.05596,920.0,0.05597,3042.0
1753531658562,12:07:38.562,BRETT/USDT:USDT,0.05593,5.0,0.05588,44.0,0.05596,920.0,0.05597,3042.0
1753531658720,12:07:38.720,BRETT/USDT:USDT,0.05593,5.0,0.05588,44.0,0.05596,920.0,0.05597,3042.0
1753531658842,12:07:38.842,BRETT/USDT:USDT,0.05593,5.0,0.05588,44.0,0.05596,920.0,0.05597,3042.0
1753531659075,12:07:39.075,BRETT/USDT:USDT,0.05593,5.0,0.05588,44.0,0.05596,920.0,0.05597,2996.0
1753531659122,12:07:39.122,BRETT/USDT:USDT,0.05593,5.0,0.05588,954.0,0.05596,867.0,0.05597,2890.0
1753531659265,12:07:39.265,BRETT/USDT:USDT,0.05593,5.0,0.05588,954.0,0.05596,867.0,0.05597,2890.0
1753531659379,12:07:39.379,BRETT/USDT:USDT,0.05593,5.0,0.05588,954.0,0.05596,867.0,0.05597,2890.0
1753531659411,12:07:39.411,BRETT/USDT:USDT,0.05593,5.0,0.05588,954.0,0.05596,867.0,0.05597,2890.0
1753531659548,12:07:39.548,BRETT/USDT:USDT,0.05593,5.0,0.05588,954.0,0.05596,867.0,0.05597,2943.0
1753531659667,12:07:39.667,BRETT/USDT:USDT,0.05593,5.0,0.05588,954.0,0.05596,867.0,0.05597,2996.0
1753531659762,12:07:39.762,BRETT/USDT:USDT,0.05593,5.0,0.05588,954.0,0.05596,867.0,0.05597,2996.0
1753531659855,12:07:39.855,BRETT/USDT:USDT,0.05593,5.0,0.05588,954.0,0.05596,867.0,0.05597,2996.0
1753531660053,12:07:40.053,BRETT/USDT:USDT,0.05593,5.0,0.05588,954.0,0.05596,867.0,0.05597,2996.0
1753531660299,12:07:40.299,BRETT/USDT:USDT,0.05593,5.0,0.05588,954.0,0.05596,867.0,0.05597,2996.0
1753531660651,12:07:40.651,BRETT/USDT:USDT,0.05593,5.0,0.05588,954.0,0.05596,867.0,0.05597,2996.0
1753531660843,12:07:40.843,BRETT/USDT:USDT,0.05593,5.0,0.05588,954.0,0.05596,867.0,0.05597,2996.0
1753531661068,12:07:41.068,BRETT/USDT:USDT,0.05593,5.0,0.05588,954.0,0.05596,867.0,0.05597,2996.0
1753531661565,12:07:41.565,BRETT/USDT:USDT,0.05593,5.0,0.05588,954.0,0.05596,867.0,0.05597,2996.0
1753531661737,12:07:41.737,BRETT/USDT:USDT,0.05593,5.0,0.05588,954.0,0.05596,867.0,0.05597,2996.0
1753531661915,12:07:41.915,BRETT/USDT:USDT,0.05593,5.0,0.05588,954.0,0.05596,867.0,0.05597,2996.0
1753531662007,12:07:42.007,BRETT/USDT:USDT,0.05593,5.0,0.05588,954.0,0.05596,867.0,0.05597,2996.0
1753531662306,12:07:42.306,BRETT/USDT:USDT,0.05593,5.0,0.05588,954.0,0.05596,867.0,0.05597,2996.0
1753531662810,12:07:42.810,BRETT/USDT:USDT,0.05593,5.0,0.05588,954.0,0.05596,867.0,0.05597,2996.0
1753531662913,12:07:42.913,BRETT/USDT:USDT,0.05593,5.0,0.05588,954.0,0.05596,867.0,0.05597,2996.0
1753531663047,12:07:43.047,BRETT/USDT:USDT,0.05593,5.0,0.05588,954.0,0.05596,867.0,0.05597,2996.0
1753531663162,12:07:43.162,BRETT/USDT:USDT,0.05593,5.0,0.05588,954.0,0.05596,867.0,0.05597,2996.0
1753531663371,12:07:43.371,BRETT/USDT:USDT,0.05593,5.0,0.05588,954.0,0.05596,867.0,0.05597,2996.0
1753531664010,12:07:44.010,BRETT/USDT:USDT,0.05593,5.0,0.05588,954.0,0.05596,867.0,0.05597,2996.0
1753531664362,12:07:44.362,BRETT/USDT:USDT,0.05593,5.0,0.05588,954.0,0.05596,867.0,0.05597,2996.0
1753531664664,12:07:44.664,BRETT/USDT:USDT,0.05593,5.0,0.05588,954.0,0.05596,867.0,0.05597,2996.0
1753531665043,12:07:45.043,BRETT/USDT:USDT,0.05593,5.0,0.05588,954.0,0.05596,867.0,0.05597,2996.0
1753531665879,12:07:45.879,BRETT/USDT:USDT,0.05593,5.0,0.05588,954.0,0.05596,867.0,0.05597,2996.0
1753531666062,12:07:46.062,BRETT/USDT:USDT,0.05593,5.0,0.05588,954.0,0.05596,867.0,0.05597,2996.0
1753531666266,12:07:46.266,BRETT/USDT:USDT,0.05593,5.0,0.05588,954.0,0.05596,867.0,0.05597,2943.0
1753531666366,12:07:46.366,BRETT/USDT:USDT,0.05593,5.0,0.05588,954.0,0.05596,867.0,0.05597,2996.0
1753531666410,12:07:46.410,BRETT/USDT:USDT,0.05593,5.0,0.05588,954.0,0.05596,867.0,0.05597,2943.0
1753531667015,12:07:47.015,BRETT/USDT:USDT,0.05593,5.0,0.05588,954.0,0.05596,867.0,0.05597,2943.0
1753531667250,12:07:47.250,BRETT/USDT:USDT,0.05593,5.0,0.05588,954.0,0.05596,867.0,0.05597,2996.0
1753531668412,12:07:48.412,BRETT/USDT:USDT,0.05593,5.0,0.05588,954.0,0.05596,867.0,0.05597,2996.0
1753531668823,12:07:48.823,BRETT/USDT:USDT,0.05593,5.0,0.05591,53.0,0.05596,867.0,0.05597,2996.0
1753531669055,12:07:49.055,BRETT/USDT:USDT,0.05593,5.0,0.05592,35.0,0.05596,867.0,0.05597,2996.0
1753531669114,12:07:49.114,BRETT/USDT:USDT,0.05593,5.0,0.05592,35.0,0.05596,867.0,0.05597,2996.0
1753531669938,12:07:49.938,BRETT/USDT:USDT,0.05593,5.0,0.05592,88.0,0.05596,867.0,0.05597,2996.0
1753531670008,12:07:50.008,BRETT/USDT:USDT,0.05593,5.0,0.05592,88.0,0.05596,867.0,0.05597,2996.0
1753531670210,12:07:50.210,BRETT/USDT:USDT,0.05593,5.0,0.05592,88.0,0.05596,867.0,0.05597,2996.0
1753531670716,12:07:50.716,BRETT/USDT:USDT,0.05593,5.0,0.05592,88.0,0.05596,867.0,0.05597,2996.0
1753531671009,12:07:51.009,BRETT/USDT:USDT,0.05593,5.0,0.05592,88.0,0.05596,867.0,0.05597,2996.0
1753531671167,12:07:51.167,BRETT/USDT:USDT,0.05593,5.0,0.05592,88.0,0.05596,867.0,0.05597,2996.0
1753531671211,12:07:51.211,BRETT/USDT:USDT,0.05593,5.0,0.05592,88.0,0.05596,867.0,0.05597,3717.0
1753531671811,12:07:51.811,BRETT/USDT:USDT,0.05593,5.0,0.05592,88.0,0.05596,867.0,0.05597,3717.0
1753531671960,12:07:51.960,BRETT/USDT:USDT,0.05593,5.0,0.05592,88.0,0.05596,867.0,0.05597,3717.0
1753531672901,12:07:52.901,BRETT/USDT:USDT,0.05593,5.0,0.05592,88.0,0.05596,867.0,0.05597,3717.0
1753531673056,12:07:53.056,BRETT/USDT:USDT,0.05593,5.0,0.05592,88.0,0.05596,867.0,0.05597,3717.0
1753531674818,12:07:54.818,BRETT/USDT:USDT,0.05593,5.0,0.05592,88.0,0.05596,867.0,0.05597,3717.0
1753531675719,12:07:55.719,BRETT/USDT:USDT,0.05593,5.0,0.05592,53.0,0.05594,20.0,0.05596,867.0
1753531675862,12:07:55.862,BRETT/USDT:USDT,0.05593,5.0,0.05592,53.0,0.05594,20.0,0.05596,867.0
1753531675965,12:07:55.965,BRETT/USDT:USDT,0.05593,5.0,0.05592,53.0,0.05594,20.0,0.05596,867.0
1753531676080,12:07:56.080,BRETT/USDT:USDT,0.05593,5.0,0.05592,53.0,0.05594,20.0,0.05596,867.0
1753531676085,12:07:56.085,BRETT/USDT:USDT,0.05593,5.0,0.05592,53.0,0.05594,20.0,0.05596,867.0
1753531676405,12:07:56.405,BRETT/USDT:USDT,0.05593,5.0,0.05592,53.0,0.05594,20.0,0.05596,867.0
1753531676637,12:07:56.637,BRETT/USDT:USDT,0.05593,5.0,0.05592,53.0,0.05594,20.0,0.05596,867.0
1753531677030,12:07:57.030,BRETT/USDT:USDT,0.05593,5.0,0.05592,53.0,0.05594,20.0,0.05596,867.0
1753531677672,12:07:57.672,BRETT/USDT:USDT,0.05593,5.0,0.05592,88.0,0.05596,867.0,0.05597,3664.0
1753531678020,12:07:58.020,BRETT/USDT:USDT,0.05593,5.0,0.05592,88.0,0.05596,867.0,0.05597,3664.0
1753531678128,12:07:58.128,BRETT/USDT:USDT,0.05593,5.0,0.05592,88.0,0.05596,867.0,0.05597,3717.0
1753531678437,12:07:58.437,BRETT/USDT:USDT,0.05593,5.0,0.05592,88.0,0.05596,867.0,0.05597,3717.0
1753531679577,12:07:59.577,BRETT/USDT:USDT,0.05593,5.0,0.05592,88.0,0.05597,3664.0,0.05599,1332.0
1753531679612,12:07:59.612,BRETT/USDT:USDT,0.05593,5.0,0.05592,88.0,0.05597,3611.0,0.05599,46.0
1753531679716,12:07:59.716,BRETT/USDT:USDT,0.05593,5.0,0.05592,88.0,0.05596,1083.0,0.05597,3611.0
1753531679862,12:07:59.862,BRETT/USDT:USDT,0.05593,5.0,0.05592,88.0,0.05597,3717.0,0.05599,46.0
1753531680055,12:08:00.055,BRETT/USDT:USDT,0.05593,5.0,0.05592,88.0,0.05597,3717.0,0.05599,46.0
1753531680650,12:08:00.650,BRETT/USDT:USDT,0.05593,5.0,0.05592,88.0,0.05597,3717.0,0.05599,507.0
1753531680766,12:08:00.766,BRETT/USDT:USDT,0.05593,5.0,0.05592,88.0,0.05597,3717.0,0.05599,507.0
1753531680811,12:08:00.811,BRETT/USDT:USDT,0.05593,5.0,0.05592,88.0,0.05597,3717.0,0.05599,507.0
1753531681034,12:08:01.034,BRETT/USDT:USDT,0.05593,5.0,0.05592,88.0,0.05596,865.0,0.05597,3717.0
1753531681578,12:08:01.578,BRETT/USDT:USDT,0.05587,38.0,0.05586,468.0,0.05595,1234.0,0.05596,3861.0
1753531681679,12:08:01.679,BRETT/USDT:USDT,0.05577,998.0,0.05574,1540.0,0.05583,38.0,0.05585,46.0
1753531681773,12:08:01.773,BRETT/USDT:USDT,0.05578,1135.0,0.05577,512.0,0.05585,37.0,0.05586,927.0
1753531681859,12:08:01.859,BRETT/USDT:USDT,0.0558,37.0,0.05579,565.0,0.05585,37.0,0.05586,55.0
1753531681953,12:08:01.953,BRETT/USDT:USDT,0.0558,37.0,0.05579,512.0,0.05585,37.0,0.05586,46.0
1753531682079,12:08:02.079,BRETT/USDT:USDT,0.0558,37.0,0.05579,512.0,0.05585,37.0,0.05586,46.0
1753531682160,12:08:02.160,BRETT/USDT:USDT,0.0558,37.0,0.05579,512.0,0.05585,37.0,0.05586,46.0
1753531682225,12:08:02.225,BRETT/USDT:USDT,0.0558,37.0,0.05579,512.0,0.05585,37.0,0.05586,46.0
1753531682378,12:08:02.378,BRETT/USDT:USDT,0.0558,37.0,0.05579,512.0,0.05585,37.0,0.05586,46.0
1753531682474,12:08:02.474,BRETT/USDT:USDT,0.05578,137.0,0.05577,461.0,0.05583,37.0,0.05584,46.0
1753531682579,12:08:02.579,BRETT/USDT:USDT,0.05578,137.0,0.05577,567.0,0.05583,83.0,0.05584,46.0
1753531682677,12:08:02.677,BRETT/USDT:USDT,0.05578,137.0,0.05577,567.0,0.05584,37.0,0.05585,46.0
1753531682762,12:08:02.762,BRETT/USDT:USDT,0.05579,53.0,0.05578,137.0,0.05584,37.0,0.05585,760.0
1753531682851,12:08:02.851,BRETT/USDT:USDT,0.0558,37.0,0.05579,53.0,0.05585,806.0,0.05586,3413.0
1753531682929,12:08:02.929,BRETT/USDT:USDT,0.0558,26.0,0.05579,117.0,0.05583,37.0,0.05585,769.0
1753531683071,12:08:03.071,BRETT/USDT:USDT,0.0558,26.0,0.05579,80.0,0.05582,37.0,0.05585,769.0
1753531683172,12:08:03.172,BRETT/USDT:USDT,0.0558,88.0,0.05579,161.0,0.05587,9.0,0.05588,46.0
1753531683263,12:08:03.263,BRETT/USDT:USDT,0.05582,37.0,0.05581,53.0,0.05588,413.0,0.05589,1721.0
1753531683346,12:08:03.346,BRETT/USDT:USDT,0.05581,37.0,0.0558,51.0,0.05588,1286.0,0.05589,4730.0
1753531683412,12:08:03.412,BRETT/USDT:USDT,0.05582,37.0,0.0558,51.0,0.05588,413.0,0.05589,1730.0
1753531683557,12:08:03.557,BRETT/USDT:USDT,0.05582,37.0,0.0558,51.0,0.05589,1396.0,0.0559,4525.0
1753531683662,12:08:03.662,BRETT/USDT:USDT,0.05581,37.0,0.0558,51.0,0.05589,1396.0,0.0559,4525.0
1753531683762,12:08:03.762,BRETT/USDT:USDT,0.05581,37.0,0.0558,51.0,0.05589,1396.0,0.0559,4525.0
1753531684006,12:08:04.006,BRETT/USDT:USDT,0.05581,37.0,0.0558,51.0,0.05589,1396.0,0.0559,4525.0
1753531684163,12:08:04.163,BRETT/USDT:USDT,0.05581,37.0,0.0558,51.0,0.05589,1396.0,0.0559,4525.0
1753531684271,12:08:04.271,BRETT/USDT:USDT,0.05581,37.0,0.0558,51.0,0.05589,1396.0,0.0559,4525.0
1753531684282,12:08:04.282,BRETT/USDT:USDT,0.05581,37.0,0.0558,51.0,0.05589,1396.0,0.0559,4525.0
1753531684479,12:08:04.479,BRETT/USDT:USDT,0.05581,498.0,0.0558,51.0,0.05589,1297.0,0.0559,507.0
1753531684543,12:08:04.543,BRETT/USDT:USDT,0.05581,1035.0,0.0558,51.0,0.0559,587.0,0.05591,1955.0
1753531684746,12:08:04.746,BRETT/USDT:USDT,0.05581,1035.0,0.0558,51.0,0.0559,587.0,0.05591,1955.0
1753531684979,12:08:04.979,BRETT/USDT:USDT,0.05581,1035.0,0.0558,51.0,0.0559,587.0,0.05591,1955.0
1753531685022,12:08:05.022,BRETT/USDT:USDT,0.05581,1035.0,0.0558,51.0,0.0559,587.0,0.05591,1955.0
1753531685178,12:08:05.178,BRETT/USDT:USDT,0.05581,1035.0,0.0558,51.0,0.0559,587.0,0.05591,1955.0
1753531685260,12:08:05.260,BRETT/USDT:USDT,0.05581,1035.0,0.0558,51.0,0.0559,587.0,0.05591,1955.0
1753531685328,12:08:05.328,BRETT/USDT:USDT,0.05581,1035.0,0.0558,51.0,0.0559,371.0,0.05591,1238.0
1753531685398,12:08:05.398,BRETT/USDT:USDT,0.05581,1035.0,0.0558,51.0,0.0559,371.0,0.05591,1238.0
1753531685676,12:08:05.676,BRETT/USDT:USDT,0.05583,549.0,0.05582,537.0,0.05591,9.0,0.05592,46.0
1753531685686,12:08:05.686,BRETT/USDT:USDT,0.05583,549.0,0.05582,537.0,0.05592,46.0,0.05593,1695.0
1753531686222,12:08:06.222,BRETT/USDT:USDT,0.05583,549.0,0.05582,537.0,0.05592,46.0,0.05593,1695.0
1753531686663,12:08:06.663,BRETT/USDT:USDT,0.05583,549.0,0.05582,537.0,0.05592,46.0,0.05593,1695.0
1753531686810,12:08:06.810,BRETT/USDT:USDT,0.05583,549.0,0.05582,537.0,0.05592,46.0,0.05593,1695.0
1753531687283,12:08:07.283,BRETT/USDT:USDT,0.05583,549.0,0.05582,537.0,0.05592,46.0,0.05593,1695.0
1753531687755,12:08:07.755,BRETT/USDT:USDT,0.05583,549.0,0.05582,537.0,0.05592,46.0,0.05593,1695.0
1753531688027,12:08:08.027,BRETT/USDT:USDT,0.05583,549.0,0.05582,537.0,0.05592,46.0,0.05593,1695.0
1753531688167,12:08:08.167,BRETT/USDT:USDT,0.05583,549.0,0.05582,537.0,0.05592,46.0,0.05593,1695.0
1753531688246,12:08:08.246,BRETT/USDT:USDT,0.05583,549.0,0.05582,537.0,0.05592,46.0,0.05593,1695.0
1753531688600,12:08:08.600,BRETT/USDT:USDT,0.05583,549.0,0.05582,537.0,0.05592,46.0,0.05593,1695.0
1753531689068,12:08:09.068,BRETT/USDT:USDT,0.05583,1086.0,0.05579,868.0,0.05593,1695.0,0.05594,3528.0
1753531689158,12:08:09.158,BRETT/USDT:USDT,0.05583,1086.0,0.05579,868.0,0.05593,1695.0,0.05594,3528.0
1753531689371,12:08:09.371,BRETT/USDT:USDT,0.05583,1086.0,0.05579,868.0,0.05593,1695.0,0.05594,3528.0
1753531689465,12:08:09.465,BRETT/USDT:USDT,0.05583,1086.0,0.05579,868.0,0.05593,1695.0,0.05594,3528.0
1753531689652,12:08:09.652,BRETT/USDT:USDT,0.05583,1086.0,0.05579,868.0,0.05593,1695.0,0.05594,3528.0
1753531689809,12:08:09.809,BRETT/USDT:USDT,0.05583,1086.0,0.05579,868.0,0.05593,1695.0,0.05594,3528.0
1753531689883,12:08:09.883,BRETT/USDT:USDT,0.05583,1086.0,0.05579,868.0,0.05593,1695.0,0.05594,3528.0
1753531690003,12:08:10.003,BRETT/USDT:USDT,0.05583,1086.0,0.05579,868.0,0.05593,1695.0,0.05594,3528.0
1753531690245,12:08:10.245,BRETT/USDT:USDT,0.05583,1086.0,0.05582,1079.0,0.05593,1695.0,0.05594,3528.0
1753531690298,12:08:10.298,BRETT/USDT:USDT,0.05583,1086.0,0.05582,1079.0,0.05593,1695.0,0.05594,3528.0
1753531690868,12:08:10.868,BRETT/USDT:USDT,0.05583,1086.0,0.05582,1079.0,0.05592,46.0,0.05593,1695.0
1753531690969,12:08:10.969,BRETT/USDT:USDT,0.05583,1086.0,0.05582,1079.0,0.05592,46.0,0.05593,1695.0
1753531691136,12:08:11.136,BRETT/USDT:USDT,0.05583,1086.0,0.05582,1079.0,0.05592,46.0,0.05593,1695.0
1753531691555,12:08:11.555,BRETT/USDT:USDT,0.05583,1086.0,0.05582,1079.0,0.05592,46.0,0.05593,1695.0
1753531692142,12:08:12.142,BRETT/USDT:USDT,0.05583,1086.0,0.05582,1079.0,0.05591,46.0,0.05592,906.0
1753531692268,12:08:12.268,BRETT/USDT:USDT,0.0558,503.0,0.05579,868.0,0.0559,152.0,0.05591,786.0
1753531692339,12:08:12.339,BRETT/USDT:USDT,0.0558,503.0,0.05579,868.0,0.05589,46.0,0.0559,475.0
1753531692562,12:08:12.562,BRETT/USDT:USDT,0.0558,503.0,0.05579,868.0,0.05589,46.0,0.0559,475.0
1753531692816,12:08:12.816,BRETT/USDT:USDT,0.0558,1091.0,0.05579,868.0,0.05589,46.0,0.0559,422.0
1753531693694,12:08:13.694,BRETT/USDT:USDT,0.0558,1091.0,0.05579,868.0,0.05589,46.0,0.0559,422.0
1753531693819,12:08:13.819,BRETT/USDT:USDT,0.0558,1091.0,0.05579,868.0,0.05589,46.0,0.0559,888.0
1753531693922,12:08:13.922,BRETT/USDT:USDT,0.0558,1091.0,0.05579,868.0,0.05589,46.0,0.0559,888.0
1753531693987,12:08:13.987,BRETT/USDT:USDT,0.0558,1091.0,0.05579,868.0,0.05589,46.0,0.0559,888.0
1753531695768,12:08:15.768,BRETT/USDT:USDT,0.0558,1091.0,0.05579,868.0,0.05589,46.0,0.0559,888.0
1753531695815,12:08:15.815,BRETT/USDT:USDT,0.0558,1091.0,0.05579,868.0,0.05589,46.0,0.0559,888.0
1753531697007,12:08:17.007,BRETT/USDT:USDT,0.0558,1091.0,0.05579,868.0,0.05589,46.0,0.0559,888.0
1753531698823,12:08:18.823,BRETT/USDT:USDT,0.0558,1091.0,0.05579,868.0,0.05589,46.0,0.0559,888.0
1753531699535,12:08:19.535,BRETT/USDT:USDT,0.0558,1091.0,0.05579,868.0,0.05589,497.0,0.0559,888.0
1753531699643,12:08:19.643,BRETT/USDT:USDT,0.0558,625.0,0.05579,868.0,0.05588,99.0,0.05589,497.0
1753531699777,12:08:19.777,BRETT/USDT:USDT,0.0558,600.0,0.05579,868.0,0.05587,46.0,0.05588,99.0
1753531699802,12:08:19.802,BRETT/USDT:USDT,0.0558,574.0,0.05579,868.0,0.05587,99.0,0.05588,99.0
1753531699979,12:08:19.979,BRETT/USDT:USDT,0.0558,574.0,0.05579,868.0,0.05587,99.0,0.05588,99.0
1753531700397,12:08:20.397,BRETT/USDT:USDT,0.0558,574.0,0.05579,868.0,0.05587,99.0,0.05588,99.0
1753531700568,12:08:20.568,BRETT/USDT:USDT,0.0558,574.0,0.05579,868.0,0.05587,99.0,0.05588,99.0
1753531700842,12:08:20.842,BRETT/USDT:USDT,0.0558,574.0,0.05579,868.0,0.05587,99.0,0.05588,99.0
1753531701186,12:08:21.186,BRETT/USDT:USDT,0.0558,37.0,0.05579,868.0,0.05587,99.0,0.05588,99.0
1753531701302,12:08:21.302,BRETT/USDT:USDT,0.0558,37.0,0.05579,461.0,0.05587,99.0,0.05588,99.0
1753531701462,12:08:21.462,BRETT/USDT:USDT,0.0558,62.0,0.05579,461.0,0.05587,46.0,0.05588,99.0
1753531701524,12:08:21.524,BRETT/USDT:USDT,0.0558,62.0,0.05579,461.0,0.05588,99.0,0.05589,497.0
1753531701622,12:08:21.622,BRETT/USDT:USDT,0.0558,62.0,0.05579,461.0,0.05588,99.0,0.05589,497.0
1753531701737,12:08:21.737,BRETT/USDT:USDT,0.0558,62.0,0.05579,461.0,0.05588,99.0,0.05589,497.0
1753531702042,12:08:22.042,BRETT/USDT:USDT,0.0558,62.0,0.05579,461.0,0.05588,99.0,0.05589,497.0
1753531702122,12:08:22.122,BRETT/USDT:USDT,0.0558,62.0,0.05578,100.0,0.05587,99.0,0.05588,550.0
1753531702274,12:08:22.274,BRETT/USDT:USDT,0.05579,37.0,0.05578,637.0,0.05587,46.0,0.05588,550.0
1753531702457,12:08:22.457,BRETT/USDT:USDT,0.05579,37.0,0.05578,637.0,0.05587,46.0,0.05588,550.0
1753531703592,12:08:23.592,BRETT/USDT:USDT,0.05579,37.0,0.05578,637.0,0.05587,46.0,0.05588,550.0
1753531704147,12:08:24.147,BRETT/USDT:USDT,0.05579,37.0,0.05578,637.0,0.05587,46.0,0.05588,550.0
1753531704867,12:08:24.867,BRETT/USDT:USDT,0.05578,674.0,0.05577,461.0,0.05588,497.0,0.05589,497.0
1753531704884,12:08:24.884,BRETT/USDT:USDT,0.05578,674.0,0.05577,461.0,0.05588,497.0,0.05589,497.0
1753531705368,12:08:25.368,BRETT/USDT:USDT,0.05578,674.0,0.05577,461.0,0.05588,497.0,0.05589,497.0
1753531706010,12:08:26.010,BRETT/USDT:USDT,0.05578,674.0,0.05577,461.0,0.05588,497.0,0.05589,497.0
1753531707814,12:08:27.814,BRETT/USDT:USDT,0.05578,674.0,0.05577,461.0,0.05588,497.0,0.05589,497.0
1753531710169,12:08:30.169,BRETT/USDT:USDT,0.05578,674.0,0.05577,461.0,0.05588,46.0,0.05589,497.0
1753531710264,12:08:30.264,BRETT/USDT:USDT,0.05579,1163.0,0.05578,1216.0,0.05589,46.0,0.0559,888.0
1753531710362,12:08:30.362,BRETT/USDT:USDT,0.05581,935.0,0.0558,3117.0,0.05589,46.0,0.0559,888.0
1753531710384,12:08:30.384,BRETT/USDT:USDT,0.05581,978.0,0.0558,3117.0,0.05589,46.0,0.0559,888.0
1753531710543,12:08:30.543,BRETT/USDT:USDT,0.05582,37.0,0.05581,978.0,0.05589,99.0,0.0559,888.0
1753531710816,12:08:30.816,BRETT/USDT:USDT,0.05581,1015.0,0.0558,3080.0,0.05589,99.0,0.0559,888.0
1753531711267,12:08:31.267,BRETT/USDT:USDT,0.05581,1015.0,0.0558,3080.0,0.05589,99.0,0.0559,888.0
1753531711335,12:08:31.335,BRETT/USDT:USDT,0.05581,1015.0,0.0558,3080.0,0.05589,99.0,0.0559,888.0
1753531711827,12:08:31.827,BRETT/USDT:USDT,0.05581,1015.0,0.0558,3550.0,0.05589,46.0,0.0559,888.0
1753531711890,12:08:31.890,BRETT/USDT:USDT,0.05581,1015.0,0.0558,3550.0,0.0559,422.0,0.05591,1252.0
1753531712041,12:08:32.041,BRETT/USDT:USDT,0.05581,1015.0,0.0558,3550.0,0.05589,46.0,0.0559,422.0
1753531713272,12:08:33.272,BRETT/USDT:USDT,0.05581,1015.0,0.0558,3550.0,0.05589,46.0,0.0559,422.0
1753531713774,12:08:33.774,BRETT/USDT:USDT,0.05581,1015.0,0.0558,3550.0,0.05589,46.0,0.0559,892.0
1753531713809,12:08:33.809,BRETT/USDT:USDT,0.05581,1015.0,0.0558,3550.0,0.05589,46.0,0.0559,892.0
1753531714969,12:08:34.969,BRETT/USDT:USDT,0.05581,1015.0,0.0558,3550.0,0.05589,46.0,0.0559,892.0
1753531715278,12:08:35.278,BRETT/USDT:USDT,0.05581,1015.0,0.0558,3550.0,0.05589,516.0,0.0559,892.0
1753531715342,12:08:35.342,BRETT/USDT:USDT,0.05581,1015.0,0.0558,3080.0,0.05588,99.0,0.05589,516.0
1753531715563,12:08:35.563,BRETT/USDT:USDT,0.05581,972.0,0.0558,3080.0,0.05587,46.0,0.05588,99.0
1753531715642,12:08:35.642,BRETT/USDT:USDT,0.05581,972.0,0.0558,3080.0,0.05587,99.0,0.05588,99.0
1753531715767,12:08:35.767,BRETT/USDT:USDT,0.05581,972.0,0.0558,3080.0,0.05587,99.0,0.05588,99.0
1753531716012,12:08:36.012,BRETT/USDT:USDT,0.05581,972.0,0.0558,3080.0,0.05587,99.0,0.05588,99.0
1753531716097,12:08:36.097,BRETT/USDT:USDT,0.05581,972.0,0.0558,3080.0,0.05587,99.0,0.05588,99.0
1753531716185,12:08:36.185,BRETT/USDT:USDT,0.05581,972.0,0.0558,3080.0,0.05587,99.0,0.05588,99.0
1753531716569,12:08:36.569,BRETT/USDT:USDT,0.05581,972.0,0.0558,3080.0,0.05587,99.0,0.05588,99.0
1753531716678,12:08:36.678,BRETT/USDT:USDT,0.05581,972.0,0.0558,3080.0,0.05587,99.0,0.05588,569.0
1753531716689,12:08:36.689,BRETT/USDT:USDT,0.05581,972.0,0.0558,3080.0,0.05587,99.0,0.05588,569.0
1753531716814,12:08:36.814,BRETT/USDT:USDT,0.05581,972.0,0.0558,3080.0,0.05587,99.0,0.05588,569.0
1753531717010,12:08:37.010,BRETT/USDT:USDT,0.05581,972.0,0.0558,3080.0,0.05587,99.0,0.05588,569.0
1753531717155,12:08:37.155,BRETT/USDT:USDT,0.05581,972.0,0.0558,3080.0,0.05587,99.0,0.05588,569.0
1753531717219,12:08:37.219,BRETT/USDT:USDT,0.05581,972.0,0.0558,3080.0,0.05587,99.0,0.05588,569.0
1753531717312,12:08:37.312,BRETT/USDT:USDT,0.05581,972.0,0.0558,3080.0,0.05587,99.0,0.05588,569.0
1753531717457,12:08:37.457,BRETT/USDT:USDT,0.05581,972.0,0.0558,3080.0,0.05587,581.0,0.05588,569.0
1753531717497,12:08:37.497,BRETT/USDT:USDT,0.05581,972.0,0.0558,3080.0,0.05587,581.0,0.05588,569.0
1753531717674,12:08:37.674,BRETT/USDT:USDT,0.05581,972.0,0.0558,3080.0,0.05587,581.0,0.05588,569.0
1753531718574,12:08:38.574,BRETT/USDT:USDT,0.05581,972.0,0.0558,3080.0,0.05587,569.0,0.05588,569.0
1753531718642,12:08:38.642,BRETT/USDT:USDT,0.05581,972.0,0.0558,2980.0,0.05586,99.0,0.05587,569.0
1753531718772,12:08:38.772,BRETT/USDT:USDT,0.05581,37.0,0.0558,2980.0,0.05586,99.0,0.05587,569.0
1753531719052,12:08:39.052,BRETT/USDT:USDT,0.05581,37.0,0.05576,454.0,0.05585,581.0,0.05586,553.0
1753531719168,12:08:39.168,BRETT/USDT:USDT,0.05578,905.0,0.05577,3017.0,0.05585,99.0,0.05586,553.0
1753531719275,12:08:39.275,BRETT/USDT:USDT,0.05578,905.0,0.05577,3017.0,0.05585,99.0,0.05586,553.0
1753531719325,12:08:39.325,BRETT/USDT:USDT,0.05579,37.0,0.05578,905.0,0.05585,99.0,0.05586,966.0
1753531719467,12:08:39.467,BRETT/USDT:USDT,0.05579,37.0,0.05578,905.0,0.05585,99.0,0.05586,966.0
1753531719574,12:08:39.574,BRETT/USDT:USDT,0.05579,37.0,0.05578,905.0,0.05585,99.0,0.05586,966.0
1753531719643,12:08:39.643,BRETT/USDT:USDT,0.05579,37.0,0.05578,905.0,0.05585,99.0,0.05586,553.0
1753531719769,12:08:39.769,BRETT/USDT:USDT,0.05579,80.0,0.05578,905.0,0.05585,99.0,0.05586,553.0
1753531719809,12:08:39.809,BRETT/USDT:USDT,0.05579,80.0,0.05578,905.0,0.05585,99.0,0.05586,553.0
1753531719887,12:08:39.887,BRETT/USDT:USDT,0.05579,80.0,0.05578,905.0,0.05585,99.0,0.05586,553.0
1753531720312,12:08:40.312,BRETT/USDT:USDT,0.05579,37.0,0.05578,905.0,0.05585,99.0,0.05586,553.0
1753531720472,12:08:40.472,BRETT/USDT:USDT,0.05579,37.0,0.05578,905.0,0.05585,99.0,0.05586,553.0
1753531720525,12:08:40.525,BRETT/USDT:USDT,0.05579,37.0,0.05578,905.0,0.05585,99.0,0.05586,553.0
1753531720905,12:08:40.905,BRETT/USDT:USDT,0.05579,37.0,0.05578,905.0,0.05585,99.0,0.05586,553.0
1753531721037,12:08:41.037,BRETT/USDT:USDT,0.05579,37.0,0.05578,905.0,0.05584,99.0,0.05585,99.0
1753531721177,12:08:41.177,BRETT/USDT:USDT,0.05579,37.0,0.05578,905.0,0.05583,99.0,0.05584,606.0
1753531721183,12:08:41.183,BRETT/USDT:USDT,0.05579,37.0,0.05578,905.0,0.05583,99.0,0.05584,606.0
1753531721323,12:08:41.323,BRETT/USDT:USDT,0.05579,37.0,0.05577,2980.0,0.05583,99.0,0.05584,986.0
1753531721471,12:08:41.471,BRETT/USDT:USDT,0.05578,37.0,0.05577,2980.0,0.05583,99.0,0.05584,986.0
1753531721573,12:08:41.573,BRETT/USDT:USDT,0.05578,37.0,0.05577,2980.0,0.05583,99.0,0.05584,986.0
1753531722022,12:08:42.022,BRETT/USDT:USDT,0.05578,37.0,0.05577,2980.0,0.05583,99.0,0.05584,986.0
1753531722082,12:08:42.082,BRETT/USDT:USDT,0.05578,37.0,0.05577,2980.0,0.05583,99.0,0.05584,986.0
1753531722205,12:08:42.205,BRETT/USDT:USDT,0.05578,37.0,0.05577,2980.0,0.05583,99.0,0.05584,986.0
1753531722349,12:08:42.349,BRETT/USDT:USDT,0.05578,37.0,0.05577,2980.0,0.05583,99.0,0.05584,986.0
1753531722475,12:08:42.475,BRETT/USDT:USDT,0.05572,10.0,0.05571,461.0,0.05582,600.0,0.05583,1178.0
1753531722579,12:08:42.579,BRETT/USDT:USDT,0.05573,38.0,0.05572,54.0,0.05578,91.0,0.05579,46.0
1753531722678,12:08:42.678,BRETT/USDT:USDT,0.05573,38.0,0.05572,54.0,0.05577,9.0,0.05578,91.0
1753531722769,12:08:42.769,BRETT/USDT:USDT,0.05573,38.0,0.05572,107.0,0.05577,9.0,0.05578,38.0
1753531722868,12:08:42.868,BRETT/USDT:USDT,0.05573,38.0,0.05572,107.0,0.05577,9.0,0.05579,46.0
1753531722962,12:08:42.962,BRETT/USDT:USDT,0.05573,38.0,0.05572,107.0,0.05578,9.0,0.0558,444.0
1753531723078,12:08:43.078,BRETT/USDT:USDT,0.05568,22.0,0.05567,1860.0,0.05576,84.0,0.05577,2359.0
1753531723174,12:08:43.174,BRETT/USDT:USDT,0.05568,66.0,0.05567,53.0,0.05576,724.0,0.05577,1877.0
1753531723242,12:08:43.242,BRETT/USDT:USDT,0.05568,1.0,0.05567,38.0,0.05574,350.0,0.05575,46.0
1753531723342,12:08:43.342,BRETT/USDT:USDT,0.05568,1.0,0.05567,38.0,0.05574,350.0,0.05575,46.0
1753531723441,12:08:43.441,BRETT/USDT:USDT,0.05568,1.0,0.05567,38.0,0.05574,304.0,0.05575,46.0
1753531723567,12:08:43.567,BRETT/USDT:USDT,0.05568,7.0,0.05567,144.0,0.05574,304.0,0.05575,46.0
1753531723642,12:08:43.642,BRETT/USDT:USDT,0.05568,7.0,0.05567,598.0,0.05576,724.0,0.05577,2476.0
1753531723735,12:08:43.735,BRETT/USDT:USDT,0.05568,1.0,0.05567,598.0,0.05576,724.0,0.05577,2476.0
1753531724022,12:08:44.022,BRETT/USDT:USDT,0.05568,1.0,0.05567,598.0,0.05576,724.0,0.05577,2476.0
1753531724159,12:08:44.159,BRETT/USDT:USDT,0.05568,7.0,0.05567,598.0,0.05576,724.0,0.05577,2476.0
1753531724335,12:08:44.335,BRETT/USDT:USDT,0.05568,1.0,0.05567,598.0,0.05576,724.0,0.05577,2476.0
1753531724579,12:08:44.579,BRETT/USDT:USDT,0.05568,7.0,0.05567,492.0,0.05575,46.0,0.05576,724.0
1753531724679,12:08:44.679,BRETT/USDT:USDT,0.05569,38.0,0.05568,504.0,0.05576,724.0,0.05577,2476.0
1753531724749,12:08:44.749,BRETT/USDT:USDT,0.05569,38.0,0.05568,542.0,0.05576,724.0,0.05577,2476.0
1753531724876,12:08:44.876,BRETT/USDT:USDT,0.05569,38.0,0.05568,542.0,0.05576,625.0,0.05577,2476.0
1753531724937,12:08:44.937,BRETT/USDT:USDT,0.05569,44.0,0.05568,542.0,0.05576,62.0,0.05577,1939.0
1753531725056,12:08:45.056,BRETT/USDT:USDT,0.05569,44.0,0.05568,542.0,0.05576,62.0,0.05577,840.0
1753531725122,12:08:45.122,BRETT/USDT:USDT,0.05569,44.0,0.05568,542.0,0.05576,53.0,0.05577,849.0
1753531725188,12:08:45.188,BRETT/USDT:USDT,0.05569,44.0,0.05568,542.0,0.05576,53.0,0.05577,849.0
1753531725436,12:08:45.436,BRETT/USDT:USDT,0.05569,38.0,0.05568,542.0,0.05576,53.0,0.05577,849.0
1753531725535,12:08:45.535,BRETT/USDT:USDT,0.05569,44.0,0.05568,542.0,0.05576,53.0,0.05577,849.0
1753531725679,12:08:45.679,BRETT/USDT:USDT,0.05569,492.0,0.05568,542.0,0.05576,53.0,0.05577,849.0
1753531725764,12:08:45.764,BRETT/USDT:USDT,0.05569,492.0,0.05568,542.0,0.05577,109.0,0.05578,46.0
1753531725877,12:08:45.877,BRETT/USDT:USDT,0.0557,1104.0,0.05569,3554.0,0.05577,100.0,0.05579,422.0
1753531725882,12:08:45.882,BRETT/USDT:USDT,0.0557,1104.0,0.05569,3554.0,0.05577,100.0,0.05579,422.0
1753531726056,12:08:46.056,BRETT/USDT:USDT,0.0557,1104.0,0.05569,3554.0,0.05577,100.0,0.05579,55.0
1753531726099,12:08:46.099,BRETT/USDT:USDT,0.0557,1104.0,0.05569,3554.0,0.05577,100.0,0.05579,55.0
1753531726203,12:08:46.203,BRETT/USDT:USDT,0.05571,671.0,0.0557,1647.0,0.05577,100.0,0.05579,55.0
1753531726537,12:08:46.537,BRETT/USDT:USDT,0.05571,671.0,0.0557,1647.0,0.05577,100.0,0.05579,9.0
1753531726879,12:08:46.879,BRETT/USDT:USDT,0.05571,177.0,0.0557,1647.0,0.05579,9.0,0.0558,1713.0
1753531726961,12:08:46.961,BRETT/USDT:USDT,0.05571,177.0,0.0557,1647.0,0.05579,9.0,0.0558,1713.0
1753531727062,12:08:47.062,BRETT/USDT:USDT,0.05571,177.0,0.0557,1647.0,0.05579,9.0,0.0558,786.0
1753531727132,12:08:47.132,BRETT/USDT:USDT,0.05571,631.0,0.0557,1647.0,0.0558,740.0,0.05581,55.0
1753531727368,12:08:47.368,BRETT/USDT:USDT,0.05571,631.0,0.0557,1647.0,0.0558,740.0,0.05581,55.0
1753531727386,12:08:47.386,BRETT/USDT:USDT,0.05571,631.0,0.0557,1647.0,0.0558,740.0,0.05581,55.0
1753531727606,12:08:47.606,BRETT/USDT:USDT,0.05571,631.0,0.0557,1647.0,0.0558,740.0,0.05581,55.0
1753531728175,12:08:48.175,BRETT/USDT:USDT,0.05571,631.0,0.0557,1647.0,0.0558,740.0,0.05581,55.0
1753531728604,12:08:48.604,BRETT/USDT:USDT,0.05571,631.0,0.0557,1647.0,0.0558,740.0,0.05581,55.0
1753531728722,12:08:48.722,BRETT/USDT:USDT,0.05571,631.0,0.0557,1647.0,0.05579,367.0,0.0558,1222.0
1753531728808,12:08:48.808,BRETT/USDT:USDT,0.05571,631.0,0.0557,1647.0,0.05579,9.0,0.0558,740.0
1753531728887,12:08:48.887,BRETT/USDT:USDT,0.05571,631.0,0.0557,1647.0,0.0558,740.0,0.05581,55.0
1753531729022,12:08:49.022,BRETT/USDT:USDT,0.05571,631.0,0.0557,1647.0,0.05579,420.0,0.0558,1222.0
1753531729162,12:08:49.162,BRETT/USDT:USDT,0.05571,631.0,0.0557,1647.0,0.05579,62.0,0.0558,740.0
1753531729242,12:08:49.242,BRETT/USDT:USDT,0.05571,631.0,0.0557,1647.0,0.05579,53.0,0.05581,427.0
1753531729357,12:08:49.357,BRETT/USDT:USDT,0.05571,631.0,0.0557,1647.0,0.05579,53.0,0.05581,427.0
1753531729434,12:08:49.434,BRETT/USDT:USDT,0.05571,631.0,0.0557,1647.0,0.05579,106.0,0.05581,427.0
1753531729967,12:08:49.967,BRETT/USDT:USDT,0.05571,631.0,0.0557,1647.0,0.05579,106.0,0.0558,482.0
1753531730026,12:08:50.026,BRETT/USDT:USDT,0.05571,631.0,0.0557,1647.0,0.05579,106.0,0.0558,482.0
1753531730165,12:08:50.165,BRETT/USDT:USDT,0.05571,631.0,0.0557,1647.0,0.05579,106.0,0.0558,46.0
1753531730510,12:08:50.510,BRETT/USDT:USDT,0.05571,631.0,0.0557,1647.0,0.05579,106.0,0.0558,46.0
1753531731022,12:08:51.022,BRETT/USDT:USDT,0.05571,631.0,0.0557,1647.0,0.05579,106.0,0.0558,46.0
1753531731267,12:08:51.267,BRETT/USDT:USDT,0.05571,631.0,0.0557,1647.0,0.05579,106.0,0.0558,46.0
1753531731375,12:08:51.375,BRETT/USDT:USDT,0.05571,631.0,0.0557,1647.0,0.05579,588.0,0.0558,46.0
1753531731771,12:08:51.771,BRETT/USDT:USDT,0.05571,631.0,0.0557,1647.0,0.05578,482.0,0.05579,846.0
1753531731812,12:08:51.812,BRETT/USDT:USDT,0.05571,177.0,0.0557,1647.0,0.05578,491.0,0.05579,846.0
1753531731960,12:08:51.960,BRETT/USDT:USDT,0.05571,177.0,0.0557,1647.0,0.05578,9.0,0.05579,846.0
1753531731987,12:08:51.987,BRETT/USDT:USDT,0.05571,177.0,0.0557,1647.0,0.05579,846.0,0.0558,55.0
1753531732170,12:08:52.170,BRETT/USDT:USDT,0.05571,177.0,0.0557,1647.0,0.05579,1328.0,0.0558,55.0
1753531732188,12:08:52.188,BRETT/USDT:USDT,0.05571,177.0,0.0557,1647.0,0.05578,9.0,0.05579,1328.0
1753531732596,12:08:52.596,BRETT/USDT:USDT,0.05571,177.0,0.0557,1647.0,0.05578,9.0,0.05579,1328.0
1753531732962,12:08:52.962,BRETT/USDT:USDT,0.05571,177.0,0.0557,1647.0,0.05578,9.0,0.05579,1328.0
1753531733777,12:08:53.777,BRETT/USDT:USDT,0.05571,177.0,0.0557,1647.0,0.05578,9.0,0.05579,1328.0
1753531733802,12:08:53.802,BRETT/USDT:USDT,0.05571,177.0,0.0557,1647.0,0.05578,9.0,0.05579,846.0
1753531733886,12:08:53.886,BRETT/USDT:USDT,0.05571,177.0,0.0557,1647.0,0.05579,846.0,0.0558,55.0
1753531733986,12:08:53.986,BRETT/USDT:USDT,0.05571,177.0,0.0557,1647.0,0.05579,846.0,0.0558,55.0
1753531734173,12:08:54.173,BRETT/USDT:USDT,0.05571,177.0,0.0557,1647.0,0.05579,106.0,0.0558,55.0
1753531734269,12:08:54.269,BRETT/USDT:USDT,0.05571,90.0,0.0557,1520.0,0.05579,106.0,0.0558,430.0
1753531734362,12:08:54.362,BRETT/USDT:USDT,0.05571,90.0,0.0557,1520.0,0.05579,152.0,0.0558,430.0
1753531734472,12:08:54.472,BRETT/USDT:USDT,0.05571,555.0,0.0557,1520.0,0.0558,430.0,0.05581,1251.0
1753531734530,12:08:54.530,BRETT/USDT:USDT,0.05571,555.0,0.0557,1520.0,0.0558,384.0,0.05581,1251.0
1753531734626,12:08:54.626,BRETT/USDT:USDT,0.05571,555.0,0.0557,1520.0,0.0558,384.0,0.05581,1251.0
1753531734811,12:08:54.811,BRETT/USDT:USDT,0.05571,555.0,0.0557,1520.0,0.0558,384.0,0.05581,1251.0
1753531735045,12:08:55.045,BRETT/USDT:USDT,0.05571,555.0,0.0557,1520.0,0.0558,384.0,0.05581,1251.0
1753531735180,12:08:55.180,BRETT/USDT:USDT,0.05571,555.0,0.0557,1520.0,0.0558,384.0,0.05581,1251.0
1753531736175,12:08:56.175,BRETT/USDT:USDT,0.05571,555.0,0.0557,1520.0,0.0558,384.0,0.05581,1251.0
1753531737822,12:08:57.822,BRETT/USDT:USDT,0.05571,555.0,0.0557,1520.0,0.0558,9.0,0.05581,786.0
1753531737887,12:08:57.887,BRETT/USDT:USDT,0.05571,555.0,0.0557,1520.0,0.05581,795.0,0.05582,982.0
1753531738016,12:08:58.016,BRETT/USDT:USDT,0.05571,555.0,0.0557,1520.0,0.05581,795.0,0.05582,982.0
1753531740268,12:09:00.268,BRETT/USDT:USDT,0.05571,555.0,0.0557,2599.0,0.05581,795.0,0.05582,982.0
1753531740376,12:09:00.376,BRETT/USDT:USDT,0.05571,1599.0,0.0557,2645.0,0.05581,9.0,0.05582,936.0
1753531740468,12:09:00.468,BRETT/USDT:USDT,0.05573,38.0,0.05572,146.0,0.05581,9.0,0.05583,1716.0
1753531740564,12:09:00.564,BRETT/USDT:USDT,0.05575,38.0,0.05574,52.0,0.05582,9.0,0.05583,1716.0
1753531740677,12:09:00.677,BRETT/USDT:USDT,0.05577,38.0,0.05576,105.0,0.05582,9.0,0.05583,1822.0
1753531740723,12:09:00.723,BRETT/USDT:USDT,0.05578,90.0,0.05576,53.0,0.05582,9.0,0.05583,846.0
1753531740814,12:09:00.814,BRETT/USDT:USDT,0.05578,52.0,0.05577,38.0,0.05583,855.0,0.05584,504.0
1753531740978,12:09:00.978,BRETT/USDT:USDT,0.05578,90.0,0.05576,53.0,0.05583,855.0,0.05584,504.0
1753531741006,12:09:01.006,BRETT/USDT:USDT,0.05578,90.0,0.05576,53.0,0.05583,855.0,0.05584,504.0
1753531741173,12:09:01.173,BRETT/USDT:USDT,0.05578,90.0,0.05576,53.0,0.05583,855.0,0.05584,504.0
1753531741198,12:09:01.198,BRETT/USDT:USDT,0.05578,90.0,0.05576,53.0,0.05583,855.0,0.05584,504.0
1753531741322,12:09:01.322,BRETT/USDT:USDT,0.05578,90.0,0.05576,53.0,0.05583,855.0,0.05584,504.0
1753531741526,12:09:01.526,BRETT/USDT:USDT,0.05578,90.0,0.05576,53.0,0.05583,802.0,0.05584,504.0
1753531742030,12:09:02.030,BRETT/USDT:USDT,0.05578,90.0,0.05576,53.0,0.05583,802.0,0.05584,557.0
1753531742151,12:09:02.151,BRETT/USDT:USDT,0.05578,90.0,0.05576,53.0,0.05583,802.0,0.05584,557.0
1753531742333,12:09:02.333,BRETT/USDT:USDT,0.05578,90.0,0.05576,53.0,0.05583,802.0,0.05584,557.0
1753531742870,12:09:02.870,BRETT/USDT:USDT,0.05578,90.0,0.05576,53.0,0.05583,802.0,0.05584,557.0
1753531743177,12:09:03.177,BRETT/USDT:USDT,0.05578,90.0,0.05576,53.0,0.05583,802.0,0.05584,557.0
1753531743403,12:09:03.403,BRETT/USDT:USDT,0.05578,90.0,0.05576,53.0,0.05583,802.0,0.05584,557.0
1753531743740,12:09:03.740,BRETT/USDT:USDT,0.05578,90.0,0.05576,53.0,0.05583,802.0,0.05584,557.0
1753531743816,12:09:03.816,BRETT/USDT:USDT,0.05578,52.0,0.05577,38.0,0.05583,802.0,0.05584,557.0
1753531744357,12:09:04.357,BRETT/USDT:USDT,0.05578,90.0,0.05576,53.0,0.05583,802.0,0.05584,557.0
1753531745003,12:09:05.003,BRETT/USDT:USDT,0.05578,90.0,0.05576,53.0,0.05583,802.0,0.05584,557.0
1753531745563,12:09:05.563,BRETT/USDT:USDT,0.05578,90.0,0.05574,100.0,0.05582,99.0,0.05583,901.0
1753531745679,12:09:05.679,BRETT/USDT:USDT,0.05578,90.0,0.05572,558.0,0.05582,557.0,0.05583,161.0
1753531745775,12:09:05.775,BRETT/USDT:USDT,0.05573,38.0,0.05572,100.0,0.05581,839.0,0.05582,610.0
1753531745862,12:09:05.862,BRETT/USDT:USDT,0.05573,38.0,0.05572,100.0,0.0558,435.0,0.05581,1297.0
1753531745910,12:09:05.910,BRETT/USDT:USDT,0.05573,38.0,0.05572,100.0,0.0558,786.0,0.05581,566.0
1753531746042,12:09:06.042,BRETT/USDT:USDT,0.05573,38.0,0.05572,100.0,0.0558,786.0,0.05581,1679.0
1753531746082,12:09:06.082,BRETT/USDT:USDT,0.05573,38.0,0.05572,100.0,0.0558,839.0,0.05581,1679.0
1753531746405,12:09:06.405,BRETT/USDT:USDT,0.05573,38.0,0.05572,100.0,0.0558,839.0,0.05581,1679.0
1753531746880,12:09:06.880,BRETT/USDT:USDT,0.05573,38.0,0.05572,153.0,0.05578,106.0,0.05579,106.0
1753531746920,12:09:06.920,BRETT/USDT:USDT,0.05573,38.0,0.05572,206.0,0.05578,106.0,0.05579,106.0
1753531746987,12:09:06.987,BRETT/USDT:USDT,0.05574,1.0,0.05573,38.0,0.05578,106.0,0.05579,106.0
1753531747221,12:09:07.221,BRETT/USDT:USDT,0.05574,1.0,0.05573,38.0,0.05578,106.0,0.05579,106.0
1753531747639,12:09:07.639,BRETT/USDT:USDT,0.05574,1.0,0.05573,38.0,0.05578,106.0,0.05579,106.0
1753531747757,12:09:07.757,BRETT/USDT:USDT,0.05574,1.0,0.05573,38.0,0.05578,106.0,0.05579,106.0
1753531748056,12:09:08.056,BRETT/USDT:USDT,0.05574,1.0,0.05573,38.0,0.05578,106.0,0.05579,106.0
1753531749722,12:09:09.722,BRETT/USDT:USDT,0.05574,1.0,0.05573,38.0,0.05578,106.0,0.05579,106.0
1753531750004,12:09:10.004,BRETT/USDT:USDT,0.05574,1.0,0.05573,38.0,0.05578,106.0,0.05579,106.0
1753531750135,12:09:10.135,BRETT/USDT:USDT,0.05574,1.0,0.05573,38.0,0.05578,106.0,0.05579,106.0
1753531750576,12:09:10.576,BRETT/USDT:USDT,0.05574,1.0,0.05573,38.0,0.05578,106.0,0.05579,106.0
1753531750977,12:09:10.977,BRETT/USDT:USDT,0.05574,1.0,0.05573,38.0,0.05578,106.0,0.05579,978.0
1753531751071,12:09:11.071,BRETT/USDT:USDT,0.05574,1.0,0.05573,38.0,0.05578,152.0,0.05579,982.0
1753531751092,12:09:11.092,BRETT/USDT:USDT,0.05574,1.0,0.05573,38.0,0.05578,152.0,0.05579,987.0
1753531751274,12:09:11.274,BRETT/USDT:USDT,0.05574,1.0,0.05573,38.0,0.05578,152.0,0.05579,987.0
1753531751282,12:09:11.282,BRETT/USDT:USDT,0.05574,1.0,0.05573,38.0,0.05578,152.0,0.05579,987.0
1753531751604,12:09:11.604,BRETT/USDT:USDT,0.05574,1.0,0.05571,38.0,0.05578,152.0,0.05579,987.0
1753531752240,12:09:12.240,BRETT/USDT:USDT,0.05574,1.0,0.05571,38.0,0.05578,152.0,0.05579,987.0
1753531752362,12:09:12.362,BRETT/USDT:USDT,0.05574,1.0,0.05571,38.0,0.05578,152.0,0.05579,987.0
1753531752627,12:09:12.627,BRETT/USDT:USDT,0.05574,1.0,0.05571,38.0,0.05578,152.0,0.05579,987.0
1753531753013,12:09:13.013,BRETT/USDT:USDT,0.05574,1.0,0.05571,38.0,0.05578,152.0,0.05579,987.0
1753531754004,12:09:14.004,BRETT/USDT:USDT,0.05574,1.0,0.05571,38.0,0.05578,152.0,0.05579,987.0
1753531754528,12:09:14.528,BRETT/USDT:USDT,0.05574,1.0,0.05571,38.0,0.05578,819.0,0.05579,987.0
1753531754662,12:09:14.662,BRETT/USDT:USDT,0.05571,38.0,0.0557,1066.0,0.05577,500.0,0.05578,819.0
1753531754767,12:09:14.767,BRETT/USDT:USDT,0.05571,38.0,0.0557,1066.0,0.05577,500.0,0.05578,819.0
1753531754978,12:09:14.978,BRETT/USDT:USDT,0.05571,38.0,0.05568,1.0,0.05577,500.0,0.05578,819.0
1753531754994,12:09:14.994,BRETT/USDT:USDT,0.05568,39.0,0.05567,377.0,0.05577,500.0,0.05578,819.0
1753531755083,12:09:15.083,BRETT/USDT:USDT,0.05568,39.0,0.05567,377.0,0.05577,500.0,0.05578,819.0
1753531755375,12:09:15.375,BRETT/USDT:USDT,0.05568,39.0,0.05567,377.0,0.05577,500.0,0.05578,819.0
1753531756146,12:09:16.146,BRETT/USDT:USDT,0.05568,39.0,0.05567,377.0,0.05577,500.0,0.05578,819.0
1753531756188,12:09:16.188,BRETT/USDT:USDT,0.05568,39.0,0.05567,377.0,0.05577,500.0,0.05578,819.0
1753531757017,12:09:17.017,BRETT/USDT:USDT,0.05568,39.0,0.05567,377.0,0.05577,500.0,0.05578,819.0
1753531757378,12:09:17.378,BRETT/USDT:USDT,0.05568,39.0,0.05567,377.0,0.05576,46.0,0.05577,500.0
1753531757414,12:09:17.414,BRETT/USDT:USDT,0.05568,1.0,0.05567,38.0,0.05576,500.0,0.05577,500.0
1753531757579,12:09:17.579,BRETT/USDT:USDT,0.05568,1.0,0.05567,38.0,0.05576,500.0,0.05577,3580.0
1753531757658,12:09:17.658,BRETT/USDT:USDT,0.05568,1.0,0.05567,38.0,0.05576,1789.0,0.05577,3580.0
1753531757763,12:09:17.763,BRETT/USDT:USDT,0.05568,1.0,0.05567,38.0,0.05576,1789.0,0.05577,3580.0
1753531757877,12:09:17.877,BRETT/USDT:USDT,0.05568,1.0,0.05567,38.0,0.05576,1789.0,0.05577,4320.0
1753531757919,12:09:17.919,BRETT/USDT:USDT,0.05568,1.0,0.05567,38.0,0.05576,1789.0,0.05577,4320.0
1753531758009,12:09:18.009,BRETT/USDT:USDT,0.05568,1.0,0.05567,38.0,0.05576,1789.0,0.05577,4320.0
1753531758638,12:09:18.638,BRETT/USDT:USDT,0.05568,1.0,0.05567,38.0,0.05575,153.0,0.05576,1789.0
1753531759292,12:09:19.292,BRETT/USDT:USDT,0.05568,1.0,0.05567,38.0,0.05575,153.0,0.05576,1789.0
1753531760175,12:09:20.175,BRETT/USDT:USDT,0.05568,1.0,0.05567,38.0,0.05575,153.0,0.05576,1789.0
1753531760366,12:09:20.366,BRETT/USDT:USDT,0.05569,38.0,0.05568,54.0,0.05575,153.0,0.05576,1789.0
1753531760382,12:09:20.382,BRETT/USDT:USDT,0.05569,38.0,0.05568,54.0,0.05575,206.0,0.05576,1789.0
1753531760554,12:09:20.554,BRETT/USDT:USDT,0.05568,1.0,0.05567,38.0,0.05575,252.0,0.05576,1789.0
1753531760674,12:09:20.674,BRETT/USDT:USDT,0.05568,1.0,0.05567,38.0,0.05575,252.0,0.05576,1583.0
1753531760681,12:09:20.681,BRETT/USDT:USDT,0.05568,1.0,0.05567,38.0,0.05575,458.0,0.05576,1583.0
1753531761004,12:09:21.004,BRETT/USDT:USDT,0.05568,1.0,0.05567,38.0,0.05575,458.0,0.05576,1583.0
1753531761086,12:09:21.086,BRETT/USDT:USDT,0.05568,1.0,0.05567,38.0,0.05575,458.0,0.05576,1583.0
1753531762277,12:09:22.277,BRETT/USDT:USDT,0.05568,1.0,0.05567,38.0,0.05575,1198.0,0.05576,1583.0
1753531762298,12:09:22.298,BRETT/USDT:USDT,0.05568,1.0,0.05567,38.0,0.05574,405.0,0.05575,1647.0
1753531762475,12:09:22.475,BRETT/USDT:USDT,0.05568,1.0,0.05567,38.0,0.05574,414.0,0.05575,1647.0
1753531762524,12:09:22.524,BRETT/USDT:USDT,0.05568,1.0,0.05567,38.0,0.05574,414.0,0.05575,1647.0
1753531762675,12:09:22.675,BRETT/USDT:USDT,0.05568,1.0,0.05567,38.0,0.05574,414.0,0.05575,1647.0
1753531763010,12:09:23.010,BRETT/USDT:USDT,0.05568,1.0,0.05567,38.0,0.05574,414.0,0.05575,1647.0
1753531763445,12:09:23.445,BRETT/USDT:USDT,0.05568,1.0,0.05567,38.0,0.05574,414.0,0.05575,1647.0
1753531764053,12:09:24.053,BRETT/USDT:USDT,0.05568,1.0,0.05567,38.0,0.05574,414.0,0.05575,1441.0
1753531764189,12:09:24.189,BRETT/USDT:USDT,0.05568,1.0,0.05567,38.0,0.05574,414.0,0.05575,1441.0
1753531764674,12:09:24.674,BRETT/USDT:USDT,0.05568,1.0,0.05566,38.0,0.05573,449.0,0.05574,414.0
1753531764751,12:09:24.751,BRETT/USDT:USDT,0.05568,39.0,0.05562,1079.0,0.05572,46.0,0.05573,826.0
1753531764864,12:09:24.864,BRETT/USDT:USDT,0.05568,39.0,0.05563,458.0,0.05572,136.0,0.05573,1272.0
1753531764972,12:09:24.972,BRETT/USDT:USDT,0.05568,1.0,0.05563,496.0,0.05572,46.0,0.05573,601.0
1753531765078,12:09:25.078,BRETT/USDT:USDT,0.05568,1.0,0.05563,496.0,0.05572,46.0,0.05573,601.0
1753531765107,12:09:25.107,BRETT/USDT:USDT,0.05568,1.0,0.05563,496.0,0.05572,46.0,0.05573,601.0
1753531765198,12:09:25.198,BRETT/USDT:USDT,0.05568,1.0,0.05563,496.0,0.05573,152.0,0.05574,414.0
1753531765361,12:09:25.361,BRETT/USDT:USDT,0.05568,1.0,0.05563,496.0,0.05573,427.0,0.05574,863.0
1753531765422,12:09:25.422,BRETT/USDT:USDT,0.05568,1.0,0.05563,496.0,0.05573,427.0,0.05574,863.0
1753531765622,12:09:25.622,BRETT/USDT:USDT,0.05568,1.0,0.05563,496.0,0.05573,427.0,0.05574,863.0
1753531766055,12:09:26.055,BRETT/USDT:USDT,0.05568,1.0,0.05563,496.0,0.05572,46.0,0.05573,1167.0
1753531766093,12:09:26.093,BRETT/USDT:USDT,0.05568,1.0,0.05563,496.0,0.05572,46.0,0.05573,1167.0
1753531766349,12:09:26.349,BRETT/USDT:USDT,0.05568,1.0,0.05563,496.0,0.05572,46.0,0.05573,1167.0
1753531766975,12:09:26.975,BRETT/USDT:USDT,0.05568,1.0,0.05563,496.0,0.05572,46.0,0.05573,1167.0
1753531767062,12:09:27.062,BRETT/USDT:USDT,0.05568,1.0,0.05563,496.0,0.05572,46.0,0.05573,1972.0
1753531767147,12:09:27.147,BRETT/USDT:USDT,0.05568,1.0,0.05563,496.0,0.05572,55.0,0.05573,1972.0
1753531767272,12:09:27.272,BRETT/USDT:USDT,0.05568,1.0,0.05563,496.0,0.05572,540.0,0.05573,2421.0
1753531767578,12:09:27.578,BRETT/USDT:USDT,0.05563,38.0,0.0556,418.0,0.05571,601.0,0.05572,646.0
1753531767666,12:09:27.666,BRETT/USDT:USDT,0.05566,60.0,0.0556,38.0,0.05569,152.0,0.0557,1303.0
1753531767779,12:09:27.779,BRETT/USDT:USDT,0.05566,60.0,0.0556,38.0,0.05568,9.0,0.05569,152.0
1753531767978,12:09:27.978,BRETT/USDT:USDT,0.0556,38.0,0.05559,465.0,0.05568,55.0,0.05569,99.0
1753531768078,12:09:28.078,BRETT/USDT:USDT,0.0556,38.0,0.05559,465.0,0.05568,55.0,0.05569,99.0
1753531768103,12:09:28.103,BRETT/USDT:USDT,0.0556,38.0,0.05559,465.0,0.05568,55.0,0.05569,99.0
1753531768240,12:09:28.240,BRETT/USDT:USDT,0.0556,144.0,0.05559,465.0,0.05568,55.0,0.05569,99.0
1753531768434,12:09:28.434,BRETT/USDT:USDT,0.0556,144.0,0.05559,465.0,0.05568,55.0,0.05569,99.0
1753531768496,12:09:28.496,BRETT/USDT:USDT,0.0556,144.0,0.05559,465.0,0.05568,55.0,0.05569,99.0
1753531768662,12:09:28.662,BRETT/USDT:USDT,0.0556,144.0,0.05559,465.0,0.05568,55.0,0.05569,99.0
1753531769022,12:09:29.022,BRETT/USDT:USDT,0.0556,144.0,0.05559,465.0,0.05568,55.0,0.05569,485.0
1753531769218,12:09:29.218,BRETT/USDT:USDT,0.0556,144.0,0.05559,465.0,0.05568,9.0,0.05569,485.0
1753531769284,12:09:29.284,BRETT/USDT:USDT,0.0556,144.0,0.05559,465.0,0.05568,9.0,0.05569,485.0
1753531770008,12:09:30.008,BRETT/USDT:USDT,0.0556,144.0,0.05559,465.0,0.05568,9.0,0.05569,485.0
1753531770190,12:09:30.190,BRETT/USDT:USDT,0.0556,144.0,0.05559,465.0,0.05568,9.0,0.05569,485.0
1753531770613,12:09:30.613,BRETT/USDT:USDT,0.0556,144.0,0.05559,465.0,0.05568,9.0,0.05569,485.0
1753531771142,12:09:31.142,BRETT/USDT:USDT,0.0556,144.0,0.05559,465.0,0.05568,9.0,0.05569,485.0
1753531771561,12:09:31.561,BRETT/USDT:USDT,0.0556,144.0,0.05559,465.0,0.05568,9.0,0.05569,485.0
1753531771649,12:09:31.649,BRETT/USDT:USDT,0.0556,144.0,0.05559,465.0,0.05568,9.0,0.05569,485.0
1753531771684,12:09:31.684,BRETT/USDT:USDT,0.0556,144.0,0.05559,465.0,0.05568,9.0,0.05569,485.0
1753531771848,12:09:31.848,BRETT/USDT:USDT,0.0556,144.0,0.05559,465.0,0.05568,9.0,0.05569,485.0
1753531771894,12:09:31.894,BRETT/USDT:USDT,0.0556,144.0,0.05559,465.0,0.05568,9.0,0.05569,485.0
1753531772158,12:09:32.158,BRETT/USDT:USDT,0.0556,144.0,0.05559,465.0,0.05568,9.0,0.05569,485.0
1753531772577,12:09:32.577,BRETT/USDT:USDT,0.0556,144.0,0.05559,465.0,0.05568,9.0,0.05569,485.0
1753531772661,12:09:32.661,BRETT/USDT:USDT,0.0556,144.0,0.05559,465.0,0.05568,9.0,0.05569,485.0
1753531772763,12:09:32.763,BRETT/USDT:USDT,0.0556,144.0,0.05559,465.0,0.05568,9.0,0.05569,485.0
1753531772859,12:09:32.859,BRETT/USDT:USDT,0.0556,144.0,0.05559,465.0,0.05568,9.0,0.05569,485.0
1753531772978,12:09:32.978,BRETT/USDT:USDT,0.0556,144.0,0.05559,465.0,0.05568,515.0,0.05569,945.0
1753531773070,12:09:33.070,BRETT/USDT:USDT,0.05559,38.0,0.05558,1098.0,0.05567,46.0,0.05568,515.0
1753531773169,12:09:33.169,BRETT/USDT:USDT,0.05559,38.0,0.05558,10.0,0.05566,506.0,0.05567,506.0
1753531773278,12:09:33.278,BRETT/USDT:USDT,0.05558,48.0,0.05556,696.0,0.05565,51.0,0.05566,559.0
1753531773370,12:09:33.370,BRETT/USDT:USDT,0.05558,949.0,0.05557,38.0,0.05565,104.0,0.05566,559.0
1753531773474,12:09:33.474,BRETT/USDT:USDT,0.05558,949.0,0.05557,38.0,0.05564,46.0,0.05565,494.0
1753531773562,12:09:33.562,BRETT/USDT:USDT,0.05558,10.0,0.05556,39.0,0.05564,99.0,0.05565,494.0
1753531773662,12:09:33.662,BRETT/USDT:USDT,0.05558,10.0,0.05556,39.0,0.05564,99.0,0.05565,494.0
1753531773777,12:09:33.777,BRETT/USDT:USDT,0.05558,101.0,0.05556,1.0,0.05565,441.0,0.05566,1866.0
1753531773866,12:09:33.866,BRETT/USDT:USDT,0.05558,69.0,0.05556,1.0,0.05565,441.0,0.05566,1866.0
1753531773951,12:09:33.951,BRETT/USDT:USDT,0.05558,69.0,0.05556,1.0,0.05565,390.0,0.05566,1866.0
1753531774036,12:09:34.036,BRETT/USDT:USDT,0.05558,38.0,0.05556,1.0,0.05566,1866.0,0.05567,3646.0
1753531774158,12:09:34.158,BRETT/USDT:USDT,0.05556,39.0,0.05555,1804.0,0.05563,5.0,0.05565,46.0
1753531774277,12:09:34.277,BRETT/USDT:USDT,0.05559,129.0,0.05556,145.0,0.05564,106.0,0.05565,668.0
1753531774349,12:09:34.349,BRETT/USDT:USDT,0.05559,129.0,0.05558,53.0,0.05563,9.0,0.05564,106.0
1753531774409,12:09:34.409,BRETT/USDT:USDT,0.05559,129.0,0.05558,91.0,0.05563,9.0,0.05564,106.0
1753531774575,12:09:34.575,BRETT/USDT:USDT,0.05559,129.0,0.05558,91.0,0.05563,9.0,0.05564,106.0
1753531774669,12:09:34.669,BRETT/USDT:USDT,0.05559,129.0,0.05558,144.0,0.05563,9.0,0.05564,53.0
1753531774767,12:09:34.767,BRETT/USDT:USDT,0.05559,167.0,0.05558,106.0,0.05564,9.0,0.05566,1866.0
1753531774808,12:09:34.808,BRETT/USDT:USDT,0.05559,167.0,0.05558,106.0,0.05565,9.0,0.05566,1866.0
1753531775028,12:09:35.028,BRETT/USDT:USDT,0.05559,167.0,0.05558,106.0,0.05565,115.0,0.05566,1866.0
1753531775643,12:09:35.643,BRETT/USDT:USDT,0.05559,167.0,0.05558,106.0,0.05565,115.0,0.05566,1866.0
1753531775941,12:09:35.941,BRETT/USDT:USDT,0.05559,167.0,0.05558,106.0,0.05565,9.0,0.05566,1820.0
1753531776062,12:09:36.062,BRETT/USDT:USDT,0.05559,167.0,0.05558,106.0,0.05565,62.0,0.05566,1080.0
1753531776162,12:09:36.162,BRETT/USDT:USDT,0.05559,167.0,0.05558,106.0,0.05565,115.0,0.05567,46.0
1753531776199,12:09:36.199,BRETT/USDT:USDT,0.05559,167.0,0.05558,106.0,0.05565,9.0,0.05567,46.0
1753531776351,12:09:36.351,BRETT/USDT:USDT,0.05559,167.0,0.05558,106.0,0.05567,9.0,0.05568,786.0
1753531776419,12:09:36.419,BRETT/USDT:USDT,0.05559,167.0,0.05558,106.0,0.05567,9.0,0.05568,786.0
1753531776647,12:09:36.647,BRETT/USDT:USDT,0.05559,627.0,0.05558,106.0,0.05567,9.0,0.05568,740.0
1753531776702,12:09:36.702,BRETT/USDT:USDT,0.05559,627.0,0.05558,106.0,0.05567,9.0,0.05568,740.0
1753531777114,12:09:37.114,BRETT/USDT:USDT,0.05559,627.0,0.05558,106.0,0.05567,9.0,0.05568,740.0
1753531777382,12:09:37.382,BRETT/USDT:USDT,0.05559,627.0,0.05558,106.0,0.05567,9.0,0.05568,740.0
1753531777813,12:09:37.813,BRETT/USDT:USDT,0.05561,1033.0,0.0556,3193.0,0.05567,9.0,0.05568,740.0
1753531777883,12:09:37.883,BRETT/USDT:USDT,0.05561,1033.0,0.0556,3193.0,0.05567,9.0,0.05568,740.0
1753531778008,12:09:38.008,BRETT/USDT:USDT,0.05561,1033.0,0.0556,3193.0,0.05567,9.0,0.05568,740.0
1753531778207,12:09:38.207,BRETT/USDT:USDT,0.05561,1033.0,0.0556,3193.0,0.05567,9.0,0.05568,740.0
1753531778352,12:09:38.352,BRETT/USDT:USDT,0.05561,1033.0,0.0556,3193.0,0.05567,9.0,0.05568,740.0
1753531778561,12:09:38.561,BRETT/USDT:USDT,0.05561,1033.0,0.0556,3653.0,0.05567,9.0,0.05568,740.0
1753531778661,12:09:38.661,BRETT/USDT:USDT,0.05561,1033.0,0.0556,3653.0,0.05567,9.0,0.0557,740.0
1753531778776,12:09:38.776,BRETT/USDT:USDT,0.05561,1033.0,0.0556,3653.0,0.05569,9.0,0.0557,740.0
1753531778840,12:09:38.840,BRETT/USDT:USDT,0.05561,1033.0,0.0556,3653.0,0.05569,9.0,0.0557,740.0
1753531778946,12:09:38.946,BRETT/USDT:USDT,0.05561,1033.0,0.0556,3653.0,0.05569,9.0,0.0557,740.0
1753531779059,12:09:39.059,BRETT/USDT:USDT,0.05561,1033.0,0.0556,3699.0,0.05569,9.0,0.0557,740.0
1753531779462,12:09:39.462,BRETT/USDT:USDT,0.05563,191.0,0.05562,614.0,0.05569,9.0,0.05572,740.0
1753531779538,12:09:39.538,BRETT/USDT:USDT,0.05563,191.0,0.05562,614.0,0.05569,5.0,0.05572,740.0
1753531779604,12:09:39.604,BRETT/USDT:USDT,0.05563,191.0,0.05562,614.0,0.05571,9.0,0.05572,740.0
1753531779756,12:09:39.756,BRETT/USDT:USDT,0.05563,191.0,0.05562,614.0,0.05571,9.0,0.05572,740.0
1753531779863,12:09:39.863,BRETT/USDT:USDT,0.05563,191.0,0.05562,614.0,0.05571,9.0,0.05572,740.0
1753531779966,12:09:39.966,BRETT/USDT:USDT,0.05563,191.0,0.05562,614.0,0.05571,9.0,0.05572,740.0
1753531780012,12:09:40.012,BRETT/USDT:USDT,0.05563,191.0,0.05562,614.0,0.05571,9.0,0.05572,740.0
1753531780277,12:09:40.277,BRETT/USDT:USDT,0.05563,191.0,0.05562,614.0,0.05571,9.0,0.05572,740.0
1753531780344,12:09:40.344,BRETT/USDT:USDT,0.05563,1160.0,0.05562,1739.0,0.05571,9.0,0.05572,740.0
1753531780442,12:09:40.442,BRETT/USDT:USDT,0.05563,1160.0,0.05562,1739.0,0.05571,9.0,0.05572,740.0
1753531781079,12:09:41.079,BRETT/USDT:USDT,0.05563,1275.0,0.05562,1739.0,0.05571,9.0,0.05572,740.0
1753531781157,12:09:41.157,BRETT/USDT:USDT,0.05565,91.0,0.05564,225.0,0.05571,9.0,0.05572,740.0
1753531781269,12:09:41.269,BRETT/USDT:USDT,0.05566,110.0,0.05565,106.0,0.05571,9.0,0.05574,740.0
1753531781359,12:09:41.359,BRETT/USDT:USDT,0.05566,1084.0,0.05565,3246.0,0.05573,9.0,0.05574,740.0
1753531781407,12:09:41.407,BRETT/USDT:USDT,0.05566,1084.0,0.05565,3246.0,0.05573,9.0,0.05574,740.0
1753531781502,12:09:41.502,BRETT/USDT:USDT,0.05566,1084.0,0.05565,3246.0,0.05573,9.0,0.05574,740.0
1753531781665,12:09:41.665,BRETT/USDT:USDT,0.05566,1084.0,0.05565,3246.0,0.05573,9.0,0.05574,740.0
1753531781771,12:09:41.771,BRETT/USDT:USDT,0.05566,1084.0,0.05565,3753.0,0.05573,9.0,0.05576,1818.0
1753531781827,12:09:41.827,BRETT/USDT:USDT,0.05566,1084.0,0.05565,3753.0,0.05575,9.0,0.05576,1818.0
1753531781962,12:09:41.962,BRETT/USDT:USDT,0.05566,1084.0,0.05565,3753.0,0.05575,9.0,0.05576,740.0
1753531782037,12:09:42.037,BRETT/USDT:USDT,0.05566,1622.0,0.05565,3753.0,0.05575,9.0,0.05576,740.0
1753531782119,12:09:42.119,BRETT/USDT:USDT,0.05566,1622.0,0.05565,3753.0,0.05575,9.0,0.05576,740.0
1753531782215,12:09:42.215,BRETT/USDT:USDT,0.05566,1622.0,0.05565,3753.0,0.05575,9.0,0.05576,740.0
1753531782375,12:09:42.375,BRETT/USDT:USDT,0.05568,38.0,0.05567,100.0,0.05575,9.0,0.05576,740.0
1753531782416,12:09:42.416,BRETT/USDT:USDT,0.05569,109.0,0.05568,106.0,0.05575,9.0,0.05576,740.0
1753531782520,12:09:42.520,BRETT/USDT:USDT,0.05569,109.0,0.05568,106.0,0.05575,9.0,0.05576,740.0
1753531782735,12:09:42.735,BRETT/USDT:USDT,0.05569,109.0,0.05568,106.0,0.05575,9.0,0.05576,740.0
1753531783154,12:09:43.154,BRETT/USDT:USDT,0.05569,109.0,0.05568,106.0,0.05575,9.0,0.05576,740.0
1753531783321,12:09:43.321,BRETT/USDT:USDT,0.05569,109.0,0.05568,106.0,0.05575,62.0,0.05576,740.0
1753531783419,12:09:43.419,BRETT/USDT:USDT,0.05569,56.0,0.05568,53.0,0.05575,62.0,0.05576,786.0
1753531783499,12:09:43.499,BRETT/USDT:USDT,0.05569,56.0,0.05567,100.0,0.05575,855.0,0.05576,46.0
1753531783675,12:09:43.675,BRETT/USDT:USDT,0.05569,56.0,0.05567,100.0,0.05575,901.0,0.05576,46.0
1753531783756,12:09:43.756,BRETT/USDT:USDT,0.05569,56.0,0.05567,100.0,0.05575,901.0,0.05576,46.0
1753531785012,12:09:45.012,BRETT/USDT:USDT,0.05569,56.0,0.05567,100.0,0.05575,901.0,0.05576,46.0
1753531785576,12:09:45.576,BRETT/USDT:USDT,0.05569,56.0,0.05567,100.0,0.05575,901.0,0.05576,46.0
1753531786046,12:09:46.046,BRETT/USDT:USDT,0.05569,56.0,0.05567,100.0,0.05575,901.0,0.05576,46.0
1753531786276,12:09:46.276,BRETT/USDT:USDT,0.05569,56.0,0.05567,100.0,0.05575,855.0,0.05576,46.0
1753531786313,12:09:46.313,BRETT/USDT:USDT,0.05569,56.0,0.05567,100.0,0.05575,855.0,0.05576,46.0
1753531786394,12:09:46.394,BRETT/USDT:USDT,0.05569,162.0,0.05567,100.0,0.05575,855.0,0.05576,46.0
1753531786563,12:09:46.563,BRETT/USDT:USDT,0.05569,162.0,0.05567,100.0,0.05575,802.0,0.05577,501.0
1753531786622,12:09:46.622,BRETT/USDT:USDT,0.05569,162.0,0.05567,100.0,0.05575,9.0,0.05576,372.0
1753531786766,12:09:46.766,BRETT/USDT:USDT,0.05569,162.0,0.05567,100.0,0.05575,115.0,0.05576,372.0
1753531787194,12:09:47.194,BRETT/USDT:USDT,0.05569,162.0,0.05567,100.0,0.05575,115.0,0.05576,418.0
1753531787283,12:09:47.283,BRETT/USDT:USDT,0.05569,109.0,0.05567,100.0,0.05575,115.0,0.05576,418.0
1753531787544,12:09:47.544,BRETT/USDT:USDT,0.05569,162.0,0.05567,100.0,0.05575,115.0,0.05576,418.0
1753531787646,12:09:47.646,BRETT/USDT:USDT,0.05569,162.0,0.05567,100.0,0.05575,62.0,0.05576,372.0
1753531787724,12:09:47.724,BRETT/USDT:USDT,0.05569,162.0,0.05567,100.0,0.05575,115.0,0.05577,786.0
1753531788005,12:09:48.005,BRETT/USDT:USDT,0.05569,162.0,0.05567,100.0,0.05575,115.0,0.05577,786.0
1753531788658,12:09:48.658,BRETT/USDT:USDT,0.05569,162.0,0.05567,100.0,0.05575,115.0,0.05577,786.0
1753531789088,12:09:49.088,BRETT/USDT:USDT,0.05569,162.0,0.05567,100.0,0.05575,115.0,0.05577,786.0
1753531790379,12:09:50.379,BRETT/USDT:USDT,0.05569,162.0,0.05567,100.0,0.05575,115.0,0.05577,786.0
1753531791470,12:09:51.470,BRETT/USDT:USDT,0.05569,56.0,0.05567,100.0,0.05575,115.0,0.05576,46.0
1753531791542,12:09:51.542,BRETT/USDT:USDT,0.05569,162.0,0.05567,100.0,0.05575,115.0,0.05576,46.0
1753531792003,12:09:52.003,BRETT/USDT:USDT,0.05569,162.0,0.05567,100.0,0.05575,115.0,0.05576,46.0
1753531792569,12:09:52.569,BRETT/USDT:USDT,0.05569,109.0,0.05567,100.0,0.05575,115.0,0.05576,46.0
1753531793022,12:09:53.022,BRETT/USDT:USDT,0.05569,162.0,0.05567,100.0,0.05575,115.0,0.05576,46.0
1753531795176,12:09:55.176,BRETT/USDT:USDT,0.05569,162.0,0.05567,100.0,0.05575,115.0,0.05576,46.0
1753531795229,12:09:55.229,BRETT/USDT:USDT,0.05569,162.0,0.05567,100.0,0.05575,115.0,0.05576,46.0
1753531797066,12:09:57.066,BRETT/USDT:USDT,0.05569,162.0,0.05567,100.0,0.05575,115.0,0.05577,786.0
1753531798410,12:09:58.410,BRETT/USDT:USDT,0.05569,162.0,0.05567,100.0,0.05575,115.0,0.05577,786.0
1753531799207,12:09:59.207,BRETT/USDT:USDT,0.05569,56.0,0.05567,100.0,0.05575,115.0,0.05576,46.0
1753531799976,12:09:59.976,BRETT/USDT:USDT,0.05569,56.0,0.05567,100.0,0.05575,115.0,0.05576,46.0
1753531800037,12:10:00.037,BRETT/USDT:USDT,0.05569,109.0,0.05567,100.0,0.05575,115.0,0.05576,46.0
1753531800172,12:10:00.172,BRETT/USDT:USDT,0.05569,106.0,0.05567,100.0,0.05575,62.0,0.05577,786.0
1753531800245,12:10:00.245,BRETT/USDT:USDT,0.05569,156.0,0.05567,100.0,0.05576,9.0,0.05577,786.0
1753531800366,12:10:00.366,BRETT/USDT:USDT,0.05569,156.0,0.05567,100.0,0.05576,9.0,0.05577,786.0
1753531800450,12:10:00.450,BRETT/USDT:USDT,0.05569,156.0,0.05567,100.0,0.05576,9.0,0.05577,786.0
1753531800575,12:10:00.575,BRETT/USDT:USDT,0.05569,156.0,0.05567,100.0,0.05576,9.0,0.05577,786.0
1753531800592,12:10:00.592,BRETT/USDT:USDT,0.05569,156.0,0.05567,100.0,0.05576,9.0,0.05577,786.0
1753531800860,12:10:00.860,BRETT/USDT:USDT,0.05569,56.0,0.05567,100.0,0.05576,9.0,0.05577,786.0
1753531801007,12:10:01.007,BRETT/USDT:USDT,0.05569,56.0,0.05567,100.0,0.05576,9.0,0.05577,786.0
1753531801179,12:10:01.179,BRETT/USDT:USDT,0.05569,56.0,0.05567,100.0,0.05576,9.0,0.05577,786.0
1753531801269,12:10:01.269,BRETT/USDT:USDT,0.05569,56.0,0.05567,559.0,0.05576,9.0,0.05577,786.0
1753531801282,12:10:01.282,BRETT/USDT:USDT,0.05569,56.0,0.05567,559.0,0.05576,9.0,0.05577,786.0
1753531801622,12:10:01.622,BRETT/USDT:USDT,0.05569,56.0,0.05567,559.0,0.05576,9.0,0.05577,740.0
1753531801878,12:10:01.878,BRETT/USDT:USDT,0.05569,56.0,0.05567,559.0,0.05576,9.0,0.05578,46.0
1753531801962,12:10:01.962,BRETT/USDT:USDT,0.05569,56.0,0.05567,559.0,0.05578,55.0,0.05579,46.0
1753531802010,12:10:02.010,BRETT/USDT:USDT,0.05569,56.0,0.05567,559.0,0.05578,55.0,0.05579,46.0
1753531802100,12:10:02.100,BRETT/USDT:USDT,0.05569,56.0,0.05567,559.0,0.05578,55.0,0.05579,46.0
1753531802262,12:10:02.262,BRETT/USDT:USDT,0.05569,56.0,0.05567,559.0,0.05578,55.0,0.05579,46.0
1753531802926,12:10:02.926,BRETT/USDT:USDT,0.05569,56.0,0.05567,559.0,0.05578,55.0,0.05579,46.0
1753531803134,12:10:03.134,BRETT/USDT:USDT,0.05569,56.0,0.05567,559.0,0.05578,55.0,0.05579,146.0
1753531803435,12:10:03.435,BRETT/USDT:USDT,0.05569,56.0,0.05567,559.0,0.05578,55.0,0.05579,146.0
1753531804776,12:10:04.776,BRETT/USDT:USDT,0.05569,56.0,0.05567,559.0,0.05578,55.0,0.05579,146.0
1753531804856,12:10:04.856,BRETT/USDT:USDT,0.05569,56.0,0.05567,559.0,0.05578,55.0,0.05579,146.0
1753531805838,12:10:05.838,BRETT/USDT:USDT,0.05569,56.0,0.05567,559.0,0.05578,55.0,0.05579,146.0
1753531806270,12:10:06.270,BRETT/USDT:USDT,0.05569,56.0,0.05567,559.0,0.05578,55.0,0.05579,146.0
1753531806474,12:10:06.474,BRETT/USDT:USDT,0.05569,694.0,0.05567,1057.0,0.05578,9.0,0.05579,146.0
1753531806564,12:10:06.564,BRETT/USDT:USDT,0.05569,794.0,0.05567,1057.0,0.05575,1.0,0.05578,9.0
1753531806616,12:10:06.616,BRETT/USDT:USDT,0.05569,913.0,0.05567,1057.0,0.05578,9.0,0.05579,146.0
1753531806779,12:10:06.779,BRETT/USDT:USDT,0.05573,620.0,0.05572,100.0,0.05578,9.0,0.05579,200.0
1753531806871,12:10:06.871,BRETT/USDT:USDT,0.05574,19.0,0.05573,251.0,0.05578,9.0,0.05579,200.0
1753531806962,12:10:06.962,BRETT/USDT:USDT,0.05574,19.0,0.05573,2246.0,0.05578,9.0,0.05579,200.0
1753531807258,12:10:07.258,BRETT/USDT:USDT,0.05574,19.0,0.05573,2246.0,0.05578,9.0,0.05579,200.0
1753531807344,12:10:07.344,BRETT/USDT:USDT,0.05574,19.0,0.05573,2246.0,0.05578,9.0,0.05579,200.0
1753531807718,12:10:07.718,BRETT/USDT:USDT,0.05574,19.0,0.05573,2208.0,0.05578,9.0,0.05579,200.0
1753531808239,12:10:08.239,BRETT/USDT:USDT,0.05574,19.0,0.05573,2246.0,0.05578,9.0,0.05579,200.0
1753531808561,12:10:08.561,BRETT/USDT:USDT,0.05574,19.0,0.05573,2246.0,0.05578,9.0,0.05579,200.0
1753531808775,12:10:08.775,BRETT/USDT:USDT,0.05574,19.0,0.05573,2246.0,0.05578,9.0,0.05579,150.0
1753531808879,12:10:08.879,BRETT/USDT:USDT,0.05574,743.0,0.05573,2296.0,0.05578,9.0,0.05579,100.0
1753531808973,12:10:08.973,BRETT/USDT:USDT,0.05574,743.0,0.05573,2296.0,0.05578,9.0,0.05579,100.0
1753531809075,12:10:09.075,BRETT/USDT:USDT,0.05574,693.0,0.05573,2246.0,0.05578,9.0,0.05579,150.0
1753531809272,12:10:09.272,BRETT/USDT:USDT,0.05574,693.0,0.05573,301.0,0.05578,9.0,0.05579,200.0
1753531809282,12:10:09.282,BRETT/USDT:USDT,0.05574,19.0,0.05573,301.0,0.05578,9.0,0.05579,200.0
1753531809577,12:10:09.577,BRETT/USDT:USDT,0.05574,19.0,0.05573,301.0,0.05578,9.0,0.05579,200.0
1753531809719,12:10:09.719,BRETT/USDT:USDT,0.05574,19.0,0.05573,351.0,0.05578,9.0,0.05579,200.0
1753531810007,12:10:10.007,BRETT/USDT:USDT,0.05574,19.0,0.05573,351.0,0.05578,9.0,0.05579,200.0
1753531810122,12:10:10.122,BRETT/USDT:USDT,0.05574,19.0,0.05573,351.0,0.05578,9.0,0.05579,200.0
1753531810423,12:10:10.423,BRETT/USDT:USDT,0.05574,19.0,0.05573,138.0,0.05578,9.0,0.05579,200.0
1753531810588,12:10:10.588,BRETT/USDT:USDT,0.05574,19.0,0.05573,138.0,0.05578,9.0,0.05579,200.0
1753531810752,12:10:10.752,BRETT/USDT:USDT,0.05574,19.0,0.05573,138.0,0.05578,9.0,0.05579,150.0
1753531810843,12:10:10.843,BRETT/USDT:USDT,0.05574,19.0,0.05573,138.0,0.05578,9.0,0.05579,100.0
1753531810956,12:10:10.956,BRETT/USDT:USDT,0.05574,19.0,0.05573,138.0,0.05578,9.0,0.05581,699.0
1753531811052,12:10:11.052,BRETT/USDT:USDT,0.05574,57.0,0.05573,100.0,0.0558,109.0,0.05581,699.0
1753531811137,12:10:11.137,BRETT/USDT:USDT,0.05574,57.0,0.05573,50.0,0.0558,109.0,0.05581,699.0
1753531811407,12:10:11.407,BRETT/USDT:USDT,0.05574,57.0,0.05573,50.0,0.0558,109.0,0.05581,699.0
1753531811524,12:10:11.524,BRETT/USDT:USDT,0.05574,57.0,0.0557,1079.0,0.0558,109.0,0.05581,745.0
1753531811943,12:10:11.943,BRETT/USDT:USDT,0.05574,57.0,0.05571,100.0,0.0558,109.0,0.05581,745.0
1753531812021,12:10:12.021,BRETT/USDT:USDT,0.05574,107.0,0.05571,100.0,0.0558,109.0,0.05581,745.0
1753531812409,12:10:12.409,BRETT/USDT:USDT,0.05574,57.0,0.05571,100.0,0.0558,109.0,0.05581,745.0
1753531812671,12:10:12.671,BRETT/USDT:USDT,0.05574,107.0,0.05571,100.0,0.0558,109.0,0.05581,745.0
1753531812701,12:10:12.701,BRETT/USDT:USDT,0.05574,157.0,0.05571,100.0,0.0558,59.0,0.05581,699.0
1753531813026,12:10:13.026,BRETT/USDT:USDT,0.05574,157.0,0.05571,100.0,0.0558,59.0,0.05581,699.0
1753531813284,12:10:13.284,BRETT/USDT:USDT,0.05574,157.0,0.05571,100.0,0.0558,59.0,0.05581,699.0
1753531813470,12:10:13.470,BRETT/USDT:USDT,0.05574,157.0,0.05571,100.0,0.0558,59.0,0.05581,699.0
1753531814012,12:10:14.012,BRETT/USDT:USDT,0.05574,157.0,0.05571,100.0,0.0558,59.0,0.05581,699.0
1753531814209,12:10:14.209,BRETT/USDT:USDT,0.05574,157.0,0.05571,100.0,0.0558,109.0,0.05581,745.0
1753531814377,12:10:14.377,BRETT/USDT:USDT,0.05574,157.0,0.05571,100.0,0.0558,109.0,0.05581,745.0
1753531814448,12:10:14.448,BRETT/USDT:USDT,0.05574,157.0,0.05571,100.0,0.0558,109.0,0.05581,745.0
1753531814763,12:10:14.763,BRETT/USDT:USDT,0.05574,157.0,0.05571,100.0,0.0558,109.0,0.05581,745.0
1753531814868,12:10:14.868,BRETT/USDT:USDT,0.05574,57.0,0.05571,100.0,0.0558,109.0,0.05581,745.0
1753531814909,12:10:14.909,BRETT/USDT:USDT,0.05574,57.0,0.05571,100.0,0.0558,155.0,0.05581,745.0
1753531815004,12:10:15.004,BRETT/USDT:USDT,0.05574,57.0,0.05569,638.0,0.0558,155.0,0.05581,745.0
1753531815471,12:10:15.471,BRETT/USDT:USDT,0.05574,57.0,0.05569,638.0,0.0558,155.0,0.05581,745.0
1753531815488,12:10:15.488,BRETT/USDT:USDT,0.05574,107.0,0.05569,638.0,0.0558,155.0,0.05581,745.0
1753531815766,12:10:15.766,BRETT/USDT:USDT,0.05574,107.0,0.05569,638.0,0.0558,155.0,0.05581,745.0
1753531815894,12:10:15.894,BRETT/USDT:USDT,0.05574,107.0,0.05569,638.0,0.0558,155.0,0.05581,745.0
1753531816006,12:10:16.006,BRETT/USDT:USDT,0.05574,107.0,0.05569,638.0,0.0558,155.0,0.05581,745.0
1753531816238,12:10:16.238,BRETT/USDT:USDT,0.05574,107.0,0.0557,1079.0,0.0558,155.0,0.05581,745.0
1753531816733,12:10:16.733,BRETT/USDT:USDT,0.05574,107.0,0.0557,1079.0,0.0558,155.0,0.05581,745.0
1753531817104,12:10:17.104,BRETT/USDT:USDT,0.05574,107.0,0.0557,1079.0,0.0558,155.0,0.05581,745.0
1753531817270,12:10:17.270,BRETT/USDT:USDT,0.05574,57.0,0.0557,1079.0,0.0558,155.0,0.05581,745.0
1753531817539,12:10:17.539,BRETT/USDT:USDT,0.05574,57.0,0.05569,638.0,0.0558,155.0,0.05581,745.0
1753531817655,12:10:17.655,BRETT/USDT:USDT,0.05574,57.0,0.05569,638.0,0.0558,155.0,0.05581,745.0
1753531818009,12:10:18.009,BRETT/USDT:USDT,0.05574,57.0,0.0557,1079.0,0.0558,155.0,0.05581,745.0
1753531819177,12:10:19.177,BRETT/USDT:USDT,0.05574,57.0,0.0557,1079.0,0.0558,155.0,0.05581,745.0
1753531819714,12:10:19.714,BRETT/USDT:USDT,0.05574,107.0,0.0557,1079.0,0.0558,155.0,0.05581,745.0
1753531820808,12:10:20.808,BRETT/USDT:USDT,0.05574,107.0,0.0557,1079.0,0.0558,155.0,0.05581,745.0
1753531821248,12:10:21.248,BRETT/USDT:USDT,0.05574,107.0,0.0557,1079.0,0.0558,155.0,0.05581,745.0
1753531822084,12:10:22.084,BRETT/USDT:USDT,0.05574,57.0,0.0557,1079.0,0.0558,155.0,0.05581,745.0
1753531822326,12:10:22.326,BRETT/USDT:USDT,0.05574,107.0,0.0557,1079.0,0.0558,155.0,0.05581,745.0
1753531823977,12:10:23.977,BRETT/USDT:USDT,0.05574,107.0,0.0557,1079.0,0.0558,155.0,0.05581,745.0
1753531825771,12:10:25.771,BRETT/USDT:USDT,0.05574,157.0,0.05571,100.0,0.0558,9.0,0.05581,745.0
1753531825855,12:10:25.855,BRETT/USDT:USDT,0.05574,157.0,0.05571,100.0,0.0558,9.0,0.05581,699.0
1753531826100,12:10:26.100,BRETT/USDT:USDT,0.05574,157.0,0.05571,100.0,0.0558,109.0,0.05581,699.0
1753531826968,12:10:26.968,BRETT/USDT:USDT,0.05574,157.0,0.05571,100.0,0.0558,109.0,0.05581,745.0
1753531828393,12:10:28.393,BRETT/USDT:USDT,0.05574,157.0,0.05571,100.0,0.0558,109.0,0.05581,745.0
1753531828777,12:10:28.777,BRETT/USDT:USDT,0.05574,119.0,0.05572,38.0,0.0558,109.0,0.05581,745.0
1753531828803,12:10:28.803,BRETT/USDT:USDT,0.05575,38.0,0.05574,69.0,0.0558,109.0,0.05581,745.0
1753531828885,12:10:28.885,BRETT/USDT:USDT,0.05575,38.0,0.05574,50.0,0.0558,109.0,0.05581,745.0
1753531829195,12:10:29.195,BRETT/USDT:USDT,0.05575,38.0,0.05574,50.0,0.0558,109.0,0.05581,745.0
1753531830089,12:10:30.089,BRETT/USDT:USDT,0.05575,38.0,0.05574,50.0,0.0558,109.0,0.05581,745.0
1753531830439,12:10:30.439,BRETT/USDT:USDT,0.05575,38.0,0.05574,50.0,0.0558,59.0,0.05581,745.0
1753531830919,12:10:30.919,BRETT/USDT:USDT,0.05575,38.0,0.05574,50.0,0.0558,9.0,0.05581,699.0
1753531831004,12:10:31.004,BRETT/USDT:USDT,0.05575,38.0,0.05574,50.0,0.0558,9.0,0.05581,699.0
1753531831715,12:10:31.715,BRETT/USDT:USDT,0.05575,38.0,0.05574,50.0,0.0558,9.0,0.05581,699.0
1753531832955,12:10:32.955,BRETT/USDT:USDT,0.05575,38.0,0.05574,50.0,0.0558,9.0,0.05581,699.0
1753531833007,12:10:33.007,BRETT/USDT:USDT,0.05575,38.0,0.05574,50.0,0.0558,9.0,0.05581,699.0
1753531833340,12:10:33.340,BRETT/USDT:USDT,0.05575,38.0,0.05574,50.0,0.0558,9.0,0.05581,699.0
1753531833576,12:10:33.576,BRETT/USDT:USDT,0.05575,38.0,0.05574,50.0,0.0558,9.0,0.05581,699.0
1753531833644,12:10:33.644,BRETT/USDT:USDT,0.05575,38.0,0.05574,50.0,0.0558,109.0,0.05581,745.0
1753531834013,12:10:34.013,BRETT/USDT:USDT,0.05575,38.0,0.05574,50.0,0.0558,109.0,0.05581,745.0
1753531834259,12:10:34.259,BRETT/USDT:USDT,0.05575,38.0,0.05574,50.0,0.0558,109.0,0.05581,745.0
1753531834565,12:10:34.565,BRETT/USDT:USDT,0.05575,38.0,0.05574,50.0,0.0558,109.0,0.05581,745.0
1753531834723,12:10:34.723,BRETT/USDT:USDT,0.05574,136.0,0.05571,100.0,0.0558,109.0,0.05581,745.0
1753531835250,12:10:35.250,BRETT/USDT:USDT,0.05574,136.0,0.05571,100.0,0.0558,109.0,0.05581,745.0
1753531836711,12:10:36.711,BRETT/USDT:USDT,0.05574,136.0,0.05571,100.0,0.0558,109.0,0.05581,745.0
1753531837051,12:10:37.051,BRETT/USDT:USDT,0.05574,38.0,0.05571,100.0,0.0558,854.0,0.05581,46.0
1753531837174,12:10:37.174,BRETT/USDT:USDT,0.0557,38.0,0.05569,538.0,0.05578,46.0,0.05579,745.0
1753531837245,12:10:37.245,BRETT/USDT:USDT,0.0557,38.0,0.05569,538.0,0.05578,754.0,0.05579,46.0
1753531837363,12:10:37.363,BRETT/USDT:USDT,0.0557,38.0,0.05569,538.0,0.05577,795.0,0.05578,55.0
1753531837442,12:10:37.442,BRETT/USDT:USDT,0.0557,38.0,0.05569,538.0,0.05576,9.0,0.05577,795.0
1753531837674,12:10:37.674,BRETT/USDT:USDT,0.0557,38.0,0.05569,538.0,0.05576,9.0,0.05577,795.0
1753531837713,12:10:37.713,BRETT/USDT:USDT,0.0557,38.0,0.05569,538.0,0.05576,55.0,0.05577,795.0
1753531837782,12:10:37.782,BRETT/USDT:USDT,0.0557,38.0,0.05569,538.0,0.05576,55.0,0.05577,795.0
1753531838004,12:10:38.004,BRETT/USDT:USDT,0.0557,38.0,0.05569,538.0,0.05576,55.0,0.05577,795.0
1753531838300,12:10:38.300,BRETT/USDT:USDT,0.0557,38.0,0.05569,538.0,0.05576,105.0,0.05577,795.0
1753531838861,12:10:38.861,BRETT/USDT:USDT,0.0557,38.0,0.05569,538.0,0.05576,105.0,0.05577,795.0
1753531839266,12:10:39.266,BRETT/USDT:USDT,0.05568,38.0,0.05567,100.0,0.05576,105.0,0.05577,795.0
1753531839363,12:10:39.363,BRETT/USDT:USDT,0.05568,38.0,0.05567,100.0,0.05576,105.0,0.05577,795.0
1753531839978,12:10:39.978,BRETT/USDT:USDT,0.05568,38.0,0.05567,100.0,0.05576,105.0,0.05577,795.0
1753531840009,12:10:40.009,BRETT/USDT:USDT,0.05568,38.0,0.05567,100.0,0.05576,105.0,0.05577,795.0
1753531840157,12:10:40.157,BRETT/USDT:USDT,0.05568,38.0,0.05567,100.0,0.05576,105.0,0.05577,795.0
1753531840195,12:10:40.195,BRETT/USDT:USDT,0.05568,38.0,0.05567,100.0,0.05576,105.0,0.05577,96.0
1753531840511,12:10:40.511,BRETT/USDT:USDT,0.05568,38.0,0.05567,100.0,0.05576,105.0,0.05577,96.0
1753531840708,12:10:40.708,BRETT/USDT:USDT,0.05568,38.0,0.05567,100.0,0.05576,105.0,0.05577,96.0
1753531840957,12:10:40.957,BRETT/USDT:USDT,0.05568,38.0,0.05567,100.0,0.05576,105.0,0.05577,96.0
1753531841765,12:10:41.765,BRETT/USDT:USDT,0.05568,138.0,0.05567,100.0,0.05576,9.0,0.05578,501.0
1753531841842,12:10:41.842,BRETT/USDT:USDT,0.05568,138.0,0.05567,100.0,0.05577,9.0,0.05578,46.0
1753531841888,12:10:41.888,BRETT/USDT:USDT,0.05568,138.0,0.05567,100.0,0.05578,55.0,0.05579,1556.0
1753531842004,12:10:42.004,BRETT/USDT:USDT,0.05568,138.0,0.05567,100.0,0.05578,55.0,0.05579,1556.0
1753531842129,12:10:42.129,BRETT/USDT:USDT,0.05568,138.0,0.05567,100.0,0.05578,55.0,0.05579,1556.0
1753531842544,12:10:42.544,BRETT/USDT:USDT,0.05568,138.0,0.05567,100.0,0.05578,55.0,0.05579,1556.0
1753531843394,12:10:43.394,BRETT/USDT:USDT,0.05568,138.0,0.05567,100.0,0.05577,46.0,0.05578,55.0
1753531843561,12:10:43.561,BRETT/USDT:USDT,0.05568,38.0,0.05567,100.0,0.05577,46.0,0.05578,55.0
1753531843709,12:10:43.709,BRETT/USDT:USDT,0.05568,38.0,0.05567,100.0,0.05577,46.0,0.05578,55.0
1753531844478,12:10:44.478,BRETT/USDT:USDT,0.05568,38.0,0.05567,100.0,0.05578,55.0,0.05579,1556.0
1753531844570,12:10:44.570,BRETT/USDT:USDT,0.05568,38.0,0.05567,100.0,0.05578,55.0,0.05579,1556.0
1753531844665,12:10:44.665,BRETT/USDT:USDT,0.05568,138.0,0.05567,100.0,0.05578,9.0,0.05579,1556.0
1753531844777,12:10:44.777,BRETT/USDT:USDT,0.05568,138.0,0.05567,100.0,0.05578,9.0,0.05579,1556.0
1753531845003,12:10:45.003,BRETT/USDT:USDT,0.05568,138.0,0.05567,100.0,0.05578,9.0,0.05579,1556.0
1753531845319,12:10:45.319,BRETT/USDT:USDT,0.05568,138.0,0.05567,100.0,0.05578,9.0,0.05579,1556.0
1753531846528,12:10:46.528,BRETT/USDT:USDT,0.05568,38.0,0.05567,100.0,0.05578,9.0,0.05579,1556.0
1753531846643,12:10:46.643,BRETT/USDT:USDT,0.05568,138.0,0.05567,100.0,0.05578,9.0,0.05579,1556.0
1753531846711,12:10:46.711,BRETT/USDT:USDT,0.05568,138.0,0.05567,100.0,0.05578,9.0,0.05579,1101.0
1753531846842,12:10:46.842,BRETT/USDT:USDT,0.05568,138.0,0.05567,574.0,0.05578,9.0,0.05579,1101.0
1753531847269,12:10:47.269,BRETT/USDT:USDT,0.05568,138.0,0.05567,574.0,0.05578,9.0,0.05579,1101.0
1753531847843,12:10:47.843,BRETT/USDT:USDT,0.05568,138.0,0.05567,620.0,0.05578,9.0,0.05579,1101.0
1753531848011,12:10:48.011,BRETT/USDT:USDT,0.05568,138.0,0.05567,620.0,0.05578,9.0,0.05579,1101.0
1753531848570,12:10:48.570,BRETT/USDT:USDT,0.05568,138.0,0.05567,574.0,0.05578,9.0,0.05579,1101.0
1753531848610,12:10:48.610,BRETT/USDT:USDT,0.05568,138.0,0.05567,574.0,0.05578,55.0,0.05579,1101.0
1753531849578,12:10:49.578,BRETT/USDT:USDT,0.05568,138.0,0.05567,574.0,0.05578,55.0,0.05579,1101.0
1753531849709,12:10:49.709,BRETT/USDT:USDT,0.05568,138.0,0.05567,574.0,0.05578,55.0,0.05579,1101.0
1753531850004,12:10:50.004,BRETT/USDT:USDT,0.05568,138.0,0.05567,574.0,0.05578,55.0,0.05579,1101.0
1753531850725,12:10:50.725,BRETT/USDT:USDT,0.05568,138.0,0.05567,574.0,0.05578,754.0,0.05579,1101.0
1753531851129,12:10:51.129,BRETT/USDT:USDT,0.05568,138.0,0.05567,574.0,0.05578,754.0,0.05579,1101.0
1753531852714,12:10:52.714,BRETT/USDT:USDT,0.05568,138.0,0.05567,574.0,0.05578,754.0,0.05579,1101.0
1753531853812,12:10:53.812,BRETT/USDT:USDT,0.05568,137.0,0.05567,574.0,0.05577,18.0,0.05578,754.0
1753531853888,12:10:53.888,BRETT/USDT:USDT,0.05568,137.0,0.05567,574.0,0.05576,9.0,0.05577,18.0
1753531854378,12:10:54.378,BRETT/USDT:USDT,0.05568,137.0,0.05567,574.0,0.05576,9.0,0.05577,18.0
1753531855470,12:10:55.470,BRETT/USDT:USDT,0.05568,137.0,0.05567,574.0,0.05576,9.0,0.05577,18.0
1753531856057,12:10:56.057,BRETT/USDT:USDT,0.05568,137.0,0.05567,574.0,0.05576,9.0,0.05577,18.0
1753531857177,12:10:57.177,BRETT/USDT:USDT,0.05571,133.0,0.0557,206.0,0.05576,9.0,0.0558,18.0
1753531857271,12:10:57.271,BRETT/USDT:USDT,0.05573,133.0,0.05572,55.0,0.05577,18.0,0.05579,9.0
1753531857365,12:10:57.365,BRETT/USDT:USDT,0.05574,55.0,0.05573,133.0,0.05576,9.0,0.05577,18.0
1753531857466,12:10:57.466,BRETT/USDT:USDT,0.05575,38.0,0.05574,55.0,0.05576,9.0,0.0558,18.0
1753531857510,12:10:57.510,BRETT/USDT:USDT,0.05575,47.0,0.05574,91.0,0.05579,9.0,0.0558,18.0
1753531857878,12:10:57.878,BRETT/USDT:USDT,0.05575,47.0,0.05574,91.0,0.05579,9.0,0.0558,18.0
1753531857902,12:10:57.902,BRETT/USDT:USDT,0.05576,38.0,0.05575,47.0,0.05579,9.0,0.0558,18.0
1753531858003,12:10:58.003,BRETT/USDT:USDT,0.05576,38.0,0.05575,47.0,0.05579,9.0,0.0558,18.0
1753531858297,12:10:58.297,BRETT/USDT:USDT,0.05576,38.0,0.05575,47.0,0.05579,9.0,0.0558,18.0
1753531858722,12:10:58.722,BRETT/USDT:USDT,0.05575,47.0,0.05574,91.0,0.05577,18.0,0.05579,9.0
1753531858803,12:10:58.803,BRETT/USDT:USDT,0.05576,38.0,0.05575,47.0,0.0558,18.0,0.05581,551.0
1753531858955,12:10:58.955,BRETT/USDT:USDT,0.05576,38.0,0.05575,47.0,0.05579,9.0,0.0558,18.0
1753531859178,12:10:59.178,BRETT/USDT:USDT,0.05576,38.0,0.05575,47.0,0.05579,9.0,0.0558,18.0
1753531859260,12:10:59.260,BRETT/USDT:USDT,0.05576,38.0,0.05575,47.0,0.05579,9.0,0.0558,18.0
1753531859535,12:10:59.535,BRETT/USDT:USDT,0.05576,38.0,0.05575,47.0,0.05579,9.0,0.0558,18.0
1753531859951,12:10:59.951,BRETT/USDT:USDT,0.05576,38.0,0.05575,47.0,0.05579,9.0,0.0558,18.0
1753531860222,12:11:00.222,BRETT/USDT:USDT,0.05576,38.0,0.05575,47.0,0.05579,9.0,0.0558,18.0
1753531860287,12:11:00.287,BRETT/USDT:USDT,0.05576,38.0,0.05575,47.0,0.05579,9.0,0.0558,18.0
1753531860567,12:11:00.567,BRETT/USDT:USDT,0.05576,38.0,0.05575,47.0,0.05579,9.0,0.0558,18.0
1753531860690,12:11:00.690,BRETT/USDT:USDT,0.05576,38.0,0.05575,47.0,0.05579,9.0,0.0558,18.0
1753531861324,12:11:01.324,BRETT/USDT:USDT,0.05576,38.0,0.05575,47.0,0.05579,9.0,0.0558,18.0
1753531861389,12:11:01.389,BRETT/USDT:USDT,0.05576,38.0,0.05575,47.0,0.05579,9.0,0.0558,18.0
1753531861722,12:11:01.722,BRETT/USDT:USDT,0.05575,85.0,0.05574,53.0,0.05577,18.0,0.05579,9.0
1753531861790,12:11:01.790,BRETT/USDT:USDT,0.05575,85.0,0.05574,53.0,0.0558,18.0,0.05581,505.0
1753531861891,12:11:01.891,BRETT/USDT:USDT,0.05575,129.0,0.05574,109.0,0.05579,9.0,0.0558,18.0
1753531862024,12:11:02.024,BRETT/USDT:USDT,0.05575,129.0,0.05574,109.0,0.05579,9.0,0.0558,18.0
1753531862442,12:11:02.442,BRETT/USDT:USDT,0.05575,129.0,0.05574,109.0,0.05579,9.0,0.0558,18.0
1753531862756,12:11:02.756,BRETT/USDT:USDT,0.05575,85.0,0.05574,53.0,0.05579,9.0,0.0558,18.0
1753531862867,12:11:02.867,BRETT/USDT:USDT,0.05575,85.0,0.05574,53.0,0.05579,9.0,0.0558,68.0
1753531863184,12:11:03.184,BRETT/USDT:USDT,0.05575,85.0,0.05574,103.0,0.05579,9.0,0.0558,68.0
1753531863671,12:11:03.671,BRETT/USDT:USDT,0.05575,85.0,0.05574,103.0,0.05579,9.0,0.0558,68.0
1753531863979,12:11:03.979,BRETT/USDT:USDT,0.05575,85.0,0.05574,103.0,0.05579,9.0,0.0558,68.0
1753531864644,12:11:04.644,BRETT/USDT:USDT,0.05575,85.0,0.05574,103.0,0.05579,9.0,0.0558,18.0
1753531864745,12:11:04.745,BRETT/USDT:USDT,0.05575,85.0,0.05574,103.0,0.05579,9.0,0.0558,50.0
1753531864804,12:11:04.804,BRETT/USDT:USDT,0.05575,85.0,0.05574,103.0,0.05579,27.0,0.0558,100.0
1753531865258,12:11:05.258,BRETT/USDT:USDT,0.05575,38.0,0.05574,50.0,0.05579,27.0,0.0558,100.0
1753531865304,12:11:05.304,BRETT/USDT:USDT,0.05575,38.0,0.05574,50.0,0.05579,27.0,0.0558,100.0
1753531865631,12:11:05.631,BRETT/USDT:USDT,0.05575,38.0,0.05574,100.0,0.05579,27.0,0.0558,100.0
1753531866521,12:11:06.521,BRETT/USDT:USDT,0.05575,38.0,0.05574,100.0,0.05579,27.0,0.0558,100.0
1753531866592,12:11:06.592,BRETT/USDT:USDT,0.05575,38.0,0.05574,100.0,0.05579,27.0,0.0558,100.0
1753531867133,12:11:07.133,BRETT/USDT:USDT,0.05575,38.0,0.05574,100.0,0.05579,27.0,0.0558,50.0
1753531867265,12:11:07.265,BRETT/USDT:USDT,0.05575,38.0,0.05574,100.0,0.05579,27.0,0.05583,962.0
1753531867379,12:11:07.379,BRETT/USDT:USDT,0.05575,38.0,0.05574,100.0,0.05579,9.0,0.05582,18.0
1753531867433,12:11:07.433,BRETT/USDT:USDT,0.05575,38.0,0.05574,100.0,0.05581,9.0,0.05582,18.0
1753531867760,12:11:07.760,BRETT/USDT:USDT,0.05575,38.0,0.05574,100.0,0.0558,18.0,0.05581,59.0
1753531867802,12:11:07.802,BRETT/USDT:USDT,0.05575,38.0,0.05574,100.0,0.05579,9.0,0.0558,18.0
1753531868166,12:11:08.166,BRETT/USDT:USDT,0.05575,38.0,0.05574,100.0,0.05579,9.0,0.05582,18.0
1753531868234,12:11:08.234,BRETT/USDT:USDT,0.05575,38.0,0.05574,100.0,0.0558,18.0,0.05581,9.0
1753531868294,12:11:08.294,BRETT/USDT:USDT,0.05575,38.0,0.05574,100.0,0.05579,9.0,0.05582,18.0
1753531868462,12:11:08.462,BRETT/USDT:USDT,0.05575,38.0,0.05574,50.0,0.05579,18.0,0.0558,100.0
1753531868579,12:11:08.579,BRETT/USDT:USDT,0.05575,38.0,0.05574,50.0,0.05578,9.0,0.05579,18.0
1753531868649,12:11:08.649,BRETT/USDT:USDT,0.05575,82.0,0.05574,107.0,0.05578,9.0,0.05579,18.0
1753531868778,12:11:08.778,BRETT/USDT:USDT,0.05575,82.0,0.05574,107.0,0.05578,9.0,0.05579,18.0
1753531868822,12:11:08.822,BRETT/USDT:USDT,0.05575,82.0,0.05574,107.0,0.05578,9.0,0.05581,18.0
1753531868886,12:11:08.886,BRETT/USDT:USDT,0.05575,82.0,0.05574,107.0,0.0558,9.0,0.05581,18.0
1753531868997,12:11:08.997,BRETT/USDT:USDT,0.05575,82.0,0.05574,107.0,0.0558,9.0,0.05581,18.0
1753531869377,12:11:09.377,BRETT/USDT:USDT,0.05575,82.0,0.05574,107.0,0.0558,9.0,0.05581,18.0
1753531869413,12:11:09.413,BRETT/USDT:USDT,0.05575,82.0,0.05574,107.0,0.0558,9.0,0.05581,18.0
1753531870262,12:11:10.262,BRETT/USDT:USDT,0.05575,82.0,0.05574,107.0,0.0558,9.0,0.05581,18.0
1753531870630,12:11:10.630,BRETT/USDT:USDT,0.05575,82.0,0.05574,107.0,0.0558,9.0,0.05581,18.0
1753531870716,12:11:10.716,BRETT/USDT:USDT,0.05575,82.0,0.05574,107.0,0.05577,18.0,0.0558,9.0
1753531870806,12:11:10.806,BRETT/USDT:USDT,0.05575,82.0,0.05574,107.0,0.05581,118.0,0.05583,501.0
1753531870886,12:11:10.886,BRETT/USDT:USDT,0.05575,82.0,0.05574,107.0,0.0558,9.0,0.05581,118.0
1753531871062,12:11:11.062,BRETT/USDT:USDT,0.05575,82.0,0.05574,107.0,0.0558,9.0,0.05581,118.0
1753531871136,12:11:11.136,BRETT/USDT:USDT,0.05575,82.0,0.05574,107.0,0.0558,9.0,0.05581,118.0
1753531871205,12:11:11.205,BRETT/USDT:USDT,0.05575,82.0,0.05574,107.0,0.0558,9.0,0.05581,118.0
1753531871560,12:11:11.560,BRETT/USDT:USDT,0.05575,82.0,0.05574,107.0,0.0558,9.0,0.05582,18.0
1753531871602,12:11:11.602,BRETT/USDT:USDT,0.05575,82.0,0.05574,107.0,0.05581,9.0,0.05582,18.0
1753531871845,12:11:11.845,BRETT/USDT:USDT,0.05575,82.0,0.05574,107.0,0.05581,9.0,0.05582,18.0
1753531872259,12:11:12.259,BRETT/USDT:USDT,0.05575,82.0,0.05574,107.0,0.05581,9.0,0.05582,18.0
1753531872722,12:11:12.722,BRETT/USDT:USDT,0.05575,82.0,0.05574,107.0,0.05581,9.0,0.05582,18.0
1753531873079,12:11:13.079,BRETT/USDT:USDT,0.05575,82.0,0.05574,107.0,0.05581,9.0,0.05582,18.0
1753531873165,12:11:13.165,BRETT/USDT:USDT,0.05575,82.0,0.05574,107.0,0.05581,9.0,0.05582,18.0
1753531873255,12:11:13.255,BRETT/USDT:USDT,0.05575,82.0,0.05574,107.0,0.05581,9.0,0.05583,18.0
1753531873302,12:11:13.302,BRETT/USDT:USDT,0.05575,82.0,0.05574,107.0,0.05582,9.0,0.05583,18.0
1753531873439,12:11:13.439,BRETT/USDT:USDT,0.05575,82.0,0.05574,107.0,0.05581,18.0,0.05582,121.0
1753531873486,12:11:13.486,BRETT/USDT:USDT,0.05575,82.0,0.05574,107.0,0.0558,9.0,0.05581,18.0
1753531873628,12:11:13.628,BRETT/USDT:USDT,0.05575,82.0,0.05574,107.0,0.0558,9.0,0.05581,18.0
1753531873722,12:11:13.722,BRETT/USDT:USDT,0.05575,82.0,0.05574,107.0,0.0558,9.0,0.05581,18.0
1753531873869,12:11:13.869,BRETT/USDT:USDT,0.05575,82.0,0.05574,107.0,0.0558,9.0,0.05581,18.0
1753531873902,12:11:13.902,BRETT/USDT:USDT,0.05575,82.0,0.05574,107.0,0.0558,9.0,0.05581,18.0
1753531874306,12:11:14.306,BRETT/USDT:USDT,0.05575,82.0,0.05574,107.0,0.0558,9.0,0.05581,18.0
1753531874412,12:11:14.412,BRETT/USDT:USDT,0.05575,82.0,0.05574,107.0,0.0558,9.0,0.05583,18.0
1753531874486,12:11:14.486,BRETT/USDT:USDT,0.05575,82.0,0.05574,107.0,0.05582,9.0,0.05583,18.0
1753531874730,12:11:14.730,BRETT/USDT:USDT,0.05575,82.0,0.05574,107.0,0.05582,9.0,0.05583,18.0
1753531875006,12:11:15.006,BRETT/USDT:USDT,0.05575,82.0,0.05574,107.0,0.05582,9.0,0.05583,18.0
1753531875145,12:11:15.145,BRETT/USDT:USDT,0.05575,82.0,0.05574,107.0,0.05582,9.0,0.05583,18.0
1753531875380,12:11:15.380,BRETT/USDT:USDT,0.05575,82.0,0.05574,107.0,0.05582,9.0,0.05583,18.0
1753531875559,12:11:15.559,BRETT/USDT:USDT,0.05575,82.0,0.05574,107.0,0.05582,9.0,0.05583,18.0
1753531876437,12:11:16.437,BRETT/USDT:USDT,0.05575,82.0,0.05574,107.0,0.05581,18.0,0.05582,59.0
1753531876486,12:11:16.486,BRETT/USDT:USDT,0.05575,82.0,0.05574,107.0,0.0558,9.0,0.05581,18.0
1753531876775,12:11:16.775,BRETT/USDT:USDT,0.05575,82.0,0.05574,107.0,0.0558,9.0,0.05581,18.0
1753531876790,12:11:16.790,BRETT/USDT:USDT,0.05575,82.0,0.05574,107.0,0.0558,9.0,0.05581,18.0
1753531877010,12:11:17.010,BRETT/USDT:USDT,0.05575,82.0,0.05574,107.0,0.0558,9.0,0.05581,18.0
1753531877138,12:11:17.138,BRETT/USDT:USDT,0.05575,38.0,0.05574,50.0,0.0558,59.0,0.05581,118.0
1753531877342,12:11:17.342,BRETT/USDT:USDT,0.05575,38.0,0.05574,100.0,0.05579,18.0,0.0558,59.0
1753531877423,12:11:17.423,BRETT/USDT:USDT,0.05575,38.0,0.05574,100.0,0.05578,9.0,0.0558,18.0
1753531877490,12:11:17.490,BRETT/USDT:USDT,0.05575,38.0,0.05574,100.0,0.05579,9.0,0.05581,18.0
1753531877602,12:11:17.602,BRETT/USDT:USDT,0.05575,38.0,0.05574,100.0,0.0558,9.0,0.05581,68.0
1753531877859,12:11:17.859,BRETT/USDT:USDT,0.05575,38.0,0.05574,100.0,0.0558,9.0,0.05581,118.0
1753531878007,12:11:18.007,BRETT/USDT:USDT,0.05575,38.0,0.05574,100.0,0.0558,9.0,0.05581,118.0
1753531878422,12:11:18.422,BRETT/USDT:USDT,0.05575,38.0,0.05574,100.0,0.0558,9.0,0.05581,118.0
1753531879054,12:11:19.054,BRETT/USDT:USDT,0.05575,38.0,0.05574,100.0,0.0558,9.0,0.05581,18.0
1753531879175,12:11:19.175,BRETT/USDT:USDT,0.05575,38.0,0.05574,100.0,0.0558,9.0,0.05581,50.0
1753531879203,12:11:19.203,BRETT/USDT:USDT,0.05575,38.0,0.05574,100.0,0.0558,27.0,0.05581,100.0
1753531879722,12:11:19.722,BRETT/USDT:USDT,0.05575,38.0,0.05574,100.0,0.05577,18.0,0.0558,9.0
1753531879803,12:11:19.803,BRETT/USDT:USDT,0.05575,38.0,0.05574,100.0,0.0558,68.0,0.05581,100.0
1753531879889,12:11:19.889,BRETT/USDT:USDT,0.05575,38.0,0.05574,100.0,0.05579,9.0,0.0558,18.0
1753531880071,12:11:20.071,BRETT/USDT:USDT,0.05575,38.0,0.05574,100.0,0.05579,9.0,0.0558,18.0
1753531880179,12:11:20.179,BRETT/USDT:USDT,0.05575,38.0,0.05574,100.0,0.05579,9.0,0.0558,18.0
1753531880490,12:11:20.490,BRETT/USDT:USDT,0.05575,38.0,0.05574,100.0,0.05579,9.0,0.0558,18.0
1753531882714,12:11:22.714,BRETT/USDT:USDT,0.05575,38.0,0.05574,100.0,0.05577,18.0,0.05579,9.0
1753531882816,12:11:22.816,BRETT/USDT:USDT,0.05575,38.0,0.05574,100.0,0.0558,68.0,0.05581,100.0
1753531882911,12:11:22.911,BRETT/USDT:USDT,0.05575,38.0,0.05574,100.0,0.05579,9.0,0.0558,18.0
1753531884978,12:11:24.978,BRETT/USDT:USDT,0.05575,38.0,0.05574,100.0,0.05579,9.0,0.0558,18.0
1753531885333,12:11:25.333,BRETT/USDT:USDT,0.05575,38.0,0.05574,100.0,0.05579,9.0,0.0558,18.0
1753531885805,12:11:25.805,BRETT/USDT:USDT,0.05575,38.0,0.05574,100.0,0.05579,9.0,0.0558,18.0
1753531887505,12:11:27.505,BRETT/USDT:USDT,0.05575,38.0,0.05574,100.0,0.05579,9.0,0.0558,18.0
1753531887814,12:11:27.814,BRETT/USDT:USDT,0.05575,38.0,0.05574,100.0,0.05579,59.0,0.0558,50.0
1753531888780,12:11:28.780,BRETT/USDT:USDT,0.05574,138.0,0.05573,956.0,0.05579,9.0,0.05581,18.0
1753531888822,12:11:28.822,BRETT/USDT:USDT,0.05574,138.0,0.05573,956.0,0.05579,18.0,0.0558,59.0
1753531888959,12:11:28.959,BRETT/USDT:USDT,0.05574,138.0,0.05573,956.0,0.05578,9.0,0.05579,18.0
1753531889779,12:11:29.779,BRETT/USDT:USDT,0.05574,138.0,0.05573,956.0,0.05578,9.0,0.05579,18.0
1753531890773,12:11:30.773,BRETT/USDT:USDT,0.05574,138.0,0.05573,956.0,0.05578,9.0,0.0558,18.0
1753531890792,12:11:30.792,BRETT/USDT:USDT,0.05574,138.0,0.05573,956.0,0.05579,9.0,0.05582,18.0
1753531890902,12:11:30.902,BRETT/USDT:USDT,0.05574,138.0,0.05573,956.0,0.05581,59.0,0.05582,18.0
1753531891395,12:11:31.395,BRETT/USDT:USDT,0.05574,138.0,0.05573,956.0,0.0558,18.0,0.05581,59.0
1753531891503,12:11:31.503,BRETT/USDT:USDT,0.05574,138.0,0.05573,956.0,0.05579,9.0,0.0558,18.0
1753531891748,12:11:31.748,BRETT/USDT:USDT,0.05574,138.0,0.05573,956.0,0.05579,9.0,0.05581,18.0
1753531891803,12:11:31.803,BRETT/USDT:USDT,0.05574,138.0,0.05573,956.0,0.0558,9.0,0.05581,18.0
1753531891960,12:11:31.960,BRETT/USDT:USDT,0.05574,138.0,0.05573,956.0,0.0558,9.0,0.05581,18.0
1753531892141,12:11:32.141,BRETT/USDT:USDT,0.05574,138.0,0.05573,956.0,0.0558,9.0,0.05581,18.0
1753531892217,12:11:32.217,BRETT/USDT:USDT,0.05574,138.0,0.05573,956.0,0.0558,9.0,0.05581,18.0
1753531892577,12:11:32.577,BRETT/USDT:USDT,0.05574,38.0,0.05573,956.0,0.05579,18.0,0.0558,109.0
1753531892645,12:11:32.645,BRETT/USDT:USDT,0.05574,38.0,0.05573,956.0,0.05577,18.0,0.05578,109.0
1753531892763,12:11:32.763,BRETT/USDT:USDT,0.05574,38.0,0.05573,956.0,0.05577,18.0,0.05578,100.0
1753531892846,12:11:32.846,BRETT/USDT:USDT,0.05574,38.0,0.05573,956.0,0.05577,18.0,0.05578,100.0
1753531892973,12:11:32.973,BRETT/USDT:USDT,0.05574,38.0,0.05572,3040.0,0.05577,18.0,0.05578,100.0
1753531893054,12:11:33.054,BRETT/USDT:USDT,0.0557,1108.0,0.05569,3568.0,0.05577,18.0,0.05578,100.0
1753531893094,12:11:33.094,BRETT/USDT:USDT,0.0557,1108.0,0.05569,3568.0,0.05576,9.0,0.05577,18.0
1753531893362,12:11:33.362,BRETT/USDT:USDT,0.0557,1108.0,0.05569,3568.0,0.05576,9.0,0.05577,18.0
1753531893478,12:11:33.478,BRETT/USDT:USDT,0.0557,1195.0,0.05569,3568.0,0.05576,9.0,0.05577,18.0
1753531893482,12:11:33.482,BRETT/USDT:USDT,0.05571,359.0,0.0557,1195.0,0.05576,9.0,0.05577,18.0
1753531893843,12:11:33.843,BRETT/USDT:USDT,0.05572,125.0,0.05571,473.0,0.05576,9.0,0.05577,18.0
1753531893912,12:11:33.912,BRETT/USDT:USDT,0.05572,125.0,0.05571,473.0,0.05576,9.0,0.05579,64.0
1753531894009,12:11:34.009,BRETT/USDT:USDT,0.05572,125.0,0.05571,473.0,0.05578,9.0,0.05579,64.0
1753531894313,12:11:34.313,BRETT/USDT:USDT,0.05572,125.0,0.05571,473.0,0.05578,9.0,0.05579,64.0
1753531894579,12:11:34.579,BRETT/USDT:USDT,0.05572,125.0,0.05571,473.0,0.05578,9.0,0.05579,64.0
1753531894722,12:11:34.722,BRETT/USDT:USDT,0.05572,125.0,0.05571,473.0,0.05574,18.0,0.05578,9.0
1753531894802,12:11:34.802,BRETT/USDT:USDT,0.05572,125.0,0.05571,473.0,0.05578,118.0,0.0558,146.0
1753531894887,12:11:34.887,BRETT/USDT:USDT,0.05572,125.0,0.05571,114.0,0.05577,9.0,0.05578,118.0
1753531896371,12:11:36.371,BRETT/USDT:USDT,0.05572,125.0,0.05571,114.0,0.05577,9.0,0.05579,18.0
1753531896461,12:11:36.461,BRETT/USDT:USDT,0.05572,125.0,0.05571,114.0,0.05578,9.0,0.05579,18.0
1753531896562,12:11:36.562,BRETT/USDT:USDT,0.05572,125.0,0.05571,114.0,0.05578,9.0,0.05579,18.0
1753531896679,12:11:36.679,BRETT/USDT:USDT,0.05572,125.0,0.05571,114.0,0.05578,9.0,0.05579,18.0
1753531896737,12:11:36.737,BRETT/USDT:USDT,0.05572,125.0,0.05571,114.0,0.05578,9.0,0.05579,18.0
1753531897178,12:11:37.178,BRETT/USDT:USDT,0.05572,125.0,0.05571,114.0,0.05577,18.0,0.05578,109.0
1753531897202,12:11:37.202,BRETT/USDT:USDT,0.05572,125.0,0.05571,114.0,0.05576,9.0,0.05577,18.0
1753531897762,12:11:37.762,BRETT/USDT:USDT,0.05572,82.0,0.05571,57.0,0.05576,9.0,0.05577,18.0
1753531897972,12:11:37.972,BRETT/USDT:USDT,0.05572,38.0,0.0557,1070.0,0.05576,9.0,0.05577,18.0
1753531898074,12:11:38.074,BRETT/USDT:USDT,0.05571,38.0,0.0557,1120.0,0.05576,59.0,0.05577,118.0
1753531898102,12:11:38.102,BRETT/USDT:USDT,0.05571,38.0,0.0557,1070.0,0.05575,18.0,0.05576,59.0
1753531898206,12:11:38.206,BRETT/USDT:USDT,0.05571,38.0,0.0557,1070.0,0.05574,9.0,0.05575,18.0
1753531898372,12:11:38.372,BRETT/USDT:USDT,0.05571,38.0,0.0557,1070.0,0.05574,9.0,0.05575,18.0
1753531899199,12:11:39.199,BRETT/USDT:USDT,0.05571,38.0,0.0557,1070.0,0.05574,9.0,0.05575,18.0
1753531899379,12:11:39.379,BRETT/USDT:USDT,0.05571,38.0,0.0557,1070.0,0.05574,9.0,0.05575,18.0
1753531899387,12:11:39.387,BRETT/USDT:USDT,0.05571,38.0,0.0557,1070.0,0.05574,9.0,0.05575,18.0
1753531899592,12:11:39.592,BRETT/USDT:USDT,0.05571,38.0,0.0557,1070.0,0.05574,9.0,0.05575,18.0
1753531899709,12:11:39.709,BRETT/USDT:USDT,0.05571,38.0,0.0557,1070.0,0.05574,9.0,0.05575,18.0
1753531900079,12:11:40.079,BRETT/USDT:USDT,0.05571,38.0,0.0557,1070.0,0.05574,9.0,0.05575,18.0
1753531900722,12:11:40.722,BRETT/USDT:USDT,0.0557,1108.0,0.05569,3618.0,0.05572,18.0,0.05574,9.0
1753531900869,12:11:40.869,BRETT/USDT:USDT,0.0557,1183.0,0.05569,3618.0,0.05575,18.0,0.05576,50.0
1753531900887,12:11:40.887,BRETT/USDT:USDT,0.0557,1183.0,0.05569,3618.0,0.05574,9.0,0.05575,18.0
1753531901073,12:11:41.073,BRETT/USDT:USDT,0.0557,1183.0,0.05569,3618.0,0.05574,9.0,0.05575,18.0
1753531901166,12:11:41.166,BRETT/USDT:USDT,0.0557,1183.0,0.05569,3618.0,0.05574,9.0,0.05575,18.0
1753531901226,12:11:41.226,BRETT/USDT:USDT,0.0557,1183.0,0.05569,3618.0,0.05574,9.0,0.05575,18.0
1753531901639,12:11:41.639,BRETT/USDT:USDT,0.0557,1183.0,0.05569,3618.0,0.05574,9.0,0.05575,18.0
1753531902469,12:11:42.469,BRETT/USDT:USDT,0.0557,1183.0,0.05569,3618.0,0.05574,9.0,0.05575,18.0
1753531902564,12:11:42.564,BRETT/USDT:USDT,0.0557,1183.0,0.05569,3618.0,0.05574,9.0,0.05575,18.0
1753531902583,12:11:42.583,BRETT/USDT:USDT,0.0557,1183.0,0.05569,3618.0,0.05574,9.0,0.05575,18.0
1753531902857,12:11:42.857,BRETT/USDT:USDT,0.0557,1183.0,0.05569,3618.0,0.05574,9.0,0.05575,18.0
1753531903270,12:11:43.270,BRETT/USDT:USDT,0.0557,1183.0,0.05569,3618.0,0.05574,9.0,0.05575,18.0
