timestamp,time,symbol,bid1_price,bid1_volume,bid2_price,bid2_volume,ask1_price,ask1_volume,ask2_price,ask2_volume
1753531591000,12:06:31.000,B/USDT:USDT,0.5417,5.0,0.5416,10.0,0.5428,97.0,0.5429,9.0
1753531591675,12:06:31.675,B/USDT:USDT,0.5417,5.0,0.5416,10.0,0.5428,97.0,0.5431,76.0
1753531592848,12:06:32.848,B/USDT:USDT,0.5417,5.0,0.5416,10.0,0.5428,97.0,0.5431,76.0
1753531593151,12:06:33.151,B/USDT:USDT,0.5417,5.0,0.5416,10.0,0.5428,97.0,0.5429,6.0
1753531593250,12:06:33.250,B/USDT:USDT,0.5417,5.0,0.5416,10.0,0.5428,46.0,0.5429,6.0
1753531593255,12:06:33.255,B/USDT:USDT,0.5417,5.0,0.5416,10.0,0.5428,97.0,0.5429,6.0
1753531593751,12:06:33.751,B/USDT:USDT,0.5417,5.0,0.5416,10.0,0.5428,46.0,0.5429,6.0
1753531593774,12:06:33.774,B/USDT:USDT,0.5417,5.0,0.5416,10.0,0.5428,97.0,0.5429,6.0
1753531593878,12:06:33.878,B/USDT:USDT,0.5417,5.0,0.5416,10.0,0.5428,97.0,0.5429,6.0
1753531594186,12:06:34.186,B/USDT:USDT,0.5417,5.0,0.5416,10.0,0.5428,97.0,0.5431,76.0
1753531596249,12:06:36.249,B/USDT:USDT,0.5417,5.0,0.5416,10.0,0.5428,106.0,0.5431,76.0
1753531596264,12:06:36.264,B/USDT:USDT,0.5417,5.0,0.5416,10.0,0.5428,55.0,0.5431,76.0
1753531596860,12:06:36.860,B/USDT:USDT,0.5417,5.0,0.5416,10.0,0.5428,55.0,0.543,51.0
1753531597050,12:06:37.050,B/USDT:USDT,0.5417,5.0,0.5416,10.0,0.5428,55.0,0.5431,127.0
1753531597121,12:06:37.121,B/USDT:USDT,0.5417,5.0,0.5416,10.0,0.5428,106.0,0.5431,76.0
1753531597155,12:06:37.155,B/USDT:USDT,0.5417,5.0,0.5416,10.0,0.5428,55.0,0.543,51.0
1753531597259,12:06:37.259,B/USDT:USDT,0.5417,5.0,0.5416,10.0,0.5428,106.0,0.5431,76.0
1753531597355,12:06:37.355,B/USDT:USDT,0.5417,5.0,0.5416,10.0,0.5428,55.0,0.543,51.0
1753531597456,12:06:37.456,B/USDT:USDT,0.5417,5.0,0.5416,10.0,0.5428,106.0,0.5431,76.0
1753531597555,12:06:37.555,B/USDT:USDT,0.5417,5.0,0.5416,10.0,0.5428,55.0,0.543,51.0
1753531597656,12:06:37.656,B/USDT:USDT,0.5417,5.0,0.5416,10.0,0.5428,106.0,0.5431,76.0
1753531597755,12:06:37.755,B/USDT:USDT,0.5417,5.0,0.5416,10.0,0.5428,55.0,0.543,51.0
1753531597855,12:06:37.855,B/USDT:USDT,0.5417,5.0,0.5416,10.0,0.5428,106.0,0.5431,76.0
1753531597955,12:06:37.955,B/USDT:USDT,0.5417,5.0,0.5416,10.0,0.5428,55.0,0.543,51.0
1753531598157,12:06:38.157,B/USDT:USDT,0.5417,5.0,0.5416,10.0,0.5428,55.0,0.543,51.0
1753531598258,12:06:38.258,B/USDT:USDT,0.5417,5.0,0.5416,10.0,0.5428,106.0,0.5431,76.0
1753531598915,12:06:38.915,B/USDT:USDT,0.5417,15.0,0.5416,10.0,0.5428,55.0,0.543,51.0
1753531598976,12:06:38.976,B/USDT:USDT,0.5417,15.0,0.5416,10.0,0.5428,46.0,0.543,51.0
1753531600729,12:06:40.729,B/USDT:USDT,0.5417,5.0,0.5416,10.0,0.5428,46.0,0.543,51.0
1753531600772,12:06:40.772,B/USDT:USDT,0.5417,5.0,0.5416,10.0,0.5428,46.0,0.543,51.0
1753531600863,12:06:40.863,B/USDT:USDT,0.5417,5.0,0.5416,10.0,0.5428,46.0,0.543,51.0
1753531601718,12:06:41.718,B/USDT:USDT,0.5417,15.0,0.5416,10.0,0.5428,46.0,0.543,51.0
1753531602674,12:06:42.674,B/USDT:USDT,0.5417,15.0,0.5416,10.0,0.5428,96.0,0.5431,76.0
1753531603295,12:06:43.295,B/USDT:USDT,0.5417,15.0,0.5416,10.0,0.5428,96.0,0.5431,76.0
1753531603695,12:06:43.695,B/USDT:USDT,0.5417,5.0,0.5416,10.0,0.5428,96.0,0.5431,76.0
1753531604342,12:06:44.342,B/USDT:USDT,0.5417,5.0,0.5416,76.0,0.5428,9.0,0.5431,58.0
1753531604440,12:06:44.440,B/USDT:USDT,0.5417,5.0,0.5416,76.0,0.5428,36.0,0.5431,58.0
1753531604504,12:06:44.504,B/USDT:USDT,0.5417,5.0,0.5416,76.0,0.5431,119.0,0.5432,173.0
1753531604557,12:06:44.557,B/USDT:USDT,0.5417,5.0,0.5416,76.0,0.5431,119.0,0.5432,173.0
1753531604685,12:06:44.685,B/USDT:USDT,0.5417,15.0,0.5416,76.0,0.5431,71.0,0.5432,173.0
1753531605351,12:06:45.351,B/USDT:USDT,0.5417,15.0,0.5416,76.0,0.5431,89.0,0.5432,173.0
1753531605590,12:06:45.590,B/USDT:USDT,0.5417,15.0,0.5416,76.0,0.543,19.0,0.5431,136.0
1753531605872,12:06:45.872,B/USDT:USDT,0.5417,15.0,0.5416,76.0,0.543,37.0,0.5431,136.0
1753531606386,12:06:46.386,B/USDT:USDT,0.5417,15.0,0.5416,76.0,0.543,37.0,0.5431,89.0
1753531608029,12:06:48.029,B/USDT:USDT,0.5417,15.0,0.5416,76.0,0.543,37.0,0.5431,80.0
1753531608529,12:06:48.529,B/USDT:USDT,0.5417,15.0,0.5416,76.0,0.543,55.0,0.5431,62.0
1753531608597,12:06:48.597,B/USDT:USDT,0.5417,15.0,0.5416,76.0,0.543,64.0,0.5431,62.0
1753531608865,12:06:48.865,B/USDT:USDT,0.5417,15.0,0.5416,76.0,0.543,73.0,0.5431,62.0
1753531610303,12:06:50.303,B/USDT:USDT,0.5417,15.0,0.5416,10.0,0.543,114.0,0.5431,62.0
1753531610842,12:06:50.842,B/USDT:USDT,0.5417,5.0,0.5416,10.0,0.5429,19.0,0.543,87.0
1753531610891,12:06:50.891,B/USDT:USDT,0.5417,5.0,0.5416,10.0,0.5429,37.0,0.543,87.0
1753531611115,12:06:51.115,B/USDT:USDT,0.5417,5.0,0.5416,10.0,0.5429,37.0,0.543,87.0
1753531611528,12:06:51.528,B/USDT:USDT,0.5417,5.0,0.5416,10.0,0.5429,37.0,0.543,78.0
1753531611612,12:06:51.612,B/USDT:USDT,0.5417,15.0,0.5416,10.0,0.5429,37.0,0.543,69.0
1753531612031,12:06:52.031,B/USDT:USDT,0.5417,15.0,0.5416,10.0,0.5429,37.0,0.543,60.0
1753531612126,12:06:52.126,B/USDT:USDT,0.5417,15.0,0.5416,10.0,0.5429,55.0,0.543,60.0
1753531612451,12:06:52.451,B/USDT:USDT,0.5417,15.0,0.5416,10.0,0.5429,55.0,0.543,60.0
1753531612669,12:06:52.669,B/USDT:USDT,0.5417,15.0,0.5416,10.0,0.5429,61.0,0.543,60.0
1753531613584,12:06:53.584,B/USDT:USDT,0.5417,5.0,0.5416,10.0,0.5429,61.0,0.543,60.0
1753531613744,12:06:53.744,B/USDT:USDT,0.5417,5.0,0.5416,10.0,0.5429,64.0,0.543,60.0
1753531614328,12:06:54.328,B/USDT:USDT,0.5417,5.0,0.5416,10.0,0.5429,64.0,0.543,10.0
1753531614573,12:06:54.573,B/USDT:USDT,0.5417,15.0,0.5416,10.0,0.5429,54.0,0.543,10.0
1753531615563,12:06:55.563,B/USDT:USDT,0.5417,15.0,0.5416,10.0,0.5429,64.0,0.543,10.0
1753531616551,12:06:56.551,B/USDT:USDT,0.5417,5.0,0.5416,10.0,0.5429,64.0,0.543,10.0
1753531616571,12:06:56.571,B/USDT:USDT,0.5417,5.0,0.5416,10.0,0.5429,64.0,0.543,59.0
1753531617541,12:06:57.541,B/USDT:USDT,0.5417,15.0,0.5416,10.0,0.5429,64.0,0.543,59.0
1753531621622,12:07:01.622,B/USDT:USDT,0.5411,15.0,0.541,10.0,0.5425,57.0,0.5426,127.0
1753531621749,12:07:01.749,B/USDT:USDT,0.5411,15.0,0.541,10.0,0.5424,76.0,0.5425,69.0
1753531621846,12:07:01.846,B/USDT:USDT,0.5411,15.0,0.541,10.0,0.5423,48.0,0.5424,126.0
1753531621860,12:07:01.860,B/USDT:USDT,0.5411,15.0,0.541,10.0,0.5423,48.0,0.5424,126.0
1753531622034,12:07:02.034,B/USDT:USDT,0.5411,15.0,0.541,10.0,0.5423,57.0,0.5424,126.0
1753531622136,12:07:02.136,B/USDT:USDT,0.5411,15.0,0.541,10.0,0.5422,78.0,0.5423,85.0
1753531622162,12:07:02.162,B/USDT:USDT,0.5411,15.0,0.541,10.0,0.5422,69.0,0.5423,85.0
1753531622313,12:07:02.313,B/USDT:USDT,0.5411,15.0,0.541,10.0,0.5422,87.0,0.5423,85.0
1753531622363,12:07:02.363,B/USDT:USDT,0.5411,15.0,0.541,10.0,0.5422,87.0,0.5423,85.0
1753531622538,12:07:02.538,B/USDT:USDT,0.5411,15.0,0.5406,10.0,0.5422,87.0,0.5423,85.0
1753531623294,12:07:03.294,B/USDT:USDT,0.5411,15.0,0.5406,10.0,0.542,69.0,0.5421,192.0
1753531623440,12:07:03.440,B/USDT:USDT,0.5407,15.0,0.5406,10.0,0.542,76.0,0.5421,193.0
1753531624046,12:07:04.046,B/USDT:USDT,0.5407,15.0,0.5406,10.0,0.5419,76.0,0.542,56.0
1753531624100,12:07:04.100,B/USDT:USDT,0.5407,15.0,0.5406,10.0,0.5419,76.0,0.542,56.0
1753531624331,12:07:04.331,B/USDT:USDT,0.5407,15.0,0.5406,10.0,0.5419,76.0,0.542,56.0
1753531624412,12:07:04.412,B/USDT:USDT,0.5407,15.0,0.5406,10.0,0.5419,76.0,0.542,50.0
1753531624462,12:07:04.462,B/USDT:USDT,0.5407,5.0,0.5405,10.0,0.5418,10.0,0.5419,76.0
1753531624584,12:07:04.584,B/USDT:USDT,0.5406,15.0,0.5405,10.0,0.5418,10.0,0.5419,76.0
1753531624732,12:07:04.732,B/USDT:USDT,0.5412,5.0,0.5411,11.0,0.5418,13.0,0.5419,76.0
1753531624803,12:07:04.803,B/USDT:USDT,0.5412,5.0,0.5411,11.0,0.5418,16.0,0.5419,76.0
1753531625318,12:07:05.318,B/USDT:USDT,0.5412,5.0,0.5411,12.0,0.5418,25.0,0.5419,10.0
1753531625451,12:07:05.451,B/USDT:USDT,0.5412,5.0,0.5411,12.0,0.5418,34.0,0.5419,10.0
1753531626025,12:07:06.025,B/USDT:USDT,0.5412,5.0,0.5411,12.0,0.5418,46.0,0.5419,10.0
1753531626074,12:07:06.074,B/USDT:USDT,0.5412,5.0,0.5411,12.0,0.5418,37.0,0.5419,10.0
1753531626439,12:07:06.439,B/USDT:USDT,0.5412,5.0,0.5411,12.0,0.5418,27.0,0.5419,10.0
1753531626525,12:07:06.525,B/USDT:USDT,0.5412,5.0,0.5411,11.0,0.5418,37.0,0.5419,10.0
1753531627047,12:07:07.047,B/USDT:USDT,0.5412,5.0,0.5411,11.0,0.5418,48.0,0.5419,10.0
1753531627065,12:07:07.065,B/USDT:USDT,0.5412,5.0,0.5411,11.0,0.5418,48.0,0.5419,10.0
1753531628120,12:07:08.120,B/USDT:USDT,0.5412,5.0,0.5411,11.0,0.5418,50.0,0.5419,10.0
1753531628835,12:07:08.835,B/USDT:USDT,0.5412,5.0,0.5411,11.0,0.5418,116.0,0.5419,10.0
1753531629150,12:07:09.150,B/USDT:USDT,0.5413,5.0,0.5405,10.0,0.5417,24.0,0.5418,89.0
1753531629246,12:07:09.246,B/USDT:USDT,0.5405,10.0,0.5404,2.0,0.5415,15.0,0.5416,117.0
1753531629258,12:07:09.258,B/USDT:USDT,0.5405,10.0,0.5404,2.0,0.5415,18.0,0.5416,117.0
1753531629415,12:07:09.415,B/USDT:USDT,0.5405,10.0,0.5404,2.0,0.5415,18.0,0.5416,117.0
1753531630091,12:07:10.091,B/USDT:USDT,0.5405,10.0,0.5404,2.0,0.5415,18.0,0.5416,117.0
1753531630201,12:07:10.201,B/USDT:USDT,0.5405,10.0,0.5404,2.0,0.5415,18.0,0.5416,117.0
1753531630326,12:07:10.326,B/USDT:USDT,0.5405,10.0,0.5404,2.0,0.5415,24.0,0.5416,117.0
1753531630395,12:07:10.395,B/USDT:USDT,0.5405,10.0,0.5404,2.0,0.5415,24.0,0.5416,117.0
1753531630887,12:07:10.887,B/USDT:USDT,0.5405,10.0,0.5404,2.0,0.5415,24.0,0.5416,117.0
1753531631089,12:07:11.089,B/USDT:USDT,0.5405,10.0,0.5404,2.0,0.5415,24.0,0.5416,117.0
1753531631274,12:07:11.274,B/USDT:USDT,0.5405,10.0,0.5404,2.0,0.5415,24.0,0.5416,117.0
1753531631384,12:07:11.384,B/USDT:USDT,0.5405,10.0,0.5404,2.0,0.5415,24.0,0.5416,117.0
1753531631459,12:07:11.459,B/USDT:USDT,0.5405,10.0,0.5404,2.0,0.5415,24.0,0.5416,117.0
1753531631604,12:07:11.604,B/USDT:USDT,0.5405,10.0,0.5404,2.0,0.5415,24.0,0.5416,117.0
1753531631710,12:07:11.710,B/USDT:USDT,0.5405,10.0,0.5404,2.0,0.5415,24.0,0.5416,117.0
1753531631940,12:07:11.940,B/USDT:USDT,0.5405,10.0,0.5404,2.0,0.5415,24.0,0.5416,117.0
1753531632373,12:07:12.373,B/USDT:USDT,0.5405,10.0,0.5404,2.0,0.5415,24.0,0.5416,117.0
1753531632551,12:07:12.551,B/USDT:USDT,0.5405,10.0,0.5404,2.0,0.5415,24.0,0.5416,117.0
1753531632739,12:07:12.739,B/USDT:USDT,0.5405,10.0,0.5404,2.0,0.5415,24.0,0.5416,117.0
1753531632845,12:07:12.845,B/USDT:USDT,0.5405,10.0,0.5404,2.0,0.5415,42.0,0.5416,117.0
1753531632950,12:07:12.950,B/USDT:USDT,0.5405,10.0,0.5404,2.0,0.5415,51.0,0.5416,117.0
1753531633049,12:07:13.049,B/USDT:USDT,0.5405,10.0,0.5404,2.0,0.5415,51.0,0.5416,117.0
1753531633117,12:07:13.117,B/USDT:USDT,0.5405,10.0,0.5404,2.0,0.5415,51.0,0.5416,117.0
1753531633215,12:07:13.215,B/USDT:USDT,0.5405,10.0,0.5404,2.0,0.5415,51.0,0.5416,117.0
1753531638121,12:07:18.121,B/USDT:USDT,0.5405,10.0,0.5404,2.0,0.5415,51.0,0.5416,117.0
1753531638537,12:07:18.537,B/USDT:USDT,0.5405,10.0,0.5404,2.0,0.5415,51.0,0.5416,117.0
1753531639849,12:07:19.849,B/USDT:USDT,0.5405,10.0,0.5404,2.0,0.5415,61.0,0.5416,117.0
1753531640014,12:07:20.014,B/USDT:USDT,0.5405,10.0,0.5404,2.0,0.5415,112.0,0.5416,169.0
1753531640234,12:07:20.234,B/USDT:USDT,0.5405,10.0,0.5404,2.0,0.5415,61.0,0.5416,117.0
1753531640283,12:07:20.283,B/USDT:USDT,0.5405,10.0,0.5404,2.0,0.5415,61.0,0.5416,117.0
1753531640653,12:07:20.653,B/USDT:USDT,0.5405,10.0,0.5404,2.0,0.5415,61.0,0.5416,117.0
1753531641272,12:07:21.272,B/USDT:USDT,0.5405,10.0,0.5404,2.0,0.5415,61.0,0.5416,117.0
1753531642333,12:07:22.333,B/USDT:USDT,0.5405,10.0,0.5404,2.0,0.5415,61.0,0.5416,117.0
1753531642938,12:07:22.938,B/USDT:USDT,0.5405,10.0,0.5404,2.0,0.5415,79.0,0.5416,117.0
1753531643120,12:07:23.120,B/USDT:USDT,0.5405,10.0,0.5404,2.0,0.5415,61.0,0.5416,117.0
1753531643416,12:07:23.416,B/USDT:USDT,0.5405,76.0,0.5404,2.0,0.5415,61.0,0.5416,117.0
1753531643515,12:07:23.515,B/USDT:USDT,0.5405,10.0,0.5404,68.0,0.5415,41.0,0.5416,10.0
1753531643739,12:07:23.739,B/USDT:USDT,0.5405,10.0,0.5404,68.0,0.5415,41.0,0.5416,10.0
1753531644238,12:07:24.238,B/USDT:USDT,0.5405,10.0,0.5404,68.0,0.5415,31.0,0.5419,10.0
1753531644926,12:07:24.926,B/USDT:USDT,0.5405,10.0,0.5404,68.0,0.5415,18.0,0.5418,5.0
1753531644977,12:07:24.977,B/USDT:USDT,0.5405,10.0,0.5404,68.0,0.5414,5.0,0.5419,10.0
1753531645244,12:07:25.244,B/USDT:USDT,0.5405,10.0,0.5404,68.0,0.5418,5.0,0.5419,10.0
1753531645327,12:07:25.327,B/USDT:USDT,0.5405,10.0,0.5404,68.0,0.5416,121.0,0.5417,76.0
1753531645383,12:07:25.383,B/USDT:USDT,0.5405,10.0,0.5404,68.0,0.5416,121.0,0.5417,76.0
1753531646305,12:07:26.305,B/USDT:USDT,0.5405,10.0,0.5404,68.0,0.5414,5.0,0.5415,48.0
1753531646394,12:07:26.394,B/USDT:USDT,0.5405,10.0,0.5404,2.0,0.5414,8.0,0.5415,39.0
1753531646610,12:07:26.610,B/USDT:USDT,0.5405,10.0,0.5404,2.0,0.5414,8.0,0.5415,39.0
1753531646714,12:07:26.714,B/USDT:USDT,0.5405,10.0,0.5404,2.0,0.5414,8.0,0.5415,39.0
1753531647215,12:07:27.215,B/USDT:USDT,0.5405,10.0,0.5404,12.0,0.5414,8.0,0.5415,39.0
1753531647258,12:07:27.258,B/USDT:USDT,0.5405,10.0,0.5404,12.0,0.5414,8.0,0.5415,39.0
1753531647408,12:07:27.408,B/USDT:USDT,0.5405,10.0,0.5404,12.0,0.5414,14.0,0.5415,39.0
1753531647527,12:07:27.527,B/USDT:USDT,0.5405,10.0,0.5404,12.0,0.5414,23.0,0.5415,39.0
1753531647832,12:07:27.832,B/USDT:USDT,0.5405,10.0,0.5404,12.0,0.5414,23.0,0.5415,39.0
1753531647939,12:07:27.939,B/USDT:USDT,0.5405,10.0,0.5404,12.0,0.5414,23.0,0.5415,39.0
1753531648001,12:07:28.001,B/USDT:USDT,0.5405,10.0,0.5404,12.0,0.5414,23.0,0.5415,39.0
1753531648058,12:07:28.058,B/USDT:USDT,0.5405,10.0,0.5404,12.0,0.5414,23.0,0.5415,39.0
1753531648202,12:07:28.202,B/USDT:USDT,0.5405,10.0,0.5404,2.0,0.5414,23.0,0.5415,39.0
1753531648258,12:07:28.258,B/USDT:USDT,0.5405,10.0,0.5404,2.0,0.5414,23.0,0.5415,39.0
1753531648534,12:07:28.534,B/USDT:USDT,0.5405,10.0,0.5404,2.0,0.5414,23.0,0.5415,39.0
1753531648658,12:07:28.658,B/USDT:USDT,0.5405,10.0,0.5404,2.0,0.5414,23.0,0.5415,39.0
1753531649183,12:07:29.183,B/USDT:USDT,0.5405,10.0,0.5404,2.0,0.5414,23.0,0.5415,39.0
1753531649412,12:07:29.412,B/USDT:USDT,0.5405,10.0,0.5404,2.0,0.5414,32.0,0.5415,39.0
1753531649468,12:07:29.468,B/USDT:USDT,0.5405,10.0,0.5404,2.0,0.5414,41.0,0.5415,39.0
1753531650172,12:07:30.172,B/USDT:USDT,0.5405,10.0,0.5404,2.0,0.5414,41.0,0.5415,39.0
1753531653099,12:07:33.099,B/USDT:USDT,0.5405,10.0,0.5404,2.0,0.5414,41.0,0.5415,39.0
1753531653977,12:07:33.977,B/USDT:USDT,0.5405,10.0,0.5404,2.0,0.5414,41.0,0.5415,39.0
1753531654128,12:07:34.128,B/USDT:USDT,0.5405,10.0,0.5404,2.0,0.5414,41.0,0.5415,39.0
1753531654216,12:07:34.216,B/USDT:USDT,0.5405,10.0,0.5404,2.0,0.5414,41.0,0.5415,39.0
1753531654316,12:07:34.316,B/USDT:USDT,0.5405,10.0,0.5404,2.0,0.5414,23.0,0.5415,39.0
1753531654949,12:07:34.949,B/USDT:USDT,0.5405,10.0,0.5404,2.0,0.5414,32.0,0.5415,39.0
1753531654984,12:07:34.984,B/USDT:USDT,0.5405,10.0,0.5404,2.0,0.5414,41.0,0.5415,39.0
1753531655828,12:07:35.828,B/USDT:USDT,0.5405,10.0,0.5404,2.0,0.5414,41.0,0.5415,91.0
1753531655939,12:07:35.939,B/USDT:USDT,0.5405,10.0,0.5404,2.0,0.5414,41.0,0.5415,91.0
1753531656075,12:07:36.075,B/USDT:USDT,0.5405,10.0,0.5404,2.0,0.5414,41.0,0.5415,39.0
1753531657840,12:07:37.840,B/USDT:USDT,0.5405,10.0,0.5404,2.0,0.5414,41.0,0.5415,39.0
1753531657966,12:07:37.966,B/USDT:USDT,0.5405,10.0,0.5404,2.0,0.5414,41.0,0.5415,39.0
1753531660436,12:07:40.436,B/USDT:USDT,0.5405,10.0,0.5404,2.0,0.5414,5.0,0.5415,39.0
1753531660487,12:07:40.487,B/USDT:USDT,0.5405,10.0,0.5404,2.0,0.5414,52.0,0.5415,39.0
1753531663146,12:07:43.146,B/USDT:USDT,0.5405,10.0,0.5404,2.0,0.5414,29.0,0.5415,39.0
1753531663240,12:07:43.240,B/USDT:USDT,0.5405,76.0,0.5404,2.0,0.5414,14.0,0.5417,52.0
1753531663348,12:07:43.348,B/USDT:USDT,0.5405,76.0,0.5404,2.0,0.5414,14.0,0.5417,52.0
1753531663396,12:07:43.396,B/USDT:USDT,0.5405,76.0,0.5404,2.0,0.5414,14.0,0.5417,52.0
1753531663612,12:07:43.612,B/USDT:USDT,0.5405,76.0,0.5404,2.0,0.5414,14.0,0.5417,52.0
1753531664046,12:07:44.046,B/USDT:USDT,0.5405,76.0,0.5404,2.0,0.5414,14.0,0.5416,107.0
1753531664105,12:07:44.105,B/USDT:USDT,0.5405,76.0,0.5404,2.0,0.5414,14.0,0.5416,107.0
1753531666138,12:07:46.138,B/USDT:USDT,0.5405,76.0,0.5404,2.0,0.5414,14.0,0.5416,107.0
1753531666451,12:07:46.451,B/USDT:USDT,0.5405,76.0,0.5404,2.0,0.5414,14.0,0.5416,107.0
1753531666641,12:07:46.641,B/USDT:USDT,0.5405,76.0,0.5404,2.0,0.5414,5.0,0.5419,10.0
1753531666748,12:07:46.748,B/USDT:USDT,0.5406,76.0,0.5405,10.0,0.5418,23.0,0.5419,10.0
1753531666774,12:07:46.774,B/USDT:USDT,0.5406,76.0,0.5405,10.0,0.5418,26.0,0.5419,48.0
1753531666881,12:07:46.881,B/USDT:USDT,0.5406,76.0,0.5405,10.0,0.5418,26.0,0.5419,10.0
1753531667299,12:07:47.299,B/USDT:USDT,0.5406,76.0,0.5405,10.0,0.5418,26.0,0.5419,10.0
1753531667850,12:07:47.850,B/USDT:USDT,0.5406,76.0,0.5405,10.0,0.5418,23.0,0.5419,10.0
1753531667858,12:07:47.858,B/USDT:USDT,0.5406,76.0,0.5405,10.0,0.5418,23.0,0.5419,10.0
1753531668001,12:07:48.001,B/USDT:USDT,0.5407,10.0,0.5406,66.0,0.5418,32.0,0.5419,10.0
1753531668119,12:07:48.119,B/USDT:USDT,0.5407,76.0,0.5405,10.0,0.5418,32.0,0.5419,10.0
1753531668859,12:07:48.859,B/USDT:USDT,0.5407,76.0,0.5405,10.0,0.5418,41.0,0.5419,10.0
1753531668979,12:07:48.979,B/USDT:USDT,0.5407,76.0,0.5405,10.0,0.5418,41.0,0.5419,10.0
1753531669054,12:07:49.054,B/USDT:USDT,0.5407,76.0,0.5405,10.0,0.5418,41.0,0.5419,10.0
1753531669347,12:07:49.347,B/USDT:USDT,0.5407,76.0,0.5405,10.0,0.5418,41.0,0.5419,10.0
1753531669513,12:07:49.513,B/USDT:USDT,0.5407,76.0,0.5405,10.0,0.5418,41.0,0.5419,10.0
1753531669948,12:07:49.948,B/USDT:USDT,0.5407,66.0,0.5405,10.0,0.5418,41.0,0.5419,10.0
1753531670182,12:07:50.182,B/USDT:USDT,0.5407,66.0,0.5405,10.0,0.5418,41.0,0.5419,10.0
1753531670321,12:07:50.321,B/USDT:USDT,0.5406,66.0,0.5405,10.0,0.5418,41.0,0.5419,10.0
1753531670692,12:07:50.692,B/USDT:USDT,0.5405,76.0,0.5404,14.0,0.5418,41.0,0.5419,10.0
1753531671521,12:07:51.521,B/USDT:USDT,0.5405,76.0,0.5404,14.0,0.5418,41.0,0.5419,10.0
1753531672062,12:07:52.062,B/USDT:USDT,0.5405,76.0,0.5404,14.0,0.5418,107.0,0.5419,10.0
1753531672946,12:07:52.946,B/USDT:USDT,0.5405,76.0,0.5404,14.0,0.5416,5.0,0.5417,117.0
1753531673022,12:07:53.022,B/USDT:USDT,0.5405,76.0,0.5404,14.0,0.5416,8.0,0.5417,126.0
1753531673106,12:07:53.106,B/USDT:USDT,0.5405,76.0,0.5404,14.0,0.5416,8.0,0.5417,126.0
1753531673543,12:07:53.543,B/USDT:USDT,0.5405,10.0,0.5404,14.0,0.5416,45.0,0.5417,126.0
1753531673626,12:07:53.626,B/USDT:USDT,0.5405,10.0,0.5404,14.0,0.5416,45.0,0.5417,126.0
1753531673834,12:07:53.834,B/USDT:USDT,0.5405,10.0,0.5404,66.0,0.5416,45.0,0.5417,126.0
1753531674028,12:07:54.028,B/USDT:USDT,0.5405,10.0,0.5404,66.0,0.5416,42.0,0.5417,126.0
1753531674281,12:07:54.281,B/USDT:USDT,0.5405,10.0,0.5404,66.0,0.5416,42.0,0.5417,126.0
1753531674373,12:07:54.373,B/USDT:USDT,0.5405,10.0,0.5404,66.0,0.5416,24.0,0.5417,126.0
1753531674623,12:07:54.623,B/USDT:USDT,0.5405,10.0,0.5404,14.0,0.5416,80.0,0.5417,126.0
1753531674664,12:07:54.664,B/USDT:USDT,0.5405,10.0,0.5404,12.0,0.5416,80.0,0.5417,126.0
1753531674893,12:07:54.893,B/USDT:USDT,0.5405,10.0,0.5404,12.0,0.5416,80.0,0.5417,126.0
1753531674960,12:07:54.960,B/USDT:USDT,0.5405,10.0,0.5404,12.0,0.5416,80.0,0.5417,126.0
1753531675112,12:07:55.112,B/USDT:USDT,0.5405,10.0,0.5404,12.0,0.5416,80.0,0.5417,126.0
1753531675534,12:07:55.534,B/USDT:USDT,0.5405,10.0,0.5404,12.0,0.5416,80.0,0.5417,126.0
1753531677085,12:07:57.085,B/USDT:USDT,0.5405,10.0,0.5404,12.0,0.5416,80.0,0.5417,117.0
1753531677557,12:07:57.557,B/USDT:USDT,0.5405,10.0,0.5404,12.0,0.5416,80.0,0.5417,117.0
1753531677660,12:07:57.660,B/USDT:USDT,0.5405,10.0,0.5404,12.0,0.5416,146.0,0.5417,117.0
1753531677851,12:07:57.851,B/USDT:USDT,0.5405,10.0,0.5404,12.0,0.5416,162.0,0.5417,117.0
1753531677860,12:07:57.860,B/USDT:USDT,0.5405,10.0,0.5404,2.0,0.5416,162.0,0.5417,107.0
1753531678175,12:07:58.175,B/USDT:USDT,0.5405,10.0,0.5404,2.0,0.5416,162.0,0.5417,107.0
1753531679549,12:07:59.549,B/USDT:USDT,0.5405,10.0,0.5404,2.0,0.5415,37.0,0.5416,162.0
1753531679555,12:07:59.555,B/USDT:USDT,0.5405,10.0,0.5404,2.0,0.5415,47.0,0.5416,162.0
1753531679665,12:07:59.665,B/USDT:USDT,0.5405,10.0,0.5404,2.0,0.5414,5.0,0.5415,47.0
1753531679757,12:07:59.757,B/USDT:USDT,0.5405,10.0,0.5404,2.0,0.5414,5.0,0.5415,47.0
1753531679925,12:07:59.925,B/USDT:USDT,0.5405,10.0,0.5404,2.0,0.5414,5.0,0.5415,47.0
1753531680346,12:08:00.346,B/USDT:USDT,0.5405,10.0,0.5404,2.0,0.5414,5.0,0.5415,47.0
1753531680395,12:08:00.395,B/USDT:USDT,0.5405,10.0,0.5404,2.0,0.5414,5.0,0.5415,10.0
1753531680462,12:08:00.462,B/USDT:USDT,0.5405,10.0,0.5404,2.0,0.5414,5.0,0.5415,10.0
1753531681319,12:08:01.319,B/USDT:USDT,0.5405,10.0,0.5404,2.0,0.5414,5.0,0.5415,10.0
1753531681575,12:08:01.575,B/USDT:USDT,0.5405,10.0,0.5404,2.0,0.5414,5.0,0.5415,10.0
1753531681917,12:08:01.917,B/USDT:USDT,0.5405,10.0,0.5404,2.0,0.5414,5.0,0.5415,10.0
1753531682319,12:08:02.319,B/USDT:USDT,0.5405,10.0,0.5404,2.0,0.5414,5.0,0.5415,10.0
1753531682415,12:08:02.415,B/USDT:USDT,0.5405,10.0,0.5404,2.0,0.5414,28.0,0.5415,10.0
1753531682629,12:08:02.629,B/USDT:USDT,0.5405,10.0,0.5404,2.0,0.5414,28.0,0.5415,10.0
1753531682714,12:08:02.714,B/USDT:USDT,0.5405,10.0,0.5404,2.0,0.5414,46.0,0.5415,47.0
1753531682804,12:08:02.804,B/USDT:USDT,0.5405,10.0,0.5404,2.0,0.5414,56.0,0.5415,47.0
1753531682950,12:08:02.950,B/USDT:USDT,0.5405,10.0,0.5404,2.0,0.5414,122.0,0.5415,10.0
1753531683025,12:08:03.025,B/USDT:USDT,0.5405,10.0,0.5404,2.0,0.5414,122.0,0.5415,10.0
1753531683594,12:08:03.594,B/USDT:USDT,0.5405,10.0,0.5404,2.0,0.5414,122.0,0.5415,10.0
1753531683696,12:08:03.696,B/USDT:USDT,0.5405,10.0,0.5404,2.0,0.5414,122.0,0.5415,10.0
1753531683840,12:08:03.840,B/USDT:USDT,0.5405,10.0,0.5404,2.0,0.5412,7.0,0.5413,117.0
1753531683932,12:08:03.932,B/USDT:USDT,0.5405,10.0,0.5404,2.0,0.5412,10.0,0.5413,117.0
1753531684025,12:08:04.025,B/USDT:USDT,0.5405,10.0,0.5404,2.0,0.5412,10.0,0.5413,117.0
1753531684108,12:08:04.108,B/USDT:USDT,0.5405,10.0,0.5404,2.0,0.5412,10.0,0.5413,117.0
1753531684239,12:08:04.239,B/USDT:USDT,0.5405,10.0,0.5404,2.0,0.5412,10.0,0.5413,117.0
1753531684426,12:08:04.426,B/USDT:USDT,0.5405,10.0,0.5404,2.0,0.5412,10.0,0.5413,117.0
1753531684592,12:08:04.592,B/USDT:USDT,0.5405,10.0,0.5404,2.0,0.5412,19.0,0.5413,117.0
1753531684790,12:08:04.790,B/USDT:USDT,0.5405,10.0,0.5404,2.0,0.5412,28.0,0.5413,107.0
1753531684928,12:08:04.928,B/USDT:USDT,0.5405,10.0,0.5404,2.0,0.5412,25.0,0.5413,107.0
1753531685244,12:08:05.244,B/USDT:USDT,0.5405,10.0,0.5404,2.0,0.5412,25.0,0.5413,107.0
1753531685926,12:08:05.926,B/USDT:USDT,0.5405,10.0,0.5404,2.0,0.5412,34.0,0.5413,107.0
1753531686603,12:08:06.603,B/USDT:USDT,0.5405,10.0,0.5404,2.0,0.5412,34.0,0.5413,107.0
1753531686979,12:08:06.979,B/USDT:USDT,0.5405,10.0,0.5404,2.0,0.5412,25.0,0.5413,107.0
1753531687275,12:08:07.275,B/USDT:USDT,0.5405,10.0,0.5404,2.0,0.5412,34.0,0.5413,107.0
1753531688044,12:08:08.044,B/USDT:USDT,0.5405,10.0,0.5404,2.0,0.5412,34.0,0.5413,107.0
1753531688060,12:08:08.060,B/USDT:USDT,0.5405,10.0,0.5404,2.0,0.5412,34.0,0.5413,107.0
1753531688598,12:08:08.598,B/USDT:USDT,0.5405,10.0,0.5404,2.0,0.5412,34.0,0.5413,107.0
1753531689536,12:08:09.536,B/USDT:USDT,0.5405,10.0,0.5404,2.0,0.5412,100.0,0.5413,107.0
1753531690133,12:08:10.133,B/USDT:USDT,0.5405,10.0,0.5404,2.0,0.5412,100.0,0.5413,107.0
1753531690435,12:08:10.435,B/USDT:USDT,0.5404,2.0,0.5401,10.0,0.5412,100.0,0.5413,107.0
1753531690538,12:08:10.538,B/USDT:USDT,0.5404,2.0,0.5401,10.0,0.541,7.0,0.5411,66.0
1753531690639,12:08:10.639,B/USDT:USDT,0.5404,2.0,0.5401,10.0,0.541,19.0,0.5411,102.0
1753531690716,12:08:10.716,B/USDT:USDT,0.5404,2.0,0.5397,10.0,0.541,22.0,0.5411,102.0
1753531690817,12:08:10.817,B/USDT:USDT,0.5404,2.0,0.5397,10.0,0.541,22.0,0.5411,102.0
1753531690918,12:08:10.918,B/USDT:USDT,0.5404,2.0,0.5397,10.0,0.541,22.0,0.5411,102.0
1753531691152,12:08:11.152,B/USDT:USDT,0.5397,76.0,0.5396,24.0,0.5408,5.0,0.5409,10.0
1753531691244,12:08:11.244,B/USDT:USDT,0.5398,12.0,0.5397,10.0,0.5408,5.0,0.5409,12.0
1753531691330,12:08:11.330,B/USDT:USDT,0.5398,12.0,0.5397,10.0,0.5408,5.0,0.5409,12.0
1753531691450,12:08:11.450,B/USDT:USDT,0.5398,12.0,0.5397,10.0,0.5408,5.0,0.5409,12.0
1753531691461,12:08:11.461,B/USDT:USDT,0.5398,12.0,0.5397,10.0,0.5408,5.0,0.5409,12.0
1753531691580,12:08:11.580,B/USDT:USDT,0.5398,12.0,0.5397,10.0,0.5408,5.0,0.5409,12.0
1753531691705,12:08:11.705,B/USDT:USDT,0.5398,12.0,0.5397,10.0,0.5408,5.0,0.5409,12.0
1753531691778,12:08:11.778,B/USDT:USDT,0.5398,12.0,0.5397,10.0,0.5408,5.0,0.5409,12.0
1753531691862,12:08:11.862,B/USDT:USDT,0.5398,12.0,0.5397,10.0,0.5408,23.0,0.5409,12.0
1753531691995,12:08:11.995,B/USDT:USDT,0.5398,12.0,0.5397,10.0,0.5406,5.0,0.5407,2.0
1753531692068,12:08:12.068,B/USDT:USDT,0.5398,12.0,0.5397,10.0,0.5408,5.0,0.5409,12.0
1753531692183,12:08:12.183,B/USDT:USDT,0.5398,12.0,0.5397,10.0,0.5408,5.0,0.5409,12.0
1753531692319,12:08:12.319,B/USDT:USDT,0.5398,12.0,0.5397,10.0,0.5408,5.0,0.5409,12.0
1753531692692,12:08:12.692,B/USDT:USDT,0.5398,2.0,0.5397,10.0,0.5408,5.0,0.5409,2.0
1753531692839,12:08:12.839,B/USDT:USDT,0.5397,12.0,0.5396,66.0,0.5407,5.0,0.5408,18.0
1753531692876,12:08:12.876,B/USDT:USDT,0.5397,12.0,0.5396,66.0,0.5407,7.0,0.541,10.0
1753531692990,12:08:12.990,B/USDT:USDT,0.5397,12.0,0.5396,66.0,0.5407,5.0,0.541,12.0
1753531693520,12:08:13.520,B/USDT:USDT,0.5397,12.0,0.5396,66.0,0.5409,42.0,0.541,12.0
1753531693595,12:08:13.595,B/USDT:USDT,0.5397,12.0,0.5396,66.0,0.5407,5.0,0.5408,12.0
1753531693681,12:08:13.681,B/USDT:USDT,0.5397,12.0,0.5396,66.0,0.5407,5.0,0.5408,12.0
1753531693758,12:08:13.758,B/USDT:USDT,0.5397,12.0,0.5396,66.0,0.5407,5.0,0.5408,10.0
1753531694210,12:08:14.210,B/USDT:USDT,0.5397,12.0,0.5396,66.0,0.5407,5.0,0.5408,10.0
1753531694947,12:08:14.947,B/USDT:USDT,0.5397,12.0,0.5396,66.0,0.5407,5.0,0.5408,10.0
1753531695659,12:08:15.659,B/USDT:USDT,0.5397,12.0,0.5396,66.0,0.5407,5.0,0.5408,10.0
1753531696003,12:08:16.003,B/USDT:USDT,0.5397,12.0,0.5396,66.0,0.5407,5.0,0.5408,10.0
1753531696212,12:08:16.212,B/USDT:USDT,0.5397,12.0,0.5396,66.0,0.5407,5.0,0.5408,10.0
1753531697150,12:08:17.150,B/USDT:USDT,0.5397,12.0,0.5396,66.0,0.5407,5.0,0.5408,10.0
1753531700236,12:08:20.236,B/USDT:USDT,0.5397,12.0,0.5396,66.0,0.5407,5.0,0.5408,10.0
1753531700484,12:08:20.484,B/USDT:USDT,0.5397,12.0,0.5396,66.0,0.5407,5.0,0.5408,10.0
1753531701598,12:08:21.598,B/USDT:USDT,0.5397,12.0,0.5396,66.0,0.5407,5.0,0.5408,10.0
1753531706604,12:08:26.604,B/USDT:USDT,0.5397,12.0,0.5395,107.0,0.5407,5.0,0.5408,10.0
1753531706659,12:08:26.659,B/USDT:USDT,0.5397,10.0,0.5396,68.0,0.5407,5.0,0.5408,10.0
1753531707020,12:08:27.020,B/USDT:USDT,0.5397,10.0,0.5396,68.0,0.5407,23.0,0.5408,10.0
1753531707134,12:08:27.134,B/USDT:USDT,0.5397,10.0,0.5396,54.0,0.5405,5.0,0.5406,2.0
1753531707224,12:08:27.224,B/USDT:USDT,0.5397,10.0,0.5396,54.0,0.5405,8.0,0.5407,2.0
1753531707348,12:08:27.348,B/USDT:USDT,0.5397,10.0,0.5396,54.0,0.5405,8.0,0.5408,10.0
1753531707422,12:08:27.422,B/USDT:USDT,0.5397,10.0,0.5396,54.0,0.5405,8.0,0.5408,10.0
1753531707544,12:08:27.544,B/USDT:USDT,0.5397,10.0,0.5396,64.0,0.5405,8.0,0.5411,2.0
1753531708195,12:08:28.195,B/USDT:USDT,0.5397,10.0,0.5396,64.0,0.541,15.0,0.5411,2.0
1753531708349,12:08:28.349,B/USDT:USDT,0.5397,10.0,0.5396,64.0,0.541,93.0,0.5411,2.0
1753531708379,12:08:28.379,B/USDT:USDT,0.5397,10.0,0.5396,64.0,0.5408,5.0,0.5409,119.0
1753531708515,12:08:28.515,B/USDT:USDT,0.5397,10.0,0.5396,64.0,0.5408,42.0,0.5409,119.0
1753531708559,12:08:28.559,B/USDT:USDT,0.5397,10.0,0.5396,64.0,0.5407,2.0,0.5408,42.0
1753531708771,12:08:28.771,B/USDT:USDT,0.5397,10.0,0.5396,64.0,0.5406,5.0,0.5407,2.0
1753531708863,12:08:28.863,B/USDT:USDT,0.5397,10.0,0.5396,64.0,0.5407,5.0,0.5408,12.0
1753531709285,12:08:29.285,B/USDT:USDT,0.5397,10.0,0.5396,64.0,0.5407,5.0,0.5408,12.0
1753531709503,12:08:29.503,B/USDT:USDT,0.5397,10.0,0.5396,64.0,0.5407,5.0,0.5408,12.0
1753531709583,12:08:29.583,B/USDT:USDT,0.5397,10.0,0.5396,64.0,0.5407,5.0,0.5408,12.0
1753531709933,12:08:29.933,B/USDT:USDT,0.5397,10.0,0.5396,64.0,0.5407,14.0,0.5408,12.0
1753531709987,12:08:29.987,B/USDT:USDT,0.5397,10.0,0.5396,64.0,0.5407,23.0,0.5408,12.0
1753531710112,12:08:30.112,B/USDT:USDT,0.5397,10.0,0.5396,64.0,0.5405,6.0,0.5406,2.0
1753531710164,12:08:30.164,B/USDT:USDT,0.5397,10.0,0.5396,64.0,0.5405,6.0,0.5408,12.0
1753531710405,12:08:30.405,B/USDT:USDT,0.5397,10.0,0.5396,64.0,0.5405,6.0,0.5408,12.0
1753531710463,12:08:30.463,B/USDT:USDT,0.5397,10.0,0.5396,64.0,0.5405,1.0,0.5407,5.0
1753531710827,12:08:30.827,B/USDT:USDT,0.5397,10.0,0.5396,64.0,0.5405,1.0,0.5407,5.0
1753531711528,12:08:31.528,B/USDT:USDT,0.5397,10.0,0.5396,64.0,0.5407,23.0,0.5408,12.0
1753531711650,12:08:31.650,B/USDT:USDT,0.5397,10.0,0.5396,64.0,0.5405,5.0,0.5406,2.0
1753531711660,12:08:31.660,B/USDT:USDT,0.5397,10.0,0.5396,64.0,0.5405,5.0,0.5406,2.0
1753531711764,12:08:31.764,B/USDT:USDT,0.5397,10.0,0.5396,64.0,0.5407,5.0,0.5408,12.0
1753531711905,12:08:31.905,B/USDT:USDT,0.5397,10.0,0.5396,64.0,0.5407,5.0,0.5408,12.0
1753531712261,12:08:32.261,B/USDT:USDT,0.5397,10.0,0.5396,64.0,0.5407,23.0,0.5408,12.0
1753531712394,12:08:32.394,B/USDT:USDT,0.5397,10.0,0.5396,64.0,0.5405,5.0,0.5406,2.0
1753531712463,12:08:32.463,B/USDT:USDT,0.5397,10.0,0.5396,64.0,0.5407,5.0,0.5408,12.0
1753531712891,12:08:32.891,B/USDT:USDT,0.5397,10.0,0.5396,64.0,0.5407,23.0,0.5408,12.0
1753531712958,12:08:32.958,B/USDT:USDT,0.5397,10.0,0.5396,64.0,0.5406,2.0,0.5407,23.0
1753531713320,12:08:33.320,B/USDT:USDT,0.5397,10.0,0.5396,64.0,0.5405,5.0,0.5406,2.0
1753531713362,12:08:33.362,B/USDT:USDT,0.5397,10.0,0.5396,64.0,0.5407,5.0,0.5408,12.0
1753531713749,12:08:33.749,B/USDT:USDT,0.5397,10.0,0.5396,64.0,0.5407,14.0,0.5408,12.0
1753531714643,12:08:34.643,B/USDT:USDT,0.5397,10.0,0.5396,64.0,0.5407,14.0,0.5408,12.0
1753531714696,12:08:34.696,B/USDT:USDT,0.5397,10.0,0.5396,64.0,0.5407,5.0,0.5408,12.0
1753531715437,12:08:35.437,B/USDT:USDT,0.5397,10.0,0.5396,64.0,0.5407,5.0,0.5408,12.0
1753531716041,12:08:36.041,B/USDT:USDT,0.5397,10.0,0.5396,64.0,0.5407,5.0,0.5408,12.0
1753531716425,12:08:36.425,B/USDT:USDT,0.5397,10.0,0.5396,64.0,0.5407,5.0,0.5408,12.0
1753531717122,12:08:37.122,B/USDT:USDT,0.5397,10.0,0.5396,64.0,0.5407,14.0,0.5408,12.0
1753531717622,12:08:37.622,B/USDT:USDT,0.5397,10.0,0.5396,64.0,0.5407,5.0,0.5408,12.0
1753531721038,12:08:41.038,B/USDT:USDT,0.5397,10.0,0.5396,64.0,0.5407,5.0,0.5408,12.0
1753531724483,12:08:44.483,B/USDT:USDT,0.5397,10.0,0.5396,64.0,0.5407,14.0,0.5408,12.0
1753531726694,12:08:46.694,B/USDT:USDT,0.5397,10.0,0.5396,64.0,0.5407,23.0,0.5408,12.0
1753531726774,12:08:46.774,B/USDT:USDT,0.5397,10.0,0.5396,64.0,0.5406,2.0,0.5407,23.0
1753531727089,12:08:47.089,B/USDT:USDT,0.5397,10.0,0.5396,64.0,0.5405,5.0,0.5406,2.0
1753531727172,12:08:47.172,B/USDT:USDT,0.5397,10.0,0.5396,64.0,0.5405,5.0,0.5406,2.0
1753531727262,12:08:47.262,B/USDT:USDT,0.5397,10.0,0.5396,64.0,0.5407,5.0,0.5408,12.0
1753531727502,12:08:47.502,B/USDT:USDT,0.5397,10.0,0.5396,64.0,0.5407,5.0,0.5408,12.0
1753531729711,12:08:49.711,B/USDT:USDT,0.5397,10.0,0.5396,64.0,0.5407,23.0,0.5408,12.0
1753531729758,12:08:49.758,B/USDT:USDT,0.5397,10.0,0.5396,64.0,0.5406,2.0,0.5407,23.0
1753531729948,12:08:49.948,B/USDT:USDT,0.5397,10.0,0.5396,64.0,0.5405,5.0,0.5406,2.0
1753531729970,12:08:49.970,B/USDT:USDT,0.5397,10.0,0.5396,64.0,0.5407,5.0,0.5408,12.0
1753531730367,12:08:50.367,B/USDT:USDT,0.5397,10.0,0.5396,64.0,0.5407,5.0,0.5408,12.0
1753531731080,12:08:51.080,B/USDT:USDT,0.5397,10.0,0.5396,64.0,0.5407,23.0,0.5408,12.0
1753531731165,12:08:51.165,B/USDT:USDT,0.5397,10.0,0.5396,64.0,0.5406,2.0,0.5407,23.0
1753531731595,12:08:51.595,B/USDT:USDT,0.5397,10.0,0.5396,64.0,0.5405,5.0,0.5406,2.0
1753531731664,12:08:51.664,B/USDT:USDT,0.5397,10.0,0.5396,64.0,0.5407,5.0,0.5408,12.0
1753531732008,12:08:52.008,B/USDT:USDT,0.5397,10.0,0.5396,64.0,0.5407,5.0,0.5408,12.0
1753531734631,12:08:54.631,B/USDT:USDT,0.5397,10.0,0.5396,64.0,0.5407,23.0,0.5408,12.0
1753531734659,12:08:54.659,B/USDT:USDT,0.5397,10.0,0.5396,64.0,0.5406,2.0,0.5407,23.0
1753531734848,12:08:54.848,B/USDT:USDT,0.5397,10.0,0.5396,64.0,0.5406,2.0,0.5407,23.0
1753531734854,12:08:54.854,B/USDT:USDT,0.5397,10.0,0.5396,64.0,0.5405,5.0,0.5406,2.0
1753531735266,12:08:55.266,B/USDT:USDT,0.5397,10.0,0.5396,64.0,0.5405,5.0,0.5406,2.0
1753531735818,12:08:55.818,B/USDT:USDT,0.5397,10.0,0.5396,64.0,0.5405,5.0,0.5406,2.0
1753531735862,12:08:55.862,B/USDT:USDT,0.5397,10.0,0.5396,64.0,0.5407,5.0,0.5408,12.0
1753531736034,12:08:56.034,B/USDT:USDT,0.5397,10.0,0.5396,12.0,0.5407,14.0,0.5408,12.0
1753531736142,12:08:56.142,B/USDT:USDT,0.5397,10.0,0.5396,12.0,0.5407,5.0,0.5408,12.0
1753531736244,12:08:56.244,B/USDT:USDT,0.5397,10.0,0.5396,64.0,0.5407,5.0,0.5408,12.0
1753531736275,12:08:56.275,B/USDT:USDT,0.5397,10.0,0.5396,64.0,0.5407,5.0,0.5408,12.0
1753531736550,12:08:56.550,B/USDT:USDT,0.5397,10.0,0.5396,64.0,0.5407,5.0,0.5408,12.0
1753531737191,12:08:57.191,B/USDT:USDT,0.5397,10.0,0.5396,64.0,0.5407,5.0,0.5408,12.0
1753531737341,12:08:57.341,B/USDT:USDT,0.5397,10.0,0.5396,64.0,0.5407,5.0,0.5408,12.0
1753531738781,12:08:58.781,B/USDT:USDT,0.5397,10.0,0.5396,64.0,0.5407,23.0,0.5408,12.0
1753531738949,12:08:58.949,B/USDT:USDT,0.5397,10.0,0.5396,64.0,0.5406,2.0,0.5407,23.0
1753531738981,12:08:58.981,B/USDT:USDT,0.5397,10.0,0.5396,64.0,0.5405,5.0,0.5406,2.0
1753531739149,12:08:59.149,B/USDT:USDT,0.5397,10.0,0.5396,64.0,0.5407,5.0,0.5408,12.0
1753531739169,12:08:59.169,B/USDT:USDT,0.5397,10.0,0.5396,64.0,0.5407,5.0,0.5408,12.0
1753531739398,12:08:59.398,B/USDT:USDT,0.5397,10.0,0.5396,64.0,0.5407,5.0,0.5408,12.0
1753531740103,12:09:00.103,B/USDT:USDT,0.5397,10.0,0.5396,64.0,0.5407,17.0,0.5408,12.0
1753531740218,12:09:00.218,B/USDT:USDT,0.5397,10.0,0.5396,64.0,0.5407,17.0,0.5408,12.0
1753531740911,12:09:00.911,B/USDT:USDT,0.5397,10.0,0.5396,64.0,0.5407,33.0,0.5408,12.0
1753531740964,12:09:00.964,B/USDT:USDT,0.5397,10.0,0.5396,64.0,0.5406,2.0,0.5407,33.0
1753531741277,12:09:01.277,B/USDT:USDT,0.5397,10.0,0.5396,64.0,0.5405,5.0,0.5406,2.0
1753531741440,12:09:01.440,B/USDT:USDT,0.5397,10.0,0.5396,64.0,0.5407,5.0,0.5408,12.0
1753531741906,12:09:01.906,B/USDT:USDT,0.5397,10.0,0.5396,64.0,0.5407,5.0,0.5408,12.0
1753531744534,12:09:04.534,B/USDT:USDT,0.5397,76.0,0.5396,12.0,0.5407,5.0,0.5408,12.0
1753531744634,12:09:04.634,B/USDT:USDT,0.5398,12.0,0.5397,76.0,0.5407,5.0,0.5408,12.0
1753531744674,12:09:04.674,B/USDT:USDT,0.5398,12.0,0.5397,76.0,0.5407,5.0,0.5408,12.0
1753531744787,12:09:04.787,B/USDT:USDT,0.5398,12.0,0.5397,76.0,0.5407,5.0,0.5408,12.0
1753531744929,12:09:04.929,B/USDT:USDT,0.5398,12.0,0.5397,76.0,0.5407,5.0,0.5408,12.0
1753531745102,12:09:05.102,B/USDT:USDT,0.5398,12.0,0.5397,76.0,0.5407,5.0,0.5408,2.0
1753531745160,12:09:05.160,B/USDT:USDT,0.5398,12.0,0.5397,76.0,0.5407,5.0,0.5412,12.0
1753531749935,12:09:09.935,B/USDT:USDT,0.5401,5.0,0.54,117.0,0.5412,12.0,0.5414,110.0
1753531750046,12:09:10.046,B/USDT:USDT,0.5403,5.0,0.5402,2.0,0.5412,18.0,0.5414,66.0
1753531750063,12:09:10.063,B/USDT:USDT,0.5404,3.0,0.5403,5.0,0.5412,19.0,0.5414,66.0
1753531750251,12:09:10.251,B/USDT:USDT,0.5405,5.0,0.5404,3.0,0.5412,20.0,0.5414,66.0
1753531750260,12:09:10.260,B/USDT:USDT,0.5406,2.0,0.5405,5.0,0.5412,20.0,0.5414,66.0
1753531750548,12:09:10.548,B/USDT:USDT,0.5407,5.0,0.5406,2.0,0.5412,20.0,0.5414,66.0
1753531750577,12:09:10.577,B/USDT:USDT,0.5408,2.0,0.5405,5.0,0.5412,20.0,0.5414,66.0
1753531750659,12:09:10.659,B/USDT:USDT,0.5406,2.0,0.5405,5.0,0.5412,20.0,0.5414,66.0
1753531750948,12:09:10.948,B/USDT:USDT,0.5406,2.0,0.5405,5.0,0.5412,20.0,0.5414,66.0
1753531750975,12:09:10.975,B/USDT:USDT,0.5407,5.0,0.5406,2.0,0.5412,17.0,0.5414,66.0
1753531751135,12:09:11.135,B/USDT:USDT,0.5408,7.0,0.5401,10.0,0.5412,14.0,0.5413,107.0
1753531751308,12:09:11.308,B/USDT:USDT,0.5408,7.0,0.5401,10.0,0.5412,14.0,0.5413,107.0
1753531752025,12:09:12.025,B/USDT:USDT,0.5408,7.0,0.5401,10.0,0.5412,14.0,0.5413,107.0
1753531752130,12:09:12.130,B/USDT:USDT,0.5408,7.0,0.5401,10.0,0.5412,14.0,0.5413,107.0
1753531753042,12:09:13.042,B/USDT:USDT,0.5408,7.0,0.5401,10.0,0.5412,14.0,0.5413,107.0
1753531754042,12:09:14.042,B/USDT:USDT,0.5401,10.0,0.54,117.0,0.5412,14.0,0.5413,107.0
1753531754076,12:09:14.076,B/USDT:USDT,0.5402,7.0,0.5401,10.0,0.5411,5.0,0.5412,83.0
1753531754174,12:09:14.174,B/USDT:USDT,0.5402,5.0,0.5401,10.0,0.541,2.0,0.5411,5.0
1753531754475,12:09:14.475,B/USDT:USDT,0.5402,5.0,0.5401,10.0,0.5409,7.0,0.541,2.0
1753531754619,12:09:14.619,B/USDT:USDT,0.5402,5.0,0.5401,11.0,0.5407,5.0,0.5408,2.0
1753531754749,12:09:14.749,B/USDT:USDT,0.5402,5.0,0.5401,11.0,0.5406,2.0,0.5407,5.0
1753531754769,12:09:14.769,B/USDT:USDT,0.5402,5.0,0.5401,11.0,0.5405,5.0,0.5406,2.0
1753531754940,12:09:14.940,B/USDT:USDT,0.5402,5.0,0.5401,11.0,0.5405,5.0,0.5406,2.0
1753531754999,12:09:14.999,B/USDT:USDT,0.5402,5.0,0.5401,11.0,0.5405,5.0,0.5406,2.0
1753531755084,12:09:15.084,B/USDT:USDT,0.5402,5.0,0.5401,11.0,0.5405,5.0,0.5406,2.0
1753531755178,12:09:15.178,B/USDT:USDT,0.5402,5.0,0.5401,11.0,0.5404,2.0,0.5405,5.0
1753531755321,12:09:15.321,B/USDT:USDT,0.5401,16.0,0.54,1.0,0.5404,10.0,0.5407,1.0
1753531755426,12:09:15.426,B/USDT:USDT,0.5401,16.0,0.54,1.0,0.5404,10.0,0.5407,1.0
1753531755550,12:09:15.550,B/USDT:USDT,0.5401,16.0,0.54,1.0,0.5404,10.0,0.5407,1.0
1753531755602,12:09:15.602,B/USDT:USDT,0.5401,16.0,0.54,1.0,0.5404,10.0,0.5407,1.0
1753531756028,12:09:16.028,B/USDT:USDT,0.5401,16.0,0.54,1.0,0.5404,10.0,0.5407,1.0
1753531756054,12:09:16.054,B/USDT:USDT,0.5401,16.0,0.54,1.0,0.5404,10.0,0.5407,1.0
1753531756290,12:09:16.290,B/USDT:USDT,0.5401,16.0,0.54,1.0,0.5404,7.0,0.5407,1.0
1753531756596,12:09:16.596,B/USDT:USDT,0.5401,16.0,0.54,1.0,0.5404,7.0,0.5407,1.0
1753531756653,12:09:16.653,B/USDT:USDT,0.5401,16.0,0.54,1.0,0.5404,7.0,0.5407,1.0
1753531756782,12:09:16.782,B/USDT:USDT,0.5401,22.0,0.54,1.0,0.5404,7.0,0.5407,1.0
1753531757090,12:09:17.090,B/USDT:USDT,0.5401,22.0,0.5396,10.0,0.5404,7.0,0.5407,1.0
1753531757957,12:09:17.957,B/USDT:USDT,0.5401,12.0,0.5396,10.0,0.5404,7.0,0.5407,1.0
1753531759392,12:09:19.392,B/USDT:USDT,0.5401,12.0,0.54,1.0,0.5404,7.0,0.5407,1.0
1753531760015,12:09:20.015,B/USDT:USDT,0.5401,12.0,0.54,1.0,0.5404,7.0,0.5407,1.0
1753531762108,12:09:22.108,B/USDT:USDT,0.5401,12.0,0.54,1.0,0.5404,7.0,0.5407,1.0
1753531764772,12:09:24.772,B/USDT:USDT,0.5401,12.0,0.5396,10.0,0.5411,114.0,0.5412,9.0
1753531764944,12:09:24.944,B/USDT:USDT,0.5402,7.0,0.5401,6.0,0.541,2.0,0.5411,120.0
1753531764962,12:09:24.962,B/USDT:USDT,0.5402,7.0,0.5401,6.0,0.541,116.0,0.5411,6.0
1753531765135,12:09:25.135,B/USDT:USDT,0.5402,7.0,0.5401,6.0,0.541,116.0,0.5411,6.0
1753531765335,12:09:25.335,B/USDT:USDT,0.5402,7.0,0.5401,6.0,0.5409,48.0,0.541,68.0
1753531765445,12:09:25.445,B/USDT:USDT,0.5402,7.0,0.5401,6.0,0.5408,2.0,0.5409,50.0
1753531765567,12:09:25.567,B/USDT:USDT,0.5402,7.0,0.5401,6.0,0.5408,2.0,0.5409,50.0
1753531765908,12:09:25.908,B/USDT:USDT,0.5402,7.0,0.5401,6.0,0.5408,2.0,0.5409,50.0
1753531766040,12:09:26.040,B/USDT:USDT,0.5402,7.0,0.5401,6.0,0.5408,2.0,0.5409,50.0
1753531766782,12:09:26.782,B/USDT:USDT,0.5402,7.0,0.5396,10.0,0.5408,2.0,0.5409,50.0
1753531766857,12:09:26.857,B/USDT:USDT,0.5402,7.0,0.5396,10.0,0.5408,2.0,0.5409,50.0
1753531767213,12:09:27.213,B/USDT:USDT,0.5402,7.0,0.5396,10.0,0.5408,2.0,0.5409,50.0
1753531768043,12:09:28.043,B/USDT:USDT,0.5402,7.0,0.5396,10.0,0.5408,2.0,0.5409,50.0
1753531768074,12:09:28.074,B/USDT:USDT,0.5402,7.0,0.5396,10.0,0.5408,2.0,0.5409,50.0
1753531768955,12:09:28.955,B/USDT:USDT,0.5402,7.0,0.5396,10.0,0.5408,2.0,0.5409,50.0
1753531769513,12:09:29.513,B/USDT:USDT,0.5402,7.0,0.5396,10.0,0.5408,2.0,0.5409,50.0
1753531772294,12:09:32.294,B/USDT:USDT,0.5402,7.0,0.5396,10.0,0.5408,2.0,0.5409,2.0
1753531772524,12:09:32.524,B/USDT:USDT,0.5402,7.0,0.5396,10.0,0.5408,2.0,0.5409,2.0
1753531772749,12:09:32.749,B/USDT:USDT,0.5402,7.0,0.5396,10.0,0.5408,2.0,0.5409,2.0
1753531772790,12:09:32.790,B/USDT:USDT,0.5402,7.0,0.5396,10.0,0.5408,2.0,0.5409,2.0
1753531773043,12:09:33.043,B/USDT:USDT,0.5402,7.0,0.5396,10.0,0.5408,2.0,0.5409,2.0
1753531773086,12:09:33.086,B/USDT:USDT,0.5402,7.0,0.5396,10.0,0.5408,2.0,0.5409,2.0
1753531773200,12:09:33.200,B/USDT:USDT,0.5402,7.0,0.5396,10.0,0.5408,2.0,0.5409,2.0
1753531773315,12:09:33.315,B/USDT:USDT,0.5402,7.0,0.5396,10.0,0.5408,2.0,0.5409,109.0
1753531773433,12:09:33.433,B/USDT:USDT,0.5402,7.0,0.5396,10.0,0.5408,2.0,0.5409,109.0
1753531773535,12:09:33.535,B/USDT:USDT,0.5402,7.0,0.5396,10.0,0.5408,116.0,0.5409,109.0
1753531773621,12:09:33.621,B/USDT:USDT,0.5402,7.0,0.5396,10.0,0.5407,67.0,0.5408,50.0
1753531773721,12:09:33.721,B/USDT:USDT,0.5402,7.0,0.5396,10.0,0.5407,71.0,0.5408,50.0
1753531773779,12:09:33.779,B/USDT:USDT,0.5402,7.0,0.5396,10.0,0.5407,71.0,0.5408,50.0
1753531773945,12:09:33.945,B/USDT:USDT,0.5402,7.0,0.5396,10.0,0.5407,71.0,0.5408,49.0
1753531774028,12:09:34.028,B/USDT:USDT,0.5402,7.0,0.5396,10.0,0.5406,2.0,0.5407,71.0
1753531774133,12:09:34.133,B/USDT:USDT,0.5402,7.0,0.5396,10.0,0.5406,2.0,0.5407,71.0
1753531774650,12:09:34.650,B/USDT:USDT,0.5402,7.0,0.5396,10.0,0.5406,2.0,0.5407,71.0
1753531774720,12:09:34.720,B/USDT:USDT,0.5402,7.0,0.5396,10.0,0.5406,2.0,0.5407,68.0
1753531774862,12:09:34.862,B/USDT:USDT,0.5402,7.0,0.5396,10.0,0.5406,2.0,0.5407,68.0
1753531775558,12:09:35.558,B/USDT:USDT,0.5402,7.0,0.5396,10.0,0.5406,68.0,0.5407,2.0
1753531776116,12:09:36.116,B/USDT:USDT,0.5402,8.0,0.5396,10.0,0.5406,2.0,0.5407,66.0
1753531776428,12:09:36.428,B/USDT:USDT,0.5402,8.0,0.5396,10.0,0.5406,2.0,0.5407,66.0
1753531776867,12:09:36.867,B/USDT:USDT,0.5402,8.0,0.5396,10.0,0.5406,3.0,0.5407,66.0
1753531776958,12:09:36.958,B/USDT:USDT,0.5402,8.0,0.5396,10.0,0.5406,4.0,0.5407,66.0
1753531777376,12:09:37.376,B/USDT:USDT,0.5402,7.0,0.5396,10.0,0.5406,4.0,0.5407,66.0
1753531777614,12:09:37.614,B/USDT:USDT,0.5402,7.0,0.5396,10.0,0.5406,4.0,0.5407,66.0
1753531777698,12:09:37.698,B/USDT:USDT,0.5402,7.0,0.5396,10.0,0.5406,4.0,0.5407,66.0
1753531777843,12:09:37.843,B/USDT:USDT,0.5402,7.0,0.5396,10.0,0.5406,70.0,0.5411,48.0
1753531777936,12:09:37.936,B/USDT:USDT,0.5402,7.0,0.5396,10.0,0.5406,70.0,0.5411,48.0
1753531778036,12:09:38.036,B/USDT:USDT,0.5402,7.0,0.5396,10.0,0.5406,70.0,0.5411,48.0
1753531778349,12:09:38.349,B/USDT:USDT,0.5402,7.0,0.5396,10.0,0.5405,66.0,0.5406,4.0
1753531778428,12:09:38.428,B/USDT:USDT,0.5402,2.0,0.5397,5.0,0.5404,4.0,0.5405,68.0
1753531778530,12:09:38.530,B/USDT:USDT,0.5399,5.0,0.5398,2.0,0.5404,74.0,0.5405,2.0
1753531778636,12:09:38.636,B/USDT:USDT,0.54,2.0,0.5393,38.0,0.5403,2.0,0.5404,74.0
1753531778675,12:09:38.675,B/USDT:USDT,0.5394,12.0,0.5393,38.0,0.5403,2.0,0.5404,73.0
1753531778775,12:09:38.775,B/USDT:USDT,0.5395,15.0,0.5394,12.0,0.5403,2.0,0.5404,73.0
1753531778952,12:09:38.952,B/USDT:USDT,0.5396,2.0,0.5395,15.0,0.5403,2.0,0.5404,73.0
1753531779018,12:09:39.018,B/USDT:USDT,0.5397,5.0,0.5396,2.0,0.5403,2.0,0.5404,73.0
1753531779075,12:09:39.075,B/USDT:USDT,0.5398,3.0,0.5396,5.0,0.5403,3.0,0.5404,73.0
1753531779230,12:09:39.230,B/USDT:USDT,0.5398,1.0,0.5397,7.0,0.5403,3.0,0.5404,73.0
1753531779332,12:09:39.332,B/USDT:USDT,0.5398,5.0,0.5397,2.0,0.5403,3.0,0.5404,73.0
1753531779415,12:09:39.415,B/USDT:USDT,0.5399,7.0,0.5395,10.0,0.5403,3.0,0.5404,73.0
1753531779491,12:09:39.491,B/USDT:USDT,0.5399,7.0,0.5395,10.0,0.5403,3.0,0.5404,67.0
1753531779618,12:09:39.618,B/USDT:USDT,0.5399,7.0,0.5395,10.0,0.5403,3.0,0.5404,67.0
1753531779712,12:09:39.712,B/USDT:USDT,0.5399,7.0,0.5394,10.0,0.5403,3.0,0.5404,67.0
1753531779833,12:09:39.833,B/USDT:USDT,0.5399,8.0,0.5394,10.0,0.5403,3.0,0.5404,67.0
1753531780707,12:09:40.707,B/USDT:USDT,0.5399,8.0,0.5394,10.0,0.5403,3.0,0.5404,67.0
1753531781238,12:09:41.238,B/USDT:USDT,0.5399,9.0,0.5394,10.0,0.5403,2.0,0.5408,48.0
1753531781274,12:09:41.274,B/USDT:USDT,0.5399,8.0,0.5394,10.0,0.5407,2.0,0.5408,48.0
1753531781360,12:09:41.360,B/USDT:USDT,0.5399,9.0,0.5394,10.0,0.5403,4.0,0.5406,66.0
1753531781474,12:09:41.474,B/USDT:USDT,0.5399,9.0,0.5394,10.0,0.5402,2.0,0.5403,3.0
1753531781563,12:09:41.563,B/USDT:USDT,0.5399,4.0,0.5395,5.0,0.5402,2.0,0.5403,3.0
1753531781692,12:09:41.692,B/USDT:USDT,0.5399,3.0,0.5395,5.0,0.5402,2.0,0.5403,3.0
1753531781764,12:09:41.764,B/USDT:USDT,0.5399,1.0,0.5396,2.0,0.5402,2.0,0.5403,3.0
1753531781918,12:09:41.918,B/USDT:USDT,0.5399,1.0,0.5397,5.0,0.5402,2.0,0.5403,3.0
1753531782307,12:09:42.307,B/USDT:USDT,0.5399,1.0,0.5398,2.0,0.5402,2.0,0.5403,3.0
1753531782369,12:09:42.369,B/USDT:USDT,0.5399,1.0,0.5398,7.0,0.5402,2.0,0.5406,66.0
1753531782542,12:09:42.542,B/USDT:USDT,0.54,5.0,0.5399,2.0,0.5405,2.0,0.5407,10.0
1753531782638,12:09:42.638,B/USDT:USDT,0.5401,8.0,0.5394,10.0,0.5405,6.0,0.5406,2.0
1753531782746,12:09:42.746,B/USDT:USDT,0.5401,3.0,0.5395,5.0,0.5404,2.0,0.5405,6.0
1753531782758,12:09:42.758,B/USDT:USDT,0.5401,1.0,0.5396,2.0,0.5404,2.0,0.5405,6.0
1753531782892,12:09:42.892,B/USDT:USDT,0.5401,1.0,0.5397,5.0,0.5404,2.0,0.5405,8.0
1753531782994,12:09:42.994,B/USDT:USDT,0.5399,6.0,0.5398,3.0,0.5404,2.0,0.5405,8.0
1753531783058,12:09:43.058,B/USDT:USDT,0.54,2.0,0.5399,6.0,0.5404,2.0,0.5405,8.0
1753531783177,12:09:43.177,B/USDT:USDT,0.54,7.0,0.5399,1.0,0.5404,2.0,0.5405,8.0
1753531783613,12:09:43.613,B/USDT:USDT,0.54,7.0,0.5399,1.0,0.5404,2.0,0.5405,2.0
1753531783727,12:09:43.727,B/USDT:USDT,0.54,7.0,0.5399,1.0,0.5404,2.0,0.5405,5.0
1753531784033,12:09:44.033,B/USDT:USDT,0.54,7.0,0.5399,1.0,0.5404,2.0,0.5405,5.0
1753531784140,12:09:44.140,B/USDT:USDT,0.54,7.0,0.5399,1.0,0.5404,2.0,0.5405,5.0
1753531784414,12:09:44.414,B/USDT:USDT,0.54,7.0,0.5399,1.0,0.5404,2.0,0.5405,4.0
1753531784521,12:09:44.521,B/USDT:USDT,0.54,7.0,0.5399,1.0,0.5404,3.0,0.5405,4.0
1753531784794,12:09:44.794,B/USDT:USDT,0.54,7.0,0.5399,1.0,0.5404,3.0,0.5405,1.0
1753531785426,12:09:45.426,B/USDT:USDT,0.54,7.0,0.5399,1.0,0.5404,2.0,0.5405,1.0
1753531785474,12:09:45.474,B/USDT:USDT,0.54,7.0,0.5399,1.0,0.5405,2.0,0.5406,2.0
1753531785651,12:09:45.651,B/USDT:USDT,0.54,7.0,0.5399,1.0,0.5404,2.0,0.5405,2.0
1753531785652,12:09:45.652,B/USDT:USDT,0.54,7.0,0.5399,1.0,0.5404,2.0,0.5405,2.0
1753531790656,12:09:50.656,B/USDT:USDT,0.54,7.0,0.5399,1.0,0.5404,2.0,0.5405,2.0
1753531790832,12:09:50.832,B/USDT:USDT,0.54,7.0,0.5399,1.0,0.5404,2.0,0.5405,68.0
1753531790945,12:09:50.945,B/USDT:USDT,0.54,7.0,0.5399,1.0,0.5404,2.0,0.5405,68.0
1753531791088,12:09:51.088,B/USDT:USDT,0.54,7.0,0.5399,1.0,0.5404,2.0,0.5405,68.0
1753531791641,12:09:51.641,B/USDT:USDT,0.54,7.0,0.5399,1.0,0.5404,2.0,0.5405,68.0
1753531792568,12:09:52.568,B/USDT:USDT,0.54,7.0,0.5399,1.0,0.5404,2.0,0.5405,68.0
1753531792797,12:09:52.797,B/USDT:USDT,0.54,7.0,0.5399,1.0,0.5404,2.0,0.5405,68.0
1753531793094,12:09:53.094,B/USDT:USDT,0.54,7.0,0.5399,1.0,0.5404,2.0,0.5405,68.0
1753531797995,12:09:57.995,B/USDT:USDT,0.54,7.0,0.5399,1.0,0.5404,2.0,0.5405,68.0
1753531800940,12:10:00.940,B/USDT:USDT,0.54,7.0,0.5399,1.0,0.5404,2.0,0.5405,68.0
1753531801043,12:10:01.043,B/USDT:USDT,0.54,8.0,0.5399,67.0,0.5404,2.0,0.5405,3.0
1753531801093,12:10:01.093,B/USDT:USDT,0.54,8.0,0.5399,67.0,0.5404,2.0,0.5405,3.0
1753531801641,12:10:01.641,B/USDT:USDT,0.5401,72.0,0.54,3.0,0.5405,3.0,0.5412,58.0
1753531801674,12:10:01.674,B/USDT:USDT,0.5402,3.0,0.5401,73.0,0.5405,3.0,0.5412,58.0
1753531801774,12:10:01.774,B/USDT:USDT,0.5402,9.0,0.5401,73.0,0.5405,3.0,0.5412,58.0
1753531801908,12:10:01.908,B/USDT:USDT,0.5402,9.0,0.5401,73.0,0.5405,3.0,0.5412,58.0
1753531802049,12:10:02.049,B/USDT:USDT,0.5403,5.0,0.5402,8.0,0.5412,58.0,0.5413,107.0
1753531802133,12:10:02.133,B/USDT:USDT,0.5405,5.0,0.5404,2.0,0.5411,67.0,0.5412,67.0
1753531802162,12:10:02.162,B/USDT:USDT,0.5406,2.0,0.5403,5.0,0.5411,67.0,0.5412,67.0
1753531802258,12:10:02.258,B/USDT:USDT,0.5404,2.0,0.5403,5.0,0.5411,67.0,0.5412,67.0
1753531802438,12:10:02.438,B/USDT:USDT,0.5405,5.0,0.5404,2.0,0.5411,77.0,0.5412,67.0
1753531802496,12:10:02.496,B/USDT:USDT,0.5406,7.0,0.5402,6.0,0.5411,86.0,0.5412,67.0
1753531802745,12:10:02.745,B/USDT:USDT,0.5406,5.0,0.5402,6.0,0.541,5.0,0.5411,86.0
1753531802849,12:10:02.849,B/USDT:USDT,0.5403,5.0,0.5402,6.0,0.5408,5.0,0.5409,70.0
1753531802951,12:10:02.951,B/USDT:USDT,0.5402,11.0,0.5401,67.0,0.5406,5.0,0.5407,4.0
1753531802974,12:10:02.974,B/USDT:USDT,0.5402,11.0,0.5401,68.0,0.5405,2.0,0.5406,11.0
1753531803127,12:10:03.127,B/USDT:USDT,0.5402,6.0,0.5401,73.0,0.5405,7.0,0.5406,6.0
1753531803232,12:10:03.232,B/USDT:USDT,0.5402,6.0,0.5401,73.0,0.5405,7.0,0.5406,6.0
1753531803277,12:10:03.277,B/USDT:USDT,0.5402,6.0,0.5401,73.0,0.5405,7.0,0.5406,6.0
1753531803660,12:10:03.660,B/USDT:USDT,0.5402,6.0,0.5401,73.0,0.5405,7.0,0.5406,6.0
1753531804048,12:10:04.048,B/USDT:USDT,0.5402,11.0,0.5401,1.0,0.5407,2.0,0.5408,1.0
1753531804083,12:10:04.083,B/USDT:USDT,0.5403,2.0,0.5402,11.0,0.5406,2.0,0.5407,2.0
1753531804434,12:10:04.434,B/USDT:USDT,0.5403,2.0,0.5402,11.0,0.5406,2.0,0.5407,2.0
1753531804506,12:10:04.506,B/USDT:USDT,0.5403,2.0,0.5402,11.0,0.5406,2.0,0.5407,2.0
1753531806825,12:10:06.825,B/USDT:USDT,0.5403,2.0,0.5402,5.0,0.5406,2.0,0.5407,2.0
1753531807178,12:10:07.178,B/USDT:USDT,0.5403,2.0,0.5402,5.0,0.5406,5.0,0.5407,2.0
1753531807404,12:10:07.404,B/USDT:USDT,0.5403,3.0,0.5402,7.0,0.5406,5.0,0.5409,66.0
1753531807452,12:10:07.452,B/USDT:USDT,0.5403,3.0,0.5402,7.0,0.5406,5.0,0.5412,58.0
1753531807564,12:10:07.564,B/USDT:USDT,0.5403,3.0,0.5402,7.0,0.5406,5.0,0.5412,58.0
1753531808108,12:10:08.108,B/USDT:USDT,0.5403,3.0,0.5402,7.0,0.5406,5.0,0.5412,9.0
1753531808213,12:10:08.213,B/USDT:USDT,0.5403,3.0,0.5402,7.0,0.5406,2.0,0.5412,9.0
1753531808274,12:10:08.274,B/USDT:USDT,0.5404,5.0,0.5403,3.0,0.5411,2.0,0.5412,9.0
1753531808402,12:10:08.402,B/USDT:USDT,0.5405,7.0,0.5403,1.0,0.541,67.0,0.5411,11.0
1753531808521,12:10:08.521,B/USDT:USDT,0.5405,8.0,0.5401,66.0,0.5409,2.0,0.541,67.0
1753531808595,12:10:08.595,B/USDT:USDT,0.5405,8.0,0.5401,66.0,0.5409,2.0,0.541,67.0
1753531809070,12:10:09.070,B/USDT:USDT,0.5405,7.0,0.5401,66.0,0.5409,3.0,0.541,67.0
1753531809246,12:10:09.246,B/USDT:USDT,0.5405,7.0,0.5401,66.0,0.5409,3.0,0.541,67.0
1753531809429,12:10:09.429,B/USDT:USDT,0.5405,7.0,0.5401,66.0,0.5409,3.0,0.541,67.0
1753531809455,12:10:09.455,B/USDT:USDT,0.5405,7.0,0.5401,66.0,0.5409,3.0,0.541,67.0
1753531809693,12:10:09.693,B/USDT:USDT,0.5405,7.0,0.5401,66.0,0.5409,3.0,0.541,67.0
1753531809809,12:10:09.809,B/USDT:USDT,0.5405,8.0,0.5401,66.0,0.5409,2.0,0.541,1.0
1753531809858,12:10:09.858,B/USDT:USDT,0.5405,8.0,0.5401,66.0,0.541,1.0,0.5411,2.0
1753531809956,12:10:09.956,B/USDT:USDT,0.5405,8.0,0.5401,66.0,0.541,1.0,0.5411,68.0
1753531810264,12:10:10.264,B/USDT:USDT,0.5405,8.0,0.5401,66.0,0.541,2.0,0.5411,68.0
1753531810358,12:10:10.358,B/USDT:USDT,0.5405,8.0,0.5401,66.0,0.5409,2.0,0.541,2.0
1753531810705,12:10:10.705,B/USDT:USDT,0.5405,8.0,0.5401,66.0,0.5409,2.0,0.541,2.0
1753531811497,12:10:11.497,B/USDT:USDT,0.5405,8.0,0.5401,66.0,0.5409,2.0,0.541,2.0
1753531811730,12:10:11.730,B/USDT:USDT,0.5405,8.0,0.5401,66.0,0.5409,2.0,0.541,2.0
1753531811911,12:10:11.911,B/USDT:USDT,0.5405,8.0,0.5401,66.0,0.5409,2.0,0.541,2.0
1753531812206,12:10:12.206,B/USDT:USDT,0.5405,7.0,0.5401,66.0,0.5409,2.0,0.541,2.0
1753531814236,12:10:14.236,B/USDT:USDT,0.5405,7.0,0.5401,66.0,0.5409,68.0,0.541,2.0
1753531817517,12:10:17.517,B/USDT:USDT,0.5405,7.0,0.5401,66.0,0.5409,68.0,0.541,2.0
1753531818574,12:10:18.574,B/USDT:USDT,0.5405,7.0,0.5401,66.0,0.5409,68.0,0.541,2.0
1753531823619,12:10:23.619,B/USDT:USDT,0.5405,7.0,0.5397,10.0,0.5409,2.0,0.541,2.0
1753531823659,12:10:23.659,B/USDT:USDT,0.5405,7.0,0.5397,10.0,0.5409,68.0,0.541,2.0
1753531823774,12:10:23.774,B/USDT:USDT,0.5405,7.0,0.5397,10.0,0.5409,68.0,0.541,2.0
1753531824029,12:10:24.029,B/USDT:USDT,0.5405,7.0,0.5397,10.0,0.5409,68.0,0.541,2.0
1753531824211,12:10:24.211,B/USDT:USDT,0.5405,7.0,0.5397,10.0,0.5409,68.0,0.541,2.0
1753531825199,12:10:25.199,B/USDT:USDT,0.5405,7.0,0.5397,10.0,0.5409,68.0,0.541,2.0
1753531826016,12:10:26.016,B/USDT:USDT,0.5405,7.0,0.5397,10.0,0.5409,68.0,0.541,2.0
1753531826188,12:10:26.188,B/USDT:USDT,0.5405,7.0,0.5397,10.0,0.5409,68.0,0.541,2.0
1753531827076,12:10:27.076,B/USDT:USDT,0.5405,7.0,0.5397,10.0,0.5409,68.0,0.541,2.0
1753531828206,12:10:28.206,B/USDT:USDT,0.5405,8.0,0.5397,10.0,0.5409,68.0,0.541,2.0
1753531828306,12:10:28.306,B/USDT:USDT,0.5405,8.0,0.5397,10.0,0.5409,2.0,0.541,2.0
1753531828409,12:10:28.409,B/USDT:USDT,0.5405,8.0,0.5397,43.0,0.5409,2.0,0.541,2.0
1753531829166,12:10:29.166,B/USDT:USDT,0.5405,9.0,0.5398,10.0,0.5409,2.0,0.541,2.0
1753531829268,12:10:29.268,B/USDT:USDT,0.5405,9.0,0.5398,10.0,0.5409,2.0,0.541,1.0
1753531829374,12:10:29.374,B/USDT:USDT,0.5405,8.0,0.5398,10.0,0.541,3.0,0.5411,66.0
1753531829673,12:10:29.673,B/USDT:USDT,0.5405,8.0,0.5398,10.0,0.541,3.0,0.5411,66.0
1753531831594,12:10:31.594,B/USDT:USDT,0.5405,8.0,0.5403,66.0,0.541,3.0,0.5411,66.0
1753531831700,12:10:31.700,B/USDT:USDT,0.5405,8.0,0.5403,66.0,0.541,2.0,0.5412,66.0
1753531831758,12:10:31.758,B/USDT:USDT,0.5405,8.0,0.5403,66.0,0.5411,2.0,0.5412,66.0
1753531832121,12:10:32.121,B/USDT:USDT,0.5405,8.0,0.5403,66.0,0.5411,2.0,0.5412,66.0
1753531832386,12:10:32.386,B/USDT:USDT,0.5405,8.0,0.5403,66.0,0.5411,5.0,0.5412,66.0
1753531832481,12:10:32.481,B/USDT:USDT,0.5405,8.0,0.5403,66.0,0.5411,5.0,0.5412,66.0
1753531832712,12:10:32.712,B/USDT:USDT,0.5405,8.0,0.5403,66.0,0.5411,5.0,0.5412,66.0
1753531832931,12:10:32.931,B/USDT:USDT,0.5405,8.0,0.5403,66.0,0.5411,5.0,0.5412,66.0
1753531833465,12:10:33.465,B/USDT:USDT,0.5405,8.0,0.5403,66.0,0.5411,2.0,0.5412,66.0
1753531835324,12:10:35.324,B/USDT:USDT,0.5405,74.0,0.5399,107.0,0.5411,2.0,0.5415,10.0
1753531835364,12:10:35.364,B/USDT:USDT,0.5405,74.0,0.5399,107.0,0.5414,2.0,0.5415,10.0
1753531835494,12:10:35.494,B/USDT:USDT,0.5405,74.0,0.5399,107.0,0.5414,74.0,0.5415,10.0
1753531835558,12:10:35.558,B/USDT:USDT,0.5405,74.0,0.5399,107.0,0.5414,74.0,0.5415,10.0
1753531836076,12:10:36.076,B/USDT:USDT,0.5405,74.0,0.5399,107.0,0.5414,74.0,0.5418,48.0
1753531836156,12:10:36.156,B/USDT:USDT,0.5405,74.0,0.5399,107.0,0.5414,74.0,0.5418,48.0
1753531836463,12:10:36.463,B/USDT:USDT,0.5405,74.0,0.5399,107.0,0.5414,71.0,0.5418,48.0
1753531836578,12:10:36.578,B/USDT:USDT,0.5405,74.0,0.5399,107.0,0.5414,68.0,0.5418,48.0
1753531837095,12:10:37.095,B/USDT:USDT,0.5405,74.0,0.5399,107.0,0.5414,71.0,0.5418,48.0
1753531837704,12:10:37.704,B/USDT:USDT,0.5405,74.0,0.5399,107.0,0.5414,71.0,0.5418,48.0
1753531838176,12:10:38.176,B/USDT:USDT,0.5405,74.0,0.5399,107.0,0.5414,68.0,0.5418,48.0
1753531838566,12:10:38.566,B/USDT:USDT,0.5405,74.0,0.5399,107.0,0.5414,68.0,0.5418,48.0
1753531840214,12:10:40.214,B/USDT:USDT,0.5405,74.0,0.5399,107.0,0.5414,68.0,0.5421,107.0
1753531840328,12:10:40.328,B/USDT:USDT,0.5405,74.0,0.5399,107.0,0.5414,68.0,0.5421,107.0
1753531840433,12:10:40.433,B/USDT:USDT,0.5405,8.0,0.5404,66.0,0.5413,66.0,0.5414,2.0
1753531840486,12:10:40.486,B/USDT:USDT,0.5405,8.0,0.5404,66.0,0.5413,66.0,0.5414,2.0
1753531840596,12:10:40.596,B/USDT:USDT,0.5405,8.0,0.5404,66.0,0.5413,66.0,0.5414,2.0
1753531840799,12:10:40.799,B/USDT:USDT,0.5405,8.0,0.5404,66.0,0.5412,2.0,0.5413,66.0
1753531841020,12:10:41.020,B/USDT:USDT,0.5405,8.0,0.5404,66.0,0.5412,2.0,0.5413,66.0
1753531841975,12:10:41.975,B/USDT:USDT,0.5405,8.0,0.5404,66.0,0.5412,2.0,0.5413,66.0
1753531843979,12:10:43.979,B/USDT:USDT,0.5405,8.0,0.5404,66.0,0.5412,2.0,0.5413,66.0
1753531844247,12:10:44.247,B/USDT:USDT,0.5405,8.0,0.5404,66.0,0.5413,59.0,0.5421,107.0
1753531844296,12:10:44.296,B/USDT:USDT,0.5405,8.0,0.5404,66.0,0.5413,59.0,0.5421,107.0
1753531844622,12:10:44.622,B/USDT:USDT,0.5405,8.0,0.5404,66.0,0.5413,59.0,0.5421,107.0
1753531844875,12:10:44.875,B/USDT:USDT,0.5405,8.0,0.5404,66.0,0.5413,59.0,0.5421,107.0
1753531844977,12:10:44.977,B/USDT:USDT,0.5405,8.0,0.5404,66.0,0.5413,59.0,0.542,10.0
1753531845795,12:10:45.795,B/USDT:USDT,0.5405,8.0,0.5404,66.0,0.5413,59.0,0.542,10.0
1753531845873,12:10:45.873,B/USDT:USDT,0.5405,8.0,0.5404,66.0,0.5413,59.0,0.542,10.0
1753531846980,12:10:46.980,B/USDT:USDT,0.5405,8.0,0.5404,66.0,0.5413,59.0,0.542,10.0
1753531847130,12:10:47.130,B/USDT:USDT,0.5405,8.0,0.5404,66.0,0.5413,59.0,0.542,10.0
1753531847199,12:10:47.199,B/USDT:USDT,0.5405,8.0,0.5404,66.0,0.5413,59.0,0.542,10.0
1753531848014,12:10:48.014,B/USDT:USDT,0.5405,8.0,0.5404,66.0,0.5413,59.0,0.542,10.0
1753531848171,12:10:48.171,B/USDT:USDT,0.5405,8.0,0.5404,66.0,0.5413,59.0,0.5417,107.0
1753531848315,12:10:48.315,B/USDT:USDT,0.5405,8.0,0.5404,66.0,0.5413,59.0,0.5417,107.0
1753531850075,12:10:50.075,B/USDT:USDT,0.5405,8.0,0.5404,66.0,0.5413,59.0,0.5417,107.0
1753531850226,12:10:50.226,B/USDT:USDT,0.5405,8.0,0.5404,66.0,0.5413,59.0,0.5417,107.0
1753531850316,12:10:50.316,B/USDT:USDT,0.5405,8.0,0.5404,66.0,0.5413,59.0,0.5417,107.0
1753531850396,12:10:50.396,B/USDT:USDT,0.5405,8.0,0.5404,66.0,0.5413,59.0,0.5417,107.0
1753531850705,12:10:50.705,B/USDT:USDT,0.5405,8.0,0.5404,66.0,0.5413,59.0,0.5417,107.0
1753531850843,12:10:50.843,B/USDT:USDT,0.5405,8.0,0.5404,66.0,0.5413,59.0,0.5417,107.0
1753531851166,12:10:51.166,B/USDT:USDT,0.5405,8.0,0.5404,66.0,0.5413,59.0,0.5416,48.0
1753531851541,12:10:51.541,B/USDT:USDT,0.5405,8.0,0.5404,66.0,0.5413,59.0,0.5416,48.0
1753531852087,12:10:52.087,B/USDT:USDT,0.5405,8.0,0.5404,66.0,0.5413,59.0,0.5416,48.0
1753531852416,12:10:52.416,B/USDT:USDT,0.5405,7.0,0.5399,107.0,0.5412,61.0,0.5413,77.0
1753531852512,12:10:52.512,B/USDT:USDT,0.5405,7.0,0.5399,107.0,0.5411,68.0,0.5412,61.0
1753531852557,12:10:52.557,B/USDT:USDT,0.5405,7.0,0.5399,107.0,0.5411,71.0,0.5412,61.0
1753531852773,12:10:52.773,B/USDT:USDT,0.5405,7.0,0.5399,107.0,0.5411,71.0,0.5412,61.0
1753531852888,12:10:52.888,B/USDT:USDT,0.5405,7.0,0.54,10.0,0.5411,71.0,0.5412,51.0
1753531853415,12:10:53.415,B/USDT:USDT,0.5405,7.0,0.54,10.0,0.5411,71.0,0.5412,51.0
1753531853591,12:10:53.591,B/USDT:USDT,0.5405,7.0,0.54,10.0,0.5411,68.0,0.5412,51.0
1753531853875,12:10:53.875,B/USDT:USDT,0.5405,7.0,0.54,10.0,0.5411,68.0,0.5412,51.0
1753531854149,12:10:54.149,B/USDT:USDT,0.5405,7.0,0.54,10.0,0.5411,68.0,0.5412,51.0
1753531854404,12:10:54.404,B/USDT:USDT,0.5405,7.0,0.54,10.0,0.5411,68.0,0.5412,51.0
1753531855318,12:10:55.318,B/USDT:USDT,0.54,10.0,0.5397,10.0,0.5411,74.0,0.5412,51.0
1753531855408,12:10:55.408,B/USDT:USDT,0.5401,7.0,0.5397,10.0,0.541,7.0,0.5411,127.0
1753531855514,12:10:55.514,B/USDT:USDT,0.5401,7.0,0.5397,10.0,0.5408,5.0,0.5409,76.0
1753531855645,12:10:55.645,B/USDT:USDT,0.5401,7.0,0.5397,10.0,0.5406,7.0,0.5407,68.0
1753531855658,12:10:55.658,B/USDT:USDT,0.5401,7.0,0.5397,10.0,0.5405,2.0,0.5406,73.0
1753531855858,12:10:55.858,B/USDT:USDT,0.5401,7.0,0.5396,10.0,0.5405,7.0,0.5406,68.0
1753531855990,12:10:55.990,B/USDT:USDT,0.5401,7.0,0.5396,10.0,0.5405,73.0,0.5406,2.0
1753531856149,12:10:56.149,B/USDT:USDT,0.5401,2.0,0.5397,5.0,0.5404,73.0,0.5405,4.0
1753531856251,12:10:56.251,B/USDT:USDT,0.5398,2.0,0.5388,10.0,0.5402,5.0,0.5403,117.0
1753531856343,12:10:56.343,B/USDT:USDT,0.5389,12.0,0.5388,10.0,0.54,5.0,0.5401,68.0
1753531856448,12:10:56.448,B/USDT:USDT,0.5389,78.0,0.5388,10.0,0.5398,5.0,0.5399,2.0
1753531856491,12:10:56.491,B/USDT:USDT,0.5389,78.0,0.5388,10.0,0.5398,5.0,0.5399,2.0
1753531856651,12:10:56.651,B/USDT:USDT,0.5389,78.0,0.5388,10.0,0.5398,5.0,0.5399,2.0
1753531856724,12:10:56.724,B/USDT:USDT,0.539,76.0,0.5389,2.0,0.5398,5.0,0.5399,2.0
1753531856842,12:10:56.842,B/USDT:USDT,0.539,82.0,0.5389,2.0,0.5398,5.0,0.5399,2.0
1753531856918,12:10:56.918,B/USDT:USDT,0.539,82.0,0.5389,2.0,0.5398,5.0,0.5399,2.0
1753531856976,12:10:56.976,B/USDT:USDT,0.5391,3.0,0.539,73.0,0.5397,2.0,0.5398,5.0
1753531857340,12:10:57.340,B/USDT:USDT,0.5391,13.0,0.539,73.0,0.5403,117.0,0.5404,54.0
1753531857436,12:10:57.436,B/USDT:USDT,0.5392,5.0,0.5391,13.0,0.5401,1.0,0.5402,81.0
1753531857526,12:10:57.526,B/USDT:USDT,0.5394,5.0,0.5393,2.0,0.5401,68.0,0.5402,15.0
1753531857597,12:10:57.597,B/USDT:USDT,0.5395,7.0,0.5394,1.0,0.54,5.0,0.5401,68.0
1753531857748,12:10:57.748,B/USDT:USDT,0.5395,7.0,0.5394,2.0,0.5401,6.0,0.5402,10.0
1753531857835,12:10:57.835,B/USDT:USDT,0.5395,7.0,0.5394,2.0,0.5401,6.0,0.5402,10.0
1753531857930,12:10:57.930,B/USDT:USDT,0.5395,7.0,0.5394,2.0,0.5401,6.0,0.5402,10.0
1753531857955,12:10:57.955,B/USDT:USDT,0.5395,7.0,0.5394,2.0,0.5401,6.0,0.5402,10.0
1753531858181,12:10:58.181,B/USDT:USDT,0.5395,7.0,0.5394,2.0,0.5401,6.0,0.5402,10.0
1753531858398,12:10:58.398,B/USDT:USDT,0.5395,7.0,0.5394,2.0,0.5401,6.0,0.5402,10.0
1753531858734,12:10:58.734,B/USDT:USDT,0.5395,7.0,0.5394,2.0,0.5401,6.0,0.5402,10.0
1753531858831,12:10:58.831,B/USDT:USDT,0.5395,7.0,0.5394,2.0,0.5401,5.0,0.5406,53.0
1753531859003,12:10:59.003,B/USDT:USDT,0.5395,7.0,0.5394,2.0,0.5404,5.0,0.5405,107.0
1753531859118,12:10:59.118,B/USDT:USDT,0.5395,7.0,0.5394,2.0,0.5404,78.0,0.5405,107.0
1753531859317,12:10:59.317,B/USDT:USDT,0.5395,7.0,0.5394,2.0,0.5404,78.0,0.5405,107.0
1753531859423,12:10:59.423,B/USDT:USDT,0.5395,7.0,0.5394,2.0,0.5404,78.0,0.5405,107.0
1753531859738,12:10:59.738,B/USDT:USDT,0.5395,7.0,0.5394,2.0,0.5404,78.0,0.5406,53.0
1753531859786,12:10:59.786,B/USDT:USDT,0.5395,7.0,0.5394,2.0,0.5404,78.0,0.5406,53.0
1753531859947,12:10:59.947,B/USDT:USDT,0.5395,7.0,0.5394,2.0,0.5404,78.0,0.5408,63.0
1753531860133,12:11:00.133,B/USDT:USDT,0.5395,7.0,0.5394,2.0,0.5404,6.0,0.5405,66.0
1753531860245,12:11:00.245,B/USDT:USDT,0.5395,7.0,0.5394,2.0,0.5404,5.0,0.5405,66.0
1753531860294,12:11:00.294,B/USDT:USDT,0.5395,7.0,0.5394,2.0,0.5404,5.0,0.5405,66.0
1753531860984,12:11:00.984,B/USDT:USDT,0.5395,7.0,0.5394,2.0,0.5404,8.0,0.5405,66.0
1753531861069,12:11:01.069,B/USDT:USDT,0.5395,7.0,0.5394,2.0,0.5404,8.0,0.5405,66.0
1753531861313,12:11:01.313,B/USDT:USDT,0.5395,7.0,0.5394,2.0,0.5404,8.0,0.5405,66.0
1753531861790,12:11:01.790,B/USDT:USDT,0.5395,17.0,0.5394,2.0,0.5404,8.0,0.5405,66.0
1753531862000,12:11:02.000,B/USDT:USDT,0.5395,17.0,0.5394,2.0,0.5405,5.0,0.5406,66.0
1753531862058,12:11:02.058,B/USDT:USDT,0.5395,17.0,0.5394,2.0,0.5405,5.0,0.5406,66.0
1753531862159,12:11:02.159,B/USDT:USDT,0.5395,17.0,0.5394,2.0,0.5405,5.0,0.5406,66.0
1753531862291,12:11:02.291,B/USDT:USDT,0.5395,17.0,0.5394,2.0,0.5405,5.0,0.5406,66.0
1753531862516,12:11:02.516,B/USDT:USDT,0.5395,17.0,0.5394,2.0,0.5405,5.0,0.5406,66.0
1753531863774,12:11:03.774,B/USDT:USDT,0.5395,17.0,0.5394,2.0,0.5405,66.0,0.5407,5.0
1753531864050,12:11:04.050,B/USDT:USDT,0.5395,17.0,0.5394,2.0,0.5404,5.0,0.5405,66.0
1753531864098,12:11:04.098,B/USDT:USDT,0.5395,17.0,0.5394,2.0,0.5404,5.0,0.5405,66.0
1753531864311,12:11:04.311,B/USDT:USDT,0.5395,17.0,0.5394,2.0,0.5404,5.0,0.5405,66.0
1753531864754,12:11:04.754,B/USDT:USDT,0.5395,17.0,0.5394,2.0,0.5404,5.0,0.5405,66.0
1753531865742,12:11:05.742,B/USDT:USDT,0.5395,17.0,0.5394,2.0,0.5404,5.0,0.5405,66.0
1753531865944,12:11:05.944,B/USDT:USDT,0.5395,17.0,0.5394,2.0,0.5404,5.0,0.5405,66.0
1753531866815,12:11:06.815,B/USDT:USDT,0.5395,17.0,0.5394,2.0,0.5404,5.0,0.5405,66.0
1753531871904,12:11:11.904,B/USDT:USDT,0.5395,17.0,0.5394,2.0,0.5407,5.0,0.5408,10.0
1753531872023,12:11:12.023,B/USDT:USDT,0.5395,17.0,0.5394,2.0,0.5405,5.0,0.5406,75.0
1753531872449,12:11:12.449,B/USDT:USDT,0.5395,17.0,0.5394,2.0,0.5405,5.0,0.5406,75.0
1753531872491,12:11:12.491,B/USDT:USDT,0.5395,17.0,0.5394,2.0,0.5405,14.0,0.5406,75.0
1753531872664,12:11:12.664,B/USDT:USDT,0.5395,17.0,0.5394,12.0,0.5405,14.0,0.5406,75.0
1753531873024,12:11:13.024,B/USDT:USDT,0.5395,17.0,0.5394,12.0,0.5405,14.0,0.5406,75.0
1753531873187,12:11:13.187,B/USDT:USDT,0.5395,83.0,0.5394,12.0,0.5405,5.0,0.5407,119.0
1753531873272,12:11:13.272,B/USDT:USDT,0.5395,83.0,0.5394,12.0,0.5405,5.0,0.5407,119.0
1753531873591,12:11:13.591,B/USDT:USDT,0.5395,93.0,0.5394,12.0,0.5405,5.0,0.5407,69.0
1753531873653,12:11:13.653,B/USDT:USDT,0.5395,93.0,0.5394,2.0,0.5405,5.0,0.5407,69.0
1753531874616,12:11:14.616,B/USDT:USDT,0.5395,93.0,0.5394,2.0,0.5405,5.0,0.5407,66.0
1753531874927,12:11:14.927,B/USDT:USDT,0.5395,93.0,0.5394,2.0,0.5405,5.0,0.5407,66.0
1753531875368,12:11:15.368,B/USDT:USDT,0.5395,83.0,0.5394,2.0,0.5405,5.0,0.5407,69.0
1753531876384,12:11:16.384,B/USDT:USDT,0.5395,83.0,0.5394,2.0,0.5405,5.0,0.5407,66.0
1753531876558,12:11:16.558,B/USDT:USDT,0.5395,83.0,0.5394,2.0,0.5405,5.0,0.5407,66.0
1753531877176,12:11:17.176,B/USDT:USDT,0.5395,83.0,0.5394,2.0,0.5405,5.0,0.5407,69.0
1753531877410,12:11:17.410,B/USDT:USDT,0.5395,89.0,0.5394,2.0,0.5405,5.0,0.5407,69.0
1753531877457,12:11:17.457,B/USDT:USDT,0.5395,83.0,0.5394,2.0,0.5405,5.0,0.5407,69.0
1753531878230,12:11:18.230,B/USDT:USDT,0.5395,83.0,0.5394,2.0,0.5405,5.0,0.5407,66.0
1753531878641,12:11:18.641,B/USDT:USDT,0.5395,83.0,0.5394,2.0,0.5405,5.0,0.5407,69.0
1753531879674,12:11:19.674,B/USDT:USDT,0.5395,83.0,0.5394,2.0,0.5405,5.0,0.5407,66.0
1753531881465,12:11:21.465,B/USDT:USDT,0.5395,17.0,0.5394,68.0,0.5405,5.0,0.5407,66.0
1753531881564,12:11:21.564,B/USDT:USDT,0.5395,17.0,0.5394,68.0,0.5405,5.0,0.5406,10.0
1753531882047,12:11:22.047,B/USDT:USDT,0.5395,17.0,0.5394,68.0,0.5405,5.0,0.5406,10.0
1753531883049,12:11:23.049,B/USDT:USDT,0.5395,17.0,0.5394,68.0,0.5405,5.0,0.5406,10.0
1753531883146,12:11:23.146,B/USDT:USDT,0.5395,17.0,0.5394,68.0,0.5405,5.0,0.5406,10.0
1753531883240,12:11:23.240,B/USDT:USDT,0.5395,17.0,0.5394,68.0,0.5405,5.0,0.5406,10.0
1753531883418,12:11:23.418,B/USDT:USDT,0.5395,17.0,0.5394,68.0,0.5405,5.0,0.5406,10.0
1753531886622,12:11:26.622,B/USDT:USDT,0.5395,17.0,0.5394,68.0,0.5405,5.0,0.5406,10.0
1753531887049,12:11:27.049,B/USDT:USDT,0.5395,17.0,0.5394,68.0,0.5405,5.0,0.5406,10.0
1753531887168,12:11:27.168,B/USDT:USDT,0.5395,17.0,0.5394,68.0,0.5405,5.0,0.5406,10.0
1753531887631,12:11:27.631,B/USDT:USDT,0.5395,17.0,0.5394,68.0,0.5405,5.0,0.5406,10.0
1753531887866,12:11:27.866,B/USDT:USDT,0.5395,17.0,0.5394,68.0,0.5405,5.0,0.5406,10.0
1753531888016,12:11:28.016,B/USDT:USDT,0.5395,124.0,0.5394,68.0,0.5405,5.0,0.5406,10.0
1753531888068,12:11:28.068,B/USDT:USDT,0.5395,124.0,0.5394,68.0,0.5405,5.0,0.5406,10.0
1753531888215,12:11:28.215,B/USDT:USDT,0.5397,15.0,0.5396,67.0,0.5405,5.0,0.5406,10.0
1753531888288,12:11:28.288,B/USDT:USDT,0.5399,6.0,0.5398,3.0,0.5405,7.0,0.5406,10.0
1753531888376,12:11:28.376,B/USDT:USDT,0.54,2.0,0.5399,6.0,0.5405,7.0,0.5406,10.0
1753531888487,12:11:28.487,B/USDT:USDT,0.54,2.0,0.5399,6.0,0.5405,10.0,0.5406,10.0
1753531888614,12:11:28.614,B/USDT:USDT,0.54,2.0,0.5398,5.0,0.5405,10.0,0.5406,10.0
1753531888709,12:11:28.709,B/USDT:USDT,0.5399,7.0,0.5397,10.0,0.5405,10.0,0.5406,10.0
1753531888846,12:11:28.846,B/USDT:USDT,0.5399,7.0,0.5397,10.0,0.5405,10.0,0.5406,10.0
1753531888852,12:11:28.852,B/USDT:USDT,0.5399,7.0,0.5397,10.0,0.5405,10.0,0.5406,10.0
1753531889119,12:11:29.119,B/USDT:USDT,0.5399,7.0,0.5397,10.0,0.5405,10.0,0.5406,10.0
1753531889202,12:11:29.202,B/USDT:USDT,0.5399,7.0,0.5397,10.0,0.5405,10.0,0.5406,10.0
1753531889497,12:11:29.497,B/USDT:USDT,0.5399,7.0,0.5396,10.0,0.5405,7.0,0.5408,10.0
1753531890450,12:11:30.450,B/USDT:USDT,0.5399,8.0,0.5396,10.0,0.5405,7.0,0.5408,10.0
1753531890743,12:11:30.743,B/USDT:USDT,0.5399,8.0,0.5396,10.0,0.5405,7.0,0.5408,10.0
1753531890911,12:11:30.911,B/USDT:USDT,0.5399,8.0,0.5396,10.0,0.5405,7.0,0.5408,10.0
1753531891346,12:11:31.346,B/USDT:USDT,0.5399,7.0,0.5396,10.0,0.5405,7.0,0.5408,10.0
1753531891452,12:11:31.452,B/USDT:USDT,0.5399,7.0,0.5396,10.0,0.5405,7.0,0.5408,10.0
1753531891791,12:11:31.791,B/USDT:USDT,0.5399,13.0,0.5396,10.0,0.5405,7.0,0.5408,10.0
1753531892101,12:11:32.101,B/USDT:USDT,0.5399,13.0,0.5396,10.0,0.5405,7.0,0.5408,10.0
1753531892441,12:11:32.441,B/USDT:USDT,0.5399,13.0,0.5392,10.0,0.5405,7.0,0.5408,10.0
1753531892655,12:11:32.655,B/USDT:USDT,0.5399,13.0,0.5392,10.0,0.5405,7.0,0.5407,66.0
1753531892784,12:11:32.784,B/USDT:USDT,0.5399,13.0,0.5392,10.0,0.5405,13.0,0.5407,66.0
1753531893430,12:11:33.430,B/USDT:USDT,0.5399,13.0,0.5392,10.0,0.5405,13.0,0.5407,66.0
1753531893826,12:11:33.826,B/USDT:USDT,0.5399,13.0,0.5392,10.0,0.5405,7.0,0.5407,66.0
1753531895013,12:11:35.013,B/USDT:USDT,0.5399,13.0,0.5392,10.0,0.5405,10.0,0.5407,66.0
1753531896067,12:11:36.067,B/USDT:USDT,0.5399,13.0,0.5392,10.0,0.5405,7.0,0.5407,66.0
1753531896446,12:11:36.446,B/USDT:USDT,0.5399,13.0,0.5392,10.0,0.5405,7.0,0.5408,10.0
1753531896486,12:11:36.486,B/USDT:USDT,0.5399,13.0,0.5392,10.0,0.5405,10.0,0.5408,10.0
1753531897494,12:11:37.494,B/USDT:USDT,0.5399,13.0,0.5392,10.0,0.5405,7.0,0.5408,10.0
1753531897565,12:11:37.565,B/USDT:USDT,0.5399,13.0,0.5392,10.0,0.5405,7.0,0.5408,10.0
1753531897658,12:11:37.658,B/USDT:USDT,0.5399,13.0,0.5392,10.0,0.5405,7.0,0.5408,10.0
1753531900436,12:11:40.436,B/USDT:USDT,0.5399,13.0,0.5392,10.0,0.5405,7.0,0.5408,10.0
1753531900850,12:11:40.850,B/USDT:USDT,0.5399,13.0,0.5392,10.0,0.5405,7.0,0.5408,10.0
1753531901452,12:11:41.452,B/USDT:USDT,0.5399,13.0,0.5392,10.0,0.5405,7.0,0.5408,10.0
1753531902163,12:11:42.163,B/USDT:USDT,0.5399,13.0,0.5392,10.0,0.5405,7.0,0.5407,66.0
1753531902622,12:11:42.622,B/USDT:USDT,0.5399,13.0,0.5392,10.0,0.5405,7.0,0.5407,66.0
1753531902883,12:11:42.883,B/USDT:USDT,0.5399,13.0,0.5392,10.0,0.5405,7.0,0.5407,66.0
1753531904861,12:11:44.861,B/USDT:USDT,0.5399,13.0,0.5392,10.0,0.5405,7.0,0.5407,66.0
1753531906445,12:11:46.445,B/USDT:USDT,0.5399,13.0,0.5392,10.0,0.5405,7.0,0.5407,66.0
1753531907015,12:11:47.015,B/USDT:USDT,0.5399,13.0,0.5392,10.0,0.5405,7.0,0.5407,66.0
1753531907065,12:11:47.065,B/USDT:USDT,0.5399,13.0,0.5392,10.0,0.5405,7.0,0.5407,66.0
1753531909500,12:11:49.500,B/USDT:USDT,0.5399,13.0,0.5392,10.0,0.5405,7.0,0.5407,66.0
1753531909683,12:11:49.683,B/USDT:USDT,0.5399,13.0,0.5392,10.0,0.5405,7.0,0.5407,66.0
1753531909790,12:11:49.790,B/USDT:USDT,0.5399,13.0,0.5392,10.0,0.5405,10.0,0.5407,66.0
1753531910840,12:11:50.840,B/USDT:USDT,0.5399,13.0,0.5392,10.0,0.5405,7.0,0.5407,66.0
1753531911986,12:11:51.986,B/USDT:USDT,0.5399,13.0,0.5392,10.0,0.5405,7.0,0.5407,66.0
1753531912222,12:11:52.222,B/USDT:USDT,0.5399,13.0,0.5392,10.0,0.5405,7.0,0.5407,66.0
1753531912543,12:11:52.543,B/USDT:USDT,0.5399,13.0,0.5392,10.0,0.5405,7.0,0.5407,66.0
1753531913454,12:11:53.454,B/USDT:USDT,0.5399,13.0,0.5392,10.0,0.5405,10.0,0.5407,66.0
1753531914460,12:11:54.460,B/USDT:USDT,0.5399,13.0,0.5392,10.0,0.5405,7.0,0.5407,66.0
1753531914857,12:11:54.857,B/USDT:USDT,0.5399,13.0,0.5392,10.0,0.5405,10.0,0.5407,66.0
1753531915869,12:11:55.869,B/USDT:USDT,0.5399,13.0,0.5392,10.0,0.5405,7.0,0.5407,66.0
1753531920933,12:12:00.933,B/USDT:USDT,0.5399,13.0,0.5392,10.0,0.5405,7.0,0.5408,10.0
1753531920976,12:12:00.976,B/USDT:USDT,0.5399,13.0,0.5392,10.0,0.5405,7.0,0.5406,66.0
1753531921118,12:12:01.118,B/USDT:USDT,0.5399,13.0,0.5392,10.0,0.5405,7.0,0.5406,66.0
1753531922198,12:12:02.198,B/USDT:USDT,0.5399,7.0,0.5392,10.0,0.5405,10.0,0.5406,66.0
1753531923219,12:12:03.219,B/USDT:USDT,0.5399,7.0,0.5392,10.0,0.5405,7.0,0.5406,66.0
1753531926094,12:12:06.094,B/USDT:USDT,0.5399,7.0,0.5392,10.0,0.5405,7.0,0.5406,66.0
1753531930283,12:12:10.283,B/USDT:USDT,0.5399,7.0,0.5392,10.0,0.5405,76.0,0.5408,10.0
1753531930410,12:12:10.410,B/USDT:USDT,0.5399,7.0,0.5392,10.0,0.5404,66.0,0.5405,10.0
1753531930533,12:12:10.533,B/USDT:USDT,0.5399,7.0,0.5392,10.0,0.5404,66.0,0.5405,10.0
1753531930576,12:12:10.576,B/USDT:USDT,0.5399,7.0,0.5392,10.0,0.5404,66.0,0.5405,10.0
1753531930727,12:12:10.727,B/USDT:USDT,0.5399,7.0,0.5392,10.0,0.5404,71.0,0.5405,5.0
1753531930850,12:12:10.850,B/USDT:USDT,0.5399,7.0,0.5392,10.0,0.5404,71.0,0.5405,8.0
1753531930854,12:12:10.854,B/USDT:USDT,0.5399,7.0,0.5392,10.0,0.5404,71.0,0.5405,8.0
1753531931029,12:12:11.029,B/USDT:USDT,0.5392,66.0,0.5389,10.0,0.5404,132.0,0.5405,8.0
1753531931118,12:12:11.118,B/USDT:USDT,0.5397,12.0,0.5393,2.0,0.5403,4.0,0.5404,135.0
1753531931246,12:12:11.246,B/USDT:USDT,0.5398,2.0,0.5397,13.0,0.5403,2.0,0.5404,18.0
1753531931294,12:12:11.294,B/USDT:USDT,0.5398,2.0,0.5397,13.0,0.5403,4.0,0.5404,18.0
1753531931377,12:12:11.377,B/USDT:USDT,0.5398,2.0,0.5397,13.0,0.5402,5.0,0.5403,4.0
1753531931512,12:12:11.512,B/USDT:USDT,0.5398,2.0,0.5397,13.0,0.5401,3.0,0.5402,6.0
1753531931600,12:12:11.600,B/USDT:USDT,0.5398,2.0,0.5397,13.0,0.5401,4.0,0.5402,7.0
1753531931817,12:12:11.817,B/USDT:USDT,0.5398,2.0,0.5397,13.0,0.5401,4.0,0.5402,7.0
1753531931996,12:12:11.996,B/USDT:USDT,0.5398,2.0,0.5397,13.0,0.5401,4.0,0.5402,7.0
1753531932087,12:12:12.087,B/USDT:USDT,0.5398,2.0,0.5397,13.0,0.5401,4.0,0.5402,7.0
1753531932676,12:12:12.676,B/USDT:USDT,0.5398,2.0,0.5397,13.0,0.5401,2.0,0.5403,5.0
1753531932838,12:12:12.838,B/USDT:USDT,0.5398,2.0,0.5397,13.0,0.5402,8.0,0.5403,2.0
1753531932929,12:12:12.929,B/USDT:USDT,0.5398,2.0,0.5397,13.0,0.5402,8.0,0.5403,2.0
1753531933023,12:12:13.023,B/USDT:USDT,0.5398,2.0,0.5397,13.0,0.5402,8.0,0.5403,2.0
1753531933196,12:12:13.196,B/USDT:USDT,0.5398,2.0,0.5397,13.0,0.5402,8.0,0.5403,5.0
1753531933942,12:12:13.942,B/USDT:USDT,0.54,122.0,0.5399,76.0,0.5416,115.0,0.542,10.0
1753531934025,12:12:14.025,B/USDT:USDT,0.5402,5.0,0.5401,78.0,0.5416,14.0,0.542,10.0
1753531934120,12:12:14.120,B/USDT:USDT,0.5404,5.0,0.5403,66.0,0.5416,17.0,0.542,10.0
1753531934235,12:12:14.235,B/USDT:USDT,0.5404,5.0,0.5402,66.0,0.5416,17.0,0.542,10.0
1753531934351,12:12:14.351,B/USDT:USDT,0.5404,5.0,0.5402,66.0,0.5416,17.0,0.542,10.0
1753531934427,12:12:14.427,B/USDT:USDT,0.5404,5.0,0.5402,66.0,0.5416,17.0,0.542,10.0
1753531934515,12:12:14.515,B/USDT:USDT,0.5404,5.0,0.5402,66.0,0.5416,17.0,0.5419,43.0
1753531934594,12:12:14.594,B/USDT:USDT,0.5404,5.0,0.5402,66.0,0.5416,17.0,0.5419,43.0
1753531935033,12:12:15.033,B/USDT:USDT,0.5404,5.0,0.5402,66.0,0.5416,11.0,0.5418,10.0
1753531935140,12:12:15.140,B/USDT:USDT,0.5404,5.0,0.5402,66.0,0.5416,8.0,0.5417,107.0
1753531935213,12:12:15.213,B/USDT:USDT,0.5404,5.0,0.5402,66.0,0.5416,74.0,0.5417,107.0
1753531935325,12:12:15.325,B/USDT:USDT,0.5404,5.0,0.5402,66.0,0.5415,76.0,0.5416,8.0
1753531935444,12:12:15.444,B/USDT:USDT,0.5404,5.0,0.5402,66.0,0.5415,76.0,0.5416,14.0
1753531935796,12:12:15.796,B/USDT:USDT,0.5404,5.0,0.5402,66.0,0.5415,76.0,0.5416,14.0
1753531935951,12:12:15.951,B/USDT:USDT,0.5404,5.0,0.5402,66.0,0.5415,76.0,0.5416,14.0
1753531935975,12:12:15.975,B/USDT:USDT,0.5404,5.0,0.5402,66.0,0.5415,76.0,0.5416,14.0
1753531936124,12:12:16.124,B/USDT:USDT,0.5404,5.0,0.5402,66.0,0.5415,76.0,0.5416,14.0
1753531936223,12:12:16.223,B/USDT:USDT,0.5404,5.0,0.5402,66.0,0.5415,76.0,0.5416,14.0
1753531936411,12:12:16.411,B/USDT:USDT,0.5404,5.0,0.5402,66.0,0.5415,76.0,0.5416,14.0
1753531936492,12:12:16.492,B/USDT:USDT,0.5404,5.0,0.5402,66.0,0.5415,76.0,0.5416,8.0
1753531936842,12:12:16.842,B/USDT:USDT,0.5405,5.0,0.5399,12.0,0.5415,76.0,0.5416,8.0
1753531936886,12:12:16.886,B/USDT:USDT,0.54,15.0,0.5398,12.0,0.5415,76.0,0.5416,14.0
1753531937049,12:12:17.049,B/USDT:USDT,0.54,81.0,0.5398,12.0,0.5415,79.0,0.5416,14.0
1753531937059,12:12:17.059,B/USDT:USDT,0.54,81.0,0.5398,12.0,0.5415,79.0,0.5416,14.0
1753531937395,12:12:17.395,B/USDT:USDT,0.54,81.0,0.5398,12.0,0.5415,79.0,0.5416,14.0
1753531937477,12:12:17.477,B/USDT:USDT,0.54,81.0,0.5398,12.0,0.5415,79.0,0.5416,14.0
1753531937929,12:12:17.929,B/USDT:USDT,0.54,81.0,0.5398,12.0,0.5414,10.0,0.5415,69.0
1753531937974,12:12:17.974,B/USDT:USDT,0.54,81.0,0.5398,12.0,0.5413,66.0,0.5416,8.0
1753531938298,12:12:18.298,B/USDT:USDT,0.54,81.0,0.5398,12.0,0.5413,66.0,0.5416,8.0
1753531938614,12:12:18.614,B/USDT:USDT,0.54,81.0,0.5398,12.0,0.5413,66.0,0.5416,8.0
1753531938717,12:12:18.717,B/USDT:USDT,0.54,81.0,0.5398,12.0,0.5413,66.0,0.5416,8.0
1753531939025,12:12:19.025,B/USDT:USDT,0.54,81.0,0.5398,12.0,0.5413,75.0,0.5416,8.0
1753531939073,12:12:19.073,B/USDT:USDT,0.54,81.0,0.5398,12.0,0.5413,66.0,0.5416,8.0
1753531939346,12:12:19.346,B/USDT:USDT,0.54,81.0,0.5398,12.0,0.5413,66.0,0.5416,55.0
1753531939373,12:12:19.373,B/USDT:USDT,0.54,81.0,0.5398,12.0,0.5413,66.0,0.5416,55.0
1753531939907,12:12:19.907,B/USDT:USDT,0.54,81.0,0.5398,12.0,0.5413,76.0,0.5416,55.0
1753531940077,12:12:20.077,B/USDT:USDT,0.54,81.0,0.5398,12.0,0.5413,85.0,0.5416,55.0
1753531942449,12:12:22.449,B/USDT:USDT,0.54,81.0,0.5398,12.0,0.5413,76.0,0.5416,55.0
1753531943418,12:12:23.418,B/USDT:USDT,0.54,81.0,0.5398,12.0,0.5413,76.0,0.5416,55.0
1753531943935,12:12:23.935,B/USDT:USDT,0.5402,15.0,0.5401,66.0,0.5413,10.0,0.5415,66.0
1753531944032,12:12:24.032,B/USDT:USDT,0.5402,122.0,0.5401,66.0,0.5413,10.0,0.5415,69.0
1753531944074,12:12:24.074,B/USDT:USDT,0.5403,12.0,0.5402,122.0,0.5413,10.0,0.5415,69.0
1753531944438,12:12:24.438,B/USDT:USDT,0.5404,7.0,0.5403,12.0,0.5413,11.0,0.5415,69.0
1753531944484,12:12:24.484,B/USDT:USDT,0.5404,7.0,0.5403,12.0,0.5413,11.0,0.5415,69.0
1753531944560,12:12:24.560,B/USDT:USDT,0.5404,7.0,0.5403,12.0,0.5413,11.0,0.5415,69.0
1753531944797,12:12:24.797,B/USDT:USDT,0.5404,7.0,0.5403,12.0,0.5413,11.0,0.5415,69.0
1753531944916,12:12:24.916,B/USDT:USDT,0.5404,6.0,0.5403,12.0,0.5413,11.0,0.5415,69.0
1753531944959,12:12:24.959,B/USDT:USDT,0.5404,6.0,0.5403,10.0,0.5413,11.0,0.5415,69.0
1753531945063,12:12:25.063,B/USDT:USDT,0.5404,6.0,0.5403,10.0,0.5413,11.0,0.5415,66.0
1753531945219,12:12:25.219,B/USDT:USDT,0.5404,6.0,0.5403,10.0,0.5413,11.0,0.5415,66.0
1753531945748,12:12:25.748,B/USDT:USDT,0.5404,6.0,0.5403,10.0,0.5413,11.0,0.5415,66.0
1753531945840,12:12:25.840,B/USDT:USDT,0.5404,16.0,0.5403,12.0,0.5413,11.0,0.5415,66.0
1753531950346,12:12:30.346,B/USDT:USDT,0.5404,16.0,0.5403,12.0,0.5413,11.0,0.5415,66.0
1753531950470,12:12:30.470,B/USDT:USDT,0.5404,16.0,0.5403,12.0,0.5413,11.0,0.5415,66.0
1753531951570,12:12:31.570,B/USDT:USDT,0.5404,16.0,0.5403,12.0,0.5413,11.0,0.5416,8.0
1753531951817,12:12:31.817,B/USDT:USDT,0.5404,16.0,0.5403,12.0,0.5416,8.0,0.5417,107.0
1753531951859,12:12:31.859,B/USDT:USDT,0.5404,16.0,0.5403,12.0,0.5416,80.0,0.5417,107.0
1753531952123,12:12:32.123,B/USDT:USDT,0.5404,16.0,0.5403,12.0,0.5416,14.0,0.5417,107.0
1753531952194,12:12:32.194,B/USDT:USDT,0.5404,82.0,0.5403,12.0,0.5416,14.0,0.5417,107.0
1753531952350,12:12:32.350,B/USDT:USDT,0.5404,82.0,0.5403,12.0,0.5416,14.0,0.5418,66.0
1753531952442,12:12:32.442,B/USDT:USDT,0.5404,82.0,0.5403,12.0,0.5416,14.0,0.5418,66.0
1753531952631,12:12:32.631,B/USDT:USDT,0.5404,82.0,0.5403,12.0,0.5416,14.0,0.5417,107.0
1753531952761,12:12:32.761,B/USDT:USDT,0.5404,82.0,0.5403,12.0,0.5416,14.0,0.5417,107.0
1753531952920,12:12:32.920,B/USDT:USDT,0.5404,82.0,0.5403,12.0,0.5416,8.0,0.5417,107.0
1753531956008,12:12:36.008,B/USDT:USDT,0.5404,88.0,0.5403,12.0,0.5416,8.0,0.5417,107.0
1753531956943,12:12:36.943,B/USDT:USDT,0.5404,88.0,0.5403,12.0,0.5416,8.0,0.542,56.0
1753531959211,12:12:39.211,B/USDT:USDT,0.5404,88.0,0.5403,12.0,0.5416,8.0,0.542,56.0
1753531959384,12:12:39.384,B/USDT:USDT,0.5404,88.0,0.5403,12.0,0.5416,8.0,0.542,56.0
1753531959947,12:12:39.947,B/USDT:USDT,0.5404,88.0,0.5403,12.0,0.5416,8.0,0.542,56.0
1753531960164,12:12:40.164,B/USDT:USDT,0.5404,88.0,0.5403,12.0,0.5416,8.0,0.542,56.0
1753531961947,12:12:41.947,B/USDT:USDT,0.5404,88.0,0.5403,12.0,0.5416,8.0,0.542,56.0
1753531962219,12:12:42.219,B/USDT:USDT,0.5404,88.0,0.5403,12.0,0.5416,8.0,0.542,56.0
1753531963440,12:12:43.440,B/USDT:USDT,0.5404,88.0,0.5403,12.0,0.5416,8.0,0.542,56.0
1753531964857,12:12:44.857,B/USDT:USDT,0.5404,22.0,0.5403,78.0,0.5416,8.0,0.542,56.0
1753531965671,12:12:45.671,B/USDT:USDT,0.5404,22.0,0.5403,78.0,0.5416,11.0,0.542,56.0
1753531966692,12:12:46.692,B/USDT:USDT,0.5404,22.0,0.5403,78.0,0.5416,8.0,0.542,56.0
1753531967940,12:12:47.940,B/USDT:USDT,0.5404,22.0,0.5403,78.0,0.5416,8.0,0.542,56.0
1753531973023,12:12:53.023,B/USDT:USDT,0.5404,22.0,0.5403,12.0,0.5416,8.0,0.542,10.0
1753531973135,12:12:53.135,B/USDT:USDT,0.5404,22.0,0.5403,78.0,0.5416,8.0,0.5419,47.0
1753531973528,12:12:53.528,B/USDT:USDT,0.5404,22.0,0.5403,78.0,0.5416,8.0,0.5418,10.0
1753531973564,12:12:53.564,B/USDT:USDT,0.5404,22.0,0.5403,78.0,0.5416,8.0,0.5418,10.0
1753531973658,12:12:53.658,B/USDT:USDT,0.5404,22.0,0.5403,78.0,0.5416,8.0,0.5418,10.0
1753531974048,12:12:54.048,B/USDT:USDT,0.5404,22.0,0.5403,78.0,0.5416,8.0,0.5418,10.0
1753531974055,12:12:54.055,B/USDT:USDT,0.5404,22.0,0.5403,78.0,0.5416,8.0,0.5418,10.0
1753531974314,12:12:54.314,B/USDT:USDT,0.5404,22.0,0.5403,78.0,0.5416,8.0,0.5418,10.0
1753531974516,12:12:54.516,B/USDT:USDT,0.5404,22.0,0.5403,78.0,0.5416,8.0,0.5418,10.0
1753531975972,12:12:55.972,B/USDT:USDT,0.5404,22.0,0.5403,78.0,0.5416,8.0,0.5418,10.0
1753531976348,12:12:56.348,B/USDT:USDT,0.5404,22.0,0.5403,78.0,0.5416,8.0,0.5418,10.0
1753531978435,12:12:58.435,B/USDT:USDT,0.5404,22.0,0.5403,78.0,0.5416,8.0,0.5418,10.0
1753531979334,12:12:59.334,B/USDT:USDT,0.5406,10.0,0.5405,76.0,0.5416,8.0,0.5418,10.0
1753531979434,12:12:59.434,B/USDT:USDT,0.5407,70.0,0.5406,183.0,0.5418,10.0,0.542,10.0
1753531979476,12:12:59.476,B/USDT:USDT,0.5407,72.0,0.5406,183.0,0.5418,6.0,0.542,10.0
1753531979639,12:12:59.639,B/USDT:USDT,0.5407,138.0,0.5406,117.0,0.5418,6.0,0.542,10.0
1753531979705,12:12:59.705,B/USDT:USDT,0.5409,15.0,0.5408,2.0,0.5418,6.0,0.542,10.0
1753531979837,12:12:59.837,B/USDT:USDT,0.5411,6.0,0.541,2.0,0.5418,6.0,0.542,10.0
1753531979868,12:12:59.868,B/USDT:USDT,0.5411,6.0,0.541,2.0,0.5418,6.0,0.542,10.0
1753531980339,12:13:00.339,B/USDT:USDT,0.5411,1.0,0.541,5.0,0.5418,8.0,0.542,10.0
1753531980450,12:13:00.450,B/USDT:USDT,0.5411,1.0,0.541,5.0,0.5418,8.0,0.5423,10.0
1753531980498,12:13:00.498,B/USDT:USDT,0.5411,1.0,0.5409,5.0,0.5418,2.0,0.5423,10.0
1753531980809,12:13:00.809,B/USDT:USDT,0.5411,1.0,0.5409,5.0,0.5418,2.0,0.5423,10.0
1753531981438,12:13:01.438,B/USDT:USDT,0.5411,1.0,0.5409,5.0,0.5418,2.0,0.5423,10.0
1753531984145,12:13:04.145,B/USDT:USDT,0.5411,1.0,0.5409,5.0,0.5418,2.0,0.5423,10.0
1753531989151,12:13:09.151,B/USDT:USDT,0.5411,1.0,0.5409,5.0,0.5418,2.0,0.5423,10.0
1753531989174,12:13:09.174,B/USDT:USDT,0.5411,1.0,0.5409,5.0,0.5418,2.0,0.5423,59.0
1753531989348,12:13:09.348,B/USDT:USDT,0.5411,1.0,0.5409,5.0,0.5418,2.0,0.5423,59.0
1753531989356,12:13:09.356,B/USDT:USDT,0.5411,1.0,0.5409,5.0,0.5418,2.0,0.5423,59.0
1753531991332,12:13:11.332,B/USDT:USDT,0.5412,5.0,0.5411,12.0,0.5418,2.0,0.5423,59.0
1753531991446,12:13:11.446,B/USDT:USDT,0.5412,5.0,0.5411,2.0,0.5418,5.0,0.5423,59.0
1753531991634,12:13:11.634,B/USDT:USDT,0.5412,5.0,0.5411,2.0,0.5418,4.0,0.5423,59.0
1753531992074,12:13:12.074,B/USDT:USDT,0.5412,5.0,0.5411,2.0,0.5418,4.0,0.5423,10.0
1753531992155,12:13:12.155,B/USDT:USDT,0.5412,5.0,0.5411,2.0,0.5418,4.0,0.5423,10.0
1753531992316,12:13:12.316,B/USDT:USDT,0.5412,5.0,0.5411,2.0,0.5418,4.0,0.5423,10.0
1753531992426,12:13:12.426,B/USDT:USDT,0.5412,5.0,0.5411,2.0,0.5418,1.0,0.5423,10.0
1753531993304,12:13:13.304,B/USDT:USDT,0.5412,5.0,0.5411,2.0,0.5418,1.0,0.5423,10.0
1753531993428,12:13:13.428,B/USDT:USDT,0.5412,5.0,0.5411,2.0,0.5418,1.0,0.5423,10.0
1753531995642,12:13:15.642,B/USDT:USDT,0.5412,5.0,0.5411,2.0,0.5418,1.0,0.5423,10.0
1753531996890,12:13:16.890,B/USDT:USDT,0.5412,5.0,0.5411,2.0,0.5418,2.0,0.5423,10.0
1753531997020,12:13:17.020,B/USDT:USDT,0.5411,1.0,0.5409,5.0,0.5418,2.0,0.5423,10.0
1753531997116,12:13:17.116,B/USDT:USDT,0.5411,1.0,0.5409,5.0,0.5418,8.0,0.5423,10.0
1753531997272,12:13:17.272,B/USDT:USDT,0.5411,1.0,0.5409,5.0,0.5418,8.0,0.5423,10.0
1753531998135,12:13:18.135,B/USDT:USDT,0.5411,1.0,0.5409,5.0,0.5418,5.0,0.5423,10.0
1753531998250,12:13:18.250,B/USDT:USDT,0.5412,5.0,0.5411,2.0,0.5418,2.0,0.5423,10.0
1753531998315,12:13:18.315,B/USDT:USDT,0.5411,1.0,0.5409,5.0,0.5418,2.0,0.5422,50.0
1753531998454,12:13:18.454,B/USDT:USDT,0.5411,1.0,0.5409,5.0,0.5418,2.0,0.5422,50.0
1753531998910,12:13:18.910,B/USDT:USDT,0.5411,1.0,0.5409,5.0,0.5418,2.0,0.5422,50.0
1753531999237,12:13:19.237,B/USDT:USDT,0.5411,1.0,0.5409,5.0,0.5418,2.0,0.5422,50.0
1753531999692,12:13:19.692,B/USDT:USDT,0.5411,1.0,0.5409,5.0,0.5418,5.0,0.5422,50.0
1753532000087,12:13:20.087,B/USDT:USDT,0.5411,1.0,0.5409,5.0,0.5418,5.0,0.5422,50.0
1753532000443,12:13:20.443,B/USDT:USDT,0.5411,1.0,0.5409,5.0,0.5418,5.0,0.5423,10.0
1753532000455,12:13:20.455,B/USDT:USDT,0.5411,1.0,0.5409,5.0,0.5418,5.0,0.5423,57.0
1753532000721,12:13:20.721,B/USDT:USDT,0.5411,1.0,0.5409,5.0,0.5418,2.0,0.5423,57.0
1753532003833,12:13:23.833,B/USDT:USDT,0.5411,1.0,0.5409,5.0,0.5418,2.0,0.542,107.0
1753532004221,12:13:24.221,B/USDT:USDT,0.5411,1.0,0.5409,5.0,0.5418,2.0,0.542,107.0
1753532004489,12:13:24.489,B/USDT:USDT,0.5411,1.0,0.5409,5.0,0.5418,2.0,0.542,107.0
1753532005097,12:13:25.097,B/USDT:USDT,0.5411,1.0,0.5409,5.0,0.5418,2.0,0.542,107.0
1753532005342,12:13:25.342,B/USDT:USDT,0.5411,1.0,0.5409,5.0,0.5418,2.0,0.542,107.0
1753532005499,12:13:25.499,B/USDT:USDT,0.5411,1.0,0.5409,5.0,0.5418,2.0,0.5423,60.0
1753532005833,12:13:25.833,B/USDT:USDT,0.5411,1.0,0.5409,5.0,0.5418,2.0,0.5423,60.0
1753532005933,12:13:25.933,B/USDT:USDT,0.5411,1.0,0.5409,5.0,0.5418,2.0,0.5423,60.0
1753532005958,12:13:25.958,B/USDT:USDT,0.5411,1.0,0.5409,5.0,0.5418,2.0,0.5423,60.0
1753532006313,12:13:26.313,B/USDT:USDT,0.5411,1.0,0.5409,5.0,0.5418,2.0,0.5423,60.0
1753532006373,12:13:26.373,B/USDT:USDT,0.5411,1.0,0.5409,5.0,0.5418,2.0,0.5423,60.0
1753532006704,12:13:26.704,B/USDT:USDT,0.5411,1.0,0.5409,5.0,0.5418,2.0,0.5423,60.0
1753532007592,12:13:27.592,B/USDT:USDT,0.5409,5.0,0.5408,10.0,0.5418,2.0,0.542,66.0
1753532007655,12:13:27.655,B/USDT:USDT,0.5409,5.0,0.5408,76.0,0.5418,2.0,0.542,66.0
1753532007829,12:13:27.829,B/USDT:USDT,0.5409,5.0,0.5408,76.0,0.5418,2.0,0.542,66.0
1753532008138,12:13:28.138,B/USDT:USDT,0.5409,15.0,0.5408,76.0,0.5418,2.0,0.542,66.0
1753532008159,12:13:28.159,B/USDT:USDT,0.5409,15.0,0.5408,76.0,0.5418,2.0,0.542,66.0
1753532008281,12:13:28.281,B/USDT:USDT,0.5409,15.0,0.5408,76.0,0.5418,2.0,0.542,66.0
1753532010492,12:13:30.492,B/USDT:USDT,0.5409,15.0,0.5408,76.0,0.5418,2.0,0.542,66.0
1753532010781,12:13:30.781,B/USDT:USDT,0.5409,15.0,0.5408,76.0,0.5418,2.0,0.542,66.0
1753532011220,12:13:31.220,B/USDT:USDT,0.5409,15.0,0.5408,76.0,0.5418,2.0,0.542,66.0
1753532012476,12:13:32.476,B/USDT:USDT,0.5409,15.0,0.5408,76.0,0.5418,2.0,0.542,66.0
1753532012775,12:13:32.775,B/USDT:USDT,0.5409,15.0,0.5408,76.0,0.5418,2.0,0.542,66.0
1753532013774,12:13:33.774,B/USDT:USDT,0.5409,15.0,0.5408,76.0,0.5418,2.0,0.542,66.0
1753532014155,12:13:34.155,B/USDT:USDT,0.5409,15.0,0.5408,76.0,0.5418,2.0,0.542,66.0
1753532014414,12:13:34.414,B/USDT:USDT,0.5409,15.0,0.5408,76.0,0.5418,2.0,0.542,66.0
1753532015616,12:13:35.616,B/USDT:USDT,0.5409,15.0,0.5408,76.0,0.5418,2.0,0.542,66.0
1753532017614,12:13:37.614,B/USDT:USDT,0.5409,15.0,0.5408,76.0,0.5418,2.0,0.542,66.0
1753532017664,12:13:37.664,B/USDT:USDT,0.5409,15.0,0.5408,76.0,0.5418,2.0,0.542,66.0
1753532017758,12:13:37.758,B/USDT:USDT,0.5409,15.0,0.5408,76.0,0.5418,2.0,0.542,66.0
1753532018137,12:13:38.137,B/USDT:USDT,0.5409,15.0,0.5408,76.0,0.5418,2.0,0.542,66.0
1753532018243,12:13:38.243,B/USDT:USDT,0.5409,15.0,0.5408,76.0,0.5418,2.0,0.542,66.0
1753532019192,12:13:39.192,B/USDT:USDT,0.5409,15.0,0.5408,76.0,0.5418,2.0,0.542,66.0
1753532019262,12:13:39.262,B/USDT:USDT,0.5409,15.0,0.5408,76.0,0.5418,2.0,0.542,66.0
1753532021558,12:13:41.558,B/USDT:USDT,0.5409,15.0,0.5408,76.0,0.5418,2.0,0.542,66.0
1753532021944,12:13:41.944,B/USDT:USDT,0.5409,15.0,0.5408,76.0,0.5418,2.0,0.542,66.0
1753532022050,12:13:42.050,B/USDT:USDT,0.5409,5.0,0.5408,10.0,0.5418,8.0,0.5419,107.0
1753532022058,12:13:42.058,B/USDT:USDT,0.5409,5.0,0.5408,10.0,0.5418,8.0,0.5419,107.0
1753532023014,12:13:43.014,B/USDT:USDT,0.5404,15.0,0.5403,59.0,0.5418,8.0,0.5419,107.0
1753532023133,12:13:43.133,B/USDT:USDT,0.5407,15.0,0.5406,117.0,0.5418,8.0,0.542,118.0
1753532023182,12:13:43.182,B/USDT:USDT,0.5407,17.0,0.5406,117.0,0.5418,11.0,0.542,118.0
1753532023267,12:13:43.267,B/USDT:USDT,0.5407,17.0,0.5406,117.0,0.5418,11.0,0.542,118.0
1753532023509,12:13:43.509,B/USDT:USDT,0.5407,17.0,0.5406,117.0,0.5418,11.0,0.5419,107.0
1753532024046,12:13:44.046,B/USDT:USDT,0.5407,17.0,0.5406,10.0,0.5418,11.0,0.5419,107.0
1753532024114,12:13:44.114,B/USDT:USDT,0.5407,15.0,0.5406,12.0,0.5418,8.0,0.5419,107.0
1753532024185,12:13:44.185,B/USDT:USDT,0.5407,15.0,0.5406,12.0,0.5418,2.0,0.5419,107.0
1753532029213,12:13:49.213,B/USDT:USDT,0.5407,15.0,0.5406,12.0,0.5418,2.0,0.5419,107.0
1753532029262,12:13:49.262,B/USDT:USDT,0.5407,15.0,0.5406,10.0,0.5418,2.0,0.5419,173.0
1753532029363,12:13:49.363,B/USDT:USDT,0.5407,15.0,0.5406,10.0,0.5418,2.0,0.5419,173.0
1753532029935,12:13:49.935,B/USDT:USDT,0.5406,15.0,0.5405,10.0,0.5418,2.0,0.5419,173.0
1753532029956,12:13:49.956,B/USDT:USDT,0.5406,15.0,0.5405,76.0,0.5418,2.0,0.5419,173.0
1753532030145,12:13:50.145,B/USDT:USDT,0.5406,122.0,0.5405,78.0,0.5418,2.0,0.5419,173.0
1753532030214,12:13:50.214,B/USDT:USDT,0.5408,15.0,0.5407,12.0,0.5418,2.0,0.5419,173.0
1753532032298,12:13:52.298,B/USDT:USDT,0.5408,15.0,0.5407,12.0,0.5418,2.0,0.5419,173.0
1753532032502,12:13:52.502,B/USDT:USDT,0.5408,15.0,0.5407,12.0,0.5418,2.0,0.5419,173.0
1753532032858,12:13:52.858,B/USDT:USDT,0.5408,15.0,0.5407,12.0,0.5418,2.0,0.5419,173.0
1753532035215,12:13:55.215,B/USDT:USDT,0.5408,15.0,0.5407,12.0,0.5418,2.0,0.5419,173.0
1753532035481,12:13:55.481,B/USDT:USDT,0.5408,15.0,0.5407,12.0,0.5418,2.0,0.5419,173.0
1753532036169,12:13:56.169,B/USDT:USDT,0.5408,15.0,0.5407,12.0,0.5418,2.0,0.5419,66.0
1753532036548,12:13:56.548,B/USDT:USDT,0.5408,15.0,0.5407,12.0,0.5418,2.0,0.5419,66.0
1753532040341,12:14:00.341,B/USDT:USDT,0.5408,15.0,0.5407,12.0,0.5418,2.0,0.5419,66.0
1753532040366,12:14:00.366,B/USDT:USDT,0.5408,15.0,0.5407,12.0,0.5418,2.0,0.5419,66.0
1753532040461,12:14:00.461,B/USDT:USDT,0.5408,15.0,0.5407,12.0,0.5418,2.0,0.5419,66.0
1753532041414,12:14:01.414,B/USDT:USDT,0.5408,15.0,0.5407,12.0,0.5418,2.0,0.5419,66.0
1753532042414,12:14:02.414,B/USDT:USDT,0.5408,15.0,0.5407,12.0,0.5418,2.0,0.5419,66.0
1753532044363,12:14:04.363,B/USDT:USDT,0.5408,15.0,0.5407,12.0,0.5418,2.0,0.5419,66.0
1753532048705,12:14:08.705,B/USDT:USDT,0.5408,15.0,0.5407,12.0,0.5418,2.0,0.5419,66.0
1753532049132,12:14:09.132,B/USDT:USDT,0.5408,15.0,0.5407,12.0,0.5418,68.0,0.542,107.0
1753532049288,12:14:09.288,B/USDT:USDT,0.5408,15.0,0.5407,12.0,0.5418,86.0,0.542,107.0
1753532054343,12:14:14.343,B/USDT:USDT,0.5408,15.0,0.5407,12.0,0.5418,20.0,0.542,107.0
1753532054372,12:14:14.372,B/USDT:USDT,0.5408,15.0,0.5407,12.0,0.5418,20.0,0.5419,118.0
1753532054458,12:14:14.458,B/USDT:USDT,0.5408,15.0,0.5407,12.0,0.5418,20.0,0.5419,118.0
1753532058047,12:14:18.047,B/USDT:USDT,0.5408,15.0,0.5407,12.0,0.5418,2.0,0.5419,66.0
1753532058062,12:14:18.062,B/USDT:USDT,0.5408,15.0,0.5407,12.0,0.5418,2.0,0.5419,66.0
1753532058195,12:14:18.195,B/USDT:USDT,0.5408,15.0,0.5407,12.0,0.5418,2.0,0.5419,66.0
1753532059205,12:14:19.205,B/USDT:USDT,0.5408,15.0,0.5407,12.0,0.5418,2.0,0.5419,66.0
1753532059314,12:14:19.314,B/USDT:USDT,0.5408,15.0,0.5407,12.0,0.5419,66.0,0.542,107.0
1753532059414,12:14:19.414,B/USDT:USDT,0.5408,15.0,0.5407,64.0,0.5418,3.0,0.5421,66.0
1753532059544,12:14:19.544,B/USDT:USDT,0.5408,15.0,0.5407,64.0,0.5418,3.0,0.5423,57.0
1753532059585,12:14:19.585,B/USDT:USDT,0.5408,15.0,0.5407,64.0,0.5418,3.0,0.5423,57.0
1753532059850,12:14:19.850,B/USDT:USDT,0.5408,15.0,0.5407,64.0,0.5418,3.0,0.5423,10.0
1753532060551,12:14:20.551,B/USDT:USDT,0.5408,15.0,0.5407,64.0,0.5423,10.0,0.5424,107.0
1753532060558,12:14:20.558,B/USDT:USDT,0.5408,15.0,0.5407,64.0,0.5423,85.0,0.5424,107.0
1753532060718,12:14:20.718,B/USDT:USDT,0.5408,15.0,0.5407,64.0,0.5423,85.0,0.5424,107.0
1753532060822,12:14:20.822,B/USDT:USDT,0.5408,16.0,0.5407,64.0,0.5423,103.0,0.5424,107.0
1753532060916,12:14:20.916,B/USDT:USDT,0.5408,16.0,0.5407,64.0,0.5423,112.0,0.5424,107.0
1753532061017,12:14:21.017,B/USDT:USDT,0.5408,16.0,0.5407,64.0,0.5423,139.0,0.5424,107.0
1753532061435,12:14:21.435,B/USDT:USDT,0.5408,16.0,0.5407,64.0,0.5423,130.0,0.5424,107.0
1753532061535,12:14:21.535,B/USDT:USDT,0.5408,16.0,0.5407,64.0,0.5423,130.0,0.5424,107.0
1753532061633,12:14:21.633,B/USDT:USDT,0.5408,16.0,0.5407,64.0,0.5423,121.0,0.5424,107.0
1753532062009,12:14:22.009,B/USDT:USDT,0.5408,16.0,0.5407,64.0,0.5423,130.0,0.5424,107.0
1753532062061,12:14:22.061,B/USDT:USDT,0.5408,16.0,0.5407,64.0,0.5423,130.0,0.5424,107.0
1753532062622,12:14:22.622,B/USDT:USDT,0.5408,16.0,0.5407,64.0,0.5423,139.0,0.5424,107.0
1753532062798,12:14:22.798,B/USDT:USDT,0.5408,16.0,0.5407,64.0,0.5423,139.0,0.5424,107.0
1753532063794,12:14:23.794,B/USDT:USDT,0.5408,82.0,0.5407,12.0,0.5423,121.0,0.5424,107.0
1753532063858,12:14:23.858,B/USDT:USDT,0.5408,82.0,0.5407,14.0,0.5423,121.0,0.5424,107.0
1753532063956,12:14:23.956,B/USDT:USDT,0.5408,82.0,0.5407,14.0,0.5423,130.0,0.5424,107.0
1753532064534,12:14:24.534,B/USDT:USDT,0.541,15.0,0.5409,10.0,0.5423,139.0,0.5424,107.0
1753532064560,12:14:24.560,B/USDT:USDT,0.541,15.0,0.5409,14.0,0.5423,139.0,0.5424,107.0
1753532064825,12:14:24.825,B/USDT:USDT,0.541,15.0,0.5409,14.0,0.5423,112.0,0.5424,107.0
1753532064889,12:14:24.889,B/USDT:USDT,0.541,15.0,0.5409,14.0,0.5423,115.0,0.5424,107.0
1753532064994,12:14:24.994,B/USDT:USDT,0.541,15.0,0.5409,14.0,0.5423,115.0,0.5424,107.0
1753532065490,12:14:25.490,B/USDT:USDT,0.541,15.0,0.5409,14.0,0.5423,115.0,0.5424,107.0
1753532065782,12:14:25.782,B/USDT:USDT,0.541,15.0,0.5409,14.0,0.5423,124.0,0.5424,107.0
1753532065910,12:14:25.910,B/USDT:USDT,0.541,15.0,0.5409,14.0,0.5423,121.0,0.5424,107.0
1753532065991,12:14:25.991,B/USDT:USDT,0.541,15.0,0.5409,14.0,0.5423,112.0,0.5424,107.0
1753532066126,12:14:26.126,B/USDT:USDT,0.541,15.0,0.5409,14.0,0.5423,121.0,0.5424,107.0
1753532066172,12:14:26.172,B/USDT:USDT,0.541,15.0,0.5409,14.0,0.5423,55.0,0.5424,173.0
1753532066826,12:14:26.826,B/USDT:USDT,0.541,15.0,0.5409,14.0,0.5423,46.0,0.5424,173.0
1753532066870,12:14:26.870,B/USDT:USDT,0.541,15.0,0.5409,14.0,0.5423,55.0,0.5424,173.0
1753532066987,12:14:26.987,B/USDT:USDT,0.541,15.0,0.5409,14.0,0.5423,46.0,0.5424,173.0
1753532067102,12:14:27.102,B/USDT:USDT,0.541,15.0,0.5409,14.0,0.5423,37.0,0.5424,173.0
1753532067521,12:14:27.521,B/USDT:USDT,0.541,15.0,0.5409,14.0,0.5423,46.0,0.5424,173.0
1753532067571,12:14:27.571,B/USDT:USDT,0.541,15.0,0.5409,14.0,0.5423,37.0,0.5424,173.0
1753532068022,12:14:28.022,B/USDT:USDT,0.541,15.0,0.5409,14.0,0.5423,46.0,0.5424,173.0
1753532068316,12:14:28.316,B/USDT:USDT,0.541,15.0,0.5409,14.0,0.5423,46.0,0.5424,173.0
1753532068427,12:14:28.427,B/USDT:USDT,0.541,15.0,0.5409,14.0,0.5423,46.0,0.5424,66.0
1753532068810,12:14:28.810,B/USDT:USDT,0.541,15.0,0.5409,14.0,0.5423,46.0,0.5424,66.0
1753532069546,12:14:29.546,B/USDT:USDT,0.541,15.0,0.5409,14.0,0.5423,46.0,0.5424,66.0
1753532069669,12:14:29.669,B/USDT:USDT,0.541,15.0,0.5409,14.0,0.5423,46.0,0.5424,66.0
1753532069797,12:14:29.797,B/USDT:USDT,0.541,15.0,0.5409,14.0,0.5423,37.0,0.5424,66.0
1753532069914,12:14:29.914,B/USDT:USDT,0.541,15.0,0.5409,14.0,0.5423,46.0,0.5424,66.0
1753532070049,12:14:30.049,B/USDT:USDT,0.541,15.0,0.5409,14.0,0.5423,43.0,0.5424,66.0
1753532070148,12:14:30.148,B/USDT:USDT,0.541,15.0,0.5409,14.0,0.5423,52.0,0.5424,66.0
1753532070199,12:14:30.199,B/USDT:USDT,0.541,15.0,0.5409,14.0,0.5423,43.0,0.5424,66.0
1753532070435,12:14:30.435,B/USDT:USDT,0.541,15.0,0.5409,14.0,0.5423,52.0,0.5424,66.0
1753532070467,12:14:30.467,B/USDT:USDT,0.541,15.0,0.5409,14.0,0.5423,43.0,0.5424,66.0
1753532070707,12:14:30.707,B/USDT:USDT,0.541,15.0,0.5409,14.0,0.5423,43.0,0.5424,66.0
1753532070818,12:14:30.818,B/USDT:USDT,0.541,15.0,0.5409,14.0,0.5423,43.0,0.5424,66.0
1753532070914,12:14:30.914,B/USDT:USDT,0.541,15.0,0.5409,14.0,0.5423,43.0,0.5424,66.0
1753532070974,12:14:30.974,B/USDT:USDT,0.541,15.0,0.5409,14.0,0.5423,61.0,0.5424,66.0
1753532071100,12:14:31.100,B/USDT:USDT,0.541,15.0,0.5409,14.0,0.5423,55.0,0.5424,66.0
1753532071540,12:14:31.540,B/USDT:USDT,0.541,15.0,0.5409,14.0,0.5423,37.0,0.5424,66.0
1753532071626,12:14:31.626,B/USDT:USDT,0.541,15.0,0.5409,14.0,0.5423,55.0,0.5424,66.0
1753532071678,12:14:31.678,B/USDT:USDT,0.541,15.0,0.5409,14.0,0.5423,37.0,0.5424,66.0
1753532071863,12:14:31.863,B/USDT:USDT,0.541,15.0,0.5409,14.0,0.5423,46.0,0.5424,66.0
1753532072833,12:14:32.833,B/USDT:USDT,0.541,15.0,0.5409,14.0,0.5423,55.0,0.5424,66.0
1753532073287,12:14:33.287,B/USDT:USDT,0.541,15.0,0.5409,14.0,0.5423,37.0,0.5424,66.0
1753532073369,12:14:33.369,B/USDT:USDT,0.541,15.0,0.5409,14.0,0.5423,37.0,0.5424,66.0
1753532074763,12:14:34.763,B/USDT:USDT,0.541,15.0,0.5409,14.0,0.5423,46.0,0.5424,66.0
1753532074854,12:14:34.854,B/USDT:USDT,0.541,15.0,0.5409,14.0,0.5423,55.0,0.5424,66.0
1753532075861,12:14:35.861,B/USDT:USDT,0.541,15.0,0.5409,14.0,0.5423,37.0,0.5424,66.0
1753532077078,12:14:37.078,B/USDT:USDT,0.541,15.0,0.5409,14.0,0.5423,46.0,0.5424,66.0
1753532077399,12:14:37.399,B/USDT:USDT,0.541,15.0,0.5409,14.0,0.5423,46.0,0.5424,66.0
1753532077879,12:14:37.879,B/USDT:USDT,0.541,15.0,0.5409,14.0,0.5423,55.0,0.5424,66.0
1753532078116,12:14:38.116,B/USDT:USDT,0.541,15.0,0.5409,14.0,0.5423,37.0,0.5424,66.0
1753532078328,12:14:38.328,B/USDT:USDT,0.541,15.0,0.5409,14.0,0.5423,162.0,0.5424,66.0
1753532078429,12:14:38.429,B/USDT:USDT,0.541,15.0,0.5409,14.0,0.5423,202.0,0.5424,66.0
1753532078838,12:14:38.838,B/USDT:USDT,0.541,15.0,0.5409,14.0,0.5423,211.0,0.5424,66.0
1753532079752,12:14:39.752,B/USDT:USDT,0.541,15.0,0.5409,14.0,0.5422,49.0,0.5423,162.0
1753532079851,12:14:39.851,B/USDT:USDT,0.541,15.0,0.5409,14.0,0.5422,27.0,0.5423,126.0
1753532079912,12:14:39.912,B/USDT:USDT,0.541,15.0,0.5409,10.0,0.5422,27.0,0.5423,126.0
1753532080040,12:14:40.040,B/USDT:USDT,0.541,15.0,0.5409,10.0,0.5422,27.0,0.5423,126.0
1753532080323,12:14:40.323,B/USDT:USDT,0.541,5.0,0.5409,10.0,0.5422,27.0,0.5423,126.0
1753532080907,12:14:40.907,B/USDT:USDT,0.541,5.0,0.5409,10.0,0.5422,76.0,0.5423,126.0
1753532081047,12:14:41.047,B/USDT:USDT,0.541,5.0,0.5409,10.0,0.5421,49.0,0.5422,18.0
1753532081149,12:14:41.149,B/USDT:USDT,0.541,5.0,0.5409,10.0,0.5422,18.0,0.5423,123.0
1753532081174,12:14:41.174,B/USDT:USDT,0.541,5.0,0.5409,10.0,0.5421,49.0,0.5422,84.0
1753532081313,12:14:41.313,B/USDT:USDT,0.541,15.0,0.5409,10.0,0.5422,93.0,0.5423,123.0
1753532081356,12:14:41.356,B/USDT:USDT,0.541,15.0,0.5409,10.0,0.5421,49.0,0.5422,93.0
1753532081537,12:14:41.537,B/USDT:USDT,0.541,15.0,0.5409,10.0,0.5421,49.0,0.5422,93.0
1753532081931,12:14:41.931,B/USDT:USDT,0.541,15.0,0.5409,10.0,0.5422,142.0,0.5423,123.0
1753532082034,12:14:42.034,B/USDT:USDT,0.541,15.0,0.5409,10.0,0.5422,151.0,0.5423,117.0
1753532082096,12:14:42.096,B/USDT:USDT,0.541,15.0,0.5409,10.0,0.5422,151.0,0.5423,117.0
1753532082301,12:14:42.301,B/USDT:USDT,0.541,15.0,0.5409,10.0,0.5422,151.0,0.5423,107.0
1753532083290,12:14:43.290,B/USDT:USDT,0.541,5.0,0.5409,10.0,0.5422,151.0,0.5423,107.0
1753532084281,12:14:44.281,B/USDT:USDT,0.541,15.0,0.5409,10.0,0.5422,161.0,0.5423,107.0
1753532084926,12:14:44.926,B/USDT:USDT,0.541,15.0,0.5409,10.0,0.5422,161.0,0.5423,107.0
1753532085024,12:14:45.024,B/USDT:USDT,0.541,15.0,0.5409,10.0,0.5422,170.0,0.5423,107.0
1753532085057,12:14:45.057,B/USDT:USDT,0.541,15.0,0.5409,10.0,0.5422,170.0,0.5423,107.0
1753532085458,12:14:45.458,B/USDT:USDT,0.541,15.0,0.5409,10.0,0.5421,49.0,0.5422,121.0
1753532085747,12:14:45.747,B/USDT:USDT,0.541,15.0,0.5409,10.0,0.5421,49.0,0.5422,76.0
1753532085832,12:14:45.832,B/USDT:USDT,0.541,15.0,0.5409,10.0,0.5421,67.0,0.5422,76.0
1753532086264,12:14:46.264,B/USDT:USDT,0.541,5.0,0.5409,10.0,0.5421,85.0,0.5422,76.0
1753532086439,12:14:46.439,B/USDT:USDT,0.541,5.0,0.5409,10.0,0.5421,94.0,0.5422,76.0
1753532086576,12:14:46.576,B/USDT:USDT,0.541,5.0,0.5409,10.0,0.5421,94.0,0.5422,76.0
1753532087246,12:14:47.246,B/USDT:USDT,0.541,15.0,0.5409,10.0,0.5421,94.0,0.5422,76.0
1753532089223,12:14:49.223,B/USDT:USDT,0.541,5.0,0.5409,10.0,0.5421,94.0,0.5422,76.0
1753532089255,12:14:49.255,B/USDT:USDT,0.541,5.0,0.5409,10.0,0.5421,45.0,0.5422,76.0
1753532089403,12:14:49.403,B/USDT:USDT,0.541,5.0,0.5409,10.0,0.5421,45.0,0.5422,76.0
1753532090354,12:14:50.354,B/USDT:USDT,0.541,5.0,0.5409,10.0,0.5421,94.0,0.5422,76.0
1753532091201,12:14:51.201,B/USDT:USDT,0.541,15.0,0.5409,10.0,0.5421,94.0,0.5422,76.0
