timestamp,time,symbol,bid1_price,bid1_volume,bid2_price,bid2_volume,ask1_price,ask1_volume,ask2_price,ask2_volume
1753531626000,12:07:06.000,BOME/USDT:USDT,0.002082,24.0,0.0020817,89.0,0.0020828,101.0,0.002083,119.0
1753531626552,12:07:06.552,BOME/USDT:USDT,0.002082,24.0,0.0020817,89.0,0.0020828,101.0,0.002083,119.0
1753531626960,12:07:06.960,BOME/USDT:USDT,0.002082,24.0,0.0020817,89.0,0.0020828,12.0,0.002083,119.0
1753531627069,12:07:07.069,BOME/USDT:USDT,0.002082,24.0,0.0020817,89.0,0.0020828,12.0,0.002083,119.0
1753531627176,12:07:07.176,BOME/USDT:USDT,0.002082,24.0,0.0020817,89.0,0.0020828,12.0,0.002083,119.0
1753531628070,12:07:08.070,BOME/USDT:USDT,0.0020824,24.0,0.0020823,24.0,0.0020828,1.0,0.002083,119.0
1753531628135,12:07:08.135,BOME/USDT:USDT,0.0020825,24.0,0.0020819,49.0,0.0020829,1.0,0.002083,119.0
1753531628249,12:07:08.249,BOME/USDT:USDT,0.0020825,24.0,0.0020819,49.0,0.002083,119.0,0.0020831,381.0
1753531628319,12:07:08.319,BOME/USDT:USDT,0.0020825,24.0,0.0020819,49.0,0.002083,119.0,0.0020831,381.0
1753531628522,12:07:08.522,BOME/USDT:USDT,0.0020825,24.0,0.0020819,49.0,0.002083,119.0,0.0020831,381.0
1753531628670,12:07:08.670,BOME/USDT:USDT,0.0020825,24.0,0.0020819,49.0,0.002083,119.0,0.0020831,381.0
1753531629003,12:07:09.003,BOME/USDT:USDT,0.0020825,24.0,0.0020819,138.0,0.002083,119.0,0.0020831,381.0
1753531629176,12:07:09.176,BOME/USDT:USDT,0.0020819,138.0,0.0020813,138.0,0.002083,129.0,0.0020831,381.0
1753531629270,12:07:09.270,BOME/USDT:USDT,0.0020824,24.0,0.0020823,24.0,0.0020828,89.0,0.0020829,1.0
1753531629303,12:07:09.303,BOME/USDT:USDT,0.0020816,89.0,0.0020813,138.0,0.0020828,89.0,0.002083,129.0
1753531629472,12:07:09.472,BOME/USDT:USDT,0.0020822,24.0,0.0020821,24.0,0.0020827,1.0,0.002083,208.0
1753531629552,12:07:09.552,BOME/USDT:USDT,0.0020825,24.0,0.0020819,89.0,0.0020829,1.0,0.002083,208.0
1753531629647,12:07:09.647,BOME/USDT:USDT,0.0020825,24.0,0.0020819,138.0,0.002083,219.0,0.0020831,381.0
1753531629929,12:07:09.929,BOME/USDT:USDT,0.0020825,24.0,0.0020819,138.0,0.002083,219.0,0.0020831,381.0
1753531630281,12:07:10.281,BOME/USDT:USDT,0.0020825,24.0,0.0020819,138.0,0.002083,219.0,0.0020831,381.0
1753531630355,12:07:10.355,BOME/USDT:USDT,0.0020825,24.0,0.0020819,138.0,0.002083,219.0,0.0020831,381.0
1753531630974,12:07:10.974,BOME/USDT:USDT,0.0020825,24.0,0.0020822,88.0,0.002083,119.0,0.0020831,381.0
1753531631052,12:07:11.052,BOME/USDT:USDT,0.0020825,24.0,0.0020822,88.0,0.002083,119.0,0.0020831,381.0
1753531631186,12:07:11.186,BOME/USDT:USDT,0.0020822,88.0,0.0020819,138.0,0.002083,119.0,0.0020831,381.0
1753531631270,12:07:11.270,BOME/USDT:USDT,0.0020824,24.0,0.0020823,24.0,0.0020829,1.0,0.002083,119.0
1753531631319,12:07:11.319,BOME/USDT:USDT,0.0020825,24.0,0.0020819,138.0,0.0020829,1.0,0.002083,119.0
1753531631418,12:07:11.418,BOME/USDT:USDT,0.0020825,24.0,0.0020819,138.0,0.002083,119.0,0.0020831,381.0
1753531631573,12:07:11.573,BOME/USDT:USDT,0.0020825,24.0,0.0020819,138.0,0.002083,119.0,0.0020831,381.0
1753531631756,12:07:11.756,BOME/USDT:USDT,0.0020825,24.0,0.0020819,138.0,0.002083,127.0,0.0020831,381.0
1753531631972,12:07:11.972,BOME/USDT:USDT,0.0020825,24.0,0.0020819,138.0,0.0020829,134.0,0.002083,119.0
1753531632172,12:07:12.172,BOME/USDT:USDT,0.002082,24.0,0.0020819,138.0,0.002083,119.0,0.0020831,381.0
1753531632269,12:07:12.269,BOME/USDT:USDT,0.0020824,24.0,0.0020819,89.0,0.0020829,1.0,0.002083,119.0
1753531632354,12:07:12.354,BOME/USDT:USDT,0.0020824,24.0,0.0020819,89.0,0.0020829,1.0,0.002083,119.0
1753531632389,12:07:12.389,BOME/USDT:USDT,0.0020824,24.0,0.0020819,89.0,0.0020829,1.0,0.002083,119.0
1753531632541,12:07:12.541,BOME/USDT:USDT,0.0020824,24.0,0.0020819,89.0,0.0020829,1.0,0.002083,119.0
1753531632782,12:07:12.782,BOME/USDT:USDT,0.0020824,24.0,0.0020819,89.0,0.0020829,89.0,0.002083,119.0
1753531632835,12:07:12.835,BOME/USDT:USDT,0.0020813,89.0,0.0020807,49.0,0.0020829,88.0,0.002083,119.0
1753531632978,12:07:12.978,BOME/USDT:USDT,0.0020821,24.0,0.002082,24.0,0.0020828,1.0,0.0020829,88.0
1753531633082,12:07:13.082,BOME/USDT:USDT,0.0020823,24.0,0.0020818,88.0,0.0020828,1.0,0.0020829,88.0
1753531633136,12:07:13.136,BOME/USDT:USDT,0.0020823,24.0,0.0020818,88.0,0.0020828,1.0,0.002083,119.0
1753531633265,12:07:13.265,BOME/USDT:USDT,0.0020824,24.0,0.0020818,137.0,0.0020829,1.0,0.002083,119.0
1753531633368,12:07:13.368,BOME/USDT:USDT,0.0020824,24.0,0.0020821,88.0,0.0020829,1.0,0.002083,119.0
1753531633703,12:07:13.703,BOME/USDT:USDT,0.0020824,24.0,0.0020821,88.0,0.0020829,1.0,0.002083,119.0
1753531633883,12:07:13.883,BOME/USDT:USDT,0.0020824,24.0,0.0020818,137.0,0.0020829,1.0,0.002083,119.0
1753531633938,12:07:13.938,BOME/USDT:USDT,0.0020824,24.0,0.0020818,137.0,0.0020829,89.0,0.002083,119.0
1753531634045,12:07:14.045,BOME/USDT:USDT,0.0020824,24.0,0.0020818,137.0,0.0020829,89.0,0.002083,119.0
1753531634249,12:07:14.249,BOME/USDT:USDT,0.0020824,24.0,0.0020821,88.0,0.0020829,1.0,0.002083,119.0
1753531634371,12:07:14.371,BOME/USDT:USDT,0.0020825,24.0,0.0020824,24.0,0.002083,114.0,0.0020831,381.0
1753531634439,12:07:14.439,BOME/USDT:USDT,0.0020828,24.0,0.0020822,49.0,0.002083,126.0,0.0020831,381.0
1753531634544,12:07:14.544,BOME/USDT:USDT,0.0020828,24.0,0.0020822,49.0,0.002083,126.0,0.0020831,381.0
1753531634884,12:07:14.884,BOME/USDT:USDT,0.0020828,24.0,0.0020822,49.0,0.002083,119.0,0.0020831,381.0
1753531634981,12:07:14.981,BOME/USDT:USDT,0.0020813,89.0,0.0020807,49.0,0.0020829,88.0,0.002083,119.0
1753531635083,12:07:15.083,BOME/USDT:USDT,0.0020821,24.0,0.002082,24.0,0.0020828,1.0,0.002083,202.0
1753531635170,12:07:15.170,BOME/USDT:USDT,0.0020822,24.0,0.0020816,137.0,0.0020829,89.0,0.002083,202.0
1753531635262,12:07:15.262,BOME/USDT:USDT,0.0020822,24.0,0.0020819,88.0,0.0020829,89.0,0.002083,114.0
1753531635356,12:07:15.356,BOME/USDT:USDT,0.0020822,24.0,0.0020819,88.0,0.0020829,89.0,0.002083,114.0
1753531635559,12:07:15.559,BOME/USDT:USDT,0.0020822,24.0,0.0020819,88.0,0.0020829,89.0,0.002083,114.0
1753531635677,12:07:15.677,BOME/USDT:USDT,0.0020822,24.0,0.0020816,137.0,0.0020828,88.0,0.0020829,89.0
1753531635775,12:07:15.775,BOME/USDT:USDT,0.0020822,24.0,0.0020816,137.0,0.0020827,1.0,0.0020828,88.0
1753531635825,12:07:15.825,BOME/USDT:USDT,0.0020822,24.0,0.0020816,137.0,0.0020827,1.0,0.0020828,88.0
1753531635922,12:07:15.922,BOME/USDT:USDT,0.0020822,24.0,0.0020819,88.0,0.0020827,1.0,0.0020828,88.0
1753531636187,12:07:16.187,BOME/USDT:USDT,0.0020822,24.0,0.0020819,88.0,0.0020827,1.0,0.0020828,88.0
1753531636187,12:07:16.187,BOME/USDT:USDT,0.0020822,24.0,0.0020819,88.0,0.0020827,1.0,0.0020828,88.0
1753531637081,12:07:17.081,BOME/USDT:USDT,0.0020822,24.0,0.0020819,88.0,0.0020827,1.0,0.0020828,88.0
1753531637408,12:07:17.408,BOME/USDT:USDT,0.0020822,24.0,0.0020819,88.0,0.0020827,1.0,0.0020828,88.0
1753531637984,12:07:17.984,BOME/USDT:USDT,0.0020817,24.0,0.0020816,137.0,0.0020826,88.0,0.0020827,1.0
1753531638070,12:07:18.070,BOME/USDT:USDT,0.0020822,24.0,0.0020816,88.0,0.0020825,1.0,0.0020828,88.0
1753531638150,12:07:18.150,BOME/USDT:USDT,0.0020822,24.0,0.0020816,137.0,0.0020827,89.0,0.0020828,88.0
1753531638233,12:07:18.233,BOME/USDT:USDT,0.0020822,24.0,0.0020816,137.0,0.0020827,89.0,0.0020828,88.0
1753531638302,12:07:18.302,BOME/USDT:USDT,0.0020822,24.0,0.0020816,137.0,0.0020827,89.0,0.002083,114.0
1753531638584,12:07:18.584,BOME/USDT:USDT,0.0020822,24.0,0.0020816,137.0,0.0020827,89.0,0.002083,114.0
1753531638589,12:07:18.589,BOME/USDT:USDT,0.0020822,24.0,0.0020816,137.0,0.0020827,89.0,0.002083,114.0
1753531640084,12:07:20.084,BOME/USDT:USDT,0.0020822,24.0,0.0020816,137.0,0.0020827,89.0,0.002083,114.0
1753531640089,12:07:20.089,BOME/USDT:USDT,0.0020822,24.0,0.0020816,137.0,0.0020827,89.0,0.002083,114.0
1753531640259,12:07:20.259,BOME/USDT:USDT,0.0020822,24.0,0.0020816,137.0,0.0020827,89.0,0.002083,114.0
1753531641677,12:07:21.677,BOME/USDT:USDT,0.0020825,24.0,0.0020819,138.0,0.0020827,1.0,0.002083,203.0
1753531641772,12:07:21.772,BOME/USDT:USDT,0.0020825,24.0,0.0020819,138.0,0.0020829,1.0,0.002083,203.0
1753531641880,12:07:21.880,BOME/USDT:USDT,0.0020825,24.0,0.0020819,138.0,0.0020829,1.0,0.002083,203.0
1753531641913,12:07:21.913,BOME/USDT:USDT,0.0020825,24.0,0.0020819,138.0,0.0020829,90.0,0.002083,203.0
1753531642076,12:07:22.076,BOME/USDT:USDT,0.0020819,138.0,0.0020816,88.0,0.0020829,89.0,0.002083,114.0
1753531642183,12:07:22.183,BOME/USDT:USDT,0.0020824,24.0,0.0020819,89.0,0.0020828,1.0,0.0020829,89.0
1753531642251,12:07:22.251,BOME/USDT:USDT,0.0020824,24.0,0.0020819,89.0,0.0020828,1.0,0.0020829,89.0
1753531642355,12:07:22.355,BOME/USDT:USDT,0.0020824,24.0,0.0020819,89.0,0.0020828,1.0,0.0020829,89.0
1753531642564,12:07:22.564,BOME/USDT:USDT,0.0020824,24.0,0.0020819,89.0,0.0020828,1.0,0.0020829,89.0
1753531642895,12:07:22.895,BOME/USDT:USDT,0.0020824,24.0,0.0020819,89.0,0.0020828,1.0,0.0020829,89.0
1753531643172,12:07:23.172,BOME/USDT:USDT,0.0020824,24.0,0.0020819,89.0,0.0020828,1.0,0.0020829,89.0
1753531643263,12:07:23.263,BOME/USDT:USDT,0.0020826,24.0,0.002082,49.0,0.0020827,50.0,0.0020828,1.0
1753531643309,12:07:23.309,BOME/USDT:USDT,0.0020826,24.0,0.002082,49.0,0.0020827,50.0,0.0020829,1.0
1753531643531,12:07:23.531,BOME/USDT:USDT,0.0020826,24.0,0.002082,49.0,0.0020827,50.0,0.0020829,1.0
1753531643610,12:07:23.610,BOME/USDT:USDT,0.0020826,24.0,0.002082,49.0,0.0020827,50.0,0.0020829,1.0
1753531644603,12:07:24.603,BOME/USDT:USDT,0.0020826,24.0,0.002082,49.0,0.0020827,50.0,0.0020829,1.0
1753531644749,12:07:24.749,BOME/USDT:USDT,0.0020826,24.0,0.002082,49.0,0.0020827,50.0,0.0020829,1.0
1753531645129,12:07:25.129,BOME/USDT:USDT,0.0020826,24.0,0.0020823,89.0,0.0020827,50.0,0.0020829,1.0
1753531645227,12:07:25.227,BOME/USDT:USDT,0.0020826,24.0,0.0020823,89.0,0.0020827,50.0,0.0020833,1.0
1753531645381,12:07:25.381,BOME/USDT:USDT,0.0020826,24.0,0.0020823,89.0,0.0020827,50.0,0.0020833,1.0
1753531645569,12:07:25.569,BOME/USDT:USDT,0.0020826,24.0,0.002082,49.0,0.0020833,95.0,0.0020839,50.0
1753531645685,12:07:25.685,BOME/USDT:USDT,0.0020829,24.0,0.0020828,24.0,0.0020833,6.0,0.0020835,89.0
1753531645774,12:07:25.774,BOME/USDT:USDT,0.0020826,24.0,0.0020825,24.0,0.0020833,5.0,0.0020835,89.0
1753531645869,12:07:25.869,BOME/USDT:USDT,0.002083,24.0,0.0020823,89.0,0.0020832,1.0,0.0020833,5.0
1753531645976,12:07:25.976,BOME/USDT:USDT,0.002083,24.0,0.0020824,49.0,0.0020833,5.0,0.0020835,89.0
1753531646045,12:07:26.045,BOME/USDT:USDT,0.002083,24.0,0.0020824,49.0,0.0020833,5.0,0.0020835,89.0
1753531646129,12:07:26.129,BOME/USDT:USDT,0.002083,24.0,0.0020824,49.0,0.0020833,5.0,0.0020835,89.0
1753531646198,12:07:26.198,BOME/USDT:USDT,0.002083,24.0,0.0020824,49.0,0.0020833,5.0,0.0020835,89.0
1753531646402,12:07:26.402,BOME/USDT:USDT,0.002083,24.0,0.0020824,49.0,0.0020833,5.0,0.0020835,89.0
1753531646570,12:07:26.570,BOME/USDT:USDT,0.0020825,24.0,0.0020824,49.0,0.0020832,89.0,0.0020833,94.0
1753531646669,12:07:26.669,BOME/USDT:USDT,0.0020829,24.0,0.002082,49.0,0.0020831,1.0,0.0020832,89.0
1753531646764,12:07:26.764,BOME/USDT:USDT,0.0020829,24.0,0.0020823,138.0,0.0020833,94.0,0.0020835,89.0
1753531646886,12:07:26.886,BOME/USDT:USDT,0.0020809,89.0,0.0020807,59.0,0.0020832,89.0,0.0020833,5.0
1753531646970,12:07:26.970,BOME/USDT:USDT,0.0020817,24.0,0.0020816,89.0,0.0020829,89.0,0.002083,114.0
1753531647061,12:07:27.061,BOME/USDT:USDT,0.0020823,24.0,0.0020818,89.0,0.0020828,10.0,0.0020829,89.0
1753531647146,12:07:27.146,BOME/USDT:USDT,0.0020823,24.0,0.0020818,89.0,0.0020828,10.0,0.0020829,89.0
1753531647249,12:07:27.249,BOME/USDT:USDT,0.0020823,24.0,0.0020818,89.0,0.0020828,10.0,0.0020829,89.0
1753531647579,12:07:27.579,BOME/USDT:USDT,0.0020823,24.0,0.0020818,89.0,0.0020828,99.0,0.0020829,89.0
1753531647681,12:07:27.681,BOME/USDT:USDT,0.0020817,138.0,0.0020812,89.0,0.0020827,89.0,0.0020828,99.0
1753531647780,12:07:27.780,BOME/USDT:USDT,0.0020822,24.0,0.0020821,24.0,0.0020826,1.0,0.0020827,89.0
1753531647874,12:07:27.874,BOME/USDT:USDT,0.0020823,24.0,0.0020817,138.0,0.0020826,1.0,0.0020829,89.0
1753531647978,12:07:27.978,BOME/USDT:USDT,0.0020823,24.0,0.0020817,138.0,0.0020828,1.0,0.0020829,89.0
1753531648076,12:07:28.076,BOME/USDT:USDT,0.0020823,24.0,0.0020817,138.0,0.0020828,90.0,0.002083,114.0
1753531648184,12:07:28.184,BOME/USDT:USDT,0.0020824,24.0,0.0020817,138.0,0.0020828,90.0,0.002083,114.0
1753531648240,12:07:28.240,BOME/USDT:USDT,0.0020818,49.0,0.0020817,89.0,0.0020828,89.0,0.002083,114.0
1753531648370,12:07:28.370,BOME/USDT:USDT,0.0020823,24.0,0.0020822,24.0,0.0020827,1.0,0.0020828,89.0
1753531648448,12:07:28.448,BOME/USDT:USDT,0.0020823,24.0,0.0020817,138.0,0.0020827,1.0,0.0020828,89.0
1753531648501,12:07:28.501,BOME/USDT:USDT,0.0020823,24.0,0.0020817,138.0,0.0020827,1.0,0.0020828,89.0
1753531648655,12:07:28.655,BOME/USDT:USDT,0.0020823,24.0,0.0020817,138.0,0.0020827,90.0,0.002083,114.0
1753531648772,12:07:28.772,BOME/USDT:USDT,0.0020817,49.0,0.0020814,89.0,0.0020827,89.0,0.002083,114.0
1753531648868,12:07:28.868,BOME/USDT:USDT,0.0020821,24.0,0.002082,24.0,0.0020826,1.0,0.0020827,89.0
1753531648969,12:07:28.969,BOME/USDT:USDT,0.0020822,24.0,0.0020816,49.0,0.0020826,1.0,0.0020827,89.0
1753531649021,12:07:29.021,BOME/USDT:USDT,0.0020822,24.0,0.0020816,49.0,0.0020826,1.0,0.0020827,89.0
1753531649185,12:07:29.185,BOME/USDT:USDT,0.0020816,49.0,0.0020814,89.0,0.0020826,1.0,0.0020827,89.0
1753531649230,12:07:29.230,BOME/USDT:USDT,0.0020816,49.0,0.0020814,89.0,0.0020826,1.0,0.0020827,89.0
1753531649336,12:07:29.336,BOME/USDT:USDT,0.0020816,138.0,0.0020814,89.0,0.0020826,1.0,0.0020827,89.0
1753531649781,12:07:29.781,BOME/USDT:USDT,0.0020817,89.0,0.0020816,49.0,0.0020826,1.0,0.0020827,89.0
1753531649871,12:07:29.871,BOME/USDT:USDT,0.0020823,24.0,0.0020822,24.0,0.0020826,9.0,0.0020829,89.0
1753531649959,12:07:29.959,BOME/USDT:USDT,0.0020823,24.0,0.0020817,138.0,0.0020826,8.0,0.0020829,89.0
1753531650235,12:07:30.235,BOME/USDT:USDT,0.0020823,24.0,0.0020817,138.0,0.0020826,8.0,0.0020829,89.0
1753531650638,12:07:30.638,BOME/USDT:USDT,0.0020823,24.0,0.0020817,138.0,0.0020826,8.0,0.0020829,89.0
1753531650784,12:07:30.784,BOME/USDT:USDT,0.0020823,24.0,0.0020817,138.0,0.0020826,8.0,0.0020829,89.0
1753531650950,12:07:30.950,BOME/USDT:USDT,0.0020818,24.0,0.0020815,90.0,0.0020825,84.0,0.0020826,8.0
1753531651070,12:07:31.070,BOME/USDT:USDT,0.0020822,24.0,0.0020815,90.0,0.0020824,1.0,0.0020826,8.0
1753531651102,12:07:31.102,BOME/USDT:USDT,0.0020822,24.0,0.0020816,49.0,0.0020825,1.0,0.0020826,8.0
1753531651209,12:07:31.209,BOME/USDT:USDT,0.0020822,24.0,0.0020816,49.0,0.0020825,1.0,0.0020826,8.0
1753531651478,12:07:31.478,BOME/USDT:USDT,0.0020816,49.0,0.0020815,90.0,0.0020825,1.0,0.0020826,8.0
1753531651516,12:07:31.516,BOME/USDT:USDT,0.0020816,49.0,0.0020815,90.0,0.0020825,1.0,0.0020826,8.0
1753531651899,12:07:31.899,BOME/USDT:USDT,0.0020816,49.0,0.0020815,90.0,0.0020825,1.0,0.0020826,8.0
1753531652154,12:07:32.154,BOME/USDT:USDT,0.0020816,49.0,0.0020815,90.0,0.0020825,91.0,0.0020826,8.0
1753531652272,12:07:32.272,BOME/USDT:USDT,0.0020819,24.0,0.0020818,24.0,0.0020824,90.0,0.0020825,1.0
1753531652354,12:07:32.354,BOME/USDT:USDT,0.002082,24.0,0.0020814,49.0,0.0020823,1.0,0.0020824,90.0
1753531652459,12:07:32.459,BOME/USDT:USDT,0.002082,24.0,0.0020814,49.0,0.0020823,1.0,0.0020824,90.0
1753531652584,12:07:32.584,BOME/USDT:USDT,0.0020815,24.0,0.0020813,90.0,0.0020822,92.0,0.0020823,91.0
1753531652683,12:07:32.683,BOME/USDT:USDT,0.0020813,24.0,0.0020812,114.0,0.0020822,8.0,0.0020823,91.0
1753531652771,12:07:32.771,BOME/USDT:USDT,0.0020815,24.0,0.0020812,90.0,0.0020822,8.0,0.0020823,91.0
1753531652877,12:07:32.877,BOME/USDT:USDT,0.0020815,24.0,0.0020812,90.0,0.0020821,1.0,0.0020822,98.0
1753531652944,12:07:32.944,BOME/USDT:USDT,0.0020812,90.0,0.0020809,138.0,0.0020821,1.0,0.0020822,8.0
1753531653182,12:07:33.182,BOME/USDT:USDT,0.0020812,90.0,0.0020809,138.0,0.0020821,1.0,0.0020822,8.0
1753531653247,12:07:33.247,BOME/USDT:USDT,0.0020812,90.0,0.0020809,138.0,0.0020821,1.0,0.0020822,8.0
1753531653437,12:07:33.437,BOME/USDT:USDT,0.0020812,90.0,0.0020809,138.0,0.0020821,1.0,0.0020822,8.0
1753531653641,12:07:33.641,BOME/USDT:USDT,0.0020812,90.0,0.0020809,138.0,0.0020821,1.0,0.0020822,8.0
1753531653874,12:07:33.874,BOME/USDT:USDT,0.0020809,89.0,0.0020801,90.0,0.0020821,91.0,0.0020822,8.0
1753531653971,12:07:33.971,BOME/USDT:USDT,0.0020809,114.0,0.0020808,24.0,0.002082,90.0,0.0020821,1.0
1753531654070,12:07:34.070,BOME/USDT:USDT,0.0020813,24.0,0.002081,90.0,0.0020819,1.0,0.0020824,90.0
1753531654124,12:07:34.124,BOME/USDT:USDT,0.0020814,24.0,0.002081,90.0,0.0020822,90.0,0.0020823,1.0
1753531654270,12:07:34.270,BOME/USDT:USDT,0.0020802,24.0,0.0020801,90.0,0.002082,90.0,0.0020821,8.0
1753531654372,12:07:34.372,BOME/USDT:USDT,0.002081,24.0,0.0020809,114.0,0.0020819,1.0,0.002082,90.0
1753531654481,12:07:34.481,BOME/USDT:USDT,0.0020813,24.0,0.0020809,90.0,0.0020819,8.0,0.002082,90.0
1753531654542,12:07:34.542,BOME/USDT:USDT,0.0020813,24.0,0.0020809,90.0,0.0020819,8.0,0.002082,90.0
1753531654899,12:07:34.899,BOME/USDT:USDT,0.0020813,24.0,0.0020809,90.0,0.0020819,8.0,0.002082,90.0
1753531655153,12:07:35.153,BOME/USDT:USDT,0.0020813,24.0,0.0020809,90.0,0.0020819,8.0,0.002082,90.0
1753531655249,12:07:35.249,BOME/USDT:USDT,0.0020813,24.0,0.0020809,90.0,0.0020819,98.0,0.0020822,90.0
1753531655469,12:07:35.469,BOME/USDT:USDT,0.0020813,24.0,0.0020809,90.0,0.0020818,167.0,0.0020819,98.0
1753531655551,12:07:35.551,BOME/USDT:USDT,0.0020801,90.0,0.0020797,97.0,0.0020816,90.0,0.0020817,1.0
1753531655668,12:07:35.668,BOME/USDT:USDT,0.0020801,90.0,0.0020797,97.0,0.0020815,91.0,0.0020818,167.0
1753531655775,12:07:35.775,BOME/USDT:USDT,0.0020801,90.0,0.0020797,97.0,0.0020814,90.0,0.0020815,1.0
1753531655795,12:07:35.795,BOME/USDT:USDT,0.0020801,90.0,0.0020797,97.0,0.0020813,1.0,0.0020819,97.0
1753531655974,12:07:35.974,BOME/USDT:USDT,0.0020806,24.0,0.0020805,114.0,0.0020815,90.0,0.0020816,9.0
1753531656058,12:07:36.058,BOME/USDT:USDT,0.0020809,24.0,0.0020805,90.0,0.0020814,1.0,0.0020815,90.0
1753531656177,12:07:36.177,BOME/USDT:USDT,0.0020803,49.0,0.0020801,90.0,0.0020813,90.0,0.0020814,1.0
1753531656266,12:07:36.266,BOME/USDT:USDT,0.0020801,90.0,0.0020797,97.0,0.0020812,1.0,0.0020813,90.0
1753531656384,12:07:36.384,BOME/USDT:USDT,0.0020804,24.0,0.0020803,114.0,0.0020812,1.0,0.0020813,90.0
1753531656450,12:07:36.450,BOME/USDT:USDT,0.0020807,24.0,0.0020803,90.0,0.0020812,1.0,0.0020815,90.0
1753531656574,12:07:36.574,BOME/USDT:USDT,0.0020799,139.0,0.0020797,97.0,0.0020813,90.0,0.0020814,1.0
1753531656675,12:07:36.675,BOME/USDT:USDT,0.0020792,24.0,0.0020791,90.0,0.0020807,90.0,0.0020808,174.0
1753531656772,12:07:36.772,BOME/USDT:USDT,0.0020798,8.0,0.0020792,114.0,0.0020807,90.0,0.0020808,175.0
1753531656850,12:07:36.850,BOME/USDT:USDT,0.0020798,8.0,0.0020792,114.0,0.0020807,90.0,0.0020808,1.0
1753531656985,12:07:36.985,BOME/USDT:USDT,0.0020799,24.0,0.0020798,8.0,0.0020813,90.0,0.0020822,91.0
1753531657075,12:07:37.075,BOME/USDT:USDT,0.0020799,24.0,0.0020798,8.0,0.0020811,90.0,0.0020813,95.0
1753531657138,12:07:37.138,BOME/USDT:USDT,0.0020799,24.0,0.0020798,8.0,0.0020811,90.0,0.0020813,95.0
1753531657269,12:07:37.269,BOME/USDT:USDT,0.0020799,24.0,0.0020798,8.0,0.0020811,90.0,0.0020812,50.0
1753531657478,12:07:37.478,BOME/USDT:USDT,0.0020799,24.0,0.0020798,8.0,0.0020811,90.0,0.0020813,95.0
1753531657597,12:07:37.597,BOME/USDT:USDT,0.0020798,8.0,0.0020793,49.0,0.0020811,90.0,0.0020813,95.0
1753531657924,12:07:37.924,BOME/USDT:USDT,0.0020798,8.0,0.0020793,49.0,0.0020808,90.0,0.002081,50.0
1753531658153,12:07:38.153,BOME/USDT:USDT,0.0020798,8.0,0.0020793,49.0,0.0020808,90.0,0.002081,50.0
1753531658350,12:07:38.350,BOME/USDT:USDT,0.0020798,8.0,0.0020793,49.0,0.0020808,90.0,0.002081,50.0
1753531658465,12:07:38.465,BOME/USDT:USDT,0.0020799,24.0,0.0020798,8.0,0.0020805,90.0,0.0020806,5.0
1753531658538,12:07:38.538,BOME/USDT:USDT,0.0020799,24.0,0.0020798,8.0,0.0020805,90.0,0.0020806,5.0
1753531658685,12:07:38.685,BOME/USDT:USDT,0.0020799,24.0,0.0020798,8.0,0.0020805,90.0,0.0020806,5.0
1753531658742,12:07:38.742,BOME/USDT:USDT,0.0020799,24.0,0.0020798,8.0,0.0020805,90.0,0.0020806,5.0
1753531658945,12:07:38.945,BOME/USDT:USDT,0.0020798,8.0,0.0020793,139.0,0.0020805,90.0,0.0020806,5.0
1753531659034,12:07:39.034,BOME/USDT:USDT,0.0020798,8.0,0.0020793,139.0,0.0020804,134.0,0.0020805,90.0
1753531659164,12:07:39.164,BOME/USDT:USDT,0.0020798,8.0,0.0020793,139.0,0.0020804,134.0,0.0020805,90.0
1753531659479,12:07:39.479,BOME/USDT:USDT,0.0020798,8.0,0.0020788,90.0,0.0020803,90.0,0.0020804,134.0
1753531659573,12:07:39.573,BOME/USDT:USDT,0.0020798,8.0,0.002079,49.0,0.0020803,90.0,0.0020804,134.0
1753531659674,12:07:39.674,BOME/USDT:USDT,0.0020798,8.0,0.0020791,49.0,0.0020805,90.0,0.0020806,5.0
1753531659769,12:07:39.769,BOME/USDT:USDT,0.0020798,8.0,0.0020792,139.0,0.0020805,90.0,0.0020806,5.0
1753531660032,12:07:40.032,BOME/USDT:USDT,0.0020798,8.0,0.0020792,139.0,0.0020805,90.0,0.0020806,5.0
1753531660469,12:07:40.469,BOME/USDT:USDT,0.0020798,8.0,0.0020792,49.0,0.0020803,92.0,0.0020804,134.0
1753531660495,12:07:40.495,BOME/USDT:USDT,0.0020798,8.0,0.0020792,49.0,0.0020803,92.0,0.0020804,134.0
1753531660840,12:07:40.840,BOME/USDT:USDT,0.0020798,8.0,0.0020792,49.0,0.0020803,92.0,0.0020804,134.0
1753531660919,12:07:40.919,BOME/USDT:USDT,0.0020798,8.0,0.0020792,49.0,0.0020802,134.0,0.0020803,92.0
1753531661159,12:07:41.159,BOME/USDT:USDT,0.0020798,8.0,0.0020792,49.0,0.0020805,90.0,0.0020806,5.0
1753531661275,12:07:41.275,BOME/USDT:USDT,0.0020798,8.0,0.0020792,49.0,0.0020805,90.0,0.0020806,5.0
1753531661382,12:07:41.382,BOME/USDT:USDT,0.0020798,8.0,0.0020792,49.0,0.0020802,92.0,0.0020803,296.0
1753531661449,12:07:41.449,BOME/USDT:USDT,0.0020798,8.0,0.0020792,49.0,0.0020802,100.0,0.0020803,1.0
1753531661495,12:07:41.495,BOME/USDT:USDT,0.0020798,8.0,0.0020792,49.0,0.0020802,100.0,0.0020805,90.0
1753531661718,12:07:41.718,BOME/USDT:USDT,0.0020798,8.0,0.0020792,49.0,0.0020802,100.0,0.0020805,90.0
1753531662034,12:07:42.034,BOME/USDT:USDT,0.0020798,8.0,0.0020792,49.0,0.0020801,92.0,0.0020802,100.0
1753531662184,12:07:42.184,BOME/USDT:USDT,0.0020798,8.0,0.0020792,49.0,0.0020801,92.0,0.0020802,8.0
1753531662399,12:07:42.399,BOME/USDT:USDT,0.0020798,8.0,0.0020792,49.0,0.0020802,8.0,0.0020805,90.0
1753531662546,12:07:42.546,BOME/USDT:USDT,0.0020798,8.0,0.0020792,49.0,0.0020802,8.0,0.0020805,90.0
1753531662656,12:07:42.656,BOME/USDT:USDT,0.0020798,8.0,0.0020792,49.0,0.0020802,8.0,0.0020805,90.0
1753531662870,12:07:42.870,BOME/USDT:USDT,0.0020798,8.0,0.0020792,49.0,0.0020802,8.0,0.0020805,90.0
1753531662893,12:07:42.893,BOME/USDT:USDT,0.0020798,8.0,0.0020792,49.0,0.0020802,8.0,0.0020805,90.0
1753531663056,12:07:43.056,BOME/USDT:USDT,0.0020798,8.0,0.0020792,49.0,0.0020802,100.0,0.0020805,90.0
1753531663366,12:07:43.366,BOME/USDT:USDT,0.0020798,8.0,0.0020792,49.0,0.0020802,8.0,0.0020805,90.0
1753531663430,12:07:43.430,BOME/USDT:USDT,0.0020798,8.0,0.0020792,49.0,0.00208,117.0,0.0020801,390.0
1753531663499,12:07:43.499,BOME/USDT:USDT,0.0020798,8.0,0.0020792,49.0,0.00208,117.0,0.0020801,390.0
1753531663783,12:07:43.783,BOME/USDT:USDT,0.0020798,8.0,0.0020792,49.0,0.00208,117.0,0.0020801,390.0
1753531663811,12:07:43.811,BOME/USDT:USDT,0.0020798,8.0,0.0020792,141.0,0.00208,117.0,0.0020801,390.0
1753531663930,12:07:43.930,BOME/USDT:USDT,0.0020798,8.0,0.0020792,141.0,0.0020802,8.0,0.0020805,90.0
1753531664081,12:07:44.081,BOME/USDT:USDT,0.0020798,8.0,0.0020792,141.0,0.0020802,8.0,0.0020805,90.0
1753531664156,12:07:44.156,BOME/USDT:USDT,0.0020798,8.0,0.0020792,141.0,0.0020802,8.0,0.0020805,90.0
1753531664201,12:07:44.201,BOME/USDT:USDT,0.0020798,8.0,0.0020792,141.0,0.0020802,8.0,0.0020805,90.0
1753531665028,12:07:45.028,BOME/USDT:USDT,0.0020798,8.0,0.0020792,92.0,0.0020802,8.0,0.0020805,90.0
1753531665185,12:07:45.185,BOME/USDT:USDT,0.0020798,8.0,0.0020792,141.0,0.0020802,8.0,0.0020805,90.0
1753531665658,12:07:45.658,BOME/USDT:USDT,0.0020798,8.0,0.0020792,141.0,0.0020802,8.0,0.0020805,90.0
1753531666280,12:07:46.280,BOME/USDT:USDT,0.0020799,24.0,0.0020798,100.0,0.0020808,92.0,0.0020809,1.0
1753531666382,12:07:46.382,BOME/USDT:USDT,0.0020799,24.0,0.0020798,100.0,0.0020813,92.0,0.0020818,175.0
1753531666468,12:07:46.468,BOME/USDT:USDT,0.0020799,116.0,0.0020798,8.0,0.0020811,92.0,0.0020813,92.0
1753531666639,12:07:46.639,BOME/USDT:USDT,0.0020799,116.0,0.0020798,8.0,0.0020811,92.0,0.0020813,92.0
1753531667083,12:07:47.083,BOME/USDT:USDT,0.00208,24.0,0.0020799,24.0,0.0020809,92.0,0.002081,16.0
1753531667171,12:07:47.171,BOME/USDT:USDT,0.0020802,24.0,0.0020798,8.0,0.0020809,92.0,0.002081,16.0
1753531667273,12:07:47.273,BOME/USDT:USDT,0.0020802,24.0,0.0020798,8.0,0.0020809,92.0,0.002081,16.0
1753531667290,12:07:47.290,BOME/USDT:USDT,0.0020802,24.0,0.0020798,8.0,0.0020809,92.0,0.002081,16.0
1753531667486,12:07:47.486,BOME/USDT:USDT,0.0020802,24.0,0.0020798,8.0,0.0020809,92.0,0.002081,16.0
1753531667553,12:07:47.553,BOME/USDT:USDT,0.0020802,24.0,0.0020799,92.0,0.0020811,92.0,0.0020813,92.0
1753531667678,12:07:47.678,BOME/USDT:USDT,0.0020802,24.0,0.0020798,8.0,0.0020811,92.0,0.0020813,92.0
1753531667950,12:07:47.950,BOME/USDT:USDT,0.0020802,24.0,0.0020798,8.0,0.0020809,92.0,0.002081,50.0
1753531668336,12:07:48.336,BOME/USDT:USDT,0.0020802,24.0,0.0020798,8.0,0.0020809,92.0,0.002081,50.0
1753531668472,12:07:48.472,BOME/USDT:USDT,0.0020802,24.0,0.0020798,8.0,0.0020809,92.0,0.0020813,92.0
1753531668509,12:07:48.509,BOME/USDT:USDT,0.0020802,24.0,0.0020799,92.0,0.0020809,92.0,0.0020813,92.0
1753531668673,12:07:48.673,BOME/USDT:USDT,0.0020802,24.0,0.0020799,92.0,0.0020809,92.0,0.0020813,92.0
1753531668754,12:07:48.754,BOME/USDT:USDT,0.0020802,24.0,0.0020799,92.0,0.0020809,92.0,0.0020813,92.0
1753531668971,12:07:48.971,BOME/USDT:USDT,0.0020803,24.0,0.0020802,24.0,0.0020812,92.0,0.0020813,92.0
1753531669070,12:07:49.070,BOME/USDT:USDT,0.0020804,24.0,0.0020799,92.0,0.0020812,92.0,0.0020813,92.0
1753531669185,12:07:49.185,BOME/USDT:USDT,0.0020804,24.0,0.0020799,92.0,0.002081,92.0,0.0020811,142.0
1753531669254,12:07:49.254,BOME/USDT:USDT,0.0020804,24.0,0.0020799,92.0,0.002081,92.0,0.0020811,50.0
1753531669338,12:07:49.338,BOME/USDT:USDT,0.0020804,24.0,0.0020799,92.0,0.0020812,92.0,0.0020813,2.0
1753531669674,12:07:49.674,BOME/USDT:USDT,0.0020804,24.0,0.0020799,92.0,0.0020809,50.0,0.0020812,92.0
1753531669945,12:07:49.945,BOME/USDT:USDT,0.0020804,24.0,0.0020799,92.0,0.0020808,50.0,0.0020812,5.0
1753531670174,12:07:50.174,BOME/USDT:USDT,0.0020804,24.0,0.0020799,92.0,0.0020808,50.0,0.0020812,5.0
1753531670347,12:07:50.347,BOME/USDT:USDT,0.0020805,24.0,0.0020799,141.0,0.0020812,5.0,0.0020815,92.0
1753531670465,12:07:50.465,BOME/USDT:USDT,0.0020805,24.0,0.0020799,141.0,0.0020811,92.0,0.0020812,5.0
1753531670519,12:07:50.519,BOME/USDT:USDT,0.0020805,24.0,0.0020799,141.0,0.0020811,92.0,0.0020812,5.0
1753531670870,12:07:50.870,BOME/USDT:USDT,0.0020805,24.0,0.0020799,141.0,0.002081,100.0,0.0020811,92.0
1753531670934,12:07:50.934,BOME/USDT:USDT,0.0020805,24.0,0.0020799,141.0,0.002081,100.0,0.0020811,92.0
1753531671077,12:07:51.077,BOME/USDT:USDT,0.0020799,141.0,0.0020798,8.0,0.002081,92.0,0.0020812,5.0
1753531671109,12:07:51.109,BOME/USDT:USDT,0.0020799,141.0,0.0020798,8.0,0.002081,92.0,0.0020812,5.0
1753531671285,12:07:51.285,BOME/USDT:USDT,0.0020799,141.0,0.0020798,8.0,0.002081,92.0,0.0020812,5.0
1753531671354,12:07:51.354,BOME/USDT:USDT,0.0020799,141.0,0.0020798,8.0,0.002081,92.0,0.0020812,5.0
1753531671677,12:07:51.677,BOME/USDT:USDT,0.0020799,141.0,0.0020798,8.0,0.002081,92.0,0.0020812,5.0
1753531671783,12:07:51.783,BOME/USDT:USDT,0.0020799,141.0,0.0020798,8.0,0.002081,92.0,0.0020812,5.0
1753531672377,12:07:52.377,BOME/USDT:USDT,0.0020804,24.0,0.0020803,24.0,0.0020809,50.0,0.002081,92.0
1753531672415,12:07:52.415,BOME/USDT:USDT,0.0020804,24.0,0.0020799,92.0,0.0020809,50.0,0.002081,92.0
1753531672584,12:07:52.584,BOME/USDT:USDT,0.0020804,24.0,0.0020799,92.0,0.0020808,100.0,0.002081,92.0
1753531672619,12:07:52.619,BOME/USDT:USDT,0.0020804,24.0,0.0020799,92.0,0.0020808,100.0,0.002081,92.0
1753531672688,12:07:52.688,BOME/USDT:USDT,0.0020804,24.0,0.0020799,92.0,0.0020808,100.0,0.002081,92.0
1753531672790,12:07:52.790,BOME/USDT:USDT,0.0020804,24.0,0.0020799,92.0,0.0020808,100.0,0.002081,92.0
1753531672977,12:07:52.977,BOME/USDT:USDT,0.0020804,24.0,0.0020799,92.0,0.0020808,105.0,0.002081,92.0
1753531673017,12:07:53.017,BOME/USDT:USDT,0.0020804,24.0,0.0020799,92.0,0.0020808,5.0,0.002081,92.0
1753531673177,12:07:53.177,BOME/USDT:USDT,0.0020804,24.0,0.0020799,92.0,0.0020808,5.0,0.002081,92.0
1753531674387,12:07:54.387,BOME/USDT:USDT,0.0020799,92.0,0.0020798,57.0,0.0020808,5.0,0.002081,92.0
1753531674456,12:07:54.456,BOME/USDT:USDT,0.0020799,92.0,0.0020798,8.0,0.0020808,5.0,0.002081,92.0
1753531674677,12:07:54.677,BOME/USDT:USDT,0.0020799,92.0,0.0020798,8.0,0.0020808,5.0,0.002081,92.0
1753531675154,12:07:55.154,BOME/USDT:USDT,0.0020799,24.0,0.0020798,8.0,0.0020807,92.0,0.0020808,5.0
1753531675482,12:07:55.482,BOME/USDT:USDT,0.0020799,24.0,0.0020798,8.0,0.0020807,92.0,0.0020808,5.0
1753531675906,12:07:55.906,BOME/USDT:USDT,0.0020799,24.0,0.0020798,8.0,0.0020807,92.0,0.0020808,5.0
1753531676178,12:07:56.178,BOME/USDT:USDT,0.0020799,24.0,0.0020798,8.0,0.0020807,92.0,0.0020808,5.0
1753531676469,12:07:56.469,BOME/USDT:USDT,0.00208,24.0,0.0020798,8.0,0.0020808,5.0,0.002081,92.0
1753531676555,12:07:56.555,BOME/USDT:USDT,0.0020803,24.0,0.0020798,8.0,0.0020808,5.0,0.002081,92.0
1753531676643,12:07:56.643,BOME/USDT:USDT,0.0020804,24.0,0.0020798,57.0,0.0020808,5.0,0.002081,92.0
1753531676746,12:07:56.746,BOME/USDT:USDT,0.0020804,24.0,0.0020798,57.0,0.0020808,5.0,0.002081,92.0
1753531677037,12:07:57.037,BOME/USDT:USDT,0.0020804,24.0,0.0020798,57.0,0.0020808,5.0,0.002081,92.0
1753531677681,12:07:57.681,BOME/USDT:USDT,0.0020804,24.0,0.0020798,57.0,0.0020808,5.0,0.002081,92.0
1753531677962,12:07:57.962,BOME/USDT:USDT,0.0020804,24.0,0.0020798,57.0,0.0020808,5.0,0.002081,92.0
1753531678061,12:07:58.061,BOME/USDT:USDT,0.0020799,24.0,0.0020798,8.0,0.0020806,196.0,0.0020807,609.0
1753531678150,12:07:58.150,BOME/USDT:USDT,0.0020799,24.0,0.0020798,8.0,0.0020806,197.0,0.0020807,609.0
1753531678229,12:07:58.229,BOME/USDT:USDT,0.0020799,24.0,0.0020798,8.0,0.0020806,14.0,0.002081,92.0
1753531678384,12:07:58.384,BOME/USDT:USDT,0.0020799,24.0,0.0020798,8.0,0.0020806,13.0,0.002081,92.0
1753531679184,12:07:59.184,BOME/USDT:USDT,0.0020799,24.0,0.0020798,8.0,0.0020806,13.0,0.002081,92.0
1753531679213,12:07:59.213,BOME/USDT:USDT,0.0020799,24.0,0.0020798,8.0,0.0020806,13.0,0.002081,92.0
1753531679539,12:07:59.539,BOME/USDT:USDT,0.0020799,116.0,0.0020798,8.0,0.0020806,13.0,0.002081,92.0
1753531680075,12:08:00.075,BOME/USDT:USDT,0.0020799,116.0,0.0020798,8.0,0.0020806,13.0,0.002081,92.0
1753531680109,12:08:00.109,BOME/USDT:USDT,0.0020799,116.0,0.0020798,8.0,0.0020806,13.0,0.002081,92.0
1753531680209,12:08:00.209,BOME/USDT:USDT,0.0020799,116.0,0.0020798,8.0,0.0020806,13.0,0.002081,92.0
1753531680445,12:08:00.445,BOME/USDT:USDT,0.0020799,116.0,0.0020798,8.0,0.0020806,13.0,0.002081,92.0
1753531680684,12:08:00.684,BOME/USDT:USDT,0.0020799,116.0,0.0020798,8.0,0.0020806,13.0,0.002081,92.0
1753531680695,12:08:00.695,BOME/USDT:USDT,0.0020799,116.0,0.0020798,8.0,0.0020806,13.0,0.002081,92.0
1753531680982,12:08:00.982,BOME/USDT:USDT,0.0020804,38.0,0.0020799,116.0,0.0020805,306.0,0.0020806,13.0
1753531681019,12:08:01.019,BOME/USDT:USDT,0.0020804,38.0,0.0020799,116.0,0.0020805,306.0,0.002081,92.0
1753531681270,12:08:01.270,BOME/USDT:USDT,0.0020804,38.0,0.0020799,116.0,0.0020805,306.0,0.002081,92.0
1753531681700,12:08:01.700,BOME/USDT:USDT,0.0020804,38.0,0.0020799,116.0,0.0020805,306.0,0.002081,92.0
1753531681847,12:08:01.847,BOME/USDT:USDT,0.0020804,38.0,0.0020799,116.0,0.0020805,509.0,0.002081,92.0
1753531682089,12:08:02.089,BOME/USDT:USDT,0.0020804,38.0,0.0020799,116.0,0.0020805,509.0,0.002081,92.0
1753531682193,12:08:02.193,BOME/USDT:USDT,0.0020804,38.0,0.0020799,116.0,0.0020805,509.0,0.002081,92.0
1753531682369,12:08:02.369,BOME/USDT:USDT,0.0020804,38.0,0.0020799,116.0,0.0020805,509.0,0.002081,92.0
1753531682570,12:08:02.570,BOME/USDT:USDT,0.0020804,38.0,0.0020799,116.0,0.0020805,509.0,0.002081,92.0
1753531682642,12:08:02.642,BOME/USDT:USDT,0.0020804,38.0,0.0020799,116.0,0.0020805,509.0,0.002081,92.0
1753531682847,12:08:02.847,BOME/USDT:USDT,0.0020804,38.0,0.0020799,116.0,0.002081,92.0,0.0020813,115.0
1753531682972,12:08:02.972,BOME/USDT:USDT,0.0020804,38.0,0.0020799,116.0,0.002081,107.0,0.0020813,115.0
1753531683031,12:08:03.031,BOME/USDT:USDT,0.0020804,38.0,0.0020799,116.0,0.002081,15.0,0.0020812,87.0
1753531683178,12:08:03.178,BOME/USDT:USDT,0.0020804,38.0,0.0020799,116.0,0.002081,15.0,0.0020812,87.0
1753531683209,12:08:03.209,BOME/USDT:USDT,0.0020804,38.0,0.0020799,116.0,0.002081,15.0,0.0020812,87.0
1753531683752,12:08:03.752,BOME/USDT:USDT,0.0020804,38.0,0.0020799,116.0,0.002081,15.0,0.0020812,87.0
1753531683793,12:08:03.793,BOME/USDT:USDT,0.0020804,38.0,0.0020799,116.0,0.0020809,153.0,0.002081,15.0
1753531683890,12:08:03.890,BOME/USDT:USDT,0.0020804,38.0,0.0020799,116.0,0.0020809,153.0,0.002081,15.0
1753531684157,12:08:04.157,BOME/USDT:USDT,0.0020804,38.0,0.0020799,116.0,0.0020809,153.0,0.002081,15.0
1753531685198,12:08:05.198,BOME/USDT:USDT,0.0020804,38.0,0.0020799,116.0,0.0020809,153.0,0.002081,15.0
1753531685383,12:08:05.383,BOME/USDT:USDT,0.0020804,38.0,0.0020799,116.0,0.0020809,153.0,0.002081,15.0
1753531685449,12:08:05.449,BOME/USDT:USDT,0.0020804,38.0,0.0020799,92.0,0.0020809,153.0,0.002081,15.0
1753531685495,12:08:05.495,BOME/USDT:USDT,0.0020804,38.0,0.0020799,92.0,0.0020809,153.0,0.002081,15.0
1753531685848,12:08:05.848,BOME/USDT:USDT,0.0020804,38.0,0.0020799,92.0,0.002081,15.0,0.0020812,87.0
1753531686049,12:08:06.049,BOME/USDT:USDT,0.0020804,38.0,0.0020799,92.0,0.002081,15.0,0.0020812,87.0
1753531686089,12:08:06.089,BOME/USDT:USDT,0.0020804,38.0,0.0020799,92.0,0.002081,15.0,0.0020812,87.0
1753531686199,12:08:06.199,BOME/USDT:USDT,0.0020804,38.0,0.0020799,92.0,0.002081,15.0,0.0020812,87.0
1753531686331,12:08:06.331,BOME/USDT:USDT,0.0020804,38.0,0.0020799,92.0,0.0020809,153.0,0.002081,15.0
1753531686615,12:08:06.615,BOME/USDT:USDT,0.0020804,38.0,0.0020799,92.0,0.0020809,153.0,0.002081,15.0
1753531686697,12:08:06.697,BOME/USDT:USDT,0.0020804,38.0,0.0020799,92.0,0.0020809,153.0,0.002081,15.0
1753531687064,12:08:07.064,BOME/USDT:USDT,0.0020805,24.0,0.0020804,38.0,0.002081,15.0,0.0020812,87.0
1753531687169,12:08:07.169,BOME/USDT:USDT,0.0020805,24.0,0.0020804,38.0,0.002081,15.0,0.0020812,87.0
1753531687435,12:08:07.435,BOME/USDT:USDT,0.0020805,24.0,0.0020804,38.0,0.002081,15.0,0.0020812,87.0
1753531687770,12:08:07.770,BOME/USDT:USDT,0.0020805,24.0,0.0020804,38.0,0.002081,15.0,0.0020812,87.0
1753531687849,12:08:07.849,BOME/USDT:USDT,0.0020805,24.0,0.0020804,38.0,0.002081,15.0,0.0020812,87.0
1753531687922,12:08:07.922,BOME/USDT:USDT,0.0020805,24.0,0.0020804,38.0,0.002081,15.0,0.0020812,87.0
1753531688275,12:08:08.275,BOME/USDT:USDT,0.0020805,24.0,0.0020804,38.0,0.002081,15.0,0.0020813,115.0
1753531689129,12:08:09.129,BOME/USDT:USDT,0.0020805,24.0,0.0020804,38.0,0.002081,15.0,0.0020813,115.0
1753531689472,12:08:09.472,BOME/USDT:USDT,0.0020805,24.0,0.0020804,38.0,0.002081,15.0,0.0020813,115.0
1753531689560,12:08:09.560,BOME/USDT:USDT,0.0020805,24.0,0.0020804,38.0,0.002081,15.0,0.0020813,115.0
1753531689672,12:08:09.672,BOME/USDT:USDT,0.0020812,24.0,0.0020805,111.0,0.0020813,1.0,0.0020818,92.0
1753531689775,12:08:09.775,BOME/USDT:USDT,0.0020812,24.0,0.0020806,48.0,0.0020813,5.0,0.0020818,92.0
1753531689898,12:08:09.898,BOME/USDT:USDT,0.0020812,24.0,0.0020806,48.0,0.0020813,5.0,0.0020818,92.0
1753531690384,12:08:10.384,BOME/USDT:USDT,0.0020806,48.0,0.0020804,38.0,0.0020813,5.0,0.0020818,92.0
1753531690448,12:08:10.448,BOME/USDT:USDT,0.0020806,48.0,0.0020804,38.0,0.0020813,5.0,0.0020818,92.0
1753531690652,12:08:10.652,BOME/USDT:USDT,0.0020806,48.0,0.0020804,38.0,0.0020813,5.0,0.0020818,92.0
1753531690762,12:08:10.762,BOME/USDT:USDT,0.0020806,48.0,0.0020804,38.0,0.0020813,5.0,0.0020818,92.0
1753531690901,12:08:10.901,BOME/USDT:USDT,0.0020806,48.0,0.0020804,38.0,0.0020813,5.0,0.0020818,92.0
1753531691270,12:08:11.270,BOME/USDT:USDT,0.0020807,24.0,0.0020806,48.0,0.0020813,5.0,0.0020818,92.0
1753531691325,12:08:11.325,BOME/USDT:USDT,0.0020808,24.0,0.0020804,38.0,0.0020812,50.0,0.0020813,5.0
1753531691552,12:08:11.552,BOME/USDT:USDT,0.0020808,24.0,0.0020804,38.0,0.0020812,50.0,0.0020813,5.0
1753531691649,12:08:11.649,BOME/USDT:USDT,0.0020808,24.0,0.0020804,38.0,0.0020812,50.0,0.0020813,5.0
1753531691962,12:08:11.962,BOME/USDT:USDT,0.0020808,24.0,0.0020804,38.0,0.0020812,50.0,0.0020813,5.0
1753531692030,12:08:12.030,BOME/USDT:USDT,0.0020808,24.0,0.0020804,38.0,0.0020813,5.0,0.0020818,92.0
1753531692169,12:08:12.169,BOME/USDT:USDT,0.0020804,38.0,0.0020796,92.0,0.0020811,91.0,0.0020812,50.0
1753531692252,12:08:12.252,BOME/USDT:USDT,0.0020804,38.0,0.0020801,91.0,0.0020811,91.0,0.0020813,5.0
1753531692380,12:08:12.380,BOME/USDT:USDT,0.0020804,38.0,0.0020801,91.0,0.0020811,91.0,0.0020813,5.0
1753531692442,12:08:12.442,BOME/USDT:USDT,0.0020804,38.0,0.0020801,91.0,0.0020813,5.0,0.0020818,93.0
1753531692493,12:08:12.493,BOME/USDT:USDT,0.0020804,38.0,0.0020801,91.0,0.0020813,5.0,0.0020818,92.0
1753531692657,12:08:12.657,BOME/USDT:USDT,0.0020804,38.0,0.0020801,91.0,0.0020813,96.0,0.0020818,92.0
1753531692740,12:08:12.740,BOME/USDT:USDT,0.0020812,24.0,0.0020806,49.0,0.0020813,5.0,0.0020818,92.0
1753531692813,12:08:12.813,BOME/USDT:USDT,0.0020812,24.0,0.0020806,49.0,0.0020813,5.0,0.0020818,92.0
1753531692930,12:08:12.930,BOME/USDT:USDT,0.0020812,24.0,0.0020806,49.0,0.0020813,55.0,0.0020818,92.0
1753531693349,12:08:13.349,BOME/USDT:USDT,0.0020806,49.0,0.0020804,129.0,0.0020813,105.0,0.0020818,92.0
1753531693426,12:08:13.426,BOME/USDT:USDT,0.0020806,49.0,0.0020804,129.0,0.0020813,105.0,0.0020818,92.0
1753531693570,12:08:13.570,BOME/USDT:USDT,0.002081,24.0,0.0020809,24.0,0.0020813,5.0,0.0020818,92.0
1753531693677,12:08:13.677,BOME/USDT:USDT,0.0020812,24.0,0.0020806,48.0,0.0020813,5.0,0.0020818,92.0
1753531693749,12:08:13.749,BOME/USDT:USDT,0.0020812,24.0,0.0020806,48.0,0.0020813,5.0,0.0020818,92.0
1753531693870,12:08:13.870,BOME/USDT:USDT,0.0020804,38.0,0.00208,48.0,0.002081,91.0,0.0020812,115.0
1753531693938,12:08:13.938,BOME/USDT:USDT,0.0020804,38.0,0.00208,48.0,0.002081,91.0,0.0020812,115.0
1753531694070,12:08:14.070,BOME/USDT:USDT,0.0020805,24.0,0.0020804,38.0,0.0020812,115.0,0.0020818,92.0
1753531694167,12:08:14.167,BOME/USDT:USDT,0.0020807,24.0,0.0020804,38.0,0.0020812,115.0,0.0020818,92.0
1753531694253,12:08:14.253,BOME/USDT:USDT,0.0020807,24.0,0.0020804,38.0,0.0020812,115.0,0.0020818,92.0
1753531694327,12:08:14.327,BOME/USDT:USDT,0.0020807,24.0,0.0020804,38.0,0.0020811,146.0,0.0020812,115.0
1753531694443,12:08:14.443,BOME/USDT:USDT,0.0020807,24.0,0.0020804,38.0,0.0020811,146.0,0.0020812,24.0
1753531694503,12:08:14.503,BOME/USDT:USDT,0.0020807,24.0,0.0020804,38.0,0.0020811,96.0,0.0020812,24.0
1753531694670,12:08:14.670,BOME/USDT:USDT,0.0020806,24.0,0.0020804,38.0,0.002081,50.0,0.0020811,96.0
1753531694710,12:08:14.710,BOME/USDT:USDT,0.0020806,24.0,0.0020804,38.0,0.002081,50.0,0.0020811,96.0
1753531694867,12:08:14.867,BOME/USDT:USDT,0.0020804,38.0,0.0020801,49.0,0.002081,50.0,0.0020811,96.0
1753531694983,12:08:14.983,BOME/USDT:USDT,0.0020804,38.0,0.0020801,49.0,0.002081,50.0,0.0020811,96.0
1753531695169,12:08:15.169,BOME/USDT:USDT,0.0020805,24.0,0.0020804,38.0,0.0020811,96.0,0.0020816,175.0
1753531695239,12:08:15.239,BOME/USDT:USDT,0.0020807,24.0,0.0020804,38.0,0.0020811,5.0,0.0020814,91.0
1753531695417,12:08:15.417,BOME/USDT:USDT,0.0020807,24.0,0.0020804,38.0,0.0020811,5.0,0.0020814,91.0
1753531695558,12:08:15.558,BOME/USDT:USDT,0.0020807,24.0,0.0020804,38.0,0.0020811,5.0,0.0020814,91.0
1753531695720,12:08:15.720,BOME/USDT:USDT,0.0020807,24.0,0.0020804,38.0,0.0020811,5.0,0.0020814,91.0
1753531695835,12:08:15.835,BOME/USDT:USDT,0.0020807,24.0,0.0020804,38.0,0.0020811,5.0,0.0020814,91.0
1753531695931,12:08:15.931,BOME/USDT:USDT,0.0020804,38.0,0.0020801,49.0,0.002081,91.0,0.0020811,5.0
1753531696258,12:08:16.258,BOME/USDT:USDT,0.0020804,38.0,0.0020801,49.0,0.002081,91.0,0.0020811,5.0
1753531696296,12:08:16.296,BOME/USDT:USDT,0.0020804,38.0,0.0020801,49.0,0.002081,91.0,0.0020811,5.0
1753531696457,12:08:16.457,BOME/USDT:USDT,0.0020804,38.0,0.0020801,49.0,0.002081,91.0,0.0020811,5.0
1753531696753,12:08:16.753,BOME/USDT:USDT,0.0020805,24.0,0.0020804,38.0,0.0020809,220.0,0.002081,91.0
1753531696823,12:08:16.823,BOME/USDT:USDT,0.0020805,24.0,0.0020804,38.0,0.002081,91.0,0.0020811,5.0
1753531697075,12:08:17.075,BOME/USDT:USDT,0.0020804,38.0,0.0020798,91.0,0.002081,91.0,0.0020811,5.0
1753531697176,12:08:17.176,BOME/USDT:USDT,0.0020804,38.0,0.0020798,140.0,0.002081,91.0,0.0020811,5.0
1753531697230,12:08:17.230,BOME/USDT:USDT,0.0020804,38.0,0.0020798,140.0,0.0020809,307.0,0.002081,91.0
1753531697315,12:08:17.315,BOME/USDT:USDT,0.0020804,38.0,0.0020798,140.0,0.0020808,307.0,0.002081,91.0
1753531697558,12:08:17.558,BOME/USDT:USDT,0.0020804,38.0,0.0020798,140.0,0.0020807,307.0,0.0020808,12.0
1753531697637,12:08:17.637,BOME/USDT:USDT,0.0020804,38.0,0.0020798,140.0,0.0020807,307.0,0.0020808,12.0
1753531697701,12:08:17.701,BOME/USDT:USDT,0.0020804,38.0,0.0020798,140.0,0.0020808,12.0,0.002081,91.0
1753531697793,12:08:17.793,BOME/USDT:USDT,0.0020804,38.0,0.0020798,140.0,0.0020808,12.0,0.002081,91.0
1753531697915,12:08:17.915,BOME/USDT:USDT,0.0020804,38.0,0.0020798,140.0,0.0020808,12.0,0.002081,91.0
1753531697998,12:08:17.998,BOME/USDT:USDT,0.0020804,38.0,0.0020798,140.0,0.002081,91.0,0.0020812,115.0
1753531698340,12:08:18.340,BOME/USDT:USDT,0.0020804,38.0,0.0020798,140.0,0.002081,91.0,0.0020812,115.0
1753531698729,12:08:18.729,BOME/USDT:USDT,0.0020804,38.0,0.0020798,140.0,0.002081,91.0,0.0020812,115.0
1753531698962,12:08:18.962,BOME/USDT:USDT,0.0020804,38.0,0.0020798,140.0,0.0020809,100.0,0.002081,91.0
1753531699085,12:08:19.085,BOME/USDT:USDT,0.0020804,38.0,0.0020798,140.0,0.0020809,55.0,0.002081,91.0
1753531699167,12:08:19.167,BOME/USDT:USDT,0.0020804,38.0,0.0020798,140.0,0.0020809,96.0,0.0020812,115.0
1753531699265,12:08:19.265,BOME/USDT:USDT,0.0020804,38.0,0.0020798,140.0,0.0020809,96.0,0.0020812,115.0
1753531699483,12:08:19.483,BOME/USDT:USDT,0.0020804,38.0,0.0020795,91.0,0.0020807,91.0,0.0020808,100.0
1753531699571,12:08:19.571,BOME/USDT:USDT,0.0020804,38.0,0.0020795,91.0,0.0020807,91.0,0.0020808,100.0
1753531699664,12:08:19.664,BOME/USDT:USDT,0.0020795,91.0,0.0020788,50.0,0.0020807,91.0,0.0020808,100.0
1753531699757,12:08:19.757,BOME/USDT:USDT,0.0020798,24.0,0.0020795,91.0,0.0020806,92.0,0.0020808,100.0
1753531699886,12:08:19.886,BOME/USDT:USDT,0.0020798,24.0,0.0020788,50.0,0.0020805,91.0,0.0020806,1.0
1753531699979,12:08:19.979,BOME/USDT:USDT,0.0020799,24.0,0.0020793,49.0,0.0020804,1.0,0.0020805,91.0
1753531700032,12:08:20.032,BOME/USDT:USDT,0.0020799,24.0,0.0020793,49.0,0.0020804,1.0,0.0020805,91.0
1753531700230,12:08:20.230,BOME/USDT:USDT,0.0020799,24.0,0.0020793,49.0,0.0020804,1.0,0.0020805,91.0
1753531700330,12:08:20.330,BOME/USDT:USDT,0.0020799,24.0,0.0020793,49.0,0.0020802,125.0,0.0020803,415.0
1753531700461,12:08:20.461,BOME/USDT:USDT,0.0020799,24.0,0.0020793,49.0,0.0020802,125.0,0.0020803,415.0
1753531700659,12:08:20.659,BOME/USDT:USDT,0.00208,24.0,0.0020794,49.0,0.0020803,415.0,0.0020805,91.0
1753531700712,12:08:20.712,BOME/USDT:USDT,0.00208,24.0,0.0020794,49.0,0.0020803,415.0,0.0020805,91.0
1753531700880,12:08:20.880,BOME/USDT:USDT,0.00208,24.0,0.0020794,49.0,0.0020802,125.0,0.0020803,415.0
1753531700983,12:08:20.983,BOME/USDT:USDT,0.00208,24.0,0.0020794,49.0,0.0020805,91.0,0.0020811,50.0
1753531701069,12:08:21.069,BOME/USDT:USDT,0.0020794,49.0,0.0020788,99.0,0.0020803,88.0,0.0020804,1.0
1753531701105,12:08:21.105,BOME/USDT:USDT,0.0020794,49.0,0.0020791,88.0,0.0020802,89.0,0.0020805,91.0
1753531701259,12:08:21.259,BOME/USDT:USDT,0.0020794,49.0,0.0020791,88.0,0.0020802,89.0,0.0020803,151.0
1753531701305,12:08:21.305,BOME/USDT:USDT,0.0020794,49.0,0.0020791,88.0,0.0020802,89.0,0.0020803,151.0
1753531701477,12:08:21.477,BOME/USDT:USDT,0.0020796,24.0,0.0020795,112.0,0.0020802,1.0,0.0020808,88.0
1753531701583,12:08:21.583,BOME/USDT:USDT,0.0020797,24.0,0.0020796,112.0,0.0020806,102.0,0.0020807,89.0
1753531701680,12:08:21.680,BOME/USDT:USDT,0.0020791,88.0,0.0020788,50.0,0.0020803,151.0,0.0020804,102.0
1753531701738,12:08:21.738,BOME/USDT:USDT,0.0020791,88.0,0.0020788,50.0,0.0020802,1.0,0.0020803,151.0
1753531701838,12:08:21.838,BOME/USDT:USDT,0.0020791,88.0,0.0020788,50.0,0.0020802,1.0,0.0020807,88.0
1753531701969,12:08:21.969,BOME/USDT:USDT,0.0020791,88.0,0.0020788,50.0,0.0020804,88.0,0.0020806,89.0
1753531702030,12:08:22.030,BOME/USDT:USDT,0.0020792,24.0,0.0020791,88.0,0.0020802,88.0,0.0020803,1.0
1753531702175,12:08:22.175,BOME/USDT:USDT,0.0020793,24.0,0.0020791,88.0,0.0020801,89.0,0.0020802,88.0
1753531702255,12:08:22.255,BOME/USDT:USDT,0.0020793,24.0,0.0020791,88.0,0.0020801,89.0,0.0020806,88.0
1753531702385,12:08:22.385,BOME/USDT:USDT,0.0020793,24.0,0.0020791,88.0,0.0020801,89.0,0.0020806,88.0
1753531702478,12:08:22.478,BOME/USDT:USDT,0.0020793,24.0,0.002079,88.0,0.00208,93.0,0.0020801,1.0
1753531702574,12:08:22.574,BOME/USDT:USDT,0.0020798,24.0,0.002079,88.0,0.0020799,1.0,0.00208,5.0
1753531702655,12:08:22.655,BOME/USDT:USDT,0.0020798,24.0,0.0020792,49.0,0.0020799,100.0,0.00208,5.0
1753531702698,12:08:22.698,BOME/USDT:USDT,0.0020798,24.0,0.0020792,49.0,0.0020799,100.0,0.00208,5.0
1753531702798,12:08:22.798,BOME/USDT:USDT,0.0020792,49.0,0.002079,88.0,0.0020799,100.0,0.00208,5.0
1753531702956,12:08:22.956,BOME/USDT:USDT,0.0020797,24.0,0.0020793,24.0,0.0020798,1.0,0.00208,5.0
1753531703009,12:08:23.009,BOME/USDT:USDT,0.0020797,24.0,0.0020793,24.0,0.00208,5.0,0.0020805,1.0
1753531703232,12:08:23.232,BOME/USDT:USDT,0.0020797,24.0,0.0020793,24.0,0.00208,5.0,0.0020805,1.0
1753531703480,12:08:23.480,BOME/USDT:USDT,0.0020797,24.0,0.0020793,24.0,0.00208,5.0,0.0020805,1.0
1753531703613,12:08:23.613,BOME/USDT:USDT,0.0020797,24.0,0.0020793,24.0,0.00208,5.0,0.0020805,1.0
1753531703936,12:08:23.936,BOME/USDT:USDT,0.0020797,24.0,0.0020793,24.0,0.0020799,50.0,0.00208,5.0
1753531704076,12:08:24.076,BOME/USDT:USDT,0.0020793,24.0,0.0020792,24.0,0.00208,5.0,0.0020806,88.0
1753531704177,12:08:24.177,BOME/USDT:USDT,0.0020788,88.0,0.0020784,88.0,0.00208,149.0,0.0020803,297.0
1753531704285,12:08:24.285,BOME/USDT:USDT,0.0020789,112.0,0.0020784,88.0,0.0020799,1.0,0.00208,149.0
1753531704363,12:08:24.363,BOME/USDT:USDT,0.0020789,112.0,0.0020784,88.0,0.0020799,1.0,0.00208,149.0
1753531704420,12:08:24.420,BOME/USDT:USDT,0.0020789,112.0,0.0020784,88.0,0.0020799,1.0,0.00208,149.0
1753531704519,12:08:24.519,BOME/USDT:USDT,0.0020789,112.0,0.0020784,88.0,0.0020799,1.0,0.00208,149.0
1753531704738,12:08:24.738,BOME/USDT:USDT,0.0020789,112.0,0.0020784,88.0,0.0020799,1.0,0.00208,149.0
1753531705129,12:08:25.129,BOME/USDT:USDT,0.0020789,112.0,0.0020784,88.0,0.0020799,1.0,0.00208,149.0
1753531706171,12:08:26.171,BOME/USDT:USDT,0.0020789,112.0,0.0020784,88.0,0.0020799,1.0,0.00208,149.0
1753531706238,12:08:26.238,BOME/USDT:USDT,0.0020789,112.0,0.0020784,88.0,0.0020799,1.0,0.00208,149.0
1753531707078,12:08:27.078,BOME/USDT:USDT,0.002079,112.0,0.0020784,137.0,0.0020799,1.0,0.00208,5.0
1753531707169,12:08:27.169,BOME/USDT:USDT,0.0020799,24.0,0.0020793,24.0,0.00208,5.0,0.0020802,1.0
1753531707272,12:08:27.272,BOME/USDT:USDT,0.0020794,24.0,0.002079,88.0,0.00208,5.0,0.0020802,1.0
1753531707376,12:08:27.376,BOME/USDT:USDT,0.0020794,24.0,0.002079,88.0,0.00208,5.0,0.0020805,1.0
1753531707570,12:08:27.570,BOME/USDT:USDT,0.0020794,24.0,0.002079,88.0,0.00208,5.0,0.0020805,51.0
1753531707649,12:08:27.649,BOME/USDT:USDT,0.0020794,24.0,0.002079,88.0,0.00208,5.0,0.0020805,51.0
1753531707762,12:08:27.762,BOME/USDT:USDT,0.0020798,24.0,0.0020794,24.0,0.0020799,50.0,0.00208,5.0
1753531707884,12:08:27.884,BOME/USDT:USDT,0.0020798,24.0,0.0020794,24.0,0.0020805,51.0,0.0020806,138.0
1753531707903,12:08:27.903,BOME/USDT:USDT,0.0020798,24.0,0.0020794,24.0,0.0020805,141.0,0.0020806,50.0
1753531708029,12:08:28.029,BOME/USDT:USDT,0.0020799,24.0,0.0020794,24.0,0.0020804,88.0,0.0020805,141.0
1753531708172,12:08:28.172,BOME/USDT:USDT,0.0020799,24.0,0.0020794,24.0,0.0020803,1.0,0.0020804,88.0
1753531708190,12:08:28.190,BOME/USDT:USDT,0.0020799,24.0,0.0020794,24.0,0.0020803,1.0,0.0020804,88.0
1753531708420,12:08:28.420,BOME/USDT:USDT,0.0020799,24.0,0.0020794,24.0,0.0020803,1.0,0.0020804,88.0
1753531708765,12:08:28.765,BOME/USDT:USDT,0.0020799,24.0,0.0020794,24.0,0.0020801,16.0,0.0020802,16.0
1753531708846,12:08:28.846,BOME/USDT:USDT,0.0020799,24.0,0.0020794,24.0,0.0020801,16.0,0.0020802,16.0
1753531708991,12:08:28.991,BOME/USDT:USDT,0.0020799,24.0,0.0020794,24.0,0.00208,16.0,0.0020804,88.0
1753531709110,12:08:29.110,BOME/USDT:USDT,0.0020799,24.0,0.0020794,24.0,0.00208,16.0,0.0020803,1.0
1753531709273,12:08:29.273,BOME/USDT:USDT,0.0020799,24.0,0.0020794,24.0,0.00208,16.0,0.0020803,1.0
1753531709890,12:08:29.890,BOME/USDT:USDT,0.0020799,24.0,0.0020794,24.0,0.00208,16.0,0.0020803,1.0
1753531710094,12:08:30.094,BOME/USDT:USDT,0.0020799,24.0,0.0020794,24.0,0.00208,16.0,0.0020803,1.0
1753531710278,12:08:30.278,BOME/USDT:USDT,0.0020802,36.0,0.0020799,24.0,0.0020803,1.0,0.0020806,50.0
1753531710372,12:08:30.372,BOME/USDT:USDT,0.0020802,36.0,0.0020799,24.0,0.0020805,1.0,0.0020806,50.0
1753531710469,12:08:30.469,BOME/USDT:USDT,0.0020804,24.0,0.0020799,24.0,0.0020805,1.0,0.0020811,91.0
1753531710530,12:08:30.530,BOME/USDT:USDT,0.0020804,24.0,0.0020799,24.0,0.0020809,91.0,0.002081,1.0
1753531710654,12:08:30.654,BOME/USDT:USDT,0.0020804,24.0,0.0020799,24.0,0.0020807,91.0,0.0020808,92.0
1753531710770,12:08:30.770,BOME/USDT:USDT,0.0020804,24.0,0.0020799,24.0,0.0020807,91.0,0.0020808,91.0
1753531710862,12:08:30.862,BOME/USDT:USDT,0.0020804,24.0,0.0020799,24.0,0.0020814,91.0,0.0020816,627.0
1753531710949,12:08:30.949,BOME/USDT:USDT,0.0020804,24.0,0.0020799,24.0,0.0020811,91.0,0.0020813,1.0
1753531711083,12:08:31.083,BOME/USDT:USDT,0.0020804,24.0,0.0020799,24.0,0.0020809,91.0,0.002081,1.0
1753531711126,12:08:31.126,BOME/USDT:USDT,0.0020804,24.0,0.0020799,24.0,0.0020807,91.0,0.0020808,1.0
1753531711282,12:08:31.282,BOME/USDT:USDT,0.00208,24.0,0.0020799,24.0,0.0020814,97.0,0.0020816,627.0
1753531711378,12:08:31.378,BOME/USDT:USDT,0.0020804,24.0,0.0020796,91.0,0.0020812,91.0,0.0020813,1.0
1753531711444,12:08:31.444,BOME/USDT:USDT,0.0020798,48.0,0.0020796,91.0,0.0020808,91.0,0.0020809,91.0
1753531711584,12:08:31.584,BOME/USDT:USDT,0.0020803,24.0,0.0020796,91.0,0.0020807,1.0,0.0020809,91.0
1753531711650,12:08:31.650,BOME/USDT:USDT,0.0020803,24.0,0.0020796,91.0,0.0020808,1.0,0.0020809,91.0
1753531711859,12:08:31.859,BOME/USDT:USDT,0.0020803,24.0,0.0020797,48.0,0.0020808,1.0,0.0020809,91.0
1753531711972,12:08:31.972,BOME/USDT:USDT,0.0020803,24.0,0.0020797,48.0,0.0020808,92.0,0.0020812,91.0
1753531712131,12:08:32.131,BOME/USDT:USDT,0.0020803,24.0,0.0020797,48.0,0.0020808,92.0,0.0020812,91.0
1753531712245,12:08:32.245,BOME/USDT:USDT,0.0020803,24.0,0.0020797,48.0,0.0020808,92.0,0.0020812,91.0
1753531712374,12:08:32.374,BOME/USDT:USDT,0.0020804,24.0,0.0020803,24.0,0.0020808,1.0,0.0020812,91.0
1753531712487,12:08:32.487,BOME/USDT:USDT,0.0020799,91.0,0.0020796,91.0,0.002081,91.0,0.0020811,92.0
1753531712570,12:08:32.570,BOME/USDT:USDT,0.0020805,24.0,0.0020804,24.0,0.0020809,1.0,0.002081,91.0
1753531712641,12:08:32.641,BOME/USDT:USDT,0.0020805,24.0,0.0020799,91.0,0.0020809,1.0,0.002081,91.0
1753531712750,12:08:32.750,BOME/USDT:USDT,0.0020796,91.0,0.0020793,48.0,0.0020809,1.0,0.002081,91.0
1753531713068,12:08:33.068,BOME/USDT:USDT,0.0020796,91.0,0.0020793,48.0,0.0020808,91.0,0.0020809,1.0
1753531713164,12:08:33.164,BOME/USDT:USDT,0.0020797,115.0,0.0020793,48.0,0.0020807,1.0,0.002081,91.0
1753531713258,12:08:33.258,BOME/USDT:USDT,0.0020798,115.0,0.0020793,48.0,0.0020809,1.0,0.0020812,91.0
1753531713350,12:08:33.350,BOME/USDT:USDT,0.0020799,24.0,0.0020798,91.0,0.002081,91.0,0.0020811,92.0
1753531713477,12:08:33.477,BOME/USDT:USDT,0.0020804,24.0,0.0020803,24.0,0.0020809,1.0,0.002081,91.0
1753531713527,12:08:33.527,BOME/USDT:USDT,0.0020804,24.0,0.0020798,139.0,0.0020809,1.0,0.002081,91.0
1753531713631,12:08:33.631,BOME/USDT:USDT,0.0020804,24.0,0.0020798,139.0,0.0020809,1.0,0.002081,91.0
1753531713773,12:08:33.773,BOME/USDT:USDT,0.0020804,24.0,0.0020798,139.0,0.0020808,91.0,0.0020809,1.0
1753531713880,12:08:33.880,BOME/USDT:USDT,0.0020798,48.0,0.0020795,91.0,0.0020808,91.0,0.0020814,205.0
1753531713971,12:08:33.971,BOME/USDT:USDT,0.0020803,24.0,0.0020802,24.0,0.0020807,1.0,0.0020808,91.0
1753531714050,12:08:34.050,BOME/USDT:USDT,0.0020803,24.0,0.0020797,48.0,0.0020807,1.0,0.002081,91.0
1753531714184,12:08:34.184,BOME/USDT:USDT,0.0020797,48.0,0.0020795,91.0,0.0020808,91.0,0.0020809,100.0
1753531714273,12:08:34.273,BOME/USDT:USDT,0.0020801,24.0,0.0020795,91.0,0.0020807,1.0,0.0020808,91.0
1753531714362,12:08:34.362,BOME/USDT:USDT,0.0020801,24.0,0.0020795,139.0,0.0020807,1.0,0.0020808,91.0
1753531714778,12:08:34.778,BOME/USDT:USDT,0.0020795,139.0,0.0020789,48.0,0.0020807,92.0,0.0020814,205.0
1753531715076,12:08:35.076,BOME/USDT:USDT,0.0020797,24.0,0.0020796,24.0,0.0020806,91.0,0.0020807,92.0
1753531715185,12:08:35.185,BOME/USDT:USDT,0.002079,139.0,0.0020788,50.0,0.0020804,91.0,0.0020805,92.0
1753531715273,12:08:35.273,BOME/USDT:USDT,0.0020797,24.0,0.0020796,24.0,0.0020803,1.0,0.0020805,91.0
1753531715328,12:08:35.328,BOME/USDT:USDT,0.0020793,91.0,0.0020792,91.0,0.0020804,92.0,0.0020805,91.0
1753531715480,12:08:35.480,BOME/USDT:USDT,0.0020793,91.0,0.0020788,50.0,0.0020804,92.0,0.0020807,91.0
1753531715552,12:08:35.552,BOME/USDT:USDT,0.0020794,24.0,0.0020791,91.0,0.0020803,91.0,0.0020804,1.0
1753531715664,12:08:35.664,BOME/USDT:USDT,0.0020794,24.0,0.0020791,91.0,0.0020802,1.0,0.0020803,91.0
1753531715785,12:08:35.785,BOME/USDT:USDT,0.0020794,24.0,0.0020791,91.0,0.0020802,92.0,0.0020807,91.0
1753531715790,12:08:35.790,BOME/USDT:USDT,0.0020794,24.0,0.0020791,91.0,0.0020802,92.0,0.0020807,91.0
1753531716064,12:08:36.064,BOME/USDT:USDT,0.0020794,24.0,0.0020791,91.0,0.0020802,100.0,0.0020807,91.0
1753531716386,12:08:36.386,BOME/USDT:USDT,0.0020794,24.0,0.0020791,91.0,0.0020802,9.0,0.0020807,91.0
1753531716469,12:08:36.469,BOME/USDT:USDT,0.0020798,24.0,0.0020794,91.0,0.0020805,91.0,0.0020806,92.0
1753531716583,12:08:36.583,BOME/USDT:USDT,0.0020798,24.0,0.0020792,48.0,0.0020803,91.0,0.0020804,1.0
1753531716667,12:08:36.667,BOME/USDT:USDT,0.0020792,139.0,0.0020788,50.0,0.0020802,1.0,0.0020803,91.0
1753531716758,12:08:36.758,BOME/USDT:USDT,0.0020792,139.0,0.0020788,50.0,0.0020802,1.0,0.0020803,91.0
1753531716835,12:08:36.835,BOME/USDT:USDT,0.0020792,139.0,0.0020788,50.0,0.0020802,92.0,0.0020805,91.0
1753531716982,12:08:36.982,BOME/USDT:USDT,0.0020788,50.0,0.0020787,88.0,0.0020801,91.0,0.0020802,1.0
1753531717061,12:08:37.061,BOME/USDT:USDT,0.0020789,91.0,0.0020785,50.0,0.0020799,91.0,0.00208,92.0
1753531717175,12:08:37.175,BOME/USDT:USDT,0.002079,24.0,0.0020789,91.0,0.0020798,1.0,0.0020799,91.0
1753531717284,12:08:37.284,BOME/USDT:USDT,0.002079,24.0,0.0020789,91.0,0.0020798,1.0,0.0020799,91.0
1753531717374,12:08:37.374,BOME/USDT:USDT,0.002079,24.0,0.0020789,91.0,0.0020798,1.0,0.0020799,91.0
1753531717449,12:08:37.449,BOME/USDT:USDT,0.002079,24.0,0.0020789,91.0,0.0020798,1.0,0.0020799,91.0
1753531717511,12:08:37.511,BOME/USDT:USDT,0.002079,24.0,0.0020785,50.0,0.0020797,91.0,0.0020798,1.0
1753531717667,12:08:37.667,BOME/USDT:USDT,0.002079,24.0,0.0020785,50.0,0.0020796,1.0,0.0020797,91.0
1753531717772,12:08:37.772,BOME/USDT:USDT,0.0020787,24.0,0.0020786,91.0,0.0020796,1.0,0.0020797,91.0
1753531717860,12:08:37.860,BOME/USDT:USDT,0.0020792,24.0,0.0020786,139.0,0.0020796,1.0,0.0020799,91.0
1753531717911,12:08:37.911,BOME/USDT:USDT,0.0020792,24.0,0.0020786,139.0,0.0020798,1.0,0.0020799,91.0
1753531718019,12:08:38.019,BOME/USDT:USDT,0.0020792,24.0,0.0020786,139.0,0.0020798,92.0,0.0020804,50.0
1753531718187,12:08:38.187,BOME/USDT:USDT,0.0020786,139.0,0.0020783,91.0,0.0020798,92.0,0.0020804,50.0
1753531718276,12:08:38.276,BOME/USDT:USDT,0.0020789,24.0,0.0020788,24.0,0.0020797,91.0,0.0020798,92.0
1753531718379,12:08:38.379,BOME/USDT:USDT,0.002079,24.0,0.0020787,91.0,0.0020796,1.0,0.0020797,91.0
1753531718449,12:08:38.449,BOME/USDT:USDT,0.002079,24.0,0.0020784,48.0,0.0020796,92.0,0.0020804,50.0
1753531718545,12:08:38.545,BOME/USDT:USDT,0.0020784,139.0,0.0020783,91.0,0.0020795,91.0,0.0020796,1.0
1753531718670,12:08:38.670,BOME/USDT:USDT,0.0020784,139.0,0.0020783,91.0,0.0020794,1.0,0.0020795,91.0
1753531718701,12:08:38.701,BOME/USDT:USDT,0.0020784,139.0,0.0020781,91.0,0.0020794,1.0,0.0020795,91.0
1753531718986,12:08:38.986,BOME/USDT:USDT,0.0020784,139.0,0.0020781,91.0,0.0020794,92.0,0.0020804,50.0
1753531719084,12:08:39.084,BOME/USDT:USDT,0.0020787,24.0,0.0020781,91.0,0.0020793,91.0,0.0020794,1.0
1753531719175,12:08:39.175,BOME/USDT:USDT,0.0020787,24.0,0.0020781,91.0,0.0020792,92.0,0.0020804,50.0
1753531719258,12:08:39.258,BOME/USDT:USDT,0.0020787,24.0,0.0020781,91.0,0.0020791,91.0,0.0020792,1.0
1753531719366,12:08:39.366,BOME/USDT:USDT,0.0020787,24.0,0.0020781,91.0,0.0020791,91.0,0.0020804,50.0
1753531719469,12:08:39.469,BOME/USDT:USDT,0.0020788,24.0,0.0020787,24.0,0.0020799,91.0,0.00208,174.0
1753531719526,12:08:39.526,BOME/USDT:USDT,0.0020788,24.0,0.0020781,91.0,0.0020796,91.0,0.0020798,1.0
1753531719615,12:08:39.615,BOME/USDT:USDT,0.0020788,24.0,0.0020781,91.0,0.0020794,91.0,0.0020795,1.0
1753531719778,12:08:39.778,BOME/USDT:USDT,0.0020788,24.0,0.0020781,91.0,0.0020793,1.0,0.0020794,91.0
1753531719968,12:08:39.968,BOME/USDT:USDT,0.0020788,24.0,0.0020782,48.0,0.0020793,1.0,0.0020794,91.0
1753531720000,12:08:40.000,BOME/USDT:USDT,0.0020788,24.0,0.0020782,48.0,0.0020793,1.0,0.0020794,91.0
1753531720088,12:08:40.088,BOME/USDT:USDT,0.0020788,24.0,0.0020782,48.0,0.0020793,91.0,0.0020799,91.0
1753531720286,12:08:40.286,BOME/USDT:USDT,0.0020773,89.0,0.002077,90.0,0.0020792,90.0,0.0020793,1.0
1753531720375,12:08:40.375,BOME/USDT:USDT,0.0020779,24.0,0.0020778,90.0,0.002079,90.0,0.0020791,1.0
1753531720471,12:08:40.471,BOME/USDT:USDT,0.0020782,24.0,0.0020778,90.0,0.0020788,178.0,0.0020789,1.0
1753531720522,12:08:40.522,BOME/USDT:USDT,0.0020782,24.0,0.0020778,90.0,0.0020788,178.0,0.0020789,1.0
1753531720637,12:08:40.637,BOME/USDT:USDT,0.0020782,24.0,0.0020778,90.0,0.0020789,1.0,0.002079,90.0
1753531720729,12:08:40.729,BOME/USDT:USDT,0.0020782,24.0,0.0020778,90.0,0.0020789,1.0,0.002079,90.0
1753531720826,12:08:40.826,BOME/USDT:USDT,0.0020782,24.0,0.0020778,90.0,0.0020789,91.0,0.0020792,90.0
1753531720937,12:08:40.937,BOME/USDT:USDT,0.0020782,24.0,0.0020778,90.0,0.0020787,1.0,0.0020789,90.0
1753531721082,12:08:41.082,BOME/USDT:USDT,0.0020783,24.0,0.0020777,48.0,0.0020787,90.0,0.0020788,1.0
1753531721137,12:08:41.137,BOME/USDT:USDT,0.0020777,48.0,0.0020774,90.0,0.0020787,90.0,0.0020792,90.0
1753531721282,12:08:41.282,BOME/USDT:USDT,0.0020777,138.0,0.0020774,90.0,0.0020786,1.0,0.0020792,90.0
1753531721380,12:08:41.380,BOME/USDT:USDT,0.0020781,24.0,0.002078,24.0,0.0020789,90.0,0.0020791,1.0
1753531721480,12:08:41.480,BOME/USDT:USDT,0.0020781,24.0,0.0020774,90.0,0.0020787,84.0,0.0020788,91.0
1753531721564,12:08:41.564,BOME/USDT:USDT,0.0020781,24.0,0.0020774,90.0,0.0020786,1.0,0.0020787,84.0
1753531721619,12:08:41.619,BOME/USDT:USDT,0.0020781,24.0,0.0020775,48.0,0.0020786,1.0,0.0020787,84.0
1753531721749,12:08:41.749,BOME/USDT:USDT,0.0020782,24.0,0.0020775,48.0,0.0020785,168.0,0.0020786,1.0
1753531721880,12:08:41.880,BOME/USDT:USDT,0.0020782,24.0,0.0020776,48.0,0.0020788,90.0,0.0020792,90.0
1753531721984,12:08:41.984,BOME/USDT:USDT,0.0020785,24.0,0.0020779,48.0,0.0020787,1.0,0.0020792,90.0
1753531722074,12:08:42.074,BOME/USDT:USDT,0.0020783,24.0,0.0020782,24.0,0.002079,90.0,0.0020791,1.0
1753531722143,12:08:42.143,BOME/USDT:USDT,0.0020784,24.0,0.0020778,48.0,0.0020789,91.0,0.0020797,50.0
1753531722285,12:08:42.285,BOME/USDT:USDT,0.0020778,48.0,0.0020777,90.0,0.0020788,90.0,0.0020789,91.0
1753531722370,12:08:42.370,BOME/USDT:USDT,0.0020784,24.0,0.0020783,24.0,0.0020787,1.0,0.0020788,90.0
1753531722454,12:08:42.454,BOME/USDT:USDT,0.0020785,24.0,0.0020779,48.0,0.0020787,1.0,0.0020789,90.0
1753531722510,12:08:42.510,BOME/USDT:USDT,0.0020785,24.0,0.0020779,48.0,0.0020788,1.0,0.0020789,90.0
1753531722780,12:08:42.780,BOME/USDT:USDT,0.0020785,24.0,0.0020779,48.0,0.0020788,1.0,0.0020789,90.0
1753531722801,12:08:42.801,BOME/USDT:USDT,0.0020785,24.0,0.0020779,138.0,0.0020788,1.0,0.0020789,90.0
1753531723083,12:08:43.083,BOME/USDT:USDT,0.0020779,48.0,0.0020774,90.0,0.0020788,1.0,0.0020789,90.0
1753531723130,12:08:43.130,BOME/USDT:USDT,0.0020779,48.0,0.0020774,90.0,0.0020788,91.0,0.0020797,50.0
1753531723473,12:08:43.473,BOME/USDT:USDT,0.0020779,48.0,0.0020774,90.0,0.0020788,91.0,0.0020797,50.0
1753531723497,12:08:43.497,BOME/USDT:USDT,0.0020779,48.0,0.0020774,90.0,0.0020788,91.0,0.0020797,50.0
1753531724111,12:08:44.111,BOME/USDT:USDT,0.0020779,48.0,0.0020774,90.0,0.0020788,91.0,0.0020797,50.0
1753531724285,12:08:44.285,BOME/USDT:USDT,0.0020779,48.0,0.0020774,90.0,0.0020788,91.0,0.0020797,50.0
1753531724294,12:08:44.294,BOME/USDT:USDT,0.0020779,48.0,0.0020774,90.0,0.0020788,91.0,0.0020797,50.0
1753531724843,12:08:44.843,BOME/USDT:USDT,0.0020779,48.0,0.0020774,90.0,0.0020788,105.0,0.0020797,50.0
1753531725110,12:08:45.110,BOME/USDT:USDT,0.0020779,48.0,0.0020774,90.0,0.0020788,105.0,0.0020797,50.0
1753531725550,12:08:45.550,BOME/USDT:USDT,0.0020779,48.0,0.0020774,90.0,0.0020788,105.0,0.0020797,50.0
1753531725685,12:08:45.685,BOME/USDT:USDT,0.0020779,48.0,0.0020774,90.0,0.0020788,15.0,0.0020797,50.0
1753531725786,12:08:45.786,BOME/USDT:USDT,0.0020779,48.0,0.0020774,90.0,0.0020788,14.0,0.0020796,1.0
1753531725787,12:08:45.787,BOME/USDT:USDT,0.0020779,48.0,0.0020774,90.0,0.0020788,14.0,0.0020796,1.0
1753531725931,12:08:45.931,BOME/USDT:USDT,0.0020779,48.0,0.0020774,90.0,0.0020788,14.0,0.0020796,1.0
1753531726344,12:08:46.344,BOME/USDT:USDT,0.0020779,48.0,0.0020774,90.0,0.0020788,104.0,0.0020796,1.0
1753531726470,12:08:46.470,BOME/USDT:USDT,0.0020783,24.0,0.0020782,24.0,0.0020787,1.0,0.002079,90.0
1753531726546,12:08:46.546,BOME/USDT:USDT,0.0020778,114.0,0.0020777,90.0,0.0020789,91.0,0.0020797,50.0
1753531726699,12:08:46.699,BOME/USDT:USDT,0.0020778,114.0,0.0020774,90.0,0.0020789,91.0,0.0020797,50.0
1753531727148,12:08:47.148,BOME/USDT:USDT,0.0020778,114.0,0.0020774,90.0,0.0020789,91.0,0.0020797,50.0
1753531727287,12:08:47.287,BOME/USDT:USDT,0.0020778,114.0,0.0020774,90.0,0.0020789,91.0,0.0020797,50.0
1753531727295,12:08:47.295,BOME/USDT:USDT,0.0020778,114.0,0.0020774,90.0,0.0020789,91.0,0.0020797,50.0
1753531727473,12:08:47.473,BOME/USDT:USDT,0.0020781,24.0,0.002078,24.0,0.0020789,1.0,0.0020792,90.0
1753531727573,12:08:47.573,BOME/USDT:USDT,0.0020782,24.0,0.0020779,90.0,0.002079,90.0,0.0020791,1.0
1753531727630,12:08:47.630,BOME/USDT:USDT,0.0020784,24.0,0.0020779,90.0,0.0020789,1.0,0.0020792,90.0
1753531727748,12:08:47.748,BOME/USDT:USDT,0.0020784,24.0,0.0020779,90.0,0.002079,90.0,0.0020791,11.0
1753531727849,12:08:47.849,BOME/USDT:USDT,0.0020784,24.0,0.0020779,90.0,0.0020788,105.0,0.0020789,1.0
1753531727914,12:08:47.914,BOME/USDT:USDT,0.0020784,24.0,0.0020779,90.0,0.0020788,105.0,0.002079,90.0
1753531728080,12:08:48.080,BOME/USDT:USDT,0.0020767,92.0,0.0020766,7.0,0.002079,90.0,0.0020791,10.0
1753531728185,12:08:48.185,BOME/USDT:USDT,0.0020774,90.0,0.0020771,50.0,0.0020789,91.0,0.0020791,10.0
1753531728255,12:08:48.255,BOME/USDT:USDT,0.0020774,90.0,0.0020771,50.0,0.0020789,91.0,0.0020791,10.0
1753531728376,12:08:48.376,BOME/USDT:USDT,0.0020774,90.0,0.0020771,50.0,0.0020789,91.0,0.0020791,10.0
1753531728438,12:08:48.438,BOME/USDT:USDT,0.0020774,90.0,0.0020771,50.0,0.0020789,91.0,0.0020791,10.0
1753531728672,12:08:48.672,BOME/USDT:USDT,0.0020779,114.0,0.0020778,24.0,0.0020789,1.0,0.0020791,10.0
1753531728760,12:08:48.760,BOME/USDT:USDT,0.0020783,24.0,0.0020779,90.0,0.002079,90.0,0.0020791,11.0
1753531728874,12:08:48.874,BOME/USDT:USDT,0.0020783,24.0,0.0020779,90.0,0.0020789,1.0,0.002079,90.0
1753531729760,12:08:49.760,BOME/USDT:USDT,0.0020783,24.0,0.0020779,90.0,0.0020788,155.0,0.0020789,1.0
1753531729862,12:08:49.862,BOME/USDT:USDT,0.0020777,48.0,0.0020774,90.0,0.0020787,91.0,0.002079,90.0
1753531730126,12:08:50.126,BOME/USDT:USDT,0.0020777,48.0,0.0020774,90.0,0.0020786,90.0,0.0020787,1.0
1753531730212,12:08:50.212,BOME/USDT:USDT,0.0020778,24.0,0.0020774,90.0,0.0020785,1.0,0.0020786,90.0
1753531730323,12:08:50.323,BOME/USDT:USDT,0.0020778,24.0,0.0020774,90.0,0.0020785,1.0,0.0020786,90.0
1753531730430,12:08:50.430,BOME/USDT:USDT,0.0020778,24.0,0.0020774,90.0,0.0020785,1.0,0.0020786,90.0
1753531730530,12:08:50.530,BOME/USDT:USDT,0.0020778,24.0,0.0020774,90.0,0.0020785,1.0,0.0020786,90.0
1753531730768,12:08:50.768,BOME/USDT:USDT,0.0020778,24.0,0.0020774,90.0,0.0020785,99.0,0.0020792,90.0
1753531730817,12:08:50.817,BOME/USDT:USDT,0.0020778,24.0,0.0020774,90.0,0.0020785,99.0,0.0020792,90.0
1753531731076,12:08:51.076,BOME/USDT:USDT,0.002078,24.0,0.0020779,24.0,0.0020785,9.0,0.0020792,90.0
1753531731157,12:08:51.157,BOME/USDT:USDT,0.0020782,24.0,0.0020776,48.0,0.0020785,8.0,0.0020791,1.0
1753531731262,12:08:51.262,BOME/USDT:USDT,0.0020782,24.0,0.0020776,48.0,0.0020785,8.0,0.0020791,1.0
1753531731354,12:08:51.354,BOME/USDT:USDT,0.0020782,24.0,0.0020776,48.0,0.0020785,8.0,0.0020791,1.0
1753531731648,12:08:51.648,BOME/USDT:USDT,0.0020782,24.0,0.0020776,48.0,0.0020784,728.0,0.0020791,1.0
1753531731783,12:08:51.783,BOME/USDT:USDT,0.0020782,24.0,0.0020776,48.0,0.0020784,728.0,0.0020789,114.0
1753531731813,12:08:51.813,BOME/USDT:USDT,0.0020782,24.0,0.0020776,48.0,0.0020784,728.0,0.0020789,114.0
1753531732162,12:08:52.162,BOME/USDT:USDT,0.0020784,24.0,0.0020777,138.0,0.0020789,130.0,0.002079,381.0
1753531732205,12:08:52.205,BOME/USDT:USDT,0.0020784,24.0,0.0020778,48.0,0.0020788,1.0,0.0020789,130.0
1753531732387,12:08:52.387,BOME/USDT:USDT,0.0020781,24.0,0.002078,24.0,0.0020786,136.0,0.0020787,454.0
1753531732443,12:08:52.443,BOME/USDT:USDT,0.0020784,24.0,0.0020778,48.0,0.0020785,1.0,0.0020786,136.0
1753531732512,12:08:52.512,BOME/USDT:USDT,0.0020784,24.0,0.0020778,48.0,0.0020786,136.0,0.0020787,364.0
1753531732637,12:08:52.637,BOME/USDT:USDT,0.0020784,24.0,0.0020778,48.0,0.0020785,132.0,0.0020789,130.0
1753531732693,12:08:52.693,BOME/USDT:USDT,0.0020784,24.0,0.0020778,48.0,0.0020785,132.0,0.0020788,1.0
1753531733101,12:08:53.101,BOME/USDT:USDT,0.0020784,24.0,0.0020778,48.0,0.0020785,132.0,0.0020788,1.0
1753531733374,12:08:53.374,BOME/USDT:USDT,0.0020778,48.0,0.0020774,90.0,0.0020785,132.0,0.0020788,1.0
1753531733467,12:08:53.467,BOME/USDT:USDT,0.0020783,24.0,0.002078,24.0,0.0020784,1.0,0.0020785,264.0
1753531733554,12:08:53.554,BOME/USDT:USDT,0.0020783,24.0,0.002078,24.0,0.0020785,264.0,0.0020789,114.0
1753531733744,12:08:53.744,BOME/USDT:USDT,0.0020783,24.0,0.002078,24.0,0.0020785,264.0,0.0020788,90.0
1753531734117,12:08:54.117,BOME/USDT:USDT,0.0020783,24.0,0.002078,24.0,0.0020784,132.0,0.0020788,90.0
1753531734224,12:08:54.224,BOME/USDT:USDT,0.002078,24.0,0.0020777,90.0,0.0020784,132.0,0.0020787,1.0
1753531734385,12:08:54.385,BOME/USDT:USDT,0.0020783,24.0,0.0020777,90.0,0.0020788,103.0,0.0020789,114.0
1753531734436,12:08:54.436,BOME/USDT:USDT,0.0020783,24.0,0.0020777,138.0,0.0020787,1.0,0.0020788,103.0
1753531734539,12:08:54.539,BOME/USDT:USDT,0.0020777,138.0,0.0020774,90.0,0.0020787,1.0,0.0020788,103.0
1753531734680,12:08:54.680,BOME/USDT:USDT,0.0020778,24.0,0.0020777,48.0,0.0020786,90.0,0.0020787,1.0
1753531734774,12:08:54.774,BOME/USDT:USDT,0.0020783,24.0,0.0020782,24.0,0.0020785,1.0,0.0020788,13.0
1753531734853,12:08:54.853,BOME/USDT:USDT,0.0020783,24.0,0.0020777,138.0,0.0020788,104.0,0.0020789,114.0
1753531734905,12:08:54.905,BOME/USDT:USDT,0.0020783,24.0,0.0020777,138.0,0.0020787,132.0,0.0020788,104.0
1753531734996,12:08:54.996,BOME/USDT:USDT,0.0020783,24.0,0.0020777,138.0,0.0020787,132.0,0.0020788,103.0
1753531735175,12:08:55.175,BOME/USDT:USDT,0.0020783,24.0,0.0020777,138.0,0.0020787,132.0,0.0020788,103.0
1753531735639,12:08:55.639,BOME/USDT:USDT,0.0020784,24.0,0.0020778,48.0,0.0020786,132.0,0.0020788,13.0
1753531735739,12:08:55.739,BOME/USDT:USDT,0.0020784,24.0,0.0020778,48.0,0.0020786,132.0,0.0020788,13.0
1753531735993,12:08:55.993,BOME/USDT:USDT,0.0020784,24.0,0.0020778,48.0,0.0020786,132.0,0.0020788,13.0
1753531736383,12:08:56.383,BOME/USDT:USDT,0.0020784,24.0,0.0020778,48.0,0.0020786,132.0,0.0020788,13.0
1753531736685,12:08:56.685,BOME/USDT:USDT,0.0020778,48.0,0.0020774,90.0,0.0020786,132.0,0.0020788,13.0
1753531736783,12:08:56.783,BOME/USDT:USDT,0.0020784,24.0,0.0020774,90.0,0.0020785,1.0,0.0020788,13.0
1753531736884,12:08:56.884,BOME/USDT:USDT,0.0020784,24.0,0.0020778,48.0,0.0020788,14.0,0.0020789,204.0
1753531736970,12:08:56.970,BOME/USDT:USDT,0.0020778,48.0,0.0020774,90.0,0.0020788,14.0,0.0020789,204.0
1753531737002,12:08:57.002,BOME/USDT:USDT,0.0020778,48.0,0.0020774,90.0,0.0020788,14.0,0.0020789,204.0
1753531737226,12:08:57.226,BOME/USDT:USDT,0.0020778,48.0,0.0020774,90.0,0.0020788,104.0,0.0020789,204.0
1753531737361,12:08:57.361,BOME/USDT:USDT,0.0020778,48.0,0.0020774,90.0,0.0020788,104.0,0.0020789,114.0
1753531737818,12:08:57.818,BOME/USDT:USDT,0.0020778,48.0,0.0020774,90.0,0.0020788,104.0,0.0020789,114.0
1753531737979,12:08:57.979,BOME/USDT:USDT,0.0020779,24.0,0.0020774,90.0,0.0020788,14.0,0.0020789,114.0
1753531738166,12:08:58.166,BOME/USDT:USDT,0.0020779,24.0,0.0020774,90.0,0.0020787,90.0,0.0020788,14.0
1753531738216,12:08:58.216,BOME/USDT:USDT,0.002078,24.0,0.0020774,90.0,0.0020786,1.0,0.0020787,90.0
1753531738339,12:08:58.339,BOME/USDT:USDT,0.0020781,24.0,0.0020775,48.0,0.0020786,14.0,0.0020787,90.0
1753531738444,12:08:58.444,BOME/USDT:USDT,0.0020781,24.0,0.0020775,48.0,0.0020786,14.0,0.0020787,90.0
1753531739174,12:08:59.174,BOME/USDT:USDT,0.0020778,24.0,0.0020777,24.0,0.0020785,84.0,0.0020786,104.0
1753531739277,12:08:59.277,BOME/USDT:USDT,0.0020781,24.0,0.0020775,48.0,0.0020784,1.0,0.0020785,84.0
1753531739381,12:08:59.381,BOME/USDT:USDT,0.0020781,24.0,0.0020775,48.0,0.0020784,1.0,0.0020786,103.0
1753531739485,12:08:59.485,BOME/USDT:USDT,0.0020782,24.0,0.0020776,48.0,0.0020785,1.0,0.0020786,13.0
1753531739538,12:08:59.538,BOME/USDT:USDT,0.0020783,24.0,0.0020777,48.0,0.0020786,5.0,0.0020788,1.0
1753531739673,12:08:59.673,BOME/USDT:USDT,0.0020783,24.0,0.0020777,48.0,0.0020786,5.0,0.0020788,1.0
1753531740376,12:09:00.376,BOME/USDT:USDT,0.0020777,48.0,0.0020774,90.0,0.0020786,5.0,0.0020788,1.0
1753531740390,12:09:00.390,BOME/USDT:USDT,0.0020777,48.0,0.0020774,90.0,0.0020786,5.0,0.0020788,1.0
1753531740512,12:09:00.512,BOME/USDT:USDT,0.0020777,48.0,0.0020774,90.0,0.0020786,5.0,0.0020788,1.0
1753531740828,12:09:00.828,BOME/USDT:USDT,0.0020777,48.0,0.0020774,90.0,0.0020786,5.0,0.0020788,1.0
1753531741192,12:09:01.192,BOME/USDT:USDT,0.0020777,137.0,0.0020774,90.0,0.0020786,5.0,0.0020788,1.0
1753531741842,12:09:01.842,BOME/USDT:USDT,0.0020777,137.0,0.0020774,90.0,0.0020786,5.0,0.0020788,1.0
1753531741970,12:09:01.970,BOME/USDT:USDT,0.0020782,24.0,0.0020781,24.0,0.0020786,5.0,0.0020788,1.0
1753531742041,12:09:02.041,BOME/USDT:USDT,0.0020782,24.0,0.0020776,48.0,0.0020786,5.0,0.0020788,1.0
1753531742165,12:09:02.165,BOME/USDT:USDT,0.0020782,24.0,0.0020776,48.0,0.0020786,5.0,0.0020788,1.0
1753531742333,12:09:02.333,BOME/USDT:USDT,0.0020782,24.0,0.0020776,48.0,0.0020786,5.0,0.0020788,1.0
1753531742697,12:09:02.697,BOME/USDT:USDT,0.0020782,24.0,0.0020776,48.0,0.0020786,5.0,0.0020788,1.0
1753531743182,12:09:03.182,BOME/USDT:USDT,0.0020776,48.0,0.0020774,90.0,0.0020786,5.0,0.0020788,1.0
1753531743372,12:09:03.372,BOME/USDT:USDT,0.002078,24.0,0.0020779,24.0,0.0020786,5.0,0.0020788,1.0
1753531743481,12:09:03.481,BOME/USDT:USDT,0.0020784,24.0,0.0020777,89.0,0.0020786,5.0,0.0020788,1.0
1753531743551,12:09:03.551,BOME/USDT:USDT,0.0020784,24.0,0.0020778,48.0,0.0020786,5.0,0.0020788,1.0
1753531743835,12:09:03.835,BOME/USDT:USDT,0.0020784,24.0,0.0020778,48.0,0.0020786,5.0,0.0020788,1.0
1753531744363,12:09:04.363,BOME/USDT:USDT,0.0020778,48.0,0.0020777,89.0,0.0020786,5.0,0.0020788,1.0
1753531744526,12:09:04.526,BOME/USDT:USDT,0.0020778,48.0,0.0020774,90.0,0.0020786,5.0,0.0020788,1.0
1753531744636,12:09:04.636,BOME/USDT:USDT,0.0020778,48.0,0.0020774,90.0,0.0020786,5.0,0.0020788,1.0
1753531745345,12:09:05.345,BOME/USDT:USDT,0.0020778,48.0,0.0020774,90.0,0.0020786,5.0,0.0020788,1.0
1753531746005,12:09:06.005,BOME/USDT:USDT,0.0020778,48.0,0.0020774,90.0,0.0020785,89.0,0.0020786,5.0
1753531746094,12:09:06.094,BOME/USDT:USDT,0.0020778,48.0,0.0020774,90.0,0.0020784,1.0,0.0020785,89.0
1753531746276,12:09:06.276,BOME/USDT:USDT,0.0020772,89.0,0.0020771,50.0,0.0020784,90.0,0.0020789,204.0
1753531746313,12:09:06.313,BOME/USDT:USDT,0.0020776,24.0,0.0020773,89.0,0.0020784,90.0,0.0020789,204.0
1753531746470,12:09:06.470,BOME/USDT:USDT,0.0020776,24.0,0.0020773,89.0,0.0020784,90.0,0.0020789,204.0
1753531746577,12:09:06.577,BOME/USDT:USDT,0.0020776,24.0,0.0020773,89.0,0.0020784,14.0,0.0020789,204.0
1753531746687,12:09:06.687,BOME/USDT:USDT,0.0020781,24.0,0.002078,24.0,0.0020787,89.0,0.0020788,6.0
1753531746780,12:09:06.780,BOME/USDT:USDT,0.0020781,24.0,0.0020775,48.0,0.0020786,1.0,0.0020787,89.0
1753531746884,12:09:06.884,BOME/USDT:USDT,0.0020781,24.0,0.0020775,48.0,0.0020786,1.0,0.0020787,89.0
1753531747046,12:09:07.046,BOME/USDT:USDT,0.0020781,24.0,0.0020775,48.0,0.0020786,90.0,0.0020788,5.0
1753531747184,12:09:07.184,BOME/USDT:USDT,0.0020781,24.0,0.0020775,137.0,0.0020786,90.0,0.0020788,5.0
1753531747472,12:09:07.472,BOME/USDT:USDT,0.0020781,24.0,0.0020775,137.0,0.0020785,150.0,0.0020786,90.0
1753531747497,12:09:07.497,BOME/USDT:USDT,0.0020781,24.0,0.0020775,137.0,0.0020785,150.0,0.0020786,89.0
1753531747669,12:09:07.669,BOME/USDT:USDT,0.0020782,24.0,0.0020775,137.0,0.0020788,94.0,0.0020789,114.0
1753531747718,12:09:07.718,BOME/USDT:USDT,0.0020782,24.0,0.0020776,48.0,0.0020787,90.0,0.0020788,5.0
1753531747822,12:09:07.822,BOME/USDT:USDT,0.0020782,24.0,0.0020776,48.0,0.0020787,90.0,0.0020788,5.0
1753531748021,12:09:08.021,BOME/USDT:USDT,0.0020782,24.0,0.0020776,48.0,0.0020787,90.0,0.0020788,5.0
1753531748166,12:09:08.166,BOME/USDT:USDT,0.0020782,24.0,0.0020776,48.0,0.0020786,150.0,0.0020787,90.0
1753531748193,12:09:08.193,BOME/USDT:USDT,0.0020782,24.0,0.0020776,48.0,0.0020786,150.0,0.0020787,89.0
1753531748369,12:09:08.369,BOME/USDT:USDT,0.0020778,24.0,0.0020777,24.0,0.0020787,89.0,0.0020788,5.0
1753531748442,12:09:08.442,BOME/USDT:USDT,0.0020778,24.0,0.0020775,89.0,0.0020786,1.0,0.0020787,89.0
1753531748550,12:09:08.550,BOME/USDT:USDT,0.0020778,24.0,0.0020775,89.0,0.0020786,1.0,0.0020787,89.0
1753531748860,12:09:08.860,BOME/USDT:USDT,0.0020778,24.0,0.0020775,89.0,0.0020786,1.0,0.0020787,89.0
1753531749868,12:09:09.868,BOME/USDT:USDT,0.0020778,24.0,0.0020775,89.0,0.0020786,1.0,0.0020787,89.0
1753531750085,12:09:10.085,BOME/USDT:USDT,0.0020778,24.0,0.0020775,89.0,0.0020786,1.0,0.0020787,89.0
1753531750172,12:09:10.172,BOME/USDT:USDT,0.0020778,24.0,0.0020775,89.0,0.0020786,95.0,0.0020787,89.0
1753531750314,12:09:10.314,BOME/USDT:USDT,0.0020778,24.0,0.0020775,89.0,0.0020786,95.0,0.0020789,114.0
1753531750970,12:09:10.970,BOME/USDT:USDT,0.0020772,48.0,0.002077,89.0,0.0020785,89.0,0.0020786,6.0
1753531751070,12:09:11.070,BOME/USDT:USDT,0.0020772,48.0,0.002077,89.0,0.0020783,89.0,0.0020784,1.0
1753531751108,12:09:11.108,BOME/USDT:USDT,0.0020772,48.0,0.002077,89.0,0.0020782,1.0,0.0020783,89.0
1753531751198,12:09:11.198,BOME/USDT:USDT,0.0020772,48.0,0.002077,89.0,0.0020782,1.0,0.0020783,89.0
1753531751372,12:09:11.372,BOME/USDT:USDT,0.0020772,48.0,0.002077,89.0,0.0020782,1.0,0.0020783,89.0
1753531751719,12:09:11.719,BOME/USDT:USDT,0.0020772,48.0,0.002077,89.0,0.0020781,89.0,0.0020782,90.0
1753531751885,12:09:11.885,BOME/USDT:USDT,0.0020773,24.0,0.002077,89.0,0.002078,1.0,0.0020781,8.0
1753531751970,12:09:11.970,BOME/USDT:USDT,0.0020777,24.0,0.0020776,24.0,0.0020781,1.0,0.0020785,89.0
1753531752059,12:09:12.059,BOME/USDT:USDT,0.0020779,24.0,0.0020773,89.0,0.0020784,6.0,0.0020785,89.0
1753531752161,12:09:12.161,BOME/USDT:USDT,0.0020779,24.0,0.0020773,137.0,0.0020784,6.0,0.0020785,89.0
1753531752260,12:09:12.260,BOME/USDT:USDT,0.0020779,24.0,0.0020773,137.0,0.0020784,95.0,0.0020789,114.0
1753531752297,12:09:12.297,BOME/USDT:USDT,0.0020779,24.0,0.0020773,137.0,0.0020784,95.0,0.0020789,114.0
1753531752881,12:09:12.881,BOME/USDT:USDT,0.0020779,24.0,0.0020773,137.0,0.0020784,95.0,0.0020789,114.0
1753531753625,12:09:13.625,BOME/USDT:USDT,0.0020779,24.0,0.0020773,137.0,0.0020784,6.0,0.0020789,114.0
1753531753710,12:09:13.710,BOME/USDT:USDT,0.0020779,24.0,0.0020773,137.0,0.0020784,5.0,0.0020788,1.0
1753531753794,12:09:13.794,BOME/USDT:USDT,0.0020779,24.0,0.0020773,137.0,0.0020784,5.0,0.0020788,1.0
1753531754386,12:09:14.386,BOME/USDT:USDT,0.0020779,24.0,0.0020773,137.0,0.0020782,50.0,0.0020783,100.0
1753531754393,12:09:14.393,BOME/USDT:USDT,0.0020779,24.0,0.0020773,137.0,0.0020782,50.0,0.0020783,100.0
1753531754539,12:09:14.539,BOME/USDT:USDT,0.0020773,48.0,0.002077,89.0,0.0020782,139.0,0.0020784,5.0
1753531754670,12:09:14.670,BOME/USDT:USDT,0.0020778,24.0,0.002077,89.0,0.0020781,1.0,0.0020782,50.0
1753531754706,12:09:14.706,BOME/USDT:USDT,0.0020778,24.0,0.0020772,48.0,0.0020781,1.0,0.0020782,50.0
1753531754802,12:09:14.802,BOME/USDT:USDT,0.0020778,24.0,0.0020772,48.0,0.0020781,1.0,0.0020786,89.0
1753531754923,12:09:14.923,BOME/USDT:USDT,0.0020778,24.0,0.0020772,48.0,0.0020781,1.0,0.0020786,89.0
1753531755051,12:09:15.051,BOME/USDT:USDT,0.0020778,24.0,0.0020772,48.0,0.0020781,1.0,0.0020786,89.0
1753531755185,12:09:15.185,BOME/USDT:USDT,0.002078,24.0,0.0020779,24.0,0.0020785,90.0,0.0020786,94.0
1753531755270,12:09:15.270,BOME/USDT:USDT,0.0020781,24.0,0.0020775,48.0,0.0020785,90.0,0.0020786,94.0
1753531755370,12:09:15.370,BOME/USDT:USDT,0.0020777,24.0,0.0020776,24.0,0.0020784,50.0,0.0020785,89.0
1753531755480,12:09:15.480,BOME/USDT:USDT,0.002077,89.0,0.0020768,50.0,0.0020783,90.0,0.0020786,5.0
1753531755785,12:09:15.785,BOME/USDT:USDT,0.0020781,24.0,0.0020772,113.0,0.0020782,50.0,0.0020783,90.0
1753531755845,12:09:15.845,BOME/USDT:USDT,0.0020781,24.0,0.0020772,113.0,0.0020782,50.0,0.0020786,5.0
1753531755959,12:09:15.959,BOME/USDT:USDT,0.0020781,24.0,0.0020772,113.0,0.0020782,100.0,0.0020786,6.0
1753531756052,12:09:16.052,BOME/USDT:USDT,0.0020781,24.0,0.0020775,48.0,0.0020782,100.0,0.0020786,6.0
1753531756582,12:09:16.582,BOME/USDT:USDT,0.0020775,48.0,0.0020768,50.0,0.0020781,89.0,0.0020782,100.0
1753531756679,12:09:16.679,BOME/USDT:USDT,0.002077,137.0,0.0020768,50.0,0.002078,1.0,0.0020787,89.0
1753531756782,12:09:16.782,BOME/USDT:USDT,0.0020772,24.0,0.002077,89.0,0.0020784,89.0,0.0020786,9.0
1753531756886,12:09:16.886,BOME/USDT:USDT,0.0020776,24.0,0.002077,89.0,0.0020782,89.0,0.0020783,1.0
1753531756982,12:09:16.982,BOME/USDT:USDT,0.002077,89.0,0.0020768,50.0,0.0020781,1.0,0.0020782,89.0
1753531757074,12:09:17.074,BOME/USDT:USDT,0.002077,89.0,0.0020768,50.0,0.0020781,98.0,0.0020787,89.0
1753531757109,12:09:17.109,BOME/USDT:USDT,0.002077,89.0,0.0020768,50.0,0.0020781,98.0,0.0020787,89.0
1753531757286,12:09:17.286,BOME/USDT:USDT,0.0020768,50.0,0.0020766,7.0,0.002078,89.0,0.0020781,98.0
1753531757384,12:09:17.384,BOME/USDT:USDT,0.0020769,24.0,0.0020766,7.0,0.0020777,89.0,0.0020779,90.0
1753531757445,12:09:17.445,BOME/USDT:USDT,0.0020769,24.0,0.0020766,7.0,0.0020776,1.0,0.0020777,89.0
1753531757530,12:09:17.530,BOME/USDT:USDT,0.0020769,24.0,0.0020766,7.0,0.0020776,1.0,0.0020777,89.0
1753531757618,12:09:17.618,BOME/USDT:USDT,0.0020769,24.0,0.0020766,7.0,0.0020776,1.0,0.0020777,89.0
1753531757764,12:09:17.764,BOME/USDT:USDT,0.0020769,24.0,0.0020766,7.0,0.0020776,1.0,0.0020779,89.0
1753531757879,12:09:17.879,BOME/USDT:USDT,0.0020772,24.0,0.0020767,89.0,0.0020778,15.0,0.0020781,89.0
1753531757934,12:09:17.934,BOME/USDT:USDT,0.0020772,24.0,0.0020767,89.0,0.0020779,89.0,0.002078,90.0
1753531758069,12:09:18.069,BOME/USDT:USDT,0.0020772,24.0,0.0020766,55.0,0.0020777,89.0,0.0020778,1.0
1753531758158,12:09:18.158,BOME/USDT:USDT,0.0020772,24.0,0.0020766,55.0,0.0020776,1.0,0.0020777,89.0
1753531758233,12:09:18.233,BOME/USDT:USDT,0.0020772,24.0,0.0020766,55.0,0.0020776,1.0,0.002078,89.0
1753531758327,12:09:18.327,BOME/USDT:USDT,0.0020772,24.0,0.0020766,55.0,0.0020779,90.0,0.0020786,50.0
1753531758477,12:09:18.477,BOME/USDT:USDT,0.0020772,24.0,0.0020766,55.0,0.0020779,90.0,0.0020786,50.0
1753531758592,12:09:18.592,BOME/USDT:USDT,0.0020772,24.0,0.0020766,55.0,0.0020779,104.0,0.0020786,50.0
1753531758841,12:09:18.841,BOME/USDT:USDT,0.0020772,24.0,0.0020766,55.0,0.0020779,90.0,0.0020786,50.0
1753531758904,12:09:18.904,BOME/USDT:USDT,0.0020772,24.0,0.0020766,55.0,0.0020779,90.0,0.0020786,50.0
1753531759860,12:09:19.860,BOME/USDT:USDT,0.0020773,24.0,0.0020767,49.0,0.0020778,89.0,0.0020779,1.0
1753531759959,12:09:19.959,BOME/USDT:USDT,0.0020767,49.0,0.0020766,7.0,0.0020777,90.0,0.0020778,89.0
1753531760170,12:09:20.170,BOME/USDT:USDT,0.0020769,24.0,0.0020768,24.0,0.0020777,103.0,0.0020786,50.0
1753531760279,12:09:20.279,BOME/USDT:USDT,0.0020771,24.0,0.0020767,90.0,0.0020777,1.0,0.0020786,50.0
1753531760328,12:09:20.328,BOME/USDT:USDT,0.0020771,24.0,0.0020767,90.0,0.0020784,90.0,0.0020785,1.0
1753531760484,12:09:20.484,BOME/USDT:USDT,0.0020772,24.0,0.0020766,56.0,0.0020781,90.0,0.0020783,1.0
1753531760524,12:09:20.524,BOME/USDT:USDT,0.0020772,24.0,0.0020766,56.0,0.0020779,90.0,0.002078,1.0
1753531760616,12:09:20.616,BOME/USDT:USDT,0.0020772,24.0,0.0020766,56.0,0.0020777,90.0,0.0020778,1.0
1753531760694,12:09:20.694,BOME/USDT:USDT,0.0020772,24.0,0.0020766,56.0,0.0020776,1.0,0.0020777,90.0
1753531760949,12:09:20.949,BOME/USDT:USDT,0.0020772,24.0,0.0020766,56.0,0.0020776,1.0,0.0020777,90.0
1753531760998,12:09:20.998,BOME/USDT:USDT,0.0020772,24.0,0.0020766,56.0,0.0020776,1.0,0.0020777,90.0
1753531761185,12:09:21.185,BOME/USDT:USDT,0.0020766,56.0,0.0020765,50.0,0.0020776,9.0,0.0020777,90.0
1753531761190,12:09:21.190,BOME/USDT:USDT,0.0020766,56.0,0.0020765,50.0,0.0020776,9.0,0.0020777,90.0
1753531761387,12:09:21.387,BOME/USDT:USDT,0.0020772,24.0,0.0020771,24.0,0.0020776,1.0,0.0020779,90.0
1753531761481,12:09:21.481,BOME/USDT:USDT,0.0020773,24.0,0.0020767,139.0,0.0020778,1.0,0.0020781,90.0
1753531761514,12:09:21.514,BOME/USDT:USDT,0.0020773,24.0,0.0020767,139.0,0.002078,1.0,0.0020784,90.0
1753531761664,12:09:21.664,BOME/USDT:USDT,0.0020773,24.0,0.0020767,139.0,0.0020779,90.0,0.002078,8.0
1753531761715,12:09:21.715,BOME/USDT:USDT,0.0020773,24.0,0.0020767,139.0,0.0020778,91.0,0.002078,8.0
1753531761825,12:09:21.825,BOME/USDT:USDT,0.0020773,24.0,0.0020767,139.0,0.0020778,91.0,0.002078,8.0
1753531761970,12:09:21.970,BOME/USDT:USDT,0.0020769,24.0,0.0020768,24.0,0.0020777,90.0,0.0020778,91.0
1753531762081,12:09:22.081,BOME/USDT:USDT,0.0020766,7.0,0.0020765,50.0,0.0020776,9.0,0.0020777,90.0
1753531762158,12:09:22.158,BOME/USDT:USDT,0.0020766,7.0,0.0020765,50.0,0.0020775,90.0,0.0020776,1.0
1753531762276,12:09:22.276,BOME/USDT:USDT,0.0020766,7.0,0.0020765,50.0,0.0020774,91.0,0.0020784,90.0
1753531762359,12:09:22.359,BOME/USDT:USDT,0.0020766,7.0,0.0020765,50.0,0.0020774,91.0,0.0020784,90.0
1753531762469,12:09:22.469,BOME/USDT:USDT,0.0020767,24.0,0.0020766,7.0,0.0020774,1.0,0.0020777,90.0
1753531762569,12:09:22.569,BOME/USDT:USDT,0.002077,24.0,0.0020766,7.0,0.0020776,1.0,0.0020777,90.0
1753531762685,12:09:22.685,BOME/USDT:USDT,0.002077,24.0,0.0020766,7.0,0.0020776,91.0,0.0020782,114.0
1753531762964,12:09:22.964,BOME/USDT:USDT,0.002077,24.0,0.0020766,7.0,0.0020776,91.0,0.0020782,114.0
1753531762992,12:09:22.992,BOME/USDT:USDT,0.002077,24.0,0.0020766,7.0,0.0020775,90.0,0.0020776,1.0
1753531763174,12:09:23.174,BOME/USDT:USDT,0.002077,24.0,0.0020766,7.0,0.0020774,1.0,0.0020775,90.0
1753531763263,12:09:23.263,BOME/USDT:USDT,0.002077,24.0,0.0020766,7.0,0.0020774,1.0,0.002078,90.0
1753531763375,12:09:23.375,BOME/USDT:USDT,0.0020771,24.0,0.0020766,7.0,0.0020777,90.0,0.0020778,13.0
1753531763455,12:09:23.455,BOME/USDT:USDT,0.002077,24.0,0.0020766,7.0,0.0020776,91.0,0.0020778,13.0
1753531763521,12:09:23.521,BOME/USDT:USDT,0.002077,24.0,0.0020766,7.0,0.0020776,91.0,0.0020778,13.0
1753531763783,12:09:23.783,BOME/USDT:USDT,0.002077,24.0,0.0020766,7.0,0.0020775,90.0,0.0020776,1.0
1753531763798,12:09:23.798,BOME/USDT:USDT,0.002077,24.0,0.0020766,7.0,0.0020774,1.0,0.0020775,90.0
1753531763979,12:09:23.979,BOME/USDT:USDT,0.002077,24.0,0.0020766,7.0,0.0020774,1.0,0.0020775,90.0
1753531764211,12:09:24.211,BOME/USDT:USDT,0.002077,24.0,0.0020766,7.0,0.0020774,1.0,0.0020775,90.0
1753531764361,12:09:24.361,BOME/USDT:USDT,0.002077,24.0,0.0020766,7.0,0.0020774,1.0,0.0020775,90.0
1753531764387,12:09:24.387,BOME/USDT:USDT,0.002077,24.0,0.0020766,7.0,0.0020774,1.0,0.0020775,90.0
1753531764535,12:09:24.535,BOME/USDT:USDT,0.002077,24.0,0.0020766,7.0,0.0020774,1.0,0.0020775,90.0
1753531764676,12:09:24.676,BOME/USDT:USDT,0.0020766,7.0,0.0020765,50.0,0.0020774,1.0,0.0020779,90.0
1753531764784,12:09:24.784,BOME/USDT:USDT,0.0020768,24.0,0.0020767,90.0,0.0020774,1.0,0.0020782,114.0
1753531764870,12:09:24.870,BOME/USDT:USDT,0.0020768,90.0,0.0020766,7.0,0.0020781,90.0,0.0020782,114.0
1753531764985,12:09:24.985,BOME/USDT:USDT,0.0020768,90.0,0.0020766,7.0,0.0020781,90.0,0.0020782,114.0
1753531765071,12:09:25.071,BOME/USDT:USDT,0.0020766,7.0,0.0020763,90.0,0.0020778,1.0,0.0020781,90.0
1753531765164,12:09:25.164,BOME/USDT:USDT,0.0020766,7.0,0.0020763,90.0,0.0020779,90.0,0.002078,1.0
1753531765239,12:09:25.239,BOME/USDT:USDT,0.0020766,7.0,0.0020763,90.0,0.0020776,90.0,0.0020778,91.0
1753531765364,12:09:25.364,BOME/USDT:USDT,0.0020766,97.0,0.0020763,90.0,0.0020775,1.0,0.0020778,90.0
1753531765471,12:09:25.471,BOME/USDT:USDT,0.0020766,7.0,0.0020763,90.0,0.0020776,90.0,0.0020777,1.0
1753531765586,12:09:25.586,BOME/USDT:USDT,0.0020766,97.0,0.0020763,90.0,0.0020775,1.0,0.0020776,90.0
1753531765673,12:09:25.673,BOME/USDT:USDT,0.0020767,24.0,0.0020766,7.0,0.0020775,1.0,0.0020781,90.0
1753531765770,12:09:25.770,BOME/USDT:USDT,0.0020771,24.0,0.002077,24.0,0.0020779,90.0,0.002078,1.0
1753531765863,12:09:25.863,BOME/USDT:USDT,0.0020772,24.0,0.0020766,97.0,0.0020777,90.0,0.0020778,1.0
1753531765969,12:09:25.969,BOME/USDT:USDT,0.0020766,7.0,0.0020763,90.0,0.0020776,1.0,0.0020777,90.0
1753531766022,12:09:26.022,BOME/USDT:USDT,0.0020766,7.0,0.0020763,90.0,0.0020776,91.0,0.0020781,90.0
1753531766169,12:09:26.169,BOME/USDT:USDT,0.0020766,7.0,0.0020763,90.0,0.0020775,90.0,0.0020776,91.0
1753531766194,12:09:26.194,BOME/USDT:USDT,0.0020766,7.0,0.0020763,90.0,0.0020774,1.0,0.0020775,90.0
1753531766295,12:09:26.295,BOME/USDT:USDT,0.0020766,7.0,0.0020763,90.0,0.0020774,1.0,0.0020775,90.0
1753531766420,12:09:26.420,BOME/USDT:USDT,0.0020766,7.0,0.0020763,90.0,0.0020774,1.0,0.0020775,90.0
1753531766542,12:09:26.542,BOME/USDT:USDT,0.0020766,7.0,0.0020763,90.0,0.0020774,1.0,0.0020775,90.0
1753531766698,12:09:26.698,BOME/USDT:USDT,0.0020766,7.0,0.0020763,90.0,0.0020774,1.0,0.0020775,90.0
1753531766985,12:09:26.985,BOME/USDT:USDT,0.0020766,7.0,0.0020763,90.0,0.0020773,90.0,0.0020774,91.0
1753531767010,12:09:27.010,BOME/USDT:USDT,0.0020766,7.0,0.002076,139.0,0.0020772,1.0,0.0020773,90.0
1753531767356,12:09:27.356,BOME/USDT:USDT,0.0020766,7.0,0.002076,139.0,0.0020772,1.0,0.0020773,90.0
1753531767549,12:09:27.549,BOME/USDT:USDT,0.0020766,7.0,0.0020752,91.0,0.0020771,90.0,0.0020772,91.0
1753531767672,12:09:27.672,BOME/USDT:USDT,0.0020766,7.0,0.0020759,48.0,0.002077,91.0,0.0020771,90.0
1753531767779,12:09:27.779,BOME/USDT:USDT,0.0020766,7.0,0.0020759,48.0,0.002077,90.0,0.0020776,174.0
1753531767848,12:09:27.848,BOME/USDT:USDT,0.0020766,7.0,0.002076,48.0,0.002077,90.0,0.0020776,174.0
1753531767969,12:09:27.969,BOME/USDT:USDT,0.0020754,90.0,0.0020753,50.0,0.002077,90.0,0.0020776,174.0
1753531768075,12:09:28.075,BOME/USDT:USDT,0.0020754,90.0,0.0020753,50.0,0.002077,90.0,0.0020776,174.0
1753531768180,12:09:28.180,BOME/USDT:USDT,0.0020755,24.0,0.0020754,90.0,0.0020769,91.0,0.002077,90.0
1753531768228,12:09:28.228,BOME/USDT:USDT,0.0020756,90.0,0.0020752,90.0,0.0020768,90.0,0.0020769,1.0
1753531768382,12:09:28.382,BOME/USDT:USDT,0.0020752,90.0,0.002075,50.0,0.0020767,91.0,0.002077,90.0
1753531768458,12:09:28.458,BOME/USDT:USDT,0.0020752,90.0,0.002075,50.0,0.0020767,91.0,0.002077,90.0
1753531768582,12:09:28.582,BOME/USDT:USDT,0.0020752,90.0,0.002075,50.0,0.0020766,90.0,0.0020767,1.0
1753531768671,12:09:28.671,BOME/USDT:USDT,0.0020757,24.0,0.0020755,90.0,0.0020765,1.0,0.002077,90.0
1753531768771,12:09:28.771,BOME/USDT:USDT,0.002076,24.0,0.0020755,90.0,0.0020767,90.0,0.0020769,91.0
1753531768871,12:09:28.871,BOME/USDT:USDT,0.0020752,90.0,0.0020751,48.0,0.0020766,91.0,0.0020769,90.0
1753531768951,12:09:28.951,BOME/USDT:USDT,0.0020753,114.0,0.002075,50.0,0.0020765,90.0,0.0020766,1.0
1753531769034,12:09:29.034,BOME/USDT:USDT,0.0020754,90.0,0.002075,50.0,0.0020764,1.0,0.0020765,90.0
1753531769184,12:09:29.184,BOME/USDT:USDT,0.0020754,90.0,0.002075,50.0,0.0020764,1.0,0.0020765,90.0
1753531769385,12:09:29.385,BOME/USDT:USDT,0.0020754,90.0,0.002075,50.0,0.0020764,1.0,0.0020769,90.0
1753531769485,12:09:29.485,BOME/USDT:USDT,0.0020754,90.0,0.002075,50.0,0.0020768,1.0,0.0020775,50.0
1753531769542,12:09:29.542,BOME/USDT:USDT,0.0020756,90.0,0.0020754,90.0,0.0020768,90.0,0.0020774,1.0
1753531769670,12:09:29.670,BOME/USDT:USDT,0.0020761,24.0,0.002076,24.0,0.0020767,1.0,0.0020768,90.0
1753531769733,12:09:29.733,BOME/USDT:USDT,0.0020762,24.0,0.0020756,138.0,0.0020767,1.0,0.0020768,90.0
1753531769838,12:09:29.838,BOME/USDT:USDT,0.0020762,24.0,0.0020756,138.0,0.0020767,1.0,0.0020768,90.0
1753531769968,12:09:29.968,BOME/USDT:USDT,0.0020763,24.0,0.0020756,138.0,0.0020767,1.0,0.0020773,90.0
1753531770049,12:09:30.049,BOME/USDT:USDT,0.0020763,24.0,0.0020757,48.0,0.0020771,88.0,0.0020772,1.0
1753531770110,12:09:30.110,BOME/USDT:USDT,0.0020763,24.0,0.0020757,48.0,0.0020769,88.0,0.002077,1.0
1753531770275,12:09:30.275,BOME/USDT:USDT,0.0020757,48.0,0.0020756,90.0,0.0020768,1.0,0.0020769,88.0
1753531770386,12:09:30.386,BOME/USDT:USDT,0.0020757,136.0,0.0020754,90.0,0.0020768,1.0,0.0020773,90.0
1753531770480,12:09:30.480,BOME/USDT:USDT,0.0020757,88.0,0.0020754,90.0,0.0020771,88.0,0.0020772,1.0
1753531770516,12:09:30.516,BOME/USDT:USDT,0.0020754,90.0,0.002075,50.0,0.0020769,88.0,0.002077,1.0
1753531770674,12:09:30.674,BOME/USDT:USDT,0.0020756,112.0,0.0020754,90.0,0.0020768,89.0,0.0020769,88.0
1753531770780,12:09:30.780,BOME/USDT:USDT,0.0020758,24.0,0.0020756,88.0,0.0020767,88.0,0.0020768,1.0
1753531770883,12:09:30.883,BOME/USDT:USDT,0.0020761,24.0,0.002076,24.0,0.0020766,1.0,0.0020767,88.0
1753531770986,12:09:30.986,BOME/USDT:USDT,0.0020763,24.0,0.0020757,48.0,0.0020766,1.0,0.0020769,88.0
1753531771069,12:09:31.069,BOME/USDT:USDT,0.0020757,136.0,0.0020754,138.0,0.0020768,1.0,0.0020773,90.0
1753531771110,12:09:31.110,BOME/USDT:USDT,0.0020758,24.0,0.0020757,88.0,0.002077,88.0,0.0020772,1.0
1753531771234,12:09:31.234,BOME/USDT:USDT,0.0020758,24.0,0.0020757,88.0,0.0020769,89.0,0.0020773,90.0
1753531771370,12:09:31.370,BOME/USDT:USDT,0.002076,24.0,0.0020759,88.0,0.0020769,1.0,0.0020773,90.0
1753531771432,12:09:31.432,BOME/USDT:USDT,0.002076,24.0,0.0020757,88.0,0.002077,88.0,0.0020772,89.0
1753531771564,12:09:31.564,BOME/USDT:USDT,0.002076,24.0,0.0020757,88.0,0.0020769,1.0,0.002077,88.0
1753531771656,12:09:31.656,BOME/USDT:USDT,0.002076,24.0,0.0020757,88.0,0.0020769,1.0,0.002077,88.0
1753531771791,12:09:31.791,BOME/USDT:USDT,0.002076,24.0,0.0020757,88.0,0.0020769,1.0,0.002077,88.0
1753531771972,12:09:31.972,BOME/USDT:USDT,0.0020761,24.0,0.002076,24.0,0.0020768,88.0,0.0020769,1.0
1753531772084,12:09:32.084,BOME/USDT:USDT,0.0020763,24.0,0.0020757,136.0,0.0020767,1.0,0.002077,88.0
1753531772185,12:09:32.185,BOME/USDT:USDT,0.0020762,24.0,0.0020761,24.0,0.0020769,1.0,0.0020772,88.0
1753531772274,12:09:32.274,BOME/USDT:USDT,0.0020765,24.0,0.0020759,88.0,0.0020771,89.0,0.0020772,88.0
1753531772346,12:09:32.346,BOME/USDT:USDT,0.0020765,24.0,0.0020759,136.0,0.0020771,89.0,0.0020772,88.0
1753531772449,12:09:32.449,BOME/USDT:USDT,0.0020765,24.0,0.0020759,48.0,0.002077,88.0,0.0020771,1.0
1753531772583,12:09:32.583,BOME/USDT:USDT,0.0020759,48.0,0.0020754,90.0,0.0020769,1.0,0.002077,88.0
1753531772658,12:09:32.658,BOME/USDT:USDT,0.0020759,48.0,0.0020754,90.0,0.0020769,1.0,0.002077,88.0
1753531772737,12:09:32.737,BOME/USDT:USDT,0.002076,88.0,0.0020754,90.0,0.0020769,1.0,0.0020773,114.0
1753531772870,12:09:32.870,BOME/USDT:USDT,0.0020765,24.0,0.0020754,90.0,0.002077,88.0,0.0020772,89.0
1753531772978,12:09:32.978,BOME/USDT:USDT,0.002075,50.0,0.0020749,90.0,0.002077,88.0,0.0020772,89.0
1753531773073,12:09:33.073,BOME/USDT:USDT,0.0020752,88.0,0.002075,50.0,0.0020767,88.0,0.0020769,1.0
1753531773183,12:09:33.183,BOME/USDT:USDT,0.002075,50.0,0.0020748,2.0,0.0020764,88.0,0.0020766,1.0
1753531773284,12:09:33.284,BOME/USDT:USDT,0.002075,24.0,0.0020749,88.0,0.0020764,469.0,0.0020766,1.0
1753531773378,12:09:33.378,BOME/USDT:USDT,0.0020751,112.0,0.002075,24.0,0.0020762,88.0,0.0020763,141.0
1753531773476,12:09:33.476,BOME/USDT:USDT,0.0020752,24.0,0.0020748,2.0,0.0020762,88.0,0.0020763,141.0
1753531773550,12:09:33.550,BOME/USDT:USDT,0.0020752,24.0,0.0020748,2.0,0.0020762,88.0,0.0020763,141.0
1753531773681,12:09:33.681,BOME/USDT:USDT,0.0020752,24.0,0.0020748,2.0,0.0020762,88.0,0.0020763,142.0
1753531773777,12:09:33.777,BOME/USDT:USDT,0.0020752,112.0,0.0020748,2.0,0.0020763,142.0,0.0020764,469.0
1753531773874,12:09:33.874,BOME/USDT:USDT,0.0020756,24.0,0.0020748,2.0,0.0020763,142.0,0.0020764,469.0
1753531773983,12:09:33.983,BOME/USDT:USDT,0.0020756,24.0,0.0020748,2.0,0.0020763,142.0,0.0020764,469.0
1753531774066,12:09:34.066,BOME/USDT:USDT,0.0020751,88.0,0.002075,24.0,0.0020763,142.0,0.0020764,381.0
1753531774184,12:09:34.184,BOME/USDT:USDT,0.0020749,88.0,0.0020748,2.0,0.0020762,88.0,0.0020763,1.0
1753531774225,12:09:34.225,BOME/USDT:USDT,0.002075,24.0,0.0020749,88.0,0.0020761,89.0,0.0020765,114.0
1753531774424,12:09:34.424,BOME/USDT:USDT,0.002075,112.0,0.0020748,2.0,0.0020761,89.0,0.0020765,114.0
1753531774553,12:09:34.553,BOME/USDT:USDT,0.0020751,88.0,0.0020748,2.0,0.0020761,1.0,0.0020764,88.0
1753531774602,12:09:34.602,BOME/USDT:USDT,0.0020751,88.0,0.0020748,2.0,0.0020763,1.0,0.0020764,88.0
1753531774762,12:09:34.762,BOME/USDT:USDT,0.0020751,88.0,0.0020748,2.0,0.0020763,1.0,0.0020765,114.0
1753531774872,12:09:34.872,BOME/USDT:USDT,0.0020753,88.0,0.0020752,88.0,0.0020764,1.0,0.0020765,114.0
1753531774981,12:09:34.981,BOME/USDT:USDT,0.0020753,88.0,0.0020748,2.0,0.0020764,1.0,0.0020765,114.0
1753531775032,12:09:35.032,BOME/USDT:USDT,0.0020753,88.0,0.0020748,2.0,0.0020764,89.0,0.0020765,114.0
1753531775103,12:09:35.103,BOME/USDT:USDT,0.0020753,88.0,0.0020748,2.0,0.0020764,89.0,0.0020765,114.0
1753531775272,12:09:35.272,BOME/USDT:USDT,0.0020753,88.0,0.0020748,2.0,0.0020764,89.0,0.0020765,114.0
1753531775434,12:09:35.434,BOME/USDT:USDT,0.0020753,88.0,0.0020748,2.0,0.0020764,89.0,0.0020765,114.0
1753531775673,12:09:35.673,BOME/USDT:USDT,0.0020754,24.0,0.0020753,112.0,0.0020764,1.0,0.0020765,114.0
1753531775756,12:09:35.756,BOME/USDT:USDT,0.0020758,24.0,0.0020753,88.0,0.0020764,1.0,0.0020765,114.0
1753531775808,12:09:35.808,BOME/USDT:USDT,0.0020758,24.0,0.0020753,88.0,0.0020764,1.0,0.0020765,114.0
1753531776102,12:09:36.102,BOME/USDT:USDT,0.0020758,24.0,0.0020753,88.0,0.0020764,1.0,0.0020765,114.0
1753531776385,12:09:36.385,BOME/USDT:USDT,0.0020758,24.0,0.0020753,88.0,0.0020764,1.0,0.002077,88.0
1753531776470,12:09:36.470,BOME/USDT:USDT,0.002076,24.0,0.0020753,88.0,0.0020769,1.0,0.002077,88.0
1753531776582,12:09:36.582,BOME/USDT:USDT,0.002076,24.0,0.0020753,88.0,0.0020769,1.0,0.0020772,88.0
1753531776669,12:09:36.669,BOME/USDT:USDT,0.0020761,24.0,0.0020753,88.0,0.0020771,89.0,0.0020773,448.0
1753531776730,12:09:36.730,BOME/USDT:USDT,0.0020762,24.0,0.0020753,88.0,0.002077,88.0,0.0020771,89.0
1753531776858,12:09:36.858,BOME/USDT:USDT,0.0020762,24.0,0.0020753,88.0,0.0020769,1.0,0.002077,88.0
1753531776956,12:09:36.956,BOME/USDT:USDT,0.0020762,24.0,0.0020753,88.0,0.0020769,1.0,0.002077,88.0
1753531777051,12:09:37.051,BOME/USDT:USDT,0.0020753,88.0,0.0020748,2.0,0.0020769,89.0,0.0020773,448.0
1753531777249,12:09:37.249,BOME/USDT:USDT,0.0020753,88.0,0.0020748,2.0,0.0020769,89.0,0.0020773,448.0
1753531777381,12:09:37.381,BOME/USDT:USDT,0.0020753,88.0,0.0020748,2.0,0.0020769,89.0,0.0020773,448.0
1753531777460,12:09:37.460,BOME/USDT:USDT,0.0020753,88.0,0.0020748,2.0,0.0020769,89.0,0.0020773,448.0
1753531777675,12:09:37.675,BOME/USDT:USDT,0.0020757,112.0,0.0020753,88.0,0.0020769,1.0,0.0020773,448.0
1753531777715,12:09:37.715,BOME/USDT:USDT,0.0020759,24.0,0.0020758,88.0,0.0020771,88.0,0.0020772,1.0
1753531777829,12:09:37.829,BOME/USDT:USDT,0.0020762,24.0,0.0020759,88.0,0.002077,1.0,0.0020771,88.0
1753531777903,12:09:37.903,BOME/USDT:USDT,0.0020762,24.0,0.0020759,88.0,0.002077,1.0,0.0020771,88.0
1753531778009,12:09:38.009,BOME/USDT:USDT,0.0020762,24.0,0.0020759,88.0,0.002077,1.0,0.0020771,88.0
1753531778101,12:09:38.101,BOME/USDT:USDT,0.0020762,24.0,0.0020759,88.0,0.002077,89.0,0.0020773,448.0
1753531778261,12:09:38.261,BOME/USDT:USDT,0.0020762,24.0,0.0020759,88.0,0.002077,89.0,0.0020773,448.0
1753531778438,12:09:38.438,BOME/USDT:USDT,0.0020762,24.0,0.0020759,88.0,0.002077,89.0,0.0020773,448.0
1753531778562,12:09:38.562,BOME/USDT:USDT,0.0020762,24.0,0.0020759,88.0,0.002077,1.0,0.0020773,448.0
1753531778683,12:09:38.683,BOME/USDT:USDT,0.0020762,24.0,0.0020759,88.0,0.0020772,1.0,0.0020773,448.0
1753531778807,12:09:38.807,BOME/USDT:USDT,0.0020762,24.0,0.0020759,88.0,0.0020772,1.0,0.0020773,448.0
1753531778973,12:09:38.973,BOME/USDT:USDT,0.0020765,24.0,0.0020763,88.0,0.0020772,1.0,0.0020773,448.0
1753531779053,12:09:39.053,BOME/USDT:USDT,0.0020765,24.0,0.0020763,88.0,0.0020772,1.0,0.0020773,448.0
1753531779097,12:09:39.097,BOME/USDT:USDT,0.0020765,24.0,0.0020763,88.0,0.0020772,1.0,0.0020773,448.0
1753531779383,12:09:39.383,BOME/USDT:USDT,0.0020765,24.0,0.0020763,88.0,0.0020772,1.0,0.0020773,448.0
1753531779391,12:09:39.391,BOME/USDT:USDT,0.0020765,24.0,0.0020763,88.0,0.0020772,1.0,0.0020773,448.0
1753531779977,12:09:39.977,BOME/USDT:USDT,0.0020771,24.0,0.0020766,24.0,0.0020772,1.0,0.0020778,88.0
1753531780050,12:09:40.050,BOME/USDT:USDT,0.0020771,24.0,0.0020766,24.0,0.0020776,48.0,0.0020777,90.0
1753531780150,12:09:40.150,BOME/USDT:USDT,0.0020767,24.0,0.0020763,88.0,0.0020775,1.0,0.0020776,137.0
1753531780231,12:09:40.231,BOME/USDT:USDT,0.0020767,24.0,0.0020763,88.0,0.0020775,1.0,0.0020776,137.0
1753531780369,12:09:40.369,BOME/USDT:USDT,0.0020767,24.0,0.0020763,88.0,0.0020775,1.0,0.0020776,48.0
1753531780425,12:09:40.425,BOME/USDT:USDT,0.0020767,24.0,0.0020763,88.0,0.0020775,1.0,0.0020778,88.0
1753531780570,12:09:40.570,BOME/USDT:USDT,0.0020763,88.0,0.0020759,88.0,0.0020777,1.0,0.002078,481.0
1753531780681,12:09:40.681,BOME/USDT:USDT,0.0020758,89.0,0.0020757,24.0,0.0020778,89.0,0.0020779,1.0
1753531780773,12:09:40.773,BOME/USDT:USDT,0.0020765,24.0,0.0020764,24.0,0.0020775,89.0,0.0020777,90.0
1753531780850,12:09:40.850,BOME/USDT:USDT,0.0020766,24.0,0.0020765,89.0,0.0020774,1.0,0.0020777,89.0
