timestamp,time,symbol,bid1_price,bid1_volume,bid2_price,bid2_volume,ask1_price,ask1_volume,ask2_price,ask2_volume
1753531538000,12:05:38.000,ACE/USDT:USDT,0.5743,2000.0,0.5742,2132.0,0.575,15926.0,0.5751,132.0
1753531540059,12:05:40.059,ACE/USDT:USDT,0.5743,2000.0,0.5742,2132.0,0.5751,132.0,0.5755,2000.0
1753531540189,12:05:40.189,ACE/USDT:USDT,0.5743,2000.0,0.5742,2132.0,0.575,15926.0,0.5751,132.0
1753531540680,12:05:40.680,ACE/USDT:USDT,0.5743,2000.0,0.5742,2132.0,0.575,15926.0,0.5751,132.0
1753531543212,12:05:43.212,ACE/USDT:USDT,0.5743,2000.0,0.5742,2132.0,0.575,211.0,0.5751,132.0
1753531543324,12:05:43.324,ACE/USDT:USDT,0.5743,2000.0,0.5742,2132.0,0.575,15926.0,0.5751,132.0
1753531546329,12:05:46.329,ACE/USDT:USDT,0.5743,2000.0,0.5742,2132.0,0.575,343.0,0.5751,132.0
1753531546343,12:05:46.343,ACE/USDT:USDT,0.5743,2000.0,0.5742,2132.0,0.575,132.0,0.5751,132.0
1753531546440,12:05:46.440,ACE/USDT:USDT,0.5743,2000.0,0.5742,2132.0,0.575,15926.0,0.5751,132.0
1753531549405,12:05:49.405,ACE/USDT:USDT,0.5743,2000.0,0.5742,2132.0,0.575,15926.0,0.5751,132.0
1753531550246,12:05:50.246,ACE/USDT:USDT,0.5743,2000.0,0.5742,2132.0,0.575,15926.0,0.5751,132.0
1753531550488,12:05:50.488,ACE/USDT:USDT,0.5743,2000.0,0.5742,2132.0,0.575,15926.0,0.5751,132.0
1753531552589,12:05:52.589,ACE/USDT:USDT,0.5743,2000.0,0.5742,2132.0,0.575,343.0,0.5751,132.0
1753531552706,12:05:52.706,ACE/USDT:USDT,0.5743,2000.0,0.5742,2132.0,0.575,15926.0,0.5751,132.0
1753531553528,12:05:53.528,ACE/USDT:USDT,0.5743,2000.0,0.5742,2000.0,0.575,15926.0,0.5751,132.0
1753531553552,12:05:53.552,ACE/USDT:USDT,0.5743,2000.0,0.5742,2000.0,0.575,16128.0,0.5751,132.0
1753531553642,12:05:53.642,ACE/USDT:USDT,0.5743,2000.0,0.5742,2000.0,0.575,15926.0,0.5751,132.0
1753531554113,12:05:54.113,ACE/USDT:USDT,0.5736,7230.0,0.5735,198.0,0.575,15926.0,0.5751,132.0
1753531554150,12:05:54.150,ACE/USDT:USDT,0.5736,7230.0,0.5735,198.0,0.575,15926.0,0.5751,132.0
1753531554623,12:05:54.623,ACE/USDT:USDT,0.5738,2000.0,0.5737,5229.0,0.575,15794.0,0.5751,132.0
1753531554652,12:05:54.652,ACE/USDT:USDT,0.5738,2000.0,0.5737,5229.0,0.575,15794.0,0.5751,132.0
1753531555720,12:05:55.720,ACE/USDT:USDT,0.5738,2000.0,0.5737,5229.0,0.5751,132.0,0.5755,2000.0
1753531555836,12:05:55.836,ACE/USDT:USDT,0.5738,2000.0,0.5737,5229.0,0.575,15794.0,0.5751,132.0
1753531555916,12:05:55.916,ACE/USDT:USDT,0.5738,2132.0,0.5737,5493.0,0.575,15794.0,0.5751,132.0
1753531555968,12:05:55.968,ACE/USDT:USDT,0.5738,2132.0,0.5737,5493.0,0.575,15794.0,0.5751,132.0
1753531556053,12:05:56.053,ACE/USDT:USDT,0.5738,2132.0,0.5737,5493.0,0.575,15794.0,0.5751,132.0
1753531556389,12:05:56.389,ACE/USDT:USDT,0.5738,2132.0,0.5737,5493.0,0.575,15794.0,0.5751,132.0
1753531557148,12:05:57.148,ACE/USDT:USDT,0.5738,2132.0,0.5737,5493.0,0.575,15996.0,0.5751,132.0
1753531557254,12:05:57.254,ACE/USDT:USDT,0.5738,2132.0,0.5737,5493.0,0.575,15794.0,0.5751,132.0
1753531558852,12:05:58.852,ACE/USDT:USDT,0.5738,2132.0,0.5737,5493.0,0.5751,132.0,0.5755,2000.0
1753531559756,12:05:59.756,ACE/USDT:USDT,0.5739,2000.0,0.5738,2132.0,0.575,15794.0,0.5751,132.0
1753531560008,12:06:00.008,ACE/USDT:USDT,0.5739,2000.0,0.5738,2132.0,0.575,15794.0,0.5751,132.0
1753531561988,12:06:01.988,ACE/USDT:USDT,0.5739,2000.0,0.5738,2132.0,0.5751,132.0,0.5755,2000.0
1753531562129,12:06:02.129,ACE/USDT:USDT,0.5739,2000.0,0.5738,2132.0,0.575,15794.0,0.5751,132.0
1753531562152,12:06:02.152,ACE/USDT:USDT,0.5739,2000.0,0.5738,2132.0,0.575,15794.0,0.5751,132.0
1753531565122,12:06:05.122,ACE/USDT:USDT,0.5739,2000.0,0.5738,2132.0,0.5751,132.0,0.5755,2000.0
1753531565152,12:06:05.152,ACE/USDT:USDT,0.5739,2000.0,0.5738,2132.0,0.5751,132.0,0.5755,2000.0
1753531565264,12:06:05.264,ACE/USDT:USDT,0.5739,2000.0,0.5738,2132.0,0.575,15794.0,0.5751,132.0
1753531568254,12:06:08.254,ACE/USDT:USDT,0.5739,2000.0,0.5738,2132.0,0.5751,132.0,0.5755,2000.0
1753531568520,12:06:08.520,ACE/USDT:USDT,0.5739,2000.0,0.5738,2132.0,0.575,15794.0,0.5751,132.0
1753531568908,12:06:08.908,ACE/USDT:USDT,0.5739,2000.0,0.5738,2132.0,0.575,15794.0,0.5751,132.0
1753531569744,12:06:09.744,ACE/USDT:USDT,0.5739,2000.0,0.5738,2132.0,0.575,15794.0,0.5751,132.0
1753531571424,12:06:11.424,ACE/USDT:USDT,0.5739,2000.0,0.5738,2132.0,0.5751,132.0,0.5755,2000.0
1753531571513,12:06:11.513,ACE/USDT:USDT,0.5739,2000.0,0.5738,2132.0,0.575,15794.0,0.5751,132.0
1753531571785,12:06:11.785,ACE/USDT:USDT,0.5739,2000.0,0.5738,2132.0,0.575,15794.0,0.5751,132.0
1753531571875,12:06:11.875,ACE/USDT:USDT,0.5739,2000.0,0.5738,2132.0,0.575,15794.0,0.5751,132.0
1753531572592,12:06:12.592,ACE/USDT:USDT,0.5739,7227.0,0.5738,2132.0,0.575,15794.0,0.5751,132.0
1753531572863,12:06:12.863,ACE/USDT:USDT,0.574,2000.0,0.5739,7227.0,0.575,15794.0,0.5751,132.0
1753531572992,12:06:12.992,ACE/USDT:USDT,0.574,2000.0,0.5739,7227.0,0.575,15794.0,0.5751,132.0
1753531573541,12:06:13.541,ACE/USDT:USDT,0.574,2000.0,0.5739,7227.0,0.575,15794.0,0.5751,132.0
1753531574522,12:06:14.522,ACE/USDT:USDT,0.574,2000.0,0.5739,7227.0,0.5751,132.0,0.5755,2000.0
1753531574658,12:06:14.658,ACE/USDT:USDT,0.574,2000.0,0.5739,7227.0,0.575,15794.0,0.5751,132.0
1753531574849,12:06:14.849,ACE/USDT:USDT,0.574,2000.0,0.5739,7227.0,0.575,15794.0,0.5751,132.0
1753531575830,12:06:15.830,ACE/USDT:USDT,0.574,2000.0,0.5739,7227.0,0.575,15794.0,0.5751,132.0
1753531577653,12:06:17.653,ACE/USDT:USDT,0.574,2000.0,0.5739,7227.0,0.5751,132.0,0.5755,2000.0
1753531577771,12:06:17.771,ACE/USDT:USDT,0.574,2000.0,0.5739,7227.0,0.575,15794.0,0.5751,132.0
1753531580791,12:06:20.791,ACE/USDT:USDT,0.574,2000.0,0.5739,7227.0,0.5751,132.0,0.5755,2000.0
1753531580910,12:06:20.910,ACE/USDT:USDT,0.574,2000.0,0.5739,7227.0,0.575,15794.0,0.5751,132.0
1753531581076,12:06:21.076,ACE/USDT:USDT,0.574,2000.0,0.5739,2000.0,0.575,15794.0,0.5751,132.0
1753531581570,12:06:21.570,ACE/USDT:USDT,0.574,2000.0,0.5739,2000.0,0.575,15794.0,0.5751,132.0
1753531581662,12:06:21.662,ACE/USDT:USDT,0.574,2000.0,0.5739,2000.0,0.575,15794.0,0.5751,132.0
1753531581768,12:06:21.768,ACE/USDT:USDT,0.5739,2000.0,0.5738,2132.0,0.575,15794.0,0.5751,132.0
1753531582804,12:06:22.804,ACE/USDT:USDT,0.5739,2000.0,0.5738,2132.0,0.575,15794.0,0.5751,132.0
1753531583741,12:06:23.741,ACE/USDT:USDT,0.5739,2000.0,0.5738,2132.0,0.575,15794.0,0.5751,132.0
1753531583931,12:06:23.931,ACE/USDT:USDT,0.5739,2000.0,0.5738,2132.0,0.5751,5348.0,0.5755,2000.0
1753531584052,12:06:24.052,ACE/USDT:USDT,0.5739,2000.0,0.5738,2132.0,0.575,15794.0,0.5751,5348.0
1753531584734,12:06:24.734,ACE/USDT:USDT,0.5739,2000.0,0.5738,2132.0,0.575,15794.0,0.5751,5348.0
1753531584823,12:06:24.823,ACE/USDT:USDT,0.5739,2000.0,0.5738,2132.0,0.575,15794.0,0.5751,5348.0
1753531587062,12:06:27.062,ACE/USDT:USDT,0.5739,2000.0,0.5738,2132.0,0.5751,5348.0,0.5765,345.0
1753531587186,12:06:27.186,ACE/USDT:USDT,0.5739,2000.0,0.5738,2132.0,0.575,15794.0,0.5751,5348.0
1753531590197,12:06:30.197,ACE/USDT:USDT,0.5739,2000.0,0.5738,2132.0,0.5751,5348.0,0.5765,345.0
1753531590334,12:06:30.334,ACE/USDT:USDT,0.5739,2000.0,0.5738,2132.0,0.575,15794.0,0.5751,5348.0
1753531591350,12:06:31.350,ACE/USDT:USDT,0.5739,2000.0,0.5738,2132.0,0.575,21011.0,0.5751,132.0
1753531591991,12:06:31.991,ACE/USDT:USDT,0.5739,2000.0,0.5738,2132.0,0.575,21011.0,0.5751,132.0
1753531592931,12:06:32.931,ACE/USDT:USDT,0.5739,2000.0,0.5738,2132.0,0.5749,5218.0,0.575,15794.0
1753531593035,12:06:33.035,ACE/USDT:USDT,0.5739,2000.0,0.5738,2132.0,0.5749,5218.0,0.575,15794.0
1753531593043,12:06:33.043,ACE/USDT:USDT,0.5739,2000.0,0.5738,2132.0,0.5749,5218.0,0.575,15794.0
1753531593331,12:06:33.331,ACE/USDT:USDT,0.5739,2000.0,0.5738,2132.0,0.5749,5218.0,0.5751,132.0
1753531593478,12:06:33.478,ACE/USDT:USDT,0.5739,2000.0,0.5738,2132.0,0.5749,21012.0,0.5751,132.0
1753531593765,12:06:33.765,ACE/USDT:USDT,0.5739,2000.0,0.5738,2132.0,0.5749,21012.0,0.5751,132.0
1753531594777,12:06:34.777,ACE/USDT:USDT,0.5739,2000.0,0.5738,2132.0,0.5749,21012.0,0.5751,132.0
1753531594999,12:06:34.999,ACE/USDT:USDT,0.5739,2000.0,0.5738,2132.0,0.5749,21012.0,0.5751,132.0
1753531596593,12:06:36.593,ACE/USDT:USDT,0.5739,2000.0,0.5738,2132.0,0.5749,21012.0,0.5751,132.0
1753531596651,12:06:36.651,ACE/USDT:USDT,0.5739,2000.0,0.5738,2132.0,0.5749,21012.0,0.5751,132.0
1753531597588,12:06:37.588,ACE/USDT:USDT,0.5739,2000.0,0.5738,2132.0,0.5748,2000.0,0.5749,21012.0
1753531597867,12:06:37.867,ACE/USDT:USDT,0.5739,2000.0,0.5738,2132.0,0.5748,2000.0,0.5749,21012.0
1753531598685,12:06:38.685,ACE/USDT:USDT,0.5739,2000.0,0.5738,2132.0,0.5748,2000.0,0.5749,21012.0
1753531599598,12:06:39.598,ACE/USDT:USDT,0.5739,2000.0,0.5738,2132.0,0.5748,2000.0,0.5749,5218.0
1753531599726,12:06:39.726,ACE/USDT:USDT,0.5739,2000.0,0.5738,2132.0,0.5748,17794.0,0.5749,5218.0
1753531599907,12:06:39.907,ACE/USDT:USDT,0.5739,2000.0,0.5738,2132.0,0.5748,17794.0,0.5749,5218.0
1753531600361,12:06:40.361,ACE/USDT:USDT,0.5739,2000.0,0.5738,2132.0,0.5748,17794.0,0.5749,5218.0
1753531600727,12:06:40.727,ACE/USDT:USDT,0.5739,2000.0,0.5738,2132.0,0.5748,17794.0,0.5749,5218.0
1753531601546,12:06:41.546,ACE/USDT:USDT,0.5739,2000.0,0.5738,2132.0,0.5748,17794.0,0.5749,5218.0
1753531602730,12:06:42.730,ACE/USDT:USDT,0.5739,2000.0,0.5738,2132.0,0.5748,2000.0,0.5749,5218.0
1753531602859,12:06:42.859,ACE/USDT:USDT,0.5739,2000.0,0.5738,2132.0,0.5748,17794.0,0.5749,5218.0
1753531605866,12:06:45.866,ACE/USDT:USDT,0.5739,2000.0,0.5738,2132.0,0.5748,2000.0,0.5749,5218.0
1753531605986,12:06:45.986,ACE/USDT:USDT,0.5739,2000.0,0.5738,2132.0,0.5748,17794.0,0.5749,5218.0
1753531609029,12:06:49.029,ACE/USDT:USDT,0.5739,2000.0,0.5738,2132.0,0.5748,7219.0,0.5762,2000.0
1753531609118,12:06:49.118,ACE/USDT:USDT,0.5739,2000.0,0.5738,2132.0,0.5748,23013.0,0.5762,2000.0
1753531609450,12:06:49.450,ACE/USDT:USDT,0.5739,2000.0,0.5738,2132.0,0.5748,21013.0,0.5762,2000.0
1753531609614,12:06:49.614,ACE/USDT:USDT,0.5739,2000.0,0.5738,2132.0,0.5748,21013.0,0.5762,2000.0
1753531610965,12:06:50.965,ACE/USDT:USDT,0.5739,2000.0,0.5738,2132.0,0.5748,21013.0,0.5761,345.0
1753531611237,12:06:51.237,ACE/USDT:USDT,0.5739,2000.0,0.5738,2132.0,0.5748,21013.0,0.5761,345.0
1753531611434,12:06:51.434,ACE/USDT:USDT,0.5739,2000.0,0.5738,2132.0,0.5748,21013.0,0.5761,345.0
1753531611441,12:06:51.441,ACE/USDT:USDT,0.5739,2000.0,0.5738,2132.0,0.5748,21013.0,0.5765,345.0
1753531611660,12:06:51.660,ACE/USDT:USDT,0.5739,2000.0,0.5738,2132.0,0.5748,21013.0,0.5765,345.0
1753531612118,12:06:52.118,ACE/USDT:USDT,0.5739,2000.0,0.5738,2132.0,0.5748,5219.0,0.5765,345.0
1753531612252,12:06:52.252,ACE/USDT:USDT,0.5739,2000.0,0.5738,2132.0,0.5748,21013.0,0.5765,345.0
1753531612455,12:06:52.455,ACE/USDT:USDT,0.5739,2000.0,0.5738,2132.0,0.5748,21013.0,0.5765,345.0
1753531615262,12:06:55.262,ACE/USDT:USDT,0.5739,2000.0,0.5738,2132.0,0.5748,5219.0,0.5765,345.0
1753531615384,12:06:55.384,ACE/USDT:USDT,0.5739,2000.0,0.5738,2132.0,0.5748,21013.0,0.5765,345.0
1753531618386,12:06:58.386,ACE/USDT:USDT,0.5739,2000.0,0.5738,2132.0,0.5748,5219.0,0.5765,345.0
1753531618514,12:06:58.514,ACE/USDT:USDT,0.5739,2000.0,0.5738,2132.0,0.5748,21013.0,0.5765,345.0
1753531621516,12:07:01.516,ACE/USDT:USDT,0.5739,2000.0,0.5738,2132.0,0.5748,5219.0,0.5765,345.0
1753531621645,12:07:01.645,ACE/USDT:USDT,0.5739,2000.0,0.5738,2132.0,0.5748,21013.0,0.5765,345.0
1753531624650,12:07:04.650,ACE/USDT:USDT,0.5739,2000.0,0.5738,2132.0,0.5748,5219.0,0.5765,345.0
1753531624822,12:07:04.822,ACE/USDT:USDT,0.5739,2000.0,0.5738,2264.0,0.5743,1.0,0.5748,21013.0
1753531624973,12:07:04.973,ACE/USDT:USDT,0.5739,2000.0,0.5738,2264.0,0.5743,1.0,0.5748,21013.0
1753531625830,12:07:05.830,ACE/USDT:USDT,0.5739,2000.0,0.5738,2264.0,0.5743,1.0,0.5748,21013.0
1753531627794,12:07:07.794,ACE/USDT:USDT,0.5739,2000.0,0.5738,2264.0,0.5743,1.0,0.5748,5219.0
1753531627927,12:07:07.927,ACE/USDT:USDT,0.5739,2000.0,0.5738,2264.0,0.5743,15795.0,0.5748,5219.0
1753531628018,12:07:08.018,ACE/USDT:USDT,0.5739,2000.0,0.5738,2264.0,0.5743,15794.0,0.5748,5219.0
1753531628149,12:07:08.149,ACE/USDT:USDT,0.5739,2000.0,0.5738,2264.0,0.5743,9782.0,0.5748,5219.0
1753531628312,12:07:08.312,ACE/USDT:USDT,0.5739,2000.0,0.5738,2264.0,0.5743,9606.0,0.5748,5219.0
1753531628484,12:07:08.484,ACE/USDT:USDT,0.5739,2000.0,0.5738,2264.0,0.5748,5219.0,0.5765,345.0
1753531628698,12:07:08.698,ACE/USDT:USDT,0.5739,2000.0,0.5738,2264.0,0.5748,5219.0,0.5765,345.0
1753531630611,12:07:10.611,ACE/USDT:USDT,0.5739,2000.0,0.5738,2264.0,0.5748,5219.0,0.5765,345.0
1753531633733,12:07:13.733,ACE/USDT:USDT,0.5739,2000.0,0.5738,2264.0,0.5748,5219.0,0.5765,345.0
1753531633736,12:07:13.736,ACE/USDT:USDT,0.5739,2000.0,0.5738,2264.0,0.5748,5219.0,0.5765,345.0
1753531634565,12:07:14.565,ACE/USDT:USDT,0.5739,2000.0,0.5738,2264.0,0.5748,5219.0,0.5765,345.0
1753531634938,12:07:14.938,ACE/USDT:USDT,0.5739,2000.0,0.5738,2264.0,0.5748,5219.0,0.5765,345.0
1753531635515,12:07:15.515,ACE/USDT:USDT,0.5739,2000.0,0.5738,2264.0,0.5748,5219.0,0.576,6324.0
1753531635634,12:07:15.634,ACE/USDT:USDT,0.5739,2000.0,0.5738,2264.0,0.5748,5219.0,0.5759,345.0
1753531635659,12:07:15.659,ACE/USDT:USDT,0.5739,2000.0,0.5738,2264.0,0.5748,5219.0,0.5759,345.0
1753531635773,12:07:15.773,ACE/USDT:USDT,0.5739,2000.0,0.5738,2264.0,0.5748,5219.0,0.5759,345.0
1753531635914,12:07:15.914,ACE/USDT:USDT,0.5739,2000.0,0.5738,2264.0,0.5748,5219.0,0.5759,345.0
1753531635958,12:07:15.958,ACE/USDT:USDT,0.5739,2000.0,0.5738,2264.0,0.5748,5219.0,0.5759,345.0
1753531636150,12:07:16.150,ACE/USDT:USDT,0.5739,2000.0,0.5738,2264.0,0.5748,5219.0,0.5759,345.0
1753531636546,12:07:16.546,ACE/USDT:USDT,0.5739,2000.0,0.5738,2264.0,0.5748,5219.0,0.5759,345.0
1753531636680,12:07:16.680,ACE/USDT:USDT,0.5739,2000.0,0.5738,2264.0,0.5748,5219.0,0.5759,345.0
1753531636850,12:07:16.850,ACE/USDT:USDT,0.5739,2000.0,0.5738,2264.0,0.5748,5219.0,0.5759,345.0
1753531638126,12:07:18.126,ACE/USDT:USDT,0.5739,2000.0,0.5738,2264.0,0.5748,5219.0,0.5759,345.0
1753531638507,12:07:18.507,ACE/USDT:USDT,0.5739,2000.0,0.5738,2264.0,0.5748,5219.0,0.5759,345.0
1753531639036,12:07:19.036,ACE/USDT:USDT,0.5739,2000.0,0.5738,2264.0,0.5748,5219.0,0.5759,345.0
1753531639060,12:07:19.060,ACE/USDT:USDT,0.5739,2000.0,0.5738,2264.0,0.5748,5219.0,0.5759,345.0
1753531639781,12:07:19.781,ACE/USDT:USDT,0.5739,2000.0,0.5738,2264.0,0.5748,5219.0,0.5759,345.0
1753531641305,12:07:21.305,ACE/USDT:USDT,0.5739,2000.0,0.5738,2264.0,0.5748,5219.0,0.5759,345.0
1753531641699,12:07:21.699,ACE/USDT:USDT,0.5739,2000.0,0.5738,2264.0,0.5748,5219.0,0.5759,345.0
1753531642610,12:07:22.610,ACE/USDT:USDT,0.5739,2000.0,0.5738,2264.0,0.5748,5219.0,0.5759,345.0
1753531644013,12:07:24.013,ACE/USDT:USDT,0.5739,2000.0,0.5738,2264.0,0.5748,5219.0,0.5759,345.0
1753531645579,12:07:25.579,ACE/USDT:USDT,0.5739,2000.0,0.5738,2264.0,0.5748,5219.0,0.576,345.0
1753531645764,12:07:25.764,ACE/USDT:USDT,0.5739,2000.0,0.5738,2264.0,0.5748,5219.0,0.576,345.0
1753531647618,12:07:27.618,ACE/USDT:USDT,0.5739,2000.0,0.5738,2264.0,0.5748,5219.0,0.576,6669.0
1753531647821,12:07:27.821,ACE/USDT:USDT,0.5739,2000.0,0.5738,2264.0,0.5748,5219.0,0.576,6669.0
1753531648793,12:07:28.793,ACE/USDT:USDT,0.5739,2000.0,0.5738,2264.0,0.5748,5219.0,0.576,6669.0
1753531650079,12:07:30.079,ACE/USDT:USDT,0.5739,2000.0,0.5738,2264.0,0.5748,5219.0,0.576,6669.0
1753531650662,12:07:30.662,ACE/USDT:USDT,0.5739,2000.0,0.5738,2264.0,0.5748,5219.0,0.576,6669.0
1753531655692,12:07:35.692,ACE/USDT:USDT,0.5738,2264.0,0.5737,132.0,0.5748,5219.0,0.576,6669.0
1753531655812,12:07:35.812,ACE/USDT:USDT,0.5738,2264.0,0.5737,132.0,0.5748,5219.0,0.576,6669.0
1753531656485,12:07:36.485,ACE/USDT:USDT,0.5738,2264.0,0.5737,132.0,0.5748,5219.0,0.576,6669.0
1753531656599,12:07:36.599,ACE/USDT:USDT,0.5738,2264.0,0.5737,132.0,0.5748,5219.0,0.576,6669.0
1753531656719,12:07:36.719,ACE/USDT:USDT,0.5738,2264.0,0.5737,132.0,0.5748,5219.0,0.576,6669.0
1753531657040,12:07:37.040,ACE/USDT:USDT,0.5738,2264.0,0.5737,132.0,0.5748,5219.0,0.576,6669.0
1753531657720,12:07:37.720,ACE/USDT:USDT,0.5738,2264.0,0.5737,132.0,0.5748,6089.0,0.576,6669.0
1753531661889,12:07:41.889,ACE/USDT:USDT,0.5738,2264.0,0.5737,132.0,0.5747,7220.0,0.5759,2000.0
1753531661993,12:07:41.993,ACE/USDT:USDT,0.5738,2264.0,0.5737,132.0,0.5747,7220.0,0.5759,2000.0
1753531662431,12:07:42.431,ACE/USDT:USDT,0.5738,2264.0,0.5737,132.0,0.5747,7220.0,0.5759,2000.0
1753531662441,12:07:42.441,ACE/USDT:USDT,0.5738,2264.0,0.5737,132.0,0.5747,7220.0,0.5759,2000.0
1753531662861,12:07:42.861,ACE/USDT:USDT,0.5738,2264.0,0.5737,132.0,0.5747,7220.0,0.5759,2000.0
1753531662939,12:07:42.939,ACE/USDT:USDT,0.5738,2264.0,0.5737,132.0,0.5747,7220.0,0.5759,2000.0
1753531663288,12:07:43.288,ACE/USDT:USDT,0.5738,2264.0,0.5737,132.0,0.5747,7220.0,0.5759,2000.0
1753531663479,12:07:43.479,ACE/USDT:USDT,0.5736,2000.0,0.5735,198.0,0.5746,5221.0,0.5747,2870.0
1753531663554,12:07:43.554,ACE/USDT:USDT,0.5736,2000.0,0.5735,198.0,0.5746,5221.0,0.5747,2870.0
1753531663726,12:07:43.726,ACE/USDT:USDT,0.5736,2000.0,0.5735,198.0,0.5746,5221.0,0.5747,2870.0
1753531663837,12:07:43.837,ACE/USDT:USDT,0.5736,2000.0,0.5735,198.0,0.5746,5221.0,0.5747,870.0
1753531664602,12:07:44.602,ACE/USDT:USDT,0.5736,2000.0,0.5735,198.0,0.5746,5221.0,0.5759,2000.0
1753531664707,12:07:44.707,ACE/USDT:USDT,0.5736,2000.0,0.5735,198.0,0.5746,5221.0,0.5759,2000.0
1753531665027,12:07:45.027,ACE/USDT:USDT,0.5736,2000.0,0.5735,198.0,0.5746,5221.0,0.5759,2000.0
1753531666374,12:07:46.374,ACE/USDT:USDT,0.5736,2000.0,0.5735,198.0,0.5746,5221.0,0.5758,345.0
1753531666514,12:07:46.514,ACE/USDT:USDT,0.5736,2000.0,0.5735,198.0,0.5746,5221.0,0.5758,345.0
1753531667030,12:07:47.030,ACE/USDT:USDT,0.5736,2000.0,0.5735,198.0,0.5746,5221.0,0.5758,345.0
1753531667534,12:07:47.534,ACE/USDT:USDT,0.5736,2000.0,0.5735,198.0,0.5746,5221.0,0.5758,345.0
1753531667793,12:07:47.793,ACE/USDT:USDT,0.5736,2000.0,0.5735,198.0,0.5746,5221.0,0.5758,345.0
1753531667861,12:07:47.861,ACE/USDT:USDT,0.5736,2000.0,0.5735,198.0,0.5746,5221.0,0.5758,345.0
1753531668739,12:07:48.739,ACE/USDT:USDT,0.5736,2000.0,0.5735,198.0,0.5746,5221.0,0.5758,345.0
1753531677258,12:07:57.258,ACE/USDT:USDT,0.5736,2000.0,0.5735,198.0,0.5746,5221.0,0.5759,345.0
1753531681539,12:08:01.539,ACE/USDT:USDT,0.5736,2000.0,0.5735,198.0,0.5746,5221.0,0.5759,345.0
1753531696134,12:08:16.134,ACE/USDT:USDT,0.5736,2000.0,0.5735,198.0,0.5746,5221.0,0.5759,345.0
1753531697035,12:08:17.035,ACE/USDT:USDT,0.5736,2000.0,0.5735,198.0,0.5746,5221.0,0.5759,345.0
1753531697058,12:08:17.058,ACE/USDT:USDT,0.5736,2000.0,0.5735,198.0,0.5746,5221.0,0.5759,345.0
1753531698079,12:08:18.079,ACE/USDT:USDT,0.5736,2000.0,0.5735,198.0,0.5746,5221.0,0.5759,345.0
1753531699659,12:08:19.659,ACE/USDT:USDT,0.5736,2000.0,0.5735,198.0,0.5746,5221.0,0.5759,345.0
1753531705599,12:08:25.599,ACE/USDT:USDT,0.5736,2000.0,0.5735,198.0,0.5746,5221.0,0.5759,7681.0
1753531708602,12:08:28.602,ACE/USDT:USDT,0.5736,2000.0,0.5735,198.0,0.5746,5221.0,0.5759,7681.0
1753531709005,12:08:29.005,ACE/USDT:USDT,0.5736,2000.0,0.5735,198.0,0.5746,5221.0,0.5759,7681.0
1753531709140,12:08:29.140,ACE/USDT:USDT,0.5736,2000.0,0.5735,198.0,0.5746,5221.0,0.5759,7681.0
1753531709567,12:08:29.567,ACE/USDT:USDT,0.5736,2000.0,0.5735,198.0,0.5746,5221.0,0.5759,7681.0
1753531710940,12:08:30.940,ACE/USDT:USDT,0.5736,2000.0,0.5735,198.0,0.5746,5221.0,0.5759,7681.0
1753531711224,12:08:31.224,ACE/USDT:USDT,0.5736,2000.0,0.5735,198.0,0.5746,6091.0,0.5759,7681.0
1753531711299,12:08:31.299,ACE/USDT:USDT,0.5736,968.0,0.5735,198.0,0.5746,6091.0,0.5759,7681.0
1753531711395,12:08:31.395,ACE/USDT:USDT,0.5731,1968.0,0.573,1191.0,0.5746,6091.0,0.5759,7681.0
1753531711500,12:08:31.500,ACE/USDT:USDT,0.5731,1968.0,0.573,1191.0,0.5746,6091.0,0.5759,7681.0
1753531711628,12:08:31.628,ACE/USDT:USDT,0.5731,1968.0,0.573,1191.0,0.5746,6091.0,0.5759,7681.0
1753531711681,12:08:31.681,ACE/USDT:USDT,0.5731,1968.0,0.573,1191.0,0.5746,6091.0,0.5759,7681.0
1753531711782,12:08:31.782,ACE/USDT:USDT,0.5731,1968.0,0.573,1191.0,0.5746,6091.0,0.5759,7681.0
1753531711936,12:08:31.936,ACE/USDT:USDT,0.5731,1968.0,0.573,1191.0,0.5746,6091.0,0.5759,7681.0
1753531711965,12:08:31.965,ACE/USDT:USDT,0.5731,1968.0,0.573,1191.0,0.5746,6091.0,0.5759,7681.0
1753531712039,12:08:32.039,ACE/USDT:USDT,0.5731,1968.0,0.573,1191.0,0.5746,5221.0,0.5759,7681.0
1753531712389,12:08:32.389,ACE/USDT:USDT,0.5731,1968.0,0.573,1191.0,0.5746,5221.0,0.5759,7681.0
1753531712521,12:08:32.521,ACE/USDT:USDT,0.5731,1968.0,0.573,1191.0,0.5746,8840.0,0.5759,7681.0
1753531715527,12:08:35.527,ACE/USDT:USDT,0.5731,1968.0,0.573,1191.0,0.5746,5221.0,0.5759,7681.0
1753531715556,12:08:35.556,ACE/USDT:USDT,0.5731,1968.0,0.573,1191.0,0.5746,6091.0,0.5759,7681.0
1753531715655,12:08:35.655,ACE/USDT:USDT,0.5731,1968.0,0.573,1191.0,0.5746,9710.0,0.5759,7681.0
1753531715922,12:08:35.922,ACE/USDT:USDT,0.5731,1968.0,0.573,1191.0,0.5746,9710.0,0.5759,7681.0
1753531716755,12:08:36.755,ACE/USDT:USDT,0.5731,1968.0,0.573,1191.0,0.5746,9710.0,0.5759,7681.0
1753531716898,12:08:36.898,ACE/USDT:USDT,0.5731,1968.0,0.573,1191.0,0.5746,9710.0,0.5759,7681.0
1753531716980,12:08:36.980,ACE/USDT:USDT,0.5731,1968.0,0.573,1191.0,0.5746,9710.0,0.5751,345.0
1753531718174,12:08:38.174,ACE/USDT:USDT,0.5731,1968.0,0.573,1191.0,0.5746,9710.0,0.5751,345.0
1753531718243,12:08:38.243,ACE/USDT:USDT,0.5731,1968.0,0.573,1191.0,0.5746,10842.0,0.5751,345.0
1753531718656,12:08:38.656,ACE/USDT:USDT,0.5731,1968.0,0.573,1191.0,0.5746,7223.0,0.5751,345.0
1753531718785,12:08:38.785,ACE/USDT:USDT,0.5731,1968.0,0.573,1191.0,0.5746,10842.0,0.5751,345.0
1753531718860,12:08:38.860,ACE/USDT:USDT,0.5731,1968.0,0.573,1191.0,0.5746,10842.0,0.5751,345.0
1753531719083,12:08:39.083,ACE/USDT:USDT,0.5731,1968.0,0.573,1191.0,0.5746,10842.0,0.5751,345.0
1753531719213,12:08:39.213,ACE/USDT:USDT,0.5731,1968.0,0.573,1191.0,0.5746,10842.0,0.5751,345.0
1753531719758,12:08:39.758,ACE/USDT:USDT,0.5731,1968.0,0.573,1191.0,0.5745,3580.0,0.5746,11933.0
1753531720220,12:08:40.220,ACE/USDT:USDT,0.5731,1968.0,0.573,1191.0,0.5744,5222.0,0.5746,4751.0
1753531720275,12:08:40.275,ACE/USDT:USDT,0.5731,1968.0,0.573,1191.0,0.5744,7284.0,0.5746,4751.0
1753531720516,12:08:40.516,ACE/USDT:USDT,0.5731,1968.0,0.573,1191.0,0.5744,7284.0,0.5746,3619.0
1753531720630,12:08:40.630,ACE/USDT:USDT,0.5731,1968.0,0.573,1191.0,0.5744,7284.0,0.5746,3619.0
1753531720730,12:08:40.730,ACE/USDT:USDT,0.5731,1968.0,0.573,1191.0,0.5744,7284.0,0.5746,3619.0
1753531721025,12:08:41.025,ACE/USDT:USDT,0.5731,1968.0,0.573,1191.0,0.5744,7284.0,0.5746,3619.0
1753531721058,12:08:41.058,ACE/USDT:USDT,0.5731,1968.0,0.573,1191.0,0.5744,7284.0,0.5746,3619.0
1753531721191,12:08:41.191,ACE/USDT:USDT,0.5731,1968.0,0.573,1191.0,0.5744,7284.0,0.5746,3619.0
1753531721573,12:08:41.573,ACE/USDT:USDT,0.5731,1968.0,0.573,1191.0,0.5744,8289.0,0.5746,3619.0
1753531721814,12:08:41.814,ACE/USDT:USDT,0.5731,1968.0,0.573,1191.0,0.5744,8289.0,0.5751,345.0
1753531721935,12:08:41.935,ACE/USDT:USDT,0.5731,1968.0,0.573,1191.0,0.5743,3572.0,0.5744,11908.0
1753531721994,12:08:41.994,ACE/USDT:USDT,0.5731,1968.0,0.573,1191.0,0.5742,5224.0,0.5744,3619.0
1753531722153,12:08:42.153,ACE/USDT:USDT,0.5731,1968.0,0.573,1191.0,0.5742,5224.0,0.5744,3619.0
1753531722284,12:08:42.284,ACE/USDT:USDT,0.5731,1968.0,0.573,1191.0,0.5742,5224.0,0.5744,3619.0
1753531723109,12:08:43.109,ACE/USDT:USDT,0.5731,1968.0,0.573,1191.0,0.5742,5224.0,0.5744,3619.0
1753531724931,12:08:44.931,ACE/USDT:USDT,0.5731,1968.0,0.573,1191.0,0.5742,5224.0,0.5751,345.0
1753531724953,12:08:44.953,ACE/USDT:USDT,0.5731,1968.0,0.573,1191.0,0.5742,5224.0,0.5751,345.0
1753531725134,12:08:45.134,ACE/USDT:USDT,0.5731,1968.0,0.573,1191.0,0.5742,8843.0,0.5751,345.0
1753531725156,12:08:45.156,ACE/USDT:USDT,0.5731,1968.0,0.573,1191.0,0.5741,7225.0,0.5742,3619.0
1753531725959,12:08:45.959,ACE/USDT:USDT,0.5731,1968.0,0.573,1191.0,0.5741,7225.0,0.5742,3619.0
1753531726195,12:08:46.195,ACE/USDT:USDT,0.5731,1968.0,0.573,1191.0,0.5741,7225.0,0.5742,3619.0
1753531726382,12:08:46.382,ACE/USDT:USDT,0.5731,1968.0,0.573,1191.0,0.5741,7225.0,0.5742,3619.0
1753531728058,12:08:48.058,ACE/USDT:USDT,0.5731,1968.0,0.573,1191.0,0.5741,7225.0,0.5751,2345.0
1753531728187,12:08:48.187,ACE/USDT:USDT,0.5731,1968.0,0.573,1191.0,0.5741,10844.0,0.5751,2345.0
1753531728416,12:08:48.416,ACE/USDT:USDT,0.5731,1968.0,0.573,1191.0,0.5741,10844.0,0.5751,2345.0
1753531729087,12:08:49.087,ACE/USDT:USDT,0.5731,1968.0,0.573,1191.0,0.5741,10844.0,0.5751,2345.0
1753531729234,12:08:49.234,ACE/USDT:USDT,0.5731,1968.0,0.573,1191.0,0.5741,10844.0,0.5751,2345.0
1753531731200,12:08:51.200,ACE/USDT:USDT,0.5731,1968.0,0.573,1191.0,0.5741,7225.0,0.5751,2345.0
1753531731326,12:08:51.326,ACE/USDT:USDT,0.5731,1968.0,0.573,1191.0,0.5741,10844.0,0.5751,2345.0
1753531732256,12:08:52.256,ACE/USDT:USDT,0.5731,1968.0,0.573,1191.0,0.5741,10844.0,0.5751,2345.0
1753531732493,12:08:52.493,ACE/USDT:USDT,0.5731,1968.0,0.573,1191.0,0.5741,10844.0,0.5751,2345.0
1753531732908,12:08:52.908,ACE/USDT:USDT,0.5731,1968.0,0.573,1191.0,0.5741,10844.0,0.5751,2345.0
1753531734329,12:08:54.329,ACE/USDT:USDT,0.5731,1968.0,0.573,1191.0,0.5741,7225.0,0.5751,2345.0
1753531734528,12:08:54.528,ACE/USDT:USDT,0.5731,1968.0,0.573,1191.0,0.5741,10844.0,0.5751,2345.0
1753531736466,12:08:56.466,ACE/USDT:USDT,0.5731,1968.0,0.573,1191.0,0.5741,10844.0,0.5751,2345.0
1753531736553,12:08:56.553,ACE/USDT:USDT,0.5731,1968.0,0.573,1191.0,0.5741,10844.0,0.5751,2345.0
1753531737466,12:08:57.466,ACE/USDT:USDT,0.5731,1968.0,0.573,1191.0,0.5741,7225.0,0.5751,2345.0
1753531737595,12:08:57.595,ACE/USDT:USDT,0.5731,1968.0,0.573,1191.0,0.5741,10844.0,0.5751,2345.0
1753531738802,12:08:58.802,ACE/USDT:USDT,0.5731,1968.0,0.573,1191.0,0.574,5226.0,0.5741,5619.0
1753531738896,12:08:58.896,ACE/USDT:USDT,0.5731,1968.0,0.573,1191.0,0.574,5226.0,0.5741,5619.0
1753531739013,12:08:59.013,ACE/USDT:USDT,0.5731,1968.0,0.573,1191.0,0.574,5226.0,0.5741,3619.0
1753531739056,12:08:59.056,ACE/USDT:USDT,0.5731,1968.0,0.573,1191.0,0.574,5226.0,0.5741,3619.0
1753531740600,12:09:00.600,ACE/USDT:USDT,0.5731,1968.0,0.573,1191.0,0.574,5226.0,0.5751,2345.0
1753531740765,12:09:00.765,ACE/USDT:USDT,0.5731,1968.0,0.573,1191.0,0.574,8845.0,0.5751,2345.0
1753531740855,12:09:00.855,ACE/USDT:USDT,0.5731,1968.0,0.573,1191.0,0.574,8845.0,0.5751,2345.0
1753531741026,12:09:01.026,ACE/USDT:USDT,0.5731,1968.0,0.573,1191.0,0.574,8845.0,0.5751,2345.0
1753531743775,12:09:03.775,ACE/USDT:USDT,0.5731,1968.0,0.573,1191.0,0.574,5226.0,0.5751,2345.0
1753531743887,12:09:03.887,ACE/USDT:USDT,0.5731,1968.0,0.573,1191.0,0.574,8845.0,0.5751,2345.0
1753531744104,12:09:04.104,ACE/USDT:USDT,0.5731,1968.0,0.573,1191.0,0.574,8845.0,0.5751,2345.0
1753531744914,12:09:04.914,ACE/USDT:USDT,0.5731,1968.0,0.573,1191.0,0.574,8845.0,0.5751,2345.0
1753531744956,12:09:04.956,ACE/USDT:USDT,0.5731,1968.0,0.573,1191.0,0.574,8845.0,0.5751,2345.0
1753531745065,12:09:05.065,ACE/USDT:USDT,0.5731,1968.0,0.573,1191.0,0.574,8845.0,0.5751,2345.0
1753531745733,12:09:05.733,ACE/USDT:USDT,0.5731,2232.0,0.573,1191.0,0.5738,1.0,0.574,8845.0
1753531745817,12:09:05.817,ACE/USDT:USDT,0.5731,2232.0,0.573,1191.0,0.574,8845.0,0.5751,2345.0
1753531745894,12:09:05.894,ACE/USDT:USDT,0.5731,2232.0,0.573,1191.0,0.574,8845.0,0.5751,2345.0
1753531746888,12:09:06.888,ACE/USDT:USDT,0.5731,2232.0,0.573,1191.0,0.574,5226.0,0.5751,2345.0
1753531747006,12:09:07.006,ACE/USDT:USDT,0.5731,2232.0,0.573,1191.0,0.574,8845.0,0.5751,2345.0
1753531747094,12:09:07.094,ACE/USDT:USDT,0.5731,2232.0,0.573,1191.0,0.574,8845.0,0.5751,2345.0
1753531749704,12:09:09.704,ACE/USDT:USDT,0.5731,2232.0,0.573,1191.0,0.574,8845.0,0.5751,2345.0
1753531749928,12:09:09.928,ACE/USDT:USDT,0.5731,2232.0,0.573,1191.0,0.574,8845.0,0.5751,2345.0
1753531750016,12:09:10.016,ACE/USDT:USDT,0.5731,2232.0,0.573,1191.0,0.574,5226.0,0.5751,2345.0
1753531750129,12:09:10.129,ACE/USDT:USDT,0.5731,2232.0,0.573,1191.0,0.574,8845.0,0.5751,2345.0
1753531752560,12:09:12.560,ACE/USDT:USDT,0.5731,2232.0,0.573,1191.0,0.574,8845.0,0.5751,2345.0
1753531752757,12:09:12.757,ACE/USDT:USDT,0.5731,2232.0,0.573,1191.0,0.574,8845.0,0.5751,2345.0
1753531753131,12:09:13.131,ACE/USDT:USDT,0.5731,2232.0,0.573,1191.0,0.574,5226.0,0.5751,2345.0
1753531753255,12:09:13.255,ACE/USDT:USDT,0.5731,2232.0,0.573,1191.0,0.574,8845.0,0.5751,2345.0
1753531755834,12:09:15.834,ACE/USDT:USDT,0.5731,2232.0,0.573,1191.0,0.574,8845.0,0.5751,2345.0
1753531756087,12:09:16.087,ACE/USDT:USDT,0.5731,2232.0,0.573,1191.0,0.574,8845.0,0.5751,2345.0
1753531756265,12:09:16.265,ACE/USDT:USDT,0.5731,2232.0,0.573,1191.0,0.574,5226.0,0.5751,2345.0
1753531756399,12:09:16.399,ACE/USDT:USDT,0.5731,2232.0,0.573,1191.0,0.574,8845.0,0.5751,2345.0
1753531756789,12:09:16.789,ACE/USDT:USDT,0.5731,2232.0,0.573,1191.0,0.574,8845.0,0.5751,2345.0
1753531757236,12:09:17.236,ACE/USDT:USDT,0.5731,2232.0,0.573,1191.0,0.574,8845.0,0.5751,2345.0
1753531757242,12:09:17.242,ACE/USDT:USDT,0.5731,2232.0,0.573,1191.0,0.574,8845.0,0.5751,2345.0
1753531757674,12:09:17.674,ACE/USDT:USDT,0.5731,2232.0,0.573,1191.0,0.574,8845.0,0.5751,2345.0
1753531758058,12:09:18.058,ACE/USDT:USDT,0.5731,2232.0,0.573,1191.0,0.574,8845.0,0.5751,2345.0
1753531759081,12:09:19.081,ACE/USDT:USDT,0.5731,2232.0,0.573,1191.0,0.574,8845.0,0.5751,2345.0
1753531759175,12:09:19.175,ACE/USDT:USDT,0.5731,2232.0,0.573,1191.0,0.574,8845.0,0.5751,2345.0
1753531759390,12:09:19.390,ACE/USDT:USDT,0.5731,2232.0,0.573,1191.0,0.574,5226.0,0.5751,2345.0
1753531759521,12:09:19.521,ACE/USDT:USDT,0.5731,2232.0,0.573,1191.0,0.574,8845.0,0.5751,2345.0
1753531762524,12:09:22.524,ACE/USDT:USDT,0.5731,2232.0,0.573,1191.0,0.574,5226.0,0.5751,2345.0
1753531762664,12:09:22.664,ACE/USDT:USDT,0.5731,2232.0,0.573,1191.0,0.574,8845.0,0.5751,2345.0
1753531765666,12:09:25.666,ACE/USDT:USDT,0.5731,2232.0,0.573,1191.0,0.574,5226.0,0.5751,2345.0
1753531765801,12:09:25.801,ACE/USDT:USDT,0.5731,2232.0,0.573,1191.0,0.574,8845.0,0.5751,2345.0
1753531767509,12:09:27.509,ACE/USDT:USDT,0.5731,2100.0,0.573,1191.0,0.574,8845.0,0.5751,2345.0
1753531768034,12:09:28.034,ACE/USDT:USDT,0.573,1191.0,0.5719,345.0,0.574,8845.0,0.5751,2345.0
1753531768459,12:09:28.459,ACE/USDT:USDT,0.573,1191.0,0.5719,345.0,0.574,8845.0,0.5751,2345.0
1753531768656,12:09:28.656,ACE/USDT:USDT,0.573,1191.0,0.572,2000.0,0.574,8845.0,0.5751,2345.0
1753531768804,12:09:28.804,ACE/USDT:USDT,0.573,1191.0,0.572,2000.0,0.574,5226.0,0.5751,2345.0
1753531768946,12:09:28.946,ACE/USDT:USDT,0.573,1191.0,0.572,2000.0,0.574,8845.0,0.5751,2345.0
1753531770803,12:09:30.803,ACE/USDT:USDT,0.573,1191.0,0.572,2000.0,0.574,8845.0,0.5751,2345.0
1753531772035,12:09:32.035,ACE/USDT:USDT,0.5719,345.0,0.5718,198.0,0.5739,345.0,0.574,5401.0
1753531772125,12:09:32.125,ACE/USDT:USDT,0.5718,198.0,0.5716,2816.0,0.573,5235.0,0.5737,345.0
1753531772235,12:09:32.235,ACE/USDT:USDT,0.572,2132.0,0.5719,7245.0,0.573,5235.0,0.5737,345.0
1753531772329,12:09:32.329,ACE/USDT:USDT,0.572,2132.0,0.5719,7245.0,0.5736,5230.0,0.5738,4523.0
1753531772530,12:09:32.530,ACE/USDT:USDT,0.5722,2000.0,0.5721,7243.0,0.5736,5230.0,0.5738,4523.0
1753531772540,12:09:32.540,ACE/USDT:USDT,0.5722,2000.0,0.5721,7243.0,0.5736,5230.0,0.5738,4523.0
1753531772827,12:09:32.827,ACE/USDT:USDT,0.5722,2000.0,0.5721,7243.0,0.5736,5230.0,0.5738,4523.0
1753531773132,12:09:33.132,ACE/USDT:USDT,0.5722,2000.0,0.5721,7243.0,0.5736,5230.0,0.5738,4523.0
1753531773150,12:09:33.150,ACE/USDT:USDT,0.5722,2000.0,0.5721,7243.0,0.5736,5230.0,0.5738,4523.0
1753531773333,12:09:33.333,ACE/USDT:USDT,0.5722,2000.0,0.5721,2000.0,0.5736,5230.0,0.5738,4523.0
1753531773423,12:09:33.423,ACE/USDT:USDT,0.5722,2000.0,0.5721,2000.0,0.5736,5230.0,0.5738,4523.0
1753531773464,12:09:33.464,ACE/USDT:USDT,0.5722,2000.0,0.5721,2000.0,0.5736,5230.0,0.5738,4523.0
1753531773629,12:09:33.629,ACE/USDT:USDT,0.5719,2000.0,0.5718,543.0,0.5736,5230.0,0.5738,4523.0
1753531773653,12:09:33.653,ACE/USDT:USDT,0.5719,2000.0,0.5718,543.0,0.5736,5230.0,0.5738,4523.0
1753531773768,12:09:33.768,ACE/USDT:USDT,0.5719,2000.0,0.5718,198.0,0.5736,5230.0,0.5738,4523.0
1753531773865,12:09:33.865,ACE/USDT:USDT,0.5719,7245.0,0.5718,198.0,0.5736,5230.0,0.5738,4523.0
1753531774128,12:09:34.128,ACE/USDT:USDT,0.5719,7245.0,0.5718,198.0,0.5736,5230.0,0.5738,4523.0
1753531774200,12:09:34.200,ACE/USDT:USDT,0.5719,7245.0,0.5718,198.0,0.5736,5230.0,0.5738,4523.0
1753531774592,12:09:34.592,ACE/USDT:USDT,0.5721,2000.0,0.572,5244.0,0.5736,5230.0,0.5738,4523.0
1753531775008,12:09:35.008,ACE/USDT:USDT,0.5721,2000.0,0.572,5244.0,0.5736,5230.0,0.5738,4523.0
1753531775099,12:09:35.099,ACE/USDT:USDT,0.5721,2000.0,0.572,5244.0,0.5736,5230.0,0.5744,345.0
1753531775220,12:09:35.220,ACE/USDT:USDT,0.5721,2264.0,0.572,5376.0,0.573,13752.0,0.5736,5575.0
1753531775578,12:09:35.578,ACE/USDT:USDT,0.5721,2264.0,0.572,5376.0,0.573,13752.0,0.5736,5575.0
1753531775940,12:09:35.940,ACE/USDT:USDT,0.5721,7507.0,0.572,132.0,0.573,13752.0,0.5736,5575.0
1753531776261,12:09:36.261,ACE/USDT:USDT,0.5721,7507.0,0.572,132.0,0.573,13752.0,0.5736,5575.0
1753531776627,12:09:36.627,ACE/USDT:USDT,0.5722,5242.0,0.5721,2264.0,0.573,13752.0,0.5736,5575.0
1753531777035,12:09:37.035,ACE/USDT:USDT,0.5722,5242.0,0.5721,2264.0,0.573,13752.0,0.5736,5575.0
1753531777099,12:09:37.099,ACE/USDT:USDT,0.5722,5242.0,0.5721,2264.0,0.573,13752.0,0.5736,5575.0
1753531777335,12:09:37.335,ACE/USDT:USDT,0.5722,5242.0,0.5721,2264.0,0.573,13752.0,0.5736,5575.0
1753531777895,12:09:37.895,ACE/USDT:USDT,0.5722,5242.0,0.5721,2264.0,0.573,13752.0,0.5736,5575.0
1753531778213,12:09:38.213,ACE/USDT:USDT,0.5722,5242.0,0.5721,2264.0,0.5736,5230.0,0.5749,345.0
1753531778335,12:09:38.335,ACE/USDT:USDT,0.5722,5242.0,0.5721,2264.0,0.573,13752.0,0.5736,5230.0
1753531778400,12:09:38.400,ACE/USDT:USDT,0.5722,5242.0,0.5721,2264.0,0.573,13752.0,0.5736,5575.0
1753531778458,12:09:38.458,ACE/USDT:USDT,0.5722,5242.0,0.5721,2264.0,0.573,13752.0,0.5736,5575.0
1753531778625,12:09:38.625,ACE/USDT:USDT,0.5724,5505.0,0.5723,264.0,0.573,13752.0,0.5736,5230.0
1753531778664,12:09:38.664,ACE/USDT:USDT,0.5724,5505.0,0.5723,264.0,0.573,13752.0,0.5736,5230.0
1753531778853,12:09:38.853,ACE/USDT:USDT,0.5724,5505.0,0.5723,264.0,0.573,13752.0,0.5736,5230.0
1753531779168,12:09:39.168,ACE/USDT:USDT,0.5724,5505.0,0.5723,264.0,0.573,13752.0,0.5736,5230.0
1753531779533,12:09:39.533,ACE/USDT:USDT,0.5724,5505.0,0.5723,264.0,0.573,13752.0,0.5736,5230.0
1753531779630,12:09:39.630,ACE/USDT:USDT,0.5724,5505.0,0.5723,264.0,0.573,13752.0,0.5736,5230.0
1753531779663,12:09:39.663,ACE/USDT:USDT,0.5724,5505.0,0.5723,264.0,0.573,13752.0,0.5736,5230.0
1753531779997,12:09:39.997,ACE/USDT:USDT,0.5724,5505.0,0.5723,264.0,0.573,13752.0,0.5736,5230.0
1753531780132,12:09:40.132,ACE/USDT:USDT,0.5724,15987.0,0.5723,264.0,0.5748,5219.0,0.5749,345.0
1753531780234,12:09:40.234,ACE/USDT:USDT,0.5726,5239.0,0.5725,345.0,0.5746,5221.0,0.5747,345.0
1753531780267,12:09:40.267,ACE/USDT:USDT,0.5726,5239.0,0.5725,345.0,0.5746,5221.0,0.5747,345.0
1753531780435,12:09:40.435,ACE/USDT:USDT,0.5726,5239.0,0.5725,345.0,0.5746,5221.0,0.5747,345.0
1753531780439,12:09:40.439,ACE/USDT:USDT,0.5726,5239.0,0.5725,345.0,0.5746,5221.0,0.5747,345.0
1753531780632,12:09:40.632,ACE/USDT:USDT,0.5726,5239.0,0.5725,345.0,0.5746,5221.0,0.5747,345.0
1753531780883,12:09:40.883,ACE/USDT:USDT,0.5726,5239.0,0.5725,345.0,0.5746,5221.0,0.5747,345.0
1753531781062,12:09:41.062,ACE/USDT:USDT,0.5726,5239.0,0.5725,345.0,0.5746,5221.0,0.5747,345.0
1753531781326,12:09:41.326,ACE/USDT:USDT,0.5726,5239.0,0.5725,345.0,0.5746,5221.0,0.5747,345.0
1753531784608,12:09:44.608,ACE/USDT:USDT,0.5726,5239.0,0.5725,345.0,0.5746,5221.0,0.5747,345.0
1753531784712,12:09:44.712,ACE/USDT:USDT,0.5726,5239.0,0.5725,345.0,0.5746,5396.0,0.5747,345.0
1753531784783,12:09:44.783,ACE/USDT:USDT,0.5726,5239.0,0.5725,345.0,0.5746,5221.0,0.5747,345.0
1753531784903,12:09:44.903,ACE/USDT:USDT,0.5726,5239.0,0.5725,345.0,0.5746,5396.0,0.5747,345.0
1753531785032,12:09:45.032,ACE/USDT:USDT,0.5726,5239.0,0.5725,345.0,0.5746,5221.0,0.5747,345.0
1753531785036,12:09:45.036,ACE/USDT:USDT,0.5726,5239.0,0.5725,345.0,0.5746,5221.0,0.5747,345.0
1753531785330,12:09:45.330,ACE/USDT:USDT,0.5726,5239.0,0.5725,345.0,0.5746,5221.0,0.5747,345.0
1753531785346,12:09:45.346,ACE/USDT:USDT,0.5726,5239.0,0.5725,345.0,0.5746,5221.0,0.5747,345.0
1753531785444,12:09:45.444,ACE/USDT:USDT,0.5726,5239.0,0.5725,345.0,0.5746,5221.0,0.5747,345.0
1753531785900,12:09:45.900,ACE/USDT:USDT,0.5726,5239.0,0.5725,345.0,0.5746,5396.0,0.5747,345.0
1753531785988,12:09:45.988,ACE/USDT:USDT,0.5726,5239.0,0.5725,345.0,0.5746,5221.0,0.5747,345.0
1753531786079,12:09:46.079,ACE/USDT:USDT,0.5726,5239.0,0.5725,345.0,0.5746,5221.0,0.5747,345.0
1753531786324,12:09:46.324,ACE/USDT:USDT,0.5726,5239.0,0.5725,345.0,0.5746,5221.0,0.5747,345.0
1753531787219,12:09:47.219,ACE/USDT:USDT,0.5726,5239.0,0.5725,345.0,0.5746,5221.0,0.5747,345.0
1753531787245,12:09:47.245,ACE/USDT:USDT,0.5726,5239.0,0.5725,345.0,0.5746,5221.0,0.5747,345.0
1753531787346,12:09:47.346,ACE/USDT:USDT,0.5726,5239.0,0.5725,345.0,0.5746,5221.0,0.5747,345.0
1753531787531,12:09:47.531,ACE/USDT:USDT,0.5726,5239.0,0.5725,345.0,0.5746,9596.0,0.5747,345.0
1753531787536,12:09:47.536,ACE/USDT:USDT,0.5726,5239.0,0.5725,345.0,0.5746,9596.0,0.5747,345.0
1753531788319,12:09:48.319,ACE/USDT:USDT,0.5726,5239.0,0.5725,345.0,0.5746,5221.0,0.5747,345.0
1753531788397,12:09:48.397,ACE/USDT:USDT,0.5726,5239.0,0.5725,345.0,0.5746,5221.0,0.5747,345.0
1753531788628,12:09:48.628,ACE/USDT:USDT,0.5726,5239.0,0.5725,345.0,0.5746,6961.0,0.5747,345.0
1753531789428,12:09:49.428,ACE/USDT:USDT,0.5726,5239.0,0.5725,345.0,0.5745,2000.0,0.5746,8961.0
1753531789479,12:09:49.479,ACE/USDT:USDT,0.5726,5239.0,0.5725,345.0,0.5743,5223.0,0.5744,2000.0
1753531789694,12:09:49.694,ACE/USDT:USDT,0.5726,5239.0,0.5725,345.0,0.5743,5223.0,0.5744,2000.0
1753531789883,12:09:49.883,ACE/USDT:USDT,0.5726,5239.0,0.5725,345.0,0.5743,5223.0,0.5744,2000.0
1753531789982,12:09:49.982,ACE/USDT:USDT,0.5726,5239.0,0.5724,264.0,0.574,202.0,0.5743,5568.0
1753531790169,12:09:50.169,ACE/USDT:USDT,0.5726,5239.0,0.5724,264.0,0.574,202.0,0.5743,5568.0
1753531790411,12:09:50.411,ACE/USDT:USDT,0.5726,5239.0,0.5724,264.0,0.574,202.0,0.5743,5568.0
1753531791267,12:09:51.267,ACE/USDT:USDT,0.5726,5239.0,0.5724,264.0,0.574,202.0,0.5743,5568.0
1753531791361,12:09:51.361,ACE/USDT:USDT,0.5726,5239.0,0.5724,264.0,0.574,202.0,0.5743,5568.0
1753531791710,12:09:51.710,ACE/USDT:USDT,0.5726,5239.0,0.5724,264.0,0.574,202.0,0.5743,5568.0
1753531792756,12:09:52.756,ACE/USDT:USDT,0.5726,5239.0,0.5724,264.0,0.574,202.0,0.5743,5568.0
1753531793190,12:09:53.190,ACE/USDT:USDT,0.5726,5239.0,0.5724,264.0,0.5739,5227.0,0.574,202.0
1753531793314,12:09:53.314,ACE/USDT:USDT,0.5726,5239.0,0.5724,264.0,0.5739,5227.0,0.5748,345.0
1753531793437,12:09:53.437,ACE/USDT:USDT,0.5726,10477.0,0.5724,264.0,0.5739,5227.0,0.5748,345.0
1753531793528,12:09:53.528,ACE/USDT:USDT,0.5726,5239.0,0.5724,132.0,0.5739,5227.0,0.5748,345.0
1753531793539,12:09:53.539,ACE/USDT:USDT,0.5726,5239.0,0.5724,132.0,0.5739,5227.0,0.5748,345.0
1753531793695,12:09:53.695,ACE/USDT:USDT,0.5726,5239.0,0.5724,132.0,0.5739,5227.0,0.5748,345.0
1753531793879,12:09:53.879,ACE/USDT:USDT,0.5726,5239.0,0.5724,132.0,0.5739,5227.0,0.5748,345.0
1753531793967,12:09:53.967,ACE/USDT:USDT,0.5726,5239.0,0.5724,132.0,0.5739,5227.0,0.5748,345.0
1753531794045,12:09:54.045,ACE/USDT:USDT,0.5726,5239.0,0.5724,132.0,0.5739,5227.0,0.5748,345.0
1753531794223,12:09:54.223,ACE/USDT:USDT,0.5726,5239.0,0.5724,132.0,0.5739,5227.0,0.5748,345.0
1753531794420,12:09:54.420,ACE/USDT:USDT,0.5726,5239.0,0.572,345.0,0.5739,5227.0,0.5748,345.0
1753531794445,12:09:54.445,ACE/USDT:USDT,0.5726,5239.0,0.572,345.0,0.5739,5227.0,0.5748,345.0
1753531794544,12:09:54.544,ACE/USDT:USDT,0.5726,5239.0,0.572,345.0,0.5739,5227.0,0.5748,345.0
1753531795039,12:09:55.039,ACE/USDT:USDT,0.5726,5239.0,0.572,345.0,0.5739,5227.0,0.5748,345.0
1753531795145,12:09:55.145,ACE/USDT:USDT,0.5726,5239.0,0.572,345.0,0.5739,5227.0,0.5748,345.0
1753531795244,12:09:55.244,ACE/USDT:USDT,0.5726,5239.0,0.572,345.0,0.5739,5227.0,0.5748,345.0
1753531796619,12:09:56.619,ACE/USDT:USDT,0.5727,345.0,0.5726,5239.0,0.5747,5220.0,0.5748,345.0
1753531796664,12:09:56.664,ACE/USDT:USDT,0.5727,345.0,0.5726,5239.0,0.5747,5220.0,0.5748,345.0
1753531796744,12:09:56.744,ACE/USDT:USDT,0.5727,345.0,0.5726,5239.0,0.5747,5220.0,0.5748,345.0
1753531797078,12:09:57.078,ACE/USDT:USDT,0.5727,345.0,0.5726,5239.0,0.5747,5220.0,0.5748,345.0
1753531797145,12:09:57.145,ACE/USDT:USDT,0.5727,345.0,0.5726,5239.0,0.5747,5220.0,0.5748,345.0
1753531797244,12:09:57.244,ACE/USDT:USDT,0.5727,345.0,0.5726,5239.0,0.5747,5220.0,0.5748,345.0
1753531798182,12:09:58.182,ACE/USDT:USDT,0.5728,5237.0,0.5727,345.0,0.5747,5220.0,0.5748,345.0
1753531798297,12:09:58.297,ACE/USDT:USDT,0.5728,5237.0,0.572,345.0,0.5747,5220.0,0.5748,345.0
1753531798409,12:09:58.409,ACE/USDT:USDT,0.5728,5237.0,0.572,345.0,0.5747,6189.0,0.5748,345.0
1753531798603,12:09:58.603,ACE/USDT:USDT,0.5728,5237.0,0.572,345.0,0.5747,6985.0,0.5748,345.0
1753531799114,12:09:59.114,ACE/USDT:USDT,0.5728,5237.0,0.572,345.0,0.5747,6985.0,0.5748,345.0
1753531799144,12:09:59.144,ACE/USDT:USDT,0.5728,5237.0,0.572,345.0,0.5747,6985.0,0.5748,345.0
1753531799268,12:09:59.268,ACE/USDT:USDT,0.5728,5237.0,0.572,345.0,0.5747,10139.0,0.5748,345.0
1753531799456,12:09:59.456,ACE/USDT:USDT,0.5728,5237.0,0.572,345.0,0.5746,3492.0,0.5747,13293.0
1753531799620,12:09:59.620,ACE/USDT:USDT,0.5728,5369.0,0.5727,264.0,0.5742,2345.0,0.5743,5223.0
1753531799652,12:09:59.652,ACE/USDT:USDT,0.5728,5369.0,0.5727,264.0,0.574,2202.0,0.5742,2000.0
1753531799967,12:09:59.967,ACE/USDT:USDT,0.5728,5369.0,0.5727,264.0,0.574,2000.0,0.5742,2000.0
1753531800228,12:10:00.228,ACE/USDT:USDT,0.5728,5369.0,0.5727,264.0,0.574,2132.0,0.5742,2000.0
1753531800306,12:10:00.306,ACE/USDT:USDT,0.5728,5369.0,0.5727,264.0,0.574,2132.0,0.5742,2000.0
1753531800421,12:10:00.421,ACE/USDT:USDT,0.5728,5369.0,0.5727,264.0,0.574,2132.0,0.5742,2000.0
1753531800458,12:10:00.458,ACE/USDT:USDT,0.5728,5369.0,0.5727,264.0,0.574,2132.0,0.5742,2000.0
1753531801288,12:10:01.288,ACE/USDT:USDT,0.5728,5369.0,0.5727,264.0,0.574,132.0,0.5742,2000.0
1753531801344,12:10:01.344,ACE/USDT:USDT,0.5728,5369.0,0.5727,264.0,0.574,334.0,0.5742,2000.0
1753531802304,12:10:02.304,ACE/USDT:USDT,0.5728,5369.0,0.5727,264.0,0.574,2132.0,0.5742,2000.0
1753531802345,12:10:02.345,ACE/USDT:USDT,0.5728,5369.0,0.5727,264.0,0.574,2334.0,0.5742,2000.0
1753531804278,12:10:04.278,ACE/USDT:USDT,0.5728,5369.0,0.5727,264.0,0.574,132.0,0.5742,2000.0
1753531804416,12:10:04.416,ACE/USDT:USDT,0.5728,5369.0,0.5727,264.0,0.574,132.0,0.5742,2000.0
1753531804766,12:10:04.766,ACE/USDT:USDT,0.5728,5369.0,0.5727,264.0,0.574,132.0,0.5742,2000.0
1753531804853,12:10:04.853,ACE/USDT:USDT,0.5728,5369.0,0.5727,264.0,0.574,132.0,0.5742,2000.0
1753531805244,12:10:05.244,ACE/USDT:USDT,0.5728,5369.0,0.5727,264.0,0.574,2132.0,0.5742,2000.0
1753531806622,12:10:06.622,ACE/USDT:USDT,0.5728,5369.0,0.5727,264.0,0.5732,1.0,0.574,132.0
1753531806717,12:10:06.717,ACE/USDT:USDT,0.5728,5369.0,0.5727,264.0,0.574,132.0,0.5742,2000.0
1753531806843,12:10:06.843,ACE/USDT:USDT,0.5728,5369.0,0.5727,264.0,0.574,132.0,0.5742,2000.0
1753531807222,12:10:07.222,ACE/USDT:USDT,0.5728,5369.0,0.5727,264.0,0.574,2132.0,0.5742,2000.0
1753531809016,12:10:09.016,ACE/USDT:USDT,0.5728,15843.0,0.5727,264.0,0.574,2132.0,0.5742,2000.0
1753531809064,12:10:09.064,ACE/USDT:USDT,0.5729,5236.0,0.5728,132.0,0.574,2132.0,0.5742,2000.0
1753531809199,12:10:09.199,ACE/USDT:USDT,0.5729,5236.0,0.5728,132.0,0.574,132.0,0.5742,2000.0
1753531809325,12:10:09.325,ACE/USDT:USDT,0.5729,5236.0,0.5728,132.0,0.574,132.0,0.5742,2000.0
1753531810192,12:10:10.192,ACE/USDT:USDT,0.5729,5236.0,0.5728,132.0,0.574,2132.0,0.5742,2000.0
1753531810295,12:10:10.295,ACE/USDT:USDT,0.5729,10473.0,0.5728,132.0,0.574,2132.0,0.5742,2000.0
1753531810373,12:10:10.373,ACE/USDT:USDT,0.5729,10473.0,0.5728,132.0,0.574,2132.0,0.5742,2000.0
1753531810523,12:10:10.523,ACE/USDT:USDT,0.5729,10473.0,0.5728,132.0,0.574,2000.0,0.5742,2000.0
1753531810613,12:10:10.613,ACE/USDT:USDT,0.5731,5504.0,0.572,345.0,0.574,2000.0,0.5742,2000.0
1753531810718,12:10:10.718,ACE/USDT:USDT,0.5731,5504.0,0.572,345.0,0.574,2000.0,0.5742,2000.0
1753531810820,12:10:10.820,ACE/USDT:USDT,0.5731,5504.0,0.572,10069.0,0.574,2000.0,0.5742,2000.0
1753531811025,12:10:11.025,ACE/USDT:USDT,0.5731,5504.0,0.572,10069.0,0.574,2000.0,0.5742,2000.0
1753531811113,12:10:11.113,ACE/USDT:USDT,0.5731,5504.0,0.572,10069.0,0.574,2000.0,0.5742,2000.0
1753531811179,12:10:11.179,ACE/USDT:USDT,0.5731,5504.0,0.572,10069.0,0.574,2000.0,0.5742,2000.0
1753531812203,12:10:12.203,ACE/USDT:USDT,0.5731,5504.0,0.572,345.0,0.5742,2000.0,0.5743,5223.0
1753531812283,12:10:12.283,ACE/USDT:USDT,0.5731,5504.0,0.572,345.0,0.5742,2000.0,0.5743,5223.0
1753531812390,12:10:12.390,ACE/USDT:USDT,0.5731,5504.0,0.572,345.0,0.5742,2000.0,0.5743,5223.0
1753531813010,12:10:13.010,ACE/USDT:USDT,0.5731,5504.0,0.5724,345.0,0.5742,2000.0,0.5743,5223.0
1753531813155,12:10:13.155,ACE/USDT:USDT,0.5731,5504.0,0.5724,345.0,0.5742,2000.0,0.5743,5223.0
1753531813243,12:10:13.243,ACE/USDT:USDT,0.5731,5504.0,0.5724,345.0,0.5742,2000.0,0.5743,5223.0
1753531813510,12:10:13.510,ACE/USDT:USDT,0.5731,5504.0,0.5724,345.0,0.5742,2000.0,0.5743,5223.0
1753531814171,12:10:14.171,ACE/USDT:USDT,0.5731,5504.0,0.5724,345.0,0.5742,2000.0,0.5743,5223.0
1753531814334,12:10:14.334,ACE/USDT:USDT,0.5731,5504.0,0.5724,345.0,0.5742,2000.0,0.5743,5223.0
1753531816801,12:10:16.801,ACE/USDT:USDT,0.5731,5504.0,0.5724,345.0,0.5742,2000.0,0.5743,5223.0
1753531816853,12:10:16.853,ACE/USDT:USDT,0.5731,5504.0,0.5724,345.0,0.574,2000.0,0.5742,2000.0
1753531818103,12:10:18.103,ACE/USDT:USDT,0.5731,5504.0,0.5724,345.0,0.5742,2000.0,0.5743,5223.0
1753531818149,12:10:18.149,ACE/USDT:USDT,0.5731,5504.0,0.5724,345.0,0.574,2202.0,0.5742,2000.0
1753531820081,12:10:20.081,ACE/USDT:USDT,0.5731,5504.0,0.5724,345.0,0.574,202.0,0.5742,2000.0
1753531821079,12:10:21.079,ACE/USDT:USDT,0.5731,5504.0,0.5724,345.0,0.574,2000.0,0.5742,2000.0
1753531821145,12:10:21.145,ACE/USDT:USDT,0.5731,5504.0,0.5724,345.0,0.574,2202.0,0.5742,2000.0
1753531821541,12:10:21.541,ACE/USDT:USDT,0.5731,5504.0,0.5724,345.0,0.574,2202.0,0.5742,2000.0
1753531823051,12:10:23.051,ACE/USDT:USDT,0.5731,5504.0,0.5724,345.0,0.5742,2000.0,0.5743,5223.0
1753531823167,12:10:23.167,ACE/USDT:USDT,0.5731,5504.0,0.5724,345.0,0.574,2000.0,0.5742,2000.0
1753531823345,12:10:23.345,ACE/USDT:USDT,0.5731,5504.0,0.5724,345.0,0.574,2000.0,0.5742,2000.0
1753531825026,12:10:25.026,ACE/USDT:USDT,0.5731,5504.0,0.5724,345.0,0.5742,2000.0,0.5743,5223.0
1753531825048,12:10:25.048,ACE/USDT:USDT,0.5731,5504.0,0.5724,345.0,0.574,2202.0,0.5742,2000.0
1753531826998,12:10:26.998,ACE/USDT:USDT,0.5731,5504.0,0.5724,345.0,0.574,202.0,0.5742,2000.0
1753531827994,12:10:27.994,ACE/USDT:USDT,0.5731,5504.0,0.5724,345.0,0.574,2000.0,0.5742,2000.0
1753531828048,12:10:28.048,ACE/USDT:USDT,0.5731,5504.0,0.5724,345.0,0.574,2202.0,0.5742,2000.0
1753531828810,12:10:28.810,ACE/USDT:USDT,0.5731,5504.0,0.5724,345.0,0.574,2202.0,0.5742,2000.0
1753531829971,12:10:29.971,ACE/USDT:USDT,0.5731,5504.0,0.5724,345.0,0.5742,2000.0,0.5743,5223.0
1753531830065,12:10:30.065,ACE/USDT:USDT,0.5731,5504.0,0.5724,345.0,0.574,2000.0,0.5742,2000.0
1753531831943,12:10:31.943,ACE/USDT:USDT,0.5731,5504.0,0.5724,345.0,0.5742,2000.0,0.5743,5223.0
1753531832061,12:10:32.061,ACE/USDT:USDT,0.5731,5504.0,0.5724,345.0,0.574,2000.0,0.5742,2000.0
1753531833920,12:10:33.920,ACE/USDT:USDT,0.5731,5504.0,0.5724,345.0,0.5742,2000.0,0.5743,5223.0
1753531833966,12:10:33.966,ACE/USDT:USDT,0.5731,5504.0,0.5724,345.0,0.574,2000.0,0.5742,2000.0
1753531835898,12:10:35.898,ACE/USDT:USDT,0.5731,5504.0,0.5724,345.0,0.5742,2000.0,0.5743,5223.0
1753531835996,12:10:35.996,ACE/USDT:USDT,0.5731,5504.0,0.5724,345.0,0.574,2202.0,0.5742,2000.0
1753531837876,12:10:37.876,ACE/USDT:USDT,0.5731,5504.0,0.5724,345.0,0.574,202.0,0.5742,2000.0
1753531838517,12:10:38.517,ACE/USDT:USDT,0.5731,5504.0,0.5724,345.0,0.574,202.0,0.5742,2000.0
1753531838920,12:10:38.920,ACE/USDT:USDT,0.5731,5504.0,0.572,345.0,0.574,2000.0,0.5742,2000.0
1753531839103,12:10:39.103,ACE/USDT:USDT,0.572,345.0,0.5719,2000.0,0.574,2000.0,0.5742,2000.0
1753531839230,12:10:39.230,ACE/USDT:USDT,0.5724,2000.0,0.5723,7242.0,0.5739,2000.0,0.5741,345.0
1753531839267,12:10:39.267,ACE/USDT:USDT,0.5725,5240.0,0.5724,2000.0,0.5739,2000.0,0.5741,345.0
1753531839380,12:10:39.380,ACE/USDT:USDT,0.5725,5240.0,0.5724,2000.0,0.5739,2000.0,0.5741,345.0
1753531839444,12:10:39.444,ACE/USDT:USDT,0.5725,5240.0,0.5724,2000.0,0.5739,2000.0,0.574,202.0
1753531839544,12:10:39.544,ACE/USDT:USDT,0.5725,5240.0,0.5724,2000.0,0.5739,2000.0,0.5741,345.0
1753531839854,12:10:39.854,ACE/USDT:USDT,0.5725,5240.0,0.5724,2000.0,0.5739,2000.0,0.5741,345.0
1753531839973,12:10:39.973,ACE/USDT:USDT,0.5725,5240.0,0.5724,2000.0,0.5739,2000.0,0.574,202.0
1753531840104,12:10:40.104,ACE/USDT:USDT,0.5725,5240.0,0.5724,2000.0,0.5739,2000.0,0.5741,345.0
1753531840240,12:10:40.240,ACE/USDT:USDT,0.5725,5240.0,0.5724,2000.0,0.5739,2000.0,0.5741,345.0
1753531840820,12:10:40.820,ACE/USDT:USDT,0.5725,5240.0,0.5724,2000.0,0.5739,2000.0,0.5741,345.0
1753531840920,12:10:40.920,ACE/USDT:USDT,0.5727,5238.0,0.5726,2000.0,0.574,2000.0,0.5742,2000.0
1753531841082,12:10:41.082,ACE/USDT:USDT,0.5727,5238.0,0.5726,2000.0,0.574,2000.0,0.5742,2000.0
1753531841501,12:10:41.501,ACE/USDT:USDT,0.5727,5238.0,0.5726,2000.0,0.574,2000.0,0.5742,2000.0
1753531841551,12:10:41.551,ACE/USDT:USDT,0.5727,5238.0,0.5726,2000.0,0.574,2000.0,0.5742,2000.0
1753531841831,12:10:41.831,ACE/USDT:USDT,0.5727,5238.0,0.5726,2000.0,0.574,2000.0,0.5742,2000.0
1753531842337,12:10:42.337,ACE/USDT:USDT,0.5727,5238.0,0.5726,2000.0,0.574,2000.0,0.5742,2000.0
1753531842344,12:10:42.344,ACE/USDT:USDT,0.5727,5238.0,0.5726,2000.0,0.574,2202.0,0.5742,2000.0
1753531842465,12:10:42.465,ACE/USDT:USDT,0.5727,5238.0,0.5726,2000.0,0.574,2202.0,0.5742,2000.0
1753531842820,12:10:42.820,ACE/USDT:USDT,0.5727,5238.0,0.572,345.0,0.574,202.0,0.5742,2000.0
1753531843191,12:10:43.191,ACE/USDT:USDT,0.5727,5238.0,0.572,345.0,0.5742,2000.0,0.5743,5223.0
1753531843280,12:10:43.280,ACE/USDT:USDT,0.5727,5238.0,0.572,3862.0,0.574,2000.0,0.5742,2000.0
1753531844628,12:10:44.628,ACE/USDT:USDT,0.5729,5236.0,0.5728,4714.0,0.574,2000.0,0.5742,2000.0
1753531844725,12:10:44.725,ACE/USDT:USDT,0.5729,5236.0,0.572,3862.0,0.574,2202.0,0.5742,2000.0
1753531844809,12:10:44.809,ACE/USDT:USDT,0.5729,5236.0,0.572,3862.0,0.5742,2000.0,0.5743,5223.0
1753531844843,12:10:44.843,ACE/USDT:USDT,0.5729,6109.0,0.572,3862.0,0.5742,2000.0,0.5743,5223.0
1753531845228,12:10:45.228,ACE/USDT:USDT,0.5729,6109.0,0.572,3862.0,0.5742,2000.0,0.5743,5223.0
1753531845267,12:10:45.267,ACE/USDT:USDT,0.5729,6109.0,0.572,3862.0,0.574,2000.0,0.5742,2000.0
1753531846782,12:10:46.782,ACE/USDT:USDT,0.5729,6109.0,0.572,3862.0,0.5742,2000.0,0.5743,5223.0
1753531846849,12:10:46.849,ACE/USDT:USDT,0.5729,6109.0,0.572,3862.0,0.574,2202.0,0.5742,2000.0
1753531847259,12:10:47.259,ACE/USDT:USDT,0.5729,6109.0,0.572,3862.0,0.574,2000.0,0.5742,2000.0
1753531847900,12:10:47.900,ACE/USDT:USDT,0.5729,5236.0,0.572,3862.0,0.574,2000.0,0.5742,2000.0
1753531848825,12:10:48.825,ACE/USDT:USDT,0.573,3719.0,0.5729,5236.0,0.5742,2000.0,0.5743,5223.0
1753531848903,12:10:48.903,ACE/USDT:USDT,0.5729,7160.0,0.572,345.0,0.5742,2000.0,0.5743,5223.0
1753531849277,12:10:49.277,ACE/USDT:USDT,0.5729,7160.0,0.572,345.0,0.5742,2000.0,0.5743,5223.0
1753531849617,12:10:49.617,ACE/USDT:USDT,0.5729,7160.0,0.5723,345.0,0.5742,2000.0,0.5743,5223.0
1753531849743,12:10:49.743,ACE/USDT:USDT,0.5729,7160.0,0.5723,345.0,0.5742,2000.0,0.5743,5223.0
1753531850120,12:10:50.120,ACE/USDT:USDT,0.5729,7160.0,0.5723,345.0,0.5742,2000.0,0.5743,5223.0
1753531850540,12:10:50.540,ACE/USDT:USDT,0.5729,7160.0,0.5723,345.0,0.5742,2000.0,0.5743,5223.0
1753531852278,12:10:52.278,ACE/USDT:USDT,0.5729,7160.0,0.5723,345.0,0.5742,2000.0,0.5743,5223.0
1753531852632,12:10:52.632,ACE/USDT:USDT,0.573,3719.0,0.5729,17634.0,0.5742,2000.0,0.5743,5223.0
1753531852714,12:10:52.714,ACE/USDT:USDT,0.5729,5236.0,0.5723,345.0,0.5742,2000.0,0.5743,5223.0
1753531852831,12:10:52.831,ACE/USDT:USDT,0.5729,5236.0,0.5723,345.0,0.5742,2000.0,0.5743,5223.0
1753531852838,12:10:52.838,ACE/USDT:USDT,0.5729,5236.0,0.572,345.0,0.5742,2000.0,0.5743,5223.0
1753531853370,12:10:53.370,ACE/USDT:USDT,0.5729,5236.0,0.572,345.0,0.5742,2000.0,0.5743,5223.0
1753531853519,12:10:53.519,ACE/USDT:USDT,0.5729,6497.0,0.572,345.0,0.5742,2000.0,0.5743,5223.0
1753531853698,12:10:53.698,ACE/USDT:USDT,0.5729,6497.0,0.572,345.0,0.5742,2000.0,0.5743,5223.0
1753531853789,12:10:53.789,ACE/USDT:USDT,0.5729,6497.0,0.572,345.0,0.5742,2000.0,0.5743,5223.0
1753531854604,12:10:54.604,ACE/USDT:USDT,0.5729,5236.0,0.5723,345.0,0.5742,2000.0,0.5743,5223.0
1753531854687,12:10:54.687,ACE/USDT:USDT,0.5729,5236.0,0.5723,345.0,0.5742,2000.0,0.5743,5223.0
1753531855012,12:10:55.012,ACE/USDT:USDT,0.5729,5236.0,0.5723,345.0,0.5742,2000.0,0.5743,5223.0
1753531855433,12:10:55.433,ACE/USDT:USDT,0.5729,5236.0,0.5723,345.0,0.5742,2000.0,0.5743,5223.0
1753531856897,12:10:56.897,ACE/USDT:USDT,0.573,4713.0,0.5729,15710.0,0.5742,2000.0,0.5743,5223.0
1753531857079,12:10:57.079,ACE/USDT:USDT,0.573,5235.0,0.5729,10474.0,0.5742,2000.0,0.5743,5223.0
1753531857483,12:10:57.483,ACE/USDT:USDT,0.573,5235.0,0.5729,10474.0,0.5742,2000.0,0.5743,5223.0
1753531857653,12:10:57.653,ACE/USDT:USDT,0.573,5235.0,0.5729,10474.0,0.5742,2000.0,0.5743,5223.0
1753531858087,12:10:58.087,ACE/USDT:USDT,0.573,5235.0,0.5729,10474.0,0.5742,2000.0,0.5743,5223.0
1753531858153,12:10:58.153,ACE/USDT:USDT,0.573,5235.0,0.5729,10474.0,0.574,2000.0,0.5742,2000.0
1753531859308,12:10:59.308,ACE/USDT:USDT,0.5731,4712.0,0.573,15707.0,0.574,2211.0,0.5742,2000.0
1753531859533,12:10:59.533,ACE/USDT:USDT,0.573,5235.0,0.572,345.0,0.574,2000.0,0.5742,2000.0
1753531859635,12:10:59.635,ACE/USDT:USDT,0.573,5235.0,0.5722,9724.0,0.5742,2000.0,0.5743,5223.0
1753531860333,12:11:00.333,ACE/USDT:USDT,0.573,5235.0,0.5722,9724.0,0.5742,2000.0,0.5743,5223.0
1753531860350,12:11:00.350,ACE/USDT:USDT,0.573,5235.0,0.5723,345.0,0.574,2202.0,0.5742,2000.0
1753531860760,12:11:00.760,ACE/USDT:USDT,0.573,5235.0,0.5723,345.0,0.574,2000.0,0.5742,2000.0
1753531861614,12:11:01.614,ACE/USDT:USDT,0.573,5235.0,0.5723,345.0,0.5742,2000.0,0.5743,5223.0
1753531861648,12:11:01.648,ACE/USDT:USDT,0.573,5235.0,0.5723,345.0,0.574,2202.0,0.5742,2000.0
1753531862826,12:11:02.826,ACE/USDT:USDT,0.5731,135.0,0.573,5235.0,0.574,2000.0,0.5742,2000.0
1753531863186,12:11:03.186,ACE/USDT:USDT,0.5731,135.0,0.573,5235.0,0.574,2000.0,0.5742,2000.0
1753531863586,12:11:03.586,ACE/USDT:USDT,0.5731,135.0,0.573,5235.0,0.5742,2000.0,0.5743,5223.0
1753531863647,12:11:03.647,ACE/USDT:USDT,0.5731,135.0,0.573,5235.0,0.574,2202.0,0.5742,2000.0
1753531864690,12:11:04.690,ACE/USDT:USDT,0.5731,135.0,0.573,5235.0,0.574,2000.0,0.5742,2000.0
1753531864823,12:11:04.823,ACE/USDT:USDT,0.5731,135.0,0.573,5235.0,0.574,2202.0,0.5742,2000.0
1753531865290,12:11:05.290,ACE/USDT:USDT,0.5731,135.0,0.573,5235.0,0.574,2202.0,0.5742,2000.0
1753531865498,12:11:05.498,ACE/USDT:USDT,0.5731,135.0,0.573,5235.0,0.574,2202.0,0.5742,2000.0
1753531865572,12:11:05.572,ACE/USDT:USDT,0.5731,135.0,0.573,5235.0,0.5742,2000.0,0.5743,5223.0
1753531865676,12:11:05.676,ACE/USDT:USDT,0.5731,135.0,0.573,5235.0,0.574,2000.0,0.5742,2000.0
1753531866474,12:11:06.474,ACE/USDT:USDT,0.5731,135.0,0.573,5235.0,0.574,2000.0,0.5742,2000.0
1753531866552,12:11:06.552,ACE/USDT:USDT,0.5731,135.0,0.573,5235.0,0.574,2202.0,0.5742,2000.0
1753531866652,12:11:06.652,ACE/USDT:USDT,0.5731,5369.0,0.5724,345.0,0.574,2000.0,0.5742,2000.0
1753531867227,12:11:07.227,ACE/USDT:USDT,0.5731,5504.0,0.573,135.0,0.5735,1.0,0.574,211.0
1753531867317,12:11:07.317,ACE/USDT:USDT,0.5731,5504.0,0.573,135.0,0.5742,2000.0,0.5743,5223.0
1753531867542,12:11:07.542,ACE/USDT:USDT,0.5731,5504.0,0.573,135.0,0.5742,2000.0,0.5743,5223.0
1753531867746,12:11:07.746,ACE/USDT:USDT,0.5731,5504.0,0.573,135.0,0.5742,2000.0,0.5743,5223.0
1753531867857,12:11:07.857,ACE/USDT:USDT,0.5731,5504.0,0.573,135.0,0.574,2000.0,0.5742,2000.0
1753531868180,12:11:08.180,ACE/USDT:USDT,0.5731,5504.0,0.573,135.0,0.574,2000.0,0.5742,2000.0
1753531869405,12:11:09.405,ACE/USDT:USDT,0.5731,5504.0,0.573,135.0,0.574,2000.0,0.5742,2000.0
1753531869519,12:11:09.519,ACE/USDT:USDT,0.5731,5504.0,0.573,135.0,0.5742,2000.0,0.5743,5223.0
1753531869828,12:11:09.828,ACE/USDT:USDT,0.5731,5504.0,0.573,135.0,0.5742,2000.0,0.5743,5223.0
1753531870509,12:11:10.509,ACE/USDT:USDT,0.5731,5504.0,0.573,135.0,0.5742,2000.0,0.5743,5223.0
1753531870550,12:11:10.550,ACE/USDT:USDT,0.5731,5504.0,0.573,135.0,0.574,2202.0,0.5742,2000.0
1753531870903,12:11:10.903,ACE/USDT:USDT,0.5731,5504.0,0.573,135.0,0.574,2000.0,0.5742,2000.0
1753531871516,12:11:11.516,ACE/USDT:USDT,0.5731,5504.0,0.573,135.0,0.574,2000.0,0.5742,2000.0
1753531871545,12:11:11.545,ACE/USDT:USDT,0.5731,5504.0,0.573,135.0,0.574,2202.0,0.5742,2000.0
1753531871672,12:11:11.672,ACE/USDT:USDT,0.5731,5504.0,0.573,135.0,0.574,2202.0,0.5742,2000.0
1753531871940,12:11:11.940,ACE/USDT:USDT,0.5731,5504.0,0.573,135.0,0.574,2202.0,0.5742,2000.0
1753531872494,12:11:12.494,ACE/USDT:USDT,0.5731,5504.0,0.573,135.0,0.5742,2000.0,0.5743,5223.0
1753531872550,12:11:12.550,ACE/USDT:USDT,0.5731,5504.0,0.573,135.0,0.574,202.0,0.5742,2000.0
1753531872770,12:11:12.770,ACE/USDT:USDT,0.5731,5504.0,0.573,135.0,0.574,202.0,0.5742,2000.0
1753531873195,12:11:13.195,ACE/USDT:USDT,0.5731,5504.0,0.573,135.0,0.574,202.0,0.5742,2000.0
1753531873726,12:11:13.726,ACE/USDT:USDT,0.5732,5233.0,0.5731,10740.0,0.5742,2000.0,0.5743,5223.0
1753531873787,12:11:13.787,ACE/USDT:USDT,0.5732,5233.0,0.5731,270.0,0.5742,2000.0,0.5748,345.0
1753531873916,12:11:13.916,ACE/USDT:USDT,0.5732,15699.0,0.5731,270.0,0.5742,2000.0,0.5748,345.0
1753531874035,12:11:14.035,ACE/USDT:USDT,0.5733,5232.0,0.5731,270.0,0.5742,2000.0,0.5748,345.0
1753531874040,12:11:14.040,ACE/USDT:USDT,0.5733,5232.0,0.5731,270.0,0.5742,2000.0,0.5748,345.0
1753531874490,12:11:14.490,ACE/USDT:USDT,0.5733,5232.0,0.5731,615.0,0.574,211.0,0.5747,5220.0
1753531874672,12:11:14.672,ACE/USDT:USDT,0.5733,5232.0,0.5731,270.0,0.574,211.0,0.5746,345.0
1753531875299,12:11:15.299,ACE/USDT:USDT,0.5733,5232.0,0.5731,270.0,0.574,211.0,0.5746,345.0
1753531875344,12:11:15.344,ACE/USDT:USDT,0.5733,5232.0,0.5731,270.0,0.574,211.0,0.5746,345.0
1753531875452,12:11:15.452,ACE/USDT:USDT,0.5733,5232.0,0.5731,270.0,0.574,211.0,0.5746,345.0
1753531875722,12:11:15.722,ACE/USDT:USDT,0.5733,5232.0,0.5731,270.0,0.574,211.0,0.5746,345.0
1753531876846,12:11:16.846,ACE/USDT:USDT,0.5733,5232.0,0.5731,270.0,0.574,211.0,0.5746,345.0
1753531876945,12:11:16.945,ACE/USDT:USDT,0.5733,5232.0,0.5731,270.0,0.574,211.0,0.5746,345.0
1753531877044,12:11:17.044,ACE/USDT:USDT,0.5733,5232.0,0.5731,270.0,0.574,211.0,0.5746,345.0
1753531884320,12:11:24.320,ACE/USDT:USDT,0.5733,5232.0,0.5731,270.0,0.574,211.0,0.5746,345.0
1753531884347,12:11:24.347,ACE/USDT:USDT,0.5733,5232.0,0.5731,270.0,0.574,211.0,0.5746,345.0
1753531884443,12:11:24.443,ACE/USDT:USDT,0.5733,5232.0,0.5731,270.0,0.574,211.0,0.5746,345.0
1753531884629,12:11:24.629,ACE/USDT:USDT,0.5733,5232.0,0.5731,270.0,0.574,211.0,0.5746,345.0
1753531885442,12:11:25.442,ACE/USDT:USDT,0.5733,5232.0,0.5731,270.0,0.574,211.0,0.5746,345.0
1753531891600,12:11:31.600,ACE/USDT:USDT,0.5733,5232.0,0.5731,270.0,0.574,135.0,0.5746,345.0
1753531892664,12:11:32.664,ACE/USDT:USDT,0.5733,5232.0,0.5731,135.0,0.574,270.0,0.5746,345.0
1753531892764,12:11:32.764,ACE/USDT:USDT,0.5727,345.0,0.572,4076.0,0.574,270.0,0.5746,345.0
1753531892930,12:11:32.930,ACE/USDT:USDT,0.5722,5242.0,0.5721,712.0,0.574,480.0,0.5747,5220.0
1753531893035,12:11:33.035,ACE/USDT:USDT,0.5722,5667.0,0.5721,345.0,0.574,480.0,0.5747,5220.0
1753531893093,12:11:33.093,ACE/USDT:USDT,0.5722,5510.0,0.5721,345.0,0.574,480.0,0.5747,5220.0
1753531893229,12:11:33.229,ACE/USDT:USDT,0.5722,7276.0,0.5721,345.0,0.574,480.0,0.5747,5220.0
1753531893329,12:11:33.329,ACE/USDT:USDT,0.5722,7276.0,0.5721,345.0,0.574,480.0,0.5747,5220.0
1753531893415,12:11:33.415,ACE/USDT:USDT,0.5724,5241.0,0.5723,4018.0,0.574,135.0,0.5746,345.0
1753531893535,12:11:33.535,ACE/USDT:USDT,0.5726,5239.0,0.5725,345.0,0.574,135.0,0.5746,345.0
1753531893947,12:11:33.947,ACE/USDT:USDT,0.5726,5239.0,0.5725,345.0,0.574,135.0,0.5746,345.0
1753531894394,12:11:34.394,ACE/USDT:USDT,0.5726,5239.0,0.5725,345.0,0.574,135.0,0.5746,345.0
1753531894468,12:11:34.468,ACE/USDT:USDT,0.5726,6112.0,0.5725,345.0,0.574,135.0,0.5746,345.0
1753531895827,12:11:35.827,ACE/USDT:USDT,0.5726,5239.0,0.5725,345.0,0.574,135.0,0.5746,345.0
1753531895882,12:11:35.882,ACE/USDT:USDT,0.5726,5239.0,0.5725,345.0,0.574,135.0,0.5746,345.0
1753531896424,12:11:36.424,ACE/USDT:USDT,0.5726,5239.0,0.5725,345.0,0.574,135.0,0.5746,345.0
1753531896520,12:11:36.520,ACE/USDT:USDT,0.5728,5372.0,0.5727,5070.0,0.574,270.0,0.5747,5565.0
1753531896600,12:11:36.600,ACE/USDT:USDT,0.5728,5372.0,0.5726,10476.0,0.574,270.0,0.5747,5565.0
1753531896895,12:11:36.895,ACE/USDT:USDT,0.5728,6460.0,0.5726,10476.0,0.574,270.0,0.5747,5565.0
1753531897289,12:11:37.289,ACE/USDT:USDT,0.5728,6460.0,0.5726,10476.0,0.574,270.0,0.5747,5565.0
1753531897344,12:11:37.344,ACE/USDT:USDT,0.5728,6460.0,0.5726,10476.0,0.574,270.0,0.5747,5565.0
1753531897442,12:11:37.442,ACE/USDT:USDT,0.5728,6460.0,0.5726,10476.0,0.574,270.0,0.5747,5565.0
1753531897855,12:11:37.855,ACE/USDT:USDT,0.5728,7333.0,0.5726,10476.0,0.574,270.0,0.5747,5565.0
1753531897996,12:11:37.996,ACE/USDT:USDT,0.5728,7333.0,0.5726,10476.0,0.574,270.0,0.5747,5565.0
1753531898042,12:11:38.042,ACE/USDT:USDT,0.5728,7333.0,0.5726,10476.0,0.574,270.0,0.5747,5565.0
1753531900861,12:11:40.861,ACE/USDT:USDT,0.5728,7333.0,0.5726,10476.0,0.574,270.0,0.5747,5565.0
1753531900943,12:11:40.943,ACE/USDT:USDT,0.5728,7333.0,0.5726,10476.0,0.574,270.0,0.5747,5565.0
1753531901043,12:11:41.043,ACE/USDT:USDT,0.5728,7333.0,0.5726,10476.0,0.574,270.0,0.5747,5565.0
1753531901698,12:11:41.698,ACE/USDT:USDT,0.5728,5372.0,0.5726,10476.0,0.574,270.0,0.5747,5565.0
1753531901755,12:11:41.755,ACE/USDT:USDT,0.5728,5372.0,0.5726,10476.0,0.574,270.0,0.5747,5565.0
1753531902174,12:11:42.174,ACE/USDT:USDT,0.5729,7236.0,0.5728,2000.0,0.574,270.0,0.5747,5565.0
1753531903167,12:11:43.167,ACE/USDT:USDT,0.5729,7236.0,0.5728,2000.0,0.574,270.0,0.5747,5565.0
1753531903244,12:11:43.244,ACE/USDT:USDT,0.5729,7236.0,0.5728,2000.0,0.574,270.0,0.5747,5565.0
1753531903391,12:11:43.391,ACE/USDT:USDT,0.5729,7236.0,0.5728,2000.0,0.574,270.0,0.5747,5565.0
1753531904132,12:11:44.132,ACE/USDT:USDT,0.5729,5236.0,0.5727,2000.0,0.574,270.0,0.5747,5565.0
1753531904144,12:11:44.144,ACE/USDT:USDT,0.5729,5236.0,0.5727,2000.0,0.574,270.0,0.5747,5565.0
1753531904244,12:11:44.244,ACE/USDT:USDT,0.5729,5236.0,0.5727,2000.0,0.574,270.0,0.5747,5565.0
1753531906335,12:11:46.335,ACE/USDT:USDT,0.5729,6244.0,0.5727,2000.0,0.574,270.0,0.5747,5565.0
1753531906421,12:11:46.421,ACE/USDT:USDT,0.5729,16718.0,0.5727,2000.0,0.574,270.0,0.5747,5565.0
1753531906494,12:11:46.494,ACE/USDT:USDT,0.573,6243.0,0.5729,11482.0,0.574,270.0,0.5747,5565.0
1753531906628,12:11:46.628,ACE/USDT:USDT,0.573,6243.0,0.5729,1008.0,0.574,270.0,0.5747,5565.0
1753531907497,12:11:47.497,ACE/USDT:USDT,0.573,6243.0,0.5729,1008.0,0.574,270.0,0.5747,5565.0
1753531907544,12:11:47.544,ACE/USDT:USDT,0.573,6243.0,0.5729,1008.0,0.574,270.0,0.5747,5565.0
1753531907643,12:11:47.643,ACE/USDT:USDT,0.573,6243.0,0.5729,1008.0,0.574,270.0,0.5747,5565.0
1753531908305,12:11:48.305,ACE/USDT:USDT,0.573,6243.0,0.5729,1008.0,0.574,270.0,0.5747,5565.0
1753531908343,12:11:48.343,ACE/USDT:USDT,0.573,6243.0,0.5729,1008.0,0.574,270.0,0.5747,5565.0
1753531908442,12:11:48.442,ACE/USDT:USDT,0.573,6243.0,0.5729,1008.0,0.574,270.0,0.5747,5565.0
1753531910020,12:11:50.020,ACE/USDT:USDT,0.573,7116.0,0.5729,135.0,0.574,270.0,0.5747,5565.0
1753531910045,12:11:50.045,ACE/USDT:USDT,0.573,7116.0,0.5729,135.0,0.574,270.0,0.5747,5565.0
1753531910199,12:11:50.199,ACE/USDT:USDT,0.5731,5234.0,0.573,1008.0,0.574,481.0,0.5747,5565.0
1753531910266,12:11:50.266,ACE/USDT:USDT,0.5731,5234.0,0.573,135.0,0.574,481.0,0.5747,5565.0
1753531910341,12:11:50.341,ACE/USDT:USDT,0.5731,5234.0,0.573,135.0,0.574,481.0,0.5747,5565.0
1753531910460,12:11:50.460,ACE/USDT:USDT,0.5731,5234.0,0.573,135.0,0.574,481.0,0.5747,5565.0
1753531911221,12:11:51.221,ACE/USDT:USDT,0.5731,5234.0,0.573,135.0,0.574,135.0,0.5747,5565.0
1753531911248,12:11:51.248,ACE/USDT:USDT,0.5731,5234.0,0.573,135.0,0.574,135.0,0.5747,5220.0
1753531911342,12:11:51.342,ACE/USDT:USDT,0.5731,5234.0,0.573,135.0,0.574,135.0,0.5747,5220.0
1753531911543,12:11:51.543,ACE/USDT:USDT,0.5731,5234.0,0.573,135.0,0.574,135.0,0.5747,5220.0
1753531911815,12:11:51.815,ACE/USDT:USDT,0.5731,5234.0,0.573,135.0,0.574,135.0,0.5747,5220.0
1753531911866,12:11:51.866,ACE/USDT:USDT,0.5732,4711.0,0.5731,15704.0,0.5747,5220.0,0.5749,2345.0
1753531912404,12:11:52.404,ACE/USDT:USDT,0.5732,5233.0,0.573,135.0,0.5747,5220.0,0.5749,2345.0
1753531912450,12:11:52.450,ACE/USDT:USDT,0.5732,5233.0,0.573,135.0,0.5747,5220.0,0.5749,2345.0
1753531912546,12:11:52.546,ACE/USDT:USDT,0.5732,5233.0,0.573,135.0,0.5747,5220.0,0.5749,2345.0
1753531912732,12:11:52.732,ACE/USDT:USDT,0.5732,5233.0,0.573,135.0,0.5747,5220.0,0.5749,2345.0
1753531913268,12:11:53.268,ACE/USDT:USDT,0.5732,5233.0,0.573,135.0,0.5747,5220.0,0.5749,2345.0
1753531913345,12:11:53.345,ACE/USDT:USDT,0.5732,5233.0,0.573,135.0,0.5747,5220.0,0.5749,2345.0
1753531913443,12:11:53.443,ACE/USDT:USDT,0.5732,5233.0,0.573,135.0,0.5747,5220.0,0.5749,2345.0
1753531916121,12:11:56.121,ACE/USDT:USDT,0.5732,6977.0,0.573,135.0,0.5747,5220.0,0.5749,2345.0
1753531916143,12:11:56.143,ACE/USDT:USDT,0.5732,6977.0,0.573,135.0,0.5747,5220.0,0.5749,2345.0
1753531916334,12:11:56.334,ACE/USDT:USDT,0.5732,6977.0,0.573,135.0,0.5747,5220.0,0.5749,2345.0
1753531916366,12:11:56.366,ACE/USDT:USDT,0.5732,5233.0,0.573,135.0,0.5747,5220.0,0.5749,2345.0
1753531916515,12:11:56.515,ACE/USDT:USDT,0.5732,6105.0,0.573,135.0,0.5747,5220.0,0.5749,2345.0
1753531916833,12:11:56.833,ACE/USDT:USDT,0.5732,7104.0,0.573,135.0,0.5747,5220.0,0.5749,2345.0
1753531916843,12:11:56.843,ACE/USDT:USDT,0.5732,7104.0,0.573,135.0,0.5747,5220.0,0.5749,2345.0
1753531916943,12:11:56.943,ACE/USDT:USDT,0.5732,7104.0,0.573,135.0,0.5747,5220.0,0.5749,2345.0
1753531917337,12:11:57.337,ACE/USDT:USDT,0.5732,7104.0,0.573,135.0,0.5747,5220.0,0.5749,2345.0
1753531920518,12:12:00.518,ACE/USDT:USDT,0.5732,7104.0,0.573,135.0,0.5747,5220.0,0.5749,2345.0
1753531920770,12:12:00.770,ACE/USDT:USDT,0.5732,7104.0,0.573,135.0,0.5747,5220.0,0.5749,2345.0
1753531920927,12:12:00.927,ACE/USDT:USDT,0.5734,5231.0,0.5724,345.0,0.5747,5220.0,0.5749,2345.0
1753531921034,12:12:01.034,ACE/USDT:USDT,0.5734,5231.0,0.5721,345.0,0.5747,5220.0,0.5749,2000.0
1753531921131,12:12:01.131,ACE/USDT:USDT,0.5734,5231.0,0.5721,345.0,0.5747,5220.0,0.5749,2000.0
1753531921423,12:12:01.423,ACE/USDT:USDT,0.5734,5231.0,0.5721,345.0,0.5747,5220.0,0.5749,2000.0
1753531921618,12:12:01.618,ACE/USDT:USDT,0.5734,5231.0,0.5721,345.0,0.5747,5220.0,0.5749,2000.0
1753531922362,12:12:02.362,ACE/USDT:USDT,0.5734,5231.0,0.5721,345.0,0.5747,5220.0,0.5749,2000.0
1753531922587,12:12:02.587,ACE/USDT:USDT,0.5734,5231.0,0.5721,345.0,0.5747,5220.0,0.5749,2000.0
1753531923843,12:12:03.843,ACE/USDT:USDT,0.5734,5231.0,0.5721,345.0,0.5747,5220.0,0.5749,2000.0
1753531925359,12:12:05.359,ACE/USDT:USDT,0.5734,5231.0,0.5721,345.0,0.5747,5220.0,0.5749,2000.0
1753531925890,12:12:05.890,ACE/USDT:USDT,0.5734,5231.0,0.5721,345.0,0.5747,5220.0,0.5749,2000.0
1753531925950,12:12:05.950,ACE/USDT:USDT,0.5734,5231.0,0.5721,345.0,0.5747,5220.0,0.5749,2000.0
1753531926044,12:12:06.044,ACE/USDT:USDT,0.5734,5231.0,0.573,345.0,0.5747,5220.0,0.5749,2000.0
1753531926230,12:12:06.230,ACE/USDT:USDT,0.5734,5231.0,0.573,345.0,0.5747,5220.0,0.5749,2000.0
1753531926764,12:12:06.764,ACE/USDT:USDT,0.5734,6103.0,0.573,345.0,0.5747,5220.0,0.5749,2000.0
1753531926848,12:12:06.848,ACE/USDT:USDT,0.5734,6103.0,0.573,345.0,0.5747,5220.0,0.5749,2000.0
1753531927261,12:12:07.261,ACE/USDT:USDT,0.5735,4970.0,0.5734,16567.0,0.5747,5220.0,0.5749,2000.0
1753531927926,12:12:07.926,ACE/USDT:USDT,0.5743,1.0,0.5735,10201.0,0.5747,5220.0,0.5749,2000.0
1753531928019,12:12:08.019,ACE/USDT:USDT,0.5735,5231.0,0.5721,345.0,0.5747,5490.0,0.5748,270.0
1753531928229,12:12:08.229,ACE/USDT:USDT,0.5735,6975.0,0.5721,345.0,0.5747,5490.0,0.5748,270.0
1753531928266,12:12:08.266,ACE/USDT:USDT,0.5735,6975.0,0.5721,345.0,0.5747,5490.0,0.5748,270.0
1753531929077,12:12:09.077,ACE/USDT:USDT,0.5735,6975.0,0.5726,9724.0,0.5747,270.0,0.5748,270.0
1753531929167,12:12:09.167,ACE/USDT:USDT,0.5735,6975.0,0.5727,345.0,0.5747,270.0,0.5748,270.0
1753531929244,12:12:09.244,ACE/USDT:USDT,0.5735,6975.0,0.5727,345.0,0.5747,270.0,0.5748,270.0
1753531929504,12:12:09.504,ACE/USDT:USDT,0.5735,6975.0,0.5727,345.0,0.5747,270.0,0.5748,270.0
1753531930306,12:12:10.306,ACE/USDT:USDT,0.5735,5231.0,0.5727,345.0,0.5747,270.0,0.5748,270.0
1753531930369,12:12:10.369,ACE/USDT:USDT,0.5735,5231.0,0.5727,345.0,0.5747,270.0,0.5748,270.0
1753531930521,12:12:10.521,ACE/USDT:USDT,0.5735,5231.0,0.5727,345.0,0.5747,5490.0,0.5748,270.0
1753531930907,12:12:10.907,ACE/USDT:USDT,0.5735,5231.0,0.5727,345.0,0.5747,5490.0,0.5748,270.0
1753531930946,12:12:10.946,ACE/USDT:USDT,0.5735,5231.0,0.5727,345.0,0.5747,5490.0,0.5748,270.0
1753531931043,12:12:11.043,ACE/USDT:USDT,0.5735,5231.0,0.5727,345.0,0.5747,5490.0,0.5748,270.0
1753531931820,12:12:11.820,ACE/USDT:USDT,0.5735,5231.0,0.5727,345.0,0.5746,2000.0,0.5747,7490.0
1753531931850,12:12:11.850,ACE/USDT:USDT,0.5735,5231.0,0.5721,345.0,0.5746,2000.0,0.5747,7490.0
1753531931988,12:12:11.988,ACE/USDT:USDT,0.5735,5231.0,0.5721,345.0,0.5746,2000.0,0.5747,7490.0
1753531932433,12:12:12.433,ACE/USDT:USDT,0.5723,5573.0,0.5722,10486.0,0.574,2000.0,0.5745,2345.0
1753531932519,12:12:12.519,ACE/USDT:USDT,0.5723,5748.0,0.5722,10486.0,0.574,2000.0,0.5745,2345.0
1753531932635,12:12:12.635,ACE/USDT:USDT,0.5723,5759.0,0.5722,10486.0,0.574,2000.0,0.5745,2345.0
1753531932697,12:12:12.697,ACE/USDT:USDT,0.5723,5584.0,0.5722,10486.0,0.574,2000.0,0.5745,2345.0
1753531932820,12:12:12.820,ACE/USDT:USDT,0.5723,5584.0,0.5722,10486.0,0.574,2000.0,0.5745,2345.0
1753531932872,12:12:12.872,ACE/USDT:USDT,0.5723,5584.0,0.5722,10486.0,0.574,2000.0,0.5745,2345.0
1753531932968,12:12:12.968,ACE/USDT:USDT,0.5723,5584.0,0.5722,10486.0,0.574,2000.0,0.5745,2345.0
1753531933119,12:12:13.119,ACE/USDT:USDT,0.5723,5584.0,0.5722,10486.0,0.574,2000.0,0.5745,2345.0
1753531933331,12:12:13.331,ACE/USDT:USDT,0.5723,6458.0,0.5722,10486.0,0.574,2000.0,0.5745,2345.0
1753531933421,12:12:13.421,ACE/USDT:USDT,0.5723,6458.0,0.5722,10486.0,0.574,2000.0,0.5745,2345.0
1753531933535,12:12:13.535,ACE/USDT:USDT,0.5723,6990.0,0.5722,10486.0,0.574,2000.0,0.5745,2345.0
1753531933574,12:12:13.574,ACE/USDT:USDT,0.5723,6990.0,0.5722,10486.0,0.574,2000.0,0.5745,2345.0
1753531933702,12:12:13.702,ACE/USDT:USDT,0.5723,7293.0,0.5722,10486.0,0.574,2000.0,0.5745,2345.0
1753531933795,12:12:13.795,ACE/USDT:USDT,0.5723,7293.0,0.5722,10486.0,0.574,2000.0,0.5745,2345.0
1753531933934,12:12:13.934,ACE/USDT:USDT,0.5723,7304.0,0.5722,10486.0,0.574,2000.0,0.5745,2345.0
1753531934024,12:12:14.024,ACE/USDT:USDT,0.5723,8660.0,0.5722,10486.0,0.574,2000.0,0.5745,2345.0
1753531934236,12:12:14.236,ACE/USDT:USDT,0.5723,11343.0,0.5722,10486.0,0.574,2000.0,0.5745,2345.0
1753531934327,12:12:14.327,ACE/USDT:USDT,0.5723,12683.0,0.5722,10486.0,0.574,2000.0,0.5745,2345.0
1753531934410,12:12:14.410,ACE/USDT:USDT,0.5727,5238.0,0.5725,10480.0,0.574,2000.0,0.5745,2345.0
1753531934535,12:12:14.535,ACE/USDT:USDT,0.5727,7955.0,0.5725,10480.0,0.574,2000.0,0.5745,2345.0
1753531934614,12:12:14.614,ACE/USDT:USDT,0.5727,9314.0,0.5725,10480.0,0.574,2000.0,0.5745,2345.0
1753531934643,12:12:14.643,ACE/USDT:USDT,0.5727,9314.0,0.5725,10480.0,0.574,2000.0,0.5745,2345.0
1753531934784,12:12:14.784,ACE/USDT:USDT,0.5727,9314.0,0.5725,10480.0,0.574,2000.0,0.5745,2345.0
1753531935129,12:12:15.129,ACE/USDT:USDT,0.5727,9314.0,0.5725,10480.0,0.574,2000.0,0.5745,2345.0
1753531935184,12:12:15.184,ACE/USDT:USDT,0.5727,9314.0,0.5725,10480.0,0.574,2000.0,0.5745,2345.0
1753531935244,12:12:15.244,ACE/USDT:USDT,0.5727,9314.0,0.5725,10480.0,0.574,2000.0,0.5745,2345.0
1753531935467,12:12:15.467,ACE/USDT:USDT,0.5727,9314.0,0.5725,10480.0,0.574,2000.0,0.5745,2345.0
1753531935724,12:12:15.724,ACE/USDT:USDT,0.5727,9314.0,0.5725,10480.0,0.574,2000.0,0.5745,2345.0
1753531935750,12:12:15.750,ACE/USDT:USDT,0.5727,9314.0,0.5725,10480.0,0.574,2000.0,0.5745,2345.0
1753531935845,12:12:15.845,ACE/USDT:USDT,0.5727,9314.0,0.5725,10480.0,0.574,2000.0,0.5745,2345.0
1753531935977,12:12:15.977,ACE/USDT:USDT,0.5728,4782.0,0.5727,15939.0,0.574,2000.0,0.5745,2345.0
1753531936108,12:12:16.108,ACE/USDT:USDT,0.5729,6757.0,0.5727,9343.0,0.574,2000.0,0.5745,2345.0
1753531936297,12:12:16.297,ACE/USDT:USDT,0.5729,8143.0,0.5727,9343.0,0.574,2000.0,0.5745,2345.0
1753531936345,12:12:16.345,ACE/USDT:USDT,0.5729,8143.0,0.5727,9343.0,0.574,2000.0,0.5745,2345.0
1753531936454,12:12:16.454,ACE/USDT:USDT,0.5729,8143.0,0.5727,9343.0,0.574,2000.0,0.5745,2345.0
1753531936586,12:12:16.586,ACE/USDT:USDT,0.5729,11284.0,0.5727,9343.0,0.574,2000.0,0.5745,2345.0
1753531936716,12:12:16.716,ACE/USDT:USDT,0.5729,8143.0,0.5727,9343.0,0.574,2000.0,0.5745,2345.0
1753531936799,12:12:16.799,ACE/USDT:USDT,0.5729,9016.0,0.5727,9343.0,0.574,2000.0,0.5745,2345.0
1753531936926,12:12:16.926,ACE/USDT:USDT,0.5731,5369.0,0.5729,135.0,0.574,2211.0,0.5745,2345.0
1753531937134,12:12:17.134,ACE/USDT:USDT,0.5731,5369.0,0.5729,135.0,0.574,2211.0,0.5745,2345.0
1753531937338,12:12:17.338,ACE/USDT:USDT,0.5731,5369.0,0.5729,135.0,0.574,2211.0,0.5745,2345.0
1753531937530,12:12:17.530,ACE/USDT:USDT,0.5731,5369.0,0.5729,135.0,0.574,2346.0,0.5745,2345.0
1753531937552,12:12:17.552,ACE/USDT:USDT,0.5731,5369.0,0.5729,135.0,0.574,2346.0,0.5745,2345.0
1753531938092,12:12:18.092,ACE/USDT:USDT,0.5731,5369.0,0.5729,135.0,0.574,2346.0,0.5745,2345.0
1753531938148,12:12:18.148,ACE/USDT:USDT,0.5731,5369.0,0.5729,135.0,0.574,2346.0,0.5745,2345.0
1753531938244,12:12:18.244,ACE/USDT:USDT,0.5731,5369.0,0.5729,135.0,0.574,2346.0,0.5745,2345.0
1753531939288,12:12:19.288,ACE/USDT:USDT,0.5731,6522.0,0.5729,135.0,0.574,2346.0,0.5745,2345.0
1753531939344,12:12:19.344,ACE/USDT:USDT,0.5731,6522.0,0.5729,135.0,0.574,2346.0,0.5745,2345.0
1753531939444,12:12:19.444,ACE/USDT:USDT,0.5731,6522.0,0.5729,135.0,0.574,2346.0,0.5745,2345.0
1753531940478,12:12:20.478,ACE/USDT:USDT,0.5731,6522.0,0.5729,135.0,0.574,2211.0,0.5745,2345.0
1753531940545,12:12:20.545,ACE/USDT:USDT,0.5731,6522.0,0.5729,135.0,0.574,2211.0,0.5745,2345.0
1753531940644,12:12:20.644,ACE/USDT:USDT,0.5731,6522.0,0.5729,135.0,0.574,2211.0,0.5745,2345.0
1753531941632,12:12:21.632,ACE/USDT:USDT,0.5731,12883.0,0.5729,135.0,0.574,2211.0,0.5745,2345.0
1753531941668,12:12:21.668,ACE/USDT:USDT,0.5733,5232.0,0.5732,4338.0,0.574,2211.0,0.5745,2345.0
1753531942020,12:12:22.020,ACE/USDT:USDT,0.5733,5232.0,0.5732,4338.0,0.574,2211.0,0.5745,2345.0
1753531942223,12:12:22.223,ACE/USDT:USDT,0.5733,8324.0,0.5732,4338.0,0.5745,2000.0,0.5749,2345.0
1753531942318,12:12:22.318,ACE/USDT:USDT,0.5733,8324.0,0.5732,4338.0,0.5745,2000.0,0.5749,2345.0
1753531942434,12:12:22.434,ACE/USDT:USDT,0.5733,8324.0,0.5732,4338.0,0.5745,2000.0,0.5749,2345.0
1753531942490,12:12:22.490,ACE/USDT:USDT,0.5733,9870.0,0.5732,4338.0,0.5745,2000.0,0.5749,2345.0
1753531942606,12:12:22.606,ACE/USDT:USDT,0.5733,9870.0,0.5732,4338.0,0.5745,2000.0,0.5749,2345.0
1753531942695,12:12:22.695,ACE/USDT:USDT,0.5733,9870.0,0.5732,4338.0,0.5745,2000.0,0.5749,2345.0
1753531942866,12:12:22.866,ACE/USDT:USDT,0.5733,9870.0,0.5732,4338.0,0.5745,2000.0,0.5749,2345.0
1753531942985,12:12:22.985,ACE/USDT:USDT,0.5733,9870.0,0.5732,4338.0,0.5745,2000.0,0.5749,2345.0
1753531943292,12:12:23.292,ACE/USDT:USDT,0.5733,9870.0,0.5732,4338.0,0.5745,2000.0,0.5749,2345.0
1753531943480,12:12:23.480,ACE/USDT:USDT,0.5733,11586.0,0.5732,4338.0,0.5745,2000.0,0.5749,2345.0
1753531943579,12:12:23.579,ACE/USDT:USDT,0.5733,11586.0,0.5732,135.0,0.5745,2000.0,0.5749,2345.0
1753531943684,12:12:23.684,ACE/USDT:USDT,0.5733,11586.0,0.5732,135.0,0.5745,2000.0,0.5749,2345.0
1753531944000,12:12:24.000,ACE/USDT:USDT,0.5733,11586.0,0.5732,135.0,0.5745,2000.0,0.5749,2345.0
1753531944235,12:12:24.235,ACE/USDT:USDT,0.5734,3737.0,0.5733,17691.0,0.5745,2000.0,0.5749,2345.0
1753531944277,12:12:24.277,ACE/USDT:USDT,0.5734,3737.0,0.5733,22052.0,0.5745,2000.0,0.5749,2345.0
1753531944379,12:12:24.379,ACE/USDT:USDT,0.5734,3737.0,0.5733,22052.0,0.5745,2000.0,0.5749,2345.0
1753531944521,12:12:24.521,ACE/USDT:USDT,0.5734,3737.0,0.5733,22052.0,0.5745,2000.0,0.5749,2345.0
1753531944707,12:12:24.707,ACE/USDT:USDT,0.5734,3737.0,0.5733,22052.0,0.5745,2000.0,0.5749,2345.0
1753531944926,12:12:24.926,ACE/USDT:USDT,0.5735,5231.0,0.5734,3737.0,0.5745,2000.0,0.5749,2345.0
1753531945378,12:12:25.378,ACE/USDT:USDT,0.5735,5231.0,0.5734,3737.0,0.5745,2000.0,0.5749,2345.0
1753531945516,12:12:25.516,ACE/USDT:USDT,0.5735,5231.0,0.5734,3737.0,0.5745,2000.0,0.5749,2345.0
1753531945614,12:12:25.614,ACE/USDT:USDT,0.5735,5231.0,0.5734,3737.0,0.5749,2345.0,0.575,1191.0
1753531945663,12:12:25.663,ACE/USDT:USDT,0.5735,5231.0,0.5734,3737.0,0.5749,2000.0,0.575,1191.0
1753531945827,12:12:25.827,ACE/USDT:USDT,0.5735,6244.0,0.5733,1716.0,0.5749,2000.0,0.575,1191.0
1753531945935,12:12:25.935,ACE/USDT:USDT,0.5736,5012.0,0.5735,16706.0,0.5749,2000.0,0.575,1191.0
1753531945959,12:12:25.959,ACE/USDT:USDT,0.5737,5229.0,0.5735,11475.0,0.5749,2000.0,0.575,1191.0
1753531946326,12:12:26.326,ACE/USDT:USDT,0.5737,5229.0,0.5735,1013.0,0.5749,2000.0,0.575,1191.0
1753531946526,12:12:26.526,ACE/USDT:USDT,0.5739,5227.0,0.5726,345.0,0.5749,2000.0,0.575,1191.0
1753531946667,12:12:26.667,ACE/USDT:USDT,0.5739,5227.0,0.5726,345.0,0.5749,2000.0,0.575,1191.0
1753531947519,12:12:27.519,ACE/USDT:USDT,0.5739,5227.0,0.573,9724.0,0.5749,2000.0,0.575,1191.0
1753531947595,12:12:27.595,ACE/USDT:USDT,0.5739,6098.0,0.5731,345.0,0.5749,2000.0,0.575,1191.0
1753531947639,12:12:27.639,ACE/USDT:USDT,0.5739,6098.0,0.5731,345.0,0.5749,2000.0,0.575,1191.0
1753531947828,12:12:27.828,ACE/USDT:USDT,0.5739,5227.0,0.5731,345.0,0.5749,2000.0,0.575,1191.0
1753531947936,12:12:27.936,ACE/USDT:USDT,0.5739,5227.0,0.5731,345.0,0.5749,2000.0,0.575,1191.0
1753531948390,12:12:28.390,ACE/USDT:USDT,0.5739,5227.0,0.5731,345.0,0.5749,2000.0,0.575,1191.0
1753531948628,12:12:28.628,ACE/USDT:USDT,0.5739,5227.0,0.5731,345.0,0.5749,2000.0,0.575,1191.0
1753531948886,12:12:28.886,ACE/USDT:USDT,0.5739,5227.0,0.5731,345.0,0.5749,2000.0,0.575,1191.0
1753531949345,12:12:29.345,ACE/USDT:USDT,0.5739,5227.0,0.5731,345.0,0.5749,2000.0,0.575,1191.0
1753531951408,12:12:31.408,ACE/USDT:USDT,0.5739,5227.0,0.5731,345.0,0.5749,2000.0,0.575,1191.0
1753531956434,12:12:36.434,ACE/USDT:USDT,0.5739,5227.0,0.5731,345.0,0.5749,2000.0,0.575,1191.0
1753531956445,12:12:36.445,ACE/USDT:USDT,0.5739,5227.0,0.5731,345.0,0.5749,2000.0,0.575,1393.0
1753531956550,12:12:36.550,ACE/USDT:USDT,0.5739,5227.0,0.5731,345.0,0.5749,2000.0,0.575,1191.0
1753531957541,12:12:37.541,ACE/USDT:USDT,0.5739,5227.0,0.5731,345.0,0.5749,2000.0,0.575,1191.0
1753531957651,12:12:37.651,ACE/USDT:USDT,0.5739,5227.0,0.5731,345.0,0.5749,2000.0,0.575,1393.0
1753531957744,12:12:37.744,ACE/USDT:USDT,0.5739,5227.0,0.5731,345.0,0.5749,2000.0,0.575,1191.0
1753531957842,12:12:37.842,ACE/USDT:USDT,0.5739,5227.0,0.5731,345.0,0.5749,2000.0,0.575,1191.0
1753531958522,12:12:38.522,ACE/USDT:USDT,0.5739,5227.0,0.5731,345.0,0.5749,2000.0,0.575,1191.0
1753531958552,12:12:38.552,ACE/USDT:USDT,0.5739,5227.0,0.5731,345.0,0.5749,2000.0,0.575,1393.0
1753531958644,12:12:38.644,ACE/USDT:USDT,0.5739,5227.0,0.5731,345.0,0.5749,2000.0,0.575,1191.0
1753531959510,12:12:39.510,ACE/USDT:USDT,0.5739,5227.0,0.5731,345.0,0.5749,2000.0,0.575,1191.0
1753531959550,12:12:39.550,ACE/USDT:USDT,0.5739,5227.0,0.5731,345.0,0.5749,2000.0,0.575,1393.0
1753531959645,12:12:39.645,ACE/USDT:USDT,0.5739,5227.0,0.5731,345.0,0.5749,2000.0,0.575,1191.0
1753531960500,12:12:40.500,ACE/USDT:USDT,0.5739,5227.0,0.5731,345.0,0.5749,2000.0,0.575,1191.0
1753531960545,12:12:40.545,ACE/USDT:USDT,0.5739,5227.0,0.5731,345.0,0.5749,2000.0,0.575,1393.0
1753531960644,12:12:40.644,ACE/USDT:USDT,0.5739,5227.0,0.5731,345.0,0.5749,2000.0,0.575,1191.0
1753531961483,12:12:41.483,ACE/USDT:USDT,0.5739,5227.0,0.5731,345.0,0.5749,2000.0,0.575,1191.0
1753531961545,12:12:41.545,ACE/USDT:USDT,0.5739,5227.0,0.5731,345.0,0.5749,2000.0,0.575,1393.0
1753531961644,12:12:41.644,ACE/USDT:USDT,0.5739,5227.0,0.5731,345.0,0.5749,2000.0,0.575,1191.0
1753531965447,12:12:45.447,ACE/USDT:USDT,0.574,2000.0,0.5739,5227.0,0.5749,2000.0,0.575,1402.0
1753531965595,12:12:45.595,ACE/USDT:USDT,0.574,2000.0,0.5739,5227.0,0.5749,2000.0,0.575,1191.0
1753531965730,12:12:45.730,ACE/USDT:USDT,0.574,2000.0,0.5739,5227.0,0.5749,2000.0,0.575,1191.0
1753531965771,12:12:45.771,ACE/USDT:USDT,0.574,2000.0,0.5739,5227.0,0.5749,2000.0,0.575,1191.0
1753531966427,12:12:46.427,ACE/USDT:USDT,0.574,2000.0,0.5739,5227.0,0.5749,2000.0,0.575,1191.0
1753531966504,12:12:46.504,ACE/USDT:USDT,0.574,2000.0,0.5739,5227.0,0.5749,2000.0,0.575,1393.0
1753531966544,12:12:46.544,ACE/USDT:USDT,0.574,2000.0,0.5739,5227.0,0.5749,2000.0,0.575,1191.0
1753531966927,12:12:46.927,ACE/USDT:USDT,0.574,2000.0,0.5739,5227.0,0.5749,2000.0,0.575,1191.0
1753531967416,12:12:47.416,ACE/USDT:USDT,0.574,2000.0,0.5739,5227.0,0.5749,2000.0,0.575,1191.0
1753531967445,12:12:47.445,ACE/USDT:USDT,0.574,2000.0,0.5739,5227.0,0.5749,2000.0,0.575,1393.0
1753531967544,12:12:47.544,ACE/USDT:USDT,0.574,2000.0,0.5739,5227.0,0.5749,2000.0,0.575,1191.0
1753531969861,12:12:49.861,ACE/USDT:USDT,0.574,2000.0,0.5739,5227.0,0.5749,2000.0,0.575,1191.0
1753531969945,12:12:49.945,ACE/USDT:USDT,0.574,2000.0,0.5739,5227.0,0.5749,2000.0,0.575,1393.0
1753531970044,12:12:50.044,ACE/USDT:USDT,0.574,2000.0,0.5739,5227.0,0.5749,2000.0,0.575,1191.0
1753531970780,12:12:50.780,ACE/USDT:USDT,0.574,2000.0,0.5739,5227.0,0.5749,2000.0,0.575,1191.0
1753531970849,12:12:50.849,ACE/USDT:USDT,0.574,2000.0,0.5739,5227.0,0.5749,2000.0,0.575,1393.0
1753531970944,12:12:50.944,ACE/USDT:USDT,0.574,2000.0,0.5739,5227.0,0.5749,2000.0,0.575,1191.0
1753531971433,12:12:51.433,ACE/USDT:USDT,0.574,2000.0,0.5739,5227.0,0.5749,2000.0,0.575,1191.0
1753531971445,12:12:51.445,ACE/USDT:USDT,0.574,2000.0,0.5739,5227.0,0.5749,2000.0,0.575,1393.0
1753531971544,12:12:51.544,ACE/USDT:USDT,0.574,2000.0,0.5739,5227.0,0.5749,2000.0,0.575,1191.0
1753531972654,12:12:52.654,ACE/USDT:USDT,0.574,2000.0,0.5739,5227.0,0.5749,2000.0,0.575,1191.0
1753531972745,12:12:52.745,ACE/USDT:USDT,0.574,2000.0,0.5739,5227.0,0.5749,2000.0,0.575,1393.0
1753531972899,12:12:52.899,ACE/USDT:USDT,0.574,2000.0,0.5739,5227.0,0.5749,2000.0,0.575,1191.0
1753531973066,12:12:53.066,ACE/USDT:USDT,0.574,2000.0,0.5739,5227.0,0.5749,2000.0,0.575,1191.0
1753531974745,12:12:54.745,ACE/USDT:USDT,0.574,2000.0,0.5739,5227.0,0.5749,2000.0,0.575,1191.0
1753531974849,12:12:54.849,ACE/USDT:USDT,0.574,2000.0,0.5739,5227.0,0.5749,2000.0,0.575,1393.0
1753531974944,12:12:54.944,ACE/USDT:USDT,0.574,2000.0,0.5739,5227.0,0.5749,2000.0,0.575,1191.0
1753531976868,12:12:56.868,ACE/USDT:USDT,0.574,2000.0,0.5739,5227.0,0.5749,2000.0,0.575,1191.0
1753531976948,12:12:56.948,ACE/USDT:USDT,0.574,2000.0,0.5739,5227.0,0.5749,2000.0,0.575,1393.0
1753531977105,12:12:57.105,ACE/USDT:USDT,0.574,2000.0,0.5739,5227.0,0.5749,2000.0,0.575,1191.0
1753531977544,12:12:57.544,ACE/USDT:USDT,0.574,2000.0,0.5739,5227.0,0.5749,2000.0,0.575,1191.0
1753531977646,12:12:57.646,ACE/USDT:USDT,0.574,2000.0,0.5739,5227.0,0.5749,2000.0,0.575,1393.0
1753531977745,12:12:57.745,ACE/USDT:USDT,0.574,2000.0,0.5739,5227.0,0.5749,2000.0,0.575,1191.0
1753531980319,12:13:00.319,ACE/USDT:USDT,0.574,2000.0,0.5739,5227.0,0.5749,2000.0,0.575,1191.0
1753531980348,12:13:00.348,ACE/USDT:USDT,0.574,2000.0,0.5739,5227.0,0.5749,2000.0,0.575,1393.0
1753531980446,12:13:00.446,ACE/USDT:USDT,0.574,2000.0,0.5739,5227.0,0.5749,2000.0,0.575,1191.0
1753531981158,12:13:01.158,ACE/USDT:USDT,0.574,2000.0,0.5739,5227.0,0.5749,2000.0,0.575,1191.0
1753531981272,12:13:01.272,ACE/USDT:USDT,0.574,2000.0,0.5739,5227.0,0.5749,2000.0,0.575,1393.0
1753531981345,12:13:01.345,ACE/USDT:USDT,0.574,2000.0,0.5739,5227.0,0.5749,2000.0,0.575,1191.0
1753531982248,12:13:02.248,ACE/USDT:USDT,0.574,2000.0,0.5739,5227.0,0.5749,2000.0,0.575,1191.0
1753531982345,12:13:02.345,ACE/USDT:USDT,0.574,2000.0,0.5739,5227.0,0.5749,2000.0,0.575,1393.0
1753531982445,12:13:02.445,ACE/USDT:USDT,0.574,2000.0,0.5739,5227.0,0.5749,2000.0,0.575,1191.0
1753531988104,12:13:08.104,ACE/USDT:USDT,0.5741,5225.0,0.574,2000.0,0.5749,2000.0,0.575,1402.0
1753531988186,12:13:08.186,ACE/USDT:USDT,0.5741,5225.0,0.5732,345.0,0.5749,2000.0,0.575,1191.0
1753531988451,12:13:08.451,ACE/USDT:USDT,0.5741,5225.0,0.5732,345.0,0.5749,2000.0,0.575,1191.0
1753531989191,12:13:09.191,ACE/USDT:USDT,0.5741,5225.0,0.5727,345.0,0.5749,2000.0,0.575,1191.0
1753531989318,12:13:09.318,ACE/USDT:USDT,0.5741,5225.0,0.5727,345.0,0.5749,2000.0,0.575,1191.0
1753531989671,12:13:09.671,ACE/USDT:USDT,0.5741,5225.0,0.5727,345.0,0.5749,2000.0,0.575,1191.0
1753531990164,12:13:10.164,ACE/USDT:USDT,0.5741,5225.0,0.5727,345.0,0.5749,2000.0,0.575,1191.0
1753531990329,12:13:10.329,ACE/USDT:USDT,0.5741,5225.0,0.5727,345.0,0.5749,2000.0,0.575,1191.0
1753531992137,12:13:12.137,ACE/USDT:USDT,0.5741,5225.0,0.5732,345.0,0.5749,2000.0,0.575,1191.0
1753531992142,12:13:12.142,ACE/USDT:USDT,0.5741,5225.0,0.5732,345.0,0.5749,2000.0,0.575,1191.0
1753531992498,12:13:12.498,ACE/USDT:USDT,0.5741,5225.0,0.5732,345.0,0.5749,2000.0,0.575,1191.0
1753531993132,12:13:13.132,ACE/USDT:USDT,0.5741,5225.0,0.5732,345.0,0.5749,2000.0,0.575,1191.0
1753531993526,12:13:13.526,ACE/USDT:USDT,0.5741,5225.0,0.5732,345.0,0.5749,2000.0,0.575,1191.0
1753531994120,12:13:14.120,ACE/USDT:USDT,0.5741,5225.0,0.5732,345.0,0.5749,2000.0,0.575,1191.0
1753531994164,12:13:14.164,ACE/USDT:USDT,0.5741,5225.0,0.5732,345.0,0.5749,2000.0,0.575,1191.0
1753531995108,12:13:15.108,ACE/USDT:USDT,0.5741,5225.0,0.5732,345.0,0.5749,2000.0,0.575,1191.0
1753531996092,12:13:16.092,ACE/USDT:USDT,0.5741,5225.0,0.5732,345.0,0.5749,2000.0,0.575,1191.0
1753532001358,12:13:21.358,ACE/USDT:USDT,0.5741,5225.0,0.5732,345.0,0.5749,2000.0,0.575,1191.0
1753532001444,12:13:21.444,ACE/USDT:USDT,0.5741,5225.0,0.5732,345.0,0.5749,2000.0,0.575,1393.0
1753532001545,12:13:21.545,ACE/USDT:USDT,0.5741,5225.0,0.5732,345.0,0.5749,2000.0,0.575,1191.0
1753532003512,12:13:23.512,ACE/USDT:USDT,0.5734,5231.0,0.5733,10466.0,0.5749,2000.0,0.575,1191.0
1753532003566,12:13:23.566,ACE/USDT:USDT,0.5734,5231.0,0.5733,10466.0,0.5749,2000.0,0.575,1393.0
1753532003644,12:13:23.644,ACE/USDT:USDT,0.5734,5231.0,0.5733,10466.0,0.5749,2000.0,0.575,1191.0
1753532004004,12:13:24.004,ACE/USDT:USDT,0.5734,5231.0,0.5733,10466.0,0.5749,2000.0,0.575,1191.0
1753532004046,12:13:24.046,ACE/USDT:USDT,0.5734,5231.0,0.5733,10466.0,0.5749,2000.0,0.575,1393.0
1753532004145,12:13:24.145,ACE/USDT:USDT,0.5734,5231.0,0.5733,10466.0,0.5749,2000.0,0.575,1191.0
1753532006260,12:13:26.260,ACE/USDT:USDT,0.5734,5231.0,0.5732,1217.0,0.5749,2000.0,0.575,1191.0
1753532006346,12:13:26.346,ACE/USDT:USDT,0.5734,5231.0,0.5732,1217.0,0.5749,2000.0,0.575,1393.0
1753532006445,12:13:26.445,ACE/USDT:USDT,0.5734,5231.0,0.5732,1217.0,0.5749,2000.0,0.575,1191.0
1753532006609,12:13:26.609,ACE/USDT:USDT,0.5734,5231.0,0.5727,345.0,0.5749,2000.0,0.575,1191.0
1753532006707,12:13:26.707,ACE/USDT:USDT,0.5734,6103.0,0.5727,345.0,0.5749,2000.0,0.575,1191.0
1753532007414,12:13:27.414,ACE/USDT:USDT,0.5734,6103.0,0.5727,345.0,0.5749,2000.0,0.575,1191.0
1753532007445,12:13:27.445,ACE/USDT:USDT,0.5734,6103.0,0.5727,345.0,0.5749,2000.0,0.575,1393.0
1753532007544,12:13:27.544,ACE/USDT:USDT,0.5734,6103.0,0.5727,345.0,0.5749,2000.0,0.575,1191.0
1753532007806,12:13:27.806,ACE/USDT:USDT,0.5734,8041.0,0.5727,345.0,0.5749,2000.0,0.575,1191.0
1753532008435,12:13:28.435,ACE/USDT:USDT,0.5735,3982.0,0.5734,18505.0,0.5749,2000.0,0.575,1191.0
1753532008494,12:13:28.494,ACE/USDT:USDT,0.5736,5230.0,0.5735,3982.0,0.5749,2000.0,0.575,1191.0
1753532009723,12:13:29.723,ACE/USDT:USDT,0.5736,5230.0,0.5735,3982.0,0.5749,2000.0,0.575,1191.0
1753532009835,12:13:29.835,ACE/USDT:USDT,0.5736,5230.0,0.5735,3982.0,0.5749,2000.0,0.575,1393.0
1753532009844,12:13:29.844,ACE/USDT:USDT,0.5736,5230.0,0.5735,3982.0,0.5749,2000.0,0.575,1191.0
1753532011049,12:13:31.049,ACE/USDT:USDT,0.5736,5230.0,0.5735,3982.0,0.5749,2000.0,0.575,1191.0
1753532011145,12:13:31.145,ACE/USDT:USDT,0.5736,5230.0,0.5735,3982.0,0.5749,2000.0,0.575,1393.0
1753532011323,12:13:31.323,ACE/USDT:USDT,0.5736,6102.0,0.5735,3982.0,0.5749,2000.0,0.575,1191.0
1753532011522,12:13:31.522,ACE/USDT:USDT,0.5736,5230.0,0.5727,345.0,0.5749,2000.0,0.575,1191.0
1753532011621,12:13:31.621,ACE/USDT:USDT,0.5736,5230.0,0.5727,345.0,0.5749,7218.0,0.575,1191.0
1753532011715,12:13:31.715,ACE/USDT:USDT,0.5736,5230.0,0.5727,345.0,0.5748,5219.0,0.5749,2000.0
1753532011788,12:13:31.788,ACE/USDT:USDT,0.5736,5230.0,0.5727,345.0,0.5748,5219.0,0.5749,2000.0
1753532011917,12:13:31.917,ACE/USDT:USDT,0.5728,5237.0,0.5727,2347.0,0.5746,5221.0,0.5747,345.0
1753532012022,12:13:32.022,ACE/USDT:USDT,0.5728,9299.0,0.5727,345.0,0.5746,5221.0,0.5747,345.0
1753532012134,12:13:32.134,ACE/USDT:USDT,0.573,5235.0,0.5729,10474.0,0.5746,5221.0,0.5747,345.0
1753532012232,12:13:32.232,ACE/USDT:USDT,0.573,6453.0,0.5729,10474.0,0.5749,7563.0,0.575,1191.0
1753532012299,12:13:32.299,ACE/USDT:USDT,0.573,6453.0,0.5729,10474.0,0.5749,7563.0,0.575,1191.0
1753532012401,12:13:32.401,ACE/USDT:USDT,0.573,7326.0,0.5729,10474.0,0.5749,7563.0,0.575,1191.0
1753532012465,12:13:32.465,ACE/USDT:USDT,0.573,8199.0,0.5729,10474.0,0.5749,7563.0,0.575,1191.0
1753532012556,12:13:32.556,ACE/USDT:USDT,0.573,8199.0,0.5729,10474.0,0.5749,7563.0,0.575,1191.0
1753532012776,12:13:32.776,ACE/USDT:USDT,0.573,8199.0,0.5729,10474.0,0.5749,7563.0,0.575,1191.0
1753532013218,12:13:33.218,ACE/USDT:USDT,0.573,10107.0,0.5729,10474.0,0.5749,7563.0,0.575,1191.0
1753532013245,12:13:33.245,ACE/USDT:USDT,0.573,10107.0,0.5729,10474.0,0.5749,7563.0,0.575,1393.0
1753532013345,12:13:33.345,ACE/USDT:USDT,0.573,10107.0,0.5729,10474.0,0.5749,7563.0,0.575,1191.0
1753532013478,12:13:33.478,ACE/USDT:USDT,0.573,9234.0,0.5729,10474.0,0.5749,7563.0,0.575,1191.0
1753532013691,12:13:33.691,ACE/USDT:USDT,0.573,7326.0,0.5729,10474.0,0.5749,7563.0,0.575,1191.0
1753532013744,12:13:33.744,ACE/USDT:USDT,0.573,7326.0,0.5729,10474.0,0.5749,7563.0,0.575,1393.0
1753532013844,12:13:33.844,ACE/USDT:USDT,0.573,7326.0,0.5729,10474.0,0.5749,7563.0,0.575,1191.0
1753532013975,12:13:33.975,ACE/USDT:USDT,0.573,7326.0,0.5728,1746.0,0.5749,7563.0,0.575,1191.0
1753532014359,12:13:34.359,ACE/USDT:USDT,0.573,9063.0,0.5728,1746.0,0.5749,7563.0,0.575,1191.0
1753532014453,12:13:34.453,ACE/USDT:USDT,0.573,9063.0,0.5728,1746.0,0.5749,7563.0,0.575,1191.0
1753532014843,12:13:34.843,ACE/USDT:USDT,0.573,9063.0,0.5728,1746.0,0.5749,7563.0,0.575,1191.0
1753532015032,12:13:35.032,ACE/USDT:USDT,0.5731,4290.0,0.573,19535.0,0.5749,7563.0,0.575,1191.0
1753532015099,12:13:35.099,ACE/USDT:USDT,0.5734,7231.0,0.5733,2000.0,0.5749,7218.0,0.575,1191.0
1753532015676,12:13:35.676,ACE/USDT:USDT,0.5734,7231.0,0.5733,2000.0,0.5749,7218.0,0.575,1191.0
1753532015762,12:13:35.762,ACE/USDT:USDT,0.5734,7231.0,0.5733,2000.0,0.5749,7218.0,0.575,1393.0
1753532015870,12:13:35.870,ACE/USDT:USDT,0.5734,7231.0,0.5733,2000.0,0.5749,7218.0,0.575,1191.0
1753532016102,12:13:36.102,ACE/USDT:USDT,0.5734,7231.0,0.5733,2000.0,0.5749,7218.0,0.575,1191.0
1753532016607,12:13:36.607,ACE/USDT:USDT,0.5736,2000.0,0.5735,7231.0,0.5749,7218.0,0.575,1191.0
1753532016735,12:13:36.735,ACE/USDT:USDT,0.5736,2000.0,0.5735,7231.0,0.5749,7218.0,0.575,1393.0
1753532016745,12:13:36.745,ACE/USDT:USDT,0.5736,2000.0,0.5735,7231.0,0.5749,7218.0,0.575,1191.0
1753532016924,12:13:36.924,ACE/USDT:USDT,0.5736,2000.0,0.5735,5231.0,0.5749,7218.0,0.575,1191.0
1753532017292,12:13:37.292,ACE/USDT:USDT,0.5736,2000.0,0.5735,5231.0,0.5749,7218.0,0.575,1191.0
1753532017345,12:13:37.345,ACE/USDT:USDT,0.5736,2000.0,0.5735,5231.0,0.5749,7218.0,0.575,1393.0
1753532017507,12:13:37.507,ACE/USDT:USDT,0.5736,2000.0,0.5735,5231.0,0.5749,7218.0,0.575,1191.0
1753532017746,12:13:37.746,ACE/USDT:USDT,0.5736,2000.0,0.5735,5231.0,0.5749,7218.0,0.575,1191.0
1753532017845,12:13:37.845,ACE/USDT:USDT,0.5736,2000.0,0.5735,5231.0,0.5749,7218.0,0.575,1393.0
1753532017944,12:13:37.944,ACE/USDT:USDT,0.5736,2000.0,0.5735,5231.0,0.5749,7218.0,0.575,1191.0
1753532018164,12:13:38.164,ACE/USDT:USDT,0.5736,7230.0,0.5733,2000.0,0.5749,7218.0,0.575,1191.0
1753532018582,12:13:38.582,ACE/USDT:USDT,0.5736,7230.0,0.5733,2000.0,0.5749,7218.0,0.575,1191.0
1753532018645,12:13:38.645,ACE/USDT:USDT,0.5736,7230.0,0.5733,2000.0,0.5749,7218.0,0.575,1393.0
1753532018836,12:13:38.836,ACE/USDT:USDT,0.5736,5230.0,0.5733,2000.0,0.5749,7218.0,0.575,1191.0
1753532018840,12:13:38.840,ACE/USDT:USDT,0.5737,2000.0,0.5736,5230.0,0.5749,7218.0,0.575,1191.0
1753532019010,12:13:39.010,ACE/USDT:USDT,0.5737,2000.0,0.5736,5230.0,0.5749,7218.0,0.575,1191.0
1753532019826,12:13:39.826,ACE/USDT:USDT,0.5737,2000.0,0.5736,5230.0,0.5749,7218.0,0.575,1191.0
1753532019883,12:13:39.883,ACE/USDT:USDT,0.5737,2000.0,0.5736,5230.0,0.5749,7218.0,0.575,1393.0
1753532019944,12:13:39.944,ACE/USDT:USDT,0.5737,2000.0,0.5736,5230.0,0.5749,7218.0,0.575,1191.0
1753532020250,12:13:40.250,ACE/USDT:USDT,0.5737,2000.0,0.5736,5230.0,0.5749,7218.0,0.575,1191.0
1753532020666,12:13:40.666,ACE/USDT:USDT,0.5737,2000.0,0.5736,5230.0,0.5749,7218.0,0.575,1191.0
1753532020814,12:13:40.814,ACE/USDT:USDT,0.5737,2000.0,0.5736,5230.0,0.5749,7218.0,0.575,1191.0
1753532020919,12:13:40.919,ACE/USDT:USDT,0.5737,2000.0,0.5736,5230.0,0.5749,7218.0,0.575,1191.0
1753532022819,12:13:42.819,ACE/USDT:USDT,0.5737,2000.0,0.5736,5230.0,0.5749,7218.0,0.575,1191.0
1753532023703,12:13:43.703,ACE/USDT:USDT,0.5737,7229.0,0.5734,2000.0,0.5749,7218.0,0.575,1191.0
1753532023781,12:13:43.781,ACE/USDT:USDT,0.5737,5229.0,0.5734,2000.0,0.5749,7218.0,0.575,1191.0
1753532024031,12:13:44.031,ACE/USDT:USDT,0.5737,5229.0,0.5734,2000.0,0.5749,7218.0,0.575,1191.0
1753532024299,12:13:44.299,ACE/USDT:USDT,0.5737,5229.0,0.5734,2000.0,0.5749,7218.0,0.575,1191.0
1753532024721,12:13:44.721,ACE/USDT:USDT,0.5737,5229.0,0.5734,2000.0,0.5749,7218.0,0.575,1191.0
1753532025678,12:13:45.678,ACE/USDT:USDT,0.5737,5229.0,0.5734,2000.0,0.5749,7218.0,0.575,1191.0
1753532025786,12:13:45.786,ACE/USDT:USDT,0.5737,5229.0,0.5734,2000.0,0.5749,7218.0,0.575,1191.0
1753532025901,12:13:45.901,ACE/USDT:USDT,0.5737,5229.0,0.5727,345.0,0.5749,7218.0,0.575,1191.0
1753532026012,12:13:46.012,ACE/USDT:USDT,0.5737,5229.0,0.5729,9724.0,0.5749,7218.0,0.575,1191.0
1753532026434,12:13:46.434,ACE/USDT:USDT,0.5737,15685.0,0.5729,9724.0,0.5749,2000.0,0.575,1191.0
1753532026503,12:13:46.503,ACE/USDT:USDT,0.5738,5228.0,0.5729,9724.0,0.5749,2000.0,0.575,1191.0
1753532026757,12:13:46.757,ACE/USDT:USDT,0.5738,5228.0,0.5729,9724.0,0.5749,2000.0,0.575,1191.0
1753532027119,12:13:47.119,ACE/USDT:USDT,0.5738,5228.0,0.5729,9724.0,0.5749,2000.0,0.575,1191.0
1753532027182,12:13:47.182,ACE/USDT:USDT,0.5738,5228.0,0.5729,9724.0,0.5749,2000.0,0.575,1191.0
1753532027600,12:13:47.600,ACE/USDT:USDT,0.5738,5228.0,0.5729,9724.0,0.5749,2000.0,0.575,1191.0
1753532027736,12:13:47.736,ACE/USDT:USDT,0.5738,5228.0,0.5729,9724.0,0.5749,2000.0,0.575,1191.0
1753532028725,12:13:48.725,ACE/USDT:USDT,0.5738,5228.0,0.5729,9724.0,0.5749,2000.0,0.575,1191.0
1753532034219,12:13:54.219,ACE/USDT:USDT,0.5738,5228.0,0.5727,345.0,0.5749,2000.0,0.575,1191.0
1753532034279,12:13:54.279,ACE/USDT:USDT,0.5738,5228.0,0.5727,345.0,0.5749,2000.0,0.575,1393.0
1753532034346,12:13:54.346,ACE/USDT:USDT,0.5738,5228.0,0.5727,345.0,0.5749,2000.0,0.575,1191.0
1753532034471,12:13:54.471,ACE/USDT:USDT,0.5738,5228.0,0.5727,345.0,0.5749,2000.0,0.575,1191.0
1753532034542,12:13:54.542,ACE/USDT:USDT,0.5738,5228.0,0.5727,345.0,0.5749,2000.0,0.575,1191.0
1753532035409,12:13:55.409,ACE/USDT:USDT,0.5738,5228.0,0.5727,345.0,0.5749,2000.0,0.575,1191.0
1753532035445,12:13:55.445,ACE/USDT:USDT,0.5738,5228.0,0.5727,345.0,0.5749,2000.0,0.575,1393.0
1753532035545,12:13:55.545,ACE/USDT:USDT,0.5738,5228.0,0.5727,345.0,0.5749,2000.0,0.575,1191.0
1753532035680,12:13:55.680,ACE/USDT:USDT,0.5738,5228.0,0.5727,345.0,0.5749,2000.0,0.575,1191.0
1753532035884,12:13:55.884,ACE/USDT:USDT,0.5738,5228.0,0.5731,9724.0,0.5749,2000.0,0.575,1191.0
1753532036516,12:13:56.516,ACE/USDT:USDT,0.5738,10456.0,0.5732,345.0,0.5749,2000.0,0.575,1191.0
1753532036545,12:13:56.545,ACE/USDT:USDT,0.5738,10456.0,0.5732,345.0,0.5749,2000.0,0.575,1393.0
1753532036644,12:13:56.644,ACE/USDT:USDT,0.5738,10456.0,0.5732,345.0,0.5749,2000.0,0.575,1191.0
1753532036770,12:13:56.770,ACE/USDT:USDT,0.5738,10456.0,0.5732,345.0,0.5749,2000.0,0.575,1191.0
1753532036917,12:13:56.917,ACE/USDT:USDT,0.5738,10456.0,0.5732,345.0,0.5749,2000.0,0.575,1191.0
1753532037630,12:13:57.630,ACE/USDT:USDT,0.5738,10456.0,0.5732,345.0,0.5749,2000.0,0.575,1191.0
1753532037646,12:13:57.646,ACE/USDT:USDT,0.5738,10456.0,0.5732,345.0,0.5749,2000.0,0.575,1393.0
1753532037745,12:13:57.745,ACE/USDT:USDT,0.5738,10456.0,0.5732,345.0,0.5749,2000.0,0.575,1191.0
1753532038382,12:13:58.382,ACE/USDT:USDT,0.5738,5228.0,0.5732,345.0,0.5749,2000.0,0.575,1191.0
1753532038456,12:13:58.456,ACE/USDT:USDT,0.5738,5228.0,0.5727,345.0,0.5749,2000.0,0.575,1393.0
1753532038545,12:13:58.545,ACE/USDT:USDT,0.5738,5228.0,0.5727,345.0,0.5749,2000.0,0.575,1191.0
1753532040320,12:14:00.320,ACE/USDT:USDT,0.5738,15684.0,0.5727,345.0,0.5749,2000.0,0.575,1191.0
1753532040430,12:14:00.430,ACE/USDT:USDT,0.5739,4705.0,0.5738,10456.0,0.5749,2000.0,0.575,1191.0
1753532040439,12:14:00.439,ACE/USDT:USDT,0.5738,5228.0,0.5727,345.0,0.5749,2000.0,0.575,1191.0
1753532040634,12:14:00.634,ACE/USDT:USDT,0.5738,15684.0,0.5727,345.0,0.5749,2000.0,0.575,1191.0
1753532040637,12:14:00.637,ACE/USDT:USDT,0.5739,4705.0,0.5738,15684.0,0.5749,2000.0,0.575,1191.0
1753532041006,12:14:01.006,ACE/USDT:USDT,0.5738,5228.0,0.5727,345.0,0.5749,2000.0,0.575,1191.0
1753532041486,12:14:01.486,ACE/USDT:USDT,0.5738,5228.0,0.5727,345.0,0.5749,2000.0,0.575,1191.0
1753532041622,12:14:01.622,ACE/USDT:USDT,0.5738,5228.0,0.5727,345.0,0.5749,2000.0,0.575,1393.0
1753532041645,12:14:01.645,ACE/USDT:USDT,0.5738,5228.0,0.5727,345.0,0.5749,2000.0,0.575,1191.0
1753532041808,12:14:01.808,ACE/USDT:USDT,0.5738,5228.0,0.5727,345.0,0.5749,2000.0,0.575,1191.0
1753532042133,12:14:02.133,ACE/USDT:USDT,0.5739,4572.0,0.5738,10456.0,0.5749,2000.0,0.575,1402.0
1753532042146,12:14:02.146,ACE/USDT:USDT,0.5738,10456.0,0.5727,345.0,0.5749,2000.0,0.575,1191.0
1753532042453,12:14:02.453,ACE/USDT:USDT,0.5738,5228.0,0.5727,345.0,0.5749,2000.0,0.575,1191.0
1753532042639,12:14:02.639,ACE/USDT:USDT,0.5738,5228.0,0.5727,345.0,0.5749,2000.0,0.575,1191.0
1753532042745,12:14:02.745,ACE/USDT:USDT,0.5738,5228.0,0.5727,345.0,0.5749,2000.0,0.575,1393.0
1753532042844,12:14:02.844,ACE/USDT:USDT,0.5738,5228.0,0.5727,345.0,0.5749,2000.0,0.575,1191.0
1753532044500,12:14:04.500,ACE/USDT:USDT,0.5738,5228.0,0.5727,345.0,0.5749,2000.0,0.575,1402.0
1753532044563,12:14:04.563,ACE/USDT:USDT,0.5738,5228.0,0.5727,345.0,0.5749,2000.0,0.575,1191.0
