timestamp,time,symbol,bid1_price,bid1_volume,bid2_price,bid2_volume,ask1_price,ask1_volume,ask2_price,ask2_volume
1753531572000,12:06:12.000,ARC/USDT:USDT,0.02485,2416.0,0.02484,5558.0,0.02488,2061.0,0.02489,1307.0
1753531573046,12:06:13.046,ARC/USDT:USDT,0.02485,2416.0,0.02484,5558.0,0.02488,2061.0,0.02489,1307.0
1753531578215,12:06:18.215,ARC/USDT:USDT,0.02485,2416.0,0.02484,5558.0,0.02488,2061.0,0.02489,1307.0
1753531578308,12:06:18.308,ARC/USDT:USDT,0.02485,2416.0,0.02484,5558.0,0.02488,2061.0,0.02489,1307.0
1753531580447,12:06:20.447,ARC/USDT:USDT,0.02485,2416.0,0.02484,5558.0,0.02488,2061.0,0.02489,1307.0
1753531580986,12:06:20.986,ARC/USDT:USDT,0.02485,1029.0,0.02484,1307.0,0.02488,3448.0,0.02489,5430.0
1753531581804,12:06:21.804,ARC/USDT:USDT,0.02485,29.0,0.02484,1307.0,0.02488,3448.0,0.02489,5430.0
1753531583546,12:06:23.546,ARC/USDT:USDT,0.02485,29.0,0.02484,1307.0,0.02488,2061.0,0.02489,1307.0
1753531583667,12:06:23.667,ARC/USDT:USDT,0.02485,29.0,0.02484,1307.0,0.02488,3448.0,0.02489,5430.0
1753531584158,12:06:24.158,ARC/USDT:USDT,0.02485,29.0,0.02484,1307.0,0.02488,3948.0,0.02489,5430.0
1753531587789,12:06:27.789,ARC/USDT:USDT,0.02485,29.0,0.02484,1307.0,0.02488,2561.0,0.02489,1307.0
1753531590194,12:06:30.194,ARC/USDT:USDT,0.02485,29.0,0.02484,1307.0,0.02488,2561.0,0.02489,5430.0
1753531590206,12:06:30.206,ARC/USDT:USDT,0.02485,29.0,0.02484,1307.0,0.02488,3948.0,0.02489,5430.0
1753531591260,12:06:31.260,ARC/USDT:USDT,0.02485,29.0,0.02484,1307.0,0.02488,3948.0,0.02489,5430.0
1753531591347,12:06:31.347,ARC/USDT:USDT,0.02485,29.0,0.02484,1307.0,0.02488,3948.0,0.02489,5430.0
1753531593182,12:06:33.182,ARC/USDT:USDT,0.02485,29.0,0.02483,2250.0,0.02486,50.0,0.02488,4029.0
1753531593303,12:06:33.303,ARC/USDT:USDT,0.02485,11.0,0.02484,18.0,0.02486,50.0,0.02488,5115.0
1753531593387,12:06:33.387,ARC/USDT:USDT,0.02485,11.0,0.02484,18.0,0.02486,2111.0,0.02487,1118.0
1753531593481,12:06:33.481,ARC/USDT:USDT,0.02485,11.0,0.02484,18.0,0.02486,2111.0,0.02487,831.0
1753531593529,12:06:33.529,ARC/USDT:USDT,0.02485,11.0,0.02483,2244.0,0.02486,2111.0,0.02487,831.0
1753531593666,12:06:33.666,ARC/USDT:USDT,0.02485,11.0,0.02483,2244.0,0.02486,2111.0,0.02487,831.0
1753531593789,12:06:33.789,ARC/USDT:USDT,0.02485,11.0,0.02483,2244.0,0.02486,2061.0,0.02487,831.0
1753531593899,12:06:33.899,ARC/USDT:USDT,0.02485,11.0,0.02483,2244.0,0.02486,2061.0,0.02487,831.0
1753531594287,12:06:34.287,ARC/USDT:USDT,0.02485,11.0,0.02483,2244.0,0.02486,2061.0,0.02487,4954.0
1753531595340,12:06:35.340,ARC/USDT:USDT,0.02485,11.0,0.02483,518.0,0.02486,2111.0,0.02487,4954.0
1753531595568,12:06:35.568,ARC/USDT:USDT,0.02485,11.0,0.02483,518.0,0.02486,2111.0,0.02487,4954.0
1753531597014,12:06:37.014,ARC/USDT:USDT,0.02485,11.0,0.02483,518.0,0.02486,2611.0,0.02487,5454.0
1753531597437,12:06:37.437,ARC/USDT:USDT,0.02485,11.0,0.02483,518.0,0.02486,2611.0,0.02487,5454.0
1753531597858,12:06:37.858,ARC/USDT:USDT,0.02485,11.0,0.02483,518.0,0.02486,2561.0,0.02487,5454.0
1753531597946,12:06:37.946,ARC/USDT:USDT,0.02485,11.0,0.02483,518.0,0.02486,2586.0,0.02487,5454.0
1753531598471,12:06:38.471,ARC/USDT:USDT,0.02485,11.0,0.02483,518.0,0.02486,2586.0,0.02487,5454.0
1753531598566,12:06:38.566,ARC/USDT:USDT,0.02485,11.0,0.02483,518.0,0.02486,2561.0,0.02487,5454.0
1753531599282,12:06:39.282,ARC/USDT:USDT,0.02485,11.0,0.02483,518.0,0.02486,2586.0,0.02487,5454.0
1753531599533,12:06:39.533,ARC/USDT:USDT,0.02485,11.0,0.02483,518.0,0.02486,2061.0,0.02487,5454.0
1753531599798,12:06:39.798,ARC/USDT:USDT,0.02485,11.0,0.02483,518.0,0.02486,2086.0,0.02487,5454.0
1753531600144,12:06:40.144,ARC/USDT:USDT,0.02485,11.0,0.02483,518.0,0.02486,2061.0,0.02487,1331.0
1753531600239,12:06:40.239,ARC/USDT:USDT,0.02485,11.0,0.02483,2244.0,0.02486,2061.0,0.02487,1331.0
1753531601985,12:06:41.985,ARC/USDT:USDT,0.02485,11.0,0.02483,2244.0,0.02486,2061.0,0.02487,1331.0
1753531602414,12:06:42.414,ARC/USDT:USDT,0.02485,11.0,0.02483,2244.0,0.02486,2061.0,0.02487,1331.0
1753531603080,12:06:43.080,ARC/USDT:USDT,0.02485,11.0,0.02483,2244.0,0.02486,2061.0,0.02487,1331.0
1753531603882,12:06:43.882,ARC/USDT:USDT,0.02485,11.0,0.02483,2244.0,0.02486,2086.0,0.02487,1331.0
1753531603932,12:06:43.932,ARC/USDT:USDT,0.02485,11.0,0.02483,2244.0,0.02486,2086.0,0.02487,1331.0
1753531604346,12:06:44.346,ARC/USDT:USDT,0.02485,11.0,0.02483,2244.0,0.02486,2111.0,0.02487,1331.0
1753531604490,12:06:44.490,ARC/USDT:USDT,0.02485,11.0,0.02483,2244.0,0.02486,2111.0,0.02487,5454.0
1753531604566,12:06:44.566,ARC/USDT:USDT,0.02485,11.0,0.02483,518.0,0.02486,2111.0,0.02487,5454.0
1753531604932,12:06:44.932,ARC/USDT:USDT,0.02485,11.0,0.02483,518.0,0.02486,2611.0,0.02487,5454.0
1753531606288,12:06:46.288,ARC/USDT:USDT,0.02482,2.0,0.02481,985.0,0.02484,2086.0,0.02485,1692.0
1753531606496,12:06:46.496,ARC/USDT:USDT,0.02482,2.0,0.02481,985.0,0.02483,17.0,0.02484,3584.0
1753531606601,12:06:46.601,ARC/USDT:USDT,0.02482,2.0,0.02481,985.0,0.02483,17.0,0.02484,3584.0
1753531606914,12:06:46.914,ARC/USDT:USDT,0.02482,502.0,0.02481,985.0,0.02483,17.0,0.02484,3584.0
1753531607899,12:06:47.899,ARC/USDT:USDT,0.02482,504.0,0.02481,1485.0,0.02483,17.0,0.02484,2061.0
1753531608198,12:06:48.198,ARC/USDT:USDT,0.02482,504.0,0.02481,1485.0,0.02483,17.0,0.02484,2061.0
1753531608888,12:06:48.888,ARC/USDT:USDT,0.02482,504.0,0.02481,1485.0,0.02483,17.0,0.02484,2061.0
1753531609194,12:06:49.194,ARC/USDT:USDT,0.02482,4.0,0.02481,1485.0,0.02483,17.0,0.02484,2061.0
1753531609247,12:06:49.247,ARC/USDT:USDT,0.02482,4.0,0.02481,1485.0,0.02483,17.0,0.02484,2061.0
1753531609671,12:06:49.671,ARC/USDT:USDT,0.02482,54.0,0.02481,1485.0,0.02483,17.0,0.02484,2061.0
1753531609905,12:06:49.905,ARC/USDT:USDT,0.02482,4.0,0.02481,1485.0,0.02483,17.0,0.02484,2061.0
1753531610350,12:06:50.350,ARC/USDT:USDT,0.02482,4.0,0.02481,1485.0,0.02483,17.0,0.02484,2061.0
1753531610494,12:06:50.494,ARC/USDT:USDT,0.02482,4.0,0.02481,1485.0,0.02483,17.0,0.02484,2061.0
1753531610654,12:06:50.654,ARC/USDT:USDT,0.02482,4.0,0.02481,1485.0,0.02483,17.0,0.02484,2061.0
1753531611266,12:06:51.266,ARC/USDT:USDT,0.02482,29.0,0.02481,1485.0,0.02483,17.0,0.02484,2061.0
1753531611387,12:06:51.387,ARC/USDT:USDT,0.02482,54.0,0.02481,1485.0,0.02483,17.0,0.02484,2061.0
1753531611586,12:06:51.586,ARC/USDT:USDT,0.02482,54.0,0.02481,3226.0,0.02484,2061.0,0.02485,1307.0
1753531611701,12:06:51.701,ARC/USDT:USDT,0.02482,52.0,0.02481,3226.0,0.02484,2061.0,0.02485,1307.0
1753531611796,12:06:51.796,ARC/USDT:USDT,0.02482,52.0,0.02481,3226.0,0.02484,2061.0,0.02485,1307.0
1753531612118,12:06:52.118,ARC/USDT:USDT,0.02482,2.0,0.02481,3226.0,0.02484,2111.0,0.02485,1307.0
1753531612221,12:06:52.221,ARC/USDT:USDT,0.02482,2.0,0.02481,3226.0,0.02483,1.0,0.02484,2061.0
1753531612353,12:06:52.353,ARC/USDT:USDT,0.02482,27.0,0.02481,3226.0,0.02483,1.0,0.02484,2061.0
1753531612410,12:06:52.410,ARC/USDT:USDT,0.02482,44.0,0.02481,3226.0,0.02483,1.0,0.02484,2061.0
1753531612535,12:06:52.535,ARC/USDT:USDT,0.02482,44.0,0.02481,3226.0,0.02483,1.0,0.02484,2061.0
1753531612956,12:06:52.956,ARC/USDT:USDT,0.02482,44.0,0.02481,3226.0,0.02483,1.0,0.02484,2061.0
1753531613359,12:06:53.359,ARC/USDT:USDT,0.02482,52.0,0.02481,3226.0,0.02484,2061.0,0.02485,1307.0
1753531613465,12:06:53.465,ARC/USDT:USDT,0.02482,52.0,0.02481,5287.0,0.02484,2061.0,0.02485,1307.0
1753531613763,12:06:53.763,ARC/USDT:USDT,0.02482,52.0,0.02481,5287.0,0.02484,2061.0,0.02485,1307.0
1753531613975,12:06:53.975,ARC/USDT:USDT,0.02482,52.0,0.02481,5287.0,0.02484,2086.0,0.02485,1307.0
1753531614223,12:06:54.223,ARC/USDT:USDT,0.02482,27.0,0.02481,3226.0,0.02484,2111.0,0.02485,1307.0
1753531614896,12:06:54.896,ARC/USDT:USDT,0.02482,1045.0,0.02481,5415.0,0.02486,3448.0,0.02487,1459.0
1753531614988,12:06:54.988,ARC/USDT:USDT,0.02483,18.0,0.02482,2097.0,0.02486,2061.0,0.02487,1459.0
1753531615070,12:06:55.070,ARC/USDT:USDT,0.02483,18.0,0.02482,2097.0,0.02486,2061.0,0.02487,1459.0
1753531615198,12:06:55.198,ARC/USDT:USDT,0.02483,18.0,0.02482,2097.0,0.02486,3486.0,0.02487,5454.0
1753531615248,12:06:55.248,ARC/USDT:USDT,0.02483,18.0,0.02482,2097.0,0.02486,3486.0,0.02487,5454.0
1753531615814,12:06:55.814,ARC/USDT:USDT,0.02483,18.0,0.02482,2097.0,0.02486,3486.0,0.02487,5454.0
1753531617565,12:06:57.565,ARC/USDT:USDT,0.02483,18.0,0.02482,2097.0,0.02486,3486.0,0.02487,5454.0
1753531620372,12:07:00.372,ARC/USDT:USDT,0.02483,18.0,0.02482,2097.0,0.02486,2061.0,0.02487,1331.0
1753531621150,12:07:01.150,ARC/USDT:USDT,0.02483,18.0,0.02482,2097.0,0.02486,3448.0,0.02487,5454.0
1753531621326,12:07:01.326,ARC/USDT:USDT,0.02483,18.0,0.02482,2097.0,0.02486,2061.0,0.02487,1331.0
1753531622786,12:07:02.786,ARC/USDT:USDT,0.02483,18.0,0.02482,2097.0,0.02486,3448.0,0.02487,5454.0
1753531623501,12:07:03.501,ARC/USDT:USDT,0.02483,18.0,0.02482,2097.0,0.02486,2061.0,0.02487,5454.0
1753531624006,12:07:04.006,ARC/USDT:USDT,0.02483,18.0,0.02482,2097.0,0.02486,2061.0,0.02487,1331.0
1753531624187,12:07:04.187,ARC/USDT:USDT,0.02483,18.0,0.02482,2097.0,0.02486,3448.0,0.02487,5454.0
1753531626263,12:07:06.263,ARC/USDT:USDT,0.02483,18.0,0.02482,2097.0,0.02486,3448.0,0.02487,5454.0
1753531628090,12:07:08.090,ARC/USDT:USDT,0.02483,18.0,0.02482,2097.0,0.02486,3448.0,0.02487,5582.0
1753531630642,12:07:10.642,ARC/USDT:USDT,0.02483,18.0,0.02482,2097.0,0.02486,3948.0,0.02487,5582.0
1753531634987,12:07:14.987,ARC/USDT:USDT,0.02483,18.0,0.02482,2.0,0.02484,2061.0,0.02485,1630.0
1753531635027,12:07:15.027,ARC/USDT:USDT,0.02483,18.0,0.02482,2.0,0.02484,2061.0,0.02485,500.0
1753531635138,12:07:15.138,ARC/USDT:USDT,0.02483,18.0,0.02482,2.0,0.02484,2061.0,0.02485,500.0
1753531635980,12:07:15.980,ARC/USDT:USDT,0.02483,18.0,0.02482,2.0,0.02484,2061.0,0.02485,500.0
1753531639275,12:07:19.275,ARC/USDT:USDT,0.02483,18.0,0.02482,2.0,0.02484,2061.0,0.02485,500.0
1753531639559,12:07:19.559,ARC/USDT:USDT,0.02483,18.0,0.02482,2.0,0.02484,2061.0,0.02485,500.0
1753531640151,12:07:20.151,ARC/USDT:USDT,0.02483,18.0,0.02482,2.0,0.02484,2061.0,0.02485,500.0
1753531640399,12:07:20.399,ARC/USDT:USDT,0.02483,18.0,0.02482,2.0,0.02484,2061.0,0.02485,500.0
1753531640454,12:07:20.454,ARC/USDT:USDT,0.02483,18.0,0.02482,2.0,0.02484,2061.0,0.02485,500.0
1753531642766,12:07:22.766,ARC/USDT:USDT,0.02483,18.0,0.02482,2.0,0.02484,2061.0,0.02485,500.0
1753531644584,12:07:24.584,ARC/USDT:USDT,0.02483,18.0,0.02482,2.0,0.02484,2061.0,0.02485,500.0
1753531647788,12:07:27.788,ARC/USDT:USDT,0.02483,18.0,0.02482,2.0,0.02484,2061.0,0.02485,1307.0
1753531651092,12:07:31.092,ARC/USDT:USDT,0.02483,18.0,0.02482,2.0,0.02484,2061.0,0.02485,1307.0
1753531655182,12:07:35.182,ARC/USDT:USDT,0.02483,18.0,0.02482,2.0,0.02484,2061.0,0.02485,5511.0
1753531655217,12:07:35.217,ARC/USDT:USDT,0.02483,18.0,0.02482,2.0,0.02484,2061.0,0.02485,5511.0
1753531655402,12:07:35.402,ARC/USDT:USDT,0.02477,1100.0,0.02476,1144.0,0.0248,2061.0,0.02481,500.0
1753531655491,12:07:35.491,ARC/USDT:USDT,0.02478,85.0,0.02477,1019.0,0.0248,3448.0,0.02481,4623.0
1753531655575,12:07:35.575,ARC/USDT:USDT,0.02478,100.0,0.02477,1019.0,0.0248,3448.0,0.02481,5454.0
1753531655700,12:07:35.700,ARC/USDT:USDT,0.02478,100.0,0.02477,1019.0,0.0248,3448.0,0.02481,5454.0
1753531655776,12:07:35.776,ARC/USDT:USDT,0.02478,100.0,0.02477,2.0,0.0248,3448.0,0.02481,5454.0
1753531655848,12:07:35.848,ARC/USDT:USDT,0.02477,19.0,0.02476,2557.0,0.0248,3448.0,0.02481,5454.0
1753531655992,12:07:35.992,ARC/USDT:USDT,0.02477,244.0,0.02476,2557.0,0.02479,1.0,0.0248,3448.0
1753531656017,12:07:36.017,ARC/USDT:USDT,0.02477,244.0,0.02476,2557.0,0.02479,1.0,0.0248,3448.0
1753531656153,12:07:36.153,ARC/USDT:USDT,0.02477,102.0,0.02476,2557.0,0.02479,1.0,0.0248,3448.0
1753531656206,12:07:36.206,ARC/USDT:USDT,0.02477,102.0,0.02476,2557.0,0.02479,1.0,0.0248,3448.0
1753531656350,12:07:36.350,ARC/USDT:USDT,0.02477,127.0,0.02476,2557.0,0.02479,1.0,0.0248,3448.0
1753531656488,12:07:36.488,ARC/USDT:USDT,0.02477,127.0,0.02476,2557.0,0.02479,1.0,0.0248,3448.0
1753531656571,12:07:36.571,ARC/USDT:USDT,0.02477,102.0,0.02476,1016.0,0.02479,4124.0,0.0248,3448.0
1753531656702,12:07:36.702,ARC/USDT:USDT,0.02477,19.0,0.02475,1012.0,0.02479,4123.0,0.0248,3576.0
1753531656787,12:07:36.787,ARC/USDT:USDT,0.02477,2.0,0.02476,17.0,0.02478,2061.0,0.02479,4229.0
1753531656878,12:07:36.878,ARC/USDT:USDT,0.02477,2.0,0.02475,17.0,0.02478,2062.0,0.02479,4229.0
1753531657001,12:07:37.001,ARC/USDT:USDT,0.02477,2.0,0.02475,17.0,0.02478,2062.0,0.02479,4229.0
1753531657103,12:07:37.103,ARC/USDT:USDT,0.02472,3198.0,0.02471,6230.0,0.02476,2061.0,0.02477,4125.0
1753531657191,12:07:37.191,ARC/USDT:USDT,0.02473,27.0,0.02472,3200.0,0.02478,4260.0,0.02479,5663.0
1753531657287,12:07:37.287,ARC/USDT:USDT,0.02473,2521.0,0.02472,7323.0,0.02477,1.0,0.02478,4260.0
1753531657366,12:07:37.366,ARC/USDT:USDT,0.02473,2521.0,0.02472,7323.0,0.02477,1.0,0.02478,4260.0
1753531657497,12:07:37.497,ARC/USDT:USDT,0.02473,1162.0,0.02472,3200.0,0.02477,1.0,0.02478,4260.0
1753531657657,12:07:37.657,ARC/USDT:USDT,0.02473,1162.0,0.02472,3200.0,0.02477,1.0,0.02478,4260.0
1753531657726,12:07:37.726,ARC/USDT:USDT,0.02473,2521.0,0.02472,7323.0,0.02477,1.0,0.02478,4260.0
1753531657848,12:07:37.848,ARC/USDT:USDT,0.02473,2521.0,0.02472,7323.0,0.02477,1.0,0.02478,4260.0
1753531658100,12:07:38.100,ARC/USDT:USDT,0.02473,1059.0,0.02472,3175.0,0.02476,2061.0,0.02477,4124.0
1753531658132,12:07:38.132,ARC/USDT:USDT,0.02473,1059.0,0.02472,3175.0,0.02477,4123.0,0.02478,3760.0
1753531658210,12:07:38.210,ARC/USDT:USDT,0.02473,2013.0,0.02472,3175.0,0.02477,4123.0,0.02478,3760.0
1753531658500,12:07:38.500,ARC/USDT:USDT,0.02474,2061.0,0.02473,2222.0,0.02478,3760.0,0.02479,5582.0
1753531658527,12:07:38.527,ARC/USDT:USDT,0.02475,43.0,0.02474,2061.0,0.02478,3760.0,0.02479,5582.0
1753531658674,12:07:38.674,ARC/USDT:USDT,0.02475,43.0,0.02474,2061.0,0.02478,3760.0,0.02479,5582.0
1753531658902,12:07:38.902,ARC/USDT:USDT,0.02475,68.0,0.02474,2061.0,0.02478,1699.0,0.02479,5582.0
1753531658949,12:07:38.949,ARC/USDT:USDT,0.02475,68.0,0.02474,2061.0,0.02478,3760.0,0.02479,5582.0
1753531659539,12:07:39.539,ARC/USDT:USDT,0.02475,68.0,0.02474,2061.0,0.02478,3760.0,0.02479,5582.0
1753531660471,12:07:40.471,ARC/USDT:USDT,0.02475,43.0,0.02473,1945.0,0.02477,4123.0,0.02478,3785.0
1753531660550,12:07:40.550,ARC/USDT:USDT,0.02473,2013.0,0.02472,3175.0,0.02477,4123.0,0.02478,3785.0
1753531660691,12:07:40.691,ARC/USDT:USDT,0.02473,2013.0,0.02472,3175.0,0.02477,4123.0,0.02478,3785.0
1753531660751,12:07:40.751,ARC/USDT:USDT,0.02473,2013.0,0.02472,3175.0,0.02477,4123.0,0.02478,3785.0
1753531661110,12:07:41.110,ARC/USDT:USDT,0.02473,2013.0,0.02472,3175.0,0.02477,4123.0,0.02478,3785.0
1753531661700,12:07:41.700,ARC/USDT:USDT,0.02473,2013.0,0.02472,3175.0,0.02477,4123.0,0.02478,5098.0
1753531661800,12:07:41.800,ARC/USDT:USDT,0.02473,2013.0,0.02472,3175.0,0.02477,5436.0,0.02478,3785.0
1753531661838,12:07:41.838,ARC/USDT:USDT,0.02474,2061.0,0.02473,2141.0,0.02478,3760.0,0.02479,5582.0
1753531661946,12:07:41.946,ARC/USDT:USDT,0.02475,43.0,0.02474,2061.0,0.02478,3760.0,0.02479,5454.0
1753531662087,12:07:42.087,ARC/USDT:USDT,0.02475,68.0,0.02474,2061.0,0.02478,3760.0,0.02479,5454.0
1753531662187,12:07:42.187,ARC/USDT:USDT,0.02475,68.0,0.02473,2073.0,0.02478,3785.0,0.02479,5582.0
1753531662285,12:07:42.285,ARC/USDT:USDT,0.02475,25.0,0.02474,18.0,0.02478,4285.0,0.02479,5582.0
1753531662323,12:07:42.323,ARC/USDT:USDT,0.02475,25.0,0.02474,18.0,0.02477,4123.0,0.02478,4285.0
1753531662680,12:07:42.680,ARC/USDT:USDT,0.02474,18.0,0.02473,1945.0,0.02477,4123.0,0.02478,4285.0
1753531662745,12:07:42.745,ARC/USDT:USDT,0.02474,25.0,0.02473,1963.0,0.02477,4123.0,0.02478,4285.0
1753531662892,12:07:42.892,ARC/USDT:USDT,0.02474,25.0,0.02473,1963.0,0.02477,4123.0,0.02478,4285.0
1753531663023,12:07:43.023,ARC/USDT:USDT,0.02474,25.0,0.02473,1963.0,0.02477,4123.0,0.02478,4285.0
1753531663158,12:07:43.158,ARC/USDT:USDT,0.02474,25.0,0.02473,1963.0,0.02477,4123.0,0.02478,4285.0
1753531664061,12:07:44.061,ARC/USDT:USDT,0.02474,25.0,0.02473,1963.0,0.02477,4123.0,0.02478,4285.0
1753531664852,12:07:44.852,ARC/USDT:USDT,0.02474,50.0,0.02473,1963.0,0.02478,4260.0,0.02479,5582.0
1753531665062,12:07:45.062,ARC/USDT:USDT,0.02474,50.0,0.02473,1963.0,0.02477,4123.0,0.02478,4260.0
1753531665300,12:07:45.300,ARC/USDT:USDT,0.02474,50.0,0.02473,2091.0,0.02478,4260.0,0.02479,5582.0
1753531665327,12:07:45.327,ARC/USDT:USDT,0.02474,2111.0,0.02473,2091.0,0.02478,4260.0,0.02479,5454.0
1753531665478,12:07:45.478,ARC/USDT:USDT,0.02475,18.0,0.02473,2073.0,0.02477,4123.0,0.02478,4285.0
1753531665527,12:07:45.527,ARC/USDT:USDT,0.02474,68.0,0.02473,2073.0,0.02477,4123.0,0.02478,4260.0
1753531666023,12:07:46.023,ARC/USDT:USDT,0.02474,2129.0,0.02473,2073.0,0.02477,4123.0,0.02478,4260.0
1753531666193,12:07:46.193,ARC/USDT:USDT,0.02474,2129.0,0.02473,2073.0,0.02478,4260.0,0.02479,5454.0
1753531666281,12:07:46.281,ARC/USDT:USDT,0.02474,2129.0,0.02473,2073.0,0.02478,4260.0,0.02479,5454.0
1753531666382,12:07:46.382,ARC/USDT:USDT,0.02474,2129.0,0.02473,2073.0,0.02478,4260.0,0.02479,5454.0
1753531666452,12:07:46.452,ARC/USDT:USDT,0.02474,2129.0,0.02473,3190.0,0.02478,3760.0,0.02479,5454.0
1753531666867,12:07:46.867,ARC/USDT:USDT,0.02474,2129.0,0.02473,3190.0,0.02478,3760.0,0.02479,5454.0
1753531667203,12:07:47.203,ARC/USDT:USDT,0.02474,2129.0,0.02473,3190.0,0.02478,3760.0,0.02479,5454.0
1753531667796,12:07:47.796,ARC/USDT:USDT,0.02474,2129.0,0.02473,3190.0,0.02478,3760.0,0.02479,5454.0
1753531667826,12:07:47.826,ARC/USDT:USDT,0.02474,2129.0,0.02473,3190.0,0.02478,3760.0,0.02479,5454.0
1753531668374,12:07:48.374,ARC/USDT:USDT,0.02474,2129.0,0.02473,3190.0,0.02478,3760.0,0.02479,5454.0
1753531668598,12:07:48.598,ARC/USDT:USDT,0.02474,2129.0,0.02473,3190.0,0.02478,3760.0,0.02479,5454.0
1753531669078,12:07:49.078,ARC/USDT:USDT,0.02474,2257.0,0.02473,3190.0,0.02478,3760.0,0.02479,5454.0
1753531669227,12:07:49.227,ARC/USDT:USDT,0.02475,877.0,0.02474,2707.0,0.02478,3760.0,0.02479,5454.0
1753531669628,12:07:49.628,ARC/USDT:USDT,0.02475,877.0,0.02474,2707.0,0.02478,3760.0,0.02479,5454.0
1753531670041,12:07:50.041,ARC/USDT:USDT,0.02475,877.0,0.02474,2707.0,0.02478,3760.0,0.02479,5454.0
1753531670464,12:07:50.464,ARC/USDT:USDT,0.02474,518.0,0.02473,3190.0,0.02478,3760.0,0.02479,5454.0
1753531670874,12:07:50.874,ARC/USDT:USDT,0.02474,2579.0,0.02473,3190.0,0.02478,3760.0,0.02479,5454.0
1753531671188,12:07:51.188,ARC/USDT:USDT,0.02474,2579.0,0.02473,3690.0,0.02478,3760.0,0.02479,5454.0
1753531671269,12:07:51.269,ARC/USDT:USDT,0.02474,2579.0,0.02473,3690.0,0.02478,3760.0,0.02479,5454.0
1753531676334,12:07:56.334,ARC/USDT:USDT,0.02474,2579.0,0.02473,3690.0,0.02478,3760.0,0.02479,5454.0
1753531676408,12:07:56.408,ARC/USDT:USDT,0.02474,2579.0,0.02473,3690.0,0.02478,3760.0,0.02479,5454.0
1753531678306,12:07:58.306,ARC/USDT:USDT,0.02474,2579.0,0.02473,3690.0,0.02478,3760.0,0.02479,5454.0
1753531679551,12:07:59.551,ARC/USDT:USDT,0.02475,1337.0,0.02474,2707.0,0.02478,3760.0,0.02479,5454.0
1753531680183,12:08:00.183,ARC/USDT:USDT,0.02475,1362.0,0.02474,2707.0,0.02478,3760.0,0.02479,5454.0
1753531680290,12:08:00.290,ARC/USDT:USDT,0.02475,1362.0,0.02474,2788.0,0.02478,2061.0,0.02479,5454.0
1753531680386,12:08:00.386,ARC/USDT:USDT,0.02475,1490.0,0.02474,2788.0,0.02479,5454.0,0.0248,3948.0
1753531680466,12:08:00.466,ARC/USDT:USDT,0.02475,1490.0,0.02474,2788.0,0.02479,4123.0,0.0248,3948.0
1753531680601,12:08:00.601,ARC/USDT:USDT,0.02476,2061.0,0.02475,1440.0,0.0248,3948.0,0.02481,5454.0
1753531680654,12:08:00.654,ARC/USDT:USDT,0.02477,18.0,0.02476,2061.0,0.0248,3973.0,0.02481,5454.0
1753531680933,12:08:00.933,ARC/USDT:USDT,0.02477,18.0,0.02476,2061.0,0.0248,3973.0,0.02481,5454.0
1753531681101,12:08:01.101,ARC/USDT:USDT,0.02477,43.0,0.02475,1440.0,0.0248,3948.0,0.02481,5454.0
1753531681182,12:08:01.182,ARC/USDT:USDT,0.02475,1458.0,0.02474,2897.0,0.02479,4123.0,0.0248,3948.0
1753531681233,12:08:01.233,ARC/USDT:USDT,0.02475,1458.0,0.02474,2689.0,0.02479,4123.0,0.0248,3948.0
1753531681358,12:08:01.358,ARC/USDT:USDT,0.02475,1458.0,0.02474,2689.0,0.02479,4123.0,0.0248,3948.0
1753531681945,12:08:01.945,ARC/USDT:USDT,0.02475,1458.0,0.02474,2689.0,0.02479,4123.0,0.0248,3948.0
1753531682178,12:08:02.178,ARC/USDT:USDT,0.02475,1458.0,0.02474,2689.0,0.02479,4123.0,0.0248,3948.0
1753531684101,12:08:04.101,ARC/USDT:USDT,0.02476,2061.0,0.02475,1458.0,0.0248,2061.0,0.02481,5454.0
1753531684165,12:08:04.165,ARC/USDT:USDT,0.02477,518.0,0.02476,2689.0,0.02481,5454.0,0.02482,5929.0
1753531684301,12:08:04.301,ARC/USDT:USDT,0.02477,568.0,0.02476,2689.0,0.0248,3948.0,0.02481,5454.0
1753531684360,12:08:04.360,ARC/USDT:USDT,0.02477,568.0,0.02476,2689.0,0.0248,3973.0,0.02481,5454.0
1753531684410,12:08:04.410,ARC/USDT:USDT,0.02477,1375.0,0.02476,2689.0,0.0248,3948.0,0.02481,5454.0
1753531684626,12:08:04.626,ARC/USDT:USDT,0.02477,1375.0,0.02476,2689.0,0.0248,3948.0,0.02481,5454.0
1753531685651,12:08:05.651,ARC/USDT:USDT,0.02477,1375.0,0.02476,2689.0,0.0248,3948.0,0.02481,5454.0
1753531685842,12:08:05.842,ARC/USDT:USDT,0.02477,1375.0,0.02476,2689.0,0.0248,3948.0,0.02481,5454.0
1753531687290,12:08:07.290,ARC/USDT:USDT,0.02477,1375.0,0.02476,2689.0,0.0248,3948.0,0.02481,5454.0
1753531687367,12:08:07.367,ARC/USDT:USDT,0.02477,1375.0,0.02476,2689.0,0.0248,5171.0,0.02481,5454.0
1753531688430,12:08:08.430,ARC/USDT:USDT,0.02477,1375.0,0.02476,2689.0,0.0248,5171.0,0.02481,5454.0
1753531688759,12:08:08.759,ARC/USDT:USDT,0.02477,1375.0,0.02476,2689.0,0.0248,5196.0,0.02481,5454.0
1753531689380,12:08:09.380,ARC/USDT:USDT,0.02477,1375.0,0.02476,2689.0,0.0248,5196.0,0.02481,5454.0
1753531689975,12:08:09.975,ARC/USDT:USDT,0.02477,1375.0,0.02476,2689.0,0.0248,5171.0,0.02481,5454.0
1753531691374,12:08:11.374,ARC/USDT:USDT,0.02477,1375.0,0.02476,2689.0,0.0248,5171.0,0.02481,5454.0
1753531692081,12:08:12.081,ARC/USDT:USDT,0.02477,1375.0,0.02476,2689.0,0.02479,1223.0,0.0248,3948.0
1753531692275,12:08:12.275,ARC/USDT:USDT,0.02477,1375.0,0.02476,2689.0,0.02479,1223.0,0.0248,3948.0
1753531692870,12:08:12.870,ARC/USDT:USDT,0.02477,1375.0,0.02476,2689.0,0.0248,3948.0,0.02481,6677.0
1753531692908,12:08:12.908,ARC/USDT:USDT,0.02477,1375.0,0.02476,2689.0,0.0248,5171.0,0.02481,5454.0
1753531693089,12:08:13.089,ARC/USDT:USDT,0.02477,1375.0,0.02476,2689.0,0.0248,5171.0,0.02481,5454.0
1753531693883,12:08:13.883,ARC/USDT:USDT,0.02477,18.0,0.02476,500.0,0.02479,1248.0,0.0248,3948.0
1753531693936,12:08:13.936,ARC/USDT:USDT,0.02476,518.0,0.02475,2570.0,0.02479,1223.0,0.0248,3948.0
1753531694184,12:08:14.184,ARC/USDT:USDT,0.02476,543.0,0.02475,2570.0,0.02479,1223.0,0.0248,3948.0
1753531694321,12:08:14.321,ARC/USDT:USDT,0.02476,543.0,0.02475,2570.0,0.02479,1223.0,0.0248,3948.0
1753531695684,12:08:15.684,ARC/USDT:USDT,0.02476,543.0,0.02475,2570.0,0.0248,5171.0,0.02481,5535.0
1753531695706,12:08:15.706,ARC/USDT:USDT,0.02476,543.0,0.02475,2570.0,0.02479,1135.0,0.0248,5171.0
1753531695826,12:08:15.826,ARC/USDT:USDT,0.02476,543.0,0.02475,2570.0,0.0248,3948.0,0.02481,5535.0
1753531695941,12:08:15.941,ARC/USDT:USDT,0.02476,543.0,0.02475,2570.0,0.02479,1135.0,0.0248,5171.0
1753531696356,12:08:16.356,ARC/USDT:USDT,0.02476,543.0,0.02475,2570.0,0.02479,1135.0,0.0248,5171.0
1753531697186,12:08:17.186,ARC/USDT:USDT,0.02476,543.0,0.02475,2570.0,0.0248,3948.0,0.02481,5535.0
1753531697578,12:08:17.578,ARC/USDT:USDT,0.02476,543.0,0.02475,2570.0,0.0248,3948.0,0.02481,5535.0
1753531697986,12:08:17.986,ARC/USDT:USDT,0.02476,543.0,0.02475,2570.0,0.0248,3948.0,0.02481,5535.0
1753531699490,12:08:19.490,ARC/USDT:USDT,0.02476,18.0,0.02474,628.0,0.02478,2086.0,0.02479,5258.0
1753531699589,12:08:19.589,ARC/USDT:USDT,0.02475,812.0,0.02474,2579.0,0.02478,3254.0,0.02479,4123.0
1753531699612,12:08:19.612,ARC/USDT:USDT,0.02475,812.0,0.02474,2579.0,0.02478,3254.0,0.02479,5297.0
1753531700114,12:08:20.114,ARC/USDT:USDT,0.02475,812.0,0.02474,2579.0,0.02478,3279.0,0.02479,5297.0
1753531700440,12:08:20.440,ARC/USDT:USDT,0.02475,812.0,0.02474,2579.0,0.02478,3279.0,0.02479,5297.0
1753531700837,12:08:20.837,ARC/USDT:USDT,0.02475,812.0,0.02474,2579.0,0.02478,3279.0,0.02479,5297.0
1753531701086,12:08:21.086,ARC/USDT:USDT,0.02474,518.0,0.02473,3690.0,0.02478,4502.0,0.02479,4251.0
1753531701177,12:08:21.177,ARC/USDT:USDT,0.02474,518.0,0.02473,3690.0,0.02478,3279.0,0.02479,5425.0
1753531701302,12:08:21.302,ARC/USDT:USDT,0.02474,518.0,0.02473,3690.0,0.02478,3279.0,0.02479,5425.0
1753531701339,12:08:21.339,ARC/USDT:USDT,0.02474,518.0,0.02473,3690.0,0.02478,3279.0,0.02479,5425.0
1753531701557,12:08:21.557,ARC/USDT:USDT,0.02474,2579.0,0.02473,3690.0,0.02478,3279.0,0.02479,5425.0
1753531702083,12:08:22.083,ARC/USDT:USDT,0.02474,2579.0,0.02473,3690.0,0.02478,3279.0,0.02479,5425.0
1753531702338,12:08:22.338,ARC/USDT:USDT,0.02474,518.0,0.02473,3690.0,0.02478,3279.0,0.02479,5425.0
1753531703425,12:08:23.425,ARC/USDT:USDT,0.02474,2579.0,0.02473,3690.0,0.02478,3279.0,0.02479,5425.0
1753531703705,12:08:23.705,ARC/USDT:USDT,0.02474,518.0,0.02473,3690.0,0.02478,3279.0,0.02479,5425.0
1753531703818,12:08:23.818,ARC/USDT:USDT,0.02474,518.0,0.02473,3690.0,0.02478,3779.0,0.02479,5425.0
1753531704203,12:08:24.203,ARC/USDT:USDT,0.02474,2579.0,0.02473,3690.0,0.02478,3779.0,0.02479,5425.0
1753531704344,12:08:24.344,ARC/USDT:USDT,0.02474,2579.0,0.02473,3690.0,0.02478,3779.0,0.02479,5425.0
1753531705173,12:08:25.173,ARC/USDT:USDT,0.02474,518.0,0.02473,3690.0,0.02478,3779.0,0.02479,5425.0
1753531705431,12:08:25.431,ARC/USDT:USDT,0.02474,2579.0,0.02473,3690.0,0.02478,3779.0,0.02479,5425.0
1753531705565,12:08:25.565,ARC/USDT:USDT,0.02474,518.0,0.02473,3690.0,0.02478,3779.0,0.02479,5425.0
1753531706199,12:08:26.199,ARC/USDT:USDT,0.02474,2579.0,0.02473,3690.0,0.02478,3779.0,0.02479,5425.0
1753531706514,12:08:26.514,ARC/USDT:USDT,0.02474,2579.0,0.02473,3690.0,0.02478,3779.0,0.02479,5425.0
1753531707061,12:08:27.061,ARC/USDT:USDT,0.02474,518.0,0.02473,3690.0,0.02478,3779.0,0.02479,5425.0
1753531707179,12:08:27.179,ARC/USDT:USDT,0.02474,2579.0,0.02473,3690.0,0.02478,3779.0,0.02479,5425.0
1753531707274,12:08:27.274,ARC/USDT:USDT,0.02474,518.0,0.02473,3690.0,0.02478,3779.0,0.02479,5425.0
1753531707400,12:08:27.400,ARC/USDT:USDT,0.02474,518.0,0.02473,3690.0,0.02477,1647.0,0.02478,3754.0
1753531707406,12:08:27.406,ARC/USDT:USDT,0.02474,518.0,0.02473,3690.0,0.02477,500.0,0.02478,3754.0
1753531707773,12:08:27.773,ARC/USDT:USDT,0.02474,518.0,0.02473,3690.0,0.02477,500.0,0.02478,3754.0
1753531707896,12:08:27.896,ARC/USDT:USDT,0.02474,518.0,0.02473,3690.0,0.02477,500.0,0.02478,3754.0
1753531707906,12:08:27.906,ARC/USDT:USDT,0.02474,518.0,0.02473,2573.0,0.02477,500.0,0.02478,3754.0
1753531708166,12:08:28.166,ARC/USDT:USDT,0.02474,518.0,0.02473,2573.0,0.02477,500.0,0.02478,3754.0
1753531708766,12:08:28.766,ARC/USDT:USDT,0.02474,518.0,0.02473,2573.0,0.02477,500.0,0.02478,3754.0
1753531708983,12:08:28.983,ARC/USDT:USDT,0.02474,518.0,0.02473,2573.0,0.02477,500.0,0.02478,3754.0
1753531710261,12:08:30.261,ARC/USDT:USDT,0.02474,518.0,0.02473,2573.0,0.02477,500.0,0.02478,3729.0
1753531711201,12:08:31.201,ARC/USDT:USDT,0.02474,518.0,0.02473,2573.0,0.02477,500.0,0.02478,3729.0
1753531711232,12:08:31.232,ARC/USDT:USDT,0.02474,518.0,0.02473,2573.0,0.02477,500.0,0.02478,3729.0
1753531711448,12:08:31.448,ARC/USDT:USDT,0.02474,518.0,0.02473,2573.0,0.02477,500.0,0.02478,3729.0
1753531714117,12:08:34.117,ARC/USDT:USDT,0.02474,518.0,0.02473,2573.0,0.02477,4623.0,0.02478,3810.0
1753531714220,12:08:34.220,ARC/USDT:USDT,0.02474,518.0,0.02473,2573.0,0.02477,4623.0,0.02478,3810.0
1753531715185,12:08:35.185,ARC/USDT:USDT,0.02474,18.0,0.02473,2445.0,0.02476,2061.0,0.02477,4623.0
1753531715302,12:08:35.302,ARC/USDT:USDT,0.02474,18.0,0.02473,1453.0,0.02476,25.0,0.02477,4623.0
1753531715401,12:08:35.401,ARC/USDT:USDT,0.02473,1471.0,0.02472,3675.0,0.02476,2086.0,0.02477,5846.0
1753531715500,12:08:35.500,ARC/USDT:USDT,0.02473,1471.0,0.02472,3675.0,0.02476,2086.0,0.02477,5846.0
1753531715589,12:08:35.589,ARC/USDT:USDT,0.02473,1471.0,0.02472,3675.0,0.02476,3125.0,0.02477,4623.0
1753531715683,12:08:35.683,ARC/USDT:USDT,0.02473,1471.0,0.02472,3675.0,0.02476,3125.0,0.02477,5454.0
1753531715891,12:08:35.891,ARC/USDT:USDT,0.02473,1471.0,0.02472,3675.0,0.02476,3125.0,0.02477,5454.0
1753531717188,12:08:37.188,ARC/USDT:USDT,0.02473,1471.0,0.02472,3675.0,0.02476,3125.0,0.02477,5454.0
1753531717675,12:08:37.675,ARC/USDT:USDT,0.02473,18.0,0.02472,1486.0,0.02476,3625.0,0.02477,5454.0
1753531717790,12:08:37.790,ARC/USDT:USDT,0.02472,520.0,0.02471,3724.0,0.02476,3625.0,0.02477,5454.0
1753531717886,12:08:37.886,ARC/USDT:USDT,0.02472,520.0,0.02471,3724.0,0.02476,3625.0,0.02477,5454.0
1753531718008,12:08:38.008,ARC/USDT:USDT,0.02472,520.0,0.02471,3724.0,0.02476,3625.0,0.02477,5454.0
1753531718151,12:08:38.151,ARC/USDT:USDT,0.02472,520.0,0.02471,3724.0,0.02476,3625.0,0.02477,5454.0
1753531718300,12:08:38.300,ARC/USDT:USDT,0.02472,520.0,0.02471,3724.0,0.02476,3625.0,0.02477,5454.0
1753531718326,12:08:38.326,ARC/USDT:USDT,0.02472,2581.0,0.02471,3724.0,0.02475,836.0,0.02476,4837.0
1753531718475,12:08:38.475,ARC/USDT:USDT,0.02472,520.0,0.02471,3724.0,0.02475,836.0,0.02476,3600.0
1753531718683,12:08:38.683,ARC/USDT:USDT,0.02472,520.0,0.02471,3724.0,0.02475,1336.0,0.02476,3600.0
1753531718723,12:08:38.723,ARC/USDT:USDT,0.02472,520.0,0.02471,3724.0,0.02475,1336.0,0.02476,3600.0
1753531718991,12:08:38.991,ARC/USDT:USDT,0.02472,520.0,0.02471,3724.0,0.02475,1336.0,0.02476,3600.0
1753531719028,12:08:39.028,ARC/USDT:USDT,0.02472,520.0,0.02471,3724.0,0.02475,1336.0,0.02476,3600.0
1753531720997,12:08:40.997,ARC/USDT:USDT,0.02472,20.0,0.02471,3596.0,0.02475,1336.0,0.02476,3600.0
1753531721016,12:08:41.016,ARC/USDT:USDT,0.02472,20.0,0.02471,2479.0,0.02475,5459.0,0.02476,3600.0
1753531721174,12:08:41.174,ARC/USDT:USDT,0.02472,20.0,0.02471,2479.0,0.02475,5459.0,0.02476,3728.0
1753531721617,12:08:41.617,ARC/USDT:USDT,0.02472,20.0,0.02471,2479.0,0.02475,5459.0,0.02476,3728.0
1753531722190,12:08:42.190,ARC/USDT:USDT,0.02472,20.0,0.02471,2479.0,0.02475,5459.0,0.02476,3728.0
1753531722370,12:08:42.370,ARC/USDT:USDT,0.02472,20.0,0.02471,2479.0,0.02475,5459.0,0.02476,3728.0
1753531722686,12:08:42.686,ARC/USDT:USDT,0.02472,20.0,0.02471,2479.0,0.02474,1112.0,0.02475,5459.0
1753531722789,12:08:42.789,ARC/USDT:USDT,0.02472,20.0,0.02471,1463.0,0.02474,1162.0,0.02475,5459.0
1753531722902,12:08:42.902,ARC/USDT:USDT,0.02472,2.0,0.02471,1481.0,0.02474,1162.0,0.02475,5459.0
1753531722951,12:08:42.951,ARC/USDT:USDT,0.02472,2.0,0.02471,1481.0,0.02474,1162.0,0.02475,5459.0
1753531723028,12:08:43.028,ARC/USDT:USDT,0.02472,2.0,0.02471,1481.0,0.02474,1162.0,0.02475,5459.0
1753531723468,12:08:43.468,ARC/USDT:USDT,0.02472,2.0,0.02471,1481.0,0.02474,1137.0,0.02475,5459.0
1753531723598,12:08:43.598,ARC/USDT:USDT,0.02472,2.0,0.02471,1481.0,0.02474,1137.0,0.02475,5459.0
1753531723824,12:08:43.824,ARC/USDT:USDT,0.02472,52.0,0.02471,1481.0,0.02475,1336.0,0.02476,3600.0
1753531724078,12:08:44.078,ARC/USDT:USDT,0.02472,52.0,0.02471,1481.0,0.02475,1336.0,0.02476,3600.0
1753531724107,12:08:44.107,ARC/USDT:USDT,0.02472,52.0,0.02471,1481.0,0.02475,1336.0,0.02476,3600.0
1753531727699,12:08:47.699,ARC/USDT:USDT,0.02472,52.0,0.02471,1481.0,0.02475,1336.0,0.02476,3600.0
1753531728566,12:08:48.566,ARC/USDT:USDT,0.02472,52.0,0.02471,1481.0,0.02475,1336.0,0.02476,3600.0
1753531729886,12:08:49.886,ARC/USDT:USDT,0.02472,2.0,0.02471,1479.0,0.02474,2111.0,0.02475,5540.0
1753531729906,12:08:49.906,ARC/USDT:USDT,0.02472,2.0,0.02471,1479.0,0.02474,3241.0,0.02475,5540.0
1753531730060,12:08:50.060,ARC/USDT:USDT,0.02472,2.0,0.02471,1479.0,0.02474,3241.0,0.02475,5540.0
1753531730155,12:08:50.155,ARC/USDT:USDT,0.02472,2.0,0.02471,1479.0,0.02474,3241.0,0.02475,5540.0
1753531730366,12:08:50.366,ARC/USDT:USDT,0.02472,2.0,0.02471,1479.0,0.02474,3241.0,0.02475,5540.0
1753531730517,12:08:50.517,ARC/USDT:USDT,0.02472,2.0,0.02471,1479.0,0.02474,3241.0,0.02475,5540.0
1753531731703,12:08:51.703,ARC/USDT:USDT,0.02472,2.0,0.02471,1479.0,0.02474,3241.0,0.02475,5540.0
1753531731709,12:08:51.709,ARC/USDT:USDT,0.02472,2.0,0.02471,1479.0,0.02474,3241.0,0.02475,5540.0
1753531731850,12:08:51.850,ARC/USDT:USDT,0.02472,2.0,0.02471,1479.0,0.02474,3241.0,0.02475,5540.0
1753531731930,12:08:51.930,ARC/USDT:USDT,0.02472,2.0,0.02471,1479.0,0.02474,3241.0,0.02475,5540.0
1753531732093,12:08:52.093,ARC/USDT:USDT,0.02472,2.0,0.02471,518.0,0.02474,3241.0,0.02475,5540.0
1753531732271,12:08:52.271,ARC/USDT:USDT,0.02472,2.0,0.02471,518.0,0.02474,3241.0,0.02475,5540.0
1753531732305,12:08:52.305,ARC/USDT:USDT,0.02472,2.0,0.02471,518.0,0.02474,3241.0,0.02475,5540.0
1753531733052,12:08:53.052,ARC/USDT:USDT,0.02472,2.0,0.02471,518.0,0.02474,3241.0,0.02475,5540.0
1753531735000,12:08:55.000,ARC/USDT:USDT,0.02472,2.0,0.02471,18.0,0.02474,4454.0,0.02475,5540.0
1753531735094,12:08:55.094,ARC/USDT:USDT,0.02468,1139.0,0.02467,2053.0,0.02472,2561.0,0.02473,6859.0
1753531735191,12:08:55.191,ARC/USDT:USDT,0.02469,527.0,0.02468,1639.0,0.02471,17.0,0.02472,4269.0
1753531735300,12:08:55.300,ARC/USDT:USDT,0.02469,525.0,0.02468,1639.0,0.02471,17.0,0.02472,4269.0
1753531735394,12:08:55.394,ARC/USDT:USDT,0.02469,525.0,0.02468,1639.0,0.02471,17.0,0.02472,4269.0
1753531735464,12:08:55.464,ARC/USDT:USDT,0.02469,525.0,0.02468,1639.0,0.02471,17.0,0.02472,4269.0
1753531735571,12:08:55.571,ARC/USDT:USDT,0.02469,550.0,0.02468,1639.0,0.02471,17.0,0.02472,4269.0
1753531735776,12:08:55.776,ARC/USDT:USDT,0.02469,525.0,0.02468,1639.0,0.02471,17.0,0.02472,4269.0
1753531735888,12:08:55.888,ARC/USDT:USDT,0.02468,1511.0,0.02467,2553.0,0.02471,4165.0,0.02472,4269.0
1753531735967,12:08:55.967,ARC/USDT:USDT,0.02469,2.0,0.02468,1511.0,0.02471,42.0,0.02472,4350.0
1753531736068,12:08:56.068,ARC/USDT:USDT,0.02469,52.0,0.02468,1511.0,0.02472,3850.0,0.02473,5701.0
1753531736136,12:08:56.136,ARC/USDT:USDT,0.02469,52.0,0.02468,1511.0,0.02471,17.0,0.02472,3850.0
1753531736210,12:08:56.210,ARC/USDT:USDT,0.02469,50.0,0.02468,1511.0,0.02471,17.0,0.02472,3850.0
1753531736450,12:08:56.450,ARC/USDT:USDT,0.02469,550.0,0.02468,1511.0,0.02471,17.0,0.02472,3769.0
1753531736610,12:08:56.610,ARC/USDT:USDT,0.02469,500.0,0.02468,1511.0,0.02471,17.0,0.02472,3769.0
1753531736707,12:08:56.707,ARC/USDT:USDT,0.02469,550.0,0.02468,1511.0,0.02471,17.0,0.02472,3769.0
1753531736969,12:08:56.969,ARC/USDT:USDT,0.02468,1511.0,0.02467,2553.0,0.02471,42.0,0.02472,5008.0
1753531737047,12:08:57.047,ARC/USDT:USDT,0.02469,552.0,0.02468,1511.0,0.02471,17.0,0.02472,3769.0
1753531737147,12:08:57.147,ARC/USDT:USDT,0.02469,550.0,0.02468,1511.0,0.02471,17.0,0.02472,3769.0
1753531737353,12:08:57.353,ARC/USDT:USDT,0.02469,550.0,0.02468,1511.0,0.02471,17.0,0.02472,3769.0
1753531738190,12:08:58.190,ARC/USDT:USDT,0.02469,550.0,0.02468,1511.0,0.02471,17.0,0.02472,3769.0
1753531738585,12:08:58.585,ARC/USDT:USDT,0.02468,1536.0,0.02467,2553.0,0.02471,17.0,0.02472,5008.0
1753531738689,12:08:58.689,ARC/USDT:USDT,0.02469,52.0,0.02468,1511.0,0.02471,17.0,0.02472,3769.0
1753531738713,12:08:58.713,ARC/USDT:USDT,0.02469,50.0,0.02468,1511.0,0.02471,17.0,0.02472,3769.0
1753531738988,12:08:58.988,ARC/USDT:USDT,0.02469,50.0,0.02468,1511.0,0.02471,17.0,0.02472,3769.0
1753531740188,12:09:00.188,ARC/USDT:USDT,0.02469,50.0,0.02468,1511.0,0.02471,17.0,0.02472,2061.0
1753531740297,12:09:00.297,ARC/USDT:USDT,0.02469,1146.0,0.02468,3781.0,0.02471,17.0,0.02473,5620.0
1753531740349,12:09:00.349,ARC/USDT:USDT,0.02469,1146.0,0.02468,5534.0,0.02472,836.0,0.02473,5620.0
1753531740466,12:09:00.466,ARC/USDT:USDT,0.0247,2.0,0.02469,1596.0,0.02472,836.0,0.02473,5620.0
1753531740510,12:09:00.510,ARC/USDT:USDT,0.0247,27.0,0.02469,1596.0,0.02472,819.0,0.02473,5620.0
1753531740610,12:09:00.610,ARC/USDT:USDT,0.0247,25.0,0.02469,1596.0,0.02472,819.0,0.02473,5620.0
1753531740789,12:09:00.789,ARC/USDT:USDT,0.02469,1621.0,0.02468,5534.0,0.02472,819.0,0.02473,5620.0
1753531740811,12:09:00.811,ARC/USDT:USDT,0.0247,2.0,0.02469,1621.0,0.02471,17.0,0.02472,819.0
1753531740937,12:09:00.937,ARC/USDT:USDT,0.0247,27.0,0.02469,1621.0,0.02471,17.0,0.02472,819.0
1753531741086,12:09:01.086,ARC/USDT:USDT,0.0247,2.0,0.02469,525.0,0.02471,17.0,0.02472,2930.0
1753531741171,12:09:01.171,ARC/USDT:USDT,0.0247,2.0,0.02469,500.0,0.02471,17.0,0.02472,2930.0
1753531741566,12:09:01.566,ARC/USDT:USDT,0.0247,2.0,0.02469,500.0,0.02471,17.0,0.02472,2905.0
1753531741630,12:09:01.630,ARC/USDT:USDT,0.0247,2.0,0.02469,500.0,0.02471,17.0,0.02472,2930.0
1753531741799,12:09:01.799,ARC/USDT:USDT,0.0247,2.0,0.02469,500.0,0.02471,17.0,0.02472,2930.0
1753531741828,12:09:01.828,ARC/USDT:USDT,0.0247,2.0,0.02469,525.0,0.02471,17.0,0.02472,2930.0
1753531741925,12:09:01.925,ARC/USDT:USDT,0.0247,2.0,0.02469,525.0,0.02471,17.0,0.02472,2905.0
1753531742246,12:09:02.246,ARC/USDT:USDT,0.0247,2.0,0.02469,500.0,0.02471,17.0,0.02472,2905.0
1753531742483,12:09:02.483,ARC/USDT:USDT,0.0247,2.0,0.02469,500.0,0.02471,17.0,0.02472,2905.0
1753531743401,12:09:03.401,ARC/USDT:USDT,0.0247,2.0,0.02469,500.0,0.02471,17.0,0.02472,2905.0
1753531743460,12:09:03.460,ARC/USDT:USDT,0.0247,2.0,0.02469,500.0,0.02471,17.0,0.02472,2905.0
1753531743747,12:09:03.747,ARC/USDT:USDT,0.0247,2.0,0.02469,500.0,0.02471,17.0,0.02472,2905.0
1753531743986,12:09:03.986,ARC/USDT:USDT,0.0247,27.0,0.02469,1610.0,0.02473,997.0,0.02474,4932.0
1753531744024,12:09:04.024,ARC/USDT:USDT,0.02471,15.0,0.0247,52.0,0.02472,1.0,0.02473,997.0
1753531744293,12:09:04.293,ARC/USDT:USDT,0.02471,15.0,0.0247,52.0,0.02472,1.0,0.02473,997.0
1753531744630,12:09:04.630,ARC/USDT:USDT,0.02471,15.0,0.0247,52.0,0.02472,1.0,0.02473,997.0
1753531745090,12:09:05.090,ARC/USDT:USDT,0.02471,15.0,0.0247,52.0,0.02472,1.0,0.02473,997.0
1753531745406,12:09:05.406,ARC/USDT:USDT,0.02471,15.0,0.0247,27.0,0.02472,1.0,0.02473,997.0
1753531745582,12:09:05.582,ARC/USDT:USDT,0.02471,15.0,0.0247,2.0,0.02472,2112.0,0.02473,5120.0
1753531745668,12:09:05.668,ARC/USDT:USDT,0.0247,17.0,0.02469,1610.0,0.02472,3349.0,0.02473,5120.0
1753531745710,12:09:05.710,ARC/USDT:USDT,0.0247,17.0,0.02469,1610.0,0.02472,3348.0,0.02473,5120.0
1753531745815,12:09:05.815,ARC/USDT:USDT,0.0247,17.0,0.02469,1610.0,0.02472,3348.0,0.02473,5120.0
1753531745907,12:09:05.907,ARC/USDT:USDT,0.0247,17.0,0.02469,1610.0,0.02472,3348.0,0.02473,5120.0
1753531746346,12:09:06.346,ARC/USDT:USDT,0.0247,17.0,0.02469,1610.0,0.02472,4576.0,0.02473,5120.0
1753531747223,12:09:07.223,ARC/USDT:USDT,0.0247,17.0,0.02469,1610.0,0.02472,4551.0,0.02473,5120.0
1753531747703,12:09:07.703,ARC/USDT:USDT,0.0247,17.0,0.02469,1610.0,0.02472,4576.0,0.02473,5120.0
1753531747728,12:09:07.728,ARC/USDT:USDT,0.0247,17.0,0.02469,1610.0,0.02472,4576.0,0.02473,5120.0
1753531747830,12:09:07.830,ARC/USDT:USDT,0.0247,17.0,0.02469,1610.0,0.02472,3348.0,0.02473,5120.0
1753531747950,12:09:07.950,ARC/USDT:USDT,0.0247,17.0,0.02469,1610.0,0.02472,3323.0,0.02473,5120.0
1753531748064,12:09:08.064,ARC/USDT:USDT,0.0247,17.0,0.02469,1610.0,0.02472,3323.0,0.02473,5120.0
1753531749056,12:09:09.056,ARC/USDT:USDT,0.0247,17.0,0.02469,1610.0,0.02472,3348.0,0.02473,5120.0
1753531750780,12:09:10.780,ARC/USDT:USDT,0.0247,17.0,0.02469,1610.0,0.02472,3348.0,0.02473,5120.0
1753531751502,12:09:11.502,ARC/USDT:USDT,0.0247,17.0,0.02469,500.0,0.02472,4576.0,0.02473,5120.0
1753531751969,12:09:11.969,ARC/USDT:USDT,0.0247,17.0,0.02469,500.0,0.02472,4576.0,0.02473,5120.0
1753531752303,12:09:12.303,ARC/USDT:USDT,0.0247,17.0,0.02468,500.0,0.02471,1278.0,0.02472,3379.0
1753531752360,12:09:12.360,ARC/USDT:USDT,0.02469,17.0,0.02468,500.0,0.02471,1279.0,0.02472,3379.0
1753531752454,12:09:12.454,ARC/USDT:USDT,0.02469,17.0,0.02468,500.0,0.02471,1278.0,0.02472,3379.0
1753531752580,12:09:12.580,ARC/USDT:USDT,0.02469,17.0,0.02468,500.0,0.02471,1278.0,0.02472,3379.0
1753531752886,12:09:12.886,ARC/USDT:USDT,0.02469,17.0,0.02468,500.0,0.02471,5401.0,0.02472,3379.0
1753531752907,12:09:12.907,ARC/USDT:USDT,0.02469,17.0,0.02468,500.0,0.02471,5401.0,0.02472,3379.0
1753531753260,12:09:13.260,ARC/USDT:USDT,0.02469,17.0,0.02468,500.0,0.02471,5401.0,0.02472,3379.0
1753531753592,12:09:13.592,ARC/USDT:USDT,0.02469,17.0,0.02468,500.0,0.02471,5401.0,0.02472,3379.0
1753531754592,12:09:14.592,ARC/USDT:USDT,0.02469,17.0,0.02468,500.0,0.02471,5401.0,0.02472,3379.0
1753531754903,12:09:14.903,ARC/USDT:USDT,0.02464,11.0,0.02463,1122.0,0.02467,4123.0,0.02468,2561.0
1753531754998,12:09:14.998,ARC/USDT:USDT,0.02465,713.0,0.02464,11.0,0.02466,4643.0,0.02467,4954.0
1753531755087,12:09:15.087,ARC/USDT:USDT,0.02465,713.0,0.02464,11.0,0.02466,4593.0,0.02467,5004.0
1753531755199,12:09:15.199,ARC/USDT:USDT,0.02465,730.0,0.02464,11.0,0.02466,4691.0,0.02467,5004.0
1753531755288,12:09:15.288,ARC/USDT:USDT,0.02465,730.0,0.02464,11.0,0.02466,4691.0,0.02467,5004.0
1753531755373,12:09:15.373,ARC/USDT:USDT,0.02465,730.0,0.02464,11.0,0.02466,4691.0,0.02467,5004.0
1753531755487,12:09:15.487,ARC/USDT:USDT,0.02465,730.0,0.02464,11.0,0.02466,4691.0,0.02467,5004.0
1753531755600,12:09:15.600,ARC/USDT:USDT,0.02465,730.0,0.02464,11.0,0.02466,4691.0,0.02467,5004.0
1753531755697,12:09:15.697,ARC/USDT:USDT,0.02465,17.0,0.02464,11.0,0.02466,4741.0,0.02467,5004.0
1753531755746,12:09:15.746,ARC/USDT:USDT,0.02465,17.0,0.02464,11.0,0.02466,3446.0,0.02467,5004.0
1753531756092,12:09:16.092,ARC/USDT:USDT,0.02465,17.0,0.02464,11.0,0.02466,2159.0,0.02467,5004.0
1753531756227,12:09:16.227,ARC/USDT:USDT,0.02465,17.0,0.02464,11.0,0.02466,2159.0,0.02467,5004.0
1753531756390,12:09:16.390,ARC/USDT:USDT,0.02465,17.0,0.02464,11.0,0.02466,2159.0,0.02467,5004.0
1753531756731,12:09:16.731,ARC/USDT:USDT,0.02465,17.0,0.02464,11.0,0.02466,2209.0,0.02467,5004.0
1753531756983,12:09:16.983,ARC/USDT:USDT,0.02465,17.0,0.02464,11.0,0.02466,2159.0,0.02467,5004.0
1753531757094,12:09:17.094,ARC/USDT:USDT,0.02464,11.0,0.02462,502.0,0.02465,4173.0,0.02466,4731.0
1753531757193,12:09:17.193,ARC/USDT:USDT,0.02464,11.0,0.02462,502.0,0.02465,4176.0,0.02466,3355.0
1753531757226,12:09:17.226,ARC/USDT:USDT,0.02464,11.0,0.02462,502.0,0.02465,4126.0,0.02466,3355.0
1753531757399,12:09:17.399,ARC/USDT:USDT,0.02464,11.0,0.02462,502.0,0.02465,4126.0,0.02466,3330.0
1753531757593,12:09:17.593,ARC/USDT:USDT,0.02464,11.0,0.02462,502.0,0.02465,4126.0,0.02466,3330.0
1753531757866,12:09:17.866,ARC/USDT:USDT,0.02464,11.0,0.02463,25.0,0.02465,4126.0,0.02466,3330.0
1753531758101,12:09:18.101,ARC/USDT:USDT,0.0246,999.0,0.02459,1111.0,0.02463,4123.0,0.02464,2111.0
1753531758190,12:09:18.190,ARC/USDT:USDT,0.02461,2061.0,0.0246,2079.0,0.02465,4067.0,0.02466,3313.0
1753531758300,12:09:18.300,ARC/USDT:USDT,0.02462,50.0,0.02461,2061.0,0.02465,4064.0,0.02466,3330.0
1753531758403,12:09:18.403,ARC/USDT:USDT,0.02462,75.0,0.02461,2061.0,0.02465,4064.0,0.02466,3330.0
1753531758496,12:09:18.496,ARC/USDT:USDT,0.02462,75.0,0.02461,2061.0,0.02465,4064.0,0.02466,3330.0
1753531758569,12:09:18.569,ARC/USDT:USDT,0.02462,75.0,0.02461,2061.0,0.02465,4064.0,0.02466,3330.0
1753531758614,12:09:18.614,ARC/USDT:USDT,0.02462,75.0,0.02461,2189.0,0.02465,4064.0,0.02466,3330.0
1753531758780,12:09:18.780,ARC/USDT:USDT,0.02462,75.0,0.02461,2189.0,0.02465,4064.0,0.02466,3330.0
1753531758860,12:09:18.860,ARC/USDT:USDT,0.02462,75.0,0.02461,2189.0,0.02465,4064.0,0.02466,3330.0
1753531758987,12:09:18.987,ARC/USDT:USDT,0.02462,75.0,0.02461,2189.0,0.02465,4064.0,0.02466,3330.0
1753531759102,12:09:19.102,ARC/USDT:USDT,0.02462,75.0,0.02461,2189.0,0.02465,4064.0,0.02466,3330.0
1753531759203,12:09:19.203,ARC/USDT:USDT,0.02462,575.0,0.02461,2689.0,0.02465,4064.0,0.02466,3330.0
1753531759293,12:09:19.293,ARC/USDT:USDT,0.02462,575.0,0.02461,2689.0,0.02466,17.0,0.02467,4954.0
1753531759310,12:09:19.310,ARC/USDT:USDT,0.02462,575.0,0.02461,2689.0,0.02467,4954.0,0.02468,4156.0
1753531759408,12:09:19.408,ARC/USDT:USDT,0.02462,575.0,0.02461,2689.0,0.02467,4954.0,0.02468,4156.0
1753531759665,12:09:19.665,ARC/USDT:USDT,0.02462,575.0,0.02461,2689.0,0.02466,2111.0,0.02467,4954.0
1753531759771,12:09:19.771,ARC/USDT:USDT,0.02462,575.0,0.02461,2689.0,0.02466,3083.0,0.02467,4954.0
1753531759825,12:09:19.825,ARC/USDT:USDT,0.02462,575.0,0.02461,2689.0,0.02466,3083.0,0.02467,5036.0
1753531760188,12:09:20.188,ARC/USDT:USDT,0.02462,575.0,0.02461,2689.0,0.02466,3583.0,0.02467,5036.0
1753531760238,12:09:20.238,ARC/USDT:USDT,0.02462,575.0,0.02461,2689.0,0.02466,3583.0,0.02467,5036.0
1753531760472,12:09:20.472,ARC/USDT:USDT,0.02462,575.0,0.02461,2689.0,0.02466,3583.0,0.02467,5036.0
1753531760591,12:09:20.591,ARC/USDT:USDT,0.02462,575.0,0.02461,2689.0,0.02466,3583.0,0.02467,5036.0
1753531760843,12:09:20.843,ARC/USDT:USDT,0.02462,575.0,0.02461,2689.0,0.02466,3583.0,0.02467,5036.0
1753531760976,12:09:20.976,ARC/USDT:USDT,0.02462,575.0,0.02461,2689.0,0.02466,3583.0,0.02467,5036.0
1753531761343,12:09:21.343,ARC/USDT:USDT,0.02462,575.0,0.02461,2689.0,0.02466,3583.0,0.02467,5036.0
1753531761476,12:09:21.476,ARC/USDT:USDT,0.02462,575.0,0.02461,2689.0,0.02466,3558.0,0.02467,5036.0
1753531761594,12:09:21.594,ARC/USDT:USDT,0.02462,575.0,0.02461,2689.0,0.02466,3558.0,0.02467,5036.0
1753531761652,12:09:21.652,ARC/USDT:USDT,0.02462,575.0,0.02461,2689.0,0.02466,1497.0,0.02467,5036.0
1753531761786,12:09:21.786,ARC/USDT:USDT,0.02462,575.0,0.02461,2689.0,0.02466,3558.0,0.02467,5036.0
1753531761807,12:09:21.807,ARC/USDT:USDT,0.02462,575.0,0.02461,2689.0,0.02466,3558.0,0.02467,5036.0
1753531762197,12:09:22.197,ARC/USDT:USDT,0.02462,575.0,0.02461,2689.0,0.02466,1497.0,0.02467,5036.0
1753531762271,12:09:22.271,ARC/USDT:USDT,0.02462,575.0,0.02461,2689.0,0.02466,1497.0,0.02467,5036.0
1753531762299,12:09:22.299,ARC/USDT:USDT,0.02462,575.0,0.02461,2689.0,0.02466,3558.0,0.02467,5036.0
1753531762479,12:09:22.479,ARC/USDT:USDT,0.02462,575.0,0.02461,2689.0,0.02466,3558.0,0.02467,5036.0
1753531762659,12:09:22.659,ARC/USDT:USDT,0.02462,575.0,0.02461,2689.0,0.02466,3558.0,0.02467,5036.0
1753531762719,12:09:22.719,ARC/USDT:USDT,0.02462,575.0,0.02461,2689.0,0.02466,3558.0,0.02467,5036.0
1753531763086,12:09:23.086,ARC/USDT:USDT,0.02462,575.0,0.02461,2689.0,0.02466,3558.0,0.02467,5036.0
1753531763903,12:09:23.903,ARC/USDT:USDT,0.02462,575.0,0.02461,2689.0,0.02466,3558.0,0.02467,5036.0
1753531763905,12:09:23.905,ARC/USDT:USDT,0.02462,575.0,0.02461,2689.0,0.02466,3558.0,0.02467,5036.0
1753531764302,12:09:24.302,ARC/USDT:USDT,0.02462,575.0,0.02461,2689.0,0.02466,3558.0,0.02467,5036.0
1753531764403,12:09:24.403,ARC/USDT:USDT,0.02462,575.0,0.02461,2689.0,0.02466,3558.0,0.02467,5036.0
1753531764501,12:09:24.501,ARC/USDT:USDT,0.02462,575.0,0.02461,2689.0,0.02466,3558.0,0.02467,5036.0
1753531764602,12:09:24.602,ARC/USDT:USDT,0.02462,575.0,0.02461,2689.0,0.02466,3558.0,0.02467,5036.0
1753531764692,12:09:24.692,ARC/USDT:USDT,0.02462,575.0,0.02461,2689.0,0.02466,3558.0,0.02467,5036.0
1753531764742,12:09:24.742,ARC/USDT:USDT,0.02462,550.0,0.02461,2689.0,0.02465,4123.0,0.02466,3558.0
1753531764861,12:09:24.861,ARC/USDT:USDT,0.02462,575.0,0.02461,2689.0,0.02465,4123.0,0.02466,3558.0
1753531764999,12:09:24.999,ARC/USDT:USDT,0.02462,575.0,0.02461,2689.0,0.02466,1514.0,0.02467,5036.0
1753531765075,12:09:25.075,ARC/USDT:USDT,0.02462,575.0,0.02461,2689.0,0.02466,3558.0,0.02467,5036.0
1753531765171,12:09:25.171,ARC/USDT:USDT,0.02462,575.0,0.02461,2689.0,0.02466,3558.0,0.02467,5036.0
1753531765303,12:09:25.303,ARC/USDT:USDT,0.02462,575.0,0.02461,2689.0,0.02466,1497.0,0.02467,5036.0
1753531765313,12:09:25.313,ARC/USDT:USDT,0.02462,575.0,0.02461,2689.0,0.02466,3558.0,0.02467,5036.0
1753531765694,12:09:25.694,ARC/USDT:USDT,0.02462,575.0,0.02461,2689.0,0.02466,3558.0,0.02467,5036.0
1753531766292,12:09:26.292,ARC/USDT:USDT,0.02462,575.0,0.02461,2689.0,0.02466,3558.0,0.02467,5036.0
1753531766712,12:09:26.712,ARC/USDT:USDT,0.02462,575.0,0.02461,2689.0,0.02466,3558.0,0.02467,5036.0
1753531766981,12:09:26.981,ARC/USDT:USDT,0.02462,525.0,0.02461,2689.0,0.02466,3558.0,0.02467,5164.0
1753531767203,12:09:27.203,ARC/USDT:USDT,0.02462,525.0,0.02461,2689.0,0.02466,3558.0,0.02467,5164.0
1753531767285,12:09:27.285,ARC/USDT:USDT,0.02462,525.0,0.02461,2689.0,0.02466,3558.0,0.02467,5164.0
1753531767587,12:09:27.587,ARC/USDT:USDT,0.02462,25.0,0.0246,1459.0,0.02464,550.0,0.02465,4623.0
1753531767640,12:09:27.640,ARC/USDT:USDT,0.02462,25.0,0.0246,1457.0,0.02464,2611.0,0.02465,4623.0
1753531767943,12:09:27.943,ARC/USDT:USDT,0.02462,25.0,0.0246,1457.0,0.02464,2611.0,0.02465,4623.0
1753531768096,12:09:28.096,ARC/USDT:USDT,0.02462,25.0,0.0246,1457.0,0.02464,3668.0,0.02465,4623.0
1753531768289,12:09:28.289,ARC/USDT:USDT,0.02462,25.0,0.0246,1457.0,0.02464,3668.0,0.02465,4623.0
1753531768373,12:09:28.373,ARC/USDT:USDT,0.02462,25.0,0.0246,1457.0,0.02464,3668.0,0.02465,4623.0
1753531768566,12:09:28.566,ARC/USDT:USDT,0.02462,25.0,0.0246,1457.0,0.02464,3668.0,0.02465,4623.0
1753531768883,12:09:28.883,ARC/USDT:USDT,0.02462,25.0,0.0246,1457.0,0.02464,3668.0,0.02465,4623.0
1753531769290,12:09:29.290,ARC/USDT:USDT,0.02462,25.0,0.0246,1457.0,0.02464,3668.0,0.02465,4623.0
1753531769410,12:09:29.410,ARC/USDT:USDT,0.02462,25.0,0.0246,1457.0,0.02464,3668.0,0.02465,4623.0
1753531769512,12:09:29.512,ARC/USDT:USDT,0.02462,25.0,0.0246,1457.0,0.02464,3668.0,0.02465,4623.0
1753531770071,12:09:30.071,ARC/USDT:USDT,0.02462,25.0,0.0246,1457.0,0.02464,3668.0,0.02465,4623.0
1753531770174,12:09:30.174,ARC/USDT:USDT,0.02462,8.0,0.0246,1457.0,0.02464,3668.0,0.02465,4623.0
1753531771038,12:09:31.038,ARC/USDT:USDT,0.02462,8.0,0.0246,1457.0,0.02464,3668.0,0.02465,4623.0
1753531771113,12:09:31.113,ARC/USDT:USDT,0.02462,8.0,0.0246,1457.0,0.02464,3692.0,0.02465,4623.0
1753531771478,12:09:31.478,ARC/USDT:USDT,0.02462,8.0,0.0246,1457.0,0.02464,3692.0,0.02465,5737.0
1753531772103,12:09:32.103,ARC/USDT:USDT,0.02462,8.0,0.0246,5.0,0.02463,4173.0,0.02464,4806.0
1753531772196,12:09:32.196,ARC/USDT:USDT,0.0246,5.0,0.02459,500.0,0.02463,5338.0,0.02464,4860.0
1753531772295,12:09:32.295,ARC/USDT:USDT,0.0246,5.0,0.02459,2561.0,0.02462,8.0,0.02463,5311.0
1753531772346,12:09:32.346,ARC/USDT:USDT,0.0246,5.0,0.02459,2561.0,0.02463,5287.0,0.02464,3763.0
1753531772496,12:09:32.496,ARC/USDT:USDT,0.0246,5.0,0.02459,2561.0,0.02463,5287.0,0.02464,3763.0
1753531772634,12:09:32.634,ARC/USDT:USDT,0.0246,5.0,0.02459,2561.0,0.02462,1114.0,0.02463,4173.0
1753531772767,12:09:32.767,ARC/USDT:USDT,0.0246,55.0,0.02459,2561.0,0.02462,1114.0,0.02463,4148.0
1753531772865,12:09:32.865,ARC/USDT:USDT,0.0246,5.0,0.02459,2561.0,0.02462,1114.0,0.02463,4148.0
1753531772979,12:09:32.979,ARC/USDT:USDT,0.0246,5.0,0.02459,2561.0,0.02462,1139.0,0.02463,4123.0
1753531773063,12:09:33.063,ARC/USDT:USDT,0.0246,5.0,0.02459,2561.0,0.02462,1664.0,0.02463,4123.0
1753531773142,12:09:33.142,ARC/USDT:USDT,0.0246,5.0,0.02459,2561.0,0.02462,1664.0,0.02463,4123.0
1753531773289,12:09:33.289,ARC/USDT:USDT,0.0246,5.0,0.02459,500.0,0.02462,1664.0,0.02463,4959.0
1753531773378,12:09:33.378,ARC/USDT:USDT,0.0246,5.0,0.02459,500.0,0.02462,3725.0,0.02463,4959.0
1753531773417,12:09:33.417,ARC/USDT:USDT,0.0246,5.0,0.02459,500.0,0.02462,3725.0,0.02463,4959.0
1753531773586,12:09:33.586,ARC/USDT:USDT,0.0246,5.0,0.02459,500.0,0.02462,1664.0,0.02463,4959.0
1753531773698,12:09:33.698,ARC/USDT:USDT,0.0246,5.0,0.02459,500.0,0.02462,1664.0,0.02463,4959.0
1753531773707,12:09:33.707,ARC/USDT:USDT,0.0246,5.0,0.02459,500.0,0.02462,3725.0,0.02463,4959.0
1753531774462,12:09:34.462,ARC/USDT:USDT,0.0246,5.0,0.02459,500.0,0.02462,3725.0,0.02463,4959.0
1753531774578,12:09:34.578,ARC/USDT:USDT,0.0246,5.0,0.02459,500.0,0.02462,3725.0,0.02463,4959.0
1753531774607,12:09:34.607,ARC/USDT:USDT,0.0246,5.0,0.02459,500.0,0.02462,3700.0,0.02463,4959.0
1753531774797,12:09:34.797,ARC/USDT:USDT,0.0246,55.0,0.02459,2561.0,0.02463,4959.0,0.02464,3635.0
1753531774902,12:09:34.902,ARC/USDT:USDT,0.0246,55.0,0.02459,2561.0,0.02463,4959.0,0.02464,3635.0
1753531774997,12:09:34.997,ARC/USDT:USDT,0.0246,55.0,0.02459,2561.0,0.02463,4123.0,0.02464,3635.0
1753531775086,12:09:35.086,ARC/USDT:USDT,0.0246,555.0,0.02459,2561.0,0.02463,4123.0,0.02464,3635.0
1753531775146,12:09:35.146,ARC/USDT:USDT,0.0246,555.0,0.02459,2561.0,0.02463,4123.0,0.02464,3635.0
1753531775257,12:09:35.257,ARC/USDT:USDT,0.0246,530.0,0.02459,2561.0,0.02463,4148.0,0.02464,3635.0
1753531775382,12:09:35.382,ARC/USDT:USDT,0.0246,530.0,0.02459,2561.0,0.02463,4148.0,0.02464,3635.0
1753531775415,12:09:35.415,ARC/USDT:USDT,0.0246,530.0,0.02459,2561.0,0.02463,4148.0,0.02464,3635.0
1753531775523,12:09:35.523,ARC/USDT:USDT,0.0246,505.0,0.02459,2561.0,0.02463,4148.0,0.02464,3635.0
1753531775890,12:09:35.890,ARC/USDT:USDT,0.0246,530.0,0.02459,2561.0,0.02463,4123.0,0.02464,3635.0
1753531776391,12:09:36.391,ARC/USDT:USDT,0.0246,530.0,0.02459,2689.0,0.02464,3635.0,0.02465,5582.0
1753531776419,12:09:36.419,ARC/USDT:USDT,0.0246,530.0,0.02459,2689.0,0.02464,3618.0,0.02465,5599.0
1753531776603,12:09:36.603,ARC/USDT:USDT,0.0246,530.0,0.02459,2689.0,0.02464,3618.0,0.02465,5599.0
1753531776670,12:09:36.670,ARC/USDT:USDT,0.0246,530.0,0.02459,2689.0,0.02464,3618.0,0.02465,5471.0
1753531776956,12:09:36.956,ARC/USDT:USDT,0.0246,530.0,0.02459,2689.0,0.02464,3618.0,0.02465,5471.0
1753531777072,12:09:37.072,ARC/USDT:USDT,0.0246,530.0,0.02459,2689.0,0.02464,3618.0,0.02465,5471.0
1753531778299,12:09:38.299,ARC/USDT:USDT,0.02461,25.0,0.0246,1546.0,0.02464,1557.0,0.02465,5471.0
1753531778363,12:09:38.363,ARC/USDT:USDT,0.02461,25.0,0.0246,1464.0,0.02464,3618.0,0.02465,5454.0
1753531778446,12:09:38.446,ARC/USDT:USDT,0.02461,25.0,0.0246,1464.0,0.02464,3618.0,0.02465,5454.0
1753531778587,12:09:38.587,ARC/USDT:USDT,0.02461,25.0,0.0246,1464.0,0.02464,1557.0,0.02465,5454.0
1753531778640,12:09:38.640,ARC/USDT:USDT,0.02461,25.0,0.0246,1464.0,0.02464,3618.0,0.02465,5454.0
1753531778712,12:09:38.712,ARC/USDT:USDT,0.02461,25.0,0.0246,1464.0,0.02464,3618.0,0.02465,5454.0
1753531778877,12:09:38.877,ARC/USDT:USDT,0.02461,25.0,0.0246,1464.0,0.02464,1557.0,0.02465,5454.0
1753531779429,12:09:39.429,ARC/USDT:USDT,0.02461,25.0,0.0246,1464.0,0.02464,500.0,0.02465,5454.0
1753531779959,12:09:39.959,ARC/USDT:USDT,0.02461,525.0,0.0246,1464.0,0.02464,500.0,0.02465,5454.0
1753531780130,12:09:40.130,ARC/USDT:USDT,0.02461,525.0,0.0246,1464.0,0.02464,500.0,0.02465,5454.0
1753531780207,12:09:40.207,ARC/USDT:USDT,0.02461,525.0,0.0246,1546.0,0.02464,500.0,0.02465,5454.0
1753531780514,12:09:40.514,ARC/USDT:USDT,0.02461,525.0,0.0246,1546.0,0.02464,500.0,0.02465,5454.0
1753531780754,12:09:40.754,ARC/USDT:USDT,0.02461,525.0,0.0246,1546.0,0.02464,500.0,0.02465,5454.0
1753531781146,12:09:41.146,ARC/USDT:USDT,0.02461,2586.0,0.0246,2993.0,0.02464,500.0,0.02465,5454.0
1753531781211,12:09:41.211,ARC/USDT:USDT,0.02461,2586.0,0.0246,2995.0,0.02464,500.0,0.02465,5454.0
1753531781316,12:09:41.316,ARC/USDT:USDT,0.02461,2586.0,0.0246,2995.0,0.02464,500.0,0.02465,5454.0
1753531781691,12:09:41.691,ARC/USDT:USDT,0.02462,1314.0,0.02461,2714.0,0.02465,831.0,0.02466,3550.0
1753531781792,12:09:41.792,ARC/USDT:USDT,0.02462,1314.0,0.02461,2689.0,0.02466,3533.0,0.02467,4971.0
1753531781806,12:09:41.806,ARC/USDT:USDT,0.02462,1314.0,0.02461,2689.0,0.02466,3533.0,0.02467,4971.0
1753531781974,12:09:41.974,ARC/USDT:USDT,0.02462,1314.0,0.02461,3736.0,0.02466,3533.0,0.02467,4971.0
1753531782161,12:09:42.161,ARC/USDT:USDT,0.02462,1314.0,0.02461,3736.0,0.02466,3533.0,0.02467,4971.0
1753531782228,12:09:42.228,ARC/USDT:USDT,0.02462,1442.0,0.02461,3736.0,0.02466,3533.0,0.02467,4971.0
1753531782397,12:09:42.397,ARC/USDT:USDT,0.02462,1442.0,0.02461,3736.0,0.02466,3533.0,0.02467,4971.0
1753531782425,12:09:42.425,ARC/USDT:USDT,0.02462,1442.0,0.02461,3736.0,0.02466,3533.0,0.02467,4971.0
1753531782533,12:09:42.533,ARC/USDT:USDT,0.02462,1442.0,0.02461,3736.0,0.02466,3533.0,0.02467,4971.0
1753531783338,12:09:43.338,ARC/USDT:USDT,0.02462,1314.0,0.02461,3736.0,0.02466,3533.0,0.02467,4971.0
1753531783445,12:09:43.445,ARC/USDT:USDT,0.02462,1314.0,0.02461,3736.0,0.02466,3533.0,0.02467,4971.0
1753531783634,12:09:43.634,ARC/USDT:USDT,0.02462,1314.0,0.02461,3736.0,0.02466,3533.0,0.02467,4971.0
1753531783747,12:09:43.747,ARC/USDT:USDT,0.02462,1314.0,0.02461,2689.0,0.02465,4123.0,0.02466,3533.0
1753531783822,12:09:43.822,ARC/USDT:USDT,0.02462,1314.0,0.02461,2689.0,0.02465,4148.0,0.02466,3533.0
1753531783920,12:09:43.920,ARC/USDT:USDT,0.02462,500.0,0.02461,2689.0,0.02465,4148.0,0.02466,3533.0
1753531784048,12:09:44.048,ARC/USDT:USDT,0.02462,500.0,0.02461,2689.0,0.02465,4148.0,0.02466,3533.0
1753531784672,12:09:44.672,ARC/USDT:USDT,0.02462,500.0,0.02461,2561.0,0.02465,4148.0,0.02466,3533.0
1753531784936,12:09:44.936,ARC/USDT:USDT,0.02462,500.0,0.02461,2561.0,0.02465,4148.0,0.02466,3533.0
1753531785100,12:09:45.100,ARC/USDT:USDT,0.02462,500.0,0.02461,2561.0,0.02465,4148.0,0.02466,3533.0
1753531785310,12:09:45.310,ARC/USDT:USDT,0.02462,500.0,0.02461,2561.0,0.02465,4148.0,0.02466,3533.0
1753531785583,12:09:45.583,ARC/USDT:USDT,0.02462,525.0,0.02461,2561.0,0.02465,4148.0,0.02466,3533.0
1753531785899,12:09:45.899,ARC/USDT:USDT,0.02462,525.0,0.02461,2561.0,0.02465,4148.0,0.02466,3533.0
1753531786212,12:09:46.212,ARC/USDT:USDT,0.02462,525.0,0.02461,2689.0,0.02465,4123.0,0.02466,3533.0
1753531786466,12:09:46.466,ARC/USDT:USDT,0.02462,525.0,0.02461,2689.0,0.02465,4123.0,0.02466,3533.0
1753531788554,12:09:48.554,ARC/USDT:USDT,0.02462,525.0,0.02461,2689.0,0.02465,4123.0,0.02466,3533.0
1753531788608,12:09:48.608,ARC/USDT:USDT,0.02462,525.0,0.02461,2689.0,0.02465,4123.0,0.02466,3533.0
1753531789377,12:09:49.377,ARC/USDT:USDT,0.02462,525.0,0.02461,2689.0,0.02465,4123.0,0.02466,3533.0
1753531789849,12:09:49.849,ARC/USDT:USDT,0.02462,525.0,0.02461,2689.0,0.02465,4123.0,0.02466,3533.0
1753531791455,12:09:51.455,ARC/USDT:USDT,0.02462,500.0,0.02461,2561.0,0.02465,4123.0,0.02466,3533.0
1753531791546,12:09:51.546,ARC/USDT:USDT,0.02462,500.0,0.02461,500.0,0.02465,4123.0,0.02466,3533.0
1753531791611,12:09:51.611,ARC/USDT:USDT,0.02462,500.0,0.02461,500.0,0.02465,4123.0,0.02466,3533.0
1753531791831,12:09:51.831,ARC/USDT:USDT,0.02461,500.0,0.0246,1464.0,0.02465,5840.0,0.02466,3533.0
1753531791945,12:09:51.945,ARC/USDT:USDT,0.02461,500.0,0.0246,1464.0,0.02465,5840.0,0.02466,3533.0
1753531792093,12:09:52.093,ARC/USDT:USDT,0.02461,500.0,0.0246,1464.0,0.02465,5840.0,0.02466,3533.0
1753531792374,12:09:52.374,ARC/USDT:USDT,0.02461,500.0,0.0246,1464.0,0.02465,5840.0,0.02466,3533.0
1753531793629,12:09:53.629,ARC/USDT:USDT,0.02461,2561.0,0.0246,2869.0,0.02465,5340.0,0.02466,3533.0
1753531793711,12:09:53.711,ARC/USDT:USDT,0.02461,2561.0,0.0246,2871.0,0.02465,5340.0,0.02466,3533.0
1753531794110,12:09:54.110,ARC/USDT:USDT,0.02461,2561.0,0.0246,2871.0,0.02465,5340.0,0.02466,3533.0
1753531794735,12:09:54.735,ARC/USDT:USDT,0.02461,2561.0,0.0246,2871.0,0.02465,4123.0,0.02466,3533.0
1753531795277,12:09:55.277,ARC/USDT:USDT,0.02461,2561.0,0.0246,2871.0,0.02465,4123.0,0.02466,3533.0
1753531796124,12:09:56.124,ARC/USDT:USDT,0.02461,2689.0,0.0246,2871.0,0.02465,4123.0,0.02466,3533.0
1753531797526,12:09:57.526,ARC/USDT:USDT,0.02461,2689.0,0.0246,2871.0,0.02465,4123.0,0.02466,3533.0
1753531797866,12:09:57.866,ARC/USDT:USDT,0.02462,1103.0,0.02461,3678.0,0.02465,4123.0,0.02466,3533.0
1753531797926,12:09:57.926,ARC/USDT:USDT,0.02462,1103.0,0.02461,2771.0,0.02466,2561.0,0.02467,5471.0
1753531798050,12:09:58.050,ARC/USDT:USDT,0.02462,2058.0,0.02461,6894.0,0.02466,500.0,0.02467,5471.0
1753531798167,12:09:58.167,ARC/USDT:USDT,0.02462,2058.0,0.02461,6894.0,0.02466,2561.0,0.02467,5454.0
1753531798537,12:09:58.537,ARC/USDT:USDT,0.02462,2058.0,0.02461,6894.0,0.02466,2561.0,0.02467,5454.0
1753531798791,12:09:58.791,ARC/USDT:USDT,0.02462,2430.0,0.02461,6894.0,0.02466,2561.0,0.02467,5454.0
1753531798826,12:09:58.826,ARC/USDT:USDT,0.02462,1603.0,0.02461,2771.0,0.02466,2561.0,0.02467,5454.0
1753531799326,12:09:59.326,ARC/USDT:USDT,0.02462,2430.0,0.02461,6894.0,0.02466,2561.0,0.02467,5454.0
1753531799866,12:09:59.866,ARC/USDT:USDT,0.02462,2430.0,0.02461,6894.0,0.02466,2561.0,0.02467,5454.0
1753531800164,12:10:00.164,ARC/USDT:USDT,0.02462,2430.0,0.02461,6894.0,0.02466,2561.0,0.02467,5454.0
1753531800300,12:10:00.300,ARC/USDT:USDT,0.02462,2430.0,0.02461,2771.0,0.02466,2561.0,0.02467,5454.0
1753531800393,12:10:00.393,ARC/USDT:USDT,0.02462,1731.0,0.02461,6894.0,0.02466,1717.0,0.02467,5454.0
1753531800466,12:10:00.466,ARC/USDT:USDT,0.02462,2558.0,0.02461,6894.0,0.02466,500.0,0.02467,5454.0
1753531800540,12:10:00.540,ARC/USDT:USDT,0.02463,2094.0,0.02462,2558.0,0.02467,4623.0,0.02468,4028.0
1753531800709,12:10:00.709,ARC/USDT:USDT,0.02463,2094.0,0.02462,2558.0,0.02467,4623.0,0.02468,4028.0
1753531800847,12:10:00.847,ARC/USDT:USDT,0.02463,2094.0,0.02462,2558.0,0.02466,500.0,0.02467,4623.0
1753531800922,12:10:00.922,ARC/USDT:USDT,0.02462,2558.0,0.02461,6894.0,0.02466,2561.0,0.02467,4623.0
1753531801487,12:10:01.487,ARC/USDT:USDT,0.02463,2061.0,0.02462,2558.0,0.02466,500.0,0.02467,4623.0
1753531801552,12:10:01.552,ARC/USDT:USDT,0.02463,66.0,0.02462,2558.0,0.02466,2561.0,0.02467,4623.0
1753531801714,12:10:01.714,ARC/USDT:USDT,0.02463,566.0,0.02462,2558.0,0.02466,2561.0,0.02467,4623.0
1753531801879,12:10:01.879,ARC/USDT:USDT,0.02463,500.0,0.02462,2558.0,0.02466,2561.0,0.02467,4623.0
1753531802191,12:10:02.191,ARC/USDT:USDT,0.02463,500.0,0.02462,2558.0,0.02466,2561.0,0.02467,4623.0
1753531802287,12:10:02.287,ARC/USDT:USDT,0.02463,500.0,0.02462,1327.0,0.02466,2594.0,0.02467,5435.0
1753531802402,12:10:02.402,ARC/USDT:USDT,0.02463,500.0,0.02462,1327.0,0.02466,5135.0,0.02467,5435.0
1753531802745,12:10:02.745,ARC/USDT:USDT,0.02463,500.0,0.02462,1327.0,0.02466,5135.0,0.02467,5435.0
1753531803099,12:10:03.099,ARC/USDT:USDT,0.02462,1327.0,0.02461,2689.0,0.02466,5135.0,0.02467,5435.0
1753531803461,12:10:03.461,ARC/USDT:USDT,0.02462,827.0,0.02461,2689.0,0.02466,5135.0,0.02467,5435.0
1753531803553,12:10:03.553,ARC/USDT:USDT,0.02462,827.0,0.02461,2689.0,0.02466,5135.0,0.02467,5435.0
1753531803695,12:10:03.695,ARC/USDT:USDT,0.02462,827.0,0.02461,2689.0,0.02466,5135.0,0.02467,5435.0
1753531803746,12:10:03.746,ARC/USDT:USDT,0.02462,827.0,0.02461,2689.0,0.02466,5135.0,0.02467,5435.0
1753531803804,12:10:03.804,ARC/USDT:USDT,0.02462,827.0,0.02461,2689.0,0.02466,5135.0,0.02467,5435.0
1753531803953,12:10:03.953,ARC/USDT:USDT,0.02462,827.0,0.02461,2689.0,0.02466,5135.0,0.02467,5435.0
1753531804103,12:10:04.103,ARC/USDT:USDT,0.02462,827.0,0.02461,2689.0,0.02465,1816.0,0.02466,5184.0
1753531804172,12:10:04.172,ARC/USDT:USDT,0.02462,827.0,0.02461,2689.0,0.02465,8588.0,0.02466,3984.0
1753531804245,12:10:04.245,ARC/USDT:USDT,0.02462,827.0,0.02461,2689.0,0.02465,9066.0,0.02466,3984.0
1753531805442,12:10:05.442,ARC/USDT:USDT,0.02462,827.0,0.02461,2689.0,0.02465,9066.0,0.02466,3984.0
1753531805856,12:10:05.856,ARC/USDT:USDT,0.02462,827.0,0.02461,2689.0,0.02465,9066.0,0.02466,3984.0
1753531806262,12:10:06.262,ARC/USDT:USDT,0.02462,827.0,0.02461,2689.0,0.02465,4684.0,0.02466,3984.0
1753531806434,12:10:06.434,ARC/USDT:USDT,0.02462,827.0,0.02461,2689.0,0.02465,4206.0,0.02466,3984.0
1753531806517,12:10:06.517,ARC/USDT:USDT,0.02462,828.0,0.02461,2689.0,0.02465,4173.0,0.02466,3984.0
1753531807341,12:10:07.341,ARC/USDT:USDT,0.02462,828.0,0.02461,2689.0,0.02465,4173.0,0.02466,3984.0
1753531808484,12:10:08.484,ARC/USDT:USDT,0.02462,828.0,0.02461,2689.0,0.02465,4173.0,0.02466,3984.0
1753531808508,12:10:08.508,ARC/USDT:USDT,0.02462,828.0,0.02461,2689.0,0.02465,4173.0,0.02466,3984.0
1753531808787,12:10:08.787,ARC/USDT:USDT,0.02462,828.0,0.02461,2689.0,0.02465,1783.0,0.02466,3902.0
1753531808927,12:10:08.927,ARC/USDT:USDT,0.02462,828.0,0.02461,2689.0,0.02465,1783.0,0.02466,3902.0
1753531809523,12:10:09.523,ARC/USDT:USDT,0.02462,828.0,0.02461,2689.0,0.02465,1783.0,0.02466,3885.0
1753531809885,12:10:09.885,ARC/USDT:USDT,0.02462,828.0,0.02461,2689.0,0.02465,1783.0,0.02466,3885.0
1753531810385,12:10:10.385,ARC/USDT:USDT,0.02462,828.0,0.02461,2689.0,0.02465,500.0,0.02466,3885.0
1753531810515,12:10:10.515,ARC/USDT:USDT,0.02462,827.0,0.02461,2689.0,0.02465,500.0,0.02466,3885.0
1753531810614,12:10:10.614,ARC/USDT:USDT,0.02462,1327.0,0.02461,2689.0,0.02465,500.0,0.02466,3885.0
1753531812545,12:10:12.545,ARC/USDT:USDT,0.02462,1327.0,0.02461,2689.0,0.02465,500.0,0.02466,3885.0
1753531812620,12:10:12.620,ARC/USDT:USDT,0.02462,1327.0,0.02461,2689.0,0.02465,500.0,0.02466,3885.0
1753531812896,12:10:12.896,ARC/USDT:USDT,0.02462,1327.0,0.02461,2689.0,0.02465,500.0,0.02466,3885.0
1753531814898,12:10:14.898,ARC/USDT:USDT,0.02461,2561.0,0.0246,2871.0,0.02465,500.0,0.02466,3885.0
1753531814992,12:10:14.992,ARC/USDT:USDT,0.02461,2561.0,0.0246,2871.0,0.02465,4623.0,0.02466,3885.0
1753531815012,12:10:15.012,ARC/USDT:USDT,0.02461,2561.0,0.0246,2871.0,0.02465,4623.0,0.02466,3885.0
1753531815175,12:10:15.175,ARC/USDT:USDT,0.02461,2561.0,0.0246,2871.0,0.02465,5840.0,0.02466,3885.0
1753531815529,12:10:15.529,ARC/USDT:USDT,0.02461,500.0,0.0246,2871.0,0.02465,5840.0,0.02466,3885.0
1753531815610,12:10:15.610,ARC/USDT:USDT,0.02461,500.0,0.0246,2869.0,0.02465,5840.0,0.02466,3885.0
1753531816241,12:10:16.241,ARC/USDT:USDT,0.02461,500.0,0.0246,2869.0,0.02465,5840.0,0.02466,3885.0
1753531816320,12:10:16.320,ARC/USDT:USDT,0.02461,500.0,0.0246,2869.0,0.02465,5840.0,0.02466,3885.0
1753531816790,12:10:16.790,ARC/USDT:USDT,0.02461,500.0,0.0246,2869.0,0.02465,5840.0,0.02466,3885.0
1753531816898,12:10:16.898,ARC/USDT:USDT,0.02461,500.0,0.0246,2869.0,0.02465,5840.0,0.02466,3885.0
1753531817902,12:10:17.902,ARC/USDT:USDT,0.02461,500.0,0.0246,2869.0,0.02464,2561.0,0.02465,4623.0
1753531817940,12:10:17.940,ARC/USDT:USDT,0.02461,500.0,0.0246,2869.0,0.02464,2561.0,0.02465,4705.0
1753531818282,12:10:18.282,ARC/USDT:USDT,0.0246,1336.0,0.02459,2691.0,0.02464,4748.0,0.02465,5536.0
1753531818354,12:10:18.354,ARC/USDT:USDT,0.0246,1336.0,0.02459,2689.0,0.02464,4748.0,0.02465,5553.0
1753531818411,12:10:18.411,ARC/USDT:USDT,0.0246,1336.0,0.02459,2689.0,0.02464,4748.0,0.02465,5553.0
1753531818539,12:10:18.539,ARC/USDT:USDT,0.0246,1336.0,0.02459,2689.0,0.02464,4748.0,0.02465,5553.0
1753531818743,12:10:18.743,ARC/USDT:USDT,0.0246,1336.0,0.02459,2689.0,0.02464,4748.0,0.02465,5553.0
1753531818919,12:10:18.919,ARC/USDT:USDT,0.0246,1336.0,0.02459,2689.0,0.02464,4748.0,0.02465,5553.0
1753531819169,12:10:19.169,ARC/USDT:USDT,0.0246,1336.0,0.02459,2689.0,0.02464,4748.0,0.02465,5553.0
1753531819681,12:10:19.681,ARC/USDT:USDT,0.0246,1336.0,0.02459,2689.0,0.02464,4748.0,0.02465,5553.0
1753531819810,12:10:19.810,ARC/USDT:USDT,0.0246,1336.0,0.02459,2689.0,0.02464,4748.0,0.02465,5553.0
1753531820156,12:10:20.156,ARC/USDT:USDT,0.0246,1336.0,0.02459,2689.0,0.02464,4748.0,0.02465,5553.0
1753531821497,12:10:21.497,ARC/USDT:USDT,0.0246,1336.0,0.02459,2689.0,0.02463,500.0,0.02464,3530.0
1753531822243,12:10:22.243,ARC/USDT:USDT,0.0246,1336.0,0.02459,2689.0,0.02463,500.0,0.02464,3530.0
1753531822795,12:10:22.795,ARC/USDT:USDT,0.0246,5.0,0.02458,1760.0,0.02462,2709.0,0.02463,4705.0
1753531822858,12:10:22.858,ARC/USDT:USDT,0.0246,5.0,0.02458,1758.0,0.02462,2709.0,0.02463,5536.0
1753531823169,12:10:23.169,ARC/USDT:USDT,0.0246,5.0,0.02458,1758.0,0.02462,2709.0,0.02463,5536.0
1753531823213,12:10:23.213,ARC/USDT:USDT,0.0246,5.0,0.02458,1758.0,0.02462,3621.0,0.02463,5536.0
1753531823310,12:10:23.310,ARC/USDT:USDT,0.0246,5.0,0.02458,1758.0,0.02462,3621.0,0.02463,5553.0
1753531824866,12:10:24.866,ARC/USDT:USDT,0.0246,5.0,0.02458,2829.0,0.02462,3621.0,0.02463,5553.0
1753531825233,12:10:25.233,ARC/USDT:USDT,0.0246,5.0,0.02458,2829.0,0.02462,3621.0,0.02463,5553.0
1753531825780,12:10:25.780,ARC/USDT:USDT,0.0246,5.0,0.02459,2189.0,0.02463,517.0,0.02464,3530.0
1753531826103,12:10:26.103,ARC/USDT:USDT,0.0246,5.0,0.02459,2189.0,0.02463,533.0,0.02464,3530.0
1753531826307,12:10:26.307,ARC/USDT:USDT,0.0246,5.0,0.02459,2189.0,0.02463,533.0,0.02464,3530.0
1753531826452,12:10:26.452,ARC/USDT:USDT,0.0246,5.0,0.02459,2189.0,0.02463,533.0,0.02464,3530.0
1753531826528,12:10:26.528,ARC/USDT:USDT,0.0246,5.0,0.02459,2189.0,0.02463,533.0,0.02464,3530.0
1753531826975,12:10:26.975,ARC/USDT:USDT,0.0246,5.0,0.02458,2831.0,0.02462,3030.0,0.02463,5841.0
1753531827026,12:10:27.026,ARC/USDT:USDT,0.0246,5.0,0.02458,2829.0,0.02462,2127.0,0.02463,5679.0
1753531827295,12:10:27.295,ARC/USDT:USDT,0.0246,5.0,0.02458,2829.0,0.02462,2127.0,0.02463,5679.0
1753531827496,12:10:27.496,ARC/USDT:USDT,0.0246,5.0,0.02459,500.0,0.02462,3009.0,0.02463,4640.0
1753531827510,12:10:27.510,ARC/USDT:USDT,0.0246,5.0,0.02459,500.0,0.02462,3009.0,0.02463,4623.0
1753531827682,12:10:27.682,ARC/USDT:USDT,0.0246,5.0,0.02459,500.0,0.02462,3009.0,0.02463,4623.0
1753531828279,12:10:28.279,ARC/USDT:USDT,0.0246,5.0,0.02459,2561.0,0.02462,2061.0,0.02463,4623.0
1753531828321,12:10:28.321,ARC/USDT:USDT,0.0246,5.0,0.02459,2561.0,0.02462,2061.0,0.02463,4623.0
1753531828496,12:10:28.496,ARC/USDT:USDT,0.0246,5.0,0.02459,2561.0,0.02462,2127.0,0.02463,4623.0
1753531828511,12:10:28.511,ARC/USDT:USDT,0.0246,5.0,0.02459,2561.0,0.02462,2127.0,0.02463,4623.0
1753531828646,12:10:28.646,ARC/USDT:USDT,0.0246,5.0,0.02459,2561.0,0.02462,2127.0,0.02463,5667.0
1753531828901,12:10:28.901,ARC/USDT:USDT,0.0246,5.0,0.02459,2561.0,0.02462,2127.0,0.02463,5667.0
1753531828977,12:10:28.977,ARC/USDT:USDT,0.0246,5.0,0.02459,2561.0,0.02462,2127.0,0.02463,5667.0
1753531829296,12:10:29.296,ARC/USDT:USDT,0.0246,5.0,0.02459,2561.0,0.02462,2127.0,0.02463,5667.0
1753531829479,12:10:29.479,ARC/USDT:USDT,0.0246,5.0,0.02459,2561.0,0.02462,2127.0,0.02463,4623.0
1753531829526,12:10:29.526,ARC/USDT:USDT,0.0246,5.0,0.02459,2561.0,0.02462,2127.0,0.02463,5667.0
1753531830001,12:10:30.001,ARC/USDT:USDT,0.0246,5.0,0.02459,2561.0,0.02462,2094.0,0.02463,4623.0
1753531830036,12:10:30.036,ARC/USDT:USDT,0.0246,5.0,0.02459,2561.0,0.02462,2094.0,0.02463,4623.0
1753531830107,12:10:30.107,ARC/USDT:USDT,0.0246,5.0,0.02459,2561.0,0.02462,2127.0,0.02463,4623.0
1753531830674,12:10:30.674,ARC/USDT:USDT,0.0246,5.0,0.02459,2561.0,0.02462,2127.0,0.02463,4623.0
1753531830967,12:10:30.967,ARC/USDT:USDT,0.0246,5.0,0.02459,2561.0,0.02463,4623.0,0.02464,3547.0
1753531831009,12:10:31.009,ARC/USDT:USDT,0.0246,5.0,0.02459,2561.0,0.02463,5526.0,0.02464,3547.0
1753531831315,12:10:31.315,ARC/USDT:USDT,0.0246,5.0,0.02459,2561.0,0.02463,5526.0,0.02464,3547.0
1753531831483,12:10:31.483,ARC/USDT:USDT,0.0246,5.0,0.02459,2561.0,0.02462,903.0,0.02463,4623.0
1753531831526,12:10:31.526,ARC/USDT:USDT,0.0246,5.0,0.02459,2561.0,0.02463,5667.0,0.02464,4450.0
1753531831626,12:10:31.626,ARC/USDT:USDT,0.0246,5.0,0.02459,2561.0,0.02463,5526.0,0.02464,3547.0
1753531831894,12:10:31.894,ARC/USDT:USDT,0.0246,5.0,0.02459,2561.0,0.02462,903.0,0.02463,4623.0
1753531831910,12:10:31.910,ARC/USDT:USDT,0.0246,5.0,0.02459,2561.0,0.02462,1469.0,0.02463,4623.0
1753531832509,12:10:32.509,ARC/USDT:USDT,0.0246,5.0,0.02459,2561.0,0.02462,1436.0,0.02463,4623.0
1753531832875,12:10:32.875,ARC/USDT:USDT,0.0246,5.0,0.02459,2561.0,0.02462,1403.0,0.02463,4623.0
1753531832929,12:10:32.929,ARC/USDT:USDT,0.0246,5.0,0.02459,2561.0,0.02462,1403.0,0.02463,4623.0
1753531833037,12:10:33.037,ARC/USDT:USDT,0.0246,5.0,0.02459,2561.0,0.02462,1403.0,0.02463,4623.0
1753531833570,12:10:33.570,ARC/USDT:USDT,0.0246,5.0,0.02459,2561.0,0.02462,1469.0,0.02463,4623.0
1753531833694,12:10:33.694,ARC/USDT:USDT,0.0246,5.0,0.02459,500.0,0.02462,3530.0,0.02463,4623.0
1753531833749,12:10:33.749,ARC/USDT:USDT,0.0246,5.0,0.02458,1571.0,0.02462,4917.0,0.02463,4623.0
1753531834468,12:10:34.468,ARC/USDT:USDT,0.0246,5.0,0.02458,1571.0,0.02462,4917.0,0.02463,4623.0
1753531834545,12:10:34.545,ARC/USDT:USDT,0.0246,5.0,0.02458,1571.0,0.02462,4917.0,0.02463,4623.0
1753531834968,12:10:34.968,ARC/USDT:USDT,0.0246,5.0,0.02458,1571.0,0.02462,4917.0,0.02463,4623.0
1753531835100,12:10:35.100,ARC/USDT:USDT,0.02458,1604.0,0.02457,2691.0,0.02461,500.0,0.02462,4851.0
1753531835173,12:10:35.173,ARC/USDT:USDT,0.02459,2.0,0.02458,1571.0,0.0246,920.0,0.02461,500.0
1753531835400,12:10:35.400,ARC/USDT:USDT,0.02459,2.0,0.02458,1571.0,0.0246,920.0,0.02461,500.0
1753531835411,12:10:35.411,ARC/USDT:USDT,0.02459,2.0,0.02458,1571.0,0.0246,920.0,0.02461,500.0
1753531835654,12:10:35.654,ARC/USDT:USDT,0.02459,2.0,0.02458,1571.0,0.0246,920.0,0.02461,500.0
1753531835782,12:10:35.782,ARC/USDT:USDT,0.02459,2.0,0.02458,1571.0,0.0246,920.0,0.02461,500.0
1753531835875,12:10:35.875,ARC/USDT:USDT,0.02459,2.0,0.02458,1571.0,0.02461,919.0,0.02462,4030.0
1753531835987,12:10:35.987,ARC/USDT:USDT,0.02459,17.0,0.02458,1571.0,0.02461,66.0,0.02462,4030.0
1753531836010,12:10:36.010,ARC/USDT:USDT,0.02459,17.0,0.02458,1571.0,0.02461,67.0,0.02462,4030.0
1753531836198,12:10:36.198,ARC/USDT:USDT,0.02459,17.0,0.02458,1571.0,0.02461,67.0,0.02462,4030.0
1753531836228,12:10:36.228,ARC/USDT:USDT,0.02459,17.0,0.02458,1571.0,0.02461,920.0,0.02462,4030.0
1753531836328,12:10:36.328,ARC/USDT:USDT,0.02459,17.0,0.02458,1571.0,0.02461,66.0,0.02462,4030.0
1753531836427,12:10:36.427,ARC/USDT:USDT,0.02459,17.0,0.02458,1571.0,0.02461,920.0,0.02462,4030.0
1753531836568,12:10:36.568,ARC/USDT:USDT,0.02459,17.0,0.02458,1571.0,0.02461,919.0,0.02462,4030.0
1753531836667,12:10:36.667,ARC/USDT:USDT,0.02459,17.0,0.02458,1571.0,0.02461,66.0,0.02462,4030.0
1753531836767,12:10:36.767,ARC/USDT:USDT,0.02459,17.0,0.02458,1571.0,0.02461,920.0,0.02462,4030.0
1753531836810,12:10:36.810,ARC/USDT:USDT,0.02459,17.0,0.02458,1571.0,0.02461,919.0,0.02462,4030.0
1753531837049,12:10:37.049,ARC/USDT:USDT,0.02459,17.0,0.02458,1571.0,0.02461,919.0,0.02462,4030.0
1753531837136,12:10:37.136,ARC/USDT:USDT,0.02459,17.0,0.02458,1571.0,0.02461,919.0,0.02462,4030.0
1753531837265,12:10:37.265,ARC/USDT:USDT,0.02459,17.0,0.02458,1571.0,0.02461,919.0,0.02462,4030.0
1753531837357,12:10:37.357,ARC/USDT:USDT,0.02459,17.0,0.02458,500.0,0.02461,566.0,0.02462,4030.0
1753531837495,12:10:37.495,ARC/USDT:USDT,0.02458,17.0,0.02457,2563.0,0.02461,4690.0,0.02462,4030.0
1753531837602,12:10:37.602,ARC/USDT:USDT,0.02458,17.0,0.02457,2563.0,0.02461,6762.0,0.02462,4030.0
1753531837628,12:10:37.628,ARC/USDT:USDT,0.02458,17.0,0.02457,2563.0,0.02461,6762.0,0.02462,4030.0
1753531837706,12:10:37.706,ARC/USDT:USDT,0.02458,17.0,0.02457,2563.0,0.02461,6762.0,0.02462,4030.0
1753531837828,12:10:37.828,ARC/USDT:USDT,0.02458,17.0,0.02457,2563.0,0.02461,6762.0,0.02462,4030.0
1753531838202,12:10:38.202,ARC/USDT:USDT,0.02458,17.0,0.02457,2563.0,0.02461,6762.0,0.02462,4030.0
1753531838244,12:10:38.244,ARC/USDT:USDT,0.02458,17.0,0.02457,2563.0,0.02461,6762.0,0.02462,4030.0
1753531839394,12:10:39.394,ARC/USDT:USDT,0.02458,17.0,0.02457,2563.0,0.02461,5909.0,0.02462,4030.0
1753531839955,12:10:39.955,ARC/USDT:USDT,0.02458,17.0,0.02457,2563.0,0.02461,5909.0,0.02462,4030.0
1753531840194,12:10:40.194,ARC/USDT:USDT,0.02458,17.0,0.02457,2563.0,0.02461,5909.0,0.02462,4030.0
1753531840501,12:10:40.501,ARC/USDT:USDT,0.02455,128.0,0.02454,1881.0,0.0246,2061.0,0.02461,5909.0
1753531840568,12:10:40.568,ARC/USDT:USDT,0.02454,3942.0,0.02453,6676.0,0.02459,500.0,0.0246,2561.0
1753531840699,12:10:40.699,ARC/USDT:USDT,0.02454,3942.0,0.02453,6676.0,0.02459,500.0,0.0246,4236.0
1753531840802,12:10:40.802,ARC/USDT:USDT,0.02454,3942.0,0.02453,6676.0,0.02459,500.0,0.0246,4236.0
1753531840832,12:10:40.832,ARC/USDT:USDT,0.02455,517.0,0.02454,4442.0,0.02459,623.0,0.0246,4236.0
1753531840943,12:10:40.943,ARC/USDT:USDT,0.02455,502.0,0.02454,4442.0,0.02459,623.0,0.0246,4236.0
1753531841099,12:10:41.099,ARC/USDT:USDT,0.02455,502.0,0.02454,4442.0,0.02459,4746.0,0.0246,4236.0
1753531841172,12:10:41.172,ARC/USDT:USDT,0.02455,502.0,0.02454,4442.0,0.02459,4746.0,0.0246,4236.0
1753531841268,12:10:41.268,ARC/USDT:USDT,0.02455,502.0,0.02454,4442.0,0.02459,4746.0,0.0246,4236.0
1753531841310,12:10:41.310,ARC/USDT:USDT,0.02455,502.0,0.02454,4442.0,0.02459,4746.0,0.0246,4236.0
1753531841410,12:10:41.410,ARC/USDT:USDT,0.02455,502.0,0.02454,4442.0,0.02459,623.0,0.0246,4236.0
1753531841517,12:10:41.517,ARC/USDT:USDT,0.02455,502.0,0.02454,4442.0,0.02459,623.0,0.0246,4236.0
1753531841683,12:10:41.683,ARC/USDT:USDT,0.02455,502.0,0.02454,4442.0,0.02459,623.0,0.0246,4236.0
1753531841757,12:10:41.757,ARC/USDT:USDT,0.02456,2127.0,0.02455,630.0,0.02459,623.0,0.0246,4236.0
1753531841814,12:10:41.814,ARC/USDT:USDT,0.02457,2.0,0.02456,2127.0,0.02459,623.0,0.0246,4236.0
1753531841936,12:10:41.936,ARC/USDT:USDT,0.02457,2.0,0.02456,2127.0,0.02459,623.0,0.0246,4236.0
1753531842103,12:10:42.103,ARC/USDT:USDT,0.02454,500.0,0.02453,805.0,0.02457,4123.0,0.02458,2561.0
1753531842190,12:10:42.190,ARC/USDT:USDT,0.02454,500.0,0.02453,628.0,0.02458,3760.0,0.02459,5536.0
1753531842301,12:10:42.301,ARC/USDT:USDT,0.02454,550.0,0.02453,628.0,0.02457,2.0,0.02459,5454.0
1753531842360,12:10:42.360,ARC/USDT:USDT,0.02454,711.0,0.02453,628.0,0.02458,2063.0,0.02459,5454.0
1753531842410,12:10:42.410,ARC/USDT:USDT,0.02454,711.0,0.02453,628.0,0.02458,2063.0,0.02459,5454.0
1753531842568,12:10:42.568,ARC/USDT:USDT,0.02455,2061.0,0.02454,711.0,0.02458,2063.0,0.02459,5454.0
1753531842611,12:10:42.611,ARC/USDT:USDT,0.02456,17.0,0.02455,2061.0,0.02458,2063.0,0.02459,5454.0
1753531842776,12:10:42.776,ARC/USDT:USDT,0.02456,17.0,0.02455,2061.0,0.02458,2061.0,0.02459,5454.0
1753531843093,12:10:43.093,ARC/USDT:USDT,0.02456,17.0,0.02455,2061.0,0.02458,2061.0,0.02459,5487.0
1753531843291,12:10:43.291,ARC/USDT:USDT,0.02456,17.0,0.02455,2061.0,0.02459,5487.0,0.0246,4364.0
1753531843395,12:10:43.395,ARC/USDT:USDT,0.02456,17.0,0.02455,2061.0,0.02458,2.0,0.02459,5487.0
1753531843447,12:10:43.447,ARC/USDT:USDT,0.02456,17.0,0.02455,2061.0,0.02458,2.0,0.02459,5520.0
1753531843550,12:10:43.550,ARC/USDT:USDT,0.02456,17.0,0.02455,2061.0,0.02458,2.0,0.02459,5520.0
1753531843628,12:10:43.628,ARC/USDT:USDT,0.02456,17.0,0.02455,2061.0,0.02458,2.0,0.02459,5520.0
1753531843994,12:10:43.994,ARC/USDT:USDT,0.02456,17.0,0.02455,2061.0,0.02458,2.0,0.02459,5520.0
1753531844145,12:10:44.145,ARC/USDT:USDT,0.02456,17.0,0.02455,2061.0,0.02458,2.0,0.02459,5520.0
1753531844496,12:10:44.496,ARC/USDT:USDT,0.02456,50.0,0.02455,2061.0,0.02458,2.0,0.02459,4623.0
1753531844587,12:10:44.587,ARC/USDT:USDT,0.02456,83.0,0.02455,2222.0,0.02458,2.0,0.0246,4236.0
1753531844693,12:10:44.693,ARC/USDT:USDT,0.02456,83.0,0.02455,2222.0,0.02459,2.0,0.0246,2061.0
1753531844768,12:10:44.768,ARC/USDT:USDT,0.02456,83.0,0.02455,2222.0,0.02459,2.0,0.02461,5454.0
1753531844867,12:10:44.867,ARC/USDT:USDT,0.02456,83.0,0.02455,2222.0,0.0246,2.0,0.02461,5454.0
1753531844953,12:10:44.953,ARC/USDT:USDT,0.02456,83.0,0.02455,2222.0,0.0246,2.0,0.02461,5454.0
1753531845090,12:10:45.090,ARC/USDT:USDT,0.02456,83.0,0.02455,2222.0,0.0246,2063.0,0.02461,5454.0
1753531845110,12:10:45.110,ARC/USDT:USDT,0.02456,83.0,0.02455,2222.0,0.0246,2063.0,0.02461,5454.0
1753531845233,12:10:45.233,ARC/USDT:USDT,0.02456,583.0,0.02455,2222.0,0.0246,2063.0,0.02461,5454.0
1753531845315,12:10:45.315,ARC/USDT:USDT,0.02456,583.0,0.02455,2222.0,0.0246,2063.0,0.02461,5454.0
1753531845412,12:10:45.412,ARC/USDT:USDT,0.02456,583.0,0.02455,2222.0,0.0246,2063.0,0.02461,5454.0
1753531845511,12:10:45.511,ARC/USDT:USDT,0.02456,583.0,0.02455,2222.0,0.0246,2063.0,0.02461,5454.0
1753531845610,12:10:45.610,ARC/USDT:USDT,0.02456,583.0,0.02455,2222.0,0.0246,2063.0,0.02461,5454.0
1753531845711,12:10:45.711,ARC/USDT:USDT,0.02456,583.0,0.02455,2222.0,0.0246,2063.0,0.02461,5454.0
1753531845810,12:10:45.810,ARC/USDT:USDT,0.02456,583.0,0.02455,2222.0,0.0246,2063.0,0.02461,5454.0
1753531845987,12:10:45.987,ARC/USDT:USDT,0.02456,583.0,0.02455,2222.0,0.0246,2063.0,0.02461,5454.0
1753531846049,12:10:46.049,ARC/USDT:USDT,0.02457,2061.0,0.02456,583.0,0.0246,2063.0,0.02461,5454.0
1753531846158,12:10:46.158,ARC/USDT:USDT,0.02458,17.0,0.02457,2061.0,0.0246,2063.0,0.02461,5487.0
1753531846210,12:10:46.210,ARC/USDT:USDT,0.02458,17.0,0.02457,2061.0,0.0246,2061.0,0.02461,5487.0
1753531846376,12:10:46.376,ARC/USDT:USDT,0.02458,17.0,0.02457,2061.0,0.02461,5520.0,0.02462,4076.0
1753531846486,12:10:46.486,ARC/USDT:USDT,0.02458,17.0,0.02457,2061.0,0.0246,2.0,0.02461,5520.0
1753531846880,12:10:46.880,ARC/USDT:USDT,0.02458,50.0,0.02457,2061.0,0.0246,2.0,0.02461,4656.0
1753531846914,12:10:46.914,ARC/USDT:USDT,0.02458,50.0,0.02457,2061.0,0.0246,2.0,0.02461,4656.0
1753531847056,12:10:47.056,ARC/USDT:USDT,0.02458,83.0,0.02457,2094.0,0.0246,2.0,0.02461,4623.0
1753531847172,12:10:47.172,ARC/USDT:USDT,0.02458,83.0,0.02457,2094.0,0.0246,2.0,0.02461,4623.0
1753531847300,12:10:47.300,ARC/USDT:USDT,0.02458,83.0,0.02457,2094.0,0.0246,2.0,0.02461,4623.0
1753531847310,12:10:47.310,ARC/USDT:USDT,0.02458,83.0,0.02457,2094.0,0.0246,2.0,0.02461,4623.0
1753531847468,12:10:47.468,ARC/USDT:USDT,0.02458,83.0,0.02457,2094.0,0.0246,2.0,0.02461,4623.0
1753531847524,12:10:47.524,ARC/USDT:USDT,0.02458,50.0,0.02457,2094.0,0.0246,2.0,0.02461,4623.0
1753531847618,12:10:47.618,ARC/USDT:USDT,0.02458,50.0,0.02457,2094.0,0.0246,2.0,0.02461,4656.0
1753531847710,12:10:47.710,ARC/USDT:USDT,0.02458,50.0,0.02457,2094.0,0.0246,2.0,0.02461,4656.0
1753531847813,12:10:47.813,ARC/USDT:USDT,0.02458,50.0,0.02457,2094.0,0.0246,2.0,0.02461,4656.0
1753531847912,12:10:47.912,ARC/USDT:USDT,0.02458,17.0,0.02457,2094.0,0.0246,2.0,0.02461,4656.0
1753531848073,12:10:48.073,ARC/USDT:USDT,0.02458,50.0,0.02457,2094.0,0.0246,2.0,0.02461,4623.0
1753531848111,12:10:48.111,ARC/USDT:USDT,0.02458,50.0,0.02457,2094.0,0.0246,2.0,0.02461,4623.0
1753531848211,12:10:48.211,ARC/USDT:USDT,0.02458,50.0,0.02457,2094.0,0.0246,2.0,0.02461,4623.0
1753531848386,12:10:48.386,ARC/USDT:USDT,0.02458,83.0,0.02457,2061.0,0.0246,2.0,0.02461,500.0
1753531848414,12:10:48.414,ARC/USDT:USDT,0.02458,83.0,0.02457,2189.0,0.02461,502.0,0.02462,3948.0
1753531848545,12:10:48.545,ARC/USDT:USDT,0.02458,83.0,0.02457,2189.0,0.02461,502.0,0.02462,3948.0
1753531848610,12:10:48.610,ARC/USDT:USDT,0.02458,83.0,0.02457,2189.0,0.02461,502.0,0.02462,3948.0
1753531848711,12:10:48.711,ARC/USDT:USDT,0.02458,83.0,0.02457,2189.0,0.02461,502.0,0.02462,3948.0
1753531848810,12:10:48.810,ARC/USDT:USDT,0.02458,83.0,0.02457,2189.0,0.02461,502.0,0.02462,3948.0
1753531848937,12:10:48.937,ARC/USDT:USDT,0.02458,83.0,0.02457,2189.0,0.02461,502.0,0.02462,3948.0
1753531849010,12:10:49.010,ARC/USDT:USDT,0.02458,83.0,0.02457,2189.0,0.02461,502.0,0.02462,3948.0
1753531849110,12:10:49.110,ARC/USDT:USDT,0.02458,83.0,0.02457,2189.0,0.02461,502.0,0.02462,3948.0
1753531849210,12:10:49.210,ARC/USDT:USDT,0.02458,83.0,0.02457,2189.0,0.02461,502.0,0.02462,3948.0
1753531849353,12:10:49.353,ARC/USDT:USDT,0.02458,83.0,0.02457,2189.0,0.02461,502.0,0.02462,3948.0
1753531849411,12:10:49.411,ARC/USDT:USDT,0.02458,83.0,0.02457,2189.0,0.02461,502.0,0.02462,3948.0
1753531849563,12:10:49.563,ARC/USDT:USDT,0.02458,17.0,0.02457,2061.0,0.02461,4691.0,0.02462,3948.0
1753531849614,12:10:49.614,ARC/USDT:USDT,0.02458,17.0,0.02457,2061.0,0.02461,4691.0,0.02462,3948.0
1753531850029,12:10:50.029,ARC/USDT:USDT,0.02458,83.0,0.02457,2061.0,0.02461,4625.0,0.02462,3948.0
1753531850110,12:10:50.110,ARC/USDT:USDT,0.02458,83.0,0.02457,2061.0,0.02461,4625.0,0.02462,3948.0
1753531850287,12:10:50.287,ARC/USDT:USDT,0.02458,83.0,0.02457,2061.0,0.02461,4625.0,0.02462,3948.0
1753531850311,12:10:50.311,ARC/USDT:USDT,0.02458,83.0,0.02457,2061.0,0.02461,4625.0,0.02462,3948.0
1753531850413,12:10:50.413,ARC/USDT:USDT,0.02458,83.0,0.02457,2061.0,0.02461,4625.0,0.02462,3948.0
1753531850510,12:10:50.510,ARC/USDT:USDT,0.02458,83.0,0.02457,2061.0,0.02461,4625.0,0.02462,3948.0
1753531850610,12:10:50.610,ARC/USDT:USDT,0.02458,83.0,0.02457,2061.0,0.02461,4625.0,0.02462,3948.0
1753531850710,12:10:50.710,ARC/USDT:USDT,0.02458,83.0,0.02457,2061.0,0.02461,4625.0,0.02462,3948.0
1753531850815,12:10:50.815,ARC/USDT:USDT,0.02458,83.0,0.02457,2061.0,0.02461,4625.0,0.02462,3948.0
1753531850911,12:10:50.911,ARC/USDT:USDT,0.02458,83.0,0.02457,2061.0,0.02461,4625.0,0.02462,3948.0
1753531851075,12:10:51.075,ARC/USDT:USDT,0.02458,83.0,0.02457,2189.0,0.02461,502.0,0.02462,3948.0
1753531851160,12:10:51.160,ARC/USDT:USDT,0.02458,583.0,0.02457,2271.0,0.02461,502.0,0.02462,3948.0
1753531851229,12:10:51.229,ARC/USDT:USDT,0.02458,583.0,0.02457,3721.0,0.02461,502.0,0.02462,2561.0
1753531851310,12:10:51.310,ARC/USDT:USDT,0.02458,583.0,0.02457,3721.0,0.02461,502.0,0.02462,2561.0
1753531851412,12:10:51.412,ARC/USDT:USDT,0.02458,583.0,0.02457,3721.0,0.02461,502.0,0.02462,2561.0
1753531851510,12:10:51.510,ARC/USDT:USDT,0.02458,583.0,0.02457,3721.0,0.02461,502.0,0.02462,2561.0
1753531851676,12:10:51.676,ARC/USDT:USDT,0.02458,583.0,0.02457,3721.0,0.02461,502.0,0.02462,2561.0
1753531851711,12:10:51.711,ARC/USDT:USDT,0.02458,583.0,0.02457,3721.0,0.02461,502.0,0.02462,2561.0
1753531851811,12:10:51.811,ARC/USDT:USDT,0.02458,583.0,0.02457,3721.0,0.02461,502.0,0.02462,2561.0
1753531851913,12:10:51.913,ARC/USDT:USDT,0.02458,583.0,0.02457,3721.0,0.02461,502.0,0.02462,2561.0
1753531852027,12:10:52.027,ARC/USDT:USDT,0.02458,583.0,0.02457,3721.0,0.02461,2.0,0.02462,2561.0
1753531852167,12:10:52.167,ARC/USDT:USDT,0.02458,1414.0,0.02457,4221.0,0.02461,2.0,0.02462,2561.0
1753531854676,12:10:54.676,ARC/USDT:USDT,0.02458,1414.0,0.02457,4221.0,0.02461,2.0,0.02462,2561.0
1753531855138,12:10:55.138,ARC/USDT:USDT,0.02458,1414.0,0.02457,4221.0,0.02461,2.0,0.02462,2561.0
1753531856692,12:10:56.692,ARC/USDT:USDT,0.02458,1414.0,0.02457,4221.0,0.02461,2.0,0.02462,2561.0
1753531857503,12:10:57.503,ARC/USDT:USDT,0.02458,1414.0,0.02457,4221.0,0.02461,2.0,0.02462,2561.0
1753531857586,12:10:57.586,ARC/USDT:USDT,0.02459,2127.0,0.02458,1348.0,0.02461,2.0,0.02462,500.0
1753531857664,12:10:57.664,ARC/USDT:USDT,0.02459,2127.0,0.02458,1331.0,0.02462,502.0,0.02463,4623.0
1753531857752,12:10:57.752,ARC/USDT:USDT,0.0246,17.0,0.02459,2094.0,0.02462,502.0,0.02463,4623.0
1753531857903,12:10:57.903,ARC/USDT:USDT,0.0246,17.0,0.02459,2094.0,0.02462,502.0,0.02463,4623.0
1753531857997,12:10:57.997,ARC/USDT:USDT,0.0246,50.0,0.02459,2061.0,0.02462,502.0,0.02463,4623.0
1753531858086,12:10:58.086,ARC/USDT:USDT,0.0246,83.0,0.02459,2061.0,0.02462,502.0,0.02463,4623.0
1753531858156,12:10:58.156,ARC/USDT:USDT,0.0246,17.0,0.02459,2061.0,0.02462,535.0,0.02463,4623.0
1753531858223,12:10:58.223,ARC/USDT:USDT,0.0246,17.0,0.02459,2061.0,0.02462,502.0,0.02463,4623.0
1753531858310,12:10:58.310,ARC/USDT:USDT,0.0246,17.0,0.02459,2061.0,0.02462,502.0,0.02463,4623.0
1753531858410,12:10:58.410,ARC/USDT:USDT,0.0246,17.0,0.02459,2061.0,0.02462,502.0,0.02463,4623.0
1753531858526,12:10:58.526,ARC/USDT:USDT,0.0246,17.0,0.02459,2061.0,0.02462,535.0,0.02463,4623.0
1753531858622,12:10:58.622,ARC/USDT:USDT,0.0246,17.0,0.02459,2061.0,0.02462,568.0,0.02463,4623.0
1753531858710,12:10:58.710,ARC/USDT:USDT,0.0246,17.0,0.02459,2061.0,0.02462,568.0,0.02463,4623.0
1753531858810,12:10:58.810,ARC/USDT:USDT,0.0246,17.0,0.02459,2061.0,0.02462,568.0,0.02463,4623.0
1753531858910,12:10:58.910,ARC/USDT:USDT,0.0246,17.0,0.02459,2061.0,0.02462,568.0,0.02463,4623.0
1753531859050,12:10:59.050,ARC/USDT:USDT,0.0246,17.0,0.02459,2061.0,0.02462,502.0,0.02463,4623.0
1753531859158,12:10:59.158,ARC/USDT:USDT,0.0246,17.0,0.02459,2061.0,0.02462,502.0,0.02463,4623.0
1753531859261,12:10:59.261,ARC/USDT:USDT,0.0246,17.0,0.02459,2061.0,0.02462,502.0,0.02463,4623.0
1753531859340,12:10:59.340,ARC/USDT:USDT,0.0246,17.0,0.02459,2061.0,0.02462,502.0,0.02463,4623.0
1753531859426,12:10:59.426,ARC/USDT:USDT,0.0246,17.0,0.02459,2061.0,0.02462,535.0,0.02463,4623.0
1753531859527,12:10:59.527,ARC/USDT:USDT,0.0246,17.0,0.02459,2061.0,0.02462,568.0,0.02463,4623.0
1753531859610,12:10:59.610,ARC/USDT:USDT,0.0246,17.0,0.02459,2061.0,0.02462,568.0,0.02463,4623.0
1753531859712,12:10:59.712,ARC/USDT:USDT,0.0246,17.0,0.02459,2061.0,0.02462,568.0,0.02463,4623.0
1753531859810,12:10:59.810,ARC/USDT:USDT,0.0246,17.0,0.02459,2061.0,0.02462,568.0,0.02463,4623.0
1753531859910,12:10:59.910,ARC/USDT:USDT,0.0246,17.0,0.02459,2061.0,0.02462,568.0,0.02463,4623.0
1753531860025,12:11:00.025,ARC/USDT:USDT,0.0246,17.0,0.02459,2061.0,0.02462,502.0,0.02463,4623.0
1753531860171,12:11:00.171,ARC/USDT:USDT,0.0246,17.0,0.02459,2061.0,0.02462,568.0,0.02463,4623.0
1753531860272,12:11:00.272,ARC/USDT:USDT,0.0246,83.0,0.02459,2061.0,0.02462,2.0,0.02463,4623.0
1753531860313,12:11:00.313,ARC/USDT:USDT,0.0246,83.0,0.02459,2061.0,0.02462,2.0,0.02463,4623.0
1753531860484,12:11:00.484,ARC/USDT:USDT,0.0246,83.0,0.02459,3614.0,0.02462,2.0,0.02463,500.0
1753531860559,12:11:00.559,ARC/USDT:USDT,0.0246,83.0,0.02459,3614.0,0.02463,2.0,0.02464,2563.0
1753531860632,12:11:00.632,ARC/USDT:USDT,0.0246,83.0,0.02459,3614.0,0.02463,2.0,0.02464,2563.0
1753531860710,12:11:00.710,ARC/USDT:USDT,0.0246,83.0,0.02459,3614.0,0.02463,2.0,0.02464,2563.0
1753531860810,12:11:00.810,ARC/USDT:USDT,0.0246,83.0,0.02459,3614.0,0.02463,2.0,0.02464,2563.0
1753531860910,12:11:00.910,ARC/USDT:USDT,0.0246,83.0,0.02459,3614.0,0.02463,2.0,0.02464,2563.0
1753531861046,12:11:01.046,ARC/USDT:USDT,0.0246,583.0,0.02459,3614.0,0.02463,2.0,0.02464,2563.0
1753531861122,12:11:01.122,ARC/USDT:USDT,0.0246,583.0,0.02459,3614.0,0.02463,2.0,0.02464,2063.0
1753531861210,12:11:01.210,ARC/USDT:USDT,0.0246,583.0,0.02459,3614.0,0.02463,2.0,0.02464,2063.0
1753531861310,12:11:01.310,ARC/USDT:USDT,0.0246,583.0,0.02459,3614.0,0.02463,2.0,0.02464,2063.0
1753531861450,12:11:01.450,ARC/USDT:USDT,0.0246,583.0,0.02459,3614.0,0.02463,2.0,0.02464,2063.0
1753531861510,12:11:01.510,ARC/USDT:USDT,0.0246,583.0,0.02459,3614.0,0.02463,2.0,0.02464,2063.0
1753531861610,12:11:01.610,ARC/USDT:USDT,0.0246,583.0,0.02459,3614.0,0.02463,2.0,0.02464,2063.0
1753531861717,12:11:01.717,ARC/USDT:USDT,0.0246,583.0,0.02459,3614.0,0.02463,2.0,0.02464,2063.0
1753531861811,12:11:01.811,ARC/USDT:USDT,0.0246,583.0,0.02459,3614.0,0.02463,2.0,0.02464,2063.0
1753531861911,12:11:01.911,ARC/USDT:USDT,0.0246,583.0,0.02459,3614.0,0.02463,2.0,0.02464,2063.0
1753531862034,12:11:02.034,ARC/USDT:USDT,0.0246,583.0,0.02459,4114.0,0.02463,2.0,0.02464,2063.0
1753531862111,12:11:02.111,ARC/USDT:USDT,0.0246,583.0,0.02459,4114.0,0.02463,2.0,0.02464,2063.0
1753531862256,12:11:02.256,ARC/USDT:USDT,0.0246,583.0,0.02459,4114.0,0.02463,2.0,0.02464,2063.0
1753531862310,12:11:02.310,ARC/USDT:USDT,0.0246,583.0,0.02459,4114.0,0.02463,2.0,0.02464,2063.0
1753531862410,12:11:02.410,ARC/USDT:USDT,0.0246,583.0,0.02459,4114.0,0.02463,2.0,0.02464,2063.0
1753531862512,12:11:02.512,ARC/USDT:USDT,0.0246,583.0,0.02459,4114.0,0.02463,2.0,0.02464,2063.0
1753531862611,12:11:02.611,ARC/USDT:USDT,0.0246,583.0,0.02459,4114.0,0.02463,2.0,0.02464,2063.0
1753531862719,12:11:02.719,ARC/USDT:USDT,0.0246,583.0,0.02459,4114.0,0.02463,2.0,0.02464,2063.0
1753531862810,12:11:02.810,ARC/USDT:USDT,0.0246,583.0,0.02459,4114.0,0.02463,2.0,0.02464,2063.0
1753531862981,12:11:02.981,ARC/USDT:USDT,0.0246,583.0,0.02459,4114.0,0.02463,35.0,0.02464,2063.0
1753531863027,12:11:03.027,ARC/USDT:USDT,0.0246,583.0,0.02459,4114.0,0.02463,2.0,0.02464,2063.0
1753531863110,12:11:03.110,ARC/USDT:USDT,0.0246,583.0,0.02459,4114.0,0.02463,2.0,0.02464,2063.0
1753531863283,12:11:03.283,ARC/USDT:USDT,0.0246,583.0,0.02459,4114.0,0.02463,2.0,0.02464,2063.0
1753531863338,12:11:03.338,ARC/USDT:USDT,0.0246,583.0,0.02459,4114.0,0.02463,35.0,0.02464,2063.0
1753531863413,12:11:03.413,ARC/USDT:USDT,0.0246,583.0,0.02459,4114.0,0.02463,35.0,0.02464,2063.0
1753531863510,12:11:03.510,ARC/USDT:USDT,0.0246,583.0,0.02459,4114.0,0.02463,35.0,0.02464,2063.0
1753531863610,12:11:03.610,ARC/USDT:USDT,0.0246,583.0,0.02459,4114.0,0.02463,35.0,0.02464,2063.0
1753531863711,12:11:03.711,ARC/USDT:USDT,0.0246,583.0,0.02459,4114.0,0.02463,35.0,0.02464,2063.0
1753531863810,12:11:03.810,ARC/USDT:USDT,0.0246,583.0,0.02459,4114.0,0.02463,35.0,0.02464,2063.0
1753531863915,12:11:03.915,ARC/USDT:USDT,0.0246,583.0,0.02459,4114.0,0.02463,35.0,0.02464,2063.0
1753531864023,12:11:04.023,ARC/USDT:USDT,0.0246,583.0,0.02459,4114.0,0.02463,2.0,0.02464,2063.0
1753531864125,12:11:04.125,ARC/USDT:USDT,0.0246,583.0,0.02459,4114.0,0.02463,35.0,0.02464,2063.0
1753531864217,12:11:04.217,ARC/USDT:USDT,0.0246,583.0,0.02459,4114.0,0.02463,35.0,0.02464,2063.0
1753531864311,12:11:04.311,ARC/USDT:USDT,0.0246,550.0,0.02459,4114.0,0.02463,35.0,0.02464,2063.0
1753531864411,12:11:04.411,ARC/USDT:USDT,0.0246,550.0,0.02459,4114.0,0.02463,35.0,0.02464,2063.0
1753531864511,12:11:04.511,ARC/USDT:USDT,0.0246,550.0,0.02459,4114.0,0.02463,35.0,0.02464,2063.0
1753531864682,12:11:04.682,ARC/USDT:USDT,0.0246,550.0,0.02459,4114.0,0.02463,35.0,0.02464,2063.0
1753531864717,12:11:04.717,ARC/USDT:USDT,0.0246,550.0,0.02459,4114.0,0.02463,35.0,0.02464,2063.0
1753531864811,12:11:04.811,ARC/USDT:USDT,0.0246,550.0,0.02459,4114.0,0.02463,35.0,0.02464,2063.0
1753531864916,12:11:04.916,ARC/USDT:USDT,0.0246,550.0,0.02459,4114.0,0.02463,35.0,0.02464,2063.0
1753531865010,12:11:05.010,ARC/USDT:USDT,0.0246,550.0,0.02459,4114.0,0.02463,35.0,0.02464,2063.0
1753531865110,12:11:05.110,ARC/USDT:USDT,0.0246,550.0,0.02459,4114.0,0.02463,2.0,0.02464,2063.0
1753531865225,12:11:05.225,ARC/USDT:USDT,0.0246,550.0,0.02459,4114.0,0.02463,35.0,0.02464,2063.0
1753531865316,12:11:05.316,ARC/USDT:USDT,0.0246,550.0,0.02459,4114.0,0.02463,35.0,0.02464,2063.0
1753531865410,12:11:05.410,ARC/USDT:USDT,0.0246,550.0,0.02459,4114.0,0.02463,35.0,0.02464,2063.0
1753531865510,12:11:05.510,ARC/USDT:USDT,0.0246,550.0,0.02459,4114.0,0.02463,35.0,0.02464,2063.0
1753531865610,12:11:05.610,ARC/USDT:USDT,0.0246,550.0,0.02459,4114.0,0.02463,35.0,0.02464,2063.0
1753531865710,12:11:05.710,ARC/USDT:USDT,0.0246,550.0,0.02459,4114.0,0.02463,35.0,0.02464,2063.0
1753531865813,12:11:05.813,ARC/USDT:USDT,0.0246,550.0,0.02459,4114.0,0.02463,35.0,0.02464,2063.0
1753531865911,12:11:05.911,ARC/USDT:USDT,0.0246,550.0,0.02459,4114.0,0.02463,35.0,0.02464,2063.0
1753531866011,12:11:06.011,ARC/USDT:USDT,0.0246,550.0,0.02459,4114.0,0.02463,35.0,0.02464,2063.0
1753531866111,12:11:06.111,ARC/USDT:USDT,0.0246,550.0,0.02459,4114.0,0.02463,35.0,0.02464,2063.0
1753531866210,12:11:06.210,ARC/USDT:USDT,0.0246,550.0,0.02459,4114.0,0.02463,35.0,0.02464,2063.0
1753531866312,12:11:06.312,ARC/USDT:USDT,0.0246,550.0,0.02459,4114.0,0.02463,35.0,0.02464,2063.0
1753531866416,12:11:06.416,ARC/USDT:USDT,0.0246,550.0,0.02459,4114.0,0.02463,35.0,0.02464,2063.0
1753531866512,12:11:06.512,ARC/USDT:USDT,0.0246,550.0,0.02459,4114.0,0.02463,35.0,0.02464,2063.0
1753531866610,12:11:06.610,ARC/USDT:USDT,0.0246,550.0,0.02459,4114.0,0.02463,35.0,0.02464,2063.0
1753531866710,12:11:06.710,ARC/USDT:USDT,0.0246,550.0,0.02459,4114.0,0.02463,35.0,0.02464,2063.0
1753531866811,12:11:06.811,ARC/USDT:USDT,0.0246,550.0,0.02459,4114.0,0.02463,35.0,0.02464,2063.0
1753531866911,12:11:06.911,ARC/USDT:USDT,0.0246,550.0,0.02459,4114.0,0.02463,35.0,0.02464,2063.0
1753531867012,12:11:07.012,ARC/USDT:USDT,0.0246,550.0,0.02459,4114.0,0.02463,35.0,0.02464,2063.0
1753531867112,12:11:07.112,ARC/USDT:USDT,0.0246,550.0,0.02459,4114.0,0.02463,35.0,0.02464,2063.0
1753531867215,12:11:07.215,ARC/USDT:USDT,0.0246,550.0,0.02459,4114.0,0.02463,35.0,0.02464,2063.0
1753531867311,12:11:07.311,ARC/USDT:USDT,0.0246,550.0,0.02459,4114.0,0.02463,35.0,0.02464,2063.0
1753531867413,12:11:07.413,ARC/USDT:USDT,0.0246,550.0,0.02459,4114.0,0.02463,35.0,0.02464,2063.0
1753531867510,12:11:07.510,ARC/USDT:USDT,0.0246,550.0,0.02459,4114.0,0.02463,35.0,0.02464,2063.0
1753531867612,12:11:07.612,ARC/USDT:USDT,0.0246,550.0,0.02459,4114.0,0.02463,35.0,0.02464,2063.0
1753531867712,12:11:07.712,ARC/USDT:USDT,0.0246,550.0,0.02459,4114.0,0.02463,35.0,0.02464,2063.0
1753531867820,12:11:07.820,ARC/USDT:USDT,0.0246,550.0,0.02459,4114.0,0.02463,2.0,0.02464,2063.0
1753531867910,12:11:07.910,ARC/USDT:USDT,0.0246,550.0,0.02459,4114.0,0.02463,2.0,0.02464,2063.0
1753531868011,12:11:08.011,ARC/USDT:USDT,0.0246,550.0,0.02459,4114.0,0.02463,2.0,0.02464,2063.0
1753531868111,12:11:08.111,ARC/USDT:USDT,0.0246,550.0,0.02459,4114.0,0.02463,2.0,0.02464,2063.0
1753531868211,12:11:08.211,ARC/USDT:USDT,0.0246,550.0,0.02459,4114.0,0.02463,2.0,0.02464,2063.0
1753531868310,12:11:08.310,ARC/USDT:USDT,0.0246,550.0,0.02459,4114.0,0.02463,2.0,0.02464,2063.0
1753531868414,12:11:08.414,ARC/USDT:USDT,0.0246,550.0,0.02459,4114.0,0.02463,2.0,0.02464,2063.0
1753531868510,12:11:08.510,ARC/USDT:USDT,0.0246,550.0,0.02459,4114.0,0.02463,2.0,0.02464,2063.0
1753531868613,12:11:08.613,ARC/USDT:USDT,0.0246,550.0,0.02459,4114.0,0.02463,2.0,0.02464,2063.0
1753531868711,12:11:08.711,ARC/USDT:USDT,0.0246,550.0,0.02459,4114.0,0.02463,2.0,0.02464,2063.0
1753531868826,12:11:08.826,ARC/USDT:USDT,0.0246,550.0,0.02459,4114.0,0.02463,2.0,0.02464,2063.0
1753531868911,12:11:08.911,ARC/USDT:USDT,0.0246,550.0,0.02459,4114.0,0.02463,2.0,0.02464,2063.0
1753531869011,12:11:09.011,ARC/USDT:USDT,0.0246,550.0,0.02459,4114.0,0.02463,2.0,0.02464,2063.0
1753531869110,12:11:09.110,ARC/USDT:USDT,0.0246,550.0,0.02459,4114.0,0.02463,2.0,0.02464,2063.0
1753531869294,12:11:09.294,ARC/USDT:USDT,0.0246,550.0,0.02459,4114.0,0.02463,2.0,0.02464,2063.0
1753531869341,12:11:09.341,ARC/USDT:USDT,0.0246,550.0,0.02459,4114.0,0.02463,2.0,0.02464,2063.0
1753531869452,12:11:09.452,ARC/USDT:USDT,0.0246,550.0,0.02459,4114.0,0.02463,2.0,0.02464,2063.0
1753531869511,12:11:09.511,ARC/USDT:USDT,0.0246,550.0,0.02459,4114.0,0.02463,2.0,0.02464,2063.0
1753531869615,12:11:09.615,ARC/USDT:USDT,0.0246,550.0,0.02459,4114.0,0.02463,2.0,0.02464,2063.0
1753531869710,12:11:09.710,ARC/USDT:USDT,0.0246,550.0,0.02459,4114.0,0.02463,2.0,0.02464,2063.0
1753531869838,12:11:09.838,ARC/USDT:USDT,0.0246,550.0,0.02459,4114.0,0.02463,2.0,0.02464,2063.0
1753531869910,12:11:09.910,ARC/USDT:USDT,0.0246,550.0,0.02459,4114.0,0.02463,2.0,0.02464,2063.0
1753531870010,12:11:10.010,ARC/USDT:USDT,0.0246,550.0,0.02459,4114.0,0.02463,2.0,0.02464,2063.0
1753531870111,12:11:10.111,ARC/USDT:USDT,0.0246,550.0,0.02459,4114.0,0.02463,2.0,0.02464,2063.0
1753531870211,12:11:10.211,ARC/USDT:USDT,0.0246,550.0,0.02459,4114.0,0.02463,2.0,0.02464,2063.0
1753531870310,12:11:10.310,ARC/USDT:USDT,0.0246,550.0,0.02459,4114.0,0.02463,2.0,0.02464,2063.0
1753531870410,12:11:10.410,ARC/USDT:USDT,0.0246,550.0,0.02459,4114.0,0.02463,2.0,0.02464,2063.0
1753531870600,12:11:10.600,ARC/USDT:USDT,0.0246,550.0,0.02459,4114.0,0.02463,2.0,0.02464,2063.0
1753531870611,12:11:10.611,ARC/USDT:USDT,0.0246,550.0,0.02459,2689.0,0.02463,2.0,0.02464,2063.0
1753531870711,12:11:10.711,ARC/USDT:USDT,0.0246,550.0,0.02459,2689.0,0.02463,2.0,0.02464,2063.0
1753531870811,12:11:10.811,ARC/USDT:USDT,0.0246,550.0,0.02459,2689.0,0.02463,2.0,0.02464,2063.0
1753531870911,12:11:10.911,ARC/USDT:USDT,0.0246,550.0,0.02459,2689.0,0.02463,2.0,0.02464,2063.0
1753531871011,12:11:11.011,ARC/USDT:USDT,0.0246,550.0,0.02459,2689.0,0.02463,2.0,0.02464,2063.0
1753531871111,12:11:11.111,ARC/USDT:USDT,0.0246,550.0,0.02459,2689.0,0.02463,2.0,0.02464,2063.0
1753531871210,12:11:11.210,ARC/USDT:USDT,0.0246,550.0,0.02459,2689.0,0.02463,2.0,0.02464,2063.0
1753531871311,12:11:11.311,ARC/USDT:USDT,0.0246,550.0,0.02459,2689.0,0.02463,2.0,0.02464,2063.0
1753531871412,12:11:11.412,ARC/USDT:USDT,0.0246,550.0,0.02459,2689.0,0.02463,2.0,0.02464,2063.0
1753531871510,12:11:11.510,ARC/USDT:USDT,0.0246,550.0,0.02459,2689.0,0.02463,2.0,0.02464,2063.0
1753531871648,12:11:11.648,ARC/USDT:USDT,0.0246,550.0,0.02459,4114.0,0.02463,2.0,0.02464,2063.0
1753531871710,12:11:11.710,ARC/USDT:USDT,0.0246,550.0,0.02459,4114.0,0.02463,2.0,0.02464,2063.0
1753531871841,12:11:11.841,ARC/USDT:USDT,0.0246,1058.0,0.02459,4114.0,0.02463,2.0,0.02464,2063.0
1753531872122,12:11:12.122,ARC/USDT:USDT,0.0246,1058.0,0.02459,4114.0,0.02463,2.0,0.02464,2063.0
1753531872401,12:11:12.401,ARC/USDT:USDT,0.0246,1058.0,0.02459,4114.0,0.02463,2.0,0.02464,2063.0
1753531872602,12:11:12.602,ARC/USDT:USDT,0.0246,1058.0,0.02459,4114.0,0.02463,2.0,0.02464,2063.0
1753531872627,12:11:12.627,ARC/USDT:USDT,0.0246,1058.0,0.02459,4114.0,0.02463,2.0,0.02464,2063.0
1753531872746,12:11:12.746,ARC/USDT:USDT,0.0246,2163.0,0.02459,5108.0,0.02463,2.0,0.02464,2063.0
