timestamp,time,symbol,bid1_price,bid1_volume,bid2_price,bid2_volume,ask1_price,ask1_volume,ask2_price,ask2_volume
1753531629000,12:07:09.000,BNT/USDT:USDT,0.7768,6.0,0.7767,13.0,0.7772,89.0,0.7773,102.0
1753531629849,12:07:09.849,BNT/USDT:USDT,0.7768,6.0,0.7767,13.0,0.7772,89.0,0.7773,102.0
1753531631951,12:07:11.951,BNT/USDT:USDT,0.7768,6.0,0.7767,13.0,0.7772,89.0,0.7773,102.0
1753531632014,12:07:12.014,BNT/USDT:USDT,0.7768,6.0,0.7767,13.0,0.7772,89.0,0.7773,102.0
1753531633202,12:07:13.202,BNT/USDT:USDT,0.7768,108.0,0.7767,13.0,0.7772,102.0,0.7773,102.0
1753531633205,12:07:13.205,BNT/USDT:USDT,0.7768,108.0,0.7767,13.0,0.7772,102.0,0.7773,102.0
1753531633540,12:07:13.540,BNT/USDT:USDT,0.7768,108.0,0.7767,13.0,0.7772,102.0,0.7773,102.0
1753531633808,12:07:13.808,BNT/USDT:USDT,0.7768,108.0,0.7767,13.0,0.7772,102.0,0.7773,102.0
1753531634085,12:07:14.085,BNT/USDT:USDT,0.7768,108.0,0.7767,13.0,0.7772,102.0,0.7773,102.0
1753531634355,12:07:14.355,BNT/USDT:USDT,0.7768,6.0,0.7765,90.0,0.7771,102.0,0.7772,115.0
1753531634429,12:07:14.429,BNT/USDT:USDT,0.7766,19.0,0.7765,90.0,0.7771,102.0,0.7772,115.0
1753531634579,12:07:14.579,BNT/USDT:USDT,0.7766,19.0,0.7765,90.0,0.7771,102.0,0.7772,115.0
1753531634772,12:07:14.772,BNT/USDT:USDT,0.7766,19.0,0.7765,90.0,0.7771,102.0,0.7772,115.0
1753531634899,12:07:14.899,BNT/USDT:USDT,0.7766,6.0,0.7765,90.0,0.7769,102.0,0.777,115.0
1753531635101,12:07:15.101,BNT/USDT:USDT,0.7766,6.0,0.7765,90.0,0.7769,13.0,0.777,115.0
1753531635184,12:07:15.184,BNT/USDT:USDT,0.7766,6.0,0.7765,90.0,0.7769,13.0,0.777,115.0
1753531635268,12:07:15.268,BNT/USDT:USDT,0.7766,6.0,0.7765,103.0,0.7769,13.0,0.777,115.0
1753531636279,12:07:16.279,BNT/USDT:USDT,0.7766,6.0,0.7765,103.0,0.7769,13.0,0.777,115.0
1753531636404,12:07:16.404,BNT/USDT:USDT,0.7766,6.0,0.7765,103.0,0.7769,13.0,0.777,115.0
1753531636772,12:07:16.772,BNT/USDT:USDT,0.7766,6.0,0.7765,103.0,0.7769,13.0,0.777,115.0
1753531636886,12:07:16.886,BNT/USDT:USDT,0.7766,95.0,0.7765,116.0,0.7769,13.0,0.777,115.0
1753531638362,12:07:18.362,BNT/USDT:USDT,0.7766,95.0,0.7765,116.0,0.7769,13.0,0.777,115.0
1753531639678,12:07:19.678,BNT/USDT:USDT,0.7766,6.0,0.7765,116.0,0.7769,104.0,0.777,115.0
1753531640507,12:07:20.507,BNT/USDT:USDT,0.7766,6.0,0.7765,116.0,0.7769,104.0,0.777,115.0
1753531644846,12:07:24.846,BNT/USDT:USDT,0.7766,6.0,0.7765,116.0,0.7769,104.0,0.777,115.0
1753531645672,12:07:25.672,BNT/USDT:USDT,0.7766,6.0,0.7765,116.0,0.7769,104.0,0.777,115.0
1753531646559,12:07:26.559,BNT/USDT:USDT,0.7766,6.0,0.7765,116.0,0.7769,104.0,0.777,115.0
1753531646660,12:07:26.660,BNT/USDT:USDT,0.7766,6.0,0.7765,116.0,0.7769,104.0,0.777,115.0
1753531646876,12:07:26.876,BNT/USDT:USDT,0.7766,6.0,0.7765,116.0,0.7769,104.0,0.777,115.0
1753531646966,12:07:26.966,BNT/USDT:USDT,0.7766,6.0,0.7765,116.0,0.7769,104.0,0.777,115.0
1753531647586,12:07:27.586,BNT/USDT:USDT,0.7766,6.0,0.776,50.0,0.7768,102.0,0.7769,117.0
1753531647692,12:07:27.692,BNT/USDT:USDT,0.7764,102.0,0.7763,102.0,0.7768,102.0,0.7769,117.0
1753531647767,12:07:27.767,BNT/USDT:USDT,0.7765,19.0,0.7764,115.0,0.7768,102.0,0.7769,117.0
1753531647992,12:07:27.992,BNT/USDT:USDT,0.7765,19.0,0.7764,115.0,0.7768,102.0,0.7769,117.0
1753531648023,12:07:28.023,BNT/USDT:USDT,0.7765,19.0,0.7764,115.0,0.7768,102.0,0.7769,117.0
1753531648143,12:07:28.143,BNT/USDT:USDT,0.7765,19.0,0.7764,115.0,0.7768,102.0,0.7769,117.0
1753531649075,12:07:29.075,BNT/USDT:USDT,0.7765,19.0,0.7764,115.0,0.7768,102.0,0.7769,117.0
1753531649355,12:07:29.355,BNT/USDT:USDT,0.7765,19.0,0.7764,115.0,0.7768,102.0,0.7769,117.0
1753531650479,12:07:30.479,BNT/USDT:USDT,0.7765,19.0,0.7764,115.0,0.7768,102.0,0.7769,117.0
1753531650589,12:07:30.589,BNT/USDT:USDT,0.7765,19.0,0.7764,115.0,0.7768,102.0,0.7769,117.0
1753531651206,12:07:31.206,BNT/USDT:USDT,0.7765,19.0,0.7764,115.0,0.7768,102.0,0.7769,117.0
1753531654298,12:07:34.298,BNT/USDT:USDT,0.7765,6.0,0.7764,102.0,0.7768,102.0,0.7769,117.0
1753531654571,12:07:34.571,BNT/USDT:USDT,0.7765,6.0,0.7764,102.0,0.7768,102.0,0.7769,117.0
1753531655591,12:07:35.591,BNT/USDT:USDT,0.7765,6.0,0.7762,89.0,0.7767,102.0,0.7768,115.0
1753531655701,12:07:35.701,BNT/USDT:USDT,0.7763,6.0,0.7762,89.0,0.7766,89.0,0.7767,102.0
1753531655731,12:07:35.731,BNT/USDT:USDT,0.7763,6.0,0.7762,89.0,0.7766,102.0,0.7767,115.0
1753531655866,12:07:35.866,BNT/USDT:USDT,0.7763,6.0,0.7762,89.0,0.7766,102.0,0.7767,115.0
1753531656487,12:07:36.487,BNT/USDT:USDT,0.7763,6.0,0.7762,89.0,0.7766,102.0,0.7767,115.0
1753531656549,12:07:36.549,BNT/USDT:USDT,0.7763,6.0,0.776,50.0,0.7765,102.0,0.7766,115.0
1753531656688,12:07:36.688,BNT/USDT:USDT,0.7761,6.0,0.776,50.0,0.7765,102.0,0.7766,115.0
1753531656712,12:07:36.712,BNT/USDT:USDT,0.7761,6.0,0.776,50.0,0.7765,102.0,0.7766,115.0
1753531657021,12:07:37.021,BNT/USDT:USDT,0.7761,95.0,0.776,50.0,0.7765,102.0,0.7766,115.0
1753531657188,12:07:37.188,BNT/USDT:USDT,0.7761,95.0,0.776,50.0,0.7765,102.0,0.7766,115.0
1753531657593,12:07:37.593,BNT/USDT:USDT,0.7761,95.0,0.776,50.0,0.7765,102.0,0.7766,115.0
1753531657730,12:07:37.730,BNT/USDT:USDT,0.7761,108.0,0.776,50.0,0.7765,102.0,0.7766,115.0
1753531658208,12:07:38.208,BNT/USDT:USDT,0.7761,108.0,0.776,50.0,0.7765,102.0,0.7766,115.0
1753531658527,12:07:38.527,BNT/USDT:USDT,0.7761,108.0,0.776,50.0,0.7765,102.0,0.7766,115.0
1753531658750,12:07:38.750,BNT/USDT:USDT,0.7761,108.0,0.776,50.0,0.7765,102.0,0.7766,115.0
1753531659068,12:07:39.068,BNT/USDT:USDT,0.7762,89.0,0.7761,121.0,0.7765,13.0,0.7766,115.0
1753531659169,12:07:39.169,BNT/USDT:USDT,0.7763,6.0,0.7762,89.0,0.7765,13.0,0.7766,115.0
1753531659515,12:07:39.515,BNT/USDT:USDT,0.7763,6.0,0.7762,89.0,0.7765,13.0,0.7766,115.0
1753531659800,12:07:39.800,BNT/USDT:USDT,0.7763,6.0,0.7762,89.0,0.7765,13.0,0.7766,115.0
1753531659987,12:07:39.987,BNT/USDT:USDT,0.7763,6.0,0.7762,89.0,0.7765,13.0,0.7766,115.0
1753531660649,12:07:40.649,BNT/USDT:USDT,0.7763,6.0,0.7762,89.0,0.7765,13.0,0.7766,115.0
1753531661852,12:07:41.852,BNT/USDT:USDT,0.7763,6.0,0.7762,89.0,0.7765,13.0,0.7766,115.0
1753531662482,12:07:42.482,BNT/USDT:USDT,0.7763,32.0,0.7762,102.0,0.777,89.0,0.7774,50.0
1753531662526,12:07:42.526,BNT/USDT:USDT,0.7763,32.0,0.7762,102.0,0.777,89.0,0.7774,50.0
1753531662808,12:07:42.808,BNT/USDT:USDT,0.7763,32.0,0.7762,102.0,0.777,89.0,0.7774,50.0
1753531663005,12:07:43.005,BNT/USDT:USDT,0.7763,121.0,0.7762,102.0,0.777,89.0,0.7774,50.0
1753531663228,12:07:43.228,BNT/USDT:USDT,0.7763,121.0,0.7762,102.0,0.777,89.0,0.7774,50.0
1753531663472,12:07:43.472,BNT/USDT:USDT,0.7763,121.0,0.7762,102.0,0.777,89.0,0.7774,50.0
1753531663985,12:07:43.985,BNT/USDT:USDT,0.7763,121.0,0.7762,102.0,0.777,89.0,0.7774,50.0
1753531666453,12:07:46.453,BNT/USDT:USDT,0.7764,89.0,0.7763,121.0,0.777,89.0,0.7774,50.0
1753531666551,12:07:46.551,BNT/USDT:USDT,0.7765,32.0,0.7763,89.0,0.7769,89.0,0.777,115.0
1753531666867,12:07:46.867,BNT/USDT:USDT,0.7765,32.0,0.7763,89.0,0.7769,89.0,0.777,115.0
1753531667426,12:07:47.426,BNT/USDT:USDT,0.7765,32.0,0.7763,89.0,0.7769,89.0,0.777,115.0
1753531668236,12:07:48.236,BNT/USDT:USDT,0.7765,32.0,0.7762,89.0,0.7769,89.0,0.777,115.0
1753531668485,12:07:48.485,BNT/USDT:USDT,0.7765,32.0,0.7762,89.0,0.7769,89.0,0.777,115.0
1753531668985,12:07:48.985,BNT/USDT:USDT,0.7765,32.0,0.7762,89.0,0.7769,89.0,0.777,115.0
1753531669005,12:07:49.005,BNT/USDT:USDT,0.7765,32.0,0.7762,89.0,0.7769,89.0,0.777,115.0
1753531669148,12:07:49.148,BNT/USDT:USDT,0.7765,32.0,0.7762,89.0,0.7769,89.0,0.777,115.0
1753531670393,12:07:50.393,BNT/USDT:USDT,0.7765,32.0,0.7761,89.0,0.7769,89.0,0.777,115.0
1753531670506,12:07:50.506,BNT/USDT:USDT,0.7765,32.0,0.7761,89.0,0.7769,89.0,0.777,115.0
1753531671216,12:07:51.216,BNT/USDT:USDT,0.7765,19.0,0.7761,89.0,0.7769,89.0,0.777,115.0
1753531680825,12:08:00.825,BNT/USDT:USDT,0.7765,19.0,0.7761,89.0,0.7769,89.0,0.777,115.0
1753531681096,12:08:01.096,BNT/USDT:USDT,0.7765,19.0,0.7761,89.0,0.7769,89.0,0.777,115.0
1753531681286,12:08:01.286,BNT/USDT:USDT,0.7765,19.0,0.7761,89.0,0.7769,89.0,0.777,115.0
1753531683247,12:08:03.247,BNT/USDT:USDT,0.7765,19.0,0.7761,89.0,0.7769,89.0,0.777,115.0
1753531684565,12:08:04.565,BNT/USDT:USDT,0.7765,19.0,0.7761,89.0,0.7769,89.0,0.777,115.0
1753531687656,12:08:07.656,BNT/USDT:USDT,0.7765,19.0,0.7761,89.0,0.7769,89.0,0.777,115.0
1753531688985,12:08:08.985,BNT/USDT:USDT,0.7765,19.0,0.7761,89.0,0.7769,89.0,0.777,115.0
1753531689005,12:08:09.005,BNT/USDT:USDT,0.7765,19.0,0.7761,89.0,0.7769,89.0,0.777,115.0
1753531689181,12:08:09.181,BNT/USDT:USDT,0.7765,19.0,0.7761,89.0,0.7769,89.0,0.777,115.0
1753531689597,12:08:09.597,BNT/USDT:USDT,0.7765,19.0,0.7761,89.0,0.7769,89.0,0.777,115.0
1753531689697,12:08:09.697,BNT/USDT:USDT,0.7765,19.0,0.7761,89.0,0.7769,89.0,0.777,115.0
1753531690170,12:08:10.170,BNT/USDT:USDT,0.7765,19.0,0.7761,89.0,0.7769,89.0,0.777,115.0
1753531690599,12:08:10.599,BNT/USDT:USDT,0.7765,19.0,0.7761,89.0,0.7769,89.0,0.777,115.0
1753531690607,12:08:10.607,BNT/USDT:USDT,0.7765,19.0,0.7761,89.0,0.7769,89.0,0.777,115.0
1753531691727,12:08:11.727,BNT/USDT:USDT,0.7765,19.0,0.7761,89.0,0.7769,89.0,0.777,115.0
1753531692148,12:08:12.148,BNT/USDT:USDT,0.7765,19.0,0.7761,89.0,0.7769,89.0,0.777,115.0
1753531693879,12:08:13.879,BNT/USDT:USDT,0.7765,19.0,0.7761,89.0,0.7769,89.0,0.777,115.0
1753531694125,12:08:14.125,BNT/USDT:USDT,0.7765,19.0,0.7761,89.0,0.7769,89.0,0.777,115.0
1753531695323,12:08:15.323,BNT/USDT:USDT,0.7765,19.0,0.7761,89.0,0.7769,89.0,0.777,115.0
1753531695425,12:08:15.425,BNT/USDT:USDT,0.7765,19.0,0.7761,89.0,0.7769,89.0,0.777,115.0
1753531700342,12:08:20.342,BNT/USDT:USDT,0.7765,19.0,0.7761,89.0,0.7769,89.0,0.777,115.0
1753531700970,12:08:20.970,BNT/USDT:USDT,0.7761,89.0,0.776,50.0,0.7769,89.0,0.777,115.0
1753531701058,12:08:21.058,BNT/USDT:USDT,0.7761,89.0,0.776,50.0,0.7767,90.0,0.7768,6.0
1753531701127,12:08:21.127,BNT/USDT:USDT,0.7761,102.0,0.776,50.0,0.7766,63.0,0.7767,90.0
1753531701279,12:08:21.279,BNT/USDT:USDT,0.7761,102.0,0.776,50.0,0.7766,63.0,0.7767,90.0
1753531701306,12:08:21.306,BNT/USDT:USDT,0.7761,102.0,0.776,50.0,0.7766,63.0,0.7767,90.0
1753531701450,12:08:21.450,BNT/USDT:USDT,0.7762,90.0,0.7761,102.0,0.7766,153.0,0.7767,90.0
1753531701679,12:08:21.679,BNT/USDT:USDT,0.7762,90.0,0.7761,102.0,0.7766,153.0,0.7767,90.0
1753531701719,12:08:21.719,BNT/USDT:USDT,0.7762,90.0,0.7761,102.0,0.7766,63.0,0.7767,90.0
1753531701881,12:08:21.881,BNT/USDT:USDT,0.7762,90.0,0.7761,102.0,0.7766,63.0,0.7767,90.0
1753531702428,12:08:22.428,BNT/USDT:USDT,0.7762,90.0,0.7761,102.0,0.7766,63.0,0.7769,89.0
1753531702702,12:08:22.702,BNT/USDT:USDT,0.7762,90.0,0.7761,102.0,0.7766,63.0,0.7769,89.0
1753531704579,12:08:24.579,BNT/USDT:USDT,0.7762,90.0,0.7761,102.0,0.7766,63.0,0.777,89.0
1753531706054,12:08:26.054,BNT/USDT:USDT,0.7762,90.0,0.7761,102.0,0.7766,63.0,0.777,89.0
1753531710371,12:08:30.371,BNT/USDT:USDT,0.7762,90.0,0.7761,102.0,0.7766,50.0,0.777,89.0
1753531710936,12:08:30.936,BNT/USDT:USDT,0.7762,90.0,0.7761,102.0,0.7766,50.0,0.777,89.0
1753531712449,12:08:32.449,BNT/USDT:USDT,0.7762,90.0,0.7761,102.0,0.7766,50.0,0.777,89.0
1753531712732,12:08:32.732,BNT/USDT:USDT,0.7762,90.0,0.7761,102.0,0.7766,50.0,0.777,89.0
1753531712914,12:08:32.914,BNT/USDT:USDT,0.7762,90.0,0.7761,102.0,0.7766,50.0,0.777,89.0
1753531714480,12:08:34.480,BNT/USDT:USDT,0.7762,90.0,0.7761,102.0,0.7766,50.0,0.777,89.0
1753531714694,12:08:34.694,BNT/USDT:USDT,0.7762,90.0,0.7761,102.0,0.7766,50.0,0.777,89.0
1753531714752,12:08:34.752,BNT/USDT:USDT,0.7762,90.0,0.7761,102.0,0.7766,50.0,0.777,89.0
1753531715527,12:08:35.527,BNT/USDT:USDT,0.7761,89.0,0.776,50.0,0.7766,63.0,0.777,89.0
1753531715682,12:08:35.682,BNT/USDT:USDT,0.7761,89.0,0.776,50.0,0.7766,63.0,0.777,89.0
1753531715821,12:08:35.821,BNT/USDT:USDT,0.7761,102.0,0.776,50.0,0.7766,63.0,0.777,89.0
1753531715911,12:08:35.911,BNT/USDT:USDT,0.7761,102.0,0.776,50.0,0.7766,63.0,0.777,89.0
1753531716600,12:08:36.600,BNT/USDT:USDT,0.7761,102.0,0.776,50.0,0.7765,91.0,0.7766,63.0
1753531716633,12:08:36.633,BNT/USDT:USDT,0.7761,102.0,0.776,50.0,0.7764,63.0,0.7765,104.0
1753531716773,12:08:36.773,BNT/USDT:USDT,0.7761,102.0,0.776,50.0,0.7764,63.0,0.7765,104.0
1753531716869,12:08:36.869,BNT/USDT:USDT,0.7761,102.0,0.776,50.0,0.7764,63.0,0.7765,104.0
1753531717601,12:08:37.601,BNT/USDT:USDT,0.7761,13.0,0.776,50.0,0.7764,63.0,0.7765,104.0
1753531717990,12:08:37.990,BNT/USDT:USDT,0.7761,13.0,0.776,50.0,0.7764,63.0,0.7765,104.0
1753531718387,12:08:38.387,BNT/USDT:USDT,0.7761,13.0,0.776,50.0,0.7764,63.0,0.7765,104.0
1753531718999,12:08:38.999,BNT/USDT:USDT,0.7761,13.0,0.7759,88.0,0.7764,151.0,0.7765,104.0
1753531719096,12:08:39.096,BNT/USDT:USDT,0.7759,88.0,0.7757,50.0,0.7763,88.0,0.7764,151.0
1753531719197,12:08:39.197,BNT/USDT:USDT,0.7758,88.0,0.7757,138.0,0.7762,63.0,0.7763,88.0
1753531719298,12:08:39.298,BNT/USDT:USDT,0.7758,88.0,0.7757,138.0,0.7762,63.0,0.7763,88.0
1753531719488,12:08:39.488,BNT/USDT:USDT,0.7758,88.0,0.7757,138.0,0.7762,63.0,0.7763,88.0
1753531719538,12:08:39.538,BNT/USDT:USDT,0.7758,88.0,0.7757,138.0,0.7762,63.0,0.7764,88.0
1753531719835,12:08:39.835,BNT/USDT:USDT,0.7758,88.0,0.7757,138.0,0.7762,63.0,0.7764,88.0
1753531720869,12:08:40.869,BNT/USDT:USDT,0.7758,88.0,0.7757,138.0,0.7762,63.0,0.7764,88.0
1753531720924,12:08:40.924,BNT/USDT:USDT,0.7758,88.0,0.7757,138.0,0.7762,63.0,0.7764,88.0
1753531721101,12:08:41.101,BNT/USDT:USDT,0.7757,138.0,0.7756,90.0,0.7762,151.0,0.7764,88.0
1753531721126,12:08:41.126,BNT/USDT:USDT,0.7757,138.0,0.7756,90.0,0.7762,151.0,0.7764,88.0
1753531721663,12:08:41.663,BNT/USDT:USDT,0.7757,138.0,0.7754,91.0,0.7762,151.0,0.7765,91.0
1753531722609,12:08:42.609,BNT/USDT:USDT,0.7758,88.0,0.7757,138.0,0.7762,151.0,0.7765,91.0
1753531722801,12:08:42.801,BNT/USDT:USDT,0.7758,88.0,0.7757,88.0,0.7762,151.0,0.7765,91.0
1753531722848,12:08:42.848,BNT/USDT:USDT,0.7753,88.0,0.7752,306.0,0.7762,63.0,0.7765,91.0
1753531722983,12:08:42.983,BNT/USDT:USDT,0.7753,88.0,0.7752,306.0,0.7762,63.0,0.7765,91.0
1753531723049,12:08:43.049,BNT/USDT:USDT,0.7753,88.0,0.7752,306.0,0.7762,63.0,0.7765,91.0
1753531723200,12:08:43.200,BNT/USDT:USDT,0.7753,88.0,0.7752,306.0,0.7762,63.0,0.7765,91.0
1753531723213,12:08:43.213,BNT/USDT:USDT,0.7753,88.0,0.7752,306.0,0.7762,63.0,0.7765,91.0
1753531723785,12:08:43.785,BNT/USDT:USDT,0.7753,88.0,0.7752,306.0,0.7762,63.0,0.777,89.0
1753531723852,12:08:43.852,BNT/USDT:USDT,0.7754,88.0,0.7753,152.0,0.7762,63.0,0.777,89.0
1753531723992,12:08:43.992,BNT/USDT:USDT,0.7754,88.0,0.7753,88.0,0.7762,63.0,0.777,89.0
1753531724065,12:08:44.065,BNT/USDT:USDT,0.7755,88.0,0.7754,216.0,0.7762,63.0,0.777,89.0
1753531724170,12:08:44.170,BNT/USDT:USDT,0.7755,88.0,0.7754,216.0,0.7762,63.0,0.777,89.0
1753531725788,12:08:45.788,BNT/USDT:USDT,0.7755,88.0,0.7754,216.0,0.7762,63.0,0.777,89.0
1753531725929,12:08:45.929,BNT/USDT:USDT,0.7755,88.0,0.7754,216.0,0.7762,63.0,0.777,89.0
1753531726203,12:08:46.203,BNT/USDT:USDT,0.7755,88.0,0.7754,216.0,0.7762,63.0,0.777,89.0
1753531727478,12:08:47.478,BNT/USDT:USDT,0.7754,64.0,0.7753,88.0,0.7762,63.0,0.777,89.0
1753531727601,12:08:47.601,BNT/USDT:USDT,0.7755,91.0,0.7754,64.0,0.7762,63.0,0.777,89.0
1753531727828,12:08:47.828,BNT/USDT:USDT,0.7755,91.0,0.7754,64.0,0.7762,63.0,0.777,89.0
1753531728067,12:08:48.067,BNT/USDT:USDT,0.7755,91.0,0.7754,64.0,0.7762,63.0,0.777,89.0
1753531728421,12:08:48.421,BNT/USDT:USDT,0.7755,91.0,0.7754,320.0,0.7762,63.0,0.777,89.0
1753531730119,12:08:50.119,BNT/USDT:USDT,0.7755,91.0,0.7754,320.0,0.7762,154.0,0.777,89.0
1753531730250,12:08:50.250,BNT/USDT:USDT,0.7755,91.0,0.7754,320.0,0.7762,154.0,0.777,89.0
1753531730561,12:08:50.561,BNT/USDT:USDT,0.7755,91.0,0.7754,256.0,0.7762,154.0,0.777,89.0
1753531730680,12:08:50.680,BNT/USDT:USDT,0.7757,91.0,0.7756,104.0,0.7762,154.0,0.777,89.0
1753531730895,12:08:50.895,BNT/USDT:USDT,0.7757,91.0,0.7756,104.0,0.7762,154.0,0.777,89.0
1753531732328,12:08:52.328,BNT/USDT:USDT,0.7757,91.0,0.7756,104.0,0.7762,154.0,0.777,89.0
1753531732694,12:08:52.694,BNT/USDT:USDT,0.7757,91.0,0.7756,104.0,0.7762,154.0,0.777,89.0
1753531732796,12:08:52.796,BNT/USDT:USDT,0.7757,91.0,0.7756,104.0,0.7762,154.0,0.777,89.0
1753531733116,12:08:53.116,BNT/USDT:USDT,0.7757,91.0,0.7756,104.0,0.7762,63.0,0.777,89.0
1753531733511,12:08:53.511,BNT/USDT:USDT,0.7757,91.0,0.7756,104.0,0.7762,63.0,0.777,89.0
1753531734477,12:08:54.477,BNT/USDT:USDT,0.7757,91.0,0.7756,104.0,0.7762,63.0,0.777,89.0
1753531736006,12:08:56.006,BNT/USDT:USDT,0.7757,91.0,0.7756,104.0,0.7762,63.0,0.777,89.0
1753531736598,12:08:56.598,BNT/USDT:USDT,0.7757,155.0,0.7756,104.0,0.7762,63.0,0.777,89.0
1753531736625,12:08:56.625,BNT/USDT:USDT,0.7758,104.0,0.7757,91.0,0.7762,50.0,0.777,89.0
1753531738764,12:08:58.764,BNT/USDT:USDT,0.7758,104.0,0.7756,91.0,0.7762,50.0,0.777,89.0
1753531739156,12:08:59.156,BNT/USDT:USDT,0.7758,104.0,0.7756,91.0,0.7762,50.0,0.777,89.0
1753531740888,12:09:00.888,BNT/USDT:USDT,0.7758,104.0,0.7753,88.0,0.7762,50.0,0.777,89.0
1753531741179,12:09:01.179,BNT/USDT:USDT,0.7758,104.0,0.7753,88.0,0.7762,50.0,0.777,89.0
1753531741837,12:09:01.837,BNT/USDT:USDT,0.7758,104.0,0.7753,88.0,0.7762,50.0,0.777,89.0
1753531742266,12:09:02.266,BNT/USDT:USDT,0.7758,104.0,0.7753,88.0,0.7762,50.0,0.777,89.0
1753531742397,12:09:02.397,BNT/USDT:USDT,0.7758,104.0,0.7753,88.0,0.7762,50.0,0.777,89.0
1753531743569,12:09:03.569,BNT/USDT:USDT,0.7758,168.0,0.7753,88.0,0.7762,50.0,0.777,89.0
1753531743685,12:09:03.685,BNT/USDT:USDT,0.7759,91.0,0.7758,104.0,0.7762,50.0,0.7763,13.0
1753531744033,12:09:04.033,BNT/USDT:USDT,0.7759,91.0,0.7758,104.0,0.7762,50.0,0.7763,13.0
1753531745660,12:09:05.660,BNT/USDT:USDT,0.7759,91.0,0.7758,104.0,0.7762,50.0,0.7763,13.0
1753531746073,12:09:06.073,BNT/USDT:USDT,0.7759,91.0,0.7758,104.0,0.7762,50.0,0.7763,13.0
1753531746374,12:09:06.374,BNT/USDT:USDT,0.7759,91.0,0.7758,104.0,0.7762,50.0,0.7763,13.0
1753531746489,12:09:06.489,BNT/USDT:USDT,0.7759,91.0,0.7758,104.0,0.7762,50.0,0.7763,13.0
1753531750897,12:09:10.897,BNT/USDT:USDT,0.7758,104.0,0.7753,88.0,0.7762,50.0,0.7763,13.0
1753531750935,12:09:10.935,BNT/USDT:USDT,0.7758,104.0,0.7753,88.0,0.7762,50.0,0.7763,13.0
1753531751345,12:09:11.345,BNT/USDT:USDT,0.7758,104.0,0.7753,88.0,0.7762,50.0,0.7763,13.0
1753531751570,12:09:11.570,BNT/USDT:USDT,0.7758,104.0,0.7753,88.0,0.7762,139.0,0.7763,13.0
1753531751717,12:09:11.717,BNT/USDT:USDT,0.7753,88.0,0.7752,306.0,0.7762,139.0,0.7763,13.0
1753531751884,12:09:11.884,BNT/USDT:USDT,0.7753,152.0,0.7752,306.0,0.7762,139.0,0.7763,13.0
1753531751922,12:09:11.922,BNT/USDT:USDT,0.7754,89.0,0.7753,152.0,0.7762,139.0,0.7763,13.0
1753531752160,12:09:12.160,BNT/USDT:USDT,0.7754,89.0,0.7753,152.0,0.7762,139.0,0.7763,13.0
1753531754740,12:09:14.740,BNT/USDT:USDT,0.7754,89.0,0.7753,152.0,0.7762,139.0,0.7763,13.0
1753531754813,12:09:14.813,BNT/USDT:USDT,0.7754,89.0,0.7753,152.0,0.7762,139.0,0.7763,13.0
1753531754986,12:09:14.986,BNT/USDT:USDT,0.7754,64.0,0.7753,88.0,0.7762,139.0,0.7763,13.0
1753531755025,12:09:15.025,BNT/USDT:USDT,0.7754,128.0,0.7753,88.0,0.7762,139.0,0.7763,13.0
1753531755137,12:09:15.137,BNT/USDT:USDT,0.7755,89.0,0.7754,128.0,0.7762,139.0,0.7763,13.0
1753531755652,12:09:15.652,BNT/USDT:USDT,0.7756,102.0,0.7755,153.0,0.7761,102.0,0.7762,139.0
1753531755794,12:09:15.794,BNT/USDT:USDT,0.7756,102.0,0.7755,153.0,0.776,6.0,0.7761,102.0
1753531755829,12:09:15.829,BNT/USDT:USDT,0.7756,102.0,0.7755,153.0,0.776,6.0,0.7761,102.0
1753531756076,12:09:16.076,BNT/USDT:USDT,0.7756,102.0,0.7755,89.0,0.776,6.0,0.7761,102.0
1753531756230,12:09:16.230,BNT/USDT:USDT,0.7756,102.0,0.7755,89.0,0.776,6.0,0.7761,102.0
1753531756500,12:09:16.500,BNT/USDT:USDT,0.7756,102.0,0.7755,89.0,0.776,139.0,0.7761,102.0
1753531756593,12:09:16.593,BNT/USDT:USDT,0.7756,102.0,0.7755,89.0,0.776,139.0,0.7761,102.0
1753531756679,12:09:16.679,BNT/USDT:USDT,0.7756,102.0,0.7755,89.0,0.776,139.0,0.7761,102.0
1753531757246,12:09:17.246,BNT/USDT:USDT,0.7753,88.0,0.7752,306.0,0.776,139.0,0.7761,102.0
1753531757454,12:09:17.454,BNT/USDT:USDT,0.7753,88.0,0.7752,306.0,0.776,139.0,0.7761,102.0
1753531757955,12:09:17.955,BNT/USDT:USDT,0.7753,88.0,0.7752,393.0,0.776,139.0,0.7761,102.0
1753531758400,12:09:18.400,BNT/USDT:USDT,0.7753,88.0,0.7752,343.0,0.776,139.0,0.7761,102.0
1753531758676,12:09:18.676,BNT/USDT:USDT,0.7753,88.0,0.7752,343.0,0.776,139.0,0.7761,102.0
1753531759295,12:09:19.295,BNT/USDT:USDT,0.7754,87.0,0.7753,344.0,0.776,139.0,0.7761,102.0
1753531759816,12:09:19.816,BNT/USDT:USDT,0.7754,100.0,0.7753,152.0,0.7759,100.0,0.776,139.0
1753531759924,12:09:19.924,BNT/USDT:USDT,0.7754,228.0,0.7753,152.0,0.7758,6.0,0.7759,100.0
1753531760089,12:09:20.089,BNT/USDT:USDT,0.7754,228.0,0.7753,152.0,0.7758,6.0,0.7759,100.0
1753531760260,12:09:20.260,BNT/USDT:USDT,0.7754,164.0,0.7753,152.0,0.7758,6.0,0.7759,100.0
1753531760578,12:09:20.578,BNT/USDT:USDT,0.7754,164.0,0.7753,152.0,0.7758,6.0,0.7759,100.0
1753531761251,12:09:21.251,BNT/USDT:USDT,0.7754,177.0,0.7753,152.0,0.7758,6.0,0.7759,100.0
1753531761499,12:09:21.499,BNT/USDT:USDT,0.7754,177.0,0.7753,152.0,0.7758,6.0,0.7759,100.0
1753531762223,12:09:22.223,BNT/USDT:USDT,0.7754,113.0,0.7753,88.0,0.7758,6.0,0.7759,100.0
1753531762378,12:09:22.378,BNT/USDT:USDT,0.7754,177.0,0.7753,88.0,0.7758,6.0,0.7759,100.0
1753531762720,12:09:22.720,BNT/USDT:USDT,0.7754,177.0,0.7753,88.0,0.7758,6.0,0.7759,100.0
1753531763356,12:09:23.356,BNT/USDT:USDT,0.7754,177.0,0.7753,88.0,0.7758,6.0,0.7759,100.0
1753531764338,12:09:24.338,BNT/USDT:USDT,0.7754,177.0,0.7752,87.0,0.7758,6.0,0.7759,100.0
1753531764485,12:09:24.485,BNT/USDT:USDT,0.7752,87.0,0.7751,256.0,0.7758,106.0,0.7759,100.0
1753531764598,12:09:24.598,BNT/USDT:USDT,0.7752,87.0,0.7751,256.0,0.7758,106.0,0.7759,100.0
1753531764689,12:09:24.689,BNT/USDT:USDT,0.7752,87.0,0.7751,256.0,0.7757,100.0,0.7758,106.0
1753531764797,12:09:24.797,BNT/USDT:USDT,0.7752,87.0,0.7751,256.0,0.7756,13.0,0.7757,100.0
1753531764861,12:09:24.861,BNT/USDT:USDT,0.7752,87.0,0.7751,256.0,0.7756,17.0,0.7757,100.0
1753531764968,12:09:24.968,BNT/USDT:USDT,0.7752,87.0,0.7751,256.0,0.7756,17.0,0.7757,100.0
1753531765093,12:09:25.093,BNT/USDT:USDT,0.7752,87.0,0.7751,256.0,0.7756,19.0,0.7757,100.0
1753531765183,12:09:25.183,BNT/USDT:USDT,0.7752,87.0,0.7751,256.0,0.7756,19.0,0.7757,100.0
1753531765230,12:09:25.230,BNT/USDT:USDT,0.7752,87.0,0.7748,344.0,0.7756,19.0,0.7757,100.0
1753531765323,12:09:25.323,BNT/USDT:USDT,0.7752,87.0,0.7748,344.0,0.7756,19.0,0.7757,100.0
1753531765487,12:09:25.487,BNT/USDT:USDT,0.7752,87.0,0.7748,344.0,0.7756,19.0,0.7757,100.0
1753531765608,12:09:25.608,BNT/USDT:USDT,0.7752,87.0,0.7748,344.0,0.7756,19.0,0.7757,100.0
1753531765739,12:09:25.739,BNT/USDT:USDT,0.7752,87.0,0.7748,344.0,0.7756,19.0,0.7757,100.0
1753531765865,12:09:25.865,BNT/USDT:USDT,0.7752,87.0,0.7748,344.0,0.7756,19.0,0.7757,100.0
1753531766312,12:09:26.312,BNT/USDT:USDT,0.7752,87.0,0.7748,344.0,0.7756,19.0,0.7757,100.0
1753531766496,12:09:26.496,BNT/USDT:USDT,0.7752,87.0,0.7748,344.0,0.7756,19.0,0.7757,100.0
1753531766567,12:09:26.567,BNT/USDT:USDT,0.7748,88.0,0.7747,256.0,0.7756,19.0,0.7757,100.0
1753531766695,12:09:26.695,BNT/USDT:USDT,0.7748,88.0,0.7747,256.0,0.7756,106.0,0.7757,100.0
1753531766833,12:09:26.833,BNT/USDT:USDT,0.7748,88.0,0.7747,256.0,0.7756,106.0,0.7757,100.0
1753531766944,12:09:26.944,BNT/USDT:USDT,0.7749,87.0,0.7748,153.0,0.7756,106.0,0.7757,100.0
1753531767036,12:09:27.036,BNT/USDT:USDT,0.7749,87.0,0.7748,218.0,0.7756,106.0,0.7757,100.0
1753531767180,12:09:27.180,BNT/USDT:USDT,0.775,92.0,0.7749,217.0,0.7756,106.0,0.7757,100.0
1753531767247,12:09:27.247,BNT/USDT:USDT,0.775,92.0,0.7749,217.0,0.7756,106.0,0.7757,100.0
1753531767900,12:09:27.900,BNT/USDT:USDT,0.775,92.0,0.7749,217.0,0.7755,92.0,0.7756,106.0
1753531767917,12:09:27.917,BNT/USDT:USDT,0.775,92.0,0.7749,217.0,0.7755,105.0,0.7756,106.0
1753531768082,12:09:28.082,BNT/USDT:USDT,0.775,92.0,0.7749,217.0,0.7754,17.0,0.7755,105.0
1753531768164,12:09:28.164,BNT/USDT:USDT,0.775,92.0,0.7749,217.0,0.7754,17.0,0.7755,105.0
1753531768289,12:09:28.289,BNT/USDT:USDT,0.775,92.0,0.7749,217.0,0.7754,17.0,0.7755,105.0
1753531768545,12:09:28.545,BNT/USDT:USDT,0.775,92.0,0.7749,217.0,0.7754,17.0,0.7755,105.0
1753531768646,12:09:28.646,BNT/USDT:USDT,0.775,92.0,0.7749,217.0,0.7754,17.0,0.7755,105.0
1753531768826,12:09:28.826,BNT/USDT:USDT,0.775,92.0,0.7749,217.0,0.7754,17.0,0.7755,105.0
1753531768998,12:09:28.998,BNT/USDT:USDT,0.775,92.0,0.7749,217.0,0.7754,111.0,0.7755,105.0
1753531769065,12:09:29.065,BNT/USDT:USDT,0.775,92.0,0.7749,152.0,0.7754,111.0,0.7755,105.0
1753531769301,12:09:29.301,BNT/USDT:USDT,0.775,92.0,0.7749,152.0,0.7754,111.0,0.7755,105.0
1753531769303,12:09:29.303,BNT/USDT:USDT,0.775,92.0,0.7749,152.0,0.7754,111.0,0.7755,105.0
1753531769921,12:09:29.921,BNT/USDT:USDT,0.775,92.0,0.7749,152.0,0.7754,19.0,0.7755,105.0
1753531770089,12:09:30.089,BNT/USDT:USDT,0.775,92.0,0.7749,152.0,0.7754,19.0,0.7755,105.0
1753531770283,12:09:30.283,BNT/USDT:USDT,0.775,92.0,0.7749,87.0,0.7754,19.0,0.7755,105.0
1753531770314,12:09:30.314,BNT/USDT:USDT,0.7749,65.0,0.7748,88.0,0.7754,19.0,0.7755,105.0
1753531770487,12:09:30.487,BNT/USDT:USDT,0.7749,130.0,0.7748,88.0,0.7754,19.0,0.7755,105.0
1753531770687,12:09:30.687,BNT/USDT:USDT,0.7749,130.0,0.7748,88.0,0.7754,19.0,0.7755,105.0
1753531770800,12:09:30.800,BNT/USDT:USDT,0.775,92.0,0.7749,65.0,0.7754,19.0,0.7755,105.0
1753531771734,12:09:31.734,BNT/USDT:USDT,0.775,92.0,0.7749,65.0,0.7754,19.0,0.7755,105.0
1753531772201,12:09:32.201,BNT/USDT:USDT,0.7751,92.0,0.775,118.0,0.7754,6.0,0.7759,87.0
1753531772260,12:09:32.260,BNT/USDT:USDT,0.7751,92.0,0.775,118.0,0.7757,92.0,0.7758,6.0
1753531772329,12:09:32.329,BNT/USDT:USDT,0.7751,92.0,0.775,118.0,0.7756,32.0,0.7757,92.0
1753531772480,12:09:32.480,BNT/USDT:USDT,0.7751,92.0,0.775,118.0,0.7756,32.0,0.7757,92.0
1753531772572,12:09:32.572,BNT/USDT:USDT,0.7751,92.0,0.775,118.0,0.7756,32.0,0.7757,92.0
1753531772894,12:09:32.894,BNT/USDT:USDT,0.775,105.0,0.7748,88.0,0.7756,32.0,0.7759,87.0
1753531773002,12:09:33.002,BNT/USDT:USDT,0.7748,88.0,0.7747,348.0,0.7756,32.0,0.7759,87.0
1753531773008,12:09:33.008,BNT/USDT:USDT,0.7748,88.0,0.7747,348.0,0.7755,92.0,0.7756,32.0
1753531773189,12:09:33.189,BNT/USDT:USDT,0.7747,348.0,0.7744,87.0,0.7753,92.0,0.7754,4.0
1753531773293,12:09:33.293,BNT/USDT:USDT,0.7748,92.0,0.7747,348.0,0.7752,4.0,0.7753,105.0
1753531773386,12:09:33.386,BNT/USDT:USDT,0.7748,92.0,0.7747,348.0,0.7752,109.0,0.7753,105.0
1753531773486,12:09:33.486,BNT/USDT:USDT,0.7748,92.0,0.7747,348.0,0.7752,109.0,0.7753,105.0
1753531773599,12:09:33.599,BNT/USDT:USDT,0.7748,92.0,0.7747,348.0,0.7752,17.0,0.7753,105.0
1753531773634,12:09:33.634,BNT/USDT:USDT,0.7748,92.0,0.7747,348.0,0.7752,17.0,0.7753,105.0
1753531773726,12:09:33.726,BNT/USDT:USDT,0.7748,92.0,0.7747,348.0,0.7752,17.0,0.7753,105.0
1753531773885,12:09:33.885,BNT/USDT:USDT,0.7748,92.0,0.7747,348.0,0.7752,17.0,0.7753,105.0
1753531773946,12:09:33.946,BNT/USDT:USDT,0.7748,92.0,0.7747,361.0,0.7751,2.0,0.7752,17.0
1753531774067,12:09:34.067,BNT/USDT:USDT,0.7748,348.0,0.7747,118.0,0.7751,2.0,0.7752,17.0
1753531774222,12:09:34.222,BNT/USDT:USDT,0.7748,348.0,0.7747,118.0,0.7751,2.0,0.7752,17.0
1753531774342,12:09:34.342,BNT/USDT:USDT,0.7748,348.0,0.7747,118.0,0.7751,2.0,0.7752,17.0
1753531774589,12:09:34.589,BNT/USDT:USDT,0.7749,92.0,0.7748,348.0,0.7751,2.0,0.7752,4.0
1753531774700,12:09:34.700,BNT/USDT:USDT,0.7753,11.0,0.7749,105.0,0.7754,6.0,0.7755,92.0
1753531774787,12:09:34.787,BNT/USDT:USDT,0.7753,11.0,0.7749,105.0,0.7754,6.0,0.7755,105.0
1753531774896,12:09:34.896,BNT/USDT:USDT,0.7753,11.0,0.7749,105.0,0.7754,6.0,0.7755,105.0
1753531775099,12:09:35.099,BNT/USDT:USDT,0.7753,11.0,0.7749,105.0,0.7754,6.0,0.7755,105.0
1753531775131,12:09:35.131,BNT/USDT:USDT,0.7753,11.0,0.7749,105.0,0.7754,6.0,0.7755,105.0
1753531775225,12:09:35.225,BNT/USDT:USDT,0.7753,11.0,0.7749,105.0,0.7754,6.0,0.7755,105.0
1753531775656,12:09:35.656,BNT/USDT:USDT,0.7753,11.0,0.7749,105.0,0.7754,6.0,0.7755,105.0
1753531775751,12:09:35.751,BNT/USDT:USDT,0.7753,11.0,0.7749,105.0,0.7754,6.0,0.7755,105.0
1753531775891,12:09:35.891,BNT/USDT:USDT,0.7753,11.0,0.7749,105.0,0.7754,6.0,0.7755,13.0
1753531775985,12:09:35.985,BNT/USDT:USDT,0.7753,11.0,0.7749,105.0,0.7754,6.0,0.776,89.0
1753531776030,12:09:36.030,BNT/USDT:USDT,0.7753,11.0,0.7749,105.0,0.7756,105.0,0.7757,13.0
1753531776112,12:09:36.112,BNT/USDT:USDT,0.7753,11.0,0.7749,105.0,0.7755,6.0,0.7756,105.0
1753531776477,12:09:36.477,BNT/USDT:USDT,0.7753,11.0,0.7749,105.0,0.7755,6.0,0.7756,105.0
1753531776547,12:09:36.547,BNT/USDT:USDT,0.7753,11.0,0.7749,105.0,0.7755,6.0,0.7756,105.0
1753531776799,12:09:36.799,BNT/USDT:USDT,0.7753,11.0,0.7749,105.0,0.7755,6.0,0.7756,105.0
1753531777261,12:09:37.261,BNT/USDT:USDT,0.7753,11.0,0.7749,105.0,0.7755,6.0,0.7756,105.0
1753531777585,12:09:37.585,BNT/USDT:USDT,0.7753,11.0,0.7749,105.0,0.7755,6.0,0.7756,105.0
1753531777697,12:09:37.697,BNT/USDT:USDT,0.7753,11.0,0.7749,105.0,0.7755,6.0,0.7756,105.0
1753531778646,12:09:38.646,BNT/USDT:USDT,0.7753,11.0,0.7752,13.0,0.7755,6.0,0.7756,13.0
1753531779167,12:09:39.167,BNT/USDT:USDT,0.7753,11.0,0.7752,13.0,0.7755,6.0,0.7756,13.0
1753531779293,12:09:39.293,BNT/USDT:USDT,0.7753,11.0,0.7752,13.0,0.7755,6.0,0.7756,13.0
1753531779395,12:09:39.395,BNT/USDT:USDT,0.7753,101.0,0.7752,13.0,0.7755,6.0,0.776,89.0
1753531779446,12:09:39.446,BNT/USDT:USDT,0.7753,101.0,0.7752,13.0,0.7755,6.0,0.776,89.0
1753531779583,12:09:39.583,BNT/USDT:USDT,0.7753,114.0,0.7752,13.0,0.7759,15.0,0.776,89.0
1753531779747,12:09:39.747,BNT/USDT:USDT,0.7753,101.0,0.7752,13.0,0.7758,103.0,0.7759,15.0
1753531779813,12:09:39.813,BNT/USDT:USDT,0.7753,101.0,0.7752,13.0,0.7757,15.0,0.7758,116.0
1753531780151,12:09:40.151,BNT/USDT:USDT,0.7753,101.0,0.7752,13.0,0.7757,15.0,0.7758,116.0
1753531780425,12:09:40.425,BNT/USDT:USDT,0.7753,101.0,0.7752,13.0,0.7757,15.0,0.7758,116.0
1753531780513,12:09:40.513,BNT/USDT:USDT,0.7753,101.0,0.7752,13.0,0.7756,4.0,0.7757,15.0
1753531780691,12:09:40.691,BNT/USDT:USDT,0.7753,101.0,0.7749,92.0,0.7756,17.0,0.7757,28.0
1753531780785,12:09:40.785,BNT/USDT:USDT,0.7753,101.0,0.7749,348.0,0.7755,2.0,0.7756,17.0
1753531780807,12:09:40.807,BNT/USDT:USDT,0.7753,101.0,0.7749,348.0,0.7755,2.0,0.7756,17.0
1753531780966,12:09:40.966,BNT/USDT:USDT,0.7753,101.0,0.7749,348.0,0.7755,2.0,0.7756,17.0
1753531781075,12:09:41.075,BNT/USDT:USDT,0.7754,90.0,0.7753,101.0,0.776,102.0,0.7769,50.0
1753531781145,12:09:41.145,BNT/USDT:USDT,0.7755,6.0,0.7754,90.0,0.776,115.0,0.7769,50.0
1753531781385,12:09:41.385,BNT/USDT:USDT,0.7755,6.0,0.7754,90.0,0.776,115.0,0.7769,50.0
1753531781499,12:09:41.499,BNT/USDT:USDT,0.7755,6.0,0.7754,90.0,0.776,115.0,0.7769,50.0
1753531781582,12:09:41.582,BNT/USDT:USDT,0.7755,6.0,0.7754,90.0,0.776,115.0,0.7769,50.0
1753531781687,12:09:41.687,BNT/USDT:USDT,0.7755,6.0,0.7754,90.0,0.776,115.0,0.7769,50.0
1753531781735,12:09:41.735,BNT/USDT:USDT,0.7755,6.0,0.7754,90.0,0.776,115.0,0.7769,50.0
1753531781885,12:09:41.885,BNT/USDT:USDT,0.7755,6.0,0.7754,90.0,0.776,115.0,0.7769,50.0
1753531781986,12:09:41.986,BNT/USDT:USDT,0.7755,6.0,0.7754,90.0,0.776,115.0,0.7769,50.0
1753531782069,12:09:42.069,BNT/USDT:USDT,0.7755,19.0,0.7754,90.0,0.776,13.0,0.7769,50.0
1753531782186,12:09:42.186,BNT/USDT:USDT,0.7755,109.0,0.7754,90.0,0.776,13.0,0.7769,50.0
1753531782269,12:09:42.269,BNT/USDT:USDT,0.7756,90.0,0.7755,109.0,0.7765,90.0,0.7766,476.0
1753531782378,12:09:42.378,BNT/USDT:USDT,0.7757,6.0,0.7756,90.0,0.7765,90.0,0.7766,476.0
1753531782589,12:09:42.589,BNT/USDT:USDT,0.7757,6.0,0.7756,90.0,0.7765,90.0,0.7766,476.0
1753531782637,12:09:42.637,BNT/USDT:USDT,0.7757,6.0,0.7756,90.0,0.7765,90.0,0.7766,476.0
1753531782988,12:09:42.988,BNT/USDT:USDT,0.7757,6.0,0.7756,90.0,0.7765,90.0,0.7766,476.0
1753531783091,12:09:43.091,BNT/USDT:USDT,0.7757,6.0,0.7756,90.0,0.7764,103.0,0.7765,103.0
1753531783122,12:09:43.122,BNT/USDT:USDT,0.7757,6.0,0.7756,90.0,0.7763,90.0,0.7764,103.0
1753531783386,12:09:43.386,BNT/USDT:USDT,0.7757,6.0,0.7755,90.0,0.7763,90.0,0.7764,103.0
1753531783492,12:09:43.492,BNT/USDT:USDT,0.7756,2.0,0.7754,90.0,0.7763,90.0,0.7764,103.0
1753531783532,12:09:43.532,BNT/USDT:USDT,0.7755,2.0,0.7754,90.0,0.7763,90.0,0.7764,103.0
1753531783684,12:09:43.684,BNT/USDT:USDT,0.7756,4.0,0.7755,2.0,0.7763,90.0,0.7764,103.0
1753531783710,12:09:43.710,BNT/USDT:USDT,0.7755,6.0,0.7754,90.0,0.7763,90.0,0.7764,103.0
1753531783880,12:09:43.880,BNT/USDT:USDT,0.7755,6.0,0.7754,90.0,0.7763,90.0,0.7764,103.0
1753531783911,12:09:43.911,BNT/USDT:USDT,0.7755,6.0,0.7754,90.0,0.7763,90.0,0.7764,103.0
1753531785546,12:09:45.546,BNT/USDT:USDT,0.7755,96.0,0.7754,90.0,0.7763,90.0,0.7764,103.0
1753531785761,12:09:45.761,BNT/USDT:USDT,0.7755,96.0,0.7754,90.0,0.7763,90.0,0.7764,103.0
1753531785932,12:09:45.932,BNT/USDT:USDT,0.7755,96.0,0.7754,90.0,0.7763,90.0,0.7764,103.0
1753531786290,12:09:46.290,BNT/USDT:USDT,0.7755,96.0,0.7754,90.0,0.7763,90.0,0.7764,103.0
1753531786588,12:09:46.588,BNT/USDT:USDT,0.7756,103.0,0.7755,96.0,0.7763,90.0,0.7764,103.0
1753531786625,12:09:46.625,BNT/USDT:USDT,0.7757,6.0,0.7756,103.0,0.7762,90.0,0.7763,103.0
1753531786753,12:09:46.753,BNT/USDT:USDT,0.7757,6.0,0.7756,103.0,0.7762,90.0,0.7763,103.0
1753531787091,12:09:47.091,BNT/USDT:USDT,0.7757,6.0,0.7755,90.0,0.7761,103.0,0.7762,116.0
1753531787110,12:09:47.110,BNT/USDT:USDT,0.7756,6.0,0.7755,90.0,0.7761,103.0,0.7762,116.0
1753531787314,12:09:47.314,BNT/USDT:USDT,0.7756,6.0,0.7755,90.0,0.776,102.0,0.7761,116.0
1753531787596,12:09:47.596,BNT/USDT:USDT,0.7756,6.0,0.7755,90.0,0.776,102.0,0.7761,116.0
1753531787884,12:09:47.884,BNT/USDT:USDT,0.7756,6.0,0.7754,90.0,0.776,13.0,0.7761,116.0
1753531787910,12:09:47.910,BNT/USDT:USDT,0.7755,6.0,0.7754,90.0,0.776,13.0,0.7761,116.0
1753531788037,12:09:48.037,BNT/USDT:USDT,0.7755,6.0,0.7754,90.0,0.776,13.0,0.7761,116.0
1753531788433,12:09:48.433,BNT/USDT:USDT,0.7755,6.0,0.7754,90.0,0.776,13.0,0.7761,116.0
1753531788594,12:09:48.594,BNT/USDT:USDT,0.7755,95.0,0.7754,90.0,0.776,13.0,0.7761,116.0
1753531789233,12:09:49.233,BNT/USDT:USDT,0.7755,95.0,0.7754,90.0,0.776,102.0,0.7761,116.0
1753531790002,12:09:50.002,BNT/USDT:USDT,0.7755,95.0,0.7754,90.0,0.776,102.0,0.7761,116.0
1753531790044,12:09:50.044,BNT/USDT:USDT,0.7755,95.0,0.7754,90.0,0.776,102.0,0.7761,116.0
1753531791036,12:09:51.036,BNT/USDT:USDT,0.7755,95.0,0.7754,90.0,0.776,102.0,0.7761,116.0
1753531791437,12:09:51.437,BNT/USDT:USDT,0.7755,6.0,0.7754,90.0,0.7759,102.0,0.776,115.0
1753531791545,12:09:51.545,BNT/USDT:USDT,0.7755,6.0,0.7754,103.0,0.7759,13.0,0.776,115.0
1753531792136,12:09:52.136,BNT/USDT:USDT,0.7755,6.0,0.7754,103.0,0.7759,13.0,0.776,115.0
1753531794279,12:09:54.279,BNT/USDT:USDT,0.7755,6.0,0.7754,103.0,0.7759,13.0,0.776,115.0
1753531794780,12:09:54.780,BNT/USDT:USDT,0.7755,6.0,0.7754,103.0,0.7759,13.0,0.776,115.0
1753531796284,12:09:56.284,BNT/USDT:USDT,0.7755,95.0,0.7754,103.0,0.7759,13.0,0.776,115.0
1753531796419,12:09:56.419,BNT/USDT:USDT,0.7755,95.0,0.7754,103.0,0.7759,13.0,0.776,115.0
1753531798551,12:09:58.551,BNT/USDT:USDT,0.7755,95.0,0.7754,103.0,0.7759,13.0,0.776,115.0
1753531799144,12:09:59.144,BNT/USDT:USDT,0.7755,95.0,0.7754,103.0,0.7759,13.0,0.776,115.0
1753531800680,12:10:00.680,BNT/USDT:USDT,0.7755,95.0,0.7754,103.0,0.7759,13.0,0.776,115.0
1753531800720,12:10:00.720,BNT/USDT:USDT,0.7755,95.0,0.7754,103.0,0.7759,13.0,0.776,115.0
1753531800891,12:10:00.891,BNT/USDT:USDT,0.7755,95.0,0.7754,103.0,0.7759,13.0,0.776,115.0
1753531801347,12:10:01.347,BNT/USDT:USDT,0.7755,95.0,0.7754,103.0,0.7759,13.0,0.776,115.0
1753531801707,12:10:01.707,BNT/USDT:USDT,0.7755,95.0,0.7754,103.0,0.7759,13.0,0.776,115.0
1753531802129,12:10:02.129,BNT/USDT:USDT,0.7755,95.0,0.7754,103.0,0.7759,13.0,0.776,115.0
1753531802799,12:10:02.799,BNT/USDT:USDT,0.7755,95.0,0.7754,103.0,0.7759,13.0,0.776,115.0
1753531803496,12:10:03.496,BNT/USDT:USDT,0.7755,95.0,0.7754,103.0,0.7759,13.0,0.776,115.0
1753531803506,12:10:03.506,BNT/USDT:USDT,0.7755,95.0,0.7754,103.0,0.7759,13.0,0.776,115.0
1753531804911,12:10:04.911,BNT/USDT:USDT,0.7755,95.0,0.7754,103.0,0.7759,13.0,0.776,115.0
1753531805866,12:10:05.866,BNT/USDT:USDT,0.7755,95.0,0.7754,103.0,0.7759,13.0,0.776,115.0
1753531806286,12:10:06.286,BNT/USDT:USDT,0.7755,95.0,0.7754,103.0,0.7759,13.0,0.776,115.0
1753531806786,12:10:06.786,BNT/USDT:USDT,0.7756,103.0,0.7755,119.0,0.7761,90.0,0.7765,90.0
1753531806825,12:10:06.825,BNT/USDT:USDT,0.7757,6.0,0.7756,103.0,0.7765,90.0,0.7766,476.0
1753531807039,12:10:07.039,BNT/USDT:USDT,0.7757,6.0,0.7756,103.0,0.7765,90.0,0.7766,476.0
1753531807397,12:10:07.397,BNT/USDT:USDT,0.7757,6.0,0.7756,103.0,0.7765,90.0,0.7766,476.0
1753531808779,12:10:08.779,BNT/USDT:USDT,0.7757,95.0,0.7756,103.0,0.7765,90.0,0.7766,476.0
1753531810593,12:10:10.593,BNT/USDT:USDT,0.7758,89.0,0.7757,95.0,0.7765,90.0,0.7766,476.0
1753531810693,12:10:10.693,BNT/USDT:USDT,0.7759,30.0,0.7758,89.0,0.7764,89.0,0.7765,102.0
1753531810751,12:10:10.751,BNT/USDT:USDT,0.7759,30.0,0.7758,89.0,0.7764,89.0,0.7765,102.0
1753531810810,12:10:10.810,BNT/USDT:USDT,0.7759,30.0,0.7758,89.0,0.7764,89.0,0.7765,102.0
1753531810985,12:10:10.985,BNT/USDT:USDT,0.7759,30.0,0.7758,89.0,0.7764,89.0,0.7765,102.0
1753531811169,12:10:11.169,BNT/USDT:USDT,0.7759,30.0,0.7758,89.0,0.7764,89.0,0.7765,102.0
1753531811283,12:10:11.283,BNT/USDT:USDT,0.7759,30.0,0.7757,89.0,0.7764,89.0,0.7765,102.0
1753531811955,12:10:11.955,BNT/USDT:USDT,0.7759,30.0,0.7757,89.0,0.7764,89.0,0.7765,102.0
1753531812199,12:10:12.199,BNT/USDT:USDT,0.7759,30.0,0.7757,89.0,0.7764,89.0,0.7765,102.0
1753531812611,12:10:12.611,BNT/USDT:USDT,0.7759,30.0,0.7757,89.0,0.7764,89.0,0.7765,102.0
1753531812890,12:10:12.890,BNT/USDT:USDT,0.7759,30.0,0.7757,89.0,0.7764,89.0,0.7765,102.0
1753531813399,12:10:13.399,BNT/USDT:USDT,0.7759,30.0,0.7756,91.0,0.7764,89.0,0.7765,102.0
1753531813426,12:10:13.426,BNT/USDT:USDT,0.7759,30.0,0.7756,91.0,0.7764,89.0,0.7765,102.0
1753531813777,12:10:13.777,BNT/USDT:USDT,0.7759,30.0,0.7756,91.0,0.7764,89.0,0.7765,102.0
1753531814333,12:10:14.333,BNT/USDT:USDT,0.7759,30.0,0.7756,91.0,0.7764,89.0,0.7765,102.0
1753531814745,12:10:14.745,BNT/USDT:USDT,0.7759,30.0,0.7756,91.0,0.7764,89.0,0.7765,102.0
1753531814999,12:10:14.999,BNT/USDT:USDT,0.7759,18.0,0.7756,91.0,0.7763,101.0,0.7764,101.0
1753531815056,12:10:15.056,BNT/USDT:USDT,0.7759,18.0,0.7756,91.0,0.7763,101.0,0.7764,101.0
1753531815532,12:10:15.532,BNT/USDT:USDT,0.7759,18.0,0.7755,89.0,0.7763,101.0,0.7764,101.0
1753531815836,12:10:15.836,BNT/USDT:USDT,0.7759,18.0,0.7755,89.0,0.7763,101.0,0.7764,101.0
1753531816272,12:10:16.272,BNT/USDT:USDT,0.7759,18.0,0.7755,89.0,0.7763,101.0,0.7764,101.0
1753531816694,12:10:16.694,BNT/USDT:USDT,0.7759,18.0,0.7755,89.0,0.7763,101.0,0.7764,101.0
1753531817656,12:10:17.656,BNT/USDT:USDT,0.7759,6.0,0.7754,90.0,0.7763,101.0,0.7764,101.0
1753531817714,12:10:17.714,BNT/USDT:USDT,0.7755,6.0,0.7754,90.0,0.7763,101.0,0.7764,101.0
1753531817804,12:10:17.804,BNT/USDT:USDT,0.7756,89.0,0.7755,6.0,0.7763,101.0,0.7764,101.0
1753531817916,12:10:17.916,BNT/USDT:USDT,0.7757,6.0,0.7756,89.0,0.7763,101.0,0.7764,101.0
1753531818344,12:10:18.344,BNT/USDT:USDT,0.7757,18.0,0.7756,89.0,0.7763,101.0,0.7764,101.0
1753531819012,12:10:19.012,BNT/USDT:USDT,0.7757,107.0,0.7756,89.0,0.7763,101.0,0.7764,101.0
1753531819149,12:10:19.149,BNT/USDT:USDT,0.7757,107.0,0.7756,89.0,0.7763,101.0,0.7764,101.0
1753531819790,12:10:19.790,BNT/USDT:USDT,0.7757,107.0,0.7754,90.0,0.7763,101.0,0.7764,101.0
1753531820776,12:10:20.776,BNT/USDT:USDT,0.7757,107.0,0.7754,90.0,0.7763,101.0,0.7764,101.0
1753531821190,12:10:21.190,BNT/USDT:USDT,0.7757,107.0,0.7754,90.0,0.7763,101.0,0.7764,101.0
1753531821925,12:10:21.925,BNT/USDT:USDT,0.7757,107.0,0.7754,90.0,0.7763,101.0,0.7764,101.0
1753531824234,12:10:24.234,BNT/USDT:USDT,0.7757,107.0,0.7754,346.0,0.7763,101.0,0.7764,101.0
1753531825615,12:10:25.615,BNT/USDT:USDT,0.7757,107.0,0.7754,346.0,0.7763,101.0,0.7764,101.0
1753531825791,12:10:25.791,BNT/USDT:USDT,0.7759,101.0,0.7758,101.0,0.7764,101.0,0.7765,90.0
1753531825886,12:10:25.886,BNT/USDT:USDT,0.7759,101.0,0.7758,101.0,0.7764,101.0,0.7765,90.0
1753531826039,12:10:26.039,BNT/USDT:USDT,0.776,6.0,0.7759,101.0,0.7764,101.0,0.7765,90.0
1753531826447,12:10:26.447,BNT/USDT:USDT,0.776,6.0,0.7759,101.0,0.7764,101.0,0.7765,102.0
1753531826632,12:10:26.632,BNT/USDT:USDT,0.776,6.0,0.7759,101.0,0.7764,101.0,0.7765,102.0
1753531826860,12:10:26.860,BNT/USDT:USDT,0.776,6.0,0.7759,101.0,0.7764,101.0,0.7765,102.0
1753531827843,12:10:27.843,BNT/USDT:USDT,0.776,18.0,0.7759,101.0,0.7764,101.0,0.7765,102.0
1753531828151,12:10:28.151,BNT/USDT:USDT,0.776,18.0,0.7759,101.0,0.7764,12.0,0.7765,102.0
1753531828320,12:10:28.320,BNT/USDT:USDT,0.776,18.0,0.7759,101.0,0.7764,12.0,0.7765,102.0
1753531828494,12:10:28.494,BNT/USDT:USDT,0.776,18.0,0.7759,101.0,0.7765,102.0,0.7766,476.0
1753531829368,12:10:29.368,BNT/USDT:USDT,0.776,110.0,0.7759,101.0,0.7765,102.0,0.7766,476.0
1753531829688,12:10:29.688,BNT/USDT:USDT,0.776,110.0,0.7759,101.0,0.7765,102.0,0.7766,476.0
1753531830929,12:10:30.929,BNT/USDT:USDT,0.776,110.0,0.7759,101.0,0.7765,90.0,0.7766,476.0
1753531831476,12:10:31.476,BNT/USDT:USDT,0.776,110.0,0.7759,101.0,0.7765,102.0,0.7766,476.0
1753531831580,12:10:31.580,BNT/USDT:USDT,0.776,110.0,0.7759,101.0,0.7765,114.0,0.7766,476.0
1753531833593,12:10:33.593,BNT/USDT:USDT,0.776,18.0,0.7759,12.0,0.7764,92.0,0.7765,114.0
1753531833758,12:10:33.758,BNT/USDT:USDT,0.776,18.0,0.7759,12.0,0.7764,92.0,0.7765,114.0
1753531834717,12:10:34.717,BNT/USDT:USDT,0.776,18.0,0.7759,12.0,0.7764,92.0,0.7765,114.0
1753531836857,12:10:36.857,BNT/USDT:USDT,0.776,18.0,0.7759,12.0,0.7764,92.0,0.7765,114.0
1753531836981,12:10:36.981,BNT/USDT:USDT,0.776,18.0,0.7759,12.0,0.7764,92.0,0.7765,114.0
1753531837078,12:10:37.078,BNT/USDT:USDT,0.776,18.0,0.7759,12.0,0.7764,92.0,0.7765,114.0
1753531837196,12:10:37.196,BNT/USDT:USDT,0.7757,256.0,0.7754,90.0,0.7762,100.0,0.7763,12.0
1753531837232,12:10:37.232,BNT/USDT:USDT,0.7757,256.0,0.7754,90.0,0.7761,106.0,0.7762,100.0
1753531837348,12:10:37.348,BNT/USDT:USDT,0.7755,268.0,0.7754,90.0,0.7761,106.0,0.7762,100.0
1753531837406,12:10:37.406,BNT/USDT:USDT,0.7755,268.0,0.7754,90.0,0.7761,106.0,0.7762,100.0
1753531837923,12:10:37.923,BNT/USDT:USDT,0.7755,12.0,0.7754,90.0,0.7761,106.0,0.7762,100.0
1753531838071,12:10:38.071,BNT/USDT:USDT,0.7754,90.0,0.7753,357.0,0.7761,106.0,0.7762,100.0
1753531838241,12:10:38.241,BNT/USDT:USDT,0.7754,90.0,0.7753,357.0,0.7761,106.0,0.7762,100.0
1753531839000,12:10:39.000,BNT/USDT:USDT,0.7754,90.0,0.7753,357.0,0.7761,106.0,0.7762,100.0
1753531839057,12:10:39.057,BNT/USDT:USDT,0.7754,90.0,0.7753,357.0,0.7761,106.0,0.7762,100.0
1753531839232,12:10:39.232,BNT/USDT:USDT,0.7754,90.0,0.7753,357.0,0.776,153.0,0.7761,106.0
1753531839318,12:10:39.318,BNT/USDT:USDT,0.7754,90.0,0.7753,357.0,0.7759,6.0,0.776,153.0
1753531839489,12:10:39.489,BNT/USDT:USDT,0.7754,90.0,0.7753,357.0,0.7759,6.0,0.776,153.0
1753531839585,12:10:39.585,BNT/USDT:USDT,0.7754,90.0,0.7753,357.0,0.7759,150.0,0.776,153.0
1753531840647,12:10:40.647,BNT/USDT:USDT,0.7754,90.0,0.7753,357.0,0.7759,150.0,0.776,153.0
1753531840796,12:10:40.796,BNT/USDT:USDT,0.7754,90.0,0.7753,357.0,0.7759,150.0,0.776,153.0
1753531841100,12:10:41.100,BNT/USDT:USDT,0.7754,90.0,0.7753,357.0,0.7759,150.0,0.776,153.0
1753531841126,12:10:41.126,BNT/USDT:USDT,0.7754,90.0,0.7753,357.0,0.7759,150.0,0.776,153.0
1753531841682,12:10:41.682,BNT/USDT:USDT,0.7754,90.0,0.7753,357.0,0.7759,6.0,0.776,88.0
1753531841786,12:10:41.786,BNT/USDT:USDT,0.7754,90.0,0.7753,357.0,0.7759,6.0,0.7762,88.0
1753531841899,12:10:41.899,BNT/USDT:USDT,0.7754,90.0,0.7753,357.0,0.7761,6.0,0.7762,88.0
1753531841973,12:10:41.973,BNT/USDT:USDT,0.7754,90.0,0.7753,357.0,0.7761,6.0,0.7762,88.0
1753531842369,12:10:42.369,BNT/USDT:USDT,0.7754,90.0,0.7753,101.0,0.7761,94.0,0.7762,88.0
1753531842805,12:10:42.805,BNT/USDT:USDT,0.7754,90.0,0.7753,101.0,0.7761,94.0,0.7762,88.0
1753531843028,12:10:43.028,BNT/USDT:USDT,0.7755,88.0,0.7754,346.0,0.7761,159.0,0.7762,88.0
1753531843138,12:10:43.138,BNT/USDT:USDT,0.7754,346.0,0.7753,101.0,0.776,144.0,0.7761,159.0
1753531843266,12:10:43.266,BNT/USDT:USDT,0.7754,346.0,0.7753,101.0,0.7759,6.0,0.776,144.0
1753531843424,12:10:43.424,BNT/USDT:USDT,0.7754,90.0,0.7753,357.0,0.7759,71.0,0.776,144.0
1753531843587,12:10:43.587,BNT/USDT:USDT,0.7754,90.0,0.7753,357.0,0.7759,71.0,0.776,144.0
1753531844497,12:10:44.497,BNT/USDT:USDT,0.7754,90.0,0.7753,357.0,0.7759,6.0,0.7761,88.0
1753531844559,12:10:44.559,BNT/USDT:USDT,0.7754,90.0,0.7753,357.0,0.776,6.0,0.7765,90.0
1753531844625,12:10:44.625,BNT/USDT:USDT,0.7754,90.0,0.7753,357.0,0.7763,88.0,0.7764,6.0
1753531844778,12:10:44.778,BNT/USDT:USDT,0.7754,90.0,0.7753,357.0,0.7762,6.0,0.7763,88.0
1753531844877,12:10:44.877,BNT/USDT:USDT,0.7754,90.0,0.7753,357.0,0.7762,6.0,0.7763,88.0
1753531844976,12:10:44.976,BNT/USDT:USDT,0.7754,90.0,0.7753,101.0,0.7762,6.0,0.7763,88.0
1753531845028,12:10:45.028,BNT/USDT:USDT,0.7754,90.0,0.7753,101.0,0.7762,6.0,0.7763,88.0
1753531845418,12:10:45.418,BNT/USDT:USDT,0.7754,90.0,0.7753,101.0,0.7762,94.0,0.7765,90.0
1753531847350,12:10:47.350,BNT/USDT:USDT,0.7756,89.0,0.7755,256.0,0.7762,215.0,0.7765,90.0
1753531847603,12:10:47.603,BNT/USDT:USDT,0.7756,89.0,0.7755,256.0,0.7762,215.0,0.7765,90.0
1753531848018,12:10:48.018,BNT/USDT:USDT,0.7756,89.0,0.7755,256.0,0.7762,215.0,0.7765,90.0
1753531849186,12:10:49.186,BNT/USDT:USDT,0.7756,89.0,0.7755,256.0,0.7762,215.0,0.7765,90.0
1753531849673,12:10:49.673,BNT/USDT:USDT,0.7756,89.0,0.7755,256.0,0.7762,215.0,0.7765,90.0
1753531849850,12:10:49.850,BNT/USDT:USDT,0.7756,345.0,0.7754,90.0,0.7762,215.0,0.7765,90.0
1753531850112,12:10:50.112,BNT/USDT:USDT,0.7756,345.0,0.7754,90.0,0.7762,215.0,0.7765,90.0
1753531850392,12:10:50.392,BNT/USDT:USDT,0.7755,256.0,0.7754,90.0,0.7762,215.0,0.7765,90.0
1753531850439,12:10:50.439,BNT/USDT:USDT,0.7756,89.0,0.7755,256.0,0.7762,215.0,0.7765,90.0
1753531850888,12:10:50.888,BNT/USDT:USDT,0.7756,345.0,0.7754,90.0,0.7762,215.0,0.7765,90.0
1753531851900,12:10:51.900,BNT/USDT:USDT,0.7756,89.0,0.7755,256.0,0.7762,215.0,0.7765,90.0
1753531851926,12:10:51.926,BNT/USDT:USDT,0.7756,89.0,0.7755,256.0,0.7762,215.0,0.7765,90.0
1753531852740,12:10:52.740,BNT/USDT:USDT,0.7756,89.0,0.7755,256.0,0.7762,215.0,0.7765,90.0
1753531853116,12:10:53.116,BNT/USDT:USDT,0.7756,89.0,0.7755,256.0,0.7762,215.0,0.7765,90.0
1753531853846,12:10:53.846,BNT/USDT:USDT,0.7756,89.0,0.7755,256.0,0.7762,215.0,0.7765,90.0
1753531853962,12:10:53.962,BNT/USDT:USDT,0.7756,89.0,0.7755,256.0,0.7762,215.0,0.7765,90.0
1753531855195,12:10:55.195,BNT/USDT:USDT,0.7756,89.0,0.7755,256.0,0.7762,215.0,0.7765,90.0
1753531856366,12:10:56.366,BNT/USDT:USDT,0.7756,89.0,0.7755,256.0,0.7762,215.0,0.7765,90.0
1753531857092,12:10:57.092,BNT/USDT:USDT,0.7756,89.0,0.7755,256.0,0.7762,127.0,0.7765,90.0
1753531857366,12:10:57.366,BNT/USDT:USDT,0.7756,89.0,0.7755,256.0,0.7762,127.0,0.7765,90.0
1753531857525,12:10:57.525,BNT/USDT:USDT,0.7757,91.0,0.7756,345.0,0.7762,127.0,0.7765,90.0
1753531857695,12:10:57.695,BNT/USDT:USDT,0.7757,91.0,0.7756,345.0,0.7762,127.0,0.7765,90.0
1753531858275,12:10:58.275,BNT/USDT:USDT,0.7757,91.0,0.7756,345.0,0.7762,127.0,0.7765,90.0
1753531859092,12:10:59.092,BNT/USDT:USDT,0.7757,347.0,0.7756,89.0,0.7762,127.0,0.7765,90.0
1753531859718,12:10:59.718,BNT/USDT:USDT,0.7757,347.0,0.7756,89.0,0.7762,127.0,0.7765,90.0
1753531859999,12:10:59.999,BNT/USDT:USDT,0.7757,347.0,0.7756,89.0,0.7762,127.0,0.7765,90.0
1753531860135,12:11:00.135,BNT/USDT:USDT,0.7757,347.0,0.7756,89.0,0.7762,127.0,0.7765,90.0
1753531860366,12:11:00.366,BNT/USDT:USDT,0.7757,347.0,0.7754,90.0,0.7762,127.0,0.7765,90.0
1753531860561,12:11:00.561,BNT/USDT:USDT,0.7757,347.0,0.7754,90.0,0.7762,127.0,0.7765,90.0
1753531861242,12:11:01.242,BNT/USDT:USDT,0.7757,347.0,0.7754,90.0,0.7762,127.0,0.7765,90.0
1753531861741,12:11:01.741,BNT/USDT:USDT,0.7758,91.0,0.7757,347.0,0.7762,127.0,0.7765,90.0
1753531862479,12:11:02.479,BNT/USDT:USDT,0.7758,91.0,0.7757,347.0,0.7762,127.0,0.7765,90.0
1753531862938,12:11:02.938,BNT/USDT:USDT,0.7758,347.0,0.7757,91.0,0.7762,127.0,0.7765,90.0
1753531863345,12:11:03.345,BNT/USDT:USDT,0.7758,347.0,0.7757,91.0,0.7762,127.0,0.7765,90.0
1753531863543,12:11:03.543,BNT/USDT:USDT,0.7758,347.0,0.7757,91.0,0.7762,127.0,0.7765,90.0
1753531863717,12:11:03.717,BNT/USDT:USDT,0.7758,347.0,0.7757,91.0,0.7762,127.0,0.7765,90.0
1753531864208,12:11:04.208,BNT/USDT:USDT,0.7758,347.0,0.7757,91.0,0.7762,127.0,0.7765,90.0
1753531864610,12:11:04.610,BNT/USDT:USDT,0.7758,347.0,0.7754,90.0,0.7762,127.0,0.7765,90.0
1753531865447,12:11:05.447,BNT/USDT:USDT,0.7758,256.0,0.7754,90.0,0.7762,127.0,0.7765,90.0
1753531865676,12:11:05.676,BNT/USDT:USDT,0.7758,256.0,0.7754,90.0,0.7762,900.0,0.7765,90.0
1753531865801,12:11:05.801,BNT/USDT:USDT,0.7758,256.0,0.7754,90.0,0.7762,900.0,0.7765,90.0
1753531866333,12:11:06.333,BNT/USDT:USDT,0.7758,256.0,0.7754,90.0,0.7762,900.0,0.7765,90.0
1753531866778,12:11:06.778,BNT/USDT:USDT,0.7758,256.0,0.7754,90.0,0.7762,900.0,0.7765,90.0
1753531867075,12:11:07.075,BNT/USDT:USDT,0.7758,256.0,0.7754,90.0,0.7762,900.0,0.7765,90.0
1753531867174,12:11:07.174,BNT/USDT:USDT,0.7758,256.0,0.7754,90.0,0.7762,900.0,0.7765,90.0
1753531867459,12:11:07.459,BNT/USDT:USDT,0.7758,256.0,0.7754,90.0,0.7762,900.0,0.7765,90.0
1753531867552,12:11:07.552,BNT/USDT:USDT,0.7757,268.0,0.7754,90.0,0.7762,900.0,0.7765,90.0
1753531868677,12:11:08.677,BNT/USDT:USDT,0.7757,280.0,0.7754,90.0,0.7762,127.0,0.7765,90.0
1753531868858,12:11:08.858,BNT/USDT:USDT,0.7757,280.0,0.7754,90.0,0.7762,900.0,0.7765,90.0
1753531868982,12:11:08.982,BNT/USDT:USDT,0.7757,280.0,0.7754,90.0,0.7762,900.0,0.7765,90.0
1753531869093,12:11:09.093,BNT/USDT:USDT,0.7757,12.0,0.7756,256.0,0.7762,900.0,0.7765,90.0
1753531869152,12:11:09.152,BNT/USDT:USDT,0.7757,12.0,0.7756,256.0,0.7762,900.0,0.7765,90.0
1753531870993,12:11:10.993,BNT/USDT:USDT,0.7757,12.0,0.7756,256.0,0.7762,900.0,0.7765,90.0
1753531871128,12:11:11.128,BNT/USDT:USDT,0.7757,12.0,0.7756,256.0,0.7762,900.0,0.7765,90.0
1753531871559,12:11:11.559,BNT/USDT:USDT,0.7757,112.0,0.7756,256.0,0.7762,900.0,0.7765,90.0
1753531871868,12:11:11.868,BNT/USDT:USDT,0.7757,368.0,0.7754,90.0,0.7762,127.0,0.7765,90.0
1753531871953,12:11:11.953,BNT/USDT:USDT,0.7757,368.0,0.7754,90.0,0.7762,900.0,0.7765,90.0
1753531872807,12:11:12.807,BNT/USDT:USDT,0.7758,88.0,0.7757,368.0,0.7762,900.0,0.7765,90.0
1753531873168,12:11:13.168,BNT/USDT:USDT,0.7758,88.0,0.7757,368.0,0.7762,900.0,0.7765,90.0
1753531873698,12:11:13.698,BNT/USDT:USDT,0.7758,88.0,0.7757,368.0,0.7762,900.0,0.7765,90.0
1753531873739,12:11:13.739,BNT/USDT:USDT,0.7758,88.0,0.7757,368.0,0.7762,900.0,0.7765,90.0
1753531873847,12:11:13.847,BNT/USDT:USDT,0.7757,368.0,0.7754,90.0,0.7762,900.0,0.7765,90.0
1753531874000,12:11:14.000,BNT/USDT:USDT,0.7758,256.0,0.7757,100.0,0.7762,900.0,0.7765,90.0
1753531874011,12:11:14.011,BNT/USDT:USDT,0.7758,256.0,0.7757,100.0,0.7762,900.0,0.7765,90.0
1753531874308,12:11:14.308,BNT/USDT:USDT,0.7758,256.0,0.7757,100.0,0.7762,900.0,0.7765,90.0
1753531874977,12:11:14.977,BNT/USDT:USDT,0.7758,12.0,0.7757,356.0,0.7762,127.0,0.7765,90.0
1753531875092,12:11:15.092,BNT/USDT:USDT,0.7758,12.0,0.7757,356.0,0.7762,900.0,0.7765,90.0
1753531875228,12:11:15.228,BNT/USDT:USDT,0.7758,12.0,0.7757,356.0,0.7762,900.0,0.7765,90.0
1753531875571,12:11:15.571,BNT/USDT:USDT,0.7758,12.0,0.7757,356.0,0.7762,900.0,0.7765,90.0
1753531875645,12:11:15.645,BNT/USDT:USDT,0.7758,12.0,0.7757,356.0,0.7762,900.0,0.7765,90.0
1753531876865,12:11:16.865,BNT/USDT:USDT,0.7757,268.0,0.7754,90.0,0.7762,900.0,0.7765,90.0
1753531876999,12:11:16.999,BNT/USDT:USDT,0.7758,256.0,0.7754,90.0,0.7762,900.0,0.7765,90.0
1753531877293,12:11:17.293,BNT/USDT:USDT,0.7758,256.0,0.7754,90.0,0.7762,900.0,0.7765,90.0
1753531877455,12:11:17.455,BNT/USDT:USDT,0.7758,256.0,0.7754,90.0,0.7762,900.0,0.7765,90.0
1753531877762,12:11:17.762,BNT/USDT:USDT,0.7758,256.0,0.7754,90.0,0.7762,900.0,0.7765,90.0
1753531878094,12:11:18.094,BNT/USDT:USDT,0.7756,256.0,0.7754,90.0,0.7762,127.0,0.7765,90.0
1753531878192,12:11:18.192,BNT/USDT:USDT,0.7756,256.0,0.7754,90.0,0.7762,127.0,0.7765,90.0
1753531878235,12:11:18.235,BNT/USDT:USDT,0.7756,256.0,0.7754,90.0,0.7762,900.0,0.7765,90.0
1753531881045,12:11:21.045,BNT/USDT:USDT,0.7756,280.0,0.7754,90.0,0.7761,91.0,0.7762,900.0
1753531881126,12:11:21.126,BNT/USDT:USDT,0.7756,280.0,0.7754,90.0,0.776,30.0,0.7761,91.0
1753531881241,12:11:21.241,BNT/USDT:USDT,0.7756,280.0,0.7754,90.0,0.776,30.0,0.7761,91.0
1753531881412,12:11:21.412,BNT/USDT:USDT,0.7756,280.0,0.7754,90.0,0.776,803.0,0.7761,91.0
1753531881663,12:11:21.663,BNT/USDT:USDT,0.7756,280.0,0.7754,90.0,0.776,803.0,0.7765,90.0
1753531882009,12:11:22.009,BNT/USDT:USDT,0.7756,280.0,0.7754,90.0,0.776,803.0,0.7765,90.0
1753531884418,12:11:24.418,BNT/USDT:USDT,0.7756,280.0,0.7754,90.0,0.776,6.0,0.7765,90.0
1753531884546,12:11:24.546,BNT/USDT:USDT,0.7756,280.0,0.7754,90.0,0.776,797.0,0.7763,91.0
1753531884631,12:11:24.631,BNT/USDT:USDT,0.7756,268.0,0.7754,90.0,0.7759,6.0,0.776,797.0
1753531885636,12:11:25.636,BNT/USDT:USDT,0.7756,268.0,0.7754,90.0,0.7759,6.0,0.776,797.0
1753531885964,12:11:25.964,BNT/USDT:USDT,0.7756,268.0,0.7755,12.0,0.7759,6.0,0.776,797.0
1753531887539,12:11:27.539,BNT/USDT:USDT,0.7756,268.0,0.7755,12.0,0.7759,6.0,0.776,24.0
1753531887670,12:11:27.670,BNT/USDT:USDT,0.7756,256.0,0.7755,12.0,0.7759,779.0,0.776,24.0
1753531887725,12:11:27.725,BNT/USDT:USDT,0.7756,256.0,0.7755,12.0,0.7759,775.0,0.776,24.0
1753531887890,12:11:27.890,BNT/USDT:USDT,0.7756,256.0,0.7755,24.0,0.7759,775.0,0.776,24.0
1753531888113,12:11:28.113,BNT/USDT:USDT,0.7756,256.0,0.7755,24.0,0.7759,775.0,0.776,24.0
1753531890673,12:11:30.673,BNT/USDT:USDT,0.7756,256.0,0.7755,24.0,0.7759,2.0,0.776,12.0
1753531890790,12:11:30.790,BNT/USDT:USDT,0.7756,256.0,0.7755,24.0,0.7759,791.0,0.776,24.0
1753531890809,12:11:30.809,BNT/USDT:USDT,0.7756,256.0,0.7755,24.0,0.7759,787.0,0.776,24.0
1753531892787,12:11:32.787,BNT/USDT:USDT,0.7756,256.0,0.7755,12.0,0.7759,787.0,0.776,24.0
1753531892885,12:11:32.885,BNT/USDT:USDT,0.7756,256.0,0.7755,12.0,0.7759,787.0,0.776,24.0
1753531892980,12:11:32.980,BNT/USDT:USDT,0.7756,256.0,0.7755,12.0,0.7759,787.0,0.776,24.0
1753531893094,12:11:33.094,BNT/USDT:USDT,0.7756,256.0,0.7755,12.0,0.7759,787.0,0.776,24.0
1753531893191,12:11:33.191,BNT/USDT:USDT,0.7755,12.0,0.7754,256.0,0.7759,787.0,0.776,24.0
1753531893210,12:11:33.210,BNT/USDT:USDT,0.7755,12.0,0.7754,256.0,0.7758,4.0,0.7759,787.0
1753531893320,12:11:33.320,BNT/USDT:USDT,0.7755,12.0,0.7754,268.0,0.7758,16.0,0.7759,787.0
1753531893458,12:11:33.458,BNT/USDT:USDT,0.7755,12.0,0.7754,268.0,0.7757,2.0,0.7758,12.0
1753531893510,12:11:33.510,BNT/USDT:USDT,0.7755,12.0,0.7754,268.0,0.7757,6.0,0.7758,12.0
1753531893796,12:11:33.796,BNT/USDT:USDT,0.7755,12.0,0.7754,268.0,0.7757,6.0,0.7759,12.0
1753531893837,12:11:33.837,BNT/USDT:USDT,0.7755,12.0,0.7754,268.0,0.7758,6.0,0.7765,90.0
1753531893970,12:11:33.970,BNT/USDT:USDT,0.7754,256.0,0.7753,101.0,0.7757,797.0,0.7758,24.0
1753531894010,12:11:34.010,BNT/USDT:USDT,0.7754,256.0,0.7753,101.0,0.7756,2.0,0.7757,797.0
1753531894118,12:11:34.118,BNT/USDT:USDT,0.7754,256.0,0.7753,101.0,0.7756,6.0,0.7757,797.0
1753531894278,12:11:34.278,BNT/USDT:USDT,0.7754,256.0,0.7753,101.0,0.7756,6.0,0.7757,797.0
1753531894346,12:11:34.346,BNT/USDT:USDT,0.7755,256.0,0.7753,101.0,0.7756,6.0,0.7757,797.0
1753531894410,12:11:34.410,BNT/USDT:USDT,0.7755,256.0,0.7753,101.0,0.7756,2.0,0.7757,797.0
1753531894671,12:11:34.671,BNT/USDT:USDT,0.7755,256.0,0.7753,101.0,0.7756,2.0,0.7757,797.0
1753531896400,12:11:36.400,BNT/USDT:USDT,0.7756,87.0,0.7755,256.0,0.7765,90.0,0.7766,476.0
1753531896476,12:11:36.476,BNT/USDT:USDT,0.7756,89.0,0.7755,256.0,0.7764,87.0,0.7765,480.0
1753531896706,12:11:36.706,BNT/USDT:USDT,0.7756,89.0,0.7755,256.0,0.7764,87.0,0.7765,480.0
1753531897102,12:11:37.102,BNT/USDT:USDT,0.7756,345.0,0.7753,101.0,0.7764,87.0,0.7765,480.0
1753531898591,12:11:38.591,BNT/USDT:USDT,0.7756,345.0,0.7753,101.0,0.7764,87.0,0.7765,480.0
1753531898735,12:11:38.735,BNT/USDT:USDT,0.7756,345.0,0.7753,101.0,0.7764,87.0,0.7765,480.0
1753531899630,12:11:39.630,BNT/USDT:USDT,0.7756,258.0,0.7753,101.0,0.7763,88.0,0.7764,87.0
1753531899748,12:11:39.748,BNT/USDT:USDT,0.7756,270.0,0.7753,101.0,0.7761,100.0,0.7762,100.0
1753531899809,12:11:39.809,BNT/USDT:USDT,0.7756,270.0,0.7753,101.0,0.7761,104.0,0.7762,100.0
1753531899954,12:11:39.954,BNT/USDT:USDT,0.7756,270.0,0.7753,101.0,0.7761,104.0,0.7762,100.0
1753531900984,12:11:40.984,BNT/USDT:USDT,0.7756,282.0,0.7753,101.0,0.7761,104.0,0.7762,100.0
1753531901177,12:11:41.177,BNT/USDT:USDT,0.7756,282.0,0.7753,101.0,0.7761,104.0,0.7762,100.0
1753531902924,12:11:42.924,BNT/USDT:USDT,0.7756,282.0,0.7753,101.0,0.776,100.0,0.7761,104.0
1753531903105,12:11:43.105,BNT/USDT:USDT,0.7756,282.0,0.7753,101.0,0.776,100.0,0.7761,104.0
1753531903860,12:11:43.860,BNT/USDT:USDT,0.7756,282.0,0.7753,101.0,0.776,100.0,0.7761,104.0
1753531906294,12:11:46.294,BNT/USDT:USDT,0.7756,282.0,0.7753,101.0,0.7761,104.0,0.7764,87.0
1753531906398,12:11:46.398,BNT/USDT:USDT,0.7757,88.0,0.7756,282.0,0.7763,4.0,0.7764,87.0
1753531906466,12:11:46.466,BNT/USDT:USDT,0.7757,88.0,0.7756,282.0,0.7763,88.0,0.7764,91.0
1753531906688,12:11:46.688,BNT/USDT:USDT,0.7757,88.0,0.7756,282.0,0.7763,88.0,0.7764,91.0
1753531906800,12:11:46.800,BNT/USDT:USDT,0.7758,256.0,0.7757,88.0,0.7763,88.0,0.7764,91.0
1753531906861,12:11:46.861,BNT/USDT:USDT,0.7759,2.0,0.7758,280.0,0.7763,112.0,0.7764,91.0
1753531907107,12:11:47.107,BNT/USDT:USDT,0.7759,2.0,0.7758,280.0,0.7763,112.0,0.7764,91.0
1753531909646,12:11:49.646,BNT/USDT:USDT,0.7759,2.0,0.7758,280.0,0.7763,112.0,0.7764,91.0
1753531909888,12:11:49.888,BNT/USDT:USDT,0.7759,2.0,0.7758,280.0,0.7763,112.0,0.7764,91.0
1753531910094,12:11:50.094,BNT/USDT:USDT,0.7759,94.0,0.7758,280.0,0.7763,24.0,0.7764,91.0
1753531911673,12:11:51.673,BNT/USDT:USDT,0.7759,94.0,0.7758,280.0,0.7763,24.0,0.7764,91.0
1753531911722,12:11:51.722,BNT/USDT:USDT,0.7759,94.0,0.7758,280.0,0.7763,24.0,0.7764,91.0
1753531913775,12:11:53.775,BNT/USDT:USDT,0.7759,94.0,0.7758,280.0,0.7763,24.0,0.7764,91.0
1753531914100,12:11:54.100,BNT/USDT:USDT,0.7759,2.0,0.7758,280.0,0.7763,24.0,0.7764,91.0
1753531914109,12:11:54.109,BNT/USDT:USDT,0.7759,2.0,0.7758,280.0,0.7763,24.0,0.7764,91.0
1753531914639,12:11:54.639,BNT/USDT:USDT,0.7759,2.0,0.7758,280.0,0.7763,24.0,0.7764,91.0
1753531915473,12:11:55.473,BNT/USDT:USDT,0.7759,2.0,0.7758,280.0,0.7763,116.0,0.7764,91.0
1753531915760,12:11:55.760,BNT/USDT:USDT,0.7759,2.0,0.7758,280.0,0.7763,116.0,0.7764,91.0
1753531915917,12:11:55.917,BNT/USDT:USDT,0.7759,2.0,0.7758,280.0,0.7763,24.0,0.7764,91.0
1753531919089,12:11:59.089,BNT/USDT:USDT,0.7759,89.0,0.7758,280.0,0.7763,24.0,0.7764,91.0
1753531919118,12:11:59.118,BNT/USDT:USDT,0.7759,89.0,0.7758,280.0,0.7763,24.0,0.7764,4.0
1753531919392,12:11:59.392,BNT/USDT:USDT,0.7759,89.0,0.7758,280.0,0.7763,24.0,0.7764,4.0
1753531919670,12:11:59.670,BNT/USDT:USDT,0.7759,345.0,0.7758,24.0,0.7763,24.0,0.7764,4.0
1753531920983,12:12:00.983,BNT/USDT:USDT,0.7759,345.0,0.7758,24.0,0.7763,24.0,0.7764,4.0
1753531924566,12:12:04.566,BNT/USDT:USDT,0.7759,258.0,0.7758,24.0,0.7763,24.0,0.7764,4.0
1753531924637,12:12:04.637,BNT/USDT:USDT,0.7759,258.0,0.7758,24.0,0.7763,24.0,0.7764,4.0
1753531927873,12:12:07.873,BNT/USDT:USDT,0.776,88.0,0.7759,258.0,0.7763,24.0,0.7764,4.0
1753531927940,12:12:07.940,BNT/USDT:USDT,0.776,88.0,0.7759,258.0,0.7763,24.0,0.7764,4.0
1753531928156,12:12:08.156,BNT/USDT:USDT,0.776,88.0,0.7759,258.0,0.7763,24.0,0.7764,4.0
1753531928291,12:12:08.291,BNT/USDT:USDT,0.776,88.0,0.7759,258.0,0.7763,24.0,0.7764,4.0
1753531928721,12:12:08.721,BNT/USDT:USDT,0.776,88.0,0.7759,258.0,0.7763,24.0,0.7764,4.0
1753531929145,12:12:09.145,BNT/USDT:USDT,0.776,356.0,0.7759,2.0,0.7763,24.0,0.7764,4.0
1753531929212,12:12:09.212,BNT/USDT:USDT,0.7761,2.0,0.776,368.0,0.7763,24.0,0.7764,4.0
1753531929485,12:12:09.485,BNT/USDT:USDT,0.7761,2.0,0.776,368.0,0.7763,12.0,0.7764,4.0
1753531929516,12:12:09.516,BNT/USDT:USDT,0.7761,2.0,0.776,368.0,0.7763,12.0,0.7764,4.0
1753531930300,12:12:10.300,BNT/USDT:USDT,0.7754,88.0,0.7753,101.0,0.7759,33.0,0.7762,100.0
1753531930391,12:12:10.391,BNT/USDT:USDT,0.7754,88.0,0.7753,101.0,0.7759,12.0,0.7762,88.0
1753531930465,12:12:10.465,BNT/USDT:USDT,0.7754,88.0,0.7753,101.0,0.7759,12.0,0.7762,88.0
1753531930533,12:12:10.533,BNT/USDT:USDT,0.7754,88.0,0.7753,101.0,0.7759,12.0,0.7761,2.0
1753531930691,12:12:10.691,BNT/USDT:USDT,0.7755,100.0,0.7754,100.0,0.7759,12.0,0.7762,88.0
1753531930743,12:12:10.743,BNT/USDT:USDT,0.7756,88.0,0.7755,100.0,0.7762,88.0,0.7764,6.0
1753531930862,12:12:10.862,BNT/USDT:USDT,0.7756,88.0,0.7755,100.0,0.7762,88.0,0.7764,6.0
1753531930988,12:12:10.988,BNT/USDT:USDT,0.7756,88.0,0.7755,100.0,0.7762,88.0,0.7764,6.0
1753531931006,12:12:11.006,BNT/USDT:USDT,0.7756,88.0,0.7755,100.0,0.7762,88.0,0.7764,6.0
1753531931234,12:12:11.234,BNT/USDT:USDT,0.7756,100.0,0.7755,100.0,0.7762,112.0,0.7764,6.0
1753531931409,12:12:11.409,BNT/USDT:USDT,0.7756,100.0,0.7755,100.0,0.7762,112.0,0.7764,6.0
1753531931697,12:12:11.697,BNT/USDT:USDT,0.7756,100.0,0.7755,100.0,0.7762,112.0,0.7764,6.0
1753531931799,12:12:11.799,BNT/USDT:USDT,0.7756,100.0,0.7755,100.0,0.7762,112.0,0.7764,6.0
1753531932194,12:12:12.194,BNT/USDT:USDT,0.7756,100.0,0.7755,100.0,0.7762,112.0,0.7764,6.0
1753531932486,12:12:12.486,BNT/USDT:USDT,0.7756,100.0,0.7755,100.0,0.7762,112.0,0.7764,6.0
1753531932827,12:12:12.827,BNT/USDT:USDT,0.7756,100.0,0.7755,100.0,0.7762,112.0,0.7764,6.0
1753531933037,12:12:13.037,BNT/USDT:USDT,0.7756,100.0,0.7755,100.0,0.7762,112.0,0.7764,6.0
1753531933386,12:12:13.386,BNT/USDT:USDT,0.7754,88.0,0.7753,101.0,0.7761,88.0,0.7762,112.0
1753531933451,12:12:13.451,BNT/USDT:USDT,0.7754,88.0,0.7753,101.0,0.776,100.0,0.7761,90.0
1753531933510,12:12:13.510,BNT/USDT:USDT,0.7754,88.0,0.7753,101.0,0.776,100.0,0.7761,94.0
1753531933726,12:12:13.726,BNT/USDT:USDT,0.7754,88.0,0.7753,101.0,0.776,100.0,0.7761,94.0
1753531934566,12:12:14.566,BNT/USDT:USDT,0.7755,88.0,0.7754,112.0,0.776,24.0,0.7761,94.0
1753531934609,12:12:14.609,BNT/USDT:USDT,0.7755,88.0,0.7754,112.0,0.776,24.0,0.7761,90.0
1753531935001,12:12:15.001,BNT/USDT:USDT,0.7755,88.0,0.7754,112.0,0.776,24.0,0.7761,90.0
1753531935386,12:12:15.386,BNT/USDT:USDT,0.7755,88.0,0.7754,112.0,0.776,24.0,0.7761,90.0
1753531935775,12:12:15.775,BNT/USDT:USDT,0.7755,88.0,0.7754,112.0,0.776,24.0,0.7761,90.0
1753531936421,12:12:16.421,BNT/USDT:USDT,0.7755,88.0,0.7754,112.0,0.776,24.0,0.7761,2.0
1753531936510,12:12:16.510,BNT/USDT:USDT,0.7755,88.0,0.7754,112.0,0.776,24.0,0.7762,88.0
1753531936780,12:12:16.780,BNT/USDT:USDT,0.7755,88.0,0.7754,112.0,0.776,24.0,0.7762,88.0
1753531937089,12:12:17.089,BNT/USDT:USDT,0.7755,88.0,0.7754,112.0,0.776,24.0,0.7762,88.0
1753531937300,12:12:17.300,BNT/USDT:USDT,0.7755,88.0,0.7754,112.0,0.776,24.0,0.7762,88.0
1753531939113,12:12:19.113,BNT/USDT:USDT,0.7755,88.0,0.7754,112.0,0.776,24.0,0.7762,88.0
1753531939640,12:12:19.640,BNT/USDT:USDT,0.7755,88.0,0.7754,112.0,0.776,24.0,0.7762,88.0
1753531939716,12:12:19.716,BNT/USDT:USDT,0.7755,88.0,0.7754,112.0,0.776,24.0,0.7762,88.0
1753531939835,12:12:19.835,BNT/USDT:USDT,0.7755,88.0,0.7754,112.0,0.776,24.0,0.7762,88.0
1753531940154,12:12:20.154,BNT/USDT:USDT,0.7755,88.0,0.7754,112.0,0.776,24.0,0.7762,88.0
1753531940300,12:12:20.300,BNT/USDT:USDT,0.7755,88.0,0.7754,112.0,0.776,24.0,0.7762,88.0
1753531940509,12:12:20.509,BNT/USDT:USDT,0.7755,88.0,0.7754,112.0,0.776,24.0,0.7764,96.0
1753531940682,12:12:20.682,BNT/USDT:USDT,0.7755,88.0,0.7754,112.0,0.776,24.0,0.7764,96.0
1753531940712,12:12:20.712,BNT/USDT:USDT,0.7755,88.0,0.7754,112.0,0.776,12.0,0.7764,96.0
1753531941350,12:12:21.350,BNT/USDT:USDT,0.7755,88.0,0.7754,112.0,0.776,24.0,0.7764,96.0
1753531941561,12:12:21.561,BNT/USDT:USDT,0.7755,88.0,0.7754,112.0,0.776,24.0,0.7764,96.0
1753531942385,12:12:22.385,BNT/USDT:USDT,0.7755,88.0,0.7754,112.0,0.776,24.0,0.7764,96.0
1753531942406,12:12:22.406,BNT/USDT:USDT,0.7755,88.0,0.7754,112.0,0.776,24.0,0.7764,96.0
1753531943067,12:12:23.067,BNT/USDT:USDT,0.7755,88.0,0.7754,112.0,0.776,24.0,0.7764,96.0
1753531943110,12:12:23.110,BNT/USDT:USDT,0.7755,88.0,0.7754,112.0,0.776,24.0,0.7764,92.0
1753531943281,12:12:23.281,BNT/USDT:USDT,0.7755,88.0,0.7754,112.0,0.776,24.0,0.7764,92.0
1753531943367,12:12:23.367,BNT/USDT:USDT,0.7755,88.0,0.7754,112.0,0.776,24.0,0.7764,92.0
1753531943685,12:12:23.685,BNT/USDT:USDT,0.7755,88.0,0.7754,112.0,0.776,24.0,0.7764,92.0
1753531943795,12:12:23.795,BNT/USDT:USDT,0.7755,88.0,0.7754,112.0,0.776,24.0,0.7764,92.0
1753531944176,12:12:24.176,BNT/USDT:USDT,0.7755,88.0,0.7754,112.0,0.776,24.0,0.7764,2.0
1753531944296,12:12:24.296,BNT/USDT:USDT,0.7755,88.0,0.7754,112.0,0.7765,90.0,0.7766,6.0
1753531944322,12:12:24.322,BNT/USDT:USDT,0.7755,88.0,0.7754,112.0,0.7765,90.0,0.7766,6.0
1753531944460,12:12:24.460,BNT/USDT:USDT,0.7755,88.0,0.7754,112.0,0.7765,90.0,0.7766,2.0
1753531944517,12:12:24.517,BNT/USDT:USDT,0.7755,88.0,0.7754,112.0,0.7765,90.0,0.7766,2.0
1753531944750,12:12:24.750,BNT/USDT:USDT,0.7755,88.0,0.7754,112.0,0.7765,90.0,0.7766,2.0
1753531944947,12:12:24.947,BNT/USDT:USDT,0.7755,88.0,0.7754,112.0,0.7765,90.0,0.7766,2.0
1753531945167,12:12:25.167,BNT/USDT:USDT,0.7755,88.0,0.7754,112.0,0.7765,90.0,0.7766,2.0
1753531945466,12:12:25.466,BNT/USDT:USDT,0.7756,90.0,0.7755,152.0,0.7765,90.0,0.7766,2.0
1753531945584,12:12:25.584,BNT/USDT:USDT,0.7756,90.0,0.7755,152.0,0.7766,2.0,0.7767,90.0
1753531945686,12:12:25.686,BNT/USDT:USDT,0.7756,90.0,0.7755,152.0,0.7767,90.0,0.7773,2.0
1753531945766,12:12:25.766,BNT/USDT:USDT,0.7757,90.0,0.7756,154.0,0.7767,90.0,0.7773,2.0
1753531945846,12:12:25.846,BNT/USDT:USDT,0.7757,90.0,0.7756,154.0,0.7767,90.0,0.7773,2.0
1753531946021,12:12:26.021,BNT/USDT:USDT,0.7757,90.0,0.7756,154.0,0.7767,90.0,0.7773,2.0
1753531946169,12:12:26.169,BNT/USDT:USDT,0.7757,90.0,0.7756,154.0,0.7767,90.0,0.7773,2.0
1753531947294,12:12:27.294,BNT/USDT:USDT,0.7757,90.0,0.7756,154.0,0.7767,90.0,0.7773,2.0
1753531947302,12:12:27.302,BNT/USDT:USDT,0.7757,90.0,0.7756,154.0,0.7767,90.0,0.7773,2.0
1753531947427,12:12:27.427,BNT/USDT:USDT,0.7757,90.0,0.7756,154.0,0.7767,90.0,0.7773,2.0
1753531947622,12:12:27.622,BNT/USDT:USDT,0.7757,90.0,0.7756,154.0,0.7767,90.0,0.7773,2.0
1753531947962,12:12:27.962,BNT/USDT:USDT,0.7757,90.0,0.7756,154.0,0.7767,90.0,0.7773,2.0
1753531948281,12:12:28.281,BNT/USDT:USDT,0.7757,90.0,0.7756,154.0,0.7767,90.0,0.7773,2.0
1753531948887,12:12:28.887,BNT/USDT:USDT,0.7757,90.0,0.7756,154.0,0.7767,90.0,0.7773,2.0
1753531949077,12:12:29.077,BNT/USDT:USDT,0.7757,90.0,0.7756,154.0,0.7767,90.0,0.7773,2.0
1753531949478,12:12:29.478,BNT/USDT:USDT,0.7757,90.0,0.7756,154.0,0.7767,90.0,0.7773,2.0
1753531950099,12:12:30.099,BNT/USDT:USDT,0.7757,90.0,0.7756,154.0,0.7767,90.0,0.7773,2.0
1753531950173,12:12:30.173,BNT/USDT:USDT,0.7754,88.0,0.7753,101.0,0.7767,90.0,0.7773,2.0
1753531951446,12:12:31.446,BNT/USDT:USDT,0.7755,89.0,0.7754,152.0,0.7767,90.0,0.7773,2.0
1753531952242,12:12:32.242,BNT/USDT:USDT,0.7755,89.0,0.7754,152.0,0.7767,90.0,0.7773,2.0
1753531952344,12:12:32.344,BNT/USDT:USDT,0.7756,89.0,0.7755,153.0,0.7767,90.0,0.7773,2.0
1753531952526,12:12:32.526,BNT/USDT:USDT,0.7755,89.0,0.7754,152.0,0.7767,90.0,0.7773,2.0
1753531953215,12:12:33.215,BNT/USDT:USDT,0.7755,89.0,0.7754,152.0,0.7767,90.0,0.7773,2.0
1753531953340,12:12:33.340,BNT/USDT:USDT,0.7755,89.0,0.7754,152.0,0.7767,90.0,0.7773,2.0
1753531955794,12:12:35.794,BNT/USDT:USDT,0.7754,88.0,0.7753,101.0,0.7767,90.0,0.7773,2.0
1753531955879,12:12:35.879,BNT/USDT:USDT,0.7755,89.0,0.7754,152.0,0.7767,90.0,0.7773,2.0
1753531955919,12:12:35.919,BNT/USDT:USDT,0.7755,89.0,0.7754,344.0,0.7767,90.0,0.7773,2.0
1753531956526,12:12:36.526,BNT/USDT:USDT,0.7755,89.0,0.7754,344.0,0.7767,90.0,0.7773,2.0
1753531957170,12:12:37.170,BNT/USDT:USDT,0.7755,89.0,0.7754,344.0,0.7767,90.0,0.7773,2.0
1753531957588,12:12:37.588,BNT/USDT:USDT,0.7755,89.0,0.7754,344.0,0.7767,90.0,0.7773,2.0
1753531957627,12:12:37.627,BNT/USDT:USDT,0.7755,89.0,0.7754,344.0,0.7767,90.0,0.7773,2.0
1753531958290,12:12:38.290,BNT/USDT:USDT,0.7755,89.0,0.7754,344.0,0.7767,90.0,0.7773,2.0
1753531958439,12:12:38.439,BNT/USDT:USDT,0.7756,90.0,0.7755,153.0,0.7767,90.0,0.7773,2.0
1753531958653,12:12:38.653,BNT/USDT:USDT,0.7756,90.0,0.7755,153.0,0.7767,90.0,0.7773,2.0
1753531958870,12:12:38.870,BNT/USDT:USDT,0.7756,90.0,0.7755,153.0,0.7767,90.0,0.7773,2.0
1753531959087,12:12:39.087,BNT/USDT:USDT,0.7756,90.0,0.7755,153.0,0.7767,90.0,0.7773,2.0
1753531959835,12:12:39.835,BNT/USDT:USDT,0.7756,90.0,0.7755,153.0,0.7767,90.0,0.7773,2.0
1753531960230,12:12:40.230,BNT/USDT:USDT,0.7757,90.0,0.7756,282.0,0.7767,90.0,0.7773,2.0
1753531960325,12:12:40.325,BNT/USDT:USDT,0.7757,90.0,0.7756,410.0,0.7767,90.0,0.7773,2.0
1753531960784,12:12:40.784,BNT/USDT:USDT,0.7757,90.0,0.7756,410.0,0.7767,90.0,0.7773,2.0
1753531961355,12:12:41.355,BNT/USDT:USDT,0.7758,90.0,0.7757,154.0,0.7767,90.0,0.7773,2.0
1753531961458,12:12:41.458,BNT/USDT:USDT,0.7758,90.0,0.7757,154.0,0.7767,90.0,0.7773,2.0
1753531962553,12:12:42.553,BNT/USDT:USDT,0.7761,90.0,0.776,102.0,0.7767,114.0,0.7773,2.0
1753531962930,12:12:42.930,BNT/USDT:USDT,0.7761,102.0,0.776,102.0,0.7767,114.0,0.7773,2.0
1753531963583,12:12:43.583,BNT/USDT:USDT,0.7761,102.0,0.776,102.0,0.7766,90.0,0.7767,114.0
1753531963610,12:12:43.610,BNT/USDT:USDT,0.7761,102.0,0.776,102.0,0.7766,92.0,0.7767,114.0
1753531963860,12:12:43.860,BNT/USDT:USDT,0.7761,102.0,0.776,102.0,0.7766,92.0,0.7767,114.0
1753531965076,12:12:45.076,BNT/USDT:USDT,0.7761,102.0,0.776,102.0,0.7766,92.0,0.7767,114.0
1753531965136,12:12:45.136,BNT/USDT:USDT,0.7761,102.0,0.776,102.0,0.7766,92.0,0.7767,114.0
1753531965334,12:12:45.334,BNT/USDT:USDT,0.7761,102.0,0.776,102.0,0.7766,92.0,0.7767,114.0
1753531967226,12:12:47.226,BNT/USDT:USDT,0.7761,102.0,0.776,102.0,0.7766,92.0,0.7767,114.0
1753531969377,12:12:49.377,BNT/USDT:USDT,0.7761,102.0,0.776,102.0,0.7766,92.0,0.7767,114.0
1753531970346,12:12:50.346,BNT/USDT:USDT,0.7761,102.0,0.776,102.0,0.7766,92.0,0.7767,114.0
1753531975950,12:12:55.950,BNT/USDT:USDT,0.7761,102.0,0.776,102.0,0.7766,92.0,0.7767,114.0
1753531978018,12:12:58.018,BNT/USDT:USDT,0.7761,102.0,0.776,102.0,0.7766,92.0,0.7767,114.0
1753531979787,12:12:59.787,BNT/USDT:USDT,0.7761,102.0,0.776,102.0,0.7766,92.0,0.7767,114.0
1753531980343,12:13:00.343,BNT/USDT:USDT,0.7754,88.0,0.7753,101.0,0.7765,113.0,0.7766,116.0
1753531980413,12:13:00.413,BNT/USDT:USDT,0.7754,88.0,0.7753,101.0,0.7765,113.0,0.7766,120.0
1753531980614,12:13:00.614,BNT/USDT:USDT,0.7754,88.0,0.7753,101.0,0.7765,113.0,0.7766,120.0
1753531980927,12:13:00.927,BNT/USDT:USDT,0.7754,88.0,0.7753,101.0,0.7765,113.0,0.7766,120.0
1753531981028,12:13:01.028,BNT/USDT:USDT,0.7754,88.0,0.7753,101.0,0.7765,113.0,0.7766,120.0
1753531981713,12:13:01.713,BNT/USDT:USDT,0.7754,88.0,0.7753,101.0,0.7765,113.0,0.7766,120.0
1753531981892,12:13:01.892,BNT/USDT:USDT,0.7754,88.0,0.7753,101.0,0.7765,113.0,0.7766,120.0
1753531982316,12:13:02.316,BNT/USDT:USDT,0.7754,88.0,0.7753,101.0,0.7765,113.0,0.7766,120.0
1753531983388,12:13:03.388,BNT/USDT:USDT,0.7754,88.0,0.7753,101.0,0.7765,113.0,0.7766,120.0
1753531984489,12:13:04.489,BNT/USDT:USDT,0.7754,88.0,0.7753,101.0,0.7765,113.0,0.7766,120.0
1753531986188,12:13:06.188,BNT/USDT:USDT,0.7754,88.0,0.7753,101.0,0.7765,113.0,0.7766,120.0
1753531986587,12:13:06.587,BNT/USDT:USDT,0.7754,88.0,0.7753,101.0,0.7765,113.0,0.7766,120.0
1753531986647,12:13:06.647,BNT/USDT:USDT,0.7754,88.0,0.7753,101.0,0.7765,113.0,0.7766,120.0
1753531987369,12:13:07.369,BNT/USDT:USDT,0.7754,88.0,0.7753,101.0,0.7765,113.0,0.7766,120.0
1753531988509,12:13:08.509,BNT/USDT:USDT,0.7754,88.0,0.7753,101.0,0.7765,113.0,0.7766,120.0
1753531988702,12:13:08.702,BNT/USDT:USDT,0.7754,88.0,0.7753,101.0,0.7765,113.0,0.7766,120.0
1753531988704,12:13:08.704,BNT/USDT:USDT,0.7754,88.0,0.7753,101.0,0.7765,113.0,0.7766,120.0
1753531988986,12:13:08.986,BNT/USDT:USDT,0.7754,88.0,0.7753,101.0,0.7765,24.0,0.7766,120.0
1753531989074,12:13:09.074,BNT/USDT:USDT,0.7754,88.0,0.7753,101.0,0.7765,24.0,0.7766,116.0
1753531989845,12:13:09.845,BNT/USDT:USDT,0.7754,88.0,0.7753,101.0,0.7765,24.0,0.7766,116.0
1753531990166,12:13:10.166,BNT/USDT:USDT,0.7756,90.0,0.7755,154.0,0.7765,24.0,0.7766,116.0
1753531990374,12:13:10.374,BNT/USDT:USDT,0.7757,90.0,0.7756,218.0,0.7765,24.0,0.7766,116.0
1753531990831,12:13:10.831,BNT/USDT:USDT,0.7757,90.0,0.7756,218.0,0.7765,24.0,0.7766,116.0
1753531992961,12:13:12.961,BNT/USDT:USDT,0.7757,90.0,0.7756,218.0,0.7765,24.0,0.7766,116.0
1753531993190,12:13:13.190,BNT/USDT:USDT,0.7758,114.0,0.7757,154.0,0.7765,24.0,0.7766,116.0
1753531993233,12:13:13.233,BNT/USDT:USDT,0.7759,90.0,0.7758,114.0,0.7765,24.0,0.7766,116.0
1753531993532,12:13:13.532,BNT/USDT:USDT,0.776,114.0,0.7759,114.0,0.7765,24.0,0.7766,116.0
1753531994266,12:13:14.266,BNT/USDT:USDT,0.776,114.0,0.7759,114.0,0.7765,24.0,0.7766,116.0
1753531994466,12:13:14.466,BNT/USDT:USDT,0.776,114.0,0.7759,114.0,0.7765,24.0,0.7766,116.0
1753531994945,12:13:14.945,BNT/USDT:USDT,0.7761,90.0,0.776,114.0,0.7765,12.0,0.7766,104.0
1753531995096,12:13:15.096,BNT/USDT:USDT,0.7761,90.0,0.776,114.0,0.7765,12.0,0.7766,104.0
1753531995128,12:13:15.128,BNT/USDT:USDT,0.7761,90.0,0.776,114.0,0.7765,12.0,0.7766,104.0
1753531996148,12:13:16.148,BNT/USDT:USDT,0.7761,90.0,0.776,114.0,0.7765,12.0,0.7766,104.0
1753531996210,12:13:16.210,BNT/USDT:USDT,0.7761,90.0,0.776,114.0,0.7765,12.0,0.7766,116.0
1753531996783,12:13:16.783,BNT/USDT:USDT,0.776,114.0,0.7759,114.0,0.7765,102.0,0.7766,116.0
1753531996812,12:13:16.812,BNT/USDT:USDT,0.776,12.0,0.7759,102.0,0.7765,102.0,0.7766,120.0
1753531997258,12:13:17.258,BNT/USDT:USDT,0.776,12.0,0.7759,114.0,0.7765,102.0,0.7766,120.0
1753531997570,12:13:17.570,BNT/USDT:USDT,0.776,12.0,0.7759,114.0,0.7765,102.0,0.7766,120.0
1753531998442,12:13:18.442,BNT/USDT:USDT,0.776,12.0,0.7759,114.0,0.7765,102.0,0.7766,120.0
1753531998721,12:13:18.721,BNT/USDT:USDT,0.776,12.0,0.7759,114.0,0.7765,102.0,0.7766,120.0
1753531998831,12:13:18.831,BNT/USDT:USDT,0.776,12.0,0.7759,114.0,0.7765,102.0,0.7766,120.0
1753531999094,12:13:19.094,BNT/USDT:USDT,0.7761,100.0,0.776,112.0,0.7766,108.0,0.7767,90.0
1753531999150,12:13:19.150,BNT/USDT:USDT,0.7761,100.0,0.776,112.0,0.7766,104.0,0.7767,90.0
1753531999206,12:13:19.206,BNT/USDT:USDT,0.7761,100.0,0.776,112.0,0.7766,104.0,0.7767,90.0
1753531999393,12:13:19.393,BNT/USDT:USDT,0.7761,100.0,0.776,112.0,0.7766,104.0,0.7767,90.0
1753531999408,12:13:19.408,BNT/USDT:USDT,0.7761,100.0,0.776,112.0,0.7766,116.0,0.7767,90.0
1753532000046,12:13:20.046,BNT/USDT:USDT,0.7761,100.0,0.776,112.0,0.7766,116.0,0.7767,90.0
1753532000385,12:13:20.385,BNT/USDT:USDT,0.7761,100.0,0.776,112.0,0.7766,116.0,0.7767,90.0
1753532000497,12:13:20.497,BNT/USDT:USDT,0.7761,12.0,0.776,112.0,0.7765,88.0,0.7766,116.0
1753532000510,12:13:20.510,BNT/USDT:USDT,0.776,100.0,0.7759,102.0,0.7765,88.0,0.7766,120.0
1753532000825,12:13:20.825,BNT/USDT:USDT,0.776,112.0,0.7759,102.0,0.7765,88.0,0.7766,120.0
1753532001531,12:13:21.531,BNT/USDT:USDT,0.776,112.0,0.7759,102.0,0.7765,88.0,0.7766,120.0
1753532001626,12:13:21.626,BNT/USDT:USDT,0.776,112.0,0.7759,102.0,0.7765,88.0,0.7766,120.0
1753532003482,12:13:23.482,BNT/USDT:USDT,0.776,12.0,0.7759,102.0,0.7765,88.0,0.7766,120.0
1753532003656,12:13:23.656,BNT/USDT:USDT,0.776,12.0,0.7759,102.0,0.7765,88.0,0.7766,120.0
1753532004187,12:13:24.187,BNT/USDT:USDT,0.776,12.0,0.7759,102.0,0.7765,88.0,0.7766,120.0
1753532004222,12:13:24.222,BNT/USDT:USDT,0.776,12.0,0.7759,102.0,0.7765,88.0,0.7766,120.0
1753532004493,12:13:24.493,BNT/USDT:USDT,0.776,12.0,0.7759,102.0,0.7765,88.0,0.7766,120.0
1753532004871,12:13:24.871,BNT/USDT:USDT,0.776,12.0,0.7759,102.0,0.7765,88.0,0.7766,120.0
1753532005781,12:13:25.781,BNT/USDT:USDT,0.776,12.0,0.7759,102.0,0.7765,88.0,0.7766,120.0
1753532006182,12:13:26.182,BNT/USDT:USDT,0.776,112.0,0.7759,102.0,0.7765,88.0,0.7766,120.0
1753532006297,12:13:26.297,BNT/USDT:USDT,0.776,112.0,0.7759,102.0,0.7765,88.0,0.7766,120.0
1753532006528,12:13:26.528,BNT/USDT:USDT,0.776,112.0,0.7759,102.0,0.7765,88.0,0.7766,120.0
1753532007038,12:13:27.038,BNT/USDT:USDT,0.776,112.0,0.7759,102.0,0.7765,88.0,0.7766,120.0
1753532007186,12:13:27.186,BNT/USDT:USDT,0.776,12.0,0.7759,102.0,0.7765,88.0,0.7766,120.0
1753532007254,12:13:27.254,BNT/USDT:USDT,0.776,12.0,0.7759,102.0,0.7765,88.0,0.7766,120.0
1753532007337,12:13:27.337,BNT/USDT:USDT,0.776,12.0,0.7759,102.0,0.7765,88.0,0.7766,120.0
1753532007561,12:13:27.561,BNT/USDT:USDT,0.776,12.0,0.7759,102.0,0.7765,88.0,0.7766,120.0
1753532007626,12:13:27.626,BNT/USDT:USDT,0.7754,88.0,0.7753,101.0,0.7765,88.0,0.7766,120.0
1753532007768,12:13:27.768,BNT/USDT:USDT,0.7754,88.0,0.7753,101.0,0.7765,88.0,0.7766,120.0
1753532007925,12:13:27.925,BNT/USDT:USDT,0.7754,88.0,0.7753,101.0,0.7765,88.0,0.7766,120.0
1753532008400,12:13:28.400,BNT/USDT:USDT,0.7754,88.0,0.7753,101.0,0.7765,88.0,0.7766,120.0
1753532008454,12:13:28.454,BNT/USDT:USDT,0.7754,88.0,0.7753,101.0,0.7765,88.0,0.7766,120.0
1753532008594,12:13:28.594,BNT/USDT:USDT,0.7754,88.0,0.7753,101.0,0.7765,88.0,0.7766,120.0
1753532008618,12:13:28.618,BNT/USDT:USDT,0.7754,88.0,0.7753,101.0,0.7765,88.0,0.7766,120.0
1753532009020,12:13:29.020,BNT/USDT:USDT,0.7754,88.0,0.7753,101.0,0.7765,88.0,0.7766,120.0
1753532009153,12:13:29.153,BNT/USDT:USDT,0.7754,88.0,0.7753,101.0,0.7765,88.0,0.7766,120.0
1753532009372,12:13:29.372,BNT/USDT:USDT,0.7754,88.0,0.7753,101.0,0.7765,88.0,0.7766,120.0
1753532009447,12:13:29.447,BNT/USDT:USDT,0.7754,88.0,0.7753,101.0,0.7765,88.0,0.7766,120.0
1753532009619,12:13:29.619,BNT/USDT:USDT,0.7754,88.0,0.7753,101.0,0.7765,88.0,0.7766,120.0
1753532009716,12:13:29.716,BNT/USDT:USDT,0.7754,88.0,0.7753,101.0,0.7765,88.0,0.7766,120.0
1753532009870,12:13:29.870,BNT/USDT:USDT,0.7754,88.0,0.7753,101.0,0.7765,88.0,0.7766,120.0
1753532010062,12:13:30.062,BNT/USDT:USDT,0.7754,88.0,0.7753,101.0,0.7765,88.0,0.7766,120.0
1753532010291,12:13:30.291,BNT/USDT:USDT,0.7754,88.0,0.7753,101.0,0.7765,88.0,0.7766,120.0
1753532010439,12:13:30.439,BNT/USDT:USDT,0.7754,88.0,0.7753,101.0,0.7765,88.0,0.7766,120.0
1753532010516,12:13:30.516,BNT/USDT:USDT,0.7754,88.0,0.7753,101.0,0.7765,88.0,0.7766,120.0
1753532010760,12:13:30.760,BNT/USDT:USDT,0.7754,88.0,0.7753,101.0,0.7765,88.0,0.7766,120.0
1753532010885,12:13:30.885,BNT/USDT:USDT,0.7754,88.0,0.7753,101.0,0.7765,88.0,0.7766,120.0
1753532011162,12:13:31.162,BNT/USDT:USDT,0.7754,88.0,0.7753,101.0,0.7765,88.0,0.7766,120.0
1753532011241,12:13:31.241,BNT/USDT:USDT,0.7754,88.0,0.7753,101.0,0.7765,88.0,0.7766,120.0
1753532011354,12:13:31.354,BNT/USDT:USDT,0.7754,88.0,0.7753,101.0,0.7765,88.0,0.7766,120.0
1753532011488,12:13:31.488,BNT/USDT:USDT,0.7754,88.0,0.7753,101.0,0.7765,88.0,0.7766,120.0
1753532011594,12:13:31.594,BNT/USDT:USDT,0.7754,88.0,0.7753,101.0,0.7765,88.0,0.7766,120.0
1753532011740,12:13:31.740,BNT/USDT:USDT,0.7754,88.0,0.7753,101.0,0.7765,88.0,0.7766,120.0
1753532011892,12:13:31.892,BNT/USDT:USDT,0.7754,88.0,0.7753,101.0,0.7765,88.0,0.7766,120.0
1753532011962,12:13:31.962,BNT/USDT:USDT,0.7754,88.0,0.7753,101.0,0.7765,88.0,0.7766,120.0
1753532012058,12:13:32.058,BNT/USDT:USDT,0.7754,88.0,0.7753,101.0,0.7765,88.0,0.7766,120.0
1753532012219,12:13:32.219,BNT/USDT:USDT,0.7754,88.0,0.7753,101.0,0.7765,88.0,0.7766,120.0
1753532012467,12:13:32.467,BNT/USDT:USDT,0.7754,88.0,0.7753,101.0,0.7765,88.0,0.7766,120.0
1753532013527,12:13:33.527,BNT/USDT:USDT,0.7754,88.0,0.7753,101.0,0.7765,88.0,0.7766,120.0
1753532013689,12:13:33.689,BNT/USDT:USDT,0.7754,88.0,0.7753,101.0,0.7765,88.0,0.7766,120.0
1753532013706,12:13:33.706,BNT/USDT:USDT,0.7754,88.0,0.7753,101.0,0.7765,88.0,0.7766,120.0
1753532014341,12:13:34.341,BNT/USDT:USDT,0.7754,88.0,0.7753,101.0,0.7765,88.0,0.7766,120.0
1753532016189,12:13:36.189,BNT/USDT:USDT,0.7754,88.0,0.7753,101.0,0.7765,88.0,0.7766,120.0
1753532016475,12:13:36.475,BNT/USDT:USDT,0.7754,88.0,0.7753,101.0,0.7765,88.0,0.7766,120.0
1753532016688,12:13:36.688,BNT/USDT:USDT,0.7754,88.0,0.7753,101.0,0.7765,88.0,0.7766,120.0
1753532016707,12:13:36.707,BNT/USDT:USDT,0.7754,88.0,0.7753,101.0,0.7765,88.0,0.7766,120.0
1753532016985,12:13:36.985,BNT/USDT:USDT,0.7754,88.0,0.7753,101.0,0.7765,88.0,0.7766,120.0
1753532017020,12:13:37.020,BNT/USDT:USDT,0.7754,88.0,0.7753,101.0,0.7765,88.0,0.7766,120.0
1753532017446,12:13:37.446,BNT/USDT:USDT,0.7754,88.0,0.7753,101.0,0.7765,88.0,0.7766,120.0
1753532018305,12:13:38.305,BNT/USDT:USDT,0.7754,88.0,0.7753,101.0,0.7765,88.0,0.7766,120.0
1753532018486,12:13:38.486,BNT/USDT:USDT,0.7754,88.0,0.7753,101.0,0.7765,88.0,0.7766,120.0
1753532018536,12:13:38.536,BNT/USDT:USDT,0.7754,88.0,0.7753,101.0,0.7765,88.0,0.7766,120.0
1753532018627,12:13:38.627,BNT/USDT:USDT,0.7754,88.0,0.7753,101.0,0.7765,88.0,0.7766,120.0
1753532019085,12:13:39.085,BNT/USDT:USDT,0.7754,88.0,0.7753,101.0,0.7765,88.0,0.7766,120.0
1753532019138,12:13:39.138,BNT/USDT:USDT,0.7754,88.0,0.7753,101.0,0.7765,88.0,0.7766,120.0
1753532020689,12:13:40.689,BNT/USDT:USDT,0.7754,88.0,0.7753,101.0,0.7765,88.0,0.7766,120.0
1753532020749,12:13:40.749,BNT/USDT:USDT,0.7754,88.0,0.7753,101.0,0.7765,88.0,0.7766,120.0
1753532021590,12:13:41.590,BNT/USDT:USDT,0.7754,88.0,0.7753,101.0,0.7765,88.0,0.7766,120.0
1753532021945,12:13:41.945,BNT/USDT:USDT,0.7754,88.0,0.7753,101.0,0.7765,88.0,0.7766,120.0
1753532022585,12:13:42.585,BNT/USDT:USDT,0.7754,88.0,0.7753,101.0,0.7765,88.0,0.7766,120.0
1753532022987,12:13:42.987,BNT/USDT:USDT,0.7754,88.0,0.7753,101.0,0.7765,88.0,0.7766,120.0
1753532023166,12:13:43.166,BNT/USDT:USDT,0.7754,88.0,0.7753,101.0,0.7765,88.0,0.7766,120.0
1753532023667,12:13:43.667,BNT/USDT:USDT,0.7754,88.0,0.7753,101.0,0.7765,88.0,0.7766,120.0
1753532025087,12:13:45.087,BNT/USDT:USDT,0.7754,88.0,0.7753,101.0,0.7765,88.0,0.7766,120.0
1753532025126,12:13:45.126,BNT/USDT:USDT,0.7754,88.0,0.7753,101.0,0.7765,88.0,0.7766,120.0
1753532026663,12:13:46.663,BNT/USDT:USDT,0.7754,88.0,0.7753,101.0,0.7765,88.0,0.7766,120.0
1753532027186,12:13:47.186,BNT/USDT:USDT,0.7754,88.0,0.7753,101.0,0.7765,88.0,0.7766,120.0
1753532027747,12:13:47.747,BNT/USDT:USDT,0.7754,88.0,0.7753,101.0,0.7765,88.0,0.7766,120.0
1753532028433,12:13:48.433,BNT/USDT:USDT,0.7754,88.0,0.7753,101.0,0.7765,88.0,0.7766,120.0
1753532029387,12:13:49.387,BNT/USDT:USDT,0.7754,88.0,0.7753,101.0,0.7765,88.0,0.7766,120.0
1753532029408,12:13:49.408,BNT/USDT:USDT,0.7754,88.0,0.7753,101.0,0.7765,88.0,0.7766,120.0
1753532030463,12:13:50.463,BNT/USDT:USDT,0.7754,88.0,0.7753,101.0,0.7765,88.0,0.7766,120.0
1753532031497,12:13:51.497,BNT/USDT:USDT,0.7754,88.0,0.7753,101.0,0.7765,88.0,0.7766,120.0
1753532031526,12:13:51.526,BNT/USDT:USDT,0.7754,88.0,0.7753,101.0,0.7765,88.0,0.7766,120.0
1753532033187,12:13:53.187,BNT/USDT:USDT,0.7754,88.0,0.7753,101.0,0.7765,88.0,0.7766,120.0
1753532033675,12:13:53.675,BNT/USDT:USDT,0.7754,88.0,0.7753,101.0,0.7765,88.0,0.7766,120.0
1753532033991,12:13:53.991,BNT/USDT:USDT,0.7754,88.0,0.7753,101.0,0.7765,88.0,0.7766,120.0
1753532034005,12:13:54.005,BNT/USDT:USDT,0.7754,88.0,0.7753,101.0,0.7765,88.0,0.7766,120.0
1753532035740,12:13:55.740,BNT/USDT:USDT,0.7754,88.0,0.7753,101.0,0.7765,88.0,0.7766,120.0
1753532035815,12:13:55.815,BNT/USDT:USDT,0.7754,88.0,0.7753,101.0,0.7765,88.0,0.7766,120.0
1753532043497,12:14:03.497,BNT/USDT:USDT,0.7754,88.0,0.7753,101.0,0.7765,88.0,0.7766,120.0
1753532043569,12:14:03.569,BNT/USDT:USDT,0.7754,88.0,0.7753,101.0,0.7765,88.0,0.7766,120.0
1753532043878,12:14:03.878,BNT/USDT:USDT,0.7754,88.0,0.7753,101.0,0.7765,88.0,0.7766,120.0
1753532045448,12:14:05.448,BNT/USDT:USDT,0.7754,88.0,0.7753,101.0,0.7765,88.0,0.7766,120.0
1753532045518,12:14:05.518,BNT/USDT:USDT,0.7754,88.0,0.7753,101.0,0.7765,88.0,0.7766,120.0
1753532045918,12:14:05.918,BNT/USDT:USDT,0.7754,88.0,0.7753,101.0,0.7765,88.0,0.7766,120.0
1753532046004,12:14:06.004,BNT/USDT:USDT,0.7754,88.0,0.7753,101.0,0.7765,88.0,0.7766,120.0
1753532049366,12:14:09.366,BNT/USDT:USDT,0.7754,88.0,0.7753,101.0,0.7765,88.0,0.7766,120.0
1753532049445,12:14:09.445,BNT/USDT:USDT,0.7754,88.0,0.7753,101.0,0.7765,88.0,0.7766,120.0
1753532049553,12:14:09.553,BNT/USDT:USDT,0.7754,88.0,0.7753,101.0,0.7765,88.0,0.7766,120.0
1753532050106,12:14:10.106,BNT/USDT:USDT,0.7754,88.0,0.7753,101.0,0.7765,88.0,0.7766,120.0
1753532050340,12:14:10.340,BNT/USDT:USDT,0.7754,88.0,0.7753,101.0,0.7765,88.0,0.7766,120.0
1753532050405,12:14:10.405,BNT/USDT:USDT,0.7754,88.0,0.7753,101.0,0.7765,88.0,0.7766,120.0
1753532050597,12:14:10.597,BNT/USDT:USDT,0.7754,88.0,0.7753,101.0,0.7765,88.0,0.7766,120.0
1753532050618,12:14:10.618,BNT/USDT:USDT,0.7754,88.0,0.7753,101.0,0.7765,88.0,0.7766,120.0
1753532050782,12:14:10.782,BNT/USDT:USDT,0.7754,88.0,0.7753,101.0,0.7765,88.0,0.7766,120.0
1753532052998,12:14:12.998,BNT/USDT:USDT,0.7754,88.0,0.7753,101.0,0.7765,88.0,0.7766,120.0
1753532053006,12:14:13.006,BNT/USDT:USDT,0.7754,88.0,0.7753,101.0,0.7765,88.0,0.7766,120.0
1753532053246,12:14:13.246,BNT/USDT:USDT,0.7754,88.0,0.7753,101.0,0.7765,88.0,0.7766,120.0
1753532053470,12:14:13.470,BNT/USDT:USDT,0.7754,88.0,0.7753,101.0,0.7765,88.0,0.7766,120.0
1753532053686,12:14:13.686,BNT/USDT:USDT,0.7754,88.0,0.7753,101.0,0.7765,88.0,0.7766,120.0
1753532054198,12:14:14.198,BNT/USDT:USDT,0.7755,90.0,0.7754,344.0,0.7764,90.0,0.7765,107.0
1753532054261,12:14:14.261,BNT/USDT:USDT,0.7757,90.0,0.7756,166.0,0.7763,114.0,0.7764,92.0
1753532054324,12:14:14.324,BNT/USDT:USDT,0.7758,90.0,0.7757,102.0,0.7763,114.0,0.7764,96.0
1753532054441,12:14:14.441,BNT/USDT:USDT,0.7758,90.0,0.7757,102.0,0.7763,114.0,0.7764,92.0
1753532054511,12:14:14.511,BNT/USDT:USDT,0.7758,90.0,0.7757,102.0,0.7763,114.0,0.7764,96.0
1753532055069,12:14:15.069,BNT/USDT:USDT,0.7758,90.0,0.7757,102.0,0.7763,114.0,0.7764,96.0
1753532056056,12:14:16.056,BNT/USDT:USDT,0.7758,90.0,0.7757,102.0,0.7763,114.0,0.7764,96.0
1753532056468,12:14:16.468,BNT/USDT:USDT,0.7758,90.0,0.7757,102.0,0.7763,114.0,0.7764,96.0
1753532057175,12:14:17.175,BNT/USDT:USDT,0.7758,90.0,0.7757,102.0,0.7763,114.0,0.7764,96.0
1753532057248,12:14:17.248,BNT/USDT:USDT,0.7758,102.0,0.7757,114.0,0.7763,114.0,0.7764,96.0
1753532057314,12:14:17.314,BNT/USDT:USDT,0.7758,102.0,0.7757,114.0,0.7763,134.0,0.7764,92.0
1753532057425,12:14:17.425,BNT/USDT:USDT,0.7758,102.0,0.7757,114.0,0.7762,2.0,0.7763,134.0
1753532057690,12:14:17.690,BNT/USDT:USDT,0.7758,102.0,0.7757,114.0,0.7762,2.0,0.7763,134.0
1753532058034,12:14:18.034,BNT/USDT:USDT,0.7758,102.0,0.7757,114.0,0.7762,2.0,0.7763,134.0
1753532058146,12:14:18.146,BNT/USDT:USDT,0.7758,102.0,0.7757,114.0,0.7762,2.0,0.7763,134.0
1753532059024,12:14:19.024,BNT/USDT:USDT,0.7758,102.0,0.7757,114.0,0.7762,2.0,0.7763,134.0
1753532059372,12:14:19.372,BNT/USDT:USDT,0.7758,102.0,0.7757,114.0,0.7762,2.0,0.7763,134.0
1753532060317,12:14:20.317,BNT/USDT:USDT,0.7758,102.0,0.7757,114.0,0.7762,2.0,0.7763,114.0
1753532060470,12:14:20.470,BNT/USDT:USDT,0.7758,102.0,0.7757,114.0,0.7762,21.0,0.7763,116.0
1753532060524,12:14:20.524,BNT/USDT:USDT,0.7758,102.0,0.7757,114.0,0.7762,21.0,0.7763,116.0
1753532061532,12:14:21.532,BNT/USDT:USDT,0.7759,88.0,0.7758,102.0,0.7762,21.0,0.7763,26.0
1753532061610,12:14:21.610,BNT/USDT:USDT,0.7759,88.0,0.7758,102.0,0.7762,21.0,0.7763,26.0
1753532061748,12:14:21.748,BNT/USDT:USDT,0.7759,88.0,0.7758,102.0,0.7762,21.0,0.7763,26.0
1753532063446,12:14:23.446,BNT/USDT:USDT,0.7759,88.0,0.7758,102.0,0.7763,26.0,0.7764,90.0
1753532063583,12:14:23.583,BNT/USDT:USDT,0.7759,88.0,0.7758,102.0,0.7763,46.0,0.7764,90.0
1753532063689,12:14:23.689,BNT/USDT:USDT,0.7759,100.0,0.7758,114.0,0.7763,24.0,0.7767,90.0
1753532063770,12:14:23.770,BNT/USDT:USDT,0.776,88.0,0.7759,100.0,0.7763,22.0,0.7767,90.0
1753532063979,12:14:23.979,BNT/USDT:USDT,0.776,88.0,0.7759,100.0,0.7763,22.0,0.7767,90.0
1753532064172,12:14:24.172,BNT/USDT:USDT,0.776,88.0,0.7759,100.0,0.7763,22.0,0.7767,90.0
1753532064486,12:14:24.486,BNT/USDT:USDT,0.776,88.0,0.7759,100.0,0.7763,22.0,0.7767,90.0
1753532064597,12:14:24.597,BNT/USDT:USDT,0.776,88.0,0.7759,100.0,0.7763,22.0,0.7767,90.0
1753532064834,12:14:24.834,BNT/USDT:USDT,0.7759,100.0,0.7758,114.0,0.7763,22.0,0.7764,24.0
1753532064909,12:14:24.909,BNT/USDT:USDT,0.7759,100.0,0.7758,114.0,0.7763,22.0,0.7764,24.0
1753532065024,12:14:25.024,BNT/USDT:USDT,0.7759,100.0,0.7758,114.0,0.7763,22.0,0.7764,24.0
1753532065839,12:14:25.839,BNT/USDT:USDT,0.7759,100.0,0.7758,114.0,0.7763,22.0,0.7764,24.0
1753532066589,12:14:26.589,BNT/USDT:USDT,0.7759,100.0,0.7758,114.0,0.7764,112.0,0.7766,1.0
1753532066643,12:14:26.643,BNT/USDT:USDT,0.7759,100.0,0.7758,114.0,0.7764,112.0,0.7766,1.0
1753532066710,12:14:26.710,BNT/USDT:USDT,0.7759,100.0,0.7758,114.0,0.7764,135.0,0.7766,1.0
1753532066822,12:14:26.822,BNT/USDT:USDT,0.7759,100.0,0.7758,114.0,0.7763,1.0,0.7764,135.0
1753532067057,12:14:27.057,BNT/USDT:USDT,0.7759,100.0,0.7758,114.0,0.7763,1.0,0.7764,135.0
1753532067470,12:14:27.470,BNT/USDT:USDT,0.7759,100.0,0.7758,114.0,0.7763,1.0,0.7764,135.0
1753532068002,12:14:28.002,BNT/USDT:USDT,0.7759,100.0,0.7758,114.0,0.7763,1.0,0.7764,135.0
1753532068692,12:14:28.692,BNT/USDT:USDT,0.7759,100.0,0.7758,114.0,0.7763,1.0,0.7764,135.0
1753532069388,12:14:29.388,BNT/USDT:USDT,0.7759,100.0,0.7758,114.0,0.7763,1.0,0.7764,135.0
1753532069667,12:14:29.667,BNT/USDT:USDT,0.776,103.0,0.7759,112.0,0.7763,1.0,0.7764,23.0
1753532069712,12:14:29.712,BNT/USDT:USDT,0.776,103.0,0.7759,112.0,0.7767,90.0,0.7773,1.0
1753532069894,12:14:29.894,BNT/USDT:USDT,0.776,103.0,0.7759,112.0,0.7763,24.0,0.7767,90.0
1753532070159,12:14:30.159,BNT/USDT:USDT,0.776,103.0,0.7759,112.0,0.7763,24.0,0.7767,90.0
1753532070426,12:14:30.426,BNT/USDT:USDT,0.776,103.0,0.7759,112.0,0.7763,24.0,0.7767,90.0
1753532071728,12:14:31.728,BNT/USDT:USDT,0.776,103.0,0.7759,112.0,0.7763,24.0,0.7767,90.0
1753532071938,12:14:31.938,BNT/USDT:USDT,0.776,103.0,0.7759,112.0,0.7763,24.0,0.7767,90.0
1753532072319,12:14:32.319,BNT/USDT:USDT,0.776,103.0,0.7759,112.0,0.7763,24.0,0.7767,90.0
1753532072843,12:14:32.843,BNT/USDT:USDT,0.776,103.0,0.7759,112.0,0.7767,90.0,0.7773,1.0
1753532072988,12:14:32.988,BNT/USDT:USDT,0.776,103.0,0.7759,112.0,0.7765,91.0,0.7766,103.0
1753532073048,12:14:33.048,BNT/USDT:USDT,0.7759,100.0,0.7758,102.0,0.7764,103.0,0.7765,116.0
1753532073188,12:14:33.188,BNT/USDT:USDT,0.7759,100.0,0.7758,102.0,0.7763,103.0,0.7764,115.0
1753532073254,12:14:33.254,BNT/USDT:USDT,0.7754,88.0,0.7753,101.0,0.7763,104.0,0.7764,117.0
1753532073586,12:14:33.586,BNT/USDT:USDT,0.7754,88.0,0.7753,101.0,0.7763,104.0,0.7764,117.0
1753532073625,12:14:33.625,BNT/USDT:USDT,0.7754,88.0,0.7753,101.0,0.7763,104.0,0.7764,117.0
1753532073798,12:14:33.798,BNT/USDT:USDT,0.7754,88.0,0.7753,101.0,0.7763,104.0,0.7764,117.0
1753532074300,12:14:34.300,BNT/USDT:USDT,0.7754,88.0,0.7753,101.0,0.7763,104.0,0.7764,117.0
1753532074470,12:14:34.470,BNT/USDT:USDT,0.7754,88.0,0.7753,101.0,0.7763,104.0,0.7764,117.0
1753532075977,12:14:35.977,BNT/USDT:USDT,0.7754,88.0,0.7753,101.0,0.7763,104.0,0.7764,117.0
1753532076108,12:14:36.108,BNT/USDT:USDT,0.7754,88.0,0.7753,101.0,0.7763,130.0,0.7764,117.0
1753532076614,12:14:36.614,BNT/USDT:USDT,0.7754,88.0,0.7753,101.0,0.7763,130.0,0.7764,117.0
1753532076822,12:14:36.822,BNT/USDT:USDT,0.7754,88.0,0.7753,101.0,0.7763,130.0,0.7764,117.0
1753532077893,12:14:37.893,BNT/USDT:USDT,0.7754,88.0,0.7753,101.0,0.7762,89.0,0.7763,130.0
1753532077931,12:14:37.931,BNT/USDT:USDT,0.7755,89.0,0.7754,152.0,0.7762,89.0,0.7763,130.0
1753532078042,12:14:38.042,BNT/USDT:USDT,0.7755,89.0,0.7754,152.0,0.7762,89.0,0.7763,130.0
1753532078367,12:14:38.367,BNT/USDT:USDT,0.7755,89.0,0.7754,152.0,0.7762,89.0,0.7763,130.0
1753532078465,12:14:38.465,BNT/USDT:USDT,0.7754,88.0,0.7753,101.0,0.7762,89.0,0.7763,130.0
1753532078525,12:14:38.525,BNT/USDT:USDT,0.7754,88.0,0.7753,101.0,0.7762,89.0,0.7763,130.0
1753532078800,12:14:38.800,BNT/USDT:USDT,0.7754,88.0,0.7753,101.0,0.7762,89.0,0.7763,130.0
1753532079104,12:14:39.104,BNT/USDT:USDT,0.7754,88.0,0.7753,101.0,0.7762,89.0,0.7763,104.0
1753532079275,12:14:39.275,BNT/USDT:USDT,0.7754,88.0,0.7753,101.0,0.7761,89.0,0.7762,116.0
1753532079380,12:14:39.380,BNT/USDT:USDT,0.7754,88.0,0.7753,101.0,0.776,113.0,0.7761,90.0
1753532079425,12:14:39.425,BNT/USDT:USDT,0.7755,89.0,0.7754,164.0,0.776,113.0,0.7761,92.0
1753532079587,12:14:39.587,BNT/USDT:USDT,0.7755,89.0,0.7754,164.0,0.776,113.0,0.7761,92.0
1753532079605,12:14:39.605,BNT/USDT:USDT,0.7755,89.0,0.7754,164.0,0.776,113.0,0.7761,92.0
1753532080202,12:14:40.202,BNT/USDT:USDT,0.7755,89.0,0.7754,164.0,0.776,24.0,0.7761,92.0
1753532080225,12:14:40.225,BNT/USDT:USDT,0.7756,89.0,0.7755,101.0,0.776,24.0,0.7761,90.0
1753532080315,12:14:40.315,BNT/USDT:USDT,0.7756,89.0,0.7755,101.0,0.776,24.0,0.7761,90.0
1753532080495,12:14:40.495,BNT/USDT:USDT,0.7756,89.0,0.7755,101.0,0.776,24.0,0.7761,90.0
1753532080514,12:14:40.514,BNT/USDT:USDT,0.7756,89.0,0.7755,101.0,0.776,24.0,0.7761,90.0
1753532080894,12:14:40.894,BNT/USDT:USDT,0.7756,101.0,0.7755,113.0,0.776,24.0,0.7761,90.0
1753532080946,12:14:40.946,BNT/USDT:USDT,0.7757,101.0,0.7756,113.0,0.7761,1.0,0.7762,140.0
1753532081010,12:14:41.010,BNT/USDT:USDT,0.7757,101.0,0.7756,113.0,0.7761,1.0,0.7762,140.0
1753532081313,12:14:41.313,BNT/USDT:USDT,0.7757,101.0,0.7756,113.0,0.7761,1.0,0.7762,140.0
1753532081729,12:14:41.729,BNT/USDT:USDT,0.7757,101.0,0.7756,113.0,0.7761,1.0,0.7762,140.0
1753532082233,12:14:42.233,BNT/USDT:USDT,0.7757,101.0,0.7756,113.0,0.7761,1.0,0.7762,113.0
1753532082363,12:14:42.363,BNT/USDT:USDT,0.7757,101.0,0.7756,113.0,0.7761,28.0,0.7762,113.0
1753532082410,12:14:42.410,BNT/USDT:USDT,0.7757,101.0,0.7756,113.0,0.7761,29.0,0.7762,113.0
1753532082552,12:14:42.552,BNT/USDT:USDT,0.7758,89.0,0.7757,101.0,0.7761,29.0,0.7762,113.0
1753532082614,12:14:42.614,BNT/USDT:USDT,0.7758,89.0,0.7757,101.0,0.7761,29.0,0.7762,24.0
1753532082796,12:14:42.796,BNT/USDT:USDT,0.7758,89.0,0.7757,101.0,0.7761,28.0,0.7762,24.0
1753532083064,12:14:43.064,BNT/USDT:USDT,0.7758,89.0,0.7757,101.0,0.7761,28.0,0.7762,24.0
1753532083892,12:14:43.892,BNT/USDT:USDT,0.7758,89.0,0.7757,101.0,0.7761,28.0,0.7762,24.0
1753532084175,12:14:44.175,BNT/USDT:USDT,0.7758,89.0,0.7757,101.0,0.7761,28.0,0.7762,24.0
1753532085393,12:14:45.393,BNT/USDT:USDT,0.7758,101.0,0.7757,101.0,0.7762,24.0,0.7763,90.0
1753532085499,12:14:45.499,BNT/USDT:USDT,0.7758,101.0,0.7757,101.0,0.7762,52.0,0.7763,89.0
1753532085510,12:14:45.510,BNT/USDT:USDT,0.7758,101.0,0.7757,101.0,0.7762,53.0,0.7763,89.0
1753532085799,12:14:45.799,BNT/USDT:USDT,0.7758,101.0,0.7757,101.0,0.7762,53.0,0.7763,89.0
1753532085806,12:14:45.806,BNT/USDT:USDT,0.7758,101.0,0.7757,101.0,0.7762,53.0,0.7763,89.0
1753532086825,12:14:46.825,BNT/USDT:USDT,0.7758,101.0,0.7757,101.0,0.7762,53.0,0.7763,89.0
1753532087325,12:14:47.325,BNT/USDT:USDT,0.7758,101.0,0.7757,101.0,0.7762,53.0,0.7767,90.0
1753532087425,12:14:47.425,BNT/USDT:USDT,0.7758,101.0,0.7757,101.0,0.7762,52.0,0.7766,1.0
1753532088500,12:14:48.500,BNT/USDT:USDT,0.7758,101.0,0.7757,101.0,0.7762,12.0,0.7766,1.0
1753532088517,12:14:48.517,BNT/USDT:USDT,0.7758,101.0,0.7757,101.0,0.7767,90.0,0.7773,1.0
1753532088629,12:14:48.629,BNT/USDT:USDT,0.7758,101.0,0.7757,101.0,0.7762,29.0,0.7767,90.0
1753532089050,12:14:49.050,BNT/USDT:USDT,0.7758,101.0,0.7757,101.0,0.7762,29.0,0.7767,90.0
1753532089486,12:14:49.486,BNT/USDT:USDT,0.7758,101.0,0.7757,101.0,0.7762,29.0,0.7767,90.0
1753532089508,12:14:49.508,BNT/USDT:USDT,0.7758,101.0,0.7757,101.0,0.7762,29.0,0.7767,90.0
1753532089765,12:14:49.765,BNT/USDT:USDT,0.7759,100.0,0.7758,113.0,0.7762,29.0,0.7767,90.0
1753532089870,12:14:49.870,BNT/USDT:USDT,0.7759,100.0,0.7758,113.0,0.7762,29.0,0.7767,90.0
1753532091591,12:14:51.591,BNT/USDT:USDT,0.7759,100.0,0.7758,113.0,0.7762,29.0,0.7767,90.0
1753532091626,12:14:51.626,BNT/USDT:USDT,0.7759,100.0,0.7758,113.0,0.7767,90.0,0.7773,1.0
1753532091766,12:14:51.766,BNT/USDT:USDT,0.7759,100.0,0.7758,113.0,0.7762,30.0,0.7767,90.0
1753532091891,12:14:51.891,BNT/USDT:USDT,0.7759,100.0,0.7758,113.0,0.7762,30.0,0.7767,90.0
1753532092346,12:14:52.346,BNT/USDT:USDT,0.7759,100.0,0.7758,113.0,0.7762,30.0,0.7767,90.0
1753532092466,12:14:52.466,BNT/USDT:USDT,0.7759,100.0,0.7758,113.0,0.7762,30.0,0.7767,90.0
1753532092837,12:14:52.837,BNT/USDT:USDT,0.7759,100.0,0.7758,113.0,0.7762,30.0,0.7767,90.0
1753532093743,12:14:53.743,BNT/USDT:USDT,0.7759,100.0,0.7758,113.0,0.7762,30.0,0.7767,90.0
1753532094002,12:14:54.002,BNT/USDT:USDT,0.7759,100.0,0.7758,113.0,0.7762,30.0,0.7767,90.0
1753532094006,12:14:54.006,BNT/USDT:USDT,0.7759,100.0,0.7758,113.0,0.7762,30.0,0.7763,12.0
1753532094109,12:14:54.109,BNT/USDT:USDT,0.7759,100.0,0.7758,113.0,0.7762,30.0,0.7763,12.0
1753532094786,12:14:54.786,BNT/USDT:USDT,0.7759,100.0,0.7758,113.0,0.7765,88.0,0.7766,1.0
1753532094897,12:14:54.897,BNT/USDT:USDT,0.7759,100.0,0.7758,113.0,0.7764,88.0,0.7765,119.0
1753532094953,12:14:54.953,BNT/USDT:USDT,0.7759,100.0,0.7758,113.0,0.7763,88.0,0.7764,113.0
1753532095010,12:14:55.010,BNT/USDT:USDT,0.7759,100.0,0.7758,113.0,0.7763,88.0,0.7764,115.0
1753532095134,12:14:55.134,BNT/USDT:USDT,0.7759,100.0,0.7758,113.0,0.7763,88.0,0.7764,115.0
1753532095615,12:14:55.615,BNT/USDT:USDT,0.7759,100.0,0.7758,113.0,0.7763,88.0,0.7764,115.0
1753532095844,12:14:55.844,BNT/USDT:USDT,0.7759,100.0,0.7758,113.0,0.7763,88.0,0.7764,115.0
1753532096124,12:14:56.124,BNT/USDT:USDT,0.776,88.0,0.7759,100.0,0.7764,115.0,0.7765,119.0
1753532096223,12:14:56.223,BNT/USDT:USDT,0.776,88.0,0.7759,100.0,0.7764,113.0,0.7765,119.0
1753532096388,12:14:56.388,BNT/USDT:USDT,0.776,100.0,0.7759,100.0,0.7764,25.0,0.7765,119.0
1753532096434,12:14:56.434,BNT/USDT:USDT,0.776,100.0,0.7759,100.0,0.7764,25.0,0.7765,119.0
1753532097895,12:14:57.895,BNT/USDT:USDT,0.776,100.0,0.7759,100.0,0.7764,25.0,0.7765,88.0
1753532097956,12:14:57.956,BNT/USDT:USDT,0.776,100.0,0.7759,100.0,0.7764,24.0,0.7765,88.0
1753532098030,12:14:58.030,BNT/USDT:USDT,0.776,100.0,0.7759,100.0,0.7764,56.0,0.7765,88.0
1753532098110,12:14:58.110,BNT/USDT:USDT,0.776,100.0,0.7759,100.0,0.7764,57.0,0.7765,88.0
1753532099320,12:14:59.320,BNT/USDT:USDT,0.776,100.0,0.7759,100.0,0.7764,57.0,0.7765,88.0
1753532099586,12:14:59.586,BNT/USDT:USDT,0.776,100.0,0.7759,100.0,0.7764,57.0,0.7765,88.0
1753532100060,12:15:00.060,BNT/USDT:USDT,0.776,100.0,0.7759,100.0,0.7764,145.0,0.7765,88.0
1753532100111,12:15:00.111,BNT/USDT:USDT,0.776,100.0,0.7759,100.0,0.7764,145.0,0.7765,88.0
1753532101018,12:15:01.018,BNT/USDT:USDT,0.776,100.0,0.7759,100.0,0.7764,113.0,0.7765,88.0
1753532101186,12:15:01.186,BNT/USDT:USDT,0.776,100.0,0.7759,100.0,0.7764,146.0,0.7765,88.0
1753532101927,12:15:01.927,BNT/USDT:USDT,0.776,100.0,0.7759,100.0,0.7764,146.0,0.7765,88.0
1753532102799,12:15:02.799,BNT/USDT:USDT,0.7761,88.0,0.776,100.0,0.7764,58.0,0.7765,88.0
1753532102843,12:15:02.843,BNT/USDT:USDT,0.7761,88.0,0.776,100.0,0.7764,58.0,0.7765,88.0
1753532103387,12:15:03.387,BNT/USDT:USDT,0.7761,88.0,0.776,100.0,0.7764,58.0,0.7765,88.0
1753532103546,12:15:03.546,BNT/USDT:USDT,0.7761,88.0,0.776,100.0,0.7764,58.0,0.7765,88.0
1753532104076,12:15:04.076,BNT/USDT:USDT,0.7761,88.0,0.776,100.0,0.7764,58.0,0.7765,88.0
1753532104194,12:15:04.194,BNT/USDT:USDT,0.7761,88.0,0.776,100.0,0.7764,25.0,0.7765,88.0
1753532104210,12:15:04.210,BNT/USDT:USDT,0.7761,88.0,0.776,100.0,0.7764,24.0,0.7765,88.0
1753532104321,12:15:04.321,BNT/USDT:USDT,0.7761,88.0,0.776,100.0,0.7764,58.0,0.7765,88.0
1753532104432,12:15:04.432,BNT/USDT:USDT,0.7761,88.0,0.776,100.0,0.7764,59.0,0.7767,90.0
1753532104510,12:15:04.510,BNT/USDT:USDT,0.7761,88.0,0.776,100.0,0.7764,58.0,0.7766,1.0
