timestamp,time,symbol,bid1_price,bid1_volume,bid2_price,bid2_volume,ask1_price,ask1_volume,ask2_price,ask2_volume
1753531575000,12:06:15.000,ARK/USDT:USDT,0.4724,979.0,0.4723,3373.0,0.4727,14.0,0.4728,359.0
1753531575954,12:06:15.954,ARK/USDT:USDT,0.4724,979.0,0.4723,3373.0,0.4727,14.0,0.4728,416.0
1753531576006,12:06:16.006,ARK/USDT:USDT,0.4724,979.0,0.4723,3373.0,0.4727,14.0,0.4728,416.0
1753531576155,12:06:16.155,ARK/USDT:USDT,0.4724,979.0,0.4723,3373.0,0.4727,14.0,0.4728,416.0
1753531576180,12:06:16.180,ARK/USDT:USDT,0.4724,979.0,0.4723,3373.0,0.4727,14.0,0.4728,416.0
1753531577410,12:06:17.410,ARK/USDT:USDT,0.4724,979.0,0.4723,3373.0,0.4727,14.0,0.4728,416.0
1753531577555,12:06:17.555,ARK/USDT:USDT,0.4724,979.0,0.4723,3373.0,0.4727,14.0,0.4728,416.0
1753531577628,12:06:17.628,ARK/USDT:USDT,0.4724,979.0,0.4723,3373.0,0.4727,14.0,0.4728,416.0
1753531577763,12:06:17.763,ARK/USDT:USDT,0.4724,979.0,0.4723,3373.0,0.4727,14.0,0.4728,250.0
1753531578193,12:06:18.193,ARK/USDT:USDT,0.4724,979.0,0.4723,3373.0,0.4727,14.0,0.4728,250.0
1753531578295,12:06:18.295,ARK/USDT:USDT,0.4724,979.0,0.4723,3373.0,0.4727,14.0,0.4728,250.0
1753531579115,12:06:19.115,ARK/USDT:USDT,0.4724,979.0,0.4723,3373.0,0.4727,14.0,0.4728,359.0
1753531579220,12:06:19.220,ARK/USDT:USDT,0.4724,979.0,0.4723,3373.0,0.4727,14.0,0.4728,359.0
1753531579953,12:06:19.953,ARK/USDT:USDT,0.4724,979.0,0.4723,3373.0,0.4727,14.0,0.4728,250.0
1753531580052,12:06:20.052,ARK/USDT:USDT,0.4724,979.0,0.4723,3373.0,0.4727,14.0,0.4728,250.0
1753531580158,12:06:20.158,ARK/USDT:USDT,0.4724,979.0,0.4723,3373.0,0.4727,14.0,0.4728,359.0
1753531580262,12:06:20.262,ARK/USDT:USDT,0.4724,979.0,0.4723,3373.0,0.4727,14.0,0.4728,250.0
1753531580280,12:06:20.280,ARK/USDT:USDT,0.4724,979.0,0.4723,3373.0,0.4727,14.0,0.4728,250.0
1753531580640,12:06:20.640,ARK/USDT:USDT,0.4724,979.0,0.4723,3373.0,0.4727,14.0,0.4728,250.0
1753531580781,12:06:20.781,ARK/USDT:USDT,0.4724,979.0,0.4723,3373.0,0.4727,14.0,0.4728,359.0
1753531580885,12:06:20.885,ARK/USDT:USDT,0.4724,979.0,0.4723,3373.0,0.4727,14.0,0.4728,359.0
1753531582265,12:06:22.265,ARK/USDT:USDT,0.4725,56.0,0.4724,979.0,0.4727,14.0,0.4731,55.0
1753531582361,12:06:22.361,ARK/USDT:USDT,0.4727,56.0,0.4726,306.0,0.473,19.0,0.4731,109.0
1753531582448,12:06:22.448,ARK/USDT:USDT,0.4728,13.0,0.4727,56.0,0.473,19.0,0.4731,109.0
1753531582998,12:06:22.998,ARK/USDT:USDT,0.4729,18.0,0.4728,1026.0,0.4731,2.0,0.4732,166.0
1753531583120,12:06:23.120,ARK/USDT:USDT,0.4729,5.0,0.4728,1026.0,0.4731,2.0,0.4732,166.0
1753531583584,12:06:23.584,ARK/USDT:USDT,0.4729,5.0,0.4728,1026.0,0.4731,2.0,0.4732,166.0
1753531583940,12:06:23.940,ARK/USDT:USDT,0.4729,5.0,0.4728,1026.0,0.4731,2.0,0.4732,166.0
1753531584731,12:06:24.731,ARK/USDT:USDT,0.4729,5.0,0.4728,1026.0,0.4731,2.0,0.4732,166.0
1753531585172,12:06:25.172,ARK/USDT:USDT,0.4729,5.0,0.4728,1036.0,0.4731,2.0,0.4732,166.0
1753531585580,12:06:25.580,ARK/USDT:USDT,0.4729,5.0,0.4728,1036.0,0.4731,2.0,0.4732,166.0
1753531586335,12:06:26.335,ARK/USDT:USDT,0.4729,5.0,0.4728,1036.0,0.4731,2.0,0.4732,166.0
1753531586439,12:06:26.439,ARK/USDT:USDT,0.4729,5.0,0.4728,1036.0,0.4731,2.0,0.4732,166.0
1753531587626,12:06:27.626,ARK/USDT:USDT,0.4728,1031.0,0.4727,3421.0,0.4731,2.0,0.4732,166.0
1753531587678,12:06:27.678,ARK/USDT:USDT,0.4729,13.0,0.4728,1031.0,0.4731,2.0,0.4732,166.0
1753531588003,12:06:28.003,ARK/USDT:USDT,0.4729,13.0,0.4728,1031.0,0.4731,2.0,0.4732,166.0
1753531591239,12:06:31.239,ARK/USDT:USDT,0.4729,13.0,0.4728,1031.0,0.4731,2.0,0.4732,166.0
1753531591631,12:06:31.631,ARK/USDT:USDT,0.4729,13.0,0.4728,1031.0,0.4731,2.0,0.4732,166.0
1753531591816,12:06:31.816,ARK/USDT:USDT,0.4729,13.0,0.4728,1026.0,0.4731,2.0,0.4732,166.0
1753531593263,12:06:33.263,ARK/USDT:USDT,0.4729,13.0,0.4728,1026.0,0.4731,2.0,0.4732,166.0
1753531593399,12:06:33.399,ARK/USDT:USDT,0.4729,13.0,0.4728,1026.0,0.4731,7.0,0.4732,166.0
1753531593478,12:06:33.478,ARK/USDT:USDT,0.4729,13.0,0.4728,1026.0,0.4731,5.0,0.4732,166.0
1753531594181,12:06:34.181,ARK/USDT:USDT,0.4729,13.0,0.4728,1026.0,0.4733,57.0,0.4734,306.0
1753531596048,12:06:36.048,ARK/USDT:USDT,0.4729,13.0,0.4728,1026.0,0.4732,7.0,0.4733,166.0
1753531596365,12:06:36.365,ARK/USDT:USDT,0.4729,13.0,0.4728,1026.0,0.4732,12.0,0.4733,166.0
1753531597129,12:06:37.129,ARK/USDT:USDT,0.4729,13.0,0.4728,1026.0,0.4732,7.0,0.4733,166.0
1753531597495,12:06:37.495,ARK/USDT:USDT,0.4729,13.0,0.4728,1026.0,0.4732,12.0,0.4733,166.0
1753531597698,12:06:37.698,ARK/USDT:USDT,0.4729,13.0,0.4728,1026.0,0.4732,7.0,0.4733,166.0
1753531600140,12:06:40.140,ARK/USDT:USDT,0.4729,18.0,0.4728,1026.0,0.4732,2.0,0.4733,166.0
1753531600262,12:06:40.262,ARK/USDT:USDT,0.4729,13.0,0.4728,1026.0,0.4732,2.0,0.4733,166.0
1753531600338,12:06:40.338,ARK/USDT:USDT,0.4729,13.0,0.4728,1026.0,0.4732,7.0,0.4733,166.0
1753531600839,12:06:40.839,ARK/USDT:USDT,0.4729,13.0,0.4728,1026.0,0.4732,7.0,0.4733,166.0
1753531602347,12:06:42.347,ARK/USDT:USDT,0.4729,13.0,0.4728,1026.0,0.4732,12.0,0.4733,166.0
1753531602617,12:06:42.617,ARK/USDT:USDT,0.4729,13.0,0.4728,1026.0,0.4732,12.0,0.4733,166.0
1753531604445,12:06:44.445,ARK/USDT:USDT,0.4729,13.0,0.4728,1026.0,0.4731,187.0,0.4732,170.0
1753531604516,12:06:44.516,ARK/USDT:USDT,0.4729,13.0,0.4728,1026.0,0.4731,197.0,0.4732,168.0
1753531605087,12:06:45.087,ARK/USDT:USDT,0.4729,13.0,0.4728,1026.0,0.4731,197.0,0.4732,163.0
1753531605483,12:06:45.483,ARK/USDT:USDT,0.4729,13.0,0.4728,1026.0,0.4731,192.0,0.4732,163.0
1753531605641,12:06:45.641,ARK/USDT:USDT,0.4729,13.0,0.4728,1026.0,0.4731,187.0,0.4732,163.0
1753531605842,12:06:45.842,ARK/USDT:USDT,0.4729,13.0,0.4728,1026.0,0.4731,192.0,0.4732,163.0
1753531606765,12:06:46.765,ARK/USDT:USDT,0.4729,23.0,0.4728,1026.0,0.4731,182.0,0.4732,163.0
1753531608234,12:06:48.234,ARK/USDT:USDT,0.4729,13.0,0.4728,1036.0,0.473,2.0,0.4731,182.0
1753531608274,12:06:48.274,ARK/USDT:USDT,0.4729,13.0,0.4728,1036.0,0.473,2.0,0.4731,182.0
1753531609299,12:06:49.299,ARK/USDT:USDT,0.4729,23.0,0.4728,1036.0,0.473,2.0,0.4732,108.0
1753531609456,12:06:49.456,ARK/USDT:USDT,0.4729,23.0,0.4728,1036.0,0.4731,2.0,0.4732,108.0
1753531609479,12:06:49.479,ARK/USDT:USDT,0.4729,10.0,0.4728,1036.0,0.4731,2.0,0.4732,108.0
1753531609871,12:06:49.871,ARK/USDT:USDT,0.4729,10.0,0.4728,1036.0,0.4731,2.0,0.4732,108.0
1753531610439,12:06:50.439,ARK/USDT:USDT,0.4729,10.0,0.4728,1036.0,0.4731,2.0,0.4732,108.0
1753531610689,12:06:50.689,ARK/USDT:USDT,0.4729,10.0,0.4728,1036.0,0.4731,2.0,0.4732,108.0
1753531612994,12:06:52.994,ARK/USDT:USDT,0.4729,10.0,0.4728,1036.0,0.4731,2.0,0.4732,108.0
1753531614523,12:06:54.523,ARK/USDT:USDT,0.4729,10.0,0.4728,1036.0,0.4731,2.0,0.4732,108.0
1753531615240,12:06:55.240,ARK/USDT:USDT,0.4729,10.0,0.4728,1036.0,0.4731,2.0,0.4732,108.0
1753531617761,12:06:57.761,ARK/USDT:USDT,0.4729,5.0,0.4728,1031.0,0.4731,2.0,0.4732,108.0
1753531618860,12:06:58.860,ARK/USDT:USDT,0.4728,1036.0,0.4727,3421.0,0.4731,2.0,0.4732,108.0
1753531618971,12:06:58.971,ARK/USDT:USDT,0.4729,5.0,0.4728,1031.0,0.4731,2.0,0.4732,108.0
1753531619140,12:06:59.140,ARK/USDT:USDT,0.4729,5.0,0.4728,1031.0,0.4731,2.0,0.4732,108.0
1753531621860,12:07:01.860,ARK/USDT:USDT,0.4729,5.0,0.4728,1026.0,0.4731,2.0,0.4732,108.0
1753531621966,12:07:01.966,ARK/USDT:USDT,0.4729,5.0,0.4728,1026.0,0.4731,2.0,0.4732,108.0
1753531622679,12:07:02.679,ARK/USDT:USDT,0.4728,1031.0,0.4727,3421.0,0.4731,2.0,0.4732,108.0
1753531622784,12:07:02.784,ARK/USDT:USDT,0.4729,13.0,0.4728,1036.0,0.4731,2.0,0.4732,108.0
1753531623200,12:07:03.200,ARK/USDT:USDT,0.4729,13.0,0.4728,1036.0,0.4731,2.0,0.4732,108.0
1753531625193,12:07:05.193,ARK/USDT:USDT,0.4729,13.0,0.4728,1036.0,0.4731,2.0,0.4732,108.0
1753531627533,12:07:07.533,ARK/USDT:USDT,0.4729,13.0,0.4728,1036.0,0.4731,2.0,0.4732,108.0
1753531627641,12:07:07.641,ARK/USDT:USDT,0.4729,13.0,0.4728,1036.0,0.4731,2.0,0.4732,108.0
1753531629039,12:07:09.039,ARK/USDT:USDT,0.4729,13.0,0.4728,1036.0,0.4731,2.0,0.4732,108.0
1753531629520,12:07:09.520,ARK/USDT:USDT,0.4729,13.0,0.4728,1036.0,0.4731,2.0,0.4732,108.0
1753531630632,12:07:10.632,ARK/USDT:USDT,0.4729,18.0,0.4728,1031.0,0.4731,2.0,0.4732,108.0
1753531630672,12:07:10.672,ARK/USDT:USDT,0.4729,5.0,0.4728,1031.0,0.4731,2.0,0.4732,108.0
1753531633840,12:07:13.840,ARK/USDT:USDT,0.4729,5.0,0.4728,1031.0,0.4731,2.0,0.4732,108.0
1753531634909,12:07:14.909,ARK/USDT:USDT,0.4728,1026.0,0.4727,3421.0,0.4731,2.0,0.4732,108.0
1753531635001,12:07:15.001,ARK/USDT:USDT,0.4729,13.0,0.4728,1036.0,0.4731,2.0,0.4732,108.0
1753531636040,12:07:16.040,ARK/USDT:USDT,0.4729,13.0,0.4728,1036.0,0.4731,2.0,0.4732,108.0
1753531636486,12:07:16.486,ARK/USDT:USDT,0.4729,18.0,0.4728,1031.0,0.4731,2.0,0.4732,108.0
1753531636577,12:07:16.577,ARK/USDT:USDT,0.4729,5.0,0.4728,1031.0,0.4731,2.0,0.4732,108.0
1753531636817,12:07:16.817,ARK/USDT:USDT,0.4729,10.0,0.4728,1026.0,0.4731,2.0,0.4732,108.0
1753531638153,12:07:18.153,ARK/USDT:USDT,0.4728,1026.0,0.4727,3421.0,0.4731,2.0,0.4732,108.0
1753531638179,12:07:18.179,ARK/USDT:USDT,0.4729,13.0,0.4728,1026.0,0.4731,2.0,0.4732,108.0
1753531638268,12:07:18.268,ARK/USDT:USDT,0.4729,18.0,0.4728,1026.0,0.4731,2.0,0.4732,108.0
1753531638384,12:07:18.384,ARK/USDT:USDT,0.4728,1031.0,0.4727,3421.0,0.4731,2.0,0.4732,108.0
1753531638478,12:07:18.478,ARK/USDT:USDT,0.4729,18.0,0.4728,1031.0,0.4731,2.0,0.4732,108.0
1753531638641,12:07:18.641,ARK/USDT:USDT,0.4728,1036.0,0.4727,3421.0,0.4731,2.0,0.4732,108.0
1753531638688,12:07:18.688,ARK/USDT:USDT,0.4729,13.0,0.4728,1031.0,0.4731,2.0,0.4732,108.0
1753531638808,12:07:18.808,ARK/USDT:USDT,0.4729,13.0,0.4728,1031.0,0.4731,2.0,0.4732,108.0
1753531640955,12:07:20.955,ARK/USDT:USDT,0.4729,13.0,0.4728,1031.0,0.4731,2.0,0.4732,108.0
1753531641555,12:07:21.555,ARK/USDT:USDT,0.4729,18.0,0.4728,1026.0,0.4731,2.0,0.4732,108.0
1753531641578,12:07:21.578,ARK/USDT:USDT,0.4729,5.0,0.4728,1026.0,0.4731,2.0,0.4732,108.0
1753531641672,12:07:21.672,ARK/USDT:USDT,0.4729,5.0,0.4728,1026.0,0.4731,1.0,0.4732,108.0
1753531641772,12:07:21.772,ARK/USDT:USDT,0.4729,5.0,0.4728,1026.0,0.4731,2.0,0.4732,108.0
1753531642459,12:07:22.459,ARK/USDT:USDT,0.4728,1026.0,0.4727,3421.0,0.4731,2.0,0.4732,108.0
1753531642479,12:07:22.479,ARK/USDT:USDT,0.4729,13.0,0.4728,1031.0,0.4731,2.0,0.4732,108.0
1753531642659,12:07:22.659,ARK/USDT:USDT,0.4729,13.0,0.4728,1031.0,0.4731,2.0,0.4732,108.0
1753531642672,12:07:22.672,ARK/USDT:USDT,0.4729,13.0,0.4728,1031.0,0.4731,2.0,0.4732,108.0
1753531642767,12:07:22.767,ARK/USDT:USDT,0.4729,13.0,0.4728,1031.0,0.4731,2.0,0.4732,108.0
1753531643244,12:07:23.244,ARK/USDT:USDT,0.4729,13.0,0.4728,1031.0,0.4731,2.0,0.4732,108.0
1753531643441,12:07:23.441,ARK/USDT:USDT,0.4729,13.0,0.4728,1031.0,0.4731,2.0,0.4732,108.0
1753531643749,12:07:23.749,ARK/USDT:USDT,0.4729,13.0,0.4728,1031.0,0.4731,2.0,0.4732,108.0
1753531643949,12:07:23.949,ARK/USDT:USDT,0.4729,13.0,0.4728,1031.0,0.4731,2.0,0.4732,108.0
1753531644273,12:07:24.273,ARK/USDT:USDT,0.4729,13.0,0.4728,1031.0,0.4731,2.0,0.4732,108.0
1753531645460,12:07:25.460,ARK/USDT:USDT,0.4729,13.0,0.4728,1031.0,0.4731,2.0,0.4732,108.0
1753531646858,12:07:26.858,ARK/USDT:USDT,0.4729,13.0,0.4728,1031.0,0.4731,7.0,0.4732,108.0
1753531646960,12:07:26.960,ARK/USDT:USDT,0.4729,13.0,0.4728,1026.0,0.4732,168.0,0.4733,166.0
1753531647059,12:07:27.059,ARK/USDT:USDT,0.4729,13.0,0.4728,1026.0,0.4731,186.0,0.4732,163.0
1753531647072,12:07:27.072,ARK/USDT:USDT,0.4729,13.0,0.4728,1026.0,0.4731,184.0,0.4732,163.0
1753531647307,12:07:27.307,ARK/USDT:USDT,0.4729,13.0,0.4728,1026.0,0.4731,179.0,0.4732,163.0
1753531647580,12:07:27.580,ARK/USDT:USDT,0.4729,13.0,0.4728,1026.0,0.4731,184.0,0.4732,163.0
1753531648240,12:07:28.240,ARK/USDT:USDT,0.4729,13.0,0.4728,1026.0,0.4731,184.0,0.4732,163.0
1753531648452,12:07:28.452,ARK/USDT:USDT,0.4729,13.0,0.4728,1026.0,0.4731,184.0,0.4732,163.0
1753531648819,12:07:28.819,ARK/USDT:USDT,0.4729,13.0,0.4728,1026.0,0.4731,179.0,0.4732,163.0
1753531649084,12:07:29.084,ARK/USDT:USDT,0.4729,13.0,0.4728,1026.0,0.4731,184.0,0.4732,163.0
1753531649276,12:07:29.276,ARK/USDT:USDT,0.4729,13.0,0.4728,1026.0,0.4731,179.0,0.4732,163.0
1753531649962,12:07:29.962,ARK/USDT:USDT,0.4729,13.0,0.4728,1026.0,0.4731,179.0,0.4732,163.0
1753531650559,12:07:30.559,ARK/USDT:USDT,0.4729,13.0,0.4728,1026.0,0.4731,184.0,0.4732,163.0
1753531651216,12:07:31.216,ARK/USDT:USDT,0.4729,13.0,0.4728,1026.0,0.4731,179.0,0.4732,163.0
1753531651463,12:07:31.463,ARK/USDT:USDT,0.4729,13.0,0.4728,1026.0,0.4731,174.0,0.4732,163.0
1753531651824,12:07:31.824,ARK/USDT:USDT,0.4729,13.0,0.4728,1026.0,0.4731,179.0,0.4732,163.0
1753531652583,12:07:32.583,ARK/USDT:USDT,0.4729,13.0,0.4728,1026.0,0.4731,184.0,0.4732,163.0
1753531652973,12:07:32.973,ARK/USDT:USDT,0.4729,13.0,0.4728,1026.0,0.4731,184.0,0.4732,163.0
1753531654484,12:07:34.484,ARK/USDT:USDT,0.4729,13.0,0.4728,1026.0,0.4731,184.0,0.4732,163.0
1753531655227,12:07:35.227,ARK/USDT:USDT,0.4729,13.0,0.4728,1026.0,0.4731,179.0,0.4732,163.0
1753531655276,12:07:35.276,ARK/USDT:USDT,0.4729,13.0,0.4728,1026.0,0.4731,184.0,0.4732,163.0
1753531655564,12:07:35.564,ARK/USDT:USDT,0.4729,13.0,0.4728,1026.0,0.473,174.0,0.4731,239.0
1753531655643,12:07:35.643,ARK/USDT:USDT,0.4725,511.0,0.4724,1515.0,0.473,241.0,0.4731,234.0
1753531655748,12:07:35.748,ARK/USDT:USDT,0.4727,3362.0,0.4726,1.0,0.4728,174.0,0.4729,21.0
1753531655798,12:07:35.798,ARK/USDT:USDT,0.4727,3362.0,0.4726,1.0,0.4728,176.0,0.4729,21.0
1753531655942,12:07:35.942,ARK/USDT:USDT,0.4727,3362.0,0.4726,1.0,0.4728,181.0,0.4729,16.0
1753531656127,12:07:36.127,ARK/USDT:USDT,0.4727,3362.0,0.4726,1.0,0.4728,2.0,0.4729,16.0
1753531656558,12:07:36.558,ARK/USDT:USDT,0.4727,3362.0,0.4726,1.0,0.4728,2.0,0.4729,11.0
1753531656573,12:07:36.573,ARK/USDT:USDT,0.4727,3362.0,0.4726,1.0,0.4729,13.0,0.473,229.0
1753531656704,12:07:36.704,ARK/USDT:USDT,0.4727,3362.0,0.4725,56.0,0.4729,18.0,0.473,229.0
1753531656772,12:07:36.772,ARK/USDT:USDT,0.4727,3362.0,0.4725,56.0,0.4729,5.0,0.473,229.0
1753531656927,12:07:36.927,ARK/USDT:USDT,0.4727,3362.0,0.4725,56.0,0.4729,5.0,0.473,229.0
1753531657032,12:07:37.032,ARK/USDT:USDT,0.4727,3362.0,0.4725,56.0,0.4729,5.0,0.473,229.0
1753531657428,12:07:37.428,ARK/USDT:USDT,0.4727,3362.0,0.4724,56.0,0.4729,5.0,0.473,229.0
1753531657859,12:07:37.859,ARK/USDT:USDT,0.4727,3362.0,0.4724,56.0,0.473,239.0,0.4731,109.0
1753531657941,12:07:37.941,ARK/USDT:USDT,0.4728,1.0,0.4727,3362.0,0.4729,192.0,0.473,239.0
1753531657969,12:07:37.969,ARK/USDT:USDT,0.4728,1.0,0.4727,3362.0,0.4729,187.0,0.473,239.0
1753531658274,12:07:38.274,ARK/USDT:USDT,0.4728,1.0,0.4727,3362.0,0.4729,187.0,0.473,239.0
1753531659848,12:07:39.848,ARK/USDT:USDT,0.4728,1.0,0.4727,3362.0,0.4729,192.0,0.473,239.0
1753531659898,12:07:39.898,ARK/USDT:USDT,0.4728,1.0,0.4727,3362.0,0.4729,192.0,0.473,239.0
1753531659969,12:07:39.969,ARK/USDT:USDT,0.4728,1.0,0.4727,3362.0,0.4729,197.0,0.473,239.0
1753531660821,12:07:40.821,ARK/USDT:USDT,0.4728,1.0,0.4727,3362.0,0.4729,187.0,0.473,239.0
1753531661085,12:07:41.085,ARK/USDT:USDT,0.4728,1.0,0.4727,3362.0,0.4729,192.0,0.473,239.0
1753531661523,12:07:41.523,ARK/USDT:USDT,0.4728,1.0,0.4727,3362.0,0.4729,192.0,0.473,239.0
1753531662314,12:07:42.314,ARK/USDT:USDT,0.4728,1.0,0.4727,3362.0,0.4729,197.0,0.473,234.0
1753531662421,12:07:42.421,ARK/USDT:USDT,0.4728,1.0,0.4727,3362.0,0.4729,192.0,0.473,234.0
1753531662648,12:07:42.648,ARK/USDT:USDT,0.4728,1.0,0.4727,3362.0,0.4729,197.0,0.473,234.0
1753531664644,12:07:44.644,ARK/USDT:USDT,0.4728,1.0,0.4727,3362.0,0.4729,197.0,0.473,234.0
1753531666843,12:07:46.843,ARK/USDT:USDT,0.4728,1.0,0.4727,3362.0,0.4729,192.0,0.473,234.0
1753531666972,12:07:46.972,ARK/USDT:USDT,0.4728,1.0,0.4727,3362.0,0.4729,197.0,0.473,229.0
1753531668972,12:07:48.972,ARK/USDT:USDT,0.4728,1.0,0.4727,3362.0,0.4729,187.0,0.473,229.0
1753531669440,12:07:49.440,ARK/USDT:USDT,0.4728,1.0,0.4727,3362.0,0.4729,187.0,0.473,229.0
1753531669582,12:07:49.582,ARK/USDT:USDT,0.4728,1.0,0.4727,3362.0,0.4729,192.0,0.473,229.0
1753531669696,12:07:49.696,ARK/USDT:USDT,0.4728,1.0,0.4727,3362.0,0.4729,187.0,0.473,229.0
1753531670231,12:07:50.231,ARK/USDT:USDT,0.4728,1.0,0.4727,3362.0,0.4729,192.0,0.473,229.0
1753531670421,12:07:50.421,ARK/USDT:USDT,0.4728,1.0,0.4727,3362.0,0.4729,197.0,0.473,229.0
1753531671076,12:07:51.076,ARK/USDT:USDT,0.4728,1.0,0.4727,3362.0,0.4729,192.0,0.473,229.0
1753531671489,12:07:51.489,ARK/USDT:USDT,0.4728,1.0,0.4725,1026.0,0.4729,197.0,0.473,229.0
1753531671659,12:07:51.659,ARK/USDT:USDT,0.4726,1.0,0.4725,1026.0,0.4728,158.0,0.4729,187.0
1753531671671,12:07:51.671,ARK/USDT:USDT,0.4726,1.0,0.4725,1026.0,0.4728,158.0,0.4729,174.0
1753531671995,12:07:51.995,ARK/USDT:USDT,0.4726,1.0,0.4725,1026.0,0.4728,158.0,0.4729,174.0
1753531672327,12:07:52.327,ARK/USDT:USDT,0.4726,1.0,0.4725,1026.0,0.4728,158.0,0.4729,174.0
1753531672403,12:07:52.403,ARK/USDT:USDT,0.4726,11.0,0.4725,1026.0,0.4728,158.0,0.4729,174.0
1753531672471,12:07:52.471,ARK/USDT:USDT,0.4726,10.0,0.4725,1026.0,0.4728,158.0,0.4729,174.0
1753531674242,12:07:54.242,ARK/USDT:USDT,0.4726,10.0,0.4725,1026.0,0.4728,158.0,0.4729,174.0
1753531674425,12:07:54.425,ARK/USDT:USDT,0.4726,10.0,0.4725,1026.0,0.4728,158.0,0.4729,174.0
1753531674550,12:07:54.550,ARK/USDT:USDT,0.4726,10.0,0.4725,1026.0,0.4728,158.0,0.4729,174.0
1753531675300,12:07:55.300,ARK/USDT:USDT,0.4726,5.0,0.4725,1026.0,0.4728,158.0,0.4729,174.0
1753531679063,12:07:59.063,ARK/USDT:USDT,0.4726,10.0,0.4725,1026.0,0.4728,158.0,0.4729,174.0
1753531679135,12:07:59.135,ARK/USDT:USDT,0.4726,10.0,0.4725,1026.0,0.4728,158.0,0.4729,174.0
1753531679220,12:07:59.220,ARK/USDT:USDT,0.4726,10.0,0.4725,1026.0,0.4728,158.0,0.4729,174.0
1753531683848,12:08:03.848,ARK/USDT:USDT,0.4726,5.0,0.4725,1026.0,0.4728,158.0,0.4729,174.0
1753531684085,12:08:04.085,ARK/USDT:USDT,0.4726,10.0,0.4725,1026.0,0.4728,158.0,0.4729,174.0
1753531685462,12:08:05.462,ARK/USDT:USDT,0.4726,57.0,0.4725,1026.0,0.473,109.0,0.4732,55.0
1753531685561,12:08:05.561,ARK/USDT:USDT,0.4727,68.0,0.4726,57.0,0.4729,13.0,0.4732,414.0
1753531685656,12:08:05.656,ARK/USDT:USDT,0.4727,67.0,0.4726,57.0,0.4731,13.0,0.4732,414.0
1753531685746,12:08:05.746,ARK/USDT:USDT,0.4728,6.0,0.4727,57.0,0.4731,23.0,0.4732,414.0
1753531685849,12:08:05.849,ARK/USDT:USDT,0.4728,3369.0,0.4727,57.0,0.4731,23.0,0.4732,414.0
1753531685936,12:08:05.936,ARK/USDT:USDT,0.4729,1021.0,0.4728,3364.0,0.4731,23.0,0.4732,359.0
1753531685978,12:08:05.978,ARK/USDT:USDT,0.4729,1021.0,0.4728,3363.0,0.4731,10.0,0.4732,359.0
1753531686127,12:08:06.127,ARK/USDT:USDT,0.4729,1021.0,0.4728,3363.0,0.4731,10.0,0.4732,359.0
1753531686749,12:08:06.749,ARK/USDT:USDT,0.4729,1021.0,0.4728,3363.0,0.4732,359.0,0.4733,166.0
1753531686960,12:08:06.960,ARK/USDT:USDT,0.473,1.0,0.4729,1021.0,0.4731,171.0,0.4732,359.0
1753531687091,12:08:07.091,ARK/USDT:USDT,0.473,1.0,0.4729,1016.0,0.4731,171.0,0.4732,369.0
1753531687221,12:08:07.221,ARK/USDT:USDT,0.473,1.0,0.4729,1011.0,0.4731,171.0,0.4732,369.0
1753531687365,12:08:07.365,ARK/USDT:USDT,0.473,1.0,0.4729,1011.0,0.4731,171.0,0.4732,369.0
1753531687367,12:08:07.367,ARK/USDT:USDT,0.473,1.0,0.4729,1016.0,0.4731,171.0,0.4732,369.0
1753531687501,12:08:07.501,ARK/USDT:USDT,0.473,1.0,0.4729,1011.0,0.4731,171.0,0.4732,369.0
1753531688641,12:08:08.641,ARK/USDT:USDT,0.473,1.0,0.4729,1011.0,0.4731,171.0,0.4732,369.0
1753531688989,12:08:08.989,ARK/USDT:USDT,0.473,1.0,0.4729,1011.0,0.4731,171.0,0.4732,369.0
1753531689418,12:08:09.418,ARK/USDT:USDT,0.473,1.0,0.4729,1011.0,0.4731,171.0,0.4732,369.0
1753531689761,12:08:09.761,ARK/USDT:USDT,0.473,1.0,0.4729,1016.0,0.4731,171.0,0.4732,369.0
1753531689871,12:08:09.871,ARK/USDT:USDT,0.473,1.0,0.4729,1011.0,0.4731,171.0,0.4732,369.0
1753531692691,12:08:12.691,ARK/USDT:USDT,0.473,1.0,0.4729,1011.0,0.4731,171.0,0.4732,369.0
1753531693441,12:08:13.441,ARK/USDT:USDT,0.473,1.0,0.4729,1011.0,0.4731,171.0,0.4732,369.0
1753531696055,12:08:16.055,ARK/USDT:USDT,0.473,1.0,0.4729,1011.0,0.4731,171.0,0.4732,369.0
1753531696089,12:08:16.089,ARK/USDT:USDT,0.473,1.0,0.4729,1011.0,0.4731,171.0,0.4732,369.0
1753531697794,12:08:17.794,ARK/USDT:USDT,0.473,1.0,0.4729,1011.0,0.4731,171.0,0.4732,359.0
1753531698241,12:08:18.241,ARK/USDT:USDT,0.473,1.0,0.4729,1011.0,0.4731,171.0,0.4732,359.0
1753531699747,12:08:19.747,ARK/USDT:USDT,0.473,1.0,0.4729,1011.0,0.4731,171.0,0.4732,359.0
1753531700134,12:08:20.134,ARK/USDT:USDT,0.473,1.0,0.4729,1011.0,0.4731,171.0,0.4732,359.0
1753531700257,12:08:20.257,ARK/USDT:USDT,0.473,1.0,0.4729,1011.0,0.4731,171.0,0.4732,359.0
1753531701260,12:08:21.260,ARK/USDT:USDT,0.473,1.0,0.4729,1011.0,0.4731,171.0,0.4732,359.0
1753531701827,12:08:21.827,ARK/USDT:USDT,0.473,11.0,0.4729,1011.0,0.4731,13.0,0.4732,250.0
1753531701981,12:08:21.981,ARK/USDT:USDT,0.473,11.0,0.4729,1011.0,0.4731,13.0,0.4732,250.0
1753531702348,12:08:22.348,ARK/USDT:USDT,0.473,11.0,0.4729,1011.0,0.4731,13.0,0.4732,359.0
1753531702563,12:08:22.563,ARK/USDT:USDT,0.473,11.0,0.4729,1011.0,0.4731,13.0,0.4732,359.0
1753531702582,12:08:22.582,ARK/USDT:USDT,0.473,11.0,0.4729,1011.0,0.4731,13.0,0.4732,359.0
1753531703042,12:08:23.042,ARK/USDT:USDT,0.473,11.0,0.4729,1011.0,0.4731,13.0,0.4732,359.0
1753531704409,12:08:24.409,ARK/USDT:USDT,0.473,11.0,0.4729,1011.0,0.4731,13.0,0.4732,359.0
1753531705203,12:08:25.203,ARK/USDT:USDT,0.473,11.0,0.4729,1011.0,0.4731,13.0,0.4732,109.0
1753531706643,12:08:26.643,ARK/USDT:USDT,0.473,11.0,0.4729,1011.0,0.4731,13.0,0.4732,109.0
1753531706680,12:08:26.680,ARK/USDT:USDT,0.473,11.0,0.4729,1011.0,0.4731,13.0,0.4732,109.0
1753531707848,12:08:27.848,ARK/USDT:USDT,0.473,11.0,0.4729,1011.0,0.4731,13.0,0.4732,109.0
1753531709629,12:08:29.629,ARK/USDT:USDT,0.473,11.0,0.4729,1011.0,0.4731,13.0,0.4734,56.0
1753531709678,12:08:29.678,ARK/USDT:USDT,0.473,11.0,0.4729,1011.0,0.4733,122.0,0.4734,56.0
1753531709776,12:08:29.776,ARK/USDT:USDT,0.473,11.0,0.4729,1011.0,0.4733,132.0,0.4734,56.0
1753531710260,12:08:30.260,ARK/USDT:USDT,0.473,66.0,0.4729,1011.0,0.4733,23.0,0.4734,56.0
1753531710542,12:08:30.542,ARK/USDT:USDT,0.473,66.0,0.4729,1011.0,0.4733,23.0,0.4734,56.0
1753531710790,12:08:30.790,ARK/USDT:USDT,0.473,66.0,0.4729,1011.0,0.4733,13.0,0.4734,56.0
1753531711057,12:08:31.057,ARK/USDT:USDT,0.473,66.0,0.4729,1011.0,0.4733,13.0,0.4734,56.0
1753531711069,12:08:31.069,ARK/USDT:USDT,0.473,66.0,0.4729,1011.0,0.4733,13.0,0.4734,56.0
1753531711907,12:08:31.907,ARK/USDT:USDT,0.4731,3371.0,0.473,56.0,0.4733,13.0,0.4735,164.0
1753531712048,12:08:32.048,ARK/USDT:USDT,0.4732,1016.0,0.4731,3361.0,0.4734,13.0,0.4735,164.0
1753531712140,12:08:32.140,ARK/USDT:USDT,0.4732,1016.0,0.4731,3361.0,0.4734,23.0,0.4735,164.0
1753531712222,12:08:32.222,ARK/USDT:USDT,0.4732,1016.0,0.4731,3361.0,0.4734,10.0,0.4735,164.0
1753531712335,12:08:32.335,ARK/USDT:USDT,0.4732,1016.0,0.4731,3361.0,0.4734,10.0,0.4735,164.0
1753531712458,12:08:32.458,ARK/USDT:USDT,0.4732,1021.0,0.4731,3361.0,0.4734,10.0,0.4735,164.0
1753531712648,12:08:32.648,ARK/USDT:USDT,0.4732,1021.0,0.4731,3361.0,0.4734,10.0,0.4735,164.0
1753531713008,12:08:33.008,ARK/USDT:USDT,0.4732,1021.0,0.4731,3361.0,0.4734,10.0,0.4735,164.0
1753531713165,12:08:33.165,ARK/USDT:USDT,0.4732,1011.0,0.4731,3361.0,0.4735,164.0,0.4736,308.0
1753531713260,12:08:33.260,ARK/USDT:USDT,0.4733,1.0,0.4732,1011.0,0.4734,171.0,0.4735,164.0
1753531713588,12:08:33.588,ARK/USDT:USDT,0.4733,1.0,0.4732,1011.0,0.4734,171.0,0.4735,164.0
1753531713780,12:08:33.780,ARK/USDT:USDT,0.4733,1.0,0.4731,3361.0,0.4734,171.0,0.4735,169.0
1753531713898,12:08:33.898,ARK/USDT:USDT,0.4732,1.0,0.4731,3361.0,0.4733,158.0,0.4734,176.0
1753531714005,12:08:34.005,ARK/USDT:USDT,0.4732,1.0,0.4731,3361.0,0.4733,158.0,0.4734,176.0
1753531714103,12:08:34.103,ARK/USDT:USDT,0.4732,1.0,0.4731,3361.0,0.4733,158.0,0.4734,181.0
1753531714420,12:08:34.420,ARK/USDT:USDT,0.4732,1.0,0.4731,3361.0,0.4733,158.0,0.4734,181.0
1753531715156,12:08:35.156,ARK/USDT:USDT,0.4732,1.0,0.4731,3361.0,0.4733,163.0,0.4734,181.0
1753531715223,12:08:35.223,ARK/USDT:USDT,0.4732,1.0,0.4731,3361.0,0.4733,158.0,0.4734,181.0
1753531715543,12:08:35.543,ARK/USDT:USDT,0.4732,1.0,0.4731,3361.0,0.4733,168.0,0.4734,181.0
1753531716257,12:08:36.257,ARK/USDT:USDT,0.4732,1.0,0.4731,3361.0,0.4734,176.0,0.4735,55.0
1753531716360,12:08:36.360,ARK/USDT:USDT,0.4732,1.0,0.4731,3361.0,0.4734,168.0,0.4735,164.0
1753531716441,12:08:36.441,ARK/USDT:USDT,0.4732,1.0,0.4731,3361.0,0.4734,168.0,0.4735,164.0
1753531716640,12:08:36.640,ARK/USDT:USDT,0.4732,1.0,0.4731,3361.0,0.4734,168.0,0.4735,164.0
1753531717443,12:08:37.443,ARK/USDT:USDT,0.4732,1.0,0.4731,3361.0,0.4734,168.0,0.4735,164.0
1753531717674,12:08:37.674,ARK/USDT:USDT,0.4732,1.0,0.4731,3361.0,0.4734,223.0,0.4735,164.0
1753531717928,12:08:37.928,ARK/USDT:USDT,0.4732,1.0,0.4729,1008.0,0.4733,153.0,0.4734,223.0
1753531718048,12:08:38.048,ARK/USDT:USDT,0.473,6.0,0.4729,1008.0,0.4732,143.0,0.4733,156.0
1753531718076,12:08:38.076,ARK/USDT:USDT,0.473,5.0,0.4729,1008.0,0.4732,143.0,0.4733,143.0
1753531718460,12:08:38.460,ARK/USDT:USDT,0.4729,1008.0,0.4728,3360.0,0.4732,153.0,0.4733,143.0
1753531718561,12:08:38.561,ARK/USDT:USDT,0.473,1.0,0.4729,1013.0,0.4731,13.0,0.4732,143.0
1753531718910,12:08:38.910,ARK/USDT:USDT,0.473,1.0,0.4729,1013.0,0.4731,13.0,0.4732,143.0
1753531719376,12:08:39.376,ARK/USDT:USDT,0.473,1.0,0.4729,1013.0,0.4731,13.0,0.4732,143.0
1753531721136,12:08:41.136,ARK/USDT:USDT,0.473,1.0,0.4729,1008.0,0.4731,161.0,0.4732,153.0
1753531721201,12:08:41.201,ARK/USDT:USDT,0.473,1.0,0.4728,3360.0,0.4731,166.0,0.4732,153.0
1753531721345,12:08:41.345,ARK/USDT:USDT,0.4729,1.0,0.4728,3360.0,0.473,143.0,0.4731,156.0
1753531721380,12:08:41.380,ARK/USDT:USDT,0.4729,1.0,0.4728,3365.0,0.473,143.0,0.4731,156.0
1753531721765,12:08:41.765,ARK/USDT:USDT,0.4729,1.0,0.4728,3365.0,0.473,143.0,0.4731,156.0
1753531722063,12:08:42.063,ARK/USDT:USDT,0.4729,1.0,0.4728,3365.0,0.473,143.0,0.4731,156.0
1753531722068,12:08:42.068,ARK/USDT:USDT,0.4729,1.0,0.4728,3360.0,0.473,143.0,0.4731,161.0
1753531722242,12:08:42.242,ARK/USDT:USDT,0.4729,1.0,0.4728,3360.0,0.473,143.0,0.4731,161.0
1753531722609,12:08:42.609,ARK/USDT:USDT,0.4729,1.0,0.4728,3365.0,0.473,143.0,0.4731,156.0
1753531723476,12:08:43.476,ARK/USDT:USDT,0.4729,1.0,0.4728,3360.0,0.473,143.0,0.4731,166.0
1753531723831,12:08:43.831,ARK/USDT:USDT,0.4729,1.0,0.4728,3365.0,0.473,143.0,0.4731,161.0
1753531725296,12:08:45.296,ARK/USDT:USDT,0.4729,1.0,0.4728,3360.0,0.473,143.0,0.4731,161.0
1753531727042,12:08:47.042,ARK/USDT:USDT,0.4729,1.0,0.4728,3360.0,0.473,143.0,0.4731,161.0
1753531729027,12:08:49.027,ARK/USDT:USDT,0.4729,1.0,0.4728,3360.0,0.473,148.0,0.4731,161.0
1753531729549,12:08:49.549,ARK/USDT:USDT,0.4729,1.0,0.4728,3360.0,0.473,143.0,0.4731,161.0
1753531731842,12:08:51.842,ARK/USDT:USDT,0.4729,1.0,0.4728,3360.0,0.473,143.0,0.4731,161.0
1753531732065,12:08:52.065,ARK/USDT:USDT,0.4729,1.0,0.4726,3361.0,0.473,143.0,0.4731,161.0
1753531732079,12:08:52.079,ARK/USDT:USDT,0.4727,1009.0,0.4726,3361.0,0.473,143.0,0.4731,156.0
1753531732254,12:08:52.254,ARK/USDT:USDT,0.4727,1019.0,0.4726,3361.0,0.4729,13.0,0.473,143.0
1753531732272,12:08:52.272,ARK/USDT:USDT,0.4727,1018.0,0.4726,3361.0,0.4729,13.0,0.473,143.0
1753531732658,12:08:52.658,ARK/USDT:USDT,0.4727,1018.0,0.4726,3361.0,0.4729,13.0,0.473,143.0
1753531735562,12:08:55.562,ARK/USDT:USDT,0.4727,1018.0,0.4726,3361.0,0.4729,13.0,0.473,143.0
1753531735889,12:08:55.889,ARK/USDT:USDT,0.4727,1018.0,0.4726,3361.0,0.4729,13.0,0.473,143.0
1753531736648,12:08:56.648,ARK/USDT:USDT,0.4727,1018.0,0.4726,3361.0,0.4729,13.0,0.473,143.0
1753531736705,12:08:56.705,ARK/USDT:USDT,0.4727,1018.0,0.4726,3361.0,0.4729,13.0,0.473,143.0
1753531741463,12:09:01.463,ARK/USDT:USDT,0.4727,1018.0,0.4726,3361.0,0.4729,13.0,0.473,143.0
1753531744843,12:09:04.843,ARK/USDT:USDT,0.4727,1018.0,0.4726,3361.0,0.4729,13.0,0.4735,55.0
1753531744937,12:09:04.937,ARK/USDT:USDT,0.4727,1018.0,0.4726,3361.0,0.473,143.0,0.4731,143.0
1753531745042,12:09:05.042,ARK/USDT:USDT,0.4728,1.0,0.4727,1018.0,0.4729,13.0,0.473,143.0
1753531745186,12:09:05.186,ARK/USDT:USDT,0.4728,1.0,0.4727,1018.0,0.4729,13.0,0.473,143.0
1753531746243,12:09:06.243,ARK/USDT:USDT,0.4728,1.0,0.4727,1018.0,0.4729,13.0,0.473,143.0
1753531746406,12:09:06.406,ARK/USDT:USDT,0.4728,1.0,0.4727,1018.0,0.4729,13.0,0.473,143.0
1753531747134,12:09:07.134,ARK/USDT:USDT,0.4728,1.0,0.4727,1018.0,0.4729,13.0,0.473,143.0
1753531750904,12:09:10.904,ARK/USDT:USDT,0.4728,1.0,0.4727,1008.0,0.4729,13.0,0.473,148.0
1753531751057,12:09:11.057,ARK/USDT:USDT,0.4728,1.0,0.4727,1008.0,0.4729,13.0,0.473,153.0
1753531752725,12:09:12.725,ARK/USDT:USDT,0.4728,1.0,0.4727,1008.0,0.4729,13.0,0.473,153.0
1753531755843,12:09:15.843,ARK/USDT:USDT,0.4728,1.0,0.4727,1008.0,0.4729,13.0,0.473,153.0
1753531756127,12:09:16.127,ARK/USDT:USDT,0.4728,1.0,0.4727,1008.0,0.4729,13.0,0.473,153.0
1753531760646,12:09:20.646,ARK/USDT:USDT,0.4728,1.0,0.4727,1008.0,0.4729,13.0,0.473,153.0
1753531764652,12:09:24.652,ARK/USDT:USDT,0.4728,1.0,0.4726,3361.0,0.4729,13.0,0.473,153.0
1753531764761,12:09:24.761,ARK/USDT:USDT,0.4728,1.0,0.4724,56.0,0.4729,223.0,0.473,143.0
1753531764859,12:09:24.859,ARK/USDT:USDT,0.4727,1.0,0.4725,3361.0,0.4728,143.0,0.4729,857.0
1753531764948,12:09:24.948,ARK/USDT:USDT,0.4726,663.0,0.4725,3361.0,0.4728,143.0,0.4729,213.0
1753531765032,12:09:25.032,ARK/USDT:USDT,0.4726,858.0,0.4725,3361.0,0.4729,143.0,0.4733,58.0
1753531765132,12:09:25.132,ARK/USDT:USDT,0.4726,859.0,0.4725,3361.0,0.4728,13.0,0.4733,58.0
1753531765228,12:09:25.228,ARK/USDT:USDT,0.4726,858.0,0.4725,3361.0,0.4731,200.0,0.4732,263.0
1753531765356,12:09:25.356,ARK/USDT:USDT,0.4727,1.0,0.4726,5.0,0.4729,143.0,0.473,75.0
1753531765460,12:09:25.460,ARK/USDT:USDT,0.4727,6.0,0.4725,3361.0,0.4729,143.0,0.473,62.0
1753531765554,12:09:25.554,ARK/USDT:USDT,0.4726,681.0,0.4725,3361.0,0.4729,143.0,0.473,165.0
1753531765657,12:09:25.657,ARK/USDT:USDT,0.4727,1.0,0.4726,681.0,0.4728,13.0,0.4729,143.0
1753531765779,12:09:25.779,ARK/USDT:USDT,0.4727,1.0,0.4726,681.0,0.4728,13.0,0.4729,143.0
1753531766020,12:09:26.020,ARK/USDT:USDT,0.4727,1.0,0.4726,676.0,0.4728,13.0,0.4729,143.0
1753531766348,12:09:26.348,ARK/USDT:USDT,0.4727,1.0,0.4726,681.0,0.4728,13.0,0.4729,143.0
1753531766594,12:09:26.594,ARK/USDT:USDT,0.4727,1.0,0.4726,681.0,0.4728,13.0,0.4729,143.0
1753531766703,12:09:26.703,ARK/USDT:USDT,0.4727,1.0,0.4726,676.0,0.4728,13.0,0.4729,143.0
1753531767526,12:09:27.526,ARK/USDT:USDT,0.4727,1.0,0.4726,671.0,0.4728,13.0,0.4729,143.0
1753531767628,12:09:27.628,ARK/USDT:USDT,0.4727,1.0,0.4726,671.0,0.4728,13.0,0.4729,143.0
1753531767930,12:09:27.930,ARK/USDT:USDT,0.4727,1.0,0.4725,3361.0,0.4728,156.0,0.4729,153.0
1753531768080,12:09:28.080,ARK/USDT:USDT,0.4727,1.0,0.4726,1.0,0.4728,156.0,0.4729,153.0
1753531768202,12:09:28.202,ARK/USDT:USDT,0.4726,1.0,0.4725,3361.0,0.4728,156.0,0.4729,143.0
1753531768321,12:09:28.321,ARK/USDT:USDT,0.4726,6.0,0.4725,3361.0,0.4728,143.0,0.4729,143.0
1753531768382,12:09:28.382,ARK/USDT:USDT,0.4726,5.0,0.4725,3361.0,0.4728,143.0,0.4729,143.0
1753531768468,12:09:28.468,ARK/USDT:USDT,0.4726,594.0,0.4725,3361.0,0.4728,143.0,0.4729,143.0
1753531768860,12:09:28.860,ARK/USDT:USDT,0.4726,5.0,0.4725,3361.0,0.4727,143.0,0.4728,143.0
1753531768910,12:09:28.910,ARK/USDT:USDT,0.4726,1.0,0.4725,3366.0,0.4727,156.0,0.4728,143.0
1753531769028,12:09:29.028,ARK/USDT:USDT,0.4726,1.0,0.4725,3371.0,0.4727,156.0,0.4728,143.0
1753531769430,12:09:29.430,ARK/USDT:USDT,0.4726,6.0,0.4725,3371.0,0.4727,156.0,0.4728,143.0
1753531770244,12:09:30.244,ARK/USDT:USDT,0.4726,6.0,0.4725,3371.0,0.4727,156.0,0.4728,143.0
1753531771108,12:09:31.108,ARK/USDT:USDT,0.4726,6.0,0.4725,3371.0,0.4727,156.0,0.4728,143.0
1753531771168,12:09:31.168,ARK/USDT:USDT,0.4726,1.0,0.4725,3366.0,0.4727,156.0,0.4728,143.0
1753531773033,12:09:33.033,ARK/USDT:USDT,0.4726,1.0,0.4725,3361.0,0.4727,156.0,0.4728,148.0
1753531773159,12:09:33.159,ARK/USDT:USDT,0.4726,1.0,0.4725,3361.0,0.4727,156.0,0.4728,148.0
1753531773354,12:09:33.354,ARK/USDT:USDT,0.4726,1.0,0.4723,55.0,0.4727,161.0,0.4728,148.0
1753531773443,12:09:33.443,ARK/USDT:USDT,0.4726,1.0,0.4723,3460.0,0.4727,161.0,0.4728,148.0
1753531773520,12:09:33.520,ARK/USDT:USDT,0.4726,1.0,0.4723,3460.0,0.4727,156.0,0.4728,153.0
1753531773611,12:09:33.611,ARK/USDT:USDT,0.4726,1.0,0.4724,1038.0,0.4727,156.0,0.4728,153.0
1753531773808,12:09:33.808,ARK/USDT:USDT,0.4726,1.0,0.4725,5.0,0.4727,156.0,0.4728,143.0
1753531773951,12:09:33.951,ARK/USDT:USDT,0.4726,1.0,0.4725,5.0,0.4727,156.0,0.4728,143.0
1753531774006,12:09:34.006,ARK/USDT:USDT,0.4725,10.0,0.4724,1039.0,0.4727,156.0,0.4728,143.0
1753531774103,12:09:34.103,ARK/USDT:USDT,0.4725,5.0,0.4724,1038.0,0.4727,143.0,0.4728,143.0
1753531774342,12:09:34.342,ARK/USDT:USDT,0.4725,10.0,0.4724,1038.0,0.4727,143.0,0.4728,143.0
1753531774559,12:09:34.559,ARK/USDT:USDT,0.4725,10.0,0.4724,1038.0,0.4728,143.0,0.4731,57.0
1753531774598,12:09:34.598,ARK/USDT:USDT,0.4726,1.0,0.4725,10.0,0.4727,13.0,0.4728,143.0
1753531775044,12:09:35.044,ARK/USDT:USDT,0.4726,1.0,0.4725,10.0,0.4727,13.0,0.4728,143.0
1753531775312,12:09:35.312,ARK/USDT:USDT,0.4726,1.0,0.4725,10.0,0.4727,13.0,0.4728,148.0
1753531775381,12:09:35.381,ARK/USDT:USDT,0.4726,1.0,0.4725,10.0,0.4727,13.0,0.4728,143.0
1753531777444,12:09:37.444,ARK/USDT:USDT,0.4726,1.0,0.4725,10.0,0.4727,13.0,0.4728,143.0
1753531778562,12:09:38.562,ARK/USDT:USDT,0.4726,6.0,0.4725,10.0,0.4727,13.0,0.4728,143.0
1753531778660,12:09:38.660,ARK/USDT:USDT,0.4726,1.0,0.4725,10.0,0.4727,13.0,0.4728,143.0
1753531778668,12:09:38.668,ARK/USDT:USDT,0.4726,6.0,0.4725,10.0,0.4727,13.0,0.4728,143.0
1753531779409,12:09:39.409,ARK/USDT:USDT,0.4726,11.0,0.4725,10.0,0.4727,13.0,0.4731,57.0
1753531779544,12:09:39.544,ARK/USDT:USDT,0.4726,11.0,0.4725,10.0,0.4727,6.0,0.473,7.0
1753531779632,12:09:39.632,ARK/USDT:USDT,0.4726,11.0,0.4725,10.0,0.473,13.0,0.4731,57.0
1753531779700,12:09:39.700,ARK/USDT:USDT,0.4726,11.0,0.4725,10.0,0.4729,130.0,0.473,33.0
1753531779860,12:09:39.860,ARK/USDT:USDT,0.4726,11.0,0.4725,10.0,0.4728,13.0,0.4729,130.0
1753531779876,12:09:39.876,ARK/USDT:USDT,0.4726,10.0,0.4725,10.0,0.4728,13.0,0.4729,130.0
1753531779966,12:09:39.966,ARK/USDT:USDT,0.4726,10.0,0.4725,10.0,0.4728,13.0,0.4729,130.0
1753531780074,12:09:40.074,ARK/USDT:USDT,0.4726,10.0,0.4725,10.0,0.4728,13.0,0.4729,130.0
1753531780446,12:09:40.446,ARK/USDT:USDT,0.4726,10.0,0.4725,317.0,0.4728,13.0,0.4729,130.0
1753531780639,12:09:40.639,ARK/USDT:USDT,0.4726,10.0,0.4725,317.0,0.4728,13.0,0.4729,130.0
1753531780756,12:09:40.756,ARK/USDT:USDT,0.4726,10.0,0.4725,317.0,0.4728,13.0,0.4729,130.0
1753531780825,12:09:40.825,ARK/USDT:USDT,0.4726,10.0,0.4725,317.0,0.4728,13.0,0.4729,130.0
1753531781002,12:09:41.002,ARK/USDT:USDT,0.4726,67.0,0.4725,317.0,0.4728,13.0,0.473,108.0
1753531781149,12:09:41.149,ARK/USDT:USDT,0.4727,1049.0,0.4726,3496.0,0.4729,13.0,0.473,108.0
1753531781217,12:09:41.217,ARK/USDT:USDT,0.4727,1059.0,0.4726,3486.0,0.4729,33.0,0.473,108.0
1753531781355,12:09:41.355,ARK/USDT:USDT,0.4727,1059.0,0.4726,3486.0,0.4729,20.0,0.473,108.0
1753531781405,12:09:41.405,ARK/USDT:USDT,0.4727,1059.0,0.4726,3486.0,0.4729,20.0,0.473,108.0
1753531781631,12:09:41.631,ARK/USDT:USDT,0.4727,1059.0,0.4726,3486.0,0.4729,20.0,0.473,108.0
1753531781685,12:09:41.685,ARK/USDT:USDT,0.4727,1059.0,0.4726,3486.0,0.4729,20.0,0.473,108.0
1753531782242,12:09:42.242,ARK/USDT:USDT,0.4727,1059.0,0.4726,3486.0,0.473,108.0,0.4731,165.0
1753531782329,12:09:42.329,ARK/USDT:USDT,0.4728,6.0,0.4727,1054.0,0.4729,13.0,0.473,108.0
1753531782447,12:09:42.447,ARK/USDT:USDT,0.4728,6.0,0.4727,1054.0,0.4729,13.0,0.473,108.0
1753531782810,12:09:42.810,ARK/USDT:USDT,0.4728,1.0,0.4727,1059.0,0.4729,13.0,0.473,108.0
1753531783334,12:09:43.334,ARK/USDT:USDT,0.4728,1.0,0.4726,3486.0,0.4729,13.0,0.473,118.0
1753531783450,12:09:43.450,ARK/USDT:USDT,0.4727,617.0,0.4726,3434.0,0.4729,13.0,0.473,113.0
1753531783512,12:09:43.512,ARK/USDT:USDT,0.4727,616.0,0.4726,3434.0,0.4729,13.0,0.473,113.0
1753531783759,12:09:43.759,ARK/USDT:USDT,0.4727,616.0,0.4726,3434.0,0.4729,18.0,0.473,108.0
1753531783816,12:09:43.816,ARK/USDT:USDT,0.4726,3434.0,0.4724,57.0,0.4728,130.0,0.4729,5.0
1753531783870,12:09:43.870,ARK/USDT:USDT,0.4726,3434.0,0.4724,57.0,0.4728,140.0,0.4729,5.0
1753531784119,12:09:44.119,ARK/USDT:USDT,0.4726,3434.0,0.4724,57.0,0.4728,140.0,0.4729,5.0
1753531784334,12:09:44.334,ARK/USDT:USDT,0.4726,3439.0,0.4724,57.0,0.4728,140.0,0.473,108.0
1753531784643,12:09:44.643,ARK/USDT:USDT,0.4726,3439.0,0.4724,57.0,0.4728,140.0,0.473,108.0
1753531784936,12:09:44.936,ARK/USDT:USDT,0.4726,3439.0,0.4724,57.0,0.4728,130.0,0.473,108.0
1753531785461,12:09:45.461,ARK/USDT:USDT,0.4726,3439.0,0.4724,57.0,0.473,165.0,0.4731,165.0
1753531785561,12:09:45.561,ARK/USDT:USDT,0.4727,6.0,0.4726,3429.0,0.4729,13.0,0.473,175.0
1753531785641,12:09:45.641,ARK/USDT:USDT,0.4727,10.0,0.4726,3429.0,0.4729,13.0,0.473,175.0
1753531785739,12:09:45.739,ARK/USDT:USDT,0.4727,10.0,0.4726,3429.0,0.4729,13.0,0.473,175.0
1753531785849,12:09:45.849,ARK/USDT:USDT,0.4727,10.0,0.4726,3429.0,0.4729,13.0,0.473,175.0
1753531786546,12:09:46.546,ARK/USDT:USDT,0.4727,1039.0,0.4726,3429.0,0.4729,13.0,0.473,165.0
1753531786616,12:09:46.616,ARK/USDT:USDT,0.4727,1039.0,0.4726,3429.0,0.4729,13.0,0.473,108.0
1753531786963,12:09:46.963,ARK/USDT:USDT,0.4727,1039.0,0.4726,3429.0,0.4729,13.0,0.473,108.0
1753531787048,12:09:47.048,ARK/USDT:USDT,0.4727,1039.0,0.4726,3429.0,0.4729,13.0,0.473,108.0
1753531787118,12:09:47.118,ARK/USDT:USDT,0.4727,1039.0,0.4726,3429.0,0.4729,13.0,0.473,108.0
1753531789060,12:09:49.060,ARK/USDT:USDT,0.4727,1029.0,0.4726,3429.0,0.4729,13.0,0.473,108.0
1753531789138,12:09:49.138,ARK/USDT:USDT,0.4727,1034.0,0.4726,3429.0,0.4729,13.0,0.473,108.0
1753531789203,12:09:49.203,ARK/USDT:USDT,0.4727,1034.0,0.4726,3429.0,0.4729,13.0,0.473,108.0
1753531789445,12:09:49.445,ARK/USDT:USDT,0.4727,1034.0,0.4726,3429.0,0.4729,13.0,0.473,108.0
1753531789470,12:09:49.470,ARK/USDT:USDT,0.4727,1034.0,0.4726,3429.0,0.4729,13.0,0.473,108.0
1753531790434,12:09:50.434,ARK/USDT:USDT,0.4727,1039.0,0.4726,3429.0,0.4729,13.0,0.473,108.0
1753531790488,12:09:50.488,ARK/USDT:USDT,0.4727,1039.0,0.4726,3429.0,0.4729,13.0,0.473,108.0
1753531790627,12:09:50.627,ARK/USDT:USDT,0.4727,1039.0,0.4726,3429.0,0.4729,13.0,0.473,108.0
1753531791059,12:09:51.059,ARK/USDT:USDT,0.4727,1039.0,0.4726,3429.0,0.4729,13.0,0.473,108.0
1753531791112,12:09:51.112,ARK/USDT:USDT,0.4727,1039.0,0.4726,3429.0,0.4729,13.0,0.473,108.0
1753531791183,12:09:51.183,ARK/USDT:USDT,0.4727,1039.0,0.4726,3429.0,0.4729,13.0,0.473,108.0
1753531791457,12:09:51.457,ARK/USDT:USDT,0.4726,3429.0,0.4724,57.0,0.4729,13.0,0.473,108.0
1753531791554,12:09:51.554,ARK/USDT:USDT,0.4727,773.0,0.4726,3429.0,0.4729,13.0,0.473,108.0
1753531791657,12:09:51.657,ARK/USDT:USDT,0.4727,777.0,0.4726,3429.0,0.4729,13.0,0.473,108.0
1753531791709,12:09:51.709,ARK/USDT:USDT,0.4727,777.0,0.4726,3429.0,0.4729,13.0,0.473,108.0
1753531791889,12:09:51.889,ARK/USDT:USDT,0.4727,777.0,0.4726,3429.0,0.4729,13.0,0.473,108.0
1753531791969,12:09:51.969,ARK/USDT:USDT,0.4727,777.0,0.4726,3429.0,0.4729,13.0,0.473,108.0
1753531792549,12:09:52.549,ARK/USDT:USDT,0.4727,10.0,0.4726,3429.0,0.4729,13.0,0.473,108.0
1753531792619,12:09:52.619,ARK/USDT:USDT,0.4727,758.0,0.4726,3429.0,0.4729,13.0,0.473,108.0
1753531792698,12:09:52.698,ARK/USDT:USDT,0.4727,758.0,0.4726,3429.0,0.4729,13.0,0.473,108.0
1753531793147,12:09:53.147,ARK/USDT:USDT,0.4727,758.0,0.4726,3429.0,0.4729,13.0,0.473,108.0
1753531793227,12:09:53.227,ARK/USDT:USDT,0.4727,758.0,0.4726,3429.0,0.4729,13.0,0.473,108.0
1753531794265,12:09:54.265,ARK/USDT:USDT,0.4727,758.0,0.4726,3429.0,0.4729,13.0,0.473,108.0
1753531794336,12:09:54.336,ARK/USDT:USDT,0.4727,753.0,0.4726,3429.0,0.4729,13.0,0.473,108.0
1753531794398,12:09:54.398,ARK/USDT:USDT,0.4727,753.0,0.4726,3429.0,0.4729,13.0,0.473,108.0
1753531794549,12:09:54.549,ARK/USDT:USDT,0.4727,758.0,0.4726,3429.0,0.4729,13.0,0.473,108.0
1753531794626,12:09:54.626,ARK/USDT:USDT,0.4727,758.0,0.4726,3429.0,0.4729,13.0,0.473,108.0
1753531794752,12:09:54.752,ARK/USDT:USDT,0.4727,758.0,0.4726,3429.0,0.4729,13.0,0.473,108.0
1753531794860,12:09:54.860,ARK/USDT:USDT,0.4727,758.0,0.4726,3429.0,0.4729,13.0,0.473,108.0
1753531794927,12:09:54.927,ARK/USDT:USDT,0.4727,758.0,0.4726,3429.0,0.4729,13.0,0.473,108.0
1753531794991,12:09:54.991,ARK/USDT:USDT,0.4727,758.0,0.4726,3429.0,0.4729,13.0,0.473,108.0
1753531799055,12:09:59.055,ARK/USDT:USDT,0.4727,758.0,0.4726,3429.0,0.4729,13.0,0.473,108.0
1753531799128,12:09:59.128,ARK/USDT:USDT,0.4727,758.0,0.4726,3429.0,0.4729,13.0,0.473,108.0
1753531799210,12:09:59.210,ARK/USDT:USDT,0.4727,758.0,0.4726,3429.0,0.4729,13.0,0.473,108.0
1753531799311,12:09:59.311,ARK/USDT:USDT,0.4727,758.0,0.4726,3429.0,0.4729,13.0,0.473,108.0
1753531801208,12:10:01.208,ARK/USDT:USDT,0.4727,758.0,0.4726,3429.0,0.4729,13.0,0.473,108.0
1753531801622,12:10:01.622,ARK/USDT:USDT,0.4727,758.0,0.4726,3429.0,0.4729,13.0,0.473,108.0
1753531801677,12:10:01.677,ARK/USDT:USDT,0.4727,758.0,0.4726,3429.0,0.4729,13.0,0.473,108.0
1753531802039,12:10:02.039,ARK/USDT:USDT,0.4727,758.0,0.4726,3429.0,0.4729,13.0,0.473,108.0
1753531802157,12:10:02.157,ARK/USDT:USDT,0.4727,758.0,0.4726,3429.0,0.4729,13.0,0.473,108.0
1753531803248,12:10:03.248,ARK/USDT:USDT,0.4726,3429.0,0.4724,57.0,0.4727,182.0,0.4728,130.0
1753531803288,12:10:03.288,ARK/USDT:USDT,0.4726,3429.0,0.4725,1.0,0.4727,195.0,0.4728,140.0
1753531803657,12:10:03.657,ARK/USDT:USDT,0.4726,3429.0,0.4725,1.0,0.4727,195.0,0.4728,140.0
1753531803844,12:10:03.844,ARK/USDT:USDT,0.4726,3429.0,0.4725,1.0,0.4727,195.0,0.4728,140.0
1753531804288,12:10:04.288,ARK/USDT:USDT,0.4726,3429.0,0.4725,1.0,0.4727,13.0,0.4728,130.0
1753531808648,12:10:08.648,ARK/USDT:USDT,0.4726,3429.0,0.4725,1.0,0.4727,13.0,0.4728,130.0
1753531808790,12:10:08.790,ARK/USDT:USDT,0.4726,3445.0,0.4725,1.0,0.4727,13.0,0.4728,130.0
1753531809031,12:10:09.031,ARK/USDT:USDT,0.4726,3445.0,0.4725,1.0,0.4727,13.0,0.4728,130.0
1753531809189,12:10:09.189,ARK/USDT:USDT,0.4726,3437.0,0.4725,1.0,0.4727,13.0,0.4728,130.0
1753531809464,12:10:09.464,ARK/USDT:USDT,0.4726,3445.0,0.4725,1.0,0.4727,13.0,0.4728,130.0
1753531810457,12:10:10.457,ARK/USDT:USDT,0.4727,820.0,0.4726,3429.0,0.4732,358.0,0.4733,58.0
1753531810534,12:10:10.534,ARK/USDT:USDT,0.4728,13.0,0.4727,820.0,0.4731,2.0,0.4732,378.0
1753531810955,12:10:10.955,ARK/USDT:USDT,0.4728,13.0,0.4727,820.0,0.4731,2.0,0.4732,378.0
1753531811048,12:10:11.048,ARK/USDT:USDT,0.4728,29.0,0.4727,820.0,0.4731,2.0,0.4732,378.0
1753531811145,12:10:11.145,ARK/USDT:USDT,0.4728,29.0,0.4727,820.0,0.4731,2.0,0.4732,378.0
1753531811252,12:10:11.252,ARK/USDT:USDT,0.4728,29.0,0.4727,820.0,0.4731,2.0,0.4732,378.0
1753531811364,12:10:11.364,ARK/USDT:USDT,0.4728,29.0,0.4727,820.0,0.4731,2.0,0.4732,378.0
1753531811456,12:10:11.456,ARK/USDT:USDT,0.4728,29.0,0.4727,820.0,0.4731,2.0,0.4732,378.0
1753531811530,12:10:11.530,ARK/USDT:USDT,0.4728,29.0,0.4727,820.0,0.4731,2.0,0.4732,358.0
1753531811636,12:10:11.636,ARK/USDT:USDT,0.4728,29.0,0.4727,820.0,0.4731,2.0,0.4732,358.0
1753531811713,12:10:11.713,ARK/USDT:USDT,0.4728,29.0,0.4727,820.0,0.4731,2.0,0.4732,358.0
1753531811848,12:10:11.848,ARK/USDT:USDT,0.4728,29.0,0.4727,820.0,0.4731,2.0,0.4732,358.0
1753531812116,12:10:12.116,ARK/USDT:USDT,0.4728,13.0,0.4727,820.0,0.473,130.0,0.4731,126.0
1753531812184,12:10:12.184,ARK/USDT:USDT,0.4728,13.0,0.4727,820.0,0.473,130.0,0.4731,124.0
1753531812545,12:10:12.545,ARK/USDT:USDT,0.4728,21.0,0.4727,820.0,0.473,130.0,0.4731,116.0
1753531812617,12:10:12.617,ARK/USDT:USDT,0.4728,8.0,0.4727,820.0,0.473,130.0,0.4731,116.0
1753531812748,12:10:12.748,ARK/USDT:USDT,0.4727,836.0,0.4726,3429.0,0.473,130.0,0.4731,108.0
1753531812846,12:10:12.846,ARK/USDT:USDT,0.4728,13.0,0.4727,836.0,0.4729,2.0,0.473,130.0
1753531813144,12:10:13.144,ARK/USDT:USDT,0.4728,13.0,0.4727,836.0,0.4729,2.0,0.473,130.0
1753531813444,12:10:13.444,ARK/USDT:USDT,0.4728,13.0,0.4727,836.0,0.4729,2.0,0.4731,108.0
1753531813505,12:10:13.505,ARK/USDT:USDT,0.4728,21.0,0.4727,828.0,0.473,2.0,0.4731,108.0
1753531813608,12:10:13.608,ARK/USDT:USDT,0.4727,836.0,0.4726,3429.0,0.473,2.0,0.4731,108.0
1753531813672,12:10:13.672,ARK/USDT:USDT,0.4728,13.0,0.4727,836.0,0.473,2.0,0.4731,108.0
1753531813818,12:10:13.818,ARK/USDT:USDT,0.4728,13.0,0.4727,836.0,0.473,2.0,0.4731,108.0
1753531813965,12:10:13.965,ARK/USDT:USDT,0.4728,13.0,0.4727,836.0,0.473,2.0,0.4731,108.0
1753531813977,12:10:13.977,ARK/USDT:USDT,0.4728,13.0,0.4727,836.0,0.473,2.0,0.4731,108.0
1753531814708,12:10:14.708,ARK/USDT:USDT,0.4728,21.0,0.4727,820.0,0.473,2.0,0.4731,108.0
1753531814863,12:10:14.863,ARK/USDT:USDT,0.4727,8.0,0.4726,3429.0,0.473,2.0,0.4731,165.0
1753531814904,12:10:14.904,ARK/USDT:USDT,0.4728,13.0,0.4726,3429.0,0.4729,130.0,0.473,2.0
1753531815046,12:10:15.046,ARK/USDT:USDT,0.4727,1050.0,0.4726,3429.0,0.4729,130.0,0.473,110.0
1753531815162,12:10:15.162,ARK/USDT:USDT,0.4727,1037.0,0.4726,3437.0,0.4729,130.0,0.473,108.0
1753531815765,12:10:15.765,ARK/USDT:USDT,0.4727,1037.0,0.4726,3437.0,0.473,108.0,0.4731,57.0
1753531815863,12:10:15.863,ARK/USDT:USDT,0.4728,13.0,0.4727,1045.0,0.4729,2.0,0.473,108.0
1753531816276,12:10:16.276,ARK/USDT:USDT,0.4728,13.0,0.4727,1045.0,0.4729,2.0,0.473,108.0
1753531818248,12:10:18.248,ARK/USDT:USDT,0.4728,13.0,0.4727,1045.0,0.4729,2.0,0.473,108.0
1753531818297,12:10:18.297,ARK/USDT:USDT,0.4728,13.0,0.4727,1045.0,0.4729,2.0,0.473,108.0
1753531819551,12:10:19.551,ARK/USDT:USDT,0.4728,13.0,0.4727,1037.0,0.4729,2.0,0.473,108.0
1753531819674,12:10:19.674,ARK/USDT:USDT,0.4728,13.0,0.4727,1045.0,0.4729,2.0,0.473,108.0
1753531822028,12:10:22.028,ARK/USDT:USDT,0.4728,21.0,0.4727,1045.0,0.4729,2.0,0.473,108.0
1753531822676,12:10:22.676,ARK/USDT:USDT,0.4728,13.0,0.4727,1045.0,0.4729,2.0,0.473,108.0
1753531823046,12:10:23.046,ARK/USDT:USDT,0.4728,13.0,0.4727,1045.0,0.4729,2.0,0.473,108.0
1753531823802,12:10:23.802,ARK/USDT:USDT,0.4728,21.0,0.4727,1045.0,0.4729,2.0,0.473,108.0
1753531824083,12:10:24.083,ARK/USDT:USDT,0.4728,13.0,0.4727,1045.0,0.4729,2.0,0.473,108.0
1753531824416,12:10:24.416,ARK/USDT:USDT,0.4728,21.0,0.4727,1045.0,0.4729,2.0,0.473,108.0
1753531824740,12:10:24.740,ARK/USDT:USDT,0.4728,13.0,0.4727,1045.0,0.4729,2.0,0.473,108.0
1753531825747,12:10:25.747,ARK/USDT:USDT,0.4728,21.0,0.4727,1045.0,0.4729,2.0,0.473,108.0
1753531825857,12:10:25.857,ARK/USDT:USDT,0.4728,21.0,0.4727,1045.0,0.4729,2.0,0.4731,166.0
1753531826048,12:10:26.048,ARK/USDT:USDT,0.4728,29.0,0.4727,1037.0,0.473,2.0,0.4731,109.0
1753531826079,12:10:26.079,ARK/USDT:USDT,0.4728,16.0,0.4727,1037.0,0.473,2.0,0.4731,109.0
1753531826355,12:10:26.355,ARK/USDT:USDT,0.4728,16.0,0.4727,1037.0,0.473,2.0,0.4731,109.0
1753531827847,12:10:27.847,ARK/USDT:USDT,0.4728,16.0,0.4727,1037.0,0.473,2.0,0.4731,109.0
1753531827975,12:10:27.975,ARK/USDT:USDT,0.4728,16.0,0.4727,1037.0,0.473,2.0,0.4731,109.0
1753531830455,12:10:30.455,ARK/USDT:USDT,0.4728,8.0,0.4727,1037.0,0.473,2.0,0.4731,109.0
1753531831148,12:10:31.148,ARK/USDT:USDT,0.4727,1037.0,0.4726,3429.0,0.4729,130.0,0.473,111.0
1753531831202,12:10:31.202,ARK/USDT:USDT,0.4727,1037.0,0.4726,3429.0,0.4729,130.0,0.473,109.0
1753531831628,12:10:31.628,ARK/USDT:USDT,0.4727,1045.0,0.4726,3429.0,0.473,109.0,0.4731,165.0
1753531831703,12:10:31.703,ARK/USDT:USDT,0.4728,13.0,0.4727,1045.0,0.4729,2.0,0.473,109.0
1753531831859,12:10:31.859,ARK/USDT:USDT,0.4728,13.0,0.4727,1045.0,0.4729,2.0,0.473,109.0
1753531832019,12:10:32.019,ARK/USDT:USDT,0.4728,13.0,0.4727,1045.0,0.4729,2.0,0.473,109.0
1753531832645,12:10:32.645,ARK/USDT:USDT,0.4728,13.0,0.4727,1045.0,0.4729,2.0,0.473,109.0
1753531832843,12:10:32.843,ARK/USDT:USDT,0.4728,13.0,0.4727,1045.0,0.4729,2.0,0.473,109.0
1753531833628,12:10:33.628,ARK/USDT:USDT,0.4728,13.0,0.4727,1037.0,0.4729,2.0,0.473,109.0
1753531835237,12:10:35.237,ARK/USDT:USDT,0.4728,13.0,0.4727,1037.0,0.4729,2.0,0.473,109.0
1753531837219,12:10:37.219,ARK/USDT:USDT,0.4728,13.0,0.4727,8.0,0.4729,2.0,0.473,109.0
1753531837291,12:10:37.291,ARK/USDT:USDT,0.4728,13.0,0.4727,859.0,0.4729,2.0,0.473,109.0
1753531837446,12:10:37.446,ARK/USDT:USDT,0.4728,13.0,0.4727,851.0,0.4729,148.0,0.473,109.0
1753531840296,12:10:40.296,ARK/USDT:USDT,0.4728,13.0,0.4727,851.0,0.4729,132.0,0.473,117.0
1753531840368,12:10:40.368,ARK/USDT:USDT,0.4728,13.0,0.4727,851.0,0.4729,140.0,0.473,117.0
1753531841687,12:10:41.687,ARK/USDT:USDT,0.4728,13.0,0.4727,851.0,0.4729,132.0,0.473,109.0
1753531842245,12:10:42.245,ARK/USDT:USDT,0.4728,13.0,0.4727,851.0,0.4729,132.0,0.473,109.0
1753531844553,12:10:44.553,ARK/USDT:USDT,0.4728,29.0,0.4727,851.0,0.4729,2.0,0.4731,56.0
1753531844637,12:10:44.637,ARK/USDT:USDT,0.4728,13.0,0.4727,851.0,0.473,2.0,0.4731,165.0
1753531844745,12:10:44.745,ARK/USDT:USDT,0.4728,13.0,0.4727,851.0,0.473,2.0,0.4731,165.0
1753531844965,12:10:44.965,ARK/USDT:USDT,0.4728,13.0,0.4727,851.0,0.473,2.0,0.4731,165.0
1753531845164,12:10:45.164,ARK/USDT:USDT,0.4728,21.0,0.4727,851.0,0.473,2.0,0.4731,165.0
1753531845178,12:10:45.178,ARK/USDT:USDT,0.4727,851.0,0.4726,3429.0,0.473,2.0,0.4731,165.0
1753531845274,12:10:45.274,ARK/USDT:USDT,0.4728,13.0,0.4727,851.0,0.473,2.0,0.4731,165.0
1753531846687,12:10:46.687,ARK/USDT:USDT,0.4728,13.0,0.4727,851.0,0.473,20.0,0.4731,165.0
1753531846777,12:10:46.777,ARK/USDT:USDT,0.4728,13.0,0.4727,851.0,0.473,10.0,0.4731,165.0
1753531847061,12:10:47.061,ARK/USDT:USDT,0.4728,21.0,0.4727,851.0,0.473,10.0,0.4731,165.0
1753531847092,12:10:47.092,ARK/USDT:USDT,0.4727,859.0,0.4726,3429.0,0.473,10.0,0.4731,165.0
1753531847243,12:10:47.243,ARK/USDT:USDT,0.4728,13.0,0.4727,859.0,0.4729,2.0,0.473,119.0
1753531847344,12:10:47.344,ARK/USDT:USDT,0.4728,13.0,0.4727,859.0,0.4729,2.0,0.473,119.0
1753531847398,12:10:47.398,ARK/USDT:USDT,0.4728,13.0,0.4727,859.0,0.4729,2.0,0.473,119.0
1753531847742,12:10:47.742,ARK/USDT:USDT,0.4728,13.0,0.4727,859.0,0.4729,2.0,0.473,109.0
1753531847813,12:10:47.813,ARK/USDT:USDT,0.4728,13.0,0.4727,859.0,0.4729,2.0,0.473,109.0
1753531847920,12:10:47.920,ARK/USDT:USDT,0.4728,13.0,0.4727,859.0,0.4729,2.0,0.473,109.0
1753531848308,12:10:48.308,ARK/USDT:USDT,0.4728,13.0,0.4727,851.0,0.4729,132.0,0.473,117.0
1753531848457,12:10:48.457,ARK/USDT:USDT,0.4728,13.0,0.4727,851.0,0.4729,2.0,0.473,109.0
1753531849602,12:10:49.602,ARK/USDT:USDT,0.4728,13.0,0.4727,859.0,0.4729,2.0,0.473,109.0
1753531849841,12:10:49.841,ARK/USDT:USDT,0.4728,13.0,0.4727,859.0,0.4729,2.0,0.473,109.0
1753531851845,12:10:51.845,ARK/USDT:USDT,0.4728,13.0,0.4727,859.0,0.4729,2.0,0.473,109.0
1753531856645,12:10:56.645,ARK/USDT:USDT,0.4728,13.0,0.4727,859.0,0.4729,2.0,0.473,109.0
1753531857245,12:10:57.245,ARK/USDT:USDT,0.4728,21.0,0.4727,859.0,0.4729,2.0,0.473,109.0
1753531857327,12:10:57.327,ARK/USDT:USDT,0.4728,29.0,0.4727,859.0,0.4729,2.0,0.4732,250.0
1753531857430,12:10:57.430,ARK/USDT:USDT,0.4728,29.0,0.4727,859.0,0.4731,111.0,0.4732,359.0
1753531857493,12:10:57.493,ARK/USDT:USDT,0.4728,29.0,0.4727,859.0,0.4731,121.0,0.4732,359.0
1753531858543,12:10:58.543,ARK/USDT:USDT,0.4728,29.0,0.4727,859.0,0.4731,111.0,0.4732,359.0
1753531858716,12:10:58.716,ARK/USDT:USDT,0.4728,29.0,0.4727,859.0,0.4731,111.0,0.4732,359.0
1753531860621,12:11:00.621,ARK/USDT:USDT,0.4728,29.0,0.4727,859.0,0.4731,119.0,0.4732,359.0
1753531861446,12:11:01.446,ARK/USDT:USDT,0.4728,29.0,0.4727,859.0,0.4731,119.0,0.4732,359.0
1753531861743,12:11:01.743,ARK/USDT:USDT,0.4728,29.0,0.4727,859.0,0.4731,111.0,0.4732,359.0
1753531862224,12:11:02.224,ARK/USDT:USDT,0.4728,86.0,0.4727,859.0,0.4731,111.0,0.4732,359.0
1753531865461,12:11:05.461,ARK/USDT:USDT,0.4728,78.0,0.4727,851.0,0.473,130.0,0.4731,111.0
1753531865565,12:11:05.565,ARK/USDT:USDT,0.4728,73.0,0.4727,851.0,0.473,130.0,0.4731,109.0
1753531865566,12:11:05.566,ARK/USDT:USDT,0.4728,73.0,0.4727,851.0,0.473,130.0,0.4731,109.0
1753531866246,12:11:06.246,ARK/USDT:USDT,0.4728,73.0,0.4727,851.0,0.473,130.0,0.4731,109.0
1753531867046,12:11:07.046,ARK/USDT:USDT,0.4728,73.0,0.4727,851.0,0.4732,359.0,0.4733,58.0
1753531867148,12:11:07.148,ARK/USDT:USDT,0.4729,29.0,0.4728,57.0,0.4731,2.0,0.4732,359.0
1753531867197,12:11:07.197,ARK/USDT:USDT,0.4729,16.0,0.4728,57.0,0.4731,2.0,0.4732,359.0
1753531867344,12:11:07.344,ARK/USDT:USDT,0.4729,16.0,0.4728,57.0,0.4731,2.0,0.4732,359.0
1753531868361,12:11:08.361,ARK/USDT:USDT,0.4729,8.0,0.4728,57.0,0.4731,2.0,0.4732,359.0
1753531868426,12:11:08.426,ARK/USDT:USDT,0.4729,8.0,0.4728,57.0,0.4731,2.0,0.4732,359.0
1753531868962,12:11:08.962,ARK/USDT:USDT,0.4729,16.0,0.4728,57.0,0.4731,2.0,0.4732,359.0
1753531869220,12:11:09.220,ARK/USDT:USDT,0.4728,8.0,0.4727,851.0,0.473,130.0,0.4731,2.0
1753531869271,12:11:09.271,ARK/USDT:USDT,0.4728,16.0,0.4727,851.0,0.4731,109.0,0.4732,359.0
1753531869423,12:11:09.423,ARK/USDT:USDT,0.4729,13.0,0.4728,16.0,0.473,2.0,0.4731,109.0
1753531871046,12:11:11.046,ARK/USDT:USDT,0.4729,13.0,0.4728,16.0,0.473,2.0,0.4731,109.0
1753531871259,12:11:11.259,ARK/USDT:USDT,0.4729,13.0,0.4728,16.0,0.473,2.0,0.4731,109.0
1753531872763,12:11:12.763,ARK/USDT:USDT,0.4729,87.0,0.4728,16.0,0.473,2.0,0.4733,167.0
1753531872860,12:11:12.860,ARK/USDT:USDT,0.4729,87.0,0.4728,454.0,0.4732,2.0,0.4734,109.0
1753531872929,12:11:12.929,ARK/USDT:USDT,0.473,74.0,0.4729,71.0,0.4733,2.0,0.4734,109.0
1753531873028,12:11:13.028,ARK/USDT:USDT,0.4731,21.0,0.473,66.0,0.4733,12.0,0.4734,109.0
1753531873140,12:11:13.140,ARK/USDT:USDT,0.4731,1061.0,0.473,3490.0,0.4733,10.0,0.4734,109.0
1753531873258,12:11:13.258,ARK/USDT:USDT,0.4731,1061.0,0.473,3490.0,0.4733,10.0,0.4734,109.0
1753531873284,12:11:13.284,ARK/USDT:USDT,0.4731,1061.0,0.473,3490.0,0.4733,10.0,0.4734,109.0
1753531873743,12:11:13.743,ARK/USDT:USDT,0.4731,1053.0,0.473,3490.0,0.4733,10.0,0.4734,109.0
1753531873882,12:11:13.882,ARK/USDT:USDT,0.4731,1045.0,0.473,3490.0,0.4733,10.0,0.4734,109.0
1753531874087,12:11:14.087,ARK/USDT:USDT,0.4731,1045.0,0.473,3432.0,0.4734,175.0,0.4736,58.0
1753531874179,12:11:14.179,ARK/USDT:USDT,0.4732,13.0,0.4731,1045.0,0.4733,2.0,0.4734,197.0
1753531874356,12:11:14.356,ARK/USDT:USDT,0.4732,13.0,0.4731,1045.0,0.4733,2.0,0.4734,205.0
1753531874503,12:11:14.503,ARK/USDT:USDT,0.4732,13.0,0.4731,1045.0,0.4733,2.0,0.4734,197.0
1753531874847,12:11:14.847,ARK/USDT:USDT,0.4732,13.0,0.4731,1053.0,0.4733,2.0,0.4734,197.0
1753531875220,12:11:15.220,ARK/USDT:USDT,0.4732,13.0,0.4731,1045.0,0.4733,2.0,0.4734,175.0
1753531875321,12:11:15.321,ARK/USDT:USDT,0.4732,13.0,0.4731,1053.0,0.4733,2.0,0.4734,175.0
1753531875846,12:11:15.846,ARK/USDT:USDT,0.4732,13.0,0.4731,1053.0,0.4733,2.0,0.4734,175.0
1753531876589,12:11:16.589,ARK/USDT:USDT,0.4732,13.0,0.4731,1045.0,0.4733,178.0,0.4734,183.0
1753531877286,12:11:17.286,ARK/USDT:USDT,0.4732,13.0,0.473,3432.0,0.4733,178.0,0.4734,183.0
1753531877451,12:11:17.451,ARK/USDT:USDT,0.4731,13.0,0.473,3432.0,0.4732,118.0,0.4733,186.0
1753531877470,12:11:17.470,ARK/USDT:USDT,0.4731,13.0,0.473,3432.0,0.4732,118.0,0.4733,196.0
1753531877747,12:11:17.747,ARK/USDT:USDT,0.4731,13.0,0.473,3432.0,0.4732,118.0,0.4733,204.0
1753531878163,12:11:18.163,ARK/USDT:USDT,0.4731,13.0,0.473,3432.0,0.4732,118.0,0.4733,204.0
1753531878513,12:11:18.513,ARK/USDT:USDT,0.4731,13.0,0.473,3432.0,0.4732,118.0,0.4733,194.0
1753531879147,12:11:19.147,ARK/USDT:USDT,0.4731,13.0,0.473,3432.0,0.4732,134.0,0.4733,194.0
1753531879233,12:11:19.233,ARK/USDT:USDT,0.4731,13.0,0.473,3432.0,0.4732,126.0,0.4733,194.0
1753531879400,12:11:19.400,ARK/USDT:USDT,0.4731,13.0,0.473,3432.0,0.4732,118.0,0.4733,194.0
1753531880124,12:11:20.124,ARK/USDT:USDT,0.4731,13.0,0.4729,1030.0,0.4732,118.0,0.4733,194.0
1753531880263,12:11:20.263,ARK/USDT:USDT,0.473,13.0,0.4729,1030.0,0.4731,118.0,0.4732,118.0
1753531880310,12:11:20.310,ARK/USDT:USDT,0.473,13.0,0.4729,1030.0,0.4731,120.0,0.4732,128.0
1753531880647,12:11:20.647,ARK/USDT:USDT,0.473,13.0,0.4729,1030.0,0.4731,120.0,0.4732,128.0
1753531880753,12:11:20.753,ARK/USDT:USDT,0.473,21.0,0.4729,1030.0,0.4731,2.0,0.4732,128.0
1753531881232,12:11:21.232,ARK/USDT:USDT,0.473,21.0,0.4729,1038.0,0.4731,2.0,0.4732,128.0
1753531881291,12:11:21.291,ARK/USDT:USDT,0.473,21.0,0.4729,1038.0,0.4731,2.0,0.4732,118.0
1753531881409,12:11:21.409,ARK/USDT:USDT,0.473,21.0,0.4729,1038.0,0.4731,2.0,0.4732,118.0
1753531881516,12:11:21.516,ARK/USDT:USDT,0.473,21.0,0.4729,1038.0,0.4731,2.0,0.4732,118.0
1753531882550,12:11:22.550,ARK/USDT:USDT,0.473,29.0,0.4729,1038.0,0.4731,2.0,0.4735,109.0
1753531882592,12:11:22.592,ARK/USDT:USDT,0.473,13.0,0.4729,1030.0,0.4733,118.0,0.4734,57.0
1753531882760,12:11:22.760,ARK/USDT:USDT,0.473,29.0,0.4729,1030.0,0.4732,2.0,0.4733,128.0
1753531882772,12:11:22.772,ARK/USDT:USDT,0.473,16.0,0.4729,1030.0,0.4732,2.0,0.4733,128.0
1753531883030,12:11:23.030,ARK/USDT:USDT,0.473,16.0,0.4729,1030.0,0.4732,2.0,0.4733,128.0
1753531883664,12:11:23.664,ARK/USDT:USDT,0.473,16.0,0.4729,1030.0,0.4732,2.0,0.4733,128.0
1753531883743,12:11:23.743,ARK/USDT:USDT,0.473,16.0,0.4729,1030.0,0.4732,2.0,0.4733,118.0
1753531883847,12:11:23.847,ARK/USDT:USDT,0.473,16.0,0.4729,1030.0,0.4732,2.0,0.4733,118.0
1753531883898,12:11:23.898,ARK/USDT:USDT,0.473,8.0,0.4729,1030.0,0.4732,2.0,0.4733,118.0
1753531884401,12:11:24.401,ARK/USDT:USDT,0.473,16.0,0.4729,1030.0,0.4732,2.0,0.4733,118.0
1753531885446,12:11:25.446,ARK/USDT:USDT,0.473,16.0,0.4729,1030.0,0.4732,2.0,0.4733,118.0
1753531885871,12:11:25.871,ARK/USDT:USDT,0.473,16.0,0.4729,1030.0,0.4732,2.0,0.4733,118.0
1753531890247,12:11:30.247,ARK/USDT:USDT,0.473,16.0,0.4729,1030.0,0.4732,2.0,0.4733,118.0
1753531892463,12:11:32.463,ARK/USDT:USDT,0.473,8.0,0.4729,1030.0,0.4732,2.0,0.4733,128.0
1753531892537,12:11:32.537,ARK/USDT:USDT,0.473,8.0,0.4729,1030.0,0.4732,2.0,0.4733,128.0
1753531892662,12:11:32.662,ARK/USDT:USDT,0.4729,1030.0,0.4728,3432.0,0.4732,58.0,0.4733,128.0
1753531892750,12:11:32.750,ARK/USDT:USDT,0.473,13.0,0.4729,1030.0,0.4731,126.0,0.4732,183.0
1753531892775,12:11:32.775,ARK/USDT:USDT,0.473,13.0,0.4729,1030.0,0.4731,118.0,0.4732,183.0
1753531892944,12:11:32.944,ARK/USDT:USDT,0.473,13.0,0.4729,580.0,0.4731,126.0,0.4732,183.0
1753531892978,12:11:32.978,ARK/USDT:USDT,0.473,13.0,0.4729,580.0,0.4731,118.0,0.4732,183.0
1753531893150,12:11:33.150,ARK/USDT:USDT,0.473,13.0,0.4729,580.0,0.4731,118.0,0.4732,183.0
1753531893434,12:11:33.434,ARK/USDT:USDT,0.473,13.0,0.4729,580.0,0.4732,167.0,0.4733,10.0
1753531893504,12:11:33.504,ARK/USDT:USDT,0.473,13.0,0.4729,580.0,0.4732,165.0,0.4733,109.0
1753531893570,12:11:33.570,ARK/USDT:USDT,0.473,13.0,0.4729,580.0,0.4732,165.0,0.4733,109.0
1753531894085,12:11:34.085,ARK/USDT:USDT,0.473,13.0,0.4729,580.0,0.4732,173.0,0.4733,109.0
1753531895046,12:11:35.046,ARK/USDT:USDT,0.473,13.0,0.4729,580.0,0.4732,173.0,0.4733,109.0
1753531895141,12:11:35.141,ARK/USDT:USDT,0.473,13.0,0.4729,580.0,0.4732,181.0,0.4733,109.0
1753531895364,12:11:35.364,ARK/USDT:USDT,0.473,13.0,0.4729,580.0,0.4732,191.0,0.4733,109.0
1753531895643,12:11:35.643,ARK/USDT:USDT,0.473,13.0,0.4729,580.0,0.4732,183.0,0.4733,109.0
1753531896083,12:11:36.083,ARK/USDT:USDT,0.473,13.0,0.4729,580.0,0.4732,175.0,0.4733,109.0
1753531896347,12:11:36.347,ARK/USDT:USDT,0.473,29.0,0.4729,580.0,0.4732,10.0,0.4733,109.0
1753531896402,12:11:36.402,ARK/USDT:USDT,0.473,16.0,0.4729,580.0,0.4733,109.0,0.4736,58.0
1753531896551,12:11:36.551,ARK/USDT:USDT,0.4731,13.0,0.4729,580.0,0.4732,2.0,0.4733,131.0
1753531896583,12:11:36.583,ARK/USDT:USDT,0.473,21.0,0.4729,580.0,0.4732,2.0,0.4733,131.0
1753531896709,12:11:36.709,ARK/USDT:USDT,0.4729,588.0,0.4728,3432.0,0.4732,2.0,0.4733,131.0
1753531896801,12:11:36.801,ARK/USDT:USDT,0.473,21.0,0.4729,588.0,0.4732,2.0,0.4733,131.0
1753531896881,12:11:36.881,ARK/USDT:USDT,0.4729,588.0,0.4728,3432.0,0.4732,2.0,0.4733,131.0
1753531897026,12:11:37.026,ARK/USDT:USDT,0.473,29.0,0.4729,580.0,0.4732,2.0,0.4733,131.0
1753531897075,12:11:37.075,ARK/USDT:USDT,0.473,16.0,0.4729,580.0,0.4732,2.0,0.4733,131.0
1753531897168,12:11:37.168,ARK/USDT:USDT,0.473,16.0,0.4729,580.0,0.4732,2.0,0.4733,131.0
1753531897530,12:11:37.530,ARK/USDT:USDT,0.473,16.0,0.4729,580.0,0.4732,2.0,0.4733,109.0
1753531898851,12:11:38.851,ARK/USDT:USDT,0.473,16.0,0.4729,580.0,0.4732,2.0,0.4733,109.0
1753531898904,12:11:38.904,ARK/USDT:USDT,0.473,16.0,0.4729,580.0,0.4732,2.0,0.4733,166.0
1753531899849,12:11:39.849,ARK/USDT:USDT,0.473,16.0,0.4729,580.0,0.4732,2.0,0.4733,166.0
1753531904504,12:11:44.504,ARK/USDT:USDT,0.473,16.0,0.4729,580.0,0.4732,12.0,0.4733,166.0
1753531904647,12:11:44.647,ARK/USDT:USDT,0.473,16.0,0.4729,580.0,0.4732,10.0,0.4733,166.0
1753531905510,12:11:45.510,ARK/USDT:USDT,0.473,16.0,0.4729,580.0,0.4733,166.0,0.4735,109.0
1753531905643,12:11:45.643,ARK/USDT:USDT,0.4731,13.0,0.473,16.0,0.4732,2.0,0.4733,206.0
1753531905671,12:11:45.671,ARK/USDT:USDT,0.4731,13.0,0.473,16.0,0.4732,2.0,0.4733,206.0
1753531906293,12:11:46.293,ARK/USDT:USDT,0.4731,13.0,0.473,16.0,0.4732,2.0,0.4733,141.0
1753531906601,12:11:46.601,ARK/USDT:USDT,0.4731,13.0,0.473,16.0,0.4732,2.0,0.4733,117.0
1753531906668,12:11:46.668,ARK/USDT:USDT,0.4731,13.0,0.473,16.0,0.4732,2.0,0.4733,109.0
1753531906865,12:11:46.865,ARK/USDT:USDT,0.4731,13.0,0.473,16.0,0.4732,2.0,0.4733,109.0
1753531909447,12:11:49.447,ARK/USDT:USDT,0.4731,13.0,0.473,16.0,0.4732,2.0,0.4733,109.0
1753531910058,12:11:50.058,ARK/USDT:USDT,0.4731,13.0,0.473,16.0,0.4732,2.0,0.4733,109.0
1753531910082,12:11:50.082,ARK/USDT:USDT,0.4731,13.0,0.473,16.0,0.4732,2.0,0.4733,109.0
1753531910169,12:11:50.169,ARK/USDT:USDT,0.4731,21.0,0.473,16.0,0.4732,2.0,0.4733,109.0
1753531910502,12:11:50.502,ARK/USDT:USDT,0.4731,13.0,0.473,16.0,0.4732,2.0,0.4733,109.0
1753531910615,12:11:50.615,ARK/USDT:USDT,0.4731,21.0,0.473,16.0,0.4732,2.0,0.4733,109.0
1753531911223,12:11:51.223,ARK/USDT:USDT,0.4731,29.0,0.473,16.0,0.4732,2.0,0.4736,58.0
1753531911289,12:11:51.289,ARK/USDT:USDT,0.4731,21.0,0.473,8.0,0.4735,2.0,0.4736,167.0
1753531911405,12:11:51.405,ARK/USDT:USDT,0.4731,21.0,0.473,8.0,0.4733,118.0,0.4734,118.0
1753531911505,12:11:51.505,ARK/USDT:USDT,0.4731,8.0,0.473,8.0,0.4733,118.0,0.4734,118.0
1753531912432,12:11:52.432,ARK/USDT:USDT,0.4731,8.0,0.473,8.0,0.4733,118.0,0.4734,118.0
1753531913626,12:11:53.626,ARK/USDT:USDT,0.4731,8.0,0.473,8.0,0.4733,118.0,0.4734,118.0
1753531914247,12:11:54.247,ARK/USDT:USDT,0.4731,8.0,0.473,8.0,0.4733,118.0,0.4734,118.0
1753531915921,12:11:55.921,ARK/USDT:USDT,0.4731,16.0,0.473,8.0,0.4734,118.0,0.4736,58.0
1753531916048,12:11:56.048,ARK/USDT:USDT,0.4732,13.0,0.4731,16.0,0.4733,2.0,0.4734,126.0
1753531916140,12:11:56.140,ARK/USDT:USDT,0.4732,13.0,0.4731,16.0,0.4733,2.0,0.4734,118.0
1753531919061,12:11:59.061,ARK/USDT:USDT,0.4732,21.0,0.4731,16.0,0.4733,2.0,0.4734,118.0
1753531919078,12:11:59.078,ARK/USDT:USDT,0.4732,29.0,0.4731,16.0,0.4733,2.0,0.4734,118.0
1753531919356,12:11:59.356,ARK/USDT:USDT,0.4732,29.0,0.4731,16.0,0.4733,2.0,0.4734,118.0
1753531919808,12:11:59.808,ARK/USDT:USDT,0.4732,29.0,0.4731,16.0,0.4733,2.0,0.4734,118.0
1753531920174,12:12:00.174,ARK/USDT:USDT,0.4732,29.0,0.4731,16.0,0.4733,2.0,0.4734,118.0
1753531920761,12:12:00.761,ARK/USDT:USDT,0.4732,13.0,0.4731,16.0,0.4733,2.0,0.4734,118.0
1753531923046,12:12:03.046,ARK/USDT:USDT,0.4732,21.0,0.4731,16.0,0.4733,2.0,0.4734,118.0
1753531923068,12:12:03.068,ARK/USDT:USDT,0.4732,21.0,0.4731,16.0,0.4733,2.0,0.4734,118.0
1753531923620,12:12:03.620,ARK/USDT:USDT,0.4732,13.0,0.4731,16.0,0.4733,2.0,0.4734,118.0
1753531923703,12:12:03.703,ARK/USDT:USDT,0.4732,13.0,0.4731,16.0,0.4733,24.0,0.4734,118.0
1753531923847,12:12:03.847,ARK/USDT:USDT,0.4732,13.0,0.4731,16.0,0.4733,24.0,0.4734,118.0
1753531923867,12:12:03.867,ARK/USDT:USDT,0.4732,13.0,0.4731,16.0,0.4733,24.0,0.4734,118.0
1753531924733,12:12:04.733,ARK/USDT:USDT,0.4732,29.0,0.4731,16.0,0.4733,2.0,0.4734,118.0
1753531925403,12:12:05.403,ARK/USDT:USDT,0.4732,13.0,0.4731,16.0,0.4733,120.0,0.4734,118.0
1753531928648,12:12:08.648,ARK/USDT:USDT,0.4732,13.0,0.4731,16.0,0.4733,120.0,0.4734,118.0
1753531929030,12:12:09.030,ARK/USDT:USDT,0.4732,13.0,0.4731,16.0,0.4733,120.0,0.4734,118.0
1753531929548,12:12:09.548,ARK/USDT:USDT,0.4732,21.0,0.4731,8.0,0.4733,120.0,0.4734,118.0
1753531930250,12:12:10.250,ARK/USDT:USDT,0.4732,13.0,0.473,250.0,0.4733,120.0,0.4734,118.0
1753531930346,12:12:10.346,ARK/USDT:USDT,0.4732,13.0,0.473,250.0,0.4733,192.0,0.4734,118.0
1753531930409,12:12:10.409,ARK/USDT:USDT,0.4732,7.0,0.4731,7.0,0.4733,192.0,0.4734,118.0
1753531930477,12:12:10.477,ARK/USDT:USDT,0.4732,7.0,0.4731,13.0,0.4733,192.0,0.4734,118.0
1753531930664,12:12:10.664,ARK/USDT:USDT,0.4731,13.0,0.473,250.0,0.4733,136.0,0.4734,118.0
1753531930726,12:12:10.726,ARK/USDT:USDT,0.4731,13.0,0.473,250.0,0.4733,134.0,0.4734,118.0
1753531931260,12:12:11.260,ARK/USDT:USDT,0.4731,13.0,0.473,250.0,0.4733,134.0,0.4734,118.0
1753531931302,12:12:11.302,ARK/USDT:USDT,0.4731,13.0,0.473,250.0,0.4733,126.0,0.4734,118.0
1753531931561,12:12:11.561,ARK/USDT:USDT,0.4731,13.0,0.473,250.0,0.4733,134.0,0.4734,118.0
1753531933362,12:12:13.362,ARK/USDT:USDT,0.4731,13.0,0.473,250.0,0.4732,174.0,0.4733,190.0
1753531933452,12:12:13.452,ARK/USDT:USDT,0.4731,13.0,0.4729,580.0,0.4732,192.0,0.4733,182.0
1753531933508,12:12:13.508,ARK/USDT:USDT,0.473,13.0,0.4729,580.0,0.4731,118.0,0.4732,184.0
1753531933583,12:12:13.583,ARK/USDT:USDT,0.473,13.0,0.4729,580.0,0.4731,118.0,0.4732,204.0
1753531934301,12:12:14.301,ARK/USDT:USDT,0.473,13.0,0.4729,580.0,0.4731,118.0,0.4732,212.0
1753531934591,12:12:14.591,ARK/USDT:USDT,0.473,13.0,0.4729,580.0,0.4731,118.0,0.4732,184.0
1753531934860,12:12:14.860,ARK/USDT:USDT,0.473,13.0,0.4729,580.0,0.4731,118.0,0.4732,184.0
1753531934876,12:12:14.876,ARK/USDT:USDT,0.473,13.0,0.4729,580.0,0.4731,118.0,0.4732,184.0
1753531935041,12:12:15.041,ARK/USDT:USDT,0.473,13.0,0.4729,580.0,0.4731,118.0,0.4732,176.0
1753531935464,12:12:15.464,ARK/USDT:USDT,0.473,29.0,0.4729,580.0,0.4732,120.0,0.4733,109.0
1753531935561,12:12:15.561,ARK/USDT:USDT,0.473,8.0,0.4729,580.0,0.4732,118.0,0.4733,109.0
1753531935625,12:12:15.625,ARK/USDT:USDT,0.473,8.0,0.4729,580.0,0.4732,118.0,0.4733,109.0
1753531936064,12:12:16.064,ARK/USDT:USDT,0.4729,588.0,0.4728,3432.0,0.4731,118.0,0.4732,118.0
1753531936087,12:12:16.087,ARK/USDT:USDT,0.4729,596.0,0.4728,3432.0,0.4731,118.0,0.4732,118.0
1753531936456,12:12:16.456,ARK/USDT:USDT,0.4729,596.0,0.4728,3432.0,0.4731,118.0,0.4732,118.0
1753531936733,12:12:16.733,ARK/USDT:USDT,0.4729,596.0,0.4728,3432.0,0.4732,118.0,0.4736,58.0
1753531936815,12:12:16.815,ARK/USDT:USDT,0.473,29.0,0.4729,596.0,0.4731,2.0,0.4732,118.0
1753531936885,12:12:16.885,ARK/USDT:USDT,0.473,29.0,0.4729,596.0,0.4731,2.0,0.4732,118.0
1753531936979,12:12:16.979,ARK/USDT:USDT,0.473,29.0,0.4729,596.0,0.4731,2.0,0.4732,118.0
1753531937154,12:12:17.154,ARK/USDT:USDT,0.4731,306.0,0.473,69.0,0.4736,58.0,0.4737,306.0
1753531937264,12:12:17.264,ARK/USDT:USDT,0.4732,30.0,0.4731,306.0,0.4735,174.0,0.4736,199.0
1753531937351,12:12:17.351,ARK/USDT:USDT,0.4732,30.0,0.4731,306.0,0.4735,182.0,0.4736,199.0
1753531937366,12:12:17.366,ARK/USDT:USDT,0.4732,22.0,0.4731,306.0,0.4735,182.0,0.4736,199.0
1753531937803,12:12:17.803,ARK/USDT:USDT,0.4732,30.0,0.4731,306.0,0.4735,182.0,0.4736,199.0
1753531938128,12:12:18.128,ARK/USDT:USDT,0.4732,30.0,0.4731,306.0,0.4735,174.0,0.4736,199.0
1753531938248,12:12:18.248,ARK/USDT:USDT,0.4732,30.0,0.4731,306.0,0.4735,174.0,0.4736,167.0
1753531938268,12:12:18.268,ARK/USDT:USDT,0.4732,30.0,0.4731,306.0,0.4735,174.0,0.4736,167.0
1753531939309,12:12:19.309,ARK/USDT:USDT,0.4732,30.0,0.4731,306.0,0.4735,174.0,0.4736,167.0
1753531939562,12:12:19.562,ARK/USDT:USDT,0.4732,30.0,0.4731,306.0,0.4735,174.0,0.4736,167.0
1753531939727,12:12:19.727,ARK/USDT:USDT,0.4732,30.0,0.4731,761.0,0.4735,174.0,0.4736,167.0
1753531939871,12:12:19.871,ARK/USDT:USDT,0.4732,30.0,0.4731,761.0,0.4735,174.0,0.4736,167.0
1753531940360,12:12:20.360,ARK/USDT:USDT,0.4732,30.0,0.4731,761.0,0.4735,174.0,0.4736,167.0
1753531940409,12:12:20.409,ARK/USDT:USDT,0.4732,30.0,0.4731,761.0,0.4735,174.0,0.4736,167.0
1753531940551,12:12:20.551,ARK/USDT:USDT,0.4732,30.0,0.4731,761.0,0.4735,174.0,0.4736,167.0
1753531940624,12:12:20.624,ARK/USDT:USDT,0.4732,86.0,0.4731,761.0,0.4735,1386.0,0.4736,167.0
1753531940769,12:12:20.769,ARK/USDT:USDT,0.4732,86.0,0.4731,761.0,0.4735,118.0,0.4736,167.0
1753531941436,12:12:21.436,ARK/USDT:USDT,0.4732,86.0,0.4731,761.0,0.4735,118.0,0.4736,167.0
1753531942243,12:12:22.243,ARK/USDT:USDT,0.4732,86.0,0.4731,761.0,0.4735,118.0,0.4736,189.0
1753531942664,12:12:22.664,ARK/USDT:USDT,0.4732,86.0,0.4731,761.0,0.4736,189.0,0.474,57.0
1753531942763,12:12:22.763,ARK/USDT:USDT,0.4732,86.0,0.4731,761.0,0.4736,189.0,0.4737,109.0
1753531943049,12:12:23.049,ARK/USDT:USDT,0.4732,86.0,0.4731,761.0,0.4736,131.0,0.4737,109.0
1753531943260,12:12:23.260,ARK/USDT:USDT,0.4732,86.0,0.4731,761.0,0.4736,109.0,0.4737,109.0
1753531944247,12:12:24.247,ARK/USDT:USDT,0.4733,64.0,0.4732,70.0,0.4736,1375.0,0.4737,109.0
1753531944337,12:12:24.337,ARK/USDT:USDT,0.4734,22.0,0.4733,56.0,0.4736,1407.0,0.4737,109.0
1753531944401,12:12:24.401,ARK/USDT:USDT,0.4732,56.0,0.4731,761.0,0.4736,1407.0,0.4737,109.0
1753531944562,12:12:24.562,ARK/USDT:USDT,0.4733,30.0,0.4732,56.0,0.4736,1407.0,0.4737,109.0
1753531944664,12:12:24.664,ARK/USDT:USDT,0.4733,30.0,0.4732,56.0,0.4736,1407.0,0.4737,109.0
1753531944757,12:12:24.757,ARK/USDT:USDT,0.4733,30.0,0.4732,56.0,0.4736,1407.0,0.4737,109.0
1753531944820,12:12:24.820,ARK/USDT:USDT,0.4733,30.0,0.4732,56.0,0.4736,1407.0,0.4737,109.0
1753531944910,12:12:24.910,ARK/USDT:USDT,0.4733,30.0,0.4732,56.0,0.4736,1407.0,0.4737,109.0
1753531945152,12:12:25.152,ARK/USDT:USDT,0.4733,22.0,0.4732,56.0,0.4735,118.0,0.4736,1407.0
1753531945261,12:12:25.261,ARK/USDT:USDT,0.4733,16.0,0.4732,56.0,0.4735,118.0,0.4736,141.0
1753531945339,12:12:25.339,ARK/USDT:USDT,0.4733,16.0,0.4732,56.0,0.4735,118.0,0.4736,109.0
1753531945426,12:12:25.426,ARK/USDT:USDT,0.4733,16.0,0.4732,56.0,0.4735,118.0,0.4736,131.0
1753531945617,12:12:25.617,ARK/USDT:USDT,0.4733,16.0,0.4732,56.0,0.4735,118.0,0.4736,131.0
1753531945723,12:12:25.723,ARK/USDT:USDT,0.4733,16.0,0.4732,56.0,0.4735,118.0,0.4736,131.0
1753531945801,12:12:25.801,ARK/USDT:USDT,0.4733,16.0,0.4732,56.0,0.4735,118.0,0.4736,131.0
1753531945931,12:12:25.931,ARK/USDT:USDT,0.4733,16.0,0.4732,56.0,0.4736,131.0,0.474,57.0
1753531945979,12:12:25.979,ARK/USDT:USDT,0.4734,30.0,0.4732,56.0,0.4736,131.0,0.474,57.0
1753531946150,12:12:26.150,ARK/USDT:USDT,0.4734,16.0,0.4732,56.0,0.4736,131.0,0.4737,109.0
1753531946195,12:12:26.195,ARK/USDT:USDT,0.4734,16.0,0.4732,56.0,0.4736,131.0,0.4737,109.0
1753531946453,12:12:26.453,ARK/USDT:USDT,0.4734,16.0,0.4732,56.0,0.4736,119.0,0.4737,109.0
1753531946477,12:12:26.477,ARK/USDT:USDT,0.4734,16.0,0.4732,56.0,0.4736,109.0,0.4737,109.0
1753531946620,12:12:26.620,ARK/USDT:USDT,0.4734,16.0,0.4732,56.0,0.4736,109.0,0.4737,109.0
1753531946911,12:12:26.911,ARK/USDT:USDT,0.4734,16.0,0.4732,56.0,0.4736,109.0,0.4737,109.0
1753531947562,12:12:27.562,ARK/USDT:USDT,0.4733,16.0,0.4732,56.0,0.4735,118.0,0.4736,119.0
1753531947849,12:12:27.849,ARK/USDT:USDT,0.4733,16.0,0.4732,56.0,0.4735,118.0,0.4736,119.0
1753531947882,12:12:27.882,ARK/USDT:USDT,0.4733,16.0,0.4732,56.0,0.4735,118.0,0.4736,119.0
1753531948521,12:12:28.521,ARK/USDT:USDT,0.4733,16.0,0.4732,56.0,0.4735,118.0,0.4736,109.0
1753531949003,12:12:29.003,ARK/USDT:USDT,0.4733,16.0,0.4732,56.0,0.4735,118.0,0.4736,119.0
1753531950027,12:12:30.027,ARK/USDT:USDT,0.4733,16.0,0.4732,56.0,0.4735,118.0,0.4736,109.0
1753531950388,12:12:30.388,ARK/USDT:USDT,0.4733,8.0,0.4732,56.0,0.4735,118.0,0.4736,109.0
1753531950966,12:12:30.966,ARK/USDT:USDT,0.4733,16.0,0.4732,56.0,0.4735,118.0,0.4736,109.0
1753531951409,12:12:31.409,ARK/USDT:USDT,0.4733,16.0,0.4732,56.0,0.4735,118.0,0.4736,109.0
1753531952221,12:12:32.221,ARK/USDT:USDT,0.4732,56.0,0.4731,761.0,0.4735,118.0,0.4736,109.0
1753531952283,12:12:32.283,ARK/USDT:USDT,0.4733,14.0,0.4732,56.0,0.4735,138.0,0.4736,109.0
1753531952488,12:12:32.488,ARK/USDT:USDT,0.4733,14.0,0.4732,56.0,0.4735,146.0,0.4736,109.0
1753531952648,12:12:32.648,ARK/USDT:USDT,0.4733,14.0,0.4732,56.0,0.4735,146.0,0.4736,109.0
1753531952702,12:12:32.702,ARK/USDT:USDT,0.4733,14.0,0.4732,56.0,0.4735,146.0,0.4736,109.0
1753531953356,12:12:33.356,ARK/USDT:USDT,0.4733,14.0,0.4732,56.0,0.4735,126.0,0.4736,109.0
1753531954648,12:12:34.648,ARK/USDT:USDT,0.4733,14.0,0.4732,56.0,0.4734,118.0,0.4735,128.0
1753531954726,12:12:34.726,ARK/USDT:USDT,0.4733,14.0,0.4732,64.0,0.4734,118.0,0.4735,128.0
1753531955219,12:12:35.219,ARK/USDT:USDT,0.4733,30.0,0.4732,64.0,0.4735,128.0,0.474,57.0
1753531955272,12:12:35.272,ARK/USDT:USDT,0.4733,16.0,0.4732,64.0,0.4735,128.0,0.4736,110.0
1753531955542,12:12:35.542,ARK/USDT:USDT,0.4733,16.0,0.4732,64.0,0.4735,128.0,0.4736,110.0
1753531955626,12:12:35.626,ARK/USDT:USDT,0.4733,16.0,0.4732,64.0,0.4735,118.0,0.4736,110.0
1753531955684,12:12:35.684,ARK/USDT:USDT,0.4733,16.0,0.4732,64.0,0.4736,110.0,0.474,57.0
1753531955849,12:12:35.849,ARK/USDT:USDT,0.4734,30.0,0.4732,56.0,0.4736,130.0,0.474,57.0
1753531955875,12:12:35.875,ARK/USDT:USDT,0.4734,16.0,0.4732,56.0,0.4736,130.0,0.474,57.0
1753531956206,12:12:36.206,ARK/USDT:USDT,0.4734,16.0,0.4732,56.0,0.4736,130.0,0.4737,110.0
1753531956847,12:12:36.847,ARK/USDT:USDT,0.4732,56.0,0.4731,761.0,0.4735,118.0,0.4736,1386.0
1753531956942,12:12:36.942,ARK/USDT:USDT,0.4733,30.0,0.4732,56.0,0.4735,128.0,0.4736,110.0
1753531956973,12:12:36.973,ARK/USDT:USDT,0.4733,16.0,0.4732,56.0,0.4735,128.0,0.4736,110.0
1753531957165,12:12:37.165,ARK/USDT:USDT,0.4733,16.0,0.4732,56.0,0.4735,128.0,0.4736,110.0
1753531957168,12:12:37.168,ARK/USDT:USDT,0.4733,16.0,0.4732,56.0,0.4735,128.0,0.4736,110.0
1753531957448,12:12:37.448,ARK/USDT:USDT,0.4733,16.0,0.4732,56.0,0.4735,128.0,0.4736,110.0
1753531957938,12:12:37.938,ARK/USDT:USDT,0.4733,16.0,0.4732,56.0,0.4735,118.0,0.4736,110.0
1753531957985,12:12:37.985,ARK/USDT:USDT,0.4733,16.0,0.4732,56.0,0.4735,118.0,0.4736,110.0
1753531958251,12:12:38.251,ARK/USDT:USDT,0.4733,16.0,0.4732,56.0,0.4735,118.0,0.4736,110.0
1753531958762,12:12:38.762,ARK/USDT:USDT,0.4733,16.0,0.4732,56.0,0.4736,110.0,0.4737,110.0
1753531958825,12:12:38.825,ARK/USDT:USDT,0.4734,14.0,0.4732,56.0,0.4736,1386.0,0.4737,110.0
1753531958876,12:12:38.876,ARK/USDT:USDT,0.4734,8.0,0.4733,14.0,0.4736,1386.0,0.4737,110.0
1753531959022,12:12:39.022,ARK/USDT:USDT,0.4732,72.0,0.4731,761.0,0.4735,118.0,0.4736,120.0
1753531959076,12:12:39.076,ARK/USDT:USDT,0.4733,30.0,0.4732,56.0,0.4735,118.0,0.4736,120.0
1753531959215,12:12:39.215,ARK/USDT:USDT,0.4733,16.0,0.4732,56.0,0.4735,118.0,0.4736,120.0
1753531959865,12:12:39.865,ARK/USDT:USDT,0.4733,16.0,0.4732,56.0,0.4735,118.0,0.4736,110.0
1753531962249,12:12:42.249,ARK/USDT:USDT,0.4733,16.0,0.4732,56.0,0.4735,118.0,0.4736,110.0
1753531962451,12:12:42.451,ARK/USDT:USDT,0.4733,16.0,0.4732,56.0,0.4735,118.0,0.4736,110.0
1753531967049,12:12:47.049,ARK/USDT:USDT,0.4733,16.0,0.4732,56.0,0.4735,118.0,0.4736,110.0
1753531971849,12:12:51.849,ARK/USDT:USDT,0.4733,16.0,0.4732,56.0,0.4735,118.0,0.4736,110.0
1753531972428,12:12:52.428,ARK/USDT:USDT,0.4733,8.0,0.4732,56.0,0.474,57.0,0.4741,857.0
1753531972541,12:12:52.541,ARK/USDT:USDT,0.4734,30.0,0.4732,56.0,0.4737,118.0,0.4738,175.0
1753531973506,12:12:53.506,ARK/USDT:USDT,0.4734,30.0,0.4732,56.0,0.4737,118.0,0.4738,175.0
1753531973737,12:12:53.737,ARK/USDT:USDT,0.4734,30.0,0.4732,56.0,0.4737,118.0,0.4738,175.0
1753531974484,12:12:54.484,ARK/USDT:USDT,0.4734,30.0,0.4732,56.0,0.4737,128.0,0.4738,175.0
1753531975450,12:12:55.450,ARK/USDT:USDT,0.4734,30.0,0.4732,56.0,0.4737,128.0,0.4738,175.0
1753531975486,12:12:55.486,ARK/USDT:USDT,0.4734,30.0,0.4732,56.0,0.4737,118.0,0.4738,175.0
1753531976208,12:12:56.208,ARK/USDT:USDT,0.4734,22.0,0.4732,56.0,0.4736,118.0,0.4737,126.0
1753531976308,12:12:56.308,ARK/USDT:USDT,0.4732,56.0,0.4731,761.0,0.4736,118.0,0.4737,118.0
1753531976381,12:12:56.381,ARK/USDT:USDT,0.4733,87.0,0.4732,56.0,0.4736,118.0,0.4737,118.0
1753531976563,12:12:56.563,ARK/USDT:USDT,0.4733,87.0,0.4732,56.0,0.4736,118.0,0.4737,118.0
1753531976649,12:12:56.649,ARK/USDT:USDT,0.4733,87.0,0.4732,56.0,0.4736,118.0,0.4737,118.0
1753531976669,12:12:56.669,ARK/USDT:USDT,0.4733,87.0,0.4732,56.0,0.4736,118.0,0.4737,118.0
1753531976977,12:12:56.977,ARK/USDT:USDT,0.4733,87.0,0.4732,56.0,0.4736,118.0,0.4737,118.0
1753531977463,12:12:57.463,ARK/USDT:USDT,0.4733,87.0,0.4732,56.0,0.4736,128.0,0.4737,118.0
1753531978519,12:12:58.519,ARK/USDT:USDT,0.4733,87.0,0.4732,56.0,0.4736,118.0,0.4737,118.0
1753531981450,12:13:01.450,ARK/USDT:USDT,0.4733,87.0,0.4732,56.0,0.4736,118.0,0.4737,118.0
1753531981467,12:13:01.467,ARK/USDT:USDT,0.4733,87.0,0.4732,56.0,0.4736,118.0,0.4737,118.0
1753531982259,12:13:02.259,ARK/USDT:USDT,0.4733,14.0,0.4731,761.0,0.4736,190.0,0.4737,118.0
1753531982285,12:13:02.285,ARK/USDT:USDT,0.4732,70.0,0.4731,761.0,0.4736,190.0,0.4737,118.0
1753531982624,12:13:02.624,ARK/USDT:USDT,0.4732,70.0,0.4731,761.0,0.4736,190.0,0.4737,118.0
1753531983039,12:13:03.039,ARK/USDT:USDT,0.4732,70.0,0.4731,761.0,0.4736,190.0,0.4737,118.0
1753531983081,12:13:03.081,ARK/USDT:USDT,0.4732,70.0,0.4731,761.0,0.4736,190.0,0.4737,118.0
1753531985187,12:13:05.187,ARK/USDT:USDT,0.4732,70.0,0.4731,761.0,0.4736,174.0,0.4737,118.0
1753531986128,12:13:06.128,ARK/USDT:USDT,0.4733,1059.0,0.4732,3476.0,0.4736,118.0,0.4737,118.0
1753531986249,12:13:06.249,ARK/USDT:USDT,0.4734,22.0,0.4733,1051.0,0.4736,118.0,0.4737,118.0
1753531986274,12:13:06.274,ARK/USDT:USDT,0.4734,8.0,0.4733,1051.0,0.4736,118.0,0.4737,118.0
1753531986369,12:13:06.369,ARK/USDT:USDT,0.4733,1051.0,0.4732,3462.0,0.4736,118.0,0.4737,118.0
1753531986560,12:13:06.560,ARK/USDT:USDT,0.4734,14.0,0.4733,1051.0,0.4736,126.0,0.4737,118.0
1753531986687,12:13:06.687,ARK/USDT:USDT,0.4734,14.0,0.4733,1051.0,0.4736,118.0,0.4737,118.0
1753531988864,12:13:08.864,ARK/USDT:USDT,0.4734,14.0,0.4733,1043.0,0.4735,118.0,0.4736,134.0
1753531988867,12:13:08.867,ARK/USDT:USDT,0.4734,14.0,0.4733,1051.0,0.4735,118.0,0.4736,134.0
1753531989241,12:13:09.241,ARK/USDT:USDT,0.4734,14.0,0.4733,1051.0,0.4735,118.0,0.4736,134.0
1753531990833,12:13:10.833,ARK/USDT:USDT,0.4734,14.0,0.4733,1043.0,0.4735,118.0,0.4736,134.0
1753531991053,12:13:11.053,ARK/USDT:USDT,0.4734,14.0,0.4733,1051.0,0.4735,118.0,0.4736,134.0
1753531991311,12:13:11.311,ARK/USDT:USDT,0.4734,14.0,0.4733,1051.0,0.4735,118.0,0.4736,134.0
1753531995864,12:13:15.864,ARK/USDT:USDT,0.4734,14.0,0.4733,1051.0,0.4735,118.0,0.4736,134.0
1753531996788,12:13:16.788,ARK/USDT:USDT,0.4734,14.0,0.4733,1043.0,0.4735,118.0,0.4736,134.0
1753531998943,12:13:18.943,ARK/USDT:USDT,0.4734,30.0,0.4733,1043.0,0.4736,118.0,0.4737,111.0
1753531998972,12:13:18.972,ARK/USDT:USDT,0.4734,16.0,0.4733,1043.0,0.4736,118.0,0.4737,111.0
1753532000649,12:13:20.649,ARK/USDT:USDT,0.4734,16.0,0.4733,1043.0,0.4736,118.0,0.4737,111.0
1753532000848,12:13:20.848,ARK/USDT:USDT,0.4733,1059.0,0.4732,3462.0,0.4735,118.0,0.4736,118.0
1753532000934,12:13:20.934,ARK/USDT:USDT,0.4733,1059.0,0.4732,3462.0,0.4735,118.0,0.4736,118.0
1753532001175,12:13:21.175,ARK/USDT:USDT,0.4733,1059.0,0.4732,3462.0,0.4735,118.0,0.4736,118.0
1753532003190,12:13:23.190,ARK/USDT:USDT,0.4733,1051.0,0.4732,3462.0,0.4735,118.0,0.4736,118.0
1753532003957,12:13:23.957,ARK/USDT:USDT,0.4732,3414.0,0.4731,511.0,0.4734,118.0,0.4735,126.0
1753532004009,12:13:24.009,ARK/USDT:USDT,0.4732,3414.0,0.4731,511.0,0.4734,118.0,0.4735,126.0
1753532005452,12:13:25.452,ARK/USDT:USDT,0.4732,3414.0,0.4731,511.0,0.4734,118.0,0.4735,126.0
1753532005634,12:13:25.634,ARK/USDT:USDT,0.4732,3414.0,0.4731,511.0,0.4734,118.0,0.4735,126.0
1753532010263,12:13:30.263,ARK/USDT:USDT,0.4732,3414.0,0.4731,511.0,0.4734,118.0,0.4735,126.0
1753532010277,12:13:30.277,ARK/USDT:USDT,0.4732,3414.0,0.4731,511.0,0.4734,118.0,0.4735,126.0
1753532011365,12:13:31.365,ARK/USDT:USDT,0.4732,3414.0,0.4731,511.0,0.4734,118.0,0.4735,118.0
1753532011449,12:13:31.449,ARK/USDT:USDT,0.4732,3406.0,0.473,56.0,0.4734,118.0,0.4735,118.0
1753532011544,12:13:31.544,ARK/USDT:USDT,0.4732,3406.0,0.473,56.0,0.4734,126.0,0.4735,118.0
1753532011580,12:13:31.580,ARK/USDT:USDT,0.4732,3406.0,0.473,56.0,0.4734,191.0,0.4735,118.0
1753532011783,12:13:31.783,ARK/USDT:USDT,0.4732,3406.0,0.473,56.0,0.4734,201.0,0.4735,118.0
1753532012101,12:13:32.101,ARK/USDT:USDT,0.4732,3406.0,0.4727,56.0,0.4734,201.0,0.4735,118.0
1753532012802,12:13:32.802,ARK/USDT:USDT,0.4732,3406.0,0.4727,56.0,0.4734,191.0,0.4735,118.0
1753532014259,12:13:34.259,ARK/USDT:USDT,0.4732,3422.0,0.4727,56.0,0.4734,175.0,0.4735,118.0
1753532014441,12:13:34.441,ARK/USDT:USDT,0.4732,3406.0,0.4727,56.0,0.4734,191.0,0.4735,118.0
1753532014943,12:13:34.943,ARK/USDT:USDT,0.4732,3406.0,0.4727,56.0,0.4734,175.0,0.4735,118.0
1753532015052,12:13:35.052,ARK/USDT:USDT,0.4732,3406.0,0.4727,56.0,0.4734,175.0,0.4735,118.0
1753532015068,12:13:35.068,ARK/USDT:USDT,0.4732,3406.0,0.4727,56.0,0.4734,175.0,0.4735,118.0
1753532015376,12:13:35.376,ARK/USDT:USDT,0.4732,3422.0,0.4727,56.0,0.4734,175.0,0.4735,118.0
1753532018137,12:13:38.137,ARK/USDT:USDT,0.4732,3422.0,0.4727,56.0,0.4734,118.0,0.4735,118.0
1753532019851,12:13:39.851,ARK/USDT:USDT,0.4732,3422.0,0.4727,56.0,0.4734,118.0,0.4735,118.0
1753532024650,12:13:44.650,ARK/USDT:USDT,0.4732,3422.0,0.4727,56.0,0.4734,118.0,0.4735,118.0
1753532029450,12:13:49.450,ARK/USDT:USDT,0.4732,3422.0,0.4727,56.0,0.4734,118.0,0.4735,118.0
1753532030658,12:13:50.658,ARK/USDT:USDT,0.4732,3414.0,0.4727,56.0,0.4734,118.0,0.4735,118.0
1753532030822,12:13:50.822,ARK/USDT:USDT,0.4732,3406.0,0.4727,56.0,0.4734,126.0,0.4735,118.0
1753532032552,12:13:52.552,ARK/USDT:USDT,0.4732,3406.0,0.4727,56.0,0.4734,126.0,0.4735,118.0
1753532033641,12:13:53.641,ARK/USDT:USDT,0.4732,3422.0,0.4727,56.0,0.4734,118.0,0.4735,118.0
1753532034250,12:13:54.250,ARK/USDT:USDT,0.4732,3422.0,0.4727,56.0,0.4734,118.0,0.4735,118.0
1753532036661,12:13:56.661,ARK/USDT:USDT,0.4732,3414.0,0.4727,56.0,0.4734,118.0,0.4735,118.0
1753532039061,12:13:59.061,ARK/USDT:USDT,0.4732,3406.0,0.4727,56.0,0.4734,118.0,0.4735,118.0
1753532039069,12:13:59.069,ARK/USDT:USDT,0.4732,3406.0,0.4727,56.0,0.4734,118.0,0.4735,118.0
1753532039461,12:13:59.461,ARK/USDT:USDT,0.4732,3406.0,0.4727,56.0,0.4734,118.0,0.4735,118.0
1753532039553,12:13:59.553,ARK/USDT:USDT,0.4732,3414.0,0.4727,56.0,0.4734,118.0,0.4735,118.0
1753532040411,12:14:00.411,ARK/USDT:USDT,0.4731,1018.0,0.473,3394.0,0.4734,118.0,0.4735,118.0
1753532040480,12:14:00.480,ARK/USDT:USDT,0.4732,14.0,0.4731,1018.0,0.4734,134.0,0.4735,118.0
1753532041130,12:14:01.130,ARK/USDT:USDT,0.4732,30.0,0.4731,1018.0,0.4734,118.0,0.4735,118.0
1753532041201,12:14:01.201,ARK/USDT:USDT,0.4732,8.0,0.4731,1018.0,0.4735,118.0,0.4736,111.0
1753532041275,12:14:01.275,ARK/USDT:USDT,0.4733,14.0,0.4732,8.0,0.4735,126.0,0.4736,111.0
1753532041370,12:14:01.370,ARK/USDT:USDT,0.4733,14.0,0.4732,8.0,0.4735,136.0,0.4736,111.0
1753532041488,12:14:01.488,ARK/USDT:USDT,0.4733,14.0,0.4732,8.0,0.4735,136.0,0.4736,111.0
1753532041863,12:14:01.863,ARK/USDT:USDT,0.4733,14.0,0.4732,8.0,0.4735,136.0,0.4736,111.0
1753532041906,12:14:01.906,ARK/USDT:USDT,0.4733,14.0,0.4732,8.0,0.4735,136.0,0.4736,111.0
1753532042373,12:14:02.373,ARK/USDT:USDT,0.4733,14.0,0.4732,8.0,0.4735,126.0,0.4736,111.0
1753532043341,12:14:03.341,ARK/USDT:USDT,0.4733,14.0,0.4731,1018.0,0.4734,118.0,0.4735,189.0
1753532043401,12:14:03.401,ARK/USDT:USDT,0.4732,22.0,0.4731,1018.0,0.4734,118.0,0.4735,189.0
1753532043526,12:14:03.526,ARK/USDT:USDT,0.4731,1018.0,0.473,3394.0,0.4734,128.0,0.4735,173.0
1753532043581,12:14:03.581,ARK/USDT:USDT,0.4732,22.0,0.4731,1018.0,0.4734,128.0,0.4735,173.0
1753532043683,12:14:03.683,ARK/USDT:USDT,0.4731,1018.0,0.473,3394.0,0.4734,128.0,0.4735,173.0
1753532043850,12:14:03.850,ARK/USDT:USDT,0.4732,14.0,0.4731,1018.0,0.4734,128.0,0.4735,173.0
1753532044502,12:14:04.502,ARK/USDT:USDT,0.4732,14.0,0.4731,1018.0,0.4734,118.0,0.4735,173.0
1753532044745,12:14:04.745,ARK/USDT:USDT,0.4732,14.0,0.4731,1018.0,0.4734,118.0,0.4735,173.0
1753532048353,12:14:08.353,ARK/USDT:USDT,0.4732,30.0,0.4731,1018.0,0.4734,118.0,0.4735,173.0
1753532048371,12:14:08.371,ARK/USDT:USDT,0.4732,16.0,0.4731,1018.0,0.4734,118.0,0.4735,173.0
1753532049361,12:14:09.361,ARK/USDT:USDT,0.4731,1026.0,0.473,3394.0,0.4733,118.0,0.4734,118.0
1753532049430,12:14:09.430,ARK/USDT:USDT,0.4731,1034.0,0.473,3394.0,0.4733,118.0,0.4734,118.0
1753532049634,12:14:09.634,ARK/USDT:USDT,0.4731,1034.0,0.473,3394.0,0.4733,118.0,0.4734,118.0
1753532050665,12:14:10.665,ARK/USDT:USDT,0.4731,1034.0,0.473,3394.0,0.4734,118.0,0.4738,57.0
1753532050681,12:14:10.681,ARK/USDT:USDT,0.4732,22.0,0.4731,1026.0,0.4734,118.0,0.4735,111.0
1753532050857,12:14:10.857,ARK/USDT:USDT,0.4731,1034.0,0.473,3394.0,0.4734,128.0,0.4735,111.0
1753532050876,12:14:10.876,ARK/USDT:USDT,0.4732,30.0,0.4731,1018.0,0.4734,128.0,0.4735,111.0
1753532050971,12:14:10.971,ARK/USDT:USDT,0.4732,16.0,0.4731,1018.0,0.4734,128.0,0.4735,111.0
1753532051180,12:14:11.180,ARK/USDT:USDT,0.4731,1018.0,0.473,3394.0,0.4734,128.0,0.4735,111.0
1753532051344,12:14:11.344,ARK/USDT:USDT,0.4732,14.0,0.4731,1018.0,0.4734,128.0,0.4735,111.0
1753532051758,12:14:11.758,ARK/USDT:USDT,0.4732,30.0,0.4731,1018.0,0.4734,128.0,0.4735,111.0
1753532051798,12:14:11.798,ARK/USDT:USDT,0.4732,30.0,0.4731,1018.0,0.4734,118.0,0.4735,111.0
1753532051886,12:14:11.886,ARK/USDT:USDT,0.4732,16.0,0.4731,1018.0,0.4734,118.0,0.4735,111.0
1753532056275,12:14:16.275,ARK/USDT:USDT,0.4731,1018.0,0.473,3394.0,0.4734,118.0,0.4735,111.0
1753532056372,12:14:16.372,ARK/USDT:USDT,0.4732,14.0,0.4731,1018.0,0.4734,118.0,0.4735,111.0
1753532062240,12:14:22.240,ARK/USDT:USDT,0.4732,30.0,0.4731,1018.0,0.4734,118.0,0.4735,111.0
1753532062271,12:14:22.271,ARK/USDT:USDT,0.4732,16.0,0.4731,1018.0,0.4734,118.0,0.4735,111.0
1753532062367,12:14:22.367,ARK/USDT:USDT,0.4731,1018.0,0.473,3394.0,0.4734,118.0,0.4735,111.0
1753532062474,12:14:22.474,ARK/USDT:USDT,0.4732,14.0,0.4731,1018.0,0.4734,118.0,0.4735,111.0
1753532063787,12:14:23.787,ARK/USDT:USDT,0.4732,22.0,0.4731,1018.0,0.4734,118.0,0.4735,111.0
1753532063884,12:14:23.884,ARK/USDT:USDT,0.4731,1026.0,0.473,3394.0,0.4734,118.0,0.4735,111.0
1753532063981,12:14:23.981,ARK/USDT:USDT,0.4732,22.0,0.4731,1026.0,0.4734,118.0,0.4735,111.0
1753532064073,12:14:24.073,ARK/USDT:USDT,0.4732,8.0,0.4731,1026.0,0.4734,118.0,0.4735,111.0
1753532065345,12:14:25.345,ARK/USDT:USDT,0.4731,1026.0,0.473,3394.0,0.4734,118.0,0.4735,111.0
1753532065372,12:14:25.372,ARK/USDT:USDT,0.4732,14.0,0.4731,1026.0,0.4734,118.0,0.4735,111.0
1753532068966,12:14:28.966,ARK/USDT:USDT,0.4732,30.0,0.4731,1018.0,0.4734,118.0,0.4735,111.0
1753532069073,12:14:29.073,ARK/USDT:USDT,0.4732,16.0,0.4731,1018.0,0.4734,118.0,0.4735,111.0
1753532071922,12:14:31.922,ARK/USDT:USDT,0.4732,8.0,0.4731,1018.0,0.4734,118.0,0.4735,111.0
1753532073208,12:14:33.208,ARK/USDT:USDT,0.4731,1018.0,0.473,3394.0,0.4734,118.0,0.4735,111.0
1753532073278,12:14:33.278,ARK/USDT:USDT,0.4732,14.0,0.4731,1018.0,0.4734,118.0,0.4735,111.0
1753532075576,12:14:35.576,ARK/USDT:USDT,0.4732,30.0,0.4731,1018.0,0.4734,118.0,0.4735,111.0
1753532075678,12:14:35.678,ARK/USDT:USDT,0.4732,16.0,0.4731,1018.0,0.4734,118.0,0.4735,111.0
1753532077861,12:14:37.861,ARK/USDT:USDT,0.4731,1018.0,0.473,3394.0,0.4734,118.0,0.4735,111.0
1753532077872,12:14:37.872,ARK/USDT:USDT,0.4732,14.0,0.4731,1018.0,0.4734,118.0,0.4735,111.0
1753532078363,12:14:38.363,ARK/USDT:USDT,0.4732,14.0,0.4731,1018.0,0.4734,175.0,0.4735,111.0
1753532078379,12:14:38.379,ARK/USDT:USDT,0.4732,14.0,0.4731,1018.0,0.4734,183.0,0.4735,111.0
1753532079331,12:14:39.331,ARK/USDT:USDT,0.4732,14.0,0.4731,1018.0,0.4734,191.0,0.4735,111.0
1753532080165,12:14:40.165,ARK/USDT:USDT,0.4732,22.0,0.4731,1018.0,0.4734,175.0,0.4735,111.0
1753532080181,12:14:40.181,ARK/USDT:USDT,0.4731,1018.0,0.473,3394.0,0.4734,175.0,0.4735,111.0
1753532080272,12:14:40.272,ARK/USDT:USDT,0.4732,14.0,0.4731,1018.0,0.4734,175.0,0.4735,111.0
1753532082550,12:14:42.550,ARK/USDT:USDT,0.4732,22.0,0.4731,1018.0,0.4734,118.0,0.4735,111.0
1753532082579,12:14:42.579,ARK/USDT:USDT,0.4732,8.0,0.4731,1018.0,0.4734,118.0,0.4735,111.0
1753532083268,12:14:43.268,ARK/USDT:USDT,0.4732,16.0,0.4731,1018.0,0.4734,118.0,0.4735,111.0
1753532084395,12:14:44.395,ARK/USDT:USDT,0.4731,1018.0,0.473,3394.0,0.4734,118.0,0.4735,111.0
1753532084477,12:14:44.477,ARK/USDT:USDT,0.4732,22.0,0.4731,1018.0,0.4734,118.0,0.4735,111.0
1753532084571,12:14:44.571,ARK/USDT:USDT,0.4732,8.0,0.4731,1018.0,0.4734,118.0,0.4735,111.0
1753532087578,12:14:47.578,ARK/USDT:USDT,0.4731,1018.0,0.473,3394.0,0.4734,118.0,0.4735,111.0
1753532087672,12:14:47.672,ARK/USDT:USDT,0.4732,14.0,0.4731,1018.0,0.4734,118.0,0.4735,111.0
1753532089619,12:14:49.619,ARK/USDT:USDT,0.4732,30.0,0.4731,1018.0,0.4734,118.0,0.4735,111.0
1753532089725,12:14:49.725,ARK/USDT:USDT,0.4732,16.0,0.4731,1018.0,0.4734,118.0,0.4735,111.0
1753532092564,12:14:52.564,ARK/USDT:USDT,0.4732,8.0,0.4731,1018.0,0.4734,118.0,0.4735,111.0
1753532096114,12:14:56.114,ARK/USDT:USDT,0.4732,16.0,0.4731,1018.0,0.4734,118.0,0.4735,111.0
1753532100829,12:15:00.829,ARK/USDT:USDT,0.4732,8.0,0.4731,1018.0,0.4735,111.0,0.4736,112.0
1753532100883,12:15:00.883,ARK/USDT:USDT,0.4733,21.0,0.4731,1018.0,0.4735,1379.0,0.4736,112.0
1753532100980,12:15:00.980,ARK/USDT:USDT,0.4731,1018.0,0.473,3394.0,0.4735,1379.0,0.4736,112.0
1753532101141,12:15:01.141,ARK/USDT:USDT,0.4732,28.0,0.4731,1018.0,0.4734,118.0,0.4735,111.0
1753532101172,12:15:01.172,ARK/USDT:USDT,0.4732,14.0,0.4731,1018.0,0.4734,118.0,0.4735,111.0
1753532101556,12:15:01.556,ARK/USDT:USDT,0.4732,14.0,0.4731,1018.0,0.4734,118.0,0.4735,111.0
1753532101900,12:15:01.900,ARK/USDT:USDT,0.4732,14.0,0.4731,1018.0,0.4734,118.0,0.4735,111.0
1753532102372,12:15:02.372,ARK/USDT:USDT,0.4732,14.0,0.4731,1018.0,0.4734,118.0,0.4735,111.0
1753532103164,12:15:03.164,ARK/USDT:USDT,0.4731,1018.0,0.473,3394.0,0.4734,118.0,0.4735,111.0
1753532103265,12:15:03.265,ARK/USDT:USDT,0.4732,14.0,0.4731,1018.0,0.4735,111.0,0.4736,112.0
1753532103361,12:15:03.361,ARK/USDT:USDT,0.4732,21.0,0.4731,1018.0,0.4735,111.0,0.4736,112.0
1753532103417,12:15:03.417,ARK/USDT:USDT,0.4732,21.0,0.4731,1018.0,0.4735,111.0,0.4736,112.0
1753532103590,12:15:03.590,ARK/USDT:USDT,0.4732,21.0,0.4731,1018.0,0.4735,111.0,0.4736,112.0
1753532104750,12:15:04.750,ARK/USDT:USDT,0.4732,28.0,0.4731,1018.0,0.4735,118.0,0.4736,112.0
1753532104831,12:15:04.831,ARK/USDT:USDT,0.4732,14.0,0.4731,1018.0,0.4735,183.0,0.4736,112.0
1753532106654,12:15:06.654,ARK/USDT:USDT,0.4732,21.0,0.4731,1018.0,0.4735,176.0,0.4736,112.0
1753532106852,12:15:06.852,ARK/USDT:USDT,0.4732,21.0,0.4731,1018.0,0.4735,176.0,0.4736,112.0
1753532106994,12:15:06.994,ARK/USDT:USDT,0.4732,21.0,0.4731,1018.0,0.4735,169.0,0.4736,112.0
1753532107540,12:15:07.540,ARK/USDT:USDT,0.4732,28.0,0.4731,1018.0,0.4735,169.0,0.4736,112.0
1753532107667,12:15:07.667,ARK/USDT:USDT,0.4732,28.0,0.4731,1018.0,0.4735,176.0,0.4736,112.0
1753532108907,12:15:08.907,ARK/USDT:USDT,0.4732,28.0,0.4731,1018.0,0.4735,169.0,0.4736,112.0
1753532110683,12:15:10.683,ARK/USDT:USDT,0.4732,28.0,0.4731,1018.0,0.4735,176.0,0.4736,112.0
1753532110807,12:15:10.807,ARK/USDT:USDT,0.4732,21.0,0.4731,1018.0,0.4734,118.0,0.4735,176.0
1753532110917,12:15:10.917,ARK/USDT:USDT,0.4732,7.0,0.4731,1018.0,0.4734,118.0,0.4735,176.0
1753532111258,12:15:11.258,ARK/USDT:USDT,0.4732,7.0,0.4731,1018.0,0.4734,118.0,0.4735,176.0
1753532111359,12:15:11.359,ARK/USDT:USDT,0.4732,7.0,0.4731,1018.0,0.4734,118.0,0.4735,176.0
1753532111419,12:15:11.419,ARK/USDT:USDT,0.4732,7.0,0.4731,1018.0,0.4734,118.0,0.4735,176.0
1753532111652,12:15:11.652,ARK/USDT:USDT,0.4732,7.0,0.4731,1018.0,0.4734,118.0,0.4735,176.0
1753532111961,12:15:11.961,ARK/USDT:USDT,0.4732,7.0,0.4731,1025.0,0.4733,118.0,0.4734,118.0
1753532111972,12:15:11.972,ARK/USDT:USDT,0.4732,21.0,0.4731,1025.0,0.4733,118.0,0.4734,118.0
1753532112074,12:15:12.074,ARK/USDT:USDT,0.4732,21.0,0.4731,1025.0,0.4733,118.0,0.4734,118.0
1753532112932,12:15:12.932,ARK/USDT:USDT,0.4732,21.0,0.4731,1025.0,0.4734,118.0,0.4738,57.0
1753532112995,12:15:12.995,ARK/USDT:USDT,0.4732,7.0,0.4731,1025.0,0.4734,118.0,0.4735,112.0
1753532116452,12:15:16.452,ARK/USDT:USDT,0.4732,7.0,0.4731,1025.0,0.4734,118.0,0.4735,112.0
1753532117157,12:15:17.157,ARK/USDT:USDT,0.4731,1018.0,0.473,3394.0,0.4734,118.0,0.4735,112.0
1753532117172,12:15:17.172,ARK/USDT:USDT,0.4732,14.0,0.4731,1018.0,0.4734,118.0,0.4735,112.0
1753532118388,12:15:18.388,ARK/USDT:USDT,0.4732,21.0,0.4731,1018.0,0.4734,118.0,0.4735,112.0
1753532118472,12:15:18.472,ARK/USDT:USDT,0.4732,7.0,0.4731,1018.0,0.4734,118.0,0.4735,112.0
1753532123886,12:15:23.886,ARK/USDT:USDT,0.4731,1018.0,0.473,3394.0,0.4734,118.0,0.4735,112.0
1753532123975,12:15:23.975,ARK/USDT:USDT,0.4732,14.0,0.4731,1018.0,0.4734,125.0,0.4735,112.0
1753532124123,12:15:24.123,ARK/USDT:USDT,0.4732,86.0,0.4731,1018.0,0.4735,112.0,0.4738,57.0
1753532124233,12:15:24.233,ARK/USDT:USDT,0.4733,58.0,0.4732,86.0,0.4738,57.0,0.4739,307.0
1753532124362,12:15:24.362,ARK/USDT:USDT,0.4733,3472.0,0.4732,503.0,0.4738,57.0,0.4739,307.0
1753532124395,12:15:24.395,ARK/USDT:USDT,0.4734,605.0,0.4733,3458.0,0.4738,57.0,0.4739,307.0
1753532124480,12:15:24.480,ARK/USDT:USDT,0.4734,14.0,0.4733,3458.0,0.4738,57.0,0.4739,307.0
1753532124624,12:15:24.624,ARK/USDT:USDT,0.4734,14.0,0.4733,3458.0,0.4738,57.0,0.4739,307.0
1753532124705,12:15:24.705,ARK/USDT:USDT,0.4734,72.0,0.4733,3458.0,0.4738,57.0,0.4739,307.0
1753532124855,12:15:24.855,ARK/USDT:USDT,0.4734,72.0,0.4733,3458.0,0.4738,57.0,0.4739,307.0
1753532125053,12:15:25.053,ARK/USDT:USDT,0.4734,72.0,0.4733,3458.0,0.4738,690.0,0.4739,307.0
1753532125164,12:15:25.164,ARK/USDT:USDT,0.4734,72.0,0.4733,3458.0,0.4738,1323.0,0.4739,307.0
1753532125232,12:15:25.232,ARK/USDT:USDT,0.4734,28.0,0.4733,3458.0,0.4737,58.0,0.4738,57.0
1753532125332,12:15:25.332,ARK/USDT:USDT,0.4734,765.0,0.4733,3458.0,0.4739,57.0,0.474,169.0
1753532126548,12:15:26.548,ARK/USDT:USDT,0.4734,765.0,0.4733,3458.0,0.4739,57.0,0.474,169.0
1753532126572,12:15:26.572,ARK/USDT:USDT,0.4734,765.0,0.4733,3458.0,0.4739,57.0,0.474,169.0
1753532126713,12:15:26.713,ARK/USDT:USDT,0.4734,765.0,0.4733,3458.0,0.4739,57.0,0.474,169.0
1753532127159,12:15:27.159,ARK/USDT:USDT,0.4734,765.0,0.4733,3458.0,0.4736,107.0,0.4737,107.0
1753532127174,12:15:27.174,ARK/USDT:USDT,0.4734,751.0,0.4733,3458.0,0.4736,107.0,0.4737,107.0
1753532127454,12:15:27.454,ARK/USDT:USDT,0.4734,751.0,0.4733,3458.0,0.4736,107.0,0.4737,107.0
1753532128164,12:15:28.164,ARK/USDT:USDT,0.4733,3458.0,0.4732,496.0,0.4736,107.0,0.4737,107.0
1753532128252,12:15:28.252,ARK/USDT:USDT,0.4734,14.0,0.4733,3458.0,0.4736,107.0,0.4737,107.0
1753532128430,12:15:28.430,ARK/USDT:USDT,0.4734,14.0,0.4733,3458.0,0.4736,107.0,0.4737,107.0
1753532129763,12:15:29.763,ARK/USDT:USDT,0.4734,14.0,0.4733,3458.0,0.4736,107.0,0.4737,107.0
1753532129778,12:15:29.778,ARK/USDT:USDT,0.4734,14.0,0.4733,3458.0,0.4736,107.0,0.4737,107.0
1753532130051,12:15:30.051,ARK/USDT:USDT,0.4734,14.0,0.4733,3458.0,0.4736,107.0,0.4737,107.0
1753532130797,12:15:30.797,ARK/USDT:USDT,0.4734,14.0,0.4733,3458.0,0.4736,107.0,0.4737,107.0
1753532131080,12:15:31.080,ARK/USDT:USDT,0.4734,21.0,0.4733,3458.0,0.4736,107.0,0.4737,107.0
1753532131181,12:15:31.181,ARK/USDT:USDT,0.4733,3465.0,0.4732,496.0,0.4736,107.0,0.4737,107.0
1753532131276,12:15:31.276,ARK/USDT:USDT,0.4734,21.0,0.4733,3458.0,0.4736,107.0,0.4737,107.0
1753532131381,12:15:31.381,ARK/USDT:USDT,0.4733,3465.0,0.4732,496.0,0.4736,107.0,0.4737,107.0
1753532131473,12:15:31.473,ARK/USDT:USDT,0.4734,14.0,0.4733,3458.0,0.4736,107.0,0.4737,107.0
1753532131862,12:15:31.862,ARK/USDT:USDT,0.4734,14.0,0.4732,58.0,0.4735,107.0,0.4736,179.0
1753532131963,12:15:31.963,ARK/USDT:USDT,0.4733,14.0,0.4732,3407.0,0.4734,107.0,0.4735,121.0
1753532132049,12:15:32.049,ARK/USDT:USDT,0.4733,21.0,0.4732,3414.0,0.4735,107.0,0.4736,58.0
1753532132156,12:15:32.156,ARK/USDT:USDT,0.4734,165.0,0.4733,947.0,0.4739,57.0,0.474,307.0
1753532132238,12:15:32.238,ARK/USDT:USDT,0.4735,14.0,0.4734,165.0,0.4739,57.0,0.474,307.0
1753532132324,12:15:32.324,ARK/USDT:USDT,0.4735,14.0,0.4734,165.0,0.4739,57.0,0.474,307.0
1753532132416,12:15:32.416,ARK/USDT:USDT,0.4735,14.0,0.4734,165.0,0.4739,57.0,0.474,307.0
1753532132539,12:15:32.539,ARK/USDT:USDT,0.4735,14.0,0.4734,165.0,0.4739,57.0,0.474,307.0
1753532132629,12:15:32.629,ARK/USDT:USDT,0.4735,14.0,0.4734,165.0,0.4739,57.0,0.474,307.0
1753532132811,12:15:32.811,ARK/USDT:USDT,0.4735,14.0,0.4734,107.0,0.4739,57.0,0.474,307.0
1753532132964,12:15:32.964,ARK/USDT:USDT,0.4735,14.0,0.4734,107.0,0.4739,690.0,0.474,307.0
1753532133061,12:15:33.061,ARK/USDT:USDT,0.4735,14.0,0.4734,107.0,0.4736,107.0,0.4737,126.0
1753532133708,12:15:33.708,ARK/USDT:USDT,0.4735,14.0,0.4734,107.0,0.4736,107.0,0.4737,126.0
1753532134556,12:15:34.556,ARK/USDT:USDT,0.4735,14.0,0.4734,107.0,0.4736,107.0,0.4737,126.0
1753532134588,12:15:34.588,ARK/USDT:USDT,0.4735,14.0,0.4734,107.0,0.4736,107.0,0.4737,119.0
1753532135084,12:15:35.084,ARK/USDT:USDT,0.4735,14.0,0.4734,107.0,0.4736,107.0,0.4737,126.0
1753532136083,12:15:36.083,ARK/USDT:USDT,0.4735,14.0,0.4734,114.0,0.4736,107.0,0.4737,126.0
1753532136591,12:15:36.591,ARK/USDT:USDT,0.4735,14.0,0.4734,114.0,0.4736,107.0,0.4737,119.0
1753532136725,12:15:36.725,ARK/USDT:USDT,0.4735,14.0,0.4734,107.0,0.4736,107.0,0.4737,126.0
1753532137262,12:15:37.262,ARK/USDT:USDT,0.4735,14.0,0.4734,114.0,0.4736,107.0,0.4737,126.0
1753532137852,12:15:37.852,ARK/USDT:USDT,0.4735,14.0,0.4734,114.0,0.4736,107.0,0.4737,126.0
1753532138315,12:15:38.315,ARK/USDT:USDT,0.4735,14.0,0.4734,107.0,0.4736,107.0,0.4737,126.0
1753532138526,12:15:38.526,ARK/USDT:USDT,0.4735,14.0,0.4734,114.0,0.4736,107.0,0.4737,112.0
1753532138958,12:15:38.958,ARK/USDT:USDT,0.4735,14.0,0.4734,107.0,0.4736,107.0,0.4737,126.0
1753532142443,12:15:42.443,ARK/USDT:USDT,0.4735,14.0,0.4734,107.0,0.4736,107.0,0.4737,112.0
1753532142654,12:15:42.654,ARK/USDT:USDT,0.4735,14.0,0.4734,107.0,0.4736,107.0,0.4737,112.0
1753532147264,12:15:47.264,ARK/USDT:USDT,0.4735,21.0,0.4734,107.0,0.4736,107.0,0.4737,112.0
1753532147267,12:15:47.267,ARK/USDT:USDT,0.4735,28.0,0.4734,107.0,0.4736,107.0,0.4737,112.0
1753532147460,12:15:47.460,ARK/USDT:USDT,0.4735,28.0,0.4734,107.0,0.4736,107.0,0.4737,112.0
1753532147561,12:15:47.561,ARK/USDT:USDT,0.4735,28.0,0.4734,114.0,0.4736,107.0,0.4737,112.0
1753532147922,12:15:47.922,ARK/USDT:USDT,0.4735,21.0,0.4734,107.0,0.4737,112.0,0.4738,112.0
1753532147989,12:15:47.989,ARK/USDT:USDT,0.4735,7.0,0.4734,107.0,0.4736,107.0,0.4737,112.0
1753532148108,12:15:48.108,ARK/USDT:USDT,0.4735,28.0,0.4734,107.0,0.4737,112.0,0.4738,112.0
1753532148176,12:15:48.176,ARK/USDT:USDT,0.4735,14.0,0.4734,107.0,0.4737,112.0,0.4738,112.0
1753532152263,12:15:52.263,ARK/USDT:USDT,0.4735,14.0,0.4734,107.0,0.4737,112.0,0.4738,112.0
1753532152427,12:15:52.427,ARK/USDT:USDT,0.4735,70.0,0.4734,163.0,0.4738,112.0,0.4739,57.0
1753532152561,12:15:52.561,ARK/USDT:USDT,0.4736,28.0,0.4735,56.0,0.4738,112.0,0.4739,57.0
1753532152613,12:15:52.613,ARK/USDT:USDT,0.4736,14.0,0.4735,56.0,0.4738,112.0,0.4739,57.0
1753532152748,12:15:52.748,ARK/USDT:USDT,0.4736,14.0,0.4735,56.0,0.4738,112.0,0.4739,57.0
1753532153159,12:15:53.159,ARK/USDT:USDT,0.4736,14.0,0.4735,56.0,0.4738,112.0,0.4739,57.0
1753532153460,12:15:53.460,ARK/USDT:USDT,0.4736,7.0,0.4735,56.0,0.4738,112.0,0.4739,57.0
1753532153558,12:15:53.558,ARK/USDT:USDT,0.4735,63.0,0.4734,163.0,0.4737,107.0,0.4738,112.0
1753532153599,12:15:53.599,ARK/USDT:USDT,0.4735,14.0,0.4734,163.0,0.4737,107.0,0.4738,112.0
1753532155016,12:15:55.016,ARK/USDT:USDT,0.4735,70.0,0.4734,163.0,0.4737,107.0,0.4738,112.0
