timestamp,time,symbol,bid1_price,bid1_volume,bid2_price,bid2_volume,ask1_price,ask1_volume,ask2_price,ask2_volume
1753531623000,12:07:03.000,BMT/USDT:USDT,0.08642,66.0,0.0864,66.0,0.08647,323.0,0.08648,299.0
1753531624560,12:07:04.560,BMT/USDT:USDT,0.08642,66.0,0.0864,66.0,0.08647,323.0,0.08648,299.0
1753531627133,12:07:07.133,BMT/USDT:USDT,0.08642,66.0,0.0864,66.0,0.08647,323.0,0.08648,299.0
1753531627636,12:07:07.636,BMT/USDT:USDT,0.08642,66.0,0.0864,66.0,0.08647,323.0,0.08648,299.0
1753531628216,12:07:08.216,BMT/USDT:USDT,0.08642,66.0,0.0864,66.0,0.08647,323.0,0.08648,299.0
1753531629152,12:07:09.152,BMT/USDT:USDT,0.08642,66.0,0.0864,66.0,0.08647,323.0,0.08648,299.0
1753531633033,12:07:13.033,BMT/USDT:USDT,0.08642,66.0,0.0864,66.0,0.08647,323.0,0.08648,299.0
1753531633637,12:07:13.637,BMT/USDT:USDT,0.08643,18.0,0.0864,359.0,0.08647,323.0,0.08648,299.0
1753531637816,12:07:17.816,BMT/USDT:USDT,0.08643,18.0,0.0864,359.0,0.08647,323.0,0.08648,299.0
1753531640642,12:07:20.642,BMT/USDT:USDT,0.08643,18.0,0.0864,359.0,0.08647,323.0,0.08648,299.0
1753531640676,12:07:20.676,BMT/USDT:USDT,0.08643,18.0,0.0864,359.0,0.08647,323.0,0.08648,299.0
1753531641013,12:07:21.013,BMT/USDT:USDT,0.08643,18.0,0.0864,359.0,0.08647,323.0,0.08648,299.0
1753531641162,12:07:21.162,BMT/USDT:USDT,0.08643,18.0,0.0864,359.0,0.08647,323.0,0.08648,299.0
1753531643414,12:07:23.414,BMT/USDT:USDT,0.08643,18.0,0.0864,359.0,0.08647,323.0,0.08648,299.0
1753531643551,12:07:23.551,BMT/USDT:USDT,0.0864,66.0,0.08639,469.0,0.08647,323.0,0.08648,299.0
1753531643594,12:07:23.594,BMT/USDT:USDT,0.0864,66.0,0.08639,469.0,0.08647,323.0,0.08648,299.0
1753531644438,12:07:24.438,BMT/USDT:USDT,0.0864,66.0,0.08639,469.0,0.08647,323.0,0.08648,299.0
1753531645554,12:07:25.554,BMT/USDT:USDT,0.08644,57.0,0.08643,57.0,0.08647,323.0,0.08648,299.0
1753531645633,12:07:25.633,BMT/USDT:USDT,0.08644,57.0,0.08642,84.0,0.08647,323.0,0.08648,299.0
1753531645686,12:07:25.686,BMT/USDT:USDT,0.08644,57.0,0.08642,84.0,0.08647,323.0,0.08648,299.0
1753531646907,12:07:26.907,BMT/USDT:USDT,0.08644,57.0,0.08642,75.0,0.08647,323.0,0.08648,308.0
1753531648035,12:07:28.035,BMT/USDT:USDT,0.08644,57.0,0.08642,75.0,0.08647,323.0,0.08648,308.0
1753531648476,12:07:28.476,BMT/USDT:USDT,0.08644,57.0,0.08642,75.0,0.08647,323.0,0.08648,308.0
1753531652817,12:07:32.817,BMT/USDT:USDT,0.08644,57.0,0.08642,75.0,0.08647,323.0,0.08648,308.0
1753531654370,12:07:34.370,BMT/USDT:USDT,0.08642,9.0,0.0864,66.0,0.08646,298.0,0.08647,323.0
1753531654468,12:07:34.468,BMT/USDT:USDT,0.08639,665.0,0.08636,66.0,0.08643,298.0,0.08644,325.0
1753531654572,12:07:34.572,BMT/USDT:USDT,0.08639,25.0,0.08636,364.0,0.08643,298.0,0.08644,316.0
1753531654656,12:07:34.656,BMT/USDT:USDT,0.08639,9.0,0.08636,380.0,0.08643,298.0,0.08644,316.0
1753531654677,12:07:34.677,BMT/USDT:USDT,0.08639,9.0,0.08636,372.0,0.08643,298.0,0.08644,316.0
1753531654778,12:07:34.778,BMT/USDT:USDT,0.08639,9.0,0.08636,380.0,0.08643,298.0,0.08644,316.0
1753531655414,12:07:35.414,BMT/USDT:USDT,0.08639,9.0,0.08636,380.0,0.08643,298.0,0.08644,316.0
1753531655839,12:07:35.839,BMT/USDT:USDT,0.08639,9.0,0.08636,380.0,0.08643,298.0,0.08644,316.0
1753531656635,12:07:36.635,BMT/USDT:USDT,0.08639,18.0,0.08636,380.0,0.08643,298.0,0.08644,316.0
1753531656740,12:07:36.740,BMT/USDT:USDT,0.0864,57.0,0.08639,18.0,0.08643,298.0,0.08644,316.0
1753531656845,12:07:36.845,BMT/USDT:USDT,0.0864,57.0,0.08639,18.0,0.08643,298.0,0.08644,316.0
1753531657093,12:07:37.093,BMT/USDT:USDT,0.0864,57.0,0.08639,18.0,0.08643,298.0,0.08644,316.0
1753531657404,12:07:37.404,BMT/USDT:USDT,0.0864,57.0,0.08639,18.0,0.08643,298.0,0.08644,325.0
1753531657520,12:07:37.520,BMT/USDT:USDT,0.0864,57.0,0.08639,18.0,0.08643,298.0,0.08644,325.0
1753531657617,12:07:37.617,BMT/USDT:USDT,0.0864,57.0,0.08639,18.0,0.08643,298.0,0.08644,325.0
1753531658418,12:07:38.418,BMT/USDT:USDT,0.08636,665.0,0.08634,66.0,0.08641,298.0,0.08642,316.0
1753531658567,12:07:38.567,BMT/USDT:USDT,0.08638,57.0,0.08636,91.0,0.0864,298.0,0.08641,307.0
1753531658621,12:07:38.621,BMT/USDT:USDT,0.08638,57.0,0.08636,75.0,0.0864,298.0,0.08641,307.0
1753531658750,12:07:38.750,BMT/USDT:USDT,0.08638,57.0,0.08636,75.0,0.0864,298.0,0.08641,307.0
1753531659055,12:07:39.055,BMT/USDT:USDT,0.08636,75.0,0.08635,16.0,0.08641,298.0,0.08642,316.0
1753531659091,12:07:39.091,BMT/USDT:USDT,0.08637,57.0,0.08636,9.0,0.08641,298.0,0.08642,316.0
1753531659245,12:07:39.245,BMT/USDT:USDT,0.08637,57.0,0.08636,9.0,0.08641,298.0,0.08642,316.0
1753531659351,12:07:39.351,BMT/USDT:USDT,0.08637,57.0,0.08636,9.0,0.0864,291.0,0.08641,307.0
1753531659565,12:07:39.565,BMT/USDT:USDT,0.08637,57.0,0.08636,9.0,0.0864,291.0,0.08641,307.0
1753531659600,12:07:39.600,BMT/USDT:USDT,0.08637,57.0,0.08636,9.0,0.0864,291.0,0.08641,307.0
1753531660027,12:07:40.027,BMT/USDT:USDT,0.08637,57.0,0.08636,9.0,0.0864,291.0,0.08641,307.0
1753531660449,12:07:40.449,BMT/USDT:USDT,0.08637,57.0,0.08636,9.0,0.0864,291.0,0.08641,307.0
1753531660583,12:07:40.583,BMT/USDT:USDT,0.08637,57.0,0.08636,9.0,0.0864,291.0,0.08641,307.0
1753531660850,12:07:40.850,BMT/USDT:USDT,0.08637,57.0,0.08636,9.0,0.0864,291.0,0.08641,307.0
1753531661268,12:07:41.268,BMT/USDT:USDT,0.08637,57.0,0.08636,9.0,0.0864,291.0,0.08641,307.0
1753531661896,12:07:41.896,BMT/USDT:USDT,0.08637,57.0,0.08636,9.0,0.0864,291.0,0.08641,307.0
1753531661978,12:07:41.978,BMT/USDT:USDT,0.08637,57.0,0.08636,9.0,0.0864,291.0,0.08641,307.0
1753531662083,12:07:42.083,BMT/USDT:USDT,0.08637,57.0,0.08636,9.0,0.0864,291.0,0.08641,307.0
1753531662418,12:07:42.418,BMT/USDT:USDT,0.08637,57.0,0.08636,9.0,0.0864,291.0,0.08641,307.0
1753531662502,12:07:42.502,BMT/USDT:USDT,0.08637,57.0,0.08636,9.0,0.0864,291.0,0.08641,307.0
1753531664593,12:07:44.593,BMT/USDT:USDT,0.08637,57.0,0.08636,9.0,0.0864,291.0,0.08641,307.0
1753531665102,12:07:45.102,BMT/USDT:USDT,0.08637,57.0,0.08636,9.0,0.0864,291.0,0.08641,307.0
1753531666312,12:07:46.312,BMT/USDT:USDT,0.08637,57.0,0.08636,9.0,0.0864,291.0,0.08641,307.0
1753531667218,12:07:47.218,BMT/USDT:USDT,0.08637,57.0,0.08636,9.0,0.0864,291.0,0.08641,307.0
1753531667675,12:07:47.675,BMT/USDT:USDT,0.08637,57.0,0.08636,9.0,0.0864,291.0,0.08641,307.0
1753531668354,12:07:48.354,BMT/USDT:USDT,0.08637,57.0,0.08636,9.0,0.0864,291.0,0.08641,307.0
1753531668833,12:07:48.833,BMT/USDT:USDT,0.08637,57.0,0.08636,9.0,0.0864,291.0,0.08641,307.0
1753531672034,12:07:52.034,BMT/USDT:USDT,0.08637,57.0,0.08636,9.0,0.0864,291.0,0.08641,307.0
1753531673003,12:07:53.003,BMT/USDT:USDT,0.08637,57.0,0.08636,9.0,0.0864,291.0,0.08641,307.0
1753531673659,12:07:53.659,BMT/USDT:USDT,0.08637,57.0,0.08636,9.0,0.0864,291.0,0.08641,307.0
1753531675456,12:07:55.456,BMT/USDT:USDT,0.08637,57.0,0.08636,9.0,0.0864,300.0,0.08641,307.0
1753531676834,12:07:56.834,BMT/USDT:USDT,0.08637,57.0,0.08636,9.0,0.0864,300.0,0.08641,307.0
1753531676873,12:07:56.873,BMT/USDT:USDT,0.08637,57.0,0.08636,9.0,0.0864,300.0,0.08641,307.0
1753531678669,12:07:58.669,BMT/USDT:USDT,0.08637,57.0,0.08636,9.0,0.0864,300.0,0.08641,307.0
1753531679260,12:07:59.260,BMT/USDT:USDT,0.08637,57.0,0.08636,9.0,0.0864,300.0,0.08641,307.0
1753531679274,12:07:59.274,BMT/USDT:USDT,0.08637,57.0,0.08636,9.0,0.0864,300.0,0.08641,307.0
1753531680172,12:08:00.172,BMT/USDT:USDT,0.08637,66.0,0.08636,9.0,0.0864,300.0,0.08641,307.0
1753531681634,12:08:01.634,BMT/USDT:USDT,0.08637,66.0,0.08636,9.0,0.0864,291.0,0.08641,307.0
1753531683289,12:08:03.289,BMT/USDT:USDT,0.08637,66.0,0.08636,9.0,0.0864,291.0,0.08641,307.0
1753531685052,12:08:05.052,BMT/USDT:USDT,0.08637,66.0,0.08636,9.0,0.0864,291.0,0.08641,307.0
1753531685074,12:08:05.074,BMT/USDT:USDT,0.08637,66.0,0.08636,9.0,0.0864,291.0,0.08641,307.0
1753531686441,12:08:06.441,BMT/USDT:USDT,0.08637,66.0,0.08636,9.0,0.0864,300.0,0.08641,307.0
1753531686681,12:08:06.681,BMT/USDT:USDT,0.08637,66.0,0.08636,9.0,0.0864,300.0,0.08641,307.0
1753531687649,12:08:07.649,BMT/USDT:USDT,0.08637,66.0,0.08636,9.0,0.0864,300.0,0.08641,307.0
1753531690218,12:08:10.218,BMT/USDT:USDT,0.0864,57.0,0.08637,66.0,0.08642,316.0,0.08644,298.0
1753531690334,12:08:10.334,BMT/USDT:USDT,0.0864,57.0,0.08638,66.0,0.08642,298.0,0.08643,18.0
1753531690399,12:08:10.399,BMT/USDT:USDT,0.0864,57.0,0.08638,66.0,0.08642,298.0,0.08643,18.0
1753531690477,12:08:10.477,BMT/USDT:USDT,0.0864,57.0,0.08638,66.0,0.08642,298.0,0.08643,18.0
1753531690578,12:08:10.578,BMT/USDT:USDT,0.0864,57.0,0.08638,66.0,0.08642,298.0,0.08643,18.0
1753531691082,12:08:11.082,BMT/USDT:USDT,0.0864,57.0,0.08638,66.0,0.08642,298.0,0.08643,27.0
1753531691219,12:08:11.219,BMT/USDT:USDT,0.0864,57.0,0.08638,66.0,0.08642,298.0,0.08643,27.0
1753531691535,12:08:11.535,BMT/USDT:USDT,0.0864,57.0,0.08638,66.0,0.08642,298.0,0.08643,27.0
1753531692363,12:08:12.363,BMT/USDT:USDT,0.0864,57.0,0.08638,66.0,0.08642,298.0,0.08643,27.0
1753531692886,12:08:12.886,BMT/USDT:USDT,0.0864,57.0,0.08638,66.0,0.08642,298.0,0.08643,27.0
1753531693585,12:08:13.585,BMT/USDT:USDT,0.0864,57.0,0.08638,66.0,0.08642,298.0,0.08643,27.0
1753531694000,12:08:14.000,BMT/USDT:USDT,0.0864,57.0,0.08638,66.0,0.08642,298.0,0.08643,27.0
1753531694828,12:08:14.828,BMT/USDT:USDT,0.0864,57.0,0.08638,66.0,0.08642,298.0,0.08643,27.0
1753531696019,12:08:16.019,BMT/USDT:USDT,0.0864,57.0,0.08638,66.0,0.08642,298.0,0.08643,27.0
1753531698741,12:08:18.741,BMT/USDT:USDT,0.08638,66.0,0.08637,9.0,0.08642,298.0,0.08643,27.0
1753531698835,12:08:18.835,BMT/USDT:USDT,0.08638,66.0,0.08637,9.0,0.08642,298.0,0.08643,27.0
1753531699471,12:08:19.471,BMT/USDT:USDT,0.08636,16.0,0.08633,465.0,0.08641,18.0,0.08642,307.0
1753531699495,12:08:19.495,BMT/USDT:USDT,0.08634,57.0,0.08633,465.0,0.0864,300.0,0.08641,318.0
1753531699670,12:08:19.670,BMT/USDT:USDT,0.08634,57.0,0.08633,465.0,0.0864,300.0,0.08641,318.0
1753531699672,12:08:19.672,BMT/USDT:USDT,0.08634,57.0,0.08633,465.0,0.0864,300.0,0.08641,318.0
1753531699791,12:08:19.791,BMT/USDT:USDT,0.08634,57.0,0.08633,465.0,0.0864,300.0,0.08641,318.0
1753531700117,12:08:20.117,BMT/USDT:USDT,0.08634,57.0,0.08633,465.0,0.0864,300.0,0.08641,318.0
1753531700535,12:08:20.535,BMT/USDT:USDT,0.08634,57.0,0.08633,465.0,0.0864,300.0,0.08641,318.0
1753531700574,12:08:20.574,BMT/USDT:USDT,0.08634,57.0,0.08633,465.0,0.0864,300.0,0.08641,318.0
1753531700821,12:08:20.821,BMT/USDT:USDT,0.08634,57.0,0.08633,465.0,0.0864,300.0,0.08641,318.0
1753531701186,12:08:21.186,BMT/USDT:USDT,0.08634,57.0,0.08633,465.0,0.0864,300.0,0.08641,318.0
1753531701399,12:08:21.399,BMT/USDT:USDT,0.08634,57.0,0.08633,465.0,0.0864,300.0,0.08641,318.0
1753531705334,12:08:25.334,BMT/USDT:USDT,0.08634,295.0,0.08633,1105.0,0.0864,300.0,0.08641,318.0
1753531705471,12:08:25.471,BMT/USDT:USDT,0.08634,303.0,0.08633,1105.0,0.0864,300.0,0.08641,318.0
1753531705472,12:08:25.472,BMT/USDT:USDT,0.08634,311.0,0.08633,1105.0,0.0864,300.0,0.08641,318.0
1753531705619,12:08:25.619,BMT/USDT:USDT,0.08634,311.0,0.08633,1105.0,0.0864,300.0,0.08641,318.0
1753531707243,12:08:27.243,BMT/USDT:USDT,0.08634,73.0,0.08633,1105.0,0.0864,300.0,0.08641,318.0
1753531710267,12:08:30.267,BMT/USDT:USDT,0.08634,372.0,0.08633,1105.0,0.0864,300.0,0.08641,318.0
1753531710554,12:08:30.554,BMT/USDT:USDT,0.08634,372.0,0.08633,465.0,0.0864,300.0,0.08641,318.0
1753531710648,12:08:30.648,BMT/USDT:USDT,0.08634,372.0,0.08633,465.0,0.0864,300.0,0.08641,318.0
1753531711872,12:08:31.872,BMT/USDT:USDT,0.08634,372.0,0.08633,465.0,0.0864,300.0,0.08641,318.0
1753531712214,12:08:32.214,BMT/USDT:USDT,0.08634,372.0,0.08633,465.0,0.0864,300.0,0.08641,318.0
1753531714262,12:08:34.262,BMT/USDT:USDT,0.08639,57.0,0.08635,57.0,0.08641,318.0,0.08642,307.0
1753531714362,12:08:34.362,BMT/USDT:USDT,0.08639,57.0,0.08636,66.0,0.08641,318.0,0.08642,307.0
1753531714465,12:08:34.465,BMT/USDT:USDT,0.08636,66.0,0.08634,315.0,0.08641,318.0,0.08642,307.0
1753531714517,12:08:34.517,BMT/USDT:USDT,0.08636,66.0,0.08634,381.0,0.08641,318.0,0.08642,307.0
1753531714714,12:08:34.714,BMT/USDT:USDT,0.08636,66.0,0.08634,381.0,0.08641,318.0,0.08642,307.0
1753531715154,12:08:35.154,BMT/USDT:USDT,0.08637,57.0,0.08636,75.0,0.0864,299.0,0.08641,318.0
1753531715247,12:08:35.247,BMT/USDT:USDT,0.08637,57.0,0.08635,66.0,0.0864,308.0,0.08641,318.0
1753531715300,12:08:35.300,BMT/USDT:USDT,0.08637,57.0,0.08635,66.0,0.0864,308.0,0.08641,318.0
1753531715535,12:08:35.535,BMT/USDT:USDT,0.08637,57.0,0.08635,66.0,0.0864,308.0,0.08641,318.0
1753531715649,12:08:35.649,BMT/USDT:USDT,0.08637,57.0,0.08635,66.0,0.0864,308.0,0.08641,327.0
1753531716002,12:08:36.002,BMT/USDT:USDT,0.08637,66.0,0.08636,9.0,0.0864,299.0,0.08641,318.0
1753531716357,12:08:36.357,BMT/USDT:USDT,0.08637,66.0,0.08636,9.0,0.0864,299.0,0.08641,318.0
1753531716854,12:08:36.854,BMT/USDT:USDT,0.08635,75.0,0.08634,16.0,0.0864,299.0,0.08641,318.0
1753531716879,12:08:36.879,BMT/USDT:USDT,0.08635,75.0,0.08633,481.0,0.0864,299.0,0.08641,318.0
1753531717180,12:08:37.180,BMT/USDT:USDT,0.08635,75.0,0.08633,481.0,0.0864,299.0,0.08641,318.0
1753531717660,12:08:37.660,BMT/USDT:USDT,0.08635,75.0,0.08633,481.0,0.0864,299.0,0.08641,318.0
1753531718259,12:08:38.259,BMT/USDT:USDT,0.08633,190.0,0.08632,299.0,0.08639,317.0,0.0864,308.0
1753531718314,12:08:38.314,BMT/USDT:USDT,0.08633,174.0,0.08632,614.0,0.08638,308.0,0.08639,317.0
1753531718468,12:08:38.468,BMT/USDT:USDT,0.08633,174.0,0.08632,614.0,0.08638,308.0,0.08639,317.0
1753531718557,12:08:38.557,BMT/USDT:USDT,0.08633,174.0,0.08632,614.0,0.08638,299.0,0.08639,317.0
1753531719163,12:08:39.163,BMT/USDT:USDT,0.08634,57.0,0.08633,9.0,0.08637,297.0,0.08638,491.0
1753531719244,12:08:39.244,BMT/USDT:USDT,0.08634,57.0,0.08633,9.0,0.08637,297.0,0.08638,491.0
1753531719296,12:08:39.296,BMT/USDT:USDT,0.08634,57.0,0.08633,9.0,0.08637,297.0,0.08638,491.0
1753531719608,12:08:39.608,BMT/USDT:USDT,0.08634,57.0,0.08633,9.0,0.08637,297.0,0.08638,317.0
1753531719747,12:08:39.747,BMT/USDT:USDT,0.08634,57.0,0.08633,9.0,0.08637,297.0,0.08638,317.0
1753531719788,12:08:39.788,BMT/USDT:USDT,0.08634,57.0,0.08633,9.0,0.08637,297.0,0.08638,317.0
1753531719896,12:08:39.896,BMT/USDT:USDT,0.08634,57.0,0.08633,9.0,0.08637,297.0,0.08638,317.0
1753531720020,12:08:40.020,BMT/USDT:USDT,0.08634,57.0,0.08633,9.0,0.08637,297.0,0.08638,317.0
1753531720703,12:08:40.703,BMT/USDT:USDT,0.08634,57.0,0.08633,9.0,0.08637,297.0,0.08638,317.0
1753531721211,12:08:41.211,BMT/USDT:USDT,0.08634,57.0,0.08633,9.0,0.08637,297.0,0.08638,317.0
1753531721354,12:08:41.354,BMT/USDT:USDT,0.08634,57.0,0.08633,9.0,0.08637,297.0,0.08638,317.0
1753531721852,12:08:41.852,BMT/USDT:USDT,0.08634,57.0,0.08633,9.0,0.08637,297.0,0.08638,317.0
1753531721951,12:08:41.951,BMT/USDT:USDT,0.08634,57.0,0.08633,9.0,0.08637,297.0,0.08638,317.0
1753531722810,12:08:42.810,BMT/USDT:USDT,0.08634,57.0,0.08633,9.0,0.08637,297.0,0.08638,317.0
1753531723379,12:08:43.379,BMT/USDT:USDT,0.08634,57.0,0.08633,9.0,0.08637,297.0,0.08638,317.0
1753531724296,12:08:44.296,BMT/USDT:USDT,0.08634,57.0,0.08633,9.0,0.08637,297.0,0.08638,317.0
1753531724820,12:08:44.820,BMT/USDT:USDT,0.08634,57.0,0.08633,9.0,0.08637,297.0,0.08638,317.0
1753531724939,12:08:44.939,BMT/USDT:USDT,0.08634,57.0,0.08633,9.0,0.08637,297.0,0.08638,317.0
1753531725406,12:08:45.406,BMT/USDT:USDT,0.08634,57.0,0.08633,9.0,0.08637,297.0,0.08638,317.0
1753531727083,12:08:47.083,BMT/USDT:USDT,0.08634,57.0,0.08633,9.0,0.08637,297.0,0.08638,317.0
1753531727437,12:08:47.437,BMT/USDT:USDT,0.08634,57.0,0.08633,9.0,0.08637,297.0,0.08638,317.0
1753531729209,12:08:49.209,BMT/USDT:USDT,0.08634,57.0,0.08633,9.0,0.08637,297.0,0.08638,317.0
1753531729475,12:08:49.475,BMT/USDT:USDT,0.08634,57.0,0.08633,9.0,0.08637,297.0,0.08638,317.0
1753531729634,12:08:49.634,BMT/USDT:USDT,0.08634,57.0,0.08633,9.0,0.08637,297.0,0.08638,317.0
1753531729747,12:08:49.747,BMT/USDT:USDT,0.08634,57.0,0.08633,9.0,0.08637,297.0,0.08638,317.0
1753531730247,12:08:50.247,BMT/USDT:USDT,0.08634,57.0,0.08633,9.0,0.08637,297.0,0.08638,317.0
1753531731354,12:08:51.354,BMT/USDT:USDT,0.08634,57.0,0.08633,9.0,0.08637,297.0,0.08638,317.0
1753531732716,12:08:52.716,BMT/USDT:USDT,0.08634,57.0,0.08633,9.0,0.08637,297.0,0.08638,317.0
1753531733494,12:08:53.494,BMT/USDT:USDT,0.08634,57.0,0.08633,9.0,0.08637,297.0,0.08638,317.0
1753531734355,12:08:54.355,BMT/USDT:USDT,0.08634,57.0,0.08633,9.0,0.08637,297.0,0.08638,317.0
1753531734436,12:08:54.436,BMT/USDT:USDT,0.08634,57.0,0.08633,9.0,0.08637,297.0,0.08638,317.0
1753531734782,12:08:54.782,BMT/USDT:USDT,0.08634,57.0,0.08633,9.0,0.08637,297.0,0.08638,317.0
1753531735620,12:08:55.620,BMT/USDT:USDT,0.08634,57.0,0.08633,9.0,0.08637,297.0,0.08638,317.0
1753531737597,12:08:57.597,BMT/USDT:USDT,0.08634,57.0,0.08633,9.0,0.08637,297.0,0.08638,317.0
1753531739220,12:08:59.220,BMT/USDT:USDT,0.08634,57.0,0.08633,9.0,0.08637,297.0,0.08638,317.0
1753531740077,12:09:00.077,BMT/USDT:USDT,0.08634,57.0,0.08633,9.0,0.08637,297.0,0.08638,317.0
1753531740526,12:09:00.526,BMT/USDT:USDT,0.08633,9.0,0.08631,722.0,0.08637,297.0,0.08638,317.0
1753531740661,12:09:00.661,BMT/USDT:USDT,0.08633,9.0,0.08631,82.0,0.08637,297.0,0.08638,317.0
1753531740677,12:09:00.677,BMT/USDT:USDT,0.08633,9.0,0.08631,82.0,0.08637,297.0,0.08638,317.0
1753531740882,12:09:00.882,BMT/USDT:USDT,0.08633,9.0,0.08631,82.0,0.08637,297.0,0.08638,317.0
1753531741714,12:09:01.714,BMT/USDT:USDT,0.08631,82.0,0.0863,1202.0,0.08637,297.0,0.08638,317.0
1753531741864,12:09:01.864,BMT/USDT:USDT,0.08632,57.0,0.08631,82.0,0.08636,296.0,0.08637,315.0
1753531741916,12:09:01.916,BMT/USDT:USDT,0.08633,57.0,0.08631,82.0,0.08636,314.0,0.08637,315.0
1753531742053,12:09:02.053,BMT/USDT:USDT,0.08633,57.0,0.08631,82.0,0.08636,314.0,0.08637,315.0
1753531742139,12:09:02.139,BMT/USDT:USDT,0.08633,57.0,0.08631,82.0,0.08636,314.0,0.08637,315.0
1753531742555,12:09:02.555,BMT/USDT:USDT,0.08633,57.0,0.08631,82.0,0.08636,314.0,0.08637,315.0
1753531743271,12:09:03.271,BMT/USDT:USDT,0.08631,82.0,0.0863,900.0,0.08636,305.0,0.08637,315.0
1753531743378,12:09:03.378,BMT/USDT:USDT,0.08631,82.0,0.0863,900.0,0.08636,305.0,0.08637,315.0
1753531744021,12:09:04.021,BMT/USDT:USDT,0.08631,82.0,0.0863,900.0,0.08636,305.0,0.08637,315.0
1753531744176,12:09:04.176,BMT/USDT:USDT,0.08631,82.0,0.0863,900.0,0.08636,305.0,0.08637,315.0
1753531744619,12:09:04.619,BMT/USDT:USDT,0.08631,82.0,0.0863,900.0,0.08636,305.0,0.08637,315.0
1753531745478,12:09:05.478,BMT/USDT:USDT,0.08631,82.0,0.0863,900.0,0.08636,305.0,0.08637,315.0
1753531747098,12:09:07.098,BMT/USDT:USDT,0.08631,82.0,0.0863,900.0,0.08636,296.0,0.08637,315.0
1753531747551,12:09:07.551,BMT/USDT:USDT,0.08631,82.0,0.0863,900.0,0.08636,296.0,0.08637,315.0
1753531747645,12:09:07.645,BMT/USDT:USDT,0.08631,82.0,0.0863,900.0,0.08636,296.0,0.08637,315.0
1753531748821,12:09:08.821,BMT/USDT:USDT,0.08631,82.0,0.0863,900.0,0.08636,296.0,0.08637,315.0
1753531750365,12:09:10.365,BMT/USDT:USDT,0.08631,82.0,0.0863,900.0,0.08636,296.0,0.08637,315.0
1753531750392,12:09:10.392,BMT/USDT:USDT,0.08631,82.0,0.0863,900.0,0.08636,296.0,0.08637,315.0
1753531750914,12:09:10.914,BMT/USDT:USDT,0.08631,82.0,0.0863,640.0,0.08636,296.0,0.08637,315.0
1753531751524,12:09:11.524,BMT/USDT:USDT,0.08632,57.0,0.08631,16.0,0.08636,314.0,0.08637,315.0
1753531751663,12:09:11.663,BMT/USDT:USDT,0.08632,57.0,0.08631,16.0,0.08636,314.0,0.08637,315.0
1753531751711,12:09:11.711,BMT/USDT:USDT,0.08632,57.0,0.08629,240.0,0.08635,291.0,0.08636,314.0
1753531751782,12:09:11.782,BMT/USDT:USDT,0.08632,57.0,0.08629,256.0,0.08635,291.0,0.08636,314.0
1753531751955,12:09:11.955,BMT/USDT:USDT,0.08632,57.0,0.08629,256.0,0.08635,291.0,0.08636,314.0
1753531752402,12:09:12.402,BMT/USDT:USDT,0.08632,57.0,0.08629,256.0,0.08635,291.0,0.08636,314.0
1753531752784,12:09:12.784,BMT/USDT:USDT,0.08632,57.0,0.08629,256.0,0.08635,291.0,0.08636,314.0
1753531753221,12:09:13.221,BMT/USDT:USDT,0.08632,57.0,0.08629,256.0,0.08635,291.0,0.08636,314.0
1753531753448,12:09:13.448,BMT/USDT:USDT,0.08632,57.0,0.08629,256.0,0.08635,291.0,0.08636,314.0
1753531753620,12:09:13.620,BMT/USDT:USDT,0.08632,57.0,0.08629,256.0,0.08635,291.0,0.08636,314.0
1753531754554,12:09:14.554,BMT/USDT:USDT,0.08629,256.0,0.08628,291.0,0.08635,291.0,0.08636,314.0
1753531754660,12:09:14.660,BMT/USDT:USDT,0.08629,880.0,0.08628,291.0,0.08635,291.0,0.08636,305.0
1753531754734,12:09:14.734,BMT/USDT:USDT,0.08632,57.0,0.08631,9.0,0.08635,300.0,0.08636,305.0
1753531754853,12:09:14.853,BMT/USDT:USDT,0.08632,57.0,0.0863,16.0,0.08634,300.0,0.08635,309.0
1753531754965,12:09:14.965,BMT/USDT:USDT,0.0863,25.0,0.08629,814.0,0.08634,300.0,0.08635,309.0
1753531755009,12:09:15.009,BMT/USDT:USDT,0.0863,25.0,0.08629,814.0,0.08634,300.0,0.08635,309.0
1753531755114,12:09:15.114,BMT/USDT:USDT,0.0863,25.0,0.08629,814.0,0.08634,300.0,0.08635,309.0
1753531755244,12:09:15.244,BMT/USDT:USDT,0.0863,25.0,0.08629,814.0,0.08634,300.0,0.08635,309.0
1753531756057,12:09:16.057,BMT/USDT:USDT,0.0863,16.0,0.08629,174.0,0.08634,300.0,0.08635,309.0
1753531756156,12:09:16.156,BMT/USDT:USDT,0.08629,174.0,0.08627,357.0,0.08634,300.0,0.08635,309.0
1753531756194,12:09:16.194,BMT/USDT:USDT,0.08629,174.0,0.08628,299.0,0.08634,300.0,0.08635,309.0
1753531756278,12:09:16.278,BMT/USDT:USDT,0.08629,174.0,0.08628,315.0,0.08634,300.0,0.08635,309.0
1753531756486,12:09:16.486,BMT/USDT:USDT,0.08629,174.0,0.08628,315.0,0.08634,300.0,0.08635,309.0
1753531757027,12:09:17.027,BMT/USDT:USDT,0.08629,174.0,0.08628,315.0,0.08634,300.0,0.08635,309.0
1753531758050,12:09:18.050,BMT/USDT:USDT,0.0863,57.0,0.08629,183.0,0.08633,291.0,0.08634,300.0
1753531758154,12:09:18.154,BMT/USDT:USDT,0.08631,57.0,0.08629,183.0,0.08634,300.0,0.08635,309.0
1753531758242,12:09:18.242,BMT/USDT:USDT,0.08631,57.0,0.08629,249.0,0.08634,300.0,0.08635,309.0
1753531758434,12:09:18.434,BMT/USDT:USDT,0.08631,57.0,0.08629,249.0,0.08634,300.0,0.08635,309.0
1753531758484,12:09:18.484,BMT/USDT:USDT,0.08631,57.0,0.08629,249.0,0.08634,300.0,0.08635,309.0
1753531758626,12:09:18.626,BMT/USDT:USDT,0.08631,57.0,0.08629,249.0,0.08634,300.0,0.08635,309.0
1753531760353,12:09:20.353,BMT/USDT:USDT,0.08631,57.0,0.08629,249.0,0.08634,300.0,0.08635,309.0
1753531760684,12:09:20.684,BMT/USDT:USDT,0.08631,57.0,0.08629,249.0,0.08634,300.0,0.08635,309.0
1753531763243,12:09:23.243,BMT/USDT:USDT,0.08631,57.0,0.08629,249.0,0.08634,300.0,0.08635,309.0
1753531763313,12:09:23.313,BMT/USDT:USDT,0.08631,57.0,0.08629,249.0,0.08633,293.0,0.08634,300.0
1753531763404,12:09:23.404,BMT/USDT:USDT,0.08631,57.0,0.08629,249.0,0.08633,293.0,0.08634,300.0
1753531763519,12:09:23.519,BMT/USDT:USDT,0.08631,57.0,0.08629,249.0,0.08633,293.0,0.08634,300.0
1753531764263,12:09:24.263,BMT/USDT:USDT,0.08628,16.0,0.08625,706.0,0.08632,302.0,0.08633,320.0
1753531764360,12:09:24.360,BMT/USDT:USDT,0.08626,309.0,0.08625,640.0,0.08632,302.0,0.08633,320.0
1753531764422,12:09:24.422,BMT/USDT:USDT,0.08627,66.0,0.08626,309.0,0.08632,9.0,0.08633,320.0
1753531764657,12:09:24.657,BMT/USDT:USDT,0.08627,66.0,0.08626,309.0,0.08632,302.0,0.08633,320.0
1753531764816,12:09:24.816,BMT/USDT:USDT,0.08627,66.0,0.08626,309.0,0.08632,302.0,0.08633,320.0
1753531765534,12:09:25.534,BMT/USDT:USDT,0.08627,66.0,0.08626,309.0,0.08632,302.0,0.08633,320.0
1753531765649,12:09:25.649,BMT/USDT:USDT,0.08627,66.0,0.08626,309.0,0.08632,302.0,0.08633,320.0
1753531766068,12:09:26.068,BMT/USDT:USDT,0.08627,66.0,0.08626,309.0,0.08632,302.0,0.08633,320.0
1753531766470,12:09:26.470,BMT/USDT:USDT,0.08627,66.0,0.08626,309.0,0.08632,302.0,0.08633,320.0
1753531766554,12:09:26.554,BMT/USDT:USDT,0.08627,66.0,0.08626,309.0,0.08632,302.0,0.08633,320.0
1753531767644,12:09:27.644,BMT/USDT:USDT,0.08627,66.0,0.08626,309.0,0.08632,302.0,0.08633,320.0
1753531767942,12:09:27.942,BMT/USDT:USDT,0.08627,66.0,0.08626,16.0,0.08631,302.0,0.08632,311.0
1753531768021,12:09:28.021,BMT/USDT:USDT,0.08627,66.0,0.08626,16.0,0.08631,302.0,0.08632,311.0
1753531768151,12:09:28.151,BMT/USDT:USDT,0.08627,66.0,0.08626,309.0,0.08631,302.0,0.08632,311.0
1753531768586,12:09:28.586,BMT/USDT:USDT,0.08627,66.0,0.08626,309.0,0.08631,302.0,0.08632,311.0
1753531768928,12:09:28.928,BMT/USDT:USDT,0.08629,57.0,0.08626,309.0,0.08632,18.0,0.08633,320.0
1753531769016,12:09:29.016,BMT/USDT:USDT,0.08629,57.0,0.08626,309.0,0.08632,18.0,0.08633,320.0
1753531769160,12:09:29.160,BMT/USDT:USDT,0.08629,57.0,0.08627,66.0,0.08632,18.0,0.08633,320.0
1753531769435,12:09:29.435,BMT/USDT:USDT,0.08629,57.0,0.08627,66.0,0.08632,18.0,0.08633,320.0
1753531769834,12:09:29.834,BMT/USDT:USDT,0.08629,57.0,0.08628,9.0,0.08633,311.0,0.08637,297.0
1753531769925,12:09:29.925,BMT/USDT:USDT,0.08629,57.0,0.08628,9.0,0.08633,311.0,0.08637,297.0
1753531770709,12:09:30.709,BMT/USDT:USDT,0.08629,57.0,0.08627,66.0,0.08633,329.0,0.08637,297.0
1753531771254,12:09:31.254,BMT/USDT:USDT,0.08627,66.0,0.08626,309.0,0.08633,329.0,0.08637,297.0
1753531771365,12:09:31.365,BMT/USDT:USDT,0.08627,66.0,0.08626,309.0,0.08633,329.0,0.08637,297.0
1753531771629,12:09:31.629,BMT/USDT:USDT,0.08627,66.0,0.08626,309.0,0.08633,329.0,0.08637,297.0
1753531771869,12:09:31.869,BMT/USDT:USDT,0.08627,66.0,0.08626,309.0,0.08633,329.0,0.08637,297.0
1753531771969,12:09:31.969,BMT/USDT:USDT,0.08628,57.0,0.08627,66.0,0.08632,288.0,0.08633,329.0
1753531772060,12:09:32.060,BMT/USDT:USDT,0.08629,57.0,0.08627,66.0,0.08633,329.0,0.08637,297.0
1753531772487,12:09:32.487,BMT/USDT:USDT,0.08629,57.0,0.08627,66.0,0.08633,329.0,0.08637,297.0
1753531772860,12:09:32.860,BMT/USDT:USDT,0.08629,57.0,0.08627,66.0,0.08632,288.0,0.08633,329.0
1753531772966,12:09:32.966,BMT/USDT:USDT,0.08626,25.0,0.08625,288.0,0.08631,288.0,0.08632,306.0
1753531773056,12:09:33.056,BMT/USDT:USDT,0.08626,57.0,0.08625,296.0,0.08631,306.0,0.08632,306.0
1753531773136,12:09:33.136,BMT/USDT:USDT,0.08626,57.0,0.08625,8.0,0.0863,288.0,0.08631,306.0
1753531773266,12:09:33.266,BMT/USDT:USDT,0.08626,57.0,0.08624,293.0,0.0863,288.0,0.08631,306.0
1753531773352,12:09:33.352,BMT/USDT:USDT,0.08626,57.0,0.08624,301.0,0.0863,288.0,0.08631,306.0
1753531773467,12:09:33.467,BMT/USDT:USDT,0.08625,288.0,0.08624,301.0,0.0863,18.0,0.08631,306.0
1753531773569,12:09:33.569,BMT/USDT:USDT,0.08626,57.0,0.08625,288.0,0.0863,18.0,0.08631,18.0
1753531773634,12:09:33.634,BMT/USDT:USDT,0.08627,57.0,0.08625,288.0,0.08631,36.0,0.08632,288.0
1753531773771,12:09:33.771,BMT/USDT:USDT,0.08627,57.0,0.08625,288.0,0.08631,27.0,0.08632,297.0
1753531773830,12:09:33.830,BMT/USDT:USDT,0.08627,57.0,0.08625,288.0,0.08631,27.0,0.08632,297.0
1753531774171,12:09:34.171,BMT/USDT:USDT,0.08627,57.0,0.08625,288.0,0.08631,27.0,0.08632,297.0
1753531774306,12:09:34.306,BMT/USDT:USDT,0.08627,57.0,0.08625,296.0,0.08631,27.0,0.08632,297.0
1753531774455,12:09:34.455,BMT/USDT:USDT,0.08627,66.0,0.08626,288.0,0.08636,18.0,0.08637,297.0
1753531774553,12:09:34.553,BMT/USDT:USDT,0.08629,57.0,0.08628,288.0,0.08634,324.0,0.08635,288.0
1753531774605,12:09:34.605,BMT/USDT:USDT,0.08629,57.0,0.08628,304.0,0.08634,315.0,0.08635,288.0
1753531774689,12:09:34.689,BMT/USDT:USDT,0.08629,57.0,0.08628,304.0,0.08634,315.0,0.08635,288.0
1753531775045,12:09:35.045,BMT/USDT:USDT,0.08629,57.0,0.08628,304.0,0.08634,324.0,0.08635,288.0
1753531775534,12:09:35.534,BMT/USDT:USDT,0.08629,57.0,0.08628,304.0,0.08634,324.0,0.08635,288.0
1753531775966,12:09:35.966,BMT/USDT:USDT,0.08629,75.0,0.08628,304.0,0.08634,315.0,0.08635,288.0
1753531776057,12:09:36.057,BMT/USDT:USDT,0.08629,75.0,0.08628,304.0,0.08634,9.0,0.08635,306.0
1753531776094,12:09:36.094,BMT/USDT:USDT,0.0863,57.0,0.08629,18.0,0.08634,9.0,0.08635,306.0
1753531776228,12:09:36.228,BMT/USDT:USDT,0.0863,57.0,0.08629,18.0,0.08634,9.0,0.08635,306.0
1753531776336,12:09:36.336,BMT/USDT:USDT,0.08631,57.0,0.08629,297.0,0.08635,306.0,0.08636,18.0
1753531776391,12:09:36.391,BMT/USDT:USDT,0.08631,57.0,0.08629,297.0,0.08635,306.0,0.08636,18.0
1753531776641,12:09:36.641,BMT/USDT:USDT,0.08631,57.0,0.08629,297.0,0.08635,306.0,0.08636,9.0
1753531776857,12:09:36.857,BMT/USDT:USDT,0.08631,57.0,0.08629,363.0,0.08635,306.0,0.08636,9.0
1753531776966,12:09:36.966,BMT/USDT:USDT,0.08631,57.0,0.08629,363.0,0.08635,306.0,0.08636,18.0
1753531777622,12:09:37.622,BMT/USDT:USDT,0.08631,57.0,0.08629,363.0,0.08635,306.0,0.08636,18.0
1753531778355,12:09:38.355,BMT/USDT:USDT,0.08634,57.0,0.08633,57.0,0.08639,18.0,0.0864,288.0
1753531778459,12:09:38.459,BMT/USDT:USDT,0.08634,57.0,0.0863,304.0,0.08637,18.0,0.08638,288.0
1753531778634,12:09:38.634,BMT/USDT:USDT,0.08634,57.0,0.0863,304.0,0.08637,18.0,0.08638,288.0
1753531778767,12:09:38.767,BMT/USDT:USDT,0.08634,57.0,0.08632,66.0,0.08637,18.0,0.08638,288.0
1753531778793,12:09:38.793,BMT/USDT:USDT,0.08634,57.0,0.08633,9.0,0.08637,18.0,0.08638,288.0
1753531778920,12:09:38.920,BMT/USDT:USDT,0.08634,57.0,0.08633,9.0,0.08637,18.0,0.08638,288.0
1753531779474,12:09:39.474,BMT/USDT:USDT,0.08634,57.0,0.08633,9.0,0.08637,18.0,0.08638,288.0
1753531779591,12:09:39.591,BMT/USDT:USDT,0.08634,57.0,0.08633,9.0,0.08637,18.0,0.08638,288.0
1753531779771,12:09:39.771,BMT/USDT:USDT,0.08634,57.0,0.08633,9.0,0.08637,18.0,0.08638,288.0
1753531779775,12:09:39.775,BMT/USDT:USDT,0.08634,57.0,0.08633,9.0,0.08637,18.0,0.08638,288.0
1753531780562,12:09:40.562,BMT/USDT:USDT,0.08634,57.0,0.08633,9.0,0.08639,18.0,0.08642,298.0
1753531780618,12:09:40.618,BMT/USDT:USDT,0.08634,57.0,0.08633,9.0,0.08638,292.0,0.08641,18.0
1753531781838,12:09:41.838,BMT/USDT:USDT,0.08634,57.0,0.08633,9.0,0.08638,292.0,0.08641,18.0
1753531782422,12:09:42.422,BMT/USDT:USDT,0.08634,57.0,0.08633,9.0,0.08638,292.0,0.08641,18.0
1753531782666,12:09:42.666,BMT/USDT:USDT,0.08634,57.0,0.08633,9.0,0.08638,292.0,0.08641,18.0
1753531783390,12:09:43.390,BMT/USDT:USDT,0.08634,57.0,0.08632,66.0,0.08637,292.0,0.08638,301.0
1753531783554,12:09:43.554,BMT/USDT:USDT,0.08634,57.0,0.08632,66.0,0.08637,292.0,0.08638,301.0
1753531783871,12:09:43.871,BMT/USDT:USDT,0.08634,57.0,0.08632,66.0,0.08637,292.0,0.08638,301.0
1753531783872,12:09:43.872,BMT/USDT:USDT,0.08634,57.0,0.08632,66.0,0.08637,292.0,0.08638,301.0
1753531784341,12:09:44.341,BMT/USDT:USDT,0.08634,57.0,0.08632,66.0,0.08637,292.0,0.08638,301.0
1753531784814,12:09:44.814,BMT/USDT:USDT,0.08634,57.0,0.08632,66.0,0.08637,292.0,0.08638,301.0
1753531786363,12:09:46.363,BMT/USDT:USDT,0.08634,57.0,0.08632,66.0,0.08637,292.0,0.08638,301.0
1753531787224,12:09:47.224,BMT/USDT:USDT,0.08634,57.0,0.08632,66.0,0.08637,292.0,0.08638,301.0
1753531788186,12:09:48.186,BMT/USDT:USDT,0.08634,57.0,0.08632,66.0,0.08637,310.0,0.08638,301.0
1753531788730,12:09:48.730,BMT/USDT:USDT,0.08634,57.0,0.08632,66.0,0.08637,310.0,0.08638,301.0
1753531791432,12:09:51.432,BMT/USDT:USDT,0.08634,57.0,0.08632,66.0,0.08636,299.0,0.08637,310.0
1753531791562,12:09:51.562,BMT/USDT:USDT,0.08634,57.0,0.08632,66.0,0.08636,299.0,0.08637,310.0
1753531792023,12:09:52.023,BMT/USDT:USDT,0.08634,57.0,0.08632,66.0,0.08636,299.0,0.08637,310.0
1753531793428,12:09:53.428,BMT/USDT:USDT,0.08634,57.0,0.08632,66.0,0.08636,299.0,0.08637,310.0
1753531793928,12:09:53.928,BMT/USDT:USDT,0.08634,57.0,0.08632,66.0,0.08636,299.0,0.08637,310.0
1753531795486,12:09:55.486,BMT/USDT:USDT,0.08632,75.0,0.0863,288.0,0.08636,308.0,0.08637,319.0
1753531795604,12:09:55.604,BMT/USDT:USDT,0.08632,75.0,0.0863,288.0,0.08636,308.0,0.08637,319.0
1753531796828,12:09:56.828,BMT/USDT:USDT,0.08632,75.0,0.0863,288.0,0.08636,308.0,0.08637,319.0
1753531797242,12:09:57.242,BMT/USDT:USDT,0.08632,84.0,0.0863,288.0,0.08636,308.0,0.08637,319.0
1753531797600,12:09:57.600,BMT/USDT:USDT,0.08632,84.0,0.0863,288.0,0.08636,308.0,0.08637,319.0
1753531798869,12:09:58.869,BMT/USDT:USDT,0.08632,84.0,0.0863,288.0,0.08636,308.0,0.08637,319.0
1753531800858,12:10:00.858,BMT/USDT:USDT,0.08632,84.0,0.0863,288.0,0.08636,317.0,0.08637,319.0
1753531801623,12:10:01.623,BMT/USDT:USDT,0.08632,84.0,0.0863,288.0,0.08636,317.0,0.08637,319.0
1753531802271,12:10:02.271,BMT/USDT:USDT,0.08632,9.0,0.0863,288.0,0.08636,317.0,0.08637,319.0
1753531802322,12:10:02.322,BMT/USDT:USDT,0.08632,9.0,0.0863,288.0,0.08637,318.0,0.08642,298.0
1753531802905,12:10:02.905,BMT/USDT:USDT,0.08632,9.0,0.0863,288.0,0.08637,318.0,0.08642,298.0
1753531802972,12:10:02.972,BMT/USDT:USDT,0.08632,9.0,0.0863,288.0,0.08636,290.0,0.08637,318.0
1753531803150,12:10:03.150,BMT/USDT:USDT,0.08633,57.0,0.08632,9.0,0.08636,290.0,0.08637,318.0
1753531803330,12:10:03.330,BMT/USDT:USDT,0.08633,57.0,0.08632,9.0,0.08636,290.0,0.08637,318.0
1753531803753,12:10:03.753,BMT/USDT:USDT,0.08633,57.0,0.08632,9.0,0.08636,290.0,0.08637,318.0
1753531803778,12:10:03.778,BMT/USDT:USDT,0.08633,57.0,0.08632,9.0,0.08636,290.0,0.08637,318.0
1753531804577,12:10:04.577,BMT/USDT:USDT,0.08633,57.0,0.08632,9.0,0.08636,290.0,0.08637,318.0
1753531805491,12:10:05.491,BMT/USDT:USDT,0.08633,57.0,0.08632,9.0,0.08636,290.0,0.08637,318.0
1753531806424,12:10:06.424,BMT/USDT:USDT,0.08633,57.0,0.08632,9.0,0.08636,290.0,0.08637,318.0
1753531806558,12:10:06.558,BMT/USDT:USDT,0.08633,57.0,0.08632,9.0,0.08636,298.0,0.08637,318.0
1753531806576,12:10:06.576,BMT/USDT:USDT,0.08633,57.0,0.08632,9.0,0.08636,298.0,0.08637,318.0
1753531807180,12:10:07.180,BMT/USDT:USDT,0.08633,57.0,0.08632,9.0,0.08636,298.0,0.08637,318.0
1753531807275,12:10:07.275,BMT/USDT:USDT,0.08633,57.0,0.08632,9.0,0.08636,290.0,0.08637,318.0
1753531808561,12:10:08.561,BMT/USDT:USDT,0.08632,9.0,0.0863,288.0,0.08637,318.0,0.08642,298.0
1753531808624,12:10:08.624,BMT/USDT:USDT,0.08632,9.0,0.0863,288.0,0.08637,318.0,0.08642,298.0
1753531809251,12:10:09.251,BMT/USDT:USDT,0.08632,9.0,0.0863,288.0,0.08637,318.0,0.08642,298.0
1753531809718,12:10:09.718,BMT/USDT:USDT,0.08632,9.0,0.0863,288.0,0.08637,318.0,0.08642,298.0
1753531809850,12:10:09.850,BMT/USDT:USDT,0.08632,9.0,0.0863,288.0,0.08637,318.0,0.08642,298.0
1753531810453,12:10:10.453,BMT/USDT:USDT,0.08632,9.0,0.0863,288.0,0.08637,318.0,0.08642,298.0
1753531810494,12:10:10.494,BMT/USDT:USDT,0.08632,9.0,0.0863,288.0,0.08637,318.0,0.08642,543.0
1753531810714,12:10:10.714,BMT/USDT:USDT,0.08632,17.0,0.0863,288.0,0.08637,318.0,0.08642,543.0
1753531810822,12:10:10.822,BMT/USDT:USDT,0.08632,17.0,0.0863,288.0,0.08637,318.0,0.08642,543.0
1753531811223,12:10:11.223,BMT/USDT:USDT,0.08632,17.0,0.0863,288.0,0.08637,326.0,0.08642,543.0
1753531811616,12:10:11.616,BMT/USDT:USDT,0.08632,17.0,0.0863,288.0,0.08637,318.0,0.08642,543.0
1753531812570,12:10:12.570,BMT/USDT:USDT,0.08632,17.0,0.0863,288.0,0.08637,326.0,0.08642,543.0
1753531814865,12:10:14.865,BMT/USDT:USDT,0.08629,360.0,0.08628,928.0,0.08636,289.0,0.08637,326.0
1753531814945,12:10:14.945,BMT/USDT:USDT,0.08632,57.0,0.0863,289.0,0.08636,297.0,0.08637,318.0
1753531814994,12:10:14.994,BMT/USDT:USDT,0.08632,57.0,0.08631,8.0,0.08636,297.0,0.08637,318.0
1753531815150,12:10:15.150,BMT/USDT:USDT,0.08632,57.0,0.08631,8.0,0.08636,297.0,0.08637,318.0
1753531815256,12:10:15.256,BMT/USDT:USDT,0.08632,57.0,0.08631,8.0,0.08636,297.0,0.08637,318.0
1753531815559,12:10:15.559,BMT/USDT:USDT,0.08632,57.0,0.08631,8.0,0.08636,297.0,0.08637,318.0
1753531816023,12:10:16.023,BMT/USDT:USDT,0.08632,57.0,0.08631,8.0,0.08636,297.0,0.08637,318.0
1753531817185,12:10:17.185,BMT/USDT:USDT,0.08632,57.0,0.08631,8.0,0.08636,297.0,0.08637,318.0
1753531820114,12:10:20.114,BMT/USDT:USDT,0.08629,83.0,0.08628,928.0,0.08635,297.0,0.08636,289.0
1753531820254,12:10:20.254,BMT/USDT:USDT,0.08631,57.0,0.0863,57.0,0.08635,297.0,0.08636,307.0
1753531820356,12:10:20.356,BMT/USDT:USDT,0.08631,57.0,0.08629,67.0,0.08635,297.0,0.08636,307.0
1753531820377,12:10:20.377,BMT/USDT:USDT,0.08631,57.0,0.08629,67.0,0.08635,297.0,0.08636,307.0
1753531820478,12:10:20.478,BMT/USDT:USDT,0.08631,57.0,0.08629,67.0,0.08635,297.0,0.08636,307.0
1753531820759,12:10:20.759,BMT/USDT:USDT,0.08631,57.0,0.08629,67.0,0.08635,305.0,0.08636,307.0
1753531820854,12:10:20.854,BMT/USDT:USDT,0.08631,57.0,0.08629,67.0,0.08634,297.0,0.08635,305.0
1753531821334,12:10:21.334,BMT/USDT:USDT,0.08631,57.0,0.08629,67.0,0.08634,305.0,0.08635,313.0
1753531821663,12:10:21.663,BMT/USDT:USDT,0.08631,57.0,0.08629,67.0,0.08634,305.0,0.08635,313.0
1753531825242,12:10:25.242,BMT/USDT:USDT,0.08629,67.0,0.08628,304.0,0.08634,305.0,0.08635,313.0
1753531825635,12:10:25.635,BMT/USDT:USDT,0.08629,67.0,0.08628,304.0,0.08634,305.0,0.08635,313.0
1753531825711,12:10:25.711,BMT/USDT:USDT,0.08629,67.0,0.08628,304.0,0.08634,305.0,0.08635,313.0
1753531825905,12:10:25.905,BMT/USDT:USDT,0.08629,67.0,0.08628,304.0,0.08634,297.0,0.08635,305.0
1753531827457,12:10:27.457,BMT/USDT:USDT,0.08629,67.0,0.08628,304.0,0.08634,297.0,0.08635,305.0
1753531829363,12:10:29.363,BMT/USDT:USDT,0.08629,356.0,0.08628,304.0,0.08635,305.0,0.08636,289.0
1753531829507,12:10:29.507,BMT/USDT:USDT,0.08629,356.0,0.08628,304.0,0.08635,305.0,0.08637,292.0
1753531829769,12:10:29.769,BMT/USDT:USDT,0.08629,356.0,0.08628,304.0,0.08635,305.0,0.08637,292.0
1753531829858,12:10:29.858,BMT/USDT:USDT,0.08629,356.0,0.08628,304.0,0.08635,305.0,0.08637,292.0
1753531829958,12:10:29.958,BMT/USDT:USDT,0.08632,57.0,0.08631,8.0,0.08636,315.0,0.08637,292.0
1753531830037,12:10:30.037,BMT/USDT:USDT,0.08633,57.0,0.08631,66.0,0.08636,315.0,0.08637,292.0
1753531830090,12:10:30.090,BMT/USDT:USDT,0.08633,57.0,0.08631,66.0,0.08636,323.0,0.08637,300.0
1753531830194,12:10:30.194,BMT/USDT:USDT,0.08633,57.0,0.08631,66.0,0.08636,323.0,0.08637,300.0
1753531830424,12:10:30.424,BMT/USDT:USDT,0.08633,57.0,0.08631,66.0,0.08636,323.0,0.08637,300.0
1753531830611,12:10:30.611,BMT/USDT:USDT,0.08633,57.0,0.08631,66.0,0.08636,323.0,0.08637,300.0
1753531832946,12:10:32.946,BMT/USDT:USDT,0.08633,57.0,0.08631,66.0,0.08636,305.0,0.08637,318.0
1753531833655,12:10:33.655,BMT/USDT:USDT,0.08631,66.0,0.08629,355.0,0.08635,289.0,0.08636,305.0
1753531833733,12:10:33.733,BMT/USDT:USDT,0.08631,74.0,0.0863,289.0,0.08635,289.0,0.08636,289.0
1753531833844,12:10:33.844,BMT/USDT:USDT,0.08631,82.0,0.0863,305.0,0.08636,289.0,0.08637,310.0
1753531833874,12:10:33.874,BMT/USDT:USDT,0.08631,82.0,0.0863,305.0,0.08636,289.0,0.08637,310.0
1753531834662,12:10:34.662,BMT/USDT:USDT,0.08631,82.0,0.0863,305.0,0.08636,289.0,0.08637,310.0
1753531835077,12:10:35.077,BMT/USDT:USDT,0.08631,82.0,0.0863,305.0,0.08636,289.0,0.08637,310.0
1753531835234,12:10:35.234,BMT/USDT:USDT,0.08631,82.0,0.0863,305.0,0.08636,289.0,0.08637,310.0
1753531835654,12:10:35.654,BMT/USDT:USDT,0.08631,82.0,0.0863,305.0,0.08636,289.0,0.08637,310.0
1753531836404,12:10:36.404,BMT/USDT:USDT,0.08631,82.0,0.0863,305.0,0.08636,289.0,0.08637,310.0
1753531837148,12:10:37.148,BMT/USDT:USDT,0.08631,82.0,0.0863,16.0,0.08636,289.0,0.08637,310.0
1753531837194,12:10:37.194,BMT/USDT:USDT,0.08631,74.0,0.08629,371.0,0.08636,289.0,0.08637,310.0
1753531837563,12:10:37.563,BMT/USDT:USDT,0.08631,82.0,0.08629,371.0,0.08636,289.0,0.08637,310.0
1753531837575,12:10:37.575,BMT/USDT:USDT,0.08631,82.0,0.08629,647.0,0.08636,289.0,0.08637,310.0
1753531837917,12:10:37.917,BMT/USDT:USDT,0.08631,82.0,0.08629,647.0,0.08636,289.0,0.08637,310.0
1753531840040,12:10:40.040,BMT/USDT:USDT,0.08631,74.0,0.08629,647.0,0.08636,289.0,0.08637,310.0
1753531841668,12:10:41.668,BMT/USDT:USDT,0.08631,74.0,0.0863,299.0,0.08636,289.0,0.08637,310.0
1753531842785,12:10:42.785,BMT/USDT:USDT,0.08631,74.0,0.0863,299.0,0.08636,289.0,0.08637,310.0
1753531843103,12:10:43.103,BMT/USDT:USDT,0.08631,74.0,0.08629,647.0,0.08636,289.0,0.08637,310.0
1753531843603,12:10:43.603,BMT/USDT:USDT,0.08631,74.0,0.08629,647.0,0.08636,289.0,0.08637,310.0
1753531843852,12:10:43.852,BMT/USDT:USDT,0.08631,74.0,0.08629,647.0,0.08636,289.0,0.08637,310.0
1753531844465,12:10:44.465,BMT/USDT:USDT,0.08631,74.0,0.0863,299.0,0.08636,289.0,0.08637,310.0
1753531844511,12:10:44.511,BMT/USDT:USDT,0.08631,74.0,0.0863,299.0,0.08636,289.0,0.08637,310.0
1753531844833,12:10:44.833,BMT/USDT:USDT,0.08631,74.0,0.0863,299.0,0.08636,289.0,0.08637,310.0
1753531849624,12:10:49.624,BMT/USDT:USDT,0.08631,74.0,0.0863,299.0,0.08636,289.0,0.08637,310.0
1753531854425,12:10:54.425,BMT/USDT:USDT,0.08631,74.0,0.0863,299.0,0.08636,289.0,0.08637,310.0
1753531856962,12:10:56.962,BMT/USDT:USDT,0.08632,57.0,0.08631,74.0,0.08637,18.0,0.08638,300.0
1753531857038,12:10:57.038,BMT/USDT:USDT,0.08634,57.0,0.08633,8.0,0.08637,18.0,0.08638,300.0
1753531857141,12:10:57.141,BMT/USDT:USDT,0.08634,57.0,0.08633,8.0,0.08637,18.0,0.08638,300.0
1753531857376,12:10:57.376,BMT/USDT:USDT,0.08634,57.0,0.08633,8.0,0.08637,18.0,0.08638,300.0
1753531857546,12:10:57.546,BMT/USDT:USDT,0.08634,57.0,0.08633,8.0,0.08637,18.0,0.08638,300.0
1753531857822,12:10:57.822,BMT/USDT:USDT,0.08634,57.0,0.08633,8.0,0.08637,18.0,0.08638,300.0
1753531858834,12:10:58.834,BMT/USDT:USDT,0.08634,57.0,0.08633,8.0,0.08637,18.0,0.08638,300.0
1753531859024,12:10:59.024,BMT/USDT:USDT,0.08634,57.0,0.08633,8.0,0.08637,18.0,0.08638,300.0
1753531859225,12:10:59.225,BMT/USDT:USDT,0.08634,57.0,0.08633,8.0,0.08637,18.0,0.08638,300.0
1753531860166,12:11:00.166,BMT/USDT:USDT,0.08634,65.0,0.08633,8.0,0.08638,18.0,0.08639,292.0
1753531860268,12:11:00.268,BMT/USDT:USDT,0.08636,57.0,0.08635,8.0,0.08638,18.0,0.08639,300.0
1753531860315,12:11:00.315,BMT/USDT:USDT,0.08636,57.0,0.08635,8.0,0.08639,318.0,0.08642,298.0
1753531860412,12:11:00.412,BMT/USDT:USDT,0.08636,57.0,0.08635,8.0,0.08639,318.0,0.08642,298.0
1753531860497,12:11:00.497,BMT/USDT:USDT,0.08636,57.0,0.08635,8.0,0.08639,318.0,0.08642,298.0
1753531860666,12:11:00.666,BMT/USDT:USDT,0.08636,57.0,0.08635,8.0,0.08639,318.0,0.08642,298.0
1753531860835,12:11:00.835,BMT/USDT:USDT,0.08635,8.0,0.08633,292.0,0.08639,318.0,0.08642,298.0
1753531860961,12:11:00.961,BMT/USDT:USDT,0.08635,8.0,0.08634,16.0,0.08639,318.0,0.08642,298.0
1753531861001,12:11:01.001,BMT/USDT:USDT,0.08635,8.0,0.08634,16.0,0.08639,318.0,0.08642,298.0
1753531861162,12:11:01.162,BMT/USDT:USDT,0.08635,8.0,0.08634,16.0,0.08639,318.0,0.08642,298.0
1753531861568,12:11:01.568,BMT/USDT:USDT,0.08635,16.0,0.08634,16.0,0.08639,310.0,0.08643,288.0
1753531861574,12:11:01.574,BMT/USDT:USDT,0.08635,16.0,0.08634,16.0,0.08639,310.0,0.08643,288.0
1753531861910,12:11:01.910,BMT/USDT:USDT,0.08635,16.0,0.08634,16.0,0.08639,310.0,0.08643,288.0
1753531862267,12:11:02.267,BMT/USDT:USDT,0.08635,16.0,0.08634,16.0,0.0864,18.0,0.08641,292.0
1753531862361,12:11:02.361,BMT/USDT:USDT,0.08637,65.0,0.08635,74.0,0.0864,18.0,0.08641,292.0
1753531862445,12:11:02.445,BMT/USDT:USDT,0.08637,65.0,0.08636,16.0,0.0864,18.0,0.08641,292.0
1753531862761,12:11:02.761,BMT/USDT:USDT,0.08637,65.0,0.08636,16.0,0.0864,18.0,0.08641,292.0
1753531863171,12:11:03.171,BMT/USDT:USDT,0.08637,73.0,0.08636,16.0,0.08641,310.0,0.08643,288.0
1753531863249,12:11:03.249,BMT/USDT:USDT,0.08637,73.0,0.08636,16.0,0.08641,310.0,0.08643,288.0
1753531863275,12:11:03.275,BMT/USDT:USDT,0.08637,73.0,0.08636,16.0,0.08641,310.0,0.08643,288.0
1753531863655,12:11:03.655,BMT/USDT:USDT,0.08637,73.0,0.08636,16.0,0.08641,318.0,0.08643,288.0
1753531863819,12:11:03.819,BMT/USDT:USDT,0.08637,73.0,0.08636,16.0,0.08641,318.0,0.08643,288.0
1753531864026,12:11:04.026,BMT/USDT:USDT,0.08637,73.0,0.08636,16.0,0.08641,318.0,0.08643,288.0
1753531864571,12:11:04.571,BMT/USDT:USDT,0.08642,57.0,0.08641,8.0,0.08644,310.0,0.08647,528.0
1753531864656,12:11:04.656,BMT/USDT:USDT,0.08642,57.0,0.08641,8.0,0.08644,310.0,0.08647,528.0
1753531864858,12:11:04.858,BMT/USDT:USDT,0.08642,57.0,0.08641,8.0,0.08644,310.0,0.08647,528.0
1753531865171,12:11:05.171,BMT/USDT:USDT,0.08642,57.0,0.08641,8.0,0.08644,310.0,0.08645,8.0
1753531865254,12:11:05.254,BMT/USDT:USDT,0.08642,57.0,0.08641,8.0,0.08644,310.0,0.08645,8.0
1753531865317,12:11:05.317,BMT/USDT:USDT,0.08642,57.0,0.08641,16.0,0.08644,310.0,0.08647,528.0
1753531865445,12:11:05.445,BMT/USDT:USDT,0.08642,57.0,0.08641,16.0,0.08644,310.0,0.08647,528.0
1753531865793,12:11:05.793,BMT/USDT:USDT,0.08642,57.0,0.08641,16.0,0.08644,310.0,0.08647,528.0
1753531866071,12:11:06.071,BMT/USDT:USDT,0.08642,57.0,0.08641,16.0,0.08644,310.0,0.08647,528.0
1753531866072,12:11:06.072,BMT/USDT:USDT,0.08642,57.0,0.08641,16.0,0.08644,310.0,0.08647,528.0
1753531867912,12:11:07.912,BMT/USDT:USDT,0.08642,57.0,0.08641,16.0,0.08644,310.0,0.08647,528.0
1753531868214,12:11:08.214,BMT/USDT:USDT,0.08643,57.0,0.08641,8.0,0.08645,18.0,0.08646,292.0
1753531868297,12:11:08.297,BMT/USDT:USDT,0.08643,57.0,0.08641,8.0,0.08645,18.0,0.08646,292.0
1753531868470,12:11:08.470,BMT/USDT:USDT,0.08643,57.0,0.08641,8.0,0.08645,18.0,0.08646,292.0
1753531868503,12:11:08.503,BMT/USDT:USDT,0.08643,57.0,0.08641,8.0,0.08645,18.0,0.08646,292.0
1753531868602,12:11:08.602,BMT/USDT:USDT,0.08643,57.0,0.08641,8.0,0.08645,18.0,0.08646,292.0
1753531868848,12:11:08.848,BMT/USDT:USDT,0.08643,57.0,0.08641,8.0,0.08645,316.0,0.08646,292.0
1753531868921,12:11:08.921,BMT/USDT:USDT,0.08643,57.0,0.08641,8.0,0.08645,316.0,0.08646,292.0
1753531869196,12:11:09.196,BMT/USDT:USDT,0.08643,57.0,0.08641,8.0,0.08645,316.0,0.08646,292.0
1753531869338,12:11:09.338,BMT/USDT:USDT,0.08643,57.0,0.08641,8.0,0.08645,316.0,0.08646,292.0
1753531870037,12:11:10.037,BMT/USDT:USDT,0.08643,57.0,0.08641,8.0,0.08645,316.0,0.08647,296.0
1753531870559,12:11:10.559,BMT/USDT:USDT,0.08643,57.0,0.08641,8.0,0.08645,316.0,0.08647,296.0
1753531870844,12:11:10.844,BMT/USDT:USDT,0.08643,57.0,0.08641,8.0,0.08645,316.0,0.08647,296.0
1753531870965,12:11:10.965,BMT/USDT:USDT,0.08643,57.0,0.08641,8.0,0.08645,316.0,0.08647,296.0
1753531871155,12:11:11.155,BMT/USDT:USDT,0.08643,57.0,0.08641,8.0,0.08645,316.0,0.08646,8.0
1753531871570,12:11:11.570,BMT/USDT:USDT,0.08641,8.0,0.0864,82.0,0.08644,298.0,0.08645,316.0
1753531871649,12:11:11.649,BMT/USDT:USDT,0.08643,65.0,0.08642,8.0,0.08645,316.0,0.08647,296.0
1753531871684,12:11:11.684,BMT/USDT:USDT,0.08643,65.0,0.08642,8.0,0.08645,316.0,0.08647,296.0
1753531871787,12:11:11.787,BMT/USDT:USDT,0.08643,65.0,0.08642,8.0,0.08645,316.0,0.08647,296.0
1753531872769,12:11:12.769,BMT/USDT:USDT,0.08643,57.0,0.08641,24.0,0.08645,316.0,0.08647,296.0
1753531872773,12:11:12.773,BMT/USDT:USDT,0.08643,57.0,0.08641,24.0,0.08645,316.0,0.08646,8.0
1753531872887,12:11:12.887,BMT/USDT:USDT,0.08643,57.0,0.08641,16.0,0.08645,316.0,0.08646,8.0
1753531873008,12:11:13.008,BMT/USDT:USDT,0.08643,57.0,0.08641,16.0,0.08645,316.0,0.08646,8.0
1753531873300,12:11:13.300,BMT/USDT:USDT,0.08643,57.0,0.08641,16.0,0.08645,316.0,0.08646,8.0
1753531873625,12:11:13.625,BMT/USDT:USDT,0.08643,57.0,0.08641,16.0,0.08645,316.0,0.08646,8.0
1753531873855,12:11:13.855,BMT/USDT:USDT,0.08641,24.0,0.08638,292.0,0.08644,298.0,0.08645,316.0
1753531873956,12:11:13.956,BMT/USDT:USDT,0.08642,57.0,0.08641,8.0,0.08644,298.0,0.08645,316.0
1753531874316,12:11:14.316,BMT/USDT:USDT,0.08642,57.0,0.08641,16.0,0.08644,298.0,0.08645,316.0
1753531874620,12:11:14.620,BMT/USDT:USDT,0.08641,16.0,0.08639,82.0,0.08642,309.0,0.08644,298.0
1753531874738,12:11:14.738,BMT/USDT:USDT,0.08641,8.0,0.0864,8.0,0.08642,538.0,0.08644,298.0
1753531874807,12:11:14.807,BMT/USDT:USDT,0.08641,8.0,0.0864,8.0,0.08642,309.0,0.08644,298.0
1753531875233,12:11:15.233,BMT/USDT:USDT,0.08639,8.0,0.08637,640.0,0.08642,138.0,0.08644,298.0
1753531875278,12:11:15.278,BMT/USDT:USDT,0.08639,16.0,0.08638,1.0,0.08642,138.0,0.08643,15.0
1753531875562,12:11:15.562,BMT/USDT:USDT,0.08639,16.0,0.08638,1.0,0.08642,138.0,0.08643,15.0
1753531875986,12:11:15.986,BMT/USDT:USDT,0.08639,16.0,0.08638,1.0,0.08642,138.0,0.08643,15.0
1753531876362,12:11:16.362,BMT/USDT:USDT,0.0864,57.0,0.08639,16.0,0.08643,15.0,0.08644,298.0
1753531876447,12:11:16.447,BMT/USDT:USDT,0.08641,65.0,0.0864,8.0,0.08643,15.0,0.08644,298.0
1753531876573,12:11:16.573,BMT/USDT:USDT,0.08641,65.0,0.0864,8.0,0.08643,313.0,0.08644,298.0
1753531876728,12:11:16.728,BMT/USDT:USDT,0.08641,73.0,0.0864,8.0,0.08644,298.0,0.08645,316.0
1753531876810,12:11:16.810,BMT/USDT:USDT,0.08641,73.0,0.0864,8.0,0.08643,15.0,0.08644,298.0
1753531877220,12:11:17.220,BMT/USDT:USDT,0.08641,73.0,0.0864,8.0,0.08643,15.0,0.08644,298.0
1753531877574,12:11:17.574,BMT/USDT:USDT,0.08641,73.0,0.0864,8.0,0.08643,313.0,0.08644,298.0
1753531877734,12:11:17.734,BMT/USDT:USDT,0.08642,57.0,0.08641,16.0,0.08644,298.0,0.08645,316.0
1753531877908,12:11:17.908,BMT/USDT:USDT,0.08642,57.0,0.08641,16.0,0.08644,298.0,0.08645,316.0
1753531878034,12:11:18.034,BMT/USDT:USDT,0.08642,57.0,0.08641,16.0,0.08644,298.0,0.08645,316.0
1753531878105,12:11:18.105,BMT/USDT:USDT,0.08642,57.0,0.08641,16.0,0.08644,298.0,0.08645,316.0
1753531878434,12:11:18.434,BMT/USDT:USDT,0.08642,57.0,0.08641,16.0,0.08644,298.0,0.08645,316.0
1753531878605,12:11:18.605,BMT/USDT:USDT,0.08642,57.0,0.08641,8.0,0.08644,298.0,0.08645,316.0
1753531878855,12:11:18.855,BMT/USDT:USDT,0.08642,57.0,0.08641,8.0,0.08644,298.0,0.08645,316.0
1753531879116,12:11:19.116,BMT/USDT:USDT,0.08642,57.0,0.08641,8.0,0.08644,298.0,0.08645,316.0
1753531879179,12:11:19.179,BMT/USDT:USDT,0.08642,57.0,0.08641,8.0,0.08644,298.0,0.08645,316.0
1753531879354,12:11:19.354,BMT/USDT:USDT,0.0864,57.0,0.08637,1.0,0.08642,299.0,0.08643,309.0
1753531879420,12:11:19.420,BMT/USDT:USDT,0.0864,57.0,0.08638,66.0,0.08642,299.0,0.08643,309.0
1753531879473,12:11:19.473,BMT/USDT:USDT,0.0864,57.0,0.08638,66.0,0.08642,299.0,0.08643,309.0
1753531879678,12:11:19.678,BMT/USDT:USDT,0.0864,57.0,0.08638,66.0,0.08642,299.0,0.08643,309.0
1753531880097,12:11:20.097,BMT/USDT:USDT,0.0864,57.0,0.08638,66.0,0.08642,299.0,0.08643,309.0
1753531880853,12:11:20.853,BMT/USDT:USDT,0.0864,57.0,0.08639,16.0,0.08642,291.0,0.08643,309.0
1753531882121,12:11:22.121,BMT/USDT:USDT,0.0864,57.0,0.08639,16.0,0.08642,291.0,0.08643,309.0
1753531883234,12:11:23.234,BMT/USDT:USDT,0.0864,57.0,0.08639,16.0,0.08642,291.0,0.08643,309.0
1753531883571,12:11:23.571,BMT/USDT:USDT,0.0864,57.0,0.08639,16.0,0.08642,291.0,0.08643,309.0
1753531884888,12:11:24.888,BMT/USDT:USDT,0.0864,57.0,0.08639,16.0,0.08642,291.0,0.08643,309.0
1753531884995,12:11:24.995,BMT/USDT:USDT,0.0864,57.0,0.08639,16.0,0.08642,291.0,0.08643,309.0
1753531885347,12:11:25.347,BMT/USDT:USDT,0.0864,57.0,0.08639,16.0,0.08642,291.0,0.08643,309.0
1753531887153,12:11:27.153,BMT/USDT:USDT,0.0864,57.0,0.08639,16.0,0.08642,291.0,0.08643,309.0
1753531887783,12:11:27.783,BMT/USDT:USDT,0.0864,57.0,0.08639,16.0,0.08642,291.0,0.08643,309.0
1753531888045,12:11:28.045,BMT/USDT:USDT,0.08642,85.0,0.0864,66.0,0.08644,291.0,0.08646,18.0
1753531888135,12:11:28.135,BMT/USDT:USDT,0.08642,85.0,0.0864,66.0,0.08644,291.0,0.08646,18.0
1753531888200,12:11:28.200,BMT/USDT:USDT,0.08642,85.0,0.0864,66.0,0.08644,291.0,0.08646,18.0
1753531888620,12:11:28.620,BMT/USDT:USDT,0.08642,85.0,0.0864,66.0,0.08644,291.0,0.08646,18.0
1753531888801,12:11:28.801,BMT/USDT:USDT,0.08642,93.0,0.08641,8.0,0.08644,291.0,0.08646,18.0
1753531888874,12:11:28.874,BMT/USDT:USDT,0.08642,85.0,0.0864,66.0,0.08644,291.0,0.08646,18.0
1753531889044,12:11:29.044,BMT/USDT:USDT,0.08642,85.0,0.0864,66.0,0.08644,291.0,0.08646,18.0
1753531890269,12:11:30.269,BMT/USDT:USDT,0.08642,93.0,0.0864,66.0,0.08644,299.0,0.08646,18.0
1753531890395,12:11:30.395,BMT/USDT:USDT,0.08642,93.0,0.0864,66.0,0.08644,291.0,0.08646,18.0
1753531890478,12:11:30.478,BMT/USDT:USDT,0.08642,93.0,0.0864,66.0,0.08644,291.0,0.08646,18.0
1753531890694,12:11:30.694,BMT/USDT:USDT,0.08642,93.0,0.0864,66.0,0.08644,291.0,0.08646,18.0
1753531891083,12:11:31.083,BMT/USDT:USDT,0.08642,93.0,0.0864,66.0,0.08644,291.0,0.08646,18.0
1753531891259,12:11:31.259,BMT/USDT:USDT,0.08642,85.0,0.0864,66.0,0.08644,291.0,0.08646,18.0
1753531891434,12:11:31.434,BMT/USDT:USDT,0.08642,85.0,0.0864,66.0,0.08644,291.0,0.08646,18.0
1753531891501,12:11:31.501,BMT/USDT:USDT,0.08642,85.0,0.0864,66.0,0.08644,291.0,0.08646,18.0
1753531891916,12:11:31.916,BMT/USDT:USDT,0.08642,85.0,0.0864,66.0,0.08644,291.0,0.08646,18.0
1753531892755,12:11:32.755,BMT/USDT:USDT,0.0864,66.0,0.08638,1.0,0.08644,291.0,0.08646,18.0
1753531892826,12:11:32.826,BMT/USDT:USDT,0.0864,74.0,0.08637,1.0,0.08643,15.0,0.08644,291.0
1753531892938,12:11:32.938,BMT/USDT:USDT,0.0864,74.0,0.08637,1.0,0.08642,288.0,0.08643,15.0
1753531892982,12:11:32.982,BMT/USDT:USDT,0.0864,74.0,0.08637,1.0,0.08642,288.0,0.08644,291.0
1753531893144,12:11:33.144,BMT/USDT:USDT,0.0864,74.0,0.08637,1.0,0.08644,291.0,0.08646,18.0
1753531893184,12:11:33.184,BMT/USDT:USDT,0.0864,74.0,0.08637,1.0,0.08643,15.0,0.08644,291.0
1753531893338,12:11:33.338,BMT/USDT:USDT,0.0864,74.0,0.08637,1.0,0.08643,303.0,0.08644,291.0
1753531893563,12:11:33.563,BMT/USDT:USDT,0.0864,74.0,0.08638,66.0,0.08643,311.0,0.08644,291.0
1753531893923,12:11:33.923,BMT/USDT:USDT,0.0864,66.0,0.08639,8.0,0.08642,288.0,0.08643,311.0
1753531893982,12:11:33.982,BMT/USDT:USDT,0.0864,66.0,0.08639,8.0,0.08642,288.0,0.08643,296.0
1753531894395,12:11:34.395,BMT/USDT:USDT,0.0864,66.0,0.08639,8.0,0.08642,288.0,0.08643,296.0
1753531894582,12:11:34.582,BMT/USDT:USDT,0.0864,74.0,0.08639,8.0,0.08642,288.0,0.08643,296.0
1753531894814,12:11:34.814,BMT/USDT:USDT,0.0864,74.0,0.08638,66.0,0.08642,288.0,0.08643,296.0
1753531894888,12:11:34.888,BMT/USDT:USDT,0.0864,74.0,0.08638,66.0,0.08642,288.0,0.08643,296.0
1753531895338,12:11:35.338,BMT/USDT:USDT,0.08641,57.0,0.08639,66.0,0.08643,288.0,0.08644,299.0
1753531895420,12:11:35.420,BMT/USDT:USDT,0.08641,57.0,0.08639,66.0,0.08643,288.0,0.08644,299.0
1753531895635,12:11:35.635,BMT/USDT:USDT,0.08641,57.0,0.08639,66.0,0.08643,288.0,0.08644,299.0
1753531896051,12:11:36.051,BMT/USDT:USDT,0.08641,57.0,0.08639,66.0,0.08643,288.0,0.08644,299.0
1753531896364,12:11:36.364,BMT/USDT:USDT,0.08641,65.0,0.08639,66.0,0.08646,18.0,0.08647,296.0
1753531896471,12:11:36.471,BMT/USDT:USDT,0.08641,57.0,0.08639,66.0,0.08646,33.0,0.08647,296.0
1753531896531,12:11:36.531,BMT/USDT:USDT,0.08641,57.0,0.08639,67.0,0.08644,18.0,0.08645,296.0
1753531896582,12:11:36.582,BMT/USDT:USDT,0.08641,57.0,0.08639,66.0,0.08644,33.0,0.08645,296.0
1753531896683,12:11:36.683,BMT/USDT:USDT,0.08641,57.0,0.08639,66.0,0.08644,321.0,0.08645,296.0
1753531896893,12:11:36.893,BMT/USDT:USDT,0.08641,57.0,0.08639,66.0,0.08644,321.0,0.08645,296.0
1753531897116,12:11:37.116,BMT/USDT:USDT,0.08641,57.0,0.08639,66.0,0.08643,296.0,0.08644,329.0
1753531897182,12:11:37.182,BMT/USDT:USDT,0.08641,57.0,0.08639,66.0,0.08643,296.0,0.08644,314.0
1753531897319,12:11:37.319,BMT/USDT:USDT,0.08641,57.0,0.08639,66.0,0.08643,296.0,0.08644,314.0
1753531897535,12:11:37.535,BMT/USDT:USDT,0.08641,57.0,0.08639,66.0,0.08643,296.0,0.08644,322.0
1753531897626,12:11:37.626,BMT/USDT:USDT,0.08641,57.0,0.08639,66.0,0.08643,296.0,0.08644,322.0
1753531897740,12:11:37.740,BMT/USDT:USDT,0.08641,57.0,0.08639,66.0,0.08643,296.0,0.08644,322.0
1753531897882,12:11:37.882,BMT/USDT:USDT,0.08641,57.0,0.08639,66.0,0.08643,296.0,0.08644,322.0
1753531898164,12:11:38.164,BMT/USDT:USDT,0.08641,57.0,0.08639,66.0,0.08643,296.0,0.08644,314.0
1753531898988,12:11:38.988,BMT/USDT:USDT,0.08641,57.0,0.08639,66.0,0.08643,296.0,0.08644,314.0
1753531902136,12:11:42.136,BMT/USDT:USDT,0.08641,57.0,0.0864,8.0,0.08643,296.0,0.08644,322.0
1753531902427,12:11:42.427,BMT/USDT:USDT,0.08641,57.0,0.0864,8.0,0.08643,296.0,0.08644,322.0
1753531903029,12:11:43.029,BMT/USDT:USDT,0.08641,57.0,0.0864,8.0,0.08643,288.0,0.08644,314.0
1753531903074,12:11:43.074,BMT/USDT:USDT,0.08641,57.0,0.0864,8.0,0.08643,288.0,0.08644,306.0
1753531903919,12:11:43.919,BMT/USDT:USDT,0.08641,73.0,0.0864,8.0,0.08643,288.0,0.08644,306.0
1753531906334,12:11:46.334,BMT/USDT:USDT,0.08642,57.0,0.08639,66.0,0.08644,306.0,0.08647,296.0
1753531906377,12:11:46.377,BMT/USDT:USDT,0.08642,65.0,0.0864,66.0,0.08644,306.0,0.08647,296.0
1753531906478,12:11:46.478,BMT/USDT:USDT,0.08642,65.0,0.0864,66.0,0.08644,306.0,0.08647,296.0
1753531906754,12:11:46.754,BMT/USDT:USDT,0.08642,65.0,0.0864,66.0,0.08644,306.0,0.08647,296.0
1753531907231,12:11:47.231,BMT/USDT:USDT,0.08642,57.0,0.0864,66.0,0.08644,306.0,0.08647,296.0
1753531908054,12:11:48.054,BMT/USDT:USDT,0.08642,57.0,0.0864,66.0,0.08644,306.0,0.08647,296.0
1753531908407,12:11:48.407,BMT/USDT:USDT,0.08642,57.0,0.0864,66.0,0.08644,306.0,0.08647,296.0
1753531909555,12:11:49.555,BMT/USDT:USDT,0.08643,57.0,0.08642,73.0,0.08646,18.0,0.08647,296.0
1753531909653,12:11:49.653,BMT/USDT:USDT,0.0864,67.0,0.08639,814.0,0.08646,33.0,0.08647,296.0
1753531909737,12:11:49.737,BMT/USDT:USDT,0.0864,67.0,0.08639,174.0,0.08645,300.0,0.08646,33.0
1753531909870,12:11:49.870,BMT/USDT:USDT,0.08643,57.0,0.08642,16.0,0.08644,15.0,0.08645,300.0
1753531909875,12:11:49.875,BMT/USDT:USDT,0.08643,57.0,0.08642,16.0,0.08644,15.0,0.08645,300.0
1753531910067,12:11:50.067,BMT/USDT:USDT,0.08643,57.0,0.08642,16.0,0.08644,15.0,0.08645,300.0
1753531910072,12:11:50.072,BMT/USDT:USDT,0.08643,57.0,0.08642,16.0,0.08644,15.0,0.08645,300.0
1753531910699,12:11:50.699,BMT/USDT:USDT,0.08643,57.0,0.08642,16.0,0.08644,15.0,0.08645,300.0
1753531910928,12:11:50.928,BMT/USDT:USDT,0.08643,57.0,0.08642,16.0,0.08644,15.0,0.08645,300.0
1753531910989,12:11:50.989,BMT/USDT:USDT,0.08642,16.0,0.0864,67.0,0.08644,15.0,0.08645,300.0
1753531911372,12:11:51.372,BMT/USDT:USDT,0.08642,16.0,0.0864,67.0,0.08644,15.0,0.08645,300.0
1753531911858,12:11:51.858,BMT/USDT:USDT,0.08643,57.0,0.08642,16.0,0.08644,15.0,0.08646,18.0
1753531911899,12:11:51.899,BMT/USDT:USDT,0.08643,57.0,0.08642,16.0,0.08646,33.0,0.08647,296.0
1753531912027,12:11:52.027,BMT/USDT:USDT,0.08643,57.0,0.08642,16.0,0.08646,33.0,0.08647,296.0
1753531912197,12:11:52.197,BMT/USDT:USDT,0.08643,57.0,0.08642,16.0,0.08646,33.0,0.08647,296.0
1753531912316,12:11:52.316,BMT/USDT:USDT,0.08643,57.0,0.08642,16.0,0.08646,33.0,0.08647,296.0
1753531912838,12:11:52.838,BMT/USDT:USDT,0.08643,57.0,0.08642,16.0,0.08646,33.0,0.08647,296.0
1753531913129,12:11:53.129,BMT/USDT:USDT,0.08642,16.0,0.0864,67.0,0.08646,33.0,0.08647,296.0
1753531913231,12:11:53.231,BMT/USDT:USDT,0.08642,16.0,0.0864,67.0,0.08646,33.0,0.08647,296.0
1753531913384,12:11:53.384,BMT/USDT:USDT,0.08643,57.0,0.08642,16.0,0.08645,300.0,0.08646,33.0
1753531913537,12:11:53.537,BMT/USDT:USDT,0.08642,8.0,0.0864,67.0,0.08645,300.0,0.08646,18.0
1753531913581,12:11:53.581,BMT/USDT:USDT,0.08642,8.0,0.08641,8.0,0.08644,15.0,0.08645,300.0
1753531913920,12:11:53.920,BMT/USDT:USDT,0.08642,8.0,0.08641,8.0,0.08644,15.0,0.08645,300.0
1753531914155,12:11:54.155,BMT/USDT:USDT,0.08642,8.0,0.08641,8.0,0.08644,15.0,0.08645,300.0
1753531914257,12:11:54.257,BMT/USDT:USDT,0.0864,1.0,0.08639,814.0,0.08644,15.0,0.08645,300.0
1753531914353,12:11:54.353,BMT/USDT:USDT,0.08642,57.0,0.0864,75.0,0.08644,15.0,0.08645,300.0
1753531914405,12:11:54.405,BMT/USDT:USDT,0.08642,57.0,0.0864,75.0,0.08644,15.0,0.08645,300.0
1753531914761,12:11:54.761,BMT/USDT:USDT,0.08642,57.0,0.0864,75.0,0.08644,15.0,0.08645,308.0
1753531914854,12:11:54.854,BMT/USDT:USDT,0.08642,57.0,0.0864,75.0,0.08644,315.0,0.08645,308.0
1753531914878,12:11:54.878,BMT/USDT:USDT,0.08642,57.0,0.0864,75.0,0.08644,300.0,0.08645,308.0
1753531915177,12:11:55.177,BMT/USDT:USDT,0.08642,57.0,0.0864,75.0,0.08644,300.0,0.08645,308.0
1753531915654,12:11:55.654,BMT/USDT:USDT,0.08643,57.0,0.08642,8.0,0.08645,300.0,0.08646,26.0
1753531915676,12:11:55.676,BMT/USDT:USDT,0.08643,57.0,0.08642,8.0,0.08645,300.0,0.08646,26.0
1753531916023,12:11:56.023,BMT/USDT:USDT,0.08643,57.0,0.08642,8.0,0.08645,300.0,0.08646,26.0
1753531916296,12:11:56.296,BMT/USDT:USDT,0.08643,57.0,0.0864,67.0,0.08645,300.0,0.08646,26.0
1753531916856,12:11:56.856,BMT/USDT:USDT,0.08643,57.0,0.0864,67.0,0.08645,300.0,0.08646,26.0
1753531917036,12:11:57.036,BMT/USDT:USDT,0.08643,57.0,0.08642,8.0,0.08645,300.0,0.08646,26.0
1753531918082,12:11:58.082,BMT/USDT:USDT,0.08643,57.0,0.08642,8.0,0.08645,300.0,0.08646,26.0
1753531919637,12:11:59.637,BMT/USDT:USDT,0.08643,57.0,0.08642,8.0,0.08645,300.0,0.08646,26.0
1753531920308,12:12:00.308,BMT/USDT:USDT,0.08643,57.0,0.08642,8.0,0.08645,300.0,0.08646,26.0
1753531921628,12:12:01.628,BMT/USDT:USDT,0.08643,57.0,0.08642,8.0,0.08645,300.0,0.08646,26.0
1753531921729,12:12:01.729,BMT/USDT:USDT,0.08643,57.0,0.08642,8.0,0.08645,300.0,0.08646,26.0
1753531924868,12:12:04.868,BMT/USDT:USDT,0.08643,65.0,0.0864,67.0,0.08645,300.0,0.08646,18.0
1753531925210,12:12:05.210,BMT/USDT:USDT,0.08643,65.0,0.0864,67.0,0.08645,300.0,0.08646,18.0
1753531925274,12:12:05.274,BMT/USDT:USDT,0.08643,57.0,0.0864,67.0,0.08645,300.0,0.08646,18.0
1753531925429,12:12:05.429,BMT/USDT:USDT,0.08643,57.0,0.0864,67.0,0.08645,300.0,0.08646,18.0
1753531926169,12:12:06.169,BMT/USDT:USDT,0.08643,57.0,0.0864,67.0,0.08645,300.0,0.08646,18.0
1753531926339,12:12:06.339,BMT/USDT:USDT,0.08643,57.0,0.0864,67.0,0.08645,308.0,0.08646,18.0
1753531926427,12:12:06.427,BMT/USDT:USDT,0.08643,57.0,0.0864,67.0,0.08645,308.0,0.08646,18.0
1753531926758,12:12:06.758,BMT/USDT:USDT,0.08643,57.0,0.0864,67.0,0.08645,300.0,0.08646,18.0
1753531926909,12:12:06.909,BMT/USDT:USDT,0.08643,57.0,0.0864,67.0,0.08645,308.0,0.08646,18.0
1753531927365,12:12:07.365,BMT/USDT:USDT,0.08643,57.0,0.0864,67.0,0.08645,300.0,0.08646,18.0
1753531929302,12:12:09.302,BMT/USDT:USDT,0.08643,65.0,0.0864,67.0,0.08645,300.0,0.08646,18.0
1753531930245,12:12:10.245,BMT/USDT:USDT,0.08643,65.0,0.0864,67.0,0.08645,308.0,0.08646,18.0
1753531930271,12:12:10.271,BMT/USDT:USDT,0.08643,65.0,0.0864,67.0,0.08644,300.0,0.08645,308.0
1753531930461,12:12:10.461,BMT/USDT:USDT,0.08643,65.0,0.0864,67.0,0.08644,315.0,0.08645,308.0
1753531930568,12:12:10.568,BMT/USDT:USDT,0.08643,57.0,0.08642,8.0,0.08644,315.0,0.08645,308.0
1753531930650,12:12:10.650,BMT/USDT:USDT,0.08643,57.0,0.08642,8.0,0.08644,315.0,0.08645,300.0
1753531930868,12:12:10.868,BMT/USDT:USDT,0.0864,1.0,0.08634,292.0,0.08641,318.0,0.08642,308.0
1753531930954,12:12:10.954,BMT/USDT:USDT,0.08636,57.0,0.08635,1.0,0.0864,326.0,0.08641,308.0
1753531931069,12:12:11.069,BMT/USDT:USDT,0.08637,1.0,0.08634,358.0,0.08639,15.0,0.0864,326.0
1753531931094,12:12:11.094,BMT/USDT:USDT,0.08635,1.0,0.08634,292.0,0.08639,15.0,0.0864,318.0
1753531931254,12:12:11.254,BMT/USDT:USDT,0.08637,57.0,0.08635,9.0,0.08639,15.0,0.0864,334.0
1753531931284,12:12:11.284,BMT/USDT:USDT,0.08637,57.0,0.08635,74.0,0.08639,15.0,0.0864,334.0
1753531931509,12:12:11.509,BMT/USDT:USDT,0.08637,57.0,0.08635,74.0,0.08639,15.0,0.0864,334.0
1753531931992,12:12:11.992,BMT/USDT:USDT,0.08637,57.0,0.08635,74.0,0.08639,15.0,0.0864,334.0
1753531932090,12:12:12.090,BMT/USDT:USDT,0.08637,57.0,0.08635,74.0,0.08639,15.0,0.0864,334.0
1753531932537,12:12:12.537,BMT/USDT:USDT,0.08637,57.0,0.08635,74.0,0.08639,15.0,0.0864,334.0
1753531932581,12:12:12.581,BMT/USDT:USDT,0.08635,74.0,0.08633,1106.0,0.08639,15.0,0.0864,326.0
1753531932755,12:12:12.755,BMT/USDT:USDT,0.08636,1.0,0.08635,8.0,0.08639,15.0,0.0864,334.0
1753531932855,12:12:12.855,BMT/USDT:USDT,0.08636,1.0,0.08635,8.0,0.08639,15.0,0.0864,334.0
1753531933252,12:12:13.252,BMT/USDT:USDT,0.08636,1.0,0.08635,8.0,0.08639,15.0,0.0864,334.0
1753531933364,12:12:13.364,BMT/USDT:USDT,0.08636,1.0,0.08635,8.0,0.08638,300.0,0.08639,315.0
1753531933435,12:12:13.435,BMT/USDT:USDT,0.08636,1.0,0.08635,8.0,0.08638,474.0,0.08639,300.0
1753531933669,12:12:13.669,BMT/USDT:USDT,0.08636,1.0,0.08635,8.0,0.08638,474.0,0.08639,300.0
1753531933757,12:12:13.757,BMT/USDT:USDT,0.08636,1.0,0.08635,8.0,0.08639,300.0,0.0864,334.0
1753531933779,12:12:13.779,BMT/USDT:USDT,0.08636,1.0,0.08635,8.0,0.08638,8.0,0.08639,300.0
1753531933878,12:12:13.878,BMT/USDT:USDT,0.08636,1.0,0.08635,8.0,0.08638,15.0,0.08639,300.0
1753531934137,12:12:14.137,BMT/USDT:USDT,0.08636,1.0,0.08635,8.0,0.08638,15.0,0.08639,300.0
1753531934933,12:12:14.933,BMT/USDT:USDT,0.08636,1.0,0.08635,8.0,0.08638,15.0,0.08639,300.0
1753531935001,12:12:15.001,BMT/USDT:USDT,0.08636,1.0,0.08635,8.0,0.08638,15.0,0.08639,300.0
1753531935106,12:12:15.106,BMT/USDT:USDT,0.08636,1.0,0.08635,8.0,0.08638,15.0,0.08639,300.0
1753531935462,12:12:15.462,BMT/USDT:USDT,0.08637,57.0,0.08636,1.0,0.08638,15.0,0.0864,318.0
1753531935509,12:12:15.509,BMT/USDT:USDT,0.08638,57.0,0.08637,8.0,0.08639,15.0,0.08641,18.0
1753531935666,12:12:15.666,BMT/USDT:USDT,0.08638,57.0,0.08637,8.0,0.0864,15.0,0.08641,26.0
1753531935813,12:12:15.813,BMT/USDT:USDT,0.08638,57.0,0.08637,8.0,0.0864,15.0,0.08641,26.0
1753531936028,12:12:16.028,BMT/USDT:USDT,0.08638,57.0,0.08637,8.0,0.0864,15.0,0.08641,26.0
1753531936234,12:12:16.234,BMT/USDT:USDT,0.08638,57.0,0.08637,8.0,0.0864,15.0,0.08641,26.0
1753531936364,12:12:16.364,BMT/USDT:USDT,0.08638,57.0,0.08637,8.0,0.0864,15.0,0.08641,26.0
1753531936402,12:12:16.402,BMT/USDT:USDT,0.08638,57.0,0.08637,8.0,0.0864,15.0,0.08641,26.0
1753531936567,12:12:16.567,BMT/USDT:USDT,0.08638,57.0,0.08636,66.0,0.0864,15.0,0.08641,34.0
1753531936838,12:12:16.838,BMT/USDT:USDT,0.08638,57.0,0.08636,66.0,0.0864,15.0,0.08641,34.0
1753531937062,12:12:17.062,BMT/USDT:USDT,0.08638,57.0,0.08636,66.0,0.0864,15.0,0.08641,34.0
1753531937333,12:12:17.333,BMT/USDT:USDT,0.08636,74.0,0.08635,8.0,0.0864,15.0,0.08641,34.0
1753531937471,12:12:17.471,BMT/USDT:USDT,0.08638,57.0,0.08637,1.0,0.0864,15.0,0.08641,34.0
1753531937550,12:12:17.550,BMT/USDT:USDT,0.08638,57.0,0.08636,74.0,0.0864,15.0,0.08641,34.0
1753531937891,12:12:17.891,BMT/USDT:USDT,0.08638,57.0,0.08636,74.0,0.0864,15.0,0.08641,34.0
1753531938514,12:12:18.514,BMT/USDT:USDT,0.08638,57.0,0.08636,74.0,0.0864,15.0,0.08643,300.0
1753531938654,12:12:18.654,BMT/USDT:USDT,0.08638,65.0,0.08636,66.0,0.08641,318.0,0.08642,15.0
1753531938708,12:12:18.708,BMT/USDT:USDT,0.08638,65.0,0.08636,66.0,0.0864,8.0,0.08641,318.0
1753531938778,12:12:18.778,BMT/USDT:USDT,0.08638,65.0,0.08636,66.0,0.0864,15.0,0.08641,318.0
1753531939125,12:12:19.125,BMT/USDT:USDT,0.08638,65.0,0.08636,66.0,0.0864,15.0,0.08641,318.0
1753531939422,12:12:19.422,BMT/USDT:USDT,0.08638,57.0,0.08636,66.0,0.0864,15.0,0.08641,318.0
1753531939605,12:12:19.605,BMT/USDT:USDT,0.08638,57.0,0.08637,8.0,0.0864,15.0,0.08641,318.0
1753531939944,12:12:19.944,BMT/USDT:USDT,0.08638,57.0,0.08637,8.0,0.0864,15.0,0.08641,318.0
1753531940630,12:12:20.630,BMT/USDT:USDT,0.08638,57.0,0.08637,8.0,0.0864,15.0,0.08641,318.0
1753531940763,12:12:20.763,BMT/USDT:USDT,0.08638,57.0,0.08637,8.0,0.0864,15.0,0.08641,318.0
1753531940828,12:12:20.828,BMT/USDT:USDT,0.08638,57.0,0.08637,8.0,0.0864,15.0,0.08641,318.0
1753531941178,12:12:21.178,BMT/USDT:USDT,0.08638,57.0,0.08637,8.0,0.0864,15.0,0.08641,318.0
1753531941880,12:12:21.880,BMT/USDT:USDT,0.08638,57.0,0.08637,8.0,0.0864,15.0,0.08641,318.0
1753531942046,12:12:22.046,BMT/USDT:USDT,0.08638,57.0,0.08637,8.0,0.0864,15.0,0.08641,318.0
1753531942547,12:12:22.547,BMT/USDT:USDT,0.08638,57.0,0.08637,8.0,0.0864,15.0,0.08641,318.0
1753531943177,12:12:23.177,BMT/USDT:USDT,0.08638,57.0,0.08637,16.0,0.0864,15.0,0.08641,318.0
1753531944223,12:12:24.223,BMT/USDT:USDT,0.08639,57.0,0.08638,57.0,0.0864,15.0,0.08645,300.0
1753531944338,12:12:24.338,BMT/USDT:USDT,0.08639,57.0,0.08638,57.0,0.08642,320.0,0.08643,310.0
1753531944411,12:12:24.411,BMT/USDT:USDT,0.08639,57.0,0.08638,57.0,0.08641,8.0,0.08642,320.0
1753531944479,12:12:24.479,BMT/USDT:USDT,0.08639,57.0,0.08638,57.0,0.08641,15.0,0.08642,320.0
1753531944867,12:12:24.867,BMT/USDT:USDT,0.08639,57.0,0.08637,8.0,0.08641,15.0,0.08642,320.0
1753531944898,12:12:24.898,BMT/USDT:USDT,0.08639,57.0,0.08637,8.0,0.08641,23.0,0.08642,328.0
1753531944978,12:12:24.978,BMT/USDT:USDT,0.08639,57.0,0.08637,8.0,0.08641,8.0,0.08642,328.0
1753531945248,12:12:25.248,BMT/USDT:USDT,0.08639,57.0,0.08637,8.0,0.08641,8.0,0.08642,328.0
1753531945464,12:12:25.464,BMT/USDT:USDT,0.0864,57.0,0.08639,65.0,0.08642,320.0,0.08643,302.0
1753531945552,12:12:25.552,BMT/USDT:USDT,0.08641,57.0,0.08639,8.0,0.08642,18.0,0.08643,310.0
1753531945668,12:12:25.668,BMT/USDT:USDT,0.08641,57.0,0.0864,1.0,0.08642,8.0,0.08643,320.0
1753531945697,12:12:25.697,BMT/USDT:USDT,0.08641,57.0,0.0864,9.0,0.08642,8.0,0.08643,320.0
1753531945802,12:12:25.802,BMT/USDT:USDT,0.08641,57.0,0.0864,8.0,0.08642,8.0,0.08643,320.0
1753531945894,12:12:25.894,BMT/USDT:USDT,0.08641,57.0,0.0864,8.0,0.08642,8.0,0.08643,320.0
1753531946000,12:12:26.000,BMT/USDT:USDT,0.08641,57.0,0.0864,8.0,0.08642,8.0,0.08643,320.0
1753531946142,12:12:26.142,BMT/USDT:USDT,0.08641,57.0,0.0864,8.0,0.08642,8.0,0.08643,320.0
1753531947036,12:12:27.036,BMT/USDT:USDT,0.08641,57.0,0.0864,8.0,0.08642,8.0,0.08643,320.0
1753531947226,12:12:27.226,BMT/USDT:USDT,0.08641,57.0,0.0864,8.0,0.08642,8.0,0.08643,320.0
1753531947376,12:12:27.376,BMT/USDT:USDT,0.08641,57.0,0.0864,8.0,0.08642,8.0,0.08643,320.0
1753531948208,12:12:28.208,BMT/USDT:USDT,0.08641,57.0,0.0864,8.0,0.08642,8.0,0.08643,320.0
1753531948623,12:12:28.623,BMT/USDT:USDT,0.08641,57.0,0.0864,8.0,0.08642,8.0,0.08643,320.0
1753531949035,12:12:29.035,BMT/USDT:USDT,0.08641,57.0,0.0864,8.0,0.08642,8.0,0.08643,320.0
1753531950237,12:12:30.237,BMT/USDT:USDT,0.08641,57.0,0.0864,8.0,0.08642,8.0,0.08643,320.0
1753531950429,12:12:30.429,BMT/USDT:USDT,0.08641,57.0,0.0864,8.0,0.08642,8.0,0.08643,320.0
1753531950541,12:12:30.541,BMT/USDT:USDT,0.08641,57.0,0.0864,8.0,0.08642,8.0,0.08643,320.0
1753531950659,12:12:30.659,BMT/USDT:USDT,0.08641,57.0,0.0864,16.0,0.08642,8.0,0.08643,320.0
1753531951164,12:12:31.164,BMT/USDT:USDT,0.08641,57.0,0.0864,8.0,0.08642,8.0,0.08643,320.0
1753531951314,12:12:31.314,BMT/USDT:USDT,0.08641,57.0,0.08639,66.0,0.08642,8.0,0.08643,302.0
1753531951380,12:12:31.380,BMT/USDT:USDT,0.08641,57.0,0.0864,1.0,0.08642,8.0,0.08643,302.0
1753531951511,12:12:31.511,BMT/USDT:USDT,0.08641,57.0,0.0864,1.0,0.08642,8.0,0.08643,302.0
1753531952167,12:12:32.167,BMT/USDT:USDT,0.0864,1.0,0.08639,66.0,0.08642,8.0,0.08643,310.0
1753531952195,12:12:32.195,BMT/USDT:USDT,0.0864,1.0,0.08634,300.0,0.08642,319.0,0.08643,302.0
1753531952354,12:12:32.354,BMT/USDT:USDT,0.08635,1.0,0.08634,318.0,0.08646,18.0,0.08647,296.0
1753531952459,12:12:32.459,BMT/USDT:USDT,0.08635,297.0,0.08634,318.0,0.08643,296.0,0.08644,314.0
1753531952507,12:12:32.507,BMT/USDT:USDT,0.08635,297.0,0.08634,300.0,0.08642,311.0,0.08643,296.0
1753531952617,12:12:32.617,BMT/USDT:USDT,0.08635,297.0,0.08634,300.0,0.08642,311.0,0.08643,296.0
1753531952762,12:12:32.762,BMT/USDT:USDT,0.08635,297.0,0.08634,300.0,0.08642,311.0,0.08643,296.0
1753531953191,12:12:33.191,BMT/USDT:USDT,0.08635,297.0,0.08634,300.0,0.08642,311.0,0.08643,296.0
1753531953442,12:12:33.442,BMT/USDT:USDT,0.08635,297.0,0.08634,300.0,0.08641,296.0,0.08642,329.0
1753531953478,12:12:33.478,BMT/USDT:USDT,0.08635,297.0,0.08634,300.0,0.0864,15.0,0.08641,296.0
1753531953628,12:12:33.628,BMT/USDT:USDT,0.08635,305.0,0.08634,300.0,0.0864,15.0,0.08641,296.0
1753531954043,12:12:34.043,BMT/USDT:USDT,0.08635,305.0,0.08634,300.0,0.0864,15.0,0.08641,296.0
1753531954470,12:12:34.470,BMT/USDT:USDT,0.08641,57.0,0.0864,85.0,0.08646,18.0,0.08647,296.0
1753531954541,12:12:34.541,BMT/USDT:USDT,0.08642,16.0,0.0864,66.0,0.08646,59.0,0.08647,296.0
1753531954647,12:12:34.647,BMT/USDT:USDT,0.08642,57.0,0.08641,16.0,0.08644,18.0,0.08645,296.0
1753531954765,12:12:34.765,BMT/USDT:USDT,0.08642,57.0,0.0864,66.0,0.08645,314.0,0.08646,41.0
1753531954781,12:12:34.781,BMT/USDT:USDT,0.08643,8.0,0.0864,66.0,0.08645,314.0,0.08646,41.0
1753531954901,12:12:34.901,BMT/USDT:USDT,0.08641,16.0,0.08638,296.0,0.08645,314.0,0.08646,41.0
1753531955065,12:12:35.065,BMT/USDT:USDT,0.08639,24.0,0.08638,296.0,0.08645,314.0,0.08646,41.0
1753531955167,12:12:35.167,BMT/USDT:USDT,0.08642,57.0,0.0864,66.0,0.08645,314.0,0.08646,41.0
1753531955229,12:12:35.229,BMT/USDT:USDT,0.08643,8.0,0.0864,66.0,0.08645,314.0,0.08646,41.0
1753531955331,12:12:35.331,BMT/USDT:USDT,0.08641,16.0,0.08639,66.0,0.08645,314.0,0.08646,41.0
1753531955427,12:12:35.427,BMT/USDT:USDT,0.0864,16.0,0.08638,362.0,0.08645,314.0,0.08646,41.0
1753531955569,12:12:35.569,BMT/USDT:USDT,0.08642,57.0,0.08639,16.0,0.08645,314.0,0.08646,41.0
1753531955634,12:12:35.634,BMT/USDT:USDT,0.08643,8.0,0.0864,66.0,0.08645,314.0,0.08646,41.0
1753531955768,12:12:35.768,BMT/USDT:USDT,0.08644,57.0,0.08641,312.0,0.08645,18.0,0.08646,41.0
1753531955868,12:12:35.868,BMT/USDT:USDT,0.08644,57.0,0.08642,66.0,0.08646,59.0,0.08647,296.0
1753531955910,12:12:35.910,BMT/USDT:USDT,0.08644,57.0,0.08642,66.0,0.08646,59.0,0.08647,296.0
1753531956208,12:12:36.208,BMT/USDT:USDT,0.08644,57.0,0.08642,66.0,0.08646,59.0,0.08647,296.0
1753531956951,12:12:36.951,BMT/USDT:USDT,0.08644,57.0,0.08642,66.0,0.08646,18.0,0.08647,296.0
1753531957036,12:12:37.036,BMT/USDT:USDT,0.08644,57.0,0.08642,66.0,0.08646,18.0,0.08647,296.0
1753531957358,12:12:37.358,BMT/USDT:USDT,0.08644,57.0,0.08642,66.0,0.08646,18.0,0.08647,296.0
1753531957770,12:12:37.770,BMT/USDT:USDT,0.08644,57.0,0.08642,66.0,0.08646,18.0,0.08647,296.0
1753531957946,12:12:37.946,BMT/USDT:USDT,0.08644,57.0,0.08642,66.0,0.08647,314.0,0.08648,340.0
1753531958030,12:12:38.030,BMT/USDT:USDT,0.08645,8.0,0.08643,66.0,0.08646,314.0,0.08647,296.0
1753531958114,12:12:38.114,BMT/USDT:USDT,0.08644,16.0,0.08642,66.0,0.08646,314.0,0.08647,296.0
1753531958252,12:12:38.252,BMT/USDT:USDT,0.08643,16.0,0.0864,362.0,0.08646,314.0,0.08647,296.0
1753531958349,12:12:38.349,BMT/USDT:USDT,0.08641,24.0,0.0864,296.0,0.08646,314.0,0.08647,296.0
1753531958401,12:12:38.401,BMT/USDT:USDT,0.08641,24.0,0.0864,296.0,0.08646,314.0,0.08647,296.0
1753531958674,12:12:38.674,BMT/USDT:USDT,0.08641,24.0,0.0864,296.0,0.08646,314.0,0.08647,296.0
1753531959131,12:12:39.131,BMT/USDT:USDT,0.08641,24.0,0.08639,240.0,0.08645,290.0,0.08646,314.0
1753531959533,12:12:39.533,BMT/USDT:USDT,0.08641,24.0,0.08639,240.0,0.08645,290.0,0.08646,314.0
1753531960029,12:12:40.029,BMT/USDT:USDT,0.08641,24.0,0.08639,240.0,0.08645,290.0,0.08646,314.0
1753531960352,12:12:40.352,BMT/USDT:USDT,0.08641,24.0,0.08639,240.0,0.08645,290.0,0.08646,314.0
1753531960391,12:12:40.391,BMT/USDT:USDT,0.08641,24.0,0.08639,240.0,0.08645,290.0,0.08646,314.0
1753531961635,12:12:41.635,BMT/USDT:USDT,0.08641,24.0,0.08639,240.0,0.08645,290.0,0.08646,314.0
1753531963095,12:12:43.095,BMT/USDT:USDT,0.08641,24.0,0.08639,240.0,0.08645,290.0,0.08646,314.0
1753531963184,12:12:43.184,BMT/USDT:USDT,0.08641,24.0,0.08639,240.0,0.08645,290.0,0.08646,314.0
1753531964013,12:12:44.013,BMT/USDT:USDT,0.08641,24.0,0.08639,240.0,0.08645,290.0,0.08646,314.0
1753531964132,12:12:44.132,BMT/USDT:USDT,0.08641,24.0,0.08639,240.0,0.08645,290.0,0.08646,314.0
1753531964835,12:12:44.835,BMT/USDT:USDT,0.08641,24.0,0.08639,240.0,0.08645,290.0,0.08646,314.0
1753531965243,12:12:45.243,BMT/USDT:USDT,0.08641,24.0,0.08639,240.0,0.08645,290.0,0.08646,314.0
1753531968871,12:12:48.871,BMT/USDT:USDT,0.08641,24.0,0.08639,240.0,0.08645,290.0,0.08646,314.0
1753531969285,12:12:49.285,BMT/USDT:USDT,0.08641,24.0,0.08639,240.0,0.08645,290.0,0.08646,314.0
1753531969630,12:12:49.630,BMT/USDT:USDT,0.08641,24.0,0.08639,240.0,0.08645,290.0,0.08646,314.0
1753531969941,12:12:49.941,BMT/USDT:USDT,0.08641,24.0,0.08639,240.0,0.08645,290.0,0.08646,314.0
1753531970441,12:12:50.441,BMT/USDT:USDT,0.08641,24.0,0.08639,240.0,0.08645,290.0,0.08646,314.0
1753531970762,12:12:50.762,BMT/USDT:USDT,0.08641,24.0,0.08639,240.0,0.08645,290.0,0.08646,314.0
1753531974432,12:12:54.432,BMT/USDT:USDT,0.08641,24.0,0.08639,240.0,0.08645,290.0,0.08646,314.0
1753531974662,12:12:54.662,BMT/USDT:USDT,0.08641,24.0,0.08639,240.0,0.08645,290.0,0.08646,314.0
1753531974767,12:12:54.767,BMT/USDT:USDT,0.08641,24.0,0.08639,240.0,0.08645,290.0,0.08646,314.0
1753531974954,12:12:54.954,BMT/USDT:USDT,0.08641,16.0,0.08639,240.0,0.08644,298.0,0.08645,349.0
1753531975014,12:12:55.014,BMT/USDT:USDT,0.0864,16.0,0.08639,174.0,0.08644,298.0,0.08645,349.0
1753531975367,12:12:55.367,BMT/USDT:USDT,0.0864,16.0,0.08639,174.0,0.08644,298.0,0.08645,349.0
1753531975666,12:12:55.666,BMT/USDT:USDT,0.0864,24.0,0.08639,174.0,0.08644,298.0,0.08645,349.0
1753531975771,12:12:55.771,BMT/USDT:USDT,0.08641,57.0,0.0864,24.0,0.08644,298.0,0.08645,349.0
1753531975824,12:12:55.824,BMT/USDT:USDT,0.08642,8.0,0.0864,74.0,0.08644,298.0,0.08645,349.0
1753531975932,12:12:55.932,BMT/USDT:USDT,0.08641,16.0,0.0864,8.0,0.08644,298.0,0.08645,349.0
1753531976207,12:12:56.207,BMT/USDT:USDT,0.08641,16.0,0.0864,8.0,0.08644,298.0,0.08645,349.0
1753531977064,12:12:57.064,BMT/USDT:USDT,0.08641,16.0,0.0864,8.0,0.08644,298.0,0.08645,308.0
1753531977441,12:12:57.441,BMT/USDT:USDT,0.08641,16.0,0.0864,8.0,0.08644,298.0,0.08645,308.0
1753531978265,12:12:58.265,BMT/USDT:USDT,0.08641,16.0,0.08639,240.0,0.08644,339.0,0.08645,308.0
1753531978317,12:12:58.317,BMT/USDT:USDT,0.0864,16.0,0.08639,174.0,0.08644,339.0,0.08645,308.0
1753531979234,12:12:59.234,BMT/USDT:USDT,0.0864,16.0,0.08639,174.0,0.08644,298.0,0.08645,308.0
1753531980171,12:13:00.171,BMT/USDT:USDT,0.0864,16.0,0.08639,174.0,0.08644,339.0,0.08645,308.0
1753531980229,12:13:00.229,BMT/USDT:USDT,0.0864,16.0,0.08639,174.0,0.08643,294.0,0.08644,339.0
1753531980289,12:13:00.289,BMT/USDT:USDT,0.0864,16.0,0.08639,174.0,0.08643,294.0,0.08644,339.0
1753531981166,12:13:01.166,BMT/USDT:USDT,0.0864,24.0,0.08639,174.0,0.08643,294.0,0.08644,339.0
1753531981213,12:13:01.213,BMT/USDT:USDT,0.08642,57.0,0.0864,16.0,0.08644,339.0,0.08645,308.0
1753531981326,12:13:01.326,BMT/USDT:USDT,0.08642,57.0,0.0864,74.0,0.08644,339.0,0.08645,308.0
1753531981391,12:13:01.391,BMT/USDT:USDT,0.08642,57.0,0.0864,74.0,0.08644,339.0,0.08645,308.0
1753531981532,12:13:01.532,BMT/USDT:USDT,0.08642,57.0,0.0864,74.0,0.08644,339.0,0.08645,308.0
1753531982359,12:13:02.359,BMT/USDT:USDT,0.08642,57.0,0.0864,66.0,0.08644,339.0,0.08645,308.0
1753531982772,12:13:02.772,BMT/USDT:USDT,0.08642,57.0,0.0864,66.0,0.08644,339.0,0.08645,308.0
1753531982953,12:13:02.953,BMT/USDT:USDT,0.08642,57.0,0.0864,66.0,0.08644,339.0,0.08645,316.0
1753531983171,12:13:03.171,BMT/USDT:USDT,0.08639,174.0,0.08637,294.0,0.08643,294.0,0.08644,357.0
1753531983194,12:13:03.194,BMT/USDT:USDT,0.0864,16.0,0.08639,174.0,0.08643,294.0,0.08644,357.0
1753531983351,12:13:03.351,BMT/USDT:USDT,0.0864,16.0,0.08639,174.0,0.08643,294.0,0.08644,357.0
1753531984030,12:13:04.030,BMT/USDT:USDT,0.0864,16.0,0.08639,174.0,0.08643,294.0,0.08644,357.0
1753531984407,12:13:04.407,BMT/USDT:USDT,0.0864,16.0,0.08639,174.0,0.08643,294.0,0.08644,357.0
1753531987358,12:13:07.358,BMT/USDT:USDT,0.0864,16.0,0.08639,174.0,0.08643,294.0,0.08644,357.0
1753531987665,12:13:07.665,BMT/USDT:USDT,0.0864,16.0,0.08639,174.0,0.08643,294.0,0.08644,357.0
1753531987759,12:13:07.759,BMT/USDT:USDT,0.0864,16.0,0.08639,174.0,0.08643,294.0,0.08644,316.0
1753531988656,12:13:08.656,BMT/USDT:USDT,0.08642,57.0,0.0864,24.0,0.08645,331.0,0.08647,296.0
1753531988743,12:13:08.743,BMT/USDT:USDT,0.08644,57.0,0.08643,8.0,0.08647,314.0,0.08648,299.0
1753531988830,12:13:08.830,BMT/USDT:USDT,0.08646,57.0,0.08645,8.0,0.08647,296.0,0.08648,299.0
1753531988954,12:13:08.954,BMT/USDT:USDT,0.08643,90.0,0.08641,301.0,0.08647,296.0,0.08648,299.0
1753531989303,12:13:09.303,BMT/USDT:USDT,0.08643,90.0,0.08641,301.0,0.08647,296.0,0.08648,299.0
1753531989883,12:13:09.883,BMT/USDT:USDT,0.08643,90.0,0.08641,301.0,0.08647,296.0,0.08648,299.0
1753531990129,12:13:10.129,BMT/USDT:USDT,0.08643,90.0,0.08641,301.0,0.08647,296.0,0.08648,299.0
1753531990928,12:13:10.928,BMT/USDT:USDT,0.08643,90.0,0.08641,301.0,0.08647,296.0,0.08648,299.0
1753531991031,12:13:11.031,BMT/USDT:USDT,0.08643,98.0,0.08641,301.0,0.08647,296.0,0.08648,299.0
1753531991654,12:13:11.654,BMT/USDT:USDT,0.08643,98.0,0.08641,301.0,0.08647,296.0,0.08648,299.0
1753531992038,12:13:12.038,BMT/USDT:USDT,0.08643,98.0,0.08641,301.0,0.08647,296.0,0.08648,299.0
1753531993630,12:13:13.630,BMT/USDT:USDT,0.08643,98.0,0.08641,301.0,0.08647,296.0,0.08648,299.0
1753531994148,12:13:14.148,BMT/USDT:USDT,0.08643,98.0,0.08641,301.0,0.08647,296.0,0.08648,299.0
1753531994768,12:13:14.768,BMT/USDT:USDT,0.08643,98.0,0.08641,301.0,0.08647,296.0,0.08648,299.0
1753531994790,12:13:14.790,BMT/USDT:USDT,0.08643,98.0,0.08641,301.0,0.08647,296.0,0.08648,299.0
1753531994929,12:13:14.929,BMT/USDT:USDT,0.08643,98.0,0.08641,301.0,0.08647,296.0,0.08648,299.0
1753531996297,12:13:16.297,BMT/USDT:USDT,0.08643,98.0,0.08641,301.0,0.08647,296.0,0.08648,299.0
1753531997830,12:13:17.830,BMT/USDT:USDT,0.08643,98.0,0.08641,301.0,0.08647,296.0,0.08648,299.0
1753531998430,12:13:18.430,BMT/USDT:USDT,0.08643,98.0,0.08641,301.0,0.08647,296.0,0.08648,299.0
1753531999134,12:13:19.134,BMT/USDT:USDT,0.08647,57.0,0.08645,73.0,0.08648,1.0,0.0865,18.0
1753531999257,12:13:19.257,BMT/USDT:USDT,0.08647,57.0,0.08646,190.0,0.08648,1.0,0.0865,18.0
1753531999279,12:13:19.279,BMT/USDT:USDT,0.08647,57.0,0.08646,182.0,0.08648,1.0,0.0865,18.0
1753531999401,12:13:19.401,BMT/USDT:USDT,0.08647,57.0,0.08646,182.0,0.08648,1.0,0.0865,18.0
1753532000049,12:13:20.049,BMT/USDT:USDT,0.08647,57.0,0.08646,182.0,0.08648,1.0,0.0865,18.0
1753532000133,12:13:20.133,BMT/USDT:USDT,0.08647,57.0,0.08646,182.0,0.08648,1.0,0.08651,308.0
1753532000252,12:13:20.252,BMT/USDT:USDT,0.08647,57.0,0.08646,182.0,0.08648,5339.0,0.08651,308.0
1753532000360,12:13:20.360,BMT/USDT:USDT,0.08647,57.0,0.08646,8.0,0.08648,5339.0,0.08651,308.0
1753532000378,12:13:20.378,BMT/USDT:USDT,0.08647,57.0,0.08646,16.0,0.08648,5339.0,0.08651,308.0
1753532000571,12:13:20.571,BMT/USDT:USDT,0.08647,57.0,0.08646,16.0,0.08648,5339.0,0.08651,308.0
1753532000660,12:13:20.660,BMT/USDT:USDT,0.08647,57.0,0.08646,16.0,0.08648,5339.0,0.08651,308.0
1753532000700,12:13:20.700,BMT/USDT:USDT,0.08647,57.0,0.08646,16.0,0.08648,5339.0,0.08651,308.0
1753532000854,12:13:20.854,BMT/USDT:USDT,0.08646,16.0,0.08643,66.0,0.08648,5339.0,0.08649,8.0
1753532000954,12:13:20.954,BMT/USDT:USDT,0.08646,57.0,0.08644,24.0,0.08648,5339.0,0.08649,8.0
1753532000980,12:13:20.980,BMT/USDT:USDT,0.08646,57.0,0.08644,8.0,0.08648,5339.0,0.08649,8.0
1753532001138,12:13:21.138,BMT/USDT:USDT,0.08646,57.0,0.08644,8.0,0.08648,5339.0,0.08649,8.0
1753532002354,12:13:22.354,BMT/USDT:USDT,0.08646,57.0,0.08644,8.0,0.08648,5339.0,0.08649,8.0
1753532002768,12:13:22.768,BMT/USDT:USDT,0.08646,57.0,0.08644,8.0,0.08648,5339.0,0.08649,8.0
1753532002954,12:13:22.954,BMT/USDT:USDT,0.08644,57.0,0.08643,57.0,0.08646,330.0,0.08647,1101.0
1753532003057,12:13:23.057,BMT/USDT:USDT,0.08644,57.0,0.08642,74.0,0.08646,330.0,0.08647,1101.0
1753532003162,12:13:23.162,BMT/USDT:USDT,0.08644,57.0,0.08642,74.0,0.08646,330.0,0.08647,1101.0
1753532003234,12:13:23.234,BMT/USDT:USDT,0.08644,57.0,0.08642,74.0,0.08646,330.0,0.08647,1101.0
1753532003314,12:13:23.314,BMT/USDT:USDT,0.08642,74.0,0.08639,288.0,0.08645,288.0,0.08646,330.0
1753532003370,12:13:23.370,BMT/USDT:USDT,0.08642,74.0,0.0864,66.0,0.08645,288.0,0.08646,330.0
1753532003617,12:13:23.617,BMT/USDT:USDT,0.08642,74.0,0.0864,66.0,0.08645,288.0,0.08646,330.0
1753532003899,12:13:23.899,BMT/USDT:USDT,0.08643,8.0,0.08642,8.0,0.08645,288.0,0.08646,330.0
1753532004040,12:13:24.040,BMT/USDT:USDT,0.08643,16.0,0.08642,8.0,0.08645,288.0,0.08646,330.0
1753532004254,12:13:24.254,BMT/USDT:USDT,0.08643,16.0,0.08642,8.0,0.08645,288.0,0.08647,296.0
1753532004358,12:13:24.358,BMT/USDT:USDT,0.08643,16.0,0.08642,8.0,0.08646,288.0,0.08647,314.0
1753532004471,12:13:24.471,BMT/USDT:USDT,0.08643,16.0,0.08642,8.0,0.08646,288.0,0.08647,314.0
1753532004471,12:13:24.471,BMT/USDT:USDT,0.08643,16.0,0.08642,8.0,0.08646,288.0,0.08647,314.0
1753532004898,12:13:24.898,BMT/USDT:USDT,0.08643,16.0,0.08642,8.0,0.08646,288.0,0.08647,314.0
1753532004974,12:13:24.974,BMT/USDT:USDT,0.08643,16.0,0.08642,8.0,0.08646,296.0,0.08647,322.0
1753532005187,12:13:25.187,BMT/USDT:USDT,0.08643,16.0,0.08642,8.0,0.08646,296.0,0.08647,322.0
1753532005320,12:13:25.320,BMT/USDT:USDT,0.08643,16.0,0.08642,8.0,0.08646,296.0,0.08647,322.0
1753532006245,12:13:26.245,BMT/USDT:USDT,0.08645,57.0,0.08643,16.0,0.08647,1296.0,0.08648,5347.0
1753532006288,12:13:26.288,BMT/USDT:USDT,0.08645,57.0,0.08644,8.0,0.08647,1296.0,0.08648,5347.0
1753532006451,12:13:26.451,BMT/USDT:USDT,0.08645,57.0,0.08644,8.0,0.08647,1296.0,0.08648,5347.0
1753532006568,12:13:26.568,BMT/USDT:USDT,0.08645,57.0,0.08644,8.0,0.08647,1296.0,0.08648,5347.0
1753532007409,12:13:27.409,BMT/USDT:USDT,0.08645,57.0,0.08644,8.0,0.08647,1296.0,0.08648,5347.0
1753532008034,12:13:28.034,BMT/USDT:USDT,0.08645,57.0,0.08644,8.0,0.08647,1296.0,0.08648,5347.0
1753532008393,12:13:28.393,BMT/USDT:USDT,0.08645,57.0,0.08644,16.0,0.08647,1296.0,0.08648,5347.0
1753532008593,12:13:28.593,BMT/USDT:USDT,0.08645,57.0,0.08644,16.0,0.08647,1296.0,0.08648,5347.0
1753532009051,12:13:29.051,BMT/USDT:USDT,0.08645,57.0,0.08644,8.0,0.08647,1296.0,0.08648,5347.0
1753532009123,12:13:29.123,BMT/USDT:USDT,0.08645,57.0,0.08644,8.0,0.08647,1296.0,0.08648,5347.0
1753532009467,12:13:29.467,BMT/USDT:USDT,0.08645,57.0,0.08644,8.0,0.08647,1296.0,0.08648,5347.0
1753532009946,12:13:29.946,BMT/USDT:USDT,0.08645,57.0,0.08644,8.0,0.08647,1296.0,0.08648,5347.0
1753532010157,12:13:30.157,BMT/USDT:USDT,0.08645,57.0,0.08644,8.0,0.08647,1296.0,0.08648,5347.0
1753532010174,12:13:30.174,BMT/USDT:USDT,0.08645,57.0,0.08644,8.0,0.08647,1296.0,0.08648,5347.0
1753532010290,12:13:30.290,BMT/USDT:USDT,0.08645,57.0,0.08644,8.0,0.08647,1296.0,0.08648,5347.0
1753532011269,12:13:31.269,BMT/USDT:USDT,0.08645,57.0,0.08644,8.0,0.08647,1296.0,0.08648,5347.0
1753532011274,12:13:31.274,BMT/USDT:USDT,0.08645,57.0,0.08644,8.0,0.08647,1296.0,0.08648,5347.0
1753532011534,12:13:31.534,BMT/USDT:USDT,0.08639,288.0,0.08636,640.0,0.08646,301.0,0.08647,1296.0
1753532011583,12:13:31.583,BMT/USDT:USDT,0.0864,16.0,0.08639,288.0,0.08646,301.0,0.08647,1296.0
1753532011936,12:13:31.936,BMT/USDT:USDT,0.0864,16.0,0.08639,288.0,0.08646,301.0,0.08647,1296.0
1753532011985,12:13:31.985,BMT/USDT:USDT,0.0864,16.0,0.08639,288.0,0.08646,301.0,0.08647,1296.0
1753532012140,12:13:32.140,BMT/USDT:USDT,0.0864,16.0,0.08639,288.0,0.08646,301.0,0.08647,1296.0
1753532012334,12:13:32.334,BMT/USDT:USDT,0.08641,65.0,0.0864,190.0,0.08646,309.0,0.08647,1296.0
1753532012389,12:13:32.389,BMT/USDT:USDT,0.08642,16.0,0.08641,8.0,0.08646,309.0,0.08647,1296.0
1753532012476,12:13:32.476,BMT/USDT:USDT,0.08642,16.0,0.08641,8.0,0.08646,309.0,0.08647,1296.0
1753532012765,12:13:32.765,BMT/USDT:USDT,0.08642,16.0,0.08641,8.0,0.08646,309.0,0.08647,1296.0
1753532012870,12:13:32.870,BMT/USDT:USDT,0.08642,16.0,0.08641,8.0,0.08645,301.0,0.08646,309.0
1753532013330,12:13:33.330,BMT/USDT:USDT,0.08642,16.0,0.08641,8.0,0.08645,301.0,0.08646,309.0
1753532013671,12:13:33.671,BMT/USDT:USDT,0.08642,16.0,0.08641,8.0,0.08645,301.0,0.08646,309.0
1753532014252,12:13:34.252,BMT/USDT:USDT,0.08642,16.0,0.08641,8.0,0.08645,301.0,0.08646,309.0
1753532014275,12:13:34.275,BMT/USDT:USDT,0.08642,16.0,0.08641,8.0,0.08645,301.0,0.08646,309.0
1753532017631,12:13:37.631,BMT/USDT:USDT,0.08642,16.0,0.08641,8.0,0.08645,301.0,0.08646,309.0
1753532018163,12:13:38.163,BMT/USDT:USDT,0.08642,24.0,0.08641,8.0,0.08646,301.0,0.08648,1.0
1753532019438,12:13:39.438,BMT/USDT:USDT,0.08642,24.0,0.08641,8.0,0.08646,301.0,0.08648,1.0
1753532019869,12:13:39.869,BMT/USDT:USDT,0.08642,24.0,0.08641,8.0,0.08646,301.0,0.08648,1.0
1753532020263,12:13:40.263,BMT/USDT:USDT,0.08643,65.0,0.08642,24.0,0.08648,5637.0,0.08653,294.0
1753532020357,12:13:40.357,BMT/USDT:USDT,0.08645,57.0,0.08644,16.0,0.08647,551.0,0.08648,5645.0
1753532020434,12:13:40.434,BMT/USDT:USDT,0.08645,65.0,0.08644,16.0,0.08647,551.0,0.08648,5645.0
1753532020477,12:13:40.477,BMT/USDT:USDT,0.08645,65.0,0.08644,16.0,0.08647,551.0,0.08648,5645.0
1753532020710,12:13:40.710,BMT/USDT:USDT,0.08645,65.0,0.08644,16.0,0.08647,551.0,0.08648,5645.0
1753532020797,12:13:40.797,BMT/USDT:USDT,0.08645,65.0,0.08644,16.0,0.08647,551.0,0.08648,5645.0
1753532021139,12:13:41.139,BMT/USDT:USDT,0.08645,65.0,0.08644,16.0,0.08647,551.0,0.08648,5645.0
1753532021630,12:13:41.630,BMT/USDT:USDT,0.08645,8.0,0.08644,8.0,0.08647,551.0,0.08648,5645.0
1753532021963,12:13:41.963,BMT/USDT:USDT,0.08643,66.0,0.08642,298.0,0.08647,551.0,0.08648,5645.0
1753532022037,12:13:42.037,BMT/USDT:USDT,0.08645,57.0,0.08644,24.0,0.08647,551.0,0.08648,5645.0
1753532022079,12:13:42.079,BMT/USDT:USDT,0.08645,57.0,0.08644,8.0,0.08647,551.0,0.08648,5645.0
1753532022460,12:13:42.460,BMT/USDT:USDT,0.08644,8.0,0.08641,298.0,0.08647,551.0,0.08648,5645.0
1753532022559,12:13:42.559,BMT/USDT:USDT,0.08645,8.0,0.08644,8.0,0.08647,551.0,0.08648,5645.0
1753532022579,12:13:42.579,BMT/USDT:USDT,0.08645,16.0,0.08644,8.0,0.08647,551.0,0.08648,5645.0
1753532022868,12:13:42.868,BMT/USDT:USDT,0.08646,57.0,0.08645,16.0,0.08647,551.0,0.08648,5645.0
1753532022906,12:13:42.906,BMT/USDT:USDT,0.08646,57.0,0.08645,16.0,0.08648,5339.0,0.08649,8.0
1753532022980,12:13:42.980,BMT/USDT:USDT,0.08646,57.0,0.08644,8.0,0.08648,5339.0,0.08649,8.0
1753532023244,12:13:43.244,BMT/USDT:USDT,0.08646,57.0,0.08644,8.0,0.08648,5339.0,0.08649,8.0
1753532023278,12:13:43.278,BMT/USDT:USDT,0.08646,57.0,0.08644,8.0,0.08648,5339.0,0.08649,8.0
1753532023914,12:13:43.914,BMT/USDT:USDT,0.08646,57.0,0.08644,8.0,0.08648,5339.0,0.08649,8.0
1753532024116,12:13:44.116,BMT/USDT:USDT,0.08646,57.0,0.08644,8.0,0.08648,5339.0,0.08649,8.0
1753532026263,12:13:46.263,BMT/USDT:USDT,0.08646,57.0,0.08644,8.0,0.08648,5339.0,0.08649,8.0
1753532026274,12:13:46.274,BMT/USDT:USDT,0.08646,57.0,0.08644,8.0,0.08648,5339.0,0.08649,8.0
1753532026683,12:13:46.683,BMT/USDT:USDT,0.08646,57.0,0.08644,8.0,0.08648,5339.0,0.08649,8.0
1753532026960,12:13:46.960,BMT/USDT:USDT,0.08646,65.0,0.08645,8.0,0.08648,5339.0,0.08655,289.0
1753532027046,12:13:47.046,BMT/USDT:USDT,0.08646,65.0,0.08645,16.0,0.08648,5339.0,0.08655,289.0
1753532027168,12:13:47.168,BMT/USDT:USDT,0.08646,65.0,0.08645,16.0,0.08648,5339.0,0.08655,289.0
1753532027233,12:13:47.233,BMT/USDT:USDT,0.08646,65.0,0.08645,16.0,0.08648,5339.0,0.08655,289.0
1753532027334,12:13:47.334,BMT/USDT:USDT,0.08646,65.0,0.08645,16.0,0.08648,5339.0,0.08655,289.0
1753532027749,12:13:47.749,BMT/USDT:USDT,0.08646,65.0,0.08645,16.0,0.08648,5339.0,0.08655,289.0
1753532028438,12:13:48.438,BMT/USDT:USDT,0.08646,65.0,0.08645,16.0,0.08648,5339.0,0.08655,289.0
1753532029313,12:13:49.313,BMT/USDT:USDT,0.08646,65.0,0.08645,8.0,0.08648,5339.0,0.08655,289.0
1753532029375,12:13:49.375,BMT/USDT:USDT,0.08646,65.0,0.08645,8.0,0.08648,5339.0,0.08655,289.0
1753532029694,12:13:49.694,BMT/USDT:USDT,0.08646,65.0,0.08645,8.0,0.08648,5339.0,0.08655,289.0
1753532030562,12:13:50.562,BMT/USDT:USDT,0.08646,65.0,0.08645,8.0,0.08648,5339.0,0.08655,289.0
1753532032032,12:13:52.032,BMT/USDT:USDT,0.08646,65.0,0.08645,8.0,0.08648,5339.0,0.08655,289.0
1753532033030,12:13:53.030,BMT/USDT:USDT,0.08646,65.0,0.08645,8.0,0.08648,5339.0,0.08655,289.0
1753532034028,12:13:54.028,BMT/USDT:USDT,0.08646,65.0,0.08645,8.0,0.08648,5339.0,0.08655,289.0
1753532034267,12:13:54.267,BMT/USDT:USDT,0.08646,65.0,0.08645,8.0,0.08648,5339.0,0.08655,289.0
1753532035261,12:13:55.261,BMT/USDT:USDT,0.08646,57.0,0.08644,298.0,0.08648,5339.0,0.08655,289.0
1753532035516,12:13:55.516,BMT/USDT:USDT,0.08646,57.0,0.08644,298.0,0.08648,5339.0,0.08655,289.0
1753532035575,12:13:55.575,BMT/USDT:USDT,0.08646,65.0,0.08644,298.0,0.08648,5339.0,0.08655,289.0
1753532036249,12:13:56.249,BMT/USDT:USDT,0.08647,57.0,0.08645,66.0,0.08648,5339.0,0.08649,8.0
1753532036305,12:13:56.305,BMT/USDT:USDT,0.08647,57.0,0.08646,24.0,0.08648,5339.0,0.08655,289.0
1753532036377,12:13:56.377,BMT/USDT:USDT,0.08647,57.0,0.08646,16.0,0.08648,5339.0,0.08655,289.0
1753532036832,12:13:56.832,BMT/USDT:USDT,0.08647,57.0,0.08646,16.0,0.08648,5339.0,0.08655,289.0
1753532037493,12:13:57.493,BMT/USDT:USDT,0.08647,57.0,0.08646,16.0,0.08648,5339.0,0.08655,289.0
1753532037956,12:13:57.956,BMT/USDT:USDT,0.08647,57.0,0.08646,24.0,0.08648,5339.0,0.08655,289.0
1753532038066,12:13:58.066,BMT/USDT:USDT,0.08647,57.0,0.08646,16.0,0.08648,5339.0,0.08655,289.0
1753532041294,12:14:01.294,BMT/USDT:USDT,0.08647,57.0,0.08646,16.0,0.08648,5339.0,0.08655,289.0
1753532041632,12:14:01.632,BMT/USDT:USDT,0.08647,57.0,0.08646,16.0,0.08648,5339.0,0.08655,289.0
1753532041960,12:14:01.960,BMT/USDT:USDT,0.08646,8.0,0.08643,624.0,0.08648,5347.0,0.08655,289.0
1753532042014,12:14:02.014,BMT/USDT:USDT,0.08644,16.0,0.08643,558.0,0.08648,5339.0,0.08655,289.0
1753532042460,12:14:02.460,BMT/USDT:USDT,0.08644,16.0,0.08643,558.0,0.08648,5339.0,0.08655,289.0
1753532042851,12:14:02.851,BMT/USDT:USDT,0.08644,16.0,0.08643,558.0,0.08648,5339.0,0.08655,289.0
1753532046432,12:14:06.432,BMT/USDT:USDT,0.08644,16.0,0.08643,558.0,0.08648,5339.0,0.08655,289.0
1753532047068,12:14:07.068,BMT/USDT:USDT,0.08644,16.0,0.08643,558.0,0.08648,5339.0,0.08655,289.0
1753532047660,12:14:07.660,BMT/USDT:USDT,0.08644,16.0,0.08643,558.0,0.08648,5339.0,0.08655,289.0
1753532048612,12:14:08.612,BMT/USDT:USDT,0.08644,16.0,0.08643,558.0,0.08648,5339.0,0.08655,289.0
1753532051254,12:14:11.254,BMT/USDT:USDT,0.08644,16.0,0.08643,558.0,0.08648,5339.0,0.08655,289.0
1753532051325,12:14:11.325,BMT/USDT:USDT,0.08644,16.0,0.08643,558.0,0.08648,5339.0,0.08655,289.0
1753532051578,12:14:11.578,BMT/USDT:USDT,0.08644,16.0,0.08643,558.0,0.08648,5339.0,0.08655,289.0
1753532051739,12:14:11.739,BMT/USDT:USDT,0.08646,57.0,0.08645,8.0,0.08648,5339.0,0.08655,289.0
1753532051876,12:14:11.876,BMT/USDT:USDT,0.08646,57.0,0.08645,8.0,0.08648,5339.0,0.08655,289.0
1753532052179,12:14:12.179,BMT/USDT:USDT,0.08646,57.0,0.08645,8.0,0.08648,5339.0,0.08655,289.0
1753532052527,12:14:12.527,BMT/USDT:USDT,0.08646,57.0,0.08645,8.0,0.08648,5339.0,0.08655,289.0
1753532052617,12:14:12.617,BMT/USDT:USDT,0.08646,57.0,0.08645,8.0,0.08648,5339.0,0.08655,289.0
1753532052859,12:14:12.859,BMT/USDT:USDT,0.08646,57.0,0.08645,8.0,0.08648,5339.0,0.08655,289.0
1753532052874,12:14:12.874,BMT/USDT:USDT,0.08646,57.0,0.08645,8.0,0.08648,5339.0,0.08655,289.0
1753532056054,12:14:16.054,BMT/USDT:USDT,0.08646,57.0,0.08645,8.0,0.08648,5339.0,0.08655,289.0
1753532058146,12:14:18.146,BMT/USDT:USDT,0.08646,65.0,0.08644,310.0,0.08648,5339.0,0.08655,289.0
1753532059539,12:14:19.539,BMT/USDT:USDT,0.08646,57.0,0.08644,310.0,0.08648,5339.0,0.08655,289.0
1753532059857,12:14:19.857,BMT/USDT:USDT,0.08644,302.0,0.08643,1198.0,0.08648,5339.0,0.08655,289.0
1753532059935,12:14:19.935,BMT/USDT:USDT,0.08646,57.0,0.08645,16.0,0.08648,5347.0,0.08655,289.0
1753532059977,12:14:19.977,BMT/USDT:USDT,0.08646,57.0,0.08644,302.0,0.08648,5347.0,0.08655,289.0
1753532060832,12:14:20.832,BMT/USDT:USDT,0.08646,57.0,0.08644,302.0,0.08648,5347.0,0.08655,289.0
1753532062228,12:14:22.228,BMT/USDT:USDT,0.08646,57.0,0.08644,302.0,0.08648,5339.0,0.08655,289.0
1753532063766,12:14:23.766,BMT/USDT:USDT,0.08646,57.0,0.08644,302.0,0.08648,5339.0,0.08655,289.0
1753532065635,12:14:25.635,BMT/USDT:USDT,0.08646,57.0,0.08644,302.0,0.08648,5339.0,0.08655,289.0
1753532070453,12:14:30.453,BMT/USDT:USDT,0.08646,57.0,0.08644,302.0,0.08648,5339.0,0.08655,289.0
1753532071916,12:14:31.916,BMT/USDT:USDT,0.08646,57.0,0.08644,302.0,0.08648,5339.0,0.08655,289.0
1753532073192,12:14:33.192,BMT/USDT:USDT,0.08646,57.0,0.08643,1265.0,0.08648,5339.0,0.08655,289.0
1753532073310,12:14:33.310,BMT/USDT:USDT,0.08646,57.0,0.08643,1265.0,0.08648,5339.0,0.08655,289.0
1753532075254,12:14:35.254,BMT/USDT:USDT,0.08646,57.0,0.08644,280.0,0.08648,5339.0,0.08655,289.0
1753532075274,12:14:35.274,BMT/USDT:USDT,0.08646,57.0,0.08644,280.0,0.08648,5339.0,0.08655,289.0
1753532077945,12:14:37.945,BMT/USDT:USDT,0.08644,280.0,0.08643,1198.0,0.08648,5347.0,0.08655,289.0
1753532078070,12:14:38.070,BMT/USDT:USDT,0.08645,16.0,0.08643,640.0,0.08647,9.0,0.08648,5347.0
1753532078096,12:14:38.096,BMT/USDT:USDT,0.08644,16.0,0.08643,640.0,0.08647,8.0,0.08648,5339.0
1753532078186,12:14:38.186,BMT/USDT:USDT,0.08644,16.0,0.08643,640.0,0.08647,8.0,0.08648,5339.0
1753532078348,12:14:38.348,BMT/USDT:USDT,0.08644,16.0,0.08643,640.0,0.08647,453.0,0.08648,5339.0
1753532078511,12:14:38.511,BMT/USDT:USDT,0.08644,16.0,0.08643,640.0,0.08647,453.0,0.08648,5339.0
1753532078704,12:14:38.704,BMT/USDT:USDT,0.08644,16.0,0.08643,640.0,0.08647,453.0,0.08648,5339.0
1753532080034,12:14:40.034,BMT/USDT:USDT,0.08644,16.0,0.08643,640.0,0.08647,453.0,0.08648,5339.0
1753532080138,12:14:40.138,BMT/USDT:USDT,0.08644,16.0,0.08643,640.0,0.08647,453.0,0.08648,5339.0
1753532081837,12:14:41.837,BMT/USDT:USDT,0.08644,16.0,0.08642,241.0,0.08647,453.0,0.08648,5339.0
1753532081914,12:14:41.914,BMT/USDT:USDT,0.08643,16.0,0.08642,174.0,0.08647,453.0,0.08648,5339.0
1753532082043,12:14:42.043,BMT/USDT:USDT,0.08644,57.0,0.08643,16.0,0.08646,1.0,0.08647,445.0
1753532082140,12:14:42.140,BMT/USDT:USDT,0.08644,57.0,0.08642,241.0,0.08646,1.0,0.08647,445.0
1753532082173,12:14:42.173,BMT/USDT:USDT,0.08644,57.0,0.08642,241.0,0.08646,1.0,0.08647,445.0
1753532082522,12:14:42.522,BMT/USDT:USDT,0.08644,57.0,0.08642,241.0,0.08646,1.0,0.08647,8.0
1753532082679,12:14:42.679,BMT/USDT:USDT,0.08644,57.0,0.08642,241.0,0.08646,1.0,0.08647,8.0
1753532084261,12:14:44.261,BMT/USDT:USDT,0.08644,57.0,0.08642,241.0,0.08646,1.0,0.08647,8.0
1753532084358,12:14:44.358,BMT/USDT:USDT,0.08644,57.0,0.08642,241.0,0.08646,1.0,0.08647,554.0
1753532084536,12:14:44.536,BMT/USDT:USDT,0.08642,241.0,0.08641,292.0,0.08646,1.0,0.08647,562.0
1753532084581,12:14:44.581,BMT/USDT:USDT,0.08643,16.0,0.08642,174.0,0.08646,1.0,0.08647,562.0
1753532084757,12:14:44.757,BMT/USDT:USDT,0.08643,16.0,0.08642,174.0,0.08646,1.0,0.08647,562.0
1753532084833,12:14:44.833,BMT/USDT:USDT,0.08643,16.0,0.08642,174.0,0.08646,1.0,0.08647,562.0
1753532085592,12:14:45.592,BMT/USDT:USDT,0.08643,16.0,0.08642,174.0,0.08646,1.0,0.08647,562.0
1753532087393,12:14:47.393,BMT/USDT:USDT,0.08643,16.0,0.08642,174.0,0.08646,1.0,0.08647,931.0
1753532087630,12:14:47.630,BMT/USDT:USDT,0.08643,16.0,0.08642,174.0,0.08646,1.0,0.08647,931.0
1753532089635,12:14:49.635,BMT/USDT:USDT,0.08643,16.0,0.08642,174.0,0.08646,1.0,0.08647,931.0
1753532091715,12:14:51.715,BMT/USDT:USDT,0.08643,16.0,0.08642,174.0,0.08646,1.0,0.08647,931.0
1753532093042,12:14:53.042,BMT/USDT:USDT,0.08643,16.0,0.08642,174.0,0.08646,1.0,0.08647,931.0
1753532093403,12:14:53.403,BMT/USDT:USDT,0.08643,16.0,0.08642,174.0,0.08646,1.0,0.08647,931.0
1753532094441,12:14:54.441,BMT/USDT:USDT,0.08643,16.0,0.08642,174.0,0.08646,1.0,0.08647,931.0
1753532098448,12:14:58.448,BMT/USDT:USDT,0.08643,16.0,0.08642,174.0,0.08646,1.0,0.08647,931.0
1753532099253,12:14:59.253,BMT/USDT:USDT,0.08643,16.0,0.08642,174.0,0.08646,1.0,0.08647,931.0
1753532101861,12:15:01.861,BMT/USDT:USDT,0.08643,16.0,0.08642,174.0,0.08646,1.0,0.08647,16.0
1753532101895,12:15:01.895,BMT/USDT:USDT,0.08644,57.0,0.08643,16.0,0.08646,1.0,0.08647,503.0
1753532101977,12:15:01.977,BMT/USDT:USDT,0.08644,57.0,0.08642,241.0,0.08646,1.0,0.08647,756.0
1753532102167,12:15:02.167,BMT/USDT:USDT,0.08644,57.0,0.08642,241.0,0.08646,1.0,0.08647,756.0
1753532102592,12:15:02.592,BMT/USDT:USDT,0.08644,57.0,0.08642,241.0,0.08646,1.0,0.08647,756.0
1753532104054,12:15:04.054,BMT/USDT:USDT,0.08644,57.0,0.08642,241.0,0.08646,1.0,0.08647,756.0
1753532104222,12:15:04.222,BMT/USDT:USDT,0.08644,57.0,0.08642,241.0,0.08646,1.0,0.08647,756.0
1753532104750,12:15:04.750,BMT/USDT:USDT,0.08642,241.0,0.08641,292.0,0.08646,1.0,0.08647,756.0
1753532104783,12:15:04.783,BMT/USDT:USDT,0.08643,16.0,0.08642,174.0,0.08646,1.0,0.08647,756.0
1753532105021,12:15:05.021,BMT/USDT:USDT,0.08643,16.0,0.08642,174.0,0.08646,1.0,0.08647,756.0
1753532105449,12:15:05.449,BMT/USDT:USDT,0.08643,16.0,0.08642,174.0,0.08646,1.0,0.08647,756.0
1753532108834,12:15:08.834,BMT/USDT:USDT,0.08643,16.0,0.08642,174.0,0.08646,1.0,0.08647,756.0
1753532109768,12:15:09.768,BMT/USDT:USDT,0.08645,57.0,0.08643,90.0,0.08646,1.0,0.08647,756.0
1753532109823,12:15:09.823,BMT/USDT:USDT,0.08645,57.0,0.08643,90.0,0.08647,756.0,0.08648,5339.0
1753532109957,12:15:09.957,BMT/USDT:USDT,0.08645,57.0,0.08643,74.0,0.08647,756.0,0.08648,5339.0
1753532110030,12:15:10.030,BMT/USDT:USDT,0.08643,74.0,0.08642,174.0,0.08647,756.0,0.08648,5339.0
1753532110155,12:15:10.155,BMT/USDT:USDT,0.08644,16.0,0.08643,7.0,0.08646,1.0,0.08647,748.0
1753532110404,12:15:10.404,BMT/USDT:USDT,0.08644,16.0,0.08643,7.0,0.08646,1.0,0.08647,748.0
1753532112406,12:15:12.406,BMT/USDT:USDT,0.08644,16.0,0.08643,7.0,0.08646,1.0,0.08647,755.0
1753532112481,12:15:12.481,BMT/USDT:USDT,0.08644,16.0,0.08642,241.0,0.08646,1.0,0.08647,755.0
1753532112614,12:15:12.614,BMT/USDT:USDT,0.08643,16.0,0.08642,174.0,0.08646,1.0,0.08647,755.0
