timestamp,time,symbol,bid1_price,bid1_volume,bid2_price,bid2_volume,ask1_price,ask1_volume,ask2_price,ask2_volume
1753531617000,12:06:57.000,BID/USDT:USDT,0.08247,24.0,0.08241,3.0,0.0827,24.0,0.08277,10.0
1753531618328,12:06:58.328,BID/USDT:USDT,0.08247,24.0,0.08241,3.0,0.0827,24.0,0.08277,10.0
1753531620169,12:07:00.169,BID/USDT:USDT,0.08247,24.0,0.0824,10.0,0.0827,24.0,0.08277,10.0
1753531620398,12:07:00.398,BID/USDT:USDT,0.08247,24.0,0.0824,10.0,0.0827,24.0,0.08277,10.0
1753531620712,12:07:00.712,BID/USDT:USDT,0.08247,24.0,0.0824,10.0,0.0827,24.0,0.08277,10.0
1753531623608,12:07:03.608,BID/USDT:USDT,0.08247,24.0,0.0824,10.0,0.0827,24.0,0.08277,10.0
1753531625197,12:07:05.197,BID/USDT:USDT,0.08247,24.0,0.0824,10.0,0.0827,24.0,0.08277,10.0
1753531629997,12:07:09.997,BID/USDT:USDT,0.08247,24.0,0.0824,10.0,0.0827,24.0,0.08277,10.0
1753531631192,12:07:11.192,BID/USDT:USDT,0.08247,24.0,0.08242,3.0,0.0827,24.0,0.08277,10.0
1753531634797,12:07:14.797,BID/USDT:USDT,0.08247,24.0,0.08242,3.0,0.0827,24.0,0.08277,10.0
1753531636677,12:07:16.677,BID/USDT:USDT,0.08247,24.0,0.08242,3.0,0.08277,10.0,0.08278,24.0
1753531636780,12:07:16.780,BID/USDT:USDT,0.08247,24.0,0.08242,3.0,0.08277,10.0,0.08278,24.0
1753531636874,12:07:16.874,BID/USDT:USDT,0.08247,24.0,0.08242,3.0,0.08277,22.0,0.08278,24.0
1753531637685,12:07:17.685,BID/USDT:USDT,0.08247,24.0,0.08242,3.0,0.08277,22.0,0.08278,24.0
1753531637735,12:07:17.735,BID/USDT:USDT,0.08247,24.0,0.08242,3.0,0.08277,23.0,0.08278,24.0
1753531637834,12:07:17.834,BID/USDT:USDT,0.08247,24.0,0.08242,3.0,0.08277,22.0,0.08278,24.0
1753531637956,12:07:17.956,BID/USDT:USDT,0.08247,24.0,0.08242,3.0,0.08277,22.0,0.08278,24.0
1753531639119,12:07:19.119,BID/USDT:USDT,0.08247,24.0,0.08242,3.0,0.08277,28.0,0.08278,24.0
1753531639599,12:07:19.599,BID/USDT:USDT,0.08247,24.0,0.08242,3.0,0.08277,28.0,0.08278,24.0
1753531642021,12:07:22.021,BID/USDT:USDT,0.08247,24.0,0.08242,3.0,0.08277,22.0,0.08278,24.0
1753531642046,12:07:22.046,BID/USDT:USDT,0.08247,24.0,0.08242,3.0,0.08277,22.0,0.08278,24.0
1753531642141,12:07:22.141,BID/USDT:USDT,0.08247,24.0,0.08242,3.0,0.08277,22.0,0.08278,24.0
1753531643121,12:07:23.121,BID/USDT:USDT,0.08247,24.0,0.08242,3.0,0.08277,34.0,0.08278,24.0
1753531643707,12:07:23.707,BID/USDT:USDT,0.08247,24.0,0.0824,13.0,0.08277,34.0,0.08278,24.0
1753531643822,12:07:23.822,BID/USDT:USDT,0.08247,24.0,0.0824,10.0,0.08269,24.0,0.08277,10.0
1753531643840,12:07:23.840,BID/USDT:USDT,0.08247,24.0,0.0824,10.0,0.08269,24.0,0.08277,10.0
1753531644022,12:07:24.022,BID/USDT:USDT,0.08247,24.0,0.0824,10.0,0.08269,36.0,0.08277,10.0
1753531644036,12:07:24.036,BID/USDT:USDT,0.08247,24.0,0.0824,10.0,0.08269,36.0,0.08277,10.0
1753531644134,12:07:24.134,BID/USDT:USDT,0.08247,24.0,0.0824,10.0,0.08269,36.0,0.08277,10.0
1753531644399,12:07:24.399,BID/USDT:USDT,0.08247,24.0,0.0824,10.0,0.08269,36.0,0.08277,10.0
1753531644528,12:07:24.528,BID/USDT:USDT,0.08247,24.0,0.0824,10.0,0.08269,24.0,0.08277,10.0
1753531644549,12:07:24.549,BID/USDT:USDT,0.08247,24.0,0.0824,10.0,0.08269,24.0,0.08277,10.0
1753531648610,12:07:28.610,BID/USDT:USDT,0.08247,24.0,0.0824,10.0,0.08269,24.0,0.08277,10.0
1753531648718,12:07:28.718,BID/USDT:USDT,0.08247,24.0,0.0824,10.0,0.08269,24.0,0.08277,10.0
1753531649021,12:07:29.021,BID/USDT:USDT,0.08247,24.0,0.0824,10.0,0.08269,24.0,0.08277,10.0
1753531649198,12:07:29.198,BID/USDT:USDT,0.08247,24.0,0.0824,13.0,0.08269,24.0,0.08277,10.0
1753531650875,12:07:30.875,BID/USDT:USDT,0.08247,24.0,0.0824,13.0,0.08269,24.0,0.08277,10.0
1753531651024,12:07:31.024,BID/USDT:USDT,0.08247,24.0,0.0824,13.0,0.08269,24.0,0.08277,10.0
1753531652986,12:07:32.986,BID/USDT:USDT,0.08239,24.0,0.08237,92.0,0.08269,24.0,0.08277,10.0
1753531653049,12:07:33.049,BID/USDT:USDT,0.08239,24.0,0.08237,92.0,0.08269,24.0,0.08277,10.0
1753531653221,12:07:33.221,BID/USDT:USDT,0.08239,24.0,0.08237,92.0,0.08269,34.0,0.08277,10.0
1753531653468,12:07:33.468,BID/USDT:USDT,0.08239,24.0,0.08237,92.0,0.08269,34.0,0.08277,10.0
1753531653998,12:07:33.998,BID/USDT:USDT,0.08239,24.0,0.08237,92.0,0.08269,34.0,0.08277,10.0
1753531654215,12:07:34.215,BID/USDT:USDT,0.08239,24.0,0.08237,92.0,0.08268,10.0,0.08269,24.0
1753531654689,12:07:34.689,BID/USDT:USDT,0.08239,24.0,0.08237,92.0,0.08268,10.0,0.08269,24.0
1753531655864,12:07:35.864,BID/USDT:USDT,0.08239,24.0,0.08237,92.0,0.08268,10.0,0.08269,24.0
1753531656877,12:07:36.877,BID/USDT:USDT,0.08239,24.0,0.08237,92.0,0.08268,10.0,0.08269,24.0
1753531657184,12:07:37.184,BID/USDT:USDT,0.08239,24.0,0.08237,92.0,0.08268,10.0,0.08269,24.0
1753531657518,12:07:37.518,BID/USDT:USDT,0.08239,24.0,0.08237,92.0,0.08268,10.0,0.08269,24.0
1753531658608,12:07:38.608,BID/USDT:USDT,0.08239,24.0,0.08237,92.0,0.08268,10.0,0.08269,24.0
1753531658637,12:07:38.637,BID/USDT:USDT,0.08239,24.0,0.08237,92.0,0.08268,10.0,0.08269,24.0
1753531658830,12:07:38.830,BID/USDT:USDT,0.08239,24.0,0.08235,69.0,0.08261,24.0,0.08268,34.0
1753531658930,12:07:38.930,BID/USDT:USDT,0.08239,24.0,0.0823,24.0,0.08261,24.0,0.08268,34.0
1753531659007,12:07:39.007,BID/USDT:USDT,0.08239,24.0,0.0823,24.0,0.08261,24.0,0.08268,34.0
1753531659139,12:07:39.139,BID/USDT:USDT,0.08239,24.0,0.0823,24.0,0.08261,24.0,0.08268,34.0
1753531659597,12:07:39.597,BID/USDT:USDT,0.08239,24.0,0.0823,24.0,0.08261,24.0,0.08268,34.0
1753531660320,12:07:40.320,BID/USDT:USDT,0.08239,24.0,0.0823,24.0,0.08261,24.0,0.08268,34.0
1753531660421,12:07:40.421,BID/USDT:USDT,0.0823,24.0,0.08227,24.0,0.08261,24.0,0.08268,34.0
1753531660441,12:07:40.441,BID/USDT:USDT,0.0823,24.0,0.08227,24.0,0.08261,24.0,0.08268,34.0
1753531660540,12:07:40.540,BID/USDT:USDT,0.0823,24.0,0.08227,24.0,0.08261,25.0,0.08268,34.0
1753531660734,12:07:40.734,BID/USDT:USDT,0.0823,24.0,0.08227,24.0,0.08261,25.0,0.08268,34.0
1753531660841,12:07:40.841,BID/USDT:USDT,0.0823,24.0,0.08227,24.0,0.08261,25.0,0.08268,34.0
1753531660933,12:07:40.933,BID/USDT:USDT,0.0823,24.0,0.08227,24.0,0.08261,24.0,0.08268,34.0
1753531661130,12:07:41.130,BID/USDT:USDT,0.0823,24.0,0.08227,24.0,0.0826,10.0,0.08261,24.0
1753531661332,12:07:41.332,BID/USDT:USDT,0.0823,24.0,0.08227,24.0,0.0826,11.0,0.08261,24.0
1753531661335,12:07:41.335,BID/USDT:USDT,0.0823,24.0,0.08227,24.0,0.0826,10.0,0.08261,24.0
1753531661437,12:07:41.437,BID/USDT:USDT,0.0823,24.0,0.08227,24.0,0.0826,11.0,0.08261,24.0
1753531661535,12:07:41.535,BID/USDT:USDT,0.0823,24.0,0.08227,24.0,0.0826,10.0,0.08261,24.0
1753531661683,12:07:41.683,BID/USDT:USDT,0.0823,24.0,0.08227,24.0,0.0826,10.0,0.08261,24.0
1753531661773,12:07:41.773,BID/USDT:USDT,0.0823,24.0,0.08227,24.0,0.0826,10.0,0.08261,24.0
1753531662116,12:07:42.116,BID/USDT:USDT,0.0823,24.0,0.08227,24.0,0.0826,10.0,0.08261,24.0
1753531663970,12:07:43.970,BID/USDT:USDT,0.0823,24.0,0.08227,24.0,0.0826,10.0,0.08261,24.0
1753531664397,12:07:44.397,BID/USDT:USDT,0.0823,24.0,0.08227,24.0,0.0826,10.0,0.08261,24.0
1753531665103,12:07:45.103,BID/USDT:USDT,0.08231,10.0,0.0823,24.0,0.0826,10.0,0.08261,24.0
1753531665731,12:07:45.731,BID/USDT:USDT,0.08231,10.0,0.0823,24.0,0.0826,10.0,0.08261,24.0
1753531666492,12:07:46.492,BID/USDT:USDT,0.08231,10.0,0.0823,24.0,0.0826,10.0,0.08261,24.0
1753531666556,12:07:46.556,BID/USDT:USDT,0.08231,10.0,0.0823,24.0,0.0826,10.0,0.08261,24.0
1753531666693,12:07:46.693,BID/USDT:USDT,0.08231,10.0,0.0823,24.0,0.0826,10.0,0.08261,24.0
1753531667795,12:07:47.795,BID/USDT:USDT,0.08231,10.0,0.0823,24.0,0.0826,10.0,0.08261,24.0
1753531668225,12:07:48.225,BID/USDT:USDT,0.08231,10.0,0.0823,24.0,0.0826,10.0,0.08261,24.0
1753531668999,12:07:48.999,BID/USDT:USDT,0.08231,10.0,0.0823,24.0,0.0826,10.0,0.08261,24.0
1753531669042,12:07:49.042,BID/USDT:USDT,0.08231,10.0,0.0823,24.0,0.0826,10.0,0.08261,24.0
1753531669198,12:07:49.198,BID/USDT:USDT,0.08231,10.0,0.0823,24.0,0.0826,10.0,0.08261,24.0
1753531670028,12:07:50.028,BID/USDT:USDT,0.08231,10.0,0.0823,24.0,0.0826,10.0,0.08261,24.0
1753531670264,12:07:50.264,BID/USDT:USDT,0.08231,10.0,0.0823,24.0,0.0826,10.0,0.08261,24.0
1753531670522,12:07:50.522,BID/USDT:USDT,0.08231,10.0,0.0823,24.0,0.0826,10.0,0.08261,24.0
1753531671007,12:07:51.007,BID/USDT:USDT,0.08231,10.0,0.0823,24.0,0.0826,10.0,0.08261,24.0
1753531673999,12:07:53.999,BID/USDT:USDT,0.08231,10.0,0.0823,24.0,0.0826,10.0,0.08261,24.0
1753531678798,12:07:58.798,BID/USDT:USDT,0.08231,10.0,0.0823,24.0,0.0826,10.0,0.08261,24.0
1753531679691,12:07:59.691,BID/USDT:USDT,0.08231,10.0,0.0823,24.0,0.0826,10.0,0.08261,24.0
1753531680229,12:08:00.229,BID/USDT:USDT,0.08231,10.0,0.0823,24.0,0.0826,10.0,0.08261,24.0
1753531680326,12:08:00.326,BID/USDT:USDT,0.08231,10.0,0.0823,27.0,0.08261,24.0,0.08268,34.0
1753531680334,12:08:00.334,BID/USDT:USDT,0.08231,10.0,0.0823,27.0,0.08261,24.0,0.08268,34.0
1753531680641,12:08:00.641,BID/USDT:USDT,0.08231,10.0,0.0823,27.0,0.08261,24.0,0.08268,34.0
1753531681259,12:08:01.259,BID/USDT:USDT,0.08231,13.0,0.0823,24.0,0.08261,24.0,0.08268,34.0
1753531681379,12:08:01.379,BID/USDT:USDT,0.08231,13.0,0.0823,24.0,0.08261,24.0,0.08268,34.0
1753531683267,12:08:03.267,BID/USDT:USDT,0.08231,13.0,0.0823,24.0,0.08261,24.0,0.08268,34.0
1753531683336,12:08:03.336,BID/USDT:USDT,0.08231,13.0,0.0823,24.0,0.08261,24.0,0.08268,34.0
1753531683527,12:08:03.527,BID/USDT:USDT,0.08231,13.0,0.0823,24.0,0.08261,24.0,0.08268,34.0
1753531683599,12:08:03.599,BID/USDT:USDT,0.08231,13.0,0.0823,24.0,0.08261,24.0,0.08268,34.0
1753531687124,12:08:07.124,BID/USDT:USDT,0.08231,13.0,0.0823,24.0,0.08261,24.0,0.08268,34.0
1753531688431,12:08:08.431,BID/USDT:USDT,0.08231,13.0,0.0823,24.0,0.08261,24.0,0.08268,34.0
1753531689986,12:08:09.986,BID/USDT:USDT,0.08231,13.0,0.0823,24.0,0.08261,24.0,0.08268,34.0
1753531690046,12:08:10.046,BID/USDT:USDT,0.08231,13.0,0.0823,24.0,0.08261,24.0,0.08268,34.0
1753531690141,12:08:10.141,BID/USDT:USDT,0.08231,13.0,0.0823,24.0,0.08261,24.0,0.08268,34.0
1753531693198,12:08:13.198,BID/USDT:USDT,0.08231,13.0,0.0823,24.0,0.08261,24.0,0.08268,34.0
1753531694521,12:08:14.521,BID/USDT:USDT,0.08211,24.0,0.08203,58.0,0.0824,10.0,0.08241,24.0
1753531694623,12:08:14.623,BID/USDT:USDT,0.08211,24.0,0.08206,27.0,0.0824,10.0,0.08241,24.0
1753531694697,12:08:14.697,BID/USDT:USDT,0.08211,24.0,0.08206,27.0,0.0824,10.0,0.08241,24.0
1753531694822,12:08:14.822,BID/USDT:USDT,0.08212,10.0,0.08211,24.0,0.0824,10.0,0.08241,24.0
1753531694906,12:08:14.906,BID/USDT:USDT,0.08212,10.0,0.08211,24.0,0.0824,10.0,0.08241,24.0
1753531695031,12:08:15.031,BID/USDT:USDT,0.08219,24.0,0.08212,40.0,0.08241,24.0,0.08245,24.0
1753531695065,12:08:15.065,BID/USDT:USDT,0.08219,24.0,0.08212,10.0,0.08241,24.0,0.08245,24.0
1753531695140,12:08:15.140,BID/USDT:USDT,0.08219,24.0,0.08212,10.0,0.08241,24.0,0.08245,24.0
1753531695324,12:08:15.324,BID/USDT:USDT,0.08219,24.0,0.08212,102.0,0.08241,24.0,0.08245,24.0
1753531695482,12:08:15.482,BID/USDT:USDT,0.08219,24.0,0.08212,102.0,0.08241,24.0,0.08245,24.0
1753531695625,12:08:15.625,BID/USDT:USDT,0.08219,24.0,0.08212,102.0,0.08241,24.0,0.08245,24.0
1753531695679,12:08:15.679,BID/USDT:USDT,0.08219,24.0,0.08212,102.0,0.08241,24.0,0.08245,24.0
1753531695952,12:08:15.952,BID/USDT:USDT,0.08219,24.0,0.08212,102.0,0.08241,24.0,0.08245,24.0
1753531697857,12:08:17.857,BID/USDT:USDT,0.08221,10.0,0.0822,129.0,0.08246,24.0,0.08251,24.0
1753531697940,12:08:17.940,BID/USDT:USDT,0.08221,10.0,0.0822,129.0,0.08246,24.0,0.08251,24.0
1753531698107,12:08:18.107,BID/USDT:USDT,0.08221,10.0,0.0822,129.0,0.08246,24.0,0.08251,24.0
1753531698220,12:08:18.220,BID/USDT:USDT,0.08221,10.0,0.0822,129.0,0.08246,24.0,0.08251,24.0
1753531698532,12:08:18.532,BID/USDT:USDT,0.08221,10.0,0.0822,129.0,0.08246,24.0,0.08251,24.0
1753531698535,12:08:18.535,BID/USDT:USDT,0.08221,10.0,0.0822,129.0,0.08246,24.0,0.08251,24.0
1753531698644,12:08:18.644,BID/USDT:USDT,0.08221,10.0,0.0822,129.0,0.08246,24.0,0.08251,24.0
1753531699771,12:08:19.771,BID/USDT:USDT,0.08221,10.0,0.0822,129.0,0.08246,24.0,0.08251,24.0
1753531700245,12:08:20.245,BID/USDT:USDT,0.08221,10.0,0.0822,129.0,0.08246,24.0,0.08251,24.0
1753531700617,12:08:20.617,BID/USDT:USDT,0.08221,10.0,0.0822,129.0,0.08246,24.0,0.08251,24.0
1753531700977,12:08:20.977,BID/USDT:USDT,0.08221,10.0,0.0822,129.0,0.08246,24.0,0.08251,24.0
1753531702292,12:08:22.292,BID/USDT:USDT,0.08221,10.0,0.0822,129.0,0.08246,24.0,0.08251,24.0
1753531705402,12:08:25.402,BID/USDT:USDT,0.08221,10.0,0.0822,129.0,0.08246,24.0,0.08251,24.0
1753531705605,12:08:25.605,BID/USDT:USDT,0.08221,10.0,0.0822,129.0,0.08246,24.0,0.08251,24.0
1753531707466,12:08:27.466,BID/USDT:USDT,0.08221,10.0,0.0822,129.0,0.08246,24.0,0.08251,24.0
1753531707828,12:08:27.828,BID/USDT:USDT,0.08221,10.0,0.0822,129.0,0.08246,24.0,0.08251,24.0
1753531708652,12:08:28.652,BID/USDT:USDT,0.08221,10.0,0.0822,129.0,0.08246,24.0,0.08251,24.0
1753531710202,12:08:30.202,BID/USDT:USDT,0.08221,10.0,0.0822,129.0,0.08246,24.0,0.08251,24.0
1753531710996,12:08:30.996,BID/USDT:USDT,0.08221,10.0,0.0822,129.0,0.08246,24.0,0.08251,24.0
1753531711770,12:08:31.770,BID/USDT:USDT,0.08221,10.0,0.0822,129.0,0.08246,24.0,0.08251,24.0
1753531714103,12:08:34.103,BID/USDT:USDT,0.08221,10.0,0.0822,129.0,0.08246,24.0,0.08251,24.0
1753531714302,12:08:34.302,BID/USDT:USDT,0.08221,10.0,0.0822,129.0,0.08246,24.0,0.08251,24.0
1753531715002,12:08:35.002,BID/USDT:USDT,0.08221,10.0,0.0822,129.0,0.08246,24.0,0.08251,24.0
1753531717560,12:08:37.560,BID/USDT:USDT,0.08221,10.0,0.0822,129.0,0.08246,24.0,0.08251,24.0
1753531717820,12:08:37.820,BID/USDT:USDT,0.08221,24.0,0.0822,129.0,0.08246,24.0,0.08251,24.0
1753531718218,12:08:38.218,BID/USDT:USDT,0.08221,24.0,0.0822,129.0,0.08246,24.0,0.08251,24.0
1753531718490,12:08:38.490,BID/USDT:USDT,0.0822,129.0,0.08219,24.0,0.08245,34.0,0.08246,24.0
1753531718729,12:08:38.729,BID/USDT:USDT,0.0822,129.0,0.08219,24.0,0.08245,34.0,0.08246,24.0
1753531719552,12:08:39.552,BID/USDT:USDT,0.0822,129.0,0.08219,24.0,0.08245,34.0,0.08246,24.0
1753531719803,12:08:39.803,BID/USDT:USDT,0.0822,129.0,0.08219,24.0,0.08245,34.0,0.08246,24.0
1753531723423,12:08:43.423,BID/USDT:USDT,0.0822,129.0,0.08219,24.0,0.08245,34.0,0.08246,24.0
1753531723516,12:08:43.516,BID/USDT:USDT,0.0822,129.0,0.08219,24.0,0.08245,34.0,0.08246,24.0
1753531723558,12:08:43.558,BID/USDT:USDT,0.0822,129.0,0.08219,24.0,0.08245,34.0,0.08246,24.0
1753531724602,12:08:44.602,BID/USDT:USDT,0.0822,129.0,0.08219,24.0,0.08245,34.0,0.08246,24.0
1753531725654,12:08:45.654,BID/USDT:USDT,0.0822,129.0,0.08219,24.0,0.08245,34.0,0.08246,24.0
1753531726559,12:08:46.559,BID/USDT:USDT,0.0822,129.0,0.08219,24.0,0.08245,34.0,0.08246,24.0
1753531727558,12:08:47.558,BID/USDT:USDT,0.0822,129.0,0.08219,24.0,0.08245,34.0,0.08246,24.0
1753531729010,12:08:49.010,BID/USDT:USDT,0.0822,129.0,0.08219,24.0,0.08245,34.0,0.08246,24.0
1753531729044,12:08:49.044,BID/USDT:USDT,0.0822,129.0,0.08219,24.0,0.08245,34.0,0.08246,24.0
1753531729140,12:08:49.140,BID/USDT:USDT,0.0822,129.0,0.08219,24.0,0.08245,34.0,0.08246,24.0
1753531729402,12:08:49.402,BID/USDT:USDT,0.0822,129.0,0.08219,24.0,0.08245,34.0,0.08246,24.0
1753531730559,12:08:50.559,BID/USDT:USDT,0.0822,129.0,0.08219,24.0,0.08245,34.0,0.08246,24.0
1753531732414,12:08:52.414,BID/USDT:USDT,0.0822,129.0,0.08219,24.0,0.08245,34.0,0.08246,24.0
1753531732558,12:08:52.558,BID/USDT:USDT,0.0822,129.0,0.08219,24.0,0.08245,34.0,0.08246,24.0
1753531734202,12:08:54.202,BID/USDT:USDT,0.0822,129.0,0.08219,24.0,0.08245,34.0,0.08246,24.0
1753531734246,12:08:54.246,BID/USDT:USDT,0.0822,129.0,0.08219,24.0,0.08245,34.0,0.08246,24.0
1753531734341,12:08:54.341,BID/USDT:USDT,0.0822,129.0,0.08219,24.0,0.08245,34.0,0.08246,24.0
1753531739002,12:08:59.002,BID/USDT:USDT,0.0822,129.0,0.08219,24.0,0.08245,34.0,0.08246,24.0
1753531739248,12:08:59.248,BID/USDT:USDT,0.0822,129.0,0.08219,24.0,0.08245,34.0,0.08246,24.0
1753531740193,12:09:00.193,BID/USDT:USDT,0.0822,129.0,0.08219,24.0,0.08245,34.0,0.08246,24.0
1753531740263,12:09:00.263,BID/USDT:USDT,0.0822,129.0,0.08219,24.0,0.08245,34.0,0.08246,24.0
1753531740627,12:09:00.627,BID/USDT:USDT,0.08219,24.0,0.08213,93.0,0.08245,34.0,0.08246,24.0
1753531740727,12:09:00.727,BID/USDT:USDT,0.08211,153.0,0.08206,3.0,0.08238,24.0,0.08245,34.0
1753531740796,12:09:00.796,BID/USDT:USDT,0.08211,153.0,0.08206,3.0,0.08238,24.0,0.08245,34.0
1753531740841,12:09:00.841,BID/USDT:USDT,0.08211,153.0,0.08206,3.0,0.08238,24.0,0.08245,34.0
1753531741731,12:09:01.731,BID/USDT:USDT,0.08211,153.0,0.08204,3.0,0.08238,24.0,0.08245,34.0
1753531741789,12:09:01.789,BID/USDT:USDT,0.08211,153.0,0.08204,3.0,0.08238,24.0,0.08245,34.0
1753531741910,12:09:01.910,BID/USDT:USDT,0.08211,153.0,0.08203,24.0,0.08238,24.0,0.08245,34.0
1753531742127,12:09:02.127,BID/USDT:USDT,0.08211,153.0,0.08203,24.0,0.08238,24.0,0.08245,34.0
1753531742215,12:09:02.215,BID/USDT:USDT,0.08211,153.0,0.08203,24.0,0.08237,10.0,0.08238,34.0
1753531742235,12:09:02.235,BID/USDT:USDT,0.08211,153.0,0.08203,24.0,0.08237,10.0,0.08238,24.0
1753531744818,12:09:04.818,BID/USDT:USDT,0.08211,153.0,0.08203,24.0,0.08237,10.0,0.08238,24.0
1753531745303,12:09:05.303,BID/USDT:USDT,0.08203,24.0,0.08202,93.0,0.0823,24.0,0.08236,24.0
1753531745360,12:09:05.360,BID/USDT:USDT,0.08203,24.0,0.08202,93.0,0.0823,24.0,0.08236,24.0
1753531745529,12:09:05.529,BID/USDT:USDT,0.08203,24.0,0.08199,129.0,0.0823,24.0,0.08236,24.0
1753531745608,12:09:05.608,BID/USDT:USDT,0.08203,24.0,0.08199,129.0,0.0823,24.0,0.08236,24.0
1753531745674,12:09:05.674,BID/USDT:USDT,0.08203,24.0,0.08199,129.0,0.0823,24.0,0.08236,24.0
1753531745771,12:09:05.771,BID/USDT:USDT,0.08203,24.0,0.08199,129.0,0.0823,24.0,0.08236,24.0
1753531746024,12:09:06.024,BID/USDT:USDT,0.08203,24.0,0.08197,24.0,0.0823,24.0,0.08236,24.0
1753531746081,12:09:06.081,BID/USDT:USDT,0.08203,24.0,0.08197,24.0,0.0823,24.0,0.08236,24.0
1753531746176,12:09:06.176,BID/USDT:USDT,0.08203,24.0,0.08197,24.0,0.08229,10.0,0.0823,24.0
1753531746283,12:09:06.283,BID/USDT:USDT,0.08203,24.0,0.08197,24.0,0.08229,10.0,0.0823,24.0
1753531746469,12:09:06.469,BID/USDT:USDT,0.08203,24.0,0.08197,24.0,0.08229,10.0,0.0823,24.0
1753531746594,12:09:06.594,BID/USDT:USDT,0.08203,24.0,0.08197,24.0,0.08229,10.0,0.0823,24.0
1753531747238,12:09:07.238,BID/USDT:USDT,0.08203,24.0,0.08197,24.0,0.08229,10.0,0.0823,24.0
1753531748112,12:09:08.112,BID/USDT:USDT,0.08203,24.0,0.08197,24.0,0.08229,10.0,0.0823,24.0
1753531749130,12:09:09.130,BID/USDT:USDT,0.0819,1.0,0.08181,25.0,0.08212,10.0,0.08213,24.0
1753531749221,12:09:09.221,BID/USDT:USDT,0.0819,1.0,0.08181,25.0,0.08212,10.0,0.08213,24.0
1753531749320,12:09:09.320,BID/USDT:USDT,0.08191,24.0,0.0819,1.0,0.08213,24.0,0.08221,93.0
1753531749431,12:09:09.431,BID/USDT:USDT,0.08191,24.0,0.0819,1.0,0.08213,24.0,0.08221,93.0
1753531749561,12:09:09.561,BID/USDT:USDT,0.08191,24.0,0.0819,1.0,0.08213,24.0,0.08221,93.0
1753531749728,12:09:09.728,BID/USDT:USDT,0.08191,24.0,0.0819,1.0,0.08213,24.0,0.08221,93.0
1753531749781,12:09:09.781,BID/USDT:USDT,0.08191,24.0,0.0819,1.0,0.08213,24.0,0.08221,93.0
1753531749843,12:09:09.843,BID/USDT:USDT,0.08191,24.0,0.0819,1.0,0.08213,24.0,0.08221,93.0
1753531750078,12:09:10.078,BID/USDT:USDT,0.08191,24.0,0.0819,1.0,0.08213,24.0,0.08221,93.0
1753531750322,12:09:10.322,BID/USDT:USDT,0.08191,24.0,0.0819,1.0,0.08213,24.0,0.08221,93.0
1753531750559,12:09:10.559,BID/USDT:USDT,0.0819,1.0,0.08181,25.0,0.08213,24.0,0.08221,93.0
1753531751115,12:09:11.115,BID/USDT:USDT,0.0819,1.0,0.08181,25.0,0.08212,10.0,0.08213,34.0
1753531751136,12:09:11.136,BID/USDT:USDT,0.0819,1.0,0.08181,25.0,0.08212,10.0,0.08213,24.0
1753531751519,12:09:11.519,BID/USDT:USDT,0.0819,1.0,0.08181,25.0,0.08212,10.0,0.08213,24.0
1753531751883,12:09:11.883,BID/USDT:USDT,0.0819,1.0,0.08181,25.0,0.08212,10.0,0.08213,24.0
1753531753679,12:09:13.679,BID/USDT:USDT,0.0819,1.0,0.08181,25.0,0.08212,10.0,0.08213,24.0
1753531755028,12:09:15.028,BID/USDT:USDT,0.0819,1.0,0.08181,25.0,0.08212,10.0,0.08213,24.0
1753531755203,12:09:15.203,BID/USDT:USDT,0.0819,1.0,0.08181,25.0,0.08212,10.0,0.08213,24.0
1753531755771,12:09:15.771,BID/USDT:USDT,0.0819,1.0,0.08181,25.0,0.08212,10.0,0.08213,24.0
1753531757602,12:09:17.602,BID/USDT:USDT,0.0819,1.0,0.08181,25.0,0.08212,10.0,0.08213,24.0
1753531757895,12:09:17.895,BID/USDT:USDT,0.0819,1.0,0.08181,25.0,0.08212,10.0,0.08213,24.0
1753531758321,12:09:18.321,BID/USDT:USDT,0.0819,1.0,0.08181,25.0,0.08212,10.0,0.08213,24.0
1753531758433,12:09:18.433,BID/USDT:USDT,0.0819,1.0,0.08181,25.0,0.08212,10.0,0.08213,24.0
1753531758558,12:09:18.558,BID/USDT:USDT,0.0819,1.0,0.08181,25.0,0.08212,10.0,0.08213,24.0
1753531760024,12:09:20.024,BID/USDT:USDT,0.0819,1.0,0.08181,25.0,0.08212,10.0,0.08213,24.0
1753531763126,12:09:23.126,BID/USDT:USDT,0.0819,1.0,0.08181,25.0,0.08212,34.0,0.08213,24.0
1753531763223,12:09:23.223,BID/USDT:USDT,0.0819,1.0,0.08181,25.0,0.08205,34.0,0.08212,34.0
1753531763246,12:09:23.246,BID/USDT:USDT,0.0819,1.0,0.08181,25.0,0.08205,34.0,0.08212,34.0
1753531763341,12:09:23.341,BID/USDT:USDT,0.0819,1.0,0.08181,25.0,0.08205,34.0,0.08212,34.0
1753531763455,12:09:23.455,BID/USDT:USDT,0.0819,1.0,0.08181,25.0,0.08205,34.0,0.08212,34.0
1753531763582,12:09:23.582,BID/USDT:USDT,0.0819,1.0,0.08181,25.0,0.08205,34.0,0.08212,34.0
1753531764013,12:09:24.013,BID/USDT:USDT,0.0819,1.0,0.08181,25.0,0.08205,34.0,0.08212,34.0
1753531764118,12:09:24.118,BID/USDT:USDT,0.0819,1.0,0.08181,25.0,0.08205,34.0,0.08212,34.0
1753531764145,12:09:24.145,BID/USDT:USDT,0.0819,1.0,0.08181,25.0,0.08205,34.0,0.08212,34.0
1753531764255,12:09:24.255,BID/USDT:USDT,0.0819,1.0,0.08181,25.0,0.08205,34.0,0.08212,34.0
1753531764406,12:09:24.406,BID/USDT:USDT,0.0819,1.0,0.08181,25.0,0.08205,34.0,0.08212,34.0
1753531764664,12:09:24.664,BID/USDT:USDT,0.0819,1.0,0.08181,25.0,0.08205,34.0,0.08212,34.0
1753531764821,12:09:24.821,BID/USDT:USDT,0.0819,1.0,0.08181,25.0,0.08205,34.0,0.08212,34.0
1753531764994,12:09:24.994,BID/USDT:USDT,0.0819,1.0,0.08181,25.0,0.08205,34.0,0.08212,34.0
1753531766203,12:09:26.203,BID/USDT:USDT,0.0819,1.0,0.08181,25.0,0.08205,34.0,0.08212,34.0
1753531767170,12:09:27.170,BID/USDT:USDT,0.0819,1.0,0.08181,25.0,0.08205,34.0,0.08212,34.0
1753531767558,12:09:27.558,BID/USDT:USDT,0.0819,1.0,0.08181,25.0,0.08205,34.0,0.08212,34.0
1753531767832,12:09:27.832,BID/USDT:USDT,0.08174,24.0,0.08162,93.0,0.08205,34.0,0.08207,129.0
1753531767929,12:09:27.929,BID/USDT:USDT,0.08172,24.0,0.08161,24.0,0.08197,24.0,0.08202,93.0
1753531767976,12:09:27.976,BID/USDT:USDT,0.08172,24.0,0.08161,24.0,0.08197,24.0,0.08202,93.0
1753531768129,12:09:28.129,BID/USDT:USDT,0.08172,24.0,0.08161,24.0,0.08197,24.0,0.08202,93.0
1753531768325,12:09:28.325,BID/USDT:USDT,0.08168,24.0,0.0816,24.0,0.08197,24.0,0.08201,27.0
1753531768416,12:09:28.416,BID/USDT:USDT,0.08168,24.0,0.08161,24.0,0.08197,24.0,0.08201,24.0
1753531768504,12:09:28.504,BID/USDT:USDT,0.08168,24.0,0.08161,24.0,0.08197,24.0,0.08201,24.0
1753531768559,12:09:28.559,BID/USDT:USDT,0.08168,24.0,0.08161,24.0,0.08197,24.0,0.08201,24.0
1753531768776,12:09:28.776,BID/USDT:USDT,0.08168,24.0,0.08161,24.0,0.08197,24.0,0.08201,24.0
1753531768922,12:09:28.922,BID/USDT:USDT,0.08168,24.0,0.08161,24.0,0.08197,24.0,0.08201,24.0
1753531769029,12:09:29.029,BID/USDT:USDT,0.08168,24.0,0.08161,24.0,0.08197,24.0,0.08201,24.0
1753531769745,12:09:29.745,BID/USDT:USDT,0.08168,24.0,0.08161,24.0,0.08197,24.0,0.08201,24.0
1753531770126,12:09:30.126,BID/USDT:USDT,0.08168,24.0,0.08161,24.0,0.08197,24.0,0.08201,24.0
1753531770191,12:09:30.191,BID/USDT:USDT,0.08168,24.0,0.08161,24.0,0.08197,24.0,0.08201,24.0
1753531770242,12:09:30.242,BID/USDT:USDT,0.08168,24.0,0.08161,24.0,0.08197,24.0,0.08201,24.0
1753531770604,12:09:30.604,BID/USDT:USDT,0.08168,24.0,0.08161,24.0,0.08197,24.0,0.08201,24.0
1753531770904,12:09:30.904,BID/USDT:USDT,0.08168,24.0,0.08161,24.0,0.08197,24.0,0.08201,24.0
1753531770963,12:09:30.963,BID/USDT:USDT,0.08168,24.0,0.08161,24.0,0.08197,24.0,0.08201,24.0
1753531771124,12:09:31.124,BID/USDT:USDT,0.08168,24.0,0.08161,24.0,0.08197,30.0,0.08201,24.0
1753531771132,12:09:31.132,BID/USDT:USDT,0.08168,24.0,0.08161,24.0,0.08197,24.0,0.08201,24.0
1753531771331,12:09:31.331,BID/USDT:USDT,0.08168,24.0,0.08162,3.0,0.08197,24.0,0.08201,24.0
1753531771352,12:09:31.352,BID/USDT:USDT,0.08168,24.0,0.08164,3.0,0.08197,24.0,0.08201,24.0
1753531771506,12:09:31.506,BID/USDT:USDT,0.08168,24.0,0.08164,3.0,0.08197,24.0,0.08201,24.0
1753531772715,12:09:32.715,BID/USDT:USDT,0.08168,24.0,0.08164,3.0,0.08197,24.0,0.08201,24.0
1753531772803,12:09:32.803,BID/USDT:USDT,0.08168,24.0,0.08164,3.0,0.08197,24.0,0.08201,24.0
1753531773026,12:09:33.026,BID/USDT:USDT,0.08168,24.0,0.08161,24.0,0.08188,24.0,0.08197,24.0
1753531773117,12:09:33.117,BID/USDT:USDT,0.08161,24.0,0.0816,24.0,0.08188,24.0,0.08197,24.0
1753531773191,12:09:33.191,BID/USDT:USDT,0.08161,24.0,0.0816,24.0,0.08188,24.0,0.08197,24.0
1753531773282,12:09:33.282,BID/USDT:USDT,0.08161,24.0,0.0816,24.0,0.08188,24.0,0.08197,24.0
1753531773796,12:09:33.796,BID/USDT:USDT,0.08161,24.0,0.0816,24.0,0.08188,24.0,0.08197,24.0
1753531774222,12:09:34.222,BID/USDT:USDT,0.08161,24.0,0.0816,24.0,0.08188,24.0,0.08197,24.0
1753531774243,12:09:34.243,BID/USDT:USDT,0.08161,24.0,0.0816,24.0,0.08188,24.0,0.08197,24.0
1753531774547,12:09:34.547,BID/USDT:USDT,0.08161,24.0,0.0816,24.0,0.08188,24.0,0.08197,24.0
1753531774644,12:09:34.644,BID/USDT:USDT,0.08161,24.0,0.0816,24.0,0.08188,24.0,0.08197,24.0
1753531774888,12:09:34.888,BID/USDT:USDT,0.08161,24.0,0.0816,24.0,0.08188,24.0,0.08197,24.0
1753531775866,12:09:35.866,BID/USDT:USDT,0.08161,24.0,0.0816,24.0,0.08188,24.0,0.08197,24.0
1753531776218,12:09:36.218,BID/USDT:USDT,0.08161,24.0,0.0816,24.0,0.08188,24.0,0.08197,24.0
1753531776681,12:09:36.681,BID/USDT:USDT,0.08161,24.0,0.0816,24.0,0.08188,24.0,0.08197,24.0
1753531777604,12:09:37.604,BID/USDT:USDT,0.08161,24.0,0.0816,24.0,0.08188,24.0,0.08197,24.0
1753531780256,12:09:40.256,BID/USDT:USDT,0.08161,24.0,0.0816,24.0,0.08188,24.0,0.08197,24.0
1753531780717,12:09:40.717,BID/USDT:USDT,0.08161,24.0,0.0816,24.0,0.08188,24.0,0.08197,24.0
1753531780786,12:09:40.786,BID/USDT:USDT,0.08162,10.0,0.08161,24.0,0.08188,24.0,0.08197,24.0
1753531781017,12:09:41.017,BID/USDT:USDT,0.08168,24.0,0.08164,3.0,0.08188,24.0,0.08197,24.0
1753531781129,12:09:41.129,BID/USDT:USDT,0.08168,24.0,0.08165,3.0,0.08197,24.0,0.08201,24.0
1753531781141,12:09:41.141,BID/USDT:USDT,0.08168,24.0,0.08165,3.0,0.08197,24.0,0.08201,24.0
1753531781241,12:09:41.241,BID/USDT:USDT,0.08168,24.0,0.08165,3.0,0.08197,24.0,0.08201,24.0
1753531781550,12:09:41.550,BID/USDT:USDT,0.08168,24.0,0.08165,3.0,0.08197,24.0,0.08201,24.0
1753531781949,12:09:41.949,BID/USDT:USDT,0.08168,24.0,0.08165,3.0,0.08197,24.0,0.08201,24.0
1753531782404,12:09:42.404,BID/USDT:USDT,0.08168,24.0,0.08165,3.0,0.08197,24.0,0.08201,24.0
1753531782816,12:09:42.816,BID/USDT:USDT,0.08162,10.0,0.08161,24.0,0.08188,24.0,0.08197,24.0
1753531782909,12:09:42.909,BID/USDT:USDT,0.08162,10.0,0.08161,24.0,0.08188,24.0,0.08197,24.0
1753531782941,12:09:42.941,BID/USDT:USDT,0.08162,10.0,0.08161,24.0,0.08188,24.0,0.08197,24.0
1753531783198,12:09:43.198,BID/USDT:USDT,0.08162,10.0,0.08161,24.0,0.08188,24.0,0.08197,24.0
1753531783342,12:09:43.342,BID/USDT:USDT,0.08162,10.0,0.08161,24.0,0.08188,24.0,0.08197,24.0
1753531783471,12:09:43.471,BID/USDT:USDT,0.08162,10.0,0.08161,24.0,0.08188,24.0,0.08197,24.0
1753531783614,12:09:43.614,BID/USDT:USDT,0.08162,10.0,0.08161,24.0,0.08188,24.0,0.08197,24.0
1753531787218,12:09:47.218,BID/USDT:USDT,0.08162,10.0,0.08161,24.0,0.08188,24.0,0.08197,24.0
1753531788426,12:09:48.426,BID/USDT:USDT,0.08168,24.0,0.08162,13.0,0.08188,24.0,0.08197,24.0
1753531788491,12:09:48.491,BID/USDT:USDT,0.08168,24.0,0.08162,13.0,0.08188,24.0,0.08197,24.0
1753531788541,12:09:48.541,BID/USDT:USDT,0.08168,24.0,0.08162,13.0,0.08188,24.0,0.08197,24.0
1753531788722,12:09:48.722,BID/USDT:USDT,0.08168,24.0,0.08162,13.0,0.08188,24.0,0.08197,24.0
1753531788877,12:09:48.877,BID/USDT:USDT,0.08168,24.0,0.08162,13.0,0.08188,24.0,0.08197,24.0
1753531789027,12:09:49.027,BID/USDT:USDT,0.08168,24.0,0.08162,10.0,0.08188,24.0,0.08197,24.0
1753531789698,12:09:49.698,BID/USDT:USDT,0.08168,24.0,0.08162,10.0,0.08188,24.0,0.08197,24.0
1753531790114,12:09:50.114,BID/USDT:USDT,0.08168,24.0,0.08162,10.0,0.08188,24.0,0.08197,24.0
1753531790927,12:09:50.927,BID/USDT:USDT,0.08168,24.0,0.08162,10.0,0.08188,24.0,0.08197,24.0
1753531790944,12:09:50.944,BID/USDT:USDT,0.08168,24.0,0.08162,10.0,0.08188,24.0,0.08197,24.0
1753531791435,12:09:51.435,BID/USDT:USDT,0.08168,24.0,0.08162,10.0,0.08188,24.0,0.08197,24.0
1753531792004,12:09:52.004,BID/USDT:USDT,0.08168,24.0,0.08162,10.0,0.08188,24.0,0.08197,24.0
1753531793698,12:09:53.698,BID/USDT:USDT,0.08168,24.0,0.08162,10.0,0.08188,24.0,0.08197,24.0
1753531794950,12:09:54.950,BID/USDT:USDT,0.08168,24.0,0.08162,10.0,0.08188,24.0,0.08197,24.0
1753531796804,12:09:56.804,BID/USDT:USDT,0.08168,24.0,0.08162,10.0,0.08188,24.0,0.08197,24.0
1753531798024,12:09:58.024,BID/USDT:USDT,0.08161,24.0,0.0816,117.0,0.08188,24.0,0.08197,24.0
1753531798055,12:09:58.055,BID/USDT:USDT,0.08161,24.0,0.0816,117.0,0.08188,24.0,0.08197,24.0
1753531798141,12:09:58.141,BID/USDT:USDT,0.08161,24.0,0.0816,117.0,0.08188,24.0,0.08197,24.0
1753531798988,12:09:58.988,BID/USDT:USDT,0.08161,24.0,0.0816,117.0,0.08188,24.0,0.08197,24.0
1753531800178,12:10:00.178,BID/USDT:USDT,0.0816,24.0,0.08155,4.0,0.08188,24.0,0.08197,24.0
1753531800344,12:10:00.344,BID/USDT:USDT,0.0816,24.0,0.08156,3.0,0.08188,24.0,0.08197,24.0
1753531800613,12:10:00.613,BID/USDT:USDT,0.0816,24.0,0.08156,3.0,0.08188,24.0,0.08197,24.0
1753531801536,12:10:01.536,BID/USDT:USDT,0.0816,24.0,0.08157,3.0,0.08188,24.0,0.08197,24.0
1753531802617,12:10:02.617,BID/USDT:USDT,0.08177,24.0,0.08176,3.0,0.08205,24.0,0.08212,24.0
1753531802732,12:10:02.732,BID/USDT:USDT,0.08177,27.0,0.0817,24.0,0.08212,24.0,0.08213,117.0
1753531802832,12:10:02.832,BID/USDT:USDT,0.08179,24.0,0.08177,24.0,0.08205,24.0,0.08212,24.0
1753531803209,12:10:03.209,BID/USDT:USDT,0.08186,24.0,0.08182,3.0,0.08213,117.0,0.08219,77.0
1753531803298,12:10:03.298,BID/USDT:USDT,0.08186,24.0,0.08182,3.0,0.08213,117.0,0.08219,77.0
1753531803412,12:10:03.412,BID/USDT:USDT,0.08186,24.0,0.08179,27.0,0.08213,117.0,0.08219,77.0
1753531803434,12:10:03.434,BID/USDT:USDT,0.08186,24.0,0.08179,27.0,0.08213,117.0,0.08219,77.0
1753531803874,12:10:03.874,BID/USDT:USDT,0.08186,24.0,0.08179,27.0,0.08213,117.0,0.08219,77.0
1753531804302,12:10:04.302,BID/USDT:USDT,0.08186,24.0,0.08179,27.0,0.08213,117.0,0.08219,77.0
1753531805731,12:10:05.731,BID/USDT:USDT,0.08186,24.0,0.0818,3.0,0.08213,117.0,0.08219,77.0
1753531805924,12:10:05.924,BID/USDT:USDT,0.08186,24.0,0.08183,3.0,0.08213,117.0,0.08219,77.0
1753531806115,12:10:06.115,BID/USDT:USDT,0.08194,24.0,0.08186,24.0,0.08213,93.0,0.08219,77.0
1753531806140,12:10:06.140,BID/USDT:USDT,0.08194,24.0,0.08186,27.0,0.08213,93.0,0.08219,77.0
1753531806331,12:10:06.331,BID/USDT:USDT,0.08194,24.0,0.08188,3.0,0.08222,24.0,0.08225,93.0
1753531806346,12:10:06.346,BID/USDT:USDT,0.08194,24.0,0.08188,3.0,0.08222,24.0,0.08225,93.0
1753531806443,12:10:06.443,BID/USDT:USDT,0.08194,24.0,0.08188,3.0,0.08222,25.0,0.08225,93.0
1753531806541,12:10:06.541,BID/USDT:USDT,0.08194,24.0,0.08188,3.0,0.08222,24.0,0.08225,93.0
1753531806633,12:10:06.633,BID/USDT:USDT,0.08194,24.0,0.08188,3.0,0.08222,25.0,0.08225,93.0
1753531806770,12:10:06.770,BID/USDT:USDT,0.08194,24.0,0.08188,3.0,0.08222,24.0,0.08225,93.0
1753531806876,12:10:06.876,BID/USDT:USDT,0.08194,24.0,0.08188,3.0,0.08222,24.0,0.08224,24.0
1753531807125,12:10:07.125,BID/USDT:USDT,0.08194,24.0,0.08188,3.0,0.08222,25.0,0.08224,24.0
1753531807198,12:10:07.198,BID/USDT:USDT,0.08194,24.0,0.08188,3.0,0.08222,25.0,0.08224,24.0
1753531807242,12:10:07.242,BID/USDT:USDT,0.08194,24.0,0.08188,3.0,0.08222,25.0,0.08224,24.0
1753531807435,12:10:07.435,BID/USDT:USDT,0.08194,24.0,0.08188,3.0,0.08222,24.0,0.08224,24.0
1753531808079,12:10:08.079,BID/USDT:USDT,0.08194,24.0,0.08188,3.0,0.08222,24.0,0.08224,24.0
1753531809004,12:10:09.004,BID/USDT:USDT,0.08194,24.0,0.08188,3.0,0.08222,24.0,0.08224,24.0
1753531810163,12:10:10.163,BID/USDT:USDT,0.08186,24.0,0.08179,24.0,0.08214,24.0,0.08222,24.0
1753531810300,12:10:10.300,BID/USDT:USDT,0.08186,24.0,0.08179,27.0,0.08214,24.0,0.08222,24.0
1753531810340,12:10:10.340,BID/USDT:USDT,0.08186,24.0,0.08179,27.0,0.08214,24.0,0.08222,24.0
1753531810519,12:10:10.519,BID/USDT:USDT,0.08186,24.0,0.08179,24.0,0.08214,24.0,0.08222,24.0
1753531810575,12:10:10.575,BID/USDT:USDT,0.08186,24.0,0.08179,27.0,0.08214,25.0,0.08222,24.0
1753531810641,12:10:10.641,BID/USDT:USDT,0.08186,24.0,0.08179,27.0,0.08214,24.0,0.08222,24.0
1753531810859,12:10:10.859,BID/USDT:USDT,0.08186,24.0,0.08179,27.0,0.08214,24.0,0.08222,24.0
1753531810986,12:10:10.986,BID/USDT:USDT,0.08186,24.0,0.08179,27.0,0.08214,24.0,0.08222,24.0
1753531812426,12:10:12.426,BID/USDT:USDT,0.08186,24.0,0.0818,3.0,0.08213,10.0,0.08214,24.0
1753531812584,12:10:12.584,BID/USDT:USDT,0.08186,24.0,0.0818,3.0,0.08213,10.0,0.08214,24.0
1753531813003,12:10:13.003,BID/USDT:USDT,0.08186,24.0,0.0818,3.0,0.08213,10.0,0.08214,24.0
1753531813820,12:10:13.820,BID/USDT:USDT,0.08186,24.0,0.08182,3.0,0.08213,10.0,0.08214,24.0
1753531814525,12:10:14.525,BID/USDT:USDT,0.08186,24.0,0.08185,3.0,0.08214,24.0,0.08222,24.0
1753531814622,12:10:14.622,BID/USDT:USDT,0.08194,24.0,0.08187,3.0,0.08214,24.0,0.08222,24.0
1753531814730,12:10:14.730,BID/USDT:USDT,0.08194,24.0,0.08188,27.0,0.08214,24.0,0.08222,24.0
1753531814825,12:10:14.825,BID/USDT:USDT,0.08188,24.0,0.08186,24.0,0.08214,24.0,0.08222,24.0
1753531814872,12:10:14.872,BID/USDT:USDT,0.08188,24.0,0.08186,24.0,0.08214,24.0,0.08222,24.0
1753531814950,12:10:14.950,BID/USDT:USDT,0.08188,24.0,0.08186,24.0,0.08214,24.0,0.08222,24.0
1753531815044,12:10:15.044,BID/USDT:USDT,0.08188,24.0,0.08186,24.0,0.08214,24.0,0.08222,24.0
1753531815559,12:10:15.559,BID/USDT:USDT,0.08188,24.0,0.08186,24.0,0.08214,24.0,0.08222,24.0
1753531815894,12:10:15.894,BID/USDT:USDT,0.08188,24.0,0.08186,24.0,0.08214,24.0,0.08222,24.0
1753531818605,12:10:18.605,BID/USDT:USDT,0.08188,24.0,0.08186,24.0,0.08214,24.0,0.08222,24.0
1753531823270,12:10:23.270,BID/USDT:USDT,0.08188,24.0,0.08186,24.0,0.08214,24.0,0.08222,24.0
1753531823404,12:10:23.404,BID/USDT:USDT,0.08188,24.0,0.08186,24.0,0.08214,24.0,0.08222,24.0
1753531824965,12:10:24.965,BID/USDT:USDT,0.08188,24.0,0.08186,24.0,0.08214,24.0,0.08222,24.0
1753531827162,12:10:27.162,BID/USDT:USDT,0.08188,24.0,0.08186,24.0,0.08214,24.0,0.08222,24.0
1753531827452,12:10:27.452,BID/USDT:USDT,0.08188,24.0,0.08186,24.0,0.08214,24.0,0.08222,24.0
1753531827571,12:10:27.571,BID/USDT:USDT,0.08188,24.0,0.08186,24.0,0.08214,24.0,0.08222,24.0
1753531827999,12:10:27.999,BID/USDT:USDT,0.08188,24.0,0.08186,24.0,0.08214,24.0,0.08222,24.0
1753531828068,12:10:28.068,BID/USDT:USDT,0.08188,24.0,0.08186,24.0,0.08214,24.0,0.08222,24.0
1753531828205,12:10:28.205,BID/USDT:USDT,0.08188,24.0,0.08186,24.0,0.08214,24.0,0.08222,24.0
1753531828271,12:10:28.271,BID/USDT:USDT,0.08188,24.0,0.08186,24.0,0.08214,24.0,0.08222,24.0
1753531828723,12:10:28.723,BID/USDT:USDT,0.0817,24.0,0.08162,3.0,0.08197,10.0,0.08198,24.0
1753531828826,12:10:28.826,BID/USDT:USDT,0.0817,42.0,0.08165,3.0,0.08198,24.0,0.08203,24.0
1753531828931,12:10:28.931,BID/USDT:USDT,0.0817,60.0,0.08165,3.0,0.08198,24.0,0.08202,24.0
1753531829230,12:10:29.230,BID/USDT:USDT,0.0817,60.0,0.08166,3.0,0.08198,24.0,0.08202,24.0
1753531829257,12:10:29.257,BID/USDT:USDT,0.08178,24.0,0.08171,34.0,0.08198,24.0,0.08203,24.0
1753531829367,12:10:29.367,BID/USDT:USDT,0.08178,24.0,0.08171,34.0,0.08198,24.0,0.08203,24.0
1753531829441,12:10:29.441,BID/USDT:USDT,0.08178,24.0,0.08171,34.0,0.08198,24.0,0.08203,24.0
1753531829718,12:10:29.718,BID/USDT:USDT,0.08178,24.0,0.08171,34.0,0.08198,24.0,0.08202,24.0
1753531830253,12:10:30.253,BID/USDT:USDT,0.08178,24.0,0.08171,34.0,0.08198,24.0,0.08203,24.0
1753531830931,12:10:30.931,BID/USDT:USDT,0.08178,24.0,0.08171,34.0,0.08198,24.0,0.08202,24.0
1753531831732,12:10:31.732,BID/USDT:USDT,0.08178,24.0,0.08171,34.0,0.08198,24.0,0.08202,24.0
1753531831732,12:10:31.732,BID/USDT:USDT,0.08178,24.0,0.08171,34.0,0.08198,24.0,0.08202,24.0
1753531832150,12:10:32.150,BID/USDT:USDT,0.08178,24.0,0.08171,34.0,0.08198,24.0,0.08202,24.0
1753531833081,12:10:33.081,BID/USDT:USDT,0.08178,24.0,0.08171,34.0,0.08198,24.0,0.08202,24.0
1753531835210,12:10:35.210,BID/USDT:USDT,0.08178,24.0,0.08171,34.0,0.08198,24.0,0.08202,24.0
1753531835277,12:10:35.277,BID/USDT:USDT,0.08178,24.0,0.08171,34.0,0.08198,24.0,0.08203,24.0
1753531835569,12:10:35.569,BID/USDT:USDT,0.08178,24.0,0.08171,34.0,0.08198,24.0,0.08202,24.0
1753531838327,12:10:38.327,BID/USDT:USDT,0.08178,24.0,0.08173,3.0,0.08203,24.0,0.08205,93.0
1753531838399,12:10:38.399,BID/USDT:USDT,0.08178,24.0,0.08173,3.0,0.08203,24.0,0.08205,93.0
1753531838464,12:10:38.464,BID/USDT:USDT,0.08178,24.0,0.08173,3.0,0.08203,24.0,0.08205,93.0
1753531838592,12:10:38.592,BID/USDT:USDT,0.08178,24.0,0.08173,3.0,0.08203,24.0,0.08205,93.0
1753531838894,12:10:38.894,BID/USDT:USDT,0.08178,24.0,0.08173,3.0,0.08203,24.0,0.08205,93.0
1753531839007,12:10:39.007,BID/USDT:USDT,0.08178,24.0,0.08173,3.0,0.08203,24.0,0.08205,93.0
1753531839676,12:10:39.676,BID/USDT:USDT,0.08178,24.0,0.08174,3.0,0.08203,24.0,0.08211,24.0
1753531839827,12:10:39.827,BID/USDT:USDT,0.08178,24.0,0.08174,3.0,0.08203,24.0,0.08211,24.0
1753531841056,12:10:41.056,BID/USDT:USDT,0.08178,24.0,0.08174,3.0,0.08203,24.0,0.08211,24.0
1753531841679,12:10:41.679,BID/USDT:USDT,0.08178,24.0,0.08175,3.0,0.08203,24.0,0.08211,24.0
1753531842811,12:10:42.811,BID/USDT:USDT,0.08178,24.0,0.08175,3.0,0.08203,24.0,0.08211,24.0
1753531844535,12:10:44.535,BID/USDT:USDT,0.08178,24.0,0.08176,3.0,0.08203,24.0,0.08211,24.0
1753531844698,12:10:44.698,BID/USDT:USDT,0.08178,27.0,0.08171,34.0,0.08211,24.0,0.08214,24.0
1753531844821,12:10:44.821,BID/USDT:USDT,0.08178,27.0,0.08171,34.0,0.08205,24.0,0.08211,24.0
1753531844840,12:10:44.840,BID/USDT:USDT,0.08178,27.0,0.08171,34.0,0.08205,24.0,0.08211,24.0
1753531845094,12:10:45.094,BID/USDT:USDT,0.08179,10.0,0.08178,27.0,0.08205,24.0,0.08211,24.0
1753531845925,12:10:45.925,BID/USDT:USDT,0.08179,10.0,0.08178,27.0,0.08205,24.0,0.08211,24.0
1753531846407,12:10:46.407,BID/USDT:USDT,0.08179,10.0,0.08178,27.0,0.08205,24.0,0.08211,24.0
1753531847611,12:10:47.611,BID/USDT:USDT,0.08179,10.0,0.08178,27.0,0.08205,24.0,0.08211,24.0
1753531847777,12:10:47.777,BID/USDT:USDT,0.08187,24.0,0.08183,3.0,0.08214,24.0,0.08217,93.0
1753531847854,12:10:47.854,BID/USDT:USDT,0.08187,24.0,0.08183,3.0,0.08214,24.0,0.08217,93.0
1753531848031,12:10:48.031,BID/USDT:USDT,0.08187,24.0,0.08183,3.0,0.08214,24.0,0.08217,93.0
1753531848089,12:10:48.089,BID/USDT:USDT,0.08187,24.0,0.08183,3.0,0.08213,10.0,0.08214,24.0
1753531848853,12:10:48.853,BID/USDT:USDT,0.08187,24.0,0.08183,3.0,0.08213,10.0,0.08214,24.0
1753531850361,12:10:50.361,BID/USDT:USDT,0.08187,24.0,0.08183,3.0,0.08213,10.0,0.08214,24.0
1753531852410,12:10:52.410,BID/USDT:USDT,0.08187,24.0,0.08183,3.0,0.08213,10.0,0.08214,24.0
1753531853181,12:10:53.181,BID/USDT:USDT,0.08187,24.0,0.08183,3.0,0.08213,34.0,0.08214,24.0
1753531855264,12:10:55.264,BID/USDT:USDT,0.08187,48.0,0.08183,3.0,0.08213,34.0,0.08214,24.0
1753531856944,12:10:56.944,BID/USDT:USDT,0.08188,10.0,0.08187,48.0,0.08213,34.0,0.08214,24.0
1753531857212,12:10:57.212,BID/USDT:USDT,0.08188,10.0,0.08187,48.0,0.08213,34.0,0.08214,24.0
1753531857726,12:10:57.726,BID/USDT:USDT,0.08188,10.0,0.08187,48.0,0.08213,34.0,0.08214,24.0
1753531859097,12:10:59.097,BID/USDT:USDT,0.08188,10.0,0.08187,48.0,0.08213,34.0,0.08214,24.0
1753531859603,12:10:59.603,BID/USDT:USDT,0.08188,28.0,0.08187,24.0,0.08213,34.0,0.08214,24.0
1753531860218,12:11:00.218,BID/USDT:USDT,0.08188,28.0,0.08187,24.0,0.08214,24.0,0.08222,24.0
1753531860532,12:11:00.532,BID/USDT:USDT,0.08196,24.0,0.08191,3.0,0.08222,24.0,0.08224,24.0
1753531860615,12:11:00.615,BID/USDT:USDT,0.08196,24.0,0.08192,3.0,0.08222,24.0,0.08224,24.0
1753531860641,12:11:00.641,BID/USDT:USDT,0.08196,24.0,0.08192,3.0,0.08222,24.0,0.08224,24.0
1753531860928,12:11:00.928,BID/USDT:USDT,0.08196,24.0,0.08193,3.0,0.08222,24.0,0.08227,24.0
1753531861028,12:11:01.028,BID/USDT:USDT,0.08196,32.0,0.08194,3.0,0.08222,24.0,0.08227,24.0
1753531861037,12:11:01.037,BID/USDT:USDT,0.08196,24.0,0.08194,3.0,0.08222,24.0,0.08227,24.0
1753531861231,12:11:01.231,BID/USDT:USDT,0.08196,32.0,0.08194,3.0,0.08222,24.0,0.08227,24.0
1753531861916,12:11:01.916,BID/USDT:USDT,0.08197,26.0,0.08196,35.0,0.08222,24.0,0.0823,24.0
1753531862029,12:11:02.029,BID/USDT:USDT,0.08197,38.0,0.08196,35.0,0.08222,24.0,0.0823,24.0
1753531862053,12:11:02.053,BID/USDT:USDT,0.08197,44.0,0.08196,35.0,0.08222,24.0,0.0823,24.0
1753531862624,12:11:02.624,BID/USDT:USDT,0.08197,44.0,0.08196,32.0,0.08222,24.0,0.0823,24.0
1753531862714,12:11:02.714,BID/USDT:USDT,0.08197,44.0,0.08196,32.0,0.08222,24.0,0.0823,24.0
1753531862922,12:11:02.922,BID/USDT:USDT,0.08197,44.0,0.08196,32.0,0.08222,24.0,0.08229,10.0
1753531863006,12:11:03.006,BID/USDT:USDT,0.08197,36.0,0.08196,32.0,0.08222,24.0,0.08229,10.0
1753531863103,12:11:03.103,BID/USDT:USDT,0.08197,24.0,0.08196,32.0,0.08222,24.0,0.08229,10.0
1753531863163,12:11:03.163,BID/USDT:USDT,0.08197,10.0,0.08196,24.0,0.08222,24.0,0.08229,10.0
1753531863245,12:11:03.245,BID/USDT:USDT,0.08197,10.0,0.08196,24.0,0.08222,24.0,0.08229,10.0
1753531863822,12:11:03.822,BID/USDT:USDT,0.08197,10.0,0.08196,24.0,0.08222,24.0,0.08229,10.0
1753531864858,12:11:04.858,BID/USDT:USDT,0.08197,10.0,0.08196,24.0,0.08222,24.0,0.08229,10.0
1753531865354,12:11:05.354,BID/USDT:USDT,0.08196,24.0,0.0819,10.0,0.08222,24.0,0.08229,10.0
1753531865826,12:11:05.826,BID/USDT:USDT,0.08196,24.0,0.0819,10.0,0.08222,24.0,0.08229,10.0
1753531865847,12:11:05.847,BID/USDT:USDT,0.08196,24.0,0.0819,10.0,0.08221,34.0,0.08222,24.0
1753531866820,12:11:06.820,BID/USDT:USDT,0.08196,24.0,0.08187,27.0,0.08221,34.0,0.08222,24.0
1753531867077,12:11:07.077,BID/USDT:USDT,0.08196,24.0,0.08187,27.0,0.08221,34.0,0.08222,24.0
1753531867897,12:11:07.897,BID/USDT:USDT,0.08196,24.0,0.08187,27.0,0.08221,34.0,0.08222,24.0
1753531868519,12:11:08.519,BID/USDT:USDT,0.08206,24.0,0.082,3.0,0.0823,24.0,0.08236,24.0
1753531868577,12:11:08.577,BID/USDT:USDT,0.08206,24.0,0.082,3.0,0.0823,24.0,0.08236,24.0
1753531868715,12:11:08.715,BID/USDT:USDT,0.08206,24.0,0.082,3.0,0.0823,24.0,0.08236,24.0
1753531868830,12:11:08.830,BID/USDT:USDT,0.08216,10.0,0.08215,24.0,0.08245,24.0,0.08246,24.0
1753531868913,12:11:08.913,BID/USDT:USDT,0.08216,10.0,0.08215,24.0,0.08245,24.0,0.08246,24.0
1753531868954,12:11:08.954,BID/USDT:USDT,0.08216,10.0,0.08215,24.0,0.08245,24.0,0.08246,24.0
1753531869132,12:11:09.132,BID/USDT:USDT,0.08216,10.0,0.08215,24.0,0.08245,24.0,0.08246,24.0
1753531869132,12:11:09.132,BID/USDT:USDT,0.08216,10.0,0.08215,24.0,0.08245,24.0,0.08246,24.0
1753531869318,12:11:09.318,BID/USDT:USDT,0.08216,10.0,0.08215,24.0,0.08245,24.0,0.08246,24.0
1753531869550,12:11:09.550,BID/USDT:USDT,0.08216,10.0,0.08215,24.0,0.08245,24.0,0.08246,24.0
1753531869803,12:11:09.803,BID/USDT:USDT,0.08216,10.0,0.08215,24.0,0.08244,10.0,0.08245,34.0
1753531869954,12:11:09.954,BID/USDT:USDT,0.08216,10.0,0.08215,24.0,0.08244,10.0,0.08245,34.0
1753531870485,12:11:10.485,BID/USDT:USDT,0.08216,10.0,0.08215,24.0,0.08244,10.0,0.08245,34.0
1753531870774,12:11:10.774,BID/USDT:USDT,0.08216,10.0,0.08215,24.0,0.08244,10.0,0.08245,34.0
1753531873026,12:11:13.026,BID/USDT:USDT,0.08216,10.0,0.08215,24.0,0.08244,10.0,0.08245,34.0
1753531873671,12:11:13.671,BID/USDT:USDT,0.08216,10.0,0.08215,24.0,0.08244,10.0,0.08245,34.0
1753531875558,12:11:15.558,BID/USDT:USDT,0.08216,10.0,0.08215,24.0,0.08244,10.0,0.08245,34.0
1753531876106,12:11:16.106,BID/USDT:USDT,0.08216,34.0,0.08215,24.0,0.08244,10.0,0.08245,34.0
1753531876370,12:11:16.370,BID/USDT:USDT,0.08216,34.0,0.08215,24.0,0.08244,10.0,0.08245,34.0
1753531877827,12:11:17.827,BID/USDT:USDT,0.08216,34.0,0.08215,24.0,0.08244,10.0,0.08245,34.0
1753531880389,12:11:20.389,BID/USDT:USDT,0.08216,34.0,0.08215,24.0,0.08244,10.0,0.08245,34.0
1753531881816,12:11:21.816,BID/USDT:USDT,0.08223,24.0,0.08216,34.0,0.08245,24.0,0.08246,24.0
1753531881840,12:11:21.840,BID/USDT:USDT,0.08223,24.0,0.08216,34.0,0.08245,24.0,0.08246,24.0
1753531881946,12:11:21.946,BID/USDT:USDT,0.08223,24.0,0.08216,34.0,0.08245,24.0,0.08246,24.0
1753531882060,12:11:22.060,BID/USDT:USDT,0.08223,24.0,0.08216,34.0,0.08245,24.0,0.08246,24.0
1753531882627,12:11:22.627,BID/USDT:USDT,0.08223,24.0,0.08216,34.0,0.08245,24.0,0.08246,24.0
1753531882878,12:11:22.878,BID/USDT:USDT,0.08223,24.0,0.08216,34.0,0.08245,24.0,0.08246,24.0
1753531883229,12:11:23.229,BID/USDT:USDT,0.08223,24.0,0.08216,34.0,0.08245,24.0,0.08246,24.0
1753531884996,12:11:24.996,BID/USDT:USDT,0.08223,24.0,0.08216,34.0,0.08245,24.0,0.08246,24.0
1753531885113,12:11:25.113,BID/USDT:USDT,0.08223,24.0,0.08216,34.0,0.08245,24.0,0.08246,24.0
1753531887429,12:11:27.429,BID/USDT:USDT,0.08223,24.0,0.08216,34.0,0.08245,24.0,0.08246,24.0
1753531892227,12:11:32.227,BID/USDT:USDT,0.08223,24.0,0.08216,34.0,0.08245,24.0,0.08246,24.0
1753531892235,12:11:32.235,BID/USDT:USDT,0.08223,24.0,0.08216,34.0,0.08245,24.0,0.08246,24.0
1753531892425,12:11:32.425,BID/USDT:USDT,0.08223,24.0,0.08216,34.0,0.08245,24.0,0.08246,24.0
1753531892495,12:11:32.495,BID/USDT:USDT,0.08223,24.0,0.08216,34.0,0.08245,24.0,0.08246,24.0
1753531892980,12:11:32.980,BID/USDT:USDT,0.08223,24.0,0.08216,34.0,0.08245,24.0,0.08246,24.0
1753531893070,12:11:33.070,BID/USDT:USDT,0.08223,24.0,0.08216,34.0,0.08245,24.0,0.08246,24.0
1753531893152,12:11:33.152,BID/USDT:USDT,0.08223,24.0,0.08216,34.0,0.08245,24.0,0.08246,24.0
1753531893354,12:11:33.354,BID/USDT:USDT,0.08223,24.0,0.08216,34.0,0.08245,24.0,0.08246,24.0
1753531893781,12:11:33.781,BID/USDT:USDT,0.08223,24.0,0.08216,34.0,0.08245,24.0,0.08246,24.0
1753531894397,12:11:34.397,BID/USDT:USDT,0.08223,24.0,0.08216,34.0,0.08245,24.0,0.08246,24.0
1753531894619,12:11:34.619,BID/USDT:USDT,0.08223,24.0,0.08216,34.0,0.08245,24.0,0.08246,24.0
1753531895130,12:11:35.130,BID/USDT:USDT,0.08223,24.0,0.08216,34.0,0.08245,24.0,0.08246,24.0
1753531895456,12:11:35.456,BID/USDT:USDT,0.08223,24.0,0.08216,34.0,0.08245,24.0,0.08246,24.0
1753531895883,12:11:35.883,BID/USDT:USDT,0.08223,24.0,0.08216,34.0,0.08245,24.0,0.08246,24.0
1753531896352,12:11:36.352,BID/USDT:USDT,0.08223,24.0,0.08216,34.0,0.08245,24.0,0.08246,24.0
1753531896530,12:11:36.530,BID/USDT:USDT,0.08223,24.0,0.08221,3.0,0.0825,93.0,0.08251,24.0
1753531896598,12:11:36.598,BID/USDT:USDT,0.08223,24.0,0.08221,3.0,0.0825,93.0,0.08251,24.0
1753531896722,12:11:36.722,BID/USDT:USDT,0.08223,24.0,0.08221,3.0,0.08251,24.0,0.08254,24.0
1753531896928,12:11:36.928,BID/USDT:USDT,0.08223,24.0,0.08221,3.0,0.08251,24.0,0.08254,24.0
1753531897058,12:11:37.058,BID/USDT:USDT,0.08223,24.0,0.08221,3.0,0.08251,24.0,0.08254,24.0
1753531897540,12:11:37.540,BID/USDT:USDT,0.08223,24.0,0.08221,3.0,0.08251,24.0,0.08254,24.0
1753531897971,12:11:37.971,BID/USDT:USDT,0.08223,24.0,0.08221,3.0,0.08251,24.0,0.08254,24.0
1753531898512,12:11:38.512,BID/USDT:USDT,0.08223,24.0,0.08221,3.0,0.0825,10.0,0.08251,24.0
1753531898821,12:11:38.821,BID/USDT:USDT,0.08223,24.0,0.08221,3.0,0.0825,10.0,0.08251,24.0
1753531899252,12:11:39.252,BID/USDT:USDT,0.08223,24.0,0.08221,3.0,0.0825,10.0,0.08251,24.0
1753531900027,12:11:40.027,BID/USDT:USDT,0.08223,24.0,0.08221,3.0,0.0825,10.0,0.08251,24.0
1753531901898,12:11:41.898,BID/USDT:USDT,0.08223,24.0,0.08218,3.0,0.0825,10.0,0.08251,24.0
1753531902056,12:11:42.056,BID/USDT:USDT,0.08223,24.0,0.08216,127.0,0.0825,10.0,0.08251,24.0
1753531902150,12:11:42.150,BID/USDT:USDT,0.08223,24.0,0.08216,127.0,0.0825,10.0,0.08251,24.0
1753531902429,12:11:42.429,BID/USDT:USDT,0.08223,24.0,0.08216,127.0,0.0825,10.0,0.08251,24.0
1753531902886,12:11:42.886,BID/USDT:USDT,0.08223,24.0,0.08216,127.0,0.0825,10.0,0.08251,24.0
1753531904474,12:11:44.474,BID/USDT:USDT,0.08223,24.0,0.08216,130.0,0.0825,10.0,0.08251,24.0
1753531904720,12:11:44.720,BID/USDT:USDT,0.08223,24.0,0.08217,3.0,0.0825,10.0,0.08251,24.0
1753531904827,12:11:44.827,BID/USDT:USDT,0.08223,24.0,0.08217,3.0,0.0825,10.0,0.08251,24.0
1753531904919,12:11:44.919,BID/USDT:USDT,0.08223,24.0,0.08219,3.0,0.0825,10.0,0.08251,24.0
1753531906115,12:11:46.115,BID/USDT:USDT,0.08223,24.0,0.08219,3.0,0.0825,10.0,0.08251,24.0
1753531906644,12:11:46.644,BID/USDT:USDT,0.08223,24.0,0.0822,3.0,0.0825,10.0,0.08251,24.0
1753531906765,12:11:46.765,BID/USDT:USDT,0.08223,24.0,0.08221,3.0,0.0825,10.0,0.08251,24.0
1753531908368,12:11:48.368,BID/USDT:USDT,0.08224,10.0,0.08223,24.0,0.0825,10.0,0.08251,24.0
1753531908944,12:11:48.944,BID/USDT:USDT,0.08224,10.0,0.08223,24.0,0.0825,10.0,0.08251,24.0
1753531909221,12:11:49.221,BID/USDT:USDT,0.08224,26.0,0.08223,24.0,0.0825,10.0,0.08251,24.0
1753531909627,12:11:49.627,BID/USDT:USDT,0.08224,26.0,0.08223,24.0,0.0825,10.0,0.08251,24.0
1753531910112,12:11:50.112,BID/USDT:USDT,0.08225,3.0,0.08224,26.0,0.08251,24.0,0.08254,24.0
1753531910194,12:11:50.194,BID/USDT:USDT,0.08225,13.0,0.08224,26.0,0.08251,24.0,0.08254,24.0
1753531910800,12:11:50.800,BID/USDT:USDT,0.08225,19.0,0.08224,26.0,0.08251,24.0,0.08254,24.0
1753531910995,12:11:50.995,BID/USDT:USDT,0.08225,19.0,0.08224,26.0,0.08251,24.0,0.08254,24.0
1753531911126,12:11:51.126,BID/USDT:USDT,0.08225,19.0,0.08224,26.0,0.08251,24.0,0.08254,24.0
1753531911533,12:11:51.533,BID/USDT:USDT,0.08225,19.0,0.08224,26.0,0.08251,24.0,0.08254,24.0
1753531912328,12:11:52.328,BID/USDT:USDT,0.08225,27.0,0.08224,10.0,0.08251,24.0,0.08254,24.0
1753531912343,12:11:52.343,BID/USDT:USDT,0.08225,27.0,0.08224,10.0,0.08251,24.0,0.08254,24.0
1753531912441,12:11:52.441,BID/USDT:USDT,0.08225,27.0,0.08224,10.0,0.08251,24.0,0.08254,24.0
1753531912547,12:11:52.547,BID/USDT:USDT,0.08225,27.0,0.08224,10.0,0.08251,24.0,0.08254,24.0
1753531912641,12:11:52.641,BID/USDT:USDT,0.08225,27.0,0.08224,10.0,0.08251,24.0,0.08254,24.0
1753531913129,12:11:53.129,BID/USDT:USDT,0.08225,58.0,0.08224,10.0,0.08251,24.0,0.08254,24.0
1753531913135,12:11:53.135,BID/USDT:USDT,0.08225,47.0,0.08224,10.0,0.08251,24.0,0.08254,24.0
1753531913310,12:11:53.310,BID/USDT:USDT,0.08226,10.0,0.08225,47.0,0.08251,24.0,0.08254,24.0
1753531913693,12:11:53.693,BID/USDT:USDT,0.08226,10.0,0.08225,36.0,0.08251,24.0,0.08254,24.0
1753531913831,12:11:53.831,BID/USDT:USDT,0.08226,17.0,0.08225,30.0,0.08251,24.0,0.08254,24.0
1753531913836,12:11:53.836,BID/USDT:USDT,0.08226,24.0,0.08225,30.0,0.08251,24.0,0.08254,24.0
1753531914322,12:11:54.322,BID/USDT:USDT,0.08226,35.0,0.08225,30.0,0.08251,24.0,0.08254,24.0
1753531914428,12:11:54.428,BID/USDT:USDT,0.08226,35.0,0.08225,30.0,0.08251,24.0,0.08254,24.0
1753531915121,12:11:55.121,BID/USDT:USDT,0.08226,35.0,0.08225,30.0,0.08251,24.0,0.08254,24.0
1753531915326,12:11:55.326,BID/USDT:USDT,0.08226,35.0,0.08225,23.0,0.08251,24.0,0.08254,24.0
1753531915420,12:11:55.420,BID/USDT:USDT,0.08226,35.0,0.08225,12.0,0.08251,24.0,0.08254,24.0
1753531915834,12:11:55.834,BID/USDT:USDT,0.08226,35.0,0.08225,12.0,0.08251,24.0,0.08254,24.0
1753531916271,12:11:56.271,BID/USDT:USDT,0.08226,35.0,0.08225,3.0,0.08251,24.0,0.08254,24.0
1753531916374,12:11:56.374,BID/USDT:USDT,0.08226,47.0,0.08225,3.0,0.08251,24.0,0.08254,24.0
1753531916655,12:11:56.655,BID/USDT:USDT,0.08226,47.0,0.08225,3.0,0.08251,24.0,0.08254,24.0
1753531917024,12:11:57.024,BID/USDT:USDT,0.08226,59.0,0.08225,3.0,0.08251,24.0,0.08254,24.0
1753531917078,12:11:57.078,BID/USDT:USDT,0.08226,71.0,0.08225,3.0,0.08251,24.0,0.08254,24.0
1753531919227,12:11:59.227,BID/USDT:USDT,0.08226,71.0,0.08225,3.0,0.08251,24.0,0.08254,24.0
1753531919483,12:11:59.483,BID/USDT:USDT,0.08226,71.0,0.08225,3.0,0.08251,24.0,0.08254,24.0
1753531920232,12:12:00.232,BID/USDT:USDT,0.08227,24.0,0.08219,3.0,0.08251,24.0,0.08254,24.0
1753531920303,12:12:00.303,BID/USDT:USDT,0.08227,24.0,0.08221,135.0,0.08251,24.0,0.08254,24.0
1753531920394,12:12:00.394,BID/USDT:USDT,0.08227,24.0,0.08222,3.0,0.08251,24.0,0.08254,24.0
1753531920500,12:12:00.500,BID/USDT:USDT,0.08227,30.0,0.08223,3.0,0.08251,24.0,0.08254,24.0
1753531920562,12:12:00.562,BID/USDT:USDT,0.08227,42.0,0.08223,3.0,0.08251,24.0,0.08254,24.0
1753531920940,12:12:00.940,BID/USDT:USDT,0.08227,42.0,0.08224,3.0,0.08251,24.0,0.08254,24.0
1753531921217,12:12:01.217,BID/USDT:USDT,0.08228,10.0,0.08227,42.0,0.08251,24.0,0.08254,24.0
1753531921320,12:12:01.320,BID/USDT:USDT,0.08228,40.0,0.08227,42.0,0.08251,24.0,0.08254,24.0
1753531921395,12:12:01.395,BID/USDT:USDT,0.08228,40.0,0.08227,42.0,0.08251,24.0,0.08254,24.0
1753531921527,12:12:01.527,BID/USDT:USDT,0.08228,16.0,0.08227,42.0,0.08251,24.0,0.08254,24.0
1753531921943,12:12:01.943,BID/USDT:USDT,0.08228,16.0,0.08227,42.0,0.08251,24.0,0.08254,24.0
1753531922213,12:12:02.213,BID/USDT:USDT,0.08228,22.0,0.08227,42.0,0.08251,24.0,0.08254,24.0
1753531923065,12:12:03.065,BID/USDT:USDT,0.08228,28.0,0.08227,42.0,0.08251,24.0,0.08254,24.0
1753531923444,12:12:03.444,BID/USDT:USDT,0.08228,28.0,0.08227,36.0,0.08251,24.0,0.08254,24.0
1753531923559,12:12:03.559,BID/USDT:USDT,0.08228,28.0,0.08227,36.0,0.08251,24.0,0.08254,24.0
1753531923673,12:12:03.673,BID/USDT:USDT,0.08228,28.0,0.08227,30.0,0.08251,24.0,0.08254,24.0
1753531924028,12:12:04.028,BID/USDT:USDT,0.08228,22.0,0.08227,24.0,0.08251,24.0,0.08254,24.0
1753531924118,12:12:04.118,BID/USDT:USDT,0.08228,28.0,0.08227,24.0,0.08251,24.0,0.08254,24.0
1753531924373,12:12:04.373,BID/USDT:USDT,0.08228,28.0,0.08227,24.0,0.08251,24.0,0.08254,24.0
1753531924719,12:12:04.719,BID/USDT:USDT,0.08228,28.0,0.08227,24.0,0.08251,24.0,0.08254,24.0
1753531924780,12:12:04.780,BID/USDT:USDT,0.08228,39.0,0.08227,24.0,0.08251,24.0,0.08254,24.0
1753531925625,12:12:05.625,BID/USDT:USDT,0.08228,28.0,0.08227,24.0,0.08251,24.0,0.08254,24.0
1753531925668,12:12:05.668,BID/USDT:USDT,0.08228,34.0,0.08227,24.0,0.08251,24.0,0.08254,24.0
1753531926001,12:12:06.001,BID/USDT:USDT,0.08228,46.0,0.08227,24.0,0.08251,24.0,0.08254,24.0
1753531926036,12:12:06.036,BID/USDT:USDT,0.08228,52.0,0.08227,24.0,0.08251,24.0,0.08254,24.0
1753531926828,12:12:06.828,BID/USDT:USDT,0.08228,10.0,0.08227,24.0,0.08251,24.0,0.08254,24.0
1753531927022,12:12:07.022,BID/USDT:USDT,0.08228,10.0,0.08227,24.0,0.08251,24.0,0.08254,24.0
1753531927420,12:12:07.420,BID/USDT:USDT,0.08228,10.0,0.08227,24.0,0.08251,24.0,0.08254,24.0
1753531928321,12:12:08.321,BID/USDT:USDT,0.08228,10.0,0.08227,24.0,0.08251,24.0,0.08254,24.0
1753531928828,12:12:08.828,BID/USDT:USDT,0.08228,10.0,0.08227,24.0,0.08251,24.0,0.08254,24.0
1753531929420,12:12:09.420,BID/USDT:USDT,0.08228,34.0,0.08227,24.0,0.08254,24.0,0.0826,1.0
1753531929522,12:12:09.522,BID/USDT:USDT,0.08228,40.0,0.08227,24.0,0.08254,24.0,0.0826,1.0
1753531929580,12:12:09.580,BID/USDT:USDT,0.08228,34.0,0.08227,24.0,0.0826,1.0,0.08261,117.0
1753531929733,12:12:09.733,BID/USDT:USDT,0.08235,24.0,0.08228,46.0,0.0826,1.0,0.08261,24.0
1753531929828,12:12:09.828,BID/USDT:USDT,0.08235,24.0,0.08228,37.0,0.0826,1.0,0.08261,24.0
1753531929890,12:12:09.890,BID/USDT:USDT,0.08235,24.0,0.08228,37.0,0.0826,1.0,0.08261,24.0
1753531930017,12:12:10.017,BID/USDT:USDT,0.08235,24.0,0.08229,3.0,0.0826,1.0,0.08261,24.0
1753531930270,12:12:10.270,BID/USDT:USDT,0.08235,24.0,0.08229,3.0,0.0826,1.0,0.08261,24.0
1753531930854,12:12:10.854,BID/USDT:USDT,0.08235,24.0,0.08229,3.0,0.0826,1.0,0.08261,24.0
1753531931282,12:12:11.282,BID/USDT:USDT,0.08235,24.0,0.08229,3.0,0.0826,1.0,0.08261,24.0
1753531932095,12:12:12.095,BID/USDT:USDT,0.08235,24.0,0.08229,3.0,0.0826,11.0,0.08261,24.0
1753531932503,12:12:12.503,BID/USDT:USDT,0.08235,24.0,0.08229,3.0,0.0826,11.0,0.08261,24.0
1753531932921,12:12:12.921,BID/USDT:USDT,0.08235,24.0,0.08229,3.0,0.0826,11.0,0.08261,24.0
1753531933368,12:12:13.368,BID/USDT:USDT,0.08235,24.0,0.08228,34.0,0.0826,11.0,0.08261,24.0
1753531933457,12:12:13.457,BID/USDT:USDT,0.08235,24.0,0.08228,34.0,0.0826,11.0,0.08261,24.0
1753531933740,12:12:13.740,BID/USDT:USDT,0.08235,24.0,0.08228,34.0,0.0826,11.0,0.08261,24.0
1753531934157,12:12:14.157,BID/USDT:USDT,0.08235,24.0,0.08228,34.0,0.0826,11.0,0.08261,24.0
1753531934430,12:12:14.430,BID/USDT:USDT,0.08235,24.0,0.08228,34.0,0.0826,11.0,0.08261,24.0
1753531937143,12:12:17.143,BID/USDT:USDT,0.08235,24.0,0.08228,34.0,0.0826,11.0,0.08261,24.0
1753531938560,12:12:18.560,BID/USDT:USDT,0.08235,24.0,0.08228,37.0,0.0826,11.0,0.08261,24.0
1753531939228,12:12:19.228,BID/USDT:USDT,0.08235,24.0,0.08228,37.0,0.0826,11.0,0.08261,24.0
1753531939778,12:12:19.778,BID/USDT:USDT,0.08235,24.0,0.08232,3.0,0.0826,1.0,0.08266,24.0
1753531939930,12:12:19.930,BID/USDT:USDT,0.08235,30.0,0.08233,3.0,0.0826,1.0,0.08266,24.0
1753531940005,12:12:20.005,BID/USDT:USDT,0.08235,36.0,0.08233,3.0,0.0826,1.0,0.08265,10.0
1753531940202,12:12:20.202,BID/USDT:USDT,0.08235,36.0,0.08233,3.0,0.0826,1.0,0.08265,10.0
1753531940424,12:12:20.424,BID/USDT:USDT,0.08235,30.0,0.08233,3.0,0.0826,1.0,0.08265,10.0
1753531941022,12:12:21.022,BID/USDT:USDT,0.08235,30.0,0.08233,3.0,0.0826,1.0,0.08265,10.0
1753531941443,12:12:21.443,BID/USDT:USDT,0.08235,30.0,0.08233,3.0,0.0826,1.0,0.08265,10.0
1753531942811,12:12:22.811,BID/USDT:USDT,0.08235,36.0,0.08233,3.0,0.0826,1.0,0.08265,10.0
1753531942865,12:12:22.865,BID/USDT:USDT,0.08235,30.0,0.08233,3.0,0.0826,1.0,0.08265,10.0
1753531943116,12:12:23.116,BID/USDT:USDT,0.08235,37.0,0.08233,3.0,0.0826,1.0,0.08265,10.0
1753531944030,12:12:24.030,BID/USDT:USDT,0.08235,37.0,0.08233,3.0,0.0826,1.0,0.08265,10.0
1753531944401,12:12:24.401,BID/USDT:USDT,0.08235,37.0,0.08234,3.0,0.0826,1.0,0.08265,10.0
1753531945029,12:12:25.029,BID/USDT:USDT,0.08235,45.0,0.08234,3.0,0.0826,1.0,0.08265,10.0
1753531945407,12:12:25.407,BID/USDT:USDT,0.08235,48.0,0.08228,127.0,0.0826,1.0,0.08265,10.0
1753531945902,12:12:25.902,BID/USDT:USDT,0.08235,41.0,0.08228,127.0,0.0826,1.0,0.08265,10.0
1753531946776,12:12:26.776,BID/USDT:USDT,0.08235,24.0,0.08232,3.0,0.0826,1.0,0.08265,10.0
1753531947558,12:12:27.558,BID/USDT:USDT,0.08235,24.0,0.08232,3.0,0.0826,1.0,0.08265,10.0
1753531947933,12:12:27.933,BID/USDT:USDT,0.08228,103.0,0.08227,24.0,0.08257,24.0,0.0826,1.0
1753531948023,12:12:28.023,BID/USDT:USDT,0.08228,103.0,0.08227,24.0,0.08257,24.0,0.0826,1.0
1753531948041,12:12:28.041,BID/USDT:USDT,0.08228,103.0,0.08227,24.0,0.08257,24.0,0.0826,1.0
1753531948318,12:12:28.318,BID/USDT:USDT,0.08228,103.0,0.08227,24.0,0.08257,24.0,0.0826,1.0
1753531948342,12:12:28.342,BID/USDT:USDT,0.08228,103.0,0.08227,24.0,0.08257,24.0,0.0826,1.0
1753531948574,12:12:28.574,BID/USDT:USDT,0.08228,103.0,0.08227,24.0,0.08257,24.0,0.0826,1.0
1753531948830,12:12:28.830,BID/USDT:USDT,0.08228,10.0,0.08227,24.0,0.08257,24.0,0.0826,1.0
1753531948909,12:12:28.909,BID/USDT:USDT,0.08228,10.0,0.08227,24.0,0.08256,10.0,0.08257,34.0
1753531949074,12:12:29.074,BID/USDT:USDT,0.08228,10.0,0.08227,24.0,0.08256,34.0,0.08257,34.0
1753531949166,12:12:29.166,BID/USDT:USDT,0.08228,10.0,0.08227,24.0,0.08256,34.0,0.08257,34.0
1753531949884,12:12:29.884,BID/USDT:USDT,0.08228,10.0,0.08227,24.0,0.08256,34.0,0.08257,24.0
1753531949988,12:12:29.988,BID/USDT:USDT,0.08228,10.0,0.08227,24.0,0.08256,34.0,0.08257,24.0
1753531950558,12:12:30.558,BID/USDT:USDT,0.08228,10.0,0.08227,24.0,0.08256,34.0,0.08257,24.0
1753531951409,12:12:31.409,BID/USDT:USDT,0.08228,10.0,0.08227,24.0,0.08256,34.0,0.08257,24.0
1753531952751,12:12:32.751,BID/USDT:USDT,0.08228,10.0,0.08227,24.0,0.08256,34.0,0.08257,24.0
1753531953628,12:12:33.628,BID/USDT:USDT,0.08228,10.0,0.08227,24.0,0.08256,34.0,0.08257,24.0
1753531953855,12:12:33.855,BID/USDT:USDT,0.08228,10.0,0.08227,24.0,0.08256,34.0,0.08257,24.0
1753531958054,12:12:38.054,BID/USDT:USDT,0.08228,10.0,0.08227,24.0,0.08256,34.0,0.08257,24.0
1753531958431,12:12:38.431,BID/USDT:USDT,0.08228,10.0,0.08227,24.0,0.08256,34.0,0.08257,24.0
1753531958858,12:12:38.858,BID/USDT:USDT,0.08228,10.0,0.08227,24.0,0.08256,34.0,0.08257,24.0
1753531963228,12:12:43.228,BID/USDT:USDT,0.08228,10.0,0.08227,24.0,0.08256,34.0,0.08257,24.0
1753531965774,12:12:45.774,BID/USDT:USDT,0.08228,10.0,0.08227,24.0,0.08256,34.0,0.08257,24.0
1753531966454,12:12:46.454,BID/USDT:USDT,0.08228,10.0,0.08227,24.0,0.08256,34.0,0.08257,24.0
1753531968028,12:12:48.028,BID/USDT:USDT,0.08228,10.0,0.08227,24.0,0.08256,34.0,0.08257,24.0
1753531972829,12:12:52.829,BID/USDT:USDT,0.08228,10.0,0.08227,24.0,0.08256,34.0,0.08257,24.0
1753531972864,12:12:52.864,BID/USDT:USDT,0.08228,10.0,0.08227,24.0,0.08256,34.0,0.08257,24.0
1753531972942,12:12:52.942,BID/USDT:USDT,0.08228,10.0,0.08227,24.0,0.08256,34.0,0.08257,24.0
1753531975604,12:12:55.604,BID/USDT:USDT,0.08228,10.0,0.08227,24.0,0.08256,34.0,0.08257,24.0
1753531976165,12:12:56.165,BID/USDT:USDT,0.08228,10.0,0.08227,24.0,0.08256,34.0,0.08257,24.0
1753531977629,12:12:57.629,BID/USDT:USDT,0.08228,10.0,0.08227,24.0,0.08256,34.0,0.08257,24.0
1753531978188,12:12:58.188,BID/USDT:USDT,0.08228,10.0,0.08227,24.0,0.08256,34.0,0.08257,24.0
1753531978560,12:12:58.560,BID/USDT:USDT,0.08228,10.0,0.08227,24.0,0.08256,34.0,0.08257,24.0
1753531979569,12:12:59.569,BID/USDT:USDT,0.08228,10.0,0.08227,24.0,0.08256,34.0,0.08257,24.0
1753531980216,12:13:00.216,BID/USDT:USDT,0.08227,24.0,0.08217,10.0,0.08249,24.0,0.08256,34.0
1753531980246,12:13:00.246,BID/USDT:USDT,0.08227,24.0,0.08217,10.0,0.08249,24.0,0.08256,34.0
1753531980354,12:13:00.354,BID/USDT:USDT,0.08227,24.0,0.08217,10.0,0.08249,24.0,0.08256,34.0
1753531980630,12:13:00.630,BID/USDT:USDT,0.08227,24.0,0.08217,10.0,0.08249,24.0,0.08256,34.0
1753531981048,12:13:01.048,BID/USDT:USDT,0.08227,24.0,0.08217,10.0,0.08249,24.0,0.08256,34.0
1753531981346,12:13:01.346,BID/USDT:USDT,0.08227,24.0,0.08217,10.0,0.08249,24.0,0.08256,34.0
1753531981527,12:13:01.527,BID/USDT:USDT,0.08227,24.0,0.08215,120.0,0.08249,24.0,0.08256,34.0
1753531981540,12:13:01.540,BID/USDT:USDT,0.08227,24.0,0.08216,10.0,0.08249,24.0,0.08256,34.0
1753531981868,12:13:01.868,BID/USDT:USDT,0.08227,24.0,0.08216,10.0,0.08249,24.0,0.08256,34.0
1753531982431,12:13:02.431,BID/USDT:USDT,0.08227,24.0,0.08216,10.0,0.08249,24.0,0.08256,34.0
1753531982697,12:13:02.697,BID/USDT:USDT,0.08227,24.0,0.08216,34.0,0.08249,24.0,0.08256,34.0
1753531984877,12:13:04.877,BID/USDT:USDT,0.08227,24.0,0.08216,34.0,0.08249,30.0,0.08256,34.0
1753531984947,12:13:04.947,BID/USDT:USDT,0.08227,24.0,0.08216,34.0,0.08249,30.0,0.08256,34.0
1753531985096,12:13:05.096,BID/USDT:USDT,0.08227,24.0,0.08216,34.0,0.08249,30.0,0.08256,34.0
1753531985232,12:13:05.232,BID/USDT:USDT,0.08216,10.0,0.08215,117.0,0.08249,24.0,0.08256,34.0
1753531985240,12:13:05.240,BID/USDT:USDT,0.08216,10.0,0.08215,24.0,0.08249,24.0,0.08255,131.0
1753531985378,12:13:05.378,BID/USDT:USDT,0.08216,10.0,0.08215,24.0,0.08241,24.0,0.08243,93.0
1753531985513,12:13:05.513,BID/USDT:USDT,0.08216,10.0,0.08215,24.0,0.0824,10.0,0.08241,24.0
1753531985608,12:13:05.608,BID/USDT:USDT,0.08215,24.0,0.08206,24.0,0.0824,10.0,0.08241,24.0
1753531985718,12:13:05.718,BID/USDT:USDT,0.08215,24.0,0.08206,24.0,0.0824,10.0,0.08241,24.0
1753531985808,12:13:05.808,BID/USDT:USDT,0.08215,24.0,0.08206,24.0,0.0824,10.0,0.08241,24.0
1753531985928,12:13:05.928,BID/USDT:USDT,0.08215,24.0,0.08206,24.0,0.0824,10.0,0.08241,24.0
1753531986004,12:13:06.004,BID/USDT:USDT,0.08215,24.0,0.08206,24.0,0.0824,10.0,0.08241,24.0
1753531986263,12:13:06.263,BID/USDT:USDT,0.08215,24.0,0.08206,24.0,0.0824,10.0,0.08241,24.0
1753531986347,12:13:06.347,BID/USDT:USDT,0.08215,24.0,0.08206,24.0,0.0824,10.0,0.08241,24.0
1753531986481,12:13:06.481,BID/USDT:USDT,0.08215,24.0,0.08206,24.0,0.0824,10.0,0.08241,24.0
1753531987179,12:13:07.179,BID/USDT:USDT,0.08215,24.0,0.08206,24.0,0.0824,10.0,0.08241,24.0
1753531987289,12:13:07.289,BID/USDT:USDT,0.08215,24.0,0.08206,24.0,0.0824,10.0,0.08241,24.0
1753531987386,12:13:07.386,BID/USDT:USDT,0.08215,24.0,0.08206,24.0,0.0824,16.0,0.08241,24.0
1753531987436,12:13:07.436,BID/USDT:USDT,0.08215,24.0,0.08206,24.0,0.0824,16.0,0.08241,24.0
1753531987558,12:13:07.558,BID/USDT:USDT,0.08215,24.0,0.08206,24.0,0.0824,16.0,0.08241,24.0
1753531988009,12:13:08.009,BID/USDT:USDT,0.08215,24.0,0.08206,24.0,0.0824,16.0,0.08241,24.0
1753531988111,12:13:08.111,BID/USDT:USDT,0.08215,24.0,0.08206,24.0,0.0824,16.0,0.08241,24.0
1753531988134,12:13:08.134,BID/USDT:USDT,0.08215,24.0,0.08206,24.0,0.0824,17.0,0.08241,24.0
1753531988336,12:13:08.336,BID/USDT:USDT,0.08215,24.0,0.08206,24.0,0.0824,16.0,0.08241,24.0
1753531989172,12:13:09.172,BID/USDT:USDT,0.08215,24.0,0.08206,24.0,0.0824,16.0,0.08241,24.0
1753531989249,12:13:09.249,BID/USDT:USDT,0.08215,24.0,0.08206,24.0,0.0824,16.0,0.08241,24.0
1753531989629,12:13:09.629,BID/USDT:USDT,0.08215,24.0,0.08206,24.0,0.0824,16.0,0.08241,24.0
1753531990270,12:13:10.270,BID/USDT:USDT,0.08215,24.0,0.08206,24.0,0.0824,24.0,0.08241,24.0
1753531990763,12:13:10.763,BID/USDT:USDT,0.08215,24.0,0.08206,24.0,0.0824,24.0,0.08241,24.0
1753531993489,12:13:13.489,BID/USDT:USDT,0.08215,24.0,0.08206,24.0,0.0824,24.0,0.08241,24.0
1753531994790,12:13:14.790,BID/USDT:USDT,0.08215,24.0,0.08206,24.0,0.0824,24.0,0.08241,24.0
1753531994891,12:13:14.891,BID/USDT:USDT,0.08215,24.0,0.08206,24.0,0.0824,24.0,0.08241,24.0
1753531995328,12:13:15.328,BID/USDT:USDT,0.08215,24.0,0.08206,24.0,0.0824,10.0,0.08241,24.0
1753531995387,12:13:15.387,BID/USDT:USDT,0.08215,24.0,0.08206,24.0,0.0824,21.0,0.08241,24.0
1753531996434,12:13:16.434,BID/USDT:USDT,0.08215,24.0,0.08206,24.0,0.0824,22.0,0.08241,24.0
1753531996541,12:13:16.541,BID/USDT:USDT,0.08215,24.0,0.08206,24.0,0.0824,33.0,0.08241,24.0
1753531996798,12:13:16.798,BID/USDT:USDT,0.08215,24.0,0.08206,24.0,0.0824,33.0,0.08241,24.0
1753531996916,12:13:16.916,BID/USDT:USDT,0.08215,24.0,0.08206,24.0,0.0824,33.0,0.08241,24.0
1753531997231,12:13:17.231,BID/USDT:USDT,0.08215,24.0,0.08206,24.0,0.0824,33.0,0.08241,24.0
1753531999128,12:13:19.128,BID/USDT:USDT,0.08215,24.0,0.08206,24.0,0.0824,21.0,0.08241,24.0
1753531999178,12:13:19.178,BID/USDT:USDT,0.08215,24.0,0.08206,24.0,0.0824,21.0,0.08241,24.0
1753531999322,12:13:19.322,BID/USDT:USDT,0.08215,24.0,0.08206,24.0,0.0824,17.0,0.08241,24.0
1753531999377,12:13:19.377,BID/USDT:USDT,0.08215,24.0,0.08206,24.0,0.0824,11.0,0.08241,24.0
1753531999826,12:13:19.826,BID/USDT:USDT,0.08215,24.0,0.08206,24.0,0.0824,17.0,0.08241,24.0
1753532000233,12:13:20.233,BID/USDT:USDT,0.08215,24.0,0.08206,24.0,0.0824,16.0,0.08241,24.0
1753532000326,12:13:20.326,BID/USDT:USDT,0.08215,24.0,0.08206,24.0,0.0824,16.0,0.08241,24.0
1753532000536,12:13:20.536,BID/USDT:USDT,0.08215,24.0,0.08206,24.0,0.0824,17.0,0.08241,24.0
1753532000981,12:13:20.981,BID/USDT:USDT,0.08215,24.0,0.08206,24.0,0.0824,22.0,0.08241,24.0
1753532001135,12:13:21.135,BID/USDT:USDT,0.08215,24.0,0.08206,24.0,0.0824,23.0,0.08241,24.0
1753532002029,12:13:22.029,BID/USDT:USDT,0.08215,24.0,0.08206,24.0,0.0824,23.0,0.08241,24.0
1753532002436,12:13:22.436,BID/USDT:USDT,0.08215,24.0,0.08206,24.0,0.0824,22.0,0.08241,24.0
1753532003028,12:13:23.028,BID/USDT:USDT,0.08215,24.0,0.08206,24.0,0.0824,28.0,0.08241,24.0
1753532003070,12:13:23.070,BID/USDT:USDT,0.08215,24.0,0.08206,24.0,0.0824,28.0,0.08241,24.0
1753532003189,12:13:23.189,BID/USDT:USDT,0.08215,24.0,0.08206,24.0,0.0824,22.0,0.08241,24.0
1753532003559,12:13:23.559,BID/USDT:USDT,0.08215,24.0,0.08206,24.0,0.0824,22.0,0.08241,24.0
1753532004121,12:13:24.121,BID/USDT:USDT,0.08215,24.0,0.08206,24.0,0.0824,30.0,0.08241,24.0
1753532004225,12:13:24.225,BID/USDT:USDT,0.08215,24.0,0.08206,24.0,0.0824,34.0,0.08241,24.0
1753532005234,12:13:25.234,BID/USDT:USDT,0.08215,24.0,0.08206,24.0,0.0824,28.0,0.08241,24.0
1753532005427,12:13:25.427,BID/USDT:USDT,0.08215,24.0,0.08206,24.0,0.0824,35.0,0.08241,24.0
1753532005534,12:13:25.534,BID/USDT:USDT,0.08215,24.0,0.08206,24.0,0.0824,34.0,0.08241,24.0
1753532006136,12:13:26.136,BID/USDT:USDT,0.08215,24.0,0.08206,24.0,0.0824,35.0,0.08241,24.0
1753532006830,12:13:26.830,BID/USDT:USDT,0.08215,24.0,0.08206,24.0,0.0824,35.0,0.08241,24.0
1753532007134,12:13:27.134,BID/USDT:USDT,0.08215,24.0,0.08206,24.0,0.0824,34.0,0.08241,24.0
1753532008130,12:13:28.130,BID/USDT:USDT,0.08215,24.0,0.08206,24.0,0.0824,40.0,0.08241,24.0
1753532008334,12:13:28.334,BID/USDT:USDT,0.08215,24.0,0.08206,24.0,0.0824,41.0,0.08241,24.0
1753532008632,12:13:28.632,BID/USDT:USDT,0.08215,24.0,0.08206,24.0,0.0824,34.0,0.08241,24.0
1753532008635,12:13:28.635,BID/USDT:USDT,0.08215,24.0,0.08206,24.0,0.0824,35.0,0.08241,24.0
1753532008734,12:13:28.734,BID/USDT:USDT,0.08215,24.0,0.08206,24.0,0.0824,34.0,0.08241,24.0
1753532008835,12:13:28.835,BID/USDT:USDT,0.08215,24.0,0.08206,24.0,0.0824,35.0,0.08241,24.0
1753532009125,12:13:29.125,BID/USDT:USDT,0.08215,24.0,0.08206,24.0,0.0824,49.0,0.08241,24.0
1753532009434,12:13:29.434,BID/USDT:USDT,0.08215,24.0,0.08206,24.0,0.0824,48.0,0.08241,24.0
1753532010077,12:13:30.077,BID/USDT:USDT,0.08215,24.0,0.08206,24.0,0.0824,35.0,0.08241,24.0
1753532010234,12:13:30.234,BID/USDT:USDT,0.08215,24.0,0.08206,24.0,0.0824,34.0,0.08241,24.0
1753532010922,12:13:30.922,BID/USDT:USDT,0.08215,24.0,0.08206,24.0,0.0824,40.0,0.08241,24.0
1753532011135,12:13:31.135,BID/USDT:USDT,0.08215,24.0,0.08206,24.0,0.0824,41.0,0.08241,24.0
1753532011490,12:13:31.490,BID/USDT:USDT,0.08215,24.0,0.08206,24.0,0.0824,41.0,0.08241,24.0
1753532011630,12:13:31.630,BID/USDT:USDT,0.08206,24.0,0.08197,10.0,0.08232,34.0,0.08233,24.0
1753532011696,12:13:31.696,BID/USDT:USDT,0.08206,24.0,0.08197,10.0,0.08232,34.0,0.08233,24.0
1753532011832,12:13:31.832,BID/USDT:USDT,0.08206,24.0,0.08197,10.0,0.08232,34.0,0.08233,24.0
1753532011832,12:13:31.832,BID/USDT:USDT,0.08206,24.0,0.08197,10.0,0.08232,34.0,0.08233,24.0
1753532012229,12:13:32.229,BID/USDT:USDT,0.08206,24.0,0.08197,10.0,0.08232,40.0,0.08233,24.0
1753532012274,12:13:32.274,BID/USDT:USDT,0.08206,24.0,0.08197,10.0,0.08232,47.0,0.08233,24.0
1753532012335,12:13:32.335,BID/USDT:USDT,0.08206,24.0,0.08197,10.0,0.08232,46.0,0.08233,24.0
1753532012540,12:13:32.540,BID/USDT:USDT,0.08206,24.0,0.08197,10.0,0.08232,47.0,0.08233,24.0
1753532012707,12:13:32.707,BID/USDT:USDT,0.08206,24.0,0.08197,10.0,0.08232,46.0,0.08233,24.0
1753532013329,12:13:33.329,BID/USDT:USDT,0.08206,24.0,0.08197,10.0,0.08232,52.0,0.08233,24.0
1753532014223,12:13:34.223,BID/USDT:USDT,0.08206,24.0,0.08197,10.0,0.08232,58.0,0.08233,24.0
1753532014837,12:13:34.837,BID/USDT:USDT,0.08206,24.0,0.08197,10.0,0.08232,52.0,0.08233,24.0
1753532015186,12:13:35.186,BID/USDT:USDT,0.08206,24.0,0.08197,10.0,0.08232,52.0,0.08233,24.0
1753532016430,12:13:36.430,BID/USDT:USDT,0.08206,24.0,0.08197,10.0,0.08232,52.0,0.08233,24.0
1753532016443,12:13:36.443,BID/USDT:USDT,0.08206,24.0,0.08197,10.0,0.08232,52.0,0.08233,24.0
1753532016743,12:13:36.743,BID/USDT:USDT,0.08206,24.0,0.08197,10.0,0.08232,52.0,0.08233,24.0
1753532017125,12:13:37.125,BID/USDT:USDT,0.08206,24.0,0.08197,10.0,0.08232,52.0,0.08233,24.0
1753532017176,12:13:37.176,BID/USDT:USDT,0.08206,24.0,0.08197,10.0,0.08232,52.0,0.08233,24.0
1753532017270,12:13:37.270,BID/USDT:USDT,0.08206,24.0,0.08197,10.0,0.08232,59.0,0.08233,24.0
1753532017885,12:13:37.885,BID/USDT:USDT,0.08206,24.0,0.08197,10.0,0.08232,80.0,0.08233,24.0
1753532018193,12:13:38.193,BID/USDT:USDT,0.08206,24.0,0.08197,13.0,0.08232,34.0,0.08233,24.0
1753532019101,12:13:39.101,BID/USDT:USDT,0.08206,24.0,0.08197,13.0,0.08232,34.0,0.08233,24.0
1753532019447,12:13:39.447,BID/USDT:USDT,0.08206,24.0,0.08197,13.0,0.08232,40.0,0.08233,24.0
1753532020311,12:13:40.311,BID/USDT:USDT,0.08206,24.0,0.08197,13.0,0.08232,46.0,0.08233,24.0
1753532020440,12:13:40.440,BID/USDT:USDT,0.08206,24.0,0.08197,13.0,0.08232,34.0,0.08233,24.0
1753532020784,12:13:40.784,BID/USDT:USDT,0.08206,24.0,0.08197,10.0,0.08232,50.0,0.08233,24.0
1753532021231,12:13:41.231,BID/USDT:USDT,0.08206,24.0,0.08197,10.0,0.08232,50.0,0.08233,24.0
1753532022704,12:13:42.704,BID/USDT:USDT,0.08206,24.0,0.08197,10.0,0.08232,70.0,0.08233,24.0
1753532024758,12:13:44.758,BID/USDT:USDT,0.08206,24.0,0.08197,10.0,0.08232,107.0,0.08233,24.0
1753532026030,12:13:46.030,BID/USDT:USDT,0.08206,24.0,0.08197,10.0,0.08232,107.0,0.08233,24.0
1753532026045,12:13:46.045,BID/USDT:USDT,0.08206,24.0,0.08197,10.0,0.08232,107.0,0.08233,24.0
1753532027307,12:13:47.307,BID/USDT:USDT,0.08206,24.0,0.08197,10.0,0.08232,54.0,0.08233,24.0
1753532027359,12:13:47.359,BID/USDT:USDT,0.08206,24.0,0.08197,10.0,0.08232,83.0,0.08233,24.0
1753532027487,12:13:47.487,BID/USDT:USDT,0.08206,24.0,0.08197,10.0,0.08232,83.0,0.08233,24.0
1753532029978,12:13:49.978,BID/USDT:USDT,0.08206,24.0,0.08197,10.0,0.08232,100.0,0.08233,24.0
1753532030830,12:13:50.830,BID/USDT:USDT,0.08206,24.0,0.08197,10.0,0.08232,100.0,0.08233,24.0
1753532031755,12:13:51.755,BID/USDT:USDT,0.08206,24.0,0.08197,10.0,0.08232,90.0,0.08233,24.0
1753532032312,12:13:52.312,BID/USDT:USDT,0.08206,24.0,0.08197,10.0,0.08232,129.0,0.08233,24.0
1753532033304,12:13:53.304,BID/USDT:USDT,0.08206,24.0,0.08197,10.0,0.08232,51.0,0.08233,24.0
1753532033468,12:13:53.468,BID/USDT:USDT,0.08206,24.0,0.08197,10.0,0.08232,68.0,0.08233,24.0
1753532034092,12:13:54.092,BID/USDT:USDT,0.08206,24.0,0.08197,10.0,0.08232,76.0,0.08233,24.0
1753532035333,12:13:55.333,BID/USDT:USDT,0.08206,24.0,0.08197,10.0,0.08232,75.0,0.08233,24.0
1753532035436,12:13:55.436,BID/USDT:USDT,0.08206,24.0,0.08197,10.0,0.08232,76.0,0.08233,24.0
1753532035630,12:13:55.630,BID/USDT:USDT,0.08206,24.0,0.08197,10.0,0.08232,76.0,0.08233,24.0
1753532035635,12:13:55.635,BID/USDT:USDT,0.08206,24.0,0.08197,10.0,0.08232,75.0,0.08233,24.0
1753532035934,12:13:55.934,BID/USDT:USDT,0.08206,24.0,0.08197,10.0,0.08232,76.0,0.08233,24.0
1753532036342,12:13:56.342,BID/USDT:USDT,0.08206,24.0,0.08197,10.0,0.08232,75.0,0.08233,24.0
1753532037544,12:13:57.544,BID/USDT:USDT,0.08206,24.0,0.08197,10.0,0.08232,93.0,0.08233,24.0
1753532039487,12:13:59.487,BID/USDT:USDT,0.08206,24.0,0.08197,10.0,0.08232,112.0,0.08233,24.0
1753532040179,12:14:00.179,BID/USDT:USDT,0.08206,24.0,0.08196,24.0,0.08232,112.0,0.08233,24.0
1753532040431,12:14:00.431,BID/USDT:USDT,0.08206,24.0,0.08196,24.0,0.08232,112.0,0.08233,24.0
1753532040559,12:14:00.559,BID/USDT:USDT,0.08206,24.0,0.08196,24.0,0.08232,112.0,0.08233,24.0
1753532040953,12:14:00.953,BID/USDT:USDT,0.08206,24.0,0.08196,24.0,0.08232,112.0,0.08233,24.0
1753532041047,12:14:01.047,BID/USDT:USDT,0.08206,24.0,0.08196,24.0,0.08232,112.0,0.08233,24.0
1753532041200,12:14:01.200,BID/USDT:USDT,0.08206,24.0,0.08196,24.0,0.08232,112.0,0.08233,24.0
1753532041441,12:14:01.441,BID/USDT:USDT,0.08206,24.0,0.08196,24.0,0.08232,113.0,0.08233,24.0
1753532041733,12:14:01.733,BID/USDT:USDT,0.08206,24.0,0.08196,24.0,0.08232,112.0,0.08233,24.0
1753532041836,12:14:01.836,BID/USDT:USDT,0.08206,24.0,0.08196,24.0,0.08232,113.0,0.08233,24.0
1753532042135,12:14:02.135,BID/USDT:USDT,0.08206,24.0,0.08196,24.0,0.08232,112.0,0.08233,24.0
1753532044104,12:14:04.104,BID/USDT:USDT,0.08206,24.0,0.08196,24.0,0.08232,113.0,0.08233,24.0
1753532044434,12:14:04.434,BID/USDT:USDT,0.08206,24.0,0.08196,24.0,0.08232,112.0,0.08233,24.0
1753532044535,12:14:04.535,BID/USDT:USDT,0.08206,24.0,0.08196,24.0,0.08232,113.0,0.08233,24.0
1753532044636,12:14:04.636,BID/USDT:USDT,0.08206,24.0,0.08196,24.0,0.08232,112.0,0.08233,24.0
1753532044835,12:14:04.835,BID/USDT:USDT,0.08206,24.0,0.08196,24.0,0.08232,113.0,0.08233,24.0
1753532044934,12:14:04.934,BID/USDT:USDT,0.08206,24.0,0.08196,24.0,0.08232,112.0,0.08233,24.0
1753532045230,12:14:05.230,BID/USDT:USDT,0.08206,24.0,0.08196,24.0,0.08232,112.0,0.08233,24.0
1753532045501,12:14:05.501,BID/USDT:USDT,0.08206,24.0,0.08196,24.0,0.08232,112.0,0.08233,24.0
1753532045559,12:14:05.559,BID/USDT:USDT,0.08206,24.0,0.08196,24.0,0.08232,112.0,0.08233,24.0
1753532046026,12:14:06.026,BID/USDT:USDT,0.08206,24.0,0.08196,27.0,0.08232,112.0,0.08233,24.0
1753532046044,12:14:06.044,BID/USDT:USDT,0.08206,24.0,0.08196,27.0,0.08232,113.0,0.08233,24.0
1753532046134,12:14:06.134,BID/USDT:USDT,0.08206,24.0,0.08196,27.0,0.08232,112.0,0.08233,24.0
1753532046336,12:14:06.336,BID/USDT:USDT,0.08206,24.0,0.08196,27.0,0.08232,113.0,0.08233,24.0
1753532046436,12:14:06.436,BID/USDT:USDT,0.08206,24.0,0.08196,27.0,0.08232,112.0,0.08233,24.0
1753532046537,12:14:06.537,BID/USDT:USDT,0.08206,24.0,0.08196,27.0,0.08232,113.0,0.08233,24.0
1753532046734,12:14:06.734,BID/USDT:USDT,0.08206,24.0,0.08196,27.0,0.08232,112.0,0.08233,24.0
1753532046934,12:14:06.934,BID/USDT:USDT,0.08206,24.0,0.08196,27.0,0.08232,113.0,0.08233,24.0
1753532049755,12:14:09.755,BID/USDT:USDT,0.08206,24.0,0.08196,27.0,0.08232,84.0,0.08233,24.0
1753532049865,12:14:09.865,BID/USDT:USDT,0.08206,24.0,0.08196,27.0,0.08232,84.0,0.08233,24.0
1753532050031,12:14:10.031,BID/USDT:USDT,0.08206,24.0,0.08196,27.0,0.08232,91.0,0.08233,24.0
1753532052935,12:14:12.935,BID/USDT:USDT,0.08206,24.0,0.08196,27.0,0.08232,92.0,0.08233,24.0
1753532053134,12:14:13.134,BID/USDT:USDT,0.08206,24.0,0.08196,27.0,0.08232,91.0,0.08233,24.0
1753532053235,12:14:13.235,BID/USDT:USDT,0.08206,24.0,0.08196,27.0,0.08232,92.0,0.08233,24.0
1753532053736,12:14:13.736,BID/USDT:USDT,0.08206,24.0,0.08196,27.0,0.08232,91.0,0.08233,24.0
1753532053835,12:14:13.835,BID/USDT:USDT,0.08206,24.0,0.08196,27.0,0.08232,92.0,0.08233,24.0
1753532053935,12:14:13.935,BID/USDT:USDT,0.08206,24.0,0.08196,27.0,0.08232,91.0,0.08233,24.0
1753532054363,12:14:14.363,BID/USDT:USDT,0.08206,24.0,0.08196,27.0,0.08232,91.0,0.08233,24.0
1753532054831,12:14:14.831,BID/USDT:USDT,0.08206,24.0,0.08196,27.0,0.08232,91.0,0.08233,24.0
1753532054832,12:14:14.832,BID/USDT:USDT,0.08206,24.0,0.08196,27.0,0.08232,91.0,0.08233,24.0
1753532054934,12:14:14.934,BID/USDT:USDT,0.08206,24.0,0.08196,27.0,0.08232,92.0,0.08233,24.0
1753532055037,12:14:15.037,BID/USDT:USDT,0.08206,24.0,0.08196,27.0,0.08232,91.0,0.08233,24.0
1753532057332,12:14:17.332,BID/USDT:USDT,0.08206,24.0,0.08198,3.0,0.08232,83.0,0.08233,24.0
1753532057430,12:14:17.430,BID/USDT:USDT,0.08215,24.0,0.08206,24.0,0.08232,34.0,0.08236,225.0
1753532057496,12:14:17.496,BID/USDT:USDT,0.08215,24.0,0.08206,24.0,0.08232,34.0,0.08236,225.0
1753532057540,12:14:17.540,BID/USDT:USDT,0.08215,24.0,0.08206,24.0,0.08232,10.0,0.08236,225.0
1753532058268,12:14:18.268,BID/USDT:USDT,0.08215,24.0,0.08206,24.0,0.08232,10.0,0.08236,225.0
1753532059024,12:14:19.024,BID/USDT:USDT,0.08215,24.0,0.08206,24.0,0.08232,10.0,0.08235,24.0
1753532059096,12:14:19.096,BID/USDT:USDT,0.08215,24.0,0.08206,24.0,0.08232,10.0,0.08235,24.0
1753532059631,12:14:19.631,BID/USDT:USDT,0.08215,24.0,0.08206,24.0,0.08232,10.0,0.08235,24.0
1753532060328,12:14:20.328,BID/USDT:USDT,0.08206,24.0,0.08203,3.0,0.08232,10.0,0.08235,24.0
1753532060400,12:14:20.400,BID/USDT:USDT,0.08206,24.0,0.082,3.0,0.08232,10.0,0.08235,24.0
1753532060441,12:14:20.441,BID/USDT:USDT,0.08206,24.0,0.082,3.0,0.08232,10.0,0.08235,24.0
1753532060645,12:14:20.645,BID/USDT:USDT,0.08206,24.0,0.082,3.0,0.08232,10.0,0.08234,10.0
1753532061159,12:14:21.159,BID/USDT:USDT,0.08206,24.0,0.082,3.0,0.08232,10.0,0.08234,10.0
1753532061630,12:14:21.630,BID/USDT:USDT,0.08206,24.0,0.082,3.0,0.08234,10.0,0.08235,24.0
1753532064431,12:14:24.431,BID/USDT:USDT,0.08206,24.0,0.082,3.0,0.08234,10.0,0.08235,24.0
1753532066226,12:14:26.226,BID/USDT:USDT,0.08206,24.0,0.08201,3.0,0.08234,10.0,0.08235,24.0
1753532067214,12:14:27.214,BID/USDT:USDT,0.08206,24.0,0.08201,3.0,0.08234,10.0,0.08235,24.0
1753532067262,12:14:27.262,BID/USDT:USDT,0.08206,24.0,0.08201,3.0,0.0822,1.0,0.08233,24.0
1753532067340,12:14:27.340,BID/USDT:USDT,0.08206,24.0,0.08201,3.0,0.0822,1.0,0.08233,24.0
1753532067473,12:14:27.473,BID/USDT:USDT,0.08206,24.0,0.08201,3.0,0.0822,1.0,0.08233,24.0
1753532067606,12:14:27.606,BID/USDT:USDT,0.08206,24.0,0.08201,3.0,0.0822,1.0,0.08232,10.0
1753532068032,12:14:28.032,BID/USDT:USDT,0.08206,24.0,0.08201,3.0,0.0822,1.0,0.08232,10.0
1753532068033,12:14:28.033,BID/USDT:USDT,0.08206,24.0,0.08201,3.0,0.0822,1.0,0.08232,10.0
1753532069232,12:14:29.232,BID/USDT:USDT,0.08206,24.0,0.08201,3.0,0.0822,1.0,0.08232,10.0
1753532069267,12:14:29.267,BID/USDT:USDT,0.08206,24.0,0.08201,3.0,0.0822,1.0,0.08232,10.0
1753532070088,12:14:30.088,BID/USDT:USDT,0.08206,24.0,0.08201,3.0,0.0822,1.0,0.08232,10.0
1753532072209,12:14:32.209,BID/USDT:USDT,0.08206,24.0,0.08201,3.0,0.0822,1.0,0.08232,10.0
1753532072523,12:14:32.523,BID/USDT:USDT,0.08206,24.0,0.08201,3.0,0.0822,1.0,0.08232,10.0
1753532073014,12:14:33.014,BID/USDT:USDT,0.08196,24.0,0.08195,93.0,0.08217,24.0,0.0822,1.0
1753532073095,12:14:33.095,BID/USDT:USDT,0.08196,24.0,0.08195,93.0,0.08217,24.0,0.0822,1.0
1753532073163,12:14:33.163,BID/USDT:USDT,0.08196,24.0,0.08191,3.0,0.08217,24.0,0.0822,1.0
1753532073274,12:14:33.274,BID/USDT:USDT,0.08196,24.0,0.08191,3.0,0.08217,24.0,0.0822,1.0
1753532073374,12:14:33.374,BID/USDT:USDT,0.08196,24.0,0.08191,3.0,0.08217,24.0,0.0822,1.0
1753532073504,12:14:33.504,BID/USDT:USDT,0.08196,24.0,0.08191,3.0,0.08217,24.0,0.0822,1.0
1753532073544,12:14:33.544,BID/USDT:USDT,0.08196,24.0,0.08191,3.0,0.08217,24.0,0.0822,1.0
1753532073791,12:14:33.791,BID/USDT:USDT,0.08196,24.0,0.08191,3.0,0.08217,24.0,0.0822,1.0
1753532074225,12:14:34.225,BID/USDT:USDT,0.08196,24.0,0.08191,3.0,0.08217,24.0,0.0822,1.0
1753532075632,12:14:35.632,BID/USDT:USDT,0.08196,24.0,0.08191,3.0,0.08217,24.0,0.0822,1.0
1753532075862,12:14:35.862,BID/USDT:USDT,0.08196,24.0,0.08191,3.0,0.08217,24.0,0.0822,1.0
1753532077682,12:14:37.682,BID/USDT:USDT,0.08187,24.0,0.08184,96.0,0.08217,24.0,0.0822,1.0
1753532077760,12:14:37.760,BID/USDT:USDT,0.08187,24.0,0.08184,96.0,0.08217,24.0,0.0822,1.0
1753532077894,12:14:37.894,BID/USDT:USDT,0.08187,24.0,0.08184,96.0,0.08217,24.0,0.0822,1.0
1753532078316,12:14:38.316,BID/USDT:USDT,0.08187,24.0,0.08184,96.0,0.08217,24.0,0.0822,1.0
1753532078410,12:14:38.410,BID/USDT:USDT,0.08187,24.0,0.08184,93.0,0.08217,24.0,0.0822,1.0
1753532078445,12:14:38.445,BID/USDT:USDT,0.08187,24.0,0.08184,93.0,0.08217,34.0,0.0822,1.0
1753532078714,12:14:38.714,BID/USDT:USDT,0.08187,24.0,0.08184,93.0,0.08217,34.0,0.0822,1.0
1753532079140,12:14:39.140,BID/USDT:USDT,0.08187,24.0,0.08184,93.0,0.08217,34.0,0.0822,1.0
1753532079449,12:14:39.449,BID/USDT:USDT,0.08187,24.0,0.08184,93.0,0.08216,10.0,0.08217,24.0
1753532079919,12:14:39.919,BID/USDT:USDT,0.08187,24.0,0.08184,93.0,0.08216,34.0,0.08217,24.0
1753532080221,12:14:40.221,BID/USDT:USDT,0.08178,24.0,0.08171,131.0,0.08207,34.0,0.08216,127.0
1753532080318,12:14:40.318,BID/USDT:USDT,0.08178,24.0,0.08172,24.0,0.08207,34.0,0.08216,127.0
1753532080412,12:14:40.412,BID/USDT:USDT,0.08178,24.0,0.08172,24.0,0.08207,34.0,0.08216,127.0
1753532081036,12:14:41.036,BID/USDT:USDT,0.08178,24.0,0.08172,27.0,0.08207,34.0,0.08216,127.0
1753532081188,12:14:41.188,BID/USDT:USDT,0.08178,24.0,0.08172,27.0,0.08207,34.0,0.08216,127.0
1753532082628,12:14:42.628,BID/USDT:USDT,0.08186,24.0,0.08178,27.0,0.08207,24.0,0.08216,127.0
1753532082720,12:14:42.720,BID/USDT:USDT,0.08186,24.0,0.08179,3.0,0.08207,24.0,0.08216,127.0
1753532082821,12:14:42.821,BID/USDT:USDT,0.08186,24.0,0.08179,3.0,0.08207,24.0,0.08216,127.0
1753532083247,12:14:43.247,BID/USDT:USDT,0.08186,24.0,0.08179,3.0,0.08207,24.0,0.08216,127.0
1753532084631,12:14:44.631,BID/USDT:USDT,0.08186,24.0,0.08179,3.0,0.08207,24.0,0.08216,127.0
1753532084646,12:14:44.646,BID/USDT:USDT,0.08186,24.0,0.08179,3.0,0.08207,24.0,0.08216,127.0
1753532085514,12:14:45.514,BID/USDT:USDT,0.08195,10.0,0.08194,24.0,0.08216,93.0,0.08217,24.0
1753532085621,12:14:45.621,BID/USDT:USDT,0.08194,24.0,0.08192,3.0,0.0822,1.0,0.08227,93.0
1753532085677,12:14:45.677,BID/USDT:USDT,0.08194,24.0,0.08192,3.0,0.08217,10.0,0.08218,24.0
1753532086103,12:14:46.103,BID/USDT:USDT,0.08194,24.0,0.08192,3.0,0.08217,10.0,0.08218,24.0
1753532087049,12:14:47.049,BID/USDT:USDT,0.08194,24.0,0.08189,3.0,0.08217,10.0,0.08218,24.0
1753532087866,12:14:47.866,BID/USDT:USDT,0.08194,24.0,0.08189,3.0,0.08217,10.0,0.08218,24.0
1753532090230,12:14:50.230,BID/USDT:USDT,0.08194,24.0,0.08189,3.0,0.08217,10.0,0.08218,24.0
1753532090232,12:14:50.232,BID/USDT:USDT,0.08194,24.0,0.08189,3.0,0.08217,10.0,0.08218,24.0
1753532091482,12:14:51.482,BID/USDT:USDT,0.08194,24.0,0.0819,3.0,0.08217,10.0,0.08218,24.0
1753532093261,12:14:53.261,BID/USDT:USDT,0.08194,24.0,0.0819,3.0,0.08217,10.0,0.08218,24.0
1753532095032,12:14:55.032,BID/USDT:USDT,0.08194,24.0,0.0819,3.0,0.08217,10.0,0.08218,24.0
1753532099832,12:14:59.832,BID/USDT:USDT,0.08194,24.0,0.0819,3.0,0.08217,10.0,0.08218,24.0
1753532099852,12:14:59.852,BID/USDT:USDT,0.08194,24.0,0.0819,3.0,0.08217,10.0,0.08218,24.0
1753532100436,12:15:00.436,BID/USDT:USDT,0.08194,24.0,0.0819,3.0,0.08217,10.0,0.08218,24.0
1753532100606,12:15:00.606,BID/USDT:USDT,0.08194,24.0,0.0819,3.0,0.08217,10.0,0.08218,24.0
1753532100803,12:15:00.803,BID/USDT:USDT,0.08194,24.0,0.0819,3.0,0.08217,10.0,0.08218,24.0
1753532101022,12:15:01.022,BID/USDT:USDT,0.08194,24.0,0.0819,3.0,0.08217,10.0,0.08218,24.0
1753532101413,12:15:01.413,BID/USDT:USDT,0.08194,24.0,0.08187,37.0,0.08217,10.0,0.08218,24.0
1753532101514,12:15:01.514,BID/USDT:USDT,0.08194,24.0,0.08187,34.0,0.08217,10.0,0.08218,24.0
1753532102252,12:15:02.252,BID/USDT:USDT,0.08194,24.0,0.08187,34.0,0.08217,10.0,0.08218,24.0
1753532103580,12:15:03.580,BID/USDT:USDT,0.08186,24.0,0.08178,24.0,0.08209,24.0,0.08216,24.0
1753532103689,12:15:03.689,BID/USDT:USDT,0.08186,24.0,0.08178,27.0,0.08209,24.0,0.08216,24.0
1753532103742,12:15:03.742,BID/USDT:USDT,0.08186,24.0,0.08178,27.0,0.08209,24.0,0.08216,24.0
1753532103877,12:15:03.877,BID/USDT:USDT,0.08186,24.0,0.08178,27.0,0.08209,24.0,0.08216,24.0
1753532104303,12:15:04.303,BID/USDT:USDT,0.08186,24.0,0.08178,27.0,0.08209,24.0,0.08216,24.0
1753532105419,12:15:05.419,BID/USDT:USDT,0.08186,24.0,0.08179,3.0,0.08209,24.0,0.08216,24.0
1753532106232,12:15:06.232,BID/USDT:USDT,0.08186,24.0,0.08179,3.0,0.08209,24.0,0.08216,24.0
1753532107867,12:15:07.867,BID/USDT:USDT,0.08186,24.0,0.08179,3.0,0.08209,24.0,0.08216,24.0
1753532107949,12:15:07.949,BID/USDT:USDT,0.08186,24.0,0.08179,3.0,0.08209,24.0,0.08216,24.0
1753532108390,12:15:08.390,BID/USDT:USDT,0.08186,24.0,0.08179,3.0,0.08209,24.0,0.08216,24.0
1753532108622,12:15:08.622,BID/USDT:USDT,0.08186,24.0,0.08178,24.0,0.08209,24.0,0.08216,24.0
1753532108652,12:15:08.652,BID/USDT:USDT,0.08186,24.0,0.08178,24.0,0.08209,24.0,0.08216,24.0
1753532109319,12:15:09.319,BID/USDT:USDT,0.08186,24.0,0.08178,24.0,0.08209,24.0,0.08216,24.0
1753532109826,12:15:09.826,BID/USDT:USDT,0.08186,24.0,0.08178,24.0,0.08209,24.0,0.08216,24.0
1753532110620,12:15:10.620,BID/USDT:USDT,0.08186,24.0,0.08178,24.0,0.08209,24.0,0.08216,24.0
1753532110707,12:15:10.707,BID/USDT:USDT,0.08186,24.0,0.08178,24.0,0.08209,24.0,0.08216,24.0
1753532111031,12:15:11.031,BID/USDT:USDT,0.08186,24.0,0.08178,24.0,0.08209,24.0,0.08216,24.0
1753532111108,12:15:11.108,BID/USDT:USDT,0.08186,24.0,0.08178,24.0,0.08208,10.0,0.08209,24.0
1753532111228,12:15:11.228,BID/USDT:USDT,0.08186,24.0,0.08178,24.0,0.08208,10.0,0.08209,24.0
1753532112193,12:15:12.193,BID/USDT:USDT,0.08186,24.0,0.08178,24.0,0.08208,10.0,0.08209,24.0
1753532112457,12:15:12.457,BID/USDT:USDT,0.08186,24.0,0.08178,24.0,0.08208,10.0,0.08209,24.0
1753532113759,12:15:13.759,BID/USDT:USDT,0.08186,24.0,0.08178,24.0,0.08208,10.0,0.08209,24.0
1753532114048,12:15:14.048,BID/USDT:USDT,0.08186,24.0,0.08178,24.0,0.08208,10.0,0.08209,24.0
1753532114193,12:15:14.193,BID/USDT:USDT,0.08178,24.0,0.08175,3.0,0.08208,10.0,0.08209,24.0
1753532114240,12:15:14.240,BID/USDT:USDT,0.08178,24.0,0.08175,3.0,0.08208,10.0,0.08209,24.0
1753532114341,12:15:14.341,BID/USDT:USDT,0.08178,24.0,0.08175,3.0,0.08208,10.0,0.08209,24.0
1753532114491,12:15:14.491,BID/USDT:USDT,0.08178,24.0,0.08175,3.0,0.08208,10.0,0.08209,24.0
1753532114621,12:15:14.621,BID/USDT:USDT,0.08178,24.0,0.08173,3.0,0.08208,10.0,0.08209,24.0
1753532114689,12:15:14.689,BID/USDT:USDT,0.08178,24.0,0.08173,3.0,0.08208,10.0,0.08209,24.0
1753532115022,12:15:15.022,BID/USDT:USDT,0.08178,24.0,0.08173,3.0,0.08208,10.0,0.08209,24.0
1753532115059,12:15:15.059,BID/USDT:USDT,0.08178,24.0,0.08173,3.0,0.08208,109.0,0.08209,24.0
1753532115194,12:15:15.194,BID/USDT:USDT,0.08178,24.0,0.08173,3.0,0.08208,109.0,0.08209,24.0
1753532115314,12:15:15.314,BID/USDT:USDT,0.08178,24.0,0.08173,3.0,0.08208,109.0,0.08209,24.0
1753532115344,12:15:15.344,BID/USDT:USDT,0.08178,24.0,0.08173,3.0,0.08208,109.0,0.08209,24.0
1753532115735,12:15:15.735,BID/USDT:USDT,0.08178,24.0,0.08173,3.0,0.08208,109.0,0.08209,24.0
1753532116072,12:15:16.072,BID/USDT:USDT,0.08178,24.0,0.08173,3.0,0.08208,115.0,0.08209,24.0
1753532116169,12:15:16.169,BID/USDT:USDT,0.08178,24.0,0.08173,3.0,0.08208,115.0,0.08209,24.0
1753532118224,12:15:18.224,BID/USDT:USDT,0.08178,24.0,0.08174,3.0,0.08208,115.0,0.08209,24.0
1753532118832,12:15:18.832,BID/USDT:USDT,0.08178,24.0,0.08174,3.0,0.08208,115.0,0.08209,24.0
1753532119274,12:15:19.274,BID/USDT:USDT,0.08178,24.0,0.08174,3.0,0.08208,115.0,0.08209,24.0
1753532119549,12:15:19.549,BID/USDT:USDT,0.08178,24.0,0.08174,3.0,0.08208,115.0,0.08209,24.0
1753532121106,12:15:21.106,BID/USDT:USDT,0.08178,24.0,0.08174,3.0,0.08208,103.0,0.08209,24.0
1753532121781,12:15:21.781,BID/USDT:USDT,0.08178,24.0,0.08174,3.0,0.08208,109.0,0.08209,24.0
1753532121876,12:15:21.876,BID/USDT:USDT,0.08178,24.0,0.08174,3.0,0.08208,115.0,0.08209,24.0
1753532123631,12:15:23.631,BID/USDT:USDT,0.08178,24.0,0.08174,3.0,0.08208,115.0,0.08209,24.0
1753532123635,12:15:23.635,BID/USDT:USDT,0.08178,24.0,0.08174,3.0,0.08208,115.0,0.08209,24.0
1753532124100,12:15:24.100,BID/USDT:USDT,0.08178,24.0,0.08175,3.0,0.08208,115.0,0.08209,24.0
1753532124224,12:15:24.224,BID/USDT:USDT,0.08178,27.0,0.08171,24.0,0.08208,115.0,0.08209,24.0
1753532124320,12:15:24.320,BID/USDT:USDT,0.08179,3.0,0.08178,24.0,0.08208,115.0,0.08209,24.0
1753532124397,12:15:24.397,BID/USDT:USDT,0.08179,3.0,0.08178,24.0,0.08208,115.0,0.08209,24.0
1753532124974,12:15:24.974,BID/USDT:USDT,0.08179,3.0,0.08178,24.0,0.08208,115.0,0.08209,24.0
1753532125076,12:15:25.076,BID/USDT:USDT,0.08179,3.0,0.08178,24.0,0.08208,115.0,0.08209,24.0
1753532125473,12:15:25.473,BID/USDT:USDT,0.08179,3.0,0.08178,24.0,0.08208,115.0,0.08209,24.0
1753532126071,12:15:26.071,BID/USDT:USDT,0.08179,3.0,0.08178,24.0,0.08208,115.0,0.08209,24.0
1753532126734,12:15:26.734,BID/USDT:USDT,0.08178,24.0,0.08177,3.0,0.08208,115.0,0.08209,24.0
1753532126849,12:15:26.849,BID/USDT:USDT,0.08178,24.0,0.08177,3.0,0.08208,121.0,0.08209,24.0
1753532127378,12:15:27.378,BID/USDT:USDT,0.08178,24.0,0.08177,3.0,0.08208,121.0,0.08209,24.0
1753532127724,12:15:27.724,BID/USDT:USDT,0.08178,24.0,0.08177,3.0,0.08208,121.0,0.08209,24.0
1753532127822,12:15:27.822,BID/USDT:USDT,0.08178,24.0,0.08177,3.0,0.08208,121.0,0.08209,24.0
1753532128098,12:15:28.098,BID/USDT:USDT,0.08178,24.0,0.08174,3.0,0.08208,130.0,0.08209,24.0
1753532128219,12:15:28.219,BID/USDT:USDT,0.08178,24.0,0.08175,3.0,0.08208,130.0,0.08209,24.0
1753532128281,12:15:28.281,BID/USDT:USDT,0.08178,24.0,0.08175,3.0,0.08208,121.0,0.08209,24.0
1753532128431,12:15:28.431,BID/USDT:USDT,0.08178,24.0,0.08175,3.0,0.08208,121.0,0.08209,24.0
1753532128433,12:15:28.433,BID/USDT:USDT,0.08178,24.0,0.08175,3.0,0.08208,121.0,0.08209,24.0
1753532128703,12:15:28.703,BID/USDT:USDT,0.08178,24.0,0.08175,3.0,0.08208,121.0,0.08209,24.0
1753532128821,12:15:28.821,BID/USDT:USDT,0.08178,24.0,0.08172,3.0,0.08208,121.0,0.08209,24.0
1753532128880,12:15:28.880,BID/USDT:USDT,0.08178,24.0,0.08172,3.0,0.08208,127.0,0.08209,24.0
1753532129018,12:15:29.018,BID/USDT:USDT,0.08178,24.0,0.08172,3.0,0.08208,127.0,0.08209,24.0
1753532129075,12:15:29.075,BID/USDT:USDT,0.08178,24.0,0.08172,3.0,0.08208,133.0,0.08209,24.0
1753532129343,12:15:29.343,BID/USDT:USDT,0.08178,24.0,0.08172,3.0,0.08208,139.0,0.08209,24.0
1753532129620,12:15:29.620,BID/USDT:USDT,0.08186,24.0,0.08178,24.0,0.08208,115.0,0.08209,24.0
1753532129640,12:15:29.640,BID/USDT:USDT,0.08186,24.0,0.08178,24.0,0.08208,115.0,0.08209,24.0
1753532129741,12:15:29.741,BID/USDT:USDT,0.08186,24.0,0.08178,24.0,0.08208,115.0,0.08209,24.0
1753532129921,12:15:29.921,BID/USDT:USDT,0.08186,24.0,0.08178,24.0,0.08208,127.0,0.08209,24.0
1753532130279,12:15:30.279,BID/USDT:USDT,0.08186,24.0,0.08178,24.0,0.08208,127.0,0.08209,24.0
1753532130417,12:15:30.417,BID/USDT:USDT,0.08186,24.0,0.08178,27.0,0.08208,109.0,0.08209,24.0
1753532130784,12:15:30.784,BID/USDT:USDT,0.08186,24.0,0.08178,27.0,0.08208,115.0,0.08209,24.0
1753532130925,12:15:30.925,BID/USDT:USDT,0.08186,24.0,0.08178,27.0,0.08208,109.0,0.08209,24.0
1753532131500,12:15:31.500,BID/USDT:USDT,0.08186,24.0,0.08178,27.0,0.08208,109.0,0.08209,24.0
1753532131921,12:15:31.921,BID/USDT:USDT,0.08186,24.0,0.08178,27.0,0.08208,103.0,0.08209,24.0
1753532132083,12:15:32.083,BID/USDT:USDT,0.08186,24.0,0.08181,3.0,0.08208,103.0,0.08209,24.0
1753532132623,12:15:32.623,BID/USDT:USDT,0.08186,24.0,0.08181,3.0,0.08208,109.0,0.08209,24.0
1753532132657,12:15:32.657,BID/USDT:USDT,0.08186,24.0,0.08181,3.0,0.08208,103.0,0.08209,24.0
1753532132751,12:15:32.751,BID/USDT:USDT,0.08186,24.0,0.08182,3.0,0.08208,103.0,0.08209,24.0
1753532133139,12:15:33.139,BID/USDT:USDT,0.08186,24.0,0.08182,3.0,0.08208,103.0,0.08209,24.0
1753532134031,12:15:34.031,BID/USDT:USDT,0.08186,24.0,0.08182,3.0,0.08208,103.0,0.08209,24.0
1753532134032,12:15:34.032,BID/USDT:USDT,0.08186,24.0,0.08182,3.0,0.08208,103.0,0.08209,24.0
1753532137720,12:15:37.720,BID/USDT:USDT,0.08186,24.0,0.08183,3.0,0.08208,93.0,0.08216,24.0
1753532137815,12:15:37.815,BID/USDT:USDT,0.08187,10.0,0.08186,24.0,0.08208,93.0,0.08216,24.0
1753532137887,12:15:37.887,BID/USDT:USDT,0.08187,10.0,0.08186,27.0,0.08218,24.0,0.0822,1.0
1753532138015,12:15:38.015,BID/USDT:USDT,0.08187,10.0,0.08186,27.0,0.08218,24.0,0.0822,1.0
1753532138040,12:15:38.040,BID/USDT:USDT,0.08187,10.0,0.08186,27.0,0.08218,24.0,0.0822,1.0
1753532138192,12:15:38.192,BID/USDT:USDT,0.08187,10.0,0.08186,27.0,0.08218,24.0,0.0822,1.0
1753532138317,12:15:38.317,BID/USDT:USDT,0.08187,10.0,0.08186,27.0,0.08218,24.0,0.0822,1.0
1753532138385,12:15:38.385,BID/USDT:USDT,0.08187,10.0,0.08186,27.0,0.08218,24.0,0.0822,1.0
1753532138827,12:15:38.827,BID/USDT:USDT,0.08187,10.0,0.08186,27.0,0.08217,10.0,0.08218,24.0
1753532139267,12:15:39.267,BID/USDT:USDT,0.08187,10.0,0.08186,27.0,0.08217,10.0,0.08218,24.0
1753532140431,12:15:40.431,BID/USDT:USDT,0.08187,10.0,0.08186,27.0,0.08217,10.0,0.08218,24.0
1753532140435,12:15:40.435,BID/USDT:USDT,0.08187,10.0,0.08186,27.0,0.08217,10.0,0.08218,24.0
1753532143033,12:15:43.033,BID/USDT:USDT,0.08187,10.0,0.08186,24.0,0.08217,10.0,0.08218,24.0
1753532143084,12:15:43.084,BID/USDT:USDT,0.08187,10.0,0.08186,24.0,0.08217,10.0,0.08218,24.0
1753532143314,12:15:43.314,BID/USDT:USDT,0.08187,10.0,0.08186,24.0,0.08217,10.0,0.08218,24.0
1753532143826,12:15:43.826,BID/USDT:USDT,0.08187,10.0,0.08186,24.0,0.08217,10.0,0.08218,24.0
1753532143849,12:15:43.849,BID/USDT:USDT,0.08187,10.0,0.08186,24.0,0.08217,10.0,0.08218,24.0
1753532144153,12:15:44.153,BID/USDT:USDT,0.08187,10.0,0.08186,24.0,0.08217,10.0,0.08218,24.0
1753532145231,12:15:45.231,BID/USDT:USDT,0.08187,10.0,0.08186,24.0,0.08217,10.0,0.08218,24.0
1753532145290,12:15:45.290,BID/USDT:USDT,0.08187,10.0,0.08186,24.0,0.08217,10.0,0.08218,24.0
1753532148094,12:15:48.094,BID/USDT:USDT,0.08187,10.0,0.08186,24.0,0.08217,10.0,0.08218,24.0
1753532150033,12:15:50.033,BID/USDT:USDT,0.08187,10.0,0.08186,24.0,0.08217,10.0,0.08218,24.0
1753532150323,12:15:50.323,BID/USDT:USDT,0.08194,24.0,0.08188,3.0,0.08217,10.0,0.08218,24.0
1753532150380,12:15:50.380,BID/USDT:USDT,0.08194,24.0,0.08189,24.0,0.08217,10.0,0.08218,24.0
1753532150440,12:15:50.440,BID/USDT:USDT,0.08194,24.0,0.08189,24.0,0.08217,10.0,0.08218,24.0
1753532151228,12:15:51.228,BID/USDT:USDT,0.08194,24.0,0.08189,27.0,0.08217,10.0,0.08218,24.0
1753532151432,12:15:51.432,BID/USDT:USDT,0.08194,24.0,0.08189,24.0,0.08217,10.0,0.08218,24.0
1753532152260,12:15:52.260,BID/USDT:USDT,0.08194,24.0,0.08189,24.0,0.08217,10.0,0.08218,24.0
1753532152558,12:15:52.558,BID/USDT:USDT,0.08194,24.0,0.08189,24.0,0.08217,10.0,0.08218,24.0
1753532154833,12:15:54.833,BID/USDT:USDT,0.08194,24.0,0.08189,24.0,0.08217,10.0,0.08218,24.0
1753532155412,12:15:55.412,BID/USDT:USDT,0.08194,24.0,0.08191,3.0,0.08218,24.0,0.0822,1.0
1753532155509,12:15:55.509,BID/USDT:USDT,0.08194,24.0,0.08191,3.0,0.0822,1.0,0.08221,48.0
1753532156314,12:15:56.314,BID/USDT:USDT,0.08194,24.0,0.08191,3.0,0.0822,1.0,0.08221,48.0
1753532156564,12:15:56.564,BID/USDT:USDT,0.08195,10.0,0.08194,24.0,0.0822,1.0,0.08221,48.0
1753532157531,12:15:57.531,BID/USDT:USDT,0.08195,10.0,0.08194,24.0,0.0822,1.0,0.08221,48.0
1753532159324,12:15:59.324,BID/USDT:USDT,0.08195,10.0,0.08194,24.0,0.0822,1.0,0.08221,48.0
1753532159376,12:15:59.376,BID/USDT:USDT,0.08195,10.0,0.08194,24.0,0.0822,1.0,0.08221,24.0
1753532159531,12:15:59.531,BID/USDT:USDT,0.08195,10.0,0.08194,24.0,0.0822,1.0,0.08221,24.0
1753532159633,12:15:59.633,BID/USDT:USDT,0.08195,10.0,0.08194,24.0,0.0822,1.0,0.08221,24.0
1753532159761,12:15:59.761,BID/USDT:USDT,0.08195,10.0,0.08194,24.0,0.0822,1.0,0.08221,24.0
1753532160060,12:16:00.060,BID/USDT:USDT,0.08195,10.0,0.08194,24.0,0.0822,1.0,0.08221,24.0
1753532160191,12:16:00.191,BID/USDT:USDT,0.08195,10.0,0.08194,24.0,0.0822,1.0,0.08221,24.0
1753532160297,12:16:00.297,BID/USDT:USDT,0.08195,10.0,0.08194,24.0,0.0822,1.0,0.08221,24.0
1753532160401,12:16:00.401,BID/USDT:USDT,0.08195,10.0,0.08194,24.0,0.0822,1.0,0.08221,24.0
1753532160832,12:16:00.832,BID/USDT:USDT,0.08195,10.0,0.08194,24.0,0.0822,1.0,0.08221,24.0
1753532161278,12:16:01.278,BID/USDT:USDT,0.08195,10.0,0.08194,24.0,0.0822,1.0,0.08221,24.0
1753532161338,12:16:01.338,BID/USDT:USDT,0.08195,10.0,0.08194,24.0,0.0822,1.0,0.08221,24.0
1753532161498,12:16:01.498,BID/USDT:USDT,0.08195,10.0,0.08194,24.0,0.0822,1.0,0.08221,24.0
1753532161558,12:16:01.558,BID/USDT:USDT,0.08195,10.0,0.08194,24.0,0.0822,1.0,0.08221,24.0
1753532161656,12:16:01.656,BID/USDT:USDT,0.08195,10.0,0.08194,24.0,0.0822,1.0,0.08221,24.0
1753532161866,12:16:01.866,BID/USDT:USDT,0.08195,10.0,0.08194,24.0,0.0822,1.0,0.08221,24.0
1753532162231,12:16:02.231,BID/USDT:USDT,0.08195,10.0,0.08194,24.0,0.0822,1.0,0.08221,24.0
1753532162489,12:16:02.489,BID/USDT:USDT,0.08195,10.0,0.08194,24.0,0.0822,1.0,0.08221,24.0
1753532162931,12:16:02.931,BID/USDT:USDT,0.08195,10.0,0.08194,24.0,0.0822,1.0,0.08221,24.0
1753532164432,12:16:04.432,BID/USDT:USDT,0.08195,10.0,0.08194,24.0,0.0822,1.0,0.08221,24.0
1753532164433,12:16:04.433,BID/USDT:USDT,0.08195,10.0,0.08194,24.0,0.0822,1.0,0.08221,24.0
1753532165224,12:16:05.224,BID/USDT:USDT,0.08195,10.0,0.08194,24.0,0.0822,1.0,0.08221,24.0
1753532166422,12:16:06.422,BID/USDT:USDT,0.08202,24.0,0.08195,13.0,0.0822,1.0,0.0823,163.0
1753532166526,12:16:06.526,BID/USDT:USDT,0.08202,24.0,0.08198,3.0,0.0822,1.0,0.08229,10.0
1753532166568,12:16:06.568,BID/USDT:USDT,0.08202,24.0,0.082,3.0,0.0822,1.0,0.08229,10.0
1753532166668,12:16:06.668,BID/USDT:USDT,0.08202,24.0,0.082,3.0,0.0822,1.0,0.08229,10.0
1753532166825,12:16:06.825,BID/USDT:USDT,0.08202,24.0,0.08201,3.0,0.0822,1.0,0.08229,10.0
1753532166848,12:16:06.848,BID/USDT:USDT,0.08202,27.0,0.08195,10.0,0.0822,1.0,0.08229,10.0
1753532166965,12:16:06.965,BID/USDT:USDT,0.08202,27.0,0.08195,10.0,0.0822,1.0,0.0823,24.0
1753532167389,12:16:07.389,BID/USDT:USDT,0.08202,27.0,0.08195,10.0,0.0822,1.0,0.0823,24.0
1753532167456,12:16:07.456,BID/USDT:USDT,0.08203,10.0,0.08202,27.0,0.0822,1.0,0.0823,24.0
1753532167719,12:16:07.719,BID/USDT:USDT,0.08203,10.0,0.08195,10.0,0.08219,24.0,0.0822,1.0
1753532167810,12:16:07.810,BID/USDT:USDT,0.08203,10.0,0.08195,10.0,0.08219,24.0,0.0822,1.0
1753532167888,12:16:07.888,BID/USDT:USDT,0.08203,10.0,0.08195,10.0,0.08219,24.0,0.0822,1.0
1753532168022,12:16:08.022,BID/USDT:USDT,0.08195,10.0,0.08194,24.0,0.08219,24.0,0.0822,1.0
1753532168040,12:16:08.040,BID/USDT:USDT,0.08195,10.0,0.08194,24.0,0.08219,24.0,0.0822,1.0
