timestamp,time,symbol,bid1_price,bid1_volume,bid2_price,bid2_volume,ask1_price,ask1_volume,ask2_price,ask2_volume
1753531621000,12:07:01.000,BDXN/USDT:USDT,0.03438,20.0,0.03436,579.0,0.03441,79.0,0.03442,447.0
1753531622471,12:07:02.471,BDXN/USDT:USDT,0.03438,20.0,0.03436,579.0,0.03441,79.0,0.03442,447.0
1753531624950,12:07:04.950,BDXN/USDT:USDT,0.03438,20.0,0.03436,579.0,0.03441,79.0,0.03442,447.0
1753531626469,12:07:06.469,BDXN/USDT:USDT,0.03438,20.0,0.03436,579.0,0.03441,79.0,0.03442,447.0
1753531626970,12:07:06.970,BDXN/USDT:USDT,0.03438,20.0,0.03436,579.0,0.03441,79.0,0.03442,447.0
1753531627472,12:07:07.472,BDXN/USDT:USDT,0.03438,20.0,0.03436,579.0,0.03441,79.0,0.03442,447.0
1753531627801,12:07:07.801,BDXN/USDT:USDT,0.03438,20.0,0.03436,579.0,0.03441,79.0,0.03442,447.0
1753531627970,12:07:07.970,BDXN/USDT:USDT,0.03438,20.0,0.03436,579.0,0.03441,518.0,0.03442,447.0
1753531629608,12:07:09.608,BDXN/USDT:USDT,0.03438,20.0,0.03436,579.0,0.03441,518.0,0.03442,447.0
1753531637961,12:07:17.961,BDXN/USDT:USDT,0.03438,20.0,0.03436,579.0,0.03441,518.0,0.03442,447.0
1753531639677,12:07:19.677,BDXN/USDT:USDT,0.03438,20.0,0.03436,579.0,0.03441,518.0,0.03442,447.0
1753531642221,12:07:22.221,BDXN/USDT:USDT,0.03436,6.0,0.03435,5.0,0.03441,518.0,0.03442,447.0
1753531642288,12:07:22.288,BDXN/USDT:USDT,0.03436,3.0,0.03435,8.0,0.0344,17.0,0.03441,518.0
1753531642371,12:07:22.371,BDXN/USDT:USDT,0.03436,3.0,0.03435,5.0,0.0344,100.0,0.03441,449.0
1753531643114,12:07:23.114,BDXN/USDT:USDT,0.03436,3.0,0.03435,5.0,0.0344,100.0,0.03441,449.0
1753531643936,12:07:23.936,BDXN/USDT:USDT,0.03436,13.0,0.03435,5.0,0.0344,100.0,0.03441,449.0
1753531644034,12:07:24.034,BDXN/USDT:USDT,0.03436,13.0,0.03435,5.0,0.0344,101.0,0.03441,449.0
1753531644349,12:07:24.349,BDXN/USDT:USDT,0.03436,13.0,0.03435,5.0,0.0344,101.0,0.03441,449.0
1753531644937,12:07:24.937,BDXN/USDT:USDT,0.03436,13.0,0.03435,5.0,0.0344,101.0,0.03441,449.0
1753531646935,12:07:26.935,BDXN/USDT:USDT,0.03436,13.0,0.03435,5.0,0.0344,101.0,0.03441,449.0
1753531647436,12:07:27.436,BDXN/USDT:USDT,0.03436,13.0,0.03435,5.0,0.03439,445.0,0.0344,101.0
1753531647578,12:07:27.578,BDXN/USDT:USDT,0.03436,13.0,0.03435,15.0,0.03438,91.0,0.03439,445.0
1753531647898,12:07:27.898,BDXN/USDT:USDT,0.03436,13.0,0.03435,15.0,0.03438,91.0,0.03439,445.0
1753531647994,12:07:27.994,BDXN/USDT:USDT,0.03436,13.0,0.03435,15.0,0.03438,91.0,0.03439,445.0
1753531648416,12:07:28.416,BDXN/USDT:USDT,0.03436,13.0,0.03435,15.0,0.03438,91.0,0.03439,445.0
1753531649936,12:07:29.936,BDXN/USDT:USDT,0.03436,13.0,0.03435,15.0,0.03438,91.0,0.03439,445.0
1753531650437,12:07:30.437,BDXN/USDT:USDT,0.03436,13.0,0.03435,15.0,0.03438,91.0,0.03439,445.0
1753531650974,12:07:30.974,BDXN/USDT:USDT,0.03436,13.0,0.03435,15.0,0.03438,91.0,0.03439,445.0
1753531652482,12:07:32.482,BDXN/USDT:USDT,0.03436,13.0,0.03435,15.0,0.03438,91.0,0.03439,445.0
1753531652530,12:07:32.530,BDXN/USDT:USDT,0.03436,13.0,0.03435,15.0,0.03438,91.0,0.03439,445.0
1753531657558,12:07:37.558,BDXN/USDT:USDT,0.03436,13.0,0.03435,15.0,0.03438,91.0,0.03439,465.0
1753531660346,12:07:40.346,BDXN/USDT:USDT,0.03436,13.0,0.03435,15.0,0.03438,91.0,0.03439,465.0
1753531664922,12:07:44.922,BDXN/USDT:USDT,0.03436,13.0,0.03435,15.0,0.03438,91.0,0.03439,465.0
1753531669727,12:07:49.727,BDXN/USDT:USDT,0.03436,13.0,0.03435,15.0,0.03438,91.0,0.03439,465.0
1753531670228,12:07:50.228,BDXN/USDT:USDT,0.03436,13.0,0.03435,15.0,0.03438,91.0,0.03439,465.0
1753531675326,12:07:55.326,BDXN/USDT:USDT,0.03433,3.0,0.03431,573.0,0.03438,91.0,0.03439,455.0
1753531675419,12:07:55.419,BDXN/USDT:USDT,0.03432,3.0,0.03429,2666.0,0.03438,1237.0,0.03439,455.0
1753531675512,12:07:55.512,BDXN/USDT:USDT,0.0343,3.0,0.03429,1146.0,0.03438,1267.0,0.03439,455.0
1753531675585,12:07:55.585,BDXN/USDT:USDT,0.0343,3.0,0.03429,1146.0,0.03437,25.0,0.03438,1237.0
1753531675633,12:07:55.633,BDXN/USDT:USDT,0.0343,3.0,0.03429,1146.0,0.03437,25.0,0.03438,1146.0
1753531675884,12:07:55.884,BDXN/USDT:USDT,0.0343,3.0,0.03429,1146.0,0.03437,25.0,0.03438,1146.0
1753531676050,12:07:56.050,BDXN/USDT:USDT,0.0343,3.0,0.03429,1146.0,0.03437,25.0,0.03438,1146.0
1753531676307,12:07:56.307,BDXN/USDT:USDT,0.0343,3.0,0.03429,1146.0,0.03437,25.0,0.03438,1146.0
1753531676459,12:07:56.459,BDXN/USDT:USDT,0.0343,3.0,0.03429,1146.0,0.03437,25.0,0.03438,1146.0
1753531676731,12:07:56.731,BDXN/USDT:USDT,0.0343,3.0,0.03429,1146.0,0.03437,25.0,0.03438,1146.0
1753531676990,12:07:56.990,BDXN/USDT:USDT,0.0343,3.0,0.03429,1146.0,0.03437,25.0,0.03438,1146.0
1753531677921,12:07:57.921,BDXN/USDT:USDT,0.0343,3.0,0.03429,1146.0,0.03437,25.0,0.03438,1146.0
1753531678022,12:07:58.022,BDXN/USDT:USDT,0.0343,3.0,0.03429,1146.0,0.03437,25.0,0.03438,1146.0
1753531680421,12:08:00.421,BDXN/USDT:USDT,0.0343,3.0,0.03429,1146.0,0.03437,25.0,0.03438,1146.0
1753531680727,12:08:00.727,BDXN/USDT:USDT,0.03431,573.0,0.0343,3.0,0.03437,25.0,0.03438,1146.0
1753531680920,12:08:00.920,BDXN/USDT:USDT,0.03432,13.0,0.03431,573.0,0.03437,461.0,0.03438,1146.0
1753531681059,12:08:01.059,BDXN/USDT:USDT,0.03432,55.0,0.03431,573.0,0.03437,461.0,0.03438,1146.0
1753531681180,12:08:01.180,BDXN/USDT:USDT,0.03432,55.0,0.03431,573.0,0.03437,461.0,0.03438,1146.0
1753531682020,12:08:02.020,BDXN/USDT:USDT,0.03432,55.0,0.03431,573.0,0.03437,461.0,0.03438,1146.0
1753531682041,12:08:02.041,BDXN/USDT:USDT,0.03432,55.0,0.03431,573.0,0.03437,461.0,0.03438,1146.0
1753531683023,12:08:03.023,BDXN/USDT:USDT,0.03432,55.0,0.03431,573.0,0.03437,461.0,0.03438,1146.0
1753531683114,12:08:03.114,BDXN/USDT:USDT,0.03432,55.0,0.03431,573.0,0.03437,461.0,0.03438,1146.0
1753531683527,12:08:03.527,BDXN/USDT:USDT,0.03432,55.0,0.03431,573.0,0.03437,461.0,0.03438,1146.0
1753531685516,12:08:05.516,BDXN/USDT:USDT,0.03432,55.0,0.03431,573.0,0.03437,461.0,0.03438,1146.0
1753531686507,12:08:06.507,BDXN/USDT:USDT,0.03432,55.0,0.03431,573.0,0.03437,25.0,0.03439,445.0
1753531687262,12:08:07.262,BDXN/USDT:USDT,0.03432,55.0,0.03431,573.0,0.03437,25.0,0.03439,445.0
1753531687507,12:08:07.507,BDXN/USDT:USDT,0.03432,55.0,0.03431,573.0,0.03437,25.0,0.03439,445.0
1753531687684,12:08:07.684,BDXN/USDT:USDT,0.03432,55.0,0.03431,573.0,0.03437,25.0,0.03439,445.0
1753531688111,12:08:08.111,BDXN/USDT:USDT,0.03432,55.0,0.03431,573.0,0.03437,25.0,0.03439,445.0
1753531690507,12:08:10.507,BDXN/USDT:USDT,0.03432,55.0,0.03431,573.0,0.03437,25.0,0.03438,429.0
1753531690557,12:08:10.557,BDXN/USDT:USDT,0.03432,55.0,0.03431,573.0,0.03437,25.0,0.03438,429.0
1753531691008,12:08:11.008,BDXN/USDT:USDT,0.03432,55.0,0.03431,573.0,0.03437,25.0,0.03438,429.0
1753531691027,12:08:11.027,BDXN/USDT:USDT,0.03432,55.0,0.03431,573.0,0.03437,25.0,0.03438,429.0
1753531691524,12:08:11.524,BDXN/USDT:USDT,0.03432,55.0,0.03431,573.0,0.03437,25.0,0.03439,445.0
1753531691594,12:08:11.594,BDXN/USDT:USDT,0.03432,55.0,0.03431,573.0,0.03437,25.0,0.03439,445.0
1753531692024,12:08:12.024,BDXN/USDT:USDT,0.03432,55.0,0.03431,573.0,0.03437,25.0,0.03439,445.0
1753531692255,12:08:12.255,BDXN/USDT:USDT,0.03432,55.0,0.03431,573.0,0.03437,25.0,0.03439,445.0
1753531695525,12:08:15.525,BDXN/USDT:USDT,0.03432,55.0,0.03431,573.0,0.03437,25.0,0.03439,445.0
1753531695567,12:08:15.567,BDXN/USDT:USDT,0.03432,55.0,0.03431,573.0,0.03437,25.0,0.03439,445.0
1753531696025,12:08:16.025,BDXN/USDT:USDT,0.03432,55.0,0.03431,573.0,0.03437,25.0,0.03439,445.0
1753531697103,12:08:17.103,BDXN/USDT:USDT,0.03432,55.0,0.03431,573.0,0.03437,25.0,0.03439,445.0
1753531699517,12:08:19.517,BDXN/USDT:USDT,0.03432,1201.0,0.03431,573.0,0.03437,25.0,0.03439,445.0
1753531700354,12:08:20.354,BDXN/USDT:USDT,0.03432,1201.0,0.03431,573.0,0.03437,25.0,0.03439,445.0
1753531703009,12:08:23.009,BDXN/USDT:USDT,0.03432,1201.0,0.03431,573.0,0.03437,25.0,0.03439,445.0
1753531705626,12:08:25.626,BDXN/USDT:USDT,0.03432,1201.0,0.03431,573.0,0.03437,25.0,0.03439,445.0
1753531705876,12:08:25.876,BDXN/USDT:USDT,0.03432,1201.0,0.03431,573.0,0.03437,25.0,0.03438,437.0
1753531706011,12:08:26.011,BDXN/USDT:USDT,0.03432,1201.0,0.03431,573.0,0.03437,25.0,0.03438,437.0
1753531710272,12:08:30.272,BDXN/USDT:USDT,0.03432,1201.0,0.03431,573.0,0.03437,25.0,0.03439,445.0
1753531711272,12:08:31.272,BDXN/USDT:USDT,0.03432,1201.0,0.03431,573.0,0.03437,25.0,0.03439,445.0
1753531712094,12:08:32.094,BDXN/USDT:USDT,0.03432,1201.0,0.03431,573.0,0.03437,25.0,0.03439,445.0
1753531714183,12:08:34.183,BDXN/USDT:USDT,0.03432,1201.0,0.03431,573.0,0.03437,25.0,0.03439,445.0
1753531715682,12:08:35.682,BDXN/USDT:USDT,0.03432,1201.0,0.03431,573.0,0.03437,25.0,0.03439,445.0
1753531715894,12:08:35.894,BDXN/USDT:USDT,0.03432,1201.0,0.03431,573.0,0.03437,25.0,0.03439,445.0
1753531715964,12:08:35.964,BDXN/USDT:USDT,0.03432,1201.0,0.03431,573.0,0.03437,25.0,0.03439,445.0
1753531716042,12:08:36.042,BDXN/USDT:USDT,0.03432,1201.0,0.03431,573.0,0.03437,25.0,0.03439,445.0
1753531721273,12:08:41.273,BDXN/USDT:USDT,0.03432,1201.0,0.03431,573.0,0.03437,25.0,0.03438,440.0
1753531722197,12:08:42.197,BDXN/USDT:USDT,0.03432,1201.0,0.03431,573.0,0.03437,25.0,0.03438,440.0
1753531724479,12:08:44.479,BDXN/USDT:USDT,0.03432,1201.0,0.03431,573.0,0.03437,25.0,0.03438,440.0
1753531725895,12:08:45.895,BDXN/USDT:USDT,0.03432,1201.0,0.03431,573.0,0.03437,25.0,0.03438,440.0
1753531731419,12:08:51.419,BDXN/USDT:USDT,0.03432,1201.0,0.03431,573.0,0.03437,25.0,0.03438,440.0
1753531735492,12:08:55.492,BDXN/USDT:USDT,0.03432,1201.0,0.03431,573.0,0.03437,25.0,0.03438,440.0
1753531735962,12:08:55.962,BDXN/USDT:USDT,0.03432,1201.0,0.03431,573.0,0.03437,25.0,0.03438,440.0
1753531740364,12:09:00.364,BDXN/USDT:USDT,0.03432,55.0,0.03429,2666.0,0.03437,25.0,0.03438,1586.0
1753531741126,12:09:01.126,BDXN/USDT:USDT,0.03432,55.0,0.03429,2666.0,0.03437,25.0,0.03438,1586.0
1753531741126,12:09:01.126,BDXN/USDT:USDT,0.03432,55.0,0.03429,2666.0,0.03437,25.0,0.03438,1586.0
1753531741366,12:09:01.366,BDXN/USDT:USDT,0.03432,55.0,0.03429,2666.0,0.03437,25.0,0.03438,1586.0
1753531742035,12:09:02.035,BDXN/USDT:USDT,0.03432,55.0,0.03429,2666.0,0.03437,25.0,0.03438,1586.0
1753531746366,12:09:06.366,BDXN/USDT:USDT,0.03432,55.0,0.03429,2666.0,0.03437,25.0,0.03438,1586.0
1753531746866,12:09:06.866,BDXN/USDT:USDT,0.03432,55.0,0.03429,2666.0,0.03437,460.0,0.03438,1586.0
1753531747182,12:09:07.182,BDXN/USDT:USDT,0.03432,55.0,0.03429,2666.0,0.03437,460.0,0.03438,1586.0
1753531748491,12:09:08.491,BDXN/USDT:USDT,0.03432,55.0,0.03429,2666.0,0.03437,460.0,0.03438,1586.0
1753531750721,12:09:10.721,BDXN/USDT:USDT,0.03432,3.0,0.03429,2666.0,0.03437,460.0,0.03438,1586.0
1753531750745,12:09:10.745,BDXN/USDT:USDT,0.0343,3.0,0.03429,2666.0,0.03437,460.0,0.03438,1586.0
1753531751518,12:09:11.518,BDXN/USDT:USDT,0.0343,3.0,0.03429,1146.0,0.03437,460.0,0.03438,1586.0
1753531751543,12:09:11.543,BDXN/USDT:USDT,0.0343,3.0,0.03429,1146.0,0.03437,460.0,0.03438,1586.0
1753531754747,12:09:14.747,BDXN/USDT:USDT,0.0343,3.0,0.03429,1146.0,0.03437,460.0,0.03438,1586.0
1753531755121,12:09:15.121,BDXN/USDT:USDT,0.0343,3.0,0.03429,1146.0,0.03437,460.0,0.03438,1586.0
1753531755247,12:09:15.247,BDXN/USDT:USDT,0.0343,3.0,0.03429,1146.0,0.03437,460.0,0.03438,1586.0
1753531756711,12:09:16.711,BDXN/USDT:USDT,0.0343,3.0,0.03429,1146.0,0.03437,460.0,0.03438,1146.0
1753531757211,12:09:17.211,BDXN/USDT:USDT,0.0343,3.0,0.03429,1146.0,0.03436,442.0,0.03437,460.0
1753531757264,12:09:17.264,BDXN/USDT:USDT,0.0343,3.0,0.03429,1146.0,0.03436,442.0,0.03437,435.0
1753531758096,12:09:18.096,BDXN/USDT:USDT,0.0343,3.0,0.03429,1146.0,0.03436,442.0,0.03437,435.0
1753531758523,12:09:18.523,BDXN/USDT:USDT,0.0343,3.0,0.03429,1146.0,0.03436,442.0,0.03437,435.0
1753531759838,12:09:19.838,BDXN/USDT:USDT,0.0343,3.0,0.03429,1146.0,0.03436,442.0,0.03437,435.0
1753531761599,12:09:21.599,BDXN/USDT:USDT,0.0343,3.0,0.03429,1146.0,0.03436,442.0,0.03437,435.0
1753531761650,12:09:21.650,BDXN/USDT:USDT,0.0343,3.0,0.03429,1146.0,0.03436,442.0,0.03437,435.0
1753531762339,12:09:22.339,BDXN/USDT:USDT,0.0343,3.0,0.03429,1146.0,0.03436,442.0,0.03437,435.0
1753531762428,12:09:22.428,BDXN/USDT:USDT,0.0343,3.0,0.03429,1146.0,0.03436,442.0,0.03437,435.0
1753531763383,12:09:23.383,BDXN/USDT:USDT,0.0343,3.0,0.03429,1146.0,0.03436,442.0,0.03437,435.0
1753531768136,12:09:28.136,BDXN/USDT:USDT,0.0343,3.0,0.03429,1146.0,0.03436,442.0,0.03437,435.0
1753531769001,12:09:29.001,BDXN/USDT:USDT,0.0343,3.0,0.03429,1146.0,0.03436,442.0,0.03437,435.0
1753531770511,12:09:30.511,BDXN/USDT:USDT,0.0343,3.0,0.03429,1146.0,0.03436,442.0,0.03437,435.0
1753531772809,12:09:32.809,BDXN/USDT:USDT,0.03431,573.0,0.0343,3.0,0.03437,435.0,0.0344,573.0
1753531772837,12:09:32.837,BDXN/USDT:USDT,0.03432,3.0,0.03431,573.0,0.03437,435.0,0.0344,573.0
1753531773074,12:09:33.074,BDXN/USDT:USDT,0.03432,3.0,0.03431,573.0,0.03437,435.0,0.0344,573.0
1753531773195,12:09:33.195,BDXN/USDT:USDT,0.03432,3.0,0.03429,1146.0,0.03437,435.0,0.0344,573.0
1753531774320,12:09:34.320,BDXN/USDT:USDT,0.03429,1146.0,0.03428,1529.0,0.03437,435.0,0.0344,573.0
1753531774400,12:09:34.400,BDXN/USDT:USDT,0.0343,3.0,0.03429,1146.0,0.03437,435.0,0.0344,573.0
1753531774576,12:09:34.576,BDXN/USDT:USDT,0.0343,3.0,0.03429,1146.0,0.03437,435.0,0.0344,573.0
1753531774751,12:09:34.751,BDXN/USDT:USDT,0.0343,3.0,0.03429,1146.0,0.03437,435.0,0.0344,573.0
1753531775166,12:09:35.166,BDXN/USDT:USDT,0.0343,3.0,0.03429,1146.0,0.03437,435.0,0.0344,573.0
1753531776410,12:09:36.410,BDXN/USDT:USDT,0.03431,573.0,0.0343,3.0,0.03437,435.0,0.0344,573.0
1753531776485,12:09:36.485,BDXN/USDT:USDT,0.03432,3.0,0.03431,573.0,0.0344,573.0,0.03441,1146.0
1753531776987,12:09:36.987,BDXN/USDT:USDT,0.03432,3.0,0.03431,573.0,0.03438,441.0,0.0344,573.0
1753531777044,12:09:37.044,BDXN/USDT:USDT,0.03432,23.0,0.03431,573.0,0.03437,136.0,0.03438,441.0
1753531777214,12:09:37.214,BDXN/USDT:USDT,0.03432,23.0,0.03431,573.0,0.03437,136.0,0.03438,441.0
1753531777486,12:09:37.486,BDXN/USDT:USDT,0.03432,23.0,0.03431,573.0,0.03437,136.0,0.03438,441.0
1753531778470,12:09:38.470,BDXN/USDT:USDT,0.03432,23.0,0.03431,573.0,0.03437,136.0,0.03438,441.0
1753531781151,12:09:41.151,BDXN/USDT:USDT,0.03432,23.0,0.03431,573.0,0.03437,136.0,0.03438,441.0
1753531781807,12:09:41.807,BDXN/USDT:USDT,0.03432,23.0,0.03431,573.0,0.03437,136.0,0.03438,441.0
1753531782189,12:09:42.189,BDXN/USDT:USDT,0.03432,23.0,0.03431,573.0,0.03437,136.0,0.0344,573.0
1753531782745,12:09:42.745,BDXN/USDT:USDT,0.03432,23.0,0.03431,573.0,0.03437,136.0,0.0344,573.0
1753531783305,12:09:43.305,BDXN/USDT:USDT,0.03432,23.0,0.03431,573.0,0.03437,136.0,0.0344,573.0
1753531786049,12:09:46.049,BDXN/USDT:USDT,0.03432,23.0,0.03429,1146.0,0.03437,136.0,0.03438,1146.0
1753531787329,12:09:47.329,BDXN/USDT:USDT,0.03432,23.0,0.03429,1146.0,0.03437,136.0,0.03438,1146.0
1753531791029,12:09:51.029,BDXN/USDT:USDT,0.03432,23.0,0.03429,1146.0,0.03437,136.0,0.03438,1146.0
1753531791855,12:09:51.855,BDXN/USDT:USDT,0.03432,23.0,0.03429,1146.0,0.03437,136.0,0.03438,1146.0
1753531794181,12:09:54.181,BDXN/USDT:USDT,0.03432,23.0,0.03429,1146.0,0.03437,136.0,0.03438,1146.0
1753531800154,12:10:00.154,BDXN/USDT:USDT,0.03432,23.0,0.03429,1146.0,0.03437,136.0,0.03438,1146.0
1753531800699,12:10:00.699,BDXN/USDT:USDT,0.03432,23.0,0.03429,1146.0,0.03437,136.0,0.03438,1146.0
1753531801199,12:10:01.199,BDXN/USDT:USDT,0.03432,23.0,0.03429,1573.0,0.03437,136.0,0.03438,1146.0
1753531801434,12:10:01.434,BDXN/USDT:USDT,0.03432,23.0,0.03429,1573.0,0.03437,136.0,0.03438,1146.0
1753531801825,12:10:01.825,BDXN/USDT:USDT,0.03432,23.0,0.03429,1573.0,0.03437,136.0,0.03441,1146.0
1753531801918,12:10:01.918,BDXN/USDT:USDT,0.03433,573.0,0.03432,23.0,0.03437,126.0,0.03441,1146.0
1753531801970,12:10:01.970,BDXN/USDT:USDT,0.03434,12.0,0.03433,573.0,0.03437,126.0,0.03441,1146.0
1753531802279,12:10:02.279,BDXN/USDT:USDT,0.03434,12.0,0.03433,573.0,0.03437,126.0,0.03441,1146.0
1753531802344,12:10:02.344,BDXN/USDT:USDT,0.03434,12.0,0.03433,573.0,0.03437,126.0,0.03441,1146.0
1753531803176,12:10:03.176,BDXN/USDT:USDT,0.03434,12.0,0.03433,573.0,0.03437,126.0,0.03441,1146.0
1753531804090,12:10:04.090,BDXN/USDT:USDT,0.03434,12.0,0.03433,573.0,0.03437,126.0,0.03441,1146.0
1753531804601,12:10:04.601,BDXN/USDT:USDT,0.03434,12.0,0.03433,573.0,0.03437,126.0,0.03441,1587.0
1753531804790,12:10:04.790,BDXN/USDT:USDT,0.03434,12.0,0.03433,573.0,0.03437,126.0,0.03441,1587.0
1753531805221,12:10:05.221,BDXN/USDT:USDT,0.03434,12.0,0.03433,573.0,0.03437,126.0,0.03441,1587.0
1753531806202,12:10:06.202,BDXN/USDT:USDT,0.03434,1167.0,0.03433,573.0,0.03441,441.0,0.03444,1149.0
1753531806319,12:10:06.319,BDXN/USDT:USDT,0.03434,1167.0,0.03433,573.0,0.03444,3.0,0.03445,5.0
1753531806398,12:10:06.398,BDXN/USDT:USDT,0.03434,1167.0,0.03433,573.0,0.03444,3.0,0.03445,5.0
1753531806445,12:10:06.445,BDXN/USDT:USDT,0.03434,1167.0,0.03433,573.0,0.03444,3.0,0.03445,5.0
1753531807175,12:10:07.175,BDXN/USDT:USDT,0.03434,1167.0,0.03433,573.0,0.03444,3.0,0.03445,5.0
1753531807273,12:10:07.273,BDXN/USDT:USDT,0.03434,1167.0,0.03433,573.0,0.03444,3.0,0.03445,5.0
1753531807979,12:10:07.979,BDXN/USDT:USDT,0.03434,1167.0,0.03433,573.0,0.03444,3.0,0.03445,5.0
1753531808215,12:10:08.215,BDXN/USDT:USDT,0.03434,1167.0,0.03433,573.0,0.03444,3.0,0.03445,5.0
1753531808518,12:10:08.518,BDXN/USDT:USDT,0.03434,1167.0,0.03433,573.0,0.03444,3.0,0.03445,5.0
1753531808989,12:10:08.989,BDXN/USDT:USDT,0.03434,1167.0,0.03433,573.0,0.03444,1149.0,0.03445,442.0
1753531809314,12:10:09.314,BDXN/USDT:USDT,0.03434,1167.0,0.03433,573.0,0.03444,1149.0,0.03445,442.0
1753531809509,12:10:09.509,BDXN/USDT:USDT,0.03434,1605.0,0.03433,573.0,0.03444,1149.0,0.03445,442.0
1753531810671,12:10:10.671,BDXN/USDT:USDT,0.03434,1605.0,0.03433,573.0,0.03444,1149.0,0.03445,442.0
1753531811989,12:10:11.989,BDXN/USDT:USDT,0.03434,1605.0,0.03433,573.0,0.03444,1149.0,0.03445,442.0
1753531812158,12:10:12.158,BDXN/USDT:USDT,0.03434,1605.0,0.03433,573.0,0.03444,1149.0,0.03445,442.0
1753531814509,12:10:14.509,BDXN/USDT:USDT,0.03435,433.0,0.03434,1605.0,0.03444,1593.0,0.03445,442.0
1753531814538,12:10:14.538,BDXN/USDT:USDT,0.03436,3.0,0.03435,433.0,0.03444,1593.0,0.03445,442.0
1753531814678,12:10:14.678,BDXN/USDT:USDT,0.03436,3.0,0.03435,433.0,0.03444,1593.0,0.03445,442.0
1753531815391,12:10:15.391,BDXN/USDT:USDT,0.03436,3.0,0.03435,433.0,0.03444,1593.0,0.03445,442.0
1753531820215,12:10:20.215,BDXN/USDT:USDT,0.03436,3.0,0.03435,433.0,0.03444,1149.0,0.03445,442.0
1753531820318,12:10:20.318,BDXN/USDT:USDT,0.03436,3.0,0.03435,433.0,0.03444,3.0,0.03445,442.0
1753531820336,12:10:20.336,BDXN/USDT:USDT,0.03436,3.0,0.03435,433.0,0.03444,3.0,0.03445,442.0
1753531820529,12:10:20.529,BDXN/USDT:USDT,0.03436,3.0,0.03435,433.0,0.03444,3.0,0.03445,442.0
1753531820716,12:10:20.716,BDXN/USDT:USDT,0.03436,3.0,0.03435,433.0,0.03444,3.0,0.03445,442.0
1753531822016,12:10:22.016,BDXN/USDT:USDT,0.03436,3.0,0.03435,433.0,0.03444,3.0,0.03445,442.0
1753531822063,12:10:22.063,BDXN/USDT:USDT,0.03436,3.0,0.03435,433.0,0.03444,1149.0,0.03445,442.0
1753531824217,12:10:24.217,BDXN/USDT:USDT,0.03436,3.0,0.03435,433.0,0.03444,1149.0,0.03445,442.0
1753531824716,12:10:24.716,BDXN/USDT:USDT,0.03436,439.0,0.03435,433.0,0.03444,1149.0,0.03445,442.0
1753531827660,12:10:27.660,BDXN/USDT:USDT,0.03436,439.0,0.03435,433.0,0.03444,1149.0,0.03445,442.0
1753531829145,12:10:29.145,BDXN/USDT:USDT,0.03436,439.0,0.03435,433.0,0.03444,1149.0,0.03445,442.0
1753531829324,12:10:29.324,BDXN/USDT:USDT,0.03436,439.0,0.03435,433.0,0.03444,3.0,0.03445,5.0
1753531829335,12:10:29.335,BDXN/USDT:USDT,0.03436,439.0,0.03435,433.0,0.03444,3.0,0.03445,5.0
1753531832094,12:10:32.094,BDXN/USDT:USDT,0.03436,439.0,0.03435,433.0,0.03444,3.0,0.03445,5.0
1753531832539,12:10:32.539,BDXN/USDT:USDT,0.03436,439.0,0.03435,433.0,0.03444,3.0,0.03445,5.0
1753531833199,12:10:33.199,BDXN/USDT:USDT,0.03436,439.0,0.03435,433.0,0.03444,3.0,0.03445,5.0
1753531833560,12:10:33.560,BDXN/USDT:USDT,0.03436,439.0,0.03434,1146.0,0.03444,3.0,0.03445,5.0
1753531834082,12:10:34.082,BDXN/USDT:USDT,0.03437,426.0,0.03436,439.0,0.03444,3.0,0.03445,5.0
1753531834134,12:10:34.134,BDXN/USDT:USDT,0.03438,3.0,0.03437,426.0,0.03444,3.0,0.03445,5.0
1753531835165,12:10:35.165,BDXN/USDT:USDT,0.03438,3.0,0.03437,426.0,0.03444,3.0,0.03445,5.0
1753531835589,12:10:35.589,BDXN/USDT:USDT,0.03438,3.0,0.03437,426.0,0.03444,3.0,0.03445,5.0
1753531842152,12:10:42.152,BDXN/USDT:USDT,0.03438,3.0,0.03437,426.0,0.03444,3.0,0.03445,5.0
1753531843150,12:10:43.150,BDXN/USDT:USDT,0.03438,1149.0,0.03437,426.0,0.03444,3.0,0.03445,5.0
1753531843322,12:10:43.322,BDXN/USDT:USDT,0.03438,1149.0,0.03437,426.0,0.03444,3.0,0.03445,5.0
1753531844113,12:10:44.113,BDXN/USDT:USDT,0.03438,1149.0,0.03437,426.0,0.03444,3.0,0.03445,5.0
1753531846209,12:10:46.209,BDXN/USDT:USDT,0.03438,1149.0,0.03437,426.0,0.03444,3.0,0.03445,5.0
1753531848114,12:10:48.114,BDXN/USDT:USDT,0.03438,1149.0,0.03437,426.0,0.03444,3.0,0.03445,5.0
1753531848325,12:10:48.325,BDXN/USDT:USDT,0.0345,58.0,0.03448,109.0,0.03461,1559.0,0.03463,57.0
1753531848420,12:10:48.420,BDXN/USDT:USDT,0.03452,12.0,0.03451,108.0,0.03456,5.0,0.03458,57.0
1753531848490,12:10:48.490,BDXN/USDT:USDT,0.03452,70.0,0.03451,18.0,0.03454,5.0,0.03457,17.0
1753531848621,12:10:48.621,BDXN/USDT:USDT,0.03452,3.0,0.03451,76.0,0.03453,5.0,0.03459,17.0
1753531848681,12:10:48.681,BDXN/USDT:USDT,0.03452,3.0,0.03451,76.0,0.03453,5.0,0.03457,57.0
1753531849118,12:10:49.118,BDXN/USDT:USDT,0.03452,3.0,0.03451,76.0,0.03453,5.0,0.03457,57.0
1753531849309,12:10:49.309,BDXN/USDT:USDT,0.03452,3.0,0.03451,76.0,0.03453,5.0,0.03457,57.0
1753531849375,12:10:49.375,BDXN/USDT:USDT,0.03452,3.0,0.03449,58.0,0.03458,18.0,0.03459,270.0
1753531849453,12:10:49.453,BDXN/USDT:USDT,0.03452,3.0,0.03449,58.0,0.03458,18.0,0.03459,270.0
1753531849594,12:10:49.594,BDXN/USDT:USDT,0.03452,3.0,0.03451,67.0,0.03458,18.0,0.03459,270.0
1753531849634,12:10:49.634,BDXN/USDT:USDT,0.03452,3.0,0.03451,67.0,0.03458,18.0,0.03459,270.0
1753531849924,12:10:49.924,BDXN/USDT:USDT,0.03452,3.0,0.03451,67.0,0.03458,18.0,0.03459,270.0
1753531850316,12:10:50.316,BDXN/USDT:USDT,0.03452,3.0,0.03451,67.0,0.03458,18.0,0.03459,270.0
1753531850575,12:10:50.575,BDXN/USDT:USDT,0.03452,3.0,0.03451,67.0,0.03458,18.0,0.03459,270.0
1753531851108,12:10:51.108,BDXN/USDT:USDT,0.03452,3.0,0.03451,67.0,0.03458,18.0,0.03459,270.0
1753531851318,12:10:51.318,BDXN/USDT:USDT,0.03452,12.0,0.03451,640.0,0.0346,444.0,0.03461,1146.0
1753531851366,12:10:51.366,BDXN/USDT:USDT,0.03452,12.0,0.03451,640.0,0.0346,14.0,0.03461,1146.0
1753531851493,12:10:51.493,BDXN/USDT:USDT,0.03452,12.0,0.03451,640.0,0.0346,14.0,0.03461,1146.0
1753531851535,12:10:51.535,BDXN/USDT:USDT,0.03452,12.0,0.03451,640.0,0.0346,14.0,0.03461,1146.0
1753531851634,12:10:51.634,BDXN/USDT:USDT,0.03452,12.0,0.03451,640.0,0.0346,14.0,0.03461,1574.0
1753531852030,12:10:52.030,BDXN/USDT:USDT,0.03452,12.0,0.03451,640.0,0.0346,14.0,0.03461,1574.0
1753531852207,12:10:52.207,BDXN/USDT:USDT,0.03452,12.0,0.03451,640.0,0.0346,14.0,0.03461,1574.0
1753531852290,12:10:52.290,BDXN/USDT:USDT,0.03452,12.0,0.03451,640.0,0.0346,14.0,0.03461,1574.0
1753531852894,12:10:52.894,BDXN/USDT:USDT,0.03452,12.0,0.03451,640.0,0.0346,14.0,0.03461,1574.0
1753531853092,12:10:53.092,BDXN/USDT:USDT,0.03452,12.0,0.03451,640.0,0.0346,14.0,0.03461,1574.0
1753531853306,12:10:53.306,BDXN/USDT:USDT,0.03452,3.0,0.03451,640.0,0.03459,582.0,0.0346,14.0
1753531853379,12:10:53.379,BDXN/USDT:USDT,0.03452,3.0,0.03451,640.0,0.03459,582.0,0.0346,14.0
1753531853464,12:10:53.464,BDXN/USDT:USDT,0.03452,3.0,0.03451,640.0,0.03459,582.0,0.0346,14.0
1753531853704,12:10:53.704,BDXN/USDT:USDT,0.03452,3.0,0.03451,640.0,0.03459,582.0,0.0346,14.0
1753531854326,12:10:54.326,BDXN/USDT:USDT,0.03452,3.0,0.03451,1080.0,0.03459,582.0,0.0346,14.0
1753531854328,12:10:54.328,BDXN/USDT:USDT,0.03452,3.0,0.03451,1080.0,0.03459,9.0,0.0346,14.0
1753531855069,12:10:55.069,BDXN/USDT:USDT,0.03452,3.0,0.03451,1080.0,0.03459,9.0,0.0346,14.0
1753531855428,12:10:55.428,BDXN/USDT:USDT,0.03452,3.0,0.03451,1080.0,0.03459,9.0,0.0346,14.0
1753531855896,12:10:55.896,BDXN/USDT:USDT,0.03452,3.0,0.03451,1080.0,0.03459,9.0,0.0346,14.0
1753531856611,12:10:56.611,BDXN/USDT:USDT,0.03452,3.0,0.03451,1080.0,0.03459,9.0,0.0346,14.0
1753531856626,12:10:56.626,BDXN/USDT:USDT,0.03452,3.0,0.03451,1080.0,0.03459,9.0,0.0346,14.0
1753531856975,12:10:56.975,BDXN/USDT:USDT,0.03452,3.0,0.03451,1080.0,0.03459,9.0,0.0346,14.0
1753531857030,12:10:57.030,BDXN/USDT:USDT,0.03452,3.0,0.03451,1080.0,0.03459,9.0,0.0346,14.0
1753531857328,12:10:57.328,BDXN/USDT:USDT,0.03452,3.0,0.03451,1080.0,0.03459,9.0,0.0346,14.0
1753531857828,12:10:57.828,BDXN/USDT:USDT,0.03452,3.0,0.03451,1080.0,0.03459,9.0,0.0346,14.0
1753531858509,12:10:58.509,BDXN/USDT:USDT,0.03452,3.0,0.03451,1080.0,0.0346,447.0,0.03461,1574.0
1753531858589,12:10:58.589,BDXN/USDT:USDT,0.03453,58.0,0.03452,443.0,0.0346,447.0,0.03461,1574.0
1753531858726,12:10:58.726,BDXN/USDT:USDT,0.03453,58.0,0.03452,443.0,0.0346,447.0,0.03461,1574.0
1753531858782,12:10:58.782,BDXN/USDT:USDT,0.03453,58.0,0.03452,443.0,0.0346,447.0,0.03461,1574.0
1753531859221,12:10:59.221,BDXN/USDT:USDT,0.03453,58.0,0.03452,443.0,0.0346,447.0,0.03461,1574.0
1753531859229,12:10:59.229,BDXN/USDT:USDT,0.03453,58.0,0.03452,443.0,0.0346,447.0,0.03461,1574.0
1753531859578,12:10:59.578,BDXN/USDT:USDT,0.03453,58.0,0.03452,443.0,0.0346,447.0,0.03461,1574.0
1753531861898,12:11:01.898,BDXN/USDT:USDT,0.03453,58.0,0.03452,443.0,0.0346,447.0,0.03461,1574.0
1753531862271,12:11:02.271,BDXN/USDT:USDT,0.03453,58.0,0.03452,443.0,0.0346,447.0,0.03461,1574.0
1753531862712,12:11:02.712,BDXN/USDT:USDT,0.03453,58.0,0.03452,443.0,0.0346,476.0,0.03461,1574.0
1753531862784,12:11:02.784,BDXN/USDT:USDT,0.03453,58.0,0.03452,443.0,0.0346,447.0,0.03461,1574.0
1753531862913,12:11:02.913,BDXN/USDT:USDT,0.03453,58.0,0.03452,443.0,0.0346,476.0,0.03461,1574.0
1753531862985,12:11:02.985,BDXN/USDT:USDT,0.03453,58.0,0.03452,443.0,0.0346,447.0,0.03461,1574.0
1753531863083,12:11:03.083,BDXN/USDT:USDT,0.03453,58.0,0.03452,443.0,0.0346,447.0,0.03461,1574.0
1753531863516,12:11:03.516,BDXN/USDT:USDT,0.03453,58.0,0.03452,443.0,0.0346,476.0,0.03461,1574.0
1753531863588,12:11:03.588,BDXN/USDT:USDT,0.03453,499.0,0.03452,443.0,0.0346,447.0,0.03461,1574.0
1753531863956,12:11:03.956,BDXN/USDT:USDT,0.03453,499.0,0.03452,443.0,0.0346,476.0,0.03461,1574.0
1753531864113,12:11:04.113,BDXN/USDT:USDT,0.03453,499.0,0.03452,443.0,0.0346,476.0,0.03461,1574.0
1753531864184,12:11:04.184,BDXN/USDT:USDT,0.03453,499.0,0.03452,443.0,0.0346,447.0,0.03461,1574.0
1753531864384,12:11:04.384,BDXN/USDT:USDT,0.03453,58.0,0.03452,443.0,0.0346,447.0,0.03461,1574.0
1753531864473,12:11:04.473,BDXN/USDT:USDT,0.03453,1204.0,0.03452,443.0,0.0346,476.0,0.03461,1574.0
1753531864620,12:11:04.620,BDXN/USDT:USDT,0.03453,1204.0,0.03452,443.0,0.0346,476.0,0.03461,1574.0
1753531864717,12:11:04.717,BDXN/USDT:USDT,0.03453,1204.0,0.03452,443.0,0.0346,447.0,0.03461,1574.0
1753531864775,12:11:04.775,BDXN/USDT:USDT,0.03453,1204.0,0.03452,443.0,0.0346,476.0,0.03461,1574.0
1753531864848,12:11:04.848,BDXN/USDT:USDT,0.03453,1204.0,0.03452,443.0,0.0346,447.0,0.03461,1574.0
1753531865116,12:11:05.116,BDXN/USDT:USDT,0.03453,1204.0,0.03452,443.0,0.0346,476.0,0.03461,1574.0
1753531865187,12:11:05.187,BDXN/USDT:USDT,0.03453,1204.0,0.03452,443.0,0.0346,447.0,0.03461,1574.0
1753531865271,12:11:05.271,BDXN/USDT:USDT,0.03453,1204.0,0.03452,443.0,0.0346,447.0,0.03461,1574.0
1753531865812,12:11:05.812,BDXN/USDT:USDT,0.03453,1204.0,0.03452,443.0,0.0346,447.0,0.03461,1574.0
1753531866312,12:11:06.312,BDXN/USDT:USDT,0.03453,1204.0,0.03452,443.0,0.0346,447.0,0.03461,1574.0
1753531866457,12:11:06.457,BDXN/USDT:USDT,0.03453,1204.0,0.03452,443.0,0.0346,447.0,0.03461,1574.0
1753531866554,12:11:06.554,BDXN/USDT:USDT,0.03453,1204.0,0.03452,443.0,0.0346,447.0,0.03461,1574.0
1753531867074,12:11:07.074,BDXN/USDT:USDT,0.03453,1204.0,0.03452,443.0,0.0346,476.0,0.03461,1574.0
1753531867145,12:11:07.145,BDXN/USDT:USDT,0.03453,1204.0,0.03452,443.0,0.0346,447.0,0.03461,1574.0
1753531867513,12:11:07.513,BDXN/USDT:USDT,0.03453,1204.0,0.03452,443.0,0.0346,476.0,0.03461,1574.0
1753531867584,12:11:07.584,BDXN/USDT:USDT,0.03453,1204.0,0.03452,443.0,0.0346,447.0,0.03461,1574.0
1753531867824,12:11:07.824,BDXN/USDT:USDT,0.03453,1204.0,0.03452,443.0,0.0346,447.0,0.03461,1574.0
1753531868115,12:11:08.115,BDXN/USDT:USDT,0.03453,1204.0,0.03452,443.0,0.0346,476.0,0.03461,1574.0
1753531868186,12:11:08.186,BDXN/USDT:USDT,0.03453,1204.0,0.03452,443.0,0.0346,447.0,0.03461,1574.0
1753531868354,12:11:08.354,BDXN/USDT:USDT,0.03453,1204.0,0.03452,443.0,0.0346,476.0,0.03461,1574.0
1753531868514,12:11:08.514,BDXN/USDT:USDT,0.03453,1204.0,0.03452,443.0,0.0346,476.0,0.03461,1574.0
1753531868586,12:11:08.586,BDXN/USDT:USDT,0.03453,1204.0,0.03452,443.0,0.0346,447.0,0.03461,1574.0
1753531868823,12:11:08.823,BDXN/USDT:USDT,0.03453,1204.0,0.03452,443.0,0.0346,447.0,0.03461,1574.0
1753531868914,12:11:08.914,BDXN/USDT:USDT,0.03453,1204.0,0.03452,443.0,0.0346,476.0,0.03461,1574.0
1753531868986,12:11:08.986,BDXN/USDT:USDT,0.03453,1204.0,0.03452,443.0,0.0346,447.0,0.03461,1574.0
1753531870123,12:11:10.123,BDXN/USDT:USDT,0.03453,1204.0,0.03452,443.0,0.0346,447.0,0.03461,1574.0
1753531870213,12:11:10.213,BDXN/USDT:USDT,0.03453,1204.0,0.03452,443.0,0.0346,476.0,0.03461,1574.0
1753531870284,12:11:10.284,BDXN/USDT:USDT,0.03453,1204.0,0.03452,443.0,0.0346,447.0,0.03461,1574.0
1753531870623,12:11:10.623,BDXN/USDT:USDT,0.03453,1204.0,0.03452,443.0,0.0346,447.0,0.03461,1574.0
1753531870924,12:11:10.924,BDXN/USDT:USDT,0.03453,1204.0,0.03452,443.0,0.0346,447.0,0.03461,1574.0
1753531871323,12:11:11.323,BDXN/USDT:USDT,0.03453,1204.0,0.03452,443.0,0.0346,447.0,0.03461,1574.0
1753531871413,12:11:11.413,BDXN/USDT:USDT,0.03453,1204.0,0.03452,443.0,0.0346,476.0,0.03461,1574.0
1753531871484,12:11:11.484,BDXN/USDT:USDT,0.03453,1204.0,0.03452,443.0,0.0346,447.0,0.03461,1574.0
1753531871725,12:11:11.725,BDXN/USDT:USDT,0.03453,1204.0,0.03452,443.0,0.0346,447.0,0.03461,1574.0
1753531871912,12:11:11.912,BDXN/USDT:USDT,0.03453,1204.0,0.03452,443.0,0.0346,476.0,0.03461,1574.0
1753531871983,12:11:11.983,BDXN/USDT:USDT,0.03453,1204.0,0.03452,443.0,0.0346,447.0,0.03461,1574.0
1753531872058,12:11:12.058,BDXN/USDT:USDT,0.03453,1204.0,0.03452,443.0,0.0346,476.0,0.03461,1574.0
1753531872131,12:11:12.131,BDXN/USDT:USDT,0.03453,1204.0,0.03452,443.0,0.0346,447.0,0.03461,1574.0
1753531872318,12:11:12.318,BDXN/USDT:USDT,0.03453,1204.0,0.03452,443.0,0.0346,447.0,0.03461,1574.0
1753531872341,12:11:12.341,BDXN/USDT:USDT,0.03453,1204.0,0.03452,443.0,0.0346,447.0,0.03461,1574.0
1753531872624,12:11:12.624,BDXN/USDT:USDT,0.03453,1204.0,0.03452,443.0,0.0346,447.0,0.03461,1574.0
1753531873224,12:11:13.224,BDXN/USDT:USDT,0.03453,1204.0,0.03452,443.0,0.0346,447.0,0.03461,1574.0
1753531873411,12:11:13.411,BDXN/USDT:USDT,0.03453,1204.0,0.03452,443.0,0.0346,476.0,0.03461,1574.0
1753531873483,12:11:13.483,BDXN/USDT:USDT,0.03453,1204.0,0.03452,443.0,0.0346,447.0,0.03461,1574.0
1753531873796,12:11:13.796,BDXN/USDT:USDT,0.03453,1204.0,0.03452,443.0,0.0346,476.0,0.03461,1574.0
1753531873868,12:11:13.868,BDXN/USDT:USDT,0.03453,1204.0,0.03452,443.0,0.0346,447.0,0.03461,1574.0
1753531874055,12:11:14.055,BDXN/USDT:USDT,0.03453,1204.0,0.03452,443.0,0.0346,476.0,0.03461,1574.0
1753531874126,12:11:14.126,BDXN/USDT:USDT,0.03453,1204.0,0.03452,443.0,0.0346,447.0,0.03461,1574.0
1753531874313,12:11:14.313,BDXN/USDT:USDT,0.03453,1204.0,0.03452,443.0,0.0346,476.0,0.03461,1574.0
1753531874385,12:11:14.385,BDXN/USDT:USDT,0.03453,1204.0,0.03452,443.0,0.0346,447.0,0.03461,1574.0
1753531874826,12:11:14.826,BDXN/USDT:USDT,0.03453,1204.0,0.03452,443.0,0.0346,447.0,0.03461,1574.0
1753531875158,12:11:15.158,BDXN/USDT:USDT,0.03453,1204.0,0.03452,3.0,0.0346,5.0,0.03461,1146.0
1753531875523,12:11:15.523,BDXN/USDT:USDT,0.03453,1204.0,0.03452,3.0,0.0346,5.0,0.03461,1146.0
1753531876173,12:11:16.173,BDXN/USDT:USDT,0.03453,1204.0,0.03452,3.0,0.0346,34.0,0.03461,1146.0
1753531876244,12:11:16.244,BDXN/USDT:USDT,0.03453,1204.0,0.03452,3.0,0.0346,5.0,0.03461,1146.0
1753531876714,12:11:16.714,BDXN/USDT:USDT,0.03453,1204.0,0.03452,3.0,0.0346,34.0,0.03461,1146.0
1753531876785,12:11:16.785,BDXN/USDT:USDT,0.03453,1204.0,0.03452,3.0,0.0346,5.0,0.03461,1146.0
1753531876922,12:11:16.922,BDXN/USDT:USDT,0.03453,1204.0,0.03452,3.0,0.0346,34.0,0.03461,1146.0
1753531876963,12:11:16.963,BDXN/USDT:USDT,0.03453,1204.0,0.03452,3.0,0.0346,5.0,0.03461,1146.0
1753531877203,12:11:17.203,BDXN/USDT:USDT,0.03453,1204.0,0.03452,3.0,0.0346,5.0,0.03461,1146.0
1753531877392,12:11:17.392,BDXN/USDT:USDT,0.03453,1204.0,0.03452,3.0,0.0346,34.0,0.03461,1146.0
1753531877464,12:11:17.464,BDXN/USDT:USDT,0.03453,1204.0,0.03452,3.0,0.0346,5.0,0.03461,1146.0
1753531877823,12:11:17.823,BDXN/USDT:USDT,0.03453,1204.0,0.03452,3.0,0.0346,5.0,0.03461,1146.0
1753531878423,12:11:18.423,BDXN/USDT:USDT,0.03453,1204.0,0.03452,3.0,0.0346,5.0,0.03461,1146.0
1753531878514,12:11:18.514,BDXN/USDT:USDT,0.03453,1204.0,0.03452,3.0,0.0346,5.0,0.03461,1146.0
1753531878593,12:11:18.593,BDXN/USDT:USDT,0.03453,1204.0,0.03452,3.0,0.0346,34.0,0.03464,1602.0
1753531878665,12:11:18.665,BDXN/USDT:USDT,0.03453,1204.0,0.03452,3.0,0.0346,5.0,0.03464,1602.0
1753531878772,12:11:18.772,BDXN/USDT:USDT,0.03453,1204.0,0.03452,3.0,0.0346,34.0,0.03464,1602.0
1753531878843,12:11:18.843,BDXN/USDT:USDT,0.03453,1204.0,0.03452,3.0,0.0346,5.0,0.03464,1602.0
1753531879115,12:11:19.115,BDXN/USDT:USDT,0.03453,1204.0,0.03452,3.0,0.0346,34.0,0.03464,1602.0
1753531879188,12:11:19.188,BDXN/USDT:USDT,0.03453,1204.0,0.03452,3.0,0.0346,5.0,0.03464,1602.0
1753531879263,12:11:19.263,BDXN/USDT:USDT,0.03453,1204.0,0.03452,3.0,0.0346,34.0,0.03464,1602.0
1753531879415,12:11:19.415,BDXN/USDT:USDT,0.03453,1204.0,0.03452,3.0,0.0346,5.0,0.03464,1602.0
1753531879501,12:11:19.501,BDXN/USDT:USDT,0.03453,1204.0,0.03452,3.0,0.0346,5.0,0.03464,1602.0
1753531879597,12:11:19.597,BDXN/USDT:USDT,0.03453,1204.0,0.03452,3.0,0.0346,5.0,0.03464,1602.0
1753531880613,12:11:20.613,BDXN/USDT:USDT,0.03453,1204.0,0.03452,3.0,0.0346,34.0,0.03464,1602.0
1753531880686,12:11:20.686,BDXN/USDT:USDT,0.03453,1204.0,0.03452,3.0,0.0346,5.0,0.03464,1602.0
1753531881173,12:11:21.173,BDXN/USDT:USDT,0.03453,1204.0,0.03452,3.0,0.0346,34.0,0.03464,1602.0
1753531881244,12:11:21.244,BDXN/USDT:USDT,0.03453,1204.0,0.03452,3.0,0.0346,5.0,0.03464,1602.0
1753531881423,12:11:21.423,BDXN/USDT:USDT,0.03453,1204.0,0.03452,3.0,0.0346,5.0,0.03464,1602.0
1753531881624,12:11:21.624,BDXN/USDT:USDT,0.03453,1204.0,0.03452,3.0,0.0346,5.0,0.03464,1602.0
1753531882024,12:11:22.024,BDXN/USDT:USDT,0.03453,1204.0,0.03452,3.0,0.0346,5.0,0.03464,1602.0
1753531882114,12:11:22.114,BDXN/USDT:USDT,0.03453,1204.0,0.03452,3.0,0.0346,34.0,0.03464,1602.0
1753531882185,12:11:22.185,BDXN/USDT:USDT,0.03453,1204.0,0.03452,3.0,0.0346,5.0,0.03464,1602.0
1753531882404,12:11:22.404,BDXN/USDT:USDT,0.03453,1204.0,0.03452,3.0,0.0346,5.0,0.03464,1602.0
1753531882503,12:11:22.503,BDXN/USDT:USDT,0.03453,1204.0,0.03452,3.0,0.0346,5.0,0.03464,1602.0
1753531883114,12:11:23.114,BDXN/USDT:USDT,0.03453,1204.0,0.03452,3.0,0.0346,34.0,0.03464,1602.0
1753531883186,12:11:23.186,BDXN/USDT:USDT,0.03453,1204.0,0.03452,3.0,0.0346,5.0,0.03464,1602.0
1753531883271,12:11:23.271,BDXN/USDT:USDT,0.03453,1204.0,0.03452,3.0,0.0346,34.0,0.03464,1602.0
1753531883342,12:11:23.342,BDXN/USDT:USDT,0.03453,1204.0,0.03452,3.0,0.0346,5.0,0.03464,1602.0
1753531883463,12:11:23.463,BDXN/USDT:USDT,0.03453,1204.0,0.03452,3.0,0.0346,5.0,0.03464,1602.0
1753531883625,12:11:23.625,BDXN/USDT:USDT,0.03453,1204.0,0.03452,3.0,0.0346,5.0,0.03464,1602.0
1753531883824,12:11:23.824,BDXN/USDT:USDT,0.03453,1204.0,0.03452,3.0,0.0346,5.0,0.03464,1602.0
1753531884113,12:11:24.113,BDXN/USDT:USDT,0.03453,1204.0,0.03452,3.0,0.0346,34.0,0.03464,1602.0
1753531884184,12:11:24.184,BDXN/USDT:USDT,0.03453,1204.0,0.03452,3.0,0.0346,5.0,0.03464,1602.0
1753531884515,12:11:24.515,BDXN/USDT:USDT,0.03453,1204.0,0.03452,3.0,0.0346,34.0,0.03464,1602.0
1753531884587,12:11:24.587,BDXN/USDT:USDT,0.03453,1204.0,0.03452,3.0,0.0346,5.0,0.03464,1602.0
1753531884814,12:11:24.814,BDXN/USDT:USDT,0.03453,1204.0,0.03452,3.0,0.0346,34.0,0.03464,1602.0
1753531884885,12:11:24.885,BDXN/USDT:USDT,0.03453,1204.0,0.03452,3.0,0.0346,5.0,0.03464,1602.0
1753531885114,12:11:25.114,BDXN/USDT:USDT,0.03453,1204.0,0.03452,3.0,0.0346,34.0,0.03464,1602.0
1753531885185,12:11:25.185,BDXN/USDT:USDT,0.03453,1204.0,0.03452,3.0,0.0346,5.0,0.03464,1602.0
1753531885251,12:11:25.251,BDXN/USDT:USDT,0.03453,1204.0,0.03452,3.0,0.0346,5.0,0.03464,1602.0
1753531886324,12:11:26.324,BDXN/USDT:USDT,0.03453,1204.0,0.03452,3.0,0.0346,5.0,0.03464,1602.0
1753531887207,12:11:27.207,BDXN/USDT:USDT,0.03453,1204.0,0.03452,3.0,0.0346,5.0,0.03464,1602.0
1753531887431,12:11:27.431,BDXN/USDT:USDT,0.03453,1204.0,0.03452,3.0,0.0346,5.0,0.03463,100.0
1753531888320,12:11:28.320,BDXN/USDT:USDT,0.03453,1204.0,0.03452,3.0,0.0346,5.0,0.03463,100.0
1753531888509,12:11:28.509,BDXN/USDT:USDT,0.03453,1204.0,0.03452,3.0,0.0346,5.0,0.03463,100.0
1753531888592,12:11:28.592,BDXN/USDT:USDT,0.03453,1204.0,0.03452,3.0,0.0346,34.0,0.03463,100.0
1753531888664,12:11:28.664,BDXN/USDT:USDT,0.03453,1204.0,0.03452,3.0,0.0346,5.0,0.03463,100.0
1753531889123,12:11:29.123,BDXN/USDT:USDT,0.03453,1204.0,0.03452,3.0,0.0346,5.0,0.03463,100.0
1753531889592,12:11:29.592,BDXN/USDT:USDT,0.03453,1204.0,0.03452,3.0,0.0346,34.0,0.03463,100.0
1753531889664,12:11:29.664,BDXN/USDT:USDT,0.03453,1204.0,0.03452,3.0,0.0346,5.0,0.03463,100.0
1753531890093,12:11:30.093,BDXN/USDT:USDT,0.03453,1204.0,0.03452,3.0,0.0346,34.0,0.03463,100.0
1753531890164,12:11:30.164,BDXN/USDT:USDT,0.03453,1204.0,0.03452,3.0,0.0346,5.0,0.03463,100.0
1753531890312,12:11:30.312,BDXN/USDT:USDT,0.03453,1204.0,0.03452,3.0,0.0346,34.0,0.03463,100.0
1753531890383,12:11:30.383,BDXN/USDT:USDT,0.03453,1204.0,0.03452,3.0,0.0346,5.0,0.03463,100.0
1753531890954,12:11:30.954,BDXN/USDT:USDT,0.03453,1204.0,0.03452,3.0,0.0346,34.0,0.03463,100.0
1753531891026,12:11:31.026,BDXN/USDT:USDT,0.03453,1204.0,0.03452,3.0,0.0346,5.0,0.03463,100.0
1753531891525,12:11:31.525,BDXN/USDT:USDT,0.03453,1642.0,0.03452,3.0,0.0346,5.0,0.03462,435.0
1753531892314,12:11:32.314,BDXN/USDT:USDT,0.03453,1642.0,0.03452,3.0,0.0346,34.0,0.03462,435.0
1753531892384,12:11:32.384,BDXN/USDT:USDT,0.03453,1642.0,0.03452,3.0,0.0346,5.0,0.03462,435.0
1753531892467,12:11:32.467,BDXN/USDT:USDT,0.03453,1642.0,0.03452,3.0,0.0346,5.0,0.03462,435.0
1753531892758,12:11:32.758,BDXN/USDT:USDT,0.03453,1642.0,0.03452,3.0,0.0346,34.0,0.03462,435.0
1753531892921,12:11:32.921,BDXN/USDT:USDT,0.03453,1642.0,0.03452,3.0,0.0346,5.0,0.03461,1146.0
1753531893019,12:11:33.019,BDXN/USDT:USDT,0.03453,1642.0,0.03452,3.0,0.0346,34.0,0.03461,1146.0
1753531893091,12:11:33.091,BDXN/USDT:USDT,0.03453,1204.0,0.03452,3.0,0.0346,5.0,0.03461,1146.0
1753531893513,12:11:33.513,BDXN/USDT:USDT,0.03453,1204.0,0.03452,3.0,0.0346,34.0,0.03461,1146.0
1753531893609,12:11:33.609,BDXN/USDT:USDT,0.03453,1204.0,0.03452,3.0,0.0346,5.0,0.03461,1146.0
1753531894112,12:11:34.112,BDXN/USDT:USDT,0.03453,1204.0,0.03452,3.0,0.0346,34.0,0.03461,1146.0
1753531894183,12:11:34.183,BDXN/USDT:USDT,0.03453,1204.0,0.03452,3.0,0.0346,5.0,0.03461,1146.0
1753531894711,12:11:34.711,BDXN/USDT:USDT,0.03453,1204.0,0.03452,3.0,0.0346,34.0,0.03461,1146.0
1753531894782,12:11:34.782,BDXN/USDT:USDT,0.03453,1204.0,0.03452,3.0,0.0346,5.0,0.03461,1146.0
1753531895024,12:11:35.024,BDXN/USDT:USDT,0.03453,1204.0,0.03452,3.0,0.0346,5.0,0.03461,1146.0
1753531895114,12:11:35.114,BDXN/USDT:USDT,0.03453,1204.0,0.03452,3.0,0.0346,34.0,0.03461,1146.0
1753531895186,12:11:35.186,BDXN/USDT:USDT,0.03453,1204.0,0.03452,3.0,0.0346,5.0,0.03461,1146.0
1753531895265,12:11:35.265,BDXN/USDT:USDT,0.03453,1204.0,0.03452,3.0,0.0346,5.0,0.03461,1146.0
1753531896124,12:11:36.124,BDXN/USDT:USDT,0.03453,1204.0,0.03452,3.0,0.0346,5.0,0.03461,1146.0
1753531896398,12:11:36.398,BDXN/USDT:USDT,0.03453,1204.0,0.03452,3.0,0.0346,34.0,0.03461,1146.0
1753531896514,12:11:36.514,BDXN/USDT:USDT,0.03453,1204.0,0.03452,3.0,0.0346,34.0,0.03462,435.0
1753531896587,12:11:36.587,BDXN/USDT:USDT,0.03453,1204.0,0.03452,3.0,0.0346,5.0,0.03462,435.0
1753531896823,12:11:36.823,BDXN/USDT:USDT,0.03453,1204.0,0.03452,3.0,0.0346,5.0,0.03462,435.0
1753531897125,12:11:37.125,BDXN/USDT:USDT,0.03453,1204.0,0.03452,3.0,0.0346,5.0,0.03462,435.0
1753531897254,12:11:37.254,BDXN/USDT:USDT,0.03453,1204.0,0.03452,3.0,0.0346,5.0,0.03462,435.0
1753531897353,12:11:37.353,BDXN/USDT:USDT,0.03453,1204.0,0.03452,3.0,0.0346,34.0,0.03462,435.0
1753531897429,12:11:37.429,BDXN/USDT:USDT,0.03453,1204.0,0.03452,3.0,0.0346,5.0,0.03462,435.0
1753531897586,12:11:37.586,BDXN/USDT:USDT,0.03453,1204.0,0.03452,3.0,0.0346,5.0,0.03462,435.0
1753531898424,12:11:38.424,BDXN/USDT:USDT,0.03453,1204.0,0.03452,3.0,0.0346,5.0,0.03462,435.0
1753531898523,12:11:38.523,BDXN/USDT:USDT,0.03453,1204.0,0.03452,435.0,0.0346,5.0,0.03461,1146.0
1753531898612,12:11:38.612,BDXN/USDT:USDT,0.03453,1204.0,0.03452,435.0,0.0346,34.0,0.03461,1146.0
1753531898684,12:11:38.684,BDXN/USDT:USDT,0.03453,1204.0,0.03452,435.0,0.0346,5.0,0.03461,1146.0
1753531899093,12:11:39.093,BDXN/USDT:USDT,0.03453,1204.0,0.03452,435.0,0.0346,34.0,0.03461,1146.0
1753531899164,12:11:39.164,BDXN/USDT:USDT,0.03453,1204.0,0.03452,435.0,0.0346,5.0,0.03461,1146.0
1753531899287,12:11:39.287,BDXN/USDT:USDT,0.03453,1204.0,0.03452,435.0,0.0346,5.0,0.03461,1146.0
1753531899423,12:11:39.423,BDXN/USDT:USDT,0.03453,1204.0,0.03452,435.0,0.0346,5.0,0.03461,1146.0
1753531899612,12:11:39.612,BDXN/USDT:USDT,0.03453,1204.0,0.03452,435.0,0.0346,34.0,0.03461,1146.0
1753531899686,12:11:39.686,BDXN/USDT:USDT,0.03453,1204.0,0.03452,435.0,0.0346,5.0,0.03461,1146.0
1753531900113,12:11:40.113,BDXN/USDT:USDT,0.03453,1204.0,0.03452,435.0,0.0346,34.0,0.03461,1146.0
1753531900183,12:11:40.183,BDXN/USDT:USDT,0.03453,1204.0,0.03452,435.0,0.0346,5.0,0.03461,1146.0
1753531901125,12:11:41.125,BDXN/USDT:USDT,0.03453,1204.0,0.03452,435.0,0.0346,5.0,0.03461,1146.0
1753531901133,12:11:41.133,BDXN/USDT:USDT,0.03453,1204.0,0.03452,435.0,0.0346,5.0,0.03461,1146.0
1753531901772,12:11:41.772,BDXN/USDT:USDT,0.03453,1204.0,0.03452,435.0,0.0346,34.0,0.03461,1146.0
1753531901843,12:11:41.843,BDXN/USDT:USDT,0.03453,1204.0,0.03452,435.0,0.0346,5.0,0.03461,1146.0
1753531902325,12:11:42.325,BDXN/USDT:USDT,0.03453,1204.0,0.03452,435.0,0.0346,5.0,0.03461,1146.0
1753531902511,12:11:42.511,BDXN/USDT:USDT,0.03453,1204.0,0.03452,435.0,0.0346,5.0,0.03461,1146.0
1753531902536,12:11:42.536,BDXN/USDT:USDT,0.03453,1204.0,0.03452,435.0,0.0346,5.0,0.03461,1146.0
1753531903525,12:11:43.525,BDXN/USDT:USDT,0.03453,1204.0,0.03452,435.0,0.0346,5.0,0.03461,1146.0
1753531904125,12:11:44.125,BDXN/USDT:USDT,0.03453,1204.0,0.03452,435.0,0.0346,5.0,0.03461,1146.0
1753531904912,12:11:44.912,BDXN/USDT:USDT,0.03453,1204.0,0.03452,435.0,0.0346,34.0,0.03461,1146.0
1753531904986,12:11:44.986,BDXN/USDT:USDT,0.03453,1204.0,0.03452,435.0,0.0346,5.0,0.03461,1146.0
1753531905422,12:11:45.422,BDXN/USDT:USDT,0.03453,1204.0,0.03452,435.0,0.0346,5.0,0.03461,1146.0
1753531905509,12:11:45.509,BDXN/USDT:USDT,0.03453,1204.0,0.03452,3.0,0.0346,5.0,0.03461,1146.0
1753531905608,12:11:45.608,BDXN/USDT:USDT,0.03453,1204.0,0.03452,3.0,0.0346,5.0,0.03461,1146.0
1753531906455,12:11:46.455,BDXN/USDT:USDT,0.03453,1204.0,0.03452,3.0,0.0346,34.0,0.03461,1146.0
1753531906527,12:11:46.527,BDXN/USDT:USDT,0.03453,1204.0,0.03452,3.0,0.0346,5.0,0.03461,1146.0
1753531906713,12:11:46.713,BDXN/USDT:USDT,0.03453,1204.0,0.03452,3.0,0.0346,34.0,0.03461,1146.0
1753531906784,12:11:46.784,BDXN/USDT:USDT,0.03453,1204.0,0.03452,3.0,0.0346,5.0,0.03461,1146.0
1753531907023,12:11:47.023,BDXN/USDT:USDT,0.03453,1204.0,0.03452,3.0,0.0346,433.0,0.03461,1146.0
1753531907681,12:11:47.681,BDXN/USDT:USDT,0.03453,1204.0,0.03452,3.0,0.0346,433.0,0.03461,1146.0
1753531908124,12:11:48.124,BDXN/USDT:USDT,0.03453,1204.0,0.03452,3.0,0.0346,433.0,0.03461,1146.0
1753531908312,12:11:48.312,BDXN/USDT:USDT,0.03453,1204.0,0.03452,3.0,0.0346,462.0,0.03461,1146.0
1753531908383,12:11:48.383,BDXN/USDT:USDT,0.03453,1204.0,0.03452,3.0,0.0346,433.0,0.03461,1146.0
1753531908824,12:11:48.824,BDXN/USDT:USDT,0.03453,1204.0,0.03452,3.0,0.0346,433.0,0.03461,1146.0
1753531909404,12:11:49.404,BDXN/USDT:USDT,0.03453,1204.0,0.03452,3.0,0.0346,433.0,0.03461,1146.0
1753531909993,12:11:49.993,BDXN/USDT:USDT,0.03453,1204.0,0.03452,3.0,0.0346,462.0,0.03461,1146.0
1753531910066,12:11:50.066,BDXN/USDT:USDT,0.03453,1204.0,0.03452,3.0,0.0346,433.0,0.03461,1146.0
1753531910256,12:11:50.256,BDXN/USDT:USDT,0.03453,1204.0,0.03452,3.0,0.0346,462.0,0.03461,1146.0
1753531910328,12:11:50.328,BDXN/USDT:USDT,0.03453,1204.0,0.03452,3.0,0.0346,433.0,0.03461,1146.0
1753531910824,12:11:50.824,BDXN/USDT:USDT,0.03453,1204.0,0.03452,3.0,0.0346,433.0,0.03461,1146.0
1753531914197,12:11:54.197,BDXN/USDT:USDT,0.03453,1204.0,0.03452,3.0,0.0346,433.0,0.03461,1146.0
1753531914825,12:11:54.825,BDXN/USDT:USDT,0.03453,1204.0,0.03452,3.0,0.0346,433.0,0.03461,1146.0
1753531918122,12:11:58.122,BDXN/USDT:USDT,0.03453,1204.0,0.03452,3.0,0.0346,433.0,0.03461,1146.0
1753531918219,12:11:58.219,BDXN/USDT:USDT,0.03452,3.0,0.03451,3.0,0.03459,573.0,0.0346,462.0
1753531918284,12:11:58.284,BDXN/USDT:USDT,0.03452,3.0,0.03449,58.0,0.03458,1238.0,0.03459,573.0
1753531918382,12:11:58.382,BDXN/USDT:USDT,0.03452,3.0,0.03451,58.0,0.03458,92.0,0.03459,573.0
1753531918436,12:11:58.436,BDXN/USDT:USDT,0.03452,3.0,0.03451,58.0,0.03457,42.0,0.03458,92.0
1753531918596,12:11:58.596,BDXN/USDT:USDT,0.03452,3.0,0.03451,58.0,0.03457,116.0,0.03458,18.0
1753531918849,12:11:58.849,BDXN/USDT:USDT,0.03452,3.0,0.03451,58.0,0.03457,116.0,0.03458,1164.0
1753531919038,12:11:59.038,BDXN/USDT:USDT,0.03452,3.0,0.03451,58.0,0.03457,116.0,0.03458,1164.0
1753531919432,12:11:59.432,BDXN/USDT:USDT,0.03452,3.0,0.03451,58.0,0.03457,116.0,0.03458,1164.0
1753531919719,12:11:59.719,BDXN/USDT:USDT,0.03452,12.0,0.03451,631.0,0.03457,116.0,0.03458,18.0
1753531920620,12:12:00.620,BDXN/USDT:USDT,0.03452,12.0,0.03451,631.0,0.03457,116.0,0.03458,18.0
1753531920668,12:12:00.668,BDXN/USDT:USDT,0.03452,12.0,0.03451,631.0,0.03457,116.0,0.03458,18.0
1753531921121,12:12:01.121,BDXN/USDT:USDT,0.03452,12.0,0.03451,631.0,0.03457,116.0,0.03458,450.0
1753531921909,12:12:01.909,BDXN/USDT:USDT,0.03452,12.0,0.03451,631.0,0.03457,116.0,0.03458,450.0
1753531922409,12:12:02.409,BDXN/USDT:USDT,0.03452,12.0,0.03451,631.0,0.03457,116.0,0.03458,450.0
1753531922809,12:12:02.809,BDXN/USDT:USDT,0.03452,21.0,0.03451,631.0,0.03458,432.0,0.0346,433.0
1753531922904,12:12:02.904,BDXN/USDT:USDT,0.03452,21.0,0.03451,631.0,0.0346,5.0,0.03464,1146.0
1753531923017,12:12:03.017,BDXN/USDT:USDT,0.03452,21.0,0.03451,631.0,0.0346,5.0,0.03463,573.0
1753531923503,12:12:03.503,BDXN/USDT:USDT,0.03452,21.0,0.03451,631.0,0.0346,5.0,0.03463,573.0
1753531923908,12:12:03.908,BDXN/USDT:USDT,0.03452,21.0,0.03451,631.0,0.0346,5.0,0.03461,1146.0
1753531924272,12:12:04.272,BDXN/USDT:USDT,0.03452,21.0,0.03451,631.0,0.0346,5.0,0.03461,1146.0
1753531924408,12:12:04.408,BDXN/USDT:USDT,0.03452,21.0,0.03451,631.0,0.0346,5.0,0.03461,1146.0
1753531924870,12:12:04.870,BDXN/USDT:USDT,0.03452,21.0,0.03451,1072.0,0.0346,5.0,0.03461,1146.0
1753531927904,12:12:07.904,BDXN/USDT:USDT,0.03452,21.0,0.03451,1072.0,0.0346,5.0,0.03461,1146.0
1753531927994,12:12:07.994,BDXN/USDT:USDT,0.03452,21.0,0.03451,1072.0,0.0346,34.0,0.03461,1146.0
1753531928065,12:12:08.065,BDXN/USDT:USDT,0.03452,21.0,0.03451,1072.0,0.0346,5.0,0.03461,1146.0
1753531928214,12:12:08.214,BDXN/USDT:USDT,0.03454,76.0,0.03453,423.0,0.0346,5.0,0.03462,426.0
1753531928314,12:12:08.314,BDXN/USDT:USDT,0.03454,76.0,0.03453,423.0,0.0346,34.0,0.03462,426.0
1753531928385,12:12:08.385,BDXN/USDT:USDT,0.03454,76.0,0.03453,423.0,0.0346,5.0,0.03462,426.0
1753531928438,12:12:08.438,BDXN/USDT:USDT,0.03454,76.0,0.03453,423.0,0.0346,5.0,0.03462,426.0
1753531928807,12:12:08.807,BDXN/USDT:USDT,0.03454,76.0,0.03453,423.0,0.0346,5.0,0.03462,426.0
1753531929112,12:12:09.112,BDXN/USDT:USDT,0.03454,76.0,0.03453,423.0,0.0346,34.0,0.03462,426.0
1753531929183,12:12:09.183,BDXN/USDT:USDT,0.03454,76.0,0.03453,423.0,0.0346,5.0,0.03462,426.0
1753531929308,12:12:09.308,BDXN/USDT:USDT,0.03454,76.0,0.03453,423.0,0.0346,34.0,0.03462,426.0
1753531929331,12:12:09.331,BDXN/USDT:USDT,0.03454,76.0,0.03453,423.0,0.0346,5.0,0.03462,426.0
1753531929690,12:12:09.690,BDXN/USDT:USDT,0.03454,76.0,0.03453,423.0,0.0346,5.0,0.03462,426.0
1753531929972,12:12:09.972,BDXN/USDT:USDT,0.03454,76.0,0.03453,423.0,0.0346,34.0,0.03462,426.0
1753531930119,12:12:10.119,BDXN/USDT:USDT,0.03454,76.0,0.03453,423.0,0.0346,34.0,0.03462,426.0
1753531930191,12:12:10.191,BDXN/USDT:USDT,0.03454,76.0,0.03453,423.0,0.0346,5.0,0.03462,426.0
1753531930353,12:12:10.353,BDXN/USDT:USDT,0.03454,76.0,0.03453,423.0,0.0346,34.0,0.03462,426.0
1753531930438,12:12:10.438,BDXN/USDT:USDT,0.03454,76.0,0.03453,423.0,0.0346,5.0,0.03462,426.0
1753531930570,12:12:10.570,BDXN/USDT:USDT,0.03454,76.0,0.03453,423.0,0.0346,5.0,0.03461,1146.0
1753531930713,12:12:10.713,BDXN/USDT:USDT,0.03454,76.0,0.03453,423.0,0.0346,34.0,0.03461,1146.0
1753531930817,12:12:10.817,BDXN/USDT:USDT,0.03454,67.0,0.03452,3.0,0.0346,5.0,0.03461,1146.0
1753531930917,12:12:10.917,BDXN/USDT:USDT,0.03452,3.0,0.03451,3.0,0.03458,573.0,0.0346,34.0
1753531931025,12:12:11.025,BDXN/USDT:USDT,0.03452,3.0,0.03451,3.0,0.0346,5.0,0.03461,1146.0
1753531931052,12:12:11.052,BDXN/USDT:USDT,0.03452,3.0,0.03451,3.0,0.0346,50.0,0.03461,1146.0
1753531931158,12:12:11.158,BDXN/USDT:USDT,0.03452,3.0,0.03451,60.0,0.0346,50.0,0.03461,1146.0
1753531931421,12:12:11.421,BDXN/USDT:USDT,0.03452,3.0,0.03451,60.0,0.03459,57.0,0.0346,5.0
1753531931427,12:12:11.427,BDXN/USDT:USDT,0.03452,3.0,0.03451,60.0,0.0346,62.0,0.03461,1146.0
1753531931550,12:12:11.550,BDXN/USDT:USDT,0.03452,3.0,0.03451,60.0,0.03458,18.0,0.03459,18.0
1753531931646,12:12:11.646,BDXN/USDT:USDT,0.03452,3.0,0.03451,633.0,0.03458,75.0,0.03459,18.0
1753531931972,12:12:11.972,BDXN/USDT:USDT,0.03452,3.0,0.03451,633.0,0.03458,104.0,0.03459,18.0
1753531932637,12:12:12.637,BDXN/USDT:USDT,0.03452,3.0,0.03451,633.0,0.03458,104.0,0.03459,18.0
1753531933118,12:12:13.118,BDXN/USDT:USDT,0.03452,12.0,0.03451,633.0,0.03459,57.0,0.0346,105.0
1753531933222,12:12:13.222,BDXN/USDT:USDT,0.03452,12.0,0.03451,633.0,0.0346,34.0,0.03462,57.0
1753531933298,12:12:13.298,BDXN/USDT:USDT,0.03452,12.0,0.03451,633.0,0.0346,5.0,0.03462,57.0
1753531933334,12:12:13.334,BDXN/USDT:USDT,0.03452,12.0,0.03451,633.0,0.0346,5.0,0.03461,8.0
1753531933441,12:12:13.441,BDXN/USDT:USDT,0.03452,12.0,0.03451,633.0,0.0346,5.0,0.03461,8.0
1753531933540,12:12:13.540,BDXN/USDT:USDT,0.03452,12.0,0.03451,633.0,0.0346,5.0,0.03462,57.0
1753531933710,12:12:13.710,BDXN/USDT:USDT,0.03452,12.0,0.03451,633.0,0.03459,18.0,0.0346,5.0
1753531934407,12:12:14.407,BDXN/USDT:USDT,0.03452,12.0,0.03451,633.0,0.03459,18.0,0.0346,5.0
1753531935177,12:12:15.177,BDXN/USDT:USDT,0.03452,12.0,0.03451,633.0,0.03459,75.0,0.0346,449.0
1753531935661,12:12:15.661,BDXN/USDT:USDT,0.03452,12.0,0.03451,1066.0,0.03459,75.0,0.0346,449.0
1753531937285,12:12:17.285,BDXN/USDT:USDT,0.03452,12.0,0.03451,1066.0,0.03459,75.0,0.0346,449.0
1753531938045,12:12:18.045,BDXN/USDT:USDT,0.03452,12.0,0.03451,1066.0,0.03459,75.0,0.0346,449.0
1753531940624,12:12:20.624,BDXN/USDT:USDT,0.03452,12.0,0.03451,1066.0,0.03459,75.0,0.0346,449.0
1753531941213,12:12:21.213,BDXN/USDT:USDT,0.03452,12.0,0.03451,1066.0,0.03459,75.0,0.0346,449.0
1753531941706,12:12:21.706,BDXN/USDT:USDT,0.03452,12.0,0.03451,1066.0,0.03459,75.0,0.0346,449.0
1753531945607,12:12:25.607,BDXN/USDT:USDT,0.03452,12.0,0.03451,1066.0,0.03459,75.0,0.0346,5.0
1753531945652,12:12:25.652,BDXN/USDT:USDT,0.03452,12.0,0.03451,1066.0,0.03459,18.0,0.0346,5.0
1753531945836,12:12:25.836,BDXN/USDT:USDT,0.03452,12.0,0.03451,1066.0,0.03459,9.0,0.0346,5.0
1753531946122,12:12:26.122,BDXN/USDT:USDT,0.03452,12.0,0.03451,1066.0,0.03459,9.0,0.0346,62.0
1753531946615,12:12:26.615,BDXN/USDT:USDT,0.03452,12.0,0.03451,1066.0,0.03459,9.0,0.0346,62.0
1753531948020,12:12:28.020,BDXN/USDT:USDT,0.03452,12.0,0.03451,1066.0,0.03459,9.0,0.0346,62.0
1753531948044,12:12:28.044,BDXN/USDT:USDT,0.03452,12.0,0.03451,1066.0,0.03459,9.0,0.0346,62.0
1753531949974,12:12:29.974,BDXN/USDT:USDT,0.03452,12.0,0.03451,1066.0,0.03459,9.0,0.0346,62.0
1753531950309,12:12:30.309,BDXN/USDT:USDT,0.03452,12.0,0.03451,1066.0,0.03459,9.0,0.0346,62.0
1753531950474,12:12:30.474,BDXN/USDT:USDT,0.03452,12.0,0.03451,1066.0,0.03459,9.0,0.0346,62.0
1753531951274,12:12:31.274,BDXN/USDT:USDT,0.03452,12.0,0.03451,1066.0,0.03459,9.0,0.0346,62.0
1753531951475,12:12:31.475,BDXN/USDT:USDT,0.03452,12.0,0.03451,1066.0,0.03459,9.0,0.0346,62.0
1753531953119,12:12:33.119,BDXN/USDT:USDT,0.03452,3.0,0.03451,3.0,0.03457,1221.0,0.03458,573.0
1753531953200,12:12:33.200,BDXN/USDT:USDT,0.03452,3.0,0.03451,3.0,0.03457,1251.0,0.03458,573.0
1753531953295,12:12:33.295,BDXN/USDT:USDT,0.03452,3.0,0.03449,3.0,0.03457,1251.0,0.03458,573.0
1753531953492,12:12:33.492,BDXN/USDT:USDT,0.03452,3.0,0.03449,3.0,0.03457,1251.0,0.03458,573.0
1753531954019,12:12:34.019,BDXN/USDT:USDT,0.03452,3.0,0.03449,3.0,0.03457,1251.0,0.0346,1574.0
1753531954710,12:12:34.710,BDXN/USDT:USDT,0.03452,3.0,0.03449,3.0,0.03457,1251.0,0.0346,1574.0
1753531955508,12:12:35.508,BDXN/USDT:USDT,0.03452,3.0,0.03449,3.0,0.03457,1251.0,0.0346,1574.0
1753531955610,12:12:35.610,BDXN/USDT:USDT,0.03452,3.0,0.03449,3.0,0.03457,1251.0,0.0346,1574.0
1753531956669,12:12:36.669,BDXN/USDT:USDT,0.03452,3.0,0.03449,3.0,0.03457,1251.0,0.0346,1151.0
1753531957183,12:12:37.183,BDXN/USDT:USDT,0.03452,3.0,0.03449,3.0,0.03454,57.0,0.03455,446.0
1753531957263,12:12:37.263,BDXN/USDT:USDT,0.03452,3.0,0.03449,3.0,0.03454,57.0,0.03455,446.0
1753531957623,12:12:37.623,BDXN/USDT:USDT,0.03452,3.0,0.03449,3.0,0.03454,57.0,0.03455,446.0
1753531960624,12:12:40.624,BDXN/USDT:USDT,0.03452,3.0,0.03449,3.0,0.03454,57.0,0.03455,446.0
1753531960792,12:12:40.792,BDXN/USDT:USDT,0.03452,3.0,0.03449,3.0,0.03454,57.0,0.03455,446.0
1753531961305,12:12:41.305,BDXN/USDT:USDT,0.03452,3.0,0.03449,3.0,0.03454,57.0,0.03455,446.0
1753531961590,12:12:41.590,BDXN/USDT:USDT,0.03452,3.0,0.03449,3.0,0.03454,57.0,0.03455,446.0
1753531962171,12:12:42.171,BDXN/USDT:USDT,0.03452,3.0,0.03449,3.0,0.03454,499.0,0.03455,446.0
1753531963320,12:12:43.320,BDXN/USDT:USDT,0.03452,3.0,0.03449,3.0,0.03454,499.0,0.03455,446.0
1753531964639,12:12:44.639,BDXN/USDT:USDT,0.03452,3.0,0.03449,3.0,0.03454,499.0,0.03455,446.0
1753531973889,12:12:53.889,BDXN/USDT:USDT,0.03452,3.0,0.03449,3.0,0.03454,57.0,0.03455,446.0
1753531976333,12:12:56.333,BDXN/USDT:USDT,0.03452,3.0,0.03449,3.0,0.03454,57.0,0.03455,446.0
1753531979389,12:12:59.389,BDXN/USDT:USDT,0.03452,3.0,0.03449,3.0,0.03454,57.0,0.03455,446.0
1753531979889,12:12:59.889,BDXN/USDT:USDT,0.03452,3.0,0.03449,3.0,0.03454,57.0,0.03455,446.0
1753531980615,12:13:00.615,BDXN/USDT:USDT,0.03452,3.0,0.03449,3.0,0.03454,57.0,0.03455,446.0
1753531983920,12:13:03.920,BDXN/USDT:USDT,0.03452,3.0,0.03449,3.0,0.03454,57.0,0.03455,446.0
1753531984404,12:13:04.404,BDXN/USDT:USDT,0.03452,3.0,0.03449,3.0,0.03454,57.0,0.03455,446.0
1753531989406,12:13:09.406,BDXN/USDT:USDT,0.03452,3.0,0.03449,3.0,0.03454,57.0,0.03455,446.0
1753531989906,12:13:09.906,BDXN/USDT:USDT,0.03452,3.0,0.03449,3.0,0.03454,57.0,0.03455,446.0
1753531990571,12:13:10.571,BDXN/USDT:USDT,0.03452,3.0,0.03449,3.0,0.03454,57.0,0.03455,446.0
1753531993943,12:13:13.943,BDXN/USDT:USDT,0.03452,3.0,0.03449,3.0,0.03454,56.0,0.03455,446.0
1753531994033,12:13:14.033,BDXN/USDT:USDT,0.03452,3.0,0.03448,57.0,0.03454,56.0,0.03455,446.0
1753531994339,12:13:14.339,BDXN/USDT:USDT,0.03452,3.0,0.03451,9.0,0.03454,56.0,0.03455,446.0
1753531994609,12:13:14.609,BDXN/USDT:USDT,0.03452,3.0,0.03451,9.0,0.03454,56.0,0.03455,446.0
1753531995032,12:13:15.032,BDXN/USDT:USDT,0.03452,3.0,0.03451,9.0,0.03454,56.0,0.03455,446.0
1753531995445,12:13:15.445,BDXN/USDT:USDT,0.03452,3.0,0.03451,9.0,0.03454,56.0,0.03455,446.0
1753531998423,12:13:18.423,BDXN/USDT:USDT,0.03454,56.0,0.03453,573.0,0.0346,34.0,0.03465,1146.0
1753531998494,12:13:18.494,BDXN/USDT:USDT,0.03454,59.0,0.03453,573.0,0.0346,5.0,0.03463,432.0
1753531998549,12:13:18.549,BDXN/USDT:USDT,0.03454,59.0,0.03453,573.0,0.0346,5.0,0.03465,1146.0
1753531998703,12:13:18.703,BDXN/USDT:USDT,0.03454,59.0,0.03453,573.0,0.0346,5.0,0.03465,1146.0
1753531998923,12:13:18.923,BDXN/USDT:USDT,0.03454,59.0,0.03453,573.0,0.0346,5.0,0.03464,573.0
1753531999049,12:13:19.049,BDXN/USDT:USDT,0.03454,68.0,0.03453,573.0,0.0346,5.0,0.03464,573.0
1753531999592,12:13:19.592,BDXN/USDT:USDT,0.03454,68.0,0.03453,573.0,0.0346,5.0,0.03464,573.0
1753531999996,12:13:19.996,BDXN/USDT:USDT,0.03454,68.0,0.03453,573.0,0.0346,5.0,0.03464,573.0
1753532000612,12:13:20.612,BDXN/USDT:USDT,0.03454,68.0,0.03453,573.0,0.0346,5.0,0.03464,573.0
1753532000656,12:13:20.656,BDXN/USDT:USDT,0.03454,68.0,0.03453,573.0,0.0346,5.0,0.03464,573.0
1753532001039,12:13:21.039,BDXN/USDT:USDT,0.03454,68.0,0.03453,573.0,0.0346,5.0,0.03464,1002.0
1753532001618,12:13:21.618,BDXN/USDT:USDT,0.03454,1214.0,0.03453,1017.0,0.0346,5.0,0.03464,1002.0
1753532002348,12:13:22.348,BDXN/USDT:USDT,0.03454,1214.0,0.03453,1017.0,0.0346,5.0,0.03464,1002.0
1753532005493,12:13:25.493,BDXN/USDT:USDT,0.03454,1214.0,0.03453,1017.0,0.0346,5.0,0.03464,1002.0
1753532005619,12:13:25.619,BDXN/USDT:USDT,0.03454,1214.0,0.03453,1017.0,0.0346,5.0,0.03463,423.0
1753532006464,12:13:26.464,BDXN/USDT:USDT,0.03454,1214.0,0.03453,1017.0,0.0346,5.0,0.03463,423.0
1753532008521,12:13:28.521,BDXN/USDT:USDT,0.03454,1214.0,0.03453,1017.0,0.0346,5.0,0.03463,423.0
1753532008546,12:13:28.546,BDXN/USDT:USDT,0.03454,1214.0,0.03453,1017.0,0.0346,5.0,0.03463,423.0
1753532008995,12:13:28.995,BDXN/USDT:USDT,0.03454,1214.0,0.03453,1017.0,0.0346,5.0,0.03463,423.0
1753532010621,12:13:30.621,BDXN/USDT:USDT,0.03454,1214.0,0.03453,1017.0,0.0346,5.0,0.03463,423.0
1753532010695,12:13:30.695,BDXN/USDT:USDT,0.03454,1214.0,0.03453,1017.0,0.0346,5.0,0.03462,1146.0
1753532011121,12:13:31.121,BDXN/USDT:USDT,0.03454,1214.0,0.03453,1017.0,0.0346,5.0,0.03462,1585.0
1753532011823,12:13:31.823,BDXN/USDT:USDT,0.03454,1214.0,0.03453,1017.0,0.0346,5.0,0.03462,1585.0
1753532012666,12:13:32.666,BDXN/USDT:USDT,0.03454,1214.0,0.03453,1017.0,0.0346,5.0,0.03462,1585.0
1753532013974,12:13:33.974,BDXN/USDT:USDT,0.03454,1214.0,0.03453,1017.0,0.0346,5.0,0.03462,1585.0
1753532014474,12:13:34.474,BDXN/USDT:USDT,0.03454,1214.0,0.03453,1017.0,0.0346,5.0,0.03462,1585.0
1753532019167,12:13:39.167,BDXN/USDT:USDT,0.03454,1214.0,0.03453,1017.0,0.0346,5.0,0.03462,1585.0
1753532019324,12:13:39.324,BDXN/USDT:USDT,0.03454,1214.0,0.03453,1017.0,0.0346,5.0,0.03462,1585.0
1753532020723,12:13:40.723,BDXN/USDT:USDT,0.03454,1214.0,0.03453,1017.0,0.0346,5.0,0.03462,1585.0
1753532020810,12:13:40.810,BDXN/USDT:USDT,0.03454,1214.0,0.03453,1017.0,0.0346,5.0,0.03462,1585.0
1753532021572,12:13:41.572,BDXN/USDT:USDT,0.03454,1214.0,0.03453,1017.0,0.0346,5.0,0.03462,1585.0
1753532030805,12:13:50.805,BDXN/USDT:USDT,0.03454,1214.0,0.03453,1017.0,0.0346,5.0,0.03462,1585.0
1753532030900,12:13:50.900,BDXN/USDT:USDT,0.03454,1214.0,0.03453,1017.0,0.0346,5.0,0.03462,1585.0
1753532030940,12:13:50.940,BDXN/USDT:USDT,0.03454,1641.0,0.03453,1017.0,0.0346,5.0,0.03462,1585.0
1753532031920,12:13:51.920,BDXN/USDT:USDT,0.03454,1641.0,0.03453,1017.0,0.0346,5.0,0.03462,439.0
1753532032023,12:13:52.023,BDXN/USDT:USDT,0.03454,1737.0,0.03453,1017.0,0.0346,5.0,0.03463,423.0
1753532032068,12:13:52.068,BDXN/USDT:USDT,0.03454,1737.0,0.03453,1017.0,0.0346,5.0,0.03468,1149.0
1753532032450,12:13:52.450,BDXN/USDT:USDT,0.03454,1737.0,0.03453,1017.0,0.0346,5.0,0.03468,1149.0
1753532032874,12:13:52.874,BDXN/USDT:USDT,0.03454,1737.0,0.03453,1017.0,0.0346,5.0,0.03468,1149.0
1753532034068,12:13:54.068,BDXN/USDT:USDT,0.03454,1737.0,0.03453,573.0,0.0346,5.0,0.03465,438.0
1753532034506,12:13:54.506,BDXN/USDT:USDT,0.03454,1737.0,0.03453,573.0,0.0346,5.0,0.03465,438.0
1753532034619,12:13:54.619,BDXN/USDT:USDT,0.03457,56.0,0.03456,448.0,0.0346,5.0,0.03465,438.0
1753532034637,12:13:54.637,BDXN/USDT:USDT,0.03457,59.0,0.03456,448.0,0.0346,5.0,0.03465,438.0
1753532034938,12:13:54.938,BDXN/USDT:USDT,0.03457,59.0,0.03456,448.0,0.0346,5.0,0.03465,438.0
1753532035607,12:13:55.607,BDXN/USDT:USDT,0.03458,573.0,0.03457,59.0,0.03468,1149.0,0.03469,573.0
1753532035681,12:13:55.681,BDXN/USDT:USDT,0.03459,59.0,0.03458,573.0,0.03467,5.0,0.03468,1178.0
1753532035791,12:13:55.791,BDXN/USDT:USDT,0.03459,59.0,0.03458,573.0,0.03467,5.0,0.03468,1149.0
1753532036320,12:13:56.320,BDXN/USDT:USDT,0.03459,59.0,0.03458,573.0,0.03467,5.0,0.03468,1149.0
1753532036423,12:13:56.423,BDXN/USDT:USDT,0.03459,59.0,0.03458,573.0,0.03467,5.0,0.03468,1149.0
1753532036679,12:13:56.679,BDXN/USDT:USDT,0.03459,59.0,0.03458,573.0,0.03467,5.0,0.03468,1149.0
1753532036814,12:13:56.814,BDXN/USDT:USDT,0.03459,59.0,0.03458,573.0,0.03467,9093.0,0.03468,1149.0
1753532037069,12:13:57.069,BDXN/USDT:USDT,0.03459,59.0,0.03458,573.0,0.03467,9526.0,0.03468,1149.0
1753532037151,12:13:57.151,BDXN/USDT:USDT,0.03459,59.0,0.03458,1013.0,0.03467,9526.0,0.03468,1149.0
1753532037421,12:13:57.421,BDXN/USDT:USDT,0.03459,59.0,0.03458,573.0,0.03467,9526.0,0.03468,1149.0
1753532037718,12:13:57.718,BDXN/USDT:USDT,0.03459,59.0,0.03458,573.0,0.03467,9526.0,0.03468,1149.0
1753532037915,12:13:57.915,BDXN/USDT:USDT,0.03459,59.0,0.03458,573.0,0.03467,9526.0,0.03468,1149.0
1753532038779,12:13:58.779,BDXN/USDT:USDT,0.03459,59.0,0.03458,573.0,0.03467,438.0,0.03468,1149.0
1753532039442,12:13:59.442,BDXN/USDT:USDT,0.03459,59.0,0.03458,573.0,0.03467,438.0,0.03468,1149.0
1753532040373,12:14:00.373,BDXN/USDT:USDT,0.03459,59.0,0.03458,573.0,0.03467,467.0,0.03468,1149.0
1753532040459,12:14:00.459,BDXN/USDT:USDT,0.03459,59.0,0.03458,573.0,0.03467,438.0,0.03468,1149.0
1753532040621,12:14:00.621,BDXN/USDT:USDT,0.03459,59.0,0.03458,573.0,0.03467,438.0,0.03468,1149.0
1753532040725,12:14:00.725,BDXN/USDT:USDT,0.03459,59.0,0.03457,1146.0,0.03467,467.0,0.03468,1149.0
1753532040764,12:14:00.764,BDXN/USDT:USDT,0.03459,3.0,0.03458,56.0,0.03467,438.0,0.03468,1149.0
1753532040863,12:14:00.863,BDXN/USDT:USDT,0.03459,3.0,0.03458,56.0,0.03467,467.0,0.03468,1149.0
1753532041367,12:14:01.367,BDXN/USDT:USDT,0.03459,3.0,0.03458,56.0,0.03467,467.0,0.03468,1149.0
1753532041567,12:14:01.567,BDXN/USDT:USDT,0.03459,3.0,0.03458,56.0,0.03467,467.0,0.03468,1149.0
1753532041699,12:14:01.699,BDXN/USDT:USDT,0.03459,3.0,0.03458,629.0,0.03467,467.0,0.03468,1149.0
1753532042959,12:14:02.959,BDXN/USDT:USDT,0.03459,3.0,0.03458,629.0,0.03466,426.0,0.03467,467.0
1753532043041,12:14:03.041,BDXN/USDT:USDT,0.03459,3.0,0.03458,629.0,0.03466,426.0,0.03467,438.0
1753532043618,12:14:03.618,BDXN/USDT:USDT,0.03459,3.0,0.03458,629.0,0.03466,455.0,0.03467,438.0
1753532043673,12:14:03.673,BDXN/USDT:USDT,0.03459,3.0,0.03458,629.0,0.03466,426.0,0.03467,438.0
1753532044194,12:14:04.194,BDXN/USDT:USDT,0.03459,3.0,0.03458,629.0,0.03466,455.0,0.03467,438.0
1753532044267,12:14:04.267,BDXN/USDT:USDT,0.03459,3.0,0.03458,629.0,0.03466,426.0,0.03467,438.0
1753532044695,12:14:04.695,BDXN/USDT:USDT,0.03459,3.0,0.03458,629.0,0.03466,455.0,0.03467,438.0
1753532044766,12:14:04.766,BDXN/USDT:USDT,0.03459,3.0,0.03458,629.0,0.03466,426.0,0.03467,438.0
1753532045168,12:14:05.168,BDXN/USDT:USDT,0.03459,3.0,0.03458,629.0,0.03466,426.0,0.03467,438.0
1753532045523,12:14:05.523,BDXN/USDT:USDT,0.03459,3.0,0.03458,56.0,0.03466,426.0,0.03467,438.0
1753532045625,12:14:05.625,BDXN/USDT:USDT,0.03458,56.0,0.03457,1146.0,0.03464,423.0,0.03466,455.0
1753532045683,12:14:05.683,BDXN/USDT:USDT,0.03459,3.0,0.03458,56.0,0.03464,441.0,0.03466,426.0
1753532046056,12:14:06.056,BDXN/USDT:USDT,0.03459,3.0,0.03458,629.0,0.03464,441.0,0.03466,426.0
1753532046663,12:14:06.663,BDXN/USDT:USDT,0.03459,3.0,0.03458,629.0,0.03464,441.0,0.03466,426.0
1753532046878,12:14:06.878,BDXN/USDT:USDT,0.03459,3.0,0.03458,629.0,0.03464,441.0,0.03466,426.0
1753532050128,12:14:10.128,BDXN/USDT:USDT,0.03459,3.0,0.03458,629.0,0.03464,441.0,0.03467,5.0
1753532050543,12:14:10.543,BDXN/USDT:USDT,0.03459,3.0,0.03458,629.0,0.03464,441.0,0.03467,5.0
1753532050633,12:14:10.633,BDXN/USDT:USDT,0.03459,3.0,0.03458,56.0,0.03462,445.0,0.03463,18.0
1753532050917,12:14:10.917,BDXN/USDT:USDT,0.03459,3.0,0.03457,1146.0,0.03462,445.0,0.03463,18.0
1753532050936,12:14:10.936,BDXN/USDT:USDT,0.03458,3.0,0.03457,1203.0,0.03462,445.0,0.03463,18.0
1753532051258,12:14:11.258,BDXN/USDT:USDT,0.03458,3.0,0.03457,1203.0,0.03462,18.0,0.03463,18.0
1753532051363,12:14:11.363,BDXN/USDT:USDT,0.03458,3.0,0.03457,1203.0,0.03462,18.0,0.03463,18.0
1753532051848,12:14:11.848,BDXN/USDT:USDT,0.03458,3.0,0.03457,1203.0,0.03462,18.0,0.03463,18.0
1753532054379,12:14:14.379,BDXN/USDT:USDT,0.03458,3.0,0.03457,1203.0,0.03462,18.0,0.03463,18.0
1753532054724,12:14:14.724,BDXN/USDT:USDT,0.03455,57.0,0.03454,1146.0,0.03462,1193.0,0.03463,18.0
1753532054822,12:14:14.822,BDXN/USDT:USDT,0.03456,3.0,0.03455,57.0,0.03462,1164.0,0.03463,18.0
1753532054834,12:14:14.834,BDXN/USDT:USDT,0.03456,3.0,0.03455,57.0,0.03462,1164.0,0.03463,18.0
1753532054966,12:14:14.966,BDXN/USDT:USDT,0.03456,3.0,0.03455,57.0,0.03462,1164.0,0.03463,18.0
1753532055102,12:14:15.102,BDXN/USDT:USDT,0.03456,3.0,0.03455,57.0,0.03462,1164.0,0.03463,18.0
1753532055797,12:14:15.797,BDXN/USDT:USDT,0.03456,3.0,0.03455,630.0,0.03462,1164.0,0.03463,18.0
1753532055925,12:14:15.925,BDXN/USDT:USDT,0.03456,3.0,0.03455,630.0,0.03462,1164.0,0.03463,18.0
1753532057753,12:14:17.753,BDXN/USDT:USDT,0.03456,3.0,0.03455,630.0,0.03462,1586.0,0.03463,18.0
1753532058123,12:14:18.123,BDXN/USDT:USDT,0.03456,57.0,0.03453,1146.0,0.03461,100.0,0.03462,1643.0
1753532058223,12:14:18.223,BDXN/USDT:USDT,0.03453,1203.0,0.03452,1513.0,0.0346,78.0,0.03461,147.0
1753532058265,12:14:18.265,BDXN/USDT:USDT,0.03453,1203.0,0.03452,1513.0,0.0346,78.0,0.03461,118.0
1753532058387,12:14:18.387,BDXN/USDT:USDT,0.03453,1203.0,0.03452,1513.0,0.0346,78.0,0.03461,118.0
1753532058846,12:14:18.846,BDXN/USDT:USDT,0.03453,1203.0,0.03452,1513.0,0.0346,78.0,0.03461,118.0
1753532059078,12:14:19.078,BDXN/USDT:USDT,0.03453,1203.0,0.03452,3.0,0.0346,78.0,0.03461,118.0
1753532059483,12:14:19.483,BDXN/USDT:USDT,0.03453,1203.0,0.03452,3.0,0.0346,78.0,0.03461,118.0
1753532059686,12:14:19.686,BDXN/USDT:USDT,0.03453,1203.0,0.03452,3.0,0.0346,78.0,0.03461,118.0
1753532060017,12:14:20.017,BDXN/USDT:USDT,0.03453,1203.0,0.03452,3.0,0.0346,78.0,0.03461,118.0
1753532060517,12:14:20.517,BDXN/USDT:USDT,0.03453,1203.0,0.03452,3.0,0.0346,505.0,0.03461,118.0
1753532060692,12:14:20.692,BDXN/USDT:USDT,0.03453,1203.0,0.03452,3.0,0.0346,505.0,0.03461,118.0
1753532060903,12:14:20.903,BDXN/USDT:USDT,0.03453,1203.0,0.03452,3.0,0.0346,505.0,0.03461,118.0
1753532062106,12:14:22.106,BDXN/USDT:USDT,0.03453,1203.0,0.03452,3.0,0.0346,505.0,0.03461,118.0
1753532062606,12:14:22.606,BDXN/USDT:USDT,0.03453,1203.0,0.03452,3.0,0.0346,505.0,0.03461,118.0
1753532063278,12:14:23.278,BDXN/USDT:USDT,0.03453,1203.0,0.03452,3.0,0.0346,505.0,0.03461,118.0
1753532063735,12:14:23.735,BDXN/USDT:USDT,0.03453,1203.0,0.03452,3.0,0.0346,505.0,0.03461,118.0
1753532063836,12:14:23.836,BDXN/USDT:USDT,0.03454,4.0,0.03453,1203.0,0.03459,2.0,0.0346,505.0
1753532064150,12:14:24.150,BDXN/USDT:USDT,0.03454,4.0,0.03453,1203.0,0.03459,2.0,0.0346,505.0
1753532064577,12:14:24.577,BDXN/USDT:USDT,0.03454,4.0,0.03453,1203.0,0.03459,2.0,0.0346,505.0
1753532065012,12:14:25.012,BDXN/USDT:USDT,0.03454,4.0,0.03453,1203.0,0.03459,2.0,0.0346,505.0
1753532065224,12:14:25.224,BDXN/USDT:USDT,0.03454,4.0,0.03453,1203.0,0.03459,2.0,0.0346,505.0
1753532065724,12:14:25.724,BDXN/USDT:USDT,0.03454,4.0,0.03453,1203.0,0.03459,437.0,0.0346,505.0
1753532065749,12:14:25.749,BDXN/USDT:USDT,0.03454,4.0,0.03453,1203.0,0.03458,21.0,0.03459,494.0
1753532065833,12:14:25.833,BDXN/USDT:USDT,0.03454,4.0,0.03453,1203.0,0.03458,21.0,0.03459,494.0
1753532065935,12:14:25.935,BDXN/USDT:USDT,0.03454,4.0,0.03453,1203.0,0.03458,21.0,0.03459,494.0
1753532066034,12:14:26.034,BDXN/USDT:USDT,0.03454,4.0,0.03453,1203.0,0.03458,21.0,0.03459,494.0
1753532066135,12:14:26.135,BDXN/USDT:USDT,0.03454,4.0,0.03453,1203.0,0.03458,21.0,0.03459,494.0
1753532066234,12:14:26.234,BDXN/USDT:USDT,0.03454,4.0,0.03453,1203.0,0.03458,21.0,0.03459,494.0
1753532066333,12:14:26.333,BDXN/USDT:USDT,0.03454,4.0,0.03453,1203.0,0.03458,21.0,0.03459,494.0
1753532066433,12:14:26.433,BDXN/USDT:USDT,0.03454,4.0,0.03453,1203.0,0.03458,21.0,0.03459,494.0
1753532066533,12:14:26.533,BDXN/USDT:USDT,0.03454,4.0,0.03453,1203.0,0.03458,21.0,0.03459,494.0
1753532066650,12:14:26.650,BDXN/USDT:USDT,0.03454,4.0,0.03453,1203.0,0.03458,21.0,0.03459,494.0
1753532066733,12:14:26.733,BDXN/USDT:USDT,0.03454,4.0,0.03453,1203.0,0.03458,21.0,0.03459,494.0
1753532066834,12:14:26.834,BDXN/USDT:USDT,0.03454,4.0,0.03453,1203.0,0.03458,21.0,0.03459,494.0
1753532066935,12:14:26.935,BDXN/USDT:USDT,0.03454,4.0,0.03453,1203.0,0.03458,21.0,0.03459,494.0
1753532067077,12:14:27.077,BDXN/USDT:USDT,0.03454,4.0,0.03453,1203.0,0.03458,21.0,0.03459,494.0
1753532067135,12:14:27.135,BDXN/USDT:USDT,0.03454,4.0,0.03453,1203.0,0.03458,21.0,0.03459,494.0
1753532067233,12:14:27.233,BDXN/USDT:USDT,0.03454,4.0,0.03453,1203.0,0.03458,21.0,0.03459,494.0
1753532067391,12:14:27.391,BDXN/USDT:USDT,0.03454,4.0,0.03453,1203.0,0.03458,21.0,0.03459,494.0
1753532067433,12:14:27.433,BDXN/USDT:USDT,0.03454,4.0,0.03453,1203.0,0.03458,21.0,0.03459,494.0
1753532067533,12:14:27.533,BDXN/USDT:USDT,0.03454,4.0,0.03453,1203.0,0.03458,21.0,0.03459,494.0
1753532067635,12:14:27.635,BDXN/USDT:USDT,0.03454,4.0,0.03453,1203.0,0.03458,21.0,0.03459,494.0
1753532067733,12:14:27.733,BDXN/USDT:USDT,0.03454,4.0,0.03453,1203.0,0.03458,21.0,0.03459,494.0
1753532067834,12:14:27.834,BDXN/USDT:USDT,0.03454,4.0,0.03453,1203.0,0.03458,21.0,0.03459,494.0
1753532067933,12:14:27.933,BDXN/USDT:USDT,0.03454,4.0,0.03453,1203.0,0.03458,21.0,0.03459,494.0
1753532068034,12:14:28.034,BDXN/USDT:USDT,0.03454,4.0,0.03453,1203.0,0.03458,21.0,0.03459,494.0
1753532068133,12:14:28.133,BDXN/USDT:USDT,0.03454,4.0,0.03453,1203.0,0.03458,21.0,0.03459,494.0
1753532068234,12:14:28.234,BDXN/USDT:USDT,0.03454,4.0,0.03453,1203.0,0.03458,21.0,0.03459,494.0
1753532068333,12:14:28.333,BDXN/USDT:USDT,0.03454,4.0,0.03453,1203.0,0.03458,21.0,0.03459,494.0
1753532068433,12:14:28.433,BDXN/USDT:USDT,0.03454,4.0,0.03453,1203.0,0.03458,21.0,0.03459,494.0
1753532068534,12:14:28.534,BDXN/USDT:USDT,0.03454,4.0,0.03453,1203.0,0.03458,21.0,0.03459,494.0
1753532068633,12:14:28.633,BDXN/USDT:USDT,0.03454,4.0,0.03453,1203.0,0.03458,21.0,0.03459,494.0
1753532068734,12:14:28.734,BDXN/USDT:USDT,0.03454,4.0,0.03453,1203.0,0.03458,21.0,0.03459,494.0
1753532068835,12:14:28.835,BDXN/USDT:USDT,0.03454,4.0,0.03453,1203.0,0.03458,21.0,0.03459,494.0
1753532068935,12:14:28.935,BDXN/USDT:USDT,0.03454,4.0,0.03453,1203.0,0.03458,21.0,0.03459,494.0
1753532069035,12:14:29.035,BDXN/USDT:USDT,0.03454,4.0,0.03453,1203.0,0.03458,21.0,0.03459,494.0
1753532069133,12:14:29.133,BDXN/USDT:USDT,0.03454,4.0,0.03453,1203.0,0.03458,21.0,0.03459,494.0
1753532069240,12:14:29.240,BDXN/USDT:USDT,0.03454,4.0,0.03453,1203.0,0.03458,21.0,0.03459,494.0
1753532069333,12:14:29.333,BDXN/USDT:USDT,0.03454,4.0,0.03453,1203.0,0.03458,21.0,0.03459,494.0
1753532069435,12:14:29.435,BDXN/USDT:USDT,0.03454,4.0,0.03453,1203.0,0.03458,21.0,0.03459,494.0
1753532069533,12:14:29.533,BDXN/USDT:USDT,0.03454,4.0,0.03453,1203.0,0.03458,21.0,0.03459,494.0
1753532069636,12:14:29.636,BDXN/USDT:USDT,0.03454,4.0,0.03453,1203.0,0.03458,21.0,0.03459,494.0
1753532069740,12:14:29.740,BDXN/USDT:USDT,0.03454,4.0,0.03453,1203.0,0.03458,21.0,0.03459,494.0
1753532069834,12:14:29.834,BDXN/USDT:USDT,0.03454,4.0,0.03453,1203.0,0.03458,21.0,0.03459,494.0
1753532069980,12:14:29.980,BDXN/USDT:USDT,0.03454,4.0,0.03453,1203.0,0.03458,21.0,0.03459,494.0
1753532070036,12:14:30.036,BDXN/USDT:USDT,0.03454,4.0,0.03453,1203.0,0.03458,21.0,0.03459,494.0
1753532070133,12:14:30.133,BDXN/USDT:USDT,0.03454,4.0,0.03453,1203.0,0.03458,21.0,0.03459,494.0
1753532070233,12:14:30.233,BDXN/USDT:USDT,0.03454,4.0,0.03453,1203.0,0.03458,21.0,0.03459,494.0
1753532070333,12:14:30.333,BDXN/USDT:USDT,0.03454,4.0,0.03453,1203.0,0.03458,21.0,0.03459,494.0
1753532070435,12:14:30.435,BDXN/USDT:USDT,0.03454,4.0,0.03453,1203.0,0.03458,21.0,0.03459,494.0
1753532070536,12:14:30.536,BDXN/USDT:USDT,0.03454,4.0,0.03453,1203.0,0.03458,21.0,0.03459,494.0
1753532070635,12:14:30.635,BDXN/USDT:USDT,0.03454,4.0,0.03453,1203.0,0.03458,21.0,0.03459,494.0
1753532070733,12:14:30.733,BDXN/USDT:USDT,0.03454,4.0,0.03453,1203.0,0.03458,21.0,0.03459,494.0
1753532070834,12:14:30.834,BDXN/USDT:USDT,0.03454,4.0,0.03453,1203.0,0.03458,21.0,0.03459,494.0
1753532070933,12:14:30.933,BDXN/USDT:USDT,0.03454,4.0,0.03453,1203.0,0.03458,21.0,0.03459,494.0
1753532071033,12:14:31.033,BDXN/USDT:USDT,0.03454,4.0,0.03453,1203.0,0.03458,21.0,0.03459,494.0
1753532071225,12:14:31.225,BDXN/USDT:USDT,0.03454,4.0,0.03453,1203.0,0.03457,430.0,0.03458,21.0
1753532071232,12:14:31.232,BDXN/USDT:USDT,0.03454,4.0,0.03453,1203.0,0.03457,430.0,0.03458,75.0
1753532071510,12:14:31.510,BDXN/USDT:USDT,0.03454,4.0,0.03453,1203.0,0.03457,430.0,0.03458,75.0
1753532071776,12:14:31.776,BDXN/USDT:USDT,0.03454,4.0,0.03453,1203.0,0.03457,430.0,0.03458,75.0
1753532071934,12:14:31.934,BDXN/USDT:USDT,0.03454,4.0,0.03453,1203.0,0.03457,430.0,0.03458,75.0
1753532072276,12:14:32.276,BDXN/USDT:USDT,0.03454,4.0,0.03453,1203.0,0.03457,430.0,0.03458,75.0
1753532072360,12:14:32.360,BDXN/USDT:USDT,0.03454,4.0,0.03453,1203.0,0.03457,430.0,0.03458,75.0
1753532072702,12:14:32.702,BDXN/USDT:USDT,0.03454,4.0,0.03453,1203.0,0.03457,430.0,0.03458,75.0
1753532079691,12:14:39.691,BDXN/USDT:USDT,0.03454,4.0,0.03453,1203.0,0.03457,430.0,0.03458,75.0
1753532083325,12:14:43.325,BDXN/USDT:USDT,0.03454,4.0,0.03453,1203.0,0.03458,18.0,0.03459,492.0
1753532083410,12:14:43.410,BDXN/USDT:USDT,0.03454,13.0,0.03453,1203.0,0.03458,5.0,0.03461,57.0
1753532083435,12:14:43.435,BDXN/USDT:USDT,0.03454,13.0,0.03453,1203.0,0.0346,5.0,0.03461,57.0
1753532083534,12:14:43.534,BDXN/USDT:USDT,0.03454,13.0,0.03453,1203.0,0.0346,5.0,0.03461,57.0
1753532083715,12:14:43.715,BDXN/USDT:USDT,0.03454,13.0,0.03453,1203.0,0.0346,5.0,0.03461,57.0
1753532083734,12:14:43.734,BDXN/USDT:USDT,0.03454,13.0,0.03453,1203.0,0.0346,5.0,0.03461,57.0
1753532083834,12:14:43.834,BDXN/USDT:USDT,0.03454,13.0,0.03453,1203.0,0.0346,5.0,0.03461,57.0
1753532083934,12:14:43.934,BDXN/USDT:USDT,0.03454,13.0,0.03453,1203.0,0.0346,5.0,0.03461,57.0
1753532084035,12:14:44.035,BDXN/USDT:USDT,0.03454,13.0,0.03453,1203.0,0.0346,5.0,0.03461,57.0
1753532084134,12:14:44.134,BDXN/USDT:USDT,0.03454,13.0,0.03453,1203.0,0.0346,5.0,0.03461,57.0
1753532084234,12:14:44.234,BDXN/USDT:USDT,0.03454,13.0,0.03453,1203.0,0.0346,5.0,0.03461,57.0
1753532084333,12:14:44.333,BDXN/USDT:USDT,0.03454,13.0,0.03453,1203.0,0.0346,5.0,0.03461,57.0
1753532084435,12:14:44.435,BDXN/USDT:USDT,0.03454,13.0,0.03453,1203.0,0.0346,5.0,0.03461,57.0
1753532084542,12:14:44.542,BDXN/USDT:USDT,0.03454,13.0,0.03453,1203.0,0.0346,5.0,0.03461,57.0
1753532084713,12:14:44.713,BDXN/USDT:USDT,0.03454,13.0,0.03453,1203.0,0.0346,5.0,0.03461,57.0
1753532084733,12:14:44.733,BDXN/USDT:USDT,0.03454,13.0,0.03453,1203.0,0.0346,5.0,0.03461,57.0
1753532084834,12:14:44.834,BDXN/USDT:USDT,0.03454,13.0,0.03453,1203.0,0.0346,5.0,0.03461,57.0
1753532084934,12:14:44.934,BDXN/USDT:USDT,0.03454,13.0,0.03453,1203.0,0.0346,5.0,0.03461,57.0
1753532085034,12:14:45.034,BDXN/USDT:USDT,0.03454,13.0,0.03453,1203.0,0.0346,5.0,0.03461,57.0
1753532085142,12:14:45.142,BDXN/USDT:USDT,0.03454,13.0,0.03453,1203.0,0.0346,5.0,0.03461,57.0
1753532085236,12:14:45.236,BDXN/USDT:USDT,0.03454,13.0,0.03453,1203.0,0.0346,5.0,0.03461,57.0
1753532085416,12:14:45.416,BDXN/USDT:USDT,0.03454,13.0,0.03453,1203.0,0.0346,489.0,0.03462,1146.0
1753532085441,12:14:45.441,BDXN/USDT:USDT,0.03454,13.0,0.03453,1203.0,0.0346,489.0,0.03462,1146.0
1753532085541,12:14:45.541,BDXN/USDT:USDT,0.03454,13.0,0.03453,1203.0,0.0346,489.0,0.03462,1146.0
1753532085634,12:14:45.634,BDXN/USDT:USDT,0.03454,13.0,0.03453,1203.0,0.0346,489.0,0.03462,1146.0
1753532085759,12:14:45.759,BDXN/USDT:USDT,0.03454,13.0,0.03453,1203.0,0.0346,489.0,0.03462,1146.0
1753532085910,12:14:45.910,BDXN/USDT:USDT,0.03454,13.0,0.03453,1203.0,0.0346,489.0,0.03462,1146.0
1753532085937,12:14:45.937,BDXN/USDT:USDT,0.03454,13.0,0.03453,1203.0,0.0346,489.0,0.03462,1146.0
1753532086034,12:14:46.034,BDXN/USDT:USDT,0.03454,13.0,0.03453,1203.0,0.0346,489.0,0.03462,1146.0
1753532086134,12:14:46.134,BDXN/USDT:USDT,0.03454,13.0,0.03453,1203.0,0.0346,489.0,0.03462,1146.0
1753532086233,12:14:46.233,BDXN/USDT:USDT,0.03454,13.0,0.03453,1203.0,0.0346,489.0,0.03462,1146.0
1753532086334,12:14:46.334,BDXN/USDT:USDT,0.03454,13.0,0.03453,1203.0,0.0346,489.0,0.03462,1146.0
1753532086436,12:14:46.436,BDXN/USDT:USDT,0.03454,13.0,0.03453,1203.0,0.0346,489.0,0.03462,1146.0
1753532086534,12:14:46.534,BDXN/USDT:USDT,0.03454,13.0,0.03453,1203.0,0.0346,489.0,0.03462,1146.0
1753532086633,12:14:46.633,BDXN/USDT:USDT,0.03454,13.0,0.03453,1203.0,0.0346,489.0,0.03462,1146.0
1753532086733,12:14:46.733,BDXN/USDT:USDT,0.03454,13.0,0.03453,1203.0,0.0346,489.0,0.03462,1146.0
1753532086833,12:14:46.833,BDXN/USDT:USDT,0.03454,13.0,0.03453,1203.0,0.0346,489.0,0.03462,1146.0
1753532086940,12:14:46.940,BDXN/USDT:USDT,0.03454,13.0,0.03453,1203.0,0.0346,489.0,0.03462,1146.0
1753532087040,12:14:47.040,BDXN/USDT:USDT,0.03454,13.0,0.03453,1203.0,0.0346,489.0,0.03462,1146.0
1753532087141,12:14:47.141,BDXN/USDT:USDT,0.03454,13.0,0.03453,1203.0,0.0346,489.0,0.03462,1146.0
1753532087234,12:14:47.234,BDXN/USDT:USDT,0.03454,13.0,0.03453,1203.0,0.0346,489.0,0.03462,1146.0
1753532087340,12:14:47.340,BDXN/USDT:USDT,0.03454,13.0,0.03453,1203.0,0.0346,489.0,0.03462,1146.0
1753532087433,12:14:47.433,BDXN/USDT:USDT,0.03454,13.0,0.03453,1203.0,0.0346,489.0,0.03462,1146.0
1753532087534,12:14:47.534,BDXN/USDT:USDT,0.03454,13.0,0.03453,1203.0,0.0346,489.0,0.03462,1146.0
1753532087633,12:14:47.633,BDXN/USDT:USDT,0.03454,13.0,0.03453,1203.0,0.0346,489.0,0.03462,1146.0
1753532087733,12:14:47.733,BDXN/USDT:USDT,0.03454,13.0,0.03453,1203.0,0.0346,489.0,0.03462,1146.0
1753532087833,12:14:47.833,BDXN/USDT:USDT,0.03454,13.0,0.03453,1203.0,0.0346,489.0,0.03462,1146.0
1753532087940,12:14:47.940,BDXN/USDT:USDT,0.03454,13.0,0.03453,1203.0,0.0346,489.0,0.03462,1146.0
1753532088040,12:14:48.040,BDXN/USDT:USDT,0.03454,13.0,0.03453,1203.0,0.0346,489.0,0.03462,1146.0
1753532088134,12:14:48.134,BDXN/USDT:USDT,0.03454,13.0,0.03453,1203.0,0.0346,489.0,0.03462,1146.0
1753532088252,12:14:48.252,BDXN/USDT:USDT,0.03454,13.0,0.03453,1203.0,0.0346,489.0,0.03462,1146.0
1753532088342,12:14:48.342,BDXN/USDT:USDT,0.03454,13.0,0.03453,1203.0,0.0346,489.0,0.03462,1146.0
1753532088436,12:14:48.436,BDXN/USDT:USDT,0.03454,13.0,0.03453,1203.0,0.0346,489.0,0.03462,1146.0
1753532088534,12:14:48.534,BDXN/USDT:USDT,0.03454,13.0,0.03453,1203.0,0.0346,489.0,0.03462,1146.0
1753532088634,12:14:48.634,BDXN/USDT:USDT,0.03454,13.0,0.03453,1203.0,0.0346,489.0,0.03462,1146.0
1753532088734,12:14:48.734,BDXN/USDT:USDT,0.03454,13.0,0.03453,1203.0,0.0346,489.0,0.03462,1146.0
1753532088834,12:14:48.834,BDXN/USDT:USDT,0.03454,13.0,0.03453,1203.0,0.0346,489.0,0.03462,1146.0
1753532088940,12:14:48.940,BDXN/USDT:USDT,0.03454,13.0,0.03453,1203.0,0.0346,489.0,0.03462,1146.0
1753532089033,12:14:49.033,BDXN/USDT:USDT,0.03454,13.0,0.03453,1203.0,0.0346,489.0,0.03462,1146.0
1753532089141,12:14:49.141,BDXN/USDT:USDT,0.03454,13.0,0.03453,1203.0,0.0346,489.0,0.03462,1146.0
1753532089234,12:14:49.234,BDXN/USDT:USDT,0.03454,13.0,0.03453,1203.0,0.0346,489.0,0.03462,1146.0
1753532089481,12:14:49.481,BDXN/USDT:USDT,0.03454,4.0,0.03453,1203.0,0.0346,62.0,0.03462,1146.0
1753532089753,12:14:49.753,BDXN/USDT:USDT,0.03454,4.0,0.03453,1203.0,0.0346,5.0,0.03461,57.0
1753532090196,12:14:50.196,BDXN/USDT:USDT,0.03454,4.0,0.03453,1203.0,0.0346,5.0,0.03461,57.0
1753532090261,12:14:50.261,BDXN/USDT:USDT,0.03454,4.0,0.03453,1203.0,0.0346,5.0,0.03461,499.0
1753532090612,12:14:50.612,BDXN/USDT:USDT,0.03454,4.0,0.03453,1203.0,0.0346,5.0,0.03461,499.0
1753532092806,12:14:52.806,BDXN/USDT:USDT,0.03456,66.0,0.03455,582.0,0.0346,5.0,0.03463,57.0
1753532092856,12:14:52.856,BDXN/USDT:USDT,0.03456,1212.0,0.03455,582.0,0.03462,5.0,0.03466,57.0
1753532093019,12:14:53.019,BDXN/USDT:USDT,0.03457,4.0,0.03456,1212.0,0.03463,440.0,0.03465,5.0
1753532093107,12:14:53.107,BDXN/USDT:USDT,0.03457,13.0,0.03456,1212.0,0.03462,5.0,0.03463,497.0
1753532093216,12:14:53.216,BDXN/USDT:USDT,0.03457,13.0,0.03456,1212.0,0.03462,5.0,0.03466,57.0
1753532093250,12:14:53.250,BDXN/USDT:USDT,0.03457,13.0,0.03456,1212.0,0.03465,5.0,0.03466,57.0
1753532093406,12:14:53.406,BDXN/USDT:USDT,0.03457,13.0,0.03456,1212.0,0.03465,5.0,0.03466,57.0
1753532093503,12:14:53.503,BDXN/USDT:USDT,0.03457,13.0,0.03456,1212.0,0.03465,5.0,0.03466,57.0
1753532093533,12:14:53.533,BDXN/USDT:USDT,0.03457,13.0,0.03456,1212.0,0.03465,5.0,0.03466,57.0
1753532093633,12:14:53.633,BDXN/USDT:USDT,0.03457,13.0,0.03456,1212.0,0.03465,5.0,0.03466,57.0
1753532093733,12:14:53.733,BDXN/USDT:USDT,0.03457,13.0,0.03456,1212.0,0.03465,5.0,0.03466,57.0
1753532093889,12:14:53.889,BDXN/USDT:USDT,0.03457,13.0,0.03456,1212.0,0.03465,5.0,0.03466,57.0
1753532093940,12:14:53.940,BDXN/USDT:USDT,0.03457,13.0,0.03456,1212.0,0.03465,5.0,0.03466,57.0
1753532094033,12:14:54.033,BDXN/USDT:USDT,0.03457,13.0,0.03456,1212.0,0.03465,5.0,0.03466,57.0
1753532094133,12:14:54.133,BDXN/USDT:USDT,0.03457,13.0,0.03456,1212.0,0.03465,5.0,0.03466,57.0
1753532094234,12:14:54.234,BDXN/USDT:USDT,0.03457,13.0,0.03456,1212.0,0.03465,5.0,0.03466,57.0
1753532094334,12:14:54.334,BDXN/USDT:USDT,0.03457,13.0,0.03456,1212.0,0.03465,5.0,0.03466,57.0
1753532094434,12:14:54.434,BDXN/USDT:USDT,0.03457,13.0,0.03456,1212.0,0.03465,5.0,0.03466,57.0
1753532094533,12:14:54.533,BDXN/USDT:USDT,0.03457,13.0,0.03456,1212.0,0.03465,5.0,0.03466,57.0
1753532094634,12:14:54.634,BDXN/USDT:USDT,0.03457,13.0,0.03456,1212.0,0.03465,5.0,0.03466,57.0
1753532094733,12:14:54.733,BDXN/USDT:USDT,0.03457,13.0,0.03456,1212.0,0.03465,5.0,0.03466,57.0
1753532094834,12:14:54.834,BDXN/USDT:USDT,0.03457,13.0,0.03456,1212.0,0.03465,5.0,0.03466,57.0
1753532094941,12:14:54.941,BDXN/USDT:USDT,0.03457,13.0,0.03456,1212.0,0.03465,5.0,0.03466,57.0
1753532095033,12:14:55.033,BDXN/USDT:USDT,0.03457,13.0,0.03456,1212.0,0.03465,5.0,0.03466,57.0
1753532095134,12:14:55.134,BDXN/USDT:USDT,0.03457,13.0,0.03456,1212.0,0.03465,5.0,0.03466,57.0
1753532095235,12:14:55.235,BDXN/USDT:USDT,0.03457,13.0,0.03456,1212.0,0.03465,5.0,0.03466,57.0
1753532095333,12:14:55.333,BDXN/USDT:USDT,0.03457,13.0,0.03456,1212.0,0.03465,5.0,0.03466,57.0
1753532095434,12:14:55.434,BDXN/USDT:USDT,0.03457,13.0,0.03456,1212.0,0.03465,5.0,0.03466,57.0
1753532095533,12:14:55.533,BDXN/USDT:USDT,0.03457,13.0,0.03456,1212.0,0.03465,5.0,0.03466,57.0
1753532095640,12:14:55.640,BDXN/USDT:USDT,0.03457,13.0,0.03456,1212.0,0.03465,5.0,0.03466,57.0
1753532095733,12:14:55.733,BDXN/USDT:USDT,0.03457,13.0,0.03456,1212.0,0.03465,5.0,0.03466,57.0
1753532095841,12:14:55.841,BDXN/USDT:USDT,0.03457,13.0,0.03456,1212.0,0.03465,5.0,0.03466,57.0
1753532095940,12:14:55.940,BDXN/USDT:USDT,0.03457,13.0,0.03456,1212.0,0.03465,5.0,0.03466,57.0
1753532096040,12:14:56.040,BDXN/USDT:USDT,0.03457,13.0,0.03456,1212.0,0.03465,5.0,0.03466,57.0
1753532096134,12:14:56.134,BDXN/USDT:USDT,0.03457,13.0,0.03456,1212.0,0.03465,5.0,0.03466,57.0
1753532096241,12:14:56.241,BDXN/USDT:USDT,0.03457,13.0,0.03456,1212.0,0.03465,5.0,0.03466,57.0
1753532096340,12:14:56.340,BDXN/USDT:USDT,0.03457,13.0,0.03456,1212.0,0.03465,5.0,0.03466,57.0
1753532096434,12:14:56.434,BDXN/USDT:USDT,0.03457,13.0,0.03456,1212.0,0.03465,5.0,0.03466,57.0
1753532096534,12:14:56.534,BDXN/USDT:USDT,0.03457,13.0,0.03456,1212.0,0.03465,5.0,0.03466,57.0
1753532096724,12:14:56.724,BDXN/USDT:USDT,0.03457,13.0,0.03456,1212.0,0.03465,5.0,0.03466,57.0
1753532096734,12:14:56.734,BDXN/USDT:USDT,0.03457,13.0,0.03456,1212.0,0.03465,5.0,0.03466,57.0
1753532096841,12:14:56.841,BDXN/USDT:USDT,0.03457,13.0,0.03456,1212.0,0.03465,5.0,0.03466,57.0
1753532096934,12:14:56.934,BDXN/USDT:USDT,0.03457,13.0,0.03456,1212.0,0.03465,5.0,0.03466,57.0
1753532097034,12:14:57.034,BDXN/USDT:USDT,0.03457,13.0,0.03456,1212.0,0.03465,5.0,0.03466,57.0
1753532097137,12:14:57.137,BDXN/USDT:USDT,0.03457,13.0,0.03456,1212.0,0.03465,5.0,0.03466,57.0
1753532097313,12:14:57.313,BDXN/USDT:USDT,0.03457,13.0,0.03456,1212.0,0.03464,430.0,0.03465,5.0
1753532097344,12:14:57.344,BDXN/USDT:USDT,0.03457,13.0,0.03456,1212.0,0.03463,62.0,0.03464,430.0
1753532097434,12:14:57.434,BDXN/USDT:USDT,0.03457,13.0,0.03456,1212.0,0.03463,62.0,0.03464,430.0
1753532097540,12:14:57.540,BDXN/USDT:USDT,0.03457,13.0,0.03456,1212.0,0.03463,62.0,0.03464,430.0
1753532097640,12:14:57.640,BDXN/USDT:USDT,0.03457,13.0,0.03456,1212.0,0.03463,62.0,0.03464,430.0
1753532097813,12:14:57.813,BDXN/USDT:USDT,0.03457,13.0,0.03456,1655.0,0.03463,62.0,0.03464,430.0
1753532097858,12:14:57.858,BDXN/USDT:USDT,0.03457,13.0,0.03456,1655.0,0.03463,62.0,0.03464,430.0
1753532097934,12:14:57.934,BDXN/USDT:USDT,0.03457,13.0,0.03456,1655.0,0.03463,62.0,0.03464,430.0
1753532098041,12:14:58.041,BDXN/USDT:USDT,0.03457,13.0,0.03456,1655.0,0.03463,62.0,0.03464,430.0
1753532098190,12:14:58.190,BDXN/USDT:USDT,0.03457,13.0,0.03456,1655.0,0.03463,62.0,0.03464,430.0
1753532098234,12:14:58.234,BDXN/USDT:USDT,0.03457,13.0,0.03456,1655.0,0.03463,62.0,0.03464,430.0
1753532098341,12:14:58.341,BDXN/USDT:USDT,0.03457,13.0,0.03456,1655.0,0.03463,62.0,0.03464,430.0
1753532098434,12:14:58.434,BDXN/USDT:USDT,0.03457,13.0,0.03456,1655.0,0.03463,62.0,0.03464,430.0
1753532098534,12:14:58.534,BDXN/USDT:USDT,0.03457,13.0,0.03456,1655.0,0.03463,62.0,0.03464,430.0
1753532098690,12:14:58.690,BDXN/USDT:USDT,0.03457,13.0,0.03456,1655.0,0.03463,62.0,0.03464,430.0
1753532098734,12:14:58.734,BDXN/USDT:USDT,0.03457,13.0,0.03456,1655.0,0.03463,62.0,0.03464,430.0
1753532098833,12:14:58.833,BDXN/USDT:USDT,0.03457,13.0,0.03456,1655.0,0.03463,62.0,0.03464,430.0
1753532098934,12:14:58.934,BDXN/USDT:USDT,0.03457,13.0,0.03456,1655.0,0.03463,62.0,0.03464,430.0
1753532099034,12:14:59.034,BDXN/USDT:USDT,0.03457,13.0,0.03456,1655.0,0.03463,62.0,0.03464,430.0
1753532099140,12:14:59.140,BDXN/USDT:USDT,0.03457,13.0,0.03456,1655.0,0.03463,62.0,0.03464,430.0
1753532099236,12:14:59.236,BDXN/USDT:USDT,0.03457,13.0,0.03456,1655.0,0.03463,62.0,0.03464,430.0
1753532099333,12:14:59.333,BDXN/USDT:USDT,0.03457,13.0,0.03456,1655.0,0.03463,62.0,0.03464,430.0
1753532099434,12:14:59.434,BDXN/USDT:USDT,0.03457,13.0,0.03456,1655.0,0.03463,62.0,0.03464,430.0
1753532099534,12:14:59.534,BDXN/USDT:USDT,0.03457,13.0,0.03456,1655.0,0.03463,62.0,0.03464,430.0
1753532099633,12:14:59.633,BDXN/USDT:USDT,0.03457,13.0,0.03456,1655.0,0.03463,62.0,0.03464,430.0
1753532099733,12:14:59.733,BDXN/USDT:USDT,0.03457,13.0,0.03456,1655.0,0.03463,62.0,0.03464,430.0
1753532099834,12:14:59.834,BDXN/USDT:USDT,0.03457,13.0,0.03456,1655.0,0.03463,62.0,0.03464,430.0
1753532099934,12:14:59.934,BDXN/USDT:USDT,0.03457,13.0,0.03456,1655.0,0.03463,62.0,0.03464,430.0
1753532100041,12:15:00.041,BDXN/USDT:USDT,0.03457,13.0,0.03456,1655.0,0.03463,62.0,0.03464,430.0
1753532100178,12:15:00.178,BDXN/USDT:USDT,0.03457,13.0,0.03456,1212.0,0.03463,62.0,0.03464,430.0
1753532100234,12:15:00.234,BDXN/USDT:USDT,0.03457,13.0,0.03456,1212.0,0.03463,62.0,0.03464,430.0
1753532100341,12:15:00.341,BDXN/USDT:USDT,0.03457,13.0,0.03456,1212.0,0.03463,62.0,0.03464,430.0
1753532100441,12:15:00.441,BDXN/USDT:USDT,0.03457,13.0,0.03456,1212.0,0.03463,62.0,0.03464,430.0
1753532100540,12:15:00.540,BDXN/USDT:USDT,0.03457,13.0,0.03456,1212.0,0.03463,62.0,0.03464,430.0
1753532100634,12:15:00.634,BDXN/USDT:USDT,0.03457,13.0,0.03456,1212.0,0.03463,62.0,0.03464,430.0
1753532100741,12:15:00.741,BDXN/USDT:USDT,0.03457,13.0,0.03456,1212.0,0.03463,62.0,0.03464,430.0
1753532100834,12:15:00.834,BDXN/USDT:USDT,0.03457,13.0,0.03456,1212.0,0.03463,62.0,0.03464,430.0
1753532100934,12:15:00.934,BDXN/USDT:USDT,0.03457,13.0,0.03456,1212.0,0.03463,62.0,0.03464,430.0
1753532101041,12:15:01.041,BDXN/USDT:USDT,0.03457,13.0,0.03456,1212.0,0.03463,62.0,0.03464,430.0
1753532101134,12:15:01.134,BDXN/USDT:USDT,0.03457,13.0,0.03456,1212.0,0.03463,62.0,0.03464,430.0
1753532101239,12:15:01.239,BDXN/USDT:USDT,0.03457,13.0,0.03456,1212.0,0.03463,62.0,0.03464,430.0
1753532101340,12:15:01.340,BDXN/USDT:USDT,0.03457,13.0,0.03456,1212.0,0.03463,62.0,0.03464,430.0
1753532101441,12:15:01.441,BDXN/USDT:USDT,0.03457,13.0,0.03456,1212.0,0.03463,62.0,0.03464,430.0
1753532101541,12:15:01.541,BDXN/USDT:USDT,0.03457,13.0,0.03456,1212.0,0.03463,62.0,0.03464,430.0
1753532101641,12:15:01.641,BDXN/USDT:USDT,0.03457,13.0,0.03456,1212.0,0.03463,62.0,0.03464,430.0
1753532101741,12:15:01.741,BDXN/USDT:USDT,0.03457,13.0,0.03456,1212.0,0.03463,62.0,0.03464,430.0
1753532101840,12:15:01.840,BDXN/USDT:USDT,0.03457,13.0,0.03456,1212.0,0.03463,62.0,0.03464,430.0
1753532101934,12:15:01.934,BDXN/USDT:USDT,0.03457,13.0,0.03456,1212.0,0.03463,62.0,0.03464,430.0
1753532102034,12:15:02.034,BDXN/USDT:USDT,0.03457,13.0,0.03456,1212.0,0.03463,62.0,0.03464,430.0
1753532102135,12:15:02.135,BDXN/USDT:USDT,0.03457,13.0,0.03456,1212.0,0.03463,62.0,0.03464,430.0
1753532102324,12:15:02.324,BDXN/USDT:USDT,0.03457,13.0,0.03456,1212.0,0.03463,62.0,0.03464,430.0
1753532102334,12:15:02.334,BDXN/USDT:USDT,0.03457,13.0,0.03456,1212.0,0.03463,62.0,0.03464,430.0
1753532102434,12:15:02.434,BDXN/USDT:USDT,0.03457,13.0,0.03456,1212.0,0.03463,62.0,0.03464,430.0
1753532102534,12:15:02.534,BDXN/USDT:USDT,0.03457,13.0,0.03456,1212.0,0.03463,62.0,0.03464,430.0
1753532102633,12:15:02.633,BDXN/USDT:USDT,0.03457,13.0,0.03456,1212.0,0.03463,62.0,0.03464,430.0
1753532102734,12:15:02.734,BDXN/USDT:USDT,0.03457,13.0,0.03456,1212.0,0.03463,62.0,0.03464,430.0
1753532102852,12:15:02.852,BDXN/USDT:USDT,0.03457,13.0,0.03456,1212.0,0.03463,62.0,0.03464,430.0
1753532102940,12:15:02.940,BDXN/USDT:USDT,0.03457,13.0,0.03456,1212.0,0.03463,62.0,0.03464,430.0
1753532103034,12:15:03.034,BDXN/USDT:USDT,0.03457,13.0,0.03456,1212.0,0.03463,62.0,0.03464,430.0
1753532103134,12:15:03.134,BDXN/USDT:USDT,0.03457,13.0,0.03456,1212.0,0.03463,62.0,0.03464,430.0
1753532103233,12:15:03.233,BDXN/USDT:USDT,0.03457,13.0,0.03456,1212.0,0.03463,62.0,0.03464,430.0
1753532103344,12:15:03.344,BDXN/USDT:USDT,0.03457,13.0,0.03456,1212.0,0.03463,62.0,0.03464,430.0
1753532103441,12:15:03.441,BDXN/USDT:USDT,0.03457,13.0,0.03456,1212.0,0.03463,62.0,0.03464,430.0
1753532103534,12:15:03.534,BDXN/USDT:USDT,0.03457,13.0,0.03456,1212.0,0.03463,62.0,0.03464,430.0
1753532103640,12:15:03.640,BDXN/USDT:USDT,0.03457,13.0,0.03456,1212.0,0.03463,62.0,0.03464,430.0
1753532103735,12:15:03.735,BDXN/USDT:USDT,0.03457,13.0,0.03456,1212.0,0.03463,62.0,0.03464,430.0
1753532103835,12:15:03.835,BDXN/USDT:USDT,0.03457,13.0,0.03456,1212.0,0.03463,62.0,0.03464,430.0
1753532103934,12:15:03.934,BDXN/USDT:USDT,0.03457,13.0,0.03456,1212.0,0.03463,62.0,0.03464,430.0
1753532104041,12:15:04.041,BDXN/USDT:USDT,0.03457,13.0,0.03456,1212.0,0.03463,62.0,0.03464,430.0
1753532104141,12:15:04.141,BDXN/USDT:USDT,0.03457,13.0,0.03456,1212.0,0.03463,62.0,0.03464,430.0
1753532104234,12:15:04.234,BDXN/USDT:USDT,0.03457,13.0,0.03456,1212.0,0.03463,62.0,0.03464,430.0
1753532104334,12:15:04.334,BDXN/USDT:USDT,0.03457,13.0,0.03456,1212.0,0.03463,62.0,0.03464,430.0
1753532104435,12:15:04.435,BDXN/USDT:USDT,0.03457,13.0,0.03456,1212.0,0.03463,62.0,0.03464,430.0
1753532104542,12:15:04.542,BDXN/USDT:USDT,0.03457,13.0,0.03456,1212.0,0.03463,62.0,0.03464,430.0
1753532104641,12:15:04.641,BDXN/USDT:USDT,0.03457,13.0,0.03456,1212.0,0.03463,62.0,0.03464,430.0
1753532104734,12:15:04.734,BDXN/USDT:USDT,0.03457,13.0,0.03456,1212.0,0.03463,62.0,0.03464,430.0
1753532104843,12:15:04.843,BDXN/USDT:USDT,0.03457,13.0,0.03456,1212.0,0.03463,62.0,0.03464,430.0
1753532104934,12:15:04.934,BDXN/USDT:USDT,0.03457,13.0,0.03456,1212.0,0.03463,62.0,0.03464,430.0
1753532105034,12:15:05.034,BDXN/USDT:USDT,0.03457,13.0,0.03456,1212.0,0.03463,62.0,0.03464,430.0
1753532105133,12:15:05.133,BDXN/USDT:USDT,0.03457,13.0,0.03456,1212.0,0.03463,62.0,0.03464,430.0
1753532105233,12:15:05.233,BDXN/USDT:USDT,0.03457,13.0,0.03456,1212.0,0.03463,62.0,0.03464,430.0
1753532105334,12:15:05.334,BDXN/USDT:USDT,0.03457,13.0,0.03456,1212.0,0.03463,62.0,0.03464,430.0
1753532105434,12:15:05.434,BDXN/USDT:USDT,0.03457,13.0,0.03456,1212.0,0.03463,62.0,0.03464,430.0
1753532105534,12:15:05.534,BDXN/USDT:USDT,0.03457,13.0,0.03456,1212.0,0.03463,62.0,0.03464,430.0
1753532105634,12:15:05.634,BDXN/USDT:USDT,0.03457,13.0,0.03456,1212.0,0.03463,62.0,0.03464,430.0
1753532105741,12:15:05.741,BDXN/USDT:USDT,0.03457,13.0,0.03456,1212.0,0.03463,62.0,0.03464,430.0
1753532105841,12:15:05.841,BDXN/USDT:USDT,0.03457,13.0,0.03456,1212.0,0.03463,62.0,0.03464,430.0
1753532105933,12:15:05.933,BDXN/USDT:USDT,0.03457,13.0,0.03456,1212.0,0.03463,62.0,0.03464,430.0
1753532106034,12:15:06.034,BDXN/USDT:USDT,0.03457,13.0,0.03456,1212.0,0.03463,62.0,0.03464,430.0
1753532106134,12:15:06.134,BDXN/USDT:USDT,0.03457,13.0,0.03456,1212.0,0.03463,62.0,0.03464,430.0
1753532106240,12:15:06.240,BDXN/USDT:USDT,0.03457,13.0,0.03456,1212.0,0.03463,62.0,0.03464,430.0
1753532106418,12:15:06.418,BDXN/USDT:USDT,0.03457,13.0,0.03456,1212.0,0.03463,62.0,0.03464,430.0
1753532106434,12:15:06.434,BDXN/USDT:USDT,0.03457,13.0,0.03456,1212.0,0.03463,62.0,0.03464,430.0
1753532106540,12:15:06.540,BDXN/USDT:USDT,0.03457,13.0,0.03456,1212.0,0.03463,62.0,0.03464,430.0
1753532107059,12:15:07.059,BDXN/USDT:USDT,0.03457,13.0,0.03456,1212.0,0.03463,62.0,0.03464,430.0
1753532107143,12:15:07.143,BDXN/USDT:USDT,0.03457,13.0,0.03456,1212.0,0.03463,62.0,0.03464,430.0
1753532107242,12:15:07.242,BDXN/USDT:USDT,0.03457,13.0,0.03456,1212.0,0.03463,62.0,0.03464,430.0
1753532107334,12:15:07.334,BDXN/USDT:USDT,0.03457,13.0,0.03456,1212.0,0.03463,62.0,0.03464,430.0
1753532107441,12:15:07.441,BDXN/USDT:USDT,0.03457,13.0,0.03456,1212.0,0.03463,62.0,0.03464,430.0
1753532107534,12:15:07.534,BDXN/USDT:USDT,0.03457,13.0,0.03456,1212.0,0.03463,62.0,0.03464,430.0
1753532107640,12:15:07.640,BDXN/USDT:USDT,0.03457,13.0,0.03456,1212.0,0.03463,62.0,0.03464,430.0
1753532107735,12:15:07.735,BDXN/USDT:USDT,0.03457,13.0,0.03456,1212.0,0.03463,62.0,0.03464,430.0
1753532107834,12:15:07.834,BDXN/USDT:USDT,0.03457,13.0,0.03456,1212.0,0.03463,62.0,0.03464,430.0
1753532107935,12:15:07.935,BDXN/USDT:USDT,0.03457,13.0,0.03456,1212.0,0.03463,62.0,0.03464,430.0
1753532108040,12:15:08.040,BDXN/USDT:USDT,0.03457,13.0,0.03456,1212.0,0.03463,62.0,0.03464,430.0
1753532108134,12:15:08.134,BDXN/USDT:USDT,0.03457,13.0,0.03456,1212.0,0.03463,62.0,0.03464,430.0
1753532108242,12:15:08.242,BDXN/USDT:USDT,0.03457,13.0,0.03456,1212.0,0.03463,62.0,0.03464,430.0
1753532108341,12:15:08.341,BDXN/USDT:USDT,0.03457,13.0,0.03456,1212.0,0.03463,62.0,0.03464,430.0
1753532108443,12:15:08.443,BDXN/USDT:USDT,0.03457,13.0,0.03456,1212.0,0.03463,62.0,0.03464,430.0
1753532108534,12:15:08.534,BDXN/USDT:USDT,0.03457,13.0,0.03456,1212.0,0.03463,62.0,0.03464,430.0
1753532108641,12:15:08.641,BDXN/USDT:USDT,0.03457,13.0,0.03456,1212.0,0.03463,62.0,0.03464,430.0
1753532108736,12:15:08.736,BDXN/USDT:USDT,0.03457,4.0,0.03456,1212.0,0.03463,62.0,0.03464,430.0
1753532111767,12:15:11.767,BDXN/USDT:USDT,0.03457,4.0,0.03456,1212.0,0.03463,62.0,0.03464,430.0
1753532112809,12:15:12.809,BDXN/USDT:USDT,0.03457,4.0,0.03456,1212.0,0.03463,62.0,0.03464,430.0
1753532112918,12:15:12.918,BDXN/USDT:USDT,0.03457,4.0,0.03456,1212.0,0.03463,62.0,0.03464,430.0
1753532116767,12:15:16.767,BDXN/USDT:USDT,0.03457,4.0,0.03456,1212.0,0.03463,497.0,0.03464,430.0
1753532117230,12:15:17.230,BDXN/USDT:USDT,0.03457,4.0,0.03456,1212.0,0.03463,497.0,0.03464,430.0
1753532124209,12:15:24.209,BDXN/USDT:USDT,0.03457,4.0,0.03456,1212.0,0.03463,62.0,0.03464,430.0
1753532124505,12:15:24.505,BDXN/USDT:USDT,0.03457,4.0,0.03456,1212.0,0.03463,62.0,0.03464,430.0
1753532124975,12:15:24.975,BDXN/USDT:USDT,0.03457,4.0,0.03456,1212.0,0.03463,62.0,0.03464,430.0
1753532125127,12:15:25.127,BDXN/USDT:USDT,0.03457,4.0,0.03456,1212.0,0.03463,62.0,0.03467,5.0
1753532125526,12:15:25.526,BDXN/USDT:USDT,0.03457,4.0,0.03456,1212.0,0.03463,5.0,0.03467,62.0
1753532125680,12:15:25.680,BDXN/USDT:USDT,0.03457,4.0,0.03456,1212.0,0.03466,5.0,0.03467,62.0
1753532125896,12:15:25.896,BDXN/USDT:USDT,0.03457,4.0,0.03456,1212.0,0.03466,5.0,0.03467,62.0
1753532126222,12:15:26.222,BDXN/USDT:USDT,0.03457,4.0,0.03456,1212.0,0.03465,57.0,0.03466,5.0
1753532126240,12:15:26.240,BDXN/USDT:USDT,0.03457,4.0,0.03456,1212.0,0.03464,5.0,0.03467,62.0
1753532126340,12:15:26.340,BDXN/USDT:USDT,0.03457,4.0,0.03456,1212.0,0.03466,5.0,0.03467,62.0
1753532126622,12:15:26.622,BDXN/USDT:USDT,0.03457,4.0,0.03456,1212.0,0.03465,57.0,0.03466,34.0
1753532126696,12:15:26.696,BDXN/USDT:USDT,0.03457,4.0,0.03456,1212.0,0.03464,5.0,0.03467,62.0
1753532126741,12:15:26.741,BDXN/USDT:USDT,0.03457,4.0,0.03456,1212.0,0.03466,5.0,0.03467,62.0
1753532126863,12:15:26.863,BDXN/USDT:USDT,0.03457,4.0,0.03456,1212.0,0.03465,57.0,0.03466,34.0
1753532126934,12:15:26.934,BDXN/USDT:USDT,0.03457,4.0,0.03456,1212.0,0.03464,5.0,0.03467,62.0
1753532127040,12:15:27.040,BDXN/USDT:USDT,0.03457,4.0,0.03456,1212.0,0.03466,5.0,0.03467,62.0
1753532127128,12:15:27.128,BDXN/USDT:USDT,0.03457,4.0,0.03456,1212.0,0.03465,436.0,0.03466,5.0
1753532127324,12:15:27.324,BDXN/USDT:USDT,0.03457,4.0,0.03456,1212.0,0.03464,62.0,0.03465,436.0
1753532127825,12:15:27.825,BDXN/USDT:USDT,0.03457,4.0,0.03456,1212.0,0.03464,62.0,0.03465,436.0
1753532128024,12:15:28.024,BDXN/USDT:USDT,0.03457,4.0,0.03456,1212.0,0.03464,62.0,0.03465,436.0
1753532128112,12:15:28.112,BDXN/USDT:USDT,0.03457,4.0,0.03456,1212.0,0.03464,91.0,0.03465,436.0
1753532128184,12:15:28.184,BDXN/USDT:USDT,0.03457,4.0,0.03456,1212.0,0.03464,62.0,0.03465,436.0
1753532128265,12:15:28.265,BDXN/USDT:USDT,0.03457,4.0,0.03456,1212.0,0.03464,91.0,0.03465,436.0
1753532128419,12:15:28.419,BDXN/USDT:USDT,0.03457,4.0,0.03456,1212.0,0.03464,91.0,0.03465,436.0
1753532128490,12:15:28.490,BDXN/USDT:USDT,0.03457,4.0,0.03456,1212.0,0.03464,62.0,0.03465,436.0
1753532128715,12:15:28.715,BDXN/USDT:USDT,0.03457,4.0,0.03456,1212.0,0.03464,91.0,0.03465,436.0
1753532128786,12:15:28.786,BDXN/USDT:USDT,0.03457,4.0,0.03456,1212.0,0.03464,62.0,0.03465,436.0
1753532129123,12:15:29.123,BDXN/USDT:USDT,0.03457,4.0,0.03456,1212.0,0.03464,62.0,0.03465,436.0
1753532129180,12:15:29.180,BDXN/USDT:USDT,0.03457,4.0,0.03456,1212.0,0.03464,62.0,0.03465,436.0
1753532129913,12:15:29.913,BDXN/USDT:USDT,0.03457,4.0,0.03456,1212.0,0.03464,91.0,0.03465,436.0
1753532129985,12:15:29.985,BDXN/USDT:USDT,0.03457,4.0,0.03456,1212.0,0.03464,62.0,0.03465,436.0
1753532130206,12:15:30.206,BDXN/USDT:USDT,0.03457,4.0,0.03456,1212.0,0.03464,62.0,0.03465,436.0
1753532130755,12:15:30.755,BDXN/USDT:USDT,0.03457,4.0,0.03456,1212.0,0.03464,91.0,0.03465,436.0
1753532130827,12:15:30.827,BDXN/USDT:USDT,0.03457,4.0,0.03456,1212.0,0.03464,62.0,0.03465,436.0
1753532131114,12:15:31.114,BDXN/USDT:USDT,0.03457,4.0,0.03456,1212.0,0.03464,91.0,0.03465,436.0
1753532131185,12:15:31.185,BDXN/USDT:USDT,0.03457,4.0,0.03456,1212.0,0.03464,62.0,0.03465,436.0
1753532131300,12:15:31.300,BDXN/USDT:USDT,0.03457,4.0,0.03456,1212.0,0.03464,62.0,0.03465,436.0
1753532131525,12:15:31.525,BDXN/USDT:USDT,0.03457,4.0,0.03456,1212.0,0.03464,62.0,0.03465,436.0
