timestamp,time,symbol,bid1_price,bid1_volume,bid2_price,bid2_volume,ask1_price,ask1_volume,ask2_price,ask2_volume
1753531613000,12:06:53.000,BERA/USDT:USDT,2.188,402.0,2.187,3356.0,2.189,2.0,2.19,1696.0
1753531615124,12:06:55.124,BERA/USDT:USDT,2.188,398.0,2.187,3356.0,2.189,2.0,2.19,1696.0
1753531615357,12:06:55.357,BERA/USDT:USDT,2.188,402.0,2.187,3356.0,2.189,2.0,2.19,1696.0
1753531615466,12:06:55.466,BERA/USDT:USDT,2.188,398.0,2.187,3356.0,2.189,2.0,2.19,1696.0
1753531615724,12:06:55.724,BERA/USDT:USDT,2.188,400.0,2.187,3356.0,2.189,2.0,2.19,1696.0
1753531615976,12:06:55.976,BERA/USDT:USDT,2.188,398.0,2.187,3356.0,2.189,2.0,2.19,1696.0
1753531616149,12:06:56.149,BERA/USDT:USDT,2.188,402.0,2.187,3356.0,2.189,2.0,2.19,1696.0
1753531617077,12:06:57.077,BERA/USDT:USDT,2.188,400.0,2.187,3356.0,2.189,2.0,2.19,1696.0
1753531617085,12:06:57.085,BERA/USDT:USDT,2.188,398.0,2.187,3356.0,2.189,2.0,2.19,1696.0
1753531617521,12:06:57.521,BERA/USDT:USDT,2.188,398.0,2.187,3356.0,2.189,2.0,2.19,1696.0
1753531618268,12:06:58.268,BERA/USDT:USDT,2.188,402.0,2.187,3356.0,2.189,2.0,2.19,1696.0
1753531619055,12:06:59.055,BERA/USDT:USDT,2.188,400.0,2.187,3356.0,2.189,2.0,2.19,1696.0
1753531619237,12:06:59.237,BERA/USDT:USDT,2.188,402.0,2.187,3356.0,2.189,2.0,2.19,1696.0
1753531619633,12:06:59.633,BERA/USDT:USDT,2.188,400.0,2.187,3356.0,2.189,2.0,2.19,1696.0
1753531619807,12:06:59.807,BERA/USDT:USDT,2.188,402.0,2.187,3356.0,2.189,2.0,2.19,1696.0
1753531620045,12:07:00.045,BERA/USDT:USDT,2.188,398.0,2.187,3356.0,2.189,2.0,2.19,1696.0
1753531622322,12:07:02.322,BERA/USDT:USDT,2.188,398.0,2.187,3356.0,2.189,2.0,2.19,1696.0
1753531622780,12:07:02.780,BERA/USDT:USDT,2.188,200.0,2.187,3356.0,2.189,2.0,2.19,1696.0
1753531624640,12:07:04.640,BERA/USDT:USDT,2.188,200.0,2.187,3356.0,2.189,2.0,2.19,1696.0
1753531626511,12:07:06.511,BERA/USDT:USDT,2.188,200.0,2.187,3356.0,2.189,2.0,2.19,1696.0
1753531627125,12:07:07.125,BERA/USDT:USDT,2.188,200.0,2.187,3356.0,2.189,2.0,2.19,1696.0
1753531627579,12:07:07.579,BERA/USDT:USDT,2.187,3356.0,2.186,10633.0,2.189,4.0,2.19,1696.0
1753531627605,12:07:07.605,BERA/USDT:USDT,2.187,2058.0,2.186,6315.0,2.189,2.0,2.19,1705.0
1753531627685,12:07:07.685,BERA/USDT:USDT,2.187,2058.0,2.186,7863.0,2.189,2.0,2.19,1705.0
1753531630575,12:07:10.575,BERA/USDT:USDT,2.187,2058.0,2.186,7863.0,2.189,2.0,2.19,1705.0
1753531631922,12:07:11.922,BERA/USDT:USDT,2.187,2058.0,2.186,7863.0,2.189,2.0,2.19,1705.0
1753531633786,12:07:13.786,BERA/USDT:USDT,2.187,2058.0,2.186,7863.0,2.189,2.0,2.19,1705.0
1753531634948,12:07:14.948,BERA/USDT:USDT,2.187,2058.0,2.186,7863.0,2.189,2.0,2.19,1705.0
1753531636721,12:07:16.721,BERA/USDT:USDT,2.187,2058.0,2.186,7863.0,2.189,2.0,2.19,1705.0
1753531638705,12:07:18.705,BERA/USDT:USDT,2.187,2058.0,2.186,7863.0,2.189,2.0,2.19,1705.0
1753531641522,12:07:21.522,BERA/USDT:USDT,2.187,2058.0,2.186,7863.0,2.189,2.0,2.19,1705.0
1753531646321,12:07:26.321,BERA/USDT:USDT,2.187,2058.0,2.186,7863.0,2.189,2.0,2.19,1705.0
1753531647144,12:07:27.144,BERA/USDT:USDT,2.187,2058.0,2.186,7863.0,2.189,2.0,2.19,1216.0
1753531647233,12:07:27.233,BERA/USDT:USDT,2.187,2058.0,2.186,7863.0,2.189,2.0,2.19,2351.0
1753531648777,12:07:28.777,BERA/USDT:USDT,2.186,200.0,2.185,452.0,2.188,1086.0,2.189,2011.0
1753531648805,12:07:28.805,BERA/USDT:USDT,2.186,200.0,2.185,452.0,2.188,2221.0,2.189,1701.0
1753531649058,12:07:29.058,BERA/USDT:USDT,2.186,200.0,2.185,1594.0,2.188,2223.0,2.189,1701.0
1753531649748,12:07:29.748,BERA/USDT:USDT,2.186,200.0,2.185,1594.0,2.188,2223.0,2.189,1701.0
1753531649807,12:07:29.807,BERA/USDT:USDT,2.186,200.0,2.185,1460.0,2.188,1927.0,2.189,1701.0
1753531650277,12:07:30.277,BERA/USDT:USDT,2.186,200.0,2.185,1460.0,2.188,1927.0,2.189,1701.0
1753531651839,12:07:31.839,BERA/USDT:USDT,2.186,200.0,2.185,1826.0,2.188,1927.0,2.189,1701.0
1753531652165,12:07:32.165,BERA/USDT:USDT,2.186,319.0,2.185,951.0,2.188,1925.0,2.189,1701.0
1753531652323,12:07:32.323,BERA/USDT:USDT,2.186,319.0,2.185,951.0,2.188,1925.0,2.189,1701.0
1753531652575,12:07:32.575,BERA/USDT:USDT,2.186,519.0,2.185,1151.0,2.188,1915.0,2.189,1691.0
1753531652585,12:07:32.585,BERA/USDT:USDT,2.186,615.0,2.185,1151.0,2.188,1915.0,2.189,1691.0
1753531652834,12:07:32.834,BERA/USDT:USDT,2.186,615.0,2.185,1151.0,2.188,1915.0,2.189,1691.0
1753531652896,12:07:32.896,BERA/USDT:USDT,2.186,400.0,2.185,1151.0,2.188,1925.0,2.189,1701.0
1753531653094,12:07:33.094,BERA/USDT:USDT,2.186,400.0,2.185,1151.0,2.188,1925.0,2.189,1701.0
1753531653190,12:07:33.190,BERA/USDT:USDT,2.186,630.0,2.185,1151.0,2.188,1915.0,2.189,1691.0
1753531653670,12:07:33.670,BERA/USDT:USDT,2.186,400.0,2.185,1151.0,2.188,1925.0,2.189,1701.0
1753531655248,12:07:35.248,BERA/USDT:USDT,2.186,200.0,2.185,1151.0,2.188,1925.0,2.189,1701.0
1753531655525,12:07:35.525,BERA/USDT:USDT,2.186,200.0,2.185,2840.0,2.188,2522.0,2.189,1409.0
1753531656279,12:07:36.279,BERA/USDT:USDT,2.185,2840.0,2.184,15441.0,2.187,319.0,2.188,2521.0
1753531656374,12:07:36.374,BERA/USDT:USDT,2.185,2087.0,2.184,5805.0,2.187,319.0,2.188,2521.0
1753531656385,12:07:36.385,BERA/USDT:USDT,2.185,2087.0,2.184,7638.0,2.187,319.0,2.188,2521.0
1753531656518,12:07:36.518,BERA/USDT:USDT,2.185,2087.0,2.184,7638.0,2.187,319.0,2.188,2521.0
1753531656592,12:07:36.592,BERA/USDT:USDT,2.185,2087.0,2.184,7638.0,2.187,319.0,2.188,2521.0
1753531657150,12:07:37.150,BERA/USDT:USDT,2.185,2087.0,2.184,7638.0,2.187,544.0,2.188,2521.0
1753531660258,12:07:40.258,BERA/USDT:USDT,2.185,2087.0,2.184,7638.0,2.187,544.0,2.188,2521.0
1753531660625,12:07:40.625,BERA/USDT:USDT,2.185,2087.0,2.184,7638.0,2.187,344.0,2.188,2521.0
1753531660758,12:07:40.758,BERA/USDT:USDT,2.185,2087.0,2.184,7638.0,2.187,344.0,2.188,2521.0
1753531660831,12:07:40.831,BERA/USDT:USDT,2.185,2087.0,2.184,7638.0,2.187,344.0,2.188,2521.0
1753531661922,12:07:41.922,BERA/USDT:USDT,2.185,2087.0,2.184,7638.0,2.187,344.0,2.188,2521.0
1753531663364,12:07:43.364,BERA/USDT:USDT,2.185,2087.0,2.184,7638.0,2.188,2521.0,2.189,1684.0
1753531663392,12:07:43.392,BERA/USDT:USDT,2.185,2087.0,2.184,7638.0,2.187,292.0,2.188,2521.0
1753531663489,12:07:43.489,BERA/USDT:USDT,2.185,2087.0,2.184,7638.0,2.187,290.0,2.188,2521.0
1753531665759,12:07:45.759,BERA/USDT:USDT,2.185,2087.0,2.184,7638.0,2.187,290.0,2.188,2521.0
1753531665919,12:07:45.919,BERA/USDT:USDT,2.185,2087.0,2.184,7638.0,2.188,2521.0,2.189,1684.0
1753531666082,12:07:46.082,BERA/USDT:USDT,2.185,2087.0,2.184,7638.0,2.187,2.0,2.188,2521.0
1753531666086,12:07:46.086,BERA/USDT:USDT,2.185,2089.0,2.184,7638.0,2.187,2.0,2.188,2521.0
1753531666260,12:07:46.260,BERA/USDT:USDT,2.185,2089.0,2.184,7638.0,2.187,2.0,2.188,2521.0
1753531666308,12:07:46.308,BERA/USDT:USDT,2.186,408.0,2.185,2087.0,2.187,2.0,2.188,2521.0
1753531666470,12:07:46.470,BERA/USDT:USDT,2.186,408.0,2.185,3276.0,2.187,2.0,2.188,1915.0
1753531666496,12:07:46.496,BERA/USDT:USDT,2.186,408.0,2.185,3276.0,2.187,2.0,2.188,1915.0
1753531666724,12:07:46.724,BERA/USDT:USDT,2.186,408.0,2.185,3276.0,2.187,2.0,2.188,1915.0
1753531667013,12:07:47.013,BERA/USDT:USDT,2.186,408.0,2.185,3276.0,2.187,2.0,2.188,1915.0
1753531667472,12:07:47.472,BERA/USDT:USDT,2.186,408.0,2.185,3276.0,2.187,2.0,2.188,1915.0
1753531667515,12:07:47.515,BERA/USDT:USDT,2.186,408.0,2.185,3276.0,2.187,2.0,2.188,1915.0
1753531668324,12:07:48.324,BERA/USDT:USDT,2.186,406.0,2.185,3276.0,2.187,2.0,2.188,1915.0
1753531668792,12:07:48.792,BERA/USDT:USDT,2.186,408.0,2.185,3276.0,2.187,2.0,2.188,1915.0
1753531669605,12:07:49.605,BERA/USDT:USDT,2.186,408.0,2.185,3276.0,2.187,2.0,2.188,1915.0
1753531671523,12:07:51.523,BERA/USDT:USDT,2.186,408.0,2.185,3276.0,2.187,2.0,2.188,1915.0
1753531672475,12:07:52.475,BERA/USDT:USDT,2.186,406.0,2.185,3276.0,2.187,2.0,2.188,1915.0
1753531672656,12:07:52.656,BERA/USDT:USDT,2.186,408.0,2.185,3276.0,2.187,2.0,2.188,1915.0
1753531676349,12:07:56.349,BERA/USDT:USDT,2.186,408.0,2.185,6308.0,2.187,2.0,2.188,1915.0
1753531679212,12:07:59.212,BERA/USDT:USDT,2.186,406.0,2.185,6308.0,2.187,2.0,2.188,1915.0
1753531679565,12:07:59.565,BERA/USDT:USDT,2.186,408.0,2.185,6308.0,2.187,2.0,2.188,1915.0
1753531679948,12:07:59.948,BERA/USDT:USDT,2.186,1550.0,2.185,6308.0,2.188,1642.0,2.189,1975.0
1753531680006,12:08:00.006,BERA/USDT:USDT,2.186,1550.0,2.185,6308.0,2.188,1442.0,2.189,1975.0
1753531680180,12:08:00.180,BERA/USDT:USDT,2.186,1550.0,2.185,6308.0,2.188,1442.0,2.189,1975.0
1753531680265,12:08:00.265,BERA/USDT:USDT,2.186,2689.0,2.185,5129.0,2.188,307.0,2.189,3114.0
1753531680828,12:08:00.828,BERA/USDT:USDT,2.186,2689.0,2.185,5129.0,2.188,307.0,2.189,3114.0
1753531681123,12:08:01.123,BERA/USDT:USDT,2.186,2689.0,2.185,5129.0,2.188,307.0,2.189,3114.0
1753531681420,12:08:01.420,BERA/USDT:USDT,2.186,2689.0,2.185,5129.0,2.188,307.0,2.189,3114.0
1753531683418,12:08:03.418,BERA/USDT:USDT,2.187,395.0,2.186,2687.0,2.189,3105.0,2.19,2126.0
1753531683565,12:08:03.565,BERA/USDT:USDT,2.187,395.0,2.186,3835.0,2.189,2821.0,2.19,1031.0
1753531684206,12:08:04.206,BERA/USDT:USDT,2.187,395.0,2.186,3835.0,2.189,2821.0,2.19,1031.0
1753531684836,12:08:04.836,BERA/USDT:USDT,2.187,395.0,2.186,3835.0,2.189,2821.0,2.19,1031.0
1753531687123,12:08:07.123,BERA/USDT:USDT,2.187,395.0,2.186,3835.0,2.189,2821.0,2.19,1031.0
1753531688266,12:08:08.266,BERA/USDT:USDT,2.187,395.0,2.186,3835.0,2.189,2821.0,2.19,1031.0
1753531688285,12:08:08.285,BERA/USDT:USDT,2.187,395.0,2.186,3835.0,2.189,2821.0,2.19,1031.0
1753531688549,12:08:08.549,BERA/USDT:USDT,2.187,814.0,2.186,3835.0,2.189,2821.0,2.19,1031.0
1753531690254,12:08:10.254,BERA/USDT:USDT,2.187,395.0,2.186,3835.0,2.189,2821.0,2.19,1031.0
1753531691923,12:08:11.923,BERA/USDT:USDT,2.187,395.0,2.186,3835.0,2.189,2821.0,2.19,1031.0
1753531693177,12:08:13.177,BERA/USDT:USDT,2.187,395.0,2.186,2696.0,2.189,2821.0,2.19,1031.0
1753531695618,12:08:15.618,BERA/USDT:USDT,2.187,395.0,2.186,2696.0,2.189,2821.0,2.19,1031.0
1753531696425,12:08:16.425,BERA/USDT:USDT,2.187,395.0,2.186,1546.0,2.189,2821.0,2.19,1031.0
1753531696724,12:08:16.724,BERA/USDT:USDT,2.187,395.0,2.186,1546.0,2.189,2821.0,2.19,1031.0
1753531699481,12:08:19.481,BERA/USDT:USDT,2.187,195.0,2.186,1546.0,2.189,2821.0,2.19,1031.0
1753531699497,12:08:19.497,BERA/USDT:USDT,2.186,1546.0,2.185,8287.0,2.189,2830.0,2.19,1022.0
1753531699626,12:08:19.626,BERA/USDT:USDT,2.187,2.0,2.186,1042.0,2.188,323.0,2.189,2830.0
1753531699685,12:08:19.685,BERA/USDT:USDT,2.187,2.0,2.186,1042.0,2.188,323.0,2.189,2830.0
1753531701470,12:08:21.470,BERA/USDT:USDT,2.187,2.0,2.186,1042.0,2.188,202.0,2.189,2830.0
1753531701547,12:08:21.547,BERA/USDT:USDT,2.187,2.0,2.186,1042.0,2.188,202.0,2.189,2830.0
1753531701758,12:08:21.758,BERA/USDT:USDT,2.187,205.0,2.186,1042.0,2.189,2821.0,2.19,1347.0
1753531701808,12:08:21.808,BERA/USDT:USDT,2.187,203.0,2.186,2711.0,2.189,2821.0,2.19,1347.0
1753531702059,12:08:22.059,BERA/USDT:USDT,2.187,203.0,2.186,2711.0,2.189,2821.0,2.19,1347.0
1753531706345,12:08:26.345,BERA/USDT:USDT,2.187,203.0,2.186,2711.0,2.189,2821.0,2.19,1347.0
1753531707282,12:08:27.282,BERA/USDT:USDT,2.186,2711.0,2.185,4025.0,2.188,1222.0,2.189,2233.0
1753531707311,12:08:27.311,BERA/USDT:USDT,2.186,1042.0,2.185,5258.0,2.188,1222.0,2.189,2233.0
1753531707645,12:08:27.645,BERA/USDT:USDT,2.186,1042.0,2.185,5258.0,2.188,1222.0,2.189,2233.0
1753531707709,12:08:27.709,BERA/USDT:USDT,2.186,1042.0,2.185,5531.0,2.188,1222.0,2.189,2233.0
1753531708630,12:08:28.630,BERA/USDT:USDT,2.186,1042.0,2.185,5531.0,2.188,1222.0,2.189,2233.0
1753531709766,12:08:29.766,BERA/USDT:USDT,2.186,1042.0,2.185,3497.0,2.188,425.0,2.189,2830.0
1753531709785,12:08:29.785,BERA/USDT:USDT,2.186,404.0,2.185,3497.0,2.188,425.0,2.189,2830.0
1753531710262,12:08:30.262,BERA/USDT:USDT,2.187,200.0,2.186,404.0,2.189,2821.0,2.19,1042.0
1753531710305,12:08:30.305,BERA/USDT:USDT,2.187,200.0,2.186,404.0,2.189,2821.0,2.19,1042.0
1753531710532,12:08:30.532,BERA/USDT:USDT,2.187,200.0,2.186,404.0,2.189,2821.0,2.19,1042.0
1753531711145,12:08:31.145,BERA/USDT:USDT,2.187,200.0,2.186,937.0,2.189,2821.0,2.19,726.0
1753531711900,12:08:31.900,BERA/USDT:USDT,2.187,400.0,2.186,937.0,2.189,2821.0,2.19,726.0
1753531712972,12:08:32.972,BERA/USDT:USDT,2.187,400.0,2.186,937.0,2.189,1660.0,2.19,1313.0
1753531713070,12:08:33.070,BERA/USDT:USDT,2.187,519.0,2.186,937.0,2.189,1660.0,2.19,1313.0
1753531713709,12:08:33.709,BERA/USDT:USDT,2.187,519.0,2.186,937.0,2.189,1660.0,2.19,1679.0
1753531714481,12:08:34.481,BERA/USDT:USDT,2.187,519.0,2.186,937.0,2.189,1660.0,2.19,1679.0
1753531714554,12:08:34.554,BERA/USDT:USDT,2.187,519.0,2.186,937.0,2.189,1670.0,2.19,1689.0
1753531714877,12:08:34.877,BERA/USDT:USDT,2.187,519.0,2.186,3169.0,2.189,2267.0,2.19,1092.0
1753531714885,12:08:34.885,BERA/USDT:USDT,2.187,519.0,2.186,3169.0,2.189,2267.0,2.19,1092.0
1753531715043,12:08:35.043,BERA/USDT:USDT,2.187,519.0,2.186,3169.0,2.189,1670.0,2.19,1689.0
1753531715181,12:08:35.181,BERA/USDT:USDT,2.186,937.0,2.185,1688.0,2.189,2276.0,2.19,1283.0
1753531715237,12:08:35.237,BERA/USDT:USDT,2.187,2.0,2.186,404.0,2.189,2276.0,2.19,1283.0
1753531715305,12:08:35.305,BERA/USDT:USDT,2.187,2.0,2.186,700.0,2.189,2276.0,2.19,1283.0
1753531715821,12:08:35.821,BERA/USDT:USDT,2.187,2.0,2.186,700.0,2.189,2276.0,2.19,1283.0
1753531715925,12:08:35.925,BERA/USDT:USDT,2.187,2.0,2.186,700.0,2.189,2276.0,2.19,1283.0
1753531718238,12:08:38.238,BERA/USDT:USDT,2.187,2.0,2.186,819.0,2.188,1274.0,2.189,1679.0
1753531718332,12:08:38.332,BERA/USDT:USDT,2.187,2.0,2.186,204.0,2.188,1274.0,2.189,1679.0
1753531718518,12:08:38.518,BERA/USDT:USDT,2.187,2.0,2.185,1149.0,2.188,1283.0,2.189,1670.0
1753531718627,12:08:38.627,BERA/USDT:USDT,2.186,2.0,2.185,1149.0,2.187,1136.0,2.188,1283.0
1753531718830,12:08:38.830,BERA/USDT:USDT,2.186,2.0,2.185,1149.0,2.187,1136.0,2.188,1283.0
1753531718907,12:08:38.907,BERA/USDT:USDT,2.186,4.0,2.185,1149.0,2.187,1136.0,2.188,1283.0
1753531719073,12:08:39.073,BERA/USDT:USDT,2.186,2.0,2.185,783.0,2.187,1136.0,2.188,1283.0
1753531719378,12:08:39.378,BERA/USDT:USDT,2.186,2.0,2.185,1149.0,2.187,1136.0,2.188,1283.0
1753531719463,12:08:39.463,BERA/USDT:USDT,2.186,2.0,2.185,1149.0,2.187,1136.0,2.188,1283.0
1753531719904,12:08:39.904,BERA/USDT:USDT,2.186,2.0,2.185,1149.0,2.187,1136.0,2.188,1283.0
1753531720725,12:08:40.725,BERA/USDT:USDT,2.186,2.0,2.185,1149.0,2.187,1136.0,2.188,1283.0
1753531721244,12:08:41.244,BERA/USDT:USDT,2.186,2.0,2.185,1149.0,2.187,1136.0,2.188,1283.0
1753531721458,12:08:41.458,BERA/USDT:USDT,2.186,2.0,2.185,1149.0,2.187,1136.0,2.188,1283.0
1753531721783,12:08:41.783,BERA/USDT:USDT,2.186,2.0,2.185,1149.0,2.187,1336.0,2.188,1283.0
1753531722481,12:08:42.481,BERA/USDT:USDT,2.186,4.0,2.185,1149.0,2.187,1136.0,2.188,1283.0
1753531722486,12:08:42.486,BERA/USDT:USDT,2.186,2.0,2.185,1149.0,2.187,1136.0,2.188,1283.0
1753531722706,12:08:42.706,BERA/USDT:USDT,2.186,6.0,2.185,2536.0,2.187,1136.0,2.188,1402.0
1753531723016,12:08:43.016,BERA/USDT:USDT,2.186,6.0,2.185,2536.0,2.187,1136.0,2.188,1402.0
1753531725526,12:08:45.526,BERA/USDT:USDT,2.186,6.0,2.185,2536.0,2.187,1136.0,2.188,1402.0
1753531726436,12:08:46.436,BERA/USDT:USDT,2.186,6.0,2.185,2536.0,2.187,1136.0,2.188,1402.0
1753531726509,12:08:46.509,BERA/USDT:USDT,2.186,2.0,2.185,2536.0,2.187,1136.0,2.188,1402.0
1753531726728,12:08:46.728,BERA/USDT:USDT,2.186,2.0,2.185,2536.0,2.187,1336.0,2.188,1402.0
1753531727019,12:08:47.019,BERA/USDT:USDT,2.186,2.0,2.185,2536.0,2.187,1336.0,2.188,1402.0
1753531727155,12:08:47.155,BERA/USDT:USDT,2.186,2.0,2.185,2536.0,2.187,1336.0,2.188,1402.0
1753531727379,12:08:47.379,BERA/USDT:USDT,2.186,2.0,2.185,199.0,2.187,1338.0,2.188,1400.0
1753531727475,12:08:47.475,BERA/USDT:USDT,2.186,2.0,2.185,1093.0,2.187,1340.0,2.188,1528.0
1753531727574,12:08:47.574,BERA/USDT:USDT,2.186,2.0,2.185,1093.0,2.187,1338.0,2.188,1416.0
1753531727716,12:08:47.716,BERA/USDT:USDT,2.186,2.0,2.185,1293.0,2.187,1338.0,2.188,1416.0
1753531727906,12:08:47.906,BERA/USDT:USDT,2.186,2.0,2.185,1293.0,2.187,1336.0,2.188,1416.0
1753531728008,12:08:48.008,BERA/USDT:USDT,2.186,2.0,2.185,1293.0,2.187,1336.0,2.188,1416.0
1753531728160,12:08:48.160,BERA/USDT:USDT,2.186,2.0,2.185,1293.0,2.187,1338.0,2.188,1416.0
1753531728356,12:08:48.356,BERA/USDT:USDT,2.186,2.0,2.185,1293.0,2.187,1340.0,2.188,1416.0
1753531728458,12:08:48.458,BERA/USDT:USDT,2.186,2.0,2.185,1293.0,2.187,1340.0,2.188,1416.0
1753531728960,12:08:48.960,BERA/USDT:USDT,2.186,2.0,2.185,1293.0,2.187,1336.0,2.188,1416.0
1753531729671,12:08:49.671,BERA/USDT:USDT,2.186,2.0,2.185,1293.0,2.187,1340.0,2.188,1416.0
1753531729925,12:08:49.925,BERA/USDT:USDT,2.186,2.0,2.185,1293.0,2.187,1336.0,2.188,1416.0
1753531730265,12:08:50.265,BERA/USDT:USDT,2.186,2.0,2.185,1293.0,2.187,1340.0,2.188,1546.0
1753531731366,12:08:51.366,BERA/USDT:USDT,2.186,2.0,2.185,1293.0,2.187,1340.0,2.188,1912.0
1753531734157,12:08:54.157,BERA/USDT:USDT,2.186,2.0,2.185,1293.0,2.187,1340.0,2.188,1912.0
1753531735776,12:08:55.776,BERA/USDT:USDT,2.186,2.0,2.185,1293.0,2.187,1136.0,2.188,1912.0
1753531735865,12:08:55.865,BERA/USDT:USDT,2.186,2.0,2.185,1293.0,2.187,1140.0,2.188,1782.0
1753531735886,12:08:55.886,BERA/USDT:USDT,2.186,2.0,2.185,1293.0,2.187,1136.0,2.188,1782.0
1753531736156,12:08:56.156,BERA/USDT:USDT,2.186,2.0,2.185,1293.0,2.187,1140.0,2.188,1782.0
1753531736421,12:08:56.421,BERA/USDT:USDT,2.186,2.0,2.185,1293.0,2.187,1138.0,2.188,1782.0
1753531736561,12:08:56.561,BERA/USDT:USDT,2.186,2.0,2.185,1293.0,2.187,1138.0,2.188,1782.0
1753531736672,12:08:56.672,BERA/USDT:USDT,2.186,2.0,2.185,1293.0,2.187,1140.0,2.188,1782.0
1753531736727,12:08:56.727,BERA/USDT:USDT,2.186,2.0,2.185,1293.0,2.187,1138.0,2.188,1782.0
1753531736970,12:08:56.970,BERA/USDT:USDT,2.186,2.0,2.185,1293.0,2.187,1136.0,2.188,1782.0
1753531737030,12:08:57.030,BERA/USDT:USDT,2.186,2.0,2.185,1293.0,2.187,1140.0,2.188,1782.0
1753531737099,12:08:57.099,BERA/USDT:USDT,2.186,2.0,2.185,1293.0,2.187,1140.0,2.188,1782.0
1753531737407,12:08:57.407,BERA/USDT:USDT,2.186,2.0,2.185,1293.0,2.187,1138.0,2.188,1782.0
1753531737656,12:08:57.656,BERA/USDT:USDT,2.186,2.0,2.185,1293.0,2.187,1138.0,2.188,1782.0
1753531737719,12:08:57.719,BERA/USDT:USDT,2.186,2.0,2.185,1293.0,2.187,1140.0,2.188,1782.0
1753531738956,12:08:58.956,BERA/USDT:USDT,2.186,2.0,2.185,1293.0,2.187,1140.0,2.188,1782.0
1753531739024,12:08:59.024,BERA/USDT:USDT,2.186,2.0,2.185,1293.0,2.187,1140.0,2.188,1912.0
1753531739778,12:08:59.778,BERA/USDT:USDT,2.186,2.0,2.185,1293.0,2.187,1138.0,2.188,1912.0
1753531739829,12:08:59.829,BERA/USDT:USDT,2.186,2.0,2.185,1293.0,2.187,1140.0,2.188,1912.0
1753531740805,12:09:00.805,BERA/USDT:USDT,2.186,2.0,2.185,1293.0,2.187,1140.0,2.188,1782.0
1753531740926,12:09:00.926,BERA/USDT:USDT,2.186,2.0,2.185,1293.0,2.187,1140.0,2.188,1782.0
1753531741357,12:09:01.357,BERA/USDT:USDT,2.186,2.0,2.185,1293.0,2.187,1136.0,2.188,1782.0
1753531741421,12:09:01.421,BERA/USDT:USDT,2.186,2.0,2.185,1293.0,2.187,1140.0,2.188,1782.0
1753531741563,12:09:01.563,BERA/USDT:USDT,2.186,2.0,2.185,1293.0,2.187,1136.0,2.188,1782.0
1753531741655,12:09:01.655,BERA/USDT:USDT,2.186,2.0,2.185,1293.0,2.187,1140.0,2.188,1782.0
1753531742025,12:09:02.025,BERA/USDT:USDT,2.186,2.0,2.185,1293.0,2.187,1140.0,2.188,1912.0
1753531742553,12:09:02.553,BERA/USDT:USDT,2.186,2.0,2.185,1293.0,2.187,1340.0,2.188,1912.0
1753531742960,12:09:02.960,BERA/USDT:USDT,2.186,2.0,2.185,1293.0,2.187,1336.0,2.188,1912.0
1753531743481,12:09:03.481,BERA/USDT:USDT,2.186,2.0,2.185,1293.0,2.187,1336.0,2.188,1912.0
1753531743537,12:09:03.537,BERA/USDT:USDT,2.186,2.0,2.185,1293.0,2.187,1336.0,2.188,1912.0
1753531743732,12:09:03.732,BERA/USDT:USDT,2.186,2.0,2.185,1293.0,2.187,1340.0,2.188,1912.0
1753531743853,12:09:03.853,BERA/USDT:USDT,2.186,2.0,2.185,1293.0,2.187,1336.0,2.188,1912.0
1753531743921,12:09:03.921,BERA/USDT:USDT,2.186,2.0,2.185,1293.0,2.187,1136.0,2.188,1912.0
1753531744080,12:09:04.080,BERA/USDT:USDT,2.186,2.0,2.185,1293.0,2.187,1136.0,2.188,1912.0
1753531744105,12:09:04.105,BERA/USDT:USDT,2.186,2.0,2.185,1293.0,2.187,1136.0,2.188,1782.0
1753531744345,12:09:04.345,BERA/USDT:USDT,2.186,2.0,2.185,1293.0,2.187,1136.0,2.188,1782.0
1753531744383,12:09:04.383,BERA/USDT:USDT,2.186,2.0,2.185,1293.0,2.187,1136.0,2.188,1782.0
1753531744641,12:09:04.641,BERA/USDT:USDT,2.186,2.0,2.185,1293.0,2.187,1140.0,2.188,1782.0
1753531744828,12:09:04.828,BERA/USDT:USDT,2.186,2.0,2.185,1293.0,2.187,1140.0,2.188,1782.0
1753531745025,12:09:05.025,BERA/USDT:USDT,2.186,2.0,2.185,1293.0,2.187,1140.0,2.188,1912.0
1753531745212,12:09:05.212,BERA/USDT:USDT,2.186,2.0,2.185,1293.0,2.187,1136.0,2.188,1912.0
1753531745477,12:09:05.477,BERA/USDT:USDT,2.186,2.0,2.185,1293.0,2.187,1138.0,2.188,1912.0
1753531745534,12:09:05.534,BERA/USDT:USDT,2.186,2.0,2.185,1293.0,2.187,1140.0,2.188,1912.0
1753531745726,12:09:05.726,BERA/USDT:USDT,2.186,2.0,2.185,1293.0,2.187,1140.0,2.188,1912.0
1753531746504,12:09:06.504,BERA/USDT:USDT,2.186,2.0,2.185,1293.0,2.187,1340.0,2.188,1912.0
1753531748570,12:09:08.570,BERA/USDT:USDT,2.186,2.0,2.185,1293.0,2.187,1340.0,2.188,1912.0
1753531748925,12:09:08.925,BERA/USDT:USDT,2.186,2.0,2.185,399.0,2.187,1340.0,2.188,1185.0
1753531749018,12:09:09.018,BERA/USDT:USDT,2.186,2.0,2.185,399.0,2.187,1340.0,2.188,1185.0
1753531749141,12:09:09.141,BERA/USDT:USDT,2.186,2.0,2.185,399.0,2.187,1338.0,2.188,1185.0
1753531749474,12:09:09.474,BERA/USDT:USDT,2.186,2.0,2.185,399.0,2.187,1338.0,2.188,1185.0
1753531750457,12:09:10.457,BERA/USDT:USDT,2.186,2.0,2.185,1.0,2.187,1349.0,2.188,1773.0
1753531750574,12:09:10.574,BERA/USDT:USDT,2.185,3.0,2.184,1809.0,2.187,1845.0,2.188,1773.0
1753531750665,12:09:10.665,BERA/USDT:USDT,2.185,3.0,2.184,1013.0,2.187,1845.0,2.188,1773.0
1753531751779,12:09:11.779,BERA/USDT:USDT,2.185,3.0,2.184,1013.0,2.186,404.0,2.187,1851.0
1753531751878,12:09:11.878,BERA/USDT:USDT,2.185,3.0,2.184,672.0,2.186,677.0,2.187,1851.0
1753531751885,12:09:11.885,BERA/USDT:USDT,2.185,3.0,2.184,932.0,2.186,677.0,2.187,1851.0
1753531752074,12:09:12.074,BERA/USDT:USDT,2.185,3.0,2.184,932.0,2.186,677.0,2.187,1851.0
1753531752162,12:09:12.162,BERA/USDT:USDT,2.185,3.0,2.184,932.0,2.186,404.0,2.187,1851.0
1753531752250,12:09:12.250,BERA/USDT:USDT,2.185,3.0,2.184,932.0,2.186,402.0,2.187,1851.0
1753531752477,12:09:12.477,BERA/USDT:USDT,2.185,3.0,2.184,932.0,2.186,402.0,2.187,1851.0
1753531752577,12:09:12.577,BERA/USDT:USDT,2.185,3.0,2.184,932.0,2.186,404.0,2.187,1851.0
1753531752990,12:09:12.990,BERA/USDT:USDT,2.185,3.0,2.184,932.0,2.186,402.0,2.187,1851.0
1753531753462,12:09:13.462,BERA/USDT:USDT,2.185,3.0,2.184,932.0,2.186,404.0,2.187,1851.0
1753531753690,12:09:13.690,BERA/USDT:USDT,2.185,3.0,2.184,932.0,2.186,404.0,2.187,1851.0
1753531753784,12:09:13.784,BERA/USDT:USDT,2.185,3.0,2.184,932.0,2.186,404.0,2.187,1851.0
1753531754106,12:09:14.106,BERA/USDT:USDT,2.185,3.0,2.184,932.0,2.186,402.0,2.187,1851.0
1753531754236,12:09:14.236,BERA/USDT:USDT,2.185,3.0,2.184,932.0,2.186,404.0,2.187,1851.0
1753531755062,12:09:15.062,BERA/USDT:USDT,2.185,3.0,2.184,932.0,2.186,400.0,2.187,1851.0
1753531755161,12:09:15.161,BERA/USDT:USDT,2.185,3.0,2.184,932.0,2.186,400.0,2.187,1851.0
1753531755255,12:09:15.255,BERA/USDT:USDT,2.185,3.0,2.184,395.0,2.186,1274.0,2.187,1851.0
1753531755380,12:09:15.380,BERA/USDT:USDT,2.185,3.0,2.184,395.0,2.186,1274.0,2.187,1851.0
1753531755401,12:09:15.401,BERA/USDT:USDT,2.185,3.0,2.184,395.0,2.186,1274.0,2.187,1851.0
1753531755620,12:09:15.620,BERA/USDT:USDT,2.185,3.0,2.184,395.0,2.186,1640.0,2.187,1851.0
1753531755981,12:09:15.981,BERA/USDT:USDT,2.185,3.0,2.184,395.0,2.186,1638.0,2.187,1851.0
1753531756122,12:09:16.122,BERA/USDT:USDT,2.185,3.0,2.184,395.0,2.186,1640.0,2.187,1851.0
1753531756305,12:09:16.305,BERA/USDT:USDT,2.185,3.0,2.184,745.0,2.186,1640.0,2.187,1851.0
1753531756445,12:09:16.445,BERA/USDT:USDT,2.185,3.0,2.184,610.0,2.186,1638.0,2.187,1851.0
1753531756507,12:09:16.507,BERA/USDT:USDT,2.185,3.0,2.184,395.0,2.186,1640.0,2.187,1851.0
1753531756611,12:09:16.611,BERA/USDT:USDT,2.185,3.0,2.184,395.0,2.186,1640.0,2.187,1851.0
1753531757232,12:09:17.232,BERA/USDT:USDT,2.185,3.0,2.184,200.0,2.186,1640.0,2.187,1851.0
1753531758536,12:09:18.536,BERA/USDT:USDT,2.185,3.0,2.184,430.0,2.186,1636.0,2.187,1851.0
1753531759852,12:09:19.852,BERA/USDT:USDT,2.185,3.0,2.184,200.0,2.186,1640.0,2.187,1851.0
1753531760127,12:09:20.127,BERA/USDT:USDT,2.185,3.0,2.184,200.0,2.186,1640.0,2.187,1851.0
1753531760348,12:09:20.348,BERA/USDT:USDT,2.185,3.0,2.184,200.0,2.186,1640.0,2.187,1851.0
1753531760539,12:09:20.539,BERA/USDT:USDT,2.185,3.0,2.184,200.0,2.186,1640.0,2.187,1851.0
1753531760655,12:09:20.655,BERA/USDT:USDT,2.185,3.0,2.184,200.0,2.186,1640.0,2.187,1851.0
1753531761072,12:09:21.072,BERA/USDT:USDT,2.185,3.0,2.183,800.0,2.186,1649.0,2.187,1842.0
1753531761089,12:09:21.089,BERA/USDT:USDT,2.185,1.0,2.184,2.0,2.186,1649.0,2.187,1842.0
1753531761344,12:09:21.344,BERA/USDT:USDT,2.185,1.0,2.184,2.0,2.186,1649.0,2.187,1842.0
1753531761468,12:09:21.468,BERA/USDT:USDT,2.185,1.0,2.184,2.0,2.186,1647.0,2.187,1842.0
1753531761501,12:09:21.501,BERA/USDT:USDT,2.185,1.0,2.184,2.0,2.186,1649.0,2.187,1842.0
1753531761649,12:09:21.649,BERA/USDT:USDT,2.185,1.0,2.184,2.0,2.186,1052.0,2.187,1842.0
1753531761775,12:09:21.775,BERA/USDT:USDT,2.185,1.0,2.184,2.0,2.186,1050.0,2.187,2439.0
1753531761820,12:09:21.820,BERA/USDT:USDT,2.185,1.0,2.184,2.0,2.186,1052.0,2.187,2439.0
1753531762024,12:09:22.024,BERA/USDT:USDT,2.185,1.0,2.184,2.0,2.186,1052.0,2.187,2439.0
1753531762650,12:09:22.650,BERA/USDT:USDT,2.185,1.0,2.184,2.0,2.186,1052.0,2.187,2439.0
1753531763273,12:09:23.273,BERA/USDT:USDT,2.185,1.0,2.184,2.0,2.186,1649.0,2.187,1842.0
1753531763338,12:09:23.338,BERA/USDT:USDT,2.185,1.0,2.184,2.0,2.186,1649.0,2.187,1842.0
1753531763774,12:09:23.774,BERA/USDT:USDT,2.185,1.0,2.184,2.0,2.186,1649.0,2.187,1842.0
1753531763828,12:09:23.828,BERA/USDT:USDT,2.185,1.0,2.184,2.0,2.186,1649.0,2.187,1842.0
1753531764467,12:09:24.467,BERA/USDT:USDT,2.185,1.0,2.184,2.0,2.186,1647.0,2.187,1842.0
1753531764570,12:09:24.570,BERA/USDT:USDT,2.185,1.0,2.184,2.0,2.186,1647.0,2.187,1842.0
1753531764676,12:09:24.676,BERA/USDT:USDT,2.185,1.0,2.184,2.0,2.186,1649.0,2.187,1842.0
1753531765226,12:09:25.226,BERA/USDT:USDT,2.185,1.0,2.184,2.0,2.186,1649.0,2.187,1842.0
1753531765365,12:09:25.365,BERA/USDT:USDT,2.185,1.0,2.184,2.0,2.186,1649.0,2.187,1842.0
1753531765448,12:09:25.448,BERA/USDT:USDT,2.185,1.0,2.184,2.0,2.186,1667.0,2.187,1842.0
1753531765727,12:09:25.727,BERA/USDT:USDT,2.185,1.0,2.184,2.0,2.186,1667.0,2.187,1842.0
1753531766008,12:09:26.008,BERA/USDT:USDT,2.185,1.0,2.184,2.0,2.186,1667.0,2.187,2207.0
1753531767071,12:09:27.071,BERA/USDT:USDT,2.185,1.0,2.184,2.0,2.186,1667.0,2.187,2207.0
1753531767172,12:09:27.172,BERA/USDT:USDT,2.185,1.0,2.184,2.0,2.186,1667.0,2.187,2207.0
1753531767349,12:09:27.349,BERA/USDT:USDT,2.185,1.0,2.184,2.0,2.186,1667.0,2.187,2207.0
1753531767682,12:09:27.682,BERA/USDT:USDT,2.182,396.0,2.181,2182.0,2.184,1462.0,2.185,709.0
1753531767765,12:09:27.765,BERA/USDT:USDT,2.182,396.0,2.181,770.0,2.184,1462.0,2.185,709.0
1753531767880,12:09:27.880,BERA/USDT:USDT,2.182,396.0,2.181,770.0,2.184,1462.0,2.185,709.0
1753531767928,12:09:27.928,BERA/USDT:USDT,2.182,396.0,2.181,770.0,2.184,1600.0,2.185,906.0
1753531768081,12:09:28.081,BERA/USDT:USDT,2.182,396.0,2.181,770.0,2.184,1602.0,2.185,906.0
1753531768088,12:09:28.088,BERA/USDT:USDT,2.182,398.0,2.181,770.0,2.184,1604.0,2.185,906.0
1753531768268,12:09:28.268,BERA/USDT:USDT,2.182,396.0,2.181,889.0,2.184,1600.0,2.185,906.0
1753531768380,12:09:28.380,BERA/USDT:USDT,2.182,400.0,2.181,889.0,2.184,1600.0,2.185,906.0
1753531768856,12:09:28.856,BERA/USDT:USDT,2.182,400.0,2.181,889.0,2.184,1600.0,2.185,906.0
1753531768975,12:09:28.975,BERA/USDT:USDT,2.182,400.0,2.181,889.0,2.184,1600.0,2.185,906.0
1753531769102,12:09:29.102,BERA/USDT:USDT,2.182,400.0,2.181,889.0,2.184,1600.0,2.185,906.0
1753531770353,12:09:30.353,BERA/USDT:USDT,2.182,398.0,2.181,889.0,2.184,1464.0,2.185,906.0
1753531770444,12:09:30.444,BERA/USDT:USDT,2.182,400.0,2.181,889.0,2.184,1462.0,2.185,906.0
1753531770525,12:09:30.525,BERA/USDT:USDT,2.182,400.0,2.181,889.0,2.184,1466.0,2.185,906.0
1753531770585,12:09:30.585,BERA/USDT:USDT,2.182,398.0,2.181,889.0,2.184,1466.0,2.185,906.0
1753531770804,12:09:30.804,BERA/USDT:USDT,2.182,396.0,2.181,889.0,2.184,1466.0,2.185,906.0
1753531770975,12:09:30.975,BERA/USDT:USDT,2.182,400.0,2.181,889.0,2.184,1462.0,2.185,906.0
1753531771057,12:09:31.057,BERA/USDT:USDT,2.182,400.0,2.181,889.0,2.184,1466.0,2.185,906.0
1753531771237,12:09:31.237,BERA/USDT:USDT,2.182,400.0,2.181,889.0,2.184,1466.0,2.185,906.0
1753531771339,12:09:31.339,BERA/USDT:USDT,2.182,400.0,2.181,889.0,2.184,1462.0,2.185,906.0
1753531771685,12:09:31.685,BERA/USDT:USDT,2.182,400.0,2.181,889.0,2.184,1462.0,2.185,906.0
1753531771977,12:09:31.977,BERA/USDT:USDT,2.182,400.0,2.181,889.0,2.184,1462.0,2.185,906.0
1753531772066,12:09:32.066,BERA/USDT:USDT,2.182,400.0,2.181,889.0,2.184,1462.0,2.185,906.0
1753531772527,12:09:32.527,BERA/USDT:USDT,2.182,400.0,2.181,889.0,2.184,1462.0,2.185,906.0
1753531772880,12:09:32.880,BERA/USDT:USDT,2.182,204.0,2.181,889.0,2.184,1462.0,2.185,906.0
1753531772978,12:09:32.978,BERA/USDT:USDT,2.182,200.0,2.181,770.0,2.184,1462.0,2.185,906.0
1753531773030,12:09:33.030,BERA/USDT:USDT,2.182,200.0,2.181,770.0,2.184,1462.0,2.185,906.0
1753531773180,12:09:33.180,BERA/USDT:USDT,2.182,200.0,2.181,770.0,2.184,1462.0,2.185,906.0
1753531773249,12:09:33.249,BERA/USDT:USDT,2.181,770.0,2.18,874.0,2.184,1462.0,2.185,916.0
1753531773365,12:09:33.365,BERA/USDT:USDT,2.181,770.0,2.18,1281.0,2.183,2.0,2.184,2059.0
1753531773474,12:09:33.474,BERA/USDT:USDT,2.181,772.0,2.18,1281.0,2.183,2.0,2.184,2068.0
1753531773572,12:09:33.572,BERA/USDT:USDT,2.181,2006.0,2.18,7278.0,2.183,2.0,2.184,2068.0
1753531773674,12:09:33.674,BERA/USDT:USDT,2.181,2006.0,2.18,7278.0,2.183,2.0,2.184,2068.0
1753531773750,12:09:33.750,BERA/USDT:USDT,2.181,2006.0,2.18,7278.0,2.183,2.0,2.184,2068.0
1753531773789,12:09:33.789,BERA/USDT:USDT,2.181,2006.0,2.18,7278.0,2.183,2.0,2.184,2068.0
1753531773919,12:09:33.919,BERA/USDT:USDT,2.181,2008.0,2.18,7278.0,2.183,2.0,2.184,2068.0
1753531774252,12:09:34.252,BERA/USDT:USDT,2.182,204.0,2.181,2004.0,2.183,2.0,2.184,2068.0
1753531774369,12:09:34.369,BERA/USDT:USDT,2.182,204.0,2.181,2004.0,2.183,2.0,2.184,2059.0
1753531774650,12:09:34.650,BERA/USDT:USDT,2.182,204.0,2.181,2004.0,2.183,2.0,2.184,2059.0
1753531775500,12:09:35.500,BERA/USDT:USDT,2.182,400.0,2.181,2940.0,2.183,2.0,2.184,2059.0
1753531775882,12:09:35.882,BERA/USDT:USDT,2.182,400.0,2.181,2940.0,2.183,2.0,2.184,2059.0
1753531776322,12:09:36.322,BERA/USDT:USDT,2.182,400.0,2.181,2940.0,2.183,2.0,2.184,2059.0
1753531776530,12:09:36.530,BERA/USDT:USDT,2.182,631.0,2.181,2940.0,2.184,1859.0,2.185,1211.0
1753531776771,12:09:36.771,BERA/USDT:USDT,2.182,631.0,2.181,2940.0,2.184,1859.0,2.185,1211.0
1753531776822,12:09:36.822,BERA/USDT:USDT,2.182,631.0,2.181,2940.0,2.184,1859.0,2.185,1211.0
1753531777145,12:09:37.145,BERA/USDT:USDT,2.182,1597.0,2.181,7188.0,2.184,1262.0,2.185,1503.0
1753531777274,12:09:37.274,BERA/USDT:USDT,2.182,1597.0,2.181,7188.0,2.184,1143.0,2.185,1503.0
1753531777365,12:09:37.365,BERA/USDT:USDT,2.182,1597.0,2.181,8342.0,2.184,1143.0,2.185,1503.0
1753531777563,12:09:37.563,BERA/USDT:USDT,2.182,1597.0,2.181,8342.0,2.184,1143.0,2.185,1503.0
1753531778026,12:09:38.026,BERA/USDT:USDT,2.182,1597.0,2.181,8342.0,2.184,1143.0,2.185,1503.0
1753531778650,12:09:38.650,BERA/USDT:USDT,2.182,1597.0,2.181,8342.0,2.185,2657.0,2.186,1481.0
1753531778764,12:09:38.764,BERA/USDT:USDT,2.183,400.0,2.182,1595.0,2.185,2648.0,2.186,1490.0
1753531778829,12:09:38.829,BERA/USDT:USDT,2.183,398.0,2.182,3115.0,2.185,2648.0,2.186,1490.0
1753531779157,12:09:39.157,BERA/USDT:USDT,2.183,519.0,2.182,3113.0,2.185,2648.0,2.186,1490.0
1753531779221,12:09:39.221,BERA/USDT:USDT,2.183,400.0,2.182,3113.0,2.185,2648.0,2.186,1490.0
1753531779285,12:09:39.285,BERA/USDT:USDT,2.183,519.0,2.182,3113.0,2.185,2648.0,2.186,1490.0
1753531779465,12:09:39.465,BERA/USDT:USDT,2.183,885.0,2.182,1593.0,2.185,1654.0,2.186,1663.0
1753531779795,12:09:39.795,BERA/USDT:USDT,2.183,885.0,2.182,1593.0,2.185,1654.0,2.186,1663.0
1753531780005,12:09:40.005,BERA/USDT:USDT,2.183,885.0,2.182,1593.0,2.185,1654.0,2.186,1663.0
1753531780479,12:09:40.479,BERA/USDT:USDT,2.183,515.0,2.182,1593.0,2.185,2253.0,2.186,1066.0
1753531780511,12:09:40.511,BERA/USDT:USDT,2.183,398.0,2.182,1593.0,2.185,2056.0,2.186,1066.0
1753531780657,12:09:40.657,BERA/USDT:USDT,2.183,398.0,2.182,1593.0,2.185,2056.0,2.186,1066.0
1753531781025,12:09:41.025,BERA/USDT:USDT,2.183,517.0,2.182,1593.0,2.185,2056.0,2.186,1185.0
1753531781165,12:09:41.165,BERA/USDT:USDT,2.183,883.0,2.182,1593.0,2.185,1154.0,2.186,1293.0
1753531782127,12:09:42.127,BERA/USDT:USDT,2.183,883.0,2.182,1593.0,2.185,1154.0,2.186,1293.0
1753531782343,12:09:42.343,BERA/USDT:USDT,2.183,883.0,2.182,1593.0,2.185,1154.0,2.186,1293.0
1753531782573,12:09:42.573,BERA/USDT:USDT,2.183,883.0,2.182,1593.0,2.186,2449.0,2.187,1283.0
1753531782625,12:09:42.625,BERA/USDT:USDT,2.184,405.0,2.183,883.0,2.186,2440.0,2.187,1292.0
1753531782764,12:09:42.764,BERA/USDT:USDT,2.184,403.0,2.183,883.0,2.186,2440.0,2.187,1292.0
1753531782881,12:09:42.881,BERA/USDT:USDT,2.184,403.0,2.183,883.0,2.186,2440.0,2.187,1292.0
1753531782960,12:09:42.960,BERA/USDT:USDT,2.184,403.0,2.183,883.0,2.186,2440.0,2.187,1292.0
1753531783079,12:09:43.079,BERA/USDT:USDT,2.184,407.0,2.183,881.0,2.186,1574.0,2.187,685.0
1753531783170,12:09:43.170,BERA/USDT:USDT,2.184,718.0,2.183,881.0,2.186,1574.0,2.187,685.0
1753531783270,12:09:43.270,BERA/USDT:USDT,2.184,407.0,2.183,2037.0,2.186,1576.0,2.187,685.0
1753531783361,12:09:43.361,BERA/USDT:USDT,2.183,1214.0,2.182,2752.0,2.186,2469.0,2.187,1292.0
1753531783456,12:09:43.456,BERA/USDT:USDT,2.184,2.0,2.183,1216.0,2.185,319.0,2.186,2476.0
1753531783730,12:09:43.730,BERA/USDT:USDT,2.184,2.0,2.183,1216.0,2.185,323.0,2.186,2474.0
1753531783785,12:09:43.785,BERA/USDT:USDT,2.184,2.0,2.183,1216.0,2.185,321.0,2.186,2474.0
1753531783922,12:09:43.922,BERA/USDT:USDT,2.184,2.0,2.183,1216.0,2.185,319.0,2.186,2474.0
1753531784024,12:09:44.024,BERA/USDT:USDT,2.184,2.0,2.183,1216.0,2.185,319.0,2.186,2474.0
1753531784174,12:09:44.174,BERA/USDT:USDT,2.184,2.0,2.183,1216.0,2.185,319.0,2.186,2474.0
1753531784363,12:09:44.363,BERA/USDT:USDT,2.184,2.0,2.183,1216.0,2.185,319.0,2.186,2474.0
1753531784407,12:09:44.407,BERA/USDT:USDT,2.184,2.0,2.183,1216.0,2.185,319.0,2.186,2474.0
1753531784489,12:09:44.489,BERA/USDT:USDT,2.184,2.0,2.183,1216.0,2.185,319.0,2.186,2474.0
1753531784739,12:09:44.739,BERA/USDT:USDT,2.184,2.0,2.183,1216.0,2.185,202.0,2.186,2474.0
1753531785026,12:09:45.026,BERA/USDT:USDT,2.184,2.0,2.183,1216.0,2.185,202.0,2.186,2474.0
1753531785086,12:09:45.086,BERA/USDT:USDT,2.184,2.0,2.183,1216.0,2.185,204.0,2.186,2474.0
1753531785400,12:09:45.400,BERA/USDT:USDT,2.184,2.0,2.183,1216.0,2.185,200.0,2.186,2474.0
1753531785496,12:09:45.496,BERA/USDT:USDT,2.184,2.0,2.183,1216.0,2.185,200.0,2.186,2474.0
1753531786522,12:09:46.522,BERA/USDT:USDT,2.184,2.0,2.183,1216.0,2.186,2476.0,2.187,1104.0
1753531786691,12:09:46.691,BERA/USDT:USDT,2.184,2.0,2.183,1216.0,2.186,2476.0,2.187,1104.0
1753531786927,12:09:46.927,BERA/USDT:USDT,2.184,2.0,2.183,1216.0,2.186,2476.0,2.187,1104.0
1753531787868,12:09:47.868,BERA/USDT:USDT,2.184,2.0,2.183,1216.0,2.186,2476.0,2.187,1104.0
1753531788196,12:09:48.196,BERA/USDT:USDT,2.184,2.0,2.183,1216.0,2.186,2474.0,2.187,1104.0
1753531788840,12:09:48.840,BERA/USDT:USDT,2.184,2.0,2.183,1216.0,2.186,2476.0,2.187,1341.0
1753531788937,12:09:48.937,BERA/USDT:USDT,2.184,2.0,2.183,1216.0,2.186,2476.0,2.187,1341.0
1753531789438,12:09:49.438,BERA/USDT:USDT,2.184,2.0,2.183,1216.0,2.186,2476.0,2.187,1341.0
1753531790170,12:09:50.170,BERA/USDT:USDT,2.184,2.0,2.183,2084.0,2.186,2950.0,2.187,926.0
1753531790185,12:09:50.185,BERA/USDT:USDT,2.184,2.0,2.183,2084.0,2.186,2950.0,2.187,926.0
1753531791245,12:09:51.245,BERA/USDT:USDT,2.184,202.0,2.183,2082.0,2.186,2938.0,2.187,916.0
1753531791305,12:09:51.305,BERA/USDT:USDT,2.184,429.0,2.183,2082.0,2.186,2290.0,2.187,925.0
1753531791465,12:09:51.465,BERA/USDT:USDT,2.183,1214.0,2.182,4144.0,2.186,2299.0,2.187,916.0
1753531791525,12:09:51.525,BERA/USDT:USDT,2.184,2.0,2.183,1214.0,2.186,2299.0,2.187,916.0
1753531791608,12:09:51.608,BERA/USDT:USDT,2.184,4.0,2.183,2085.0,2.186,2301.0,2.187,916.0
1753531791728,12:09:51.728,BERA/USDT:USDT,2.184,2.0,2.183,2085.0,2.186,2301.0,2.187,916.0
1753531792157,12:09:52.157,BERA/USDT:USDT,2.183,2085.0,2.182,7176.0,2.186,2299.0,2.187,916.0
1753531792262,12:09:52.262,BERA/USDT:USDT,2.184,2.0,2.183,1214.0,2.186,2303.0,2.187,916.0
1753531792305,12:09:52.305,BERA/USDT:USDT,2.184,2.0,2.183,2082.0,2.186,2303.0,2.187,916.0
1753531792571,12:09:52.571,BERA/USDT:USDT,2.184,2.0,2.183,2082.0,2.186,2303.0,2.187,916.0
1753531793417,12:09:53.417,BERA/USDT:USDT,2.184,6.0,2.183,2082.0,2.186,2303.0,2.187,916.0
1753531793525,12:09:53.525,BERA/USDT:USDT,2.183,2082.0,2.182,7166.0,2.186,2301.0,2.187,916.0
1753531793606,12:09:53.606,BERA/USDT:USDT,2.184,2.0,2.183,1214.0,2.186,2303.0,2.187,916.0
1753531793706,12:09:53.706,BERA/USDT:USDT,2.184,2.0,2.183,2082.0,2.186,2303.0,2.187,916.0
1753531793856,12:09:53.856,BERA/USDT:USDT,2.184,4.0,2.183,2082.0,2.186,2303.0,2.187,916.0
1753531793962,12:09:53.962,BERA/USDT:USDT,2.184,2.0,2.183,2082.0,2.186,2301.0,2.187,916.0
1753531794156,12:09:54.156,BERA/USDT:USDT,2.184,4.0,2.183,2082.0,2.186,2301.0,2.187,916.0
1753531794266,12:09:54.266,BERA/USDT:USDT,2.184,2.0,2.183,2082.0,2.186,2303.0,2.187,916.0
1753531794388,12:09:54.388,BERA/USDT:USDT,2.183,2082.0,2.182,7166.0,2.186,2301.0,2.187,916.0
1753531794505,12:09:54.505,BERA/USDT:USDT,2.184,4.0,2.183,1214.0,2.186,2303.0,2.187,916.0
1753531794606,12:09:54.606,BERA/USDT:USDT,2.184,2.0,2.183,2082.0,2.186,2303.0,2.187,916.0
1753531794763,12:09:54.763,BERA/USDT:USDT,2.184,6.0,2.183,2082.0,2.186,2292.0,2.187,925.0
1753531794962,12:09:54.962,BERA/USDT:USDT,2.184,4.0,2.183,2082.0,2.186,2301.0,2.187,916.0
1753531795072,12:09:55.072,BERA/USDT:USDT,2.184,4.0,2.183,2082.0,2.186,2299.0,2.187,916.0
1753531795280,12:09:55.280,BERA/USDT:USDT,2.184,4.0,2.183,2082.0,2.186,2299.0,2.187,916.0
1753531796530,12:09:56.530,BERA/USDT:USDT,2.184,4.0,2.183,2082.0,2.186,2299.0,2.187,916.0
1753531797276,12:09:57.276,BERA/USDT:USDT,2.184,204.0,2.183,2082.0,2.186,2290.0,2.187,925.0
1753531797396,12:09:57.396,BERA/USDT:USDT,2.184,204.0,2.183,2082.0,2.186,2292.0,2.187,925.0
1753531797494,12:09:57.494,BERA/USDT:USDT,2.184,204.0,2.183,2082.0,2.186,2294.0,2.187,925.0
1753531797880,12:09:57.880,BERA/USDT:USDT,2.184,202.0,2.183,2082.0,2.186,2294.0,2.187,925.0
1753531798040,12:09:58.040,BERA/USDT:USDT,2.184,204.0,2.183,3349.0,2.186,2290.0,2.187,925.0
1753531798142,12:09:58.142,BERA/USDT:USDT,2.184,204.0,2.183,3349.0,2.186,2294.0,2.187,925.0
1753531798355,12:09:58.355,BERA/USDT:USDT,2.184,204.0,2.183,3349.0,2.186,2292.0,2.187,925.0
1753531798421,12:09:58.421,BERA/USDT:USDT,2.184,204.0,2.183,3349.0,2.186,2290.0,2.187,925.0
1753531798875,12:09:58.875,BERA/USDT:USDT,2.184,204.0,2.183,3349.0,2.186,2171.0,2.187,925.0
1753531798931,12:09:58.931,BERA/USDT:USDT,2.184,404.0,2.183,3349.0,2.186,2290.0,2.187,925.0
1753531799082,12:09:59.082,BERA/USDT:USDT,2.184,404.0,2.183,3349.0,2.186,2290.0,2.187,688.0
1753531799117,12:09:59.117,BERA/USDT:USDT,2.184,404.0,2.183,3349.0,2.186,2171.0,2.187,688.0
1753531799431,12:09:59.431,BERA/USDT:USDT,2.184,404.0,2.183,3349.0,2.186,2171.0,2.187,688.0
1753531799644,12:09:59.644,BERA/USDT:USDT,2.184,399.0,2.183,3349.0,2.186,2173.0,2.187,698.0
1753531799991,12:09:59.991,BERA/USDT:USDT,2.184,399.0,2.183,3349.0,2.186,2171.0,2.187,698.0
1753531800153,12:10:00.153,BERA/USDT:USDT,2.184,399.0,2.183,3349.0,2.186,2171.0,2.187,698.0
1753531800234,12:10:00.234,BERA/USDT:USDT,2.184,399.0,2.183,3349.0,2.186,2171.0,2.187,698.0
1753531800723,12:10:00.723,BERA/USDT:USDT,2.184,399.0,2.183,3349.0,2.186,2173.0,2.187,698.0
1753531801258,12:10:01.258,BERA/USDT:USDT,2.184,399.0,2.183,3349.0,2.186,2171.0,2.187,698.0
1753531801328,12:10:01.328,BERA/USDT:USDT,2.184,399.0,2.183,3349.0,2.186,2171.0,2.187,698.0
1753531802371,12:10:02.371,BERA/USDT:USDT,2.184,713.0,2.183,2092.0,2.186,460.0,2.187,1285.0
1753531802450,12:10:02.450,BERA/USDT:USDT,2.184,401.0,2.183,2092.0,2.185,1156.0,2.186,469.0
1753531802578,12:10:02.578,BERA/USDT:USDT,2.184,635.0,2.183,2092.0,2.186,1416.0,2.187,1285.0
1753531802607,12:10:02.607,BERA/USDT:USDT,2.184,633.0,2.183,2092.0,2.186,1416.0,2.187,1285.0
1753531802931,12:10:02.931,BERA/USDT:USDT,2.184,633.0,2.183,2092.0,2.186,1416.0,2.187,1285.0
1753531803006,12:10:03.006,BERA/USDT:USDT,2.184,633.0,2.183,2082.0,2.186,1416.0,2.187,1285.0
1753531803858,12:10:03.858,BERA/USDT:USDT,2.184,633.0,2.183,2082.0,2.186,1616.0,2.187,1285.0
1753531803971,12:10:03.971,BERA/USDT:USDT,2.184,633.0,2.183,2082.0,2.186,1982.0,2.187,1285.0
1753531804058,12:10:04.058,BERA/USDT:USDT,2.184,397.0,2.183,2082.0,2.186,1982.0,2.187,1285.0
1753531804288,12:10:04.288,BERA/USDT:USDT,2.184,397.0,2.183,2082.0,2.186,1982.0,2.187,1285.0
1753531806128,12:10:06.128,BERA/USDT:USDT,2.184,397.0,2.183,2082.0,2.186,1982.0,2.187,1285.0
1753531806269,12:10:06.269,BERA/USDT:USDT,2.184,397.0,2.183,2082.0,2.186,1982.0,2.187,1285.0
1753531806762,12:10:06.762,BERA/USDT:USDT,2.184,626.0,2.183,2082.0,2.186,1616.0,2.187,1285.0
1753531808780,12:10:08.780,BERA/USDT:USDT,2.184,626.0,2.183,2082.0,2.186,1416.0,2.187,1285.0
1753531809003,12:10:09.003,BERA/USDT:USDT,2.184,626.0,2.183,2082.0,2.186,1416.0,2.187,1285.0
1753531809249,12:10:09.249,BERA/USDT:USDT,2.184,626.0,2.183,2082.0,2.186,1416.0,2.187,1285.0
1753531810928,12:10:10.928,BERA/USDT:USDT,2.184,626.0,2.183,2082.0,2.186,1416.0,2.187,1285.0
1753531811777,12:10:11.777,BERA/USDT:USDT,2.184,626.0,2.183,2082.0,2.186,1616.0,2.187,1285.0
1753531812070,12:10:12.070,BERA/USDT:USDT,2.184,626.0,2.183,2082.0,2.186,1616.0,2.187,1285.0
1753531812132,12:10:12.132,BERA/USDT:USDT,2.184,626.0,2.183,2082.0,2.186,1616.0,2.187,1285.0
1753531812470,12:10:12.470,BERA/USDT:USDT,2.184,626.0,2.183,2082.0,2.186,2213.0,2.187,993.0
1753531812485,12:10:12.485,BERA/USDT:USDT,2.184,626.0,2.183,4250.0,2.186,2090.0,2.187,993.0
1753531812745,12:10:12.745,BERA/USDT:USDT,2.184,626.0,2.183,4523.0,2.186,1401.0,2.187,1285.0
1753531813024,12:10:13.024,BERA/USDT:USDT,2.184,626.0,2.183,4523.0,2.186,1401.0,2.187,1285.0
1753531813855,12:10:13.855,BERA/USDT:USDT,2.184,626.0,2.183,4523.0,2.186,1174.0,2.187,1285.0
1753531813965,12:10:13.965,BERA/USDT:USDT,2.184,626.0,2.183,4523.0,2.186,1156.0,2.187,1103.0
1753531814058,12:10:14.058,BERA/USDT:USDT,2.184,626.0,2.183,4523.0,2.186,1156.0,2.187,1103.0
1753531814250,12:10:14.250,BERA/USDT:USDT,2.185,453.0,2.184,1780.0,2.187,2248.0,2.188,1327.0
1753531814371,12:10:14.371,BERA/USDT:USDT,2.185,453.0,2.184,1780.0,2.187,2248.0,2.188,1327.0
1753531814870,12:10:14.870,BERA/USDT:USDT,2.184,397.0,2.183,5687.0,2.187,2257.0,2.188,1318.0
1753531814931,12:10:14.931,BERA/USDT:USDT,2.185,2.0,2.184,1057.0,2.187,2257.0,2.188,1318.0
1753531815101,12:10:15.101,BERA/USDT:USDT,2.185,2.0,2.184,1057.0,2.187,2259.0,2.188,1318.0
1753531815751,12:10:15.751,BERA/USDT:USDT,2.185,2.0,2.184,1057.0,2.187,2259.0,2.188,1318.0
1753531815790,12:10:15.790,BERA/USDT:USDT,2.185,2.0,2.184,1057.0,2.187,2257.0,2.188,1318.0
1753531815885,12:10:15.885,BERA/USDT:USDT,2.185,2.0,2.184,1057.0,2.187,2257.0,2.188,1318.0
1753531817660,12:10:17.660,BERA/USDT:USDT,2.185,2.0,2.184,1057.0,2.187,2259.0,2.188,1318.0
1753531818265,12:10:18.265,BERA/USDT:USDT,2.185,2.0,2.184,2697.0,2.187,2259.0,2.188,1318.0
1753531818285,12:10:18.285,BERA/USDT:USDT,2.185,2.0,2.184,2697.0,2.187,2259.0,2.188,1318.0
1753531818448,12:10:18.448,BERA/USDT:USDT,2.185,2.0,2.184,2697.0,2.187,2259.0,2.188,1318.0
1753531818691,12:10:18.691,BERA/USDT:USDT,2.185,2.0,2.184,2697.0,2.187,2259.0,2.188,1318.0
1753531818909,12:10:18.909,BERA/USDT:USDT,2.185,2.0,2.184,2697.0,2.187,2257.0,2.188,1318.0
1753531819046,12:10:19.046,BERA/USDT:USDT,2.185,2.0,2.184,2697.0,2.187,2259.0,2.188,1318.0
1753531819414,12:10:19.414,BERA/USDT:USDT,2.185,2.0,2.184,2697.0,2.187,2257.0,2.188,1318.0
1753531819556,12:10:19.556,BERA/USDT:USDT,2.185,2.0,2.184,2697.0,2.187,2259.0,2.188,1318.0
1753531820414,12:10:20.414,BERA/USDT:USDT,2.185,2.0,2.184,2697.0,2.187,2257.0,2.188,1318.0
1753531820528,12:10:20.528,BERA/USDT:USDT,2.185,2.0,2.184,2697.0,2.187,2257.0,2.188,1318.0
1753531820609,12:10:20.609,BERA/USDT:USDT,2.185,2.0,2.184,2697.0,2.187,2259.0,2.188,1318.0
1753531820911,12:10:20.911,BERA/USDT:USDT,2.185,2.0,2.184,2697.0,2.187,2257.0,2.188,1318.0
1753531821013,12:10:21.013,BERA/USDT:USDT,2.185,2.0,2.184,2697.0,2.187,2259.0,2.188,1318.0
1753531822047,12:10:22.047,BERA/USDT:USDT,2.185,2.0,2.184,2697.0,2.187,2259.0,2.188,1318.0
1753531822212,12:10:22.212,BERA/USDT:USDT,2.185,2.0,2.184,2697.0,2.187,2259.0,2.188,1318.0
1753531822713,12:10:22.713,BERA/USDT:USDT,2.185,2.0,2.184,2697.0,2.187,2259.0,2.188,1318.0
1753531823655,12:10:23.655,BERA/USDT:USDT,2.185,2.0,2.184,2697.0,2.187,2257.0,2.188,1318.0
1753531823765,12:10:23.765,BERA/USDT:USDT,2.185,4.0,2.184,2697.0,2.187,2257.0,2.188,1318.0
1753531823909,12:10:23.909,BERA/USDT:USDT,2.185,2.0,2.184,2697.0,2.187,2257.0,2.188,1318.0
1753531824159,12:10:24.159,BERA/USDT:USDT,2.185,2.0,2.184,2697.0,2.187,2259.0,2.188,1318.0
1753531825330,12:10:25.330,BERA/USDT:USDT,2.185,2.0,2.184,2697.0,2.187,2259.0,2.188,1318.0
1753531825765,12:10:25.765,BERA/USDT:USDT,2.185,318.0,2.184,2697.0,2.187,2248.0,2.188,1327.0
1753531825874,12:10:25.874,BERA/USDT:USDT,2.185,199.0,2.184,2697.0,2.187,2248.0,2.188,1327.0
1753531826074,12:10:26.074,BERA/USDT:USDT,2.185,197.0,2.184,2697.0,2.187,2248.0,2.188,1327.0
1753531826160,12:10:26.160,BERA/USDT:USDT,2.185,197.0,2.184,2697.0,2.187,2250.0,2.188,1327.0
1753531826687,12:10:26.687,BERA/USDT:USDT,2.185,197.0,2.184,2697.0,2.187,2250.0,2.188,1327.0
1753531828172,12:10:28.172,BERA/USDT:USDT,2.185,197.0,2.184,2697.0,2.187,2248.0,2.188,1327.0
1753531828579,12:10:28.579,BERA/USDT:USDT,2.185,397.0,2.184,2697.0,2.187,2248.0,2.188,1327.0
1753531829683,12:10:29.683,BERA/USDT:USDT,2.185,395.0,2.184,2697.0,2.187,2248.0,2.188,1327.0
1753531830129,12:10:30.129,BERA/USDT:USDT,2.185,395.0,2.184,2697.0,2.187,2248.0,2.188,1327.0
1753531830925,12:10:30.925,BERA/USDT:USDT,2.185,395.0,2.184,2697.0,2.187,2248.0,2.188,1327.0
1753531831854,12:10:31.854,BERA/USDT:USDT,2.185,195.0,2.184,2697.0,2.187,2248.0,2.188,1327.0
1753531832535,12:10:32.535,BERA/USDT:USDT,2.185,395.0,2.184,2697.0,2.187,2248.0,2.188,1327.0
1753531832716,12:10:32.716,BERA/USDT:USDT,2.185,395.0,2.184,2697.0,2.187,2248.0,2.188,1327.0
1753531833225,12:10:33.225,BERA/USDT:USDT,2.185,395.0,2.184,2697.0,2.187,2248.0,2.188,1327.0
1753531833638,12:10:33.638,BERA/USDT:USDT,2.184,2697.0,2.183,11463.0,2.187,2257.0,2.188,1318.0
1753531833768,12:10:33.768,BERA/USDT:USDT,2.185,2.0,2.184,1884.0,2.187,2257.0,2.188,1318.0
1753531833805,12:10:33.805,BERA/USDT:USDT,2.185,2.0,2.184,2796.0,2.187,2257.0,2.188,1318.0
1753531834168,12:10:34.168,BERA/USDT:USDT,2.185,203.0,2.184,2796.0,2.187,2250.0,2.188,1327.0
1753531834226,12:10:34.226,BERA/USDT:USDT,2.185,201.0,2.184,2796.0,2.187,2250.0,2.188,1315.0
1753531834658,12:10:34.658,BERA/USDT:USDT,2.185,199.0,2.184,2796.0,2.187,2250.0,2.188,1315.0
1753531834856,12:10:34.856,BERA/USDT:USDT,2.185,201.0,2.184,2796.0,2.187,2250.0,2.188,1315.0
1753531834962,12:10:34.962,BERA/USDT:USDT,2.185,201.0,2.184,2796.0,2.187,2250.0,2.188,1315.0
1753531835614,12:10:35.614,BERA/USDT:USDT,2.185,199.0,2.184,2796.0,2.187,2250.0,2.188,1315.0
1753531837082,12:10:37.082,BERA/USDT:USDT,2.184,2796.0,2.183,7145.0,2.187,2259.0,2.188,1306.0
1753531837172,12:10:37.172,BERA/USDT:USDT,2.185,2.0,2.184,1684.0,2.186,401.0,2.187,2257.0
1753531837274,12:10:37.274,BERA/USDT:USDT,2.185,2.0,2.184,493.0,2.186,401.0,2.187,2267.0
1753531837300,12:10:37.300,BERA/USDT:USDT,2.185,2.0,2.184,197.0,2.186,401.0,2.187,2267.0
1753531837401,12:10:37.401,BERA/USDT:USDT,2.185,2.0,2.184,197.0,2.186,401.0,2.187,2267.0
1753531837732,12:10:37.732,BERA/USDT:USDT,2.185,2.0,2.184,197.0,2.186,399.0,2.187,2267.0
1753531838136,12:10:38.136,BERA/USDT:USDT,2.185,2.0,2.184,197.0,2.186,401.0,2.187,2267.0
1753531838238,12:10:38.238,BERA/USDT:USDT,2.185,2.0,2.184,197.0,2.186,401.0,2.187,2267.0
1753531838409,12:10:38.409,BERA/USDT:USDT,2.185,2.0,2.184,197.0,2.186,399.0,2.187,2267.0
1753531838561,12:10:38.561,BERA/USDT:USDT,2.185,2.0,2.184,197.0,2.186,401.0,2.187,2267.0
1753531838724,12:10:38.724,BERA/USDT:USDT,2.185,2.0,2.184,197.0,2.186,401.0,2.187,2267.0
1753531838784,12:10:38.784,BERA/USDT:USDT,2.185,2.0,2.184,197.0,2.186,399.0,2.187,2267.0
1753531839138,12:10:39.138,BERA/USDT:USDT,2.185,2.0,2.184,197.0,2.186,401.0,2.187,2267.0
1753531839225,12:10:39.225,BERA/USDT:USDT,2.185,2.0,2.184,197.0,2.186,401.0,2.187,2267.0
1753531839364,12:10:39.364,BERA/USDT:USDT,2.185,2.0,2.183,3861.0,2.186,1049.0,2.187,2258.0
1753531839458,12:10:39.458,BERA/USDT:USDT,2.184,9.0,2.183,3861.0,2.185,1151.0,2.186,1274.0
1753531839504,12:10:39.504,BERA/USDT:USDT,2.184,9.0,2.183,3861.0,2.185,1151.0,2.186,1763.0
1753531839729,12:10:39.729,BERA/USDT:USDT,2.184,9.0,2.183,3861.0,2.185,1151.0,2.186,1763.0
1753531839782,12:10:39.782,BERA/USDT:USDT,2.184,11.0,2.183,3861.0,2.185,1151.0,2.186,1763.0
1753531840039,12:10:40.039,BERA/USDT:USDT,2.184,9.0,2.183,3861.0,2.185,1151.0,2.186,1763.0
1753531840865,12:10:40.865,BERA/USDT:USDT,2.184,2.0,2.183,3861.0,2.185,1151.0,2.186,1763.0
1753531841081,12:10:41.081,BERA/USDT:USDT,2.184,2.0,2.183,3861.0,2.185,1151.0,2.186,1763.0
1753531841099,12:10:41.099,BERA/USDT:USDT,2.184,2.0,2.183,3861.0,2.185,1151.0,2.186,1763.0
1753531841277,12:10:41.277,BERA/USDT:USDT,2.184,2.0,2.183,3861.0,2.185,1151.0,2.186,1763.0
1753531841440,12:10:41.440,BERA/USDT:USDT,2.184,2.0,2.183,3861.0,2.185,1351.0,2.186,1763.0
1753531841666,12:10:41.666,BERA/USDT:USDT,2.184,9.0,2.183,3861.0,2.185,1151.0,2.186,1644.0
1753531841736,12:10:41.736,BERA/USDT:USDT,2.184,9.0,2.183,3861.0,2.185,1151.0,2.186,1644.0
1753531841856,12:10:41.856,BERA/USDT:USDT,2.184,11.0,2.183,3861.0,2.185,1151.0,2.186,1763.0
1753531842037,12:10:42.037,BERA/USDT:USDT,2.184,9.0,2.183,3861.0,2.185,1151.0,2.186,1763.0
1753531842192,12:10:42.192,BERA/USDT:USDT,2.184,9.0,2.183,3861.0,2.185,1151.0,2.186,1763.0
1753531842367,12:10:42.367,BERA/USDT:USDT,2.184,11.0,2.183,3861.0,2.185,1151.0,2.186,1763.0
1753531842656,12:10:42.656,BERA/USDT:USDT,2.184,2.0,2.183,3861.0,2.185,1151.0,2.186,1763.0
1753531842840,12:10:42.840,BERA/USDT:USDT,2.184,2.0,2.183,3861.0,2.185,1153.0,2.186,1763.0
1753531843040,12:10:43.040,BERA/USDT:USDT,2.184,2.0,2.183,3861.0,2.185,1151.0,2.186,1763.0
1753531843096,12:10:43.096,BERA/USDT:USDT,2.184,2.0,2.183,3861.0,2.185,1153.0,2.186,1763.0
1753531843193,12:10:43.193,BERA/USDT:USDT,2.184,2.0,2.183,3861.0,2.185,1153.0,2.186,1763.0
1753531843412,12:10:43.412,BERA/USDT:USDT,2.184,2.0,2.183,3861.0,2.185,1353.0,2.186,1763.0
1753531843924,12:10:43.924,BERA/USDT:USDT,2.184,2.0,2.183,3861.0,2.185,1351.0,2.186,1763.0
1753531844481,12:10:44.481,BERA/USDT:USDT,2.184,211.0,2.183,3861.0,2.185,1151.0,2.186,1644.0
1753531844520,12:10:44.520,BERA/USDT:USDT,2.184,211.0,2.183,3861.0,2.185,1151.0,2.186,1005.0
1753531844615,12:10:44.615,BERA/USDT:USDT,2.184,440.0,2.183,3871.0,2.186,2271.0,2.187,821.0
1753531844746,12:10:44.746,BERA/USDT:USDT,2.184,438.0,2.183,3871.0,2.186,2271.0,2.187,821.0
1753531845162,12:10:45.162,BERA/USDT:USDT,2.184,438.0,2.183,3871.0,2.186,2271.0,2.187,821.0
1753531845330,12:10:45.330,BERA/USDT:USDT,2.184,438.0,2.183,3871.0,2.186,2271.0,2.187,821.0
1753531845390,12:10:45.390,BERA/USDT:USDT,2.184,638.0,2.183,3871.0,2.186,2271.0,2.187,821.0
1753531846727,12:10:46.727,BERA/USDT:USDT,2.184,638.0,2.183,3871.0,2.186,2271.0,2.187,821.0
1753531846976,12:10:46.976,BERA/USDT:USDT,2.184,638.0,2.183,3871.0,2.186,2072.0,2.187,811.0
1753531847100,12:10:47.100,BERA/USDT:USDT,2.184,638.0,2.183,3871.0,2.186,2072.0,2.187,811.0
1753531847970,12:10:47.970,BERA/USDT:USDT,2.184,638.0,2.183,2686.0,2.186,1383.0,2.187,1103.0
1753531848064,12:10:48.064,BERA/USDT:USDT,2.184,638.0,2.183,2959.0,2.186,1383.0,2.187,1103.0
1753531849645,12:10:49.645,BERA/USDT:USDT,2.184,638.0,2.183,2959.0,2.186,1383.0,2.187,1103.0
1753531850145,12:10:50.145,BERA/USDT:USDT,2.184,638.0,2.183,2959.0,2.186,1383.0,2.187,1103.0
1753531851476,12:10:51.476,BERA/USDT:USDT,2.184,638.0,2.183,2959.0,2.186,1156.0,2.187,1103.0
1753531851737,12:10:51.737,BERA/USDT:USDT,2.184,638.0,2.183,2959.0,2.186,1156.0,2.187,1103.0
1753531851808,12:10:51.808,BERA/USDT:USDT,2.184,1797.0,2.183,2365.0,2.187,2262.0,2.188,1313.0
1753531851905,12:10:51.905,BERA/USDT:USDT,2.185,2.0,2.184,1788.0,2.187,2262.0,2.188,1313.0
1753531852017,12:10:52.017,BERA/USDT:USDT,2.185,470.0,2.184,1788.0,2.187,2253.0,2.188,1312.0
1753531852088,12:10:52.088,BERA/USDT:USDT,2.185,468.0,2.184,1788.0,2.187,2253.0,2.188,1312.0
1753531852973,12:10:52.973,BERA/USDT:USDT,2.185,468.0,2.184,1788.0,2.187,2253.0,2.188,1312.0
1753531852985,12:10:52.985,BERA/USDT:USDT,2.185,468.0,2.184,1788.0,2.187,2253.0,2.188,1312.0
1753531853105,12:10:53.105,BERA/USDT:USDT,2.185,468.0,2.184,1788.0,2.187,2253.0,2.188,1312.0
1753531853302,12:10:53.302,BERA/USDT:USDT,2.185,668.0,2.184,1788.0,2.187,2253.0,2.188,1312.0
1753531854317,12:10:54.317,BERA/USDT:USDT,2.185,200.0,2.184,1788.0,2.187,2253.0,2.188,1312.0
1753531854445,12:10:54.445,BERA/USDT:USDT,2.185,200.0,2.184,1788.0,2.187,2253.0,2.188,1312.0
1753531854930,12:10:54.930,BERA/USDT:USDT,2.185,200.0,2.184,1788.0,2.187,2253.0,2.188,1312.0
1753531855945,12:10:55.945,BERA/USDT:USDT,2.185,668.0,2.184,4049.0,2.187,2253.0,2.188,1312.0
1753531856076,12:10:56.076,BERA/USDT:USDT,2.185,668.0,2.184,4049.0,2.187,2253.0,2.188,1312.0
1753531858738,12:10:58.738,BERA/USDT:USDT,2.185,668.0,2.184,4049.0,2.187,2253.0,2.188,1312.0
1753531859730,12:10:59.730,BERA/USDT:USDT,2.185,668.0,2.184,4049.0,2.187,2253.0,2.188,1312.0
1753531860008,12:11:00.008,BERA/USDT:USDT,2.185,668.0,2.184,4049.0,2.187,2253.0,2.188,1312.0
1753531860648,12:11:00.648,BERA/USDT:USDT,2.185,200.0,2.184,4049.0,2.187,2253.0,2.188,1312.0
1753531861678,12:11:01.678,BERA/USDT:USDT,2.185,867.0,2.184,4049.0,2.187,2253.0,2.188,1312.0
1753531862265,12:11:02.265,BERA/USDT:USDT,2.185,765.0,2.184,2206.0,2.187,1621.0,2.188,1782.0
1753531862285,12:11:02.285,BERA/USDT:USDT,2.185,765.0,2.184,2206.0,2.187,1621.0,2.188,1782.0
1753531862865,12:11:02.865,BERA/USDT:USDT,2.185,765.0,2.184,2206.0,2.187,1621.0,2.188,1782.0
1753531864530,12:11:04.530,BERA/USDT:USDT,2.185,765.0,2.184,2206.0,2.187,1621.0,2.188,1782.0
1753531866159,12:11:06.159,BERA/USDT:USDT,2.185,1233.0,2.184,2206.0,2.187,1821.0,2.188,1782.0
1753531866992,12:11:06.992,BERA/USDT:USDT,2.185,1233.0,2.184,2206.0,2.187,1621.0,2.188,1782.0
1753531868176,12:11:08.176,BERA/USDT:USDT,2.185,1233.0,2.184,2206.0,2.187,1621.0,2.188,1782.0
1753531868265,12:11:08.265,BERA/USDT:USDT,2.185,1233.0,2.184,2206.0,2.187,1621.0,2.188,1663.0
1753531868376,12:11:08.376,BERA/USDT:USDT,2.185,399.0,2.184,2206.0,2.187,1621.0,2.188,1663.0
1753531868747,12:11:08.747,BERA/USDT:USDT,2.185,1233.0,2.184,2206.0,2.187,1621.0,2.188,1663.0
1753531869011,12:11:09.011,BERA/USDT:USDT,2.185,1233.0,2.184,2206.0,2.187,1621.0,2.188,1663.0
1753531869330,12:11:09.330,BERA/USDT:USDT,2.185,1233.0,2.184,2206.0,2.187,1621.0,2.188,1663.0
1753531872034,12:11:12.034,BERA/USDT:USDT,2.185,1233.0,2.184,2206.0,2.187,1621.0,2.188,1663.0
1753531872953,12:11:12.953,BERA/USDT:USDT,2.185,1233.0,2.184,2206.0,2.187,1621.0,2.188,1663.0
1753531873028,12:11:13.028,BERA/USDT:USDT,2.185,1233.0,2.184,2206.0,2.187,1621.0,2.188,1663.0
1753531873250,12:11:13.250,BERA/USDT:USDT,2.185,1233.0,2.184,2206.0,2.187,1621.0,2.188,1663.0
1753531873653,12:11:13.653,BERA/USDT:USDT,2.186,198.0,2.185,1233.0,2.187,1159.0,2.188,1663.0
1753531873742,12:11:13.742,BERA/USDT:USDT,2.186,2.0,2.185,1233.0,2.187,1159.0,2.188,1663.0
1753531873820,12:11:13.820,BERA/USDT:USDT,2.186,2.0,2.185,1233.0,2.187,1163.0,2.188,1663.0
1753531873978,12:11:13.978,BERA/USDT:USDT,2.186,2.0,2.185,867.0,2.187,1163.0,2.188,1663.0
1753531874066,12:11:14.066,BERA/USDT:USDT,2.186,2.0,2.185,867.0,2.187,1363.0,2.188,1663.0
1753531874131,12:11:14.131,BERA/USDT:USDT,2.186,2.0,2.185,867.0,2.187,1363.0,2.188,1663.0
1753531874556,12:11:14.556,BERA/USDT:USDT,2.186,2.0,2.185,867.0,2.187,1363.0,2.188,1663.0
1753531874905,12:11:14.905,BERA/USDT:USDT,2.186,2.0,2.185,867.0,2.187,1363.0,2.188,1663.0
1753531875025,12:11:15.025,BERA/USDT:USDT,2.186,2.0,2.185,867.0,2.187,1363.0,2.188,1782.0
1753531875136,12:11:15.136,BERA/USDT:USDT,2.186,2.0,2.185,867.0,2.187,1363.0,2.188,1782.0
1753531875870,12:11:15.870,BERA/USDT:USDT,2.186,2.0,2.185,867.0,2.187,1363.0,2.188,1782.0
1753531876537,12:11:16.537,BERA/USDT:USDT,2.186,2.0,2.185,867.0,2.187,1363.0,2.188,1782.0
1753531876620,12:11:16.620,BERA/USDT:USDT,2.186,2.0,2.185,867.0,2.187,1363.0,2.188,1782.0
1753531877545,12:11:17.545,BERA/USDT:USDT,2.186,2.0,2.185,867.0,2.187,1363.0,2.188,1782.0
1753531877751,12:11:17.751,BERA/USDT:USDT,2.186,2.0,2.185,867.0,2.187,1363.0,2.188,1782.0
1753531878379,12:11:18.379,BERA/USDT:USDT,2.186,2.0,2.185,867.0,2.187,1363.0,2.188,1782.0
1753531878393,12:11:18.393,BERA/USDT:USDT,2.186,2.0,2.185,867.0,2.187,1363.0,2.188,1782.0
1753531878567,12:11:18.567,BERA/USDT:USDT,2.186,2.0,2.185,867.0,2.187,1363.0,2.188,1782.0
1753531878605,12:11:18.605,BERA/USDT:USDT,2.186,2.0,2.185,867.0,2.187,1363.0,2.188,1663.0
1753531878944,12:11:18.944,BERA/USDT:USDT,2.186,2.0,2.185,867.0,2.187,1363.0,2.188,1663.0
1753531879665,12:11:19.665,BERA/USDT:USDT,2.186,2.0,2.185,867.0,2.187,1970.0,2.188,1076.0
1753531879690,12:11:19.690,BERA/USDT:USDT,2.186,2.0,2.185,867.0,2.187,1970.0,2.188,1195.0
1753531879944,12:11:19.944,BERA/USDT:USDT,2.186,2.0,2.185,518.0,2.187,1970.0,2.188,1195.0
1753531880498,12:11:20.498,BERA/USDT:USDT,2.186,2.0,2.185,518.0,2.187,1968.0,2.188,1195.0
1753531880687,12:11:20.687,BERA/USDT:USDT,2.186,2.0,2.185,518.0,2.187,1970.0,2.188,1195.0
1753531881018,12:11:21.018,BERA/USDT:USDT,2.186,2.0,2.185,399.0,2.187,1970.0,2.188,1195.0
1753531882255,12:11:22.255,BERA/USDT:USDT,2.186,2.0,2.185,399.0,2.187,1970.0,2.188,1195.0
1753531882752,12:11:22.752,BERA/USDT:USDT,2.186,2.0,2.185,399.0,2.187,1970.0,2.188,1195.0
1753531882851,12:11:22.851,BERA/USDT:USDT,2.186,2.0,2.185,518.0,2.187,1968.0,2.188,1195.0
1753531883082,12:11:23.082,BERA/USDT:USDT,2.186,2.0,2.185,518.0,2.187,1970.0,2.188,1195.0
1753531883731,12:11:23.731,BERA/USDT:USDT,2.186,2.0,2.185,518.0,2.187,1970.0,2.188,1195.0
1753531884871,12:11:24.871,BERA/USDT:USDT,2.186,2.0,2.185,518.0,2.187,1970.0,2.188,1500.0
1753531884885,12:11:24.885,BERA/USDT:USDT,2.186,2.0,2.185,518.0,2.187,1970.0,2.188,1500.0
1753531886145,12:11:26.145,BERA/USDT:USDT,2.186,2.0,2.185,399.0,2.187,1970.0,2.188,1500.0
1753531888368,12:11:28.368,BERA/USDT:USDT,2.186,2.0,2.185,200.0,2.187,1970.0,2.188,1500.0
1753531888531,12:11:28.531,BERA/USDT:USDT,2.186,2.0,2.185,200.0,2.187,1970.0,2.188,1500.0
1753531888597,12:11:28.597,BERA/USDT:USDT,2.186,2.0,2.185,200.0,2.187,1970.0,2.188,1500.0
1753531889888,12:11:29.888,BERA/USDT:USDT,2.186,2.0,2.185,200.0,2.187,1970.0,2.188,1500.0
1753531890762,12:11:30.762,BERA/USDT:USDT,2.186,2.0,2.185,200.0,2.187,1970.0,2.188,1500.0
1753531890906,12:11:30.906,BERA/USDT:USDT,2.186,2.0,2.185,200.0,2.187,1970.0,2.188,1599.0
1753531892658,12:11:32.658,BERA/USDT:USDT,2.186,2.0,2.184,1888.0,2.187,1979.0,2.188,1590.0
1753531892781,12:11:32.781,BERA/USDT:USDT,2.185,2.0,2.184,1888.0,2.186,999.0,2.187,1790.0
1753531892822,12:11:32.822,BERA/USDT:USDT,2.185,2.0,2.184,1888.0,2.186,999.0,2.187,1790.0
1753531892955,12:11:32.955,BERA/USDT:USDT,2.185,2.0,2.184,1888.0,2.186,999.0,2.187,1790.0
1753531893025,12:11:33.025,BERA/USDT:USDT,2.185,2.0,2.184,1888.0,2.186,999.0,2.187,1790.0
1753531893165,12:11:33.165,BERA/USDT:USDT,2.185,2.0,2.184,400.0,2.186,999.0,2.187,1790.0
1753531893368,12:11:33.368,BERA/USDT:USDT,2.185,2.0,2.184,400.0,2.186,997.0,2.187,1790.0
1753531893451,12:11:33.451,BERA/USDT:USDT,2.185,2.0,2.184,400.0,2.186,995.0,2.187,1790.0
1753531893535,12:11:33.535,BERA/USDT:USDT,2.185,2.0,2.184,400.0,2.186,1272.0,2.187,1790.0
1753531893834,12:11:33.834,BERA/USDT:USDT,2.185,2.0,2.184,400.0,2.186,1270.0,2.187,1790.0
1753531893932,12:11:33.932,BERA/USDT:USDT,2.185,2.0,2.184,400.0,2.186,1272.0,2.187,1790.0
1753531894377,12:11:34.377,BERA/USDT:USDT,2.185,2.0,2.184,400.0,2.186,1272.0,2.187,1790.0
1753531894765,12:11:34.765,BERA/USDT:USDT,2.185,2.0,2.184,400.0,2.186,1272.0,2.187,1790.0
1753531895327,12:11:35.327,BERA/USDT:USDT,2.185,2.0,2.184,400.0,2.186,1638.0,2.187,1790.0
1753531896345,12:11:36.345,BERA/USDT:USDT,2.185,2.0,2.184,1119.0,2.186,1436.0,2.187,1790.0
1753531896527,12:11:36.527,BERA/USDT:USDT,2.185,2.0,2.184,400.0,2.186,1440.0,2.187,1790.0
1753531897155,12:11:37.155,BERA/USDT:USDT,2.185,2.0,2.184,400.0,2.186,1440.0,2.187,1790.0
1753531897206,12:11:37.206,BERA/USDT:USDT,2.185,2.0,2.184,400.0,2.186,1440.0,2.187,1790.0
1753531898131,12:11:38.131,BERA/USDT:USDT,2.185,2.0,2.184,400.0,2.186,1440.0,2.187,1790.0
1753531898769,12:11:38.769,BERA/USDT:USDT,2.185,2.0,2.184,400.0,2.186,1440.0,2.187,1790.0
1753531901062,12:11:41.062,BERA/USDT:USDT,2.185,2.0,2.184,400.0,2.186,1436.0,2.187,1780.0
1753531901117,12:11:41.117,BERA/USDT:USDT,2.185,2.0,2.184,400.0,2.186,1440.0,2.187,1780.0
1753531901929,12:11:41.929,BERA/USDT:USDT,2.185,2.0,2.184,400.0,2.186,1440.0,2.187,1780.0
1753531902932,12:11:42.932,BERA/USDT:USDT,2.185,2.0,2.184,400.0,2.186,1440.0,2.187,1780.0
1753531903774,12:11:43.774,BERA/USDT:USDT,2.185,2.0,2.184,400.0,2.186,1440.0,2.187,1780.0
1753531905551,12:11:45.551,BERA/USDT:USDT,2.185,2.0,2.184,400.0,2.186,1438.0,2.187,1780.0
1753531905660,12:11:45.660,BERA/USDT:USDT,2.185,2.0,2.184,400.0,2.186,1440.0,2.187,1780.0
1753531905725,12:11:45.725,BERA/USDT:USDT,2.185,2.0,2.184,400.0,2.186,1440.0,2.187,1780.0
1753531905827,12:11:45.827,BERA/USDT:USDT,2.185,2.0,2.184,400.0,2.186,1438.0,2.187,1780.0
1753531905929,12:11:45.929,BERA/USDT:USDT,2.185,2.0,2.184,400.0,2.186,1163.0,2.187,1780.0
1753531906064,12:11:46.064,BERA/USDT:USDT,2.185,2.0,2.184,400.0,2.186,1163.0,2.187,1780.0
1753531906220,12:11:46.220,BERA/USDT:USDT,2.185,2.0,2.184,400.0,2.186,1163.0,2.187,1780.0
1753531906340,12:11:46.340,BERA/USDT:USDT,2.185,2.0,2.184,1125.0,2.186,1163.0,2.187,1780.0
1753531906466,12:11:46.466,BERA/USDT:USDT,2.185,2.0,2.184,1347.0,2.187,1218.0,2.188,1975.0
1753531906540,12:11:46.540,BERA/USDT:USDT,2.185,6.0,2.184,1347.0,2.186,1153.0,2.187,1218.0
1753531906665,12:11:46.665,BERA/USDT:USDT,2.185,2.0,2.184,1347.0,2.187,1218.0,2.188,1975.0
1753531906736,12:11:46.736,BERA/USDT:USDT,2.185,6.0,2.184,1347.0,2.186,1154.0,2.187,1218.0
1753531906855,12:11:46.855,BERA/USDT:USDT,2.185,6.0,2.184,1347.0,2.186,1154.0,2.187,1218.0
1753531906898,12:11:46.898,BERA/USDT:USDT,2.185,6.0,2.184,1347.0,2.186,1154.0,2.187,1218.0
1753531907025,12:11:47.025,BERA/USDT:USDT,2.185,6.0,2.184,1347.0,2.186,1154.0,2.187,1218.0
1753531907245,12:11:47.245,BERA/USDT:USDT,2.185,2.0,2.184,1347.0,2.186,1154.0,2.187,1218.0
1753531907376,12:11:47.376,BERA/USDT:USDT,2.185,4.0,2.184,1347.0,2.186,1154.0,2.187,1218.0
1753531907476,12:11:47.476,BERA/USDT:USDT,2.185,6.0,2.184,1347.0,2.186,1154.0,2.187,1218.0
1753531907544,12:11:47.544,BERA/USDT:USDT,2.185,2.0,2.184,1347.0,2.186,1154.0,2.187,1218.0
1753531907732,12:11:47.732,BERA/USDT:USDT,2.185,2.0,2.184,1347.0,2.186,1154.0,2.187,1218.0
1753531908709,12:11:48.709,BERA/USDT:USDT,2.185,6.0,2.184,1347.0,2.186,1154.0,2.187,1218.0
1753531908796,12:11:48.796,BERA/USDT:USDT,2.185,6.0,2.184,1347.0,2.186,1154.0,2.187,1218.0
1753531909006,12:11:49.006,BERA/USDT:USDT,2.185,6.0,2.184,1347.0,2.186,1154.0,2.187,1218.0
1753531909211,12:11:49.211,BERA/USDT:USDT,2.185,2.0,2.184,1347.0,2.186,1154.0,2.187,1218.0
1753531909477,12:11:49.477,BERA/USDT:USDT,2.185,4.0,2.184,1347.0,2.186,1154.0,2.187,1218.0
1753531909569,12:11:49.569,BERA/USDT:USDT,2.185,6.0,2.184,1347.0,2.186,1154.0,2.187,1218.0
1753531910055,12:11:50.055,BERA/USDT:USDT,2.185,205.0,2.184,1347.0,2.186,1154.0,2.187,1218.0
1753531910654,12:11:50.654,BERA/USDT:USDT,2.185,405.0,2.184,1347.0,2.186,1154.0,2.187,1218.0
1753531912532,12:11:52.532,BERA/USDT:USDT,2.185,405.0,2.184,1347.0,2.186,1154.0,2.187,1218.0
1753531913310,12:11:53.310,BERA/USDT:USDT,2.185,403.0,2.184,1347.0,2.186,1154.0,2.187,1218.0
1753531913734,12:11:53.734,BERA/USDT:USDT,2.185,401.0,2.184,1347.0,2.186,1154.0,2.187,1218.0
1753531914105,12:11:54.105,BERA/USDT:USDT,2.185,202.0,2.184,1347.0,2.186,1154.0,2.187,1218.0
1753531914245,12:11:54.245,BERA/USDT:USDT,2.185,2.0,2.184,1347.0,2.186,1154.0,2.187,1218.0
1753531915001,12:11:55.001,BERA/USDT:USDT,2.185,6.0,2.184,1347.0,2.186,1154.0,2.187,1218.0
1753531915465,12:11:55.465,BERA/USDT:USDT,2.185,2.0,2.184,1347.0,2.186,1154.0,2.187,1218.0
1753531915917,12:11:55.917,BERA/USDT:USDT,2.185,6.0,2.184,1347.0,2.186,1154.0,2.187,1218.0
1753531916786,12:11:56.786,BERA/USDT:USDT,2.185,6.0,2.184,1347.0,2.186,1154.0,2.187,1218.0
1753531917332,12:11:57.332,BERA/USDT:USDT,2.185,6.0,2.184,1347.0,2.186,1154.0,2.187,1218.0
1753531917419,12:11:57.419,BERA/USDT:USDT,2.185,4.0,2.184,1347.0,2.186,1154.0,2.187,1218.0
1753531917834,12:11:57.834,BERA/USDT:USDT,2.185,6.0,2.184,1347.0,2.186,1154.0,2.187,1218.0
1753531918056,12:11:58.056,BERA/USDT:USDT,2.185,4.0,2.184,1347.0,2.186,1154.0,2.187,1218.0
1753531919058,12:11:59.058,BERA/USDT:USDT,2.185,202.0,2.184,1347.0,2.186,1154.0,2.187,1218.0
1753531919578,12:11:59.578,BERA/USDT:USDT,2.185,399.0,2.184,1347.0,2.186,1154.0,2.187,1218.0
1753531919591,12:11:59.591,BERA/USDT:USDT,2.185,399.0,2.184,1347.0,2.186,1156.0,2.187,1218.0
1753531921279,12:12:01.279,BERA/USDT:USDT,2.185,399.0,2.184,1850.0,2.186,2.0,2.187,231.0
1753531921355,12:12:01.355,BERA/USDT:USDT,2.185,399.0,2.184,1850.0,2.186,2.0,2.187,1382.0
1753531921966,12:12:01.966,BERA/USDT:USDT,2.185,1036.0,2.184,1850.0,2.187,1382.0,2.188,1066.0
1753531922057,12:12:02.057,BERA/USDT:USDT,2.185,1036.0,2.184,1850.0,2.187,1151.0,2.188,1066.0
1753531922132,12:12:02.132,BERA/USDT:USDT,2.185,1036.0,2.184,1850.0,2.187,1151.0,2.188,1066.0
1753531922223,12:12:02.223,BERA/USDT:USDT,2.185,1036.0,2.184,1850.0,2.187,1151.0,2.188,1066.0
1753531922365,12:12:02.365,BERA/USDT:USDT,2.185,1206.0,2.184,1860.0,2.188,2455.0,2.189,1587.0
1753531922405,12:12:02.405,BERA/USDT:USDT,2.186,2.0,2.185,1194.0,2.188,2455.0,2.189,1587.0
1753531922542,12:12:02.542,BERA/USDT:USDT,2.186,2.0,2.185,1194.0,2.188,2455.0,2.189,1587.0
1753531922679,12:12:02.679,BERA/USDT:USDT,2.186,2.0,2.185,1194.0,2.188,2455.0,2.189,1587.0
1753531922742,12:12:02.742,BERA/USDT:USDT,2.186,2.0,2.185,1194.0,2.188,2455.0,2.189,1587.0
1753531923645,12:12:03.645,BERA/USDT:USDT,2.186,2.0,2.185,1194.0,2.188,2455.0,2.189,1587.0
1753531923705,12:12:03.705,BERA/USDT:USDT,2.186,2.0,2.185,1194.0,2.188,2457.0,2.189,1587.0
1753531923820,12:12:03.820,BERA/USDT:USDT,2.186,2.0,2.185,1194.0,2.188,2457.0,2.189,1587.0
1753531923993,12:12:03.993,BERA/USDT:USDT,2.186,2.0,2.185,1192.0,2.188,2457.0,2.189,1587.0
1753531924110,12:12:04.110,BERA/USDT:USDT,2.186,2.0,2.185,1192.0,2.188,2457.0,2.189,1952.0
1753531924577,12:12:04.577,BERA/USDT:USDT,2.186,2.0,2.185,1192.0,2.187,396.0,2.188,2457.0
1753531924585,12:12:04.585,BERA/USDT:USDT,2.186,2.0,2.185,1192.0,2.187,398.0,2.188,2455.0
1753531924685,12:12:04.685,BERA/USDT:USDT,2.186,2.0,2.185,1192.0,2.187,398.0,2.188,2455.0
1753531925365,12:12:05.365,BERA/USDT:USDT,2.186,2.0,2.185,1192.0,2.187,398.0,2.188,2455.0
1753531926255,12:12:06.255,BERA/USDT:USDT,2.186,2.0,2.185,1192.0,2.187,396.0,2.188,2455.0
1753531926665,12:12:06.665,BERA/USDT:USDT,2.186,7.0,2.185,1192.0,2.188,2446.0,2.189,1606.0
1753531926773,12:12:06.773,BERA/USDT:USDT,2.186,201.0,2.185,1192.0,2.188,2446.0,2.189,1596.0
1753531926933,12:12:06.933,BERA/USDT:USDT,2.186,201.0,2.185,1192.0,2.188,2446.0,2.189,1596.0
1753531926988,12:12:06.988,BERA/USDT:USDT,2.186,201.0,2.185,1192.0,2.188,2446.0,2.189,1596.0
1753531927475,12:12:07.475,BERA/USDT:USDT,2.186,401.0,2.185,1192.0,2.188,2446.0,2.189,1596.0
1753531927575,12:12:07.575,BERA/USDT:USDT,2.186,631.0,2.185,1192.0,2.188,2446.0,2.189,1596.0
1753531927585,12:12:07.585,BERA/USDT:USDT,2.186,631.0,2.185,1192.0,2.188,2446.0,2.189,1596.0
1753531927760,12:12:07.760,BERA/USDT:USDT,2.186,403.0,2.185,1192.0,2.188,2446.0,2.189,1596.0
1753531928525,12:12:08.525,BERA/USDT:USDT,2.186,401.0,2.185,1192.0,2.188,2446.0,2.189,1596.0
1753531928898,12:12:08.898,BERA/USDT:USDT,2.186,396.0,2.185,1192.0,2.188,2446.0,2.189,1596.0
1753531929863,12:12:09.863,BERA/USDT:USDT,2.186,196.0,2.185,1192.0,2.188,2446.0,2.189,1596.0
1753531930279,12:12:10.279,BERA/USDT:USDT,2.184,1337.0,2.183,3507.0,2.187,1012.0,2.188,2455.0
1753531930378,12:12:10.378,BERA/USDT:USDT,2.184,835.0,2.183,2882.0,2.186,200.0,2.187,1128.0
1753531930461,12:12:10.461,BERA/USDT:USDT,2.185,2.0,2.184,1035.0,2.186,200.0,2.187,2459.0
1753531930550,12:12:10.550,BERA/USDT:USDT,2.185,2.0,2.184,1035.0,2.186,200.0,2.187,2459.0
1753531930641,12:12:10.641,BERA/USDT:USDT,2.185,205.0,2.184,1035.0,2.186,200.0,2.187,2459.0
1753531930763,12:12:10.763,BERA/USDT:USDT,2.185,205.0,2.184,1035.0,2.186,200.0,2.187,2459.0
1753531930796,12:12:10.796,BERA/USDT:USDT,2.185,205.0,2.184,1035.0,2.186,200.0,2.187,2459.0
1753531931201,12:12:11.201,BERA/USDT:USDT,2.185,205.0,2.184,1035.0,2.186,200.0,2.187,2459.0
1753531931560,12:12:11.560,BERA/USDT:USDT,2.185,212.0,2.184,1035.0,2.186,200.0,2.187,2459.0
1753531931733,12:12:11.733,BERA/USDT:USDT,2.185,210.0,2.184,1035.0,2.186,200.0,2.187,2459.0
1753531931942,12:12:11.942,BERA/USDT:USDT,2.185,205.0,2.184,1035.0,2.186,200.0,2.187,2459.0
1753531932109,12:12:12.109,BERA/USDT:USDT,2.185,210.0,2.184,1035.0,2.186,200.0,2.187,2459.0
1753531932669,12:12:12.669,BERA/USDT:USDT,2.185,205.0,2.184,1035.0,2.186,200.0,2.187,2459.0
1753531933364,12:12:13.364,BERA/USDT:USDT,2.185,2.0,2.184,1035.0,2.186,202.0,2.187,2459.0
1753531933465,12:12:13.465,BERA/USDT:USDT,2.185,2.0,2.184,1035.0,2.186,202.0,2.187,2459.0
1753531933664,12:12:13.664,BERA/USDT:USDT,2.185,2.0,2.184,699.0,2.186,202.0,2.187,2459.0
1753531934167,12:12:14.167,BERA/USDT:USDT,2.185,2.0,2.184,699.0,2.186,202.0,2.187,2459.0
1753531934531,12:12:14.531,BERA/USDT:USDT,2.185,2.0,2.184,699.0,2.186,202.0,2.187,2459.0
1753531935025,12:12:15.025,BERA/USDT:USDT,2.185,2.0,2.184,699.0,2.186,202.0,2.187,2459.0
1753531935465,12:12:15.465,BERA/USDT:USDT,2.185,2.0,2.184,699.0,2.186,200.0,2.187,2459.0
1753531935545,12:12:15.545,BERA/USDT:USDT,2.185,9.0,2.184,1586.0,2.186,200.0,2.187,2459.0
1753531935661,12:12:15.661,BERA/USDT:USDT,2.185,7.0,2.184,1586.0,2.186,200.0,2.187,2459.0
1753531935956,12:12:15.956,BERA/USDT:USDT,2.185,2.0,2.184,1586.0,2.186,200.0,2.187,2459.0
1753531936042,12:12:16.042,BERA/USDT:USDT,2.185,2.0,2.184,1586.0,2.186,200.0,2.187,2459.0
1753531936345,12:12:16.345,BERA/USDT:USDT,2.185,2.0,2.184,1586.0,2.187,2459.0,2.188,1313.0
1753531936448,12:12:16.448,BERA/USDT:USDT,2.185,205.0,2.184,1586.0,2.187,2450.0,2.188,1322.0
1753531936565,12:12:16.565,BERA/USDT:USDT,2.185,322.0,2.184,1586.0,2.187,2450.0,2.188,1322.0
1753531937005,12:12:17.005,BERA/USDT:USDT,2.185,322.0,2.184,1586.0,2.187,2450.0,2.188,1322.0
1753531937364,12:12:17.364,BERA/USDT:USDT,2.185,522.0,2.184,1586.0,2.187,2450.0,2.188,1322.0
1753531938312,12:12:18.312,BERA/USDT:USDT,2.185,403.0,2.184,1586.0,2.187,2450.0,2.188,1322.0
1753531938856,12:12:18.856,BERA/USDT:USDT,2.185,403.0,2.184,1586.0,2.187,2450.0,2.188,1322.0
1753531941337,12:12:21.337,BERA/USDT:USDT,2.185,403.0,2.184,1586.0,2.187,2450.0,2.188,1322.0
1753531942815,12:12:22.815,BERA/USDT:USDT,2.185,403.0,2.184,1586.0,2.187,2450.0,2.188,1322.0
1753531943665,12:12:23.665,BERA/USDT:USDT,2.185,1219.0,2.184,2735.0,2.187,1609.0,2.188,1782.0
1753531943966,12:12:23.966,BERA/USDT:USDT,2.185,1219.0,2.184,2735.0,2.187,1609.0,2.188,1782.0
1753531944840,12:12:24.840,BERA/USDT:USDT,2.185,1219.0,2.184,2735.0,2.187,1148.0,2.188,1416.0
1753531944931,12:12:24.931,BERA/USDT:USDT,2.185,1219.0,2.184,2735.0,2.187,1148.0,2.188,1143.0
1753531945028,12:12:25.028,BERA/USDT:USDT,2.185,1219.0,2.184,2735.0,2.187,1148.0,2.188,1143.0
1753531945565,12:12:25.565,BERA/USDT:USDT,2.186,431.0,2.185,1219.0,2.188,2556.0,2.189,1633.0
1753531945606,12:12:25.606,BERA/USDT:USDT,2.186,431.0,2.185,1219.0,2.188,2556.0,2.189,1633.0
1753531945752,12:12:25.752,BERA/USDT:USDT,2.186,431.0,2.185,1219.0,2.188,2556.0,2.189,1633.0
1753531945956,12:12:25.956,BERA/USDT:USDT,2.186,431.0,2.185,1219.0,2.188,2556.0,2.189,1633.0
1753531946135,12:12:26.135,BERA/USDT:USDT,2.186,431.0,2.185,1219.0,2.188,2556.0,2.189,1633.0
1753531946577,12:12:26.577,BERA/USDT:USDT,2.186,629.0,2.185,1817.0,2.188,1167.0,2.189,999.0
1753531946626,12:12:26.626,BERA/USDT:USDT,2.186,629.0,2.185,1817.0,2.188,1149.0,2.189,619.0
1753531946836,12:12:26.836,BERA/USDT:USDT,2.186,629.0,2.185,1817.0,2.188,1149.0,2.189,619.0
1753531947024,12:12:27.024,BERA/USDT:USDT,2.186,629.0,2.185,1817.0,2.188,1149.0,2.189,619.0
1753531947228,12:12:27.228,BERA/USDT:USDT,2.186,629.0,2.185,1817.0,2.188,1149.0,2.189,619.0
1753531947367,12:12:27.367,BERA/USDT:USDT,2.186,629.0,2.185,1492.0,2.188,1268.0,2.189,817.0
1753531947466,12:12:27.466,BERA/USDT:USDT,2.186,629.0,2.185,1492.0,2.188,1435.0,2.189,1123.0
1753531947502,12:12:27.502,BERA/USDT:USDT,2.186,629.0,2.185,1363.0,2.188,1435.0,2.189,1265.0
1753531947665,12:12:27.665,BERA/USDT:USDT,2.186,629.0,2.185,1699.0,2.188,1268.0,2.189,945.0
1753531947809,12:12:27.809,BERA/USDT:USDT,2.186,629.0,2.185,1699.0,2.188,1268.0,2.189,945.0
1753531948116,12:12:28.116,BERA/USDT:USDT,2.186,629.0,2.185,1699.0,2.188,1268.0,2.189,945.0
1753531948376,12:12:28.376,BERA/USDT:USDT,2.186,629.0,2.185,1426.0,2.188,1268.0,2.189,945.0
1753531948386,12:12:28.386,BERA/USDT:USDT,2.186,629.0,2.185,1426.0,2.188,1268.0,2.189,945.0
1753531948820,12:12:28.820,BERA/USDT:USDT,2.186,629.0,2.185,1426.0,2.188,1268.0,2.189,945.0
1753531948979,12:12:28.979,BERA/USDT:USDT,2.186,629.0,2.185,1426.0,2.188,1268.0,2.189,1542.0
1753531949029,12:12:29.029,BERA/USDT:USDT,2.186,629.0,2.185,1090.0,2.188,1435.0,2.189,1472.0
1753531949230,12:12:29.230,BERA/USDT:USDT,2.186,629.0,2.185,1090.0,2.188,1635.0,2.189,1472.0
1753531949305,12:12:29.305,BERA/USDT:USDT,2.186,629.0,2.185,1363.0,2.188,1468.0,2.189,875.0
1753531949447,12:12:29.447,BERA/USDT:USDT,2.186,629.0,2.185,1363.0,2.188,1268.0,2.189,875.0
1753531949883,12:12:29.883,BERA/USDT:USDT,2.186,629.0,2.185,1090.0,2.188,1268.0,2.189,875.0
1753531949895,12:12:29.895,BERA/USDT:USDT,2.186,629.0,2.185,1090.0,2.188,1268.0,2.189,875.0
1753531950007,12:12:30.007,BERA/USDT:USDT,2.186,629.0,2.185,1090.0,2.188,1268.0,2.189,875.0
1753531950219,12:12:30.219,BERA/USDT:USDT,2.186,629.0,2.185,1090.0,2.188,1468.0,2.189,875.0
1753531950316,12:12:30.316,BERA/USDT:USDT,2.186,629.0,2.185,1090.0,2.188,1468.0,2.189,875.0
1753531950411,12:12:30.411,BERA/USDT:USDT,2.186,398.0,2.185,1090.0,2.188,1468.0,2.189,875.0
1753531950771,12:12:30.771,BERA/USDT:USDT,2.186,398.0,2.185,1090.0,2.188,1468.0,2.189,875.0
1753531950874,12:12:30.874,BERA/USDT:USDT,2.186,398.0,2.185,1090.0,2.188,1468.0,2.189,875.0
1753531950885,12:12:30.885,BERA/USDT:USDT,2.186,398.0,2.185,1090.0,2.188,1468.0,2.189,875.0
1753531951733,12:12:31.733,BERA/USDT:USDT,2.186,398.0,2.185,1090.0,2.188,1468.0,2.189,875.0
1753531952162,12:12:32.162,BERA/USDT:USDT,2.186,198.0,2.185,1090.0,2.188,1478.0,2.189,885.0
1753531952210,12:12:32.210,BERA/USDT:USDT,2.186,198.0,2.185,1090.0,2.188,1478.0,2.189,885.0
1753531954815,12:12:34.815,BERA/USDT:USDT,2.186,198.0,2.185,1090.0,2.188,1478.0,2.189,885.0
1753531955162,12:12:35.162,BERA/USDT:USDT,2.186,398.0,2.185,1090.0,2.188,1478.0,2.189,885.0
1753531955765,12:12:35.765,BERA/USDT:USDT,2.186,629.0,2.185,1363.0,2.188,1149.0,2.189,1738.0
1753531955880,12:12:35.880,BERA/USDT:USDT,2.186,629.0,2.185,1833.0,2.189,1538.0,2.19,5517.0
1753531955940,12:12:35.940,BERA/USDT:USDT,2.187,520.0,2.186,629.0,2.189,2208.0,2.19,2566.0
1753531956005,12:12:36.005,BERA/USDT:USDT,2.187,518.0,2.186,629.0,2.189,2208.0,2.19,2566.0
1753531956152,12:12:36.152,BERA/USDT:USDT,2.187,518.0,2.186,629.0,2.189,2408.0,2.19,2566.0
1753531956240,12:12:36.240,BERA/USDT:USDT,2.187,518.0,2.186,629.0,2.189,2408.0,2.19,2566.0
1753531956535,12:12:36.535,BERA/USDT:USDT,2.187,518.0,2.186,629.0,2.189,2408.0,2.19,2566.0
1753531956632,12:12:36.632,BERA/USDT:USDT,2.187,518.0,2.186,629.0,2.189,2408.0,2.19,2576.0
1753531957250,12:12:37.250,BERA/USDT:USDT,2.187,401.0,2.186,629.0,2.189,2408.0,2.19,2576.0
1753531957432,12:12:37.432,BERA/USDT:USDT,2.187,201.0,2.186,629.0,2.189,2408.0,2.19,2576.0
1753531957972,12:12:37.972,BERA/USDT:USDT,2.187,201.0,2.186,629.0,2.189,2408.0,2.19,2576.0
1753531958380,12:12:38.380,BERA/USDT:USDT,2.186,629.0,2.185,1839.0,2.189,2408.0,2.19,2576.0
1753531958461,12:12:38.461,BERA/USDT:USDT,2.187,2.0,2.186,629.0,2.189,2417.0,2.19,2567.0
1753531961345,12:12:41.345,BERA/USDT:USDT,2.187,2.0,2.186,629.0,2.189,2419.0,2.19,2567.0
1753531963070,12:12:43.070,BERA/USDT:USDT,2.187,2.0,2.186,629.0,2.189,2419.0,2.19,5235.0
1753531963085,12:12:43.085,BERA/USDT:USDT,2.187,2.0,2.186,629.0,2.189,3246.0,2.19,5235.0
1753531963827,12:12:43.827,BERA/USDT:USDT,2.187,2.0,2.186,629.0,2.189,3244.0,2.19,5235.0
1753531963925,12:12:43.925,BERA/USDT:USDT,2.187,322.0,2.186,629.0,2.189,3235.0,2.19,5244.0
1753531963990,12:12:43.990,BERA/USDT:USDT,2.187,320.0,2.186,629.0,2.189,3235.0,2.19,5244.0
1753531964085,12:12:44.085,BERA/USDT:USDT,2.187,320.0,2.186,629.0,2.189,3235.0,2.19,5244.0
1753531965834,12:12:45.834,BERA/USDT:USDT,2.187,318.0,2.186,629.0,2.189,3235.0,2.19,5244.0
1753531966136,12:12:46.136,BERA/USDT:USDT,2.187,318.0,2.186,629.0,2.189,3235.0,2.19,5244.0
1753531966824,12:12:46.824,BERA/USDT:USDT,2.187,318.0,2.186,629.0,2.189,3235.0,2.19,5244.0
1753531967177,12:12:47.177,BERA/USDT:USDT,2.187,201.0,2.186,629.0,2.189,3235.0,2.19,5244.0
1753531967182,12:12:47.182,BERA/USDT:USDT,2.187,201.0,2.186,629.0,2.189,3235.0,2.19,5244.0
1753531968838,12:12:48.838,BERA/USDT:USDT,2.187,201.0,2.186,629.0,2.189,3235.0,2.19,5244.0
1753531970945,12:12:50.945,BERA/USDT:USDT,2.187,201.0,2.186,629.0,2.189,3235.0,2.19,5244.0
1753531971211,12:12:51.211,BERA/USDT:USDT,2.187,201.0,2.186,629.0,2.189,3235.0,2.19,5244.0
1753531971711,12:12:51.711,BERA/USDT:USDT,2.187,201.0,2.186,629.0,2.189,3235.0,2.19,5244.0
1753531975541,12:12:55.541,BERA/USDT:USDT,2.187,201.0,2.186,629.0,2.189,3235.0,2.19,5244.0
1753531975736,12:12:55.736,BERA/USDT:USDT,2.187,201.0,2.186,629.0,2.189,3235.0,2.19,5244.0
1753531975931,12:12:55.931,BERA/USDT:USDT,2.187,518.0,2.186,629.0,2.189,3235.0,2.19,5244.0
1753531976015,12:12:56.015,BERA/USDT:USDT,2.187,518.0,2.186,629.0,2.189,3235.0,2.19,5244.0
1753531977041,12:12:57.041,BERA/USDT:USDT,2.187,401.0,2.186,629.0,2.189,3235.0,2.19,5244.0
1753531977285,12:12:57.285,BERA/USDT:USDT,2.187,401.0,2.186,629.0,2.189,3235.0,2.19,5244.0
1753531977925,12:12:57.925,BERA/USDT:USDT,2.187,884.0,2.186,629.0,2.189,1883.0,2.19,5234.0
1753531978107,12:12:58.107,BERA/USDT:USDT,2.187,884.0,2.186,629.0,2.189,3030.0,2.19,5234.0
1753531980294,12:13:00.294,BERA/USDT:USDT,2.187,518.0,2.186,629.0,2.189,3030.0,2.19,5234.0
1753531980465,12:13:00.465,BERA/USDT:USDT,2.187,518.0,2.186,904.0,2.189,2433.0,2.19,5526.0
1753531980535,12:13:00.535,BERA/USDT:USDT,2.187,518.0,2.186,904.0,2.189,2433.0,2.19,5526.0
1753531980873,12:13:00.873,BERA/USDT:USDT,2.187,518.0,2.186,904.0,2.189,2633.0,2.19,5526.0
1753531984676,12:13:04.676,BERA/USDT:USDT,2.187,518.0,2.186,904.0,2.189,2433.0,2.19,5526.0
1753531984699,12:13:04.699,BERA/USDT:USDT,2.187,518.0,2.186,904.0,2.189,2433.0,2.19,5526.0
1753531985045,12:13:05.045,BERA/USDT:USDT,2.187,850.0,2.186,2050.0,2.189,2235.0,2.19,5526.0
1753531985261,12:13:05.261,BERA/USDT:USDT,2.188,203.0,2.187,1216.0,2.189,1147.0,2.19,5526.0
1753531985359,12:13:05.359,BERA/USDT:USDT,2.188,203.0,2.187,1216.0,2.189,1147.0,2.19,5526.0
1753531985534,12:13:05.534,BERA/USDT:USDT,2.188,201.0,2.187,1216.0,2.189,1147.0,2.19,5526.0
1753531985678,12:13:05.678,BERA/USDT:USDT,2.188,199.0,2.187,1216.0,2.189,1147.0,2.19,5526.0
1753531985727,12:13:05.727,BERA/USDT:USDT,2.188,203.0,2.187,1216.0,2.189,1147.0,2.19,5526.0
1753531985805,12:13:05.805,BERA/USDT:USDT,2.188,201.0,2.187,1216.0,2.189,1147.0,2.19,5526.0
1753531985976,12:13:05.976,BERA/USDT:USDT,2.188,201.0,2.187,1216.0,2.189,1147.0,2.19,5526.0
1753531986106,12:13:06.106,BERA/USDT:USDT,2.188,203.0,2.187,1216.0,2.189,1147.0,2.19,5526.0
1753531986666,12:13:06.666,BERA/USDT:USDT,2.188,205.0,2.187,1216.0,2.189,1147.0,2.19,5526.0
1753531986770,12:13:06.770,BERA/USDT:USDT,2.188,203.0,2.187,1216.0,2.189,1147.0,2.19,5526.0
1753531987247,12:13:07.247,BERA/USDT:USDT,2.188,205.0,2.187,1216.0,2.189,1147.0,2.19,5526.0
1753531987455,12:13:07.455,BERA/USDT:USDT,2.188,205.0,2.187,1216.0,2.189,1147.0,2.19,5526.0
1753531987569,12:13:07.569,BERA/USDT:USDT,2.188,435.0,2.187,1216.0,2.19,5517.0,2.191,5577.0
1753531987681,12:13:07.681,BERA/USDT:USDT,2.188,433.0,2.187,1216.0,2.19,2681.0,2.191,4853.0
1753531987697,12:13:07.697,BERA/USDT:USDT,2.188,433.0,2.187,1216.0,2.19,3826.0,2.191,4853.0
1753531987868,12:13:07.868,BERA/USDT:USDT,2.188,433.0,2.187,1216.0,2.19,3826.0,2.191,4853.0
1753531988544,12:13:08.544,BERA/USDT:USDT,2.188,433.0,2.187,1216.0,2.19,3826.0,2.191,4853.0
1753531989962,12:13:09.962,BERA/USDT:USDT,2.188,433.0,2.187,1216.0,2.19,3826.0,2.191,4853.0
1753531990135,12:13:10.135,BERA/USDT:USDT,2.188,433.0,2.187,1216.0,2.19,3826.0,2.191,4853.0
1753531990193,12:13:10.193,BERA/USDT:USDT,2.188,433.0,2.187,1216.0,2.19,3826.0,2.191,4853.0
1753531990493,12:13:10.493,BERA/USDT:USDT,2.188,433.0,2.187,1216.0,2.19,3826.0,2.191,4853.0
1753531990703,12:13:10.703,BERA/USDT:USDT,2.188,433.0,2.187,1216.0,2.19,3826.0,2.191,4853.0
1753531990899,12:13:10.899,BERA/USDT:USDT,2.188,431.0,2.187,1216.0,2.19,3826.0,2.191,4853.0
1753531991365,12:13:11.365,BERA/USDT:USDT,2.188,431.0,2.187,1812.0,2.19,1563.0,2.191,945.0
1753531991457,12:13:11.457,BERA/USDT:USDT,2.188,431.0,2.187,1812.0,2.19,1563.0,2.191,945.0
1753531991765,12:13:11.765,BERA/USDT:USDT,2.188,631.0,2.187,1812.0,2.19,1680.0,2.191,1145.0
1753531991931,12:13:11.931,BERA/USDT:USDT,2.188,631.0,2.187,1812.0,2.19,1680.0,2.191,1145.0
1753531992709,12:13:12.709,BERA/USDT:USDT,2.188,631.0,2.187,1812.0,2.19,1680.0,2.191,1145.0
1753531992927,12:13:12.927,BERA/USDT:USDT,2.188,631.0,2.187,1812.0,2.19,1280.0,2.191,1145.0
1753531993069,12:13:13.069,BERA/USDT:USDT,2.188,631.0,2.187,1489.0,2.19,1163.0,2.191,880.0
1753531993156,12:13:13.156,BERA/USDT:USDT,2.189,117.0,2.188,629.0,2.191,2014.0,2.192,2635.0
1753531993279,12:13:13.279,BERA/USDT:USDT,2.189,117.0,2.188,629.0,2.191,2014.0,2.192,1588.0
1753531993398,12:13:13.398,BERA/USDT:USDT,2.189,117.0,2.188,629.0,2.191,2014.0,2.192,1588.0
1753531993728,12:13:13.728,BERA/USDT:USDT,2.189,117.0,2.188,629.0,2.191,2014.0,2.192,1788.0
1753531993785,12:13:13.785,BERA/USDT:USDT,2.189,117.0,2.188,629.0,2.191,2014.0,2.192,1788.0
1753531993955,12:13:13.955,BERA/USDT:USDT,2.189,117.0,2.188,629.0,2.191,2014.0,2.192,1788.0
1753531994215,12:13:14.215,BERA/USDT:USDT,2.189,117.0,2.188,629.0,2.191,2014.0,2.192,1788.0
1753531994365,12:13:14.365,BERA/USDT:USDT,2.189,117.0,2.188,629.0,2.191,2014.0,2.192,1926.0
1753531994853,12:13:14.853,BERA/USDT:USDT,2.189,117.0,2.188,629.0,2.191,2014.0,2.192,1926.0
1753531996335,12:13:16.335,BERA/USDT:USDT,2.189,117.0,2.188,629.0,2.191,2014.0,2.192,1926.0
1753531996699,12:13:16.699,BERA/USDT:USDT,2.188,629.0,2.187,1489.0,2.191,2023.0,2.192,1917.0
1753531996825,12:13:16.825,BERA/USDT:USDT,2.189,2.0,2.188,629.0,2.191,3112.0,2.192,4970.0
1753531996885,12:13:16.885,BERA/USDT:USDT,2.189,2.0,2.188,629.0,2.191,3121.0,2.192,4961.0
1753531997291,12:13:17.291,BERA/USDT:USDT,2.189,2.0,2.188,629.0,2.191,3123.0,2.192,4961.0
1753531997685,12:13:17.685,BERA/USDT:USDT,2.189,2.0,2.188,629.0,2.19,202.0,2.191,3123.0
1753531997876,12:13:17.876,BERA/USDT:USDT,2.189,2.0,2.188,629.0,2.19,204.0,2.191,6008.0
1753531998369,12:13:18.369,BERA/USDT:USDT,2.189,2.0,2.188,629.0,2.19,204.0,2.191,6008.0
1753531998477,12:13:18.477,BERA/USDT:USDT,2.189,2.0,2.188,629.0,2.19,212.0,2.191,3655.0
1753531998521,12:13:18.521,BERA/USDT:USDT,2.189,2.0,2.188,399.0,2.19,214.0,2.191,3655.0
1753531998606,12:13:18.606,BERA/USDT:USDT,2.189,2.0,2.188,629.0,2.19,214.0,2.191,3960.0
1753531998765,12:13:18.765,BERA/USDT:USDT,2.189,2.0,2.188,629.0,2.19,214.0,2.191,3960.0
1753531998868,12:13:18.868,BERA/USDT:USDT,2.189,2.0,2.188,629.0,2.191,3121.0,2.192,6285.0
1753531998944,12:13:18.944,BERA/USDT:USDT,2.189,198.0,2.188,629.0,2.191,2145.0,2.192,2021.0
1753531998988,12:13:18.988,BERA/USDT:USDT,2.189,196.0,2.188,629.0,2.191,2145.0,2.192,2021.0
1753531999148,12:13:19.148,BERA/USDT:USDT,2.189,196.0,2.188,629.0,2.191,2143.0,2.192,2021.0
1753531999184,12:13:19.184,BERA/USDT:USDT,2.189,196.0,2.188,629.0,2.191,2145.0,2.192,2021.0
1753531999866,12:13:19.866,BERA/USDT:USDT,2.189,198.0,2.188,629.0,2.191,2143.0,2.192,2021.0
1753531999957,12:13:19.957,BERA/USDT:USDT,2.189,198.0,2.188,629.0,2.191,2465.0,2.192,2021.0
1753532000035,12:13:20.035,BERA/USDT:USDT,2.189,196.0,2.188,629.0,2.191,2467.0,2.192,2021.0
1753532000825,12:13:20.825,BERA/USDT:USDT,2.188,629.0,2.187,1819.0,2.191,2476.0,2.192,2012.0
1753532000955,12:13:20.955,BERA/USDT:USDT,2.189,2.0,2.188,629.0,2.191,2476.0,2.192,2012.0
1753532001145,12:13:21.145,BERA/USDT:USDT,2.189,2.0,2.188,629.0,2.191,2478.0,2.192,2012.0
1753532001949,12:13:21.949,BERA/USDT:USDT,2.189,2.0,2.188,629.0,2.191,2479.0,2.192,2012.0
1753532002235,12:13:22.235,BERA/USDT:USDT,2.189,2.0,2.188,629.0,2.191,2478.0,2.192,2012.0
1753532002632,12:13:22.632,BERA/USDT:USDT,2.189,2.0,2.188,629.0,2.19,204.0,2.191,2474.0
1753532002776,12:13:22.776,BERA/USDT:USDT,2.189,2.0,2.188,629.0,2.19,202.0,2.191,2474.0
1753532002827,12:13:22.827,BERA/USDT:USDT,2.189,2.0,2.188,629.0,2.19,204.0,2.191,2474.0
1753532003203,12:13:23.203,BERA/USDT:USDT,2.189,2.0,2.188,629.0,2.19,204.0,2.191,2474.0
1753532003474,12:13:23.474,BERA/USDT:USDT,2.189,2.0,2.188,629.0,2.19,400.0,2.191,2474.0
1753532003523,12:13:23.523,BERA/USDT:USDT,2.189,2.0,2.188,629.0,2.19,400.0,2.191,2474.0
1753532003671,12:13:23.671,BERA/USDT:USDT,2.189,2.0,2.188,629.0,2.19,398.0,2.191,2474.0
1753532003721,12:13:23.721,BERA/USDT:USDT,2.189,2.0,2.188,629.0,2.19,400.0,2.191,2474.0
1753532003846,12:13:23.846,BERA/USDT:USDT,2.189,2.0,2.188,629.0,2.19,997.0,2.191,2182.0
1753532004009,12:13:24.009,BERA/USDT:USDT,2.189,2.0,2.188,629.0,2.19,997.0,2.191,2182.0
1753532004339,12:13:24.339,BERA/USDT:USDT,2.189,2.0,2.188,429.0,2.19,997.0,2.191,2182.0
1753532004444,12:13:24.444,BERA/USDT:USDT,2.189,2.0,2.188,429.0,2.19,997.0,2.191,2182.0
1753532004869,12:13:24.869,BERA/USDT:USDT,2.189,2.0,2.188,429.0,2.19,995.0,2.191,2182.0
1753532005395,12:13:25.395,BERA/USDT:USDT,2.189,2.0,2.188,429.0,2.19,997.0,2.191,2182.0
1753532005697,12:13:25.697,BERA/USDT:USDT,2.189,2.0,2.188,429.0,2.19,995.0,2.191,2182.0
1753532005782,12:13:25.782,BERA/USDT:USDT,2.189,2.0,2.188,429.0,2.19,993.0,2.191,2182.0
1753532005936,12:13:25.936,BERA/USDT:USDT,2.189,2.0,2.188,429.0,2.19,993.0,2.191,2182.0
1753532006195,12:13:26.195,BERA/USDT:USDT,2.189,2.0,2.188,429.0,2.19,993.0,2.191,2182.0
1753532006321,12:13:26.321,BERA/USDT:USDT,2.189,2.0,2.188,429.0,2.19,997.0,2.191,2182.0
1753532007866,12:13:27.866,BERA/USDT:USDT,2.189,2.0,2.188,429.0,2.19,997.0,2.191,2182.0
1753532008007,12:13:28.007,BERA/USDT:USDT,2.189,2.0,2.188,429.0,2.19,997.0,2.191,2182.0
1753532008322,12:13:28.322,BERA/USDT:USDT,2.189,2.0,2.188,429.0,2.19,993.0,2.191,2182.0
1753532008408,12:13:28.408,BERA/USDT:USDT,2.189,2.0,2.188,429.0,2.19,997.0,2.191,2182.0
1753532008669,12:13:28.669,BERA/USDT:USDT,2.189,2.0,2.188,429.0,2.19,993.0,2.191,2182.0
1753532009130,12:13:29.130,BERA/USDT:USDT,2.189,2.0,2.188,429.0,2.19,997.0,2.191,2182.0
1753532009425,12:13:29.425,BERA/USDT:USDT,2.189,2.0,2.188,429.0,2.19,993.0,2.191,5906.0
1753532010320,12:13:30.320,BERA/USDT:USDT,2.189,2.0,2.188,429.0,2.19,997.0,2.191,5906.0
1753532010473,12:13:30.473,BERA/USDT:USDT,2.189,2.0,2.188,429.0,2.19,993.0,2.191,5906.0
1753532010656,12:13:30.656,BERA/USDT:USDT,2.189,2.0,2.188,429.0,2.19,995.0,2.191,5906.0
1753532010744,12:13:30.744,BERA/USDT:USDT,2.189,2.0,2.188,429.0,2.19,995.0,2.191,5906.0
1753532010796,12:13:30.796,BERA/USDT:USDT,2.189,2.0,2.188,429.0,2.19,997.0,2.191,5906.0
1753532010958,12:13:30.958,BERA/USDT:USDT,2.189,2.0,2.188,429.0,2.19,993.0,2.191,5906.0
1753532010986,12:13:30.986,BERA/USDT:USDT,2.189,2.0,2.188,429.0,2.19,997.0,2.191,5906.0
1753532011272,12:13:31.272,BERA/USDT:USDT,2.189,2.0,2.188,429.0,2.19,997.0,2.191,5906.0
1753532011558,12:13:31.558,BERA/USDT:USDT,2.189,2.0,2.187,1489.0,2.19,997.0,2.191,5906.0
1753532011679,12:13:31.679,BERA/USDT:USDT,2.188,2.0,2.187,1216.0,2.19,2273.0,2.191,5897.0
1753532011782,12:13:31.782,BERA/USDT:USDT,2.188,2.0,2.187,1216.0,2.19,2912.0,2.191,5897.0
1753532011804,12:13:31.804,BERA/USDT:USDT,2.188,2.0,2.187,1216.0,2.189,1344.0,2.19,2562.0
1753532011919,12:13:31.919,BERA/USDT:USDT,2.188,2.0,2.187,1216.0,2.189,1346.0,2.19,5410.0
1753532011988,12:13:31.988,BERA/USDT:USDT,2.188,2.0,2.187,1216.0,2.189,1348.0,2.19,5408.0
1753532012105,12:13:32.105,BERA/USDT:USDT,2.188,2.0,2.187,884.0,2.189,1348.0,2.19,5408.0
1753532012261,12:13:32.261,BERA/USDT:USDT,2.188,2.0,2.187,884.0,2.189,1348.0,2.19,5408.0
1753532012516,12:13:32.516,BERA/USDT:USDT,2.188,2.0,2.187,884.0,2.189,1348.0,2.19,5408.0
1753532012585,12:13:32.585,BERA/USDT:USDT,2.188,2.0,2.187,884.0,2.189,1348.0,2.19,5408.0
1753532013009,12:13:33.009,BERA/USDT:USDT,2.188,2.0,2.187,884.0,2.189,1348.0,2.19,5408.0
1753532013086,12:13:33.086,BERA/USDT:USDT,2.188,2.0,2.187,884.0,2.189,1348.0,2.19,5408.0
1753532013345,12:13:33.345,BERA/USDT:USDT,2.188,2.0,2.187,884.0,2.189,1348.0,2.19,5408.0
1753532014088,12:13:34.088,BERA/USDT:USDT,2.188,2.0,2.187,884.0,2.189,1348.0,2.19,5408.0
1753532014571,12:13:34.571,BERA/USDT:USDT,2.188,2.0,2.187,884.0,2.189,1344.0,2.19,5408.0
1753532015347,12:13:35.347,BERA/USDT:USDT,2.188,2.0,2.187,884.0,2.189,1344.0,2.19,5408.0
1753532016261,12:13:36.261,BERA/USDT:USDT,2.188,4.0,2.187,884.0,2.189,1344.0,2.19,5042.0
1753532016362,12:13:36.362,BERA/USDT:USDT,2.188,4.0,2.187,884.0,2.189,1344.0,2.19,5032.0
1753532016575,12:13:36.575,BERA/USDT:USDT,2.188,2.0,2.187,884.0,2.189,1344.0,2.19,5398.0
1753532017659,12:13:37.659,BERA/USDT:USDT,2.188,2.0,2.187,884.0,2.189,1144.0,2.19,5398.0
1753532018036,12:13:38.036,BERA/USDT:USDT,2.188,205.0,2.187,884.0,2.189,1144.0,2.19,5398.0
1753532018162,12:13:38.162,BERA/USDT:USDT,2.188,205.0,2.187,884.0,2.189,1144.0,2.19,5398.0
1753532018331,12:13:38.331,BERA/USDT:USDT,2.188,205.0,2.187,884.0,2.189,1144.0,2.19,5398.0
1753532018396,12:13:38.396,BERA/USDT:USDT,2.188,203.0,2.187,884.0,2.189,1144.0,2.19,5398.0
1753532018485,12:13:38.485,BERA/USDT:USDT,2.188,205.0,2.187,884.0,2.189,1144.0,2.19,5398.0
1753532018883,12:13:38.883,BERA/USDT:USDT,2.188,201.0,2.187,884.0,2.19,5398.0,2.191,6718.0
1753532018925,12:13:38.925,BERA/USDT:USDT,2.188,431.0,2.187,1157.0,2.191,2189.0,2.192,6162.0
1753532019070,12:13:39.070,BERA/USDT:USDT,2.189,2.0,2.188,429.0,2.19,1346.0,2.191,1333.0
1753532019142,12:13:39.142,BERA/USDT:USDT,2.189,2.0,2.188,429.0,2.19,1346.0,2.191,1331.0
1753532019234,12:13:39.234,BERA/USDT:USDT,2.189,2.0,2.188,429.0,2.19,1346.0,2.191,1331.0
1753532019333,12:13:39.333,BERA/USDT:USDT,2.189,2.0,2.188,429.0,2.19,1346.0,2.191,1331.0
1753532019578,12:13:39.578,BERA/USDT:USDT,2.189,2.0,2.188,429.0,2.19,1348.0,2.191,1331.0
1753532019965,12:13:39.965,BERA/USDT:USDT,2.189,2.0,2.188,429.0,2.19,1344.0,2.191,1331.0
1753532020024,12:13:40.024,BERA/USDT:USDT,2.189,2.0,2.188,429.0,2.19,1344.0,2.191,1331.0
1753532020180,12:13:40.180,BERA/USDT:USDT,2.189,2.0,2.188,429.0,2.19,1344.0,2.191,734.0
1753532020363,12:13:40.363,BERA/USDT:USDT,2.189,2.0,2.188,429.0,2.19,1344.0,2.191,734.0
1753532020509,12:13:40.509,BERA/USDT:USDT,2.189,2.0,2.188,429.0,2.19,1344.0,2.191,734.0
1753532020877,12:13:40.877,BERA/USDT:USDT,2.189,2.0,2.188,429.0,2.19,1344.0,2.191,734.0
1753532021136,12:13:41.136,BERA/USDT:USDT,2.189,2.0,2.188,429.0,2.19,1346.0,2.191,734.0
1753532021337,12:13:41.337,BERA/USDT:USDT,2.189,2.0,2.188,429.0,2.19,1346.0,2.191,734.0
1753532021715,12:13:41.715,BERA/USDT:USDT,2.189,2.0,2.188,429.0,2.19,1344.0,2.191,734.0
1753532021958,12:13:41.958,BERA/USDT:USDT,2.189,2.0,2.188,429.0,2.19,1344.0,2.191,734.0
1753532021986,12:13:41.986,BERA/USDT:USDT,2.189,2.0,2.188,429.0,2.19,1346.0,2.191,734.0
1753532022459,12:13:42.459,BERA/USDT:USDT,2.189,2.0,2.188,429.0,2.19,1344.0,2.191,734.0
1753532023657,12:13:43.657,BERA/USDT:USDT,2.189,2.0,2.188,429.0,2.19,1344.0,2.191,734.0
1753532023707,12:13:43.707,BERA/USDT:USDT,2.189,4.0,2.188,429.0,2.19,1344.0,2.191,734.0
1753532024059,12:13:44.059,BERA/USDT:USDT,2.189,2.0,2.188,429.0,2.19,1344.0,2.191,734.0
1753532024226,12:13:44.226,BERA/USDT:USDT,2.189,2.0,2.188,429.0,2.19,1348.0,2.191,734.0
1753532025332,12:13:45.332,BERA/USDT:USDT,2.189,2.0,2.188,429.0,2.19,1346.0,2.191,734.0
1753532025474,12:13:45.474,BERA/USDT:USDT,2.189,2.0,2.188,429.0,2.19,1344.0,2.191,734.0
1753532026025,12:13:46.025,BERA/USDT:USDT,2.189,2.0,2.188,429.0,2.19,1344.0,2.191,734.0
1753532026137,12:13:46.137,BERA/USDT:USDT,2.189,2.0,2.188,429.0,2.19,1344.0,2.191,734.0
1753532026260,12:13:46.260,BERA/USDT:USDT,2.189,4.0,2.188,429.0,2.19,1344.0,2.191,734.0
1753532026373,12:13:46.373,BERA/USDT:USDT,2.189,4.0,2.188,429.0,2.19,1344.0,2.191,734.0
1753532026666,12:13:46.666,BERA/USDT:USDT,2.189,6.0,2.188,825.0,2.19,1344.0,2.191,734.0
1753532026721,12:13:46.721,BERA/USDT:USDT,2.189,6.0,2.188,825.0,2.19,1344.0,2.191,734.0
1753532026827,12:13:46.827,BERA/USDT:USDT,2.189,6.0,2.188,825.0,2.19,1144.0,2.191,734.0
1753532027260,12:13:47.260,BERA/USDT:USDT,2.189,6.0,2.188,825.0,2.19,1144.0,2.191,734.0
1753532027356,12:13:47.356,BERA/USDT:USDT,2.189,6.0,2.188,825.0,2.19,1144.0,2.191,734.0
1753532029327,12:13:49.327,BERA/USDT:USDT,2.189,6.0,2.188,1025.0,2.19,1144.0,2.191,734.0
1753532029677,12:13:49.677,BERA/USDT:USDT,2.189,6.0,2.188,1025.0,2.19,1144.0,2.191,3694.0
1753532029709,12:13:49.709,BERA/USDT:USDT,2.189,4.0,2.188,1025.0,2.19,1144.0,2.191,4977.0
1753532030277,12:13:50.277,BERA/USDT:USDT,2.189,2.0,2.188,1025.0,2.19,1144.0,2.191,4977.0
1753532030486,12:13:50.486,BERA/USDT:USDT,2.189,2.0,2.188,1025.0,2.19,1146.0,2.191,4977.0
1753532030945,12:13:50.945,BERA/USDT:USDT,2.189,2.0,2.188,1025.0,2.19,1146.0,2.191,4977.0
1753532031155,12:13:51.155,BERA/USDT:USDT,2.189,2.0,2.188,1025.0,2.19,1144.0,2.191,4977.0
1753532031766,12:13:51.766,BERA/USDT:USDT,2.189,2.0,2.188,1025.0,2.19,1144.0,2.191,4977.0
1753532032110,12:13:52.110,BERA/USDT:USDT,2.189,2.0,2.188,1025.0,2.19,1144.0,2.191,4977.0
1753532032293,12:13:52.293,BERA/USDT:USDT,2.189,2.0,2.188,1025.0,2.19,1344.0,2.191,4977.0
1753532032456,12:13:52.456,BERA/USDT:USDT,2.189,4.0,2.188,1025.0,2.19,1344.0,2.191,4977.0
1753532033404,12:13:53.404,BERA/USDT:USDT,2.189,2.0,2.188,1025.0,2.19,1344.0,2.191,4977.0
1753532033751,12:13:53.751,BERA/USDT:USDT,2.189,2.0,2.188,1025.0,2.19,1346.0,2.191,4977.0
1753532033843,12:13:53.843,BERA/USDT:USDT,2.189,2.0,2.188,1025.0,2.19,1348.0,2.191,4977.0
1753532034155,12:13:54.155,BERA/USDT:USDT,2.189,2.0,2.188,1025.0,2.19,1344.0,2.191,4977.0
1753532034186,12:13:54.186,BERA/USDT:USDT,2.189,2.0,2.188,1025.0,2.19,1346.0,2.191,4977.0
1753532034730,12:13:54.730,BERA/USDT:USDT,2.189,2.0,2.188,1025.0,2.19,1344.0,2.191,4977.0
1753532035156,12:13:55.156,BERA/USDT:USDT,2.189,2.0,2.188,1025.0,2.19,1346.0,2.191,4977.0
1753532035379,12:13:55.379,BERA/USDT:USDT,2.189,4.0,2.188,1025.0,2.19,1144.0,2.191,4977.0
1753532035384,12:13:55.384,BERA/USDT:USDT,2.189,6.0,2.188,1025.0,2.19,1144.0,2.191,4977.0
1753532035745,12:13:55.745,BERA/USDT:USDT,2.189,324.0,2.188,1025.0,2.191,6120.0,2.192,7139.0
1753532035809,12:13:55.809,BERA/USDT:USDT,2.189,322.0,2.188,1025.0,2.191,3165.0,2.192,5194.0
1753532035885,12:13:55.885,BERA/USDT:USDT,2.189,322.0,2.188,1025.0,2.191,3165.0,2.192,5194.0
1753532036070,12:13:56.070,BERA/USDT:USDT,2.189,322.0,2.188,1025.0,2.191,3165.0,2.192,5194.0
1753532036378,12:13:56.378,BERA/USDT:USDT,2.189,322.0,2.188,1025.0,2.191,3165.0,2.192,5194.0
1753532036555,12:13:56.555,BERA/USDT:USDT,2.189,322.0,2.188,1025.0,2.191,3165.0,2.192,5184.0
1753532037389,12:13:57.389,BERA/USDT:USDT,2.189,322.0,2.188,1025.0,2.191,3165.0,2.192,5184.0
1753532038967,12:13:58.967,BERA/USDT:USDT,2.188,1025.0,2.187,2661.0,2.191,3165.0,2.192,5184.0
1753532039009,12:13:59.009,BERA/USDT:USDT,2.189,2.0,2.188,1025.0,2.191,3174.0,2.192,5175.0
1753532039317,12:13:59.317,BERA/USDT:USDT,2.189,2.0,2.188,1025.0,2.191,3174.0,2.192,5175.0
1753532040537,12:14:00.537,BERA/USDT:USDT,2.189,2.0,2.188,1025.0,2.191,3174.0,2.192,5175.0
1753532041004,12:14:01.004,BERA/USDT:USDT,2.189,2.0,2.188,1025.0,2.191,3174.0,2.192,5175.0
1753532041212,12:14:01.212,BERA/USDT:USDT,2.189,320.0,2.188,1025.0,2.191,3165.0,2.192,5184.0
1753532041290,12:14:01.290,BERA/USDT:USDT,2.189,318.0,2.188,1025.0,2.191,3165.0,2.192,5184.0
1753532041712,12:14:01.712,BERA/USDT:USDT,2.189,318.0,2.188,1025.0,2.191,3165.0,2.192,5184.0
1753532042008,12:14:02.008,BERA/USDT:USDT,2.189,201.0,2.188,1025.0,2.191,3165.0,2.192,5184.0
1753532042146,12:14:02.146,BERA/USDT:USDT,2.189,201.0,2.188,1025.0,2.191,3165.0,2.192,5184.0
1753532042966,12:14:02.966,BERA/USDT:USDT,2.189,318.0,2.188,1025.0,2.191,3165.0,2.192,5184.0
1753532043274,12:14:03.274,BERA/USDT:USDT,2.189,201.0,2.188,1025.0,2.191,3165.0,2.192,5184.0
1753532043445,12:14:03.445,BERA/USDT:USDT,2.188,1025.0,2.187,2651.0,2.191,3174.0,2.192,5175.0
1753532043491,12:14:03.491,BERA/USDT:USDT,2.189,2.0,2.188,1025.0,2.191,3174.0,2.192,5175.0
1753532045339,12:14:05.339,BERA/USDT:USDT,2.189,2.0,2.188,1025.0,2.191,3174.0,2.192,5175.0
1753532045778,12:14:05.778,BERA/USDT:USDT,2.189,2.0,2.188,1025.0,2.191,3174.0,2.192,5175.0
1753532046138,12:14:06.138,BERA/USDT:USDT,2.189,2.0,2.188,1025.0,2.19,200.0,2.191,3174.0
1753532046205,12:14:06.205,BERA/USDT:USDT,2.189,2.0,2.188,1025.0,2.19,200.0,2.191,4837.0
1753532047421,12:14:07.421,BERA/USDT:USDT,2.189,2.0,2.188,1025.0,2.19,200.0,2.191,4837.0
1753532047837,12:14:07.837,BERA/USDT:USDT,2.189,2.0,2.188,1025.0,2.19,200.0,2.191,4837.0
1753532047980,12:14:07.980,BERA/USDT:USDT,2.189,2.0,2.188,1025.0,2.19,204.0,2.191,4837.0
1753532047986,12:14:07.986,BERA/USDT:USDT,2.189,2.0,2.188,1025.0,2.19,204.0,2.191,4837.0
1753532050145,12:14:10.145,BERA/USDT:USDT,2.189,2.0,2.188,1025.0,2.19,200.0,2.191,4837.0
1753532050196,12:14:10.196,BERA/USDT:USDT,2.189,4.0,2.188,1025.0,2.19,200.0,2.191,4837.0
1753532050457,12:14:10.457,BERA/USDT:USDT,2.189,2.0,2.188,1025.0,2.19,200.0,2.191,4837.0
1753532051277,12:14:11.277,BERA/USDT:USDT,2.189,2.0,2.188,1025.0,2.19,202.0,2.191,4837.0
1753532051353,12:14:11.353,BERA/USDT:USDT,2.189,2.0,2.188,1025.0,2.19,200.0,2.191,4837.0
1753532051809,12:14:11.809,BERA/USDT:USDT,2.189,6.0,2.188,1025.0,2.19,200.0,2.191,4837.0
1753532052042,12:14:12.042,BERA/USDT:USDT,2.189,2.0,2.188,1025.0,2.19,200.0,2.191,4837.0
1753532052452,12:14:12.452,BERA/USDT:USDT,2.189,6.0,2.188,1025.0,2.19,200.0,2.191,4837.0
1753532052795,12:14:12.795,BERA/USDT:USDT,2.189,4.0,2.188,1025.0,2.19,200.0,2.191,4837.0
1753532053564,12:14:13.564,BERA/USDT:USDT,2.189,206.0,2.188,1025.0,2.19,200.0,2.191,4837.0
1753532054160,12:14:14.160,BERA/USDT:USDT,2.189,202.0,2.188,1025.0,2.19,200.0,2.191,4837.0
1753532054211,12:14:14.211,BERA/USDT:USDT,2.189,202.0,2.188,1025.0,2.19,200.0,2.191,4837.0
1753532054371,12:14:14.371,BERA/USDT:USDT,2.189,206.0,2.188,1025.0,2.19,200.0,2.191,4837.0
1753532054942,12:14:14.942,BERA/USDT:USDT,2.189,202.0,2.188,1025.0,2.19,200.0,2.191,4837.0
