timestamp,time,symbol,bid1_price,bid1_volume,bid2_price,bid2_volume,ask1_price,ask1_volume,ask2_price,ask2_volume
1753531618000,12:06:58.000,BLUR/USDT:USDT,0.10378,693.0,0.10377,907.0,0.10383,693.0,0.10384,716.0
1753531619511,12:06:59.511,BLUR/USDT:USDT,0.10378,693.0,0.10377,907.0,0.10383,693.0,0.10384,716.0
1753531621278,12:07:01.278,BLUR/USDT:USDT,0.10378,693.0,0.10377,907.0,0.10383,693.0,0.10384,716.0
1753531621538,12:07:01.538,BLUR/USDT:USDT,0.10378,693.0,0.10377,907.0,0.10383,693.0,0.10384,716.0
1753531621898,12:07:01.898,BLUR/USDT:USDT,0.10378,693.0,0.10377,907.0,0.10383,693.0,0.10384,716.0
1753531622800,12:07:02.800,BLUR/USDT:USDT,0.10378,693.0,0.10377,907.0,0.10382,688.0,0.10383,790.0
1753531623317,12:07:03.317,BLUR/USDT:USDT,0.10377,713.0,0.10376,700.0,0.10382,688.0,0.10383,790.0
1753531623477,12:07:03.477,BLUR/USDT:USDT,0.10377,713.0,0.10376,700.0,0.10382,688.0,0.10383,790.0
1753531624113,12:07:04.113,BLUR/USDT:USDT,0.10376,4.0,0.10374,7851.0,0.10382,688.0,0.10383,790.0
1753531624196,12:07:04.196,BLUR/USDT:USDT,0.10376,688.0,0.10375,4.0,0.10381,688.0,0.10382,785.0
1753531624290,12:07:04.290,BLUR/USDT:USDT,0.10377,688.0,0.10376,882.0,0.1038,688.0,0.10381,785.0
1753531624390,12:07:04.390,BLUR/USDT:USDT,0.10377,688.0,0.10376,882.0,0.10381,688.0,0.10382,708.0
1753531624565,12:07:04.565,BLUR/USDT:USDT,0.10377,688.0,0.10376,882.0,0.10381,688.0,0.10382,708.0
1753531624898,12:07:04.898,BLUR/USDT:USDT,0.10377,688.0,0.10376,785.0,0.1038,688.0,0.10381,786.0
1753531625299,12:07:05.299,BLUR/USDT:USDT,0.10376,688.0,0.10375,2359.0,0.1038,688.0,0.10381,786.0
1753531625399,12:07:05.399,BLUR/USDT:USDT,0.10376,688.0,0.10375,2359.0,0.1038,688.0,0.10381,786.0
1753531626003,12:07:06.003,BLUR/USDT:USDT,0.10376,688.0,0.10375,2359.0,0.1038,688.0,0.10381,786.0
1753531626152,12:07:06.152,BLUR/USDT:USDT,0.10376,688.0,0.10375,2359.0,0.1038,688.0,0.10381,786.0
1753531626389,12:07:06.389,BLUR/USDT:USDT,0.10376,688.0,0.10375,2359.0,0.1038,688.0,0.10381,786.0
1753531626697,12:07:06.697,BLUR/USDT:USDT,0.10376,688.0,0.10375,2359.0,0.1038,688.0,0.10381,786.0
1753531626876,12:07:06.876,BLUR/USDT:USDT,0.10376,688.0,0.10375,2359.0,0.1038,688.0,0.10381,786.0
1753531627198,12:07:07.198,BLUR/USDT:USDT,0.10376,688.0,0.10375,2359.0,0.1038,688.0,0.10381,786.0
1753531627351,12:07:07.351,BLUR/USDT:USDT,0.10376,688.0,0.10375,2359.0,0.1038,688.0,0.10381,786.0
1753531627581,12:07:07.581,BLUR/USDT:USDT,0.10376,688.0,0.10375,4.0,0.1038,688.0,0.10381,786.0
1753531628010,12:07:08.010,BLUR/USDT:USDT,0.10376,688.0,0.10375,4.0,0.1038,688.0,0.10381,786.0
1753531628018,12:07:08.018,BLUR/USDT:USDT,0.10376,688.0,0.10375,2359.0,0.1038,688.0,0.10381,786.0
1753531628200,12:07:08.200,BLUR/USDT:USDT,0.10376,688.0,0.10375,2359.0,0.1038,688.0,0.10381,786.0
1753531628218,12:07:08.218,BLUR/USDT:USDT,0.10376,688.0,0.10375,2359.0,0.1038,688.0,0.10381,786.0
1753531629004,12:07:09.004,BLUR/USDT:USDT,0.10376,688.0,0.10375,2359.0,0.1038,688.0,0.10381,786.0
1753531629021,12:07:09.021,BLUR/USDT:USDT,0.10376,688.0,0.10375,4767.0,0.1038,688.0,0.10381,786.0
1753531629507,12:07:09.507,BLUR/USDT:USDT,0.10377,688.0,0.10376,882.0,0.10381,689.0,0.10382,20.0
1753531629521,12:07:09.521,BLUR/USDT:USDT,0.10377,688.0,0.10376,882.0,0.10381,689.0,0.10383,713.0
1753531629851,12:07:09.851,BLUR/USDT:USDT,0.10377,688.0,0.10376,882.0,0.10381,689.0,0.10383,713.0
1753531630028,12:07:10.028,BLUR/USDT:USDT,0.10377,688.0,0.10376,882.0,0.10381,689.0,0.10383,713.0
1753531630978,12:07:10.978,BLUR/USDT:USDT,0.10377,688.0,0.10376,882.0,0.10381,1.0,0.10383,713.0
1753531631090,12:07:11.090,BLUR/USDT:USDT,0.10377,688.0,0.10376,882.0,0.10381,1.0,0.10383,693.0
1753531631193,12:07:11.193,BLUR/USDT:USDT,0.10377,688.0,0.10376,882.0,0.10381,1.0,0.10383,693.0
1753531631240,12:07:11.240,BLUR/USDT:USDT,0.10377,688.0,0.10376,882.0,0.10381,1.0,0.10383,693.0
1753531632007,12:07:12.007,BLUR/USDT:USDT,0.10377,688.0,0.10376,882.0,0.10381,688.0,0.10383,693.0
1753531632088,12:07:12.088,BLUR/USDT:USDT,0.10377,688.0,0.10376,882.0,0.10381,1.0,0.10383,693.0
1753531632241,12:07:12.241,BLUR/USDT:USDT,0.10377,688.0,0.10376,882.0,0.10381,688.0,0.10383,693.0
1753531633005,12:07:13.005,BLUR/USDT:USDT,0.10377,688.0,0.10376,882.0,0.10381,688.0,0.10383,693.0
1753531633018,12:07:13.018,BLUR/USDT:USDT,0.10377,688.0,0.10376,882.0,0.10381,688.0,0.10383,693.0
1753531633135,12:07:13.135,BLUR/USDT:USDT,0.10377,688.0,0.10376,882.0,0.10381,1.0,0.10383,693.0
1753531633238,12:07:13.238,BLUR/USDT:USDT,0.10377,688.0,0.10376,882.0,0.10383,693.0,0.10384,716.0
1753531633480,12:07:13.480,BLUR/USDT:USDT,0.10377,688.0,0.10376,882.0,0.10383,693.0,0.10384,716.0
1753531633894,12:07:13.894,BLUR/USDT:USDT,0.10377,688.0,0.10376,882.0,0.10383,693.0,0.10384,716.0
1753531634004,12:07:14.004,BLUR/USDT:USDT,0.10377,688.0,0.10376,882.0,0.10383,693.0,0.10384,716.0
1753531634289,12:07:14.289,BLUR/USDT:USDT,0.10377,688.0,0.10376,882.0,0.10383,693.0,0.10384,716.0
1753531634901,12:07:14.901,BLUR/USDT:USDT,0.10377,687.0,0.10375,2412.0,0.10383,693.0,0.10384,716.0
1753531635002,12:07:15.002,BLUR/USDT:USDT,0.10377,687.0,0.10375,2412.0,0.10382,784.0,0.10383,790.0
1753531635092,12:07:15.092,BLUR/USDT:USDT,0.10376,687.0,0.10375,2412.0,0.10381,687.0,0.10382,784.0
1753531635122,12:07:15.122,BLUR/USDT:USDT,0.10376,687.0,0.10375,2412.0,0.10381,687.0,0.10382,804.0
1753531635308,12:07:15.308,BLUR/USDT:USDT,0.10376,687.0,0.10375,2412.0,0.10381,687.0,0.10382,804.0
1753531635317,12:07:15.317,BLUR/USDT:USDT,0.10376,687.0,0.10375,4767.0,0.10381,687.0,0.10382,804.0
1753531635615,12:07:15.615,BLUR/USDT:USDT,0.10377,687.0,0.10376,881.0,0.10381,687.0,0.10382,804.0
1753531635616,12:07:15.616,BLUR/USDT:USDT,0.10377,687.0,0.10376,881.0,0.10381,687.0,0.10382,804.0
1753531636031,12:07:16.031,BLUR/USDT:USDT,0.10377,687.0,0.10376,881.0,0.10381,687.0,0.10382,804.0
1753531636123,12:07:16.123,BLUR/USDT:USDT,0.10377,687.0,0.10376,881.0,0.10381,687.0,0.10382,784.0
1753531636362,12:07:16.362,BLUR/USDT:USDT,0.10377,687.0,0.10376,881.0,0.10381,687.0,0.10382,784.0
1753531636617,12:07:16.617,BLUR/USDT:USDT,0.10377,687.0,0.10376,881.0,0.10381,687.0,0.10382,784.0
1753531638004,12:07:18.004,BLUR/USDT:USDT,0.10377,687.0,0.10376,881.0,0.10381,687.0,0.10382,784.0
1753531638412,12:07:18.412,BLUR/USDT:USDT,0.10377,687.0,0.10376,881.0,0.10381,687.0,0.10382,784.0
1753531638515,12:07:18.515,BLUR/USDT:USDT,0.10377,687.0,0.10376,784.0,0.10381,687.0,0.10382,784.0
1753531638586,12:07:18.586,BLUR/USDT:USDT,0.10376,687.0,0.10375,4767.0,0.10381,687.0,0.10382,784.0
1753531638787,12:07:18.787,BLUR/USDT:USDT,0.10376,687.0,0.10375,4767.0,0.10381,687.0,0.10382,784.0
1753531639006,12:07:19.006,BLUR/USDT:USDT,0.10376,687.0,0.10375,4767.0,0.10381,687.0,0.10382,784.0
1753531639021,12:07:19.021,BLUR/USDT:USDT,0.10376,687.0,0.10375,4767.0,0.10381,687.0,0.10382,784.0
1753531639189,12:07:19.189,BLUR/USDT:USDT,0.10376,687.0,0.10375,4767.0,0.10381,687.0,0.10382,784.0
1753531639594,12:07:19.594,BLUR/USDT:USDT,0.10376,687.0,0.10375,4767.0,0.10381,687.0,0.10382,784.0
1753531639706,12:07:19.706,BLUR/USDT:USDT,0.10377,687.0,0.10376,784.0,0.10381,687.0,0.10382,784.0
1753531639798,12:07:19.798,BLUR/USDT:USDT,0.10377,687.0,0.10376,784.0,0.10381,687.0,0.10382,784.0
1753531639862,12:07:19.862,BLUR/USDT:USDT,0.10377,687.0,0.10376,784.0,0.10381,687.0,0.10382,784.0
1753531640296,12:07:20.296,BLUR/USDT:USDT,0.10378,687.0,0.10377,784.0,0.10381,687.0,0.10382,784.0
1753531640377,12:07:20.377,BLUR/USDT:USDT,0.10378,687.0,0.10377,788.0,0.10381,687.0,0.10382,784.0
1753531640473,12:07:20.473,BLUR/USDT:USDT,0.10378,687.0,0.10377,788.0,0.1038,5892.0,0.10381,687.0
1753531640521,12:07:20.521,BLUR/USDT:USDT,0.10378,687.0,0.10377,788.0,0.1038,5892.0,0.10381,687.0
1753531640839,12:07:20.839,BLUR/USDT:USDT,0.10378,687.0,0.10377,788.0,0.1038,5892.0,0.10381,687.0
1753531641004,12:07:21.004,BLUR/USDT:USDT,0.10378,687.0,0.10377,788.0,0.1038,5892.0,0.10381,687.0
1753531641474,12:07:21.474,BLUR/USDT:USDT,0.10378,687.0,0.10377,788.0,0.1038,5892.0,0.10381,687.0
1753531641572,12:07:21.572,BLUR/USDT:USDT,0.10378,687.0,0.10377,788.0,0.1038,5892.0,0.10382,784.0
1753531641657,12:07:21.657,BLUR/USDT:USDT,0.10378,687.0,0.10377,788.0,0.1038,5892.0,0.10382,784.0
1753531641716,12:07:21.716,BLUR/USDT:USDT,0.10378,687.0,0.10377,788.0,0.1038,5892.0,0.10382,784.0
1753531642497,12:07:22.497,BLUR/USDT:USDT,0.10378,687.0,0.10377,788.0,0.1038,3990.0,0.10382,784.0
1753531642796,12:07:22.796,BLUR/USDT:USDT,0.10378,687.0,0.10377,788.0,0.10382,784.0,0.10384,696.0
1753531642876,12:07:22.876,BLUR/USDT:USDT,0.10378,687.0,0.10377,788.0,0.10381,708.0,0.10382,784.0
1753531643016,12:07:23.016,BLUR/USDT:USDT,0.10378,687.0,0.10377,788.0,0.10381,708.0,0.10382,784.0
1753531643197,12:07:23.197,BLUR/USDT:USDT,0.10378,687.0,0.10377,788.0,0.10382,784.0,0.10384,716.0
1753531645200,12:07:25.200,BLUR/USDT:USDT,0.10379,708.0,0.10378,784.0,0.10384,716.0,0.10385,5600.0
1753531645315,12:07:25.315,BLUR/USDT:USDT,0.10379,708.0,0.10378,784.0,0.10383,708.0,0.10384,813.0
1753531645390,12:07:25.390,BLUR/USDT:USDT,0.10381,708.0,0.1038,708.0,0.10384,813.0,0.10385,5600.0
1753531645498,12:07:25.498,BLUR/USDT:USDT,0.1038,809.0,0.10379,902.0,0.10383,708.0,0.10384,813.0
1753531645555,12:07:25.555,BLUR/USDT:USDT,0.1038,805.0,0.10379,906.0,0.10383,708.0,0.10384,813.0
1753531645713,12:07:25.713,BLUR/USDT:USDT,0.1038,805.0,0.10379,906.0,0.10383,708.0,0.10384,813.0
1753531646031,12:07:26.031,BLUR/USDT:USDT,0.1038,805.0,0.10379,906.0,0.10383,708.0,0.10384,813.0
1753531646519,12:07:26.519,BLUR/USDT:USDT,0.1038,708.0,0.10379,809.0,0.10383,708.0,0.10384,813.0
1753531646758,12:07:26.758,BLUR/USDT:USDT,0.1038,708.0,0.10379,809.0,0.10383,708.0,0.10384,813.0
1753531646914,12:07:26.914,BLUR/USDT:USDT,0.10379,708.0,0.10378,4.0,0.10383,708.0,0.10384,813.0
1753531646932,12:07:26.932,BLUR/USDT:USDT,0.10379,708.0,0.10377,691.0,0.10383,708.0,0.10384,813.0
1753531647399,12:07:27.399,BLUR/USDT:USDT,0.10379,708.0,0.10377,691.0,0.10383,708.0,0.10384,813.0
1753531647451,12:07:27.451,BLUR/USDT:USDT,0.10379,708.0,0.10377,691.0,0.10383,708.0,0.10384,813.0
1753531647805,12:07:27.805,BLUR/USDT:USDT,0.10379,902.0,0.10377,691.0,0.10383,708.0,0.10384,813.0
1753531647903,12:07:27.903,BLUR/USDT:USDT,0.1038,708.0,0.10379,902.0,0.10383,708.0,0.10384,813.0
1753531648005,12:07:28.005,BLUR/USDT:USDT,0.1038,708.0,0.10379,902.0,0.10383,708.0,0.10384,716.0
1753531648088,12:07:28.088,BLUR/USDT:USDT,0.1038,708.0,0.10379,902.0,0.10383,708.0,0.10384,716.0
1753531648478,12:07:28.478,BLUR/USDT:USDT,0.1038,708.0,0.10379,902.0,0.10383,708.0,0.10384,716.0
1753531648883,12:07:28.883,BLUR/USDT:USDT,0.1038,708.0,0.10379,902.0,0.10383,708.0,0.10384,716.0
1753531649797,12:07:29.797,BLUR/USDT:USDT,0.1038,708.0,0.10379,902.0,0.10383,708.0,0.10384,716.0
1753531650703,12:07:30.703,BLUR/USDT:USDT,0.1038,708.0,0.10379,902.0,0.10383,708.0,0.10384,716.0
1753531650720,12:07:30.720,BLUR/USDT:USDT,0.1038,708.0,0.10379,902.0,0.10383,708.0,0.10384,716.0
1753531651238,12:07:31.238,BLUR/USDT:USDT,0.1038,708.0,0.10379,902.0,0.10383,708.0,0.10384,716.0
1753531651356,12:07:31.356,BLUR/USDT:USDT,0.1038,708.0,0.10379,902.0,0.10383,708.0,0.10384,716.0
1753531651502,12:07:31.502,BLUR/USDT:USDT,0.10377,691.0,0.10376,687.0,0.10383,805.0,0.10384,716.0
1753531651580,12:07:31.580,BLUR/USDT:USDT,0.10378,702.0,0.10377,687.0,0.10382,702.0,0.10383,805.0
1753531651671,12:07:31.671,BLUR/USDT:USDT,0.10377,687.0,0.10376,691.0,0.10382,702.0,0.10383,805.0
1753531652697,12:07:32.697,BLUR/USDT:USDT,0.10377,687.0,0.10376,691.0,0.10382,702.0,0.10383,805.0
1753531652718,12:07:32.718,BLUR/USDT:USDT,0.10377,687.0,0.10376,691.0,0.10382,702.0,0.10383,805.0
1753531653059,12:07:33.059,BLUR/USDT:USDT,0.10377,687.0,0.10376,691.0,0.10382,702.0,0.10383,805.0
1753531653157,12:07:33.157,BLUR/USDT:USDT,0.10377,687.0,0.10376,691.0,0.10382,702.0,0.10383,805.0
1753531653227,12:07:33.227,BLUR/USDT:USDT,0.10377,687.0,0.10376,691.0,0.10382,702.0,0.10383,805.0
1753531653806,12:07:33.806,BLUR/USDT:USDT,0.10377,784.0,0.10376,691.0,0.10382,702.0,0.10383,805.0
1753531653838,12:07:33.838,BLUR/USDT:USDT,0.10377,784.0,0.10376,691.0,0.10382,702.0,0.10383,805.0
1753531654007,12:07:34.007,BLUR/USDT:USDT,0.10377,881.0,0.10376,691.0,0.10382,702.0,0.10383,805.0
1753531654033,12:07:34.033,BLUR/USDT:USDT,0.10377,881.0,0.10376,691.0,0.10382,702.0,0.10383,805.0
1753531654277,12:07:34.277,BLUR/USDT:USDT,0.10377,881.0,0.10376,691.0,0.10382,702.0,0.10383,805.0
1753531654466,12:07:34.466,BLUR/USDT:USDT,0.10378,702.0,0.10377,881.0,0.10382,702.0,0.10383,805.0
1753531654574,12:07:34.574,BLUR/USDT:USDT,0.10377,881.0,0.10376,691.0,0.10382,702.0,0.10383,805.0
1753531655312,12:07:35.312,BLUR/USDT:USDT,0.10376,4.0,0.10375,4763.0,0.10382,702.0,0.10383,805.0
1753531655414,12:07:35.414,BLUR/USDT:USDT,0.10376,4.0,0.10375,2408.0,0.10382,799.0,0.10383,805.0
1753531655512,12:07:35.512,BLUR/USDT:USDT,0.10376,4.0,0.10368,707.0,0.1038,702.0,0.10381,799.0
1753531655560,12:07:35.560,BLUR/USDT:USDT,0.10369,702.0,0.10368,711.0,0.1038,702.0,0.10381,819.0
1753531655637,12:07:35.637,BLUR/USDT:USDT,0.10369,702.0,0.10368,711.0,0.1038,702.0,0.10381,819.0
1753531655809,12:07:35.809,BLUR/USDT:USDT,0.10369,702.0,0.10368,711.0,0.1038,702.0,0.10381,819.0
1753531655877,12:07:35.877,BLUR/USDT:USDT,0.10369,702.0,0.10368,711.0,0.10378,702.0,0.10379,4904.0
1753531655938,12:07:35.938,BLUR/USDT:USDT,0.10369,702.0,0.10368,711.0,0.10377,702.0,0.10378,722.0
1753531656020,12:07:36.020,BLUR/USDT:USDT,0.10369,702.0,0.10368,711.0,0.10377,702.0,0.10378,722.0
1753531656180,12:07:36.180,BLUR/USDT:USDT,0.10369,702.0,0.10368,711.0,0.10377,702.0,0.10378,722.0
1753531656217,12:07:36.217,BLUR/USDT:USDT,0.10369,702.0,0.10368,711.0,0.10377,702.0,0.10378,722.0
1753531656797,12:07:36.797,BLUR/USDT:USDT,0.10369,702.0,0.10368,711.0,0.10377,702.0,0.10378,722.0
1753531656896,12:07:36.896,BLUR/USDT:USDT,0.1037,702.0,0.10369,799.0,0.10377,702.0,0.10378,722.0
1753531657005,12:07:37.005,BLUR/USDT:USDT,0.10371,702.0,0.1037,799.0,0.10376,702.0,0.10377,799.0
1753531657098,12:07:37.098,BLUR/USDT:USDT,0.10371,702.0,0.1037,803.0,0.10376,702.0,0.10377,799.0
1753531657215,12:07:37.215,BLUR/USDT:USDT,0.10371,702.0,0.1037,803.0,0.10376,702.0,0.10377,799.0
1753531657278,12:07:37.278,BLUR/USDT:USDT,0.10373,702.0,0.10372,799.0,0.10377,702.0,0.10378,722.0
1753531657337,12:07:37.337,BLUR/USDT:USDT,0.10373,702.0,0.10372,803.0,0.10377,702.0,0.10378,722.0
1753531657459,12:07:37.459,BLUR/USDT:USDT,0.10373,702.0,0.10372,803.0,0.10377,702.0,0.10378,722.0
1753531658215,12:07:38.215,BLUR/USDT:USDT,0.10373,702.0,0.10372,803.0,0.10377,702.0,0.10378,722.0
1753531658302,12:07:38.302,BLUR/USDT:USDT,0.10373,702.0,0.10372,706.0,0.10377,702.0,0.10378,819.0
1753531658411,12:07:38.411,BLUR/USDT:USDT,0.10373,702.0,0.10372,706.0,0.10377,702.0,0.10378,819.0
1753531658488,12:07:38.488,BLUR/USDT:USDT,0.10373,702.0,0.10372,900.0,0.10377,702.0,0.10378,819.0
1753531658684,12:07:38.684,BLUR/USDT:USDT,0.10373,702.0,0.10372,900.0,0.10377,702.0,0.10378,819.0
1753531659014,12:07:39.014,BLUR/USDT:USDT,0.10373,702.0,0.10372,900.0,0.10377,702.0,0.10378,819.0
1753531659031,12:07:39.031,BLUR/USDT:USDT,0.10373,702.0,0.10372,900.0,0.10377,702.0,0.10378,819.0
1753531659137,12:07:39.137,BLUR/USDT:USDT,0.10373,702.0,0.10372,900.0,0.10377,702.0,0.10378,819.0
1753531659459,12:07:39.459,BLUR/USDT:USDT,0.10373,702.0,0.10372,900.0,0.10377,702.0,0.10378,819.0
1753531659558,12:07:39.558,BLUR/USDT:USDT,0.10373,702.0,0.10372,900.0,0.10377,702.0,0.10378,819.0
1753531659657,12:07:39.657,BLUR/USDT:USDT,0.10373,702.0,0.10372,896.0,0.10377,702.0,0.10378,819.0
1753531659902,12:07:39.902,BLUR/USDT:USDT,0.10373,702.0,0.10372,896.0,0.10377,702.0,0.10378,819.0
1753531660233,12:07:40.233,BLUR/USDT:USDT,0.10373,702.0,0.10372,896.0,0.10377,702.0,0.10378,819.0
1753531660851,12:07:40.851,BLUR/USDT:USDT,0.10373,702.0,0.10372,896.0,0.10377,702.0,0.10378,819.0
1753531661675,12:07:41.675,BLUR/USDT:USDT,0.10373,702.0,0.10372,896.0,0.10377,702.0,0.10378,819.0
1753531661722,12:07:41.722,BLUR/USDT:USDT,0.10373,702.0,0.10372,896.0,0.10377,702.0,0.10378,819.0
1753531661922,12:07:41.922,BLUR/USDT:USDT,0.10373,702.0,0.10372,896.0,0.10377,702.0,0.10378,819.0
1753531662089,12:07:42.089,BLUR/USDT:USDT,0.10373,702.0,0.10372,896.0,0.10377,702.0,0.10378,819.0
1753531662413,12:07:42.413,BLUR/USDT:USDT,0.10369,4.0,0.10367,2408.0,0.10374,4904.0,0.10377,702.0
1753531662504,12:07:42.504,BLUR/USDT:USDT,0.10368,808.0,0.10367,2505.0,0.10372,707.0,0.10373,727.0
1753531662602,12:07:42.602,BLUR/USDT:USDT,0.10368,808.0,0.10367,2505.0,0.10371,707.0,0.10372,1458.0
1753531662670,12:07:42.670,BLUR/USDT:USDT,0.10368,808.0,0.10367,2505.0,0.10371,727.0,0.10372,707.0
1753531662812,12:07:42.812,BLUR/USDT:USDT,0.10368,808.0,0.10367,2505.0,0.10371,20.0,0.10372,707.0
1753531662908,12:07:42.908,BLUR/USDT:USDT,0.10368,808.0,0.10367,2505.0,0.10372,727.0,0.10373,707.0
1753531663004,12:07:43.004,BLUR/USDT:USDT,0.10368,808.0,0.10367,2505.0,0.10372,727.0,0.10373,707.0
1753531663168,12:07:43.168,BLUR/USDT:USDT,0.10368,808.0,0.10367,2505.0,0.10372,727.0,0.10373,707.0
1753531663283,12:07:43.283,BLUR/USDT:USDT,0.10368,808.0,0.10367,2505.0,0.10372,727.0,0.10373,707.0
1753531663398,12:07:43.398,BLUR/USDT:USDT,0.10371,490.0,0.10368,808.0,0.10372,20.0,0.10373,707.0
1753531663483,12:07:43.483,BLUR/USDT:USDT,0.10371,490.0,0.10368,808.0,0.10372,707.0,0.10373,727.0
1753531663600,12:07:43.600,BLUR/USDT:USDT,0.10371,490.0,0.10368,1488.0,0.10372,707.0,0.10373,727.0
1753531663692,12:07:43.692,BLUR/USDT:USDT,0.10372,490.0,0.1037,1387.0,0.10373,727.0,0.10374,5001.0
1753531663812,12:07:43.812,BLUR/USDT:USDT,0.10372,490.0,0.10371,4.0,0.10373,716.0,0.10374,4904.0
1753531664004,12:07:44.004,BLUR/USDT:USDT,0.10372,490.0,0.10371,4.0,0.10373,716.0,0.10374,4904.0
1753531664374,12:07:44.374,BLUR/USDT:USDT,0.10372,490.0,0.10371,4.0,0.10373,716.0,0.10374,4904.0
1753531664586,12:07:44.586,BLUR/USDT:USDT,0.10372,490.0,0.10371,4.0,0.10373,716.0,0.10374,4904.0
1753531664693,12:07:44.693,BLUR/USDT:USDT,0.10372,490.0,0.10371,4.0,0.10373,716.0,0.10374,4904.0
1753531664818,12:07:44.818,BLUR/USDT:USDT,0.10372,490.0,0.10371,4.0,0.10373,716.0,0.10374,4904.0
1753531665004,12:07:45.004,BLUR/USDT:USDT,0.10372,490.0,0.10371,4.0,0.10373,716.0,0.10374,4904.0
1753531665076,12:07:45.076,BLUR/USDT:USDT,0.10372,490.0,0.10371,4.0,0.10373,716.0,0.10374,4904.0
1753531665940,12:07:45.940,BLUR/USDT:USDT,0.10372,490.0,0.10371,4.0,0.10373,716.0,0.10374,4904.0
1753531666201,12:07:46.201,BLUR/USDT:USDT,0.10372,490.0,0.10371,4.0,0.10373,9.0,0.10374,4904.0
1753531666413,12:07:46.413,BLUR/USDT:USDT,0.10372,1294.0,0.10371,198.0,0.10373,9.0,0.10374,4904.0
1753531666473,12:07:46.473,BLUR/USDT:USDT,0.10372,1294.0,0.10371,198.0,0.10373,9.0,0.10378,702.0
1753531666615,12:07:46.615,BLUR/USDT:USDT,0.10372,1294.0,0.10371,198.0,0.10377,707.0,0.10378,819.0
1753531666686,12:07:46.686,BLUR/USDT:USDT,0.10374,490.0,0.10373,711.0,0.10377,707.0,0.10378,722.0
1753531666845,12:07:46.845,BLUR/USDT:USDT,0.10374,490.0,0.10373,711.0,0.10377,707.0,0.10378,722.0
1753531667244,12:07:47.244,BLUR/USDT:USDT,0.10374,490.0,0.10373,711.0,0.10377,707.0,0.10378,722.0
1753531667412,12:07:47.412,BLUR/USDT:USDT,0.10374,490.0,0.10373,711.0,0.10377,707.0,0.10378,722.0
1753531667497,12:07:47.497,BLUR/USDT:USDT,0.10374,490.0,0.10373,711.0,0.10377,707.0,0.10378,819.0
1753531667521,12:07:47.521,BLUR/USDT:USDT,0.10374,490.0,0.10373,711.0,0.10377,707.0,0.10378,819.0
1753531667668,12:07:47.668,BLUR/USDT:USDT,0.10374,490.0,0.10373,711.0,0.10377,707.0,0.10378,819.0
1753531668086,12:07:48.086,BLUR/USDT:USDT,0.10374,490.0,0.10373,711.0,0.10377,707.0,0.10378,819.0
1753531669004,12:07:49.004,BLUR/USDT:USDT,0.10374,490.0,0.10373,711.0,0.10377,707.0,0.10378,819.0
1753531669045,12:07:49.045,BLUR/USDT:USDT,0.10374,490.0,0.10373,711.0,0.10377,707.0,0.10378,819.0
1753531669493,12:07:49.493,BLUR/USDT:USDT,0.10374,587.0,0.10373,905.0,0.10377,707.0,0.10378,819.0
1753531669562,12:07:49.562,BLUR/USDT:USDT,0.10374,587.0,0.10373,905.0,0.10377,707.0,0.10378,819.0
1753531669627,12:07:49.627,BLUR/USDT:USDT,0.10374,587.0,0.10373,905.0,0.10377,707.0,0.10378,819.0
1753531669814,12:07:49.814,BLUR/USDT:USDT,0.10375,490.0,0.10374,1294.0,0.10378,722.0,0.10379,4904.0
1753531669897,12:07:49.897,BLUR/USDT:USDT,0.10377,490.0,0.10375,494.0,0.10378,722.0,0.10379,5001.0
1753531669921,12:07:49.921,BLUR/USDT:USDT,0.10377,490.0,0.10375,494.0,0.10378,711.0,0.10379,5001.0
1753531670110,12:07:50.110,BLUR/USDT:USDT,0.10377,490.0,0.10375,494.0,0.10378,711.0,0.10379,5001.0
1753531670185,12:07:50.185,BLUR/USDT:USDT,0.10377,490.0,0.10375,494.0,0.10378,711.0,0.10379,5001.0
1753531670598,12:07:50.598,BLUR/USDT:USDT,0.10375,494.0,0.10374,804.0,0.10378,711.0,0.10379,5001.0
1753531670665,12:07:50.665,BLUR/USDT:USDT,0.10375,494.0,0.10374,804.0,0.10377,707.0,0.10378,722.0
1753531670963,12:07:50.963,BLUR/USDT:USDT,0.10375,494.0,0.10374,804.0,0.10377,707.0,0.10378,722.0
1753531671093,12:07:51.093,BLUR/USDT:USDT,0.10375,494.0,0.10374,707.0,0.10377,707.0,0.10378,722.0
1753531671182,12:07:51.182,BLUR/USDT:USDT,0.10375,494.0,0.10374,707.0,0.10377,707.0,0.10378,819.0
1753531671389,12:07:51.389,BLUR/USDT:USDT,0.10375,494.0,0.10374,707.0,0.10377,707.0,0.10378,819.0
1753531672314,12:07:52.314,BLUR/USDT:USDT,0.10375,494.0,0.10374,707.0,0.10377,707.0,0.10378,819.0
1753531672331,12:07:52.331,BLUR/USDT:USDT,0.10375,494.0,0.10374,707.0,0.10377,707.0,0.10378,819.0
1753531672503,12:07:52.503,BLUR/USDT:USDT,0.10375,494.0,0.10374,707.0,0.10377,707.0,0.10378,819.0
1753531672605,12:07:52.605,BLUR/USDT:USDT,0.10375,494.0,0.10374,707.0,0.10377,707.0,0.10378,819.0
1753531673011,12:07:53.011,BLUR/USDT:USDT,0.10375,494.0,0.10374,707.0,0.10377,707.0,0.10378,819.0
1753531673114,12:07:53.114,BLUR/USDT:USDT,0.10375,494.0,0.10374,707.0,0.10377,707.0,0.10378,819.0
1753531673223,12:07:53.223,BLUR/USDT:USDT,0.10375,494.0,0.10374,707.0,0.10377,707.0,0.10378,819.0
1753531673702,12:07:53.702,BLUR/USDT:USDT,0.10375,494.0,0.10374,707.0,0.10377,707.0,0.10378,819.0
1753531673825,12:07:53.825,BLUR/USDT:USDT,0.10375,494.0,0.10374,707.0,0.10377,707.0,0.10378,819.0
1753531673916,12:07:53.916,BLUR/USDT:USDT,0.10375,494.0,0.10374,707.0,0.10377,707.0,0.10378,819.0
1753531674105,12:07:54.105,BLUR/USDT:USDT,0.10375,4.0,0.10373,707.0,0.10377,707.0,0.10378,819.0
1753531674195,12:07:54.195,BLUR/USDT:USDT,0.10375,490.0,0.10373,905.0,0.10377,804.0,0.10378,722.0
1753531674263,12:07:54.263,BLUR/USDT:USDT,0.10375,490.0,0.10373,905.0,0.10377,804.0,0.10378,819.0
1753531674367,12:07:54.367,BLUR/USDT:USDT,0.10375,490.0,0.10373,905.0,0.10377,804.0,0.10378,819.0
1753531674492,12:07:54.492,BLUR/USDT:USDT,0.10375,490.0,0.10373,905.0,0.10377,804.0,0.10378,819.0
1753531674744,12:07:54.744,BLUR/USDT:USDT,0.10375,490.0,0.10373,905.0,0.10377,804.0,0.10378,819.0
1753531674896,12:07:54.896,BLUR/USDT:USDT,0.10375,490.0,0.10373,905.0,0.10377,804.0,0.10378,819.0
1753531674986,12:07:54.986,BLUR/USDT:USDT,0.10375,490.0,0.10373,905.0,0.10376,686.0,0.10377,804.0
1753531675085,12:07:55.085,BLUR/USDT:USDT,0.10375,490.0,0.10373,905.0,0.10376,686.0,0.10377,804.0
1753531675187,12:07:55.187,BLUR/USDT:USDT,0.10375,490.0,0.10373,905.0,0.10376,686.0,0.10377,804.0
1753531675361,12:07:55.361,BLUR/USDT:USDT,0.10375,490.0,0.10373,905.0,0.10376,686.0,0.10377,804.0
1753531675457,12:07:55.457,BLUR/USDT:USDT,0.10375,490.0,0.10373,905.0,0.10377,804.0,0.10378,819.0
1753531675534,12:07:55.534,BLUR/USDT:USDT,0.10375,490.0,0.10373,905.0,0.10377,804.0,0.10378,819.0
1753531675712,12:07:55.712,BLUR/USDT:USDT,0.10375,587.0,0.10374,97.0,0.10377,707.0,0.10378,722.0
1753531675718,12:07:55.718,BLUR/USDT:USDT,0.10375,684.0,0.10374,194.0,0.10377,707.0,0.10378,722.0
1753531676643,12:07:56.643,BLUR/USDT:USDT,0.10375,684.0,0.10374,194.0,0.10377,707.0,0.10378,916.0
1753531676836,12:07:56.836,BLUR/USDT:USDT,0.10375,587.0,0.10374,97.0,0.10377,707.0,0.10378,916.0
1753531677458,12:07:57.458,BLUR/USDT:USDT,0.10375,587.0,0.10374,97.0,0.10377,707.0,0.10378,916.0
1753531678771,12:07:58.771,BLUR/USDT:USDT,0.10375,587.0,0.10374,194.0,0.10377,707.0,0.10378,916.0
1753531679008,12:07:59.008,BLUR/USDT:USDT,0.10375,587.0,0.10374,194.0,0.10377,707.0,0.10378,916.0
1753531679101,12:07:59.101,BLUR/USDT:USDT,0.10376,490.0,0.10374,775.0,0.10378,916.0,0.10379,4904.0
1753531679155,12:07:59.155,BLUR/USDT:USDT,0.10376,490.0,0.10375,4.0,0.10378,916.0,0.10379,4904.0
1753531679257,12:07:59.257,BLUR/USDT:USDT,0.10375,690.0,0.10374,97.0,0.10378,916.0,0.10379,4904.0
1753531679321,12:07:59.321,BLUR/USDT:USDT,0.10375,686.0,0.10374,101.0,0.10378,916.0,0.10379,4904.0
1753531679503,12:07:59.503,BLUR/USDT:USDT,0.10375,686.0,0.10374,101.0,0.10378,916.0,0.10379,4904.0
1753531679606,12:07:59.606,BLUR/USDT:USDT,0.10376,1273.0,0.10375,880.0,0.10378,20.0,0.10379,4904.0
1753531679693,12:07:59.693,BLUR/USDT:USDT,0.10376,1273.0,0.10375,880.0,0.10378,20.0,0.1038,702.0
1753531679801,12:07:59.801,BLUR/USDT:USDT,0.10376,1273.0,0.10375,880.0,0.1038,702.0,0.10382,20.0
1753531679883,12:07:59.883,BLUR/USDT:USDT,0.10379,490.0,0.10377,1368.0,0.1038,702.0,0.10381,97.0
1753531680009,12:08:00.009,BLUR/USDT:USDT,0.10379,490.0,0.10377,1368.0,0.1038,702.0,0.10381,97.0
1753531680071,12:08:00.071,BLUR/USDT:USDT,0.10377,1368.0,0.10376,783.0,0.1038,702.0,0.10381,97.0
1753531680121,12:08:00.121,BLUR/USDT:USDT,0.10377,1366.0,0.10376,783.0,0.1038,702.0,0.10381,97.0
1753531680345,12:08:00.345,BLUR/USDT:USDT,0.10377,1366.0,0.10376,783.0,0.1038,702.0,0.10381,97.0
1753531680643,12:08:00.643,BLUR/USDT:USDT,0.10377,680.0,0.10376,783.0,0.1038,702.0,0.10381,97.0
1753531680814,12:08:00.814,BLUR/USDT:USDT,0.10377,4.0,0.10376,880.0,0.10379,686.0,0.1038,799.0
1753531680874,12:08:00.874,BLUR/USDT:USDT,0.10376,884.0,0.10375,783.0,0.10378,686.0,0.10379,706.0
1753531681004,12:08:01.004,BLUR/USDT:USDT,0.10376,884.0,0.10375,783.0,0.10378,686.0,0.10379,706.0
1753531681198,12:08:01.198,BLUR/USDT:USDT,0.10376,4.0,0.10375,686.0,0.10378,686.0,0.10379,803.0
1753531681241,12:08:01.241,BLUR/USDT:USDT,0.10375,690.0,0.10374,97.0,0.10378,686.0,0.10379,803.0
1753531681321,12:08:01.321,BLUR/USDT:USDT,0.10375,783.0,0.10374,97.0,0.10378,686.0,0.10379,803.0
1753531681598,12:08:01.598,BLUR/USDT:USDT,0.10377,490.0,0.10376,97.0,0.10379,20.0,0.1038,702.0
1753531681701,12:08:01.701,BLUR/USDT:USDT,0.10377,490.0,0.10376,101.0,0.1038,799.0,0.10381,97.0
1753531681763,12:08:01.763,BLUR/USDT:USDT,0.10377,490.0,0.10376,101.0,0.10379,716.0,0.1038,799.0
1753531681822,12:08:01.822,BLUR/USDT:USDT,0.10377,490.0,0.10376,101.0,0.10379,736.0,0.1038,799.0
1753531682011,12:08:02.011,BLUR/USDT:USDT,0.10377,490.0,0.10376,101.0,0.10379,736.0,0.1038,799.0
1753531682061,12:08:02.061,BLUR/USDT:USDT,0.10377,490.0,0.10376,101.0,0.10379,736.0,0.1038,799.0
1753531682277,12:08:02.277,BLUR/USDT:USDT,0.10378,490.0,0.10377,97.0,0.10379,20.0,0.1038,702.0
1753531682328,12:08:02.328,BLUR/USDT:USDT,0.10378,490.0,0.10377,97.0,0.1038,702.0,0.10382,20.0
1753531682434,12:08:02.434,BLUR/USDT:USDT,0.10378,490.0,0.10377,97.0,0.1038,702.0,0.10382,20.0
1753531682957,12:08:02.957,BLUR/USDT:USDT,0.10378,490.0,0.10377,97.0,0.1038,702.0,0.10382,20.0
1753531683078,12:08:03.078,BLUR/USDT:USDT,0.10378,490.0,0.10377,97.0,0.1038,702.0,0.10382,20.0
1753531683202,12:08:03.202,BLUR/USDT:USDT,0.10378,1206.0,0.10377,97.0,0.10381,716.0,0.10382,117.0
1753531683303,12:08:03.303,BLUR/USDT:USDT,0.10379,2.0,0.10378,716.0,0.10381,716.0,0.10382,117.0
1753531683401,12:08:03.401,BLUR/USDT:USDT,0.10378,817.0,0.10377,194.0,0.10381,716.0,0.10382,117.0
1753531683498,12:08:03.498,BLUR/USDT:USDT,0.10381,490.0,0.10379,587.0,0.10382,736.0,0.10383,5890.0
1753531683556,12:08:03.556,BLUR/USDT:USDT,0.10381,490.0,0.10379,587.0,0.10382,725.0,0.10383,708.0
1753531683697,12:08:03.697,BLUR/USDT:USDT,0.10379,587.0,0.10378,914.0,0.10382,716.0,0.10383,728.0
1753531683813,12:08:03.813,BLUR/USDT:USDT,0.10379,587.0,0.10378,914.0,0.10382,716.0,0.10383,728.0
1753531683834,12:08:03.834,BLUR/USDT:USDT,0.10379,587.0,0.10378,914.0,0.10382,716.0,0.10383,728.0
1753531684614,12:08:04.614,BLUR/USDT:USDT,0.10379,587.0,0.10378,914.0,0.10382,716.0,0.10383,728.0
1753531684677,12:08:04.677,BLUR/USDT:USDT,0.10379,1303.0,0.10378,914.0,0.10382,716.0,0.10383,728.0
1753531684786,12:08:04.786,BLUR/USDT:USDT,0.1038,2.0,0.10379,716.0,0.10382,716.0,0.10383,728.0
1753531684876,12:08:04.876,BLUR/USDT:USDT,0.10379,720.0,0.10378,910.0,0.10382,716.0,0.10383,728.0
1753531685014,12:08:05.014,BLUR/USDT:USDT,0.1038,490.0,0.10379,720.0,0.10382,716.0,0.10383,728.0
1753531685099,12:08:05.099,BLUR/USDT:USDT,0.10381,490.0,0.10379,1398.0,0.10382,716.0,0.10383,728.0
1753531685205,12:08:05.205,BLUR/USDT:USDT,0.10381,490.0,0.10379,1398.0,0.10383,728.0,0.10384,793.0
1753531685294,12:08:05.294,BLUR/USDT:USDT,0.10381,490.0,0.10379,1398.0,0.10383,825.0,0.10384,793.0
1753531685344,12:08:05.344,BLUR/USDT:USDT,0.10381,490.0,0.10379,1398.0,0.10383,728.0,0.10384,793.0
1753531685505,12:08:05.505,BLUR/USDT:USDT,0.10381,490.0,0.10379,1398.0,0.10383,728.0,0.10384,793.0
1753531685587,12:08:05.587,BLUR/USDT:USDT,0.10381,490.0,0.10379,1398.0,0.10383,825.0,0.10384,793.0
1753531685708,12:08:05.708,BLUR/USDT:USDT,0.10381,490.0,0.10379,1398.0,0.10383,728.0,0.10384,793.0
1753531685759,12:08:05.759,BLUR/USDT:USDT,0.10381,490.0,0.10379,1398.0,0.10382,716.0,0.10383,728.0
1753531685840,12:08:05.840,BLUR/USDT:USDT,0.10381,490.0,0.10379,1398.0,0.10382,716.0,0.10383,728.0
1753531686204,12:08:06.204,BLUR/USDT:USDT,0.10381,490.0,0.10379,1398.0,0.10383,728.0,0.10384,793.0
1753531686286,12:08:06.286,BLUR/USDT:USDT,0.10381,490.0,0.10379,1398.0,0.10382,716.0,0.10383,728.0
1753531686353,12:08:06.353,BLUR/USDT:USDT,0.10381,490.0,0.10379,1398.0,0.10382,716.0,0.10383,825.0
1753531686458,12:08:06.458,BLUR/USDT:USDT,0.10381,490.0,0.10379,1398.0,0.10383,728.0,0.10384,793.0
1753531686563,12:08:06.563,BLUR/USDT:USDT,0.10381,490.0,0.10379,1398.0,0.10382,716.0,0.10383,825.0
1753531686628,12:08:06.628,BLUR/USDT:USDT,0.10381,490.0,0.10379,1398.0,0.10382,716.0,0.10383,728.0
1753531687203,12:08:07.203,BLUR/USDT:USDT,0.10381,490.0,0.10379,1398.0,0.10383,728.0,0.10384,793.0
1753531687293,12:08:07.293,BLUR/USDT:USDT,0.10381,490.0,0.10379,1398.0,0.10383,825.0,0.10384,793.0
1753531687365,12:08:07.365,BLUR/USDT:USDT,0.10381,490.0,0.10379,1398.0,0.10383,728.0,0.10384,793.0
1753531687454,12:08:07.454,BLUR/USDT:USDT,0.10381,490.0,0.10379,1398.0,0.10383,825.0,0.10384,793.0
1753531687525,12:08:07.525,BLUR/USDT:USDT,0.10381,490.0,0.10379,1398.0,0.10383,728.0,0.10384,793.0
1753531687705,12:08:07.705,BLUR/USDT:USDT,0.10381,490.0,0.10379,1398.0,0.10383,728.0,0.10384,793.0
1753531687908,12:08:07.908,BLUR/USDT:USDT,0.10379,1398.0,0.10378,910.0,0.10383,825.0,0.10384,793.0
1753531688012,12:08:08.012,BLUR/USDT:USDT,0.1038,490.0,0.10379,720.0,0.10383,728.0,0.10384,793.0
1753531688019,12:08:08.019,BLUR/USDT:USDT,0.1038,490.0,0.10379,720.0,0.10383,728.0,0.10384,793.0
1753531688210,12:08:08.210,BLUR/USDT:USDT,0.10381,490.0,0.1038,813.0,0.10383,20.0,0.10384,793.0
1753531688303,12:08:08.303,BLUR/USDT:USDT,0.10381,1210.0,0.1038,813.0,0.10383,97.0,0.10384,813.0
1753531688398,12:08:08.398,BLUR/USDT:USDT,0.10382,490.0,0.10381,716.0,0.10384,813.0,0.10385,5600.0
1753531688505,12:08:08.505,BLUR/USDT:USDT,0.10383,490.0,0.10382,4.0,0.10384,20.0,0.10385,5600.0
1753531688570,12:08:08.570,BLUR/USDT:USDT,0.10383,490.0,0.10382,4.0,0.10384,9.0,0.10385,5600.0
1753531688679,12:08:08.679,BLUR/USDT:USDT,0.10383,490.0,0.10382,4.0,0.10384,9.0,0.10385,5600.0
1753531688782,12:08:08.782,BLUR/USDT:USDT,0.10383,490.0,0.10382,4.0,0.10384,725.0,0.10385,5600.0
1753531688830,12:08:08.830,BLUR/USDT:USDT,0.10383,490.0,0.10382,4.0,0.10384,725.0,0.10385,5697.0
1753531689004,12:08:09.004,BLUR/USDT:USDT,0.10383,490.0,0.10382,4.0,0.10384,725.0,0.10385,5697.0
1753531689209,12:08:09.209,BLUR/USDT:USDT,0.10383,490.0,0.10382,4.0,0.10384,9.0,0.10385,5697.0
1753531689498,12:08:09.498,BLUR/USDT:USDT,0.10383,490.0,0.10382,4.0,0.10384,9.0,0.10385,5697.0
1753531689696,12:08:09.696,BLUR/USDT:USDT,0.10383,490.0,0.10382,4.0,0.10384,9.0,0.10385,5697.0
1753531689815,12:08:09.815,BLUR/USDT:USDT,0.10383,490.0,0.10382,4.0,0.10384,725.0,0.10385,5697.0
1753531690172,12:08:10.172,BLUR/USDT:USDT,0.10383,490.0,0.10382,4.0,0.10384,9.0,0.10385,5697.0
1753531690308,12:08:10.308,BLUR/USDT:USDT,0.10382,720.0,0.10381,813.0,0.10384,725.0,0.10385,5697.0
1753531690322,12:08:10.322,BLUR/USDT:USDT,0.10382,720.0,0.10381,813.0,0.10384,736.0,0.10385,5697.0
1753531690512,12:08:10.512,BLUR/USDT:USDT,0.10382,720.0,0.10381,813.0,0.10384,20.0,0.10385,5697.0
1753531690590,12:08:10.590,BLUR/USDT:USDT,0.10382,720.0,0.10381,813.0,0.10384,20.0,0.10385,5697.0
1753531691017,12:08:11.017,BLUR/USDT:USDT,0.10382,720.0,0.10381,813.0,0.10384,736.0,0.10385,5697.0
1753531691206,12:08:11.206,BLUR/USDT:USDT,0.10382,720.0,0.10381,813.0,0.10384,736.0,0.10385,5697.0
1753531691256,12:08:11.256,BLUR/USDT:USDT,0.10382,4.0,0.10381,813.0,0.10384,736.0,0.10385,5697.0
1753531691407,12:08:11.407,BLUR/USDT:USDT,0.10381,817.0,0.1038,813.0,0.10384,736.0,0.10385,5697.0
1753531691595,12:08:11.595,BLUR/USDT:USDT,0.10381,817.0,0.1038,813.0,0.10384,736.0,0.10385,5697.0
1753531691914,12:08:11.914,BLUR/USDT:USDT,0.10381,817.0,0.1038,813.0,0.10384,736.0,0.10385,5697.0
1753531691943,12:08:11.943,BLUR/USDT:USDT,0.10381,817.0,0.1038,813.0,0.10384,736.0,0.10385,5697.0
1753531692471,12:08:12.471,BLUR/USDT:USDT,0.10381,817.0,0.1038,813.0,0.10384,736.0,0.10385,5697.0
1753531692637,12:08:12.637,BLUR/USDT:USDT,0.10381,817.0,0.1038,813.0,0.10384,736.0,0.10385,5697.0
1753531693051,12:08:13.051,BLUR/USDT:USDT,0.10381,817.0,0.1038,813.0,0.10384,736.0,0.10385,5697.0
1753531693758,12:08:13.758,BLUR/USDT:USDT,0.10381,817.0,0.1038,813.0,0.10384,736.0,0.10385,5697.0
1753531693883,12:08:13.883,BLUR/USDT:USDT,0.10381,4.0,0.10379,678.0,0.10382,683.0,0.10383,780.0
1753531693977,12:08:13.977,BLUR/USDT:USDT,0.10379,678.0,0.10377,678.0,0.10381,683.0,0.10382,780.0
1753531694065,12:08:14.065,BLUR/USDT:USDT,0.10379,678.0,0.10378,4.0,0.10381,20.0,0.10382,780.0
1753531694176,12:08:14.176,BLUR/USDT:USDT,0.10379,678.0,0.10378,4.0,0.10382,800.0,0.10383,780.0
1753531694314,12:08:14.314,BLUR/USDT:USDT,0.10379,872.0,0.10378,101.0,0.10382,703.0,0.10383,683.0
1753531694415,12:08:14.415,BLUR/USDT:USDT,0.10379,872.0,0.10378,101.0,0.10382,703.0,0.10383,683.0
1753531694482,12:08:14.482,BLUR/USDT:USDT,0.10381,490.0,0.10379,872.0,0.10382,20.0,0.10383,683.0
1753531694593,12:08:14.593,BLUR/USDT:USDT,0.10381,490.0,0.10379,872.0,0.10383,703.0,0.10384,716.0
1753531694709,12:08:14.709,BLUR/USDT:USDT,0.10381,490.0,0.1038,4.0,0.10383,703.0,0.10384,716.0
1753531694775,12:08:14.775,BLUR/USDT:USDT,0.10381,490.0,0.1038,4.0,0.10383,703.0,0.10384,716.0
1753531695042,12:08:15.042,BLUR/USDT:USDT,0.10381,490.0,0.1038,4.0,0.10383,703.0,0.10384,716.0
1753531695206,12:08:15.206,BLUR/USDT:USDT,0.10381,490.0,0.1038,4.0,0.10383,703.0,0.10384,716.0
1753531695222,12:08:15.222,BLUR/USDT:USDT,0.10381,490.0,0.1038,4.0,0.10383,703.0,0.10384,716.0
1753531695466,12:08:15.466,BLUR/USDT:USDT,0.10381,490.0,0.1038,4.0,0.10383,703.0,0.10384,716.0
1753531695608,12:08:15.608,BLUR/USDT:USDT,0.10381,490.0,0.1038,4.0,0.10382,683.0,0.10383,703.0
1753531695701,12:08:15.701,BLUR/USDT:USDT,0.10381,490.0,0.10379,876.0,0.10383,703.0,0.10384,716.0
1753531695931,12:08:15.931,BLUR/USDT:USDT,0.10381,490.0,0.10379,876.0,0.10383,703.0,0.10384,716.0
1753531696505,12:08:16.505,BLUR/USDT:USDT,0.10381,490.0,0.1038,490.0,0.10382,683.0,0.10383,703.0
1753531696552,12:08:16.552,BLUR/USDT:USDT,0.10381,490.0,0.10379,682.0,0.10383,703.0,0.10384,910.0
1753531696683,12:08:16.683,BLUR/USDT:USDT,0.10381,490.0,0.10379,682.0,0.10383,703.0,0.10384,910.0
1753531696813,12:08:16.813,BLUR/USDT:USDT,0.10381,490.0,0.10379,682.0,0.10382,683.0,0.10383,703.0
1753531696880,12:08:16.880,BLUR/USDT:USDT,0.10381,490.0,0.10379,682.0,0.10382,683.0,0.10383,703.0
1753531697007,12:08:17.007,BLUR/USDT:USDT,0.10381,490.0,0.10379,682.0,0.10382,683.0,0.10383,703.0
1753531697705,12:08:17.705,BLUR/USDT:USDT,0.10381,490.0,0.10379,682.0,0.10382,683.0,0.10383,703.0
1753531697740,12:08:17.740,BLUR/USDT:USDT,0.10381,490.0,0.10379,682.0,0.10382,683.0,0.10383,703.0
1753531698034,12:08:18.034,BLUR/USDT:USDT,0.10381,490.0,0.10379,682.0,0.10382,683.0,0.10383,703.0
1753531698151,12:08:18.151,BLUR/USDT:USDT,0.10381,490.0,0.10379,678.0,0.10382,683.0,0.10383,703.0
1753531698651,12:08:18.651,BLUR/USDT:USDT,0.10381,490.0,0.10379,678.0,0.10382,683.0,0.10383,703.0
1753531698797,12:08:18.797,BLUR/USDT:USDT,0.10381,490.0,0.10379,678.0,0.10382,683.0,0.10383,703.0
1753531698838,12:08:18.838,BLUR/USDT:USDT,0.10379,678.0,0.10376,4.0,0.10382,683.0,0.10383,703.0
1753531699005,12:08:19.005,BLUR/USDT:USDT,0.10379,775.0,0.10376,4.0,0.10382,683.0,0.10383,703.0
1753531699151,12:08:19.151,BLUR/USDT:USDT,0.10379,775.0,0.10377,679.0,0.10382,683.0,0.10383,703.0
1753531699222,12:08:19.222,BLUR/USDT:USDT,0.10379,775.0,0.10378,4.0,0.10382,683.0,0.10383,703.0
1753531699565,12:08:19.565,BLUR/USDT:USDT,0.10379,775.0,0.10378,4.0,0.10382,683.0,0.10383,703.0
1753531699668,12:08:19.668,BLUR/USDT:USDT,0.10378,4.0,0.10375,686.0,0.10381,683.0,0.10382,877.0
1753531699792,12:08:19.792,BLUR/USDT:USDT,0.10375,1365.0,0.10374,4.0,0.1038,683.0,0.10381,703.0
1753531699838,12:08:19.838,BLUR/USDT:USDT,0.10376,784.0,0.10375,686.0,0.1038,683.0,0.10381,703.0
1753531700009,12:08:20.009,BLUR/USDT:USDT,0.10376,784.0,0.10375,686.0,0.1038,683.0,0.10381,703.0
1753531700091,12:08:20.091,BLUR/USDT:USDT,0.10376,784.0,0.10375,686.0,0.1038,683.0,0.10381,703.0
1753531700198,12:08:20.198,BLUR/USDT:USDT,0.10376,784.0,0.10375,686.0,0.1038,683.0,0.10381,703.0
1753531700404,12:08:20.404,BLUR/USDT:USDT,0.10376,784.0,0.10375,686.0,0.1038,683.0,0.10381,703.0
1753531700490,12:08:20.490,BLUR/USDT:USDT,0.10376,784.0,0.10375,686.0,0.1038,683.0,0.10381,703.0
1753531700713,12:08:20.713,BLUR/USDT:USDT,0.10376,4.0,0.10375,686.0,0.1038,877.0,0.10381,703.0
1753531700802,12:08:20.802,BLUR/USDT:USDT,0.10375,690.0,0.10373,3124.0,0.10379,683.0,0.1038,877.0
1753531700907,12:08:20.907,BLUR/USDT:USDT,0.10374,687.0,0.10373,3124.0,0.10377,683.0,0.10378,877.0
1753531701014,12:08:21.014,BLUR/USDT:USDT,0.10374,687.0,0.10373,3124.0,0.10376,683.0,0.10377,703.0
1753531701097,12:08:21.097,BLUR/USDT:USDT,0.10376,490.0,0.10374,687.0,0.10377,703.0,0.10378,877.0
1753531701132,12:08:21.132,BLUR/USDT:USDT,0.10376,490.0,0.10374,1366.0,0.10377,683.0,0.10378,897.0
1753531701277,12:08:21.277,BLUR/USDT:USDT,0.10376,490.0,0.10374,1366.0,0.10377,683.0,0.10378,897.0
1753531701513,12:08:21.513,BLUR/USDT:USDT,0.10377,1285.0,0.10376,795.0,0.10378,20.0,0.1038,683.0
1753531701606,12:08:21.606,BLUR/USDT:USDT,0.10377,1382.0,0.10376,896.0,0.1038,20.0,0.10381,683.0
1753531701702,12:08:21.702,BLUR/USDT:USDT,0.10378,700.0,0.10377,892.0,0.1038,698.0,0.10381,703.0
1753531701804,12:08:21.804,BLUR/USDT:USDT,0.10378,702.0,0.10377,892.0,0.10381,718.0,0.10382,780.0
1753531701912,12:08:21.912,BLUR/USDT:USDT,0.10379,490.0,0.10378,4.0,0.1038,698.0,0.10381,718.0
1753531702004,12:08:22.004,BLUR/USDT:USDT,0.10377,896.0,0.10376,892.0,0.1038,698.0,0.10381,718.0
1753531702203,12:08:22.203,BLUR/USDT:USDT,0.10377,4.0,0.10375,679.0,0.10379,698.0,0.1038,795.0
1753531702309,12:08:22.309,BLUR/USDT:USDT,0.10375,683.0,0.10374,683.0,0.10378,698.0,0.10379,815.0
1753531702337,12:08:22.337,BLUR/USDT:USDT,0.10375,683.0,0.10374,683.0,0.10378,698.0,0.10379,815.0
1753531702437,12:08:22.437,BLUR/USDT:USDT,0.10375,683.0,0.10374,683.0,0.10378,698.0,0.10379,815.0
1753531702539,12:08:22.539,BLUR/USDT:USDT,0.10375,683.0,0.10374,683.0,0.10378,698.0,0.10379,815.0
1753531702619,12:08:22.619,BLUR/USDT:USDT,0.10375,683.0,0.10374,683.0,0.10378,698.0,0.10379,815.0
1753531702811,12:08:22.811,BLUR/USDT:USDT,0.10375,683.0,0.10374,683.0,0.10378,698.0,0.10379,815.0
1753531702838,12:08:22.838,BLUR/USDT:USDT,0.10375,683.0,0.10374,683.0,0.10378,698.0,0.10379,815.0
1753531703008,12:08:23.008,BLUR/USDT:USDT,0.10375,683.0,0.10374,780.0,0.10378,698.0,0.10379,815.0
1753531703034,12:08:23.034,BLUR/USDT:USDT,0.10375,683.0,0.10374,780.0,0.10378,698.0,0.10379,815.0
1753531703246,12:08:23.246,BLUR/USDT:USDT,0.10375,683.0,0.10374,780.0,0.10378,698.0,0.10379,815.0
1753531703475,12:08:23.475,BLUR/USDT:USDT,0.10375,683.0,0.10374,780.0,0.10378,698.0,0.10379,815.0
1753531704326,12:08:24.326,BLUR/USDT:USDT,0.10375,780.0,0.10374,877.0,0.10378,698.0,0.10379,718.0
1753531704478,12:08:24.478,BLUR/USDT:USDT,0.10377,490.0,0.10375,683.0,0.10379,718.0,0.1038,892.0
1753531704603,12:08:24.603,BLUR/USDT:USDT,0.10377,490.0,0.10375,683.0,0.10379,718.0,0.1038,892.0
1753531704625,12:08:24.625,BLUR/USDT:USDT,0.10378,490.0,0.10376,698.0,0.10379,718.0,0.1038,892.0
1753531704786,12:08:24.786,BLUR/USDT:USDT,0.10378,490.0,0.10376,698.0,0.10379,698.0,0.1038,815.0
1753531704901,12:08:24.901,BLUR/USDT:USDT,0.10378,490.0,0.10377,776.0,0.10379,698.0,0.1038,718.0
1753531705015,12:08:25.015,BLUR/USDT:USDT,0.10378,490.0,0.10377,4.0,0.10379,698.0,0.1038,718.0
1753531705132,12:08:25.132,BLUR/USDT:USDT,0.10378,490.0,0.10377,4.0,0.10379,698.0,0.1038,718.0
1753531705412,12:08:25.412,BLUR/USDT:USDT,0.10378,490.0,0.10377,4.0,0.1038,718.0,0.10381,698.0
1753531705475,12:08:25.475,BLUR/USDT:USDT,0.10378,490.0,0.10376,896.0,0.1038,718.0,0.10381,698.0
1753531705701,12:08:25.701,BLUR/USDT:USDT,0.10376,702.0,0.10374,683.0,0.10379,698.0,0.1038,718.0
1753531705798,12:08:25.798,BLUR/USDT:USDT,0.10376,698.0,0.10375,198.0,0.10379,698.0,0.1038,718.0
1753531706005,12:08:26.005,BLUR/USDT:USDT,0.10376,698.0,0.10375,198.0,0.10379,698.0,0.1038,718.0
1753531706137,12:08:26.137,BLUR/USDT:USDT,0.10376,698.0,0.10375,198.0,0.10379,698.0,0.1038,718.0
1753531706224,12:08:26.224,BLUR/USDT:USDT,0.10376,698.0,0.10375,198.0,0.10379,698.0,0.1038,718.0
1753531706345,12:08:26.345,BLUR/USDT:USDT,0.10376,698.0,0.10375,198.0,0.10379,698.0,0.1038,718.0
1753531706597,12:08:26.597,BLUR/USDT:USDT,0.10376,698.0,0.10375,198.0,0.10379,698.0,0.1038,718.0
1753531706628,12:08:26.628,BLUR/USDT:USDT,0.10376,698.0,0.10375,198.0,0.10379,698.0,0.1038,718.0
1753531706849,12:08:26.849,BLUR/USDT:USDT,0.10376,698.0,0.10375,198.0,0.10379,698.0,0.1038,718.0
1753531707005,12:08:27.005,BLUR/USDT:USDT,0.10376,698.0,0.10375,198.0,0.10379,698.0,0.1038,718.0
1753531707020,12:08:27.020,BLUR/USDT:USDT,0.10376,698.0,0.10375,198.0,0.10379,698.0,0.1038,718.0
1753531707277,12:08:27.277,BLUR/USDT:USDT,0.10376,698.0,0.10375,198.0,0.10379,698.0,0.1038,718.0
1753531707368,12:08:27.368,BLUR/USDT:USDT,0.10376,698.0,0.10375,198.0,0.10379,698.0,0.1038,718.0
1753531707712,12:08:27.712,BLUR/USDT:USDT,0.10376,698.0,0.10375,198.0,0.10379,698.0,0.1038,718.0
1753531707792,12:08:27.792,BLUR/USDT:USDT,0.10378,490.0,0.10376,698.0,0.1038,718.0,0.10381,795.0
1753531707838,12:08:27.838,BLUR/USDT:USDT,0.10378,490.0,0.10377,4.0,0.1038,718.0,0.10381,795.0
1753531708027,12:08:28.027,BLUR/USDT:USDT,0.10378,490.0,0.10377,101.0,0.1038,718.0,0.10381,795.0
1753531708261,12:08:28.261,BLUR/USDT:USDT,0.10378,490.0,0.10377,101.0,0.1038,718.0,0.10381,795.0
1753531708344,12:08:28.344,BLUR/USDT:USDT,0.10378,490.0,0.10377,101.0,0.1038,718.0,0.10381,795.0
1753531708512,12:08:28.512,BLUR/USDT:USDT,0.10378,490.0,0.10377,101.0,0.1038,718.0,0.10381,795.0
1753531708611,12:08:28.611,BLUR/USDT:USDT,0.10378,490.0,0.10377,198.0,0.10379,698.0,0.1038,718.0
1753531708679,12:08:28.679,BLUR/USDT:USDT,0.10378,490.0,0.10377,198.0,0.10379,698.0,0.1038,718.0
1753531708784,12:08:28.784,BLUR/USDT:USDT,0.10378,490.0,0.10377,198.0,0.10379,698.0,0.1038,718.0
1753531708867,12:08:28.867,BLUR/USDT:USDT,0.10378,490.0,0.10377,198.0,0.1038,718.0,0.10381,795.0
1753531709109,12:08:29.109,BLUR/USDT:USDT,0.10378,490.0,0.10377,198.0,0.1038,718.0,0.10381,795.0
1753531709358,12:08:29.358,BLUR/USDT:USDT,0.10378,490.0,0.10377,4.0,0.10379,698.0,0.1038,718.0
1753531709507,12:08:29.507,BLUR/USDT:USDT,0.10376,799.0,0.10374,1363.0,0.10379,698.0,0.1038,718.0
1753531709563,12:08:29.563,BLUR/USDT:USDT,0.10376,795.0,0.10375,101.0,0.10379,698.0,0.1038,718.0
1753531710004,12:08:30.004,BLUR/USDT:USDT,0.10376,795.0,0.10375,101.0,0.10379,698.0,0.1038,718.0
1753531710080,12:08:30.080,BLUR/USDT:USDT,0.10376,795.0,0.10375,101.0,0.10379,698.0,0.1038,718.0
1753531710291,12:08:30.291,BLUR/USDT:USDT,0.10379,490.0,0.10377,777.0,0.1038,20.0,0.10382,780.0
1753531710402,12:08:30.402,BLUR/USDT:USDT,0.10379,490.0,0.10377,781.0,0.10381,698.0,0.10382,780.0
1753531710515,12:08:30.515,BLUR/USDT:USDT,0.10379,490.0,0.10377,781.0,0.10381,718.0,0.10382,780.0
1753531710581,12:08:30.581,BLUR/USDT:USDT,0.10377,878.0,0.10376,698.0,0.1038,698.0,0.10381,718.0
1753531710761,12:08:30.761,BLUR/USDT:USDT,0.10377,878.0,0.10376,698.0,0.1038,698.0,0.10381,718.0
1753531711588,12:08:31.588,BLUR/USDT:USDT,0.10377,878.0,0.10376,698.0,0.10381,718.0,0.10382,877.0
1753531711697,12:08:31.697,BLUR/USDT:USDT,0.10377,1580.0,0.10376,698.0,0.10381,718.0,0.10382,877.0
1753531711858,12:08:31.858,BLUR/USDT:USDT,0.10379,490.0,0.10377,1483.0,0.10381,722.0,0.10382,780.0
1753531712005,12:08:32.005,BLUR/USDT:USDT,0.10377,1483.0,0.10376,698.0,0.10381,722.0,0.10382,780.0
1753531712103,12:08:32.103,BLUR/USDT:USDT,0.10378,490.0,0.10377,1483.0,0.10381,722.0,0.10382,780.0
1753531712171,12:08:32.171,BLUR/USDT:USDT,0.10378,490.0,0.10377,803.0,0.10381,722.0,0.10382,877.0
1753531712390,12:08:32.390,BLUR/USDT:USDT,0.10378,490.0,0.10377,803.0,0.10381,722.0,0.10382,877.0
1753531712613,12:08:32.613,BLUR/USDT:USDT,0.10377,706.0,0.10376,698.0,0.1038,702.0,0.10381,722.0
1753531712648,12:08:32.648,BLUR/USDT:USDT,0.10377,803.0,0.10376,892.0,0.1038,702.0,0.10381,722.0
1753531712810,12:08:32.810,BLUR/USDT:USDT,0.10377,803.0,0.10376,892.0,0.10381,722.0,0.10382,780.0
1753531712975,12:08:32.975,BLUR/USDT:USDT,0.10377,803.0,0.10376,892.0,0.1038,702.0,0.10381,722.0
1753531713184,12:08:33.184,BLUR/USDT:USDT,0.10377,803.0,0.10376,892.0,0.1038,702.0,0.10381,722.0
1753531713803,12:08:33.803,BLUR/USDT:USDT,0.10377,4.0,0.10376,795.0,0.1038,702.0,0.10381,819.0
1753531713891,12:08:33.891,BLUR/USDT:USDT,0.10376,799.0,0.10374,1363.0,0.1038,702.0,0.10381,722.0
1753531714005,12:08:34.005,BLUR/USDT:USDT,0.10376,795.0,0.10375,4.0,0.1038,702.0,0.10381,722.0
1753531714026,12:08:34.026,BLUR/USDT:USDT,0.10376,795.0,0.10375,4.0,0.1038,702.0,0.10381,722.0
1753531714791,12:08:34.791,BLUR/USDT:USDT,0.10376,892.0,0.10375,4.0,0.1038,702.0,0.10381,722.0
1753531715198,12:08:35.198,BLUR/USDT:USDT,0.10375,4.0,0.10374,683.0,0.10379,702.0,0.1038,896.0
1753531715303,12:08:35.303,BLUR/USDT:USDT,0.10374,4.0,0.10373,3124.0,0.10377,702.0,0.10378,896.0
1753531715413,12:08:35.413,BLUR/USDT:USDT,0.10374,4.0,0.10373,2408.0,0.10376,702.0,0.10377,722.0
1753531715479,12:08:35.479,BLUR/USDT:USDT,0.10374,4.0,0.10373,2408.0,0.10376,702.0,0.10377,722.0
1753531715611,12:08:35.611,BLUR/USDT:USDT,0.10374,4.0,0.10373,2408.0,0.10375,702.0,0.10376,993.0
1753531715671,12:08:35.671,BLUR/USDT:USDT,0.10374,2.0,0.10373,2408.0,0.10375,711.0,0.10376,993.0
1753531715802,12:08:35.802,BLUR/USDT:USDT,0.10369,698.0,0.10366,707.0,0.10374,702.0,0.10375,711.0
1753531715889,12:08:35.889,BLUR/USDT:USDT,0.10366,707.0,0.10365,3.0,0.10373,702.0,0.10374,896.0
1753531716008,12:08:36.008,BLUR/USDT:USDT,0.10366,707.0,0.10365,3.0,0.10373,702.0,0.10374,896.0
1753531716100,12:08:36.100,BLUR/USDT:USDT,0.10366,707.0,0.10365,3.0,0.10373,702.0,0.10374,896.0
1753531716118,12:08:36.118,BLUR/USDT:USDT,0.10366,804.0,0.10365,3.0,0.10373,702.0,0.10374,896.0
1753531716456,12:08:36.456,BLUR/USDT:USDT,0.10366,901.0,0.10365,3.0,0.10373,702.0,0.10374,896.0
1753531716595,12:08:36.595,BLUR/USDT:USDT,0.10366,901.0,0.10365,3.0,0.10373,702.0,0.10374,896.0
1753531717315,12:08:37.315,BLUR/USDT:USDT,0.10366,901.0,0.10365,3.0,0.10373,702.0,0.10374,896.0
1753531717318,12:08:37.318,BLUR/USDT:USDT,0.10366,901.0,0.10365,3.0,0.10373,702.0,0.10374,896.0
1753531717654,12:08:37.654,BLUR/USDT:USDT,0.10366,901.0,0.10365,3.0,0.10373,702.0,0.10374,896.0
1753531717777,12:08:37.777,BLUR/USDT:USDT,0.10366,707.0,0.10365,3.0,0.10373,702.0,0.10374,896.0
1753531717858,12:08:37.858,BLUR/USDT:USDT,0.10366,707.0,0.10365,3.0,0.10373,702.0,0.10374,896.0
1753531718007,12:08:38.007,BLUR/USDT:USDT,0.10366,707.0,0.10365,3.0,0.10373,702.0,0.10374,896.0
1753531718058,12:08:38.058,BLUR/USDT:USDT,0.10366,707.0,0.10365,3.0,0.10373,702.0,0.10374,896.0
1753531718275,12:08:38.275,BLUR/USDT:USDT,0.10366,707.0,0.10365,3.0,0.10373,702.0,0.10374,896.0
1753531718466,12:08:38.466,BLUR/USDT:USDT,0.10366,804.0,0.10365,3.0,0.10373,702.0,0.10374,896.0
1753531718599,12:08:38.599,BLUR/USDT:USDT,0.10366,804.0,0.10365,3.0,0.10373,702.0,0.10374,896.0
1753531719009,12:08:39.009,BLUR/USDT:USDT,0.10366,804.0,0.10365,3.0,0.10373,702.0,0.10374,896.0
1753531719099,12:08:39.099,BLUR/USDT:USDT,0.10366,707.0,0.10365,3.0,0.10373,702.0,0.10374,896.0
1753531719197,12:08:39.197,BLUR/USDT:USDT,0.10366,490.0,0.10365,705.0,0.10371,702.0,0.10372,5098.0
1753531719272,12:08:39.272,BLUR/USDT:USDT,0.10366,490.0,0.10365,703.0,0.10369,702.0,0.1037,896.0
1753531719411,12:08:39.411,BLUR/USDT:USDT,0.10366,490.0,0.10365,703.0,0.10369,702.0,0.1037,896.0
1753531719466,12:08:39.466,BLUR/USDT:USDT,0.10366,1192.0,0.10365,897.0,0.1037,702.0,0.10371,820.0
1753531719521,12:08:39.521,BLUR/USDT:USDT,0.10366,1194.0,0.10365,897.0,0.1037,702.0,0.10371,820.0
1753531719825,12:08:39.825,BLUR/USDT:USDT,0.10366,1194.0,0.10365,897.0,0.1037,702.0,0.10371,820.0
1753531720312,12:08:40.312,BLUR/USDT:USDT,0.10366,492.0,0.10365,897.0,0.1037,702.0,0.10371,820.0
1753531720328,12:08:40.328,BLUR/USDT:USDT,0.10366,490.0,0.10365,899.0,0.1037,702.0,0.10371,820.0
1753531720648,12:08:40.648,BLUR/USDT:USDT,0.10366,490.0,0.10365,899.0,0.1037,702.0,0.10371,820.0
1753531720779,12:08:40.779,BLUR/USDT:USDT,0.10366,490.0,0.10365,899.0,0.1037,702.0,0.10371,820.0
1753531720893,12:08:40.893,BLUR/USDT:USDT,0.10366,490.0,0.10365,899.0,0.1037,702.0,0.10371,820.0
1753531721015,12:08:41.015,BLUR/USDT:USDT,0.10365,802.0,0.10364,1396.0,0.1037,799.0,0.10371,917.0
1753531721100,12:08:41.100,BLUR/USDT:USDT,0.10365,3.0,0.10364,714.0,0.10367,702.0,0.10368,799.0
1753531721211,12:08:41.211,BLUR/USDT:USDT,0.10365,1.0,0.10362,2.0,0.10367,702.0,0.10368,820.0
1753531721280,12:08:41.280,BLUR/USDT:USDT,0.10365,1.0,0.10361,707.0,0.10367,702.0,0.10368,820.0
1753531721414,12:08:41.414,BLUR/USDT:USDT,0.10361,194.0,0.10359,708.0,0.10367,702.0,0.10368,820.0
1753531721491,12:08:41.491,BLUR/USDT:USDT,0.10361,194.0,0.10359,708.0,0.10367,702.0,0.10368,820.0
1753531721565,12:08:41.565,BLUR/USDT:USDT,0.10361,194.0,0.10359,708.0,0.10367,702.0,0.10368,820.0
1753531721643,12:08:41.643,BLUR/USDT:USDT,0.10361,194.0,0.10359,708.0,0.10367,702.0,0.10368,820.0
1753531721798,12:08:41.798,BLUR/USDT:USDT,0.10361,888.0,0.10359,708.0,0.10367,702.0,0.10368,820.0
1753531721880,12:08:41.880,BLUR/USDT:USDT,0.10361,888.0,0.10359,1391.0,0.10367,702.0,0.10368,820.0
1753531722005,12:08:42.005,BLUR/USDT:USDT,0.10361,888.0,0.1036,2.0,0.10367,702.0,0.10368,820.0
1753531722102,12:08:42.102,BLUR/USDT:USDT,0.10361,888.0,0.1036,2.0,0.10367,702.0,0.10368,820.0
1753531722415,12:08:42.415,BLUR/USDT:USDT,0.10362,694.0,0.10361,888.0,0.10367,702.0,0.10368,820.0
1753531722505,12:08:42.505,BLUR/USDT:USDT,0.10364,1184.0,0.10362,694.0,0.10367,702.0,0.10368,820.0
1753531722538,12:08:42.538,BLUR/USDT:USDT,0.10364,1184.0,0.10362,696.0,0.10367,702.0,0.10368,820.0
1753531722713,12:08:42.713,BLUR/USDT:USDT,0.10364,1184.0,0.10362,696.0,0.10367,702.0,0.10368,820.0
1753531722960,12:08:42.960,BLUR/USDT:USDT,0.10364,1184.0,0.10362,696.0,0.10367,702.0,0.10368,820.0
1753531723136,12:08:43.136,BLUR/USDT:USDT,0.10364,1184.0,0.10362,696.0,0.10367,702.0,0.10368,820.0
1753531723270,12:08:43.270,BLUR/USDT:USDT,0.10364,490.0,0.10362,696.0,0.10367,702.0,0.10368,820.0
1753531723735,12:08:43.735,BLUR/USDT:USDT,0.10364,490.0,0.10362,696.0,0.10367,702.0,0.10368,820.0
1753531723960,12:08:43.960,BLUR/USDT:USDT,0.10364,490.0,0.10362,696.0,0.10367,702.0,0.10368,820.0
1753531724317,12:08:44.317,BLUR/USDT:USDT,0.10364,490.0,0.10362,696.0,0.10367,702.0,0.10368,820.0
1753531724531,12:08:44.531,BLUR/USDT:USDT,0.10364,490.0,0.10362,696.0,0.10367,702.0,0.10368,820.0
1753531724750,12:08:44.750,BLUR/USDT:USDT,0.10364,490.0,0.10362,696.0,0.10367,702.0,0.10368,820.0
1753531725699,12:08:45.699,BLUR/USDT:USDT,0.10364,490.0,0.10363,97.0,0.10367,702.0,0.10368,820.0
1753531725801,12:08:45.801,BLUR/USDT:USDT,0.10364,694.0,0.10363,194.0,0.10367,694.0,0.10368,723.0
1753531725911,12:08:45.911,BLUR/USDT:USDT,0.10364,694.0,0.10363,194.0,0.10367,694.0,0.10368,723.0
1753531726272,12:08:46.272,BLUR/USDT:USDT,0.10364,694.0,0.10363,194.0,0.10367,694.0,0.10368,723.0
1753531726414,12:08:46.414,BLUR/USDT:USDT,0.10364,694.0,0.10363,194.0,0.10367,694.0,0.10368,723.0
1753531726446,12:08:46.446,BLUR/USDT:USDT,0.10364,694.0,0.10362,696.0,0.10367,694.0,0.10368,723.0
1753531726697,12:08:46.697,BLUR/USDT:USDT,0.10364,694.0,0.10362,696.0,0.10367,694.0,0.10368,723.0
1753531726804,12:08:46.804,BLUR/USDT:USDT,0.10362,696.0,0.10361,1377.0,0.10366,694.0,0.10367,791.0
1753531726840,12:08:46.840,BLUR/USDT:USDT,0.10364,490.0,0.10363,694.0,0.10366,694.0,0.10367,791.0
1753531727289,12:08:47.289,BLUR/USDT:USDT,0.10364,490.0,0.10363,694.0,0.10366,694.0,0.10367,791.0
1753531727507,12:08:47.507,BLUR/USDT:USDT,0.10365,490.0,0.10363,1377.0,0.10367,791.0,0.10368,820.0
1753531727611,12:08:47.611,BLUR/USDT:USDT,0.10365,490.0,0.10363,1377.0,0.10367,791.0,0.10368,820.0
1753531727655,12:08:47.655,BLUR/USDT:USDT,0.10365,490.0,0.10363,1377.0,0.10367,791.0,0.10368,820.0
1753531727969,12:08:47.969,BLUR/USDT:USDT,0.10365,490.0,0.10363,1377.0,0.10367,791.0,0.10368,820.0
1753531728073,12:08:48.073,BLUR/USDT:USDT,0.10365,490.0,0.10363,1377.0,0.10367,791.0,0.10368,820.0
1753531728170,12:08:48.170,BLUR/USDT:USDT,0.10365,490.0,0.10363,1377.0,0.10367,97.0,0.10368,820.0
1753531728228,12:08:48.228,BLUR/USDT:USDT,0.10365,490.0,0.10363,1377.0,0.10367,97.0,0.10368,799.0
1753531728415,12:08:48.415,BLUR/USDT:USDT,0.10365,490.0,0.10363,1377.0,0.10367,97.0,0.10368,799.0
1753531728498,12:08:48.498,BLUR/USDT:USDT,0.10364,694.0,0.10363,694.0,0.10367,791.0,0.10368,799.0
1753531728615,12:08:48.615,BLUR/USDT:USDT,0.10363,694.0,0.10362,890.0,0.10367,791.0,0.10368,799.0
1753531728618,12:08:48.618,BLUR/USDT:USDT,0.10363,694.0,0.10362,890.0,0.10367,888.0,0.10368,799.0
1753531728905,12:08:48.905,BLUR/USDT:USDT,0.10363,694.0,0.10362,890.0,0.10367,888.0,0.10368,799.0
1753531729006,12:08:49.006,BLUR/USDT:USDT,0.10364,490.0,0.10363,694.0,0.10366,694.0,0.10367,888.0
1753531729077,12:08:49.077,BLUR/USDT:USDT,0.10364,490.0,0.10363,694.0,0.10366,694.0,0.10367,909.0
1753531729176,12:08:49.176,BLUR/USDT:USDT,0.10365,490.0,0.10363,1378.0,0.10367,909.0,0.10368,799.0
1753531729280,12:08:49.280,BLUR/USDT:USDT,0.10365,490.0,0.10363,1378.0,0.10367,888.0,0.10368,820.0
1753531729324,12:08:49.324,BLUR/USDT:USDT,0.10365,490.0,0.10363,1378.0,0.10367,888.0,0.10368,820.0
1753531729429,12:08:49.429,BLUR/USDT:USDT,0.10365,490.0,0.10363,1378.0,0.10367,888.0,0.10368,820.0
1753531729870,12:08:49.870,BLUR/USDT:USDT,0.10365,490.0,0.10363,1378.0,0.10366,694.0,0.10367,888.0
1753531730096,12:08:50.096,BLUR/USDT:USDT,0.10365,490.0,0.10363,1378.0,0.10366,694.0,0.10367,888.0
1753531730159,12:08:50.159,BLUR/USDT:USDT,0.10363,684.0,0.10362,793.0,0.10366,694.0,0.10367,888.0
1753531730226,12:08:50.226,BLUR/USDT:USDT,0.10363,684.0,0.10362,890.0,0.10366,694.0,0.10367,909.0
1753531730563,12:08:50.563,BLUR/USDT:USDT,0.10363,684.0,0.10362,890.0,0.10366,694.0,0.10367,909.0
1753531730869,12:08:50.869,BLUR/USDT:USDT,0.10363,684.0,0.10362,890.0,0.10366,694.0,0.10367,909.0
1753531731184,12:08:51.184,BLUR/USDT:USDT,0.10363,684.0,0.10362,890.0,0.10366,694.0,0.10367,909.0
1753531731411,12:08:51.411,BLUR/USDT:USDT,0.10365,490.0,0.10364,791.0,0.10367,715.0,0.10368,702.0
1753531731470,12:08:51.470,BLUR/USDT:USDT,0.10365,490.0,0.10364,793.0,0.10366,717.0,0.10367,694.0
1753531731589,12:08:51.589,BLUR/USDT:USDT,0.10365,490.0,0.10364,791.0,0.10368,702.0,0.10369,21.0
1753531731715,12:08:51.715,BLUR/USDT:USDT,0.10365,490.0,0.10364,791.0,0.10368,702.0,0.1037,723.0
1753531731800,12:08:51.800,BLUR/USDT:USDT,0.10365,490.0,0.10364,791.0,0.10368,702.0,0.1037,723.0
1753531731819,12:08:51.819,BLUR/USDT:USDT,0.10365,490.0,0.10364,791.0,0.10368,702.0,0.10369,97.0
1753531732084,12:08:52.084,BLUR/USDT:USDT,0.10365,490.0,0.10364,791.0,0.10368,702.0,0.10369,194.0
1753531732169,12:08:52.169,BLUR/USDT:USDT,0.10365,490.0,0.10364,791.0,0.10368,702.0,0.10369,194.0
1753531732497,12:08:52.497,BLUR/USDT:USDT,0.10365,490.0,0.10364,97.0,0.10367,717.0,0.10368,799.0
1753531732607,12:08:52.607,BLUR/USDT:USDT,0.10365,490.0,0.10364,97.0,0.10368,702.0,0.10369,194.0
1753531732697,12:08:52.697,BLUR/USDT:USDT,0.10365,490.0,0.10364,97.0,0.10367,717.0,0.10368,799.0
1753531732790,12:08:52.790,BLUR/USDT:USDT,0.10365,490.0,0.10364,97.0,0.10367,717.0,0.10368,702.0
1753531732851,12:08:52.851,BLUR/USDT:USDT,0.10365,490.0,0.10364,97.0,0.10368,702.0,0.10369,194.0
1753531732936,12:08:52.936,BLUR/USDT:USDT,0.10365,490.0,0.10364,97.0,0.10367,717.0,0.10368,799.0
1753531733089,12:08:53.089,BLUR/USDT:USDT,0.10365,490.0,0.10364,97.0,0.10368,702.0,0.10369,194.0
1753531733168,12:08:53.168,BLUR/USDT:USDT,0.10365,490.0,0.10364,97.0,0.10368,702.0,0.10369,194.0
1753531733256,12:08:53.256,BLUR/USDT:USDT,0.10365,490.0,0.10364,97.0,0.10367,717.0,0.10368,799.0
1753531733407,12:08:53.407,BLUR/USDT:USDT,0.10365,490.0,0.10364,97.0,0.10368,702.0,0.10369,194.0
1753531733437,12:08:53.437,BLUR/USDT:USDT,0.10365,490.0,0.10364,97.0,0.10368,702.0,0.10369,194.0
1753531733575,12:08:53.575,BLUR/USDT:USDT,0.10365,490.0,0.10364,97.0,0.10367,717.0,0.10368,799.0
1753531733649,12:08:53.649,BLUR/USDT:USDT,0.10365,490.0,0.10364,97.0,0.10367,717.0,0.10368,702.0
1753531733815,12:08:53.815,BLUR/USDT:USDT,0.10365,490.0,0.10364,97.0,0.10368,799.0,0.10369,194.0
1753531733910,12:08:53.910,BLUR/USDT:USDT,0.10365,490.0,0.10364,97.0,0.10367,717.0,0.10368,702.0
1753531733970,12:08:53.970,BLUR/USDT:USDT,0.10365,490.0,0.10364,97.0,0.10368,702.0,0.10369,194.0
1753531734058,12:08:54.058,BLUR/USDT:USDT,0.10365,490.0,0.10364,97.0,0.10367,717.0,0.10368,799.0
1753531734210,12:08:54.210,BLUR/USDT:USDT,0.10365,490.0,0.10364,97.0,0.10368,702.0,0.10369,194.0
1753531734264,12:08:54.264,BLUR/USDT:USDT,0.10365,490.0,0.10364,97.0,0.10368,702.0,0.10369,194.0
1753531734355,12:08:54.355,BLUR/USDT:USDT,0.10365,490.0,0.10364,97.0,0.10367,717.0,0.10368,799.0
1753531734506,12:08:54.506,BLUR/USDT:USDT,0.10365,490.0,0.10364,97.0,0.10368,702.0,0.10369,194.0
1753531734596,12:08:54.596,BLUR/USDT:USDT,0.10365,490.0,0.10364,97.0,0.10367,717.0,0.10368,799.0
1753531734690,12:08:54.690,BLUR/USDT:USDT,0.10364,97.0,0.10363,99.0,0.10367,717.0,0.10368,702.0
1753531734799,12:08:54.799,BLUR/USDT:USDT,0.10365,490.0,0.10364,97.0,0.10368,702.0,0.10369,194.0
1753531734904,12:08:54.904,BLUR/USDT:USDT,0.10365,490.0,0.10364,97.0,0.10367,717.0,0.10368,799.0
1753531734971,12:08:54.971,BLUR/USDT:USDT,0.10365,490.0,0.10364,97.0,0.10367,717.0,0.10368,702.0
1753531735094,12:08:55.094,BLUR/USDT:USDT,0.10365,490.0,0.10364,97.0,0.10368,702.0,0.10369,194.0
1753531735210,12:08:55.210,BLUR/USDT:USDT,0.10365,490.0,0.10364,97.0,0.10367,717.0,0.10368,702.0
1753531735287,12:08:55.287,BLUR/USDT:USDT,0.10365,490.0,0.10364,97.0,0.10368,702.0,0.10369,194.0
1753531735377,12:08:55.377,BLUR/USDT:USDT,0.10365,490.0,0.10364,97.0,0.10367,717.0,0.10368,799.0
1753531735513,12:08:55.513,BLUR/USDT:USDT,0.10365,490.0,0.10363,686.0,0.10367,717.0,0.10368,702.0
1753531735531,12:08:55.531,BLUR/USDT:USDT,0.10365,490.0,0.10363,686.0,0.10368,702.0,0.10369,194.0
1753531735711,12:08:55.711,BLUR/USDT:USDT,0.10365,490.0,0.10363,686.0,0.10367,717.0,0.10368,702.0
1753531735792,12:08:55.792,BLUR/USDT:USDT,0.10365,490.0,0.10363,686.0,0.10368,702.0,0.10369,194.0
1753531736014,12:08:56.014,BLUR/USDT:USDT,0.10365,490.0,0.10363,686.0,0.10368,799.0,0.10369,194.0
1753531736110,12:08:56.110,BLUR/USDT:USDT,0.10365,490.0,0.10363,686.0,0.10367,717.0,0.10368,702.0
1753531736168,12:08:56.168,BLUR/USDT:USDT,0.10365,490.0,0.10363,686.0,0.10368,702.0,0.10369,194.0
1753531736412,12:08:56.412,BLUR/USDT:USDT,0.10365,490.0,0.10363,686.0,0.10368,799.0,0.10369,194.0
1753531736513,12:08:56.513,BLUR/USDT:USDT,0.10365,490.0,0.10363,686.0,0.10367,717.0,0.10368,702.0
1753531736569,12:08:56.569,BLUR/USDT:USDT,0.10365,490.0,0.10363,686.0,0.10368,702.0,0.10369,194.0
1753531736657,12:08:56.657,BLUR/USDT:USDT,0.10365,490.0,0.10363,686.0,0.10367,717.0,0.10368,799.0
1753531736810,12:08:56.810,BLUR/USDT:USDT,0.10365,490.0,0.10363,686.0,0.10368,702.0,0.10369,194.0
1753531737036,12:08:57.036,BLUR/USDT:USDT,0.10365,490.0,0.10363,686.0,0.10367,717.0,0.10368,799.0
1753531737188,12:08:57.188,BLUR/USDT:USDT,0.10365,490.0,0.10363,686.0,0.10368,702.0,0.10369,194.0
1753531737275,12:08:57.275,BLUR/USDT:USDT,0.10365,490.0,0.10363,686.0,0.10367,717.0,0.10368,799.0
1753531737372,12:08:57.372,BLUR/USDT:USDT,0.10365,490.0,0.10363,686.0,0.10367,717.0,0.10368,702.0
1753531737515,12:08:57.515,BLUR/USDT:USDT,0.10365,490.0,0.10363,686.0,0.10367,717.0,0.10368,799.0
1753531737590,12:08:57.590,BLUR/USDT:USDT,0.10365,490.0,0.10363,686.0,0.10367,717.0,0.10368,702.0
1753531737667,12:08:57.667,BLUR/USDT:USDT,0.10365,490.0,0.10363,686.0,0.10368,702.0,0.10369,194.0
1753531737903,12:08:57.903,BLUR/USDT:USDT,0.10365,490.0,0.10363,686.0,0.10367,717.0,0.10368,799.0
1753531738008,12:08:58.008,BLUR/USDT:USDT,0.10365,490.0,0.10363,686.0,0.10368,702.0,0.10369,194.0
1753531738258,12:08:58.258,BLUR/USDT:USDT,0.10365,490.0,0.10363,686.0,0.10368,702.0,0.10369,194.0
1753531738393,12:08:58.393,BLUR/USDT:USDT,0.10363,686.0,0.10362,694.0,0.10368,702.0,0.10369,194.0
1753531738500,12:08:58.500,BLUR/USDT:USDT,0.10363,717.0,0.10362,696.0,0.10366,717.0,0.10367,814.0
1753531738597,12:08:58.597,BLUR/USDT:USDT,0.10363,717.0,0.10362,694.0,0.10366,717.0,0.10367,835.0
1753531738703,12:08:58.703,BLUR/USDT:USDT,0.10363,717.0,0.10362,791.0,0.10366,717.0,0.10367,835.0
1753531738809,12:08:58.809,BLUR/USDT:USDT,0.10363,717.0,0.10362,793.0,0.10366,717.0,0.10367,835.0
1753531739258,12:08:59.258,BLUR/USDT:USDT,0.10363,717.0,0.10362,793.0,0.10366,717.0,0.10367,835.0
1753531739631,12:08:59.631,BLUR/USDT:USDT,0.10363,717.0,0.10362,793.0,0.10366,717.0,0.10367,835.0
1753531740048,12:09:00.048,BLUR/USDT:USDT,0.10363,717.0,0.10362,793.0,0.10366,717.0,0.10367,835.0
1753531740802,12:09:00.802,BLUR/USDT:USDT,0.10363,717.0,0.10362,793.0,0.10366,717.0,0.10367,835.0
1753531740874,12:09:00.874,BLUR/USDT:USDT,0.10363,717.0,0.10362,793.0,0.10366,717.0,0.10367,835.0
1753531741304,12:09:01.304,BLUR/USDT:USDT,0.10364,717.0,0.10363,814.0,0.10366,717.0,0.10367,835.0
1753531741395,12:09:01.395,BLUR/USDT:USDT,0.10363,814.0,0.10362,793.0,0.10366,717.0,0.10367,835.0
1753531741598,12:09:01.598,BLUR/USDT:USDT,0.10366,490.0,0.10365,97.0,0.10367,21.0,0.10368,702.0
1753531741696,12:09:01.696,BLUR/USDT:USDT,0.10367,490.0,0.10366,97.0,0.10368,702.0,0.1037,723.0
1753531741799,12:09:01.799,BLUR/USDT:USDT,0.10367,490.0,0.10366,97.0,0.10368,702.0,0.1037,723.0
1753531741844,12:09:01.844,BLUR/USDT:USDT,0.10367,490.0,0.10366,97.0,0.10368,702.0,0.1037,723.0
1753531742005,12:09:02.005,BLUR/USDT:USDT,0.10367,490.0,0.10366,97.0,0.10368,702.0,0.1037,723.0
1753531742155,12:09:02.155,BLUR/USDT:USDT,0.10367,490.0,0.10366,97.0,0.10368,702.0,0.1037,723.0
1753531742261,12:09:02.261,BLUR/USDT:USDT,0.10367,490.0,0.10365,783.0,0.10368,702.0,0.1037,723.0
1753531742657,12:09:02.657,BLUR/USDT:USDT,0.10367,490.0,0.10365,783.0,0.10368,702.0,0.1037,723.0
1753531742942,12:09:02.942,BLUR/USDT:USDT,0.10367,490.0,0.10365,783.0,0.10368,702.0,0.1037,723.0
1753531743021,12:09:03.021,BLUR/USDT:USDT,0.10367,490.0,0.10365,783.0,0.10368,702.0,0.1037,723.0
1753531743345,12:09:03.345,BLUR/USDT:USDT,0.10367,490.0,0.10365,783.0,0.10368,702.0,0.1037,723.0
1753531743666,12:09:03.666,BLUR/USDT:USDT,0.10367,490.0,0.10365,783.0,0.10369,697.0,0.1037,820.0
1753531743761,12:09:03.761,BLUR/USDT:USDT,0.10367,490.0,0.10365,785.0,0.10369,697.0,0.1037,820.0
1753531744214,12:09:04.214,BLUR/USDT:USDT,0.10367,490.0,0.10366,97.0,0.10369,697.0,0.1037,820.0
1753531744218,12:09:04.218,BLUR/USDT:USDT,0.10367,490.0,0.10366,97.0,0.10369,697.0,0.1037,820.0
1753531744391,12:09:04.391,BLUR/USDT:USDT,0.10367,490.0,0.10366,97.0,0.10369,697.0,0.1037,820.0
1753531744580,12:09:04.580,BLUR/USDT:USDT,0.10367,490.0,0.10366,97.0,0.10369,697.0,0.1037,820.0
1753531745081,12:09:05.081,BLUR/USDT:USDT,0.10367,490.0,0.10366,97.0,0.10369,697.0,0.1037,820.0
1753531745786,12:09:05.786,BLUR/USDT:USDT,0.10367,490.0,0.10366,97.0,0.10369,697.0,0.1037,820.0
1753531746071,12:09:06.071,BLUR/USDT:USDT,0.10367,490.0,0.10366,97.0,0.10369,697.0,0.1037,723.0
1753531746214,12:09:06.214,BLUR/USDT:USDT,0.10365,2.0,0.10363,686.0,0.10369,697.0,0.1037,917.0
1753531746313,12:09:06.313,BLUR/USDT:USDT,0.10364,697.0,0.10362,697.0,0.10369,697.0,0.1037,917.0
1753531746362,12:09:06.362,BLUR/USDT:USDT,0.10363,697.0,0.10362,699.0,0.10369,697.0,0.1037,917.0
1753531746572,12:09:06.572,BLUR/USDT:USDT,0.10363,697.0,0.10362,699.0,0.10369,697.0,0.1037,917.0
1753531746673,12:09:06.673,BLUR/USDT:USDT,0.10362,699.0,0.10359,708.0,0.10369,697.0,0.1037,917.0
1753531746728,12:09:06.728,BLUR/USDT:USDT,0.10362,697.0,0.1036,686.0,0.10369,697.0,0.1037,917.0
1753531746823,12:09:06.823,BLUR/USDT:USDT,0.10362,697.0,0.1036,688.0,0.10369,697.0,0.1037,917.0
1753531747006,12:09:07.006,BLUR/USDT:USDT,0.10362,697.0,0.1036,688.0,0.10369,697.0,0.1037,917.0
1753531747198,12:09:07.198,BLUR/USDT:USDT,0.10362,697.0,0.1036,688.0,0.10369,697.0,0.1037,5628.0
1753531747277,12:09:07.277,BLUR/USDT:USDT,0.10362,697.0,0.1036,688.0,0.10369,697.0,0.1037,5628.0
1753531747577,12:09:07.577,BLUR/USDT:USDT,0.10362,697.0,0.1036,688.0,0.10369,697.0,0.1037,5628.0
1753531747715,12:09:07.715,BLUR/USDT:USDT,0.10361,697.0,0.1036,2.0,0.10368,794.0,0.10369,5879.0
1753531747803,12:09:07.803,BLUR/USDT:USDT,0.10361,697.0,0.10359,708.0,0.10367,697.0,0.10368,815.0
1753531747908,12:09:07.908,BLUR/USDT:USDT,0.10359,708.0,0.10358,2.0,0.10367,697.0,0.10368,815.0
1753531747946,12:09:07.946,BLUR/USDT:USDT,0.10359,708.0,0.10357,687.0,0.10367,697.0,0.10368,815.0
1753531748101,12:09:08.101,BLUR/USDT:USDT,0.10359,708.0,0.10357,687.0,0.10367,697.0,0.10368,815.0
1753531748196,12:09:08.196,BLUR/USDT:USDT,0.10359,708.0,0.10357,687.0,0.10367,697.0,0.10368,815.0
1753531748237,12:09:08.237,BLUR/USDT:USDT,0.10359,708.0,0.10357,1373.0,0.10367,697.0,0.10368,815.0
1753531748338,12:09:08.338,BLUR/USDT:USDT,0.10359,708.0,0.10357,1373.0,0.10367,697.0,0.10368,815.0
1753531748608,12:09:08.608,BLUR/USDT:USDT,0.10359,708.0,0.10357,1373.0,0.10367,697.0,0.10368,815.0
1753531748620,12:09:08.620,BLUR/USDT:USDT,0.10359,708.0,0.10357,1373.0,0.10367,697.0,0.10368,815.0
1753531748725,12:09:08.725,BLUR/USDT:USDT,0.10359,708.0,0.10357,1373.0,0.10367,697.0,0.10368,815.0
1753531749405,12:09:09.405,BLUR/USDT:USDT,0.10359,708.0,0.10357,1373.0,0.10367,697.0,0.10368,815.0
1753531749843,12:09:09.843,BLUR/USDT:USDT,0.10359,708.0,0.10357,1373.0,0.10367,697.0,0.10368,815.0
1753531750305,12:09:10.305,BLUR/USDT:USDT,0.10359,708.0,0.10357,1373.0,0.10367,697.0,0.10368,815.0
1753531750377,12:09:10.377,BLUR/USDT:USDT,0.10359,708.0,0.10357,1373.0,0.10367,697.0,0.10368,815.0
1753531750418,12:09:10.418,BLUR/USDT:USDT,0.10359,708.0,0.10357,1373.0,0.10367,697.0,0.10368,815.0
1753531750697,12:09:10.697,BLUR/USDT:USDT,0.10359,708.0,0.10357,1373.0,0.10367,697.0,0.10368,815.0
1753531750749,12:09:10.749,BLUR/USDT:USDT,0.10359,708.0,0.10357,1373.0,0.10367,697.0,0.10368,815.0
1753531751006,12:09:11.006,BLUR/USDT:USDT,0.10359,708.0,0.10357,1373.0,0.10367,697.0,0.10368,815.0
1753531751503,12:09:11.503,BLUR/USDT:USDT,0.10359,708.0,0.10357,1373.0,0.10367,697.0,0.10368,815.0
1753531751987,12:09:11.987,BLUR/USDT:USDT,0.10359,708.0,0.10357,1373.0,0.10367,697.0,0.10368,815.0
1753531752140,12:09:12.140,BLUR/USDT:USDT,0.10359,708.0,0.10357,1373.0,0.10367,697.0,0.10368,815.0
1753531752398,12:09:12.398,BLUR/USDT:USDT,0.10359,708.0,0.10357,1373.0,0.10367,697.0,0.10368,815.0
1753531752698,12:09:12.698,BLUR/USDT:USDT,0.10359,708.0,0.10357,1373.0,0.10367,697.0,0.10368,815.0
1753531753259,12:09:13.259,BLUR/USDT:USDT,0.10359,708.0,0.10357,1373.0,0.10367,697.0,0.10368,815.0
1753531753368,12:09:13.368,BLUR/USDT:USDT,0.10359,708.0,0.10357,1373.0,0.10367,697.0,0.10368,815.0
1753531753640,12:09:13.640,BLUR/USDT:USDT,0.10359,708.0,0.10357,1373.0,0.10367,697.0,0.10368,815.0
1753531754008,12:09:14.008,BLUR/USDT:USDT,0.10359,708.0,0.10357,1373.0,0.10367,697.0,0.10368,815.0
1753531754164,12:09:14.164,BLUR/USDT:USDT,0.10359,708.0,0.10357,1373.0,0.10367,697.0,0.10368,815.0
1753531754603,12:09:14.603,BLUR/USDT:USDT,0.10358,686.0,0.10357,1373.0,0.10366,4904.0,0.10367,697.0
1753531754658,12:09:14.658,BLUR/USDT:USDT,0.1036,490.0,0.10358,686.0,0.10363,686.0,0.10364,783.0
1753531754732,12:09:14.732,BLUR/USDT:USDT,0.1036,490.0,0.10358,686.0,0.10363,686.0,0.10364,783.0
1753531754832,12:09:14.832,BLUR/USDT:USDT,0.1036,490.0,0.10358,686.0,0.10363,686.0,0.10364,783.0
1753531755092,12:09:15.092,BLUR/USDT:USDT,0.1036,490.0,0.10358,686.0,0.10363,686.0,0.10364,783.0
1753531755537,12:09:15.537,BLUR/USDT:USDT,0.1036,490.0,0.10358,686.0,0.10363,686.0,0.10364,783.0
1753531755698,12:09:15.698,BLUR/USDT:USDT,0.10358,490.0,0.10357,687.0,0.10362,686.0,0.10363,783.0
1753531755799,12:09:15.799,BLUR/USDT:USDT,0.10357,1.0,0.10355,703.0,0.1036,686.0,0.10361,783.0
1753531755907,12:09:15.907,BLUR/USDT:USDT,0.10355,701.0,0.10352,2.0,0.10358,686.0,0.10359,783.0
1753531755942,12:09:15.942,BLUR/USDT:USDT,0.10351,704.0,0.1035,3.0,0.10358,686.0,0.10359,804.0
1753531756104,12:09:16.104,BLUR/USDT:USDT,0.10353,490.0,0.10352,686.0,0.10358,686.0,0.10359,804.0
1753531756208,12:09:16.208,BLUR/USDT:USDT,0.10356,490.0,0.10355,686.0,0.10358,686.0,0.10359,804.0
1753531756261,12:09:16.261,BLUR/USDT:USDT,0.10356,490.0,0.10355,688.0,0.10358,686.0,0.10359,804.0
1753531756408,12:09:16.408,BLUR/USDT:USDT,0.10356,490.0,0.10355,688.0,0.10358,686.0,0.10359,804.0
1753531756439,12:09:16.439,BLUR/USDT:USDT,0.10356,490.0,0.10355,688.0,0.10358,686.0,0.10359,804.0
1753531756578,12:09:16.578,BLUR/USDT:USDT,0.10356,490.0,0.10355,688.0,0.10358,686.0,0.10359,804.0
1753531756639,12:09:16.639,BLUR/USDT:USDT,0.10356,490.0,0.10355,688.0,0.10358,686.0,0.10359,804.0
1753531756799,12:09:16.799,BLUR/USDT:USDT,0.10356,490.0,0.10355,688.0,0.10358,686.0,0.10359,804.0
1753531756875,12:09:16.875,BLUR/USDT:USDT,0.10356,490.0,0.10355,688.0,0.10358,686.0,0.10359,804.0
1753531756955,12:09:16.955,BLUR/USDT:USDT,0.10356,490.0,0.10355,688.0,0.10358,686.0,0.10359,804.0
1753531757123,12:09:17.123,BLUR/USDT:USDT,0.10356,490.0,0.10355,688.0,0.10358,686.0,0.10359,804.0
1753531757284,12:09:17.284,BLUR/USDT:USDT,0.10355,2.0,0.10354,686.0,0.10358,686.0,0.10359,804.0
1753531757371,12:09:17.371,BLUR/USDT:USDT,0.10354,686.0,0.10353,97.0,0.10358,686.0,0.10359,707.0
1753531757441,12:09:17.441,BLUR/USDT:USDT,0.10354,686.0,0.10353,97.0,0.10358,686.0,0.10359,707.0
1753531757563,12:09:17.563,BLUR/USDT:USDT,0.10354,686.0,0.10353,97.0,0.10358,686.0,0.10359,707.0
1753531757654,12:09:17.654,BLUR/USDT:USDT,0.10354,686.0,0.10353,194.0,0.10358,686.0,0.10359,707.0
1753531757734,12:09:17.734,BLUR/USDT:USDT,0.10354,686.0,0.10353,194.0,0.10358,686.0,0.10359,707.0
1753531757888,12:09:17.888,BLUR/USDT:USDT,0.10354,686.0,0.10353,194.0,0.10358,686.0,0.10359,707.0
1753531757939,12:09:17.939,BLUR/USDT:USDT,0.10354,686.0,0.10353,194.0,0.10359,686.0,0.1036,21.0
1753531758083,12:09:18.083,BLUR/USDT:USDT,0.10354,686.0,0.10353,194.0,0.10359,686.0,0.10361,707.0
1753531758998,12:09:18.998,BLUR/USDT:USDT,0.10354,686.0,0.10353,194.0,0.10359,686.0,0.10361,707.0
1753531759248,12:09:19.248,BLUR/USDT:USDT,0.10354,686.0,0.10353,194.0,0.10359,686.0,0.10361,707.0
1753531759420,12:09:19.420,BLUR/USDT:USDT,0.10354,686.0,0.10353,194.0,0.10359,686.0,0.10361,707.0
1753531759538,12:09:19.538,BLUR/USDT:USDT,0.10354,686.0,0.10353,194.0,0.10359,686.0,0.10361,707.0
1753531759698,12:09:19.698,BLUR/USDT:USDT,0.10356,490.0,0.10354,686.0,0.10358,686.0,0.10359,783.0
1753531759809,12:09:19.809,BLUR/USDT:USDT,0.10354,1373.0,0.10353,194.0,0.10358,686.0,0.10359,783.0
1753531759864,12:09:19.864,BLUR/USDT:USDT,0.10354,687.0,0.10353,194.0,0.10358,686.0,0.10359,783.0
1753531760097,12:09:20.097,BLUR/USDT:USDT,0.10354,687.0,0.10353,194.0,0.10358,686.0,0.10359,783.0
1753531760259,12:09:20.259,BLUR/USDT:USDT,0.10354,687.0,0.10353,194.0,0.10358,686.0,0.10359,783.0
1753531761079,12:09:21.079,BLUR/USDT:USDT,0.10354,687.0,0.10353,194.0,0.10358,686.0,0.10359,783.0
1753531761211,12:09:21.211,BLUR/USDT:USDT,0.10354,687.0,0.10353,194.0,0.10358,686.0,0.10359,783.0
1753531761525,12:09:21.525,BLUR/USDT:USDT,0.10354,687.0,0.10353,194.0,0.10358,686.0,0.10359,783.0
1753531761691,12:09:21.691,BLUR/USDT:USDT,0.10354,687.0,0.10353,194.0,0.10358,686.0,0.10359,783.0
1753531761808,12:09:21.808,BLUR/USDT:USDT,0.10355,490.0,0.10353,806.0,0.10358,686.0,0.10359,783.0
1753531761895,12:09:21.895,BLUR/USDT:USDT,0.10355,490.0,0.10353,1493.0,0.10358,686.0,0.10359,783.0
1753531761953,12:09:21.953,BLUR/USDT:USDT,0.10355,490.0,0.10354,2.0,0.10358,686.0,0.10359,783.0
1753531762154,12:09:22.154,BLUR/USDT:USDT,0.10355,490.0,0.10354,2.0,0.10358,686.0,0.10359,783.0
1753531762299,12:09:22.299,BLUR/USDT:USDT,0.10355,490.0,0.10354,2.0,0.10358,686.0,0.10359,783.0
1753531762697,12:09:22.697,BLUR/USDT:USDT,0.10355,490.0,0.10354,2.0,0.10358,686.0,0.10359,783.0
1753531762766,12:09:22.766,BLUR/USDT:USDT,0.10355,490.0,0.10354,2.0,0.10358,686.0,0.10359,783.0
1753531763015,12:09:23.015,BLUR/USDT:USDT,0.10355,490.0,0.10354,2.0,0.10358,686.0,0.10359,783.0
1753531763015,12:09:23.015,BLUR/USDT:USDT,0.10355,490.0,0.10354,2.0,0.10358,686.0,0.10359,783.0
1753531763949,12:09:23.949,BLUR/USDT:USDT,0.10355,490.0,0.10354,2.0,0.10358,686.0,0.10359,783.0
1753531764314,12:09:24.314,BLUR/USDT:USDT,0.10355,490.0,0.10354,2.0,0.10358,686.0,0.10359,783.0
1753531764357,12:09:24.357,BLUR/USDT:USDT,0.10355,490.0,0.10354,2.0,0.10358,686.0,0.10359,783.0
1753531764423,12:09:24.423,BLUR/USDT:USDT,0.10355,490.0,0.10354,2.0,0.10358,686.0,0.10359,804.0
1753531764706,12:09:24.706,BLUR/USDT:USDT,0.10354,2.0,0.1035,1.0,0.10357,806.0,0.10358,880.0
1753531764805,12:09:24.805,BLUR/USDT:USDT,0.10354,2.0,0.1035,1.0,0.10355,709.0,0.10356,806.0
1753531764895,12:09:24.895,BLUR/USDT:USDT,0.10354,2.0,0.1035,1.0,0.10356,806.0,0.10357,903.0
1753531764998,12:09:24.998,BLUR/USDT:USDT,0.10352,709.0,0.10351,806.0,0.10356,709.0,0.10357,806.0
1753531765100,12:09:25.100,BLUR/USDT:USDT,0.10354,709.0,0.10353,808.0,0.10355,11.0,0.10356,709.0
1753531765203,12:09:25.203,BLUR/USDT:USDT,0.10353,903.0,0.10352,903.0,0.10356,10.0,0.10357,709.0
1753531765303,12:09:25.303,BLUR/USDT:USDT,0.10353,194.0,0.10352,806.0,0.10356,21.0,0.10357,709.0
1753531765398,12:09:25.398,BLUR/USDT:USDT,0.10353,711.0,0.10352,806.0,0.10356,21.0,0.10357,709.0
1753531765503,12:09:25.503,BLUR/USDT:USDT,0.10353,709.0,0.10352,806.0,0.10356,730.0,0.10357,709.0
1753531765600,12:09:25.600,BLUR/USDT:USDT,0.10355,490.0,0.10353,1396.0,0.10356,719.0,0.10357,709.0
1753531765623,12:09:25.623,BLUR/USDT:USDT,0.10355,490.0,0.10354,2.0,0.10356,719.0,0.10357,709.0
1753531766005,12:09:26.005,BLUR/USDT:USDT,0.10355,490.0,0.10354,2.0,0.10356,719.0,0.10357,709.0
1753531766042,12:09:26.042,BLUR/USDT:USDT,0.10355,490.0,0.10354,2.0,0.10356,719.0,0.10357,709.0
1753531766204,12:09:26.204,BLUR/USDT:USDT,0.10355,490.0,0.10354,2.0,0.10356,719.0,0.10357,709.0
1753531766227,12:09:26.227,BLUR/USDT:USDT,0.10355,490.0,0.10354,2.0,0.10356,719.0,0.10357,709.0
1753531766854,12:09:26.854,BLUR/USDT:USDT,0.10355,490.0,0.10354,2.0,0.10356,719.0,0.10357,709.0
1753531767292,12:09:27.292,BLUR/USDT:USDT,0.10355,490.0,0.10354,2.0,0.10356,719.0,0.10357,709.0
1753531767513,12:09:27.513,BLUR/USDT:USDT,0.10355,490.0,0.10354,2.0,0.10356,719.0,0.10357,709.0
1753531767550,12:09:27.550,BLUR/USDT:USDT,0.10355,490.0,0.10354,2.0,0.10356,719.0,0.10357,709.0
1753531767737,12:09:27.737,BLUR/USDT:USDT,0.10355,490.0,0.10354,99.0,0.10356,719.0,0.10357,709.0
1753531767913,12:09:27.913,BLUR/USDT:USDT,0.10354,2.0,0.1035,1.0,0.10355,1199.0,0.10356,719.0
1753531768010,12:09:28.010,BLUR/USDT:USDT,0.1035,98.0,0.10349,684.0,0.10354,709.0,0.10355,1199.0
1753531768104,12:09:28.104,BLUR/USDT:USDT,0.1035,710.0,0.10349,686.0,0.10353,709.0,0.10354,806.0
1753531768213,12:09:28.213,BLUR/USDT:USDT,0.10351,709.0,0.1035,710.0,0.10353,11.0,0.10354,817.0
1753531768277,12:09:28.277,BLUR/USDT:USDT,0.10351,709.0,0.1035,710.0,0.10354,828.0,0.10355,1296.0
1753531768498,12:09:28.498,BLUR/USDT:USDT,0.10351,709.0,0.1035,710.0,0.10354,731.0,0.10355,1296.0
1753531768601,12:09:28.601,BLUR/USDT:USDT,0.10351,709.0,0.1035,710.0,0.10354,731.0,0.10355,1393.0
1753531768897,12:09:28.897,BLUR/USDT:USDT,0.10351,709.0,0.1035,710.0,0.10354,731.0,0.10355,1393.0
1753531769013,12:09:29.013,BLUR/USDT:USDT,0.10351,709.0,0.1035,710.0,0.10354,731.0,0.10355,1296.0
1753531769040,12:09:29.040,BLUR/USDT:USDT,0.10351,709.0,0.1035,807.0,0.10354,731.0,0.10355,1296.0
1753531769126,12:09:29.126,BLUR/USDT:USDT,0.10351,709.0,0.1035,807.0,0.10354,731.0,0.10355,1296.0
1753531769298,12:09:29.298,BLUR/USDT:USDT,0.10351,709.0,0.1035,807.0,0.10354,731.0,0.10355,1296.0
1753531769398,12:09:29.398,BLUR/USDT:USDT,0.10352,709.0,0.10351,806.0,0.10354,22.0,0.10355,709.0
1753531769509,12:09:29.509,BLUR/USDT:USDT,0.10352,709.0,0.10351,806.0,0.10355,709.0,0.10356,216.0
1753531769525,12:09:29.525,BLUR/USDT:USDT,0.10352,709.0,0.10351,806.0,0.10355,709.0,0.10356,216.0
1753531769785,12:09:29.785,BLUR/USDT:USDT,0.10352,709.0,0.10351,806.0,0.10355,709.0,0.10356,216.0
1753531769889,12:09:29.889,BLUR/USDT:USDT,0.10352,709.0,0.10351,806.0,0.10355,709.0,0.10356,216.0
1753531769942,12:09:29.942,BLUR/USDT:USDT,0.10352,709.0,0.10351,806.0,0.10355,709.0,0.10356,216.0
1753531770197,12:09:30.197,BLUR/USDT:USDT,0.10351,806.0,0.1035,904.0,0.10355,709.0,0.10356,216.0
1753531770291,12:09:30.291,BLUR/USDT:USDT,0.10351,806.0,0.1035,904.0,0.10355,709.0,0.10356,216.0
1753531770463,12:09:30.463,BLUR/USDT:USDT,0.10351,806.0,0.1035,904.0,0.10355,709.0,0.10356,216.0
1753531770597,12:09:30.597,BLUR/USDT:USDT,0.10351,806.0,0.1035,904.0,0.10355,709.0,0.10356,216.0
1753531770714,12:09:30.714,BLUR/USDT:USDT,0.10352,709.0,0.10351,806.0,0.10355,709.0,0.10356,216.0
1753531770779,12:09:30.779,BLUR/USDT:USDT,0.10352,709.0,0.10351,806.0,0.10355,709.0,0.10356,216.0
1753531770907,12:09:30.907,BLUR/USDT:USDT,0.10352,709.0,0.10351,806.0,0.10355,709.0,0.10356,194.0
1753531771004,12:09:31.004,BLUR/USDT:USDT,0.10351,709.0,0.1035,710.0,0.10355,709.0,0.10356,194.0
1753531771045,12:09:31.045,BLUR/USDT:USDT,0.10351,709.0,0.1035,710.0,0.10355,709.0,0.10356,194.0
1753531771404,12:09:31.404,BLUR/USDT:USDT,0.10351,709.0,0.1035,710.0,0.10355,709.0,0.10356,194.0
1753531771424,12:09:31.424,BLUR/USDT:USDT,0.10351,709.0,0.1035,710.0,0.10355,709.0,0.10356,194.0
1753531771652,12:09:31.652,BLUR/USDT:USDT,0.10351,709.0,0.1035,710.0,0.10355,709.0,0.10356,194.0
1753531771830,12:09:31.830,BLUR/USDT:USDT,0.10351,709.0,0.1035,710.0,0.10355,709.0,0.10356,194.0
1753531772088,12:09:32.088,BLUR/USDT:USDT,0.10351,709.0,0.1035,710.0,0.10355,709.0,0.10356,194.0
1753531772706,12:09:32.706,BLUR/USDT:USDT,0.10351,709.0,0.1035,710.0,0.10356,879.0,0.10357,22.0
1753531772813,12:09:32.813,BLUR/USDT:USDT,0.10352,490.0,0.10351,709.0,0.10356,879.0,0.10357,22.0
1753531772863,12:09:32.863,BLUR/USDT:USDT,0.10351,709.0,0.1035,710.0,0.10355,685.0,0.10356,879.0
1753531773013,12:09:33.013,BLUR/USDT:USDT,0.1035,1.0,0.10349,684.0,0.10355,695.0,0.10356,879.0
1753531773097,12:09:33.097,BLUR/USDT:USDT,0.1035,1.0,0.10345,683.0,0.10353,685.0,0.10354,879.0
1753531773211,12:09:33.211,BLUR/USDT:USDT,0.10345,683.0,0.10343,719.0,0.10353,685.0,0.10354,879.0
1753531773284,12:09:33.284,BLUR/USDT:USDT,0.10345,683.0,0.10343,719.0,0.10352,685.0,0.10353,695.0
1753531773404,12:09:33.404,BLUR/USDT:USDT,0.10345,683.0,0.10343,719.0,0.10352,685.0,0.10353,695.0
1753531773512,12:09:33.512,BLUR/USDT:USDT,0.10345,683.0,0.10343,1404.0,0.10352,685.0,0.10353,5599.0
1753531773598,12:09:33.598,BLUR/USDT:USDT,0.10345,683.0,0.10343,1404.0,0.10352,685.0,0.10353,5599.0
1753531774012,12:09:34.012,BLUR/USDT:USDT,0.10351,490.0,0.10347,685.0,0.10352,685.0,0.10353,5599.0
1753531774098,12:09:34.098,BLUR/USDT:USDT,0.10349,490.0,0.10348,685.0,0.10352,685.0,0.10353,5599.0
1753531774135,12:09:34.135,BLUR/USDT:USDT,0.10349,587.0,0.10348,782.0,0.10352,685.0,0.10353,5599.0
1753531774286,12:09:34.286,BLUR/USDT:USDT,0.10349,587.0,0.10348,782.0,0.10352,685.0,0.10353,5611.0
1753531774496,12:09:34.496,BLUR/USDT:USDT,0.10349,879.0,0.10348,879.0,0.10352,685.0,0.10353,5611.0
1753531774523,12:09:34.523,BLUR/USDT:USDT,0.1035,685.0,0.10349,879.0,0.10353,5611.0,0.10354,685.0
1753531774707,12:09:34.707,BLUR/USDT:USDT,0.1035,685.0,0.10349,879.0,0.10353,10.0,0.10354,685.0
1753531774809,12:09:34.809,BLUR/USDT:USDT,0.10352,685.0,0.10351,194.0,0.10354,22.0,0.10355,685.0
1753531774865,12:09:34.865,BLUR/USDT:USDT,0.10352,685.0,0.10351,97.0,0.10355,707.0,0.10356,685.0
1753531775009,12:09:35.009,BLUR/USDT:USDT,0.10352,685.0,0.10351,97.0,0.10355,707.0,0.10356,685.0
1753531775093,12:09:35.093,BLUR/USDT:USDT,0.10353,490.0,0.10352,685.0,0.10355,707.0,0.10356,685.0
1753531775260,12:09:35.260,BLUR/USDT:USDT,0.10353,490.0,0.10352,685.0,0.10355,707.0,0.10356,685.0
1753531775464,12:09:35.464,BLUR/USDT:USDT,0.10353,490.0,0.10352,685.0,0.10355,22.0,0.10356,685.0
1753531775574,12:09:35.574,BLUR/USDT:USDT,0.10353,490.0,0.10352,685.0,0.10356,685.0,0.10357,97.0
1753531775906,12:09:35.906,BLUR/USDT:USDT,0.10354,685.0,0.10353,1175.0,0.10356,685.0,0.10357,97.0
1753531775918,12:09:35.918,BLUR/USDT:USDT,0.10353,685.0,0.10352,685.0,0.10356,685.0,0.10357,97.0
1753531776081,12:09:36.081,BLUR/USDT:USDT,0.10353,490.0,0.10352,685.0,0.10356,685.0,0.10357,782.0
1753531776211,12:09:36.211,BLUR/USDT:USDT,0.10353,490.0,0.10352,685.0,0.10356,707.0,0.10357,782.0
1753531776309,12:09:36.309,BLUR/USDT:USDT,0.10355,490.0,0.10354,97.0,0.10356,22.0,0.10357,685.0
1753531776390,12:09:36.390,BLUR/USDT:USDT,0.10356,490.0,0.10354,97.0,0.10358,22.0,0.10359,686.0
1753531776502,12:09:36.502,BLUR/USDT:USDT,0.10354,685.0,0.10352,685.0,0.10358,782.0,0.10359,805.0
1753531776607,12:09:36.607,BLUR/USDT:USDT,0.10354,685.0,0.10352,685.0,0.10358,879.0,0.10359,805.0
1753531776710,12:09:36.710,BLUR/USDT:USDT,0.10355,490.0,0.10353,685.0,0.10358,782.0,0.10359,805.0
1753531776796,12:09:36.796,BLUR/USDT:USDT,0.10355,490.0,0.10353,685.0,0.10358,782.0,0.10359,805.0
1753531776908,12:09:36.908,BLUR/USDT:USDT,0.10355,490.0,0.10353,1369.0,0.10358,782.0,0.10359,902.0
1753531777006,12:09:37.006,BLUR/USDT:USDT,0.10355,490.0,0.10353,1369.0,0.10358,782.0,0.10359,902.0
1753531777103,12:09:37.103,BLUR/USDT:USDT,0.10355,490.0,0.10353,1369.0,0.10358,782.0,0.10359,902.0
1753531777162,12:09:37.162,BLUR/USDT:USDT,0.10355,490.0,0.10353,1369.0,0.10357,685.0,0.10358,782.0
1753531777226,12:09:37.226,BLUR/USDT:USDT,0.10355,490.0,0.10353,1369.0,0.10357,707.0,0.10358,782.0
1753531777390,12:09:37.390,BLUR/USDT:USDT,0.10355,490.0,0.10353,1369.0,0.10357,22.0,0.10358,782.0
1753531777422,12:09:37.422,BLUR/USDT:USDT,0.10355,490.0,0.10353,1369.0,0.10358,804.0,0.10359,880.0
1753531777589,12:09:37.589,BLUR/USDT:USDT,0.10355,490.0,0.10353,1369.0,0.10358,804.0,0.10359,880.0
1753531778012,12:09:38.012,BLUR/USDT:USDT,0.1035,685.0,0.10348,685.0,0.10358,804.0,0.10359,880.0
1753531778093,12:09:38.093,BLUR/USDT:USDT,0.10345,683.0,0.10344,4904.0,0.10357,685.0,0.10358,947.0
1753531778200,12:09:38.200,BLUR/USDT:USDT,0.10345,683.0,0.10344,4904.0,0.10357,685.0,0.10358,804.0
1753531778257,12:09:38.257,BLUR/USDT:USDT,0.10345,683.0,0.10344,4904.0,0.10356,685.0,0.10357,782.0
1753531778372,12:09:38.372,BLUR/USDT:USDT,0.10348,490.0,0.10347,782.0,0.10355,685.0,0.10356,707.0
1753531778587,12:09:38.587,BLUR/USDT:USDT,0.10348,1175.0,0.10347,782.0,0.10355,685.0,0.10356,707.0
1753531778684,12:09:38.684,BLUR/USDT:USDT,0.10348,1272.0,0.10347,782.0,0.10355,685.0,0.10356,707.0
1753531778736,12:09:38.736,BLUR/USDT:USDT,0.10348,1272.0,0.10347,782.0,0.10355,685.0,0.10356,707.0
1753531779258,12:09:39.258,BLUR/USDT:USDT,0.10348,1272.0,0.10347,782.0,0.10355,685.0,0.10356,707.0
1753531779400,12:09:39.400,BLUR/USDT:USDT,0.10349,1175.0,0.10348,782.0,0.10356,707.0,0.10357,685.0
1753531779491,12:09:39.491,BLUR/USDT:USDT,0.10349,1175.0,0.10348,782.0,0.10356,22.0,0.10357,685.0
1753531779609,12:09:39.609,BLUR/USDT:USDT,0.10349,1175.0,0.10348,782.0,0.10357,707.0,0.10358,5867.0
1753531779679,12:09:39.679,BLUR/USDT:USDT,0.10349,1175.0,0.10348,782.0,0.10357,707.0,0.10358,5867.0
1753531779887,12:09:39.887,BLUR/USDT:USDT,0.10355,490.0,0.10353,1369.0,0.10357,707.0,0.10358,5867.0
1753531780006,12:09:40.006,BLUR/USDT:USDT,0.10355,490.0,0.10353,1369.0,0.10357,707.0,0.10358,685.0
1753531780277,12:09:40.277,BLUR/USDT:USDT,0.10355,490.0,0.10353,1369.0,0.10357,22.0,0.10358,685.0
1753531780325,12:09:40.325,BLUR/USDT:USDT,0.10355,490.0,0.10353,1369.0,0.10358,707.0,0.10359,686.0
1753531780497,12:09:40.497,BLUR/USDT:USDT,0.10355,490.0,0.10353,1369.0,0.10358,707.0,0.10359,686.0
1753531780699,12:09:40.699,BLUR/USDT:USDT,0.10355,490.0,0.10353,1369.0,0.10357,685.0,0.10358,707.0
1753531780834,12:09:40.834,BLUR/USDT:USDT,0.10355,490.0,0.10353,1369.0,0.10358,707.0,0.10359,686.0
1753531781000,12:09:41.000,BLUR/USDT:USDT,0.10355,1175.0,0.10353,1466.0,0.10358,22.0,0.10359,686.0
1753531781102,12:09:41.102,BLUR/USDT:USDT,0.10355,1272.0,0.10354,97.0,0.10359,707.0,0.1036,5001.0
1753531781205,12:09:41.205,BLUR/USDT:USDT,0.10355,1272.0,0.10354,97.0,0.10359,707.0,0.1036,5001.0
1753531781301,12:09:41.301,BLUR/USDT:USDT,0.10356,490.0,0.10355,685.0,0.10358,685.0,0.10359,707.0
1753531781398,12:09:41.398,BLUR/USDT:USDT,0.10356,490.0,0.10355,685.0,0.10358,685.0,0.10359,707.0
1753531781470,12:09:41.470,BLUR/USDT:USDT,0.10357,490.0,0.10355,685.0,0.10359,707.0,0.1036,5001.0
1753531781597,12:09:41.597,BLUR/USDT:USDT,0.10357,490.0,0.10355,685.0,0.10359,22.0,0.1036,5001.0
1753531781782,12:09:41.782,BLUR/USDT:USDT,0.10357,490.0,0.10355,685.0,0.10359,22.0,0.1036,5001.0
1753531781903,12:09:41.903,BLUR/USDT:USDT,0.10358,490.0,0.10355,685.0,0.10359,22.0,0.1036,97.0
1753531782003,12:09:42.003,BLUR/USDT:USDT,0.10358,490.0,0.10356,684.0,0.10359,22.0,0.1036,97.0
1753531782112,12:09:42.112,BLUR/USDT:USDT,0.10358,490.0,0.10356,684.0,0.10359,22.0,0.1036,97.0
1753531782179,12:09:42.179,BLUR/USDT:USDT,0.10358,490.0,0.10356,684.0,0.10359,737.0,0.1036,97.0
1753531782313,12:09:42.313,BLUR/USDT:USDT,0.10358,490.0,0.10356,684.0,0.1036,812.0,0.10361,707.0
1753531782363,12:09:42.363,BLUR/USDT:USDT,0.10358,490.0,0.10356,684.0,0.1036,812.0,0.10361,707.0
1753531782481,12:09:42.481,BLUR/USDT:USDT,0.10358,490.0,0.10356,684.0,0.1036,812.0,0.10361,707.0
1753531783197,12:09:43.197,BLUR/USDT:USDT,0.10358,490.0,0.10356,684.0,0.10359,715.0,0.1036,812.0
1753531783289,12:09:43.289,BLUR/USDT:USDT,0.10358,490.0,0.10356,684.0,0.10359,715.0,0.1036,812.0
1753531783408,12:09:43.408,BLUR/USDT:USDT,0.10349,5516.0,0.10348,3246.0,0.10359,715.0,0.1036,812.0
1753531783514,12:09:43.514,BLUR/USDT:USDT,0.1035,1205.0,0.10349,5516.0,0.10358,715.0,0.10359,737.0
1753531783612,12:09:43.612,BLUR/USDT:USDT,0.1035,1205.0,0.10349,5516.0,0.10358,715.0,0.10359,737.0
1753531783680,12:09:43.680,BLUR/USDT:USDT,0.1035,1205.0,0.10349,5516.0,0.10358,715.0,0.10359,737.0
1753531783798,12:09:43.798,BLUR/USDT:USDT,0.1035,1205.0,0.10349,5516.0,0.10358,715.0,0.10359,737.0
1753531784007,12:09:44.007,BLUR/USDT:USDT,0.1035,1205.0,0.10349,5516.0,0.10358,715.0,0.10359,737.0
1753531784098,12:09:44.098,BLUR/USDT:USDT,0.1035,1302.0,0.10349,5516.0,0.10356,715.0,0.10357,812.0
1753531784137,12:09:44.137,BLUR/USDT:USDT,0.1035,1302.0,0.10349,5516.0,0.10356,737.0,0.10357,812.0
1753531784399,12:09:44.399,BLUR/USDT:USDT,0.10351,1205.0,0.1035,812.0,0.10355,715.0,0.10356,737.0
1753531784435,12:09:44.435,BLUR/USDT:USDT,0.10351,1205.0,0.1035,812.0,0.10355,715.0,0.10356,737.0
1753531784521,12:09:44.521,BLUR/USDT:USDT,0.10351,1205.0,0.1035,812.0,0.10355,715.0,0.10356,737.0
1753531784803,12:09:44.803,BLUR/USDT:USDT,0.10351,1205.0,0.1035,812.0,0.10355,715.0,0.10356,737.0
1753531784821,12:09:44.821,BLUR/USDT:USDT,0.10351,1205.0,0.1035,812.0,0.10355,715.0,0.10356,737.0
1753531785288,12:09:45.288,BLUR/USDT:USDT,0.10351,1205.0,0.1035,909.0,0.10355,715.0,0.10356,737.0
1753531785480,12:09:45.480,BLUR/USDT:USDT,0.10354,490.0,0.10352,1399.0,0.10356,737.0,0.10357,812.0
1753531785599,12:09:45.599,BLUR/USDT:USDT,0.10354,490.0,0.10352,1399.0,0.10356,737.0,0.10357,812.0
1753531785646,12:09:45.646,BLUR/USDT:USDT,0.10354,490.0,0.10352,1399.0,0.10356,737.0,0.10357,812.0
1753531785736,12:09:45.736,BLUR/USDT:USDT,0.10354,490.0,0.10352,1399.0,0.10356,737.0,0.10357,812.0
1753531785963,12:09:45.963,BLUR/USDT:USDT,0.10354,490.0,0.10352,1399.0,0.10356,737.0,0.10357,812.0
1753531786201,12:09:46.201,BLUR/USDT:USDT,0.10354,1205.0,0.10352,1496.0,0.10356,22.0,0.10358,715.0
1753531786238,12:09:46.238,BLUR/USDT:USDT,0.10354,1205.0,0.10352,1496.0,0.10358,715.0,0.10359,119.0
1753531786384,12:09:46.384,BLUR/USDT:USDT,0.10354,1205.0,0.10352,1496.0,0.10358,715.0,0.10359,216.0
1753531786517,12:09:46.517,BLUR/USDT:USDT,0.10354,715.0,0.10352,1399.0,0.10358,715.0,0.10359,216.0
1753531786864,12:09:46.864,BLUR/USDT:USDT,0.10354,715.0,0.10352,1399.0,0.10358,715.0,0.10359,216.0
1753531787006,12:09:47.006,BLUR/USDT:USDT,0.10354,715.0,0.10352,1399.0,0.10358,715.0,0.10359,216.0
1753531787194,12:09:47.194,BLUR/USDT:USDT,0.10354,715.0,0.10352,1399.0,0.10358,715.0,0.10359,216.0
1753531787277,12:09:47.277,BLUR/USDT:USDT,0.10354,715.0,0.10352,1399.0,0.10358,715.0,0.10359,216.0
1753531787866,12:09:47.866,BLUR/USDT:USDT,0.10354,715.0,0.10352,1399.0,0.10358,715.0,0.10359,216.0
1753531788092,12:09:48.092,BLUR/USDT:USDT,0.10354,715.0,0.10352,1399.0,0.10358,715.0,0.10359,216.0
1753531789992,12:09:49.992,BLUR/USDT:USDT,0.10354,715.0,0.10352,1399.0,0.10358,715.0,0.10359,216.0
1753531790404,12:09:50.404,BLUR/USDT:USDT,0.10354,715.0,0.10352,1399.0,0.10357,812.0,0.10358,5994.0
1753531790513,12:09:50.513,BLUR/USDT:USDT,0.10354,715.0,0.10352,1399.0,0.10357,834.0,0.10358,5994.0
1753531790834,12:09:50.834,BLUR/USDT:USDT,0.10354,715.0,0.10352,1399.0,0.10357,931.0,0.10358,6091.0
1753531791004,12:09:51.004,BLUR/USDT:USDT,0.10352,1399.0,0.1035,1399.0,0.10356,715.0,0.10357,931.0
1753531791102,12:09:51.102,BLUR/USDT:USDT,0.10352,1399.0,0.10351,97.0,0.10356,715.0,0.10357,931.0
1753531791198,12:09:51.198,BLUR/USDT:USDT,0.10353,490.0,0.10352,1399.0,0.10357,931.0,0.10358,6091.0
1753531791266,12:09:51.266,BLUR/USDT:USDT,0.10354,490.0,0.10353,715.0,0.10357,931.0,0.10358,6091.0
1753531791413,12:09:51.413,BLUR/USDT:USDT,0.10354,490.0,0.10353,715.0,0.10357,931.0,0.10358,6091.0
1753531791494,12:09:51.494,BLUR/USDT:USDT,0.10354,490.0,0.10352,1399.0,0.10356,702.0,0.10357,931.0
1753531791534,12:09:51.534,BLUR/USDT:USDT,0.10354,490.0,0.10352,1399.0,0.10357,931.0,0.10358,6091.0
1753531791705,12:09:51.705,BLUR/USDT:USDT,0.10354,490.0,0.10352,1399.0,0.10357,931.0,0.10358,6091.0
1753531792130,12:09:52.130,BLUR/USDT:USDT,0.10354,490.0,0.10352,1399.0,0.10357,931.0,0.10358,6091.0
1753531792228,12:09:52.228,BLUR/USDT:USDT,0.10354,490.0,0.10352,1399.0,0.10357,931.0,0.10358,6091.0
1753531792499,12:09:52.499,BLUR/USDT:USDT,0.10354,490.0,0.10352,1399.0,0.10356,702.0,0.10357,931.0
1753531792548,12:09:52.548,BLUR/USDT:USDT,0.10354,490.0,0.10352,1399.0,0.10357,931.0,0.10358,6091.0
1753531792649,12:09:52.649,BLUR/USDT:USDT,0.10354,490.0,0.10352,1399.0,0.10357,931.0,0.10358,6091.0
1753531794007,12:09:54.007,BLUR/USDT:USDT,0.10354,490.0,0.10352,1399.0,0.10357,931.0,0.10358,6091.0
1753531794066,12:09:54.066,BLUR/USDT:USDT,0.10354,490.0,0.10352,1399.0,0.10357,931.0,0.10358,6091.0
1753531794139,12:09:54.139,BLUR/USDT:USDT,0.10354,490.0,0.10352,1399.0,0.10356,702.0,0.10357,931.0
1753531794270,12:09:54.270,BLUR/USDT:USDT,0.10354,490.0,0.10352,1399.0,0.10356,702.0,0.10357,931.0
1753531794422,12:09:54.422,BLUR/USDT:USDT,0.10354,490.0,0.10352,1399.0,0.10357,931.0,0.10358,6091.0
1753531794570,12:09:54.570,BLUR/USDT:USDT,0.10354,490.0,0.10352,1399.0,0.10356,702.0,0.10357,931.0
1753531794639,12:09:54.639,BLUR/USDT:USDT,0.10354,490.0,0.10352,1399.0,0.10357,931.0,0.10358,6091.0
1753531794755,12:09:54.755,BLUR/USDT:USDT,0.10354,490.0,0.10352,1399.0,0.10357,931.0,0.10358,6091.0
1753531794984,12:09:54.984,BLUR/USDT:USDT,0.10354,490.0,0.10352,1399.0,0.10357,931.0,0.10358,6091.0
1753531795112,12:09:55.112,BLUR/USDT:USDT,0.10354,490.0,0.10352,1399.0,0.10357,931.0,0.10358,6091.0
1753531795245,12:09:55.245,BLUR/USDT:USDT,0.10354,490.0,0.10352,1399.0,0.10357,931.0,0.10358,6091.0
1753531795319,12:09:55.319,BLUR/USDT:USDT,0.10354,490.0,0.10352,1399.0,0.10357,931.0,0.10358,6091.0
1753531795940,12:09:55.940,BLUR/USDT:USDT,0.10354,1192.0,0.10352,1399.0,0.10357,931.0,0.10358,6091.0
1753531796028,12:09:56.028,BLUR/USDT:USDT,0.10354,1192.0,0.10352,1399.0,0.10357,931.0,0.10358,6091.0
1753531796201,12:09:56.201,BLUR/USDT:USDT,0.10354,1192.0,0.10352,1399.0,0.10357,931.0,0.10358,6091.0
1753531796576,12:09:56.576,BLUR/USDT:USDT,0.10354,1192.0,0.10352,1399.0,0.10357,216.0,0.10358,6091.0
1753531796902,12:09:56.902,BLUR/USDT:USDT,0.10354,1192.0,0.10352,1399.0,0.10357,918.0,0.10358,6091.0
1753531797007,12:09:57.007,BLUR/USDT:USDT,0.10354,1192.0,0.10352,1399.0,0.10357,918.0,0.10358,6091.0
1753531797020,12:09:57.020,BLUR/USDT:USDT,0.10354,1192.0,0.10352,1399.0,0.10357,918.0,0.10358,6091.0
1753531797177,12:09:57.177,BLUR/USDT:USDT,0.10354,1192.0,0.10352,1399.0,0.10357,216.0,0.10358,6091.0
1753531797266,12:09:57.266,BLUR/USDT:USDT,0.10354,1192.0,0.10352,1399.0,0.10357,216.0,0.10358,6091.0
1753531797324,12:09:57.324,BLUR/USDT:USDT,0.10354,1192.0,0.10352,1399.0,0.10357,216.0,0.10358,6091.0
1753531797498,12:09:57.498,BLUR/USDT:USDT,0.10354,1192.0,0.10352,1399.0,0.10357,216.0,0.10358,6091.0
1753531797738,12:09:57.738,BLUR/USDT:USDT,0.10354,1192.0,0.10352,1399.0,0.10357,216.0,0.10358,6091.0
1753531798128,12:09:58.128,BLUR/USDT:USDT,0.10354,1192.0,0.10352,1399.0,0.10357,918.0,0.10358,6091.0
1753531798373,12:09:58.373,BLUR/USDT:USDT,0.10354,1192.0,0.10352,1399.0,0.10357,216.0,0.10358,6091.0
1753531798543,12:09:58.543,BLUR/USDT:USDT,0.10354,1192.0,0.10352,1399.0,0.10357,216.0,0.10358,6091.0
1753531799585,12:09:59.585,BLUR/USDT:USDT,0.10354,1192.0,0.10352,1399.0,0.10357,216.0,0.10358,6091.0
1753531799652,12:09:59.652,BLUR/USDT:USDT,0.10354,1192.0,0.10352,1399.0,0.10357,216.0,0.10358,6091.0
1753531800298,12:10:00.298,BLUR/USDT:USDT,0.10355,490.0,0.10354,702.0,0.10357,216.0,0.10358,5376.0
1753531800376,12:10:00.376,BLUR/USDT:USDT,0.10355,1192.0,0.10354,702.0,0.10357,216.0,0.10358,5376.0
1753531800431,12:10:00.431,BLUR/USDT:USDT,0.10355,1192.0,0.10354,702.0,0.10357,216.0,0.10358,5376.0
1753531800676,12:10:00.676,BLUR/USDT:USDT,0.10355,1192.0,0.10354,702.0,0.10357,216.0,0.10358,5376.0
1753531801043,12:10:01.043,BLUR/USDT:USDT,0.10355,1192.0,0.10354,702.0,0.10357,216.0,0.10358,5376.0
1753531801202,12:10:01.202,BLUR/USDT:USDT,0.1035,715.0,0.10349,5516.0,0.10357,821.0,0.10358,5279.0
1753531801280,12:10:01.280,BLUR/USDT:USDT,0.1035,715.0,0.10349,5516.0,0.10357,821.0,0.10358,5279.0
1753531801459,12:10:01.459,BLUR/USDT:USDT,0.1035,715.0,0.10349,5516.0,0.10357,821.0,0.10358,5279.0
1753531801672,12:10:01.672,BLUR/USDT:USDT,0.1035,715.0,0.10349,5516.0,0.10357,821.0,0.10358,5279.0
1753531801758,12:10:01.758,BLUR/USDT:USDT,0.1035,715.0,0.10349,5516.0,0.10356,705.0,0.10357,824.0
1753531801894,12:10:01.894,BLUR/USDT:USDT,0.1035,715.0,0.10349,5516.0,0.10357,824.0,0.10358,5279.0
1753531801955,12:10:01.955,BLUR/USDT:USDT,0.1035,715.0,0.10349,5516.0,0.10357,824.0,0.10358,5279.0
1753531802307,12:10:02.307,BLUR/USDT:USDT,0.1035,715.0,0.10349,5516.0,0.10357,824.0,0.10358,5279.0
1753531802339,12:10:02.339,BLUR/USDT:USDT,0.1035,715.0,0.10349,5516.0,0.10356,825.0,0.10357,824.0
1753531802562,12:10:02.562,BLUR/USDT:USDT,0.10352,1195.0,0.1035,715.0,0.10355,120.0,0.10356,825.0
1753531802620,12:10:02.620,BLUR/USDT:USDT,0.10352,1195.0,0.1035,1399.0,0.10355,120.0,0.10356,825.0
1753531802788,12:10:02.788,BLUR/USDT:USDT,0.10352,1195.0,0.1035,1399.0,0.10355,120.0,0.10356,825.0
1753531802972,12:10:02.972,BLUR/USDT:USDT,0.10352,1195.0,0.1035,1399.0,0.10355,825.0,0.10356,825.0
1753531803096,12:10:03.096,BLUR/USDT:USDT,0.10352,1195.0,0.1035,1399.0,0.10355,847.0,0.10356,825.0
1753531803119,12:10:03.119,BLUR/USDT:USDT,0.10352,1195.0,0.1035,1399.0,0.10355,847.0,0.10356,825.0
1753531803475,12:10:03.475,BLUR/USDT:USDT,0.10352,705.0,0.1035,1399.0,0.10355,847.0,0.10356,825.0
1753531803678,12:10:03.678,BLUR/USDT:USDT,0.10352,705.0,0.1035,1399.0,0.10355,847.0,0.10356,825.0
1753531803808,12:10:03.808,BLUR/USDT:USDT,0.10347,685.0,0.10346,7830.0,0.10354,705.0,0.10355,847.0
1753531803844,12:10:03.844,BLUR/USDT:USDT,0.10347,685.0,0.10345,1367.0,0.10354,705.0,0.10355,847.0
1753531803919,12:10:03.919,BLUR/USDT:USDT,0.10347,685.0,0.10345,1367.0,0.10354,705.0,0.10355,847.0
1753531804135,12:10:04.135,BLUR/USDT:USDT,0.10347,685.0,0.10345,1367.0,0.10354,705.0,0.10355,847.0
1753531805138,12:10:05.138,BLUR/USDT:USDT,0.10347,685.0,0.10345,1367.0,0.10354,705.0,0.10355,847.0
1753531805501,12:10:05.501,BLUR/USDT:USDT,0.10347,685.0,0.10345,1367.0,0.10354,705.0,0.10355,847.0
1753531805571,12:10:05.571,BLUR/USDT:USDT,0.10347,685.0,0.10345,1367.0,0.10354,705.0,0.10355,847.0
1753531805799,12:10:05.799,BLUR/USDT:USDT,0.1035,490.0,0.10349,1195.0,0.10354,825.0,0.10355,847.0
1753531805862,12:10:05.862,BLUR/USDT:USDT,0.10351,1195.0,0.1035,705.0,0.10354,705.0,0.10355,847.0
1753531805970,12:10:05.970,BLUR/USDT:USDT,0.10351,1195.0,0.1035,705.0,0.10354,705.0,0.10355,847.0
1753531806193,12:10:06.193,BLUR/USDT:USDT,0.10351,1195.0,0.1035,705.0,0.10354,705.0,0.10355,967.0
1753531806280,12:10:06.280,BLUR/USDT:USDT,0.10351,1195.0,0.1035,705.0,0.10355,967.0,0.10356,5609.0
1753531806390,12:10:06.390,BLUR/USDT:USDT,0.10351,1195.0,0.1035,705.0,0.10355,967.0,0.10356,5609.0
1753531806482,12:10:06.482,BLUR/USDT:USDT,0.10351,1195.0,0.1035,705.0,0.10355,967.0,0.10356,5609.0
1753531806598,12:10:06.598,BLUR/USDT:USDT,0.1035,705.0,0.10349,705.0,0.10354,705.0,0.10355,967.0
1753531806621,12:10:06.621,BLUR/USDT:USDT,0.10349,705.0,0.10348,120.0,0.10354,705.0,0.10355,967.0
1753531806802,12:10:06.802,BLUR/USDT:USDT,0.10351,1195.0,0.10349,705.0,0.10355,967.0,0.10356,5609.0
1753531806898,12:10:06.898,BLUR/USDT:USDT,0.10351,1195.0,0.10349,1389.0,0.10355,847.0,0.10356,5609.0
1753531807069,12:10:07.069,BLUR/USDT:USDT,0.10351,1195.0,0.10349,1389.0,0.10354,705.0,0.10355,944.0
1753531807208,12:10:07.208,BLUR/USDT:USDT,0.10351,1195.0,0.10349,1389.0,0.10354,705.0,0.10355,847.0
1753531807261,12:10:07.261,BLUR/USDT:USDT,0.10351,1195.0,0.10349,1389.0,0.10355,847.0,0.10356,5729.0
1753531807353,12:10:07.353,BLUR/USDT:USDT,0.10351,1195.0,0.10349,1389.0,0.10355,944.0,0.10356,5729.0
1753531807424,12:10:07.424,BLUR/USDT:USDT,0.10351,1195.0,0.10349,1389.0,0.10355,847.0,0.10356,5729.0
1753531807562,12:10:07.562,BLUR/USDT:USDT,0.10351,1195.0,0.10349,1389.0,0.10354,705.0,0.10355,944.0
1753531807624,12:10:07.624,BLUR/USDT:USDT,0.10351,1195.0,0.10349,1389.0,0.10354,705.0,0.10355,847.0
1753531807732,12:10:07.732,BLUR/USDT:USDT,0.10351,1195.0,0.10349,1389.0,0.10355,847.0,0.10356,5729.0
1753531807842,12:10:07.842,BLUR/USDT:USDT,0.10351,1195.0,0.10349,1389.0,0.10354,705.0,0.10355,847.0
1753531808613,12:10:08.613,BLUR/USDT:USDT,0.10353,490.0,0.10352,490.0,0.10355,22.0,0.10356,5609.0
1753531808709,12:10:08.709,BLUR/USDT:USDT,0.10354,490.0,0.10352,120.0,0.10355,22.0,0.10356,5609.0
1753531808773,12:10:08.773,BLUR/USDT:USDT,0.10354,490.0,0.10352,804.0,0.10355,10.0,0.10356,4904.0
