timestamp,time,symbol,bid1_price,bid1_volume,bid2_price,bid2_volume,ask1_price,ask1_volume,ask2_price,ask2_volume
1753531581000,12:06:21.000,AUCTION/USDT:USDT,10.532,50.0,10.529,6.0,10.535,17.0,10.536,202.0
1753531582203,12:06:22.203,AUCTION/USDT:USDT,10.532,50.0,10.529,6.0,10.535,17.0,10.536,202.0
1753531582646,12:06:22.646,AUCTION/USDT:USDT,10.532,50.0,10.529,6.0,10.536,202.0,10.537,532.0
1753531583018,12:06:23.018,AUCTION/USDT:USDT,10.532,50.0,10.529,6.0,10.536,202.0,10.537,532.0
1753531583834,12:06:23.834,AUCTION/USDT:USDT,10.532,50.0,10.529,6.0,10.536,202.0,10.537,532.0
1753531585016,12:06:25.016,AUCTION/USDT:USDT,10.532,50.0,10.529,6.0,10.536,202.0,10.537,532.0
1753531591498,12:06:31.498,AUCTION/USDT:USDT,10.532,50.0,10.529,6.0,10.535,18.0,10.536,202.0
1753531591914,12:06:31.914,AUCTION/USDT:USDT,10.532,50.0,10.529,6.0,10.535,18.0,10.536,202.0
1753531592629,12:06:32.629,AUCTION/USDT:USDT,10.529,6.0,10.527,17.0,10.535,18.0,10.536,202.0
1753531592749,12:06:32.749,AUCTION/USDT:USDT,10.527,17.0,10.525,53.0,10.535,18.0,10.536,202.0
1753531593158,12:06:33.158,AUCTION/USDT:USDT,10.527,17.0,10.525,53.0,10.535,18.0,10.536,202.0
1753531593548,12:06:33.548,AUCTION/USDT:USDT,10.525,53.0,10.524,205.0,10.535,18.0,10.536,202.0
1753531593630,12:06:33.630,AUCTION/USDT:USDT,10.525,71.0,10.524,205.0,10.535,18.0,10.536,202.0
1753531593780,12:06:33.780,AUCTION/USDT:USDT,10.525,71.0,10.524,188.0,10.535,18.0,10.536,202.0
1753531594011,12:06:34.011,AUCTION/USDT:USDT,10.525,71.0,10.524,188.0,10.535,18.0,10.536,202.0
1753531595701,12:06:35.701,AUCTION/USDT:USDT,10.531,50.0,10.529,6.0,10.535,18.0,10.536,202.0
1753531596002,12:06:36.002,AUCTION/USDT:USDT,10.531,50.0,10.529,6.0,10.535,18.0,10.536,202.0
1753531597338,12:06:37.338,AUCTION/USDT:USDT,10.531,50.0,10.529,6.0,10.534,18.0,10.535,514.0
1753531597382,12:06:37.382,AUCTION/USDT:USDT,10.531,50.0,10.529,6.0,10.534,18.0,10.535,514.0
1753531597594,12:06:37.594,AUCTION/USDT:USDT,10.529,6.0,10.526,18.0,10.534,18.0,10.535,514.0
1753531597704,12:06:37.704,AUCTION/USDT:USDT,10.526,18.0,10.525,6.0,10.534,18.0,10.535,514.0
1753531597757,12:06:37.757,AUCTION/USDT:USDT,10.526,18.0,10.525,3.0,10.534,18.0,10.535,514.0
1753531597861,12:06:37.861,AUCTION/USDT:USDT,10.526,18.0,10.525,6.0,10.534,18.0,10.535,514.0
1753531599011,12:06:39.011,AUCTION/USDT:USDT,10.526,18.0,10.525,6.0,10.534,18.0,10.535,514.0
1753531599336,12:06:39.336,AUCTION/USDT:USDT,10.526,18.0,10.525,6.0,10.534,18.0,10.535,514.0
1753531600007,12:06:40.007,AUCTION/USDT:USDT,10.526,18.0,10.525,6.0,10.534,18.0,10.535,514.0
1753531600128,12:06:40.128,AUCTION/USDT:USDT,10.526,18.0,10.525,6.0,10.535,514.0,10.537,18.0
1753531600335,12:06:40.335,AUCTION/USDT:USDT,10.526,7.0,10.525,6.0,10.535,514.0,10.537,18.0
1753531601807,12:06:41.807,AUCTION/USDT:USDT,10.526,7.0,10.525,6.0,10.535,514.0,10.537,18.0
1753531601902,12:06:41.902,AUCTION/USDT:USDT,10.526,7.0,10.525,6.0,10.535,514.0,10.537,18.0
1753531602170,12:06:42.170,AUCTION/USDT:USDT,10.526,7.0,10.525,6.0,10.535,514.0,10.537,18.0
1753531603003,12:06:43.003,AUCTION/USDT:USDT,10.526,7.0,10.525,6.0,10.535,514.0,10.537,18.0
1753531603288,12:06:43.288,AUCTION/USDT:USDT,10.531,56.0,10.528,47.0,10.536,514.0,10.537,18.0
1753531603398,12:06:43.398,AUCTION/USDT:USDT,10.531,56.0,10.528,47.0,10.536,514.0,10.537,18.0
1753531603971,12:06:43.971,AUCTION/USDT:USDT,10.531,56.0,10.528,47.0,10.535,17.0,10.536,514.0
1753531607494,12:06:47.494,AUCTION/USDT:USDT,10.531,6.0,10.528,47.0,10.535,17.0,10.536,514.0
1753531608073,12:06:48.073,AUCTION/USDT:USDT,10.526,6.0,10.525,17.0,10.534,17.0,10.535,514.0
1753531608264,12:06:48.264,AUCTION/USDT:USDT,10.526,6.0,10.525,17.0,10.534,17.0,10.535,514.0
1753531609348,12:06:49.348,AUCTION/USDT:USDT,10.526,23.0,10.524,205.0,10.534,17.0,10.535,514.0
1753531609595,12:06:49.595,AUCTION/USDT:USDT,10.529,6.0,10.526,17.0,10.534,17.0,10.535,514.0
1753531609664,12:06:49.664,AUCTION/USDT:USDT,10.527,6.0,10.526,17.0,10.534,17.0,10.535,514.0
1753531610322,12:06:50.322,AUCTION/USDT:USDT,10.53,50.0,10.527,70.0,10.535,514.0,10.537,18.0
1753531610702,12:06:50.702,AUCTION/USDT:USDT,10.532,6.0,10.528,47.0,10.535,17.0,10.536,514.0
1753531610773,12:06:50.773,AUCTION/USDT:USDT,10.529,6.0,10.527,17.0,10.535,17.0,10.536,514.0
1753531610949,12:06:50.949,AUCTION/USDT:USDT,10.528,6.0,10.527,17.0,10.535,17.0,10.536,514.0
1753531613035,12:06:53.035,AUCTION/USDT:USDT,10.533,50.0,10.528,23.0,10.536,514.0,10.537,18.0
1753531613136,12:06:53.136,AUCTION/USDT:USDT,10.534,3.0,10.528,64.0,10.536,514.0,10.537,18.0
1753531613181,12:06:53.181,AUCTION/USDT:USDT,10.529,6.0,10.528,17.0,10.536,514.0,10.537,18.0
1753531614173,12:06:54.173,AUCTION/USDT:USDT,10.529,6.0,10.528,17.0,10.536,514.0,10.537,18.0
1753531614595,12:06:54.595,AUCTION/USDT:USDT,10.529,6.0,10.528,17.0,10.536,514.0,10.537,18.0
1753531616736,12:06:56.736,AUCTION/USDT:USDT,10.532,50.0,10.529,23.0,10.536,514.0,10.537,18.0
1753531617040,12:06:57.040,AUCTION/USDT:USDT,10.533,6.0,10.529,64.0,10.536,514.0,10.537,18.0
1753531617143,12:06:57.143,AUCTION/USDT:USDT,10.531,50.0,10.53,6.0,10.536,514.0,10.537,18.0
1753531617248,12:06:57.248,AUCTION/USDT:USDT,10.532,6.0,10.529,17.0,10.536,514.0,10.537,18.0
1753531617273,12:06:57.273,AUCTION/USDT:USDT,10.53,6.0,10.528,47.0,10.536,514.0,10.537,18.0
1753531617404,12:06:57.404,AUCTION/USDT:USDT,10.529,6.0,10.527,17.0,10.536,514.0,10.537,18.0
1753531617538,12:06:57.538,AUCTION/USDT:USDT,10.531,50.0,10.53,50.0,10.536,514.0,10.537,18.0
1753531617574,12:06:57.574,AUCTION/USDT:USDT,10.532,56.0,10.528,64.0,10.536,514.0,10.537,18.0
1753531617665,12:06:57.665,AUCTION/USDT:USDT,10.532,56.0,10.528,64.0,10.536,514.0,10.537,18.0
1753531622785,12:07:02.785,AUCTION/USDT:USDT,10.532,56.0,10.528,47.0,10.535,17.0,10.536,514.0
1753531623273,12:07:03.273,AUCTION/USDT:USDT,10.529,6.0,10.527,64.0,10.535,17.0,10.536,514.0
1753531623395,12:07:03.395,AUCTION/USDT:USDT,10.528,6.0,10.527,17.0,10.535,17.0,10.536,514.0
1753531632050,12:07:12.050,AUCTION/USDT:USDT,10.528,6.0,10.523,47.0,10.532,188.0,10.533,188.0
1753531632137,12:07:12.137,AUCTION/USDT:USDT,10.524,6.0,10.521,47.0,10.531,531.0,10.533,188.0
1753531632234,12:07:12.234,AUCTION/USDT:USDT,10.527,50.0,10.526,50.0,10.531,514.0,10.533,188.0
1753531632334,12:07:12.334,AUCTION/USDT:USDT,10.528,6.0,10.524,47.0,10.532,211.0,10.533,702.0
1753531632405,12:07:12.405,AUCTION/USDT:USDT,10.525,6.0,10.523,17.0,10.532,211.0,10.533,702.0
1753531632535,12:07:12.535,AUCTION/USDT:USDT,10.527,50.0,10.526,50.0,10.532,211.0,10.533,702.0
1753531632573,12:07:12.573,AUCTION/USDT:USDT,10.528,56.0,10.524,64.0,10.532,211.0,10.533,702.0
1753531632667,12:07:12.667,AUCTION/USDT:USDT,10.528,56.0,10.524,64.0,10.532,211.0,10.533,702.0
1753531632882,12:07:12.882,AUCTION/USDT:USDT,10.528,56.0,10.524,64.0,10.532,211.0,10.533,702.0
1753531633193,12:07:13.193,AUCTION/USDT:USDT,10.528,6.0,10.524,64.0,10.532,211.0,10.533,702.0
1753531633342,12:07:13.342,AUCTION/USDT:USDT,10.528,50.0,10.525,6.0,10.532,211.0,10.533,702.0
1753531633391,12:07:13.391,AUCTION/USDT:USDT,10.529,6.0,10.524,64.0,10.532,211.0,10.533,702.0
1753531633534,12:07:13.534,AUCTION/USDT:USDT,10.528,50.0,10.525,6.0,10.532,211.0,10.533,702.0
1753531633605,12:07:13.605,AUCTION/USDT:USDT,10.529,6.0,10.525,47.0,10.532,211.0,10.533,702.0
1753531633727,12:07:13.727,AUCTION/USDT:USDT,10.526,6.0,10.524,17.0,10.532,211.0,10.533,702.0
1753531633758,12:07:13.758,AUCTION/USDT:USDT,10.525,6.0,10.524,17.0,10.532,211.0,10.533,702.0
1753531633900,12:07:13.900,AUCTION/USDT:USDT,10.525,6.0,10.524,17.0,10.532,211.0,10.533,702.0
1753531634003,12:07:14.003,AUCTION/USDT:USDT,10.525,6.0,10.524,17.0,10.532,211.0,10.533,702.0
1753531634249,12:07:14.249,AUCTION/USDT:USDT,10.525,6.0,10.524,17.0,10.532,211.0,10.533,702.0
1753531634544,12:07:14.544,AUCTION/USDT:USDT,10.525,6.0,10.524,17.0,10.532,211.0,10.533,702.0
1753531634943,12:07:14.943,AUCTION/USDT:USDT,10.525,6.0,10.522,47.0,10.531,17.0,10.532,211.0
1753531635015,12:07:15.015,AUCTION/USDT:USDT,10.523,6.0,10.519,47.0,10.531,17.0,10.532,211.0
1753531635133,12:07:15.133,AUCTION/USDT:USDT,10.526,50.0,10.525,50.0,10.531,17.0,10.532,211.0
1753531635233,12:07:15.233,AUCTION/USDT:USDT,10.527,6.0,10.522,188.0,10.531,17.0,10.532,211.0
1753531635299,12:07:15.299,AUCTION/USDT:USDT,10.524,50.0,10.523,23.0,10.531,17.0,10.532,211.0
1753531635387,12:07:15.387,AUCTION/USDT:USDT,10.526,50.0,10.525,6.0,10.531,17.0,10.532,211.0
1753531635525,12:07:15.525,AUCTION/USDT:USDT,10.527,6.0,10.524,47.0,10.531,17.0,10.532,211.0
1753531635619,12:07:15.619,AUCTION/USDT:USDT,10.525,6.0,10.523,17.0,10.531,17.0,10.532,211.0
1753531635659,12:07:15.659,AUCTION/USDT:USDT,10.524,6.0,10.523,17.0,10.531,17.0,10.532,211.0
1753531635801,12:07:15.801,AUCTION/USDT:USDT,10.524,6.0,10.523,17.0,10.531,17.0,10.532,211.0
1753531636029,12:07:16.029,AUCTION/USDT:USDT,10.524,6.0,10.523,17.0,10.531,17.0,10.532,211.0
1753531636256,12:07:16.256,AUCTION/USDT:USDT,10.524,6.0,10.523,17.0,10.531,17.0,10.532,211.0
1753531636393,12:07:16.393,AUCTION/USDT:USDT,10.524,6.0,10.523,17.0,10.531,17.0,10.532,211.0
1753531636626,12:07:16.626,AUCTION/USDT:USDT,10.524,6.0,10.523,17.0,10.531,17.0,10.532,211.0
1753531637602,12:07:17.602,AUCTION/USDT:USDT,10.524,6.0,10.523,17.0,10.531,17.0,10.532,211.0
1753531638005,12:07:18.005,AUCTION/USDT:USDT,10.524,6.0,10.523,17.0,10.531,17.0,10.532,211.0
1753531638173,12:07:18.173,AUCTION/USDT:USDT,10.524,6.0,10.523,17.0,10.531,17.0,10.532,211.0
1753531638603,12:07:18.603,AUCTION/USDT:USDT,10.524,6.0,10.523,17.0,10.531,17.0,10.532,211.0
1753531640847,12:07:20.847,AUCTION/USDT:USDT,10.527,50.0,10.524,53.0,10.53,514.0,10.531,17.0
1753531640899,12:07:20.899,AUCTION/USDT:USDT,10.528,3.0,10.524,47.0,10.53,514.0,10.531,17.0
1753531640995,12:07:20.995,AUCTION/USDT:USDT,10.527,50.0,10.525,6.0,10.53,514.0,10.531,17.0
1753531641086,12:07:21.086,AUCTION/USDT:USDT,10.528,3.0,10.524,47.0,10.53,514.0,10.531,17.0
1753531641210,12:07:21.210,AUCTION/USDT:USDT,10.526,50.0,10.525,6.0,10.53,514.0,10.531,17.0
1753531641273,12:07:21.273,AUCTION/USDT:USDT,10.527,6.0,10.522,235.0,10.53,514.0,10.531,17.0
1753531641445,12:07:21.445,AUCTION/USDT:USDT,10.524,50.0,10.523,23.0,10.53,514.0,10.531,17.0
1753531641521,12:07:21.521,AUCTION/USDT:USDT,10.527,50.0,10.525,6.0,10.53,514.0,10.531,17.0
1753531641636,12:07:21.636,AUCTION/USDT:USDT,10.528,3.0,10.524,47.0,10.53,514.0,10.531,17.0
1753531641730,12:07:21.730,AUCTION/USDT:USDT,10.527,50.0,10.525,6.0,10.53,514.0,10.531,17.0
1753531641836,12:07:21.836,AUCTION/USDT:USDT,10.528,3.0,10.524,47.0,10.53,514.0,10.531,17.0
1753531641939,12:07:21.939,AUCTION/USDT:USDT,10.527,50.0,10.525,6.0,10.53,514.0,10.531,17.0
1753531642004,12:07:22.004,AUCTION/USDT:USDT,10.528,3.0,10.524,47.0,10.53,514.0,10.531,17.0
1753531642147,12:07:22.147,AUCTION/USDT:USDT,10.527,50.0,10.525,6.0,10.53,514.0,10.531,17.0
1753531642175,12:07:22.175,AUCTION/USDT:USDT,10.528,3.0,10.524,47.0,10.53,514.0,10.531,17.0
1753531642314,12:07:22.314,AUCTION/USDT:USDT,10.525,6.0,10.523,17.0,10.53,514.0,10.531,17.0
1753531642359,12:07:22.359,AUCTION/USDT:USDT,10.524,6.0,10.523,17.0,10.53,514.0,10.531,17.0
1753531642460,12:07:22.460,AUCTION/USDT:USDT,10.524,6.0,10.523,17.0,10.53,514.0,10.531,17.0
1753531642731,12:07:22.731,AUCTION/USDT:USDT,10.524,6.0,10.523,17.0,10.53,514.0,10.531,17.0
1753531642761,12:07:22.761,AUCTION/USDT:USDT,10.524,6.0,10.523,17.0,10.53,514.0,10.531,17.0
1753531643262,12:07:23.262,AUCTION/USDT:USDT,10.524,6.0,10.523,17.0,10.53,514.0,10.531,17.0
1753531643548,12:07:23.548,AUCTION/USDT:USDT,10.524,6.0,10.523,17.0,10.53,514.0,10.531,17.0
1753531644615,12:07:24.615,AUCTION/USDT:USDT,10.524,6.0,10.523,17.0,10.53,514.0,10.531,17.0
1753531645065,12:07:25.065,AUCTION/USDT:USDT,10.524,6.0,10.523,17.0,10.53,514.0,10.531,17.0
1753531645623,12:07:25.623,AUCTION/USDT:USDT,10.524,6.0,10.523,17.0,10.53,514.0,10.531,17.0
1753531645707,12:07:25.707,AUCTION/USDT:USDT,10.524,6.0,10.523,17.0,10.53,514.0,10.531,17.0
1753531645991,12:07:25.991,AUCTION/USDT:USDT,10.524,6.0,10.523,17.0,10.53,514.0,10.531,17.0
1753531646534,12:07:26.534,AUCTION/USDT:USDT,10.527,50.0,10.526,50.0,10.531,17.0,10.533,188.0
1753531646621,12:07:26.621,AUCTION/USDT:USDT,10.528,6.0,10.524,47.0,10.531,17.0,10.533,188.0
1753531646673,12:07:26.673,AUCTION/USDT:USDT,10.525,6.0,10.523,17.0,10.531,17.0,10.533,188.0
1753531646763,12:07:26.763,AUCTION/USDT:USDT,10.524,6.0,10.523,17.0,10.531,17.0,10.533,188.0
1753531648655,12:07:28.655,AUCTION/USDT:USDT,10.524,6.0,10.522,188.0,10.531,17.0,10.533,188.0
1753531648757,12:07:28.757,AUCTION/USDT:USDT,10.523,6.0,10.522,188.0,10.531,17.0,10.533,188.0
1753531648883,12:07:28.883,AUCTION/USDT:USDT,10.523,6.0,10.522,188.0,10.531,17.0,10.533,188.0
1753531649005,12:07:29.005,AUCTION/USDT:USDT,10.523,6.0,10.522,188.0,10.531,17.0,10.533,188.0
1753531651615,12:07:31.615,AUCTION/USDT:USDT,10.523,6.0,10.522,188.0,10.531,17.0,10.533,188.0
1753531655300,12:07:35.300,AUCTION/USDT:USDT,10.524,50.0,10.523,6.0,10.531,17.0,10.533,188.0
1753531655373,12:07:35.373,AUCTION/USDT:USDT,10.525,6.0,10.522,188.0,10.531,17.0,10.533,188.0
1753531655528,12:07:35.528,AUCTION/USDT:USDT,10.523,6.0,10.521,47.0,10.531,17.0,10.533,188.0
1753531655614,12:07:35.614,AUCTION/USDT:USDT,10.522,6.0,10.518,18.0,10.531,17.0,10.533,188.0
1753531655689,12:07:35.689,AUCTION/USDT:USDT,10.519,6.0,10.518,18.0,10.531,17.0,10.533,188.0
1753531655839,12:07:35.839,AUCTION/USDT:USDT,10.52,50.0,10.519,6.0,10.528,188.0,10.529,18.0
1753531655930,12:07:35.930,AUCTION/USDT:USDT,10.521,6.0,10.518,18.0,10.527,18.0,10.528,188.0
1753531656047,12:07:36.047,AUCTION/USDT:USDT,10.519,6.0,10.518,18.0,10.527,18.0,10.528,188.0
1753531656099,12:07:36.099,AUCTION/USDT:USDT,10.519,6.0,10.518,18.0,10.527,18.0,10.528,188.0
1753531656223,12:07:36.223,AUCTION/USDT:USDT,10.519,6.0,10.518,18.0,10.527,18.0,10.528,188.0
1753531656542,12:07:36.542,AUCTION/USDT:USDT,10.519,6.0,10.516,18.0,10.526,18.0,10.527,118.0
1753531656637,12:07:36.637,AUCTION/USDT:USDT,10.518,50.0,10.517,6.0,10.524,18.0,10.525,469.0
1753531656701,12:07:36.701,AUCTION/USDT:USDT,10.519,6.0,10.516,18.0,10.524,18.0,10.525,469.0
1753531656824,12:07:36.824,AUCTION/USDT:USDT,10.517,6.0,10.516,18.0,10.524,18.0,10.525,469.0
1753531656948,12:07:36.948,AUCTION/USDT:USDT,10.517,6.0,10.516,18.0,10.524,18.0,10.525,469.0
1753531657049,12:07:37.049,AUCTION/USDT:USDT,10.517,6.0,10.516,18.0,10.524,18.0,10.525,469.0
1753531657094,12:07:37.094,AUCTION/USDT:USDT,10.517,6.0,10.516,18.0,10.524,18.0,10.525,469.0
1753531657306,12:07:37.306,AUCTION/USDT:USDT,10.517,6.0,10.516,18.0,10.524,18.0,10.525,469.0
1753531657419,12:07:37.419,AUCTION/USDT:USDT,10.517,6.0,10.516,18.0,10.524,18.0,10.525,469.0
1753531659113,12:07:39.113,AUCTION/USDT:USDT,10.519,50.0,10.517,6.0,10.527,18.0,10.528,188.0
1753531659246,12:07:39.246,AUCTION/USDT:USDT,10.52,6.0,10.516,65.0,10.527,18.0,10.528,188.0
1753531659333,12:07:39.333,AUCTION/USDT:USDT,10.52,50.0,10.517,24.0,10.526,18.0,10.527,116.0
1753531659410,12:07:39.410,AUCTION/USDT:USDT,10.521,6.0,10.518,47.0,10.526,18.0,10.527,116.0
1753531659536,12:07:39.536,AUCTION/USDT:USDT,10.519,6.0,10.516,18.0,10.526,18.0,10.527,116.0
1753531659558,12:07:39.558,AUCTION/USDT:USDT,10.517,6.0,10.516,18.0,10.526,18.0,10.527,116.0
1753531659734,12:07:39.734,AUCTION/USDT:USDT,10.521,50.0,10.52,50.0,10.526,18.0,10.527,116.0
1753531659821,12:07:39.821,AUCTION/USDT:USDT,10.522,8.0,10.518,47.0,10.526,18.0,10.527,116.0
1753531659912,12:07:39.912,AUCTION/USDT:USDT,10.522,2.0,10.519,6.0,10.526,18.0,10.527,116.0
1753531660233,12:07:40.233,AUCTION/USDT:USDT,10.522,2.0,10.519,6.0,10.526,18.0,10.527,116.0
1753531660265,12:07:40.265,AUCTION/USDT:USDT,10.522,2.0,10.519,6.0,10.526,18.0,10.527,116.0
1753531660584,12:07:40.584,AUCTION/USDT:USDT,10.522,2.0,10.519,6.0,10.526,18.0,10.527,116.0
1753531660658,12:07:40.658,AUCTION/USDT:USDT,10.522,2.0,10.519,6.0,10.526,18.0,10.527,116.0
1753531660914,12:07:40.914,AUCTION/USDT:USDT,10.522,2.0,10.519,6.0,10.526,183.0,10.527,116.0
1753531661324,12:07:41.324,AUCTION/USDT:USDT,10.522,2.0,10.519,6.0,10.525,209.0,10.526,697.0
1753531661643,12:07:41.643,AUCTION/USDT:USDT,10.522,2.0,10.519,53.0,10.525,209.0,10.526,697.0
1753531661675,12:07:41.675,AUCTION/USDT:USDT,10.522,2.0,10.519,53.0,10.525,209.0,10.526,697.0
1753531661828,12:07:41.828,AUCTION/USDT:USDT,10.522,2.0,10.519,53.0,10.525,209.0,10.526,697.0
1753531661851,12:07:41.851,AUCTION/USDT:USDT,10.522,2.0,10.519,53.0,10.525,209.0,10.526,697.0
1753531663014,12:07:43.014,AUCTION/USDT:USDT,10.522,2.0,10.519,53.0,10.525,209.0,10.526,697.0
1753531663484,12:07:43.484,AUCTION/USDT:USDT,10.522,2.0,10.519,53.0,10.525,209.0,10.526,532.0
1753531663810,12:07:43.810,AUCTION/USDT:USDT,10.522,2.0,10.519,53.0,10.525,209.0,10.526,532.0
1753531664421,12:07:44.421,AUCTION/USDT:USDT,10.522,2.0,10.519,53.0,10.525,209.0,10.526,532.0
1753531665938,12:07:45.938,AUCTION/USDT:USDT,10.522,2.0,10.519,53.0,10.525,209.0,10.526,532.0
1753531666172,12:07:46.172,AUCTION/USDT:USDT,10.522,2.0,10.519,53.0,10.525,209.0,10.526,532.0
1753531666443,12:07:46.443,AUCTION/USDT:USDT,10.522,2.0,10.519,53.0,10.525,209.0,10.526,532.0
1753531666834,12:07:46.834,AUCTION/USDT:USDT,10.522,2.0,10.519,53.0,10.525,209.0,10.526,532.0
1753531666854,12:07:46.854,AUCTION/USDT:USDT,10.522,2.0,10.519,53.0,10.525,209.0,10.526,532.0
1753531667228,12:07:47.228,AUCTION/USDT:USDT,10.522,2.0,10.519,53.0,10.525,209.0,10.526,532.0
1753531667674,12:07:47.674,AUCTION/USDT:USDT,10.522,2.0,10.519,53.0,10.525,209.0,10.526,532.0
1753531668074,12:07:48.074,AUCTION/USDT:USDT,10.522,2.0,10.519,53.0,10.525,209.0,10.526,532.0
1753531670187,12:07:50.187,AUCTION/USDT:USDT,10.522,2.0,10.519,53.0,10.525,209.0,10.526,532.0
1753531670364,12:07:50.364,AUCTION/USDT:USDT,10.522,2.0,10.519,53.0,10.525,209.0,10.526,532.0
1753531670912,12:07:50.912,AUCTION/USDT:USDT,10.522,2.0,10.519,53.0,10.526,514.0,10.528,188.0
1753531671007,12:07:51.007,AUCTION/USDT:USDT,10.522,2.0,10.519,53.0,10.526,514.0,10.528,188.0
1753531672004,12:07:52.004,AUCTION/USDT:USDT,10.522,2.0,10.519,53.0,10.526,514.0,10.528,188.0
1753531672130,12:07:52.130,AUCTION/USDT:USDT,10.522,2.0,10.519,53.0,10.526,514.0,10.528,188.0
1753531672328,12:07:52.328,AUCTION/USDT:USDT,10.522,2.0,10.519,53.0,10.526,514.0,10.528,188.0
1753531672611,12:07:52.611,AUCTION/USDT:USDT,10.522,2.0,10.519,53.0,10.527,514.0,10.528,188.0
1753531673277,12:07:53.277,AUCTION/USDT:USDT,10.522,2.0,10.519,53.0,10.527,514.0,10.528,188.0
1753531674050,12:07:54.050,AUCTION/USDT:USDT,10.522,2.0,10.519,6.0,10.526,18.0,10.527,514.0
1753531674143,12:07:54.143,AUCTION/USDT:USDT,10.522,2.0,10.517,6.0,10.526,18.0,10.527,514.0
1753531674249,12:07:54.249,AUCTION/USDT:USDT,10.522,2.0,10.517,6.0,10.526,18.0,10.527,514.0
1753531674319,12:07:54.319,AUCTION/USDT:USDT,10.522,2.0,10.517,6.0,10.526,130.0,10.527,514.0
1753531674352,12:07:54.352,AUCTION/USDT:USDT,10.522,2.0,10.517,6.0,10.526,130.0,10.527,514.0
1753531674492,12:07:54.492,AUCTION/USDT:USDT,10.522,2.0,10.517,6.0,10.526,130.0,10.527,514.0
1753531675079,12:07:55.079,AUCTION/USDT:USDT,10.522,2.0,10.517,53.0,10.526,130.0,10.527,514.0
1753531675186,12:07:55.186,AUCTION/USDT:USDT,10.522,2.0,10.517,53.0,10.526,130.0,10.527,514.0
1753531675460,12:07:55.460,AUCTION/USDT:USDT,10.522,2.0,10.517,53.0,10.526,196.0,10.527,514.0
1753531675740,12:07:55.740,AUCTION/USDT:USDT,10.522,2.0,10.517,53.0,10.526,142.0,10.527,514.0
1753531675810,12:07:55.810,AUCTION/USDT:USDT,10.522,2.0,10.518,47.0,10.526,142.0,10.527,514.0
1753531675858,12:07:55.858,AUCTION/USDT:USDT,10.522,2.0,10.519,6.0,10.526,142.0,10.527,514.0
1753531676006,12:07:56.006,AUCTION/USDT:USDT,10.522,2.0,10.519,6.0,10.526,142.0,10.527,514.0
1753531676835,12:07:56.835,AUCTION/USDT:USDT,10.522,2.0,10.519,6.0,10.526,274.0,10.527,514.0
1753531677026,12:07:57.026,AUCTION/USDT:USDT,10.522,2.0,10.519,6.0,10.525,18.0,10.526,274.0
1753531677142,12:07:57.142,AUCTION/USDT:USDT,10.522,2.0,10.517,6.0,10.525,18.0,10.526,274.0
1753531677213,12:07:57.213,AUCTION/USDT:USDT,10.522,2.0,10.517,6.0,10.523,188.0,10.525,487.0
1753531677282,12:07:57.282,AUCTION/USDT:USDT,10.522,2.0,10.517,6.0,10.523,702.0,10.525,487.0
1753531677380,12:07:57.380,AUCTION/USDT:USDT,10.522,2.0,10.517,6.0,10.523,702.0,10.525,487.0
1753531677554,12:07:57.554,AUCTION/USDT:USDT,10.522,2.0,10.517,6.0,10.523,702.0,10.525,487.0
1753531678147,12:07:58.147,AUCTION/USDT:USDT,10.522,2.0,10.517,6.0,10.523,781.0,10.525,487.0
1753531678207,12:07:58.207,AUCTION/USDT:USDT,10.522,2.0,10.517,6.0,10.523,781.0,10.525,487.0
1753531684114,12:08:04.114,AUCTION/USDT:USDT,10.522,2.0,10.517,6.0,10.523,514.0,10.525,18.0
1753531684263,12:08:04.263,AUCTION/USDT:USDT,10.522,2.0,10.517,6.0,10.523,514.0,10.525,18.0
1753531684847,12:08:04.847,AUCTION/USDT:USDT,10.517,6.0,10.516,18.0,10.523,514.0,10.525,18.0
1753531684914,12:08:04.914,AUCTION/USDT:USDT,10.519,50.0,10.517,6.0,10.524,514.0,10.525,18.0
1753531684982,12:08:04.982,AUCTION/USDT:USDT,10.52,6.0,10.516,65.0,10.524,514.0,10.525,18.0
1753531685090,12:08:05.090,AUCTION/USDT:USDT,10.517,23.0,10.516,65.0,10.524,514.0,10.525,18.0
1753531685240,12:08:05.240,AUCTION/USDT:USDT,10.519,50.0,10.517,23.0,10.524,582.0,10.526,18.0
1753531685294,12:08:05.294,AUCTION/USDT:USDT,10.52,6.0,10.517,17.0,10.524,582.0,10.526,18.0
1753531685398,12:08:05.398,AUCTION/USDT:USDT,10.518,6.0,10.517,17.0,10.524,582.0,10.526,18.0
1753531686289,12:08:06.289,AUCTION/USDT:USDT,10.518,6.0,10.517,17.0,10.524,582.0,10.526,18.0
1753531687547,12:08:07.547,AUCTION/USDT:USDT,10.518,6.0,10.517,17.0,10.523,195.0,10.524,718.0
1753531687575,12:08:07.575,AUCTION/USDT:USDT,10.518,6.0,10.517,17.0,10.523,195.0,10.524,650.0
1753531687914,12:08:07.914,AUCTION/USDT:USDT,10.518,6.0,10.517,17.0,10.523,195.0,10.524,650.0
1753531688298,12:08:08.298,AUCTION/USDT:USDT,10.518,6.0,10.517,17.0,10.523,195.0,10.524,582.0
1753531689356,12:08:09.356,AUCTION/USDT:USDT,10.518,6.0,10.517,17.0,10.523,311.0,10.524,582.0
1753531689993,12:08:09.993,AUCTION/USDT:USDT,10.518,6.0,10.517,17.0,10.523,630.0,10.524,68.0
1753531691008,12:08:11.008,AUCTION/USDT:USDT,10.518,6.0,10.517,17.0,10.523,630.0,10.526,18.0
1753531691138,12:08:11.138,AUCTION/USDT:USDT,10.518,6.0,10.517,17.0,10.523,630.0,10.526,18.0
1753531691649,12:08:11.649,AUCTION/USDT:USDT,10.523,50.0,10.52,50.0,10.527,514.0,10.528,188.0
1753531691725,12:08:11.725,AUCTION/USDT:USDT,10.524,6.0,10.521,47.0,10.527,632.0,10.528,188.0
1753531691774,12:08:11.774,AUCTION/USDT:USDT,10.522,6.0,10.518,47.0,10.526,227.0,10.527,756.0
1753531691894,12:08:11.894,AUCTION/USDT:USDT,10.52,50.0,10.519,23.0,10.526,227.0,10.527,632.0
1753531692008,12:08:12.008,AUCTION/USDT:USDT,10.522,50.0,10.521,6.0,10.526,227.0,10.527,632.0
1753531692133,12:08:12.133,AUCTION/USDT:USDT,10.523,6.0,10.519,17.0,10.526,227.0,10.527,632.0
1753531692177,12:08:12.177,AUCTION/USDT:USDT,10.52,6.0,10.519,17.0,10.526,227.0,10.527,632.0
1753531692373,12:08:12.373,AUCTION/USDT:USDT,10.52,6.0,10.519,17.0,10.526,227.0,10.527,632.0
1753531693741,12:08:13.741,AUCTION/USDT:USDT,10.52,6.0,10.519,17.0,10.526,227.0,10.527,632.0
1753531693768,12:08:13.768,AUCTION/USDT:USDT,10.52,6.0,10.519,17.0,10.526,227.0,10.527,632.0
1753531693944,12:08:13.944,AUCTION/USDT:USDT,10.52,6.0,10.518,47.0,10.526,335.0,10.527,632.0
1753531693993,12:08:13.993,AUCTION/USDT:USDT,10.519,6.0,10.516,18.0,10.526,335.0,10.527,632.0
1753531694148,12:08:14.148,AUCTION/USDT:USDT,10.52,50.0,10.517,6.0,10.526,473.0,10.527,632.0
1753531694199,12:08:14.199,AUCTION/USDT:USDT,10.521,6.0,10.518,47.0,10.526,473.0,10.527,632.0
1753531694273,12:08:14.273,AUCTION/USDT:USDT,10.519,6.0,10.516,18.0,10.526,473.0,10.527,632.0
1753531694413,12:08:14.413,AUCTION/USDT:USDT,10.52,50.0,10.517,6.0,10.526,821.0,10.527,632.0
1753531694512,12:08:14.512,AUCTION/USDT:USDT,10.521,56.0,10.518,47.0,10.526,821.0,10.527,632.0
1753531694565,12:08:14.565,AUCTION/USDT:USDT,10.521,56.0,10.518,47.0,10.526,821.0,10.527,632.0
1753531694847,12:08:14.847,AUCTION/USDT:USDT,10.521,56.0,10.518,47.0,10.526,420.0,10.527,514.0
1753531695150,12:08:15.150,AUCTION/USDT:USDT,10.528,50.0,10.523,67.0,10.529,330.0,10.533,17.0
1753531695249,12:08:15.249,AUCTION/USDT:USDT,10.525,47.0,10.523,17.0,10.532,17.0,10.533,482.0
1753531695337,12:08:15.337,AUCTION/USDT:USDT,10.526,1.0,10.524,47.0,10.532,17.0,10.533,188.0
1753531695358,12:08:15.358,AUCTION/USDT:USDT,10.526,1.0,10.524,47.0,10.532,17.0,10.533,188.0
1753531695467,12:08:15.467,AUCTION/USDT:USDT,10.526,1.0,10.524,47.0,10.532,17.0,10.533,188.0
1753531695644,12:08:15.644,AUCTION/USDT:USDT,10.529,50.0,10.524,47.0,10.532,17.0,10.533,188.0
1753531695714,12:08:15.714,AUCTION/USDT:USDT,10.529,50.0,10.525,53.0,10.532,17.0,10.535,486.0
1753531695801,12:08:15.801,AUCTION/USDT:USDT,10.529,50.0,10.525,53.0,10.532,17.0,10.535,486.0
1753531695882,12:08:15.882,AUCTION/USDT:USDT,10.529,50.0,10.525,53.0,10.532,17.0,10.535,486.0
1753531696045,12:08:16.045,AUCTION/USDT:USDT,10.529,50.0,10.525,53.0,10.532,17.0,10.535,486.0
1753531698704,12:08:18.704,AUCTION/USDT:USDT,10.525,53.0,10.523,17.0,10.532,17.0,10.535,486.0
1753531698805,12:08:18.805,AUCTION/USDT:USDT,10.525,47.0,10.523,17.0,10.532,17.0,10.535,486.0
1753531698877,12:08:18.877,AUCTION/USDT:USDT,10.525,47.0,10.523,17.0,10.532,17.0,10.535,486.0
1753531699302,12:08:19.302,AUCTION/USDT:USDT,10.525,47.0,10.523,17.0,10.532,17.0,10.535,486.0
1753531700168,12:08:20.168,AUCTION/USDT:USDT,10.525,47.0,10.523,17.0,10.532,17.0,10.535,486.0
1753531703254,12:08:23.254,AUCTION/USDT:USDT,10.525,47.0,10.523,17.0,10.532,17.0,10.535,486.0
1753531704513,12:08:24.513,AUCTION/USDT:USDT,10.527,50.0,10.523,17.0,10.531,18.0,10.532,531.0
1753531704626,12:08:24.626,AUCTION/USDT:USDT,10.527,50.0,10.524,47.0,10.531,18.0,10.532,514.0
1753531704674,12:08:24.674,AUCTION/USDT:USDT,10.527,50.0,10.525,6.0,10.531,18.0,10.532,514.0
1753531704933,12:08:24.933,AUCTION/USDT:USDT,10.527,50.0,10.525,6.0,10.531,18.0,10.532,514.0
1753531705006,12:08:25.006,AUCTION/USDT:USDT,10.527,50.0,10.525,6.0,10.531,18.0,10.532,514.0
1753531706634,12:08:26.634,AUCTION/USDT:USDT,10.527,50.0,10.525,6.0,10.531,18.0,10.532,514.0
1753531710226,12:08:30.226,AUCTION/USDT:USDT,10.527,50.0,10.525,6.0,10.532,514.0,10.535,486.0
1753531710343,12:08:30.343,AUCTION/USDT:USDT,10.529,50.0,10.525,53.0,10.533,188.0,10.534,758.0
1753531710422,12:08:30.422,AUCTION/USDT:USDT,10.529,50.0,10.525,53.0,10.532,514.0,10.533,188.0
1753531710465,12:08:30.465,AUCTION/USDT:USDT,10.529,50.0,10.525,53.0,10.532,514.0,10.533,188.0
1753531710641,12:08:30.641,AUCTION/USDT:USDT,10.529,50.0,10.525,53.0,10.532,514.0,10.533,188.0
1753531710686,12:08:30.686,AUCTION/USDT:USDT,10.529,50.0,10.525,53.0,10.532,514.0,10.533,188.0
1753531710931,12:08:30.931,AUCTION/USDT:USDT,10.529,50.0,10.525,53.0,10.532,514.0,10.533,188.0
1753531711006,12:08:31.006,AUCTION/USDT:USDT,10.529,50.0,10.525,53.0,10.532,514.0,10.533,188.0
1753531714134,12:08:34.134,AUCTION/USDT:USDT,10.525,53.0,10.523,17.0,10.532,514.0,10.533,188.0
1753531714241,12:08:34.241,AUCTION/USDT:USDT,10.529,50.0,10.523,17.0,10.532,211.0,10.533,702.0
1753531714257,12:08:34.257,AUCTION/USDT:USDT,10.529,50.0,10.525,47.0,10.532,211.0,10.533,702.0
1753531714361,12:08:34.361,AUCTION/USDT:USDT,10.529,50.0,10.526,6.0,10.532,211.0,10.533,702.0
1753531714743,12:08:34.743,AUCTION/USDT:USDT,10.526,6.0,10.523,17.0,10.532,211.0,10.533,702.0
1753531714779,12:08:34.779,AUCTION/USDT:USDT,10.523,17.0,10.522,6.0,10.532,211.0,10.533,702.0
1753531715010,12:08:35.010,AUCTION/USDT:USDT,10.523,17.0,10.522,6.0,10.532,211.0,10.533,702.0
1753531715147,12:08:35.147,AUCTION/USDT:USDT,10.529,50.0,10.524,66.0,10.532,211.0,10.533,702.0
1753531715195,12:08:35.195,AUCTION/USDT:USDT,10.53,1.0,10.525,6.0,10.532,211.0,10.533,702.0
1753531715274,12:08:35.274,AUCTION/USDT:USDT,10.53,1.0,10.524,65.0,10.532,211.0,10.533,702.0
1753531716233,12:08:36.233,AUCTION/USDT:USDT,10.53,1.0,10.524,65.0,10.532,211.0,10.533,188.0
1753531716300,12:08:36.300,AUCTION/USDT:USDT,10.53,1.0,10.524,65.0,10.533,188.0,10.534,244.0
1753531716517,12:08:36.517,AUCTION/USDT:USDT,10.53,1.0,10.524,65.0,10.532,18.0,10.533,188.0
1753531716631,12:08:36.631,AUCTION/USDT:USDT,10.53,1.0,10.524,47.0,10.532,18.0,10.533,188.0
1753531718534,12:08:38.534,AUCTION/USDT:USDT,10.53,1.0,10.524,47.0,10.532,18.0,10.533,188.0
1753531718570,12:08:38.570,AUCTION/USDT:USDT,10.524,47.0,10.521,24.0,10.532,18.0,10.533,188.0
1753531718692,12:08:38.692,AUCTION/USDT:USDT,10.524,47.0,10.521,68.0,10.532,18.0,10.533,188.0
1753531718758,12:08:38.758,AUCTION/USDT:USDT,10.524,47.0,10.522,3.0,10.532,18.0,10.533,188.0
1753531719048,12:08:39.048,AUCTION/USDT:USDT,10.522,3.0,10.521,3.0,10.529,18.0,10.53,469.0
1753531719077,12:08:39.077,AUCTION/USDT:USDT,10.519,17.0,10.517,6.0,10.529,18.0,10.53,469.0
1753531719248,12:08:39.248,AUCTION/USDT:USDT,10.516,18.0,10.515,663.0,10.529,18.0,10.53,469.0
1753531719336,12:08:39.336,AUCTION/USDT:USDT,10.521,50.0,10.52,18.0,10.529,18.0,10.53,469.0
1753531719437,12:08:39.437,AUCTION/USDT:USDT,10.522,51.0,10.52,18.0,10.529,18.0,10.53,469.0
1753531719731,12:08:39.731,AUCTION/USDT:USDT,10.524,50.0,10.522,1.0,10.531,18.0,10.532,47.0
1753531719757,12:08:39.757,AUCTION/USDT:USDT,10.524,50.0,10.52,18.0,10.531,18.0,10.532,47.0
1753531719915,12:08:39.915,AUCTION/USDT:USDT,10.524,50.0,10.522,18.0,10.531,18.0,10.532,47.0
1753531720001,12:08:40.001,AUCTION/USDT:USDT,10.524,50.0,10.522,24.0,10.531,18.0,10.532,47.0
1753531720350,12:08:40.350,AUCTION/USDT:USDT,10.524,50.0,10.522,24.0,10.531,18.0,10.533,188.0
1753531721043,12:08:41.043,AUCTION/USDT:USDT,10.524,50.0,10.522,6.0,10.531,18.0,10.533,188.0
1753531721244,12:08:41.244,AUCTION/USDT:USDT,10.522,6.0,10.52,18.0,10.528,188.0,10.53,469.0
1753531721280,12:08:41.280,AUCTION/USDT:USDT,10.516,18.0,10.515,6.0,10.528,188.0,10.53,469.0
1753531721414,12:08:41.414,AUCTION/USDT:USDT,10.516,18.0,10.515,475.0,10.528,188.0,10.53,469.0
1753531721526,12:08:41.526,AUCTION/USDT:USDT,10.516,18.0,10.515,475.0,10.528,188.0,10.53,469.0
1753531721725,12:08:41.725,AUCTION/USDT:USDT,10.521,50.0,10.519,188.0,10.528,188.0,10.53,469.0
1753531721775,12:08:41.775,AUCTION/USDT:USDT,10.521,50.0,10.52,6.0,10.528,188.0,10.53,469.0
1753531721880,12:08:41.880,AUCTION/USDT:USDT,10.521,50.0,10.52,6.0,10.528,188.0,10.53,469.0
1753531722369,12:08:42.369,AUCTION/USDT:USDT,10.521,50.0,10.52,6.0,10.528,188.0,10.53,469.0
1753531722748,12:08:42.748,AUCTION/USDT:USDT,10.521,50.0,10.52,6.0,10.528,188.0,10.53,469.0
1753531722838,12:08:42.838,AUCTION/USDT:USDT,10.523,50.0,10.522,50.0,10.531,18.0,10.533,188.0
1753531722923,12:08:42.923,AUCTION/USDT:USDT,10.525,50.0,10.524,1.0,10.531,18.0,10.533,188.0
1753531723028,12:08:43.028,AUCTION/USDT:USDT,10.525,50.0,10.522,6.0,10.531,18.0,10.533,188.0
1753531723619,12:08:43.619,AUCTION/USDT:USDT,10.525,50.0,10.522,6.0,10.53,165.0,10.531,18.0
1753531724532,12:08:44.532,AUCTION/USDT:USDT,10.525,50.0,10.522,6.0,10.53,165.0,10.531,18.0
1753531724559,12:08:44.559,AUCTION/USDT:USDT,10.525,50.0,10.522,6.0,10.53,165.0,10.531,18.0
1753531725318,12:08:45.318,AUCTION/USDT:USDT,10.525,50.0,10.522,6.0,10.53,165.0,10.531,18.0
1753531725830,12:08:45.830,AUCTION/USDT:USDT,10.525,50.0,10.522,6.0,10.53,165.0,10.531,18.0
1753531725859,12:08:45.859,AUCTION/USDT:USDT,10.526,1.0,10.522,6.0,10.53,165.0,10.531,18.0
1753531725964,12:08:45.964,AUCTION/USDT:USDT,10.526,1.0,10.521,64.0,10.53,165.0,10.531,18.0
1753531730533,12:08:50.533,AUCTION/USDT:USDT,10.526,1.0,10.521,64.0,10.53,679.0,10.531,18.0
1753531730558,12:08:50.558,AUCTION/USDT:USDT,10.526,1.0,10.521,64.0,10.529,204.0,10.53,679.0
1753531736334,12:08:56.334,AUCTION/USDT:USDT,10.526,1.0,10.521,64.0,10.529,514.0,10.53,165.0
1753531736353,12:08:56.353,AUCTION/USDT:USDT,10.526,1.0,10.521,64.0,10.529,514.0,10.53,165.0
1753531738029,12:08:58.029,AUCTION/USDT:USDT,10.526,1.0,10.521,64.0,10.529,561.0,10.53,165.0
1753531738134,12:08:58.134,AUCTION/USDT:USDT,10.526,1.0,10.521,64.0,10.529,514.0,10.53,165.0
1753531741173,12:09:01.173,AUCTION/USDT:USDT,10.526,1.0,10.521,64.0,10.529,561.0,10.53,165.0
1753531743725,12:09:03.725,AUCTION/USDT:USDT,10.526,1.0,10.521,64.0,10.529,608.0,10.53,165.0
1753531744667,12:09:04.667,AUCTION/USDT:USDT,10.526,1.0,10.521,64.0,10.528,197.0,10.529,655.0
1753531745994,12:09:05.994,AUCTION/USDT:USDT,10.526,1.0,10.521,64.0,10.528,197.0,10.529,514.0
1753531747293,12:09:07.293,AUCTION/USDT:USDT,10.526,1.0,10.521,64.0,10.528,197.0,10.529,514.0
1753531747914,12:09:07.914,AUCTION/USDT:USDT,10.526,1.0,10.521,64.0,10.528,197.0,10.529,514.0
1753531751038,12:09:11.038,AUCTION/USDT:USDT,10.526,1.0,10.52,6.0,10.527,17.0,10.528,854.0
1753531751109,12:09:11.109,AUCTION/USDT:USDT,10.526,1.0,10.519,17.0,10.527,17.0,10.528,854.0
1753531751181,12:09:11.181,AUCTION/USDT:USDT,10.526,1.0,10.519,17.0,10.527,17.0,10.528,385.0
1753531751334,12:09:11.334,AUCTION/USDT:USDT,10.526,1.0,10.519,17.0,10.527,17.0,10.528,385.0
1753531751522,12:09:11.522,AUCTION/USDT:USDT,10.526,1.0,10.519,63.0,10.527,17.0,10.528,385.0
1753531754014,12:09:14.014,AUCTION/USDT:USDT,10.526,1.0,10.519,63.0,10.527,17.0,10.528,385.0
1753531754263,12:09:14.263,AUCTION/USDT:USDT,10.526,1.0,10.519,63.0,10.527,17.0,10.528,385.0
1753531755176,12:09:15.176,AUCTION/USDT:USDT,10.526,1.0,10.519,63.0,10.527,17.0,10.528,385.0
1753531755338,12:09:15.338,AUCTION/USDT:USDT,10.526,1.0,10.519,63.0,10.527,17.0,10.528,550.0
1753531756104,12:09:16.104,AUCTION/USDT:USDT,10.518,6.0,10.517,854.0,10.526,17.0,10.527,92.0
1753531756220,12:09:16.220,AUCTION/USDT:USDT,10.518,6.0,10.516,18.0,10.526,606.0,10.527,92.0
1753531756308,12:09:16.308,AUCTION/USDT:USDT,10.516,18.0,10.515,6.0,10.526,606.0,10.527,92.0
1753531756534,12:09:16.534,AUCTION/USDT:USDT,10.518,50.0,10.517,50.0,10.525,17.0,10.526,606.0
1753531756627,12:09:16.627,AUCTION/USDT:USDT,10.52,50.0,10.518,6.0,10.525,17.0,10.526,606.0
1753531756658,12:09:16.658,AUCTION/USDT:USDT,10.52,50.0,10.517,6.0,10.525,17.0,10.526,606.0
1753531757006,12:09:17.006,AUCTION/USDT:USDT,10.52,50.0,10.517,6.0,10.525,17.0,10.526,606.0
1753531757893,12:09:17.893,AUCTION/USDT:USDT,10.52,50.0,10.517,6.0,10.525,17.0,10.526,606.0
1753531758004,12:09:18.004,AUCTION/USDT:USDT,10.52,50.0,10.517,6.0,10.525,17.0,10.526,606.0
1753531758256,12:09:18.256,AUCTION/USDT:USDT,10.52,50.0,10.517,6.0,10.525,17.0,10.526,606.0
1753531759296,12:09:19.296,AUCTION/USDT:USDT,10.52,50.0,10.517,6.0,10.525,17.0,10.526,606.0
1753531759422,12:09:19.422,AUCTION/USDT:USDT,10.52,50.0,10.518,17.0,10.525,17.0,10.526,531.0
1753531759513,12:09:19.513,AUCTION/USDT:USDT,10.52,50.0,10.518,17.0,10.525,17.0,10.526,531.0
1753531759800,12:09:19.800,AUCTION/USDT:USDT,10.52,50.0,10.518,17.0,10.525,17.0,10.526,531.0
1753531760021,12:09:20.021,AUCTION/USDT:USDT,10.52,50.0,10.518,17.0,10.525,17.0,10.526,531.0
1753531760205,12:09:20.205,AUCTION/USDT:USDT,10.52,50.0,10.518,17.0,10.525,17.0,10.526,531.0
1753531760327,12:09:20.327,AUCTION/USDT:USDT,10.52,50.0,10.518,17.0,10.525,17.0,10.526,531.0
1753531760701,12:09:20.701,AUCTION/USDT:USDT,10.52,50.0,10.518,17.0,10.525,17.0,10.526,531.0
1753531762197,12:09:22.197,AUCTION/USDT:USDT,10.52,50.0,10.517,6.0,10.525,17.0,10.526,531.0
1753531763303,12:09:23.303,AUCTION/USDT:USDT,10.52,50.0,10.517,6.0,10.525,17.0,10.526,531.0
1753531764702,12:09:24.702,AUCTION/USDT:USDT,10.517,6.0,10.516,18.0,10.525,17.0,10.526,531.0
1753531764757,12:09:24.757,AUCTION/USDT:USDT,10.517,6.0,10.516,18.0,10.525,17.0,10.526,531.0
1753531764934,12:09:24.934,AUCTION/USDT:USDT,10.516,18.0,10.515,3.0,10.525,17.0,10.526,531.0
1753531765232,12:09:25.232,AUCTION/USDT:USDT,10.516,18.0,10.515,6.0,10.525,65.0,10.526,531.0
1753531765349,12:09:25.349,AUCTION/USDT:USDT,10.516,18.0,10.515,6.0,10.524,18.0,10.525,579.0
1753531765390,12:09:25.390,AUCTION/USDT:USDT,10.516,18.0,10.515,6.0,10.524,18.0,10.525,579.0
1753531765543,12:09:25.543,AUCTION/USDT:USDT,10.516,18.0,10.515,6.0,10.524,18.0,10.525,579.0
1753531766004,12:09:26.004,AUCTION/USDT:USDT,10.516,18.0,10.515,6.0,10.524,18.0,10.525,579.0
1753531766182,12:09:26.182,AUCTION/USDT:USDT,10.516,18.0,10.515,6.0,10.524,18.0,10.525,579.0
1753531766440,12:09:26.440,AUCTION/USDT:USDT,10.516,18.0,10.515,6.0,10.524,18.0,10.525,579.0
1753531767549,12:09:27.549,AUCTION/USDT:USDT,10.515,6.0,10.514,206.0,10.524,18.0,10.525,579.0
1753531767628,12:09:27.628,AUCTION/USDT:USDT,10.515,6.0,10.514,206.0,10.524,18.0,10.525,579.0
1753531767823,12:09:27.823,AUCTION/USDT:USDT,10.515,6.0,10.514,206.0,10.524,18.0,10.525,579.0
1753531767931,12:09:27.931,AUCTION/USDT:USDT,10.515,6.0,10.514,206.0,10.524,18.0,10.525,579.0
1753531768132,12:09:28.132,AUCTION/USDT:USDT,10.515,6.0,10.514,18.0,10.522,18.0,10.523,188.0
1753531768247,12:09:28.247,AUCTION/USDT:USDT,10.515,3.0,10.514,18.0,10.522,18.0,10.523,188.0
1753531768315,12:09:28.315,AUCTION/USDT:USDT,10.515,3.0,10.514,18.0,10.522,18.0,10.523,188.0
1753531768415,12:09:28.415,AUCTION/USDT:USDT,10.515,3.0,10.514,18.0,10.522,18.0,10.523,188.0
1753531768481,12:09:28.481,AUCTION/USDT:USDT,10.515,3.0,10.514,18.0,10.522,18.0,10.523,188.0
1753531768634,12:09:28.634,AUCTION/USDT:USDT,10.515,3.0,10.514,18.0,10.522,18.0,10.523,188.0
1753531768700,12:09:28.700,AUCTION/USDT:USDT,10.515,3.0,10.514,18.0,10.522,18.0,10.523,188.0
1753531768828,12:09:28.828,AUCTION/USDT:USDT,10.515,3.0,10.514,18.0,10.522,18.0,10.523,188.0
1753531768939,12:09:28.939,AUCTION/USDT:USDT,10.515,3.0,10.514,18.0,10.522,18.0,10.523,188.0
1753531769004,12:09:29.004,AUCTION/USDT:USDT,10.515,3.0,10.514,18.0,10.522,18.0,10.523,188.0
1753531769249,12:09:29.249,AUCTION/USDT:USDT,10.514,18.0,10.512,746.0,10.522,66.0,10.523,188.0
1753531769575,12:09:29.575,AUCTION/USDT:USDT,10.514,18.0,10.512,746.0,10.522,66.0,10.523,188.0
1753531769684,12:09:29.684,AUCTION/USDT:USDT,10.514,18.0,10.512,746.0,10.522,66.0,10.523,188.0
1753531770100,12:09:30.100,AUCTION/USDT:USDT,10.514,18.0,10.512,746.0,10.522,66.0,10.523,188.0
1753531770715,12:09:30.715,AUCTION/USDT:USDT,10.514,18.0,10.512,746.0,10.522,66.0,10.523,188.0
1753531771093,12:09:31.093,AUCTION/USDT:USDT,10.514,18.0,10.512,70.0,10.522,580.0,10.523,188.0
1753531771173,12:09:31.173,AUCTION/USDT:USDT,10.514,18.0,10.512,64.0,10.522,580.0,10.523,188.0
1753531771461,12:09:31.461,AUCTION/USDT:USDT,10.514,18.0,10.512,64.0,10.522,580.0,10.524,18.0
1753531771612,12:09:31.612,AUCTION/USDT:USDT,10.514,18.0,10.512,64.0,10.522,580.0,10.524,18.0
1753531772439,12:09:32.439,AUCTION/USDT:USDT,10.518,50.0,10.515,188.0,10.522,514.0,10.524,18.0
1753531772532,12:09:32.532,AUCTION/USDT:USDT,10.518,50.0,10.516,6.0,10.523,514.0,10.525,17.0
1753531772583,12:09:32.583,AUCTION/USDT:USDT,10.518,50.0,10.516,23.0,10.523,514.0,10.525,17.0
1753531772839,12:09:32.839,AUCTION/USDT:USDT,10.518,50.0,10.516,23.0,10.523,514.0,10.527,17.0
1753531772859,12:09:32.859,AUCTION/USDT:USDT,10.518,50.0,10.516,23.0,10.523,514.0,10.527,17.0
1753531773033,12:09:33.033,AUCTION/USDT:USDT,10.518,50.0,10.516,6.0,10.522,17.0,10.523,514.0
1753531773141,12:09:33.141,AUCTION/USDT:USDT,10.516,6.0,10.515,188.0,10.522,17.0,10.523,514.0
1753531773161,12:09:33.161,AUCTION/USDT:USDT,10.516,6.0,10.512,17.0,10.522,17.0,10.523,514.0
1753531773327,12:09:33.327,AUCTION/USDT:USDT,10.516,6.0,10.512,17.0,10.522,17.0,10.523,514.0
1753531773449,12:09:33.449,AUCTION/USDT:USDT,10.512,17.0,10.511,6.0,10.522,205.0,10.523,514.0
1753531773535,12:09:33.535,AUCTION/USDT:USDT,10.516,50.0,10.512,17.0,10.521,107.0,10.522,205.0
1753531773608,12:09:33.608,AUCTION/USDT:USDT,10.512,17.0,10.511,6.0,10.521,107.0,10.522,205.0
1753531773684,12:09:33.684,AUCTION/USDT:USDT,10.512,17.0,10.511,6.0,10.52,17.0,10.521,17.0
1753531773837,12:09:33.837,AUCTION/USDT:USDT,10.515,50.0,10.513,17.0,10.522,205.0,10.523,514.0
1753531773939,12:09:33.939,AUCTION/USDT:USDT,10.515,50.0,10.513,17.0,10.521,216.0,10.522,719.0
1753531774007,12:09:34.007,AUCTION/USDT:USDT,10.515,50.0,10.513,17.0,10.521,216.0,10.522,719.0
1753531774230,12:09:34.230,AUCTION/USDT:USDT,10.515,50.0,10.513,17.0,10.521,216.0,10.522,719.0
1753531774448,12:09:34.448,AUCTION/USDT:USDT,10.515,50.0,10.513,17.0,10.521,216.0,10.522,719.0
1753531774459,12:09:34.459,AUCTION/USDT:USDT,10.515,50.0,10.513,23.0,10.521,216.0,10.522,719.0
1753531774671,12:09:34.671,AUCTION/USDT:USDT,10.515,50.0,10.513,23.0,10.521,216.0,10.522,719.0
1753531775024,12:09:35.024,AUCTION/USDT:USDT,10.515,50.0,10.513,23.0,10.521,216.0,10.522,719.0
1753531775328,12:09:35.328,AUCTION/USDT:USDT,10.515,50.0,10.513,23.0,10.521,306.0,10.522,719.0
1753531775356,12:09:35.356,AUCTION/USDT:USDT,10.515,50.0,10.513,23.0,10.521,216.0,10.522,719.0
1753531775906,12:09:35.906,AUCTION/USDT:USDT,10.517,50.0,10.516,17.0,10.522,514.0,10.525,17.0
1753531775963,12:09:35.963,AUCTION/USDT:USDT,10.517,50.0,10.516,17.0,10.522,514.0,10.525,17.0
1753531776333,12:09:36.333,AUCTION/USDT:USDT,10.517,50.0,10.516,17.0,10.522,514.0,10.525,17.0
1753531776435,12:09:36.435,AUCTION/USDT:USDT,10.517,50.0,10.516,17.0,10.522,514.0,10.525,17.0
1753531776488,12:09:36.488,AUCTION/USDT:USDT,10.517,50.0,10.516,17.0,10.525,531.0,10.527,17.0
1753531776608,12:09:36.608,AUCTION/USDT:USDT,10.518,17.0,10.517,17.0,10.525,514.0,10.527,17.0
1753531776739,12:09:36.739,AUCTION/USDT:USDT,10.516,17.0,10.515,23.0,10.525,514.0,10.527,17.0
1753531777006,12:09:37.006,AUCTION/USDT:USDT,10.516,17.0,10.515,23.0,10.525,514.0,10.527,17.0
1753531777126,12:09:37.126,AUCTION/USDT:USDT,10.516,17.0,10.515,23.0,10.525,514.0,10.527,17.0
1753531777224,12:09:37.224,AUCTION/USDT:USDT,10.516,17.0,10.515,23.0,10.525,514.0,10.527,17.0
1753531777350,12:09:37.350,AUCTION/USDT:USDT,10.516,17.0,10.515,23.0,10.525,514.0,10.527,17.0
1753531777616,12:09:37.616,AUCTION/USDT:USDT,10.516,17.0,10.515,492.0,10.525,514.0,10.527,17.0
1753531777670,12:09:37.670,AUCTION/USDT:USDT,10.516,17.0,10.515,23.0,10.525,514.0,10.527,17.0
1753531777792,12:09:37.792,AUCTION/USDT:USDT,10.516,17.0,10.515,492.0,10.527,531.0,10.528,353.0
1753531777950,12:09:37.950,AUCTION/USDT:USDT,10.516,17.0,10.515,492.0,10.527,531.0,10.528,353.0
1753531778009,12:09:38.009,AUCTION/USDT:USDT,10.516,17.0,10.515,492.0,10.527,578.0,10.528,353.0
1753531778246,12:09:38.246,AUCTION/USDT:USDT,10.518,17.0,10.517,50.0,10.527,578.0,10.528,353.0
1753531778275,12:09:38.275,AUCTION/USDT:USDT,10.52,50.0,10.518,17.0,10.527,578.0,10.528,353.0
1753531778393,12:09:38.393,AUCTION/USDT:USDT,10.52,50.0,10.518,17.0,10.527,578.0,10.528,353.0
1753531778453,12:09:38.453,AUCTION/USDT:USDT,10.52,50.0,10.518,17.0,10.527,578.0,10.528,353.0
1753531778634,12:09:38.634,AUCTION/USDT:USDT,10.52,67.0,10.518,17.0,10.527,531.0,10.528,353.0
1753531778740,12:09:38.740,AUCTION/USDT:USDT,10.52,67.0,10.518,17.0,10.527,531.0,10.528,353.0
1753531779005,12:09:39.005,AUCTION/USDT:USDT,10.52,67.0,10.518,17.0,10.527,531.0,10.528,353.0
1753531779120,12:09:39.120,AUCTION/USDT:USDT,10.521,17.0,10.52,17.0,10.527,514.0,10.528,188.0
1753531779200,12:09:39.200,AUCTION/USDT:USDT,10.521,17.0,10.52,17.0,10.527,514.0,10.529,330.0
1753531779341,12:09:39.341,AUCTION/USDT:USDT,10.522,50.0,10.52,17.0,10.527,514.0,10.529,330.0
1753531779366,12:09:39.366,AUCTION/USDT:USDT,10.522,50.0,10.52,23.0,10.527,514.0,10.529,330.0
1753531779461,12:09:39.461,AUCTION/USDT:USDT,10.522,50.0,10.52,23.0,10.527,514.0,10.529,330.0
1753531780352,12:09:40.352,AUCTION/USDT:USDT,10.522,67.0,10.52,23.0,10.527,514.0,10.529,330.0
1753531780854,12:09:40.854,AUCTION/USDT:USDT,10.522,67.0,10.52,23.0,10.527,514.0,10.529,330.0
1753531781043,12:09:41.043,AUCTION/USDT:USDT,10.525,50.0,10.523,17.0,10.527,514.0,10.529,330.0
1753531781094,12:09:41.094,AUCTION/USDT:USDT,10.525,50.0,10.523,17.0,10.529,520.0,10.53,634.0
1753531781217,12:09:41.217,AUCTION/USDT:USDT,10.525,50.0,10.523,17.0,10.529,520.0,10.53,634.0
1753531781473,12:09:41.473,AUCTION/USDT:USDT,10.525,50.0,10.523,17.0,10.529,520.0,10.53,634.0
1753531781634,12:09:41.634,AUCTION/USDT:USDT,10.525,50.0,10.523,17.0,10.529,520.0,10.53,634.0
1753531781840,12:09:41.840,AUCTION/USDT:USDT,10.525,50.0,10.523,17.0,10.529,520.0,10.53,634.0
1753531781902,12:09:41.902,AUCTION/USDT:USDT,10.525,50.0,10.523,17.0,10.529,330.0,10.53,165.0
1753531783241,12:09:43.241,AUCTION/USDT:USDT,10.528,50.0,10.526,50.0,10.53,165.0,10.531,204.0
1753531783347,12:09:43.347,AUCTION/USDT:USDT,10.527,6.0,10.524,47.0,10.53,165.0,10.532,182.0
1753531783443,12:09:43.443,AUCTION/USDT:USDT,10.524,47.0,10.52,17.0,10.53,165.0,10.532,182.0
1753531783516,12:09:43.516,AUCTION/USDT:USDT,10.524,47.0,10.52,23.0,10.53,165.0,10.532,182.0
1753531783640,12:09:43.640,AUCTION/USDT:USDT,10.524,47.0,10.52,23.0,10.529,17.0,10.532,182.0
1753531783719,12:09:43.719,AUCTION/USDT:USDT,10.521,50.0,10.52,23.0,10.528,276.0,10.529,17.0
1753531783774,12:09:43.774,AUCTION/USDT:USDT,10.521,50.0,10.52,17.0,10.528,276.0,10.529,17.0
1753531783961,12:09:43.961,AUCTION/USDT:USDT,10.521,50.0,10.52,17.0,10.528,276.0,10.529,17.0
1753531784129,12:09:44.129,AUCTION/USDT:USDT,10.521,50.0,10.52,17.0,10.528,276.0,10.529,17.0
1753531784158,12:09:44.158,AUCTION/USDT:USDT,10.521,50.0,10.52,17.0,10.528,276.0,10.529,17.0
1753531784674,12:09:44.674,AUCTION/USDT:USDT,10.521,50.0,10.52,17.0,10.528,276.0,10.529,17.0
1753531784949,12:09:44.949,AUCTION/USDT:USDT,10.521,50.0,10.52,17.0,10.528,276.0,10.529,17.0
1753531785175,12:09:45.175,AUCTION/USDT:USDT,10.521,50.0,10.52,17.0,10.528,276.0,10.529,17.0
1753531785547,12:09:45.547,AUCTION/USDT:USDT,10.521,50.0,10.52,17.0,10.528,88.0,10.529,17.0
1753531785675,12:09:45.675,AUCTION/USDT:USDT,10.521,67.0,10.52,17.0,10.528,88.0,10.529,17.0
1753531785841,12:09:45.841,AUCTION/USDT:USDT,10.524,50.0,10.521,17.0,10.529,17.0,10.532,182.0
1753531785890,12:09:45.890,AUCTION/USDT:USDT,10.524,50.0,10.521,17.0,10.529,17.0,10.532,182.0
1753531786058,12:09:46.058,AUCTION/USDT:USDT,10.524,50.0,10.521,64.0,10.529,17.0,10.532,182.0
1753531786177,12:09:46.177,AUCTION/USDT:USDT,10.524,50.0,10.522,6.0,10.529,17.0,10.532,182.0
1753531786944,12:09:46.944,AUCTION/USDT:USDT,10.524,50.0,10.522,6.0,10.529,17.0,10.532,182.0
1753531786997,12:09:46.997,AUCTION/USDT:USDT,10.524,50.0,10.522,6.0,10.529,17.0,10.532,182.0
1753531787331,12:09:47.331,AUCTION/USDT:USDT,10.524,50.0,10.522,6.0,10.529,17.0,10.532,182.0
1753531787642,12:09:47.642,AUCTION/USDT:USDT,10.524,50.0,10.522,6.0,10.531,17.0,10.532,165.0
1753531787724,12:09:47.724,AUCTION/USDT:USDT,10.525,50.0,10.522,6.0,10.53,165.0,10.531,64.0
1753531787839,12:09:47.839,AUCTION/USDT:USDT,10.525,50.0,10.523,17.0,10.53,165.0,10.531,64.0
1753531787934,12:09:47.934,AUCTION/USDT:USDT,10.525,50.0,10.523,17.0,10.53,165.0,10.531,531.0
1753531788044,12:09:48.044,AUCTION/USDT:USDT,10.527,50.0,10.526,50.0,10.531,531.0,10.532,165.0
1753531788149,12:09:48.149,AUCTION/USDT:USDT,10.527,56.0,10.524,47.0,10.531,531.0,10.532,165.0
1753531788237,12:09:48.237,AUCTION/USDT:USDT,10.527,50.0,10.525,6.0,10.531,531.0,10.532,165.0
1753531788282,12:09:48.282,AUCTION/USDT:USDT,10.527,50.0,10.525,6.0,10.531,578.0,10.532,165.0
1753531790007,12:09:50.007,AUCTION/USDT:USDT,10.527,50.0,10.525,6.0,10.531,625.0,10.532,165.0
1753531790068,12:09:50.068,AUCTION/USDT:USDT,10.527,50.0,10.525,6.0,10.531,578.0,10.532,165.0
1753531790362,12:09:50.362,AUCTION/USDT:USDT,10.527,50.0,10.525,6.0,10.531,578.0,10.532,165.0
1753531791336,12:09:51.336,AUCTION/USDT:USDT,10.525,6.0,10.521,17.0,10.531,625.0,10.532,165.0
1753531791439,12:09:51.439,AUCTION/USDT:USDT,10.526,50.0,10.522,17.0,10.53,17.0,10.531,561.0
1753531791530,12:09:51.530,AUCTION/USDT:USDT,10.527,32.0,10.521,17.0,10.53,17.0,10.531,514.0
1753531791565,12:09:51.565,AUCTION/USDT:USDT,10.527,32.0,10.521,17.0,10.53,17.0,10.531,514.0
1753531791796,12:09:51.796,AUCTION/USDT:USDT,10.527,32.0,10.524,47.0,10.53,17.0,10.531,514.0
1753531791901,12:09:51.901,AUCTION/USDT:USDT,10.527,32.0,10.524,47.0,10.53,17.0,10.531,514.0
1753531792126,12:09:52.126,AUCTION/USDT:USDT,10.527,32.0,10.524,47.0,10.53,17.0,10.531,514.0
1753531793611,12:09:53.611,AUCTION/USDT:USDT,10.527,32.0,10.524,47.0,10.53,119.0,10.531,514.0
1753531794240,12:09:54.240,AUCTION/USDT:USDT,10.527,32.0,10.524,47.0,10.53,17.0,10.531,514.0
1753531794269,12:09:54.269,AUCTION/USDT:USDT,10.527,32.0,10.524,47.0,10.53,17.0,10.531,514.0
1753531796003,12:09:56.003,AUCTION/USDT:USDT,10.527,32.0,10.524,47.0,10.53,17.0,10.531,514.0
1753531796466,12:09:56.466,AUCTION/USDT:USDT,10.527,32.0,10.524,47.0,10.53,64.0,10.531,514.0
1753531797145,12:09:57.145,AUCTION/USDT:USDT,10.527,32.0,10.524,47.0,10.53,64.0,10.531,514.0
1753531797186,12:09:57.186,AUCTION/USDT:USDT,10.527,32.0,10.524,47.0,10.53,47.0,10.531,514.0
1753531802647,12:10:02.647,AUCTION/USDT:USDT,10.527,32.0,10.524,47.0,10.531,561.0,10.532,165.0
1753531803119,12:10:03.119,AUCTION/USDT:USDT,10.527,32.0,10.521,17.0,10.53,17.0,10.531,561.0
1753531803150,12:10:03.150,AUCTION/USDT:USDT,10.527,32.0,10.524,46.0,10.53,17.0,10.531,561.0
1753531803372,12:10:03.372,AUCTION/USDT:USDT,10.527,32.0,10.524,46.0,10.53,17.0,10.531,561.0
1753531803453,12:10:03.453,AUCTION/USDT:USDT,10.527,32.0,10.521,17.0,10.53,17.0,10.531,561.0
1753531803622,12:10:03.622,AUCTION/USDT:USDT,10.527,32.0,10.522,46.0,10.528,188.0,10.529,165.0
1753531803726,12:10:03.726,AUCTION/USDT:USDT,10.527,32.0,10.523,46.0,10.528,702.0,10.529,165.0
1753531803778,12:10:03.778,AUCTION/USDT:USDT,10.527,32.0,10.523,46.0,10.528,702.0,10.529,165.0
1753531803937,12:10:03.937,AUCTION/USDT:USDT,10.527,32.0,10.523,46.0,10.528,702.0,10.529,165.0
1753531804018,12:10:04.018,AUCTION/USDT:USDT,10.523,46.0,10.519,46.0,10.527,211.0,10.528,702.0
1753531804146,12:10:04.146,AUCTION/USDT:USDT,10.524,6.0,10.523,46.0,10.527,211.0,10.528,702.0
1753531804193,12:10:04.193,AUCTION/USDT:USDT,10.524,6.0,10.521,46.0,10.527,211.0,10.528,702.0
1753531804291,12:10:04.291,AUCTION/USDT:USDT,10.522,6.0,10.52,17.0,10.527,211.0,10.528,702.0
1753531804358,12:10:04.358,AUCTION/USDT:USDT,10.521,6.0,10.52,17.0,10.527,211.0,10.528,702.0
1753531804807,12:10:04.807,AUCTION/USDT:USDT,10.521,6.0,10.52,17.0,10.527,211.0,10.528,702.0
1753531804909,12:10:04.909,AUCTION/USDT:USDT,10.521,6.0,10.52,17.0,10.527,211.0,10.528,702.0
1753531805196,12:10:05.196,AUCTION/USDT:USDT,10.521,6.0,10.52,17.0,10.527,211.0,10.528,702.0
1753531805905,12:10:05.905,AUCTION/USDT:USDT,10.521,6.0,10.52,17.0,10.527,211.0,10.528,702.0
1753531806267,12:10:06.267,AUCTION/USDT:USDT,10.521,23.0,10.52,17.0,10.527,211.0,10.528,702.0
1753531806564,12:10:06.564,AUCTION/USDT:USDT,10.521,23.0,10.52,17.0,10.527,211.0,10.528,702.0
1753531806943,12:10:06.943,AUCTION/USDT:USDT,10.524,50.0,10.522,17.0,10.527,211.0,10.528,702.0
1753531807020,12:10:07.020,AUCTION/USDT:USDT,10.525,3.0,10.522,17.0,10.527,211.0,10.528,702.0
1753531807106,12:10:07.106,AUCTION/USDT:USDT,10.523,6.0,10.521,17.0,10.527,211.0,10.528,702.0
1753531807224,12:10:07.224,AUCTION/USDT:USDT,10.522,6.0,10.521,17.0,10.527,211.0,10.528,702.0
1753531807639,12:10:07.639,AUCTION/USDT:USDT,10.522,6.0,10.521,17.0,10.527,211.0,10.528,702.0
1753531808730,12:10:08.730,AUCTION/USDT:USDT,10.522,6.0,10.518,63.0,10.526,411.0,10.527,1580.0
1753531808835,12:10:08.835,AUCTION/USDT:USDT,10.52,67.0,10.519,23.0,10.526,411.0,10.527,1580.0
1753531808939,12:10:08.939,AUCTION/USDT:USDT,10.52,67.0,10.519,23.0,10.526,411.0,10.527,1580.0
1753531809044,12:10:09.044,AUCTION/USDT:USDT,10.521,50.0,10.52,17.0,10.526,270.0,10.527,900.0
1753531809096,12:10:09.096,AUCTION/USDT:USDT,10.521,50.0,10.52,17.0,10.526,270.0,10.527,900.0
1753531809523,12:10:09.523,AUCTION/USDT:USDT,10.521,56.0,10.52,17.0,10.526,270.0,10.527,900.0
1753531810007,12:10:10.007,AUCTION/USDT:USDT,10.521,56.0,10.52,17.0,10.526,270.0,10.527,900.0
1753531810532,12:10:10.532,AUCTION/USDT:USDT,10.521,73.0,10.52,17.0,10.526,270.0,10.527,900.0
1753531810735,12:10:10.735,AUCTION/USDT:USDT,10.525,50.0,10.522,67.0,10.527,514.0,10.529,165.0
1753531810830,12:10:10.830,AUCTION/USDT:USDT,10.526,50.0,10.522,67.0,10.528,514.0,10.529,165.0
1753531810906,12:10:10.906,AUCTION/USDT:USDT,10.526,50.0,10.522,67.0,10.528,514.0,10.529,165.0
1753531811028,12:10:11.028,AUCTION/USDT:USDT,10.522,67.0,10.519,51.0,10.528,514.0,10.529,165.0
1753531811114,12:10:11.114,AUCTION/USDT:USDT,10.525,50.0,10.523,6.0,10.528,514.0,10.529,165.0
1753531811185,12:10:11.185,AUCTION/USDT:USDT,10.526,3.0,10.522,46.0,10.528,514.0,10.529,165.0
1753531811351,12:10:11.351,AUCTION/USDT:USDT,10.523,6.0,10.521,17.0,10.528,514.0,10.529,165.0
1753531811446,12:10:11.446,AUCTION/USDT:USDT,10.522,6.0,10.521,17.0,10.528,514.0,10.529,165.0
1753531811473,12:10:11.473,AUCTION/USDT:USDT,10.522,6.0,10.521,17.0,10.528,514.0,10.529,165.0
1753531811635,12:10:11.635,AUCTION/USDT:USDT,10.524,50.0,10.522,23.0,10.528,514.0,10.529,165.0
1753531811706,12:10:11.706,AUCTION/USDT:USDT,10.525,6.0,10.522,17.0,10.528,514.0,10.529,165.0
1753531811812,12:10:11.812,AUCTION/USDT:USDT,10.523,6.0,10.522,17.0,10.528,514.0,10.529,165.0
1753531812011,12:10:12.011,AUCTION/USDT:USDT,10.523,6.0,10.522,17.0,10.528,514.0,10.529,165.0
1753531813398,12:10:13.398,AUCTION/USDT:USDT,10.523,6.0,10.522,17.0,10.528,514.0,10.529,165.0
1753531813888,12:10:13.888,AUCTION/USDT:USDT,10.523,6.0,10.522,17.0,10.528,514.0,10.529,330.0
1753531814912,12:10:14.912,AUCTION/USDT:USDT,10.523,6.0,10.521,46.0,10.528,514.0,10.529,330.0
1753531815011,12:10:15.011,AUCTION/USDT:USDT,10.522,6.0,10.519,17.0,10.528,514.0,10.529,330.0
1753531815081,12:10:15.081,AUCTION/USDT:USDT,10.52,6.0,10.519,17.0,10.528,514.0,10.529,330.0
1753531815231,12:10:15.231,AUCTION/USDT:USDT,10.521,50.0,10.52,6.0,10.528,514.0,10.529,330.0
1753531815293,12:10:15.293,AUCTION/USDT:USDT,10.524,50.0,10.522,6.0,10.528,514.0,10.529,330.0
1753531815412,12:10:15.412,AUCTION/USDT:USDT,10.525,6.0,10.522,46.0,10.528,514.0,10.529,330.0
1753531815493,12:10:15.493,AUCTION/USDT:USDT,10.523,6.0,10.519,63.0,10.528,514.0,10.529,330.0
1753531815635,12:10:15.635,AUCTION/USDT:USDT,10.524,50.0,10.52,23.0,10.528,514.0,10.529,330.0
1753531815727,12:10:15.727,AUCTION/USDT:USDT,10.525,6.0,10.52,17.0,10.528,514.0,10.529,330.0
1753531815775,12:10:15.775,AUCTION/USDT:USDT,10.521,6.0,10.52,17.0,10.528,514.0,10.529,330.0
1753531815913,12:10:15.913,AUCTION/USDT:USDT,10.524,50.0,10.521,23.0,10.528,561.0,10.529,330.0
1753531816036,12:10:16.036,AUCTION/USDT:USDT,10.525,6.0,10.522,46.0,10.528,608.0,10.529,330.0
1753531816106,12:10:16.106,AUCTION/USDT:USDT,10.523,6.0,10.521,63.0,10.527,197.0,10.528,608.0
1753531816244,12:10:16.244,AUCTION/USDT:USDT,10.524,50.0,10.522,6.0,10.527,197.0,10.528,561.0
1753531816297,12:10:16.297,AUCTION/USDT:USDT,10.525,3.0,10.521,63.0,10.527,197.0,10.528,561.0
1753531816400,12:10:16.400,AUCTION/USDT:USDT,10.524,50.0,10.522,6.0,10.527,197.0,10.528,561.0
1753531816473,12:10:16.473,AUCTION/USDT:USDT,10.525,3.0,10.521,63.0,10.527,197.0,10.528,561.0
1753531816613,12:10:16.613,AUCTION/USDT:USDT,10.524,50.0,10.522,6.0,10.527,197.0,10.528,561.0
1753531816713,12:10:16.713,AUCTION/USDT:USDT,10.525,3.0,10.521,63.0,10.527,197.0,10.528,561.0
1753531816817,12:10:16.817,AUCTION/USDT:USDT,10.524,50.0,10.522,6.0,10.527,197.0,10.528,561.0
1753531816935,12:10:16.935,AUCTION/USDT:USDT,10.525,3.0,10.521,63.0,10.527,197.0,10.528,514.0
1753531816993,12:10:16.993,AUCTION/USDT:USDT,10.524,50.0,10.522,6.0,10.527,197.0,10.528,514.0
1753531817073,12:10:17.073,AUCTION/USDT:USDT,10.525,3.0,10.521,17.0,10.527,197.0,10.528,514.0
1753531817159,12:10:17.159,AUCTION/USDT:USDT,10.522,6.0,10.518,46.0,10.527,197.0,10.528,514.0
1753531817338,12:10:17.338,AUCTION/USDT:USDT,10.52,50.0,10.519,23.0,10.527,197.0,10.528,514.0
1753531817446,12:10:17.446,AUCTION/USDT:USDT,10.523,50.0,10.521,6.0,10.527,197.0,10.528,514.0
1753531817547,12:10:17.547,AUCTION/USDT:USDT,10.524,6.0,10.521,46.0,10.527,197.0,10.528,514.0
1753531817599,12:10:17.599,AUCTION/USDT:USDT,10.522,6.0,10.519,17.0,10.527,197.0,10.528,514.0
1753531817659,12:10:17.659,AUCTION/USDT:USDT,10.52,6.0,10.519,17.0,10.527,197.0,10.528,514.0
1753531817773,12:10:17.773,AUCTION/USDT:USDT,10.52,6.0,10.519,17.0,10.527,197.0,10.528,514.0
1753531818080,12:10:18.080,AUCTION/USDT:USDT,10.52,6.0,10.519,17.0,10.527,244.0,10.528,514.0
1753531818233,12:10:18.233,AUCTION/USDT:USDT,10.525,50.0,10.524,50.0,10.527,197.0,10.528,514.0
1753531818320,12:10:18.320,AUCTION/USDT:USDT,10.521,46.0,10.519,17.0,10.528,300.0,10.529,844.0
1753531818413,12:10:18.413,AUCTION/USDT:USDT,10.524,50.0,10.522,6.0,10.528,253.0,10.529,844.0
1753531818484,12:10:18.484,AUCTION/USDT:USDT,10.525,6.0,10.522,46.0,10.528,253.0,10.529,844.0
1753531818584,12:10:18.584,AUCTION/USDT:USDT,10.523,6.0,10.521,46.0,10.528,253.0,10.529,844.0
1753531818743,12:10:18.743,AUCTION/USDT:USDT,10.522,6.0,10.519,17.0,10.528,253.0,10.529,844.0
1753531818833,12:10:18.833,AUCTION/USDT:USDT,10.524,50.0,10.52,6.0,10.528,253.0,10.529,844.0
1753531818949,12:10:18.949,AUCTION/USDT:USDT,10.525,6.0,10.522,46.0,10.528,253.0,10.529,844.0
1753531819002,12:10:19.002,AUCTION/USDT:USDT,10.523,6.0,10.521,46.0,10.528,253.0,10.529,844.0
1753531819106,12:10:19.106,AUCTION/USDT:USDT,10.522,6.0,10.519,17.0,10.528,253.0,10.529,844.0
1753531819243,12:10:19.243,AUCTION/USDT:USDT,10.524,50.0,10.52,6.0,10.528,253.0,10.529,844.0
1753531819315,12:10:19.315,AUCTION/USDT:USDT,10.525,6.0,10.522,46.0,10.528,253.0,10.529,844.0
1753531819373,12:10:19.373,AUCTION/USDT:USDT,10.523,6.0,10.521,46.0,10.528,253.0,10.529,844.0
1753531819522,12:10:19.522,AUCTION/USDT:USDT,10.522,6.0,10.519,17.0,10.528,253.0,10.529,844.0
1753531819635,12:10:19.635,AUCTION/USDT:USDT,10.524,50.0,10.523,50.0,10.528,300.0,10.529,844.0
1753531819746,12:10:19.746,AUCTION/USDT:USDT,10.525,6.0,10.522,46.0,10.528,300.0,10.529,844.0
1753531819805,12:10:19.805,AUCTION/USDT:USDT,10.523,6.0,10.521,46.0,10.528,300.0,10.529,844.0
1753531819886,12:10:19.886,AUCTION/USDT:USDT,10.522,6.0,10.518,46.0,10.528,300.0,10.529,844.0
1753531820041,12:10:20.041,AUCTION/USDT:USDT,10.523,50.0,10.522,50.0,10.528,300.0,10.529,844.0
1753531820147,12:10:20.147,AUCTION/USDT:USDT,10.524,56.0,10.521,46.0,10.528,300.0,10.529,844.0
1753531820252,12:10:20.252,AUCTION/USDT:USDT,10.524,56.0,10.521,46.0,10.528,300.0,10.529,844.0
1753531821940,12:10:21.940,AUCTION/USDT:USDT,10.524,6.0,10.521,46.0,10.528,353.0,10.529,844.0
1753531821994,12:10:21.994,AUCTION/USDT:USDT,10.522,6.0,10.519,17.0,10.528,353.0,10.529,844.0
1753531822135,12:10:22.135,AUCTION/USDT:USDT,10.524,50.0,10.52,6.0,10.528,353.0,10.529,844.0
1753531822226,12:10:22.226,AUCTION/USDT:USDT,10.525,6.0,10.522,46.0,10.528,353.0,10.529,844.0
1753531822273,12:10:22.273,AUCTION/USDT:USDT,10.523,6.0,10.521,46.0,10.528,353.0,10.529,844.0
1753531822382,12:10:22.382,AUCTION/USDT:USDT,10.522,6.0,10.519,17.0,10.528,353.0,10.529,844.0
1753531822477,12:10:22.477,AUCTION/USDT:USDT,10.52,6.0,10.519,17.0,10.528,353.0,10.529,844.0
1753531822632,12:10:22.632,AUCTION/USDT:USDT,10.52,24.0,10.519,17.0,10.528,541.0,10.529,844.0
1753531824073,12:10:24.073,AUCTION/USDT:USDT,10.52,24.0,10.519,17.0,10.528,541.0,10.529,844.0
1753531824216,12:10:24.216,AUCTION/USDT:USDT,10.52,24.0,10.519,17.0,10.528,541.0,10.529,844.0
1753531825534,12:10:25.534,AUCTION/USDT:USDT,10.523,50.0,10.522,50.0,10.528,541.0,10.529,844.0
1753531825593,12:10:25.593,AUCTION/USDT:USDT,10.52,24.0,10.519,17.0,10.528,541.0,10.529,844.0
1753531825747,12:10:25.747,AUCTION/USDT:USDT,10.522,50.0,10.521,18.0,10.528,488.0,10.529,844.0
1753531825774,12:10:25.774,AUCTION/USDT:USDT,10.521,18.0,10.52,24.0,10.528,488.0,10.529,844.0
1753531825857,12:10:25.857,AUCTION/USDT:USDT,10.521,18.0,10.52,24.0,10.528,300.0,10.529,844.0
1753531826047,12:10:26.047,AUCTION/USDT:USDT,10.524,3.0,10.521,18.0,10.528,300.0,10.529,844.0
1753531826074,12:10:26.074,AUCTION/USDT:USDT,10.523,50.0,10.522,6.0,10.528,47.0,10.529,330.0
1753531826217,12:10:26.217,AUCTION/USDT:USDT,10.524,6.0,10.521,64.0,10.528,47.0,10.529,330.0
1753531826313,12:10:26.313,AUCTION/USDT:USDT,10.524,50.0,10.522,6.0,10.528,47.0,10.529,330.0
1753531826444,12:10:26.444,AUCTION/USDT:USDT,10.525,6.0,10.522,46.0,10.528,47.0,10.529,330.0
1753531826497,12:10:26.497,AUCTION/USDT:USDT,10.523,6.0,10.521,64.0,10.528,47.0,10.529,330.0
1753531826613,12:10:26.613,AUCTION/USDT:USDT,10.524,50.0,10.522,6.0,10.528,47.0,10.529,330.0
1753531826703,12:10:26.703,AUCTION/USDT:USDT,10.525,6.0,10.522,46.0,10.528,47.0,10.529,330.0
1753531826773,12:10:26.773,AUCTION/USDT:USDT,10.523,6.0,10.521,64.0,10.528,47.0,10.529,330.0
1753531826913,12:10:26.913,AUCTION/USDT:USDT,10.524,50.0,10.522,6.0,10.528,47.0,10.529,330.0
1753531827048,12:10:27.048,AUCTION/USDT:USDT,10.525,6.0,10.522,46.0,10.528,47.0,10.529,330.0
1753531827064,12:10:27.064,AUCTION/USDT:USDT,10.523,6.0,10.521,64.0,10.528,47.0,10.529,330.0
1753531827222,12:10:27.222,AUCTION/USDT:USDT,10.524,50.0,10.522,6.0,10.528,47.0,10.529,330.0
1753531827326,12:10:27.326,AUCTION/USDT:USDT,10.525,6.0,10.522,46.0,10.528,47.0,10.529,330.0
1753531827373,12:10:27.373,AUCTION/USDT:USDT,10.523,6.0,10.521,64.0,10.528,47.0,10.529,330.0
1753531827540,12:10:27.540,AUCTION/USDT:USDT,10.524,50.0,10.523,50.0,10.528,47.0,10.529,330.0
1753531827573,12:10:27.573,AUCTION/USDT:USDT,10.525,6.0,10.521,18.0,10.528,47.0,10.529,330.0
1753531827657,12:10:27.657,AUCTION/USDT:USDT,10.522,6.0,10.521,18.0,10.528,47.0,10.529,330.0
1753531828344,12:10:28.344,AUCTION/USDT:USDT,10.522,6.0,10.519,17.0,10.528,47.0,10.529,330.0
1753531828434,12:10:28.434,AUCTION/USDT:USDT,10.52,6.0,10.519,17.0,10.528,47.0,10.529,330.0
1753531828633,12:10:28.633,AUCTION/USDT:USDT,10.524,50.0,10.521,18.0,10.528,47.0,10.529,330.0
1753531828735,12:10:28.735,AUCTION/USDT:USDT,10.525,6.0,10.521,64.0,10.528,47.0,10.529,330.0
1753531828838,12:10:28.838,AUCTION/USDT:USDT,10.524,50.0,10.522,6.0,10.528,47.0,10.529,330.0
1753531828942,12:10:28.942,AUCTION/USDT:USDT,10.525,6.0,10.522,46.0,10.528,47.0,10.529,330.0
1753531828973,12:10:28.973,AUCTION/USDT:USDT,10.523,6.0,10.521,64.0,10.528,47.0,10.529,330.0
1753531829100,12:10:29.100,AUCTION/USDT:USDT,10.522,6.0,10.521,18.0,10.528,47.0,10.529,330.0
1753531829397,12:10:29.397,AUCTION/USDT:USDT,10.522,6.0,10.521,18.0,10.528,47.0,10.529,330.0
1753531829987,12:10:29.987,AUCTION/USDT:USDT,10.522,6.0,10.521,18.0,10.528,47.0,10.529,330.0
1753531830472,12:10:30.472,AUCTION/USDT:USDT,10.522,6.0,10.519,17.0,10.528,47.0,10.529,330.0
1753531830574,12:10:30.574,AUCTION/USDT:USDT,10.52,6.0,10.519,17.0,10.528,47.0,10.529,330.0
1753531830735,12:10:30.735,AUCTION/USDT:USDT,10.522,50.0,10.521,50.0,10.528,47.0,10.529,330.0
1753531830817,12:10:30.817,AUCTION/USDT:USDT,10.524,50.0,10.523,6.0,10.528,47.0,10.529,330.0
1753531830938,12:10:30.938,AUCTION/USDT:USDT,10.525,6.0,10.521,46.0,10.528,94.0,10.529,330.0
1753531831027,12:10:31.027,AUCTION/USDT:USDT,10.522,6.0,10.52,18.0,10.528,47.0,10.529,330.0
1753531831059,12:10:31.059,AUCTION/USDT:USDT,10.521,6.0,10.52,18.0,10.528,47.0,10.529,330.0
1753531831492,12:10:31.492,AUCTION/USDT:USDT,10.521,6.0,10.52,18.0,10.528,64.0,10.529,330.0
1753531832949,12:10:32.949,AUCTION/USDT:USDT,10.521,6.0,10.52,18.0,10.528,64.0,10.529,330.0
1753531833084,12:10:33.084,AUCTION/USDT:USDT,10.521,6.0,10.52,18.0,10.528,111.0,10.529,330.0
1753531833387,12:10:33.387,AUCTION/USDT:USDT,10.521,6.0,10.52,18.0,10.528,64.0,10.529,330.0
1753531833646,12:10:33.646,AUCTION/USDT:USDT,10.523,50.0,10.522,50.0,10.527,17.0,10.528,17.0
1753531833674,12:10:33.674,AUCTION/USDT:USDT,10.524,6.0,10.52,18.0,10.527,17.0,10.528,17.0
1753531833778,12:10:33.778,AUCTION/USDT:USDT,10.521,6.0,10.52,18.0,10.528,17.0,10.529,330.0
1753531833887,12:10:33.887,AUCTION/USDT:USDT,10.521,6.0,10.52,18.0,10.528,17.0,10.529,330.0
1753531834461,12:10:34.461,AUCTION/USDT:USDT,10.521,6.0,10.52,18.0,10.528,17.0,10.529,330.0
1753531834746,12:10:34.746,AUCTION/USDT:USDT,10.521,6.0,10.52,18.0,10.528,17.0,10.529,330.0
1753531834793,12:10:34.793,AUCTION/USDT:USDT,10.521,6.0,10.52,18.0,10.528,17.0,10.529,330.0
1753531835786,12:10:35.786,AUCTION/USDT:USDT,10.521,6.0,10.52,18.0,10.528,205.0,10.529,330.0
1753531837049,12:10:37.049,AUCTION/USDT:USDT,10.522,50.0,10.521,6.0,10.527,17.0,10.528,205.0
1753531837114,12:10:37.114,AUCTION/USDT:USDT,10.523,56.0,10.519,17.0,10.527,17.0,10.528,205.0
1753531837230,12:10:37.230,AUCTION/USDT:USDT,10.523,56.0,10.519,64.0,10.527,17.0,10.528,205.0
1753531837350,12:10:37.350,AUCTION/USDT:USDT,10.523,6.0,10.519,47.0,10.526,17.0,10.527,193.0
1753531837444,12:10:37.444,AUCTION/USDT:USDT,10.52,6.0,10.516,17.0,10.525,17.0,10.526,531.0
1753531837545,12:10:37.545,AUCTION/USDT:USDT,10.517,23.0,10.516,17.0,10.525,17.0,10.526,531.0
1753531837566,12:10:37.566,AUCTION/USDT:USDT,10.517,23.0,10.516,17.0,10.525,531.0,10.526,17.0
1753531837910,12:10:37.910,AUCTION/USDT:USDT,10.517,23.0,10.516,17.0,10.525,531.0,10.526,17.0
1753531838008,12:10:38.008,AUCTION/USDT:USDT,10.517,23.0,10.516,17.0,10.525,531.0,10.526,17.0
1753531839040,12:10:39.040,AUCTION/USDT:USDT,10.517,23.0,10.516,17.0,10.525,531.0,10.526,17.0
1753531839219,12:10:39.219,AUCTION/USDT:USDT,10.517,23.0,10.516,17.0,10.524,17.0,10.525,531.0
1753531839449,12:10:39.449,AUCTION/USDT:USDT,10.517,23.0,10.516,17.0,10.524,17.0,10.525,531.0
1753531839612,12:10:39.612,AUCTION/USDT:USDT,10.517,23.0,10.516,17.0,10.524,17.0,10.525,531.0
1753531840087,12:10:40.087,AUCTION/USDT:USDT,10.517,23.0,10.516,17.0,10.524,148.0,10.525,531.0
1753531840308,12:10:40.308,AUCTION/USDT:USDT,10.517,23.0,10.516,17.0,10.524,148.0,10.525,531.0
1753531840427,12:10:40.427,AUCTION/USDT:USDT,10.517,23.0,10.516,17.0,10.524,148.0,10.525,531.0
1753531840594,12:10:40.594,AUCTION/USDT:USDT,10.517,23.0,10.516,17.0,10.524,148.0,10.525,531.0
1753531841165,12:10:41.165,AUCTION/USDT:USDT,10.517,23.0,10.516,17.0,10.524,148.0,10.525,531.0
1753531841437,12:10:41.437,AUCTION/USDT:USDT,10.517,23.0,10.516,17.0,10.524,148.0,10.525,531.0
1753531841503,12:10:41.503,AUCTION/USDT:USDT,10.517,23.0,10.516,17.0,10.524,148.0,10.525,531.0
1753531841647,12:10:41.647,AUCTION/USDT:USDT,10.517,23.0,10.516,17.0,10.524,148.0,10.525,531.0
1753531841722,12:10:41.722,AUCTION/USDT:USDT,10.517,23.0,10.516,17.0,10.524,17.0,10.525,531.0
1753531842417,12:10:42.417,AUCTION/USDT:USDT,10.517,23.0,10.516,17.0,10.524,17.0,10.525,531.0
1753531842502,12:10:42.502,AUCTION/USDT:USDT,10.519,50.0,10.518,1.0,10.524,17.0,10.525,531.0
1753531842606,12:10:42.606,AUCTION/USDT:USDT,10.52,7.0,10.517,17.0,10.525,531.0,10.526,17.0
1753531842694,12:10:42.694,AUCTION/USDT:USDT,10.52,1.0,10.517,17.0,10.525,531.0,10.526,17.0
1753531842759,12:10:42.759,AUCTION/USDT:USDT,10.52,1.0,10.518,6.0,10.525,531.0,10.526,17.0
1753531842881,12:10:42.881,AUCTION/USDT:USDT,10.52,1.0,10.518,6.0,10.525,531.0,10.526,17.0
1753531843004,12:10:43.004,AUCTION/USDT:USDT,10.518,6.0,10.517,17.0,10.525,531.0,10.526,17.0
1753531843243,12:10:43.243,AUCTION/USDT:USDT,10.518,6.0,10.517,17.0,10.524,209.0,10.525,696.0
1753531843261,12:10:43.261,AUCTION/USDT:USDT,10.518,6.0,10.517,17.0,10.524,209.0,10.525,696.0
1753531844506,12:10:44.506,AUCTION/USDT:USDT,10.519,50.0,10.518,6.0,10.525,679.0,10.526,17.0
1753531844625,12:10:44.625,AUCTION/USDT:USDT,10.52,6.0,10.517,17.0,10.524,204.0,10.525,679.0
1753531844678,12:10:44.678,AUCTION/USDT:USDT,10.519,50.0,10.518,6.0,10.524,204.0,10.525,679.0
1753531844773,12:10:44.773,AUCTION/USDT:USDT,10.52,6.0,10.517,17.0,10.524,204.0,10.525,679.0
1753531844927,12:10:44.927,AUCTION/USDT:USDT,10.52,50.0,10.518,6.0,10.524,204.0,10.525,679.0
1753531844974,12:10:44.974,AUCTION/USDT:USDT,10.521,6.0,10.517,17.0,10.524,204.0,10.525,679.0
1753531845060,12:10:45.060,AUCTION/USDT:USDT,10.518,53.0,10.517,17.0,10.524,204.0,10.525,679.0
1753531845318,12:10:45.318,AUCTION/USDT:USDT,10.518,71.0,10.517,17.0,10.524,204.0,10.525,679.0
1753531845726,12:10:45.726,AUCTION/USDT:USDT,10.518,71.0,10.517,17.0,10.524,204.0,10.525,514.0
1753531845847,12:10:45.847,AUCTION/USDT:USDT,10.521,50.0,10.52,50.0,10.524,204.0,10.525,514.0
1753531845895,12:10:45.895,AUCTION/USDT:USDT,10.522,3.0,10.519,65.0,10.524,204.0,10.525,514.0
1753531845973,12:10:45.973,AUCTION/USDT:USDT,10.52,6.0,10.519,18.0,10.524,204.0,10.525,514.0
1753531846146,12:10:46.146,AUCTION/USDT:USDT,10.52,6.0,10.519,18.0,10.524,204.0,10.525,514.0
1753531846934,12:10:46.934,AUCTION/USDT:USDT,10.523,50.0,10.521,50.0,10.524,204.0,10.525,514.0
1753531847046,12:10:47.046,AUCTION/USDT:USDT,10.523,50.0,10.522,6.0,10.527,216.0,10.528,719.0
1753531847086,12:10:47.086,AUCTION/USDT:USDT,10.524,6.0,10.521,50.0,10.527,216.0,10.528,719.0
1753531847199,12:10:47.199,AUCTION/USDT:USDT,10.522,6.0,10.519,18.0,10.527,216.0,10.528,719.0
1753531847280,12:10:47.280,AUCTION/USDT:USDT,10.521,50.0,10.52,6.0,10.527,216.0,10.528,719.0
1753531847394,12:10:47.394,AUCTION/USDT:USDT,10.523,50.0,10.522,6.0,10.527,216.0,10.528,719.0
1753531847473,12:10:47.473,AUCTION/USDT:USDT,10.524,6.0,10.519,65.0,10.527,216.0,10.528,719.0
1753531847633,12:10:47.633,AUCTION/USDT:USDT,10.523,50.0,10.52,6.0,10.527,216.0,10.528,719.0
1753531847720,12:10:47.720,AUCTION/USDT:USDT,10.524,6.0,10.521,47.0,10.527,216.0,10.528,719.0
1753531847793,12:10:47.793,AUCTION/USDT:USDT,10.522,6.0,10.519,18.0,10.527,216.0,10.528,719.0
1753531847930,12:10:47.930,AUCTION/USDT:USDT,10.523,50.0,10.52,6.0,10.527,216.0,10.528,719.0
1753531847982,12:10:47.982,AUCTION/USDT:USDT,10.524,6.0,10.521,47.0,10.527,216.0,10.528,719.0
1753531848073,12:10:48.073,AUCTION/USDT:USDT,10.522,6.0,10.519,65.0,10.527,216.0,10.528,719.0
1753531848243,12:10:48.243,AUCTION/USDT:USDT,10.523,50.0,10.52,24.0,10.527,216.0,10.528,719.0
1753531848294,12:10:48.294,AUCTION/USDT:USDT,10.524,6.0,10.521,47.0,10.527,263.0,10.528,719.0
1753531848373,12:10:48.373,AUCTION/USDT:USDT,10.522,6.0,10.52,18.0,10.527,263.0,10.528,719.0
1753531848458,12:10:48.458,AUCTION/USDT:USDT,10.521,6.0,10.52,18.0,10.527,263.0,10.528,719.0
1753531849722,12:10:49.722,AUCTION/USDT:USDT,10.521,6.0,10.52,18.0,10.527,263.0,10.528,719.0
1753531849817,12:10:49.817,AUCTION/USDT:USDT,10.521,6.0,10.52,18.0,10.527,263.0,10.528,719.0
1753531852341,12:10:52.341,AUCTION/USDT:USDT,10.523,50.0,10.522,50.0,10.527,263.0,10.528,719.0
1753531852404,12:10:52.404,AUCTION/USDT:USDT,10.524,6.0,10.521,47.0,10.527,263.0,10.528,719.0
1753531852493,12:10:52.493,AUCTION/USDT:USDT,10.522,6.0,10.52,18.0,10.527,263.0,10.528,719.0
1753531852557,12:10:52.557,AUCTION/USDT:USDT,10.521,6.0,10.52,18.0,10.527,263.0,10.528,719.0
1753531854007,12:10:54.007,AUCTION/USDT:USDT,10.521,6.0,10.519,18.0,10.527,263.0,10.528,719.0
1753531854059,12:10:54.059,AUCTION/USDT:USDT,10.52,6.0,10.519,18.0,10.527,263.0,10.528,719.0
1753531854213,12:10:54.213,AUCTION/USDT:USDT,10.523,50.0,10.52,6.0,10.527,263.0,10.528,719.0
1753531854330,12:10:54.330,AUCTION/USDT:USDT,10.524,7.0,10.521,47.0,10.527,263.0,10.528,719.0
1753531854359,12:10:54.359,AUCTION/USDT:USDT,10.524,1.0,10.522,6.0,10.527,263.0,10.528,719.0
1753531854652,12:10:54.652,AUCTION/USDT:USDT,10.524,1.0,10.522,6.0,10.527,263.0,10.528,719.0
1753531855007,12:10:55.007,AUCTION/USDT:USDT,10.524,1.0,10.522,6.0,10.527,263.0,10.528,719.0
1753531855432,12:10:55.432,AUCTION/USDT:USDT,10.524,1.0,10.522,6.0,10.527,263.0,10.528,719.0
1753531855466,12:10:55.466,AUCTION/USDT:USDT,10.524,1.0,10.522,6.0,10.527,263.0,10.528,719.0
1753531856156,12:10:56.156,AUCTION/USDT:USDT,10.524,1.0,10.522,6.0,10.527,263.0,10.528,719.0
1753531856419,12:10:56.419,AUCTION/USDT:USDT,10.524,1.0,10.522,6.0,10.527,263.0,10.528,719.0
1753531856759,12:10:56.759,AUCTION/USDT:USDT,10.524,1.0,10.522,6.0,10.527,263.0,10.528,702.0
1753531856933,12:10:56.933,AUCTION/USDT:USDT,10.525,50.0,10.524,1.0,10.527,47.0,10.528,514.0
1753531857037,12:10:57.037,AUCTION/USDT:USDT,10.526,50.0,10.522,64.0,10.529,495.0,10.53,531.0
1753531857141,12:10:57.141,AUCTION/USDT:USDT,10.527,3.0,10.522,64.0,10.529,783.0,10.53,531.0
1753531857182,12:10:57.182,AUCTION/USDT:USDT,10.523,23.0,10.522,17.0,10.528,235.0,10.529,639.0
1753531857405,12:10:57.405,AUCTION/USDT:USDT,10.523,23.0,10.522,17.0,10.528,235.0,10.529,639.0
1753531857516,12:10:57.516,AUCTION/USDT:USDT,10.523,23.0,10.522,17.0,10.528,235.0,10.529,639.0
1753531858008,12:10:58.008,AUCTION/USDT:USDT,10.523,23.0,10.522,17.0,10.528,235.0,10.529,639.0
1753531858331,12:10:58.331,AUCTION/USDT:USDT,10.523,23.0,10.522,17.0,10.528,235.0,10.529,639.0
1753531858698,12:10:58.698,AUCTION/USDT:USDT,10.523,23.0,10.519,47.0,10.528,235.0,10.529,639.0
1753531860333,12:11:00.333,AUCTION/USDT:USDT,10.523,23.0,10.519,47.0,10.528,235.0,10.529,495.0
1753531860433,12:11:00.433,AUCTION/USDT:USDT,10.525,50.0,10.523,23.0,10.529,495.0,10.53,531.0
1753531860530,12:11:00.530,AUCTION/USDT:USDT,10.526,6.0,10.523,17.0,10.529,495.0,10.53,531.0
1753531860582,12:11:00.582,AUCTION/USDT:USDT,10.524,6.0,10.523,17.0,10.529,495.0,10.53,531.0
1753531860750,12:11:00.750,AUCTION/USDT:USDT,10.524,6.0,10.523,17.0,10.529,495.0,10.53,531.0
1753531861842,12:11:01.842,AUCTION/USDT:USDT,10.524,6.0,10.523,17.0,10.529,495.0,10.53,531.0
1753531861966,12:11:01.966,AUCTION/USDT:USDT,10.524,6.0,10.523,17.0,10.529,495.0,10.53,531.0
1753531862248,12:11:02.248,AUCTION/USDT:USDT,10.525,50.0,10.524,24.0,10.528,194.0,10.529,647.0
1753531862273,12:11:02.273,AUCTION/USDT:USDT,10.526,3.0,10.523,17.0,10.528,194.0,10.529,647.0
1753531862415,12:11:02.415,AUCTION/USDT:USDT,10.524,6.0,10.523,17.0,10.528,194.0,10.529,647.0
1753531863145,12:11:03.145,AUCTION/USDT:USDT,10.527,50.0,10.524,6.0,10.528,194.0,10.529,647.0
1753531863188,12:11:03.188,AUCTION/USDT:USDT,10.524,6.0,10.523,17.0,10.529,482.0,10.53,514.0
1753531863333,12:11:03.333,AUCTION/USDT:USDT,10.524,24.0,10.523,17.0,10.529,482.0,10.53,514.0
1753531863444,12:11:03.444,AUCTION/USDT:USDT,10.524,24.0,10.521,47.0,10.529,482.0,10.53,514.0
1753531863589,12:11:03.589,AUCTION/USDT:USDT,10.524,24.0,10.521,47.0,10.529,482.0,10.53,514.0
1753531864005,12:11:04.005,AUCTION/USDT:USDT,10.524,24.0,10.521,47.0,10.529,482.0,10.53,514.0
1753531864650,12:11:04.650,AUCTION/USDT:USDT,10.528,50.0,10.525,68.0,10.532,394.0,10.533,867.0
1753531864739,12:11:04.739,AUCTION/USDT:USDT,10.529,6.0,10.525,68.0,10.532,394.0,10.533,867.0
1753531864816,12:11:04.816,AUCTION/USDT:USDT,10.528,50.0,10.526,6.0,10.532,376.0,10.533,867.0
1753531864933,12:11:04.933,AUCTION/USDT:USDT,10.529,6.0,10.525,65.0,10.532,376.0,10.533,867.0
1753531865037,12:11:05.037,AUCTION/USDT:USDT,10.528,50.0,10.526,6.0,10.532,376.0,10.533,867.0
1753531865075,12:11:05.075,AUCTION/USDT:USDT,10.529,6.0,10.525,18.0,10.532,376.0,10.533,867.0
1753531865164,12:11:05.164,AUCTION/USDT:USDT,10.526,6.0,10.525,18.0,10.532,376.0,10.533,867.0
1753531866803,12:11:06.803,AUCTION/USDT:USDT,10.526,6.0,10.525,18.0,10.532,376.0,10.533,867.0
1753531867004,12:11:07.004,AUCTION/USDT:USDT,10.526,6.0,10.525,18.0,10.532,376.0,10.533,867.0
1753531867237,12:11:07.237,AUCTION/USDT:USDT,10.526,6.0,10.525,18.0,10.532,376.0,10.533,867.0
1753531868400,12:11:08.400,AUCTION/USDT:USDT,10.527,50.0,10.526,6.0,10.531,18.0,10.532,376.0
1753531868482,12:11:08.482,AUCTION/USDT:USDT,10.528,6.0,10.524,47.0,10.532,376.0,10.533,867.0
1753531868623,12:11:08.623,AUCTION/USDT:USDT,10.525,6.0,10.523,18.0,10.532,376.0,10.533,867.0
1753531868743,12:11:08.743,AUCTION/USDT:USDT,10.528,50.0,10.524,71.0,10.532,474.0,10.533,867.0
1753531868832,12:11:08.832,AUCTION/USDT:USDT,10.529,6.0,10.525,47.0,10.532,474.0,10.533,867.0
1753531868935,12:11:08.935,AUCTION/USDT:USDT,10.526,6.0,10.524,18.0,10.532,474.0,10.533,867.0
1753531869042,12:11:09.042,AUCTION/USDT:USDT,10.525,6.0,10.524,18.0,10.532,530.0,10.533,867.0
1753531869320,12:11:09.320,AUCTION/USDT:USDT,10.525,6.0,10.524,18.0,10.532,530.0,10.533,867.0
1753531869809,12:11:09.809,AUCTION/USDT:USDT,10.525,6.0,10.524,18.0,10.532,597.0,10.533,867.0
1753531870140,12:11:10.140,AUCTION/USDT:USDT,10.525,6.0,10.524,18.0,10.532,597.0,10.533,867.0
1753531871380,12:11:11.380,AUCTION/USDT:USDT,10.525,6.0,10.524,18.0,10.532,597.0,10.533,867.0
1753531871634,12:11:11.634,AUCTION/USDT:USDT,10.527,50.0,10.526,50.0,10.532,597.0,10.533,867.0
1753531871700,12:11:11.700,AUCTION/USDT:USDT,10.528,56.0,10.525,18.0,10.532,597.0,10.533,867.0
1753531871774,12:11:11.774,AUCTION/USDT:USDT,10.528,56.0,10.525,18.0,10.532,597.0,10.533,867.0
1753531871861,12:11:11.861,AUCTION/USDT:USDT,10.528,56.0,10.525,18.0,10.532,597.0,10.533,867.0
1753531872640,12:11:12.640,AUCTION/USDT:USDT,10.528,56.0,10.525,18.0,10.532,597.0,10.533,867.0
1753531872694,12:11:12.694,AUCTION/USDT:USDT,10.528,56.0,10.525,18.0,10.532,597.0,10.533,867.0
1753531872992,12:11:12.992,AUCTION/USDT:USDT,10.528,56.0,10.525,18.0,10.532,597.0,10.533,867.0
1753531873849,12:11:13.849,AUCTION/USDT:USDT,10.528,56.0,10.525,18.0,10.531,18.0,10.532,597.0
1753531873941,12:11:13.941,AUCTION/USDT:USDT,10.528,53.0,10.524,47.0,10.531,18.0,10.532,376.0
1753531873965,12:11:13.965,AUCTION/USDT:USDT,10.528,3.0,10.524,47.0,10.531,18.0,10.532,376.0
1753531874070,12:11:14.070,AUCTION/USDT:USDT,10.525,6.0,10.522,18.0,10.531,18.0,10.532,376.0
1753531874233,12:11:14.233,AUCTION/USDT:USDT,10.523,24.0,10.519,235.0,10.531,87.0,10.532,376.0
1753531874360,12:11:14.360,AUCTION/USDT:USDT,10.524,18.0,10.523,24.0,10.531,87.0,10.532,376.0
1753531874514,12:11:14.514,AUCTION/USDT:USDT,10.526,50.0,10.525,6.0,10.531,87.0,10.532,376.0
1753531874574,12:11:14.574,AUCTION/USDT:USDT,10.527,6.0,10.524,18.0,10.531,69.0,10.532,376.0
1753531874675,12:11:14.675,AUCTION/USDT:USDT,10.525,6.0,10.524,18.0,10.531,69.0,10.532,376.0
1753531876528,12:11:16.528,AUCTION/USDT:USDT,10.525,6.0,10.524,18.0,10.531,87.0,10.532,376.0
1753531876630,12:11:16.630,AUCTION/USDT:USDT,10.525,6.0,10.522,47.0,10.53,18.0,10.532,376.0
1753531876704,12:11:16.704,AUCTION/USDT:USDT,10.523,24.0,10.521,469.0,10.53,18.0,10.532,376.0
1753531877021,12:11:17.021,AUCTION/USDT:USDT,10.523,24.0,10.521,469.0,10.53,18.0,10.532,376.0
1753531877097,12:11:17.097,AUCTION/USDT:USDT,10.523,24.0,10.521,469.0,10.53,18.0,10.532,376.0
1753531878688,12:11:18.688,AUCTION/USDT:USDT,10.523,24.0,10.521,469.0,10.53,112.0,10.532,376.0
1753531878951,12:11:18.951,AUCTION/USDT:USDT,10.527,50.0,10.524,235.0,10.53,112.0,10.532,376.0
1753531878973,12:11:18.973,AUCTION/USDT:USDT,10.528,3.0,10.524,235.0,10.53,94.0,10.532,376.0
1753531879118,12:11:19.118,AUCTION/USDT:USDT,10.525,6.0,10.524,188.0,10.53,94.0,10.532,394.0
1753531880969,12:11:20.969,AUCTION/USDT:USDT,10.525,6.0,10.524,188.0,10.53,94.0,10.532,394.0
1753531881150,12:11:21.150,AUCTION/USDT:USDT,10.525,6.0,10.524,188.0,10.53,94.0,10.532,394.0
1753531881194,12:11:21.194,AUCTION/USDT:USDT,10.525,6.0,10.524,188.0,10.53,94.0,10.532,394.0
1753531881448,12:11:21.448,AUCTION/USDT:USDT,10.525,6.0,10.524,188.0,10.53,94.0,10.532,394.0
1753531883359,12:11:23.359,AUCTION/USDT:USDT,10.525,6.0,10.524,188.0,10.53,94.0,10.532,394.0
1753531884337,12:11:24.337,AUCTION/USDT:USDT,10.527,50.0,10.525,6.0,10.532,394.0,10.533,959.0
1753531884390,12:11:24.390,AUCTION/USDT:USDT,10.528,6.0,10.524,235.0,10.532,486.0,10.533,959.0
1753531884493,12:11:24.493,AUCTION/USDT:USDT,10.525,6.0,10.524,188.0,10.532,486.0,10.533,959.0
1753531884807,12:11:24.807,AUCTION/USDT:USDT,10.525,6.0,10.524,188.0,10.532,486.0,10.533,959.0
1753531885322,12:11:25.322,AUCTION/USDT:USDT,10.525,6.0,10.524,188.0,10.532,486.0,10.533,679.0
1753531885380,12:11:25.380,AUCTION/USDT:USDT,10.525,6.0,10.524,188.0,10.532,573.0,10.533,679.0
1753531886242,12:11:26.242,AUCTION/USDT:USDT,10.528,50.0,10.525,6.0,10.531,18.0,10.532,376.0
1753531886346,12:11:26.346,AUCTION/USDT:USDT,10.529,3.0,10.524,235.0,10.531,18.0,10.532,376.0
1753531886398,12:11:26.398,AUCTION/USDT:USDT,10.525,6.0,10.524,188.0,10.531,18.0,10.532,376.0
1753531887088,12:11:27.088,AUCTION/USDT:USDT,10.525,6.0,10.524,188.0,10.531,112.0,10.532,376.0
1753531888826,12:11:28.826,AUCTION/USDT:USDT,10.525,6.0,10.524,188.0,10.531,112.0,10.532,376.0
1753531889881,12:11:29.881,AUCTION/USDT:USDT,10.525,6.0,10.523,18.0,10.531,112.0,10.532,376.0
1753531890102,12:11:30.102,AUCTION/USDT:USDT,10.525,6.0,10.523,18.0,10.531,206.0,10.532,376.0
1753531890344,12:11:30.344,AUCTION/USDT:USDT,10.524,6.0,10.523,18.0,10.531,206.0,10.532,376.0
1753531892548,12:11:32.548,AUCTION/USDT:USDT,10.527,50.0,10.526,50.0,10.53,17.0,10.531,94.0
1753531892594,12:11:32.594,AUCTION/USDT:USDT,10.528,3.0,10.524,47.0,10.53,17.0,10.531,94.0
1753531892705,12:11:32.705,AUCTION/USDT:USDT,10.525,6.0,10.521,47.0,10.53,17.0,10.531,563.0
1753531892805,12:11:32.805,AUCTION/USDT:USDT,10.522,6.0,10.52,17.0,10.53,17.0,10.531,469.0
1753531892929,12:11:32.929,AUCTION/USDT:USDT,10.521,6.0,10.52,17.0,10.529,17.0,10.53,531.0
1753531893333,12:11:33.333,AUCTION/USDT:USDT,10.522,17.0,10.521,23.0,10.529,17.0,10.53,531.0
1753531893358,12:11:33.358,AUCTION/USDT:USDT,10.523,6.0,10.522,17.0,10.529,17.0,10.53,531.0
1753531893540,12:11:33.540,AUCTION/USDT:USDT,10.523,6.0,10.522,17.0,10.529,17.0,10.53,531.0
1753531893700,12:11:33.700,AUCTION/USDT:USDT,10.523,6.0,10.522,17.0,10.529,17.0,10.53,531.0
1753531894125,12:11:34.125,AUCTION/USDT:USDT,10.523,6.0,10.522,17.0,10.529,17.0,10.53,531.0
1753531894634,12:11:34.634,AUCTION/USDT:USDT,10.523,6.0,10.521,17.0,10.529,17.0,10.53,531.0
1753531894668,12:11:34.668,AUCTION/USDT:USDT,10.522,6.0,10.521,17.0,10.529,17.0,10.53,531.0
1753531894848,12:11:34.848,AUCTION/USDT:USDT,10.526,50.0,10.522,53.0,10.529,17.0,10.53,514.0
1753531894918,12:11:34.918,AUCTION/USDT:USDT,10.527,3.0,10.522,47.0,10.53,514.0,10.531,469.0
1753531895005,12:11:35.005,AUCTION/USDT:USDT,10.523,6.0,10.521,17.0,10.53,608.0,10.531,469.0
1753531895133,12:11:35.133,AUCTION/USDT:USDT,10.526,50.0,10.522,53.0,10.53,608.0,10.531,469.0
1753531895212,12:11:35.212,AUCTION/USDT:USDT,10.527,6.0,10.522,47.0,10.53,608.0,10.531,469.0
1753531895297,12:11:35.297,AUCTION/USDT:USDT,10.523,6.0,10.521,17.0,10.53,608.0,10.531,469.0
1753531895403,12:11:35.403,AUCTION/USDT:USDT,10.522,6.0,10.521,17.0,10.53,608.0,10.531,469.0
1753531895534,12:11:35.534,AUCTION/USDT:USDT,10.524,50.0,10.523,50.0,10.53,608.0,10.531,469.0
1753531895626,12:11:35.626,AUCTION/USDT:USDT,10.526,50.0,10.525,6.0,10.53,608.0,10.531,469.0
1753531895731,12:11:35.731,AUCTION/USDT:USDT,10.527,6.0,10.522,47.0,10.53,608.0,10.531,469.0
1753531895836,12:11:35.836,AUCTION/USDT:USDT,10.523,6.0,10.521,17.0,10.53,608.0,10.531,469.0
1753531895880,12:11:35.880,AUCTION/USDT:USDT,10.523,50.0,10.522,6.0,10.53,608.0,10.531,469.0
1753531896045,12:11:36.045,AUCTION/USDT:USDT,10.526,50.0,10.524,6.0,10.53,608.0,10.531,469.0
1753531896147,12:11:36.147,AUCTION/USDT:USDT,10.527,6.0,10.524,47.0,10.53,608.0,10.531,469.0
1753531896216,12:11:36.216,AUCTION/USDT:USDT,10.525,6.0,10.521,64.0,10.53,608.0,10.531,469.0
1753531896340,12:11:36.340,AUCTION/USDT:USDT,10.526,50.0,10.523,17.0,10.53,608.0,10.531,469.0
1753531896447,12:11:36.447,AUCTION/USDT:USDT,10.527,6.0,10.523,17.0,10.53,608.0,10.532,182.0
1753531896544,12:11:36.544,AUCTION/USDT:USDT,10.524,53.0,10.523,17.0,10.53,561.0,10.532,182.0
1753531896623,12:11:36.623,AUCTION/USDT:USDT,10.524,53.0,10.523,17.0,10.53,561.0,10.532,182.0
1753531897242,12:11:37.242,AUCTION/USDT:USDT,10.524,53.0,10.523,17.0,10.53,561.0,10.532,182.0
1753531897273,12:11:37.273,AUCTION/USDT:USDT,10.524,53.0,10.523,17.0,10.53,561.0,10.532,182.0
1753531897449,12:11:37.449,AUCTION/USDT:USDT,10.524,53.0,10.523,17.0,10.53,561.0,10.532,182.0
1753531897533,12:11:37.533,AUCTION/USDT:USDT,10.526,50.0,10.524,6.0,10.53,561.0,10.532,182.0
1753531897616,12:11:37.616,AUCTION/USDT:USDT,10.527,6.0,10.524,47.0,10.53,561.0,10.532,182.0
1753531897673,12:11:37.673,AUCTION/USDT:USDT,10.525,6.0,10.523,17.0,10.53,561.0,10.532,182.0
1753531897758,12:11:37.758,AUCTION/USDT:USDT,10.524,6.0,10.523,17.0,10.53,561.0,10.532,182.0
1753531899147,12:11:39.147,AUCTION/USDT:USDT,10.524,6.0,10.522,47.0,10.529,17.0,10.53,514.0
1753531899178,12:11:39.178,AUCTION/USDT:USDT,10.523,6.0,10.52,17.0,10.529,64.0,10.53,514.0
1753531899333,12:11:39.333,AUCTION/USDT:USDT,10.524,50.0,10.521,6.0,10.528,64.0,10.529,578.0
1753531899440,12:11:39.440,AUCTION/USDT:USDT,10.525,6.0,10.522,47.0,10.528,64.0,10.529,561.0
1753531899493,12:11:39.493,AUCTION/USDT:USDT,10.523,6.0,10.521,47.0,10.528,64.0,10.529,561.0
1753531899573,12:11:39.573,AUCTION/USDT:USDT,10.522,6.0,10.52,17.0,10.528,64.0,10.529,561.0
1753531899702,12:11:39.702,AUCTION/USDT:USDT,10.521,6.0,10.52,17.0,10.528,64.0,10.529,561.0
1753531899837,12:11:39.837,AUCTION/USDT:USDT,10.522,50.0,10.521,6.0,10.528,64.0,10.529,561.0
1753531899909,12:11:39.909,AUCTION/USDT:USDT,10.524,50.0,10.523,6.0,10.528,64.0,10.529,561.0
1753531900013,12:11:40.013,AUCTION/USDT:USDT,10.525,6.0,10.521,47.0,10.528,64.0,10.529,561.0
1753531900113,12:11:40.113,AUCTION/USDT:USDT,10.524,50.0,10.522,6.0,10.528,64.0,10.529,561.0
1753531900220,12:11:40.220,AUCTION/USDT:USDT,10.525,6.0,10.522,47.0,10.528,64.0,10.529,561.0
1753531900324,12:11:40.324,AUCTION/USDT:USDT,10.523,6.0,10.52,17.0,10.528,64.0,10.529,561.0
1753531900430,12:11:40.430,AUCTION/USDT:USDT,10.524,50.0,10.521,53.0,10.528,64.0,10.529,561.0
1753531900535,12:11:40.535,AUCTION/USDT:USDT,10.525,6.0,10.522,47.0,10.528,64.0,10.529,561.0
1753531900573,12:11:40.573,AUCTION/USDT:USDT,10.523,6.0,10.521,47.0,10.528,64.0,10.529,561.0
1753531900737,12:11:40.737,AUCTION/USDT:USDT,10.522,6.0,10.52,17.0,10.528,64.0,10.529,561.0
1753531900846,12:11:40.846,AUCTION/USDT:USDT,10.524,50.0,10.521,53.0,10.528,64.0,10.529,561.0
1753531900898,12:11:40.898,AUCTION/USDT:USDT,10.525,6.0,10.522,47.0,10.528,64.0,10.529,561.0
1753531901003,12:11:41.003,AUCTION/USDT:USDT,10.523,6.0,10.52,17.0,10.528,64.0,10.529,514.0
1753531901141,12:11:41.141,AUCTION/USDT:USDT,10.524,50.0,10.521,23.0,10.528,64.0,10.529,514.0
1753531901227,12:11:41.227,AUCTION/USDT:USDT,10.525,56.0,10.521,17.0,10.528,64.0,10.529,514.0
1753531901262,12:11:41.262,AUCTION/USDT:USDT,10.525,53.0,10.521,64.0,10.528,64.0,10.529,514.0
1753531901367,12:11:41.367,AUCTION/USDT:USDT,10.525,53.0,10.521,64.0,10.528,64.0,10.529,514.0
1753531901566,12:11:41.566,AUCTION/USDT:USDT,10.525,53.0,10.521,64.0,10.528,64.0,10.529,514.0
1753531902003,12:11:42.003,AUCTION/USDT:USDT,10.525,53.0,10.521,64.0,10.528,64.0,10.529,514.0
1753531903131,12:11:43.131,AUCTION/USDT:USDT,10.525,3.0,10.521,64.0,10.528,64.0,10.529,514.0
1753531903243,12:11:43.243,AUCTION/USDT:USDT,10.523,50.0,10.522,6.0,10.528,64.0,10.529,514.0
1753531903349,12:11:43.349,AUCTION/USDT:USDT,10.524,6.0,10.521,65.0,10.528,64.0,10.529,514.0
1753531903405,12:11:43.405,AUCTION/USDT:USDT,10.523,50.0,10.522,6.0,10.528,64.0,10.529,514.0
1753531903504,12:11:43.504,AUCTION/USDT:USDT,10.524,6.0,10.521,65.0,10.528,64.0,10.529,514.0
1753531903609,12:11:43.609,AUCTION/USDT:USDT,10.523,50.0,10.522,7.0,10.528,64.0,10.529,514.0
1753531903717,12:11:43.717,AUCTION/USDT:USDT,10.524,6.0,10.521,65.0,10.528,64.0,10.529,514.0
1753531903823,12:11:43.823,AUCTION/USDT:USDT,10.524,50.0,10.522,6.0,10.528,111.0,10.529,514.0
1753531904005,12:11:44.005,AUCTION/USDT:USDT,10.524,50.0,10.522,6.0,10.528,111.0,10.529,514.0
1753531904235,12:11:44.235,AUCTION/USDT:USDT,10.523,50.0,10.522,6.0,10.528,64.0,10.529,514.0
1753531904337,12:11:44.337,AUCTION/USDT:USDT,10.524,6.0,10.521,65.0,10.528,64.0,10.529,514.0
1753531904439,12:11:44.439,AUCTION/USDT:USDT,10.523,50.0,10.522,6.0,10.528,64.0,10.529,514.0
1753531904493,12:11:44.493,AUCTION/USDT:USDT,10.524,6.0,10.521,65.0,10.528,64.0,10.529,514.0
1753531904613,12:11:44.613,AUCTION/USDT:USDT,10.524,50.0,10.522,6.0,10.528,64.0,10.529,514.0
1753531904704,12:11:44.704,AUCTION/USDT:USDT,10.525,6.0,10.522,47.0,10.528,64.0,10.529,514.0
1753531904773,12:11:44.773,AUCTION/USDT:USDT,10.523,6.0,10.521,65.0,10.528,64.0,10.529,514.0
1753531904913,12:11:44.913,AUCTION/USDT:USDT,10.524,50.0,10.522,6.0,10.528,64.0,10.529,514.0
1753531905016,12:11:45.016,AUCTION/USDT:USDT,10.525,7.0,10.522,47.0,10.528,111.0,10.529,514.0
1753531905120,12:11:45.120,AUCTION/USDT:USDT,10.525,1.0,10.523,6.0,10.528,111.0,10.529,514.0
1753531906347,12:11:46.347,AUCTION/USDT:USDT,10.525,1.0,10.523,6.0,10.528,94.0,10.529,514.0
1753531906667,12:11:46.667,AUCTION/USDT:USDT,10.525,1.0,10.523,6.0,10.529,514.0,10.53,18.0
1753531907200,12:11:47.200,AUCTION/USDT:USDT,10.525,1.0,10.523,6.0,10.53,579.0,10.531,469.0
1753531907344,12:11:47.344,AUCTION/USDT:USDT,10.523,6.0,10.518,47.0,10.526,469.0,10.527,188.0
1753531907428,12:11:47.428,AUCTION/USDT:USDT,10.52,68.0,10.519,24.0,10.526,469.0,10.527,188.0
1753531907523,12:11:47.523,AUCTION/USDT:USDT,10.521,6.0,10.52,18.0,10.527,188.0,10.528,514.0
1753531907693,12:11:47.693,AUCTION/USDT:USDT,10.521,6.0,10.52,18.0,10.527,188.0,10.528,514.0
1753531907854,12:11:47.854,AUCTION/USDT:USDT,10.521,6.0,10.52,18.0,10.527,188.0,10.528,514.0
1753531908005,12:11:48.005,AUCTION/USDT:USDT,10.521,6.0,10.52,18.0,10.527,188.0,10.528,514.0
1753531908558,12:11:48.558,AUCTION/USDT:USDT,10.521,6.0,10.52,18.0,10.527,235.0,10.528,514.0
1753531908918,12:11:48.918,AUCTION/USDT:USDT,10.521,6.0,10.52,18.0,10.527,235.0,10.528,514.0
1753531909426,12:11:49.426,AUCTION/USDT:USDT,10.521,6.0,10.52,18.0,10.527,329.0,10.528,514.0
1753531909615,12:11:49.615,AUCTION/USDT:USDT,10.521,6.0,10.519,18.0,10.527,329.0,10.528,514.0
1753531909657,12:11:49.657,AUCTION/USDT:USDT,10.52,6.0,10.519,18.0,10.527,329.0,10.528,514.0
1753531909823,12:11:49.823,AUCTION/USDT:USDT,10.52,6.0,10.519,18.0,10.527,329.0,10.528,514.0
1753531910134,12:11:50.134,AUCTION/USDT:USDT,10.52,6.0,10.519,18.0,10.527,329.0,10.528,514.0
1753531910213,12:11:50.213,AUCTION/USDT:USDT,10.52,6.0,10.519,18.0,10.527,377.0,10.528,514.0
1753531910378,12:11:50.378,AUCTION/USDT:USDT,10.52,6.0,10.519,18.0,10.527,329.0,10.528,514.0
1753531910527,12:11:50.527,AUCTION/USDT:USDT,10.52,6.0,10.519,18.0,10.527,329.0,10.528,514.0
1753531910700,12:11:50.700,AUCTION/USDT:USDT,10.521,50.0,10.52,24.0,10.527,425.0,10.528,514.0
1753531910773,12:11:50.773,AUCTION/USDT:USDT,10.522,6.0,10.52,18.0,10.527,425.0,10.528,514.0
1753531910878,12:11:50.878,AUCTION/USDT:USDT,10.521,6.0,10.52,18.0,10.527,425.0,10.528,514.0
1753531910951,12:11:50.951,AUCTION/USDT:USDT,10.521,6.0,10.52,18.0,10.527,425.0,10.528,514.0
1753531911196,12:11:51.196,AUCTION/USDT:USDT,10.521,6.0,10.52,18.0,10.527,425.0,10.528,514.0
1753531911579,12:11:51.579,AUCTION/USDT:USDT,10.521,6.0,10.52,18.0,10.527,425.0,10.528,514.0
1753531911743,12:11:51.743,AUCTION/USDT:USDT,10.521,6.0,10.519,18.0,10.527,425.0,10.528,514.0
1753531911790,12:11:51.790,AUCTION/USDT:USDT,10.52,6.0,10.519,18.0,10.527,425.0,10.528,514.0
1753531911899,12:11:51.899,AUCTION/USDT:USDT,10.521,50.0,10.52,23.0,10.527,425.0,10.528,514.0
1753531911973,12:11:51.973,AUCTION/USDT:USDT,10.522,6.0,10.52,17.0,10.527,425.0,10.528,514.0
1753531912058,12:11:52.058,AUCTION/USDT:USDT,10.521,6.0,10.52,17.0,10.527,425.0,10.528,514.0
1753531912994,12:11:52.994,AUCTION/USDT:USDT,10.521,6.0,10.52,17.0,10.526,282.0,10.527,939.0
1753531913094,12:11:53.094,AUCTION/USDT:USDT,10.521,6.0,10.52,17.0,10.526,282.0,10.527,798.0
1753531913430,12:11:53.430,AUCTION/USDT:USDT,10.521,6.0,10.52,17.0,10.526,330.0,10.527,798.0
1753531913735,12:11:53.735,AUCTION/USDT:USDT,10.521,6.0,10.52,17.0,10.526,403.0,10.527,702.0
1753531913877,12:11:53.877,AUCTION/USDT:USDT,10.521,6.0,10.519,18.0,10.526,403.0,10.527,702.0
1753531914034,12:11:54.034,AUCTION/USDT:USDT,10.521,50.0,10.52,23.0,10.526,403.0,10.527,702.0
1753531914149,12:11:54.149,AUCTION/USDT:USDT,10.522,6.0,10.52,17.0,10.526,451.0,10.527,702.0
1753531914209,12:11:54.209,AUCTION/USDT:USDT,10.521,6.0,10.52,17.0,10.526,211.0,10.527,702.0
1753531914337,12:11:54.337,AUCTION/USDT:USDT,10.523,50.0,10.521,6.0,10.526,211.0,10.527,702.0
1753531914404,12:11:54.404,AUCTION/USDT:USDT,10.524,3.0,10.52,17.0,10.526,211.0,10.527,702.0
1753531914508,12:11:54.508,AUCTION/USDT:USDT,10.523,50.0,10.521,6.0,10.526,211.0,10.527,702.0
1753531914614,12:11:54.614,AUCTION/USDT:USDT,10.524,3.0,10.52,17.0,10.526,259.0,10.527,702.0
1753531914678,12:11:54.678,AUCTION/USDT:USDT,10.521,23.0,10.52,17.0,10.526,259.0,10.527,702.0
1753531914872,12:11:54.872,AUCTION/USDT:USDT,10.521,23.0,10.52,17.0,10.526,211.0,10.527,702.0
1753531915089,12:11:55.089,AUCTION/USDT:USDT,10.521,23.0,10.52,17.0,10.526,211.0,10.527,702.0
1753531915948,12:11:55.948,AUCTION/USDT:USDT,10.522,17.0,10.521,23.0,10.527,702.0,10.529,18.0
1753531916040,12:11:56.040,AUCTION/USDT:USDT,10.525,50.0,10.523,6.0,10.527,702.0,10.529,18.0
1753531916074,12:11:56.074,AUCTION/USDT:USDT,10.525,50.0,10.522,17.0,10.527,702.0,10.529,18.0
1753531916311,12:11:56.311,AUCTION/USDT:USDT,10.525,50.0,10.522,17.0,10.527,514.0,10.529,18.0
1753531916730,12:11:56.730,AUCTION/USDT:USDT,10.525,50.0,10.522,17.0,10.527,514.0,10.529,18.0
1753531917006,12:11:57.006,AUCTION/USDT:USDT,10.525,50.0,10.522,17.0,10.527,514.0,10.529,18.0
1753531917468,12:11:57.468,AUCTION/USDT:USDT,10.525,50.0,10.522,17.0,10.527,514.0,10.529,18.0
1753531917641,12:11:57.641,AUCTION/USDT:USDT,10.517,34.0,10.516,17.0,10.527,514.0,10.529,18.0
1753531917738,12:11:57.738,AUCTION/USDT:USDT,10.523,50.0,10.522,67.0,10.528,188.0,10.529,257.0
1753531917842,12:11:57.842,AUCTION/USDT:USDT,10.524,56.0,10.522,17.0,10.528,188.0,10.529,257.0
1753531917946,12:11:57.946,AUCTION/USDT:USDT,10.524,56.0,10.522,17.0,10.528,188.0,10.529,257.0
1753531918003,12:11:58.003,AUCTION/USDT:USDT,10.524,56.0,10.522,17.0,10.528,188.0,10.529,257.0
1753531918746,12:11:58.746,AUCTION/USDT:USDT,10.524,56.0,10.522,17.0,10.528,188.0,10.529,257.0
1753531918903,12:11:58.903,AUCTION/USDT:USDT,10.524,56.0,10.522,17.0,10.528,235.0,10.529,257.0
1753531919053,12:11:59.053,AUCTION/USDT:USDT,10.524,56.0,10.522,17.0,10.528,235.0,10.529,239.0
1753531919441,12:11:59.441,AUCTION/USDT:USDT,10.524,56.0,10.522,17.0,10.528,188.0,10.529,239.0
1753531920434,12:12:00.434,AUCTION/USDT:USDT,10.524,56.0,10.522,17.0,10.529,239.0,10.53,798.0
1753531920476,12:12:00.476,AUCTION/USDT:USDT,10.524,56.0,10.522,17.0,10.529,239.0,10.53,798.0
1753531920942,12:12:00.942,AUCTION/USDT:USDT,10.524,73.0,10.522,17.0,10.529,239.0,10.53,798.0
1753531921993,12:12:01.993,AUCTION/USDT:USDT,10.525,18.0,10.524,6.0,10.529,239.0,10.53,798.0
1753531922115,12:12:02.115,AUCTION/USDT:USDT,10.526,6.0,10.525,18.0,10.529,239.0,10.53,798.0
1753531922221,12:12:02.221,AUCTION/USDT:USDT,10.526,6.0,10.525,18.0,10.529,239.0,10.53,798.0
1753531922263,12:12:02.263,AUCTION/USDT:USDT,10.526,6.0,10.525,18.0,10.529,239.0,10.53,798.0
1753531922434,12:12:02.434,AUCTION/USDT:USDT,10.526,6.0,10.525,18.0,10.529,239.0,10.53,798.0
1753531923698,12:12:03.698,AUCTION/USDT:USDT,10.526,6.0,10.522,64.0,10.529,239.0,10.53,798.0
1753531923837,12:12:03.837,AUCTION/USDT:USDT,10.524,50.0,10.523,6.0,10.529,239.0,10.53,798.0
1753531923940,12:12:03.940,AUCTION/USDT:USDT,10.525,6.0,10.522,17.0,10.529,239.0,10.53,798.0
1753531923992,12:12:03.992,AUCTION/USDT:USDT,10.523,6.0,10.522,17.0,10.529,239.0,10.53,798.0
1753531924520,12:12:04.520,AUCTION/USDT:USDT,10.523,6.0,10.522,17.0,10.529,286.0,10.53,798.0
1753531924688,12:12:04.688,AUCTION/USDT:USDT,10.523,6.0,10.522,17.0,10.529,286.0,10.53,963.0
1753531926636,12:12:06.636,AUCTION/USDT:USDT,10.524,50.0,10.523,6.0,10.529,286.0,10.53,963.0
1753531926718,12:12:06.718,AUCTION/USDT:USDT,10.526,50.0,10.525,6.0,10.529,286.0,10.53,963.0
1753531926806,12:12:06.806,AUCTION/USDT:USDT,10.527,3.0,10.524,18.0,10.529,286.0,10.53,963.0
1753531926857,12:12:06.857,AUCTION/USDT:USDT,10.525,6.0,10.524,18.0,10.529,286.0,10.53,963.0
1753531927241,12:12:07.241,AUCTION/USDT:USDT,10.525,6.0,10.524,18.0,10.529,286.0,10.53,963.0
1753531928013,12:12:08.013,AUCTION/USDT:USDT,10.525,6.0,10.524,18.0,10.529,286.0,10.53,1153.0
1753531930239,12:12:10.239,AUCTION/USDT:USDT,10.525,6.0,10.522,47.0,10.528,18.0,10.529,286.0
1753531930332,12:12:10.332,AUCTION/USDT:USDT,10.518,18.0,10.517,34.0,10.527,18.0,10.528,206.0
1753531930447,12:12:10.447,AUCTION/USDT:USDT,10.518,47.0,10.516,17.0,10.526,21.0,10.527,532.0
1753531930521,12:12:10.521,AUCTION/USDT:USDT,10.519,1.0,10.516,17.0,10.525,18.0,10.526,21.0
1753531930616,12:12:10.616,AUCTION/USDT:USDT,10.517,1.0,10.516,17.0,10.524,3.0,10.525,18.0
1753531930698,12:12:10.698,AUCTION/USDT:USDT,10.523,3.0,10.517,1.0,10.524,3.0,10.525,18.0
1753531930774,12:12:10.774,AUCTION/USDT:USDT,10.518,18.0,10.517,2.0,10.524,3.0,10.525,18.0
1753531930874,12:12:10.874,AUCTION/USDT:USDT,10.519,2.0,10.518,18.0,10.524,3.0,10.525,18.0
1753531931026,12:12:11.026,AUCTION/USDT:USDT,10.519,2.0,10.516,17.0,10.524,3.0,10.526,18.0
1753531931074,12:12:11.074,AUCTION/USDT:USDT,10.518,18.0,10.517,2.0,10.525,3.0,10.526,18.0
1753531931249,12:12:11.249,AUCTION/USDT:USDT,10.522,50.0,10.519,2.0,10.525,3.0,10.526,18.0
1753531931290,12:12:11.290,AUCTION/USDT:USDT,10.523,1.0,10.518,65.0,10.525,3.0,10.526,18.0
1753531931434,12:12:11.434,AUCTION/USDT:USDT,10.522,50.0,10.519,20.0,10.525,3.0,10.526,21.0
1753531931498,12:12:11.498,AUCTION/USDT:USDT,10.523,1.0,10.519,65.0,10.525,3.0,10.526,21.0
1753531931574,12:12:11.574,AUCTION/USDT:USDT,10.521,50.0,10.52,2.0,10.525,3.0,10.526,21.0
1753531931673,12:12:11.673,AUCTION/USDT:USDT,10.522,2.0,10.519,18.0,10.525,3.0,10.526,21.0
1753531931821,12:12:11.821,AUCTION/USDT:USDT,10.52,2.0,10.519,18.0,10.525,3.0,10.526,21.0
1753531931867,12:12:11.867,AUCTION/USDT:USDT,10.52,2.0,10.519,18.0,10.525,3.0,10.526,21.0
1753531932240,12:12:12.240,AUCTION/USDT:USDT,10.52,2.0,10.519,18.0,10.525,3.0,10.526,21.0
1753531932697,12:12:12.697,AUCTION/USDT:USDT,10.522,50.0,10.52,2.0,10.525,3.0,10.526,21.0
1753531932804,12:12:12.804,AUCTION/USDT:USDT,10.523,1.0,10.519,65.0,10.525,3.0,10.526,21.0
1753531932893,12:12:12.893,AUCTION/USDT:USDT,10.52,2.0,10.519,18.0,10.525,3.0,10.526,21.0
1753531933152,12:12:13.152,AUCTION/USDT:USDT,10.52,2.0,10.518,18.0,10.525,3.0,10.526,21.0
1753531933333,12:12:13.333,AUCTION/USDT:USDT,10.522,50.0,10.521,50.0,10.525,20.0,10.526,21.0
1753531933446,12:12:13.446,AUCTION/USDT:USDT,10.523,1.0,10.518,65.0,10.524,17.0,10.525,20.0
1753531933490,12:12:13.490,AUCTION/USDT:USDT,10.519,2.0,10.518,18.0,10.524,17.0,10.525,20.0
1753531933575,12:12:13.575,AUCTION/USDT:USDT,10.519,2.0,10.518,18.0,10.523,6.0,10.524,17.0
1753531933889,12:12:13.889,AUCTION/USDT:USDT,10.519,2.0,10.518,18.0,10.523,6.0,10.524,17.0
1753531934006,12:12:14.006,AUCTION/USDT:USDT,10.519,2.0,10.518,18.0,10.523,6.0,10.524,17.0
1753531934312,12:12:14.312,AUCTION/USDT:USDT,10.519,2.0,10.518,18.0,10.523,6.0,10.524,17.0
1753531934467,12:12:14.467,AUCTION/USDT:USDT,10.519,2.0,10.518,18.0,10.523,6.0,10.524,17.0
1753531934693,12:12:14.693,AUCTION/USDT:USDT,10.519,2.0,10.518,18.0,10.523,6.0,10.524,17.0
1753531935003,12:12:15.003,AUCTION/USDT:USDT,10.519,2.0,10.518,18.0,10.523,6.0,10.524,17.0
1753531935060,12:12:15.060,AUCTION/USDT:USDT,10.519,2.0,10.518,18.0,10.523,6.0,10.524,17.0
1753531935162,12:12:15.162,AUCTION/USDT:USDT,10.519,2.0,10.518,18.0,10.523,6.0,10.524,17.0
1753531935333,12:12:15.333,AUCTION/USDT:USDT,10.521,50.0,10.519,2.0,10.523,6.0,10.525,17.0
1753531935447,12:12:15.447,AUCTION/USDT:USDT,10.521,50.0,10.518,65.0,10.524,6.0,10.526,18.0
1753531935538,12:12:15.538,AUCTION/USDT:USDT,10.522,1.0,10.518,65.0,10.525,6.0,10.526,18.0
1753531935615,12:12:15.615,AUCTION/USDT:USDT,10.519,19.0,10.518,18.0,10.525,6.0,10.526,18.0
1753531935723,12:12:15.723,AUCTION/USDT:USDT,10.519,19.0,10.518,18.0,10.525,6.0,10.526,18.0
1753531935877,12:12:15.877,AUCTION/USDT:USDT,10.519,19.0,10.518,18.0,10.525,6.0,10.526,18.0
1753531936038,12:12:16.038,AUCTION/USDT:USDT,10.52,50.0,10.519,19.0,10.525,6.0,10.526,18.0
1753531936152,12:12:16.152,AUCTION/USDT:USDT,10.522,50.0,10.521,1.0,10.525,6.0,10.526,18.0
1753531936173,12:12:16.173,AUCTION/USDT:USDT,10.523,1.0,10.519,17.0,10.525,6.0,10.526,18.0
1753531936258,12:12:16.258,AUCTION/USDT:USDT,10.52,2.0,10.519,17.0,10.525,6.0,10.526,18.0
1753531936410,12:12:16.410,AUCTION/USDT:USDT,10.52,2.0,10.519,17.0,10.525,6.0,10.526,18.0
1753531936792,12:12:16.792,AUCTION/USDT:USDT,10.52,2.0,10.519,17.0,10.525,6.0,10.526,18.0
1753531937434,12:12:17.434,AUCTION/USDT:USDT,10.52,2.0,10.518,18.0,10.525,6.0,10.526,18.0
1753531937458,12:12:17.458,AUCTION/USDT:USDT,10.519,2.0,10.518,18.0,10.525,6.0,10.526,18.0
1753531937581,12:12:17.581,AUCTION/USDT:USDT,10.519,2.0,10.518,18.0,10.525,6.0,10.526,18.0
