timestamp,time,symbol,bid1_price,bid1_volume,bid2_price,bid2_volume,ask1_price,ask1_volume,ask2_price,ask2_volume
1753531546000,12:05:46.000,AERGO/USDT:USDT,0.13298,1.0,0.13289,1.0,0.13301,173.0,0.13302,15.0
1753531546646,12:05:46.646,AERGO/USDT:USDT,0.13298,1.0,0.13289,1.0,0.13301,173.0,0.13302,15.0
1753531546882,12:05:46.882,AERGO/USDT:USDT,0.13298,1.0,0.13289,1.0,0.13301,173.0,0.13302,15.0
1753531547060,12:05:47.060,AERGO/USDT:USDT,0.13298,1.0,0.13289,1.0,0.13301,173.0,0.13302,15.0
1753531547275,12:05:47.275,AERGO/USDT:USDT,0.13298,1.0,0.13289,1.0,0.13301,173.0,0.13302,15.0
1753531547475,12:05:47.475,AERGO/USDT:USDT,0.13298,1.0,0.13289,1.0,0.13301,173.0,0.13302,15.0
1753531548814,12:05:48.814,AERGO/USDT:USDT,0.13298,1.0,0.13289,1.0,0.13301,173.0,0.13302,15.0
1753531548867,12:05:48.867,AERGO/USDT:USDT,0.13298,1.0,0.13289,1.0,0.13301,173.0,0.13302,15.0
1753531549100,12:05:49.100,AERGO/USDT:USDT,0.13298,1.0,0.13289,1.0,0.13301,173.0,0.13302,15.0
1753531549189,12:05:49.189,AERGO/USDT:USDT,0.13298,1.0,0.13289,1.0,0.13301,173.0,0.13302,15.0
1753531551870,12:05:51.870,AERGO/USDT:USDT,0.13298,1.0,0.13289,1.0,0.13301,173.0,0.13302,15.0
1753531552322,12:05:52.322,AERGO/USDT:USDT,0.13298,1.0,0.13289,1.0,0.13301,173.0,0.13302,15.0
1753531553475,12:05:53.475,AERGO/USDT:USDT,0.13298,1.0,0.13289,1.0,0.13301,173.0,0.13302,15.0
1753531553531,12:05:53.531,AERGO/USDT:USDT,0.13298,1.0,0.13289,1.0,0.13301,173.0,0.13302,15.0
1753531554120,12:05:54.120,AERGO/USDT:USDT,0.13298,1.0,0.13289,1.0,0.13301,173.0,0.13302,15.0
1753531554131,12:05:54.131,AERGO/USDT:USDT,0.13298,1.0,0.13289,1.0,0.13301,173.0,0.13302,15.0
1753531554866,12:05:54.866,AERGO/USDT:USDT,0.13298,1.0,0.13289,1.0,0.13301,173.0,0.13302,15.0
1753531556722,12:05:56.722,AERGO/USDT:USDT,0.13298,1.0,0.13289,1.0,0.13301,173.0,0.13302,15.0
1753531556779,12:05:56.779,AERGO/USDT:USDT,0.13298,1.0,0.13289,1.0,0.13301,173.0,0.13302,15.0
1753531557866,12:05:57.866,AERGO/USDT:USDT,0.13298,1.0,0.13289,1.0,0.13301,173.0,0.13307,15.0
1753531557969,12:05:57.969,AERGO/USDT:USDT,0.13298,1.0,0.13289,1.0,0.13301,173.0,0.13307,15.0
1753531558383,12:05:58.383,AERGO/USDT:USDT,0.13298,1.0,0.13289,1.0,0.13301,173.0,0.13307,15.0
1753531559313,12:05:59.313,AERGO/USDT:USDT,0.13298,1.0,0.13289,1.0,0.13301,173.0,0.13304,15.0
1753531560311,12:06:00.311,AERGO/USDT:USDT,0.13298,1.0,0.13289,1.0,0.13301,173.0,0.13302,37.0
1753531560415,12:06:00.415,AERGO/USDT:USDT,0.13298,1.0,0.13289,1.0,0.13301,173.0,0.13302,37.0
1753531560830,12:06:00.830,AERGO/USDT:USDT,0.13298,1.0,0.13289,1.0,0.13301,173.0,0.13302,37.0
1753531561003,12:06:01.003,AERGO/USDT:USDT,0.13298,1.0,0.13289,1.0,0.13301,173.0,0.13302,37.0
1753531561512,12:06:01.512,AERGO/USDT:USDT,0.13298,1.0,0.13289,1.0,0.13301,173.0,0.13302,37.0
1753531562092,12:06:02.092,AERGO/USDT:USDT,0.13298,1.0,0.13289,1.0,0.13301,173.0,0.13302,37.0
1753531562311,12:06:02.311,AERGO/USDT:USDT,0.13298,1.0,0.13289,1.0,0.13301,173.0,0.13302,37.0
1753531562332,12:06:02.332,AERGO/USDT:USDT,0.13298,1.0,0.13289,1.0,0.13301,173.0,0.13302,37.0
1753531563873,12:06:03.873,AERGO/USDT:USDT,0.13298,1.0,0.13289,1.0,0.13301,173.0,0.13302,37.0
1753531564003,12:06:04.003,AERGO/USDT:USDT,0.13298,1.0,0.13289,1.0,0.13301,173.0,0.13302,37.0
1753531564082,12:06:04.082,AERGO/USDT:USDT,0.13298,1.0,0.13289,1.0,0.13301,173.0,0.13302,37.0
1753531564560,12:06:04.560,AERGO/USDT:USDT,0.13298,1.0,0.13289,1.0,0.13301,173.0,0.13302,37.0
1753531564915,12:06:04.915,AERGO/USDT:USDT,0.13298,1.0,0.13289,1.0,0.13301,173.0,0.13302,37.0
1753531568202,12:06:08.202,AERGO/USDT:USDT,0.13298,1.0,0.13289,1.0,0.13301,173.0,0.13302,37.0
1753531568291,12:06:08.291,AERGO/USDT:USDT,0.13298,1.0,0.13289,1.0,0.13301,173.0,0.13302,37.0
1753531568551,12:06:08.551,AERGO/USDT:USDT,0.13298,1.0,0.13289,1.0,0.13301,173.0,0.13302,37.0
1753531569472,12:06:09.472,AERGO/USDT:USDT,0.13298,1.0,0.13289,1.0,0.13301,173.0,0.13302,37.0
1753531569720,12:06:09.720,AERGO/USDT:USDT,0.13298,1.0,0.13289,1.0,0.13301,173.0,0.13302,37.0
1753531569865,12:06:09.865,AERGO/USDT:USDT,0.13298,1.0,0.13289,1.0,0.13301,173.0,0.13302,37.0
1753531570499,12:06:10.499,AERGO/USDT:USDT,0.13298,1.0,0.13289,1.0,0.13301,173.0,0.13302,37.0
1753531571417,12:06:11.417,AERGO/USDT:USDT,0.13298,1.0,0.13289,1.0,0.13301,173.0,0.13302,37.0
1753531571471,12:06:11.471,AERGO/USDT:USDT,0.13298,1.0,0.13289,1.0,0.13301,173.0,0.13302,37.0
1753531573027,12:06:13.027,AERGO/USDT:USDT,0.13298,1.0,0.13289,1.0,0.13301,173.0,0.13302,37.0
1753531575272,12:06:15.272,AERGO/USDT:USDT,0.13298,1.0,0.13289,1.0,0.13301,173.0,0.13302,37.0
1753531575866,12:06:15.866,AERGO/USDT:USDT,0.13298,1.0,0.13289,1.0,0.13301,173.0,0.13302,37.0
1753531580285,12:06:20.285,AERGO/USDT:USDT,0.13298,1.0,0.13289,1.0,0.13301,173.0,0.13302,37.0
1753531580609,12:06:20.609,AERGO/USDT:USDT,0.13298,1.0,0.13289,1.0,0.13301,173.0,0.13302,37.0
1753531580632,12:06:20.632,AERGO/USDT:USDT,0.13298,1.0,0.13289,1.0,0.13301,173.0,0.13302,37.0
1753531581804,12:06:21.804,AERGO/USDT:USDT,0.13298,1.0,0.13289,1.0,0.13301,173.0,0.13302,37.0
1753531581861,12:06:21.861,AERGO/USDT:USDT,0.13298,1.0,0.13289,1.0,0.13301,173.0,0.13302,37.0
1753531584866,12:06:24.866,AERGO/USDT:USDT,0.13298,1.0,0.13289,1.0,0.13301,173.0,0.13302,37.0
1753531585192,12:06:25.192,AERGO/USDT:USDT,0.13298,1.0,0.13289,1.0,0.13301,173.0,0.13302,37.0
1753531585454,12:06:25.454,AERGO/USDT:USDT,0.13298,1.0,0.13289,1.0,0.13301,173.0,0.13302,37.0
1753531587870,12:06:27.870,AERGO/USDT:USDT,0.13298,1.0,0.13289,1.0,0.13301,173.0,0.13302,37.0
1753531589198,12:06:29.198,AERGO/USDT:USDT,0.13298,1.0,0.13289,1.0,0.13301,173.0,0.13302,37.0
1753531589260,12:06:29.260,AERGO/USDT:USDT,0.13298,1.0,0.13289,1.0,0.13301,173.0,0.13302,37.0
1753531590866,12:06:30.866,AERGO/USDT:USDT,0.13298,1.0,0.13289,1.0,0.13301,173.0,0.13302,37.0
1753531592671,12:06:32.671,AERGO/USDT:USDT,0.13298,1.0,0.13289,1.0,0.13301,173.0,0.13302,37.0
1753531593867,12:06:33.867,AERGO/USDT:USDT,0.13298,1.0,0.13289,1.0,0.13301,173.0,0.13302,37.0
1753531595988,12:06:35.988,AERGO/USDT:USDT,0.13298,1.0,0.13289,1.0,0.13301,173.0,0.13302,37.0
1753531596272,12:06:36.272,AERGO/USDT:USDT,0.13298,1.0,0.13289,1.0,0.13301,173.0,0.13302,37.0
1753531596350,12:06:36.350,AERGO/USDT:USDT,0.13298,1.0,0.13289,1.0,0.13301,173.0,0.13302,37.0
1753531596551,12:06:36.551,AERGO/USDT:USDT,0.13298,1.0,0.13289,1.0,0.13301,173.0,0.13302,37.0
1753531596870,12:06:36.870,AERGO/USDT:USDT,0.13298,1.0,0.13289,1.0,0.13301,173.0,0.13302,37.0
1753531598012,12:06:38.012,AERGO/USDT:USDT,0.1329,152.0,0.13289,18.0,0.13301,173.0,0.13302,15.0
1753531598400,12:06:38.400,AERGO/USDT:USDT,0.1329,18.0,0.13289,18.0,0.133,6.0,0.13301,173.0
1753531598514,12:06:38.514,AERGO/USDT:USDT,0.1329,18.0,0.13289,18.0,0.133,6.0,0.13301,173.0
1753531598753,12:06:38.753,AERGO/USDT:USDT,0.1329,18.0,0.13289,18.0,0.133,6.0,0.13301,173.0
1753531599057,12:06:39.057,AERGO/USDT:USDT,0.1329,18.0,0.13289,18.0,0.133,6.0,0.13301,173.0
1753531599172,12:06:39.172,AERGO/USDT:USDT,0.1329,18.0,0.13289,18.0,0.133,6.0,0.13301,173.0
1753531599821,12:06:39.821,AERGO/USDT:USDT,0.1329,18.0,0.13289,18.0,0.133,28.0,0.13301,173.0
1753531599866,12:06:39.866,AERGO/USDT:USDT,0.1329,18.0,0.13289,18.0,0.13299,6.0,0.133,28.0
1753531599990,12:06:39.990,AERGO/USDT:USDT,0.1329,18.0,0.13289,18.0,0.13299,6.0,0.133,28.0
1753531601068,12:06:41.068,AERGO/USDT:USDT,0.1329,18.0,0.13289,18.0,0.13299,6.0,0.133,28.0
1753531604218,12:06:44.218,AERGO/USDT:USDT,0.1329,18.0,0.13289,18.0,0.13298,167.0,0.13299,6.0
1753531604251,12:06:44.251,AERGO/USDT:USDT,0.1329,18.0,0.13289,18.0,0.13297,12.0,0.13298,167.0
1753531604828,12:06:44.828,AERGO/USDT:USDT,0.1329,18.0,0.13289,18.0,0.13297,12.0,0.13298,167.0
1753531604891,12:06:44.891,AERGO/USDT:USDT,0.1329,18.0,0.13289,18.0,0.13297,12.0,0.13298,167.0
1753531606307,12:06:46.307,AERGO/USDT:USDT,0.1329,18.0,0.13289,18.0,0.13297,12.0,0.13298,167.0
1753531606332,12:06:46.332,AERGO/USDT:USDT,0.1329,18.0,0.13289,18.0,0.13297,12.0,0.13298,167.0
1753531606449,12:06:46.449,AERGO/USDT:USDT,0.1329,18.0,0.13289,18.0,0.13297,12.0,0.13298,167.0
1753531610015,12:06:50.015,AERGO/USDT:USDT,0.13289,18.0,0.13286,43.0,0.13297,179.0,0.13299,22.0
1753531610109,12:06:50.109,AERGO/USDT:USDT,0.13289,18.0,0.13288,22.0,0.13297,179.0,0.13299,22.0
1753531610519,12:06:50.519,AERGO/USDT:USDT,0.13289,18.0,0.13288,22.0,0.13297,179.0,0.13299,22.0
1753531611041,12:06:51.041,AERGO/USDT:USDT,0.13289,18.0,0.13288,22.0,0.13297,179.0,0.13299,22.0
1753531611332,12:06:51.332,AERGO/USDT:USDT,0.13289,18.0,0.13288,22.0,0.13297,179.0,0.13299,22.0
1753531611714,12:06:51.714,AERGO/USDT:USDT,0.13289,18.0,0.13288,22.0,0.13297,179.0,0.13299,22.0
1753531611868,12:06:51.868,AERGO/USDT:USDT,0.13288,22.0,0.13286,65.0,0.13297,179.0,0.13299,22.0
1753531612077,12:06:52.077,AERGO/USDT:USDT,0.13288,22.0,0.13286,65.0,0.13297,179.0,0.13299,22.0
1753531612548,12:06:52.548,AERGO/USDT:USDT,0.13288,22.0,0.13286,65.0,0.13297,179.0,0.13299,22.0
1753531613594,12:06:53.594,AERGO/USDT:USDT,0.13288,22.0,0.13286,65.0,0.13297,179.0,0.13299,22.0
1753531614870,12:06:54.870,AERGO/USDT:USDT,0.13288,22.0,0.13286,65.0,0.13297,179.0,0.13299,22.0
1753531615202,12:06:55.202,AERGO/USDT:USDT,0.13288,22.0,0.13286,65.0,0.13297,179.0,0.13299,22.0
1753531617868,12:06:57.868,AERGO/USDT:USDT,0.13288,22.0,0.13286,65.0,0.13297,179.0,0.13299,22.0
1753531620891,12:07:00.891,AERGO/USDT:USDT,0.13288,22.0,0.13286,65.0,0.13297,179.0,0.13299,22.0
1753531621551,12:07:01.551,AERGO/USDT:USDT,0.13288,22.0,0.13286,65.0,0.13297,179.0,0.13299,22.0
1753531622489,12:07:02.489,AERGO/USDT:USDT,0.13288,22.0,0.13286,65.0,0.13297,201.0,0.13299,22.0
1753531623866,12:07:03.866,AERGO/USDT:USDT,0.13288,22.0,0.13286,65.0,0.13297,201.0,0.13299,22.0
1753531627456,12:07:07.456,AERGO/USDT:USDT,0.13288,22.0,0.13286,65.0,0.13297,201.0,0.13299,22.0
1753531627804,12:07:07.804,AERGO/USDT:USDT,0.13288,22.0,0.13286,65.0,0.13297,201.0,0.13299,22.0
1753531628871,12:07:08.871,AERGO/USDT:USDT,0.13288,22.0,0.13286,65.0,0.13297,201.0,0.13299,22.0
1753531629795,12:07:09.795,AERGO/USDT:USDT,0.13288,152.0,0.13286,65.0,0.13297,201.0,0.13299,22.0
1753531629865,12:07:09.865,AERGO/USDT:USDT,0.13288,152.0,0.13286,65.0,0.13297,201.0,0.13299,22.0
1753531630657,12:07:10.657,AERGO/USDT:USDT,0.13288,152.0,0.13286,65.0,0.13297,201.0,0.13299,22.0
1753531630749,12:07:10.749,AERGO/USDT:USDT,0.13288,152.0,0.13286,65.0,0.13297,201.0,0.13299,22.0
1753531631092,12:07:11.092,AERGO/USDT:USDT,0.13288,152.0,0.13286,65.0,0.13297,201.0,0.13299,22.0
1753531631495,12:07:11.495,AERGO/USDT:USDT,0.13288,152.0,0.13286,65.0,0.13297,201.0,0.13299,22.0
1753531633210,12:07:13.210,AERGO/USDT:USDT,0.13288,169.0,0.13286,65.0,0.13297,201.0,0.13299,22.0
1753531633370,12:07:13.370,AERGO/USDT:USDT,0.13288,169.0,0.13286,65.0,0.13297,179.0,0.13299,22.0
1753531633525,12:07:13.525,AERGO/USDT:USDT,0.13288,169.0,0.13286,65.0,0.13297,12.0,0.13303,167.0
1753531633576,12:07:13.576,AERGO/USDT:USDT,0.13288,169.0,0.13286,65.0,0.13302,12.0,0.13303,167.0
1753531633712,12:07:13.712,AERGO/USDT:USDT,0.13288,169.0,0.13286,65.0,0.13302,12.0,0.13303,167.0
1753531634000,12:07:14.000,AERGO/USDT:USDT,0.13288,169.0,0.13286,65.0,0.13302,12.0,0.13303,167.0
1753531634811,12:07:14.811,AERGO/USDT:USDT,0.13288,169.0,0.13286,65.0,0.13302,12.0,0.13303,167.0
1753531634907,12:07:14.907,AERGO/USDT:USDT,0.13288,169.0,0.13286,65.0,0.13302,12.0,0.13303,167.0
1753531634978,12:07:14.978,AERGO/USDT:USDT,0.13288,169.0,0.13286,65.0,0.13302,12.0,0.13303,167.0
1753531635110,12:07:15.110,AERGO/USDT:USDT,0.13288,169.0,0.13286,65.0,0.13302,12.0,0.13303,167.0
1753531635257,12:07:15.257,AERGO/USDT:USDT,0.13288,169.0,0.13286,65.0,0.13302,12.0,0.13303,167.0
1753531635925,12:07:15.925,AERGO/USDT:USDT,0.13288,169.0,0.13286,65.0,0.13302,12.0,0.13303,167.0
1753531636088,12:07:16.088,AERGO/USDT:USDT,0.13288,169.0,0.13286,65.0,0.13302,12.0,0.13303,167.0
1753531636508,12:07:16.508,AERGO/USDT:USDT,0.13288,169.0,0.13286,65.0,0.13302,12.0,0.13303,167.0
1753531636620,12:07:16.620,AERGO/USDT:USDT,0.13288,169.0,0.13286,65.0,0.13302,12.0,0.13303,167.0
1753531638914,12:07:18.914,AERGO/USDT:USDT,0.13288,169.0,0.13286,65.0,0.13302,12.0,0.13303,167.0
1753531638974,12:07:18.974,AERGO/USDT:USDT,0.13288,169.0,0.13286,65.0,0.13302,12.0,0.13303,167.0
1753531639112,12:07:19.112,AERGO/USDT:USDT,0.13288,169.0,0.13286,65.0,0.13302,12.0,0.13303,167.0
1753531639260,12:07:19.260,AERGO/USDT:USDT,0.13288,169.0,0.13286,65.0,0.13302,12.0,0.13303,167.0
1753531639728,12:07:19.728,AERGO/USDT:USDT,0.13288,169.0,0.13286,65.0,0.13302,12.0,0.13303,167.0
1753531639744,12:07:19.744,AERGO/USDT:USDT,0.13288,169.0,0.13286,43.0,0.13302,12.0,0.13303,167.0
1753531639878,12:07:19.878,AERGO/USDT:USDT,0.13288,152.0,0.13286,43.0,0.13302,12.0,0.13303,167.0
1753531640022,12:07:20.022,AERGO/USDT:USDT,0.13288,152.0,0.13286,43.0,0.13302,12.0,0.13303,167.0
1753531640413,12:07:20.413,AERGO/USDT:USDT,0.13288,152.0,0.13286,43.0,0.13301,167.0,0.13302,12.0
1753531640435,12:07:20.435,AERGO/USDT:USDT,0.13288,152.0,0.13286,43.0,0.133,12.0,0.13301,167.0
1753531640558,12:07:20.558,AERGO/USDT:USDT,0.13288,152.0,0.13286,43.0,0.133,12.0,0.13301,167.0
1753531641866,12:07:21.866,AERGO/USDT:USDT,0.13288,152.0,0.13286,43.0,0.133,12.0,0.13301,167.0
1753531642178,12:07:22.178,AERGO/USDT:USDT,0.13288,152.0,0.13286,43.0,0.133,12.0,0.13301,167.0
1753531642306,12:07:22.306,AERGO/USDT:USDT,0.13286,43.0,0.13285,304.0,0.133,12.0,0.13301,167.0
1753531642589,12:07:22.589,AERGO/USDT:USDT,0.13288,152.0,0.13286,43.0,0.133,12.0,0.13301,167.0
1753531643163,12:07:23.163,AERGO/USDT:USDT,0.13288,152.0,0.13286,43.0,0.133,12.0,0.13301,167.0
1753531643532,12:07:23.532,AERGO/USDT:USDT,0.13288,152.0,0.13286,43.0,0.133,12.0,0.13301,167.0
1753531644204,12:07:24.204,AERGO/USDT:USDT,0.13288,152.0,0.13286,43.0,0.133,12.0,0.13301,167.0
1753531644752,12:07:24.752,AERGO/USDT:USDT,0.13288,152.0,0.13286,43.0,0.13299,211.0,0.133,12.0
1753531644839,12:07:24.839,AERGO/USDT:USDT,0.13288,152.0,0.13286,43.0,0.13298,12.0,0.13299,211.0
1753531645011,12:07:25.011,AERGO/USDT:USDT,0.13288,152.0,0.13286,43.0,0.13298,179.0,0.13299,44.0
1753531645826,12:07:25.826,AERGO/USDT:USDT,0.13288,152.0,0.13286,43.0,0.13298,179.0,0.13299,44.0
1753531647689,12:07:27.689,AERGO/USDT:USDT,0.13288,152.0,0.13286,43.0,0.13298,179.0,0.13299,44.0
1753531647867,12:07:27.867,AERGO/USDT:USDT,0.13288,152.0,0.13286,43.0,0.13295,22.0,0.13296,44.0
1753531647936,12:07:27.936,AERGO/USDT:USDT,0.13288,152.0,0.13286,43.0,0.13294,12.0,0.13295,22.0
1753531648034,12:07:28.034,AERGO/USDT:USDT,0.13288,152.0,0.13286,43.0,0.13294,12.0,0.13295,22.0
1753531648243,12:07:28.243,AERGO/USDT:USDT,0.13288,152.0,0.13286,43.0,0.13294,12.0,0.13295,22.0
1753531648550,12:07:28.550,AERGO/USDT:USDT,0.13288,169.0,0.13287,27.0,0.13294,12.0,0.13298,167.0
1753531648656,12:07:28.656,AERGO/USDT:USDT,0.13288,169.0,0.13287,27.0,0.13297,12.0,0.13298,167.0
1753531649069,12:07:29.069,AERGO/USDT:USDT,0.13288,169.0,0.13287,27.0,0.13297,12.0,0.13298,167.0
1753531649481,12:07:29.481,AERGO/USDT:USDT,0.13288,169.0,0.13287,27.0,0.13297,12.0,0.13298,167.0
1753531649775,12:07:29.775,AERGO/USDT:USDT,0.13288,169.0,0.13287,27.0,0.13297,34.0,0.13298,189.0
1753531649897,12:07:29.897,AERGO/USDT:USDT,0.13288,169.0,0.13287,27.0,0.13297,34.0,0.13298,189.0
1753531651291,12:07:31.291,AERGO/USDT:USDT,0.13288,169.0,0.13287,27.0,0.13297,34.0,0.13298,189.0
1753531651331,12:07:31.331,AERGO/USDT:USDT,0.13288,169.0,0.13287,27.0,0.13297,34.0,0.13298,189.0
1753531653797,12:07:33.797,AERGO/USDT:USDT,0.13288,169.0,0.13287,27.0,0.13297,34.0,0.13298,189.0
1753531653868,12:07:33.868,AERGO/USDT:USDT,0.13288,169.0,0.13287,27.0,0.13297,34.0,0.13298,189.0
1753531653938,12:07:33.938,AERGO/USDT:USDT,0.13288,169.0,0.13287,27.0,0.13297,34.0,0.13298,189.0
1753531654378,12:07:34.378,AERGO/USDT:USDT,0.13288,169.0,0.13287,27.0,0.13297,34.0,0.13298,189.0
1753531655561,12:07:35.561,AERGO/USDT:USDT,0.13288,152.0,0.13286,65.0,0.13297,34.0,0.13298,189.0
1753531655700,12:07:35.700,AERGO/USDT:USDT,0.13288,152.0,0.13286,65.0,0.13297,34.0,0.13298,189.0
1753531656792,12:07:36.792,AERGO/USDT:USDT,0.13288,152.0,0.13286,65.0,0.13297,34.0,0.13298,189.0
1753531658885,12:07:38.885,AERGO/USDT:USDT,0.13288,152.0,0.13286,65.0,0.13297,34.0,0.13298,189.0
1753531659237,12:07:39.237,AERGO/USDT:USDT,0.13288,152.0,0.13286,65.0,0.13297,34.0,0.13298,189.0
1753531659872,12:07:39.872,AERGO/USDT:USDT,0.13288,152.0,0.13286,87.0,0.13297,34.0,0.13298,189.0
1753531660128,12:07:40.128,AERGO/USDT:USDT,0.13288,152.0,0.13286,87.0,0.13297,34.0,0.13298,189.0
1753531661371,12:07:41.371,AERGO/USDT:USDT,0.13288,152.0,0.13286,87.0,0.13297,34.0,0.13298,189.0
1753531662865,12:07:42.865,AERGO/USDT:USDT,0.13288,152.0,0.13286,87.0,0.13297,34.0,0.13298,189.0
1753531665021,12:07:45.021,AERGO/USDT:USDT,0.13288,152.0,0.13286,87.0,0.13297,34.0,0.13298,189.0
1753531665032,12:07:45.032,AERGO/USDT:USDT,0.13288,152.0,0.13286,87.0,0.13297,34.0,0.13298,189.0
1753531665371,12:07:45.371,AERGO/USDT:USDT,0.13288,152.0,0.13286,87.0,0.13297,34.0,0.13298,189.0
1753531668893,12:07:48.893,AERGO/USDT:USDT,0.13288,152.0,0.13286,87.0,0.13297,34.0,0.13298,189.0
1753531669306,12:07:49.306,AERGO/USDT:USDT,0.13288,152.0,0.13286,87.0,0.13297,34.0,0.13298,189.0
1753531669861,12:07:49.861,AERGO/USDT:USDT,0.13288,152.0,0.13286,87.0,0.13297,34.0,0.13298,189.0
1753531670828,12:07:50.828,AERGO/USDT:USDT,0.13286,87.0,0.13285,326.0,0.13297,34.0,0.13298,189.0
1753531670926,12:07:50.926,AERGO/USDT:USDT,0.13286,87.0,0.13285,326.0,0.13297,34.0,0.13298,189.0
1753531671891,12:07:51.891,AERGO/USDT:USDT,0.13286,87.0,0.13285,326.0,0.13297,34.0,0.13298,189.0
1753531672772,12:07:52.772,AERGO/USDT:USDT,0.13286,43.0,0.13285,304.0,0.13297,34.0,0.13298,189.0
1753531672831,12:07:52.831,AERGO/USDT:USDT,0.13286,43.0,0.13285,304.0,0.13297,34.0,0.13298,189.0
1753531673894,12:07:53.894,AERGO/USDT:USDT,0.13286,43.0,0.13285,304.0,0.13297,34.0,0.13298,189.0
1753531674151,12:07:54.151,AERGO/USDT:USDT,0.13286,43.0,0.13285,304.0,0.13297,34.0,0.13298,189.0
1753531674592,12:07:54.592,AERGO/USDT:USDT,0.13286,43.0,0.13285,304.0,0.13297,34.0,0.13298,189.0
1753531674969,12:07:54.969,AERGO/USDT:USDT,0.13286,43.0,0.13285,304.0,0.13297,34.0,0.13298,189.0
1753531676590,12:07:56.590,AERGO/USDT:USDT,0.13286,43.0,0.13285,304.0,0.13297,201.0,0.13298,22.0
1753531677007,12:07:57.007,AERGO/USDT:USDT,0.13286,43.0,0.13285,304.0,0.13297,201.0,0.13298,22.0
1753531677867,12:07:57.867,AERGO/USDT:USDT,0.13286,43.0,0.13285,304.0,0.13297,201.0,0.13298,22.0
1753531678337,12:07:58.337,AERGO/USDT:USDT,0.13286,43.0,0.13285,304.0,0.13297,201.0,0.13298,22.0
1753531680868,12:08:00.868,AERGO/USDT:USDT,0.13286,81.0,0.13285,352.0,0.13297,201.0,0.13298,22.0
1753531681508,12:08:01.508,AERGO/USDT:USDT,0.13286,81.0,0.13285,352.0,0.13297,201.0,0.13298,22.0
1753531681827,12:08:01.827,AERGO/USDT:USDT,0.13286,81.0,0.13285,352.0,0.13297,201.0,0.13298,22.0
1753531682003,12:08:02.003,AERGO/USDT:USDT,0.13286,81.0,0.13285,352.0,0.13297,201.0,0.13298,22.0
1753531682411,12:08:02.411,AERGO/USDT:USDT,0.13286,81.0,0.13285,352.0,0.13297,201.0,0.13298,22.0
1753531682477,12:08:02.477,AERGO/USDT:USDT,0.13286,81.0,0.13285,352.0,0.13297,201.0,0.13298,22.0
1753531683911,12:08:03.911,AERGO/USDT:USDT,0.13286,81.0,0.13285,352.0,0.13297,201.0,0.13298,22.0
1753531683941,12:08:03.941,AERGO/USDT:USDT,0.13286,81.0,0.13285,352.0,0.13297,201.0,0.13298,22.0
1753531684334,12:08:04.334,AERGO/USDT:USDT,0.13286,81.0,0.13285,352.0,0.13297,201.0,0.13298,22.0
1753531684610,12:08:04.610,AERGO/USDT:USDT,0.13286,81.0,0.13285,352.0,0.13297,201.0,0.13298,22.0
1753531684755,12:08:04.755,AERGO/USDT:USDT,0.13286,81.0,0.13285,352.0,0.13297,201.0,0.13298,22.0
1753531686911,12:08:06.911,AERGO/USDT:USDT,0.13286,81.0,0.13285,352.0,0.13297,201.0,0.13298,22.0
1753531690334,12:08:10.334,AERGO/USDT:USDT,0.13286,81.0,0.13285,352.0,0.13297,201.0,0.13298,22.0
1753531690725,12:08:10.725,AERGO/USDT:USDT,0.13286,81.0,0.13285,352.0,0.13297,201.0,0.13303,15.0
1753531691601,12:08:11.601,AERGO/USDT:USDT,0.13286,81.0,0.13285,352.0,0.13297,201.0,0.13303,15.0
1753531692721,12:08:12.721,AERGO/USDT:USDT,0.13279,227.0,0.13277,229.0,0.13297,201.0,0.13303,15.0
1753531692801,12:08:12.801,AERGO/USDT:USDT,0.13279,227.0,0.13277,229.0,0.13296,15.0,0.13297,201.0
1753531692904,12:08:12.904,AERGO/USDT:USDT,0.13279,246.0,0.13277,229.0,0.13289,22.0,0.13294,15.0
1753531693006,12:08:13.006,AERGO/USDT:USDT,0.13279,246.0,0.13277,229.0,0.13288,12.0,0.13289,22.0
1753531693105,12:08:13.105,AERGO/USDT:USDT,0.13279,246.0,0.13277,229.0,0.13288,12.0,0.13289,22.0
1753531693228,12:08:13.228,AERGO/USDT:USDT,0.13279,246.0,0.13277,229.0,0.13288,12.0,0.13289,22.0
1753531693274,12:08:13.274,AERGO/USDT:USDT,0.13279,246.0,0.13277,229.0,0.13288,12.0,0.13289,22.0
1753531693365,12:08:13.365,AERGO/USDT:USDT,0.13279,246.0,0.13277,229.0,0.13288,12.0,0.13289,22.0
1753531693829,12:08:13.829,AERGO/USDT:USDT,0.13279,246.0,0.13277,229.0,0.13288,12.0,0.13289,22.0
1753531694072,12:08:14.072,AERGO/USDT:USDT,0.13279,246.0,0.13277,229.0,0.13288,12.0,0.13294,15.0
1753531694150,12:08:14.150,AERGO/USDT:USDT,0.13279,246.0,0.13277,229.0,0.13293,12.0,0.13295,15.0
1753531694240,12:08:14.240,AERGO/USDT:USDT,0.13279,246.0,0.13277,229.0,0.13294,12.0,0.13295,15.0
1753531694472,12:08:14.472,AERGO/USDT:USDT,0.13279,246.0,0.13277,229.0,0.13294,12.0,0.13295,15.0
1753531694898,12:08:14.898,AERGO/USDT:USDT,0.13279,246.0,0.13277,229.0,0.13294,12.0,0.13295,15.0
1753531695019,12:08:15.019,AERGO/USDT:USDT,0.13279,246.0,0.13277,229.0,0.13294,12.0,0.13295,15.0
1753531695315,12:08:15.315,AERGO/USDT:USDT,0.13279,246.0,0.13277,229.0,0.13294,12.0,0.13295,15.0
1753531695332,12:08:15.332,AERGO/USDT:USDT,0.13279,246.0,0.13277,229.0,0.13294,12.0,0.13295,15.0
1753531695865,12:08:15.865,AERGO/USDT:USDT,0.13279,246.0,0.13277,229.0,0.13294,12.0,0.13295,15.0
1753531696115,12:08:16.115,AERGO/USDT:USDT,0.13279,246.0,0.13277,229.0,0.13294,12.0,0.13295,15.0
1753531696698,12:08:16.698,AERGO/USDT:USDT,0.13279,246.0,0.13277,229.0,0.13294,12.0,0.13295,15.0
1753531698911,12:08:18.911,AERGO/USDT:USDT,0.13279,246.0,0.13277,251.0,0.13293,15.0,0.13294,12.0
1753531698951,12:08:18.951,AERGO/USDT:USDT,0.13279,246.0,0.13277,251.0,0.13292,12.0,0.13296,15.0
1753531699035,12:08:19.035,AERGO/USDT:USDT,0.13279,246.0,0.13277,251.0,0.13295,12.0,0.13296,15.0
1753531699377,12:08:19.377,AERGO/USDT:USDT,0.13279,246.0,0.13277,251.0,0.13295,12.0,0.13296,15.0
1753531701016,12:08:21.016,AERGO/USDT:USDT,0.13279,246.0,0.13277,251.0,0.13295,12.0,0.13296,90.0
1753531701032,12:08:21.032,AERGO/USDT:USDT,0.13279,246.0,0.13277,251.0,0.13295,12.0,0.13296,90.0
1753531701375,12:08:21.375,AERGO/USDT:USDT,0.13279,246.0,0.13277,251.0,0.13295,12.0,0.13296,90.0
1753531701816,12:08:21.816,AERGO/USDT:USDT,0.13279,246.0,0.13277,251.0,0.13295,12.0,0.13296,15.0
1753531701866,12:08:21.866,AERGO/USDT:USDT,0.13279,246.0,0.13277,251.0,0.13295,12.0,0.13296,15.0
1753531702672,12:08:22.672,AERGO/USDT:USDT,0.13279,246.0,0.13277,251.0,0.13295,12.0,0.13296,15.0
1753531703004,12:08:23.004,AERGO/USDT:USDT,0.13279,246.0,0.13277,251.0,0.13295,12.0,0.13296,15.0
1753531704872,12:08:24.872,AERGO/USDT:USDT,0.13279,246.0,0.13277,251.0,0.13294,15.0,0.13295,12.0
1753531705025,12:08:25.025,AERGO/USDT:USDT,0.13279,246.0,0.13277,251.0,0.13293,12.0,0.13294,167.0
1753531705051,12:08:25.051,AERGO/USDT:USDT,0.13279,246.0,0.13277,251.0,0.13293,12.0,0.13294,167.0
1753531705843,12:08:25.843,AERGO/USDT:USDT,0.13279,246.0,0.13277,251.0,0.13293,12.0,0.13294,167.0
1753531706070,12:08:26.070,AERGO/USDT:USDT,0.13279,246.0,0.13277,251.0,0.13293,12.0,0.13294,167.0
1753531706267,12:08:26.267,AERGO/USDT:USDT,0.13279,246.0,0.13277,251.0,0.13293,12.0,0.13294,167.0
1753531706429,12:08:26.429,AERGO/USDT:USDT,0.13279,246.0,0.13277,251.0,0.13293,12.0,0.13294,167.0
1753531707865,12:08:27.865,AERGO/USDT:USDT,0.13279,246.0,0.13277,251.0,0.13293,12.0,0.13294,167.0
1753531708472,12:08:28.472,AERGO/USDT:USDT,0.13279,246.0,0.13277,251.0,0.13293,12.0,0.13294,167.0
1753531709426,12:08:29.426,AERGO/USDT:USDT,0.13277,229.0,0.13272,186.0,0.13292,167.0,0.13293,12.0
1753531709517,12:08:29.517,AERGO/USDT:USDT,0.13278,152.0,0.13277,229.0,0.13291,12.0,0.13292,167.0
1753531709608,12:08:29.608,AERGO/USDT:USDT,0.1328,75.0,0.13278,152.0,0.13291,56.0,0.13292,167.0
1753531709704,12:08:29.704,AERGO/USDT:USDT,0.13278,152.0,0.13277,229.0,0.13291,56.0,0.13292,167.0
1753531710011,12:08:30.011,AERGO/USDT:USDT,0.13278,152.0,0.13277,229.0,0.13291,56.0,0.13292,167.0
1753531710066,12:08:30.066,AERGO/USDT:USDT,0.13278,152.0,0.13277,229.0,0.13291,56.0,0.13292,167.0
1753531710268,12:08:30.268,AERGO/USDT:USDT,0.13279,119.0,0.13278,152.0,0.13291,56.0,0.13292,167.0
1753531710341,12:08:30.341,AERGO/USDT:USDT,0.13279,119.0,0.13278,152.0,0.13291,56.0,0.13292,167.0
1753531710595,12:08:30.595,AERGO/USDT:USDT,0.13279,119.0,0.13278,152.0,0.13291,56.0,0.13292,167.0
1753531710694,12:08:30.694,AERGO/USDT:USDT,0.13279,119.0,0.13278,152.0,0.13291,56.0,0.13292,167.0
1753531710821,12:08:30.821,AERGO/USDT:USDT,0.13279,119.0,0.13278,152.0,0.13291,12.0,0.13292,167.0
1753531710911,12:08:30.911,AERGO/USDT:USDT,0.13279,119.0,0.13278,152.0,0.13291,12.0,0.13297,244.0
1753531710991,12:08:30.991,AERGO/USDT:USDT,0.13279,119.0,0.13278,152.0,0.13296,12.0,0.13297,244.0
1753531711187,12:08:31.187,AERGO/USDT:USDT,0.13279,119.0,0.13278,152.0,0.13296,12.0,0.13297,244.0
1753531712008,12:08:32.008,AERGO/USDT:USDT,0.13279,119.0,0.13278,152.0,0.13296,12.0,0.13297,244.0
1753531712449,12:08:32.449,AERGO/USDT:USDT,0.13279,119.0,0.13278,152.0,0.13296,12.0,0.13297,244.0
1753531713897,12:08:33.897,AERGO/USDT:USDT,0.13279,119.0,0.13278,152.0,0.13296,27.0,0.13297,229.0
1753531714273,12:08:34.273,AERGO/USDT:USDT,0.13279,119.0,0.13278,152.0,0.13296,27.0,0.13297,229.0
1753531716012,12:08:36.012,AERGO/USDT:USDT,0.13279,119.0,0.13278,152.0,0.13296,27.0,0.13297,229.0
1753531716312,12:08:36.312,AERGO/USDT:USDT,0.13279,119.0,0.13278,152.0,0.13296,27.0,0.13297,229.0
1753531716332,12:08:36.332,AERGO/USDT:USDT,0.13279,119.0,0.13278,152.0,0.13296,27.0,0.13297,229.0
1753531719866,12:08:39.866,AERGO/USDT:USDT,0.13279,119.0,0.13278,152.0,0.13296,27.0,0.13297,229.0
1753531720124,12:08:40.124,AERGO/USDT:USDT,0.13279,119.0,0.13278,152.0,0.13296,27.0,0.13297,229.0
1753531721200,12:08:41.200,AERGO/USDT:USDT,0.13279,75.0,0.13278,152.0,0.13296,27.0,0.13297,229.0
1753531721519,12:08:41.519,AERGO/USDT:USDT,0.13278,152.0,0.13277,229.0,0.13296,27.0,0.13297,229.0
1753531721572,12:08:41.572,AERGO/USDT:USDT,0.13278,152.0,0.13277,229.0,0.13296,77.0,0.13297,229.0
1753531721676,12:08:41.676,AERGO/USDT:USDT,0.13278,152.0,0.13277,229.0,0.13296,77.0,0.13297,229.0
1753531721802,12:08:41.802,AERGO/USDT:USDT,0.13278,152.0,0.13277,229.0,0.13296,77.0,0.13297,229.0
1753531722180,12:08:42.180,AERGO/USDT:USDT,0.13278,152.0,0.13277,229.0,0.13296,77.0,0.13297,229.0
1753531722866,12:08:42.866,AERGO/USDT:USDT,0.13278,152.0,0.13277,229.0,0.13296,77.0,0.13297,229.0
1753531722952,12:08:42.952,AERGO/USDT:USDT,0.13278,152.0,0.13277,229.0,0.13295,167.0,0.13296,77.0
1753531723036,12:08:43.036,AERGO/USDT:USDT,0.13278,152.0,0.13277,229.0,0.13294,12.0,0.13295,167.0
1753531723303,12:08:43.303,AERGO/USDT:USDT,0.13278,152.0,0.13277,229.0,0.13294,27.0,0.13295,167.0
1753531723713,12:08:43.713,AERGO/USDT:USDT,0.13278,152.0,0.13277,229.0,0.13294,27.0,0.13295,167.0
1753531725892,12:08:45.892,AERGO/USDT:USDT,0.13278,152.0,0.13277,229.0,0.13294,27.0,0.13295,167.0
1753531726003,12:08:46.003,AERGO/USDT:USDT,0.13278,152.0,0.13277,229.0,0.13294,27.0,0.13295,167.0
1753531728894,12:08:48.894,AERGO/USDT:USDT,0.13278,152.0,0.13277,229.0,0.13294,27.0,0.13295,167.0
1753531728953,12:08:48.953,AERGO/USDT:USDT,0.13278,152.0,0.13277,229.0,0.13294,27.0,0.13295,167.0
1753531729210,12:08:49.210,AERGO/USDT:USDT,0.13278,152.0,0.13277,229.0,0.13294,27.0,0.13295,167.0
1753531729242,12:08:49.242,AERGO/USDT:USDT,0.13278,152.0,0.13277,229.0,0.13294,27.0,0.13295,167.0
1753531729371,12:08:49.371,AERGO/USDT:USDT,0.13278,152.0,0.13277,229.0,0.13294,27.0,0.13295,167.0
1753531729791,12:08:49.791,AERGO/USDT:USDT,0.13278,152.0,0.13277,229.0,0.13294,27.0,0.13295,167.0
1753531730291,12:08:50.291,AERGO/USDT:USDT,0.13278,152.0,0.13277,229.0,0.13294,27.0,0.13295,167.0
1753531731628,12:08:51.628,AERGO/USDT:USDT,0.13278,152.0,0.13277,229.0,0.13293,167.0,0.13294,27.0
1753531731681,12:08:51.681,AERGO/USDT:USDT,0.13278,152.0,0.13277,229.0,0.13292,34.0,0.13293,167.0
1753531731823,12:08:51.823,AERGO/USDT:USDT,0.13278,152.0,0.13277,229.0,0.13292,34.0,0.13293,167.0
1753531731871,12:08:51.871,AERGO/USDT:USDT,0.13278,152.0,0.13277,229.0,0.13287,22.0,0.13291,15.0
1753531731936,12:08:51.936,AERGO/USDT:USDT,0.13278,152.0,0.13277,229.0,0.13286,12.0,0.13287,22.0
1753531732245,12:08:52.245,AERGO/USDT:USDT,0.13278,152.0,0.13277,229.0,0.13286,12.0,0.13287,22.0
1753531732449,12:08:52.449,AERGO/USDT:USDT,0.13278,152.0,0.13277,229.0,0.13286,12.0,0.13287,22.0
1753531732666,12:08:52.666,AERGO/USDT:USDT,0.13278,152.0,0.13277,229.0,0.13286,12.0,0.13287,22.0
1753531733090,12:08:53.090,AERGO/USDT:USDT,0.13278,152.0,0.13277,229.0,0.13286,12.0,0.13287,22.0
1753531734891,12:08:54.891,AERGO/USDT:USDT,0.13278,152.0,0.13277,229.0,0.13286,12.0,0.13287,22.0
1753531735008,12:08:55.008,AERGO/USDT:USDT,0.1328,75.0,0.13278,152.0,0.13286,12.0,0.13287,22.0
1753531735119,12:08:55.119,AERGO/USDT:USDT,0.1328,75.0,0.13278,152.0,0.13286,12.0,0.13287,22.0
1753531735923,12:08:55.923,AERGO/USDT:USDT,0.1328,75.0,0.13278,152.0,0.13286,12.0,0.13287,22.0
1753531735938,12:08:55.938,AERGO/USDT:USDT,0.1328,75.0,0.13278,152.0,0.13286,12.0,0.13287,22.0
1753531736125,12:08:56.125,AERGO/USDT:USDT,0.1328,75.0,0.13278,152.0,0.13286,12.0,0.13287,22.0
1753531736138,12:08:56.138,AERGO/USDT:USDT,0.1328,75.0,0.13278,152.0,0.13286,12.0,0.13287,22.0
1753531736354,12:08:56.354,AERGO/USDT:USDT,0.1328,75.0,0.13278,152.0,0.13286,12.0,0.13287,22.0
1753531736670,12:08:56.670,AERGO/USDT:USDT,0.1328,75.0,0.13278,152.0,0.13286,12.0,0.13287,22.0
1753531737608,12:08:57.608,AERGO/USDT:USDT,0.13277,229.0,0.13274,22.0,0.13286,12.0,0.13287,22.0
1753531737789,12:08:57.789,AERGO/USDT:USDT,0.13278,152.0,0.13277,229.0,0.13286,12.0,0.13287,22.0
1753531737918,12:08:57.918,AERGO/USDT:USDT,0.13278,152.0,0.13277,229.0,0.13286,12.0,0.13287,22.0
1753531737970,12:08:57.970,AERGO/USDT:USDT,0.13278,152.0,0.13277,229.0,0.13286,12.0,0.13287,22.0
1753531738787,12:08:58.787,AERGO/USDT:USDT,0.13278,152.0,0.13277,229.0,0.13286,12.0,0.13287,22.0
1753531739203,12:08:59.203,AERGO/USDT:USDT,0.13278,152.0,0.13277,229.0,0.13286,12.0,0.13287,22.0
1753531739391,12:08:59.391,AERGO/USDT:USDT,0.13278,152.0,0.13277,229.0,0.13286,12.0,0.13287,22.0
1753531739429,12:08:59.429,AERGO/USDT:USDT,0.13278,152.0,0.13277,229.0,0.13286,12.0,0.13287,22.0
1753531740372,12:09:00.372,AERGO/USDT:USDT,0.13278,152.0,0.13277,229.0,0.13286,12.0,0.13287,22.0
1753531740790,12:09:00.790,AERGO/USDT:USDT,0.13278,152.0,0.13277,229.0,0.13286,12.0,0.13287,22.0
1753531740872,12:09:00.872,AERGO/USDT:USDT,0.13278,152.0,0.13277,229.0,0.13286,12.0,0.13287,22.0
1753531741471,12:09:01.471,AERGO/USDT:USDT,0.13278,152.0,0.13277,229.0,0.13286,12.0,0.13287,22.0
1753531742075,12:09:02.075,AERGO/USDT:USDT,0.13277,229.0,0.13274,22.0,0.13286,12.0,0.13287,22.0
1753531742309,12:09:02.309,AERGO/USDT:USDT,0.13277,229.0,0.13274,22.0,0.13286,12.0,0.13287,22.0
1753531742442,12:09:02.442,AERGO/USDT:USDT,0.13277,229.0,0.13274,22.0,0.13286,12.0,0.13287,22.0
1753531742854,12:09:02.854,AERGO/USDT:USDT,0.13277,229.0,0.13274,22.0,0.13286,12.0,0.13287,22.0
1753531743267,12:09:03.267,AERGO/USDT:USDT,0.13277,229.0,0.13274,22.0,0.13286,12.0,0.13287,22.0
1753531743872,12:09:03.872,AERGO/USDT:USDT,0.13277,229.0,0.13274,22.0,0.13286,12.0,0.13287,37.0
1753531744890,12:09:04.890,AERGO/USDT:USDT,0.13277,229.0,0.13274,22.0,0.13286,12.0,0.13287,22.0
1753531745699,12:09:05.699,AERGO/USDT:USDT,0.13277,229.0,0.13274,22.0,0.13286,12.0,0.13287,22.0
1753531746111,12:09:06.111,AERGO/USDT:USDT,0.13277,229.0,0.13274,22.0,0.13286,12.0,0.13287,22.0
1753531746132,12:09:06.132,AERGO/USDT:USDT,0.13277,229.0,0.13274,22.0,0.13286,12.0,0.13287,22.0
1753531746875,12:09:06.875,AERGO/USDT:USDT,0.13277,229.0,0.13274,22.0,0.13286,12.0,0.13287,22.0
1753531747722,12:09:07.722,AERGO/USDT:USDT,0.13277,229.0,0.13274,22.0,0.13286,12.0,0.13287,22.0
1753531749011,12:09:09.011,AERGO/USDT:USDT,0.13277,229.0,0.13274,22.0,0.13282,1.0,0.13284,22.0
1753531749075,12:09:09.075,AERGO/USDT:USDT,0.13277,229.0,0.13274,22.0,0.1328,1.0,0.13281,12.0
1753531749152,12:09:09.152,AERGO/USDT:USDT,0.13277,229.0,0.13274,22.0,0.13278,1.0,0.13284,22.0
1753531749271,12:09:09.271,AERGO/USDT:USDT,0.13277,229.0,0.13274,22.0,0.13278,1.0,0.13283,12.0
1753531749410,12:09:09.410,AERGO/USDT:USDT,0.13277,229.0,0.13274,22.0,0.13278,1.0,0.13283,12.0
1753531749776,12:09:09.776,AERGO/USDT:USDT,0.13277,229.0,0.13274,22.0,0.13278,1.0,0.13283,12.0
1753531749891,12:09:09.891,AERGO/USDT:USDT,0.13277,229.0,0.13274,22.0,0.13283,12.0,0.13284,22.0
1753531750196,12:09:10.196,AERGO/USDT:USDT,0.13277,229.0,0.13274,22.0,0.13283,12.0,0.13284,22.0
1753531750401,12:09:10.401,AERGO/USDT:USDT,0.13277,229.0,0.13274,22.0,0.13283,12.0,0.13284,22.0
1753531751014,12:09:11.014,AERGO/USDT:USDT,0.13277,229.0,0.13274,22.0,0.13283,12.0,0.13284,22.0
1753531751425,12:09:11.425,AERGO/USDT:USDT,0.13271,228.0,0.13267,229.0,0.13283,12.0,0.13284,22.0
1753531751511,12:09:11.511,AERGO/USDT:USDT,0.13271,228.0,0.13267,229.0,0.13283,12.0,0.13284,22.0
1753531751609,12:09:11.609,AERGO/USDT:USDT,0.13271,153.0,0.13267,229.0,0.13283,12.0,0.13284,22.0
1753531751711,12:09:11.711,AERGO/USDT:USDT,0.13271,1.0,0.13269,75.0,0.13283,49.0,0.13284,22.0
1753531751899,12:09:11.899,AERGO/USDT:USDT,0.13271,1.0,0.13269,75.0,0.13283,49.0,0.13284,22.0
1753531752005,12:09:12.005,AERGO/USDT:USDT,0.13271,1.0,0.13269,75.0,0.13283,49.0,0.13284,22.0
1753531752215,12:09:12.215,AERGO/USDT:USDT,0.13274,152.0,0.13271,45.0,0.13283,12.0,0.1329,15.0
1753531752293,12:09:12.293,AERGO/USDT:USDT,0.13274,152.0,0.13271,45.0,0.13289,12.0,0.1329,15.0
1753531752407,12:09:12.407,AERGO/USDT:USDT,0.13274,152.0,0.13271,45.0,0.13289,12.0,0.1329,15.0
1753531752504,12:09:12.504,AERGO/USDT:USDT,0.13274,152.0,0.13271,45.0,0.13289,12.0,0.1329,15.0
1753531752538,12:09:12.538,AERGO/USDT:USDT,0.13274,152.0,0.13271,45.0,0.13289,12.0,0.1329,15.0
1753531752661,12:09:12.661,AERGO/USDT:USDT,0.13274,152.0,0.13271,45.0,0.13289,12.0,0.1329,15.0
1753531753007,12:09:13.007,AERGO/USDT:USDT,0.13274,152.0,0.13271,45.0,0.13289,12.0,0.1329,15.0
1753531753077,12:09:13.077,AERGO/USDT:USDT,0.13274,152.0,0.13271,45.0,0.13289,12.0,0.1329,15.0
1753531753294,12:09:13.294,AERGO/USDT:USDT,0.13274,152.0,0.13271,45.0,0.13289,12.0,0.1329,15.0
1753531753539,12:09:13.539,AERGO/USDT:USDT,0.13274,152.0,0.13271,45.0,0.13289,12.0,0.1329,15.0
1753531753669,12:09:13.669,AERGO/USDT:USDT,0.13274,152.0,0.13271,45.0,0.13289,12.0,0.1329,15.0
1753531754003,12:09:14.003,AERGO/USDT:USDT,0.13274,152.0,0.13271,45.0,0.13289,12.0,0.1329,15.0
1753531754108,12:09:14.108,AERGO/USDT:USDT,0.13274,152.0,0.13271,45.0,0.13289,12.0,0.1329,15.0
1753531754131,12:09:14.131,AERGO/USDT:USDT,0.13274,152.0,0.13271,45.0,0.13289,12.0,0.1329,15.0
1753531755050,12:09:15.050,AERGO/USDT:USDT,0.13274,152.0,0.13271,45.0,0.13289,12.0,0.1329,15.0
1753531755191,12:09:15.191,AERGO/USDT:USDT,0.13274,152.0,0.13271,45.0,0.13289,12.0,0.1329,15.0
1753531757712,12:09:17.712,AERGO/USDT:USDT,0.13274,152.0,0.13271,45.0,0.13289,12.0,0.1329,15.0
1753531757731,12:09:17.731,AERGO/USDT:USDT,0.13274,152.0,0.13271,45.0,0.13289,12.0,0.1329,15.0
1753531759797,12:09:19.797,AERGO/USDT:USDT,0.13274,152.0,0.13271,45.0,0.13289,12.0,0.1329,15.0
1753531759928,12:09:19.928,AERGO/USDT:USDT,0.13274,152.0,0.13271,45.0,0.13289,12.0,0.1329,15.0
1753531760008,12:09:20.008,AERGO/USDT:USDT,0.13274,152.0,0.13271,45.0,0.13289,12.0,0.1329,15.0
1753531760531,12:09:20.531,AERGO/USDT:USDT,0.13274,152.0,0.13271,45.0,0.13289,12.0,0.1329,15.0
1753531761009,12:09:21.009,AERGO/USDT:USDT,0.13274,152.0,0.13271,45.0,0.13289,12.0,0.1329,15.0
1753531763511,12:09:23.511,AERGO/USDT:USDT,0.13274,152.0,0.13271,45.0,0.13289,12.0,0.1329,15.0
1753531763531,12:09:23.531,AERGO/USDT:USDT,0.13274,152.0,0.13271,45.0,0.13289,12.0,0.1329,15.0
1753531764713,12:09:24.713,AERGO/USDT:USDT,0.13274,152.0,0.13271,45.0,0.13289,12.0,0.1329,15.0
1753531764734,12:09:24.734,AERGO/USDT:USDT,0.13274,152.0,0.13271,45.0,0.13289,12.0,0.1329,15.0
1753531765295,12:09:25.295,AERGO/USDT:USDT,0.13274,152.0,0.13271,45.0,0.13289,12.0,0.1329,15.0
1753531765354,12:09:25.354,AERGO/USDT:USDT,0.13274,152.0,0.13271,45.0,0.13289,12.0,0.1329,15.0
1753531766008,12:09:26.008,AERGO/USDT:USDT,0.13274,152.0,0.13271,45.0,0.13289,12.0,0.1329,15.0
1753531766093,12:09:26.093,AERGO/USDT:USDT,0.13274,152.0,0.13271,45.0,0.13289,12.0,0.1329,15.0
1753531767044,12:09:27.044,AERGO/USDT:USDT,0.13274,152.0,0.13271,45.0,0.13289,12.0,0.1329,15.0
1753531767151,12:09:27.151,AERGO/USDT:USDT,0.13274,152.0,0.13271,45.0,0.13289,12.0,0.1329,15.0
1753531768004,12:09:28.004,AERGO/USDT:USDT,0.13274,152.0,0.13271,45.0,0.13289,12.0,0.1329,15.0
1753531768033,12:09:28.033,AERGO/USDT:USDT,0.13274,152.0,0.13271,45.0,0.13289,12.0,0.1329,15.0
1753531769045,12:09:29.045,AERGO/USDT:USDT,0.13274,152.0,0.13271,45.0,0.13289,12.0,0.1329,15.0
1753531769415,12:09:29.415,AERGO/USDT:USDT,0.13274,152.0,0.13271,45.0,0.13289,12.0,0.1329,15.0
1753531769586,12:09:29.586,AERGO/USDT:USDT,0.13274,152.0,0.13271,45.0,0.13289,12.0,0.1329,15.0
1753531770591,12:09:30.591,AERGO/USDT:USDT,0.13274,152.0,0.13271,45.0,0.13289,12.0,0.1329,15.0
1753531770771,12:09:30.771,AERGO/USDT:USDT,0.13274,152.0,0.13271,45.0,0.13289,12.0,0.1329,15.0
1753531771072,12:09:31.072,AERGO/USDT:USDT,0.13274,152.0,0.13271,45.0,0.13289,12.0,0.1329,15.0
1753531772921,12:09:32.921,AERGO/USDT:USDT,0.13274,152.0,0.13271,45.0,0.13289,12.0,0.1329,15.0
1753531772977,12:09:32.977,AERGO/USDT:USDT,0.13274,152.0,0.13271,45.0,0.13289,12.0,0.1329,15.0
1753531773086,12:09:33.086,AERGO/USDT:USDT,0.13274,152.0,0.13271,45.0,0.13289,12.0,0.1329,15.0
1753531773170,12:09:33.170,AERGO/USDT:USDT,0.13274,152.0,0.13271,45.0,0.13289,12.0,0.1329,15.0
1753531773319,12:09:33.319,AERGO/USDT:USDT,0.13274,152.0,0.13271,45.0,0.13289,12.0,0.1329,15.0
1753531773414,12:09:33.414,AERGO/USDT:USDT,0.13271,45.0,0.13269,75.0,0.13289,12.0,0.1329,15.0
1753531773498,12:09:33.498,AERGO/USDT:USDT,0.13271,23.0,0.13269,75.0,0.13288,167.0,0.13289,12.0
1753531773563,12:09:33.563,AERGO/USDT:USDT,0.13271,23.0,0.13269,75.0,0.13288,15.0,0.13289,179.0
1753531773650,12:09:33.650,AERGO/USDT:USDT,0.13271,23.0,0.13269,75.0,0.13288,15.0,0.13289,179.0
1753531773887,12:09:33.887,AERGO/USDT:USDT,0.13271,23.0,0.13269,75.0,0.13287,12.0,0.13288,15.0
1753531774011,12:09:34.011,AERGO/USDT:USDT,0.13271,23.0,0.13269,75.0,0.13287,12.0,0.13288,15.0
1753531774117,12:09:34.117,AERGO/USDT:USDT,0.13271,23.0,0.13269,75.0,0.13287,12.0,0.13288,244.0
1753531774152,12:09:34.152,AERGO/USDT:USDT,0.13271,23.0,0.13269,75.0,0.13287,12.0,0.13288,244.0
1753531775489,12:09:35.489,AERGO/USDT:USDT,0.13271,23.0,0.13269,75.0,0.13287,12.0,0.13288,244.0
1753531775743,12:09:35.743,AERGO/USDT:USDT,0.13271,23.0,0.13269,75.0,0.13287,12.0,0.13288,244.0
1753531775922,12:09:35.922,AERGO/USDT:USDT,0.13275,174.0,0.13274,44.0,0.13287,12.0,0.13288,15.0
1753531776006,12:09:36.006,AERGO/USDT:USDT,0.13275,174.0,0.13274,44.0,0.13287,12.0,0.13288,15.0
1753531776171,12:09:36.171,AERGO/USDT:USDT,0.13275,174.0,0.13274,44.0,0.13287,12.0,0.13288,15.0
1753531777005,12:09:37.005,AERGO/USDT:USDT,0.13275,174.0,0.13274,44.0,0.13287,12.0,0.13288,15.0
1753531777043,12:09:37.043,AERGO/USDT:USDT,0.13275,174.0,0.13274,44.0,0.13287,12.0,0.13288,15.0
1753531777137,12:09:37.137,AERGO/USDT:USDT,0.13275,174.0,0.13274,44.0,0.13287,34.0,0.13288,15.0
1753531777419,12:09:37.419,AERGO/USDT:USDT,0.13275,174.0,0.13274,44.0,0.13287,34.0,0.13288,15.0
1753531777713,12:09:37.713,AERGO/USDT:USDT,0.13275,22.0,0.13274,44.0,0.13287,34.0,0.13288,244.0
1753531777844,12:09:37.844,AERGO/USDT:USDT,0.13275,22.0,0.13274,44.0,0.13287,34.0,0.13288,244.0
1753531778632,12:09:38.632,AERGO/USDT:USDT,0.13275,22.0,0.13274,44.0,0.13287,12.0,0.13288,244.0
1753531779073,12:09:39.073,AERGO/USDT:USDT,0.13275,22.0,0.13274,44.0,0.13287,12.0,0.13288,244.0
1753531779414,12:09:39.414,AERGO/USDT:USDT,0.13278,174.0,0.13277,22.0,0.13287,12.0,0.13288,15.0
1753531779453,12:09:39.453,AERGO/USDT:USDT,0.13278,22.0,0.13277,22.0,0.13287,12.0,0.13289,167.0
1753531779571,12:09:39.571,AERGO/USDT:USDT,0.13278,22.0,0.13277,22.0,0.13288,12.0,0.13289,189.0
1753531779919,12:09:39.919,AERGO/USDT:USDT,0.13278,22.0,0.13277,22.0,0.13288,12.0,0.13289,189.0
1753531780027,12:09:40.027,AERGO/USDT:USDT,0.13278,22.0,0.13277,22.0,0.13288,12.0,0.13289,211.0
1753531780036,12:09:40.036,AERGO/USDT:USDT,0.13278,22.0,0.13277,22.0,0.13288,12.0,0.13289,211.0
1753531780317,12:09:40.317,AERGO/USDT:USDT,0.13278,22.0,0.13277,22.0,0.13288,12.0,0.13289,211.0
1753531780813,12:09:40.813,AERGO/USDT:USDT,0.13278,22.0,0.13277,22.0,0.13288,12.0,0.13289,211.0
1753531781209,12:09:41.209,AERGO/USDT:USDT,0.13275,22.0,0.13274,22.0,0.13288,241.0,0.13289,211.0
1753531781320,12:09:41.320,AERGO/USDT:USDT,0.13271,1.0,0.1327,50.0,0.13288,241.0,0.13289,211.0
1753531781398,12:09:41.398,AERGO/USDT:USDT,0.13274,152.0,0.13271,1.0,0.13287,15.0,0.13288,179.0
1753531781437,12:09:41.437,AERGO/USDT:USDT,0.13274,152.0,0.13271,1.0,0.13286,12.0,0.13288,167.0
1753531781572,12:09:41.572,AERGO/USDT:USDT,0.13274,152.0,0.13271,1.0,0.13287,12.0,0.13288,167.0
1753531782006,12:09:42.006,AERGO/USDT:USDT,0.13274,152.0,0.13271,1.0,0.13287,12.0,0.13288,167.0
1753531782067,12:09:42.067,AERGO/USDT:USDT,0.13271,1.0,0.1327,50.0,0.13287,256.0,0.13288,167.0
1753531782427,12:09:42.427,AERGO/USDT:USDT,0.13271,1.0,0.1327,50.0,0.13287,256.0,0.13288,167.0
1753531782428,12:09:42.428,AERGO/USDT:USDT,0.13271,1.0,0.1327,50.0,0.13287,256.0,0.13288,167.0
1753531782857,12:09:42.857,AERGO/USDT:USDT,0.13271,1.0,0.1327,50.0,0.13287,256.0,0.13288,167.0
1753531783220,12:09:43.220,AERGO/USDT:USDT,0.13271,1.0,0.1327,50.0,0.13287,256.0,0.13288,167.0
1753531783297,12:09:43.297,AERGO/USDT:USDT,0.13271,1.0,0.1327,50.0,0.13287,256.0,0.13288,167.0
1753531783412,12:09:43.412,AERGO/USDT:USDT,0.13271,1.0,0.1327,50.0,0.13287,256.0,0.13288,167.0
1753531783710,12:09:43.710,AERGO/USDT:USDT,0.13271,1.0,0.1327,50.0,0.13287,256.0,0.13288,167.0
1753531783972,12:09:43.972,AERGO/USDT:USDT,0.13271,1.0,0.1327,50.0,0.13287,423.0,0.13289,44.0
1753531784158,12:09:44.158,AERGO/USDT:USDT,0.13271,1.0,0.1327,50.0,0.13287,423.0,0.13289,119.0
1753531784243,12:09:44.243,AERGO/USDT:USDT,0.13271,1.0,0.1327,50.0,0.13287,423.0,0.13289,119.0
1753531784676,12:09:44.676,AERGO/USDT:USDT,0.13271,1.0,0.1327,50.0,0.13287,423.0,0.13289,119.0
1753531784811,12:09:44.811,AERGO/USDT:USDT,0.13271,1.0,0.1327,50.0,0.13287,423.0,0.13289,119.0
1753531785191,12:09:45.191,AERGO/USDT:USDT,0.13271,1.0,0.1327,50.0,0.13287,423.0,0.13289,119.0
1753531785801,12:09:45.801,AERGO/USDT:USDT,0.13271,1.0,0.1327,50.0,0.13287,423.0,0.13289,119.0
1753531786765,12:09:46.765,AERGO/USDT:USDT,0.13271,1.0,0.1327,50.0,0.13287,423.0,0.13289,119.0
1753531787082,12:09:47.082,AERGO/USDT:USDT,0.13271,1.0,0.1327,50.0,0.13287,423.0,0.13289,119.0
1753531787917,12:09:47.917,AERGO/USDT:USDT,0.13271,1.0,0.1327,50.0,0.13287,423.0,0.13289,44.0
1753531788002,12:09:48.002,AERGO/USDT:USDT,0.13271,1.0,0.1327,50.0,0.13287,423.0,0.13289,44.0
1753531788036,12:09:48.036,AERGO/USDT:USDT,0.13271,1.0,0.1327,50.0,0.13287,423.0,0.13289,44.0
1753531790102,12:09:50.102,AERGO/USDT:USDT,0.13271,1.0,0.1327,50.0,0.13287,423.0,0.13289,44.0
1753531790132,12:09:50.132,AERGO/USDT:USDT,0.13271,1.0,0.1327,50.0,0.13287,423.0,0.13289,44.0
1753531793512,12:09:53.512,AERGO/USDT:USDT,0.13274,174.0,0.13271,1.0,0.13287,194.0,0.13289,44.0
1753531793732,12:09:53.732,AERGO/USDT:USDT,0.13274,174.0,0.13271,1.0,0.13287,194.0,0.13289,44.0
1753531794148,12:09:54.148,AERGO/USDT:USDT,0.13274,22.0,0.13271,1.0,0.13287,194.0,0.13289,44.0
1753531798011,12:09:58.011,AERGO/USDT:USDT,0.13274,22.0,0.13271,1.0,0.13287,194.0,0.13288,229.0
1753531798188,12:09:58.188,AERGO/USDT:USDT,0.13274,22.0,0.13271,1.0,0.13287,194.0,0.13288,229.0
1753531798507,12:09:58.507,AERGO/USDT:USDT,0.13274,22.0,0.13271,1.0,0.13287,194.0,0.13288,229.0
1753531799007,12:09:59.007,AERGO/USDT:USDT,0.13274,22.0,0.13271,1.0,0.13287,194.0,0.13288,229.0
1753531799041,12:09:59.041,AERGO/USDT:USDT,0.13274,22.0,0.13271,1.0,0.13287,194.0,0.13288,229.0
1753531800326,12:10:00.326,AERGO/USDT:USDT,0.13271,1.0,0.1327,50.0,0.13287,194.0,0.13288,229.0
1753531800612,12:10:00.612,AERGO/USDT:USDT,0.13271,1.0,0.1327,50.0,0.13287,194.0,0.13288,229.0
1753531801009,12:10:01.009,AERGO/USDT:USDT,0.13271,1.0,0.1327,50.0,0.13287,194.0,0.13288,229.0
1753531801030,12:10:01.030,AERGO/USDT:USDT,0.13271,1.0,0.1327,50.0,0.13287,194.0,0.13288,229.0
1753531801151,12:10:01.151,AERGO/USDT:USDT,0.13271,1.0,0.1327,50.0,0.13287,194.0,0.13288,229.0
1753531806812,12:10:06.812,AERGO/USDT:USDT,0.13274,173.0,0.13271,1.0,0.13287,194.0,0.13289,22.0
1753531806880,12:10:06.880,AERGO/USDT:USDT,0.13274,173.0,0.13271,1.0,0.13287,194.0,0.13289,22.0
1753531807011,12:10:07.011,AERGO/USDT:USDT,0.13274,173.0,0.13271,1.0,0.13287,194.0,0.13289,22.0
1753531807091,12:10:07.091,AERGO/USDT:USDT,0.13274,173.0,0.13271,1.0,0.13287,194.0,0.13289,22.0
1753531807260,12:10:07.260,AERGO/USDT:USDT,0.13274,173.0,0.13271,1.0,0.13287,179.0,0.13289,22.0
1753531809012,12:10:09.012,AERGO/USDT:USDT,0.13274,173.0,0.13271,1.0,0.13287,179.0,0.13289,37.0
1753531809965,12:10:09.965,AERGO/USDT:USDT,0.13274,173.0,0.13271,1.0,0.13287,179.0,0.13289,37.0
1753531810669,12:10:10.669,AERGO/USDT:USDT,0.13274,173.0,0.13271,1.0,0.13287,179.0,0.13289,37.0
1753531812723,12:10:12.723,AERGO/USDT:USDT,0.13274,173.0,0.13271,1.0,0.13287,179.0,0.13289,37.0
1753531812731,12:10:12.731,AERGO/USDT:USDT,0.13274,173.0,0.13271,1.0,0.13287,179.0,0.13289,15.0
1753531813225,12:10:13.225,AERGO/USDT:USDT,0.13274,173.0,0.13271,1.0,0.13287,12.0,0.13291,15.0
1753531813251,12:10:13.251,AERGO/USDT:USDT,0.13274,173.0,0.13271,1.0,0.1329,27.0,0.13292,75.0
1753531813331,12:10:13.331,AERGO/USDT:USDT,0.13274,173.0,0.13271,1.0,0.1329,27.0,0.13292,75.0
1753531813623,12:10:13.623,AERGO/USDT:USDT,0.13274,173.0,0.13271,1.0,0.1329,27.0,0.13292,75.0
1753531814911,12:10:14.911,AERGO/USDT:USDT,0.13274,173.0,0.13271,1.0,0.1329,27.0,0.13292,75.0
1753531815241,12:10:15.241,AERGO/USDT:USDT,0.13274,173.0,0.13271,1.0,0.1329,27.0,0.13292,75.0
1753531816324,12:10:16.324,AERGO/USDT:USDT,0.13274,173.0,0.13271,1.0,0.1329,27.0,0.13292,75.0
1753531816529,12:10:16.529,AERGO/USDT:USDT,0.13274,173.0,0.13271,1.0,0.1329,27.0,0.13292,75.0
1753531816551,12:10:16.551,AERGO/USDT:USDT,0.13274,173.0,0.13271,1.0,0.1329,27.0,0.13292,75.0
1753531816704,12:10:16.704,AERGO/USDT:USDT,0.13274,173.0,0.13271,1.0,0.1329,27.0,0.13292,75.0
1753531818003,12:10:18.003,AERGO/USDT:USDT,0.13274,173.0,0.13271,1.0,0.1329,27.0,0.13292,75.0
1753531818032,12:10:18.032,AERGO/USDT:USDT,0.13274,173.0,0.13271,1.0,0.1329,27.0,0.13292,75.0
1753531820841,12:10:20.841,AERGO/USDT:USDT,0.13274,173.0,0.13271,1.0,0.1329,27.0,0.13292,75.0
1753531821280,12:10:21.280,AERGO/USDT:USDT,0.13274,173.0,0.13271,1.0,0.1329,27.0,0.13292,75.0
1753531821412,12:10:21.412,AERGO/USDT:USDT,0.13274,173.0,0.13271,1.0,0.1329,27.0,0.13292,75.0
1753531821432,12:10:21.432,AERGO/USDT:USDT,0.13274,173.0,0.13271,1.0,0.1329,27.0,0.13292,75.0
1753531822012,12:10:22.012,AERGO/USDT:USDT,0.13281,152.0,0.13279,75.0,0.1329,48.0,0.13291,21.0
1753531822108,12:10:22.108,AERGO/USDT:USDT,0.13275,229.0,0.13274,173.0,0.1329,33.0,0.13291,36.0
1753531822151,12:10:22.151,AERGO/USDT:USDT,0.13275,229.0,0.13274,173.0,0.1329,33.0,0.13291,36.0
1753531822933,12:10:22.933,AERGO/USDT:USDT,0.13275,229.0,0.13274,173.0,0.1329,33.0,0.13291,36.0
1753531823411,12:10:23.411,AERGO/USDT:USDT,0.13274,173.0,0.13271,1.0,0.1329,33.0,0.13291,36.0
1753531823752,12:10:23.752,AERGO/USDT:USDT,0.13274,173.0,0.13271,1.0,0.1329,33.0,0.13291,36.0
1753531824054,12:10:24.054,AERGO/USDT:USDT,0.13274,21.0,0.13271,1.0,0.1329,33.0,0.13291,36.0
1753531824165,12:10:24.165,AERGO/USDT:USDT,0.13275,152.0,0.13274,21.0,0.1329,33.0,0.13291,36.0
1753531824256,12:10:24.256,AERGO/USDT:USDT,0.13275,152.0,0.13274,21.0,0.1329,33.0,0.13291,36.0
1753531826004,12:10:26.004,AERGO/USDT:USDT,0.13275,152.0,0.13274,21.0,0.1329,33.0,0.13291,36.0
1753531826184,12:10:26.184,AERGO/USDT:USDT,0.13275,152.0,0.13274,21.0,0.1329,33.0,0.13291,36.0
1753531826518,12:10:26.518,AERGO/USDT:USDT,0.13275,152.0,0.13274,21.0,0.1329,33.0,0.13291,36.0
1753531826603,12:10:26.603,AERGO/USDT:USDT,0.13275,152.0,0.13274,21.0,0.1329,33.0,0.13291,36.0
1753531827025,12:10:27.025,AERGO/USDT:USDT,0.13275,152.0,0.13274,21.0,0.1329,33.0,0.13291,36.0
1753531827214,12:10:27.214,AERGO/USDT:USDT,0.13275,152.0,0.13274,21.0,0.1329,33.0,0.13291,36.0
1753531827452,12:10:27.452,AERGO/USDT:USDT,0.13275,152.0,0.13274,21.0,0.1329,33.0,0.13291,36.0
1753531830704,12:10:30.704,AERGO/USDT:USDT,0.13275,152.0,0.13274,21.0,0.1329,33.0,0.13291,36.0
1753531831100,12:10:31.100,AERGO/USDT:USDT,0.13275,152.0,0.13274,21.0,0.1329,33.0,0.13291,36.0
1753531831406,12:10:31.406,AERGO/USDT:USDT,0.13275,152.0,0.13274,21.0,0.1329,33.0,0.13291,36.0
1753531832004,12:10:32.004,AERGO/USDT:USDT,0.13275,152.0,0.13274,21.0,0.1329,33.0,0.13291,36.0
1753531832075,12:10:32.075,AERGO/USDT:USDT,0.13275,152.0,0.13274,21.0,0.1329,33.0,0.13291,36.0
1753531832447,12:10:32.447,AERGO/USDT:USDT,0.13275,152.0,0.13274,21.0,0.1329,33.0,0.13291,36.0
1753531833616,12:10:33.616,AERGO/USDT:USDT,0.13275,152.0,0.13274,21.0,0.1329,33.0,0.13291,36.0
1753531834006,12:10:34.006,AERGO/USDT:USDT,0.13275,152.0,0.13274,21.0,0.1329,33.0,0.13291,36.0
1753531834214,12:10:34.214,AERGO/USDT:USDT,0.13275,152.0,0.13274,21.0,0.1329,33.0,0.13291,36.0
1753531836005,12:10:36.005,AERGO/USDT:USDT,0.13275,152.0,0.13274,21.0,0.1329,33.0,0.13291,36.0
1753531836344,12:10:36.344,AERGO/USDT:USDT,0.13275,152.0,0.13274,21.0,0.1329,33.0,0.13291,36.0
1753531837214,12:10:37.214,AERGO/USDT:USDT,0.13275,152.0,0.13274,21.0,0.1329,33.0,0.13291,36.0
1753531839356,12:10:39.356,AERGO/USDT:USDT,0.13275,152.0,0.13274,21.0,0.1329,33.0,0.13291,36.0
1753531842005,12:10:42.005,AERGO/USDT:USDT,0.13275,152.0,0.13274,21.0,0.1329,33.0,0.13291,36.0
1753531842659,12:10:42.659,AERGO/USDT:USDT,0.13275,152.0,0.13274,21.0,0.1329,33.0,0.13291,36.0
1753531843122,12:10:43.122,AERGO/USDT:USDT,0.13275,152.0,0.13274,21.0,0.1329,33.0,0.13291,36.0
1753531843307,12:10:43.307,AERGO/USDT:USDT,0.13275,152.0,0.13274,21.0,0.1329,33.0,0.13291,36.0
1753531843427,12:10:43.427,AERGO/USDT:USDT,0.13275,152.0,0.13274,21.0,0.1329,33.0,0.13291,36.0
1753531843431,12:10:43.431,AERGO/USDT:USDT,0.13275,152.0,0.13274,21.0,0.1329,33.0,0.13291,36.0
1753531844508,12:10:44.508,AERGO/USDT:USDT,0.13277,75.0,0.13275,152.0,0.1329,33.0,0.13291,36.0
1753531844593,12:10:44.593,AERGO/USDT:USDT,0.13275,152.0,0.13274,21.0,0.1329,33.0,0.13291,21.0
1753531844714,12:10:44.714,AERGO/USDT:USDT,0.13275,152.0,0.13274,21.0,0.1329,33.0,0.13291,36.0
1753531844884,12:10:44.884,AERGO/USDT:USDT,0.13275,152.0,0.13274,21.0,0.1329,33.0,0.13291,36.0
1753531846008,12:10:46.008,AERGO/USDT:USDT,0.13275,152.0,0.13274,21.0,0.1329,33.0,0.13291,36.0
1753531846103,12:10:46.103,AERGO/USDT:USDT,0.13275,152.0,0.13274,21.0,0.1329,33.0,0.13291,36.0
1753531847805,12:10:47.805,AERGO/USDT:USDT,0.13275,152.0,0.13274,21.0,0.1329,33.0,0.13291,36.0
1753531848180,12:10:48.180,AERGO/USDT:USDT,0.13275,152.0,0.13274,21.0,0.1329,33.0,0.13291,36.0
1753531850391,12:10:50.391,AERGO/USDT:USDT,0.13275,152.0,0.13274,21.0,0.1329,33.0,0.13291,36.0
1753531851009,12:10:51.009,AERGO/USDT:USDT,0.13275,152.0,0.13274,21.0,0.1329,33.0,0.13291,36.0
1753531851603,12:10:51.603,AERGO/USDT:USDT,0.13275,152.0,0.13274,21.0,0.1329,33.0,0.13291,36.0
1753531851803,12:10:51.803,AERGO/USDT:USDT,0.13275,152.0,0.13274,21.0,0.1329,33.0,0.13291,36.0
1753531852011,12:10:52.011,AERGO/USDT:USDT,0.13275,152.0,0.13274,21.0,0.1329,33.0,0.13291,36.0
1753531852414,12:10:52.414,AERGO/USDT:USDT,0.13275,152.0,0.13274,21.0,0.1329,33.0,0.13291,36.0
1753531853020,12:10:53.020,AERGO/USDT:USDT,0.13274,152.0,0.13271,1.0,0.13289,182.0,0.1329,33.0
1753531853102,12:10:53.102,AERGO/USDT:USDT,0.13274,152.0,0.13271,1.0,0.13288,12.0,0.13289,182.0
1753531853139,12:10:53.139,AERGO/USDT:USDT,0.13274,152.0,0.13271,1.0,0.13288,12.0,0.13289,182.0
1753531853229,12:10:53.229,AERGO/USDT:USDT,0.13274,152.0,0.13271,1.0,0.13288,179.0,0.13289,15.0
1753531853438,12:10:53.438,AERGO/USDT:USDT,0.13274,152.0,0.13271,1.0,0.13288,179.0,0.13289,15.0
1753531854270,12:10:54.270,AERGO/USDT:USDT,0.13274,152.0,0.13271,1.0,0.13288,179.0,0.13289,15.0
1753531854686,12:10:54.686,AERGO/USDT:USDT,0.13274,152.0,0.13271,1.0,0.13288,179.0,0.13289,15.0
1753531856326,12:10:56.326,AERGO/USDT:USDT,0.13274,152.0,0.13271,1.0,0.13288,179.0,0.13289,15.0
1753531856425,12:10:56.425,AERGO/USDT:USDT,0.13274,152.0,0.13271,1.0,0.13288,179.0,0.13289,15.0
1753531857144,12:10:57.144,AERGO/USDT:USDT,0.13274,152.0,0.13271,1.0,0.13288,179.0,0.13289,15.0
1753531858002,12:10:58.002,AERGO/USDT:USDT,0.13274,152.0,0.13271,1.0,0.13288,179.0,0.13289,15.0
1753531859071,12:10:59.071,AERGO/USDT:USDT,0.13274,152.0,0.13271,1.0,0.13288,179.0,0.13289,15.0
1753531860662,12:11:00.662,AERGO/USDT:USDT,0.13274,152.0,0.13271,1.0,0.13288,179.0,0.13289,15.0
1753531862004,12:11:02.004,AERGO/USDT:USDT,0.13274,152.0,0.13271,1.0,0.13288,179.0,0.13289,15.0
1753531862794,12:11:02.794,AERGO/USDT:USDT,0.13274,152.0,0.13271,1.0,0.13288,179.0,0.13289,15.0
1753531863006,12:11:03.006,AERGO/USDT:USDT,0.13274,152.0,0.13271,1.0,0.13288,179.0,0.13289,15.0
1753531863544,12:11:03.544,AERGO/USDT:USDT,0.13274,152.0,0.13271,1.0,0.13288,179.0,0.13289,15.0
1753531863901,12:11:03.901,AERGO/USDT:USDT,0.13274,152.0,0.13271,1.0,0.13288,179.0,0.13289,15.0
1753531864891,12:11:04.891,AERGO/USDT:USDT,0.13274,152.0,0.13271,1.0,0.13288,179.0,0.13289,15.0
1753531867112,12:11:07.112,AERGO/USDT:USDT,0.13274,152.0,0.13271,1.0,0.13288,179.0,0.13289,15.0
1753531872170,12:11:12.170,AERGO/USDT:USDT,0.13274,152.0,0.13271,1.0,0.13288,179.0,0.13289,15.0
1753531873286,12:11:13.286,AERGO/USDT:USDT,0.13274,152.0,0.13271,1.0,0.13288,179.0,0.13289,15.0
1753531873571,12:11:13.571,AERGO/USDT:USDT,0.13274,152.0,0.13271,1.0,0.13288,179.0,0.13289,15.0
1753531873905,12:11:13.905,AERGO/USDT:USDT,0.13274,152.0,0.13271,1.0,0.13288,179.0,0.13289,15.0
1753531879266,12:11:19.266,AERGO/USDT:USDT,0.13274,152.0,0.13271,1.0,0.13288,179.0,0.13289,15.0
1753531879613,12:11:19.613,AERGO/USDT:USDT,0.13274,152.0,0.13271,1.0,0.13288,179.0,0.13289,15.0
1753531884325,12:11:24.325,AERGO/USDT:USDT,0.13274,152.0,0.13271,1.0,0.13288,179.0,0.13289,15.0
1753531885125,12:11:25.125,AERGO/USDT:USDT,0.13274,152.0,0.13271,1.0,0.13288,179.0,0.13289,15.0
1753531885131,12:11:25.131,AERGO/USDT:USDT,0.13274,152.0,0.13271,1.0,0.13288,179.0,0.13289,15.0
1753531886173,12:11:26.173,AERGO/USDT:USDT,0.13274,152.0,0.13271,1.0,0.13288,12.0,0.13289,15.0
1753531886232,12:11:26.232,AERGO/USDT:USDT,0.13274,152.0,0.13271,1.0,0.13288,12.0,0.13289,15.0
1753531892524,12:11:32.524,AERGO/USDT:USDT,0.13274,152.0,0.13271,1.0,0.13288,12.0,0.13289,15.0
1753531894976,12:11:34.976,AERGO/USDT:USDT,0.13274,152.0,0.13271,1.0,0.13288,12.0,0.13289,15.0
1753531895340,12:11:35.340,AERGO/USDT:USDT,0.13274,152.0,0.13271,1.0,0.13288,12.0,0.13289,15.0
1753531896413,12:11:36.413,AERGO/USDT:USDT,0.13274,152.0,0.13271,1.0,0.13288,12.0,0.13289,15.0
1753531896459,12:11:36.459,AERGO/USDT:USDT,0.13274,152.0,0.13271,1.0,0.13288,12.0,0.13289,15.0
1753531898003,12:11:38.003,AERGO/USDT:USDT,0.13274,152.0,0.13271,1.0,0.13288,12.0,0.13289,15.0
1753531898032,12:11:38.032,AERGO/USDT:USDT,0.13274,152.0,0.13271,1.0,0.13288,12.0,0.13289,15.0
1753531902127,12:11:42.127,AERGO/USDT:USDT,0.13274,152.0,0.13271,1.0,0.13288,12.0,0.13289,15.0
1753531902148,12:11:42.148,AERGO/USDT:USDT,0.13274,152.0,0.13271,1.0,0.13288,12.0,0.13289,15.0
1753531902577,12:11:42.577,AERGO/USDT:USDT,0.13274,152.0,0.13271,1.0,0.13288,12.0,0.13289,15.0
1753531903412,12:11:43.412,AERGO/USDT:USDT,0.13274,152.0,0.13271,1.0,0.13288,12.0,0.13289,15.0
1753531903522,12:11:43.522,AERGO/USDT:USDT,0.13274,152.0,0.13271,1.0,0.13288,12.0,0.13289,15.0
1753531905412,12:11:45.412,AERGO/USDT:USDT,0.13274,152.0,0.13271,1.0,0.13288,12.0,0.13289,15.0
1753531907462,12:11:47.462,AERGO/USDT:USDT,0.13274,152.0,0.13271,1.0,0.13288,12.0,0.13289,15.0
1753531907610,12:11:47.610,AERGO/USDT:USDT,0.13274,152.0,0.13271,1.0,0.13288,12.0,0.13289,15.0
1753531910727,12:11:50.727,AERGO/USDT:USDT,0.13274,152.0,0.13271,1.0,0.13288,12.0,0.13289,15.0
1753531911094,12:11:51.094,AERGO/USDT:USDT,0.13274,152.0,0.13271,1.0,0.13288,12.0,0.13289,15.0
1753531911192,12:11:51.192,AERGO/USDT:USDT,0.13274,152.0,0.13271,1.0,0.13288,12.0,0.13289,15.0
1753531916992,12:11:56.992,AERGO/USDT:USDT,0.13274,152.0,0.13271,1.0,0.13288,12.0,0.13289,15.0
1753531919172,12:11:59.172,AERGO/USDT:USDT,0.13274,152.0,0.13271,1.0,0.13288,12.0,0.13289,15.0
1753531922792,12:12:02.792,AERGO/USDT:USDT,0.13274,152.0,0.13271,1.0,0.13288,12.0,0.13289,15.0
1753531926449,12:12:06.449,AERGO/USDT:USDT,0.13274,152.0,0.13271,1.0,0.13288,12.0,0.13289,15.0
1753531926820,12:12:06.820,AERGO/USDT:USDT,0.13274,152.0,0.13271,1.0,0.13288,12.0,0.13289,15.0
1753531930204,12:12:10.204,AERGO/USDT:USDT,0.13274,152.0,0.13271,1.0,0.13288,12.0,0.13289,15.0
1753531930322,12:12:10.322,AERGO/USDT:USDT,0.13274,152.0,0.13271,1.0,0.13288,12.0,0.13289,15.0
1753531930407,12:12:10.407,AERGO/USDT:USDT,0.13271,1.0,0.1327,50.0,0.13288,12.0,0.13289,15.0
1753531930619,12:12:10.619,AERGO/USDT:USDT,0.13271,1.0,0.1327,50.0,0.13288,12.0,0.13289,15.0
1753531930647,12:12:10.647,AERGO/USDT:USDT,0.13271,1.0,0.1327,50.0,0.13287,15.0,0.13288,12.0
1753531930804,12:12:10.804,AERGO/USDT:USDT,0.13271,1.0,0.1327,50.0,0.13286,12.0,0.13287,15.0
1753531930912,12:12:10.912,AERGO/USDT:USDT,0.13271,1.0,0.1327,50.0,0.13286,12.0,0.13287,15.0
1753531931010,12:12:11.010,AERGO/USDT:USDT,0.13271,1.0,0.1327,50.0,0.13286,12.0,0.13287,15.0
1753531931030,12:12:11.030,AERGO/USDT:USDT,0.13271,1.0,0.1327,50.0,0.13286,12.0,0.13287,15.0
1753531931209,12:12:11.209,AERGO/USDT:USDT,0.13271,1.0,0.1327,50.0,0.13286,12.0,0.13287,15.0
1753531931610,12:12:11.610,AERGO/USDT:USDT,0.13271,1.0,0.1327,50.0,0.13286,12.0,0.13287,15.0
1753531932016,12:12:12.016,AERGO/USDT:USDT,0.13271,1.0,0.1327,50.0,0.13286,12.0,0.13287,15.0
1753531932438,12:12:12.438,AERGO/USDT:USDT,0.13271,1.0,0.1327,50.0,0.13286,12.0,0.13287,15.0
1753531933314,12:12:13.314,AERGO/USDT:USDT,0.13271,1.0,0.1327,50.0,0.13286,12.0,0.13287,15.0
1753531933416,12:12:13.416,AERGO/USDT:USDT,0.13271,1.0,0.1327,50.0,0.13284,75.0,0.13286,12.0
1753531933526,12:12:13.526,AERGO/USDT:USDT,0.13271,1.0,0.1327,50.0,0.13283,54.0,0.13284,96.0
1753531933615,12:12:13.615,AERGO/USDT:USDT,0.13271,1.0,0.1327,50.0,0.13283,54.0,0.13284,96.0
1753531933656,12:12:13.656,AERGO/USDT:USDT,0.13271,1.0,0.1327,50.0,0.13283,54.0,0.13284,96.0
1753531933739,12:12:13.739,AERGO/USDT:USDT,0.13271,1.0,0.1327,50.0,0.13283,54.0,0.13284,96.0
1753531934191,12:12:14.191,AERGO/USDT:USDT,0.13271,1.0,0.13269,50.0,0.13283,54.0,0.13284,111.0
1753531934477,12:12:14.477,AERGO/USDT:USDT,0.13271,1.0,0.13269,50.0,0.13283,54.0,0.13284,111.0
1753531935498,12:12:15.498,AERGO/USDT:USDT,0.13271,1.0,0.13269,125.0,0.13283,54.0,0.13284,111.0
1753531935534,12:12:15.534,AERGO/USDT:USDT,0.13271,1.0,0.13269,125.0,0.13283,54.0,0.13284,111.0
1753531936951,12:12:16.951,AERGO/USDT:USDT,0.13271,22.0,0.13269,125.0,0.13283,54.0,0.13284,96.0
1753531937271,12:12:17.271,AERGO/USDT:USDT,0.13271,22.0,0.13269,125.0,0.13283,54.0,0.13284,21.0
1753531938109,12:12:18.109,AERGO/USDT:USDT,0.13271,43.0,0.13269,125.0,0.13283,54.0,0.13284,21.0
1753531938191,12:12:18.191,AERGO/USDT:USDT,0.13271,43.0,0.13269,125.0,0.13283,54.0,0.13284,21.0
1753531939291,12:12:19.291,AERGO/USDT:USDT,0.13271,43.0,0.13269,50.0,0.13283,54.0,0.13284,21.0
1753531939498,12:12:19.498,AERGO/USDT:USDT,0.13271,43.0,0.13269,50.0,0.13283,54.0,0.13284,21.0
1753531940011,12:12:20.011,AERGO/USDT:USDT,0.13271,43.0,0.13269,50.0,0.13283,54.0,0.13284,21.0
1753531940131,12:12:20.131,AERGO/USDT:USDT,0.13271,43.0,0.13269,50.0,0.13283,54.0,0.13284,21.0
1753531942029,12:12:22.029,AERGO/USDT:USDT,0.13271,43.0,0.13269,50.0,0.13283,54.0,0.13284,21.0
1753531942086,12:12:22.086,AERGO/USDT:USDT,0.13271,43.0,0.13269,50.0,0.13283,54.0,0.13284,21.0
1753531942186,12:12:22.186,AERGO/USDT:USDT,0.13271,43.0,0.13269,50.0,0.13283,54.0,0.13284,21.0
1753531942447,12:12:22.447,AERGO/USDT:USDT,0.13271,43.0,0.13269,50.0,0.13283,54.0,0.13284,21.0
1753531942532,12:12:22.532,AERGO/USDT:USDT,0.13271,43.0,0.13269,50.0,0.13283,54.0,0.13284,21.0
1753531942671,12:12:22.671,AERGO/USDT:USDT,0.13271,43.0,0.13269,125.0,0.13283,12.0,0.13286,15.0
1753531942735,12:12:22.735,AERGO/USDT:USDT,0.13271,43.0,0.13269,125.0,0.13285,12.0,0.13286,15.0
1753531943012,12:12:23.012,AERGO/USDT:USDT,0.13271,43.0,0.13269,125.0,0.13285,12.0,0.13288,15.0
1753531943051,12:12:23.051,AERGO/USDT:USDT,0.13271,43.0,0.13269,125.0,0.13287,12.0,0.13288,15.0
1753531945712,12:12:25.712,AERGO/USDT:USDT,0.13271,43.0,0.13269,125.0,0.13287,12.0,0.13288,15.0
1753531945780,12:12:25.780,AERGO/USDT:USDT,0.13271,43.0,0.13269,125.0,0.13287,12.0,0.13288,15.0
1753531946521,12:12:26.521,AERGO/USDT:USDT,0.13274,152.0,0.13271,43.0,0.13287,12.0,0.13288,15.0
1753531946535,12:12:26.535,AERGO/USDT:USDT,0.13274,152.0,0.13271,43.0,0.13287,12.0,0.13289,244.0
1753531946679,12:12:26.679,AERGO/USDT:USDT,0.13274,152.0,0.13271,43.0,0.13288,12.0,0.13289,244.0
1753531946752,12:12:26.752,AERGO/USDT:USDT,0.13274,152.0,0.13271,43.0,0.13288,12.0,0.13289,244.0
1753531947023,12:12:27.023,AERGO/USDT:USDT,0.13274,152.0,0.13271,43.0,0.13288,12.0,0.13289,244.0
1753531947108,12:12:27.108,AERGO/USDT:USDT,0.13274,152.0,0.13271,43.0,0.13288,12.0,0.13289,244.0
1753531947364,12:12:27.364,AERGO/USDT:USDT,0.13274,152.0,0.13271,43.0,0.13288,12.0,0.13289,244.0
1753531948027,12:12:28.027,AERGO/USDT:USDT,0.13274,152.0,0.13271,43.0,0.13288,12.0,0.13289,244.0
1753531948061,12:12:28.061,AERGO/USDT:USDT,0.13274,152.0,0.13271,43.0,0.13288,12.0,0.13289,244.0
1753531950752,12:12:30.752,AERGO/USDT:USDT,0.13274,152.0,0.13271,43.0,0.13288,12.0,0.13289,244.0
1753531955778,12:12:35.778,AERGO/USDT:USDT,0.13274,152.0,0.13271,43.0,0.13288,12.0,0.13289,244.0
1753531957006,12:12:37.006,AERGO/USDT:USDT,0.13274,152.0,0.13271,43.0,0.13288,12.0,0.13289,244.0
1753531957892,12:12:37.892,AERGO/USDT:USDT,0.13274,152.0,0.13271,43.0,0.13288,12.0,0.13289,244.0
1753531958279,12:12:38.279,AERGO/USDT:USDT,0.13274,152.0,0.13271,43.0,0.13288,12.0,0.13289,244.0
1753531960423,12:12:40.423,AERGO/USDT:USDT,0.13274,152.0,0.13271,43.0,0.13288,12.0,0.13289,244.0
1753531967676,12:12:47.676,AERGO/USDT:USDT,0.13274,152.0,0.13271,43.0,0.13288,12.0,0.13289,244.0
1753531973637,12:12:53.637,AERGO/USDT:USDT,0.13274,152.0,0.13271,43.0,0.13288,12.0,0.13289,244.0
1753531973993,12:12:53.993,AERGO/USDT:USDT,0.13274,152.0,0.13271,43.0,0.13288,12.0,0.13289,244.0
1753531977811,12:12:57.811,AERGO/USDT:USDT,0.13274,152.0,0.13271,43.0,0.13288,12.0,0.13289,244.0
1753531980083,12:13:00.083,AERGO/USDT:USDT,0.13274,152.0,0.13271,43.0,0.13288,12.0,0.13289,244.0
1753531980143,12:13:00.143,AERGO/USDT:USDT,0.13274,152.0,0.13271,43.0,0.13288,12.0,0.13289,244.0
1753531980326,12:13:00.326,AERGO/USDT:USDT,0.13274,152.0,0.13271,43.0,0.13288,12.0,0.13289,244.0
1753531981161,12:13:01.161,AERGO/USDT:USDT,0.13274,152.0,0.13271,43.0,0.13288,12.0,0.13289,244.0
1753531983826,12:13:03.826,AERGO/USDT:USDT,0.13271,43.0,0.1327,340.0,0.13288,12.0,0.13289,244.0
1753531983833,12:13:03.833,AERGO/USDT:USDT,0.13271,43.0,0.1327,340.0,0.13288,12.0,0.13289,244.0
1753531983980,12:13:03.980,AERGO/USDT:USDT,0.13274,152.0,0.13271,43.0,0.13288,12.0,0.13289,244.0
1753531989360,12:13:09.360,AERGO/USDT:USDT,0.13274,152.0,0.13271,43.0,0.13288,12.0,0.13289,244.0
1753531989718,12:13:09.718,AERGO/USDT:USDT,0.13274,152.0,0.13271,43.0,0.13288,12.0,0.13289,244.0
1753531991969,12:13:11.969,AERGO/USDT:USDT,0.13274,152.0,0.13271,383.0,0.13288,12.0,0.13289,244.0
1753531992248,12:13:12.248,AERGO/USDT:USDT,0.13274,152.0,0.13271,43.0,0.13288,12.0,0.13289,244.0
1753531993616,12:13:13.616,AERGO/USDT:USDT,0.13274,152.0,0.13271,43.0,0.13288,12.0,0.13289,244.0
1753531993654,12:13:13.654,AERGO/USDT:USDT,0.13274,152.0,0.13271,43.0,0.13288,12.0,0.13289,244.0
1753531996197,12:13:16.197,AERGO/USDT:USDT,0.13274,152.0,0.13271,43.0,0.13288,12.0,0.13289,244.0
1753531996311,12:13:16.311,AERGO/USDT:USDT,0.13274,152.0,0.13271,43.0,0.13288,12.0,0.13289,244.0
1753531996351,12:13:16.351,AERGO/USDT:USDT,0.13274,152.0,0.13271,43.0,0.13288,12.0,0.13289,244.0
1753531996747,12:13:16.747,AERGO/USDT:USDT,0.13274,152.0,0.13271,43.0,0.13288,12.0,0.13289,15.0
1753531997462,12:13:17.462,AERGO/USDT:USDT,0.13274,152.0,0.13271,43.0,0.13288,12.0,0.13289,15.0
1753531998010,12:13:18.010,AERGO/USDT:USDT,0.13274,152.0,0.13271,43.0,0.13288,12.0,0.13289,15.0
1753531998072,12:13:18.072,AERGO/USDT:USDT,0.13274,152.0,0.13272,340.0,0.13288,12.0,0.13289,15.0
1753531999134,12:13:19.134,AERGO/USDT:USDT,0.13274,152.0,0.13272,340.0,0.13288,12.0,0.13289,15.0
1753532000007,12:13:20.007,AERGO/USDT:USDT,0.13274,152.0,0.13272,340.0,0.13288,12.0,0.13289,15.0
1753532000031,12:13:20.031,AERGO/USDT:USDT,0.13274,152.0,0.13272,340.0,0.13288,12.0,0.1329,15.0
1753532000148,12:13:20.148,AERGO/USDT:USDT,0.13274,152.0,0.13272,340.0,0.13289,12.0,0.1329,15.0
1753532003862,12:13:23.862,AERGO/USDT:USDT,0.13274,152.0,0.13273,340.0,0.13289,12.0,0.1329,15.0
1753532004651,12:13:24.651,AERGO/USDT:USDT,0.13274,152.0,0.13272,340.0,0.13289,12.0,0.1329,15.0
1753532005081,12:13:25.081,AERGO/USDT:USDT,0.13274,152.0,0.13272,340.0,0.13289,12.0,0.1329,15.0
1753532005437,12:13:25.437,AERGO/USDT:USDT,0.13274,152.0,0.13272,340.0,0.13289,12.0,0.1329,15.0
1753532006112,12:13:26.112,AERGO/USDT:USDT,0.13274,152.0,0.13272,340.0,0.13289,12.0,0.1329,15.0
1753532006709,12:13:26.709,AERGO/USDT:USDT,0.13274,152.0,0.13272,340.0,0.13289,12.0,0.1329,15.0
1753532007052,12:13:27.052,AERGO/USDT:USDT,0.13274,152.0,0.13272,340.0,0.13289,12.0,0.1329,15.0
1753532007978,12:13:27.978,AERGO/USDT:USDT,0.13274,152.0,0.13272,340.0,0.13289,12.0,0.1329,15.0
1753532008044,12:13:28.044,AERGO/USDT:USDT,0.13274,152.0,0.13272,340.0,0.13289,12.0,0.1329,15.0
1753532009672,12:13:29.672,AERGO/USDT:USDT,0.13274,152.0,0.13271,43.0,0.13289,12.0,0.1329,15.0
1753532011707,12:13:31.707,AERGO/USDT:USDT,0.13271,43.0,0.1327,340.0,0.13289,12.0,0.1329,15.0
1753532011820,12:13:31.820,AERGO/USDT:USDT,0.13271,43.0,0.13269,125.0,0.13289,12.0,0.1329,15.0
1753532011919,12:13:31.919,AERGO/USDT:USDT,0.13271,43.0,0.13269,125.0,0.13288,15.0,0.13289,12.0
1753532011942,12:13:31.942,AERGO/USDT:USDT,0.13271,43.0,0.13269,125.0,0.13287,12.0,0.13288,15.0
1753532012095,12:13:32.095,AERGO/USDT:USDT,0.13271,43.0,0.13269,125.0,0.13287,12.0,0.13288,15.0
1753532012160,12:13:32.160,AERGO/USDT:USDT,0.13271,43.0,0.13269,125.0,0.13287,12.0,0.13288,15.0
1753532012603,12:13:32.603,AERGO/USDT:USDT,0.13271,43.0,0.13269,125.0,0.13287,12.0,0.13288,15.0
1753532012818,12:13:32.818,AERGO/USDT:USDT,0.13271,43.0,0.13269,125.0,0.13287,12.0,0.13288,15.0
1753532012899,12:13:32.899,AERGO/USDT:USDT,0.13271,43.0,0.13269,125.0,0.13287,12.0,0.13288,15.0
1753532013026,12:13:33.026,AERGO/USDT:USDT,0.13271,43.0,0.13269,125.0,0.13287,12.0,0.13288,15.0
1753532013445,12:13:33.445,AERGO/USDT:USDT,0.13271,43.0,0.13269,125.0,0.13287,12.0,0.13288,15.0
1753532014911,12:13:34.911,AERGO/USDT:USDT,0.13271,43.0,0.13269,125.0,0.13287,12.0,0.13288,15.0
1753532015640,12:13:35.640,AERGO/USDT:USDT,0.13271,22.0,0.13269,125.0,0.13287,12.0,0.13288,15.0
1753532017249,12:13:37.249,AERGO/USDT:USDT,0.13271,22.0,0.13269,125.0,0.13287,12.0,0.13288,15.0
1753532018351,12:13:38.351,AERGO/USDT:USDT,0.13271,22.0,0.13269,125.0,0.13287,12.0,0.13288,15.0
1753532020799,12:13:40.799,AERGO/USDT:USDT,0.13271,22.0,0.13269,125.0,0.13287,12.0,0.13288,15.0
1753532021163,12:13:41.163,AERGO/USDT:USDT,0.13271,22.0,0.13269,125.0,0.13287,12.0,0.13288,15.0
1753532024152,12:13:44.152,AERGO/USDT:USDT,0.13271,22.0,0.13269,125.0,0.13287,27.0,0.13289,229.0
1753532025078,12:13:45.078,AERGO/USDT:USDT,0.13271,22.0,0.13269,125.0,0.13287,27.0,0.13289,229.0
1753532029003,12:13:49.003,AERGO/USDT:USDT,0.13271,22.0,0.13269,125.0,0.13287,27.0,0.13289,229.0
1753532033402,12:13:53.402,AERGO/USDT:USDT,0.13271,22.0,0.13269,125.0,0.13287,27.0,0.13289,229.0
1753532033452,12:13:53.452,AERGO/USDT:USDT,0.13271,22.0,0.13269,125.0,0.13287,27.0,0.13289,229.0
1753532035008,12:13:55.008,AERGO/USDT:USDT,0.13271,22.0,0.13269,125.0,0.13287,27.0,0.13289,229.0
1753532035721,12:13:55.721,AERGO/USDT:USDT,0.13271,22.0,0.13269,125.0,0.13287,27.0,0.13289,229.0
1753532035746,12:13:55.746,AERGO/USDT:USDT,0.13271,22.0,0.13269,125.0,0.13287,27.0,0.13289,229.0
1753532036528,12:13:56.528,AERGO/USDT:USDT,0.13271,22.0,0.13269,125.0,0.13287,27.0,0.13289,229.0
1753532036913,12:13:56.913,AERGO/USDT:USDT,0.13271,22.0,0.13269,125.0,0.13287,27.0,0.13289,229.0
1753532036974,12:13:56.974,AERGO/USDT:USDT,0.13271,22.0,0.13269,125.0,0.13287,27.0,0.13289,229.0
1753532037079,12:13:57.079,AERGO/USDT:USDT,0.13271,22.0,0.13269,125.0,0.13287,27.0,0.13289,229.0
1753532040519,12:14:00.519,AERGO/USDT:USDT,0.13271,22.0,0.13269,125.0,0.13287,27.0,0.13289,229.0
1753532042007,12:14:02.007,AERGO/USDT:USDT,0.13271,22.0,0.13269,125.0,0.13287,27.0,0.13289,229.0
1753532052581,12:14:12.581,AERGO/USDT:USDT,0.13271,22.0,0.13269,125.0,0.13287,27.0,0.13289,229.0
1753532052940,12:14:12.940,AERGO/USDT:USDT,0.13271,22.0,0.13269,125.0,0.13287,27.0,0.13289,229.0
1753532056422,12:14:16.422,AERGO/USDT:USDT,0.13271,22.0,0.13269,125.0,0.13287,27.0,0.13289,229.0
1753532056431,12:14:16.431,AERGO/USDT:USDT,0.13271,22.0,0.13269,125.0,0.13287,27.0,0.13289,229.0
1753532057782,12:14:17.782,AERGO/USDT:USDT,0.13271,22.0,0.13269,125.0,0.13287,27.0,0.13289,229.0
1753532057839,12:14:17.839,AERGO/USDT:USDT,0.13271,22.0,0.13269,125.0,0.13287,27.0,0.13289,229.0
1753532058103,12:14:18.103,AERGO/USDT:USDT,0.13271,22.0,0.13269,125.0,0.13287,27.0,0.13289,229.0
1753532058526,12:14:18.526,AERGO/USDT:USDT,0.13271,22.0,0.13269,125.0,0.13287,27.0,0.13289,229.0
1753532064691,12:14:24.691,AERGO/USDT:USDT,0.13271,22.0,0.13269,465.0,0.13287,27.0,0.13289,229.0
1753532066728,12:14:26.728,AERGO/USDT:USDT,0.13271,22.0,0.13269,465.0,0.13287,27.0,0.13289,229.0
1753532066743,12:14:26.743,AERGO/USDT:USDT,0.13271,22.0,0.13269,465.0,0.13287,27.0,0.13289,229.0
1753532067087,12:14:27.087,AERGO/USDT:USDT,0.13271,22.0,0.13269,465.0,0.13287,27.0,0.13289,229.0
1753532067171,12:14:27.171,AERGO/USDT:USDT,0.13271,22.0,0.13269,125.0,0.13287,27.0,0.13289,229.0
1753532068305,12:14:28.305,AERGO/USDT:USDT,0.13271,22.0,0.13269,125.0,0.13287,27.0,0.13289,229.0
1753532068691,12:14:28.691,AERGO/USDT:USDT,0.13271,22.0,0.13269,125.0,0.13287,27.0,0.13289,229.0
1753532070492,12:14:30.492,AERGO/USDT:USDT,0.13271,22.0,0.13269,465.0,0.13287,27.0,0.13289,229.0
1753532076271,12:14:36.271,AERGO/USDT:USDT,0.13271,22.0,0.13269,465.0,0.13287,27.0,0.13289,229.0
1753532077401,12:14:37.401,AERGO/USDT:USDT,0.13271,22.0,0.13269,465.0,0.13287,27.0,0.13289,229.0
1753532078227,12:14:38.227,AERGO/USDT:USDT,0.13271,43.0,0.13269,390.0,0.13287,27.0,0.13289,229.0
1753532078329,12:14:38.329,AERGO/USDT:USDT,0.13271,43.0,0.13269,465.0,0.13287,27.0,0.13289,229.0
1753532078416,12:14:38.416,AERGO/USDT:USDT,0.13271,43.0,0.13269,465.0,0.13287,27.0,0.13289,229.0
1753532078628,12:14:38.628,AERGO/USDT:USDT,0.13271,43.0,0.13269,465.0,0.13287,27.0,0.13289,229.0
1753532078628,12:14:38.628,AERGO/USDT:USDT,0.13271,43.0,0.13269,465.0,0.13287,27.0,0.13289,229.0
1753532079220,12:14:39.220,AERGO/USDT:USDT,0.13271,1.0,0.13269,50.0,0.13284,109.0,0.13285,15.0
1753532079251,12:14:39.251,AERGO/USDT:USDT,0.13271,1.0,0.13269,50.0,0.13283,12.0,0.13284,109.0
1753532079387,12:14:39.387,AERGO/USDT:USDT,0.13271,1.0,0.13269,50.0,0.13283,12.0,0.13284,109.0
1753532079524,12:14:39.524,AERGO/USDT:USDT,0.13271,1.0,0.13269,50.0,0.13283,12.0,0.13284,109.0
1753532079571,12:14:39.571,AERGO/USDT:USDT,0.13271,1.0,0.13265,1.0,0.13282,15.0,0.13283,12.0
1753532079672,12:14:39.672,AERGO/USDT:USDT,0.13271,1.0,0.13265,1.0,0.1328,49.0,0.13281,62.0
1753532079752,12:14:39.752,AERGO/USDT:USDT,0.13271,1.0,0.13265,1.0,0.13279,12.0,0.1328,49.0
1753532079872,12:14:39.872,AERGO/USDT:USDT,0.13271,1.0,0.13265,1.0,0.13279,12.0,0.1328,49.0
1753532080005,12:14:40.005,AERGO/USDT:USDT,0.13271,1.0,0.13265,1.0,0.13279,12.0,0.1328,49.0
1753532080695,12:14:40.695,AERGO/USDT:USDT,0.13271,1.0,0.13265,1.0,0.13279,12.0,0.1328,49.0
1753532081107,12:14:41.107,AERGO/USDT:USDT,0.13271,1.0,0.13265,1.0,0.13279,12.0,0.1328,49.0
1753532082616,12:14:42.616,AERGO/USDT:USDT,0.13271,1.0,0.13269,21.0,0.13279,12.0,0.13283,15.0
1753532082650,12:14:42.650,AERGO/USDT:USDT,0.13271,1.0,0.13269,21.0,0.13282,12.0,0.13283,36.0
1753532083004,12:14:43.004,AERGO/USDT:USDT,0.13271,1.0,0.13269,21.0,0.13282,12.0,0.13283,36.0
1753532083134,12:14:43.134,AERGO/USDT:USDT,0.13271,1.0,0.13269,21.0,0.13282,12.0,0.13283,36.0
1753532083528,12:14:43.528,AERGO/USDT:USDT,0.13271,1.0,0.13269,21.0,0.13282,12.0,0.13283,36.0
1753532083554,12:14:43.554,AERGO/USDT:USDT,0.13271,1.0,0.13269,21.0,0.13282,12.0,0.13283,21.0
1753532084076,12:14:44.076,AERGO/USDT:USDT,0.13271,1.0,0.13269,21.0,0.13282,12.0,0.13283,21.0
1753532084375,12:14:44.375,AERGO/USDT:USDT,0.13271,1.0,0.13269,21.0,0.13282,12.0,0.13283,42.0
1753532084483,12:14:44.483,AERGO/USDT:USDT,0.13271,1.0,0.13269,21.0,0.13282,12.0,0.13283,42.0
1753532084892,12:14:44.892,AERGO/USDT:USDT,0.13271,1.0,0.13269,21.0,0.13282,12.0,0.13283,42.0
1753532085113,12:14:45.113,AERGO/USDT:USDT,0.13271,1.0,0.13269,21.0,0.13282,12.0,0.13283,42.0
1753532085152,12:14:45.152,AERGO/USDT:USDT,0.13271,1.0,0.13269,21.0,0.13282,12.0,0.13283,42.0
1753532085470,12:14:45.470,AERGO/USDT:USDT,0.13271,1.0,0.13269,21.0,0.13282,12.0,0.13283,42.0
1753532090257,12:14:50.257,AERGO/USDT:USDT,0.13271,1.0,0.13269,96.0,0.13282,12.0,0.13283,42.0
1753532090747,12:14:50.747,AERGO/USDT:USDT,0.13271,1.0,0.13269,96.0,0.13282,12.0,0.13283,42.0
1753532091326,12:14:51.326,AERGO/USDT:USDT,0.13271,1.0,0.13269,96.0,0.13282,12.0,0.13283,42.0
1753532091331,12:14:51.331,AERGO/USDT:USDT,0.13271,1.0,0.13269,96.0,0.13282,12.0,0.13283,42.0
1753532091579,12:14:51.579,AERGO/USDT:USDT,0.13271,1.0,0.13269,96.0,0.13282,12.0,0.13283,42.0
1753532091634,12:14:51.634,AERGO/USDT:USDT,0.13271,1.0,0.13269,96.0,0.13282,12.0,0.13283,42.0
1753532093191,12:14:53.191,AERGO/USDT:USDT,0.13271,1.0,0.13269,96.0,0.13282,12.0,0.13283,42.0
1753532096372,12:14:56.372,AERGO/USDT:USDT,0.13271,1.0,0.13269,96.0,0.13282,12.0,0.13283,42.0
1753532096552,12:14:56.552,AERGO/USDT:USDT,0.13271,1.0,0.13269,96.0,0.13282,12.0,0.13283,42.0
1753532097003,12:14:57.003,AERGO/USDT:USDT,0.13271,1.0,0.13269,96.0,0.13282,12.0,0.13283,42.0
1753532099858,12:14:59.858,AERGO/USDT:USDT,0.13271,1.0,0.13269,96.0,0.13282,12.0,0.13283,42.0
1753532100245,12:15:00.245,AERGO/USDT:USDT,0.13271,1.0,0.13269,96.0,0.13282,12.0,0.13283,42.0
1753532102329,12:15:02.329,AERGO/USDT:USDT,0.13271,1.0,0.13269,96.0,0.13282,12.0,0.13283,42.0
1753532102332,12:15:02.332,AERGO/USDT:USDT,0.13271,1.0,0.13269,96.0,0.13282,12.0,0.13283,42.0
1753532102801,12:15:02.801,AERGO/USDT:USDT,0.13272,171.0,0.13271,20.0,0.13282,12.0,0.13283,21.0
1753532102862,12:15:02.862,AERGO/USDT:USDT,0.13272,171.0,0.13271,20.0,0.13282,12.0,0.13288,15.0
1753532102953,12:15:02.953,AERGO/USDT:USDT,0.13272,171.0,0.13271,20.0,0.13287,12.0,0.13288,15.0
1753532103053,12:15:03.053,AERGO/USDT:USDT,0.13272,171.0,0.13271,20.0,0.13287,12.0,0.13288,15.0
1753532103179,12:15:03.179,AERGO/USDT:USDT,0.13272,19.0,0.13271,20.0,0.13287,12.0,0.13288,15.0
1753532103306,12:15:03.306,AERGO/USDT:USDT,0.13272,19.0,0.13271,20.0,0.13287,12.0,0.13288,15.0
1753532103726,12:15:03.726,AERGO/USDT:USDT,0.13272,19.0,0.13271,20.0,0.13287,12.0,0.13288,15.0
1753532104143,12:15:04.143,AERGO/USDT:USDT,0.13272,19.0,0.13271,20.0,0.13287,12.0,0.13288,15.0
1753532104411,12:15:04.411,AERGO/USDT:USDT,0.13272,19.0,0.13271,20.0,0.13287,12.0,0.13288,15.0
1753532104430,12:15:04.430,AERGO/USDT:USDT,0.13272,19.0,0.13271,20.0,0.13287,12.0,0.13288,15.0
1753532104898,12:15:04.898,AERGO/USDT:USDT,0.13272,19.0,0.13271,20.0,0.13287,27.0,0.13288,37.0
1753532106619,12:15:06.619,AERGO/USDT:USDT,0.13272,19.0,0.13271,20.0,0.13287,27.0,0.13288,37.0
1753532107008,12:15:07.008,AERGO/USDT:USDT,0.13273,152.0,0.13272,19.0,0.13287,27.0,0.13288,37.0
1753532107052,12:15:07.052,AERGO/USDT:USDT,0.13273,152.0,0.13272,19.0,0.13287,27.0,0.13288,37.0
1753532107400,12:15:07.400,AERGO/USDT:USDT,0.13273,152.0,0.13272,19.0,0.13287,27.0,0.13288,37.0
1753532107816,12:15:07.816,AERGO/USDT:USDT,0.13273,152.0,0.13272,19.0,0.13287,27.0,0.13288,37.0
1753532108231,12:15:08.231,AERGO/USDT:USDT,0.13273,152.0,0.13272,19.0,0.13287,27.0,0.13288,37.0
1753532112029,12:15:12.029,AERGO/USDT:USDT,0.13273,152.0,0.13272,19.0,0.13287,27.0,0.13288,37.0
1753532112029,12:15:12.029,AERGO/USDT:USDT,0.13273,152.0,0.13272,19.0,0.13287,27.0,0.13288,37.0
1753532112709,12:15:12.709,AERGO/USDT:USDT,0.13273,152.0,0.13272,19.0,0.13287,27.0,0.13288,37.0
1753532112948,12:15:12.948,AERGO/USDT:USDT,0.13273,152.0,0.13272,19.0,0.13287,27.0,0.13288,37.0
1753532115602,12:15:15.602,AERGO/USDT:USDT,0.13273,152.0,0.13272,19.0,0.13287,27.0,0.13288,37.0
1753532115952,12:15:15.952,AERGO/USDT:USDT,0.13273,152.0,0.13272,19.0,0.13287,27.0,0.13288,37.0
1753532116511,12:15:16.511,AERGO/USDT:USDT,0.13273,152.0,0.13272,19.0,0.13287,27.0,0.13288,37.0
1753532116558,12:15:16.558,AERGO/USDT:USDT,0.13273,152.0,0.13272,19.0,0.13287,27.0,0.13288,37.0
1753532116858,12:15:16.858,AERGO/USDT:USDT,0.13273,152.0,0.13272,19.0,0.13287,27.0,0.13288,37.0
1753532120268,12:15:20.268,AERGO/USDT:USDT,0.13273,152.0,0.13272,19.0,0.13287,27.0,0.13288,37.0
1753532120559,12:15:20.559,AERGO/USDT:USDT,0.13273,152.0,0.13272,19.0,0.13287,27.0,0.13288,37.0
1753532123917,12:15:23.917,AERGO/USDT:USDT,0.13273,152.0,0.13272,19.0,0.13287,27.0,0.13288,37.0
1753532124124,12:15:24.124,AERGO/USDT:USDT,0.13273,152.0,0.13272,19.0,0.13287,12.0,0.13288,15.0
1753532124214,12:15:24.214,AERGO/USDT:USDT,0.13273,152.0,0.13272,19.0,0.13288,12.0,0.13291,50.0
1753532124326,12:15:24.326,AERGO/USDT:USDT,0.13275,186.0,0.13274,50.0,0.13291,50.0,0.13292,200.0
1753532124419,12:15:24.419,AERGO/USDT:USDT,0.13279,171.0,0.13275,415.0,0.13291,50.0,0.13292,50.0
1753532124520,12:15:24.520,AERGO/USDT:USDT,0.1328,12.0,0.13279,190.0,0.1329,3.0,0.13291,50.0
1753532124623,12:15:24.623,AERGO/USDT:USDT,0.1328,12.0,0.13279,171.0,0.13292,65.0,0.13296,227.0
1753532124651,12:15:24.651,AERGO/USDT:USDT,0.1328,31.0,0.13279,171.0,0.13292,65.0,0.13296,227.0
1753532124731,12:15:24.731,AERGO/USDT:USDT,0.1328,31.0,0.13279,171.0,0.13292,65.0,0.13296,227.0
1753532124915,12:15:24.915,AERGO/USDT:USDT,0.1328,31.0,0.13279,171.0,0.13292,65.0,0.13296,227.0
1753532125009,12:15:25.009,AERGO/USDT:USDT,0.1328,31.0,0.13279,171.0,0.13292,65.0,0.13296,227.0
1753532125050,12:15:25.050,AERGO/USDT:USDT,0.1328,31.0,0.13279,171.0,0.13292,65.0,0.13296,227.0
1753532125423,12:15:25.423,AERGO/USDT:USDT,0.1328,31.0,0.13279,171.0,0.13292,65.0,0.13296,227.0
1753532125500,12:15:25.500,AERGO/USDT:USDT,0.1328,31.0,0.13279,171.0,0.13292,50.0,0.13296,1.0
1753532125673,12:15:25.673,AERGO/USDT:USDT,0.1328,31.0,0.13279,171.0,0.13292,50.0,0.13296,1.0
1753532125806,12:15:25.806,AERGO/USDT:USDT,0.13281,75.0,0.1328,31.0,0.13292,50.0,0.13296,1.0
1753532125912,12:15:25.912,AERGO/USDT:USDT,0.13282,12.0,0.1328,19.0,0.13292,50.0,0.13296,1.0
1753532126013,12:15:26.013,AERGO/USDT:USDT,0.13281,12.0,0.1328,19.0,0.13296,1.0,0.13299,152.0
1753532126068,12:15:26.068,AERGO/USDT:USDT,0.13281,12.0,0.1328,19.0,0.13296,1.0,0.13299,152.0
1753532126170,12:15:26.170,AERGO/USDT:USDT,0.13281,12.0,0.1328,94.0,0.13296,1.0,0.13299,152.0
1753532126312,12:15:26.312,AERGO/USDT:USDT,0.13281,12.0,0.1328,94.0,0.13296,1.0,0.133,150.0
1753532126415,12:15:26.415,AERGO/USDT:USDT,0.13281,12.0,0.1328,94.0,0.13296,1.0,0.13299,152.0
1753532126510,12:15:26.510,AERGO/USDT:USDT,0.13281,12.0,0.1328,94.0,0.13296,1.0,0.133,150.0
1753532126763,12:15:26.763,AERGO/USDT:USDT,0.13281,12.0,0.1328,94.0,0.13296,1.0,0.133,150.0
1753532126960,12:15:26.960,AERGO/USDT:USDT,0.13281,12.0,0.1328,94.0,0.13296,1.0,0.133,150.0
1753532127991,12:15:27.991,AERGO/USDT:USDT,0.13281,12.0,0.1328,94.0,0.13296,1.0,0.13299,50.0
1753532128786,12:15:28.786,AERGO/USDT:USDT,0.13281,12.0,0.1328,94.0,0.13296,1.0,0.13299,50.0
1753532129003,12:15:29.003,AERGO/USDT:USDT,0.13281,12.0,0.1328,94.0,0.13296,1.0,0.13299,50.0
1753532131320,12:15:31.320,AERGO/USDT:USDT,0.13281,352.0,0.1328,94.0,0.13296,1.0,0.13299,50.0
1753532131331,12:15:31.331,AERGO/USDT:USDT,0.13281,352.0,0.1328,94.0,0.13296,1.0,0.13299,50.0
1753532131611,12:15:31.611,AERGO/USDT:USDT,0.13281,352.0,0.1328,94.0,0.13296,1.0,0.13299,50.0
1753532131693,12:15:31.693,AERGO/USDT:USDT,0.13281,352.0,0.1328,94.0,0.13296,1.0,0.13299,50.0
1753532132119,12:15:32.119,AERGO/USDT:USDT,0.13281,352.0,0.1328,94.0,0.13296,1.0,0.13299,50.0
1753532132214,12:15:32.214,AERGO/USDT:USDT,0.13285,171.0,0.13281,352.0,0.13296,1.0,0.13299,50.0
1753532132320,12:15:32.320,AERGO/USDT:USDT,0.13286,12.0,0.13285,190.0,0.13296,1.0,0.13297,19.0
1753532132387,12:15:32.387,AERGO/USDT:USDT,0.13286,12.0,0.13285,190.0,0.13296,1.0,0.13297,19.0
1753532132527,12:15:32.527,AERGO/USDT:USDT,0.13286,12.0,0.13285,190.0,0.13296,1.0,0.13297,19.0
1753532132571,12:15:32.571,AERGO/USDT:USDT,0.13286,12.0,0.13285,190.0,0.13296,1.0,0.13297,19.0
1753532132787,12:15:32.787,AERGO/USDT:USDT,0.13286,12.0,0.13285,190.0,0.13296,1.0,0.13297,19.0
1753532132891,12:15:32.891,AERGO/USDT:USDT,0.13286,12.0,0.13285,190.0,0.13296,1.0,0.13297,19.0
1753532132935,12:15:32.935,AERGO/USDT:USDT,0.13286,12.0,0.13285,190.0,0.13296,1.0,0.13297,19.0
1753532136003,12:15:36.003,AERGO/USDT:USDT,0.13286,12.0,0.13285,190.0,0.13296,1.0,0.13297,19.0
1753532137092,12:15:37.092,AERGO/USDT:USDT,0.13286,12.0,0.13285,190.0,0.13296,1.0,0.13297,19.0
1753532137336,12:15:37.336,AERGO/USDT:USDT,0.13286,12.0,0.13285,190.0,0.13296,1.0,0.13297,19.0
1753532138159,12:15:38.159,AERGO/USDT:USDT,0.13286,12.0,0.13285,190.0,0.13296,1.0,0.13297,19.0
1753532138478,12:15:38.478,AERGO/USDT:USDT,0.13286,12.0,0.13285,190.0,0.13296,1.0,0.13297,19.0
1753532138868,12:15:38.868,AERGO/USDT:USDT,0.13286,12.0,0.13285,190.0,0.13296,1.0,0.13297,19.0
1753532139238,12:15:39.238,AERGO/USDT:USDT,0.13286,12.0,0.13285,190.0,0.13296,1.0,0.13297,19.0
1753532139755,12:15:39.755,AERGO/USDT:USDT,0.13286,12.0,0.13285,190.0,0.13296,1.0,0.13297,19.0
1753532142006,12:15:42.006,AERGO/USDT:USDT,0.13286,12.0,0.13285,190.0,0.13296,1.0,0.13297,19.0
1753532142877,12:15:42.877,AERGO/USDT:USDT,0.13286,12.0,0.13285,190.0,0.13296,1.0,0.13297,19.0
1753532143783,12:15:43.783,AERGO/USDT:USDT,0.13286,12.0,0.13285,190.0,0.13296,1.0,0.13297,19.0
1753532144717,12:15:44.717,AERGO/USDT:USDT,0.13286,12.0,0.13285,38.0,0.13296,1.0,0.13297,19.0
1753532147073,12:15:47.073,AERGO/USDT:USDT,0.13286,12.0,0.13285,38.0,0.13296,1.0,0.13297,19.0
1753532147448,12:15:47.448,AERGO/USDT:USDT,0.13286,12.0,0.13285,38.0,0.13296,1.0,0.13297,19.0
1753532147815,12:15:47.815,AERGO/USDT:USDT,0.13286,12.0,0.13285,38.0,0.13296,1.0,0.13297,19.0
1753532148692,12:15:48.692,AERGO/USDT:USDT,0.13286,12.0,0.13285,38.0,0.13296,1.0,0.13297,19.0
1753532149027,12:15:49.027,AERGO/USDT:USDT,0.13286,12.0,0.13285,38.0,0.13296,1.0,0.13297,19.0
1753532149709,12:15:49.709,AERGO/USDT:USDT,0.13286,12.0,0.13285,38.0,0.13296,1.0,0.13297,19.0
1753532149847,12:15:49.847,AERGO/USDT:USDT,0.13286,12.0,0.13285,38.0,0.13296,1.0,0.13297,19.0
1753532154472,12:15:54.472,AERGO/USDT:USDT,0.13286,12.0,0.13285,38.0,0.13296,1.0,0.13297,19.0
1753532154677,12:15:54.677,AERGO/USDT:USDT,0.13286,12.0,0.13285,38.0,0.13296,1.0,0.13297,19.0
1753532155494,12:15:55.494,AERGO/USDT:USDT,0.13286,12.0,0.13285,38.0,0.13296,1.0,0.13297,19.0
1753532160256,12:16:00.256,AERGO/USDT:USDT,0.13286,12.0,0.13285,38.0,0.13296,1.0,0.13297,19.0
1753532160413,12:16:00.413,AERGO/USDT:USDT,0.13286,12.0,0.13285,38.0,0.13296,1.0,0.13297,19.0
1753532160509,12:16:00.509,AERGO/USDT:USDT,0.13286,164.0,0.13285,38.0,0.13296,1.0,0.13297,19.0
1753532160745,12:16:00.745,AERGO/USDT:USDT,0.13286,164.0,0.13285,38.0,0.13296,1.0,0.13297,19.0
1753532161311,12:16:01.311,AERGO/USDT:USDT,0.13286,164.0,0.13285,38.0,0.13296,1.0,0.13297,19.0
1753532161420,12:16:01.420,AERGO/USDT:USDT,0.13286,164.0,0.13285,38.0,0.13296,1.0,0.13297,19.0
1753532161453,12:16:01.453,AERGO/USDT:USDT,0.13286,164.0,0.13285,38.0,0.13296,1.0,0.13297,19.0
1753532161556,12:16:01.556,AERGO/USDT:USDT,0.13286,164.0,0.13285,38.0,0.13296,1.0,0.13297,19.0
1753532162817,12:16:02.817,AERGO/USDT:USDT,0.13286,164.0,0.13285,38.0,0.13296,1.0,0.13297,19.0
1753532163191,12:16:03.191,AERGO/USDT:USDT,0.13286,164.0,0.13285,38.0,0.13296,1.0,0.13297,19.0
1753532163271,12:16:03.271,AERGO/USDT:USDT,0.13286,164.0,0.13285,38.0,0.13296,1.0,0.13299,50.0
1753532163331,12:16:03.331,AERGO/USDT:USDT,0.13286,164.0,0.13285,38.0,0.13296,1.0,0.13299,50.0
1753532164212,12:16:04.212,AERGO/USDT:USDT,0.13286,164.0,0.13285,38.0,0.13296,1.0,0.13299,50.0
1753532164381,12:16:04.381,AERGO/USDT:USDT,0.13286,164.0,0.13285,38.0,0.13296,1.0,0.13299,50.0
1753532164458,12:16:04.458,AERGO/USDT:USDT,0.13286,164.0,0.13285,38.0,0.13296,1.0,0.13299,50.0
1753532168952,12:16:08.952,AERGO/USDT:USDT,0.13286,164.0,0.13285,38.0,0.13296,1.0,0.13299,50.0
1753532172011,12:16:12.011,AERGO/USDT:USDT,0.13286,164.0,0.13285,38.0,0.13296,1.0,0.13299,50.0
1753532172240,12:16:12.240,AERGO/USDT:USDT,0.13286,164.0,0.13285,38.0,0.13296,1.0,0.13299,50.0
1753532172338,12:16:12.338,AERGO/USDT:USDT,0.13286,164.0,0.13285,38.0,0.13296,1.0,0.13299,50.0
1753532172449,12:16:12.449,AERGO/USDT:USDT,0.13286,164.0,0.13285,38.0,0.13296,1.0,0.13299,50.0
1753532172871,12:16:12.871,AERGO/USDT:USDT,0.13286,164.0,0.13285,38.0,0.13296,1.0,0.13299,50.0
1753532174028,12:16:14.028,AERGO/USDT:USDT,0.13286,164.0,0.13285,38.0,0.13296,13.0,0.13299,50.0
1753532174272,12:16:14.272,AERGO/USDT:USDT,0.13286,12.0,0.13285,38.0,0.13296,13.0,0.13299,50.0
1753532174497,12:16:14.497,AERGO/USDT:USDT,0.13286,12.0,0.13285,38.0,0.13296,13.0,0.13299,50.0
1753532177434,12:16:17.434,AERGO/USDT:USDT,0.13286,12.0,0.13285,38.0,0.13296,13.0,0.13299,50.0
1753532177627,12:16:17.627,AERGO/USDT:USDT,0.13286,12.0,0.13285,38.0,0.13296,13.0,0.13299,50.0
1753532177651,12:16:17.651,AERGO/USDT:USDT,0.13286,12.0,0.13285,38.0,0.13296,13.0,0.13299,50.0
1753532178572,12:16:18.572,AERGO/USDT:USDT,0.13286,12.0,0.13285,38.0,0.13296,25.0,0.13299,50.0
1753532178643,12:16:18.643,AERGO/USDT:USDT,0.13286,12.0,0.13285,38.0,0.13296,25.0,0.13299,50.0
1753532178948,12:16:18.948,AERGO/USDT:USDT,0.13286,12.0,0.13285,38.0,0.13296,25.0,0.13299,50.0
1753532181696,12:16:21.696,AERGO/USDT:USDT,0.13286,12.0,0.13285,38.0,0.13296,25.0,0.13299,50.0
1753532181773,12:16:21.773,AERGO/USDT:USDT,0.13286,12.0,0.13285,38.0,0.13296,25.0,0.13299,50.0
1753532182091,12:16:22.091,AERGO/USDT:USDT,0.13286,12.0,0.13285,38.0,0.13296,25.0,0.13299,50.0
1753532182134,12:16:22.134,AERGO/USDT:USDT,0.13286,12.0,0.13285,38.0,0.13296,25.0,0.13299,50.0
1753532190570,12:16:30.570,AERGO/USDT:USDT,0.13286,12.0,0.13285,38.0,0.13296,25.0,0.13299,50.0
1753532190659,12:16:30.659,AERGO/USDT:USDT,0.13286,12.0,0.13285,38.0,0.13296,25.0,0.13299,50.0
1753532191791,12:16:31.791,AERGO/USDT:USDT,0.13286,12.0,0.13285,38.0,0.13296,25.0,0.13299,50.0
1753532192111,12:16:32.111,AERGO/USDT:USDT,0.13286,12.0,0.13285,38.0,0.13296,25.0,0.13299,50.0
1753532192131,12:16:32.131,AERGO/USDT:USDT,0.13286,12.0,0.13285,38.0,0.13296,25.0,0.13299,50.0
1753532192606,12:16:32.606,AERGO/USDT:USDT,0.13286,12.0,0.13285,38.0,0.13296,25.0,0.13299,50.0
1753532194326,12:16:34.326,AERGO/USDT:USDT,0.13286,12.0,0.13285,38.0,0.13296,25.0,0.13299,50.0
1753532194707,12:16:34.707,AERGO/USDT:USDT,0.13286,12.0,0.13285,38.0,0.13296,25.0,0.13299,50.0
1753532200006,12:16:40.006,AERGO/USDT:USDT,0.13286,12.0,0.13285,38.0,0.13296,25.0,0.13299,50.0
1753532203712,12:16:43.712,AERGO/USDT:USDT,0.13286,12.0,0.13285,38.0,0.13296,25.0,0.13299,50.0
1753532209491,12:16:49.491,AERGO/USDT:USDT,0.13286,12.0,0.13285,38.0,0.13296,25.0,0.13299,50.0
1753532210079,12:16:50.079,AERGO/USDT:USDT,0.13286,12.0,0.13285,38.0,0.13296,25.0,0.13299,50.0
1753532210453,12:16:50.453,AERGO/USDT:USDT,0.13286,12.0,0.13285,38.0,0.13296,25.0,0.13299,50.0
1753532212186,12:16:52.186,AERGO/USDT:USDT,0.13286,12.0,0.13285,38.0,0.13296,25.0,0.13299,50.0
1753532218019,12:16:58.019,AERGO/USDT:USDT,0.13286,12.0,0.13285,19.0,0.13296,25.0,0.13299,202.0
1753532218104,12:16:58.104,AERGO/USDT:USDT,0.13286,12.0,0.13285,19.0,0.13296,25.0,0.13299,202.0
1753532218150,12:16:58.150,AERGO/USDT:USDT,0.13286,12.0,0.13285,19.0,0.13296,25.0,0.13299,202.0
1753532218720,12:16:58.720,AERGO/USDT:USDT,0.13286,12.0,0.13285,19.0,0.13296,25.0,0.13299,202.0
1753532220372,12:17:00.372,AERGO/USDT:USDT,0.13286,31.0,0.13285,19.0,0.13296,25.0,0.13299,202.0
1753532220575,12:17:00.575,AERGO/USDT:USDT,0.13286,31.0,0.13285,19.0,0.13296,25.0,0.13299,202.0
1753532220774,12:17:00.774,AERGO/USDT:USDT,0.13286,31.0,0.13285,19.0,0.13296,25.0,0.13299,202.0
1753532221092,12:17:01.092,AERGO/USDT:USDT,0.13286,31.0,0.13285,19.0,0.13296,25.0,0.13299,202.0
1753532221144,12:17:01.144,AERGO/USDT:USDT,0.13286,31.0,0.13285,19.0,0.13296,1.0,0.13299,50.0
1753532221411,12:17:01.411,AERGO/USDT:USDT,0.13286,31.0,0.13285,19.0,0.13296,1.0,0.13299,50.0
1753532221523,12:17:01.523,AERGO/USDT:USDT,0.13286,31.0,0.13285,19.0,0.13296,1.0,0.13299,50.0
1753532221551,12:17:01.551,AERGO/USDT:USDT,0.13286,31.0,0.13285,19.0,0.13296,1.0,0.13299,50.0
1753532225829,12:17:05.829,AERGO/USDT:USDT,0.13286,31.0,0.13285,19.0,0.13296,1.0,0.13299,50.0
1753532226194,12:17:06.194,AERGO/USDT:USDT,0.13286,31.0,0.13285,19.0,0.13296,1.0,0.13299,50.0
1753532226883,12:17:06.883,AERGO/USDT:USDT,0.13286,31.0,0.13285,19.0,0.13296,1.0,0.13299,50.0
1753532232219,12:17:12.219,AERGO/USDT:USDT,0.13286,31.0,0.13285,19.0,0.13296,1.0,0.13297,19.0
1753532232231,12:17:12.231,AERGO/USDT:USDT,0.13286,31.0,0.13285,19.0,0.13296,1.0,0.13297,19.0
1753532232672,12:17:12.672,AERGO/USDT:USDT,0.13286,31.0,0.13285,19.0,0.13296,1.0,0.13297,19.0
1753532233018,12:17:13.018,AERGO/USDT:USDT,0.13286,31.0,0.13285,19.0,0.13296,1.0,0.13297,19.0
1753532233066,12:17:13.066,AERGO/USDT:USDT,0.13286,31.0,0.13285,19.0,0.13296,1.0,0.13297,19.0
1753532234363,12:17:14.363,AERGO/USDT:USDT,0.13286,31.0,0.13285,19.0,0.13296,1.0,0.13297,19.0
1753532235225,12:17:15.225,AERGO/USDT:USDT,0.13286,31.0,0.13285,19.0,0.13296,1.0,0.13297,19.0
1753532235272,12:17:15.272,AERGO/USDT:USDT,0.13286,31.0,0.13285,19.0,0.13296,1.0,0.13297,19.0
1753532236122,12:17:16.122,AERGO/USDT:USDT,0.13286,31.0,0.13285,19.0,0.13296,12.0,0.13297,19.0
1753532236190,12:17:16.190,AERGO/USDT:USDT,0.13286,31.0,0.13285,19.0,0.13296,12.0,0.13297,19.0
1753532236311,12:17:16.311,AERGO/USDT:USDT,0.13286,12.0,0.13285,19.0,0.13296,12.0,0.13297,19.0
1753532236386,12:17:16.386,AERGO/USDT:USDT,0.13286,12.0,0.13277,186.0,0.13296,12.0,0.13297,19.0
1753532236512,12:17:16.512,AERGO/USDT:USDT,0.13279,152.0,0.13278,12.0,0.13296,12.0,0.13297,19.0
1753532236554,12:17:16.554,AERGO/USDT:USDT,0.1328,12.0,0.13279,152.0,0.13296,12.0,0.13297,19.0
1753532236915,12:17:16.915,AERGO/USDT:USDT,0.1328,12.0,0.13279,152.0,0.13296,12.0,0.13297,19.0
1753532237002,12:17:17.002,AERGO/USDT:USDT,0.1328,12.0,0.13279,152.0,0.13296,12.0,0.13297,19.0
1753532238197,12:17:18.197,AERGO/USDT:USDT,0.1328,12.0,0.13279,152.0,0.13296,12.0,0.13297,19.0
1753532241557,12:17:21.557,AERGO/USDT:USDT,0.1328,12.0,0.13279,152.0,0.13296,12.0,0.13297,19.0
1753532241934,12:17:21.934,AERGO/USDT:USDT,0.1328,12.0,0.13279,152.0,0.13296,12.0,0.13297,19.0
1753532247152,12:17:27.152,AERGO/USDT:USDT,0.1328,12.0,0.13279,152.0,0.13296,12.0,0.13297,19.0
1753532247648,12:17:27.648,AERGO/USDT:USDT,0.1328,12.0,0.13279,152.0,0.13296,62.0,0.13297,19.0
1753532251905,12:17:31.905,AERGO/USDT:USDT,0.1328,12.0,0.13279,152.0,0.13296,62.0,0.13297,248.0
1753532252927,12:17:32.927,AERGO/USDT:USDT,0.1328,12.0,0.13279,152.0,0.13296,62.0,0.13297,248.0
1753532252931,12:17:32.931,AERGO/USDT:USDT,0.1328,12.0,0.13279,152.0,0.13296,62.0,0.13297,248.0
1753532257007,12:17:37.007,AERGO/USDT:USDT,0.1328,12.0,0.13279,152.0,0.13296,62.0,0.13297,248.0
1753532257325,12:17:37.325,AERGO/USDT:USDT,0.1328,12.0,0.13279,152.0,0.13296,62.0,0.13297,248.0
1753532257710,12:17:37.710,AERGO/USDT:USDT,0.1328,12.0,0.13279,152.0,0.13296,62.0,0.13297,248.0
1753532259197,12:17:39.197,AERGO/USDT:USDT,0.1328,12.0,0.13279,152.0,0.13296,62.0,0.13297,248.0
1753532262002,12:17:42.002,AERGO/USDT:USDT,0.1328,12.0,0.13279,152.0,0.13296,62.0,0.13297,248.0
1753532264058,12:17:44.058,AERGO/USDT:USDT,0.1328,12.0,0.13279,152.0,0.13296,62.0,0.13297,248.0
1753532264325,12:17:44.325,AERGO/USDT:USDT,0.1328,12.0,0.13279,152.0,0.13296,62.0,0.13297,248.0
1753532264671,12:17:44.671,AERGO/USDT:USDT,0.1328,12.0,0.13279,152.0,0.13296,62.0,0.13297,248.0
1753532265841,12:17:45.841,AERGO/USDT:USDT,0.1328,12.0,0.13279,152.0,0.13296,62.0,0.13297,248.0
1753532273086,12:17:53.086,AERGO/USDT:USDT,0.1328,12.0,0.13279,152.0,0.13296,62.0,0.13297,248.0
1753532273476,12:17:53.476,AERGO/USDT:USDT,0.1328,12.0,0.13279,152.0,0.13296,62.0,0.13297,248.0
1753532277510,12:17:57.510,AERGO/USDT:USDT,0.1328,12.0,0.13279,152.0,0.13296,62.0,0.13297,248.0
1753532277627,12:17:57.627,AERGO/USDT:USDT,0.1328,12.0,0.13279,152.0,0.13296,62.0,0.13297,19.0
1753532277909,12:17:57.909,AERGO/USDT:USDT,0.1328,12.0,0.13279,152.0,0.13296,62.0,0.13297,19.0
1753532277978,12:17:57.978,AERGO/USDT:USDT,0.1328,12.0,0.13279,152.0,0.13296,62.0,0.13297,19.0
1753532281512,12:18:01.512,AERGO/USDT:USDT,0.1328,12.0,0.13279,152.0,0.13296,62.0,0.13297,19.0
1753532281628,12:18:01.628,AERGO/USDT:USDT,0.1328,12.0,0.13279,152.0,0.13296,62.0,0.13297,19.0
1753532281631,12:18:01.631,AERGO/USDT:USDT,0.1328,12.0,0.13279,152.0,0.13296,62.0,0.13297,19.0
1753532282021,12:18:02.021,AERGO/USDT:USDT,0.1328,12.0,0.13279,152.0,0.13296,62.0,0.13297,19.0
1753532282031,12:18:02.031,AERGO/USDT:USDT,0.1328,12.0,0.13279,152.0,0.13296,62.0,0.13297,19.0
1753532282222,12:18:02.222,AERGO/USDT:USDT,0.13287,184.0,0.13286,44.0,0.13296,51.0,0.13298,167.0
1753532282314,12:18:02.314,AERGO/USDT:USDT,0.13288,12.0,0.13287,184.0,0.13296,1.0,0.13303,217.0
1753532282404,12:18:02.404,AERGO/USDT:USDT,0.13288,12.0,0.13287,32.0,0.13296,1.0,0.13303,217.0
1753532282512,12:18:02.512,AERGO/USDT:USDT,0.13288,12.0,0.13287,32.0,0.13296,1.0,0.13303,217.0
1753532282558,12:18:02.558,AERGO/USDT:USDT,0.13288,12.0,0.13287,32.0,0.13296,1.0,0.13303,217.0
1753532282780,12:18:02.780,AERGO/USDT:USDT,0.13288,12.0,0.13287,32.0,0.13296,1.0,0.13303,217.0
1753532283241,12:18:03.241,AERGO/USDT:USDT,0.13288,12.0,0.13287,32.0,0.13296,1.0,0.13303,217.0
1753532283344,12:18:03.344,AERGO/USDT:USDT,0.13288,12.0,0.13287,32.0,0.13296,1.0,0.13303,217.0
1753532284389,12:18:04.389,AERGO/USDT:USDT,0.13288,12.0,0.13287,32.0,0.13296,1.0,0.13303,217.0
1753532285159,12:18:05.159,AERGO/USDT:USDT,0.13288,12.0,0.13287,16.0,0.13296,1.0,0.13303,217.0
1753532286006,12:18:06.006,AERGO/USDT:USDT,0.13288,12.0,0.13287,16.0,0.13296,1.0,0.13303,217.0
1753532286034,12:18:06.034,AERGO/USDT:USDT,0.13288,12.0,0.13287,16.0,0.13296,1.0,0.13298,19.0
1753532286869,12:18:06.869,AERGO/USDT:USDT,0.13288,12.0,0.1328,50.0,0.13296,1.0,0.13298,19.0
1753532286951,12:18:06.951,AERGO/USDT:USDT,0.13285,184.0,0.13284,22.0,0.13296,1.0,0.13298,19.0
1753532287037,12:18:07.037,AERGO/USDT:USDT,0.13286,12.0,0.13285,184.0,0.13296,1.0,0.13298,19.0
1753532287811,12:18:07.811,AERGO/USDT:USDT,0.13286,12.0,0.13285,184.0,0.13296,1.0,0.13298,19.0
1753532287831,12:18:07.831,AERGO/USDT:USDT,0.13286,12.0,0.13285,184.0,0.13296,1.0,0.13298,19.0
1753532288849,12:18:08.849,AERGO/USDT:USDT,0.13286,12.0,0.13285,184.0,0.13296,1.0,0.13298,19.0
1753532289221,12:18:09.221,AERGO/USDT:USDT,0.13286,12.0,0.13285,184.0,0.13296,1.0,0.13298,19.0
1753532293612,12:18:13.612,AERGO/USDT:USDT,0.13286,12.0,0.13285,184.0,0.13296,1.0,0.13298,19.0
1753532298072,12:18:18.072,AERGO/USDT:USDT,0.13286,12.0,0.13285,184.0,0.13296,1.0,0.13298,19.0
1753532298910,12:18:18.910,AERGO/USDT:USDT,0.13286,241.0,0.13285,184.0,0.13296,1.0,0.13298,19.0
1753532300003,12:18:20.003,AERGO/USDT:USDT,0.13286,241.0,0.13285,184.0,0.13296,1.0,0.13298,19.0
1753532300052,12:18:20.052,AERGO/USDT:USDT,0.13286,241.0,0.13285,184.0,0.13296,1.0,0.13298,19.0
1753532302311,12:18:22.311,AERGO/USDT:USDT,0.13286,241.0,0.13285,184.0,0.13296,1.0,0.13298,19.0
1753532304207,12:18:24.207,AERGO/USDT:USDT,0.13286,12.0,0.13285,184.0,0.13296,1.0,0.13298,19.0
1753532304575,12:18:24.575,AERGO/USDT:USDT,0.13286,12.0,0.13285,184.0,0.13296,1.0,0.13298,19.0
1753532304937,12:18:24.937,AERGO/USDT:USDT,0.13286,12.0,0.13285,184.0,0.13296,1.0,0.13298,19.0
1753532306322,12:18:26.322,AERGO/USDT:USDT,0.13286,12.0,0.13285,184.0,0.13296,1.0,0.13298,19.0
1753532306332,12:18:26.332,AERGO/USDT:USDT,0.13286,12.0,0.13285,184.0,0.13296,1.0,0.13298,19.0
1753532316119,12:18:36.119,AERGO/USDT:USDT,0.13286,12.0,0.13285,184.0,0.13296,1.0,0.13298,19.0
1753532316210,12:18:36.210,AERGO/USDT:USDT,0.13286,241.0,0.13285,184.0,0.13296,1.0,0.13298,19.0
1753532319852,12:18:39.852,AERGO/USDT:USDT,0.13286,241.0,0.13285,184.0,0.13296,1.0,0.13298,19.0
1753532320306,12:18:40.306,AERGO/USDT:USDT,0.13286,241.0,0.13285,184.0,0.13296,1.0,0.13298,19.0
1753532320672,12:18:40.672,AERGO/USDT:USDT,0.13286,241.0,0.13285,184.0,0.13296,1.0,0.13298,19.0
1753532324704,12:18:44.704,AERGO/USDT:USDT,0.13286,12.0,0.13285,184.0,0.13296,1.0,0.13298,19.0
1753532325090,12:18:45.090,AERGO/USDT:USDT,0.13286,241.0,0.13285,184.0,0.13296,1.0,0.13298,19.0
1753532325472,12:18:45.472,AERGO/USDT:USDT,0.13286,241.0,0.13285,184.0,0.13296,1.0,0.13298,19.0
1753532331271,12:18:51.271,AERGO/USDT:USDT,0.13286,241.0,0.13285,184.0,0.13296,1.0,0.13298,19.0
1753532332171,12:18:52.171,AERGO/USDT:USDT,0.13286,241.0,0.13285,184.0,0.13296,1.0,0.13298,19.0
1753532332471,12:18:52.471,AERGO/USDT:USDT,0.13286,241.0,0.13285,184.0,0.13296,1.0,0.13298,19.0
1753532333023,12:18:53.023,AERGO/USDT:USDT,0.13286,241.0,0.13285,184.0,0.13296,1.0,0.13298,19.0
1753532333033,12:18:53.033,AERGO/USDT:USDT,0.13286,241.0,0.13285,184.0,0.13296,1.0,0.13298,19.0
1753532336057,12:18:56.057,AERGO/USDT:USDT,0.13286,241.0,0.13285,184.0,0.13296,1.0,0.13298,19.0
1753532336474,12:18:56.474,AERGO/USDT:USDT,0.13286,241.0,0.13285,184.0,0.13296,1.0,0.13298,19.0
1753532337052,12:18:57.052,AERGO/USDT:USDT,0.13286,241.0,0.13285,184.0,0.13296,1.0,0.13298,19.0
1753532337525,12:18:57.525,AERGO/USDT:USDT,0.13286,241.0,0.13285,184.0,0.13296,1.0,0.13298,19.0
1753532337641,12:18:57.641,AERGO/USDT:USDT,0.13286,241.0,0.13285,184.0,0.13296,1.0,0.13298,19.0
1753532341629,12:19:01.629,AERGO/USDT:USDT,0.13286,241.0,0.13285,184.0,0.13296,1.0,0.13298,19.0
1753532341662,12:19:01.662,AERGO/USDT:USDT,0.13286,241.0,0.13285,184.0,0.13296,1.0,0.13298,19.0
1753532342852,12:19:02.852,AERGO/USDT:USDT,0.13286,241.0,0.13285,184.0,0.13296,1.0,0.13298,19.0
1753532345127,12:19:05.127,AERGO/USDT:USDT,0.13286,241.0,0.13285,184.0,0.13296,1.0,0.13298,19.0
1753532345712,12:19:05.712,AERGO/USDT:USDT,0.13286,241.0,0.13285,184.0,0.13296,1.0,0.13298,19.0
1753532346451,12:19:06.451,AERGO/USDT:USDT,0.13286,241.0,0.13285,184.0,0.13296,1.0,0.13298,19.0
1753532348628,12:19:08.628,AERGO/USDT:USDT,0.13286,241.0,0.13285,184.0,0.13296,1.0,0.13298,19.0
1753532348651,12:19:08.651,AERGO/USDT:USDT,0.13286,241.0,0.13285,184.0,0.13296,1.0,0.13298,19.0
