timestamp,time,symbol,bid1_price,bid1_volume,bid2_price,bid2_volume,ask1_price,ask1_volume,ask2_price,ask2_volume
1753520627000,09:03:47.000,AGT/USDT:USDT,0.005816,291.0,0.005815,765.0,0.005822,3.0,0.005823,103.0
1753520627524,09:03:47.524,AGT/USDT:USDT,0.005816,291.0,0.005815,765.0,0.005822,3.0,0.005823,103.0
1753520627627,09:03:47.627,AGT/USDT:USDT,0.005816,2344.0,0.005815,765.0,0.005822,3.0,0.005823,103.0
1753520628195,09:03:48.195,AGT/USDT:USDT,0.005817,200.0,0.005816,2344.0,0.005822,3.0,0.005823,103.0
1753520628288,09:03:48.288,AGT/USDT:USDT,0.005817,200.0,0.005816,2344.0,0.005822,3.0,0.005823,103.0
1753520629183,09:03:49.183,AGT/USDT:USDT,0.005817,200.0,0.005816,2344.0,0.005822,3.0,0.005823,103.0
1753520629417,09:03:49.417,AGT/USDT:USDT,0.005817,200.0,0.005816,2344.0,0.005822,3.0,0.005823,103.0
1753520629514,09:03:49.514,AGT/USDT:USDT,0.005817,200.0,0.005816,2344.0,0.005822,3.0,0.005823,103.0
1753520629693,09:03:49.693,AGT/USDT:USDT,0.005817,200.0,0.005816,2344.0,0.005822,3.0,0.005823,103.0
1753520629741,09:03:49.741,AGT/USDT:USDT,0.005817,200.0,0.005816,2344.0,0.005822,3.0,0.005823,103.0
1753520629811,09:03:49.811,AGT/USDT:USDT,0.005817,200.0,0.005816,2344.0,0.005822,3.0,0.005823,103.0
1753520630334,09:03:50.334,AGT/USDT:USDT,0.005817,200.0,0.005816,2344.0,0.005822,3.0,0.005823,103.0
1753520630756,09:03:50.756,AGT/USDT:USDT,0.005817,200.0,0.005816,2344.0,0.005822,3.0,0.005823,103.0
1753520634614,09:03:54.614,AGT/USDT:USDT,0.005817,200.0,0.005816,2344.0,0.005822,3.0,0.005823,103.0
1753520634754,09:03:54.754,AGT/USDT:USDT,0.005817,291.0,0.005816,2435.0,0.005822,3.0,0.005823,12.0
1753520635285,09:03:55.285,AGT/USDT:USDT,0.00582,2251.0,0.005819,874.0,0.00583,1.0,0.005831,200.0
1753520635345,09:03:55.345,AGT/USDT:USDT,0.00582,2251.0,0.005819,874.0,0.00583,1.0,0.005831,200.0
1753520635406,09:03:55.406,AGT/USDT:USDT,0.00582,2251.0,0.005819,874.0,0.00583,1.0,0.005831,200.0
1753520635582,09:03:55.582,AGT/USDT:USDT,0.00582,2251.0,0.005819,874.0,0.00583,1.0,0.005831,200.0
1753520635912,09:03:55.912,AGT/USDT:USDT,0.00582,2251.0,0.005819,874.0,0.00583,1.0,0.005831,200.0
1753520636105,09:03:56.105,AGT/USDT:USDT,0.00582,2251.0,0.005819,874.0,0.00583,1.0,0.005835,200.0
1753520636221,09:03:56.221,AGT/USDT:USDT,0.00582,2251.0,0.005819,874.0,0.005834,1.0,0.005835,200.0
1753520636306,09:03:56.306,AGT/USDT:USDT,0.00582,2251.0,0.005819,874.0,0.005834,1.0,0.005835,200.0
1753520636455,09:03:56.455,AGT/USDT:USDT,0.005823,874.0,0.005822,1362.0,0.005834,1.0,0.005835,200.0
1753520636856,09:03:56.856,AGT/USDT:USDT,0.005823,874.0,0.005822,1362.0,0.005834,1.0,0.005835,200.0
1753520637094,09:03:57.094,AGT/USDT:USDT,0.005824,200.0,0.005823,874.0,0.005834,201.0,0.005835,200.0
1753520637109,09:03:57.109,AGT/USDT:USDT,0.005824,200.0,0.005823,874.0,0.005834,361.0,0.005835,200.0
1753520637286,09:03:57.286,AGT/USDT:USDT,0.005824,200.0,0.005823,874.0,0.005834,361.0,0.005835,200.0
1753520638077,09:03:58.077,AGT/USDT:USDT,0.005824,200.0,0.005823,874.0,0.005834,361.0,0.005835,200.0
1753520638120,09:03:58.120,AGT/USDT:USDT,0.005824,200.0,0.005823,874.0,0.005834,361.0,0.005835,200.0
1753520638369,09:03:58.369,AGT/USDT:USDT,0.005824,1328.0,0.005823,874.0,0.005834,361.0,0.005835,200.0
1753520638438,09:03:58.438,AGT/USDT:USDT,0.005824,1328.0,0.005823,874.0,0.005834,361.0,0.005835,200.0
1753520638562,09:03:58.562,AGT/USDT:USDT,0.005826,200.0,0.005825,2141.0,0.005834,361.0,0.005835,200.0
1753520638926,09:03:58.926,AGT/USDT:USDT,0.005826,200.0,0.005825,2141.0,0.005834,361.0,0.005835,200.0
1753520639061,09:03:59.061,AGT/USDT:USDT,0.005826,200.0,0.005825,2141.0,0.005834,161.0,0.005835,200.0
1753520639361,09:03:59.361,AGT/USDT:USDT,0.005826,200.0,0.005825,2141.0,0.005834,161.0,0.005835,200.0
1753520639832,09:03:59.832,AGT/USDT:USDT,0.005826,200.0,0.005825,2141.0,0.005834,161.0,0.005835,200.0
1753520640157,09:04:00.157,AGT/USDT:USDT,0.005826,200.0,0.005825,2141.0,0.005834,161.0,0.005835,200.0
1753520640282,09:04:00.282,AGT/USDT:USDT,0.005826,200.0,0.005825,2141.0,0.005834,161.0,0.005835,200.0
1753520640376,09:04:00.376,AGT/USDT:USDT,0.005826,200.0,0.005825,2141.0,0.005834,161.0,0.005835,200.0
1753520640444,09:04:00.444,AGT/USDT:USDT,0.005826,200.0,0.005825,2141.0,0.005834,161.0,0.005835,200.0
1753520640586,09:04:00.586,AGT/USDT:USDT,0.005826,200.0,0.005825,2141.0,0.005834,161.0,0.005835,200.0
1753520641257,09:04:01.257,AGT/USDT:USDT,0.005826,200.0,0.005825,2050.0,0.005834,161.0,0.005835,200.0
1753520641366,09:04:01.366,AGT/USDT:USDT,0.005826,200.0,0.005825,2050.0,0.005834,161.0,0.005835,200.0
1753520641414,09:04:01.414,AGT/USDT:USDT,0.005826,200.0,0.005825,2050.0,0.005834,161.0,0.005835,200.0
1753520641611,09:04:01.611,AGT/USDT:USDT,0.005826,200.0,0.005825,2050.0,0.005834,161.0,0.005835,200.0
1753520641937,09:04:01.937,AGT/USDT:USDT,0.005826,200.0,0.005825,2050.0,0.005834,161.0,0.005835,200.0
1753520642041,09:04:02.041,AGT/USDT:USDT,0.005826,200.0,0.005825,2050.0,0.005834,161.0,0.005835,200.0
1753520642235,09:04:02.235,AGT/USDT:USDT,0.005826,200.0,0.005825,2050.0,0.005834,161.0,0.005835,200.0
1753520645055,09:04:05.055,AGT/USDT:USDT,0.005826,200.0,0.005823,674.0,0.005834,161.0,0.005835,200.0
1753520645132,09:04:05.132,AGT/USDT:USDT,0.005826,200.0,0.005825,2048.0,0.005834,161.0,0.005835,200.0
1753520645474,09:04:05.474,AGT/USDT:USDT,0.005826,200.0,0.005825,2048.0,0.005834,161.0,0.005835,200.0
1753520645994,09:04:05.994,AGT/USDT:USDT,0.005826,200.0,0.005825,2048.0,0.005834,361.0,0.005835,200.0
1753520646298,09:04:06.298,AGT/USDT:USDT,0.005831,2.0,0.005826,200.0,0.005834,361.0,0.005835,200.0
1753520646317,09:04:06.317,AGT/USDT:USDT,0.005826,200.0,0.005825,2048.0,0.005834,361.0,0.005835,200.0
1753520646435,09:04:06.435,AGT/USDT:USDT,0.005826,200.0,0.005825,2048.0,0.005834,362.0,0.005835,200.0
1753520646534,09:04:06.534,AGT/USDT:USDT,0.005826,200.0,0.005825,2048.0,0.005834,361.0,0.005835,200.0
1753520646725,09:04:06.725,AGT/USDT:USDT,0.005826,200.0,0.005825,2048.0,0.005834,361.0,0.005835,200.0
1753520646808,09:04:06.808,AGT/USDT:USDT,0.005826,200.0,0.005825,2048.0,0.005834,361.0,0.005835,200.0
1753520647961,09:04:07.961,AGT/USDT:USDT,0.005826,200.0,0.005825,2048.0,0.005834,161.0,0.005835,200.0
1753520648356,09:04:08.356,AGT/USDT:USDT,0.005826,200.0,0.005825,2048.0,0.005834,161.0,0.005835,200.0
1753520648552,09:04:08.552,AGT/USDT:USDT,0.005826,200.0,0.005825,2048.0,0.005834,161.0,0.005835,200.0
1753520649965,09:04:09.965,AGT/USDT:USDT,0.005826,200.0,0.005825,2048.0,0.005834,361.0,0.005835,200.0
1753520651211,09:04:11.211,AGT/USDT:USDT,0.005826,200.0,0.005825,2048.0,0.005834,361.0,0.005835,200.0
1753520651916,09:04:11.916,AGT/USDT:USDT,0.005826,200.0,0.005825,2048.0,0.005834,161.0,0.005835,200.0
1753520652916,09:04:12.916,AGT/USDT:USDT,0.005826,200.0,0.005825,2048.0,0.005834,161.0,0.005835,200.0
1753520653233,09:04:13.233,AGT/USDT:USDT,0.005826,200.0,0.005825,2048.0,0.005834,161.0,0.005835,200.0
1753520653341,09:04:13.341,AGT/USDT:USDT,0.005826,200.0,0.005825,2048.0,0.005834,161.0,0.005835,200.0
1753520653421,09:04:13.421,AGT/USDT:USDT,0.005826,200.0,0.005825,2048.0,0.005834,161.0,0.005835,200.0
1753520653904,09:04:13.904,AGT/USDT:USDT,0.005826,200.0,0.005825,2048.0,0.005834,361.0,0.005835,200.0
1753520655882,09:04:15.882,AGT/USDT:USDT,0.005826,200.0,0.005825,2048.0,0.005834,361.0,0.005835,200.0
1753520656012,09:04:16.012,AGT/USDT:USDT,0.005826,200.0,0.005825,2048.0,0.005834,361.0,0.005835,200.0
1753520657860,09:04:17.860,AGT/USDT:USDT,0.005826,200.0,0.005825,2048.0,0.005834,361.0,0.005835,200.0
1753520659856,09:04:19.856,AGT/USDT:USDT,0.005826,200.0,0.005825,2048.0,0.005834,161.0,0.005835,200.0
1753520660702,09:04:20.702,AGT/USDT:USDT,0.005826,200.0,0.005825,2048.0,0.005834,161.0,0.005835,200.0
1753520660829,09:04:20.829,AGT/USDT:USDT,0.005826,200.0,0.005825,2048.0,0.005834,161.0,0.005835,200.0
1753520661564,09:04:21.564,AGT/USDT:USDT,0.005826,200.0,0.005825,2048.0,0.005834,161.0,0.005835,200.0
1753520661649,09:04:21.649,AGT/USDT:USDT,0.005826,200.0,0.005825,2048.0,0.005834,161.0,0.005835,200.0
1753520662452,09:04:22.452,AGT/USDT:USDT,0.005826,200.0,0.005825,2048.0,0.005834,161.0,0.005835,200.0
1753520663274,09:04:23.274,AGT/USDT:USDT,0.005826,200.0,0.005825,2048.0,0.005834,161.0,0.005835,200.0
1753520663321,09:04:23.321,AGT/USDT:USDT,0.005827,292.0,0.005826,291.0,0.005833,2.0,0.005834,83.0
1753520663625,09:04:23.625,AGT/USDT:USDT,0.005827,966.0,0.005826,1653.0,0.005833,2.0,0.005834,1.0
1753520663706,09:04:23.706,AGT/USDT:USDT,0.005827,966.0,0.005826,1653.0,0.005834,3.0,0.005835,200.0
1753520664499,09:04:24.499,AGT/USDT:USDT,0.005827,966.0,0.005826,1653.0,0.005834,3.0,0.005835,200.0
1753520665612,09:04:25.612,AGT/USDT:USDT,0.005827,966.0,0.005826,1653.0,0.005834,3.0,0.005835,200.0
1753520666797,09:04:26.797,AGT/USDT:USDT,0.005827,966.0,0.005826,1653.0,0.005834,3.0,0.005835,200.0
1753520666815,09:04:26.815,AGT/USDT:USDT,0.005827,966.0,0.005826,1653.0,0.005834,3.0,0.005835,200.0
1753520666911,09:04:26.911,AGT/USDT:USDT,0.005827,966.0,0.005826,1653.0,0.005834,3.0,0.005835,200.0
1753520667091,09:04:27.091,AGT/USDT:USDT,0.005827,966.0,0.005826,1653.0,0.005834,3.0,0.005835,200.0
1753520667136,09:04:27.136,AGT/USDT:USDT,0.005827,966.0,0.005826,1653.0,0.005834,3.0,0.005835,200.0
1753520670412,09:04:30.412,AGT/USDT:USDT,0.005827,966.0,0.005826,1653.0,0.005834,3.0,0.005835,200.0
1753520673394,09:04:33.394,AGT/USDT:USDT,0.005827,292.0,0.005826,1653.0,0.005834,71.0,0.005835,200.0
1753520673462,09:04:33.462,AGT/USDT:USDT,0.005827,201.0,0.005826,200.0,0.005834,71.0,0.005835,200.0
1753520673553,09:04:33.553,AGT/USDT:USDT,0.005827,2240.0,0.005826,200.0,0.005834,71.0,0.005835,200.0
1753520673682,09:04:33.682,AGT/USDT:USDT,0.005827,2040.0,0.005824,1037.0,0.005834,71.0,0.005835,200.0
1753520674197,09:04:34.197,AGT/USDT:USDT,0.005827,2040.0,0.005824,1037.0,0.005834,71.0,0.005835,200.0
1753520674201,09:04:34.201,AGT/USDT:USDT,0.005827,2040.0,0.005824,1037.0,0.005834,71.0,0.005835,200.0
1753520674581,09:04:34.581,AGT/USDT:USDT,0.005827,2040.0,0.005824,1037.0,0.005834,71.0,0.005835,200.0
1753520674671,09:04:34.671,AGT/USDT:USDT,0.005827,2040.0,0.005824,1037.0,0.005834,271.0,0.005835,200.0
1753520675056,09:04:35.056,AGT/USDT:USDT,0.005827,2040.0,0.005824,1037.0,0.005834,271.0,0.005835,200.0
1753520675212,09:04:35.212,AGT/USDT:USDT,0.005827,2040.0,0.005824,1037.0,0.005834,271.0,0.005835,200.0
1753520675400,09:04:35.400,AGT/USDT:USDT,0.005827,2040.0,0.005824,1037.0,0.005834,271.0,0.005835,200.0
1753520675649,09:04:35.649,AGT/USDT:USDT,0.005827,2040.0,0.005824,1037.0,0.005834,271.0,0.005835,200.0
1753520676694,09:04:36.694,AGT/USDT:USDT,0.005827,2040.0,0.005824,1037.0,0.005834,71.0,0.005835,200.0
1753520676740,09:04:36.740,AGT/USDT:USDT,0.005827,2040.0,0.005824,1037.0,0.005834,71.0,0.005835,200.0
1753520676893,09:04:36.893,AGT/USDT:USDT,0.005827,2040.0,0.005824,1037.0,0.005834,3.0,0.005835,200.0
1753520676913,09:04:36.913,AGT/USDT:USDT,0.005827,2040.0,0.005824,1037.0,0.005834,3.0,0.005835,200.0
1753520677006,09:04:37.006,AGT/USDT:USDT,0.005827,2040.0,0.005824,1037.0,0.005834,3.0,0.005835,200.0
1753520677640,09:04:37.640,AGT/USDT:USDT,0.005828,291.0,0.005827,2040.0,0.005834,3.0,0.005835,200.0
1753520677706,09:04:37.706,AGT/USDT:USDT,0.005829,1.0,0.005828,291.0,0.005834,3.0,0.005835,200.0
1753520678677,09:04:38.677,AGT/USDT:USDT,0.005829,1.0,0.005828,291.0,0.005834,3.0,0.005835,200.0
1753520680017,09:04:40.017,AGT/USDT:USDT,0.005829,1.0,0.005828,291.0,0.005834,3.0,0.005835,200.0
1753520680804,09:04:40.804,AGT/USDT:USDT,0.005829,1.0,0.005828,291.0,0.005834,3.0,0.005835,291.0
1753520680915,09:04:40.915,AGT/USDT:USDT,0.005829,1.0,0.005828,291.0,0.005834,74.0,0.005835,291.0
1753520684813,09:04:44.813,AGT/USDT:USDT,0.005829,1.0,0.005828,291.0,0.005834,74.0,0.005835,291.0
1753520684941,09:04:44.941,AGT/USDT:USDT,0.005829,1.0,0.005823,674.0,0.005834,74.0,0.005835,291.0
1753520685046,09:04:45.046,AGT/USDT:USDT,0.005824,2235.0,0.005823,674.0,0.005834,74.0,0.005835,291.0
1753520685137,09:04:45.137,AGT/USDT:USDT,0.005824,2235.0,0.005823,674.0,0.005834,75.0,0.005835,291.0
1753520685235,09:04:45.235,AGT/USDT:USDT,0.005824,2235.0,0.005823,674.0,0.005834,74.0,0.005835,291.0
1753520685548,09:04:45.548,AGT/USDT:USDT,0.005824,2235.0,0.005823,674.0,0.005834,274.0,0.005835,291.0
1753520685872,09:04:45.872,AGT/USDT:USDT,0.005824,2235.0,0.005823,674.0,0.005834,274.0,0.005835,291.0
1753520687274,09:04:47.274,AGT/USDT:USDT,0.005824,2235.0,0.005823,674.0,0.005834,274.0,0.005835,291.0
1753520687527,09:04:47.527,AGT/USDT:USDT,0.005825,200.0,0.005824,2235.0,0.005834,274.0,0.005835,291.0
1753520687621,09:04:47.621,AGT/USDT:USDT,0.005826,201.0,0.005825,200.0,0.005834,274.0,0.005835,291.0
1753520688364,09:04:48.364,AGT/USDT:USDT,0.005826,201.0,0.005825,200.0,0.005834,274.0,0.005835,291.0
1753520688508,09:04:48.508,AGT/USDT:USDT,0.005826,201.0,0.005825,200.0,0.005834,274.0,0.005835,291.0
1753520689493,09:04:49.493,AGT/USDT:USDT,0.005826,1.0,0.005825,200.0,0.005834,274.0,0.005835,291.0
1753520689503,09:04:49.503,AGT/USDT:USDT,0.005826,201.0,0.005825,200.0,0.005834,274.0,0.005835,291.0
1753520689613,09:04:49.613,AGT/USDT:USDT,0.005826,201.0,0.005825,200.0,0.005834,274.0,0.005835,291.0
1753520691098,09:04:51.098,AGT/USDT:USDT,0.005826,201.0,0.005825,200.0,0.005834,274.0,0.005835,291.0
1753520691100,09:04:51.100,AGT/USDT:USDT,0.005826,201.0,0.005825,200.0,0.005834,274.0,0.005835,291.0
1753520691392,09:04:51.392,AGT/USDT:USDT,0.005826,201.0,0.005825,200.0,0.005834,274.0,0.005835,291.0
1753520691481,09:04:51.481,AGT/USDT:USDT,0.005826,201.0,0.005825,200.0,0.005834,274.0,0.005835,291.0
1753520692298,09:04:52.298,AGT/USDT:USDT,0.005811,674.0,0.00581,212.0,0.005826,200.0,0.005827,2599.0
1753520692382,09:04:52.382,AGT/USDT:USDT,0.005814,200.0,0.005812,200.0,0.005819,1105.0,0.00582,115.0
1753520692470,09:04:52.470,AGT/USDT:USDT,0.005814,200.0,0.005813,182.0,0.005818,4.0,0.005824,200.0
1753520692537,09:04:52.537,AGT/USDT:USDT,0.005814,200.0,0.005813,91.0,0.005821,1430.0,0.005824,204.0
1753520692605,09:04:52.605,AGT/USDT:USDT,0.005814,200.0,0.005813,91.0,0.00582,4.0,0.005821,1430.0
1753520692772,09:04:52.772,AGT/USDT:USDT,0.005814,200.0,0.005813,91.0,0.005824,200.0,0.005825,1362.0
1753520692894,09:04:52.894,AGT/USDT:USDT,0.005814,200.0,0.005813,91.0,0.005824,200.0,0.005825,1362.0
1753520692951,09:04:52.951,AGT/USDT:USDT,0.005814,200.0,0.005813,95.0,0.005824,200.0,0.005825,2036.0
1753520693157,09:04:53.157,AGT/USDT:USDT,0.005814,291.0,0.005813,95.0,0.005824,200.0,0.005825,2036.0
1753520693225,09:04:53.225,AGT/USDT:USDT,0.005814,291.0,0.005813,95.0,0.005824,268.0,0.005825,2036.0
1753520693459,09:04:53.459,AGT/USDT:USDT,0.005814,291.0,0.005813,295.0,0.005824,268.0,0.005825,2036.0
1753520693502,09:04:53.502,AGT/USDT:USDT,0.005814,291.0,0.005813,295.0,0.005824,339.0,0.005825,2036.0
1753520693684,09:04:53.684,AGT/USDT:USDT,0.005814,291.0,0.005813,295.0,0.005824,339.0,0.005825,2036.0
1753520694381,09:04:54.381,AGT/USDT:USDT,0.005814,291.0,0.005813,295.0,0.005821,1037.0,0.005824,339.0
1753520694424,09:04:54.424,AGT/USDT:USDT,0.005814,291.0,0.005813,295.0,0.005821,1176.0,0.005822,226.0
1753520694541,09:04:54.541,AGT/USDT:USDT,0.005814,291.0,0.005813,295.0,0.005821,1176.0,0.005822,226.0
1753520694958,09:04:54.958,AGT/USDT:USDT,0.005814,291.0,0.005813,295.0,0.005821,1176.0,0.005822,226.0
1753520695381,09:04:55.381,AGT/USDT:USDT,0.005814,291.0,0.005813,295.0,0.005821,1176.0,0.005822,226.0
1753520695423,09:04:55.423,AGT/USDT:USDT,0.005814,200.0,0.005813,295.0,0.005821,1176.0,0.005822,226.0
1753520695565,09:04:55.565,AGT/USDT:USDT,0.005814,200.0,0.005813,295.0,0.005821,1176.0,0.005822,226.0
1753520695606,09:04:55.606,AGT/USDT:USDT,0.005814,200.0,0.005813,291.0,0.005821,1176.0,0.005822,226.0
1753520695803,09:04:55.803,AGT/USDT:USDT,0.005814,200.0,0.005813,291.0,0.005821,1176.0,0.005822,226.0
1753520695978,09:04:55.978,AGT/USDT:USDT,0.005814,200.0,0.005813,291.0,0.005821,1176.0,0.005822,226.0
1753520696186,09:04:56.186,AGT/USDT:USDT,0.005814,200.0,0.005813,291.0,0.005821,1176.0,0.005822,226.0
1753520696425,09:04:56.425,AGT/USDT:USDT,0.005814,200.0,0.005813,91.0,0.00582,200.0,0.005821,1176.0
1753520696538,09:04:56.538,AGT/USDT:USDT,0.005814,200.0,0.00581,16.0,0.00582,200.0,0.005821,1176.0
1753520696620,09:04:56.620,AGT/USDT:USDT,0.005814,200.0,0.00581,16.0,0.00582,200.0,0.005821,1176.0
1753520697084,09:04:57.084,AGT/USDT:USDT,0.005814,200.0,0.00581,16.0,0.00582,1562.0,0.005821,1176.0
1753520697107,09:04:57.107,AGT/USDT:USDT,0.00581,16.0,0.005809,2032.0,0.00582,1562.0,0.005821,1176.0
1753520697207,09:04:57.207,AGT/USDT:USDT,0.00581,16.0,0.005809,2032.0,0.00582,2236.0,0.005821,1176.0
1753520697307,09:04:57.307,AGT/USDT:USDT,0.00581,16.0,0.005807,674.0,0.00582,4269.0,0.005821,1176.0
1753520697458,09:04:57.458,AGT/USDT:USDT,0.00581,212.0,0.005808,200.0,0.00582,4269.0,0.005821,1176.0
1753520697828,09:04:57.828,AGT/USDT:USDT,0.00581,212.0,0.005808,200.0,0.00582,4269.0,0.005821,1176.0
1753520698290,09:04:58.290,AGT/USDT:USDT,0.00581,212.0,0.005808,200.0,0.00582,4269.0,0.005821,1176.0
1753520698479,09:04:58.479,AGT/USDT:USDT,0.00581,212.0,0.005808,200.0,0.005819,200.0,0.00582,4269.0
1753520698563,09:04:58.563,AGT/USDT:USDT,0.00581,212.0,0.005808,200.0,0.005819,200.0,0.00582,4269.0
1753520698704,09:04:58.704,AGT/USDT:USDT,0.00581,212.0,0.005808,200.0,0.005819,200.0,0.00582,4269.0
1753520698991,09:04:58.991,AGT/USDT:USDT,0.00581,212.0,0.005808,200.0,0.005819,200.0,0.00582,4269.0
1753520699149,09:04:59.149,AGT/USDT:USDT,0.00581,212.0,0.005808,200.0,0.005819,200.0,0.00582,4269.0
1753520699381,09:04:59.381,AGT/USDT:USDT,0.00581,12.0,0.005808,200.0,0.005819,200.0,0.00582,4269.0
1753520699539,09:04:59.539,AGT/USDT:USDT,0.00581,12.0,0.005808,200.0,0.005819,200.0,0.00582,4269.0
1753520700383,09:05:00.383,AGT/USDT:USDT,0.00581,212.0,0.005808,200.0,0.005819,200.0,0.00582,4269.0
1753520700591,09:05:00.591,AGT/USDT:USDT,0.00581,212.0,0.005808,200.0,0.005819,200.0,0.00582,4269.0
1753520700598,09:05:00.598,AGT/USDT:USDT,0.00581,212.0,0.005808,200.0,0.005819,200.0,0.00582,4269.0
1753520700872,09:05:00.872,AGT/USDT:USDT,0.00581,212.0,0.005808,200.0,0.005819,200.0,0.00582,4269.0
1753520701568,09:05:01.568,AGT/USDT:USDT,0.00581,212.0,0.005808,200.0,0.005819,200.0,0.00582,4269.0
1753520702358,09:05:02.358,AGT/USDT:USDT,0.00581,212.0,0.005808,200.0,0.005819,200.0,0.00582,4269.0
1753520702630,09:05:02.630,AGT/USDT:USDT,0.00581,212.0,0.005808,200.0,0.005819,200.0,0.00582,4269.0
1753520704337,09:05:04.337,AGT/USDT:USDT,0.00581,212.0,0.005808,200.0,0.005819,200.0,0.00582,4269.0
1753520706303,09:05:06.303,AGT/USDT:USDT,0.00581,12.0,0.005808,200.0,0.005819,200.0,0.00582,4269.0
1753520706911,09:05:06.911,AGT/USDT:USDT,0.00581,12.0,0.005808,200.0,0.005819,200.0,0.00582,3595.0
1753520707177,09:05:07.177,AGT/USDT:USDT,0.005811,674.0,0.00581,12.0,0.005819,200.0,0.00582,200.0
1753520707292,09:05:07.292,AGT/USDT:USDT,0.00581,12.0,0.005809,4.0,0.005824,2034.0,0.005825,2036.0
1753520707363,09:05:07.363,AGT/USDT:USDT,0.005812,2034.0,0.005811,674.0,0.005823,200.0,0.005825,2036.0
1753520707494,09:05:07.494,AGT/USDT:USDT,0.005819,2381.0,0.005813,4.0,0.005825,1362.0,0.005826,674.0
1753520707510,09:05:07.510,AGT/USDT:USDT,0.00582,4.0,0.005812,2034.0,0.005825,1432.0,0.005826,776.0
1753520707623,09:05:07.623,AGT/USDT:USDT,0.005813,1366.0,0.005812,2034.0,0.005825,70.0,0.005826,1464.0
1753520707706,09:05:07.706,AGT/USDT:USDT,0.005813,1366.0,0.005812,2034.0,0.005825,70.0,0.005826,1464.0
1753520707819,09:05:07.819,AGT/USDT:USDT,0.005813,1366.0,0.005812,2034.0,0.005825,70.0,0.005826,1362.0
1753520707969,09:05:07.969,AGT/USDT:USDT,0.005813,1366.0,0.005812,2034.0,0.005825,70.0,0.005826,2036.0
1753520708057,09:05:08.057,AGT/USDT:USDT,0.005813,1366.0,0.005812,2034.0,0.005825,70.0,0.005826,2036.0
1753520708195,09:05:08.195,AGT/USDT:USDT,0.005815,674.0,0.005814,1037.0,0.005825,70.0,0.005826,1362.0
1753520708242,09:05:08.242,AGT/USDT:USDT,0.005815,674.0,0.005814,1037.0,0.005827,200.0,0.005828,1362.0
1753520708396,09:05:08.396,AGT/USDT:USDT,0.005815,674.0,0.005814,1037.0,0.005827,200.0,0.005828,1362.0
1753520708482,09:05:08.482,AGT/USDT:USDT,0.005815,674.0,0.005814,1037.0,0.005827,200.0,0.005828,1362.0
1753520708543,09:05:08.543,AGT/USDT:USDT,0.005815,674.0,0.005814,1037.0,0.005827,200.0,0.005828,1362.0
1753520709001,09:05:09.001,AGT/USDT:USDT,0.005815,674.0,0.005814,1037.0,0.005827,200.0,0.005828,1362.0
1753520709723,09:05:09.723,AGT/USDT:USDT,0.005815,674.0,0.005814,1037.0,0.005827,200.0,0.005829,1362.0
1753520710110,09:05:10.110,AGT/USDT:USDT,0.005815,674.0,0.005814,1037.0,0.005827,200.0,0.005829,1362.0
1753520710496,09:05:10.496,AGT/USDT:USDT,0.005815,877.0,0.005814,1240.0,0.005829,1362.0,0.00583,674.0
1753520710531,09:05:10.531,AGT/USDT:USDT,0.005815,881.0,0.005814,1240.0,0.005829,1362.0,0.00583,674.0
1753520711040,09:05:11.040,AGT/USDT:USDT,0.005819,776.0,0.005818,2034.0,0.005829,1362.0,0.005832,2234.0
1753520711116,09:05:11.116,AGT/USDT:USDT,0.005819,881.0,0.005818,2034.0,0.005829,1432.0,0.005832,2234.0
1753520711258,09:05:11.258,AGT/USDT:USDT,0.005819,881.0,0.005818,2034.0,0.005829,270.0,0.005831,200.0
1753520711360,09:05:11.360,AGT/USDT:USDT,0.005819,881.0,0.005818,2034.0,0.005829,270.0,0.005831,200.0
1753520712021,09:05:12.021,AGT/USDT:USDT,0.005819,207.0,0.005818,2034.0,0.005829,1699.0,0.00583,674.0
1753520712397,09:05:12.397,AGT/USDT:USDT,0.005819,4.0,0.005818,2034.0,0.005827,200.0,0.005828,1237.0
1753520712404,09:05:12.404,AGT/USDT:USDT,0.005819,4.0,0.005818,2034.0,0.005827,200.0,0.005828,1237.0
1753520712589,09:05:12.589,AGT/USDT:USDT,0.005819,4.0,0.005815,2707.0,0.005827,200.0,0.005828,1237.0
1753520712630,09:05:12.630,AGT/USDT:USDT,0.005816,4.0,0.005815,2707.0,0.005827,200.0,0.005828,1237.0
1753520713084,09:05:13.084,AGT/USDT:USDT,0.005816,4.0,0.00581,12.0,0.005821,337.0,0.005822,1306.0
1753520713194,09:05:13.194,AGT/USDT:USDT,0.00581,12.0,0.005809,4.0,0.005821,337.0,0.005822,1306.0
1753520713281,09:05:13.281,AGT/USDT:USDT,0.00581,12.0,0.005808,2033.0,0.005821,337.0,0.005822,1306.0
1753520713329,09:05:13.329,AGT/USDT:USDT,0.00581,12.0,0.005809,4.0,0.005821,337.0,0.005822,1306.0
1753520713497,09:05:13.497,AGT/USDT:USDT,0.00581,12.0,0.005809,4.0,0.005821,1011.0,0.005822,1306.0
1753520713586,09:05:13.586,AGT/USDT:USDT,0.005811,775.0,0.00581,1151.0,0.005824,1362.0,0.005825,674.0
1753520713659,09:05:13.659,AGT/USDT:USDT,0.005811,779.0,0.00581,1151.0,0.005824,1362.0,0.005825,674.0
1753520713796,09:05:13.796,AGT/USDT:USDT,0.005814,2033.0,0.005811,4.0,0.005822,1037.0,0.005824,1429.0
1753520713876,09:05:13.876,AGT/USDT:USDT,0.005815,4.0,0.00581,2045.0,0.005821,270.0,0.005822,1037.0
1753520713921,09:05:13.921,AGT/USDT:USDT,0.005811,4.0,0.00581,2045.0,0.005821,337.0,0.005822,1037.0
1753520714008,09:05:14.008,AGT/USDT:USDT,0.005811,4.0,0.00581,2045.0,0.005821,337.0,0.005822,1037.0
1753520714168,09:05:14.168,AGT/USDT:USDT,0.005811,14.0,0.00581,2045.0,0.005821,337.0,0.005822,1037.0
1753520714248,09:05:14.248,AGT/USDT:USDT,0.005811,4.0,0.00581,2045.0,0.005821,1011.0,0.005822,1037.0
1753520714339,09:05:14.339,AGT/USDT:USDT,0.005811,14.0,0.00581,2045.0,0.005821,1011.0,0.005822,1037.0
1753520714752,09:05:14.752,AGT/USDT:USDT,0.005811,14.0,0.00581,2045.0,0.005821,1011.0,0.005822,1037.0
1753520714928,09:05:14.928,AGT/USDT:USDT,0.005811,14.0,0.00581,2147.0,0.005821,1011.0,0.005822,1037.0
1753520715191,09:05:15.191,AGT/USDT:USDT,0.005811,14.0,0.00581,2147.0,0.005821,1011.0,0.005822,1037.0
1753520715296,09:05:15.296,AGT/USDT:USDT,0.005811,14.0,0.00581,12.0,0.005819,200.0,0.00582,1562.0
1753520715305,09:05:15.305,AGT/USDT:USDT,0.005811,10.0,0.00581,12.0,0.005819,200.0,0.00582,1562.0
1753520715491,09:05:15.491,AGT/USDT:USDT,0.005811,10.0,0.00581,12.0,0.005819,200.0,0.00582,1562.0
1753520715642,09:05:15.642,AGT/USDT:USDT,0.00581,12.0,0.005807,4.0,0.005819,200.0,0.00582,1562.0
1753520715893,09:05:15.893,AGT/USDT:USDT,0.00581,12.0,0.005807,4.0,0.005819,200.0,0.00582,1562.0
1753520716079,09:05:16.079,AGT/USDT:USDT,0.00581,12.0,0.005807,4.0,0.005819,200.0,0.00582,1562.0
1753520716202,09:05:16.202,AGT/USDT:USDT,0.00581,12.0,0.005807,4.0,0.005819,200.0,0.00582,1562.0
1753520716498,09:05:16.498,AGT/USDT:USDT,0.00581,12.0,0.005807,4.0,0.005815,70.0,0.005816,235.0
1753520716506,09:05:16.506,AGT/USDT:USDT,0.00581,12.0,0.005807,4.0,0.005815,70.0,0.005816,235.0
1753520716607,09:05:16.607,AGT/USDT:USDT,0.00581,12.0,0.005807,4.0,0.005815,70.0,0.005816,235.0
1753520716894,09:05:16.894,AGT/USDT:USDT,0.00581,12.0,0.005807,4.0,0.005813,200.0,0.005814,1037.0
1753520716926,09:05:16.926,AGT/USDT:USDT,0.00581,12.0,0.005805,2033.0,0.005813,200.0,0.005814,1037.0
1753520717005,09:05:17.005,AGT/USDT:USDT,0.00581,12.0,0.005806,4.0,0.005813,200.0,0.005814,1037.0
1753520717459,09:05:17.459,AGT/USDT:USDT,0.00581,12.0,0.005806,4.0,0.005813,200.0,0.005814,1037.0
1753520717541,09:05:17.541,AGT/USDT:USDT,0.00581,12.0,0.005806,4.0,0.005813,200.0,0.005814,1037.0
1753520717769,09:05:17.769,AGT/USDT:USDT,0.00581,12.0,0.005806,4.0,0.005813,200.0,0.005814,1037.0
1753520719001,09:05:19.001,AGT/USDT:USDT,0.00581,12.0,0.005806,4.0,0.005813,200.0,0.005814,1037.0
1753520719350,09:05:19.350,AGT/USDT:USDT,0.00581,12.0,0.005806,4.0,0.005813,200.0,0.005814,1037.0
1753520719495,09:05:19.495,AGT/USDT:USDT,0.00581,12.0,0.005802,4.0,0.005811,200.0,0.005812,70.0
1753520719598,09:05:19.598,AGT/USDT:USDT,0.00581,12.0,0.005806,101.0,0.005815,70.0,0.005816,2399.0
1753520719683,09:05:19.683,AGT/USDT:USDT,0.00581,12.0,0.005808,102.0,0.005816,102.0,0.005817,102.0
1753520719791,09:05:19.791,AGT/USDT:USDT,0.00581,12.0,0.005806,101.0,0.005816,1362.0,0.005817,337.0
1753520719846,09:05:19.846,AGT/USDT:USDT,0.00581,12.0,0.005803,674.0,0.005815,200.0,0.005816,2036.0
1753520720003,09:05:20.003,AGT/USDT:USDT,0.00581,12.0,0.005803,674.0,0.005815,200.0,0.005816,2036.0
1753520720183,09:05:20.183,AGT/USDT:USDT,0.00581,12.0,0.005808,102.0,0.005815,200.0,0.005817,337.0
1753520720245,09:05:20.245,AGT/USDT:USDT,0.00581,12.0,0.005804,1362.0,0.005815,200.0,0.005817,337.0
1753520720663,09:05:20.663,AGT/USDT:USDT,0.00581,12.0,0.005804,1362.0,0.005815,200.0,0.005817,337.0
1753520721579,09:05:21.579,AGT/USDT:USDT,0.00581,12.0,0.005808,102.0,0.005815,200.0,0.005817,337.0
1753520721885,09:05:21.885,AGT/USDT:USDT,0.00581,12.0,0.005808,102.0,0.005815,200.0,0.005817,337.0
1753520722497,09:05:22.497,AGT/USDT:USDT,0.00581,12.0,0.005808,203.0,0.005814,101.0,0.005815,101.0
1753520722508,09:05:22.508,AGT/USDT:USDT,0.00581,12.0,0.005808,203.0,0.005817,67.0,0.005818,136.0
1753520722602,09:05:22.602,AGT/USDT:USDT,0.00581,12.0,0.005808,203.0,0.005817,137.0,0.005818,269.0
1753520722709,09:05:22.709,AGT/USDT:USDT,0.00581,12.0,0.005808,203.0,0.005817,137.0,0.005818,269.0
1753520723124,09:05:23.124,AGT/USDT:USDT,0.00581,12.0,0.005808,203.0,0.005817,337.0,0.005818,269.0
1753520723489,09:05:23.489,AGT/USDT:USDT,0.00581,12.0,0.005808,203.0,0.005817,337.0,0.005818,269.0
1753520723549,09:05:23.549,AGT/USDT:USDT,0.00581,12.0,0.005808,203.0,0.005817,337.0,0.005818,269.0
1753520724435,09:05:24.435,AGT/USDT:USDT,0.00581,31.0,0.005808,203.0,0.005817,337.0,0.005818,269.0
1753520724535,09:05:24.535,AGT/USDT:USDT,0.00581,12.0,0.005808,203.0,0.005817,337.0,0.005818,269.0
1753520724897,09:05:24.897,AGT/USDT:USDT,0.00581,12.0,0.005803,674.0,0.005815,1362.0,0.005817,1011.0
1753520724983,09:05:24.983,AGT/USDT:USDT,0.00581,12.0,0.005803,674.0,0.005814,337.0,0.005815,3664.0
1753520725092,09:05:25.092,AGT/USDT:USDT,0.00581,12.0,0.005803,674.0,0.005814,337.0,0.005815,3664.0
1753520725178,09:05:25.178,AGT/USDT:USDT,0.00581,12.0,0.005803,674.0,0.005814,337.0,0.005815,3664.0
1753520725495,09:05:25.495,AGT/USDT:USDT,0.00581,12.0,0.005803,674.0,0.005814,137.0,0.005815,3664.0
1753520725597,09:05:25.597,AGT/USDT:USDT,0.00581,12.0,0.005803,674.0,0.005814,137.0,0.005815,3664.0
1753520725598,09:05:25.598,AGT/USDT:USDT,0.00581,12.0,0.005803,674.0,0.005814,137.0,0.005815,3664.0
1753520726092,09:05:26.092,AGT/USDT:USDT,0.00581,12.0,0.005803,674.0,0.005814,337.0,0.005815,3664.0
1753520726125,09:05:26.125,AGT/USDT:USDT,0.00581,12.0,0.005803,674.0,0.005814,270.0,0.005815,3528.0
1753520726330,09:05:26.330,AGT/USDT:USDT,0.00581,12.0,0.005803,674.0,0.005814,270.0,0.005815,3528.0
1753520726447,09:05:26.447,AGT/USDT:USDT,0.00581,12.0,0.005803,674.0,0.005814,270.0,0.005815,3528.0
1753520726624,09:05:26.624,AGT/USDT:USDT,0.00581,12.0,0.005803,674.0,0.005814,270.0,0.005815,3528.0
1753520727729,09:05:27.729,AGT/USDT:USDT,0.00581,12.0,0.005803,674.0,0.005814,270.0,0.005815,3528.0
1753520728013,09:05:28.013,AGT/USDT:USDT,0.00581,12.0,0.005803,674.0,0.005814,270.0,0.005815,2166.0
1753520728145,09:05:28.145,AGT/USDT:USDT,0.00581,12.0,0.005803,674.0,0.005814,270.0,0.005815,2166.0
1753520729230,09:05:29.230,AGT/USDT:USDT,0.00581,12.0,0.005803,674.0,0.005814,270.0,0.005815,2166.0
1753520729431,09:05:29.431,AGT/USDT:USDT,0.00581,12.0,0.005804,1362.0,0.005814,270.0,0.005815,2166.0
1753520730135,09:05:30.135,AGT/USDT:USDT,0.00581,12.0,0.005803,674.0,0.005814,270.0,0.005815,2166.0
1753520731269,09:05:31.269,AGT/USDT:USDT,0.00581,12.0,0.005803,674.0,0.005814,270.0,0.005815,2166.0
1753520731493,09:05:31.493,AGT/USDT:USDT,0.00581,12.0,0.005803,674.0,0.005814,70.0,0.005815,2166.0
1753520733013,09:05:33.013,AGT/USDT:USDT,0.00581,12.0,0.005803,674.0,0.005814,270.0,0.005815,2166.0
1753520734030,09:05:34.030,AGT/USDT:USDT,0.00581,12.0,0.005803,674.0,0.005814,270.0,0.005815,2166.0
1753520736797,09:05:36.797,AGT/USDT:USDT,0.00581,12.0,0.005803,674.0,0.005814,270.0,0.005815,2166.0
1753520736820,09:05:36.820,AGT/USDT:USDT,0.00581,12.0,0.005803,674.0,0.005814,270.0,0.005815,2166.0
1753520737296,09:05:37.296,AGT/USDT:USDT,0.00581,12.0,0.005803,674.0,0.005814,270.0,0.005815,2166.0
1753520737495,09:05:37.495,AGT/USDT:USDT,0.00581,12.0,0.005803,674.0,0.005812,3294.0,0.005814,70.0
1753520737521,09:05:37.521,AGT/USDT:USDT,0.00581,12.0,0.005803,674.0,0.005814,70.0,0.005815,2166.0
1753520737716,09:05:37.716,AGT/USDT:USDT,0.00581,12.0,0.005803,674.0,0.005814,70.0,0.005815,2166.0
1753520738125,09:05:38.125,AGT/USDT:USDT,0.00581,12.0,0.005803,674.0,0.005814,70.0,0.005815,2166.0
1753520738557,09:05:38.557,AGT/USDT:USDT,0.00581,12.0,0.005803,674.0,0.005814,70.0,0.005815,2166.0
1753520738830,09:05:38.830,AGT/USDT:USDT,0.00581,12.0,0.005803,674.0,0.005814,70.0,0.005815,2166.0
1753520738946,09:05:38.946,AGT/USDT:USDT,0.00581,12.0,0.005803,674.0,0.005814,270.0,0.005815,2166.0
1753520739161,09:05:39.161,AGT/USDT:USDT,0.00581,12.0,0.0058,1366.0,0.005814,1632.0,0.005815,2166.0
1753520739231,09:05:39.231,AGT/USDT:USDT,0.00581,12.0,0.0058,1366.0,0.005814,2669.0,0.005815,2166.0
1753520739634,09:05:39.634,AGT/USDT:USDT,0.00581,12.0,0.0058,1366.0,0.005814,2669.0,0.005815,2166.0
1753520739797,09:05:39.797,AGT/USDT:USDT,0.00581,12.0,0.0058,1366.0,0.005814,2669.0,0.005815,2166.0
1753520740001,09:05:40.001,AGT/USDT:USDT,0.00581,12.0,0.0058,1366.0,0.005814,2669.0,0.005815,2166.0
1753520740117,09:05:40.117,AGT/USDT:USDT,0.00581,12.0,0.0058,4.0,0.005814,2669.0,0.005815,2166.0
1753520740206,09:05:40.206,AGT/USDT:USDT,0.00581,12.0,0.005799,2707.0,0.005814,2669.0,0.005815,2166.0
1753520740492,09:05:40.492,AGT/USDT:USDT,0.00581,12.0,0.005799,2707.0,0.005814,2669.0,0.005815,2166.0
1753520740662,09:05:40.662,AGT/USDT:USDT,0.00581,12.0,0.005799,2707.0,0.005814,2669.0,0.005815,2166.0
1753520741006,09:05:41.006,AGT/USDT:USDT,0.00581,12.0,0.005799,2707.0,0.005814,2669.0,0.005815,2166.0
1753520741460,09:05:41.460,AGT/USDT:USDT,0.00581,12.0,0.005799,2707.0,0.005814,2669.0,0.005815,2166.0
1753520741888,09:05:41.888,AGT/USDT:USDT,0.00581,12.0,0.005799,2707.0,0.005814,2669.0,0.005815,2166.0
1753520743495,09:05:43.495,AGT/USDT:USDT,0.00581,12.0,0.005799,2707.0,0.005814,2469.0,0.005815,2166.0
1753520743631,09:05:43.631,AGT/USDT:USDT,0.00581,12.0,0.005799,2707.0,0.005814,2469.0,0.005815,2166.0
1753520743890,09:05:43.890,AGT/USDT:USDT,0.00581,12.0,0.005799,2707.0,0.005813,200.0,0.005814,2469.0
1753520743915,09:05:43.915,AGT/USDT:USDT,0.00581,12.0,0.005799,2707.0,0.005813,200.0,0.005814,2469.0
1753520744006,09:05:44.006,AGT/USDT:USDT,0.00581,12.0,0.0058,1362.0,0.005813,200.0,0.005814,2469.0
1753520744119,09:05:44.119,AGT/USDT:USDT,0.00581,12.0,0.0058,1366.0,0.005813,200.0,0.005814,2469.0
1753520744233,09:05:44.233,AGT/USDT:USDT,0.00581,12.0,0.0058,4.0,0.005813,200.0,0.005814,2469.0
1753520744305,09:05:44.305,AGT/USDT:USDT,0.00581,12.0,0.005799,2707.0,0.005813,200.0,0.005814,2469.0
1753520744525,09:05:44.525,AGT/USDT:USDT,0.00581,12.0,0.0058,1362.0,0.005813,200.0,0.005814,2469.0
1753520744605,09:05:44.605,AGT/USDT:USDT,0.00581,12.0,0.0058,1366.0,0.005813,200.0,0.005814,2469.0
1753520744791,09:05:44.791,AGT/USDT:USDT,0.00581,12.0,0.0058,1366.0,0.005813,200.0,0.005814,2469.0
1753520745472,09:05:45.472,AGT/USDT:USDT,0.00581,12.0,0.0058,4.0,0.005813,200.0,0.005814,2469.0
1753520745551,09:05:45.551,AGT/USDT:USDT,0.00581,12.0,0.005799,2707.0,0.005813,200.0,0.005814,2469.0
1753520745625,09:05:45.625,AGT/USDT:USDT,0.00581,12.0,0.005807,101.0,0.005815,2034.0,0.005817,674.0
1753520745780,09:05:45.780,AGT/USDT:USDT,0.00581,12.0,0.005807,101.0,0.005815,2034.0,0.005816,101.0
1753520745819,09:05:45.819,AGT/USDT:USDT,0.00581,12.0,0.005807,101.0,0.005815,2034.0,0.005816,101.0
1753520745966,09:05:45.966,AGT/USDT:USDT,0.00581,12.0,0.005807,101.0,0.005815,2034.0,0.005816,101.0
1753520746003,09:05:46.003,AGT/USDT:USDT,0.00581,12.0,0.005807,101.0,0.005815,2034.0,0.005816,101.0
1753520746499,09:05:46.499,AGT/USDT:USDT,0.005813,3184.0,0.00581,12.0,0.005816,101.0,0.005817,102.0
1753520746568,09:05:46.568,AGT/USDT:USDT,0.00581,12.0,0.005804,2399.0,0.00582,1501.0,0.005821,674.0
1753520746621,09:05:46.621,AGT/USDT:USDT,0.00581,12.0,0.005804,2399.0,0.005818,200.0,0.005819,2034.0
1753520746782,09:05:46.782,AGT/USDT:USDT,0.00581,12.0,0.005804,2399.0,0.005818,200.0,0.005819,2034.0
1753520746830,09:05:46.830,AGT/USDT:USDT,0.00581,12.0,0.005804,2399.0,0.005818,200.0,0.005819,2034.0
1753520747075,09:05:47.075,AGT/USDT:USDT,0.00581,12.0,0.005804,1037.0,0.005816,1362.0,0.005817,674.0
1753520747193,09:05:47.193,AGT/USDT:USDT,0.00581,12.0,0.005804,1037.0,0.005816,1501.0,0.005817,941.0
1753520747215,09:05:47.215,AGT/USDT:USDT,0.00581,12.0,0.005804,1037.0,0.005815,200.0,0.005816,1501.0
1753520747387,09:05:47.387,AGT/USDT:USDT,0.00581,12.0,0.005804,1037.0,0.005815,200.0,0.005816,2861.0
1753520747445,09:05:47.445,AGT/USDT:USDT,0.00581,12.0,0.0058,4.0,0.005815,200.0,0.005816,2861.0
1753520747581,09:05:47.581,AGT/USDT:USDT,0.00581,12.0,0.0058,1362.0,0.005815,200.0,0.005816,3149.0
1753520747797,09:05:47.797,AGT/USDT:USDT,0.00581,12.0,0.005799,674.0,0.005813,674.0,0.005815,2296.0
1753520747871,09:05:47.871,AGT/USDT:USDT,0.00581,12.0,0.005799,674.0,0.005813,68.0,0.005815,200.0
1753520747976,09:05:47.976,AGT/USDT:USDT,0.00581,12.0,0.0058,1362.0,0.005812,2107.0,0.005813,139.0
1753520748004,09:05:48.004,AGT/USDT:USDT,0.00581,12.0,0.005799,674.0,0.005812,2107.0,0.005813,139.0
1753520748186,09:05:48.186,AGT/USDT:USDT,0.00581,12.0,0.005799,674.0,0.005812,2107.0,0.005813,139.0
1753520748262,09:05:48.262,AGT/USDT:USDT,0.00581,12.0,0.005799,674.0,0.005813,139.0,0.005814,2107.0
1753520748492,09:05:48.492,AGT/USDT:USDT,0.00581,12.0,0.005799,674.0,0.005813,813.0,0.005814,2107.0
1753520748774,09:05:48.774,AGT/USDT:USDT,0.00581,12.0,0.005799,674.0,0.005813,745.0,0.005814,2107.0
1753520748871,09:05:48.871,AGT/USDT:USDT,0.00581,12.0,0.005799,674.0,0.005812,200.0,0.005813,745.0
1753520749034,09:05:49.034,AGT/USDT:USDT,0.00581,12.0,0.005799,674.0,0.005812,200.0,0.005813,71.0
1753520749195,09:05:49.195,AGT/USDT:USDT,0.00581,12.0,0.005799,674.0,0.005812,200.0,0.005813,745.0
1753520749291,09:05:49.291,AGT/USDT:USDT,0.00581,12.0,0.005799,674.0,0.005812,200.0,0.005813,71.0
1753520749358,09:05:49.358,AGT/USDT:USDT,0.00581,12.0,0.005799,674.0,0.005812,200.0,0.005813,71.0
1753520749409,09:05:49.409,AGT/USDT:USDT,0.00581,12.0,0.005799,674.0,0.005812,200.0,0.005813,71.0
1753520749574,09:05:49.574,AGT/USDT:USDT,0.00581,12.0,0.005799,674.0,0.005812,200.0,0.005813,775.0
1753520749774,09:05:49.774,AGT/USDT:USDT,0.00581,12.0,0.005799,674.0,0.005812,200.0,0.005813,877.0
1753520749831,09:05:49.831,AGT/USDT:USDT,0.00581,12.0,0.005799,674.0,0.005812,200.0,0.005813,877.0
1753520750038,09:05:50.038,AGT/USDT:USDT,0.00581,12.0,0.0058,1362.0,0.005812,200.0,0.005813,203.0
1753520750125,09:05:50.125,AGT/USDT:USDT,0.00581,12.0,0.0058,1362.0,0.005812,200.0,0.005813,203.0
1753520750237,09:05:50.237,AGT/USDT:USDT,0.00581,12.0,0.0058,1362.0,0.005812,200.0,0.005813,203.0
1753520750747,09:05:50.747,AGT/USDT:USDT,0.00581,12.0,0.0058,1362.0,0.005812,200.0,0.005813,203.0
1753520751168,09:05:51.168,AGT/USDT:USDT,0.00581,12.0,0.0058,1362.0,0.005812,200.0,0.005813,203.0
1753520751571,09:05:51.571,AGT/USDT:USDT,0.00581,12.0,0.0058,1362.0,0.005812,200.0,0.005813,203.0
1753520752103,09:05:52.103,AGT/USDT:USDT,0.00581,12.0,0.0058,1362.0,0.005812,200.0,0.005813,101.0
1753520752493,09:05:52.493,AGT/USDT:USDT,0.00581,12.0,0.0058,1362.0,0.005812,200.0,0.005813,101.0
1753520753007,09:05:53.007,AGT/USDT:USDT,0.00581,12.0,0.0058,1362.0,0.005812,200.0,0.005813,101.0
1753520753231,09:05:53.231,AGT/USDT:USDT,0.00581,12.0,0.0058,1362.0,0.005812,200.0,0.005813,101.0
1753520753347,09:05:53.347,AGT/USDT:USDT,0.00581,12.0,0.0058,1362.0,0.005812,200.0,0.005813,203.0
1753520753521,09:05:53.521,AGT/USDT:USDT,0.00581,12.0,0.0058,1362.0,0.005811,2104.0,0.005813,203.0
1753520754006,09:05:54.006,AGT/USDT:USDT,0.00581,12.0,0.0058,1362.0,0.005811,2104.0,0.005813,203.0
1753520754829,09:05:54.829,AGT/USDT:USDT,0.00581,12.0,0.0058,1362.0,0.005811,2104.0,0.005813,203.0
1753520755192,09:05:55.192,AGT/USDT:USDT,0.00581,12.0,0.005799,674.0,0.005811,2104.0,0.005813,203.0
1753520755495,09:05:55.495,AGT/USDT:USDT,0.00581,12.0,0.005799,674.0,0.005811,2104.0,0.005813,203.0
1753520755645,09:05:55.645,AGT/USDT:USDT,0.00581,12.0,0.005799,674.0,0.005811,2104.0,0.005813,203.0
1753520756075,09:05:56.075,AGT/USDT:USDT,0.00581,12.0,0.005799,674.0,0.005811,2104.0,0.005813,203.0
1753520756462,09:05:56.462,AGT/USDT:USDT,0.00581,12.0,0.005799,674.0,0.005811,2104.0,0.005813,203.0
1753520757003,09:05:57.003,AGT/USDT:USDT,0.00581,12.0,0.005799,674.0,0.005811,2104.0,0.005813,203.0
1753520758033,09:05:58.033,AGT/USDT:USDT,0.00581,12.0,0.005799,674.0,0.005811,2104.0,0.005813,203.0
1753520758287,09:05:58.287,AGT/USDT:USDT,0.005797,12.0,0.005796,1041.0,0.00581,2236.0,0.005811,2104.0
1753520758311,09:05:58.311,AGT/USDT:USDT,0.005797,12.0,0.005796,1041.0,0.00581,3273.0,0.005811,2104.0
1753520758492,09:05:58.492,AGT/USDT:USDT,0.005797,12.0,0.005796,1037.0,0.00581,3273.0,0.005811,2104.0
1753520758924,09:05:58.924,AGT/USDT:USDT,0.005797,12.0,0.005796,1037.0,0.00581,3273.0,0.005811,2104.0
1753520759092,09:05:59.092,AGT/USDT:USDT,0.005797,49.0,0.005796,1037.0,0.00581,3273.0,0.005811,2104.0
1753520759135,09:05:59.135,AGT/USDT:USDT,0.005797,12.0,0.005796,1037.0,0.00581,3273.0,0.005811,2104.0
1753520759234,09:05:59.234,AGT/USDT:USDT,0.005797,49.0,0.005796,1037.0,0.00581,3273.0,0.005811,2104.0
1753520759354,09:05:59.354,AGT/USDT:USDT,0.005797,12.0,0.005796,1037.0,0.00581,3273.0,0.005811,2104.0
1753520759785,09:05:59.785,AGT/USDT:USDT,0.005797,215.0,0.005796,1037.0,0.005807,200.0,0.005808,2097.0
1753520759806,09:05:59.806,AGT/USDT:USDT,0.005797,215.0,0.005796,1037.0,0.005807,200.0,0.005808,2097.0
1753520759969,09:05:59.969,AGT/USDT:USDT,0.005797,215.0,0.005796,1037.0,0.005807,200.0,0.005808,2097.0
1753520760060,09:06:00.060,AGT/USDT:USDT,0.005797,215.0,0.005796,1037.0,0.005807,271.0,0.005808,2097.0
1753520760191,09:06:00.191,AGT/USDT:USDT,0.005797,215.0,0.005795,678.0,0.005807,271.0,0.005808,2097.0
1753520760239,09:06:00.239,AGT/USDT:USDT,0.005797,215.0,0.005795,678.0,0.005806,1362.0,0.005807,341.0
1753520760386,09:06:00.386,AGT/USDT:USDT,0.005797,215.0,0.005795,678.0,0.005807,200.0,0.005808,2097.0
1753520760408,09:06:00.408,AGT/USDT:USDT,0.005797,215.0,0.005796,1037.0,0.005807,200.0,0.005808,2097.0
1753520760649,09:06:00.649,AGT/USDT:USDT,0.005797,215.0,0.005796,1037.0,0.005807,200.0,0.005808,2097.0
1753520761096,09:06:01.096,AGT/USDT:USDT,0.005797,215.0,0.005795,678.0,0.005807,200.0,0.005808,2097.0
1753520761121,09:06:01.121,AGT/USDT:USDT,0.005797,215.0,0.005795,4.0,0.005806,1432.0,0.005807,270.0
1753520761341,09:06:01.341,AGT/USDT:USDT,0.005797,215.0,0.005795,4.0,0.005805,2093.0,0.005806,70.0
1753520761496,09:06:01.496,AGT/USDT:USDT,0.005797,215.0,0.005795,4.0,0.005808,2094.0,0.00581,3073.0
1753520761920,09:06:01.920,AGT/USDT:USDT,0.005797,215.0,0.005795,4.0,0.005808,2094.0,0.00581,3073.0
1753520762041,09:06:02.041,AGT/USDT:USDT,0.005797,215.0,0.005795,4.0,0.005808,2094.0,0.00581,3073.0
1753520762115,09:06:02.115,AGT/USDT:USDT,0.005797,215.0,0.005794,674.0,0.005808,2094.0,0.00581,3073.0
1753520763158,09:06:03.158,AGT/USDT:USDT,0.005797,215.0,0.005794,674.0,0.005806,1432.0,0.005808,2094.0
1753520763261,09:06:03.261,AGT/USDT:USDT,0.005797,215.0,0.005794,674.0,0.005806,1432.0,0.005808,2094.0
1753520763692,09:06:03.692,AGT/USDT:USDT,0.005797,215.0,0.005794,674.0,0.005806,70.0,0.005808,2094.0
1753520764245,09:06:04.245,AGT/USDT:USDT,0.005797,215.0,0.005794,674.0,0.005808,2094.0,0.00581,3073.0
1753520764390,09:06:04.390,AGT/USDT:USDT,0.005797,113.0,0.005791,4.0,0.005806,2176.0,0.005808,2094.0
1753520764402,09:06:04.402,AGT/USDT:USDT,0.005797,12.0,0.005791,4.0,0.005806,2176.0,0.005808,2094.0
1753520764675,09:06:04.675,AGT/USDT:USDT,0.005797,12.0,0.005792,2036.0,0.005806,2176.0,0.005808,2094.0
1753520764706,09:06:04.706,AGT/USDT:USDT,0.005797,12.0,0.005793,4.0,0.005806,2176.0,0.005808,2094.0
1753520764919,09:06:04.919,AGT/USDT:USDT,0.005797,12.0,0.005793,4.0,0.005806,2176.0,0.005808,2094.0
1753520765001,09:06:05.001,AGT/USDT:USDT,0.005797,12.0,0.005793,4.0,0.005806,2176.0,0.005808,2094.0
1753520765197,09:06:05.197,AGT/USDT:USDT,0.005797,12.0,0.005793,4.0,0.005804,1037.0,0.005806,2176.0
1753520765247,09:06:05.247,AGT/USDT:USDT,0.005797,12.0,0.005792,674.0,0.005803,2239.0,0.005804,1304.0
1753520765354,09:06:05.354,AGT/USDT:USDT,0.005797,12.0,0.005791,204.0,0.005803,2239.0,0.005804,1304.0
1753520765408,09:06:05.408,AGT/USDT:USDT,0.005797,12.0,0.005791,204.0,0.005803,2239.0,0.005804,1304.0
1753520765652,09:06:05.652,AGT/USDT:USDT,0.005797,12.0,0.005793,200.0,0.005803,2239.0,0.005804,1304.0
1753520765770,09:06:05.770,AGT/USDT:USDT,0.005797,12.0,0.005793,200.0,0.005803,2239.0,0.005804,1304.0
1753520765919,09:06:05.919,AGT/USDT:USDT,0.005797,12.0,0.005793,200.0,0.005803,2239.0,0.005804,1304.0
1753520766057,09:06:06.057,AGT/USDT:USDT,0.005797,12.0,0.005793,200.0,0.005803,2239.0,0.005804,1304.0
1753520766126,09:06:06.126,AGT/USDT:USDT,0.005797,12.0,0.005793,200.0,0.005803,2239.0,0.005804,1304.0
1753520766284,09:06:06.284,AGT/USDT:USDT,0.005797,12.0,0.005793,200.0,0.005803,2239.0,0.005804,1304.0
1753520766596,09:06:06.596,AGT/USDT:USDT,0.005797,12.0,0.005793,200.0,0.005803,2239.0,0.005804,1304.0
1753520766634,09:06:06.634,AGT/USDT:USDT,0.005797,12.0,0.005792,200.0,0.005803,2239.0,0.005804,1304.0
1753520767041,09:06:07.041,AGT/USDT:USDT,0.005797,12.0,0.005792,200.0,0.005802,1362.0,0.005803,2239.0
1753520767412,09:06:07.412,AGT/USDT:USDT,0.005797,12.0,0.005792,200.0,0.005802,1362.0,0.005803,2239.0
1753520767524,09:06:07.524,AGT/USDT:USDT,0.005797,12.0,0.005792,200.0,0.005803,2239.0,0.005804,1304.0
1753520767623,09:06:07.623,AGT/USDT:USDT,0.005797,12.0,0.005792,200.0,0.005803,2239.0,0.005804,1304.0
1753520767836,09:06:07.836,AGT/USDT:USDT,0.005797,12.0,0.005792,200.0,0.005803,2239.0,0.005804,1304.0
1753520768021,09:06:08.021,AGT/USDT:USDT,0.005797,12.0,0.005792,200.0,0.005802,1362.0,0.005803,2239.0
1753520768127,09:06:08.127,AGT/USDT:USDT,0.005797,12.0,0.005792,200.0,0.005803,2239.0,0.005804,1304.0
1753520768673,09:06:08.673,AGT/USDT:USDT,0.005797,12.0,0.005792,200.0,0.005803,2239.0,0.005804,1304.0
1753520769044,09:06:09.044,AGT/USDT:USDT,0.005797,12.0,0.005792,200.0,0.005803,2239.0,0.005804,1304.0
1753520770874,09:06:10.874,AGT/USDT:USDT,0.005797,12.0,0.005792,200.0,0.005803,2239.0,0.005804,1304.0
1753520771003,09:06:11.003,AGT/USDT:USDT,0.005797,12.0,0.005792,874.0,0.005803,2239.0,0.005804,1304.0
1753520771430,09:06:11.430,AGT/USDT:USDT,0.005797,12.0,0.005792,874.0,0.005803,2239.0,0.005804,267.0
1753520771578,09:06:11.578,AGT/USDT:USDT,0.005797,12.0,0.005796,102.0,0.005803,2239.0,0.005804,267.0
1753520772557,09:06:12.557,AGT/USDT:USDT,0.005797,12.0,0.005796,102.0,0.005803,2239.0,0.005804,267.0
1753520772642,09:06:12.642,AGT/USDT:USDT,0.005797,12.0,0.005793,200.0,0.005803,2239.0,0.005804,267.0
1753520772750,09:06:12.750,AGT/USDT:USDT,0.005797,12.0,0.005793,200.0,0.005803,2239.0,0.005804,267.0
1753520772824,09:06:12.824,AGT/USDT:USDT,0.005797,12.0,0.005793,200.0,0.005803,2239.0,0.005804,267.0
1753520772923,09:06:12.923,AGT/USDT:USDT,0.005797,12.0,0.005793,200.0,0.005803,2239.0,0.005804,267.0
1753520773006,09:06:13.006,AGT/USDT:USDT,0.005797,12.0,0.005793,200.0,0.005803,2239.0,0.005804,267.0
1753520773546,09:06:13.546,AGT/USDT:USDT,0.005797,12.0,0.005791,200.0,0.005803,2239.0,0.005804,267.0
1753520773606,09:06:13.606,AGT/USDT:USDT,0.005797,12.0,0.005791,200.0,0.005803,2239.0,0.005804,267.0
1753520773844,09:06:13.844,AGT/USDT:USDT,0.005797,12.0,0.005791,200.0,0.005803,2239.0,0.005804,267.0
1753520773998,09:06:13.998,AGT/USDT:USDT,0.005797,12.0,0.005791,200.0,0.005803,2239.0,0.005804,267.0
1753520774545,09:06:14.545,AGT/USDT:USDT,0.005797,12.0,0.005791,200.0,0.005803,2239.0,0.005804,267.0
1753520774804,09:06:14.804,AGT/USDT:USDT,0.005797,12.0,0.005791,200.0,0.005803,2239.0,0.005804,267.0
1753520775375,09:06:15.375,AGT/USDT:USDT,0.005797,113.0,0.005796,101.0,0.005806,2036.0,0.00581,3073.0
1753520775497,09:06:15.497,AGT/USDT:USDT,0.005793,4.0,0.005788,1037.0,0.005801,2236.0,0.005802,1362.0
1753520775594,09:06:15.594,AGT/USDT:USDT,0.005789,4.0,0.005787,674.0,0.0058,674.0,0.005801,2166.0
1753520775631,09:06:15.631,AGT/USDT:USDT,0.005788,1041.0,0.005787,674.0,0.0058,674.0,0.005801,2166.0
1753520775746,09:06:15.746,AGT/USDT:USDT,0.005788,1041.0,0.005787,674.0,0.0058,674.0,0.005801,2166.0
1753520775990,09:06:15.990,AGT/USDT:USDT,0.005789,1362.0,0.005788,1041.0,0.005802,1362.0,0.005806,2036.0
1753520776056,09:06:16.056,AGT/USDT:USDT,0.00579,4.0,0.005789,1362.0,0.005806,2036.0,0.00581,3085.0
1753520776106,09:06:16.106,AGT/USDT:USDT,0.005791,674.0,0.00579,4.0,0.005805,2105.0,0.005806,2036.0
1753520776270,09:06:16.270,AGT/USDT:USDT,0.005792,4.0,0.005791,674.0,0.005804,1037.0,0.005805,2105.0
1753520776497,09:06:16.497,AGT/USDT:USDT,0.005792,4.0,0.005791,674.0,0.005805,2105.0,0.005806,2036.0
1753520776512,09:06:16.512,AGT/USDT:USDT,0.005792,4.0,0.005791,674.0,0.005806,2036.0,0.00581,3085.0
1753520776633,09:06:16.633,AGT/USDT:USDT,0.005792,4.0,0.005791,674.0,0.005805,2104.0,0.005806,2036.0
1753520776704,09:06:16.704,AGT/USDT:USDT,0.005794,1139.0,0.005792,4.0,0.005805,2104.0,0.005806,2036.0
1753520776851,09:06:16.851,AGT/USDT:USDT,0.005795,105.0,0.005794,102.0,0.005805,2104.0,0.005806,2036.0
1753520776914,09:06:16.914,AGT/USDT:USDT,0.005795,101.0,0.005794,102.0,0.005805,2104.0,0.005806,2036.0
1753520777179,09:06:17.179,AGT/USDT:USDT,0.005795,101.0,0.005794,102.0,0.005805,2104.0,0.005806,2036.0
1753520777339,09:06:17.339,AGT/USDT:USDT,0.005795,101.0,0.005794,102.0,0.005805,2104.0,0.005806,2036.0
1753520777767,09:06:17.767,AGT/USDT:USDT,0.005795,101.0,0.005794,102.0,0.005805,2104.0,0.005806,2036.0
1753520777870,09:06:17.870,AGT/USDT:USDT,0.005795,101.0,0.005794,102.0,0.005805,2174.0,0.005806,2036.0
1753520778668,09:06:18.668,AGT/USDT:USDT,0.005795,101.0,0.005794,102.0,0.005805,2174.0,0.005806,2036.0
1753520780449,09:06:20.449,AGT/USDT:USDT,0.005795,101.0,0.005794,102.0,0.005805,2174.0,0.005806,2036.0
1753520780573,09:06:20.573,AGT/USDT:USDT,0.005795,101.0,0.005794,102.0,0.005805,70.0,0.005806,2036.0
1753520781006,09:06:21.006,AGT/USDT:USDT,0.005795,101.0,0.005794,102.0,0.005805,70.0,0.005806,2036.0
1753520783051,09:06:23.051,AGT/USDT:USDT,0.005795,101.0,0.005794,102.0,0.005805,70.0,0.005806,1362.0
1753520783181,09:06:23.181,AGT/USDT:USDT,0.005796,1037.0,0.005795,101.0,0.005805,70.0,0.005808,2099.0
1753520783208,09:06:23.208,AGT/USDT:USDT,0.005797,106.0,0.005796,1037.0,0.005805,70.0,0.005808,2099.0
1753520783339,09:06:23.339,AGT/USDT:USDT,0.005797,106.0,0.005796,1037.0,0.005808,2099.0,0.00581,3085.0
1753520783432,09:06:23.432,AGT/USDT:USDT,0.005797,106.0,0.005796,1037.0,0.005808,2099.0,0.00581,3085.0
1753520783506,09:06:23.506,AGT/USDT:USDT,0.005797,106.0,0.005796,1037.0,0.005808,2099.0,0.00581,3085.0
1753520783605,09:06:23.605,AGT/USDT:USDT,0.005797,106.0,0.005796,1037.0,0.005808,2099.0,0.00581,3085.0
1753520783706,09:06:23.706,AGT/USDT:USDT,0.005797,106.0,0.005796,1037.0,0.005808,2099.0,0.00581,3085.0
1753520783856,09:06:23.856,AGT/USDT:USDT,0.005797,106.0,0.005796,1037.0,0.005808,2099.0,0.00581,3085.0
1753520783986,09:06:23.986,AGT/USDT:USDT,0.005797,106.0,0.005796,1037.0,0.005808,2099.0,0.00581,3085.0
1753520784006,09:06:24.006,AGT/USDT:USDT,0.005797,106.0,0.005796,1037.0,0.005808,2099.0,0.00581,3085.0
1753520784105,09:06:24.105,AGT/USDT:USDT,0.005797,106.0,0.005796,1037.0,0.005808,2099.0,0.00581,3085.0
1753520784278,09:06:24.278,AGT/USDT:USDT,0.005797,106.0,0.005796,1037.0,0.005808,2099.0,0.00581,3085.0
1753520784305,09:06:24.305,AGT/USDT:USDT,0.005797,106.0,0.005796,1037.0,0.005808,2099.0,0.00581,3085.0
1753520784406,09:06:24.406,AGT/USDT:USDT,0.005797,106.0,0.005796,1037.0,0.005808,2099.0,0.00581,3085.0
1753520784505,09:06:24.505,AGT/USDT:USDT,0.005797,106.0,0.005796,1037.0,0.005808,2099.0,0.00581,3085.0
1753520784641,09:06:24.641,AGT/USDT:USDT,0.005797,106.0,0.005796,1037.0,0.005808,2099.0,0.00581,3085.0
1753520784705,09:06:24.705,AGT/USDT:USDT,0.005797,106.0,0.005796,1037.0,0.005808,2099.0,0.00581,3085.0
1753520784805,09:06:24.805,AGT/USDT:USDT,0.005797,106.0,0.005796,1037.0,0.005808,2099.0,0.00581,3085.0
1753520784905,09:06:24.905,AGT/USDT:USDT,0.005797,106.0,0.005796,1037.0,0.005808,2099.0,0.00581,3085.0
1753520785006,09:06:25.006,AGT/USDT:USDT,0.005797,106.0,0.005796,1037.0,0.005808,2099.0,0.00581,3085.0
1753520785105,09:06:25.105,AGT/USDT:USDT,0.005797,106.0,0.005796,1037.0,0.005808,2099.0,0.00581,3085.0
1753520785206,09:06:25.206,AGT/USDT:USDT,0.005797,106.0,0.005796,1037.0,0.005808,2099.0,0.00581,3085.0
1753520785305,09:06:25.305,AGT/USDT:USDT,0.005797,106.0,0.005796,1037.0,0.005808,2099.0,0.00581,3085.0
1753520785406,09:06:25.406,AGT/USDT:USDT,0.005797,106.0,0.005796,1037.0,0.005808,2099.0,0.00581,3085.0
1753520785588,09:06:25.588,AGT/USDT:USDT,0.005797,110.0,0.005796,1037.0,0.005808,2099.0,0.00581,3085.0
1753520785680,09:06:25.680,AGT/USDT:USDT,0.005797,110.0,0.005796,1037.0,0.005808,2099.0,0.00581,3085.0
1753520785720,09:06:25.720,AGT/USDT:USDT,0.005797,784.0,0.005796,1037.0,0.005808,2099.0,0.00581,3085.0
1753520785810,09:06:25.810,AGT/USDT:USDT,0.005797,106.0,0.005796,1037.0,0.005808,2099.0,0.00581,3085.0
1753520785936,09:06:25.936,AGT/USDT:USDT,0.005797,106.0,0.005796,1037.0,0.005808,2099.0,0.00581,3085.0
1753520786005,09:06:26.005,AGT/USDT:USDT,0.005797,106.0,0.005796,1037.0,0.005808,2099.0,0.00581,3085.0
1753520786107,09:06:26.107,AGT/USDT:USDT,0.005797,106.0,0.005796,1037.0,0.005808,2099.0,0.00581,3085.0
1753520786205,09:06:26.205,AGT/USDT:USDT,0.005797,106.0,0.005796,1037.0,0.005808,2099.0,0.00581,3085.0
1753520786305,09:06:26.305,AGT/USDT:USDT,0.005797,106.0,0.005796,1037.0,0.005808,2099.0,0.00581,3085.0
1753520786405,09:06:26.405,AGT/USDT:USDT,0.005797,106.0,0.005796,1037.0,0.005808,2099.0,0.00581,3085.0
1753520786505,09:06:26.505,AGT/USDT:USDT,0.005797,106.0,0.005796,1037.0,0.005808,2099.0,0.00581,3085.0
1753520786606,09:06:26.606,AGT/USDT:USDT,0.005797,106.0,0.005796,1037.0,0.005808,2099.0,0.00581,3085.0
1753520786776,09:06:26.776,AGT/USDT:USDT,0.005797,106.0,0.005796,1037.0,0.005808,2099.0,0.00581,3085.0
1753520786849,09:06:26.849,AGT/USDT:USDT,0.005797,106.0,0.005796,1037.0,0.005808,2099.0,0.00581,3085.0
1753520786905,09:06:26.905,AGT/USDT:USDT,0.005797,106.0,0.005796,1037.0,0.005808,2099.0,0.00581,3085.0
1753520787012,09:06:27.012,AGT/USDT:USDT,0.005797,106.0,0.005796,1037.0,0.005808,2099.0,0.00581,3085.0
1753520787110,09:06:27.110,AGT/USDT:USDT,0.005797,106.0,0.005796,1037.0,0.005808,2099.0,0.00581,3085.0
1753520787206,09:06:27.206,AGT/USDT:USDT,0.005797,106.0,0.005796,1037.0,0.005808,2099.0,0.00581,3085.0
1753520787305,09:06:27.305,AGT/USDT:USDT,0.005797,106.0,0.005796,1037.0,0.005808,2099.0,0.00581,3085.0
1753520787406,09:06:27.406,AGT/USDT:USDT,0.005797,106.0,0.005796,1037.0,0.005808,2099.0,0.00581,3085.0
1753520787505,09:06:27.505,AGT/USDT:USDT,0.005797,106.0,0.005796,1037.0,0.005808,2099.0,0.00581,3085.0
1753520787605,09:06:27.605,AGT/USDT:USDT,0.005797,106.0,0.005796,1037.0,0.005808,2099.0,0.00581,3085.0
1753520787709,09:06:27.709,AGT/USDT:USDT,0.005797,106.0,0.005796,1037.0,0.005808,2099.0,0.00581,3085.0
1753520787806,09:06:27.806,AGT/USDT:USDT,0.005797,106.0,0.005796,1037.0,0.005808,2099.0,0.00581,3085.0
1753520787983,09:06:27.983,AGT/USDT:USDT,0.005797,106.0,0.005796,1037.0,0.00581,3085.0,0.005811,2088.0
1753520788006,09:06:28.006,AGT/USDT:USDT,0.005797,106.0,0.005796,1037.0,0.00581,3085.0,0.005811,2088.0
1753520788106,09:06:28.106,AGT/USDT:USDT,0.005797,780.0,0.005796,1037.0,0.00581,3085.0,0.005811,2088.0
1753520788646,09:06:28.646,AGT/USDT:USDT,0.005797,780.0,0.005796,1037.0,0.00581,3085.0,0.005811,2088.0
1753520788772,09:06:28.772,AGT/USDT:USDT,0.005797,4.0,0.005795,101.0,0.00581,3085.0,0.005811,2088.0
1753520788896,09:06:28.896,AGT/USDT:USDT,0.005795,101.0,0.005792,4.0,0.00581,3085.0,0.005811,2088.0
1753520789664,09:06:29.664,AGT/USDT:USDT,0.005795,101.0,0.005792,4.0,0.00581,3085.0,0.005811,2088.0
1753520789789,09:06:29.789,AGT/USDT:USDT,0.005795,101.0,0.005792,4.0,0.005806,1362.0,0.00581,3085.0
1753520789862,09:06:29.862,AGT/USDT:USDT,0.005795,101.0,0.005792,4.0,0.005806,1432.0,0.005807,133.0
1753520789906,09:06:29.906,AGT/USDT:USDT,0.005795,101.0,0.005792,4.0,0.005806,1432.0,0.005807,133.0
1753520790088,09:06:30.088,AGT/USDT:USDT,0.005795,101.0,0.005792,4.0,0.005806,1432.0,0.005807,133.0
1753520790922,09:06:30.922,AGT/USDT:USDT,0.005795,101.0,0.005792,4.0,0.005806,1432.0,0.005807,133.0
1753520791350,09:06:31.350,AGT/USDT:USDT,0.005795,101.0,0.005792,4.0,0.005806,1432.0,0.005807,133.0
1753520791434,09:06:31.434,AGT/USDT:USDT,0.005796,1037.0,0.005795,101.0,0.00581,3085.0,0.005811,2088.0
1753520791506,09:06:31.506,AGT/USDT:USDT,0.005797,4.0,0.005796,1037.0,0.00581,3085.0,0.005811,2088.0
1753520791681,09:06:31.681,AGT/USDT:USDT,0.005797,4.0,0.005796,1037.0,0.00581,3085.0,0.005811,2088.0
1753520791771,09:06:31.771,AGT/USDT:USDT,0.005797,4.0,0.005796,1037.0,0.00581,3085.0,0.005811,2088.0
1753520792091,09:06:32.091,AGT/USDT:USDT,0.005797,4.0,0.005796,1037.0,0.00581,3085.0,0.005811,2088.0
1753520792194,09:06:32.194,AGT/USDT:USDT,0.005797,4.0,0.005796,1037.0,0.00581,3085.0,0.005811,2088.0
1753520792990,09:06:32.990,AGT/USDT:USDT,0.005797,4.0,0.005796,1037.0,0.00581,3085.0,0.005811,2088.0
1753520793320,09:06:33.320,AGT/USDT:USDT,0.005797,678.0,0.005796,1037.0,0.00581,2048.0,0.005811,2088.0
1753520793491,09:06:33.491,AGT/USDT:USDT,0.005797,2040.0,0.005796,1037.0,0.00581,1374.0,0.005811,2088.0
1753520793541,09:06:33.541,AGT/USDT:USDT,0.005797,2040.0,0.005796,1037.0,0.00581,2048.0,0.005811,2088.0
1753520793750,09:06:33.750,AGT/USDT:USDT,0.005797,2040.0,0.005796,1037.0,0.00581,2048.0,0.005811,2088.0
1753520793868,09:06:33.868,AGT/USDT:USDT,0.005797,678.0,0.005796,1037.0,0.00581,2048.0,0.005811,2088.0
1753520794045,09:06:34.045,AGT/USDT:USDT,0.005797,678.0,0.005796,1037.0,0.00581,2048.0,0.005811,2088.0
1753520794892,09:06:34.892,AGT/USDT:USDT,0.005797,4.0,0.005796,1711.0,0.00581,3085.0,0.005811,2088.0
1753520796097,09:06:36.097,AGT/USDT:USDT,0.005797,4.0,0.005795,101.0,0.005805,2077.0,0.005806,1565.0
1753520796184,09:06:36.184,AGT/USDT:USDT,0.005795,881.0,0.005794,1037.0,0.005805,2077.0,0.005806,1463.0
1753520796261,09:06:36.261,AGT/USDT:USDT,0.005795,881.0,0.005794,1037.0,0.005805,2077.0,0.005806,1463.0
1753520796317,09:06:36.317,AGT/USDT:USDT,0.005795,881.0,0.005794,1037.0,0.005806,1463.0,0.005808,2079.0
1753520796447,09:06:36.447,AGT/USDT:USDT,0.005795,207.0,0.005794,1037.0,0.005806,1463.0,0.005808,2079.0
1753520796505,09:06:36.505,AGT/USDT:USDT,0.005795,207.0,0.005794,1037.0,0.005806,1463.0,0.005808,2079.0
1753520796605,09:06:36.605,AGT/USDT:USDT,0.005795,207.0,0.005794,1037.0,0.005806,1463.0,0.005808,2079.0
1753520796705,09:06:36.705,AGT/USDT:USDT,0.005795,207.0,0.005794,1037.0,0.005806,1463.0,0.005808,2079.0
1753520796806,09:06:36.806,AGT/USDT:USDT,0.005795,207.0,0.005794,1037.0,0.005806,1463.0,0.005808,2079.0
1753520796906,09:06:36.906,AGT/USDT:USDT,0.005795,207.0,0.005794,1037.0,0.005806,1463.0,0.005808,2079.0
1753520797006,09:06:37.006,AGT/USDT:USDT,0.005795,207.0,0.005794,1037.0,0.005806,1463.0,0.005808,2079.0
1753520797106,09:06:37.106,AGT/USDT:USDT,0.005795,207.0,0.005794,1037.0,0.005806,1463.0,0.005808,2079.0
1753520797206,09:06:37.206,AGT/USDT:USDT,0.005795,207.0,0.005794,1037.0,0.005806,1463.0,0.005808,2079.0
1753520797305,09:06:37.305,AGT/USDT:USDT,0.005795,207.0,0.005794,1037.0,0.005806,1463.0,0.005808,2079.0
1753520797406,09:06:37.406,AGT/USDT:USDT,0.005795,207.0,0.005794,1037.0,0.005806,1463.0,0.005808,2079.0
1753520797543,09:06:37.543,AGT/USDT:USDT,0.005795,207.0,0.005794,1037.0,0.005806,1463.0,0.005808,2079.0
1753520797605,09:06:37.605,AGT/USDT:USDT,0.005795,207.0,0.005794,1037.0,0.005806,1463.0,0.005808,2079.0
1753520797706,09:06:37.706,AGT/USDT:USDT,0.005795,207.0,0.005794,1037.0,0.005806,1463.0,0.005808,2079.0
1753520797805,09:06:37.805,AGT/USDT:USDT,0.005795,207.0,0.005794,1037.0,0.005806,1463.0,0.005808,2079.0
1753520797905,09:06:37.905,AGT/USDT:USDT,0.005795,207.0,0.005794,1037.0,0.005806,1463.0,0.005808,2079.0
1753520798005,09:06:38.005,AGT/USDT:USDT,0.005795,207.0,0.005794,1037.0,0.005806,1463.0,0.005808,2079.0
1753520798109,09:06:38.109,AGT/USDT:USDT,0.005795,207.0,0.005794,1037.0,0.005806,1463.0,0.005808,2079.0
1753520798205,09:06:38.205,AGT/USDT:USDT,0.005795,207.0,0.005794,1037.0,0.005806,1463.0,0.005808,2079.0
1753520798305,09:06:38.305,AGT/USDT:USDT,0.005795,207.0,0.005794,1037.0,0.005806,1463.0,0.005808,2079.0
1753520798407,09:06:38.407,AGT/USDT:USDT,0.005795,207.0,0.005794,1037.0,0.005806,1463.0,0.005808,2079.0
1753520798508,09:06:38.508,AGT/USDT:USDT,0.005795,207.0,0.005794,1037.0,0.005806,1463.0,0.005808,2079.0
1753520798605,09:06:38.605,AGT/USDT:USDT,0.005795,207.0,0.005794,1037.0,0.005806,1463.0,0.005808,2079.0
1753520798711,09:06:38.711,AGT/USDT:USDT,0.005795,207.0,0.005794,1037.0,0.005806,1463.0,0.005808,2079.0
1753520798806,09:06:38.806,AGT/USDT:USDT,0.005795,207.0,0.005794,1037.0,0.005806,1463.0,0.005808,2079.0
1753520798905,09:06:38.905,AGT/USDT:USDT,0.005795,207.0,0.005794,1037.0,0.005806,1463.0,0.005808,2079.0
1753520799006,09:06:39.006,AGT/USDT:USDT,0.005795,207.0,0.005794,1037.0,0.005806,1463.0,0.005808,2079.0
1753520799106,09:06:39.106,AGT/USDT:USDT,0.005795,207.0,0.005794,1037.0,0.005806,1463.0,0.005808,2079.0
1753520799216,09:06:39.216,AGT/USDT:USDT,0.005795,207.0,0.005794,1037.0,0.005806,1463.0,0.005808,2079.0
1753520799305,09:06:39.305,AGT/USDT:USDT,0.005795,207.0,0.005794,1037.0,0.005806,1463.0,0.005808,2079.0
1753520799407,09:06:39.407,AGT/USDT:USDT,0.005795,207.0,0.005794,1037.0,0.005806,1463.0,0.005808,2079.0
1753520799506,09:06:39.506,AGT/USDT:USDT,0.005795,207.0,0.005794,1037.0,0.005806,1463.0,0.005808,2079.0
1753520799610,09:06:39.610,AGT/USDT:USDT,0.005795,207.0,0.005794,1037.0,0.005806,1463.0,0.005808,2079.0
1753520799705,09:06:39.705,AGT/USDT:USDT,0.005795,207.0,0.005794,1037.0,0.005806,1463.0,0.005808,2079.0
1753520799805,09:06:39.805,AGT/USDT:USDT,0.005795,207.0,0.005794,1037.0,0.005806,1463.0,0.005808,2079.0
1753520799906,09:06:39.906,AGT/USDT:USDT,0.005795,207.0,0.005794,1037.0,0.005806,1463.0,0.005808,2079.0
1753520800006,09:06:40.006,AGT/USDT:USDT,0.005795,207.0,0.005794,1037.0,0.005806,1463.0,0.005808,2079.0
1753520800105,09:06:40.105,AGT/USDT:USDT,0.005795,207.0,0.005794,1037.0,0.005806,1463.0,0.005808,2079.0
1753520800205,09:06:40.205,AGT/USDT:USDT,0.005795,207.0,0.005794,1037.0,0.005806,1463.0,0.005808,2079.0
1753520800308,09:06:40.308,AGT/USDT:USDT,0.005795,207.0,0.005794,1037.0,0.005806,1463.0,0.005808,2079.0
1753520800405,09:06:40.405,AGT/USDT:USDT,0.005795,207.0,0.005794,1037.0,0.005806,1463.0,0.005808,2079.0
1753520800506,09:06:40.506,AGT/USDT:USDT,0.005795,207.0,0.005794,1037.0,0.005806,1463.0,0.005808,2079.0
1753520800606,09:06:40.606,AGT/USDT:USDT,0.005795,207.0,0.005794,1037.0,0.005806,1463.0,0.005808,2079.0
1753520800789,09:06:40.789,AGT/USDT:USDT,0.005795,207.0,0.005794,1037.0,0.005806,1463.0,0.005808,2079.0
1753520800805,09:06:40.805,AGT/USDT:USDT,0.005795,207.0,0.005794,1037.0,0.005806,1463.0,0.005808,2079.0
1753520800906,09:06:40.906,AGT/USDT:USDT,0.005795,207.0,0.005794,1037.0,0.005806,1463.0,0.005808,2079.0
1753520801006,09:06:41.006,AGT/USDT:USDT,0.005795,207.0,0.005794,1037.0,0.005806,1463.0,0.005808,2079.0
1753520801106,09:06:41.106,AGT/USDT:USDT,0.005795,207.0,0.005794,1037.0,0.005806,1463.0,0.005808,2079.0
1753520801248,09:06:41.248,AGT/USDT:USDT,0.005795,207.0,0.005794,1037.0,0.005806,1463.0,0.005808,2079.0
1753520801305,09:06:41.305,AGT/USDT:USDT,0.005795,207.0,0.005794,1037.0,0.005806,1463.0,0.005808,2079.0
1753520801405,09:06:41.405,AGT/USDT:USDT,0.005795,207.0,0.005794,1037.0,0.005806,1463.0,0.005808,2079.0
1753520801505,09:06:41.505,AGT/USDT:USDT,0.005795,207.0,0.005794,1037.0,0.005806,1463.0,0.005808,2079.0
1753520801605,09:06:41.605,AGT/USDT:USDT,0.005795,207.0,0.005794,1037.0,0.005806,1463.0,0.005808,2079.0
1753520801705,09:06:41.705,AGT/USDT:USDT,0.005795,207.0,0.005794,1037.0,0.005806,1463.0,0.005808,2079.0
1753520801806,09:06:41.806,AGT/USDT:USDT,0.005795,207.0,0.005794,1037.0,0.005806,1463.0,0.005808,2079.0
1753520801905,09:06:41.905,AGT/USDT:USDT,0.005795,207.0,0.005794,1037.0,0.005806,1463.0,0.005808,2079.0
1753520802005,09:06:42.005,AGT/USDT:USDT,0.005795,207.0,0.005794,1037.0,0.005806,1463.0,0.005808,2079.0
1753520802182,09:06:42.182,AGT/USDT:USDT,0.005795,207.0,0.005794,1037.0,0.005806,1463.0,0.005808,2079.0
1753520802221,09:06:42.221,AGT/USDT:USDT,0.005795,207.0,0.005794,1037.0,0.005806,1463.0,0.005808,2079.0
1753520802305,09:06:42.305,AGT/USDT:USDT,0.005795,207.0,0.005794,1037.0,0.005806,1463.0,0.005808,2079.0
1753520802406,09:06:42.406,AGT/USDT:USDT,0.005795,207.0,0.005794,1037.0,0.005806,1463.0,0.005808,2079.0
1753520802506,09:06:42.506,AGT/USDT:USDT,0.005795,207.0,0.005794,1037.0,0.005806,1463.0,0.005808,2079.0
1753520802605,09:06:42.605,AGT/USDT:USDT,0.005795,207.0,0.005794,1037.0,0.005806,1463.0,0.005808,2079.0
1753520802706,09:06:42.706,AGT/USDT:USDT,0.005795,207.0,0.005794,1037.0,0.005806,1463.0,0.005808,2079.0
1753520802805,09:06:42.805,AGT/USDT:USDT,0.005795,207.0,0.005794,1037.0,0.005806,1463.0,0.005808,2079.0
1753520802905,09:06:42.905,AGT/USDT:USDT,0.005795,105.0,0.005794,1037.0,0.005806,1463.0,0.005808,2079.0
1753520803011,09:06:43.011,AGT/USDT:USDT,0.005795,105.0,0.005791,2751.0,0.005806,1463.0,0.005808,2079.0
1753520803166,09:06:43.166,AGT/USDT:USDT,0.005795,105.0,0.005791,2751.0,0.005805,674.0,0.005806,1463.0
1753520803217,09:06:43.217,AGT/USDT:USDT,0.005795,105.0,0.005791,2751.0,0.005805,674.0,0.005806,1463.0
1753520803408,09:06:43.408,AGT/USDT:USDT,0.005795,105.0,0.005791,2751.0,0.005805,674.0,0.005806,1463.0
1753520803505,09:06:43.505,AGT/USDT:USDT,0.005795,101.0,0.005792,4.0,0.005805,674.0,0.005806,1463.0
1753520803632,09:06:43.632,AGT/USDT:USDT,0.005795,101.0,0.005792,4.0,0.005805,674.0,0.005806,1463.0
1753520804047,09:06:44.047,AGT/USDT:USDT,0.005795,101.0,0.005792,4.0,0.005805,674.0,0.005806,1463.0
1753520806048,09:06:46.048,AGT/USDT:USDT,0.005795,101.0,0.005792,4.0,0.005805,674.0,0.005806,1463.0
1753520806901,09:06:46.901,AGT/USDT:USDT,0.005795,101.0,0.005792,4.0,0.005805,674.0,0.005806,1463.0
1753520809722,09:06:49.722,AGT/USDT:USDT,0.005795,101.0,0.005792,4.0,0.005805,674.0,0.005806,1463.0
1753520809813,09:06:49.813,AGT/USDT:USDT,0.005795,101.0,0.005792,4.0,0.005805,674.0,0.005806,1463.0
1753520809906,09:06:49.906,AGT/USDT:USDT,0.005795,101.0,0.005792,4.0,0.005805,674.0,0.005806,1463.0
1753520810848,09:06:50.848,AGT/USDT:USDT,0.005795,101.0,0.005792,4.0,0.005805,674.0,0.005806,1463.0
1753520812767,09:06:52.767,AGT/USDT:USDT,0.005795,101.0,0.005792,4.0,0.005805,674.0,0.005806,1463.0
1753520814798,09:06:54.798,AGT/USDT:USDT,0.005795,101.0,0.005792,678.0,0.005805,674.0,0.005806,1362.0
1753520814898,09:06:54.898,AGT/USDT:USDT,0.005793,2036.0,0.005792,4.0,0.005806,2036.0,0.005808,2079.0
1753520814953,09:06:54.953,AGT/USDT:USDT,0.005794,1041.0,0.005793,2036.0,0.005806,2036.0,0.005808,2079.0
1753520815110,09:06:55.110,AGT/USDT:USDT,0.005794,1041.0,0.005793,2036.0,0.005808,2079.0,0.00581,3085.0
1753520815344,09:06:55.344,AGT/USDT:USDT,0.005794,1041.0,0.005793,2036.0,0.005808,2079.0,0.00581,3085.0
1753520815417,09:06:55.417,AGT/USDT:USDT,0.005794,1041.0,0.005793,2036.0,0.005808,2079.0,0.00581,3085.0
1753520815769,09:06:55.769,AGT/USDT:USDT,0.005794,1041.0,0.005793,2036.0,0.005808,2079.0,0.00581,3085.0
1753520816197,09:06:56.197,AGT/USDT:USDT,0.005794,4.0,0.005789,1362.0,0.005806,2036.0,0.005808,2079.0
1753520816211,09:06:56.211,AGT/USDT:USDT,0.005791,674.0,0.00579,4.0,0.005806,2036.0,0.005808,2079.0
1753520816375,09:06:56.375,AGT/USDT:USDT,0.005792,4.0,0.005791,674.0,0.005806,2036.0,0.005808,2079.0
1753520816467,09:06:56.467,AGT/USDT:USDT,0.005792,4.0,0.005791,674.0,0.005806,2036.0,0.005808,2079.0
1753520816544,09:06:56.544,AGT/USDT:USDT,0.005792,4.0,0.005791,674.0,0.005806,2036.0,0.005808,2079.0
1753520816626,09:06:56.626,AGT/USDT:USDT,0.005792,4.0,0.005791,674.0,0.005806,2036.0,0.005808,2079.0
1753520816783,09:06:56.783,AGT/USDT:USDT,0.005792,4.0,0.005791,674.0,0.005806,2036.0,0.005808,2079.0
1753520816995,09:06:56.995,AGT/USDT:USDT,0.005792,4.0,0.005791,674.0,0.005806,2036.0,0.005808,2079.0
1753520817056,09:06:57.056,AGT/USDT:USDT,0.005792,4.0,0.005791,674.0,0.005806,2036.0,0.005808,2079.0
1753520817154,09:06:57.154,AGT/USDT:USDT,0.005792,4.0,0.005791,674.0,0.005806,2036.0,0.005808,2079.0
1753520817248,09:06:57.248,AGT/USDT:USDT,0.005793,1362.0,0.005792,4.0,0.005806,2036.0,0.005808,2079.0
1753520817306,09:06:57.306,AGT/USDT:USDT,0.005794,4.0,0.005793,1362.0,0.005806,2036.0,0.005808,2079.0
1753520817460,09:06:57.460,AGT/USDT:USDT,0.005794,4.0,0.005793,1362.0,0.005806,2036.0,0.005808,2079.0
1753520817698,09:06:57.698,AGT/USDT:USDT,0.005794,4.0,0.005793,1362.0,0.005806,2036.0,0.005808,2079.0
1753520817698,09:06:57.698,AGT/USDT:USDT,0.005794,4.0,0.005793,1362.0,0.005806,2036.0,0.005808,2079.0
1753520817878,09:06:57.878,AGT/USDT:USDT,0.005794,4.0,0.005793,1362.0,0.005806,2036.0,0.005808,2079.0
1753520818485,09:06:58.485,AGT/USDT:USDT,0.005794,4.0,0.005791,674.0,0.005806,2036.0,0.005808,2079.0
1753520818536,09:06:58.536,AGT/USDT:USDT,0.005792,4.0,0.005789,1362.0,0.005803,2067.0,0.005804,1240.0
1753520818607,09:06:58.607,AGT/USDT:USDT,0.005791,674.0,0.00579,4.0,0.005803,2067.0,0.005804,1240.0
1753520818731,09:06:58.731,AGT/USDT:USDT,0.005792,4.0,0.005791,674.0,0.005803,2067.0,0.005804,203.0
1753520819136,09:06:59.136,AGT/USDT:USDT,0.005792,106.0,0.005791,674.0,0.005803,2067.0,0.005804,203.0
1753520819205,09:06:59.205,AGT/USDT:USDT,0.005792,4.0,0.005788,1037.0,0.005802,3073.0,0.005803,2067.0
1753520819392,09:06:59.392,AGT/USDT:USDT,0.005789,1366.0,0.005788,1037.0,0.005802,3073.0,0.005803,2067.0
1753520819406,09:06:59.406,AGT/USDT:USDT,0.005789,1366.0,0.005788,1037.0,0.005802,3073.0,0.005803,2067.0
1753520819572,09:06:59.572,AGT/USDT:USDT,0.005789,1366.0,0.005788,1037.0,0.005802,3073.0,0.005803,2067.0
1753520819996,09:06:59.996,AGT/USDT:USDT,0.005789,1366.0,0.005788,1037.0,0.005802,3073.0,0.005803,2067.0
1753520820042,09:07:00.042,AGT/USDT:USDT,0.005789,1366.0,0.005788,1037.0,0.005801,200.0,0.005802,3073.0
1753520820295,09:07:00.295,AGT/USDT:USDT,0.005789,1366.0,0.005788,1037.0,0.005801,200.0,0.005802,2036.0
1753520820358,09:07:00.358,AGT/USDT:USDT,0.005789,1366.0,0.005788,1037.0,0.005801,200.0,0.005802,2036.0
1753520820415,09:07:00.415,AGT/USDT:USDT,0.005789,1366.0,0.005788,1037.0,0.005801,200.0,0.005802,2036.0
1753520820832,09:07:00.832,AGT/USDT:USDT,0.005789,1366.0,0.005788,1037.0,0.005801,200.0,0.005802,2036.0
1753520821008,09:07:01.008,AGT/USDT:USDT,0.005789,4.0,0.005788,1037.0,0.005801,200.0,0.005802,2036.0
1753520821178,09:07:01.178,AGT/USDT:USDT,0.005789,1366.0,0.005788,1037.0,0.005801,200.0,0.005802,2036.0
1753520821245,09:07:01.245,AGT/USDT:USDT,0.005789,1366.0,0.005788,1037.0,0.005801,200.0,0.005802,2036.0
1753520822051,09:07:02.051,AGT/USDT:USDT,0.005789,1366.0,0.005788,1037.0,0.005801,200.0,0.005802,2036.0
1753520822182,09:07:02.182,AGT/USDT:USDT,0.005789,1366.0,0.005788,1037.0,0.005801,200.0,0.005802,2036.0
1753520822722,09:07:02.722,AGT/USDT:USDT,0.005789,1366.0,0.005788,1037.0,0.005801,200.0,0.005802,2036.0
1753520826848,09:07:06.848,AGT/USDT:USDT,0.005789,1366.0,0.005788,1037.0,0.005801,200.0,0.005802,2036.0
1753520828041,09:07:08.041,AGT/USDT:USDT,0.005789,1468.0,0.005788,1240.0,0.005801,200.0,0.005802,2236.0
1753520828901,09:07:08.901,AGT/USDT:USDT,0.005789,1468.0,0.005788,1240.0,0.005801,200.0,0.005802,2236.0
1753520829291,09:07:09.291,AGT/USDT:USDT,0.005789,1468.0,0.005788,1240.0,0.005801,200.0,0.005802,2036.0
1753520830598,09:07:10.598,AGT/USDT:USDT,0.005789,1468.0,0.005788,1240.0,0.005801,200.0,0.005802,2036.0
1753520830606,09:07:10.606,AGT/USDT:USDT,0.00579,2053.0,0.005789,1468.0,0.005801,200.0,0.005802,2036.0
1753520830722,09:07:10.722,AGT/USDT:USDT,0.005791,4.0,0.00579,2053.0,0.005801,301.0,0.005802,2036.0
1753520830938,09:07:10.938,AGT/USDT:USDT,0.005791,4.0,0.00579,2053.0,0.005801,301.0,0.005802,2036.0
1753520831160,09:07:11.160,AGT/USDT:USDT,0.005791,4.0,0.00579,2053.0,0.005801,301.0,0.005802,2036.0
1753520831648,09:07:11.648,AGT/USDT:USDT,0.005791,4.0,0.00579,2053.0,0.005801,301.0,0.005802,2036.0
1753520831756,09:07:11.756,AGT/USDT:USDT,0.005791,4.0,0.00579,2053.0,0.005801,301.0,0.005802,2036.0
1753520831898,09:07:11.898,AGT/USDT:USDT,0.005791,204.0,0.00579,2053.0,0.005801,301.0,0.005802,2036.0
1753520831905,09:07:11.905,AGT/USDT:USDT,0.005791,204.0,0.00579,2053.0,0.005801,301.0,0.005802,2036.0
1753520832006,09:07:12.006,AGT/USDT:USDT,0.005791,204.0,0.00579,2053.0,0.005801,301.0,0.005802,2036.0
1753520832172,09:07:12.172,AGT/USDT:USDT,0.005791,204.0,0.00579,2053.0,0.005801,301.0,0.005802,2036.0
1753520832205,09:07:12.205,AGT/USDT:USDT,0.005791,204.0,0.00579,2053.0,0.005801,301.0,0.005802,2036.0
1753520832394,09:07:12.394,AGT/USDT:USDT,0.005791,204.0,0.005786,674.0,0.005801,301.0,0.005802,3073.0
1753520832418,09:07:12.418,AGT/USDT:USDT,0.005791,200.0,0.005787,4.0,0.005801,301.0,0.005802,3073.0
1753520832887,09:07:12.887,AGT/USDT:USDT,0.005791,200.0,0.005787,4.0,0.0058,200.0,0.005801,301.0
1753520832997,09:07:12.997,AGT/USDT:USDT,0.005791,200.0,0.005787,4.0,0.0058,301.0,0.005801,301.0
1753520833057,09:07:13.057,AGT/USDT:USDT,0.005791,200.0,0.005787,4.0,0.005796,200.0,0.005797,2151.0
1753520833106,09:07:13.106,AGT/USDT:USDT,0.005791,200.0,0.005786,4.0,0.005796,200.0,0.005797,2151.0
1753520833206,09:07:13.206,AGT/USDT:USDT,0.005791,200.0,0.005786,4.0,0.005796,200.0,0.005797,2151.0
1753520833432,09:07:13.432,AGT/USDT:USDT,0.005791,200.0,0.005786,4.0,0.005796,200.0,0.005797,2151.0
1753520833877,09:07:13.877,AGT/USDT:USDT,0.005786,204.0,0.005785,1362.0,0.005796,200.0,0.005797,2151.0
1753520833906,09:07:13.906,AGT/USDT:USDT,0.005786,204.0,0.005785,1362.0,0.005796,200.0,0.005797,2151.0
1753520834007,09:07:14.007,AGT/USDT:USDT,0.005786,878.0,0.005785,1362.0,0.005796,200.0,0.005797,2151.0
1753520834101,09:07:14.101,AGT/USDT:USDT,0.005786,878.0,0.005785,1362.0,0.005796,200.0,0.005797,2151.0
1753520834212,09:07:14.212,AGT/USDT:USDT,0.005786,878.0,0.005785,1362.0,0.005796,200.0,0.005797,2151.0
1753520834302,09:07:14.302,AGT/USDT:USDT,0.005786,878.0,0.005785,1362.0,0.005796,200.0,0.005797,2151.0
1753520834821,09:07:14.821,AGT/USDT:USDT,0.005786,878.0,0.005785,1362.0,0.005796,200.0,0.005797,2151.0
1753520835141,09:07:15.141,AGT/USDT:USDT,0.005786,878.0,0.005785,1362.0,0.005796,200.0,0.005797,2151.0
1753520835220,09:07:15.220,AGT/USDT:USDT,0.005786,204.0,0.005784,12.0,0.005796,1562.0,0.005797,2151.0
1753520835354,09:07:15.354,AGT/USDT:USDT,0.005786,200.0,0.005784,16.0,0.005796,200.0,0.005797,2151.0
1753520835572,09:07:15.572,AGT/USDT:USDT,0.005786,200.0,0.005784,16.0,0.005796,200.0,0.005797,2151.0
1753520835874,09:07:15.874,AGT/USDT:USDT,0.005786,200.0,0.005784,16.0,0.005796,200.0,0.005797,2151.0
1753520835995,09:07:15.995,AGT/USDT:USDT,0.005786,200.0,0.005784,12.0,0.005796,1562.0,0.005797,2151.0
1753520836843,09:07:16.843,AGT/USDT:USDT,0.005786,200.0,0.005784,12.0,0.005796,1562.0,0.005797,2151.0
1753520837249,09:07:17.249,AGT/USDT:USDT,0.005786,200.0,0.005784,12.0,0.005796,200.0,0.005797,2151.0
1753520837832,09:07:17.832,AGT/USDT:USDT,0.005784,212.0,0.005783,204.0,0.005796,200.0,0.005797,2151.0
1753520838835,09:07:18.835,AGT/USDT:USDT,0.005786,2236.0,0.005784,212.0,0.005796,200.0,0.005797,101.0
1753520838953,09:07:18.953,AGT/USDT:USDT,0.005787,407.0,0.005786,2036.0,0.005796,200.0,0.005797,101.0
1753520839785,09:07:19.785,AGT/USDT:USDT,0.005787,407.0,0.005786,2036.0,0.005796,200.0,0.005797,101.0
1753520840057,09:07:20.057,AGT/USDT:USDT,0.005787,407.0,0.005786,2036.0,0.005796,200.0,0.005797,101.0
1753520840297,09:07:20.297,AGT/USDT:USDT,0.005784,12.0,0.005774,3073.0,0.005792,2036.0,0.005794,1037.0
1753520840390,09:07:20.390,AGT/USDT:USDT,0.005785,4.0,0.005784,12.0,0.005792,202.0,0.005793,674.0
1753520840482,09:07:20.482,AGT/USDT:USDT,0.005784,114.0,0.005783,203.0,0.005791,4.0,0.005792,202.0
1753520840631,09:07:20.631,AGT/USDT:USDT,0.005784,114.0,0.005783,203.0,0.005791,4.0,0.005792,202.0
1753520840788,09:07:20.788,AGT/USDT:USDT,0.005784,114.0,0.005783,203.0,0.005791,4.0,0.005792,202.0
1753520840799,09:07:20.799,AGT/USDT:USDT,0.005784,314.0,0.005783,203.0,0.005791,4.0,0.005792,202.0
1753520840933,09:07:20.933,AGT/USDT:USDT,0.005784,314.0,0.005783,203.0,0.005791,4.0,0.005792,202.0
1753520841127,09:07:21.127,AGT/USDT:USDT,0.005784,314.0,0.005783,203.0,0.005791,4.0,0.005792,101.0
1753520841336,09:07:21.336,AGT/USDT:USDT,0.005784,314.0,0.005783,203.0,0.005791,4.0,0.005792,101.0
1753520841561,09:07:21.561,AGT/USDT:USDT,0.005784,314.0,0.005783,203.0,0.005791,4.0,0.005798,2036.0
1753520841607,09:07:21.607,AGT/USDT:USDT,0.005784,314.0,0.005783,203.0,0.005794,2036.0,0.005795,1037.0
1753520841787,09:07:21.787,AGT/USDT:USDT,0.005784,314.0,0.005783,403.0,0.005793,4.0,0.005794,2036.0
1753520842045,09:07:22.045,AGT/USDT:USDT,0.005784,314.0,0.005783,403.0,0.005793,206.0,0.005794,2036.0
1753520842157,09:07:22.157,AGT/USDT:USDT,0.005784,314.0,0.005783,403.0,0.005793,206.0,0.005794,2036.0
1753520842573,09:07:22.573,AGT/USDT:USDT,0.005784,314.0,0.005783,403.0,0.005793,206.0,0.005794,2036.0
1753520842990,09:07:22.990,AGT/USDT:USDT,0.005784,314.0,0.005783,403.0,0.005793,206.0,0.005794,2036.0
1753520843392,09:07:23.392,AGT/USDT:USDT,0.005784,314.0,0.005783,403.0,0.005793,206.0,0.005794,2036.0
1753520843484,09:07:23.484,AGT/USDT:USDT,0.005784,314.0,0.005783,1765.0,0.005793,4.0,0.005798,2036.0
1753520843582,09:07:23.582,AGT/USDT:USDT,0.005784,314.0,0.005783,1765.0,0.005797,4.0,0.005798,2036.0
1753520843606,09:07:23.606,AGT/USDT:USDT,0.005784,314.0,0.005783,1765.0,0.005797,4.0,0.005798,2036.0
1753520843788,09:07:23.788,AGT/USDT:USDT,0.005787,2371.0,0.005786,1237.0,0.005797,4.0,0.005798,2036.0
1753520843880,09:07:23.880,AGT/USDT:USDT,0.005788,301.0,0.005787,2371.0,0.005797,105.0,0.005798,2036.0
1753520844081,09:07:24.081,AGT/USDT:USDT,0.005788,301.0,0.005787,2371.0,0.005797,105.0,0.005798,2036.0
1753520844246,09:07:24.246,AGT/USDT:USDT,0.005788,301.0,0.005787,2371.0,0.005797,105.0,0.005798,2036.0
1753520844545,09:07:24.545,AGT/USDT:USDT,0.005788,301.0,0.005787,2371.0,0.005797,105.0,0.005798,2036.0
1753520844667,09:07:24.667,AGT/USDT:USDT,0.005788,301.0,0.005787,2371.0,0.005797,105.0,0.005798,2036.0
1753520844797,09:07:24.797,AGT/USDT:USDT,0.005788,301.0,0.005787,2371.0,0.005797,206.0,0.005798,2036.0
1753520845093,09:07:25.093,AGT/USDT:USDT,0.005788,200.0,0.005787,2371.0,0.005797,206.0,0.005798,2036.0
1753520845439,09:07:25.439,AGT/USDT:USDT,0.005788,200.0,0.005787,2371.0,0.005797,206.0,0.005798,2036.0
1753520845732,09:07:25.732,AGT/USDT:USDT,0.005788,200.0,0.005787,2171.0,0.005797,206.0,0.005798,2036.0
1753520845920,09:07:25.920,AGT/USDT:USDT,0.005788,200.0,0.005787,2171.0,0.005797,206.0,0.005798,2036.0
1753520846049,09:07:26.049,AGT/USDT:USDT,0.005788,200.0,0.005787,2171.0,0.005797,206.0,0.005798,2036.0
1753520846423,09:07:26.423,AGT/USDT:USDT,0.005788,200.0,0.005787,2171.0,0.005797,206.0,0.005798,2036.0
1753520847231,09:07:27.231,AGT/USDT:USDT,0.005788,200.0,0.005787,2069.0,0.005797,206.0,0.005798,2036.0
1753520847676,09:07:27.676,AGT/USDT:USDT,0.005788,200.0,0.005784,2078.0,0.005797,206.0,0.005798,2036.0
1753520847947,09:07:27.947,AGT/USDT:USDT,0.005788,200.0,0.005784,2078.0,0.005797,206.0,0.005798,2036.0
1753520850857,09:07:30.857,AGT/USDT:USDT,0.005788,200.0,0.005784,2078.0,0.005797,206.0,0.005798,2036.0
1753520851188,09:07:31.188,AGT/USDT:USDT,0.005788,200.0,0.005784,2078.0,0.005797,206.0,0.005798,2036.0
1753520853284,09:07:33.284,AGT/USDT:USDT,0.005788,200.0,0.005784,2078.0,0.005797,105.0,0.005802,5141.0
1753520854018,09:07:34.018,AGT/USDT:USDT,0.005788,200.0,0.005784,2078.0,0.005797,105.0,0.005802,5141.0
1753520855650,09:07:35.650,AGT/USDT:USDT,0.005788,200.0,0.005784,2078.0,0.005797,105.0,0.005802,5141.0
1753520856735,09:07:36.735,AGT/USDT:USDT,0.005788,200.0,0.005784,2078.0,0.005797,105.0,0.005802,5141.0
1753520860450,09:07:40.450,AGT/USDT:USDT,0.005788,200.0,0.005784,2078.0,0.005797,105.0,0.005802,5141.0
1753520861365,09:07:41.365,AGT/USDT:USDT,0.005788,200.0,0.005784,2078.0,0.005797,4.0,0.005802,5141.0
1753520861406,09:07:41.406,AGT/USDT:USDT,0.005788,200.0,0.005784,2078.0,0.005801,4.0,0.005802,5141.0
1753520861534,09:07:41.534,AGT/USDT:USDT,0.005788,200.0,0.005784,2078.0,0.005801,4.0,0.005802,5141.0
1753520861627,09:07:41.627,AGT/USDT:USDT,0.005788,200.0,0.005784,2078.0,0.005801,4.0,0.005802,5141.0
1753520865250,09:07:45.250,AGT/USDT:USDT,0.005788,200.0,0.005784,2078.0,0.005801,4.0,0.005802,5141.0
1753520866785,09:07:46.785,AGT/USDT:USDT,0.005788,200.0,0.005784,2078.0,0.005801,4.0,0.005802,5141.0
1753520868141,09:07:48.141,AGT/USDT:USDT,0.005789,3073.0,0.005784,2078.0,0.005801,4.0,0.005802,4104.0
1753520868523,09:07:48.523,AGT/USDT:USDT,0.005789,3073.0,0.005784,2078.0,0.005801,4.0,0.005802,4104.0
1753520868942,09:07:48.942,AGT/USDT:USDT,0.005789,3073.0,0.005784,2078.0,0.005801,4.0,0.005802,4104.0
1753520869748,09:07:49.748,AGT/USDT:USDT,0.005789,3073.0,0.005784,2078.0,0.005801,4.0,0.005802,4104.0
1753520870051,09:07:50.051,AGT/USDT:USDT,0.005789,3073.0,0.005784,2078.0,0.005801,4.0,0.005802,4104.0
1753520874868,09:07:54.868,AGT/USDT:USDT,0.005789,3073.0,0.005784,2078.0,0.005801,4.0,0.005802,4104.0
1753520874913,09:07:54.913,AGT/USDT:USDT,0.005789,3073.0,0.005784,2078.0,0.005801,4.0,0.005802,4104.0
1753520875006,09:07:55.006,AGT/USDT:USDT,0.005789,3073.0,0.005784,2078.0,0.005801,4.0,0.005802,4104.0
1753520875884,09:07:55.884,AGT/USDT:USDT,0.00579,2049.0,0.005789,3073.0,0.005801,4.0,0.005802,2036.0
1753520875902,09:07:55.902,AGT/USDT:USDT,0.00579,2049.0,0.005789,3073.0,0.005801,4.0,0.005802,2036.0
1753520876192,09:07:56.192,AGT/USDT:USDT,0.00579,2049.0,0.005789,3073.0,0.005801,4.0,0.005802,2036.0
1753520876298,09:07:56.298,AGT/USDT:USDT,0.00579,2049.0,0.005789,3073.0,0.005801,4.0,0.005804,1037.0
1753520876397,09:07:56.397,AGT/USDT:USDT,0.00579,2049.0,0.005789,3073.0,0.005803,4.0,0.005806,2036.0
1753520876491,09:07:56.491,AGT/USDT:USDT,0.00579,2049.0,0.005789,3073.0,0.005805,4.0,0.005806,2036.0
1753520876506,09:07:56.506,AGT/USDT:USDT,0.00579,2049.0,0.005789,3073.0,0.005805,4.0,0.005806,2036.0
1753520876607,09:07:56.607,AGT/USDT:USDT,0.00579,2049.0,0.005789,3073.0,0.005805,4.0,0.005806,2036.0
1753520876841,09:07:56.841,AGT/USDT:USDT,0.00579,2049.0,0.005789,3073.0,0.005805,4.0,0.005806,2036.0
1753520877011,09:07:57.011,AGT/USDT:USDT,0.00579,2049.0,0.005789,3073.0,0.005805,4.0,0.005806,2036.0
1753520878089,09:07:58.089,AGT/USDT:USDT,0.00579,2049.0,0.005789,3073.0,0.005805,4.0,0.005806,2036.0
1753520879046,09:07:59.046,AGT/USDT:USDT,0.005793,2239.0,0.00579,2049.0,0.005805,4.0,0.005806,2036.0
1753520879106,09:07:59.106,AGT/USDT:USDT,0.005793,2239.0,0.00579,2049.0,0.005805,4.0,0.005806,2036.0
1753520879208,09:07:59.208,AGT/USDT:USDT,0.005793,2239.0,0.00579,2049.0,0.005805,4.0,0.005806,2036.0
1753520879466,09:07:59.466,AGT/USDT:USDT,0.005793,2239.0,0.00579,2049.0,0.005805,4.0,0.005806,2036.0
1753520879897,09:07:59.897,AGT/USDT:USDT,0.005793,2239.0,0.00579,2049.0,0.005805,4.0,0.005806,2036.0
1753520879898,09:07:59.898,AGT/USDT:USDT,0.005793,2239.0,0.00579,2049.0,0.005805,4.0,0.005806,2036.0
1753520880270,09:08:00.270,AGT/USDT:USDT,0.005793,877.0,0.00579,2049.0,0.005805,4.0,0.005806,2036.0
1753520880651,09:08:00.651,AGT/USDT:USDT,0.005793,877.0,0.00579,2049.0,0.005805,4.0,0.005806,2036.0
1753520880857,09:08:00.857,AGT/USDT:USDT,0.005795,1037.0,0.005794,1362.0,0.005805,4.0,0.005808,2049.0
1753520880974,09:08:00.974,AGT/USDT:USDT,0.005796,2048.0,0.005795,1037.0,0.005807,4.0,0.005808,2049.0
1753520881063,09:08:01.063,AGT/USDT:USDT,0.005796,2150.0,0.005793,674.0,0.005806,1450.0,0.005807,4.0
1753520881144,09:08:01.144,AGT/USDT:USDT,0.005796,2251.0,0.005793,674.0,0.005805,92.0,0.005808,2049.0
1753520881965,09:08:01.965,AGT/USDT:USDT,0.005796,2251.0,0.005793,674.0,0.005805,92.0,0.005808,2049.0
1753520882386,09:08:02.386,AGT/USDT:USDT,0.005796,2251.0,0.005793,674.0,0.005805,92.0,0.005808,2049.0
1753520882812,09:08:02.812,AGT/USDT:USDT,0.005796,2251.0,0.005793,674.0,0.005805,92.0,0.005808,2049.0
1753520883128,09:08:03.128,AGT/USDT:USDT,0.005796,2251.0,0.005793,674.0,0.005805,180.0,0.005808,2049.0
1753520883231,09:08:03.231,AGT/USDT:USDT,0.005796,2251.0,0.005789,3073.0,0.005805,180.0,0.005808,2049.0
1753520884011,09:08:04.011,AGT/USDT:USDT,0.005796,2251.0,0.005789,3073.0,0.005805,180.0,0.005808,2049.0
1753520885456,09:08:05.456,AGT/USDT:USDT,0.005796,2251.0,0.005789,3073.0,0.005805,180.0,0.005808,2049.0
1753520885537,09:08:05.537,AGT/USDT:USDT,0.005796,2251.0,0.005789,3073.0,0.005805,180.0,0.005808,2049.0
1753520885632,09:08:05.632,AGT/USDT:USDT,0.005796,2251.0,0.005789,3073.0,0.005805,180.0,0.005808,2049.0
1753520886066,09:08:06.066,AGT/USDT:USDT,0.005796,2251.0,0.005789,3073.0,0.005805,180.0,0.005808,2049.0
1753520887404,09:08:07.404,AGT/USDT:USDT,0.005796,2251.0,0.005789,3073.0,0.005805,92.0,0.005808,2049.0
1753520890099,09:08:10.099,AGT/USDT:USDT,0.005799,1362.0,0.005798,674.0,0.00581,12.0,0.005816,2399.0
1753520890122,09:08:10.122,AGT/USDT:USDT,0.005799,1464.0,0.005798,674.0,0.005809,4.0,0.00581,12.0
1753520890251,09:08:10.251,AGT/USDT:USDT,0.005801,2047.0,0.0058,4.0,0.00581,300.0,0.005815,2247.0
1753520890308,09:08:10.308,AGT/USDT:USDT,0.005802,4.0,0.005801,2047.0,0.00581,300.0,0.005811,102.0
1753520890541,09:08:10.541,AGT/USDT:USDT,0.005802,207.0,0.005801,2149.0,0.00581,300.0,0.005811,102.0
1753520890768,09:08:10.768,AGT/USDT:USDT,0.005802,207.0,0.005801,2149.0,0.00581,300.0,0.005815,2247.0
1753520890959,09:08:10.959,AGT/USDT:USDT,0.005802,207.0,0.005801,2149.0,0.00581,300.0,0.005815,2247.0
1753520891266,09:08:11.266,AGT/USDT:USDT,0.005802,207.0,0.005801,2149.0,0.00581,300.0,0.005813,674.0
1753520891396,09:08:11.396,AGT/USDT:USDT,0.005802,207.0,0.005801,2149.0,0.00581,300.0,0.005813,674.0
1753520891399,09:08:11.399,AGT/USDT:USDT,0.005802,207.0,0.005801,2149.0,0.00581,300.0,0.005813,674.0
1753520891720,09:08:11.720,AGT/USDT:USDT,0.005802,207.0,0.005801,2149.0,0.00581,388.0,0.005813,674.0
1753520892226,09:08:12.226,AGT/USDT:USDT,0.005802,207.0,0.005801,2149.0,0.00581,388.0,0.005812,200.0
1753520892423,09:08:12.423,AGT/USDT:USDT,0.005802,207.0,0.005801,2149.0,0.00581,300.0,0.005812,200.0
1753520893054,09:08:13.054,AGT/USDT:USDT,0.005802,207.0,0.005801,2149.0,0.00581,300.0,0.005812,200.0
1753520893197,09:08:13.197,AGT/USDT:USDT,0.005802,207.0,0.005801,2149.0,0.00581,100.0,0.005812,200.0
1753520893208,09:08:13.208,AGT/USDT:USDT,0.005802,207.0,0.005801,2149.0,0.00581,300.0,0.005812,200.0
1753520895051,09:08:15.051,AGT/USDT:USDT,0.005802,207.0,0.005801,2149.0,0.00581,300.0,0.005812,200.0
1753520895175,09:08:15.175,AGT/USDT:USDT,0.005802,207.0,0.005801,2149.0,0.00581,100.0,0.005812,200.0
1753520895239,09:08:15.239,AGT/USDT:USDT,0.005802,207.0,0.005801,2149.0,0.00581,100.0,0.005812,200.0
