timestamp,time,symbol,bid1_price,bid1_volume,bid2_price,bid2_volume,ask1_price,ask1_volume,ask2_price,ask2_volume
1753520626000,09:03:46.000,ADA/USDT:USDT,0.823,62.0,0.8229,958.0,0.8231,91.0,0.8232,957.0
1753520626509,09:03:46.509,ADA/USDT:USDT,0.823,62.0,0.8229,958.0,0.8231,91.0,0.8232,957.0
1753520626554,09:03:46.554,ADA/USDT:USDT,0.823,62.0,0.8229,958.0,0.8231,109.0,0.8232,957.0
1753520626705,09:03:46.705,ADA/USDT:USDT,0.823,217.0,0.8229,958.0,0.8231,73.0,0.8232,957.0
1753520626847,09:03:46.847,ADA/USDT:USDT,0.823,217.0,0.8229,958.0,0.8231,73.0,0.8232,957.0
1753520626944,09:03:46.944,ADA/USDT:USDT,0.823,601.0,0.8229,1006.0,0.8231,12.0,0.8232,247.0
1753520627049,09:03:47.049,ADA/USDT:USDT,0.8231,163.0,0.823,769.0,0.8232,74.0,0.8233,1715.0
1753520627130,09:03:47.130,ADA/USDT:USDT,0.8231,163.0,0.823,787.0,0.8232,74.0,0.8233,1646.0
1753520627248,09:03:47.248,ADA/USDT:USDT,0.8231,163.0,0.823,787.0,0.8232,74.0,0.8233,1646.0
1753520627345,09:03:47.345,ADA/USDT:USDT,0.8231,163.0,0.823,805.0,0.8232,74.0,0.8233,1646.0
1753520627426,09:03:47.426,ADA/USDT:USDT,0.8231,163.0,0.823,955.0,0.8232,74.0,0.8233,1646.0
1753520627487,09:03:47.487,ADA/USDT:USDT,0.8231,163.0,0.823,919.0,0.8232,74.0,0.8233,1664.0
1753520627637,09:03:47.637,ADA/USDT:USDT,0.8231,9.0,0.823,919.0,0.8232,277.0,0.8233,1733.0
1753520627733,09:03:47.733,ADA/USDT:USDT,0.823,919.0,0.8229,1175.0,0.8232,531.0,0.8233,1715.0
1753520627834,09:03:47.834,ADA/USDT:USDT,0.823,919.0,0.8229,1175.0,0.8232,531.0,0.8233,1715.0
1753520628035,09:03:48.035,ADA/USDT:USDT,0.823,919.0,0.8229,1175.0,0.8232,634.0,0.8233,1697.0
1753520628075,09:03:48.075,ADA/USDT:USDT,0.823,919.0,0.8229,1175.0,0.8232,372.0,0.8233,1013.0
1753520628287,09:03:48.287,ADA/USDT:USDT,0.823,919.0,0.8229,1175.0,0.8232,354.0,0.8233,1013.0
1753520628388,09:03:48.388,ADA/USDT:USDT,0.823,745.0,0.8229,1193.0,0.8231,6.0,0.8232,344.0
1753520628530,09:03:48.530,ADA/USDT:USDT,0.823,595.0,0.8229,1175.0,0.8232,594.0,0.8233,1695.0
1753520628566,09:03:48.566,ADA/USDT:USDT,0.823,595.0,0.8229,1175.0,0.8232,612.0,0.8233,1695.0
1753520628739,09:03:48.739,ADA/USDT:USDT,0.823,595.0,0.8229,1175.0,0.8232,606.0,0.8233,1695.0
1753520628771,09:03:48.771,ADA/USDT:USDT,0.823,595.0,0.8229,1175.0,0.8232,612.0,0.8233,1695.0
1753520628940,09:03:48.940,ADA/USDT:USDT,0.823,595.0,0.8229,1175.0,0.8232,594.0,0.8233,1695.0
1753520629144,09:03:49.144,ADA/USDT:USDT,0.8231,154.0,0.823,958.0,0.8232,74.0,0.8233,1697.0
1753520629213,09:03:49.213,ADA/USDT:USDT,0.8231,309.0,0.823,958.0,0.8232,74.0,0.8233,1697.0
1753520629412,09:03:49.412,ADA/USDT:USDT,0.8231,217.0,0.823,958.0,0.8232,74.0,0.8233,1733.0
1753520629514,09:03:49.514,ADA/USDT:USDT,0.8231,217.0,0.823,958.0,0.8232,74.0,0.8233,1049.0
1753520629566,09:03:49.566,ADA/USDT:USDT,0.8231,217.0,0.823,958.0,0.8232,74.0,0.8233,1013.0
1753520629749,09:03:49.749,ADA/USDT:USDT,0.8231,217.0,0.823,958.0,0.8232,74.0,0.8233,1049.0
1753520629933,09:03:49.933,ADA/USDT:USDT,0.8231,217.0,0.823,958.0,0.8232,74.0,0.8233,1013.0
1753520630214,09:03:50.214,ADA/USDT:USDT,0.8231,217.0,0.823,958.0,0.8232,12.0,0.8233,653.0
1753520630426,09:03:50.426,ADA/USDT:USDT,0.8231,367.0,0.823,958.0,0.8232,12.0,0.8233,671.0
1753520630550,09:03:50.550,ADA/USDT:USDT,0.8231,367.0,0.823,958.0,0.8232,12.0,0.8233,671.0
1753520630578,09:03:50.578,ADA/USDT:USDT,0.8231,367.0,0.823,1782.0,0.8232,12.0,0.8233,441.0
1753520630937,09:03:50.937,ADA/USDT:USDT,0.8231,367.0,0.823,1746.0,0.8232,12.0,0.8233,441.0
1753520631038,09:03:51.038,ADA/USDT:USDT,0.8231,217.0,0.823,1746.0,0.8232,12.0,0.8233,459.0
1753520631135,09:03:51.135,ADA/USDT:USDT,0.8231,217.0,0.823,1746.0,0.8232,12.0,0.8233,614.0
1753520631183,09:03:51.183,ADA/USDT:USDT,0.8231,62.0,0.823,1746.0,0.8232,200.0,0.8233,683.0
1753520631346,09:03:51.346,ADA/USDT:USDT,0.8231,62.0,0.823,1746.0,0.8232,182.0,0.8233,683.0
1753520631448,09:03:51.448,ADA/USDT:USDT,0.8231,62.0,0.823,1746.0,0.8232,182.0,0.8233,683.0
1753520631542,09:03:51.542,ADA/USDT:USDT,0.8231,62.0,0.823,1746.0,0.8232,247.0,0.8233,683.0
1753520631631,09:03:51.631,ADA/USDT:USDT,0.8231,217.0,0.823,1832.0,0.8232,74.0,0.8233,665.0
1753520631740,09:03:51.740,ADA/USDT:USDT,0.8231,217.0,0.823,1832.0,0.8232,74.0,0.8233,647.0
1753520631793,09:03:51.793,ADA/USDT:USDT,0.8231,217.0,0.823,1832.0,0.8232,74.0,0.8233,665.0
1753520631874,09:03:51.874,ADA/USDT:USDT,0.8231,217.0,0.823,1832.0,0.8232,74.0,0.8233,647.0
1753520631954,09:03:51.954,ADA/USDT:USDT,0.8231,217.0,0.823,1832.0,0.8232,74.0,0.8233,665.0
1753520632140,09:03:52.140,ADA/USDT:USDT,0.8231,217.0,0.823,1832.0,0.8232,12.0,0.8233,647.0
1753520632200,09:03:52.200,ADA/USDT:USDT,0.8231,217.0,0.823,1832.0,0.8232,12.0,0.8233,596.0
1753520632315,09:03:52.315,ADA/USDT:USDT,0.8231,217.0,0.823,1941.0,0.8232,12.0,0.8233,578.0
1753520632376,09:03:52.376,ADA/USDT:USDT,0.8231,367.0,0.823,1941.0,0.8232,12.0,0.8233,578.0
1753520632531,09:03:52.531,ADA/USDT:USDT,0.8231,367.0,0.823,1941.0,0.8232,12.0,0.8233,273.0
1753520632593,09:03:52.593,ADA/USDT:USDT,0.8231,367.0,0.823,1941.0,0.8232,12.0,0.8233,452.0
1753520632807,09:03:52.807,ADA/USDT:USDT,0.8231,367.0,0.823,1941.0,0.8232,12.0,0.8233,452.0
1753520633005,09:03:53.005,ADA/USDT:USDT,0.8231,367.0,0.823,1941.0,0.8232,12.0,0.8233,452.0
1753520633243,09:03:53.243,ADA/USDT:USDT,0.8231,367.0,0.823,1923.0,0.8232,12.0,0.8233,470.0
1753520633324,09:03:53.324,ADA/USDT:USDT,0.8231,367.0,0.823,1923.0,0.8232,12.0,0.8233,452.0
1753520633437,09:03:53.437,ADA/USDT:USDT,0.8231,367.0,0.823,1923.0,0.8232,12.0,0.8233,470.0
1753520633544,09:03:53.544,ADA/USDT:USDT,0.8231,367.0,0.823,1923.0,0.8232,12.0,0.8233,488.0
1753520633633,09:03:53.633,ADA/USDT:USDT,0.8231,367.0,0.823,1874.0,0.8232,12.0,0.8233,291.0
1753520633653,09:03:53.653,ADA/USDT:USDT,0.8231,367.0,0.823,1892.0,0.8232,12.0,0.8233,291.0
1753520633862,09:03:53.862,ADA/USDT:USDT,0.8231,367.0,0.823,1874.0,0.8232,12.0,0.8233,309.0
1753520633996,09:03:53.996,ADA/USDT:USDT,0.8231,367.0,0.823,1874.0,0.8232,12.0,0.8233,309.0
1753520634054,09:03:54.054,ADA/USDT:USDT,0.8231,367.0,0.823,1892.0,0.8232,12.0,0.8233,291.0
1753520634233,09:03:54.233,ADA/USDT:USDT,0.8231,367.0,0.823,1910.0,0.8232,12.0,0.8233,291.0
1753520634272,09:03:54.272,ADA/USDT:USDT,0.8231,367.0,0.823,1892.0,0.8232,12.0,0.8233,291.0
1753520634409,09:03:54.409,ADA/USDT:USDT,0.8231,367.0,0.823,1892.0,0.8232,12.0,0.8233,291.0
1753520634516,09:03:54.516,ADA/USDT:USDT,0.8231,367.0,0.823,1910.0,0.8232,12.0,0.8233,291.0
1753520634636,09:03:54.636,ADA/USDT:USDT,0.8231,367.0,0.823,1910.0,0.8232,12.0,0.8233,291.0
1753520634737,09:03:54.737,ADA/USDT:USDT,0.8231,367.0,0.823,1959.0,0.8232,12.0,0.8233,309.0
1753520634793,09:03:54.793,ADA/USDT:USDT,0.8231,367.0,0.823,1977.0,0.8232,12.0,0.8233,309.0
1753520634868,09:03:54.868,ADA/USDT:USDT,0.8231,367.0,0.823,1977.0,0.8232,12.0,0.8233,291.0
1753520635081,09:03:55.081,ADA/USDT:USDT,0.8231,367.0,0.823,1977.0,0.8232,12.0,0.8233,291.0
1753520635240,09:03:55.240,ADA/USDT:USDT,0.8231,367.0,0.823,1995.0,0.8232,12.0,0.8233,291.0
1753520635318,09:03:55.318,ADA/USDT:USDT,0.8231,367.0,0.823,1959.0,0.8232,12.0,0.8233,291.0
1753520635380,09:03:55.380,ADA/USDT:USDT,0.8231,367.0,0.823,1959.0,0.8232,12.0,0.8233,464.0
1753520635529,09:03:55.529,ADA/USDT:USDT,0.8231,367.0,0.823,1995.0,0.8232,12.0,0.8233,446.0
1753520635568,09:03:55.568,ADA/USDT:USDT,0.8231,367.0,0.823,2233.0,0.8232,12.0,0.8233,446.0
1753520635734,09:03:55.734,ADA/USDT:USDT,0.8231,367.0,0.823,2233.0,0.8232,12.0,0.8233,446.0
1753520636027,09:03:56.027,ADA/USDT:USDT,0.8231,367.0,0.823,2233.0,0.8232,12.0,0.8233,446.0
1753520636235,09:03:56.235,ADA/USDT:USDT,0.8231,367.0,0.823,2233.0,0.8232,12.0,0.8233,446.0
1753520636257,09:03:56.257,ADA/USDT:USDT,0.8231,367.0,0.823,2215.0,0.8232,12.0,0.8233,446.0
1753520636420,09:03:56.420,ADA/USDT:USDT,0.8231,367.0,0.823,2197.0,0.8232,12.0,0.8233,464.0
1753520636820,09:03:56.820,ADA/USDT:USDT,0.8231,367.0,0.823,2197.0,0.8232,12.0,0.8233,464.0
1753520636910,09:03:56.910,ADA/USDT:USDT,0.8231,367.0,0.823,2233.0,0.8232,12.0,0.8233,464.0
1753520636955,09:03:56.955,ADA/USDT:USDT,0.8231,367.0,0.823,2233.0,0.8232,12.0,0.8233,464.0
1753520637135,09:03:57.135,ADA/USDT:USDT,0.8231,367.0,0.823,2155.0,0.8232,12.0,0.8233,446.0
1753520637316,09:03:57.316,ADA/USDT:USDT,0.8231,367.0,0.823,2119.0,0.8232,12.0,0.8233,464.0
1753520637403,09:03:57.403,ADA/USDT:USDT,0.8231,367.0,0.823,2119.0,0.8232,12.0,0.8233,464.0
1753520637547,09:03:57.547,ADA/USDT:USDT,0.8231,212.0,0.823,2119.0,0.8232,30.0,0.8233,464.0
1753520637611,09:03:57.611,ADA/USDT:USDT,0.8231,62.0,0.823,2119.0,0.8232,30.0,0.8233,464.0
1753520637738,09:03:57.738,ADA/USDT:USDT,0.8231,62.0,0.823,2119.0,0.8232,12.0,0.8233,464.0
1753520637847,09:03:57.847,ADA/USDT:USDT,0.8231,217.0,0.823,2155.0,0.8232,12.0,0.8233,64.0
1753520638005,09:03:58.005,ADA/USDT:USDT,0.8231,217.0,0.823,2155.0,0.8232,12.0,0.8233,291.0
1753520638547,09:03:58.547,ADA/USDT:USDT,0.8231,217.0,0.823,2137.0,0.8232,12.0,0.8233,291.0
1753520638609,09:03:58.609,ADA/USDT:USDT,0.8231,217.0,0.823,2119.0,0.8232,12.0,0.8233,464.0
1753520638793,09:03:58.793,ADA/USDT:USDT,0.8231,217.0,0.823,2119.0,0.8232,12.0,0.8233,464.0
1753520638855,09:03:58.855,ADA/USDT:USDT,0.8231,217.0,0.823,2119.0,0.8232,12.0,0.8233,464.0
1753520639010,09:03:59.010,ADA/USDT:USDT,0.8231,217.0,0.823,2119.0,0.8232,30.0,0.8233,464.0
1753520639144,09:03:59.144,ADA/USDT:USDT,0.8231,217.0,0.823,2137.0,0.8232,74.0,0.8233,64.0
1753520639239,09:03:59.239,ADA/USDT:USDT,0.8231,217.0,0.823,2137.0,0.8232,74.0,0.8233,273.0
1753520639348,09:03:59.348,ADA/USDT:USDT,0.8231,217.0,0.823,2119.0,0.8232,74.0,0.8233,273.0
1753520639395,09:03:59.395,ADA/USDT:USDT,0.8231,217.0,0.823,2119.0,0.8232,92.0,0.8233,446.0
1753520639507,09:03:59.507,ADA/USDT:USDT,0.8231,217.0,0.823,2119.0,0.8232,74.0,0.8233,464.0
1753520639641,09:03:59.641,ADA/USDT:USDT,0.8231,217.0,0.823,2119.0,0.8232,74.0,0.8233,464.0
1753520639815,09:03:59.815,ADA/USDT:USDT,0.8231,217.0,0.823,2137.0,0.8232,12.0,0.8233,273.0
1753520639862,09:03:59.862,ADA/USDT:USDT,0.8231,217.0,0.823,2137.0,0.8232,12.0,0.8233,273.0
1753520639952,09:03:59.952,ADA/USDT:USDT,0.8231,217.0,0.823,2137.0,0.8232,12.0,0.8233,273.0
1753520640335,09:04:00.335,ADA/USDT:USDT,0.8231,368.0,0.823,2155.0,0.8232,12.0,0.8233,64.0
1753520640448,09:04:00.448,ADA/USDT:USDT,0.8232,1199.0,0.8231,987.0,0.8233,12.0,0.8234,1578.0
1753520640544,09:04:00.544,ADA/USDT:USDT,0.8233,291.0,0.8232,1022.0,0.8234,187.0,0.8235,2402.0
1753520640637,09:04:00.637,ADA/USDT:USDT,0.8233,291.0,0.8232,1021.0,0.8234,185.0,0.8235,1890.0
1753520640748,09:04:00.748,ADA/USDT:USDT,0.8233,291.0,0.8232,2211.0,0.8234,185.0,0.8235,1890.0
1753520640798,09:04:00.798,ADA/USDT:USDT,0.8233,291.0,0.8232,2024.0,0.8234,185.0,0.8235,1890.0
1753520640945,09:04:00.945,ADA/USDT:USDT,0.8233,291.0,0.8232,2024.0,0.8234,185.0,0.8235,1890.0
1753520641017,09:04:01.017,ADA/USDT:USDT,0.8233,291.0,0.8232,2024.0,0.8234,185.0,0.8235,1908.0
1753520641146,09:04:01.146,ADA/USDT:USDT,0.8233,199.0,0.8232,2024.0,0.8234,185.0,0.8235,1926.0
1753520641241,09:04:01.241,ADA/USDT:USDT,0.8233,107.0,0.8232,2024.0,0.8234,376.0,0.8235,1926.0
1753520641338,09:04:01.338,ADA/USDT:USDT,0.8233,107.0,0.8232,2024.0,0.8234,526.0,0.8235,1926.0
1753520641446,09:04:01.446,ADA/USDT:USDT,0.8233,107.0,0.8232,1866.0,0.8234,490.0,0.8235,1926.0
1753520641539,09:04:01.539,ADA/USDT:USDT,0.8233,199.0,0.8232,1866.0,0.8234,340.0,0.8235,1926.0
1753520641647,09:04:01.647,ADA/USDT:USDT,0.8233,199.0,0.8232,1866.0,0.8234,74.0,0.8235,1926.0
1753520641735,09:04:01.735,ADA/USDT:USDT,0.8233,199.0,0.8232,1866.0,0.8234,74.0,0.8235,1926.0
1753520641770,09:04:01.770,ADA/USDT:USDT,0.8233,199.0,0.8232,1927.0,0.8234,74.0,0.8235,1926.0
1753520641901,09:04:01.901,ADA/USDT:USDT,0.8233,199.0,0.8232,1927.0,0.8234,74.0,0.8235,1926.0
1753520642027,09:04:02.027,ADA/USDT:USDT,0.8233,107.0,0.8232,1927.0,0.8234,74.0,0.8235,1926.0
1753520642098,09:04:02.098,ADA/USDT:USDT,0.8233,107.0,0.8232,1927.0,0.8234,74.0,0.8235,1926.0
1753520642246,09:04:02.246,ADA/USDT:USDT,0.8233,107.0,0.8232,1927.0,0.8234,74.0,0.8235,1857.0
1753520642334,09:04:02.334,ADA/USDT:USDT,0.8233,107.0,0.8232,2159.0,0.8234,74.0,0.8235,2051.0
1753520642419,09:04:02.419,ADA/USDT:USDT,0.8233,107.0,0.8232,2159.0,0.8234,74.0,0.8235,1402.0
1753520642510,09:04:02.510,ADA/USDT:USDT,0.8233,107.0,0.8232,2159.0,0.8234,74.0,0.8235,1420.0
1753520642636,09:04:02.636,ADA/USDT:USDT,0.8233,262.0,0.8232,2177.0,0.8234,74.0,0.8235,1384.0
1753520642741,09:04:02.741,ADA/USDT:USDT,0.8233,262.0,0.8232,2159.0,0.8234,74.0,0.8235,1402.0
1753520642833,09:04:02.833,ADA/USDT:USDT,0.8233,262.0,0.8232,2159.0,0.8234,74.0,0.8235,1402.0
1753520642941,09:04:02.941,ADA/USDT:USDT,0.8232,1975.0,0.8231,1429.0,0.8234,337.0,0.8235,1471.0
1753520643034,09:04:03.034,ADA/USDT:USDT,0.8232,1975.0,0.8231,1429.0,0.8234,586.0,0.8235,1471.0
1753520643141,09:04:03.141,ADA/USDT:USDT,0.8232,1975.0,0.8231,1429.0,0.8234,568.0,0.8235,1453.0
1753520643195,09:04:03.195,ADA/USDT:USDT,0.8232,1975.0,0.8231,1429.0,0.8234,550.0,0.8235,1453.0
1753520643347,09:04:03.347,ADA/USDT:USDT,0.8232,1975.0,0.8231,746.0,0.8234,568.0,0.8235,1453.0
1753520643410,09:04:03.410,ADA/USDT:USDT,0.8232,1743.0,0.8231,746.0,0.8234,568.0,0.8235,1453.0
1753520643514,09:04:03.514,ADA/USDT:USDT,0.8232,1743.0,0.8231,746.0,0.8234,568.0,0.8235,1453.0
1753520643640,09:04:03.640,ADA/USDT:USDT,0.8232,1743.0,0.8231,746.0,0.8234,550.0,0.8235,1453.0
1753520643736,09:04:03.736,ADA/USDT:USDT,0.8232,1743.0,0.8231,746.0,0.8234,586.0,0.8235,1453.0
1753520643808,09:04:03.808,ADA/USDT:USDT,0.8232,1743.0,0.8231,746.0,0.8234,550.0,0.8235,1453.0
1753520643949,09:04:03.949,ADA/USDT:USDT,0.8232,1743.0,0.8231,746.0,0.8234,550.0,0.8235,1453.0
1753520644034,09:04:04.034,ADA/USDT:USDT,0.8232,1743.0,0.8231,746.0,0.8234,568.0,0.8235,1453.0
1753520644134,09:04:04.134,ADA/USDT:USDT,0.8232,858.0,0.8231,1553.0,0.8234,586.0,0.8235,1453.0
1753520644243,09:04:04.243,ADA/USDT:USDT,0.8232,74.0,0.8231,1553.0,0.8233,363.0,0.8234,807.0
1753520644334,09:04:04.334,ADA/USDT:USDT,0.8231,1264.0,0.823,1492.0,0.8233,540.0,0.8234,966.0
1753520644417,09:04:04.417,ADA/USDT:USDT,0.8231,1264.0,0.823,1492.0,0.8233,540.0,0.8234,966.0
1753520644546,09:04:04.546,ADA/USDT:USDT,0.8231,1264.0,0.823,1492.0,0.8232,62.0,0.8233,674.0
1753520644645,09:04:04.645,ADA/USDT:USDT,0.8231,1264.0,0.823,1528.0,0.8233,656.0,0.8234,925.0
1753520644734,09:04:04.734,ADA/USDT:USDT,0.8231,1276.0,0.823,1528.0,0.8233,656.0,0.8234,925.0
1753520644832,09:04:04.832,ADA/USDT:USDT,0.8231,391.0,0.823,2377.0,0.8233,674.0,0.8234,925.0
1753520644943,09:04:04.943,ADA/USDT:USDT,0.8231,391.0,0.823,2377.0,0.8233,692.0,0.8234,925.0
1753520645009,09:04:05.009,ADA/USDT:USDT,0.8231,391.0,0.823,2377.0,0.8233,692.0,0.8234,925.0
1753520645100,09:04:05.100,ADA/USDT:USDT,0.8231,391.0,0.823,2377.0,0.8233,692.0,0.8234,925.0
1753520645156,09:04:05.156,ADA/USDT:USDT,0.8231,391.0,0.823,2377.0,0.8233,692.0,0.8234,925.0
1753520645344,09:04:05.344,ADA/USDT:USDT,0.8231,86.0,0.823,2104.0,0.8232,62.0,0.8233,692.0
1753520645405,09:04:05.405,ADA/USDT:USDT,0.8231,86.0,0.823,2104.0,0.8232,62.0,0.8233,864.0
1753520645519,09:04:05.519,ADA/USDT:USDT,0.8231,86.0,0.823,2104.0,0.8232,62.0,0.8233,864.0
1753520645624,09:04:05.624,ADA/USDT:USDT,0.8231,86.0,0.823,2104.0,0.8232,62.0,0.8233,864.0
1753520645688,09:04:05.688,ADA/USDT:USDT,0.8231,86.0,0.823,2104.0,0.8232,62.0,0.8233,864.0
1753520645777,09:04:05.777,ADA/USDT:USDT,0.8231,86.0,0.823,2104.0,0.8232,62.0,0.8233,864.0
1753520646018,09:04:06.018,ADA/USDT:USDT,0.8231,86.0,0.823,2104.0,0.8232,62.0,0.8233,864.0
1753520646118,09:04:06.118,ADA/USDT:USDT,0.8231,86.0,0.823,2104.0,0.8232,62.0,0.8233,864.0
1753520646198,09:04:06.198,ADA/USDT:USDT,0.8231,86.0,0.823,2104.0,0.8232,62.0,0.8233,933.0
1753520646320,09:04:06.320,ADA/USDT:USDT,0.8231,86.0,0.823,2104.0,0.8232,62.0,0.8233,933.0
1753520646434,09:04:06.434,ADA/USDT:USDT,0.8231,86.0,0.823,2104.0,0.8232,62.0,0.8233,761.0
1753520646533,09:04:06.533,ADA/USDT:USDT,0.8231,86.0,0.823,2104.0,0.8232,62.0,0.8233,761.0
1753520646635,09:04:06.635,ADA/USDT:USDT,0.8231,86.0,0.823,2122.0,0.8232,62.0,0.8233,761.0
1753520646746,09:04:06.746,ADA/USDT:USDT,0.8231,321.0,0.823,2152.0,0.8232,62.0,0.8233,506.0
1753520646824,09:04:06.824,ADA/USDT:USDT,0.8232,184.0,0.8231,459.0,0.8233,74.0,0.8234,945.0
1753520646904,09:04:06.904,ADA/USDT:USDT,0.8232,184.0,0.8231,1019.0,0.8233,74.0,0.8234,945.0
1753520647145,09:04:07.145,ADA/USDT:USDT,0.8232,184.0,0.8231,1019.0,0.8233,74.0,0.8234,945.0
1753520647224,09:04:07.224,ADA/USDT:USDT,0.8232,92.0,0.8231,1019.0,0.8233,74.0,0.8234,945.0
1753520647449,09:04:07.449,ADA/USDT:USDT,0.8231,1037.0,0.823,2416.0,0.8233,74.0,0.8234,945.0
1753520647526,09:04:07.526,ADA/USDT:USDT,0.8231,1055.0,0.823,2416.0,0.8233,74.0,0.8234,945.0
1753520647631,09:04:07.631,ADA/USDT:USDT,0.8232,62.0,0.8231,1037.0,0.8233,74.0,0.8234,945.0
1753520647742,09:04:07.742,ADA/USDT:USDT,0.8232,62.0,0.8231,1019.0,0.8233,74.0,0.8234,876.0
1753520647831,09:04:07.831,ADA/USDT:USDT,0.8232,217.0,0.8231,1019.0,0.8233,74.0,0.8234,894.0
1753520647929,09:04:07.929,ADA/USDT:USDT,0.8232,62.0,0.8231,1019.0,0.8233,74.0,0.8234,876.0
1753520648014,09:04:08.014,ADA/USDT:USDT,0.8232,154.0,0.8231,1037.0,0.8233,74.0,0.8234,876.0
1753520648075,09:04:08.075,ADA/USDT:USDT,0.8232,154.0,0.8231,1019.0,0.8233,74.0,0.8234,894.0
1753520648238,09:04:08.238,ADA/USDT:USDT,0.8232,62.0,0.8231,1019.0,0.8233,247.0,0.8234,963.0
1753520648340,09:04:08.340,ADA/USDT:USDT,0.8232,62.0,0.8231,1031.0,0.8233,247.0,0.8234,963.0
1753520648352,09:04:08.352,ADA/USDT:USDT,0.8232,62.0,0.8231,1031.0,0.8233,247.0,0.8234,963.0
1753520648616,09:04:08.616,ADA/USDT:USDT,0.8231,229.0,0.823,2182.0,0.8233,502.0,0.8234,966.0
1753520648742,09:04:08.742,ADA/USDT:USDT,0.8231,229.0,0.823,2182.0,0.8233,686.0,0.8234,1650.0
1753520648818,09:04:08.818,ADA/USDT:USDT,0.8231,241.0,0.823,2182.0,0.8233,668.0,0.8234,1632.0
1753520648942,09:04:08.942,ADA/USDT:USDT,0.8231,241.0,0.823,2182.0,0.8233,668.0,0.8234,1632.0
1753520649038,09:04:09.038,ADA/USDT:USDT,0.8231,241.0,0.823,2182.0,0.8233,686.0,0.8234,1632.0
1753520649235,09:04:09.235,ADA/USDT:USDT,0.8231,379.0,0.823,2182.0,0.8233,818.0,0.8234,1632.0
1753520649274,09:04:09.274,ADA/USDT:USDT,0.8231,379.0,0.823,2182.0,0.8233,836.0,0.8234,1632.0
1753520649448,09:04:09.448,ADA/USDT:USDT,0.8231,379.0,0.823,2182.0,0.8233,836.0,0.8234,1632.0
1753520649502,09:04:09.502,ADA/USDT:USDT,0.8231,379.0,0.823,2182.0,0.8233,836.0,0.8234,1632.0
1753520649553,09:04:09.553,ADA/USDT:USDT,0.8231,379.0,0.823,2182.0,0.8233,836.0,0.8234,1632.0
1753520649733,09:04:09.733,ADA/USDT:USDT,0.8231,379.0,0.823,2182.0,0.8233,652.0,0.8234,948.0
1753520649785,09:04:09.785,ADA/USDT:USDT,0.8231,379.0,0.823,2182.0,0.8233,652.0,0.8234,948.0
1753520649949,09:04:09.949,ADA/USDT:USDT,0.8231,229.0,0.823,2182.0,0.8232,62.0,0.8233,636.0
1753520650047,09:04:10.047,ADA/USDT:USDT,0.8231,74.0,0.823,2104.0,0.8232,62.0,0.8233,827.0
1753520650086,09:04:10.086,ADA/USDT:USDT,0.8231,74.0,0.823,2104.0,0.8232,62.0,0.8233,827.0
1753520650241,09:04:10.241,ADA/USDT:USDT,0.8231,74.0,0.823,2104.0,0.8232,62.0,0.8233,827.0
1753520650334,09:04:10.334,ADA/USDT:USDT,0.8231,74.0,0.823,2104.0,0.8232,62.0,0.8233,896.0
1753520650425,09:04:10.425,ADA/USDT:USDT,0.8231,74.0,0.823,2104.0,0.8232,62.0,0.8233,896.0
1753520650532,09:04:10.532,ADA/USDT:USDT,0.8231,74.0,0.823,2122.0,0.8232,62.0,0.8233,896.0
1753520650568,09:04:10.568,ADA/USDT:USDT,0.8231,74.0,0.823,2122.0,0.8232,62.0,0.8233,896.0
1753520650750,09:04:10.750,ADA/USDT:USDT,0.8231,74.0,0.823,2122.0,0.8232,62.0,0.8233,896.0
1753520650793,09:04:10.793,ADA/USDT:USDT,0.8231,74.0,0.823,2104.0,0.8232,62.0,0.8233,896.0
1753520650908,09:04:10.908,ADA/USDT:USDT,0.8231,74.0,0.823,2122.0,0.8232,62.0,0.8233,896.0
1753520651016,09:04:11.016,ADA/USDT:USDT,0.8231,74.0,0.823,2104.0,0.8232,62.0,0.8233,723.0
1753520651133,09:04:11.133,ADA/USDT:USDT,0.8231,74.0,0.823,2104.0,0.8232,62.0,0.8233,723.0
1753520651230,09:04:11.230,ADA/USDT:USDT,0.8231,74.0,0.823,2104.0,0.8232,62.0,0.8233,723.0
1753520651344,09:04:11.344,ADA/USDT:USDT,0.8231,166.0,0.823,2104.0,0.8232,62.0,0.8233,723.0
1753520651443,09:04:11.443,ADA/USDT:USDT,0.8231,166.0,0.823,2122.0,0.8232,62.0,0.8233,687.0
1753520651536,09:04:11.536,ADA/USDT:USDT,0.8231,166.0,0.823,2122.0,0.8232,62.0,0.8233,687.0
1753520651631,09:04:11.631,ADA/USDT:USDT,0.8231,166.0,0.823,2122.0,0.8232,62.0,0.8233,723.0
1753520651736,09:04:11.736,ADA/USDT:USDT,0.8231,321.0,0.823,2140.0,0.8232,62.0,0.8233,618.0
1753520651838,09:04:11.838,ADA/USDT:USDT,0.8231,309.0,0.823,2152.0,0.8232,62.0,0.8233,618.0
1753520651933,09:04:11.933,ADA/USDT:USDT,0.8231,309.0,0.823,2152.0,0.8232,62.0,0.8233,618.0
1753520652034,09:04:12.034,ADA/USDT:USDT,0.8231,309.0,0.823,2134.0,0.8232,62.0,0.8233,618.0
1753520652147,09:04:12.147,ADA/USDT:USDT,0.8231,459.0,0.823,2152.0,0.8232,62.0,0.8233,618.0
1753520652241,09:04:12.241,ADA/USDT:USDT,0.8231,459.0,0.823,2230.0,0.8232,62.0,0.8233,618.0
1753520652444,09:04:12.444,ADA/USDT:USDT,0.8231,459.0,0.823,2230.0,0.8232,62.0,0.8233,618.0
1753520652537,09:04:12.537,ADA/USDT:USDT,0.8231,459.0,0.823,2230.0,0.8232,62.0,0.8233,618.0
1753520652636,09:04:12.636,ADA/USDT:USDT,0.8231,459.0,0.823,2230.0,0.8232,62.0,0.8233,618.0
1753520652746,09:04:12.746,ADA/USDT:USDT,0.8231,471.0,0.823,2230.0,0.8232,62.0,0.8233,618.0
1753520652822,09:04:12.822,ADA/USDT:USDT,0.8231,471.0,0.823,2230.0,0.8232,62.0,0.8233,618.0
1753520652871,09:04:12.871,ADA/USDT:USDT,0.8231,471.0,0.823,2230.0,0.8232,62.0,0.8233,618.0
1753520653046,09:04:13.046,ADA/USDT:USDT,0.8231,471.0,0.823,2230.0,0.8233,453.0,0.8234,925.0
1753520653143,09:04:13.143,ADA/USDT:USDT,0.8232,246.0,0.8231,1054.0,0.8233,146.0,0.8234,1611.0
1753520653349,09:04:13.349,ADA/USDT:USDT,0.8232,246.0,0.8231,1054.0,0.8233,146.0,0.8234,1611.0
1753520653448,09:04:13.448,ADA/USDT:USDT,0.8232,154.0,0.8231,1054.0,0.8233,146.0,0.8234,1629.0
1753520653722,09:04:13.722,ADA/USDT:USDT,0.8232,154.0,0.8231,1054.0,0.8233,164.0,0.8234,1629.0
1753520653785,09:04:13.785,ADA/USDT:USDT,0.8232,62.0,0.8231,1054.0,0.8233,146.0,0.8234,1647.0
1753520654047,09:04:14.047,ADA/USDT:USDT,0.8232,62.0,0.8231,1054.0,0.8233,319.0,0.8234,1647.0
1753520654093,09:04:14.093,ADA/USDT:USDT,0.8232,62.0,0.8231,1054.0,0.8233,319.0,0.8234,963.0
1753520654191,09:04:14.191,ADA/USDT:USDT,0.8232,62.0,0.8231,1054.0,0.8233,301.0,0.8234,945.0
1753520654340,09:04:14.340,ADA/USDT:USDT,0.8232,62.0,0.8231,1054.0,0.8233,301.0,0.8234,963.0
1753520654407,09:04:14.407,ADA/USDT:USDT,0.8232,62.0,0.8231,1054.0,0.8233,301.0,0.8234,963.0
1753520654518,09:04:14.518,ADA/USDT:USDT,0.8231,904.0,0.823,2194.0,0.8233,501.0,0.8234,963.0
1753520654574,09:04:14.574,ADA/USDT:USDT,0.8231,904.0,0.823,2392.0,0.8233,686.0,0.8234,1647.0
1753520654701,09:04:14.701,ADA/USDT:USDT,0.8231,309.0,0.823,2392.0,0.8232,84.0,0.8233,820.0
1753520654782,09:04:14.782,ADA/USDT:USDT,0.8231,309.0,0.823,2392.0,0.8232,84.0,0.8233,820.0
1753520654941,09:04:14.941,ADA/USDT:USDT,0.8231,309.0,0.823,2392.0,0.8232,84.0,0.8233,838.0
1753520655036,09:04:15.036,ADA/USDT:USDT,0.8231,309.0,0.823,2410.0,0.8232,84.0,0.8233,820.0
1753520655135,09:04:15.135,ADA/USDT:USDT,0.8231,309.0,0.823,2410.0,0.8232,84.0,0.8233,820.0
1753520655188,09:04:15.188,ADA/USDT:USDT,0.8231,321.0,0.823,2410.0,0.8232,62.0,0.8233,820.0
1753520655375,09:04:15.375,ADA/USDT:USDT,0.8231,74.0,0.823,2392.0,0.8232,63.0,0.8233,838.0
1753520655546,09:04:15.546,ADA/USDT:USDT,0.8231,166.0,0.823,2392.0,0.8232,63.0,0.8233,838.0
1753520655644,09:04:15.644,ADA/USDT:USDT,0.8231,166.0,0.823,2194.0,0.8232,63.0,0.8233,653.0
1753520655689,09:04:15.689,ADA/USDT:USDT,0.8231,166.0,0.823,2194.0,0.8232,63.0,0.8233,653.0
1753520655807,09:04:15.807,ADA/USDT:USDT,0.8231,166.0,0.823,2212.0,0.8232,63.0,0.8233,653.0
1753520655912,09:04:15.912,ADA/USDT:USDT,0.8231,166.0,0.823,2212.0,0.8232,63.0,0.8233,653.0
1753520656019,09:04:16.019,ADA/USDT:USDT,0.8231,166.0,0.823,2212.0,0.8232,63.0,0.8233,653.0
1753520656136,09:04:16.136,ADA/USDT:USDT,0.8231,166.0,0.823,2212.0,0.8232,63.0,0.8233,653.0
1753520656221,09:04:16.221,ADA/USDT:USDT,0.8231,166.0,0.823,2212.0,0.8232,63.0,0.8233,653.0
1753520656340,09:04:16.340,ADA/USDT:USDT,0.8231,166.0,0.823,2212.0,0.8232,63.0,0.8233,653.0
1753520656418,09:04:16.418,ADA/USDT:USDT,0.8231,166.0,0.823,2194.0,0.8232,63.0,0.8233,653.0
1753520656548,09:04:16.548,ADA/USDT:USDT,0.8231,166.0,0.823,2230.0,0.8232,63.0,0.8233,635.0
1753520656648,09:04:16.648,ADA/USDT:USDT,0.8231,74.0,0.823,1946.0,0.8232,218.0,0.8233,722.0
1753520656694,09:04:16.694,ADA/USDT:USDT,0.8231,166.0,0.823,2234.0,0.8232,218.0,0.8233,722.0
1753520656832,09:04:16.832,ADA/USDT:USDT,0.8231,166.0,0.823,2234.0,0.8232,218.0,0.8233,722.0
1753520656900,09:04:16.900,ADA/USDT:USDT,0.8231,166.0,0.823,2234.0,0.8232,63.0,0.8233,722.0
1753520657034,09:04:17.034,ADA/USDT:USDT,0.8231,166.0,0.823,2234.0,0.8232,63.0,0.8233,722.0
1753520657149,09:04:17.149,ADA/USDT:USDT,0.8231,166.0,0.823,2234.0,0.8232,63.0,0.8233,722.0
1753520657206,09:04:17.206,ADA/USDT:USDT,0.8231,321.0,0.823,2198.0,0.8232,63.0,0.8233,653.0
1753520657320,09:04:17.320,ADA/USDT:USDT,0.8231,321.0,0.823,2198.0,0.8232,63.0,0.8233,653.0
1753520657447,09:04:17.447,ADA/USDT:USDT,0.823,1946.0,0.8229,1137.0,0.8232,264.0,0.8233,722.0
1753520657490,09:04:17.490,ADA/USDT:USDT,0.8231,154.0,0.823,1868.0,0.8232,228.0,0.8233,1406.0
1753520657639,09:04:17.639,ADA/USDT:USDT,0.8231,154.0,0.823,2193.0,0.8232,73.0,0.8233,1406.0
1753520657746,09:04:17.746,ADA/USDT:USDT,0.8231,309.0,0.823,2211.0,0.8232,73.0,0.8233,1319.0
1753520657840,09:04:17.840,ADA/USDT:USDT,0.8231,309.0,0.823,2211.0,0.8232,73.0,0.8233,1337.0
1753520657944,09:04:17.944,ADA/USDT:USDT,0.8231,309.0,0.823,2211.0,0.8232,73.0,0.8233,1301.0
1753520658003,09:04:18.003,ADA/USDT:USDT,0.8231,309.0,0.823,2211.0,0.8232,62.0,0.8233,1301.0
1753520658119,09:04:18.119,ADA/USDT:USDT,0.8231,459.0,0.823,2211.0,0.8232,62.0,0.8233,1301.0
1753520658243,09:04:18.243,ADA/USDT:USDT,0.8231,459.0,0.823,2211.0,0.8232,62.0,0.8233,1319.0
1753520658337,09:04:18.337,ADA/USDT:USDT,0.8231,459.0,0.823,2211.0,0.8232,62.0,0.8233,1319.0
1753520658387,09:04:18.387,ADA/USDT:USDT,0.8231,459.0,0.823,2211.0,0.8232,62.0,0.8233,1301.0
1753520658513,09:04:18.513,ADA/USDT:USDT,0.8231,459.0,0.823,2211.0,0.8232,62.0,0.8233,635.0
1753520658607,09:04:18.607,ADA/USDT:USDT,0.8231,459.0,0.823,2211.0,0.8232,62.0,0.8233,635.0
1753520658848,09:04:18.848,ADA/USDT:USDT,0.8231,459.0,0.823,2211.0,0.8232,62.0,0.8233,617.0
1753520658945,09:04:18.945,ADA/USDT:USDT,0.8231,459.0,0.823,2289.0,0.8233,617.0,0.8234,925.0
1753520659013,09:04:19.013,ADA/USDT:USDT,0.8232,92.0,0.8231,459.0,0.8233,301.0,0.8234,1629.0
1753520659113,09:04:19.113,ADA/USDT:USDT,0.8232,92.0,0.8231,459.0,0.8233,301.0,0.8234,1629.0
1753520659219,09:04:19.219,ADA/USDT:USDT,0.8232,92.0,0.8231,459.0,0.8233,301.0,0.8234,1629.0
1753520659331,09:04:19.331,ADA/USDT:USDT,0.8232,92.0,0.8231,459.0,0.8233,301.0,0.8234,1629.0
1753520659443,09:04:19.443,ADA/USDT:USDT,0.8231,459.0,0.823,2271.0,0.8233,301.0,0.8234,1611.0
1753520659528,09:04:19.528,ADA/USDT:USDT,0.8231,459.0,0.823,2271.0,0.8233,695.0,0.8234,1611.0
1753520659620,09:04:19.620,ADA/USDT:USDT,0.8231,459.0,0.823,2271.0,0.8233,695.0,0.8234,1611.0
1753520659728,09:04:19.728,ADA/USDT:USDT,0.8232,71.0,0.8231,1043.0,0.8233,146.0,0.8234,1629.0
1753520659821,09:04:19.821,ADA/USDT:USDT,0.8232,226.0,0.8231,1043.0,0.8233,146.0,0.8234,1647.0
1753520659909,09:04:19.909,ADA/USDT:USDT,0.8232,71.0,0.8231,1043.0,0.8233,146.0,0.8234,1647.0
1753520660020,09:04:20.020,ADA/USDT:USDT,0.8232,71.0,0.8231,1043.0,0.8233,164.0,0.8234,963.0
1753520660096,09:04:20.096,ADA/USDT:USDT,0.8232,71.0,0.8231,1043.0,0.8233,164.0,0.8234,963.0
1753520660233,09:04:20.233,ADA/USDT:USDT,0.8232,71.0,0.8231,1061.0,0.8233,146.0,0.8234,945.0
1753520660300,09:04:20.300,ADA/USDT:USDT,0.8232,71.0,0.8231,1043.0,0.8233,146.0,0.8234,963.0
1753520660814,09:04:20.814,ADA/USDT:USDT,0.8232,154.0,0.8231,951.0,0.8233,146.0,0.8234,963.0
1753520660934,09:04:20.934,ADA/USDT:USDT,0.8232,309.0,0.8231,951.0,0.8233,146.0,0.8234,963.0
1753520661034,09:04:21.034,ADA/USDT:USDT,0.8232,309.0,0.8231,951.0,0.8233,146.0,0.8234,894.0
1753520661236,09:04:21.236,ADA/USDT:USDT,0.8232,309.0,0.8231,951.0,0.8233,146.0,0.8234,858.0
1753520661333,09:04:21.333,ADA/USDT:USDT,0.8232,309.0,0.8231,981.0,0.8233,74.0,0.8234,858.0
1753520661354,09:04:21.354,ADA/USDT:USDT,0.8232,309.0,0.8231,963.0,0.8233,74.0,0.8234,858.0
1753520661615,09:04:21.615,ADA/USDT:USDT,0.8232,309.0,0.8231,963.0,0.8233,74.0,0.8234,858.0
1753520661733,09:04:21.733,ADA/USDT:USDT,0.8232,309.0,0.8231,963.0,0.8233,74.0,0.8234,876.0
1753520661839,09:04:21.839,ADA/USDT:USDT,0.8232,309.0,0.8231,963.0,0.8233,74.0,0.8234,858.0
1753520661904,09:04:21.904,ADA/USDT:USDT,0.8232,309.0,0.8231,963.0,0.8233,74.0,0.8234,858.0
1753520661991,09:04:21.991,ADA/USDT:USDT,0.8232,309.0,0.8231,963.0,0.8233,74.0,0.8234,876.0
1753520662082,09:04:22.082,ADA/USDT:USDT,0.8232,309.0,0.8231,963.0,0.8233,74.0,0.8234,894.0
1753520662153,09:04:22.153,ADA/USDT:USDT,0.8232,309.0,0.8231,963.0,0.8233,74.0,0.8234,894.0
1753520662332,09:04:22.332,ADA/USDT:USDT,0.8232,309.0,0.8231,963.0,0.8233,74.0,0.8234,876.0
1753520662374,09:04:22.374,ADA/USDT:USDT,0.8232,309.0,0.8231,963.0,0.8233,74.0,0.8234,876.0
1753520662541,09:04:22.541,ADA/USDT:USDT,0.8232,309.0,0.8231,963.0,0.8233,74.0,0.8234,894.0
1753520662763,09:04:22.763,ADA/USDT:USDT,0.8232,309.0,0.8231,963.0,0.8233,74.0,0.8234,894.0
1753520663025,09:04:23.025,ADA/USDT:USDT,0.8232,459.0,0.8231,963.0,0.8233,74.0,0.8234,876.0
1753520663091,09:04:23.091,ADA/USDT:USDT,0.8232,459.0,0.8231,963.0,0.8233,74.0,0.8234,858.0
1753520663236,09:04:23.236,ADA/USDT:USDT,0.8232,459.0,0.8231,963.0,0.8233,74.0,0.8234,858.0
1753520663307,09:04:23.307,ADA/USDT:USDT,0.8232,459.0,0.8231,963.0,0.8233,74.0,0.8234,858.0
1753520663405,09:04:23.405,ADA/USDT:USDT,0.8232,459.0,0.8231,1041.0,0.8233,74.0,0.8234,858.0
1753520663499,09:04:23.499,ADA/USDT:USDT,0.8232,367.0,0.8231,1041.0,0.8233,74.0,0.8234,858.0
1753520663649,09:04:23.649,ADA/USDT:USDT,0.8232,62.0,0.8231,1041.0,0.8233,110.0,0.8234,858.0
1753520663740,09:04:23.740,ADA/USDT:USDT,0.8232,62.0,0.8231,963.0,0.8233,265.0,0.8234,927.0
1753520663762,09:04:23.762,ADA/USDT:USDT,0.8232,62.0,0.8231,963.0,0.8233,265.0,0.8234,927.0
1753520663936,09:04:23.936,ADA/USDT:USDT,0.8231,963.0,0.823,2259.0,0.8233,265.0,0.8234,927.0
1753520664021,09:04:24.021,ADA/USDT:USDT,0.8231,963.0,0.823,2259.0,0.8233,415.0,0.8234,1611.0
1753520664134,09:04:24.134,ADA/USDT:USDT,0.8231,963.0,0.823,2259.0,0.8233,773.0,0.8234,1611.0
1753520664173,09:04:24.173,ADA/USDT:USDT,0.8231,963.0,0.823,2259.0,0.8233,773.0,0.8234,1611.0
1753520664333,09:04:24.333,ADA/USDT:USDT,0.8231,963.0,0.823,2259.0,0.8233,397.0,0.8234,1611.0
1753520664440,09:04:24.440,ADA/USDT:USDT,0.8231,963.0,0.823,2259.0,0.8233,415.0,0.8234,1611.0
1753520664539,09:04:24.539,ADA/USDT:USDT,0.8231,963.0,0.823,2259.0,0.8233,415.0,0.8234,1611.0
1753520664647,09:04:24.647,ADA/USDT:USDT,0.8231,963.0,0.823,2259.0,0.8233,415.0,0.8234,1611.0
1753520664697,09:04:24.697,ADA/USDT:USDT,0.8231,963.0,0.823,2259.0,0.8233,415.0,0.8234,1611.0
1753520664829,09:04:24.829,ADA/USDT:USDT,0.8231,963.0,0.823,2259.0,0.8233,415.0,0.8234,1611.0
1753520664941,09:04:24.941,ADA/USDT:USDT,0.8231,963.0,0.823,2259.0,0.8233,415.0,0.8234,1611.0
1753520665044,09:04:25.044,ADA/USDT:USDT,0.8231,963.0,0.823,2259.0,0.8233,528.0,0.8234,927.0
1753520665116,09:04:25.116,ADA/USDT:USDT,0.8231,963.0,0.823,2259.0,0.8233,528.0,0.8234,927.0
1753520665158,09:04:25.158,ADA/USDT:USDT,0.8231,963.0,0.823,2259.0,0.8233,528.0,0.8234,927.0
1753520665316,09:04:25.316,ADA/USDT:USDT,0.8231,963.0,0.823,2259.0,0.8233,528.0,0.8234,927.0
1753520665538,09:04:25.538,ADA/USDT:USDT,0.8231,963.0,0.823,2259.0,0.8233,528.0,0.8234,927.0
1753520665647,09:04:25.647,ADA/USDT:USDT,0.8231,963.0,0.823,2259.0,0.8233,528.0,0.8234,927.0
1753520665738,09:04:25.738,ADA/USDT:USDT,0.8231,963.0,0.823,2259.0,0.8233,528.0,0.8234,927.0
1753520665797,09:04:25.797,ADA/USDT:USDT,0.8231,963.0,0.823,2259.0,0.8233,528.0,0.8234,927.0
1753520665905,09:04:25.905,ADA/USDT:USDT,0.8232,92.0,0.8231,981.0,0.8233,379.0,0.8234,927.0
1753520665954,09:04:25.954,ADA/USDT:USDT,0.8232,92.0,0.8231,963.0,0.8233,379.0,0.8234,963.0
1753520666247,09:04:26.247,ADA/USDT:USDT,0.8231,963.0,0.823,2259.0,0.8233,92.0,0.8234,927.0
1753520666342,09:04:26.342,ADA/USDT:USDT,0.8231,963.0,0.823,2259.0,0.8233,164.0,0.8234,927.0
1753520666446,09:04:26.446,ADA/USDT:USDT,0.8231,963.0,0.823,2259.0,0.8233,164.0,0.8234,927.0
1753520666533,09:04:26.533,ADA/USDT:USDT,0.8231,963.0,0.823,2259.0,0.8233,182.0,0.8234,927.0
1753520666643,09:04:26.643,ADA/USDT:USDT,0.8231,963.0,0.823,2259.0,0.8233,164.0,0.8234,927.0
1753520666705,09:04:26.705,ADA/USDT:USDT,0.8231,963.0,0.823,2259.0,0.8233,337.0,0.8234,927.0
1753520666833,09:04:26.833,ADA/USDT:USDT,0.8231,963.0,0.823,2259.0,0.8233,337.0,0.8234,927.0
1753520666941,09:04:26.941,ADA/USDT:USDT,0.8231,963.0,0.823,2259.0,0.8233,450.0,0.8234,927.0
1753520667026,09:04:27.026,ADA/USDT:USDT,0.8231,963.0,0.823,2259.0,0.8233,600.0,0.8234,927.0
1753520667054,09:04:27.054,ADA/USDT:USDT,0.8231,963.0,0.823,2259.0,0.8233,600.0,0.8234,927.0
1753520667214,09:04:27.214,ADA/USDT:USDT,0.8231,963.0,0.823,2259.0,0.8233,600.0,0.8234,927.0
1753520667322,09:04:27.322,ADA/USDT:USDT,0.8231,963.0,0.823,2259.0,0.8233,600.0,0.8234,927.0
1753520667440,09:04:27.440,ADA/USDT:USDT,0.8231,963.0,0.823,2259.0,0.8233,582.0,0.8234,927.0
1753520667534,09:04:27.534,ADA/USDT:USDT,0.8231,229.0,0.823,2277.0,0.8232,62.0,0.8233,584.0
1753520667636,09:04:27.636,ADA/USDT:USDT,0.8231,229.0,0.823,2295.0,0.8232,62.0,0.8233,814.0
1753520667740,09:04:27.740,ADA/USDT:USDT,0.8231,229.0,0.823,2295.0,0.8232,62.0,0.8233,796.0
1753520667830,09:04:27.830,ADA/USDT:USDT,0.8231,229.0,0.823,2295.0,0.8232,62.0,0.8233,814.0
1753520667923,09:04:27.923,ADA/USDT:USDT,0.8231,379.0,0.823,2295.0,0.8232,62.0,0.8233,796.0
1753520668013,09:04:28.013,ADA/USDT:USDT,0.8231,379.0,0.823,2295.0,0.8232,62.0,0.8233,796.0
1753520668097,09:04:28.097,ADA/USDT:USDT,0.8231,379.0,0.823,2295.0,0.8232,62.0,0.8233,796.0
1753520668224,09:04:28.224,ADA/USDT:USDT,0.8231,379.0,0.823,2295.0,0.8232,62.0,0.8233,796.0
1753520668328,09:04:28.328,ADA/USDT:USDT,0.8231,379.0,0.823,2295.0,0.8232,62.0,0.8233,796.0
1753520668424,09:04:28.424,ADA/USDT:USDT,0.8231,379.0,0.823,2295.0,0.8232,62.0,0.8233,796.0
1753520668539,09:04:28.539,ADA/USDT:USDT,0.8232,154.0,0.8231,988.0,0.8233,146.0,0.8234,1629.0
1753520668649,09:04:28.649,ADA/USDT:USDT,0.8232,309.0,0.8231,970.0,0.8233,146.0,0.8234,876.0
1753520668749,09:04:28.749,ADA/USDT:USDT,0.8232,217.0,0.8231,970.0,0.8233,164.0,0.8234,894.0
1753520668793,09:04:28.793,ADA/USDT:USDT,0.8232,217.0,0.8231,970.0,0.8233,146.0,0.8234,894.0
1753520669036,09:04:29.036,ADA/USDT:USDT,0.8232,62.0,0.8231,970.0,0.8233,164.0,0.8234,894.0
1753520669058,09:04:29.058,ADA/USDT:USDT,0.8232,62.0,0.8231,970.0,0.8233,182.0,0.8234,963.0
1753520669189,09:04:29.189,ADA/USDT:USDT,0.8232,62.0,0.8231,970.0,0.8233,337.0,0.8234,963.0
1753520669331,09:04:29.331,ADA/USDT:USDT,0.8232,62.0,0.8231,970.0,0.8233,301.0,0.8234,963.0
1753520669385,09:04:29.385,ADA/USDT:USDT,0.8232,62.0,0.8231,970.0,0.8233,146.0,0.8234,963.0
1753520669483,09:04:29.483,ADA/USDT:USDT,0.8232,62.0,0.8231,970.0,0.8233,164.0,0.8234,963.0
1753520669608,09:04:29.608,ADA/USDT:USDT,0.8232,62.0,0.8231,970.0,0.8233,146.0,0.8234,963.0
1753520669688,09:04:29.688,ADA/USDT:USDT,0.8232,62.0,0.8231,970.0,0.8233,164.0,0.8234,963.0
1753520669752,09:04:29.752,ADA/USDT:USDT,0.8232,62.0,0.8231,970.0,0.8233,182.0,0.8234,963.0
1753520669951,09:04:29.951,ADA/USDT:USDT,0.8232,62.0,0.8231,970.0,0.8233,337.0,0.8234,963.0
1753520669968,09:04:29.968,ADA/USDT:USDT,0.8232,62.0,0.8231,970.0,0.8233,340.0,0.8234,966.0
1753520670448,09:04:30.448,ADA/USDT:USDT,0.8232,309.0,0.8231,1006.0,0.8233,149.0,0.8234,861.0
1753520670521,09:04:30.521,ADA/USDT:USDT,0.8232,309.0,0.8231,988.0,0.8233,149.0,0.8234,879.0
1753520670644,09:04:30.644,ADA/USDT:USDT,0.8232,309.0,0.8231,988.0,0.8233,149.0,0.8234,897.0
1753520670849,09:04:30.849,ADA/USDT:USDT,0.8232,309.0,0.8231,970.0,0.8233,149.0,0.8234,897.0
1753520670949,09:04:30.949,ADA/USDT:USDT,0.8232,459.0,0.8231,1084.0,0.8233,74.0,0.8234,876.0
1753520670953,09:04:30.953,ADA/USDT:USDT,0.8232,459.0,0.8231,1084.0,0.8233,74.0,0.8234,858.0
1753520671209,09:04:31.209,ADA/USDT:USDT,0.8232,459.0,0.8231,1084.0,0.8233,74.0,0.8234,858.0
1753520671439,09:04:31.439,ADA/USDT:USDT,0.8232,459.0,0.8231,970.0,0.8233,74.0,0.8234,876.0
1753520671476,09:04:31.476,ADA/USDT:USDT,0.8232,367.0,0.8231,970.0,0.8233,74.0,0.8234,876.0
1753520671733,09:04:31.733,ADA/USDT:USDT,0.8232,217.0,0.8231,970.0,0.8233,74.0,0.8234,876.0
1753520671779,09:04:31.779,ADA/USDT:USDT,0.8232,217.0,0.8231,988.0,0.8233,74.0,0.8234,876.0
1753520671924,09:04:31.924,ADA/USDT:USDT,0.8232,367.0,0.8231,988.0,0.8233,74.0,0.8234,876.0
1753520672033,09:04:32.033,ADA/USDT:USDT,0.8232,367.0,0.8231,1048.0,0.8233,74.0,0.8234,876.0
1753520672170,09:04:32.170,ADA/USDT:USDT,0.8232,367.0,0.8231,1048.0,0.8233,74.0,0.8234,858.0
1753520672436,09:04:32.436,ADA/USDT:USDT,0.8232,367.0,0.8231,1048.0,0.8233,74.0,0.8234,858.0
1753520672810,09:04:32.810,ADA/USDT:USDT,0.8232,367.0,0.8231,1048.0,0.8233,74.0,0.8234,858.0
1753520672935,09:04:32.935,ADA/USDT:USDT,0.8232,217.0,0.8231,1048.0,0.8233,176.0,0.8234,858.0
1753520672998,09:04:32.998,ADA/USDT:USDT,0.8232,62.0,0.8231,970.0,0.8233,176.0,0.8234,927.0
1753520673316,09:04:33.316,ADA/USDT:USDT,0.8232,62.0,0.8231,970.0,0.8233,176.0,0.8234,927.0
1753520673392,09:04:33.392,ADA/USDT:USDT,0.8232,62.0,0.8231,970.0,0.8233,331.0,0.8234,927.0
1753520673547,09:04:33.547,ADA/USDT:USDT,0.8231,820.0,0.823,2259.0,0.8233,444.0,0.8234,927.0
1753520673634,09:04:33.634,ADA/USDT:USDT,0.8231,820.0,0.823,2259.0,0.8233,331.0,0.8234,1611.0
1753520673669,09:04:33.669,ADA/USDT:USDT,0.8231,820.0,0.823,2259.0,0.8233,331.0,0.8234,1611.0
1753520673902,09:04:33.902,ADA/USDT:USDT,0.8231,970.0,0.823,2259.0,0.8233,689.0,0.8234,1611.0
1753520674034,09:04:34.034,ADA/USDT:USDT,0.8231,970.0,0.823,2259.0,0.8233,671.0,0.8234,1611.0
1753520674084,09:04:34.084,ADA/USDT:USDT,0.8231,970.0,0.823,2259.0,0.8233,671.0,0.8234,1611.0
1753520674197,09:04:34.197,ADA/USDT:USDT,0.8231,970.0,0.823,2259.0,0.8233,689.0,0.8234,1611.0
1753520674337,09:04:34.337,ADA/USDT:USDT,0.8231,970.0,0.823,2259.0,0.8233,689.0,0.8234,1611.0
1753520674490,09:04:34.490,ADA/USDT:USDT,0.8231,970.0,0.823,2259.0,0.8233,689.0,0.8234,1611.0
1753520674627,09:04:34.627,ADA/USDT:USDT,0.8231,970.0,0.823,2259.0,0.8233,426.0,0.8234,927.0
1753520674733,09:04:34.733,ADA/USDT:USDT,0.8231,970.0,0.823,2259.0,0.8233,426.0,0.8234,927.0
1753520674791,09:04:34.791,ADA/USDT:USDT,0.8231,970.0,0.823,2259.0,0.8233,444.0,0.8234,927.0
1753520674937,09:04:34.937,ADA/USDT:USDT,0.8231,970.0,0.823,2259.0,0.8233,444.0,0.8234,927.0
1753520675002,09:04:35.002,ADA/USDT:USDT,0.8231,970.0,0.823,2259.0,0.8233,444.0,0.8234,927.0
1753520675111,09:04:35.111,ADA/USDT:USDT,0.8231,970.0,0.823,2259.0,0.8233,444.0,0.8234,927.0
1753520675245,09:04:35.245,ADA/USDT:USDT,0.8231,970.0,0.823,2259.0,0.8233,444.0,0.8234,927.0
1753520675331,09:04:35.331,ADA/USDT:USDT,0.8231,970.0,0.823,2259.0,0.8233,444.0,0.8234,927.0
1753520675422,09:04:35.422,ADA/USDT:USDT,0.8231,970.0,0.823,2259.0,0.8233,140.0,0.8234,927.0
1753520675547,09:04:35.547,ADA/USDT:USDT,0.8231,970.0,0.823,2259.0,0.8233,140.0,0.8234,927.0
1753520675598,09:04:35.598,ADA/USDT:USDT,0.8231,970.0,0.823,2259.0,0.8233,331.0,0.8234,927.0
1753520675749,09:04:35.749,ADA/USDT:USDT,0.8231,970.0,0.823,2259.0,0.8233,408.0,0.8234,927.0
1753520675803,09:04:35.803,ADA/USDT:USDT,0.8231,970.0,0.823,2259.0,0.8233,408.0,0.8234,927.0
1753520676033,09:04:36.033,ADA/USDT:USDT,0.8231,970.0,0.823,2259.0,0.8233,295.0,0.8234,927.0
1753520676145,09:04:36.145,ADA/USDT:USDT,0.8231,988.0,0.823,2259.0,0.8233,295.0,0.8234,927.0
1753520676217,09:04:36.217,ADA/USDT:USDT,0.8231,988.0,0.823,2259.0,0.8233,295.0,0.8234,927.0
1753520676330,09:04:36.330,ADA/USDT:USDT,0.8231,970.0,0.823,2259.0,0.8233,140.0,0.8234,927.0
1753520676363,09:04:36.363,ADA/USDT:USDT,0.8231,970.0,0.823,2259.0,0.8233,140.0,0.8234,927.0
1753520676528,09:04:36.528,ADA/USDT:USDT,0.8232,154.0,0.8231,970.0,0.8233,140.0,0.8234,963.0
1753520676580,09:04:36.580,ADA/USDT:USDT,0.8232,62.0,0.8231,970.0,0.8233,158.0,0.8234,963.0
1753520676722,09:04:36.722,ADA/USDT:USDT,0.8232,62.0,0.8231,970.0,0.8233,158.0,0.8234,963.0
1753520676932,09:04:36.932,ADA/USDT:USDT,0.8232,62.0,0.8231,988.0,0.8233,158.0,0.8234,963.0
1753520677031,09:04:37.031,ADA/USDT:USDT,0.8232,62.0,0.8231,970.0,0.8233,158.0,0.8234,963.0
1753520677133,09:04:37.133,ADA/USDT:USDT,0.8232,62.0,0.8231,988.0,0.8233,140.0,0.8234,963.0
1753520677199,09:04:37.199,ADA/USDT:USDT,0.8232,154.0,0.8231,988.0,0.8233,140.0,0.8234,963.0
1753520677254,09:04:37.254,ADA/USDT:USDT,0.8232,309.0,0.8231,988.0,0.8233,84.0,0.8234,876.0
1753520677354,09:04:37.354,ADA/USDT:USDT,0.8232,309.0,0.8231,988.0,0.8233,84.0,0.8234,894.0
1753520677493,09:04:37.493,ADA/USDT:USDT,0.8232,309.0,0.8231,988.0,0.8233,74.0,0.8234,894.0
1753520677583,09:04:37.583,ADA/USDT:USDT,0.8232,217.0,0.8231,970.0,0.8233,92.0,0.8234,894.0
1753520677892,09:04:37.892,ADA/USDT:USDT,0.8232,217.0,0.8231,970.0,0.8233,74.0,0.8234,894.0
1753520678160,09:04:38.160,ADA/USDT:USDT,0.8232,217.0,0.8231,970.0,0.8233,146.0,0.8234,894.0
1753520678399,09:04:38.399,ADA/USDT:USDT,0.8232,217.0,0.8231,970.0,0.8233,146.0,0.8234,894.0
1753520678513,09:04:38.513,ADA/USDT:USDT,0.8232,62.0,0.8231,970.0,0.8233,164.0,0.8234,963.0
1753520678617,09:04:38.617,ADA/USDT:USDT,0.8232,62.0,0.8231,970.0,0.8233,146.0,0.8234,963.0
1753520678846,09:04:38.846,ADA/USDT:USDT,0.8232,367.0,0.8231,970.0,0.8233,146.0,0.8234,963.0
1753520678933,09:04:38.933,ADA/USDT:USDT,0.8232,367.0,0.8231,970.0,0.8233,146.0,0.8234,858.0
1753520678981,09:04:38.981,ADA/USDT:USDT,0.8232,367.0,0.8231,988.0,0.8233,146.0,0.8234,858.0
1753520679327,09:04:39.327,ADA/USDT:USDT,0.8232,367.0,0.8231,970.0,0.8233,146.0,0.8234,858.0
1753520679806,09:04:39.806,ADA/USDT:USDT,0.8232,212.0,0.8231,970.0,0.8233,164.0,0.8234,858.0
1753520679906,09:04:39.906,ADA/USDT:USDT,0.8232,212.0,0.8231,970.0,0.8233,164.0,0.8234,858.0
1753520679982,09:04:39.982,ADA/USDT:USDT,0.8232,212.0,0.8231,970.0,0.8233,182.0,0.8234,858.0
1753520680279,09:04:40.279,ADA/USDT:USDT,0.8232,212.0,0.8231,970.0,0.8233,182.0,0.8234,858.0
1753520680546,09:04:40.546,ADA/USDT:USDT,0.8232,212.0,0.8231,970.0,0.8233,164.0,0.8234,876.0
1753520680637,09:04:40.637,ADA/USDT:USDT,0.8232,212.0,0.8231,970.0,0.8233,164.0,0.8234,876.0
1753520680654,09:04:40.654,ADA/USDT:USDT,0.8232,212.0,0.8231,970.0,0.8233,146.0,0.8234,876.0
1753520680809,09:04:40.809,ADA/USDT:USDT,0.8232,212.0,0.8231,970.0,0.8233,146.0,0.8234,876.0
1753520681160,09:04:41.160,ADA/USDT:USDT,0.8232,212.0,0.8231,970.0,0.8233,146.0,0.8234,876.0
1753520681317,09:04:41.317,ADA/USDT:USDT,0.8232,367.0,0.8231,970.0,0.8233,146.0,0.8234,876.0
1753520681417,09:04:41.417,ADA/USDT:USDT,0.8232,367.0,0.8231,970.0,0.8233,146.0,0.8234,876.0
1753520681546,09:04:41.546,ADA/USDT:USDT,0.8232,62.0,0.8231,980.0,0.8233,337.0,0.8234,927.0
1753520681623,09:04:41.623,ADA/USDT:USDT,0.8232,62.0,0.8231,379.0,0.8233,337.0,0.8234,927.0
1753520681749,09:04:41.749,ADA/USDT:USDT,0.8232,62.0,0.8231,379.0,0.8233,164.0,0.8234,927.0
1753520681883,09:04:41.883,ADA/USDT:USDT,0.8232,154.0,0.8231,379.0,0.8233,146.0,0.8234,927.0
1753520682053,09:04:42.053,ADA/USDT:USDT,0.8232,154.0,0.8231,379.0,0.8233,164.0,0.8234,927.0
1753520682156,09:04:42.156,ADA/USDT:USDT,0.8232,154.0,0.8231,959.0,0.8233,146.0,0.8234,927.0
1753520682317,09:04:42.317,ADA/USDT:USDT,0.8232,62.0,0.8231,959.0,0.8233,146.0,0.8234,927.0
1753520682389,09:04:42.389,ADA/USDT:USDT,0.8232,62.0,0.8231,959.0,0.8233,182.0,0.8234,927.0
1753520682489,09:04:42.489,ADA/USDT:USDT,0.8232,62.0,0.8231,959.0,0.8233,146.0,0.8234,927.0
1753520682929,09:04:42.929,ADA/USDT:USDT,0.8232,62.0,0.8231,959.0,0.8233,301.0,0.8234,927.0
1753520683106,09:04:43.106,ADA/USDT:USDT,0.8232,62.0,0.8231,959.0,0.8233,337.0,0.8234,927.0
1753520683222,09:04:43.222,ADA/USDT:USDT,0.8232,62.0,0.8231,959.0,0.8233,319.0,0.8234,927.0
1753520683328,09:04:43.328,ADA/USDT:USDT,0.8232,62.0,0.8231,959.0,0.8233,337.0,0.8234,927.0
1753520683422,09:04:43.422,ADA/USDT:USDT,0.8232,62.0,0.8231,959.0,0.8233,319.0,0.8234,927.0
1753520683509,09:04:43.509,ADA/USDT:USDT,0.8232,62.0,0.8231,959.0,0.8233,301.0,0.8234,927.0
1753520683710,09:04:43.710,ADA/USDT:USDT,0.8232,62.0,0.8231,959.0,0.8233,301.0,0.8234,927.0
1753520683836,09:04:43.836,ADA/USDT:USDT,0.8232,62.0,0.8231,959.0,0.8233,301.0,0.8234,927.0
1753520684041,09:04:44.041,ADA/USDT:USDT,0.8232,62.0,0.8231,959.0,0.8233,337.0,0.8234,927.0
1753520684104,09:04:44.104,ADA/USDT:USDT,0.8232,62.0,0.8231,959.0,0.8233,301.0,0.8234,927.0
1753520684175,09:04:44.175,ADA/USDT:USDT,0.8232,62.0,0.8231,959.0,0.8233,146.0,0.8234,927.0
1753520684438,09:04:44.438,ADA/USDT:USDT,0.8232,62.0,0.8231,959.0,0.8233,146.0,0.8234,927.0
1753520684573,09:04:44.573,ADA/USDT:USDT,0.8232,62.0,0.8231,959.0,0.8233,164.0,0.8234,927.0
1753520684716,09:04:44.716,ADA/USDT:USDT,0.8232,62.0,0.8231,959.0,0.8233,337.0,0.8234,927.0
1753520684895,09:04:44.895,ADA/USDT:USDT,0.8232,62.0,0.8231,959.0,0.8233,319.0,0.8234,927.0
1753520684977,09:04:44.977,ADA/USDT:USDT,0.8232,62.0,0.8231,959.0,0.8233,337.0,0.8234,927.0
1753520685087,09:04:45.087,ADA/USDT:USDT,0.8232,62.0,0.8231,959.0,0.8233,337.0,0.8234,927.0
1753520685256,09:04:45.256,ADA/USDT:USDT,0.8232,62.0,0.8231,959.0,0.8233,319.0,0.8234,927.0
1753520685512,09:04:45.512,ADA/USDT:USDT,0.8232,62.0,0.8231,959.0,0.8233,337.0,0.8234,927.0
1753520685624,09:04:45.624,ADA/USDT:USDT,0.8232,62.0,0.8231,959.0,0.8233,319.0,0.8234,927.0
1753520685738,09:04:45.738,ADA/USDT:USDT,0.8232,62.0,0.8231,959.0,0.8233,301.0,0.8234,927.0
1753520685767,09:04:45.767,ADA/USDT:USDT,0.8232,62.0,0.8231,959.0,0.8233,319.0,0.8234,927.0
1753520685938,09:04:45.938,ADA/USDT:USDT,0.8232,62.0,0.8231,959.0,0.8233,146.0,0.8234,927.0
1753520686176,09:04:46.176,ADA/USDT:USDT,0.8232,226.0,0.8231,959.0,0.8233,146.0,0.8234,927.0
1753520686261,09:04:46.261,ADA/USDT:USDT,0.8232,226.0,0.8231,959.0,0.8233,146.0,0.8234,858.0
1753520686797,09:04:46.797,ADA/USDT:USDT,0.8232,376.0,0.8231,959.0,0.8233,74.0,0.8234,858.0
1753520686874,09:04:46.874,ADA/USDT:USDT,0.8232,376.0,0.8231,959.0,0.8233,74.0,0.8234,858.0
1753520687159,09:04:47.159,ADA/USDT:USDT,0.8232,376.0,0.8231,959.0,0.8233,74.0,0.8234,858.0
1753520687333,09:04:47.333,ADA/USDT:USDT,0.8232,376.0,0.8231,959.0,0.8233,74.0,0.8234,858.0
1753520687447,09:04:47.447,ADA/USDT:USDT,0.8234,255.0,0.8233,769.0,0.8235,746.0,0.8236,743.0
1753520687546,09:04:47.546,ADA/USDT:USDT,0.8234,428.0,0.8233,1298.0,0.8235,62.0,0.8236,674.0
1753520687648,09:04:47.648,ADA/USDT:USDT,0.8234,163.0,0.8233,1298.0,0.8235,80.0,0.8236,957.0
1753520687734,09:04:47.734,ADA/USDT:USDT,0.8234,163.0,0.8233,1206.0,0.8235,235.0,0.8236,1026.0
1753520687838,09:04:47.838,ADA/USDT:USDT,0.8234,9.0,0.8233,1114.0,0.8235,253.0,0.8236,1026.0
1753520687942,09:04:47.942,ADA/USDT:USDT,0.8233,1002.0,0.8232,1934.0,0.8235,420.0,0.8236,1026.0
1753520688049,09:04:48.049,ADA/USDT:USDT,0.8233,74.0,0.8232,2178.0,0.8234,62.0,0.8235,805.0
1753520688110,09:04:48.110,ADA/USDT:USDT,0.8233,74.0,0.8232,2178.0,0.8234,62.0,0.8235,823.0
1753520688217,09:04:48.217,ADA/USDT:USDT,0.8233,74.0,0.8232,2178.0,0.8234,62.0,0.8235,823.0
1753520688338,09:04:48.338,ADA/USDT:USDT,0.8233,166.0,0.8232,2196.0,0.8234,62.0,0.8235,805.0
1753520688438,09:04:48.438,ADA/USDT:USDT,0.8233,166.0,0.8232,2100.0,0.8234,62.0,0.8235,835.0
1753520688530,09:04:48.530,ADA/USDT:USDT,0.8233,166.0,0.8232,2100.0,0.8234,62.0,0.8235,835.0
1753520688634,09:04:48.634,ADA/USDT:USDT,0.8233,166.0,0.8232,2136.0,0.8234,62.0,0.8235,817.0
1753520688735,09:04:48.735,ADA/USDT:USDT,0.8233,471.0,0.8232,2214.0,0.8234,62.0,0.8235,799.0
1753520688836,09:04:48.836,ADA/USDT:USDT,0.8233,316.0,0.8232,2196.0,0.8234,62.0,0.8235,817.0
1753520688949,09:04:48.949,ADA/USDT:USDT,0.8233,316.0,0.8232,2196.0,0.8234,62.0,0.8235,817.0
1753520689033,09:04:49.033,ADA/USDT:USDT,0.8233,316.0,0.8232,2067.0,0.8234,62.0,0.8235,631.0
1753520689090,09:04:49.090,ADA/USDT:USDT,0.8233,316.0,0.8232,2067.0,0.8234,62.0,0.8235,631.0
1753520689238,09:04:49.238,ADA/USDT:USDT,0.8233,316.0,0.8232,2067.0,0.8234,62.0,0.8235,613.0
1753520689348,09:04:49.348,ADA/USDT:USDT,0.8233,316.0,0.8232,2067.0,0.8234,62.0,0.8235,613.0
1753520689374,09:04:49.374,ADA/USDT:USDT,0.8233,316.0,0.8232,2067.0,0.8234,62.0,0.8235,613.0
1753520689545,09:04:49.545,ADA/USDT:USDT,0.8233,12.0,0.8232,1683.0,0.8234,307.0,0.8235,909.0
1753520689642,09:04:49.642,ADA/USDT:USDT,0.8233,12.0,0.8232,1683.0,0.8234,307.0,0.8235,909.0
1753520689748,09:04:49.748,ADA/USDT:USDT,0.8233,12.0,0.8232,1605.0,0.8234,439.0,0.8235,909.0
1753520689849,09:04:49.849,ADA/USDT:USDT,0.8233,12.0,0.8232,1605.0,0.8234,439.0,0.8235,909.0
1753520689921,09:04:49.921,ADA/USDT:USDT,0.8232,1635.0,0.8231,700.0,0.8234,608.0,0.8235,891.0
1753520689993,09:04:49.993,ADA/USDT:USDT,0.8232,1635.0,0.8231,890.0,0.8234,787.0,0.8235,1575.0
1753520690116,09:04:50.116,ADA/USDT:USDT,0.8232,1695.0,0.8231,812.0,0.8234,787.0,0.8235,1575.0
1753520690229,09:04:50.229,ADA/USDT:USDT,0.8232,1731.0,0.8231,812.0,0.8234,787.0,0.8235,1575.0
1753520690295,09:04:50.295,ADA/USDT:USDT,0.8232,1731.0,0.8231,812.0,0.8234,787.0,0.8235,1575.0
1753520690449,09:04:50.449,ADA/USDT:USDT,0.8232,1617.0,0.8231,821.0,0.8234,787.0,0.8235,1575.0
1753520690549,09:04:50.549,ADA/USDT:USDT,0.8232,1641.0,0.8231,824.0,0.8234,799.0,0.8235,1563.0
1753520690643,09:04:50.643,ADA/USDT:USDT,0.8232,1605.0,0.8231,824.0,0.8234,817.0,0.8235,1563.0
1753520690748,09:04:50.748,ADA/USDT:USDT,0.8232,1605.0,0.8231,902.0,0.8234,799.0,0.8235,1563.0
1753520690823,09:04:50.823,ADA/USDT:USDT,0.8232,1605.0,0.8231,902.0,0.8234,799.0,0.8235,1563.0
1753520690939,09:04:50.939,ADA/USDT:USDT,0.8232,1641.0,0.8231,902.0,0.8234,799.0,0.8235,1563.0
1753520691001,09:04:51.001,ADA/USDT:USDT,0.8232,1641.0,0.8231,712.0,0.8234,620.0,0.8235,879.0
1753520691126,09:04:51.126,ADA/USDT:USDT,0.8232,1128.0,0.8231,1591.0,0.8234,620.0,0.8235,879.0
1753520691208,09:04:51.208,ADA/USDT:USDT,0.8232,1128.0,0.8231,1591.0,0.8234,620.0,0.8235,879.0
1753520691344,09:04:51.344,ADA/USDT:USDT,0.8232,1092.0,0.8231,1591.0,0.8234,620.0,0.8235,879.0
1753520691406,09:04:51.406,ADA/USDT:USDT,0.8232,1092.0,0.8231,1591.0,0.8234,620.0,0.8235,879.0
1753520691539,09:04:51.539,ADA/USDT:USDT,0.8232,1092.0,0.8231,1591.0,0.8234,620.0,0.8235,879.0
1753520691628,09:04:51.628,ADA/USDT:USDT,0.8232,827.0,0.8231,1611.0,0.8233,62.0,0.8234,622.0
1753520691747,09:04:51.747,ADA/USDT:USDT,0.8232,827.0,0.8231,1611.0,0.8233,62.0,0.8234,865.0
1753520691763,09:04:51.763,ADA/USDT:USDT,0.8232,827.0,0.8231,1611.0,0.8233,62.0,0.8234,847.0
1753520691947,09:04:51.947,ADA/USDT:USDT,0.8232,827.0,0.8231,1638.0,0.8233,62.0,0.8234,847.0
1753520691993,09:04:51.993,ADA/USDT:USDT,0.8232,827.0,0.8231,1611.0,0.8233,62.0,0.8234,865.0
1753520692134,09:04:52.134,ADA/USDT:USDT,0.8232,827.0,0.8231,1611.0,0.8233,62.0,0.8234,865.0
1753520692248,09:04:52.248,ADA/USDT:USDT,0.8232,827.0,0.8231,1629.0,0.8233,62.0,0.8234,847.0
1753520692329,09:04:52.329,ADA/USDT:USDT,0.8232,827.0,0.8231,1629.0,0.8233,62.0,0.8234,847.0
1753520692449,09:04:52.449,ADA/USDT:USDT,0.8232,827.0,0.8231,1629.0,0.8233,62.0,0.8234,847.0
1753520692534,09:04:52.534,ADA/USDT:USDT,0.8232,827.0,0.8231,1629.0,0.8233,62.0,0.8234,847.0
1753520692643,09:04:52.643,ADA/USDT:USDT,0.8232,827.0,0.8231,1629.0,0.8233,62.0,0.8234,847.0
1753520692694,09:04:52.694,ADA/USDT:USDT,0.8232,827.0,0.8231,1629.0,0.8233,62.0,0.8234,622.0
1753520692805,09:04:52.805,ADA/USDT:USDT,0.8232,827.0,0.8231,1629.0,0.8233,62.0,0.8234,622.0
1753520692890,09:04:52.890,ADA/USDT:USDT,0.8232,827.0,0.8231,1629.0,0.8233,62.0,0.8234,622.0
1753520692990,09:04:52.990,ADA/USDT:USDT,0.8232,827.0,0.8231,1629.0,0.8233,62.0,0.8234,622.0
1753520693134,09:04:53.134,ADA/USDT:USDT,0.8232,827.0,0.8231,1629.0,0.8233,62.0,0.8234,622.0
1753520693209,09:04:53.209,ADA/USDT:USDT,0.8232,827.0,0.8231,1629.0,0.8233,62.0,0.8234,622.0
1753520693327,09:04:53.327,ADA/USDT:USDT,0.8232,827.0,0.8231,1629.0,0.8233,62.0,0.8234,622.0
1753520693383,09:04:53.383,ADA/USDT:USDT,0.8232,827.0,0.8231,1629.0,0.8233,62.0,0.8234,622.0
1753520693517,09:04:53.517,ADA/USDT:USDT,0.8232,827.0,0.8231,1629.0,0.8233,62.0,0.8234,622.0
1753520693568,09:04:53.568,ADA/USDT:USDT,0.8232,827.0,0.8231,1629.0,0.8233,62.0,0.8234,622.0
1753520693834,09:04:53.834,ADA/USDT:USDT,0.8232,827.0,0.8231,1629.0,0.8233,62.0,0.8234,622.0
1753520693935,09:04:53.935,ADA/USDT:USDT,0.8232,827.0,0.8231,1629.0,0.8233,62.0,0.8234,622.0
1753520694034,09:04:54.034,ADA/USDT:USDT,0.8232,827.0,0.8231,1629.0,0.8233,62.0,0.8234,622.0
1753520694128,09:04:54.128,ADA/USDT:USDT,0.8232,827.0,0.8231,1629.0,0.8233,62.0,0.8234,622.0
1753520694288,09:04:54.288,ADA/USDT:USDT,0.8232,827.0,0.8231,1629.0,0.8233,62.0,0.8234,622.0
1753520694423,09:04:54.423,ADA/USDT:USDT,0.8232,827.0,0.8231,1629.0,0.8233,62.0,0.8234,622.0
1753520694468,09:04:54.468,ADA/USDT:USDT,0.8232,827.0,0.8231,1629.0,0.8233,62.0,0.8234,622.0
1753520694603,09:04:54.603,ADA/USDT:USDT,0.8232,827.0,0.8231,1629.0,0.8233,62.0,0.8234,622.0
1753520694680,09:04:54.680,ADA/USDT:USDT,0.8232,827.0,0.8231,1629.0,0.8233,62.0,0.8234,622.0
1753520694780,09:04:54.780,ADA/USDT:USDT,0.8232,827.0,0.8231,1629.0,0.8233,62.0,0.8234,622.0
1753520694883,09:04:54.883,ADA/USDT:USDT,0.8232,827.0,0.8231,1629.0,0.8233,62.0,0.8234,622.0
1753520695030,09:04:55.030,ADA/USDT:USDT,0.8232,827.0,0.8231,1629.0,0.8233,62.0,0.8234,622.0
1753520695129,09:04:55.129,ADA/USDT:USDT,0.8232,827.0,0.8231,1629.0,0.8233,62.0,0.8234,622.0
1753520695248,09:04:55.248,ADA/USDT:USDT,0.8232,827.0,0.8231,1629.0,0.8233,62.0,0.8234,622.0
1753520695347,09:04:55.347,ADA/USDT:USDT,0.8232,827.0,0.8231,1611.0,0.8233,62.0,0.8234,622.0
1753520695434,09:04:55.434,ADA/USDT:USDT,0.8232,827.0,0.8231,1611.0,0.8233,62.0,0.8234,622.0
1753520695547,09:04:55.547,ADA/USDT:USDT,0.8232,827.0,0.8231,1611.0,0.8233,62.0,0.8234,622.0
1753520695599,09:04:55.599,ADA/USDT:USDT,0.8232,827.0,0.8231,1611.0,0.8233,62.0,0.8234,622.0
1753520695727,09:04:55.727,ADA/USDT:USDT,0.8232,977.0,0.8231,1611.0,0.8233,62.0,0.8234,622.0
1753520695814,09:04:55.814,ADA/USDT:USDT,0.8232,977.0,0.8231,1611.0,0.8233,62.0,0.8234,622.0
1753520695927,09:04:55.927,ADA/USDT:USDT,0.8232,995.0,0.8231,1611.0,0.8233,62.0,0.8234,622.0
1753520696004,09:04:56.004,ADA/USDT:USDT,0.8232,995.0,0.8231,1611.0,0.8233,62.0,0.8234,622.0
1753520696145,09:04:56.145,ADA/USDT:USDT,0.8232,977.0,0.8231,1611.0,0.8233,62.0,0.8234,467.0
1753520696159,09:04:56.159,ADA/USDT:USDT,0.8232,977.0,0.8231,1611.0,0.8233,62.0,0.8234,467.0
1753520696333,09:04:56.333,ADA/USDT:USDT,0.8232,1013.0,0.8231,1611.0,0.8233,62.0,0.8234,467.0
1753520696423,09:04:56.423,ADA/USDT:USDT,0.8232,995.0,0.8231,1611.0,0.8233,62.0,0.8234,467.0
1753520696480,09:04:56.480,ADA/USDT:USDT,0.8232,995.0,0.8231,1611.0,0.8233,62.0,0.8234,467.0
1753520696647,09:04:56.647,ADA/USDT:USDT,0.8232,995.0,0.8231,1611.0,0.8233,62.0,0.8234,467.0
1753520696809,09:04:56.809,ADA/USDT:USDT,0.8232,995.0,0.8231,1611.0,0.8233,62.0,0.8234,467.0
1753520696940,09:04:56.940,ADA/USDT:USDT,0.8232,977.0,0.8231,1611.0,0.8233,62.0,0.8234,467.0
1753520697046,09:04:57.046,ADA/USDT:USDT,0.8232,977.0,0.8231,1611.0,0.8233,62.0,0.8234,467.0
1753520697129,09:04:57.129,ADA/USDT:USDT,0.8232,977.0,0.8231,1611.0,0.8233,62.0,0.8234,467.0
1753520697228,09:04:57.228,ADA/USDT:USDT,0.8232,977.0,0.8231,1611.0,0.8233,62.0,0.8234,467.0
1753520697301,09:04:57.301,ADA/USDT:USDT,0.8232,977.0,0.8231,1611.0,0.8233,62.0,0.8234,467.0
1753520697432,09:04:57.432,ADA/USDT:USDT,0.8232,977.0,0.8231,1611.0,0.8233,62.0,0.8234,467.0
1753520697526,09:04:57.526,ADA/USDT:USDT,0.8232,977.0,0.8231,1611.0,0.8233,62.0,0.8234,467.0
1753520697617,09:04:57.617,ADA/USDT:USDT,0.8232,977.0,0.8231,1611.0,0.8233,62.0,0.8234,467.0
1753520697742,09:04:57.742,ADA/USDT:USDT,0.8232,977.0,0.8231,1593.0,0.8233,62.0,0.8234,467.0
1753520697835,09:04:57.835,ADA/USDT:USDT,0.8232,977.0,0.8231,714.0,0.8233,62.0,0.8234,467.0
1753520697935,09:04:57.935,ADA/USDT:USDT,0.8232,977.0,0.8231,1593.0,0.8233,62.0,0.8234,467.0
1753520697997,09:04:57.997,ADA/USDT:USDT,0.8232,977.0,0.8231,1593.0,0.8233,62.0,0.8234,467.0
1753520698055,09:04:58.055,ADA/USDT:USDT,0.8232,977.0,0.8231,1593.0,0.8233,62.0,0.8234,467.0
1753520698288,09:04:58.288,ADA/USDT:USDT,0.8232,977.0,0.8231,1593.0,0.8233,62.0,0.8234,467.0
1753520698417,09:04:58.417,ADA/USDT:USDT,0.8232,977.0,0.8231,1593.0,0.8233,62.0,0.8234,467.0
1753520698467,09:04:58.467,ADA/USDT:USDT,0.8232,977.0,0.8231,1593.0,0.8233,62.0,0.8234,467.0
1753520698649,09:04:58.649,ADA/USDT:USDT,0.8232,977.0,0.8231,1593.0,0.8233,62.0,0.8234,467.0
1753520698720,09:04:58.720,ADA/USDT:USDT,0.8232,977.0,0.8231,1593.0,0.8233,62.0,0.8234,467.0
1753520698792,09:04:58.792,ADA/USDT:USDT,0.8232,977.0,0.8231,1593.0,0.8233,62.0,0.8234,467.0
1753520698856,09:04:58.856,ADA/USDT:USDT,0.8232,977.0,0.8231,1593.0,0.8233,62.0,0.8234,467.0
1753520698970,09:04:58.970,ADA/USDT:USDT,0.8232,977.0,0.8231,1593.0,0.8233,62.0,0.8234,467.0
1753520699128,09:04:59.128,ADA/USDT:USDT,0.8232,977.0,0.8231,1593.0,0.8233,62.0,0.8234,467.0
1753520699164,09:04:59.164,ADA/USDT:USDT,0.8232,977.0,0.8231,1593.0,0.8233,62.0,0.8234,467.0
1753520699310,09:04:59.310,ADA/USDT:USDT,0.8232,827.0,0.8231,1593.0,0.8233,62.0,0.8234,467.0
1753520699409,09:04:59.409,ADA/USDT:USDT,0.8232,827.0,0.8231,1593.0,0.8233,62.0,0.8234,467.0
1753520699539,09:04:59.539,ADA/USDT:USDT,0.8232,827.0,0.8231,1593.0,0.8233,62.0,0.8234,467.0
1753520699586,09:04:59.586,ADA/USDT:USDT,0.8232,827.0,0.8231,1593.0,0.8233,62.0,0.8234,467.0
1753520699732,09:04:59.732,ADA/USDT:USDT,0.8232,827.0,0.8231,1593.0,0.8233,62.0,0.8234,467.0
1753520699943,09:04:59.943,ADA/USDT:USDT,0.8232,827.0,0.8231,1593.0,0.8233,62.0,0.8234,467.0
1753520700009,09:05:00.009,ADA/USDT:USDT,0.8232,827.0,0.8231,1593.0,0.8233,62.0,0.8234,467.0
1753520700240,09:05:00.240,ADA/USDT:USDT,0.8232,62.0,0.8231,714.0,0.8233,326.0,0.8234,694.0
1753520700336,09:05:00.336,ADA/USDT:USDT,0.8232,941.0,0.8231,636.0,0.8233,134.0,0.8234,691.0
1753520700436,09:05:00.436,ADA/USDT:USDT,0.8232,154.0,0.8231,1515.0,0.8233,134.0,0.8234,691.0
1753520700542,09:05:00.542,ADA/USDT:USDT,0.8232,154.0,0.8231,1515.0,0.8233,62.0,0.8234,691.0
1753520700597,09:05:00.597,ADA/USDT:USDT,0.8232,309.0,0.8231,1515.0,0.8233,62.0,0.8234,622.0
1753520700722,09:05:00.722,ADA/USDT:USDT,0.8232,62.0,0.8231,1515.0,0.8233,96.0,0.8234,691.0
1753520700848,09:05:00.848,ADA/USDT:USDT,0.8232,62.0,0.8231,1515.0,0.8233,62.0,0.8234,691.0
1753520700854,09:05:00.854,ADA/USDT:USDT,0.8232,62.0,0.8231,1515.0,0.8233,62.0,0.8234,691.0
1753520701041,09:05:01.041,ADA/USDT:USDT,0.8232,62.0,0.8231,1515.0,0.8233,62.0,0.8234,691.0
1753520701143,09:05:01.143,ADA/USDT:USDT,0.8232,62.0,0.8231,1515.0,0.8233,96.0,0.8234,691.0
1753520701232,09:05:01.232,ADA/USDT:USDT,0.8232,62.0,0.8231,1515.0,0.8233,79.0,0.8234,691.0
1753520701301,09:05:01.301,ADA/USDT:USDT,0.8232,62.0,0.8231,1593.0,0.8233,62.0,0.8234,691.0
1753520701409,09:05:01.409,ADA/USDT:USDT,0.8232,154.0,0.8231,1593.0,0.8233,62.0,0.8234,691.0
1753520701525,09:05:01.525,ADA/USDT:USDT,0.8232,217.0,0.8231,1593.0,0.8233,62.0,0.8234,622.0
1753520701628,09:05:01.628,ADA/USDT:USDT,0.8232,217.0,0.8231,1593.0,0.8233,62.0,0.8234,622.0
1753520701746,09:05:01.746,ADA/USDT:USDT,0.8232,217.0,0.8231,1835.0,0.8233,79.0,0.8234,622.0
1753520701833,09:05:01.833,ADA/USDT:USDT,0.8232,217.0,0.8231,1835.0,0.8233,79.0,0.8234,622.0
1753520702023,09:05:02.023,ADA/USDT:USDT,0.8232,217.0,0.8231,1835.0,0.8233,79.0,0.8234,622.0
1753520702117,09:05:02.117,ADA/USDT:USDT,0.8232,217.0,0.8231,1835.0,0.8233,79.0,0.8234,622.0
1753520702207,09:05:02.207,ADA/USDT:USDT,0.8232,217.0,0.8231,1835.0,0.8233,96.0,0.8234,715.0
1753520702318,09:05:02.318,ADA/USDT:USDT,0.8232,62.0,0.8231,1835.0,0.8233,96.0,0.8234,784.0
1753520702412,09:05:02.412,ADA/USDT:USDT,0.8232,62.0,0.8231,1835.0,0.8233,62.0,0.8234,784.0
1753520702543,09:05:02.543,ADA/USDT:USDT,0.8232,62.0,0.8231,1835.0,0.8233,62.0,0.8234,784.0
1753520702642,09:05:02.642,ADA/USDT:USDT,0.8232,62.0,0.8231,1835.0,0.8233,92.0,0.8234,784.0
1753520702733,09:05:02.733,ADA/USDT:USDT,0.8232,62.0,0.8231,1835.0,0.8233,264.0,0.8234,784.0
1753520702849,09:05:02.849,ADA/USDT:USDT,0.8232,309.0,0.8231,1835.0,0.8233,75.0,0.8234,634.0
1753520702899,09:05:02.899,ADA/USDT:USDT,0.8232,309.0,0.8231,1835.0,0.8233,75.0,0.8234,565.0
1753520703023,09:05:03.023,ADA/USDT:USDT,0.8232,309.0,0.8231,1835.0,0.8233,75.0,0.8234,565.0
1753520703112,09:05:03.112,ADA/USDT:USDT,0.8232,309.0,0.8231,1835.0,0.8233,75.0,0.8234,565.0
1753520703241,09:05:03.241,ADA/USDT:USDT,0.8232,309.0,0.8231,1835.0,0.8233,75.0,0.8234,565.0
1753520703349,09:05:03.349,ADA/USDT:USDT,0.8232,217.0,0.8231,1835.0,0.8233,75.0,0.8234,565.0
1753520703443,09:05:03.443,ADA/USDT:USDT,0.8232,217.0,0.8231,1835.0,0.8233,75.0,0.8234,565.0
1753520703544,09:05:03.544,ADA/USDT:USDT,0.8232,217.0,0.8231,1835.0,0.8233,92.0,0.8234,565.0
1753520703592,09:05:03.592,ADA/USDT:USDT,0.8232,217.0,0.8231,1835.0,0.8233,92.0,0.8234,715.0
1753520703829,09:05:03.829,ADA/USDT:USDT,0.8232,217.0,0.8231,1835.0,0.8233,75.0,0.8234,715.0
1753520703882,09:05:03.882,ADA/USDT:USDT,0.8232,217.0,0.8231,1835.0,0.8233,75.0,0.8234,715.0
1753520704033,09:05:04.033,ADA/USDT:USDT,0.8232,217.0,0.8231,1835.0,0.8233,152.0,0.8234,715.0
1753520704148,09:05:04.148,ADA/USDT:USDT,0.8232,62.0,0.8231,1835.0,0.8233,152.0,0.8234,715.0
1753520704234,09:05:04.234,ADA/USDT:USDT,0.8232,62.0,0.8231,1835.0,0.8233,152.0,0.8234,784.0
1753520704329,09:05:04.329,ADA/USDT:USDT,0.8232,62.0,0.8231,1835.0,0.8233,152.0,0.8234,784.0
1753520704420,09:05:04.420,ADA/USDT:USDT,0.8232,62.0,0.8231,1835.0,0.8233,152.0,0.8234,784.0
1753520704526,09:05:04.526,ADA/USDT:USDT,0.8232,62.0,0.8231,1835.0,0.8233,307.0,0.8234,784.0
1753520704605,09:05:04.605,ADA/USDT:USDT,0.8232,62.0,0.8231,1835.0,0.8233,307.0,0.8234,784.0
1753520704741,09:05:04.741,ADA/USDT:USDT,0.8232,62.0,0.8231,1835.0,0.8233,290.0,0.8234,784.0
1753520704837,09:05:04.837,ADA/USDT:USDT,0.8232,62.0,0.8231,1835.0,0.8233,290.0,0.8234,784.0
1753520704920,09:05:04.920,ADA/USDT:USDT,0.8232,62.0,0.8231,1835.0,0.8233,290.0,0.8234,784.0
1753520705049,09:05:05.049,ADA/USDT:USDT,0.8232,62.0,0.8231,1835.0,0.8233,307.0,0.8234,784.0
1753520705149,09:05:05.149,ADA/USDT:USDT,0.8231,1835.0,0.823,1149.0,0.8233,290.0,0.8234,784.0
1753520705238,09:05:05.238,ADA/USDT:USDT,0.8231,1340.0,0.823,1148.0,0.8232,133.0,0.8233,894.0
1753520705346,09:05:05.346,ADA/USDT:USDT,0.8231,1338.0,0.823,1150.0,0.8232,133.0,0.8233,896.0
1753520705435,09:05:05.435,ADA/USDT:USDT,0.8231,1195.0,0.823,1150.0,0.8232,150.0,0.8233,879.0
1753520705521,09:05:05.521,ADA/USDT:USDT,0.8231,1195.0,0.823,1207.0,0.8232,133.0,0.8233,879.0
1753520705649,09:05:05.649,ADA/USDT:USDT,0.8229,749.0,0.8228,1001.0,0.823,62.0,0.8231,310.0
1753520705749,09:05:05.749,ADA/USDT:USDT,0.8229,610.0,0.8228,1211.0,0.823,62.0,0.8231,322.0
1753520705814,09:05:05.814,ADA/USDT:USDT,0.8229,610.0,0.8228,1199.0,0.823,62.0,0.8231,760.0
1753520705934,09:05:05.934,ADA/USDT:USDT,0.823,154.0,0.8229,1754.0,0.8231,147.0,0.8232,1730.0
1753520706045,09:05:06.045,ADA/USDT:USDT,0.823,154.0,0.8229,1739.0,0.8231,145.0,0.8232,1749.0
1753520706099,09:05:06.099,ADA/USDT:USDT,0.823,154.0,0.8229,1739.0,0.8231,145.0,0.8232,1766.0
1753520706241,09:05:06.241,ADA/USDT:USDT,0.823,62.0,0.8229,1739.0,0.8231,145.0,0.8232,1766.0
1753520706343,09:05:06.343,ADA/USDT:USDT,0.823,62.0,0.8229,1739.0,0.8231,145.0,0.8232,1766.0
1753520706445,09:05:06.445,ADA/USDT:USDT,0.823,62.0,0.8229,1739.0,0.8231,317.0,0.8232,1766.0
1753520706525,09:05:06.525,ADA/USDT:USDT,0.823,62.0,0.8229,1739.0,0.8231,317.0,0.8232,1766.0
1753520706614,09:05:06.614,ADA/USDT:USDT,0.823,62.0,0.8229,1739.0,0.8231,317.0,0.8232,1766.0
1753520706713,09:05:06.713,ADA/USDT:USDT,0.823,62.0,0.8229,1739.0,0.8231,317.0,0.8232,931.0
1753520706842,09:05:06.842,ADA/USDT:USDT,0.823,62.0,0.8229,1739.0,0.8231,317.0,0.8232,931.0
1753520706944,09:05:06.944,ADA/USDT:USDT,0.8229,1334.0,0.8228,1003.0,0.823,123.0,0.8231,673.0
1753520707042,09:05:07.042,ADA/USDT:USDT,0.8229,1184.0,0.8228,1020.0,0.823,133.0,0.8231,839.0
1753520707093,09:05:07.093,ADA/USDT:USDT,0.8229,305.0,0.8228,1899.0,0.823,133.0,0.8231,839.0
1753520707234,09:05:07.234,ADA/USDT:USDT,0.8229,460.0,0.8228,1916.0,0.823,62.0,0.8231,839.0
1753520707324,09:05:07.324,ADA/USDT:USDT,0.8229,460.0,0.8228,1916.0,0.823,62.0,0.8231,839.0
1753520707420,09:05:07.420,ADA/USDT:USDT,0.8229,460.0,0.8228,1916.0,0.823,62.0,0.8231,839.0
1753520707533,09:05:07.533,ADA/USDT:USDT,0.8229,610.0,0.8228,1899.0,0.823,62.0,0.8231,839.0
1753520707573,09:05:07.573,ADA/USDT:USDT,0.8229,610.0,0.8228,1882.0,0.823,62.0,0.8231,856.0
1753520707737,09:05:07.737,ADA/USDT:USDT,0.8229,610.0,0.8228,1899.0,0.823,62.0,0.8231,856.0
1753520707834,09:05:07.834,ADA/USDT:USDT,0.8229,610.0,0.8228,1899.0,0.823,62.0,0.8231,839.0
1753520707946,09:05:07.946,ADA/USDT:USDT,0.8229,610.0,0.8228,1899.0,0.823,62.0,0.8231,839.0
1753520708040,09:05:08.040,ADA/USDT:USDT,0.8229,610.0,0.8228,1916.0,0.823,62.0,0.8231,673.0
1753520708141,09:05:08.141,ADA/USDT:USDT,0.8229,455.0,0.8228,1882.0,0.823,62.0,0.8231,690.0
1753520708250,09:05:08.250,ADA/USDT:USDT,0.8229,455.0,0.8228,1882.0,0.823,62.0,0.8231,707.0
1753520708433,09:05:08.433,ADA/USDT:USDT,0.8229,610.0,0.8228,1899.0,0.823,62.0,0.8231,673.0
1753520708538,09:05:08.538,ADA/USDT:USDT,0.8229,610.0,0.8228,1916.0,0.823,62.0,0.8231,673.0
1753520708639,09:05:08.639,ADA/USDT:USDT,0.8229,610.0,0.8228,1899.0,0.823,62.0,0.8231,673.0
1753520708728,09:05:08.728,ADA/USDT:USDT,0.8229,610.0,0.8228,1899.0,0.823,62.0,0.8231,673.0
1753520708845,09:05:08.845,ADA/USDT:USDT,0.8229,610.0,0.8228,1899.0,0.823,62.0,0.8231,673.0
1753520708935,09:05:08.935,ADA/USDT:USDT,0.8229,610.0,0.8228,1899.0,0.823,62.0,0.8231,673.0
1753520709010,09:05:09.010,ADA/USDT:USDT,0.8229,610.0,0.8228,1916.0,0.823,62.0,0.8231,673.0
1753520709140,09:05:09.140,ADA/USDT:USDT,0.8229,610.0,0.8228,1899.0,0.823,62.0,0.8231,673.0
1753520709234,09:05:09.234,ADA/USDT:USDT,0.8229,610.0,0.8228,1899.0,0.823,62.0,0.8231,690.0
1753520709319,09:05:09.319,ADA/USDT:USDT,0.8229,610.0,0.8228,1899.0,0.823,62.0,0.8231,690.0
1753520709410,09:05:09.410,ADA/USDT:USDT,0.8229,610.0,0.8228,1899.0,0.823,62.0,0.8231,690.0
1753520709613,09:05:09.613,ADA/USDT:USDT,0.8229,610.0,0.8228,1899.0,0.823,62.0,0.8231,690.0
1753520709724,09:05:09.724,ADA/USDT:USDT,0.8229,610.0,0.8228,1882.0,0.823,62.0,0.8231,690.0
1753520709848,09:05:09.848,ADA/USDT:USDT,0.8229,610.0,0.8228,1882.0,0.823,62.0,0.8231,690.0
1753520709931,09:05:09.931,ADA/USDT:USDT,0.8229,610.0,0.8228,1882.0,0.823,62.0,0.8231,690.0
1753520710044,09:05:10.044,ADA/USDT:USDT,0.8229,455.0,0.8228,1882.0,0.823,62.0,0.8231,707.0
1753520710142,09:05:10.142,ADA/USDT:USDT,0.8229,455.0,0.8228,1882.0,0.823,62.0,0.8231,707.0
1753520710244,09:05:10.244,ADA/USDT:USDT,0.8229,455.0,0.8228,1882.0,0.823,62.0,0.8231,690.0
1753520710320,09:05:10.320,ADA/USDT:USDT,0.8229,455.0,0.8228,1882.0,0.823,62.0,0.8231,707.0
1753520710418,09:05:10.418,ADA/USDT:USDT,0.8229,455.0,0.8228,1882.0,0.823,62.0,0.8231,707.0
1753520710546,09:05:10.546,ADA/USDT:USDT,0.8229,218.0,0.8228,1882.0,0.823,133.0,0.8231,776.0
1753520710648,09:05:10.648,ADA/USDT:USDT,0.8229,218.0,0.8228,1882.0,0.823,133.0,0.8231,776.0
1753520710695,09:05:10.695,ADA/USDT:USDT,0.8229,218.0,0.8228,1882.0,0.823,133.0,0.8231,776.0
1753520710834,09:05:10.834,ADA/USDT:USDT,0.8229,218.0,0.8228,1882.0,0.823,133.0,0.8231,776.0
1753520710911,09:05:10.911,ADA/USDT:USDT,0.8229,218.0,0.8228,1899.0,0.823,133.0,0.8231,759.0
1753520711039,09:05:11.039,ADA/USDT:USDT,0.8229,218.0,0.8228,1882.0,0.823,133.0,0.8231,759.0
1753520711116,09:05:11.116,ADA/USDT:USDT,0.8229,218.0,0.8228,1882.0,0.823,133.0,0.8231,759.0
1753520711189,09:05:11.189,ADA/USDT:USDT,0.8229,373.0,0.8228,1882.0,0.823,133.0,0.8231,742.0
1753520711251,09:05:11.251,ADA/USDT:USDT,0.8229,373.0,0.8228,1882.0,0.823,133.0,0.8231,742.0
1753520711447,09:05:11.447,ADA/USDT:USDT,0.8229,373.0,0.8228,1882.0,0.823,133.0,0.8231,673.0
1753520711543,09:05:11.543,ADA/USDT:USDT,0.8229,373.0,0.8228,1882.0,0.823,133.0,0.8231,673.0
1753520711558,09:05:11.558,ADA/USDT:USDT,0.8229,373.0,0.8228,1882.0,0.823,133.0,0.8231,673.0
1753520711715,09:05:11.715,ADA/USDT:USDT,0.8229,218.0,0.8228,1882.0,0.823,133.0,0.8231,673.0
1753520711811,09:05:11.811,ADA/USDT:USDT,0.8229,218.0,0.8228,2197.0,0.823,133.0,0.8231,673.0
1753520711932,09:05:11.932,ADA/USDT:USDT,0.8229,218.0,0.8228,2197.0,0.823,133.0,0.8231,673.0
1753520712046,09:05:12.046,ADA/USDT:USDT,0.8229,218.0,0.8228,1882.0,0.823,133.0,0.8231,673.0
1753520712113,09:05:12.113,ADA/USDT:USDT,0.8229,218.0,0.8228,1882.0,0.823,133.0,0.8231,673.0
1753520712210,09:05:12.210,ADA/USDT:USDT,0.8229,218.0,0.8228,1882.0,0.823,133.0,0.8231,742.0
1753520712303,09:05:12.303,ADA/USDT:USDT,0.8229,218.0,0.8228,1882.0,0.823,133.0,0.8231,742.0
1753520712411,09:05:12.411,ADA/USDT:USDT,0.8229,218.0,0.8228,1882.0,0.823,133.0,0.8231,742.0
1753520712546,09:05:12.546,ADA/USDT:USDT,0.8229,218.0,0.8228,1882.0,0.823,133.0,0.8231,742.0
1753520712637,09:05:12.637,ADA/USDT:USDT,0.8229,218.0,0.8228,1882.0,0.823,133.0,0.8231,742.0
1753520712842,09:05:12.842,ADA/USDT:USDT,0.8229,218.0,0.8228,1882.0,0.823,133.0,0.8231,742.0
1753520712930,09:05:12.930,ADA/USDT:USDT,0.8229,218.0,0.8228,1882.0,0.823,133.0,0.8231,742.0
1753520713047,09:05:13.047,ADA/USDT:USDT,0.8229,6.0,0.8228,848.0,0.823,305.0,0.8231,807.0
1753520713144,09:05:13.144,ADA/USDT:USDT,0.8229,6.0,0.8228,1649.0,0.823,305.0,0.8231,807.0
1753520713176,09:05:13.176,ADA/USDT:USDT,0.8229,6.0,0.8228,1649.0,0.823,322.0,0.8231,807.0
1753520713317,09:05:13.317,ADA/USDT:USDT,0.8229,6.0,0.8228,1649.0,0.823,322.0,0.8231,807.0
1753520713431,09:05:13.431,ADA/USDT:USDT,0.8229,6.0,0.8228,1649.0,0.823,322.0,0.8231,807.0
1753520713537,09:05:13.537,ADA/USDT:USDT,0.8229,6.0,0.8228,993.0,0.823,484.0,0.8231,961.0
1753520713611,09:05:13.611,ADA/USDT:USDT,0.8229,6.0,0.8228,816.0,0.823,484.0,0.8231,961.0
1753520713713,09:05:13.713,ADA/USDT:USDT,0.8229,6.0,0.8228,816.0,0.823,484.0,0.8231,961.0
1753520713819,09:05:13.819,ADA/USDT:USDT,0.8229,6.0,0.8228,581.0,0.823,484.0,0.8231,961.0
1753520713946,09:05:13.946,ADA/USDT:USDT,0.8229,6.0,0.8228,581.0,0.823,467.0,0.8231,978.0
1753520714043,09:05:14.043,ADA/USDT:USDT,0.8229,6.0,0.8228,581.0,0.823,450.0,0.8231,995.0
1753520714112,09:05:14.112,ADA/USDT:USDT,0.8229,6.0,0.8228,736.0,0.823,162.0,0.8231,995.0
1753520714151,09:05:14.151,ADA/USDT:USDT,0.8229,6.0,0.8228,736.0,0.823,162.0,0.8231,995.0
1753520714318,09:05:14.318,ADA/USDT:USDT,0.8229,6.0,0.8228,736.0,0.823,162.0,0.8231,995.0
1753520714445,09:05:14.445,ADA/USDT:USDT,0.8229,6.0,0.8228,736.0,0.823,300.0,0.8231,995.0
1753520714544,09:05:14.544,ADA/USDT:USDT,0.8229,6.0,0.8228,736.0,0.823,317.0,0.8231,829.0
1753520714633,09:05:14.633,ADA/USDT:USDT,0.8229,6.0,0.8228,736.0,0.823,334.0,0.8231,829.0
1753520714724,09:05:14.724,ADA/USDT:USDT,0.8229,6.0,0.8228,736.0,0.823,334.0,0.8231,829.0
1753520714803,09:05:14.803,ADA/USDT:USDT,0.8229,6.0,0.8228,736.0,0.823,334.0,0.8231,829.0
1753520714935,09:05:14.935,ADA/USDT:USDT,0.8229,6.0,0.8228,736.0,0.823,334.0,0.8231,829.0
1753520715040,09:05:15.040,ADA/USDT:USDT,0.8229,6.0,0.8228,736.0,0.823,334.0,0.8231,829.0
1753520715188,09:05:15.188,ADA/USDT:USDT,0.8229,6.0,0.8228,736.0,0.823,334.0,0.8231,829.0
1753520715320,09:05:15.320,ADA/USDT:USDT,0.8229,6.0,0.8228,736.0,0.823,334.0,0.8231,829.0
1753520715436,09:05:15.436,ADA/USDT:USDT,0.8229,6.0,0.8228,736.0,0.823,334.0,0.8231,829.0
1753520715494,09:05:15.494,ADA/USDT:USDT,0.8229,6.0,0.8228,736.0,0.823,334.0,0.8231,829.0
1753520715619,09:05:15.619,ADA/USDT:USDT,0.8229,6.0,0.8228,736.0,0.823,334.0,0.8231,829.0
1753520715732,09:05:15.732,ADA/USDT:USDT,0.8229,6.0,0.8228,581.0,0.823,334.0,0.8231,829.0
1753520715751,09:05:15.751,ADA/USDT:USDT,0.8229,6.0,0.8228,581.0,0.823,334.0,0.8231,829.0
1753520715933,09:05:15.933,ADA/USDT:USDT,0.8229,6.0,0.8228,581.0,0.823,317.0,0.8231,829.0
1753520716049,09:05:16.049,ADA/USDT:USDT,0.8229,6.0,0.8228,581.0,0.823,334.0,0.8231,829.0
1753520716133,09:05:16.133,ADA/USDT:USDT,0.8229,6.0,0.8228,581.0,0.823,334.0,0.8231,829.0
1753520716195,09:05:16.195,ADA/USDT:USDT,0.8229,6.0,0.8228,581.0,0.823,334.0,0.8231,829.0
1753520716310,09:05:16.310,ADA/USDT:USDT,0.8229,6.0,0.8228,581.0,0.823,317.0,0.8231,829.0
1753520716427,09:05:16.427,ADA/USDT:USDT,0.8229,6.0,0.8228,581.0,0.823,484.0,0.8231,829.0
1753520716525,09:05:16.525,ADA/USDT:USDT,0.8229,6.0,0.8228,581.0,0.823,484.0,0.8231,829.0
1753520716649,09:05:16.649,ADA/USDT:USDT,0.8229,6.0,0.8228,581.0,0.823,467.0,0.8231,829.0
1753520716741,09:05:16.741,ADA/USDT:USDT,0.8229,6.0,0.8228,581.0,0.823,467.0,0.8231,829.0
1753520716934,09:05:16.934,ADA/USDT:USDT,0.8229,6.0,0.8228,581.0,0.823,484.0,0.8231,829.0
1753520717046,09:05:17.046,ADA/USDT:USDT,0.8229,6.0,0.8228,581.0,0.823,484.0,0.8231,829.0
1753520717142,09:05:17.142,ADA/USDT:USDT,0.8229,6.0,0.8228,581.0,0.823,484.0,0.8231,829.0
1753520717203,09:05:17.203,ADA/USDT:USDT,0.8229,6.0,0.8228,581.0,0.823,484.0,0.8231,829.0
1753520717327,09:05:17.327,ADA/USDT:USDT,0.8229,6.0,0.8228,581.0,0.823,467.0,0.8231,829.0
1753520717413,09:05:17.413,ADA/USDT:USDT,0.8229,6.0,0.8228,581.0,0.823,450.0,0.8231,829.0
1753520717533,09:05:17.533,ADA/USDT:USDT,0.8229,6.0,0.8228,581.0,0.823,467.0,0.8231,1054.0
1753520717647,09:05:17.647,ADA/USDT:USDT,0.8229,6.0,0.8228,581.0,0.823,484.0,0.8231,1054.0
1753520717714,09:05:17.714,ADA/USDT:USDT,0.8229,6.0,0.8228,581.0,0.823,467.0,0.8231,1054.0
1753520717789,09:05:17.789,ADA/USDT:USDT,0.8229,6.0,0.8228,581.0,0.823,467.0,0.8231,1054.0
1753520717934,09:05:17.934,ADA/USDT:USDT,0.8229,6.0,0.8228,581.0,0.823,484.0,0.8231,1054.0
1753520718015,09:05:18.015,ADA/USDT:USDT,0.8229,6.0,0.8228,581.0,0.823,467.0,0.8231,1054.0
1753520718124,09:05:18.124,ADA/USDT:USDT,0.8229,6.0,0.8228,581.0,0.823,484.0,0.8231,1054.0
1753520718226,09:05:18.226,ADA/USDT:USDT,0.8229,6.0,0.8228,581.0,0.823,484.0,0.8231,1054.0
1753520718320,09:05:18.320,ADA/USDT:USDT,0.8229,6.0,0.8228,581.0,0.823,484.0,0.8231,1054.0
1753520718375,09:05:18.375,ADA/USDT:USDT,0.8229,6.0,0.8228,818.0,0.823,467.0,0.8231,1054.0
1753520718535,09:05:18.535,ADA/USDT:USDT,0.8229,6.0,0.8228,818.0,0.823,484.0,0.8231,1054.0
1753520718650,09:05:18.650,ADA/USDT:USDT,0.8228,3.0,0.8227,458.0,0.823,1147.0,0.8231,1054.0
1753520718744,09:05:18.744,ADA/USDT:USDT,0.8228,1.0,0.8227,382.0,0.8229,371.0,0.823,1209.0
1753520718844,09:05:18.844,ADA/USDT:USDT,0.8228,1.0,0.8227,382.0,0.8229,371.0,0.823,1109.0
1753520718933,09:05:18.933,ADA/USDT:USDT,0.8228,1.0,0.8227,227.0,0.8229,371.0,0.823,1108.0
1753520719049,09:05:19.049,ADA/USDT:USDT,0.8228,1.0,0.8227,227.0,0.8229,354.0,0.823,1108.0
1753520719135,09:05:19.135,ADA/USDT:USDT,0.8228,1.0,0.8227,153.0,0.8229,372.0,0.823,1108.0
1753520719246,09:05:19.246,ADA/USDT:USDT,0.8228,1.0,0.8227,3.0,0.8229,372.0,0.823,1108.0
1753520719334,09:05:19.334,ADA/USDT:USDT,0.8227,1.0,0.8226,1103.0,0.8228,413.0,0.8229,798.0
1753520719444,09:05:19.444,ADA/USDT:USDT,0.8227,1.0,0.8226,1469.0,0.8228,396.0,0.8229,797.0
1753520719484,09:05:19.484,ADA/USDT:USDT,0.8227,1.0,0.8226,1469.0,0.8228,396.0,0.8229,797.0
1753520719593,09:05:19.593,ADA/USDT:USDT,0.8227,1.0,0.8226,745.0,0.8228,396.0,0.8229,797.0
1753520719696,09:05:19.696,ADA/USDT:USDT,0.8227,1.0,0.8226,745.0,0.8228,396.0,0.8229,797.0
1753520719830,09:05:19.830,ADA/USDT:USDT,0.8227,1.0,0.8226,440.0,0.8228,413.0,0.8229,797.0
1753520719937,09:05:19.937,ADA/USDT:USDT,0.8227,1.0,0.8226,440.0,0.8228,396.0,0.8229,797.0
1753520720039,09:05:20.039,ADA/USDT:USDT,0.8227,1.0,0.8226,440.0,0.8228,396.0,0.8229,1060.0
1753520720125,09:05:20.125,ADA/USDT:USDT,0.8227,1.0,0.8226,595.0,0.8228,396.0,0.8229,1060.0
1753520720238,09:05:20.238,ADA/USDT:USDT,0.8227,1.0,0.8226,595.0,0.8228,396.0,0.8229,1060.0
1753520720336,09:05:20.336,ADA/USDT:USDT,0.8227,1.0,0.8226,595.0,0.8228,396.0,0.8229,1060.0
1753520720390,09:05:20.390,ADA/USDT:USDT,0.8227,1.0,0.8226,745.0,0.8228,396.0,0.8229,1060.0
1753520720506,09:05:20.506,ADA/USDT:USDT,0.8227,1.0,0.8226,440.0,0.8228,396.0,0.8229,1060.0
1753520720583,09:05:20.583,ADA/USDT:USDT,0.8227,1.0,0.8226,440.0,0.8228,396.0,0.8229,1060.0
1753520720737,09:05:20.737,ADA/USDT:USDT,0.8227,1.0,0.8226,440.0,0.8228,396.0,0.8229,1060.0
1753520720780,09:05:20.780,ADA/USDT:USDT,0.8227,1.0,0.8226,440.0,0.8228,396.0,0.8229,1060.0
1753520720909,09:05:20.909,ADA/USDT:USDT,0.8227,1.0,0.8226,440.0,0.8228,396.0,0.8229,1060.0
1753520721041,09:05:21.041,ADA/USDT:USDT,0.8227,1.0,0.8226,440.0,0.8228,396.0,0.8229,1060.0
1753520721093,09:05:21.093,ADA/USDT:USDT,0.8227,1.0,0.8226,440.0,0.8228,396.0,0.8229,1060.0
1753520721204,09:05:21.204,ADA/USDT:USDT,0.8227,1.0,0.8226,440.0,0.8228,396.0,0.8229,1060.0
1753520721316,09:05:21.316,ADA/USDT:USDT,0.8227,1.0,0.8226,440.0,0.8228,396.0,0.8229,1060.0
1753520721367,09:05:21.367,ADA/USDT:USDT,0.8227,1.0,0.8226,590.0,0.8228,396.0,0.8229,1060.0
1753520721534,09:05:21.534,ADA/USDT:USDT,0.8227,1.0,0.8226,590.0,0.8228,396.0,0.8229,1060.0
1753520721610,09:05:21.610,ADA/USDT:USDT,0.8227,1.0,0.8226,590.0,0.8228,396.0,0.8229,1060.0
1753520721712,09:05:21.712,ADA/USDT:USDT,0.8227,1.0,0.8226,590.0,0.8228,396.0,0.8229,1060.0
1753520721822,09:05:21.822,ADA/USDT:USDT,0.8227,1.0,0.8226,745.0,0.8228,224.0,0.8229,1060.0
1753520721929,09:05:21.929,ADA/USDT:USDT,0.8227,1.0,0.8226,745.0,0.8228,224.0,0.8229,1060.0
1753520722005,09:05:22.005,ADA/USDT:USDT,0.8227,1.0,0.8226,745.0,0.8228,224.0,0.8229,1060.0
1753520722108,09:05:22.108,ADA/USDT:USDT,0.8227,1.0,0.8226,745.0,0.8228,224.0,0.8229,1060.0
1753520722236,09:05:22.236,ADA/USDT:USDT,0.8227,1.0,0.8226,745.0,0.8228,258.0,0.8229,1060.0
1753520722341,09:05:22.341,ADA/USDT:USDT,0.8227,1.0,0.8226,745.0,0.8228,413.0,0.8229,1060.0
1753520722388,09:05:22.388,ADA/USDT:USDT,0.8227,1.0,0.8226,745.0,0.8228,396.0,0.8229,1060.0
1753520722516,09:05:22.516,ADA/USDT:USDT,0.8227,1.0,0.8226,590.0,0.8228,396.0,0.8229,1060.0
1753520722746,09:05:22.746,ADA/USDT:USDT,0.8227,1.0,0.8226,590.0,0.8228,379.0,0.8229,1060.0
1753520722840,09:05:22.840,ADA/USDT:USDT,0.8227,1.0,0.8226,829.0,0.8228,379.0,0.8229,1060.0
1753520722897,09:05:22.897,ADA/USDT:USDT,0.8227,1.0,0.8226,829.0,0.8228,379.0,0.8229,1060.0
1753520723011,09:05:23.011,ADA/USDT:USDT,0.8227,1.0,0.8226,829.0,0.8228,379.0,0.8229,1060.0
1753520723147,09:05:23.147,ADA/USDT:USDT,0.8227,1.0,0.8226,829.0,0.8228,396.0,0.8229,1060.0
1753520723215,09:05:23.215,ADA/USDT:USDT,0.8227,1.0,0.8226,313.0,0.8228,820.0,0.8229,1060.0
1753520723322,09:05:23.322,ADA/USDT:USDT,0.8227,1.0,0.8226,313.0,0.8228,820.0,0.8229,1060.0
1753520723421,09:05:23.421,ADA/USDT:USDT,0.8227,1.0,0.8226,313.0,0.8228,820.0,0.8229,1060.0
1753520723516,09:05:23.516,ADA/USDT:USDT,0.8227,1.0,0.8226,313.0,0.8228,820.0,0.8229,1060.0
1753520723613,09:05:23.613,ADA/USDT:USDT,0.8227,1.0,0.8226,313.0,0.8228,820.0,0.8229,1060.0
1753520723671,09:05:23.671,ADA/USDT:USDT,0.8227,1.0,0.8226,313.0,0.8228,820.0,0.8229,1060.0
1753520723788,09:05:23.788,ADA/USDT:USDT,0.8227,1.0,0.8226,313.0,0.8228,820.0,0.8229,1060.0
1753520723945,09:05:23.945,ADA/USDT:USDT,0.8227,1.0,0.8226,313.0,0.8228,820.0,0.8229,1060.0
1753520724047,09:05:24.047,ADA/USDT:USDT,0.8227,1.0,0.8226,313.0,0.8228,820.0,0.8229,1060.0
1753520724126,09:05:24.126,ADA/USDT:USDT,0.8227,1.0,0.8226,251.0,0.8228,820.0,0.8229,1426.0
1753520724165,09:05:24.165,ADA/USDT:USDT,0.8227,1.0,0.8226,251.0,0.8228,820.0,0.8229,1426.0
1753520724334,09:05:24.334,ADA/USDT:USDT,0.8227,1.0,0.8226,251.0,0.8228,890.0,0.8229,1426.0
1753520724426,09:05:24.426,ADA/USDT:USDT,0.8227,1.0,0.8226,251.0,0.8228,890.0,0.8229,1426.0
1753520724480,09:05:24.480,ADA/USDT:USDT,0.8227,1.0,0.8226,251.0,0.8228,890.0,0.8229,1426.0
1753520724627,09:05:24.627,ADA/USDT:USDT,0.8227,1.0,0.8226,251.0,0.8228,890.0,0.8229,1426.0
1753520724746,09:05:24.746,ADA/USDT:USDT,0.8227,1.0,0.8226,12.0,0.8228,890.0,0.8229,1426.0
1753520724848,09:05:24.848,ADA/USDT:USDT,0.8227,1.0,0.8226,12.0,0.8228,890.0,0.8229,1426.0
1753520724938,09:05:24.938,ADA/USDT:USDT,0.8227,1.0,0.8226,12.0,0.8228,855.0,0.8229,1060.0
1753520725000,09:05:25.000,ADA/USDT:USDT,0.8227,1.0,0.8226,12.0,0.8228,889.0,0.8229,1060.0
1753520725146,09:05:25.146,ADA/USDT:USDT,0.8227,1.0,0.8226,12.0,0.8228,889.0,0.8229,1060.0
1753520725231,09:05:25.231,ADA/USDT:USDT,0.8227,1.0,0.8226,12.0,0.8228,889.0,0.8229,1060.0
1753520725334,09:05:25.334,ADA/USDT:USDT,0.8227,1.0,0.8226,12.0,0.8228,889.0,0.8229,1060.0
1753520725377,09:05:25.377,ADA/USDT:USDT,0.8227,1.0,0.8226,12.0,0.8228,889.0,0.8229,1060.0
1753520725532,09:05:25.532,ADA/USDT:USDT,0.8227,1.0,0.8226,12.0,0.8228,820.0,0.8229,1060.0
1753520725643,09:05:25.643,ADA/USDT:USDT,0.8227,1.0,0.8226,12.0,0.8228,820.0,0.8229,1060.0
1753520725749,09:05:25.749,ADA/USDT:USDT,0.8227,1.0,0.8226,229.0,0.8228,653.0,0.8229,1060.0
1753520725833,09:05:25.833,ADA/USDT:USDT,0.8227,1.0,0.8226,229.0,0.8228,636.0,0.8229,1043.0
1753520725939,09:05:25.939,ADA/USDT:USDT,0.8227,1.0,0.8226,229.0,0.8228,653.0,0.8229,1060.0
1753520726046,09:05:26.046,ADA/USDT:USDT,0.8227,1.0,0.8226,229.0,0.8228,636.0,0.8229,1060.0
1753520726111,09:05:26.111,ADA/USDT:USDT,0.8227,1.0,0.8226,229.0,0.8228,653.0,0.8229,1060.0
1753520726197,09:05:26.197,ADA/USDT:USDT,0.8227,1.0,0.8226,229.0,0.8228,653.0,0.8229,1060.0
1753520726338,09:05:26.338,ADA/USDT:USDT,0.8227,1.0,0.8226,379.0,0.8228,803.0,0.8229,1060.0
1753520726399,09:05:26.399,ADA/USDT:USDT,0.8227,1.0,0.8226,379.0,0.8228,803.0,0.8229,1060.0
1753520726514,09:05:26.514,ADA/USDT:USDT,0.8227,1.0,0.8226,379.0,0.8228,820.0,0.8229,1060.0
1753520726624,09:05:26.624,ADA/USDT:USDT,0.8227,1.0,0.8226,379.0,0.8228,820.0,0.8229,1060.0
1753520726726,09:05:26.726,ADA/USDT:USDT,0.8227,1.0,0.8226,379.0,0.8228,820.0,0.8229,1060.0
1753520726834,09:05:26.834,ADA/USDT:USDT,0.8227,1.0,0.8226,379.0,0.8228,820.0,0.8229,1060.0
1753520726946,09:05:26.946,ADA/USDT:USDT,0.8227,1.0,0.8226,379.0,0.8228,820.0,0.8229,1060.0
1753520727039,09:05:27.039,ADA/USDT:USDT,0.8227,1.0,0.8226,379.0,0.8228,820.0,0.8229,1060.0
1753520727101,09:05:27.101,ADA/USDT:USDT,0.8227,1.0,0.8226,379.0,0.8228,820.0,0.8229,1060.0
1753520727207,09:05:27.207,ADA/USDT:USDT,0.8227,1.0,0.8226,379.0,0.8228,803.0,0.8229,1060.0
1753520727336,09:05:27.336,ADA/USDT:USDT,0.8227,1.0,0.8226,379.0,0.8228,820.0,0.8229,1060.0
1753520727444,09:05:27.444,ADA/USDT:USDT,0.8227,1.0,0.8226,379.0,0.8228,820.0,0.8229,1060.0
1753520727548,09:05:27.548,ADA/USDT:USDT,0.8227,1.0,0.8226,379.0,0.8228,820.0,0.8229,1060.0
1753520727565,09:05:27.565,ADA/USDT:USDT,0.8227,1.0,0.8226,379.0,0.8228,820.0,0.8229,1060.0
1753520727732,09:05:27.732,ADA/USDT:USDT,0.8227,1.0,0.8226,379.0,0.8228,820.0,0.8229,1060.0
1753520727797,09:05:27.797,ADA/USDT:USDT,0.8227,1.0,0.8226,379.0,0.8228,820.0,0.8229,1060.0
1753520727945,09:05:27.945,ADA/USDT:USDT,0.8227,1.0,0.8226,379.0,0.8228,820.0,0.8229,1060.0
1753520728046,09:05:28.046,ADA/USDT:USDT,0.8227,1.0,0.8226,74.0,0.8228,820.0,0.8229,1060.0
1753520728124,09:05:28.124,ADA/USDT:USDT,0.8227,1.0,0.8226,74.0,0.8228,820.0,0.8229,1060.0
1753520728247,09:05:28.247,ADA/USDT:USDT,0.8227,1.0,0.8226,74.0,0.8228,820.0,0.8229,1060.0
1753520728304,09:05:28.304,ADA/USDT:USDT,0.8227,1.0,0.8226,74.0,0.8228,820.0,0.8229,1060.0
1753520728446,09:05:28.446,ADA/USDT:USDT,0.8227,1.0,0.8226,12.0,0.8228,890.0,0.8229,1060.0
1753520728525,09:05:28.525,ADA/USDT:USDT,0.8227,1.0,0.8226,12.0,0.8228,890.0,0.8229,1060.0
1753520728632,09:05:28.632,ADA/USDT:USDT,0.8227,1.0,0.8226,12.0,0.8228,890.0,0.8229,1060.0
1753520728735,09:05:28.735,ADA/USDT:USDT,0.8227,1.0,0.8226,12.0,0.8228,890.0,0.8229,1426.0
1753520728803,09:05:28.803,ADA/USDT:USDT,0.8227,1.0,0.8226,12.0,0.8228,890.0,0.8229,1426.0
1753520728914,09:05:28.914,ADA/USDT:USDT,0.8227,1.0,0.8226,12.0,0.8228,890.0,0.8229,1426.0
1753520729048,09:05:29.048,ADA/USDT:USDT,0.8227,1.0,0.8226,12.0,0.8228,890.0,0.8229,1426.0
1753520729147,09:05:29.147,ADA/USDT:USDT,0.8227,1.0,0.8226,12.0,0.8228,856.0,0.8229,1426.0
1753520729247,09:05:29.247,ADA/USDT:USDT,0.8227,1.0,0.8226,12.0,0.8228,856.0,0.8229,1426.0
1753520729344,09:05:29.344,ADA/USDT:USDT,0.8227,1.0,0.8226,12.0,0.8228,873.0,0.8229,1426.0
1753520729443,09:05:29.443,ADA/USDT:USDT,0.8227,1.0,0.8226,12.0,0.8228,873.0,0.8229,1426.0
1753520729547,09:05:29.547,ADA/USDT:USDT,0.8227,1.0,0.8226,12.0,0.8228,873.0,0.8229,1426.0
1753520729610,09:05:29.610,ADA/USDT:USDT,0.8227,1.0,0.8226,12.0,0.8228,873.0,0.8229,1426.0
1753520729719,09:05:29.719,ADA/USDT:USDT,0.8227,1.0,0.8226,12.0,0.8228,890.0,0.8229,1426.0
1753520729817,09:05:29.817,ADA/USDT:USDT,0.8227,1.0,0.8226,12.0,0.8228,890.0,0.8229,1426.0
1753520729943,09:05:29.943,ADA/USDT:USDT,0.8225,1248.0,0.8224,788.0,0.8227,788.0,0.8228,1157.0
1753520730017,09:05:30.017,ADA/USDT:USDT,0.8225,1246.0,0.8224,790.0,0.8227,788.0,0.8228,1286.0
1753520730121,09:05:30.121,ADA/USDT:USDT,0.8225,367.0,0.8224,1066.0,0.8227,800.0,0.8228,1277.0
1753520730240,09:05:30.240,ADA/USDT:USDT,0.8225,367.0,0.8224,1066.0,0.8227,800.0,0.8228,1260.0
1753520730286,09:05:30.286,ADA/USDT:USDT,0.8225,384.0,0.8224,1066.0,0.8227,800.0,0.8228,1260.0
1753520730356,09:05:30.356,ADA/USDT:USDT,0.8225,384.0,0.8224,1066.0,0.8227,800.0,0.8228,1260.0
1753520730527,09:05:30.527,ADA/USDT:USDT,0.8225,384.0,0.8224,1066.0,0.8227,800.0,0.8228,1260.0
1753520730633,09:05:30.633,ADA/USDT:USDT,0.8225,367.0,0.8224,1066.0,0.8227,800.0,0.8228,1260.0
1753520730727,09:05:30.727,ADA/USDT:USDT,0.8225,367.0,0.8224,1066.0,0.8227,800.0,0.8228,1260.0
1753520730811,09:05:30.811,ADA/USDT:USDT,0.8225,367.0,0.8224,1066.0,0.8227,800.0,0.8228,1260.0
1753520730939,09:05:30.939,ADA/USDT:USDT,0.8225,384.0,0.8224,1066.0,0.8227,688.0,0.8228,1260.0
1753520731028,09:05:31.028,ADA/USDT:USDT,0.8225,384.0,0.8224,1066.0,0.8227,688.0,0.8228,1260.0
1753520731124,09:05:31.124,ADA/USDT:USDT,0.8225,367.0,0.8224,1066.0,0.8227,688.0,0.8228,1260.0
1753520731181,09:05:31.181,ADA/USDT:USDT,0.8225,367.0,0.8224,1066.0,0.8227,688.0,0.8228,1260.0
1753520731334,09:05:31.334,ADA/USDT:USDT,0.8225,367.0,0.8224,1066.0,0.8227,688.0,0.8228,1260.0
1753520731377,09:05:31.377,ADA/USDT:USDT,0.8225,367.0,0.8224,1066.0,0.8227,688.0,0.8228,1260.0
1753520731544,09:05:31.544,ADA/USDT:USDT,0.8225,367.0,0.8224,1066.0,0.8227,688.0,0.8228,1260.0
1753520731556,09:05:31.556,ADA/USDT:USDT,0.8225,367.0,0.8224,1066.0,0.8227,688.0,0.8228,1260.0
1753520731711,09:05:31.711,ADA/USDT:USDT,0.8225,367.0,0.8224,1066.0,0.8227,688.0,0.8228,1260.0
1753520731836,09:05:31.836,ADA/USDT:USDT,0.8225,367.0,0.8224,1066.0,0.8227,688.0,0.8228,1260.0
1753520731934,09:05:31.934,ADA/USDT:USDT,0.8225,367.0,0.8224,1066.0,0.8227,688.0,0.8228,1132.0
1753520732016,09:05:32.016,ADA/USDT:USDT,0.8225,367.0,0.8224,1066.0,0.8227,688.0,0.8228,1132.0
1753520732132,09:05:32.132,ADA/USDT:USDT,0.8225,367.0,0.8224,1081.0,0.8226,62.0,0.8227,690.0
1753520732248,09:05:32.248,ADA/USDT:USDT,0.8225,367.0,0.8224,1064.0,0.8226,62.0,0.8227,896.0
1753520732346,09:05:32.346,ADA/USDT:USDT,0.8225,367.0,0.8224,1064.0,0.8226,62.0,0.8227,896.0
1753520732442,09:05:32.442,ADA/USDT:USDT,0.8225,367.0,0.8224,1081.0,0.8226,62.0,0.8227,879.0
1753520732518,09:05:32.518,ADA/USDT:USDT,0.8225,613.0,0.8224,1081.0,0.8226,62.0,0.8227,896.0
1753520732630,09:05:32.630,ADA/USDT:USDT,0.8225,613.0,0.8224,1081.0,0.8226,62.0,0.8227,879.0
1753520732715,09:05:32.715,ADA/USDT:USDT,0.8225,613.0,0.8224,1081.0,0.8226,62.0,0.8227,879.0
1753520732765,09:05:32.765,ADA/USDT:USDT,0.8225,613.0,0.8224,1081.0,0.8226,62.0,0.8227,879.0
1753520732879,09:05:32.879,ADA/USDT:USDT,0.8225,613.0,0.8224,1081.0,0.8226,62.0,0.8227,879.0
1753520733048,09:05:33.048,ADA/USDT:USDT,0.8225,613.0,0.8224,1064.0,0.8226,62.0,0.8227,896.0
1753520733141,09:05:33.141,ADA/USDT:USDT,0.8225,613.0,0.8224,1064.0,0.8226,131.0,0.8227,896.0
1753520733233,09:05:33.233,ADA/USDT:USDT,0.8225,613.0,0.8224,1064.0,0.8226,131.0,0.8227,707.0
1753520733344,09:05:33.344,ADA/USDT:USDT,0.8225,458.0,0.8224,1081.0,0.8226,131.0,0.8227,896.0
1753520733369,09:05:33.369,ADA/USDT:USDT,0.8225,458.0,0.8224,1081.0,0.8226,131.0,0.8227,896.0
1753520733545,09:05:33.545,ADA/USDT:USDT,0.8225,458.0,0.8224,1081.0,0.8226,131.0,0.8227,879.0
1753520733613,09:05:33.613,ADA/USDT:USDT,0.8225,458.0,0.8224,1064.0,0.8226,131.0,0.8227,879.0
1753520733714,09:05:33.714,ADA/USDT:USDT,0.8225,458.0,0.8224,1064.0,0.8226,131.0,0.8227,879.0
1753520733799,09:05:33.799,ADA/USDT:USDT,0.8225,458.0,0.8224,1064.0,0.8226,131.0,0.8227,879.0
1753520733913,09:05:33.913,ADA/USDT:USDT,0.8225,458.0,0.8224,1064.0,0.8226,131.0,0.8227,879.0
1753520734132,09:05:34.132,ADA/USDT:USDT,0.8225,308.0,0.8224,1064.0,0.8226,131.0,0.8227,896.0
1753520734242,09:05:34.242,ADA/USDT:USDT,0.8225,308.0,0.8224,1064.0,0.8226,131.0,0.8227,896.0
1753520734313,09:05:34.313,ADA/USDT:USDT,0.8225,308.0,0.8224,1064.0,0.8226,131.0,0.8227,690.0
1753520734409,09:05:34.409,ADA/USDT:USDT,0.8225,308.0,0.8224,1064.0,0.8226,131.0,0.8227,757.0
1753520734539,09:05:34.539,ADA/USDT:USDT,0.8225,308.0,0.8224,1064.0,0.8226,131.0,0.8227,757.0
1753520734649,09:05:34.649,ADA/USDT:USDT,0.8225,308.0,0.8224,1064.0,0.8226,131.0,0.8227,757.0
1753520734734,09:05:34.734,ADA/USDT:USDT,0.8225,308.0,0.8224,1064.0,0.8226,131.0,0.8227,757.0
1753520734834,09:05:34.834,ADA/USDT:USDT,0.8225,463.0,0.8224,1064.0,0.8226,131.0,0.8227,757.0
1753520734929,09:05:34.929,ADA/USDT:USDT,0.8225,463.0,0.8224,1064.0,0.8226,131.0,0.8227,757.0
1753520735048,09:05:35.048,ADA/USDT:USDT,0.8225,463.0,0.8224,1064.0,0.8226,131.0,0.8227,757.0
1753520735149,09:05:35.149,ADA/USDT:USDT,0.8225,463.0,0.8224,1064.0,0.8226,131.0,0.8227,757.0
1753520735233,09:05:35.233,ADA/USDT:USDT,0.8225,613.0,0.8224,1064.0,0.8226,62.0,0.8227,757.0
1753520735298,09:05:35.298,ADA/USDT:USDT,0.8225,613.0,0.8224,1064.0,0.8226,62.0,0.8227,757.0
1753520735446,09:05:35.446,ADA/USDT:USDT,0.8225,613.0,0.8224,1064.0,0.8226,62.0,0.8227,757.0
1753520735528,09:05:35.528,ADA/USDT:USDT,0.8225,613.0,0.8224,1064.0,0.8226,62.0,0.8227,757.0
1753520735645,09:05:35.645,ADA/USDT:USDT,0.8225,613.0,0.8224,1064.0,0.8226,62.0,0.8227,757.0
1753520735741,09:05:35.741,ADA/USDT:USDT,0.8225,613.0,0.8224,1064.0,0.8226,62.0,0.8227,602.0
1753520735848,09:05:35.848,ADA/USDT:USDT,0.8225,613.0,0.8224,1066.0,0.8227,600.0,0.8228,1129.0
1753520735906,09:05:35.906,ADA/USDT:USDT,0.8225,613.0,0.8224,1281.0,0.8227,789.0,0.8228,1813.0
1753520736036,09:05:36.036,ADA/USDT:USDT,0.8225,630.0,0.8224,1281.0,0.8227,639.0,0.8228,1813.0
1753520736147,09:05:36.147,ADA/USDT:USDT,0.8226,62.0,0.8225,647.0,0.8227,639.0,0.8228,1813.0
1753520736235,09:05:36.235,ADA/USDT:USDT,0.8226,479.0,0.8225,833.0,0.8227,74.0,0.8228,1733.0
1753520736340,09:05:36.340,ADA/USDT:USDT,0.8226,479.0,0.8225,833.0,0.8227,74.0,0.8228,1166.0
1753520736444,09:05:36.444,ADA/USDT:USDT,0.8226,845.0,0.8225,833.0,0.8227,74.0,0.8228,1166.0
1753520736549,09:05:36.549,ADA/USDT:USDT,0.8227,384.0,0.8226,1469.0,0.8228,684.0,0.8229,1412.0
1753520736633,09:05:36.633,ADA/USDT:USDT,0.8227,401.0,0.8226,1689.0,0.8229,586.0,0.823,921.0
1753520736744,09:05:36.744,ADA/USDT:USDT,0.8226,496.0,0.8225,644.0,0.8227,62.0,0.8228,784.0
1753520736827,09:05:36.827,ADA/USDT:USDT,0.8226,513.0,0.8225,1576.0,0.8228,784.0,0.8229,1022.0
1753520736938,09:05:36.938,ADA/USDT:USDT,0.8227,266.0,0.8226,881.0,0.8228,198.0,0.8229,690.0
1753520737047,09:05:37.047,ADA/USDT:USDT,0.8227,154.0,0.8226,1353.0,0.8228,198.0,0.8229,690.0
1753520737147,09:05:37.147,ADA/USDT:USDT,0.8227,309.0,0.8226,1353.0,0.8229,64.0,0.823,1359.0
1753520737249,09:05:37.249,ADA/USDT:USDT,0.8228,154.0,0.8227,658.0,0.8229,132.0,0.823,1980.0
1753520737349,09:05:37.349,ADA/USDT:USDT,0.8228,62.0,0.8227,641.0,0.8229,287.0,0.823,2014.0
1753520737415,09:05:37.415,ADA/USDT:USDT,0.8228,62.0,0.8227,641.0,0.8229,287.0,0.823,2014.0
1753520737540,09:05:37.540,ADA/USDT:USDT,0.8228,62.0,0.8227,424.0,0.8229,287.0,0.823,2014.0
1753520737638,09:05:37.638,ADA/USDT:USDT,0.8228,62.0,0.8227,424.0,0.8229,287.0,0.823,2014.0
1753520737734,09:05:37.734,ADA/USDT:USDT,0.8227,458.0,0.8226,1407.0,0.8229,287.0,0.823,1997.0
1753520737798,09:05:37.798,ADA/USDT:USDT,0.8227,441.0,0.8226,1603.0,0.8229,287.0,0.823,1997.0
1753520738033,09:05:38.033,ADA/USDT:USDT,0.8227,441.0,0.8226,1603.0,0.8229,287.0,0.823,1997.0
1753520738147,09:05:38.147,ADA/USDT:USDT,0.8227,458.0,0.8226,1603.0,0.8229,132.0,0.823,1980.0
1753520738235,09:05:38.235,ADA/USDT:USDT,0.8228,367.0,0.8227,761.0,0.8229,62.0,0.823,1162.0
1753520738331,09:05:38.331,ADA/USDT:USDT,0.8228,367.0,0.8227,968.0,0.8229,62.0,0.823,1403.0
1753520738445,09:05:38.445,ADA/USDT:USDT,0.8228,367.0,0.8227,968.0,0.8229,62.0,0.823,1403.0
1753520738538,09:05:38.538,ADA/USDT:USDT,0.8228,367.0,0.8227,968.0,0.8229,62.0,0.823,1420.0
1753520738649,09:05:38.649,ADA/USDT:USDT,0.8228,62.0,0.8227,934.0,0.8229,234.0,0.823,1506.0
1753520738739,09:05:38.739,ADA/USDT:USDT,0.8228,62.0,0.8227,1170.0,0.8229,217.0,0.823,1506.0
1753520738774,09:05:38.774,ADA/USDT:USDT,0.8228,62.0,0.8227,1170.0,0.8229,234.0,0.823,1506.0
1753520738933,09:05:38.933,ADA/USDT:USDT,0.8227,62.0,0.8226,2092.0,0.8228,62.0,0.8229,709.0
1753520739029,09:05:39.029,ADA/USDT:USDT,0.8227,62.0,0.8226,1409.0,0.8228,62.0,0.8229,709.0
1753520739117,09:05:39.117,ADA/USDT:USDT,0.8227,154.0,0.8226,1426.0,0.8228,62.0,0.8229,692.0
1753520739219,09:05:39.219,ADA/USDT:USDT,0.8227,309.0,0.8226,1443.0,0.8228,62.0,0.8229,692.0
1753520739333,09:05:39.333,ADA/USDT:USDT,0.8227,309.0,0.8226,1426.0,0.8228,62.0,0.8229,692.0
1753520739440,09:05:39.440,ADA/USDT:USDT,0.8227,62.0,0.8226,1426.0,0.8228,62.0,0.8229,692.0
1753520739473,09:05:39.473,ADA/USDT:USDT,0.8227,62.0,0.8226,1426.0,0.8228,62.0,0.8229,692.0
1753520739591,09:05:39.591,ADA/USDT:USDT,0.8227,154.0,0.8226,1426.0,0.8228,62.0,0.8229,692.0
1753520739841,09:05:39.841,ADA/USDT:USDT,0.8227,309.0,0.8226,1426.0,0.8229,726.0,0.823,1470.0
1753520739873,09:05:39.873,ADA/USDT:USDT,0.8227,309.0,0.8226,1426.0,0.8229,889.0,0.823,2154.0
1753520740012,09:05:40.012,ADA/USDT:USDT,0.8227,309.0,0.8226,1426.0,0.8229,889.0,0.823,2154.0
1753520740150,09:05:40.150,ADA/USDT:USDT,0.8227,309.0,0.8226,1435.0,0.8229,889.0,0.823,2154.0
1753520740212,09:05:40.212,ADA/USDT:USDT,0.8227,459.0,0.8226,1426.0,0.8229,889.0,0.823,2154.0
1753520740330,09:05:40.330,ADA/USDT:USDT,0.8227,459.0,0.8226,1426.0,0.8229,855.0,0.823,2154.0
1753520740523,09:05:40.523,ADA/USDT:USDT,0.8227,459.0,0.8226,1426.0,0.8229,872.0,0.823,2154.0
1753520740643,09:05:40.643,ADA/USDT:USDT,0.8227,459.0,0.8226,1443.0,0.8228,62.0,0.8229,855.0
1753520740693,09:05:40.693,ADA/USDT:USDT,0.8227,459.0,0.8226,1443.0,0.8228,62.0,0.8229,855.0
1753520740944,09:05:40.944,ADA/USDT:USDT,0.8227,459.0,0.8226,1443.0,0.8228,62.0,0.8229,855.0
1753520740952,09:05:40.952,ADA/USDT:USDT,0.8227,459.0,0.8226,1443.0,0.8228,62.0,0.8229,692.0
1753520741103,09:05:41.103,ADA/USDT:USDT,0.8227,459.0,0.8226,1443.0,0.8228,62.0,0.8229,692.0
1753520741206,09:05:41.206,ADA/USDT:USDT,0.8227,459.0,0.8226,1426.0,0.8228,62.0,0.8229,692.0
1753520741273,09:05:41.273,ADA/USDT:USDT,0.8227,459.0,0.8226,1443.0,0.8228,62.0,0.8229,692.0
1753520741547,09:05:41.547,ADA/USDT:USDT,0.8227,459.0,0.8226,1682.0,0.8228,62.0,0.8229,692.0
1753520741658,09:05:41.658,ADA/USDT:USDT,0.8227,459.0,0.8226,1682.0,0.8228,62.0,0.8229,692.0
1753520741945,09:05:41.945,ADA/USDT:USDT,0.8228,92.0,0.8227,461.0,0.8229,437.0,0.823,1506.0
1753520741954,09:05:41.954,ADA/USDT:USDT,0.8228,92.0,0.8227,461.0,0.8229,437.0,0.823,1506.0
1753520742198,09:05:42.198,ADA/USDT:USDT,0.8227,461.0,0.8226,1663.0,0.8229,690.0,0.823,1506.0
1753520742326,09:05:42.326,ADA/USDT:USDT,0.8227,461.0,0.8226,1663.0,0.8229,690.0,0.823,1506.0
1753520742740,09:05:42.740,ADA/USDT:USDT,0.8227,461.0,0.8226,1663.0,0.8229,690.0,0.823,1489.0
1753520742867,09:05:42.867,ADA/USDT:USDT,0.8227,461.0,0.8226,1663.0,0.8229,690.0,0.823,1489.0
1753520743022,09:05:43.022,ADA/USDT:USDT,0.8227,461.0,0.8226,1646.0,0.8229,724.0,0.823,1472.0
1753520743113,09:05:43.113,ADA/USDT:USDT,0.8227,461.0,0.8226,1646.0,0.8229,724.0,0.823,1472.0
1753520743168,09:05:43.168,ADA/USDT:USDT,0.8227,461.0,0.8226,1646.0,0.8229,724.0,0.823,1472.0
1753520743449,09:05:43.449,ADA/USDT:USDT,0.8227,461.0,0.8226,1646.0,0.8228,62.0,0.8229,707.0
1753520743544,09:05:43.544,ADA/USDT:USDT,0.8227,459.0,0.8226,1682.0,0.8228,62.0,0.8229,855.0
1753520743574,09:05:43.574,ADA/USDT:USDT,0.8227,459.0,0.8226,1665.0,0.8228,62.0,0.8229,872.0
1753520743799,09:05:43.799,ADA/USDT:USDT,0.8227,459.0,0.8226,1682.0,0.8228,62.0,0.8229,855.0
1753520744027,09:05:44.027,ADA/USDT:USDT,0.8227,459.0,0.8226,1682.0,0.8228,62.0,0.8229,855.0
1753520744174,09:05:44.174,ADA/USDT:USDT,0.8227,459.0,0.8226,1682.0,0.8228,62.0,0.8229,855.0
1753520744400,09:05:44.400,ADA/USDT:USDT,0.8227,459.0,0.8226,1665.0,0.8228,62.0,0.8229,872.0
1753520744533,09:05:44.533,ADA/USDT:USDT,0.8227,459.0,0.8226,1682.0,0.8228,62.0,0.8229,692.0
1753520744608,09:05:44.608,ADA/USDT:USDT,0.8227,459.0,0.8226,1648.0,0.8228,62.0,0.8229,709.0
1753520744668,09:05:44.668,ADA/USDT:USDT,0.8227,459.0,0.8226,1665.0,0.8228,62.0,0.8229,709.0
1753520744851,09:05:44.851,ADA/USDT:USDT,0.8227,459.0,0.8226,1665.0,0.8228,62.0,0.8229,692.0
1753520745011,09:05:45.011,ADA/USDT:USDT,0.8227,459.0,0.8226,1648.0,0.8228,62.0,0.8229,709.0
1753520745147,09:05:45.147,ADA/USDT:USDT,0.8227,459.0,0.8226,1682.0,0.8228,62.0,0.8229,692.0
1753520745409,09:05:45.409,ADA/USDT:USDT,0.8227,459.0,0.8226,1665.0,0.8228,62.0,0.8229,709.0
1753520745737,09:05:45.737,ADA/USDT:USDT,0.8227,459.0,0.8226,1682.0,0.8228,62.0,0.8229,709.0
1753520745836,09:05:45.836,ADA/USDT:USDT,0.8227,459.0,0.8226,1682.0,0.8228,62.0,0.8229,709.0
1753520745917,09:05:45.917,ADA/USDT:USDT,0.8227,459.0,0.8226,1665.0,0.8228,62.0,0.8229,709.0
1753520746149,09:05:46.149,ADA/USDT:USDT,0.8227,459.0,0.8226,1665.0,0.8228,62.0,0.8229,709.0
1753520746185,09:05:46.185,ADA/USDT:USDT,0.8227,367.0,0.8226,1648.0,0.8228,62.0,0.8229,709.0
1753520746349,09:05:46.349,ADA/USDT:USDT,0.8227,62.0,0.8226,1648.0,0.8228,62.0,0.8229,726.0
1753520746434,09:05:46.434,ADA/USDT:USDT,0.8227,62.0,0.8226,1648.0,0.8228,62.0,0.8229,795.0
1753520746526,09:05:46.526,ADA/USDT:USDT,0.8227,62.0,0.8226,1648.0,0.8228,62.0,0.8229,795.0
1753520746569,09:05:46.569,ADA/USDT:USDT,0.8227,62.0,0.8226,1648.0,0.8228,62.0,0.8229,795.0
1753520746831,09:05:46.831,ADA/USDT:USDT,0.8227,62.0,0.8226,1648.0,0.8228,62.0,0.8229,795.0
1753520746949,09:05:46.949,ADA/USDT:USDT,0.8224,277.0,0.8223,478.0,0.8227,62.0,0.8228,288.0
1753520747046,09:05:47.046,ADA/USDT:USDT,0.8224,366.0,0.8223,327.0,0.8225,91.0,0.8226,136.0
1753520747147,09:05:47.147,ADA/USDT:USDT,0.8222,448.0,0.822,429.0,0.8225,404.0,0.8226,2266.0
1753520747248,09:05:47.248,ADA/USDT:USDT,0.8222,357.0,0.8221,150.0,0.8223,62.0,0.8224,580.0
1753520747345,09:05:47.345,ADA/USDT:USDT,0.8222,345.0,0.8221,425.0,0.8223,154.0,0.8224,619.0
1753520747447,09:05:47.447,ADA/USDT:USDT,0.8222,155.0,0.8221,155.0,0.8223,233.0,0.8224,732.0
1753520747548,09:05:47.548,ADA/USDT:USDT,0.8222,217.0,0.8221,155.0,0.8223,380.0,0.8224,781.0
1753520747643,09:05:47.643,ADA/USDT:USDT,0.8222,217.0,0.8221,876.0,0.8223,423.0,0.8224,519.0
1753520747736,09:05:47.736,ADA/USDT:USDT,0.8222,217.0,0.8221,876.0,0.8223,122.0,0.8224,450.0
1753520747849,09:05:47.849,ADA/USDT:USDT,0.8222,217.0,0.8221,888.0,0.8223,122.0,0.8224,453.0
1753520747947,09:05:47.947,ADA/USDT:USDT,0.8222,217.0,0.8221,888.0,0.8223,327.0,0.8224,470.0
1753520748031,09:05:48.031,ADA/USDT:USDT,0.8222,217.0,0.8221,888.0,0.8223,214.0,0.8224,566.0
1753520748092,09:05:48.092,ADA/USDT:USDT,0.8222,583.0,0.8221,888.0,0.8223,122.0,0.8224,696.0
