timestamp,time,symbol,bid1_price,bid1_volume,bid2_price,bid2_volume,ask1_price,ask1_volume,ask2_price,ask2_volume
1753531610000,12:06:50.000,BCH/USDT:USDT,557.42,79.0,557.41,111.0,557.43,112.0,557.44,159.0
1753531610784,12:06:50.784,BCH/USDT:USDT,557.42,79.0,557.41,111.0,557.43,112.0,557.44,159.0
1753531610826,12:06:50.826,BCH/USDT:USDT,557.42,79.0,557.41,111.0,557.43,112.0,557.44,159.0
1753531611322,12:06:51.322,BCH/USDT:USDT,557.41,128.0,557.37,156.0,557.42,170.0,557.43,112.0
1753531611406,12:06:51.406,BCH/USDT:USDT,557.34,17.0,557.33,406.0,557.35,27.0,557.36,63.0
1753531611513,12:06:51.513,BCH/USDT:USDT,557.34,17.0,557.33,406.0,557.35,27.0,557.36,63.0
1753531611566,12:06:51.566,BCH/USDT:USDT,557.34,71.0,557.33,406.0,557.35,44.0,557.36,116.0
1753531611842,12:06:51.842,BCH/USDT:USDT,557.35,142.0,557.34,71.0,557.36,100.0,557.37,216.0
1753531612016,12:06:52.016,BCH/USDT:USDT,557.37,17.0,557.36,117.0,557.38,143.0,557.39,116.0
1753531612105,12:06:52.105,BCH/USDT:USDT,557.37,17.0,557.36,117.0,557.38,143.0,557.39,116.0
1753531612210,12:06:52.210,BCH/USDT:USDT,557.37,58.0,557.36,117.0,557.38,116.0,557.39,116.0
1753531612306,12:06:52.306,BCH/USDT:USDT,557.37,134.0,557.33,83.0,557.38,116.0,557.39,116.0
1753531612608,12:06:52.608,BCH/USDT:USDT,557.37,134.0,557.33,83.0,557.38,116.0,557.39,116.0
1753531612685,12:06:52.685,BCH/USDT:USDT,557.34,88.0,557.33,83.0,557.35,27.0,557.38,116.0
1753531612752,12:06:52.752,BCH/USDT:USDT,557.34,88.0,557.33,83.0,557.35,27.0,557.38,116.0
1753531613174,12:06:53.174,BCH/USDT:USDT,557.36,134.0,557.35,64.0,557.37,46.0,557.38,116.0
1753531613614,12:06:53.614,BCH/USDT:USDT,557.36,17.0,557.35,64.0,557.37,105.0,557.38,216.0
1753531613626,12:06:53.626,BCH/USDT:USDT,557.36,17.0,557.35,64.0,557.37,105.0,557.38,216.0
1753531613911,12:06:53.911,BCH/USDT:USDT,557.36,17.0,557.35,64.0,557.37,105.0,557.38,216.0
1753531613942,12:06:53.942,BCH/USDT:USDT,557.36,17.0,557.35,64.0,557.37,105.0,557.38,216.0
1753531614329,12:06:54.329,BCH/USDT:USDT,557.36,17.0,557.35,64.0,557.37,105.0,557.38,216.0
1753531614665,12:06:54.665,BCH/USDT:USDT,557.36,17.0,557.35,64.0,557.37,105.0,557.38,216.0
1753531614743,12:06:54.743,BCH/USDT:USDT,557.36,17.0,557.35,64.0,557.37,105.0,557.38,216.0
1753531615620,12:06:55.620,BCH/USDT:USDT,557.36,17.0,557.35,64.0,557.37,105.0,557.38,216.0
1753531615717,12:06:55.717,BCH/USDT:USDT,557.32,70.0,557.31,117.0,557.34,49.0,557.35,181.0
1753531615796,12:06:55.796,BCH/USDT:USDT,557.32,70.0,557.31,117.0,557.34,49.0,557.35,181.0
1753531616364,12:06:56.364,BCH/USDT:USDT,557.36,48.0,557.35,268.0,557.37,78.0,557.38,116.0
1753531616453,12:06:56.453,BCH/USDT:USDT,557.36,48.0,557.35,212.0,557.37,78.0,557.38,116.0
1753531616588,12:06:56.588,BCH/USDT:USDT,557.36,48.0,557.35,212.0,557.37,78.0,557.38,116.0
1753531617181,12:06:57.181,BCH/USDT:USDT,557.36,48.0,557.35,212.0,557.37,78.0,557.38,116.0
1753531617307,12:06:57.307,BCH/USDT:USDT,557.36,17.0,557.35,212.0,557.37,78.0,557.38,116.0
1753531617382,12:06:57.382,BCH/USDT:USDT,557.36,17.0,557.35,212.0,557.37,78.0,557.38,116.0
1753531617485,12:06:57.485,BCH/USDT:USDT,557.36,17.0,557.35,65.0,557.37,92.0,557.38,216.0
1753531617611,12:06:57.611,BCH/USDT:USDT,557.35,17.0,557.34,100.0,557.36,16.0,557.37,92.0
1753531617708,12:06:57.708,BCH/USDT:USDT,557.34,17.0,557.31,66.0,557.35,142.0,557.36,115.0
1753531618371,12:06:58.371,BCH/USDT:USDT,557.32,48.0,557.28,208.0,557.33,114.0,557.34,215.0
1753531618426,12:06:58.426,BCH/USDT:USDT,557.32,48.0,557.28,208.0,557.33,114.0,557.34,215.0
1753531618744,12:06:58.744,BCH/USDT:USDT,557.32,48.0,557.28,208.0,557.33,114.0,557.34,215.0
1753531619008,12:06:59.008,BCH/USDT:USDT,557.32,48.0,557.28,208.0,557.33,114.0,557.34,215.0
1753531619529,12:06:59.529,BCH/USDT:USDT,557.32,48.0,557.28,208.0,557.33,114.0,557.34,215.0
1753531621583,12:07:01.583,BCH/USDT:USDT,557.22,48.0,557.21,121.0,557.23,83.0,557.25,87.0
1753531621712,12:07:01.712,BCH/USDT:USDT,557.23,72.0,557.22,237.0,557.25,87.0,557.26,114.0
1753531621781,12:07:01.781,BCH/USDT:USDT,557.24,17.0,557.23,121.0,557.25,87.0,557.26,114.0
1753531622005,12:07:02.005,BCH/USDT:USDT,557.21,17.0,557.2,4.0,557.22,140.0,557.24,113.0
1753531622119,12:07:02.119,BCH/USDT:USDT,557.21,17.0,557.2,4.0,557.22,140.0,557.24,113.0
1753531622223,12:07:02.223,BCH/USDT:USDT,557.21,17.0,557.2,4.0,557.22,140.0,557.24,113.0
1753531622266,12:07:02.266,BCH/USDT:USDT,557.21,17.0,557.2,4.0,557.22,140.0,557.24,113.0
1753531622396,12:07:02.396,BCH/USDT:USDT,557.21,17.0,557.2,4.0,557.22,140.0,557.24,113.0
1753531622653,12:07:02.653,BCH/USDT:USDT,557.21,17.0,557.2,4.0,557.22,140.0,557.24,113.0
1753531623274,12:07:03.274,BCH/USDT:USDT,557.21,17.0,557.2,4.0,557.22,140.0,557.24,113.0
1753531623418,12:07:03.418,BCH/USDT:USDT,557.21,17.0,557.2,4.0,557.22,140.0,557.24,113.0
1753531623653,12:07:03.653,BCH/USDT:USDT,557.21,17.0,557.2,4.0,557.22,140.0,557.24,113.0
1753531624237,12:07:04.237,BCH/USDT:USDT,557.21,17.0,557.2,4.0,557.22,140.0,557.24,113.0
1753531624348,12:07:04.348,BCH/USDT:USDT,557.21,17.0,557.2,4.0,557.22,140.0,557.24,113.0
1753531624426,12:07:04.426,BCH/USDT:USDT,557.21,17.0,557.2,4.0,557.22,140.0,557.24,113.0
1753531624610,12:07:04.610,BCH/USDT:USDT,557.21,78.0,557.2,4.0,557.22,140.0,557.24,113.0
1753531624722,12:07:04.722,BCH/USDT:USDT,557.34,128.0,557.33,49.0,557.41,27.0,557.43,58.0
1753531624823,12:07:04.823,BCH/USDT:USDT,557.51,23.0,557.5,29.0,557.56,27.0,557.57,83.0
1753531624923,12:07:04.923,BCH/USDT:USDT,557.5,230.0,557.49,119.0,557.55,55.0,557.56,63.0
1753531625417,12:07:05.417,BCH/USDT:USDT,557.54,57.0,557.53,213.0,557.55,27.0,557.56,55.0
1753531625481,12:07:05.481,BCH/USDT:USDT,557.54,57.0,557.53,213.0,557.55,27.0,557.56,55.0
1753531626103,12:07:06.103,BCH/USDT:USDT,557.58,57.0,557.57,236.0,557.59,55.0,557.6,55.0
1753531626209,12:07:06.209,BCH/USDT:USDT,557.58,57.0,557.57,236.0,557.59,55.0,557.6,55.0
1753531626317,12:07:06.317,BCH/USDT:USDT,557.58,57.0,557.57,236.0,557.59,55.0,557.6,55.0
1753531626391,12:07:06.391,BCH/USDT:USDT,557.58,57.0,557.57,236.0,557.59,55.0,557.6,55.0
1753531626484,12:07:06.484,BCH/USDT:USDT,557.58,57.0,557.57,236.0,557.59,55.0,557.6,55.0
1753531626718,12:07:06.718,BCH/USDT:USDT,557.58,57.0,557.57,236.0,557.59,55.0,557.6,55.0
1753531627007,12:07:07.007,BCH/USDT:USDT,557.59,112.0,557.58,233.0,557.61,73.0,557.62,112.0
1753531627207,12:07:07.207,BCH/USDT:USDT,557.65,160.0,557.64,715.0,557.66,2.0,557.75,17.0
1753531627275,12:07:07.275,BCH/USDT:USDT,557.65,160.0,557.64,715.0,557.66,2.0,557.75,17.0
1753531627370,12:07:07.370,BCH/USDT:USDT,557.65,160.0,557.64,715.0,557.66,2.0,557.75,17.0
1753531627521,12:07:07.521,BCH/USDT:USDT,557.65,112.0,557.64,715.0,557.66,2.0,557.75,17.0
1753531627619,12:07:07.619,BCH/USDT:USDT,557.62,93.0,557.61,325.0,557.64,103.0,557.65,112.0
1753531627715,12:07:07.715,BCH/USDT:USDT,557.62,57.0,557.61,282.0,557.63,55.0,557.64,103.0
1753531627794,12:07:07.794,BCH/USDT:USDT,557.62,57.0,557.61,282.0,557.63,55.0,557.64,103.0
1753531627905,12:07:07.905,BCH/USDT:USDT,557.61,57.0,557.6,183.0,557.62,82.0,557.63,112.0
1753531628006,12:07:08.006,BCH/USDT:USDT,557.61,57.0,557.6,183.0,557.62,82.0,557.63,112.0
1753531628025,12:07:08.025,BCH/USDT:USDT,557.61,57.0,557.6,134.0,557.62,82.0,557.63,112.0
1753531628200,12:07:08.200,BCH/USDT:USDT,557.61,57.0,557.6,134.0,557.62,55.0,557.63,112.0
1753531628290,12:07:08.290,BCH/USDT:USDT,557.62,79.0,557.61,234.0,557.63,55.0,557.64,103.0
1753531628413,12:07:08.413,BCH/USDT:USDT,557.62,79.0,557.61,109.0,557.63,55.0,557.64,103.0
1753531628486,12:07:08.486,BCH/USDT:USDT,557.62,79.0,557.61,109.0,557.63,55.0,557.64,103.0
1753531628666,12:07:08.666,BCH/USDT:USDT,557.62,68.0,557.61,109.0,557.63,55.0,557.64,103.0
1753531628803,12:07:08.803,BCH/USDT:USDT,557.62,68.0,557.61,109.0,557.63,55.0,557.64,103.0
1753531629148,12:07:09.148,BCH/USDT:USDT,557.62,68.0,557.61,109.0,557.63,55.0,557.64,103.0
1753531629475,12:07:09.475,BCH/USDT:USDT,557.62,57.0,557.61,57.0,557.63,55.0,557.64,103.0
1753531629652,12:07:09.652,BCH/USDT:USDT,557.62,57.0,557.61,159.0,557.63,55.0,557.64,103.0
1753531629982,12:07:09.982,BCH/USDT:USDT,557.62,57.0,557.61,159.0,557.63,55.0,557.64,103.0
1753531630108,12:07:10.108,BCH/USDT:USDT,557.63,57.0,557.62,301.0,557.64,55.0,557.65,112.0
1753531630169,12:07:10.169,BCH/USDT:USDT,557.63,57.0,557.62,301.0,557.64,55.0,557.65,112.0
1753531630261,12:07:10.261,BCH/USDT:USDT,557.62,301.0,557.61,159.0,557.64,55.0,557.65,214.0
1753531630369,12:07:10.369,BCH/USDT:USDT,557.61,159.0,557.6,183.0,557.63,62.0,557.64,112.0
1753531630791,12:07:10.791,BCH/USDT:USDT,557.61,159.0,557.6,183.0,557.63,62.0,557.64,112.0
1753531630829,12:07:10.829,BCH/USDT:USDT,557.61,159.0,557.6,183.0,557.63,62.0,557.64,112.0
1753531630986,12:07:10.986,BCH/USDT:USDT,557.62,57.0,557.61,285.0,557.63,62.0,557.64,214.0
1753531631044,12:07:11.044,BCH/USDT:USDT,557.62,57.0,557.61,159.0,557.63,62.0,557.64,112.0
1753531631248,12:07:11.248,BCH/USDT:USDT,557.62,57.0,557.61,159.0,557.63,62.0,557.64,112.0
1753531631366,12:07:11.366,BCH/USDT:USDT,557.61,57.0,557.6,183.0,557.63,106.0,557.64,282.0
1753531631450,12:07:11.450,BCH/USDT:USDT,557.61,57.0,557.6,183.0,557.62,55.0,557.63,106.0
1753531631706,12:07:11.706,BCH/USDT:USDT,557.6,183.0,557.59,214.0,557.62,55.0,557.63,384.0
1753531631865,12:07:11.865,BCH/USDT:USDT,557.6,183.0,557.59,214.0,557.62,55.0,557.63,384.0
1753531631992,12:07:11.992,BCH/USDT:USDT,557.61,24.0,557.6,183.0,557.62,55.0,557.63,384.0
1753531632110,12:07:12.110,BCH/USDT:USDT,557.6,183.0,557.59,214.0,557.62,55.0,557.63,384.0
1753531632186,12:07:12.186,BCH/USDT:USDT,557.6,183.0,557.59,214.0,557.62,55.0,557.63,384.0
1753531632245,12:07:12.245,BCH/USDT:USDT,557.6,183.0,557.59,214.0,557.62,55.0,557.63,384.0
1753531632405,12:07:12.405,BCH/USDT:USDT,557.6,183.0,557.59,214.0,557.62,55.0,557.63,384.0
1753531632476,12:07:12.476,BCH/USDT:USDT,557.6,183.0,557.59,214.0,557.62,55.0,557.63,384.0
1753531632722,12:07:12.722,BCH/USDT:USDT,557.6,55.0,557.59,257.0,557.61,55.0,557.62,384.0
1753531632811,12:07:12.811,BCH/USDT:USDT,557.6,55.0,557.59,257.0,557.61,55.0,557.62,384.0
1753531632827,12:07:12.827,BCH/USDT:USDT,557.6,55.0,557.59,257.0,557.61,55.0,557.62,384.0
1753531632961,12:07:12.961,BCH/USDT:USDT,557.6,55.0,557.59,257.0,557.61,55.0,557.62,384.0
1753531633026,12:07:13.026,BCH/USDT:USDT,557.6,55.0,557.59,257.0,557.61,55.0,557.62,384.0
1753531633205,12:07:13.205,BCH/USDT:USDT,557.6,209.0,557.59,112.0,557.62,214.0,557.63,214.0
1753531633246,12:07:13.246,BCH/USDT:USDT,557.61,112.0,557.6,209.0,557.62,5.0,557.63,106.0
1753531633420,12:07:13.420,BCH/USDT:USDT,557.62,8.0,557.61,112.0,557.63,102.0,557.64,57.0
1753531633450,12:07:13.450,BCH/USDT:USDT,557.61,57.0,557.6,209.0,557.62,6.0,557.63,102.0
1753531633644,12:07:13.644,BCH/USDT:USDT,557.61,57.0,557.6,209.0,557.62,6.0,557.63,102.0
1753531633797,12:07:13.797,BCH/USDT:USDT,557.61,57.0,557.6,209.0,557.62,55.0,557.63,102.0
1753531633893,12:07:13.893,BCH/USDT:USDT,557.61,57.0,557.6,209.0,557.62,55.0,557.63,276.0
1753531633950,12:07:13.950,BCH/USDT:USDT,557.61,57.0,557.6,209.0,557.62,55.0,557.63,276.0
1753531634048,12:07:14.048,BCH/USDT:USDT,557.61,57.0,557.6,209.0,557.62,55.0,557.63,276.0
1753531634415,12:07:14.415,BCH/USDT:USDT,557.61,57.0,557.6,209.0,557.62,55.0,557.63,276.0
1753531634754,12:07:14.754,BCH/USDT:USDT,557.61,57.0,557.6,209.0,557.62,55.0,557.63,276.0
1753531634920,12:07:14.920,BCH/USDT:USDT,557.56,14.0,557.54,186.0,557.57,111.0,557.58,299.0
1753531635017,12:07:15.017,BCH/USDT:USDT,557.6,118.0,557.59,225.0,557.61,4.0,557.62,77.0
1753531635122,12:07:15.122,BCH/USDT:USDT,557.74,74.0,557.73,112.0,557.79,88.0,557.8,41.0
1753531635223,12:07:15.223,BCH/USDT:USDT,557.78,81.0,557.77,93.0,557.84,358.0,557.87,55.0
1753531635306,12:07:15.306,BCH/USDT:USDT,557.83,143.0,557.82,325.0,557.84,358.0,557.92,55.0
1753531635415,12:07:15.415,BCH/USDT:USDT,557.83,150.0,557.82,325.0,557.84,358.0,557.92,55.0
1753531635519,12:07:15.519,BCH/USDT:USDT,557.83,143.0,557.82,325.0,557.84,358.0,557.92,55.0
1753531635624,12:07:15.624,BCH/USDT:USDT,557.83,143.0,557.82,325.0,557.84,358.0,557.92,55.0
1753531635722,12:07:15.722,BCH/USDT:USDT,557.83,112.0,557.82,325.0,557.84,358.0,557.87,55.0
1753531635726,12:07:15.726,BCH/USDT:USDT,557.83,112.0,557.82,325.0,557.84,358.0,557.87,55.0
1753531635911,12:07:15.911,BCH/USDT:USDT,557.83,57.0,557.82,294.0,557.84,358.0,557.87,55.0
1753531636009,12:07:16.009,BCH/USDT:USDT,557.83,57.0,557.82,294.0,557.84,375.0,557.87,55.0
1753531636216,12:07:16.216,BCH/USDT:USDT,557.83,109.0,557.82,294.0,557.84,358.0,557.93,173.0
1753531636287,12:07:16.287,BCH/USDT:USDT,557.83,109.0,557.82,294.0,557.84,358.0,557.93,173.0
1753531636326,12:07:16.326,BCH/USDT:USDT,557.83,109.0,557.82,294.0,557.84,358.0,557.93,173.0
1753531636505,12:07:16.505,BCH/USDT:USDT,557.83,109.0,557.82,294.0,557.84,358.0,557.93,173.0
1753531636559,12:07:16.559,BCH/USDT:USDT,557.83,109.0,557.82,294.0,557.84,358.0,557.93,173.0
1753531636646,12:07:16.646,BCH/USDT:USDT,557.83,109.0,557.82,294.0,557.84,358.0,557.93,173.0
1753531636800,12:07:16.800,BCH/USDT:USDT,557.83,109.0,557.82,294.0,557.84,358.0,557.93,173.0
1753531636914,12:07:16.914,BCH/USDT:USDT,557.83,109.0,557.82,294.0,557.84,358.0,557.93,55.0
1753531637005,12:07:17.005,BCH/USDT:USDT,557.83,109.0,557.82,294.0,557.84,358.0,557.93,55.0
1753531637266,12:07:17.266,BCH/USDT:USDT,557.83,109.0,557.82,294.0,557.84,358.0,557.93,55.0
1753531637375,12:07:17.375,BCH/USDT:USDT,557.83,109.0,557.82,294.0,557.84,358.0,557.93,55.0
1753531637450,12:07:17.450,BCH/USDT:USDT,557.83,109.0,557.82,294.0,557.84,358.0,557.86,55.0
1753531637547,12:07:17.547,BCH/USDT:USDT,557.83,109.0,557.82,294.0,557.84,358.0,557.86,55.0
1753531637626,12:07:17.626,BCH/USDT:USDT,557.83,109.0,557.82,294.0,557.84,358.0,557.86,55.0
1753531638121,12:07:18.121,BCH/USDT:USDT,557.83,57.0,557.82,294.0,557.84,358.0,557.86,55.0
1753531638192,12:07:18.192,BCH/USDT:USDT,557.83,57.0,557.82,294.0,557.84,358.0,557.86,55.0
1753531638653,12:07:18.653,BCH/USDT:USDT,557.83,57.0,557.82,294.0,557.84,358.0,557.86,55.0
1753531639119,12:07:19.119,BCH/USDT:USDT,557.83,57.0,557.82,294.0,557.84,358.0,557.86,55.0
1753531639413,12:07:19.413,BCH/USDT:USDT,557.83,109.0,557.82,294.0,557.84,358.0,557.91,55.0
1753531639522,12:07:19.522,BCH/USDT:USDT,557.83,109.0,557.82,294.0,557.84,358.0,557.87,55.0
1753531639530,12:07:19.530,BCH/USDT:USDT,557.83,109.0,557.82,294.0,557.84,358.0,557.86,55.0
1753531639750,12:07:19.750,BCH/USDT:USDT,557.83,109.0,557.82,294.0,557.84,358.0,557.86,55.0
1753531639951,12:07:19.951,BCH/USDT:USDT,557.83,109.0,557.82,294.0,557.84,358.0,557.86,55.0
1753531640228,12:07:20.228,BCH/USDT:USDT,557.83,109.0,557.82,294.0,557.84,358.0,557.86,55.0
1753531640380,12:07:20.380,BCH/USDT:USDT,557.83,109.0,557.82,294.0,557.84,358.0,557.86,55.0
1753531640508,12:07:20.508,BCH/USDT:USDT,557.79,120.0,557.77,214.0,557.8,27.0,557.81,27.0
1753531640615,12:07:20.615,BCH/USDT:USDT,557.78,57.0,557.77,214.0,557.79,79.0,557.8,55.0
1753531640666,12:07:20.666,BCH/USDT:USDT,557.78,57.0,557.77,214.0,557.79,79.0,557.8,55.0
1753531641085,12:07:21.085,BCH/USDT:USDT,557.78,57.0,557.77,214.0,557.79,79.0,557.8,55.0
1753531641457,12:07:21.457,BCH/USDT:USDT,557.78,57.0,557.77,214.0,557.79,79.0,557.8,55.0
1753531641611,12:07:21.611,BCH/USDT:USDT,557.78,57.0,557.77,214.0,557.79,79.0,557.8,55.0
1753531641800,12:07:21.800,BCH/USDT:USDT,557.78,57.0,557.77,214.0,557.79,52.0,557.8,55.0
1753531641914,12:07:21.914,BCH/USDT:USDT,557.76,137.0,557.68,149.0,557.77,54.0,557.78,129.0
1753531641977,12:07:21.977,BCH/USDT:USDT,557.68,88.0,557.67,159.0,557.69,82.0,557.73,225.0
1753531642029,12:07:22.029,BCH/USDT:USDT,557.68,110.0,557.67,159.0,557.69,27.0,557.73,225.0
1753531642216,12:07:22.216,BCH/USDT:USDT,557.71,57.0,557.7,179.0,557.72,6.0,557.73,242.0
1753531642274,12:07:22.274,BCH/USDT:USDT,557.71,57.0,557.7,179.0,557.72,6.0,557.73,242.0
1753531642385,12:07:22.385,BCH/USDT:USDT,557.71,57.0,557.7,179.0,557.72,6.0,557.73,242.0
1753531642505,12:07:22.505,BCH/USDT:USDT,557.71,57.0,557.7,179.0,557.72,6.0,557.73,242.0
1753531642818,12:07:22.818,BCH/USDT:USDT,557.71,57.0,557.7,179.0,557.72,6.0,557.73,225.0
1753531643100,12:07:23.100,BCH/USDT:USDT,557.71,57.0,557.7,179.0,557.72,6.0,557.73,225.0
1753531643221,12:07:23.221,BCH/USDT:USDT,557.73,144.0,557.72,112.0,557.76,23.0,557.77,112.0
1753531643317,12:07:23.317,BCH/USDT:USDT,557.75,107.0,557.74,241.0,557.76,6.0,557.77,72.0
1753531643404,12:07:23.404,BCH/USDT:USDT,557.75,107.0,557.74,241.0,557.76,6.0,557.77,55.0
1753531643503,12:07:23.503,BCH/USDT:USDT,557.75,107.0,557.74,241.0,557.76,6.0,557.77,55.0
1753531643624,12:07:23.624,BCH/USDT:USDT,557.75,107.0,557.74,241.0,557.76,6.0,557.77,55.0
1753531643626,12:07:23.626,BCH/USDT:USDT,557.75,107.0,557.74,241.0,557.76,6.0,557.77,55.0
1753531643783,12:07:23.783,BCH/USDT:USDT,557.75,107.0,557.74,241.0,557.76,6.0,557.77,55.0
1753531644548,12:07:24.548,BCH/USDT:USDT,557.75,107.0,557.74,241.0,557.76,6.0,557.77,55.0
1753531644721,12:07:24.721,BCH/USDT:USDT,557.75,107.0,557.74,241.0,557.76,55.0,557.77,55.0
1753531644918,12:07:24.918,BCH/USDT:USDT,557.75,3.0,557.74,241.0,557.76,55.0,557.77,55.0
1753531644976,12:07:24.976,BCH/USDT:USDT,557.75,3.0,557.74,241.0,557.76,55.0,557.77,55.0
1753531645212,12:07:25.212,BCH/USDT:USDT,557.75,3.0,557.74,241.0,557.76,55.0,557.77,55.0
1753531645270,12:07:25.270,BCH/USDT:USDT,557.75,121.0,557.74,241.0,557.76,55.0,557.77,55.0
1753531645328,12:07:25.328,BCH/USDT:USDT,557.75,121.0,557.74,241.0,557.76,55.0,557.77,55.0
1753531645507,12:07:25.507,BCH/USDT:USDT,557.75,3.0,557.74,184.0,557.76,112.0,557.77,55.0
1753531645704,12:07:25.704,BCH/USDT:USDT,557.75,3.0,557.74,184.0,557.76,112.0,557.77,55.0
1753531645746,12:07:25.746,BCH/USDT:USDT,557.75,3.0,557.74,184.0,557.76,112.0,557.77,55.0
1753531645839,12:07:25.839,BCH/USDT:USDT,557.75,3.0,557.74,184.0,557.76,112.0,557.77,55.0
1753531646104,12:07:26.104,BCH/USDT:USDT,557.74,184.0,557.73,103.0,557.75,55.0,557.76,112.0
1753531646174,12:07:26.174,BCH/USDT:USDT,557.74,22.0,557.73,204.0,557.75,55.0,557.76,112.0
1753531646251,12:07:26.251,BCH/USDT:USDT,557.73,3.0,557.72,180.0,557.74,55.0,557.75,112.0
1753531646345,12:07:26.345,BCH/USDT:USDT,557.73,3.0,557.72,180.0,557.74,55.0,557.75,112.0
1753531646558,12:07:26.558,BCH/USDT:USDT,557.73,3.0,557.72,180.0,557.74,55.0,557.75,112.0
1753531646732,12:07:26.732,BCH/USDT:USDT,557.73,3.0,557.72,180.0,557.74,55.0,557.75,112.0
1753531646917,12:07:26.917,BCH/USDT:USDT,557.7,57.0,557.69,137.0,557.71,26.0,557.72,72.0
1753531646954,12:07:26.954,BCH/USDT:USDT,557.7,161.0,557.69,115.0,557.71,53.0,557.72,72.0
1753531647086,12:07:27.086,BCH/USDT:USDT,557.7,86.0,557.69,115.0,557.71,27.0,557.72,72.0
1753531647222,12:07:27.222,BCH/USDT:USDT,557.7,57.0,557.69,161.0,557.71,82.0,557.72,96.0
1753531647226,12:07:27.226,BCH/USDT:USDT,557.7,57.0,557.69,161.0,557.71,82.0,557.72,96.0
1753531647507,12:07:27.507,BCH/USDT:USDT,557.71,304.0,557.7,457.0,557.76,23.0,557.77,55.0
1753531647594,12:07:27.594,BCH/USDT:USDT,557.75,112.0,557.74,300.0,557.76,6.0,557.77,55.0
1753531647700,12:07:27.700,BCH/USDT:USDT,557.75,112.0,557.74,245.0,557.76,55.0,557.77,55.0
1753531647809,12:07:27.809,BCH/USDT:USDT,557.72,178.0,557.71,112.0,557.74,55.0,557.75,140.0
1753531647911,12:07:27.911,BCH/USDT:USDT,557.7,22.0,557.69,288.0,557.71,82.0,557.72,225.0
1753531648011,12:07:28.011,BCH/USDT:USDT,557.69,161.0,557.68,306.0,557.7,73.0,557.71,55.0
1753531648122,12:07:28.122,BCH/USDT:USDT,557.69,161.0,557.68,306.0,557.7,73.0,557.71,55.0
1753531648246,12:07:28.246,BCH/USDT:USDT,557.69,161.0,557.68,306.0,557.7,27.0,557.71,55.0
1753531648325,12:07:28.325,BCH/USDT:USDT,557.69,161.0,557.68,306.0,557.7,27.0,557.71,55.0
1753531648607,12:07:28.607,BCH/USDT:USDT,557.69,161.0,557.68,175.0,557.7,27.0,557.71,55.0
1753531648681,12:07:28.681,BCH/USDT:USDT,557.69,161.0,557.68,175.0,557.7,49.0,557.71,55.0
1753531648781,12:07:28.781,BCH/USDT:USDT,557.69,59.0,557.68,175.0,557.7,49.0,557.71,55.0
1753531648826,12:07:28.826,BCH/USDT:USDT,557.69,59.0,557.68,175.0,557.7,49.0,557.71,55.0
1753531648943,12:07:28.943,BCH/USDT:USDT,557.69,2.0,557.68,175.0,557.7,49.0,557.71,55.0
1753531649026,12:07:29.026,BCH/USDT:USDT,557.69,2.0,557.68,241.0,557.7,49.0,557.71,55.0
1753531649285,12:07:29.285,BCH/USDT:USDT,557.69,159.0,557.68,241.0,557.7,49.0,557.71,55.0
1753531649386,12:07:29.386,BCH/USDT:USDT,557.69,2.0,557.68,95.0,557.7,82.0,557.71,55.0
1753531649486,12:07:29.486,BCH/USDT:USDT,557.69,59.0,557.68,95.0,557.7,55.0,557.71,55.0
1753531649743,12:07:29.743,BCH/USDT:USDT,557.69,59.0,557.68,95.0,557.7,55.0,557.71,55.0
1753531649900,12:07:29.900,BCH/USDT:USDT,557.69,59.0,557.68,95.0,557.7,55.0,557.71,55.0
1753531650130,12:07:30.130,BCH/USDT:USDT,557.69,2.0,557.68,95.0,557.7,55.0,557.71,55.0
1753531650247,12:07:30.247,BCH/USDT:USDT,557.69,2.0,557.68,95.0,557.7,55.0,557.71,55.0
1753531650418,12:07:30.418,BCH/USDT:USDT,557.69,2.0,557.68,82.0,557.7,112.0,557.71,55.0
1753531650428,12:07:30.428,BCH/USDT:USDT,557.69,102.0,557.68,82.0,557.7,112.0,557.71,55.0
1753531650656,12:07:30.656,BCH/USDT:USDT,557.69,2.0,557.68,82.0,557.7,112.0,557.71,55.0
1753531650922,12:07:30.922,BCH/USDT:USDT,557.64,100.0,557.62,52.0,557.65,54.0,557.68,57.0
1753531651013,12:07:31.013,BCH/USDT:USDT,557.64,100.0,557.59,425.0,557.65,209.0,557.66,230.0
1753531651122,12:07:31.122,BCH/USDT:USDT,557.64,100.0,557.59,425.0,557.65,209.0,557.66,230.0
1753531651186,12:07:31.186,BCH/USDT:USDT,557.64,100.0,557.59,43.0,557.65,209.0,557.66,230.0
1753531651231,12:07:31.231,BCH/USDT:USDT,557.64,100.0,557.59,43.0,557.65,209.0,557.66,230.0
1753531651407,12:07:31.407,BCH/USDT:USDT,557.61,62.0,557.6,187.0,557.62,54.0,557.63,4.0
1753531651486,12:07:31.486,BCH/USDT:USDT,557.61,62.0,557.6,187.0,557.62,54.0,557.63,4.0
1753531651531,12:07:31.531,BCH/USDT:USDT,557.61,62.0,557.6,187.0,557.62,54.0,557.63,4.0
1753531651648,12:07:31.648,BCH/USDT:USDT,557.61,62.0,557.6,187.0,557.62,54.0,557.63,4.0
1753531651914,12:07:31.914,BCH/USDT:USDT,557.61,62.0,557.6,187.0,557.62,54.0,557.63,4.0
1753531652063,12:07:32.063,BCH/USDT:USDT,557.61,62.0,557.6,187.0,557.62,54.0,557.63,4.0
1753531652126,12:07:32.126,BCH/USDT:USDT,557.61,62.0,557.6,187.0,557.62,54.0,557.63,4.0
1753531652281,12:07:32.281,BCH/USDT:USDT,557.6,8.0,557.59,159.0,557.61,82.0,557.62,59.0
1753531652413,12:07:32.413,BCH/USDT:USDT,557.6,8.0,557.59,159.0,557.61,82.0,557.62,59.0
1753531652468,12:07:32.468,BCH/USDT:USDT,557.6,8.0,557.59,159.0,557.61,82.0,557.62,59.0
1753531652578,12:07:32.578,BCH/USDT:USDT,557.6,8.0,557.59,159.0,557.61,55.0,557.62,59.0
1753531652783,12:07:32.783,BCH/USDT:USDT,557.6,56.0,557.59,159.0,557.61,55.0,557.62,59.0
1753531652882,12:07:32.882,BCH/USDT:USDT,557.59,8.0,557.58,159.0,557.6,109.0,557.61,73.0
1753531652990,12:07:32.990,BCH/USDT:USDT,557.59,8.0,557.58,159.0,557.6,109.0,557.61,73.0
1753531653296,12:07:33.296,BCH/USDT:USDT,557.59,8.0,557.58,159.0,557.6,109.0,557.61,73.0
1753531653398,12:07:33.398,BCH/USDT:USDT,557.59,162.0,557.58,159.0,557.6,109.0,557.61,73.0
1753531653656,12:07:33.656,BCH/USDT:USDT,557.59,62.0,557.58,159.0,557.6,109.0,557.61,73.0
1753531653920,12:07:33.920,BCH/USDT:USDT,557.59,62.0,557.58,159.0,557.6,82.0,557.61,73.0
1753531654149,12:07:34.149,BCH/USDT:USDT,557.59,62.0,557.58,159.0,557.6,82.0,557.61,73.0
1753531654321,12:07:34.321,BCH/USDT:USDT,557.53,42.0,557.52,541.0,557.55,82.0,557.56,139.0
1753531654422,12:07:34.422,BCH/USDT:USDT,557.52,142.0,557.5,382.0,557.53,112.0,557.54,109.0
1753531654514,12:07:34.514,BCH/USDT:USDT,557.52,142.0,557.48,121.0,557.53,112.0,557.54,109.0
1753531654589,12:07:34.589,BCH/USDT:USDT,557.52,142.0,557.49,121.0,557.53,112.0,557.54,109.0
1753531654665,12:07:34.665,BCH/USDT:USDT,557.52,142.0,557.49,121.0,557.53,55.0,557.54,109.0
1753531654918,12:07:34.918,BCH/USDT:USDT,557.52,142.0,557.49,121.0,557.53,55.0,557.54,109.0
1753531655132,12:07:35.132,BCH/USDT:USDT,557.52,100.0,557.49,121.0,557.53,55.0,557.54,109.0
1753531655266,12:07:35.266,BCH/USDT:USDT,557.52,100.0,557.49,121.0,557.53,55.0,557.54,109.0
1753531655416,12:07:35.416,BCH/USDT:USDT,557.52,100.0,557.43,577.0,557.53,112.0,557.54,109.0
1753531655521,12:07:35.521,BCH/USDT:USDT,557.52,100.0,557.43,577.0,557.53,560.0,557.54,180.0
1753531655610,12:07:35.610,BCH/USDT:USDT,557.52,100.0,557.43,577.0,557.53,560.0,557.54,180.0
1753531655636,12:07:35.636,BCH/USDT:USDT,557.52,100.0,557.43,577.0,557.53,560.0,557.54,180.0
1753531655755,12:07:35.755,BCH/USDT:USDT,557.52,100.0,557.43,577.0,557.53,560.0,557.54,180.0
1753531656023,12:07:36.023,BCH/USDT:USDT,557.52,100.0,557.43,577.0,557.53,560.0,557.54,180.0
1753531656046,12:07:36.046,BCH/USDT:USDT,557.52,100.0,557.43,577.0,557.53,560.0,557.54,180.0
1753531656173,12:07:36.173,BCH/USDT:USDT,557.52,100.0,557.43,577.0,557.53,560.0,557.54,180.0
1753531656423,12:07:36.423,BCH/USDT:USDT,557.52,100.0,557.43,577.0,557.53,560.0,557.54,180.0
1753531656426,12:07:36.426,BCH/USDT:USDT,557.52,100.0,557.43,577.0,557.53,560.0,557.54,180.0
1753531656612,12:07:36.612,BCH/USDT:USDT,557.52,100.0,557.43,577.0,557.53,139.0,557.54,180.0
1753531656702,12:07:36.702,BCH/USDT:USDT,557.52,100.0,557.43,456.0,557.53,560.0,557.54,455.0
1753531656814,12:07:36.814,BCH/USDT:USDT,557.52,100.0,557.43,456.0,557.53,463.0,557.54,455.0
1753531656882,12:07:36.882,BCH/USDT:USDT,557.52,100.0,557.43,456.0,557.53,560.0,557.54,455.0
1753531657004,12:07:37.004,BCH/USDT:USDT,557.52,100.0,557.43,456.0,557.53,560.0,557.54,455.0
1753531657305,12:07:37.305,BCH/USDT:USDT,557.52,100.0,557.44,55.0,557.53,139.0,557.54,455.0
1753531657399,12:07:37.399,BCH/USDT:USDT,557.52,100.0,557.44,55.0,557.53,139.0,557.54,455.0
1753531657471,12:07:37.471,BCH/USDT:USDT,557.52,100.0,557.44,55.0,557.53,139.0,557.54,455.0
1753531657526,12:07:37.526,BCH/USDT:USDT,557.52,100.0,557.44,55.0,557.53,139.0,557.54,455.0
1753531657674,12:07:37.674,BCH/USDT:USDT,557.52,100.0,557.43,577.0,557.53,139.0,557.54,455.0
1753531658215,12:07:38.215,BCH/USDT:USDT,557.52,100.0,557.43,577.0,557.53,139.0,557.54,455.0
1753531658427,12:07:38.427,BCH/USDT:USDT,557.52,100.0,557.47,43.0,557.53,139.0,557.54,455.0
1753531658526,12:07:38.526,BCH/USDT:USDT,557.52,100.0,557.47,43.0,557.53,139.0,557.54,455.0
1753531658851,12:07:38.851,BCH/USDT:USDT,557.52,100.0,557.47,43.0,557.53,139.0,557.54,455.0
1753531659011,12:07:39.011,BCH/USDT:USDT,557.52,100.0,557.47,43.0,557.53,139.0,557.54,455.0
1753531659047,12:07:39.047,BCH/USDT:USDT,557.52,100.0,557.47,43.0,557.53,139.0,557.54,455.0
1753531659146,12:07:39.146,BCH/USDT:USDT,557.52,100.0,557.47,43.0,557.53,112.0,557.54,384.0
1753531659445,12:07:39.445,BCH/USDT:USDT,557.52,100.0,557.47,43.0,557.53,112.0,557.54,384.0
1753531659545,12:07:39.545,BCH/USDT:USDT,557.52,94.0,557.47,43.0,557.53,112.0,557.54,384.0
1753531659654,12:07:39.654,BCH/USDT:USDT,557.52,94.0,557.47,43.0,557.53,112.0,557.54,384.0
1753531659945,12:07:39.945,BCH/USDT:USDT,557.52,94.0,557.47,43.0,557.53,112.0,557.54,384.0
1753531660207,12:07:40.207,BCH/USDT:USDT,557.52,94.0,557.47,43.0,557.53,112.0,557.54,384.0
1753531660260,12:07:40.260,BCH/USDT:USDT,557.52,94.0,557.47,43.0,557.53,112.0,557.54,384.0
1753531660365,12:07:40.365,BCH/USDT:USDT,557.52,94.0,557.47,43.0,557.53,112.0,557.54,384.0
1753531660919,12:07:40.919,BCH/USDT:USDT,557.52,94.0,557.47,43.0,557.53,112.0,557.54,384.0
1753531660926,12:07:40.926,BCH/USDT:USDT,557.52,94.0,557.47,43.0,557.53,112.0,557.54,384.0
1753531661091,12:07:41.091,BCH/USDT:USDT,557.52,94.0,557.47,43.0,557.53,112.0,557.54,439.0
1753531661181,12:07:41.181,BCH/USDT:USDT,557.52,94.0,557.47,43.0,557.53,533.0,557.54,439.0
1753531661478,12:07:41.478,BCH/USDT:USDT,557.52,94.0,557.47,43.0,557.53,533.0,557.54,439.0
1753531661841,12:07:41.841,BCH/USDT:USDT,557.52,94.0,557.47,43.0,557.53,112.0,557.54,439.0
1753531661957,12:07:41.957,BCH/USDT:USDT,557.52,94.0,557.47,43.0,557.53,112.0,557.54,439.0
1753531662118,12:07:42.118,BCH/USDT:USDT,557.4,121.0,557.38,131.0,557.47,115.0,557.48,115.0
1753531662219,12:07:42.219,BCH/USDT:USDT,557.45,31.0,557.44,206.0,557.46,68.0,557.47,115.0
1753531662298,12:07:42.298,BCH/USDT:USDT,557.45,33.0,557.44,53.0,557.47,115.0,557.48,115.0
1753531662398,12:07:42.398,BCH/USDT:USDT,557.45,89.0,557.44,175.0,557.46,6.0,557.47,115.0
1753531662558,12:07:42.558,BCH/USDT:USDT,557.45,89.0,557.44,175.0,557.46,3537.0,557.47,115.0
1753531662723,12:07:42.723,BCH/USDT:USDT,557.44,58.0,557.43,287.0,557.45,71.0,557.46,3308.0
1753531662787,12:07:42.787,BCH/USDT:USDT,557.43,251.0,557.42,231.0,557.45,71.0,557.46,3308.0
1753531662869,12:07:42.869,BCH/USDT:USDT,557.43,251.0,557.42,331.0,557.45,71.0,557.46,3308.0
1753531663107,12:07:43.107,BCH/USDT:USDT,557.42,331.0,557.41,74.0,557.44,57.0,557.45,3379.0
1753531663200,12:07:43.200,BCH/USDT:USDT,557.42,331.0,557.41,74.0,557.44,57.0,557.45,3379.0
1753531663306,12:07:43.306,BCH/USDT:USDT,557.44,86.0,557.43,189.0,557.45,3322.0,557.47,58.0
1753531663386,12:07:43.386,BCH/USDT:USDT,557.44,249.0,557.43,273.0,557.45,3308.0,557.48,58.0
1753531663480,12:07:43.480,BCH/USDT:USDT,557.44,249.0,557.43,273.0,557.45,3308.0,557.48,58.0
1753531663605,12:07:43.605,BCH/USDT:USDT,557.44,249.0,557.43,273.0,557.45,3308.0,557.5,58.0
1753531663723,12:07:43.723,BCH/USDT:USDT,557.44,274.0,557.43,115.0,557.45,1539.0,557.5,58.0
1753531663819,12:07:43.819,BCH/USDT:USDT,557.4,38.0,557.39,103.0,557.42,11.0,557.44,80.0
1753531663882,12:07:43.882,BCH/USDT:USDT,557.41,74.0,557.4,117.0,557.42,11.0,557.44,80.0
1753531663967,12:07:43.967,BCH/USDT:USDT,557.41,74.0,557.4,117.0,557.42,11.0,557.44,80.0
1753531664091,12:07:44.091,BCH/USDT:USDT,557.41,74.0,557.4,117.0,557.42,1550.0,557.44,80.0
1753531664126,12:07:44.126,BCH/USDT:USDT,557.41,74.0,557.4,117.0,557.42,1550.0,557.44,80.0
1753531664410,12:07:44.410,BCH/USDT:USDT,557.41,146.0,557.4,117.0,557.42,1550.0,557.44,80.0
1753531664434,12:07:44.434,BCH/USDT:USDT,557.41,130.0,557.4,117.0,557.42,1550.0,557.44,80.0
1753531664797,12:07:44.797,BCH/USDT:USDT,557.41,130.0,557.4,117.0,557.42,1550.0,557.44,80.0
1753531664868,12:07:44.868,BCH/USDT:USDT,557.41,130.0,557.4,117.0,557.42,1550.0,557.44,60.0
1753531664966,12:07:44.966,BCH/USDT:USDT,557.41,130.0,557.4,117.0,557.42,1550.0,557.44,60.0
1753531665043,12:07:45.043,BCH/USDT:USDT,557.41,130.0,557.4,117.0,557.42,1550.0,557.44,60.0
1753531665320,12:07:45.320,BCH/USDT:USDT,557.41,130.0,557.4,117.0,557.42,1550.0,557.44,60.0
1753531665332,12:07:45.332,BCH/USDT:USDT,557.41,130.0,557.4,117.0,557.42,1550.0,557.44,60.0
1753531665657,12:07:45.657,BCH/USDT:USDT,557.41,130.0,557.4,117.0,557.42,1550.0,557.44,60.0
1753531666010,12:07:46.010,BCH/USDT:USDT,557.41,130.0,557.4,117.0,557.42,1550.0,557.44,60.0
1753531666158,12:07:46.158,BCH/USDT:USDT,557.41,130.0,557.4,117.0,557.42,1550.0,557.44,60.0
1753531666225,12:07:46.225,BCH/USDT:USDT,557.41,130.0,557.4,117.0,557.42,1550.0,557.44,60.0
1753531666396,12:07:46.396,BCH/USDT:USDT,557.41,130.0,557.4,117.0,557.42,1550.0,557.44,60.0
1753531666581,12:07:46.581,BCH/USDT:USDT,557.41,130.0,557.4,117.0,557.42,1550.0,557.44,60.0
1753531666744,12:07:46.744,BCH/USDT:USDT,557.41,130.0,557.4,117.0,557.42,1550.0,557.44,60.0
1753531667107,12:07:47.107,BCH/USDT:USDT,557.41,50.0,557.4,100.0,557.42,60.0,557.43,119.0
1753531667136,12:07:47.136,BCH/USDT:USDT,557.41,50.0,557.4,100.0,557.42,60.0,557.43,119.0
1753531667405,12:07:47.405,BCH/USDT:USDT,557.41,50.0,557.4,100.0,557.42,60.0,557.43,119.0
1753531667425,12:07:47.425,BCH/USDT:USDT,557.41,50.0,557.4,100.0,557.42,60.0,557.43,119.0
1753531667799,12:07:47.799,BCH/USDT:USDT,557.41,50.0,557.4,100.0,557.42,60.0,557.43,119.0
1753531667857,12:07:47.857,BCH/USDT:USDT,557.41,76.0,557.4,100.0,557.42,60.0,557.43,60.0
1753531668315,12:07:48.315,BCH/USDT:USDT,557.41,76.0,557.4,100.0,557.42,60.0,557.43,60.0
1753531668374,12:07:48.374,BCH/USDT:USDT,557.41,76.0,557.4,100.0,557.42,60.0,557.43,60.0
1753531668548,12:07:48.548,BCH/USDT:USDT,557.41,76.0,557.4,100.0,557.42,60.0,557.43,60.0
1753531668706,12:07:48.706,BCH/USDT:USDT,557.42,41.0,557.41,76.0,557.43,60.0,557.44,60.0
1753531668750,12:07:48.750,BCH/USDT:USDT,557.42,41.0,557.41,76.0,557.43,60.0,557.44,60.0
1753531668935,12:07:48.935,BCH/USDT:USDT,557.42,59.0,557.41,76.0,557.43,60.0,557.44,60.0
1753531670366,12:07:50.366,BCH/USDT:USDT,557.42,59.0,557.41,76.0,557.43,60.0,557.44,60.0
1753531671187,12:07:51.187,BCH/USDT:USDT,557.42,131.0,557.41,76.0,557.43,60.0,557.44,60.0
1753531671449,12:07:51.449,BCH/USDT:USDT,557.42,131.0,557.41,76.0,557.43,60.0,557.44,60.0
1753531671533,12:07:51.533,BCH/USDT:USDT,557.42,131.0,557.41,76.0,557.43,60.0,557.44,60.0
1753531671711,12:07:51.711,BCH/USDT:USDT,557.42,131.0,557.41,76.0,557.43,60.0,557.44,60.0
1753531671731,12:07:51.731,BCH/USDT:USDT,557.42,131.0,557.41,76.0,557.43,60.0,557.44,60.0
1753531671881,12:07:51.881,BCH/USDT:USDT,557.42,131.0,557.41,76.0,557.43,60.0,557.44,60.0
1753531672506,12:07:52.506,BCH/USDT:USDT,557.42,131.0,557.41,76.0,557.43,60.0,557.44,60.0
1753531672905,12:07:52.905,BCH/USDT:USDT,557.42,131.0,557.41,76.0,557.43,60.0,557.44,60.0
1753531672926,12:07:52.926,BCH/USDT:USDT,557.42,131.0,557.41,76.0,557.43,60.0,557.44,60.0
1753531673405,12:07:53.405,BCH/USDT:USDT,557.42,131.0,557.41,76.0,557.43,60.0,557.44,60.0
1753531673426,12:07:53.426,BCH/USDT:USDT,557.42,131.0,557.41,76.0,557.43,60.0,557.44,60.0
1753531673866,12:07:53.866,BCH/USDT:USDT,557.42,131.0,557.41,76.0,557.43,60.0,557.44,60.0
1753531673941,12:07:53.941,BCH/USDT:USDT,557.42,131.0,557.41,76.0,557.43,60.0,557.44,60.0
1753531674506,12:07:54.506,BCH/USDT:USDT,557.42,131.0,557.41,76.0,557.43,60.0,557.44,60.0
1753531674525,12:07:54.525,BCH/USDT:USDT,557.42,131.0,557.41,76.0,557.43,60.0,557.44,60.0
1753531674656,12:07:54.656,BCH/USDT:USDT,557.42,131.0,557.41,76.0,557.43,60.0,557.44,60.0
1753531675118,12:07:55.118,BCH/USDT:USDT,557.42,131.0,557.41,76.0,557.43,60.0,557.44,60.0
1753531675126,12:07:55.126,BCH/USDT:USDT,557.42,131.0,557.41,76.0,557.43,60.0,557.44,60.0
1753531675265,12:07:55.265,BCH/USDT:USDT,557.42,131.0,557.41,76.0,557.43,102.0,557.44,60.0
1753531675785,12:07:55.785,BCH/USDT:USDT,557.42,131.0,557.41,76.0,557.43,102.0,557.44,60.0
1753531676011,12:07:56.011,BCH/USDT:USDT,557.42,131.0,557.41,76.0,557.43,102.0,557.44,60.0
1753531676084,12:07:56.084,BCH/USDT:USDT,557.42,131.0,557.41,76.0,557.43,102.0,557.44,60.0
1753531676721,12:07:56.721,BCH/USDT:USDT,557.42,118.0,557.39,222.0,557.43,60.0,557.44,115.0
1753531676823,12:07:56.823,BCH/USDT:USDT,557.41,59.0,557.4,190.0,557.42,87.0,557.43,60.0
1753531676845,12:07:56.845,BCH/USDT:USDT,557.41,59.0,557.4,190.0,557.42,87.0,557.43,60.0
1753531677046,12:07:57.046,BCH/USDT:USDT,557.41,59.0,557.4,130.0,557.42,87.0,557.43,60.0
1753531677214,12:07:57.214,BCH/USDT:USDT,557.41,59.0,557.4,130.0,557.42,87.0,557.43,60.0
1753531677704,12:07:57.704,BCH/USDT:USDT,557.41,59.0,557.4,130.0,557.42,87.0,557.43,60.0
1753531677741,12:07:57.741,BCH/USDT:USDT,557.41,59.0,557.4,130.0,557.42,87.0,557.43,60.0
1753531677826,12:07:57.826,BCH/USDT:USDT,557.41,59.0,557.4,130.0,557.42,87.0,557.43,60.0
1753531677925,12:07:57.925,BCH/USDT:USDT,557.41,59.0,557.4,130.0,557.42,87.0,557.43,60.0
1753531678187,12:07:58.187,BCH/USDT:USDT,557.41,59.0,557.4,130.0,557.42,87.0,557.43,60.0
1753531678330,12:07:58.330,BCH/USDT:USDT,557.41,131.0,557.4,130.0,557.42,87.0,557.43,60.0
1753531678463,12:07:58.463,BCH/USDT:USDT,557.41,131.0,557.4,130.0,557.42,87.0,557.43,60.0
1753531678578,12:07:58.578,BCH/USDT:USDT,557.41,131.0,557.4,130.0,557.42,87.0,557.43,60.0
1753531678822,12:07:58.822,BCH/USDT:USDT,557.41,131.0,557.4,130.0,557.42,60.0,557.43,60.0
1753531678906,12:07:58.906,BCH/USDT:USDT,557.54,48.0,557.53,59.0,557.57,19.0,557.58,60.0
1753531679018,12:07:59.018,BCH/USDT:USDT,557.54,48.0,557.53,59.0,557.55,119.0,557.56,118.0
1753531679086,12:07:59.086,BCH/USDT:USDT,557.51,59.0,557.5,78.0,557.52,96.0,557.53,119.0
1753531679189,12:07:59.189,BCH/USDT:USDT,557.51,59.0,557.5,78.0,557.52,109.0,557.53,119.0
1753531679239,12:07:59.239,BCH/USDT:USDT,557.51,59.0,557.5,78.0,557.52,109.0,557.53,119.0
1753531679507,12:07:59.507,BCH/USDT:USDT,557.51,59.0,557.5,78.0,557.52,109.0,557.53,119.0
1753531679606,12:07:59.606,BCH/USDT:USDT,557.5,78.0,557.49,511.0,557.51,136.0,557.52,80.0
1753531679706,12:07:59.706,BCH/USDT:USDT,557.49,511.0,557.48,415.0,557.5,173.0,557.51,136.0
1753531679749,12:07:59.749,BCH/USDT:USDT,557.49,132.0,557.48,458.0,557.5,173.0,557.51,109.0
1753531679854,12:07:59.854,BCH/USDT:USDT,557.49,132.0,557.48,458.0,557.5,173.0,557.51,109.0
1753531680008,12:08:00.008,BCH/USDT:USDT,557.49,132.0,557.48,458.0,557.5,173.0,557.51,109.0
1753531680070,12:08:00.070,BCH/USDT:USDT,557.49,132.0,557.48,458.0,557.5,173.0,557.51,109.0
1753531680096,12:08:00.096,BCH/USDT:USDT,557.49,132.0,557.48,458.0,557.5,114.0,557.51,109.0
1753531680317,12:08:00.317,BCH/USDT:USDT,557.49,132.0,557.48,458.0,557.5,27.0,557.51,109.0
1753531680355,12:08:00.355,BCH/USDT:USDT,557.49,132.0,557.48,458.0,557.5,27.0,557.51,109.0
1753531680425,12:08:00.425,BCH/USDT:USDT,557.49,132.0,557.48,458.0,557.5,27.0,557.51,109.0
1753531681220,12:08:01.220,BCH/USDT:USDT,557.49,72.0,557.48,209.0,557.5,502.0,557.51,528.0
1753531681259,12:08:01.259,BCH/USDT:USDT,557.49,72.0,557.46,141.0,557.5,599.0,557.51,528.0
1753531681350,12:08:01.350,BCH/USDT:USDT,557.49,72.0,557.46,141.0,557.5,178.0,557.51,528.0
1753531681426,12:08:01.426,BCH/USDT:USDT,557.49,72.0,557.46,141.0,557.5,178.0,557.51,528.0
1753531681609,12:08:01.609,BCH/USDT:USDT,557.5,91.0,557.49,362.0,557.51,109.0,557.52,179.0
1753531681723,12:08:01.723,BCH/USDT:USDT,557.59,27.0,557.58,120.0,557.63,147.0,557.64,137.0
1753531681820,12:08:01.820,BCH/USDT:USDT,557.61,91.0,557.6,214.0,557.62,60.0,557.63,120.0
1753531681918,12:08:01.918,BCH/USDT:USDT,557.61,91.0,557.6,214.0,557.62,60.0,557.63,120.0
1753531681926,12:08:01.926,BCH/USDT:USDT,557.61,91.0,557.6,214.0,557.62,60.0,557.63,120.0
1753531682114,12:08:02.114,BCH/USDT:USDT,557.61,91.0,557.6,214.0,557.62,60.0,557.63,120.0
1753531682126,12:08:02.126,BCH/USDT:USDT,557.61,91.0,557.6,214.0,557.62,60.0,557.63,120.0
1753531682255,12:08:02.255,BCH/USDT:USDT,557.61,91.0,557.6,214.0,557.62,60.0,557.63,120.0
1753531682327,12:08:02.327,BCH/USDT:USDT,557.61,91.0,557.6,214.0,557.62,60.0,557.63,120.0
1753531682487,12:08:02.487,BCH/USDT:USDT,557.61,91.0,557.6,214.0,557.62,60.0,557.63,120.0
1753531682525,12:08:02.525,BCH/USDT:USDT,557.61,91.0,557.6,214.0,557.62,60.0,557.63,120.0
1753531682710,12:08:02.710,BCH/USDT:USDT,557.61,91.0,557.6,214.0,557.62,60.0,557.63,285.0
1753531683016,12:08:03.016,BCH/USDT:USDT,557.61,91.0,557.6,214.0,557.62,119.0,557.63,285.0
1753531683029,12:08:03.029,BCH/USDT:USDT,557.61,31.0,557.6,55.0,557.62,119.0,557.63,285.0
1753531683281,12:08:03.281,BCH/USDT:USDT,557.61,84.0,557.6,214.0,557.62,119.0,557.63,285.0
1753531683396,12:08:03.396,BCH/USDT:USDT,557.61,84.0,557.6,214.0,557.62,60.0,557.63,120.0
1753531683512,12:08:03.512,BCH/USDT:USDT,557.62,91.0,557.61,357.0,557.63,60.0,557.64,104.0
1753531683686,12:08:03.686,BCH/USDT:USDT,557.62,91.0,557.61,357.0,557.63,60.0,557.64,269.0
1753531683738,12:08:03.738,BCH/USDT:USDT,557.62,91.0,557.61,357.0,557.63,60.0,557.64,269.0
1753531684697,12:08:04.697,BCH/USDT:USDT,557.62,91.0,557.61,357.0,557.63,60.0,557.64,269.0
1753531684800,12:08:04.800,BCH/USDT:USDT,557.62,91.0,557.61,357.0,557.63,60.0,557.64,324.0
1753531684874,12:08:04.874,BCH/USDT:USDT,557.62,91.0,557.61,357.0,557.63,60.0,557.64,324.0
1753531684955,12:08:04.955,BCH/USDT:USDT,557.62,91.0,557.61,357.0,557.63,60.0,557.64,324.0
1753531685206,12:08:05.206,BCH/USDT:USDT,557.62,80.0,557.61,251.0,557.63,119.0,557.64,269.0
1753531685317,12:08:05.317,BCH/USDT:USDT,557.62,80.0,557.61,357.0,557.63,119.0,557.64,269.0
1753531685327,12:08:05.327,BCH/USDT:USDT,557.62,60.0,557.61,357.0,557.63,119.0,557.64,269.0
1753531686222,12:08:06.222,BCH/USDT:USDT,557.62,60.0,557.61,357.0,557.63,119.0,557.64,324.0
1753531686226,12:08:06.226,BCH/USDT:USDT,557.62,60.0,557.61,357.0,557.63,119.0,557.64,324.0
1753531686431,12:08:06.431,BCH/USDT:USDT,557.62,60.0,557.61,357.0,557.63,119.0,557.64,324.0
1753531686575,12:08:06.575,BCH/USDT:USDT,557.62,60.0,557.61,357.0,557.63,119.0,557.64,324.0
1753531686666,12:08:06.666,BCH/USDT:USDT,557.62,60.0,557.61,217.0,557.63,119.0,557.64,324.0
1753531686767,12:08:06.767,BCH/USDT:USDT,557.62,60.0,557.61,217.0,557.63,119.0,557.64,324.0
1753531687035,12:08:07.035,BCH/USDT:USDT,557.62,60.0,557.61,217.0,557.63,119.0,557.64,324.0
1753531687301,12:08:07.301,BCH/USDT:USDT,557.62,60.0,557.61,323.0,557.63,119.0,557.64,324.0
1753531687749,12:08:07.749,BCH/USDT:USDT,557.62,60.0,557.61,323.0,557.63,119.0,557.64,324.0
1753531687922,12:08:07.922,BCH/USDT:USDT,557.62,238.0,557.61,323.0,557.64,44.0,557.65,109.0
1753531688022,12:08:08.022,BCH/USDT:USDT,557.68,60.0,557.67,258.0,557.69,87.0,557.7,35.0
1753531688076,12:08:08.076,BCH/USDT:USDT,557.68,60.0,557.67,198.0,557.69,119.0,557.7,35.0
1753531688221,12:08:08.221,BCH/USDT:USDT,557.68,60.0,557.67,198.0,557.69,87.0,557.7,35.0
1753531688309,12:08:08.309,BCH/USDT:USDT,557.72,31.0,557.71,44.0,557.73,49.0,557.74,102.0
1753531688362,12:08:08.362,BCH/USDT:USDT,557.72,31.0,557.71,44.0,557.73,49.0,557.74,102.0
1753531688520,12:08:08.520,BCH/USDT:USDT,557.76,119.0,557.75,108.0,557.77,2.0,557.83,17.0
1753531688613,12:08:08.613,BCH/USDT:USDT,557.76,119.0,557.75,239.0,557.77,2.0,557.83,17.0
1753531688707,12:08:08.707,BCH/USDT:USDT,557.76,59.0,557.75,201.0,557.77,119.0,557.78,55.0
1753531688813,12:08:08.813,BCH/USDT:USDT,557.76,31.0,557.75,201.0,557.77,119.0,557.78,55.0
1753531688908,12:08:08.908,BCH/USDT:USDT,557.74,271.0,557.73,120.0,557.75,147.0,557.76,119.0
1753531688967,12:08:08.967,BCH/USDT:USDT,557.73,120.0,557.72,151.0,557.74,60.0,557.75,120.0
1753531689066,12:08:09.066,BCH/USDT:USDT,557.73,120.0,557.72,151.0,557.74,60.0,557.75,120.0
1753531689178,12:08:09.178,BCH/USDT:USDT,557.73,120.0,557.72,151.0,557.74,60.0,557.75,120.0
1753531689307,12:08:09.307,BCH/USDT:USDT,557.76,120.0,557.75,223.0,557.77,22.0,557.78,55.0
1753531689327,12:08:09.327,BCH/USDT:USDT,557.76,120.0,557.75,223.0,557.77,2.0,557.79,55.0
1753531689522,12:08:09.522,BCH/USDT:USDT,557.76,120.0,557.75,120.0,557.77,38.0,557.79,55.0
1753531689619,12:08:09.619,BCH/USDT:USDT,557.76,120.0,557.75,172.0,557.77,2.0,557.83,17.0
1753531689697,12:08:09.697,BCH/USDT:USDT,557.76,60.0,557.75,112.0,557.77,61.0,557.79,17.0
1753531689821,12:08:09.821,BCH/USDT:USDT,557.75,60.0,557.74,120.0,557.77,119.0,557.79,17.0
1753531689907,12:08:09.907,BCH/USDT:USDT,557.74,120.0,557.73,207.0,557.75,86.0,557.76,166.0
1753531689960,12:08:09.960,BCH/USDT:USDT,557.74,120.0,557.73,207.0,557.75,86.0,557.76,166.0
1753531690083,12:08:10.083,BCH/USDT:USDT,557.74,120.0,557.73,207.0,557.75,86.0,557.76,166.0
1753531690208,12:08:10.208,BCH/USDT:USDT,557.74,120.0,557.73,207.0,557.75,27.0,557.76,136.0
1753531690277,12:08:10.277,BCH/USDT:USDT,557.74,120.0,557.73,207.0,557.75,27.0,557.76,59.0
1753531690406,12:08:10.406,BCH/USDT:USDT,557.74,120.0,557.73,207.0,557.75,27.0,557.76,59.0
1753531690605,12:08:10.605,BCH/USDT:USDT,557.74,120.0,557.73,207.0,557.75,27.0,557.76,59.0
1753531690691,12:08:10.691,BCH/USDT:USDT,557.74,120.0,557.73,207.0,557.75,27.0,557.76,59.0
1753531690865,12:08:10.865,BCH/USDT:USDT,557.74,120.0,557.73,207.0,557.75,27.0,557.77,61.0
1753531691007,12:08:11.007,BCH/USDT:USDT,557.74,120.0,557.73,207.0,557.75,27.0,557.77,61.0
1753531691090,12:08:11.090,BCH/USDT:USDT,557.74,120.0,557.73,207.0,557.75,27.0,557.77,61.0
1753531691254,12:08:11.254,BCH/USDT:USDT,557.74,120.0,557.73,207.0,557.75,27.0,557.77,61.0
1753531691486,12:08:11.486,BCH/USDT:USDT,557.74,120.0,557.73,207.0,557.75,27.0,557.77,61.0
1753531691597,12:08:11.597,BCH/USDT:USDT,557.74,120.0,557.73,207.0,557.75,27.0,557.77,61.0
1753531692110,12:08:12.110,BCH/USDT:USDT,557.73,60.0,557.72,60.0,557.74,146.0,557.75,192.0
1753531692138,12:08:12.138,BCH/USDT:USDT,557.73,60.0,557.72,60.0,557.74,163.0,557.75,148.0
1753531692313,12:08:12.313,BCH/USDT:USDT,557.73,60.0,557.72,60.0,557.74,163.0,557.75,148.0
1753531692510,12:08:12.510,BCH/USDT:USDT,557.73,60.0,557.72,159.0,557.74,103.0,557.75,148.0
1753531692549,12:08:12.549,BCH/USDT:USDT,557.73,60.0,557.72,159.0,557.74,103.0,557.75,148.0
1753531692654,12:08:12.654,BCH/USDT:USDT,557.73,60.0,557.72,159.0,557.74,103.0,557.75,148.0
1753531692730,12:08:12.730,BCH/USDT:USDT,557.73,60.0,557.72,159.0,557.74,103.0,557.75,148.0
1753531693232,12:08:13.232,BCH/USDT:USDT,557.73,60.0,557.72,159.0,557.74,103.0,557.75,148.0
1753531693485,12:08:13.485,BCH/USDT:USDT,557.73,60.0,557.72,159.0,557.74,103.0,557.75,148.0
1753531694350,12:08:14.350,BCH/USDT:USDT,557.73,60.0,557.72,159.0,557.74,103.0,557.75,148.0
1753531695117,12:08:15.117,BCH/USDT:USDT,557.73,60.0,557.72,159.0,557.74,103.0,557.75,148.0
1753531695127,12:08:15.127,BCH/USDT:USDT,557.73,60.0,557.72,159.0,557.74,103.0,557.75,148.0
1753531695307,12:08:15.307,BCH/USDT:USDT,557.73,60.0,557.72,159.0,557.74,103.0,557.75,119.0
1753531695391,12:08:15.391,BCH/USDT:USDT,557.73,60.0,557.72,159.0,557.74,103.0,557.75,119.0
1753531695718,12:08:15.718,BCH/USDT:USDT,557.73,60.0,557.72,159.0,557.74,76.0,557.75,119.0
1753531695822,12:08:15.822,BCH/USDT:USDT,557.74,74.0,557.73,195.0,557.77,78.0,557.8,55.0
1753531695867,12:08:15.867,BCH/USDT:USDT,557.74,74.0,557.73,195.0,557.76,67.0,557.77,61.0
1753531696009,12:08:16.009,BCH/USDT:USDT,557.74,74.0,557.73,195.0,557.75,105.0,557.76,122.0
1753531696394,12:08:16.394,BCH/USDT:USDT,557.74,74.0,557.73,195.0,557.75,105.0,557.76,122.0
1753531696774,12:08:16.774,BCH/USDT:USDT,557.74,74.0,557.73,195.0,557.75,105.0,557.76,122.0
1753531696841,12:08:16.841,BCH/USDT:USDT,557.74,74.0,557.73,195.0,557.75,105.0,557.76,122.0
1753531697015,12:08:17.015,BCH/USDT:USDT,557.74,60.0,557.73,137.0,557.75,105.0,557.76,50.0
1753531697285,12:08:17.285,BCH/USDT:USDT,557.73,60.0,557.72,159.0,557.74,59.0,557.75,134.0
1753531697349,12:08:17.349,BCH/USDT:USDT,557.73,60.0,557.72,159.0,557.74,59.0,557.75,134.0
1753531697494,12:08:17.494,BCH/USDT:USDT,557.73,60.0,557.72,159.0,557.74,90.0,557.75,134.0
1753531697602,12:08:17.602,BCH/USDT:USDT,557.73,60.0,557.72,159.0,557.74,90.0,557.75,105.0
1753531697670,12:08:17.670,BCH/USDT:USDT,557.73,60.0,557.72,159.0,557.74,90.0,557.75,105.0
1753531697886,12:08:17.886,BCH/USDT:USDT,557.73,60.0,557.72,159.0,557.74,90.0,557.75,105.0
1753531697973,12:08:17.973,BCH/USDT:USDT,557.73,60.0,557.72,159.0,557.74,90.0,557.75,105.0
1753531698506,12:08:18.506,BCH/USDT:USDT,557.73,60.0,557.72,159.0,557.74,59.0,557.75,105.0
1753531698666,12:08:18.666,BCH/USDT:USDT,557.73,60.0,557.72,159.0,557.74,59.0,557.75,88.0
1753531698798,12:08:18.798,BCH/USDT:USDT,557.73,60.0,557.72,159.0,557.74,59.0,557.75,143.0
1753531698840,12:08:18.840,BCH/USDT:USDT,557.73,60.0,557.72,159.0,557.74,119.0,557.75,143.0
1753531699188,12:08:19.188,BCH/USDT:USDT,557.73,60.0,557.72,159.0,557.74,136.0,557.75,143.0
1753531699407,12:08:19.407,BCH/USDT:USDT,557.76,31.0,557.73,213.0,557.77,131.0,557.78,159.0
1753531699523,12:08:19.523,BCH/USDT:USDT,557.76,91.0,557.73,275.0,557.77,131.0,557.78,159.0
1753531699613,12:08:19.613,BCH/USDT:USDT,557.76,31.0,557.73,275.0,557.77,131.0,557.78,159.0
1753531700071,12:08:20.071,BCH/USDT:USDT,557.76,31.0,557.75,83.0,557.77,131.0,557.78,159.0
1753531700165,12:08:20.165,BCH/USDT:USDT,557.76,31.0,557.75,119.0,557.77,131.0,557.78,159.0
1753531700322,12:08:20.322,BCH/USDT:USDT,557.76,60.0,557.75,119.0,557.77,131.0,557.78,159.0
1753531700464,12:08:20.464,BCH/USDT:USDT,557.76,60.0,557.75,119.0,557.77,131.0,557.78,159.0
1753531700619,12:08:20.619,BCH/USDT:USDT,557.76,60.0,557.75,119.0,557.77,131.0,557.78,159.0
1753531700688,12:08:20.688,BCH/USDT:USDT,557.76,97.0,557.75,119.0,557.77,72.0,557.78,159.0
1753531700773,12:08:20.773,BCH/USDT:USDT,557.76,97.0,557.75,119.0,557.77,19.0,557.79,55.0
1753531700843,12:08:20.843,BCH/USDT:USDT,557.76,97.0,557.75,119.0,557.77,19.0,557.79,55.0
1753531701014,12:08:21.014,BCH/USDT:USDT,557.76,97.0,557.75,119.0,557.77,19.0,557.82,225.0
1753531701065,12:08:21.065,BCH/USDT:USDT,557.76,97.0,557.75,119.0,557.77,2.0,557.78,17.0
1753531701159,12:08:21.159,BCH/USDT:USDT,557.76,97.0,557.75,119.0,557.77,102.0,557.78,176.0
1753531701227,12:08:21.227,BCH/USDT:USDT,557.76,97.0,557.75,119.0,557.77,102.0,557.78,176.0
1753531701466,12:08:21.466,BCH/USDT:USDT,557.76,97.0,557.75,119.0,557.77,102.0,557.78,176.0
1753531701545,12:08:21.545,BCH/USDT:USDT,557.76,97.0,557.75,119.0,557.77,102.0,557.78,176.0
1753531701719,12:08:21.719,BCH/USDT:USDT,557.76,97.0,557.75,119.0,557.77,2.0,557.78,17.0
1753531701746,12:08:21.746,BCH/USDT:USDT,557.76,97.0,557.75,119.0,557.77,2.0,557.81,17.0
1753531701881,12:08:21.881,BCH/USDT:USDT,557.76,97.0,557.75,119.0,557.77,2.0,557.81,17.0
1753531702153,12:08:22.153,BCH/USDT:USDT,557.76,97.0,557.75,119.0,557.77,2.0,557.81,17.0
1753531703307,12:08:23.307,BCH/USDT:USDT,557.76,97.0,557.75,119.0,557.77,2.0,557.81,17.0
1753531703807,12:08:23.807,BCH/USDT:USDT,557.76,97.0,557.75,119.0,557.77,2.0,557.81,17.0
1753531703826,12:08:23.826,BCH/USDT:USDT,557.76,97.0,557.75,119.0,557.77,2.0,557.81,17.0
1753531704065,12:08:24.065,BCH/USDT:USDT,557.76,97.0,557.75,119.0,557.77,2.0,557.81,17.0
1753531704402,12:08:24.402,BCH/USDT:USDT,557.76,97.0,557.75,119.0,557.77,2.0,557.81,17.0
1753531704545,12:08:24.545,BCH/USDT:USDT,557.76,80.0,557.75,119.0,557.77,2.0,557.81,17.0
1753531704625,12:08:24.625,BCH/USDT:USDT,557.76,80.0,557.75,119.0,557.77,2.0,557.81,17.0
1753531704867,12:08:24.867,BCH/USDT:USDT,557.76,80.0,557.75,119.0,557.77,2.0,557.81,17.0
1753531705293,12:08:25.293,BCH/USDT:USDT,557.76,80.0,557.75,119.0,557.77,2.0,557.81,17.0
1753531705366,12:08:25.366,BCH/USDT:USDT,557.76,80.0,557.75,178.0,557.77,2.0,557.81,17.0
1753531706776,12:08:26.776,BCH/USDT:USDT,557.76,80.0,557.75,178.0,557.77,2.0,557.81,17.0
1753531706950,12:08:26.950,BCH/USDT:USDT,557.76,80.0,557.75,178.0,557.77,2.0,557.81,17.0
1753531707186,12:08:27.186,BCH/USDT:USDT,557.76,80.0,557.75,178.0,557.77,2.0,557.81,17.0
1753531707315,12:08:27.315,BCH/USDT:USDT,557.76,80.0,557.75,178.0,557.77,2.0,557.81,17.0
1753531707447,12:08:27.447,BCH/USDT:USDT,557.76,80.0,557.75,119.0,557.77,2.0,557.81,17.0
1753531707665,12:08:27.665,BCH/USDT:USDT,557.76,80.0,557.75,119.0,557.77,2.0,557.81,17.0
1753531707727,12:08:27.727,BCH/USDT:USDT,557.76,80.0,557.75,119.0,557.77,2.0,557.81,17.0
1753531707971,12:08:27.971,BCH/USDT:USDT,557.76,80.0,557.75,119.0,557.77,2.0,557.81,17.0
1753531708355,12:08:28.355,BCH/USDT:USDT,557.76,80.0,557.75,119.0,557.77,2.0,557.81,17.0
1753531709814,12:08:29.814,BCH/USDT:USDT,557.76,80.0,557.75,119.0,557.77,2.0,557.81,17.0
1753531709827,12:08:29.827,BCH/USDT:USDT,557.76,80.0,557.75,119.0,557.77,2.0,557.81,17.0
1753531710220,12:08:30.220,BCH/USDT:USDT,557.76,80.0,557.75,119.0,557.77,2.0,557.81,17.0
1753531710319,12:08:30.319,BCH/USDT:USDT,557.91,117.0,557.9,117.0,557.92,27.0,557.97,120.0
1753531710421,12:08:30.421,BCH/USDT:USDT,557.97,507.0,557.96,222.0,558.06,29.0,558.07,42.0
1753531710521,12:08:30.521,BCH/USDT:USDT,558.04,59.0,558.03,117.0,558.06,412.0,558.07,97.0
1753531710624,12:08:30.624,BCH/USDT:USDT,558.03,59.0,558.02,117.0,558.05,112.0,558.06,71.0
1753531710707,12:08:30.707,BCH/USDT:USDT,558.03,57.0,558.02,124.0,558.04,117.0,558.05,95.0
1753531710804,12:08:30.804,BCH/USDT:USDT,558.03,59.0,558.02,124.0,558.04,117.0,558.05,95.0
1753531710906,12:08:30.906,BCH/USDT:USDT,558.05,71.0,558.04,234.0,558.06,71.0,558.07,42.0
1753531711016,12:08:31.016,BCH/USDT:USDT,558.05,71.0,558.04,117.0,558.07,59.0,558.08,101.0
1753531711109,12:08:31.109,BCH/USDT:USDT,558.06,59.0,558.05,141.0,558.07,89.0,558.08,101.0
1753531711205,12:08:31.205,BCH/USDT:USDT,558.05,71.0,558.04,117.0,558.06,26.0,558.07,106.0
1753531711315,12:08:31.315,BCH/USDT:USDT,558.05,71.0,558.04,117.0,558.06,26.0,558.07,106.0
1753531711364,12:08:31.364,BCH/USDT:USDT,558.05,71.0,558.04,117.0,558.06,26.0,558.07,106.0
1753531711517,12:08:31.517,BCH/USDT:USDT,558.06,117.0,558.05,173.0,558.08,58.0,558.16,83.0
1753531711620,12:08:31.620,BCH/USDT:USDT,558.09,61.0,558.08,117.0,558.13,117.0,558.14,134.0
1753531711707,12:08:31.707,BCH/USDT:USDT,558.09,61.0,558.08,117.0,558.11,58.0,558.12,118.0
1753531711823,12:08:31.823,BCH/USDT:USDT,558.09,59.0,558.08,117.0,558.1,37.0,558.11,116.0
1753531711922,12:08:31.922,BCH/USDT:USDT,558.08,117.0,558.07,117.0,558.09,85.0,558.1,89.0
1753531712008,12:08:32.008,BCH/USDT:USDT,558.08,117.0,558.07,117.0,558.09,85.0,558.1,89.0
1753531712124,12:08:32.124,BCH/USDT:USDT,558.08,117.0,558.07,117.0,558.09,58.0,558.1,89.0
1753531712207,12:08:32.207,BCH/USDT:USDT,558.05,141.0,558.04,117.0,558.06,85.0,558.07,144.0
1753531712302,12:08:32.302,BCH/USDT:USDT,558.05,71.0,558.04,117.0,558.06,85.0,558.07,117.0
1753531712333,12:08:32.333,BCH/USDT:USDT,558.05,71.0,558.04,117.0,558.06,85.0,558.07,117.0
1753531712685,12:08:32.685,BCH/USDT:USDT,558.05,71.0,558.04,269.0,558.06,85.0,558.07,117.0
1753531712806,12:08:32.806,BCH/USDT:USDT,558.05,90.0,558.04,269.0,558.06,27.0,558.07,117.0
1753531712897,12:08:32.897,BCH/USDT:USDT,558.05,90.0,558.04,269.0,558.06,27.0,558.07,117.0
1753531713014,12:08:33.014,BCH/USDT:USDT,558.05,59.0,558.04,211.0,558.06,85.0,558.07,117.0
1753531713102,12:08:33.102,BCH/USDT:USDT,558.05,59.0,558.04,211.0,558.06,85.0,558.07,117.0
1753531713214,12:08:33.214,BCH/USDT:USDT,558.05,59.0,558.04,211.0,558.06,85.0,558.07,117.0
1753531713320,12:08:33.320,BCH/USDT:USDT,557.84,17.0,557.83,59.0,557.94,458.0,557.95,214.0
1753531713412,12:08:33.412,BCH/USDT:USDT,557.85,153.0,557.84,59.0,557.86,27.0,557.87,86.0
1753531713519,12:08:33.519,BCH/USDT:USDT,557.85,115.0,557.84,218.0,557.86,27.0,557.88,134.0
1753531713584,12:08:33.584,BCH/USDT:USDT,557.85,115.0,557.84,218.0,557.86,27.0,557.88,134.0
1753531713652,12:08:33.652,BCH/USDT:USDT,557.85,115.0,557.84,218.0,557.86,27.0,557.88,134.0
1753531713822,12:08:33.822,BCH/USDT:USDT,557.82,83.0,557.81,159.0,557.84,58.0,557.85,117.0
1753531713898,12:08:33.898,BCH/USDT:USDT,557.81,159.0,557.78,52.0,557.84,58.0,557.85,117.0
1753531713983,12:08:33.983,BCH/USDT:USDT,557.81,159.0,557.78,52.0,557.83,58.0,557.84,78.0
1753531714210,12:08:34.210,BCH/USDT:USDT,557.79,59.0,557.78,308.0,557.8,27.0,557.81,30.0
1753531714316,12:08:34.316,BCH/USDT:USDT,557.8,92.0,557.79,238.0,557.81,27.0,557.83,58.0
1753531714378,12:08:34.378,BCH/USDT:USDT,557.8,92.0,557.79,238.0,557.81,27.0,557.83,58.0
1753531714582,12:08:34.582,BCH/USDT:USDT,557.8,113.0,557.79,238.0,557.81,27.0,557.83,58.0
1753531714813,12:08:34.813,BCH/USDT:USDT,557.8,113.0,557.79,238.0,557.81,27.0,557.83,58.0
1753531715213,12:08:35.213,BCH/USDT:USDT,557.79,127.0,557.78,65.0,557.81,468.0,557.83,225.0
1753531715284,12:08:35.284,BCH/USDT:USDT,557.78,115.0,557.77,159.0,557.79,47.0,557.8,58.0
1753531715409,12:08:35.409,BCH/USDT:USDT,557.79,90.0,557.78,115.0,557.8,58.0,557.81,416.0
1753531715521,12:08:35.521,BCH/USDT:USDT,557.79,90.0,557.78,198.0,557.8,58.0,557.81,416.0
1753531715610,12:08:35.610,BCH/USDT:USDT,557.79,90.0,557.78,115.0,557.8,58.0,557.81,416.0
1753531716063,12:08:36.063,BCH/USDT:USDT,557.79,90.0,557.78,115.0,557.8,58.0,557.81,416.0
1753531716220,12:08:36.220,BCH/USDT:USDT,557.79,90.0,557.78,115.0,557.8,58.0,557.81,416.0
1753531716300,12:08:36.300,BCH/USDT:USDT,557.79,90.0,557.78,222.0,557.8,58.0,557.81,416.0
1753531716354,12:08:36.354,BCH/USDT:USDT,557.79,90.0,557.78,222.0,557.8,58.0,557.81,416.0
1753531716666,12:08:36.666,BCH/USDT:USDT,557.79,90.0,557.78,222.0,557.8,58.0,557.81,416.0
1753531716815,12:08:36.815,BCH/USDT:USDT,557.79,31.0,557.78,172.0,557.8,117.0,557.81,416.0
1753531716922,12:08:36.922,BCH/USDT:USDT,557.67,59.0,557.66,159.0,557.73,134.0,557.74,117.0
1753531717022,12:08:37.022,BCH/USDT:USDT,557.61,55.0,557.6,259.0,557.64,27.0,557.65,58.0
1753531717121,12:08:37.121,BCH/USDT:USDT,557.62,90.0,557.61,159.0,557.63,13.0,557.64,20.0
1753531717201,12:08:37.201,BCH/USDT:USDT,557.63,100.0,557.62,406.0,557.64,20.0,557.65,58.0
1753531717323,12:08:37.323,BCH/USDT:USDT,557.67,148.0,557.66,358.0,557.7,117.0,557.71,117.0
1753531717404,12:08:37.404,BCH/USDT:USDT,557.7,81.0,557.69,179.0,557.71,117.0,557.72,117.0
1753531717507,12:08:37.507,BCH/USDT:USDT,557.69,89.0,557.68,31.0,557.7,117.0,557.71,117.0
1753531717588,12:08:37.588,BCH/USDT:USDT,557.68,31.0,557.67,166.0,557.69,117.0,557.7,117.0
1753531717819,12:08:37.819,BCH/USDT:USDT,557.64,31.0,557.63,148.0,557.65,58.0,557.66,73.0
1753531717917,12:08:37.917,BCH/USDT:USDT,557.64,31.0,557.62,64.0,557.65,117.0,557.66,73.0
1753531718007,12:08:38.007,BCH/USDT:USDT,557.64,31.0,557.62,64.0,557.65,117.0,557.66,73.0
1753531718066,12:08:38.066,BCH/USDT:USDT,557.64,31.0,557.62,64.0,557.65,117.0,557.66,73.0
1753531718255,12:08:38.255,BCH/USDT:USDT,557.64,31.0,557.62,64.0,557.65,475.0,557.66,73.0
1753531718515,12:08:38.515,BCH/USDT:USDT,557.64,31.0,557.62,64.0,557.65,492.0,557.66,73.0
1753531719122,12:08:39.122,BCH/USDT:USDT,557.62,64.0,557.58,52.0,557.65,492.0,557.66,73.0
1753531719209,12:08:39.209,BCH/USDT:USDT,557.56,59.0,557.55,514.0,557.6,48.0,557.61,98.0
1753531719318,12:08:39.318,BCH/USDT:USDT,557.59,31.0,557.56,59.0,557.6,48.0,557.61,98.0
1753531719366,12:08:39.366,BCH/USDT:USDT,557.59,31.0,557.57,67.0,557.6,48.0,557.61,98.0
1753531719521,12:08:39.521,BCH/USDT:USDT,557.59,79.0,557.56,278.0,557.6,48.0,557.61,98.0
1753531719585,12:08:39.585,BCH/USDT:USDT,557.6,131.0,557.59,246.0,557.61,58.0,557.62,117.0
1753531719654,12:08:39.654,BCH/USDT:USDT,557.6,131.0,557.59,246.0,557.61,58.0,557.62,117.0
1753531719786,12:08:39.786,BCH/USDT:USDT,557.6,131.0,557.59,246.0,557.61,58.0,557.62,117.0
1753531719882,12:08:39.882,BCH/USDT:USDT,557.6,79.0,557.59,246.0,557.61,58.0,557.62,117.0
1753531720009,12:08:40.009,BCH/USDT:USDT,557.6,79.0,557.59,246.0,557.61,58.0,557.62,117.0
1753531720054,12:08:40.054,BCH/USDT:USDT,557.6,79.0,557.59,246.0,557.61,58.0,557.62,117.0
1753531720149,12:08:40.149,BCH/USDT:USDT,557.6,79.0,557.59,246.0,557.61,58.0,557.62,117.0
1753531720317,12:08:40.317,BCH/USDT:USDT,557.6,31.0,557.59,31.0,557.61,117.0,557.62,217.0
1753531720765,12:08:40.765,BCH/USDT:USDT,557.6,31.0,557.59,31.0,557.61,117.0,557.62,217.0
1753531720915,12:08:40.915,BCH/USDT:USDT,557.55,161.0,557.54,85.0,557.58,34.0,557.59,59.0
1753531721023,12:08:41.023,BCH/USDT:USDT,557.56,58.0,557.55,23.0,557.57,117.0,557.58,117.0
1753531721109,12:08:41.109,BCH/USDT:USDT,557.55,54.0,557.54,26.0,557.56,58.0,557.57,117.0
1753531721222,12:08:41.222,BCH/USDT:USDT,557.5,25.0,557.49,197.0,557.54,116.0,557.55,117.0
1753531721316,12:08:41.316,BCH/USDT:USDT,557.52,117.0,557.51,86.0,557.53,4.0,557.54,116.0
1753531721421,12:08:41.421,BCH/USDT:USDT,557.52,117.0,557.51,86.0,557.53,2.0,557.54,57.0
1753531721488,12:08:41.488,BCH/USDT:USDT,557.53,171.0,557.52,117.0,557.55,117.0,557.56,113.0
1753531721584,12:08:41.584,BCH/USDT:USDT,557.54,20.0,557.53,164.0,557.55,117.0,557.56,113.0
1753531722280,12:08:42.280,BCH/USDT:USDT,557.54,20.0,557.53,164.0,557.55,117.0,557.56,113.0
1753531722410,12:08:42.410,BCH/USDT:USDT,557.54,20.0,557.53,164.0,557.55,117.0,557.56,113.0
1753531722485,12:08:42.485,BCH/USDT:USDT,557.54,20.0,557.53,164.0,557.55,117.0,557.56,113.0
1753531722613,12:08:42.613,BCH/USDT:USDT,557.54,176.0,557.53,164.0,557.55,59.0,557.56,113.0
1753531722653,12:08:42.653,BCH/USDT:USDT,557.54,176.0,557.53,164.0,557.55,59.0,557.56,217.0
1753531722727,12:08:42.727,BCH/USDT:USDT,557.54,176.0,557.53,164.0,557.55,59.0,557.56,217.0
1753531722826,12:08:42.826,BCH/USDT:USDT,557.54,176.0,557.53,164.0,557.55,59.0,557.56,217.0
1753531723065,12:08:43.065,BCH/USDT:USDT,557.54,176.0,557.53,164.0,557.55,59.0,557.56,217.0
1753531723208,12:08:43.208,BCH/USDT:USDT,557.54,176.0,557.53,164.0,557.55,59.0,557.56,217.0
1753531723279,12:08:43.279,BCH/USDT:USDT,557.54,56.0,557.53,229.0,557.55,59.0,557.56,217.0
1753531723420,12:08:43.420,BCH/USDT:USDT,557.54,58.0,557.53,164.0,557.55,59.0,557.56,217.0
1753531723914,12:08:43.914,BCH/USDT:USDT,557.54,58.0,557.53,164.0,557.55,59.0,557.56,217.0
1753531723965,12:08:43.965,BCH/USDT:USDT,557.54,58.0,557.53,164.0,557.55,59.0,557.56,217.0
1753531724069,12:08:44.069,BCH/USDT:USDT,557.54,58.0,557.53,164.0,557.55,59.0,557.56,159.0
1753531724294,12:08:44.294,BCH/USDT:USDT,557.54,58.0,557.53,164.0,557.55,417.0,557.56,159.0
1753531724732,12:08:44.732,BCH/USDT:USDT,557.54,58.0,557.53,92.0,557.55,417.0,557.56,159.0
1753531725523,12:08:45.523,BCH/USDT:USDT,557.49,138.0,557.48,371.0,557.52,144.0,557.53,194.0
1753531725621,12:08:45.621,BCH/USDT:USDT,557.45,1271.0,557.4,120.0,557.46,85.0,557.47,89.0
1753531725713,12:08:45.713,BCH/USDT:USDT,557.4,227.0,557.39,201.0,557.44,44.0,557.45,140.0
1753531725820,12:08:45.820,BCH/USDT:USDT,557.42,124.0,557.41,156.0,557.43,27.0,557.44,23.0
1753531725886,12:08:45.886,BCH/USDT:USDT,557.42,124.0,557.41,563.0,557.43,27.0,557.44,23.0
1753531725957,12:08:45.957,BCH/USDT:USDT,557.42,89.0,557.41,563.0,557.43,27.0,557.44,23.0
1753531726086,12:08:46.086,BCH/USDT:USDT,557.42,31.0,557.41,524.0,557.43,144.0,557.44,165.0
1753531726186,12:08:46.186,BCH/USDT:USDT,557.42,31.0,557.41,524.0,557.43,144.0,557.44,165.0
1753531726310,12:08:46.310,BCH/USDT:USDT,557.42,89.0,557.41,524.0,557.43,86.0,557.44,159.0
1753531726497,12:08:46.497,BCH/USDT:USDT,557.42,108.0,557.41,524.0,557.43,86.0,557.44,159.0
1753531726722,12:08:46.722,BCH/USDT:USDT,557.4,75.0,557.39,63.0,557.42,59.0,557.43,159.0
1753531726797,12:08:46.797,BCH/USDT:USDT,557.41,31.0,557.4,75.0,557.42,59.0,557.43,159.0
1753531726886,12:08:46.886,BCH/USDT:USDT,557.41,31.0,557.4,75.0,557.42,59.0,557.43,159.0
1753531726995,12:08:46.995,BCH/USDT:USDT,557.41,31.0,557.4,75.0,557.42,59.0,557.43,159.0
1753531727181,12:08:47.181,BCH/USDT:USDT,557.41,89.0,557.4,75.0,557.42,59.0,557.43,159.0
1753531727319,12:08:47.319,BCH/USDT:USDT,557.41,89.0,557.4,75.0,557.42,417.0,557.43,159.0
1753531727385,12:08:47.385,BCH/USDT:USDT,557.41,89.0,557.4,75.0,557.42,417.0,557.43,159.0
1753531727507,12:08:47.507,BCH/USDT:USDT,557.41,161.0,557.4,75.0,557.42,358.0,557.43,59.0
1753531727606,12:08:47.606,BCH/USDT:USDT,557.4,58.0,557.38,468.0,557.41,27.0,557.42,358.0
1753531727722,12:08:47.722,BCH/USDT:USDT,557.41,268.0,557.4,104.0,557.42,215.0,557.45,100.0
1753531727821,12:08:47.821,BCH/USDT:USDT,557.59,80.0,557.58,195.0,557.63,441.0,557.64,144.0
1753531727909,12:08:47.909,BCH/USDT:USDT,557.56,298.0,557.55,58.0,557.58,66.0,557.59,117.0
1753531728023,12:08:48.023,BCH/USDT:USDT,557.56,23.0,557.55,58.0,557.57,27.0,557.58,81.0
1753531728117,12:08:48.117,BCH/USDT:USDT,557.57,45.0,557.56,112.0,557.58,81.0,557.59,117.0
1753531728177,12:08:48.177,BCH/USDT:USDT,557.56,58.0,557.55,58.0,557.58,81.0,557.59,117.0
1753531728323,12:08:48.323,BCH/USDT:USDT,557.56,70.0,557.55,58.0,557.58,81.0,557.59,117.0
1753531728418,12:08:48.418,BCH/USDT:USDT,557.57,86.0,557.56,102.0,557.58,66.0,557.59,117.0
1753531728575,12:08:48.575,BCH/USDT:USDT,557.57,58.0,557.56,58.0,557.58,66.0,557.59,217.0
1753531728659,12:08:48.659,BCH/USDT:USDT,557.56,58.0,557.55,58.0,557.58,66.0,557.59,217.0
1753531728765,12:08:48.765,BCH/USDT:USDT,557.56,58.0,557.55,58.0,557.58,66.0,557.59,217.0
1753531729005,12:08:49.005,BCH/USDT:USDT,557.55,58.0,557.54,197.0,557.57,5.0,557.58,66.0
1753531729168,12:08:49.168,BCH/USDT:USDT,557.55,58.0,557.54,197.0,557.57,5.0,557.58,66.0
1753531729284,12:08:49.284,BCH/USDT:USDT,557.56,29.0,557.55,117.0,557.57,32.0,557.58,66.0
1753531729385,12:08:49.385,BCH/USDT:USDT,557.56,29.0,557.55,117.0,557.57,32.0,557.58,66.0
1753531729517,12:08:49.517,BCH/USDT:USDT,557.46,183.0,557.45,159.0,557.47,27.0,557.52,117.0
1753531729615,12:08:49.615,BCH/USDT:USDT,557.45,20.0,557.44,322.0,557.46,54.0,557.47,58.0
1753531729676,12:08:49.676,BCH/USDT:USDT,557.45,58.0,557.44,163.0,557.46,54.0,557.47,217.0
1753531729759,12:08:49.759,BCH/USDT:USDT,557.45,58.0,557.44,163.0,557.46,54.0,557.47,217.0
1753531729825,12:08:49.825,BCH/USDT:USDT,557.45,58.0,557.44,163.0,557.46,54.0,557.47,217.0
1753531730006,12:08:50.006,BCH/USDT:USDT,557.45,58.0,557.44,163.0,557.46,54.0,557.47,217.0
1753531730118,12:08:50.118,BCH/USDT:USDT,557.43,135.0,557.42,225.0,557.45,113.0,557.46,159.0
1753531730219,12:08:50.219,BCH/USDT:USDT,557.41,89.0,557.4,225.0,557.42,86.0,557.43,159.0
1753531730266,12:08:50.266,BCH/USDT:USDT,557.41,106.0,557.4,225.0,557.42,86.0,557.43,159.0
1753531730356,12:08:50.356,BCH/USDT:USDT,557.41,106.0,557.4,225.0,557.42,444.0,557.43,159.0
1753531730505,12:08:50.505,BCH/USDT:USDT,557.41,89.0,557.4,225.0,557.42,444.0,557.43,159.0
1753531730575,12:08:50.575,BCH/USDT:USDT,557.41,89.0,557.4,225.0,557.42,444.0,557.43,159.0
1753531730655,12:08:50.655,BCH/USDT:USDT,557.41,161.0,557.4,225.0,557.42,444.0,557.43,159.0
1753531731212,12:08:51.212,BCH/USDT:USDT,557.41,161.0,557.4,225.0,557.42,444.0,557.43,159.0
1753531731392,12:08:51.392,BCH/USDT:USDT,557.41,161.0,557.4,225.0,557.42,444.0,557.43,159.0
1753531731671,12:08:51.671,BCH/USDT:USDT,557.41,103.0,557.4,225.0,557.42,444.0,557.43,159.0
1753531731735,12:08:51.735,BCH/USDT:USDT,557.41,116.0,557.4,225.0,557.42,444.0,557.43,159.0
1753531732007,12:08:52.007,BCH/USDT:USDT,557.41,116.0,557.4,225.0,557.42,444.0,557.43,159.0
1753531732074,12:08:52.074,BCH/USDT:USDT,557.41,103.0,557.39,225.0,557.42,444.0,557.43,159.0
1753531732722,12:08:52.722,BCH/USDT:USDT,557.41,72.0,557.38,445.0,557.42,444.0,557.43,159.0
1753531732818,12:08:52.818,BCH/USDT:USDT,557.41,72.0,557.36,122.0,557.42,444.0,557.43,214.0
1753531732845,12:08:52.845,BCH/USDT:USDT,557.41,72.0,557.36,122.0,557.42,444.0,557.43,214.0
1753531733008,12:08:53.008,BCH/USDT:USDT,557.41,72.0,557.36,122.0,557.42,444.0,557.43,214.0
1753531733414,12:08:53.414,BCH/USDT:USDT,557.41,72.0,557.36,122.0,557.42,444.0,557.43,214.0
1753531733524,12:08:53.524,BCH/USDT:USDT,557.41,72.0,557.36,122.0,557.42,444.0,557.43,214.0
1753531733622,12:08:53.622,BCH/USDT:USDT,557.32,435.0,557.31,1272.0,557.33,54.0,557.34,144.0
1753531733705,12:08:53.705,BCH/USDT:USDT,557.32,118.0,557.31,559.0,557.33,54.0,557.34,31.0
1753531733823,12:08:53.823,BCH/USDT:USDT,557.33,135.0,557.32,269.0,557.37,159.0,557.38,159.0
1753531733918,12:08:53.918,BCH/USDT:USDT,557.34,118.0,557.33,135.0,557.36,27.0,557.37,159.0
1753531734022,12:08:54.022,BCH/USDT:USDT,557.34,17.0,557.33,59.0,557.36,168.0,557.37,159.0
1753531734121,12:08:54.121,BCH/USDT:USDT,557.33,17.0,557.32,473.0,557.34,90.0,557.35,208.0
1753531734175,12:08:54.175,BCH/USDT:USDT,557.33,17.0,557.32,473.0,557.34,90.0,557.35,208.0
1753531734242,12:08:54.242,BCH/USDT:USDT,557.33,17.0,557.32,473.0,557.34,90.0,557.35,208.0
1753531734621,12:08:54.621,BCH/USDT:USDT,557.33,17.0,557.32,414.0,557.34,90.0,557.35,208.0
1753531734665,12:08:54.665,BCH/USDT:USDT,557.33,17.0,557.32,168.0,557.34,90.0,557.35,208.0
1753531734726,12:08:54.726,BCH/USDT:USDT,557.33,17.0,557.32,168.0,557.34,90.0,557.35,208.0
1753531734862,12:08:54.862,BCH/USDT:USDT,557.33,17.0,557.32,168.0,557.34,112.0,557.35,384.0
1753531735387,12:08:55.387,BCH/USDT:USDT,557.33,107.0,557.32,168.0,557.34,85.0,557.35,208.0
1753531735445,12:08:55.445,BCH/USDT:USDT,557.33,107.0,557.32,168.0,557.34,85.0,557.35,208.0
1753531735645,12:08:55.645,BCH/USDT:USDT,557.33,107.0,557.32,297.0,557.34,85.0,557.35,208.0
1753531735793,12:08:55.793,BCH/USDT:USDT,557.33,107.0,557.32,297.0,557.34,63.0,557.35,208.0
1753531736087,12:08:56.087,BCH/USDT:USDT,557.33,17.0,557.32,168.0,557.34,103.0,557.35,384.0
1753531736169,12:08:56.169,BCH/USDT:USDT,557.33,48.0,557.32,168.0,557.34,103.0,557.35,384.0
1753531736278,12:08:56.278,BCH/USDT:USDT,557.33,48.0,557.32,168.0,557.34,103.0,557.35,384.0
1753531736403,12:08:56.403,BCH/USDT:USDT,557.33,48.0,557.32,168.0,557.34,461.0,557.35,384.0
1753531736486,12:08:56.486,BCH/USDT:USDT,557.33,48.0,557.32,115.0,557.34,461.0,557.35,384.0
1753531736610,12:08:56.610,BCH/USDT:USDT,557.33,17.0,557.28,164.0,557.34,461.0,557.35,494.0
1753531736713,12:08:56.713,BCH/USDT:USDT,557.3,31.0,557.29,17.0,557.31,116.0,557.32,384.0
1753531736819,12:08:56.819,BCH/USDT:USDT,557.3,31.0,557.29,17.0,557.31,116.0,557.32,384.0
1753531736826,12:08:56.826,BCH/USDT:USDT,557.3,31.0,557.29,17.0,557.31,116.0,557.32,384.0
1753531736941,12:08:56.941,BCH/USDT:USDT,557.3,31.0,557.29,17.0,557.31,116.0,557.32,384.0
1753531737202,12:08:57.202,BCH/USDT:USDT,557.3,31.0,557.29,17.0,557.31,116.0,557.32,384.0
1753531737505,12:08:57.505,BCH/USDT:USDT,557.3,31.0,557.29,17.0,557.31,116.0,557.32,384.0
1753531737658,12:08:57.658,BCH/USDT:USDT,557.3,31.0,557.29,17.0,557.31,116.0,557.32,384.0
1753531737759,12:08:57.759,BCH/USDT:USDT,557.3,31.0,557.29,17.0,557.31,116.0,557.32,384.0
1753531738019,12:08:58.019,BCH/USDT:USDT,557.3,31.0,557.29,17.0,557.31,116.0,557.32,384.0
1753531738031,12:08:58.031,BCH/USDT:USDT,557.3,31.0,557.27,65.0,557.31,116.0,557.32,384.0
1753531738320,12:08:58.320,BCH/USDT:USDT,557.3,31.0,557.27,65.0,557.31,116.0,557.32,384.0
1753531738349,12:08:58.349,BCH/USDT:USDT,557.3,120.0,557.27,65.0,557.31,116.0,557.32,384.0
1753531738445,12:08:58.445,BCH/USDT:USDT,557.3,120.0,557.27,65.0,557.31,116.0,557.32,384.0
1753531738558,12:08:58.558,BCH/USDT:USDT,557.3,120.0,557.27,65.0,557.31,116.0,557.32,384.0
1753531738670,12:08:58.670,BCH/USDT:USDT,557.3,120.0,557.27,65.0,557.31,116.0,557.32,384.0
1753531738779,12:08:58.779,BCH/USDT:USDT,557.3,120.0,557.27,65.0,557.31,116.0,557.32,384.0
1753531739118,12:08:59.118,BCH/USDT:USDT,557.3,120.0,557.27,65.0,557.31,116.0,557.32,384.0
1753531739424,12:08:59.424,BCH/USDT:USDT,557.3,120.0,557.27,65.0,557.31,474.0,557.32,384.0
1753531739704,12:08:59.704,BCH/USDT:USDT,557.3,120.0,557.27,65.0,557.31,474.0,557.32,384.0
1753531740066,12:09:00.066,BCH/USDT:USDT,557.3,120.0,557.27,65.0,557.31,474.0,557.32,384.0
1753531740286,12:09:00.286,BCH/USDT:USDT,557.3,120.0,557.27,65.0,557.31,474.0,557.32,384.0
1753531740365,12:09:00.365,BCH/USDT:USDT,557.3,120.0,557.27,65.0,557.31,474.0,557.32,384.0
1753531740592,12:09:00.592,BCH/USDT:USDT,557.3,120.0,557.27,65.0,557.31,474.0,557.32,384.0
1753531740710,12:09:00.710,BCH/USDT:USDT,557.24,428.0,557.2,4.0,557.31,933.0,557.32,455.0
1753531740817,12:09:00.817,BCH/USDT:USDT,557.2,21.0,557.18,64.0,557.21,145.0,557.22,214.0
1753531740905,12:09:00.905,BCH/USDT:USDT,557.2,111.0,557.18,64.0,557.21,145.0,557.22,214.0
1753531740968,12:09:00.968,BCH/USDT:USDT,557.2,111.0,557.18,64.0,557.21,145.0,557.22,214.0
1753531741086,12:09:01.086,BCH/USDT:USDT,557.2,111.0,557.18,64.0,557.21,145.0,557.22,214.0
1753531741218,12:09:01.218,BCH/USDT:USDT,557.26,90.0,557.24,179.0,557.27,159.0,557.3,59.0
1753531741300,12:09:01.300,BCH/USDT:USDT,557.26,107.0,557.24,179.0,557.27,159.0,557.3,59.0
1753531741405,12:09:01.405,BCH/USDT:USDT,557.29,48.0,557.27,59.0,557.3,117.0,557.31,358.0
1753531741458,12:09:01.458,BCH/USDT:USDT,557.29,48.0,557.27,59.0,557.3,117.0,557.31,358.0
1753531741577,12:09:01.577,BCH/USDT:USDT,557.29,48.0,557.27,59.0,557.3,117.0,557.31,358.0
1753531741667,12:09:01.667,BCH/USDT:USDT,557.29,48.0,557.27,59.0,557.3,117.0,557.31,358.0
1753531741806,12:09:01.806,BCH/USDT:USDT,557.29,48.0,557.27,59.0,557.3,117.0,557.31,358.0
1753531741913,12:09:01.913,BCH/USDT:USDT,557.29,107.0,557.27,59.0,557.3,59.0,557.31,358.0
1753531742022,12:09:02.022,BCH/USDT:USDT,557.29,114.0,557.27,59.0,557.3,59.0,557.31,358.0
1753531742051,12:09:02.051,BCH/USDT:USDT,557.29,117.0,557.28,72.0,557.3,59.0,557.31,358.0
1753531742171,12:09:02.171,BCH/USDT:USDT,557.29,114.0,557.28,72.0,557.3,59.0,557.31,358.0
1753531742266,12:09:02.266,BCH/USDT:USDT,557.29,48.0,557.27,59.0,557.3,117.0,557.31,358.0
1753531742352,12:09:02.352,BCH/USDT:USDT,557.29,48.0,557.26,59.0,557.3,117.0,557.31,358.0
1753531742517,12:09:02.517,BCH/USDT:USDT,557.29,48.0,557.26,59.0,557.3,475.0,557.32,55.0
1753531742526,12:09:02.526,BCH/USDT:USDT,557.29,48.0,557.26,59.0,557.3,475.0,557.32,55.0
1753531742729,12:09:02.729,BCH/USDT:USDT,557.29,48.0,557.26,59.0,557.3,475.0,557.32,55.0
1753531742826,12:09:02.826,BCH/USDT:USDT,557.29,48.0,557.26,59.0,557.3,475.0,557.32,55.0
1753531743113,12:09:03.113,BCH/USDT:USDT,557.29,48.0,557.26,59.0,557.3,475.0,557.32,55.0
1753531743126,12:09:03.126,BCH/USDT:USDT,557.29,48.0,557.26,59.0,557.3,475.0,557.32,55.0
1753531743405,12:09:03.405,BCH/USDT:USDT,557.29,48.0,557.26,59.0,557.3,475.0,557.32,55.0
1753531743528,12:09:03.528,BCH/USDT:USDT,557.29,48.0,557.26,59.0,557.3,475.0,557.32,55.0
1753531743717,12:09:03.717,BCH/USDT:USDT,557.29,107.0,557.26,59.0,557.3,417.0,557.34,55.0
1753531744352,12:09:04.352,BCH/USDT:USDT,557.29,107.0,557.26,59.0,557.3,417.0,557.34,55.0
1753531744427,12:09:04.427,BCH/USDT:USDT,557.29,107.0,557.26,59.0,557.3,417.0,557.34,55.0
1753531744526,12:09:04.526,BCH/USDT:USDT,557.29,107.0,557.26,59.0,557.3,417.0,557.34,55.0
1753531745166,12:09:05.166,BCH/USDT:USDT,557.29,107.0,557.26,59.0,557.3,417.0,557.34,55.0
1753531745341,12:09:05.341,BCH/USDT:USDT,557.29,107.0,557.26,59.0,557.3,417.0,557.34,55.0
1753531745485,12:09:05.485,BCH/USDT:USDT,557.29,48.0,557.26,59.0,557.3,417.0,557.34,55.0
1753531745623,12:09:05.623,BCH/USDT:USDT,557.29,48.0,557.26,59.0,557.3,417.0,557.32,55.0
1753531745739,12:09:05.739,BCH/USDT:USDT,557.29,48.0,557.26,59.0,557.3,417.0,557.32,55.0
1753531745916,12:09:05.916,BCH/USDT:USDT,557.29,120.0,557.26,59.0,557.3,417.0,557.32,55.0
1753531746006,12:09:06.006,BCH/USDT:USDT,557.29,120.0,557.26,59.0,557.3,417.0,557.32,55.0
1753531746105,12:09:06.105,BCH/USDT:USDT,557.29,120.0,557.27,54.0,557.3,417.0,557.32,55.0
1753531746659,12:09:06.659,BCH/USDT:USDT,557.29,120.0,557.27,54.0,557.3,417.0,557.32,55.0
1753531747004,12:09:07.004,BCH/USDT:USDT,557.29,120.0,557.27,54.0,557.3,417.0,557.32,55.0
1753531747422,12:09:07.422,BCH/USDT:USDT,557.29,120.0,557.27,54.0,557.3,417.0,557.32,55.0
1753531747526,12:09:07.526,BCH/USDT:USDT,557.29,120.0,557.27,54.0,557.3,417.0,557.32,55.0
1753531747652,12:09:07.652,BCH/USDT:USDT,557.29,120.0,557.27,54.0,557.3,417.0,557.32,55.0
1753531747726,12:09:07.726,BCH/USDT:USDT,557.29,120.0,557.27,54.0,557.3,417.0,557.32,55.0
1753531747847,12:09:07.847,BCH/USDT:USDT,557.29,89.0,557.24,225.0,557.3,417.0,557.32,55.0
1753531748266,12:09:08.266,BCH/USDT:USDT,557.29,89.0,557.24,225.0,557.3,417.0,557.32,55.0
1753531748344,12:09:08.344,BCH/USDT:USDT,557.29,89.0,557.24,225.0,557.3,417.0,557.32,55.0
1753531748510,12:09:08.510,BCH/USDT:USDT,557.29,89.0,557.24,225.0,557.3,417.0,557.32,55.0
1753531748745,12:09:08.745,BCH/USDT:USDT,557.29,89.0,557.24,225.0,557.3,417.0,557.34,59.0
1753531749656,12:09:09.656,BCH/USDT:USDT,557.29,89.0,557.24,225.0,557.3,417.0,557.34,59.0
1753531749970,12:09:09.970,BCH/USDT:USDT,557.29,89.0,557.24,225.0,557.3,417.0,557.34,59.0
1753531750026,12:09:10.026,BCH/USDT:USDT,557.29,89.0,557.24,225.0,557.3,417.0,557.34,59.0
1753531750627,12:09:10.627,BCH/USDT:USDT,557.29,89.0,557.24,225.0,557.3,417.0,557.34,59.0
1753531750746,12:09:10.746,BCH/USDT:USDT,557.29,89.0,557.24,225.0,557.3,417.0,557.34,59.0
1753531750898,12:09:10.898,BCH/USDT:USDT,557.29,89.0,557.24,225.0,557.3,417.0,557.34,59.0
1753531750933,12:09:10.933,BCH/USDT:USDT,557.29,72.0,557.24,225.0,557.3,417.0,557.34,59.0
1753531751703,12:09:11.703,BCH/USDT:USDT,557.29,72.0,557.24,225.0,557.3,417.0,557.37,55.0
1753531751729,12:09:11.729,BCH/USDT:USDT,557.29,89.0,557.24,225.0,557.3,417.0,557.37,55.0
1753531752022,12:09:12.022,BCH/USDT:USDT,557.29,89.0,557.24,225.0,557.3,417.0,557.36,55.0
1753531752201,12:09:12.201,BCH/USDT:USDT,557.29,72.0,557.24,225.0,557.3,417.0,557.36,55.0
1753531752606,12:09:12.606,BCH/USDT:USDT,557.29,72.0,557.24,225.0,557.3,417.0,557.36,55.0
1753531753358,12:09:13.358,BCH/USDT:USDT,557.29,89.0,557.26,68.0,557.3,417.0,557.36,55.0
1753531753686,12:09:13.686,BCH/USDT:USDT,557.29,148.0,557.28,342.0,557.3,358.0,557.37,55.0
1753531753785,12:09:13.785,BCH/USDT:USDT,557.29,148.0,557.28,342.0,557.3,358.0,557.41,82.0
1753531753825,12:09:13.825,BCH/USDT:USDT,557.29,148.0,557.28,342.0,557.3,358.0,557.41,82.0
1753531754767,12:09:14.767,BCH/USDT:USDT,557.29,148.0,557.28,342.0,557.3,358.0,557.41,82.0
1753531754871,12:09:14.871,BCH/USDT:USDT,557.29,148.0,557.28,342.0,557.3,358.0,557.41,82.0
1753531754980,12:09:14.980,BCH/USDT:USDT,557.29,148.0,557.28,342.0,557.3,358.0,557.37,110.0
1753531755357,12:09:15.357,BCH/USDT:USDT,557.29,148.0,557.28,342.0,557.3,358.0,557.37,110.0
1753531755586,12:09:15.586,BCH/USDT:USDT,557.29,148.0,557.28,342.0,557.3,358.0,557.37,110.0
1753531755671,12:09:15.671,BCH/USDT:USDT,557.29,148.0,557.28,342.0,557.3,358.0,557.37,110.0
1753531756107,12:09:16.107,BCH/USDT:USDT,557.29,148.0,557.28,342.0,557.3,358.0,557.33,55.0
1753531756125,12:09:16.125,BCH/USDT:USDT,557.29,148.0,557.28,342.0,557.3,358.0,557.33,55.0
1753531756463,12:09:16.463,BCH/USDT:USDT,557.29,148.0,557.28,342.0,557.3,358.0,557.37,110.0
1753531756991,12:09:16.991,BCH/USDT:USDT,557.29,148.0,557.28,342.0,557.3,358.0,557.37,110.0
1753531757093,12:09:17.093,BCH/USDT:USDT,557.29,148.0,557.28,342.0,557.3,358.0,557.37,110.0
1753531757313,12:09:17.313,BCH/USDT:USDT,557.29,89.0,557.28,274.0,557.3,358.0,557.33,55.0
1753531757330,12:09:17.330,BCH/USDT:USDT,557.29,89.0,557.28,115.0,557.3,358.0,557.33,110.0
1753531757794,12:09:17.794,BCH/USDT:USDT,557.29,89.0,557.28,115.0,557.3,358.0,557.33,110.0
1753531757887,12:09:17.887,BCH/USDT:USDT,557.29,120.0,557.28,115.0,557.3,358.0,557.33,55.0
1753531757967,12:09:17.967,BCH/USDT:USDT,557.29,120.0,557.28,115.0,557.3,358.0,557.37,55.0
1753531758107,12:09:18.107,BCH/USDT:USDT,557.29,118.0,557.28,115.0,557.3,358.0,557.37,55.0
1753531758133,12:09:18.133,BCH/USDT:USDT,557.29,118.0,557.28,115.0,557.3,358.0,557.36,55.0
1753531758261,12:09:18.261,BCH/USDT:USDT,557.29,118.0,557.28,115.0,557.3,358.0,557.33,55.0
1753531758583,12:09:18.583,BCH/USDT:USDT,557.29,120.0,557.28,115.0,557.3,358.0,557.33,55.0
1753531758814,12:09:18.814,BCH/USDT:USDT,557.29,91.0,557.28,115.0,557.3,358.0,557.33,55.0
1753531758918,12:09:18.918,BCH/USDT:USDT,557.29,89.0,557.28,115.0,557.3,358.0,557.33,55.0
1753531759069,12:09:19.069,BCH/USDT:USDT,557.29,89.0,557.28,115.0,557.3,358.0,557.33,55.0
1753531759164,12:09:19.164,BCH/USDT:USDT,557.29,89.0,557.28,115.0,557.3,358.0,557.33,55.0
1753531759566,12:09:19.566,BCH/USDT:USDT,557.29,89.0,557.28,115.0,557.3,358.0,557.33,55.0
1753531759806,12:09:19.806,BCH/USDT:USDT,557.29,89.0,557.28,115.0,557.3,358.0,557.33,55.0
1753531759916,12:09:19.916,BCH/USDT:USDT,557.29,72.0,557.24,201.0,557.3,358.0,557.31,55.0
1753531760004,12:09:20.004,BCH/USDT:USDT,557.29,72.0,557.24,201.0,557.3,358.0,557.31,55.0
1753531760026,12:09:20.026,BCH/USDT:USDT,557.29,72.0,557.24,201.0,557.3,358.0,557.31,55.0
1753531760805,12:09:20.805,BCH/USDT:USDT,557.29,72.0,557.24,201.0,557.3,358.0,557.33,55.0
1753531761411,12:09:21.411,BCH/USDT:USDT,557.29,72.0,557.24,201.0,557.3,358.0,557.33,55.0
1753531761720,12:09:21.720,BCH/USDT:USDT,557.29,72.0,557.24,201.0,557.3,358.0,557.33,55.0
1753531762246,12:09:22.246,BCH/USDT:USDT,557.29,72.0,557.24,201.0,557.3,358.0,557.32,55.0
1753531762536,12:09:22.536,BCH/USDT:USDT,557.29,72.0,557.24,201.0,557.3,358.0,557.32,55.0
1753531762858,12:09:22.858,BCH/USDT:USDT,557.29,72.0,557.24,201.0,557.3,358.0,557.32,55.0
1753531763085,12:09:23.085,BCH/USDT:USDT,557.29,72.0,557.24,201.0,557.3,358.0,557.33,55.0
1753531763125,12:09:23.125,BCH/USDT:USDT,557.29,72.0,557.24,201.0,557.3,358.0,557.33,55.0
1753531763348,12:09:23.348,BCH/USDT:USDT,557.29,72.0,557.24,201.0,557.3,358.0,557.36,55.0
1753531763708,12:09:23.708,BCH/USDT:USDT,557.29,72.0,557.24,201.0,557.3,358.0,557.37,55.0
1753531763753,12:09:23.753,BCH/USDT:USDT,557.29,72.0,557.24,201.0,557.3,358.0,557.37,55.0
1753531764014,12:09:24.014,BCH/USDT:USDT,557.29,72.0,557.24,201.0,557.3,358.0,557.37,55.0
1753531764142,12:09:24.142,BCH/USDT:USDT,557.29,72.0,557.24,201.0,557.3,358.0,557.37,110.0
1753531764366,12:09:24.366,BCH/USDT:USDT,557.29,72.0,557.24,201.0,557.3,358.0,557.37,110.0
1753531764426,12:09:24.426,BCH/USDT:USDT,557.29,72.0,557.24,201.0,557.3,358.0,557.37,110.0
1753531764721,12:09:24.721,BCH/USDT:USDT,557.23,388.0,557.2,4.0,557.24,162.0,557.25,384.0
1753531764815,12:09:24.815,BCH/USDT:USDT,557.22,128.0,557.2,4.0,557.23,121.0,557.24,123.0
1753531764910,12:09:24.910,BCH/USDT:USDT,557.21,17.0,557.2,4.0,557.22,150.0,557.23,197.0
1753531764990,12:09:24.990,BCH/USDT:USDT,557.2,21.0,557.18,64.0,557.21,150.0,557.22,123.0
1753531765122,12:09:25.122,BCH/USDT:USDT,557.2,331.0,557.18,64.0,557.21,27.0,557.23,62.0
1753531765221,12:09:25.221,BCH/USDT:USDT,557.28,121.0,557.27,61.0,557.29,84.0,557.3,358.0
1753531765318,12:09:25.318,BCH/USDT:USDT,557.27,17.0,557.25,159.0,557.29,98.0,557.3,358.0
1753531765405,12:09:25.405,BCH/USDT:USDT,557.26,78.0,557.25,159.0,557.27,61.0,557.28,98.0
1753531765441,12:09:25.441,BCH/USDT:USDT,557.26,78.0,557.25,159.0,557.27,61.0,557.28,98.0
1753531765617,12:09:25.617,BCH/USDT:USDT,557.26,78.0,557.25,293.0,557.27,61.0,557.28,98.0
1753531765712,12:09:25.712,BCH/USDT:USDT,557.26,78.0,557.25,293.0,557.27,61.0,557.28,98.0
1753531765811,12:09:25.811,BCH/USDT:USDT,557.26,78.0,557.25,293.0,557.27,61.0,557.28,98.0
1753531766022,12:09:26.022,BCH/USDT:USDT,557.26,65.0,557.25,293.0,557.27,61.0,557.28,98.0
1753531766058,12:09:26.058,BCH/USDT:USDT,557.26,78.0,557.25,293.0,557.27,61.0,557.28,98.0
1753531766129,12:09:26.129,BCH/USDT:USDT,557.26,78.0,557.25,293.0,557.27,61.0,557.28,98.0
1753531766301,12:09:26.301,BCH/USDT:USDT,557.26,78.0,557.25,293.0,557.27,61.0,557.28,98.0
1753531766390,12:09:26.390,BCH/USDT:USDT,557.26,78.0,557.25,293.0,557.27,61.0,557.28,98.0
1753531766500,12:09:26.500,BCH/USDT:USDT,557.26,63.0,557.25,293.0,557.27,61.0,557.28,98.0
1753531766620,12:09:26.620,BCH/USDT:USDT,557.24,74.0,557.23,61.0,557.25,74.0,557.26,122.0
1753531766707,12:09:26.707,BCH/USDT:USDT,557.2,4.0,557.19,17.0,557.21,500.0,557.22,439.0
1753531766812,12:09:26.812,BCH/USDT:USDT,557.2,4.0,557.18,81.0,557.21,176.0,557.22,439.0
1753531766920,12:09:26.920,BCH/USDT:USDT,557.2,4.0,557.18,81.0,557.21,500.0,557.22,439.0
1753531766985,12:09:26.985,BCH/USDT:USDT,557.2,4.0,557.18,81.0,557.21,500.0,557.22,439.0
1753531767252,12:09:27.252,BCH/USDT:USDT,557.2,4.0,557.18,81.0,557.21,176.0,557.22,439.0
1753531767407,12:09:27.407,BCH/USDT:USDT,557.2,4.0,557.18,81.0,557.21,500.0,557.22,439.0
1753531767503,12:09:27.503,BCH/USDT:USDT,557.2,76.0,557.18,81.0,557.21,500.0,557.22,439.0
1753531767587,12:09:27.587,BCH/USDT:USDT,557.2,76.0,557.18,81.0,557.21,500.0,557.22,439.0
1753531767665,12:09:27.665,BCH/USDT:USDT,557.2,76.0,557.18,81.0,557.21,176.0,557.22,439.0
1753531767785,12:09:27.785,BCH/USDT:USDT,557.2,76.0,557.18,81.0,557.21,176.0,557.22,439.0
1753531767922,12:09:27.922,BCH/USDT:USDT,557.18,17.0,557.06,453.0,557.19,40.0,557.2,61.0
1753531768015,12:09:28.015,BCH/USDT:USDT,557.07,17.0,557.06,515.0,557.08,61.0,557.09,121.0
1753531768121,12:09:28.121,BCH/USDT:USDT,557.09,17.0,557.08,224.0,557.13,7.0,557.14,225.0
1753531768215,12:09:28.215,BCH/USDT:USDT,557.11,77.0,557.1,159.0,557.12,27.0,557.13,30.0
1753531768286,12:09:28.286,BCH/USDT:USDT,557.11,77.0,557.1,159.0,557.12,27.0,557.13,30.0
1753531768422,12:09:28.422,BCH/USDT:USDT,557.11,77.0,557.1,159.0,557.12,27.0,557.13,30.0
1753531768497,12:09:28.497,BCH/USDT:USDT,557.11,77.0,557.1,159.0,557.12,27.0,557.13,30.0
1753531768526,12:09:28.526,BCH/USDT:USDT,557.11,77.0,557.1,159.0,557.12,27.0,557.13,30.0
1753531768646,12:09:28.646,BCH/USDT:USDT,557.11,77.0,557.1,159.0,557.12,27.0,557.13,85.0
1753531768735,12:09:28.735,BCH/USDT:USDT,557.12,24.0,557.11,77.0,557.13,55.0,557.14,225.0
1753531768833,12:09:28.833,BCH/USDT:USDT,557.12,24.0,557.11,77.0,557.13,55.0,557.14,225.0
1753531769019,12:09:29.019,BCH/USDT:USDT,557.12,24.0,557.11,77.0,557.13,55.0,557.14,225.0
1753531769106,12:09:29.106,BCH/USDT:USDT,557.13,17.0,557.12,134.0,557.14,27.0,557.16,133.0
1753531769185,12:09:29.185,BCH/USDT:USDT,557.13,17.0,557.12,134.0,557.14,27.0,557.16,133.0
1753531769419,12:09:29.419,BCH/USDT:USDT,557.13,119.0,557.12,131.0,557.14,27.0,557.16,72.0
1753531769426,12:09:29.426,BCH/USDT:USDT,557.13,119.0,557.12,131.0,557.14,27.0,557.16,72.0
1753531769697,12:09:29.697,BCH/USDT:USDT,557.13,119.0,557.12,131.0,557.14,309.0,557.16,72.0
1753531769784,12:09:29.784,BCH/USDT:USDT,557.13,119.0,557.12,131.0,557.14,309.0,557.16,72.0
1753531770026,12:09:30.026,BCH/USDT:USDT,557.13,241.0,557.12,131.0,557.14,309.0,557.16,72.0
1753531770570,12:09:30.570,BCH/USDT:USDT,557.13,241.0,557.12,131.0,557.14,309.0,557.16,72.0
1753531770645,12:09:30.645,BCH/USDT:USDT,557.13,199.0,557.12,131.0,557.14,309.0,557.16,72.0
1753531771022,12:09:31.022,BCH/USDT:USDT,557.13,77.0,557.12,131.0,557.14,309.0,557.16,72.0
1753531771087,12:09:31.087,BCH/USDT:USDT,557.12,60.0,557.11,159.0,557.13,54.0,557.14,309.0
1753531771206,12:09:31.206,BCH/USDT:USDT,557.12,138.0,557.1,60.0,557.13,98.0,557.14,375.0
1753531771313,12:09:31.313,BCH/USDT:USDT,557.12,260.0,557.1,205.0,557.13,27.0,557.14,309.0
1753531771416,12:09:31.416,BCH/USDT:USDT,557.13,170.0,557.12,128.0,557.14,309.0,557.21,55.0
1753531771496,12:09:31.496,BCH/USDT:USDT,557.13,170.0,557.12,128.0,557.14,309.0,557.18,55.0
1753531771772,12:09:31.772,BCH/USDT:USDT,557.13,139.0,557.12,128.0,557.14,309.0,557.18,55.0
1753531771986,12:09:31.986,BCH/USDT:USDT,557.13,139.0,557.12,121.0,557.14,309.0,557.16,55.0
1753531772031,12:09:32.031,BCH/USDT:USDT,557.13,139.0,557.12,121.0,557.14,309.0,557.16,55.0
1753531772192,12:09:32.192,BCH/USDT:USDT,557.13,139.0,557.12,121.0,557.14,309.0,557.16,55.0
1753531772392,12:09:32.392,BCH/USDT:USDT,557.13,139.0,557.12,121.0,557.14,309.0,557.16,55.0
1753531772605,12:09:32.605,BCH/USDT:USDT,557.13,139.0,557.12,121.0,557.14,309.0,557.16,55.0
1753531772710,12:09:32.710,BCH/USDT:USDT,557.13,139.0,557.12,121.0,557.14,309.0,557.16,55.0
1753531772815,12:09:32.815,BCH/USDT:USDT,557.13,139.0,557.12,121.0,557.14,309.0,557.16,55.0
1753531772919,12:09:32.919,BCH/USDT:USDT,557.13,78.0,557.12,60.0,557.14,309.0,557.16,55.0
1753531773021,12:09:33.021,BCH/USDT:USDT,557.08,17.0,557.04,63.0,557.09,132.0,557.1,110.0
1753531773119,12:09:33.119,BCH/USDT:USDT,557.07,17.0,557.0,5.0,557.08,509.0,557.09,132.0
1753531773220,12:09:33.220,BCH/USDT:USDT,556.93,17.0,556.92,123.0,557.02,324.0,557.03,43.0
1753531773321,12:09:33.321,BCH/USDT:USDT,556.96,121.0,556.95,138.0,556.98,55.0,556.99,100.0
1753531773421,12:09:33.421,BCH/USDT:USDT,556.97,138.0,556.96,121.0,556.98,55.0,556.99,100.0
1753531773521,12:09:33.521,BCH/USDT:USDT,556.97,145.0,556.96,121.0,556.98,55.0,556.99,100.0
1753531773604,12:09:33.604,BCH/USDT:USDT,556.98,145.0,556.97,316.0,556.99,37.0,557.01,55.0
1753531773707,12:09:33.707,BCH/USDT:USDT,557.04,256.0,557.03,104.0,557.1,27.0,557.14,313.0
1753531773821,12:09:33.821,BCH/USDT:USDT,557.06,138.0,557.05,249.0,557.07,27.0,557.14,309.0
1753531773920,12:09:33.920,BCH/USDT:USDT,557.06,138.0,557.05,197.0,557.07,27.0,557.14,364.0
1753531774012,12:09:34.012,BCH/USDT:USDT,557.06,138.0,557.05,197.0,557.07,27.0,557.14,364.0
1753531774104,12:09:34.104,BCH/USDT:USDT,557.06,138.0,557.05,79.0,557.07,27.0,557.09,55.0
1753531774212,12:09:34.212,BCH/USDT:USDT,557.06,138.0,557.05,79.0,557.07,27.0,557.09,55.0
1753531774236,12:09:34.236,BCH/USDT:USDT,557.06,138.0,557.05,186.0,557.07,27.0,557.09,55.0
1753531774354,12:09:34.354,BCH/USDT:USDT,557.06,138.0,557.05,79.0,557.07,27.0,557.09,55.0
1753531774620,12:09:34.620,BCH/USDT:USDT,557.06,138.0,557.05,79.0,557.07,27.0,557.09,55.0
1753531774710,12:09:34.710,BCH/USDT:USDT,557.06,145.0,557.05,155.0,557.07,27.0,557.1,55.0
1753531774783,12:09:34.783,BCH/USDT:USDT,557.06,145.0,557.05,155.0,557.07,27.0,557.14,309.0
1753531774916,12:09:34.916,BCH/USDT:USDT,557.06,145.0,557.05,155.0,557.07,27.0,557.14,309.0
1753531774943,12:09:34.943,BCH/USDT:USDT,557.06,145.0,557.05,213.0,557.07,27.0,557.14,309.0
1753531775058,12:09:35.058,BCH/USDT:USDT,557.06,138.0,557.05,213.0,557.07,27.0,557.14,309.0
1753531775127,12:09:35.127,BCH/USDT:USDT,557.06,138.0,557.05,213.0,557.07,27.0,557.14,309.0
1753531775477,12:09:35.477,BCH/USDT:USDT,557.06,145.0,557.05,213.0,557.07,27.0,557.14,309.0
1753531775613,12:09:35.613,BCH/USDT:USDT,557.06,138.0,557.05,213.0,557.07,27.0,557.1,55.0
1753531775723,12:09:35.723,BCH/USDT:USDT,557.09,136.0,557.08,222.0,557.1,55.0,557.12,55.0
1753531775728,12:09:35.728,BCH/USDT:USDT,557.09,136.0,557.08,222.0,557.1,55.0,557.12,55.0
1753531776021,12:09:36.021,BCH/USDT:USDT,557.13,31.0,557.1,230.0,557.14,309.0,557.19,55.0
1753531776112,12:09:36.112,BCH/USDT:USDT,557.13,167.0,557.12,159.0,557.14,309.0,557.19,55.0
1753531776223,12:09:36.223,BCH/USDT:USDT,557.13,167.0,557.12,323.0,557.14,309.0,557.19,55.0
1753531776311,12:09:36.311,BCH/USDT:USDT,557.13,136.0,557.12,323.0,557.14,309.0,557.19,55.0
1753531776510,12:09:36.510,BCH/USDT:USDT,557.13,136.0,557.12,323.0,557.14,309.0,557.19,55.0
1753531776735,12:09:36.735,BCH/USDT:USDT,557.13,136.0,557.12,323.0,557.14,309.0,557.19,55.0
1753531776912,12:09:36.912,BCH/USDT:USDT,557.13,136.0,557.12,323.0,557.14,309.0,557.17,55.0
1753531777107,12:09:37.107,BCH/USDT:USDT,557.13,136.0,557.12,323.0,557.14,309.0,557.17,55.0
1753531777400,12:09:37.400,BCH/USDT:USDT,557.13,258.0,557.12,323.0,557.14,309.0,557.17,55.0
1753531777500,12:09:37.500,BCH/USDT:USDT,557.13,265.0,557.12,323.0,557.14,309.0,557.19,55.0
1753531777620,12:09:37.620,BCH/USDT:USDT,557.14,223.0,557.13,329.0,557.24,55.0,557.25,181.0
1753531777722,12:09:37.722,BCH/USDT:USDT,557.21,78.0,557.2,109.0,557.22,27.0,557.24,55.0
1753531777765,12:09:37.765,BCH/USDT:USDT,557.21,78.0,557.2,109.0,557.22,27.0,557.24,55.0
1753531777903,12:09:37.903,BCH/USDT:USDT,557.21,78.0,557.2,109.0,557.22,27.0,557.24,55.0
1753531777926,12:09:37.926,BCH/USDT:USDT,557.21,78.0,557.2,109.0,557.22,27.0,557.24,55.0
1753531778303,12:09:38.303,BCH/USDT:USDT,557.24,174.0,557.23,223.0,557.25,126.0,557.3,55.0
1753531778423,12:09:38.423,BCH/USDT:USDT,557.24,126.0,557.23,223.0,557.25,126.0,557.3,55.0
1753531778506,12:09:38.506,BCH/USDT:USDT,557.23,240.0,557.22,126.0,557.24,27.0,557.29,62.0
1753531778560,12:09:38.560,BCH/USDT:USDT,557.23,240.0,557.22,126.0,557.24,27.0,557.29,62.0
1753531778718,12:09:38.718,BCH/USDT:USDT,557.23,240.0,557.22,126.0,557.24,27.0,557.29,62.0
1753531778758,12:09:38.758,BCH/USDT:USDT,557.23,223.0,557.22,126.0,557.24,385.0,557.29,62.0
1753531778889,12:09:38.889,BCH/USDT:USDT,557.23,223.0,557.22,126.0,557.24,385.0,557.29,62.0
1753531778928,12:09:38.928,BCH/USDT:USDT,557.23,223.0,557.22,126.0,557.24,385.0,557.28,55.0
1753531779102,12:09:39.102,BCH/USDT:USDT,557.2,92.0,557.19,167.0,557.21,54.0,557.22,55.0
1753531779212,12:09:39.212,BCH/USDT:USDT,557.2,92.0,557.19,167.0,557.21,54.0,557.22,55.0
1753531779317,12:09:39.317,BCH/USDT:USDT,557.2,92.0,557.19,99.0,557.21,54.0,557.22,55.0
1753531779407,12:09:39.407,BCH/USDT:USDT,557.2,112.0,557.19,241.0,557.21,27.0,557.24,358.0
1753531779523,12:09:39.523,BCH/USDT:USDT,557.2,112.0,557.19,99.0,557.21,27.0,557.24,358.0
1753531779610,12:09:39.610,BCH/USDT:USDT,557.2,112.0,557.19,204.0,557.21,27.0,557.24,358.0
1753531779694,12:09:39.694,BCH/USDT:USDT,557.23,125.0,557.22,125.0,557.24,358.0,557.29,62.0
1753531779791,12:09:39.791,BCH/USDT:USDT,557.23,125.0,557.22,125.0,557.24,358.0,557.29,62.0
1753531779868,12:09:39.868,BCH/USDT:USDT,557.23,125.0,557.22,125.0,557.24,358.0,557.29,62.0
1753531780006,12:09:40.006,BCH/USDT:USDT,557.23,125.0,557.22,125.0,557.24,358.0,557.29,62.0
1753531780305,12:09:40.305,BCH/USDT:USDT,557.23,125.0,557.22,219.0,557.24,358.0,557.29,62.0
1753531780402,12:09:40.402,BCH/USDT:USDT,557.23,125.0,557.22,125.0,557.24,358.0,557.29,62.0
1753531780690,12:09:40.690,BCH/USDT:USDT,557.23,142.0,557.22,125.0,557.24,358.0,557.26,55.0
1753531781006,12:09:41.006,BCH/USDT:USDT,557.23,142.0,557.22,250.0,557.24,358.0,557.25,55.0
1753531781106,12:09:41.106,BCH/USDT:USDT,557.23,230.0,557.22,250.0,557.24,358.0,557.3,55.0
1753531781210,12:09:41.210,BCH/USDT:USDT,557.23,142.0,557.22,250.0,557.24,358.0,557.3,55.0
1753531781308,12:09:41.308,BCH/USDT:USDT,557.23,142.0,557.22,250.0,557.24,358.0,557.3,55.0
1753531781326,12:09:41.326,BCH/USDT:USDT,557.23,142.0,557.22,250.0,557.24,358.0,557.3,55.0
1753531781475,12:09:41.475,BCH/USDT:USDT,557.23,142.0,557.22,250.0,557.24,358.0,557.3,55.0
1753531781602,12:09:41.602,BCH/USDT:USDT,557.23,260.0,557.22,250.0,557.24,358.0,557.3,55.0
1753531781821,12:09:41.821,BCH/USDT:USDT,557.23,260.0,557.22,250.0,557.24,358.0,557.29,55.0
1753531782012,12:09:42.012,BCH/USDT:USDT,557.23,260.0,557.22,250.0,557.24,358.0,557.29,55.0
1753531782027,12:09:42.027,BCH/USDT:USDT,557.23,260.0,557.22,250.0,557.24,358.0,557.29,55.0
1753531782192,12:09:42.192,BCH/USDT:USDT,557.23,142.0,557.22,250.0,557.24,358.0,557.25,55.0
1753531782412,12:09:42.412,BCH/USDT:USDT,557.28,252.0,557.27,169.0,557.31,27.0,557.32,55.0
1753531782513,12:09:42.513,BCH/USDT:USDT,557.3,132.0,557.29,149.0,557.31,27.0,557.32,55.0
1753531782595,12:09:42.595,BCH/USDT:USDT,557.3,132.0,557.29,149.0,557.31,27.0,557.32,55.0
1753531782996,12:09:42.996,BCH/USDT:USDT,557.3,132.0,557.29,149.0,557.31,27.0,557.32,55.0
1753531783073,12:09:43.073,BCH/USDT:USDT,557.3,132.0,557.29,149.0,557.31,27.0,557.37,55.0
1753531783221,12:09:43.221,BCH/USDT:USDT,557.3,132.0,557.29,149.0,557.31,351.0,557.32,55.0
1753531783321,12:09:43.321,BCH/USDT:USDT,557.3,68.0,557.29,132.0,557.31,448.0,557.32,55.0
1753531783406,12:09:43.406,BCH/USDT:USDT,557.27,64.0,557.26,132.0,557.28,324.0,557.29,44.0
1753531783518,12:09:43.518,BCH/USDT:USDT,557.27,64.0,557.26,279.0,557.28,324.0,557.32,55.0
1753531783618,12:09:43.618,BCH/USDT:USDT,557.27,64.0,557.26,279.0,557.28,324.0,557.32,55.0
1753531783686,12:09:43.686,BCH/USDT:USDT,557.27,64.0,557.26,279.0,557.28,324.0,557.32,55.0
1753531783898,12:09:43.898,BCH/USDT:USDT,557.27,81.0,557.26,132.0,557.31,324.0,557.32,55.0
1753531783986,12:09:43.986,BCH/USDT:USDT,557.27,64.0,557.26,132.0,557.31,324.0,557.32,55.0
1753531784047,12:09:44.047,BCH/USDT:USDT,557.27,64.0,557.26,132.0,557.31,324.0,557.32,55.0
1753531784266,12:09:44.266,BCH/USDT:USDT,557.27,64.0,557.26,132.0,557.28,98.0,557.29,66.0
1753531784345,12:09:44.345,BCH/USDT:USDT,557.27,64.0,557.26,132.0,557.28,98.0,557.29,66.0
1753531784486,12:09:44.486,BCH/USDT:USDT,557.27,64.0,557.26,132.0,557.28,98.0,557.29,66.0
1753531784707,12:09:44.707,BCH/USDT:USDT,557.25,55.0,557.24,64.0,557.26,27.0,557.27,70.0
1753531784802,12:09:44.802,BCH/USDT:USDT,557.25,55.0,557.24,64.0,557.26,54.0,557.27,43.0
1753531784908,12:09:44.908,BCH/USDT:USDT,557.24,64.0,557.23,125.0,557.25,54.0,557.26,736.0
1753531785011,12:09:45.011,BCH/USDT:USDT,557.23,63.0,557.22,125.0,557.24,54.0,557.26,358.0
1753531785115,12:09:45.115,BCH/USDT:USDT,557.23,63.0,557.22,125.0,557.24,54.0,557.26,358.0
1753531785166,12:09:45.166,BCH/USDT:USDT,557.23,63.0,557.22,125.0,557.24,54.0,557.26,358.0
1753531785226,12:09:45.226,BCH/USDT:USDT,557.23,63.0,557.22,125.0,557.24,54.0,557.26,358.0
1753531785491,12:09:45.491,BCH/USDT:USDT,557.23,63.0,557.22,125.0,557.24,378.0,557.26,358.0
1753531785607,12:09:45.607,BCH/USDT:USDT,557.23,63.0,557.22,125.0,557.24,378.0,557.26,358.0
1753531786216,12:09:46.216,BCH/USDT:USDT,557.22,125.0,557.21,103.0,557.23,27.0,557.26,358.0
1753531786303,12:09:46.303,BCH/USDT:USDT,557.22,142.0,557.21,103.0,557.23,27.0,557.26,358.0
1753531786514,12:09:46.514,BCH/USDT:USDT,557.22,142.0,557.21,103.0,557.23,27.0,557.26,358.0
1753531786576,12:09:46.576,BCH/USDT:USDT,557.22,142.0,557.21,103.0,557.23,27.0,557.26,358.0
1753531786673,12:09:46.673,BCH/USDT:USDT,557.22,142.0,557.21,103.0,557.23,27.0,557.26,358.0
1753531786742,12:09:46.742,BCH/USDT:USDT,557.22,142.0,557.21,103.0,557.23,27.0,557.26,358.0
1753531787113,12:09:47.113,BCH/USDT:USDT,557.22,142.0,557.21,103.0,557.23,27.0,557.26,358.0
1753531787316,12:09:47.316,BCH/USDT:USDT,557.24,212.0,557.23,221.0,557.25,27.0,557.26,358.0
1753531787352,12:09:47.352,BCH/USDT:USDT,557.24,212.0,557.23,221.0,557.25,27.0,557.26,358.0
1753531787452,12:09:47.452,BCH/USDT:USDT,557.24,212.0,557.23,221.0,557.25,27.0,557.26,358.0
1753531787645,12:09:47.645,BCH/USDT:USDT,557.24,229.0,557.23,204.0,557.25,27.0,557.26,358.0
1753531787812,12:09:47.812,BCH/USDT:USDT,557.24,229.0,557.23,204.0,557.25,27.0,557.26,358.0
1753531787859,12:09:47.859,BCH/USDT:USDT,557.24,229.0,557.23,204.0,557.25,385.0,557.27,43.0
1753531788014,12:09:48.014,BCH/USDT:USDT,557.24,212.0,557.23,204.0,557.25,385.0,557.27,43.0
1753531788419,12:09:48.419,BCH/USDT:USDT,557.24,212.0,557.23,204.0,557.25,385.0,557.27,43.0
1753531788460,12:09:48.460,BCH/USDT:USDT,557.24,130.0,557.23,204.0,557.25,358.0,557.27,43.0
1753531788696,12:09:48.696,BCH/USDT:USDT,557.24,147.0,557.23,204.0,557.25,358.0,557.27,43.0
1753531788731,12:09:48.731,BCH/USDT:USDT,557.24,147.0,557.23,204.0,557.25,358.0,557.27,43.0
1753531788961,12:09:48.961,BCH/USDT:USDT,557.24,147.0,557.23,204.0,557.25,358.0,557.27,43.0
1753531789122,12:09:49.122,BCH/USDT:USDT,557.24,147.0,557.23,204.0,557.25,358.0,557.27,98.0
1753531789502,12:09:49.502,BCH/USDT:USDT,557.24,147.0,557.23,204.0,557.25,358.0,557.27,43.0
1753531789705,12:09:49.705,BCH/USDT:USDT,557.28,110.0,557.27,149.0,557.29,27.0,557.33,55.0
1753531789812,12:09:49.812,BCH/USDT:USDT,557.31,127.0,557.3,132.0,557.32,27.0,557.33,55.0
1753531789920,12:09:49.920,BCH/USDT:USDT,557.33,132.0,557.32,132.0,557.34,27.0,557.39,55.0
1753531790004,12:09:50.004,BCH/USDT:USDT,557.33,132.0,557.32,132.0,557.34,27.0,557.39,55.0
1753531790065,12:09:50.065,BCH/USDT:USDT,557.33,132.0,557.32,132.0,557.34,27.0,557.39,55.0
1753531790519,12:09:50.519,BCH/USDT:USDT,557.34,132.0,557.33,132.0,557.35,27.0,557.39,55.0
1753531790527,12:09:50.527,BCH/USDT:USDT,557.34,132.0,557.33,132.0,557.35,27.0,557.39,55.0
1753531790627,12:09:50.627,BCH/USDT:USDT,557.34,132.0,557.33,132.0,557.35,27.0,557.39,55.0
1753531790923,12:09:50.923,BCH/USDT:USDT,557.34,132.0,557.33,132.0,557.35,385.0,557.36,55.0
1753531791106,12:09:51.106,BCH/USDT:USDT,557.34,132.0,557.33,132.0,557.35,385.0,557.36,55.0
1753531791500,12:09:51.500,BCH/USDT:USDT,557.34,93.0,557.33,132.0,557.35,709.0,557.36,55.0
1753531791621,12:09:51.621,BCH/USDT:USDT,557.18,68.0,557.14,159.0,557.19,205.0,557.21,132.0
1753531791722,12:09:51.722,BCH/USDT:USDT,557.1,260.0,557.09,140.0,557.12,27.0,557.13,87.0
1753531791819,12:09:51.819,BCH/USDT:USDT,557.12,133.0,557.11,221.0,557.13,44.0,557.15,131.0
1753531791921,12:09:51.921,BCH/USDT:USDT,557.2,133.0,557.19,164.0,557.25,33.0,557.3,117.0
1753531792006,12:09:52.006,BCH/USDT:USDT,557.21,59.0,557.2,156.0,557.22,92.0,557.23,80.0
1753531792122,12:09:52.122,BCH/USDT:USDT,557.12,65.0,557.02,117.0,557.13,160.0,557.14,160.0
1753531792207,12:09:52.207,BCH/USDT:USDT,557.08,65.0,557.07,158.0,557.09,68.0,557.1,68.0
1753531792312,12:09:52.312,BCH/USDT:USDT,557.08,65.0,557.07,158.0,557.09,68.0,557.1,68.0
1753531792406,12:09:52.406,BCH/USDT:USDT,557.09,144.0,557.08,106.0,557.11,68.0,557.12,148.0
1753531792520,12:09:52.520,BCH/USDT:USDT,557.21,164.0,557.18,159.0,557.22,27.0,557.29,40.0
1753531792613,12:09:52.613,BCH/USDT:USDT,557.21,133.0,557.19,95.0,557.22,27.0,557.25,55.0
1753531792672,12:09:52.672,BCH/USDT:USDT,557.21,133.0,557.19,95.0,557.22,27.0,557.25,55.0
1753531792807,12:09:52.807,BCH/USDT:USDT,557.21,133.0,557.19,95.0,557.22,27.0,557.25,55.0
1753531793011,12:09:53.011,BCH/USDT:USDT,557.22,133.0,557.21,133.0,557.25,55.0,557.27,55.0
1753531793102,12:09:53.102,BCH/USDT:USDT,557.23,133.0,557.22,133.0,557.24,27.0,557.25,55.0
1753531793126,12:09:53.126,BCH/USDT:USDT,557.23,133.0,557.22,133.0,557.24,27.0,557.25,55.0
1753531793226,12:09:53.226,BCH/USDT:USDT,557.23,133.0,557.22,133.0,557.24,27.0,557.25,55.0
1753531793371,12:09:53.371,BCH/USDT:USDT,557.23,133.0,557.22,133.0,557.24,27.0,557.25,55.0
1753531793906,12:09:53.906,BCH/USDT:USDT,557.23,133.0,557.22,133.0,557.24,385.0,557.25,55.0
1753531793944,12:09:53.944,BCH/USDT:USDT,557.23,133.0,557.22,133.0,557.24,385.0,557.25,55.0
1753531794145,12:09:54.145,BCH/USDT:USDT,557.23,133.0,557.22,133.0,557.24,385.0,557.25,55.0
1753531794345,12:09:54.345,BCH/USDT:USDT,557.23,133.0,557.22,133.0,557.24,385.0,557.25,55.0
1753531794767,12:09:54.767,BCH/USDT:USDT,557.23,133.0,557.22,133.0,557.24,385.0,557.25,55.0
