timestamp,time,symbol,bid1_price,bid1_volume,bid2_price,bid2_volume,ask1_price,ask1_volume,ask2_price,ask2_volume
1753531601000,12:06:41.000,BANANAS31/USDT:USDT,0.006464,21.0,0.006463,6.0,0.006469,7.0,0.00647,300.0
1753531601845,12:06:41.845,BANANAS31/USDT:USDT,0.006464,21.0,0.006463,6.0,0.006469,7.0,0.00647,300.0
1753531602315,12:06:42.315,BANANAS31/USDT:USDT,0.006464,21.0,0.006463,6.0,0.006469,7.0,0.00647,300.0
1753531602408,12:06:42.408,BANANAS31/USDT:USDT,0.006466,7.0,0.006464,12.0,0.006469,7.0,0.00647,300.0
1753531602433,12:06:42.433,BANANAS31/USDT:USDT,0.006466,7.0,0.006464,12.0,0.006469,7.0,0.00647,300.0
1753531603577,12:06:43.577,BANANAS31/USDT:USDT,0.006465,7.0,0.006463,12.0,0.006468,14.0,0.006469,46.0
1753531603681,12:06:43.681,BANANAS31/USDT:USDT,0.006465,7.0,0.006463,12.0,0.006468,14.0,0.006469,46.0
1753531603960,12:06:43.960,BANANAS31/USDT:USDT,0.006465,7.0,0.006463,12.0,0.006468,14.0,0.006469,46.0
1753531604075,12:06:44.075,BANANAS31/USDT:USDT,0.006465,7.0,0.006463,12.0,0.006468,14.0,0.006469,46.0
1753531604378,12:06:44.378,BANANAS31/USDT:USDT,0.006465,7.0,0.006463,12.0,0.006468,14.0,0.006469,46.0
1753531604438,12:06:44.438,BANANAS31/USDT:USDT,0.006465,7.0,0.006463,12.0,0.006468,14.0,0.006469,46.0
1753531604569,12:06:44.569,BANANAS31/USDT:USDT,0.006465,7.0,0.006463,12.0,0.006469,39.0,0.00647,262.0
1753531605012,12:06:45.012,BANANAS31/USDT:USDT,0.006465,7.0,0.006463,12.0,0.006469,39.0,0.00647,262.0
1753531605194,12:06:45.194,BANANAS31/USDT:USDT,0.006465,7.0,0.006463,12.0,0.006469,39.0,0.00647,262.0
1753531606890,12:06:46.890,BANANAS31/USDT:USDT,0.006465,7.0,0.006463,12.0,0.006469,39.0,0.00647,262.0
1753531607391,12:06:47.391,BANANAS31/USDT:USDT,0.006465,7.0,0.006463,12.0,0.006469,39.0,0.00647,262.0
1753531608803,12:06:48.803,BANANAS31/USDT:USDT,0.006465,7.0,0.006463,12.0,0.006469,39.0,0.00647,262.0
1753531608875,12:06:48.875,BANANAS31/USDT:USDT,0.006465,7.0,0.006463,12.0,0.006469,39.0,0.00647,262.0
1753531609236,12:06:49.236,BANANAS31/USDT:USDT,0.006465,7.0,0.006463,12.0,0.006469,39.0,0.00647,262.0
1753531609522,12:06:49.522,BANANAS31/USDT:USDT,0.006465,7.0,0.006463,12.0,0.006469,39.0,0.00647,262.0
1753531609525,12:06:49.525,BANANAS31/USDT:USDT,0.006465,7.0,0.006463,12.0,0.006469,39.0,0.00647,262.0
1753531610068,12:06:50.068,BANANAS31/USDT:USDT,0.006465,7.0,0.006463,12.0,0.006469,39.0,0.00647,262.0
1753531610140,12:06:50.140,BANANAS31/USDT:USDT,0.006465,7.0,0.006463,12.0,0.006469,39.0,0.00647,262.0
1753531610235,12:06:50.235,BANANAS31/USDT:USDT,0.006465,7.0,0.006463,12.0,0.006469,39.0,0.00647,262.0
1753531610762,12:06:50.762,BANANAS31/USDT:USDT,0.006466,7.0,0.006464,12.0,0.00647,262.0,0.006471,190.0
1753531610864,12:06:50.864,BANANAS31/USDT:USDT,0.006466,7.0,0.006464,12.0,0.00647,262.0,0.006471,190.0
1753531611289,12:06:51.289,BANANAS31/USDT:USDT,0.006466,7.0,0.006464,12.0,0.00647,262.0,0.006471,190.0
1753531611708,12:06:51.708,BANANAS31/USDT:USDT,0.006466,7.0,0.006464,12.0,0.00647,262.0,0.006471,190.0
1753531612017,12:06:52.017,BANANAS31/USDT:USDT,0.006464,12.0,0.006462,12.0,0.00647,262.0,0.006471,190.0
1753531612125,12:06:52.125,BANANAS31/USDT:USDT,0.006464,12.0,0.006462,12.0,0.00647,262.0,0.006471,190.0
1753531612137,12:06:52.137,BANANAS31/USDT:USDT,0.006464,15.0,0.006462,12.0,0.00647,262.0,0.006471,190.0
1753531612861,12:06:52.861,BANANAS31/USDT:USDT,0.006464,15.0,0.006462,12.0,0.00647,262.0,0.006471,190.0
1753531613008,12:06:53.008,BANANAS31/USDT:USDT,0.006464,15.0,0.006462,12.0,0.00647,255.0,0.006471,190.0
1753531613044,12:06:53.044,BANANAS31/USDT:USDT,0.006464,15.0,0.006462,12.0,0.00647,262.0,0.006471,190.0
1753531613674,12:06:53.674,BANANAS31/USDT:USDT,0.006464,15.0,0.006462,12.0,0.00647,262.0,0.006471,190.0
1753531616010,12:06:56.010,BANANAS31/USDT:USDT,0.006466,7.0,0.006464,15.0,0.00647,262.0,0.006474,39.0
1753531616065,12:06:56.065,BANANAS31/USDT:USDT,0.006466,7.0,0.006464,15.0,0.00647,262.0,0.006474,39.0
1753531616990,12:06:56.990,BANANAS31/USDT:USDT,0.006466,7.0,0.006464,15.0,0.00647,262.0,0.006474,39.0
1753531618494,12:06:58.494,BANANAS31/USDT:USDT,0.006466,7.0,0.006464,15.0,0.00647,262.0,0.006474,39.0
1753531618923,12:06:58.923,BANANAS31/USDT:USDT,0.006467,7.0,0.006466,3.0,0.00647,255.0,0.006471,7.0
1753531619012,12:06:59.012,BANANAS31/USDT:USDT,0.006467,7.0,0.006466,3.0,0.00647,255.0,0.006471,7.0
1753531620168,12:07:00.168,BANANAS31/USDT:USDT,0.006467,7.0,0.006466,3.0,0.00647,255.0,0.006471,7.0
1753531621360,12:07:01.360,BANANAS31/USDT:USDT,0.006466,15.0,0.006464,12.0,0.00647,248.0,0.006474,39.0
1753531621464,12:07:01.464,BANANAS31/USDT:USDT,0.006466,15.0,0.006464,12.0,0.00647,248.0,0.006474,39.0
1753531621860,12:07:01.860,BANANAS31/USDT:USDT,0.006466,15.0,0.006464,12.0,0.00647,248.0,0.006474,39.0
1753531623124,12:07:03.124,BANANAS31/USDT:USDT,0.006467,7.0,0.006466,15.0,0.00647,248.0,0.006474,39.0
1753531623128,12:07:03.128,BANANAS31/USDT:USDT,0.006467,7.0,0.006466,3.0,0.00647,248.0,0.006471,7.0
1753531623274,12:07:03.274,BANANAS31/USDT:USDT,0.006467,7.0,0.006466,3.0,0.00647,248.0,0.006471,7.0
1753531623661,12:07:03.661,BANANAS31/USDT:USDT,0.006467,7.0,0.006466,3.0,0.00647,248.0,0.006471,7.0
1753531623763,12:07:03.763,BANANAS31/USDT:USDT,0.006467,7.0,0.006466,3.0,0.00647,248.0,0.006471,7.0
1753531624290,12:07:04.290,BANANAS31/USDT:USDT,0.006467,7.0,0.006466,3.0,0.00647,248.0,0.006471,7.0
1753531624425,12:07:04.425,BANANAS31/USDT:USDT,0.006467,7.0,0.006466,3.0,0.00647,248.0,0.006471,7.0
1753531624706,12:07:04.706,BANANAS31/USDT:USDT,0.006469,7.0,0.006467,12.0,0.00647,248.0,0.006471,7.0
1753531624788,12:07:04.788,BANANAS31/USDT:USDT,0.006466,10.0,0.006464,12.0,0.006468,7.0,0.006469,7.0
1753531624854,12:07:04.854,BANANAS31/USDT:USDT,0.006466,10.0,0.006464,12.0,0.006468,7.0,0.006469,7.0
1753531625127,12:07:05.127,BANANAS31/USDT:USDT,0.006466,16.0,0.006464,12.0,0.006468,7.0,0.006469,7.0
1753531625459,12:07:05.459,BANANAS31/USDT:USDT,0.006466,16.0,0.006464,12.0,0.006468,7.0,0.006469,7.0
1753531625553,12:07:05.553,BANANAS31/USDT:USDT,0.006466,16.0,0.006464,12.0,0.006468,7.0,0.006469,7.0
1753531626469,12:07:06.469,BANANAS31/USDT:USDT,0.006466,16.0,0.006464,12.0,0.006469,7.0,0.00647,248.0
1753531626783,12:07:06.783,BANANAS31/USDT:USDT,0.006466,16.0,0.006464,12.0,0.006469,7.0,0.00647,248.0
1753531627226,12:07:07.226,BANANAS31/USDT:USDT,0.006466,16.0,0.006464,12.0,0.006469,7.0,0.00647,248.0
1753531628075,12:07:08.075,BANANAS31/USDT:USDT,0.006466,16.0,0.006464,12.0,0.006469,7.0,0.00647,248.0
1753531628912,12:07:08.912,BANANAS31/USDT:USDT,0.006466,9.0,0.006464,12.0,0.006469,7.0,0.00647,248.0
1753531629175,12:07:09.175,BANANAS31/USDT:USDT,0.006466,6.0,0.006464,12.0,0.006469,7.0,0.00647,255.0
1753531630098,12:07:10.098,BANANAS31/USDT:USDT,0.006466,9.0,0.006465,7.0,0.006469,7.0,0.00647,248.0
1753531631256,12:07:11.256,BANANAS31/USDT:USDT,0.006466,9.0,0.006465,7.0,0.006469,7.0,0.00647,248.0
1753531631337,12:07:11.337,BANANAS31/USDT:USDT,0.006466,9.0,0.006465,7.0,0.006469,7.0,0.00647,248.0
1753531631433,12:07:11.433,BANANAS31/USDT:USDT,0.006466,9.0,0.006465,7.0,0.006469,7.0,0.00647,248.0
1753531632875,12:07:12.875,BANANAS31/USDT:USDT,0.006466,9.0,0.006465,7.0,0.006469,7.0,0.00647,248.0
1753531634137,12:07:14.137,BANANAS31/USDT:USDT,0.006466,9.0,0.006465,7.0,0.006469,7.0,0.00647,248.0
1753531634455,12:07:14.455,BANANAS31/USDT:USDT,0.006466,9.0,0.006465,7.0,0.006469,7.0,0.00647,248.0
1753531634918,12:07:14.918,BANANAS31/USDT:USDT,0.006464,12.0,0.006463,39.0,0.006469,14.0,0.00647,248.0
1753531635010,12:07:15.010,BANANAS31/USDT:USDT,0.006464,12.0,0.006463,39.0,0.006469,14.0,0.00647,248.0
1753531635039,12:07:15.039,BANANAS31/USDT:USDT,0.006464,12.0,0.006463,39.0,0.006469,14.0,0.00647,248.0
1753531635128,12:07:15.128,BANANAS31/USDT:USDT,0.006464,15.0,0.006463,39.0,0.006469,14.0,0.00647,248.0
1753531635288,12:07:15.288,BANANAS31/USDT:USDT,0.006464,15.0,0.006463,39.0,0.006469,14.0,0.00647,248.0
1753531635706,12:07:15.706,BANANAS31/USDT:USDT,0.006464,15.0,0.006463,39.0,0.006469,14.0,0.00647,248.0
1753531635736,12:07:15.736,BANANAS31/USDT:USDT,0.006465,13.0,0.006464,3.0,0.006469,14.0,0.00647,248.0
1753531635990,12:07:15.990,BANANAS31/USDT:USDT,0.006467,7.0,0.006465,15.0,0.006469,7.0,0.00647,262.0
1753531636123,12:07:16.123,BANANAS31/USDT:USDT,0.006467,7.0,0.006465,15.0,0.006469,7.0,0.00647,262.0
1753531636124,12:07:16.124,BANANAS31/USDT:USDT,0.006467,7.0,0.006465,15.0,0.006469,7.0,0.00647,262.0
1753531636874,12:07:16.874,BANANAS31/USDT:USDT,0.006465,15.0,0.006464,3.0,0.006469,7.0,0.00647,262.0
1753531636950,12:07:16.950,BANANAS31/USDT:USDT,0.006465,15.0,0.006464,3.0,0.006469,7.0,0.00647,262.0
1753531637031,12:07:17.031,BANANAS31/USDT:USDT,0.006465,15.0,0.006464,3.0,0.006469,7.0,0.00647,262.0
1753531637675,12:07:17.675,BANANAS31/USDT:USDT,0.006465,15.0,0.006464,3.0,0.006469,7.0,0.00647,262.0
1753531638173,12:07:18.173,BANANAS31/USDT:USDT,0.006465,15.0,0.006464,3.0,0.006469,7.0,0.00647,262.0
1753531638385,12:07:18.385,BANANAS31/USDT:USDT,0.006466,7.0,0.006465,3.0,0.006469,7.0,0.00647,255.0
1753531638490,12:07:18.490,BANANAS31/USDT:USDT,0.006467,7.0,0.006465,15.0,0.006469,7.0,0.00647,262.0
1753531638545,12:07:18.545,BANANAS31/USDT:USDT,0.006467,7.0,0.006465,15.0,0.006469,7.0,0.00647,262.0
1753531638631,12:07:18.631,BANANAS31/USDT:USDT,0.006467,7.0,0.006465,15.0,0.006469,7.0,0.00647,262.0
1753531638875,12:07:18.875,BANANAS31/USDT:USDT,0.006467,7.0,0.006465,15.0,0.006469,7.0,0.00647,262.0
1753531639050,12:07:19.050,BANANAS31/USDT:USDT,0.006467,7.0,0.006465,15.0,0.006469,7.0,0.00647,262.0
1753531640918,12:07:20.918,BANANAS31/USDT:USDT,0.006465,15.0,0.006464,3.0,0.006469,7.0,0.00647,262.0
1753531641072,12:07:21.072,BANANAS31/USDT:USDT,0.006465,15.0,0.006464,3.0,0.006469,7.0,0.00647,262.0
1753531642291,12:07:22.291,BANANAS31/USDT:USDT,0.006465,15.0,0.006464,3.0,0.006469,7.0,0.00647,262.0
1753531642342,12:07:22.342,BANANAS31/USDT:USDT,0.006465,15.0,0.006464,3.0,0.006469,7.0,0.00647,262.0
1753531642475,12:07:22.475,BANANAS31/USDT:USDT,0.006465,15.0,0.006464,3.0,0.006469,7.0,0.00647,262.0
1753531642835,12:07:22.835,BANANAS31/USDT:USDT,0.006465,15.0,0.006464,3.0,0.006469,7.0,0.00647,262.0
1753531646580,12:07:26.580,BANANAS31/USDT:USDT,0.006465,15.0,0.006464,3.0,0.006469,7.0,0.00647,262.0
1753531646642,12:07:26.642,BANANAS31/USDT:USDT,0.006465,15.0,0.006464,3.0,0.006469,45.0,0.00647,262.0
1753531646899,12:07:26.899,BANANAS31/USDT:USDT,0.006465,12.0,0.006464,3.0,0.006469,45.0,0.00647,262.0
1753531647275,12:07:27.275,BANANAS31/USDT:USDT,0.006465,12.0,0.006464,3.0,0.006469,45.0,0.00647,262.0
1753531647328,12:07:27.328,BANANAS31/USDT:USDT,0.006465,15.0,0.006464,3.0,0.006469,45.0,0.00647,262.0
1753531647567,12:07:27.567,BANANAS31/USDT:USDT,0.006463,12.0,0.006461,22.0,0.006468,49.0,0.006469,45.0
1753531648009,12:07:28.009,BANANAS31/USDT:USDT,0.006463,12.0,0.006461,22.0,0.006468,56.0,0.006469,45.0
1753531648386,12:07:28.386,BANANAS31/USDT:USDT,0.006463,12.0,0.006461,22.0,0.006468,56.0,0.006469,45.0
1753531649084,12:07:29.084,BANANAS31/USDT:USDT,0.006463,12.0,0.006461,22.0,0.006468,56.0,0.006469,45.0
1753531649587,12:07:29.587,BANANAS31/USDT:USDT,0.006463,12.0,0.006461,22.0,0.006468,56.0,0.006469,45.0
1753531651005,12:07:31.005,BANANAS31/USDT:USDT,0.006463,12.0,0.006461,22.0,0.006468,56.0,0.006469,45.0
1753531651468,12:07:31.468,BANANAS31/USDT:USDT,0.006463,18.0,0.006462,38.0,0.006468,52.0,0.006469,45.0
1753531652075,12:07:32.075,BANANAS31/USDT:USDT,0.006463,18.0,0.006462,38.0,0.006468,52.0,0.006469,45.0
1753531652414,12:07:32.414,BANANAS31/USDT:USDT,0.006463,18.0,0.006462,38.0,0.006468,52.0,0.006469,45.0
1753531652441,12:07:32.441,BANANAS31/USDT:USDT,0.006463,18.0,0.006462,38.0,0.006468,52.0,0.006469,45.0
1753531653005,12:07:33.005,BANANAS31/USDT:USDT,0.006463,18.0,0.006462,38.0,0.006468,52.0,0.006469,45.0
1753531655115,12:07:35.115,BANANAS31/USDT:USDT,0.006463,18.0,0.006462,38.0,0.006468,52.0,0.006469,45.0
1753531656721,12:07:36.721,BANANAS31/USDT:USDT,0.006461,22.0,0.00646,39.0,0.006466,49.0,0.006467,38.0
1753531656821,12:07:36.821,BANANAS31/USDT:USDT,0.006459,21.0,0.006457,39.0,0.006466,11.0,0.006467,38.0
1753531656914,12:07:36.914,BANANAS31/USDT:USDT,0.006459,21.0,0.006457,51.0,0.006464,11.0,0.006465,38.0
1753531656948,12:07:36.948,BANANAS31/USDT:USDT,0.006459,21.0,0.006457,51.0,0.006464,18.0,0.006465,38.0
1753531657056,12:07:37.056,BANANAS31/USDT:USDT,0.006459,21.0,0.006457,51.0,0.006464,18.0,0.006465,38.0
1753531657157,12:07:37.157,BANANAS31/USDT:USDT,0.006459,21.0,0.006457,51.0,0.006464,18.0,0.006465,38.0
1753531657287,12:07:37.287,BANANAS31/USDT:USDT,0.006459,21.0,0.006458,45.0,0.006464,18.0,0.006465,38.0
1753531657369,12:07:37.369,BANANAS31/USDT:USDT,0.006459,21.0,0.006458,45.0,0.006464,18.0,0.006465,38.0
1753531657515,12:07:37.515,BANANAS31/USDT:USDT,0.006459,21.0,0.006458,45.0,0.006464,18.0,0.006465,38.0
1753531657528,12:07:37.528,BANANAS31/USDT:USDT,0.006459,21.0,0.006457,51.0,0.006464,18.0,0.006465,38.0
1753531657818,12:07:37.818,BANANAS31/USDT:USDT,0.006459,21.0,0.006457,98.0,0.006464,18.0,0.006465,38.0
1753531657828,12:07:37.828,BANANAS31/USDT:USDT,0.006459,21.0,0.006458,38.0,0.006464,18.0,0.006465,38.0
1753531658101,12:07:38.101,BANANAS31/USDT:USDT,0.006459,21.0,0.006458,38.0,0.006464,18.0,0.006465,38.0
1753531658318,12:07:38.318,BANANAS31/USDT:USDT,0.006459,21.0,0.006458,38.0,0.006464,18.0,0.006465,38.0
1753531658706,12:07:38.706,BANANAS31/USDT:USDT,0.006459,21.0,0.006458,38.0,0.006464,18.0,0.006465,38.0
1753531660006,12:07:40.006,BANANAS31/USDT:USDT,0.006459,21.0,0.006458,38.0,0.006464,18.0,0.006465,38.0
1753531660151,12:07:40.151,BANANAS31/USDT:USDT,0.006459,21.0,0.006458,38.0,0.006464,18.0,0.006465,38.0
1753531660411,12:07:40.411,BANANAS31/USDT:USDT,0.006456,38.0,0.006455,38.0,0.006463,38.0,0.006464,18.0
1753531660523,12:07:40.523,BANANAS31/USDT:USDT,0.006455,38.0,0.006454,189.0,0.006463,38.0,0.006464,18.0
1753531660567,12:07:40.567,BANANAS31/USDT:USDT,0.006455,38.0,0.006454,189.0,0.006463,38.0,0.006464,18.0
1753531660722,12:07:40.722,BANANAS31/USDT:USDT,0.006455,38.0,0.006454,189.0,0.006463,38.0,0.006464,18.0
1753531660752,12:07:40.752,BANANAS31/USDT:USDT,0.006455,38.0,0.006454,189.0,0.006463,38.0,0.006464,18.0
1753531660894,12:07:40.894,BANANAS31/USDT:USDT,0.006455,38.0,0.006454,234.0,0.006463,38.0,0.006464,18.0
1753531661004,12:07:41.004,BANANAS31/USDT:USDT,0.006455,38.0,0.006454,234.0,0.006463,38.0,0.006464,18.0
1753531661080,12:07:41.080,BANANAS31/USDT:USDT,0.006455,38.0,0.006454,234.0,0.006463,38.0,0.006464,18.0
1753531661244,12:07:41.244,BANANAS31/USDT:USDT,0.006455,38.0,0.006454,234.0,0.006463,38.0,0.006464,18.0
1753531661390,12:07:41.390,BANANAS31/USDT:USDT,0.006455,38.0,0.006454,234.0,0.006462,4.0,0.006463,38.0
1753531661459,12:07:41.459,BANANAS31/USDT:USDT,0.006456,24.0,0.006455,38.0,0.006462,18.0,0.006463,38.0
1753531661609,12:07:41.609,BANANAS31/USDT:USDT,0.006456,24.0,0.006455,38.0,0.006462,18.0,0.006463,38.0
1753531661712,12:07:41.712,BANANAS31/USDT:USDT,0.006459,7.0,0.006457,12.0,0.006462,14.0,0.006463,38.0
1753531661807,12:07:41.807,BANANAS31/USDT:USDT,0.006459,7.0,0.006457,12.0,0.006462,14.0,0.006463,38.0
1753531662163,12:07:42.163,BANANAS31/USDT:USDT,0.006459,10.0,0.006457,12.0,0.006462,14.0,0.006463,38.0
1753531662240,12:07:42.240,BANANAS31/USDT:USDT,0.006459,10.0,0.006457,12.0,0.006462,14.0,0.006463,38.0
1753531662446,12:07:42.446,BANANAS31/USDT:USDT,0.006459,13.0,0.006457,12.0,0.006462,14.0,0.006463,38.0
1753531662611,12:07:42.611,BANANAS31/USDT:USDT,0.006459,13.0,0.006457,12.0,0.006462,14.0,0.006463,38.0
1753531662673,12:07:42.673,BANANAS31/USDT:USDT,0.006459,13.0,0.006457,12.0,0.006462,14.0,0.006463,38.0
1753531663907,12:07:43.907,BANANAS31/USDT:USDT,0.006459,13.0,0.006457,12.0,0.006462,14.0,0.006463,38.0
1753531664098,12:07:44.098,BANANAS31/USDT:USDT,0.006459,13.0,0.006457,12.0,0.006462,14.0,0.006463,38.0
1753531664129,12:07:44.129,BANANAS31/USDT:USDT,0.006459,13.0,0.006457,12.0,0.006462,14.0,0.006463,38.0
1753531664478,12:07:44.478,BANANAS31/USDT:USDT,0.006459,13.0,0.006457,12.0,0.006462,14.0,0.006463,38.0
1753531664891,12:07:44.891,BANANAS31/USDT:USDT,0.006459,13.0,0.006457,12.0,0.006462,14.0,0.006463,38.0
1753531665004,12:07:45.004,BANANAS31/USDT:USDT,0.006459,13.0,0.006457,12.0,0.006462,14.0,0.006463,38.0
1753531667064,12:07:47.064,BANANAS31/USDT:USDT,0.006459,13.0,0.006457,12.0,0.006462,14.0,0.006463,38.0
1753531668022,12:07:48.022,BANANAS31/USDT:USDT,0.006455,38.0,0.006454,38.0,0.006461,4.0,0.006462,14.0
1753531668121,12:07:48.121,BANANAS31/USDT:USDT,0.006454,38.0,0.006453,119.0,0.006461,4.0,0.006462,7.0
1753531668208,12:07:48.208,BANANAS31/USDT:USDT,0.006458,7.0,0.006457,7.0,0.006462,14.0,0.006463,38.0
1753531668320,12:07:48.320,BANANAS31/USDT:USDT,0.006458,7.0,0.006456,39.0,0.006462,14.0,0.006463,38.0
1753531668382,12:07:48.382,BANANAS31/USDT:USDT,0.006458,7.0,0.006456,51.0,0.006462,14.0,0.006463,38.0
1753531668476,12:07:48.476,BANANAS31/USDT:USDT,0.006458,7.0,0.006456,51.0,0.006462,14.0,0.006463,38.0
1753531669142,12:07:49.142,BANANAS31/USDT:USDT,0.006458,7.0,0.006456,51.0,0.006462,14.0,0.006463,38.0
1753531669518,12:07:49.518,BANANAS31/USDT:USDT,0.006459,21.0,0.006458,49.0,0.006465,38.0,0.006466,4.0
1753531669612,12:07:49.612,BANANAS31/USDT:USDT,0.006461,21.0,0.00646,3.0,0.006465,38.0,0.006466,11.0
1753531669675,12:07:49.675,BANANAS31/USDT:USDT,0.006461,21.0,0.00646,3.0,0.006465,45.0,0.006466,11.0
1753531669792,12:07:49.792,BANANAS31/USDT:USDT,0.006461,21.0,0.00646,3.0,0.006465,45.0,0.006466,11.0
1753531670005,12:07:50.005,BANANAS31/USDT:USDT,0.006461,21.0,0.00646,3.0,0.006465,45.0,0.006466,11.0
1753531670026,12:07:50.026,BANANAS31/USDT:USDT,0.006461,21.0,0.006459,12.0,0.006465,45.0,0.006466,11.0
1753531670403,12:07:50.403,BANANAS31/USDT:USDT,0.006461,21.0,0.006459,12.0,0.006465,45.0,0.006466,11.0
1753531670823,12:07:50.823,BANANAS31/USDT:USDT,0.006461,21.0,0.006459,12.0,0.006465,45.0,0.006466,11.0
1753531671108,12:07:51.108,BANANAS31/USDT:USDT,0.006459,15.0,0.006458,39.0,0.006464,4.0,0.006465,45.0
1753531671301,12:07:51.301,BANANAS31/USDT:USDT,0.00646,10.0,0.006459,10.0,0.006464,7.0,0.006465,52.0
1753531671368,12:07:51.368,BANANAS31/USDT:USDT,0.00646,10.0,0.006459,10.0,0.006464,7.0,0.006465,52.0
1753531671502,12:07:51.502,BANANAS31/USDT:USDT,0.00646,10.0,0.006459,10.0,0.006464,7.0,0.006465,52.0
1753531671554,12:07:51.554,BANANAS31/USDT:USDT,0.00646,10.0,0.006459,10.0,0.006464,7.0,0.006465,52.0
1753531671679,12:07:51.679,BANANAS31/USDT:USDT,0.00646,10.0,0.006459,10.0,0.006464,7.0,0.006465,52.0
1753531672097,12:07:52.097,BANANAS31/USDT:USDT,0.00646,10.0,0.006459,10.0,0.006464,7.0,0.006465,52.0
1753531672169,12:07:52.169,BANANAS31/USDT:USDT,0.006462,7.0,0.006459,3.0,0.006464,7.0,0.006465,52.0
1753531672289,12:07:52.289,BANANAS31/USDT:USDT,0.006462,7.0,0.00646,12.0,0.006464,7.0,0.006465,52.0
1753531672333,12:07:52.333,BANANAS31/USDT:USDT,0.006462,7.0,0.00646,12.0,0.006464,7.0,0.006465,52.0
1753531672598,12:07:52.598,BANANAS31/USDT:USDT,0.00646,12.0,0.006458,51.0,0.006464,7.0,0.006465,52.0
1753531673007,12:07:53.007,BANANAS31/USDT:USDT,0.00646,12.0,0.006458,51.0,0.006464,7.0,0.006465,52.0
1753531673075,12:07:53.075,BANANAS31/USDT:USDT,0.00646,12.0,0.006458,51.0,0.006464,7.0,0.006465,52.0
1753531673316,12:07:53.316,BANANAS31/USDT:USDT,0.00646,12.0,0.006458,51.0,0.006464,7.0,0.006465,52.0
1753531674004,12:07:54.004,BANANAS31/USDT:USDT,0.00646,12.0,0.006458,51.0,0.006464,7.0,0.006465,52.0
1753531674043,12:07:54.043,BANANAS31/USDT:USDT,0.00646,12.0,0.006458,51.0,0.006464,7.0,0.006465,52.0
1753531674143,12:07:54.143,BANANAS31/USDT:USDT,0.00646,12.0,0.006458,51.0,0.006464,7.0,0.006465,52.0
1753531674262,12:07:54.262,BANANAS31/USDT:USDT,0.00646,12.0,0.006458,51.0,0.006464,7.0,0.006465,52.0
1753531674393,12:07:54.393,BANANAS31/USDT:USDT,0.00646,12.0,0.006458,51.0,0.006464,7.0,0.006465,52.0
1753531675602,12:07:55.602,BANANAS31/USDT:USDT,0.00646,12.0,0.006458,51.0,0.006464,7.0,0.006465,52.0
1753531675690,12:07:55.690,BANANAS31/USDT:USDT,0.00646,12.0,0.006458,51.0,0.006464,7.0,0.006465,52.0
1753531675844,12:07:55.844,BANANAS31/USDT:USDT,0.00646,12.0,0.006458,51.0,0.006464,7.0,0.006465,52.0
1753531676773,12:07:56.773,BANANAS31/USDT:USDT,0.00646,12.0,0.006458,51.0,0.006464,17.0,0.006465,52.0
1753531678108,12:07:58.108,BANANAS31/USDT:USDT,0.006462,7.0,0.006461,7.0,0.006464,10.0,0.006465,52.0
1753531678217,12:07:58.217,BANANAS31/USDT:USDT,0.006462,7.0,0.00646,15.0,0.006464,10.0,0.006465,52.0
1753531678483,12:07:58.483,BANANAS31/USDT:USDT,0.006462,7.0,0.00646,15.0,0.006464,10.0,0.006465,52.0
1753531678670,12:07:58.670,BANANAS31/USDT:USDT,0.006462,7.0,0.00646,15.0,0.006464,10.0,0.006465,52.0
1753531679352,12:07:59.352,BANANAS31/USDT:USDT,0.006462,7.0,0.00646,15.0,0.006464,10.0,0.006465,52.0
1753531679933,12:07:59.933,BANANAS31/USDT:USDT,0.006462,7.0,0.00646,15.0,0.006464,10.0,0.006465,52.0
1753531680174,12:08:00.174,BANANAS31/USDT:USDT,0.00646,15.0,0.006459,39.0,0.006464,10.0,0.006465,52.0
1753531680228,12:08:00.228,BANANAS31/USDT:USDT,0.00646,18.0,0.006459,39.0,0.006464,10.0,0.006465,52.0
1753531682160,12:08:02.160,BANANAS31/USDT:USDT,0.00646,12.0,0.006459,39.0,0.006464,49.0,0.006465,45.0
1753531682421,12:08:02.421,BANANAS31/USDT:USDT,0.00646,12.0,0.006459,39.0,0.006464,49.0,0.006465,45.0
1753531682468,12:08:02.468,BANANAS31/USDT:USDT,0.00646,12.0,0.006458,12.0,0.006464,56.0,0.006465,45.0
1753531682876,12:08:02.876,BANANAS31/USDT:USDT,0.00646,12.0,0.006458,12.0,0.006464,56.0,0.006465,45.0
1753531682987,12:08:02.987,BANANAS31/USDT:USDT,0.00646,12.0,0.006458,12.0,0.006464,56.0,0.006465,45.0
1753531683120,12:08:03.120,BANANAS31/USDT:USDT,0.006458,12.0,0.006456,39.0,0.006464,56.0,0.006465,45.0
1753531683223,12:08:03.223,BANANAS31/USDT:USDT,0.006458,12.0,0.006456,51.0,0.006464,56.0,0.006465,45.0
1753531683309,12:08:03.309,BANANAS31/USDT:USDT,0.006459,12.0,0.006458,12.0,0.006464,56.0,0.006465,45.0
1753531683406,12:08:03.406,BANANAS31/USDT:USDT,0.00646,7.0,0.006459,18.0,0.006464,56.0,0.006465,45.0
1753531683467,12:08:03.467,BANANAS31/USDT:USDT,0.006461,7.0,0.006459,15.0,0.006464,56.0,0.006465,45.0
1753531683855,12:08:03.855,BANANAS31/USDT:USDT,0.006461,7.0,0.006459,15.0,0.006464,56.0,0.006465,45.0
1753531683939,12:08:03.939,BANANAS31/USDT:USDT,0.006461,7.0,0.006459,15.0,0.006464,56.0,0.006465,45.0
1753531684608,12:08:04.608,BANANAS31/USDT:USDT,0.006459,12.0,0.006457,12.0,0.006464,56.0,0.006465,45.0
1753531685003,12:08:05.003,BANANAS31/USDT:USDT,0.006459,12.0,0.006457,12.0,0.006464,56.0,0.006465,45.0
1753531686195,12:08:06.195,BANANAS31/USDT:USDT,0.006459,15.0,0.006457,12.0,0.006463,4.0,0.006464,56.0
1753531686270,12:08:06.270,BANANAS31/USDT:USDT,0.006459,15.0,0.006457,12.0,0.006463,4.0,0.006464,56.0
1753531686596,12:08:06.596,BANANAS31/USDT:USDT,0.006459,15.0,0.006457,12.0,0.006463,11.0,0.006464,56.0
1753531686701,12:08:06.701,BANANAS31/USDT:USDT,0.006459,12.0,0.006457,12.0,0.006463,11.0,0.006464,56.0
1753531686771,12:08:06.771,BANANAS31/USDT:USDT,0.006459,12.0,0.006457,12.0,0.006463,11.0,0.006464,46.0
1753531687117,12:08:07.117,BANANAS31/USDT:USDT,0.006459,12.0,0.006457,12.0,0.006463,7.0,0.006464,46.0
1753531687184,12:08:07.184,BANANAS31/USDT:USDT,0.006461,7.0,0.006459,12.0,0.006463,7.0,0.006464,46.0
1753531687676,12:08:07.676,BANANAS31/USDT:USDT,0.006461,7.0,0.006459,12.0,0.006463,7.0,0.006464,46.0
1753531687939,12:08:07.939,BANANAS31/USDT:USDT,0.006461,7.0,0.006459,12.0,0.006463,7.0,0.006464,46.0
1753531689308,12:08:09.308,BANANAS31/USDT:USDT,0.006461,7.0,0.006459,12.0,0.006463,7.0,0.006464,46.0
1753531689370,12:08:09.370,BANANAS31/USDT:USDT,0.006461,7.0,0.006459,12.0,0.006463,7.0,0.006464,46.0
1753531689431,12:08:09.431,BANANAS31/USDT:USDT,0.006461,7.0,0.006459,12.0,0.006463,7.0,0.006464,46.0
1753531689865,12:08:09.865,BANANAS31/USDT:USDT,0.006461,7.0,0.006459,12.0,0.006463,7.0,0.006464,46.0
1753531690216,12:08:10.216,BANANAS31/USDT:USDT,0.006457,12.0,0.006456,39.0,0.006462,11.0,0.006463,46.0
1753531690301,12:08:10.301,BANANAS31/USDT:USDT,0.006457,12.0,0.006456,39.0,0.006462,11.0,0.006463,46.0
1753531690365,12:08:10.365,BANANAS31/USDT:USDT,0.006457,12.0,0.006456,39.0,0.006462,11.0,0.006463,46.0
1753531690438,12:08:10.438,BANANAS31/USDT:USDT,0.006457,12.0,0.006456,39.0,0.006462,11.0,0.006463,46.0
1753531690723,12:08:10.723,BANANAS31/USDT:USDT,0.006457,12.0,0.006456,39.0,0.006462,11.0,0.006463,46.0
1753531690782,12:08:10.782,BANANAS31/USDT:USDT,0.006457,12.0,0.006456,39.0,0.006462,11.0,0.006463,46.0
1753531690907,12:08:10.907,BANANAS31/USDT:USDT,0.006457,12.0,0.006456,39.0,0.006462,11.0,0.006463,46.0
1753531691808,12:08:11.808,BANANAS31/USDT:USDT,0.006459,7.0,0.006456,39.0,0.006462,21.0,0.006463,46.0
1753531691921,12:08:11.921,BANANAS31/USDT:USDT,0.006459,7.0,0.006457,12.0,0.006462,21.0,0.006463,46.0
1753531691972,12:08:11.972,BANANAS31/USDT:USDT,0.006459,7.0,0.006457,12.0,0.006462,21.0,0.006463,46.0
1753531692916,12:08:12.916,BANANAS31/USDT:USDT,0.006457,12.0,0.006456,39.0,0.006462,21.0,0.006463,46.0
1753531692948,12:08:12.948,BANANAS31/USDT:USDT,0.006457,12.0,0.006456,39.0,0.006462,21.0,0.006463,46.0
1753531693042,12:08:13.042,BANANAS31/USDT:USDT,0.006457,12.0,0.006456,39.0,0.006462,21.0,0.006463,46.0
1753531693819,12:08:13.819,BANANAS31/USDT:USDT,0.006457,12.0,0.006456,39.0,0.006462,60.0,0.006463,46.0
1753531694022,12:08:14.022,BANANAS31/USDT:USDT,0.006455,51.0,0.006454,189.0,0.006461,39.0,0.006462,60.0
1753531694052,12:08:14.052,BANANAS31/USDT:USDT,0.006456,7.0,0.006455,39.0,0.006461,46.0,0.006462,60.0
1753531694418,12:08:14.418,BANANAS31/USDT:USDT,0.006456,7.0,0.006455,39.0,0.006461,46.0,0.006462,60.0
1753531695297,12:08:15.297,BANANAS31/USDT:USDT,0.006456,7.0,0.006455,39.0,0.006461,46.0,0.006462,60.0
1753531695719,12:08:15.719,BANANAS31/USDT:USDT,0.006458,7.0,0.006456,12.0,0.006461,46.0,0.006462,60.0
1753531696067,12:08:16.067,BANANAS31/USDT:USDT,0.006458,7.0,0.006456,12.0,0.006461,46.0,0.006462,60.0
1753531696127,12:08:16.127,BANANAS31/USDT:USDT,0.006458,7.0,0.006456,12.0,0.006461,46.0,0.006462,60.0
1753531696770,12:08:16.770,BANANAS31/USDT:USDT,0.006458,7.0,0.006456,12.0,0.006461,46.0,0.006462,50.0
1753531696950,12:08:16.950,BANANAS31/USDT:USDT,0.006458,7.0,0.006456,12.0,0.006461,46.0,0.006462,50.0
1753531697823,12:08:17.823,BANANAS31/USDT:USDT,0.006458,7.0,0.006456,12.0,0.006461,46.0,0.006462,50.0
1753531698169,12:08:18.169,BANANAS31/USDT:USDT,0.006458,7.0,0.006456,12.0,0.006461,46.0,0.006462,50.0
1753531698988,12:08:18.988,BANANAS31/USDT:USDT,0.006456,12.0,0.006454,38.0,0.00646,4.0,0.006461,46.0
1753531699102,12:08:19.102,BANANAS31/USDT:USDT,0.006456,12.0,0.006454,38.0,0.00646,11.0,0.006461,46.0
1753531699162,12:08:19.162,BANANAS31/USDT:USDT,0.006456,12.0,0.006454,50.0,0.00646,11.0,0.006461,46.0
1753531699306,12:08:19.306,BANANAS31/USDT:USDT,0.006457,7.0,0.006455,12.0,0.00646,7.0,0.006461,7.0
1753531699410,12:08:19.410,BANANAS31/USDT:USDT,0.006458,7.0,0.006456,51.0,0.00646,7.0,0.006461,7.0
1753531699463,12:08:19.463,BANANAS31/USDT:USDT,0.006458,7.0,0.006456,51.0,0.00646,7.0,0.006461,7.0
1753531700225,12:08:20.225,BANANAS31/USDT:USDT,0.006457,10.0,0.006456,45.0,0.006461,7.0,0.006462,43.0
1753531700307,12:08:20.307,BANANAS31/USDT:USDT,0.006457,13.0,0.006456,45.0,0.006461,14.0,0.006462,43.0
1753531700403,12:08:20.403,BANANAS31/USDT:USDT,0.006458,7.0,0.006456,54.0,0.006461,14.0,0.006462,43.0
1753531700657,12:08:20.657,BANANAS31/USDT:USDT,0.006458,7.0,0.006456,54.0,0.006461,14.0,0.006462,43.0
1753531701003,12:08:21.003,BANANAS31/USDT:USDT,0.006458,7.0,0.006456,54.0,0.006461,14.0,0.006462,43.0
1753531701076,12:08:21.076,BANANAS31/USDT:USDT,0.006458,7.0,0.006456,54.0,0.006461,14.0,0.006462,43.0
1753531701775,12:08:21.775,BANANAS31/USDT:USDT,0.006458,7.0,0.006456,54.0,0.006461,17.0,0.006462,50.0
1753531701901,12:08:21.901,BANANAS31/USDT:USDT,0.006458,7.0,0.006456,54.0,0.006461,17.0,0.006462,50.0
1753531703396,12:08:23.396,BANANAS31/USDT:USDT,0.006458,7.0,0.006456,54.0,0.006461,17.0,0.006462,50.0
1753531703475,12:08:23.475,BANANAS31/USDT:USDT,0.006458,7.0,0.006456,54.0,0.006461,17.0,0.006462,50.0
1753531703683,12:08:23.683,BANANAS31/USDT:USDT,0.006458,7.0,0.006456,54.0,0.006461,17.0,0.006462,50.0
1753531703729,12:08:23.729,BANANAS31/USDT:USDT,0.006458,7.0,0.006456,54.0,0.006461,17.0,0.006462,50.0
1753531703918,12:08:23.918,BANANAS31/USDT:USDT,0.006458,7.0,0.006456,54.0,0.006461,17.0,0.006462,50.0
1753531704108,12:08:24.108,BANANAS31/USDT:USDT,0.006456,57.0,0.006454,38.0,0.006461,17.0,0.006462,50.0
1753531704128,12:08:24.128,BANANAS31/USDT:USDT,0.006456,57.0,0.006454,50.0,0.006461,17.0,0.006462,50.0
1753531704325,12:08:24.325,BANANAS31/USDT:USDT,0.006456,57.0,0.006454,50.0,0.006461,17.0,0.006462,50.0
1753531704326,12:08:24.326,BANANAS31/USDT:USDT,0.006456,57.0,0.006454,50.0,0.006461,17.0,0.006462,50.0
1753531705217,12:08:25.217,BANANAS31/USDT:USDT,0.006458,7.0,0.006457,20.0,0.006461,17.0,0.006462,50.0
1753531705298,12:08:25.298,BANANAS31/USDT:USDT,0.006458,7.0,0.006456,54.0,0.006461,17.0,0.006462,50.0
1753531705559,12:08:25.559,BANANAS31/USDT:USDT,0.006458,7.0,0.006456,54.0,0.006461,17.0,0.006462,50.0
1753531706375,12:08:26.375,BANANAS31/USDT:USDT,0.006458,7.0,0.006456,54.0,0.006461,17.0,0.006462,50.0
1753531708484,12:08:28.484,BANANAS31/USDT:USDT,0.006458,7.0,0.006456,54.0,0.006461,17.0,0.006462,50.0
1753531708811,12:08:28.811,BANANAS31/USDT:USDT,0.006456,57.0,0.006454,50.0,0.006461,17.0,0.006462,50.0
1753531709228,12:08:29.228,BANANAS31/USDT:USDT,0.006456,57.0,0.006454,50.0,0.006461,17.0,0.006462,50.0
1753531710308,12:08:30.308,BANANAS31/USDT:USDT,0.006459,13.0,0.006458,4.0,0.006461,10.0,0.006463,39.0
1753531710391,12:08:30.391,BANANAS31/USDT:USDT,0.006459,13.0,0.006458,4.0,0.006461,10.0,0.006463,39.0
1753531710452,12:08:30.452,BANANAS31/USDT:USDT,0.006459,13.0,0.006458,4.0,0.006461,10.0,0.006463,39.0
1753531710708,12:08:30.708,BANANAS31/USDT:USDT,0.006459,7.0,0.006458,4.0,0.006461,10.0,0.006463,39.0
1753531710814,12:08:30.814,BANANAS31/USDT:USDT,0.00646,7.0,0.006458,16.0,0.006461,10.0,0.006462,7.0
1753531710868,12:08:30.868,BANANAS31/USDT:USDT,0.00646,7.0,0.006458,16.0,0.006461,10.0,0.006462,7.0
1753531711284,12:08:31.284,BANANAS31/USDT:USDT,0.00646,7.0,0.006458,16.0,0.006461,10.0,0.006462,7.0
1753531712391,12:08:32.391,BANANAS31/USDT:USDT,0.00646,7.0,0.006458,16.0,0.006461,10.0,0.006462,7.0
1753531712506,12:08:32.506,BANANAS31/USDT:USDT,0.00646,7.0,0.006458,16.0,0.006461,10.0,0.006462,7.0
1753531712891,12:08:32.891,BANANAS31/USDT:USDT,0.00646,7.0,0.006458,16.0,0.006461,10.0,0.006462,7.0
1753531713182,12:08:33.182,BANANAS31/USDT:USDT,0.00646,7.0,0.006458,16.0,0.006461,10.0,0.006462,7.0
1753531713304,12:08:33.304,BANANAS31/USDT:USDT,0.00646,7.0,0.006458,16.0,0.006461,10.0,0.006462,7.0
1753531713787,12:08:33.787,BANANAS31/USDT:USDT,0.006458,12.0,0.006457,9.0,0.006461,10.0,0.006462,7.0
1753531713839,12:08:33.839,BANANAS31/USDT:USDT,0.006458,12.0,0.006457,9.0,0.006461,10.0,0.006462,7.0
1753531713932,12:08:33.932,BANANAS31/USDT:USDT,0.006458,12.0,0.006457,9.0,0.006461,10.0,0.006462,7.0
1753531714125,12:08:34.125,BANANAS31/USDT:USDT,0.006458,12.0,0.006457,9.0,0.006461,10.0,0.006462,7.0
1753531714387,12:08:34.387,BANANAS31/USDT:USDT,0.006458,12.0,0.006456,51.0,0.006461,17.0,0.006462,14.0
1753531714496,12:08:34.496,BANANAS31/USDT:USDT,0.006456,51.0,0.006454,247.0,0.006461,17.0,0.006462,14.0
1753531714538,12:08:34.538,BANANAS31/USDT:USDT,0.006456,51.0,0.006454,247.0,0.006461,17.0,0.006462,14.0
1753531715092,12:08:35.092,BANANAS31/USDT:USDT,0.006456,51.0,0.006454,247.0,0.006461,17.0,0.006462,53.0
1753531715288,12:08:35.288,BANANAS31/USDT:USDT,0.006456,51.0,0.006454,201.0,0.006461,17.0,0.006462,53.0
1753531715357,12:08:35.357,BANANAS31/USDT:USDT,0.006456,51.0,0.006454,201.0,0.006461,17.0,0.006462,53.0
1753531715521,12:08:35.521,BANANAS31/USDT:USDT,0.006456,51.0,0.006454,201.0,0.006461,56.0,0.006462,53.0
1753531716436,12:08:36.436,BANANAS31/USDT:USDT,0.006456,55.0,0.006454,201.0,0.006461,56.0,0.006462,53.0
1753531717225,12:08:37.225,BANANAS31/USDT:USDT,0.006457,21.0,0.006456,16.0,0.006461,56.0,0.006462,53.0
1753531717283,12:08:37.283,BANANAS31/USDT:USDT,0.006458,7.0,0.006456,12.0,0.006461,56.0,0.006462,53.0
1753531717379,12:08:37.379,BANANAS31/USDT:USDT,0.006458,7.0,0.006456,12.0,0.006461,56.0,0.006462,53.0
1753531717482,12:08:37.482,BANANAS31/USDT:USDT,0.006458,7.0,0.006456,12.0,0.006461,56.0,0.006462,53.0
1753531717719,12:08:37.719,BANANAS31/USDT:USDT,0.006454,6.0,0.006451,38.0,0.006456,7.0,0.006457,14.0
1753531717807,12:08:37.807,BANANAS31/USDT:USDT,0.006454,7.0,0.006453,7.0,0.006455,7.0,0.006456,7.0
1753531717922,12:08:37.922,BANANAS31/USDT:USDT,0.006449,63.0,0.006448,38.0,0.006454,14.0,0.006455,14.0
1753531718004,12:08:38.004,BANANAS31/USDT:USDT,0.006449,63.0,0.006448,38.0,0.006454,14.0,0.006455,14.0
1753531718116,12:08:38.116,BANANAS31/USDT:USDT,0.006449,63.0,0.006448,38.0,0.006454,14.0,0.006455,14.0
1753531718217,12:08:38.217,BANANAS31/USDT:USDT,0.006449,63.0,0.006448,38.0,0.006454,14.0,0.006455,14.0
1753531718321,12:08:38.321,BANANAS31/USDT:USDT,0.006444,83.0,0.006443,40.0,0.006453,42.0,0.006454,203.0
1753531718411,12:08:38.411,BANANAS31/USDT:USDT,0.006448,7.0,0.006447,7.0,0.006452,52.0,0.006453,42.0
1753531718522,12:08:38.522,BANANAS31/USDT:USDT,0.006447,13.0,0.006445,62.0,0.006451,42.0,0.006452,52.0
1753531718620,12:08:38.620,BANANAS31/USDT:USDT,0.006445,62.0,0.006444,38.0,0.006451,42.0,0.006452,52.0
1753531718701,12:08:38.701,BANANAS31/USDT:USDT,0.006446,21.0,0.006444,62.0,0.00645,165.0,0.006451,56.0
1753531718810,12:08:38.810,BANANAS31/USDT:USDT,0.006446,21.0,0.006444,62.0,0.00645,165.0,0.006451,56.0
1753531718913,12:08:38.913,BANANAS31/USDT:USDT,0.006446,21.0,0.006444,62.0,0.00645,165.0,0.006451,56.0
1753531719013,12:08:39.013,BANANAS31/USDT:USDT,0.006446,21.0,0.006444,62.0,0.00645,165.0,0.006451,56.0
1753531719100,12:08:39.100,BANANAS31/USDT:USDT,0.006446,21.0,0.006444,62.0,0.00645,165.0,0.006451,56.0
1753531719310,12:08:39.310,BANANAS31/USDT:USDT,0.006444,62.0,0.006443,40.0,0.006449,4.0,0.00645,416.0
1753531719421,12:08:39.421,BANANAS31/USDT:USDT,0.006445,10.0,0.006444,38.0,0.006449,4.0,0.00645,416.0
1753531719518,12:08:39.518,BANANAS31/USDT:USDT,0.006445,10.0,0.006444,38.0,0.006449,4.0,0.00645,416.0
1753531719534,12:08:39.534,BANANAS31/USDT:USDT,0.006445,10.0,0.006444,38.0,0.006449,4.0,0.00645,416.0
1753531719693,12:08:39.693,BANANAS31/USDT:USDT,0.006445,10.0,0.006444,38.0,0.006449,4.0,0.00645,416.0
1753531719824,12:08:39.824,BANANAS31/USDT:USDT,0.006449,13.0,0.006447,12.0,0.00645,251.0,0.006451,42.0
1753531719825,12:08:39.825,BANANAS31/USDT:USDT,0.006449,13.0,0.006447,24.0,0.00645,251.0,0.006451,42.0
1753531720012,12:08:40.012,BANANAS31/USDT:USDT,0.006449,13.0,0.006447,24.0,0.00645,251.0,0.006451,42.0
1753531720081,12:08:40.081,BANANAS31/USDT:USDT,0.006449,7.0,0.006447,24.0,0.006451,38.0,0.006452,45.0
1753531720148,12:08:40.148,BANANAS31/USDT:USDT,0.006449,7.0,0.006447,24.0,0.006451,38.0,0.006452,45.0
1753531720364,12:08:40.364,BANANAS31/USDT:USDT,0.006449,7.0,0.006447,24.0,0.006451,38.0,0.006452,45.0
1753531720580,12:08:40.580,BANANAS31/USDT:USDT,0.006449,7.0,0.006447,24.0,0.006451,38.0,0.006452,45.0
1753531720711,12:08:40.711,BANANAS31/USDT:USDT,0.006449,7.0,0.006447,24.0,0.006451,38.0,0.006452,45.0
1753531720793,12:08:40.793,BANANAS31/USDT:USDT,0.006449,7.0,0.006447,24.0,0.006451,38.0,0.006452,45.0
1753531721023,12:08:41.023,BANANAS31/USDT:USDT,0.006449,7.0,0.006447,24.0,0.006451,38.0,0.006452,45.0
1753531721112,12:08:41.112,BANANAS31/USDT:USDT,0.006445,12.0,0.006444,38.0,0.006451,45.0,0.006452,52.0
1753531721215,12:08:41.215,BANANAS31/USDT:USDT,0.006445,12.0,0.006444,38.0,0.006451,45.0,0.006452,52.0
1753531721324,12:08:41.324,BANANAS31/USDT:USDT,0.006447,11.0,0.006446,6.0,0.00645,45.0,0.006451,45.0
1753531721422,12:08:41.422,BANANAS31/USDT:USDT,0.00645,6.0,0.006448,7.0,0.006452,38.0,0.006453,42.0
1753531721505,12:08:41.505,BANANAS31/USDT:USDT,0.00645,6.0,0.006448,19.0,0.006452,38.0,0.006453,42.0
1753531721612,12:08:41.612,BANANAS31/USDT:USDT,0.006452,10.0,0.006451,7.0,0.006453,42.0,0.006454,45.0
1753531721672,12:08:41.672,BANANAS31/USDT:USDT,0.006452,10.0,0.00645,12.0,0.006453,42.0,0.006454,45.0
1753531721781,12:08:41.781,BANANAS31/USDT:USDT,0.006452,10.0,0.00645,12.0,0.006453,42.0,0.006454,45.0
1753531721880,12:08:41.880,BANANAS31/USDT:USDT,0.006452,10.0,0.00645,24.0,0.006453,42.0,0.006454,45.0
1753531722024,12:08:42.024,BANANAS31/USDT:USDT,0.006452,10.0,0.00645,24.0,0.006453,38.0,0.006454,45.0
1753531722077,12:08:42.077,BANANAS31/USDT:USDT,0.00645,24.0,0.006448,31.0,0.006453,38.0,0.006454,45.0
1753531722147,12:08:42.147,BANANAS31/USDT:USDT,0.00645,12.0,0.006448,31.0,0.006453,45.0,0.006454,52.0
1753531722388,12:08:42.388,BANANAS31/USDT:USDT,0.00645,12.0,0.006448,31.0,0.006453,45.0,0.006454,52.0
1753531722586,12:08:42.586,BANANAS31/USDT:USDT,0.006448,31.0,0.006447,7.0,0.006453,45.0,0.006454,52.0
1753531722704,12:08:42.704,BANANAS31/USDT:USDT,0.006448,31.0,0.006447,45.0,0.006453,45.0,0.006454,52.0
1753531722897,12:08:42.897,BANANAS31/USDT:USDT,0.006448,31.0,0.006447,45.0,0.006453,45.0,0.006454,52.0
1753531723114,12:08:43.114,BANANAS31/USDT:USDT,0.006448,31.0,0.006447,45.0,0.006453,45.0,0.006454,52.0
1753531723322,12:08:43.322,BANANAS31/USDT:USDT,0.006448,31.0,0.006447,45.0,0.006453,45.0,0.006454,52.0
1753531723356,12:08:43.356,BANANAS31/USDT:USDT,0.006448,31.0,0.006447,45.0,0.006453,38.0,0.006454,45.0
1753531723456,12:08:43.456,BANANAS31/USDT:USDT,0.006448,31.0,0.006447,45.0,0.006453,38.0,0.006454,45.0
1753531723613,12:08:43.613,BANANAS31/USDT:USDT,0.006448,31.0,0.006447,45.0,0.006453,38.0,0.006454,45.0
1753531724352,12:08:44.352,BANANAS31/USDT:USDT,0.006448,31.0,0.006447,45.0,0.006453,38.0,0.006454,45.0
1753531725167,12:08:45.167,BANANAS31/USDT:USDT,0.006448,31.0,0.006447,45.0,0.006453,45.0,0.006454,45.0
1753531725510,12:08:45.510,BANANAS31/USDT:USDT,0.006448,31.0,0.006447,45.0,0.006453,38.0,0.006454,45.0
1753531726222,12:08:46.222,BANANAS31/USDT:USDT,0.006451,13.0,0.00645,13.0,0.006454,45.0,0.006455,251.0
1753531726267,12:08:46.267,BANANAS31/USDT:USDT,0.006452,6.0,0.00645,24.0,0.006454,45.0,0.006455,258.0
1753531726361,12:08:46.361,BANANAS31/USDT:USDT,0.006452,6.0,0.00645,24.0,0.006454,45.0,0.006455,258.0
1753531726558,12:08:46.558,BANANAS31/USDT:USDT,0.006452,6.0,0.00645,24.0,0.006454,45.0,0.006455,258.0
1753531726907,12:08:46.907,BANANAS31/USDT:USDT,0.00645,24.0,0.006448,19.0,0.006454,45.0,0.006455,258.0
1753531726985,12:08:46.985,BANANAS31/USDT:USDT,0.00645,24.0,0.006448,31.0,0.006454,45.0,0.006455,258.0
1753531727165,12:08:47.165,BANANAS31/USDT:USDT,0.00645,24.0,0.006448,31.0,0.006454,45.0,0.006455,258.0
1753531727402,12:08:47.402,BANANAS31/USDT:USDT,0.00645,24.0,0.006448,31.0,0.006454,45.0,0.006455,258.0
1753531727821,12:08:47.821,BANANAS31/USDT:USDT,0.006448,31.0,0.006447,38.0,0.006454,45.0,0.006455,258.0
1753531728002,12:08:48.002,BANANAS31/USDT:USDT,0.006448,31.0,0.006447,38.0,0.006454,45.0,0.006455,258.0
1753531728244,12:08:48.244,BANANAS31/USDT:USDT,0.006448,31.0,0.006447,38.0,0.006454,45.0,0.006455,258.0
1753531729893,12:08:49.893,BANANAS31/USDT:USDT,0.006448,31.0,0.006447,38.0,0.006454,45.0,0.006455,258.0
1753531730005,12:08:50.005,BANANAS31/USDT:USDT,0.006448,31.0,0.006447,38.0,0.006454,45.0,0.006455,258.0
1753531730613,12:08:50.613,BANANAS31/USDT:USDT,0.00645,13.0,0.006449,13.0,0.006454,45.0,0.006455,258.0
1753531730695,12:08:50.695,BANANAS31/USDT:USDT,0.006451,6.0,0.006449,12.0,0.006454,45.0,0.006455,258.0
1753531730750,12:08:50.750,BANANAS31/USDT:USDT,0.006451,6.0,0.006449,24.0,0.006454,45.0,0.006455,258.0
1753531730844,12:08:50.844,BANANAS31/USDT:USDT,0.006451,6.0,0.006449,24.0,0.006454,45.0,0.006455,258.0
1753531731102,12:08:51.102,BANANAS31/USDT:USDT,0.006451,6.0,0.006449,24.0,0.006454,45.0,0.006455,258.0
1753531731185,12:08:51.185,BANANAS31/USDT:USDT,0.006449,28.0,0.006448,46.0,0.006454,45.0,0.006455,258.0
1753531731284,12:08:51.284,BANANAS31/USDT:USDT,0.006449,4.0,0.006448,46.0,0.006454,45.0,0.006455,258.0
1753531731532,12:08:51.532,BANANAS31/USDT:USDT,0.006449,4.0,0.006448,46.0,0.006454,45.0,0.006455,258.0
1753531732008,12:08:52.008,BANANAS31/USDT:USDT,0.00645,13.0,0.006449,4.0,0.006454,38.0,0.006455,251.0
1753531732111,12:08:52.111,BANANAS31/USDT:USDT,0.006453,6.0,0.006451,19.0,0.006455,251.0,0.006456,7.0
1753531732214,12:08:52.214,BANANAS31/USDT:USDT,0.006453,6.0,0.006451,19.0,0.006455,251.0,0.006456,14.0
1753531732233,12:08:52.233,BANANAS31/USDT:USDT,0.006453,6.0,0.006451,19.0,0.006455,251.0,0.006456,14.0
1753531732352,12:08:52.352,BANANAS31/USDT:USDT,0.006453,6.0,0.006451,19.0,0.006455,251.0,0.006456,14.0
1753531732873,12:08:52.873,BANANAS31/USDT:USDT,0.006451,19.0,0.00645,4.0,0.006455,251.0,0.006456,14.0
1753531733020,12:08:53.020,BANANAS31/USDT:USDT,0.006451,19.0,0.00645,4.0,0.006455,251.0,0.006456,14.0
1753531733176,12:08:53.176,BANANAS31/USDT:USDT,0.006451,19.0,0.00645,4.0,0.006455,251.0,0.006456,14.0
1753531733451,12:08:53.451,BANANAS31/USDT:USDT,0.006451,19.0,0.00645,4.0,0.006455,251.0,0.006456,14.0
1753531733591,12:08:53.591,BANANAS31/USDT:USDT,0.006451,19.0,0.00645,4.0,0.006455,251.0,0.006456,14.0
1753531733708,12:08:53.708,BANANAS31/USDT:USDT,0.006454,6.0,0.006452,13.0,0.006455,251.0,0.006456,7.0
1753531733807,12:08:53.807,BANANAS31/USDT:USDT,0.006452,19.0,0.00645,16.0,0.006455,251.0,0.006456,7.0
1753531733897,12:08:53.897,BANANAS31/USDT:USDT,0.006452,19.0,0.00645,28.0,0.006455,258.0,0.006456,14.0
1753531734004,12:08:54.004,BANANAS31/USDT:USDT,0.006452,19.0,0.00645,28.0,0.006455,258.0,0.006456,14.0
1753531734096,12:08:54.096,BANANAS31/USDT:USDT,0.006452,19.0,0.00645,28.0,0.006455,258.0,0.006456,14.0
1753531734418,12:08:54.418,BANANAS31/USDT:USDT,0.006452,19.0,0.00645,24.0,0.006455,258.0,0.006456,14.0
1753531734625,12:08:54.625,BANANAS31/USDT:USDT,0.006452,19.0,0.00645,24.0,0.006454,46.0,0.006455,265.0
1753531734628,12:08:54.628,BANANAS31/USDT:USDT,0.006452,19.0,0.00645,24.0,0.006454,46.0,0.006455,265.0
1753531734834,12:08:54.834,BANANAS31/USDT:USDT,0.006452,19.0,0.00645,24.0,0.006454,46.0,0.006455,265.0
1753531735003,12:08:55.003,BANANAS31/USDT:USDT,0.006452,19.0,0.00645,24.0,0.006454,46.0,0.006455,265.0
1753531735253,12:08:55.253,BANANAS31/USDT:USDT,0.006452,19.0,0.00645,24.0,0.006454,46.0,0.006455,265.0
1753531735514,12:08:55.514,BANANAS31/USDT:USDT,0.00645,12.0,0.006446,38.0,0.006453,43.0,0.006454,435.0
1753531735548,12:08:55.548,BANANAS31/USDT:USDT,0.00645,12.0,0.006448,24.0,0.006453,50.0,0.006454,442.0
1753531735688,12:08:55.688,BANANAS31/USDT:USDT,0.00645,12.0,0.006448,24.0,0.006453,46.0,0.006454,204.0
1753531735918,12:08:55.918,BANANAS31/USDT:USDT,0.006448,24.0,0.006446,62.0,0.006452,46.0,0.006453,46.0
1753531736081,12:08:56.081,BANANAS31/USDT:USDT,0.006448,24.0,0.006446,62.0,0.006452,46.0,0.006453,46.0
1753531736298,12:08:56.298,BANANAS31/USDT:USDT,0.006448,24.0,0.006446,62.0,0.006452,46.0,0.006453,46.0
1753531736494,12:08:56.494,BANANAS31/USDT:USDT,0.006448,24.0,0.006446,62.0,0.006452,46.0,0.006453,46.0
1753531737004,12:08:57.004,BANANAS31/USDT:USDT,0.006448,24.0,0.006446,62.0,0.006452,46.0,0.006453,46.0
1753531737164,12:08:57.164,BANANAS31/USDT:USDT,0.006448,32.0,0.006446,62.0,0.006452,46.0,0.006453,39.0
1753531737303,12:08:57.303,BANANAS31/USDT:USDT,0.006448,32.0,0.006446,62.0,0.006452,46.0,0.006453,39.0
1753531737802,12:08:57.802,BANANAS31/USDT:USDT,0.006448,32.0,0.006446,62.0,0.006452,53.0,0.006453,39.0
1753531738216,12:08:58.216,BANANAS31/USDT:USDT,0.006445,38.0,0.006444,38.0,0.006452,277.0,0.006453,53.0
1753531738260,12:08:58.260,BANANAS31/USDT:USDT,0.006445,38.0,0.006444,189.0,0.006452,39.0,0.006453,53.0
1753531738332,12:08:58.332,BANANAS31/USDT:USDT,0.006445,38.0,0.006444,189.0,0.006452,39.0,0.006453,53.0
1753531738519,12:08:58.519,BANANAS31/USDT:USDT,0.006445,38.0,0.006444,189.0,0.006452,39.0,0.006453,53.0
1753531738621,12:08:58.621,BANANAS31/USDT:USDT,0.006445,38.0,0.006444,189.0,0.006452,39.0,0.006453,53.0
1753531738702,12:08:58.702,BANANAS31/USDT:USDT,0.006445,38.0,0.006444,189.0,0.006452,39.0,0.006453,53.0
1753531739020,12:08:59.020,BANANAS31/USDT:USDT,0.006445,38.0,0.006444,38.0,0.006452,39.0,0.006453,291.0
1753531739120,12:08:59.120,BANANAS31/USDT:USDT,0.006444,38.0,0.006443,40.0,0.006452,39.0,0.006453,291.0
1753531739208,12:08:59.208,BANANAS31/USDT:USDT,0.006446,13.0,0.006444,62.0,0.00645,52.0,0.006451,261.0
1753531739312,12:08:59.312,BANANAS31/USDT:USDT,0.006446,13.0,0.006444,62.0,0.00645,52.0,0.006451,261.0
1753531739357,12:08:59.357,BANANAS31/USDT:USDT,0.006446,13.0,0.006444,62.0,0.00645,52.0,0.006451,261.0
1753531739524,12:08:59.524,BANANAS31/USDT:USDT,0.006446,13.0,0.006444,62.0,0.00645,52.0,0.006451,261.0
1753531739795,12:08:59.795,BANANAS31/USDT:USDT,0.006448,6.0,0.006446,19.0,0.006451,254.0,0.006452,53.0
1753531739899,12:08:59.899,BANANAS31/USDT:USDT,0.006448,6.0,0.006446,31.0,0.006451,254.0,0.006452,53.0
1753531740008,12:09:00.008,BANANAS31/USDT:USDT,0.006448,6.0,0.006446,31.0,0.006451,254.0,0.006452,53.0
1753531740213,12:09:00.213,BANANAS31/USDT:USDT,0.006448,6.0,0.006446,24.0,0.006451,254.0,0.006452,53.0
1753531740319,12:09:00.319,BANANAS31/USDT:USDT,0.00645,6.0,0.006448,19.0,0.006451,254.0,0.006452,46.0
1753531740423,12:09:00.423,BANANAS31/USDT:USDT,0.006449,13.0,0.006448,7.0,0.006452,39.0,0.006453,39.0
1753531740507,12:09:00.507,BANANAS31/USDT:USDT,0.006451,13.0,0.00645,14.0,0.006452,7.0,0.006454,39.0
1753531740621,12:09:00.621,BANANAS31/USDT:USDT,0.006451,13.0,0.006449,24.0,0.006452,7.0,0.006454,300.0
1753531740695,12:09:00.695,BANANAS31/USDT:USDT,0.006451,13.0,0.006449,24.0,0.006452,7.0,0.006454,307.0
1753531740774,12:09:00.774,BANANAS31/USDT:USDT,0.006451,13.0,0.006449,24.0,0.006452,7.0,0.006454,307.0
1753531740875,12:09:00.875,BANANAS31/USDT:USDT,0.006451,13.0,0.006449,24.0,0.006452,7.0,0.006454,307.0
1753531741006,12:09:01.006,BANANAS31/USDT:USDT,0.006449,12.0,0.006448,7.0,0.006451,6.0,0.006452,52.0
1753531741058,12:09:01.058,BANANAS31/USDT:USDT,0.006449,12.0,0.006448,7.0,0.006451,6.0,0.006452,45.0
1753531741176,12:09:01.176,BANANAS31/USDT:USDT,0.006449,12.0,0.006448,7.0,0.006451,6.0,0.006452,38.0
1753531741300,12:09:01.300,BANANAS31/USDT:USDT,0.006449,12.0,0.006448,7.0,0.006451,6.0,0.006452,38.0
1753531741473,12:09:01.473,BANANAS31/USDT:USDT,0.006449,12.0,0.006448,7.0,0.006451,6.0,0.006452,38.0
1753531741667,12:09:01.667,BANANAS31/USDT:USDT,0.006449,12.0,0.006448,7.0,0.006451,6.0,0.006452,38.0
1753531741808,12:09:01.808,BANANAS31/USDT:USDT,0.006447,24.0,0.006445,24.0,0.006451,6.0,0.006452,45.0
1753531741894,12:09:01.894,BANANAS31/USDT:USDT,0.006447,24.0,0.006445,24.0,0.006451,6.0,0.006452,45.0
1753531742003,12:09:02.003,BANANAS31/USDT:USDT,0.006447,24.0,0.006445,24.0,0.006451,6.0,0.006452,45.0
1753531742309,12:09:02.309,BANANAS31/USDT:USDT,0.006447,24.0,0.006445,24.0,0.006451,6.0,0.006452,45.0
1753531742507,12:09:02.507,BANANAS31/USDT:USDT,0.006449,13.0,0.006447,16.0,0.006451,6.0,0.006452,45.0
1753531742614,12:09:02.614,BANANAS31/USDT:USDT,0.006449,13.0,0.006447,28.0,0.006451,6.0,0.006452,45.0
1753531742726,12:09:02.726,BANANAS31/USDT:USDT,0.006449,13.0,0.006447,28.0,0.006451,6.0,0.006452,45.0
1753531743209,12:09:03.209,BANANAS31/USDT:USDT,0.006449,6.0,0.006447,24.0,0.006451,51.0,0.006452,52.0
1753531743388,12:09:03.388,BANANAS31/USDT:USDT,0.006447,24.0,0.006445,24.0,0.006451,51.0,0.006452,52.0
1753531743556,12:09:03.556,BANANAS31/USDT:USDT,0.006447,24.0,0.006445,24.0,0.006451,51.0,0.006452,52.0
1753531743702,12:09:03.702,BANANAS31/USDT:USDT,0.006447,24.0,0.006445,24.0,0.006451,51.0,0.006452,52.0
1753531743779,12:09:03.779,BANANAS31/USDT:USDT,0.006447,12.0,0.006445,24.0,0.006451,51.0,0.006452,52.0
1753531743972,12:09:03.972,BANANAS31/USDT:USDT,0.006447,12.0,0.006445,24.0,0.006451,51.0,0.006452,52.0
1753531744300,12:09:04.300,BANANAS31/USDT:USDT,0.006449,6.0,0.006447,12.0,0.006451,51.0,0.006452,52.0
1753531744390,12:09:04.390,BANANAS31/USDT:USDT,0.006449,6.0,0.006447,24.0,0.006451,51.0,0.006452,52.0
1753531745206,12:09:05.206,BANANAS31/USDT:USDT,0.006449,6.0,0.006447,24.0,0.006451,51.0,0.006452,52.0
1753531745610,12:09:05.610,BANANAS31/USDT:USDT,0.006445,24.0,0.006444,38.0,0.00645,45.0,0.006451,58.0
1753531745634,12:09:05.634,BANANAS31/USDT:USDT,0.006445,24.0,0.006444,38.0,0.00645,45.0,0.006451,58.0
1753531745733,12:09:05.733,BANANAS31/USDT:USDT,0.006445,24.0,0.006444,38.0,0.00645,45.0,0.006451,58.0
1753531746052,12:09:06.052,BANANAS31/USDT:USDT,0.006445,24.0,0.006444,38.0,0.00645,45.0,0.006451,58.0
1753531746468,12:09:06.468,BANANAS31/USDT:USDT,0.006445,24.0,0.006444,38.0,0.00645,45.0,0.006451,58.0
1753531746713,12:09:06.713,BANANAS31/USDT:USDT,0.006447,6.0,0.006445,24.0,0.00645,45.0,0.006451,58.0
1753531746780,12:09:06.780,BANANAS31/USDT:USDT,0.006447,6.0,0.006445,24.0,0.00645,45.0,0.006451,58.0
1753531746888,12:09:06.888,BANANAS31/USDT:USDT,0.006447,6.0,0.006445,24.0,0.00645,45.0,0.006451,58.0
1753531747182,12:09:07.182,BANANAS31/USDT:USDT,0.006447,6.0,0.006445,24.0,0.00645,45.0,0.006451,58.0
1753531747309,12:09:07.309,BANANAS31/USDT:USDT,0.006447,6.0,0.006445,24.0,0.00645,45.0,0.006451,58.0
1753531747683,12:09:07.683,BANANAS31/USDT:USDT,0.006447,6.0,0.006445,24.0,0.00645,45.0,0.006451,58.0
1753531747807,12:09:07.807,BANANAS31/USDT:USDT,0.006445,24.0,0.006443,64.0,0.00645,45.0,0.006451,58.0
1753531747996,12:09:07.996,BANANAS31/USDT:USDT,0.006449,6.0,0.006447,12.0,0.00645,45.0,0.006451,58.0
1753531748112,12:09:08.112,BANANAS31/USDT:USDT,0.006448,6.0,0.006447,24.0,0.00645,45.0,0.006451,58.0
1753531748213,12:09:08.213,BANANAS31/USDT:USDT,0.006448,6.0,0.006446,24.0,0.00645,45.0,0.006451,58.0
1753531748313,12:09:08.313,BANANAS31/USDT:USDT,0.006448,6.0,0.006446,24.0,0.00645,45.0,0.006451,58.0
1753531748424,12:09:08.424,BANANAS31/USDT:USDT,0.006446,24.0,0.006445,4.0,0.00645,45.0,0.006451,58.0
1753531748525,12:09:08.525,BANANAS31/USDT:USDT,0.006447,7.0,0.006446,24.0,0.00645,38.0,0.006451,44.0
1753531748568,12:09:08.568,BANANAS31/USDT:USDT,0.006449,13.0,0.006447,19.0,0.006451,44.0,0.006452,52.0
1753531748654,12:09:08.654,BANANAS31/USDT:USDT,0.006449,13.0,0.006447,19.0,0.006451,44.0,0.006452,52.0
1753531748965,12:09:08.965,BANANAS31/USDT:USDT,0.006449,13.0,0.006447,19.0,0.006451,44.0,0.006452,52.0
1753531749387,12:09:09.387,BANANAS31/USDT:USDT,0.006449,13.0,0.006447,19.0,0.006451,44.0,0.006452,52.0
1753531749608,12:09:09.608,BANANAS31/USDT:USDT,0.006451,13.0,0.006449,7.0,0.006452,38.0,0.006454,300.0
1753531749667,12:09:09.667,BANANAS31/USDT:USDT,0.006449,12.0,0.006448,14.0,0.006451,7.0,0.006452,38.0
1753531749824,12:09:09.824,BANANAS31/USDT:USDT,0.006444,10.0,0.006443,1.0,0.006449,38.0,0.00645,42.0
1753531749921,12:09:09.921,BANANAS31/USDT:USDT,0.006443,1.0,0.006442,10.0,0.006447,18.0,0.006448,38.0
1753531750021,12:09:10.021,BANANAS31/USDT:USDT,0.006443,1.0,0.006442,10.0,0.006447,18.0,0.006448,38.0
1753531750055,12:09:10.055,BANANAS31/USDT:USDT,0.006443,1.0,0.006442,10.0,0.006447,18.0,0.006448,38.0
1753531750219,12:09:10.219,BANANAS31/USDT:USDT,0.006443,1.0,0.006441,22.0,0.006445,4.0,0.006446,38.0
1753531750299,12:09:10.299,BANANAS31/USDT:USDT,0.006443,1.0,0.006441,10.0,0.006445,18.0,0.006446,52.0
1753531750422,12:09:10.422,BANANAS31/USDT:USDT,0.006443,1.0,0.006441,10.0,0.006445,56.0,0.006446,52.0
1753531750524,12:09:10.524,BANANAS31/USDT:USDT,0.006443,1.0,0.00644,12.0,0.006445,56.0,0.006446,308.0
1753531750560,12:09:10.560,BANANAS31/USDT:USDT,0.006443,1.0,0.006441,12.0,0.006445,52.0,0.006446,308.0
1753531750708,12:09:10.708,BANANAS31/USDT:USDT,0.006443,1.0,0.006441,12.0,0.006445,52.0,0.006446,308.0
1753531751291,12:09:11.291,BANANAS31/USDT:USDT,0.006443,1.0,0.006441,12.0,0.006445,52.0,0.006446,308.0
1753531751458,12:09:11.458,BANANAS31/USDT:USDT,0.006443,1.0,0.006441,12.0,0.006445,52.0,0.006446,308.0
1753531751623,12:09:11.623,BANANAS31/USDT:USDT,0.006443,1.0,0.006441,12.0,0.006445,52.0,0.006446,308.0
1753531751779,12:09:11.779,BANANAS31/USDT:USDT,0.006443,1.0,0.006441,12.0,0.006445,52.0,0.006446,308.0
1753531751955,12:09:11.955,BANANAS31/USDT:USDT,0.006443,1.0,0.006441,12.0,0.006444,38.0,0.006445,52.0
1753531752091,12:09:12.091,BANANAS31/USDT:USDT,0.006443,1.0,0.006441,12.0,0.006444,38.0,0.006445,52.0
1753531752280,12:09:12.280,BANANAS31/USDT:USDT,0.006443,1.0,0.006441,12.0,0.006444,38.0,0.006445,52.0
1753531752418,12:09:12.418,BANANAS31/USDT:USDT,0.006437,14.0,0.006436,14.0,0.006442,52.0,0.006443,42.0
1753531752511,12:09:12.511,BANANAS31/USDT:USDT,0.00644,7.0,0.006438,18.0,0.006442,294.0,0.006443,38.0
1753531752618,12:09:12.618,BANANAS31/USDT:USDT,0.00644,7.0,0.006438,14.0,0.006442,294.0,0.006443,38.0
1753531752720,12:09:12.720,BANANAS31/USDT:USDT,0.00644,10.0,0.006438,14.0,0.006442,301.0,0.006443,45.0
1753531752807,12:09:12.807,BANANAS31/USDT:USDT,0.00644,10.0,0.006438,14.0,0.006442,294.0,0.006443,38.0
1753531752923,12:09:12.923,BANANAS31/USDT:USDT,0.00644,7.0,0.006438,14.0,0.006442,294.0,0.006443,38.0
1753531753014,12:09:13.014,BANANAS31/USDT:USDT,0.00644,7.0,0.006438,14.0,0.006442,301.0,0.006443,45.0
1753531753117,12:09:13.117,BANANAS31/USDT:USDT,0.00644,7.0,0.006438,14.0,0.006442,301.0,0.006443,45.0
1753531753208,12:09:13.208,BANANAS31/USDT:USDT,0.006441,14.0,0.006439,12.0,0.006442,294.0,0.006443,38.0
1753531753273,12:09:13.273,BANANAS31/USDT:USDT,0.006441,14.0,0.006439,24.0,0.006442,294.0,0.006443,38.0
1753531753412,12:09:13.412,BANANAS31/USDT:USDT,0.006444,7.0,0.006443,20.0,0.006446,38.0,0.006447,4.0
1753531753498,12:09:13.498,BANANAS31/USDT:USDT,0.006444,7.0,0.006442,24.0,0.006446,38.0,0.006447,4.0
1753531753592,12:09:13.592,BANANAS31/USDT:USDT,0.006444,14.0,0.006442,24.0,0.006445,38.0,0.006446,296.0
1753531753713,12:09:13.713,BANANAS31/USDT:USDT,0.006444,14.0,0.006442,24.0,0.006445,38.0,0.006446,296.0
1753531753794,12:09:13.794,BANANAS31/USDT:USDT,0.006444,14.0,0.006442,24.0,0.006445,38.0,0.006446,296.0
1753531754024,12:09:14.024,BANANAS31/USDT:USDT,0.006437,48.0,0.006436,38.0,0.006445,38.0,0.006446,310.0
1753531754121,12:09:14.121,BANANAS31/USDT:USDT,0.006441,7.0,0.006439,24.0,0.006444,59.0,0.006445,52.0
1753531754176,12:09:14.176,BANANAS31/USDT:USDT,0.006441,7.0,0.006439,24.0,0.006444,59.0,0.006445,52.0
1753531754313,12:09:14.313,BANANAS31/USDT:USDT,0.006441,7.0,0.006439,24.0,0.006444,59.0,0.006445,52.0
1753531754371,12:09:14.371,BANANAS31/USDT:USDT,0.006441,7.0,0.006439,24.0,0.006444,59.0,0.006445,290.0
1753531754454,12:09:14.454,BANANAS31/USDT:USDT,0.006441,7.0,0.006439,24.0,0.006444,59.0,0.006445,290.0
1753531755006,12:09:15.006,BANANAS31/USDT:USDT,0.006441,7.0,0.006439,24.0,0.006444,59.0,0.006445,290.0
1753531755207,12:09:15.207,BANANAS31/USDT:USDT,0.006441,7.0,0.006439,24.0,0.006444,59.0,0.006445,52.0
1753531755287,12:09:15.287,BANANAS31/USDT:USDT,0.006441,7.0,0.006439,24.0,0.006444,59.0,0.006445,52.0
1753531755599,12:09:15.599,BANANAS31/USDT:USDT,0.006441,7.0,0.006439,24.0,0.006444,59.0,0.006445,52.0
1753531755783,12:09:15.783,BANANAS31/USDT:USDT,0.006442,7.0,0.006439,24.0,0.006444,59.0,0.006445,52.0
1753531755875,12:09:15.875,BANANAS31/USDT:USDT,0.006442,7.0,0.00644,12.0,0.006444,59.0,0.006445,52.0
1753531756009,12:09:16.009,BANANAS31/USDT:USDT,0.006442,7.0,0.00644,12.0,0.006444,59.0,0.006445,52.0
1753531756052,12:09:16.052,BANANAS31/USDT:USDT,0.006442,7.0,0.00644,24.0,0.006444,59.0,0.006445,52.0
1753531756157,12:09:16.157,BANANAS31/USDT:USDT,0.006442,7.0,0.00644,24.0,0.006444,59.0,0.006445,52.0
1753531757123,12:09:17.123,BANANAS31/USDT:USDT,0.006443,7.0,0.006442,7.0,0.006444,14.0,0.006445,45.0
1753531757219,12:09:17.219,BANANAS31/USDT:USDT,0.006443,14.0,0.006441,24.0,0.006444,14.0,0.006445,38.0
1753531757285,12:09:17.285,BANANAS31/USDT:USDT,0.006443,14.0,0.006441,24.0,0.006444,14.0,0.006445,38.0
1753531757325,12:09:17.325,BANANAS31/USDT:USDT,0.006443,14.0,0.006441,24.0,0.006444,14.0,0.006445,38.0
1753531757813,12:09:17.813,BANANAS31/USDT:USDT,0.00644,14.0,0.006439,7.0,0.006443,14.0,0.006444,14.0
1753531757828,12:09:17.828,BANANAS31/USDT:USDT,0.00644,14.0,0.006439,7.0,0.006443,14.0,0.006444,14.0
1753531758012,12:09:18.012,BANANAS31/USDT:USDT,0.00644,14.0,0.006439,7.0,0.006443,14.0,0.006444,14.0
1753531758155,12:09:18.155,BANANAS31/USDT:USDT,0.00644,14.0,0.006439,7.0,0.006443,14.0,0.006444,14.0
1753531758582,12:09:18.582,BANANAS31/USDT:USDT,0.00644,14.0,0.006439,7.0,0.006443,14.0,0.006444,14.0
1753531758998,12:09:18.998,BANANAS31/USDT:USDT,0.006441,7.0,0.00644,14.0,0.006444,14.0,0.006445,38.0
1753531759106,12:09:19.106,BANANAS31/USDT:USDT,0.006441,7.0,0.00644,14.0,0.006444,14.0,0.006445,38.0
1753531759181,12:09:19.181,BANANAS31/USDT:USDT,0.006441,7.0,0.00644,14.0,0.006444,14.0,0.006445,38.0
1753531759416,12:09:19.416,BANANAS31/USDT:USDT,0.006441,7.0,0.00644,14.0,0.006444,14.0,0.006445,38.0
1753531759699,12:09:19.699,BANANAS31/USDT:USDT,0.006443,14.0,0.006441,24.0,0.006444,14.0,0.006445,38.0
1753531759804,12:09:19.804,BANANAS31/USDT:USDT,0.006443,7.0,0.006441,24.0,0.006444,14.0,0.006445,38.0
1753531759833,12:09:19.833,BANANAS31/USDT:USDT,0.006443,7.0,0.006441,24.0,0.006444,14.0,0.006445,38.0
1753531760003,12:09:20.003,BANANAS31/USDT:USDT,0.006443,7.0,0.006441,24.0,0.006444,14.0,0.006445,38.0
1753531760316,12:09:20.316,BANANAS31/USDT:USDT,0.006439,24.0,0.006437,48.0,0.006444,28.0,0.006445,290.0
1753531760342,12:09:20.342,BANANAS31/USDT:USDT,0.006439,24.0,0.006437,60.0,0.006444,28.0,0.006445,290.0
1753531760487,12:09:20.487,BANANAS31/USDT:USDT,0.00644,7.0,0.006437,22.0,0.006443,38.0,0.006444,28.0
1753531760558,12:09:20.558,BANANAS31/USDT:USDT,0.00644,7.0,0.006438,12.0,0.006443,38.0,0.006444,28.0
1753531760693,12:09:20.693,BANANAS31/USDT:USDT,0.00644,7.0,0.006438,24.0,0.006443,38.0,0.006444,28.0
1753531761494,12:09:21.494,BANANAS31/USDT:USDT,0.00644,7.0,0.006438,24.0,0.006443,38.0,0.006444,28.0
1753531761908,12:09:21.908,BANANAS31/USDT:USDT,0.00644,7.0,0.006438,24.0,0.006443,38.0,0.006444,28.0
1753531763515,12:09:23.515,BANANAS31/USDT:USDT,0.006436,38.0,0.006435,38.0,0.006442,4.0,0.006443,38.0
1753531763622,12:09:23.622,BANANAS31/USDT:USDT,0.006437,7.0,0.006435,24.0,0.006442,18.0,0.006443,38.0
1753531763722,12:09:23.722,BANANAS31/USDT:USDT,0.006438,7.0,0.006436,12.0,0.00644,18.0,0.006441,52.0
1753531763815,12:09:23.815,BANANAS31/USDT:USDT,0.006439,14.0,0.006437,12.0,0.00644,14.0,0.006441,52.0
1753531763924,12:09:23.924,BANANAS31/USDT:USDT,0.006437,24.0,0.006435,24.0,0.00644,14.0,0.006441,52.0
1753531763941,12:09:23.941,BANANAS31/USDT:USDT,0.006437,24.0,0.006435,24.0,0.00644,14.0,0.006441,52.0
1753531764410,12:09:24.410,BANANAS31/USDT:USDT,0.006435,24.0,0.006434,38.0,0.00644,52.0,0.006441,52.0
1753531764444,12:09:24.444,BANANAS31/USDT:USDT,0.006435,24.0,0.006433,24.0,0.00644,52.0,0.006441,203.0
1753531764697,12:09:24.697,BANANAS31/USDT:USDT,0.006436,14.0,0.006433,24.0,0.006439,38.0,0.00644,52.0
1753531764809,12:09:24.809,BANANAS31/USDT:USDT,0.006436,14.0,0.006434,12.0,0.006439,38.0,0.00644,52.0
1753531764874,12:09:24.874,BANANAS31/USDT:USDT,0.006436,14.0,0.006434,12.0,0.006439,38.0,0.00644,52.0
1753531765022,12:09:25.022,BANANAS31/USDT:USDT,0.006436,14.0,0.006434,12.0,0.006439,38.0,0.00644,52.0
1753531765122,12:09:25.122,BANANAS31/USDT:USDT,0.006434,7.0,0.006432,10.0,0.006438,18.0,0.006439,38.0
1753531765223,12:09:25.223,BANANAS31/USDT:USDT,0.006434,7.0,0.006432,22.0,0.006438,14.0,0.006439,38.0
1753531765323,12:09:25.323,BANANAS31/USDT:USDT,0.006434,7.0,0.006432,22.0,0.006438,14.0,0.006439,38.0
1753531765391,12:09:25.391,BANANAS31/USDT:USDT,0.006434,7.0,0.006432,22.0,0.006438,14.0,0.006439,38.0
1753531765496,12:09:25.496,BANANAS31/USDT:USDT,0.006434,7.0,0.006432,22.0,0.006438,14.0,0.006439,38.0
1753531765550,12:09:25.550,BANANAS31/USDT:USDT,0.006434,7.0,0.006432,34.0,0.006438,14.0,0.006439,38.0
1753531765921,12:09:25.921,BANANAS31/USDT:USDT,0.006435,7.0,0.006433,12.0,0.006438,14.0,0.006439,38.0
1753531766006,12:09:26.006,BANANAS31/USDT:USDT,0.006435,7.0,0.006433,12.0,0.006438,14.0,0.006439,38.0
1753531766107,12:09:26.107,BANANAS31/USDT:USDT,0.006433,7.0,0.006431,12.0,0.006437,4.0,0.006438,272.0
1753531766219,12:09:26.219,BANANAS31/USDT:USDT,0.006433,7.0,0.006431,12.0,0.006437,42.0,0.006438,272.0
1753531766278,12:09:26.278,BANANAS31/USDT:USDT,0.006433,7.0,0.006431,24.0,0.006437,42.0,0.006438,272.0
1753531766556,12:09:26.556,BANANAS31/USDT:USDT,0.006433,7.0,0.006431,24.0,0.006437,42.0,0.006438,272.0
1753531767009,12:09:27.009,BANANAS31/USDT:USDT,0.006433,7.0,0.006431,24.0,0.006437,42.0,0.006438,272.0
1753531767049,12:09:27.049,BANANAS31/USDT:USDT,0.006433,7.0,0.006431,24.0,0.006437,42.0,0.006438,272.0
1753531767293,12:09:27.293,BANANAS31/USDT:USDT,0.006433,7.0,0.006431,24.0,0.006437,42.0,0.006438,272.0
1753531767715,12:09:27.715,BANANAS31/USDT:USDT,0.006431,24.0,0.006429,62.0,0.006437,42.0,0.006438,272.0
1753531767916,12:09:27.916,BANANAS31/USDT:USDT,0.006427,24.0,0.006426,1.0,0.006433,38.0,0.006434,272.0
1753531768022,12:09:28.022,BANANAS31/USDT:USDT,0.006428,7.0,0.006426,1.0,0.006432,18.0,0.006433,38.0
1753531768069,12:09:28.069,BANANAS31/USDT:USDT,0.006428,7.0,0.006426,1.0,0.006432,18.0,0.006433,38.0
1753531768221,12:09:28.221,BANANAS31/USDT:USDT,0.006428,7.0,0.006426,1.0,0.006432,18.0,0.006433,38.0
1753531768300,12:09:28.300,BANANAS31/USDT:USDT,0.006428,7.0,0.006426,1.0,0.006432,18.0,0.006433,38.0
1753531768497,12:09:28.497,BANANAS31/USDT:USDT,0.006429,7.0,0.006427,12.0,0.006432,14.0,0.006433,38.0
1753531768607,12:09:28.607,BANANAS31/USDT:USDT,0.006429,7.0,0.006427,24.0,0.006432,14.0,0.006433,38.0
1753531768701,12:09:28.701,BANANAS31/USDT:USDT,0.006429,7.0,0.006427,24.0,0.006432,14.0,0.006433,38.0
1753531768774,12:09:28.774,BANANAS31/USDT:USDT,0.006429,7.0,0.006427,24.0,0.006432,14.0,0.006433,38.0
1753531769018,12:09:29.018,BANANAS31/USDT:USDT,0.006429,7.0,0.006427,24.0,0.006432,14.0,0.006433,38.0
1753531769119,12:09:29.119,BANANAS31/USDT:USDT,0.00643,13.0,0.006428,12.0,0.006433,4.0,0.006434,52.0
1753531769209,12:09:29.209,BANANAS31/USDT:USDT,0.00643,10.0,0.006428,24.0,0.006433,259.0,0.006434,52.0
1753531769314,12:09:29.314,BANANAS31/USDT:USDT,0.00643,10.0,0.006428,24.0,0.006433,259.0,0.006434,52.0
1753531769420,12:09:29.420,BANANAS31/USDT:USDT,0.00643,13.0,0.006429,7.0,0.006433,259.0,0.006434,45.0
1753531769481,12:09:29.481,BANANAS31/USDT:USDT,0.00643,13.0,0.006428,24.0,0.006433,259.0,0.006434,45.0
1753531769614,12:09:29.614,BANANAS31/USDT:USDT,0.00643,13.0,0.006428,24.0,0.006433,259.0,0.006434,45.0
1753531769921,12:09:29.921,BANANAS31/USDT:USDT,0.00643,10.0,0.006428,24.0,0.006433,266.0,0.006434,52.0
1753531770244,12:09:30.244,BANANAS31/USDT:USDT,0.00643,10.0,0.006428,24.0,0.006433,266.0,0.006434,52.0
1753531770419,12:09:30.419,BANANAS31/USDT:USDT,0.00643,10.0,0.006428,24.0,0.006433,266.0,0.006434,52.0
1753531770675,12:09:30.675,BANANAS31/USDT:USDT,0.00643,10.0,0.006428,24.0,0.006433,266.0,0.006434,52.0
1753531770813,12:09:30.813,BANANAS31/USDT:USDT,0.00643,10.0,0.006428,24.0,0.006433,266.0,0.006434,52.0
1753531770858,12:09:30.858,BANANAS31/USDT:USDT,0.00643,10.0,0.006428,24.0,0.006433,266.0,0.006434,52.0
1753531771006,12:09:31.006,BANANAS31/USDT:USDT,0.00643,10.0,0.006428,24.0,0.006433,266.0,0.006434,52.0
1753531771082,12:09:31.082,BANANAS31/USDT:USDT,0.00643,7.0,0.006428,24.0,0.006433,266.0,0.006434,52.0
1753531771211,12:09:31.211,BANANAS31/USDT:USDT,0.006432,7.0,0.006429,7.0,0.006433,259.0,0.006434,7.0
1753531771263,12:09:31.263,BANANAS31/USDT:USDT,0.006432,7.0,0.00643,12.0,0.006433,259.0,0.006434,7.0
1753531771404,12:09:31.404,BANANAS31/USDT:USDT,0.006432,7.0,0.00643,24.0,0.006433,259.0,0.006434,7.0
1753531771498,12:09:31.498,BANANAS31/USDT:USDT,0.006432,7.0,0.00643,24.0,0.006433,259.0,0.006434,7.0
1753531771662,12:09:31.662,BANANAS31/USDT:USDT,0.006432,14.0,0.00643,24.0,0.006433,259.0,0.006434,7.0
1753531771733,12:09:31.733,BANANAS31/USDT:USDT,0.006432,14.0,0.00643,24.0,0.006433,259.0,0.006434,7.0
1753531772007,12:09:32.007,BANANAS31/USDT:USDT,0.006432,14.0,0.00643,24.0,0.006433,259.0,0.006434,7.0
1753531772116,12:09:32.116,BANANAS31/USDT:USDT,0.006432,14.0,0.00643,24.0,0.006433,259.0,0.006434,7.0
1753531772184,12:09:32.184,BANANAS31/USDT:USDT,0.006432,14.0,0.00643,24.0,0.006433,259.0,0.006435,42.0
1753531772320,12:09:32.320,BANANAS31/USDT:USDT,0.006433,7.0,0.00643,24.0,0.006435,45.0,0.006436,38.0
1753531772403,12:09:32.403,BANANAS31/USDT:USDT,0.006433,7.0,0.006431,24.0,0.006435,303.0,0.006436,38.0
1753531772450,12:09:32.450,BANANAS31/USDT:USDT,0.006433,7.0,0.006431,24.0,0.006435,303.0,0.006436,38.0
1753531772740,12:09:32.740,BANANAS31/USDT:USDT,0.006433,7.0,0.006431,24.0,0.006435,303.0,0.006436,38.0
1753531772859,12:09:32.859,BANANAS31/USDT:USDT,0.006433,7.0,0.006431,24.0,0.006435,303.0,0.006436,38.0
1753531772995,12:09:32.995,BANANAS31/USDT:USDT,0.006432,7.0,0.006429,19.0,0.006434,38.0,0.006435,303.0
1753531773033,12:09:33.033,BANANAS31/USDT:USDT,0.006432,7.0,0.006429,19.0,0.006434,38.0,0.006435,303.0
1753531773189,12:09:33.189,BANANAS31/USDT:USDT,0.006432,7.0,0.006429,12.0,0.006434,38.0,0.006435,303.0
1753531773241,12:09:33.241,BANANAS31/USDT:USDT,0.006429,12.0,0.006426,39.0,0.006434,38.0,0.006435,303.0
1753531773418,12:09:33.418,BANANAS31/USDT:USDT,0.006432,7.0,0.00643,12.0,0.006435,303.0,0.006436,45.0
1753531773445,12:09:33.445,BANANAS31/USDT:USDT,0.006432,7.0,0.00643,12.0,0.006435,303.0,0.006436,45.0
1753531773635,12:09:33.635,BANANAS31/USDT:USDT,0.006432,7.0,0.00643,12.0,0.006435,303.0,0.006436,45.0
1753531774006,12:09:34.006,BANANAS31/USDT:USDT,0.006432,7.0,0.00643,24.0,0.006435,303.0,0.006436,45.0
1753531774026,12:09:34.026,BANANAS31/USDT:USDT,0.006432,7.0,0.00643,24.0,0.006435,303.0,0.006436,45.0
1753531774465,12:09:34.465,BANANAS31/USDT:USDT,0.006432,7.0,0.00643,24.0,0.006435,303.0,0.006436,45.0
1753531774595,12:09:34.595,BANANAS31/USDT:USDT,0.006433,14.0,0.006431,12.0,0.006435,303.0,0.006436,45.0
1753531774653,12:09:34.653,BANANAS31/USDT:USDT,0.006433,14.0,0.006431,24.0,0.006435,303.0,0.006436,45.0
1753531774761,12:09:34.761,BANANAS31/USDT:USDT,0.006433,14.0,0.006431,24.0,0.006435,303.0,0.006436,45.0
1753531774882,12:09:34.882,BANANAS31/USDT:USDT,0.006433,14.0,0.006431,24.0,0.006435,303.0,0.006436,45.0
1753531775076,12:09:35.076,BANANAS31/USDT:USDT,0.006434,7.0,0.006431,24.0,0.006435,265.0,0.006436,45.0
1753531775195,12:09:35.195,BANANAS31/USDT:USDT,0.006434,14.0,0.006432,24.0,0.006435,265.0,0.006436,45.0
1753531775298,12:09:35.298,BANANAS31/USDT:USDT,0.006434,14.0,0.006432,24.0,0.006435,265.0,0.006436,45.0
1753531775796,12:09:35.796,BANANAS31/USDT:USDT,0.006434,7.0,0.006432,24.0,0.006435,265.0,0.006436,45.0
1753531776002,12:09:36.002,BANANAS31/USDT:USDT,0.006434,7.0,0.006432,24.0,0.006435,265.0,0.006436,45.0
1753531776119,12:09:36.119,BANANAS31/USDT:USDT,0.006434,7.0,0.006432,24.0,0.006435,265.0,0.006436,45.0
1753531776150,12:09:36.150,BANANAS31/USDT:USDT,0.006434,10.0,0.006432,24.0,0.006435,258.0,0.006437,49.0
1753531776510,12:09:36.510,BANANAS31/USDT:USDT,0.006427,10.0,0.006426,39.0,0.006434,52.0,0.006435,272.0
1753531776615,12:09:36.615,BANANAS31/USDT:USDT,0.006429,7.0,0.006428,22.0,0.006434,52.0,0.006435,272.0
1753531776688,12:09:36.688,BANANAS31/USDT:USDT,0.006431,7.0,0.006428,12.0,0.006434,48.0,0.006435,272.0
1753531776819,12:09:36.819,BANANAS31/USDT:USDT,0.006433,7.0,0.006432,14.0,0.006436,38.0,0.006437,42.0
1753531776889,12:09:36.889,BANANAS31/USDT:USDT,0.006433,7.0,0.006431,19.0,0.006436,38.0,0.006437,56.0
1753531776947,12:09:36.947,BANANAS31/USDT:USDT,0.006433,7.0,0.006431,19.0,0.006436,298.0,0.006437,56.0
1753531777059,12:09:37.059,BANANAS31/USDT:USDT,0.006433,7.0,0.006431,19.0,0.006436,298.0,0.006437,56.0
1753531777492,12:09:37.492,BANANAS31/USDT:USDT,0.006433,13.0,0.006431,19.0,0.006436,298.0,0.006437,56.0
1753531777625,12:09:37.625,BANANAS31/USDT:USDT,0.006436,22.0,0.006431,19.0,0.006442,11.0,0.006443,38.0
1753531777723,12:09:37.723,BANANAS31/USDT:USDT,0.006429,38.0,0.006428,10.0,0.006439,38.0,0.00644,162.0
1753531777812,12:09:37.812,BANANAS31/USDT:USDT,0.006431,7.0,0.006429,38.0,0.006438,38.0,0.006439,299.0
1753531777916,12:09:37.916,BANANAS31/USDT:USDT,0.006434,7.0,0.006432,24.0,0.006437,38.0,0.006438,52.0
1753531778006,12:09:38.006,BANANAS31/USDT:USDT,0.006434,7.0,0.006432,24.0,0.006437,38.0,0.006438,52.0
1753531778415,12:09:38.415,BANANAS31/USDT:USDT,0.006434,7.0,0.006432,31.0,0.006437,38.0,0.006438,45.0
1753531778441,12:09:38.441,BANANAS31/USDT:USDT,0.006434,13.0,0.006432,31.0,0.006437,38.0,0.006438,45.0
1753531778752,12:09:38.752,BANANAS31/USDT:USDT,0.006434,13.0,0.006432,31.0,0.006437,38.0,0.006438,45.0
1753531779266,12:09:39.266,BANANAS31/USDT:USDT,0.006434,13.0,0.006432,31.0,0.006437,38.0,0.006438,45.0
1753531779421,12:09:39.421,BANANAS31/USDT:USDT,0.006434,13.0,0.006432,31.0,0.006437,38.0,0.006438,45.0
1753531779499,12:09:39.499,BANANAS31/USDT:USDT,0.006434,10.0,0.006432,31.0,0.006437,38.0,0.006438,45.0
1753531779530,12:09:39.530,BANANAS31/USDT:USDT,0.006434,10.0,0.006432,31.0,0.006437,38.0,0.006438,45.0
1753531779783,12:09:39.783,BANANAS31/USDT:USDT,0.006437,7.0,0.006434,7.0,0.006439,306.0,0.00644,162.0
1753531779888,12:09:39.888,BANANAS31/USDT:USDT,0.006437,7.0,0.006435,24.0,0.006439,306.0,0.00644,162.0
1753531780003,12:09:40.003,BANANAS31/USDT:USDT,0.006437,7.0,0.006435,24.0,0.006439,306.0,0.00644,162.0
1753531780121,12:09:40.121,BANANAS31/USDT:USDT,0.006437,7.0,0.006435,24.0,0.006439,306.0,0.00644,162.0
1753531780224,12:09:40.224,BANANAS31/USDT:USDT,0.006437,7.0,0.006435,24.0,0.006439,306.0,0.00644,11.0
1753531780288,12:09:40.288,BANANAS31/USDT:USDT,0.006437,7.0,0.006435,24.0,0.006439,306.0,0.00644,7.0
1753531780413,12:09:40.413,BANANAS31/USDT:USDT,0.006438,14.0,0.006436,24.0,0.006439,38.0,0.006441,45.0
1753531780471,12:09:40.471,BANANAS31/USDT:USDT,0.006438,14.0,0.006436,24.0,0.006439,38.0,0.006441,45.0
1753531780526,12:09:40.526,BANANAS31/USDT:USDT,0.006438,14.0,0.006436,24.0,0.006439,299.0,0.006441,45.0
1753531780822,12:09:40.822,BANANAS31/USDT:USDT,0.00644,10.0,0.006439,38.0,0.006443,38.0,0.006444,7.0
1753531780924,12:09:40.924,BANANAS31/USDT:USDT,0.006435,7.0,0.006432,38.0,0.006441,38.0,0.006442,272.0
1753531780986,12:09:40.986,BANANAS31/USDT:USDT,0.006438,7.0,0.006436,24.0,0.006441,45.0,0.006442,279.0
1753531781122,12:09:41.122,BANANAS31/USDT:USDT,0.006439,7.0,0.006437,12.0,0.006441,38.0,0.006442,272.0
1753531781181,12:09:41.181,BANANAS31/USDT:USDT,0.006439,7.0,0.006437,12.0,0.006441,38.0,0.006442,268.0
1753531781301,12:09:41.301,BANANAS31/USDT:USDT,0.006439,7.0,0.006437,24.0,0.006441,38.0,0.006442,268.0
1753531781354,12:09:41.354,BANANAS31/USDT:USDT,0.006439,7.0,0.006437,24.0,0.006441,38.0,0.006442,268.0
1753531781603,12:09:41.603,BANANAS31/USDT:USDT,0.006439,7.0,0.006437,24.0,0.006441,38.0,0.006442,268.0
1753531781678,12:09:41.678,BANANAS31/USDT:USDT,0.006439,7.0,0.006437,24.0,0.006441,38.0,0.006442,268.0
1753531781729,12:09:41.729,BANANAS31/USDT:USDT,0.006439,7.0,0.006437,24.0,0.006441,38.0,0.006442,268.0
1753531781854,12:09:41.854,BANANAS31/USDT:USDT,0.006439,7.0,0.006437,31.0,0.006441,38.0,0.006442,261.0
1753531781980,12:09:41.980,BANANAS31/USDT:USDT,0.006439,7.0,0.006437,31.0,0.006441,38.0,0.006442,261.0
1753531782209,12:09:42.209,BANANAS31/USDT:USDT,0.006439,7.0,0.006437,24.0,0.006441,38.0,0.006442,261.0
1753531782910,12:09:42.910,BANANAS31/USDT:USDT,0.006439,7.0,0.006437,24.0,0.006441,38.0,0.006442,261.0
1753531783123,12:09:43.123,BANANAS31/USDT:USDT,0.00644,14.0,0.006437,24.0,0.006442,261.0,0.006443,45.0
1753531783183,12:09:43.183,BANANAS31/USDT:USDT,0.006441,17.0,0.006439,24.0,0.006442,261.0,0.006443,45.0
1753531783263,12:09:43.263,BANANAS31/USDT:USDT,0.006441,17.0,0.006439,24.0,0.006442,261.0,0.006443,45.0
1753531783343,12:09:43.343,BANANAS31/USDT:USDT,0.006441,17.0,0.006439,24.0,0.006442,261.0,0.006443,45.0
1753531783594,12:09:43.594,BANANAS31/USDT:USDT,0.006434,10.0,0.006432,50.0,0.00644,38.0,0.006441,224.0
1753531783694,12:09:43.694,BANANAS31/USDT:USDT,0.006434,10.0,0.006432,62.0,0.00644,38.0,0.006441,224.0
1753531783771,12:09:43.771,BANANAS31/USDT:USDT,0.006434,10.0,0.006432,62.0,0.00644,38.0,0.006441,224.0
1753531783828,12:09:43.828,BANANAS31/USDT:USDT,0.006434,10.0,0.006432,62.0,0.00644,38.0,0.006441,73.0
1753531784244,12:09:44.244,BANANAS31/USDT:USDT,0.006434,14.0,0.006432,62.0,0.00644,38.0,0.006441,73.0
1753531784388,12:09:44.388,BANANAS31/USDT:USDT,0.006438,7.0,0.006436,12.0,0.00644,38.0,0.006441,73.0
1753531784507,12:09:44.507,BANANAS31/USDT:USDT,0.006436,12.0,0.006434,12.0,0.006441,66.0,0.006442,268.0
1753531784594,12:09:44.594,BANANAS31/USDT:USDT,0.006436,12.0,0.006434,24.0,0.006441,73.0,0.006442,268.0
1753531784699,12:09:44.699,BANANAS31/USDT:USDT,0.006436,12.0,0.006434,24.0,0.006441,73.0,0.006442,268.0
1753531784805,12:09:44.805,BANANAS31/USDT:USDT,0.006436,12.0,0.006434,24.0,0.00644,38.0,0.006441,73.0
1753531785221,12:09:45.221,BANANAS31/USDT:USDT,0.006438,7.0,0.006436,24.0,0.00644,38.0,0.006441,73.0
1753531785244,12:09:45.244,BANANAS31/USDT:USDT,0.006436,24.0,0.006434,24.0,0.00644,38.0,0.006441,73.0
1753531785495,12:09:45.495,BANANAS31/USDT:USDT,0.006436,24.0,0.006434,24.0,0.00644,38.0,0.006441,73.0
1753531785601,12:09:45.601,BANANAS31/USDT:USDT,0.006436,24.0,0.006434,24.0,0.00644,38.0,0.006441,73.0
1753531785813,12:09:45.813,BANANAS31/USDT:USDT,0.006436,24.0,0.006434,24.0,0.00644,38.0,0.006441,73.0
1753531785916,12:09:45.916,BANANAS31/USDT:USDT,0.006436,24.0,0.006434,24.0,0.00644,38.0,0.006441,73.0
1753531786335,12:09:46.335,BANANAS31/USDT:USDT,0.006436,24.0,0.006434,24.0,0.00644,38.0,0.006441,73.0
1753531786691,12:09:46.691,BANANAS31/USDT:USDT,0.006436,24.0,0.006434,24.0,0.00644,38.0,0.006441,73.0
1753531787209,12:09:47.209,BANANAS31/USDT:USDT,0.006439,7.0,0.006438,7.0,0.006441,69.0,0.006442,7.0
1753531787288,12:09:47.288,BANANAS31/USDT:USDT,0.006437,24.0,0.006434,12.0,0.006441,324.0,0.006442,7.0
1753531787420,12:09:47.420,BANANAS31/USDT:USDT,0.006437,24.0,0.006435,24.0,0.006441,324.0,0.006442,7.0
1753531787598,12:09:47.598,BANANAS31/USDT:USDT,0.006437,24.0,0.006435,24.0,0.00644,4.0,0.006441,331.0
1753531787648,12:09:47.648,BANANAS31/USDT:USDT,0.006437,24.0,0.006435,24.0,0.00644,4.0,0.006441,331.0
1753531787788,12:09:47.788,BANANAS31/USDT:USDT,0.006437,12.0,0.006435,24.0,0.00644,4.0,0.006441,331.0
1753531788013,12:09:48.013,BANANAS31/USDT:USDT,0.006437,12.0,0.006435,24.0,0.00644,4.0,0.006441,331.0
1753531788588,12:09:48.588,BANANAS31/USDT:USDT,0.006438,7.0,0.006436,24.0,0.006441,331.0,0.006442,14.0
1753531788708,12:09:48.708,BANANAS31/USDT:USDT,0.006436,24.0,0.006434,24.0,0.006441,331.0,0.006442,14.0
1753531788832,12:09:48.832,BANANAS31/USDT:USDT,0.006436,24.0,0.006434,24.0,0.006441,331.0,0.006442,14.0
1753531789257,12:09:49.257,BANANAS31/USDT:USDT,0.006436,24.0,0.006434,24.0,0.006441,331.0,0.006442,14.0
1753531789429,12:09:49.429,BANANAS31/USDT:USDT,0.006436,24.0,0.006434,24.0,0.006441,331.0,0.006442,14.0
1753531791214,12:09:51.214,BANANAS31/USDT:USDT,0.006438,7.0,0.006437,7.0,0.006441,331.0,0.006442,14.0
1753531791313,12:09:51.313,BANANAS31/USDT:USDT,0.006438,7.0,0.006436,24.0,0.006441,331.0,0.006442,14.0
1753531791420,12:09:51.420,BANANAS31/USDT:USDT,0.006439,25.0,0.006438,4.0,0.006442,43.0,0.006443,7.0
1753531791476,12:09:51.476,BANANAS31/USDT:USDT,0.006437,24.0,0.006435,24.0,0.006441,46.0,0.006442,50.0
1753531791591,12:09:51.591,BANANAS31/USDT:USDT,0.006437,28.0,0.006435,24.0,0.006441,39.0,0.006442,304.0
1753531791714,12:09:51.714,BANANAS31/USDT:USDT,0.006437,28.0,0.006435,24.0,0.006441,39.0,0.006442,304.0
1753531791793,12:09:51.793,BANANAS31/USDT:USDT,0.006435,12.0,0.006433,12.0,0.00644,43.0,0.006441,53.0
1753531791834,12:09:51.834,BANANAS31/USDT:USDT,0.006435,12.0,0.006433,24.0,0.00644,43.0,0.006441,53.0
1753531792139,12:09:52.139,BANANAS31/USDT:USDT,0.006435,12.0,0.006433,24.0,0.00644,43.0,0.006441,53.0
1753531792792,12:09:52.792,BANANAS31/USDT:USDT,0.006435,12.0,0.006433,24.0,0.00644,43.0,0.006441,53.0
1753531792960,12:09:52.960,BANANAS31/USDT:USDT,0.006435,12.0,0.006433,24.0,0.00644,43.0,0.006441,53.0
1753531793302,12:09:53.302,BANANAS31/USDT:USDT,0.006438,7.0,0.006436,12.0,0.00644,39.0,0.006441,53.0
1753531793384,12:09:53.384,BANANAS31/USDT:USDT,0.006438,7.0,0.006436,24.0,0.00644,39.0,0.006441,53.0
1753531793456,12:09:53.456,BANANAS31/USDT:USDT,0.006438,7.0,0.006436,24.0,0.00644,39.0,0.006441,53.0
1753531794016,12:09:54.016,BANANAS31/USDT:USDT,0.006438,7.0,0.006436,24.0,0.00644,39.0,0.006441,53.0
1753531794214,12:09:54.214,BANANAS31/USDT:USDT,0.006438,7.0,0.006436,24.0,0.00644,39.0,0.006441,53.0
1753531794252,12:09:54.252,BANANAS31/USDT:USDT,0.006438,7.0,0.006436,24.0,0.00644,39.0,0.006441,53.0
1753531794376,12:09:54.376,BANANAS31/USDT:USDT,0.006438,7.0,0.006436,24.0,0.00644,39.0,0.006441,53.0
1753531795075,12:09:55.075,BANANAS31/USDT:USDT,0.006438,7.0,0.006436,24.0,0.00644,39.0,0.006441,53.0
1753531797607,12:09:57.607,BANANAS31/USDT:USDT,0.006439,7.0,0.006437,19.0,0.006441,46.0,0.006442,304.0
1753531797723,12:09:57.723,BANANAS31/USDT:USDT,0.006437,24.0,0.006435,12.0,0.006441,46.0,0.006442,311.0
1753531797774,12:09:57.774,BANANAS31/USDT:USDT,0.006437,24.0,0.006435,24.0,0.006441,46.0,0.006442,311.0
1753531797848,12:09:57.848,BANANAS31/USDT:USDT,0.006437,24.0,0.006435,24.0,0.00644,46.0,0.006441,53.0
1753531798006,12:09:58.006,BANANAS31/USDT:USDT,0.006437,24.0,0.006435,24.0,0.00644,46.0,0.006441,53.0
1753531798189,12:09:58.189,BANANAS31/USDT:USDT,0.006438,7.0,0.006436,24.0,0.00644,46.0,0.006441,53.0
1753531798263,12:09:58.263,BANANAS31/USDT:USDT,0.006438,7.0,0.006436,24.0,0.00644,46.0,0.006441,53.0
1753531799029,12:09:59.029,BANANAS31/USDT:USDT,0.006438,7.0,0.006436,24.0,0.00644,46.0,0.006441,53.0
1753531800161,12:10:00.161,BANANAS31/USDT:USDT,0.006436,24.0,0.006434,24.0,0.00644,46.0,0.006441,53.0
1753531800323,12:10:00.323,BANANAS31/USDT:USDT,0.00644,10.0,0.006438,12.0,0.006442,39.0,0.006444,38.0
1753531800409,12:10:00.409,BANANAS31/USDT:USDT,0.006439,12.0,0.006437,14.0,0.006442,7.0,0.006443,39.0
1753531800518,12:10:00.518,BANANAS31/USDT:USDT,0.006439,16.0,0.006437,14.0,0.006442,7.0,0.006443,39.0
1753531800562,12:10:00.562,BANANAS31/USDT:USDT,0.006439,16.0,0.006437,14.0,0.006442,7.0,0.006443,39.0
1753531800709,12:10:00.709,BANANAS31/USDT:USDT,0.006439,16.0,0.006437,14.0,0.006442,7.0,0.006443,39.0
1753531800817,12:10:00.817,BANANAS31/USDT:USDT,0.006439,16.0,0.006437,14.0,0.006442,7.0,0.006443,39.0
1753531800838,12:10:00.838,BANANAS31/USDT:USDT,0.006439,16.0,0.006437,14.0,0.006442,7.0,0.006443,39.0
1753531800933,12:10:00.933,BANANAS31/USDT:USDT,0.006439,16.0,0.006437,14.0,0.006442,7.0,0.006443,39.0
1753531801117,12:10:01.117,BANANAS31/USDT:USDT,0.006439,16.0,0.006438,6.0,0.006442,7.0,0.006443,39.0
1753531801138,12:10:01.138,BANANAS31/USDT:USDT,0.006439,16.0,0.006438,6.0,0.006442,7.0,0.006443,39.0
1753531801400,12:10:01.400,BANANAS31/USDT:USDT,0.006441,14.0,0.006439,28.0,0.006442,7.0,0.006443,39.0
1753531801509,12:10:01.509,BANANAS31/USDT:USDT,0.006441,14.0,0.006439,28.0,0.006442,7.0,0.006443,39.0
1753531801535,12:10:01.535,BANANAS31/USDT:USDT,0.006441,14.0,0.006439,28.0,0.006442,7.0,0.006443,39.0
1753531802006,12:10:02.006,BANANAS31/USDT:USDT,0.006441,14.0,0.006439,28.0,0.006442,7.0,0.006443,39.0
1753531802073,12:10:02.073,BANANAS31/USDT:USDT,0.006441,14.0,0.006439,28.0,0.006442,7.0,0.006443,39.0
1753531802291,12:10:02.291,BANANAS31/USDT:USDT,0.006441,14.0,0.006439,28.0,0.006442,7.0,0.006443,39.0
1753531802370,12:10:02.370,BANANAS31/USDT:USDT,0.006441,7.0,0.006439,28.0,0.006442,7.0,0.006443,39.0
1753531802495,12:10:02.495,BANANAS31/USDT:USDT,0.006441,7.0,0.006439,28.0,0.006442,7.0,0.006443,39.0
1753531803195,12:10:03.195,BANANAS31/USDT:USDT,0.006439,24.0,0.006438,6.0,0.006442,7.0,0.006443,39.0
1753531803392,12:10:03.392,BANANAS31/USDT:USDT,0.006441,14.0,0.006439,24.0,0.006442,7.0,0.006443,39.0
1753531803484,12:10:03.484,BANANAS31/USDT:USDT,0.006441,14.0,0.006439,24.0,0.006442,7.0,0.006443,39.0
1753531803961,12:10:03.961,BANANAS31/USDT:USDT,0.006441,14.0,0.006439,24.0,0.006442,7.0,0.006443,39.0
1753531804085,12:10:04.085,BANANAS31/USDT:USDT,0.006441,7.0,0.006439,24.0,0.006442,7.0,0.006443,39.0
1753531805610,12:10:05.610,BANANAS31/USDT:USDT,0.006439,24.0,0.006433,10.0,0.006442,7.0,0.006443,39.0
1753531805629,12:10:05.629,BANANAS31/USDT:USDT,0.006439,24.0,0.006437,24.0,0.006442,13.0,0.006443,39.0
1753531805765,12:10:05.765,BANANAS31/USDT:USDT,0.006439,24.0,0.006437,24.0,0.006442,13.0,0.006443,39.0
1753531805982,12:10:05.982,BANANAS31/USDT:USDT,0.006439,24.0,0.006437,24.0,0.006442,13.0,0.006443,39.0
1753531806295,12:10:06.295,BANANAS31/USDT:USDT,0.006439,24.0,0.006437,24.0,0.006442,13.0,0.006443,39.0
1753531806399,12:10:06.399,BANANAS31/USDT:USDT,0.006439,24.0,0.006437,24.0,0.006442,57.0,0.006443,39.0
1753531806819,12:10:06.819,BANANAS31/USDT:USDT,0.006439,24.0,0.006437,24.0,0.006442,57.0,0.006443,39.0
1753531807234,12:10:07.234,BANANAS31/USDT:USDT,0.006439,24.0,0.006437,24.0,0.006442,57.0,0.006443,39.0
1753531807422,12:10:07.422,BANANAS31/USDT:USDT,0.00644,7.0,0.006438,24.0,0.006442,57.0,0.006443,39.0
1753531807530,12:10:07.530,BANANAS31/USDT:USDT,0.00644,7.0,0.006438,24.0,0.006442,57.0,0.006443,39.0
1753531807669,12:10:07.669,BANANAS31/USDT:USDT,0.006441,14.0,0.006439,12.0,0.006442,57.0,0.006443,39.0
1753531807748,12:10:07.748,BANANAS31/USDT:USDT,0.006441,14.0,0.006439,24.0,0.006442,57.0,0.006443,39.0
1753531807887,12:10:07.887,BANANAS31/USDT:USDT,0.006439,24.0,0.006437,24.0,0.006442,57.0,0.006443,39.0
1753531807967,12:10:07.967,BANANAS31/USDT:USDT,0.006439,24.0,0.006437,24.0,0.006442,51.0,0.006443,39.0
1753531808091,12:10:08.091,BANANAS31/USDT:USDT,0.006439,24.0,0.006437,24.0,0.006442,51.0,0.006443,39.0
1753531809414,12:10:09.414,BANANAS31/USDT:USDT,0.006441,7.0,0.00644,14.0,0.006442,13.0,0.006443,45.0
1753531809504,12:10:09.504,BANANAS31/USDT:USDT,0.006441,14.0,0.006439,24.0,0.006442,13.0,0.006443,45.0
1753531809660,12:10:09.660,BANANAS31/USDT:USDT,0.006441,14.0,0.006439,24.0,0.006442,13.0,0.006443,45.0
1753531809888,12:10:09.888,BANANAS31/USDT:USDT,0.006439,24.0,0.006437,24.0,0.006442,13.0,0.006443,45.0
1753531810007,12:10:10.007,BANANAS31/USDT:USDT,0.006439,24.0,0.006437,24.0,0.006442,13.0,0.006443,45.0
1753531810114,12:10:10.114,BANANAS31/USDT:USDT,0.006434,14.0,0.006433,10.0,0.006441,42.0,0.006442,45.0
1753531810222,12:10:10.222,BANANAS31/USDT:USDT,0.006436,7.0,0.006434,12.0,0.006441,42.0,0.006442,45.0
1753531810302,12:10:10.302,BANANAS31/USDT:USDT,0.006436,7.0,0.006434,12.0,0.006441,301.0,0.006442,45.0
1753531810339,12:10:10.339,BANANAS31/USDT:USDT,0.006436,7.0,0.006434,24.0,0.006441,301.0,0.006442,45.0
1753531810509,12:10:10.509,BANANAS31/USDT:USDT,0.006436,7.0,0.006434,24.0,0.006441,297.0,0.006442,45.0
1753531810620,12:10:10.620,BANANAS31/USDT:USDT,0.006436,7.0,0.006434,24.0,0.006441,297.0,0.006442,45.0
1753531810919,12:10:10.919,BANANAS31/USDT:USDT,0.00644,14.0,0.006437,26.0,0.006441,259.0,0.006442,45.0
1753531810985,12:10:10.985,BANANAS31/USDT:USDT,0.00644,14.0,0.006438,24.0,0.006441,259.0,0.006442,51.0
1753531811032,12:10:11.032,BANANAS31/USDT:USDT,0.00644,14.0,0.006438,24.0,0.006441,259.0,0.006442,51.0
1753531811385,12:10:11.385,BANANAS31/USDT:USDT,0.00644,14.0,0.006438,24.0,0.006441,259.0,0.006442,51.0
1753531812614,12:10:12.614,BANANAS31/USDT:USDT,0.006438,24.0,0.006437,4.0,0.006441,259.0,0.006442,51.0
1753531812643,12:10:12.643,BANANAS31/USDT:USDT,0.006438,24.0,0.006437,4.0,0.006441,259.0,0.006442,51.0
1753531812737,12:10:12.737,BANANAS31/USDT:USDT,0.006438,24.0,0.006437,4.0,0.006441,259.0,0.006442,45.0
1753531812918,12:10:12.918,BANANAS31/USDT:USDT,0.006437,4.0,0.006435,12.0,0.006441,259.0,0.006442,45.0
1753531812978,12:10:12.978,BANANAS31/USDT:USDT,0.006438,7.0,0.006437,4.0,0.006441,259.0,0.006442,45.0
1753531813110,12:10:13.110,BANANAS31/USDT:USDT,0.006435,14.0,0.006434,14.0,0.00644,38.0,0.006441,259.0
1753531813209,12:10:13.209,BANANAS31/USDT:USDT,0.006434,14.0,0.006433,10.0,0.006439,38.0,0.00644,50.0
1753531813288,12:10:13.288,BANANAS31/USDT:USDT,0.006436,7.0,0.006433,12.0,0.006439,38.0,0.00644,50.0
1753531813402,12:10:13.402,BANANAS31/USDT:USDT,0.006436,7.0,0.006434,12.0,0.006439,38.0,0.00644,50.0
1753531813485,12:10:13.485,BANANAS31/USDT:USDT,0.006436,10.0,0.006434,24.0,0.006439,38.0,0.00644,50.0
1753531813576,12:10:13.576,BANANAS31/USDT:USDT,0.006436,10.0,0.006434,24.0,0.006439,38.0,0.00644,50.0
1753531814005,12:10:14.005,BANANAS31/USDT:USDT,0.006436,10.0,0.006434,24.0,0.006439,38.0,0.00644,50.0
1753531814221,12:10:14.221,BANANAS31/USDT:USDT,0.006436,10.0,0.006434,24.0,0.006439,38.0,0.00644,50.0
1753531814416,12:10:14.416,BANANAS31/USDT:USDT,0.006437,7.0,0.006435,18.0,0.00644,44.0,0.006441,259.0
1753531814515,12:10:14.515,BANANAS31/USDT:USDT,0.006438,7.0,0.006436,24.0,0.00644,44.0,0.006441,259.0
1753531814534,12:10:14.534,BANANAS31/USDT:USDT,0.006438,7.0,0.006436,24.0,0.00644,44.0,0.006441,265.0
1753531814634,12:10:14.634,BANANAS31/USDT:USDT,0.006438,7.0,0.006436,24.0,0.00644,44.0,0.006441,265.0
1753531814865,12:10:14.865,BANANAS31/USDT:USDT,0.006438,7.0,0.006436,24.0,0.00644,44.0,0.006441,265.0
1753531815007,12:10:15.007,BANANAS31/USDT:USDT,0.006438,7.0,0.006436,24.0,0.00644,44.0,0.006441,265.0
1753531815052,12:10:15.052,BANANAS31/USDT:USDT,0.006438,7.0,0.006436,24.0,0.00644,44.0,0.006441,265.0
1753531815273,12:10:15.273,BANANAS31/USDT:USDT,0.006436,24.0,0.006434,24.0,0.00644,44.0,0.006441,265.0
1753531815329,12:10:15.329,BANANAS31/USDT:USDT,0.006436,28.0,0.006434,24.0,0.00644,44.0,0.006441,265.0
1753531815518,12:10:15.518,BANANAS31/USDT:USDT,0.006438,7.0,0.006436,16.0,0.00644,44.0,0.006441,265.0
1753531815560,12:10:15.560,BANANAS31/USDT:USDT,0.006438,7.0,0.006436,28.0,0.00644,44.0,0.006441,265.0
1753531815664,12:10:15.664,BANANAS31/USDT:USDT,0.006438,7.0,0.006436,28.0,0.00644,44.0,0.006441,265.0
1753531815768,12:10:15.768,BANANAS31/USDT:USDT,0.006436,28.0,0.006434,24.0,0.00644,44.0,0.006441,265.0
1753531816296,12:10:16.296,BANANAS31/USDT:USDT,0.006436,28.0,0.006434,24.0,0.00644,44.0,0.006441,265.0
1753531816710,12:10:16.710,BANANAS31/USDT:USDT,0.006436,28.0,0.006434,24.0,0.00644,44.0,0.006441,265.0
1753531817027,12:10:17.027,BANANAS31/USDT:USDT,0.006436,28.0,0.006434,24.0,0.00644,44.0,0.006441,265.0
1753531817383,12:10:17.383,BANANAS31/USDT:USDT,0.006436,24.0,0.006434,24.0,0.00644,44.0,0.006441,265.0
1753531817508,12:10:17.508,BANANAS31/USDT:USDT,0.00644,7.0,0.006438,7.0,0.006441,259.0,0.006443,39.0
1753531817588,12:10:17.588,BANANAS31/USDT:USDT,0.006439,7.0,0.006437,24.0,0.00644,7.0,0.006441,259.0
1753531817688,12:10:17.688,BANANAS31/USDT:USDT,0.006439,7.0,0.006437,24.0,0.00644,7.0,0.006441,265.0
1753531817738,12:10:17.738,BANANAS31/USDT:USDT,0.006439,7.0,0.006437,24.0,0.00644,7.0,0.006441,265.0
1753531817923,12:10:17.923,BANANAS31/USDT:USDT,0.006439,7.0,0.006437,24.0,0.00644,7.0,0.006441,259.0
1753531817944,12:10:17.944,BANANAS31/USDT:USDT,0.006439,7.0,0.006437,24.0,0.00644,7.0,0.006441,259.0
1753531818360,12:10:18.360,BANANAS31/USDT:USDT,0.006439,7.0,0.006437,24.0,0.00644,7.0,0.006441,259.0
1753531818424,12:10:18.424,BANANAS31/USDT:USDT,0.006439,7.0,0.006437,24.0,0.00644,7.0,0.006441,259.0
1753531818776,12:10:18.776,BANANAS31/USDT:USDT,0.006439,7.0,0.006437,24.0,0.00644,7.0,0.006441,259.0
1753531819225,12:10:19.225,BANANAS31/USDT:USDT,0.006439,7.0,0.006437,24.0,0.00644,7.0,0.006441,259.0
1753531820050,12:10:20.050,BANANAS31/USDT:USDT,0.006439,7.0,0.006437,24.0,0.00644,7.0,0.006441,259.0
1753531821285,12:10:21.285,BANANAS31/USDT:USDT,0.006439,7.0,0.006437,24.0,0.00644,7.0,0.006441,259.0
1753531821548,12:10:21.548,BANANAS31/USDT:USDT,0.006439,14.0,0.006437,24.0,0.00644,7.0,0.006441,259.0
1753531821980,12:10:21.980,BANANAS31/USDT:USDT,0.006439,14.0,0.006438,6.0,0.00644,7.0,0.006442,6.0
1753531822321,12:10:22.321,BANANAS31/USDT:USDT,0.00644,7.0,0.006438,30.0,0.006442,6.0,0.006443,305.0
1753531822420,12:10:22.420,BANANAS31/USDT:USDT,0.00644,7.0,0.006438,30.0,0.006442,6.0,0.006443,311.0
1753531822824,12:10:22.824,BANANAS31/USDT:USDT,0.00644,7.0,0.006438,30.0,0.006442,6.0,0.006443,311.0
1753531823242,12:10:23.242,BANANAS31/USDT:USDT,0.00644,7.0,0.006438,30.0,0.006442,6.0,0.006443,311.0
1753531823614,12:10:23.614,BANANAS31/USDT:USDT,0.006441,14.0,0.006439,24.0,0.006443,299.0,0.006444,44.0
1753531823699,12:10:23.699,BANANAS31/USDT:USDT,0.006441,14.0,0.006439,24.0,0.006443,299.0,0.006444,44.0
1753531823818,12:10:23.818,BANANAS31/USDT:USDT,0.006441,14.0,0.006439,24.0,0.006443,299.0,0.006444,44.0
1753531823912,12:10:23.912,BANANAS31/USDT:USDT,0.006441,7.0,0.006439,24.0,0.006443,299.0,0.006444,44.0
1753531824250,12:10:24.250,BANANAS31/USDT:USDT,0.006441,7.0,0.006439,24.0,0.006443,299.0,0.006444,44.0
1753531824468,12:10:24.468,BANANAS31/USDT:USDT,0.006441,7.0,0.006439,24.0,0.006443,299.0,0.006444,44.0
1753531824850,12:10:24.850,BANANAS31/USDT:USDT,0.006441,7.0,0.006439,24.0,0.006443,299.0,0.006444,44.0
1753531825308,12:10:25.308,BANANAS31/USDT:USDT,0.006441,7.0,0.006439,24.0,0.006443,299.0,0.006444,44.0
1753531826017,12:10:26.017,BANANAS31/USDT:USDT,0.006441,7.0,0.006439,12.0,0.006443,299.0,0.006444,44.0
1753531826148,12:10:26.148,BANANAS31/USDT:USDT,0.006441,7.0,0.006439,24.0,0.006443,299.0,0.006444,44.0
1753531826311,12:10:26.311,BANANAS31/USDT:USDT,0.006439,24.0,0.006438,6.0,0.006443,299.0,0.006444,44.0
1753531826381,12:10:26.381,BANANAS31/USDT:USDT,0.006439,24.0,0.006438,6.0,0.006443,299.0,0.006444,44.0
1753531826469,12:10:26.469,BANANAS31/USDT:USDT,0.006439,24.0,0.006438,6.0,0.006443,299.0,0.006444,44.0
1753531826526,12:10:26.526,BANANAS31/USDT:USDT,0.006439,24.0,0.006438,6.0,0.006443,299.0,0.006444,44.0
1753531826798,12:10:26.798,BANANAS31/USDT:USDT,0.006442,14.0,0.00644,18.0,0.006443,260.0,0.006444,44.0
1753531826833,12:10:26.833,BANANAS31/USDT:USDT,0.006442,7.0,0.00644,18.0,0.006443,260.0,0.006444,44.0
1753531827006,12:10:27.006,BANANAS31/USDT:USDT,0.006442,7.0,0.00644,18.0,0.006443,260.0,0.006444,44.0
1753531827224,12:10:27.224,BANANAS31/USDT:USDT,0.006442,7.0,0.00644,14.0,0.006443,260.0,0.006444,44.0
1753531827226,12:10:27.226,BANANAS31/USDT:USDT,0.006442,7.0,0.00644,14.0,0.006443,260.0,0.006444,44.0
1753531827720,12:10:27.720,BANANAS31/USDT:USDT,0.00644,14.0,0.006438,24.0,0.006443,260.0,0.006444,44.0
1753531827820,12:10:27.820,BANANAS31/USDT:USDT,0.00644,18.0,0.006438,24.0,0.006443,260.0,0.006444,44.0
1753531827998,12:10:27.998,BANANAS31/USDT:USDT,0.00644,18.0,0.006438,24.0,0.006443,260.0,0.006444,44.0
1753531828068,12:10:28.068,BANANAS31/USDT:USDT,0.00644,18.0,0.006438,24.0,0.006443,260.0,0.006444,44.0
1753531828593,12:10:28.593,BANANAS31/USDT:USDT,0.00644,18.0,0.006438,24.0,0.006443,260.0,0.006444,44.0
1753531829004,12:10:29.004,BANANAS31/USDT:USDT,0.00644,18.0,0.006438,24.0,0.006443,260.0,0.006444,44.0
1753531829423,12:10:29.423,BANANAS31/USDT:USDT,0.00644,18.0,0.006438,24.0,0.006443,266.0,0.006444,44.0
1753531829516,12:10:29.516,BANANAS31/USDT:USDT,0.006436,7.0,0.006434,12.0,0.006441,39.0,0.006442,49.0
1753531829611,12:10:29.611,BANANAS31/USDT:USDT,0.006436,7.0,0.006434,24.0,0.006441,39.0,0.006442,49.0
1753531829716,12:10:29.716,BANANAS31/USDT:USDT,0.006434,24.0,0.006432,24.0,0.00644,272.0,0.006441,39.0
1753531829824,12:10:29.824,BANANAS31/USDT:USDT,0.006434,24.0,0.006432,24.0,0.00644,272.0,0.006441,39.0
1753531829924,12:10:29.924,BANANAS31/USDT:USDT,0.006438,7.0,0.006434,12.0,0.00644,272.0,0.006441,39.0
1753531830013,12:10:30.013,BANANAS31/USDT:USDT,0.006438,7.0,0.006436,24.0,0.00644,272.0,0.006441,39.0
1753531830048,12:10:30.048,BANANAS31/USDT:USDT,0.006438,7.0,0.006436,24.0,0.00644,272.0,0.006441,39.0
1753531830251,12:10:30.251,BANANAS31/USDT:USDT,0.006438,7.0,0.006436,24.0,0.00644,272.0,0.006441,39.0
1753531830381,12:10:30.381,BANANAS31/USDT:USDT,0.006438,7.0,0.006436,24.0,0.00644,272.0,0.006441,39.0
1753531831280,12:10:31.280,BANANAS31/USDT:USDT,0.006438,7.0,0.006436,24.0,0.00644,260.0,0.006441,39.0
1753531831472,12:10:31.472,BANANAS31/USDT:USDT,0.006438,7.0,0.006436,24.0,0.00644,260.0,0.006441,51.0
1753531831956,12:10:31.956,BANANAS31/USDT:USDT,0.006438,7.0,0.006436,24.0,0.00644,260.0,0.006441,51.0
1753531833192,12:10:33.192,BANANAS31/USDT:USDT,0.006438,7.0,0.006436,24.0,0.00644,260.0,0.006441,51.0
1753531833261,12:10:33.261,BANANAS31/USDT:USDT,0.006439,14.0,0.006437,30.0,0.00644,260.0,0.006441,6.0
1753531833383,12:10:33.383,BANANAS31/USDT:USDT,0.006439,14.0,0.006437,30.0,0.00644,260.0,0.006441,6.0
1753531833501,12:10:33.501,BANANAS31/USDT:USDT,0.006439,14.0,0.006437,30.0,0.00644,260.0,0.006441,6.0
1753531833602,12:10:33.602,BANANAS31/USDT:USDT,0.006439,14.0,0.006437,30.0,0.00644,260.0,0.006441,12.0
1753531833706,12:10:33.706,BANANAS31/USDT:USDT,0.006439,14.0,0.006437,30.0,0.00644,260.0,0.006441,6.0
1753531833894,12:10:33.894,BANANAS31/USDT:USDT,0.006439,14.0,0.006437,30.0,0.00644,260.0,0.006441,6.0
1753531834004,12:10:34.004,BANANAS31/USDT:USDT,0.006439,14.0,0.006437,30.0,0.00644,260.0,0.006441,6.0
1753531834330,12:10:34.330,BANANAS31/USDT:USDT,0.006439,14.0,0.006437,30.0,0.00644,260.0,0.006441,6.0
1753531834761,12:10:34.761,BANANAS31/USDT:USDT,0.006439,14.0,0.006437,30.0,0.00644,260.0,0.006441,6.0
1753531835207,12:10:35.207,BANANAS31/USDT:USDT,0.006439,14.0,0.006437,30.0,0.006441,6.0,0.006442,308.0
1753531836457,12:10:36.457,BANANAS31/USDT:USDT,0.006439,14.0,0.006437,30.0,0.006441,6.0,0.006442,308.0
1753531837209,12:10:37.209,BANANAS31/USDT:USDT,0.006438,7.0,0.006435,24.0,0.00644,4.0,0.006441,45.0
1753531837286,12:10:37.286,BANANAS31/USDT:USDT,0.006438,7.0,0.006436,12.0,0.006441,51.0,0.006442,302.0
1753531837351,12:10:37.351,BANANAS31/USDT:USDT,0.006438,7.0,0.006436,12.0,0.006441,51.0,0.006442,302.0
1753531837633,12:10:37.633,BANANAS31/USDT:USDT,0.006438,7.0,0.006436,12.0,0.006441,51.0,0.006442,302.0
1753531837796,12:10:37.796,BANANAS31/USDT:USDT,0.006438,7.0,0.006436,24.0,0.006441,51.0,0.006442,302.0
1753531837849,12:10:37.849,BANANAS31/USDT:USDT,0.006438,7.0,0.006436,24.0,0.006441,51.0,0.006442,302.0
1753531838008,12:10:38.008,BANANAS31/USDT:USDT,0.006439,7.0,0.006437,24.0,0.006441,51.0,0.006442,302.0
1753531838057,12:10:38.057,BANANAS31/USDT:USDT,0.006439,7.0,0.006437,24.0,0.006441,51.0,0.006442,302.0
1753531838249,12:10:38.249,BANANAS31/USDT:USDT,0.006437,24.0,0.006435,24.0,0.006441,51.0,0.006442,302.0
1753531838487,12:10:38.487,BANANAS31/USDT:USDT,0.006437,28.0,0.006435,24.0,0.006441,51.0,0.006442,302.0
1753531838702,12:10:38.702,BANANAS31/USDT:USDT,0.006439,7.0,0.006437,16.0,0.006441,12.0,0.006442,302.0
1753531838756,12:10:38.756,BANANAS31/USDT:USDT,0.006439,7.0,0.006437,16.0,0.006441,12.0,0.006442,302.0
1753531838900,12:10:38.900,BANANAS31/USDT:USDT,0.006439,7.0,0.006437,16.0,0.006441,12.0,0.006442,302.0
1753531838993,12:10:38.993,BANANAS31/USDT:USDT,0.006439,7.0,0.006437,28.0,0.006441,12.0,0.006442,302.0
1753531839219,12:10:39.219,BANANAS31/USDT:USDT,0.006437,24.0,0.006432,39.0,0.006441,12.0,0.006442,302.0
1753531839318,12:10:39.318,BANANAS31/USDT:USDT,0.006437,24.0,0.006435,24.0,0.006441,12.0,0.006442,302.0
1753531839779,12:10:39.779,BANANAS31/USDT:USDT,0.006439,7.0,0.006437,12.0,0.006441,12.0,0.006442,302.0
1753531839833,12:10:39.833,BANANAS31/USDT:USDT,0.006439,7.0,0.006437,12.0,0.006441,12.0,0.006442,302.0
1753531840086,12:10:40.086,BANANAS31/USDT:USDT,0.006437,12.0,0.006435,24.0,0.006441,12.0,0.006442,302.0
1753531840139,12:10:40.139,BANANAS31/USDT:USDT,0.006437,12.0,0.006435,24.0,0.006441,12.0,0.006442,302.0
1753531840607,12:10:40.607,BANANAS31/USDT:USDT,0.006437,12.0,0.006435,24.0,0.00644,4.0,0.006441,51.0
1753531840721,12:10:40.721,BANANAS31/USDT:USDT,0.006437,12.0,0.006435,24.0,0.006441,51.0,0.006442,302.0
1753531841007,12:10:41.007,BANANAS31/USDT:USDT,0.006437,12.0,0.006435,24.0,0.006441,51.0,0.006442,302.0
1753531841044,12:10:41.044,BANANAS31/USDT:USDT,0.006437,12.0,0.006435,24.0,0.006441,51.0,0.006442,302.0
1753531841380,12:10:41.380,BANANAS31/USDT:USDT,0.006437,12.0,0.006435,24.0,0.006441,51.0,0.006442,302.0
1753531841697,12:10:41.697,BANANAS31/USDT:USDT,0.006437,16.0,0.006435,24.0,0.006441,45.0,0.006442,302.0
1753531841800,12:10:41.800,BANANAS31/USDT:USDT,0.006438,7.0,0.006437,4.0,0.006441,45.0,0.006442,308.0
1753531841896,12:10:41.896,BANANAS31/USDT:USDT,0.006438,7.0,0.006437,4.0,0.006441,45.0,0.006442,308.0
1753531841954,12:10:41.954,BANANAS31/USDT:USDT,0.006438,7.0,0.006436,12.0,0.006441,45.0,0.006442,308.0
1753531842074,12:10:42.074,BANANAS31/USDT:USDT,0.006438,7.0,0.006436,24.0,0.006441,45.0,0.006442,308.0
1753531842126,12:10:42.126,BANANAS31/USDT:USDT,0.006438,7.0,0.006436,24.0,0.006441,45.0,0.006442,308.0
1753531842225,12:10:42.225,BANANAS31/USDT:USDT,0.006438,7.0,0.006436,24.0,0.006441,45.0,0.006442,308.0
1753531842643,12:10:42.643,BANANAS31/USDT:USDT,0.006438,7.0,0.006436,24.0,0.006441,45.0,0.006442,308.0
1753531843059,12:10:43.059,BANANAS31/USDT:USDT,0.006438,7.0,0.006436,24.0,0.006441,45.0,0.006442,308.0
1753531843820,12:10:43.820,BANANAS31/USDT:USDT,0.006439,14.0,0.006437,12.0,0.006441,6.0,0.006442,308.0
1753531843900,12:10:43.900,BANANAS31/USDT:USDT,0.006439,14.0,0.006437,24.0,0.006441,6.0,0.006442,308.0
1753531844003,12:10:44.003,BANANAS31/USDT:USDT,0.006439,14.0,0.006437,24.0,0.006441,6.0,0.006442,308.0
1753531844051,12:10:44.051,BANANAS31/USDT:USDT,0.006439,14.0,0.006437,24.0,0.006441,6.0,0.006442,308.0
1753531844282,12:10:44.282,BANANAS31/USDT:USDT,0.006439,14.0,0.006437,24.0,0.006441,6.0,0.006442,308.0
1753531844547,12:10:44.547,BANANAS31/USDT:USDT,0.006439,14.0,0.006437,24.0,0.006441,6.0,0.006442,302.0
1753531845248,12:10:45.248,BANANAS31/USDT:USDT,0.006439,14.0,0.006437,24.0,0.006441,6.0,0.006442,308.0
1753531845505,12:10:45.505,BANANAS31/USDT:USDT,0.006439,14.0,0.006437,24.0,0.006441,6.0,0.006442,308.0
1753531846958,12:10:46.958,BANANAS31/USDT:USDT,0.006439,14.0,0.006437,24.0,0.006441,6.0,0.006442,308.0
1753531848851,12:10:48.851,BANANAS31/USDT:USDT,0.006439,14.0,0.006437,24.0,0.006441,6.0,0.006442,308.0
1753531848937,12:10:48.937,BANANAS31/USDT:USDT,0.006439,14.0,0.006437,24.0,0.006441,6.0,0.006442,308.0
1753531849053,12:10:49.053,BANANAS31/USDT:USDT,0.006439,14.0,0.006437,24.0,0.006441,6.0,0.006442,308.0
1753531849608,12:10:49.608,BANANAS31/USDT:USDT,0.006437,24.0,0.006435,12.0,0.006441,6.0,0.006442,308.0
1753531849628,12:10:49.628,BANANAS31/USDT:USDT,0.006437,24.0,0.006435,24.0,0.006441,6.0,0.006442,308.0
1753531849879,12:10:49.879,BANANAS31/USDT:USDT,0.00644,7.0,0.006438,14.0,0.006441,6.0,0.006442,308.0
1753531849946,12:10:49.946,BANANAS31/USDT:USDT,0.00644,7.0,0.006438,14.0,0.006441,6.0,0.006442,308.0
1753531850070,12:10:50.070,BANANAS31/USDT:USDT,0.006438,14.0,0.006436,12.0,0.006441,6.0,0.006442,308.0
1753531850205,12:10:50.205,BANANAS31/USDT:USDT,0.006438,14.0,0.006436,24.0,0.006441,6.0,0.006442,308.0
1753531850355,12:10:50.355,BANANAS31/USDT:USDT,0.006438,14.0,0.006436,24.0,0.006441,6.0,0.006442,308.0
1753531851913,12:10:51.913,BANANAS31/USDT:USDT,0.00644,7.0,0.006438,12.0,0.006441,6.0,0.006442,308.0
1753531852021,12:10:52.021,BANANAS31/USDT:USDT,0.00644,7.0,0.006438,24.0,0.006441,6.0,0.006442,308.0
1753531852026,12:10:52.026,BANANAS31/USDT:USDT,0.00644,7.0,0.006438,24.0,0.006441,6.0,0.006442,308.0
1753531852287,12:10:52.287,BANANAS31/USDT:USDT,0.006438,24.0,0.006436,24.0,0.006441,6.0,0.006442,308.0
1753531852394,12:10:52.394,BANANAS31/USDT:USDT,0.006438,24.0,0.006436,24.0,0.006441,6.0,0.006442,308.0
1753531853251,12:10:53.251,BANANAS31/USDT:USDT,0.006438,24.0,0.006436,24.0,0.006441,6.0,0.006442,308.0
1753531853651,12:10:53.651,BANANAS31/USDT:USDT,0.006438,24.0,0.006436,24.0,0.006441,6.0,0.006442,308.0
1753531853752,12:10:53.752,BANANAS31/USDT:USDT,0.006438,24.0,0.006436,24.0,0.006441,6.0,0.006442,308.0
1753531853910,12:10:53.910,BANANAS31/USDT:USDT,0.00644,7.0,0.006439,14.0,0.006441,6.0,0.006442,308.0
1753531854001,12:10:54.001,BANANAS31/USDT:USDT,0.00644,14.0,0.006438,24.0,0.006441,6.0,0.006442,308.0
