timestamp,time,symbol,bid1_price,bid1_volume,bid2_price,bid2_volume,ask1_price,ask1_volume,ask2_price,ask2_volume
1753531576000,12:06:16.000,ARKM/USDT:USDT,0.547,109.0,0.5468,42.0,0.5475,56.0,0.5478,42.0
1753531577389,12:06:17.389,ARKM/USDT:USDT,0.547,109.0,0.5467,42.0,0.5475,56.0,0.5478,42.0
1753531579483,12:06:19.483,ARKM/USDT:USDT,0.547,109.0,0.5467,42.0,0.5475,56.0,0.5476,682.0
1753531579562,12:06:19.562,ARKM/USDT:USDT,0.547,109.0,0.5467,42.0,0.5475,56.0,0.5476,682.0
1753531579854,12:06:19.854,ARKM/USDT:USDT,0.547,109.0,0.5467,42.0,0.5475,56.0,0.5476,682.0
1753531580114,12:06:20.114,ARKM/USDT:USDT,0.547,100.0,0.5467,42.0,0.5475,56.0,0.5476,682.0
1753531580242,12:06:20.242,ARKM/USDT:USDT,0.547,100.0,0.5467,42.0,0.5475,56.0,0.5476,682.0
1753531580343,12:06:20.343,ARKM/USDT:USDT,0.547,100.0,0.5467,42.0,0.5475,56.0,0.5476,682.0
1753531580561,12:06:20.561,ARKM/USDT:USDT,0.547,100.0,0.5467,42.0,0.5475,71.0,0.5476,682.0
1753531581884,12:06:21.884,ARKM/USDT:USDT,0.547,17.0,0.5468,41.0,0.5474,56.0,0.5475,56.0
1753531581922,12:06:21.922,ARKM/USDT:USDT,0.5469,58.0,0.5467,42.0,0.5474,56.0,0.5475,56.0
1753531582312,12:06:22.312,ARKM/USDT:USDT,0.5469,17.0,0.5468,41.0,0.5474,56.0,0.5475,56.0
1753531582922,12:06:22.922,ARKM/USDT:USDT,0.5469,17.0,0.5468,118.0,0.5473,28.0,0.5474,101.0
1753531583016,12:06:23.016,ARKM/USDT:USDT,0.5469,17.0,0.5468,118.0,0.5473,28.0,0.5474,101.0
1753531583140,12:06:23.140,ARKM/USDT:USDT,0.5469,17.0,0.5468,118.0,0.5473,28.0,0.5474,101.0
1753531583567,12:06:23.567,ARKM/USDT:USDT,0.5469,17.0,0.5468,118.0,0.5473,56.0,0.5474,101.0
1753531583863,12:06:23.863,ARKM/USDT:USDT,0.5469,17.0,0.5468,118.0,0.5473,56.0,0.5474,101.0
1753531584004,12:06:24.004,ARKM/USDT:USDT,0.5469,17.0,0.5468,118.0,0.5473,56.0,0.5474,101.0
1753531585853,12:06:25.853,ARKM/USDT:USDT,0.5469,17.0,0.5468,118.0,0.5473,56.0,0.5474,101.0
1753531587562,12:06:27.562,ARKM/USDT:USDT,0.5469,108.0,0.5468,77.0,0.5473,56.0,0.5474,45.0
1753531588183,12:06:28.183,ARKM/USDT:USDT,0.5469,108.0,0.5468,3429.0,0.5473,56.0,0.5474,698.0
1753531588203,12:06:28.203,ARKM/USDT:USDT,0.5469,108.0,0.5468,3429.0,0.5473,56.0,0.5474,698.0
1753531588782,12:06:28.782,ARKM/USDT:USDT,0.5469,108.0,0.5468,3429.0,0.5473,56.0,0.5474,698.0
1753531588803,12:06:28.803,ARKM/USDT:USDT,0.5469,108.0,0.5468,3429.0,0.5473,56.0,0.5474,698.0
1753531589042,12:06:29.042,ARKM/USDT:USDT,0.5469,108.0,0.5468,3429.0,0.5473,56.0,0.5474,698.0
1753531589193,12:06:29.193,ARKM/USDT:USDT,0.5469,108.0,0.5468,3429.0,0.5473,56.0,0.5474,698.0
1753531589485,12:06:29.485,ARKM/USDT:USDT,0.5469,108.0,0.5468,3429.0,0.5473,56.0,0.5474,698.0
1753531590482,12:06:30.482,ARKM/USDT:USDT,0.5469,108.0,0.5468,3429.0,0.5473,56.0,0.5474,698.0
1753531591027,12:06:31.027,ARKM/USDT:USDT,0.5469,108.0,0.5468,3429.0,0.5473,56.0,0.5474,698.0
1753531591547,12:06:31.547,ARKM/USDT:USDT,0.5469,67.0,0.5468,3429.0,0.5472,92.0,0.5473,56.0
1753531591649,12:06:31.649,ARKM/USDT:USDT,0.5469,67.0,0.5468,3429.0,0.5472,92.0,0.5473,56.0
1753531592068,12:06:32.068,ARKM/USDT:USDT,0.5469,67.0,0.5468,3429.0,0.5472,92.0,0.5473,56.0
1753531592304,12:06:32.304,ARKM/USDT:USDT,0.5469,67.0,0.5468,3429.0,0.5473,56.0,0.5474,698.0
1753531592454,12:06:32.454,ARKM/USDT:USDT,0.5469,67.0,0.5468,3429.0,0.5473,56.0,0.5474,698.0
1753531593059,12:06:33.059,ARKM/USDT:USDT,0.5469,67.0,0.5468,3429.0,0.5472,92.0,0.5473,56.0
1753531593384,12:06:33.384,ARKM/USDT:USDT,0.5469,17.0,0.5468,3470.0,0.5472,92.0,0.5473,56.0
1753531593468,12:06:33.468,ARKM/USDT:USDT,0.5469,17.0,0.5468,3393.0,0.5473,56.0,0.5474,698.0
1753531593679,12:06:33.679,ARKM/USDT:USDT,0.5469,17.0,0.5468,3393.0,0.5473,56.0,0.5474,698.0
1753531593778,12:06:33.778,ARKM/USDT:USDT,0.5469,17.0,0.5468,3393.0,0.5473,56.0,0.5474,698.0
1753531593962,12:06:33.962,ARKM/USDT:USDT,0.5469,17.0,0.5468,3393.0,0.5473,56.0,0.5474,698.0
1753531596282,12:06:36.282,ARKM/USDT:USDT,0.5469,17.0,0.5468,41.0,0.5471,92.0,0.5472,2135.0
1753531596382,12:06:36.382,ARKM/USDT:USDT,0.5469,17.0,0.5466,83.0,0.5471,146.0,0.5472,92.0
1753531596498,12:06:36.498,ARKM/USDT:USDT,0.5467,70.0,0.5466,42.0,0.547,92.0,0.5471,146.0
1753531596921,12:06:36.921,ARKM/USDT:USDT,0.5468,9.0,0.5467,61.0,0.5471,54.0,0.5472,92.0
1753531597061,12:06:37.061,ARKM/USDT:USDT,0.5468,9.0,0.5467,61.0,0.5471,54.0,0.5472,92.0
1753531597563,12:06:37.563,ARKM/USDT:USDT,0.5468,9.0,0.5467,61.0,0.5469,186.0,0.547,372.0
1753531597611,12:06:37.611,ARKM/USDT:USDT,0.5468,9.0,0.5467,20.0,0.5469,186.0,0.547,372.0
1753531597726,12:06:37.726,ARKM/USDT:USDT,0.5467,29.0,0.5466,119.0,0.5469,186.0,0.547,372.0
1753531597884,12:06:37.884,ARKM/USDT:USDT,0.5467,29.0,0.5466,119.0,0.5471,54.0,0.5472,92.0
1753531597942,12:06:37.942,ARKM/USDT:USDT,0.5467,70.0,0.5466,78.0,0.5471,54.0,0.5472,92.0
1753531598304,12:06:38.304,ARKM/USDT:USDT,0.5467,70.0,0.5466,78.0,0.5471,54.0,0.5472,92.0
1753531599024,12:06:39.024,ARKM/USDT:USDT,0.5467,70.0,0.5466,78.0,0.5471,54.0,0.5472,92.0
1753531599128,12:06:39.128,ARKM/USDT:USDT,0.5467,70.0,0.5466,78.0,0.5471,54.0,0.5472,92.0
1753531599746,12:06:39.746,ARKM/USDT:USDT,0.5467,70.0,0.5466,78.0,0.5471,54.0,0.5472,92.0
1753531599827,12:06:39.827,ARKM/USDT:USDT,0.5467,70.0,0.5466,78.0,0.5471,27.0,0.5472,46.0
1753531599980,12:06:39.980,ARKM/USDT:USDT,0.5467,70.0,0.5466,78.0,0.5473,699.0,0.5474,2135.0
1753531600064,12:06:40.064,ARKM/USDT:USDT,0.5467,70.0,0.5466,78.0,0.5473,699.0,0.5474,2135.0
1753531600193,12:06:40.193,ARKM/USDT:USDT,0.5468,97.0,0.5467,70.0,0.5473,27.0,0.5474,2135.0
1753531600375,12:06:40.375,ARKM/USDT:USDT,0.5469,70.0,0.5468,41.0,0.5473,27.0,0.5474,2135.0
1753531600412,12:06:40.412,ARKM/USDT:USDT,0.5469,70.0,0.5468,41.0,0.5473,27.0,0.5474,2135.0
1753531601498,12:06:41.498,ARKM/USDT:USDT,0.5469,70.0,0.5468,41.0,0.5474,2135.0,0.5476,41.0
1753531601592,12:06:41.592,ARKM/USDT:USDT,0.5469,70.0,0.5468,41.0,0.5474,2162.0,0.5476,41.0
1753531602056,12:06:42.056,ARKM/USDT:USDT,0.5469,70.0,0.5468,41.0,0.5474,2189.0,0.5476,41.0
1753531602421,12:06:42.421,ARKM/USDT:USDT,0.5469,70.0,0.5467,41.0,0.5474,2189.0,0.5476,41.0
1753531602810,12:06:42.810,ARKM/USDT:USDT,0.5469,70.0,0.5467,41.0,0.5474,2189.0,0.5476,41.0
1753531603024,12:06:43.024,ARKM/USDT:USDT,0.5469,70.0,0.5467,41.0,0.5474,2189.0,0.5476,41.0
1753531603165,12:06:43.165,ARKM/USDT:USDT,0.5469,70.0,0.5467,41.0,0.5474,2189.0,0.5476,41.0
1753531604053,12:06:44.053,ARKM/USDT:USDT,0.5469,17.0,0.5468,41.0,0.5474,2204.0,0.5476,41.0
1753531604440,12:06:44.440,ARKM/USDT:USDT,0.5469,17.0,0.5468,41.0,0.5474,2204.0,0.5476,41.0
1753531604596,12:06:44.596,ARKM/USDT:USDT,0.5469,17.0,0.5468,41.0,0.5473,92.0,0.5474,2204.0
1753531604831,12:06:44.831,ARKM/USDT:USDT,0.5469,17.0,0.5468,41.0,0.5473,92.0,0.5474,2204.0
1753531605080,12:06:45.080,ARKM/USDT:USDT,0.5469,17.0,0.5467,41.0,0.5473,753.0,0.5474,2204.0
1753531605152,12:06:45.152,ARKM/USDT:USDT,0.5468,17.0,0.5467,41.0,0.5473,768.0,0.5474,2189.0
1753531605245,12:06:45.245,ARKM/USDT:USDT,0.5468,17.0,0.5467,41.0,0.5473,768.0,0.5474,2189.0
1753531605668,12:06:45.668,ARKM/USDT:USDT,0.5468,1038.0,0.5467,3227.0,0.5472,119.0,0.5473,676.0
1753531605913,12:06:45.913,ARKM/USDT:USDT,0.5468,1050.0,0.5467,3227.0,0.5472,119.0,0.5473,676.0
1753531606080,12:06:46.080,ARKM/USDT:USDT,0.5468,1050.0,0.5467,3227.0,0.5472,119.0,0.5473,676.0
1753531607943,12:06:47.943,ARKM/USDT:USDT,0.5468,70.0,0.5467,3227.0,0.5472,119.0,0.5473,676.0
1753531608114,12:06:48.114,ARKM/USDT:USDT,0.5468,70.0,0.5467,3227.0,0.5472,146.0,0.5473,676.0
1753531608697,12:06:48.697,ARKM/USDT:USDT,0.5468,58.0,0.5467,3227.0,0.5472,54.0,0.5473,676.0
1753531608985,12:06:48.985,ARKM/USDT:USDT,0.5468,58.0,0.5467,3227.0,0.5472,54.0,0.5473,676.0
1753531609045,12:06:49.045,ARKM/USDT:USDT,0.5468,58.0,0.5467,3227.0,0.5471,92.0,0.5472,54.0
1753531609744,12:06:49.744,ARKM/USDT:USDT,0.5468,70.0,0.5467,3263.0,0.5472,54.0,0.5473,676.0
1753531609882,12:06:49.882,ARKM/USDT:USDT,0.5468,70.0,0.5467,3263.0,0.5472,54.0,0.5473,676.0
1753531610528,12:06:50.528,ARKM/USDT:USDT,0.5468,70.0,0.5467,3263.0,0.5472,54.0,0.5473,676.0
1753531610662,12:06:50.662,ARKM/USDT:USDT,0.5468,70.0,0.5467,3263.0,0.5472,54.0,0.5473,676.0
1753531611050,12:06:51.050,ARKM/USDT:USDT,0.5468,70.0,0.5467,3263.0,0.5472,54.0,0.5473,676.0
1753531611501,12:06:51.501,ARKM/USDT:USDT,0.5468,70.0,0.5467,3263.0,0.5472,54.0,0.5473,676.0
1753531612979,12:06:52.979,ARKM/USDT:USDT,0.5468,70.0,0.5467,3263.0,0.5473,661.0,0.5474,2135.0
1753531613374,12:06:53.374,ARKM/USDT:USDT,0.5468,70.0,0.5467,3263.0,0.5474,656.0,0.5475,2135.0
1753531613462,12:06:53.462,ARKM/USDT:USDT,0.5468,70.0,0.5467,3263.0,0.5474,656.0,0.5475,2135.0
1753531614024,12:06:54.024,ARKM/USDT:USDT,0.5468,70.0,0.5467,3263.0,0.5474,656.0,0.5475,2135.0
1753531614607,12:06:54.607,ARKM/USDT:USDT,0.5468,70.0,0.5467,3263.0,0.5474,656.0,0.5475,2135.0
1753531616159,12:06:56.159,ARKM/USDT:USDT,0.5469,98.0,0.5468,71.0,0.5474,641.0,0.5475,2135.0
1753531616343,12:06:56.343,ARKM/USDT:USDT,0.547,70.0,0.5469,2659.0,0.5474,27.0,0.5475,653.0
1753531616516,12:06:56.516,ARKM/USDT:USDT,0.547,70.0,0.5469,2659.0,0.5474,54.0,0.5475,653.0
1753531617629,12:06:57.629,ARKM/USDT:USDT,0.547,70.0,0.5469,2659.0,0.5474,54.0,0.5475,653.0
1753531618166,12:06:58.166,ARKM/USDT:USDT,0.547,58.0,0.5469,2659.0,0.5474,54.0,0.5475,653.0
1753531618296,12:06:58.296,ARKM/USDT:USDT,0.547,70.0,0.5469,2659.0,0.5474,54.0,0.5475,653.0
1753531620003,12:07:00.003,ARKM/USDT:USDT,0.547,70.0,0.5469,2659.0,0.5474,54.0,0.5475,653.0
1753531621483,12:07:01.483,ARKM/USDT:USDT,0.547,70.0,0.5469,2659.0,0.5474,27.0,0.5475,653.0
1753531621505,12:07:01.505,ARKM/USDT:USDT,0.547,70.0,0.5469,2659.0,0.5474,27.0,0.5475,653.0
1753531621921,12:07:01.921,ARKM/USDT:USDT,0.547,70.0,0.5469,2659.0,0.5474,27.0,0.5475,653.0
1753531622498,12:07:02.498,ARKM/USDT:USDT,0.547,70.0,0.5469,2659.0,0.5474,27.0,0.5475,653.0
1753531622776,12:07:02.776,ARKM/USDT:USDT,0.547,58.0,0.5469,2644.0,0.5474,53.0,0.5475,653.0
1753531622893,12:07:02.893,ARKM/USDT:USDT,0.547,58.0,0.5469,2644.0,0.5474,53.0,0.5475,653.0
1753531624691,12:07:04.691,ARKM/USDT:USDT,0.547,58.0,0.5469,2644.0,0.5474,53.0,0.5475,653.0
1753531625045,12:07:05.045,ARKM/USDT:USDT,0.547,58.0,0.5469,2644.0,0.5474,53.0,0.5475,653.0
1753531630977,12:07:10.977,ARKM/USDT:USDT,0.547,86.0,0.5469,2644.0,0.5474,27.0,0.5475,653.0
1753531631721,12:07:11.721,ARKM/USDT:USDT,0.547,86.0,0.5469,2644.0,0.5474,27.0,0.5475,653.0
1753531632757,12:07:12.757,ARKM/USDT:USDT,0.547,86.0,0.5469,2644.0,0.5474,53.0,0.5475,653.0
1753531633287,12:07:13.287,ARKM/USDT:USDT,0.547,86.0,0.5469,2644.0,0.5474,53.0,0.5475,653.0
1753531634003,12:07:14.003,ARKM/USDT:USDT,0.547,86.0,0.5469,2644.0,0.5474,53.0,0.5475,653.0
1753531634547,12:07:14.547,ARKM/USDT:USDT,0.547,86.0,0.5469,2644.0,0.5474,53.0,0.5475,653.0
1753531634899,12:07:14.899,ARKM/USDT:USDT,0.547,58.0,0.5469,42.0,0.5474,53.0,0.5475,653.0
1753531635002,12:07:15.002,ARKM/USDT:USDT,0.547,58.0,0.5469,42.0,0.5474,53.0,0.5475,653.0
1753531635102,12:07:15.102,ARKM/USDT:USDT,0.547,58.0,0.5469,2003.0,0.5474,53.0,0.5475,653.0
1753531635697,12:07:15.697,ARKM/USDT:USDT,0.547,58.0,0.5469,2003.0,0.5474,53.0,0.5475,653.0
1753531635819,12:07:15.819,ARKM/USDT:USDT,0.547,58.0,0.5469,2003.0,0.5474,53.0,0.5475,653.0
1753531635906,12:07:15.906,ARKM/USDT:USDT,0.547,58.0,0.5469,2003.0,0.5474,53.0,0.5475,653.0
1753531637541,12:07:17.541,ARKM/USDT:USDT,0.547,71.0,0.5469,2003.0,0.5474,53.0,0.5475,653.0
1753531638613,12:07:18.613,ARKM/USDT:USDT,0.547,71.0,0.5469,2003.0,0.5474,53.0,0.5475,653.0
1753531638952,12:07:18.952,ARKM/USDT:USDT,0.547,58.0,0.5469,2003.0,0.5474,53.0,0.5475,653.0
1753531639003,12:07:19.003,ARKM/USDT:USDT,0.547,58.0,0.5469,2003.0,0.5474,53.0,0.5475,653.0
1753531639500,12:07:19.500,ARKM/USDT:USDT,0.547,71.0,0.5469,2003.0,0.5474,53.0,0.5475,653.0
1753531640127,12:07:20.127,ARKM/USDT:USDT,0.547,71.0,0.5469,2003.0,0.5474,53.0,0.5475,653.0
1753531640424,12:07:20.424,ARKM/USDT:USDT,0.547,71.0,0.5469,2003.0,0.5474,53.0,0.5475,653.0
1753531643186,12:07:23.186,ARKM/USDT:USDT,0.547,71.0,0.5469,2003.0,0.5474,53.0,0.5475,653.0
1753531643798,12:07:23.798,ARKM/USDT:USDT,0.547,100.0,0.5469,2003.0,0.5474,53.0,0.5475,653.0
1753531643818,12:07:23.818,ARKM/USDT:USDT,0.547,100.0,0.5469,2003.0,0.5474,53.0,0.5475,653.0
1753531645468,12:07:25.468,ARKM/USDT:USDT,0.547,100.0,0.5469,2003.0,0.5474,53.0,0.5475,653.0
1753531645523,12:07:25.523,ARKM/USDT:USDT,0.547,100.0,0.5469,2003.0,0.5474,53.0,0.5475,653.0
1753531646864,12:07:26.864,ARKM/USDT:USDT,0.547,58.0,0.5468,10620.0,0.5474,95.0,0.5475,653.0
1753531647082,12:07:27.082,ARKM/USDT:USDT,0.547,17.0,0.5469,1265.0,0.5474,112.0,0.5475,653.0
1753531647699,12:07:27.699,ARKM/USDT:USDT,0.547,17.0,0.5469,1265.0,0.5474,112.0,0.5475,653.0
1753531647880,12:07:27.880,ARKM/USDT:USDT,0.547,17.0,0.5469,41.0,0.5474,112.0,0.5475,653.0
1753531648005,12:07:28.005,ARKM/USDT:USDT,0.547,17.0,0.5469,41.0,0.5474,112.0,0.5475,653.0
1753531648235,12:07:28.235,ARKM/USDT:USDT,0.547,17.0,0.5469,41.0,0.5474,112.0,0.5475,653.0
1753531648627,12:07:28.627,ARKM/USDT:USDT,0.547,17.0,0.5469,41.0,0.5474,112.0,0.5475,653.0
1753531648709,12:07:28.709,ARKM/USDT:USDT,0.547,17.0,0.5469,41.0,0.5474,112.0,0.5475,653.0
1753531648978,12:07:28.978,ARKM/USDT:USDT,0.547,17.0,0.5468,10619.0,0.5473,733.0,0.5474,2230.0
1753531649006,12:07:29.006,ARKM/USDT:USDT,0.5469,17.0,0.5468,10619.0,0.5473,733.0,0.5474,2230.0
1753531649160,12:07:29.160,ARKM/USDT:USDT,0.5469,17.0,0.5468,10619.0,0.5473,733.0,0.5474,2230.0
1753531649234,12:07:29.234,ARKM/USDT:USDT,0.5469,17.0,0.5468,10619.0,0.5473,733.0,0.5474,2230.0
1753531649574,12:07:29.574,ARKM/USDT:USDT,0.5469,17.0,0.5468,10619.0,0.5473,733.0,0.5474,2230.0
1753531649882,12:07:29.882,ARKM/USDT:USDT,0.5469,17.0,0.5468,41.0,0.5473,733.0,0.5474,2230.0
1753531649960,12:07:29.960,ARKM/USDT:USDT,0.5469,17.0,0.5468,41.0,0.5473,733.0,0.5474,2230.0
1753531650023,12:07:30.023,ARKM/USDT:USDT,0.5469,17.0,0.5468,41.0,0.5473,733.0,0.5474,2230.0
1753531650402,12:07:30.402,ARKM/USDT:USDT,0.5469,17.0,0.5468,41.0,0.5473,733.0,0.5474,2230.0
1753531650686,12:07:30.686,ARKM/USDT:USDT,0.5469,17.0,0.5468,41.0,0.5473,733.0,0.5474,2230.0
1753531650730,12:07:30.730,ARKM/USDT:USDT,0.5469,17.0,0.5468,41.0,0.5473,733.0,0.5474,2230.0
1753531650894,12:07:30.894,ARKM/USDT:USDT,0.5469,17.0,0.5467,41.0,0.5472,130.0,0.5473,716.0
1753531650922,12:07:30.922,ARKM/USDT:USDT,0.5468,17.0,0.5467,41.0,0.5472,130.0,0.5473,716.0
1753531651005,12:07:31.005,ARKM/USDT:USDT,0.5468,17.0,0.5467,41.0,0.5472,130.0,0.5473,716.0
1753531651286,12:07:31.286,ARKM/USDT:USDT,0.5468,17.0,0.5467,41.0,0.5472,130.0,0.5473,716.0
1753531651486,12:07:31.486,ARKM/USDT:USDT,0.5468,17.0,0.5467,41.0,0.5472,130.0,0.5473,716.0
1753531651502,12:07:31.502,ARKM/USDT:USDT,0.5468,17.0,0.5467,41.0,0.5472,130.0,0.5473,716.0
1753531651670,12:07:31.670,ARKM/USDT:USDT,0.5468,17.0,0.5467,41.0,0.5472,130.0,0.5473,716.0
1753531652007,12:07:32.007,ARKM/USDT:USDT,0.5468,17.0,0.5467,41.0,0.5472,130.0,0.5473,716.0
1753531652499,12:07:32.499,ARKM/USDT:USDT,0.5468,17.0,0.5467,41.0,0.5472,130.0,0.5473,716.0
1753531653014,12:07:33.014,ARKM/USDT:USDT,0.5468,17.0,0.5467,41.0,0.5472,130.0,0.5473,716.0
1753531653188,12:07:33.188,ARKM/USDT:USDT,0.5468,70.0,0.5466,42.0,0.5472,58.0,0.5473,42.0
1753531653290,12:07:33.290,ARKM/USDT:USDT,0.5468,70.0,0.5466,42.0,0.5473,53.0,0.5474,42.0
1753531653303,12:07:33.303,ARKM/USDT:USDT,0.5468,70.0,0.5466,42.0,0.5473,89.0,0.5474,42.0
1753531653432,12:07:33.432,ARKM/USDT:USDT,0.5468,17.0,0.5467,41.0,0.5473,89.0,0.5474,42.0
1753531653568,12:07:33.568,ARKM/USDT:USDT,0.5468,17.0,0.5467,41.0,0.5473,89.0,0.5474,42.0
1753531653622,12:07:33.622,ARKM/USDT:USDT,0.5468,17.0,0.5467,41.0,0.5473,89.0,0.5474,42.0
1753531653705,12:07:33.705,ARKM/USDT:USDT,0.5468,17.0,0.5467,41.0,0.5473,89.0,0.5474,42.0
1753531653944,12:07:33.944,ARKM/USDT:USDT,0.5468,17.0,0.5467,41.0,0.5473,89.0,0.5474,42.0
1753531654058,12:07:34.058,ARKM/USDT:USDT,0.5468,17.0,0.5467,41.0,0.5473,89.0,0.5474,42.0
1753531654298,12:07:34.298,ARKM/USDT:USDT,0.5468,17.0,0.5467,41.0,0.5472,58.0,0.5473,2755.0
1753531654382,12:07:34.382,ARKM/USDT:USDT,0.5468,17.0,0.5466,41.0,0.547,17.0,0.5471,113.0
1753531654476,12:07:34.476,ARKM/USDT:USDT,0.5467,17.0,0.5466,41.0,0.547,17.0,0.5471,113.0
1753531654526,12:07:34.526,ARKM/USDT:USDT,0.5467,17.0,0.5466,41.0,0.547,17.0,0.5471,113.0
1753531654747,12:07:34.747,ARKM/USDT:USDT,0.5467,17.0,0.5465,44.0,0.547,58.0,0.5471,113.0
1753531654823,12:07:34.823,ARKM/USDT:USDT,0.5466,17.0,0.5465,3.0,0.547,58.0,0.5471,113.0
1753531654943,12:07:34.943,ARKM/USDT:USDT,0.5465,20.0,0.5464,41.0,0.547,58.0,0.5471,113.0
1753531655039,12:07:35.039,ARKM/USDT:USDT,0.5465,20.0,0.5464,41.0,0.547,58.0,0.5471,113.0
1753531655196,12:07:35.196,ARKM/USDT:USDT,0.5465,20.0,0.5464,41.0,0.547,58.0,0.5471,113.0
1753531655265,12:07:35.265,ARKM/USDT:USDT,0.5465,61.0,0.5462,41.0,0.547,58.0,0.5471,113.0
1753531655384,12:07:35.384,ARKM/USDT:USDT,0.5465,61.0,0.5462,41.0,0.5469,113.0,0.547,130.0
1753531655481,12:07:35.481,ARKM/USDT:USDT,0.5465,61.0,0.5462,41.0,0.5469,113.0,0.547,130.0
1753531655566,12:07:35.566,ARKM/USDT:USDT,0.5465,61.0,0.5462,41.0,0.5469,113.0,0.547,130.0
1753531655693,12:07:35.693,ARKM/USDT:USDT,0.5465,61.0,0.5462,41.0,0.5469,113.0,0.547,130.0
1753531655769,12:07:35.769,ARKM/USDT:USDT,0.5465,61.0,0.5462,41.0,0.5469,113.0,0.547,130.0
1753531656065,12:07:36.065,ARKM/USDT:USDT,0.5465,61.0,0.5462,41.0,0.5469,113.0,0.547,130.0
1753531656188,12:07:36.188,ARKM/USDT:USDT,0.5465,61.0,0.5462,41.0,0.5468,41.0,0.5469,113.0
1753531656260,12:07:36.260,ARKM/USDT:USDT,0.5465,20.0,0.5463,41.0,0.5468,41.0,0.5469,113.0
1753531656312,12:07:36.312,ARKM/USDT:USDT,0.5465,3.0,0.5464,17.0,0.5468,41.0,0.5469,113.0
1753531656694,12:07:36.694,ARKM/USDT:USDT,0.5465,3.0,0.5464,17.0,0.5467,130.0,0.5468,113.0
1753531656763,12:07:36.763,ARKM/USDT:USDT,0.5465,3.0,0.5463,58.0,0.5467,130.0,0.5468,113.0
1753531656877,12:07:36.877,ARKM/USDT:USDT,0.5465,3.0,0.5463,58.0,0.5467,130.0,0.5468,113.0
1753531656964,12:07:36.964,ARKM/USDT:USDT,0.5465,3.0,0.5463,58.0,0.5467,130.0,0.5468,113.0
1753531657057,12:07:37.057,ARKM/USDT:USDT,0.5465,3.0,0.5463,58.0,0.5467,130.0,0.5468,113.0
1753531657170,12:07:37.170,ARKM/USDT:USDT,0.5465,3.0,0.5463,58.0,0.5467,130.0,0.5468,113.0
1753531657673,12:07:37.673,ARKM/USDT:USDT,0.5465,3.0,0.5463,58.0,0.5467,130.0,0.5468,113.0
1753531658006,12:07:38.006,ARKM/USDT:USDT,0.5465,3.0,0.5463,58.0,0.5467,130.0,0.5468,113.0
1753531658190,12:07:38.190,ARKM/USDT:USDT,0.5465,3.0,0.5463,58.0,0.5467,130.0,0.5468,113.0
1753531658598,12:07:38.598,ARKM/USDT:USDT,0.5465,3.0,0.5463,58.0,0.5467,130.0,0.5468,113.0
1753531658604,12:07:38.604,ARKM/USDT:USDT,0.5465,3.0,0.5463,17.0,0.5467,130.0,0.5468,113.0
1753531658793,12:07:38.793,ARKM/USDT:USDT,0.5465,3.0,0.5462,17.0,0.5467,130.0,0.5468,113.0
1753531658960,12:07:38.960,ARKM/USDT:USDT,0.5465,3.0,0.5462,17.0,0.5467,130.0,0.5468,113.0
1753531659093,12:07:39.093,ARKM/USDT:USDT,0.5465,3.0,0.5462,17.0,0.5467,53.0,0.5468,113.0
1753531659161,12:07:39.161,ARKM/USDT:USDT,0.5465,3.0,0.5462,58.0,0.5468,17.0,0.5469,113.0
1753531659270,12:07:39.270,ARKM/USDT:USDT,0.5465,3.0,0.5462,58.0,0.5468,17.0,0.5469,113.0
1753531659482,12:07:39.482,ARKM/USDT:USDT,0.5465,3.0,0.5462,17.0,0.5467,280.0,0.5468,17.0
1753531659589,12:07:39.589,ARKM/USDT:USDT,0.5465,3.0,0.5462,17.0,0.5467,280.0,0.5468,58.0
1753531659895,12:07:39.895,ARKM/USDT:USDT,0.5465,3.0,0.5462,17.0,0.5467,140.0,0.5468,58.0
1753531659902,12:07:39.902,ARKM/USDT:USDT,0.5465,3.0,0.5462,17.0,0.5468,58.0,0.5469,113.0
1753531660043,12:07:40.043,ARKM/USDT:USDT,0.5465,3.0,0.5462,58.0,0.5468,58.0,0.5469,113.0
1753531660298,12:07:40.298,ARKM/USDT:USDT,0.5465,3.0,0.5462,58.0,0.5468,58.0,0.5469,113.0
1753531660398,12:07:40.398,ARKM/USDT:USDT,0.5465,3.0,0.5462,58.0,0.5468,58.0,0.5469,113.0
1753531660400,12:07:40.400,ARKM/USDT:USDT,0.5465,3.0,0.5462,58.0,0.5468,58.0,0.5469,113.0
1753531660582,12:07:40.582,ARKM/USDT:USDT,0.5465,3.0,0.5462,58.0,0.5468,58.0,0.5469,113.0
1753531661022,12:07:41.022,ARKM/USDT:USDT,0.5465,3.0,0.5462,58.0,0.5468,58.0,0.5469,113.0
1753531661920,12:07:41.920,ARKM/USDT:USDT,0.5465,3.0,0.5462,58.0,0.5468,58.0,0.5469,113.0
1753531662419,12:07:42.419,ARKM/USDT:USDT,0.5465,3.0,0.5462,58.0,0.5468,58.0,0.5469,113.0
1753531662588,12:07:42.588,ARKM/USDT:USDT,0.5465,3.0,0.5462,17.0,0.5467,176.0,0.5468,94.0
1753531662622,12:07:42.622,ARKM/USDT:USDT,0.5465,3.0,0.5462,17.0,0.5467,36.0,0.5468,94.0
1753531662727,12:07:42.727,ARKM/USDT:USDT,0.5465,3.0,0.5462,17.0,0.5467,36.0,0.5468,94.0
1753531662919,12:07:42.919,ARKM/USDT:USDT,0.5465,3.0,0.5462,17.0,0.5467,36.0,0.5468,94.0
1753531663041,12:07:43.041,ARKM/USDT:USDT,0.5465,3.0,0.5462,17.0,0.5467,72.0,0.5468,130.0
1753531663155,12:07:43.155,ARKM/USDT:USDT,0.5465,3.0,0.5462,17.0,0.5467,72.0,0.5468,130.0
1753531664137,12:07:44.137,ARKM/USDT:USDT,0.5465,3.0,0.5462,17.0,0.5467,72.0,0.5468,130.0
1753531664249,12:07:44.249,ARKM/USDT:USDT,0.5465,3.0,0.5463,77.0,0.5468,691.0,0.5469,2248.0
1753531664370,12:07:44.370,ARKM/USDT:USDT,0.5465,3.0,0.5464,17.0,0.5468,691.0,0.5469,2248.0
1753531664499,12:07:44.499,ARKM/USDT:USDT,0.5465,3.0,0.5464,17.0,0.5467,140.0,0.5468,691.0
1753531664504,12:07:44.504,ARKM/USDT:USDT,0.5465,3.0,0.5464,17.0,0.5467,140.0,0.5468,691.0
1753531664783,12:07:44.783,ARKM/USDT:USDT,0.5465,3.0,0.5464,17.0,0.5467,140.0,0.5468,691.0
1753531665074,12:07:45.074,ARKM/USDT:USDT,0.5465,3.0,0.5464,17.0,0.5468,691.0,0.5469,2248.0
1753531665197,12:07:45.197,ARKM/USDT:USDT,0.5465,3.0,0.5464,17.0,0.5468,691.0,0.5469,2248.0
1753531665611,12:07:45.611,ARKM/USDT:USDT,0.5465,3.0,0.5464,17.0,0.5468,691.0,0.5469,2248.0
1753531665882,12:07:45.882,ARKM/USDT:USDT,0.5465,3.0,0.5464,17.0,0.5468,691.0,0.5469,2248.0
1753531665904,12:07:45.904,ARKM/USDT:USDT,0.5465,3.0,0.5464,17.0,0.5468,691.0,0.5469,2248.0
1753531666022,12:07:46.022,ARKM/USDT:USDT,0.5465,3.0,0.5464,17.0,0.5468,691.0,0.5469,2248.0
1753531666449,12:07:46.449,ARKM/USDT:USDT,0.5465,3.0,0.5464,53.0,0.5468,691.0,0.5469,2248.0
1753531666562,12:07:46.562,ARKM/USDT:USDT,0.5465,3.0,0.5464,130.0,0.5469,658.0,0.547,2135.0
1753531666649,12:07:46.649,ARKM/USDT:USDT,0.5465,3.0,0.5464,130.0,0.5469,641.0,0.547,2152.0
1753531666741,12:07:46.741,ARKM/USDT:USDT,0.5465,3.0,0.5464,130.0,0.5469,641.0,0.547,2152.0
1753531666865,12:07:46.865,ARKM/USDT:USDT,0.5465,3.0,0.5464,171.0,0.547,2224.0,0.5471,41.0
1753531666922,12:07:46.922,ARKM/USDT:USDT,0.5465,3.0,0.5464,130.0,0.5469,667.0,0.547,2224.0
1753531667593,12:07:47.593,ARKM/USDT:USDT,0.5465,3.0,0.5464,130.0,0.5469,684.0,0.547,2207.0
1753531668262,12:07:48.262,ARKM/USDT:USDT,0.5465,3.0,0.5464,130.0,0.5469,684.0,0.547,2207.0
1753531668479,12:07:48.479,ARKM/USDT:USDT,0.5465,3.0,0.5464,94.0,0.5469,684.0,0.547,2207.0
1753531668538,12:07:48.538,ARKM/USDT:USDT,0.5465,3.0,0.5464,94.0,0.5469,684.0,0.547,2207.0
1753531668738,12:07:48.738,ARKM/USDT:USDT,0.5465,3.0,0.5464,94.0,0.5469,684.0,0.547,2207.0
1753531669528,12:07:49.528,ARKM/USDT:USDT,0.5465,3.0,0.5464,94.0,0.5469,684.0,0.547,2207.0
1753531670024,12:07:50.024,ARKM/USDT:USDT,0.5465,3.0,0.5464,94.0,0.5469,684.0,0.547,2207.0
1753531670297,12:07:50.297,ARKM/USDT:USDT,0.5465,3.0,0.5464,94.0,0.5469,684.0,0.547,2207.0
1753531670480,12:07:50.480,ARKM/USDT:USDT,0.5465,3.0,0.5464,94.0,0.5469,684.0,0.547,2207.0
1753531670836,12:07:50.836,ARKM/USDT:USDT,0.5465,3.0,0.5464,94.0,0.5469,684.0,0.547,2207.0
1753531671199,12:07:51.199,ARKM/USDT:USDT,0.5465,3.0,0.5464,94.0,0.5469,684.0,0.547,2207.0
1753531672146,12:07:52.146,ARKM/USDT:USDT,0.5465,3.0,0.5464,94.0,0.5469,684.0,0.547,2207.0
1753531674122,12:07:54.122,ARKM/USDT:USDT,0.5465,3.0,0.5464,94.0,0.5469,684.0,0.547,2207.0
1753531674932,12:07:54.932,ARKM/USDT:USDT,0.5465,3.0,0.5464,94.0,0.5469,684.0,0.547,2207.0
1753531675006,12:07:55.006,ARKM/USDT:USDT,0.5465,3.0,0.5464,94.0,0.5469,684.0,0.547,2207.0
1753531675187,12:07:55.187,ARKM/USDT:USDT,0.5465,3.0,0.5464,94.0,0.5469,684.0,0.547,2207.0
1753531675360,12:07:55.360,ARKM/USDT:USDT,0.5465,3.0,0.5464,94.0,0.5469,684.0,0.547,2207.0
1753531675666,12:07:55.666,ARKM/USDT:USDT,0.5465,3.0,0.5464,94.0,0.5469,684.0,0.547,2207.0
1753531676023,12:07:56.023,ARKM/USDT:USDT,0.5465,3.0,0.5464,94.0,0.5469,684.0,0.547,2207.0
1753531676996,12:07:56.996,ARKM/USDT:USDT,0.5465,3.0,0.5464,94.0,0.5469,684.0,0.547,2207.0
1753531677728,12:07:57.728,ARKM/USDT:USDT,0.5465,3.0,0.5464,94.0,0.5469,684.0,0.547,2207.0
1753531678008,12:07:58.008,ARKM/USDT:USDT,0.5465,3.0,0.5464,94.0,0.5469,684.0,0.547,2207.0
1753531678967,12:07:58.967,ARKM/USDT:USDT,0.5465,17.0,0.5464,94.0,0.5469,684.0,0.547,2207.0
1753531679230,12:07:59.230,ARKM/USDT:USDT,0.5465,17.0,0.5464,94.0,0.5469,684.0,0.547,2207.0
1753531679794,12:07:59.794,ARKM/USDT:USDT,0.5465,17.0,0.5464,94.0,0.5469,684.0,0.547,2207.0
1753531679897,12:07:59.897,ARKM/USDT:USDT,0.5465,17.0,0.5464,94.0,0.5469,684.0,0.547,2207.0
1753531680264,12:08:00.264,ARKM/USDT:USDT,0.5465,17.0,0.5464,94.0,0.5469,684.0,0.547,2207.0
1753531680901,12:08:00.901,ARKM/USDT:USDT,0.5465,17.0,0.5464,94.0,0.5469,684.0,0.547,2207.0
1753531682536,12:08:02.536,ARKM/USDT:USDT,0.5465,17.0,0.5464,94.0,0.5469,684.0,0.547,2207.0
1753531683305,12:08:03.305,ARKM/USDT:USDT,0.5465,17.0,0.5464,94.0,0.5469,684.0,0.547,2207.0
1753531683401,12:08:03.401,ARKM/USDT:USDT,0.5465,17.0,0.5464,94.0,0.5469,684.0,0.547,2171.0
1753531683658,12:08:03.658,ARKM/USDT:USDT,0.5465,17.0,0.5464,94.0,0.5469,684.0,0.547,2171.0
1753531683752,12:08:03.752,ARKM/USDT:USDT,0.5465,17.0,0.5464,135.0,0.547,694.0,0.5471,2135.0
1753531683852,12:08:03.852,ARKM/USDT:USDT,0.5465,17.0,0.5464,135.0,0.547,694.0,0.5471,2135.0
1753531684128,12:08:04.128,ARKM/USDT:USDT,0.5465,17.0,0.5464,135.0,0.547,694.0,0.5471,2135.0
1753531684703,12:08:04.703,ARKM/USDT:USDT,0.5465,59.0,0.5464,135.0,0.547,694.0,0.5471,2135.0
1753531684826,12:08:04.826,ARKM/USDT:USDT,0.5466,17.0,0.5465,45.0,0.547,730.0,0.5471,2135.0
1753531685191,12:08:05.191,ARKM/USDT:USDT,0.5466,28.0,0.5465,45.0,0.547,694.0,0.5471,2135.0
1753531685262,12:08:05.262,ARKM/USDT:USDT,0.5466,41.0,0.5465,734.0,0.547,694.0,0.5471,2135.0
1753531685338,12:08:05.338,ARKM/USDT:USDT,0.5466,41.0,0.5465,734.0,0.547,694.0,0.5471,2135.0
1753531686285,12:08:06.285,ARKM/USDT:USDT,0.5466,41.0,0.5465,734.0,0.547,730.0,0.5471,2135.0
1753531686689,12:08:06.689,ARKM/USDT:USDT,0.5466,41.0,0.5465,734.0,0.547,730.0,0.5471,2135.0
1753531686861,12:08:06.861,ARKM/USDT:USDT,0.5466,41.0,0.5465,734.0,0.547,730.0,0.5471,2135.0
1753531687067,12:08:07.067,ARKM/USDT:USDT,0.5466,17.0,0.5465,734.0,0.547,730.0,0.5471,2135.0
1753531687172,12:08:07.172,ARKM/USDT:USDT,0.5466,17.0,0.5465,86.0,0.547,730.0,0.5471,2135.0
1753531687286,12:08:07.286,ARKM/USDT:USDT,0.5466,30.0,0.5465,86.0,0.547,730.0,0.5471,2135.0
1753531687390,12:08:07.390,ARKM/USDT:USDT,0.5466,17.0,0.5465,86.0,0.547,730.0,0.5471,2135.0
1753531687942,12:08:07.942,ARKM/USDT:USDT,0.5466,17.0,0.5465,86.0,0.547,730.0,0.5471,2135.0
1753531688049,12:08:08.049,ARKM/USDT:USDT,0.5466,17.0,0.5465,86.0,0.547,730.0,0.5471,2135.0
1753531688234,12:08:08.234,ARKM/USDT:USDT,0.5466,41.0,0.5465,86.0,0.547,730.0,0.5471,2135.0
1753531688302,12:08:08.302,ARKM/USDT:USDT,0.5466,41.0,0.5465,956.0,0.547,730.0,0.5471,2135.0
1753531688877,12:08:08.877,ARKM/USDT:USDT,0.5466,17.0,0.5465,956.0,0.547,730.0,0.5471,2135.0
1753531689281,12:08:09.281,ARKM/USDT:USDT,0.5466,41.0,0.5465,956.0,0.547,730.0,0.5471,2135.0
1753531689472,12:08:09.472,ARKM/USDT:USDT,0.5466,41.0,0.5465,956.0,0.547,730.0,0.5471,2135.0
1753531689950,12:08:09.950,ARKM/USDT:USDT,0.5466,41.0,0.5465,956.0,0.547,730.0,0.5471,2135.0
1753531690505,12:08:10.505,ARKM/USDT:USDT,0.5466,41.0,0.5465,956.0,0.547,730.0,0.5471,2135.0
1753531690856,12:08:10.856,ARKM/USDT:USDT,0.5466,41.0,0.5465,956.0,0.547,730.0,0.5471,2135.0
1753531690992,12:08:10.992,ARKM/USDT:USDT,0.5466,41.0,0.5465,956.0,0.547,730.0,0.5471,2135.0
1753531691232,12:08:11.232,ARKM/USDT:USDT,0.5466,41.0,0.5465,956.0,0.547,730.0,0.5471,2135.0
1753531691306,12:08:11.306,ARKM/USDT:USDT,0.5466,41.0,0.5465,956.0,0.547,730.0,0.5471,2135.0
1753531692260,12:08:12.260,ARKM/USDT:USDT,0.5466,41.0,0.5465,956.0,0.547,730.0,0.5471,2135.0
1753531693695,12:08:13.695,ARKM/USDT:USDT,0.5466,28.0,0.5465,956.0,0.547,730.0,0.5471,2135.0
1753531693886,12:08:13.886,ARKM/USDT:USDT,0.5466,17.0,0.5465,956.0,0.547,730.0,0.5471,2135.0
1753531694075,12:08:14.075,ARKM/USDT:USDT,0.5466,41.0,0.5465,956.0,0.547,730.0,0.5471,2135.0
1753531694336,12:08:14.336,ARKM/USDT:USDT,0.5466,41.0,0.5465,956.0,0.547,730.0,0.5471,2135.0
1753531695396,12:08:15.396,ARKM/USDT:USDT,0.5466,41.0,0.5465,956.0,0.547,730.0,0.5471,2135.0
1753531696398,12:08:16.398,ARKM/USDT:USDT,0.5466,41.0,0.5465,956.0,0.547,730.0,0.5471,2135.0
1753531696488,12:08:16.488,ARKM/USDT:USDT,0.5466,41.0,0.5465,956.0,0.547,730.0,0.5471,2135.0
1753531698450,12:08:18.450,ARKM/USDT:USDT,0.5466,41.0,0.5465,956.0,0.547,730.0,0.5471,2135.0
1753531698725,12:08:18.725,ARKM/USDT:USDT,0.5466,17.0,0.5465,914.0,0.547,730.0,0.5471,2135.0
1753531698944,12:08:18.944,ARKM/USDT:USDT,0.5466,17.0,0.5465,44.0,0.547,730.0,0.5471,2135.0
1753531699142,12:08:19.142,ARKM/USDT:USDT,0.5466,17.0,0.5465,44.0,0.547,730.0,0.5471,2135.0
1753531699415,12:08:19.415,ARKM/USDT:USDT,0.5466,17.0,0.5465,44.0,0.547,730.0,0.5471,2135.0
1753531699512,12:08:19.512,ARKM/USDT:USDT,0.5466,17.0,0.5465,3.0,0.5469,42.0,0.547,730.0
1753531699606,12:08:19.606,ARKM/USDT:USDT,0.5465,20.0,0.5464,10619.0,0.5469,42.0,0.547,730.0
1753531699874,12:08:19.874,ARKM/USDT:USDT,0.5465,20.0,0.5464,10619.0,0.5469,42.0,0.547,730.0
1753531699925,12:08:19.925,ARKM/USDT:USDT,0.5465,20.0,0.5464,10619.0,0.5469,42.0,0.547,730.0
1753531700040,12:08:20.040,ARKM/USDT:USDT,0.5465,31.0,0.5464,10619.0,0.5469,42.0,0.547,730.0
1753531700252,12:08:20.252,ARKM/USDT:USDT,0.5465,44.0,0.5464,10619.0,0.5469,42.0,0.547,730.0
1753531700963,12:08:20.963,ARKM/USDT:USDT,0.5465,20.0,0.5464,41.0,0.5469,2196.0,0.547,72.0
1753531701099,12:08:21.099,ARKM/USDT:USDT,0.5465,20.0,0.5464,41.0,0.5468,773.0,0.5469,2196.0
1753531701122,12:08:21.122,ARKM/USDT:USDT,0.5465,20.0,0.5463,763.0,0.5468,773.0,0.5469,2196.0
1753531701206,12:08:21.206,ARKM/USDT:USDT,0.5465,3.0,0.5464,17.0,0.5468,773.0,0.5469,2196.0
1753531701495,12:08:21.495,ARKM/USDT:USDT,0.5465,3.0,0.5464,17.0,0.5468,731.0,0.5469,2196.0
1753531701509,12:08:21.509,ARKM/USDT:USDT,0.5465,3.0,0.5464,17.0,0.5468,731.0,0.5469,2196.0
1753531701778,12:08:21.778,ARKM/USDT:USDT,0.5465,69.0,0.5464,100.0,0.5469,2135.0,0.5472,41.0
1753531701884,12:08:21.884,ARKM/USDT:USDT,0.5466,17.0,0.5465,56.0,0.5469,36.0,0.5471,695.0
1753531701976,12:08:21.976,ARKM/USDT:USDT,0.5466,17.0,0.5465,56.0,0.5469,72.0,0.5471,695.0
1753531702037,12:08:22.037,ARKM/USDT:USDT,0.5466,17.0,0.5465,56.0,0.5469,72.0,0.547,42.0
1753531702102,12:08:22.102,ARKM/USDT:USDT,0.5466,17.0,0.5465,14.0,0.5469,72.0,0.547,42.0
1753531702224,12:08:22.224,ARKM/USDT:USDT,0.5465,31.0,0.5464,83.0,0.5469,91.0,0.547,42.0
1753531702337,12:08:22.337,ARKM/USDT:USDT,0.5465,31.0,0.5464,83.0,0.5469,91.0,0.547,42.0
1753531702780,12:08:22.780,ARKM/USDT:USDT,0.5465,31.0,0.5464,83.0,0.5469,91.0,0.547,42.0
1753531703008,12:08:23.008,ARKM/USDT:USDT,0.5465,31.0,0.5464,83.0,0.5469,91.0,0.547,42.0
1753531704606,12:08:24.606,ARKM/USDT:USDT,0.5465,44.0,0.5464,83.0,0.5469,91.0,0.547,42.0
1753531704718,12:08:24.718,ARKM/USDT:USDT,0.5465,44.0,0.5464,83.0,0.5469,91.0,0.547,42.0
1753531705500,12:08:25.500,ARKM/USDT:USDT,0.5465,44.0,0.5464,83.0,0.5469,91.0,0.547,42.0
1753531705853,12:08:25.853,ARKM/USDT:USDT,0.5465,44.0,0.5464,83.0,0.5469,91.0,0.547,42.0
1753531706899,12:08:26.899,ARKM/USDT:USDT,0.5465,44.0,0.5464,83.0,0.5469,91.0,0.547,2177.0
1753531706908,12:08:26.908,ARKM/USDT:USDT,0.5465,44.0,0.5464,83.0,0.5469,744.0,0.547,2177.0
1753531707177,12:08:27.177,ARKM/USDT:USDT,0.5465,44.0,0.5464,83.0,0.5469,744.0,0.547,2177.0
1753531707606,12:08:27.606,ARKM/USDT:USDT,0.5465,44.0,0.5464,83.0,0.5469,744.0,0.547,2177.0
1753531710267,12:08:30.267,ARKM/USDT:USDT,0.5465,85.0,0.5464,83.0,0.547,2154.0,0.5472,41.0
1753531710324,12:08:30.324,ARKM/USDT:USDT,0.5465,85.0,0.5464,83.0,0.547,660.0,0.5471,2135.0
1753531710421,12:08:30.421,ARKM/USDT:USDT,0.5465,85.0,0.5464,83.0,0.547,660.0,0.5471,2135.0
1753531710947,12:08:30.947,ARKM/USDT:USDT,0.5465,85.0,0.5464,83.0,0.547,660.0,0.5471,2135.0
1753531711006,12:08:31.006,ARKM/USDT:USDT,0.5465,85.0,0.5464,83.0,0.547,660.0,0.5471,2135.0
1753531711214,12:08:31.214,ARKM/USDT:USDT,0.5465,85.0,0.5464,83.0,0.5469,276.0,0.547,660.0
1753531711420,12:08:31.420,ARKM/USDT:USDT,0.5465,85.0,0.5464,83.0,0.5469,276.0,0.547,660.0
1753531711692,12:08:31.692,ARKM/USDT:USDT,0.5465,85.0,0.5464,83.0,0.5469,240.0,0.547,660.0
1753531711962,12:08:31.962,ARKM/USDT:USDT,0.5465,85.0,0.5464,83.0,0.547,660.0,0.5471,2135.0
1753531712045,12:08:32.045,ARKM/USDT:USDT,0.5465,85.0,0.5464,83.0,0.547,660.0,0.5471,2135.0
1753531712536,12:08:32.536,ARKM/USDT:USDT,0.5465,85.0,0.5464,83.0,0.5469,480.0,0.547,660.0
1753531712829,12:08:32.829,ARKM/USDT:USDT,0.5465,85.0,0.5464,83.0,0.5469,480.0,0.547,660.0
1753531712994,12:08:32.994,ARKM/USDT:USDT,0.5465,85.0,0.5464,83.0,0.5469,480.0,0.547,660.0
1753531713679,12:08:33.679,ARKM/USDT:USDT,0.5465,85.0,0.5464,83.0,0.547,660.0,0.5471,2135.0
1753531713882,12:08:33.882,ARKM/USDT:USDT,0.5465,61.0,0.5464,83.0,0.5469,646.0,0.547,2154.0
1753531713922,12:08:33.922,ARKM/USDT:USDT,0.5465,20.0,0.5464,83.0,0.5469,718.0,0.547,2154.0
1753531714004,12:08:34.004,ARKM/USDT:USDT,0.5465,20.0,0.5464,83.0,0.5469,718.0,0.547,2154.0
1753531715024,12:08:35.024,ARKM/USDT:USDT,0.5465,20.0,0.5464,83.0,0.5469,718.0,0.547,2154.0
1753531715525,12:08:35.525,ARKM/USDT:USDT,0.5465,20.0,0.5464,41.0,0.5469,718.0,0.547,2154.0
1753531715621,12:08:35.621,ARKM/USDT:USDT,0.5465,20.0,0.5464,41.0,0.5469,718.0,0.547,2154.0
1753531715971,12:08:35.971,ARKM/USDT:USDT,0.5465,20.0,0.5464,41.0,0.5469,718.0,0.547,2154.0
1753531716422,12:08:36.422,ARKM/USDT:USDT,0.5465,20.0,0.5464,41.0,0.5469,718.0,0.547,2154.0
1753531716531,12:08:36.531,ARKM/USDT:USDT,0.5465,20.0,0.5463,2988.0,0.5468,41.0,0.5469,718.0
1753531716613,12:08:36.613,ARKM/USDT:USDT,0.5465,3.0,0.5464,17.0,0.5468,41.0,0.5469,718.0
1753531716875,12:08:36.875,ARKM/USDT:USDT,0.5465,3.0,0.5464,17.0,0.5468,41.0,0.5469,718.0
1753531716965,12:08:36.965,ARKM/USDT:USDT,0.5465,3.0,0.5464,17.0,0.5468,60.0,0.5469,718.0
1753531717022,12:08:37.022,ARKM/USDT:USDT,0.5465,3.0,0.5464,17.0,0.5468,60.0,0.5469,718.0
1753531717464,12:08:37.464,ARKM/USDT:USDT,0.5465,3.0,0.5464,17.0,0.5467,1900.0,0.5468,132.0
1753531717517,12:08:37.517,ARKM/USDT:USDT,0.5465,3.0,0.5463,17.0,0.5467,1900.0,0.5468,132.0
1753531717695,12:08:37.695,ARKM/USDT:USDT,0.5465,3.0,0.5463,17.0,0.5467,72.0,0.5468,132.0
1753531718111,12:08:38.111,ARKM/USDT:USDT,0.5465,3.0,0.5463,17.0,0.5467,72.0,0.5468,132.0
1753531718266,12:08:38.266,ARKM/USDT:USDT,0.5465,3.0,0.5463,17.0,0.5467,72.0,0.5468,132.0
1753531718358,12:08:38.358,ARKM/USDT:USDT,0.5465,3.0,0.5463,17.0,0.5466,914.0,0.5467,72.0
1753531718454,12:08:38.454,ARKM/USDT:USDT,0.5465,3.0,0.5463,17.0,0.5466,914.0,0.5467,752.0
1753531718515,12:08:38.515,ARKM/USDT:USDT,0.5465,3.0,0.5463,17.0,0.5466,914.0,0.5467,752.0
1753531718675,12:08:38.675,ARKM/USDT:USDT,0.5465,3.0,0.5463,17.0,0.5466,1828.0,0.5467,752.0
1753531718706,12:08:38.706,ARKM/USDT:USDT,0.5465,3.0,0.5462,17.0,0.5466,1828.0,0.5467,752.0
1753531718817,12:08:38.817,ARKM/USDT:USDT,0.5465,3.0,0.5462,17.0,0.5466,2742.0,0.5467,752.0
1753531718933,12:08:38.933,ARKM/USDT:USDT,0.5465,3.0,0.5462,17.0,0.5466,2742.0,0.5467,752.0
1753531719543,12:08:39.543,ARKM/USDT:USDT,0.5465,3.0,0.5462,17.0,0.5467,771.0,0.5468,2248.0
1753531719674,12:08:39.674,ARKM/USDT:USDT,0.5465,3.0,0.5462,17.0,0.5467,771.0,0.5468,2248.0
1753531719750,12:08:39.750,ARKM/USDT:USDT,0.5465,3.0,0.5462,17.0,0.5467,771.0,0.5468,2248.0
1753531719961,12:08:39.961,ARKM/USDT:USDT,0.5465,3.0,0.5462,17.0,0.5466,1828.0,0.5467,771.0
1753531720163,12:08:40.163,ARKM/USDT:USDT,0.5465,3.0,0.5462,17.0,0.5466,1828.0,0.5467,771.0
1753531720249,12:08:40.249,ARKM/USDT:USDT,0.5465,3.0,0.5462,17.0,0.5466,1828.0,0.5467,771.0
1753531720862,12:08:40.862,ARKM/USDT:USDT,0.5465,3.0,0.5462,17.0,0.5466,1828.0,0.5467,771.0
1753531721045,12:08:41.045,ARKM/USDT:USDT,0.5465,3.0,0.5462,17.0,0.5466,3982.0,0.5467,114.0
1753531721194,12:08:41.194,ARKM/USDT:USDT,0.5465,3.0,0.5462,17.0,0.5466,3982.0,0.5467,114.0
1753531721247,12:08:41.247,ARKM/USDT:USDT,0.5462,17.0,0.5461,41.0,0.5465,779.0,0.5466,2135.0
1753531721387,12:08:41.387,ARKM/USDT:USDT,0.5462,17.0,0.5461,41.0,0.5465,779.0,0.5466,2135.0
1753531721435,12:08:41.435,ARKM/USDT:USDT,0.5462,17.0,0.546,41.0,0.5465,779.0,0.5466,2135.0
1753531721517,12:08:41.517,ARKM/USDT:USDT,0.5461,17.0,0.5459,11624.0,0.5465,779.0,0.5466,2135.0
1753531721606,12:08:41.606,ARKM/USDT:USDT,0.546,17.0,0.5459,11624.0,0.5465,779.0,0.5466,2135.0
1753531721722,12:08:41.722,ARKM/USDT:USDT,0.546,17.0,0.5459,1046.0,0.5465,779.0,0.5466,2135.0
1753531721923,12:08:41.923,ARKM/USDT:USDT,0.546,17.0,0.5459,1046.0,0.5465,779.0,0.5466,2135.0
1753531722070,12:08:42.070,ARKM/USDT:USDT,0.546,28.0,0.5459,1046.0,0.5465,779.0,0.5466,2135.0
1753531722258,12:08:42.258,ARKM/USDT:USDT,0.546,28.0,0.5459,1046.0,0.5465,779.0,0.5466,2135.0
1753531722658,12:08:42.658,ARKM/USDT:USDT,0.546,83.0,0.5459,2081.0,0.5465,688.0,0.5466,2135.0
1753531722702,12:08:42.702,ARKM/USDT:USDT,0.546,83.0,0.5459,2081.0,0.5465,688.0,0.5466,2135.0
1753531723004,12:08:43.004,ARKM/USDT:USDT,0.546,83.0,0.5459,2081.0,0.5465,688.0,0.5466,2135.0
1753531723437,12:08:43.437,ARKM/USDT:USDT,0.546,83.0,0.5459,2081.0,0.5465,688.0,0.5466,2135.0
1753531725450,12:08:45.450,ARKM/USDT:USDT,0.546,83.0,0.5459,2081.0,0.5465,646.0,0.5466,2135.0
1753531725693,12:08:45.693,ARKM/USDT:USDT,0.5461,42.0,0.546,124.0,0.5465,646.0,0.5466,2135.0
1753531725722,12:08:45.722,ARKM/USDT:USDT,0.5462,17.0,0.5461,42.0,0.5465,646.0,0.5466,2171.0
1753531725848,12:08:45.848,ARKM/USDT:USDT,0.5462,41.0,0.5461,142.0,0.5466,713.0,0.5467,2135.0
1753531725907,12:08:45.907,ARKM/USDT:USDT,0.5462,41.0,0.5461,142.0,0.5466,713.0,0.5467,2135.0
1753531726290,12:08:46.290,ARKM/USDT:USDT,0.5462,28.0,0.5461,83.0,0.5466,713.0,0.5467,2135.0
1753531726344,12:08:46.344,ARKM/USDT:USDT,0.5462,28.0,0.5461,83.0,0.5466,732.0,0.5467,2135.0
1753531726400,12:08:46.400,ARKM/USDT:USDT,0.5462,17.0,0.5461,83.0,0.5466,732.0,0.5467,2135.0
1753531726781,12:08:46.781,ARKM/USDT:USDT,0.5462,17.0,0.5461,83.0,0.5466,732.0,0.5467,2135.0
1753531726824,12:08:46.824,ARKM/USDT:USDT,0.5462,17.0,0.5461,83.0,0.5466,732.0,0.5467,2135.0
1753531726967,12:08:46.967,ARKM/USDT:USDT,0.5462,17.0,0.5461,83.0,0.5466,732.0,0.5467,2135.0
1753531727022,12:08:47.022,ARKM/USDT:USDT,0.5462,17.0,0.5461,83.0,0.5466,732.0,0.5467,2135.0
1753531727564,12:08:47.564,ARKM/USDT:USDT,0.5462,41.0,0.5461,83.0,0.5466,732.0,0.5467,2135.0
1753531728483,12:08:48.483,ARKM/USDT:USDT,0.5462,28.0,0.5461,83.0,0.5466,732.0,0.5467,2135.0
1753531728626,12:08:48.626,ARKM/USDT:USDT,0.5462,17.0,0.5461,83.0,0.5466,732.0,0.5467,2135.0
1753531728862,12:08:48.862,ARKM/USDT:USDT,0.5462,17.0,0.5461,83.0,0.5466,732.0,0.5467,2135.0
1753531728987,12:08:48.987,ARKM/USDT:USDT,0.5462,17.0,0.5461,83.0,0.5466,732.0,0.5467,2135.0
1753531729413,12:08:49.413,ARKM/USDT:USDT,0.5462,28.0,0.5461,83.0,0.5466,732.0,0.5467,2135.0
1753531729589,12:08:49.589,ARKM/USDT:USDT,0.5462,28.0,0.5461,83.0,0.5466,732.0,0.5467,2135.0
1753531729603,12:08:49.603,ARKM/USDT:USDT,0.5462,28.0,0.5461,83.0,0.5466,732.0,0.5467,2135.0
1753531729831,12:08:49.831,ARKM/USDT:USDT,0.5462,17.0,0.5461,83.0,0.5466,732.0,0.5467,2135.0
1753531730082,12:08:50.082,ARKM/USDT:USDT,0.5462,17.0,0.5461,83.0,0.5466,732.0,0.5467,2135.0
1753531730125,12:08:50.125,ARKM/USDT:USDT,0.5462,17.0,0.546,10661.0,0.5466,732.0,0.5467,2135.0
1753531730209,12:08:50.209,ARKM/USDT:USDT,0.5461,17.0,0.546,10661.0,0.5466,732.0,0.5467,2135.0
1753531731714,12:08:51.714,ARKM/USDT:USDT,0.5461,17.0,0.546,10661.0,0.5466,732.0,0.5467,2135.0
1753531732998,12:08:52.998,ARKM/USDT:USDT,0.5461,17.0,0.546,10661.0,0.5466,732.0,0.5467,2135.0
1753531734022,12:08:54.022,ARKM/USDT:USDT,0.5461,17.0,0.546,10661.0,0.5466,732.0,0.5467,2135.0
1753531734542,12:08:54.542,ARKM/USDT:USDT,0.5461,17.0,0.546,10661.0,0.5466,732.0,0.5467,2135.0
1753531734628,12:08:54.628,ARKM/USDT:USDT,0.5461,17.0,0.546,10578.0,0.5465,43.0,0.5466,732.0
1753531734778,12:08:54.778,ARKM/USDT:USDT,0.5461,17.0,0.546,10578.0,0.5465,43.0,0.5466,732.0
1753531734864,12:08:54.864,ARKM/USDT:USDT,0.5461,28.0,0.546,10619.0,0.5465,43.0,0.5466,732.0
1753531735558,12:08:55.558,ARKM/USDT:USDT,0.5461,41.0,0.546,10619.0,0.5465,43.0,0.5466,732.0
1753531735883,12:08:55.883,ARKM/USDT:USDT,0.5461,41.0,0.546,661.0,0.5465,43.0,0.5466,732.0
1753531735997,12:08:55.997,ARKM/USDT:USDT,0.5461,41.0,0.546,661.0,0.5465,43.0,0.5466,732.0
1753531736198,12:08:56.198,ARKM/USDT:USDT,0.5461,41.0,0.546,661.0,0.5465,43.0,0.5466,732.0
1753531737331,12:08:57.331,ARKM/USDT:USDT,0.5461,41.0,0.546,661.0,0.5465,43.0,0.5466,732.0
1753531739986,12:08:59.986,ARKM/USDT:USDT,0.5461,41.0,0.546,661.0,0.5465,43.0,0.5466,732.0
1753531740166,12:09:00.166,ARKM/USDT:USDT,0.5461,41.0,0.546,661.0,0.5465,43.0,0.5466,732.0
1753531740242,12:09:00.242,ARKM/USDT:USDT,0.5461,41.0,0.546,661.0,0.5465,43.0,0.5466,732.0
1753531744146,12:09:04.146,ARKM/USDT:USDT,0.5461,41.0,0.546,661.0,0.5465,43.0,0.5466,732.0
1753531744236,12:09:04.236,ARKM/USDT:USDT,0.5461,41.0,0.546,661.0,0.5465,43.0,0.5466,732.0
1753531744687,12:09:04.687,ARKM/USDT:USDT,0.5461,41.0,0.546,661.0,0.5465,43.0,0.5466,732.0
1753531745718,12:09:05.718,ARKM/USDT:USDT,0.5461,41.0,0.546,661.0,0.5465,43.0,0.5466,732.0
1753531746002,12:09:06.002,ARKM/USDT:USDT,0.5461,28.0,0.546,661.0,0.5465,43.0,0.5466,732.0
1753531746191,12:09:06.191,ARKM/USDT:USDT,0.5461,17.0,0.5459,84.0,0.5465,62.0,0.5466,713.0
1753531746286,12:09:06.286,ARKM/USDT:USDT,0.546,17.0,0.5459,84.0,0.5465,62.0,0.5466,713.0
1753531746306,12:09:06.306,ARKM/USDT:USDT,0.546,17.0,0.5459,84.0,0.5465,62.0,0.5466,713.0
1753531747008,12:09:07.008,ARKM/USDT:USDT,0.546,17.0,0.5459,84.0,0.5465,62.0,0.5466,713.0
1753531747107,12:09:07.107,ARKM/USDT:USDT,0.546,17.0,0.5459,84.0,0.5465,62.0,0.5466,713.0
1753531747255,12:09:07.255,ARKM/USDT:USDT,0.546,17.0,0.5459,84.0,0.5465,62.0,0.5466,713.0
1753531747323,12:09:07.323,ARKM/USDT:USDT,0.546,17.0,0.5459,84.0,0.5465,62.0,0.5466,713.0
1753531747737,12:09:07.737,ARKM/USDT:USDT,0.546,17.0,0.5459,84.0,0.5465,62.0,0.5466,713.0
1753531748250,12:09:08.250,ARKM/USDT:USDT,0.546,17.0,0.5459,84.0,0.5465,62.0,0.5466,713.0
1753531748597,12:09:08.597,ARKM/USDT:USDT,0.546,17.0,0.5459,84.0,0.5465,62.0,0.5466,713.0
1753531748735,12:09:08.735,ARKM/USDT:USDT,0.546,17.0,0.5459,84.0,0.5465,62.0,0.5466,713.0
1753531748833,12:09:08.833,ARKM/USDT:USDT,0.546,17.0,0.5459,84.0,0.5465,62.0,0.5466,713.0
1753531749257,12:09:09.257,ARKM/USDT:USDT,0.546,17.0,0.5459,84.0,0.5465,62.0,0.5466,713.0
1753531749749,12:09:09.749,ARKM/USDT:USDT,0.546,17.0,0.5459,84.0,0.5465,62.0,0.5466,713.0
1753531750094,12:09:10.094,ARKM/USDT:USDT,0.546,17.0,0.5459,84.0,0.5465,62.0,0.5466,713.0
1753531750250,12:09:10.250,ARKM/USDT:USDT,0.546,17.0,0.5459,84.0,0.5465,62.0,0.5466,713.0
1753531750385,12:09:10.385,ARKM/USDT:USDT,0.546,17.0,0.5459,84.0,0.5465,62.0,0.5466,435.0
1753531750480,12:09:10.480,ARKM/USDT:USDT,0.546,17.0,0.5459,84.0,0.5465,62.0,0.5466,435.0
1753531750525,12:09:10.525,ARKM/USDT:USDT,0.546,17.0,0.5459,84.0,0.5465,62.0,0.5466,435.0
1753531750742,12:09:10.742,ARKM/USDT:USDT,0.546,17.0,0.5459,84.0,0.5465,62.0,0.5466,435.0
1753531750892,12:09:10.892,ARKM/USDT:USDT,0.546,17.0,0.5459,41.0,0.5464,133.0,0.5465,43.0
1753531750983,12:09:10.983,ARKM/USDT:USDT,0.546,17.0,0.5458,41.0,0.5463,61.0,0.5464,114.0
1753531751042,12:09:11.042,ARKM/USDT:USDT,0.546,17.0,0.5459,9.0,0.5463,61.0,0.5464,114.0
1753531751179,12:09:11.179,ARKM/USDT:USDT,0.5461,9.0,0.546,8.0,0.5463,61.0,0.5464,114.0
1753531751264,12:09:11.264,ARKM/USDT:USDT,0.5461,17.0,0.546,8.0,0.5463,61.0,0.5464,114.0
1753531751328,12:09:11.328,ARKM/USDT:USDT,0.5461,17.0,0.5457,83.0,0.5463,61.0,0.5464,114.0
1753531751445,12:09:11.445,ARKM/USDT:USDT,0.5458,17.0,0.5457,83.0,0.5463,61.0,0.5464,114.0
1753531751599,12:09:11.599,ARKM/USDT:USDT,0.5458,17.0,0.5457,83.0,0.5463,61.0,0.5464,114.0
1753531751795,12:09:11.795,ARKM/USDT:USDT,0.5458,17.0,0.5457,42.0,0.5462,78.0,0.5463,61.0
1753531751863,12:09:11.863,ARKM/USDT:USDT,0.5458,17.0,0.5457,42.0,0.5462,78.0,0.5463,61.0
1753531752165,12:09:12.165,ARKM/USDT:USDT,0.5458,17.0,0.5457,42.0,0.5462,78.0,0.5463,61.0
1753531752354,12:09:12.354,ARKM/USDT:USDT,0.5458,17.0,0.5457,42.0,0.5462,2878.0,0.5463,78.0
1753531752983,12:09:12.983,ARKM/USDT:USDT,0.5458,17.0,0.5457,42.0,0.5462,2745.0,0.5463,42.0
1753531753064,12:09:13.064,ARKM/USDT:USDT,0.5458,17.0,0.5457,42.0,0.5462,2781.0,0.5463,42.0
1753531753391,12:09:13.391,ARKM/USDT:USDT,0.5458,17.0,0.5457,42.0,0.5462,2781.0,0.5463,42.0
1753531754027,12:09:14.027,ARKM/USDT:USDT,0.5458,17.0,0.5457,42.0,0.5462,2781.0,0.5464,42.0
1753531754482,12:09:14.482,ARKM/USDT:USDT,0.5458,17.0,0.5457,42.0,0.5462,2781.0,0.5464,42.0
1753531754529,12:09:14.529,ARKM/USDT:USDT,0.5458,17.0,0.5457,42.0,0.5462,2800.0,0.5464,42.0
1753531755033,12:09:15.033,ARKM/USDT:USDT,0.5458,17.0,0.5457,42.0,0.5462,2836.0,0.5464,42.0
1753531755114,12:09:15.114,ARKM/USDT:USDT,0.5458,17.0,0.5457,42.0,0.5462,2800.0,0.5464,42.0
1753531755942,12:09:15.942,ARKM/USDT:USDT,0.5458,17.0,0.5456,42.0,0.5461,851.0,0.5462,2836.0
1753531756084,12:09:16.084,ARKM/USDT:USDT,0.5457,17.0,0.5456,42.0,0.5461,851.0,0.5462,2800.0
1753531756142,12:09:16.142,ARKM/USDT:USDT,0.5457,17.0,0.5456,42.0,0.5461,851.0,0.5462,2800.0
1753531756242,12:09:16.242,ARKM/USDT:USDT,0.5457,17.0,0.5456,42.0,0.5461,851.0,0.5462,2800.0
1753531756341,12:09:16.341,ARKM/USDT:USDT,0.5457,17.0,0.5456,42.0,0.5461,851.0,0.5462,2800.0
1753531756437,12:09:16.437,ARKM/USDT:USDT,0.5457,17.0,0.5456,42.0,0.5461,851.0,0.5462,2800.0
1753531756762,12:09:16.762,ARKM/USDT:USDT,0.5457,17.0,0.5456,42.0,0.5461,870.0,0.5462,2781.0
1753531757259,12:09:17.259,ARKM/USDT:USDT,0.5457,17.0,0.5456,42.0,0.5461,870.0,0.5462,2781.0
1753531757486,12:09:17.486,ARKM/USDT:USDT,0.5457,17.0,0.5456,42.0,0.5462,55.0,0.5464,42.0
1753531757584,12:09:17.584,ARKM/USDT:USDT,0.5457,17.0,0.5456,83.0,0.5462,133.0,0.5464,42.0
1753531757789,12:09:17.789,ARKM/USDT:USDT,0.5457,17.0,0.5456,83.0,0.5462,133.0,0.5464,42.0
1753531757855,12:09:17.855,ARKM/USDT:USDT,0.5457,17.0,0.5456,83.0,0.5462,133.0,0.5464,42.0
1753531758058,12:09:18.058,ARKM/USDT:USDT,0.5457,17.0,0.5456,42.0,0.5461,42.0,0.5462,133.0
1753531758271,12:09:18.271,ARKM/USDT:USDT,0.5457,17.0,0.5456,42.0,0.5461,42.0,0.5462,133.0
1753531758537,12:09:18.537,ARKM/USDT:USDT,0.5457,17.0,0.5456,42.0,0.5461,42.0,0.5462,133.0
1753531758691,12:09:18.691,ARKM/USDT:USDT,0.5457,17.0,0.5456,42.0,0.5461,42.0,0.5462,133.0
1753531759078,12:09:19.078,ARKM/USDT:USDT,0.5457,17.0,0.5456,42.0,0.5461,42.0,0.5462,133.0
1753531759144,12:09:19.144,ARKM/USDT:USDT,0.5457,17.0,0.5456,42.0,0.5461,42.0,0.5462,133.0
1753531759248,12:09:19.248,ARKM/USDT:USDT,0.5457,17.0,0.5456,42.0,0.5461,42.0,0.5462,133.0
1753531759370,12:09:19.370,ARKM/USDT:USDT,0.5457,17.0,0.5456,42.0,0.5461,42.0,0.5462,133.0
1753531760070,12:09:20.070,ARKM/USDT:USDT,0.5457,17.0,0.5456,42.0,0.5461,42.0,0.5462,133.0
1753531760181,12:09:20.181,ARKM/USDT:USDT,0.5457,17.0,0.5456,42.0,0.5461,42.0,0.5462,133.0
1753531760337,12:09:20.337,ARKM/USDT:USDT,0.5457,17.0,0.5456,42.0,0.5461,42.0,0.5462,133.0
1753531760670,12:09:20.670,ARKM/USDT:USDT,0.5457,17.0,0.5456,42.0,0.5461,42.0,0.5462,133.0
1753531761645,12:09:21.645,ARKM/USDT:USDT,0.5457,17.0,0.5456,42.0,0.5461,42.0,0.5462,133.0
1753531762012,12:09:22.012,ARKM/USDT:USDT,0.5457,17.0,0.5456,42.0,0.5461,42.0,0.5462,133.0
1753531762184,12:09:22.184,ARKM/USDT:USDT,0.5457,17.0,0.5455,83.0,0.5461,61.0,0.5462,114.0
1753531762288,12:09:22.288,ARKM/USDT:USDT,0.5456,17.0,0.5455,83.0,0.5461,61.0,0.5462,114.0
1753531762327,12:09:22.327,ARKM/USDT:USDT,0.5456,17.0,0.5455,83.0,0.5461,61.0,0.5462,114.0
1753531762617,12:09:22.617,ARKM/USDT:USDT,0.5456,17.0,0.5455,83.0,0.5461,61.0,0.5462,114.0
1753531763784,12:09:23.784,ARKM/USDT:USDT,0.5456,17.0,0.5455,83.0,0.5461,61.0,0.5462,114.0
1753531763802,12:09:23.802,ARKM/USDT:USDT,0.5456,17.0,0.5455,83.0,0.5461,61.0,0.5462,114.0
1753531763945,12:09:23.945,ARKM/USDT:USDT,0.5456,17.0,0.5455,83.0,0.5461,61.0,0.5462,114.0
1753531764262,12:09:24.262,ARKM/USDT:USDT,0.5456,17.0,0.5455,83.0,0.5461,61.0,0.5462,114.0
1753531764694,12:09:24.694,ARKM/USDT:USDT,0.5456,17.0,0.5454,86.0,0.546,133.0,0.5461,42.0
1753531764790,12:09:24.790,ARKM/USDT:USDT,0.5456,17.0,0.5454,86.0,0.546,133.0,0.5462,42.0
1753531764881,12:09:24.881,ARKM/USDT:USDT,0.5456,9.0,0.5455,17.0,0.546,133.0,0.5462,42.0
1753531764987,12:09:24.987,ARKM/USDT:USDT,0.5457,8.0,0.5456,9.0,0.546,91.0,0.5462,42.0
1753531765060,12:09:25.060,ARKM/USDT:USDT,0.5457,17.0,0.5456,9.0,0.546,91.0,0.5462,42.0
1753531765189,12:09:25.189,ARKM/USDT:USDT,0.5457,17.0,0.5456,9.0,0.5462,133.0,0.5464,405.0
1753531765299,12:09:25.299,ARKM/USDT:USDT,0.5457,17.0,0.5456,50.0,0.5461,42.0,0.5462,133.0
1753531765330,12:09:25.330,ARKM/USDT:USDT,0.5457,17.0,0.5456,50.0,0.5461,301.0,0.5462,114.0
1753531765440,12:09:25.440,ARKM/USDT:USDT,0.5457,17.0,0.5456,9.0,0.5461,301.0,0.5462,114.0
1753531765516,12:09:25.516,ARKM/USDT:USDT,0.5457,17.0,0.5456,9.0,0.5461,301.0,0.5462,114.0
1753531765654,12:09:25.654,ARKM/USDT:USDT,0.5457,17.0,0.5456,9.0,0.5461,301.0,0.5462,114.0
1753531765746,12:09:25.746,ARKM/USDT:USDT,0.5457,17.0,0.5455,83.0,0.5461,61.0,0.5462,114.0
1753531765822,12:09:25.822,ARKM/USDT:USDT,0.5456,17.0,0.5455,83.0,0.5461,61.0,0.5462,114.0
1753531765902,12:09:25.902,ARKM/USDT:USDT,0.5456,17.0,0.5455,83.0,0.5461,61.0,0.5462,114.0
1753531766086,12:09:26.086,ARKM/USDT:USDT,0.5456,17.0,0.5455,83.0,0.5461,61.0,0.5462,114.0
1753531766415,12:09:26.415,ARKM/USDT:USDT,0.5456,17.0,0.5455,83.0,0.5461,61.0,0.5462,114.0
1753531766521,12:09:26.521,ARKM/USDT:USDT,0.5456,17.0,0.5455,83.0,0.5461,61.0,0.5462,114.0
1753531766699,12:09:26.699,ARKM/USDT:USDT,0.5456,17.0,0.5455,41.0,0.546,133.0,0.5461,78.0
1753531766703,12:09:26.703,ARKM/USDT:USDT,0.5456,17.0,0.5454,86.0,0.546,133.0,0.5461,78.0
1753531766896,12:09:26.896,ARKM/USDT:USDT,0.5455,17.0,0.5454,86.0,0.546,133.0,0.5461,78.0
1753531766919,12:09:26.919,ARKM/USDT:USDT,0.5455,17.0,0.5454,86.0,0.546,133.0,0.5461,78.0
1753531767199,12:09:27.199,ARKM/USDT:USDT,0.5455,17.0,0.5454,86.0,0.546,133.0,0.5461,78.0
1753531767209,12:09:27.209,ARKM/USDT:USDT,0.5455,17.0,0.5454,86.0,0.546,133.0,0.5461,78.0
1753531767465,12:09:27.465,ARKM/USDT:USDT,0.5455,17.0,0.5454,86.0,0.546,133.0,0.5461,78.0
1753531767538,12:09:27.538,ARKM/USDT:USDT,0.5455,17.0,0.5454,3.0,0.5459,61.0,0.546,114.0
1753531767605,12:09:27.605,ARKM/USDT:USDT,0.5455,17.0,0.5454,3.0,0.5459,61.0,0.546,114.0
1753531767719,12:09:27.719,ARKM/USDT:USDT,0.5455,17.0,0.5454,3.0,0.5459,61.0,0.546,114.0
1753531767998,12:09:27.998,ARKM/USDT:USDT,0.5455,17.0,0.5454,3.0,0.5457,19.0,0.5458,114.0
1753531768079,12:09:28.079,ARKM/USDT:USDT,0.5455,17.0,0.5454,3.0,0.5457,19.0,0.5458,114.0
1753531768188,12:09:28.188,ARKM/USDT:USDT,0.5455,17.0,0.5454,3.0,0.5457,19.0,0.5458,114.0
1753531768498,12:09:28.498,ARKM/USDT:USDT,0.5455,17.0,0.5454,3.0,0.5459,61.0,0.546,42.0
1753531768520,12:09:28.520,ARKM/USDT:USDT,0.5455,17.0,0.5454,3.0,0.5459,19.0,0.546,114.0
1753531768691,12:09:28.691,ARKM/USDT:USDT,0.5455,17.0,0.5454,3.0,0.5459,61.0,0.546,114.0
1753531768781,12:09:28.781,ARKM/USDT:USDT,0.5455,17.0,0.5454,3.0,0.5459,61.0,0.546,114.0
1753531769042,12:09:29.042,ARKM/USDT:USDT,0.5455,17.0,0.5454,39.0,0.5459,61.0,0.546,114.0
1753531769144,12:09:29.144,ARKM/USDT:USDT,0.5455,17.0,0.5454,75.0,0.5459,61.0,0.546,114.0
1753531769442,12:09:29.442,ARKM/USDT:USDT,0.5455,17.0,0.5454,75.0,0.5459,61.0,0.546,114.0
1753531769572,12:09:29.572,ARKM/USDT:USDT,0.5455,17.0,0.5454,75.0,0.5459,61.0,0.546,114.0
1753531769679,12:09:29.679,ARKM/USDT:USDT,0.5455,17.0,0.5454,75.0,0.5459,61.0,0.546,114.0
1753531769747,12:09:29.747,ARKM/USDT:USDT,0.5455,17.0,0.5454,75.0,0.5459,61.0,0.546,114.0
1753531770049,12:09:30.049,ARKM/USDT:USDT,0.5455,17.0,0.5454,75.0,0.5459,61.0,0.546,114.0
1753531770393,12:09:30.393,ARKM/USDT:USDT,0.5455,17.0,0.5454,75.0,0.5459,61.0,0.546,114.0
1753531771066,12:09:31.066,ARKM/USDT:USDT,0.5455,17.0,0.5454,3.0,0.5459,61.0,0.546,114.0
1753531771356,12:09:31.356,ARKM/USDT:USDT,0.5455,17.0,0.5454,75.0,0.5459,61.0,0.546,114.0
1753531771484,12:09:31.484,ARKM/USDT:USDT,0.5455,17.0,0.5454,116.0,0.5459,42.0,0.546,97.0
1753531771993,12:09:31.993,ARKM/USDT:USDT,0.5455,17.0,0.5454,116.0,0.5459,42.0,0.546,133.0
1753531772056,12:09:32.056,ARKM/USDT:USDT,0.5455,17.0,0.5454,3.0,0.5459,61.0,0.546,114.0
1753531772122,12:09:32.122,ARKM/USDT:USDT,0.5455,17.0,0.5454,3.0,0.5459,61.0,0.546,114.0
1753531772324,12:09:32.324,ARKM/USDT:USDT,0.5455,17.0,0.5454,39.0,0.5459,61.0,0.546,114.0
1753531772642,12:09:32.642,ARKM/USDT:USDT,0.5455,17.0,0.5454,3.0,0.5459,61.0,0.546,114.0
1753531772702,12:09:32.702,ARKM/USDT:USDT,0.5455,17.0,0.5454,3.0,0.5459,61.0,0.546,114.0
1753531772898,12:09:32.898,ARKM/USDT:USDT,0.5455,17.0,0.5454,3.0,0.5458,132.0,0.5459,114.0
1753531772976,12:09:32.976,ARKM/USDT:USDT,0.5455,17.0,0.5454,3.0,0.5457,41.0,0.5458,132.0
1753531773086,12:09:33.086,ARKM/USDT:USDT,0.5455,17.0,0.5454,3.0,0.5457,60.0,0.5458,113.0
1753531773195,12:09:33.195,ARKM/USDT:USDT,0.5455,17.0,0.5454,3.0,0.5456,77.0,0.5457,60.0
1753531773263,12:09:33.263,ARKM/USDT:USDT,0.5455,17.0,0.5454,3.0,0.5456,96.0,0.5457,41.0
1753531773334,12:09:33.334,ARKM/USDT:USDT,0.5455,17.0,0.5454,3.0,0.5456,96.0,0.5457,41.0
1753531773582,12:09:33.582,ARKM/USDT:USDT,0.5455,17.0,0.5454,3.0,0.5456,96.0,0.5457,41.0
1753531773717,12:09:33.717,ARKM/USDT:USDT,0.5455,17.0,0.5454,3.0,0.5457,60.0,0.5458,113.0
1753531773888,12:09:33.888,ARKM/USDT:USDT,0.5455,17.0,0.5454,3.0,0.5457,41.0,0.5458,77.0
1753531773998,12:09:33.998,ARKM/USDT:USDT,0.5455,17.0,0.5454,3.0,0.5457,41.0,0.5458,77.0
1753531774046,12:09:34.046,ARKM/USDT:USDT,0.5455,17.0,0.5454,3.0,0.5458,96.0,0.5459,78.0
1753531774114,12:09:34.114,ARKM/USDT:USDT,0.5455,17.0,0.5454,3.0,0.5458,96.0,0.5459,78.0
1753531774371,12:09:34.371,ARKM/USDT:USDT,0.5455,17.0,0.5454,3.0,0.5458,96.0,0.5459,78.0
1753531774498,12:09:34.498,ARKM/USDT:USDT,0.5455,17.0,0.5454,3.0,0.5458,96.0,0.5459,78.0
1753531774503,12:09:34.503,ARKM/USDT:USDT,0.5455,17.0,0.5454,3.0,0.5458,96.0,0.5459,78.0
1753531775113,12:09:35.113,ARKM/USDT:USDT,0.5455,17.0,0.5454,3.0,0.5458,96.0,0.5459,78.0
1753531775488,12:09:35.488,ARKM/USDT:USDT,0.5455,17.0,0.5454,3.0,0.5458,96.0,0.5459,78.0
1753531775883,12:09:35.883,ARKM/USDT:USDT,0.5455,17.0,0.5454,3.0,0.5458,55.0,0.5459,78.0
1753531775974,12:09:35.974,ARKM/USDT:USDT,0.5455,17.0,0.5454,80.0,0.546,19.0,0.5461,42.0
1753531776022,12:09:36.022,ARKM/USDT:USDT,0.5455,17.0,0.5454,80.0,0.546,55.0,0.5461,42.0
1753531776155,12:09:36.155,ARKM/USDT:USDT,0.5455,17.0,0.5454,80.0,0.546,55.0,0.5461,42.0
1753531776262,12:09:36.262,ARKM/USDT:USDT,0.5455,17.0,0.5454,80.0,0.546,55.0,0.5461,42.0
1753531776398,12:09:36.398,ARKM/USDT:USDT,0.5455,58.0,0.5454,80.0,0.546,55.0,0.5461,42.0
1753531776432,12:09:36.432,ARKM/USDT:USDT,0.5455,58.0,0.5454,80.0,0.546,19.0,0.5461,42.0
1753531776724,12:09:36.724,ARKM/USDT:USDT,0.5455,58.0,0.5454,80.0,0.546,19.0,0.5461,42.0
1753531776974,12:09:36.974,ARKM/USDT:USDT,0.5455,99.0,0.5454,39.0,0.5461,97.0,0.5462,682.0
1753531777031,12:09:37.031,ARKM/USDT:USDT,0.5455,99.0,0.5454,39.0,0.5461,97.0,0.5462,682.0
1753531777171,12:09:37.171,ARKM/USDT:USDT,0.5455,99.0,0.5454,39.0,0.5461,97.0,0.5462,682.0
1753531777281,12:09:37.281,ARKM/USDT:USDT,0.5455,99.0,0.5454,39.0,0.5461,97.0,0.5462,682.0
1753531777482,12:09:37.482,ARKM/USDT:USDT,0.5455,99.0,0.5454,39.0,0.5461,97.0,0.5462,682.0
1753531777598,12:09:37.598,ARKM/USDT:USDT,0.5456,41.0,0.5455,99.0,0.5461,55.0,0.5462,682.0
1753531777612,12:09:37.612,ARKM/USDT:USDT,0.5457,17.0,0.5456,41.0,0.5461,55.0,0.5462,682.0
1753531777755,12:09:37.755,ARKM/USDT:USDT,0.5457,17.0,0.5456,41.0,0.5461,55.0,0.5462,682.0
1753531778077,12:09:38.077,ARKM/USDT:USDT,0.5457,17.0,0.5456,41.0,0.5461,55.0,0.5462,682.0
1753531778195,12:09:38.195,ARKM/USDT:USDT,0.5457,17.0,0.5456,41.0,0.5461,55.0,0.5462,682.0
1753531778282,12:09:38.282,ARKM/USDT:USDT,0.5457,17.0,0.5456,113.0,0.5461,19.0,0.5462,41.0
1753531778326,12:09:38.326,ARKM/USDT:USDT,0.5457,17.0,0.5456,113.0,0.5462,96.0,0.5464,804.0
1753531778438,12:09:38.438,ARKM/USDT:USDT,0.5457,17.0,0.5456,113.0,0.5462,96.0,0.5464,804.0
1753531778548,12:09:38.548,ARKM/USDT:USDT,0.5457,17.0,0.5456,113.0,0.5462,96.0,0.5464,804.0
1753531778629,12:09:38.629,ARKM/USDT:USDT,0.5457,58.0,0.5456,113.0,0.5462,96.0,0.5464,804.0
1753531778890,12:09:38.890,ARKM/USDT:USDT,0.5457,58.0,0.5456,113.0,0.5462,96.0,0.5463,363.0
1753531778909,12:09:38.909,ARKM/USDT:USDT,0.5457,58.0,0.5456,154.0,0.5462,96.0,0.5463,363.0
1753531779032,12:09:39.032,ARKM/USDT:USDT,0.5457,58.0,0.5456,154.0,0.5462,96.0,0.5463,363.0
1753531779135,12:09:39.135,ARKM/USDT:USDT,0.5457,58.0,0.5456,154.0,0.5462,96.0,0.5463,363.0
1753531779395,12:09:39.395,ARKM/USDT:USDT,0.5457,58.0,0.5456,154.0,0.5462,55.0,0.5463,363.0
1753531779463,12:09:39.463,ARKM/USDT:USDT,0.5458,52.0,0.5457,120.0,0.5463,418.0,0.5464,804.0
1753531779584,12:09:39.584,ARKM/USDT:USDT,0.5459,17.0,0.5458,52.0,0.5463,418.0,0.5464,804.0
1753531779636,12:09:39.636,ARKM/USDT:USDT,0.5459,17.0,0.5458,52.0,0.5463,418.0,0.5464,804.0
1753531779932,12:09:39.932,ARKM/USDT:USDT,0.5459,17.0,0.5458,52.0,0.5463,418.0,0.5464,804.0
1753531780023,12:09:40.023,ARKM/USDT:USDT,0.5459,17.0,0.5458,52.0,0.5463,418.0,0.5464,804.0
1753531780132,12:09:40.132,ARKM/USDT:USDT,0.5459,17.0,0.5458,52.0,0.5463,418.0,0.5464,840.0
1753531780523,12:09:40.523,ARKM/USDT:USDT,0.5459,17.0,0.5458,52.0,0.5463,418.0,0.5464,840.0
1753531780892,12:09:40.892,ARKM/USDT:USDT,0.5459,17.0,0.5458,52.0,0.5463,418.0,0.5464,840.0
1753531781291,12:09:41.291,ARKM/USDT:USDT,0.5459,17.0,0.5458,52.0,0.5463,418.0,0.5464,840.0
1753531781461,12:09:41.461,ARKM/USDT:USDT,0.5459,17.0,0.5458,52.0,0.5463,418.0,0.5464,840.0
1753531781547,12:09:41.547,ARKM/USDT:USDT,0.5459,17.0,0.5458,52.0,0.5463,418.0,0.5464,840.0
1753531781696,12:09:41.696,ARKM/USDT:USDT,0.5459,58.0,0.5458,88.0,0.5463,399.0,0.5464,804.0
1753531781729,12:09:41.729,ARKM/USDT:USDT,0.5459,58.0,0.5458,88.0,0.5463,399.0,0.5464,804.0
1753531781862,12:09:41.862,ARKM/USDT:USDT,0.5459,58.0,0.5458,88.0,0.5463,363.0,0.5465,42.0
1753531782004,12:09:42.004,ARKM/USDT:USDT,0.5459,58.0,0.5458,88.0,0.5463,363.0,0.5465,42.0
1753531782176,12:09:42.176,ARKM/USDT:USDT,0.546,41.0,0.5459,58.0,0.5463,363.0,0.5464,36.0
1753531782282,12:09:42.282,ARKM/USDT:USDT,0.546,41.0,0.5459,58.0,0.5463,363.0,0.5464,36.0
1753531782308,12:09:42.308,ARKM/USDT:USDT,0.5461,17.0,0.546,41.0,0.5463,363.0,0.5464,36.0
1753531782714,12:09:42.714,ARKM/USDT:USDT,0.5461,17.0,0.546,41.0,0.5463,363.0,0.5464,36.0
1753531783003,12:09:43.003,ARKM/USDT:USDT,0.5461,17.0,0.546,41.0,0.5463,363.0,0.5464,36.0
1753531783213,12:09:43.213,ARKM/USDT:USDT,0.5461,17.0,0.546,41.0,0.5463,363.0,0.5464,36.0
1753531783345,12:09:43.345,ARKM/USDT:USDT,0.5461,17.0,0.5458,82.0,0.5463,363.0,0.5464,72.0
1753531783499,12:09:43.499,ARKM/USDT:USDT,0.5459,9.0,0.5458,41.0,0.5463,382.0,0.5464,72.0
1753531783599,12:09:43.599,ARKM/USDT:USDT,0.5459,17.0,0.5457,41.0,0.5463,382.0,0.5464,72.0
1753531783606,12:09:43.606,ARKM/USDT:USDT,0.5458,17.0,0.5457,41.0,0.5463,382.0,0.5464,72.0
1753531783722,12:09:43.722,ARKM/USDT:USDT,0.5458,17.0,0.5457,41.0,0.5463,382.0,0.5464,72.0
1753531783954,12:09:43.954,ARKM/USDT:USDT,0.5458,17.0,0.5457,41.0,0.5463,382.0,0.5464,72.0
1753531784004,12:09:44.004,ARKM/USDT:USDT,0.5458,17.0,0.5457,41.0,0.5463,382.0,0.5464,72.0
1753531784462,12:09:44.462,ARKM/USDT:USDT,0.5458,17.0,0.5457,41.0,0.5463,382.0,0.5464,72.0
1753531784827,12:09:44.827,ARKM/USDT:USDT,0.5458,17.0,0.5457,41.0,0.5463,382.0,0.5464,72.0
1753531786198,12:09:46.198,ARKM/USDT:USDT,0.5458,28.0,0.5457,41.0,0.5463,382.0,0.5464,36.0
1753531786204,12:09:46.204,ARKM/USDT:USDT,0.5458,28.0,0.5457,82.0,0.5463,382.0,0.5464,36.0
1753531786352,12:09:46.352,ARKM/USDT:USDT,0.5458,69.0,0.5457,82.0,0.5463,382.0,0.5464,36.0
1753531786447,12:09:46.447,ARKM/USDT:USDT,0.5458,69.0,0.5457,82.0,0.5463,382.0,0.5464,36.0
1753531786563,12:09:46.563,ARKM/USDT:USDT,0.5459,41.0,0.5458,69.0,0.5463,382.0,0.5464,36.0
1753531786694,12:09:46.694,ARKM/USDT:USDT,0.546,17.0,0.5459,41.0,0.5463,363.0,0.5464,72.0
1753531786704,12:09:46.704,ARKM/USDT:USDT,0.546,17.0,0.5459,41.0,0.5463,363.0,0.5464,72.0
1753531786862,12:09:46.862,ARKM/USDT:USDT,0.546,17.0,0.5459,41.0,0.5463,363.0,0.5464,72.0
1753531787022,12:09:47.022,ARKM/USDT:USDT,0.546,17.0,0.5459,41.0,0.5463,363.0,0.5464,72.0
1753531788086,12:09:48.086,ARKM/USDT:USDT,0.546,17.0,0.5459,77.0,0.5463,363.0,0.5464,36.0
1753531788102,12:09:48.102,ARKM/USDT:USDT,0.546,17.0,0.5459,77.0,0.5463,363.0,0.5464,36.0
1753531788499,12:09:48.499,ARKM/USDT:USDT,0.546,17.0,0.5459,77.0,0.5463,363.0,0.5464,36.0
1753531788601,12:09:48.601,ARKM/USDT:USDT,0.546,17.0,0.5459,77.0,0.5463,363.0,0.5464,36.0
1753531789038,12:09:49.038,ARKM/USDT:USDT,0.546,17.0,0.5459,77.0,0.5463,363.0,0.5464,72.0
1753531791282,12:09:51.282,ARKM/USDT:USDT,0.546,17.0,0.5459,77.0,0.5463,363.0,0.5464,36.0
1753531791463,12:09:51.463,ARKM/USDT:USDT,0.546,17.0,0.5458,41.0,0.5463,363.0,0.5464,114.0
1753531791565,12:09:51.565,ARKM/USDT:USDT,0.5459,17.0,0.5458,41.0,0.5463,363.0,0.5464,114.0
1753531791657,12:09:51.657,ARKM/USDT:USDT,0.5459,17.0,0.5458,41.0,0.5463,363.0,0.5464,114.0
1753531791735,12:09:51.735,ARKM/USDT:USDT,0.5459,17.0,0.5458,41.0,0.5463,363.0,0.5464,114.0
1753531792033,12:09:52.033,ARKM/USDT:USDT,0.5459,17.0,0.5458,41.0,0.5463,363.0,0.5464,114.0
1753531792686,12:09:52.686,ARKM/USDT:USDT,0.5459,17.0,0.5458,41.0,0.5463,363.0,0.5464,114.0
1753531792955,12:09:52.955,ARKM/USDT:USDT,0.5459,17.0,0.5458,41.0,0.5463,363.0,0.5464,114.0
1753531793010,12:09:53.010,ARKM/USDT:USDT,0.5459,17.0,0.5458,41.0,0.5463,363.0,0.5464,114.0
1753531793258,12:09:53.258,ARKM/USDT:USDT,0.5459,17.0,0.5458,41.0,0.5463,363.0,0.5464,114.0
1753531793486,12:09:53.486,ARKM/USDT:USDT,0.5459,40.0,0.5458,41.0,0.5463,363.0,0.5464,114.0
1753531794280,12:09:54.280,ARKM/USDT:USDT,0.5459,28.0,0.5458,41.0,0.5463,363.0,0.5464,114.0
1753531794398,12:09:54.398,ARKM/USDT:USDT,0.5459,28.0,0.5458,41.0,0.5463,363.0,0.5464,114.0
1753531794509,12:09:54.509,ARKM/USDT:USDT,0.5459,40.0,0.5458,41.0,0.5463,363.0,0.5464,114.0
1753531794704,12:09:54.704,ARKM/USDT:USDT,0.5459,40.0,0.5458,41.0,0.5463,363.0,0.5464,114.0
1753531795029,12:09:55.029,ARKM/USDT:USDT,0.5459,40.0,0.5458,41.0,0.5463,363.0,0.5464,114.0
1753531795694,12:09:55.694,ARKM/USDT:USDT,0.5459,40.0,0.5458,41.0,0.5463,2498.0,0.5464,114.0
1753531795783,12:09:55.783,ARKM/USDT:USDT,0.5459,40.0,0.5458,41.0,0.5463,2498.0,0.5464,114.0
1753531795939,12:09:55.939,ARKM/USDT:USDT,0.5459,40.0,0.5458,41.0,0.5463,2498.0,0.5464,78.0
1753531797188,12:09:57.188,ARKM/USDT:USDT,0.5459,40.0,0.5458,41.0,0.5463,2498.0,0.5464,78.0
1753531797202,12:09:57.202,ARKM/USDT:USDT,0.5459,40.0,0.5458,41.0,0.5463,2498.0,0.5464,78.0
1753531798437,12:09:58.437,ARKM/USDT:USDT,0.5459,40.0,0.5458,41.0,0.5463,2498.0,0.5464,78.0
1753531798763,12:09:58.763,ARKM/USDT:USDT,0.5459,82.0,0.5458,41.0,0.5463,2498.0,0.5464,78.0
1753531799582,12:09:59.582,ARKM/USDT:USDT,0.5459,82.0,0.5458,41.0,0.5463,363.0,0.5464,2213.0
1753531799898,12:09:59.898,ARKM/USDT:USDT,0.5459,82.0,0.5458,41.0,0.5463,1027.0,0.5464,2213.0
1753531799900,12:09:59.900,ARKM/USDT:USDT,0.5459,82.0,0.5458,41.0,0.5463,1027.0,0.5464,2213.0
1753531800059,12:10:00.059,ARKM/USDT:USDT,0.5459,82.0,0.5458,41.0,0.5463,363.0,0.5464,2213.0
1753531800264,12:10:00.264,ARKM/USDT:USDT,0.5459,82.0,0.5458,41.0,0.5463,363.0,0.5464,2171.0
1753531802442,12:10:02.442,ARKM/USDT:USDT,0.5459,82.0,0.5458,41.0,0.5463,363.0,0.5464,2171.0
1753531802783,12:10:02.783,ARKM/USDT:USDT,0.5459,82.0,0.5458,41.0,0.5463,363.0,0.5464,2171.0
1753531802987,12:10:02.987,ARKM/USDT:USDT,0.5459,82.0,0.5458,41.0,0.5463,363.0,0.5464,2171.0
1753531803028,12:10:03.028,ARKM/USDT:USDT,0.5459,82.0,0.5458,41.0,0.5463,363.0,0.5464,2171.0
1753531803116,12:10:03.116,ARKM/USDT:USDT,0.5459,82.0,0.5458,41.0,0.5463,363.0,0.5464,2171.0
1753531803313,12:10:03.313,ARKM/USDT:USDT,0.5459,82.0,0.5458,41.0,0.5463,363.0,0.5464,2171.0
1753531803487,12:10:03.487,ARKM/USDT:USDT,0.5459,82.0,0.5458,41.0,0.5463,363.0,0.5464,2171.0
1753531803507,12:10:03.507,ARKM/USDT:USDT,0.5459,82.0,0.5458,41.0,0.5463,363.0,0.5464,2171.0
1753531803668,12:10:03.668,ARKM/USDT:USDT,0.5459,82.0,0.5458,41.0,0.5463,363.0,0.5464,2171.0
1753531804004,12:10:04.004,ARKM/USDT:USDT,0.5459,82.0,0.5458,41.0,0.5463,363.0,0.5464,2171.0
1753531804794,12:10:04.794,ARKM/USDT:USDT,0.5459,82.0,0.5458,41.0,0.5463,363.0,0.5464,2171.0
1753531805054,12:10:05.054,ARKM/USDT:USDT,0.5459,82.0,0.5458,41.0,0.5463,363.0,0.5464,2171.0
1753531805528,12:10:05.528,ARKM/USDT:USDT,0.5459,82.0,0.5458,41.0,0.5463,363.0,0.5464,2171.0
1753531806267,12:10:06.267,ARKM/USDT:USDT,0.5459,82.0,0.5458,41.0,0.5463,363.0,0.5464,2171.0
1753531809623,12:10:09.623,ARKM/USDT:USDT,0.546,42.0,0.5459,82.0,0.5463,363.0,0.5464,677.0
1753531809744,12:10:09.744,ARKM/USDT:USDT,0.5461,17.0,0.546,42.0,0.5463,363.0,0.5464,677.0
1753531809881,12:10:09.881,ARKM/USDT:USDT,0.5461,17.0,0.546,42.0,0.5463,363.0,0.5464,677.0
1753531810291,12:10:10.291,ARKM/USDT:USDT,0.5461,17.0,0.546,42.0,0.5463,363.0,0.5464,677.0
1753531810591,12:10:10.591,ARKM/USDT:USDT,0.5461,29.0,0.546,105.0,0.5463,363.0,0.5465,2135.0
1753531810683,12:10:10.683,ARKM/USDT:USDT,0.5461,12.0,0.546,105.0,0.5463,363.0,0.5465,2135.0
1753531810743,12:10:10.743,ARKM/USDT:USDT,0.5461,68.0,0.546,167.0,0.5463,363.0,0.5465,2135.0
1753531811102,12:10:11.102,ARKM/USDT:USDT,0.5461,68.0,0.546,167.0,0.5463,363.0,0.5465,2135.0
1753531812232,12:10:12.232,ARKM/USDT:USDT,0.5459,2249.0,0.5458,10660.0,0.5463,363.0,0.5465,2135.0
1753531812378,12:10:12.378,ARKM/USDT:USDT,0.546,29.0,0.5459,2249.0,0.5463,363.0,0.5465,2135.0
1753531812697,12:10:12.697,ARKM/USDT:USDT,0.546,71.0,0.5459,2249.0,0.5463,363.0,0.5465,2135.0
1753531812782,12:10:12.782,ARKM/USDT:USDT,0.546,71.0,0.5459,2249.0,0.5463,363.0,0.5464,641.0
1753531813642,12:10:13.642,ARKM/USDT:USDT,0.546,71.0,0.5459,2249.0,0.5463,363.0,0.5465,2135.0
1753531813706,12:10:13.706,ARKM/USDT:USDT,0.546,71.0,0.5459,2249.0,0.5463,363.0,0.5465,2135.0
1753531813816,12:10:13.816,ARKM/USDT:USDT,0.546,71.0,0.5459,2249.0,0.5463,363.0,0.5465,2135.0
1753531813958,12:10:13.958,ARKM/USDT:USDT,0.546,71.0,0.5459,2249.0,0.5463,363.0,0.5465,2135.0
1753531814063,12:10:14.063,ARKM/USDT:USDT,0.546,71.0,0.5459,2249.0,0.5463,363.0,0.5465,641.0
1753531814854,12:10:14.854,ARKM/USDT:USDT,0.546,71.0,0.5459,56.0,0.5463,363.0,0.5465,641.0
1753531814990,12:10:14.990,ARKM/USDT:USDT,0.546,71.0,0.5459,56.0,0.5463,363.0,0.5465,641.0
1753531815007,12:10:15.007,ARKM/USDT:USDT,0.546,71.0,0.5459,56.0,0.5463,363.0,0.5465,641.0
1753531815184,12:10:15.184,ARKM/USDT:USDT,0.546,71.0,0.5459,56.0,0.5463,363.0,0.5465,641.0
1753531815336,12:10:15.336,ARKM/USDT:USDT,0.546,71.0,0.5459,56.0,0.5463,363.0,0.5465,641.0
1753531816242,12:10:16.242,ARKM/USDT:USDT,0.546,29.0,0.5459,56.0,0.5463,363.0,0.5465,641.0
1753531816380,12:10:16.380,ARKM/USDT:USDT,0.546,29.0,0.5459,56.0,0.5463,363.0,0.5465,641.0
1753531816568,12:10:16.568,ARKM/USDT:USDT,0.546,29.0,0.5459,56.0,0.5463,401.0,0.5465,641.0
1753531817023,12:10:17.023,ARKM/USDT:USDT,0.546,17.0,0.5459,56.0,0.5463,363.0,0.5465,641.0
1753531817127,12:10:17.127,ARKM/USDT:USDT,0.546,17.0,0.5459,42.0,0.5463,401.0,0.5465,641.0
1753531818665,12:10:18.665,ARKM/USDT:USDT,0.546,17.0,0.5459,42.0,0.5463,401.0,0.5465,641.0
1753531818971,12:10:18.971,ARKM/USDT:USDT,0.546,17.0,0.5458,10619.0,0.5462,268.0,0.5463,363.0
1753531819022,12:10:19.022,ARKM/USDT:USDT,0.5459,43.0,0.5458,10619.0,0.5462,268.0,0.5463,363.0
1753531819165,12:10:19.165,ARKM/USDT:USDT,0.5459,43.0,0.5458,10619.0,0.5462,268.0,0.5463,363.0
1753531819213,12:10:19.213,ARKM/USDT:USDT,0.5459,43.0,0.5458,10619.0,0.5462,268.0,0.5463,363.0
1753531819584,12:10:19.584,ARKM/USDT:USDT,0.5459,43.0,0.5458,10619.0,0.5463,363.0,0.5465,641.0
1753531819862,12:10:19.862,ARKM/USDT:USDT,0.5459,43.0,0.5458,1457.0,0.5463,363.0,0.5465,641.0
1753531820030,12:10:20.030,ARKM/USDT:USDT,0.5459,43.0,0.5458,1457.0,0.5463,363.0,0.5465,641.0
1753531820768,12:10:20.768,ARKM/USDT:USDT,0.5459,43.0,0.5458,1457.0,0.5463,363.0,0.5465,641.0
1753531821722,12:10:21.722,ARKM/USDT:USDT,0.5459,17.0,0.5458,1457.0,0.5463,401.0,0.5464,41.0
1753531822054,12:10:22.054,ARKM/USDT:USDT,0.5459,43.0,0.5458,1457.0,0.5462,140.0,0.5463,363.0
1753531822894,12:10:22.894,ARKM/USDT:USDT,0.5459,43.0,0.5458,1457.0,0.5462,140.0,0.5463,363.0
1753531822973,12:10:22.973,ARKM/USDT:USDT,0.5459,29.0,0.5458,1457.0,0.5461,280.0,0.5463,363.0
1753531823044,12:10:23.044,ARKM/USDT:USDT,0.5459,12.0,0.5458,1495.0,0.5461,280.0,0.5463,363.0
1753531823260,12:10:23.260,ARKM/USDT:USDT,0.5459,12.0,0.5458,1495.0,0.5461,280.0,0.5463,363.0
1753531823458,12:10:23.458,ARKM/USDT:USDT,0.5459,12.0,0.5458,1495.0,0.5461,280.0,0.5463,363.0
1753531823564,12:10:23.564,ARKM/USDT:USDT,0.5459,12.0,0.5458,41.0,0.5463,401.0,0.5464,41.0
1753531823675,12:10:23.675,ARKM/USDT:USDT,0.546,17.0,0.5459,12.0,0.5463,439.0,0.5464,41.0
1753531824025,12:10:24.025,ARKM/USDT:USDT,0.546,17.0,0.5459,12.0,0.5463,439.0,0.5464,41.0
1753531824493,12:10:24.493,ARKM/USDT:USDT,0.546,17.0,0.5459,12.0,0.5463,439.0,0.5464,41.0
1753531825142,12:10:25.142,ARKM/USDT:USDT,0.546,17.0,0.5458,41.0,0.5463,439.0,0.5464,41.0
1753531825207,12:10:25.207,ARKM/USDT:USDT,0.5459,17.0,0.5458,41.0,0.5463,439.0,0.5464,41.0
1753531825310,12:10:25.310,ARKM/USDT:USDT,0.5459,17.0,0.5458,41.0,0.5463,439.0,0.5464,41.0
1753531825756,12:10:25.756,ARKM/USDT:USDT,0.5459,43.0,0.5458,41.0,0.5463,363.0,0.5466,41.0
1753531825894,12:10:25.894,ARKM/USDT:USDT,0.5459,84.0,0.5458,41.0,0.5463,363.0,0.5466,41.0
1753531826028,12:10:26.028,ARKM/USDT:USDT,0.5459,84.0,0.5458,41.0,0.5463,363.0,0.5466,41.0
1753531826146,12:10:26.146,ARKM/USDT:USDT,0.5459,84.0,0.5458,41.0,0.5463,363.0,0.5466,41.0
1753531826529,12:10:26.529,ARKM/USDT:USDT,0.5459,84.0,0.5458,41.0,0.5463,363.0,0.5466,41.0
1753531826729,12:10:26.729,ARKM/USDT:USDT,0.5459,84.0,0.5458,41.0,0.5463,363.0,0.5466,41.0
1753531828026,12:10:28.026,ARKM/USDT:USDT,0.5459,84.0,0.5458,41.0,0.5463,363.0,0.5466,41.0
1753531833513,12:10:33.513,ARKM/USDT:USDT,0.5459,84.0,0.5458,41.0,0.5463,363.0,0.5466,41.0
1753531833634,12:10:33.634,ARKM/USDT:USDT,0.5459,70.0,0.5458,41.0,0.5463,439.0,0.5466,41.0
1753531834006,12:10:34.006,ARKM/USDT:USDT,0.5459,70.0,0.5458,41.0,0.5463,439.0,0.5466,41.0
1753531835024,12:10:35.024,ARKM/USDT:USDT,0.5459,70.0,0.5458,41.0,0.5463,439.0,0.5466,41.0
1753531835394,12:10:35.394,ARKM/USDT:USDT,0.5459,29.0,0.5458,41.0,0.5463,439.0,0.5466,41.0
1753531837171,12:10:37.171,ARKM/USDT:USDT,0.5459,17.0,0.5457,82.0,0.5463,458.0,0.5466,41.0
1753531837284,12:10:37.284,ARKM/USDT:USDT,0.5458,17.0,0.5457,10660.0,0.5462,797.0,0.5463,2574.0
1753531837330,12:10:37.330,ARKM/USDT:USDT,0.5458,17.0,0.5457,10660.0,0.5462,797.0,0.5463,2574.0
1753531837486,12:10:37.486,ARKM/USDT:USDT,0.5458,17.0,0.5457,10619.0,0.5462,797.0,0.5463,2574.0
1753531838291,12:10:38.291,ARKM/USDT:USDT,0.5458,17.0,0.5457,10578.0,0.5462,797.0,0.5463,2574.0
1753531838394,12:10:38.394,ARKM/USDT:USDT,0.5458,17.0,0.5456,82.0,0.5462,60.0,0.5463,480.0
1753531838428,12:10:38.428,ARKM/USDT:USDT,0.5457,17.0,0.5455,82.0,0.5462,60.0,0.5463,480.0
1753531838549,12:10:38.549,ARKM/USDT:USDT,0.5456,17.0,0.5455,82.0,0.5462,60.0,0.5463,480.0
1753531838620,12:10:38.620,ARKM/USDT:USDT,0.5456,17.0,0.5455,82.0,0.5462,60.0,0.5463,480.0
1753531839133,12:10:39.133,ARKM/USDT:USDT,0.5456,17.0,0.5455,41.0,0.5461,79.0,0.5462,60.0
1753531839245,12:10:39.245,ARKM/USDT:USDT,0.5456,17.0,0.5455,41.0,0.5461,79.0,0.5462,60.0
1753531839312,12:10:39.312,ARKM/USDT:USDT,0.5456,17.0,0.5455,41.0,0.5461,79.0,0.5462,60.0
1753531839440,12:10:39.440,ARKM/USDT:USDT,0.5456,17.0,0.5455,41.0,0.5461,79.0,0.5462,60.0
1753531840368,12:10:40.368,ARKM/USDT:USDT,0.5456,17.0,0.5455,41.0,0.5461,79.0,0.5462,60.0
1753531841466,12:10:41.466,ARKM/USDT:USDT,0.5456,17.0,0.5455,41.0,0.5461,79.0,0.5462,60.0
1753531841679,12:10:41.679,ARKM/USDT:USDT,0.5456,74.0,0.5455,82.0,0.5462,60.0,0.5463,442.0
1753531841700,12:10:41.700,ARKM/USDT:USDT,0.5456,32.0,0.5455,82.0,0.5462,60.0,0.5463,442.0
1753531841885,12:10:41.885,ARKM/USDT:USDT,0.5456,74.0,0.5455,82.0,0.5462,60.0,0.5463,442.0
1753531842044,12:10:42.044,ARKM/USDT:USDT,0.5456,74.0,0.5455,82.0,0.5462,60.0,0.5463,442.0
1753531843022,12:10:43.022,ARKM/USDT:USDT,0.5456,74.0,0.5455,82.0,0.5462,60.0,0.5463,442.0
1753531843132,12:10:43.132,ARKM/USDT:USDT,0.5456,59.0,0.5455,82.0,0.5462,60.0,0.5463,442.0
1753531844105,12:10:44.105,ARKM/USDT:USDT,0.5456,59.0,0.5455,82.0,0.5462,60.0,0.5463,442.0
1753531844490,12:10:44.490,ARKM/USDT:USDT,0.5457,56.0,0.5456,59.0,0.5462,19.0,0.5463,442.0
1753531844544,12:10:44.544,ARKM/USDT:USDT,0.5458,17.0,0.5457,56.0,0.5463,461.0,0.5464,682.0
1753531844686,12:10:44.686,ARKM/USDT:USDT,0.5458,17.0,0.5457,56.0,0.5463,461.0,0.5464,682.0
1753531844998,12:10:44.998,ARKM/USDT:USDT,0.5458,17.0,0.5457,56.0,0.5462,140.0,0.5463,461.0
1753531845065,12:10:45.065,ARKM/USDT:USDT,0.5458,17.0,0.5457,56.0,0.5463,458.0,0.5464,682.0
1753531845234,12:10:45.234,ARKM/USDT:USDT,0.5458,17.0,0.5457,56.0,0.5463,458.0,0.5464,682.0
1753531845398,12:10:45.398,ARKM/USDT:USDT,0.5458,74.0,0.5457,97.0,0.5463,401.0,0.5464,41.0
1753531845462,12:10:45.462,ARKM/USDT:USDT,0.5458,74.0,0.5457,97.0,0.5463,401.0,0.5464,41.0
1753531845504,12:10:45.504,ARKM/USDT:USDT,0.5458,74.0,0.5457,97.0,0.5463,401.0,0.5464,41.0
1753531846181,12:10:46.181,ARKM/USDT:USDT,0.5458,74.0,0.5457,97.0,0.5463,401.0,0.5464,41.0
1753531846202,12:10:46.202,ARKM/USDT:USDT,0.5458,74.0,0.5457,97.0,0.5463,401.0,0.5464,41.0
1753531846982,12:10:46.982,ARKM/USDT:USDT,0.5459,56.0,0.5458,74.0,0.5463,363.0,0.5466,653.0
1753531847099,12:10:47.099,ARKM/USDT:USDT,0.546,17.0,0.5459,56.0,0.5463,363.0,0.5466,42.0
1753531847127,12:10:47.127,ARKM/USDT:USDT,0.546,17.0,0.5459,56.0,0.5463,363.0,0.5466,42.0
1753531848605,12:10:48.605,ARKM/USDT:USDT,0.546,17.0,0.5459,56.0,0.5463,363.0,0.5464,38.0
1753531848752,12:10:48.752,ARKM/USDT:USDT,0.546,17.0,0.5459,56.0,0.5463,363.0,0.5464,38.0
1753531849073,12:10:49.073,ARKM/USDT:USDT,0.546,17.0,0.5459,56.0,0.5463,363.0,0.5464,76.0
1753531849843,12:10:49.843,ARKM/USDT:USDT,0.546,17.0,0.5459,56.0,0.5463,363.0,0.5464,76.0
1753531849973,12:10:49.973,ARKM/USDT:USDT,0.546,17.0,0.5459,56.0,0.5463,363.0,0.5464,76.0
1753531850121,12:10:50.121,ARKM/USDT:USDT,0.546,17.0,0.5459,56.0,0.5463,363.0,0.5464,76.0
1753531851118,12:10:51.118,ARKM/USDT:USDT,0.546,17.0,0.5459,42.0,0.5463,363.0,0.5464,76.0
1753531851587,12:10:51.587,ARKM/USDT:USDT,0.546,17.0,0.5458,42.0,0.5463,363.0,0.5464,76.0
1753531851607,12:10:51.607,ARKM/USDT:USDT,0.5459,17.0,0.5458,42.0,0.5463,363.0,0.5464,76.0
1753531851999,12:10:51.999,ARKM/USDT:USDT,0.5459,17.0,0.5458,42.0,0.5463,363.0,0.5464,76.0
1753531852004,12:10:52.004,ARKM/USDT:USDT,0.5459,17.0,0.5458,42.0,0.5463,363.0,0.5464,76.0
1753531852595,12:10:52.595,ARKM/USDT:USDT,0.5459,17.0,0.5458,42.0,0.5463,363.0,0.5464,76.0
1753531852817,12:10:52.817,ARKM/USDT:USDT,0.5459,17.0,0.5458,42.0,0.5463,363.0,0.5464,76.0
1753531854362,12:10:54.362,ARKM/USDT:USDT,0.5459,17.0,0.5458,42.0,0.5463,363.0,0.5464,76.0
1753531854625,12:10:54.625,ARKM/USDT:USDT,0.5459,17.0,0.5458,42.0,0.5463,363.0,0.5464,76.0
1753531854855,12:10:54.855,ARKM/USDT:USDT,0.5459,17.0,0.5458,42.0,0.5463,363.0,0.5464,76.0
1753531854909,12:10:54.909,ARKM/USDT:USDT,0.5459,17.0,0.5458,42.0,0.5463,363.0,0.5464,76.0
1753531855267,12:10:55.267,ARKM/USDT:USDT,0.5459,17.0,0.5458,42.0,0.5463,363.0,0.5464,76.0
1753531855437,12:10:55.437,ARKM/USDT:USDT,0.5459,17.0,0.5458,42.0,0.5463,363.0,0.5464,76.0
1753531855690,12:10:55.690,ARKM/USDT:USDT,0.5459,31.0,0.5458,42.0,0.5463,363.0,0.5464,76.0
1753531856370,12:10:56.370,ARKM/USDT:USDT,0.5459,46.0,0.5458,42.0,0.5463,363.0,0.5464,38.0
1753531856523,12:10:56.523,ARKM/USDT:USDT,0.5459,88.0,0.5458,42.0,0.5463,363.0,0.5464,38.0
1753531857086,12:10:57.086,ARKM/USDT:USDT,0.546,42.0,0.5459,88.0,0.5463,363.0,0.5466,641.0
1753531857177,12:10:57.177,ARKM/USDT:USDT,0.5461,31.0,0.546,104.0,0.5463,363.0,0.5466,641.0
1753531857270,12:10:57.270,ARKM/USDT:USDT,0.5461,14.0,0.546,104.0,0.5463,363.0,0.5466,641.0
1753531857315,12:10:57.315,ARKM/USDT:USDT,0.5461,14.0,0.546,104.0,0.5463,363.0,0.5466,641.0
1753531858099,12:10:58.099,ARKM/USDT:USDT,0.5461,14.0,0.546,104.0,0.5463,363.0,0.5466,641.0
1753531858135,12:10:58.135,ARKM/USDT:USDT,0.5461,14.0,0.546,104.0,0.5463,363.0,0.5466,641.0
1753531858644,12:10:58.644,ARKM/USDT:USDT,0.5461,14.0,0.546,104.0,0.5463,363.0,0.5466,641.0
1753531859191,12:10:59.191,ARKM/USDT:USDT,0.5461,14.0,0.546,104.0,0.5463,363.0,0.5466,641.0
1753531860008,12:11:00.008,ARKM/USDT:USDT,0.5461,14.0,0.546,104.0,0.5463,363.0,0.5466,641.0
1753531860600,12:11:00.600,ARKM/USDT:USDT,0.5459,57.0,0.5458,83.0,0.5463,363.0,0.5464,76.0
1753531860606,12:11:00.606,ARKM/USDT:USDT,0.546,17.0,0.5459,57.0,0.5463,363.0,0.5464,76.0
1753531860752,12:11:00.752,ARKM/USDT:USDT,0.546,17.0,0.5459,57.0,0.5463,363.0,0.5464,76.0
1753531860866,12:11:00.866,ARKM/USDT:USDT,0.546,30.0,0.5459,57.0,0.5463,363.0,0.5464,76.0
1753531860963,12:11:00.963,ARKM/USDT:USDT,0.546,30.0,0.5459,57.0,0.5463,363.0,0.5464,76.0
1753531861177,12:11:01.177,ARKM/USDT:USDT,0.546,30.0,0.5459,57.0,0.5463,363.0,0.5464,76.0
1753531861380,12:11:01.380,ARKM/USDT:USDT,0.546,30.0,0.5459,57.0,0.5463,363.0,0.5464,38.0
1753531861496,12:11:01.496,ARKM/USDT:USDT,0.546,30.0,0.5459,57.0,0.5463,363.0,0.5464,38.0
1753531861737,12:11:01.737,ARKM/USDT:USDT,0.546,71.0,0.5459,57.0,0.5463,363.0,0.5466,641.0
1753531861996,12:11:01.996,ARKM/USDT:USDT,0.546,71.0,0.5459,57.0,0.5463,363.0,0.5466,641.0
1753531862062,12:11:02.062,ARKM/USDT:USDT,0.546,71.0,0.5459,57.0,0.5463,363.0,0.5466,641.0
1753531862206,12:11:02.206,ARKM/USDT:USDT,0.546,71.0,0.5459,57.0,0.5463,363.0,0.5466,641.0
1753531863088,12:11:03.088,ARKM/USDT:USDT,0.546,71.0,0.5459,57.0,0.5463,363.0,0.5466,641.0
1753531863454,12:11:03.454,ARKM/USDT:USDT,0.546,71.0,0.5459,57.0,0.5463,363.0,0.5466,641.0
1753531863777,12:11:03.777,ARKM/USDT:USDT,0.546,71.0,0.5459,98.0,0.5466,660.0,0.5467,2135.0
1753531863823,12:11:03.823,ARKM/USDT:USDT,0.546,71.0,0.5459,98.0,0.5466,660.0,0.5467,2135.0
1753531863902,12:11:03.902,ARKM/USDT:USDT,0.546,71.0,0.5459,98.0,0.5466,660.0,0.5467,2135.0
1753531864022,12:11:04.022,ARKM/USDT:USDT,0.546,71.0,0.5459,98.0,0.5466,660.0,0.5467,2135.0
1753531864193,12:11:04.193,ARKM/USDT:USDT,0.546,71.0,0.5459,98.0,0.5466,660.0,0.5467,2135.0
1753531866184,12:11:06.184,ARKM/USDT:USDT,0.546,71.0,0.5459,98.0,0.5466,660.0,0.5467,2135.0
1753531866943,12:11:06.943,ARKM/USDT:USDT,0.546,71.0,0.5459,98.0,0.5466,660.0,0.5467,2135.0
1753531867052,12:11:07.052,ARKM/USDT:USDT,0.5461,41.0,0.546,71.0,0.5466,660.0,0.5467,2135.0
1753531867123,12:11:07.123,ARKM/USDT:USDT,0.5462,17.0,0.5461,41.0,0.5466,736.0,0.5467,2135.0
1753531867231,12:11:07.231,ARKM/USDT:USDT,0.5462,17.0,0.5461,41.0,0.5466,736.0,0.5467,2135.0
1753531867610,12:11:07.610,ARKM/USDT:USDT,0.5462,30.0,0.5461,41.0,0.5466,698.0,0.5467,2135.0
1753531868022,12:11:08.022,ARKM/USDT:USDT,0.5462,30.0,0.5461,41.0,0.5466,698.0,0.5467,2135.0
1753531868383,12:11:08.383,ARKM/USDT:USDT,0.5462,17.0,0.5461,41.0,0.5466,736.0,0.5467,2135.0
1753531868760,12:11:08.760,ARKM/USDT:USDT,0.5462,17.0,0.5461,41.0,0.5466,736.0,0.5467,2135.0
1753531868803,12:11:08.803,ARKM/USDT:USDT,0.5462,30.0,0.5461,41.0,0.5466,698.0,0.5467,2135.0
1753531869568,12:11:09.568,ARKM/USDT:USDT,0.5462,17.0,0.5461,41.0,0.5466,736.0,0.5467,2135.0
1753531869969,12:11:09.969,ARKM/USDT:USDT,0.5462,17.0,0.5461,41.0,0.5466,95.0,0.5468,41.0
1753531870094,12:11:10.094,ARKM/USDT:USDT,0.5462,17.0,0.5461,41.0,0.5466,95.0,0.5468,41.0
1753531870133,12:11:10.133,ARKM/USDT:USDT,0.5462,17.0,0.5461,41.0,0.5466,95.0,0.5468,41.0
1753531870298,12:11:10.298,ARKM/USDT:USDT,0.5462,17.0,0.5461,41.0,0.5466,95.0,0.5468,41.0
1753531871492,12:11:11.492,ARKM/USDT:USDT,0.5462,17.0,0.5461,41.0,0.5466,95.0,0.5468,41.0
1753531871502,12:11:11.502,ARKM/USDT:USDT,0.5462,17.0,0.5461,41.0,0.5466,95.0,0.5468,41.0
1753531871891,12:11:11.891,ARKM/USDT:USDT,0.5462,17.0,0.5461,41.0,0.5466,95.0,0.5468,41.0
1753531871937,12:11:11.937,ARKM/USDT:USDT,0.5462,17.0,0.5461,41.0,0.5466,95.0,0.5468,41.0
1753531872097,12:11:12.097,ARKM/USDT:USDT,0.5462,17.0,0.5461,41.0,0.5466,95.0,0.5468,41.0
1753531872156,12:11:12.156,ARKM/USDT:USDT,0.5462,17.0,0.5461,41.0,0.5466,95.0,0.5468,41.0
1753531872380,12:11:12.380,ARKM/USDT:USDT,0.5462,17.0,0.5461,41.0,0.5466,76.0,0.5468,41.0
1753531872455,12:11:12.455,ARKM/USDT:USDT,0.5462,17.0,0.5461,41.0,0.5466,76.0,0.5468,41.0
1753531872577,12:11:12.577,ARKM/USDT:USDT,0.5462,17.0,0.5461,41.0,0.5466,76.0,0.5468,41.0
1753531872699,12:11:12.699,ARKM/USDT:USDT,0.5462,44.0,0.5461,41.0,0.5466,76.0,0.5468,41.0
1753531872798,12:11:12.798,ARKM/USDT:USDT,0.5462,44.0,0.5461,41.0,0.5466,38.0,0.5468,41.0
1753531872798,12:11:12.798,ARKM/USDT:USDT,0.5462,44.0,0.5461,41.0,0.5466,38.0,0.5468,41.0
1753531873685,12:11:13.685,ARKM/USDT:USDT,0.5462,87.0,0.5461,82.0,0.5468,60.0,0.547,405.0
1753531873785,12:11:13.785,ARKM/USDT:USDT,0.5462,31.0,0.5461,82.0,0.5467,138.0,0.5468,41.0
1753531873883,12:11:13.883,ARKM/USDT:USDT,0.5462,17.0,0.546,82.0,0.5466,62.0,0.5467,119.0
1753531873996,12:11:13.996,ARKM/USDT:USDT,0.5461,17.0,0.546,41.0,0.5466,62.0,0.5467,119.0
1753531874087,12:11:14.087,ARKM/USDT:USDT,0.5461,17.0,0.546,41.0,0.5466,62.0,0.5467,119.0
1753531874162,12:11:14.162,ARKM/USDT:USDT,0.5461,31.0,0.546,82.0,0.5466,62.0,0.5467,119.0
1753531874215,12:11:14.215,ARKM/USDT:USDT,0.5461,31.0,0.546,82.0,0.5466,62.0,0.5467,119.0
1753531874338,12:11:14.338,ARKM/USDT:USDT,0.5461,31.0,0.546,82.0,0.5466,62.0,0.5467,119.0
1753531874492,12:11:14.492,ARKM/USDT:USDT,0.5461,74.0,0.546,82.0,0.5466,62.0,0.5467,119.0
1753531874584,12:11:14.584,ARKM/USDT:USDT,0.5461,74.0,0.546,82.0,0.5466,62.0,0.5467,119.0
1753531874770,12:11:14.770,ARKM/USDT:USDT,0.5461,87.0,0.546,82.0,0.5466,62.0,0.5467,119.0
1753531875177,12:11:15.177,ARKM/USDT:USDT,0.5461,87.0,0.546,82.0,0.5466,62.0,0.5467,119.0
1753531875255,12:11:15.255,ARKM/USDT:USDT,0.5461,87.0,0.546,82.0,0.5466,62.0,0.5467,119.0
1753531875580,12:11:15.580,ARKM/USDT:USDT,0.5461,87.0,0.546,82.0,0.5466,43.0,0.5467,119.0
1753531875636,12:11:15.636,ARKM/USDT:USDT,0.5461,87.0,0.546,82.0,0.5466,43.0,0.5467,119.0
1753531876592,12:11:16.592,ARKM/USDT:USDT,0.5461,44.0,0.546,82.0,0.5466,62.0,0.5467,119.0
1753531876684,12:11:16.684,ARKM/USDT:USDT,0.5461,17.0,0.546,82.0,0.5466,62.0,0.5467,119.0
1753531876794,12:11:16.794,ARKM/USDT:USDT,0.5461,17.0,0.546,41.0,0.5466,62.0,0.5467,119.0
1753531876823,12:11:16.823,ARKM/USDT:USDT,0.5461,17.0,0.546,41.0,0.5466,62.0,0.5467,119.0
1753531877044,12:11:17.044,ARKM/USDT:USDT,0.5461,17.0,0.546,41.0,0.5466,62.0,0.5467,119.0
1753531877111,12:11:17.111,ARKM/USDT:USDT,0.5461,17.0,0.546,41.0,0.5466,62.0,0.5467,119.0
1753531877694,12:11:17.694,ARKM/USDT:USDT,0.5461,17.0,0.546,41.0,0.5466,62.0,0.5467,119.0
1753531878995,12:11:18.995,ARKM/USDT:USDT,0.5461,17.0,0.546,41.0,0.5466,62.0,0.5467,119.0
1753531879056,12:11:19.056,ARKM/USDT:USDT,0.5461,17.0,0.5457,83.0,0.5465,138.0,0.5466,81.0
1753531879196,12:11:19.196,ARKM/USDT:USDT,0.5459,43.0,0.5458,74.0,0.5464,19.0,0.5465,119.0
1753531879273,12:11:19.273,ARKM/USDT:USDT,0.546,17.0,0.5459,56.0,0.5465,95.0,0.5466,81.0
1753531879399,12:11:19.399,ARKM/USDT:USDT,0.546,17.0,0.5459,56.0,0.5465,95.0,0.5466,81.0
1753531879401,12:11:19.401,ARKM/USDT:USDT,0.546,17.0,0.5459,56.0,0.5465,95.0,0.5466,81.0
1753531879628,12:11:19.628,ARKM/USDT:USDT,0.546,17.0,0.5459,56.0,0.5465,95.0,0.5466,81.0
1753531881003,12:11:21.003,ARKM/USDT:USDT,0.546,17.0,0.5459,56.0,0.5465,95.0,0.5466,81.0
1753531881304,12:11:21.304,ARKM/USDT:USDT,0.546,17.0,0.5459,56.0,0.5465,95.0,0.5466,81.0
1753531882147,12:11:22.147,ARKM/USDT:USDT,0.546,31.0,0.5459,56.0,0.5465,95.0,0.5466,81.0
1753531882797,12:11:22.797,ARKM/USDT:USDT,0.546,31.0,0.5459,97.0,0.5465,95.0,0.5466,81.0
1753531882989,12:11:22.989,ARKM/USDT:USDT,0.546,31.0,0.5459,97.0,0.5465,57.0,0.5466,43.0
1753531883148,12:11:23.148,ARKM/USDT:USDT,0.546,31.0,0.5459,97.0,0.5465,57.0,0.5466,43.0
1753531883563,12:11:23.563,ARKM/USDT:USDT,0.546,31.0,0.5459,97.0,0.5465,95.0,0.5466,43.0
1753531884542,12:11:24.542,ARKM/USDT:USDT,0.546,31.0,0.5459,97.0,0.5465,57.0,0.5466,43.0
1753531884897,12:11:24.897,ARKM/USDT:USDT,0.5441,551.0,0.5439,41.0,0.5453,1019.0,0.5454,832.0
1753531884994,12:11:24.994,ARKM/USDT:USDT,0.5451,96.0,0.545,165.0,0.5452,43.0,0.5453,998.0
1753531885096,12:11:25.096,ARKM/USDT:USDT,0.5451,96.0,0.545,165.0,0.5452,43.0,0.5453,998.0
1753531885196,12:11:25.196,ARKM/USDT:USDT,0.5451,96.0,0.545,165.0,0.5452,43.0,0.5453,998.0
1753531885293,12:11:25.293,ARKM/USDT:USDT,0.5453,96.0,0.5452,121.0,0.5454,832.0,0.5457,41.0
1753531885385,12:11:25.385,ARKM/USDT:USDT,0.5453,96.0,0.5452,261.0,0.5454,832.0,0.5457,41.0
1753531885458,12:11:25.458,ARKM/USDT:USDT,0.5452,96.0,0.5451,330.0,0.5454,832.0,0.5457,41.0
1753531885507,12:11:25.507,ARKM/USDT:USDT,0.5452,96.0,0.5451,330.0,0.5454,832.0,0.5457,41.0
1753531885749,12:11:25.749,ARKM/USDT:USDT,0.5452,96.0,0.5451,330.0,0.5454,832.0,0.5457,41.0
1753531885899,12:11:25.899,ARKM/USDT:USDT,0.5452,96.0,0.5451,330.0,0.5454,832.0,0.5457,41.0
1753531886073,12:11:26.073,ARKM/USDT:USDT,0.5452,96.0,0.5451,330.0,0.5454,832.0,0.5457,41.0
1753531886161,12:11:26.161,ARKM/USDT:USDT,0.5452,96.0,0.5451,330.0,0.5454,832.0,0.5457,41.0
1753531886495,12:11:26.495,ARKM/USDT:USDT,0.5452,8277.0,0.5451,330.0,0.5454,832.0,0.5457,41.0
1753531886506,12:11:26.506,ARKM/USDT:USDT,0.5452,8277.0,0.5451,330.0,0.5454,832.0,0.5457,41.0
1753531886607,12:11:26.607,ARKM/USDT:USDT,0.5452,8277.0,0.5451,330.0,0.5454,832.0,0.5457,41.0
1753531887187,12:11:27.187,ARKM/USDT:USDT,0.5452,8277.0,0.5451,406.0,0.5454,832.0,0.5457,41.0
1753531887393,12:11:27.393,ARKM/USDT:USDT,0.5452,8277.0,0.5451,241.0,0.5454,832.0,0.5457,41.0
1753531887426,12:11:27.426,ARKM/USDT:USDT,0.5452,8277.0,0.5451,241.0,0.5454,832.0,0.5457,41.0
1753531887734,12:11:27.734,ARKM/USDT:USDT,0.5452,8277.0,0.5451,241.0,0.5454,832.0,0.5457,41.0
1753531889559,12:11:29.559,ARKM/USDT:USDT,0.5452,8277.0,0.5451,241.0,0.5454,832.0,0.5457,41.0
1753531889671,12:11:29.671,ARKM/USDT:USDT,0.5452,8277.0,0.5451,241.0,0.5454,832.0,0.5457,41.0
1753531889737,12:11:29.737,ARKM/USDT:USDT,0.5452,8277.0,0.5451,241.0,0.5454,832.0,0.5457,41.0
1753531889900,12:11:29.900,ARKM/USDT:USDT,0.5452,8277.0,0.5451,241.0,0.5454,832.0,0.5457,41.0
1753531889902,12:11:29.902,ARKM/USDT:USDT,0.5452,8277.0,0.5451,241.0,0.5454,832.0,0.5457,41.0
1753531890007,12:11:30.007,ARKM/USDT:USDT,0.5452,8277.0,0.5451,241.0,0.5454,832.0,0.5457,41.0
1753531890456,12:11:30.456,ARKM/USDT:USDT,0.5452,8277.0,0.5451,241.0,0.5454,832.0,0.5457,41.0
1753531890573,12:11:30.573,ARKM/USDT:USDT,0.5452,8277.0,0.5451,241.0,0.5454,832.0,0.5457,41.0
1753531890781,12:11:30.781,ARKM/USDT:USDT,0.5452,8277.0,0.5451,241.0,0.5454,832.0,0.5457,41.0
1753531890806,12:11:30.806,ARKM/USDT:USDT,0.5452,8277.0,0.5451,241.0,0.5454,832.0,0.5457,41.0
1753531890931,12:11:30.931,ARKM/USDT:USDT,0.5452,8277.0,0.5451,241.0,0.5454,832.0,0.5457,41.0
1753531891022,12:11:31.022,ARKM/USDT:USDT,0.5452,8277.0,0.5451,241.0,0.5454,832.0,0.5457,41.0
1753531892141,12:11:32.141,ARKM/USDT:USDT,0.5452,8277.0,0.5451,241.0,0.5454,832.0,0.5457,41.0
1753531892295,12:11:32.295,ARKM/USDT:USDT,0.5452,8277.0,0.5451,241.0,0.5454,832.0,0.5457,41.0
1753531892406,12:11:32.406,ARKM/USDT:USDT,0.5452,8277.0,0.5451,241.0,0.5454,832.0,0.5457,41.0
1753531892588,12:11:32.588,ARKM/USDT:USDT,0.5452,8277.0,0.5451,203.0,0.5454,832.0,0.5457,41.0
1753531892642,12:11:32.642,ARKM/USDT:USDT,0.5452,8277.0,0.5451,165.0,0.5454,832.0,0.5455,76.0
1753531892983,12:11:32.983,ARKM/USDT:USDT,0.5452,8277.0,0.5451,165.0,0.5454,832.0,0.5455,76.0
1753531893194,12:11:33.194,ARKM/USDT:USDT,0.5452,8277.0,0.5451,165.0,0.5454,832.0,0.5455,76.0
1753531893247,12:11:33.247,ARKM/USDT:USDT,0.5452,8277.0,0.5451,165.0,0.5454,832.0,0.5455,76.0
1753531893353,12:11:33.353,ARKM/USDT:USDT,0.5452,8277.0,0.5451,203.0,0.5454,832.0,0.5455,76.0
1753531893636,12:11:33.636,ARKM/USDT:USDT,0.5452,8277.0,0.5451,203.0,0.5454,832.0,0.5455,76.0
1753531893773,12:11:33.773,ARKM/USDT:USDT,0.5452,8277.0,0.5451,203.0,0.5454,832.0,0.5455,76.0
1753531893918,12:11:33.918,ARKM/USDT:USDT,0.5452,8277.0,0.5451,165.0,0.5454,832.0,0.5455,76.0
1753531894094,12:11:34.094,ARKM/USDT:USDT,0.5452,8181.0,0.5451,165.0,0.5454,832.0,0.5455,76.0
1753531894558,12:11:34.558,ARKM/USDT:USDT,0.5452,8181.0,0.5451,165.0,0.5454,832.0,0.5455,76.0
1753531894611,12:11:34.611,ARKM/USDT:USDT,0.5452,8181.0,0.5451,165.0,0.5454,832.0,0.5455,76.0
1753531894772,12:11:34.772,ARKM/USDT:USDT,0.5452,8181.0,0.5451,165.0,0.5454,832.0,0.5455,76.0
1753531895031,12:11:35.031,ARKM/USDT:USDT,0.5452,8181.0,0.5451,165.0,0.5454,870.0,0.5455,38.0
1753531895202,12:11:35.202,ARKM/USDT:USDT,0.5452,8181.0,0.5451,165.0,0.5454,832.0,0.5455,38.0
1753531895574,12:11:35.574,ARKM/USDT:USDT,0.5452,8181.0,0.5451,165.0,0.5454,870.0,0.5455,38.0
1753531895672,12:11:35.672,ARKM/USDT:USDT,0.5452,8181.0,0.5451,165.0,0.5454,870.0,0.5455,38.0
1753531895919,12:11:35.919,ARKM/USDT:USDT,0.5452,8181.0,0.5451,165.0,0.5454,870.0,0.5455,38.0
1753531896091,12:11:36.091,ARKM/USDT:USDT,0.5452,8181.0,0.5451,165.0,0.5454,832.0,0.5455,38.0
1753531896160,12:11:36.160,ARKM/USDT:USDT,0.5452,8181.0,0.5451,165.0,0.5454,832.0,0.5457,41.0
1753531896205,12:11:36.205,ARKM/USDT:USDT,0.5452,8181.0,0.5451,165.0,0.5454,832.0,0.5457,41.0
1753531896383,12:11:36.383,ARKM/USDT:USDT,0.5453,96.0,0.5452,8257.0,0.5454,832.0,0.5457,41.0
1753531896500,12:11:36.500,ARKM/USDT:USDT,0.5453,96.0,0.5452,8257.0,0.5454,832.0,0.5457,41.0
1753531896658,12:11:36.658,ARKM/USDT:USDT,0.5453,96.0,0.5452,8422.0,0.5454,832.0,0.5457,41.0
1753531896739,12:11:36.739,ARKM/USDT:USDT,0.5453,96.0,0.5452,8422.0,0.5454,832.0,0.5457,41.0
1753531896899,12:11:36.899,ARKM/USDT:USDT,0.5453,96.0,0.5452,8422.0,0.5454,832.0,0.5457,41.0
1753531897957,12:11:37.957,ARKM/USDT:USDT,0.5453,96.0,0.5452,8422.0,0.5454,832.0,0.5457,41.0
1753531898082,12:11:38.082,ARKM/USDT:USDT,0.5453,96.0,0.5452,8346.0,0.5454,832.0,0.5455,38.0
1753531898128,12:11:38.128,ARKM/USDT:USDT,0.5453,96.0,0.5452,8346.0,0.5454,832.0,0.5455,38.0
1753531898260,12:11:38.260,ARKM/USDT:USDT,0.5453,96.0,0.5452,8422.0,0.5454,832.0,0.5455,38.0
1753531898483,12:11:38.483,ARKM/USDT:USDT,0.5453,96.0,0.5452,8422.0,0.5454,832.0,0.5455,38.0
1753531898571,12:11:38.571,ARKM/USDT:USDT,0.5453,96.0,0.5452,8346.0,0.5454,832.0,0.5455,38.0
1753531898742,12:11:38.742,ARKM/USDT:USDT,0.5453,96.0,0.5452,8346.0,0.5454,832.0,0.5455,38.0
1753531899162,12:11:39.162,ARKM/USDT:USDT,0.5452,8346.0,0.5451,1140.0,0.5454,832.0,0.5456,2135.0
1753531899222,12:11:39.222,ARKM/USDT:USDT,0.5452,8387.0,0.5451,1140.0,0.5454,832.0,0.5456,2135.0
1753531899345,12:11:39.345,ARKM/USDT:USDT,0.5452,8387.0,0.5451,1140.0,0.5454,832.0,0.5456,2135.0
1753531899434,12:11:39.434,ARKM/USDT:USDT,0.5452,8425.0,0.5451,1140.0,0.5454,832.0,0.5456,2135.0
1753531900100,12:11:40.100,ARKM/USDT:USDT,0.5452,8425.0,0.5451,1140.0,0.5454,832.0,0.5456,2135.0
1753531900109,12:11:40.109,ARKM/USDT:USDT,0.5452,8425.0,0.5451,1140.0,0.5454,832.0,0.5456,2135.0
1753531900591,12:11:40.591,ARKM/USDT:USDT,0.5452,8425.0,0.5451,1140.0,0.5454,832.0,0.5456,2135.0
1753531900693,12:11:40.693,ARKM/USDT:USDT,0.5452,8425.0,0.5451,1140.0,0.5454,832.0,0.5456,2135.0
1753531900967,12:11:40.967,ARKM/USDT:USDT,0.5452,8425.0,0.5451,1140.0,0.5454,832.0,0.5456,2135.0
1753531901389,12:11:41.389,ARKM/USDT:USDT,0.5452,8425.0,0.5451,165.0,0.5454,832.0,0.5456,2135.0
1753531901416,12:11:41.416,ARKM/USDT:USDT,0.5452,8422.0,0.5451,168.0,0.5454,832.0,0.5456,2135.0
1753531901738,12:11:41.738,ARKM/USDT:USDT,0.5452,8422.0,0.5451,168.0,0.5454,832.0,0.5456,2135.0
1753531901844,12:11:41.844,ARKM/USDT:USDT,0.5452,8422.0,0.5451,168.0,0.5454,832.0,0.5456,2135.0
1753531901947,12:11:41.947,ARKM/USDT:USDT,0.5452,8422.0,0.5451,168.0,0.5454,832.0,0.5456,2135.0
1753531902181,12:11:42.181,ARKM/USDT:USDT,0.5452,8422.0,0.5451,168.0,0.5454,832.0,0.5456,2135.0
1753531902258,12:11:42.258,ARKM/USDT:USDT,0.5452,8422.0,0.5451,168.0,0.5454,832.0,0.5456,2135.0
1753531902691,12:11:42.691,ARKM/USDT:USDT,0.5452,8422.0,0.5451,168.0,0.5454,832.0,0.5456,2135.0
1753531904015,12:11:44.015,ARKM/USDT:USDT,0.5452,8422.0,0.5451,168.0,0.5454,832.0,0.5456,2135.0
1753531904572,12:11:44.572,ARKM/USDT:USDT,0.5452,8257.0,0.5451,168.0,0.5454,832.0,0.5456,2135.0
1753531904623,12:11:44.623,ARKM/USDT:USDT,0.5452,8257.0,0.5451,168.0,0.5454,832.0,0.5456,2135.0
1753531905264,12:11:45.264,ARKM/USDT:USDT,0.5452,8257.0,0.5451,168.0,0.5454,832.0,0.5456,2135.0
1753531905304,12:11:45.304,ARKM/USDT:USDT,0.5452,8257.0,0.5451,168.0,0.5454,832.0,0.5456,2135.0
1753531905932,12:11:45.932,ARKM/USDT:USDT,0.5452,8257.0,0.5451,168.0,0.5454,832.0,0.5456,2135.0
1753531906038,12:11:46.038,ARKM/USDT:USDT,0.5452,8257.0,0.5451,168.0,0.5454,832.0,0.5456,2135.0
1753531906297,12:11:46.297,ARKM/USDT:USDT,0.5453,96.0,0.5452,8257.0,0.5457,41.0,0.5458,2135.0
1753531906398,12:11:46.398,ARKM/USDT:USDT,0.5454,96.0,0.5453,96.0,0.5458,2158.0,0.5459,41.0
1753531906448,12:11:46.448,ARKM/USDT:USDT,0.5454,96.0,0.5453,2623.0,0.5458,2158.0,0.5459,41.0
1753531906510,12:11:46.510,ARKM/USDT:USDT,0.5454,96.0,0.5453,2626.0,0.5458,2158.0,0.5459,41.0
1753531906688,12:11:46.688,ARKM/USDT:USDT,0.5454,96.0,0.5453,2626.0,0.5458,2135.0,0.5459,41.0
1753531906718,12:11:46.718,ARKM/USDT:USDT,0.5454,96.0,0.5453,2626.0,0.5458,2135.0,0.5459,41.0
1753531906942,12:11:46.942,ARKM/USDT:USDT,0.5454,96.0,0.5453,2626.0,0.5458,2135.0,0.5459,41.0
1753531907029,12:11:47.029,ARKM/USDT:USDT,0.5454,96.0,0.5453,2626.0,0.5458,2135.0,0.5459,41.0
1753531907129,12:11:47.129,ARKM/USDT:USDT,0.5454,96.0,0.5453,2626.0,0.5458,2135.0,0.5459,41.0
1753531907254,12:11:47.254,ARKM/USDT:USDT,0.5454,96.0,0.5453,2626.0,0.5458,2135.0,0.5459,41.0
1753531907563,12:11:47.563,ARKM/USDT:USDT,0.5454,96.0,0.5453,2626.0,0.5459,2199.0,0.546,580.0
1753531907674,12:11:47.674,ARKM/USDT:USDT,0.5454,96.0,0.5453,2626.0,0.5459,2199.0,0.546,580.0
1753531907876,12:11:47.876,ARKM/USDT:USDT,0.5454,96.0,0.5453,2626.0,0.5459,2199.0,0.546,580.0
1753531907948,12:11:47.948,ARKM/USDT:USDT,0.5454,96.0,0.5453,2626.0,0.5459,2199.0,0.546,580.0
1753531908087,12:11:48.087,ARKM/USDT:USDT,0.5454,96.0,0.5453,2791.0,0.5459,2199.0,0.546,580.0
1753531908137,12:11:48.137,ARKM/USDT:USDT,0.5454,96.0,0.5453,2791.0,0.5459,2199.0,0.546,580.0
1753531908293,12:11:48.293,ARKM/USDT:USDT,0.5454,96.0,0.5453,2626.0,0.5459,2199.0,0.546,580.0
1753531908663,12:11:48.663,ARKM/USDT:USDT,0.5454,96.0,0.5453,2791.0,0.5459,2199.0,0.546,580.0
1753531908768,12:11:48.768,ARKM/USDT:USDT,0.5454,96.0,0.5453,2791.0,0.5459,2199.0,0.546,580.0
1753531908821,12:11:48.821,ARKM/USDT:USDT,0.5454,96.0,0.5453,2791.0,0.5459,2199.0,0.546,580.0
1753531909172,12:11:49.172,ARKM/USDT:USDT,0.5454,96.0,0.5453,2791.0,0.5459,2199.0,0.546,580.0
1753531909378,12:11:49.378,ARKM/USDT:USDT,0.5454,96.0,0.5453,2791.0,0.5459,2199.0,0.546,580.0
1753531910083,12:11:50.083,ARKM/USDT:USDT,0.5455,134.0,0.5454,96.0,0.5458,183.0,0.5459,2173.0
1753531910184,12:11:50.184,ARKM/USDT:USDT,0.5455,134.0,0.5454,96.0,0.5458,183.0,0.5459,2173.0
1753531910390,12:11:50.390,ARKM/USDT:USDT,0.5455,134.0,0.5454,96.0,0.5458,183.0,0.5459,2173.0
1753531910495,12:11:50.495,ARKM/USDT:USDT,0.5455,134.0,0.5454,96.0,0.5458,183.0,0.5459,2173.0
1753531910863,12:11:50.863,ARKM/USDT:USDT,0.5455,172.0,0.5454,261.0,0.5458,183.0,0.5459,2173.0
1753531910986,12:11:50.986,ARKM/USDT:USDT,0.5456,96.0,0.5455,172.0,0.5459,2173.0,0.546,42.0
1753531911098,12:11:51.098,ARKM/USDT:USDT,0.5457,165.0,0.5456,96.0,0.546,38.0,0.5461,2177.0
1753531911114,12:11:51.114,ARKM/USDT:USDT,0.5457,165.0,0.5456,96.0,0.546,76.0,0.5461,2177.0
1753531911210,12:11:51.210,ARKM/USDT:USDT,0.5457,165.0,0.5456,96.0,0.546,76.0,0.5461,2177.0
1753531912042,12:11:52.042,ARKM/USDT:USDT,0.5457,165.0,0.5456,96.0,0.546,76.0,0.5461,2177.0
1753531912264,12:11:52.264,ARKM/USDT:USDT,0.5457,165.0,0.5456,96.0,0.546,76.0,0.5461,2177.0
1753531912436,12:11:52.436,ARKM/USDT:USDT,0.5456,96.0,0.5455,368.0,0.546,76.0,0.5461,2177.0
1753531912542,12:11:52.542,ARKM/USDT:USDT,0.5456,96.0,0.5455,368.0,0.546,76.0,0.5461,2177.0
1753531912606,12:11:52.606,ARKM/USDT:USDT,0.5456,96.0,0.5455,368.0,0.546,76.0,0.5461,2177.0
1753531912859,12:11:52.859,ARKM/USDT:USDT,0.5456,96.0,0.5455,203.0,0.546,118.0,0.5461,2177.0
1753531913007,12:11:53.007,ARKM/USDT:USDT,0.5456,96.0,0.5455,203.0,0.546,118.0,0.5461,2177.0
1753531913169,12:11:53.169,ARKM/USDT:USDT,0.5456,96.0,0.5455,368.0,0.546,118.0,0.5461,2177.0
1753531913275,12:11:53.275,ARKM/USDT:USDT,0.5456,96.0,0.5455,368.0,0.546,118.0,0.5461,2177.0
1753531913658,12:11:53.658,ARKM/USDT:USDT,0.5456,96.0,0.5455,368.0,0.546,118.0,0.5461,2177.0
1753531914206,12:11:54.206,ARKM/USDT:USDT,0.5456,96.0,0.5455,368.0,0.546,118.0,0.5461,2177.0
1753531914480,12:11:54.480,ARKM/USDT:USDT,0.5456,96.0,0.5455,368.0,0.546,118.0,0.5461,2177.0
1753531914534,12:11:54.534,ARKM/USDT:USDT,0.5456,8277.0,0.5455,368.0,0.546,118.0,0.5461,2177.0
1753531914634,12:11:54.634,ARKM/USDT:USDT,0.5456,8277.0,0.5455,368.0,0.546,118.0,0.5461,2177.0
1753531914772,12:11:54.772,ARKM/USDT:USDT,0.5456,8277.0,0.5455,368.0,0.546,118.0,0.5461,2177.0
1753531914901,12:11:54.901,ARKM/USDT:USDT,0.5456,8277.0,0.5455,368.0,0.546,118.0,0.5461,2177.0
1753531915043,12:11:55.043,ARKM/USDT:USDT,0.5456,8277.0,0.5455,368.0,0.546,118.0,0.5461,2177.0
1753531915598,12:11:55.598,ARKM/USDT:USDT,0.5456,8277.0,0.5455,368.0,0.546,118.0,0.5461,2177.0
1753531915631,12:11:55.631,ARKM/USDT:USDT,0.5456,8277.0,0.5455,368.0,0.546,118.0,0.5461,2177.0
1753531915724,12:11:55.724,ARKM/USDT:USDT,0.5456,8277.0,0.5455,368.0,0.546,118.0,0.5461,2177.0
1753531915922,12:11:55.922,ARKM/USDT:USDT,0.5456,8315.0,0.5455,368.0,0.546,80.0,0.5461,2177.0
1753531916299,12:11:56.299,ARKM/USDT:USDT,0.5456,8277.0,0.5455,203.0,0.546,118.0,0.5461,2177.0
1753531916363,12:11:56.363,ARKM/USDT:USDT,0.5456,8181.0,0.5455,38.0,0.546,118.0,0.5461,2177.0
1753531916415,12:11:56.415,ARKM/USDT:USDT,0.5456,8181.0,0.5455,203.0,0.546,118.0,0.5461,2177.0
1753531916572,12:11:56.572,ARKM/USDT:USDT,0.5456,8181.0,0.5455,368.0,0.546,118.0,0.5461,2177.0
1753531916625,12:11:56.625,ARKM/USDT:USDT,0.5456,8181.0,0.5455,368.0,0.546,118.0,0.5461,2177.0
1753531916887,12:11:56.887,ARKM/USDT:USDT,0.5456,8181.0,0.5455,203.0,0.546,118.0,0.5461,2177.0
1753531917030,12:11:57.030,ARKM/USDT:USDT,0.5456,8181.0,0.5455,203.0,0.546,118.0,0.5461,2177.0
1753531917254,12:11:57.254,ARKM/USDT:USDT,0.5456,8181.0,0.5455,368.0,0.546,118.0,0.5461,2177.0
1753531917357,12:11:57.357,ARKM/USDT:USDT,0.5456,8181.0,0.5455,203.0,0.546,118.0,0.5461,2177.0
1753531917503,12:11:57.503,ARKM/USDT:USDT,0.5456,8181.0,0.5455,203.0,0.546,118.0,0.5461,2177.0
1753531918822,12:11:58.822,ARKM/USDT:USDT,0.5456,8181.0,0.5455,368.0,0.546,118.0,0.5461,2177.0
1753531918929,12:11:58.929,ARKM/USDT:USDT,0.5456,8181.0,0.5455,368.0,0.546,118.0,0.5461,2177.0
1753531919362,12:11:59.362,ARKM/USDT:USDT,0.5456,8181.0,0.5455,368.0,0.546,118.0,0.5461,2177.0
1753531920088,12:12:00.088,ARKM/USDT:USDT,0.5458,121.0,0.5457,299.0,0.5462,2238.0,0.5463,1128.0
1753531920186,12:12:00.186,ARKM/USDT:USDT,0.5458,96.0,0.5457,299.0,0.5462,2238.0,0.5463,1128.0
1753531920296,12:12:00.296,ARKM/USDT:USDT,0.5457,299.0,0.5456,8181.0,0.5462,2238.0,0.5463,590.0
