timestamp,time,symbol,bid1_price,bid1_volume,bid2_price,bid2_volume,ask1_price,ask1_volume,ask2_price,ask2_volume
1753531558000,12:05:58.000,AIN/USDT:USDT,0.13622,9.0,0.13621,83.0,0.13634,12.0,0.13636,11.0
1753531558528,12:05:58.528,AIN/USDT:USDT,0.13622,9.0,0.13621,83.0,0.13634,12.0,0.13636,11.0
1753531558757,12:05:58.757,AIN/USDT:USDT,0.13622,9.0,0.13621,83.0,0.13634,12.0,0.13636,11.0
1753531558917,12:05:58.917,AIN/USDT:USDT,0.13622,9.0,0.13621,83.0,0.13634,12.0,0.13636,11.0
1753531560441,12:06:00.441,AIN/USDT:USDT,0.13622,6.0,0.1362,6.0,0.13634,18.0,0.13636,11.0
1753531560508,12:06:00.508,AIN/USDT:USDT,0.1362,9.0,0.13616,83.0,0.13634,18.0,0.13636,11.0
1753531560644,12:06:00.644,AIN/USDT:USDT,0.1362,9.0,0.13616,83.0,0.13634,18.0,0.13636,11.0
1753531560746,12:06:00.746,AIN/USDT:USDT,0.1362,3.0,0.13618,6.0,0.13632,11.0,0.13633,10.0
1753531560846,12:06:00.846,AIN/USDT:USDT,0.13616,9.0,0.13614,6.0,0.13628,20.0,0.13629,10.0
1753531560948,12:06:00.948,AIN/USDT:USDT,0.13612,6.0,0.1361,6.0,0.13622,14.0,0.13623,10.0
1753531561040,12:06:01.040,AIN/USDT:USDT,0.13612,9.0,0.1361,6.0,0.13622,14.0,0.13623,10.0
1753531561104,12:06:01.104,AIN/USDT:USDT,0.13612,9.0,0.1361,6.0,0.13622,14.0,0.13623,10.0
1753531561330,12:06:01.330,AIN/USDT:USDT,0.13612,9.0,0.1361,6.0,0.13622,14.0,0.13623,10.0
1753531561441,12:06:01.441,AIN/USDT:USDT,0.13612,9.0,0.1361,6.0,0.13622,14.0,0.13623,10.0
1753531561643,12:06:01.643,AIN/USDT:USDT,0.13612,9.0,0.1361,14.0,0.13622,3.0,0.13624,7.0
1753531562546,12:06:02.546,AIN/USDT:USDT,0.13608,3.0,0.13606,6.0,0.1362,11.0,0.13621,41.0
1753531562586,12:06:02.586,AIN/USDT:USDT,0.13608,9.0,0.13606,6.0,0.1362,5.0,0.13621,41.0
1753531562680,12:06:02.680,AIN/USDT:USDT,0.13608,9.0,0.13606,6.0,0.1362,5.0,0.13621,41.0
1753531562761,12:06:02.761,AIN/USDT:USDT,0.13608,9.0,0.13606,6.0,0.1362,5.0,0.13621,41.0
1753531563242,12:06:03.242,AIN/USDT:USDT,0.13608,9.0,0.13606,6.0,0.1362,5.0,0.13621,41.0
1753531563346,12:06:03.346,AIN/USDT:USDT,0.13608,9.0,0.13606,6.0,0.1362,5.0,0.13621,5.0
1753531563639,12:06:03.639,AIN/USDT:USDT,0.13608,9.0,0.13606,6.0,0.1362,5.0,0.13621,5.0
1753531563681,12:06:03.681,AIN/USDT:USDT,0.13608,9.0,0.13606,6.0,0.1362,5.0,0.13621,5.0
1753531563941,12:06:03.941,AIN/USDT:USDT,0.13606,9.0,0.13604,6.0,0.1362,11.0,0.13621,41.0
1753531564125,12:06:04.125,AIN/USDT:USDT,0.13606,9.0,0.13604,6.0,0.1362,11.0,0.13621,41.0
1753531564357,12:06:04.357,AIN/USDT:USDT,0.13606,9.0,0.13604,6.0,0.13615,3.0,0.13616,8.0
1753531564547,12:06:04.547,AIN/USDT:USDT,0.13606,9.0,0.13604,6.0,0.13615,3.0,0.13616,8.0
1753531565024,12:06:05.024,AIN/USDT:USDT,0.13606,9.0,0.13604,6.0,0.13615,3.0,0.13616,8.0
1753531565439,12:06:05.439,AIN/USDT:USDT,0.13606,9.0,0.13605,4.0,0.13615,3.0,0.13616,8.0
1753531566225,12:06:06.225,AIN/USDT:USDT,0.13606,9.0,0.13605,4.0,0.13615,3.0,0.13616,8.0
1753531566532,12:06:06.532,AIN/USDT:USDT,0.13606,9.0,0.13605,4.0,0.13615,3.0,0.13616,8.0
1753531566670,12:06:06.670,AIN/USDT:USDT,0.13606,9.0,0.13605,4.0,0.13615,3.0,0.13616,8.0
1753531566826,12:06:06.826,AIN/USDT:USDT,0.13606,9.0,0.13605,4.0,0.13615,3.0,0.13616,8.0
1753531567032,12:06:07.032,AIN/USDT:USDT,0.13606,9.0,0.13605,4.0,0.13615,3.0,0.13616,8.0
1753531567246,12:06:07.246,AIN/USDT:USDT,0.13606,9.0,0.13605,4.0,0.13615,3.0,0.13616,8.0
1753531568710,12:06:08.710,AIN/USDT:USDT,0.13606,9.0,0.13605,4.0,0.13615,3.0,0.13616,8.0
1753531569149,12:06:09.149,AIN/USDT:USDT,0.13606,9.0,0.13605,4.0,0.13615,3.0,0.13616,8.0
1753531569150,12:06:09.150,AIN/USDT:USDT,0.13606,9.0,0.13605,4.0,0.13615,3.0,0.13616,8.0
1753531569640,12:06:09.640,AIN/USDT:USDT,0.13608,3.0,0.13606,9.0,0.13615,3.0,0.13616,8.0
1753531569844,12:06:09.844,AIN/USDT:USDT,0.13608,3.0,0.13606,9.0,0.13615,3.0,0.13616,8.0
1753531570102,12:06:10.102,AIN/USDT:USDT,0.1361,13.0,0.13608,13.0,0.1362,3.0,0.13622,3.0
1753531570175,12:06:10.175,AIN/USDT:USDT,0.1361,13.0,0.13608,13.0,0.1362,7.0,0.13621,5.0
1753531571244,12:06:11.244,AIN/USDT:USDT,0.1361,13.0,0.13608,13.0,0.1362,7.0,0.13621,5.0
1753531571627,12:06:11.627,AIN/USDT:USDT,0.1361,13.0,0.13608,13.0,0.1362,7.0,0.13621,5.0
1753531571795,12:06:11.795,AIN/USDT:USDT,0.1361,13.0,0.13608,13.0,0.1362,7.0,0.13621,5.0
1753531572547,12:06:12.547,AIN/USDT:USDT,0.1361,13.0,0.13608,13.0,0.1362,4.0,0.13621,5.0
1753531573274,12:06:13.274,AIN/USDT:USDT,0.1361,13.0,0.13608,13.0,0.1362,5.0,0.13622,9.0
1753531573354,12:06:13.354,AIN/USDT:USDT,0.1361,7.0,0.13608,13.0,0.1362,5.0,0.13622,9.0
1753531573613,12:06:13.613,AIN/USDT:USDT,0.1361,3.0,0.13608,9.0,0.1362,13.0,0.13622,9.0
1753531573720,12:06:13.720,AIN/USDT:USDT,0.1361,3.0,0.13608,9.0,0.1362,13.0,0.13622,9.0
1753531574134,12:06:14.134,AIN/USDT:USDT,0.1361,3.0,0.13608,9.0,0.1362,13.0,0.13622,9.0
1753531574261,12:06:14.261,AIN/USDT:USDT,0.1361,3.0,0.13608,9.0,0.1362,13.0,0.13622,9.0
1753531575541,12:06:15.541,AIN/USDT:USDT,0.1361,17.0,0.13608,9.0,0.1362,7.0,0.13622,9.0
1753531575639,12:06:15.639,AIN/USDT:USDT,0.13615,3.0,0.1361,17.0,0.1362,7.0,0.13622,9.0
1753531575654,12:06:15.654,AIN/USDT:USDT,0.13615,3.0,0.1361,17.0,0.1362,7.0,0.13622,9.0
1753531575835,12:06:15.835,AIN/USDT:USDT,0.13615,3.0,0.13613,8.0,0.13622,3.0,0.13623,8.0
1753531575858,12:06:15.858,AIN/USDT:USDT,0.13615,3.0,0.13613,8.0,0.13622,3.0,0.13623,8.0
1753531575963,12:06:15.963,AIN/USDT:USDT,0.13615,3.0,0.13613,8.0,0.13622,3.0,0.13623,8.0
1753531576186,12:06:16.186,AIN/USDT:USDT,0.13615,3.0,0.13613,8.0,0.13622,3.0,0.13623,8.0
1753531576430,12:06:16.430,AIN/USDT:USDT,0.13615,3.0,0.13613,8.0,0.13622,3.0,0.13623,8.0
1753531578116,12:06:18.116,AIN/USDT:USDT,0.13615,3.0,0.13613,4.0,0.13622,3.0,0.13623,8.0
1753531578347,12:06:18.347,AIN/USDT:USDT,0.13613,7.0,0.13612,6.0,0.13622,3.0,0.13623,8.0
1753531579036,12:06:19.036,AIN/USDT:USDT,0.13613,7.0,0.13612,6.0,0.13622,3.0,0.13623,8.0
1753531579709,12:06:19.709,AIN/USDT:USDT,0.13613,7.0,0.1361,9.0,0.13622,3.0,0.13623,8.0
1753531579912,12:06:19.912,AIN/USDT:USDT,0.13613,3.0,0.1361,9.0,0.13622,9.0,0.13623,8.0
1753531580255,12:06:20.255,AIN/USDT:USDT,0.13613,3.0,0.1361,9.0,0.13622,9.0,0.13623,8.0
1753531580870,12:06:20.870,AIN/USDT:USDT,0.13613,3.0,0.1361,3.0,0.13622,9.0,0.13623,8.0
1753531581428,12:06:21.428,AIN/USDT:USDT,0.13613,3.0,0.1361,3.0,0.13622,9.0,0.13623,8.0
1753531581639,12:06:21.639,AIN/USDT:USDT,0.13613,3.0,0.1361,3.0,0.13622,9.0,0.13623,8.0
1753531581685,12:06:21.685,AIN/USDT:USDT,0.13613,3.0,0.1361,9.0,0.13622,3.0,0.13623,8.0
1753531581773,12:06:21.773,AIN/USDT:USDT,0.13613,3.0,0.1361,9.0,0.13622,3.0,0.13623,8.0
1753531582122,12:06:22.122,AIN/USDT:USDT,0.13613,3.0,0.1361,9.0,0.13622,9.0,0.13623,8.0
1753531582288,12:06:22.288,AIN/USDT:USDT,0.13613,3.0,0.1361,9.0,0.13622,9.0,0.13623,8.0
1753531582538,12:06:22.538,AIN/USDT:USDT,0.13613,3.0,0.1361,9.0,0.13622,9.0,0.13623,8.0
1753531584639,12:06:24.639,AIN/USDT:USDT,0.13613,3.0,0.1361,9.0,0.13622,9.0,0.13623,8.0
1753531585939,12:06:25.939,AIN/USDT:USDT,0.1361,3.0,0.13608,9.0,0.13622,9.0,0.13623,8.0
1753531586027,12:06:26.027,AIN/USDT:USDT,0.1361,3.0,0.13608,9.0,0.13622,9.0,0.13623,8.0
1753531586356,12:06:26.356,AIN/USDT:USDT,0.1361,3.0,0.13608,9.0,0.13622,9.0,0.13623,8.0
1753531586786,12:06:26.786,AIN/USDT:USDT,0.1361,3.0,0.13608,9.0,0.13622,16.0,0.13623,8.0
1753531587092,12:06:27.092,AIN/USDT:USDT,0.1361,3.0,0.13608,3.0,0.1362,13.0,0.13621,46.0
1753531587434,12:06:27.434,AIN/USDT:USDT,0.1361,3.0,0.13608,3.0,0.1362,13.0,0.13621,36.0
1753531587645,12:06:27.645,AIN/USDT:USDT,0.1361,3.0,0.13608,9.0,0.1362,7.0,0.13622,16.0
1753531587983,12:06:27.983,AIN/USDT:USDT,0.1361,3.0,0.13608,9.0,0.1362,7.0,0.13622,16.0
1753531588111,12:06:28.111,AIN/USDT:USDT,0.1361,3.0,0.13608,9.0,0.1362,13.0,0.13622,16.0
1753531588398,12:06:28.398,AIN/USDT:USDT,0.1361,3.0,0.13608,9.0,0.1362,13.0,0.13622,16.0
1753531588687,12:06:28.687,AIN/USDT:USDT,0.1361,3.0,0.13608,9.0,0.1362,7.0,0.13622,16.0
1753531589759,12:06:29.759,AIN/USDT:USDT,0.1361,9.0,0.13608,9.0,0.1362,7.0,0.13622,16.0
1753531590103,12:06:30.103,AIN/USDT:USDT,0.1361,3.0,0.13608,9.0,0.1362,7.0,0.13622,16.0
1753531590827,12:06:30.827,AIN/USDT:USDT,0.13613,3.0,0.1361,3.0,0.1362,7.0,0.13622,16.0
1753531591224,12:06:31.224,AIN/USDT:USDT,0.13613,3.0,0.1361,3.0,0.1362,7.0,0.13622,16.0
1753531591271,12:06:31.271,AIN/USDT:USDT,0.1361,3.0,0.13608,9.0,0.1362,13.0,0.13622,16.0
1753531592047,12:06:32.047,AIN/USDT:USDT,0.1361,3.0,0.13608,9.0,0.1362,13.0,0.13622,16.0
1753531592273,12:06:32.273,AIN/USDT:USDT,0.1361,7.0,0.13608,9.0,0.1362,13.0,0.13622,16.0
1753531592377,12:06:32.377,AIN/USDT:USDT,0.1361,7.0,0.13608,9.0,0.1362,13.0,0.13622,16.0
1753531594101,12:06:34.101,AIN/USDT:USDT,0.1361,17.0,0.13608,9.0,0.1362,3.0,0.13622,9.0
1753531596249,12:06:36.249,AIN/USDT:USDT,0.13616,9.0,0.13614,17.0,0.13624,3.0,0.13626,3.0
1753531596261,12:06:36.261,AIN/USDT:USDT,0.13616,9.0,0.13614,17.0,0.13624,3.0,0.13626,3.0
1753531596545,12:06:36.545,AIN/USDT:USDT,0.13616,9.0,0.13615,36.0,0.13628,3.0,0.13632,3.0
1753531596761,12:06:36.761,AIN/USDT:USDT,0.13616,9.0,0.13615,36.0,0.13632,9.0,0.13636,6.0
1753531596970,12:06:36.970,AIN/USDT:USDT,0.13616,9.0,0.13615,36.0,0.13632,9.0,0.13636,6.0
1753531597211,12:06:37.211,AIN/USDT:USDT,0.13616,9.0,0.13615,36.0,0.13632,9.0,0.13636,6.0
1753531597430,12:06:37.430,AIN/USDT:USDT,0.13616,9.0,0.13615,36.0,0.13632,9.0,0.13636,6.0
1753531598236,12:06:38.236,AIN/USDT:USDT,0.13617,3.0,0.13614,9.0,0.13628,6.0,0.1363,50.0
1753531598385,12:06:38.385,AIN/USDT:USDT,0.13617,3.0,0.13614,9.0,0.13628,9.0,0.1363,50.0
1753531598713,12:06:38.713,AIN/USDT:USDT,0.13617,3.0,0.13614,9.0,0.13628,9.0,0.1363,50.0
1753531599274,12:06:39.274,AIN/USDT:USDT,0.13614,9.0,0.13612,6.0,0.13628,9.0,0.1363,50.0
1753531599649,12:06:39.649,AIN/USDT:USDT,0.13614,9.0,0.13612,6.0,0.13628,9.0,0.1363,50.0
1753531600021,12:06:40.021,AIN/USDT:USDT,0.13614,9.0,0.13612,6.0,0.13628,9.0,0.1363,50.0
1753531600124,12:06:40.124,AIN/USDT:USDT,0.13614,9.0,0.13612,6.0,0.13628,3.0,0.1363,50.0
1753531600159,12:06:40.159,AIN/USDT:USDT,0.13614,9.0,0.13612,6.0,0.13628,9.0,0.1363,50.0
1753531600805,12:06:40.805,AIN/USDT:USDT,0.13616,9.0,0.13615,44.0,0.13628,3.0,0.1363,9.0
1753531600918,12:06:40.918,AIN/USDT:USDT,0.13616,9.0,0.13615,44.0,0.13628,3.0,0.1363,9.0
1753531601288,12:06:41.288,AIN/USDT:USDT,0.13616,9.0,0.13615,44.0,0.13628,3.0,0.1363,9.0
1753531601936,12:06:41.936,AIN/USDT:USDT,0.13616,3.0,0.13615,44.0,0.13628,9.0,0.1363,9.0
1753531601972,12:06:41.972,AIN/USDT:USDT,0.13616,9.0,0.13615,44.0,0.13628,5.0,0.1363,9.0
1753531602113,12:06:42.113,AIN/USDT:USDT,0.13616,9.0,0.13615,44.0,0.13628,7.0,0.1363,9.0
1753531602204,12:06:42.204,AIN/USDT:USDT,0.13616,9.0,0.13615,44.0,0.13628,7.0,0.1363,9.0
1753531602637,12:06:42.637,AIN/USDT:USDT,0.13616,9.0,0.13615,44.0,0.13628,7.0,0.1363,9.0
1753531603743,12:06:43.743,AIN/USDT:USDT,0.13616,9.0,0.13615,4.0,0.13628,5.0,0.1363,9.0
1753531603944,12:06:43.944,AIN/USDT:USDT,0.13615,4.0,0.13614,9.0,0.13628,13.0,0.1363,9.0
1753531603963,12:06:43.963,AIN/USDT:USDT,0.13615,4.0,0.13614,9.0,0.13628,13.0,0.1363,9.0
1753531604241,12:06:44.241,AIN/USDT:USDT,0.13615,4.0,0.13614,9.0,0.13628,13.0,0.1363,9.0
1753531604321,12:06:44.321,AIN/USDT:USDT,0.13615,4.0,0.13614,9.0,0.13628,13.0,0.1363,9.0
1753531604542,12:06:44.542,AIN/USDT:USDT,0.13615,4.0,0.13614,9.0,0.13628,13.0,0.1363,9.0
1753531605023,12:06:45.023,AIN/USDT:USDT,0.13615,4.0,0.13614,9.0,0.13628,13.0,0.1363,9.0
1753531605140,12:06:45.140,AIN/USDT:USDT,0.13615,4.0,0.13614,9.0,0.13628,13.0,0.1363,9.0
1753531605226,12:06:45.226,AIN/USDT:USDT,0.13615,4.0,0.13614,9.0,0.13628,13.0,0.1363,9.0
1753531605449,12:06:45.449,AIN/USDT:USDT,0.13615,4.0,0.13614,9.0,0.13628,13.0,0.1363,9.0
1753531605639,12:06:45.639,AIN/USDT:USDT,0.13615,4.0,0.13614,9.0,0.13628,13.0,0.1363,9.0
1753531605714,12:06:45.714,AIN/USDT:USDT,0.13616,9.0,0.13615,4.0,0.13628,7.0,0.1363,9.0
1753531606116,12:06:46.116,AIN/USDT:USDT,0.13616,13.0,0.13615,4.0,0.13628,3.0,0.1363,3.0
1753531606241,12:06:46.241,AIN/USDT:USDT,0.13616,13.0,0.13615,4.0,0.13628,9.0,0.1363,9.0
1753531606330,12:06:46.330,AIN/USDT:USDT,0.13616,13.0,0.13615,4.0,0.13628,7.0,0.1363,9.0
1753531606702,12:06:46.702,AIN/USDT:USDT,0.13616,13.0,0.13615,4.0,0.13628,7.0,0.1363,9.0
1753531608641,12:06:48.641,AIN/USDT:USDT,0.13619,4.0,0.13616,13.0,0.13628,7.0,0.1363,9.0
1753531608740,12:06:48.740,AIN/USDT:USDT,0.13619,4.0,0.13616,13.0,0.13628,7.0,0.1363,9.0
1753531608757,12:06:48.757,AIN/USDT:USDT,0.13619,4.0,0.13616,13.0,0.13628,7.0,0.1363,9.0
1753531609023,12:06:49.023,AIN/USDT:USDT,0.13614,3.0,0.13612,6.0,0.13626,9.0,0.13628,13.0
1753531609220,12:06:49.220,AIN/USDT:USDT,0.13614,9.0,0.13612,6.0,0.13626,9.0,0.13628,13.0
1753531609341,12:06:49.341,AIN/USDT:USDT,0.13614,17.0,0.13612,6.0,0.13626,3.0,0.13628,13.0
1753531610032,12:06:50.032,AIN/USDT:USDT,0.13614,17.0,0.13612,6.0,0.13626,3.0,0.13628,13.0
1753531610232,12:06:50.232,AIN/USDT:USDT,0.13616,9.0,0.13614,17.0,0.13628,7.0,0.1363,9.0
1753531610416,12:06:50.416,AIN/USDT:USDT,0.13616,9.0,0.13614,17.0,0.13628,7.0,0.1363,9.0
1753531611109,12:06:51.109,AIN/USDT:USDT,0.13616,3.0,0.13614,13.0,0.13628,13.0,0.1363,9.0
1753531611179,12:06:51.179,AIN/USDT:USDT,0.13616,3.0,0.13614,13.0,0.13628,13.0,0.1363,9.0
1753531611266,12:06:51.266,AIN/USDT:USDT,0.13616,3.0,0.13614,13.0,0.13628,13.0,0.1363,9.0
1753531611440,12:06:51.440,AIN/USDT:USDT,0.13616,13.0,0.13614,13.0,0.13628,3.0,0.1363,9.0
1753531611534,12:06:51.534,AIN/USDT:USDT,0.13616,13.0,0.13614,13.0,0.1363,9.0,0.13632,9.0
1753531611686,12:06:51.686,AIN/USDT:USDT,0.1362,7.0,0.13619,4.0,0.1363,3.0,0.13631,4.0
1753531611784,12:06:51.784,AIN/USDT:USDT,0.1362,7.0,0.13619,4.0,0.1363,3.0,0.13631,4.0
1753531612117,12:06:52.117,AIN/USDT:USDT,0.1362,7.0,0.13619,4.0,0.1363,3.0,0.13631,8.0
1753531612196,12:06:52.196,AIN/USDT:USDT,0.1362,11.0,0.13619,8.0,0.1363,3.0,0.13631,8.0
1753531612550,12:06:52.550,AIN/USDT:USDT,0.1362,11.0,0.13619,8.0,0.1363,3.0,0.13631,8.0
1753531613068,12:06:53.068,AIN/USDT:USDT,0.1362,11.0,0.13619,8.0,0.1363,3.0,0.13631,8.0
1753531613407,12:06:53.407,AIN/USDT:USDT,0.1362,11.0,0.13619,8.0,0.1363,3.0,0.13631,8.0
1753531613562,12:06:53.562,AIN/USDT:USDT,0.1362,11.0,0.13619,8.0,0.1363,9.0,0.13631,8.0
1753531613780,12:06:53.780,AIN/USDT:USDT,0.1362,11.0,0.13619,8.0,0.1363,9.0,0.13631,8.0
1753531614210,12:06:54.210,AIN/USDT:USDT,0.1362,11.0,0.13619,8.0,0.1363,9.0,0.13631,8.0
1753531614748,12:06:54.748,AIN/USDT:USDT,0.13616,3.0,0.13614,3.0,0.13629,7.0,0.1363,9.0
1753531614827,12:06:54.827,AIN/USDT:USDT,0.13616,3.0,0.13614,9.0,0.13628,9.0,0.13629,7.0
1753531614914,12:06:54.914,AIN/USDT:USDT,0.13616,9.0,0.13614,9.0,0.13628,9.0,0.13629,7.0
1753531615001,12:06:55.001,AIN/USDT:USDT,0.13616,9.0,0.13614,9.0,0.13628,3.0,0.1363,9.0
1753531615274,12:06:55.274,AIN/USDT:USDT,0.13616,9.0,0.13614,9.0,0.13628,3.0,0.1363,9.0
1753531615351,12:06:55.351,AIN/USDT:USDT,0.13616,9.0,0.13614,9.0,0.13628,9.0,0.1363,9.0
1753531616116,12:06:56.116,AIN/USDT:USDT,0.13616,3.0,0.13614,9.0,0.13628,9.0,0.1363,9.0
1753531616336,12:06:56.336,AIN/USDT:USDT,0.13616,3.0,0.13614,9.0,0.13628,9.0,0.1363,9.0
1753531616836,12:06:56.836,AIN/USDT:USDT,0.13616,17.0,0.13614,9.0,0.13628,3.0,0.1363,9.0
1753531616905,12:06:56.905,AIN/USDT:USDT,0.13616,17.0,0.13614,9.0,0.1363,3.0,0.13631,4.0
1753531617021,12:06:57.021,AIN/USDT:USDT,0.13616,17.0,0.13614,9.0,0.1363,9.0,0.13631,4.0
1753531617166,12:06:57.166,AIN/USDT:USDT,0.13616,17.0,0.13614,9.0,0.1363,9.0,0.13631,4.0
1753531617312,12:06:57.312,AIN/USDT:USDT,0.13616,7.0,0.13614,9.0,0.1363,9.0,0.13631,4.0
1753531617639,12:06:57.639,AIN/USDT:USDT,0.13616,7.0,0.13614,9.0,0.1363,11.0,0.13631,9.0
1753531617756,12:06:57.756,AIN/USDT:USDT,0.13616,7.0,0.13614,9.0,0.1363,11.0,0.13631,9.0
1753531619489,12:06:59.489,AIN/USDT:USDT,0.13616,7.0,0.13614,9.0,0.1363,11.0,0.13631,9.0
1753531621575,12:07:01.575,AIN/USDT:USDT,0.13614,3.0,0.1361,3.0,0.13622,13.0,0.13623,20.0
1753531621657,12:07:01.657,AIN/USDT:USDT,0.13614,3.0,0.1361,3.0,0.13622,13.0,0.13623,10.0
1753531621824,12:07:01.824,AIN/USDT:USDT,0.13614,3.0,0.1361,3.0,0.13622,13.0,0.13623,10.0
1753531622002,12:07:02.002,AIN/USDT:USDT,0.13614,3.0,0.1361,3.0,0.13622,13.0,0.13623,46.0
1753531622266,12:07:02.266,AIN/USDT:USDT,0.13614,3.0,0.1361,3.0,0.13622,13.0,0.13623,46.0
1753531622697,12:07:02.697,AIN/USDT:USDT,0.1361,3.0,0.13608,92.0,0.13622,13.0,0.13623,46.0
1753531623335,12:07:03.335,AIN/USDT:USDT,0.136,5.0,0.13598,6.0,0.13605,5.0,0.13606,5.0
1753531623422,12:07:03.422,AIN/USDT:USDT,0.136,5.0,0.13598,6.0,0.13605,5.0,0.13606,5.0
1753531623985,12:07:03.985,AIN/USDT:USDT,0.13603,10.0,0.136,5.0,0.13605,5.0,0.13606,5.0
1753531624088,12:07:04.088,AIN/USDT:USDT,0.13603,10.0,0.136,5.0,0.13605,3.0,0.13607,3.0
1753531624435,12:07:04.435,AIN/USDT:USDT,0.13603,10.0,0.136,5.0,0.13605,3.0,0.13607,3.0
1753531624637,12:07:04.637,AIN/USDT:USDT,0.136,5.0,0.13596,10.0,0.13605,3.0,0.13607,3.0
1753531624719,12:07:04.719,AIN/USDT:USDT,0.136,8.0,0.13596,10.0,0.13607,3.0,0.13608,7.0
1753531624889,12:07:04.889,AIN/USDT:USDT,0.136,8.0,0.13596,10.0,0.13608,7.0,0.13609,11.0
1753531625155,12:07:05.155,AIN/USDT:USDT,0.136,8.0,0.13598,10.0,0.13609,17.0,0.1361,8.0
1753531625309,12:07:05.309,AIN/USDT:USDT,0.136,8.0,0.13598,10.0,0.13609,17.0,0.1361,8.0
1753531625705,12:07:05.705,AIN/USDT:USDT,0.136,8.0,0.13598,10.0,0.13609,17.0,0.1361,8.0
1753531626148,12:07:06.148,AIN/USDT:USDT,0.136,5.0,0.1359,129.0,0.13608,6.0,0.13609,17.0
1753531626242,12:07:06.242,AIN/USDT:USDT,0.1359,3.0,0.13588,6.0,0.136,7.0,0.13601,10.0
1753531626304,12:07:06.304,AIN/USDT:USDT,0.13588,9.0,0.13587,1.0,0.136,7.0,0.13601,10.0
1753531626378,12:07:06.378,AIN/USDT:USDT,0.13588,9.0,0.13587,1.0,0.136,7.0,0.13601,10.0
1753531626543,12:07:06.543,AIN/USDT:USDT,0.1359,9.0,0.13588,17.0,0.136,7.0,0.13601,10.0
1753531626647,12:07:06.647,AIN/USDT:USDT,0.1359,9.0,0.13588,17.0,0.136,3.0,0.13603,10.0
1753531626707,12:07:06.707,AIN/USDT:USDT,0.1359,9.0,0.13588,17.0,0.136,3.0,0.13602,6.0
1753531627072,12:07:07.072,AIN/USDT:USDT,0.1359,9.0,0.13588,17.0,0.136,3.0,0.13601,4.0
1753531627238,12:07:07.238,AIN/USDT:USDT,0.1359,9.0,0.13588,17.0,0.136,3.0,0.13601,4.0
1753531627337,12:07:07.337,AIN/USDT:USDT,0.1359,3.0,0.13588,3.0,0.136,9.0,0.13601,40.0
1753531627416,12:07:07.416,AIN/USDT:USDT,0.1359,3.0,0.13588,9.0,0.136,3.0,0.13601,40.0
1753531627542,12:07:07.542,AIN/USDT:USDT,0.1359,3.0,0.13588,9.0,0.136,3.0,0.13601,40.0
1753531627633,12:07:07.633,AIN/USDT:USDT,0.1359,13.0,0.13589,4.0,0.136,3.0,0.13602,6.0
1753531627650,12:07:07.650,AIN/USDT:USDT,0.1359,13.0,0.13589,4.0,0.136,3.0,0.13603,10.0
1753531628232,12:07:08.232,AIN/USDT:USDT,0.1359,13.0,0.13589,4.0,0.136,3.0,0.13602,6.0
1753531628339,12:07:08.339,AIN/USDT:USDT,0.1359,13.0,0.13589,4.0,0.136,3.0,0.13602,6.0
1753531628373,12:07:08.373,AIN/USDT:USDT,0.13592,7.0,0.13591,14.0,0.136,3.0,0.13603,10.0
1753531628498,12:07:08.498,AIN/USDT:USDT,0.13592,13.0,0.13591,14.0,0.136,3.0,0.13603,10.0
1753531628820,12:07:08.820,AIN/USDT:USDT,0.13592,13.0,0.13591,14.0,0.136,3.0,0.13603,10.0
1753531629029,12:07:09.029,AIN/USDT:USDT,0.13592,3.0,0.13591,10.0,0.136,5.0,0.13601,5.0
1753531629083,12:07:09.083,AIN/USDT:USDT,0.13592,3.0,0.1359,3.0,0.136,5.0,0.13601,5.0
1753531629245,12:07:09.245,AIN/USDT:USDT,0.13592,3.0,0.1359,3.0,0.136,5.0,0.13601,5.0
1753531629318,12:07:09.318,AIN/USDT:USDT,0.1359,3.0,0.13588,9.0,0.136,5.0,0.13601,5.0
1753531629428,12:07:09.428,AIN/USDT:USDT,0.1359,3.0,0.13588,9.0,0.136,5.0,0.13601,5.0
1753531629518,12:07:09.518,AIN/USDT:USDT,0.1359,3.0,0.13588,9.0,0.136,5.0,0.13601,5.0
1753531629644,12:07:09.644,AIN/USDT:USDT,0.1359,7.0,0.13589,4.0,0.136,5.0,0.13601,5.0
1753531629710,12:07:09.710,AIN/USDT:USDT,0.1359,13.0,0.13589,4.0,0.136,5.0,0.13601,5.0
1753531629885,12:07:09.885,AIN/USDT:USDT,0.1359,7.0,0.13589,4.0,0.136,5.0,0.13601,5.0
1753531630114,12:07:10.114,AIN/USDT:USDT,0.1359,7.0,0.13589,4.0,0.136,5.0,0.13601,5.0
1753531630376,12:07:10.376,AIN/USDT:USDT,0.1359,7.0,0.13589,4.0,0.136,5.0,0.13601,5.0
1753531630475,12:07:10.475,AIN/USDT:USDT,0.1359,7.0,0.13589,4.0,0.136,5.0,0.13601,5.0
1753531630598,12:07:10.598,AIN/USDT:USDT,0.1359,7.0,0.13589,4.0,0.136,5.0,0.13601,5.0
1753531630770,12:07:10.770,AIN/USDT:USDT,0.1359,7.0,0.13589,4.0,0.136,5.0,0.13601,5.0
1753531630955,12:07:10.955,AIN/USDT:USDT,0.1359,7.0,0.13589,4.0,0.136,5.0,0.13601,5.0
1753531631389,12:07:11.389,AIN/USDT:USDT,0.1359,7.0,0.13589,4.0,0.136,5.0,0.13601,5.0
1753531632106,12:07:12.106,AIN/USDT:USDT,0.1359,13.0,0.13589,8.0,0.136,5.0,0.13601,5.0
1753531632231,12:07:12.231,AIN/USDT:USDT,0.1359,13.0,0.13589,8.0,0.136,5.0,0.13601,5.0
1753531632642,12:07:12.642,AIN/USDT:USDT,0.13594,3.0,0.1359,13.0,0.136,5.0,0.13601,5.0
1753531632728,12:07:12.728,AIN/USDT:USDT,0.13594,3.0,0.1359,13.0,0.136,5.0,0.13601,5.0
1753531632763,12:07:12.763,AIN/USDT:USDT,0.13594,3.0,0.1359,13.0,0.136,5.0,0.13601,5.0
1753531633142,12:07:13.142,AIN/USDT:USDT,0.13594,3.0,0.1359,13.0,0.136,2.0,0.13601,5.0
1753531633308,12:07:13.308,AIN/USDT:USDT,0.13594,3.0,0.13592,6.0,0.136,2.0,0.13601,5.0
1753531633445,12:07:13.445,AIN/USDT:USDT,0.13594,3.0,0.1359,13.0,0.136,2.0,0.13601,5.0
1753531633469,12:07:13.469,AIN/USDT:USDT,0.13594,3.0,0.1359,13.0,0.136,2.0,0.13601,5.0
1753531634228,12:07:14.228,AIN/USDT:USDT,0.13594,3.0,0.1359,13.0,0.136,2.0,0.13601,5.0
1753531634923,12:07:14.923,AIN/USDT:USDT,0.1359,3.0,0.13588,9.0,0.136,5.0,0.13601,5.0
1753531634957,12:07:14.957,AIN/USDT:USDT,0.1359,3.0,0.13588,9.0,0.136,5.0,0.13601,41.0
1753531635110,12:07:15.110,AIN/USDT:USDT,0.1359,3.0,0.13588,9.0,0.136,5.0,0.13601,41.0
1753531635647,12:07:15.647,AIN/USDT:USDT,0.1359,3.0,0.13588,9.0,0.136,5.0,0.13601,5.0
1753531635654,12:07:15.654,AIN/USDT:USDT,0.1359,7.0,0.13588,9.0,0.136,5.0,0.13601,5.0
1753531635962,12:07:15.962,AIN/USDT:USDT,0.1359,7.0,0.13588,9.0,0.136,5.0,0.13601,5.0
1753531636143,12:07:16.143,AIN/USDT:USDT,0.1359,7.0,0.13588,9.0,0.136,5.0,0.13601,5.0
1753531636248,12:07:16.248,AIN/USDT:USDT,0.1359,3.0,0.13588,9.0,0.136,5.0,0.13601,41.0
1753531636324,12:07:16.324,AIN/USDT:USDT,0.1359,3.0,0.13588,3.0,0.136,11.0,0.13601,41.0
1753531636395,12:07:16.395,AIN/USDT:USDT,0.1359,3.0,0.13588,3.0,0.136,11.0,0.13601,41.0
1753531636533,12:07:16.533,AIN/USDT:USDT,0.13592,9.0,0.1359,13.0,0.136,3.0,0.13603,3.0
1753531636613,12:07:16.613,AIN/USDT:USDT,0.13592,9.0,0.1359,13.0,0.136,3.0,0.13603,3.0
1753531636693,12:07:16.693,AIN/USDT:USDT,0.13592,9.0,0.1359,13.0,0.13603,3.0,0.13605,3.0
1753531636815,12:07:16.815,AIN/USDT:USDT,0.13592,9.0,0.1359,13.0,0.13603,3.0,0.13605,3.0
1753531637246,12:07:17.246,AIN/USDT:USDT,0.13592,9.0,0.1359,13.0,0.13603,3.0,0.13605,3.0
1753531637443,12:07:17.443,AIN/USDT:USDT,0.13592,9.0,0.1359,13.0,0.13603,7.0,0.13604,6.0
1753531637812,12:07:17.812,AIN/USDT:USDT,0.13592,9.0,0.1359,9.0,0.13603,7.0,0.13604,6.0
1753531637918,12:07:17.918,AIN/USDT:USDT,0.13592,13.0,0.1359,9.0,0.13603,7.0,0.13605,3.0
1753531638018,12:07:18.018,AIN/USDT:USDT,0.13592,3.0,0.1359,9.0,0.13603,14.0,0.13604,6.0
1753531638261,12:07:18.261,AIN/USDT:USDT,0.13592,9.0,0.1359,9.0,0.13603,14.0,0.13604,6.0
1753531638387,12:07:18.387,AIN/USDT:USDT,0.13592,9.0,0.1359,9.0,0.13603,14.0,0.13604,6.0
1753531638540,12:07:18.540,AIN/USDT:USDT,0.13592,17.0,0.1359,9.0,0.13603,7.0,0.13604,6.0
1753531639028,12:07:19.028,AIN/USDT:USDT,0.13592,17.0,0.1359,9.0,0.13603,7.0,0.13604,6.0
1753531639299,12:07:19.299,AIN/USDT:USDT,0.13592,17.0,0.1359,9.0,0.13603,7.0,0.13604,6.0
1753531639442,12:07:19.442,AIN/USDT:USDT,0.13587,1.0,0.13586,7.0,0.13594,13.0,0.13595,10.0
1753531639532,12:07:19.532,AIN/USDT:USDT,0.13587,1.0,0.13586,13.0,0.13592,3.0,0.13594,14.0
1753531639636,12:07:19.636,AIN/USDT:USDT,0.13589,7.0,0.13588,6.0,0.136,3.0,0.13602,13.0
1753531639724,12:07:19.724,AIN/USDT:USDT,0.13591,3.0,0.1359,6.0,0.136,3.0,0.13602,7.0
1753531639761,12:07:19.761,AIN/USDT:USDT,0.13591,3.0,0.1359,6.0,0.136,3.0,0.13601,4.0
1753531639856,12:07:19.856,AIN/USDT:USDT,0.13591,3.0,0.1359,6.0,0.136,3.0,0.13601,4.0
1753531640011,12:07:20.011,AIN/USDT:USDT,0.13591,7.0,0.1359,10.0,0.136,3.0,0.13601,4.0
1753531640135,12:07:20.135,AIN/USDT:USDT,0.13591,7.0,0.1359,10.0,0.136,3.0,0.13601,4.0
1753531640189,12:07:20.189,AIN/USDT:USDT,0.13591,7.0,0.1359,10.0,0.136,3.0,0.13601,4.0
1753531640294,12:07:20.294,AIN/USDT:USDT,0.13591,7.0,0.1359,10.0,0.136,3.0,0.13601,4.0
1753531640418,12:07:20.418,AIN/USDT:USDT,0.13591,3.0,0.1359,6.0,0.136,3.0,0.13601,8.0
1753531640603,12:07:20.603,AIN/USDT:USDT,0.13591,3.0,0.1359,6.0,0.136,3.0,0.13601,8.0
1753531641101,12:07:21.101,AIN/USDT:USDT,0.13591,3.0,0.13589,7.0,0.136,3.0,0.13601,8.0
1753531641642,12:07:21.642,AIN/USDT:USDT,0.13591,3.0,0.13589,7.0,0.136,3.0,0.13601,8.0
1753531641827,12:07:21.827,AIN/USDT:USDT,0.13591,3.0,0.13589,7.0,0.136,3.0,0.13601,8.0
1753531641872,12:07:21.872,AIN/USDT:USDT,0.13591,3.0,0.13589,3.0,0.136,3.0,0.13601,8.0
1753531641972,12:07:21.972,AIN/USDT:USDT,0.13591,3.0,0.1359,14.0,0.136,3.0,0.13601,8.0
1753531642243,12:07:22.243,AIN/USDT:USDT,0.13591,3.0,0.1359,14.0,0.136,3.0,0.13601,8.0
1753531643062,12:07:23.062,AIN/USDT:USDT,0.13591,3.0,0.1359,14.0,0.136,3.0,0.13601,8.0
1753531643478,12:07:23.478,AIN/USDT:USDT,0.13591,3.0,0.1359,14.0,0.136,3.0,0.13601,8.0
1753531643727,12:07:23.727,AIN/USDT:USDT,0.13591,3.0,0.1359,14.0,0.136,3.0,0.13601,8.0
1753531643929,12:07:23.929,AIN/USDT:USDT,0.13591,3.0,0.1359,14.0,0.136,3.0,0.13601,8.0
1753531644336,12:07:24.336,AIN/USDT:USDT,0.13591,3.0,0.1359,14.0,0.136,3.0,0.13601,8.0
1753531644645,12:07:24.645,AIN/USDT:USDT,0.13594,3.0,0.13591,3.0,0.136,3.0,0.13601,8.0
1753531644749,12:07:24.749,AIN/USDT:USDT,0.13594,3.0,0.13592,6.0,0.136,3.0,0.13601,8.0
1753531644844,12:07:24.844,AIN/USDT:USDT,0.13594,3.0,0.13592,6.0,0.136,3.0,0.13601,8.0
1753531645020,12:07:25.020,AIN/USDT:USDT,0.13594,3.0,0.13592,6.0,0.13601,8.0,0.13603,3.0
1753531645141,12:07:25.141,AIN/USDT:USDT,0.13594,3.0,0.13591,3.0,0.136,3.0,0.13601,8.0
1753531645154,12:07:25.154,AIN/USDT:USDT,0.13594,3.0,0.13591,3.0,0.136,45.0,0.13601,8.0
1753531645281,12:07:25.281,AIN/USDT:USDT,0.13594,3.0,0.13591,3.0,0.136,45.0,0.13601,8.0
1753531645502,12:07:25.502,AIN/USDT:USDT,0.13594,3.0,0.13591,3.0,0.136,9.0,0.13601,8.0
1753531645707,12:07:25.707,AIN/USDT:USDT,0.13594,3.0,0.13591,3.0,0.136,9.0,0.13601,8.0
1753531646119,12:07:26.119,AIN/USDT:USDT,0.13591,3.0,0.13589,3.0,0.136,9.0,0.13601,8.0
1753531646156,12:07:26.156,AIN/USDT:USDT,0.13591,3.0,0.13589,3.0,0.136,9.0,0.13601,8.0
1753531646703,12:07:26.703,AIN/USDT:USDT,0.13591,3.0,0.13589,3.0,0.136,9.0,0.13601,8.0
1753531646847,12:07:26.847,AIN/USDT:USDT,0.13588,6.0,0.13587,4.0,0.136,45.0,0.13601,8.0
1753531646901,12:07:26.901,AIN/USDT:USDT,0.13587,4.0,0.13586,7.0,0.136,45.0,0.13601,8.0
1753531647085,12:07:27.085,AIN/USDT:USDT,0.13587,4.0,0.13586,13.0,0.136,45.0,0.13601,8.0
1753531647225,12:07:27.225,AIN/USDT:USDT,0.13587,4.0,0.13586,13.0,0.136,45.0,0.13601,8.0
1753531647396,12:07:27.396,AIN/USDT:USDT,0.13587,4.0,0.13586,13.0,0.136,45.0,0.13601,8.0
1753531647640,12:07:27.640,AIN/USDT:USDT,0.13587,4.0,0.13586,13.0,0.136,45.0,0.13601,8.0
1753531647689,12:07:27.689,AIN/USDT:USDT,0.13587,4.0,0.13586,7.0,0.136,45.0,0.13601,8.0
1753531647751,12:07:27.751,AIN/USDT:USDT,0.13587,4.0,0.13586,7.0,0.136,45.0,0.13601,8.0
1753531648053,12:07:28.053,AIN/USDT:USDT,0.13587,4.0,0.13586,7.0,0.136,45.0,0.13601,8.0
1753531648221,12:07:28.221,AIN/USDT:USDT,0.13587,4.0,0.13586,7.0,0.136,45.0,0.13601,8.0
1753531649212,12:07:29.212,AIN/USDT:USDT,0.13587,4.0,0.13586,7.0,0.13598,9.0,0.136,45.0
1753531649444,12:07:29.444,AIN/USDT:USDT,0.13587,4.0,0.13586,7.0,0.13598,9.0,0.136,45.0
1753531649628,12:07:29.628,AIN/USDT:USDT,0.13587,4.0,0.13586,7.0,0.13598,9.0,0.136,45.0
1753531650160,12:07:30.160,AIN/USDT:USDT,0.13587,4.0,0.13586,7.0,0.13598,9.0,0.136,45.0
1753531650282,12:07:30.282,AIN/USDT:USDT,0.13587,4.0,0.13586,7.0,0.13598,9.0,0.136,45.0
1753531650371,12:07:30.371,AIN/USDT:USDT,0.13587,4.0,0.13586,7.0,0.13598,9.0,0.136,45.0
1753531650643,12:07:30.643,AIN/USDT:USDT,0.13587,4.0,0.13586,7.0,0.13598,3.0,0.136,45.0
1753531650719,12:07:30.719,AIN/USDT:USDT,0.13587,4.0,0.13586,7.0,0.13598,3.0,0.136,45.0
1753531650844,12:07:30.844,AIN/USDT:USDT,0.13587,4.0,0.13586,7.0,0.13598,9.0,0.136,45.0
1753531651157,12:07:31.157,AIN/USDT:USDT,0.13587,4.0,0.13586,7.0,0.13598,9.0,0.136,45.0
1753531651642,12:07:31.642,AIN/USDT:USDT,0.13587,4.0,0.13586,7.0,0.13598,3.0,0.136,45.0
1753531652006,12:07:32.006,AIN/USDT:USDT,0.13587,4.0,0.13586,7.0,0.13598,3.0,0.136,45.0
1753531652736,12:07:32.736,AIN/USDT:USDT,0.13587,4.0,0.13586,7.0,0.13598,9.0,0.136,45.0
1753531653318,12:07:33.318,AIN/USDT:USDT,0.13587,4.0,0.13586,7.0,0.13598,3.0,0.136,45.0
1753531653641,12:07:33.641,AIN/USDT:USDT,0.13587,8.0,0.13586,13.0,0.13598,3.0,0.136,39.0
1753531653843,12:07:33.843,AIN/USDT:USDT,0.13587,8.0,0.13586,13.0,0.13598,3.0,0.136,39.0
1753531653934,12:07:33.934,AIN/USDT:USDT,0.13587,8.0,0.13586,7.0,0.13598,9.0,0.136,39.0
1753531654032,12:07:34.032,AIN/USDT:USDT,0.13587,8.0,0.13586,7.0,0.13598,9.0,0.136,39.0
1753531654065,12:07:34.065,AIN/USDT:USDT,0.13587,8.0,0.13586,7.0,0.13598,3.0,0.136,39.0
1753531654223,12:07:34.223,AIN/USDT:USDT,0.13587,4.0,0.13586,13.0,0.13598,3.0,0.136,39.0
1753531654429,12:07:34.429,AIN/USDT:USDT,0.13587,4.0,0.13586,13.0,0.13598,3.0,0.136,39.0
1753531655045,12:07:35.045,AIN/USDT:USDT,0.13587,4.0,0.13586,7.0,0.13596,13.0,0.13597,27.0
1753531655113,12:07:35.113,AIN/USDT:USDT,0.13587,1.0,0.13586,7.0,0.13596,7.0,0.13597,27.0
1753531655194,12:07:35.194,AIN/USDT:USDT,0.13587,1.0,0.13586,7.0,0.13596,7.0,0.13597,27.0
1753531655319,12:07:35.319,AIN/USDT:USDT,0.13587,1.0,0.13586,13.0,0.13596,7.0,0.13597,17.0
1753531655371,12:07:35.371,AIN/USDT:USDT,0.13587,1.0,0.13586,13.0,0.13596,7.0,0.13597,17.0
1753531655516,12:07:35.516,AIN/USDT:USDT,0.13587,1.0,0.13586,7.0,0.13596,7.0,0.13597,17.0
1753531655833,12:07:35.833,AIN/USDT:USDT,0.13587,1.0,0.13586,7.0,0.13596,7.0,0.13597,17.0
1753531656248,12:07:36.248,AIN/USDT:USDT,0.1359,6.0,0.13587,8.0,0.13596,5.0,0.13597,5.0
1753531656340,12:07:36.340,AIN/USDT:USDT,0.1359,10.0,0.13589,8.0,0.13596,3.0,0.13598,3.0
1753531656447,12:07:36.447,AIN/USDT:USDT,0.1359,10.0,0.13589,8.0,0.13596,3.0,0.13598,3.0
1753531656639,12:07:36.639,AIN/USDT:USDT,0.1359,10.0,0.13589,8.0,0.13596,3.0,0.13598,3.0
1753531657221,12:07:37.221,AIN/USDT:USDT,0.13591,3.0,0.1359,10.0,0.13603,3.0,0.13605,3.0
1753531657328,12:07:37.328,AIN/USDT:USDT,0.13591,3.0,0.1359,10.0,0.13601,3.0,0.13602,40.0
1753531657415,12:07:37.415,AIN/USDT:USDT,0.13591,3.0,0.1359,10.0,0.13601,3.0,0.13602,40.0
1753531658249,12:07:38.249,AIN/USDT:USDT,0.13591,3.0,0.1359,10.0,0.13601,3.0,0.13602,40.0
1753531659004,12:07:39.004,AIN/USDT:USDT,0.13591,3.0,0.1359,10.0,0.13601,3.0,0.13602,40.0
1753531659229,12:07:39.229,AIN/USDT:USDT,0.13591,3.0,0.1359,10.0,0.13601,3.0,0.13602,40.0
1753531659434,12:07:39.434,AIN/USDT:USDT,0.13591,3.0,0.1359,10.0,0.13601,3.0,0.13602,40.0
1753531659508,12:07:39.508,AIN/USDT:USDT,0.13591,3.0,0.1359,10.0,0.13601,3.0,0.13602,40.0
1753531659640,12:07:39.640,AIN/USDT:USDT,0.13595,3.0,0.13591,3.0,0.13601,3.0,0.13602,40.0
1753531659944,12:07:39.944,AIN/USDT:USDT,0.13601,3.0,0.136,10.0,0.13618,9.0,0.1362,6.0
1753531660041,12:07:40.041,AIN/USDT:USDT,0.13601,86.0,0.13599,8.0,0.13617,36.0,0.13618,9.0
1753531660076,12:07:40.076,AIN/USDT:USDT,0.13601,94.0,0.13599,8.0,0.13614,9.0,0.13615,7.0
1753531660175,12:07:40.175,AIN/USDT:USDT,0.13601,94.0,0.13599,8.0,0.13614,9.0,0.13615,7.0
1753531660317,12:07:40.317,AIN/USDT:USDT,0.13601,94.0,0.13599,3.0,0.13614,11.0,0.13615,7.0
1753531660517,12:07:40.517,AIN/USDT:USDT,0.13601,94.0,0.13599,3.0,0.13614,11.0,0.13615,7.0
1753531660809,12:07:40.809,AIN/USDT:USDT,0.13601,11.0,0.13599,3.0,0.13614,11.0,0.13615,7.0
1753531661378,12:07:41.378,AIN/USDT:USDT,0.13601,7.0,0.13599,3.0,0.13614,11.0,0.13615,7.0
1753531661846,12:07:41.846,AIN/USDT:USDT,0.13601,3.0,0.13599,3.0,0.13613,10.0,0.13614,11.0
1753531661949,12:07:41.949,AIN/USDT:USDT,0.13601,3.0,0.13599,3.0,0.13608,6.0,0.13609,14.0
1753531662003,12:07:42.003,AIN/USDT:USDT,0.13599,3.0,0.13597,3.0,0.13607,3.0,0.13608,6.0
1753531662057,12:07:42.057,AIN/USDT:USDT,0.13599,3.0,0.13597,3.0,0.13607,3.0,0.13608,6.0
1753531662233,12:07:42.233,AIN/USDT:USDT,0.13599,3.0,0.13597,3.0,0.13607,3.0,0.13608,6.0
1753531662319,12:07:42.319,AIN/USDT:USDT,0.13599,3.0,0.13597,3.0,0.13607,3.0,0.13608,6.0
1753531662380,12:07:42.380,AIN/USDT:USDT,0.13599,3.0,0.13597,3.0,0.13607,3.0,0.13608,6.0
1753531662811,12:07:42.811,AIN/USDT:USDT,0.13599,3.0,0.13597,3.0,0.13607,3.0,0.13608,6.0
1753531663099,12:07:43.099,AIN/USDT:USDT,0.13599,3.0,0.13597,3.0,0.13607,3.0,0.13609,14.0
1753531664281,12:07:44.281,AIN/USDT:USDT,0.13599,3.0,0.13597,3.0,0.13607,3.0,0.13609,14.0
1753531664549,12:07:44.549,AIN/USDT:USDT,0.13595,86.0,0.13592,6.0,0.13603,7.0,0.13604,13.0
1753531664621,12:07:44.621,AIN/USDT:USDT,0.13588,6.0,0.13587,4.0,0.136,7.0,0.13601,10.0
1753531664725,12:07:44.725,AIN/USDT:USDT,0.13587,4.0,0.13586,13.0,0.13596,7.0,0.13597,17.0
1753531664787,12:07:44.787,AIN/USDT:USDT,0.13587,4.0,0.13586,13.0,0.13596,7.0,0.13597,17.0
1753531664891,12:07:44.891,AIN/USDT:USDT,0.13587,4.0,0.13586,13.0,0.13596,7.0,0.13597,10.0
1753531664952,12:07:44.952,AIN/USDT:USDT,0.13587,4.0,0.13586,13.0,0.13596,7.0,0.13597,10.0
1753531665245,12:07:45.245,AIN/USDT:USDT,0.13587,4.0,0.13586,13.0,0.13596,7.0,0.13597,10.0
1753531665798,12:07:45.798,AIN/USDT:USDT,0.13587,4.0,0.13586,13.0,0.13596,7.0,0.13597,10.0
1753531666049,12:07:46.049,AIN/USDT:USDT,0.13587,4.0,0.13586,13.0,0.13596,7.0,0.13597,10.0
1753531666118,12:07:46.118,AIN/USDT:USDT,0.13587,4.0,0.13586,13.0,0.13596,7.0,0.13597,10.0
1753531666333,12:07:46.333,AIN/USDT:USDT,0.13587,4.0,0.13586,17.0,0.13596,7.0,0.13597,10.0
1753531666414,12:07:46.414,AIN/USDT:USDT,0.13587,4.0,0.13586,17.0,0.13596,3.0,0.13598,3.0
1753531666620,12:07:46.620,AIN/USDT:USDT,0.13587,4.0,0.13586,17.0,0.13596,3.0,0.13598,7.0
1753531666775,12:07:46.775,AIN/USDT:USDT,0.13587,4.0,0.13586,17.0,0.13596,3.0,0.13598,11.0
1753531667033,12:07:47.033,AIN/USDT:USDT,0.13592,13.0,0.13591,8.0,0.136,3.0,0.13602,3.0
1753531667123,12:07:47.123,AIN/USDT:USDT,0.13592,13.0,0.13591,8.0,0.13602,3.0,0.13604,3.0
1753531667242,12:07:47.242,AIN/USDT:USDT,0.13592,13.0,0.13591,8.0,0.13602,3.0,0.13604,3.0
1753531667408,12:07:47.408,AIN/USDT:USDT,0.13592,13.0,0.13591,8.0,0.13602,3.0,0.13604,3.0
1753531667478,12:07:47.478,AIN/USDT:USDT,0.13592,13.0,0.13591,8.0,0.13602,3.0,0.13604,3.0
1753531667604,12:07:47.604,AIN/USDT:USDT,0.13592,13.0,0.13591,8.0,0.13602,3.0,0.13603,4.0
1753531667830,12:07:47.830,AIN/USDT:USDT,0.13592,13.0,0.13591,8.0,0.13602,3.0,0.13603,4.0
1753531668145,12:07:48.145,AIN/USDT:USDT,0.13592,13.0,0.13591,8.0,0.13602,3.0,0.13603,4.0
1753531668275,12:07:48.275,AIN/USDT:USDT,0.13592,13.0,0.13591,8.0,0.13602,3.0,0.13603,4.0
1753531668937,12:07:48.937,AIN/USDT:USDT,0.13592,13.0,0.13591,8.0,0.13602,3.0,0.13603,4.0
1753531669064,12:07:49.064,AIN/USDT:USDT,0.13592,13.0,0.13591,8.0,0.13602,3.0,0.13603,4.0
1753531669738,12:07:49.738,AIN/USDT:USDT,0.13592,9.0,0.1359,6.0,0.13602,3.0,0.13603,4.0
1753531669772,12:07:49.772,AIN/USDT:USDT,0.13592,3.0,0.1359,6.0,0.13602,3.0,0.13603,4.0
1753531669929,12:07:49.929,AIN/USDT:USDT,0.13592,3.0,0.1359,6.0,0.13602,3.0,0.13603,4.0
1753531670085,12:07:50.085,AIN/USDT:USDT,0.13592,3.0,0.1359,6.0,0.13602,3.0,0.13603,4.0
1753531670322,12:07:50.322,AIN/USDT:USDT,0.13592,9.0,0.1359,6.0,0.13602,3.0,0.13603,4.0
1753531670366,12:07:50.366,AIN/USDT:USDT,0.13592,9.0,0.1359,6.0,0.13602,3.0,0.13603,4.0
1753531670535,12:07:50.535,AIN/USDT:USDT,0.13592,9.0,0.13591,4.0,0.13602,3.0,0.13603,4.0
1753531670575,12:07:50.575,AIN/USDT:USDT,0.13592,9.0,0.13591,4.0,0.13602,3.0,0.13603,4.0
1753531671145,12:07:51.145,AIN/USDT:USDT,0.13592,9.0,0.13591,4.0,0.13602,3.0,0.13603,4.0
1753531671433,12:07:51.433,AIN/USDT:USDT,0.13592,9.0,0.13591,4.0,0.13602,3.0,0.13603,4.0
1753531671649,12:07:51.649,AIN/USDT:USDT,0.13595,3.0,0.13592,9.0,0.13603,4.0,0.13604,7.0
1753531671656,12:07:51.656,AIN/USDT:USDT,0.13595,3.0,0.13592,9.0,0.13603,4.0,0.13604,7.0
1753531671757,12:07:51.757,AIN/USDT:USDT,0.13595,3.0,0.13592,9.0,0.13603,4.0,0.13604,7.0
1753531671961,12:07:51.961,AIN/USDT:USDT,0.13595,3.0,0.13592,9.0,0.13603,4.0,0.13604,7.0
1753531672388,12:07:52.388,AIN/USDT:USDT,0.13595,3.0,0.13592,9.0,0.13603,4.0,0.13604,7.0
1753531672630,12:07:52.630,AIN/USDT:USDT,0.13595,3.0,0.13592,9.0,0.13603,4.0,0.13604,7.0
1753531672926,12:07:52.926,AIN/USDT:USDT,0.13595,3.0,0.13592,3.0,0.13602,3.0,0.13603,4.0
1753531673021,12:07:53.021,AIN/USDT:USDT,0.13595,3.0,0.13592,9.0,0.13602,3.0,0.13603,4.0
1753531673144,12:07:53.144,AIN/USDT:USDT,0.13595,3.0,0.13592,9.0,0.13603,4.0,0.13604,7.0
1753531673219,12:07:53.219,AIN/USDT:USDT,0.13595,3.0,0.13592,9.0,0.13603,4.0,0.13604,7.0
1753531673794,12:07:53.794,AIN/USDT:USDT,0.13595,3.0,0.13594,6.0,0.13603,4.0,0.13604,7.0
1753531674436,12:07:54.436,AIN/USDT:USDT,0.13595,3.0,0.13594,6.0,0.13603,4.0,0.13604,7.0
1753531674642,12:07:54.642,AIN/USDT:USDT,0.13599,3.0,0.13595,3.0,0.13603,4.0,0.13604,7.0
1753531674712,12:07:54.712,AIN/USDT:USDT,0.13599,3.0,0.13595,3.0,0.13603,4.0,0.13604,7.0
1753531674850,12:07:54.850,AIN/USDT:USDT,0.13599,3.0,0.13595,3.0,0.13603,4.0,0.13604,7.0
1753531675139,12:07:55.139,AIN/USDT:USDT,0.13595,3.0,0.13592,9.0,0.13602,3.0,0.13603,4.0
1753531675205,12:07:55.205,AIN/USDT:USDT,0.13595,3.0,0.13592,9.0,0.13602,3.0,0.13603,4.0
1753531675271,12:07:55.271,AIN/USDT:USDT,0.13595,3.0,0.13592,9.0,0.13602,3.0,0.13603,4.0
1753531675564,12:07:55.564,AIN/USDT:USDT,0.13595,3.0,0.13592,9.0,0.13602,3.0,0.13603,4.0
1753531675700,12:07:55.700,AIN/USDT:USDT,0.13595,3.0,0.13592,9.0,0.13603,4.0,0.13604,7.0
1753531675841,12:07:55.841,AIN/USDT:USDT,0.13595,3.0,0.13592,3.0,0.13602,9.0,0.13603,4.0
1753531675858,12:07:55.858,AIN/USDT:USDT,0.13595,3.0,0.13592,3.0,0.13602,9.0,0.13603,4.0
1753531676118,12:07:56.118,AIN/USDT:USDT,0.13595,3.0,0.13592,3.0,0.13602,9.0,0.13603,4.0
1753531676168,12:07:56.168,AIN/USDT:USDT,0.13595,3.0,0.13592,3.0,0.13602,9.0,0.13603,4.0
1753531676346,12:07:56.346,AIN/USDT:USDT,0.13595,3.0,0.13592,3.0,0.13602,9.0,0.13603,4.0
1753531676539,12:07:56.539,AIN/USDT:USDT,0.13592,3.0,0.1359,6.0,0.13602,9.0,0.13603,4.0
1753531677130,12:07:57.130,AIN/USDT:USDT,0.13592,3.0,0.1359,6.0,0.13602,3.0,0.13603,4.0
1753531677430,12:07:57.430,AIN/USDT:USDT,0.13592,9.0,0.1359,6.0,0.13602,3.0,0.13603,4.0
1753531677643,12:07:57.643,AIN/USDT:USDT,0.13595,3.0,0.13593,4.0,0.13602,3.0,0.13603,4.0
1753531677653,12:07:57.653,AIN/USDT:USDT,0.13595,3.0,0.13593,4.0,0.13602,3.0,0.13603,4.0
1753531677848,12:07:57.848,AIN/USDT:USDT,0.13595,3.0,0.13593,4.0,0.13602,3.0,0.13603,4.0
1753531677973,12:07:57.973,AIN/USDT:USDT,0.13595,3.0,0.13592,9.0,0.13602,3.0,0.13603,4.0
1753531678208,12:07:58.208,AIN/USDT:USDT,0.13595,3.0,0.13592,9.0,0.13603,1.0,0.13604,7.0
1753531678631,12:07:58.631,AIN/USDT:USDT,0.13595,3.0,0.13594,6.0,0.13603,1.0,0.13604,7.0
1753531679447,12:07:59.447,AIN/USDT:USDT,0.13595,3.0,0.13594,14.0,0.13604,4.0,0.13607,3.0
1753531679508,12:07:59.508,AIN/USDT:USDT,0.13595,3.0,0.13594,14.0,0.13604,4.0,0.13607,3.0
1753531679638,12:07:59.638,AIN/USDT:USDT,0.13595,3.0,0.13594,14.0,0.13607,3.0,0.13608,6.0
1753531679654,12:07:59.654,AIN/USDT:USDT,0.13595,3.0,0.13594,14.0,0.13607,3.0,0.13608,6.0
1753531679855,12:07:59.855,AIN/USDT:USDT,0.13595,3.0,0.13594,14.0,0.13607,5.0,0.13608,6.0
1753531680285,12:08:00.285,AIN/USDT:USDT,0.13595,3.0,0.13594,14.0,0.13607,5.0,0.13608,6.0
1753531680712,12:08:00.712,AIN/USDT:USDT,0.13595,3.0,0.13594,6.0,0.13607,5.0,0.13608,6.0
1753531680781,12:08:00.781,AIN/USDT:USDT,0.13595,3.0,0.13594,6.0,0.13605,3.0,0.13606,12.0
1753531680894,12:08:00.894,AIN/USDT:USDT,0.13595,3.0,0.13594,6.0,0.13605,3.0,0.13606,2.0
1753531681115,12:08:01.115,AIN/USDT:USDT,0.13595,3.0,0.13594,6.0,0.13605,3.0,0.13606,2.0
1753531681234,12:08:01.234,AIN/USDT:USDT,0.13595,3.0,0.13592,9.0,0.13603,5.0,0.13604,15.0
1753531681549,12:08:01.549,AIN/USDT:USDT,0.13595,3.0,0.13592,9.0,0.13603,5.0,0.13604,5.0
1753531681632,12:08:01.632,AIN/USDT:USDT,0.13595,3.0,0.13592,9.0,0.13603,5.0,0.13604,5.0
1753531682018,12:08:02.018,AIN/USDT:USDT,0.13595,3.0,0.13592,3.0,0.13603,5.0,0.13604,11.0
1753531682230,12:08:02.230,AIN/USDT:USDT,0.13595,3.0,0.13592,3.0,0.13603,5.0,0.13604,11.0
1753531682396,12:08:02.396,AIN/USDT:USDT,0.13595,3.0,0.13592,3.0,0.13603,5.0,0.13604,11.0
1753531682788,12:08:02.788,AIN/USDT:USDT,0.13595,3.0,0.13592,3.0,0.13603,5.0,0.13604,11.0
1753531683223,12:08:03.223,AIN/USDT:USDT,0.13592,3.0,0.1359,6.0,0.13601,13.0,0.13602,12.0
1753531683261,12:08:03.261,AIN/USDT:USDT,0.13592,3.0,0.1359,6.0,0.13601,3.0,0.13602,12.0
1753531683416,12:08:03.416,AIN/USDT:USDT,0.13592,3.0,0.1359,6.0,0.13601,3.0,0.13602,12.0
1753531683541,12:08:03.541,AIN/USDT:USDT,0.13592,3.0,0.1359,6.0,0.13601,13.0,0.13602,12.0
1753531683645,12:08:03.645,AIN/USDT:USDT,0.13592,3.0,0.1359,6.0,0.13601,13.0,0.13602,12.0
1753531684133,12:08:04.133,AIN/USDT:USDT,0.13592,3.0,0.13588,6.0,0.13599,5.0,0.136,15.0
1753531684152,12:08:04.152,AIN/USDT:USDT,0.13592,3.0,0.13588,6.0,0.13599,5.0,0.136,15.0
1753531684468,12:08:04.468,AIN/USDT:USDT,0.13592,3.0,0.13588,6.0,0.13599,5.0,0.136,15.0
1753531685291,12:08:05.291,AIN/USDT:USDT,0.13592,3.0,0.13588,6.0,0.13599,5.0,0.136,15.0
1753531685776,12:08:05.776,AIN/USDT:USDT,0.13592,3.0,0.13588,6.0,0.13599,5.0,0.136,15.0
1753531686049,12:08:06.049,AIN/USDT:USDT,0.13589,3.0,0.13588,6.0,0.13597,3.0,0.13599,7.0
1753531686126,12:08:06.126,AIN/USDT:USDT,0.13589,3.0,0.13588,6.0,0.13597,3.0,0.13599,7.0
1753531686174,12:08:06.174,AIN/USDT:USDT,0.13589,3.0,0.13588,6.0,0.13597,3.0,0.13599,7.0
1753531686544,12:08:06.544,AIN/USDT:USDT,0.13589,3.0,0.13588,6.0,0.13597,3.0,0.13599,7.0
1753531686601,12:08:06.601,AIN/USDT:USDT,0.13589,3.0,0.13587,8.0,0.13597,3.0,0.13599,7.0
1753531686733,12:08:06.733,AIN/USDT:USDT,0.13587,1.0,0.13586,7.0,0.13592,10.0,0.13593,15.0
1753531686771,12:08:06.771,AIN/USDT:USDT,0.13587,1.0,0.13586,7.0,0.13593,15.0,0.13594,5.0
1753531686900,12:08:06.900,AIN/USDT:USDT,0.13587,1.0,0.13586,7.0,0.13593,15.0,0.13594,5.0
1753531687030,12:08:07.030,AIN/USDT:USDT,0.13587,4.0,0.13586,7.0,0.13593,5.0,0.13594,5.0
1753531687247,12:08:07.247,AIN/USDT:USDT,0.13562,36.0,0.13558,7.0,0.13571,63.0,0.13575,36.0
1753531687341,12:08:07.341,AIN/USDT:USDT,0.1358,43.0,0.13579,8.0,0.13604,36.0,0.13615,70.0
1753531687448,12:08:07.448,AIN/USDT:USDT,0.1358,12.0,0.13579,4.0,0.1359,10.0,0.13592,7.0
1753531687537,12:08:07.537,AIN/USDT:USDT,0.1358,16.0,0.13579,8.0,0.13584,10.0,0.13585,10.0
1753531687606,12:08:07.606,AIN/USDT:USDT,0.1358,12.0,0.13579,4.0,0.13583,10.0,0.13592,6.0
1753531687744,12:08:07.744,AIN/USDT:USDT,0.13574,39.0,0.13568,36.0,0.13581,3.0,0.13583,3.0
1753531687849,12:08:07.849,AIN/USDT:USDT,0.13568,3.0,0.13562,36.0,0.13578,16.0,0.13579,13.0
1753531687949,12:08:07.949,AIN/USDT:USDT,0.13556,36.0,0.13554,10.0,0.13569,40.0,0.1357,10.0
1753531688045,12:08:08.045,AIN/USDT:USDT,0.13556,39.0,0.13554,10.0,0.13568,10.0,0.13569,41.0
1753531688136,12:08:08.136,AIN/USDT:USDT,0.13562,39.0,0.13558,7.0,0.13569,39.0,0.13571,3.0
1753531688247,12:08:08.247,AIN/USDT:USDT,0.13562,38.0,0.13558,7.0,0.13569,36.0,0.13571,3.0
1753531688348,12:08:08.348,AIN/USDT:USDT,0.13562,38.0,0.13559,4.0,0.13573,3.0,0.13575,10.0
1753531688449,12:08:08.449,AIN/USDT:USDT,0.13568,42.0,0.13566,8.0,0.13577,3.0,0.13579,3.0
1753531688504,12:08:08.504,AIN/USDT:USDT,0.13568,42.0,0.13566,8.0,0.13577,3.0,0.13579,10.0
1753531688557,12:08:08.557,AIN/USDT:USDT,0.13568,42.0,0.13566,8.0,0.13577,3.0,0.13579,10.0
1753531688821,12:08:08.821,AIN/USDT:USDT,0.13568,42.0,0.13566,8.0,0.13577,3.0,0.13579,10.0
1753531689244,12:08:09.244,AIN/USDT:USDT,0.13568,42.0,0.13566,8.0,0.13577,3.0,0.13579,10.0
1753531689284,12:08:09.284,AIN/USDT:USDT,0.13568,42.0,0.13566,8.0,0.13579,10.0,0.1358,36.0
1753531689645,12:08:09.645,AIN/USDT:USDT,0.13575,94.0,0.13568,42.0,0.13579,10.0,0.1358,36.0
1753531689718,12:08:09.718,AIN/USDT:USDT,0.13575,97.0,0.13568,42.0,0.13579,7.0,0.1358,36.0
1753531689758,12:08:09.758,AIN/USDT:USDT,0.13575,97.0,0.13568,42.0,0.13579,7.0,0.1358,36.0
1753531689897,12:08:09.897,AIN/USDT:USDT,0.13575,97.0,0.13568,42.0,0.13579,7.0,0.1358,36.0
1753531690029,12:08:10.029,AIN/USDT:USDT,0.13575,97.0,0.13568,42.0,0.1358,36.0,0.13583,3.0
1753531690102,12:08:10.102,AIN/USDT:USDT,0.13575,97.0,0.13568,42.0,0.1358,36.0,0.13583,3.0
1753531690207,12:08:10.207,AIN/USDT:USDT,0.13575,97.0,0.13568,42.0,0.1358,36.0,0.13583,3.0
1753531690262,12:08:10.262,AIN/USDT:USDT,0.13575,97.0,0.13568,42.0,0.1358,36.0,0.13583,3.0
1753531690527,12:08:10.527,AIN/USDT:USDT,0.13575,97.0,0.13568,42.0,0.1358,36.0,0.13583,3.0
1753531690644,12:08:10.644,AIN/USDT:USDT,0.13577,3.0,0.13576,36.0,0.13585,7.0,0.1359,6.0
1753531690750,12:08:10.750,AIN/USDT:USDT,0.13577,3.0,0.13576,36.0,0.13588,13.0,0.13589,10.0
1753531690762,12:08:10.762,AIN/USDT:USDT,0.13577,3.0,0.13576,36.0,0.13588,13.0,0.13589,10.0
1753531691012,12:08:11.012,AIN/USDT:USDT,0.13577,3.0,0.13576,36.0,0.13585,7.0,0.13586,3.0
1753531691132,12:08:11.132,AIN/USDT:USDT,0.13577,3.0,0.13576,36.0,0.13584,3.0,0.13585,7.0
1753531691224,12:08:11.224,AIN/USDT:USDT,0.13577,3.0,0.13576,36.0,0.13584,3.0,0.13585,7.0
1753531691339,12:08:11.339,AIN/USDT:USDT,0.13568,3.0,0.13564,4.0,0.13577,10.0,0.13578,6.0
1753531691431,12:08:11.431,AIN/USDT:USDT,0.13562,38.0,0.13558,4.0,0.13573,13.0,0.13574,2.0
1753531691518,12:08:11.518,AIN/USDT:USDT,0.13564,3.0,0.13563,94.0,0.13573,3.0,0.13574,2.0
1753531691581,12:08:11.581,AIN/USDT:USDT,0.13564,3.0,0.13563,94.0,0.13573,3.0,0.13574,2.0
1753531691709,12:08:11.709,AIN/USDT:USDT,0.13564,3.0,0.13563,94.0,0.13573,3.0,0.13575,5.0
1753531691766,12:08:11.766,AIN/USDT:USDT,0.13564,3.0,0.13563,94.0,0.13573,3.0,0.13575,5.0
1753531692214,12:08:12.214,AIN/USDT:USDT,0.13564,3.0,0.13563,94.0,0.13573,3.0,0.13575,5.0
1753531692343,12:08:12.343,AIN/USDT:USDT,0.13564,3.0,0.13563,94.0,0.13573,3.0,0.13575,5.0
1753531692395,12:08:12.395,AIN/USDT:USDT,0.13564,3.0,0.13563,94.0,0.13573,3.0,0.13575,5.0
1753531692645,12:08:12.645,AIN/USDT:USDT,0.13569,36.0,0.13568,3.0,0.13575,3.0,0.13577,29.0
1753531692710,12:08:12.710,AIN/USDT:USDT,0.13569,36.0,0.13568,3.0,0.13575,3.0,0.13577,29.0
1753531692774,12:08:12.774,AIN/USDT:USDT,0.13569,36.0,0.13568,3.0,0.13575,3.0,0.13577,29.0
1753531692892,12:08:12.892,AIN/USDT:USDT,0.13569,36.0,0.13568,3.0,0.13575,3.0,0.13577,29.0
1753531693211,12:08:13.211,AIN/USDT:USDT,0.13569,36.0,0.13568,3.0,0.13575,3.0,0.13577,29.0
1753531693497,12:08:13.497,AIN/USDT:USDT,0.13569,36.0,0.13568,3.0,0.13575,3.0,0.13577,29.0
1753531693631,12:08:13.631,AIN/USDT:USDT,0.13569,36.0,0.13568,3.0,0.13575,3.0,0.13577,29.0
1753531694048,12:08:14.048,AIN/USDT:USDT,0.1357,3.0,0.13569,36.0,0.13577,29.0,0.1358,4.0
1753531694072,12:08:14.072,AIN/USDT:USDT,0.1357,3.0,0.13569,36.0,0.13577,29.0,0.13581,4.0
1753531694222,12:08:14.222,AIN/USDT:USDT,0.1357,3.0,0.13569,36.0,0.13577,29.0,0.1358,4.0
1753531694479,12:08:14.479,AIN/USDT:USDT,0.1357,3.0,0.13569,36.0,0.13577,29.0,0.1358,4.0
1753531694944,12:08:14.944,AIN/USDT:USDT,0.1357,3.0,0.13569,36.0,0.13577,29.0,0.1358,4.0
1753531694979,12:08:14.979,AIN/USDT:USDT,0.1357,3.0,0.13569,36.0,0.13577,29.0,0.1358,4.0
1753531695341,12:08:15.341,AIN/USDT:USDT,0.1357,3.0,0.13569,36.0,0.13577,29.0,0.1358,4.0
1753531695537,12:08:15.537,AIN/USDT:USDT,0.1357,3.0,0.13569,36.0,0.13577,29.0,0.1358,4.0
1753531695639,12:08:15.639,AIN/USDT:USDT,0.1357,3.0,0.13569,36.0,0.13577,29.0,0.1358,4.0
1753531695800,12:08:15.800,AIN/USDT:USDT,0.1357,3.0,0.13569,36.0,0.13577,29.0,0.1358,4.0
1753531695900,12:08:15.900,AIN/USDT:USDT,0.1357,3.0,0.13569,40.0,0.13577,29.0,0.1358,4.0
1753531696229,12:08:16.229,AIN/USDT:USDT,0.1357,3.0,0.13569,40.0,0.13577,29.0,0.13582,39.0
1753531696330,12:08:16.330,AIN/USDT:USDT,0.1357,3.0,0.13569,40.0,0.13577,29.0,0.13582,39.0
1753531696540,12:08:16.540,AIN/USDT:USDT,0.1357,3.0,0.13569,40.0,0.13577,29.0,0.13582,39.0
1753531696572,12:08:16.572,AIN/USDT:USDT,0.1357,3.0,0.13569,40.0,0.13577,29.0,0.13582,39.0
1753531697401,12:08:17.401,AIN/USDT:USDT,0.1357,3.0,0.13569,40.0,0.13577,29.0,0.1358,4.0
1753531697473,12:08:17.473,AIN/USDT:USDT,0.1357,3.0,0.13569,40.0,0.13577,29.0,0.1358,4.0
1753531698236,12:08:18.236,AIN/USDT:USDT,0.1357,3.0,0.13569,40.0,0.13577,29.0,0.1358,4.0
1753531698316,12:08:18.316,AIN/USDT:USDT,0.1357,3.0,0.13569,40.0,0.13577,29.0,0.1358,4.0
1753531698649,12:08:18.649,AIN/USDT:USDT,0.13574,94.0,0.1357,3.0,0.13577,29.0,0.1358,4.0
1753531698663,12:08:18.663,AIN/USDT:USDT,0.13574,94.0,0.1357,3.0,0.13577,29.0,0.1358,4.0
1753531698757,12:08:18.757,AIN/USDT:USDT,0.13574,94.0,0.1357,3.0,0.13577,29.0,0.1358,4.0
1753531699111,12:08:19.111,AIN/USDT:USDT,0.13574,94.0,0.1357,3.0,0.13577,29.0,0.1358,4.0
1753531699332,12:08:19.332,AIN/USDT:USDT,0.13574,94.0,0.13572,4.0,0.13577,26.0,0.13582,39.0
1753531699437,12:08:19.437,AIN/USDT:USDT,0.13575,42.0,0.13574,98.0,0.13581,26.0,0.13582,3.0
1753531699524,12:08:19.524,AIN/USDT:USDT,0.13575,42.0,0.13574,98.0,0.13582,26.0,0.13584,3.0
1753531699648,12:08:19.648,AIN/USDT:USDT,0.13575,42.0,0.13574,98.0,0.13582,26.0,0.13584,3.0
1753531699650,12:08:19.650,AIN/USDT:USDT,0.13575,42.0,0.13574,98.0,0.13582,26.0,0.13584,3.0
1753531699832,12:08:19.832,AIN/USDT:USDT,0.13575,42.0,0.13574,98.0,0.13582,3.0,0.13584,29.0
1753531699917,12:08:19.917,AIN/USDT:USDT,0.13575,42.0,0.13574,98.0,0.13582,3.0,0.13584,29.0
1753531699962,12:08:19.962,AIN/USDT:USDT,0.13575,42.0,0.13574,98.0,0.13582,3.0,0.13584,29.0
1753531700337,12:08:20.337,AIN/USDT:USDT,0.13575,42.0,0.13574,98.0,0.13582,3.0,0.13584,29.0
1753531700738,12:08:20.738,AIN/USDT:USDT,0.13575,42.0,0.13574,98.0,0.13582,3.0,0.13584,29.0
1753531700839,12:08:20.839,AIN/USDT:USDT,0.13575,42.0,0.13574,98.0,0.13582,3.0,0.13584,29.0
1753531701215,12:08:21.215,AIN/USDT:USDT,0.13575,42.0,0.13574,98.0,0.13582,3.0,0.13584,29.0
1753531701447,12:08:21.447,AIN/USDT:USDT,0.13575,42.0,0.13574,98.0,0.13584,29.0,0.13586,9.0
1753531701460,12:08:21.460,AIN/USDT:USDT,0.13575,42.0,0.13574,98.0,0.13584,29.0,0.13586,9.0
1753531701646,12:08:21.646,AIN/USDT:USDT,0.13578,10.0,0.13577,8.0,0.13584,29.0,0.13586,3.0
1753531701740,12:08:21.740,AIN/USDT:USDT,0.13577,4.0,0.13575,39.0,0.13583,3.0,0.13584,26.0
1753531701833,12:08:21.833,AIN/USDT:USDT,0.1357,3.0,0.13569,36.0,0.13579,3.0,0.1358,30.0
1753531701895,12:08:21.895,AIN/USDT:USDT,0.13572,3.0,0.13571,96.0,0.13579,3.0,0.1358,26.0
1753531701987,12:08:21.987,AIN/USDT:USDT,0.13572,3.0,0.13571,100.0,0.13579,3.0,0.1358,26.0
1753531702096,12:08:22.096,AIN/USDT:USDT,0.13572,3.0,0.13571,100.0,0.13579,3.0,0.1358,26.0
1753531702545,12:08:22.545,AIN/USDT:USDT,0.13572,3.0,0.13571,100.0,0.13579,3.0,0.1358,26.0
1753531702577,12:08:22.577,AIN/USDT:USDT,0.13572,3.0,0.13571,100.0,0.13579,3.0,0.1358,26.0
1753531702887,12:08:22.887,AIN/USDT:USDT,0.13572,3.0,0.13571,100.0,0.13579,3.0,0.1358,26.0
1753531702979,12:08:22.979,AIN/USDT:USDT,0.13572,3.0,0.13571,100.0,0.13579,3.0,0.1358,26.0
1753531703314,12:08:23.314,AIN/USDT:USDT,0.13572,3.0,0.13571,96.0,0.13578,10.0,0.13579,3.0
1753531703402,12:08:23.402,AIN/USDT:USDT,0.13572,3.0,0.13571,100.0,0.13578,10.0,0.13579,3.0
1753531703535,12:08:23.535,AIN/USDT:USDT,0.13575,39.0,0.13574,8.0,0.13578,10.0,0.1358,26.0
1753531703817,12:08:23.817,AIN/USDT:USDT,0.13575,39.0,0.13574,8.0,0.13578,10.0,0.1358,26.0
1753531703873,12:08:23.873,AIN/USDT:USDT,0.13575,39.0,0.13574,8.0,0.13578,10.0,0.1358,26.0
1753531704243,12:08:24.243,AIN/USDT:USDT,0.13575,39.0,0.13574,8.0,0.13578,10.0,0.1358,26.0
1753531704449,12:08:24.449,AIN/USDT:USDT,0.13575,39.0,0.13574,8.0,0.13578,10.0,0.1358,26.0
1753531704451,12:08:24.451,AIN/USDT:USDT,0.13575,39.0,0.13574,8.0,0.13578,10.0,0.1358,26.0
1753531704638,12:08:24.638,AIN/USDT:USDT,0.13575,39.0,0.13574,8.0,0.13578,10.0,0.1358,26.0
1753531704703,12:08:24.703,AIN/USDT:USDT,0.13575,39.0,0.13574,4.0,0.13578,10.0,0.1358,26.0
1753531704765,12:08:24.765,AIN/USDT:USDT,0.13575,39.0,0.13574,4.0,0.13578,10.0,0.1358,26.0
1753531704983,12:08:24.983,AIN/USDT:USDT,0.13575,39.0,0.13574,4.0,0.13578,10.0,0.1358,26.0
1753531705200,12:08:25.200,AIN/USDT:USDT,0.13575,39.0,0.13574,4.0,0.13578,10.0,0.1358,26.0
1753531705271,12:08:25.271,AIN/USDT:USDT,0.13575,39.0,0.13574,4.0,0.1358,26.0,0.13586,3.0
1753531705498,12:08:25.498,AIN/USDT:USDT,0.13575,39.0,0.13574,4.0,0.1358,26.0,0.13586,3.0
1753531706040,12:08:26.040,AIN/USDT:USDT,0.13572,10.0,0.13571,93.0,0.1358,29.0,0.13581,4.0
1753531706096,12:08:26.096,AIN/USDT:USDT,0.13572,10.0,0.13571,93.0,0.1358,29.0,0.13581,4.0
1753531706332,12:08:26.332,AIN/USDT:USDT,0.13572,3.0,0.13571,93.0,0.1358,29.0,0.13581,4.0
1753531706446,12:08:26.446,AIN/USDT:USDT,0.13571,93.0,0.1357,3.0,0.13577,10.0,0.13578,15.0
1753531706454,12:08:26.454,AIN/USDT:USDT,0.13571,93.0,0.1357,3.0,0.13576,3.0,0.13577,10.0
1753531706654,12:08:26.654,AIN/USDT:USDT,0.13571,93.0,0.1357,3.0,0.13576,3.0,0.13578,5.0
1753531706845,12:08:26.845,AIN/USDT:USDT,0.13571,93.0,0.1357,3.0,0.13576,3.0,0.13578,5.0
1753531706858,12:08:26.858,AIN/USDT:USDT,0.13571,93.0,0.1357,3.0,0.13576,3.0,0.13578,5.0
1753531707422,12:08:27.422,AIN/USDT:USDT,0.13571,93.0,0.1357,3.0,0.13576,3.0,0.13578,5.0
1753531707473,12:08:27.473,AIN/USDT:USDT,0.13571,93.0,0.1357,3.0,0.13576,3.0,0.13578,5.0
1753531707648,12:08:27.648,AIN/USDT:USDT,0.13572,4.0,0.13571,97.0,0.13578,3.0,0.1358,29.0
1753531707730,12:08:27.730,AIN/USDT:USDT,0.13572,7.0,0.13571,101.0,0.1358,29.0,0.13584,6.0
1753531707828,12:08:27.828,AIN/USDT:USDT,0.13572,14.0,0.13571,101.0,0.1358,29.0,0.13584,6.0
1753531707894,12:08:27.894,AIN/USDT:USDT,0.13572,14.0,0.13571,101.0,0.1358,29.0,0.13584,6.0
1753531708035,12:08:28.035,AIN/USDT:USDT,0.13572,14.0,0.13571,101.0,0.1358,29.0,0.13584,6.0
1753531708120,12:08:28.120,AIN/USDT:USDT,0.13572,14.0,0.13571,101.0,0.1358,29.0,0.13584,6.0
1753531708246,12:08:28.246,AIN/USDT:USDT,0.13572,14.0,0.13571,101.0,0.1358,26.0,0.13584,6.0
1753531708334,12:08:28.334,AIN/USDT:USDT,0.13572,14.0,0.13571,101.0,0.1358,30.0,0.13584,6.0
1753531708357,12:08:28.357,AIN/USDT:USDT,0.13572,14.0,0.13571,101.0,0.13579,3.0,0.1358,26.0
1753531708476,12:08:28.476,AIN/USDT:USDT,0.13572,14.0,0.13571,101.0,0.13579,3.0,0.1358,26.0
1753531708712,12:08:28.712,AIN/USDT:USDT,0.13572,14.0,0.13571,101.0,0.1358,26.0,0.13584,6.0
1753531708889,12:08:28.889,AIN/USDT:USDT,0.13572,14.0,0.13571,101.0,0.1358,26.0,0.13584,6.0
1753531709249,12:08:29.249,AIN/USDT:USDT,0.13575,46.0,0.13574,8.0,0.1358,26.0,0.13584,6.0
1753531709349,12:08:29.349,AIN/USDT:USDT,0.13575,46.0,0.13574,8.0,0.13584,37.0,0.13586,3.0
1753531709441,12:08:29.441,AIN/USDT:USDT,0.13575,46.0,0.13574,8.0,0.13584,35.0,0.13586,3.0
1753531709806,12:08:29.806,AIN/USDT:USDT,0.13575,46.0,0.13574,8.0,0.13584,35.0,0.13586,3.0
1753531709870,12:08:29.870,AIN/USDT:USDT,0.13575,46.0,0.13574,8.0,0.13584,35.0,0.13586,3.0
1753531710169,12:08:30.169,AIN/USDT:USDT,0.13575,46.0,0.13574,8.0,0.13584,35.0,0.13586,3.0
1753531710310,12:08:30.310,AIN/USDT:USDT,0.13575,15.0,0.13574,8.0,0.13584,35.0,0.13586,3.0
1753531710638,12:08:30.638,AIN/USDT:USDT,0.13575,15.0,0.13574,8.0,0.13584,35.0,0.13586,3.0
1753531710820,12:08:30.820,AIN/USDT:USDT,0.13575,15.0,0.13574,8.0,0.13584,38.0,0.13586,3.0
1753531711046,12:08:31.046,AIN/USDT:USDT,0.13575,11.0,0.13574,4.0,0.13584,38.0,0.13586,3.0
1753531711273,12:08:31.273,AIN/USDT:USDT,0.13575,11.0,0.13574,4.0,0.13584,38.0,0.13586,3.0
1753531711728,12:08:31.728,AIN/USDT:USDT,0.13575,15.0,0.13574,4.0,0.13584,35.0,0.13586,3.0
1753531711800,12:08:31.800,AIN/USDT:USDT,0.13575,15.0,0.13574,4.0,0.13584,29.0,0.13586,3.0
1753531712772,12:08:32.772,AIN/USDT:USDT,0.13575,15.0,0.13574,4.0,0.13584,29.0,0.13586,3.0
1753531713045,12:08:33.045,AIN/USDT:USDT,0.13575,15.0,0.13574,4.0,0.13584,29.0,0.13586,3.0
1753531713123,12:08:33.123,AIN/USDT:USDT,0.13575,15.0,0.13574,4.0,0.13584,29.0,0.13586,3.0
1753531713258,12:08:33.258,AIN/USDT:USDT,0.13575,11.0,0.13574,4.0,0.13584,29.0,0.13586,3.0
1753531713451,12:08:33.451,AIN/USDT:USDT,0.13575,11.0,0.13574,4.0,0.13584,29.0,0.13586,3.0
1753531713647,12:08:33.647,AIN/USDT:USDT,0.13575,11.0,0.13574,4.0,0.13584,29.0,0.13585,4.0
1753531713666,12:08:33.666,AIN/USDT:USDT,0.13575,11.0,0.13574,4.0,0.13584,29.0,0.13585,4.0
1753531713825,12:08:33.825,AIN/USDT:USDT,0.13575,8.0,0.13574,4.0,0.13584,32.0,0.13585,4.0
1753531714049,12:08:34.049,AIN/USDT:USDT,0.13575,8.0,0.13574,4.0,0.13584,32.0,0.13585,4.0
1753531714051,12:08:34.051,AIN/USDT:USDT,0.13575,8.0,0.13574,4.0,0.13584,32.0,0.13585,4.0
1753531714220,12:08:34.220,AIN/USDT:USDT,0.13575,8.0,0.13574,4.0,0.13584,29.0,0.13585,4.0
1753531714296,12:08:34.296,AIN/USDT:USDT,0.13575,8.0,0.13574,4.0,0.13584,29.0,0.13585,4.0
1753531714471,12:08:34.471,AIN/USDT:USDT,0.13575,8.0,0.13574,4.0,0.13584,29.0,0.13585,4.0
1753531714647,12:08:34.647,AIN/USDT:USDT,0.13575,8.0,0.13574,4.0,0.13584,29.0,0.13585,4.0
1753531715311,12:08:35.311,AIN/USDT:USDT,0.13575,11.0,0.13574,4.0,0.13584,29.0,0.13585,4.0
1753531715523,12:08:35.523,AIN/USDT:USDT,0.13575,8.0,0.13574,4.0,0.13584,29.0,0.13585,4.0
1753531715612,12:08:35.612,AIN/USDT:USDT,0.13575,8.0,0.13574,4.0,0.13584,32.0,0.13585,4.0
1753531715740,12:08:35.740,AIN/USDT:USDT,0.13575,8.0,0.13574,4.0,0.13584,32.0,0.13585,4.0
1753531716236,12:08:36.236,AIN/USDT:USDT,0.13575,8.0,0.13574,4.0,0.13584,29.0,0.13585,4.0
1753531716400,12:08:36.400,AIN/USDT:USDT,0.13575,11.0,0.13574,4.0,0.13584,29.0,0.13585,4.0
1753531716518,12:08:36.518,AIN/USDT:USDT,0.13575,11.0,0.13574,4.0,0.13584,29.0,0.13585,4.0
1753531716643,12:08:36.643,AIN/USDT:USDT,0.13581,92.0,0.13578,4.0,0.13584,29.0,0.13586,3.0
1753531716667,12:08:36.667,AIN/USDT:USDT,0.13581,92.0,0.13578,4.0,0.13584,29.0,0.13586,3.0
1753531716758,12:08:36.758,AIN/USDT:USDT,0.13581,92.0,0.13578,4.0,0.13584,29.0,0.13586,3.0
1753531717007,12:08:37.007,AIN/USDT:USDT,0.13581,92.0,0.13579,4.0,0.13584,29.0,0.13586,3.0
1753531717118,12:08:37.118,AIN/USDT:USDT,0.13581,92.0,0.13579,4.0,0.13584,29.0,0.13586,11.0
1753531717341,12:08:37.341,AIN/USDT:USDT,0.13581,92.0,0.13579,4.0,0.13584,29.0,0.13586,11.0
1753531717448,12:08:37.448,AIN/USDT:USDT,0.13581,92.0,0.13579,4.0,0.13584,29.0,0.13586,11.0
1753531717539,12:08:37.539,AIN/USDT:USDT,0.13581,92.0,0.13578,4.0,0.13584,29.0,0.13586,11.0
1753531717671,12:08:37.671,AIN/USDT:USDT,0.13581,92.0,0.13578,4.0,0.13584,29.0,0.13586,7.0
1753531717770,12:08:37.770,AIN/USDT:USDT,0.13581,92.0,0.13578,4.0,0.13584,29.0,0.13586,7.0
1753531718269,12:08:38.269,AIN/USDT:USDT,0.13581,92.0,0.13579,4.0,0.13584,29.0,0.13586,11.0
1753531718440,12:08:38.440,AIN/USDT:USDT,0.13581,92.0,0.13578,4.0,0.13584,29.0,0.13586,11.0
1753531718608,12:08:38.608,AIN/USDT:USDT,0.13581,92.0,0.13578,4.0,0.13584,29.0,0.13586,11.0
1753531718728,12:08:38.728,AIN/USDT:USDT,0.1357,7.0,0.13569,99.0,0.13582,51.0,0.13584,29.0
1753531718805,12:08:38.805,AIN/USDT:USDT,0.13571,95.0,0.1357,7.0,0.13582,77.0,0.13584,3.0
1753531718859,12:08:38.859,AIN/USDT:USDT,0.13571,95.0,0.1357,7.0,0.13582,77.0,0.13584,3.0
1753531719046,12:08:39.046,AIN/USDT:USDT,0.13571,95.0,0.1357,7.0,0.13582,71.0,0.13584,3.0
1753531719088,12:08:39.088,AIN/USDT:USDT,0.13571,95.0,0.1357,7.0,0.13582,68.0,0.13584,3.0
1753531719491,12:08:39.491,AIN/USDT:USDT,0.13571,95.0,0.1357,7.0,0.13582,68.0,0.13584,3.0
1753531719648,12:08:39.648,AIN/USDT:USDT,0.13571,95.0,0.1357,7.0,0.13582,68.0,0.13584,3.0
1753531719930,12:08:39.930,AIN/USDT:USDT,0.13571,95.0,0.1357,7.0,0.13582,68.0,0.13584,3.0
1753531720345,12:08:40.345,AIN/USDT:USDT,0.13571,95.0,0.1357,7.0,0.13582,68.0,0.13584,3.0
1753531720355,12:08:40.355,AIN/USDT:USDT,0.13571,95.0,0.13569,36.0,0.13582,68.0,0.13584,3.0
1753531720549,12:08:40.549,AIN/USDT:USDT,0.13571,92.0,0.13569,36.0,0.1358,12.0,0.13582,68.0
1753531720752,12:08:40.752,AIN/USDT:USDT,0.13571,92.0,0.13569,36.0,0.1358,12.0,0.13582,68.0
1753531721178,12:08:41.178,AIN/USDT:USDT,0.13571,92.0,0.13569,36.0,0.1358,12.0,0.13582,68.0
1753531721606,12:08:41.606,AIN/USDT:USDT,0.13571,92.0,0.13569,36.0,0.1358,12.0,0.13582,68.0
1753531721692,12:08:41.692,AIN/USDT:USDT,0.13572,3.0,0.13571,92.0,0.1358,12.0,0.13582,68.0
1753531721808,12:08:41.808,AIN/USDT:USDT,0.13572,3.0,0.13571,92.0,0.1358,6.0,0.13582,68.0
1753531722046,12:08:42.046,AIN/USDT:USDT,0.13572,3.0,0.13571,92.0,0.13578,3.0,0.13579,29.0
1753531722055,12:08:42.055,AIN/USDT:USDT,0.13572,3.0,0.13571,92.0,0.13577,26.0,0.13578,3.0
1753531722458,12:08:42.458,AIN/USDT:USDT,0.13572,3.0,0.13571,92.0,0.13577,26.0,0.13578,3.0
1753531722600,12:08:42.600,AIN/USDT:USDT,0.13572,3.0,0.13571,92.0,0.13577,26.0,0.13579,3.0
1753531722661,12:08:42.661,AIN/USDT:USDT,0.13572,3.0,0.13571,92.0,0.13577,26.0,0.13579,3.0
1753531723240,12:08:43.240,AIN/USDT:USDT,0.13571,95.0,0.13569,36.0,0.13577,29.0,0.13579,3.0
1753531723311,12:08:43.311,AIN/USDT:USDT,0.13571,95.0,0.13569,36.0,0.13577,29.0,0.13579,3.0
1753531723623,12:08:43.623,AIN/USDT:USDT,0.13571,4.0,0.1357,8.0,0.13577,29.0,0.13579,3.0
1753531723775,12:08:43.775,AIN/USDT:USDT,0.13571,7.0,0.1357,8.0,0.13577,29.0,0.13579,3.0
1753531724022,12:08:44.022,AIN/USDT:USDT,0.13571,4.0,0.1357,8.0,0.13577,29.0,0.13579,3.0
1753531724565,12:08:44.565,AIN/USDT:USDT,0.13571,4.0,0.1357,8.0,0.13577,29.0,0.13579,3.0
1753531724746,12:08:44.746,AIN/USDT:USDT,0.13571,4.0,0.1357,8.0,0.13577,29.0,0.13579,3.0
1753531724943,12:08:44.943,AIN/USDT:USDT,0.1357,3.0,0.13569,36.0,0.13577,32.0,0.13578,4.0
1753531725011,12:08:45.011,AIN/USDT:USDT,0.1357,3.0,0.13569,36.0,0.13577,32.0,0.13578,4.0
1753531725336,12:08:45.336,AIN/USDT:USDT,0.13569,36.0,0.13568,3.0,0.13577,32.0,0.13578,4.0
1753531725429,12:08:45.429,AIN/USDT:USDT,0.13569,37.0,0.13568,3.0,0.13577,32.0,0.13578,4.0
1753531725460,12:08:45.460,AIN/USDT:USDT,0.13569,37.0,0.13568,3.0,0.13577,32.0,0.13578,4.0
1753531725647,12:08:45.647,AIN/USDT:USDT,0.13572,3.0,0.13569,37.0,0.13577,32.0,0.13578,4.0
1753531725672,12:08:45.672,AIN/USDT:USDT,0.1357,3.0,0.13569,41.0,0.13577,32.0,0.13578,4.0
1753531725850,12:08:45.850,AIN/USDT:USDT,0.1357,3.0,0.13569,41.0,0.13577,32.0,0.13578,4.0
1753531726046,12:08:46.046,AIN/USDT:USDT,0.13566,3.0,0.13565,92.0,0.13572,6.0,0.13574,6.0
1753531726138,12:08:46.138,AIN/USDT:USDT,0.13568,3.0,0.13566,24.0,0.13577,29.0,0.1358,3.0
1753531726192,12:08:46.192,AIN/USDT:USDT,0.13568,3.0,0.13566,24.0,0.13577,29.0,0.1358,3.0
1753531726333,12:08:46.333,AIN/USDT:USDT,0.13568,9.0,0.13566,24.0,0.13577,29.0,0.1358,3.0
1753531726433,12:08:46.433,AIN/USDT:USDT,0.13568,3.0,0.13566,24.0,0.13577,32.0,0.1358,3.0
1753531726616,12:08:46.616,AIN/USDT:USDT,0.13568,3.0,0.13566,24.0,0.13577,32.0,0.1358,3.0
1753531726758,12:08:46.758,AIN/USDT:USDT,0.13566,18.0,0.13565,4.0,0.13577,32.0,0.1358,3.0
1753531727123,12:08:47.123,AIN/USDT:USDT,0.13566,18.0,0.13565,4.0,0.13577,32.0,0.1358,3.0
1753531727318,12:08:47.318,AIN/USDT:USDT,0.13566,15.0,0.13565,4.0,0.13573,3.0,0.13574,9.0
1753531727357,12:08:47.357,AIN/USDT:USDT,0.13566,4.0,0.13565,4.0,0.13573,3.0,0.13574,9.0
1753531727495,12:08:47.495,AIN/USDT:USDT,0.13564,7.0,0.13562,35.0,0.13573,3.0,0.13574,9.0
1753531727639,12:08:47.639,AIN/USDT:USDT,0.13564,7.0,0.13562,35.0,0.13573,3.0,0.13574,9.0
1753531727657,12:08:47.657,AIN/USDT:USDT,0.13564,7.0,0.13562,35.0,0.13573,3.0,0.13574,9.0
1753531727813,12:08:47.813,AIN/USDT:USDT,0.13564,7.0,0.13562,35.0,0.13573,3.0,0.13575,3.0
1753531728094,12:08:48.094,AIN/USDT:USDT,0.13564,7.0,0.13562,35.0,0.13573,3.0,0.13575,3.0
1753531728322,12:08:48.322,AIN/USDT:USDT,0.13564,7.0,0.13562,35.0,0.13573,3.0,0.13574,6.0
1753531728532,12:08:48.532,AIN/USDT:USDT,0.13564,13.0,0.13563,4.0,0.13573,3.0,0.13575,3.0
1753531728648,12:08:48.648,AIN/USDT:USDT,0.13564,13.0,0.13563,4.0,0.13573,3.0,0.13575,3.0
1753531728733,12:08:48.733,AIN/USDT:USDT,0.13564,7.0,0.13562,35.0,0.13573,3.0,0.13575,3.0
1753531728847,12:08:48.847,AIN/USDT:USDT,0.13564,7.0,0.13562,35.0,0.13573,6.0,0.13574,6.0
1753531729067,12:08:49.067,AIN/USDT:USDT,0.13564,7.0,0.13562,35.0,0.13573,6.0,0.13574,6.0
1753531729206,12:08:49.206,AIN/USDT:USDT,0.13564,7.0,0.13562,35.0,0.13573,3.0,0.13574,6.0
1753531729344,12:08:49.344,AIN/USDT:USDT,0.13564,7.0,0.13562,35.0,0.13573,3.0,0.13574,6.0
1753531729649,12:08:49.649,AIN/USDT:USDT,0.13562,38.0,0.1356,7.0,0.13571,3.0,0.13572,6.0
1753531729664,12:08:49.664,AIN/USDT:USDT,0.13562,38.0,0.1356,7.0,0.13571,6.0,0.13572,10.0
1753531729791,12:08:49.791,AIN/USDT:USDT,0.13562,35.0,0.13559,92.0,0.13571,42.0,0.13572,10.0
1753531729877,12:08:49.877,AIN/USDT:USDT,0.13562,35.0,0.13559,92.0,0.13571,42.0,0.13572,10.0
1753531730110,12:08:50.110,AIN/USDT:USDT,0.13562,35.0,0.13559,92.0,0.13571,42.0,0.13572,10.0
1753531730226,12:08:50.226,AIN/USDT:USDT,0.13556,36.0,0.13553,7.0,0.13567,3.0,0.13568,6.0
1753531730313,12:08:50.313,AIN/USDT:USDT,0.13552,6.0,0.13549,36.0,0.13565,3.0,0.13566,6.0
1753531730449,12:08:50.449,AIN/USDT:USDT,0.13546,6.0,0.13544,6.0,0.13558,3.0,0.13559,10.0
1753531730543,12:08:50.543,AIN/USDT:USDT,0.13544,6.0,0.13541,36.0,0.13554,3.0,0.13555,16.0
1753531730631,12:08:50.631,AIN/USDT:USDT,0.13544,6.0,0.13542,6.0,0.13554,3.0,0.13555,6.0
1753531730715,12:08:50.715,AIN/USDT:USDT,0.13544,6.0,0.13542,6.0,0.13554,3.0,0.13555,6.0
1753531730848,12:08:50.848,AIN/USDT:USDT,0.13544,6.0,0.13542,13.0,0.13554,3.0,0.13555,6.0
1753531730947,12:08:50.947,AIN/USDT:USDT,0.13544,10.0,0.13542,13.0,0.13554,3.0,0.13555,6.0
1753531731030,12:08:51.030,AIN/USDT:USDT,0.13544,10.0,0.13543,4.0,0.13554,3.0,0.13555,6.0
1753531731192,12:08:51.192,AIN/USDT:USDT,0.13544,10.0,0.13543,4.0,0.13554,3.0,0.13555,6.0
1753531731460,12:08:51.460,AIN/USDT:USDT,0.13544,10.0,0.13543,4.0,0.13554,3.0,0.13555,6.0
1753531731578,12:08:51.578,AIN/USDT:USDT,0.13544,10.0,0.13543,4.0,0.13554,3.0,0.13555,6.0
1753531731897,12:08:51.897,AIN/USDT:USDT,0.13544,6.0,0.13543,4.0,0.13554,3.0,0.13555,6.0
1753531732343,12:08:52.343,AIN/USDT:USDT,0.13542,13.0,0.13541,36.0,0.13554,3.0,0.13555,6.0
1753531732403,12:08:52.403,AIN/USDT:USDT,0.13542,16.0,0.13541,36.0,0.13554,9.0,0.13555,6.0
1753531732712,12:08:52.712,AIN/USDT:USDT,0.13542,24.0,0.13541,40.0,0.13554,3.0,0.13555,3.0
1753531732865,12:08:52.865,AIN/USDT:USDT,0.13542,24.0,0.13541,40.0,0.13554,3.0,0.13555,3.0
1753531733627,12:08:53.627,AIN/USDT:USDT,0.13542,24.0,0.13541,40.0,0.13554,3.0,0.13555,3.0
1753531734141,12:08:54.141,AIN/USDT:USDT,0.13542,24.0,0.13541,40.0,0.13554,9.0,0.13555,3.0
1753531734153,12:08:54.153,AIN/USDT:USDT,0.13542,20.0,0.13541,36.0,0.13554,9.0,0.13555,3.0
1753531734517,12:08:54.517,AIN/USDT:USDT,0.13542,13.0,0.13541,36.0,0.13552,3.0,0.13553,10.0
1753531734642,12:08:54.642,AIN/USDT:USDT,0.13542,13.0,0.13541,36.0,0.13552,3.0,0.13554,12.0
1753531734653,12:08:54.653,AIN/USDT:USDT,0.13542,13.0,0.13541,36.0,0.13552,3.0,0.13554,12.0
1753531734814,12:08:54.814,AIN/USDT:USDT,0.13542,13.0,0.13541,36.0,0.13552,3.0,0.13554,12.0
1753531734918,12:08:54.918,AIN/USDT:USDT,0.13542,13.0,0.13541,36.0,0.13552,3.0,0.13554,12.0
1753531735230,12:08:55.230,AIN/USDT:USDT,0.13542,13.0,0.13541,36.0,0.13552,3.0,0.13554,12.0
1753531735345,12:08:55.345,AIN/USDT:USDT,0.13542,13.0,0.13541,36.0,0.13552,3.0,0.13554,12.0
1753531735610,12:08:55.610,AIN/USDT:USDT,0.13543,3.0,0.13542,13.0,0.13552,3.0,0.13554,6.0
1753531735740,12:08:55.740,AIN/USDT:USDT,0.13543,3.0,0.13542,13.0,0.13552,3.0,0.13554,6.0
1753531735796,12:08:55.796,AIN/USDT:USDT,0.13543,3.0,0.13542,17.0,0.13552,3.0,0.13554,6.0
1753531736241,12:08:56.241,AIN/USDT:USDT,0.13543,3.0,0.13542,17.0,0.13552,3.0,0.13554,6.0
1753531736371,12:08:56.371,AIN/USDT:USDT,0.13543,3.0,0.13542,17.0,0.13552,3.0,0.13554,6.0
1753531736596,12:08:56.596,AIN/USDT:USDT,0.13543,3.0,0.13542,17.0,0.13552,3.0,0.13554,6.0
1753531736927,12:08:56.927,AIN/USDT:USDT,0.13543,3.0,0.13542,17.0,0.13552,3.0,0.13554,6.0
1753531737085,12:08:57.085,AIN/USDT:USDT,0.13543,3.0,0.13542,17.0,0.13552,3.0,0.13554,6.0
1753531737163,12:08:57.163,AIN/USDT:USDT,0.13543,3.0,0.13542,17.0,0.13552,3.0,0.13554,6.0
1753531737639,12:08:57.639,AIN/USDT:USDT,0.13543,3.0,0.13542,17.0,0.13552,3.0,0.13554,6.0
1753531737653,12:08:57.653,AIN/USDT:USDT,0.13543,3.0,0.13542,17.0,0.13552,3.0,0.13554,6.0
1753531737774,12:08:57.774,AIN/USDT:USDT,0.13543,3.0,0.13542,7.0,0.13552,3.0,0.13554,12.0
1753531738048,12:08:58.048,AIN/USDT:USDT,0.13543,3.0,0.13542,7.0,0.13552,6.0,0.13553,4.0
1753531738137,12:08:58.137,AIN/USDT:USDT,0.13542,7.0,0.13541,36.0,0.13552,6.0,0.13553,4.0
1753531738237,12:08:58.237,AIN/USDT:USDT,0.13542,7.0,0.13541,36.0,0.1355,3.0,0.13551,29.0
1753531738307,12:08:58.307,AIN/USDT:USDT,0.13541,36.0,0.13538,92.0,0.1355,3.0,0.13551,29.0
1753531738394,12:08:58.394,AIN/USDT:USDT,0.13541,36.0,0.13538,92.0,0.1355,3.0,0.13551,29.0
1753531738494,12:08:58.494,AIN/USDT:USDT,0.13541,36.0,0.13538,92.0,0.1355,3.0,0.13551,29.0
1753531738662,12:08:58.662,AIN/USDT:USDT,0.13541,36.0,0.13538,92.0,0.1355,3.0,0.13551,29.0
1753531738943,12:08:58.943,AIN/USDT:USDT,0.13538,92.0,0.13536,6.0,0.13549,36.0,0.1355,9.0
1753531739002,12:08:59.002,AIN/USDT:USDT,0.13538,96.0,0.13536,6.0,0.13548,3.0,0.13549,36.0
1753531739090,12:08:59.090,AIN/USDT:USDT,0.13538,96.0,0.13536,6.0,0.13548,3.0,0.13549,36.0
1753531739243,12:08:59.243,AIN/USDT:USDT,0.13538,96.0,0.13536,6.0,0.13548,3.0,0.13549,36.0
1753531739297,12:08:59.297,AIN/USDT:USDT,0.13538,96.0,0.13536,6.0,0.13548,3.0,0.13549,36.0
1753531739515,12:08:59.515,AIN/USDT:USDT,0.13538,96.0,0.13536,6.0,0.13548,3.0,0.13549,36.0
1753531740061,12:09:00.061,AIN/USDT:USDT,0.13538,96.0,0.13536,6.0,0.13548,3.0,0.13549,36.0
1753531740229,12:09:00.229,AIN/USDT:USDT,0.13538,92.0,0.13536,6.0,0.13548,9.0,0.13549,36.0
1753531740440,12:09:00.440,AIN/USDT:USDT,0.13538,92.0,0.13536,6.0,0.13548,9.0,0.13549,36.0
1753531740521,12:09:00.521,AIN/USDT:USDT,0.13538,92.0,0.13536,6.0,0.13548,15.0,0.13549,36.0
1753531740634,12:09:00.634,AIN/USDT:USDT,0.13536,6.0,0.13535,43.0,0.13548,9.0,0.13549,36.0
1753531740657,12:09:00.657,AIN/USDT:USDT,0.13536,6.0,0.13535,43.0,0.13548,9.0,0.13549,36.0
1753531740757,12:09:00.757,AIN/USDT:USDT,0.13536,6.0,0.13535,43.0,0.13548,9.0,0.13549,36.0
1753531741446,12:09:01.446,AIN/USDT:USDT,0.13536,9.0,0.13535,43.0,0.13548,9.0,0.13549,36.0
1753531741548,12:09:01.548,AIN/USDT:USDT,0.13536,9.0,0.13535,43.0,0.13548,9.0,0.13549,36.0
1753531741648,12:09:01.648,AIN/USDT:USDT,0.13536,9.0,0.13535,43.0,0.13548,9.0,0.13549,36.0
1753531741750,12:09:01.750,AIN/USDT:USDT,0.13536,9.0,0.13535,43.0,0.13548,9.0,0.13549,36.0
1753531742236,12:09:02.236,AIN/USDT:USDT,0.13536,9.0,0.13535,43.0,0.13548,9.0,0.13549,36.0
1753531742381,12:09:02.381,AIN/USDT:USDT,0.13536,9.0,0.13535,43.0,0.13548,9.0,0.13549,36.0
1753531742459,12:09:02.459,AIN/USDT:USDT,0.13536,9.0,0.13535,43.0,0.13548,9.0,0.13549,36.0
1753531743138,12:09:03.138,AIN/USDT:USDT,0.13536,6.0,0.13535,43.0,0.13547,26.0,0.13548,15.0
1753531743186,12:09:03.186,AIN/USDT:USDT,0.13535,43.0,0.13533,91.0,0.13546,9.0,0.13547,26.0
1753531743258,12:09:03.258,AIN/USDT:USDT,0.13535,43.0,0.13533,91.0,0.13546,9.0,0.13547,26.0
1753531743357,12:09:03.357,AIN/USDT:USDT,0.13535,43.0,0.13533,91.0,0.13546,9.0,0.13547,26.0
1753531743466,12:09:03.466,AIN/USDT:USDT,0.13535,43.0,0.13533,91.0,0.13546,9.0,0.13547,26.0
1753531743646,12:09:03.646,AIN/USDT:USDT,0.13535,43.0,0.13533,91.0,0.13546,9.0,0.13547,26.0
1753531743692,12:09:03.692,AIN/USDT:USDT,0.13536,13.0,0.13535,43.0,0.13546,3.0,0.13547,26.0
1753531743814,12:09:03.814,AIN/USDT:USDT,0.13536,17.0,0.13535,43.0,0.13546,3.0,0.13547,26.0
1753531744490,12:09:04.490,AIN/USDT:USDT,0.13536,17.0,0.13535,43.0,0.13546,3.0,0.13547,26.0
1753531744779,12:09:04.779,AIN/USDT:USDT,0.13536,17.0,0.13535,43.0,0.13546,3.0,0.13547,26.0
1753531744904,12:09:04.904,AIN/USDT:USDT,0.13536,17.0,0.13535,43.0,0.13546,3.0,0.13547,26.0
1753531745012,12:09:05.012,AIN/USDT:USDT,0.13536,17.0,0.13535,43.0,0.13546,3.0,0.13547,26.0
1753531745324,12:09:05.324,AIN/USDT:USDT,0.13536,17.0,0.13535,43.0,0.13546,3.0,0.13547,26.0
1753531745694,12:09:05.694,AIN/USDT:USDT,0.13536,17.0,0.13535,43.0,0.13546,3.0,0.13547,26.0
1753531746117,12:09:06.117,AIN/USDT:USDT,0.13536,17.0,0.13535,43.0,0.13546,3.0,0.13547,26.0
1753531746170,12:09:06.170,AIN/USDT:USDT,0.13536,13.0,0.13535,43.0,0.13546,3.0,0.13547,26.0
1753531746649,12:09:06.649,AIN/USDT:USDT,0.13536,13.0,0.13535,43.0,0.13546,3.0,0.13547,26.0
1753531747248,12:09:07.248,AIN/USDT:USDT,0.13536,17.0,0.13535,43.0,0.13546,3.0,0.13547,26.0
1753531747268,12:09:07.268,AIN/USDT:USDT,0.13536,17.0,0.13535,43.0,0.13546,3.0,0.13547,26.0
1753531747456,12:09:07.456,AIN/USDT:USDT,0.13536,17.0,0.13535,43.0,0.13546,3.0,0.13547,26.0
1753531748044,12:09:08.044,AIN/USDT:USDT,0.13546,149.0,0.13536,17.0,0.13547,26.0,0.13549,36.0
1753531748141,12:09:08.141,AIN/USDT:USDT,0.13546,149.0,0.13536,13.0,0.13549,62.0,0.1355,3.0
1753531748248,12:09:08.248,AIN/USDT:USDT,0.13546,152.0,0.13543,4.0,0.13552,59.0,0.13554,3.0
1753531748314,12:09:08.314,AIN/USDT:USDT,0.13546,141.0,0.13545,8.0,0.13552,55.0,0.13554,3.0
1753531748384,12:09:08.384,AIN/USDT:USDT,0.13546,141.0,0.13545,8.0,0.13549,26.0,0.13552,55.0
1753531748599,12:09:08.599,AIN/USDT:USDT,0.13546,141.0,0.13545,8.0,0.13549,26.0,0.13552,55.0
1753531748818,12:09:08.818,AIN/USDT:USDT,0.13546,137.0,0.13545,4.0,0.13549,26.0,0.13552,55.0
1753531748921,12:09:08.921,AIN/USDT:USDT,0.13546,137.0,0.13545,4.0,0.13549,26.0,0.13552,55.0
1753531749117,12:09:09.117,AIN/USDT:USDT,0.13546,134.0,0.13536,9.0,0.13552,85.0,0.13553,4.0
1753531749449,12:09:09.449,AIN/USDT:USDT,0.13546,134.0,0.13536,9.0,0.13552,85.0,0.13553,4.0
1753531749450,12:09:09.450,AIN/USDT:USDT,0.13546,134.0,0.13536,9.0,0.13552,85.0,0.13553,4.0
1753531749641,12:09:09.641,AIN/USDT:USDT,0.13546,138.0,0.13545,4.0,0.13552,81.0,0.13554,3.0
1753531749650,12:09:09.650,AIN/USDT:USDT,0.13546,138.0,0.13545,4.0,0.13552,81.0,0.13554,3.0
1753531749779,12:09:09.779,AIN/USDT:USDT,0.13546,138.0,0.13545,4.0,0.13552,81.0,0.13554,3.0
1753531749893,12:09:09.893,AIN/USDT:USDT,0.13546,138.0,0.13545,4.0,0.13552,81.0,0.13554,3.0
1753531750008,12:09:10.008,AIN/USDT:USDT,0.13547,3.0,0.13546,138.0,0.13552,81.0,0.13554,7.0
1753531750140,12:09:10.140,AIN/USDT:USDT,0.13546,149.0,0.13545,4.0,0.13552,81.0,0.13554,7.0
1753531750349,12:09:10.349,AIN/USDT:USDT,0.13546,149.0,0.13545,4.0,0.13552,81.0,0.13554,7.0
1753531750494,12:09:10.494,AIN/USDT:USDT,0.13546,149.0,0.13545,4.0,0.13552,81.0,0.13554,7.0
1753531750764,12:09:10.764,AIN/USDT:USDT,0.13546,149.0,0.13545,4.0,0.13552,81.0,0.13554,7.0
1753531751045,12:09:11.045,AIN/USDT:USDT,0.13536,9.0,0.13535,43.0,0.13548,3.0,0.13549,36.0
1753531751147,12:09:11.147,AIN/USDT:USDT,0.13537,36.0,0.13536,17.0,0.13548,3.0,0.13549,36.0
1753531751207,12:09:11.207,AIN/USDT:USDT,0.13537,39.0,0.13536,17.0,0.13548,3.0,0.13549,36.0
1753531751257,12:09:11.257,AIN/USDT:USDT,0.13537,39.0,0.13536,17.0,0.13548,3.0,0.13549,36.0
1753531751639,12:09:11.639,AIN/USDT:USDT,0.13538,6.0,0.13537,39.0,0.13548,6.0,0.13549,36.0
1753531751660,12:09:11.660,AIN/USDT:USDT,0.13538,6.0,0.13537,39.0,0.13548,6.0,0.13549,36.0
1753531752101,12:09:12.101,AIN/USDT:USDT,0.13538,6.0,0.13537,39.0,0.13548,9.0,0.13549,36.0
1753531752369,12:09:12.369,AIN/USDT:USDT,0.13538,6.0,0.13537,36.0,0.13548,9.0,0.13549,36.0
1753531752524,12:09:12.524,AIN/USDT:USDT,0.13538,6.0,0.13537,36.0,0.13548,9.0,0.13549,36.0
1753531752873,12:09:12.873,AIN/USDT:USDT,0.13538,6.0,0.13537,36.0,0.13548,9.0,0.13549,36.0
1753531753597,12:09:13.597,AIN/USDT:USDT,0.13539,14.0,0.13538,6.0,0.13548,9.0,0.13549,36.0
1753531753755,12:09:13.755,AIN/USDT:USDT,0.13539,14.0,0.13538,6.0,0.13548,9.0,0.13549,36.0
1753531754077,12:09:14.077,AIN/USDT:USDT,0.13539,14.0,0.13538,6.0,0.13548,9.0,0.13549,36.0
1753531754174,12:09:14.174,AIN/USDT:USDT,0.13539,14.0,0.13538,6.0,0.13548,9.0,0.13549,36.0
1753531754533,12:09:14.533,AIN/USDT:USDT,0.13539,14.0,0.13538,6.0,0.13548,9.0,0.13549,36.0
1753531754599,12:09:14.599,AIN/USDT:USDT,0.13539,14.0,0.13538,6.0,0.13548,9.0,0.13549,36.0
1753531755192,12:09:15.192,AIN/USDT:USDT,0.13539,14.0,0.13538,6.0,0.13548,9.0,0.13549,36.0
1753531755294,12:09:15.294,AIN/USDT:USDT,0.13539,14.0,0.13538,6.0,0.13548,9.0,0.13549,36.0
1753531755395,12:09:15.395,AIN/USDT:USDT,0.13539,14.0,0.13538,6.0,0.13548,9.0,0.13549,36.0
1753531755631,12:09:15.631,AIN/USDT:USDT,0.13539,14.0,0.13538,6.0,0.13548,9.0,0.13549,36.0
1753531755829,12:09:15.829,AIN/USDT:USDT,0.13539,14.0,0.13538,6.0,0.13548,9.0,0.13549,36.0
1753531755879,12:09:15.879,AIN/USDT:USDT,0.13539,4.0,0.13538,6.0,0.13548,9.0,0.13549,36.0
1753531756083,12:09:16.083,AIN/USDT:USDT,0.13537,36.0,0.13536,17.0,0.13548,9.0,0.13549,36.0
1753531756292,12:09:16.292,AIN/USDT:USDT,0.13538,9.0,0.13537,36.0,0.13548,3.0,0.13549,36.0
1753531756671,12:09:16.671,AIN/USDT:USDT,0.13538,9.0,0.13537,36.0,0.13548,3.0,0.13549,36.0
1753531757266,12:09:17.266,AIN/USDT:USDT,0.13538,9.0,0.13537,36.0,0.13548,3.0,0.13549,36.0
1753531757394,12:09:17.394,AIN/USDT:USDT,0.13538,9.0,0.13537,36.0,0.13548,3.0,0.13549,36.0
1753531757507,12:09:17.507,AIN/USDT:USDT,0.13538,9.0,0.13537,36.0,0.13548,3.0,0.13549,36.0
1753531757846,12:09:17.846,AIN/USDT:USDT,0.13538,10.0,0.13536,17.0,0.13546,3.0,0.13547,16.0
1753531757932,12:09:17.932,AIN/USDT:USDT,0.13538,10.0,0.13536,17.0,0.13546,3.0,0.13547,6.0
1753531758038,12:09:18.038,AIN/USDT:USDT,0.13538,10.0,0.13536,11.0,0.13546,3.0,0.13547,6.0
1753531758052,12:09:18.052,AIN/USDT:USDT,0.13538,10.0,0.13536,11.0,0.13546,3.0,0.13547,6.0
1753531758206,12:09:18.206,AIN/USDT:USDT,0.13538,14.0,0.13536,11.0,0.13546,3.0,0.13547,3.0
1753531758326,12:09:18.326,AIN/USDT:USDT,0.13538,24.0,0.13536,17.0,0.13546,3.0,0.13548,3.0
1753531758363,12:09:18.363,AIN/USDT:USDT,0.13538,24.0,0.13536,17.0,0.13546,3.0,0.13548,3.0
1753531758840,12:09:18.840,AIN/USDT:USDT,0.13539,3.0,0.13538,20.0,0.13546,3.0,0.13547,8.0
1753531758901,12:09:18.901,AIN/USDT:USDT,0.13538,10.0,0.13536,17.0,0.13546,3.0,0.13547,8.0
1753531759028,12:09:19.028,AIN/USDT:USDT,0.13538,10.0,0.13536,17.0,0.13546,3.0,0.13547,8.0
1753531759071,12:09:19.071,AIN/USDT:USDT,0.13538,4.0,0.13536,17.0,0.13546,3.0,0.13547,8.0
1753531759201,12:09:19.201,AIN/USDT:USDT,0.13536,20.0,0.13535,7.0,0.13546,3.0,0.13547,8.0
1753531759306,12:09:19.306,AIN/USDT:USDT,0.13536,14.0,0.13535,7.0,0.13546,3.0,0.13547,4.0
1753531759622,12:09:19.622,AIN/USDT:USDT,0.13536,14.0,0.13535,7.0,0.13546,3.0,0.13547,4.0
1753531759732,12:09:19.732,AIN/USDT:USDT,0.13536,24.0,0.13535,7.0,0.13546,3.0,0.13548,3.0
1753531760094,12:09:20.094,AIN/USDT:USDT,0.13536,24.0,0.13535,7.0,0.13546,3.0,0.13548,3.0
1753531760407,12:09:20.407,AIN/USDT:USDT,0.13536,20.0,0.13535,7.0,0.13546,3.0,0.13548,3.0
1753531760494,12:09:20.494,AIN/USDT:USDT,0.13536,20.0,0.13535,7.0,0.13546,3.0,0.13548,3.0
1753531760984,12:09:20.984,AIN/USDT:USDT,0.13536,20.0,0.13535,7.0,0.13546,3.0,0.13548,3.0
1753531762233,12:09:22.233,AIN/USDT:USDT,0.13536,11.0,0.13535,7.0,0.13546,3.0,0.13548,3.0
1753531762278,12:09:22.278,AIN/USDT:USDT,0.13536,11.0,0.13535,7.0,0.13546,3.0,0.13548,3.0
1753531762551,12:09:22.551,AIN/USDT:USDT,0.13536,11.0,0.13535,7.0,0.13546,3.0,0.13548,3.0
1753531763231,12:09:23.231,AIN/USDT:USDT,0.13536,17.0,0.13535,7.0,0.13546,3.0,0.13548,3.0
1753531763403,12:09:23.403,AIN/USDT:USDT,0.13536,17.0,0.13535,7.0,0.13546,3.0,0.13548,3.0
1753531763866,12:09:23.866,AIN/USDT:USDT,0.13536,17.0,0.13535,7.0,0.13546,3.0,0.13548,3.0
1753531764188,12:09:24.188,AIN/USDT:USDT,0.13536,17.0,0.13535,7.0,0.13546,3.0,0.13548,3.0
1753531764656,12:09:24.656,AIN/USDT:USDT,0.13536,11.0,0.13535,7.0,0.13546,3.0,0.13548,3.0
1753531764912,12:09:24.912,AIN/USDT:USDT,0.13537,3.0,0.13536,17.0,0.13546,3.0,0.13548,3.0
1753531764953,12:09:24.953,AIN/USDT:USDT,0.13537,7.0,0.13536,17.0,0.13546,3.0,0.13548,3.0
1753531765061,12:09:25.061,AIN/USDT:USDT,0.13537,7.0,0.13536,11.0,0.13546,3.0,0.13548,3.0
1753531765496,12:09:25.496,AIN/USDT:USDT,0.13537,7.0,0.13536,11.0,0.13546,3.0,0.13548,3.0
1753531765553,12:09:25.553,AIN/USDT:USDT,0.13537,7.0,0.13536,11.0,0.13546,6.0,0.13548,3.0
1753531765692,12:09:25.692,AIN/USDT:USDT,0.13537,7.0,0.13536,6.0,0.13546,6.0,0.13548,3.0
1753531766038,12:09:26.038,AIN/USDT:USDT,0.13537,4.0,0.13536,6.0,0.13546,6.0,0.13548,3.0
1753531767367,12:09:27.367,AIN/USDT:USDT,0.13537,7.0,0.13536,6.0,0.13546,6.0,0.13548,3.0
1753531767800,12:09:27.800,AIN/USDT:USDT,0.13537,11.0,0.13536,6.0,0.13546,3.0,0.13548,3.0
1753531767906,12:09:27.906,AIN/USDT:USDT,0.13537,4.0,0.13536,6.0,0.13546,3.0,0.13548,3.0
1753531768035,12:09:28.035,AIN/USDT:USDT,0.13537,4.0,0.13535,7.0,0.13546,6.0,0.13548,3.0
1753531768148,12:09:28.148,AIN/USDT:USDT,0.13535,7.0,0.13534,6.0,0.13546,9.0,0.13548,3.0
1753531768236,12:09:28.236,AIN/USDT:USDT,0.13537,3.0,0.13536,6.0,0.13546,9.0,0.13548,3.0
1753531768334,12:09:28.334,AIN/USDT:USDT,0.13536,6.0,0.13535,10.0,0.13544,3.0,0.13545,52.0
1753531768449,12:09:28.449,AIN/USDT:USDT,0.13537,3.0,0.13536,10.0,0.13544,3.0,0.13545,52.0
1753531768739,12:09:28.739,AIN/USDT:USDT,0.13537,3.0,0.13536,10.0,0.13544,3.0,0.13545,52.0
1753531769225,12:09:29.225,AIN/USDT:USDT,0.13536,6.0,0.13535,10.0,0.13544,3.0,0.13545,52.0
1753531769636,12:09:29.636,AIN/USDT:USDT,0.13536,6.0,0.13535,10.0,0.13544,3.0,0.13545,52.0
1753531769698,12:09:29.698,AIN/USDT:USDT,0.13536,6.0,0.13535,10.0,0.13544,3.0,0.13545,52.0
1753531770122,12:09:30.122,AIN/USDT:USDT,0.13535,10.0,0.13534,6.0,0.13544,3.0,0.13545,52.0
1753531770292,12:09:30.292,AIN/USDT:USDT,0.13535,14.0,0.13534,6.0,0.13544,3.0,0.13545,52.0
1753531770418,12:09:30.418,AIN/USDT:USDT,0.13535,14.0,0.13534,6.0,0.13544,6.0,0.13545,52.0
1753531770497,12:09:30.497,AIN/USDT:USDT,0.13535,14.0,0.13534,6.0,0.13544,6.0,0.13545,52.0
1753531770721,12:09:30.721,AIN/USDT:USDT,0.13535,18.0,0.13534,6.0,0.13544,3.0,0.13545,52.0
1753531770753,12:09:30.753,AIN/USDT:USDT,0.13535,18.0,0.13534,6.0,0.13544,6.0,0.13545,52.0
1753531770911,12:09:30.911,AIN/USDT:USDT,0.13535,18.0,0.13534,6.0,0.13544,6.0,0.13545,52.0
1753531771020,12:09:31.020,AIN/USDT:USDT,0.13536,6.0,0.13535,18.0,0.13544,3.0,0.13545,52.0
1753531771350,12:09:31.350,AIN/USDT:USDT,0.13537,3.0,0.13536,6.0,0.13544,3.0,0.13545,52.0
1753531771641,12:09:31.641,AIN/USDT:USDT,0.13537,3.0,0.13536,6.0,0.13545,52.0,0.13548,3.0
1753531771689,12:09:31.689,AIN/USDT:USDT,0.13537,3.0,0.13536,6.0,0.13545,55.0,0.13548,3.0
1753531771761,12:09:31.761,AIN/USDT:USDT,0.13537,3.0,0.13536,6.0,0.13545,55.0,0.13548,3.0
1753531772243,12:09:32.243,AIN/USDT:USDT,0.13539,47.0,0.13538,8.0,0.13545,52.0,0.13548,3.0
1753531772348,12:09:32.348,AIN/USDT:USDT,0.13543,3.0,0.13542,21.0,0.13552,26.0,0.13554,3.0
1753531772350,12:09:32.350,AIN/USDT:USDT,0.13543,3.0,0.13542,21.0,0.13552,26.0,0.13554,3.0
1753531772531,12:09:32.531,AIN/USDT:USDT,0.13543,3.0,0.13542,21.0,0.13554,29.0,0.13556,3.0
1753531772648,12:09:32.648,AIN/USDT:USDT,0.13543,3.0,0.13542,21.0,0.13554,29.0,0.13556,3.0
1753531772657,12:09:32.657,AIN/USDT:USDT,0.13543,3.0,0.13542,21.0,0.13554,29.0,0.13556,3.0
1753531772842,12:09:32.842,AIN/USDT:USDT,0.13545,3.0,0.13544,6.0,0.13554,29.0,0.13556,3.0
1753531772923,12:09:32.923,AIN/USDT:USDT,0.13545,7.0,0.13544,6.0,0.13554,29.0,0.13556,3.0
1753531772995,12:09:32.995,AIN/USDT:USDT,0.13545,7.0,0.13543,3.0,0.13554,29.0,0.13556,3.0
1753531773147,12:09:33.147,AIN/USDT:USDT,0.13545,7.0,0.13544,6.0,0.13554,29.0,0.13556,3.0
1753531773237,12:09:33.237,AIN/USDT:USDT,0.13547,3.0,0.13546,6.0,0.13554,26.0,0.13558,3.0
1753531773347,12:09:33.347,AIN/USDT:USDT,0.13547,3.0,0.13546,6.0,0.13554,26.0,0.13558,3.0
1753531773399,12:09:33.399,AIN/USDT:USDT,0.13549,3.0,0.13547,3.0,0.13558,29.0,0.1356,39.0
1753531773540,12:09:33.540,AIN/USDT:USDT,0.13549,7.0,0.13548,10.0,0.13558,29.0,0.1356,39.0
1753531773585,12:09:33.585,AIN/USDT:USDT,0.13549,11.0,0.13548,14.0,0.13558,29.0,0.1356,39.0
1753531773800,12:09:33.800,AIN/USDT:USDT,0.13549,11.0,0.13548,14.0,0.13558,26.0,0.1356,39.0
1753531774099,12:09:34.099,AIN/USDT:USDT,0.13549,11.0,0.13548,8.0,0.13557,3.0,0.13558,26.0
1753531774288,12:09:34.288,AIN/USDT:USDT,0.13549,11.0,0.13548,8.0,0.13557,3.0,0.13558,26.0
1753531774443,12:09:34.443,AIN/USDT:USDT,0.13549,11.0,0.13548,8.0,0.13557,3.0,0.13558,26.0
1753531774540,12:09:34.540,AIN/USDT:USDT,0.13549,11.0,0.13548,14.0,0.13558,26.0,0.1356,3.0
1753531774558,12:09:34.558,AIN/USDT:USDT,0.13551,3.0,0.1355,6.0,0.13558,26.0,0.1356,3.0
1753531774743,12:09:34.743,AIN/USDT:USDT,0.13551,3.0,0.1355,6.0,0.13558,26.0,0.1356,3.0
1753531774911,12:09:34.911,AIN/USDT:USDT,0.13551,3.0,0.1355,6.0,0.13558,26.0,0.1356,3.0
1753531775222,12:09:35.222,AIN/USDT:USDT,0.13551,3.0,0.13549,3.0,0.13557,3.0,0.13558,3.0
1753531775330,12:09:35.330,AIN/USDT:USDT,0.13551,3.0,0.13549,3.0,0.13557,3.0,0.13558,3.0
1753531775401,12:09:35.401,AIN/USDT:USDT,0.13551,3.0,0.13549,3.0,0.13557,3.0,0.13558,3.0
1753531775702,12:09:35.702,AIN/USDT:USDT,0.13551,3.0,0.13549,3.0,0.13557,3.0,0.13558,3.0
1753531776072,12:09:36.072,AIN/USDT:USDT,0.13551,3.0,0.13549,7.0,0.13558,3.0,0.13559,40.0
1753531776172,12:09:36.172,AIN/USDT:USDT,0.13551,7.0,0.1355,4.0,0.13559,36.0,0.1356,29.0
1753531776549,12:09:36.549,AIN/USDT:USDT,0.13554,17.0,0.13553,8.0,0.1356,20.0,0.13571,36.0
1753531776609,12:09:36.609,AIN/USDT:USDT,0.13554,17.0,0.13553,8.0,0.1356,20.0,0.13571,36.0
1753531776721,12:09:36.721,AIN/USDT:USDT,0.13554,11.0,0.13553,8.0,0.1356,20.0,0.13564,6.0
1753531777139,12:09:37.139,AIN/USDT:USDT,0.13554,11.0,0.13553,8.0,0.1356,20.0,0.13564,6.0
1753531777231,12:09:37.231,AIN/USDT:USDT,0.13554,11.0,0.13553,8.0,0.1356,20.0,0.13562,6.0
1753531777332,12:09:37.332,AIN/USDT:USDT,0.13554,2.0,0.13553,4.0,0.13558,6.0,0.13559,3.0
1753531777362,12:09:37.362,AIN/USDT:USDT,0.13554,2.0,0.13553,4.0,0.13558,6.0,0.13559,3.0
1753531777571,12:09:37.571,AIN/USDT:USDT,0.13554,2.0,0.13553,4.0,0.13558,6.0,0.13559,3.0
1753531777833,12:09:37.833,AIN/USDT:USDT,0.13547,3.0,0.13545,39.0,0.13557,6.0,0.13558,9.0
1753531777892,12:09:37.892,AIN/USDT:USDT,0.13547,3.0,0.13545,3.0,0.13557,6.0,0.13558,9.0
1753531778018,12:09:38.018,AIN/USDT:USDT,0.13547,3.0,0.13545,3.0,0.13557,6.0,0.13558,9.0
1753531778474,12:09:38.474,AIN/USDT:USDT,0.13547,3.0,0.13545,3.0,0.13557,6.0,0.13558,9.0
1753531778641,12:09:38.641,AIN/USDT:USDT,0.13547,3.0,0.13546,6.0,0.13557,6.0,0.13558,9.0
1753531778905,12:09:38.905,AIN/USDT:USDT,0.13547,3.0,0.13546,6.0,0.13557,6.0,0.13558,9.0
1753531779295,12:09:39.295,AIN/USDT:USDT,0.13547,3.0,0.13546,6.0,0.13557,6.0,0.13558,9.0
1753531779723,12:09:39.723,AIN/USDT:USDT,0.13547,3.0,0.13546,6.0,0.13557,6.0,0.13558,9.0
1753531780192,12:09:40.192,AIN/USDT:USDT,0.13547,11.0,0.13546,6.0,0.13557,3.0,0.13559,3.0
1753531780546,12:09:40.546,AIN/USDT:USDT,0.13549,3.0,0.13548,6.0,0.13557,3.0,0.13559,3.0
1753531780558,12:09:40.558,AIN/USDT:USDT,0.13549,3.0,0.13548,6.0,0.13557,3.0,0.13559,3.0
1753531780975,12:09:40.975,AIN/USDT:USDT,0.13549,3.0,0.13548,6.0,0.13559,3.0,0.1356,20.0
1753531781285,12:09:41.285,AIN/USDT:USDT,0.13549,3.0,0.13548,6.0,0.13559,3.0,0.1356,20.0
1753531781402,12:09:41.402,AIN/USDT:USDT,0.13549,3.0,0.13548,6.0,0.13559,3.0,0.1356,20.0
1753531782035,12:09:42.035,AIN/USDT:USDT,0.13549,3.0,0.13548,6.0,0.13559,3.0,0.1356,20.0
1753531782060,12:09:42.060,AIN/USDT:USDT,0.13549,3.0,0.13548,42.0,0.1356,20.0,0.13562,6.0
1753531782234,12:09:42.234,AIN/USDT:USDT,0.13549,3.0,0.13548,42.0,0.1356,23.0,0.13562,6.0
1753531782679,12:09:42.679,AIN/USDT:USDT,0.13549,3.0,0.13548,42.0,0.1356,23.0,0.13562,6.0
1753531783012,12:09:43.012,AIN/USDT:USDT,0.13549,3.0,0.13548,42.0,0.1356,20.0,0.13562,6.0
1753531783245,12:09:43.245,AIN/USDT:USDT,0.13549,3.0,0.13548,42.0,0.13559,3.0,0.1356,20.0
1753531783338,12:09:43.338,AIN/USDT:USDT,0.13548,42.0,0.13547,7.0,0.13559,6.0,0.1356,20.0
1753531783368,12:09:43.368,AIN/USDT:USDT,0.13549,3.0,0.13548,42.0,0.13559,6.0,0.1356,20.0
1753531783497,12:09:43.497,AIN/USDT:USDT,0.13549,3.0,0.13548,42.0,0.13559,6.0,0.1356,20.0
1753531784096,12:09:44.096,AIN/USDT:USDT,0.13549,3.0,0.13548,42.0,0.13559,6.0,0.1356,20.0
1753531784406,12:09:44.406,AIN/USDT:USDT,0.13549,3.0,0.13548,42.0,0.13559,6.0,0.1356,20.0
1753531784725,12:09:44.725,AIN/USDT:USDT,0.13549,3.0,0.13548,42.0,0.13559,6.0,0.1356,20.0
1753531785441,12:09:45.441,AIN/USDT:USDT,0.13545,3.0,0.13544,6.0,0.13557,3.0,0.13558,36.0
1753531785457,12:09:45.457,AIN/USDT:USDT,0.13545,3.0,0.13544,6.0,0.13557,3.0,0.13558,36.0
1753531785641,12:09:45.641,AIN/USDT:USDT,0.13545,3.0,0.13544,6.0,0.13557,3.0,0.13558,36.0
1753531786414,12:09:46.414,AIN/USDT:USDT,0.13545,3.0,0.13544,6.0,0.13557,3.0,0.13558,36.0
1753531787407,12:09:47.407,AIN/USDT:USDT,0.13545,3.0,0.13544,6.0,0.13557,3.0,0.13558,36.0
1753531787652,12:09:47.652,AIN/USDT:USDT,0.13545,3.0,0.13544,6.0,0.13557,3.0,0.13558,36.0
1753531787817,12:09:47.817,AIN/USDT:USDT,0.13545,3.0,0.13544,6.0,0.13557,3.0,0.13558,36.0
1753531787933,12:09:47.933,AIN/USDT:USDT,0.13548,17.0,0.13547,4.0,0.13558,36.0,0.13559,3.0
1753531788067,12:09:48.067,AIN/USDT:USDT,0.13548,17.0,0.13547,4.0,0.13558,36.0,0.13559,3.0
1753531788491,12:09:48.491,AIN/USDT:USDT,0.13548,17.0,0.13547,4.0,0.13558,36.0,0.13559,3.0
1753531788798,12:09:48.798,AIN/USDT:USDT,0.13548,17.0,0.13547,4.0,0.13558,36.0,0.13559,3.0
1753531788923,12:09:48.923,AIN/USDT:USDT,0.13548,17.0,0.13547,4.0,0.13558,36.0,0.13559,3.0
1753531789006,12:09:49.006,AIN/USDT:USDT,0.13548,11.0,0.13547,4.0,0.13557,6.0,0.13558,36.0
1753531789337,12:09:49.337,AIN/USDT:USDT,0.13548,11.0,0.13547,4.0,0.13557,6.0,0.13558,36.0
1753531789555,12:09:49.555,AIN/USDT:USDT,0.13548,11.0,0.13547,4.0,0.13557,6.0,0.13558,36.0
1753531789755,12:09:49.755,AIN/USDT:USDT,0.13548,11.0,0.13547,4.0,0.13557,6.0,0.13558,36.0
1753531790019,12:09:50.019,AIN/USDT:USDT,0.13548,11.0,0.13547,4.0,0.13557,6.0,0.13558,36.0
1753531790435,12:09:50.435,AIN/USDT:USDT,0.13548,11.0,0.13547,4.0,0.13557,6.0,0.13558,36.0
1753531790849,12:09:50.849,AIN/USDT:USDT,0.13548,11.0,0.13547,4.0,0.13557,6.0,0.13558,36.0
1753531790850,12:09:50.850,AIN/USDT:USDT,0.13548,11.0,0.13547,4.0,0.13557,6.0,0.13558,36.0
1753531790957,12:09:50.957,AIN/USDT:USDT,0.13548,11.0,0.13547,4.0,0.13557,6.0,0.13558,36.0
1753531791074,12:09:51.074,AIN/USDT:USDT,0.13548,11.0,0.13547,4.0,0.13557,6.0,0.13558,36.0
1753531791219,12:09:51.219,AIN/USDT:USDT,0.13548,11.0,0.13547,4.0,0.13557,6.0,0.13558,36.0
1753531791464,12:09:51.464,AIN/USDT:USDT,0.13548,11.0,0.13547,4.0,0.13557,6.0,0.13558,36.0
1753531791572,12:09:51.572,AIN/USDT:USDT,0.13548,11.0,0.13547,4.0,0.13557,6.0,0.13558,36.0
1753531791798,12:09:51.798,AIN/USDT:USDT,0.13548,11.0,0.13547,4.0,0.13557,6.0,0.13558,36.0
1753531792240,12:09:52.240,AIN/USDT:USDT,0.13548,11.0,0.13547,4.0,0.13558,36.0,0.13559,3.0
1753531792327,12:09:52.327,AIN/USDT:USDT,0.1355,9.0,0.13548,17.0,0.13559,3.0,0.1356,20.0
1753531792369,12:09:52.369,AIN/USDT:USDT,0.1355,9.0,0.13548,17.0,0.1356,20.0,0.13562,6.0
1753531792627,12:09:52.627,AIN/USDT:USDT,0.1355,9.0,0.13548,17.0,0.1356,20.0,0.13562,6.0
1753531792772,12:09:52.772,AIN/USDT:USDT,0.1355,9.0,0.13548,17.0,0.1356,20.0,0.13562,6.0
1753531792885,12:09:52.885,AIN/USDT:USDT,0.1355,9.0,0.13548,17.0,0.1356,20.0,0.13562,6.0
1753531793453,12:09:53.453,AIN/USDT:USDT,0.1355,9.0,0.13548,17.0,0.1356,20.0,0.13562,6.0
1753531793696,12:09:53.696,AIN/USDT:USDT,0.1355,9.0,0.13548,17.0,0.1356,20.0,0.13562,6.0
1753531793942,12:09:53.942,AIN/USDT:USDT,0.1355,9.0,0.13548,17.0,0.13559,3.0,0.1356,20.0
1753531794303,12:09:54.303,AIN/USDT:USDT,0.1355,9.0,0.13548,17.0,0.13559,3.0,0.1356,20.0
1753531794724,12:09:54.724,AIN/USDT:USDT,0.1355,9.0,0.13548,17.0,0.13559,3.0,0.1356,20.0
1753531795162,12:09:55.162,AIN/USDT:USDT,0.1355,9.0,0.13548,17.0,0.13559,3.0,0.1356,20.0
1753531796519,12:09:56.519,AIN/USDT:USDT,0.1355,9.0,0.13548,17.0,0.1356,23.0,0.13562,6.0
1753531796802,12:09:56.802,AIN/USDT:USDT,0.1355,9.0,0.13548,17.0,0.1356,23.0,0.13562,6.0
1753531797625,12:09:57.625,AIN/USDT:USDT,0.1355,9.0,0.13548,17.0,0.1356,23.0,0.13562,6.0
1753531798496,12:09:58.496,AIN/USDT:USDT,0.1355,9.0,0.13548,17.0,0.1356,23.0,0.13562,6.0
1753531798634,12:09:58.634,AIN/USDT:USDT,0.1355,9.0,0.13548,17.0,0.1356,23.0,0.13562,6.0
1753531798656,12:09:58.656,AIN/USDT:USDT,0.1355,3.0,0.13548,17.0,0.1356,23.0,0.13562,6.0
1753531799341,12:09:59.341,AIN/USDT:USDT,0.1355,9.0,0.13548,17.0,0.1356,23.0,0.13562,6.0
1753531799528,12:09:59.528,AIN/USDT:USDT,0.1355,9.0,0.13548,17.0,0.1356,23.0,0.13564,6.0
1753531800142,12:10:00.142,AIN/USDT:USDT,0.1355,3.0,0.13548,11.0,0.1356,26.0,0.13564,6.0
1753531800239,12:10:00.239,AIN/USDT:USDT,0.1355,3.0,0.13548,11.0,0.1356,26.0,0.13564,6.0
1753531800323,12:10:00.323,AIN/USDT:USDT,0.1355,3.0,0.13548,11.0,0.1356,26.0,0.13564,6.0
1753531800362,12:10:00.362,AIN/USDT:USDT,0.1355,3.0,0.13548,11.0,0.1356,26.0,0.13564,6.0
1753531800492,12:10:00.492,AIN/USDT:USDT,0.1355,3.0,0.13548,7.0,0.1356,6.0,0.13562,7.0
1753531800741,12:10:00.741,AIN/USDT:USDT,0.13548,7.0,0.13545,3.0,0.1356,6.0,0.13562,7.0
1753531800942,12:10:00.942,AIN/USDT:USDT,0.13548,7.0,0.13545,39.0,0.1356,6.0,0.13562,7.0
1753531801027,12:10:01.027,AIN/USDT:USDT,0.13548,7.0,0.13546,6.0,0.1356,6.0,0.13562,7.0
1753531801223,12:10:01.223,AIN/USDT:USDT,0.13548,7.0,0.13546,6.0,0.1356,6.0,0.13562,7.0
1753531801278,12:10:01.278,AIN/USDT:USDT,0.13548,7.0,0.13546,6.0,0.1356,6.0,0.13562,7.0
1753531801421,12:10:01.421,AIN/USDT:USDT,0.13548,7.0,0.13546,6.0,0.1356,6.0,0.13562,7.0
1753531801644,12:10:01.644,AIN/USDT:USDT,0.13548,13.0,0.13546,6.0,0.1356,3.0,0.13563,26.0
1753531801711,12:10:01.711,AIN/USDT:USDT,0.13548,7.0,0.13546,6.0,0.1356,3.0,0.13563,26.0
1753531802370,12:10:02.370,AIN/USDT:USDT,0.13548,7.0,0.13546,6.0,0.1356,3.0,0.13563,26.0
1753531802533,12:10:02.533,AIN/USDT:USDT,0.13548,7.0,0.13546,6.0,0.1356,3.0,0.13563,26.0
1753531802777,12:10:02.777,AIN/USDT:USDT,0.13548,7.0,0.13546,6.0,0.1356,3.0,0.13563,26.0
1753531802966,12:10:02.966,AIN/USDT:USDT,0.13548,7.0,0.13546,6.0,0.1356,3.0,0.13563,26.0
1753531803099,12:10:03.099,AIN/USDT:USDT,0.13548,7.0,0.13546,6.0,0.1356,3.0,0.13562,7.0
1753531803232,12:10:03.232,AIN/USDT:USDT,0.13545,3.0,0.13544,6.0,0.13558,6.0,0.13559,39.0
1753531803297,12:10:03.297,AIN/USDT:USDT,0.13545,3.0,0.13544,6.0,0.13558,6.0,0.13559,39.0
1753531803367,12:10:03.367,AIN/USDT:USDT,0.13545,3.0,0.13544,6.0,0.13558,6.0,0.13559,39.0
1753531803806,12:10:03.806,AIN/USDT:USDT,0.13545,3.0,0.13544,6.0,0.13558,6.0,0.13559,39.0
1753531804304,12:10:04.304,AIN/USDT:USDT,0.13549,7.0,0.13548,4.0,0.13558,6.0,0.13559,39.0
1753531804430,12:10:04.430,AIN/USDT:USDT,0.13549,7.0,0.13548,8.0,0.13558,6.0,0.13559,39.0
1753531804728,12:10:04.728,AIN/USDT:USDT,0.13549,7.0,0.13548,8.0,0.13558,6.0,0.13559,39.0
1753531805384,12:10:05.384,AIN/USDT:USDT,0.13549,7.0,0.13548,8.0,0.13558,6.0,0.13559,39.0
1753531805566,12:10:05.566,AIN/USDT:USDT,0.13549,7.0,0.13548,8.0,0.13558,6.0,0.13559,39.0
1753531806133,12:10:06.133,AIN/USDT:USDT,0.13549,3.0,0.13545,3.0,0.13556,6.0,0.13557,58.0
1753531806181,12:10:06.181,AIN/USDT:USDT,0.13545,3.0,0.13543,3.0,0.13556,6.0,0.13557,58.0
1753531806412,12:10:06.412,AIN/USDT:USDT,0.13545,3.0,0.13544,6.0,0.13556,6.0,0.13557,58.0
1753531806714,12:10:06.714,AIN/USDT:USDT,0.13545,3.0,0.13543,3.0,0.13556,6.0,0.13557,58.0
1753531806849,12:10:06.849,AIN/USDT:USDT,0.13545,3.0,0.13543,3.0,0.13556,6.0,0.13557,58.0
1753531806852,12:10:06.852,AIN/USDT:USDT,0.13545,3.0,0.13543,3.0,0.13556,6.0,0.13557,58.0
1753531807305,12:10:07.305,AIN/USDT:USDT,0.13545,3.0,0.13543,3.0,0.13556,6.0,0.13557,58.0
1753531807621,12:10:07.621,AIN/USDT:USDT,0.13545,3.0,0.13543,3.0,0.13556,6.0,0.13557,58.0
1753531807800,12:10:07.800,AIN/USDT:USDT,0.13545,11.0,0.13544,6.0,0.13556,6.0,0.13557,58.0
1753531807935,12:10:07.935,AIN/USDT:USDT,0.13545,11.0,0.13544,6.0,0.13556,3.0,0.13557,52.0
1753531808097,12:10:08.097,AIN/USDT:USDT,0.13545,11.0,0.13544,6.0,0.13556,6.0,0.13557,52.0
1753531808398,12:10:08.398,AIN/USDT:USDT,0.13545,11.0,0.13544,6.0,0.13556,6.0,0.13557,52.0
1753531808501,12:10:08.501,AIN/USDT:USDT,0.13545,11.0,0.13544,6.0,0.13556,6.0,0.13557,52.0
1753531808570,12:10:08.570,AIN/USDT:USDT,0.13545,11.0,0.13544,6.0,0.13556,6.0,0.13557,52.0
1753531808664,12:10:08.664,AIN/USDT:USDT,0.13545,11.0,0.13544,6.0,0.13556,6.0,0.13557,52.0
1753531808846,12:10:08.846,AIN/USDT:USDT,0.13545,11.0,0.13544,6.0,0.13556,6.0,0.13557,52.0
1753531808849,12:10:08.849,AIN/USDT:USDT,0.13545,11.0,0.13544,6.0,0.13556,6.0,0.13557,52.0
1753531808965,12:10:08.965,AIN/USDT:USDT,0.13545,11.0,0.13544,6.0,0.13556,6.0,0.13557,52.0
1753531809707,12:10:09.707,AIN/USDT:USDT,0.13545,11.0,0.13544,6.0,0.13556,6.0,0.13557,52.0
1753531809764,12:10:09.764,AIN/USDT:USDT,0.13545,11.0,0.13544,6.0,0.13556,6.0,0.13557,52.0
1753531809873,12:10:09.873,AIN/USDT:USDT,0.13545,11.0,0.13544,6.0,0.13556,3.0,0.13557,52.0
1753531810053,12:10:10.053,AIN/USDT:USDT,0.13545,11.0,0.13544,6.0,0.13556,3.0,0.13557,52.0
1753531810304,12:10:10.304,AIN/USDT:USDT,0.13545,11.0,0.13544,6.0,0.13556,6.0,0.13557,52.0
1753531810372,12:10:10.372,AIN/USDT:USDT,0.13545,11.0,0.13544,6.0,0.13556,6.0,0.13557,52.0
1753531811043,12:10:11.043,AIN/USDT:USDT,0.13543,3.0,0.13542,6.0,0.13556,6.0,0.13557,52.0
1753531811055,12:10:11.055,AIN/USDT:USDT,0.13543,3.0,0.13542,6.0,0.13556,6.0,0.13557,52.0
1753531811446,12:10:11.446,AIN/USDT:USDT,0.13541,3.0,0.1354,6.0,0.13554,3.0,0.13555,10.0
1753531811517,12:10:11.517,AIN/USDT:USDT,0.13541,3.0,0.1354,6.0,0.13552,16.0,0.13554,3.0
1753531811595,12:10:11.595,AIN/USDT:USDT,0.13539,3.0,0.13538,6.0,0.13552,16.0,0.13554,3.0
1753531811746,12:10:11.746,AIN/USDT:USDT,0.13539,3.0,0.13538,6.0,0.13552,6.0,0.13554,3.0
1753531811875,12:10:11.875,AIN/USDT:USDT,0.13539,3.0,0.13538,6.0,0.13552,6.0,0.13554,3.0
1753531812312,12:10:12.312,AIN/USDT:USDT,0.13539,7.0,0.13538,6.0,0.13552,6.0,0.13554,3.0
1753531812481,12:10:12.481,AIN/USDT:USDT,0.13541,3.0,0.1354,10.0,0.13552,6.0,0.13554,3.0
1753531812573,12:10:12.573,AIN/USDT:USDT,0.13541,3.0,0.1354,10.0,0.13552,6.0,0.13554,3.0
1753531812713,12:10:12.713,AIN/USDT:USDT,0.13544,3.0,0.13543,4.0,0.13552,3.0,0.13553,4.0
1753531812896,12:10:12.896,AIN/USDT:USDT,0.13544,3.0,0.13543,4.0,0.13552,3.0,0.13553,4.0
1753531813277,12:10:13.277,AIN/USDT:USDT,0.13544,3.0,0.13543,4.0,0.13552,3.0,0.13553,4.0
1753531813407,12:10:13.407,AIN/USDT:USDT,0.13544,3.0,0.13543,4.0,0.13552,3.0,0.13553,4.0
1753531813496,12:10:13.496,AIN/USDT:USDT,0.13544,3.0,0.13543,4.0,0.13552,3.0,0.13553,4.0
1753531813833,12:10:13.833,AIN/USDT:USDT,0.13544,7.0,0.13543,8.0,0.13552,3.0,0.13553,4.0
1753531814157,12:10:14.157,AIN/USDT:USDT,0.13544,7.0,0.13543,8.0,0.13552,3.0,0.13554,7.0
1753531814431,12:10:14.431,AIN/USDT:USDT,0.13544,7.0,0.13543,8.0,0.13552,3.0,0.13554,7.0
1753531814705,12:10:14.705,AIN/USDT:USDT,0.13544,7.0,0.13543,8.0,0.13552,3.0,0.13554,7.0
1753531814846,12:10:14.846,AIN/USDT:USDT,0.13544,4.0,0.13543,8.0,0.13552,3.0,0.13554,7.0
1753531814899,12:10:14.899,AIN/USDT:USDT,0.13541,7.0,0.13539,3.0,0.13552,3.0,0.13554,11.0
1753531815194,12:10:15.194,AIN/USDT:USDT,0.13541,11.0,0.1354,6.0,0.13552,3.0,0.13554,7.0
1753531815538,12:10:15.538,AIN/USDT:USDT,0.13541,11.0,0.1354,6.0,0.13552,3.0,0.13554,7.0
1753531816012,12:10:16.012,AIN/USDT:USDT,0.13541,11.0,0.1354,6.0,0.13552,3.0,0.13554,7.0
1753531816311,12:10:16.311,AIN/USDT:USDT,0.13545,7.0,0.13544,4.0,0.13552,3.0,0.13554,3.0
1753531816363,12:10:16.363,AIN/USDT:USDT,0.13545,7.0,0.13544,4.0,0.13552,3.0,0.13554,11.0
1753531816647,12:10:16.647,AIN/USDT:USDT,0.13545,7.0,0.13544,4.0,0.13552,3.0,0.13554,7.0
1753531816795,12:10:16.795,AIN/USDT:USDT,0.13545,7.0,0.13544,4.0,0.13552,3.0,0.13554,7.0
1753531816853,12:10:16.853,AIN/USDT:USDT,0.13545,7.0,0.13544,4.0,0.13552,3.0,0.13554,11.0
1753531817129,12:10:17.129,AIN/USDT:USDT,0.13545,4.0,0.13544,4.0,0.13552,3.0,0.13554,11.0
1753531817622,12:10:17.622,AIN/USDT:USDT,0.13546,3.0,0.13545,8.0,0.13552,3.0,0.13554,3.0
1753531817720,12:10:17.720,AIN/USDT:USDT,0.13546,3.0,0.13545,8.0,0.13556,3.0,0.13557,52.0
1753531817785,12:10:17.785,AIN/USDT:USDT,0.13546,9.0,0.13545,8.0,0.13556,3.0,0.13557,52.0
1753531818037,12:10:18.037,AIN/USDT:USDT,0.13546,9.0,0.13545,8.0,0.13556,3.0,0.13557,52.0
1753531818864,12:10:18.864,AIN/USDT:USDT,0.13546,9.0,0.13545,8.0,0.13556,3.0,0.13557,52.0
1753531819048,12:10:19.048,AIN/USDT:USDT,0.13546,9.0,0.13545,8.0,0.13556,3.0,0.13557,52.0
