timestamp,time,symbol,bid1_price,bid1_volume,bid2_price,bid2_volume,ask1_price,ask1_volume,ask2_price,ask2_volume
1753531571000,12:06:11.000,API3/USDT:USDT,0.757,2104.0,0.7568,1355.0,0.7577,4.0,0.7578,173.0
1753531572713,12:06:12.713,API3/USDT:USDT,0.757,2104.0,0.7569,149.0,0.7577,4.0,0.7578,173.0
1753531575566,12:06:15.566,API3/USDT:USDT,0.757,2104.0,0.7569,149.0,0.7577,4.0,0.7578,173.0
1753531576194,12:06:16.194,API3/USDT:USDT,0.757,2104.0,0.7569,149.0,0.7577,4.0,0.7578,173.0
1753531578452,12:06:18.452,API3/USDT:USDT,0.757,2104.0,0.7569,149.0,0.7577,4.0,0.7578,173.0
1753531579970,12:06:19.970,API3/USDT:USDT,0.757,2104.0,0.7569,149.0,0.7577,4.0,0.7578,173.0
1753531580364,12:06:20.364,API3/USDT:USDT,0.757,2104.0,0.7569,149.0,0.7577,4.0,0.7578,173.0
1753531581807,12:06:21.807,API3/USDT:USDT,0.757,2104.0,0.7568,1355.0,0.7577,4.0,0.7578,173.0
1753531583810,12:06:23.810,API3/USDT:USDT,0.7569,636.0,0.7568,3462.0,0.7577,4.0,0.7578,173.0
1753531583849,12:06:23.849,API3/USDT:USDT,0.7569,636.0,0.7568,2121.0,0.7577,4.0,0.7578,173.0
1753531585170,12:06:25.170,API3/USDT:USDT,0.7569,636.0,0.7568,2121.0,0.7577,4.0,0.7578,173.0
1753531589970,12:06:29.970,API3/USDT:USDT,0.7569,636.0,0.7568,2121.0,0.7577,4.0,0.7578,173.0
1753531591251,12:06:31.251,API3/USDT:USDT,0.7568,2121.0,0.7567,1729.0,0.7577,4.0,0.7578,173.0
1753531591329,12:06:31.329,API3/USDT:USDT,0.7569,636.0,0.7568,2121.0,0.7577,4.0,0.7578,173.0
1753531593019,12:06:33.019,API3/USDT:USDT,0.7569,636.0,0.7568,2121.0,0.7577,152.0,0.7578,173.0
1753531593082,12:06:33.082,API3/USDT:USDT,0.7569,636.0,0.7568,2121.0,0.7576,25.0,0.7577,152.0
1753531593171,12:06:33.171,API3/USDT:USDT,0.7569,636.0,0.7568,2121.0,0.7575,4.0,0.7576,25.0
1753531593282,12:06:33.282,API3/USDT:USDT,0.7569,636.0,0.7568,2121.0,0.7575,4.0,0.7576,25.0
1753531593419,12:06:33.419,API3/USDT:USDT,0.7568,2121.0,0.7567,287.0,0.7575,4.0,0.7576,25.0
1753531593482,12:06:33.482,API3/USDT:USDT,0.7568,2121.0,0.7567,287.0,0.7575,4.0,0.7576,25.0
1753531593623,12:06:33.623,API3/USDT:USDT,0.7568,2121.0,0.7567,287.0,0.7575,4.0,0.7576,25.0
1753531593704,12:06:33.704,API3/USDT:USDT,0.7568,2121.0,0.7567,287.0,0.7575,4.0,0.7576,25.0
1753531594190,12:06:34.190,API3/USDT:USDT,0.7568,2121.0,0.7567,287.0,0.7575,4.0,0.7576,25.0
1753531596069,12:06:36.069,API3/USDT:USDT,0.7568,14.0,0.7566,713.0,0.7575,4.0,0.7576,25.0
1753531596148,12:06:36.148,API3/USDT:USDT,0.7568,14.0,0.7566,713.0,0.7575,4.0,0.7576,25.0
1753531597108,12:06:37.108,API3/USDT:USDT,0.7568,14.0,0.7566,713.0,0.7575,4.0,0.7576,25.0
1753531597130,12:06:37.130,API3/USDT:USDT,0.7568,14.0,0.7566,713.0,0.7575,4.0,0.7576,25.0
1753531597379,12:06:37.379,API3/USDT:USDT,0.7568,14.0,0.7566,713.0,0.7575,4.0,0.7576,25.0
1753531599281,12:06:39.281,API3/USDT:USDT,0.7568,14.0,0.7566,713.0,0.7575,4.0,0.7576,25.0
1753531599578,12:06:39.578,API3/USDT:USDT,0.7568,14.0,0.7566,713.0,0.7575,4.0,0.7576,25.0
1753531600817,12:06:40.817,API3/USDT:USDT,0.7568,14.0,0.7566,713.0,0.7575,4.0,0.7576,25.0
1753531601440,12:06:41.440,API3/USDT:USDT,0.7568,14.0,0.7566,713.0,0.7575,4.0,0.758,25.0
1753531601559,12:06:41.559,API3/USDT:USDT,0.7568,14.0,0.7566,713.0,0.7577,25.0,0.7578,271.0
1753531601634,12:06:41.634,API3/USDT:USDT,0.7568,14.0,0.7566,713.0,0.7576,4.0,0.7577,25.0
1753531601812,12:06:41.812,API3/USDT:USDT,0.7568,14.0,0.7566,713.0,0.7576,4.0,0.7577,25.0
1753531604130,12:06:44.130,API3/USDT:USDT,0.7568,14.0,0.7566,713.0,0.7576,4.0,0.7577,25.0
1753531604400,12:06:44.400,API3/USDT:USDT,0.7568,14.0,0.7566,713.0,0.7575,25.0,0.7576,152.0
1753531604436,12:06:44.436,API3/USDT:USDT,0.7568,14.0,0.7566,713.0,0.7574,4.0,0.7575,25.0
1753531604642,12:06:44.642,API3/USDT:USDT,0.7568,14.0,0.7566,713.0,0.7574,4.0,0.7575,25.0
1753531605513,12:06:45.513,API3/USDT:USDT,0.7568,14.0,0.7565,2106.0,0.7574,4.0,0.7575,25.0
1753531605694,12:06:45.694,API3/USDT:USDT,0.7568,14.0,0.7565,2106.0,0.7574,4.0,0.7575,25.0
1753531605885,12:06:45.885,API3/USDT:USDT,0.7568,14.0,0.7563,148.0,0.7574,4.0,0.7575,25.0
1753531605974,12:06:45.974,API3/USDT:USDT,0.7568,14.0,0.7563,148.0,0.7574,4.0,0.7576,173.0
1753531606061,12:06:46.061,API3/USDT:USDT,0.7568,14.0,0.7563,148.0,0.7575,177.0,0.7576,148.0
1753531606290,12:06:46.290,API3/USDT:USDT,0.7568,14.0,0.7563,148.0,0.7575,177.0,0.7576,148.0
1753531607350,12:06:47.350,API3/USDT:USDT,0.7568,14.0,0.7563,1008.0,0.7575,177.0,0.7576,148.0
1753531608481,12:06:48.481,API3/USDT:USDT,0.7568,14.0,0.7563,860.0,0.7573,4.0,0.7574,171.0
1753531608762,12:06:48.762,API3/USDT:USDT,0.7568,14.0,0.7563,860.0,0.7573,4.0,0.7574,171.0
1753531609166,12:06:49.166,API3/USDT:USDT,0.7568,14.0,0.7563,860.0,0.7573,4.0,0.7574,171.0
1753531609957,12:06:49.957,API3/USDT:USDT,0.7568,14.0,0.7563,860.0,0.7573,4.0,0.7574,171.0
1753531610320,12:06:50.320,API3/USDT:USDT,0.7568,14.0,0.7563,860.0,0.7573,4.0,0.7574,171.0
1753531610336,12:06:50.336,API3/USDT:USDT,0.7568,14.0,0.7563,860.0,0.7573,4.0,0.7574,171.0
1753531612448,12:06:52.448,API3/USDT:USDT,0.7568,14.0,0.7563,860.0,0.7573,4.0,0.7574,171.0
1753531612540,12:06:52.540,API3/USDT:USDT,0.7568,14.0,0.7563,860.0,0.7573,4.0,0.7574,171.0
1753531612804,12:06:52.804,API3/USDT:USDT,0.7568,14.0,0.7563,860.0,0.7573,4.0,0.7574,171.0
1753531613045,12:06:53.045,API3/USDT:USDT,0.7568,14.0,0.7563,860.0,0.7573,4.0,0.7574,171.0
1753531613964,12:06:53.964,API3/USDT:USDT,0.7568,14.0,0.7563,860.0,0.7573,4.0,0.7574,171.0
1753531614222,12:06:54.222,API3/USDT:USDT,0.7568,14.0,0.7562,143.0,0.7573,4.0,0.7574,171.0
1753531614290,12:06:54.290,API3/USDT:USDT,0.7568,14.0,0.7562,143.0,0.7573,4.0,0.7574,171.0
1753531616194,12:06:56.194,API3/USDT:USDT,0.7568,14.0,0.7562,143.0,0.7573,4.0,0.7574,171.0
1753531617658,12:06:57.658,API3/USDT:USDT,0.7568,14.0,0.7562,143.0,0.7573,4.0,0.7574,171.0
1753531618765,12:06:58.765,API3/USDT:USDT,0.7568,14.0,0.7562,143.0,0.7573,4.0,0.7574,171.0
1753531621169,12:07:01.169,API3/USDT:USDT,0.7568,14.0,0.7563,860.0,0.7573,4.0,0.7574,171.0
1753531621231,12:07:01.231,API3/USDT:USDT,0.7568,14.0,0.7563,860.0,0.7573,4.0,0.7574,171.0
1753531622824,12:07:02.824,API3/USDT:USDT,0.7568,14.0,0.7563,860.0,0.7573,4.0,0.7574,171.0
1753531622829,12:07:02.829,API3/USDT:USDT,0.7568,14.0,0.7563,860.0,0.7573,4.0,0.7574,171.0
1753531623569,12:07:03.569,API3/USDT:USDT,0.7568,14.0,0.7563,860.0,0.7573,4.0,0.7574,171.0
1753531624497,12:07:04.497,API3/USDT:USDT,0.7568,14.0,0.7563,860.0,0.7573,4.0,0.7574,171.0
1753531626287,12:07:06.287,API3/USDT:USDT,0.7568,14.0,0.7563,860.0,0.7573,4.0,0.7574,171.0
1753531628370,12:07:08.370,API3/USDT:USDT,0.7568,14.0,0.7563,860.0,0.7573,4.0,0.7574,171.0
1753531631334,12:07:11.334,API3/USDT:USDT,0.7568,14.0,0.7563,860.0,0.7573,4.0,0.7574,25.0
1753531631462,12:07:11.462,API3/USDT:USDT,0.7568,14.0,0.7563,860.0,0.7573,4.0,0.7574,25.0
1753531632243,12:07:12.243,API3/USDT:USDT,0.7568,14.0,0.7563,860.0,0.7573,4.0,0.7574,25.0
1753531632442,12:07:12.442,API3/USDT:USDT,0.7568,14.0,0.7563,860.0,0.7573,4.0,0.7574,25.0
1753531633166,12:07:13.166,API3/USDT:USDT,0.7568,14.0,0.7563,860.0,0.7573,4.0,0.7574,25.0
1753531634724,12:07:14.724,API3/USDT:USDT,0.7568,14.0,0.7563,860.0,0.7573,29.0,0.7576,148.0
1753531634739,12:07:14.739,API3/USDT:USDT,0.7568,14.0,0.7563,860.0,0.7573,4.0,0.7575,25.0
1753531634885,12:07:14.885,API3/USDT:USDT,0.7568,14.0,0.7562,4086.0,0.7574,4.0,0.7575,25.0
1753531635003,12:07:15.003,API3/USDT:USDT,0.7568,14.0,0.7564,2725.0,0.7574,4.0,0.7575,25.0
1753531636569,12:07:16.569,API3/USDT:USDT,0.7568,14.0,0.7565,818.0,0.7574,4.0,0.7575,25.0
1753531636630,12:07:16.630,API3/USDT:USDT,0.7568,14.0,0.7565,818.0,0.7574,4.0,0.7575,25.0
1753531637049,12:07:17.049,API3/USDT:USDT,0.7568,14.0,0.7565,818.0,0.7574,4.0,0.7575,25.0
1753531637290,12:07:17.290,API3/USDT:USDT,0.7568,14.0,0.7565,818.0,0.7574,4.0,0.7575,25.0
1753531637970,12:07:17.970,API3/USDT:USDT,0.7568,14.0,0.7565,818.0,0.7574,4.0,0.7575,25.0
1753531638671,12:07:18.671,API3/USDT:USDT,0.7568,14.0,0.7565,818.0,0.7574,4.0,0.7575,25.0
1753531639318,12:07:19.318,API3/USDT:USDT,0.7568,14.0,0.7565,818.0,0.7574,4.0,0.7575,25.0
1753531639330,12:07:19.330,API3/USDT:USDT,0.7568,14.0,0.7565,818.0,0.7574,4.0,0.7575,25.0
1753531639726,12:07:19.726,API3/USDT:USDT,0.7568,14.0,0.7565,818.0,0.7574,4.0,0.7576,148.0
1753531639738,12:07:19.738,API3/USDT:USDT,0.7568,14.0,0.7565,818.0,0.7575,4.0,0.7576,173.0
1753531641034,12:07:21.034,API3/USDT:USDT,0.7568,14.0,0.7565,818.0,0.7575,4.0,0.7576,173.0
1753531642765,12:07:22.765,API3/USDT:USDT,0.7568,14.0,0.7565,818.0,0.7575,4.0,0.7576,173.0
1753531644252,12:07:24.252,API3/USDT:USDT,0.7568,14.0,0.7565,818.0,0.7575,4.0,0.7576,173.0
1753531646870,12:07:26.870,API3/USDT:USDT,0.7568,14.0,0.7565,818.0,0.7575,4.0,0.7576,173.0
1753531647565,12:07:27.565,API3/USDT:USDT,0.7568,14.0,0.7565,818.0,0.7575,4.0,0.7576,173.0
1753531652063,12:07:32.063,API3/USDT:USDT,0.7568,14.0,0.7565,818.0,0.7575,4.0,0.7576,173.0
1753531652366,12:07:32.366,API3/USDT:USDT,0.7568,14.0,0.7565,818.0,0.7575,4.0,0.7576,173.0
1753531652810,12:07:32.810,API3/USDT:USDT,0.7568,14.0,0.7565,818.0,0.7574,25.0,0.7575,150.0
1753531652884,12:07:32.884,API3/USDT:USDT,0.7568,14.0,0.7565,818.0,0.7573,4.0,0.7574,25.0
1753531652949,12:07:32.949,API3/USDT:USDT,0.7568,14.0,0.7565,818.0,0.7573,4.0,0.7574,25.0
1753531654924,12:07:34.924,API3/USDT:USDT,0.7568,14.0,0.7565,818.0,0.7573,4.0,0.7575,25.0
1753531654936,12:07:34.936,API3/USDT:USDT,0.7568,14.0,0.7565,818.0,0.7574,4.0,0.7575,25.0
1753531655524,12:07:35.524,API3/USDT:USDT,0.7568,14.0,0.7564,2725.0,0.7574,4.0,0.7575,25.0
1753531655614,12:07:35.614,API3/USDT:USDT,0.7568,14.0,0.7564,2725.0,0.7573,171.0,0.7574,150.0
1753531655692,12:07:35.692,API3/USDT:USDT,0.7568,14.0,0.7564,2725.0,0.7572,4.0,0.7573,171.0
1753531655824,12:07:35.824,API3/USDT:USDT,0.7568,14.0,0.7564,2725.0,0.7572,4.0,0.7573,442.0
1753531656000,12:07:36.000,API3/USDT:USDT,0.7568,14.0,0.7564,2725.0,0.7572,4.0,0.7573,442.0
1753531656052,12:07:36.052,API3/USDT:USDT,0.7568,14.0,0.7564,2725.0,0.7572,4.0,0.7573,442.0
1753531656450,12:07:36.450,API3/USDT:USDT,0.7568,14.0,0.7564,2725.0,0.7572,4.0,0.7573,442.0
1753531656706,12:07:36.706,API3/USDT:USDT,0.7559,2725.0,0.7558,2111.0,0.757,25.0,0.7571,146.0
1753531656825,12:07:36.825,API3/USDT:USDT,0.7558,146.0,0.7557,421.0,0.7569,4.0,0.757,25.0
1753531656910,12:07:36.910,API3/USDT:USDT,0.7558,146.0,0.7557,421.0,0.7569,4.0,0.757,25.0
1753531657026,12:07:37.026,API3/USDT:USDT,0.7558,146.0,0.7557,421.0,0.7569,4.0,0.757,25.0
1753531657054,12:07:37.054,API3/USDT:USDT,0.7558,146.0,0.7557,421.0,0.7569,4.0,0.757,25.0
1753531657166,12:07:37.166,API3/USDT:USDT,0.7558,146.0,0.7557,421.0,0.7569,4.0,0.757,25.0
1753531657326,12:07:37.326,API3/USDT:USDT,0.7558,146.0,0.7557,421.0,0.7569,4.0,0.757,25.0
1753531657329,12:07:37.329,API3/USDT:USDT,0.7558,146.0,0.7557,421.0,0.7569,4.0,0.757,25.0
1753531657494,12:07:37.494,API3/USDT:USDT,0.7558,146.0,0.7557,421.0,0.7569,4.0,0.757,25.0
1753531658026,12:07:38.026,API3/USDT:USDT,0.7558,146.0,0.7557,421.0,0.7569,4.0,0.757,25.0
1753531658041,12:07:38.041,API3/USDT:USDT,0.7558,146.0,0.7557,421.0,0.7569,4.0,0.757,25.0
1753531658238,12:07:38.238,API3/USDT:USDT,0.7558,146.0,0.7557,421.0,0.7569,4.0,0.757,25.0
1753531658331,12:07:38.331,API3/USDT:USDT,0.7558,146.0,0.7557,807.0,0.7569,4.0,0.757,25.0
1753531659681,12:07:39.681,API3/USDT:USDT,0.7558,146.0,0.7557,807.0,0.7569,4.0,0.757,25.0
1753531659825,12:07:39.825,API3/USDT:USDT,0.7558,146.0,0.7557,807.0,0.7569,4.0,0.757,25.0
1753531661050,12:07:41.050,API3/USDT:USDT,0.7558,146.0,0.7557,807.0,0.7569,4.0,0.757,25.0
1753531661898,12:07:41.898,API3/USDT:USDT,0.7558,146.0,0.7557,807.0,0.7569,4.0,0.757,25.0
1753531661966,12:07:41.966,API3/USDT:USDT,0.7558,146.0,0.7557,807.0,0.7569,4.0,0.757,25.0
1753531662525,12:07:42.525,API3/USDT:USDT,0.7558,146.0,0.7557,807.0,0.7569,4.0,0.757,25.0
1753531665073,12:07:45.073,API3/USDT:USDT,0.7558,146.0,0.7557,807.0,0.7569,4.0,0.757,25.0
1753531666768,12:07:46.768,API3/USDT:USDT,0.7558,146.0,0.7557,807.0,0.7569,4.0,0.757,25.0
1753531666842,12:07:46.842,API3/USDT:USDT,0.7558,146.0,0.7557,807.0,0.7569,4.0,0.757,25.0
1753531669347,12:07:49.347,API3/USDT:USDT,0.7558,146.0,0.7557,807.0,0.7569,4.0,0.757,25.0
1753531669821,12:07:49.821,API3/USDT:USDT,0.7558,146.0,0.7557,807.0,0.7569,4.0,0.757,25.0
1753531671566,12:07:51.566,API3/USDT:USDT,0.7558,146.0,0.7557,807.0,0.7569,4.0,0.757,25.0
1753531672625,12:07:52.625,API3/USDT:USDT,0.7558,146.0,0.7557,807.0,0.7569,4.0,0.757,25.0
1753531672630,12:07:52.630,API3/USDT:USDT,0.7558,146.0,0.7557,807.0,0.7569,4.0,0.757,25.0
1753531675998,12:07:55.998,API3/USDT:USDT,0.7558,146.0,0.7557,421.0,0.7569,4.0,0.757,25.0
1753531676098,12:07:56.098,API3/USDT:USDT,0.7558,146.0,0.7557,421.0,0.7569,4.0,0.757,25.0
1753531676139,12:07:56.139,API3/USDT:USDT,0.7558,146.0,0.7557,421.0,0.7569,4.0,0.757,25.0
1753531676239,12:07:56.239,API3/USDT:USDT,0.7558,146.0,0.7557,421.0,0.7569,4.0,0.757,25.0
1753531676366,12:07:56.366,API3/USDT:USDT,0.7558,146.0,0.7557,421.0,0.7569,4.0,0.757,25.0
1753531678416,12:07:58.416,API3/USDT:USDT,0.7558,146.0,0.7557,421.0,0.7569,4.0,0.757,25.0
1753531678429,12:07:58.429,API3/USDT:USDT,0.7558,146.0,0.7557,421.0,0.7569,4.0,0.757,25.0
1753531681166,12:08:01.166,API3/USDT:USDT,0.7558,146.0,0.7557,421.0,0.7569,4.0,0.757,25.0
1753531681326,12:08:01.326,API3/USDT:USDT,0.7559,148.0,0.7558,542.0,0.7569,4.0,0.7572,282.0
1753531681342,12:08:01.342,API3/USDT:USDT,0.7559,148.0,0.7558,542.0,0.7571,30.0,0.7572,282.0
1753531681572,12:08:01.572,API3/USDT:USDT,0.7559,148.0,0.7558,542.0,0.7571,30.0,0.7572,282.0
1753531682027,12:08:02.027,API3/USDT:USDT,0.7559,148.0,0.7558,542.0,0.7571,30.0,0.7572,282.0
1753531682685,12:08:02.685,API3/USDT:USDT,0.7559,148.0,0.7558,542.0,0.7571,30.0,0.7572,282.0
1753531682793,12:08:02.793,API3/USDT:USDT,0.7559,148.0,0.7558,542.0,0.7571,30.0,0.7572,282.0
1753531683016,12:08:03.016,API3/USDT:USDT,0.7559,148.0,0.7558,542.0,0.7571,30.0,0.7572,282.0
1753531683053,12:08:03.053,API3/USDT:USDT,0.7559,148.0,0.7558,542.0,0.7571,301.0,0.7572,282.0
1753531684813,12:08:04.813,API3/USDT:USDT,0.7559,148.0,0.7558,542.0,0.7571,301.0,0.7572,282.0
1753531685966,12:08:05.966,API3/USDT:USDT,0.7559,148.0,0.7558,542.0,0.7571,301.0,0.7572,282.0
1753531687109,12:08:07.109,API3/USDT:USDT,0.7559,148.0,0.7558,542.0,0.7571,301.0,0.7572,282.0
1753531687130,12:08:07.130,API3/USDT:USDT,0.7559,148.0,0.7558,542.0,0.7571,301.0,0.7572,282.0
1753531687966,12:08:07.966,API3/USDT:USDT,0.7559,148.0,0.7558,542.0,0.7571,30.0,0.7572,282.0
1753531688612,12:08:08.612,API3/USDT:USDT,0.7559,544.0,0.7558,146.0,0.7571,30.0,0.7572,282.0
1753531688651,12:08:08.651,API3/USDT:USDT,0.756,150.0,0.7559,544.0,0.7571,30.0,0.7572,136.0
1753531689287,12:08:09.287,API3/USDT:USDT,0.7561,271.0,0.756,150.0,0.7571,30.0,0.7572,136.0
1753531689379,12:08:09.379,API3/USDT:USDT,0.7561,271.0,0.756,150.0,0.7571,30.0,0.7572,136.0
1753531689551,12:08:09.551,API3/USDT:USDT,0.7561,271.0,0.756,150.0,0.7571,30.0,0.7572,136.0
1753531690766,12:08:10.766,API3/USDT:USDT,0.7561,271.0,0.756,150.0,0.7571,30.0,0.7572,136.0
1753531691086,12:08:11.086,API3/USDT:USDT,0.7561,271.0,0.756,150.0,0.7571,30.0,0.7572,136.0
1753531691290,12:08:11.290,API3/USDT:USDT,0.7561,271.0,0.756,150.0,0.7571,30.0,0.7572,136.0
1753531695576,12:08:15.576,API3/USDT:USDT,0.7561,271.0,0.756,150.0,0.7571,30.0,0.7572,136.0
1753531695810,12:08:15.810,API3/USDT:USDT,0.7559,544.0,0.7558,146.0,0.7571,30.0,0.7572,136.0
1753531695949,12:08:15.949,API3/USDT:USDT,0.7559,544.0,0.7558,146.0,0.7571,30.0,0.7572,136.0
1753531697589,12:08:17.589,API3/USDT:USDT,0.7559,544.0,0.7558,146.0,0.7571,30.0,0.7572,136.0
1753531700390,12:08:20.390,API3/USDT:USDT,0.7559,544.0,0.7558,146.0,0.7571,30.0,0.7572,136.0
1753531701590,12:08:21.590,API3/USDT:USDT,0.7559,544.0,0.7558,146.0,0.7571,30.0,0.7572,136.0
1753531704709,12:08:24.709,API3/USDT:USDT,0.7559,544.0,0.7558,146.0,0.7571,30.0,0.7572,136.0
1753531704730,12:08:24.730,API3/USDT:USDT,0.7559,544.0,0.7558,146.0,0.7571,30.0,0.7572,136.0
1753531705190,12:08:25.190,API3/USDT:USDT,0.7559,544.0,0.7558,146.0,0.7571,30.0,0.7572,136.0
1753531709967,12:08:29.967,API3/USDT:USDT,0.7559,544.0,0.7558,146.0,0.7571,30.0,0.7572,136.0
1753531710270,12:08:30.270,API3/USDT:USDT,0.7559,544.0,0.7558,146.0,0.7571,30.0,0.7572,136.0
1753531710818,12:08:30.818,API3/USDT:USDT,0.7559,544.0,0.7558,146.0,0.757,271.0,0.7571,30.0
1753531710840,12:08:30.840,API3/USDT:USDT,0.7559,544.0,0.7558,146.0,0.7569,30.0,0.757,271.0
1753531710971,12:08:30.971,API3/USDT:USDT,0.7559,544.0,0.7558,146.0,0.7569,30.0,0.757,271.0
1753531711386,12:08:31.386,API3/USDT:USDT,0.7559,544.0,0.7558,146.0,0.7569,30.0,0.757,271.0
1753531714768,12:08:34.768,API3/USDT:USDT,0.7559,544.0,0.7558,146.0,0.7569,30.0,0.757,271.0
1753531715826,12:08:35.826,API3/USDT:USDT,0.7559,544.0,0.7558,146.0,0.7569,30.0,0.757,271.0
1753531715849,12:08:35.849,API3/USDT:USDT,0.7559,544.0,0.7558,146.0,0.7569,30.0,0.757,271.0
1753531716100,12:08:36.100,API3/USDT:USDT,0.7559,544.0,0.7558,146.0,0.7569,30.0,0.757,271.0
1753531716560,12:08:36.560,API3/USDT:USDT,0.7559,396.0,0.7558,146.0,0.7569,30.0,0.757,271.0
1753531717118,12:08:37.118,API3/USDT:USDT,0.7559,396.0,0.7558,146.0,0.7569,30.0,0.757,271.0
1753531718500,12:08:38.500,API3/USDT:USDT,0.7559,396.0,0.7557,1981.0,0.7569,30.0,0.757,271.0
1753531718551,12:08:38.551,API3/USDT:USDT,0.7557,1831.0,0.7556,5219.0,0.7569,30.0,0.757,271.0
1753531718727,12:08:38.727,API3/USDT:USDT,0.7557,632.0,0.7556,2107.0,0.7566,26.0,0.7567,136.0
1753531718775,12:08:38.775,API3/USDT:USDT,0.7557,632.0,0.7556,2107.0,0.7565,4.0,0.7566,26.0
1753531718834,12:08:38.834,API3/USDT:USDT,0.7557,632.0,0.7556,2107.0,0.7566,26.0,0.7567,136.0
1753531718934,12:08:38.934,API3/USDT:USDT,0.7557,632.0,0.7556,2107.0,0.7565,4.0,0.7566,26.0
1753531719101,12:08:39.101,API3/USDT:USDT,0.7557,632.0,0.7556,2107.0,0.7565,4.0,0.7566,26.0
1753531719324,12:08:39.324,API3/USDT:USDT,0.7556,2107.0,0.7555,1137.0,0.7565,4.0,0.7566,26.0
1753531719391,12:08:39.391,API3/USDT:USDT,0.7556,2107.0,0.7555,1137.0,0.7565,4.0,0.7566,26.0
1753531719479,12:08:39.479,API3/USDT:USDT,0.7556,2107.0,0.7555,1137.0,0.7565,4.0,0.7566,26.0
1753531719574,12:08:39.574,API3/USDT:USDT,0.7556,2107.0,0.7555,1137.0,0.7565,4.0,0.7566,26.0
1753531721023,12:08:41.023,API3/USDT:USDT,0.7555,1137.0,0.7554,3287.0,0.7565,4.0,0.7566,297.0
1753531721119,12:08:41.119,API3/USDT:USDT,0.7554,271.0,0.7553,1136.0,0.7565,4.0,0.7566,297.0
1753531721170,12:08:41.170,API3/USDT:USDT,0.7554,903.0,0.7553,3244.0,0.7565,4.0,0.7566,297.0
1753531721236,12:08:41.236,API3/USDT:USDT,0.7554,903.0,0.7553,3244.0,0.7565,4.0,0.7566,297.0
1753531721515,12:08:41.515,API3/USDT:USDT,0.7554,903.0,0.7553,3244.0,0.7565,4.0,0.7566,297.0
1753531721608,12:08:41.608,API3/USDT:USDT,0.7554,903.0,0.7553,3244.0,0.7565,4.0,0.7566,297.0
1753531722110,12:08:42.110,API3/USDT:USDT,0.7554,903.0,0.7553,3244.0,0.7565,4.0,0.7566,297.0
1753531722130,12:08:42.130,API3/USDT:USDT,0.7554,903.0,0.7553,3244.0,0.7565,4.0,0.7566,297.0
1753531723045,12:08:43.045,API3/USDT:USDT,0.7554,903.0,0.7553,3244.0,0.7565,4.0,0.7566,297.0
1753531723140,12:08:43.140,API3/USDT:USDT,0.7554,903.0,0.7553,3244.0,0.7565,4.0,0.7566,297.0
1753531723545,12:08:43.545,API3/USDT:USDT,0.7554,903.0,0.7553,3244.0,0.7565,4.0,0.7566,297.0
1753531724368,12:08:44.368,API3/USDT:USDT,0.7554,903.0,0.7553,3244.0,0.7565,4.0,0.7566,297.0
1753531724789,12:08:44.789,API3/USDT:USDT,0.7554,903.0,0.7553,2108.0,0.7565,4.0,0.7566,297.0
1753531726892,12:08:46.892,API3/USDT:USDT,0.7554,903.0,0.7553,2108.0,0.7565,4.0,0.7566,297.0
1753531727393,12:08:47.393,API3/USDT:USDT,0.7554,903.0,0.7553,2108.0,0.7565,4.0,0.7566,297.0
1753531727475,12:08:47.475,API3/USDT:USDT,0.7554,903.0,0.7553,2108.0,0.7565,4.0,0.7566,26.0
1753531729167,12:08:49.167,API3/USDT:USDT,0.7554,903.0,0.7553,2108.0,0.7565,4.0,0.7566,26.0
1753531730126,12:08:50.126,API3/USDT:USDT,0.7554,903.0,0.7553,2108.0,0.7565,4.0,0.7566,26.0
1753531730569,12:08:50.569,API3/USDT:USDT,0.7554,903.0,0.7553,2108.0,0.7565,4.0,0.7566,26.0
1753531733989,12:08:53.989,API3/USDT:USDT,0.7554,903.0,0.7553,2108.0,0.7565,4.0,0.7566,26.0
1753531735557,12:08:55.557,API3/USDT:USDT,0.7554,903.0,0.7553,2108.0,0.7565,4.0,0.7566,26.0
1753531736338,12:08:56.338,API3/USDT:USDT,0.7554,903.0,0.7553,2108.0,0.7565,4.0,0.7566,26.0
1753531736539,12:08:56.539,API3/USDT:USDT,0.7554,903.0,0.7553,2108.0,0.7565,4.0,0.7566,26.0
1753531737490,12:08:57.490,API3/USDT:USDT,0.7554,903.0,0.7553,2108.0,0.7565,4.0,0.7566,26.0
1753531738767,12:08:58.767,API3/USDT:USDT,0.7554,903.0,0.7553,2108.0,0.7565,4.0,0.7566,26.0
1753531742130,12:09:02.130,API3/USDT:USDT,0.7554,903.0,0.7553,2108.0,0.7565,4.0,0.7566,26.0
1753531743568,12:09:03.568,API3/USDT:USDT,0.7554,903.0,0.7553,2108.0,0.7565,4.0,0.7566,26.0
1753531745050,12:09:05.050,API3/USDT:USDT,0.7554,903.0,0.7553,2108.0,0.7565,4.0,0.7566,26.0
1753531748411,12:09:08.411,API3/USDT:USDT,0.7554,903.0,0.7553,2108.0,0.7565,4.0,0.7566,26.0
1753531753168,12:09:13.168,API3/USDT:USDT,0.7554,903.0,0.7553,2108.0,0.7565,4.0,0.7566,26.0
1753531757968,12:09:17.968,API3/USDT:USDT,0.7554,903.0,0.7553,2108.0,0.7565,4.0,0.7566,26.0
1753531759507,12:09:19.507,API3/USDT:USDT,0.7554,903.0,0.7553,2108.0,0.7565,4.0,0.7566,26.0
1753531762769,12:09:22.769,API3/USDT:USDT,0.7554,903.0,0.7553,2108.0,0.7565,4.0,0.7566,26.0
1753531764724,12:09:24.724,API3/USDT:USDT,0.7551,1217.0,0.755,387.0,0.7565,151.0,0.7566,297.0
1753531764816,12:09:24.816,API3/USDT:USDT,0.7551,397.0,0.7548,146.0,0.7565,151.0,0.7566,297.0
1753531764923,12:09:24.923,API3/USDT:USDT,0.7547,271.0,0.7546,147.0,0.7559,271.0,0.7564,593.0
1753531765025,12:09:25.025,API3/USDT:USDT,0.7544,601.0,0.7543,146.0,0.7556,271.0,0.7558,4.0
1753531765122,12:09:25.122,API3/USDT:USDT,0.7544,147.0,0.7543,146.0,0.7555,4.0,0.7556,271.0
1753531765220,12:09:25.220,API3/USDT:USDT,0.7543,146.0,0.7541,2120.0,0.7555,4.0,0.7556,271.0
1753531765324,12:09:25.324,API3/USDT:USDT,0.7543,146.0,0.7542,636.0,0.7555,4.0,0.7556,271.0
1753531765418,12:09:25.418,API3/USDT:USDT,0.7543,146.0,0.7542,636.0,0.7555,30.0,0.7556,271.0
1753531765524,12:09:25.524,API3/USDT:USDT,0.7543,146.0,0.7542,636.0,0.7555,30.0,0.7556,271.0
1753531765619,12:09:25.619,API3/USDT:USDT,0.7544,271.0,0.7543,146.0,0.7555,30.0,0.7556,271.0
1753531765657,12:09:25.657,API3/USDT:USDT,0.7544,271.0,0.7543,236.0,0.7555,30.0,0.7556,271.0
1753531765762,12:09:25.762,API3/USDT:USDT,0.7544,271.0,0.7543,236.0,0.7555,30.0,0.7556,271.0
1753531766025,12:09:26.025,API3/USDT:USDT,0.7543,236.0,0.7542,636.0,0.7554,136.0,0.7555,30.0
1753531766103,12:09:26.103,API3/USDT:USDT,0.7543,236.0,0.7541,147.0,0.7554,26.0,0.7555,140.0
1753531766194,12:09:26.194,API3/USDT:USDT,0.7544,271.0,0.7543,236.0,0.7554,26.0,0.7555,140.0
1753531766285,12:09:26.285,API3/USDT:USDT,0.7544,271.0,0.7543,236.0,0.7554,26.0,0.7555,140.0
1753531766626,12:09:26.626,API3/USDT:USDT,0.7544,271.0,0.7543,236.0,0.7554,26.0,0.7555,140.0
1753531766627,12:09:26.627,API3/USDT:USDT,0.7544,271.0,0.7543,236.0,0.7554,26.0,0.7555,140.0
1753531767176,12:09:27.176,API3/USDT:USDT,0.7544,271.0,0.7543,236.0,0.7554,26.0,0.7555,140.0
1753531767453,12:09:27.453,API3/USDT:USDT,0.7544,271.0,0.7543,236.0,0.7554,26.0,0.7555,140.0
1753531768025,12:09:28.025,API3/USDT:USDT,0.7544,271.0,0.7543,236.0,0.7554,26.0,0.7555,140.0
1753531768050,12:09:28.050,API3/USDT:USDT,0.7544,271.0,0.7543,236.0,0.7554,26.0,0.7555,140.0
1753531768188,12:09:28.188,API3/USDT:USDT,0.7544,271.0,0.7543,236.0,0.7554,26.0,0.7555,140.0
1753531768769,12:09:28.769,API3/USDT:USDT,0.7544,271.0,0.7543,236.0,0.7554,26.0,0.7555,140.0
1753531768949,12:09:28.949,API3/USDT:USDT,0.7545,68.0,0.7544,271.0,0.7554,26.0,0.7555,140.0
1753531769092,12:09:29.092,API3/USDT:USDT,0.7545,68.0,0.7544,271.0,0.7554,26.0,0.7555,140.0
1753531769145,12:09:29.145,API3/USDT:USDT,0.7545,68.0,0.7544,271.0,0.7554,26.0,0.7555,140.0
1753531769318,12:09:29.318,API3/USDT:USDT,0.7545,68.0,0.7544,361.0,0.7554,26.0,0.7555,140.0
1753531769421,12:09:29.421,API3/USDT:USDT,0.7545,68.0,0.7544,361.0,0.7554,26.0,0.7555,140.0
1753531769519,12:09:29.519,API3/USDT:USDT,0.7545,68.0,0.7544,361.0,0.7554,26.0,0.7555,140.0
1753531770221,12:09:30.221,API3/USDT:USDT,0.7545,68.0,0.7544,361.0,0.7554,26.0,0.7555,140.0
1753531770302,12:09:30.302,API3/USDT:USDT,0.7545,68.0,0.7544,361.0,0.7554,26.0,0.7555,140.0
1753531772771,12:09:32.771,API3/USDT:USDT,0.7547,68.0,0.7546,68.0,0.7554,26.0,0.7555,140.0
1753531772869,12:09:32.869,API3/USDT:USDT,0.7547,68.0,0.7546,68.0,0.7554,26.0,0.7555,140.0
1753531773118,12:09:33.118,API3/USDT:USDT,0.7546,68.0,0.7544,271.0,0.7554,26.0,0.7555,140.0
1753531773223,12:09:33.223,API3/USDT:USDT,0.7545,90.0,0.7544,90.0,0.7554,26.0,0.7555,140.0
1753531773300,12:09:33.300,API3/USDT:USDT,0.7545,90.0,0.7544,90.0,0.7554,26.0,0.7555,140.0
1753531773387,12:09:33.387,API3/USDT:USDT,0.7544,90.0,0.754,1753.0,0.7554,26.0,0.7555,140.0
1753531773489,12:09:33.489,API3/USDT:USDT,0.7544,90.0,0.754,1753.0,0.7554,26.0,0.7555,140.0
1753531773570,12:09:33.570,API3/USDT:USDT,0.7544,90.0,0.754,1753.0,0.7554,26.0,0.7555,140.0
1753531773709,12:09:33.709,API3/USDT:USDT,0.7544,90.0,0.7543,90.0,0.7554,26.0,0.7555,140.0
1753531774025,12:09:34.025,API3/USDT:USDT,0.7545,68.0,0.7544,90.0,0.7554,26.0,0.7555,140.0
1753531774110,12:09:34.110,API3/USDT:USDT,0.7545,68.0,0.7544,90.0,0.7554,26.0,0.7555,140.0
1753531774417,12:09:34.417,API3/USDT:USDT,0.7545,68.0,0.7544,90.0,0.7554,26.0,0.7555,140.0
1753531774574,12:09:34.574,API3/USDT:USDT,0.7546,68.0,0.7545,68.0,0.7554,26.0,0.7555,140.0
1753531774702,12:09:34.702,API3/USDT:USDT,0.7546,68.0,0.7545,68.0,0.7554,26.0,0.7555,140.0
1753531776014,12:09:36.014,API3/USDT:USDT,0.7548,68.0,0.7547,68.0,0.7554,26.0,0.7555,140.0
1753531776049,12:09:36.049,API3/USDT:USDT,0.7548,81.0,0.7547,68.0,0.7554,26.0,0.7555,140.0
1753531776245,12:09:36.245,API3/USDT:USDT,0.7548,81.0,0.7547,68.0,0.7554,26.0,0.7555,140.0
1753531776470,12:09:36.470,API3/USDT:USDT,0.7548,81.0,0.7547,68.0,0.7554,26.0,0.7555,140.0
1753531777343,12:09:37.343,API3/USDT:USDT,0.7548,81.0,0.7547,68.0,0.7554,26.0,0.7555,4.0
1753531777656,12:09:37.656,API3/USDT:USDT,0.7548,81.0,0.7547,68.0,0.7554,26.0,0.7555,4.0
1753531778369,12:09:38.369,API3/USDT:USDT,0.7548,81.0,0.7547,68.0,0.7554,26.0,0.7555,4.0
1753531778432,12:09:38.432,API3/USDT:USDT,0.7548,81.0,0.7547,68.0,0.7554,26.0,0.7555,4.0
1753531779422,12:09:39.422,API3/USDT:USDT,0.7548,81.0,0.7547,68.0,0.7553,26.0,0.7555,4.0
1753531779495,12:09:39.495,API3/USDT:USDT,0.7549,68.0,0.7548,81.0,0.7552,26.0,0.7555,4.0
1753531779575,12:09:39.575,API3/USDT:USDT,0.7549,68.0,0.7548,81.0,0.7552,26.0,0.7555,4.0
1753531779684,12:09:39.684,API3/USDT:USDT,0.755,68.0,0.7549,68.0,0.7555,30.0,0.7556,271.0
1753531779770,12:09:39.770,API3/USDT:USDT,0.755,68.0,0.7549,68.0,0.7555,30.0,0.7556,271.0
1753531779832,12:09:39.832,API3/USDT:USDT,0.755,68.0,0.7549,68.0,0.7555,30.0,0.7556,271.0
1753531780106,12:09:40.106,API3/USDT:USDT,0.755,68.0,0.7549,68.0,0.7555,30.0,0.7556,271.0
1753531780292,12:09:40.292,API3/USDT:USDT,0.755,68.0,0.7549,68.0,0.7555,4.0,0.7556,297.0
1753531780411,12:09:40.411,API3/USDT:USDT,0.7552,68.0,0.7551,68.0,0.7555,4.0,0.7559,26.0
1753531780527,12:09:40.527,API3/USDT:USDT,0.7552,68.0,0.7551,68.0,0.7559,30.0,0.756,396.0
1753531780955,12:09:40.955,API3/USDT:USDT,0.7552,68.0,0.7551,68.0,0.7559,30.0,0.756,396.0
1753531781093,12:09:41.093,API3/USDT:USDT,0.7552,68.0,0.7551,68.0,0.7559,30.0,0.756,396.0
1753531781565,12:09:41.565,API3/USDT:USDT,0.7552,68.0,0.7551,68.0,0.7559,30.0,0.756,396.0
1753531781632,12:09:41.632,API3/USDT:USDT,0.7552,68.0,0.7551,68.0,0.7559,30.0,0.756,396.0
1753531781922,12:09:41.922,API3/USDT:USDT,0.7554,68.0,0.7553,68.0,0.7559,4.0,0.756,422.0
1753531782010,12:09:42.010,API3/USDT:USDT,0.7554,68.0,0.7553,68.0,0.7559,4.0,0.756,422.0
1753531782223,12:09:42.223,API3/USDT:USDT,0.7554,68.0,0.7553,68.0,0.7559,4.0,0.756,422.0
1753531782235,12:09:42.235,API3/USDT:USDT,0.7554,68.0,0.7553,68.0,0.7559,4.0,0.756,422.0
1753531783169,12:09:43.169,API3/USDT:USDT,0.7554,68.0,0.7553,68.0,0.7559,4.0,0.756,422.0
1753531783416,12:09:43.416,API3/USDT:USDT,0.7553,68.0,0.7551,90.0,0.7559,4.0,0.756,422.0
1753531783526,12:09:43.526,API3/USDT:USDT,0.7553,68.0,0.7551,90.0,0.7559,4.0,0.756,422.0
1753531783526,12:09:43.526,API3/USDT:USDT,0.7553,68.0,0.7551,90.0,0.7559,4.0,0.756,422.0
1753531783845,12:09:43.845,API3/USDT:USDT,0.7553,68.0,0.7551,90.0,0.7559,4.0,0.756,422.0
1753531785609,12:09:45.609,API3/USDT:USDT,0.7553,68.0,0.7551,908.0,0.7559,4.0,0.756,422.0
1753531785818,12:09:45.818,API3/USDT:USDT,0.7553,68.0,0.7551,908.0,0.7559,4.0,0.756,422.0
1753531785877,12:09:45.877,API3/USDT:USDT,0.7553,68.0,0.7551,908.0,0.7559,4.0,0.756,422.0
1753531785967,12:09:45.967,API3/USDT:USDT,0.7553,68.0,0.7551,908.0,0.7559,4.0,0.756,422.0
1753531786386,12:09:46.386,API3/USDT:USDT,0.7553,68.0,0.7551,90.0,0.7559,4.0,0.756,422.0
1753531786570,12:09:46.570,API3/USDT:USDT,0.7553,68.0,0.7551,908.0,0.7559,4.0,0.756,26.0
1753531786634,12:09:46.634,API3/USDT:USDT,0.7553,68.0,0.7551,908.0,0.756,30.0,0.7561,407.0
1753531786962,12:09:46.962,API3/USDT:USDT,0.7553,68.0,0.7551,908.0,0.756,30.0,0.7561,407.0
1753531787523,12:09:47.523,API3/USDT:USDT,0.7553,68.0,0.7551,908.0,0.756,30.0,0.7561,407.0
1753531787971,12:09:47.971,API3/USDT:USDT,0.7553,68.0,0.7551,908.0,0.756,30.0,0.7561,407.0
1753531788038,12:09:48.038,API3/USDT:USDT,0.7553,68.0,0.7551,908.0,0.756,30.0,0.7561,407.0
1753531788795,12:09:48.795,API3/USDT:USDT,0.7553,68.0,0.7551,908.0,0.756,30.0,0.7561,407.0
1753531789295,12:09:49.295,API3/USDT:USDT,0.7553,68.0,0.7551,908.0,0.756,30.0,0.7561,407.0
1753531791390,12:09:51.390,API3/USDT:USDT,0.7553,68.0,0.7551,908.0,0.756,30.0,0.7561,407.0
1753531791449,12:09:51.449,API3/USDT:USDT,0.7553,68.0,0.7551,90.0,0.756,30.0,0.7561,407.0
1753531791976,12:09:51.976,API3/USDT:USDT,0.7553,68.0,0.7551,90.0,0.756,30.0,0.7561,407.0
1753531792182,12:09:52.182,API3/USDT:USDT,0.7553,68.0,0.7551,90.0,0.756,30.0,0.7561,407.0
1753531792769,12:09:52.769,API3/USDT:USDT,0.7553,68.0,0.7551,90.0,0.756,30.0,0.7561,407.0
1753531794721,12:09:54.721,API3/USDT:USDT,0.7553,68.0,0.7551,90.0,0.756,30.0,0.7561,407.0
1753531794734,12:09:54.734,API3/USDT:USDT,0.7553,68.0,0.7551,90.0,0.756,30.0,0.7561,407.0
1753531795168,12:09:55.168,API3/USDT:USDT,0.7553,68.0,0.7551,90.0,0.756,30.0,0.7561,407.0
1753531797205,12:09:57.205,API3/USDT:USDT,0.7553,68.0,0.7551,90.0,0.756,30.0,0.7561,407.0
1753531797321,12:09:57.321,API3/USDT:USDT,0.7553,68.0,0.7551,90.0,0.756,30.0,0.7561,407.0
1753531797333,12:09:57.333,API3/USDT:USDT,0.7553,68.0,0.7551,90.0,0.756,30.0,0.7561,407.0
1753531797570,12:09:57.570,API3/USDT:USDT,0.7553,68.0,0.7551,90.0,0.756,30.0,0.7561,407.0
1753531800424,12:10:00.424,API3/USDT:USDT,0.7553,68.0,0.7551,90.0,0.756,30.0,0.7561,271.0
1753531800488,12:10:00.488,API3/USDT:USDT,0.7553,68.0,0.7551,90.0,0.756,30.0,0.7561,271.0
1753531800578,12:10:00.578,API3/USDT:USDT,0.7553,68.0,0.7551,90.0,0.756,30.0,0.7561,271.0
1753531801617,12:10:01.617,API3/USDT:USDT,0.7556,68.0,0.7555,68.0,0.756,30.0,0.7561,271.0
1753531801683,12:10:01.683,API3/USDT:USDT,0.7556,68.0,0.7555,68.0,0.756,30.0,0.7561,271.0
1753531802207,12:10:02.207,API3/USDT:USDT,0.7556,68.0,0.7555,68.0,0.756,30.0,0.7561,271.0
1753531802370,12:10:02.370,API3/USDT:USDT,0.7556,68.0,0.7555,68.0,0.756,30.0,0.7561,271.0
1753531803524,12:10:03.524,API3/USDT:USDT,0.7548,13.0,0.7547,833.0,0.756,166.0,0.7561,271.0
1753531803569,12:10:03.569,API3/USDT:USDT,0.7548,13.0,0.7547,922.0,0.756,166.0,0.7561,271.0
1753531803631,12:10:03.631,API3/USDT:USDT,0.7548,13.0,0.7547,922.0,0.756,166.0,0.7561,271.0
1753531806209,12:10:06.209,API3/USDT:USDT,0.7549,420.0,0.7548,915.0,0.7558,26.0,0.756,4.0
1753531806312,12:10:06.312,API3/USDT:USDT,0.7551,68.0,0.755,145.0,0.7563,26.0,0.7564,54.0
1753531806375,12:10:06.375,API3/USDT:USDT,0.7551,68.0,0.755,234.0,0.7563,26.0,0.7564,54.0
1753531806501,12:10:06.501,API3/USDT:USDT,0.7551,68.0,0.755,234.0,0.7563,26.0,0.7564,54.0
1753531806614,12:10:06.614,API3/USDT:USDT,0.7556,68.0,0.7555,68.0,0.7561,26.0,0.7562,271.0
1753531806690,12:10:06.690,API3/USDT:USDT,0.7557,68.0,0.7556,68.0,0.7561,4.0,0.7562,297.0
1753531806794,12:10:06.794,API3/USDT:USDT,0.7557,68.0,0.7556,68.0,0.7561,4.0,0.7562,297.0
1753531806923,12:10:06.923,API3/USDT:USDT,0.7557,68.0,0.7556,68.0,0.7561,4.0,0.7562,297.0
1753531807008,12:10:07.008,API3/USDT:USDT,0.7557,68.0,0.7556,68.0,0.7561,4.0,0.7562,297.0
1753531807170,12:10:07.170,API3/USDT:USDT,0.7557,68.0,0.7556,68.0,0.7561,4.0,0.7562,297.0
1753531808227,12:10:08.227,API3/USDT:USDT,0.7557,68.0,0.7556,68.0,0.7561,4.0,0.7562,297.0
1753531808551,12:10:08.551,API3/USDT:USDT,0.7557,68.0,0.7556,68.0,0.7561,4.0,0.7562,297.0
1753531809681,12:10:09.681,API3/USDT:USDT,0.7557,68.0,0.7556,68.0,0.7561,4.0,0.7562,297.0
1753531810281,12:10:10.281,API3/USDT:USDT,0.7557,68.0,0.7556,68.0,0.7561,4.0,0.7562,297.0
1753531810357,12:10:10.357,API3/USDT:USDT,0.7557,68.0,0.7556,68.0,0.7561,4.0,0.7562,297.0
1753531810471,12:10:10.471,API3/USDT:USDT,0.7557,68.0,0.7556,68.0,0.7561,4.0,0.7562,297.0
1753531810583,12:10:10.583,API3/USDT:USDT,0.7557,68.0,0.7556,68.0,0.7561,4.0,0.7562,297.0
1753531811972,12:10:11.972,API3/USDT:USDT,0.7557,68.0,0.7556,68.0,0.7561,4.0,0.7562,297.0
1753531812208,12:10:12.208,API3/USDT:USDT,0.7557,68.0,0.7556,68.0,0.7561,4.0,0.7562,297.0
1753531812926,12:10:12.926,API3/USDT:USDT,0.7557,68.0,0.7556,68.0,0.7561,4.0,0.7562,297.0
1753531814843,12:10:14.843,API3/USDT:USDT,0.7557,68.0,0.7556,68.0,0.7561,4.0,0.7562,297.0
1753531815002,12:10:15.002,API3/USDT:USDT,0.7557,68.0,0.7556,68.0,0.7561,4.0,0.7562,297.0
1753531816789,12:10:16.789,API3/USDT:USDT,0.7557,68.0,0.7556,68.0,0.7561,4.0,0.7562,297.0
1753531817314,12:10:17.314,API3/USDT:USDT,0.7557,68.0,0.7556,68.0,0.7561,4.0,0.7562,297.0
1753531817923,12:10:17.923,API3/USDT:USDT,0.7556,68.0,0.7555,89.0,0.7561,4.0,0.7562,297.0
1753531818992,12:10:18.992,API3/USDT:USDT,0.7557,68.0,0.7556,68.0,0.7561,4.0,0.7562,297.0
1753531819357,12:10:19.357,API3/USDT:USDT,0.7557,68.0,0.7556,68.0,0.7561,4.0,0.7562,297.0
1753531821428,12:10:21.428,API3/USDT:USDT,0.7557,68.0,0.7556,68.0,0.7561,4.0,0.7562,297.0
1753531821571,12:10:21.571,API3/USDT:USDT,0.7557,68.0,0.7556,68.0,0.7561,4.0,0.7562,297.0
1753531821932,12:10:21.932,API3/USDT:USDT,0.7557,68.0,0.7556,68.0,0.7561,4.0,0.7562,297.0
1753531823222,12:10:23.222,API3/USDT:USDT,0.7557,68.0,0.7556,68.0,0.7561,4.0,0.7562,297.0
1753531823223,12:10:23.223,API3/USDT:USDT,0.7557,68.0,0.7556,68.0,0.7561,4.0,0.7562,297.0
1753531825324,12:10:25.324,API3/USDT:USDT,0.7557,68.0,0.7556,68.0,0.7561,4.0,0.7562,297.0
1753531825350,12:10:25.350,API3/USDT:USDT,0.7557,68.0,0.7556,68.0,0.7561,4.0,0.7562,297.0
1753531825718,12:10:25.718,API3/USDT:USDT,0.7557,68.0,0.7556,68.0,0.7561,4.0,0.7562,297.0
1753531826371,12:10:26.371,API3/USDT:USDT,0.7557,68.0,0.7556,68.0,0.7561,4.0,0.7562,297.0
1753531826511,12:10:26.511,API3/USDT:USDT,0.7557,68.0,0.7556,68.0,0.7561,4.0,0.7562,297.0
1753531826530,12:10:26.530,API3/USDT:USDT,0.7557,68.0,0.7556,68.0,0.7561,4.0,0.7562,297.0
1753531827217,12:10:27.217,API3/USDT:USDT,0.7557,68.0,0.7556,68.0,0.7561,4.0,0.7562,297.0
1753531828402,12:10:28.402,API3/USDT:USDT,0.7557,68.0,0.7556,68.0,0.7561,4.0,0.7562,297.0
1753531829941,12:10:29.941,API3/USDT:USDT,0.7557,68.0,0.7556,68.0,0.7561,4.0,0.7562,297.0
1753531830909,12:10:30.909,API3/USDT:USDT,0.7557,68.0,0.7556,68.0,0.7561,4.0,0.7562,297.0
1753531831170,12:10:31.170,API3/USDT:USDT,0.7557,68.0,0.7556,68.0,0.7561,4.0,0.7562,297.0
1753531831513,12:10:31.513,API3/USDT:USDT,0.7557,68.0,0.7556,68.0,0.7561,4.0,0.7562,297.0
1753531831529,12:10:31.529,API3/USDT:USDT,0.7557,68.0,0.7556,68.0,0.7561,4.0,0.7562,297.0
1753531833511,12:10:33.511,API3/USDT:USDT,0.7557,68.0,0.7556,68.0,0.7561,4.0,0.7562,297.0
1753531833688,12:10:33.688,API3/USDT:USDT,0.7556,68.0,0.7549,420.0,0.7561,4.0,0.7562,297.0
1753531833938,12:10:33.938,API3/USDT:USDT,0.7556,68.0,0.7555,88.0,0.7561,4.0,0.7562,297.0
1753531834810,12:10:34.810,API3/USDT:USDT,0.7556,68.0,0.7555,88.0,0.7561,4.0,0.7562,297.0
1753531834849,12:10:34.849,API3/USDT:USDT,0.7556,68.0,0.7555,88.0,0.7561,4.0,0.7562,297.0
1753531835971,12:10:35.971,API3/USDT:USDT,0.7556,68.0,0.7555,88.0,0.7561,4.0,0.7562,297.0
1753531837091,12:10:37.091,API3/USDT:USDT,0.7555,88.0,0.7554,88.0,0.7561,4.0,0.7562,297.0
1753531837218,12:10:37.218,API3/USDT:USDT,0.7554,88.0,0.7552,2725.0,0.7561,4.0,0.7562,297.0
1753531837250,12:10:37.250,API3/USDT:USDT,0.7554,88.0,0.7551,2725.0,0.7561,140.0,0.7562,297.0
1753531837410,12:10:37.410,API3/USDT:USDT,0.755,88.0,0.7549,88.0,0.756,26.0,0.7561,140.0
1753531837450,12:10:37.450,API3/USDT:USDT,0.755,88.0,0.7549,88.0,0.756,26.0,0.7561,140.0
1753531837535,12:10:37.535,API3/USDT:USDT,0.755,88.0,0.7549,88.0,0.756,26.0,0.7561,140.0
1753531838353,12:10:38.353,API3/USDT:USDT,0.755,88.0,0.7549,88.0,0.756,26.0,0.7561,140.0
1753531838684,12:10:38.684,API3/USDT:USDT,0.755,88.0,0.7549,88.0,0.756,26.0,0.7561,140.0
1753531839527,12:10:39.527,API3/USDT:USDT,0.755,88.0,0.7549,88.0,0.7558,271.0,0.756,26.0
1753531839621,12:10:39.621,API3/USDT:USDT,0.7553,68.0,0.7552,68.0,0.7557,30.0,0.7558,271.0
1753531839724,12:10:39.724,API3/USDT:USDT,0.7553,68.0,0.7552,68.0,0.7557,30.0,0.7558,271.0
1753531840055,12:10:40.055,API3/USDT:USDT,0.7553,68.0,0.7552,68.0,0.7557,30.0,0.7558,271.0
1753531840770,12:10:40.770,API3/USDT:USDT,0.7553,68.0,0.7552,68.0,0.7557,30.0,0.7558,271.0
1753531840882,12:10:40.882,API3/USDT:USDT,0.7553,68.0,0.7552,68.0,0.7557,30.0,0.7558,271.0
1753531841369,12:10:41.369,API3/USDT:USDT,0.7553,68.0,0.7552,68.0,0.7557,30.0,0.7558,271.0
1753531841726,12:10:41.726,API3/USDT:USDT,0.7548,13.0,0.7544,271.0,0.7557,30.0,0.7558,271.0
1753531841790,12:10:41.790,API3/USDT:USDT,0.7548,13.0,0.7544,271.0,0.7557,30.0,0.7558,271.0
1753531842021,12:10:42.021,API3/USDT:USDT,0.7548,13.0,0.7547,88.0,0.7557,30.0,0.7558,271.0
1753531842126,12:10:42.126,API3/USDT:USDT,0.7549,68.0,0.7548,101.0,0.7557,30.0,0.7558,271.0
1753531842231,12:10:42.231,API3/USDT:USDT,0.7549,68.0,0.7548,101.0,0.7557,30.0,0.7558,271.0
1753531842397,12:10:42.397,API3/USDT:USDT,0.7549,68.0,0.7548,101.0,0.7557,30.0,0.7558,271.0
1753531842956,12:10:42.956,API3/USDT:USDT,0.7549,68.0,0.7548,101.0,0.7557,30.0,0.7558,271.0
1753531843107,12:10:43.107,API3/USDT:USDT,0.7549,68.0,0.7548,101.0,0.7557,30.0,0.7558,271.0
1753531843332,12:10:43.332,API3/USDT:USDT,0.7549,68.0,0.7548,101.0,0.7557,30.0,0.7558,271.0
1753531843824,12:10:43.824,API3/USDT:USDT,0.7549,68.0,0.7548,101.0,0.7557,30.0,0.7558,271.0
1753531843846,12:10:43.846,API3/USDT:USDT,0.7549,68.0,0.7548,101.0,0.7557,30.0,0.7558,271.0
1753531844156,12:10:44.156,API3/USDT:USDT,0.7549,68.0,0.7548,101.0,0.7557,30.0,0.7558,271.0
1753531844504,12:10:44.504,API3/USDT:USDT,0.7549,68.0,0.7548,101.0,0.7557,30.0,0.7558,271.0
1753531844593,12:10:44.593,API3/USDT:USDT,0.7549,68.0,0.7548,101.0,0.7557,30.0,0.7558,271.0
1753531845571,12:10:45.571,API3/USDT:USDT,0.7549,68.0,0.7548,101.0,0.7557,30.0,0.7558,271.0
1753531845926,12:10:45.926,API3/USDT:USDT,0.7549,68.0,0.7548,101.0,0.7557,30.0,0.7558,271.0
1753531847670,12:10:47.670,API3/USDT:USDT,0.7549,68.0,0.7548,101.0,0.7557,30.0,0.7558,271.0
1753531850371,12:10:50.371,API3/USDT:USDT,0.7549,68.0,0.7548,101.0,0.7557,30.0,0.7558,271.0
1753531852776,12:10:52.776,API3/USDT:USDT,0.7554,68.0,0.7553,68.0,0.7557,4.0,0.7558,297.0
1753531852870,12:10:52.870,API3/USDT:USDT,0.7554,68.0,0.7553,68.0,0.7557,4.0,0.7558,297.0
1753531852960,12:10:52.960,API3/USDT:USDT,0.7554,68.0,0.7553,68.0,0.7557,4.0,0.7558,297.0
1753531855189,12:10:55.189,API3/USDT:USDT,0.7554,68.0,0.7553,68.0,0.7557,4.0,0.7558,297.0
1753531856428,12:10:56.428,API3/USDT:USDT,0.7554,68.0,0.7553,68.0,0.7557,4.0,0.7558,297.0
1753531856955,12:10:56.955,API3/USDT:USDT,0.7554,68.0,0.7553,68.0,0.7557,4.0,0.7558,26.0
1753531857118,12:10:57.118,API3/USDT:USDT,0.7555,68.0,0.7554,68.0,0.7558,4.0,0.7559,2179.0
1753531858011,12:10:58.011,API3/USDT:USDT,0.7555,68.0,0.7554,68.0,0.7558,4.0,0.7559,2179.0
1753531858030,12:10:58.030,API3/USDT:USDT,0.7555,68.0,0.7554,68.0,0.7558,4.0,0.7559,2179.0
1753531858296,12:10:58.296,API3/USDT:USDT,0.7555,68.0,0.7554,68.0,0.7558,4.0,0.7559,2179.0
1753531858413,12:10:58.413,API3/USDT:USDT,0.7554,68.0,0.7553,88.0,0.7558,4.0,0.7559,2179.0
1753531858449,12:10:58.449,API3/USDT:USDT,0.7553,88.0,0.7551,88.0,0.7558,4.0,0.7559,2179.0
1753531859099,12:10:59.099,API3/USDT:USDT,0.7553,88.0,0.7551,88.0,0.7558,4.0,0.7559,2179.0
1753531859971,12:10:59.971,API3/USDT:USDT,0.7553,88.0,0.7551,88.0,0.7558,4.0,0.7559,2179.0
1753531861845,12:11:01.845,API3/USDT:USDT,0.7553,88.0,0.7551,88.0,0.7558,4.0,0.7559,2179.0
1753531862271,12:11:02.271,API3/USDT:USDT,0.7553,88.0,0.7551,88.0,0.7558,4.0,0.7559,2179.0
1753531862354,12:11:02.354,API3/USDT:USDT,0.7553,88.0,0.7551,88.0,0.7558,4.0,0.7559,2179.0
1753531864771,12:11:04.771,API3/USDT:USDT,0.7553,88.0,0.7551,88.0,0.7558,4.0,0.7559,2179.0
1753531865118,12:11:05.118,API3/USDT:USDT,0.7553,88.0,0.7551,88.0,0.7558,4.0,0.7559,2179.0
1753531865201,12:11:05.201,API3/USDT:USDT,0.7553,88.0,0.7551,88.0,0.7558,4.0,0.7559,2179.0
1753531866424,12:11:06.424,API3/USDT:USDT,0.7557,68.0,0.7556,88.0,0.7558,4.0,0.7559,26.0
1753531866503,12:11:06.503,API3/USDT:USDT,0.7558,68.0,0.7557,68.0,0.7561,4.0,0.7562,297.0
1753531866607,12:11:06.607,API3/USDT:USDT,0.7558,68.0,0.7557,68.0,0.7561,4.0,0.7562,297.0
1753531866755,12:11:06.755,API3/USDT:USDT,0.7558,68.0,0.7557,68.0,0.7561,4.0,0.7562,297.0
1753531866992,12:11:06.992,API3/USDT:USDT,0.7558,68.0,0.7557,68.0,0.7561,4.0,0.7562,297.0
1753531869590,12:11:09.590,API3/USDT:USDT,0.7558,68.0,0.7557,68.0,0.7561,4.0,0.7562,297.0
1753531869990,12:11:09.990,API3/USDT:USDT,0.7558,68.0,0.7557,68.0,0.7561,4.0,0.7562,297.0
1753531870598,12:11:10.598,API3/USDT:USDT,0.7558,68.0,0.7557,68.0,0.7561,4.0,0.7562,297.0
1753531871712,12:11:11.712,API3/USDT:USDT,0.7558,68.0,0.7557,68.0,0.7561,4.0,0.7562,297.0
1753531872747,12:11:12.747,API3/USDT:USDT,0.7558,68.0,0.7557,68.0,0.7561,4.0,0.7562,297.0
1753531873902,12:11:13.902,API3/USDT:USDT,0.7557,68.0,0.7556,87.0,0.7561,4.0,0.7562,297.0
1753531874022,12:11:14.022,API3/USDT:USDT,0.7557,68.0,0.7556,87.0,0.7561,4.0,0.7562,297.0
1753531874309,12:11:14.309,API3/USDT:USDT,0.7557,68.0,0.7556,87.0,0.7561,4.0,0.7562,297.0
1753531874372,12:11:14.372,API3/USDT:USDT,0.7557,68.0,0.7556,87.0,0.7561,4.0,0.7562,297.0
1753531874879,12:11:14.879,API3/USDT:USDT,0.7557,68.0,0.7556,87.0,0.7561,4.0,0.7562,297.0
1753531875370,12:11:15.370,API3/USDT:USDT,0.7557,68.0,0.7556,87.0,0.7561,4.0,0.7562,297.0
1753531876450,12:11:16.450,API3/USDT:USDT,0.7557,68.0,0.7556,87.0,0.7561,4.0,0.7562,297.0
1753531877385,12:11:17.385,API3/USDT:USDT,0.7557,68.0,0.7556,87.0,0.7561,4.0,0.7562,297.0
1753531879025,12:11:19.025,API3/USDT:USDT,0.7557,68.0,0.7556,87.0,0.7561,4.0,0.7562,433.0
1753531879056,12:11:19.056,API3/USDT:USDT,0.7554,2725.0,0.7553,87.0,0.7561,4.0,0.7562,433.0
1753531879173,12:11:19.173,API3/USDT:USDT,0.7553,87.0,0.7552,818.0,0.7561,4.0,0.7562,433.0
1753531879258,12:11:19.258,API3/USDT:USDT,0.7553,87.0,0.7552,818.0,0.7561,4.0,0.7562,433.0
1753531880671,12:11:20.671,API3/USDT:USDT,0.7553,87.0,0.7552,818.0,0.7561,4.0,0.7562,297.0
1753531880878,12:11:20.878,API3/USDT:USDT,0.7553,87.0,0.7552,818.0,0.7561,4.0,0.7562,297.0
1753531881356,12:11:21.356,API3/USDT:USDT,0.7553,87.0,0.7552,818.0,0.7561,4.0,0.7562,433.0
1753531882204,12:11:22.204,API3/USDT:USDT,0.7553,87.0,0.7552,818.0,0.7561,4.0,0.7562,297.0
1753531883972,12:11:23.972,API3/USDT:USDT,0.7553,87.0,0.7552,818.0,0.7561,4.0,0.7562,297.0
1753531884050,12:11:24.050,API3/USDT:USDT,0.7553,87.0,0.7551,905.0,0.7561,4.0,0.7562,297.0
1753531885791,12:11:25.791,API3/USDT:USDT,0.7558,68.0,0.7557,68.0,0.7561,4.0,0.7562,297.0
1753531885880,12:11:25.880,API3/USDT:USDT,0.7558,68.0,0.7557,68.0,0.7561,4.0,0.7562,297.0
1753531885984,12:11:25.984,API3/USDT:USDT,0.7558,68.0,0.7557,68.0,0.7561,4.0,0.7562,297.0
1753531886127,12:11:26.127,API3/USDT:USDT,0.7558,68.0,0.7557,68.0,0.7561,4.0,0.7562,297.0
1753531886130,12:11:26.130,API3/USDT:USDT,0.7558,68.0,0.7557,68.0,0.7561,4.0,0.7562,297.0
1753531888772,12:11:28.772,API3/USDT:USDT,0.7558,68.0,0.7557,68.0,0.7561,4.0,0.7562,297.0
1753531889113,12:11:29.113,API3/USDT:USDT,0.7558,68.0,0.7557,68.0,0.7561,4.0,0.7562,297.0
1753531889137,12:11:29.137,API3/USDT:USDT,0.7558,68.0,0.7557,68.0,0.7561,4.0,0.7562,297.0
1753531889722,12:11:29.722,API3/USDT:USDT,0.7557,68.0,0.7556,87.0,0.7561,4.0,0.7562,297.0
1753531889763,12:11:29.763,API3/USDT:USDT,0.7557,68.0,0.7556,87.0,0.7561,4.0,0.7562,297.0
1753531890214,12:11:30.214,API3/USDT:USDT,0.7557,68.0,0.7556,87.0,0.7561,4.0,0.7562,297.0
1753531890579,12:11:30.579,API3/USDT:USDT,0.7557,68.0,0.7556,87.0,0.7561,4.0,0.7562,297.0
1753531891593,12:11:31.593,API3/USDT:USDT,0.7557,68.0,0.7556,87.0,0.7561,4.0,0.7562,297.0
1753531892722,12:11:32.722,API3/USDT:USDT,0.7555,87.0,0.7548,889.0,0.7561,4.0,0.7562,297.0
1753531892807,12:11:32.807,API3/USDT:USDT,0.7548,618.0,0.7547,2969.0,0.7561,4.0,0.7562,433.0
1753531892890,12:11:32.890,API3/USDT:USDT,0.7548,338.0,0.7547,2238.0,0.7561,4.0,0.7562,433.0
1753531893023,12:11:33.023,API3/USDT:USDT,0.7548,338.0,0.7547,2238.0,0.7558,271.0,0.7561,4.0
1753531893090,12:11:33.090,API3/USDT:USDT,0.7548,338.0,0.7547,2238.0,0.7557,30.0,0.7558,271.0
1753531893415,12:11:33.415,API3/USDT:USDT,0.7548,338.0,0.7547,2238.0,0.7557,30.0,0.7558,271.0
1753531893591,12:11:33.591,API3/USDT:USDT,0.7548,338.0,0.7547,2238.0,0.7557,30.0,0.7558,271.0
1753531895217,12:11:35.217,API3/USDT:USDT,0.7548,338.0,0.7547,2238.0,0.7557,30.0,0.7558,271.0
1753531895229,12:11:35.229,API3/USDT:USDT,0.7548,338.0,0.7547,2238.0,0.7557,30.0,0.7558,271.0
1753531895444,12:11:35.444,API3/USDT:USDT,0.7548,338.0,0.7547,2238.0,0.7557,30.0,0.7558,271.0
1753531896412,12:11:36.412,API3/USDT:USDT,0.7548,644.0,0.7547,2238.0,0.7557,30.0,0.7558,271.0
1753531896511,12:11:36.511,API3/USDT:USDT,0.7548,644.0,0.7547,2238.0,0.7557,30.0,0.7558,271.0
1753531898372,12:11:38.372,API3/USDT:USDT,0.7548,644.0,0.7547,2238.0,0.7557,30.0,0.7558,271.0
1753531900390,12:11:40.390,API3/USDT:USDT,0.7548,644.0,0.7547,2238.0,0.7557,30.0,0.7558,271.0
1753531901397,12:11:41.397,API3/USDT:USDT,0.7548,644.0,0.7547,2238.0,0.7557,30.0,0.7558,271.0
1753531903172,12:11:43.172,API3/USDT:USDT,0.7548,644.0,0.7547,2238.0,0.7557,30.0,0.7558,271.0
1753531905826,12:11:45.826,API3/USDT:USDT,0.7548,644.0,0.7547,2238.0,0.7557,30.0,0.7558,271.0
1753531905889,12:11:45.889,API3/USDT:USDT,0.7548,13.0,0.7547,87.0,0.7557,30.0,0.7558,271.0
1753531906017,12:11:46.017,API3/USDT:USDT,0.7548,13.0,0.7547,87.0,0.7557,30.0,0.7558,271.0
1753531906342,12:11:46.342,API3/USDT:USDT,0.7548,13.0,0.7547,87.0,0.7557,30.0,0.7558,271.0
1753531907129,12:11:47.129,API3/USDT:USDT,0.7548,13.0,0.7547,87.0,0.7557,30.0,0.7558,271.0
1753531907973,12:11:47.973,API3/USDT:USDT,0.7548,13.0,0.7547,87.0,0.7557,30.0,0.7558,271.0
1753531908250,12:11:48.250,API3/USDT:USDT,0.7548,13.0,0.7547,87.0,0.7557,30.0,0.7558,271.0
1753531908748,12:11:48.748,API3/USDT:USDT,0.7548,13.0,0.7547,87.0,0.7557,30.0,0.7558,271.0
1753531910125,12:11:50.125,API3/USDT:USDT,0.7548,13.0,0.7547,87.0,0.7557,30.0,0.7558,271.0
1753531910149,12:11:50.149,API3/USDT:USDT,0.7548,13.0,0.7547,87.0,0.7557,30.0,0.7558,271.0
1753531911770,12:11:51.770,API3/USDT:USDT,0.7548,13.0,0.7547,87.0,0.7557,30.0,0.7558,271.0
1753531912772,12:11:52.772,API3/USDT:USDT,0.7548,13.0,0.7547,87.0,0.7557,30.0,0.7558,271.0
1753531917611,12:11:57.611,API3/USDT:USDT,0.7548,13.0,0.7547,87.0,0.7557,30.0,0.7558,271.0
1753531919115,12:11:59.115,API3/USDT:USDT,0.7548,13.0,0.7547,87.0,0.7557,30.0,0.7558,271.0
1753531919205,12:11:59.205,API3/USDT:USDT,0.7552,68.0,0.7551,68.0,0.7557,4.0,0.7561,26.0
1753531919305,12:11:59.305,API3/USDT:USDT,0.7552,68.0,0.7551,68.0,0.7561,30.0,0.7562,1182.0
1753531919349,12:11:59.349,API3/USDT:USDT,0.7552,68.0,0.7551,68.0,0.7561,30.0,0.7562,1182.0
1753531919522,12:11:59.522,API3/USDT:USDT,0.7552,68.0,0.7551,68.0,0.7561,30.0,0.7562,1182.0
1753531919579,12:11:59.579,API3/USDT:USDT,0.7552,68.0,0.7551,68.0,0.7561,30.0,0.7562,1182.0
1753531920609,12:12:00.609,API3/USDT:USDT,0.7552,68.0,0.7551,68.0,0.7561,30.0,0.7562,1182.0
1753531920803,12:12:00.803,API3/USDT:USDT,0.7552,68.0,0.7551,68.0,0.7561,30.0,0.7562,1182.0
1753531921205,12:12:01.205,API3/USDT:USDT,0.7552,68.0,0.7551,68.0,0.7561,30.0,0.7562,1182.0
1753531921989,12:12:01.989,API3/USDT:USDT,0.7552,68.0,0.7551,68.0,0.7561,30.0,0.7562,1182.0
1753531922124,12:12:02.124,API3/USDT:USDT,0.7552,68.0,0.7551,68.0,0.7561,30.0,0.7562,407.0
1753531922200,12:12:02.200,API3/USDT:USDT,0.7552,68.0,0.7551,68.0,0.7561,30.0,0.7562,271.0
1753531922282,12:12:02.282,API3/USDT:USDT,0.7552,68.0,0.7551,68.0,0.7561,30.0,0.7562,271.0
1753531922389,12:12:02.389,API3/USDT:USDT,0.7552,68.0,0.7551,68.0,0.7561,30.0,0.7562,271.0
1753531922430,12:12:02.430,API3/USDT:USDT,0.7552,68.0,0.7551,68.0,0.7561,30.0,0.7562,271.0
1753531922994,12:12:02.994,API3/USDT:USDT,0.7552,68.0,0.7551,68.0,0.7561,30.0,0.7562,271.0
1753531923747,12:12:03.747,API3/USDT:USDT,0.7552,68.0,0.7551,68.0,0.7561,30.0,0.7562,271.0
1753531923867,12:12:03.867,API3/USDT:USDT,0.7552,68.0,0.7551,68.0,0.7561,30.0,0.7562,407.0
1753531926094,12:12:06.094,API3/USDT:USDT,0.7552,68.0,0.7551,68.0,0.7561,30.0,0.7562,407.0
1753531927173,12:12:07.173,API3/USDT:USDT,0.7552,68.0,0.7551,68.0,0.7561,30.0,0.7562,407.0
1753531927490,12:12:07.490,API3/USDT:USDT,0.7552,68.0,0.7551,68.0,0.7561,30.0,0.7562,407.0
1753531927824,12:12:07.824,API3/USDT:USDT,0.7555,68.0,0.7554,68.0,0.7561,4.0,0.7562,26.0
1753531927921,12:12:07.921,API3/USDT:USDT,0.7559,68.0,0.7558,68.0,0.7562,4.0,0.7563,2178.0
1753531927995,12:12:07.995,API3/USDT:USDT,0.7559,68.0,0.7558,68.0,0.7562,4.0,0.7563,26.0
1753531928124,12:12:08.124,API3/USDT:USDT,0.7559,68.0,0.7558,68.0,0.7563,26.0,0.7565,54.0
1753531928158,12:12:08.158,API3/USDT:USDT,0.7559,68.0,0.7558,68.0,0.7564,26.0,0.7565,54.0
1753531928439,12:12:08.439,API3/USDT:USDT,0.7559,68.0,0.7558,68.0,0.7564,26.0,0.7565,54.0
1753531928530,12:12:08.530,API3/USDT:USDT,0.7559,68.0,0.7558,68.0,0.7564,26.0,0.7565,54.0
1753531928934,12:12:08.934,API3/USDT:USDT,0.7559,68.0,0.7558,68.0,0.7564,26.0,0.7565,54.0
1753531929569,12:12:09.569,API3/USDT:USDT,0.7559,68.0,0.7558,68.0,0.7564,26.0,0.7565,54.0
1753531929690,12:12:09.690,API3/USDT:USDT,0.7559,68.0,0.7558,68.0,0.7564,26.0,0.7565,54.0
1753531930179,12:12:10.179,API3/USDT:USDT,0.7559,68.0,0.7558,68.0,0.7564,26.0,0.7565,54.0
1753531930323,12:12:10.323,API3/USDT:USDT,0.7551,687.0,0.755,272.0,0.7564,26.0,0.7565,54.0
1753531930383,12:12:10.383,API3/USDT:USDT,0.755,359.0,0.7549,944.0,0.7564,26.0,0.7565,54.0
1753531930497,12:12:10.497,API3/USDT:USDT,0.755,87.0,0.7549,944.0,0.7562,271.0,0.7564,26.0
1753531930586,12:12:10.586,API3/USDT:USDT,0.755,87.0,0.7548,1219.0,0.7561,4.0,0.7562,271.0
1753531930630,12:12:10.630,API3/USDT:USDT,0.755,87.0,0.7548,1219.0,0.7561,4.0,0.7562,271.0
1753531930870,12:12:10.870,API3/USDT:USDT,0.755,87.0,0.7549,87.0,0.7561,30.0,0.7562,271.0
1753531931070,12:12:11.070,API3/USDT:USDT,0.755,87.0,0.7549,87.0,0.7561,30.0,0.7562,271.0
1753531931289,12:12:11.289,API3/USDT:USDT,0.755,87.0,0.7549,87.0,0.7561,30.0,0.7562,271.0
1753531931975,12:12:11.975,API3/USDT:USDT,0.755,87.0,0.7549,87.0,0.7561,30.0,0.7562,271.0
1753531933492,12:12:13.492,API3/USDT:USDT,0.755,87.0,0.7549,87.0,0.7561,166.0,0.7562,271.0
1753531933891,12:12:13.891,API3/USDT:USDT,0.755,87.0,0.7549,87.0,0.7561,166.0,0.7562,271.0
1753531935565,12:12:15.565,API3/USDT:USDT,0.7553,68.0,0.7552,68.0,0.7561,30.0,0.7562,271.0
1753531935670,12:12:15.670,API3/USDT:USDT,0.7553,68.0,0.7552,68.0,0.7561,30.0,0.7562,271.0
1753531936774,12:12:16.774,API3/USDT:USDT,0.7553,68.0,0.7552,68.0,0.7561,30.0,0.7562,271.0
1753531937154,12:12:17.154,API3/USDT:USDT,0.7553,68.0,0.7552,68.0,0.7561,30.0,0.7562,271.0
1753531941573,12:12:21.573,API3/USDT:USDT,0.7553,68.0,0.7552,68.0,0.7561,30.0,0.7562,271.0
1753531941733,12:12:21.733,API3/USDT:USDT,0.7553,68.0,0.7552,68.0,0.7561,30.0,0.7562,271.0
1753531942350,12:12:22.350,API3/USDT:USDT,0.7553,68.0,0.7552,68.0,0.7561,30.0,0.7562,271.0
1753531942689,12:12:22.689,API3/USDT:USDT,0.7554,68.0,0.7553,68.0,0.7561,30.0,0.7562,271.0
1753531942756,12:12:22.756,API3/USDT:USDT,0.7554,68.0,0.7553,68.0,0.7561,30.0,0.7562,271.0
1753531944283,12:12:24.283,API3/USDT:USDT,0.7555,68.0,0.7554,68.0,0.7561,30.0,0.7562,271.0
1753531944398,12:12:24.398,API3/USDT:USDT,0.7556,68.0,0.7555,68.0,0.7561,30.0,0.7562,271.0
1753531944625,12:12:24.625,API3/USDT:USDT,0.7556,68.0,0.7555,68.0,0.7561,30.0,0.7562,271.0
1753531944637,12:12:24.637,API3/USDT:USDT,0.7556,68.0,0.7555,68.0,0.7561,30.0,0.7562,271.0
1753531944924,12:12:24.924,API3/USDT:USDT,0.7559,68.0,0.7558,68.0,0.7561,4.0,0.7564,26.0
1753531944949,12:12:24.949,API3/USDT:USDT,0.7559,68.0,0.7558,68.0,0.7564,26.0,0.7565,54.0
1753531945051,12:12:25.051,API3/USDT:USDT,0.7559,68.0,0.7558,68.0,0.7564,26.0,0.7565,54.0
1753531945150,12:12:25.150,API3/USDT:USDT,0.7559,68.0,0.7558,68.0,0.7564,26.0,0.7565,54.0
1753531945710,12:12:25.710,API3/USDT:USDT,0.7559,68.0,0.7558,68.0,0.7564,26.0,0.7565,54.0
1753531946012,12:12:26.012,API3/USDT:USDT,0.7559,68.0,0.7558,68.0,0.7565,54.0,0.7566,980.0
1753531946215,12:12:26.215,API3/USDT:USDT,0.7559,68.0,0.7558,68.0,0.7564,26.0,0.7565,54.0
1753531946314,12:12:26.314,API3/USDT:USDT,0.756,68.0,0.7559,68.0,0.7564,26.0,0.7565,54.0
1753531946374,12:12:26.374,API3/USDT:USDT,0.756,68.0,0.7559,68.0,0.7564,26.0,0.7565,54.0
1753531946435,12:12:26.435,API3/USDT:USDT,0.756,68.0,0.7559,68.0,0.7564,26.0,0.7565,54.0
1753531946693,12:12:26.693,API3/USDT:USDT,0.756,68.0,0.7559,68.0,0.7564,26.0,0.7565,54.0
1753531947554,12:12:27.554,API3/USDT:USDT,0.756,68.0,0.7559,68.0,0.7564,26.0,0.7565,54.0
1753531947657,12:12:27.657,API3/USDT:USDT,0.756,68.0,0.7559,68.0,0.7564,26.0,0.7565,54.0
1753531948224,12:12:28.224,API3/USDT:USDT,0.7559,68.0,0.7552,144.0,0.7564,26.0,0.7565,54.0
1753531948231,12:12:28.231,API3/USDT:USDT,0.7559,68.0,0.7558,87.0,0.7564,26.0,0.7565,54.0
1753531948483,12:12:28.483,API3/USDT:USDT,0.7558,87.0,0.7557,87.0,0.7564,26.0,0.7565,54.0
1753531949413,12:12:29.413,API3/USDT:USDT,0.7558,87.0,0.7557,87.0,0.7564,26.0,0.7565,54.0
1753531949469,12:12:29.469,API3/USDT:USDT,0.7558,87.0,0.7557,87.0,0.7564,26.0,0.7565,54.0
1753531949760,12:12:29.760,API3/USDT:USDT,0.7558,87.0,0.7557,87.0,0.7564,26.0,0.7565,54.0
1753531951222,12:12:31.222,API3/USDT:USDT,0.7558,87.0,0.7557,87.0,0.7564,26.0,0.7565,54.0
1753531951409,12:12:31.409,API3/USDT:USDT,0.7558,87.0,0.7557,87.0,0.7564,26.0,0.7565,54.0
1753531952227,12:12:32.227,API3/USDT:USDT,0.7558,87.0,0.7557,87.0,0.7564,26.0,0.7565,54.0
1753531953109,12:12:33.109,API3/USDT:USDT,0.7558,87.0,0.7557,87.0,0.7564,26.0,0.7565,54.0
1753531953129,12:12:33.129,API3/USDT:USDT,0.7558,87.0,0.7557,87.0,0.7564,26.0,0.7565,54.0
1753531953470,12:12:33.470,API3/USDT:USDT,0.7558,87.0,0.7557,87.0,0.7564,26.0,0.7565,54.0
1753531954610,12:12:34.610,API3/USDT:USDT,0.7558,87.0,0.7557,87.0,0.7564,26.0,0.7565,54.0
1753531954629,12:12:34.629,API3/USDT:USDT,0.7558,87.0,0.7557,87.0,0.7564,26.0,0.7565,54.0
1753531955220,12:12:35.220,API3/USDT:USDT,0.7558,87.0,0.7557,87.0,0.7564,26.0,0.7565,54.0
1753531955719,12:12:35.719,API3/USDT:USDT,0.7558,87.0,0.7557,87.0,0.7564,26.0,0.7565,54.0
1753531955974,12:12:35.974,API3/USDT:USDT,0.7558,87.0,0.7557,87.0,0.7564,26.0,0.7565,54.0
1753531956522,12:12:36.522,API3/USDT:USDT,0.7558,87.0,0.7557,87.0,0.7564,26.0,0.7565,54.0
1753531959349,12:12:39.349,API3/USDT:USDT,0.7558,87.0,0.7557,87.0,0.7564,26.0,0.7565,54.0
1753531959576,12:12:39.576,API3/USDT:USDT,0.7558,87.0,0.7557,87.0,0.7564,26.0,0.7565,54.0
1753531959692,12:12:39.692,API3/USDT:USDT,0.7558,87.0,0.7557,87.0,0.7564,26.0,0.7565,54.0
1753531959751,12:12:39.751,API3/USDT:USDT,0.7558,87.0,0.7557,87.0,0.7564,26.0,0.7565,54.0
1753531959950,12:12:39.950,API3/USDT:USDT,0.7558,87.0,0.7557,87.0,0.7564,26.0,0.7565,54.0
1753531960774,12:12:40.774,API3/USDT:USDT,0.7558,87.0,0.7557,87.0,0.7564,26.0,0.7565,54.0
1753531962717,12:12:42.717,API3/USDT:USDT,0.756,68.0,0.7559,68.0,0.7564,26.0,0.7565,54.0
1753531962764,12:12:42.764,API3/USDT:USDT,0.756,68.0,0.7559,68.0,0.7564,26.0,0.7565,54.0
1753531965217,12:12:45.217,API3/USDT:USDT,0.7559,68.0,0.7558,87.0,0.7564,26.0,0.7565,54.0
1753531965310,12:12:45.310,API3/USDT:USDT,0.7554,68.0,0.7553,68.0,0.7561,26.0,0.7562,271.0
1753531965389,12:12:45.389,API3/USDT:USDT,0.7557,68.0,0.7556,68.0,0.7561,26.0,0.7562,2415.0
1753531965468,12:12:45.468,API3/USDT:USDT,0.7557,68.0,0.7556,68.0,0.7561,26.0,0.7562,2415.0
1753531965573,12:12:45.573,API3/USDT:USDT,0.7557,68.0,0.7556,68.0,0.7561,26.0,0.7562,2415.0
1753531965781,12:12:45.781,API3/USDT:USDT,0.7557,68.0,0.7556,68.0,0.7561,30.0,0.7562,2415.0
1753531965927,12:12:45.927,API3/USDT:USDT,0.7557,68.0,0.7556,68.0,0.7561,4.0,0.7562,2415.0
1753531965932,12:12:45.932,API3/USDT:USDT,0.7557,68.0,0.7556,68.0,0.7561,4.0,0.7562,2441.0
1753531966078,12:12:46.078,API3/USDT:USDT,0.7557,68.0,0.7556,68.0,0.7561,4.0,0.7562,2441.0
1753531966791,12:12:46.791,API3/USDT:USDT,0.7557,68.0,0.7556,68.0,0.7561,4.0,0.7562,2441.0
1753531966899,12:12:46.899,API3/USDT:USDT,0.7557,68.0,0.7556,68.0,0.7561,4.0,0.7562,2441.0
1753531967018,12:12:47.018,API3/USDT:USDT,0.7557,68.0,0.7556,68.0,0.7561,4.0,0.7562,2441.0
1753531967167,12:12:47.167,API3/USDT:USDT,0.7557,68.0,0.7556,68.0,0.7561,4.0,0.7562,2441.0
1753531967306,12:12:47.306,API3/USDT:USDT,0.7557,68.0,0.7556,68.0,0.7561,4.0,0.7562,2441.0
1753531969512,12:12:49.512,API3/USDT:USDT,0.7557,68.0,0.7556,68.0,0.7561,4.0,0.7562,2441.0
1753531969916,12:12:49.916,API3/USDT:USDT,0.7557,68.0,0.7556,68.0,0.7561,4.0,0.7562,2441.0
1753531970389,12:12:50.389,API3/USDT:USDT,0.7557,68.0,0.7556,68.0,0.7561,4.0,0.7562,2441.0
1753531970689,12:12:50.689,API3/USDT:USDT,0.7557,68.0,0.7556,68.0,0.7561,4.0,0.7562,2441.0
1753531972224,12:12:52.224,API3/USDT:USDT,0.7558,68.0,0.755,144.0,0.7561,4.0,0.7562,2441.0
1753531972275,12:12:52.275,API3/USDT:USDT,0.7558,68.0,0.7557,87.0,0.7561,4.0,0.7562,2441.0
1753531974727,12:12:54.727,API3/USDT:USDT,0.755,144.0,0.7548,810.0,0.7561,4.0,0.7562,2441.0
1753531974818,12:12:54.818,API3/USDT:USDT,0.7555,68.0,0.7554,68.0,0.7561,4.0,0.7564,596.0
1753531974922,12:12:54.922,API3/USDT:USDT,0.7559,68.0,0.7558,68.0,0.7563,4.0,0.7564,596.0
1753531975025,12:12:55.025,API3/USDT:USDT,0.7559,68.0,0.7558,68.0,0.7563,4.0,0.7564,596.0
1753531975175,12:12:55.175,API3/USDT:USDT,0.7559,68.0,0.7558,68.0,0.7563,4.0,0.7564,596.0
1753531975617,12:12:55.617,API3/USDT:USDT,0.7559,68.0,0.7558,68.0,0.7563,4.0,0.7564,26.0
1753531975638,12:12:55.638,API3/USDT:USDT,0.7559,68.0,0.7558,68.0,0.7564,30.0,0.7565,2198.0
1753531975823,12:12:55.823,API3/USDT:USDT,0.7559,68.0,0.7558,68.0,0.7564,376.0,0.7565,2198.0
1753531975838,12:12:55.838,API3/USDT:USDT,0.7559,68.0,0.7558,68.0,0.7564,376.0,0.7565,2198.0
1753531975980,12:12:55.980,API3/USDT:USDT,0.7559,68.0,0.7558,68.0,0.7564,376.0,0.7565,2198.0
1753531977238,12:12:57.238,API3/USDT:USDT,0.7559,68.0,0.7558,68.0,0.7564,376.0,0.7565,2198.0
1753531977588,12:12:57.588,API3/USDT:USDT,0.7559,68.0,0.7558,68.0,0.7564,376.0,0.7565,2198.0
1753531979611,12:12:59.611,API3/USDT:USDT,0.7559,68.0,0.7558,68.0,0.7564,376.0,0.7565,2198.0
1753531979656,12:12:59.656,API3/USDT:USDT,0.7558,68.0,0.7557,87.0,0.7564,376.0,0.7565,2198.0
1753531980015,12:13:00.015,API3/USDT:USDT,0.7558,68.0,0.7557,87.0,0.7564,376.0,0.7565,2198.0
1753531980313,12:13:00.313,API3/USDT:USDT,0.7557,87.0,0.7556,87.0,0.7562,271.0,0.7564,646.0
1753531980391,12:13:00.391,API3/USDT:USDT,0.7557,87.0,0.7556,87.0,0.7561,30.0,0.7562,271.0
1753531980431,12:13:00.431,API3/USDT:USDT,0.7557,87.0,0.7556,87.0,0.7561,30.0,0.7562,271.0
1753531982389,12:13:02.389,API3/USDT:USDT,0.7557,87.0,0.7556,87.0,0.7561,30.0,0.7562,271.0
1753531982464,12:13:02.464,API3/USDT:USDT,0.7557,87.0,0.7556,87.0,0.7561,30.0,0.7562,271.0
1753531982925,12:13:02.925,API3/USDT:USDT,0.7557,87.0,0.7556,87.0,0.7561,30.0,0.7564,616.0
1753531983025,12:13:03.025,API3/USDT:USDT,0.7559,87.0,0.7558,87.0,0.7563,30.0,0.7564,616.0
1753531983086,12:13:03.086,API3/USDT:USDT,0.7558,87.0,0.7557,87.0,0.7563,30.0,0.7564,616.0
1753531983282,12:13:03.282,API3/USDT:USDT,0.7558,87.0,0.7557,87.0,0.7563,30.0,0.7564,616.0
1753531984792,12:13:04.792,API3/USDT:USDT,0.7558,87.0,0.7557,87.0,0.7563,30.0,0.7564,616.0
1753531984901,12:13:04.901,API3/USDT:USDT,0.7558,87.0,0.7557,87.0,0.7563,30.0,0.7564,616.0
1753531987725,12:13:07.725,API3/USDT:USDT,0.7558,87.0,0.7557,87.0,0.7563,30.0,0.7564,616.0
1753531987824,12:13:07.824,API3/USDT:USDT,0.7558,87.0,0.7557,87.0,0.7563,30.0,0.7564,616.0
1753531987870,12:13:07.870,API3/USDT:USDT,0.7558,87.0,0.7557,87.0,0.7563,30.0,0.7564,616.0
1753531989574,12:13:09.574,API3/USDT:USDT,0.7558,87.0,0.7557,87.0,0.7563,30.0,0.7564,616.0
1753531994110,12:13:14.110,API3/USDT:USDT,0.7558,87.0,0.7557,87.0,0.7563,30.0,0.7564,616.0
1753531994374,12:13:14.374,API3/USDT:USDT,0.7558,87.0,0.7557,87.0,0.7563,30.0,0.7564,616.0
1753531997319,12:13:17.319,API3/USDT:USDT,0.7558,87.0,0.7557,87.0,0.7563,30.0,0.7564,616.0
1753531997332,12:13:17.332,API3/USDT:USDT,0.7558,87.0,0.7557,87.0,0.7563,30.0,0.7564,616.0
1753531997599,12:13:17.599,API3/USDT:USDT,0.7558,87.0,0.7557,87.0,0.7563,30.0,0.7564,616.0
1753531998270,12:13:18.270,API3/USDT:USDT,0.7557,87.0,0.7556,87.0,0.7563,30.0,0.7564,616.0
1753531998349,12:13:18.349,API3/USDT:USDT,0.7557,87.0,0.7556,87.0,0.7563,30.0,0.7564,616.0
1753531999175,12:13:19.175,API3/USDT:USDT,0.7557,87.0,0.7556,87.0,0.7563,30.0,0.7564,616.0
1753531999720,12:13:19.720,API3/USDT:USDT,0.7557,87.0,0.7556,87.0,0.7563,30.0,0.7564,616.0
1753531999729,12:13:19.729,API3/USDT:USDT,0.7557,87.0,0.7556,87.0,0.7563,30.0,0.7564,616.0
1753532001221,12:13:21.221,API3/USDT:USDT,0.756,68.0,0.7559,68.0,0.7563,4.0,0.7564,26.0
1753532001268,12:13:21.268,API3/USDT:USDT,0.756,68.0,0.7559,68.0,0.7564,30.0,0.7565,2198.0
1753532001352,12:13:21.352,API3/USDT:USDT,0.756,68.0,0.7559,68.0,0.7564,477.0,0.7565,2198.0
1753532001489,12:13:21.489,API3/USDT:USDT,0.7559,68.0,0.7558,87.0,0.7564,477.0,0.7565,2198.0
1753532001531,12:13:21.531,API3/USDT:USDT,0.7558,87.0,0.7557,87.0,0.7564,477.0,0.7565,2198.0
1753532001649,12:13:21.649,API3/USDT:USDT,0.7558,87.0,0.7557,87.0,0.7564,477.0,0.7565,2198.0
1753532001875,12:13:21.875,API3/USDT:USDT,0.7558,87.0,0.7557,87.0,0.7564,477.0,0.7565,2198.0
1753532003292,12:13:23.292,API3/USDT:USDT,0.7558,87.0,0.7557,87.0,0.7564,477.0,0.7565,2198.0
1753532003500,12:13:23.500,API3/USDT:USDT,0.7558,87.0,0.7557,87.0,0.7564,477.0,0.7565,2198.0
1753532003975,12:13:23.975,API3/USDT:USDT,0.7558,87.0,0.7557,87.0,0.7564,477.0,0.7565,2198.0
1753532005727,12:13:25.727,API3/USDT:USDT,0.7558,87.0,0.7557,87.0,0.7564,477.0,0.7565,2198.0
1753532005749,12:13:25.749,API3/USDT:USDT,0.7558,87.0,0.7557,87.0,0.7564,477.0,0.7565,2198.0
1753532006092,12:13:26.092,API3/USDT:USDT,0.7558,87.0,0.7557,87.0,0.7564,477.0,0.7565,2198.0
1753532007579,12:13:27.579,API3/USDT:USDT,0.7557,87.0,0.7556,87.0,0.7561,26.0,0.7562,271.0
1753532007649,12:13:27.649,API3/USDT:USDT,0.7557,87.0,0.7556,87.0,0.7561,30.0,0.7562,271.0
1753532008792,12:13:28.792,API3/USDT:USDT,0.7557,87.0,0.7556,87.0,0.7561,30.0,0.7562,271.0
1753532011210,12:13:31.210,API3/USDT:USDT,0.7556,87.0,0.7555,87.0,0.7561,30.0,0.7562,271.0
1753532011282,12:13:31.282,API3/USDT:USDT,0.7556,87.0,0.7555,87.0,0.7561,30.0,0.7562,271.0
1753532011400,12:13:31.400,API3/USDT:USDT,0.7556,87.0,0.7555,87.0,0.7561,30.0,0.7562,271.0
1753532011525,12:13:31.525,API3/USDT:USDT,0.7555,87.0,0.755,791.0,0.7561,30.0,0.7562,271.0
1753532011618,12:13:31.618,API3/USDT:USDT,0.755,647.0,0.7549,2725.0,0.756,2136.0,0.7561,166.0
1753532011690,12:13:31.690,API3/USDT:USDT,0.7548,963.0,0.7547,3167.0,0.7559,627.0,0.756,2136.0
1753532011811,12:13:31.811,API3/USDT:USDT,0.7548,13.0,0.7546,391.0,0.7559,627.0,0.756,2136.0
1753532011868,12:13:31.868,API3/USDT:USDT,0.7548,13.0,0.7546,391.0,0.7559,653.0,0.756,2136.0
1753532011988,12:13:31.988,API3/USDT:USDT,0.7553,68.0,0.7552,68.0,0.7558,26.0,0.7559,627.0
1753532012087,12:13:32.087,API3/USDT:USDT,0.7553,68.0,0.7552,68.0,0.7558,26.0,0.7559,627.0
1753532012534,12:13:32.534,API3/USDT:USDT,0.7553,68.0,0.7552,68.0,0.7558,26.0,0.7559,627.0
1753532012793,12:13:32.793,API3/USDT:USDT,0.7553,68.0,0.7552,68.0,0.7559,653.0,0.756,2136.0
1753532012890,12:13:32.890,API3/USDT:USDT,0.7553,68.0,0.7552,68.0,0.7558,26.0,0.7559,627.0
1753532012944,12:13:32.944,API3/USDT:USDT,0.7553,68.0,0.7552,68.0,0.7559,653.0,0.756,2136.0
1753532013216,12:13:33.216,API3/USDT:USDT,0.7553,68.0,0.7552,68.0,0.7558,26.0,0.7559,627.0
1753532013240,12:13:33.240,API3/USDT:USDT,0.7553,68.0,0.7552,68.0,0.7558,26.0,0.7559,627.0
1753532013625,12:13:33.625,API3/USDT:USDT,0.7553,68.0,0.7552,68.0,0.7558,26.0,0.7559,627.0
1753532014054,12:13:34.054,API3/USDT:USDT,0.7553,68.0,0.7552,68.0,0.7558,26.0,0.7559,627.0
1753532015534,12:13:35.534,API3/USDT:USDT,0.7553,68.0,0.7552,68.0,0.7558,26.0,0.7559,627.0
1753532015686,12:13:35.686,API3/USDT:USDT,0.7553,68.0,0.7552,68.0,0.7558,26.0,0.7559,627.0
1753532016035,12:13:36.035,API3/USDT:USDT,0.7553,68.0,0.7552,68.0,0.7558,26.0,0.7559,627.0
1753532016566,12:13:36.566,API3/USDT:USDT,0.7553,68.0,0.7552,68.0,0.7558,26.0,0.7559,627.0
1753532017184,12:13:37.184,API3/USDT:USDT,0.7553,68.0,0.7552,68.0,0.7558,26.0,0.7559,627.0
1753532017312,12:13:37.312,API3/USDT:USDT,0.7553,68.0,0.7552,68.0,0.7558,26.0,0.7559,627.0
1753532018208,12:13:38.208,API3/USDT:USDT,0.7554,68.0,0.7553,68.0,0.7558,26.0,0.7559,4.0
1753532018311,12:13:38.311,API3/USDT:USDT,0.7556,87.0,0.7555,87.0,0.7558,26.0,0.7559,4.0
1753532018384,12:13:38.384,API3/USDT:USDT,0.7555,87.0,0.7554,87.0,0.7559,4.0,0.756,2136.0
1753532018455,12:13:38.455,API3/USDT:USDT,0.7555,87.0,0.7554,87.0,0.7559,4.0,0.756,2162.0
1753532018545,12:13:38.545,API3/USDT:USDT,0.7555,87.0,0.7554,87.0,0.7559,4.0,0.756,2162.0
1753532021435,12:13:41.435,API3/USDT:USDT,0.7555,87.0,0.7554,87.0,0.7559,4.0,0.756,2162.0
1753532021797,12:13:41.797,API3/USDT:USDT,0.7555,87.0,0.7554,87.0,0.7559,4.0,0.756,2162.0
1753532023112,12:13:43.112,API3/USDT:USDT,0.7555,87.0,0.7554,87.0,0.7559,4.0,0.756,2162.0
1753532023175,12:13:43.175,API3/USDT:USDT,0.7555,87.0,0.7554,87.0,0.7559,4.0,0.756,2162.0
1753532025114,12:13:45.114,API3/USDT:USDT,0.7555,87.0,0.7554,87.0,0.7559,4.0,0.756,2162.0
1753532025130,12:13:45.130,API3/USDT:USDT,0.7555,87.0,0.7554,87.0,0.7559,4.0,0.756,2162.0
1753532025514,12:13:45.514,API3/USDT:USDT,0.7555,87.0,0.7554,87.0,0.7559,4.0,0.756,2162.0
1753532025684,12:13:45.684,API3/USDT:USDT,0.7555,87.0,0.7554,87.0,0.7559,4.0,0.756,2136.0
1753532025763,12:13:45.763,API3/USDT:USDT,0.7555,87.0,0.7554,87.0,0.7559,4.0,0.756,2162.0
1753532026625,12:13:46.625,API3/USDT:USDT,0.7555,87.0,0.7554,87.0,0.7559,4.0,0.756,2136.0
1753532026629,12:13:46.629,API3/USDT:USDT,0.7555,87.0,0.7554,87.0,0.7559,4.0,0.756,2162.0
1753532026950,12:13:46.950,API3/USDT:USDT,0.7555,87.0,0.7554,87.0,0.7559,4.0,0.756,2162.0
1753532027975,12:13:47.975,API3/USDT:USDT,0.7555,87.0,0.7554,87.0,0.7559,4.0,0.756,2162.0
1753532029604,12:13:49.604,API3/USDT:USDT,0.7555,87.0,0.7554,87.0,0.7559,4.0,0.756,2162.0
1753532029793,12:13:49.793,API3/USDT:USDT,0.7555,87.0,0.7554,87.0,0.7559,4.0,0.756,2162.0
1753532032789,12:13:52.789,API3/USDT:USDT,0.7555,87.0,0.7554,87.0,0.7559,4.0,0.756,2162.0
1753532034716,12:13:54.716,API3/USDT:USDT,0.7555,87.0,0.7554,87.0,0.7559,4.0,0.756,2162.0
1753532034730,12:13:54.730,API3/USDT:USDT,0.7555,87.0,0.7554,87.0,0.7559,4.0,0.756,2162.0
1753532035377,12:13:55.377,API3/USDT:USDT,0.7555,87.0,0.7554,87.0,0.7559,4.0,0.756,2162.0
1753532036670,12:13:56.670,API3/USDT:USDT,0.7557,68.0,0.7556,68.0,0.7559,4.0,0.756,2162.0
1753532036733,12:13:56.733,API3/USDT:USDT,0.7557,68.0,0.7556,68.0,0.7559,4.0,0.756,2162.0
1753532036915,12:13:56.915,API3/USDT:USDT,0.7556,68.0,0.7555,87.0,0.7559,4.0,0.756,2162.0
1753532037575,12:13:57.575,API3/USDT:USDT,0.7556,68.0,0.7555,87.0,0.7559,4.0,0.756,2162.0
1753532038290,12:13:58.290,API3/USDT:USDT,0.7556,68.0,0.7555,87.0,0.7559,4.0,0.756,2162.0
1753532039122,12:13:59.122,API3/USDT:USDT,0.7555,87.0,0.7554,87.0,0.7559,4.0,0.756,2162.0
1753532040432,12:14:00.432,API3/USDT:USDT,0.7554,87.0,0.7549,149.0,0.7559,4.0,0.756,2162.0
1753532040578,12:14:00.578,API3/USDT:USDT,0.7554,87.0,0.7553,87.0,0.7558,26.0,0.7559,599.0
1753532040715,12:14:00.715,API3/USDT:USDT,0.7554,87.0,0.7553,87.0,0.7558,26.0,0.7559,599.0
1753532040888,12:14:00.888,API3/USDT:USDT,0.7554,87.0,0.7553,87.0,0.7559,30.0,0.756,2136.0
1753532040998,12:14:00.998,API3/USDT:USDT,0.7555,68.0,0.7554,87.0,0.7559,30.0,0.756,2136.0
1753532041128,12:14:01.128,API3/USDT:USDT,0.7555,68.0,0.7554,87.0,0.7559,30.0,0.756,2136.0
1753532041418,12:14:01.418,API3/USDT:USDT,0.7557,87.0,0.7556,87.0,0.7559,4.0,0.756,2162.0
1753532041449,12:14:01.449,API3/USDT:USDT,0.7557,87.0,0.7556,87.0,0.7559,4.0,0.756,2162.0
1753532041644,12:14:01.644,API3/USDT:USDT,0.7557,87.0,0.7556,87.0,0.7559,4.0,0.756,2162.0
1753532042376,12:14:02.376,API3/USDT:USDT,0.7557,87.0,0.7556,87.0,0.7559,4.0,0.756,2162.0
1753532043820,12:14:03.820,API3/USDT:USDT,0.7556,87.0,0.7549,149.0,0.7559,4.0,0.756,2162.0
1753532043830,12:14:03.830,API3/USDT:USDT,0.7556,87.0,0.7555,87.0,0.7559,4.0,0.756,2162.0
1753532044619,12:14:04.619,API3/USDT:USDT,0.7556,87.0,0.7555,87.0,0.7559,4.0,0.756,2162.0
1753532045203,12:14:05.203,API3/USDT:USDT,0.7556,87.0,0.7555,87.0,0.7559,4.0,0.756,2162.0
1753532046223,12:14:06.223,API3/USDT:USDT,0.7556,87.0,0.7555,87.0,0.7559,4.0,0.756,2162.0
1753532046230,12:14:06.230,API3/USDT:USDT,0.7556,87.0,0.7555,87.0,0.7559,4.0,0.756,2162.0
1753532046363,12:14:06.363,API3/USDT:USDT,0.7556,87.0,0.7555,87.0,0.7559,4.0,0.756,2162.0
1753532047176,12:14:07.176,API3/USDT:USDT,0.7556,87.0,0.7555,87.0,0.7559,4.0,0.756,2162.0
1753532047386,12:14:07.386,API3/USDT:USDT,0.7555,87.0,0.7554,87.0,0.7559,4.0,0.756,2162.0
1753532047469,12:14:07.469,API3/USDT:USDT,0.7555,87.0,0.7554,87.0,0.7559,4.0,0.756,2162.0
1753532047530,12:14:07.530,API3/USDT:USDT,0.7555,87.0,0.7554,87.0,0.7559,4.0,0.756,2162.0
1753532047910,12:14:07.910,API3/USDT:USDT,0.7555,87.0,0.7554,87.0,0.7559,4.0,0.756,2162.0
1753532052016,12:14:12.016,API3/USDT:USDT,0.7555,87.0,0.7554,87.0,0.7559,4.0,0.756,2162.0
1753532052030,12:14:12.030,API3/USDT:USDT,0.7555,87.0,0.7554,87.0,0.7559,4.0,0.756,2162.0
1753532053353,12:14:13.353,API3/USDT:USDT,0.7554,87.0,0.7553,87.0,0.7559,4.0,0.756,2162.0
1753532056790,12:14:16.790,API3/USDT:USDT,0.7554,87.0,0.7553,87.0,0.7559,4.0,0.756,2162.0
1753532057809,12:14:17.809,API3/USDT:USDT,0.7554,87.0,0.7553,87.0,0.7559,4.0,0.756,2162.0
1753532057830,12:14:17.830,API3/USDT:USDT,0.7554,87.0,0.7553,87.0,0.7559,4.0,0.756,2162.0
1753532058873,12:14:18.873,API3/USDT:USDT,0.7554,87.0,0.7553,87.0,0.7559,4.0,0.756,2162.0
1753532061576,12:14:21.576,API3/USDT:USDT,0.7554,87.0,0.7553,87.0,0.7559,4.0,0.756,2162.0
1753532063610,12:14:23.610,API3/USDT:USDT,0.7554,87.0,0.7553,87.0,0.7559,4.0,0.756,2162.0
1753532066120,12:14:26.120,API3/USDT:USDT,0.7554,87.0,0.7553,87.0,0.7559,4.0,0.756,2162.0
1753532066129,12:14:26.129,API3/USDT:USDT,0.7554,87.0,0.7553,87.0,0.7559,4.0,0.756,2162.0
1753532066389,12:14:26.389,API3/USDT:USDT,0.7554,87.0,0.7553,87.0,0.7559,4.0,0.756,2162.0
1753532069710,12:14:29.710,API3/USDT:USDT,0.7557,68.0,0.7556,68.0,0.7559,4.0,0.756,2162.0
1753532069811,12:14:29.811,API3/USDT:USDT,0.7556,68.0,0.755,149.0,0.7559,4.0,0.756,2162.0
1753532069913,12:14:29.913,API3/USDT:USDT,0.7556,68.0,0.7555,87.0,0.7559,4.0,0.756,2162.0
1753532070215,12:14:30.215,API3/USDT:USDT,0.7554,87.0,0.7553,87.0,0.7559,30.0,0.7563,640.0
1753532070275,12:14:30.275,API3/USDT:USDT,0.7554,87.0,0.7553,87.0,0.7562,30.0,0.7563,640.0
1753532070332,12:14:30.332,API3/USDT:USDT,0.7554,87.0,0.7553,87.0,0.7562,30.0,0.7563,640.0
1753532070513,12:14:30.513,API3/USDT:USDT,0.7554,87.0,0.7553,87.0,0.7562,30.0,0.7563,640.0
1753532070578,12:14:30.578,API3/USDT:USDT,0.7554,87.0,0.7553,87.0,0.7562,30.0,0.7563,640.0
1753532071190,12:14:31.190,API3/USDT:USDT,0.7554,87.0,0.7553,87.0,0.7562,30.0,0.7563,640.0
1753532071332,12:14:31.332,API3/USDT:USDT,0.7554,87.0,0.7553,87.0,0.7562,30.0,0.7563,640.0
1753532071716,12:14:31.716,API3/USDT:USDT,0.7554,87.0,0.7553,87.0,0.7562,30.0,0.7563,640.0
1753532071816,12:14:31.816,API3/USDT:USDT,0.7554,87.0,0.7553,87.0,0.7562,30.0,0.7563,640.0
1753532072080,12:14:32.080,API3/USDT:USDT,0.7554,87.0,0.7553,87.0,0.7562,30.0,0.7563,640.0
1753532072377,12:14:32.377,API3/USDT:USDT,0.7554,87.0,0.7553,87.0,0.7562,30.0,0.7563,640.0
1753532073049,12:14:33.049,API3/USDT:USDT,0.7554,87.0,0.7553,87.0,0.7562,30.0,0.7563,640.0
1753532073285,12:14:33.285,API3/USDT:USDT,0.7554,87.0,0.7553,87.0,0.7562,301.0,0.7563,640.0
1753532073360,12:14:33.360,API3/USDT:USDT,0.7554,87.0,0.7553,87.0,0.7562,301.0,0.7563,640.0
1753532074250,12:14:34.250,API3/USDT:USDT,0.7554,87.0,0.7553,87.0,0.7562,301.0,0.7563,640.0
1753532075990,12:14:35.990,API3/USDT:USDT,0.7554,87.0,0.7553,87.0,0.7562,301.0,0.7563,640.0
1753532077370,12:14:37.370,API3/USDT:USDT,0.7554,87.0,0.7553,87.0,0.7562,301.0,0.7563,640.0
1753532078410,12:14:38.410,API3/USDT:USDT,0.7554,87.0,0.7553,87.0,0.7562,437.0,0.7563,640.0
1753532078449,12:14:38.449,API3/USDT:USDT,0.7554,87.0,0.7553,87.0,0.7562,437.0,0.7563,640.0
1753532078603,12:14:38.603,API3/USDT:USDT,0.7554,87.0,0.7553,87.0,0.7562,437.0,0.7563,640.0
1753532079389,12:14:39.389,API3/USDT:USDT,0.7553,87.0,0.7548,159.0,0.7562,437.0,0.7563,640.0
1753532079451,12:14:39.451,API3/USDT:USDT,0.7548,159.0,0.7546,149.0,0.7562,437.0,0.7563,640.0
1753532079581,12:14:39.581,API3/USDT:USDT,0.7548,159.0,0.7547,87.0,0.7562,437.0,0.7563,640.0
1753532079710,12:14:39.710,API3/USDT:USDT,0.7548,159.0,0.7547,87.0,0.7562,437.0,0.7563,640.0
1753532079767,12:14:39.767,API3/USDT:USDT,0.7548,159.0,0.7547,87.0,0.7562,437.0,0.7563,640.0
1753532080276,12:14:40.276,API3/USDT:USDT,0.7548,159.0,0.7547,87.0,0.7562,437.0,0.7563,1330.0
1753532080519,12:14:40.519,API3/USDT:USDT,0.7548,159.0,0.7547,87.0,0.7562,437.0,0.7563,640.0
1753532080808,12:14:40.808,API3/USDT:USDT,0.7548,159.0,0.7547,87.0,0.7562,437.0,0.7563,640.0
1753532082592,12:14:42.592,API3/USDT:USDT,0.7549,150.0,0.7548,159.0,0.7562,437.0,0.7563,640.0
1753532082703,12:14:42.703,API3/USDT:USDT,0.7549,150.0,0.7548,246.0,0.7562,437.0,0.7563,640.0
1753532082808,12:14:42.808,API3/USDT:USDT,0.7549,150.0,0.7548,246.0,0.7562,437.0,0.7563,640.0
1753532083420,12:14:43.420,API3/USDT:USDT,0.7549,150.0,0.7548,246.0,0.7562,437.0,0.7563,640.0
1753532083449,12:14:43.449,API3/USDT:USDT,0.7549,150.0,0.7548,246.0,0.7562,437.0,0.7563,640.0
1753532085577,12:14:45.577,API3/USDT:USDT,0.7549,150.0,0.7548,246.0,0.7562,437.0,0.7563,640.0
1753532086990,12:14:46.990,API3/USDT:USDT,0.7549,150.0,0.7548,246.0,0.7562,437.0,0.7563,640.0
1753532090377,12:14:50.377,API3/USDT:USDT,0.7549,150.0,0.7548,246.0,0.7562,437.0,0.7563,640.0
1753532092589,12:14:52.589,API3/USDT:USDT,0.7549,150.0,0.7548,246.0,0.7562,437.0,0.7563,640.0
1753532092630,12:14:52.630,API3/USDT:USDT,0.7549,150.0,0.7548,246.0,0.7562,437.0,0.7563,640.0
1753532093091,12:14:53.091,API3/USDT:USDT,0.7549,150.0,0.7548,517.0,0.7562,437.0,0.7563,640.0
1753532095179,12:14:55.179,API3/USDT:USDT,0.7549,150.0,0.7548,517.0,0.7562,437.0,0.7563,640.0
1753532095990,12:14:55.990,API3/USDT:USDT,0.7549,150.0,0.7548,517.0,0.7562,437.0,0.7563,640.0
1753532096031,12:14:56.031,API3/USDT:USDT,0.7549,150.0,0.7548,517.0,0.7562,437.0,0.7563,640.0
1753532096514,12:14:56.514,API3/USDT:USDT,0.7549,150.0,0.7548,517.0,0.7562,437.0,0.7563,640.0
1753532096529,12:14:56.529,API3/USDT:USDT,0.7549,150.0,0.7548,517.0,0.7562,437.0,0.7563,640.0
1753532096709,12:14:56.709,API3/USDT:USDT,0.7549,150.0,0.7548,517.0,0.7562,437.0,0.7563,640.0
1753532099977,12:14:59.977,API3/USDT:USDT,0.7549,150.0,0.7548,517.0,0.7562,437.0,0.7563,640.0
1753532100326,12:15:00.326,API3/USDT:USDT,0.7555,68.0,0.7554,68.0,0.7562,30.0,0.7563,640.0
1753532100410,12:15:00.410,API3/USDT:USDT,0.7558,68.0,0.7557,68.0,0.7562,30.0,0.7563,640.0
1753532100494,12:15:00.494,API3/USDT:USDT,0.7558,68.0,0.7557,68.0,0.7562,30.0,0.7563,640.0
1753532100598,12:15:00.598,API3/USDT:USDT,0.7558,68.0,0.7557,68.0,0.7562,30.0,0.7563,640.0
1753532100702,12:15:00.702,API3/USDT:USDT,0.7558,68.0,0.7557,68.0,0.7562,30.0,0.7563,640.0
1753532101310,12:15:01.310,API3/USDT:USDT,0.7558,68.0,0.7557,68.0,0.7562,30.0,0.7563,640.0
1753532101602,12:15:01.602,API3/USDT:USDT,0.7558,68.0,0.7557,68.0,0.7562,30.0,0.7563,640.0
1753532101641,12:15:01.641,API3/USDT:USDT,0.7558,68.0,0.7557,68.0,0.7562,30.0,0.7563,640.0
1753532101911,12:15:01.911,API3/USDT:USDT,0.7559,68.0,0.7558,68.0,0.7562,4.0,0.7563,644.0
1753532102016,12:15:02.016,API3/USDT:USDT,0.7559,68.0,0.7558,68.0,0.7562,4.0,0.7563,644.0
1753532102081,12:15:02.081,API3/USDT:USDT,0.7559,68.0,0.7558,68.0,0.7562,4.0,0.7563,644.0
1753532102920,12:15:02.920,API3/USDT:USDT,0.7561,68.0,0.756,68.0,0.7562,4.0,0.7563,26.0
1753532103021,12:15:03.021,API3/USDT:USDT,0.7561,68.0,0.756,68.0,0.7563,4.0,0.7564,2158.0
1753532103227,12:15:03.227,API3/USDT:USDT,0.7558,87.0,0.7554,150.0,0.7563,4.0,0.7564,26.0
1753532103241,12:15:03.241,API3/USDT:USDT,0.7558,87.0,0.7554,150.0,0.7564,26.0,0.7565,54.0
1753532103415,12:15:03.415,API3/USDT:USDT,0.7558,87.0,0.7557,87.0,0.7564,26.0,0.7565,54.0
1753532104780,12:15:04.780,API3/USDT:USDT,0.7558,87.0,0.7557,87.0,0.7564,26.0,0.7565,54.0
1753532104888,12:15:04.888,API3/USDT:USDT,0.7558,87.0,0.7557,87.0,0.7564,26.0,0.7565,54.0
1753532105464,12:15:05.464,API3/USDT:USDT,0.7558,87.0,0.7557,87.0,0.7564,26.0,0.7565,54.0
1753532105771,12:15:05.771,API3/USDT:USDT,0.7558,87.0,0.7557,87.0,0.7564,26.0,0.7565,54.0
1753532108821,12:15:08.821,API3/USDT:USDT,0.7554,68.0,0.7553,68.0,0.7561,26.0,0.7562,271.0
1753532108890,12:15:08.890,API3/USDT:USDT,0.7556,68.0,0.7555,68.0,0.7561,30.0,0.7562,271.0
1753532108941,12:15:08.941,API3/USDT:USDT,0.7556,68.0,0.7555,68.0,0.7561,30.0,0.7562,271.0
1753532109578,12:15:09.578,API3/USDT:USDT,0.7556,68.0,0.7555,68.0,0.7561,30.0,0.7562,271.0
1753532110092,12:15:10.092,API3/USDT:USDT,0.7556,68.0,0.7555,68.0,0.7561,30.0,0.7562,2407.0
1753532110157,12:15:10.157,API3/USDT:USDT,0.7556,68.0,0.7555,68.0,0.7561,30.0,0.7562,2407.0
1753532110825,12:15:10.825,API3/USDT:USDT,0.7556,68.0,0.7555,68.0,0.7561,30.0,0.7562,2407.0
1753532110837,12:15:10.837,API3/USDT:USDT,0.7556,68.0,0.7555,68.0,0.7561,30.0,0.7562,2407.0
1753532112816,12:15:12.816,API3/USDT:USDT,0.7556,68.0,0.7555,68.0,0.7561,30.0,0.7562,2407.0
1753532112838,12:15:12.838,API3/USDT:USDT,0.7556,68.0,0.7555,68.0,0.7561,30.0,0.7562,2407.0
1753532112995,12:15:12.995,API3/USDT:USDT,0.7556,68.0,0.7555,68.0,0.7561,30.0,0.7562,2407.0
1753532114377,12:15:14.377,API3/USDT:USDT,0.7556,68.0,0.7555,68.0,0.7561,30.0,0.7562,2407.0
1753532114690,12:15:14.690,API3/USDT:USDT,0.756,68.0,0.7559,88.0,0.7561,4.0,0.7564,26.0
1753532114789,12:15:14.789,API3/USDT:USDT,0.7561,68.0,0.756,68.0,0.7564,26.0,0.7565,776.0
1753532114868,12:15:14.868,API3/USDT:USDT,0.7562,68.0,0.7561,68.0,0.7565,802.0,0.7566,2405.0
1753532114971,12:15:14.971,API3/USDT:USDT,0.7562,68.0,0.7561,68.0,0.7565,802.0,0.7566,2405.0
1753532115126,12:15:15.126,API3/USDT:USDT,0.7561,68.0,0.756,88.0,0.7565,802.0,0.7566,2405.0
1753532115225,12:15:15.225,API3/USDT:USDT,0.756,88.0,0.7559,88.0,0.7565,802.0,0.7566,2405.0
1753532115240,12:15:15.240,API3/USDT:USDT,0.756,88.0,0.7559,88.0,0.7565,802.0,0.7566,2405.0
1753532115456,12:15:15.456,API3/USDT:USDT,0.756,88.0,0.7559,88.0,0.7565,802.0,0.7566,2405.0
1753532115870,12:15:15.870,API3/USDT:USDT,0.756,88.0,0.7559,88.0,0.7565,802.0,0.7566,2405.0
1753532118624,12:15:18.624,API3/USDT:USDT,0.756,88.0,0.7559,88.0,0.7565,802.0,0.7566,2405.0
1753532118630,12:15:18.630,API3/USDT:USDT,0.756,88.0,0.7559,88.0,0.7565,802.0,0.7566,2405.0
1753532119190,12:15:19.190,API3/USDT:USDT,0.756,88.0,0.7559,88.0,0.7565,802.0,0.7566,2405.0
1753532120283,12:15:20.283,API3/USDT:USDT,0.756,88.0,0.7559,88.0,0.7565,802.0,0.7566,2405.0
1753532123978,12:15:23.978,API3/USDT:USDT,0.756,88.0,0.7559,88.0,0.7565,802.0,0.7566,2405.0
1753532124124,12:15:24.124,API3/USDT:USDT,0.756,88.0,0.7559,88.0,0.7566,1348.0,0.7569,553.0
1753532124217,12:15:24.217,API3/USDT:USDT,0.756,88.0,0.7559,88.0,0.7569,403.0,0.757,271.0
1753532124310,12:15:24.310,API3/USDT:USDT,0.7561,2.0,0.756,234.0,0.7568,2.0,0.757,271.0
1753532124423,12:15:24.423,API3/USDT:USDT,0.7562,68.0,0.7561,150.0,0.757,271.0,0.7572,136.0
1753532124513,12:15:24.513,API3/USDT:USDT,0.7563,2.0,0.7562,68.0,0.757,271.0,0.7574,271.0
1753532124609,12:15:24.609,API3/USDT:USDT,0.7565,68.0,0.7564,68.0,0.757,918.0,0.7571,2157.0
1753532124672,12:15:24.672,API3/USDT:USDT,0.7565,70.0,0.7564,68.0,0.757,918.0,0.7571,2157.0
1753532124817,12:15:24.817,API3/USDT:USDT,0.7565,70.0,0.7564,68.0,0.757,918.0,0.7571,2157.0
1753532124902,12:15:24.902,API3/USDT:USDT,0.7565,70.0,0.7564,68.0,0.757,918.0,0.7571,2157.0
1753532124998,12:15:24.998,API3/USDT:USDT,0.7565,70.0,0.7564,68.0,0.757,647.0,0.7571,2157.0
1753532125126,12:15:25.126,API3/USDT:USDT,0.7567,68.0,0.7566,90.0,0.757,647.0,0.7571,2157.0
1753532125218,12:15:25.218,API3/USDT:USDT,0.7568,2.0,0.7567,2.0,0.757,647.0,0.7571,2157.0
1753532125245,12:15:25.245,API3/USDT:USDT,0.7568,2.0,0.7567,2.0,0.757,647.0,0.7571,2157.0
1753532125508,12:15:25.508,API3/USDT:USDT,0.7568,2.0,0.7567,2.0,0.757,647.0,0.7571,2157.0
1753532125577,12:15:25.577,API3/USDT:USDT,0.7568,2.0,0.7567,2.0,0.757,647.0,0.7571,2157.0
1753532125693,12:15:25.693,API3/USDT:USDT,0.7564,88.0,0.7562,2.0,0.757,647.0,0.7571,2157.0
1753532125797,12:15:25.797,API3/USDT:USDT,0.7564,88.0,0.7563,88.0,0.757,647.0,0.7571,2157.0
1753532125903,12:15:25.903,API3/USDT:USDT,0.7565,2.0,0.7564,90.0,0.757,647.0,0.7571,2157.0
1753532125941,12:15:25.941,API3/USDT:USDT,0.7565,2.0,0.7564,88.0,0.757,647.0,0.7571,2157.0
1753532126509,12:15:26.509,API3/USDT:USDT,0.7565,2.0,0.7564,88.0,0.757,647.0,0.7571,2157.0
1753532126564,12:15:26.564,API3/USDT:USDT,0.7565,2.0,0.7564,88.0,0.757,647.0,0.7571,2157.0
1753532126642,12:15:26.642,API3/USDT:USDT,0.7565,2.0,0.7564,88.0,0.757,647.0,0.7571,2157.0
1753532128004,12:15:28.004,API3/USDT:USDT,0.7565,2.0,0.7564,88.0,0.757,647.0,0.7571,2157.0
1753532128622,12:15:28.622,API3/USDT:USDT,0.7565,2.0,0.7564,88.0,0.757,918.0,0.7571,2157.0
1753532128778,12:15:28.778,API3/USDT:USDT,0.7565,2.0,0.7564,88.0,0.757,918.0,0.7571,2157.0
1753532129476,12:15:29.476,API3/USDT:USDT,0.7565,2.0,0.7564,88.0,0.757,918.0,0.7571,2157.0
1753532130211,12:15:30.211,API3/USDT:USDT,0.7565,2.0,0.7564,88.0,0.757,918.0,0.7571,2157.0
1753532130230,12:15:30.230,API3/USDT:USDT,0.7565,2.0,0.7564,88.0,0.757,918.0,0.7571,2157.0
1753532130485,12:15:30.485,API3/USDT:USDT,0.7565,2.0,0.7564,88.0,0.757,918.0,0.7571,2157.0
1753532131850,12:15:31.850,API3/USDT:USDT,0.7565,2.0,0.7564,88.0,0.757,918.0,0.7571,2157.0
1753532132022,12:15:32.022,API3/USDT:USDT,0.7565,2.0,0.7564,88.0,0.757,271.0,0.7571,2157.0
1753532132124,12:15:32.124,API3/USDT:USDT,0.7565,2.0,0.7564,88.0,0.7574,271.0,0.7575,1073.0
1753532132201,12:15:32.201,API3/USDT:USDT,0.7565,150.0,0.7564,88.0,0.7574,271.0,0.7575,1073.0
1753532132302,12:15:32.302,API3/USDT:USDT,0.7566,2.0,0.7565,150.0,0.7574,271.0,0.7577,286.0
1753532132396,12:15:32.396,API3/USDT:USDT,0.7566,2.0,0.7565,2.0,0.7572,647.0,0.7573,2157.0
1753532132522,12:15:32.522,API3/USDT:USDT,0.7565,2.0,0.7564,90.0,0.7572,647.0,0.7573,2157.0
1753532132536,12:15:32.536,API3/USDT:USDT,0.7565,2.0,0.7564,90.0,0.7572,647.0,0.7573,2157.0
1753532132704,12:15:32.704,API3/USDT:USDT,0.7565,2.0,0.7564,90.0,0.7572,647.0,0.7573,2157.0
1753532132820,12:15:32.820,API3/USDT:USDT,0.7565,2.0,0.7564,90.0,0.7572,647.0,0.7573,2157.0
1753532132844,12:15:32.844,API3/USDT:USDT,0.7565,2.0,0.7564,90.0,0.7572,647.0,0.7573,2157.0
1753532133295,12:15:33.295,API3/USDT:USDT,0.7565,2.0,0.7564,90.0,0.7572,647.0,0.7573,2157.0
1753532133356,12:15:33.356,API3/USDT:USDT,0.7565,2.0,0.7564,90.0,0.7572,647.0,0.7573,2157.0
1753532134210,12:15:34.210,API3/USDT:USDT,0.7565,2.0,0.7564,90.0,0.7572,647.0,0.7573,2157.0
1753532134512,12:15:34.512,API3/USDT:USDT,0.7565,2.0,0.7564,90.0,0.7572,647.0,0.7573,2157.0
1753532134914,12:15:34.914,API3/USDT:USDT,0.7567,68.0,0.7566,68.0,0.7572,647.0,0.7573,2157.0
1753532134983,12:15:34.983,API3/USDT:USDT,0.7568,2.0,0.7567,70.0,0.7572,647.0,0.7573,2157.0
1753532135034,12:15:35.034,API3/USDT:USDT,0.7568,2.0,0.7567,68.0,0.7572,647.0,0.7573,2157.0
1753532135329,12:15:35.329,API3/USDT:USDT,0.7568,2.0,0.7567,68.0,0.7572,647.0,0.7573,2157.0
1753532138311,12:15:38.311,API3/USDT:USDT,0.7568,2.0,0.7567,68.0,0.7572,647.0,0.7573,2157.0
1753532138566,12:15:38.566,API3/USDT:USDT,0.7568,2.0,0.7567,68.0,0.7572,647.0,0.7573,2157.0
1753532139779,12:15:39.779,API3/USDT:USDT,0.7568,2.0,0.7567,68.0,0.7572,647.0,0.7573,2157.0
1753532142211,12:15:42.211,API3/USDT:USDT,0.7568,2.0,0.7567,68.0,0.7572,647.0,0.7573,2157.0
1753532144317,12:15:44.317,API3/USDT:USDT,0.7568,2.0,0.7567,68.0,0.7572,647.0,0.7573,2157.0
1753532144493,12:15:44.493,API3/USDT:USDT,0.7568,2.0,0.7566,88.0,0.7572,647.0,0.7573,2157.0
1753532144611,12:15:44.611,API3/USDT:USDT,0.7567,2.0,0.7566,88.0,0.7572,647.0,0.7573,2157.0
1753532144649,12:15:44.649,API3/USDT:USDT,0.7567,2.0,0.7566,90.0,0.7572,647.0,0.7573,2157.0
1753532144734,12:15:44.734,API3/USDT:USDT,0.7567,2.0,0.7566,88.0,0.7572,647.0,0.7573,2157.0
1753532147590,12:15:47.590,API3/USDT:USDT,0.7567,2.0,0.7566,88.0,0.7572,647.0,0.7573,2157.0
1753532147839,12:15:47.839,API3/USDT:USDT,0.7567,2.0,0.7566,88.0,0.7572,647.0,0.7573,2157.0
1753532148093,12:15:48.093,API3/USDT:USDT,0.7567,2.0,0.7566,88.0,0.7572,647.0,0.7573,2157.0
1753532149378,12:15:49.378,API3/USDT:USDT,0.7567,2.0,0.7566,88.0,0.7572,647.0,0.7573,2157.0
1753532152124,12:15:52.124,API3/USDT:USDT,0.7567,2.0,0.7566,88.0,0.7572,647.0,0.7573,2157.0
1753532152217,12:15:52.217,API3/USDT:USDT,0.7568,68.0,0.7567,90.0,0.7572,647.0,0.7573,2157.0
1753532152295,12:15:52.295,API3/USDT:USDT,0.7571,68.0,0.757,68.0,0.7573,2157.0,0.7576,742.0
1753532152349,12:15:52.349,API3/USDT:USDT,0.7571,70.0,0.757,68.0,0.7573,2157.0,0.7576,742.0
1753532152453,12:15:52.453,API3/USDT:USDT,0.7571,70.0,0.757,68.0,0.7573,2157.0,0.7576,742.0
1753532154179,12:15:54.179,API3/USDT:USDT,0.7571,70.0,0.757,68.0,0.7573,2157.0,0.7576,742.0
1753532154587,12:15:54.587,API3/USDT:USDT,0.7571,70.0,0.757,68.0,0.7573,2157.0,0.7576,742.0
1753532154709,12:15:54.709,API3/USDT:USDT,0.7571,2.0,0.757,68.0,0.7573,2157.0,0.7576,742.0
1753532154736,12:15:54.736,API3/USDT:USDT,0.7571,2.0,0.757,68.0,0.7573,2157.0,0.7576,742.0
1753532156290,12:15:56.290,API3/USDT:USDT,0.7571,2.0,0.757,68.0,0.7573,2157.0,0.7576,742.0
1753532158978,12:15:58.978,API3/USDT:USDT,0.7571,2.0,0.757,68.0,0.7573,2157.0,0.7576,742.0
1753532159308,12:15:59.308,API3/USDT:USDT,0.7571,2.0,0.757,68.0,0.7573,2157.0,0.7576,742.0
1753532159338,12:15:59.338,API3/USDT:USDT,0.7571,2.0,0.757,68.0,0.7573,2157.0,0.7576,742.0
1753532159838,12:15:59.838,API3/USDT:USDT,0.7571,2.0,0.757,68.0,0.7573,2157.0,0.7576,742.0
1753532160291,12:16:00.291,API3/USDT:USDT,0.7571,2.0,0.7563,2.0,0.7573,2157.0,0.7576,742.0
1753532160401,12:16:00.401,API3/USDT:USDT,0.7563,4.0,0.7562,146.0,0.7573,2157.0,0.7576,742.0
1753532160451,12:16:00.451,API3/USDT:USDT,0.7563,4.0,0.7562,552.0,0.7573,2157.0,0.7576,742.0
1753532160725,12:16:00.725,API3/USDT:USDT,0.7563,4.0,0.7562,552.0,0.7573,2157.0,0.7576,742.0
1753532163778,12:16:03.778,API3/USDT:USDT,0.7563,4.0,0.7562,552.0,0.7573,2157.0,0.7576,742.0
1753532164092,12:16:04.092,API3/USDT:USDT,0.7563,4.0,0.7562,552.0,0.7573,2157.0,0.7576,742.0
1753532164511,12:16:04.511,API3/USDT:USDT,0.7563,4.0,0.7562,552.0,0.7573,2157.0,0.7576,742.0
1753532164530,12:16:04.530,API3/USDT:USDT,0.7563,4.0,0.7562,552.0,0.7573,2157.0,0.7576,742.0
1753532164927,12:16:04.927,API3/USDT:USDT,0.7563,4.0,0.7562,552.0,0.7573,2157.0,0.7576,742.0
1753532164934,12:16:04.934,API3/USDT:USDT,0.7563,4.0,0.7562,552.0,0.7573,2157.0,0.7576,742.0
1753532168025,12:16:08.025,API3/USDT:USDT,0.7564,578.0,0.7563,4.0,0.7573,2157.0,0.7576,742.0
1753532168069,12:16:08.069,API3/USDT:USDT,0.7569,68.0,0.7568,68.0,0.7573,2157.0,0.7576,742.0
1753532168170,12:16:08.170,API3/USDT:USDT,0.757,2.0,0.7569,70.0,0.7573,2157.0,0.7576,742.0
1753532168273,12:16:08.273,API3/USDT:USDT,0.757,2.0,0.7569,70.0,0.7573,2157.0,0.7576,742.0
1753532168334,12:16:08.334,API3/USDT:USDT,0.757,2.0,0.7569,68.0,0.7573,2157.0,0.7576,742.0
1753532168589,12:16:08.589,API3/USDT:USDT,0.757,2.0,0.7569,68.0,0.7573,2157.0,0.7576,742.0
1753532169930,12:16:09.930,API3/USDT:USDT,0.757,2.0,0.7569,68.0,0.7573,2157.0,0.7576,742.0
1753532170168,12:16:10.168,API3/USDT:USDT,0.757,2.0,0.7569,68.0,0.7573,2157.0,0.7576,742.0
1753532170696,12:16:10.696,API3/USDT:USDT,0.757,2.0,0.7569,68.0,0.7573,2157.0,0.7576,742.0
1753532171066,12:16:11.066,API3/USDT:USDT,0.757,2.0,0.7569,68.0,0.7573,2157.0,0.7576,742.0
1753532172321,12:16:12.321,API3/USDT:USDT,0.757,2.0,0.7569,68.0,0.7573,2157.0,0.7576,742.0
1753532172412,12:16:12.412,API3/USDT:USDT,0.757,2.0,0.7569,68.0,0.7573,2157.0,0.7576,742.0
1753532173379,12:16:13.379,API3/USDT:USDT,0.757,2.0,0.7569,68.0,0.7573,2157.0,0.7576,742.0
1753532175111,12:16:15.111,API3/USDT:USDT,0.757,2.0,0.7569,68.0,0.7573,2157.0,0.7576,742.0
1753532178179,12:16:18.179,API3/USDT:USDT,0.757,2.0,0.7569,68.0,0.7573,2157.0,0.7576,742.0
1753532178856,12:16:18.856,API3/USDT:USDT,0.757,2.0,0.7569,68.0,0.7573,2157.0,0.7576,878.0
1753532178985,12:16:18.985,API3/USDT:USDT,0.757,2.0,0.7567,87.0,0.7573,2157.0,0.7576,878.0
1753532179090,12:16:19.090,API3/USDT:USDT,0.7569,68.0,0.7568,89.0,0.7573,2157.0,0.7576,878.0
1753532179193,12:16:19.193,API3/USDT:USDT,0.757,2.0,0.7569,70.0,0.7573,2157.0,0.7576,878.0
1753532179236,12:16:19.236,API3/USDT:USDT,0.757,2.0,0.7569,68.0,0.7573,2157.0,0.7576,878.0
1753532181223,12:16:21.223,API3/USDT:USDT,0.757,2.0,0.7564,89.0,0.7573,2157.0,0.7576,878.0
1753532181237,12:16:21.237,API3/USDT:USDT,0.7565,2.0,0.7564,89.0,0.7572,539.0,0.7573,2157.0
1753532181350,12:16:21.350,API3/USDT:USDT,0.7565,2.0,0.7564,87.0,0.7572,539.0,0.7573,2157.0
1753532181440,12:16:21.440,API3/USDT:USDT,0.7565,2.0,0.7564,87.0,0.7572,539.0,0.7573,2157.0
1753532181717,12:16:21.717,API3/USDT:USDT,0.7565,2.0,0.7564,87.0,0.7572,810.0,0.7573,2157.0
1753532181804,12:16:21.804,API3/USDT:USDT,0.7565,2.0,0.7563,2.0,0.7572,810.0,0.7573,2157.0
1753532181864,12:16:21.864,API3/USDT:USDT,0.7561,4.0,0.756,146.0,0.7572,810.0,0.7573,2157.0
1753532181970,12:16:21.970,API3/USDT:USDT,0.7561,4.0,0.756,233.0,0.7572,810.0,0.7573,2157.0
1753532182029,12:16:22.029,API3/USDT:USDT,0.7561,4.0,0.756,233.0,0.7572,810.0,0.7573,2157.0
1753532182268,12:16:22.268,API3/USDT:USDT,0.7561,4.0,0.756,233.0,0.7572,810.0,0.7573,2157.0
1753532182372,12:16:22.372,API3/USDT:USDT,0.7563,68.0,0.7562,38.0,0.7572,810.0,0.7573,2157.0
1753532182438,12:16:22.438,API3/USDT:USDT,0.7564,2.0,0.7563,68.0,0.7572,810.0,0.7573,2157.0
1753532182536,12:16:22.536,API3/USDT:USDT,0.7564,2.0,0.7563,68.0,0.7572,810.0,0.7573,2157.0
1753532182656,12:16:22.656,API3/USDT:USDT,0.7564,2.0,0.7563,68.0,0.7572,810.0,0.7573,2157.0
1753532182979,12:16:22.979,API3/USDT:USDT,0.7564,2.0,0.7563,68.0,0.7572,810.0,0.7573,2157.0
1753532183090,12:16:23.090,API3/USDT:USDT,0.7564,2.0,0.7563,68.0,0.7572,810.0,0.7573,2157.0
1753532183258,12:16:23.258,API3/USDT:USDT,0.7564,2.0,0.7562,87.0,0.7572,810.0,0.7573,2157.0
1753532183390,12:16:23.390,API3/USDT:USDT,0.7563,2.0,0.7562,87.0,0.7572,810.0,0.7573,2157.0
1753532183504,12:16:23.504,API3/USDT:USDT,0.7563,2.0,0.7562,87.0,0.7572,810.0,0.7573,2157.0
1753532183578,12:16:23.578,API3/USDT:USDT,0.7563,2.0,0.7562,87.0,0.7572,810.0,0.7573,2157.0
1753532183886,12:16:23.886,API3/USDT:USDT,0.7563,2.0,0.7562,87.0,0.7572,810.0,0.7573,2157.0
1753532184466,12:16:24.466,API3/USDT:USDT,0.7563,2.0,0.7562,87.0,0.7572,810.0,0.7573,2157.0
1753532185386,12:16:25.386,API3/USDT:USDT,0.7563,2.0,0.7562,87.0,0.7572,810.0,0.7573,2157.0
1753532185461,12:16:25.461,API3/USDT:USDT,0.7563,2.0,0.7562,87.0,0.7572,810.0,0.7573,2157.0
1753532186478,12:16:26.478,API3/USDT:USDT,0.7563,2.0,0.7562,87.0,0.7572,810.0,0.7573,2157.0
1753532187480,12:16:27.480,API3/USDT:USDT,0.7563,2.0,0.7562,87.0,0.7572,810.0,0.7573,2157.0
1753532187779,12:16:27.779,API3/USDT:USDT,0.7563,2.0,0.7562,87.0,0.7572,810.0,0.7573,2157.0
1753532187942,12:16:27.942,API3/USDT:USDT,0.7563,2.0,0.7562,87.0,0.7572,810.0,0.7573,2157.0
1753532188171,12:16:28.171,API3/USDT:USDT,0.7563,2.0,0.7562,87.0,0.7572,810.0,0.7573,2157.0
1753532188486,12:16:28.486,API3/USDT:USDT,0.7563,2.0,0.7562,87.0,0.7572,810.0,0.7573,2157.0
1753532189449,12:16:29.449,API3/USDT:USDT,0.7563,2.0,0.7562,87.0,0.7572,810.0,0.7573,2157.0
1753532191366,12:16:31.366,API3/USDT:USDT,0.7563,2.0,0.7562,87.0,0.7572,810.0,0.7573,2157.0
1753532191867,12:16:31.867,API3/USDT:USDT,0.7563,2.0,0.7562,87.0,0.7572,810.0,0.7573,2157.0
1753532192335,12:16:32.335,API3/USDT:USDT,0.7563,2.0,0.7562,87.0,0.7572,810.0,0.7573,2157.0
1753532192579,12:16:32.579,API3/USDT:USDT,0.7563,2.0,0.7562,87.0,0.7572,810.0,0.7573,2157.0
1753532192674,12:16:32.674,API3/USDT:USDT,0.7564,68.0,0.7563,2.0,0.7572,810.0,0.7573,2157.0
1753532192733,12:16:32.733,API3/USDT:USDT,0.7565,2.0,0.7564,68.0,0.7572,810.0,0.7573,2157.0
1753532192849,12:16:32.849,API3/USDT:USDT,0.7565,2.0,0.7564,68.0,0.7572,810.0,0.7573,2157.0
1753532192938,12:16:32.938,API3/USDT:USDT,0.7565,2.0,0.7564,68.0,0.7572,810.0,0.7573,2157.0
1753532194512,12:16:34.512,API3/USDT:USDT,0.7565,2.0,0.7564,68.0,0.7572,810.0,0.7573,2157.0
1753532194535,12:16:34.535,API3/USDT:USDT,0.7565,2.0,0.7564,68.0,0.7572,810.0,0.7573,2157.0
1753532195802,12:16:35.802,API3/USDT:USDT,0.7565,2.0,0.7564,68.0,0.7572,810.0,0.7573,2157.0
1753532196820,12:16:36.820,API3/USDT:USDT,0.7565,2.0,0.7564,68.0,0.7572,810.0,0.7573,2157.0
1753532196829,12:16:36.829,API3/USDT:USDT,0.7565,2.0,0.7564,68.0,0.7572,810.0,0.7573,2157.0
1753532197390,12:16:37.390,API3/USDT:USDT,0.7565,2.0,0.7564,68.0,0.7572,810.0,0.7573,2157.0
1753532202180,12:16:42.180,API3/USDT:USDT,0.7565,2.0,0.7564,68.0,0.7572,810.0,0.7573,2157.0
1753532202614,12:16:42.614,API3/USDT:USDT,0.7565,2.0,0.7564,68.0,0.7572,810.0,0.7573,2157.0
1753532202630,12:16:42.630,API3/USDT:USDT,0.7565,2.0,0.7564,68.0,0.7572,810.0,0.7573,2157.0
1753532203071,12:16:43.071,API3/USDT:USDT,0.7565,2.0,0.7564,68.0,0.7572,810.0,0.7573,2157.0
1753532203134,12:16:43.134,API3/USDT:USDT,0.7565,2.0,0.7564,68.0,0.7572,810.0,0.7573,2157.0
1753532203322,12:16:43.322,API3/USDT:USDT,0.7565,2.0,0.7564,68.0,0.7572,810.0,0.7573,2157.0
1753532203614,12:16:43.614,API3/USDT:USDT,0.7565,2.0,0.7564,68.0,0.7572,810.0,0.7573,2157.0
1753532203630,12:16:43.630,API3/USDT:USDT,0.7565,2.0,0.7564,68.0,0.7572,810.0,0.7573,2157.0
1753532206648,12:16:46.648,API3/USDT:USDT,0.7565,2.0,0.7564,68.0,0.7572,810.0,0.7573,2157.0
1753532206980,12:16:46.980,API3/USDT:USDT,0.7565,2.0,0.7564,68.0,0.7572,810.0,0.7573,2157.0
1753532211400,12:16:51.400,API3/USDT:USDT,0.7565,2.0,0.7564,68.0,0.7572,810.0,0.7573,2157.0
1753532211790,12:16:51.790,API3/USDT:USDT,0.7565,2.0,0.7564,68.0,0.7572,810.0,0.7573,2157.0
1753532214217,12:16:54.217,API3/USDT:USDT,0.7565,2.0,0.7564,68.0,0.7572,810.0,0.7573,2157.0
1753532214229,12:16:54.229,API3/USDT:USDT,0.7565,2.0,0.7564,68.0,0.7572,810.0,0.7573,2157.0
1753532216580,12:16:56.580,API3/USDT:USDT,0.7565,2.0,0.7564,68.0,0.7572,810.0,0.7573,2157.0
1753532218370,12:16:58.370,API3/USDT:USDT,0.7565,2.0,0.7564,68.0,0.7572,810.0,0.7573,2157.0
1753532218430,12:16:58.430,API3/USDT:USDT,0.7565,2.0,0.7564,68.0,0.7572,810.0,0.7573,2157.0
1753532221081,12:17:01.081,API3/USDT:USDT,0.7565,2.0,0.7564,68.0,0.7572,810.0,0.7573,2157.0
1753532221380,12:17:01.380,API3/USDT:USDT,0.7565,2.0,0.7564,68.0,0.7572,810.0,0.7573,2157.0
1753532222612,12:17:02.612,API3/USDT:USDT,0.7567,68.0,0.7566,68.0,0.7572,810.0,0.7573,2157.0
1753532222683,12:17:02.683,API3/USDT:USDT,0.7568,2.0,0.7567,70.0,0.7572,810.0,0.7573,2157.0
1753532222735,12:17:02.735,API3/USDT:USDT,0.7568,2.0,0.7567,68.0,0.7572,810.0,0.7573,2157.0
1753532225789,12:17:05.789,API3/USDT:USDT,0.7568,2.0,0.7567,68.0,0.7572,810.0,0.7573,2157.0
1753532226182,12:17:06.182,API3/USDT:USDT,0.7568,2.0,0.7567,68.0,0.7572,810.0,0.7573,2157.0
1753532227832,12:17:07.832,API3/USDT:USDT,0.7568,2.0,0.7567,68.0,0.7572,810.0,0.7573,2157.0
1753532229708,12:17:09.708,API3/USDT:USDT,0.7568,2.0,0.7567,68.0,0.7572,810.0,0.7573,2157.0
1753532229756,12:17:09.756,API3/USDT:USDT,0.7568,2.0,0.7567,68.0,0.7572,539.0,0.7573,2157.0
1753532230900,12:17:10.900,API3/USDT:USDT,0.7568,2.0,0.7567,68.0,0.7572,539.0,0.7573,2157.0
1753532231006,12:17:11.006,API3/USDT:USDT,0.757,68.0,0.7569,68.0,0.7573,2157.0,0.7576,136.0
1753532231110,12:17:11.110,API3/USDT:USDT,0.7571,2.0,0.757,70.0,0.7573,2157.0,0.7576,136.0
1753532231213,12:17:11.213,API3/USDT:USDT,0.7571,2.0,0.7562,2.0,0.7573,2157.0,0.7576,136.0
1753532231255,12:17:11.255,API3/USDT:USDT,0.7562,4.0,0.7561,233.0,0.7573,2157.0,0.7576,136.0
1753532231425,12:17:11.425,API3/USDT:USDT,0.7568,68.0,0.7567,68.0,0.7573,2157.0,0.7576,136.0
1753532231450,12:17:11.450,API3/USDT:USDT,0.7569,70.0,0.7568,2.0,0.7573,2157.0,0.7576,136.0
1753532231529,12:17:11.529,API3/USDT:USDT,0.7569,70.0,0.7568,2.0,0.7573,2157.0,0.7576,136.0
1753532231632,12:17:11.632,API3/USDT:USDT,0.7569,70.0,0.7568,2.0,0.7573,2157.0,0.7576,136.0
1753532232172,12:17:12.172,API3/USDT:USDT,0.7569,70.0,0.7568,2.0,0.7573,2157.0,0.7576,136.0
1753532233210,12:17:13.210,API3/USDT:USDT,0.7569,70.0,0.7568,2.0,0.7573,2157.0,0.7576,536.0
1753532233302,12:17:13.302,API3/USDT:USDT,0.7569,70.0,0.7568,2.0,0.7573,2157.0,0.7576,536.0
1753532233641,12:17:13.641,API3/USDT:USDT,0.7569,2.0,0.7568,2.0,0.7573,2157.0,0.7576,536.0
1753532233740,12:17:13.740,API3/USDT:USDT,0.7568,2.0,0.7567,68.0,0.7573,2157.0,0.7576,536.0
1753532234167,12:17:14.167,API3/USDT:USDT,0.7568,2.0,0.7567,68.0,0.7573,2157.0,0.7576,536.0
1753532234489,12:17:14.489,API3/USDT:USDT,0.7568,2.0,0.7567,68.0,0.7572,621.0,0.7573,2157.0
1753532235212,12:17:15.212,API3/USDT:USDT,0.7569,68.0,0.7568,2.0,0.7573,2157.0,0.7576,536.0
1753532235273,12:17:15.273,API3/USDT:USDT,0.757,2.0,0.7569,68.0,0.7573,2157.0,0.7576,536.0
1753532235392,12:17:15.392,API3/USDT:USDT,0.757,2.0,0.7569,68.0,0.7573,2157.0,0.7576,536.0
1753532235810,12:17:15.810,API3/USDT:USDT,0.757,2.0,0.7569,68.0,0.7572,535.0,0.7573,2157.0
1753532236111,12:17:16.111,API3/USDT:USDT,0.757,2.0,0.7562,2.0,0.7572,535.0,0.7573,2157.0
1753532236210,12:17:16.210,API3/USDT:USDT,0.7565,87.0,0.7564,87.0,0.7572,535.0,0.7573,2157.0
1753532236316,12:17:16.316,API3/USDT:USDT,0.7566,2.0,0.7565,89.0,0.7572,535.0,0.7573,2157.0
1753532236343,12:17:16.343,API3/USDT:USDT,0.7566,2.0,0.7565,87.0,0.7572,535.0,0.7573,2157.0
1753532236551,12:17:16.551,API3/USDT:USDT,0.7567,68.0,0.7566,2.0,0.7573,2157.0,0.7576,536.0
1753532236650,12:17:16.650,API3/USDT:USDT,0.7568,2.0,0.7567,68.0,0.7573,2157.0,0.7576,536.0
1753532236736,12:17:16.736,API3/USDT:USDT,0.7568,2.0,0.7567,68.0,0.7573,2157.0,0.7576,536.0
1753532236835,12:17:16.835,API3/USDT:USDT,0.7568,2.0,0.7567,68.0,0.7573,2157.0,0.7576,536.0
1753532237414,12:17:17.414,API3/USDT:USDT,0.7568,2.0,0.7567,68.0,0.7573,2157.0,0.7576,536.0
1753532238450,12:17:18.450,API3/USDT:USDT,0.7568,2.0,0.7567,68.0,0.7573,2157.0,0.7576,536.0
1753532240269,12:17:20.269,API3/USDT:USDT,0.7568,2.0,0.7567,68.0,0.7573,2157.0,0.7576,536.0
1753532240580,12:17:20.580,API3/USDT:USDT,0.7568,2.0,0.7567,68.0,0.7573,2157.0,0.7576,536.0
1753532241106,12:17:21.106,API3/USDT:USDT,0.7568,2.0,0.7567,68.0,0.7573,2157.0,0.7576,536.0
1753532241606,12:17:21.606,API3/USDT:USDT,0.7568,2.0,0.7567,68.0,0.7573,2157.0,0.7576,536.0
1753532241988,12:17:21.988,API3/USDT:USDT,0.7568,2.0,0.7567,68.0,0.7573,2157.0,0.7576,536.0
1753532245381,12:17:25.381,API3/USDT:USDT,0.7568,2.0,0.7567,68.0,0.7573,2157.0,0.7576,536.0
