timestamp,time,symbol,bid1_price,bid1_volume,bid2_price,bid2_volume,ask1_price,ask1_volume,ask2_price,ask2_volume
1753531610000,12:06:50.000,BAND/USDT:USDT,0.7266,169.0,0.7265,870.0,0.7276,167.0,0.7283,442.0
1753531610857,12:06:50.857,BAND/USDT:USDT,0.7266,169.0,0.7265,870.0,0.7276,167.0,0.7283,442.0
1753531611646,12:06:51.646,BAND/USDT:USDT,0.7266,169.0,0.7265,870.0,0.7276,167.0,0.7283,442.0
1753531613651,12:06:53.651,BAND/USDT:USDT,0.7266,169.0,0.7265,870.0,0.7276,167.0,0.7283,442.0
1753531614612,12:06:54.612,BAND/USDT:USDT,0.7266,169.0,0.7265,870.0,0.7276,167.0,0.7283,442.0
1753531616373,12:06:56.373,BAND/USDT:USDT,0.7266,169.0,0.7265,870.0,0.7276,167.0,0.7283,442.0
1753531616590,12:06:56.590,BAND/USDT:USDT,0.7266,169.0,0.7265,870.0,0.7276,167.0,0.7283,442.0
1753531619150,12:06:59.150,BAND/USDT:USDT,0.7266,169.0,0.7265,870.0,0.7276,167.0,0.7283,442.0
1753531619557,12:06:59.557,BAND/USDT:USDT,0.7266,169.0,0.7265,870.0,0.7276,167.0,0.7283,442.0
1753531620564,12:07:00.564,BAND/USDT:USDT,0.7266,169.0,0.7265,870.0,0.7276,167.0,0.7283,442.0
1753531621978,12:07:01.978,BAND/USDT:USDT,0.7266,169.0,0.7265,870.0,0.7276,167.0,0.7283,442.0
1753531627883,12:07:07.883,BAND/USDT:USDT,0.7266,169.0,0.7265,870.0,0.7276,167.0,0.7283,442.0
1753531628368,12:07:08.368,BAND/USDT:USDT,0.7266,169.0,0.7265,870.0,0.7276,167.0,0.7283,442.0
1753531631433,12:07:11.433,BAND/USDT:USDT,0.7266,169.0,0.7265,870.0,0.7276,167.0,0.7283,442.0
1753531632039,12:07:12.039,BAND/USDT:USDT,0.7266,169.0,0.7265,870.0,0.7276,167.0,0.7283,442.0
1753531632422,12:07:12.422,BAND/USDT:USDT,0.7266,169.0,0.7265,870.0,0.7276,167.0,0.7283,442.0
1753531632443,12:07:12.443,BAND/USDT:USDT,0.7266,169.0,0.7265,870.0,0.7276,167.0,0.7283,442.0
1753531635403,12:07:15.403,BAND/USDT:USDT,0.7266,169.0,0.7265,870.0,0.7276,167.0,0.7283,442.0
1753531635573,12:07:15.573,BAND/USDT:USDT,0.7266,169.0,0.7265,870.0,0.7276,167.0,0.7283,442.0
1753531636368,12:07:16.368,BAND/USDT:USDT,0.7266,169.0,0.7265,870.0,0.7276,167.0,0.7283,442.0
1753531645294,12:07:25.294,BAND/USDT:USDT,0.7266,169.0,0.7265,870.0,0.7276,167.0,0.7283,442.0
1753531648658,12:07:28.658,BAND/USDT:USDT,0.7266,169.0,0.7265,870.0,0.7276,167.0,0.7283,442.0
1753531655437,12:07:35.437,BAND/USDT:USDT,0.7266,169.0,0.7265,870.0,0.7276,168.0,0.7283,442.0
1753531655536,12:07:35.536,BAND/USDT:USDT,0.7266,169.0,0.7265,870.0,0.7275,168.0,0.7276,167.0
1753531655594,12:07:35.594,BAND/USDT:USDT,0.7266,169.0,0.7265,870.0,0.7276,167.0,0.7283,442.0
1753531656172,12:07:36.172,BAND/USDT:USDT,0.7265,870.0,0.7264,668.0,0.7276,167.0,0.7283,442.0
1753531656292,12:07:36.292,BAND/USDT:USDT,0.7265,870.0,0.7264,668.0,0.7276,167.0,0.7283,442.0
1753531656628,12:07:36.628,BAND/USDT:USDT,0.7265,702.0,0.7264,668.0,0.7276,167.0,0.7283,442.0
1753531656645,12:07:36.645,BAND/USDT:USDT,0.7265,702.0,0.7264,668.0,0.7275,168.0,0.7276,4290.0
1753531657655,12:07:37.655,BAND/USDT:USDT,0.7265,702.0,0.7264,668.0,0.7275,168.0,0.7276,4290.0
1753531657945,12:07:37.945,BAND/USDT:USDT,0.7265,702.0,0.7264,668.0,0.7275,168.0,0.7276,4290.0
1753531658122,12:07:38.122,BAND/USDT:USDT,0.7265,702.0,0.7264,668.0,0.7275,168.0,0.7276,4290.0
1753531658336,12:07:38.336,BAND/USDT:USDT,0.7265,702.0,0.7264,668.0,0.7275,168.0,0.7276,4290.0
1753531658354,12:07:38.354,BAND/USDT:USDT,0.7265,702.0,0.7264,668.0,0.7275,168.0,0.7276,4290.0
1753531658902,12:07:38.902,BAND/USDT:USDT,0.7265,702.0,0.7264,668.0,0.7274,168.0,0.7275,855.0
1753531659035,12:07:39.035,BAND/USDT:USDT,0.7266,168.0,0.7265,870.0,0.7274,346.0,0.7275,855.0
1753531659112,12:07:39.112,BAND/USDT:USDT,0.7266,168.0,0.7265,870.0,0.7273,168.0,0.7274,346.0
1753531660688,12:07:40.688,BAND/USDT:USDT,0.7266,168.0,0.7265,870.0,0.7273,168.0,0.7274,346.0
1753531661089,12:07:41.089,BAND/USDT:USDT,0.7266,168.0,0.7265,870.0,0.7273,168.0,0.7274,346.0
1753531661921,12:07:41.921,BAND/USDT:USDT,0.7266,168.0,0.7265,870.0,0.7273,168.0,0.7274,346.0
1753531663426,12:07:43.426,BAND/USDT:USDT,0.7266,168.0,0.7265,870.0,0.7273,168.0,0.7274,346.0
1753531664057,12:07:44.057,BAND/USDT:USDT,0.7266,168.0,0.7265,870.0,0.7273,168.0,0.7274,346.0
1753531666299,12:07:46.299,BAND/USDT:USDT,0.7266,168.0,0.7265,870.0,0.7273,168.0,0.7274,346.0
1753531666383,12:07:46.383,BAND/USDT:USDT,0.7266,168.0,0.7265,870.0,0.7273,168.0,0.7274,346.0
1753531667022,12:07:47.022,BAND/USDT:USDT,0.7266,168.0,0.7265,870.0,0.7273,168.0,0.7274,346.0
1753531667423,12:07:47.423,BAND/USDT:USDT,0.7266,168.0,0.7265,870.0,0.7273,168.0,0.7274,346.0
1753531667445,12:07:47.445,BAND/USDT:USDT,0.7266,168.0,0.7265,870.0,0.7273,168.0,0.7274,346.0
1753531667834,12:07:47.834,BAND/USDT:USDT,0.7266,168.0,0.7265,870.0,0.7273,168.0,0.7274,346.0
1753531667870,12:07:47.870,BAND/USDT:USDT,0.7266,168.0,0.7265,870.0,0.7273,168.0,0.7274,346.0
1753531668158,12:07:48.158,BAND/USDT:USDT,0.7266,168.0,0.7265,870.0,0.7273,168.0,0.7274,346.0
1753531668617,12:07:48.617,BAND/USDT:USDT,0.7266,168.0,0.7265,870.0,0.7273,168.0,0.7274,346.0
1753531668929,12:07:48.929,BAND/USDT:USDT,0.7266,168.0,0.7265,870.0,0.7273,168.0,0.7274,346.0
1753531669154,12:07:49.154,BAND/USDT:USDT,0.7266,168.0,0.7265,870.0,0.7273,168.0,0.7274,346.0
1753531670245,12:07:50.245,BAND/USDT:USDT,0.7266,168.0,0.7265,870.0,0.7273,168.0,0.7274,346.0
1753531671698,12:07:51.698,BAND/USDT:USDT,0.7266,168.0,0.7265,870.0,0.7273,168.0,0.7274,346.0
1753531674591,12:07:54.591,BAND/USDT:USDT,0.7266,168.0,0.7265,870.0,0.7273,168.0,0.7274,346.0
1753531680232,12:08:00.232,BAND/USDT:USDT,0.7266,168.0,0.7265,870.0,0.7273,168.0,0.7274,346.0
1753531682322,12:08:02.322,BAND/USDT:USDT,0.7266,168.0,0.7265,870.0,0.7273,168.0,0.7274,346.0
1753531682519,12:08:02.519,BAND/USDT:USDT,0.7266,168.0,0.7265,870.0,0.7273,168.0,0.7274,346.0
1753531682767,12:08:02.767,BAND/USDT:USDT,0.7266,168.0,0.7265,870.0,0.7273,168.0,0.7274,346.0
1753531683127,12:08:03.127,BAND/USDT:USDT,0.7266,168.0,0.7265,870.0,0.7273,168.0,0.7274,346.0
1753531683802,12:08:03.802,BAND/USDT:USDT,0.7266,168.0,0.7265,870.0,0.7273,168.0,0.7274,346.0
1753531684026,12:08:04.026,BAND/USDT:USDT,0.7266,168.0,0.7265,870.0,0.7273,168.0,0.7274,346.0
1753531685134,12:08:05.134,BAND/USDT:USDT,0.7267,274.0,0.7266,169.0,0.7273,168.0,0.7274,346.0
1753531685227,12:08:05.227,BAND/USDT:USDT,0.7268,166.0,0.7267,274.0,0.7273,168.0,0.7274,346.0
1753531685264,12:08:05.264,BAND/USDT:USDT,0.7268,166.0,0.7267,274.0,0.7273,168.0,0.7274,346.0
1753531685418,12:08:05.418,BAND/USDT:USDT,0.7268,166.0,0.7267,274.0,0.7273,168.0,0.7274,346.0
1753531685563,12:08:05.563,BAND/USDT:USDT,0.7268,166.0,0.7267,274.0,0.7273,168.0,0.7274,346.0
1753531685830,12:08:05.830,BAND/USDT:USDT,0.7268,166.0,0.7267,274.0,0.7273,168.0,0.7274,346.0
1753531685870,12:08:05.870,BAND/USDT:USDT,0.7268,166.0,0.7267,274.0,0.7273,168.0,0.7274,346.0
1753531686043,12:08:06.043,BAND/USDT:USDT,0.7268,166.0,0.7267,274.0,0.7273,168.0,0.7274,346.0
1753531687082,12:08:07.082,BAND/USDT:USDT,0.7268,166.0,0.7267,274.0,0.7273,168.0,0.7274,346.0
1753531687160,12:08:07.160,BAND/USDT:USDT,0.7267,274.0,0.7266,168.0,0.7273,168.0,0.7274,346.0
1753531687451,12:08:07.451,BAND/USDT:USDT,0.7267,274.0,0.7266,168.0,0.7273,168.0,0.7274,346.0
1753531688193,12:08:08.193,BAND/USDT:USDT,0.7268,166.0,0.7267,274.0,0.7273,168.0,0.7274,346.0
1753531688551,12:08:08.551,BAND/USDT:USDT,0.7268,166.0,0.7267,274.0,0.7273,168.0,0.7274,346.0
1753531693503,12:08:13.503,BAND/USDT:USDT,0.7268,166.0,0.7267,274.0,0.7273,168.0,0.7274,346.0
1753531695726,12:08:15.726,BAND/USDT:USDT,0.7268,166.0,0.7267,274.0,0.7273,168.0,0.7274,346.0
1753531696706,12:08:16.706,BAND/USDT:USDT,0.7268,166.0,0.7267,274.0,0.7273,168.0,0.7274,346.0
1753531697702,12:08:17.702,BAND/USDT:USDT,0.7268,166.0,0.7267,274.0,0.7273,168.0,0.7274,346.0
1753531698686,12:08:18.686,BAND/USDT:USDT,0.7268,166.0,0.7267,274.0,0.7273,168.0,0.7274,346.0
1753531699523,12:08:19.523,BAND/USDT:USDT,0.7268,162.0,0.7267,274.0,0.7273,168.0,0.7274,346.0
1753531699543,12:08:19.543,BAND/USDT:USDT,0.7268,162.0,0.7267,274.0,0.7273,168.0,0.7274,346.0
1753531699654,12:08:19.654,BAND/USDT:USDT,0.7268,162.0,0.7267,274.0,0.7273,168.0,0.7274,346.0
1753531699839,12:08:19.839,BAND/USDT:USDT,0.7268,162.0,0.7267,274.0,0.7273,168.0,0.7274,346.0
1753531700643,12:08:20.643,BAND/USDT:USDT,0.7268,162.0,0.7267,274.0,0.7273,168.0,0.7274,346.0
1753531701011,12:08:21.011,BAND/USDT:USDT,0.7267,274.0,0.7266,168.0,0.7273,168.0,0.7274,346.0
1753531701451,12:08:21.451,BAND/USDT:USDT,0.7268,162.0,0.7267,274.0,0.7273,168.0,0.7274,346.0
1753531702506,12:08:22.506,BAND/USDT:USDT,0.7268,162.0,0.7267,274.0,0.7273,168.0,0.7274,346.0
1753531704602,12:08:24.602,BAND/USDT:USDT,0.7267,274.0,0.7266,168.0,0.7273,168.0,0.7274,346.0
1753531704850,12:08:24.850,BAND/USDT:USDT,0.7268,166.0,0.7267,274.0,0.7273,168.0,0.7274,346.0
1753531705362,12:08:25.362,BAND/USDT:USDT,0.7268,166.0,0.7267,274.0,0.7273,168.0,0.7274,346.0
1753531707276,12:08:27.276,BAND/USDT:USDT,0.7267,274.0,0.7266,168.0,0.7273,168.0,0.7274,346.0
1753531707637,12:08:27.637,BAND/USDT:USDT,0.7268,166.0,0.7267,274.0,0.7273,168.0,0.7274,346.0
1753531708280,12:08:28.280,BAND/USDT:USDT,0.7268,166.0,0.7267,274.0,0.7273,168.0,0.7274,346.0
1753531711088,12:08:31.088,BAND/USDT:USDT,0.7268,166.0,0.7267,274.0,0.7273,168.0,0.7274,346.0
1753531715558,12:08:35.558,BAND/USDT:USDT,0.7267,274.0,0.7266,168.0,0.7273,168.0,0.7274,346.0
1753531715736,12:08:35.736,BAND/USDT:USDT,0.7268,166.0,0.7267,274.0,0.7273,168.0,0.7274,346.0
1753531716531,12:08:36.531,BAND/USDT:USDT,0.7267,274.0,0.7266,168.0,0.7273,168.0,0.7274,346.0
1753531716541,12:08:36.541,BAND/USDT:USDT,0.7267,108.0,0.7266,168.0,0.7273,168.0,0.7274,346.0
1753531717213,12:08:37.213,BAND/USDT:USDT,0.7267,108.0,0.7266,168.0,0.7273,168.0,0.7274,346.0
1753531719011,12:08:39.011,BAND/USDT:USDT,0.7267,108.0,0.7265,668.0,0.7273,168.0,0.7274,346.0
1753531719872,12:08:39.872,BAND/USDT:USDT,0.7267,108.0,0.7265,668.0,0.7273,168.0,0.7274,346.0
1753531721237,12:08:41.237,BAND/USDT:USDT,0.7263,168.0,0.7261,668.0,0.7272,166.0,0.7273,4292.0
1753531721337,12:08:41.337,BAND/USDT:USDT,0.7263,168.0,0.7261,668.0,0.7272,166.0,0.7273,4292.0
1753531721409,12:08:41.409,BAND/USDT:USDT,0.7263,168.0,0.7261,668.0,0.7272,166.0,0.7273,4292.0
1753531721442,12:08:41.442,BAND/USDT:USDT,0.7263,168.0,0.7261,668.0,0.7272,166.0,0.7273,4292.0
1753531721628,12:08:41.628,BAND/USDT:USDT,0.7263,168.0,0.7261,668.0,0.7272,166.0,0.7273,4292.0
1753531721983,12:08:41.983,BAND/USDT:USDT,0.7263,168.0,0.7261,668.0,0.7272,166.0,0.7273,4292.0
1753531723083,12:08:43.083,BAND/USDT:USDT,0.7263,168.0,0.7261,668.0,0.7272,166.0,0.7273,4292.0
1753531723277,12:08:43.277,BAND/USDT:USDT,0.7263,168.0,0.7261,668.0,0.7272,166.0,0.7273,4292.0
1753531724305,12:08:44.305,BAND/USDT:USDT,0.7263,168.0,0.7261,668.0,0.7272,166.0,0.7273,4292.0
1753531726330,12:08:46.330,BAND/USDT:USDT,0.7263,168.0,0.7261,668.0,0.7272,166.0,0.7273,4292.0
1753531726536,12:08:46.536,BAND/USDT:USDT,0.7263,168.0,0.7261,668.0,0.7272,166.0,0.7273,4292.0
1753531726555,12:08:46.555,BAND/USDT:USDT,0.7263,168.0,0.7261,668.0,0.7272,166.0,0.7273,4292.0
1753531727139,12:08:47.139,BAND/USDT:USDT,0.7263,168.0,0.7261,668.0,0.7272,166.0,0.7273,4292.0
1753531727161,12:08:47.161,BAND/USDT:USDT,0.7263,168.0,0.7261,668.0,0.7272,166.0,0.7273,4292.0
1753531727937,12:08:47.937,BAND/USDT:USDT,0.7263,168.0,0.7261,668.0,0.7272,166.0,0.7273,4292.0
1753531727956,12:08:47.956,BAND/USDT:USDT,0.7263,168.0,0.7261,668.0,0.7272,166.0,0.7273,4292.0
1753531728314,12:08:48.314,BAND/USDT:USDT,0.7263,168.0,0.7261,668.0,0.7272,166.0,0.7273,4292.0
1753531728844,12:08:48.844,BAND/USDT:USDT,0.7263,168.0,0.7261,668.0,0.7272,166.0,0.7273,4292.0
1753531729076,12:08:49.076,BAND/USDT:USDT,0.7263,168.0,0.7261,668.0,0.7272,166.0,0.7273,4292.0
1753531729344,12:08:49.344,BAND/USDT:USDT,0.7263,168.0,0.7261,668.0,0.7272,166.0,0.7273,4292.0
1753531729605,12:08:49.605,BAND/USDT:USDT,0.7263,168.0,0.7261,668.0,0.7272,166.0,0.7273,4292.0
1753531729789,12:08:49.789,BAND/USDT:USDT,0.7263,168.0,0.7261,668.0,0.7272,166.0,0.7273,4292.0
1753531729888,12:08:49.888,BAND/USDT:USDT,0.7263,168.0,0.7261,668.0,0.7272,166.0,0.7273,4292.0
1753531731362,12:08:51.362,BAND/USDT:USDT,0.7263,168.0,0.7261,668.0,0.7272,166.0,0.7273,4292.0
1753531731477,12:08:51.477,BAND/USDT:USDT,0.7263,168.0,0.7261,668.0,0.7272,166.0,0.7273,4292.0
1753531731592,12:08:51.592,BAND/USDT:USDT,0.7263,168.0,0.7261,668.0,0.7272,166.0,0.7273,4292.0
1753531731992,12:08:51.992,BAND/USDT:USDT,0.7263,168.0,0.7261,668.0,0.7272,166.0,0.7273,4292.0
1753531732088,12:08:52.088,BAND/USDT:USDT,0.7263,168.0,0.7261,668.0,0.7272,166.0,0.7273,4292.0
1753531732459,12:08:52.459,BAND/USDT:USDT,0.7263,168.0,0.7261,668.0,0.7272,166.0,0.7273,4292.0
1753531732580,12:08:52.580,BAND/USDT:USDT,0.7263,168.0,0.7261,668.0,0.7272,166.0,0.7273,4292.0
1753531732643,12:08:52.643,BAND/USDT:USDT,0.7263,168.0,0.7261,668.0,0.7272,166.0,0.7273,4292.0
1753531732835,12:08:52.835,BAND/USDT:USDT,0.7263,168.0,0.7261,668.0,0.727,163.0,0.7271,17226.0
1753531732850,12:08:52.850,BAND/USDT:USDT,0.7263,168.0,0.7261,668.0,0.727,163.0,0.7271,17226.0
1753531733028,12:08:53.028,BAND/USDT:USDT,0.7263,168.0,0.7261,668.0,0.727,163.0,0.7271,30996.0
1753531733062,12:08:53.062,BAND/USDT:USDT,0.7263,168.0,0.7261,668.0,0.727,163.0,0.7271,46145.0
1753531733196,12:08:53.196,BAND/USDT:USDT,0.7263,168.0,0.7261,668.0,0.727,163.0,0.7271,61294.0
1753531733275,12:08:53.275,BAND/USDT:USDT,0.7263,168.0,0.7261,668.0,0.727,163.0,0.7271,61294.0
1753531734421,12:08:54.421,BAND/USDT:USDT,0.7263,168.0,0.7261,668.0,0.727,163.0,0.7271,61294.0
1753531734667,12:08:54.667,BAND/USDT:USDT,0.7263,168.0,0.7261,668.0,0.727,163.0,0.7271,61294.0
1753531734755,12:08:54.755,BAND/USDT:USDT,0.7263,168.0,0.7261,668.0,0.727,163.0,0.7271,44232.0
1753531735497,12:08:55.497,BAND/USDT:USDT,0.7263,168.0,0.7261,668.0,0.727,163.0,0.7271,44232.0
1753531736241,12:08:56.241,BAND/USDT:USDT,0.7263,168.0,0.7261,668.0,0.727,163.0,0.7271,44232.0
1753531737037,12:08:57.037,BAND/USDT:USDT,0.7263,168.0,0.7261,668.0,0.727,163.0,0.7271,30462.0
1753531738085,12:08:58.085,BAND/USDT:USDT,0.7263,168.0,0.7261,668.0,0.727,163.0,0.7271,30462.0
1753531738378,12:08:58.378,BAND/USDT:USDT,0.7263,168.0,0.7261,668.0,0.727,163.0,0.7271,30462.0
1753531739208,12:08:59.208,BAND/USDT:USDT,0.7263,168.0,0.7261,668.0,0.727,163.0,0.7271,30462.0
1753531740303,12:09:00.303,BAND/USDT:USDT,0.7263,168.0,0.7261,668.0,0.727,163.0,0.7271,30462.0
1753531741248,12:09:01.248,BAND/USDT:USDT,0.7263,168.0,0.7261,668.0,0.727,163.0,0.7271,30462.0
1753531742355,12:09:02.355,BAND/USDT:USDT,0.7263,168.0,0.7261,668.0,0.727,163.0,0.7271,30462.0
1753531742558,12:09:02.558,BAND/USDT:USDT,0.7263,168.0,0.7261,668.0,0.727,163.0,0.7271,30462.0
1753531742793,12:09:02.793,BAND/USDT:USDT,0.7263,168.0,0.7261,668.0,0.7268,169.0,0.7269,327.0
1753531742904,12:09:02.904,BAND/USDT:USDT,0.7263,168.0,0.7261,668.0,0.7268,169.0,0.7269,327.0
1753531743036,12:09:03.036,BAND/USDT:USDT,0.7262,167.0,0.7261,668.0,0.7268,169.0,0.7269,327.0
1753531743102,12:09:03.102,BAND/USDT:USDT,0.7262,167.0,0.7261,668.0,0.7268,169.0,0.7269,14097.0
1753531743157,12:09:03.157,BAND/USDT:USDT,0.7262,167.0,0.7261,668.0,0.7268,169.0,0.7269,14097.0
1753531743281,12:09:03.281,BAND/USDT:USDT,0.7262,167.0,0.7261,668.0,0.7268,169.0,0.7269,29246.0
1753531743712,12:09:03.712,BAND/USDT:USDT,0.7262,167.0,0.7261,668.0,0.7268,169.0,0.7269,15476.0
1753531744016,12:09:04.016,BAND/USDT:USDT,0.7262,167.0,0.7261,668.0,0.7268,169.0,0.7269,15476.0
1753531744094,12:09:04.094,BAND/USDT:USDT,0.7262,167.0,0.7261,668.0,0.7268,169.0,0.7269,15476.0
1753531745283,12:09:05.283,BAND/USDT:USDT,0.7262,167.0,0.7261,668.0,0.7268,169.0,0.7269,15476.0
1753531746325,12:09:06.325,BAND/USDT:USDT,0.7263,167.0,0.7262,273.0,0.7268,169.0,0.7269,327.0
1753531746355,12:09:06.355,BAND/USDT:USDT,0.7263,167.0,0.7262,273.0,0.7268,169.0,0.7269,327.0
1753531746893,12:09:06.893,BAND/USDT:USDT,0.7263,167.0,0.7262,273.0,0.7268,169.0,0.7269,327.0
1753531749018,12:09:09.018,BAND/USDT:USDT,0.7262,273.0,0.7261,668.0,0.7268,169.0,0.7269,327.0
1753531749097,12:09:09.097,BAND/USDT:USDT,0.7262,273.0,0.7261,668.0,0.7268,169.0,0.7269,327.0
1753531749433,12:09:09.433,BAND/USDT:USDT,0.7263,167.0,0.7262,273.0,0.7268,169.0,0.7269,327.0
1753531749456,12:09:09.456,BAND/USDT:USDT,0.7263,167.0,0.7262,273.0,0.7268,169.0,0.7269,327.0
1753531749742,12:09:09.742,BAND/USDT:USDT,0.7263,167.0,0.7262,273.0,0.7268,169.0,0.7269,327.0
1753531750897,12:09:10.897,BAND/USDT:USDT,0.7262,273.0,0.7261,668.0,0.7268,169.0,0.7269,327.0
1753531752569,12:09:12.569,BAND/USDT:USDT,0.7262,273.0,0.7261,668.0,0.7268,169.0,0.7269,327.0
1753531753137,12:09:13.137,BAND/USDT:USDT,0.7262,273.0,0.7261,668.0,0.7268,169.0,0.7269,327.0
1753531753156,12:09:13.156,BAND/USDT:USDT,0.7262,273.0,0.7261,668.0,0.7268,169.0,0.7269,327.0
1753531753656,12:09:13.656,BAND/USDT:USDT,0.7263,163.0,0.7262,273.0,0.7268,169.0,0.7269,327.0
1753531754143,12:09:14.143,BAND/USDT:USDT,0.7262,273.0,0.7261,668.0,0.7268,169.0,0.7269,327.0
1753531754399,12:09:14.399,BAND/USDT:USDT,0.7263,163.0,0.7262,273.0,0.7268,169.0,0.7269,327.0
1753531754473,12:09:14.473,BAND/USDT:USDT,0.7262,273.0,0.7261,668.0,0.7268,169.0,0.7269,327.0
1753531755836,12:09:15.836,BAND/USDT:USDT,0.7262,273.0,0.7261,668.0,0.7268,169.0,0.7269,327.0
1753531758036,12:09:18.036,BAND/USDT:USDT,0.7262,53.0,0.7261,668.0,0.7268,169.0,0.7269,327.0
1753531758136,12:09:18.136,BAND/USDT:USDT,0.7262,163.0,0.7261,668.0,0.7268,169.0,0.7269,327.0
1753531759816,12:09:19.816,BAND/USDT:USDT,0.7261,668.0,0.726,168.0,0.7268,169.0,0.7269,327.0
1753531759906,12:09:19.906,BAND/USDT:USDT,0.7261,668.0,0.726,168.0,0.7268,169.0,0.7269,327.0
1753531760004,12:09:20.004,BAND/USDT:USDT,0.726,168.0,0.7245,663.0,0.7268,169.0,0.7269,327.0
1753531760436,12:09:20.436,BAND/USDT:USDT,0.725,163.0,0.7249,5075.0,0.7268,169.0,0.7269,327.0
1753531760458,12:09:20.458,BAND/USDT:USDT,0.725,163.0,0.7249,5075.0,0.7267,163.0,0.7268,4296.0
1753531760636,12:09:20.636,BAND/USDT:USDT,0.725,163.0,0.7249,5075.0,0.7267,163.0,0.7268,4296.0
1753531760726,12:09:20.726,BAND/USDT:USDT,0.725,163.0,0.7249,5075.0,0.7267,163.0,0.7268,4296.0
1753531761028,12:09:21.028,BAND/USDT:USDT,0.725,163.0,0.7249,5075.0,0.7267,163.0,0.7268,4296.0
1753531761451,12:09:21.451,BAND/USDT:USDT,0.725,163.0,0.7249,5075.0,0.7267,163.0,0.7268,4296.0
1753531761966,12:09:21.966,BAND/USDT:USDT,0.725,163.0,0.7249,5075.0,0.7267,163.0,0.7268,4296.0
1753531763310,12:09:23.310,BAND/USDT:USDT,0.725,163.0,0.7249,5075.0,0.7267,163.0,0.7268,4296.0
1753531763476,12:09:23.476,BAND/USDT:USDT,0.725,163.0,0.7249,5075.0,0.7267,163.0,0.7268,4296.0
1753531763930,12:09:23.930,BAND/USDT:USDT,0.725,163.0,0.7249,4575.0,0.7267,163.0,0.7268,4296.0
1753531764578,12:09:24.578,BAND/USDT:USDT,0.725,163.0,0.7249,4575.0,0.7267,163.0,0.7268,4296.0
1753531764822,12:09:24.822,BAND/USDT:USDT,0.725,163.0,0.7249,4575.0,0.7265,165.0,0.7266,4128.0
1753531764930,12:09:24.930,BAND/USDT:USDT,0.725,163.0,0.7249,4301.0,0.7265,165.0,0.7266,4128.0
1753531764997,12:09:24.997,BAND/USDT:USDT,0.725,163.0,0.7249,4301.0,0.7265,165.0,0.7266,4128.0
1753531765137,12:09:25.137,BAND/USDT:USDT,0.725,163.0,0.7249,4301.0,0.7265,165.0,0.7266,4128.0
1753531765222,12:09:25.222,BAND/USDT:USDT,0.725,163.0,0.7249,4301.0,0.7265,165.0,0.7266,4128.0
1753531765663,12:09:25.663,BAND/USDT:USDT,0.725,163.0,0.7249,4301.0,0.7265,165.0,0.7266,4128.0
1753531765928,12:09:25.928,BAND/USDT:USDT,0.725,163.0,0.7249,4301.0,0.7265,165.0,0.7266,4128.0
1753531765987,12:09:25.987,BAND/USDT:USDT,0.725,163.0,0.7249,4301.0,0.7265,165.0,0.7266,4128.0
1753531768235,12:09:28.235,BAND/USDT:USDT,0.725,163.0,0.7249,4301.0,0.7265,238.0,0.7266,4128.0
1753531768238,12:09:28.238,BAND/USDT:USDT,0.725,163.0,0.7249,4301.0,0.7264,165.0,0.7265,238.0
1753531768421,12:09:28.421,BAND/USDT:USDT,0.725,163.0,0.7249,4301.0,0.7265,165.0,0.7266,4128.0
1753531768457,12:09:28.457,BAND/USDT:USDT,0.725,163.0,0.7249,4301.0,0.7265,165.0,0.7266,4128.0
1753531768636,12:09:28.636,BAND/USDT:USDT,0.725,163.0,0.7249,4301.0,0.7264,165.0,0.7265,238.0
1753531768735,12:09:28.735,BAND/USDT:USDT,0.725,163.0,0.7249,4301.0,0.7264,165.0,0.7265,165.0
1753531768789,12:09:28.789,BAND/USDT:USDT,0.725,163.0,0.7249,4301.0,0.7265,165.0,0.7266,4128.0
1753531768937,12:09:28.937,BAND/USDT:USDT,0.725,163.0,0.7249,4301.0,0.7265,238.0,0.7266,4128.0
1753531769036,12:09:29.036,BAND/USDT:USDT,0.725,163.0,0.7249,4301.0,0.7264,165.0,0.7265,165.0
1753531769093,12:09:29.093,BAND/USDT:USDT,0.725,163.0,0.7249,4301.0,0.7265,165.0,0.7266,4128.0
1753531769235,12:09:29.235,BAND/USDT:USDT,0.725,163.0,0.7249,4301.0,0.7265,238.0,0.7266,4128.0
1753531769244,12:09:29.244,BAND/USDT:USDT,0.725,163.0,0.7249,4301.0,0.7264,165.0,0.7265,238.0
1753531769437,12:09:29.437,BAND/USDT:USDT,0.725,163.0,0.7249,4301.0,0.7264,165.0,0.7265,165.0
1753531769444,12:09:29.444,BAND/USDT:USDT,0.725,163.0,0.7249,4301.0,0.7265,165.0,0.7266,4128.0
1753531769635,12:09:29.635,BAND/USDT:USDT,0.725,163.0,0.7249,4301.0,0.7265,238.0,0.7266,4128.0
1753531769638,12:09:29.638,BAND/USDT:USDT,0.725,163.0,0.7249,4301.0,0.7264,165.0,0.7265,238.0
1753531769834,12:09:29.834,BAND/USDT:USDT,0.725,163.0,0.7249,4301.0,0.7264,165.0,0.7265,165.0
1753531769843,12:09:29.843,BAND/USDT:USDT,0.725,163.0,0.7249,4301.0,0.7265,165.0,0.7266,4128.0
1753531770036,12:09:30.036,BAND/USDT:USDT,0.725,163.0,0.7249,4301.0,0.7265,238.0,0.7266,4128.0
1753531770040,12:09:30.040,BAND/USDT:USDT,0.725,163.0,0.7249,4301.0,0.7264,165.0,0.7265,238.0
1753531770235,12:09:30.235,BAND/USDT:USDT,0.725,163.0,0.7249,4301.0,0.7264,165.0,0.7265,165.0
1753531770335,12:09:30.335,BAND/USDT:USDT,0.725,163.0,0.7249,4301.0,0.7264,73.0,0.7265,165.0
1753531770435,12:09:30.435,BAND/USDT:USDT,0.725,163.0,0.7249,4301.0,0.7263,165.0,0.7265,165.0
1753531770480,12:09:30.480,BAND/USDT:USDT,0.725,163.0,0.7249,4301.0,0.7263,165.0,0.7265,165.0
1753531770620,12:09:30.620,BAND/USDT:USDT,0.725,163.0,0.7249,4301.0,0.7265,165.0,0.7266,4293.0
1753531770738,12:09:30.738,BAND/USDT:USDT,0.725,163.0,0.7249,4301.0,0.7264,165.0,0.7265,238.0
1753531770835,12:09:30.835,BAND/USDT:USDT,0.725,163.0,0.7249,4301.0,0.7264,165.0,0.7265,165.0
1753531770890,12:09:30.890,BAND/USDT:USDT,0.725,163.0,0.7249,4301.0,0.7265,165.0,0.7266,4293.0
1753531771030,12:09:31.030,BAND/USDT:USDT,0.725,163.0,0.7249,4301.0,0.7265,165.0,0.7266,4293.0
1753531771402,12:09:31.402,BAND/USDT:USDT,0.725,163.0,0.7249,4301.0,0.7264,165.0,0.7265,1132.0
1753531771630,12:09:31.630,BAND/USDT:USDT,0.725,163.0,0.7249,4301.0,0.7264,73.0,0.7265,165.0
1753531771836,12:09:31.836,BAND/USDT:USDT,0.725,163.0,0.7249,4301.0,0.7263,165.0,0.7264,73.0
1753531771933,12:09:31.933,BAND/USDT:USDT,0.725,163.0,0.7249,4301.0,0.7263,165.0,0.7265,165.0
1753531771943,12:09:31.943,BAND/USDT:USDT,0.725,163.0,0.7249,4301.0,0.7265,165.0,0.7266,4293.0
1753531772134,12:09:32.134,BAND/USDT:USDT,0.725,163.0,0.7249,4301.0,0.7265,238.0,0.7266,4293.0
1753531772162,12:09:32.162,BAND/USDT:USDT,0.725,163.0,0.7249,4301.0,0.7264,165.0,0.7265,238.0
1753531772335,12:09:32.335,BAND/USDT:USDT,0.725,163.0,0.7249,4301.0,0.7264,165.0,0.7265,165.0
1753531772435,12:09:32.435,BAND/USDT:USDT,0.725,163.0,0.7249,4301.0,0.7264,73.0,0.7265,165.0
1753531772500,12:09:32.500,BAND/USDT:USDT,0.725,163.0,0.7249,4301.0,0.7263,165.0,0.7264,73.0
1753531772636,12:09:32.636,BAND/USDT:USDT,0.725,163.0,0.7249,4301.0,0.7263,165.0,0.7265,165.0
1753531772682,12:09:32.682,BAND/USDT:USDT,0.725,163.0,0.7249,4301.0,0.7265,165.0,0.7266,4293.0
1753531772838,12:09:32.838,BAND/USDT:USDT,0.725,163.0,0.7249,4301.0,0.7264,163.0,0.7265,238.0
1753531772934,12:09:32.934,BAND/USDT:USDT,0.725,163.0,0.7249,4301.0,0.7264,163.0,0.7265,165.0
1753531773021,12:09:33.021,BAND/USDT:USDT,0.725,163.0,0.7249,4301.0,0.7265,165.0,0.7266,4293.0
1753531773097,12:09:33.097,BAND/USDT:USDT,0.725,163.0,0.7249,4301.0,0.7264,73.0,0.7265,165.0
1753531773220,12:09:33.220,BAND/USDT:USDT,0.725,163.0,0.7249,4301.0,0.7263,163.0,0.7264,4202.0
1753531773336,12:09:33.336,BAND/USDT:USDT,0.7249,163.0,0.7246,274.0,0.7263,163.0,0.7264,4202.0
1753531773431,12:09:33.431,BAND/USDT:USDT,0.7249,163.0,0.7246,274.0,0.7261,163.0,0.7262,4131.0
1753531773528,12:09:33.528,BAND/USDT:USDT,0.7249,163.0,0.7246,274.0,0.7261,163.0,0.7262,4131.0
1753531773557,12:09:33.557,BAND/USDT:USDT,0.7249,163.0,0.7246,274.0,0.7261,163.0,0.7262,4131.0
1753531773981,12:09:33.981,BAND/USDT:USDT,0.7249,163.0,0.7246,274.0,0.7261,163.0,0.7262,4131.0
1753531774378,12:09:34.378,BAND/USDT:USDT,0.7249,163.0,0.7246,274.0,0.7261,163.0,0.7262,4131.0
1753531774663,12:09:34.663,BAND/USDT:USDT,0.7249,163.0,0.7246,274.0,0.7261,163.0,0.7262,4131.0
1753531774743,12:09:34.743,BAND/USDT:USDT,0.7249,163.0,0.7246,274.0,0.7261,163.0,0.7262,4131.0
1753531775014,12:09:35.014,BAND/USDT:USDT,0.7249,163.0,0.7246,274.0,0.7261,163.0,0.7262,4131.0
1753531775127,12:09:35.127,BAND/USDT:USDT,0.7249,163.0,0.7246,274.0,0.7261,163.0,0.7262,4131.0
1753531775204,12:09:35.204,BAND/USDT:USDT,0.7249,163.0,0.7246,274.0,0.7261,163.0,0.7262,4131.0
1753531775334,12:09:35.334,BAND/USDT:USDT,0.7249,163.0,0.7246,274.0,0.7261,163.0,0.7262,4131.0
1753531775403,12:09:35.403,BAND/USDT:USDT,0.7249,163.0,0.7246,274.0,0.7261,163.0,0.7262,4131.0
1753531775736,12:09:35.736,BAND/USDT:USDT,0.7249,163.0,0.7246,274.0,0.7261,163.0,0.7262,4131.0
1753531775808,12:09:35.808,BAND/USDT:USDT,0.7249,163.0,0.7242,274.0,0.7261,163.0,0.7262,4131.0
1753531776032,12:09:36.032,BAND/USDT:USDT,0.7249,163.0,0.7242,274.0,0.726,239.0,0.7261,163.0
1753531776071,12:09:36.071,BAND/USDT:USDT,0.7249,163.0,0.7242,274.0,0.7258,163.0,0.7259,239.0
1753531776232,12:09:36.232,BAND/USDT:USDT,0.7249,163.0,0.7242,274.0,0.7258,163.0,0.7259,239.0
1753531776429,12:09:36.429,BAND/USDT:USDT,0.7249,163.0,0.7242,274.0,0.7258,163.0,0.7259,239.0
1753531776590,12:09:36.590,BAND/USDT:USDT,0.7249,163.0,0.7242,274.0,0.7258,163.0,0.7259,239.0
1753531776802,12:09:36.802,BAND/USDT:USDT,0.7249,163.0,0.7242,274.0,0.7258,163.0,0.7259,239.0
1753531776858,12:09:36.858,BAND/USDT:USDT,0.7249,163.0,0.7242,274.0,0.7258,163.0,0.7259,239.0
1753531778210,12:09:38.210,BAND/USDT:USDT,0.7249,163.0,0.7237,274.0,0.7258,163.0,0.7259,239.0
1753531778848,12:09:38.848,BAND/USDT:USDT,0.7249,163.0,0.7237,274.0,0.7258,163.0,0.7259,239.0
1753531779435,12:09:39.435,BAND/USDT:USDT,0.7249,163.0,0.7237,274.0,0.7259,239.0,0.726,239.0
1753531779492,12:09:39.492,BAND/USDT:USDT,0.7249,163.0,0.7237,274.0,0.7259,239.0,0.726,239.0
1753531779587,12:09:39.587,BAND/USDT:USDT,0.7249,163.0,0.7237,274.0,0.7259,239.0,0.726,239.0
1753531779783,12:09:39.783,BAND/USDT:USDT,0.7249,163.0,0.7237,274.0,0.7259,239.0,0.726,239.0
1753531779934,12:09:39.934,BAND/USDT:USDT,0.7249,163.0,0.7237,274.0,0.7259,76.0,0.726,239.0
1753531779964,12:09:39.964,BAND/USDT:USDT,0.725,163.0,0.7249,4407.0,0.7259,76.0,0.726,239.0
1753531780409,12:09:40.409,BAND/USDT:USDT,0.725,163.0,0.7249,4407.0,0.7259,76.0,0.726,239.0
1753531780469,12:09:40.469,BAND/USDT:USDT,0.725,163.0,0.7249,4407.0,0.7259,76.0,0.726,239.0
1753531780574,12:09:40.574,BAND/USDT:USDT,0.725,163.0,0.7249,4407.0,0.7259,76.0,0.726,239.0
1753531780648,12:09:40.648,BAND/USDT:USDT,0.725,163.0,0.7249,4407.0,0.7259,76.0,0.726,239.0
1753531780794,12:09:40.794,BAND/USDT:USDT,0.725,163.0,0.7249,4407.0,0.7259,76.0,0.726,239.0
1753531781029,12:09:41.029,BAND/USDT:USDT,0.7251,163.0,0.725,4300.0,0.7259,76.0,0.726,76.0
1753531781110,12:09:41.110,BAND/USDT:USDT,0.7251,163.0,0.725,4300.0,0.7259,76.0,0.726,76.0
1753531781286,12:09:41.286,BAND/USDT:USDT,0.7251,163.0,0.725,4300.0,0.7259,76.0,0.726,76.0
1753531781623,12:09:41.623,BAND/USDT:USDT,0.7253,163.0,0.7252,269.0,0.7263,163.0,0.7266,165.0
1753531781656,12:09:41.656,BAND/USDT:USDT,0.7253,163.0,0.7252,269.0,0.7262,163.0,0.7263,315.0
1753531782048,12:09:42.048,BAND/USDT:USDT,0.7253,163.0,0.7252,269.0,0.7262,163.0,0.7263,315.0
1753531782381,12:09:42.381,BAND/USDT:USDT,0.7253,163.0,0.7252,269.0,0.7262,163.0,0.7263,315.0
1753531782817,12:09:42.817,BAND/USDT:USDT,0.7253,163.0,0.7252,269.0,0.7262,163.0,0.7263,315.0
1753531783133,12:09:43.133,BAND/USDT:USDT,0.7253,163.0,0.7252,269.0,0.7262,163.0,0.7263,315.0
1753531783717,12:09:43.717,BAND/USDT:USDT,0.7253,163.0,0.7252,269.0,0.7262,163.0,0.7263,315.0
1753531784340,12:09:44.340,BAND/USDT:USDT,0.7253,163.0,0.7252,269.0,0.7262,163.0,0.7263,315.0
1753531785694,12:09:45.694,BAND/USDT:USDT,0.7253,163.0,0.7252,269.0,0.7262,163.0,0.7263,315.0
1753531785838,12:09:45.838,BAND/USDT:USDT,0.7253,163.0,0.7252,269.0,0.7262,163.0,0.7263,315.0
1753531785843,12:09:45.843,BAND/USDT:USDT,0.7253,163.0,0.7252,269.0,0.7262,163.0,0.7263,315.0
1753531786017,12:09:46.017,BAND/USDT:USDT,0.7253,163.0,0.7252,269.0,0.7262,163.0,0.7263,315.0
1753531786490,12:09:46.490,BAND/USDT:USDT,0.7253,163.0,0.7252,269.0,0.7262,163.0,0.7263,315.0
1753531786703,12:09:46.703,BAND/USDT:USDT,0.7253,163.0,0.7252,269.0,0.7262,163.0,0.7263,315.0
1753531787025,12:09:47.025,BAND/USDT:USDT,0.7253,163.0,0.7252,269.0,0.7262,163.0,0.7263,315.0
1753531787058,12:09:47.058,BAND/USDT:USDT,0.7253,163.0,0.7252,269.0,0.7262,163.0,0.7263,315.0
1753531787264,12:09:47.264,BAND/USDT:USDT,0.7253,163.0,0.7252,269.0,0.7262,163.0,0.7263,315.0
1753531787643,12:09:47.643,BAND/USDT:USDT,0.7253,163.0,0.7252,269.0,0.7262,163.0,0.7263,315.0
1753531787987,12:09:47.987,BAND/USDT:USDT,0.7253,163.0,0.7252,269.0,0.7262,163.0,0.7263,315.0
1753531788140,12:09:48.140,BAND/USDT:USDT,0.7253,163.0,0.7252,269.0,0.7262,163.0,0.7263,315.0
1753531788246,12:09:48.246,BAND/USDT:USDT,0.7253,163.0,0.7252,269.0,0.7262,163.0,0.7263,315.0
1753531788422,12:09:48.422,BAND/USDT:USDT,0.7253,163.0,0.7252,269.0,0.7262,163.0,0.7263,315.0
1753531790638,12:09:50.638,BAND/USDT:USDT,0.7254,162.0,0.7253,4299.0,0.7262,162.0,0.7263,315.0
1753531790702,12:09:50.702,BAND/USDT:USDT,0.7256,162.0,0.7255,268.0,0.7263,315.0,0.7269,169.0
1753531790762,12:09:50.762,BAND/USDT:USDT,0.7256,162.0,0.7255,268.0,0.7263,315.0,0.7269,169.0
1753531790887,12:09:50.887,BAND/USDT:USDT,0.7256,162.0,0.7255,268.0,0.7263,315.0,0.7269,169.0
1753531790968,12:09:50.968,BAND/USDT:USDT,0.7256,162.0,0.7255,268.0,0.7263,315.0,0.7269,169.0
1753531791436,12:09:51.436,BAND/USDT:USDT,0.7256,162.0,0.7255,268.0,0.7263,315.0,0.7269,169.0
1753531791441,12:09:51.441,BAND/USDT:USDT,0.7256,162.0,0.7255,268.0,0.7262,162.0,0.7263,315.0
1753531791628,12:09:51.628,BAND/USDT:USDT,0.7256,162.0,0.7255,268.0,0.7263,315.0,0.7269,169.0
1753531791645,12:09:51.645,BAND/USDT:USDT,0.7256,162.0,0.7255,268.0,0.7263,315.0,0.7269,169.0
1753531792623,12:09:52.623,BAND/USDT:USDT,0.7256,162.0,0.7255,268.0,0.7263,315.0,0.7269,169.0
1753531793623,12:09:53.623,BAND/USDT:USDT,0.7256,162.0,0.7255,268.0,0.7263,315.0,0.7269,169.0
1753531793676,12:09:53.676,BAND/USDT:USDT,0.7256,162.0,0.7255,268.0,0.7263,315.0,0.7269,169.0
1753531794630,12:09:54.630,BAND/USDT:USDT,0.7256,162.0,0.7255,268.0,0.7262,162.0,0.7263,315.0
1753531794639,12:09:54.639,BAND/USDT:USDT,0.7256,162.0,0.7255,268.0,0.7263,315.0,0.7269,169.0
1753531795110,12:09:55.110,BAND/USDT:USDT,0.7256,162.0,0.7255,268.0,0.7262,162.0,0.7263,315.0
1753531795249,12:09:55.249,BAND/USDT:USDT,0.7256,162.0,0.7255,268.0,0.7263,315.0,0.7269,169.0
1753531796008,12:09:56.008,BAND/USDT:USDT,0.7256,162.0,0.7255,268.0,0.7263,152.0,0.7269,169.0
1753531796056,12:09:56.056,BAND/USDT:USDT,0.7256,162.0,0.7255,268.0,0.7263,152.0,0.7269,169.0
1753531796520,12:09:56.520,BAND/USDT:USDT,0.7256,162.0,0.7255,268.0,0.7263,152.0,0.7269,169.0
1753531796572,12:09:56.572,BAND/USDT:USDT,0.7256,162.0,0.7255,268.0,0.7263,152.0,0.7269,169.0
1753531796756,12:09:56.756,BAND/USDT:USDT,0.7256,162.0,0.7255,268.0,0.7263,152.0,0.7269,169.0
1753531797008,12:09:57.008,BAND/USDT:USDT,0.7256,162.0,0.7255,268.0,0.7263,152.0,0.7269,169.0
1753531797048,12:09:57.048,BAND/USDT:USDT,0.7256,162.0,0.7255,268.0,0.7263,152.0,0.7269,169.0
1753531799248,12:09:59.248,BAND/USDT:USDT,0.7256,162.0,0.7255,268.0,0.7263,152.0,0.7269,169.0
1753531799528,12:09:59.528,BAND/USDT:USDT,0.7256,162.0,0.7255,268.0,0.7263,152.0,0.7269,169.0
1753531800864,12:10:00.864,BAND/USDT:USDT,0.7256,162.0,0.7255,268.0,0.7263,314.0,0.7269,169.0
1753531801901,12:10:01.901,BAND/USDT:USDT,0.7256,162.0,0.7255,268.0,0.7263,314.0,0.7271,163.0
1753531803421,12:10:03.421,BAND/USDT:USDT,0.7256,162.0,0.7255,268.0,0.7262,165.0,0.7263,314.0
1753531803762,12:10:03.762,BAND/USDT:USDT,0.7256,162.0,0.7255,268.0,0.7263,314.0,0.7271,163.0
1753531804590,12:10:04.590,BAND/USDT:USDT,0.7256,162.0,0.7255,268.0,0.7263,314.0,0.7271,163.0
1753531805462,12:10:05.462,BAND/USDT:USDT,0.7256,162.0,0.7255,268.0,0.7263,314.0,0.7271,163.0
1753531805806,12:10:05.806,BAND/USDT:USDT,0.7256,162.0,0.7255,268.0,0.7262,165.0,0.7263,314.0
1753531806749,12:10:06.749,BAND/USDT:USDT,0.7256,162.0,0.7255,268.0,0.7263,314.0,0.7271,163.0
1753531806878,12:10:06.878,BAND/USDT:USDT,0.7256,162.0,0.7255,268.0,0.7262,165.0,0.7263,314.0
1753531807228,12:10:07.228,BAND/USDT:USDT,0.7256,162.0,0.7255,268.0,0.7262,165.0,0.7263,314.0
1753531807280,12:10:07.280,BAND/USDT:USDT,0.7256,162.0,0.7255,268.0,0.7263,314.0,0.7271,163.0
1753531807537,12:10:07.537,BAND/USDT:USDT,0.7256,162.0,0.7255,268.0,0.7263,314.0,0.7271,163.0
1753531807596,12:10:07.596,BAND/USDT:USDT,0.7256,162.0,0.7255,268.0,0.7262,165.0,0.7263,314.0
1753531808239,12:10:08.239,BAND/USDT:USDT,0.7256,162.0,0.7255,268.0,0.7262,165.0,0.7263,314.0
1753531808772,12:10:08.772,BAND/USDT:USDT,0.7256,162.0,0.7255,268.0,0.7263,314.0,0.7271,163.0
1753531808962,12:10:08.962,BAND/USDT:USDT,0.7256,162.0,0.7255,268.0,0.7263,314.0,0.7271,163.0
1753531809119,12:10:09.119,BAND/USDT:USDT,0.7256,162.0,0.7255,268.0,0.7263,314.0,0.7271,163.0
1753531809863,12:10:09.863,BAND/USDT:USDT,0.7256,162.0,0.7255,268.0,0.7263,314.0,0.7271,163.0
1753531810463,12:10:10.463,BAND/USDT:USDT,0.7256,162.0,0.7255,268.0,0.7263,152.0,0.7271,163.0
1753531810723,12:10:10.723,BAND/USDT:USDT,0.7256,162.0,0.7255,268.0,0.7263,76.0,0.7271,163.0
1753531810748,12:10:10.748,BAND/USDT:USDT,0.7256,162.0,0.7255,268.0,0.7271,163.0,0.7272,663.0
1753531810953,12:10:10.953,BAND/USDT:USDT,0.7256,162.0,0.7255,268.0,0.7271,163.0,0.7272,663.0
1753531811304,12:10:11.304,BAND/USDT:USDT,0.7256,162.0,0.7255,268.0,0.7271,163.0,0.7272,663.0
1753531811374,12:10:11.374,BAND/USDT:USDT,0.7256,162.0,0.7255,268.0,0.7271,163.0,0.7272,663.0
1753531811736,12:10:11.736,BAND/USDT:USDT,0.7256,162.0,0.7255,268.0,0.727,165.0,0.7271,4288.0
1753531812384,12:10:12.384,BAND/USDT:USDT,0.7256,162.0,0.7255,268.0,0.727,165.0,0.7271,4288.0
1753531812695,12:10:12.695,BAND/USDT:USDT,0.7256,162.0,0.7255,268.0,0.727,165.0,0.7271,4288.0
1753531812837,12:10:12.837,BAND/USDT:USDT,0.7256,162.0,0.7255,268.0,0.727,165.0,0.7271,4288.0
1753531814153,12:10:14.153,BAND/USDT:USDT,0.7256,162.0,0.7255,268.0,0.727,165.0,0.7271,4288.0
1753531815045,12:10:15.045,BAND/USDT:USDT,0.7256,162.0,0.7255,268.0,0.727,165.0,0.7271,4288.0
1753531821437,12:10:21.437,BAND/USDT:USDT,0.7256,162.0,0.7255,268.0,0.727,182.0,0.7271,4288.0
1753531821534,12:10:21.534,BAND/USDT:USDT,0.7256,162.0,0.7255,268.0,0.7269,169.0,0.727,165.0
1753531821593,12:10:21.593,BAND/USDT:USDT,0.7256,162.0,0.7255,268.0,0.727,165.0,0.7271,4288.0
1753531822030,12:10:22.030,BAND/USDT:USDT,0.7256,162.0,0.7255,268.0,0.7269,169.0,0.727,4291.0
1753531823282,12:10:23.282,BAND/USDT:USDT,0.7256,162.0,0.7255,268.0,0.7269,169.0,0.727,4291.0
1753531823437,12:10:23.437,BAND/USDT:USDT,0.7256,162.0,0.7255,268.0,0.7269,169.0,0.727,4291.0
1753531824613,12:10:24.613,BAND/USDT:USDT,0.7256,162.0,0.7255,268.0,0.7269,169.0,0.727,4291.0
1753531826325,12:10:26.325,BAND/USDT:USDT,0.7256,162.0,0.7255,268.0,0.7269,169.0,0.727,4291.0
1753531826608,12:10:26.608,BAND/USDT:USDT,0.7256,162.0,0.7255,268.0,0.7269,169.0,0.727,4291.0
1753531827162,12:10:27.162,BAND/USDT:USDT,0.7256,162.0,0.7255,268.0,0.7269,169.0,0.727,4291.0
1753531827951,12:10:27.951,BAND/USDT:USDT,0.7256,162.0,0.7255,268.0,0.7269,169.0,0.727,4291.0
1753531828396,12:10:28.396,BAND/USDT:USDT,0.7256,162.0,0.7255,268.0,0.7269,169.0,0.727,4291.0
1753531830464,12:10:30.464,BAND/USDT:USDT,0.7256,162.0,0.7255,268.0,0.7269,169.0,0.727,4291.0
1753531830995,12:10:30.995,BAND/USDT:USDT,0.7256,162.0,0.7255,268.0,0.7269,169.0,0.727,4291.0
1753531835033,12:10:35.033,BAND/USDT:USDT,0.7256,162.0,0.7255,268.0,0.7269,169.0,0.727,4291.0
1753531836791,12:10:36.791,BAND/USDT:USDT,0.7256,162.0,0.7255,268.0,0.7269,169.0,0.727,4291.0
1753531837136,12:10:37.136,BAND/USDT:USDT,0.7256,162.0,0.7255,268.0,0.7269,169.0,0.727,4291.0
1753531837143,12:10:37.143,BAND/USDT:USDT,0.7256,162.0,0.7255,268.0,0.7269,169.0,0.727,4291.0
1753531838124,12:10:38.124,BAND/USDT:USDT,0.7256,162.0,0.7255,268.0,0.7269,169.0,0.727,4291.0
1753531838145,12:10:38.145,BAND/USDT:USDT,0.7256,162.0,0.7255,268.0,0.7269,169.0,0.727,4291.0
1753531838989,12:10:38.989,BAND/USDT:USDT,0.7256,162.0,0.7255,268.0,0.7269,169.0,0.727,4291.0
1753531839125,12:10:39.125,BAND/USDT:USDT,0.7256,162.0,0.7255,268.0,0.7269,169.0,0.727,4291.0
1753531839265,12:10:39.265,BAND/USDT:USDT,0.7256,162.0,0.7255,268.0,0.7268,166.0,0.7269,4296.0
1753531839437,12:10:39.437,BAND/USDT:USDT,0.7256,162.0,0.7255,268.0,0.7268,166.0,0.7269,4296.0
1753531839463,12:10:39.463,BAND/USDT:USDT,0.7256,162.0,0.7255,268.0,0.7267,166.0,0.7268,4293.0
1753531840099,12:10:40.099,BAND/USDT:USDT,0.7256,162.0,0.7255,268.0,0.7264,166.0,0.7265,236.0
1753531840173,12:10:40.173,BAND/USDT:USDT,0.7256,162.0,0.7255,268.0,0.7264,166.0,0.7265,236.0
1753531840607,12:10:40.607,BAND/USDT:USDT,0.7256,162.0,0.7255,268.0,0.7264,166.0,0.7265,236.0
1753531841136,12:10:41.136,BAND/USDT:USDT,0.7256,162.0,0.7255,268.0,0.7264,166.0,0.7265,236.0
1753531842036,12:10:42.036,BAND/USDT:USDT,0.7256,162.0,0.7255,268.0,0.7264,166.0,0.7265,236.0
1753531844398,12:10:44.398,BAND/USDT:USDT,0.7256,162.0,0.7255,268.0,0.7264,166.0,0.7265,236.0
1753531844682,12:10:44.682,BAND/USDT:USDT,0.7256,162.0,0.7255,268.0,0.7264,166.0,0.7265,236.0
1753531844892,12:10:44.892,BAND/USDT:USDT,0.7256,162.0,0.7255,268.0,0.7264,166.0,0.7265,236.0
1753531845035,12:10:45.035,BAND/USDT:USDT,0.7256,162.0,0.7255,268.0,0.7264,166.0,0.7265,236.0
1753531845046,12:10:45.046,BAND/USDT:USDT,0.7256,162.0,0.7255,268.0,0.7264,166.0,0.7265,236.0
1753531845224,12:10:45.224,BAND/USDT:USDT,0.7256,162.0,0.7255,268.0,0.7264,166.0,0.7265,236.0
1753531845243,12:10:45.243,BAND/USDT:USDT,0.7256,162.0,0.7255,268.0,0.7264,166.0,0.7265,236.0
1753531846034,12:10:46.034,BAND/USDT:USDT,0.7256,162.0,0.7255,268.0,0.7264,166.0,0.7265,236.0
1753531847023,12:10:47.023,BAND/USDT:USDT,0.7256,162.0,0.7255,268.0,0.7264,166.0,0.7265,236.0
1753531847042,12:10:47.042,BAND/USDT:USDT,0.7256,162.0,0.7255,268.0,0.7264,166.0,0.7265,236.0
1753531848008,12:10:48.008,BAND/USDT:USDT,0.7256,162.0,0.7255,268.0,0.7264,166.0,0.7265,236.0
1753531848629,12:10:48.629,BAND/USDT:USDT,0.7256,162.0,0.7255,268.0,0.7264,166.0,0.7265,236.0
1753531853416,12:10:53.416,BAND/USDT:USDT,0.7256,162.0,0.7255,268.0,0.7265,236.0,0.7266,237.0
1753531853464,12:10:53.464,BAND/USDT:USDT,0.7256,162.0,0.7255,268.0,0.7265,236.0,0.7266,237.0
1753531853559,12:10:53.559,BAND/USDT:USDT,0.7256,162.0,0.7255,268.0,0.7264,164.0,0.7265,236.0
1753531855366,12:10:55.366,BAND/USDT:USDT,0.7256,162.0,0.7255,268.0,0.7265,236.0,0.7266,237.0
1753531855923,12:10:55.923,BAND/USDT:USDT,0.7256,162.0,0.7255,268.0,0.7265,236.0,0.7266,237.0
1753531856416,12:10:56.416,BAND/USDT:USDT,0.7256,162.0,0.7255,268.0,0.7265,70.0,0.7266,237.0
1753531856629,12:10:56.629,BAND/USDT:USDT,0.7256,162.0,0.7255,268.0,0.7265,234.0,0.7266,237.0
1753531856925,12:10:56.925,BAND/USDT:USDT,0.7256,162.0,0.7255,268.0,0.7265,234.0,0.7266,237.0
1753531856954,12:10:56.954,BAND/USDT:USDT,0.7256,162.0,0.7255,268.0,0.7265,70.0,0.7266,237.0
1753531857923,12:10:57.923,BAND/USDT:USDT,0.7256,162.0,0.7255,268.0,0.7265,70.0,0.7266,237.0
1753531858085,12:10:58.085,BAND/USDT:USDT,0.7256,162.0,0.7255,268.0,0.7265,234.0,0.7266,237.0
1753531858202,12:10:58.202,BAND/USDT:USDT,0.7256,162.0,0.7255,268.0,0.7265,70.0,0.7266,237.0
1753531858471,12:10:58.471,BAND/USDT:USDT,0.7256,162.0,0.7255,268.0,0.7265,70.0,0.7266,237.0
1753531859199,12:10:59.199,BAND/USDT:USDT,0.7256,162.0,0.7255,268.0,0.7265,234.0,0.7266,237.0
1753531860028,12:11:00.028,BAND/USDT:USDT,0.7256,162.0,0.7255,268.0,0.7265,70.0,0.7266,237.0
1753531860525,12:11:00.525,BAND/USDT:USDT,0.7256,162.0,0.7255,268.0,0.7265,234.0,0.7266,237.0
1753531860602,12:11:00.602,BAND/USDT:USDT,0.7256,162.0,0.7255,268.0,0.7264,164.0,0.7265,234.0
1753531860743,12:11:00.743,BAND/USDT:USDT,0.7256,162.0,0.7255,268.0,0.7265,234.0,0.7266,237.0
1753531861667,12:11:01.667,BAND/USDT:USDT,0.7256,162.0,0.7255,268.0,0.7265,70.0,0.7266,237.0
1753531862001,12:11:02.001,BAND/USDT:USDT,0.7257,164.0,0.7256,4296.0,0.7266,237.0,0.7271,163.0
1753531862105,12:11:02.105,BAND/USDT:USDT,0.7257,164.0,0.7256,4296.0,0.7266,237.0,0.7271,163.0
1753531862223,12:11:02.223,BAND/USDT:USDT,0.7257,164.0,0.7256,4296.0,0.7266,71.0,0.7271,163.0
1753531862283,12:11:02.283,BAND/USDT:USDT,0.7257,164.0,0.7256,4296.0,0.7266,71.0,0.7271,163.0
1753531862395,12:11:02.395,BAND/USDT:USDT,0.7257,164.0,0.7256,4296.0,0.7266,71.0,0.7271,163.0
1753531862559,12:11:02.559,BAND/USDT:USDT,0.7257,164.0,0.7256,4296.0,0.7266,235.0,0.7271,163.0
1753531863893,12:11:03.893,BAND/USDT:USDT,0.7257,164.0,0.7256,4296.0,0.7266,235.0,0.7271,163.0
1753531864536,12:11:04.536,BAND/USDT:USDT,0.7257,164.0,0.7256,4296.0,0.7266,71.0,0.7271,163.0
1753531864813,12:11:04.813,BAND/USDT:USDT,0.7257,164.0,0.7256,4296.0,0.7266,71.0,0.7271,163.0
1753531864876,12:11:04.876,BAND/USDT:USDT,0.7257,164.0,0.7256,4296.0,0.7266,236.0,0.7271,163.0
1753531866637,12:11:06.637,BAND/USDT:USDT,0.7259,165.0,0.7258,269.0,0.7266,71.0,0.7271,163.0
1753531866664,12:11:06.664,BAND/USDT:USDT,0.7259,165.0,0.7258,269.0,0.7266,71.0,0.7271,163.0
1753531866790,12:11:06.790,BAND/USDT:USDT,0.7259,165.0,0.7258,269.0,0.7266,71.0,0.7271,163.0
1753531866993,12:11:06.993,BAND/USDT:USDT,0.7259,165.0,0.7258,269.0,0.7266,71.0,0.7271,163.0
1753531867437,12:11:07.437,BAND/USDT:USDT,0.7259,165.0,0.7258,269.0,0.7266,71.0,0.7271,163.0
1753531867623,12:11:07.623,BAND/USDT:USDT,0.7259,165.0,0.7258,269.0,0.7266,71.0,0.7271,163.0
1753531867789,12:11:07.789,BAND/USDT:USDT,0.7259,165.0,0.7258,269.0,0.7266,71.0,0.7271,163.0
1753531868228,12:11:08.228,BAND/USDT:USDT,0.7259,165.0,0.7258,269.0,0.7266,71.0,0.7271,163.0
1753531868353,12:11:08.353,BAND/USDT:USDT,0.7259,165.0,0.7258,269.0,0.7266,71.0,0.7271,163.0
1753531869209,12:11:09.209,BAND/USDT:USDT,0.7259,165.0,0.7258,269.0,0.7266,71.0,0.7271,163.0
1753531869536,12:11:09.536,BAND/USDT:USDT,0.7259,165.0,0.7258,269.0,0.7266,236.0,0.7271,163.0
1753531869557,12:11:09.557,BAND/USDT:USDT,0.7259,165.0,0.7258,269.0,0.7266,236.0,0.7271,163.0
1753531869756,12:11:09.756,BAND/USDT:USDT,0.7259,165.0,0.7258,269.0,0.7266,236.0,0.7271,163.0
1753531871201,12:11:11.201,BAND/USDT:USDT,0.7259,165.0,0.7258,269.0,0.7266,236.0,0.7271,163.0
1753531871427,12:11:11.427,BAND/USDT:USDT,0.7259,165.0,0.7258,269.0,0.7266,71.0,0.7271,163.0
1753531871978,12:11:11.978,BAND/USDT:USDT,0.7259,165.0,0.7258,269.0,0.7266,71.0,0.7271,163.0
1753531872642,12:11:12.642,BAND/USDT:USDT,0.7259,165.0,0.7258,269.0,0.7266,71.0,0.7271,163.0
1753531873856,12:11:13.856,BAND/USDT:USDT,0.7259,165.0,0.7258,269.0,0.7266,71.0,0.7267,118.0
1753531874004,12:11:14.004,BAND/USDT:USDT,0.7259,165.0,0.7258,269.0,0.7266,237.0,0.7267,118.0
1753531874492,12:11:14.492,BAND/USDT:USDT,0.7259,165.0,0.7258,269.0,0.7266,71.0,0.7267,118.0
1753531874587,12:11:14.587,BAND/USDT:USDT,0.7259,165.0,0.7258,269.0,0.7266,71.0,0.7267,118.0
1753531874989,12:11:14.989,BAND/USDT:USDT,0.7259,165.0,0.7258,269.0,0.7266,71.0,0.7267,118.0
1753531876248,12:11:16.248,BAND/USDT:USDT,0.7259,165.0,0.7258,269.0,0.7266,71.0,0.7267,118.0
1753531876359,12:11:16.359,BAND/USDT:USDT,0.7259,165.0,0.7258,269.0,0.7266,237.0,0.7267,118.0
1753531876528,12:11:16.528,BAND/USDT:USDT,0.7259,165.0,0.7258,269.0,0.7265,166.0,0.7266,237.0
1753531876612,12:11:16.612,BAND/USDT:USDT,0.7259,165.0,0.7258,269.0,0.7265,166.0,0.7266,237.0
1753531876735,12:11:16.735,BAND/USDT:USDT,0.7259,165.0,0.7258,269.0,0.7271,163.0,0.7272,663.0
1753531876807,12:11:16.807,BAND/USDT:USDT,0.7259,165.0,0.7258,269.0,0.7271,163.0,0.7272,663.0
1753531876929,12:11:16.929,BAND/USDT:USDT,0.7259,165.0,0.7258,269.0,0.7271,163.0,0.7272,663.0
1753531877009,12:11:17.009,BAND/USDT:USDT,0.7259,165.0,0.7258,269.0,0.7271,163.0,0.7272,663.0
1753531877175,12:11:17.175,BAND/USDT:USDT,0.7259,165.0,0.7258,269.0,0.7271,163.0,0.7272,663.0
1753531877290,12:11:17.290,BAND/USDT:USDT,0.7259,165.0,0.7258,269.0,0.7271,163.0,0.7272,663.0
1753531877342,12:11:17.342,BAND/USDT:USDT,0.7259,165.0,0.7258,269.0,0.7271,163.0,0.7272,663.0
1753531877699,12:11:17.699,BAND/USDT:USDT,0.7259,165.0,0.7258,269.0,0.7271,163.0,0.7272,663.0
1753531878683,12:11:18.683,BAND/USDT:USDT,0.7259,165.0,0.7258,269.0,0.7271,163.0,0.7272,663.0
1753531879184,12:11:19.184,BAND/USDT:USDT,0.7259,165.0,0.7258,269.0,0.7271,163.0,0.7272,663.0
1753531879513,12:11:19.513,BAND/USDT:USDT,0.7259,165.0,0.7258,269.0,0.7271,163.0,0.7272,663.0
1753531885308,12:11:25.308,BAND/USDT:USDT,0.7259,165.0,0.7258,269.0,0.7271,163.0,0.7272,663.0
1753531886957,12:11:26.957,BAND/USDT:USDT,0.7259,165.0,0.7258,269.0,0.7271,163.0,0.7272,663.0
1753531888613,12:11:28.613,BAND/USDT:USDT,0.7259,165.0,0.7258,269.0,0.7271,163.0,0.7272,663.0
1753531889534,12:11:29.534,BAND/USDT:USDT,0.7259,165.0,0.7258,269.0,0.7271,163.0,0.7272,663.0
1753531891511,12:11:31.511,BAND/USDT:USDT,0.7259,165.0,0.7258,269.0,0.7271,163.0,0.7272,663.0
1753531892510,12:11:32.510,BAND/USDT:USDT,0.7259,165.0,0.7258,269.0,0.7271,163.0,0.7272,663.0
1753531893524,12:11:33.524,BAND/USDT:USDT,0.7259,165.0,0.7258,269.0,0.7271,163.0,0.7272,663.0
1753531894504,12:11:34.504,BAND/USDT:USDT,0.7259,165.0,0.7258,269.0,0.7271,163.0,0.7272,663.0
1753531895105,12:11:35.105,BAND/USDT:USDT,0.7259,165.0,0.7258,269.0,0.7271,163.0,0.7272,663.0
1753531895483,12:11:35.483,BAND/USDT:USDT,0.7259,165.0,0.7258,269.0,0.7271,163.0,0.7272,663.0
1753531895702,12:11:35.702,BAND/USDT:USDT,0.7259,165.0,0.7258,269.0,0.727,168.0,0.7271,4288.0
1753531896455,12:11:36.455,BAND/USDT:USDT,0.7259,165.0,0.7258,269.0,0.727,168.0,0.7271,4288.0
1753531896786,12:11:36.786,BAND/USDT:USDT,0.7259,165.0,0.7258,269.0,0.727,168.0,0.7271,4288.0
1753531897445,12:11:37.445,BAND/USDT:USDT,0.7259,165.0,0.7258,269.0,0.727,168.0,0.7271,4288.0
1753531897872,12:11:37.872,BAND/USDT:USDT,0.7259,165.0,0.7258,269.0,0.727,125.0,0.7271,4288.0
1753531898255,12:11:38.255,BAND/USDT:USDT,0.7259,165.0,0.7258,269.0,0.727,125.0,0.7271,4288.0
1753531898604,12:11:38.604,BAND/USDT:USDT,0.7259,165.0,0.7258,269.0,0.727,125.0,0.7271,4288.0
1753531899574,12:11:39.574,BAND/USDT:USDT,0.7259,165.0,0.7258,269.0,0.727,125.0,0.7271,4288.0
1753531900411,12:11:40.411,BAND/USDT:USDT,0.7259,165.0,0.7258,269.0,0.727,125.0,0.7271,4288.0
1753531902431,12:11:42.431,BAND/USDT:USDT,0.7259,165.0,0.7258,269.0,0.727,125.0,0.7271,4288.0
1753531902473,12:11:42.473,BAND/USDT:USDT,0.7259,165.0,0.7258,269.0,0.727,125.0,0.7271,4288.0
1753531905205,12:11:45.205,BAND/USDT:USDT,0.7259,165.0,0.7258,269.0,0.727,125.0,0.7271,4288.0
1753531905335,12:11:45.335,BAND/USDT:USDT,0.7259,165.0,0.7258,269.0,0.727,125.0,0.7271,4288.0
1753531905612,12:11:45.612,BAND/USDT:USDT,0.7259,165.0,0.7258,269.0,0.727,125.0,0.7271,4288.0
1753531905651,12:11:45.651,BAND/USDT:USDT,0.7259,165.0,0.7258,269.0,0.727,125.0,0.7271,4288.0
1753531905982,12:11:45.982,BAND/USDT:USDT,0.7259,165.0,0.7258,269.0,0.727,125.0,0.7271,4288.0
1753531906335,12:11:46.335,BAND/USDT:USDT,0.7259,165.0,0.7258,269.0,0.7271,163.0,0.7272,663.0
1753531906426,12:11:46.426,BAND/USDT:USDT,0.7259,165.0,0.7258,269.0,0.7271,163.0,0.7272,663.0
1753531906465,12:11:46.465,BAND/USDT:USDT,0.7259,165.0,0.7258,269.0,0.7271,163.0,0.7272,663.0
1753531906587,12:11:46.587,BAND/USDT:USDT,0.7259,165.0,0.7258,269.0,0.7271,163.0,0.7272,663.0
1753531906910,12:11:46.910,BAND/USDT:USDT,0.7259,165.0,0.7258,269.0,0.7271,163.0,0.7272,663.0
1753531906967,12:11:46.967,BAND/USDT:USDT,0.7259,165.0,0.7258,269.0,0.7271,163.0,0.7272,663.0
1753531907438,12:11:47.438,BAND/USDT:USDT,0.7259,165.0,0.7258,269.0,0.7271,163.0,0.7272,663.0
1753531907468,12:11:47.468,BAND/USDT:USDT,0.7259,165.0,0.7258,269.0,0.7271,163.0,0.7272,663.0
1753531907735,12:11:47.735,BAND/USDT:USDT,0.7259,165.0,0.7258,269.0,0.7271,163.0,0.7272,663.0
1753531907810,12:11:47.810,BAND/USDT:USDT,0.7259,165.0,0.7258,269.0,0.7271,163.0,0.7272,663.0
1753531908036,12:11:48.036,BAND/USDT:USDT,0.7259,165.0,0.7258,269.0,0.7271,163.0,0.7272,663.0
1753531908046,12:11:48.046,BAND/USDT:USDT,0.7259,165.0,0.7258,269.0,0.7271,163.0,0.7272,663.0
1753531908222,12:11:48.222,BAND/USDT:USDT,0.7259,165.0,0.7258,269.0,0.7271,163.0,0.7272,663.0
1753531910127,12:11:50.127,BAND/USDT:USDT,0.726,162.0,0.7259,4297.0,0.7271,163.0,0.7272,663.0
1753531910183,12:11:50.183,BAND/USDT:USDT,0.7261,162.0,0.726,4294.0,0.7271,163.0,0.7272,663.0
1753531910725,12:11:50.725,BAND/USDT:USDT,0.7261,162.0,0.726,4294.0,0.7271,163.0,0.7272,663.0
1753531910748,12:11:50.748,BAND/USDT:USDT,0.7261,162.0,0.726,4294.0,0.7271,163.0,0.7272,663.0
1753531910932,12:11:50.932,BAND/USDT:USDT,0.7261,162.0,0.726,4294.0,0.7271,163.0,0.7272,663.0
1753531913534,12:11:53.534,BAND/USDT:USDT,0.7261,162.0,0.726,4294.0,0.7271,163.0,0.7272,663.0
1753531913814,12:11:53.814,BAND/USDT:USDT,0.7261,162.0,0.726,4294.0,0.7271,163.0,0.7272,663.0
1753531913912,12:11:53.912,BAND/USDT:USDT,0.7261,162.0,0.726,4294.0,0.7271,163.0,0.7272,663.0
1753531915933,12:11:55.933,BAND/USDT:USDT,0.7261,162.0,0.726,4294.0,0.7271,163.0,0.7272,663.0
1753531915995,12:11:55.995,BAND/USDT:USDT,0.7261,162.0,0.726,4294.0,0.7271,163.0,0.7272,663.0
1753531916125,12:11:56.125,BAND/USDT:USDT,0.7261,162.0,0.726,4294.0,0.7271,163.0,0.7272,663.0
1753531916233,12:11:56.233,BAND/USDT:USDT,0.7261,162.0,0.726,4294.0,0.7271,163.0,0.7272,663.0
1753531916321,12:11:56.321,BAND/USDT:USDT,0.7261,162.0,0.726,4294.0,0.7271,163.0,0.7272,663.0
1753531917235,12:11:57.235,BAND/USDT:USDT,0.7261,162.0,0.726,4294.0,0.7271,163.0,0.7272,163.0
1753531917332,12:11:57.332,BAND/USDT:USDT,0.7261,162.0,0.726,4294.0,0.7277,164.0,0.7278,664.0
1753531917370,12:11:57.370,BAND/USDT:USDT,0.7261,162.0,0.726,4294.0,0.7277,164.0,0.7278,664.0
1753531917477,12:11:57.477,BAND/USDT:USDT,0.7261,162.0,0.726,4294.0,0.7277,164.0,0.7278,664.0
1753531917599,12:11:57.599,BAND/USDT:USDT,0.7261,162.0,0.726,4294.0,0.7277,164.0,0.7278,664.0
1753531917779,12:11:57.779,BAND/USDT:USDT,0.7261,162.0,0.726,4294.0,0.7277,164.0,0.7278,664.0
1753531918116,12:11:58.116,BAND/USDT:USDT,0.7261,162.0,0.726,4294.0,0.7277,164.0,0.7278,664.0
1753531918221,12:11:58.221,BAND/USDT:USDT,0.7261,162.0,0.726,4294.0,0.7277,164.0,0.7278,664.0
1753531918297,12:11:58.297,BAND/USDT:USDT,0.7261,162.0,0.726,4294.0,0.7277,164.0,0.7278,664.0
1753531918378,12:11:58.378,BAND/USDT:USDT,0.7261,162.0,0.726,4294.0,0.7277,164.0,0.7278,664.0
1753531918525,12:11:58.525,BAND/USDT:USDT,0.7261,162.0,0.726,4294.0,0.7277,164.0,0.7278,664.0
1753531918561,12:11:58.561,BAND/USDT:USDT,0.7261,162.0,0.726,4294.0,0.7277,164.0,0.7278,664.0
1753531918733,12:11:58.733,BAND/USDT:USDT,0.7261,162.0,0.726,4294.0,0.7277,164.0,0.7278,664.0
1753531919096,12:11:59.096,BAND/USDT:USDT,0.7261,162.0,0.726,4294.0,0.7277,164.0,0.7278,664.0
1753531919159,12:11:59.159,BAND/USDT:USDT,0.7261,162.0,0.726,4294.0,0.7277,164.0,0.7278,664.0
1753531919313,12:11:59.313,BAND/USDT:USDT,0.7261,162.0,0.726,4294.0,0.7277,164.0,0.7278,664.0
1753531919473,12:11:59.473,BAND/USDT:USDT,0.7261,162.0,0.726,4294.0,0.7277,164.0,0.7278,664.0
1753531919601,12:11:59.601,BAND/USDT:USDT,0.7261,162.0,0.726,4294.0,0.7277,164.0,0.7278,664.0
1753531919647,12:11:59.647,BAND/USDT:USDT,0.7261,162.0,0.726,4294.0,0.7277,164.0,0.7278,664.0
1753531919824,12:11:59.824,BAND/USDT:USDT,0.7261,162.0,0.726,4294.0,0.7277,164.0,0.7278,664.0
1753531920029,12:12:00.029,BAND/USDT:USDT,0.7261,162.0,0.726,4294.0,0.7277,164.0,0.7278,664.0
1753531920131,12:12:00.131,BAND/USDT:USDT,0.7261,162.0,0.726,4294.0,0.7277,164.0,0.7278,664.0
1753531921877,12:12:01.877,BAND/USDT:USDT,0.7261,162.0,0.726,4294.0,0.7277,164.0,0.7278,664.0
1753531921952,12:12:01.952,BAND/USDT:USDT,0.7261,162.0,0.726,4294.0,0.7277,164.0,0.7278,664.0
1753531922098,12:12:02.098,BAND/USDT:USDT,0.7261,162.0,0.726,4294.0,0.7277,164.0,0.7278,664.0
1753531923120,12:12:03.120,BAND/USDT:USDT,0.7261,162.0,0.726,4294.0,0.7277,164.0,0.7278,664.0
1753531923333,12:12:03.333,BAND/USDT:USDT,0.7261,162.0,0.726,4294.0,0.7277,164.0,0.7278,664.0
1753531923388,12:12:03.388,BAND/USDT:USDT,0.7261,162.0,0.726,4294.0,0.7277,164.0,0.7278,664.0
1753531923441,12:12:03.441,BAND/USDT:USDT,0.7261,162.0,0.726,4294.0,0.7277,164.0,0.7278,664.0
1753531923738,12:12:03.738,BAND/USDT:USDT,0.7261,162.0,0.726,4294.0,0.7277,164.0,0.7278,664.0
1753531923784,12:12:03.784,BAND/USDT:USDT,0.7261,162.0,0.726,4294.0,0.7277,164.0,0.7278,664.0
1753531924075,12:12:04.075,BAND/USDT:USDT,0.7261,162.0,0.726,4294.0,0.7277,164.0,0.7278,664.0
1753531924173,12:12:04.173,BAND/USDT:USDT,0.7261,162.0,0.726,4294.0,0.7277,164.0,0.7278,664.0
1753531924336,12:12:04.336,BAND/USDT:USDT,0.7261,162.0,0.726,4294.0,0.7277,164.0,0.7278,664.0
1753531924627,12:12:04.627,BAND/USDT:USDT,0.7261,162.0,0.726,4294.0,0.7277,164.0,0.7278,664.0
1753531925119,12:12:05.119,BAND/USDT:USDT,0.7261,162.0,0.726,4294.0,0.7277,164.0,0.7278,664.0
1753531925208,12:12:05.208,BAND/USDT:USDT,0.7261,162.0,0.726,4294.0,0.7277,164.0,0.7278,664.0
1753531925240,12:12:05.240,BAND/USDT:USDT,0.7261,162.0,0.726,4294.0,0.7277,164.0,0.7278,664.0
1753531925552,12:12:05.552,BAND/USDT:USDT,0.7261,162.0,0.726,4294.0,0.7277,164.0,0.7278,664.0
1753531925985,12:12:05.985,BAND/USDT:USDT,0.7261,162.0,0.726,4294.0,0.7277,164.0,0.7278,664.0
1753531926065,12:12:06.065,BAND/USDT:USDT,0.7261,162.0,0.726,4294.0,0.7277,164.0,0.7278,664.0
1753531926176,12:12:06.176,BAND/USDT:USDT,0.7261,162.0,0.726,4294.0,0.7277,164.0,0.7278,664.0
1753531926419,12:12:06.419,BAND/USDT:USDT,0.7261,162.0,0.726,4294.0,0.7277,164.0,0.7278,664.0
1753531926488,12:12:06.488,BAND/USDT:USDT,0.7261,162.0,0.726,4294.0,0.7277,164.0,0.7278,664.0
1753531926715,12:12:06.715,BAND/USDT:USDT,0.7262,162.0,0.7261,4293.0,0.7277,164.0,0.7278,664.0
1753531926829,12:12:06.829,BAND/USDT:USDT,0.7262,162.0,0.7261,4293.0,0.7277,963.0,0.7278,664.0
1753531926895,12:12:06.895,BAND/USDT:USDT,0.7262,162.0,0.7261,4293.0,0.7277,963.0,0.7278,664.0
1753531927394,12:12:07.394,BAND/USDT:USDT,0.7262,162.0,0.7261,4293.0,0.7277,963.0,0.7278,664.0
1753531927632,12:12:07.632,BAND/USDT:USDT,0.7262,162.0,0.7261,4293.0,0.7277,963.0,0.7278,664.0
1753531927832,12:12:07.832,BAND/USDT:USDT,0.7262,162.0,0.7261,4293.0,0.7277,963.0,0.7278,664.0
1753531927859,12:12:07.859,BAND/USDT:USDT,0.7262,162.0,0.7261,4293.0,0.7277,963.0,0.7278,664.0
1753531928236,12:12:08.236,BAND/USDT:USDT,0.7262,162.0,0.7261,4293.0,0.7277,963.0,0.7278,664.0
1753531928330,12:12:08.330,BAND/USDT:USDT,0.7262,162.0,0.7261,4293.0,0.7277,963.0,0.7278,664.0
1753531928360,12:12:08.360,BAND/USDT:USDT,0.7262,162.0,0.7261,4293.0,0.7277,963.0,0.7278,664.0
1753531928692,12:12:08.692,BAND/USDT:USDT,0.7262,162.0,0.7261,4293.0,0.7277,963.0,0.7278,664.0
1753531928831,12:12:08.831,BAND/USDT:USDT,0.7262,162.0,0.7261,4293.0,0.7277,963.0,0.7278,664.0
1753531929124,12:12:09.124,BAND/USDT:USDT,0.7262,162.0,0.7261,4293.0,0.7277,963.0,0.7278,664.0
1753531929559,12:12:09.559,BAND/USDT:USDT,0.7262,162.0,0.7261,4293.0,0.7277,963.0,0.7278,664.0
1753531929698,12:12:09.698,BAND/USDT:USDT,0.7262,162.0,0.7261,4293.0,0.7277,963.0,0.7278,664.0
1753531930036,12:12:10.036,BAND/USDT:USDT,0.7262,162.0,0.7261,4293.0,0.7277,963.0,0.7278,664.0
1753531930286,12:12:10.286,BAND/USDT:USDT,0.7262,162.0,0.7261,4293.0,0.7277,963.0,0.7278,664.0
1753531930420,12:12:10.420,BAND/USDT:USDT,0.7262,162.0,0.7261,4293.0,0.7276,4123.0,0.7277,164.0
1753531930600,12:12:10.600,BAND/USDT:USDT,0.7262,162.0,0.7261,4293.0,0.7276,4123.0,0.7277,164.0
1753531931100,12:12:11.100,BAND/USDT:USDT,0.7262,162.0,0.7261,4293.0,0.7276,4123.0,0.7277,164.0
1753531931231,12:12:11.231,BAND/USDT:USDT,0.7262,162.0,0.7261,4293.0,0.7276,4123.0,0.7277,164.0
1753531931338,12:12:11.338,BAND/USDT:USDT,0.7262,162.0,0.7261,4293.0,0.7276,4123.0,0.7277,164.0
1753531931354,12:12:11.354,BAND/USDT:USDT,0.7262,162.0,0.7261,4293.0,0.7276,4123.0,0.7277,164.0
1753531931793,12:12:11.793,BAND/USDT:USDT,0.7262,162.0,0.7261,4293.0,0.7276,4123.0,0.7277,164.0
1753531931861,12:12:11.861,BAND/USDT:USDT,0.7262,162.0,0.7261,4293.0,0.7276,4123.0,0.7277,164.0
1753531932117,12:12:12.117,BAND/USDT:USDT,0.7262,162.0,0.7261,4293.0,0.7276,4123.0,0.7277,164.0
1753531932227,12:12:12.227,BAND/USDT:USDT,0.7262,162.0,0.7261,4293.0,0.7276,4904.0,0.7277,164.0
1753531932257,12:12:12.257,BAND/USDT:USDT,0.7262,162.0,0.7261,4293.0,0.7276,4904.0,0.7277,164.0
1753531932339,12:12:12.339,BAND/USDT:USDT,0.7262,162.0,0.7261,4293.0,0.7276,4904.0,0.7277,164.0
1753531932947,12:12:12.947,BAND/USDT:USDT,0.7262,162.0,0.7261,4293.0,0.7276,4904.0,0.7277,164.0
1753531933082,12:12:13.082,BAND/USDT:USDT,0.7262,162.0,0.7261,4293.0,0.7276,4904.0,0.7277,164.0
1753531933213,12:12:13.213,BAND/USDT:USDT,0.7262,162.0,0.7261,4293.0,0.7276,4904.0,0.7277,164.0
1753531933418,12:12:13.418,BAND/USDT:USDT,0.7262,162.0,0.7261,4293.0,0.7276,4904.0,0.7277,164.0
1753531933480,12:12:13.480,BAND/USDT:USDT,0.7262,162.0,0.7261,4293.0,0.7276,4904.0,0.7277,164.0
1753531934032,12:12:14.032,BAND/USDT:USDT,0.7262,162.0,0.7261,4293.0,0.7276,4904.0,0.7277,164.0
1753531934073,12:12:14.073,BAND/USDT:USDT,0.7262,162.0,0.7261,4293.0,0.7276,4904.0,0.7277,164.0
1753531934831,12:12:14.831,BAND/USDT:USDT,0.7262,162.0,0.7261,4293.0,0.7276,4904.0,0.7277,164.0
1753531934865,12:12:14.865,BAND/USDT:USDT,0.7262,162.0,0.7261,4293.0,0.7276,4904.0,0.7277,164.0
1753531935032,12:12:15.032,BAND/USDT:USDT,0.7262,162.0,0.7261,4293.0,0.7276,4904.0,0.7277,164.0
1753531935058,12:12:15.058,BAND/USDT:USDT,0.7262,162.0,0.7261,4293.0,0.7276,4904.0,0.7277,164.0
1753531935164,12:12:15.164,BAND/USDT:USDT,0.7262,162.0,0.7261,4293.0,0.7276,4904.0,0.7277,164.0
1753531935533,12:12:15.533,BAND/USDT:USDT,0.7262,162.0,0.7261,4293.0,0.7276,4904.0,0.7277,164.0
1753531935634,12:12:15.634,BAND/USDT:USDT,0.7262,162.0,0.7261,4293.0,0.7276,4904.0,0.7277,164.0
1753531935796,12:12:15.796,BAND/USDT:USDT,0.7262,162.0,0.7261,4293.0,0.7276,4904.0,0.7277,164.0
1753531935840,12:12:15.840,BAND/USDT:USDT,0.7262,162.0,0.7261,4293.0,0.7276,4904.0,0.7277,164.0
1753531936020,12:12:16.020,BAND/USDT:USDT,0.7262,162.0,0.7261,4293.0,0.7276,4904.0,0.7277,164.0
1753531936131,12:12:16.131,BAND/USDT:USDT,0.7262,162.0,0.7261,4293.0,0.7276,4904.0,0.7277,164.0
1753531936832,12:12:16.832,BAND/USDT:USDT,0.7262,162.0,0.7261,4293.0,0.7276,4904.0,0.7277,164.0
1753531936911,12:12:16.911,BAND/USDT:USDT,0.7262,162.0,0.7261,4293.0,0.7276,4904.0,0.7277,164.0
1753531937007,12:12:17.007,BAND/USDT:USDT,0.7262,162.0,0.7261,4293.0,0.7276,4904.0,0.7277,164.0
1753531937224,12:12:17.224,BAND/USDT:USDT,0.7262,162.0,0.7261,4293.0,0.7276,4904.0,0.7277,164.0
1753531937291,12:12:17.291,BAND/USDT:USDT,0.7262,162.0,0.7261,4293.0,0.7276,4904.0,0.7277,164.0
1753531937438,12:12:17.438,BAND/USDT:USDT,0.7262,162.0,0.7261,4293.0,0.7276,4123.0,0.7277,164.0
1753531937439,12:12:17.439,BAND/USDT:USDT,0.7262,162.0,0.7261,4293.0,0.7276,4123.0,0.7277,164.0
1753531937592,12:12:17.592,BAND/USDT:USDT,0.7262,162.0,0.7261,4293.0,0.7277,164.0,0.7278,664.0
1753531937684,12:12:17.684,BAND/USDT:USDT,0.7262,162.0,0.7261,4293.0,0.7277,164.0,0.7278,664.0
1753531937773,12:12:17.773,BAND/USDT:USDT,0.7262,162.0,0.7261,4293.0,0.7277,164.0,0.7278,664.0
1753531938026,12:12:18.026,BAND/USDT:USDT,0.7262,162.0,0.7261,4293.0,0.7277,164.0,0.7278,664.0
1753531938133,12:12:18.133,BAND/USDT:USDT,0.7262,162.0,0.7261,4293.0,0.7277,164.0,0.7278,664.0
1753531938190,12:12:18.190,BAND/USDT:USDT,0.7262,162.0,0.7261,4293.0,0.7277,851.0,0.7278,664.0
1753531938265,12:12:18.265,BAND/USDT:USDT,0.7262,162.0,0.7261,4293.0,0.7277,851.0,0.7278,664.0
1753531938577,12:12:18.577,BAND/USDT:USDT,0.7262,162.0,0.7261,4293.0,0.7277,851.0,0.7278,664.0
1753531938705,12:12:18.705,BAND/USDT:USDT,0.7262,162.0,0.7261,4293.0,0.7277,851.0,0.7278,664.0
1753531938760,12:12:18.760,BAND/USDT:USDT,0.7262,162.0,0.7261,4293.0,0.7277,851.0,0.7278,664.0
1753531939029,12:12:19.029,BAND/USDT:USDT,0.7262,162.0,0.7261,4293.0,0.7277,851.0,0.7278,664.0
1753531939429,12:12:19.429,BAND/USDT:USDT,0.7262,162.0,0.7261,4293.0,0.7277,851.0,0.7278,664.0
1753531939503,12:12:19.503,BAND/USDT:USDT,0.7262,162.0,0.7261,4293.0,0.7277,851.0,0.7278,664.0
1753531940932,12:12:20.932,BAND/USDT:USDT,0.7263,165.0,0.7262,4293.0,0.7277,851.0,0.7278,664.0
1753531941014,12:12:21.014,BAND/USDT:USDT,0.7263,165.0,0.7262,4293.0,0.7277,851.0,0.7278,664.0
1753531941081,12:12:21.081,BAND/USDT:USDT,0.7263,165.0,0.7262,4293.0,0.7277,851.0,0.7278,664.0
1753531941205,12:12:21.205,BAND/USDT:USDT,0.7263,165.0,0.7262,4293.0,0.7277,851.0,0.7278,664.0
1753531941415,12:12:21.415,BAND/USDT:USDT,0.7263,165.0,0.7262,4293.0,0.7277,851.0,0.7278,664.0
1753531941528,12:12:21.528,BAND/USDT:USDT,0.7263,165.0,0.7262,4293.0,0.7277,851.0,0.7278,664.0
1753531941578,12:12:21.578,BAND/USDT:USDT,0.7263,165.0,0.7262,4293.0,0.7277,851.0,0.7278,664.0
1753531941922,12:12:21.922,BAND/USDT:USDT,0.7263,165.0,0.7262,4293.0,0.7277,851.0,0.7278,664.0
1753531941995,12:12:21.995,BAND/USDT:USDT,0.7263,165.0,0.7262,4293.0,0.7277,851.0,0.7278,664.0
1753531942226,12:12:22.226,BAND/USDT:USDT,0.7263,165.0,0.7262,4293.0,0.7277,851.0,0.7278,664.0
1753531942324,12:12:22.324,BAND/USDT:USDT,0.7263,165.0,0.7262,4293.0,0.7277,164.0,0.7278,664.0
1753531942435,12:12:22.435,BAND/USDT:USDT,0.7263,165.0,0.7262,4293.0,0.7277,164.0,0.7278,664.0
1753531942472,12:12:22.472,BAND/USDT:USDT,0.7263,165.0,0.7262,4293.0,0.7277,164.0,0.7278,664.0
1753531942732,12:12:22.732,BAND/USDT:USDT,0.7264,165.0,0.7263,4295.0,0.7277,164.0,0.7278,664.0
1753531943017,12:12:23.017,BAND/USDT:USDT,0.7264,165.0,0.7263,4295.0,0.7277,164.0,0.7278,664.0
1753531943089,12:12:23.089,BAND/USDT:USDT,0.7264,165.0,0.7263,4295.0,0.7277,164.0,0.7278,664.0
1753531943184,12:12:23.184,BAND/USDT:USDT,0.7264,165.0,0.7263,4295.0,0.7277,164.0,0.7278,664.0
1753531943414,12:12:23.414,BAND/USDT:USDT,0.7264,165.0,0.7263,4295.0,0.7277,164.0,0.7278,664.0
1753531943636,12:12:23.636,BAND/USDT:USDT,0.7264,165.0,0.7263,4295.0,0.7277,164.0,0.7278,664.0
1753531944370,12:12:24.370,BAND/USDT:USDT,0.7264,165.0,0.7263,4295.0,0.7277,164.0,0.7278,664.0
1753531944665,12:12:24.665,BAND/USDT:USDT,0.7264,165.0,0.7263,4295.0,0.7277,164.0,0.7278,664.0
1753531944825,12:12:24.825,BAND/USDT:USDT,0.7264,165.0,0.7263,4295.0,0.7277,164.0,0.7278,664.0
1753531944942,12:12:24.942,BAND/USDT:USDT,0.7265,168.0,0.7264,4294.0,0.7277,164.0,0.7278,664.0
1753531945281,12:12:25.281,BAND/USDT:USDT,0.7266,168.0,0.7265,4297.0,0.7277,164.0,0.7278,664.0
1753531945733,12:12:25.733,BAND/USDT:USDT,0.7266,168.0,0.7265,4297.0,0.7277,164.0,0.7278,664.0
1753531945804,12:12:25.804,BAND/USDT:USDT,0.7266,168.0,0.7265,4297.0,0.7277,164.0,0.7278,664.0
1753531945919,12:12:25.919,BAND/USDT:USDT,0.7268,168.0,0.7267,270.0,0.7277,226.0,0.7278,664.0
1753531946033,12:12:26.033,BAND/USDT:USDT,0.7268,168.0,0.7267,270.0,0.7277,292.0,0.7278,664.0
1753531946135,12:12:26.135,BAND/USDT:USDT,0.7268,168.0,0.7267,270.0,0.7277,292.0,0.7278,664.0
1753531946227,12:12:26.227,BAND/USDT:USDT,0.7268,168.0,0.7267,270.0,0.7277,292.0,0.7278,664.0
1753531946242,12:12:26.242,BAND/USDT:USDT,0.7268,168.0,0.7267,270.0,0.7277,292.0,0.7278,664.0
1753531946504,12:12:26.504,BAND/USDT:USDT,0.7268,168.0,0.7267,270.0,0.7277,292.0,0.7278,664.0
1753531946668,12:12:26.668,BAND/USDT:USDT,0.7268,168.0,0.7267,270.0,0.7277,292.0,0.7278,664.0
1753531946741,12:12:26.741,BAND/USDT:USDT,0.7268,168.0,0.7267,270.0,0.7277,292.0,0.7278,664.0
1753531947062,12:12:27.062,BAND/USDT:USDT,0.7268,168.0,0.7267,270.0,0.7277,292.0,0.7278,664.0
1753531947155,12:12:27.155,BAND/USDT:USDT,0.7268,168.0,0.7267,270.0,0.7277,292.0,0.7278,664.0
1753531947412,12:12:27.412,BAND/USDT:USDT,0.7268,168.0,0.7267,270.0,0.7277,292.0,0.7278,664.0
1753531948350,12:12:28.350,BAND/USDT:USDT,0.7268,168.0,0.7267,270.0,0.7277,292.0,0.7278,664.0
1753531948718,12:12:28.718,BAND/USDT:USDT,0.7268,168.0,0.7267,270.0,0.7277,292.0,0.7278,664.0
1753531951395,12:12:31.395,BAND/USDT:USDT,0.7268,168.0,0.7267,270.0,0.7277,292.0,0.7278,664.0
1753531951574,12:12:31.574,BAND/USDT:USDT,0.7268,168.0,0.7267,270.0,0.7277,292.0,0.7278,664.0
1753531951842,12:12:31.842,BAND/USDT:USDT,0.7268,168.0,0.7267,270.0,0.7277,292.0,0.7278,664.0
1753531952834,12:12:32.834,BAND/USDT:USDT,0.7268,168.0,0.7267,270.0,0.7277,292.0,0.7278,664.0
1753531953823,12:12:33.823,BAND/USDT:USDT,0.7268,168.0,0.7267,270.0,0.7277,292.0,0.7278,664.0
1753531953844,12:12:33.844,BAND/USDT:USDT,0.7268,168.0,0.7267,270.0,0.7277,292.0,0.7278,664.0
1753531954309,12:12:34.309,BAND/USDT:USDT,0.7268,168.0,0.7267,270.0,0.7277,292.0,0.7278,664.0
1753531955153,12:12:35.153,BAND/USDT:USDT,0.7268,168.0,0.7267,270.0,0.7277,292.0,0.7278,664.0
1753531955706,12:12:35.706,BAND/USDT:USDT,0.7268,168.0,0.7267,270.0,0.7277,128.0,0.7278,164.0
1753531955825,12:12:35.825,BAND/USDT:USDT,0.7268,168.0,0.7267,270.0,0.7277,128.0,0.7278,164.0
1753531956245,12:12:36.245,BAND/USDT:USDT,0.7268,168.0,0.7267,270.0,0.7277,128.0,0.7278,164.0
1753531956400,12:12:36.400,BAND/USDT:USDT,0.7268,168.0,0.7267,270.0,0.7277,128.0,0.7278,164.0
1753531956503,12:12:36.503,BAND/USDT:USDT,0.7268,168.0,0.7267,270.0,0.7277,128.0,0.7278,164.0
1753531956699,12:12:36.699,BAND/USDT:USDT,0.7268,168.0,0.7267,270.0,0.7277,128.0,0.7278,164.0
1753531956851,12:12:36.851,BAND/USDT:USDT,0.7268,168.0,0.7267,270.0,0.7277,292.0,0.7278,164.0
1753531956977,12:12:36.977,BAND/USDT:USDT,0.7268,168.0,0.7267,270.0,0.7277,292.0,0.7278,164.0
1753531957249,12:12:37.249,BAND/USDT:USDT,0.7268,168.0,0.7267,270.0,0.7277,292.0,0.7278,164.0
1753531957932,12:12:37.932,BAND/USDT:USDT,0.7268,168.0,0.7267,270.0,0.7276,164.0,0.7277,292.0
1753531958110,12:12:38.110,BAND/USDT:USDT,0.7268,168.0,0.7267,270.0,0.7276,164.0,0.7277,292.0
1753531958522,12:12:38.522,BAND/USDT:USDT,0.7268,168.0,0.7267,270.0,0.7276,164.0,0.7277,292.0
1753531958556,12:12:38.556,BAND/USDT:USDT,0.7268,168.0,0.7267,270.0,0.7276,164.0,0.7277,292.0
1753531958783,12:12:38.783,BAND/USDT:USDT,0.7268,168.0,0.7267,270.0,0.7276,164.0,0.7277,292.0
1753531959640,12:12:39.640,BAND/USDT:USDT,0.7268,168.0,0.7267,270.0,0.7276,164.0,0.7277,292.0
1753531959742,12:12:39.742,BAND/USDT:USDT,0.7268,168.0,0.7267,270.0,0.7276,164.0,0.7277,292.0
1753531962507,12:12:42.507,BAND/USDT:USDT,0.7268,168.0,0.7267,270.0,0.7276,164.0,0.7277,292.0
1753531962592,12:12:42.592,BAND/USDT:USDT,0.7268,168.0,0.7267,270.0,0.7276,164.0,0.7277,292.0
1753531964352,12:12:44.352,BAND/USDT:USDT,0.7268,168.0,0.7267,270.0,0.7276,164.0,0.7277,292.0
1753531965299,12:12:45.299,BAND/USDT:USDT,0.7268,168.0,0.7267,270.0,0.7277,292.0,0.7278,164.0
1753531965415,12:12:45.415,BAND/USDT:USDT,0.7268,168.0,0.7267,270.0,0.7277,292.0,0.7278,164.0
1753531965828,12:12:45.828,BAND/USDT:USDT,0.7268,168.0,0.7267,270.0,0.7277,292.0,0.7278,164.0
1753531965874,12:12:45.874,BAND/USDT:USDT,0.7268,168.0,0.7267,270.0,0.7276,162.0,0.7277,292.0
1753531966245,12:12:46.245,BAND/USDT:USDT,0.7268,168.0,0.7267,270.0,0.7276,162.0,0.7277,292.0
1753531967179,12:12:47.179,BAND/USDT:USDT,0.7268,168.0,0.7267,270.0,0.7277,292.0,0.7278,164.0
1753531967241,12:12:47.241,BAND/USDT:USDT,0.7268,168.0,0.7267,270.0,0.7277,292.0,0.7278,164.0
1753531967537,12:12:47.537,BAND/USDT:USDT,0.7268,168.0,0.7267,270.0,0.7277,292.0,0.7278,164.0
1753531967665,12:12:47.665,BAND/USDT:USDT,0.7268,168.0,0.7267,270.0,0.7276,162.0,0.7277,292.0
1753531967982,12:12:47.982,BAND/USDT:USDT,0.7268,168.0,0.7267,270.0,0.7276,162.0,0.7277,292.0
1753531968338,12:12:48.338,BAND/USDT:USDT,0.7268,168.0,0.7267,270.0,0.7276,162.0,0.7277,292.0
1753531968801,12:12:48.801,BAND/USDT:USDT,0.7268,168.0,0.7267,270.0,0.7276,162.0,0.7277,292.0
1753531968886,12:12:48.886,BAND/USDT:USDT,0.7268,168.0,0.7267,270.0,0.7276,162.0,0.7277,292.0
1753531969198,12:12:49.198,BAND/USDT:USDT,0.7268,168.0,0.7267,270.0,0.7276,162.0,0.7277,292.0
1753531970259,12:12:50.259,BAND/USDT:USDT,0.7268,168.0,0.7267,270.0,0.7276,162.0,0.7277,292.0
1753531981507,12:13:01.507,BAND/USDT:USDT,0.7268,168.0,0.7267,270.0,0.7276,162.0,0.7277,292.0
1753531985457,12:13:05.457,BAND/USDT:USDT,0.7268,168.0,0.7267,270.0,0.7276,162.0,0.7277,292.0
1753531991325,12:13:11.325,BAND/USDT:USDT,0.7268,168.0,0.7267,270.0,0.7276,162.0,0.7277,292.0
1753531991690,12:13:11.690,BAND/USDT:USDT,0.7268,168.0,0.7267,270.0,0.7276,162.0,0.7277,292.0
1753531997329,12:13:17.329,BAND/USDT:USDT,0.7268,168.0,0.7267,270.0,0.7276,162.0,0.7277,292.0
1753531997355,12:13:17.355,BAND/USDT:USDT,0.7268,168.0,0.7267,270.0,0.7276,162.0,0.7277,292.0
1753531998307,12:13:18.307,BAND/USDT:USDT,0.7268,168.0,0.7267,270.0,0.7276,162.0,0.7277,292.0
1753531999522,12:13:19.522,BAND/USDT:USDT,0.7268,168.0,0.7267,270.0,0.7276,162.0,0.7277,292.0
1753531999832,12:13:19.832,BAND/USDT:USDT,0.7268,168.0,0.7267,270.0,0.7276,162.0,0.7277,292.0
1753531999950,12:13:19.950,BAND/USDT:USDT,0.7268,168.0,0.7267,270.0,0.7276,162.0,0.7277,292.0
1753532000108,12:13:20.108,BAND/USDT:USDT,0.7268,168.0,0.7267,270.0,0.7276,162.0,0.7277,292.0
1753532000285,12:13:20.285,BAND/USDT:USDT,0.7268,168.0,0.7267,270.0,0.7276,162.0,0.7277,292.0
1753532000553,12:13:20.553,BAND/USDT:USDT,0.7268,168.0,0.7267,270.0,0.7276,162.0,0.7277,292.0
1753532001093,12:13:21.093,BAND/USDT:USDT,0.7268,168.0,0.7267,270.0,0.7276,162.0,0.7277,292.0
1753532002735,12:13:22.735,BAND/USDT:USDT,0.7268,168.0,0.7267,270.0,0.7276,162.0,0.7277,292.0
1753532003338,12:13:23.338,BAND/USDT:USDT,0.7268,168.0,0.7267,270.0,0.7276,162.0,0.7277,292.0
1753532004333,12:13:24.333,BAND/USDT:USDT,0.7267,270.0,0.7266,168.0,0.7276,162.0,0.7277,292.0
1753532004383,12:13:24.383,BAND/USDT:USDT,0.7268,162.0,0.7267,270.0,0.7276,162.0,0.7277,292.0
1753532004861,12:13:24.861,BAND/USDT:USDT,0.7268,162.0,0.7267,270.0,0.7276,162.0,0.7277,292.0
1753532005035,12:13:25.035,BAND/USDT:USDT,0.7268,162.0,0.7267,270.0,0.7276,162.0,0.7277,292.0
1753532005045,12:13:25.045,BAND/USDT:USDT,0.7268,162.0,0.7267,270.0,0.7276,162.0,0.7277,292.0
1753532005352,12:13:25.352,BAND/USDT:USDT,0.7268,162.0,0.7267,270.0,0.7276,162.0,0.7277,292.0
1753532005969,12:13:25.969,BAND/USDT:USDT,0.7268,162.0,0.7267,270.0,0.7276,162.0,0.7277,292.0
1753532006229,12:13:26.229,BAND/USDT:USDT,0.7268,162.0,0.7267,270.0,0.7276,162.0,0.7277,292.0
1753532006931,12:13:26.931,BAND/USDT:USDT,0.7268,162.0,0.7267,270.0,0.7276,162.0,0.7277,292.0
1753532007147,12:13:27.147,BAND/USDT:USDT,0.7268,162.0,0.7267,270.0,0.7276,162.0,0.7277,292.0
1753532007401,12:13:27.401,BAND/USDT:USDT,0.7268,162.0,0.7267,270.0,0.7276,162.0,0.7277,292.0
1753532008056,12:13:28.056,BAND/USDT:USDT,0.7268,162.0,0.7267,270.0,0.7276,162.0,0.7277,292.0
1753532008206,12:13:28.206,BAND/USDT:USDT,0.7268,162.0,0.7267,270.0,0.7276,162.0,0.7277,292.0
1753532008494,12:13:28.494,BAND/USDT:USDT,0.7268,162.0,0.7267,270.0,0.7276,162.0,0.7277,292.0
1753532008619,12:13:28.619,BAND/USDT:USDT,0.7268,162.0,0.7267,270.0,0.7276,162.0,0.7277,292.0
1753532008859,12:13:28.859,BAND/USDT:USDT,0.7268,162.0,0.7267,270.0,0.7276,162.0,0.7277,292.0
1753532009406,12:13:29.406,BAND/USDT:USDT,0.7268,162.0,0.7267,270.0,0.7276,162.0,0.7277,292.0
1753532010202,12:13:30.202,BAND/USDT:USDT,0.7268,162.0,0.7267,270.0,0.7276,162.0,0.7277,292.0
1753532010918,12:13:30.918,BAND/USDT:USDT,0.7268,162.0,0.7267,270.0,0.7276,162.0,0.7277,292.0
1753532011316,12:13:31.316,BAND/USDT:USDT,0.7268,162.0,0.7267,270.0,0.7276,162.0,0.7277,292.0
1753532011418,12:13:31.418,BAND/USDT:USDT,0.7267,270.0,0.7263,165.0,0.7276,162.0,0.7277,292.0
1753532011568,12:13:31.568,BAND/USDT:USDT,0.7267,102.0,0.7263,165.0,0.7276,162.0,0.7277,292.0
1753532011723,12:13:31.723,BAND/USDT:USDT,0.7267,51.0,0.7263,165.0,0.7276,162.0,0.7277,292.0
1753532011858,12:13:31.858,BAND/USDT:USDT,0.7267,213.0,0.7263,165.0,0.7276,162.0,0.7277,292.0
1753532012032,12:13:32.032,BAND/USDT:USDT,0.7267,213.0,0.7263,165.0,0.7276,162.0,0.7277,292.0
1753532012042,12:13:32.042,BAND/USDT:USDT,0.7267,213.0,0.7263,165.0,0.7276,162.0,0.7277,292.0
1753532012182,12:13:32.182,BAND/USDT:USDT,0.7267,213.0,0.7263,165.0,0.7276,162.0,0.7277,292.0
1753532012336,12:13:32.336,BAND/USDT:USDT,0.7261,162.0,0.7258,274.0,0.7275,162.0,0.7276,4285.0
1753532012414,12:13:32.414,BAND/USDT:USDT,0.7261,162.0,0.7258,274.0,0.7275,162.0,0.7276,4285.0
1753532012488,12:13:32.488,BAND/USDT:USDT,0.7261,162.0,0.7258,274.0,0.7275,162.0,0.7276,4285.0
1753532012669,12:13:32.669,BAND/USDT:USDT,0.7261,162.0,0.7258,274.0,0.7275,162.0,0.7276,4285.0
1753532012921,12:13:32.921,BAND/USDT:USDT,0.7261,162.0,0.7258,274.0,0.7273,167.0,0.7274,4291.0
1753532012992,12:13:32.992,BAND/USDT:USDT,0.7257,162.0,0.7256,941.0,0.7273,167.0,0.7274,4291.0
1753532013110,12:13:33.110,BAND/USDT:USDT,0.7257,162.0,0.7256,941.0,0.7273,167.0,0.7274,4291.0
1753532013443,12:13:33.443,BAND/USDT:USDT,0.7257,162.0,0.7256,941.0,0.7273,167.0,0.7274,4291.0
1753532013542,12:13:33.542,BAND/USDT:USDT,0.7257,162.0,0.7256,941.0,0.7273,167.0,0.7274,4291.0
1753532013932,12:13:33.932,BAND/USDT:USDT,0.7257,4295.0,0.7256,941.0,0.7273,167.0,0.7274,4291.0
1753532013949,12:13:33.949,BAND/USDT:USDT,0.7258,167.0,0.7257,4295.0,0.7273,167.0,0.7274,4291.0
1753532014619,12:13:34.619,BAND/USDT:USDT,0.7258,167.0,0.7257,4295.0,0.7273,167.0,0.7274,4291.0
1753532015822,12:13:35.822,BAND/USDT:USDT,0.7258,167.0,0.7257,4295.0,0.7273,167.0,0.7274,4291.0
1753532015863,12:13:35.863,BAND/USDT:USDT,0.7258,167.0,0.7257,4295.0,0.7273,167.0,0.7274,4291.0
1753532016296,12:13:36.296,BAND/USDT:USDT,0.7258,167.0,0.7257,4295.0,0.7273,167.0,0.7274,4291.0
1753532016716,12:13:36.716,BAND/USDT:USDT,0.7258,167.0,0.7257,4295.0,0.7273,167.0,0.7274,4291.0
1753532016806,12:13:36.806,BAND/USDT:USDT,0.7258,167.0,0.7257,4295.0,0.7273,167.0,0.7274,4291.0
1753532017096,12:13:37.096,BAND/USDT:USDT,0.7258,167.0,0.7257,4295.0,0.7273,167.0,0.7274,4291.0
1753532019013,12:13:39.013,BAND/USDT:USDT,0.7258,167.0,0.7257,4295.0,0.7273,167.0,0.7274,4291.0
1753532019074,12:13:39.074,BAND/USDT:USDT,0.7258,167.0,0.7257,4295.0,0.7273,167.0,0.7274,4291.0
1753532021976,12:13:41.976,BAND/USDT:USDT,0.7258,167.0,0.7257,4295.0,0.7273,167.0,0.7274,4291.0
1753532022041,12:13:42.041,BAND/USDT:USDT,0.7258,167.0,0.7257,4295.0,0.7273,167.0,0.7274,4291.0
1753532024878,12:13:44.878,BAND/USDT:USDT,0.7258,167.0,0.7257,4295.0,0.7273,167.0,0.7274,4291.0
1753532025111,12:13:45.111,BAND/USDT:USDT,0.7259,167.0,0.7258,4300.0,0.7273,167.0,0.7274,4291.0
1753532027642,12:13:47.642,BAND/USDT:USDT,0.7259,167.0,0.7258,4300.0,0.7273,167.0,0.7274,4291.0
1753532028202,12:13:48.202,BAND/USDT:USDT,0.7261,167.0,0.726,4299.0,0.7273,167.0,0.7274,4291.0
1753532028303,12:13:48.303,BAND/USDT:USDT,0.7261,167.0,0.726,4299.0,0.7278,164.0,0.7279,664.0
1753532028426,12:13:48.426,BAND/USDT:USDT,0.7261,167.0,0.726,4299.0,0.7278,164.0,0.7279,664.0
1753532028477,12:13:48.477,BAND/USDT:USDT,0.7261,167.0,0.726,4299.0,0.7278,164.0,0.7279,664.0
1753532028602,12:13:48.602,BAND/USDT:USDT,0.7261,167.0,0.726,4299.0,0.7278,164.0,0.7279,664.0
1753532028939,12:13:48.939,BAND/USDT:USDT,0.7261,167.0,0.726,4299.0,0.7278,164.0,0.7279,664.0
1753532028982,12:13:48.982,BAND/USDT:USDT,0.7261,167.0,0.726,4299.0,0.7278,164.0,0.7279,664.0
1753532029192,12:13:49.192,BAND/USDT:USDT,0.7261,167.0,0.726,4299.0,0.7276,167.0,0.7277,13937.0
1753532029322,12:13:49.322,BAND/USDT:USDT,0.7261,167.0,0.726,4299.0,0.7276,167.0,0.7277,13937.0
1753532030545,12:13:50.545,BAND/USDT:USDT,0.7261,167.0,0.726,4299.0,0.7276,167.0,0.7277,13937.0
1753532030964,12:13:50.964,BAND/USDT:USDT,0.7261,167.0,0.726,4299.0,0.7276,167.0,0.7277,13937.0
1753532031824,12:13:51.824,BAND/USDT:USDT,0.7261,167.0,0.726,4299.0,0.7276,167.0,0.7277,167.0
1753532031930,12:13:51.930,BAND/USDT:USDT,0.7261,167.0,0.726,4299.0,0.7277,167.0,0.7278,4286.0
1753532032199,12:13:52.199,BAND/USDT:USDT,0.7261,167.0,0.726,4299.0,0.7277,167.0,0.7278,4286.0
1753532032976,12:13:52.976,BAND/USDT:USDT,0.7261,167.0,0.726,4299.0,0.7277,167.0,0.7278,4286.0
1753532033125,12:13:53.125,BAND/USDT:USDT,0.7261,167.0,0.726,4299.0,0.7277,167.0,0.7278,4286.0
1753532033150,12:13:53.150,BAND/USDT:USDT,0.7261,167.0,0.726,4299.0,0.7277,167.0,0.7278,4286.0
1753532033436,12:13:53.436,BAND/USDT:USDT,0.7261,167.0,0.726,4299.0,0.7277,167.0,0.7278,4286.0
1753532033515,12:13:53.515,BAND/USDT:USDT,0.7261,167.0,0.726,4299.0,0.7277,167.0,0.7278,4286.0
1753532033692,12:13:53.692,BAND/USDT:USDT,0.7261,167.0,0.726,4299.0,0.7275,165.0,0.7276,11205.0
1753532033880,12:13:53.880,BAND/USDT:USDT,0.7261,167.0,0.726,4299.0,0.7274,165.0,0.7275,852.0
1753532034292,12:13:54.292,BAND/USDT:USDT,0.7261,167.0,0.726,4299.0,0.7274,165.0,0.7275,852.0
1753532034719,12:13:54.719,BAND/USDT:USDT,0.7261,167.0,0.726,4299.0,0.7274,165.0,0.7275,852.0
1753532035822,12:13:55.822,BAND/USDT:USDT,0.7261,167.0,0.726,4299.0,0.7275,165.0,0.7276,26354.0
1753532036263,12:13:56.263,BAND/USDT:USDT,0.7261,167.0,0.726,4299.0,0.7275,165.0,0.7276,26354.0
1753532036587,12:13:56.587,BAND/USDT:USDT,0.7261,167.0,0.726,4299.0,0.7275,165.0,0.7276,26354.0
1753532036873,12:13:56.873,BAND/USDT:USDT,0.7261,167.0,0.726,4299.0,0.7275,165.0,0.7276,26354.0
1753532037035,12:13:57.035,BAND/USDT:USDT,0.7261,167.0,0.726,4299.0,0.7275,165.0,0.7276,26354.0
1753532037152,12:13:57.152,BAND/USDT:USDT,0.7261,167.0,0.726,4299.0,0.7275,165.0,0.7276,26354.0
1753532037387,12:13:57.387,BAND/USDT:USDT,0.7261,167.0,0.726,4299.0,0.7275,165.0,0.7276,26354.0
1753532037822,12:13:57.822,BAND/USDT:USDT,0.7261,167.0,0.726,4299.0,0.7275,165.0,0.7276,26354.0
1753532039085,12:13:59.085,BAND/USDT:USDT,0.7261,167.0,0.726,4299.0,0.7275,165.0,0.7276,26354.0
1753532039186,12:13:59.186,BAND/USDT:USDT,0.7261,167.0,0.726,4299.0,0.7275,165.0,0.7276,26354.0
1753532041785,12:14:01.785,BAND/USDT:USDT,0.7261,167.0,0.726,4299.0,0.7275,165.0,0.7276,26354.0
1753532042437,12:14:02.437,BAND/USDT:USDT,0.7261,167.0,0.726,4299.0,0.7275,165.0,0.7276,26354.0
1753532043684,12:14:03.684,BAND/USDT:USDT,0.7261,167.0,0.726,4299.0,0.7275,165.0,0.7276,26354.0
1753532043826,12:14:03.826,BAND/USDT:USDT,0.7261,167.0,0.726,4299.0,0.7275,165.0,0.7276,26354.0
1753532044020,12:14:04.020,BAND/USDT:USDT,0.7261,167.0,0.726,4299.0,0.7275,165.0,0.7276,26354.0
1753532044803,12:14:04.803,BAND/USDT:USDT,0.7261,167.0,0.726,4299.0,0.7275,165.0,0.7276,26354.0
1753532045237,12:14:05.237,BAND/USDT:USDT,0.7261,167.0,0.726,4299.0,0.7275,165.0,0.7276,26354.0
1753532045238,12:14:05.238,BAND/USDT:USDT,0.7261,167.0,0.726,4299.0,0.7275,165.0,0.7276,26354.0
1753532046224,12:14:06.224,BAND/USDT:USDT,0.7261,167.0,0.726,4299.0,0.7275,165.0,0.7276,26354.0
1753532046479,12:14:06.479,BAND/USDT:USDT,0.7261,167.0,0.726,4299.0,0.7275,165.0,0.7276,26354.0
1753532046731,12:14:06.731,BAND/USDT:USDT,0.7261,167.0,0.726,4299.0,0.7275,165.0,0.7276,26354.0
1753532047783,12:14:07.783,BAND/USDT:USDT,0.7261,167.0,0.726,4299.0,0.7275,165.0,0.7276,26354.0
1753532048104,12:14:08.104,BAND/USDT:USDT,0.7261,167.0,0.726,4299.0,0.7275,165.0,0.7276,26354.0
1753532048334,12:14:08.334,BAND/USDT:USDT,0.7261,167.0,0.726,4299.0,0.7274,166.0,0.7275,4288.0
1753532048519,12:14:08.519,BAND/USDT:USDT,0.7261,167.0,0.726,4299.0,0.7274,166.0,0.7275,4288.0
1753532048854,12:14:08.854,BAND/USDT:USDT,0.7261,167.0,0.726,4299.0,0.7274,166.0,0.7275,4288.0
1753532049340,12:14:09.340,BAND/USDT:USDT,0.7261,167.0,0.726,4299.0,0.7274,166.0,0.7275,4288.0
1753532049734,12:14:09.734,BAND/USDT:USDT,0.7261,167.0,0.726,4299.0,0.7273,166.0,0.7274,853.0
1753532049755,12:14:09.755,BAND/USDT:USDT,0.7261,167.0,0.726,4299.0,0.7273,166.0,0.7274,853.0
1753532050263,12:14:10.263,BAND/USDT:USDT,0.7261,167.0,0.726,4299.0,0.7273,166.0,0.7274,853.0
1753532050578,12:14:10.578,BAND/USDT:USDT,0.7261,167.0,0.726,4299.0,0.7273,166.0,0.7274,853.0
1753532050717,12:14:10.717,BAND/USDT:USDT,0.7261,167.0,0.726,4299.0,0.7273,166.0,0.7274,853.0
1753532053175,12:14:13.175,BAND/USDT:USDT,0.7261,167.0,0.726,4299.0,0.7273,166.0,0.7274,853.0
1753532053595,12:14:13.595,BAND/USDT:USDT,0.7261,167.0,0.726,4299.0,0.7274,166.0,0.7275,4288.0
1753532053686,12:14:13.686,BAND/USDT:USDT,0.7261,167.0,0.726,4299.0,0.7273,168.0,0.7274,853.0
1753532053802,12:14:13.802,BAND/USDT:USDT,0.7261,167.0,0.726,4299.0,0.7273,168.0,0.7274,853.0
1753532054214,12:14:14.214,BAND/USDT:USDT,0.7261,167.0,0.726,4299.0,0.7273,168.0,0.7274,853.0
1753532055030,12:14:15.030,BAND/USDT:USDT,0.7261,167.0,0.726,4299.0,0.7273,168.0,0.7274,853.0
1753532055214,12:14:15.214,BAND/USDT:USDT,0.7261,167.0,0.726,4299.0,0.7273,168.0,0.7274,853.0
1753532055262,12:14:15.262,BAND/USDT:USDT,0.7261,167.0,0.726,4299.0,0.7273,168.0,0.7274,853.0
1753532055526,12:14:15.526,BAND/USDT:USDT,0.7261,167.0,0.726,4299.0,0.7273,168.0,0.7274,853.0
1753532055961,12:14:15.961,BAND/USDT:USDT,0.7261,167.0,0.726,4299.0,0.7273,168.0,0.7274,853.0
1753532056650,12:14:16.650,BAND/USDT:USDT,0.7261,167.0,0.726,4299.0,0.7273,168.0,0.7274,853.0
1753532057082,12:14:17.082,BAND/USDT:USDT,0.7261,167.0,0.726,4299.0,0.7274,166.0,0.7275,4288.0
1753532057430,12:14:17.430,BAND/USDT:USDT,0.7261,167.0,0.726,4299.0,0.7274,166.0,0.7275,4288.0
1753532057778,12:14:17.778,BAND/USDT:USDT,0.7261,167.0,0.726,4299.0,0.7273,168.0,0.7274,853.0
1753532058237,12:14:18.237,BAND/USDT:USDT,0.7261,167.0,0.726,4299.0,0.7273,168.0,0.7274,853.0
1753532058242,12:14:18.242,BAND/USDT:USDT,0.7261,167.0,0.726,4299.0,0.7273,168.0,0.7274,853.0
1753532058563,12:14:18.563,BAND/USDT:USDT,0.7261,167.0,0.726,4299.0,0.7273,168.0,0.7274,853.0
1753532058786,12:14:18.786,BAND/USDT:USDT,0.7261,167.0,0.726,4299.0,0.7273,168.0,0.7274,853.0
1753532059833,12:14:19.833,BAND/USDT:USDT,0.7261,167.0,0.726,4299.0,0.7273,168.0,0.7274,853.0
1753532059844,12:14:19.844,BAND/USDT:USDT,0.7261,167.0,0.726,4299.0,0.7273,168.0,0.7274,853.0
1753532060056,12:14:20.056,BAND/USDT:USDT,0.7261,167.0,0.726,4299.0,0.7273,168.0,0.7274,853.0
1753532060348,12:14:20.348,BAND/USDT:USDT,0.7261,167.0,0.726,4299.0,0.7273,168.0,0.7274,853.0
1753532060818,12:14:20.818,BAND/USDT:USDT,0.7261,167.0,0.726,4299.0,0.7273,168.0,0.7274,853.0
1753532061111,12:14:21.111,BAND/USDT:USDT,0.7261,167.0,0.726,4299.0,0.7274,166.0,0.7275,4288.0
1753532061460,12:14:21.460,BAND/USDT:USDT,0.7261,167.0,0.726,4299.0,0.7274,166.0,0.7275,4288.0
1753532061811,12:14:21.811,BAND/USDT:USDT,0.7261,167.0,0.726,4299.0,0.7274,166.0,0.7275,4288.0
1753532062418,12:14:22.418,BAND/USDT:USDT,0.7261,167.0,0.726,4299.0,0.7273,168.0,0.7274,853.0
1753532062684,12:14:22.684,BAND/USDT:USDT,0.7261,167.0,0.726,4299.0,0.7273,168.0,0.7274,853.0
1753532063892,12:14:23.892,BAND/USDT:USDT,0.7261,167.0,0.726,4299.0,0.7273,168.0,0.7274,853.0
1753532064617,12:14:24.617,BAND/USDT:USDT,0.7261,167.0,0.726,4299.0,0.7273,168.0,0.7274,853.0
1753532065138,12:14:25.138,BAND/USDT:USDT,0.726,4299.0,0.7258,167.0,0.7273,168.0,0.7274,853.0
1753532065202,12:14:25.202,BAND/USDT:USDT,0.7258,167.0,0.7252,442.0,0.7271,169.0,0.7272,4294.0
1753532065337,12:14:25.337,BAND/USDT:USDT,0.7258,167.0,0.7252,442.0,0.7271,169.0,0.7272,4294.0
1753532065529,12:14:25.529,BAND/USDT:USDT,0.7258,167.0,0.7252,442.0,0.7271,169.0,0.7272,4294.0
1753532065551,12:14:25.551,BAND/USDT:USDT,0.7258,167.0,0.7252,442.0,0.7271,169.0,0.7272,4294.0
1753532067214,12:14:27.214,BAND/USDT:USDT,0.7258,167.0,0.7252,442.0,0.727,169.0,0.7271,857.0
1753532067537,12:14:27.537,BAND/USDT:USDT,0.7258,167.0,0.7252,442.0,0.727,169.0,0.7271,169.0
1753532067592,12:14:27.592,BAND/USDT:USDT,0.7258,167.0,0.7252,442.0,0.7271,169.0,0.7272,4294.0
1753532067949,12:14:27.949,BAND/USDT:USDT,0.7258,167.0,0.7252,442.0,0.7271,169.0,0.7272,4294.0
1753532069524,12:14:29.524,BAND/USDT:USDT,0.7258,167.0,0.7252,442.0,0.7271,169.0,0.7272,4294.0
1753532069567,12:14:29.567,BAND/USDT:USDT,0.7258,167.0,0.7252,442.0,0.7271,169.0,0.7272,4294.0
1753532069830,12:14:29.830,BAND/USDT:USDT,0.7258,167.0,0.7252,442.0,0.727,169.0,0.7271,857.0
1753532069876,12:14:29.876,BAND/USDT:USDT,0.7258,167.0,0.7252,442.0,0.727,169.0,0.7271,169.0
1753532069984,12:14:29.984,BAND/USDT:USDT,0.7258,167.0,0.7252,442.0,0.7271,169.0,0.7272,4294.0
1753532070395,12:14:30.395,BAND/USDT:USDT,0.7258,167.0,0.7252,442.0,0.7271,169.0,0.7272,4294.0
1753532073203,12:14:33.203,BAND/USDT:USDT,0.7258,167.0,0.7252,442.0,0.7271,169.0,0.7272,4294.0
1753532073602,12:14:33.602,BAND/USDT:USDT,0.7258,167.0,0.7252,442.0,0.727,168.0,0.7271,857.0
1753532074019,12:14:34.019,BAND/USDT:USDT,0.7258,167.0,0.7252,442.0,0.727,168.0,0.7271,857.0
1753532074300,12:14:34.300,BAND/USDT:USDT,0.7258,167.0,0.7252,442.0,0.727,168.0,0.7271,857.0
1753532074433,12:14:34.433,BAND/USDT:USDT,0.7258,167.0,0.7252,442.0,0.727,168.0,0.7271,857.0
1753532074637,12:14:34.637,BAND/USDT:USDT,0.7258,167.0,0.7252,442.0,0.727,168.0,0.7271,857.0
1753532074728,12:14:34.728,BAND/USDT:USDT,0.7258,167.0,0.7252,442.0,0.727,168.0,0.7271,857.0
1753532074766,12:14:34.766,BAND/USDT:USDT,0.7258,167.0,0.7252,442.0,0.727,168.0,0.7271,857.0
1753532075475,12:14:35.475,BAND/USDT:USDT,0.7258,167.0,0.7252,442.0,0.727,168.0,0.7271,857.0
1753532075680,12:14:35.680,BAND/USDT:USDT,0.7258,167.0,0.7252,442.0,0.727,168.0,0.7271,857.0
1753532075943,12:14:35.943,BAND/USDT:USDT,0.7258,167.0,0.7252,442.0,0.727,168.0,0.7271,857.0
1753532076770,12:14:36.770,BAND/USDT:USDT,0.7258,167.0,0.7252,442.0,0.727,168.0,0.7271,857.0
1753532077403,12:14:37.403,BAND/USDT:USDT,0.7258,167.0,0.7252,442.0,0.7271,169.0,0.7272,4294.0
1753532077630,12:14:37.630,BAND/USDT:USDT,0.7258,167.0,0.7252,442.0,0.727,168.0,0.7271,857.0
1753532077946,12:14:37.946,BAND/USDT:USDT,0.7258,167.0,0.7252,442.0,0.727,168.0,0.7271,4982.0
1753532078418,12:14:38.418,BAND/USDT:USDT,0.7258,218.0,0.7252,442.0,0.7268,168.0,0.7269,4417.0
1753532078483,12:14:38.483,BAND/USDT:USDT,0.7258,218.0,0.7252,442.0,0.7268,168.0,0.7269,4417.0
1753532078629,12:14:38.629,BAND/USDT:USDT,0.7258,269.0,0.7252,442.0,0.7268,168.0,0.7269,4417.0
1753532078666,12:14:38.666,BAND/USDT:USDT,0.7258,269.0,0.7252,442.0,0.7268,168.0,0.7269,4417.0
1753532079048,12:14:39.048,BAND/USDT:USDT,0.7258,269.0,0.7252,442.0,0.7268,168.0,0.7269,4417.0
1753532079192,12:14:39.192,BAND/USDT:USDT,0.7258,269.0,0.7252,442.0,0.7268,168.0,0.7269,4417.0
1753532079310,12:14:39.310,BAND/USDT:USDT,0.7258,269.0,0.7252,442.0,0.7268,168.0,0.7269,4417.0
1753532080653,12:14:40.653,BAND/USDT:USDT,0.7258,269.0,0.7252,442.0,0.7268,168.0,0.7269,4417.0
1753532080785,12:14:40.785,BAND/USDT:USDT,0.7258,269.0,0.7252,442.0,0.7267,168.0,0.7268,856.0
1753532080935,12:14:40.935,BAND/USDT:USDT,0.7258,269.0,0.7252,442.0,0.7267,13938.0,0.7268,856.0
1753532080984,12:14:40.984,BAND/USDT:USDT,0.7258,269.0,0.7252,442.0,0.7265,168.0,0.7266,348.0
1753532081142,12:14:41.142,BAND/USDT:USDT,0.7258,269.0,0.7252,442.0,0.7265,168.0,0.7266,348.0
1753532081267,12:14:41.267,BAND/USDT:USDT,0.7258,269.0,0.7252,442.0,0.7265,168.0,0.7266,348.0
1753532081409,12:14:41.409,BAND/USDT:USDT,0.7258,269.0,0.7252,442.0,0.7265,168.0,0.7266,348.0
1753532081882,12:14:41.882,BAND/USDT:USDT,0.7258,167.0,0.7252,442.0,0.7265,168.0,0.7266,348.0
1753532082234,12:14:42.234,BAND/USDT:USDT,0.7258,167.0,0.7252,442.0,0.7265,168.0,0.7266,348.0
1753532083972,12:14:43.972,BAND/USDT:USDT,0.7258,167.0,0.7252,442.0,0.7265,168.0,0.7266,348.0
1753532084082,12:14:44.082,BAND/USDT:USDT,0.7258,167.0,0.7252,442.0,0.7265,168.0,0.7266,348.0
1753532084338,12:14:44.338,BAND/USDT:USDT,0.7258,167.0,0.7252,442.0,0.7265,168.0,0.7266,348.0
1753532084378,12:14:44.378,BAND/USDT:USDT,0.7258,167.0,0.7252,442.0,0.7265,168.0,0.7266,348.0
1753532084535,12:14:44.535,BAND/USDT:USDT,0.7258,167.0,0.7252,442.0,0.7265,168.0,0.7266,348.0
1753532084539,12:14:44.539,BAND/USDT:USDT,0.7258,167.0,0.7252,442.0,0.7265,168.0,0.7266,348.0
1753532084864,12:14:44.864,BAND/USDT:USDT,0.7258,167.0,0.7252,442.0,0.7265,168.0,0.7266,348.0
1753532085016,12:14:45.016,BAND/USDT:USDT,0.7258,167.0,0.7252,442.0,0.7265,168.0,0.7266,348.0
1753532085079,12:14:45.079,BAND/USDT:USDT,0.7258,167.0,0.7252,442.0,0.7265,168.0,0.7266,348.0
1753532085337,12:14:45.337,BAND/USDT:USDT,0.7258,167.0,0.7252,442.0,0.7265,168.0,0.7266,348.0
1753532085343,12:14:45.343,BAND/USDT:USDT,0.7258,167.0,0.7252,442.0,0.7265,168.0,0.7266,348.0
1753532086316,12:14:46.316,BAND/USDT:USDT,0.7258,167.0,0.7252,442.0,0.7265,168.0,0.7266,348.0
1753532086665,12:14:46.665,BAND/USDT:USDT,0.7258,167.0,0.7257,236.0,0.7265,168.0,0.7266,348.0
1753532086829,12:14:46.829,BAND/USDT:USDT,0.7258,167.0,0.7257,236.0,0.7265,168.0,0.7266,348.0
1753532087315,12:14:47.315,BAND/USDT:USDT,0.7258,167.0,0.7257,236.0,0.7265,168.0,0.7266,348.0
1753532088784,12:14:48.784,BAND/USDT:USDT,0.7258,167.0,0.7257,236.0,0.7265,168.0,0.7266,348.0
1753532089142,12:14:49.142,BAND/USDT:USDT,0.7258,167.0,0.7257,236.0,0.7265,168.0,0.7266,348.0
1753532089303,12:14:49.303,BAND/USDT:USDT,0.7258,167.0,0.7257,236.0,0.7265,168.0,0.7266,348.0
1753532089756,12:14:49.756,BAND/USDT:USDT,0.7258,167.0,0.7257,236.0,0.7265,168.0,0.7266,348.0
1753532090303,12:14:50.303,BAND/USDT:USDT,0.7258,167.0,0.7257,236.0,0.7265,168.0,0.7266,348.0
1753532091229,12:14:51.229,BAND/USDT:USDT,0.7258,167.0,0.7257,236.0,0.7265,168.0,0.7266,348.0
1753532091310,12:14:51.310,BAND/USDT:USDT,0.7258,167.0,0.7257,236.0,0.7265,168.0,0.7266,348.0
1753532091402,12:14:51.402,BAND/USDT:USDT,0.7258,167.0,0.7257,236.0,0.7265,168.0,0.7266,348.0
1753532091863,12:14:51.863,BAND/USDT:USDT,0.7258,167.0,0.7257,236.0,0.7265,168.0,0.7266,348.0
1753532092528,12:14:52.528,BAND/USDT:USDT,0.7258,167.0,0.7257,236.0,0.7265,168.0,0.7266,348.0
1753532096215,12:14:56.215,BAND/USDT:USDT,0.7258,167.0,0.7257,236.0,0.7265,168.0,0.7266,348.0
1753532103633,12:15:03.633,BAND/USDT:USDT,0.7262,730.0,0.7261,165.0,0.7265,168.0,0.7266,348.0
1753532103810,12:15:03.810,BAND/USDT:USDT,0.7262,730.0,0.7261,165.0,0.7265,168.0,0.7266,348.0
1753532103968,12:15:03.968,BAND/USDT:USDT,0.7261,165.0,0.726,419.0,0.7265,168.0,0.7266,348.0
1753532104115,12:15:04.115,BAND/USDT:USDT,0.7261,165.0,0.726,419.0,0.7265,168.0,0.7266,348.0
1753532104741,12:15:04.741,BAND/USDT:USDT,0.726,419.0,0.7259,254.0,0.7265,168.0,0.7266,348.0
1753532104874,12:15:04.874,BAND/USDT:USDT,0.726,419.0,0.7259,254.0,0.7265,168.0,0.7266,348.0
1753532105707,12:15:05.707,BAND/USDT:USDT,0.726,419.0,0.7259,254.0,0.7265,168.0,0.7266,348.0
1753532106542,12:15:06.542,BAND/USDT:USDT,0.726,419.0,0.7259,254.0,0.7265,168.0,0.7266,348.0
1753532109101,12:15:09.101,BAND/USDT:USDT,0.726,419.0,0.7259,254.0,0.7265,168.0,0.7266,348.0
1753532109301,12:15:09.301,BAND/USDT:USDT,0.726,419.0,0.7259,254.0,0.7265,168.0,0.7266,348.0
1753532109348,12:15:09.348,BAND/USDT:USDT,0.726,419.0,0.7259,254.0,0.7265,168.0,0.7266,348.0
1753532112235,12:15:12.235,BAND/USDT:USDT,0.726,419.0,0.7259,254.0,0.7265,168.0,0.7266,348.0
1753532114829,12:15:14.829,BAND/USDT:USDT,0.726,419.0,0.7259,254.0,0.7265,168.0,0.7266,348.0
1753532115001,12:15:15.001,BAND/USDT:USDT,0.726,419.0,0.7259,254.0,0.7265,168.0,0.7266,348.0
1753532120902,12:15:20.902,BAND/USDT:USDT,0.726,292.0,0.7259,127.0,0.7265,168.0,0.7266,348.0
1753532121059,12:15:21.059,BAND/USDT:USDT,0.726,292.0,0.7259,254.0,0.7265,168.0,0.7266,348.0
1753532121930,12:15:21.930,BAND/USDT:USDT,0.726,292.0,0.7259,254.0,0.7265,168.0,0.7266,348.0
1753532121943,12:15:21.943,BAND/USDT:USDT,0.726,292.0,0.7259,254.0,0.7265,168.0,0.7266,348.0
1753532124130,12:15:24.130,BAND/USDT:USDT,0.726,292.0,0.7259,254.0,0.7268,168.0,0.7269,4127.0
1753532124210,12:15:24.210,BAND/USDT:USDT,0.726,292.0,0.7259,254.0,0.7272,169.0,0.7275,438.0
1753532124322,12:15:24.322,BAND/USDT:USDT,0.726,292.0,0.7259,254.0,0.7272,169.0,0.7275,438.0
1753532124417,12:15:24.417,BAND/USDT:USDT,0.7261,730.0,0.726,292.0,0.7272,169.0,0.7275,438.0
1753532124529,12:15:24.529,BAND/USDT:USDT,0.7261,730.0,0.726,292.0,0.7272,169.0,0.7275,438.0
1753532124575,12:15:24.575,BAND/USDT:USDT,0.7261,730.0,0.726,292.0,0.7272,169.0,0.7275,438.0
1753532124738,12:15:24.738,BAND/USDT:USDT,0.7261,730.0,0.726,292.0,0.7272,169.0,0.7275,438.0
1753532124808,12:15:24.808,BAND/USDT:USDT,0.7261,730.0,0.726,292.0,0.7272,169.0,0.7275,438.0
1753532124905,12:15:24.905,BAND/USDT:USDT,0.7261,730.0,0.726,292.0,0.7272,169.0,0.7275,438.0
1753532125013,12:15:25.013,BAND/USDT:USDT,0.7261,4861.0,0.726,292.0,0.7272,169.0,0.7275,438.0
1753532125220,12:15:25.220,BAND/USDT:USDT,0.7265,164.0,0.7264,215.0,0.7271,164.0,0.7272,228.0
1753532125333,12:15:25.333,BAND/USDT:USDT,0.7265,164.0,0.7264,215.0,0.7271,164.0,0.7272,228.0
1753532125484,12:15:25.484,BAND/USDT:USDT,0.7265,164.0,0.7264,215.0,0.7271,164.0,0.7272,228.0
1753532125716,12:15:25.716,BAND/USDT:USDT,0.7265,164.0,0.7264,215.0,0.7271,164.0,0.7272,228.0
1753532125828,12:15:25.828,BAND/USDT:USDT,0.7265,164.0,0.7264,215.0,0.7271,164.0,0.7272,228.0
1753532125902,12:15:25.902,BAND/USDT:USDT,0.7265,164.0,0.7264,215.0,0.7271,164.0,0.7272,228.0
1753532125961,12:15:25.961,BAND/USDT:USDT,0.7265,164.0,0.7264,215.0,0.7271,164.0,0.7272,228.0
1753532126163,12:15:26.163,BAND/USDT:USDT,0.7265,164.0,0.7264,215.0,0.7271,164.0,0.7272,228.0
1753532126343,12:15:26.343,BAND/USDT:USDT,0.7265,164.0,0.7264,215.0,0.7271,164.0,0.7272,228.0
1753532126467,12:15:26.467,BAND/USDT:USDT,0.7265,164.0,0.7264,215.0,0.7271,164.0,0.7272,228.0
1753532126810,12:15:26.810,BAND/USDT:USDT,0.7265,164.0,0.7264,215.0,0.7271,164.0,0.7272,228.0
1753532126883,12:15:26.883,BAND/USDT:USDT,0.7265,164.0,0.7264,215.0,0.7271,164.0,0.7272,228.0
1753532127863,12:15:27.863,BAND/USDT:USDT,0.7265,164.0,0.7264,215.0,0.7271,164.0,0.7272,228.0
1753532128193,12:15:28.193,BAND/USDT:USDT,0.7265,164.0,0.7264,215.0,0.7271,164.0,0.7272,228.0
1753532128708,12:15:28.708,BAND/USDT:USDT,0.7265,164.0,0.7264,215.0,0.7271,164.0,0.7272,228.0
1753532128838,12:15:28.838,BAND/USDT:USDT,0.7265,164.0,0.7264,215.0,0.7271,164.0,0.7272,228.0
1753532128863,12:15:28.863,BAND/USDT:USDT,0.7265,164.0,0.7264,215.0,0.7271,164.0,0.7272,228.0
1753532129079,12:15:29.079,BAND/USDT:USDT,0.7265,164.0,0.7264,215.0,0.7271,164.0,0.7272,228.0
1753532129339,12:15:29.339,BAND/USDT:USDT,0.7265,164.0,0.7264,215.0,0.7271,164.0,0.7272,228.0
1753532130321,12:15:30.321,BAND/USDT:USDT,0.7268,730.0,0.7267,894.0,0.7271,164.0,0.7272,228.0
1753532130361,12:15:30.361,BAND/USDT:USDT,0.7269,730.0,0.7267,291.0,0.7271,164.0,0.7272,228.0
1753532130882,12:15:30.882,BAND/USDT:USDT,0.7269,730.0,0.7267,291.0,0.7271,164.0,0.7272,228.0
1753532131476,12:15:31.476,BAND/USDT:USDT,0.7269,730.0,0.7267,291.0,0.7271,164.0,0.7272,228.0
1753532131803,12:15:31.803,BAND/USDT:USDT,0.7269,730.0,0.7267,291.0,0.7271,164.0,0.7272,228.0
1753532132127,12:15:32.127,BAND/USDT:USDT,0.727,214.0,0.7269,254.0,0.7275,165.0,0.7278,664.0
1753532132230,12:15:32.230,BAND/USDT:USDT,0.7271,164.0,0.727,214.0,0.7275,165.0,0.7278,664.0
1753532132334,12:15:32.334,BAND/USDT:USDT,0.7271,164.0,0.727,214.0,0.7275,165.0,0.7278,664.0
1753532132420,12:15:32.420,BAND/USDT:USDT,0.7271,164.0,0.727,214.0,0.7275,165.0,0.7278,664.0
1753532132522,12:15:32.522,BAND/USDT:USDT,0.7271,164.0,0.727,214.0,0.7275,165.0,0.7278,664.0
1753532132636,12:15:32.636,BAND/USDT:USDT,0.7271,164.0,0.727,214.0,0.7275,165.0,0.7277,127.0
1753532132708,12:15:32.708,BAND/USDT:USDT,0.7271,164.0,0.727,214.0,0.7275,165.0,0.7277,127.0
1753532132791,12:15:32.791,BAND/USDT:USDT,0.7271,164.0,0.727,214.0,0.7275,165.0,0.7277,127.0
1753532132930,12:15:32.930,BAND/USDT:USDT,0.7271,163.0,0.727,214.0,0.7275,165.0,0.7277,127.0
1753532133702,12:15:33.702,BAND/USDT:USDT,0.7271,214.0,0.727,417.0,0.7275,165.0,0.7277,127.0
1753532133752,12:15:33.752,BAND/USDT:USDT,0.7271,214.0,0.727,417.0,0.7275,165.0,0.7277,127.0
1753532134028,12:15:34.028,BAND/USDT:USDT,0.7271,214.0,0.727,417.0,0.7275,165.0,0.7277,127.0
1753532134269,12:15:34.269,BAND/USDT:USDT,0.7271,51.0,0.727,417.0,0.7275,165.0,0.7277,127.0
1753532134771,12:15:34.771,BAND/USDT:USDT,0.7271,51.0,0.727,417.0,0.7275,165.0,0.7277,127.0
1753532135382,12:15:35.382,BAND/USDT:USDT,0.7271,51.0,0.727,417.0,0.7275,165.0,0.7276,127.0
1753532135526,12:15:35.526,BAND/USDT:USDT,0.727,214.0,0.7269,367.0,0.7274,163.0,0.7275,223.0
1753532135601,12:15:35.601,BAND/USDT:USDT,0.7267,163.0,0.7266,101.0,0.7273,163.0,0.7274,223.0
1753532135927,12:15:35.927,BAND/USDT:USDT,0.7271,730.0,0.7269,254.0,0.7272,163.0,0.7273,221.0
1753532135990,12:15:35.990,BAND/USDT:USDT,0.7271,730.0,0.7269,254.0,0.7272,163.0,0.7273,221.0
1753532136525,12:15:36.525,BAND/USDT:USDT,0.7271,730.0,0.7269,254.0,0.7273,163.0,0.7274,163.0
1753532136589,12:15:36.589,BAND/USDT:USDT,0.7272,730.0,0.7271,254.0,0.7275,165.0,0.7277,290.0
1753532136713,12:15:36.713,BAND/USDT:USDT,0.7272,730.0,0.7271,254.0,0.7275,165.0,0.7277,290.0
1753532136809,12:15:36.809,BAND/USDT:USDT,0.7272,730.0,0.7271,254.0,0.7275,165.0,0.7277,290.0
1753532137024,12:15:37.024,BAND/USDT:USDT,0.7265,730.0,0.7264,164.0,0.7274,163.0,0.7275,223.0
1753532137083,12:15:37.083,BAND/USDT:USDT,0.7268,163.0,0.7267,264.0,0.7274,163.0,0.7275,223.0
1753532137227,12:15:37.227,BAND/USDT:USDT,0.7268,163.0,0.7267,264.0,0.7274,163.0,0.7275,223.0
1753532139630,12:15:39.630,BAND/USDT:USDT,0.7268,163.0,0.7267,264.0,0.7274,223.0,0.7275,223.0
1753532139709,12:15:39.709,BAND/USDT:USDT,0.7271,730.0,0.7269,254.0,0.7273,163.0,0.7274,163.0
1753532139799,12:15:39.799,BAND/USDT:USDT,0.7271,730.0,0.7269,254.0,0.7274,163.0,0.7275,223.0
1753532140051,12:15:40.051,BAND/USDT:USDT,0.7271,730.0,0.7269,254.0,0.7274,163.0,0.7275,223.0
1753532142597,12:15:42.597,BAND/USDT:USDT,0.7271,730.0,0.727,163.0,0.7274,163.0,0.7275,223.0
1753532142680,12:15:42.680,BAND/USDT:USDT,0.7271,730.0,0.727,163.0,0.7274,163.0,0.7275,223.0
1753532142893,12:15:42.893,BAND/USDT:USDT,0.7271,730.0,0.727,163.0,0.7274,163.0,0.7275,223.0
1753532143952,12:15:43.952,BAND/USDT:USDT,0.7271,730.0,0.7269,254.0,0.7274,163.0,0.7275,223.0
1753532144136,12:15:44.136,BAND/USDT:USDT,0.7264,164.0,0.7258,441.0,0.7273,164.0,0.7274,223.0
1753532144139,12:15:44.139,BAND/USDT:USDT,0.7264,164.0,0.7258,441.0,0.7273,164.0,0.7274,223.0
1753532144283,12:15:44.283,BAND/USDT:USDT,0.7264,164.0,0.7258,441.0,0.7273,164.0,0.7274,223.0
1753532144359,12:15:44.359,BAND/USDT:USDT,0.7264,164.0,0.7258,441.0,0.7273,164.0,0.7274,223.0
1753532145522,12:15:45.522,BAND/USDT:USDT,0.7268,894.0,0.7267,894.0,0.7272,164.0,0.7273,222.0
1753532145567,12:15:45.567,BAND/USDT:USDT,0.7269,730.0,0.7268,265.0,0.7272,164.0,0.7273,222.0
1753532145729,12:15:45.729,BAND/USDT:USDT,0.7269,730.0,0.7268,265.0,0.7272,164.0,0.7273,222.0
1753532146210,12:15:46.210,BAND/USDT:USDT,0.7269,730.0,0.7268,265.0,0.7272,164.0,0.7273,222.0
1753532147020,12:15:47.020,BAND/USDT:USDT,0.7269,730.0,0.7268,265.0,0.7272,164.0,0.7273,222.0
1753532147936,12:15:47.936,BAND/USDT:USDT,0.727,164.0,0.7269,730.0,0.7272,164.0,0.7273,222.0
1753532148002,12:15:48.002,BAND/USDT:USDT,0.7271,730.0,0.727,418.0,0.7274,163.0,0.7275,127.0
1753532148165,12:15:48.165,BAND/USDT:USDT,0.7271,730.0,0.727,418.0,0.7274,163.0,0.7276,127.0
1753532148332,12:15:48.332,BAND/USDT:USDT,0.7271,730.0,0.727,418.0,0.7274,163.0,0.7276,254.0
1753532148434,12:15:48.434,BAND/USDT:USDT,0.7271,730.0,0.727,418.0,0.7274,163.0,0.7276,254.0
1753532148444,12:15:48.444,BAND/USDT:USDT,0.7271,730.0,0.727,418.0,0.7274,163.0,0.7276,254.0
1753532148614,12:15:48.614,BAND/USDT:USDT,0.7271,730.0,0.727,418.0,0.7274,163.0,0.7276,254.0
1753532148739,12:15:48.739,BAND/USDT:USDT,0.7271,730.0,0.727,418.0,0.7274,163.0,0.7276,254.0
1753532149149,12:15:49.149,BAND/USDT:USDT,0.7271,730.0,0.727,418.0,0.7274,163.0,0.7276,254.0
1753532149303,12:15:49.303,BAND/USDT:USDT,0.7271,730.0,0.727,418.0,0.7274,163.0,0.7276,254.0
1753532149627,12:15:49.627,BAND/USDT:USDT,0.7271,730.0,0.727,418.0,0.7274,163.0,0.7276,254.0
