timestamp,time,symbol,bid1_price,bid1_volume,bid2_price,bid2_volume,ask1_price,ask1_volume,ask2_price,ask2_volume
1753531535000,12:05:35.000,A/USDT:USDT,0.5746,88.0,0.5745,1134.0,0.5748,270.0,0.5749,635.0
1753531536487,12:05:36.487,A/USDT:USDT,0.5746,88.0,0.5745,1134.0,0.5748,313.0,0.5749,635.0
1753531536584,12:05:36.584,A/USDT:USDT,0.5746,88.0,0.5745,1134.0,0.5748,313.0,0.5749,635.0
1753531536968,12:05:36.968,A/USDT:USDT,0.5747,88.0,0.5746,88.0,0.5748,307.0,0.5749,635.0
1753531537020,12:05:37.020,A/USDT:USDT,0.5747,88.0,0.5746,299.0,0.5748,330.0,0.5749,635.0
1753531537336,12:05:37.336,A/USDT:USDT,0.5747,88.0,0.5746,299.0,0.5748,330.0,0.5749,635.0
1753531538202,12:05:38.202,A/USDT:USDT,0.5747,88.0,0.5746,299.0,0.5748,330.0,0.5749,635.0
1753531538562,12:05:38.562,A/USDT:USDT,0.5746,88.0,0.5745,577.0,0.5747,265.0,0.5748,287.0
1753531538640,12:05:38.640,A/USDT:USDT,0.5746,88.0,0.5745,876.0,0.5747,265.0,0.5748,287.0
1753531538684,12:05:38.684,A/USDT:USDT,0.5746,88.0,0.5745,876.0,0.5747,265.0,0.5748,287.0
1753531539248,12:05:39.248,A/USDT:USDT,0.5745,583.0,0.5744,1922.0,0.5747,265.0,0.5748,281.0
1753531539722,12:05:39.722,A/USDT:USDT,0.5746,88.0,0.5745,876.0,0.5747,29.0,0.5748,258.0
1753531539784,12:05:39.784,A/USDT:USDT,0.5746,88.0,0.5745,876.0,0.5747,29.0,0.5748,258.0
1753531540322,12:05:40.322,A/USDT:USDT,0.5746,88.0,0.5745,876.0,0.5747,23.0,0.5748,258.0
1753531540967,12:05:40.967,A/USDT:USDT,0.5746,88.0,0.5745,876.0,0.5747,23.0,0.5748,258.0
1753531541063,12:05:41.063,A/USDT:USDT,0.5746,88.0,0.5745,876.0,0.5747,23.0,0.5748,258.0
1753531541380,12:05:41.380,A/USDT:USDT,0.5746,88.0,0.5745,876.0,0.5747,23.0,0.5748,258.0
1753531541403,12:05:41.403,A/USDT:USDT,0.5746,88.0,0.5745,876.0,0.5747,23.0,0.5748,258.0
1753531544548,12:05:44.548,A/USDT:USDT,0.5746,88.0,0.5745,876.0,0.5747,23.0,0.5748,258.0
1753531545277,12:05:45.277,A/USDT:USDT,0.5746,88.0,0.5745,876.0,0.5747,29.0,0.5748,258.0
1753531545470,12:05:45.470,A/USDT:USDT,0.5746,88.0,0.5745,876.0,0.5747,23.0,0.5748,258.0
1753531546179,12:05:46.179,A/USDT:USDT,0.5746,88.0,0.5745,876.0,0.5747,23.0,0.5748,258.0
1753531546180,12:05:46.180,A/USDT:USDT,0.5746,88.0,0.5745,876.0,0.5747,23.0,0.5748,258.0
1753531546762,12:05:46.762,A/USDT:USDT,0.5746,88.0,0.5745,876.0,0.5747,23.0,0.5748,258.0
1753531547635,12:05:47.635,A/USDT:USDT,0.5746,88.0,0.5745,876.0,0.5747,23.0,0.5748,258.0
1753531547732,12:05:47.732,A/USDT:USDT,0.5746,88.0,0.5745,876.0,0.5747,23.0,0.5748,258.0
1753531550322,12:05:50.322,A/USDT:USDT,0.5746,88.0,0.5745,876.0,0.5747,23.0,0.5748,258.0
1753531550673,12:05:50.673,A/USDT:USDT,0.5746,88.0,0.5745,876.0,0.5747,23.0,0.5748,258.0
1753531550979,12:05:50.979,A/USDT:USDT,0.5746,88.0,0.5745,876.0,0.5747,23.0,0.5748,258.0
1753531551002,12:05:51.002,A/USDT:USDT,0.5746,88.0,0.5745,876.0,0.5747,23.0,0.5748,258.0
1753531552128,12:05:52.128,A/USDT:USDT,0.5746,88.0,0.5745,876.0,0.5747,23.0,0.5748,258.0
1753531553462,12:05:53.462,A/USDT:USDT,0.5746,88.0,0.5745,876.0,0.5747,23.0,0.5748,258.0
1753531553570,12:05:53.570,A/USDT:USDT,0.5746,88.0,0.5745,876.0,0.5747,23.0,0.5748,258.0
1753531553600,12:05:53.600,A/USDT:USDT,0.5746,88.0,0.5745,876.0,0.5747,29.0,0.5748,258.0
1753531553750,12:05:53.750,A/USDT:USDT,0.5746,88.0,0.5745,876.0,0.5747,23.0,0.5748,258.0
1753531553902,12:05:53.902,A/USDT:USDT,0.5746,88.0,0.5745,876.0,0.5747,23.0,0.5748,258.0
1753531554252,12:05:54.252,A/USDT:USDT,0.5746,88.0,0.5745,876.0,0.5747,29.0,0.5748,258.0
1753531554926,12:05:54.926,A/USDT:USDT,0.5746,88.0,0.5745,876.0,0.5747,288.0,0.5748,258.0
1753531555078,12:05:55.078,A/USDT:USDT,0.5746,88.0,0.5745,876.0,0.5747,288.0,0.5748,258.0
1753531555416,12:05:55.416,A/USDT:USDT,0.5746,88.0,0.5745,876.0,0.5747,288.0,0.5748,258.0
1753531555779,12:05:55.779,A/USDT:USDT,0.5746,88.0,0.5745,876.0,0.5747,288.0,0.5748,258.0
1753531555780,12:05:55.780,A/USDT:USDT,0.5746,88.0,0.5745,876.0,0.5747,288.0,0.5748,258.0
1753531555929,12:05:55.929,A/USDT:USDT,0.5746,88.0,0.5745,876.0,0.5747,288.0,0.5748,258.0
1753531556833,12:05:56.833,A/USDT:USDT,0.5746,88.0,0.5745,876.0,0.5747,288.0,0.5748,258.0
1753531559522,12:05:59.522,A/USDT:USDT,0.5745,589.0,0.5744,1921.0,0.5747,288.0,0.5748,258.0
1753531559812,12:05:59.812,A/USDT:USDT,0.5746,88.0,0.5745,881.0,0.5747,287.0,0.5748,264.0
1753531560459,12:06:00.459,A/USDT:USDT,0.5746,88.0,0.5745,881.0,0.5747,287.0,0.5748,264.0
1753531561266,12:06:01.266,A/USDT:USDT,0.5746,88.0,0.5745,881.0,0.5747,287.0,0.5748,264.0
1753531561444,12:06:01.444,A/USDT:USDT,0.5746,88.0,0.5745,881.0,0.5747,23.0,0.5748,264.0
1753531563457,12:06:03.457,A/USDT:USDT,0.5746,88.0,0.5745,881.0,0.5747,23.0,0.5748,264.0
1753531563522,12:06:03.522,A/USDT:USDT,0.5746,88.0,0.5745,881.0,0.5747,23.0,0.5748,264.0
1753531563663,12:06:03.663,A/USDT:USDT,0.5746,88.0,0.5745,881.0,0.5747,23.0,0.5748,264.0
1753531563856,12:06:03.856,A/USDT:USDT,0.5746,88.0,0.5745,881.0,0.5747,293.0,0.5748,258.0
1753531563882,12:06:03.882,A/USDT:USDT,0.5746,88.0,0.5745,881.0,0.5747,287.0,0.5748,258.0
1753531564049,12:06:04.049,A/USDT:USDT,0.5746,88.0,0.5745,881.0,0.5747,23.0,0.5749,262.0
1753531564271,12:06:04.271,A/USDT:USDT,0.5747,76.0,0.5746,298.0,0.5748,293.0,0.5749,262.0
1753531564415,12:06:04.415,A/USDT:USDT,0.5747,76.0,0.5746,298.0,0.5748,293.0,0.5749,262.0
1753531565614,12:06:05.614,A/USDT:USDT,0.5747,76.0,0.5746,298.0,0.5748,299.0,0.5749,262.0
1753531566661,12:06:06.661,A/USDT:USDT,0.5747,76.0,0.5746,298.0,0.5748,293.0,0.5749,262.0
1753531567209,12:06:07.209,A/USDT:USDT,0.5747,76.0,0.5746,298.0,0.5748,293.0,0.5749,262.0
1753531569906,12:06:09.906,A/USDT:USDT,0.5747,76.0,0.5746,298.0,0.5748,287.0,0.5749,262.0
1753531570090,12:06:10.090,A/USDT:USDT,0.5747,76.0,0.5746,298.0,0.5748,23.0,0.5749,262.0
1753531571276,12:06:11.276,A/USDT:USDT,0.5747,76.0,0.5746,298.0,0.5748,29.0,0.5749,262.0
1753531571286,12:06:11.286,A/USDT:USDT,0.5747,76.0,0.5746,298.0,0.5748,23.0,0.5749,262.0
1753531571779,12:06:11.779,A/USDT:USDT,0.5747,76.0,0.5746,298.0,0.5748,23.0,0.5749,262.0
1753531571931,12:06:11.931,A/USDT:USDT,0.5747,76.0,0.5746,298.0,0.5748,23.0,0.5749,262.0
1753531572443,12:06:12.443,A/USDT:USDT,0.5747,76.0,0.5746,298.0,0.5748,23.0,0.5749,262.0
1753531572557,12:06:12.557,A/USDT:USDT,0.5747,82.0,0.5746,298.0,0.5748,23.0,0.5749,262.0
1753531572708,12:06:12.708,A/USDT:USDT,0.5747,88.0,0.5746,298.0,0.5748,23.0,0.5749,262.0
1753531572803,12:06:12.803,A/USDT:USDT,0.5747,76.0,0.5746,298.0,0.5748,23.0,0.5749,262.0
1753531574036,12:06:14.036,A/USDT:USDT,0.5747,82.0,0.5746,298.0,0.5748,23.0,0.5749,262.0
1753531574522,12:06:14.522,A/USDT:USDT,0.5747,82.0,0.5746,298.0,0.5748,23.0,0.5749,262.0
1753531575180,12:06:15.180,A/USDT:USDT,0.5747,76.0,0.5746,298.0,0.5748,23.0,0.5749,262.0
1753531575181,12:06:15.181,A/USDT:USDT,0.5747,76.0,0.5746,298.0,0.5748,23.0,0.5749,262.0
1753531575841,12:06:15.841,A/USDT:USDT,0.5747,82.0,0.5746,556.0,0.5748,23.0,0.575,367.0
1753531575938,12:06:15.938,A/USDT:USDT,0.5748,88.0,0.5747,298.0,0.5749,29.0,0.575,367.0
1753531576042,12:06:16.042,A/USDT:USDT,0.5748,88.0,0.5747,298.0,0.5749,29.0,0.575,367.0
1753531576096,12:06:16.096,A/USDT:USDT,0.5748,88.0,0.5747,298.0,0.5749,29.0,0.575,367.0
1753531576202,12:06:16.202,A/USDT:USDT,0.5748,88.0,0.5747,298.0,0.5749,29.0,0.575,367.0
1753531577377,12:06:17.377,A/USDT:USDT,0.5745,88.0,0.5744,556.0,0.5746,35.0,0.5747,355.0
1753531577439,12:06:17.439,A/USDT:USDT,0.5745,88.0,0.5744,556.0,0.5746,35.0,0.5747,355.0
1753531577765,12:06:17.765,A/USDT:USDT,0.5745,88.0,0.5744,556.0,0.5746,35.0,0.5747,355.0
1753531577972,12:06:17.972,A/USDT:USDT,0.5745,88.0,0.5744,556.0,0.5746,80.0,0.5747,355.0
1753531579030,12:06:19.030,A/USDT:USDT,0.5745,88.0,0.5744,556.0,0.5746,80.0,0.5747,355.0
1753531579981,12:06:19.981,A/USDT:USDT,0.5745,88.0,0.5744,556.0,0.5746,80.0,0.5747,355.0
1753531580881,12:06:20.881,A/USDT:USDT,0.5745,88.0,0.5744,556.0,0.5746,80.0,0.5747,355.0
1753531580996,12:06:20.996,A/USDT:USDT,0.5745,88.0,0.5744,556.0,0.5746,80.0,0.5747,355.0
1753531581436,12:06:21.436,A/USDT:USDT,0.5745,88.0,0.5744,556.0,0.5746,80.0,0.5747,355.0
1753531581809,12:06:21.809,A/USDT:USDT,0.5745,88.0,0.5744,298.0,0.5746,80.0,0.5747,355.0
1753531581942,12:06:21.942,A/USDT:USDT,0.5745,88.0,0.5744,298.0,0.5746,80.0,0.5747,355.0
1753531582441,12:06:22.441,A/USDT:USDT,0.5745,88.0,0.5744,298.0,0.5746,80.0,0.5747,355.0
1753531583149,12:06:23.149,A/USDT:USDT,0.5745,88.0,0.5744,298.0,0.5746,74.0,0.5747,355.0
1753531583975,12:06:23.975,A/USDT:USDT,0.5745,88.0,0.5744,298.0,0.5746,80.0,0.5747,355.0
1753531584878,12:06:24.878,A/USDT:USDT,0.5745,88.0,0.5744,298.0,0.5746,80.0,0.5747,355.0
1753531585974,12:06:25.974,A/USDT:USDT,0.5745,88.0,0.5744,298.0,0.5746,32.0,0.5747,286.0
1753531585985,12:06:25.985,A/USDT:USDT,0.5745,88.0,0.5744,298.0,0.5746,32.0,0.5747,286.0
1753531586857,12:06:26.857,A/USDT:USDT,0.5745,88.0,0.5744,298.0,0.5746,20.0,0.5747,286.0
1753531586975,12:06:26.975,A/USDT:USDT,0.5745,88.0,0.5744,298.0,0.5746,26.0,0.5747,286.0
1753531587003,12:06:27.003,A/USDT:USDT,0.5745,88.0,0.5744,298.0,0.5746,20.0,0.5747,286.0
1753531587245,12:06:27.245,A/USDT:USDT,0.5745,88.0,0.5744,298.0,0.5746,26.0,0.5747,286.0
1753531587570,12:06:27.570,A/USDT:USDT,0.5745,88.0,0.5744,298.0,0.5746,26.0,0.5747,286.0
1753531587636,12:06:27.636,A/USDT:USDT,0.5745,88.0,0.5744,298.0,0.5746,32.0,0.5747,286.0
1753531587683,12:06:27.683,A/USDT:USDT,0.5745,88.0,0.5744,298.0,0.5746,26.0,0.5747,286.0
1753531588464,12:06:28.464,A/USDT:USDT,0.5745,88.0,0.5744,298.0,0.5746,26.0,0.5747,286.0
1753531588483,12:06:28.483,A/USDT:USDT,0.5745,88.0,0.5744,298.0,0.5746,32.0,0.5747,286.0
1753531589160,12:06:29.160,A/USDT:USDT,0.5745,88.0,0.5744,298.0,0.5746,26.0,0.5747,286.0
1753531589270,12:06:29.270,A/USDT:USDT,0.5745,88.0,0.5744,298.0,0.5746,20.0,0.5747,286.0
1753531589584,12:06:29.584,A/USDT:USDT,0.5745,88.0,0.5744,298.0,0.5746,26.0,0.5747,286.0
1753531590141,12:06:30.141,A/USDT:USDT,0.5745,88.0,0.5744,298.0,0.5746,32.0,0.5747,286.0
1753531590549,12:06:30.549,A/USDT:USDT,0.5745,88.0,0.5744,298.0,0.5746,32.0,0.5747,286.0
1753531591218,12:06:31.218,A/USDT:USDT,0.5745,88.0,0.5744,298.0,0.5746,26.0,0.5747,286.0
1753531591412,12:06:31.412,A/USDT:USDT,0.5745,88.0,0.5744,298.0,0.5746,26.0,0.5747,286.0
1753531591805,12:06:31.805,A/USDT:USDT,0.5745,88.0,0.5744,298.0,0.5746,26.0,0.5747,286.0
1753531592931,12:06:32.931,A/USDT:USDT,0.5745,88.0,0.5744,298.0,0.5746,20.0,0.5747,286.0
1753531593125,12:06:33.125,A/USDT:USDT,0.5745,88.0,0.5744,298.0,0.5746,26.0,0.5747,286.0
1753531593375,12:06:33.375,A/USDT:USDT,0.5745,88.0,0.5744,298.0,0.5746,292.0,0.5747,286.0
1753531593598,12:06:33.598,A/USDT:USDT,0.5745,88.0,0.5744,298.0,0.5746,292.0,0.5747,286.0
1753531593970,12:06:33.970,A/USDT:USDT,0.5745,88.0,0.5744,298.0,0.5746,292.0,0.5747,286.0
1753531594383,12:06:34.383,A/USDT:USDT,0.5745,88.0,0.5744,298.0,0.5746,292.0,0.5747,286.0
1753531594672,12:06:34.672,A/USDT:USDT,0.5745,88.0,0.5744,298.0,0.5746,292.0,0.5747,286.0
1753531597456,12:06:37.456,A/USDT:USDT,0.5745,88.0,0.5744,298.0,0.5746,292.0,0.5747,286.0
1753531597893,12:06:37.893,A/USDT:USDT,0.5745,88.0,0.5744,298.0,0.5746,292.0,0.5747,286.0
1753531599183,12:06:39.183,A/USDT:USDT,0.5745,88.0,0.5744,298.0,0.5746,292.0,0.5747,286.0
1753531599939,12:06:39.939,A/USDT:USDT,0.5745,88.0,0.5744,298.0,0.5746,272.0,0.5747,286.0
1753531600176,12:06:40.176,A/USDT:USDT,0.5746,88.0,0.5745,88.0,0.5747,292.0,0.5748,258.0
1753531600250,12:06:40.250,A/USDT:USDT,0.5746,88.0,0.5745,88.0,0.5747,292.0,0.5748,258.0
1753531600414,12:06:40.414,A/USDT:USDT,0.5746,88.0,0.5745,297.0,0.5747,292.0,0.5748,258.0
1753531601086,12:06:41.086,A/USDT:USDT,0.5746,88.0,0.5745,297.0,0.5747,78.0,0.5748,258.0
1753531601855,12:06:41.855,A/USDT:USDT,0.5746,88.0,0.5745,297.0,0.5747,78.0,0.5748,258.0
1753531601979,12:06:41.979,A/USDT:USDT,0.5742,266.0,0.5741,266.0,0.5744,355.0,0.5745,711.0
1753531602078,12:06:42.078,A/USDT:USDT,0.5742,88.0,0.5741,563.0,0.5745,270.0,0.5746,407.0
1753531602161,12:06:42.161,A/USDT:USDT,0.5743,88.0,0.5742,567.0,0.5744,23.0,0.5745,12.0
1753531602247,12:06:42.247,A/USDT:USDT,0.5744,1711.0,0.5743,297.0,0.5745,78.0,0.5746,364.0
1753531602344,12:06:42.344,A/USDT:USDT,0.5744,1711.0,0.5743,297.0,0.5745,78.0,0.5746,364.0
1753531602501,12:06:42.501,A/USDT:USDT,0.5744,1711.0,0.5743,297.0,0.5745,78.0,0.5746,364.0
1753531603836,12:06:43.836,A/USDT:USDT,0.5744,1711.0,0.5743,297.0,0.5745,72.0,0.5746,364.0
1753531603977,12:06:43.977,A/USDT:USDT,0.5744,1711.0,0.5743,297.0,0.5745,78.0,0.5746,370.0
1753531604052,12:06:44.052,A/USDT:USDT,0.5744,1711.0,0.5743,297.0,0.5745,78.0,0.5746,370.0
1753531604183,12:06:44.183,A/USDT:USDT,0.5744,1711.0,0.5743,297.0,0.5745,78.0,0.5746,370.0
1753531604280,12:06:44.280,A/USDT:USDT,0.5744,1711.0,0.5743,297.0,0.5745,78.0,0.5746,370.0
1753531604402,12:06:44.402,A/USDT:USDT,0.5744,1711.0,0.5743,297.0,0.5745,354.0,0.5746,370.0
1753531604614,12:06:44.614,A/USDT:USDT,0.5744,1623.0,0.5743,297.0,0.5745,305.0,0.5746,370.0
1753531604788,12:06:44.788,A/USDT:USDT,0.5744,1623.0,0.5743,297.0,0.5745,305.0,0.5746,370.0
1753531605376,12:06:45.376,A/USDT:USDT,0.5744,1623.0,0.5743,297.0,0.5745,299.0,0.5746,364.0
1753531605782,12:06:45.782,A/USDT:USDT,0.5744,1623.0,0.5743,297.0,0.5745,299.0,0.5746,364.0
1753531606309,12:06:46.309,A/USDT:USDT,0.5744,1623.0,0.5743,297.0,0.5745,299.0,0.5746,364.0
1753531606566,12:06:46.566,A/USDT:USDT,0.5744,1623.0,0.5743,297.0,0.5745,293.0,0.5746,358.0
1753531606622,12:06:46.622,A/USDT:USDT,0.5744,1623.0,0.5743,297.0,0.5745,299.0,0.5746,358.0
1753531607799,12:06:47.799,A/USDT:USDT,0.5744,1623.0,0.5743,297.0,0.5745,299.0,0.5746,358.0
1753531607883,12:06:47.883,A/USDT:USDT,0.5744,1623.0,0.5743,297.0,0.5745,350.0,0.5746,358.0
1753531608976,12:06:48.976,A/USDT:USDT,0.5744,1623.0,0.5743,297.0,0.5745,356.0,0.5746,358.0
1753531609065,12:06:49.065,A/USDT:USDT,0.5744,1623.0,0.5743,297.0,0.5745,350.0,0.5746,358.0
1753531610427,12:06:50.427,A/USDT:USDT,0.5744,1623.0,0.5743,297.0,0.5745,350.0,0.5746,358.0
1753531610582,12:06:50.582,A/USDT:USDT,0.5744,1623.0,0.5743,297.0,0.5745,350.0,0.5746,358.0
1753531611474,12:06:51.474,A/USDT:USDT,0.5744,1623.0,0.5743,297.0,0.5745,350.0,0.5746,358.0
1753531611526,12:06:51.526,A/USDT:USDT,0.5744,1623.0,0.5743,297.0,0.5745,344.0,0.5746,358.0
1753531611761,12:06:51.761,A/USDT:USDT,0.5744,1623.0,0.5743,297.0,0.5745,293.0,0.5746,358.0
1753531611943,12:06:51.943,A/USDT:USDT,0.5744,1623.0,0.5743,297.0,0.5745,293.0,0.5746,358.0
1753531612062,12:06:52.062,A/USDT:USDT,0.5744,1623.0,0.5743,297.0,0.5745,299.0,0.5746,358.0
1753531612536,12:06:52.536,A/USDT:USDT,0.5744,1623.0,0.5743,297.0,0.5745,293.0,0.5746,358.0
1753531612974,12:06:52.974,A/USDT:USDT,0.5744,1623.0,0.5743,297.0,0.5745,23.0,0.5746,270.0
1753531613559,12:06:53.559,A/USDT:USDT,0.5744,1623.0,0.5743,297.0,0.5745,29.0,0.5746,270.0
1753531613619,12:06:53.619,A/USDT:USDT,0.5744,1623.0,0.5743,297.0,0.5745,63.0,0.5746,270.0
1753531615384,12:06:55.384,A/USDT:USDT,0.5744,1623.0,0.5743,297.0,0.5745,57.0,0.5746,270.0
1753531615483,12:06:55.483,A/USDT:USDT,0.5744,1623.0,0.5743,297.0,0.5745,63.0,0.5746,270.0
1753531615750,12:06:55.750,A/USDT:USDT,0.5744,1623.0,0.5743,297.0,0.5745,57.0,0.5746,270.0
1753531616310,12:06:56.310,A/USDT:USDT,0.5744,1623.0,0.5743,297.0,0.5745,63.0,0.5746,270.0
1753531616395,12:06:56.395,A/USDT:USDT,0.5744,1623.0,0.5743,297.0,0.5745,57.0,0.5746,270.0
1753531617228,12:06:57.228,A/USDT:USDT,0.5744,1623.0,0.5743,297.0,0.5745,63.0,0.5746,270.0
1753531617362,12:06:57.362,A/USDT:USDT,0.5744,1623.0,0.5743,297.0,0.5745,57.0,0.5746,270.0
1753531620109,12:07:00.109,A/USDT:USDT,0.5744,1623.0,0.5743,297.0,0.5745,63.0,0.5746,270.0
1753531620183,12:07:00.183,A/USDT:USDT,0.5744,1623.0,0.5743,297.0,0.5745,63.0,0.5746,270.0
1753531620824,12:07:00.824,A/USDT:USDT,0.5744,1623.0,0.5743,297.0,0.5745,69.0,0.5746,270.0
1753531622279,12:07:02.279,A/USDT:USDT,0.5744,1623.0,0.5743,297.0,0.5745,63.0,0.5746,270.0
1753531622334,12:07:02.334,A/USDT:USDT,0.5744,1623.0,0.5743,297.0,0.5745,57.0,0.5746,270.0
1753531622392,12:07:02.392,A/USDT:USDT,0.5744,1623.0,0.5743,297.0,0.5745,57.0,0.5746,270.0
1753531622772,12:07:02.772,A/USDT:USDT,0.5744,1623.0,0.5743,297.0,0.5745,69.0,0.5746,270.0
1753531623105,12:07:03.105,A/USDT:USDT,0.5744,1623.0,0.5743,297.0,0.5745,69.0,0.5746,270.0
1753531623183,12:07:03.183,A/USDT:USDT,0.5744,1623.0,0.5743,297.0,0.5745,63.0,0.5746,270.0
1753531623581,12:07:03.581,A/USDT:USDT,0.5744,1623.0,0.5743,297.0,0.5745,69.0,0.5746,270.0
1753531623735,12:07:03.735,A/USDT:USDT,0.5744,1623.0,0.5743,297.0,0.5745,69.0,0.5746,270.0
1753531624778,12:07:04.778,A/USDT:USDT,0.5744,1623.0,0.5743,297.0,0.5745,63.0,0.5746,270.0
1753531624865,12:07:04.865,A/USDT:USDT,0.5744,1623.0,0.5743,297.0,0.5745,57.0,0.5746,270.0
1753531624892,12:07:04.892,A/USDT:USDT,0.5744,1623.0,0.5743,297.0,0.5745,63.0,0.5746,270.0
1753531625002,12:07:05.002,A/USDT:USDT,0.5744,1623.0,0.5743,297.0,0.5745,63.0,0.5746,270.0
1753531625972,12:07:05.972,A/USDT:USDT,0.5744,1623.0,0.5743,297.0,0.5745,69.0,0.5746,270.0
1753531625983,12:07:05.983,A/USDT:USDT,0.5744,1623.0,0.5743,297.0,0.5745,63.0,0.5746,270.0
1753531626363,12:07:06.363,A/USDT:USDT,0.5744,1623.0,0.5743,297.0,0.5745,63.0,0.5746,270.0
1753531626571,12:07:06.571,A/USDT:USDT,0.5744,1623.0,0.5743,297.0,0.5745,63.0,0.5746,270.0
1753531626614,12:07:06.614,A/USDT:USDT,0.5744,1623.0,0.5743,297.0,0.5745,63.0,0.5746,270.0
1753531627122,12:07:07.122,A/USDT:USDT,0.5744,1623.0,0.5743,297.0,0.5745,63.0,0.5746,270.0
1753531627576,12:07:07.576,A/USDT:USDT,0.5744,1623.0,0.5743,297.0,0.5745,328.0,0.5746,270.0
1753531627592,12:07:07.592,A/USDT:USDT,0.5744,1623.0,0.5743,297.0,0.5745,69.0,0.5746,270.0
1753531627784,12:07:07.784,A/USDT:USDT,0.5744,1623.0,0.5743,297.0,0.5745,63.0,0.5746,270.0
1753531628039,12:07:08.039,A/USDT:USDT,0.5744,1623.0,0.5743,297.0,0.5745,57.0,0.5746,270.0
1753531628223,12:07:08.223,A/USDT:USDT,0.5744,1623.0,0.5743,297.0,0.5745,57.0,0.5746,270.0
1753531628762,12:07:08.762,A/USDT:USDT,0.5744,1623.0,0.5743,297.0,0.5745,57.0,0.5746,270.0
1753531629222,12:07:09.222,A/USDT:USDT,0.5744,1623.0,0.5743,297.0,0.5745,57.0,0.5746,270.0
1753531629357,12:07:09.357,A/USDT:USDT,0.5744,1623.0,0.5743,297.0,0.5745,69.0,0.5746,270.0
1753531629383,12:07:09.383,A/USDT:USDT,0.5744,1623.0,0.5743,297.0,0.5745,63.0,0.5746,270.0
1753531629611,12:07:09.611,A/USDT:USDT,0.5744,1623.0,0.5743,297.0,0.5745,57.0,0.5746,270.0
1753531629783,12:07:09.783,A/USDT:USDT,0.5744,1623.0,0.5743,297.0,0.5745,57.0,0.5746,270.0
1753531630334,12:07:10.334,A/USDT:USDT,0.5744,1623.0,0.5743,297.0,0.5745,57.0,0.5746,270.0
1753531630748,12:07:10.748,A/USDT:USDT,0.5744,1623.0,0.5743,297.0,0.5745,57.0,0.5746,270.0
1753531633507,12:07:13.507,A/USDT:USDT,0.5744,1623.0,0.5743,297.0,0.5745,57.0,0.5746,270.0
1753531633668,12:07:13.668,A/USDT:USDT,0.5744,1623.0,0.5743,297.0,0.5745,57.0,0.5746,270.0
1753531634583,12:07:14.583,A/USDT:USDT,0.5744,1623.0,0.5743,297.0,0.5745,57.0,0.5746,270.0
1753531634905,12:07:14.905,A/USDT:USDT,0.5744,1623.0,0.5743,297.0,0.5745,63.0,0.5746,270.0
1753531635054,12:07:15.054,A/USDT:USDT,0.5744,1623.0,0.5743,297.0,0.5745,63.0,0.5746,270.0
1753531635939,12:07:15.939,A/USDT:USDT,0.5744,1623.0,0.5743,297.0,0.5745,63.0,0.5746,270.0
1753531636022,12:07:16.022,A/USDT:USDT,0.5744,1623.0,0.5743,297.0,0.5745,57.0,0.5746,270.0
1753531636164,12:07:16.164,A/USDT:USDT,0.5744,1623.0,0.5743,297.0,0.5745,63.0,0.5746,270.0
1753531636836,12:07:16.836,A/USDT:USDT,0.5744,1623.0,0.5743,297.0,0.5745,69.0,0.5746,648.0
1753531637968,12:07:17.968,A/USDT:USDT,0.5744,1623.0,0.5743,297.0,0.5745,327.0,0.5746,648.0
1753531639383,12:07:19.383,A/USDT:USDT,0.5744,1623.0,0.5743,297.0,0.5745,327.0,0.5746,648.0
1753531640071,12:07:20.071,A/USDT:USDT,0.5744,1623.0,0.5743,297.0,0.5745,327.0,0.5746,648.0
1753531640266,12:07:20.266,A/USDT:USDT,0.5744,1623.0,0.5743,297.0,0.5745,327.0,0.5746,648.0
1753531640579,12:07:20.579,A/USDT:USDT,0.5744,1623.0,0.5743,297.0,0.5745,327.0,0.5746,648.0
1753531640706,12:07:20.706,A/USDT:USDT,0.5744,1623.0,0.5743,297.0,0.5745,327.0,0.5746,648.0
1753531643071,12:07:23.071,A/USDT:USDT,0.5744,1623.0,0.5743,297.0,0.5745,327.0,0.5746,648.0
1753531644041,12:07:24.041,A/USDT:USDT,0.5744,1623.0,0.5743,297.0,0.5745,327.0,0.5746,648.0
1753531644183,12:07:24.183,A/USDT:USDT,0.5744,1623.0,0.5743,297.0,0.5745,327.0,0.5746,648.0
1753531644944,12:07:24.944,A/USDT:USDT,0.5744,1623.0,0.5743,297.0,0.5745,321.0,0.5746,648.0
1753531645079,12:07:25.079,A/USDT:USDT,0.5744,1623.0,0.5743,297.0,0.5745,321.0,0.5746,648.0
1753531645497,12:07:25.497,A/USDT:USDT,0.5744,1623.0,0.5743,297.0,0.5745,327.0,0.5746,648.0
1753531646654,12:07:26.654,A/USDT:USDT,0.5744,1623.0,0.5743,297.0,0.5745,315.0,0.5746,648.0
1753531646871,12:07:26.871,A/USDT:USDT,0.5744,1623.0,0.5743,297.0,0.5745,327.0,0.5746,648.0
1753531647126,12:07:27.126,A/USDT:USDT,0.5744,1623.0,0.5743,297.0,0.5745,327.0,0.5746,648.0
1753531648830,12:07:28.830,A/USDT:USDT,0.5744,1623.0,0.5743,297.0,0.5745,327.0,0.5746,648.0
1753531649002,12:07:29.002,A/USDT:USDT,0.5744,1623.0,0.5743,297.0,0.5745,327.0,0.5746,648.0
1753531649585,12:07:29.585,A/USDT:USDT,0.5744,1623.0,0.5743,297.0,0.5745,327.0,0.5746,648.0
1753531651155,12:07:31.155,A/USDT:USDT,0.5744,1623.0,0.5743,297.0,0.5745,327.0,0.5746,648.0
1753531652586,12:07:32.586,A/USDT:USDT,0.5744,1623.0,0.5743,297.0,0.5745,327.0,0.5746,648.0
1753531652972,12:07:32.972,A/USDT:USDT,0.5744,1623.0,0.5743,297.0,0.5745,327.0,0.5746,648.0
1753531652982,12:07:32.982,A/USDT:USDT,0.5744,1623.0,0.5743,297.0,0.5745,327.0,0.5746,648.0
1753531653142,12:07:33.142,A/USDT:USDT,0.5744,1623.0,0.5743,297.0,0.5745,327.0,0.5746,648.0
1753531653471,12:07:33.471,A/USDT:USDT,0.5744,1623.0,0.5743,297.0,0.5745,327.0,0.5746,648.0
1753531653537,12:07:33.537,A/USDT:USDT,0.5744,1623.0,0.5743,297.0,0.5745,327.0,0.5746,648.0
1753531653704,12:07:33.704,A/USDT:USDT,0.5744,1623.0,0.5743,297.0,0.5745,327.0,0.5746,648.0
1753531653784,12:07:33.784,A/USDT:USDT,0.5744,1623.0,0.5743,297.0,0.5745,327.0,0.5746,648.0
1753531653922,12:07:33.922,A/USDT:USDT,0.5744,1623.0,0.5743,297.0,0.5745,327.0,0.5746,648.0
1753531655573,12:07:35.573,A/USDT:USDT,0.574,149.0,0.5739,818.0,0.5744,267.0,0.5745,281.0
1753531655677,12:07:35.677,A/USDT:USDT,0.574,149.0,0.5739,1115.0,0.5743,267.0,0.5744,296.0
1753531655772,12:07:35.772,A/USDT:USDT,0.574,149.0,0.5739,1115.0,0.5743,267.0,0.5744,296.0
1753531655832,12:07:35.832,A/USDT:USDT,0.574,149.0,0.5739,1115.0,0.5743,267.0,0.5744,296.0
1753531655888,12:07:35.888,A/USDT:USDT,0.574,149.0,0.5739,1115.0,0.5743,267.0,0.5744,296.0
1753531656273,12:07:36.273,A/USDT:USDT,0.574,961.0,0.5739,1115.0,0.5743,267.0,0.5744,296.0
1753531656643,12:07:36.643,A/USDT:USDT,0.574,816.0,0.5739,1115.0,0.5743,267.0,0.5744,296.0
1753531656726,12:07:36.726,A/USDT:USDT,0.574,816.0,0.5739,1115.0,0.5743,267.0,0.5744,296.0
1753531656945,12:07:36.945,A/USDT:USDT,0.574,816.0,0.5739,1115.0,0.5743,267.0,0.5744,296.0
1753531657521,12:07:37.521,A/USDT:USDT,0.574,816.0,0.5739,1115.0,0.5743,267.0,0.5744,296.0
1753531658584,12:07:38.584,A/USDT:USDT,0.574,816.0,0.5739,1115.0,0.5743,267.0,0.5744,296.0
1753531658860,12:07:38.860,A/USDT:USDT,0.574,816.0,0.5739,1115.0,0.5743,267.0,0.5744,267.0
1753531658973,12:07:38.973,A/USDT:USDT,0.5742,88.0,0.5741,297.0,0.5744,411.0,0.5745,258.0
1753531659072,12:07:39.072,A/USDT:USDT,0.5742,88.0,0.5741,297.0,0.5744,405.0,0.5745,1058.0
1753531659176,12:07:39.176,A/USDT:USDT,0.5742,88.0,0.5741,297.0,0.5744,405.0,0.5745,1058.0
1753531659587,12:07:39.587,A/USDT:USDT,0.5742,88.0,0.5741,297.0,0.5744,411.0,0.5745,1058.0
1753531659878,12:07:39.878,A/USDT:USDT,0.5739,258.0,0.5738,269.0,0.5743,281.0,0.5744,1110.0
1753531659974,12:07:39.974,A/USDT:USDT,0.5741,88.0,0.574,297.0,0.5742,281.0,0.5743,756.0
1753531660062,12:07:40.062,A/USDT:USDT,0.5741,88.0,0.574,297.0,0.5742,281.0,0.5743,756.0
1753531660243,12:07:40.243,A/USDT:USDT,0.5741,88.0,0.574,297.0,0.5742,281.0,0.5743,756.0
1753531660376,12:07:40.376,A/USDT:USDT,0.5741,88.0,0.574,297.0,0.5742,281.0,0.5743,281.0
1753531660799,12:07:40.799,A/USDT:USDT,0.5741,88.0,0.574,297.0,0.5742,281.0,0.5743,281.0
1753531661269,12:07:41.269,A/USDT:USDT,0.5741,88.0,0.574,297.0,0.5742,281.0,0.5743,281.0
1753531661914,12:07:41.914,A/USDT:USDT,0.5741,88.0,0.574,297.0,0.5742,281.0,0.5743,281.0
1753531662415,12:07:42.415,A/USDT:USDT,0.5741,88.0,0.574,297.0,0.5742,12.0,0.5743,281.0
1753531662563,12:07:42.563,A/USDT:USDT,0.5741,88.0,0.574,297.0,0.5742,12.0,0.5743,281.0
1753531662948,12:07:42.948,A/USDT:USDT,0.5742,132.0,0.5741,88.0,0.5743,275.0,0.5744,2078.0
1753531663055,12:07:43.055,A/USDT:USDT,0.5741,88.0,0.5739,269.0,0.5743,275.0,0.5744,2078.0
1753531663160,12:07:43.160,A/USDT:USDT,0.5741,88.0,0.574,297.0,0.5743,275.0,0.5744,2072.0
1753531663240,12:07:43.240,A/USDT:USDT,0.5741,88.0,0.574,297.0,0.5743,275.0,0.5744,2072.0
1753531663385,12:07:43.385,A/USDT:USDT,0.5741,88.0,0.574,297.0,0.5743,275.0,0.5744,2072.0
1753531664307,12:07:44.307,A/USDT:USDT,0.5741,88.0,0.574,297.0,0.5743,281.0,0.5744,2072.0
1753531664463,12:07:44.463,A/USDT:USDT,0.5741,88.0,0.574,297.0,0.5743,281.0,0.5744,2072.0
1753531664555,12:07:44.555,A/USDT:USDT,0.5741,88.0,0.574,297.0,0.5743,275.0,0.5744,2072.0
1753531664792,12:07:44.792,A/USDT:USDT,0.5741,88.0,0.574,297.0,0.5743,275.0,0.5744,2072.0
1753531665216,12:07:45.216,A/USDT:USDT,0.5741,88.0,0.574,297.0,0.5743,275.0,0.5744,2072.0
1753531665578,12:07:45.578,A/USDT:USDT,0.5737,258.0,0.5736,2793.0,0.5743,269.0,0.5744,2066.0
1753531665652,12:07:45.652,A/USDT:USDT,0.5737,258.0,0.5736,2793.0,0.5742,269.0,0.5743,317.0
1753531665742,12:07:45.742,A/USDT:USDT,0.5737,692.0,0.5736,3090.0,0.5742,269.0,0.5743,317.0
1753531666123,12:07:46.123,A/USDT:USDT,0.5737,692.0,0.5736,3090.0,0.5742,269.0,0.5743,317.0
1753531666379,12:07:46.379,A/USDT:USDT,0.5737,692.0,0.5736,3090.0,0.5743,317.0,0.5744,2066.0
1753531666463,12:07:46.463,A/USDT:USDT,0.574,88.0,0.5739,566.0,0.5743,323.0,0.5744,2066.0
1753531666549,12:07:46.549,A/USDT:USDT,0.574,357.0,0.5739,566.0,0.5743,323.0,0.5744,2066.0
1753531666612,12:07:46.612,A/USDT:USDT,0.574,357.0,0.5739,566.0,0.5743,323.0,0.5744,2066.0
1753531666878,12:07:46.878,A/USDT:USDT,0.574,88.0,0.5739,88.0,0.5743,323.0,0.5744,2066.0
1753531666974,12:07:46.974,A/USDT:USDT,0.574,88.0,0.5739,297.0,0.5743,329.0,0.5744,2066.0
1753531666980,12:07:46.980,A/USDT:USDT,0.574,88.0,0.5739,297.0,0.5743,329.0,0.5744,2066.0
1753531667791,12:07:47.791,A/USDT:USDT,0.574,88.0,0.5739,297.0,0.5743,329.0,0.5744,2066.0
1753531668205,12:07:48.205,A/USDT:USDT,0.574,88.0,0.5739,297.0,0.5743,323.0,0.5744,2066.0
1753531668639,12:07:48.639,A/USDT:USDT,0.574,88.0,0.5739,297.0,0.5743,323.0,0.5744,2066.0
1753531668965,12:07:48.965,A/USDT:USDT,0.574,352.0,0.5739,297.0,0.5743,323.0,0.5744,2066.0
1753531669026,12:07:49.026,A/USDT:USDT,0.574,352.0,0.5739,297.0,0.5743,269.0,0.5744,2066.0
1753531670563,12:07:50.563,A/USDT:USDT,0.574,352.0,0.5739,297.0,0.5743,269.0,0.5744,2066.0
1753531670648,12:07:50.648,A/USDT:USDT,0.574,352.0,0.5739,297.0,0.5743,269.0,0.5744,2066.0
1753531671014,12:07:51.014,A/USDT:USDT,0.574,352.0,0.5739,297.0,0.5743,269.0,0.5744,2066.0
1753531671871,12:07:51.871,A/USDT:USDT,0.574,352.0,0.5739,297.0,0.5743,269.0,0.5744,2066.0
1753531673014,12:07:53.014,A/USDT:USDT,0.574,352.0,0.5739,297.0,0.5743,269.0,0.5744,2066.0
1753531673276,12:07:53.276,A/USDT:USDT,0.574,352.0,0.5739,297.0,0.5743,314.0,0.5744,2066.0
1753531674218,12:07:54.218,A/USDT:USDT,0.574,352.0,0.5739,297.0,0.5743,314.0,0.5744,2066.0
1753531674378,12:07:54.378,A/USDT:USDT,0.574,88.0,0.5739,88.0,0.5741,361.0,0.5742,258.0
1753531674441,12:07:54.441,A/USDT:USDT,0.574,88.0,0.5739,297.0,0.5741,6.0,0.5742,264.0
1753531674483,12:07:54.483,A/USDT:USDT,0.574,88.0,0.5739,297.0,0.5741,6.0,0.5742,264.0
1753531674700,12:07:54.700,A/USDT:USDT,0.574,88.0,0.5739,297.0,0.5741,6.0,0.5742,264.0
1753531674950,12:07:54.950,A/USDT:USDT,0.574,88.0,0.5739,297.0,0.5741,6.0,0.5742,264.0
1753531675178,12:07:55.178,A/USDT:USDT,0.5739,297.0,0.5738,269.0,0.5741,270.0,0.5742,264.0
1753531675232,12:07:55.232,A/USDT:USDT,0.5739,88.0,0.5738,269.0,0.5742,270.0,0.5743,314.0
1753531675422,12:07:55.422,A/USDT:USDT,0.5739,88.0,0.5738,269.0,0.5742,270.0,0.5743,314.0
1753531675513,12:07:55.513,A/USDT:USDT,0.5739,88.0,0.5738,269.0,0.5742,270.0,0.5743,314.0
1753531676978,12:07:56.978,A/USDT:USDT,0.5739,88.0,0.5738,269.0,0.5742,270.0,0.5743,269.0
1753531677784,12:07:57.784,A/USDT:USDT,0.5739,88.0,0.5738,269.0,0.5742,270.0,0.5743,269.0
1753531678363,12:07:58.363,A/USDT:USDT,0.5739,88.0,0.5738,269.0,0.5742,270.0,0.5743,269.0
1753531678862,12:07:58.862,A/USDT:USDT,0.5739,88.0,0.5738,269.0,0.5742,270.0,0.5743,269.0
1753531679551,12:07:59.551,A/USDT:USDT,0.5739,94.0,0.5738,269.0,0.5742,264.0,0.5743,269.0
1753531679622,12:07:59.622,A/USDT:USDT,0.5739,88.0,0.5738,269.0,0.5742,327.0,0.5743,269.0
1753531679719,12:07:59.719,A/USDT:USDT,0.5739,94.0,0.5738,269.0,0.5742,327.0,0.5743,269.0
1753531679976,12:07:59.976,A/USDT:USDT,0.5739,94.0,0.5738,269.0,0.5742,327.0,0.5743,269.0
1753531679982,12:07:59.982,A/USDT:USDT,0.5739,94.0,0.5738,269.0,0.5742,327.0,0.5743,269.0
1753531680179,12:08:00.179,A/USDT:USDT,0.5739,94.0,0.5738,269.0,0.5742,327.0,0.5743,269.0
1753531680356,12:08:00.356,A/USDT:USDT,0.5739,88.0,0.5738,269.0,0.5742,327.0,0.5743,269.0
1753531680679,12:08:00.679,A/USDT:USDT,0.5739,88.0,0.5738,269.0,0.5742,327.0,0.5743,269.0
1753531680755,12:08:00.755,A/USDT:USDT,0.5739,94.0,0.5738,269.0,0.5742,327.0,0.5743,858.0
1753531681086,12:08:01.086,A/USDT:USDT,0.5739,88.0,0.5738,269.0,0.5742,327.0,0.5743,858.0
1753531681543,12:08:01.543,A/USDT:USDT,0.5739,100.0,0.5738,269.0,0.5742,315.0,0.5743,858.0
1753531681702,12:08:01.702,A/USDT:USDT,0.5739,94.0,0.5738,269.0,0.5742,315.0,0.5743,858.0
1753531682322,12:08:02.322,A/USDT:USDT,0.5739,94.0,0.5738,269.0,0.5742,315.0,0.5743,858.0
1753531682602,12:08:02.602,A/USDT:USDT,0.5739,94.0,0.5738,269.0,0.5742,315.0,0.5743,858.0
1753531683041,12:08:03.041,A/USDT:USDT,0.5739,94.0,0.5738,269.0,0.5742,315.0,0.5743,858.0
1753531683353,12:08:03.353,A/USDT:USDT,0.5739,88.0,0.5738,269.0,0.5742,327.0,0.5743,858.0
1753531683399,12:08:03.399,A/USDT:USDT,0.5739,94.0,0.5738,269.0,0.5742,327.0,0.5743,858.0
1753531683537,12:08:03.537,A/USDT:USDT,0.5739,88.0,0.5738,269.0,0.5742,327.0,0.5743,858.0
1753531685129,12:08:05.129,A/USDT:USDT,0.5739,88.0,0.5738,269.0,0.5742,327.0,0.5743,858.0
1753531685218,12:08:05.218,A/USDT:USDT,0.5739,88.0,0.5738,269.0,0.5742,327.0,0.5743,858.0
1753531685769,12:08:05.769,A/USDT:USDT,0.5739,88.0,0.5738,269.0,0.5742,327.0,0.5743,858.0
1753531685782,12:08:05.782,A/USDT:USDT,0.5739,88.0,0.5738,269.0,0.5742,327.0,0.5743,858.0
1753531687386,12:08:07.386,A/USDT:USDT,0.5739,88.0,0.5738,269.0,0.5742,327.0,0.5743,858.0
1753531688237,12:08:08.237,A/USDT:USDT,0.5739,351.0,0.5738,269.0,0.5742,327.0,0.5743,858.0
1753531688295,12:08:08.295,A/USDT:USDT,0.5739,345.0,0.5738,269.0,0.5742,327.0,0.5743,858.0
1753531691863,12:08:11.863,A/USDT:USDT,0.574,88.0,0.5739,345.0,0.5742,327.0,0.5743,858.0
1753531691978,12:08:11.978,A/USDT:USDT,0.5741,88.0,0.574,554.0,0.5743,645.0,0.5744,2940.0
1753531692028,12:08:12.028,A/USDT:USDT,0.5741,88.0,0.574,554.0,0.5743,709.0,0.5744,2940.0
1753531692143,12:08:12.143,A/USDT:USDT,0.5741,88.0,0.574,554.0,0.5743,715.0,0.5744,2940.0
1753531692253,12:08:12.253,A/USDT:USDT,0.5741,88.0,0.574,554.0,0.5743,715.0,0.5744,2940.0
1753531693195,12:08:13.195,A/USDT:USDT,0.5741,88.0,0.574,554.0,0.5743,715.0,0.5744,2940.0
1753531693668,12:08:13.668,A/USDT:USDT,0.5741,88.0,0.574,554.0,0.5743,715.0,0.5744,2940.0
1753531693879,12:08:13.879,A/USDT:USDT,0.574,88.0,0.5739,297.0,0.5742,269.0,0.5743,657.0
1753531694051,12:08:14.051,A/USDT:USDT,0.574,88.0,0.5739,297.0,0.5742,318.0,0.5743,657.0
1753531696205,12:08:16.205,A/USDT:USDT,0.574,88.0,0.5739,297.0,0.5742,318.0,0.5743,657.0
1753531696471,12:08:16.471,A/USDT:USDT,0.574,88.0,0.5739,297.0,0.5742,318.0,0.5743,657.0
1753531696849,12:08:16.849,A/USDT:USDT,0.574,88.0,0.5739,297.0,0.5742,318.0,0.5743,657.0
1753531696887,12:08:16.887,A/USDT:USDT,0.574,88.0,0.5739,297.0,0.5742,318.0,0.5743,657.0
1753531696984,12:08:16.984,A/USDT:USDT,0.574,88.0,0.5739,297.0,0.5742,318.0,0.5743,657.0
1753531697354,12:08:17.354,A/USDT:USDT,0.574,88.0,0.5739,297.0,0.5742,318.0,0.5743,657.0
1753531701064,12:08:21.064,A/USDT:USDT,0.574,88.0,0.5739,297.0,0.5741,274.0,0.5742,263.0
1753531701195,12:08:21.195,A/USDT:USDT,0.574,88.0,0.5739,297.0,0.5741,325.0,0.5742,263.0
1753531701449,12:08:21.449,A/USDT:USDT,0.574,88.0,0.5739,297.0,0.5741,57.0,0.5742,263.0
1753531701577,12:08:21.577,A/USDT:USDT,0.574,88.0,0.5739,297.0,0.5741,57.0,0.5742,257.0
1753531701785,12:08:21.785,A/USDT:USDT,0.574,88.0,0.5739,297.0,0.5741,57.0,0.5742,257.0
1753531702121,12:08:22.121,A/USDT:USDT,0.574,88.0,0.5739,297.0,0.5741,57.0,0.5742,257.0
1753531702364,12:08:22.364,A/USDT:USDT,0.5739,297.0,0.5738,269.0,0.5741,69.0,0.5742,257.0
1753531702432,12:08:22.432,A/USDT:USDT,0.5737,258.0,0.5736,2558.0,0.5741,63.0,0.5742,257.0
1753531702533,12:08:22.533,A/USDT:USDT,0.5737,258.0,0.5736,2558.0,0.5741,63.0,0.5742,257.0
1753531702948,12:08:22.948,A/USDT:USDT,0.5737,258.0,0.5736,2558.0,0.5741,63.0,0.5742,257.0
1753531703765,12:08:23.765,A/USDT:USDT,0.5737,258.0,0.5736,2558.0,0.5741,63.0,0.5742,257.0
1753531704119,12:08:24.119,A/USDT:USDT,0.5737,258.0,0.5736,2558.0,0.5741,63.0,0.5742,257.0
1753531704181,12:08:24.181,A/USDT:USDT,0.5737,258.0,0.5736,2558.0,0.5741,63.0,0.5742,257.0
1753531704870,12:08:24.870,A/USDT:USDT,0.5737,258.0,0.5736,2558.0,0.5741,57.0,0.5742,257.0
1753531706585,12:08:26.585,A/USDT:USDT,0.5737,258.0,0.5736,2558.0,0.5741,57.0,0.5742,257.0
1753531707272,12:08:27.272,A/USDT:USDT,0.5737,258.0,0.5736,2558.0,0.5741,57.0,0.5742,257.0
1753531711385,12:08:31.385,A/USDT:USDT,0.5737,258.0,0.5736,2558.0,0.5741,57.0,0.5742,257.0
1753531711834,12:08:31.834,A/USDT:USDT,0.5737,258.0,0.5736,2558.0,0.5741,57.0,0.5742,257.0
1753531712002,12:08:32.002,A/USDT:USDT,0.5737,258.0,0.5736,2558.0,0.5741,57.0,0.5742,257.0
1753531712085,12:08:32.085,A/USDT:USDT,0.5737,258.0,0.5736,2558.0,0.5741,57.0,0.5742,257.0
1753531712238,12:08:32.238,A/USDT:USDT,0.5737,258.0,0.5736,2558.0,0.5741,57.0,0.5742,257.0
1753531713788,12:08:33.788,A/USDT:USDT,0.5737,258.0,0.5736,2558.0,0.5741,57.0,0.5742,257.0
1753531715286,12:08:35.286,A/USDT:USDT,0.5737,258.0,0.5736,2558.0,0.5741,57.0,0.5742,257.0
1753531715438,12:08:35.438,A/USDT:USDT,0.5737,258.0,0.5736,2558.0,0.5741,57.0,0.5742,257.0
1753531715562,12:08:35.562,A/USDT:USDT,0.5737,258.0,0.5736,2558.0,0.5741,57.0,0.5742,257.0
1753531715590,12:08:35.590,A/USDT:USDT,0.5737,258.0,0.5736,2558.0,0.5741,57.0,0.5742,257.0
1753531716156,12:08:36.156,A/USDT:USDT,0.5737,258.0,0.5736,2558.0,0.5741,57.0,0.5742,257.0
1753531716185,12:08:36.185,A/USDT:USDT,0.5737,258.0,0.5736,2558.0,0.5741,57.0,0.5742,257.0
1753531716309,12:08:36.309,A/USDT:USDT,0.5737,258.0,0.5736,2558.0,0.5741,57.0,0.5742,257.0
1753531716558,12:08:36.558,A/USDT:USDT,0.5739,88.0,0.5737,555.0,0.574,272.0,0.5741,6.0
1753531716675,12:08:36.675,A/USDT:USDT,0.5739,88.0,0.5737,555.0,0.574,272.0,0.5741,6.0
1753531717978,12:08:37.978,A/USDT:USDT,0.5739,88.0,0.5737,555.0,0.574,266.0,0.5741,12.0
1753531718036,12:08:38.036,A/USDT:USDT,0.5739,88.0,0.5737,555.0,0.574,272.0,0.5741,12.0
1753531718157,12:08:38.157,A/USDT:USDT,0.5739,88.0,0.5737,555.0,0.574,272.0,0.5741,12.0
1753531718316,12:08:38.316,A/USDT:USDT,0.5739,88.0,0.5737,555.0,0.574,272.0,0.5741,12.0
1753531718395,12:08:38.395,A/USDT:USDT,0.5739,88.0,0.5737,555.0,0.574,266.0,0.5741,12.0
1753531718865,12:08:38.865,A/USDT:USDT,0.5739,88.0,0.5737,555.0,0.574,272.0,0.5741,12.0
1753531718883,12:08:38.883,A/USDT:USDT,0.5739,88.0,0.5737,555.0,0.574,266.0,0.5741,12.0
1753531718984,12:08:38.984,A/USDT:USDT,0.5739,88.0,0.5737,555.0,0.574,272.0,0.5741,12.0
1753531719139,12:08:39.139,A/USDT:USDT,0.5736,2261.0,0.5735,5450.0,0.574,261.0,0.5741,355.0
1753531719238,12:08:39.238,A/USDT:USDT,0.5736,1906.0,0.5735,5450.0,0.574,261.0,0.5741,355.0
1753531719362,12:08:39.362,A/USDT:USDT,0.5736,1906.0,0.5735,5450.0,0.574,261.0,0.5741,355.0
1753531719550,12:08:39.550,A/USDT:USDT,0.5736,1906.0,0.5735,5450.0,0.574,261.0,0.5741,355.0
1753531719900,12:08:39.900,A/USDT:USDT,0.5736,1906.0,0.5735,5747.0,0.574,261.0,0.5741,355.0
1753531719982,12:08:39.982,A/USDT:USDT,0.5736,1906.0,0.5735,5747.0,0.574,261.0,0.5741,355.0
1753531720207,12:08:40.207,A/USDT:USDT,0.5736,1906.0,0.5735,5747.0,0.574,261.0,0.5741,355.0
1753531720378,12:08:40.378,A/USDT:USDT,0.5736,1906.0,0.5735,5747.0,0.574,261.0,0.5741,355.0
1753531720400,12:08:40.400,A/USDT:USDT,0.5736,1906.0,0.5735,5747.0,0.574,261.0,0.5741,355.0
1753531720693,12:08:40.693,A/USDT:USDT,0.5736,1906.0,0.5735,5747.0,0.574,261.0,0.5741,355.0
1753531720800,12:08:40.800,A/USDT:USDT,0.5736,1906.0,0.5735,5747.0,0.574,261.0,0.5741,355.0
1753531720927,12:08:40.927,A/USDT:USDT,0.5736,1906.0,0.5735,5747.0,0.574,261.0,0.5741,355.0
1753531721005,12:08:41.005,A/USDT:USDT,0.5736,1906.0,0.5735,5747.0,0.574,261.0,0.5741,355.0
1753531721113,12:08:41.113,A/USDT:USDT,0.5736,1906.0,0.5735,5747.0,0.574,261.0,0.5741,355.0
1753531723633,12:08:43.633,A/USDT:USDT,0.5736,1906.0,0.5735,5747.0,0.574,261.0,0.5741,355.0
1753531724769,12:08:44.769,A/USDT:USDT,0.5736,1906.0,0.5735,5747.0,0.574,261.0,0.5741,355.0
1753531724811,12:08:44.811,A/USDT:USDT,0.5736,1906.0,0.5735,5747.0,0.574,261.0,0.5741,355.0
1753531724909,12:08:44.909,A/USDT:USDT,0.5736,1906.0,0.5735,5747.0,0.574,261.0,0.5741,355.0
1753531725270,12:08:45.270,A/USDT:USDT,0.5736,1906.0,0.5735,5747.0,0.574,261.0,0.5741,355.0
1753531725785,12:08:45.785,A/USDT:USDT,0.5736,1906.0,0.5735,5747.0,0.574,261.0,0.5741,355.0
1753531726875,12:08:46.875,A/USDT:USDT,0.5739,88.0,0.5737,361.0,0.574,273.0,0.5741,355.0
1753531726903,12:08:46.903,A/USDT:USDT,0.5739,88.0,0.5737,564.0,0.574,267.0,0.5741,361.0
1753531727279,12:08:47.279,A/USDT:USDT,0.5739,88.0,0.5737,564.0,0.574,267.0,0.5741,361.0
1753531727282,12:08:47.282,A/USDT:USDT,0.5739,88.0,0.5737,564.0,0.574,267.0,0.5741,361.0
1753531727497,12:08:47.497,A/USDT:USDT,0.5739,88.0,0.5737,564.0,0.574,267.0,0.5741,361.0
1753531727699,12:08:47.699,A/USDT:USDT,0.5739,88.0,0.5737,564.0,0.574,267.0,0.5741,361.0
1753531730585,12:08:50.585,A/USDT:USDT,0.5739,88.0,0.5737,564.0,0.574,267.0,0.5741,361.0
1753531730904,12:08:50.904,A/USDT:USDT,0.5739,88.0,0.5737,564.0,0.574,267.0,0.5741,361.0
1753531731406,12:08:51.406,A/USDT:USDT,0.5739,88.0,0.5737,564.0,0.574,267.0,0.5741,361.0
1753531731671,12:08:51.671,A/USDT:USDT,0.5739,88.0,0.5737,564.0,0.574,267.0,0.5741,361.0
1753531731740,12:08:51.740,A/USDT:USDT,0.5739,88.0,0.5737,564.0,0.574,267.0,0.5741,361.0
1753531732106,12:08:52.106,A/USDT:USDT,0.5739,88.0,0.5737,564.0,0.574,267.0,0.5741,361.0
1753531733161,12:08:53.161,A/USDT:USDT,0.5737,88.0,0.5736,2203.0,0.574,273.0,0.5741,361.0
1753531733202,12:08:53.202,A/USDT:USDT,0.5737,88.0,0.5736,2203.0,0.574,273.0,0.5741,361.0
1753531733363,12:08:53.363,A/USDT:USDT,0.5737,88.0,0.5736,2203.0,0.574,273.0,0.5741,361.0
1753531733527,12:08:53.527,A/USDT:USDT,0.5737,88.0,0.5736,2203.0,0.574,273.0,0.5741,361.0
1753531733776,12:08:53.776,A/USDT:USDT,0.5737,88.0,0.5736,2203.0,0.574,273.0,0.5741,361.0
1753531733883,12:08:53.883,A/USDT:USDT,0.5737,88.0,0.5736,2203.0,0.574,279.0,0.5741,361.0
1753531734193,12:08:54.193,A/USDT:USDT,0.5737,88.0,0.5736,2203.0,0.574,279.0,0.5741,361.0
1753531734640,12:08:54.640,A/USDT:USDT,0.5737,88.0,0.5736,2203.0,0.5739,279.0,0.574,261.0
1753531735202,12:08:55.202,A/USDT:USDT,0.5737,88.0,0.5736,2203.0,0.5739,279.0,0.574,261.0
1753531735402,12:08:55.402,A/USDT:USDT,0.5737,88.0,0.5736,2203.0,0.5739,279.0,0.574,261.0
1753531736661,12:08:56.661,A/USDT:USDT,0.5737,88.0,0.5736,2203.0,0.5739,279.0,0.574,261.0
1753531740203,12:09:00.203,A/USDT:USDT,0.5737,88.0,0.5736,2203.0,0.5739,279.0,0.574,261.0
1753531740463,12:09:00.463,A/USDT:USDT,0.5735,269.0,0.5734,279.0,0.5738,367.0,0.5739,267.0
1753531740570,12:09:00.570,A/USDT:USDT,0.5734,10.0,0.5733,556.0,0.5738,416.0,0.5739,267.0
1753531740654,12:09:00.654,A/USDT:USDT,0.5734,10.0,0.5733,556.0,0.5736,277.0,0.5737,265.0
1753531740762,12:09:00.762,A/USDT:USDT,0.5734,10.0,0.5733,557.0,0.5736,277.0,0.5737,265.0
1753531740872,12:09:00.872,A/USDT:USDT,0.5734,10.0,0.5733,259.0,0.5736,277.0,0.5737,265.0
1753531740930,12:09:00.930,A/USDT:USDT,0.5734,10.0,0.5733,259.0,0.5736,277.0,0.5737,265.0
1753531741362,12:09:01.362,A/USDT:USDT,0.5734,10.0,0.5733,557.0,0.5736,277.0,0.5737,265.0
1753531741463,12:09:01.463,A/USDT:USDT,0.5734,10.0,0.5733,557.0,0.5736,277.0,0.5737,265.0
1753531741948,12:09:01.948,A/USDT:USDT,0.5734,10.0,0.5733,557.0,0.5736,12.0,0.5737,265.0
1753531742144,12:09:02.144,A/USDT:USDT,0.5734,10.0,0.5733,557.0,0.5736,71.0,0.5737,265.0
1753531742864,12:09:02.864,A/USDT:USDT,0.5734,10.0,0.5733,557.0,0.5736,18.0,0.5737,265.0
1753531743555,12:09:03.555,A/USDT:USDT,0.5734,275.0,0.5733,557.0,0.5736,12.0,0.5737,265.0
1753531743761,12:09:03.761,A/USDT:USDT,0.5734,275.0,0.5733,557.0,0.5736,12.0,0.5737,265.0
1753531744837,12:09:04.837,A/USDT:USDT,0.5734,275.0,0.5733,557.0,0.5736,18.0,0.5737,265.0
1753531745504,12:09:05.504,A/USDT:USDT,0.5734,275.0,0.5733,557.0,0.5736,18.0,0.5737,265.0
1753531745771,12:09:05.771,A/USDT:USDT,0.5734,10.0,0.5733,557.0,0.5736,18.0,0.5737,265.0
1753531745803,12:09:05.803,A/USDT:USDT,0.5734,10.0,0.5733,557.0,0.5736,18.0,0.5737,265.0
1753531745939,12:09:05.939,A/USDT:USDT,0.5734,10.0,0.5733,557.0,0.5736,18.0,0.5737,265.0
1753531746029,12:09:06.029,A/USDT:USDT,0.5734,10.0,0.5733,557.0,0.5736,18.0,0.5737,265.0
1753531746118,12:09:06.118,A/USDT:USDT,0.5734,10.0,0.5733,557.0,0.5736,283.0,0.5737,265.0
1753531746190,12:09:06.190,A/USDT:USDT,0.5734,10.0,0.5733,557.0,0.5736,283.0,0.5737,265.0
1753531746522,12:09:06.522,A/USDT:USDT,0.5734,10.0,0.5733,557.0,0.5736,283.0,0.5737,265.0
1753531746750,12:09:06.750,A/USDT:USDT,0.5734,10.0,0.5733,557.0,0.5736,277.0,0.5737,265.0
1753531746794,12:09:06.794,A/USDT:USDT,0.5734,10.0,0.5733,557.0,0.5736,277.0,0.5737,265.0
1753531747137,12:09:07.137,A/USDT:USDT,0.5734,10.0,0.5733,557.0,0.5736,283.0,0.5737,265.0
1753531747258,12:09:07.258,A/USDT:USDT,0.5734,10.0,0.5733,557.0,0.5736,277.0,0.5737,265.0
1753531747319,12:09:07.319,A/USDT:USDT,0.5734,10.0,0.5733,557.0,0.5736,6.0,0.5737,265.0
1753531747452,12:09:07.452,A/USDT:USDT,0.5734,10.0,0.5733,557.0,0.5736,6.0,0.5737,265.0
1753531747558,12:09:07.558,A/USDT:USDT,0.5734,10.0,0.5733,557.0,0.5736,18.0,0.5737,265.0
1753531747934,12:09:07.934,A/USDT:USDT,0.5734,10.0,0.5733,557.0,0.5736,18.0,0.5737,265.0
1753531748774,12:09:08.774,A/USDT:USDT,0.5734,279.0,0.5733,557.0,0.5736,12.0,0.5737,265.0
1753531748880,12:09:08.880,A/USDT:USDT,0.5735,88.0,0.5734,291.0,0.5736,6.0,0.5737,265.0
1753531748945,12:09:08.945,A/USDT:USDT,0.5734,279.0,0.5733,557.0,0.5736,6.0,0.5738,624.0
1753531749059,12:09:09.059,A/USDT:USDT,0.5734,279.0,0.5733,557.0,0.5736,6.0,0.5738,624.0
1753531749149,12:09:09.149,A/USDT:USDT,0.5734,279.0,0.5733,557.0,0.5736,6.0,0.5738,624.0
1753531749322,12:09:09.322,A/USDT:USDT,0.5734,279.0,0.5733,557.0,0.5736,6.0,0.5738,624.0
1753531749564,12:09:09.564,A/USDT:USDT,0.5734,279.0,0.5733,557.0,0.5736,6.0,0.5738,624.0
1753531750150,12:09:10.150,A/USDT:USDT,0.5734,279.0,0.5733,557.0,0.5736,12.0,0.5738,624.0
1753531750382,12:09:10.382,A/USDT:USDT,0.5734,279.0,0.5733,557.0,0.5736,12.0,0.5738,624.0
1753531750590,12:09:10.590,A/USDT:USDT,0.5734,279.0,0.5733,557.0,0.5736,12.0,0.5738,624.0
1753531750771,12:09:10.771,A/USDT:USDT,0.5734,279.0,0.5733,557.0,0.5736,12.0,0.5738,624.0
1753531750799,12:09:10.799,A/USDT:USDT,0.5734,279.0,0.5733,557.0,0.5736,12.0,0.5738,624.0
1753531750901,12:09:10.901,A/USDT:USDT,0.5734,10.0,0.5733,557.0,0.5736,287.0,0.5738,624.0
1753531751179,12:09:11.179,A/USDT:USDT,0.5734,10.0,0.5733,557.0,0.5736,287.0,0.5738,624.0
1753531751228,12:09:11.228,A/USDT:USDT,0.5734,10.0,0.5733,557.0,0.5736,287.0,0.5738,624.0
1753531751552,12:09:11.552,A/USDT:USDT,0.5734,10.0,0.5733,557.0,0.5736,287.0,0.5738,624.0
1753531751613,12:09:11.613,A/USDT:USDT,0.5734,10.0,0.5733,557.0,0.5736,287.0,0.5738,624.0
1753531752070,12:09:12.070,A/USDT:USDT,0.5734,10.0,0.5733,557.0,0.5736,287.0,0.5738,624.0
1753531754311,12:09:14.311,A/USDT:USDT,0.5734,10.0,0.5733,557.0,0.5736,287.0,0.5738,624.0
1753531754478,12:09:14.478,A/USDT:USDT,0.5734,10.0,0.5733,557.0,0.5736,287.0,0.5738,624.0
1753531755262,12:09:15.262,A/USDT:USDT,0.5734,10.0,0.5733,557.0,0.5736,287.0,0.5738,624.0
1753531755291,12:09:15.291,A/USDT:USDT,0.5734,10.0,0.5733,557.0,0.5736,287.0,0.5738,624.0
1753531755386,12:09:15.386,A/USDT:USDT,0.5734,10.0,0.5733,557.0,0.5736,287.0,0.5738,624.0
1753531755704,12:09:15.704,A/USDT:USDT,0.5734,10.0,0.5733,557.0,0.5736,287.0,0.5738,624.0
1753531756867,12:09:16.867,A/USDT:USDT,0.5734,10.0,0.5733,299.0,0.5736,287.0,0.5738,624.0
1753531756902,12:09:16.902,A/USDT:USDT,0.5734,10.0,0.5733,299.0,0.5736,287.0,0.5738,977.0
1753531756986,12:09:16.986,A/USDT:USDT,0.5734,10.0,0.5733,299.0,0.5736,287.0,0.5738,1000.0
1753531757555,12:09:17.555,A/USDT:USDT,0.5734,10.0,0.5733,299.0,0.5736,287.0,0.5738,1000.0
1753531757865,12:09:17.865,A/USDT:USDT,0.5734,10.0,0.5733,299.0,0.5736,281.0,0.5738,1000.0
1753531757904,12:09:17.904,A/USDT:USDT,0.5734,10.0,0.5733,299.0,0.5736,317.0,0.5738,1000.0
1753531758136,12:09:18.136,A/USDT:USDT,0.5734,10.0,0.5733,299.0,0.5736,317.0,0.5738,1000.0
1753531759058,12:09:19.058,A/USDT:USDT,0.5734,10.0,0.5733,299.0,0.5736,317.0,0.5738,1000.0
1753531759405,12:09:19.405,A/USDT:USDT,0.5734,10.0,0.5733,299.0,0.5736,311.0,0.5738,1000.0
1753531759878,12:09:19.878,A/USDT:USDT,0.5734,10.0,0.5733,299.0,0.5735,259.0,0.5736,317.0
1753531759925,12:09:19.925,A/USDT:USDT,0.5734,10.0,0.5733,299.0,0.5735,259.0,0.5736,317.0
1753531760160,12:09:20.160,A/USDT:USDT,0.5734,10.0,0.5733,299.0,0.5735,259.0,0.5736,317.0
1753531760186,12:09:20.186,A/USDT:USDT,0.5734,10.0,0.5733,299.0,0.5735,259.0,0.5736,317.0
1753531760362,12:09:20.362,A/USDT:USDT,0.5734,10.0,0.5733,299.0,0.5735,259.0,0.5736,317.0
1753531760382,12:09:20.382,A/USDT:USDT,0.5734,10.0,0.5733,299.0,0.5735,259.0,0.5736,317.0
1753531760574,12:09:20.574,A/USDT:USDT,0.5734,10.0,0.5733,299.0,0.5735,259.0,0.5736,317.0
1753531760616,12:09:20.616,A/USDT:USDT,0.5734,10.0,0.5733,299.0,0.5735,259.0,0.5736,317.0
1753531760728,12:09:20.728,A/USDT:USDT,0.5734,10.0,0.5733,299.0,0.5735,271.0,0.5736,317.0
1753531760782,12:09:20.782,A/USDT:USDT,0.5734,10.0,0.5733,299.0,0.5735,265.0,0.5736,317.0
1753531761274,12:09:21.274,A/USDT:USDT,0.5734,10.0,0.5733,299.0,0.5735,271.0,0.5736,311.0
1753531761377,12:09:21.377,A/USDT:USDT,0.5734,10.0,0.5733,299.0,0.5735,271.0,0.5736,275.0
1753531761778,12:09:21.778,A/USDT:USDT,0.5734,10.0,0.5733,299.0,0.5735,271.0,0.5736,275.0
1753531761876,12:09:21.876,A/USDT:USDT,0.5734,10.0,0.5733,299.0,0.5735,315.0,0.5736,275.0
1753531761921,12:09:21.921,A/USDT:USDT,0.5734,10.0,0.5733,299.0,0.5735,315.0,0.5736,275.0
1753531761997,12:09:21.997,A/USDT:USDT,0.5734,10.0,0.5733,299.0,0.5735,315.0,0.5736,275.0
1753531762373,12:09:22.373,A/USDT:USDT,0.5734,10.0,0.5733,299.0,0.5735,315.0,0.5736,275.0
1753531762400,12:09:22.400,A/USDT:USDT,0.5734,10.0,0.5733,299.0,0.5735,315.0,0.5736,275.0
1753531763408,12:09:23.408,A/USDT:USDT,0.5734,10.0,0.5733,299.0,0.5735,315.0,0.5736,275.0
1753531763889,12:09:23.889,A/USDT:USDT,0.5734,10.0,0.5733,299.0,0.5735,309.0,0.5736,275.0
1753531764315,12:09:24.315,A/USDT:USDT,0.5734,10.0,0.5733,299.0,0.5735,315.0,0.5736,275.0
1753531764669,12:09:24.669,A/USDT:USDT,0.5734,10.0,0.5733,299.0,0.5735,315.0,0.5736,275.0
1753531764872,12:09:24.872,A/USDT:USDT,0.5734,10.0,0.5733,1.0,0.5735,315.0,0.5736,275.0
1753531764884,12:09:24.884,A/USDT:USDT,0.5734,10.0,0.5733,1.0,0.5735,315.0,0.5736,275.0
1753531765013,12:09:25.013,A/USDT:USDT,0.5734,10.0,0.5733,1.0,0.5735,315.0,0.5736,275.0
1753531765265,12:09:25.265,A/USDT:USDT,0.5734,10.0,0.5733,1.0,0.5735,271.0,0.5736,275.0
1753531767976,12:09:27.976,A/USDT:USDT,0.5733,1.0,0.5732,298.0,0.5734,269.0,0.5735,614.0
1753531768075,12:09:28.075,A/USDT:USDT,0.5733,1.0,0.5732,298.0,0.5734,269.0,0.5735,614.0
1753531768159,12:09:28.159,A/USDT:USDT,0.5733,1.0,0.573,355.0,0.5734,280.0,0.5735,614.0
1753531768273,12:09:28.273,A/USDT:USDT,0.5733,1.0,0.5731,298.0,0.5734,280.0,0.5735,614.0
1753531768369,12:09:28.369,A/USDT:USDT,0.5733,1.0,0.5731,298.0,0.5734,280.0,0.5735,614.0
1753531768425,12:09:28.425,A/USDT:USDT,0.5733,1.0,0.5731,298.0,0.5734,292.0,0.5735,614.0
1753531769293,12:09:29.293,A/USDT:USDT,0.5733,1.0,0.5731,298.0,0.5734,292.0,0.5735,614.0
1753531769486,12:09:29.486,A/USDT:USDT,0.5733,1.0,0.5731,298.0,0.5734,292.0,0.5735,614.0
1753531769802,12:09:29.802,A/USDT:USDT,0.5733,1.0,0.5731,298.0,0.5734,292.0,0.5735,614.0
1753531769940,12:09:29.940,A/USDT:USDT,0.5733,1.0,0.5731,298.0,0.5734,292.0,0.5735,614.0
1753531770098,12:09:30.098,A/USDT:USDT,0.5733,1.0,0.5731,298.0,0.5734,292.0,0.5735,614.0
1753531770471,12:09:30.471,A/USDT:USDT,0.5733,1.0,0.5731,298.0,0.5734,292.0,0.5735,614.0
1753531770807,12:09:30.807,A/USDT:USDT,0.5733,1.0,0.5731,298.0,0.5734,292.0,0.5735,614.0
1753531771154,12:09:31.154,A/USDT:USDT,0.5733,1.0,0.5731,298.0,0.5734,292.0,0.5735,614.0
1753531771533,12:09:31.533,A/USDT:USDT,0.5733,1.0,0.5731,298.0,0.5734,292.0,0.5735,614.0
1753531772176,12:09:32.176,A/USDT:USDT,0.5733,1.0,0.5731,298.0,0.5734,286.0,0.5735,620.0
1753531772395,12:09:32.395,A/USDT:USDT,0.5733,1.0,0.5731,298.0,0.5734,292.0,0.5735,620.0
1753531772571,12:09:32.571,A/USDT:USDT,0.5733,1.0,0.5731,298.0,0.5734,292.0,0.5735,620.0
1753531772634,12:09:32.634,A/USDT:USDT,0.5733,1.0,0.5731,298.0,0.5734,286.0,0.5735,620.0
1753531772763,12:09:32.763,A/USDT:USDT,0.5733,1.0,0.5732,298.0,0.5734,29.0,0.5735,620.0
1753531772869,12:09:32.869,A/USDT:USDT,0.5733,1.0,0.5732,298.0,0.5734,286.0,0.5735,620.0
1753531772978,12:09:32.978,A/USDT:USDT,0.5733,1.0,0.5732,298.0,0.5734,292.0,0.5735,620.0
1753531773075,12:09:33.075,A/USDT:USDT,0.5733,1.0,0.573,355.0,0.5734,292.0,0.5735,620.0
1753531773157,12:09:33.157,A/USDT:USDT,0.573,94.0,0.5729,640.0,0.5733,257.0,0.5734,286.0
1753531773276,12:09:33.276,A/USDT:USDT,0.573,94.0,0.5729,322.0,0.5732,23.0,0.5733,257.0
1753531773336,12:09:33.336,A/USDT:USDT,0.573,94.0,0.5729,322.0,0.5732,384.0,0.5733,257.0
1753531773474,12:09:33.474,A/USDT:USDT,0.573,94.0,0.5729,322.0,0.5732,384.0,0.5733,257.0
1753531773562,12:09:33.562,A/USDT:USDT,0.573,94.0,0.5729,322.0,0.5732,384.0,0.5733,257.0
1753531773674,12:09:33.674,A/USDT:USDT,0.573,94.0,0.5729,322.0,0.5732,384.0,0.5733,257.0
1753531773781,12:09:33.781,A/USDT:USDT,0.573,94.0,0.5729,322.0,0.5732,384.0,0.5733,257.0
1753531774061,12:09:34.061,A/USDT:USDT,0.573,94.0,0.5729,322.0,0.5732,361.0,0.5733,257.0
1753531774222,12:09:34.222,A/USDT:USDT,0.573,94.0,0.5729,322.0,0.5732,355.0,0.5733,257.0
1753531774587,12:09:34.587,A/USDT:USDT,0.573,94.0,0.5729,322.0,0.5732,355.0,0.5733,257.0
1753531774922,12:09:34.922,A/USDT:USDT,0.573,94.0,0.5729,322.0,0.5732,355.0,0.5734,257.0
1753531775244,12:09:35.244,A/USDT:USDT,0.573,94.0,0.5729,322.0,0.5732,355.0,0.5734,257.0
1753531775354,12:09:35.354,A/USDT:USDT,0.573,94.0,0.5729,322.0,0.5732,355.0,0.5734,257.0
1753531775912,12:09:35.912,A/USDT:USDT,0.573,94.0,0.5729,322.0,0.5732,361.0,0.5734,257.0
1753531776014,12:09:36.014,A/USDT:USDT,0.573,94.0,0.5729,322.0,0.5732,355.0,0.5734,257.0
1753531776088,12:09:36.088,A/USDT:USDT,0.573,94.0,0.5729,322.0,0.5734,257.0,0.5735,2414.0
1753531776275,12:09:36.275,A/USDT:USDT,0.573,100.0,0.5729,322.0,0.5733,292.0,0.5734,257.0
1753531776348,12:09:36.348,A/USDT:USDT,0.573,100.0,0.5729,322.0,0.5733,292.0,0.5734,257.0
1753531776393,12:09:36.393,A/USDT:USDT,0.573,94.0,0.5729,322.0,0.5733,292.0,0.5734,257.0
1753531776663,12:09:36.663,A/USDT:USDT,0.5732,88.0,0.573,351.0,0.5733,23.0,0.5734,263.0
1753531776756,12:09:36.756,A/USDT:USDT,0.5732,88.0,0.573,351.0,0.5733,23.0,0.5734,263.0
1753531776877,12:09:36.877,A/USDT:USDT,0.5732,88.0,0.5731,298.0,0.5733,23.0,0.5734,263.0
1753531776941,12:09:36.941,A/USDT:USDT,0.5732,88.0,0.5731,298.0,0.5733,23.0,0.5734,263.0
1753531777274,12:09:37.274,A/USDT:USDT,0.5732,88.0,0.5731,298.0,0.5733,23.0,0.5734,269.0
1753531777295,12:09:37.295,A/USDT:USDT,0.5732,88.0,0.5731,298.0,0.5733,23.0,0.5734,269.0
1753531777453,12:09:37.453,A/USDT:USDT,0.573,363.0,0.5729,322.0,0.5733,23.0,0.5734,257.0
1753531777773,12:09:37.773,A/USDT:USDT,0.573,363.0,0.5729,322.0,0.5733,23.0,0.5734,257.0
1753531778528,12:09:38.528,A/USDT:USDT,0.573,363.0,0.5729,322.0,0.5733,23.0,0.5734,257.0
1753531778610,12:09:38.610,A/USDT:USDT,0.5731,269.0,0.573,363.0,0.5733,23.0,0.5734,257.0
1753531778727,12:09:38.727,A/USDT:USDT,0.5731,269.0,0.573,661.0,0.5733,23.0,0.5734,257.0
1753531778861,12:09:38.861,A/USDT:USDT,0.5731,269.0,0.573,661.0,0.5733,36.0,0.5734,257.0
1753531778887,12:09:38.887,A/USDT:USDT,0.5731,269.0,0.573,661.0,0.5733,13.0,0.5734,257.0
1753531779008,12:09:39.008,A/USDT:USDT,0.5731,269.0,0.573,661.0,0.5733,13.0,0.5734,257.0
1753531779457,12:09:39.457,A/USDT:USDT,0.5731,269.0,0.573,661.0,0.5734,12.0,0.5735,2414.0
1753531779554,12:09:39.554,A/USDT:USDT,0.5731,269.0,0.573,661.0,0.5733,12.0,0.5734,6.0
1753531779650,12:09:39.650,A/USDT:USDT,0.5732,88.0,0.5731,567.0,0.5733,23.0,0.5734,12.0
1753531779761,12:09:39.761,A/USDT:USDT,0.5732,88.0,0.5731,567.0,0.5733,23.0,0.5734,12.0
1753531779829,12:09:39.829,A/USDT:USDT,0.5732,88.0,0.5731,567.0,0.5733,23.0,0.5734,12.0
1753531780274,12:09:40.274,A/USDT:USDT,0.5732,88.0,0.5731,573.0,0.5733,23.0,0.5734,12.0
1753531780328,12:09:40.328,A/USDT:USDT,0.5732,88.0,0.5731,579.0,0.5733,23.0,0.5735,2414.0
1753531780461,12:09:40.461,A/USDT:USDT,0.5733,88.0,0.5732,298.0,0.5734,23.0,0.5735,2420.0
1753531780516,12:09:40.516,A/USDT:USDT,0.5733,88.0,0.5732,298.0,0.5734,23.0,0.5735,2420.0
1753531780646,12:09:40.646,A/USDT:USDT,0.5733,88.0,0.5732,298.0,0.5734,23.0,0.5735,2420.0
1753531780926,12:09:40.926,A/USDT:USDT,0.5733,88.0,0.5732,304.0,0.5734,23.0,0.5735,2420.0
1753531781064,12:09:41.064,A/USDT:USDT,0.5733,88.0,0.5732,304.0,0.5734,23.0,0.5735,2420.0
1753531781336,12:09:41.336,A/USDT:USDT,0.5733,88.0,0.5732,304.0,0.5734,23.0,0.5735,2420.0
1753531781383,12:09:41.383,A/USDT:USDT,0.5733,88.0,0.5732,298.0,0.5734,23.0,0.5735,2420.0
1753531781652,12:09:41.652,A/USDT:USDT,0.5733,88.0,0.5732,304.0,0.5734,23.0,0.5735,2161.0
1753531781762,12:09:41.762,A/USDT:USDT,0.5733,88.0,0.5732,304.0,0.5734,23.0,0.5736,269.0
1753531781865,12:09:41.865,A/USDT:USDT,0.5734,88.0,0.5733,579.0,0.5735,23.0,0.5737,269.0
1753531781936,12:09:41.936,A/USDT:USDT,0.5734,76.0,0.5733,579.0,0.5735,23.0,0.5736,6.0
1753531782152,12:09:42.152,A/USDT:USDT,0.5734,76.0,0.5733,573.0,0.5735,23.0,0.5736,6.0
1753531782302,12:09:42.302,A/USDT:USDT,0.5734,76.0,0.5733,567.0,0.5736,29.0,0.5737,1777.0
1753531782474,12:09:42.474,A/USDT:USDT,0.5734,76.0,0.5733,567.0,0.5736,23.0,0.5737,1777.0
1753531782506,12:09:42.506,A/USDT:USDT,0.5734,76.0,0.5733,567.0,0.5736,29.0,0.5737,1777.0
1753531782715,12:09:42.715,A/USDT:USDT,0.5734,76.0,0.5733,567.0,0.5736,29.0,0.5737,1777.0
1753531783374,12:09:43.374,A/USDT:USDT,0.5734,76.0,0.5733,298.0,0.5736,304.0,0.5737,1777.0
1753531783463,12:09:43.463,A/USDT:USDT,0.5734,76.0,0.5733,298.0,0.5736,293.0,0.5737,1777.0
1753531783558,12:09:43.558,A/USDT:USDT,0.5734,76.0,0.5733,298.0,0.5736,281.0,0.5737,1777.0
1753531784244,12:09:44.244,A/USDT:USDT,0.5734,76.0,0.5733,298.0,0.5736,281.0,0.5737,1777.0
1753531784373,12:09:44.373,A/USDT:USDT,0.5734,76.0,0.5733,298.0,0.5736,281.0,0.5737,1777.0
1753531785343,12:09:45.343,A/USDT:USDT,0.5734,76.0,0.5733,298.0,0.5736,281.0,0.5737,1777.0
1753531786542,12:09:46.542,A/USDT:USDT,0.5734,76.0,0.5733,298.0,0.5736,275.0,0.5737,1777.0
1753531786671,12:09:46.671,A/USDT:USDT,0.5734,76.0,0.5733,298.0,0.5736,275.0,0.5737,1777.0
1753531786696,12:09:46.696,A/USDT:USDT,0.5734,76.0,0.5733,298.0,0.5736,275.0,0.5737,1777.0
1753531786941,12:09:46.941,A/USDT:USDT,0.5734,76.0,0.5733,298.0,0.5736,281.0,0.5737,1777.0
1753531787135,12:09:47.135,A/USDT:USDT,0.5734,76.0,0.5733,298.0,0.5736,281.0,0.5737,1777.0
1753531787630,12:09:47.630,A/USDT:USDT,0.5734,76.0,0.5733,298.0,0.5736,49.0,0.5737,1777.0
1753531788987,12:09:48.987,A/USDT:USDT,0.5734,76.0,0.5733,298.0,0.5736,49.0,0.5737,1777.0
1753531789405,12:09:49.405,A/USDT:USDT,0.5734,76.0,0.5733,298.0,0.5736,51.0,0.5737,1777.0
1753531790724,12:09:50.724,A/USDT:USDT,0.5734,76.0,0.5733,298.0,0.5736,57.0,0.5737,1777.0
1753531790974,12:09:50.974,A/USDT:USDT,0.5734,76.0,0.5733,298.0,0.5736,276.0,0.5737,1777.0
1753531793792,12:09:53.792,A/USDT:USDT,0.5734,76.0,0.5733,298.0,0.5736,276.0,0.5737,1777.0
1753531794202,12:09:54.202,A/USDT:USDT,0.5734,76.0,0.5733,298.0,0.5736,276.0,0.5737,1777.0
1753531794431,12:09:54.431,A/USDT:USDT,0.5734,76.0,0.5733,298.0,0.5736,276.0,0.5737,1777.0
1753531794481,12:09:54.481,A/USDT:USDT,0.5734,76.0,0.5733,298.0,0.5736,329.0,0.5737,1777.0
1753531798602,12:09:58.602,A/USDT:USDT,0.5734,76.0,0.5733,298.0,0.5736,329.0,0.5737,1777.0
1753531798865,12:09:58.865,A/USDT:USDT,0.5734,76.0,0.5733,298.0,0.5736,329.0,0.5737,1777.0
1753531801450,12:10:01.450,A/USDT:USDT,0.5734,76.0,0.5733,298.0,0.5736,276.0,0.5737,1777.0
1753531801718,12:10:01.718,A/USDT:USDT,0.5734,76.0,0.5733,298.0,0.5736,305.0,0.5737,1777.0
1753531802466,12:10:02.466,A/USDT:USDT,0.5734,76.0,0.5733,298.0,0.5736,299.0,0.5737,1777.0
1753531802501,12:10:02.501,A/USDT:USDT,0.5734,76.0,0.5733,298.0,0.5736,306.0,0.5737,1777.0
1753531803388,12:10:03.388,A/USDT:USDT,0.5734,76.0,0.5733,298.0,0.5736,306.0,0.5737,1777.0
1753531804459,12:10:04.459,A/USDT:USDT,0.5734,76.0,0.5733,298.0,0.5736,277.0,0.5737,1777.0
1753531805409,12:10:05.409,A/USDT:USDT,0.5734,76.0,0.5733,298.0,0.5736,307.0,0.5737,1777.0
1753531807269,12:10:07.269,A/USDT:USDT,0.5734,76.0,0.5733,298.0,0.5736,30.0,0.5737,1777.0
1753531807344,12:10:07.344,A/USDT:USDT,0.5734,76.0,0.5733,298.0,0.5736,30.0,0.5737,1777.0
1753531807448,12:10:07.448,A/USDT:USDT,0.5734,76.0,0.5733,298.0,0.5736,37.0,0.5737,1777.0
1753531807532,12:10:07.532,A/USDT:USDT,0.5734,76.0,0.5733,298.0,0.5736,30.0,0.5737,1777.0
1753531807683,12:10:07.683,A/USDT:USDT,0.5734,76.0,0.5733,298.0,0.5736,37.0,0.5737,1777.0
1753531808189,12:10:08.189,A/USDT:USDT,0.5734,76.0,0.5733,298.0,0.5736,37.0,0.5737,1777.0
1753531808773,12:10:08.773,A/USDT:USDT,0.5734,76.0,0.5733,298.0,0.5736,30.0,0.5737,1777.0
1753531808805,12:10:08.805,A/USDT:USDT,0.5734,76.0,0.5733,298.0,0.5737,1777.0,0.5738,5381.0
1753531808941,12:10:08.941,A/USDT:USDT,0.5734,76.0,0.5733,298.0,0.5737,1777.0,0.5738,5381.0
1753531809478,12:10:09.478,A/USDT:USDT,0.5734,76.0,0.5733,298.0,0.5736,23.0,0.5737,1777.0
1753531809616,12:10:09.616,A/USDT:USDT,0.5734,76.0,0.5733,298.0,0.5736,30.0,0.5737,1777.0
1753531809763,12:10:09.763,A/USDT:USDT,0.5734,76.0,0.5733,298.0,0.5736,30.0,0.5737,1777.0
1753531809808,12:10:09.808,A/USDT:USDT,0.5734,76.0,0.5733,298.0,0.5736,23.0,0.5737,1777.0
1753531809894,12:10:09.894,A/USDT:USDT,0.5734,76.0,0.5733,298.0,0.5736,30.0,0.5737,1777.0
1753531810315,12:10:10.315,A/USDT:USDT,0.5734,76.0,0.5733,298.0,0.5736,23.0,0.5737,1777.0
1753531810459,12:10:10.459,A/USDT:USDT,0.5734,76.0,0.5733,298.0,0.5736,23.0,0.5737,1777.0
1753531810558,12:10:10.558,A/USDT:USDT,0.5734,76.0,0.5733,298.0,0.5736,30.0,0.5737,1777.0
1753531810763,12:10:10.763,A/USDT:USDT,0.5735,88.0,0.5734,563.0,0.5736,23.0,0.5737,1508.0
1753531810879,12:10:10.879,A/USDT:USDT,0.5735,88.0,0.5734,563.0,0.5736,23.0,0.5737,1508.0
1753531810941,12:10:10.941,A/USDT:USDT,0.5735,88.0,0.5734,563.0,0.5736,23.0,0.5737,1508.0
1753531810985,12:10:10.985,A/USDT:USDT,0.5735,88.0,0.5734,563.0,0.5736,23.0,0.5737,1508.0
1753531811123,12:10:11.123,A/USDT:USDT,0.5735,88.0,0.5734,563.0,0.5736,23.0,0.5737,1508.0
1753531811189,12:10:11.189,A/USDT:USDT,0.5735,88.0,0.5734,563.0,0.5736,23.0,0.5737,1508.0
1753531811339,12:10:11.339,A/USDT:USDT,0.5735,88.0,0.5734,563.0,0.5736,23.0,0.5737,1508.0
1753531812062,12:10:12.062,A/USDT:USDT,0.5735,88.0,0.5734,556.0,0.5736,23.0,0.5737,1508.0
1753531812206,12:10:12.206,A/USDT:USDT,0.5735,88.0,0.5734,556.0,0.5736,23.0,0.5737,1508.0
1753531812989,12:10:12.989,A/USDT:USDT,0.5735,88.0,0.5734,556.0,0.5736,23.0,0.5737,1508.0
1753531814317,12:10:14.317,A/USDT:USDT,0.5735,88.0,0.5734,556.0,0.5736,23.0,0.5737,1508.0
1753531814628,12:10:14.628,A/USDT:USDT,0.5735,88.0,0.5734,556.0,0.5736,23.0,0.5737,1508.0
1753531814877,12:10:14.877,A/USDT:USDT,0.5735,88.0,0.5734,298.0,0.5736,30.0,0.5737,1508.0
1753531814995,12:10:14.995,A/USDT:USDT,0.5735,88.0,0.5734,298.0,0.5736,23.0,0.5737,1508.0
1753531815281,12:10:15.281,A/USDT:USDT,0.5735,88.0,0.5734,298.0,0.5736,23.0,0.5737,1508.0
1753531815445,12:10:15.445,A/USDT:USDT,0.5735,88.0,0.5734,298.0,0.5736,30.0,0.5737,1508.0
1753531815849,12:10:15.849,A/USDT:USDT,0.5735,88.0,0.5734,298.0,0.5736,23.0,0.5737,1508.0
1753531816042,12:10:16.042,A/USDT:USDT,0.5735,88.0,0.5734,298.0,0.5736,23.0,0.5737,1508.0
1753531816279,12:10:16.279,A/USDT:USDT,0.5735,88.0,0.5734,298.0,0.5736,37.0,0.5737,1508.0
1753531816316,12:10:16.316,A/USDT:USDT,0.5735,88.0,0.5734,298.0,0.5736,37.0,0.5737,1508.0
1753531816428,12:10:16.428,A/USDT:USDT,0.5735,88.0,0.5734,298.0,0.5736,37.0,0.5737,1508.0
1753531816537,12:10:16.537,A/USDT:USDT,0.5735,88.0,0.5734,298.0,0.5736,37.0,0.5737,1508.0
1753531817468,12:10:17.468,A/USDT:USDT,0.5734,76.0,0.5733,556.0,0.5736,30.0,0.5737,1508.0
1753531817568,12:10:17.568,A/USDT:USDT,0.5734,76.0,0.5733,556.0,0.5736,293.0,0.5737,1508.0
1753531817586,12:10:17.586,A/USDT:USDT,0.5734,76.0,0.5733,556.0,0.5736,270.0,0.5737,1508.0
1753531817787,12:10:17.787,A/USDT:USDT,0.5734,76.0,0.5733,556.0,0.5736,270.0,0.5737,1508.0
1753531817883,12:10:17.883,A/USDT:USDT,0.5734,76.0,0.5733,556.0,0.5736,270.0,0.5737,1508.0
1753531818802,12:10:18.802,A/USDT:USDT,0.5734,76.0,0.5733,556.0,0.5736,270.0,0.5737,1508.0
1753531818883,12:10:18.883,A/USDT:USDT,0.5734,76.0,0.5733,556.0,0.5736,263.0,0.5737,1508.0
1753531819308,12:10:19.308,A/USDT:USDT,0.5734,76.0,0.5733,556.0,0.5736,270.0,0.5737,1508.0
1753531819862,12:10:19.862,A/USDT:USDT,0.5734,76.0,0.5733,556.0,0.5736,270.0,0.5737,1508.0
1753531820179,12:10:20.179,A/USDT:USDT,0.5735,88.0,0.5734,298.0,0.5736,7.0,0.5737,1508.0
1753531820233,12:10:20.233,A/USDT:USDT,0.5735,88.0,0.5734,298.0,0.5736,30.0,0.5737,1508.0
1753531820308,12:10:20.308,A/USDT:USDT,0.5735,88.0,0.5734,298.0,0.5736,30.0,0.5737,1508.0
1753531820387,12:10:20.387,A/USDT:USDT,0.5735,88.0,0.5734,298.0,0.5736,74.0,0.5737,1508.0
1753531820988,12:10:20.988,A/USDT:USDT,0.5735,88.0,0.5734,298.0,0.5736,81.0,0.5737,1508.0
1753531821124,12:10:21.124,A/USDT:USDT,0.5735,88.0,0.5734,298.0,0.5736,81.0,0.5737,1508.0
1753531821941,12:10:21.941,A/USDT:USDT,0.5734,76.0,0.5733,298.0,0.5736,74.0,0.5737,1508.0
1753531821985,12:10:21.985,A/USDT:USDT,0.5734,76.0,0.5733,298.0,0.5736,51.0,0.5737,1508.0
1753531822356,12:10:22.356,A/USDT:USDT,0.5734,76.0,0.5733,298.0,0.5736,51.0,0.5737,1508.0
1753531822409,12:10:22.409,A/USDT:USDT,0.5734,76.0,0.5733,298.0,0.5736,51.0,0.5737,1508.0
1753531822590,12:10:22.590,A/USDT:USDT,0.5734,76.0,0.5733,298.0,0.5736,51.0,0.5737,1508.0
1753531823818,12:10:23.818,A/USDT:USDT,0.5734,76.0,0.5733,298.0,0.5736,51.0,0.5737,1508.0
1753531823933,12:10:23.933,A/USDT:USDT,0.5734,83.0,0.5733,298.0,0.5736,51.0,0.5737,1508.0
1753531824454,12:10:24.454,A/USDT:USDT,0.5734,83.0,0.5733,298.0,0.5736,51.0,0.5737,1508.0
1753531825473,12:10:25.473,A/USDT:USDT,0.5737,88.0,0.5736,44.0,0.5739,879.0,0.574,1651.0
1753531825548,12:10:25.548,A/USDT:USDT,0.5737,95.0,0.5736,298.0,0.5738,37.0,0.5739,274.0
1753531825648,12:10:25.648,A/USDT:USDT,0.5737,88.0,0.5736,298.0,0.5739,303.0,0.574,640.0
1753531825771,12:10:25.771,A/USDT:USDT,0.5737,88.0,0.5736,298.0,0.5739,1287.0,0.574,5029.0
1753531825791,12:10:25.791,A/USDT:USDT,0.5737,88.0,0.5736,298.0,0.5739,36.0,0.574,5029.0
1753531825882,12:10:25.882,A/USDT:USDT,0.5737,88.0,0.5736,298.0,0.5739,1287.0,0.574,5029.0
1753531826056,12:10:26.056,A/USDT:USDT,0.5737,88.0,0.5736,305.0,0.5738,30.0,0.5739,1258.0
1753531826218,12:10:26.218,A/USDT:USDT,0.5737,88.0,0.5736,298.0,0.5738,30.0,0.5739,1258.0
1753531827402,12:10:27.402,A/USDT:USDT,0.5737,88.0,0.5736,298.0,0.5738,30.0,0.5739,1258.0
1753531827679,12:10:27.679,A/USDT:USDT,0.5737,88.0,0.5736,298.0,0.5738,30.0,0.5739,1258.0
1753531827681,12:10:27.681,A/USDT:USDT,0.5737,88.0,0.5736,298.0,0.5738,30.0,0.5739,1258.0
1753531828464,12:10:28.464,A/USDT:USDT,0.5737,88.0,0.5736,298.0,0.5738,30.0,0.5739,1258.0
1753531828482,12:10:28.482,A/USDT:USDT,0.5737,88.0,0.5736,298.0,0.5738,30.0,0.5739,1258.0
1753531828963,12:10:28.963,A/USDT:USDT,0.5737,88.0,0.5736,298.0,0.5738,30.0,0.5739,1258.0
1753531829007,12:10:29.007,A/USDT:USDT,0.5737,88.0,0.5736,298.0,0.5738,30.0,0.5739,1258.0
1753531829345,12:10:29.345,A/USDT:USDT,0.5737,88.0,0.5736,298.0,0.5738,23.0,0.5739,1251.0
1753531829466,12:10:29.466,A/USDT:USDT,0.5737,88.0,0.5736,298.0,0.5738,30.0,0.5739,1251.0
1753531829482,12:10:29.482,A/USDT:USDT,0.5737,88.0,0.5736,298.0,0.5738,30.0,0.5739,1251.0
1753531829706,12:10:29.706,A/USDT:USDT,0.5737,88.0,0.5736,298.0,0.5738,30.0,0.5739,1251.0
1753531830076,12:10:30.076,A/USDT:USDT,0.5737,88.0,0.5736,298.0,0.5738,23.0,0.5739,1251.0
1753531830578,12:10:30.578,A/USDT:USDT,0.5737,88.0,0.5736,298.0,0.5738,30.0,0.5739,1251.0
1753531830941,12:10:30.941,A/USDT:USDT,0.5737,88.0,0.5736,298.0,0.5738,23.0,0.5739,1251.0
1753531831018,12:10:31.018,A/USDT:USDT,0.5737,88.0,0.5736,298.0,0.5738,30.0,0.5739,1251.0
1753531832203,12:10:32.203,A/USDT:USDT,0.5737,88.0,0.5736,298.0,0.5738,30.0,0.5739,1251.0
1753531832391,12:10:32.391,A/USDT:USDT,0.5737,88.0,0.5736,298.0,0.5738,23.0,0.5739,1251.0
1753531833678,12:10:33.678,A/USDT:USDT,0.5736,298.0,0.5735,261.0,0.5738,30.0,0.5739,1251.0
1753531833775,12:10:33.775,A/USDT:USDT,0.5734,261.0,0.5733,715.0,0.5738,30.0,0.5739,1251.0
1753531833862,12:10:33.862,A/USDT:USDT,0.5734,261.0,0.5733,715.0,0.5738,30.0,0.5739,1251.0
1753531833952,12:10:33.952,A/USDT:USDT,0.5734,261.0,0.5733,1012.0,0.5738,291.0,0.5739,1251.0
1753531834061,12:10:34.061,A/USDT:USDT,0.5736,88.0,0.5735,88.0,0.5738,291.0,0.5739,1251.0
1753531834114,12:10:34.114,A/USDT:USDT,0.5736,88.0,0.5735,297.0,0.5738,268.0,0.5739,1251.0
1753531834192,12:10:34.192,A/USDT:USDT,0.5736,88.0,0.5735,297.0,0.5738,268.0,0.5739,1251.0
1753531834952,12:10:34.952,A/USDT:USDT,0.5736,88.0,0.5735,297.0,0.5738,261.0,0.5739,1251.0
1753531835008,12:10:35.008,A/USDT:USDT,0.5736,88.0,0.5735,297.0,0.5738,261.0,0.5739,1251.0
1753531836158,12:10:36.158,A/USDT:USDT,0.5736,95.0,0.5735,297.0,0.5738,261.0,0.5739,1251.0
1753531836988,12:10:36.988,A/USDT:USDT,0.5736,95.0,0.5735,297.0,0.5738,261.0,0.5739,1251.0
1753531837177,12:10:37.177,A/USDT:USDT,0.5736,95.0,0.5735,297.0,0.5738,268.0,0.5739,1251.0
1753531837270,12:10:37.270,A/USDT:USDT,0.5736,88.0,0.5735,297.0,0.5738,275.0,0.5739,1251.0
1753531837359,12:10:37.359,A/USDT:USDT,0.5736,88.0,0.5735,297.0,0.5738,630.0,0.5739,1251.0
1753531837467,12:10:37.467,A/USDT:USDT,0.5735,88.0,0.5733,263.0,0.5737,271.0,0.5738,616.0
1753531837482,12:10:37.482,A/USDT:USDT,0.5735,88.0,0.5733,263.0,0.5737,271.0,0.5738,616.0
1753531837850,12:10:37.850,A/USDT:USDT,0.5735,88.0,0.5733,263.0,0.5737,271.0,0.5738,616.0
1753531837953,12:10:37.953,A/USDT:USDT,0.5735,88.0,0.5734,298.0,0.5737,271.0,0.5738,616.0
1753531838862,12:10:38.862,A/USDT:USDT,0.5735,88.0,0.5734,298.0,0.5737,302.0,0.5738,616.0
1753531839068,12:10:39.068,A/USDT:USDT,0.5735,88.0,0.5734,298.0,0.5737,302.0,0.5738,616.0
1753531839318,12:10:39.318,A/USDT:USDT,0.5735,88.0,0.5734,298.0,0.5737,295.0,0.5738,616.0
1753531839494,12:10:39.494,A/USDT:USDT,0.5735,88.0,0.5734,298.0,0.5737,295.0,0.5738,616.0
1753531841378,12:10:41.378,A/USDT:USDT,0.5735,88.0,0.5734,298.0,0.5737,302.0,0.5738,616.0
1753531841476,12:10:41.476,A/USDT:USDT,0.5735,88.0,0.5734,298.0,0.5737,302.0,0.5738,616.0
1753531841669,12:10:41.669,A/USDT:USDT,0.5735,95.0,0.5734,298.0,0.5737,31.0,0.5738,616.0
1753531841704,12:10:41.704,A/USDT:USDT,0.5735,95.0,0.5734,298.0,0.5738,616.0,0.574,5029.0
1753531841825,12:10:41.825,A/USDT:USDT,0.5736,88.0,0.5735,305.0,0.5737,23.0,0.5738,616.0
1753531841899,12:10:41.899,A/USDT:USDT,0.5736,88.0,0.5735,298.0,0.5737,30.0,0.5738,261.0
1753531842137,12:10:42.137,A/USDT:USDT,0.5736,88.0,0.5735,298.0,0.5737,30.0,0.5738,261.0
1753531842707,12:10:42.707,A/USDT:USDT,0.5736,88.0,0.5735,298.0,0.5737,30.0,0.5738,261.0
1753531843067,12:10:43.067,A/USDT:USDT,0.5736,88.0,0.5735,298.0,0.5737,30.0,0.5738,261.0
1753531843131,12:10:43.131,A/USDT:USDT,0.5735,88.0,0.5734,297.0,0.5737,37.0,0.5738,616.0
1753531843246,12:10:43.246,A/USDT:USDT,0.5733,263.0,0.5732,916.0,0.5737,30.0,0.5738,616.0
1753531843317,12:10:43.317,A/USDT:USDT,0.5733,263.0,0.5732,916.0,0.5737,287.0,0.5738,616.0
1753531843541,12:10:43.541,A/USDT:USDT,0.5733,263.0,0.5732,916.0,0.5737,287.0,0.5738,616.0
1753531844048,12:10:44.048,A/USDT:USDT,0.5735,88.0,0.5734,298.0,0.5737,294.0,0.5738,616.0
1753531844085,12:10:44.085,A/USDT:USDT,0.5735,88.0,0.5734,298.0,0.5737,271.0,0.5738,616.0
1753531844363,12:10:44.363,A/USDT:USDT,0.5735,88.0,0.5734,298.0,0.5737,271.0,0.5738,616.0
1753531844461,12:10:44.461,A/USDT:USDT,0.5735,88.0,0.5734,298.0,0.5737,14.0,0.5738,616.0
1753531844569,12:10:44.569,A/USDT:USDT,0.5736,88.0,0.5735,298.0,0.5737,30.0,0.5738,268.0
1753531844638,12:10:44.638,A/USDT:USDT,0.5736,88.0,0.5735,298.0,0.5737,30.0,0.5738,268.0
1753531844775,12:10:44.775,A/USDT:USDT,0.5736,88.0,0.5735,305.0,0.5737,30.0,0.5738,268.0
1753531844811,12:10:44.811,A/USDT:USDT,0.5736,88.0,0.5735,305.0,0.5737,23.0,0.5738,268.0
1753531845122,12:10:45.122,A/USDT:USDT,0.5736,88.0,0.5735,305.0,0.5737,23.0,0.5738,268.0
1753531845183,12:10:45.183,A/USDT:USDT,0.5736,88.0,0.5735,305.0,0.5737,30.0,0.5738,268.0
1753531845322,12:10:45.322,A/USDT:USDT,0.5736,88.0,0.5735,305.0,0.5737,23.0,0.5738,7.0
1753531845476,12:10:45.476,A/USDT:USDT,0.5737,88.0,0.5736,297.0,0.5738,30.0,0.5739,1402.0
1753531845484,12:10:45.484,A/USDT:USDT,0.5737,88.0,0.5736,297.0,0.5738,30.0,0.5739,1402.0
1753531845590,12:10:45.590,A/USDT:USDT,0.5737,88.0,0.5736,297.0,0.5738,30.0,0.5739,1402.0
1753531846089,12:10:46.089,A/USDT:USDT,0.5737,88.0,0.5736,297.0,0.5738,37.0,0.5739,1402.0
1753531846282,12:10:46.282,A/USDT:USDT,0.5737,88.0,0.5736,297.0,0.5738,37.0,0.5739,1402.0
1753531846407,12:10:46.407,A/USDT:USDT,0.5737,88.0,0.5736,297.0,0.5738,37.0,0.5739,1402.0
1753531846590,12:10:46.590,A/USDT:USDT,0.5737,88.0,0.5736,297.0,0.5738,37.0,0.5739,1402.0
1753531846710,12:10:46.710,A/USDT:USDT,0.5737,88.0,0.5736,297.0,0.5738,59.0,0.5739,1402.0
1753531846955,12:10:46.955,A/USDT:USDT,0.5737,88.0,0.5736,297.0,0.5738,30.0,0.5739,1402.0
1753531847326,12:10:47.326,A/USDT:USDT,0.5737,88.0,0.5736,297.0,0.5738,30.0,0.5739,1395.0
1753531847741,12:10:47.741,A/USDT:USDT,0.5737,88.0,0.5736,297.0,0.5738,23.0,0.5739,1395.0
1753531848442,12:10:48.442,A/USDT:USDT,0.5737,88.0,0.5736,297.0,0.5738,23.0,0.574,640.0
1753531848542,12:10:48.542,A/USDT:USDT,0.5737,88.0,0.5736,297.0,0.5738,14.0,0.5739,23.0
1753531850049,12:10:50.049,A/USDT:USDT,0.5737,88.0,0.5736,297.0,0.5738,7.0,0.5739,23.0
1753531850422,12:10:50.422,A/USDT:USDT,0.5737,88.0,0.5736,297.0,0.5738,51.0,0.5739,286.0
1753531851322,12:10:51.322,A/USDT:USDT,0.5737,88.0,0.5736,297.0,0.5738,51.0,0.5739,286.0
1753531851390,12:10:51.390,A/USDT:USDT,0.5737,88.0,0.5736,297.0,0.5738,51.0,0.5739,286.0
1753531851842,12:10:51.842,A/USDT:USDT,0.5737,88.0,0.5736,297.0,0.5738,51.0,0.5739,286.0
1753531853042,12:10:53.042,A/USDT:USDT,0.5737,88.0,0.5736,297.0,0.5738,51.0,0.5739,286.0
1753531853257,12:10:53.257,A/USDT:USDT,0.5737,88.0,0.5736,297.0,0.5738,51.0,0.5739,286.0
1753531854131,12:10:54.131,A/USDT:USDT,0.5737,88.0,0.5736,297.0,0.5738,44.0,0.5739,286.0
1753531854310,12:10:54.310,A/USDT:USDT,0.5737,88.0,0.5736,297.0,0.5739,76.0,0.574,1221.0
1753531854397,12:10:54.397,A/USDT:USDT,0.5737,88.0,0.5736,297.0,0.5739,7.0,0.574,1221.0
1753531854487,12:10:54.487,A/USDT:USDT,0.5737,88.0,0.5736,297.0,0.5739,30.0,0.574,1221.0
1753531855371,12:10:55.371,A/USDT:USDT,0.5737,88.0,0.5736,297.0,0.5739,37.0,0.574,1221.0
1753531855387,12:10:55.387,A/USDT:USDT,0.5737,88.0,0.5736,297.0,0.5739,30.0,0.574,1221.0
1753531855518,12:10:55.518,A/USDT:USDT,0.5737,88.0,0.5736,297.0,0.5739,30.0,0.574,1221.0
1753531856189,12:10:56.189,A/USDT:USDT,0.5737,88.0,0.5736,297.0,0.5739,30.0,0.574,1221.0
1753531857078,12:10:57.078,A/USDT:USDT,0.5738,88.0,0.5737,304.0,0.5739,23.0,0.574,1221.0
1753531857163,12:10:57.163,A/USDT:USDT,0.5738,88.0,0.5737,304.0,0.5739,23.0,0.574,640.0
1753531857228,12:10:57.228,A/USDT:USDT,0.5738,88.0,0.5737,304.0,0.5739,23.0,0.574,640.0
1753531857291,12:10:57.291,A/USDT:USDT,0.5738,88.0,0.5737,304.0,0.5739,23.0,0.574,640.0
1753531857577,12:10:57.577,A/USDT:USDT,0.5738,88.0,0.5737,304.0,0.5739,30.0,0.574,640.0
1753531857864,12:10:57.864,A/USDT:USDT,0.5738,88.0,0.5737,297.0,0.5739,30.0,0.574,640.0
1753531858115,12:10:58.115,A/USDT:USDT,0.5738,88.0,0.5737,297.0,0.5739,30.0,0.574,640.0
1753531858525,12:10:58.525,A/USDT:USDT,0.5738,88.0,0.5737,297.0,0.5739,30.0,0.574,640.0
1753531859854,12:10:59.854,A/USDT:USDT,0.5738,88.0,0.5737,297.0,0.5739,30.0,0.574,640.0
1753531859974,12:10:59.974,A/USDT:USDT,0.5738,88.0,0.5737,297.0,0.5739,30.0,0.574,640.0
1753531860130,12:11:00.130,A/USDT:USDT,0.5738,88.0,0.5737,297.0,0.5739,30.0,0.574,640.0
1753531860550,12:11:00.550,A/USDT:USDT,0.5738,88.0,0.5737,297.0,0.5739,30.0,0.574,640.0
1753531860990,12:11:00.990,A/USDT:USDT,0.5738,88.0,0.5737,297.0,0.5739,30.0,0.574,640.0
1753531861178,12:11:01.178,A/USDT:USDT,0.5738,88.0,0.5737,297.0,0.5739,23.0,0.574,261.0
1753531861360,12:11:01.360,A/USDT:USDT,0.5738,88.0,0.5737,297.0,0.5739,23.0,0.574,261.0
1753531861470,12:11:01.470,A/USDT:USDT,0.5738,88.0,0.5737,297.0,0.5739,30.0,0.574,261.0
1753531861523,12:11:01.523,A/USDT:USDT,0.5738,88.0,0.5737,297.0,0.5739,30.0,0.574,261.0
1753531861739,12:11:01.739,A/USDT:USDT,0.5738,88.0,0.5737,297.0,0.5739,30.0,0.574,261.0
1753531861855,12:11:01.855,A/USDT:USDT,0.5738,88.0,0.5737,297.0,0.5739,30.0,0.574,261.0
1753531862268,12:11:02.268,A/USDT:USDT,0.5738,88.0,0.5737,297.0,0.5739,23.0,0.5741,1760.0
1753531862295,12:11:02.295,A/USDT:USDT,0.5738,88.0,0.5737,297.0,0.574,30.0,0.5741,1760.0
1753531862461,12:11:02.461,A/USDT:USDT,0.5739,88.0,0.5738,88.0,0.574,30.0,0.5741,1760.0
1753531862590,12:11:02.590,A/USDT:USDT,0.5739,88.0,0.5738,88.0,0.574,30.0,0.5741,1760.0
1753531862759,12:11:02.759,A/USDT:USDT,0.5739,88.0,0.5738,88.0,0.574,30.0,0.5741,1760.0
1753531863452,12:11:03.452,A/USDT:USDT,0.5739,88.0,0.5738,88.0,0.574,30.0,0.5741,1760.0
1753531863766,12:11:03.766,A/USDT:USDT,0.5739,88.0,0.5738,88.0,0.574,30.0,0.5741,1760.0
1753531863817,12:11:03.817,A/USDT:USDT,0.5739,88.0,0.5738,88.0,0.574,30.0,0.5741,1760.0
1753531864266,12:11:04.266,A/USDT:USDT,0.5739,88.0,0.5738,88.0,0.574,30.0,0.5741,1760.0
1753531865174,12:11:05.174,A/USDT:USDT,0.5739,88.0,0.5738,88.0,0.574,30.0,0.5741,1760.0
1753531865183,12:11:05.183,A/USDT:USDT,0.5739,88.0,0.5738,88.0,0.574,30.0,0.5741,1760.0
1753531865789,12:11:05.789,A/USDT:USDT,0.5739,88.0,0.5738,88.0,0.574,30.0,0.5741,1760.0
1753531866415,12:11:06.415,A/USDT:USDT,0.5739,88.0,0.5738,88.0,0.574,30.0,0.5741,1760.0
1753531866773,12:11:06.773,A/USDT:USDT,0.5739,88.0,0.5738,88.0,0.574,30.0,0.5741,1760.0
1753531866782,12:11:06.782,A/USDT:USDT,0.5739,88.0,0.5738,88.0,0.574,30.0,0.5741,1760.0
1753531866954,12:11:06.954,A/USDT:USDT,0.5739,88.0,0.5738,88.0,0.574,30.0,0.5741,1760.0
1753531867276,12:11:07.276,A/USDT:USDT,0.5739,88.0,0.5738,88.0,0.574,30.0,0.5741,1760.0
1753531867634,12:11:07.634,A/USDT:USDT,0.5739,88.0,0.5738,88.0,0.574,30.0,0.5741,1760.0
1753531867736,12:11:07.736,A/USDT:USDT,0.5739,88.0,0.5738,88.0,0.574,30.0,0.5741,1760.0
1753531867855,12:11:07.855,A/USDT:USDT,0.5739,88.0,0.5738,88.0,0.574,30.0,0.5741,1760.0
1753531868361,12:11:08.361,A/USDT:USDT,0.5739,88.0,0.5738,88.0,0.574,290.0,0.5741,1760.0
1753531868873,12:11:08.873,A/USDT:USDT,0.5739,88.0,0.5738,88.0,0.574,290.0,0.5741,1760.0
1753531869083,12:11:09.083,A/USDT:USDT,0.5739,88.0,0.5738,88.0,0.574,290.0,0.5741,1760.0
1753531870592,12:11:10.592,A/USDT:USDT,0.5739,88.0,0.5738,88.0,0.574,290.0,0.5741,1760.0
1753531871554,12:11:11.554,A/USDT:USDT,0.5739,88.0,0.5738,88.0,0.574,23.0,0.5741,1760.0
1753531871631,12:11:11.631,A/USDT:USDT,0.5739,95.0,0.5738,88.0,0.574,23.0,0.5741,1405.0
1753531871896,12:11:11.896,A/USDT:USDT,0.5739,95.0,0.5738,88.0,0.574,23.0,0.5741,1405.0
1753531872154,12:11:12.154,A/USDT:USDT,0.5739,88.0,0.5738,88.0,0.574,23.0,0.5741,1405.0
1753531872610,12:11:12.610,A/USDT:USDT,0.5739,88.0,0.5738,88.0,0.574,23.0,0.5741,1405.0
1753531873042,12:11:13.042,A/USDT:USDT,0.5739,88.0,0.5738,88.0,0.574,23.0,0.5741,1405.0
1753531873177,12:11:13.177,A/USDT:USDT,0.5739,88.0,0.5738,88.0,0.574,23.0,0.5741,1405.0
1753531873197,12:11:13.197,A/USDT:USDT,0.5739,88.0,0.5738,88.0,0.574,23.0,0.5741,1405.0
1753531873410,12:11:13.410,A/USDT:USDT,0.5739,88.0,0.5738,88.0,0.574,23.0,0.5741,1405.0
1753531873662,12:11:13.662,A/USDT:USDT,0.5739,95.0,0.5738,88.0,0.574,23.0,0.5742,4683.0
1753531873703,12:11:13.703,A/USDT:USDT,0.5739,88.0,0.5738,88.0,0.5741,1435.0,0.5742,4683.0
1753531873870,12:11:13.870,A/USDT:USDT,0.5739,88.0,0.5738,88.0,0.5741,1419.0,0.5742,4683.0
1753531873900,12:11:13.900,A/USDT:USDT,0.5739,88.0,0.5738,88.0,0.5741,1419.0,0.5742,4683.0
1753531874042,12:11:14.042,A/USDT:USDT,0.5739,88.0,0.5738,88.0,0.5741,1419.0,0.5742,4683.0
1753531874410,12:11:14.410,A/USDT:USDT,0.5739,88.0,0.5738,88.0,0.5741,1451.0,0.5742,4683.0
1753531874500,12:11:14.500,A/USDT:USDT,0.5739,88.0,0.5738,88.0,0.5741,39.0,0.5742,4683.0
1753531874657,12:11:14.657,A/USDT:USDT,0.5739,88.0,0.5738,88.0,0.5741,1444.0,0.5742,4683.0
1753531874725,12:11:14.725,A/USDT:USDT,0.5739,88.0,0.5738,88.0,0.5741,1444.0,0.5742,4683.0
1753531875214,12:11:15.214,A/USDT:USDT,0.5739,88.0,0.5738,88.0,0.5741,1451.0,0.5742,4683.0
1753531875389,12:11:15.389,A/USDT:USDT,0.5739,88.0,0.5738,88.0,0.5741,1451.0,0.5742,4683.0
1753531876053,12:11:16.053,A/USDT:USDT,0.5739,88.0,0.5738,88.0,0.5741,1451.0,0.5742,4683.0
1753531876615,12:11:16.615,A/USDT:USDT,0.5739,88.0,0.5738,88.0,0.574,7.0,0.5741,1412.0
1753531876758,12:11:16.758,A/USDT:USDT,0.5739,88.0,0.5738,88.0,0.574,30.0,0.5741,1412.0
1753531876791,12:11:16.791,A/USDT:USDT,0.5739,88.0,0.5738,88.0,0.574,30.0,0.5741,1412.0
1753531876953,12:11:16.953,A/USDT:USDT,0.5739,88.0,0.5738,88.0,0.574,30.0,0.5741,1412.0
1753531877042,12:11:17.042,A/USDT:USDT,0.5739,88.0,0.5738,88.0,0.574,30.0,0.5741,1412.0
1753531877172,12:11:17.172,A/USDT:USDT,0.5739,88.0,0.5738,88.0,0.574,30.0,0.5741,1412.0
1753531877238,12:11:17.238,A/USDT:USDT,0.5739,88.0,0.5738,88.0,0.574,30.0,0.5741,1412.0
1753531877375,12:11:17.375,A/USDT:USDT,0.5739,88.0,0.5738,88.0,0.574,30.0,0.5741,1405.0
1753531877415,12:11:17.415,A/USDT:USDT,0.5739,88.0,0.5738,88.0,0.574,30.0,0.5741,1405.0
1753531877558,12:11:17.558,A/USDT:USDT,0.5739,88.0,0.5738,88.0,0.574,30.0,0.5741,1405.0
1753531877599,12:11:17.599,A/USDT:USDT,0.5739,88.0,0.5738,88.0,0.574,30.0,0.5741,1405.0
1753531877777,12:11:17.777,A/USDT:USDT,0.5741,88.0,0.574,300.0,0.5743,276.0,0.5744,1638.0
1753531877866,12:11:17.866,A/USDT:USDT,0.574,102.0,0.5737,268.0,0.5742,275.0,0.5743,269.0
1753531877979,12:11:17.979,A/USDT:USDT,0.5741,88.0,0.574,102.0,0.5742,268.0,0.5743,269.0
1753531878075,12:11:18.075,A/USDT:USDT,0.5741,110.0,0.574,293.0,0.5742,10.0,0.5743,561.0
1753531878135,12:11:18.135,A/USDT:USDT,0.5741,110.0,0.574,293.0,0.5742,278.0,0.5743,1740.0
1753531878415,12:11:18.415,A/USDT:USDT,0.5741,110.0,0.574,293.0,0.5742,278.0,0.5743,1740.0
1753531878831,12:11:18.831,A/USDT:USDT,0.5741,110.0,0.574,293.0,0.5742,278.0,0.5743,1740.0
1753531878885,12:11:18.885,A/USDT:USDT,0.5741,110.0,0.574,293.0,0.5742,278.0,0.5743,1740.0
1753531879073,12:11:19.073,A/USDT:USDT,0.5741,22.0,0.574,293.0,0.5742,285.0,0.5743,1740.0
1753531879605,12:11:19.605,A/USDT:USDT,0.5741,22.0,0.574,293.0,0.5742,278.0,0.5743,1740.0
1753531880189,12:11:20.189,A/USDT:USDT,0.5741,22.0,0.574,293.0,0.5742,278.0,0.5743,1740.0
1753531881899,12:11:21.899,A/USDT:USDT,0.5741,22.0,0.574,293.0,0.5742,271.0,0.5743,1740.0
1753531883073,12:11:23.073,A/USDT:USDT,0.5741,110.0,0.574,293.0,0.5742,271.0,0.5743,1448.0
1753531883124,12:11:23.124,A/USDT:USDT,0.5741,110.0,0.574,293.0,0.5742,271.0,0.5743,1740.0
1753531883416,12:11:23.416,A/USDT:USDT,0.5741,110.0,0.574,293.0,0.5742,271.0,0.5743,1740.0
1753531884066,12:11:24.066,A/USDT:USDT,0.5741,110.0,0.574,293.0,0.5742,271.0,0.5743,1740.0
1753531885002,12:11:25.002,A/USDT:USDT,0.5741,110.0,0.574,293.0,0.5742,271.0,0.5743,1740.0
1753531885283,12:11:25.283,A/USDT:USDT,0.5741,110.0,0.574,293.0,0.5742,271.0,0.5743,1740.0
1753531887438,12:11:27.438,A/USDT:USDT,0.5741,110.0,0.574,293.0,0.5742,3.0,0.5743,1448.0
1753531887669,12:11:27.669,A/USDT:USDT,0.5741,110.0,0.574,293.0,0.5742,3.0,0.5743,1740.0
1753531887756,12:11:27.756,A/USDT:USDT,0.5741,110.0,0.574,293.0,0.5742,3.0,0.5743,1740.0
1753531888959,12:11:28.959,A/USDT:USDT,0.5741,117.0,0.574,293.0,0.5742,3.0,0.5743,1740.0
1753531889554,12:11:29.554,A/USDT:USDT,0.5741,117.0,0.574,293.0,0.5742,3.0,0.5743,1740.0
1753531889583,12:11:29.583,A/USDT:USDT,0.5741,110.0,0.574,293.0,0.5742,3.0,0.5743,1740.0
1753531889789,12:11:29.789,A/USDT:USDT,0.5741,110.0,0.574,293.0,0.5742,3.0,0.5743,1740.0
1753531890477,12:11:30.477,A/USDT:USDT,0.5741,110.0,0.574,293.0,0.5742,3.0,0.5743,1740.0
1753531890490,12:11:30.490,A/USDT:USDT,0.5741,110.0,0.574,293.0,0.5742,3.0,0.5743,1740.0
1753531891152,12:11:31.152,A/USDT:USDT,0.5741,110.0,0.574,293.0,0.5742,3.0,0.5743,1740.0
1753531891402,12:11:31.402,A/USDT:USDT,0.5741,110.0,0.574,293.0,0.5742,3.0,0.5743,1740.0
1753531892413,12:11:32.413,A/USDT:USDT,0.5741,110.0,0.574,293.0,0.5742,10.0,0.5743,1740.0
1753531892553,12:11:32.553,A/USDT:USDT,0.5741,110.0,0.574,293.0,0.5742,267.0,0.5743,1740.0
1753531892672,12:11:32.672,A/USDT:USDT,0.5741,22.0,0.574,293.0,0.5742,274.0,0.5743,1740.0
1753531892762,12:11:32.762,A/USDT:USDT,0.5741,22.0,0.574,293.0,0.5742,274.0,0.5743,1740.0
1753531892972,12:11:32.972,A/USDT:USDT,0.5741,22.0,0.5736,260.0,0.5742,274.0,0.5743,1740.0
1753531893063,12:11:33.063,A/USDT:USDT,0.5738,88.0,0.5737,315.0,0.574,27.0,0.5741,549.0
1753531893154,12:11:33.154,A/USDT:USDT,0.5738,88.0,0.5737,293.0,0.574,27.0,0.5741,549.0
1753531893242,12:11:33.242,A/USDT:USDT,0.5738,88.0,0.5737,293.0,0.5742,257.0,0.5743,1448.0
1753531893364,12:11:33.364,A/USDT:USDT,0.574,88.0,0.5739,329.0,0.5741,3.0,0.5742,264.0
1753531893429,12:11:33.429,A/USDT:USDT,0.574,88.0,0.5739,322.0,0.5741,3.0,0.5742,257.0
1753531893533,12:11:33.533,A/USDT:USDT,0.574,88.0,0.5739,322.0,0.5741,3.0,0.5742,264.0
1753531893662,12:11:33.662,A/USDT:USDT,0.574,88.0,0.5739,315.0,0.5741,37.0,0.5742,556.0
1753531893802,12:11:33.802,A/USDT:USDT,0.574,88.0,0.5739,315.0,0.5741,30.0,0.5742,563.0
1753531893952,12:11:33.952,A/USDT:USDT,0.574,88.0,0.5739,315.0,0.5741,37.0,0.5742,556.0
1753531894590,12:11:34.590,A/USDT:USDT,0.574,88.0,0.5739,315.0,0.5741,37.0,0.5742,556.0
1753531894821,12:11:34.821,A/USDT:USDT,0.574,88.0,0.5739,315.0,0.5741,30.0,0.5742,563.0
1753531895299,12:11:35.299,A/USDT:USDT,0.574,88.0,0.5739,315.0,0.5741,44.0,0.5742,556.0
1753531895550,12:11:35.550,A/USDT:USDT,0.5739,22.0,0.5737,293.0,0.5741,44.0,0.5742,556.0
1753531895643,12:11:35.643,A/USDT:USDT,0.5739,88.0,0.5738,22.0,0.5741,41.0,0.5742,549.0
1753531895686,12:11:35.686,A/USDT:USDT,0.5739,88.0,0.5737,293.0,0.5741,41.0,0.5742,549.0
1753531895823,12:11:35.823,A/USDT:USDT,0.5739,88.0,0.5737,293.0,0.5741,41.0,0.5742,549.0
1753531896350,12:11:36.350,A/USDT:USDT,0.5739,359.0,0.5737,293.0,0.5741,27.0,0.5742,292.0
1753531896450,12:11:36.450,A/USDT:USDT,0.5739,88.0,0.5738,257.0,0.5741,27.0,0.5742,292.0
1753531896512,12:11:36.512,A/USDT:USDT,0.5739,95.0,0.5738,257.0,0.5741,27.0,0.5742,292.0
1753531896652,12:11:36.652,A/USDT:USDT,0.5739,88.0,0.5738,257.0,0.5741,27.0,0.5742,292.0
1753531897078,12:11:37.078,A/USDT:USDT,0.5739,95.0,0.5738,257.0,0.5741,27.0,0.5742,292.0
1753531897205,12:11:37.205,A/USDT:USDT,0.5739,95.0,0.5738,257.0,0.5741,27.0,0.5742,559.0
1753531897382,12:11:37.382,A/USDT:USDT,0.5739,88.0,0.5738,257.0,0.5741,27.0,0.5742,559.0
1753531897707,12:11:37.707,A/USDT:USDT,0.5739,95.0,0.5738,257.0,0.5741,27.0,0.5742,559.0
1753531898241,12:11:38.241,A/USDT:USDT,0.5739,88.0,0.5738,257.0,0.5741,27.0,0.5742,559.0
1753531898283,12:11:38.283,A/USDT:USDT,0.5739,95.0,0.5738,257.0,0.5741,27.0,0.5742,559.0
1753531899390,12:11:39.390,A/USDT:USDT,0.5739,95.0,0.5738,257.0,0.5741,27.0,0.5742,559.0
1753531900170,12:11:40.170,A/USDT:USDT,0.5739,95.0,0.5738,257.0,0.5741,27.0,0.5742,559.0
1753531900276,12:11:40.276,A/USDT:USDT,0.5739,95.0,0.5738,257.0,0.5742,308.0,0.5743,2070.0
1753531900362,12:11:40.362,A/USDT:USDT,0.574,110.0,0.5739,301.0,0.5741,3.0,0.5742,600.0
1753531900395,12:11:40.395,A/USDT:USDT,0.574,110.0,0.5739,301.0,0.5741,3.0,0.5742,600.0
1753531900687,12:11:40.687,A/USDT:USDT,0.574,110.0,0.5739,301.0,0.5741,3.0,0.5742,600.0
1753531900894,12:11:40.894,A/USDT:USDT,0.574,110.0,0.5739,301.0,0.5741,3.0,0.5742,600.0
1753531901101,12:11:41.101,A/USDT:USDT,0.574,110.0,0.5739,301.0,0.5741,3.0,0.5742,600.0
1753531901374,12:11:41.374,A/USDT:USDT,0.574,110.0,0.5739,301.0,0.5741,3.0,0.5742,600.0
1753531902644,12:11:42.644,A/USDT:USDT,0.574,110.0,0.5739,301.0,0.5741,3.0,0.5742,600.0
1753531902720,12:11:42.720,A/USDT:USDT,0.574,110.0,0.5739,301.0,0.5741,3.0,0.5742,600.0
1753531902977,12:11:42.977,A/USDT:USDT,0.574,110.0,0.5739,301.0,0.5741,270.0,0.5742,600.0
1753531902983,12:11:42.983,A/USDT:USDT,0.574,110.0,0.5739,301.0,0.5741,270.0,0.5742,600.0
1753531903241,12:11:43.241,A/USDT:USDT,0.574,110.0,0.5739,301.0,0.5741,270.0,0.5742,600.0
1753531904202,12:11:44.202,A/USDT:USDT,0.574,110.0,0.5739,301.0,0.5741,270.0,0.5742,600.0
1753531904418,12:11:44.418,A/USDT:USDT,0.574,110.0,0.5739,294.0,0.5741,311.0,0.5742,559.0
1753531905860,12:11:45.860,A/USDT:USDT,0.574,110.0,0.5739,294.0,0.5741,270.0,0.5742,559.0
1753531906319,12:11:46.319,A/USDT:USDT,0.574,110.0,0.5739,294.0,0.5741,3.0,0.5742,559.0
1753531906419,12:11:46.419,A/USDT:USDT,0.574,117.0,0.5739,294.0,0.5741,3.0,0.5742,267.0
1753531906526,12:11:46.526,A/USDT:USDT,0.574,117.0,0.5739,294.0,0.5741,3.0,0.5742,559.0
1753531906641,12:11:46.641,A/USDT:USDT,0.574,110.0,0.5739,294.0,0.5741,3.0,0.5742,559.0
1753531906707,12:11:46.707,A/USDT:USDT,0.574,110.0,0.5739,294.0,0.5741,3.0,0.5742,559.0
1753531906856,12:11:46.856,A/USDT:USDT,0.574,110.0,0.5739,294.0,0.5741,3.0,0.5742,559.0
1753531907063,12:11:47.063,A/USDT:USDT,0.574,110.0,0.5739,294.0,0.5741,3.0,0.5742,559.0
1753531907265,12:11:47.265,A/USDT:USDT,0.574,110.0,0.5739,294.0,0.5741,3.0,0.5742,559.0
1753531907472,12:11:47.472,A/USDT:USDT,0.574,110.0,0.5739,294.0,0.5741,3.0,0.5742,267.0
1753531907483,12:11:47.483,A/USDT:USDT,0.574,110.0,0.5739,294.0,0.5741,3.0,0.5742,267.0
1753531907652,12:11:47.652,A/USDT:USDT,0.574,110.0,0.5739,294.0,0.5741,3.0,0.5742,559.0
1753531907758,12:11:47.758,A/USDT:USDT,0.574,110.0,0.5739,294.0,0.5741,3.0,0.5742,559.0
1753531908017,12:11:48.017,A/USDT:USDT,0.574,110.0,0.5739,294.0,0.5741,3.0,0.5742,267.0
1753531908328,12:11:48.328,A/USDT:USDT,0.574,110.0,0.5739,294.0,0.5741,3.0,0.5742,559.0
1753531908424,12:11:48.424,A/USDT:USDT,0.574,110.0,0.5739,294.0,0.5741,3.0,0.5742,559.0
1753531908781,12:11:48.781,A/USDT:USDT,0.574,110.0,0.5739,294.0,0.5741,3.0,0.5742,559.0
1753531908993,12:11:48.993,A/USDT:USDT,0.574,110.0,0.5739,294.0,0.5741,3.0,0.5742,559.0
1753531911542,12:11:51.542,A/USDT:USDT,0.574,110.0,0.5739,294.0,0.5741,3.0,0.5742,559.0
1753531911819,12:11:51.819,A/USDT:USDT,0.574,110.0,0.5739,294.0,0.5741,3.0,0.5742,559.0
1753531912616,12:11:52.616,A/USDT:USDT,0.574,110.0,0.5739,294.0,0.5741,3.0,0.5742,559.0
1753531913790,12:11:53.790,A/USDT:USDT,0.574,110.0,0.5739,294.0,0.5741,3.0,0.5742,559.0
1753531918448,12:11:58.448,A/USDT:USDT,0.574,110.0,0.5739,294.0,0.5741,3.0,0.5742,559.0
1753531918506,12:11:58.506,A/USDT:USDT,0.574,110.0,0.5739,294.0,0.5741,3.0,0.5742,559.0
1753531918591,12:11:58.591,A/USDT:USDT,0.574,110.0,0.5739,294.0,0.5741,3.0,0.5742,559.0
1753531918721,12:11:58.721,A/USDT:USDT,0.574,110.0,0.5739,294.0,0.5741,3.0,0.5742,559.0
1753531918827,12:11:58.827,A/USDT:USDT,0.574,110.0,0.5739,294.0,0.5741,3.0,0.5742,559.0
1753531920345,12:12:00.345,A/USDT:USDT,0.574,110.0,0.5739,294.0,0.5741,3.0,0.5743,2071.0
1753531920473,12:12:00.473,A/USDT:USDT,0.5741,88.0,0.574,316.0,0.5742,10.0,0.5743,2071.0
1753531920541,12:12:00.541,A/USDT:USDT,0.5741,88.0,0.574,316.0,0.5742,10.0,0.5743,2071.0
1753531920921,12:12:00.921,A/USDT:USDT,0.5741,88.0,0.574,316.0,0.5742,10.0,0.5743,2071.0
1753531921183,12:12:01.183,A/USDT:USDT,0.5741,88.0,0.574,316.0,0.5742,10.0,0.5743,2071.0
1753531921354,12:12:01.354,A/USDT:USDT,0.5741,88.0,0.574,316.0,0.5742,10.0,0.5743,2071.0
1753531921738,12:12:01.738,A/USDT:USDT,0.5741,88.0,0.574,316.0,0.5742,10.0,0.5743,2071.0
1753531922058,12:12:02.058,A/USDT:USDT,0.5741,88.0,0.574,316.0,0.5742,3.0,0.5744,5127.0
1753531922168,12:12:02.168,A/USDT:USDT,0.5742,88.0,0.5741,294.0,0.5743,10.0,0.5744,5420.0
1753531922223,12:12:02.223,A/USDT:USDT,0.5742,110.0,0.5741,294.0,0.5743,10.0,0.5744,5420.0
1753531923040,12:12:03.040,A/USDT:USDT,0.5742,110.0,0.5741,294.0,0.5743,10.0,0.5744,5420.0
1753531923372,12:12:03.372,A/USDT:USDT,0.5742,110.0,0.5741,294.0,0.5743,10.0,0.5744,5420.0
1753531923392,12:12:03.392,A/USDT:USDT,0.5742,110.0,0.5741,294.0,0.5743,10.0,0.5744,5420.0
1753531924558,12:12:04.558,A/USDT:USDT,0.5742,110.0,0.5741,294.0,0.5743,271.0,0.5744,5420.0
1753531926662,12:12:06.662,A/USDT:USDT,0.5742,110.0,0.5741,294.0,0.5743,3.0,0.5744,5127.0
1753531926740,12:12:06.740,A/USDT:USDT,0.5742,110.0,0.5741,294.0,0.5743,3.0,0.5744,5127.0
1753531926783,12:12:06.783,A/USDT:USDT,0.5742,110.0,0.5741,294.0,0.5743,10.0,0.5744,5127.0
1753531926909,12:12:06.909,A/USDT:USDT,0.5742,110.0,0.5741,294.0,0.5743,10.0,0.5744,5420.0
1753531927031,12:12:07.031,A/USDT:USDT,0.5742,110.0,0.5741,294.0,0.5743,3.0,0.5744,5420.0
1753531927156,12:12:07.156,A/USDT:USDT,0.5742,110.0,0.5741,294.0,0.5743,3.0,0.5744,5420.0
1753531927394,12:12:07.394,A/USDT:USDT,0.5742,110.0,0.5741,294.0,0.5743,10.0,0.5744,5420.0
1753531927502,12:12:07.502,A/USDT:USDT,0.5742,110.0,0.5741,294.0,0.5743,3.0,0.5744,5420.0
1753531927881,12:12:07.881,A/USDT:USDT,0.5742,110.0,0.5741,294.0,0.5743,3.0,0.5744,5420.0
1753531928275,12:12:08.275,A/USDT:USDT,0.5742,110.0,0.5741,294.0,0.5743,10.0,0.5744,5420.0
1753531928442,12:12:08.442,A/USDT:USDT,0.5742,110.0,0.5741,294.0,0.5743,3.0,0.5744,5420.0
1753531928483,12:12:08.483,A/USDT:USDT,0.5742,110.0,0.5741,294.0,0.5743,10.0,0.5744,5420.0
1753531928779,12:12:08.779,A/USDT:USDT,0.5742,110.0,0.5741,294.0,0.5743,3.0,0.5744,5420.0
1753531928805,12:12:08.805,A/USDT:USDT,0.5742,110.0,0.5741,294.0,0.5743,10.0,0.5744,5420.0
1753531929277,12:12:09.277,A/USDT:USDT,0.5742,110.0,0.5741,294.0,0.5743,10.0,0.5744,5420.0
1753531930269,12:12:10.269,A/USDT:USDT,0.5739,372.0,0.5738,1240.0,0.5742,284.0,0.5743,267.0
1753531930378,12:12:10.378,A/USDT:USDT,0.5739,372.0,0.5738,1240.0,0.5741,298.0,0.5742,809.0
1753531930477,12:12:10.477,A/USDT:USDT,0.5739,294.0,0.5738,355.0,0.5741,291.0,0.5742,828.0
1753531930579,12:12:10.579,A/USDT:USDT,0.5738,355.0,0.5737,551.0,0.5741,301.0,0.5742,828.0
1753531930677,12:12:10.677,A/USDT:USDT,0.574,1.0,0.5738,355.0,0.5741,301.0,0.5742,828.0
1753531930698,12:12:10.698,A/USDT:USDT,0.5739,1.0,0.5738,355.0,0.5741,301.0,0.5742,828.0
1753531930870,12:12:10.870,A/USDT:USDT,0.5739,1.0,0.5738,355.0,0.5741,301.0,0.5742,1094.0
1753531930966,12:12:10.966,A/USDT:USDT,0.5739,1.0,0.5738,355.0,0.5741,301.0,0.5742,1094.0
1753531931158,12:12:11.158,A/USDT:USDT,0.5739,1.0,0.5738,355.0,0.5741,301.0,0.5742,1094.0
1753531931660,12:12:11.660,A/USDT:USDT,0.5739,1.0,0.5738,355.0,0.5741,301.0,0.5742,1094.0
1753531931992,12:12:11.992,A/USDT:USDT,0.5739,1.0,0.5738,355.0,0.5741,301.0,0.5742,1094.0
1753531932991,12:12:12.991,A/USDT:USDT,0.5739,1.0,0.5738,355.0,0.5741,301.0,0.5742,1094.0
1753531933271,12:12:13.271,A/USDT:USDT,0.5739,1.0,0.5738,355.0,0.5741,301.0,0.5742,1094.0
1753531933375,12:12:13.375,A/USDT:USDT,0.5739,89.0,0.5738,355.0,0.574,264.0,0.5741,301.0
1753531933446,12:12:13.446,A/USDT:USDT,0.5739,89.0,0.5738,355.0,0.574,271.0,0.5741,567.0
1753531933493,12:12:13.493,A/USDT:USDT,0.5739,89.0,0.5738,355.0,0.574,290.0,0.5741,567.0
1753531933640,12:12:13.640,A/USDT:USDT,0.5739,89.0,0.5738,355.0,0.574,290.0,0.5741,567.0
1753531934065,12:12:14.065,A/USDT:USDT,0.5739,89.0,0.5738,355.0,0.574,290.0,0.5741,567.0
1753531934254,12:12:14.254,A/USDT:USDT,0.5739,89.0,0.5738,355.0,0.574,283.0,0.5741,567.0
1753531934458,12:12:14.458,A/USDT:USDT,0.5739,89.0,0.5738,355.0,0.574,19.0,0.5741,567.0
1753531934657,12:12:14.657,A/USDT:USDT,0.5739,89.0,0.5738,355.0,0.574,26.0,0.5741,567.0
1753531934917,12:12:14.917,A/USDT:USDT,0.5739,89.0,0.5738,355.0,0.574,26.0,0.5741,567.0
1753531935174,12:12:15.174,A/USDT:USDT,0.5739,89.0,0.5738,355.0,0.574,26.0,0.5741,567.0
1753531935276,12:12:15.276,A/USDT:USDT,0.5739,89.0,0.5738,355.0,0.574,26.0,0.5741,567.0
1753531935463,12:12:15.463,A/USDT:USDT,0.5739,89.0,0.5738,355.0,0.574,19.0,0.5741,3.0
1753531935538,12:12:15.538,A/USDT:USDT,0.5741,88.0,0.574,294.0,0.5742,279.0,0.5743,2308.0
1753531935655,12:12:15.655,A/USDT:USDT,0.5741,88.0,0.574,294.0,0.5742,286.0,0.5743,2308.0
1753531935693,12:12:15.693,A/USDT:USDT,0.5741,88.0,0.574,294.0,0.5742,286.0,0.5743,2308.0
1753531936479,12:12:16.479,A/USDT:USDT,0.5741,88.0,0.574,294.0,0.5742,29.0,0.5743,1960.0
1753531936520,12:12:16.520,A/USDT:USDT,0.5741,88.0,0.574,294.0,0.5742,22.0,0.5743,1960.0
1753531936580,12:12:16.580,A/USDT:USDT,0.5741,88.0,0.574,294.0,0.5742,22.0,0.5743,1960.0
1753531936689,12:12:16.689,A/USDT:USDT,0.5741,88.0,0.574,294.0,0.5742,22.0,0.5743,1960.0
1753531937791,12:12:17.791,A/USDT:USDT,0.5741,88.0,0.574,294.0,0.5742,22.0,0.5743,1960.0
1753531938151,12:12:18.151,A/USDT:USDT,0.5741,88.0,0.574,294.0,0.5742,22.0,0.5743,1960.0
1753531938349,12:12:18.349,A/USDT:USDT,0.5741,88.0,0.574,294.0,0.5742,29.0,0.5743,1953.0
1753531938445,12:12:18.445,A/USDT:USDT,0.5741,88.0,0.574,294.0,0.5742,29.0,0.5743,1953.0
1753531939155,12:12:19.155,A/USDT:USDT,0.5741,88.0,0.574,294.0,0.5742,29.0,0.5743,1953.0
1753531939371,12:12:19.371,A/USDT:USDT,0.5741,88.0,0.574,294.0,0.5742,56.0,0.5743,1953.0
1753531939384,12:12:19.384,A/USDT:USDT,0.5741,88.0,0.574,294.0,0.5742,56.0,0.5743,1953.0
1753531939562,12:12:19.562,A/USDT:USDT,0.5741,88.0,0.574,294.0,0.5742,56.0,0.5743,1953.0
1753531941098,12:12:21.098,A/USDT:USDT,0.5741,88.0,0.574,294.0,0.5742,29.0,0.5743,1953.0
1753531941478,12:12:21.478,A/USDT:USDT,0.5741,88.0,0.574,294.0,0.5742,22.0,0.5744,5127.0
1753531941557,12:12:21.557,A/USDT:USDT,0.5742,88.0,0.5741,294.0,0.5743,29.0,0.5744,5420.0
1753531941610,12:12:21.610,A/USDT:USDT,0.5742,88.0,0.5741,295.0,0.5743,29.0,0.5744,5420.0
1753531941754,12:12:21.754,A/USDT:USDT,0.5742,88.0,0.5741,294.0,0.5743,29.0,0.5744,5420.0
1753531942334,12:12:22.334,A/USDT:USDT,0.5742,88.0,0.5741,294.0,0.5743,22.0,0.5744,5420.0
1753531942572,12:12:22.572,A/USDT:USDT,0.5742,88.0,0.5741,294.0,0.5743,22.0,0.5744,5420.0
1753531942591,12:12:22.591,A/USDT:USDT,0.5742,88.0,0.5741,294.0,0.5743,22.0,0.5744,5420.0
1753531942854,12:12:22.854,A/USDT:USDT,0.5742,88.0,0.5741,294.0,0.5743,29.0,0.5744,5420.0
1753531943342,12:12:23.342,A/USDT:USDT,0.5742,88.0,0.5741,294.0,0.5743,29.0,0.5744,5420.0
1753531943869,12:12:23.869,A/USDT:USDT,0.5742,88.0,0.5741,294.0,0.5743,29.0,0.5744,5420.0
1753531944274,12:12:24.274,A/USDT:USDT,0.5742,88.0,0.5741,294.0,0.5743,22.0,0.5744,5420.0
1753531944503,12:12:24.503,A/USDT:USDT,0.5742,88.0,0.5741,294.0,0.5743,29.0,0.5744,5420.0
1753531944866,12:12:24.866,A/USDT:USDT,0.5742,88.0,0.5741,294.0,0.5743,29.0,0.5744,4701.0
1753531945154,12:12:25.154,A/USDT:USDT,0.5742,88.0,0.5741,294.0,0.5743,22.0,0.5744,4701.0
1753531945236,12:12:25.236,A/USDT:USDT,0.5742,88.0,0.5741,294.0,0.5743,29.0,0.5744,4701.0
1753531945430,12:12:25.430,A/USDT:USDT,0.5742,88.0,0.5741,294.0,0.5743,22.0,0.5744,4408.0
1753531945562,12:12:25.562,A/USDT:USDT,0.5742,102.0,0.5741,294.0,0.5743,22.0,0.5745,258.0
1753531945643,12:12:25.643,A/USDT:USDT,0.5744,88.0,0.5743,294.0,0.5745,29.0,0.5746,5510.0
1753531945755,12:12:25.755,A/USDT:USDT,0.5744,88.0,0.5743,295.0,0.5745,29.0,0.5746,5122.0
1753531945867,12:12:25.867,A/USDT:USDT,0.5744,88.0,0.5743,295.0,0.5745,29.0,0.5746,5122.0
1753531945942,12:12:25.942,A/USDT:USDT,0.5744,88.0,0.5743,295.0,0.5745,29.0,0.5746,5415.0
1753531946086,12:12:26.086,A/USDT:USDT,0.5744,88.0,0.5743,295.0,0.5745,29.0,0.5746,5415.0
1753531946722,12:12:26.722,A/USDT:USDT,0.5744,88.0,0.5743,295.0,0.5745,29.0,0.5746,5415.0
1753531947075,12:12:27.075,A/USDT:USDT,0.5744,88.0,0.5743,295.0,0.5745,29.0,0.5746,5415.0
1753531947422,12:12:27.422,A/USDT:USDT,0.5744,88.0,0.5743,295.0,0.5745,291.0,0.5746,5415.0
1753531947743,12:12:27.743,A/USDT:USDT,0.5744,88.0,0.5743,295.0,0.5745,291.0,0.5746,5415.0
1753531947788,12:12:27.788,A/USDT:USDT,0.5744,88.0,0.5743,294.0,0.5745,291.0,0.5746,5415.0
1753531947895,12:12:27.895,A/USDT:USDT,0.5744,88.0,0.5743,294.0,0.5745,291.0,0.5746,5415.0
1753531948108,12:12:28.108,A/USDT:USDT,0.5744,88.0,0.5743,294.0,0.5745,291.0,0.5746,5415.0
1753531948534,12:12:28.534,A/USDT:USDT,0.5744,88.0,0.5743,294.0,0.5745,291.0,0.5746,5415.0
1753531950688,12:12:30.688,A/USDT:USDT,0.5744,88.0,0.5743,294.0,0.5745,291.0,0.5746,5415.0
1753531952192,12:12:32.192,A/USDT:USDT,0.5744,88.0,0.5743,294.0,0.5745,291.0,0.5746,5415.0
1753531952306,12:12:32.306,A/USDT:USDT,0.5744,88.0,0.5743,294.0,0.5745,291.0,0.5746,5415.0
1753531952462,12:12:32.462,A/USDT:USDT,0.5741,262.0,0.574,1.0,0.5745,1775.0,0.5746,5415.0
1753531952560,12:12:32.560,A/USDT:USDT,0.5742,95.0,0.5741,262.0,0.5744,27.0,0.5745,2068.0
1753531952670,12:12:32.670,A/USDT:USDT,0.5742,96.0,0.5741,556.0,0.5744,27.0,0.5745,2068.0
1753531952762,12:12:32.762,A/USDT:USDT,0.5742,96.0,0.5741,556.0,0.5744,27.0,0.5745,2061.0
1753531952843,12:12:32.843,A/USDT:USDT,0.5742,96.0,0.5741,556.0,0.5744,27.0,0.5745,2061.0
1753531953132,12:12:33.132,A/USDT:USDT,0.5742,96.0,0.5741,556.0,0.5744,27.0,0.5745,2061.0
1753531953454,12:12:33.454,A/USDT:USDT,0.5742,89.0,0.5741,556.0,0.5744,27.0,0.5745,2061.0
1753531953577,12:12:33.577,A/USDT:USDT,0.5742,89.0,0.5741,556.0,0.5744,27.0,0.5745,2061.0
1753531953632,12:12:33.632,A/USDT:USDT,0.5742,89.0,0.5741,556.0,0.5744,27.0,0.5745,2061.0
1753531953874,12:12:33.874,A/USDT:USDT,0.5742,96.0,0.5741,556.0,0.5744,27.0,0.5745,2061.0
1753531953975,12:12:33.975,A/USDT:USDT,0.5742,89.0,0.5741,556.0,0.5744,27.0,0.5745,2061.0
1753531954394,12:12:34.394,A/USDT:USDT,0.5742,96.0,0.5741,556.0,0.5744,27.0,0.5745,2061.0
1753531954634,12:12:34.634,A/USDT:USDT,0.5743,88.0,0.5742,295.0,0.5745,1775.0,0.5746,5415.0
1753531954687,12:12:34.687,A/USDT:USDT,0.5743,88.0,0.5742,295.0,0.5745,1753.0,0.5746,5415.0
1753531955763,12:12:35.763,A/USDT:USDT,0.5744,88.0,0.5743,88.0,0.5746,4661.0,0.5747,978.0
1753531955829,12:12:35.829,A/USDT:USDT,0.5744,88.0,0.5743,294.0,0.5746,4661.0,0.5747,978.0
1753531955937,12:12:35.937,A/USDT:USDT,0.5744,89.0,0.5743,294.0,0.5746,4661.0,0.5747,978.0
1753531956043,12:12:36.043,A/USDT:USDT,0.5744,89.0,0.5743,294.0,0.5746,4661.0,0.5747,978.0
1753531956274,12:12:36.274,A/USDT:USDT,0.5744,89.0,0.5743,294.0,0.5746,4661.0,0.5747,978.0
1753531956310,12:12:36.310,A/USDT:USDT,0.5744,89.0,0.5743,294.0,0.5746,4661.0,0.5747,1271.0
1753531956659,12:12:36.659,A/USDT:USDT,0.5744,89.0,0.5743,294.0,0.5746,4690.0,0.5747,1271.0
1753531956729,12:12:36.729,A/USDT:USDT,0.5744,89.0,0.5743,294.0,0.5745,269.0,0.5746,4983.0
1753531956790,12:12:36.790,A/USDT:USDT,0.5744,88.0,0.5743,294.0,0.5745,291.0,0.5746,4983.0
1753531956991,12:12:36.991,A/USDT:USDT,0.5744,88.0,0.5743,294.0,0.5745,291.0,0.5746,4983.0
