timestamp,time,symbol,bid1_price,bid1_volume,bid2_price,bid2_volume,ask1_price,ask1_volume,ask2_price,ask2_volume
1753531586000,12:06:26.000,AVAX/USDT:USDT,24.26,598.0,24.25,1255.0,24.27,1144.0,24.28,2926.0
1753531586740,12:06:26.740,AVAX/USDT:USDT,24.26,598.0,24.25,1255.0,24.27,1144.0,24.28,2926.0
1753531586853,12:06:26.853,AVAX/USDT:USDT,24.26,598.0,24.25,1255.0,24.27,1144.0,24.28,2926.0
1753531587071,12:06:27.071,AVAX/USDT:USDT,24.26,598.0,24.25,1255.0,24.27,1120.0,24.28,2926.0
1753531587704,12:06:27.704,AVAX/USDT:USDT,24.26,598.0,24.25,1255.0,24.27,1210.0,24.28,2926.0
1753531587844,12:06:27.844,AVAX/USDT:USDT,24.26,598.0,24.25,1255.0,24.27,1202.0,24.28,2926.0
1753531588075,12:06:28.075,AVAX/USDT:USDT,24.26,598.0,24.25,1255.0,24.27,1202.0,24.28,2926.0
1753531588403,12:06:28.403,AVAX/USDT:USDT,24.26,598.0,24.25,1255.0,24.27,1202.0,24.28,2926.0
1753531588597,12:06:28.597,AVAX/USDT:USDT,24.26,598.0,24.25,1255.0,24.27,1202.0,24.28,2926.0
1753531588745,12:06:28.745,AVAX/USDT:USDT,24.26,598.0,24.25,1255.0,24.27,1202.0,24.28,2926.0
1753531588952,12:06:28.952,AVAX/USDT:USDT,24.26,598.0,24.25,1255.0,24.27,1199.0,24.28,2926.0
1753531589044,12:06:29.044,AVAX/USDT:USDT,24.26,598.0,24.25,1255.0,24.27,1202.0,24.28,2926.0
1753531589196,12:06:29.196,AVAX/USDT:USDT,24.26,598.0,24.25,1255.0,24.27,1199.0,24.28,2926.0
1753531590105,12:06:30.105,AVAX/USDT:USDT,24.26,490.0,24.25,1255.0,24.27,1202.0,24.28,2926.0
1753531590197,12:06:30.197,AVAX/USDT:USDT,24.26,490.0,24.25,1255.0,24.27,1202.0,24.28,2926.0
1753531591115,12:06:31.115,AVAX/USDT:USDT,24.25,1082.0,24.24,1728.0,24.26,110.0,24.27,1912.0
1753531591180,12:06:31.180,AVAX/USDT:USDT,24.25,1082.0,24.24,1728.0,24.26,110.0,24.27,1912.0
1753531591255,12:06:31.255,AVAX/USDT:USDT,24.25,1082.0,24.24,1728.0,24.26,110.0,24.27,1830.0
1753531591395,12:06:31.395,AVAX/USDT:USDT,24.25,1193.0,24.24,1728.0,24.27,1822.0,24.28,2995.0
1753531591506,12:06:31.506,AVAX/USDT:USDT,24.25,1193.0,24.24,1728.0,24.27,1822.0,24.28,2995.0
1753531592046,12:06:32.046,AVAX/USDT:USDT,24.25,1193.0,24.24,1728.0,24.27,1822.0,24.28,2995.0
1753531592400,12:06:32.400,AVAX/USDT:USDT,24.25,1193.0,24.24,1728.0,24.27,1830.0,24.28,2995.0
1753531593110,12:06:33.110,AVAX/USDT:USDT,24.25,985.0,24.24,1737.0,24.26,603.0,24.27,1878.0
1753531593202,12:06:33.202,AVAX/USDT:USDT,24.25,598.0,24.24,1721.0,24.26,698.0,24.27,1878.0
1753531593287,12:06:33.287,AVAX/USDT:USDT,24.25,598.0,24.24,2013.0,24.26,695.0,24.27,1878.0
1753531593389,12:06:33.389,AVAX/USDT:USDT,24.25,578.0,24.24,2033.0,24.26,785.0,24.27,1878.0
1753531593498,12:06:33.498,AVAX/USDT:USDT,24.25,578.0,24.24,2033.0,24.26,793.0,24.27,1898.0
1753531593601,12:06:33.601,AVAX/USDT:USDT,24.25,578.0,24.24,2033.0,24.26,793.0,24.27,1898.0
1753531594105,12:06:34.105,AVAX/USDT:USDT,24.25,578.0,24.24,2033.0,24.26,748.0,24.27,1878.0
1753531596133,12:06:36.133,AVAX/USDT:USDT,24.25,626.0,24.24,2079.0,24.26,648.0,24.27,1883.0
1753531596307,12:06:36.307,AVAX/USDT:USDT,24.25,531.0,24.24,2079.0,24.26,648.0,24.27,1883.0
1753531596608,12:06:36.608,AVAX/USDT:USDT,24.25,531.0,24.24,2079.0,24.26,743.0,24.27,1883.0
1753531596949,12:06:36.949,AVAX/USDT:USDT,24.25,531.0,24.24,2079.0,24.26,743.0,24.27,1883.0
1753531597024,12:06:37.024,AVAX/USDT:USDT,24.25,531.0,24.24,2079.0,24.26,744.0,24.27,1883.0
1753531597289,12:06:37.289,AVAX/USDT:USDT,24.25,531.0,24.24,2079.0,24.26,744.0,24.27,1883.0
1753531597511,12:06:37.511,AVAX/USDT:USDT,24.25,534.0,24.24,2079.0,24.26,744.0,24.27,1883.0
1753531597696,12:06:37.696,AVAX/USDT:USDT,24.25,534.0,24.24,2079.0,24.26,649.0,24.27,1883.0
1753531597782,12:06:37.782,AVAX/USDT:USDT,24.25,534.0,24.24,2079.0,24.26,646.0,24.27,1883.0
1753531597850,12:06:37.850,AVAX/USDT:USDT,24.25,632.0,24.24,2079.0,24.26,643.0,24.27,1883.0
1753531598091,12:06:38.091,AVAX/USDT:USDT,24.25,629.0,24.24,2079.0,24.26,643.0,24.27,1883.0
1753531598800,12:06:38.800,AVAX/USDT:USDT,24.25,534.0,24.24,2079.0,24.26,754.0,24.27,1875.0
1753531598960,12:06:38.960,AVAX/USDT:USDT,24.25,531.0,24.24,2078.0,24.26,754.0,24.27,1875.0
1753531599401,12:06:39.401,AVAX/USDT:USDT,24.25,531.0,24.24,2079.0,24.26,796.0,24.27,1895.0
1753531599532,12:06:39.532,AVAX/USDT:USDT,24.25,531.0,24.24,2079.0,24.26,793.0,24.27,1895.0
1753531599884,12:06:39.884,AVAX/USDT:USDT,24.25,531.0,24.24,2079.0,24.26,751.0,24.27,1895.0
1753531599985,12:06:39.985,AVAX/USDT:USDT,24.25,626.0,24.24,2079.0,24.26,656.0,24.27,1875.0
1753531600215,12:06:40.215,AVAX/USDT:USDT,24.25,632.0,24.24,2095.0,24.26,3.0,24.27,1532.0
1753531600896,12:06:40.896,AVAX/USDT:USDT,24.26,111.0,24.25,1111.0,24.27,1142.0,24.28,1628.0
1753531600988,12:06:40.988,AVAX/USDT:USDT,24.26,111.0,24.25,1111.0,24.27,1187.0,24.28,1697.0
1753531601323,12:06:41.323,AVAX/USDT:USDT,24.26,111.0,24.25,1111.0,24.27,1172.0,24.28,1712.0
1753531601481,12:06:41.481,AVAX/USDT:USDT,24.26,111.0,24.25,1111.0,24.27,1127.0,24.28,1712.0
1753531601664,12:06:41.664,AVAX/USDT:USDT,24.26,111.0,24.25,1111.0,24.27,1127.0,24.28,1712.0
1753531601810,12:06:41.810,AVAX/USDT:USDT,24.25,1069.0,24.24,2065.0,24.27,1263.0,24.28,1712.0
1753531601865,12:06:41.865,AVAX/USDT:USDT,24.25,1111.0,24.24,2065.0,24.27,1263.0,24.28,1712.0
1753531602113,12:06:42.113,AVAX/USDT:USDT,24.25,1069.0,24.24,2065.0,24.27,1263.0,24.28,1712.0
1753531602186,12:06:42.186,AVAX/USDT:USDT,24.25,1066.0,24.24,2065.0,24.27,1263.0,24.28,1712.0
1753531602599,12:06:42.599,AVAX/USDT:USDT,24.25,1066.0,24.24,2065.0,24.27,1263.0,24.28,1712.0
1753531603797,12:06:43.797,AVAX/USDT:USDT,24.25,864.0,24.24,2021.0,24.26,490.0,24.27,1305.0
1753531603984,12:06:43.984,AVAX/USDT:USDT,24.25,858.0,24.24,2020.0,24.26,490.0,24.27,1313.0
1753531604112,12:06:44.112,AVAX/USDT:USDT,24.25,849.0,24.24,2029.0,24.26,490.0,24.27,1313.0
1753531604200,12:06:44.200,AVAX/USDT:USDT,24.25,662.0,24.24,2058.0,24.26,591.0,24.27,1370.0
1753531604264,12:06:44.264,AVAX/USDT:USDT,24.25,662.0,24.24,2058.0,24.26,591.0,24.27,1370.0
1753531604389,12:06:44.389,AVAX/USDT:USDT,24.25,41.0,24.24,2078.0,24.26,633.0,24.27,1370.0
1753531604506,12:06:44.506,AVAX/USDT:USDT,24.25,41.0,24.24,1552.0,24.26,683.0,24.27,1382.0
1753531604682,12:06:44.682,AVAX/USDT:USDT,24.25,41.0,24.24,1510.0,24.26,683.0,24.27,1382.0
1753531604815,12:06:44.815,AVAX/USDT:USDT,24.25,41.0,24.24,1552.0,24.26,715.0,24.27,1382.0
1753531605012,12:06:45.012,AVAX/USDT:USDT,24.25,41.0,24.24,1552.0,24.26,735.0,24.27,1362.0
1753531605210,12:06:45.210,AVAX/USDT:USDT,24.25,41.0,24.24,1552.0,24.26,743.0,24.27,1362.0
1753531605281,12:06:45.281,AVAX/USDT:USDT,24.25,152.0,24.24,1552.0,24.26,743.0,24.27,1362.0
1753531605481,12:06:45.481,AVAX/USDT:USDT,24.25,152.0,24.24,1552.0,24.26,743.0,24.27,1362.0
1753531605723,12:06:45.723,AVAX/USDT:USDT,24.25,152.0,24.24,1552.0,24.26,743.0,24.27,1362.0
1753531606191,12:06:46.191,AVAX/USDT:USDT,24.25,152.0,24.24,1552.0,24.26,740.0,24.27,1362.0
1753531606315,12:06:46.315,AVAX/USDT:USDT,24.25,152.0,24.24,1555.0,24.26,740.0,24.27,1362.0
1753531606316,12:06:46.316,AVAX/USDT:USDT,24.25,152.0,24.24,1552.0,24.26,740.0,24.27,1362.0
1753531606650,12:06:46.650,AVAX/USDT:USDT,24.25,152.0,24.24,1552.0,24.26,741.0,24.27,1362.0
1753531608460,12:06:48.460,AVAX/USDT:USDT,24.25,152.0,24.24,2360.0,24.26,711.0,24.27,3352.0
1753531608748,12:06:48.748,AVAX/USDT:USDT,24.25,41.0,24.24,2360.0,24.26,711.0,24.27,3352.0
1753531608893,12:06:48.893,AVAX/USDT:USDT,24.25,41.0,24.24,2360.0,24.26,712.0,24.27,3352.0
1753531609015,12:06:49.015,AVAX/USDT:USDT,24.25,41.0,24.24,2345.0,24.26,712.0,24.27,3367.0
1753531609194,12:06:49.194,AVAX/USDT:USDT,24.25,152.0,24.24,2345.0,24.26,709.0,24.27,3367.0
1753531609698,12:06:49.698,AVAX/USDT:USDT,24.25,152.0,24.24,2353.0,24.26,790.0,24.27,3366.0
1753531609816,12:06:49.816,AVAX/USDT:USDT,24.25,200.0,24.24,2354.0,24.26,745.0,24.27,3366.0
1753531609880,12:06:49.880,AVAX/USDT:USDT,24.25,155.0,24.24,2354.0,24.26,748.0,24.27,3346.0
1753531609938,12:06:49.938,AVAX/USDT:USDT,24.25,645.0,24.24,2354.0,24.26,748.0,24.27,3346.0
1753531610316,12:06:50.316,AVAX/USDT:USDT,24.25,740.0,24.24,2354.0,24.26,604.0,24.27,3346.0
1753531610816,12:06:50.816,AVAX/USDT:USDT,24.25,746.0,24.24,2354.0,24.26,490.0,24.27,3377.0
1753531610908,12:06:50.908,AVAX/USDT:USDT,24.25,890.0,24.24,2334.0,24.26,490.0,24.27,1903.0
1753531611007,12:06:51.007,AVAX/USDT:USDT,24.25,857.0,24.24,2341.0,24.26,490.0,24.27,1903.0
1753531611494,12:06:51.494,AVAX/USDT:USDT,24.25,1065.0,24.24,2341.0,24.27,1903.0,24.28,3142.0
1753531611523,12:06:51.523,AVAX/USDT:USDT,24.25,1065.0,24.24,2341.0,24.27,1903.0,24.28,3142.0
1753531611840,12:06:51.840,AVAX/USDT:USDT,24.26,110.0,24.25,1101.0,24.27,1187.0,24.28,1701.0
1753531612010,12:06:52.010,AVAX/USDT:USDT,24.26,110.0,24.25,1101.0,24.27,1290.0,24.28,1701.0
1753531612185,12:06:52.185,AVAX/USDT:USDT,24.26,110.0,24.25,1101.0,24.27,1293.0,24.28,1701.0
1753531612317,12:06:52.317,AVAX/USDT:USDT,24.26,110.0,24.25,1101.0,24.27,1293.0,24.28,1701.0
1753531612407,12:06:52.407,AVAX/USDT:USDT,24.26,110.0,24.25,1101.0,24.27,1293.0,24.28,1701.0
1753531612514,12:06:52.514,AVAX/USDT:USDT,24.26,110.0,24.25,1101.0,24.27,1298.0,24.28,1701.0
1753531612679,12:06:52.679,AVAX/USDT:USDT,24.26,110.0,24.25,1101.0,24.27,1129.0,24.28,1701.0
1753531612817,12:06:52.817,AVAX/USDT:USDT,24.26,110.0,24.25,1101.0,24.27,1129.0,24.28,1702.0
1753531613562,12:06:53.562,AVAX/USDT:USDT,24.25,1101.0,24.24,2340.0,24.27,1286.0,24.28,1702.0
1753531613646,12:06:53.646,AVAX/USDT:USDT,24.25,1101.0,24.24,2340.0,24.27,1278.0,24.28,1702.0
1753531613837,12:06:53.837,AVAX/USDT:USDT,24.25,1101.0,24.24,2340.0,24.27,1278.0,24.28,1702.0
1753531614003,12:06:54.003,AVAX/USDT:USDT,24.26,110.0,24.25,1101.0,24.27,1126.0,24.28,1701.0
1753531614204,12:06:54.204,AVAX/USDT:USDT,24.26,110.0,24.25,1101.0,24.27,1126.0,24.28,1701.0
1753531614674,12:06:54.674,AVAX/USDT:USDT,24.26,110.0,24.25,1101.0,24.27,1170.0,24.28,1701.0
1753531614728,12:06:54.728,AVAX/USDT:USDT,24.26,110.0,24.25,1101.0,24.27,1178.0,24.28,1701.0
1753531614884,12:06:54.884,AVAX/USDT:USDT,24.26,540.0,24.25,1101.0,24.27,1211.0,24.28,1632.0
1753531614962,12:06:54.962,AVAX/USDT:USDT,24.26,540.0,24.25,1101.0,24.27,1214.0,24.28,1633.0
1753531615082,12:06:55.082,AVAX/USDT:USDT,24.26,540.0,24.25,1101.0,24.27,1214.0,24.28,1633.0
1753531615407,12:06:55.407,AVAX/USDT:USDT,24.26,110.0,24.25,1146.0,24.27,1350.0,24.28,1633.0
1753531615432,12:06:55.432,AVAX/USDT:USDT,24.26,110.0,24.25,1146.0,24.27,1350.0,24.28,1633.0
1753531615814,12:06:55.814,AVAX/USDT:USDT,24.26,110.0,24.25,1146.0,24.27,1361.0,24.28,1633.0
1753531616239,12:06:56.239,AVAX/USDT:USDT,24.26,600.0,24.25,1146.0,24.27,1391.0,24.28,1633.0
1753531616514,12:06:56.514,AVAX/USDT:USDT,24.26,600.0,24.25,1146.0,24.27,1394.0,24.28,1633.0
1753531616814,12:06:56.814,AVAX/USDT:USDT,24.26,110.0,24.25,1146.0,24.27,1402.0,24.28,1633.0
1753531616834,12:06:56.834,AVAX/USDT:USDT,24.26,110.0,24.25,1146.0,24.27,1402.0,24.28,1633.0
1753531617011,12:06:57.011,AVAX/USDT:USDT,24.26,110.0,24.25,1146.0,24.27,1402.0,24.28,1633.0
1753531617316,12:06:57.316,AVAX/USDT:USDT,24.25,1146.0,24.24,2295.0,24.27,1504.0,24.28,1633.0
1753531617352,12:06:57.352,AVAX/USDT:USDT,24.25,1146.0,24.24,2295.0,24.27,1504.0,24.28,1633.0
1753531617474,12:06:57.474,AVAX/USDT:USDT,24.25,1146.0,24.24,2295.0,24.27,1504.0,24.28,1702.0
1753531617579,12:06:57.579,AVAX/USDT:USDT,24.26,110.0,24.25,1146.0,24.27,1391.0,24.28,1702.0
1753531617666,12:06:57.666,AVAX/USDT:USDT,24.26,110.0,24.25,1853.0,24.27,1350.0,24.28,1702.0
1753531617900,12:06:57.900,AVAX/USDT:USDT,24.25,1146.0,24.24,2295.0,24.27,1484.0,24.28,1702.0
1753531618340,12:06:58.340,AVAX/USDT:USDT,24.25,1146.0,24.24,2295.0,24.27,1484.0,24.28,1702.0
1753531619011,12:06:59.011,AVAX/USDT:USDT,24.25,1146.0,24.24,2295.0,24.27,1328.0,24.28,1702.0
1753531619279,12:06:59.279,AVAX/USDT:USDT,24.26,110.0,24.25,1146.0,24.27,1173.0,24.28,1702.0
1753531619340,12:06:59.340,AVAX/USDT:USDT,24.26,110.0,24.25,1692.0,24.27,1173.0,24.28,1702.0
1753531621359,12:07:01.359,AVAX/USDT:USDT,24.26,600.0,24.25,1700.0,24.27,1162.0,24.28,1645.0
1753531621675,12:07:01.675,AVAX/USDT:USDT,24.26,600.0,24.25,1700.0,24.27,1162.0,24.28,1645.0
1753531622014,12:07:02.014,AVAX/USDT:USDT,24.26,600.0,24.25,1700.0,24.27,1154.0,24.28,1645.0
1753531622686,12:07:02.686,AVAX/USDT:USDT,24.26,110.0,24.25,1700.0,24.27,1162.0,24.28,1645.0
1753531623139,12:07:03.139,AVAX/USDT:USDT,24.26,107.0,24.25,1700.0,24.27,1212.0,24.28,1697.0
1753531623223,12:07:03.223,AVAX/USDT:USDT,24.26,107.0,24.25,1700.0,24.27,1253.0,24.28,1697.0
1753531623861,12:07:03.861,AVAX/USDT:USDT,24.26,107.0,24.25,1700.0,24.27,1237.0,24.28,1697.0
1753531624020,12:07:04.020,AVAX/USDT:USDT,24.26,107.0,24.25,1700.0,24.27,1237.0,24.28,1697.0
1753531624390,12:07:04.390,AVAX/USDT:USDT,24.26,107.0,24.25,1692.0,24.27,1237.0,24.28,1697.0
1753531624681,12:07:04.681,AVAX/USDT:USDT,24.26,107.0,24.25,1692.0,24.27,1237.0,24.28,1741.0
1753531624906,12:07:04.906,AVAX/USDT:USDT,24.26,107.0,24.25,1692.0,24.27,1237.0,24.28,1741.0
1753531625339,12:07:05.339,AVAX/USDT:USDT,24.25,1692.0,24.24,3918.0,24.27,1405.0,24.28,1741.0
1753531625509,12:07:05.509,AVAX/USDT:USDT,24.26,107.0,24.25,1692.0,24.27,1237.0,24.28,1741.0
1753531625883,12:07:05.883,AVAX/USDT:USDT,24.25,1692.0,24.24,3918.0,24.27,1274.0,24.28,1741.0
1753531626015,12:07:06.015,AVAX/USDT:USDT,24.25,1650.0,24.24,3918.0,24.27,1274.0,24.28,1741.0
1753531626370,12:07:06.370,AVAX/USDT:USDT,24.25,899.0,24.24,3918.0,24.26,490.0,24.27,1282.0
1753531626440,12:07:06.440,AVAX/USDT:USDT,24.25,899.0,24.24,2485.0,24.26,490.0,24.27,1282.0
1753531626640,12:07:06.640,AVAX/USDT:USDT,24.25,890.0,24.24,2494.0,24.26,490.0,24.27,1282.0
1753531626810,12:07:06.810,AVAX/USDT:USDT,24.25,952.0,24.24,2485.0,24.26,490.0,24.27,1282.0
1753531626915,12:07:06.915,AVAX/USDT:USDT,24.25,902.0,24.24,2485.0,24.26,490.0,24.27,1279.0
1753531627183,12:07:07.183,AVAX/USDT:USDT,24.26,107.0,24.25,1140.0,24.27,1122.0,24.28,1740.0
1753531627260,12:07:07.260,AVAX/USDT:USDT,24.26,107.0,24.25,2244.0,24.27,1122.0,24.28,1740.0
1753531627393,12:07:07.393,AVAX/USDT:USDT,24.26,107.0,24.25,2252.0,24.27,1253.0,24.28,1740.0
1753531627594,12:07:07.594,AVAX/USDT:USDT,24.26,107.0,24.25,2252.0,24.27,1248.0,24.28,1740.0
1753531627675,12:07:07.675,AVAX/USDT:USDT,24.26,107.0,24.25,2252.0,24.27,1248.0,24.28,1740.0
1753531627808,12:07:07.808,AVAX/USDT:USDT,24.26,107.0,24.25,2252.0,24.27,1245.0,24.28,1720.0
1753531627895,12:07:07.895,AVAX/USDT:USDT,24.26,107.0,24.25,2252.0,24.27,1125.0,24.28,1720.0
1753531628009,12:07:08.009,AVAX/USDT:USDT,24.26,202.0,24.25,2270.0,24.27,749.0,24.28,1671.0
1753531628059,12:07:08.059,AVAX/USDT:USDT,24.26,107.0,24.25,2269.0,24.27,1044.0,24.28,1671.0
1753531628265,12:07:08.265,AVAX/USDT:USDT,24.26,107.0,24.25,2269.0,24.27,1041.0,24.28,1671.0
1753531628388,12:07:08.388,AVAX/USDT:USDT,24.26,107.0,24.25,2269.0,24.27,1049.0,24.28,1671.0
1753531628585,12:07:08.585,AVAX/USDT:USDT,24.26,107.0,24.25,2269.0,24.27,1041.0,24.28,1671.0
1753531628710,12:07:08.710,AVAX/USDT:USDT,24.26,597.0,24.25,2269.0,24.27,1085.0,24.28,1671.0
1753531628905,12:07:08.905,AVAX/USDT:USDT,24.26,597.0,24.25,2269.0,24.27,1085.0,24.28,1671.0
1753531629311,12:07:09.311,AVAX/USDT:USDT,24.26,597.0,24.25,2269.0,24.27,1085.0,24.28,1671.0
1753531629481,12:07:09.481,AVAX/USDT:USDT,24.26,597.0,24.25,2269.0,24.27,1090.0,24.28,1671.0
1753531629653,12:07:09.653,AVAX/USDT:USDT,24.26,600.0,24.25,2269.0,24.27,1079.0,24.28,1671.0
1753531629816,12:07:09.816,AVAX/USDT:USDT,24.26,597.0,24.25,2269.0,24.27,1082.0,24.28,1671.0
1753531630028,12:07:10.028,AVAX/USDT:USDT,24.26,603.0,24.25,2269.0,24.27,1079.0,24.28,1671.0
1753531630402,12:07:10.402,AVAX/USDT:USDT,24.26,597.0,24.25,2269.0,24.27,1082.0,24.28,1671.0
1753531630499,12:07:10.499,AVAX/USDT:USDT,24.26,597.0,24.25,2269.0,24.27,1090.0,24.28,1671.0
1753531630609,12:07:10.609,AVAX/USDT:USDT,24.26,600.0,24.25,2269.0,24.27,1082.0,24.28,1671.0
1753531630970,12:07:10.970,AVAX/USDT:USDT,24.26,603.0,24.25,2270.0,24.27,1079.0,24.28,1671.0
1753531631044,12:07:11.044,AVAX/USDT:USDT,24.26,698.0,24.25,2270.0,24.27,1079.0,24.28,1671.0
1753531631177,12:07:11.177,AVAX/USDT:USDT,24.26,603.0,24.25,2270.0,24.27,1079.0,24.28,1671.0
1753531631224,12:07:11.224,AVAX/USDT:USDT,24.26,600.0,24.25,2270.0,24.27,1079.0,24.28,1671.0
1753531631336,12:07:11.336,AVAX/USDT:USDT,24.26,603.0,24.25,2270.0,24.27,1079.0,24.28,1671.0
1753531631476,12:07:11.476,AVAX/USDT:USDT,24.26,600.0,24.25,2270.0,24.27,1082.0,24.28,1671.0
1753531631935,12:07:11.935,AVAX/USDT:USDT,24.26,600.0,24.25,2270.0,24.27,1090.0,24.28,1671.0
1753531632105,12:07:12.105,AVAX/USDT:USDT,24.26,600.0,24.25,2270.0,24.27,1082.0,24.28,1671.0
1753531632221,12:07:12.221,AVAX/USDT:USDT,24.26,600.0,24.25,2270.0,24.27,1079.0,24.28,1671.0
1753531632735,12:07:12.735,AVAX/USDT:USDT,24.26,600.0,24.25,2270.0,24.27,1082.0,24.28,1671.0
1753531632974,12:07:12.974,AVAX/USDT:USDT,24.26,600.0,24.25,2270.0,24.27,1082.0,24.28,1671.0
1753531633208,12:07:13.208,AVAX/USDT:USDT,24.26,698.0,24.25,2270.0,24.27,992.0,24.28,1671.0
1753531633287,12:07:13.287,AVAX/USDT:USDT,24.26,698.0,24.25,2270.0,24.27,984.0,24.28,1679.0
1753531633414,12:07:13.414,AVAX/USDT:USDT,24.26,698.0,24.25,2270.0,24.27,836.0,24.28,1679.0
1753531633495,12:07:13.495,AVAX/USDT:USDT,24.26,698.0,24.25,2286.0,24.27,794.0,24.28,1679.0
1753531633680,12:07:13.680,AVAX/USDT:USDT,24.26,698.0,24.25,2286.0,24.27,794.0,24.28,1679.0
1753531634158,12:07:14.158,AVAX/USDT:USDT,24.26,698.0,24.25,2286.0,24.27,794.0,24.28,1663.0
1753531634377,12:07:14.377,AVAX/USDT:USDT,24.26,698.0,24.25,2286.0,24.27,794.0,24.28,1679.0
1753531634472,12:07:14.472,AVAX/USDT:USDT,24.26,695.0,24.25,2286.0,24.27,794.0,24.28,1679.0
1753531634591,12:07:14.591,AVAX/USDT:USDT,24.26,698.0,24.25,2286.0,24.27,794.0,24.28,1679.0
1753531634915,12:07:14.915,AVAX/USDT:USDT,24.26,109.0,24.25,2311.0,24.27,931.0,24.28,1680.0
1753531635011,12:07:15.011,AVAX/USDT:USDT,24.26,599.0,24.25,2311.0,24.27,938.0,24.28,1680.0
1753531635069,12:07:15.069,AVAX/USDT:USDT,24.26,109.0,24.25,2311.0,24.27,943.0,24.28,1672.0
1753531635215,12:07:15.215,AVAX/USDT:USDT,24.26,204.0,24.25,2311.0,24.27,935.0,24.28,1672.0
1753531635307,12:07:15.307,AVAX/USDT:USDT,24.26,204.0,24.25,2311.0,24.27,839.0,24.28,1671.0
1753531635380,12:07:15.380,AVAX/USDT:USDT,24.26,204.0,24.25,2311.0,24.27,839.0,24.28,1672.0
1753531635439,12:07:15.439,AVAX/USDT:USDT,24.26,204.0,24.25,2311.0,24.27,839.0,24.28,1680.0
1753531635611,12:07:15.611,AVAX/USDT:USDT,24.26,204.0,24.25,2311.0,24.27,870.0,24.28,1680.0
1753531635682,12:07:15.682,AVAX/USDT:USDT,24.26,694.0,24.25,2311.0,24.27,870.0,24.28,1680.0
1753531635728,12:07:15.728,AVAX/USDT:USDT,24.26,694.0,24.25,2311.0,24.27,965.0,24.28,1680.0
1753531636108,12:07:16.108,AVAX/USDT:USDT,24.26,694.0,24.25,2311.0,24.27,965.0,24.28,1680.0
1753531636133,12:07:16.133,AVAX/USDT:USDT,24.26,694.0,24.25,2311.0,24.27,965.0,24.28,1680.0
1753531636245,12:07:16.245,AVAX/USDT:USDT,24.26,694.0,24.25,2311.0,24.27,968.0,24.28,1680.0
1753531636401,12:07:16.401,AVAX/USDT:USDT,24.26,694.0,24.25,2311.0,24.27,965.0,24.28,1680.0
1753531636494,12:07:16.494,AVAX/USDT:USDT,24.26,694.0,24.25,2311.0,24.27,973.0,24.28,1672.0
1753531636523,12:07:16.523,AVAX/USDT:USDT,24.26,694.0,24.25,2311.0,24.27,965.0,24.28,1672.0
1753531636659,12:07:16.659,AVAX/USDT:USDT,24.26,700.0,24.25,2311.0,24.27,962.0,24.28,1672.0
1753531636900,12:07:16.900,AVAX/USDT:USDT,24.26,700.0,24.25,2312.0,24.27,867.0,24.28,1672.0
1753531636935,12:07:16.935,AVAX/USDT:USDT,24.26,700.0,24.25,2312.0,24.27,867.0,24.28,1680.0
1753531637078,12:07:17.078,AVAX/USDT:USDT,24.26,204.0,24.25,2312.0,24.27,867.0,24.28,1680.0
1753531637120,12:07:17.120,AVAX/USDT:USDT,24.26,204.0,24.25,2312.0,24.27,870.0,24.28,1680.0
1753531637275,12:07:17.275,AVAX/USDT:USDT,24.26,204.0,24.25,2312.0,24.27,878.0,24.28,1672.0
1753531637408,12:07:17.408,AVAX/USDT:USDT,24.26,109.0,24.25,2270.0,24.27,965.0,24.28,1672.0
1753531637418,12:07:17.418,AVAX/USDT:USDT,24.26,109.0,24.25,2270.0,24.27,965.0,24.28,1672.0
1753531637610,12:07:17.610,AVAX/USDT:USDT,24.26,599.0,24.25,2270.0,24.27,965.0,24.28,1672.0
1753531637917,12:07:17.917,AVAX/USDT:USDT,24.26,602.0,24.25,2270.0,24.27,965.0,24.28,1680.0
1753531637942,12:07:17.942,AVAX/USDT:USDT,24.26,602.0,24.25,2270.0,24.27,965.0,24.28,1680.0
1753531638063,12:07:18.063,AVAX/USDT:USDT,24.26,599.0,24.25,2270.0,24.27,965.0,24.28,1680.0
1753531638408,12:07:18.408,AVAX/USDT:USDT,24.26,599.0,24.25,2270.0,24.27,965.0,24.28,1680.0
1753531638431,12:07:18.431,AVAX/USDT:USDT,24.26,599.0,24.25,2270.0,24.27,965.0,24.28,1672.0
1753531638526,12:07:18.526,AVAX/USDT:USDT,24.26,599.0,24.25,2270.0,24.27,965.0,24.28,1672.0
1753531638726,12:07:18.726,AVAX/USDT:USDT,24.26,599.0,24.25,2270.0,24.27,1027.0,24.28,1672.0
1753531639187,12:07:19.187,AVAX/USDT:USDT,24.26,602.0,24.25,2270.0,24.27,1027.0,24.28,1672.0
1753531639450,12:07:19.450,AVAX/USDT:USDT,24.26,602.0,24.25,2270.0,24.27,1027.0,24.28,1672.0
1753531640196,12:07:20.196,AVAX/USDT:USDT,24.26,599.0,24.25,2270.0,24.27,1035.0,24.28,1672.0
1753531640339,12:07:20.339,AVAX/USDT:USDT,24.26,599.0,24.25,2270.0,24.27,1030.0,24.28,1672.0
1753531640508,12:07:20.508,AVAX/USDT:USDT,24.26,602.0,24.25,2270.0,24.27,1027.0,24.28,1672.0
1753531640639,12:07:20.639,AVAX/USDT:USDT,24.26,599.0,24.25,2270.0,24.27,1027.0,24.28,1672.0
1753531640983,12:07:20.983,AVAX/USDT:USDT,24.26,602.0,24.25,2270.0,24.27,1027.0,24.28,1672.0
1753531641270,12:07:21.270,AVAX/USDT:USDT,24.26,599.0,24.25,2270.0,24.27,1038.0,24.28,1672.0
1753531641780,12:07:21.780,AVAX/USDT:USDT,24.26,602.0,24.25,2270.0,24.27,1027.0,24.28,1672.0
1753531641866,12:07:21.866,AVAX/USDT:USDT,24.26,605.0,24.25,2270.0,24.27,1024.0,24.28,1672.0
1753531641920,12:07:21.920,AVAX/USDT:USDT,24.26,602.0,24.25,2270.0,24.27,1027.0,24.28,1672.0
1753531642499,12:07:22.499,AVAX/USDT:USDT,24.26,109.0,24.25,2227.0,24.27,1032.0,24.28,1741.0
1753531642560,12:07:22.560,AVAX/USDT:USDT,24.26,602.0,24.25,2227.0,24.27,1024.0,24.28,1741.0
1753531642670,12:07:22.670,AVAX/USDT:USDT,24.26,605.0,24.25,2227.0,24.27,1024.0,24.28,1741.0
1753531642765,12:07:22.765,AVAX/USDT:USDT,24.26,605.0,24.25,2227.0,24.27,929.0,24.28,1741.0
1753531642862,12:07:22.862,AVAX/USDT:USDT,24.26,602.0,24.25,2227.0,24.27,929.0,24.28,1741.0
1753531643074,12:07:23.074,AVAX/USDT:USDT,24.26,602.0,24.25,2227.0,24.27,932.0,24.28,1741.0
1753531643217,12:07:23.217,AVAX/USDT:USDT,24.26,602.0,24.25,2227.0,24.27,929.0,24.28,1741.0
1753531643361,12:07:23.361,AVAX/USDT:USDT,24.26,700.0,24.25,2227.0,24.27,929.0,24.28,1741.0
1753531643633,12:07:23.633,AVAX/USDT:USDT,24.26,700.0,24.25,2227.0,24.27,929.0,24.28,1749.0
1753531643837,12:07:23.837,AVAX/USDT:USDT,24.26,700.0,24.25,2227.0,24.27,929.0,24.28,1749.0
1753531644002,12:07:24.002,AVAX/USDT:USDT,24.26,700.0,24.25,2227.0,24.27,929.0,24.28,1749.0
1753531644405,12:07:24.405,AVAX/USDT:USDT,24.26,697.0,24.25,2227.0,24.27,932.0,24.28,1749.0
1753531644461,12:07:24.461,AVAX/USDT:USDT,24.26,697.0,24.25,2227.0,24.27,932.0,24.28,1749.0
1753531644599,12:07:24.599,AVAX/USDT:USDT,24.26,700.0,24.25,2227.0,24.27,960.0,24.28,1749.0
1753531644716,12:07:24.716,AVAX/USDT:USDT,24.26,697.0,24.25,2227.0,24.27,898.0,24.28,1749.0
1753531644791,12:07:24.791,AVAX/USDT:USDT,24.26,700.0,24.25,2227.0,24.27,901.0,24.28,1749.0
1753531644942,12:07:24.942,AVAX/USDT:USDT,24.26,697.0,24.25,2227.0,24.27,901.0,24.28,1749.0
1753531645099,12:07:25.099,AVAX/USDT:USDT,24.26,700.0,24.25,2227.0,24.27,898.0,24.28,1749.0
1753531645133,12:07:25.133,AVAX/USDT:USDT,24.26,700.0,24.25,2227.0,24.27,901.0,24.28,1749.0
1753531645300,12:07:25.300,AVAX/USDT:USDT,24.26,700.0,24.25,2227.0,24.27,901.0,24.28,1749.0
1753531645319,12:07:25.319,AVAX/USDT:USDT,24.26,700.0,24.25,2227.0,24.27,901.0,24.28,1749.0
1753531645507,12:07:25.507,AVAX/USDT:USDT,24.26,599.0,24.25,2226.0,24.27,904.0,24.28,1749.0
1753531645612,12:07:25.612,AVAX/USDT:USDT,24.26,694.0,24.25,2226.0,24.27,901.0,24.28,1749.0
1753531645798,12:07:25.798,AVAX/USDT:USDT,24.26,694.0,24.25,2226.0,24.27,904.0,24.28,1749.0
1753531645997,12:07:25.997,AVAX/USDT:USDT,24.26,694.0,24.25,2226.0,24.27,909.0,24.28,1741.0
1753531646100,12:07:26.100,AVAX/USDT:USDT,24.26,599.0,24.25,2226.0,24.27,904.0,24.28,1741.0
1753531646294,12:07:26.294,AVAX/USDT:USDT,24.26,599.0,24.25,2226.0,24.27,904.0,24.28,1741.0
1753531646782,12:07:26.782,AVAX/USDT:USDT,24.26,602.0,24.25,2226.0,24.27,901.0,24.28,1741.0
1753531646900,12:07:26.900,AVAX/USDT:USDT,24.25,2184.0,24.24,5668.0,24.27,1094.0,24.28,1761.0
1753531647012,12:07:27.012,AVAX/USDT:USDT,24.25,1849.0,24.24,3598.0,24.27,1232.0,24.28,1761.0
1753531647024,12:07:27.024,AVAX/USDT:USDT,24.25,1849.0,24.24,3598.0,24.27,1232.0,24.28,1761.0
1753531647196,12:07:27.196,AVAX/USDT:USDT,24.25,1849.0,24.24,3598.0,24.27,1232.0,24.28,1761.0
1753531647243,12:07:27.243,AVAX/USDT:USDT,24.25,1849.0,24.24,3598.0,24.27,1178.0,24.28,1761.0
1753531647402,12:07:27.402,AVAX/USDT:USDT,24.25,1849.0,24.24,3598.0,24.27,1178.0,24.28,1828.0
1753531647592,12:07:27.592,AVAX/USDT:USDT,24.25,1849.0,24.24,3598.0,24.27,1178.0,24.28,1828.0
1753531647686,12:07:27.686,AVAX/USDT:USDT,24.25,1849.0,24.24,3598.0,24.27,1213.0,24.28,1828.0
1753531647765,12:07:27.765,AVAX/USDT:USDT,24.25,1176.0,24.24,3598.0,24.26,532.0,24.27,1207.0
1753531647868,12:07:27.868,AVAX/USDT:USDT,24.25,1184.0,24.24,3598.0,24.26,532.0,24.27,1207.0
1753531647957,12:07:27.957,AVAX/USDT:USDT,24.25,1184.0,24.24,3598.0,24.26,532.0,24.27,1207.0
1753531648189,12:07:28.189,AVAX/USDT:USDT,24.25,1184.0,24.24,3598.0,24.26,42.0,24.27,1207.0
1753531648514,12:07:28.514,AVAX/USDT:USDT,24.25,1184.0,24.24,3598.0,24.26,532.0,24.27,1260.0
1753531648873,12:07:28.873,AVAX/USDT:USDT,24.25,1173.0,24.24,3598.0,24.26,532.0,24.27,1260.0
1753531649010,12:07:29.010,AVAX/USDT:USDT,24.25,1173.0,24.24,3555.0,24.26,532.0,24.27,1260.0
1753531649102,12:07:29.102,AVAX/USDT:USDT,24.25,1176.0,24.24,3540.0,24.26,532.0,24.27,1275.0
1753531649250,12:07:29.250,AVAX/USDT:USDT,24.25,1179.0,24.24,3540.0,24.26,532.0,24.27,1275.0
1753531650013,12:07:30.013,AVAX/USDT:USDT,24.25,1179.0,24.24,3540.0,24.26,532.0,24.27,1275.0
1753531650082,12:07:30.082,AVAX/USDT:USDT,24.25,1179.0,24.24,3540.0,24.26,532.0,24.27,1275.0
1753531650549,12:07:30.549,AVAX/USDT:USDT,24.25,1176.0,24.24,3540.0,24.26,532.0,24.27,1275.0
1753531650916,12:07:30.916,AVAX/USDT:USDT,24.25,1164.0,24.24,3548.0,24.26,535.0,24.27,1275.0
1753531650974,12:07:30.974,AVAX/USDT:USDT,24.25,1164.0,24.24,3532.0,24.26,535.0,24.27,1275.0
1753531651041,12:07:31.041,AVAX/USDT:USDT,24.25,1164.0,24.24,3532.0,24.26,535.0,24.27,1291.0
1753531651120,12:07:31.120,AVAX/USDT:USDT,24.25,1164.0,24.24,3532.0,24.26,532.0,24.27,1291.0
1753531651218,12:07:31.218,AVAX/USDT:USDT,24.25,1164.0,24.24,3532.0,24.26,535.0,24.27,1291.0
1753531651344,12:07:31.344,AVAX/USDT:USDT,24.25,1164.0,24.24,3532.0,24.26,532.0,24.27,1291.0
1753531651512,12:07:31.512,AVAX/USDT:USDT,24.25,1167.0,24.24,3532.0,24.26,535.0,24.27,1294.0
1753531651522,12:07:31.522,AVAX/USDT:USDT,24.25,1164.0,24.24,3532.0,24.26,535.0,24.27,1291.0
1753531651899,12:07:31.899,AVAX/USDT:USDT,24.25,1164.0,24.24,2090.0,24.26,532.0,24.27,1291.0
1753531652216,12:07:32.216,AVAX/USDT:USDT,24.25,757.0,24.24,2110.0,24.26,633.0,24.27,1292.0
1753531652301,12:07:32.301,AVAX/USDT:USDT,24.25,757.0,24.24,2402.0,24.26,538.0,24.27,1292.0
1753531652586,12:07:32.586,AVAX/USDT:USDT,24.25,267.0,24.24,2402.0,24.26,633.0,24.27,1292.0
1753531653014,12:07:33.014,AVAX/USDT:USDT,24.25,267.0,24.24,2402.0,24.26,633.0,24.27,1292.0
1753531653514,12:07:33.514,AVAX/USDT:USDT,24.25,757.0,24.24,2402.0,24.26,538.0,24.27,1292.0
1753531654313,12:07:34.313,AVAX/USDT:USDT,24.25,757.0,24.24,2402.0,24.26,538.0,24.27,1292.0
1753531654325,12:07:34.325,AVAX/USDT:USDT,24.25,757.0,24.24,2402.0,24.26,535.0,24.27,1292.0
1753531654516,12:07:34.516,AVAX/USDT:USDT,24.25,757.0,24.24,2402.0,24.26,535.0,24.27,1295.0
1753531654532,12:07:34.532,AVAX/USDT:USDT,24.25,763.0,24.24,2402.0,24.26,532.0,24.27,1292.0
1753531654768,12:07:34.768,AVAX/USDT:USDT,24.25,662.0,24.24,2402.0,24.26,633.0,24.27,1292.0
1753531654882,12:07:34.882,AVAX/USDT:USDT,24.25,642.0,24.24,2422.0,24.26,633.0,24.27,1292.0
1753531655411,12:07:35.411,AVAX/USDT:USDT,24.24,742.0,24.23,6213.0,24.25,42.0,24.26,1196.0
1753531655504,12:07:35.504,AVAX/USDT:USDT,24.24,745.0,24.23,3721.0,24.25,42.0,24.26,1123.0
1753531655603,12:07:35.603,AVAX/USDT:USDT,24.24,1026.0,24.23,3726.0,24.25,42.0,24.26,1120.0
1753531655713,12:07:35.713,AVAX/USDT:USDT,24.24,1026.0,24.23,3726.0,24.25,153.0,24.26,1120.0
1753531655800,12:07:35.800,AVAX/USDT:USDT,24.24,714.0,24.23,3746.0,24.25,254.0,24.26,1612.0
1753531655906,12:07:35.906,AVAX/USDT:USDT,24.24,714.0,24.23,4038.0,24.25,254.0,24.26,1612.0
1753531655984,12:07:35.984,AVAX/USDT:USDT,24.24,714.0,24.23,4038.0,24.25,159.0,24.26,1612.0
1753531656039,12:07:36.039,AVAX/USDT:USDT,24.24,714.0,24.23,4038.0,24.25,156.0,24.26,1612.0
1753531656397,12:07:36.397,AVAX/USDT:USDT,24.24,756.0,24.23,2244.0,24.25,941.0,24.26,1612.0
1753531656513,12:07:36.513,AVAX/USDT:USDT,24.24,756.0,24.23,2339.0,24.25,941.0,24.26,1627.0
1753531656609,12:07:36.609,AVAX/USDT:USDT,24.24,599.0,24.23,2359.0,24.25,1037.0,24.26,2133.0
1753531656714,12:07:36.714,AVAX/USDT:USDT,24.24,109.0,24.23,2359.0,24.25,1037.0,24.26,2133.0
1753531656780,12:07:36.780,AVAX/USDT:USDT,24.24,109.0,24.23,2359.0,24.25,1037.0,24.26,2133.0
1753531656909,12:07:36.909,AVAX/USDT:USDT,24.24,112.0,24.23,2313.0,24.25,1037.0,24.26,2133.0
1753531656991,12:07:36.991,AVAX/USDT:USDT,24.24,112.0,24.23,2313.0,24.25,1037.0,24.26,2202.0
1753531657062,12:07:37.062,AVAX/USDT:USDT,24.24,112.0,24.23,2355.0,24.25,1037.0,24.26,2202.0
1753531657268,12:07:37.268,AVAX/USDT:USDT,24.24,112.0,24.23,2355.0,24.25,1036.0,24.26,2201.0
1753531657392,12:07:37.392,AVAX/USDT:USDT,24.24,602.0,24.23,2355.0,24.25,1033.0,24.26,2201.0
1753531657553,12:07:37.553,AVAX/USDT:USDT,24.24,602.0,24.23,2355.0,24.25,1036.0,24.26,2202.0
1753531657698,12:07:37.698,AVAX/USDT:USDT,24.24,112.0,24.23,2355.0,24.25,1033.0,24.26,2202.0
1753531657757,12:07:37.757,AVAX/USDT:USDT,24.24,112.0,24.23,2355.0,24.25,1033.0,24.26,2202.0
1753531657890,12:07:37.890,AVAX/USDT:USDT,24.24,112.0,24.23,2355.0,24.25,1033.0,24.26,2202.0
1753531658015,12:07:38.015,AVAX/USDT:USDT,24.24,112.0,24.23,1153.0,24.25,1036.0,24.26,2202.0
1753531658072,12:07:38.072,AVAX/USDT:USDT,24.24,112.0,24.23,1445.0,24.25,1036.0,24.26,2202.0
1753531658376,12:07:38.376,AVAX/USDT:USDT,24.24,602.0,24.23,1445.0,24.25,1036.0,24.26,2202.0
1753531658783,12:07:38.783,AVAX/USDT:USDT,24.24,602.0,24.23,1445.0,24.25,1036.0,24.26,2202.0
1753531659116,12:07:39.116,AVAX/USDT:USDT,24.24,703.0,24.23,1445.0,24.25,935.0,24.26,2201.0
1753531659193,12:07:39.193,AVAX/USDT:USDT,24.24,703.0,24.23,1446.0,24.25,643.0,24.26,2201.0
1753531659278,12:07:39.278,AVAX/USDT:USDT,24.24,703.0,24.23,1446.0,24.25,935.0,24.26,2201.0
1753531659334,12:07:39.334,AVAX/USDT:USDT,24.24,700.0,24.23,1446.0,24.25,938.0,24.26,2201.0
1753531659421,12:07:39.421,AVAX/USDT:USDT,24.24,697.0,24.23,1446.0,24.25,938.0,24.26,2201.0
1753531659536,12:07:39.536,AVAX/USDT:USDT,24.24,697.0,24.23,1446.0,24.25,938.0,24.26,2202.0
1753531659960,12:07:39.960,AVAX/USDT:USDT,24.24,697.0,24.23,1446.0,24.25,938.0,24.26,2202.0
1753531660101,12:07:40.101,AVAX/USDT:USDT,24.24,697.0,24.23,1445.0,24.25,938.0,24.26,2202.0
1753531660137,12:07:40.137,AVAX/USDT:USDT,24.24,697.0,24.23,1445.0,24.25,941.0,24.26,2202.0
1753531660545,12:07:40.545,AVAX/USDT:USDT,24.24,697.0,24.23,1445.0,24.25,938.0,24.26,2202.0
1753531660620,12:07:40.620,AVAX/USDT:USDT,24.24,697.0,24.23,1445.0,24.25,941.0,24.26,2202.0
1753531660825,12:07:40.825,AVAX/USDT:USDT,24.24,697.0,24.23,1445.0,24.25,941.0,24.26,2202.0
1753531661036,12:07:41.036,AVAX/USDT:USDT,24.24,602.0,24.23,1445.0,24.25,941.0,24.26,2202.0
1753531661503,12:07:41.503,AVAX/USDT:USDT,24.24,697.0,24.23,1445.0,24.25,941.0,24.26,2202.0
1753531661894,12:07:41.894,AVAX/USDT:USDT,24.24,697.0,24.23,1445.0,24.25,941.0,24.26,2202.0
1753531661956,12:07:41.956,AVAX/USDT:USDT,24.24,697.0,24.23,1445.0,24.25,941.0,24.26,2202.0
1753531662046,12:07:42.046,AVAX/USDT:USDT,24.24,697.0,24.23,1445.0,24.25,941.0,24.26,2202.0
1753531662404,12:07:42.404,AVAX/USDT:USDT,24.24,703.0,24.23,1445.0,24.25,938.0,24.26,2202.0
1753531662420,12:07:42.420,AVAX/USDT:USDT,24.24,703.0,24.23,1445.0,24.25,935.0,24.26,2202.0
1753531663108,12:07:43.108,AVAX/USDT:USDT,24.24,697.0,24.23,1445.0,24.25,938.0,24.26,2202.0
1753531663217,12:07:43.217,AVAX/USDT:USDT,24.24,697.0,24.23,1445.0,24.25,938.0,24.26,2202.0
1753531663302,12:07:43.302,AVAX/USDT:USDT,24.24,697.0,24.23,1445.0,24.25,646.0,24.26,2202.0
1753531663412,12:07:43.412,AVAX/USDT:USDT,24.24,697.0,24.23,1445.0,24.25,827.0,24.26,2186.0
1753531663483,12:07:43.483,AVAX/USDT:USDT,24.24,697.0,24.23,1987.0,24.25,827.0,24.26,2202.0
1753531663565,12:07:43.565,AVAX/USDT:USDT,24.24,697.0,24.23,1987.0,24.25,827.0,24.26,2202.0
1753531663717,12:07:43.717,AVAX/USDT:USDT,24.24,697.0,24.23,1987.0,24.25,827.0,24.26,2202.0
1753531664224,12:07:44.224,AVAX/USDT:USDT,24.24,697.0,24.23,1945.0,24.25,827.0,24.26,2202.0
1753531664726,12:07:44.726,AVAX/USDT:USDT,24.24,739.0,24.23,1945.0,24.25,827.0,24.26,2202.0
1753531665053,12:07:45.053,AVAX/USDT:USDT,24.24,739.0,24.23,1945.0,24.25,827.0,24.26,2202.0
1753531665266,12:07:45.266,AVAX/USDT:USDT,24.24,739.0,24.23,1945.0,24.25,827.0,24.26,2248.0
1753531665655,12:07:45.655,AVAX/USDT:USDT,24.24,739.0,24.23,1945.0,24.25,830.0,24.26,2248.0
1753531666170,12:07:46.170,AVAX/USDT:USDT,24.24,739.0,24.23,1945.0,24.25,830.0,24.26,2248.0
1753531666271,12:07:46.271,AVAX/USDT:USDT,24.24,739.0,24.23,1945.0,24.25,830.0,24.26,2248.0
1753531666402,12:07:46.402,AVAX/USDT:USDT,24.24,745.0,24.23,1946.0,24.25,334.0,24.26,2248.0
1753531666511,12:07:46.511,AVAX/USDT:USDT,24.24,815.0,24.23,1934.0,24.25,42.0,24.26,2074.0
1753531666597,12:07:46.597,AVAX/USDT:USDT,24.24,815.0,24.23,1934.0,24.25,334.0,24.26,2116.0
1753531666699,12:07:46.699,AVAX/USDT:USDT,24.24,815.0,24.23,1934.0,24.25,334.0,24.26,2116.0
1753531666814,12:07:46.814,AVAX/USDT:USDT,24.24,815.0,24.23,1934.0,24.25,334.0,24.26,2116.0
1753531666942,12:07:46.942,AVAX/USDT:USDT,24.24,815.0,24.23,1934.0,24.25,334.0,24.26,2116.0
1753531667289,12:07:47.289,AVAX/USDT:USDT,24.24,809.0,24.23,1934.0,24.25,827.0,24.26,2117.0
1753531667407,12:07:47.407,AVAX/USDT:USDT,24.24,801.0,24.23,1942.0,24.25,827.0,24.26,2117.0
1753531667498,12:07:47.498,AVAX/USDT:USDT,24.24,801.0,24.23,1926.0,24.25,827.0,24.26,2117.0
1753531667911,12:07:47.911,AVAX/USDT:USDT,24.24,801.0,24.23,1926.0,24.25,42.0,24.26,2117.0
1753531667992,12:07:47.992,AVAX/USDT:USDT,24.24,807.0,24.23,1942.0,24.25,334.0,24.26,2116.0
1753531668091,12:07:48.091,AVAX/USDT:USDT,24.24,807.0,24.23,1942.0,24.25,334.0,24.26,2116.0
1753531668267,12:07:48.267,AVAX/USDT:USDT,24.24,807.0,24.23,1942.0,24.25,824.0,24.26,2116.0
1753531668379,12:07:48.379,AVAX/USDT:USDT,24.24,807.0,24.23,1942.0,24.25,824.0,24.26,2116.0
1753531668438,12:07:48.438,AVAX/USDT:USDT,24.24,804.0,24.23,1942.0,24.25,824.0,24.26,2116.0
1753531668703,12:07:48.703,AVAX/USDT:USDT,24.24,815.0,24.23,1934.0,24.25,824.0,24.26,2116.0
1753531668917,12:07:48.917,AVAX/USDT:USDT,24.24,815.0,24.23,1934.0,24.25,42.0,24.26,2408.0
1753531668979,12:07:48.979,AVAX/USDT:USDT,24.24,815.0,24.23,1977.0,24.25,42.0,24.26,1923.0
1753531669019,12:07:49.019,AVAX/USDT:USDT,24.24,865.0,24.23,1977.0,24.25,42.0,24.26,1923.0
1753531669363,12:07:49.363,AVAX/USDT:USDT,24.24,865.0,24.23,1977.0,24.25,42.0,24.26,1923.0
1753531669549,12:07:49.549,AVAX/USDT:USDT,24.24,865.0,24.23,1977.0,24.25,42.0,24.26,1923.0
1753531670094,12:07:50.094,AVAX/USDT:USDT,24.24,859.0,24.23,1933.0,24.25,42.0,24.26,1965.0
1753531670186,12:07:50.186,AVAX/USDT:USDT,24.24,809.0,24.23,1917.0,24.25,42.0,24.26,1965.0
1753531670295,12:07:50.295,AVAX/USDT:USDT,24.24,812.0,24.23,1917.0,24.25,532.0,24.26,1965.0
1753531670407,12:07:50.407,AVAX/USDT:USDT,24.24,815.0,24.23,1918.0,24.25,532.0,24.26,1965.0
1753531670511,12:07:50.511,AVAX/USDT:USDT,24.24,840.0,24.23,1934.0,24.25,532.0,24.26,1965.0
1753531670563,12:07:50.563,AVAX/USDT:USDT,24.24,865.0,24.23,1934.0,24.25,532.0,24.26,1965.0
1753531670861,12:07:50.861,AVAX/USDT:USDT,24.24,865.0,24.23,1934.0,24.25,532.0,24.26,1965.0
1753531671084,12:07:51.084,AVAX/USDT:USDT,24.24,859.0,24.23,1934.0,24.25,532.0,24.26,1965.0
1753531671191,12:07:51.191,AVAX/USDT:USDT,24.24,809.0,24.23,1918.0,24.25,532.0,24.26,1966.0
1753531671482,12:07:51.482,AVAX/USDT:USDT,24.24,812.0,24.23,1918.0,24.25,532.0,24.26,1966.0
1753531671709,12:07:51.709,AVAX/USDT:USDT,24.24,815.0,24.23,1934.0,24.25,532.0,24.26,1966.0
1753531671811,12:07:51.811,AVAX/USDT:USDT,24.24,865.0,24.23,1918.0,24.25,532.0,24.26,1966.0
1753531671914,12:07:51.914,AVAX/USDT:USDT,24.24,865.0,24.23,1934.0,24.25,532.0,24.26,1966.0
1753531671959,12:07:51.959,AVAX/USDT:USDT,24.24,865.0,24.23,1934.0,24.25,532.0,24.26,1966.0
1753531672077,12:07:52.077,AVAX/USDT:USDT,24.24,865.0,24.23,1934.0,24.25,532.0,24.26,1966.0
1753531672163,12:07:52.163,AVAX/USDT:USDT,24.24,865.0,24.23,1934.0,24.25,532.0,24.26,1966.0
1753531672315,12:07:52.315,AVAX/USDT:USDT,24.24,862.0,24.23,1934.0,24.25,532.0,24.26,1966.0
1753531672510,12:07:52.510,AVAX/USDT:USDT,24.24,865.0,24.23,1934.0,24.25,532.0,24.26,1966.0
1753531672556,12:07:52.556,AVAX/USDT:USDT,24.24,865.0,24.23,1934.0,24.25,532.0,24.26,1966.0
1753531672902,12:07:52.902,AVAX/USDT:USDT,24.24,865.0,24.23,1934.0,24.25,532.0,24.26,1966.0
1753531672945,12:07:52.945,AVAX/USDT:USDT,24.24,862.0,24.23,1934.0,24.25,532.0,24.26,1966.0
1753531673056,12:07:53.056,AVAX/USDT:USDT,24.24,862.0,24.23,1934.0,24.25,532.0,24.26,1966.0
1753531673310,12:07:53.310,AVAX/USDT:USDT,24.24,862.0,24.23,1918.0,24.25,532.0,24.26,1966.0
1753531673416,12:07:53.416,AVAX/USDT:USDT,24.24,865.0,24.23,1918.0,24.25,532.0,24.26,1966.0
1753531673488,12:07:53.488,AVAX/USDT:USDT,24.24,865.0,24.23,1918.0,24.25,532.0,24.26,1966.0
1753531673544,12:07:53.544,AVAX/USDT:USDT,24.24,865.0,24.23,1934.0,24.25,532.0,24.26,1966.0
1753531673768,12:07:53.768,AVAX/USDT:USDT,24.24,865.0,24.23,1934.0,24.25,532.0,24.26,1966.0
1753531673850,12:07:53.850,AVAX/USDT:USDT,24.24,865.0,24.23,1934.0,24.25,532.0,24.26,1966.0
1753531674089,12:07:54.089,AVAX/USDT:USDT,24.24,865.0,24.23,1934.0,24.25,532.0,24.26,1966.0
1753531674506,12:07:54.506,AVAX/USDT:USDT,24.24,865.0,24.23,1934.0,24.25,532.0,24.26,1966.0
1753531675142,12:07:55.142,AVAX/USDT:USDT,24.24,859.0,24.23,1934.0,24.25,532.0,24.26,1966.0
1753531675221,12:07:55.221,AVAX/USDT:USDT,24.24,862.0,24.23,1934.0,24.25,532.0,24.26,1966.0
1753531675318,12:07:55.318,AVAX/USDT:USDT,24.24,865.0,24.23,1934.0,24.25,532.0,24.26,1966.0
1753531675508,12:07:55.508,AVAX/USDT:USDT,24.24,865.0,24.23,1934.0,24.25,532.0,24.26,1966.0
1753531675572,12:07:55.572,AVAX/USDT:USDT,24.24,865.0,24.23,1934.0,24.25,532.0,24.26,1966.0
1753531675711,12:07:55.711,AVAX/USDT:USDT,24.24,865.0,24.23,1934.0,24.25,532.0,24.26,1965.0
1753531676283,12:07:56.283,AVAX/USDT:USDT,24.24,865.0,24.23,1934.0,24.25,532.0,24.26,1965.0
1753531677070,12:07:57.070,AVAX/USDT:USDT,24.24,865.0,24.23,1934.0,24.25,532.0,24.26,1965.0
1753531677464,12:07:57.464,AVAX/USDT:USDT,24.24,865.0,24.23,1977.0,24.25,532.0,24.26,1965.0
1753531677601,12:07:57.601,AVAX/USDT:USDT,24.24,865.0,24.23,1977.0,24.25,532.0,24.26,1965.0
1753531677680,12:07:57.680,AVAX/USDT:USDT,24.24,865.0,24.23,1977.0,24.25,532.0,24.26,1965.0
1753531678588,12:07:58.588,AVAX/USDT:USDT,24.24,865.0,24.23,1977.0,24.25,532.0,24.26,1965.0
1753531678770,12:07:58.770,AVAX/USDT:USDT,24.24,865.0,24.23,1977.0,24.25,532.0,24.26,1965.0
1753531678958,12:07:58.958,AVAX/USDT:USDT,24.24,865.0,24.23,1977.0,24.25,532.0,24.26,1965.0
1753531679614,12:07:59.614,AVAX/USDT:USDT,24.24,1061.0,24.23,2019.0,24.26,1623.0,24.27,3131.0
1753531679699,12:07:59.699,AVAX/USDT:USDT,24.24,1647.0,24.23,3466.0,24.26,1581.0,24.27,3111.0
1753531679784,12:07:59.784,AVAX/USDT:USDT,24.24,1647.0,24.23,3466.0,24.26,1873.0,24.27,3131.0
1753531679887,12:07:59.887,AVAX/USDT:USDT,24.24,1647.0,24.23,3466.0,24.26,1873.0,24.27,3153.0
1753531680090,12:08:00.090,AVAX/USDT:USDT,24.24,1647.0,24.23,3466.0,24.26,1873.0,24.27,3153.0
1753531680152,12:08:00.152,AVAX/USDT:USDT,24.24,1647.0,24.23,3466.0,24.26,1873.0,24.27,3196.0
1753531680607,12:08:00.607,AVAX/USDT:USDT,24.24,1647.0,24.23,3466.0,24.26,1873.0,24.27,3196.0
1753531681082,12:08:01.082,AVAX/USDT:USDT,24.24,1647.0,24.23,3466.0,24.26,1873.0,24.27,3196.0
1753531681610,12:08:01.610,AVAX/USDT:USDT,24.24,1647.0,24.23,3466.0,24.26,1873.0,24.27,3196.0
1753531681620,12:08:01.620,AVAX/USDT:USDT,24.24,1647.0,24.23,3466.0,24.26,1873.0,24.27,3196.0
1753531681858,12:08:01.858,AVAX/USDT:USDT,24.24,1647.0,24.23,3466.0,24.26,1873.0,24.27,3196.0
1753531681983,12:08:01.983,AVAX/USDT:USDT,24.24,1647.0,24.23,3466.0,24.26,1858.0,24.27,3196.0
1753531683014,12:08:03.014,AVAX/USDT:USDT,24.24,1647.0,24.23,3466.0,24.26,1566.0,24.27,3196.0
1753531683107,12:08:03.107,AVAX/USDT:USDT,24.24,1664.0,24.23,3502.0,24.26,1858.0,24.27,3176.0
1753531683143,12:08:03.143,AVAX/USDT:USDT,24.24,1647.0,24.23,3502.0,24.26,1858.0,24.27,3176.0
1753531683915,12:08:03.915,AVAX/USDT:USDT,24.24,1641.0,24.23,3501.0,24.26,1858.0,24.27,3176.0
1753531684228,12:08:04.228,AVAX/USDT:USDT,24.24,1641.0,24.23,3501.0,24.26,1858.0,24.27,3176.0
1753531684610,12:08:04.610,AVAX/USDT:USDT,24.24,1644.0,24.23,3501.0,24.26,1858.0,24.27,3176.0
1753531684620,12:08:04.620,AVAX/USDT:USDT,24.24,1641.0,24.23,3501.0,24.26,1858.0,24.27,3176.0
1753531685883,12:08:05.883,AVAX/USDT:USDT,24.24,1641.0,24.23,3501.0,24.26,1858.0,24.27,3176.0
1753531686164,12:08:06.164,AVAX/USDT:USDT,24.24,1641.0,24.23,3501.0,24.26,1566.0,24.27,3176.0
1753531686264,12:08:06.264,AVAX/USDT:USDT,24.24,1641.0,24.23,3501.0,24.26,1858.0,24.27,3176.0
1753531686497,12:08:06.497,AVAX/USDT:USDT,24.24,1641.0,24.23,3501.0,24.26,1858.0,24.27,3176.0
1753531687093,12:08:07.093,AVAX/USDT:USDT,24.24,1641.0,24.23,3485.0,24.26,1858.0,24.27,3176.0
1753531687212,12:08:07.212,AVAX/USDT:USDT,24.24,1641.0,24.23,3501.0,24.26,1858.0,24.27,3176.0
1753531687261,12:08:07.261,AVAX/USDT:USDT,24.24,1641.0,24.23,3501.0,24.26,1566.0,24.27,3176.0
1753531687360,12:08:07.360,AVAX/USDT:USDT,24.24,1641.0,24.23,3501.0,24.26,1858.0,24.27,3176.0
1753531687645,12:08:07.645,AVAX/USDT:USDT,24.24,1641.0,24.23,3501.0,24.26,1858.0,24.27,3176.0
1753531687795,12:08:07.795,AVAX/USDT:USDT,24.24,1641.0,24.23,3501.0,24.26,1858.0,24.27,3176.0
1753531688243,12:08:08.243,AVAX/USDT:USDT,24.24,1658.0,24.23,3501.0,24.26,1858.0,24.27,3176.0
1753531689150,12:08:09.150,AVAX/USDT:USDT,24.24,1658.0,24.23,3501.0,24.26,1858.0,24.27,3176.0
1753531689617,12:08:09.617,AVAX/USDT:USDT,24.24,1641.0,24.23,3501.0,24.26,1558.0,24.27,3184.0
1753531689686,12:08:09.686,AVAX/USDT:USDT,24.24,1683.0,24.23,3501.0,24.26,1538.0,24.27,2603.0
1753531689780,12:08:09.780,AVAX/USDT:USDT,24.24,1683.0,24.23,3501.0,24.26,1830.0,24.27,2588.0
1753531690481,12:08:10.481,AVAX/USDT:USDT,24.24,1641.0,24.23,3501.0,24.26,1830.0,24.27,2588.0
1753531690548,12:08:10.548,AVAX/USDT:USDT,24.24,1641.0,24.23,3501.0,24.26,1830.0,24.27,2588.0
1753531690699,12:08:10.699,AVAX/USDT:USDT,24.24,1641.0,24.23,3501.0,24.26,1830.0,24.27,2588.0
1753531690717,12:08:10.717,AVAX/USDT:USDT,24.24,1641.0,24.23,3501.0,24.26,1830.0,24.27,2588.0
1753531690883,12:08:10.883,AVAX/USDT:USDT,24.24,1641.0,24.23,3501.0,24.26,1830.0,24.27,2588.0
1753531691336,12:08:11.336,AVAX/USDT:USDT,24.24,1641.0,24.23,3485.0,24.26,1830.0,24.27,2588.0
1753531691953,12:08:11.953,AVAX/USDT:USDT,24.24,1641.0,24.23,3485.0,24.26,1830.0,24.27,2588.0
1753531692176,12:08:12.176,AVAX/USDT:USDT,24.24,1641.0,24.23,3485.0,24.26,1830.0,24.27,2588.0
1753531692248,12:08:12.248,AVAX/USDT:USDT,24.24,1641.0,24.23,3485.0,24.26,1830.0,24.27,2588.0
1753531692503,12:08:12.503,AVAX/USDT:USDT,24.24,1641.0,24.23,3560.0,24.26,1830.0,24.27,2588.0
1753531692560,12:08:12.560,AVAX/USDT:USDT,24.24,1641.0,24.23,2972.0,24.26,1830.0,24.27,2608.0
1753531692678,12:08:12.678,AVAX/USDT:USDT,24.24,1641.0,24.23,2972.0,24.26,1880.0,24.27,2600.0
1753531692782,12:08:12.782,AVAX/USDT:USDT,24.24,1641.0,24.23,2972.0,24.26,1838.0,24.27,2600.0
1753531693223,12:08:13.223,AVAX/USDT:USDT,24.24,1656.0,24.23,2972.0,24.26,1838.0,24.27,2600.0
1753531693682,12:08:13.682,AVAX/USDT:USDT,24.24,1656.0,24.23,2972.0,24.26,1838.0,24.27,2600.0
1753531694691,12:08:14.691,AVAX/USDT:USDT,24.24,1656.0,24.23,2972.0,24.26,1838.0,24.27,2600.0
1753531695177,12:08:15.177,AVAX/USDT:USDT,24.24,1656.0,24.23,2972.0,24.26,1838.0,24.27,2600.0
1753531695499,12:08:15.499,AVAX/USDT:USDT,24.24,1656.0,24.23,3523.0,24.26,1838.0,24.27,2600.0
1753531695550,12:08:15.550,AVAX/USDT:USDT,24.24,1656.0,24.23,3523.0,24.26,1838.0,24.27,2600.0
1753531695709,12:08:15.709,AVAX/USDT:USDT,24.24,1656.0,24.23,3523.0,24.26,1838.0,24.27,2600.0
1753531696681,12:08:16.681,AVAX/USDT:USDT,24.24,1656.0,24.23,3523.0,24.26,1838.0,24.27,2600.0
1753531696781,12:08:16.781,AVAX/USDT:USDT,24.24,1656.0,24.23,3523.0,24.26,1880.0,24.27,2620.0
1753531696894,12:08:16.894,AVAX/USDT:USDT,24.24,1656.0,24.23,3523.0,24.26,1880.0,24.27,2620.0
1753531697012,12:08:17.012,AVAX/USDT:USDT,24.24,1656.0,24.23,3523.0,24.26,1880.0,24.27,2600.0
1753531697097,12:08:17.097,AVAX/USDT:USDT,24.24,1656.0,24.23,3523.0,24.26,1880.0,24.27,2600.0
1753531697207,12:08:17.207,AVAX/USDT:USDT,24.24,1656.0,24.23,3523.0,24.26,1838.0,24.27,2600.0
1753531697543,12:08:17.543,AVAX/USDT:USDT,24.24,1656.0,24.23,3523.0,24.26,1838.0,24.27,2600.0
1753531698008,12:08:18.008,AVAX/USDT:USDT,24.24,1656.0,24.23,3523.0,24.26,1838.0,24.27,2620.0
1753531698204,12:08:18.204,AVAX/USDT:USDT,24.24,1656.0,24.23,3523.0,24.26,1838.0,24.27,2620.0
1753531698312,12:08:18.312,AVAX/USDT:USDT,24.24,1656.0,24.23,4217.0,24.26,1838.0,24.27,2600.0
1753531699353,12:08:19.353,AVAX/USDT:USDT,24.24,1656.0,24.23,4217.0,24.26,1838.0,24.27,2600.0
1753531699685,12:08:19.685,AVAX/USDT:USDT,24.24,1656.0,24.23,4217.0,24.26,1838.0,24.27,2600.0
1753531700299,12:08:20.299,AVAX/USDT:USDT,24.24,1656.0,24.23,4217.0,24.26,1116.0,24.27,1367.0
1753531700572,12:08:20.572,AVAX/USDT:USDT,24.24,1656.0,24.23,4217.0,24.26,1116.0,24.27,1367.0
1753531700649,12:08:20.649,AVAX/USDT:USDT,24.24,1656.0,24.23,4217.0,24.26,1116.0,24.27,1367.0
1753531701101,12:08:21.101,AVAX/USDT:USDT,24.24,1648.0,24.23,4181.0,24.26,1166.0,24.27,1387.0
1753531701212,12:08:21.212,AVAX/USDT:USDT,24.24,859.0,24.23,4063.0,24.25,532.0,24.26,1166.0
1753531701282,12:08:21.282,AVAX/USDT:USDT,24.24,859.0,24.23,2089.0,24.25,532.0,24.26,1166.0
1753531701408,12:08:21.408,AVAX/USDT:USDT,24.24,859.0,24.23,2089.0,24.25,532.0,24.26,1166.0
1753531701451,12:08:21.451,AVAX/USDT:USDT,24.24,859.0,24.23,2089.0,24.25,42.0,24.26,1166.0
1753531701517,12:08:21.517,AVAX/USDT:USDT,24.24,865.0,24.23,2089.0,24.25,42.0,24.26,1166.0
1753531701716,12:08:21.716,AVAX/USDT:USDT,24.24,865.0,24.23,2089.0,24.25,42.0,24.26,1166.0
1753531701802,12:08:21.802,AVAX/USDT:USDT,24.24,1078.0,24.23,2132.0,24.26,1124.0,24.27,1930.0
1753531701901,12:08:21.901,AVAX/USDT:USDT,24.24,1064.0,24.23,2132.0,24.26,1166.0,24.27,1930.0
1753531702003,12:08:22.003,AVAX/USDT:USDT,24.24,1064.0,24.23,2132.0,24.26,1166.0,24.27,1950.0
1753531702070,12:08:22.070,AVAX/USDT:USDT,24.24,817.0,24.23,2132.0,24.25,493.0,24.26,1166.0
1753531702415,12:08:22.415,AVAX/USDT:USDT,24.24,817.0,24.23,2132.0,24.25,493.0,24.26,1166.0
1753531702509,12:08:22.509,AVAX/USDT:USDT,24.24,817.0,24.23,2116.0,24.25,490.0,24.26,1182.0
1753531702615,12:08:22.615,AVAX/USDT:USDT,24.24,817.0,24.23,2116.0,24.25,490.0,24.26,1182.0
1753531702712,12:08:22.712,AVAX/USDT:USDT,24.24,820.0,24.23,2116.0,24.25,490.0,24.26,1182.0
1753531702732,12:08:22.732,AVAX/USDT:USDT,24.24,817.0,24.23,2116.0,24.25,493.0,24.26,1182.0
1753531702866,12:08:22.866,AVAX/USDT:USDT,24.24,817.0,24.23,2116.0,24.25,490.0,24.26,1182.0
1753531703005,12:08:23.005,AVAX/USDT:USDT,24.24,817.0,24.23,2116.0,24.25,490.0,24.26,1182.0
1753531703206,12:08:23.206,AVAX/USDT:USDT,24.24,722.0,24.23,2073.0,24.25,588.0,24.26,1197.0
1753531703310,12:08:23.310,AVAX/USDT:USDT,24.24,664.0,24.23,2081.0,24.25,588.0,24.26,1198.0
1753531703444,12:08:23.444,AVAX/USDT:USDT,24.24,664.0,24.23,2081.0,24.25,585.0,24.26,1198.0
1753531703725,12:08:23.725,AVAX/USDT:USDT,24.24,664.0,24.23,2081.0,24.25,588.0,24.26,1198.0
1753531704214,12:08:24.214,AVAX/USDT:USDT,24.24,664.0,24.23,2081.0,24.25,588.0,24.26,1198.0
1753531704397,12:08:24.397,AVAX/USDT:USDT,24.24,664.0,24.23,2081.0,24.25,588.0,24.26,1198.0
1753531704496,12:08:24.496,AVAX/USDT:USDT,24.24,667.0,24.23,2082.0,24.25,585.0,24.26,1198.0
1753531704604,12:08:24.604,AVAX/USDT:USDT,24.24,762.0,24.23,2082.0,24.25,490.0,24.26,1198.0
1753531704696,12:08:24.696,AVAX/USDT:USDT,24.24,765.0,24.23,2082.0,24.25,490.0,24.26,1198.0
1753531704898,12:08:24.898,AVAX/USDT:USDT,24.24,765.0,24.23,2082.0,24.25,490.0,24.26,1240.0
1753531705083,12:08:25.083,AVAX/USDT:USDT,24.24,765.0,24.23,2082.0,24.25,490.0,24.26,1240.0
1753531705216,12:08:25.216,AVAX/USDT:USDT,24.24,759.0,24.23,2082.0,24.25,490.0,24.26,1240.0
1753531705224,12:08:25.224,AVAX/USDT:USDT,24.24,664.0,24.23,2039.0,24.25,496.0,24.26,1241.0
1753531705388,12:08:25.388,AVAX/USDT:USDT,24.24,759.0,24.23,2039.0,24.25,490.0,24.26,1241.0
1753531705420,12:08:25.420,AVAX/USDT:USDT,24.24,759.0,24.23,2039.0,24.25,493.0,24.26,1241.0
1753531705740,12:08:25.740,AVAX/USDT:USDT,24.24,759.0,24.23,2039.0,24.25,493.0,24.26,1241.0
1753531705869,12:08:25.869,AVAX/USDT:USDT,24.24,644.0,24.23,2059.0,24.25,591.0,24.26,1261.0
1753531706460,12:08:26.460,AVAX/USDT:USDT,24.24,644.0,24.23,2060.0,24.25,591.0,24.26,1261.0
1753531706574,12:08:26.574,AVAX/USDT:USDT,24.24,644.0,24.23,2060.0,24.25,591.0,24.26,1261.0
1753531707048,12:08:27.048,AVAX/USDT:USDT,24.24,644.0,24.23,2060.0,24.25,591.0,24.26,1261.0
1753531707318,12:08:27.318,AVAX/USDT:USDT,24.24,644.0,24.23,2059.0,24.25,633.0,24.26,1261.0
1753531707359,12:08:27.359,AVAX/USDT:USDT,24.24,644.0,24.23,2059.0,24.25,633.0,24.26,1261.0
1753531708509,12:08:28.509,AVAX/USDT:USDT,24.24,644.0,24.23,2060.0,24.25,633.0,24.26,1261.0
1753531708754,12:08:28.754,AVAX/USDT:USDT,24.24,644.0,24.23,2060.0,24.25,633.0,24.26,1261.0
1753531709082,12:08:29.082,AVAX/USDT:USDT,24.24,644.0,24.23,2060.0,24.25,633.0,24.26,1261.0
1753531709200,12:08:29.200,AVAX/USDT:USDT,24.24,650.0,24.23,2060.0,24.25,627.0,24.26,1261.0
1753531709296,12:08:29.296,AVAX/USDT:USDT,24.24,647.0,24.23,2060.0,24.25,627.0,24.26,1261.0
1753531709343,12:08:29.343,AVAX/USDT:USDT,24.24,650.0,24.23,2060.0,24.25,627.0,24.26,1261.0
1753531709484,12:08:29.484,AVAX/USDT:USDT,24.24,647.0,24.23,2060.0,24.25,532.0,24.26,1261.0
1753531709540,12:08:29.540,AVAX/USDT:USDT,24.24,745.0,24.23,2060.0,24.25,532.0,24.26,1261.0
1753531709907,12:08:29.907,AVAX/USDT:USDT,24.24,739.0,24.23,2060.0,24.25,538.0,24.26,1261.0
1753531710314,12:08:30.314,AVAX/USDT:USDT,24.24,787.0,24.23,2110.0,24.25,42.0,24.26,952.0
1753531710364,12:08:30.364,AVAX/USDT:USDT,24.24,846.0,24.23,2110.0,24.25,42.0,24.26,952.0
1753531710495,12:08:30.495,AVAX/USDT:USDT,24.24,843.0,24.23,2110.0,24.25,42.0,24.26,1244.0
1753531710561,12:08:30.561,AVAX/USDT:USDT,24.24,843.0,24.23,2110.0,24.25,42.0,24.26,1244.0
1753531710711,12:08:30.711,AVAX/USDT:USDT,24.24,840.0,24.23,2110.0,24.25,42.0,24.26,1244.0
1753531710808,12:08:30.808,AVAX/USDT:USDT,24.24,748.0,24.23,2109.0,24.25,538.0,24.26,1245.0
1753531710864,12:08:30.864,AVAX/USDT:USDT,24.24,748.0,24.23,2093.0,24.25,535.0,24.26,1261.0
1753531711066,12:08:31.066,AVAX/USDT:USDT,24.24,748.0,24.23,2093.0,24.25,532.0,24.26,1261.0
1753531711214,12:08:31.214,AVAX/USDT:USDT,24.24,754.0,24.23,2094.0,24.25,532.0,24.26,1261.0
1753531711252,12:08:31.252,AVAX/USDT:USDT,24.24,754.0,24.23,2094.0,24.25,532.0,24.26,1261.0
1753531711492,12:08:31.492,AVAX/USDT:USDT,24.24,846.0,24.23,2110.0,24.25,42.0,24.26,1244.0
1753531711816,12:08:31.816,AVAX/USDT:USDT,24.24,846.0,24.23,2110.0,24.25,42.0,24.26,1244.0
1753531712057,12:08:32.057,AVAX/USDT:USDT,24.24,846.0,24.23,2110.0,24.25,42.0,24.26,1244.0
1753531712441,12:08:32.441,AVAX/USDT:USDT,24.24,846.0,24.23,2110.0,24.25,42.0,24.26,1244.0
1753531713234,12:08:33.234,AVAX/USDT:USDT,24.24,846.0,24.23,2110.0,24.25,42.0,24.26,1244.0
1753531713797,12:08:33.797,AVAX/USDT:USDT,24.24,798.0,24.23,2109.0,24.25,535.0,24.26,1245.0
1753531713869,12:08:33.869,AVAX/USDT:USDT,24.24,798.0,24.23,2093.0,24.25,535.0,24.26,1261.0
1753531714208,12:08:34.208,AVAX/USDT:USDT,24.24,653.0,24.23,2093.0,24.25,538.0,24.26,1261.0
1753531714309,12:08:34.309,AVAX/USDT:USDT,24.24,644.0,24.23,2102.0,24.25,538.0,24.26,1261.0
1753531714328,12:08:34.328,AVAX/USDT:USDT,24.24,644.0,24.23,2116.0,24.25,538.0,24.26,1261.0
1753531714500,12:08:34.500,AVAX/USDT:USDT,24.24,742.0,24.23,2117.0,24.25,532.0,24.26,1261.0
1753531714536,12:08:34.536,AVAX/USDT:USDT,24.24,745.0,24.23,2117.0,24.25,532.0,24.26,1261.0
1753531714707,12:08:34.707,AVAX/USDT:USDT,24.24,745.0,24.23,2117.0,24.25,532.0,24.26,1261.0
1753531714744,12:08:34.744,AVAX/USDT:USDT,24.24,742.0,24.23,2117.0,24.25,532.0,24.26,1261.0
1753531715104,12:08:35.104,AVAX/USDT:USDT,24.24,644.0,24.23,2117.0,24.25,538.0,24.26,1261.0
1753531715159,12:08:35.159,AVAX/USDT:USDT,24.24,644.0,24.23,2117.0,24.25,633.0,24.26,1261.0
1753531715280,12:08:35.280,AVAX/USDT:USDT,24.24,644.0,24.23,1768.0,24.25,633.0,24.26,1372.0
1753531715375,12:08:35.375,AVAX/USDT:USDT,24.24,644.0,24.23,2060.0,24.25,633.0,24.26,1372.0
1753531715534,12:08:35.534,AVAX/USDT:USDT,24.24,43.0,24.23,2060.0,24.25,653.0,24.26,1352.0
1753531715703,12:08:35.703,AVAX/USDT:USDT,24.24,154.0,24.23,2060.0,24.25,653.0,24.26,1352.0
1753531715729,12:08:35.729,AVAX/USDT:USDT,24.24,644.0,24.23,2060.0,24.25,653.0,24.26,1352.0
1753531715985,12:08:35.985,AVAX/USDT:USDT,24.24,154.0,24.23,2060.0,24.25,653.0,24.26,1352.0
1753531716259,12:08:36.259,AVAX/USDT:USDT,24.24,154.0,24.23,2060.0,24.25,653.0,24.26,1352.0
1753531716515,12:08:36.515,AVAX/USDT:USDT,24.24,43.0,24.23,2060.0,24.25,653.0,24.26,1352.0
1753531716612,12:08:36.612,AVAX/USDT:USDT,24.24,1.0,24.23,1574.0,24.25,866.0,24.26,1993.0
1753531716701,12:08:36.701,AVAX/USDT:USDT,24.24,1.0,24.23,1559.0,24.25,882.0,24.26,1977.0
1753531716760,12:08:36.760,AVAX/USDT:USDT,24.24,1.0,24.23,1559.0,24.25,897.0,24.26,1962.0
1753531716874,12:08:36.874,AVAX/USDT:USDT,24.24,1.0,24.23,1559.0,24.25,882.0,24.26,2044.0
1753531716984,12:08:36.984,AVAX/USDT:USDT,24.24,1.0,24.23,1559.0,24.25,882.0,24.26,2044.0
1753531717099,12:08:37.099,AVAX/USDT:USDT,24.24,1.0,24.23,1559.0,24.25,882.0,24.26,3824.0
1753531717606,12:08:37.606,AVAX/USDT:USDT,24.24,1.0,24.23,1559.0,24.25,882.0,24.26,3824.0
1753531717622,12:08:37.622,AVAX/USDT:USDT,24.24,1.0,24.23,1559.0,24.25,882.0,24.26,3824.0
1753531717768,12:08:37.768,AVAX/USDT:USDT,24.24,1.0,24.23,1559.0,24.25,882.0,24.26,3824.0
1753531718075,12:08:38.075,AVAX/USDT:USDT,24.24,1.0,24.23,111.0,24.25,882.0,24.26,3824.0
1753531718164,12:08:38.164,AVAX/USDT:USDT,24.24,1.0,24.23,111.0,24.25,882.0,24.26,3824.0
1753531718316,12:08:38.316,AVAX/USDT:USDT,24.24,1.0,24.23,689.0,24.25,879.0,24.26,3823.0
1753531718377,12:08:38.377,AVAX/USDT:USDT,24.24,1.0,24.23,689.0,24.25,879.0,24.26,3823.0
1753531718420,12:08:38.420,AVAX/USDT:USDT,24.24,1.0,24.23,689.0,24.25,882.0,24.26,3823.0
1753531718561,12:08:38.561,AVAX/USDT:USDT,24.24,1.0,24.23,1141.0,24.25,1043.0,24.26,3823.0
1753531718630,12:08:38.630,AVAX/USDT:USDT,24.24,1.0,24.23,1141.0,24.25,1046.0,24.26,3823.0
1753531718800,12:08:38.800,AVAX/USDT:USDT,24.24,1.0,24.23,1099.0,24.25,1046.0,24.26,3823.0
1753531719014,12:08:39.014,AVAX/USDT:USDT,24.23,1004.0,24.22,6004.0,24.24,643.0,24.25,2264.0
1753531719108,12:08:39.108,AVAX/USDT:USDT,24.23,111.0,24.22,1922.0,24.24,741.0,24.25,1840.0
1753531719211,12:08:39.211,AVAX/USDT:USDT,24.23,111.0,24.22,1922.0,24.24,738.0,24.25,1840.0
1753531719312,12:08:39.312,AVAX/USDT:USDT,24.23,111.0,24.22,2214.0,24.24,744.0,24.25,1840.0
1753531719342,12:08:39.342,AVAX/USDT:USDT,24.23,111.0,24.22,2214.0,24.24,744.0,24.25,1840.0
1753531719501,12:08:39.501,AVAX/USDT:USDT,24.23,206.0,24.22,2214.0,24.24,646.0,24.25,1840.0
1753531719583,12:08:39.583,AVAX/USDT:USDT,24.23,247.0,24.22,2214.0,24.24,646.0,24.25,1840.0
1753531719693,12:08:39.693,AVAX/USDT:USDT,24.23,785.0,24.22,2215.0,24.24,643.0,24.25,1839.0
1753531719973,12:08:39.973,AVAX/USDT:USDT,24.23,779.0,24.22,2215.0,24.24,643.0,24.25,1840.0
1753531720100,12:08:40.100,AVAX/USDT:USDT,24.23,737.0,24.22,2214.0,24.24,649.0,24.25,1881.0
1753531720208,12:08:40.208,AVAX/USDT:USDT,24.23,737.0,24.22,2214.0,24.24,649.0,24.25,1881.0
1753531720311,12:08:40.311,AVAX/USDT:USDT,24.23,737.0,24.22,2214.0,24.24,744.0,24.25,1881.0
1753531720385,12:08:40.385,AVAX/USDT:USDT,24.23,737.0,24.22,2214.0,24.24,744.0,24.25,1881.0
1753531720603,12:08:40.603,AVAX/USDT:USDT,24.23,737.0,24.22,2214.0,24.24,744.0,24.25,1881.0
1753531720772,12:08:40.772,AVAX/USDT:USDT,24.23,737.0,24.22,2214.0,24.24,744.0,24.25,1881.0
1753531721102,12:08:41.102,AVAX/USDT:USDT,24.22,2154.0,24.21,6439.0,24.24,1133.0,24.25,1836.0
1753531721190,12:08:41.190,AVAX/USDT:USDT,24.22,892.0,24.21,2637.0,24.24,1166.0,24.25,1856.0
1753531721279,12:08:41.279,AVAX/USDT:USDT,24.22,892.0,24.21,2595.0,24.24,1166.0,24.25,1925.0
1753531721351,12:08:41.351,AVAX/USDT:USDT,24.22,892.0,24.21,2595.0,24.24,1166.0,24.25,1925.0
1753531721434,12:08:41.434,AVAX/USDT:USDT,24.22,892.0,24.21,2595.0,24.24,1166.0,24.25,1925.0
1753531721617,12:08:41.617,AVAX/USDT:USDT,24.22,892.0,24.21,2595.0,24.24,887.0,24.25,1925.0
1753531721662,12:08:41.662,AVAX/USDT:USDT,24.22,1382.0,24.21,2595.0,24.24,1137.0,24.25,1925.0
1753531721718,12:08:41.718,AVAX/USDT:USDT,24.22,1382.0,24.21,2595.0,24.24,1137.0,24.25,1925.0
1753531721949,12:08:41.949,AVAX/USDT:USDT,24.22,1382.0,24.21,2595.0,24.24,1137.0,24.25,1925.0
1753531722105,12:08:42.105,AVAX/USDT:USDT,24.22,1432.0,24.21,2595.0,24.24,1137.0,24.25,1925.0
1753531722179,12:08:42.179,AVAX/USDT:USDT,24.22,1258.0,24.21,2595.0,24.24,1137.0,24.25,1925.0
1753531722283,12:08:42.283,AVAX/USDT:USDT,24.22,1258.0,24.21,2595.0,24.24,1137.0,24.25,1925.0
1753531722393,12:08:42.393,AVAX/USDT:USDT,24.23,490.0,24.22,1208.0,24.24,761.0,24.25,1925.0
1753531722424,12:08:42.424,AVAX/USDT:USDT,24.23,490.0,24.22,1208.0,24.24,761.0,24.25,1905.0
1753531722617,12:08:42.617,AVAX/USDT:USDT,24.23,490.0,24.22,1208.0,24.24,761.0,24.25,1904.0
1753531722641,12:08:42.641,AVAX/USDT:USDT,24.23,490.0,24.22,1208.0,24.24,764.0,24.25,1905.0
1753531722723,12:08:42.723,AVAX/USDT:USDT,24.23,490.0,24.22,1208.0,24.24,764.0,24.25,1905.0
1753531723261,12:08:43.261,AVAX/USDT:USDT,24.23,490.0,24.22,1208.0,24.24,764.0,24.25,1905.0
1753531723585,12:08:43.585,AVAX/USDT:USDT,24.23,490.0,24.22,1208.0,24.24,764.0,24.25,1905.0
1753531723772,12:08:43.772,AVAX/USDT:USDT,24.23,490.0,24.22,1208.0,24.24,764.0,24.25,1905.0
1753531723818,12:08:43.818,AVAX/USDT:USDT,24.23,490.0,24.22,1208.0,24.24,761.0,24.25,1905.0
1753531724046,12:08:44.046,AVAX/USDT:USDT,24.23,490.0,24.22,1208.0,24.24,764.0,24.25,1905.0
1753531724334,12:08:44.334,AVAX/USDT:USDT,24.23,490.0,24.22,1208.0,24.24,761.0,24.25,1905.0
1753531724438,12:08:44.438,AVAX/USDT:USDT,24.23,490.0,24.22,1208.0,24.24,764.0,24.25,1905.0
1753531724593,12:08:44.593,AVAX/USDT:USDT,24.22,1208.0,24.21,2595.0,24.24,1187.0,24.25,1920.0
1753531724706,12:08:44.706,AVAX/USDT:USDT,24.22,1208.0,24.21,2595.0,24.24,822.0,24.25,1940.0
1753531724775,12:08:44.775,AVAX/USDT:USDT,24.23,498.0,24.22,1208.0,24.24,806.0,24.25,1940.0
1753531724908,12:08:44.908,AVAX/USDT:USDT,24.23,498.0,24.22,1208.0,24.24,847.0,24.25,1940.0
1753531725005,12:08:45.005,AVAX/USDT:USDT,24.23,498.0,24.22,1208.0,24.24,847.0,24.25,1940.0
1753531725066,12:08:45.066,AVAX/USDT:USDT,24.23,498.0,24.22,1208.0,24.24,847.0,24.25,1940.0
1753531725123,12:08:45.123,AVAX/USDT:USDT,24.23,498.0,24.22,1208.0,24.24,888.0,24.25,1940.0
1753531725297,12:08:45.297,AVAX/USDT:USDT,24.23,108.0,24.22,1208.0,24.24,888.0,24.25,1940.0
1753531725320,12:08:45.320,AVAX/USDT:USDT,24.23,108.0,24.22,1208.0,24.24,888.0,24.25,1940.0
1753531725566,12:08:45.566,AVAX/USDT:USDT,24.22,1248.0,24.21,2641.0,24.24,1274.0,24.25,1940.0
1753531725700,12:08:45.700,AVAX/USDT:USDT,24.23,598.0,24.22,1248.0,24.24,868.0,24.25,1940.0
1753531725785,12:08:45.785,AVAX/USDT:USDT,24.23,598.0,24.22,1248.0,24.24,862.0,24.25,1940.0
1753531726002,12:08:46.002,AVAX/USDT:USDT,24.23,598.0,24.22,1248.0,24.24,862.0,24.25,1940.0
1753531726103,12:08:46.103,AVAX/USDT:USDT,24.22,948.0,24.21,2612.0,24.24,1323.0,24.25,1940.0
1753531726180,12:08:46.180,AVAX/USDT:USDT,24.22,1240.0,24.21,2612.0,24.24,1323.0,24.25,1940.0
1753531726415,12:08:46.415,AVAX/USDT:USDT,24.22,1190.0,24.21,2620.0,24.23,150.0,24.24,1323.0
1753531726498,12:08:46.498,AVAX/USDT:USDT,24.22,1223.0,24.21,2577.0,24.23,150.0,24.24,1254.0
1753531726583,12:08:46.583,AVAX/USDT:USDT,24.22,1223.0,24.21,2584.0,24.23,150.0,24.24,1238.0
1753531726684,12:08:46.684,AVAX/USDT:USDT,24.22,1223.0,24.21,2584.0,24.23,150.0,24.24,1238.0
1753531726768,12:08:46.768,AVAX/USDT:USDT,24.22,1217.0,24.21,2584.0,24.23,150.0,24.24,1247.0
1753531726843,12:08:46.843,AVAX/USDT:USDT,24.22,1175.0,24.21,2584.0,24.23,150.0,24.24,1263.0
1753531727000,12:08:47.000,AVAX/USDT:USDT,24.22,1175.0,24.21,2581.0,24.23,150.0,24.24,1263.0
1753531727084,12:08:47.084,AVAX/USDT:USDT,24.22,1175.0,24.21,2581.0,24.23,150.0,24.24,1263.0
1753531727299,12:08:47.299,AVAX/USDT:USDT,24.22,662.0,24.21,1904.0,24.23,245.0,24.24,1263.0
1753531727383,12:08:47.383,AVAX/USDT:USDT,24.22,757.0,24.21,2196.0,24.23,245.0,24.24,1263.0
1753531727455,12:08:47.455,AVAX/USDT:USDT,24.22,757.0,24.21,2180.0,24.23,150.0,24.24,1263.0
1753531727600,12:08:47.600,AVAX/USDT:USDT,24.22,760.0,24.21,2188.0,24.23,532.0,24.24,1263.0
1753531727636,12:08:47.636,AVAX/USDT:USDT,24.22,763.0,24.21,2188.0,24.23,42.0,24.24,1263.0
1753531727727,12:08:47.727,AVAX/USDT:USDT,24.22,760.0,24.21,2188.0,24.23,42.0,24.24,1263.0
1753531727840,12:08:47.840,AVAX/USDT:USDT,24.22,760.0,24.21,1225.0,24.23,42.0,24.24,1263.0
1753531727920,12:08:47.920,AVAX/USDT:USDT,24.22,760.0,24.21,1225.0,24.23,42.0,24.24,1263.0
1753531728116,12:08:48.116,AVAX/USDT:USDT,24.22,763.0,24.21,1225.0,24.23,42.0,24.24,1263.0
1753531728280,12:08:48.280,AVAX/USDT:USDT,24.22,763.0,24.21,1225.0,24.23,42.0,24.24,1263.0
1753531728320,12:08:48.320,AVAX/USDT:USDT,24.22,760.0,24.21,1225.0,24.23,42.0,24.24,1263.0
1753531728505,12:08:48.505,AVAX/USDT:USDT,24.22,757.0,24.21,1225.0,24.23,150.0,24.24,1263.0
1753531728613,12:08:48.613,AVAX/USDT:USDT,24.22,662.0,24.21,1225.0,24.23,643.0,24.24,1260.0
1753531728682,12:08:48.682,AVAX/USDT:USDT,24.22,757.0,24.21,1225.0,24.23,643.0,24.24,1260.0
1753531728799,12:08:48.799,AVAX/USDT:USDT,24.22,757.0,24.21,1225.0,24.23,643.0,24.24,1260.0
1753531729095,12:08:49.095,AVAX/USDT:USDT,24.22,757.0,24.21,1225.0,24.23,646.0,24.24,1260.0
1753531729236,12:08:49.236,AVAX/USDT:USDT,24.22,757.0,24.21,1225.0,24.23,643.0,24.24,1260.0
1753531729802,12:08:49.802,AVAX/USDT:USDT,24.22,757.0,24.21,1225.0,24.23,643.0,24.24,1260.0
1753531729884,12:08:49.884,AVAX/USDT:USDT,24.22,757.0,24.21,1225.0,24.23,646.0,24.24,1260.0
1753531730104,12:08:50.104,AVAX/USDT:USDT,24.22,662.0,24.21,1225.0,24.23,646.0,24.24,1260.0
1753531730212,12:08:50.212,AVAX/USDT:USDT,24.22,662.0,24.21,1320.0,24.23,741.0,24.24,1280.0
1753531730252,12:08:50.252,AVAX/USDT:USDT,24.22,642.0,24.21,1354.0,24.23,741.0,24.24,1280.0
1753531730502,12:08:50.502,AVAX/USDT:USDT,24.22,642.0,24.21,1354.0,24.23,741.0,24.24,1280.0
1753531730562,12:08:50.562,AVAX/USDT:USDT,24.22,642.0,24.21,1354.0,24.23,741.0,24.24,1280.0
1753531731010,12:08:51.010,AVAX/USDT:USDT,24.22,642.0,24.21,1354.0,24.23,741.0,24.24,1280.0
1753531731111,12:08:51.111,AVAX/USDT:USDT,24.22,642.0,24.21,1354.0,24.23,1033.0,24.24,1320.0
1753531731213,12:08:51.213,AVAX/USDT:USDT,24.22,737.0,24.21,1370.0,24.23,932.0,24.24,1201.0
1753531731313,12:08:51.313,AVAX/USDT:USDT,24.22,785.0,24.21,1370.0,24.23,932.0,24.24,1201.0
1753531731405,12:08:51.405,AVAX/USDT:USDT,24.22,779.0,24.21,1370.0,24.23,935.0,24.24,1201.0
1753531731457,12:08:51.457,AVAX/USDT:USDT,24.22,737.0,24.21,1370.0,24.23,935.0,24.24,1201.0
1753531731672,12:08:51.672,AVAX/USDT:USDT,24.22,737.0,24.21,1370.0,24.23,938.0,24.24,1201.0
1753531731884,12:08:51.884,AVAX/USDT:USDT,24.22,737.0,24.21,1370.0,24.23,938.0,24.24,1201.0
1753531732098,12:08:52.098,AVAX/USDT:USDT,24.22,642.0,24.21,1370.0,24.23,938.0,24.24,1201.0
1753531732159,12:08:52.159,AVAX/USDT:USDT,24.22,642.0,24.21,1370.0,24.23,938.0,24.24,1201.0
1753531732510,12:08:52.510,AVAX/USDT:USDT,24.22,642.0,24.21,1370.0,24.23,935.0,24.24,1201.0
1753531732565,12:08:52.565,AVAX/USDT:USDT,24.22,737.0,24.21,1370.0,24.23,935.0,24.24,1201.0
1753531732806,12:08:52.806,AVAX/USDT:USDT,24.22,737.0,24.21,1370.0,24.23,935.0,24.24,1201.0
1753531732980,12:08:52.980,AVAX/USDT:USDT,24.22,737.0,24.21,1370.0,24.23,938.0,24.24,1201.0
1753531733104,12:08:53.104,AVAX/USDT:USDT,24.22,737.0,24.21,1370.0,24.23,935.0,24.24,1201.0
1753531733120,12:08:53.120,AVAX/USDT:USDT,24.22,737.0,24.21,1370.0,24.23,935.0,24.24,1781.0
1753531733297,12:08:53.297,AVAX/USDT:USDT,24.22,737.0,24.21,1370.0,24.23,938.0,24.24,1781.0
1753531733323,12:08:53.323,AVAX/USDT:USDT,24.22,642.0,24.21,1370.0,24.23,938.0,24.24,1781.0
1753531733706,12:08:53.706,AVAX/USDT:USDT,24.22,642.0,24.21,1370.0,24.23,938.0,24.24,1781.0
1753531734115,12:08:54.115,AVAX/USDT:USDT,24.22,737.0,24.21,1370.0,24.23,938.0,24.24,1781.0
1753531734159,12:08:54.159,AVAX/USDT:USDT,24.22,737.0,24.21,2705.0,24.23,935.0,24.24,1781.0
1753531734315,12:08:54.315,AVAX/USDT:USDT,24.22,740.0,24.21,2705.0,24.23,935.0,24.24,1781.0
1753531734331,12:08:54.331,AVAX/USDT:USDT,24.22,740.0,24.21,2705.0,24.23,935.0,24.24,1827.0
1753531734516,12:08:54.516,AVAX/USDT:USDT,24.22,737.0,24.21,2705.0,24.23,938.0,24.24,1827.0
1753531734541,12:08:54.541,AVAX/USDT:USDT,24.22,740.0,24.21,2705.0,24.23,935.0,24.24,1827.0
1753531734634,12:08:54.634,AVAX/USDT:USDT,24.22,642.0,24.21,2705.0,24.23,1033.0,24.24,1827.0
1753531734961,12:08:54.961,AVAX/USDT:USDT,24.22,645.0,24.21,2705.0,24.23,1030.0,24.24,1827.0
1753531735082,12:08:55.082,AVAX/USDT:USDT,24.22,642.0,24.21,2705.0,24.23,1033.0,24.24,1827.0
1753531735137,12:08:55.137,AVAX/USDT:USDT,24.22,642.0,24.21,2689.0,24.23,1033.0,24.24,1827.0
1753531735595,12:08:55.595,AVAX/USDT:USDT,24.22,645.0,24.21,2706.0,24.23,935.0,24.24,1827.0
1753531735663,12:08:55.663,AVAX/USDT:USDT,24.22,648.0,24.21,2706.0,24.23,935.0,24.24,1827.0
1753531735815,12:08:55.815,AVAX/USDT:USDT,24.22,648.0,24.21,2706.0,24.23,935.0,24.24,1827.0
1753531735917,12:08:55.917,AVAX/USDT:USDT,24.22,648.0,24.21,2706.0,24.23,935.0,24.24,1827.0
1753531735943,12:08:55.943,AVAX/USDT:USDT,24.22,690.0,24.21,2706.0,24.23,932.0,24.24,1827.0
1753531736052,12:08:56.052,AVAX/USDT:USDT,24.22,690.0,24.21,2706.0,24.23,935.0,24.24,1827.0
1753531736289,12:08:56.289,AVAX/USDT:USDT,24.22,782.0,24.21,2706.0,24.23,938.0,24.24,1827.0
1753531736422,12:08:56.422,AVAX/USDT:USDT,24.22,782.0,24.21,2706.0,24.23,935.0,24.24,1827.0
1753531736609,12:08:56.609,AVAX/USDT:USDT,24.22,782.0,24.21,2706.0,24.23,935.0,24.24,1827.0
1753531736684,12:08:56.684,AVAX/USDT:USDT,24.22,785.0,24.21,2706.0,24.23,824.0,24.24,1827.0
1753531736743,12:08:56.743,AVAX/USDT:USDT,24.22,785.0,24.21,2706.0,24.23,824.0,24.24,1811.0
1753531736894,12:08:56.894,AVAX/USDT:USDT,24.22,779.0,24.21,2706.0,24.23,535.0,24.24,2103.0
1753531736922,12:08:56.922,AVAX/USDT:USDT,24.22,782.0,24.21,2706.0,24.23,535.0,24.24,2103.0
1753531737156,12:08:57.156,AVAX/USDT:USDT,24.22,782.0,24.21,2706.0,24.23,532.0,24.24,2103.0
1753531737315,12:08:57.315,AVAX/USDT:USDT,24.22,779.0,24.21,2706.0,24.23,535.0,24.24,2103.0
1753531737384,12:08:57.384,AVAX/USDT:USDT,24.22,787.0,24.21,2698.0,24.23,535.0,24.24,2103.0
1753531737665,12:08:57.665,AVAX/USDT:USDT,24.22,787.0,24.21,2698.0,24.23,532.0,24.24,2103.0
1753531737720,12:08:57.720,AVAX/USDT:USDT,24.22,787.0,24.21,2698.0,24.23,535.0,24.24,2103.0
1753531738191,12:08:58.191,AVAX/USDT:USDT,24.22,793.0,24.21,2698.0,24.23,532.0,24.24,2103.0
1753531738297,12:08:58.297,AVAX/USDT:USDT,24.22,790.0,24.21,2698.0,24.23,532.0,24.24,2103.0
1753531738404,12:08:58.404,AVAX/USDT:USDT,24.22,787.0,24.21,2698.0,24.23,535.0,24.24,2119.0
1753531738509,12:08:58.509,AVAX/USDT:USDT,24.22,793.0,24.21,2698.0,24.23,532.0,24.24,2103.0
1753531738600,12:08:58.600,AVAX/USDT:USDT,24.22,787.0,24.21,2698.0,24.23,535.0,24.24,2103.0
1753531738817,12:08:58.817,AVAX/USDT:USDT,24.22,790.0,24.21,2698.0,24.23,535.0,24.24,2106.0
1753531738819,12:08:58.819,AVAX/USDT:USDT,24.22,787.0,24.21,2698.0,24.23,535.0,24.24,2103.0
1753531739062,12:08:59.062,AVAX/USDT:USDT,24.22,787.0,24.21,2698.0,24.23,535.0,24.24,2103.0
1753531739195,12:08:59.195,AVAX/USDT:USDT,24.22,787.0,24.21,2698.0,24.23,535.0,24.24,2119.0
1753531739387,12:08:59.387,AVAX/USDT:USDT,24.22,790.0,24.21,2698.0,24.23,532.0,24.24,2103.0
1753531739476,12:08:59.476,AVAX/USDT:USDT,24.22,787.0,24.21,2698.0,24.23,535.0,24.24,2119.0
1753531739817,12:08:59.817,AVAX/USDT:USDT,24.22,787.0,24.21,2698.0,24.23,535.0,24.24,2119.0
1753531739895,12:08:59.895,AVAX/USDT:USDT,24.22,787.0,24.21,2698.0,24.23,535.0,24.24,2119.0
1753531740106,12:09:00.106,AVAX/USDT:USDT,24.22,684.0,24.21,2705.0,24.23,538.0,24.24,2119.0
1753531740328,12:09:00.328,AVAX/USDT:USDT,24.22,684.0,24.21,2705.0,24.23,538.0,24.24,2119.0
1753531740770,12:09:00.770,AVAX/USDT:USDT,24.22,642.0,24.21,2705.0,24.23,538.0,24.24,2119.0
1753531740825,12:09:00.825,AVAX/USDT:USDT,24.22,743.0,24.21,2706.0,24.23,532.0,24.24,2119.0
1753531741000,12:09:01.000,AVAX/USDT:USDT,24.22,743.0,24.21,2706.0,24.23,538.0,24.24,2119.0
1753531741080,12:09:01.080,AVAX/USDT:USDT,24.22,740.0,24.21,2706.0,24.23,538.0,24.24,2119.0
1753531741194,12:09:01.194,AVAX/USDT:USDT,24.22,737.0,24.21,2706.0,24.23,538.0,24.24,2119.0
1753531741499,12:09:01.499,AVAX/USDT:USDT,24.22,737.0,24.21,2706.0,24.23,538.0,24.24,2119.0
1753531741669,12:09:01.669,AVAX/USDT:USDT,24.22,737.0,24.21,2706.0,24.23,538.0,24.24,2119.0
1753531741760,12:09:01.760,AVAX/USDT:USDT,24.22,737.0,24.21,2706.0,24.23,538.0,24.24,2119.0
1753531741822,12:09:01.822,AVAX/USDT:USDT,24.22,737.0,24.21,2706.0,24.23,538.0,24.24,2119.0
1753531741986,12:09:01.986,AVAX/USDT:USDT,24.22,793.0,24.21,2698.0,24.23,490.0,24.24,2057.0
1753531742058,12:09:02.058,AVAX/USDT:USDT,24.22,785.0,24.21,2706.0,24.23,490.0,24.24,2057.0
1753531742199,12:09:02.199,AVAX/USDT:USDT,24.22,779.0,24.21,2706.0,24.23,493.0,24.24,2057.0
1753531742278,12:09:02.278,AVAX/USDT:USDT,24.22,785.0,24.21,2706.0,24.23,490.0,24.24,2057.0
1753531742334,12:09:02.334,AVAX/USDT:USDT,24.22,779.0,24.21,2698.0,24.23,490.0,24.24,2057.0
1753531742420,12:09:02.420,AVAX/USDT:USDT,24.22,785.0,24.21,2698.0,24.23,490.0,24.24,2057.0
1753531742616,12:09:02.616,AVAX/USDT:USDT,24.22,782.0,24.21,2698.0,24.23,496.0,24.24,2057.0
1753531742662,12:09:02.662,AVAX/USDT:USDT,24.22,785.0,24.21,2698.0,24.23,490.0,24.24,2058.0
1753531743030,12:09:03.030,AVAX/USDT:USDT,24.22,793.0,24.21,2698.0,24.23,490.0,24.24,2058.0
1753531743178,12:09:03.178,AVAX/USDT:USDT,24.22,793.0,24.21,2698.0,24.23,490.0,24.24,2058.0
1753531743329,12:09:03.329,AVAX/USDT:USDT,24.22,793.0,24.21,2698.0,24.23,490.0,24.24,2058.0
1753531743433,12:09:03.433,AVAX/USDT:USDT,24.22,793.0,24.21,2698.0,24.23,490.0,24.24,2057.0
1753531743606,12:09:03.606,AVAX/USDT:USDT,24.22,793.0,24.21,2698.0,24.23,490.0,24.24,2057.0
1753531743716,12:09:03.716,AVAX/USDT:USDT,24.22,1012.0,24.21,2698.0,24.24,2057.0,24.25,3038.0
1753531743785,12:09:03.785,AVAX/USDT:USDT,24.22,840.0,24.21,1951.0,24.24,1519.0,24.25,1760.0
1753531743877,12:09:03.877,AVAX/USDT:USDT,24.22,840.0,24.21,1951.0,24.24,1519.0,24.25,1760.0
1753531743932,12:09:03.932,AVAX/USDT:USDT,24.22,840.0,24.21,1951.0,24.24,1519.0,24.25,1760.0
1753531744492,12:09:04.492,AVAX/USDT:USDT,24.22,837.0,24.21,1950.0,24.24,1519.0,24.25,1806.0
1753531744716,12:09:04.716,AVAX/USDT:USDT,24.22,837.0,24.21,1950.0,24.24,1519.0,24.25,1875.0
1753531744767,12:09:04.767,AVAX/USDT:USDT,24.22,837.0,24.21,1950.0,24.24,1519.0,24.25,1875.0
1753531744837,12:09:04.837,AVAX/USDT:USDT,24.22,1059.0,24.21,1950.0,24.24,1338.0,24.25,1875.0
1753531744944,12:09:04.944,AVAX/USDT:USDT,24.22,1059.0,24.21,1950.0,24.24,1329.0,24.25,1875.0
1753531745214,12:09:05.214,AVAX/USDT:USDT,24.22,1059.0,24.21,1950.0,24.24,1329.0,24.25,1959.0
1753531745218,12:09:05.218,AVAX/USDT:USDT,24.22,1059.0,24.21,1950.0,24.24,1329.0,24.25,1875.0
1753531745708,12:09:05.708,AVAX/USDT:USDT,24.22,837.0,24.21,1950.0,24.23,600.0,24.24,1329.0
1753531745725,12:09:05.725,AVAX/USDT:USDT,24.22,837.0,24.21,1950.0,24.23,600.0,24.24,1329.0
1753531746007,12:09:06.007,AVAX/USDT:USDT,24.22,742.0,24.21,1950.0,24.23,603.0,24.24,1338.0
1753531746049,12:09:06.049,AVAX/USDT:USDT,24.22,742.0,24.21,1950.0,24.23,600.0,24.24,1354.0
1753531746295,12:09:06.295,AVAX/USDT:USDT,24.22,742.0,24.21,1950.0,24.23,603.0,24.24,1354.0
1753531746413,12:09:06.413,AVAX/USDT:USDT,24.22,742.0,24.21,1950.0,24.23,600.0,24.24,1354.0
1753531746447,12:09:06.447,AVAX/USDT:USDT,24.22,742.0,24.21,1950.0,24.23,600.0,24.24,1354.0
1753531746666,12:09:06.666,AVAX/USDT:USDT,24.22,748.0,24.21,1950.0,24.23,600.0,24.24,1354.0
1753531746996,12:09:06.996,AVAX/USDT:USDT,24.22,843.0,24.21,1950.0,24.23,600.0,24.24,1354.0
1753531747203,12:09:07.203,AVAX/USDT:USDT,24.22,843.0,24.21,1950.0,24.24,1354.0,24.25,1859.0
1753531747313,12:09:07.313,AVAX/USDT:USDT,24.22,1054.0,24.21,1958.0,24.24,1329.0,24.25,1875.0
1753531747333,12:09:07.333,AVAX/USDT:USDT,24.22,1059.0,24.21,1950.0,24.24,1329.0,24.25,1875.0
1753531747454,12:09:07.454,AVAX/USDT:USDT,24.22,1051.0,24.21,1950.0,24.24,1329.0,24.25,1875.0
1753531747684,12:09:07.684,AVAX/USDT:USDT,24.22,1051.0,24.21,1950.0,24.24,1329.0,24.25,1875.0
1753531747841,12:09:07.841,AVAX/USDT:USDT,24.22,1051.0,24.21,1950.0,24.24,1329.0,24.25,1875.0
1753531748150,12:09:08.150,AVAX/USDT:USDT,24.22,1051.0,24.21,1950.0,24.24,1329.0,24.25,1875.0
1753531748846,12:09:08.846,AVAX/USDT:USDT,24.22,1059.0,24.21,1950.0,24.24,1329.0,24.25,1875.0
1753531749009,12:09:09.009,AVAX/USDT:USDT,24.22,1079.0,24.21,1930.0,24.24,1287.0,24.25,1874.0
1753531749065,12:09:09.065,AVAX/USDT:USDT,24.22,1079.0,24.21,1973.0,24.24,1287.0,24.25,1854.0
1753531749209,12:09:09.209,AVAX/USDT:USDT,24.22,1079.0,24.21,1973.0,24.24,1287.0,24.25,1854.0
1753531749253,12:09:09.253,AVAX/USDT:USDT,24.22,1079.0,24.21,1973.0,24.24,995.0,24.25,1854.0
1753531749360,12:09:09.360,AVAX/USDT:USDT,24.22,1079.0,24.21,1973.0,24.24,1287.0,24.25,1854.0
1753531749462,12:09:09.462,AVAX/USDT:USDT,24.23,490.0,24.22,1087.0,24.24,1290.0,24.25,1839.0
1753531749705,12:09:09.705,AVAX/USDT:USDT,24.23,490.0,24.22,1037.0,24.24,1282.0,24.25,1839.0
1753531749777,12:09:09.777,AVAX/USDT:USDT,24.23,490.0,24.22,1037.0,24.24,1282.0,24.25,1839.0
1753531749855,12:09:09.855,AVAX/USDT:USDT,24.23,490.0,24.22,1037.0,24.24,1291.0,24.25,1839.0
1753531750206,12:09:10.206,AVAX/USDT:USDT,24.22,1037.0,24.21,1973.0,24.24,1285.0,24.25,1839.0
1753531750225,12:09:10.225,AVAX/USDT:USDT,24.22,1037.0,24.21,1973.0,24.24,1285.0,24.25,1859.0
1753531750501,12:09:10.501,AVAX/USDT:USDT,24.22,1037.0,24.21,1973.0,24.24,1285.0,24.25,1859.0
1753531750914,12:09:10.914,AVAX/USDT:USDT,24.22,670.0,24.21,1930.0,24.23,696.0,24.24,1333.0
1753531751000,12:09:11.000,AVAX/USDT:USDT,24.22,662.0,24.21,1922.0,24.23,702.0,24.24,1346.0
1753531751084,12:09:11.084,AVAX/USDT:USDT,24.22,662.0,24.21,1938.0,24.23,699.0,24.24,1330.0
1753531751164,12:09:11.164,AVAX/USDT:USDT,24.22,662.0,24.21,1938.0,24.23,696.0,24.24,1330.0
1753531751718,12:09:11.718,AVAX/USDT:USDT,24.22,662.0,24.21,1938.0,24.23,699.0,24.24,1330.0
1753531751877,12:09:11.877,AVAX/USDT:USDT,24.22,662.0,24.21,1938.0,24.23,699.0,24.24,1330.0
1753531751918,12:09:11.918,AVAX/USDT:USDT,24.22,662.0,24.21,1938.0,24.23,699.0,24.24,1340.0
1753531752116,12:09:12.116,AVAX/USDT:USDT,24.22,662.0,24.21,1938.0,24.23,696.0,24.24,1340.0
1753531752317,12:09:12.317,AVAX/USDT:USDT,24.22,662.0,24.21,1939.0,24.23,696.0,24.24,1340.0
1753531752358,12:09:12.358,AVAX/USDT:USDT,24.22,662.0,24.21,1939.0,24.23,696.0,24.24,1340.0
1753531752694,12:09:12.694,AVAX/USDT:USDT,24.22,662.0,24.21,1939.0,24.23,699.0,24.24,1340.0
1753531753118,12:09:13.118,AVAX/USDT:USDT,24.22,662.0,24.21,1939.0,24.23,696.0,24.24,1340.0
1753531753371,12:09:13.371,AVAX/USDT:USDT,24.22,662.0,24.21,1939.0,24.23,699.0,24.24,1340.0
1753531753509,12:09:13.509,AVAX/USDT:USDT,24.22,662.0,24.21,1939.0,24.23,696.0,24.24,1340.0
1753531753537,12:09:13.537,AVAX/USDT:USDT,24.22,662.0,24.21,1939.0,24.23,699.0,24.24,1340.0
1753531753692,12:09:13.692,AVAX/USDT:USDT,24.22,488.0,24.21,1939.0,24.23,702.0,24.24,1340.0
1753531753805,12:09:13.805,AVAX/USDT:USDT,24.22,488.0,24.21,1922.0,24.23,702.0,24.24,1356.0
1753531753857,12:09:13.857,AVAX/USDT:USDT,24.22,488.0,24.21,1922.0,24.23,702.0,24.24,1356.0
1753531754003,12:09:14.003,AVAX/USDT:USDT,24.22,494.0,24.21,1923.0,24.23,696.0,24.24,1355.0
1753531754039,12:09:14.039,AVAX/USDT:USDT,24.22,488.0,24.21,1923.0,24.23,702.0,24.24,1355.0
1753531754297,12:09:14.297,AVAX/USDT:USDT,24.22,558.0,24.21,1923.0,24.23,702.0,24.24,1355.0
1753531754751,12:09:14.751,AVAX/USDT:USDT,24.22,558.0,24.21,1923.0,24.23,702.0,24.24,1355.0
1753531754881,12:09:14.881,AVAX/USDT:USDT,24.22,558.0,24.21,1923.0,24.23,702.0,24.24,1356.0
1753531755097,12:09:15.097,AVAX/USDT:USDT,24.22,558.0,24.21,1923.0,24.23,702.0,24.24,1356.0
1753531755368,12:09:15.368,AVAX/USDT:USDT,24.22,558.0,24.21,1923.0,24.23,702.0,24.24,1356.0
1753531755616,12:09:15.616,AVAX/USDT:USDT,24.22,538.0,24.21,1922.0,24.23,702.0,24.24,1356.0
1753531755633,12:09:15.633,AVAX/USDT:USDT,24.22,538.0,24.21,1942.0,24.23,702.0,24.24,1356.0
1753531755901,12:09:15.901,AVAX/USDT:USDT,24.22,538.0,24.21,1942.0,24.23,702.0,24.24,1356.0
1753531756408,12:09:16.408,AVAX/USDT:USDT,24.22,498.0,24.21,1886.0,24.23,764.0,24.24,1336.0
1753531756514,12:09:16.514,AVAX/USDT:USDT,24.22,498.0,24.21,1865.0,24.23,774.0,24.24,1346.0
1753531756535,12:09:16.535,AVAX/USDT:USDT,24.22,498.0,24.21,1865.0,24.23,774.0,24.24,1346.0
1753531756669,12:09:16.669,AVAX/USDT:USDT,24.22,498.0,24.21,1865.0,24.23,806.0,24.24,1346.0
1753531756877,12:09:16.877,AVAX/USDT:USDT,24.22,498.0,24.21,1866.0,24.23,806.0,24.24,1326.0
1753531757313,12:09:17.313,AVAX/USDT:USDT,24.21,1819.0,24.2,5510.0,24.23,1205.0,24.24,1330.0
1753531757339,12:09:17.339,AVAX/USDT:USDT,24.21,1236.0,24.2,3110.0,24.23,1205.0,24.24,1342.0
1753531757474,12:09:17.474,AVAX/USDT:USDT,24.21,1228.0,24.2,3110.0,24.23,1173.0,24.24,1322.0
1753531757809,12:09:17.809,AVAX/USDT:USDT,24.21,1228.0,24.2,3110.0,24.23,1131.0,24.24,1322.0
1753531757852,12:09:17.852,AVAX/USDT:USDT,24.21,1278.0,24.2,3110.0,24.23,1131.0,24.24,1322.0
1753531758286,12:09:18.286,AVAX/USDT:USDT,24.22,490.0,24.21,1718.0,24.23,774.0,24.24,1322.0
1753531758379,12:09:18.379,AVAX/USDT:USDT,24.22,490.0,24.21,1718.0,24.23,774.0,24.24,1322.0
1753531758422,12:09:18.422,AVAX/USDT:USDT,24.22,490.0,24.21,1726.0,24.23,774.0,24.24,1322.0
1753531759093,12:09:19.093,AVAX/USDT:USDT,24.22,490.0,24.21,1726.0,24.23,774.0,24.24,1322.0
1753531759378,12:09:19.378,AVAX/USDT:USDT,24.22,490.0,24.21,1726.0,24.23,777.0,24.24,1322.0
1753531759509,12:09:19.509,AVAX/USDT:USDT,24.22,490.0,24.21,1726.0,24.23,774.0,24.24,1322.0
1753531759597,12:09:19.597,AVAX/USDT:USDT,24.22,490.0,24.21,1726.0,24.23,774.0,24.24,1322.0
1753531759801,12:09:19.801,AVAX/USDT:USDT,24.22,490.0,24.21,1726.0,24.23,777.0,24.24,1322.0
1753531759886,12:09:19.886,AVAX/USDT:USDT,24.21,1726.0,24.2,3110.0,24.23,1123.0,24.24,1322.0
1753531759922,12:09:19.922,AVAX/USDT:USDT,24.21,1726.0,24.2,3110.0,24.23,1123.0,24.24,1322.0
1753531760292,12:09:20.292,AVAX/USDT:USDT,24.21,1718.0,24.2,3110.0,24.23,1123.0,24.24,1322.0
1753531760504,12:09:20.504,AVAX/USDT:USDT,24.21,1768.0,24.2,3110.0,24.23,1123.0,24.24,1322.0
1753531760684,12:09:20.684,AVAX/USDT:USDT,24.21,1768.0,24.2,3110.0,24.23,1123.0,24.24,1322.0
1753531760761,12:09:20.761,AVAX/USDT:USDT,24.21,1768.0,24.2,3110.0,24.23,1120.0,24.24,1322.0
1753531760890,12:09:20.890,AVAX/USDT:USDT,24.21,1817.0,24.2,3110.0,24.23,1120.0,24.24,1322.0
1753531761004,12:09:21.004,AVAX/USDT:USDT,24.21,1817.0,24.2,3110.0,24.23,1120.0,24.24,1342.0
1753531761408,12:09:21.408,AVAX/USDT:USDT,24.21,1809.0,24.2,3019.0,24.23,1120.0,24.24,1342.0
1753531761600,12:09:21.600,AVAX/USDT:USDT,24.21,849.0,24.2,2974.0,24.22,575.0,24.23,1210.0
1753531761715,12:09:21.715,AVAX/USDT:USDT,24.21,1136.0,24.2,2982.0,24.22,575.0,24.23,1210.0
1753531761803,12:09:21.803,AVAX/USDT:USDT,24.21,1796.0,24.2,2983.0,24.23,1210.0,24.24,1342.0
1753531761850,12:09:21.850,AVAX/USDT:USDT,24.21,1798.0,24.2,3026.0,24.23,1210.0,24.24,1330.0
1753531762036,12:09:22.036,AVAX/USDT:USDT,24.21,1798.0,24.2,3026.0,24.23,1210.0,24.24,1330.0
1753531762200,12:09:22.200,AVAX/USDT:USDT,24.21,1783.0,24.2,3025.0,24.23,1210.0,24.24,1330.0
1753531762299,12:09:22.299,AVAX/USDT:USDT,24.21,1221.0,24.2,3025.0,24.22,490.0,24.23,1210.0
1753531762359,12:09:22.359,AVAX/USDT:USDT,24.21,1221.0,24.2,3040.0,24.22,490.0,24.23,1210.0
1753531762503,12:09:22.503,AVAX/USDT:USDT,24.21,1221.0,24.2,3040.0,24.22,490.0,24.23,1210.0
1753531762878,12:09:22.878,AVAX/USDT:USDT,24.21,1221.0,24.2,3040.0,24.22,490.0,24.23,1210.0
1753531763079,12:09:23.079,AVAX/USDT:USDT,24.21,1850.0,24.2,3032.0,24.23,1210.0,24.24,1341.0
1753531763341,12:09:23.341,AVAX/USDT:USDT,24.21,1850.0,24.2,3032.0,24.23,1210.0,24.24,1341.0
1753531763526,12:09:23.526,AVAX/USDT:USDT,24.21,1850.0,24.2,3032.0,24.23,1210.0,24.24,1341.0
1753531763997,12:09:23.997,AVAX/USDT:USDT,24.21,1305.0,24.2,3032.0,24.22,599.0,24.23,1210.0
1753531764023,12:09:24.023,AVAX/USDT:USDT,24.21,1300.0,24.2,3032.0,24.22,599.0,24.23,1222.0
1753531764271,12:09:24.271,AVAX/USDT:USDT,24.21,1837.0,24.2,3032.0,24.23,1222.0,24.24,1329.0
1753531764413,12:09:24.413,AVAX/USDT:USDT,24.21,1842.0,24.2,3040.0,24.23,1222.0,24.24,1329.0
1753531764713,12:09:24.713,AVAX/USDT:USDT,24.21,1082.0,24.2,2188.0,24.22,490.0,24.23,1239.0
1753531764798,12:09:24.798,AVAX/USDT:USDT,24.21,1082.0,24.2,2835.0,24.22,493.0,24.23,1219.0
1753531764915,12:09:24.915,AVAX/USDT:USDT,24.21,1082.0,24.2,2835.0,24.22,490.0,24.23,1219.0
1753531764951,12:09:24.951,AVAX/USDT:USDT,24.21,1082.0,24.2,2836.0,24.22,490.0,24.23,1218.0
1753531765020,12:09:25.020,AVAX/USDT:USDT,24.21,1082.0,24.2,2836.0,24.22,490.0,24.23,1218.0
1753531765316,12:09:25.316,AVAX/USDT:USDT,24.21,987.0,24.2,2820.0,24.22,490.0,24.23,1218.0
1753531765405,12:09:25.405,AVAX/USDT:USDT,24.21,987.0,24.2,2836.0,24.22,490.0,24.23,1219.0
1753531765481,12:09:25.481,AVAX/USDT:USDT,24.21,987.0,24.2,2820.0,24.22,490.0,24.23,1219.0
1753531765598,12:09:25.598,AVAX/USDT:USDT,24.21,1082.0,24.2,2844.0,24.22,506.0,24.23,1219.0
1753531765671,12:09:25.671,AVAX/USDT:USDT,24.21,1082.0,24.2,2844.0,24.22,506.0,24.23,1218.0
1753531765720,12:09:25.720,AVAX/USDT:USDT,24.21,1085.0,24.2,2844.0,24.22,506.0,24.23,1218.0
1753531765898,12:09:25.898,AVAX/USDT:USDT,24.21,1082.0,24.2,2844.0,24.22,509.0,24.23,1218.0
1753531765952,12:09:25.952,AVAX/USDT:USDT,24.21,1082.0,24.2,2844.0,24.22,506.0,24.23,1218.0
1753531766069,12:09:26.069,AVAX/USDT:USDT,24.21,987.0,24.2,2844.0,24.22,509.0,24.23,1259.0
1753531766174,12:09:26.174,AVAX/USDT:USDT,24.21,987.0,24.2,2844.0,24.22,506.0,24.23,1259.0
1753531766285,12:09:26.285,AVAX/USDT:USDT,24.21,987.0,24.2,2844.0,24.22,506.0,24.23,1259.0
1753531766712,12:09:26.712,AVAX/USDT:USDT,24.21,987.0,24.2,2939.0,24.22,601.0,24.23,1259.0
1753531766912,12:09:26.912,AVAX/USDT:USDT,24.21,987.0,24.2,2922.0,24.22,607.0,24.23,1762.0
1753531766942,12:09:26.942,AVAX/USDT:USDT,24.21,987.0,24.2,2922.0,24.22,607.0,24.23,2302.0
1753531767180,12:09:27.180,AVAX/USDT:USDT,24.21,695.0,24.2,1435.0,24.22,900.0,24.23,2302.0
1753531767407,12:09:27.407,AVAX/USDT:USDT,24.21,695.0,24.2,1435.0,24.22,900.0,24.23,2302.0
1753531767673,12:09:27.673,AVAX/USDT:USDT,24.21,695.0,24.2,1435.0,24.22,900.0,24.23,2302.0
1753531767912,12:09:27.912,AVAX/USDT:USDT,24.21,97.0,24.2,1142.0,24.22,942.0,24.23,2302.0
1753531768014,12:09:28.014,AVAX/USDT:USDT,24.21,6.0,24.2,514.0,24.22,1035.0,24.23,2332.0
1753531768112,12:09:28.112,AVAX/USDT:USDT,24.2,391.0,24.19,2340.0,24.21,599.0,24.22,1333.0
1753531768215,12:09:28.215,AVAX/USDT:USDT,24.2,826.0,24.19,2340.0,24.22,1345.0,24.23,2288.0
1753531768313,12:09:28.313,AVAX/USDT:USDT,24.2,1104.0,24.19,2649.0,24.22,1329.0,24.23,2319.0
1753531768412,12:09:28.412,AVAX/USDT:USDT,24.2,1104.0,24.19,2649.0,24.22,1329.0,24.23,2388.0
1753531768490,12:09:28.490,AVAX/USDT:USDT,24.2,1104.0,24.19,2649.0,24.22,1329.0,24.23,2388.0
1753531768642,12:09:28.642,AVAX/USDT:USDT,24.2,1104.0,24.19,2649.0,24.22,1329.0,24.23,2388.0
1753531768798,12:09:28.798,AVAX/USDT:USDT,24.2,1104.0,24.19,2692.0,24.22,1329.0,24.23,2388.0
1753531768899,12:09:28.899,AVAX/USDT:USDT,24.2,1104.0,24.19,2692.0,24.22,1329.0,24.23,2388.0
1753531769273,12:09:29.273,AVAX/USDT:USDT,24.2,1238.0,24.19,2700.0,24.22,1326.0,24.23,2387.0
1753531769408,12:09:29.408,AVAX/USDT:USDT,24.2,1238.0,24.19,2700.0,24.22,1326.0,24.23,2387.0
1753531769432,12:09:29.432,AVAX/USDT:USDT,24.2,1238.0,24.19,2700.0,24.22,1284.0,24.23,2387.0
1753531769684,12:09:29.684,AVAX/USDT:USDT,24.2,1238.0,24.19,2700.0,24.22,991.0,24.23,2387.0
1753531769790,12:09:29.790,AVAX/USDT:USDT,24.2,1246.0,24.19,2692.0,24.22,1284.0,24.23,2367.0
1753531769839,12:09:29.839,AVAX/USDT:USDT,24.2,1246.0,24.19,2692.0,24.22,991.0,24.23,2367.0
1753531769932,12:09:29.932,AVAX/USDT:USDT,24.2,1246.0,24.19,2692.0,24.22,1284.0,24.23,2367.0
1753531770023,12:09:30.023,AVAX/USDT:USDT,24.2,1261.0,24.19,2692.0,24.22,1284.0,24.23,2367.0
1753531770198,12:09:30.198,AVAX/USDT:USDT,24.2,1261.0,24.19,2692.0,24.22,1326.0,24.23,2387.0
1753531770270,12:09:30.270,AVAX/USDT:USDT,24.2,1261.0,24.19,2692.0,24.22,1326.0,24.23,2387.0
1753531770408,12:09:30.408,AVAX/USDT:USDT,24.2,1261.0,24.19,2692.0,24.22,1336.0,24.23,2387.0
1753531770471,12:09:30.471,AVAX/USDT:USDT,24.2,1261.0,24.19,2700.0,24.22,1284.0,24.23,2387.0
1753531770528,12:09:30.528,AVAX/USDT:USDT,24.2,1261.0,24.19,2692.0,24.22,1284.0,24.23,2387.0
1753531770704,12:09:30.704,AVAX/USDT:USDT,24.2,1261.0,24.19,2692.0,24.22,1326.0,24.23,2387.0
1753531770901,12:09:30.901,AVAX/USDT:USDT,24.2,1310.0,24.19,2692.0,24.22,1326.0,24.23,2387.0
1753531771354,12:09:31.354,AVAX/USDT:USDT,24.2,1310.0,24.19,2692.0,24.22,1284.0,24.23,2387.0
1753531771515,12:09:31.515,AVAX/USDT:USDT,24.2,1310.0,24.19,2692.0,24.22,1284.0,24.23,2367.0
1753531771539,12:09:31.539,AVAX/USDT:USDT,24.2,1310.0,24.19,2692.0,24.22,1284.0,24.23,2387.0
1753531771704,12:09:31.704,AVAX/USDT:USDT,24.2,1310.0,24.19,2692.0,24.22,1284.0,24.23,2367.0
1753531771807,12:09:31.807,AVAX/USDT:USDT,24.2,1310.0,24.19,2692.0,24.22,1284.0,24.23,2367.0
1753531771916,12:09:31.916,AVAX/USDT:USDT,24.2,1310.0,24.19,2692.0,24.22,1287.0,24.23,2367.0
1753531772006,12:09:32.006,AVAX/USDT:USDT,24.2,1310.0,24.19,2692.0,24.22,1284.0,24.23,2387.0
1753531772214,12:09:32.214,AVAX/USDT:USDT,24.2,1310.0,24.19,2692.0,24.22,1284.0,24.23,2367.0
1753531772300,12:09:32.300,AVAX/USDT:USDT,24.2,1310.0,24.19,2728.0,24.22,1276.0,24.23,2367.0
1753531772493,12:09:32.493,AVAX/USDT:USDT,24.2,1310.0,24.19,2712.0,24.22,1276.0,24.23,2367.0
1753531772616,12:09:32.616,AVAX/USDT:USDT,24.2,1310.0,24.19,2712.0,24.22,1286.0,24.23,2367.0
1753531772699,12:09:32.699,AVAX/USDT:USDT,24.2,1310.0,24.19,2728.0,24.22,1276.0,24.23,2367.0
1753531772749,12:09:32.749,AVAX/USDT:USDT,24.2,1352.0,24.19,2728.0,24.22,1276.0,24.23,2367.0
1753531772876,12:09:32.876,AVAX/USDT:USDT,24.2,1032.0,24.19,2696.0,24.22,1276.0,24.23,2367.0
1753531773015,12:09:33.015,AVAX/USDT:USDT,24.2,1024.0,24.19,2676.0,24.21,490.0,24.22,1327.0
1753531773099,12:09:33.099,AVAX/USDT:USDT,24.2,1016.0,24.19,2700.0,24.21,490.0,24.22,1343.0
1753531773214,12:09:33.214,AVAX/USDT:USDT,24.2,837.0,24.19,684.0,24.21,588.0,24.22,1340.0
1753531773300,12:09:33.300,AVAX/USDT:USDT,24.2,442.0,24.19,1613.0,24.21,493.0,24.22,1340.0
1753531773376,12:09:33.376,AVAX/USDT:USDT,24.2,442.0,24.19,1613.0,24.21,496.0,24.22,1340.0
1753531773516,12:09:33.516,AVAX/USDT:USDT,24.2,442.0,24.19,2690.0,24.21,496.0,24.22,1340.0
1753531773608,12:09:33.608,AVAX/USDT:USDT,24.2,347.0,24.19,2690.0,24.21,591.0,24.22,1340.0
1753531773707,12:09:33.707,AVAX/USDT:USDT,24.2,427.0,24.19,2705.0,24.21,493.0,24.22,1350.0
1753531773724,12:09:33.724,AVAX/USDT:USDT,24.2,427.0,24.19,2705.0,24.21,490.0,24.22,1350.0
1753531773976,12:09:33.976,AVAX/USDT:USDT,24.2,430.0,24.19,2705.0,24.21,490.0,24.22,1350.0
1753531774110,12:09:34.110,AVAX/USDT:USDT,24.2,917.0,24.19,2705.0,24.21,585.0,24.22,1350.0
1753531774178,12:09:34.178,AVAX/USDT:USDT,24.2,917.0,24.19,2705.0,24.21,591.0,24.22,1350.0
1753531774494,12:09:34.494,AVAX/USDT:USDT,24.2,917.0,24.19,2705.0,24.21,493.0,24.22,1350.0
1753531774615,12:09:34.615,AVAX/USDT:USDT,24.2,920.0,24.19,2722.0,24.21,490.0,24.22,1349.0
1753531774715,12:09:34.715,AVAX/USDT:USDT,24.2,1131.0,24.19,2722.0,24.22,1349.0,24.23,2322.0
1753531774808,12:09:34.808,AVAX/USDT:USDT,24.2,1210.0,24.19,2765.0,24.22,1323.0,24.23,2387.0
1753531774856,12:09:34.856,AVAX/USDT:USDT,24.2,1210.0,24.19,2765.0,24.22,1323.0,24.23,2387.0
1753531775010,12:09:35.010,AVAX/USDT:USDT,24.2,1210.0,24.19,2765.0,24.22,1323.0,24.23,2387.0
1753531775100,12:09:35.100,AVAX/USDT:USDT,24.2,1210.0,24.19,2765.0,24.22,1323.0,24.23,2347.0
1753531775600,12:09:35.600,AVAX/USDT:USDT,24.2,1210.0,24.19,2765.0,24.22,1362.0,24.23,2347.0
1753531775797,12:09:35.797,AVAX/USDT:USDT,24.2,1210.0,24.19,2765.0,24.22,1362.0,24.23,2347.0
1753531775893,12:09:35.893,AVAX/USDT:USDT,24.2,1210.0,24.19,2765.0,24.22,1330.0,24.23,2347.0
1753531776004,12:09:36.004,AVAX/USDT:USDT,24.2,1210.0,24.19,2765.0,24.22,988.0,24.23,2347.0
1753531776086,12:09:36.086,AVAX/USDT:USDT,24.2,1241.0,24.19,2854.0,24.22,988.0,24.23,2327.0
1753531776183,12:09:36.183,AVAX/USDT:USDT,24.2,1241.0,24.19,2854.0,24.22,1286.0,24.23,2327.0
1753531776294,12:09:36.294,AVAX/USDT:USDT,24.2,1241.0,24.19,2854.0,24.22,1286.0,24.23,2327.0
1753531776413,12:09:36.413,AVAX/USDT:USDT,24.2,1241.0,24.19,2854.0,24.22,1278.0,24.23,2327.0
1753531776513,12:09:36.513,AVAX/USDT:USDT,24.2,1283.0,24.19,2874.0,24.22,938.0,24.23,2317.0
1753531776615,12:09:36.615,AVAX/USDT:USDT,24.21,742.0,24.2,1292.0,24.22,28.0,24.23,2206.0
1753531776713,12:09:36.713,AVAX/USDT:USDT,24.21,792.0,24.2,1895.0,24.22,16.0,24.23,1677.0
1753531776800,12:09:36.800,AVAX/USDT:USDT,24.21,1082.0,24.2,1624.0,24.22,16.0,24.23,1677.0
1753531776909,12:09:36.909,AVAX/USDT:USDT,24.21,1082.0,24.2,1624.0,24.22,16.0,24.23,1975.0
1753531776920,12:09:36.920,AVAX/USDT:USDT,24.21,1079.0,24.2,1624.0,24.22,16.0,24.23,1975.0
1753531777104,12:09:37.104,AVAX/USDT:USDT,24.21,1082.0,24.2,1624.0,24.22,16.0,24.23,1933.0
1753531777376,12:09:37.376,AVAX/USDT:USDT,24.21,1082.0,24.2,1624.0,24.22,16.0,24.23,1933.0
1753531777510,12:09:37.510,AVAX/USDT:USDT,24.21,1372.0,24.2,1660.0,24.23,1933.0,24.24,3097.0
1753531777576,12:09:37.576,AVAX/USDT:USDT,24.21,1372.0,24.2,1665.0,24.23,1937.0,24.24,3097.0
1753531777639,12:09:37.639,AVAX/USDT:USDT,24.21,1372.0,24.2,1665.0,24.23,1937.0,24.24,3097.0
1753531777756,12:09:37.756,AVAX/USDT:USDT,24.21,1377.0,24.2,1665.0,24.23,1937.0,24.24,3097.0
1753531777841,12:09:37.841,AVAX/USDT:USDT,24.21,1369.0,24.2,1649.0,24.23,1937.0,24.24,3097.0
1753531777923,12:09:37.923,AVAX/USDT:USDT,24.21,1369.0,24.2,1649.0,24.23,1937.0,24.24,3097.0
1753531778030,12:09:38.030,AVAX/USDT:USDT,24.21,1369.0,24.2,1649.0,24.23,1937.0,24.24,3077.0
1753531778412,12:09:38.412,AVAX/USDT:USDT,24.21,1377.0,24.2,1649.0,24.23,1927.0,24.24,3086.0
1753531778517,12:09:38.517,AVAX/USDT:USDT,24.21,1392.0,24.2,1634.0,24.23,1629.0,24.24,3086.0
1753531778582,12:09:38.582,AVAX/USDT:USDT,24.21,2086.0,24.2,3215.0,24.23,1544.0,24.24,3066.0
1753531778685,12:09:38.685,AVAX/USDT:USDT,24.21,2145.0,24.2,3173.0,24.23,1544.0,24.24,3066.0
1753531778818,12:09:38.818,AVAX/USDT:USDT,24.21,2145.0,24.2,3173.0,24.23,1842.0,24.24,3066.0
1753531778889,12:09:38.889,AVAX/USDT:USDT,24.21,2145.0,24.2,3173.0,24.23,1842.0,24.24,3066.0
1753531779016,12:09:39.016,AVAX/USDT:USDT,24.22,490.0,24.21,2145.0,24.23,1842.0,24.24,3066.0
1753531779110,12:09:39.110,AVAX/USDT:USDT,24.22,490.0,24.21,2466.0,24.23,1006.0,24.24,2997.0
1753531779151,12:09:39.151,AVAX/USDT:USDT,24.22,585.0,24.21,2466.0,24.23,1006.0,24.24,2997.0
1753531779300,12:09:39.300,AVAX/USDT:USDT,24.22,585.0,24.21,2467.0,24.23,708.0,24.24,3295.0
1753531779403,12:09:39.403,AVAX/USDT:USDT,24.22,742.0,24.21,1813.0,24.23,12.0,24.24,2588.0
1753531779498,12:09:39.498,AVAX/USDT:USDT,24.22,747.0,24.21,1829.0,24.23,12.0,24.24,2588.0
1753531779604,12:09:39.604,AVAX/USDT:USDT,24.22,747.0,24.21,1829.0,24.23,121.0,24.24,2588.0
1753531779655,12:09:39.655,AVAX/USDT:USDT,24.22,747.0,24.21,1829.0,24.23,12.0,24.24,2588.0
1753531779761,12:09:39.761,AVAX/USDT:USDT,24.22,747.0,24.21,1829.0,24.23,12.0,24.24,806.0
1753531779899,12:09:39.899,AVAX/USDT:USDT,24.22,744.0,24.21,1829.0,24.23,12.0,24.24,806.0
1753531780005,12:09:40.005,AVAX/USDT:USDT,24.22,739.0,24.21,1829.0,24.23,12.0,24.24,1296.0
1753531780022,12:09:40.022,AVAX/USDT:USDT,24.22,739.0,24.21,1829.0,24.23,12.0,24.24,1335.0
1753531780273,12:09:40.273,AVAX/USDT:USDT,24.22,736.0,24.21,1829.0,24.23,12.0,24.24,1335.0
1753531780392,12:09:40.392,AVAX/USDT:USDT,24.22,784.0,24.21,1829.0,24.23,12.0,24.24,1335.0
1753531780503,12:09:40.503,AVAX/USDT:USDT,24.22,784.0,24.21,1829.0,24.23,12.0,24.24,1021.0
1753531780568,12:09:40.568,AVAX/USDT:USDT,24.22,831.0,24.21,1829.0,24.23,12.0,24.24,1319.0
1753531780707,12:09:40.707,AVAX/USDT:USDT,24.22,828.0,24.21,1829.0,24.23,12.0,24.24,1319.0
1753531780812,12:09:40.812,AVAX/USDT:USDT,24.22,828.0,24.21,1829.0,24.23,12.0,24.24,1319.0
1753531780999,12:09:40.999,AVAX/USDT:USDT,24.22,831.0,24.21,1829.0,24.23,12.0,24.24,1238.0
1753531781085,12:09:41.085,AVAX/USDT:USDT,24.22,881.0,24.21,2422.0,24.23,12.0,24.24,1238.0
1753531781191,12:09:41.191,AVAX/USDT:USDT,24.22,881.0,24.21,2422.0,24.23,12.0,24.24,1238.0
1753531781475,12:09:41.475,AVAX/USDT:USDT,24.22,881.0,24.21,2422.0,24.23,12.0,24.24,1238.0
1753531781610,12:09:41.610,AVAX/USDT:USDT,24.22,1241.0,24.21,2422.0,24.24,1237.0,24.25,1715.0
1753531781704,12:09:41.704,AVAX/USDT:USDT,24.22,1241.0,24.21,2422.0,24.24,1249.0,24.25,1695.0
1753531781814,12:09:41.814,AVAX/USDT:USDT,24.22,1241.0,24.21,2422.0,24.24,1249.0,24.25,1695.0
1753531781913,12:09:41.913,AVAX/USDT:USDT,24.22,1241.0,24.21,2442.0,24.24,1249.0,24.25,1675.0
1753531782008,12:09:42.008,AVAX/USDT:USDT,24.22,1241.0,24.21,2458.0,24.24,1241.0,24.25,1675.0
1753531782274,12:09:42.274,AVAX/USDT:USDT,24.22,1241.0,24.21,2442.0,24.24,1241.0,24.25,1675.0
1753531782494,12:09:42.494,AVAX/USDT:USDT,24.22,1241.0,24.21,2442.0,24.24,1241.0,24.25,1675.0
1753531782772,12:09:42.772,AVAX/USDT:USDT,24.22,1241.0,24.21,2442.0,24.24,1249.0,24.25,1675.0
1753531782872,12:09:42.872,AVAX/USDT:USDT,24.22,1249.0,24.21,2442.0,24.24,1241.0,24.25,1683.0
1753531783213,12:09:43.213,AVAX/USDT:USDT,24.22,1249.0,24.21,2442.0,24.24,1241.0,24.25,1683.0
1753531783296,12:09:43.296,AVAX/USDT:USDT,24.22,1235.0,24.21,2441.0,24.24,1283.0,24.25,1695.0
1753531783327,12:09:43.327,AVAX/USDT:USDT,24.22,875.0,24.21,2441.0,24.23,490.0,24.24,1283.0
1753531783496,12:09:43.496,AVAX/USDT:USDT,24.22,833.0,24.21,2441.0,24.23,490.0,24.24,1283.0
1753531783600,12:09:43.600,AVAX/USDT:USDT,24.22,833.0,24.21,1848.0,24.23,493.0,24.24,1283.0
1753531783688,12:09:43.688,AVAX/USDT:USDT,24.22,833.0,24.21,1848.0,24.23,490.0,24.24,1283.0
1753531783810,12:09:43.810,AVAX/USDT:USDT,24.22,833.0,24.21,1849.0,24.23,490.0,24.24,1283.0
1753531784004,12:09:44.004,AVAX/USDT:USDT,24.22,833.0,24.21,1849.0,24.23,490.0,24.24,1283.0
1753531784244,12:09:44.244,AVAX/USDT:USDT,24.22,833.0,24.21,1849.0,24.23,490.0,24.24,1283.0
1753531784517,12:09:44.517,AVAX/USDT:USDT,24.22,833.0,24.21,1785.0,24.23,493.0,24.24,1291.0
1753531784594,12:09:44.594,AVAX/USDT:USDT,24.22,833.0,24.21,1785.0,24.23,493.0,24.24,1291.0
1753531784715,12:09:44.715,AVAX/USDT:USDT,24.22,794.0,24.21,1785.0,24.23,493.0,24.24,1345.0
1753531784804,12:09:44.804,AVAX/USDT:USDT,24.22,599.0,24.21,1777.0,24.23,591.0,24.24,1345.0
1753531784860,12:09:44.860,AVAX/USDT:USDT,24.22,599.0,24.21,1777.0,24.23,591.0,24.24,1346.0
1753531785013,12:09:45.013,AVAX/USDT:USDT,24.22,607.0,24.21,1769.0,24.23,493.0,24.24,1346.0
1753531785112,12:09:45.112,AVAX/USDT:USDT,24.22,607.0,24.21,1769.0,24.23,493.0,24.24,1346.0
1753531785214,12:09:45.214,AVAX/USDT:USDT,24.22,607.0,24.21,1769.0,24.23,588.0,24.24,1346.0
1753531785414,12:09:45.414,AVAX/USDT:USDT,24.22,607.0,24.21,1769.0,24.23,493.0,24.24,1346.0
1753531785512,12:09:45.512,AVAX/USDT:USDT,24.22,702.0,24.21,1786.0,24.23,490.0,24.24,1346.0
1753531785537,12:09:45.537,AVAX/USDT:USDT,24.22,708.0,24.21,1829.0,24.23,490.0,24.24,1345.0
1753531785620,12:09:45.620,AVAX/USDT:USDT,24.22,750.0,24.21,1829.0,24.23,490.0,24.24,1345.0
1753531785725,12:09:45.725,AVAX/USDT:USDT,24.22,750.0,24.21,1829.0,24.23,490.0,24.24,1345.0
1753531786100,12:09:46.100,AVAX/USDT:USDT,24.22,750.0,24.21,1829.0,24.23,490.0,24.24,1345.0
1753531786212,12:09:46.212,AVAX/USDT:USDT,24.22,1149.0,24.21,1829.0,24.24,1329.0,24.25,1148.0
1753531786310,12:09:46.310,AVAX/USDT:USDT,24.22,1149.0,24.21,1829.0,24.24,1283.0,24.25,1148.0
1753531786397,12:09:46.397,AVAX/USDT:USDT,24.22,1199.0,24.21,1829.0,24.24,1283.0,24.25,1147.0
1753531786446,12:09:46.446,AVAX/USDT:USDT,24.22,1199.0,24.21,1829.0,24.24,1283.0,24.25,1147.0
1753531786603,12:09:46.603,AVAX/USDT:USDT,24.22,1199.0,24.21,1829.0,24.24,1283.0,24.25,1216.0
1753531786942,12:09:46.942,AVAX/USDT:USDT,24.22,1199.0,24.21,1829.0,24.24,1283.0,24.25,1216.0
1753531787209,12:09:47.209,AVAX/USDT:USDT,24.22,1196.0,24.21,1829.0,24.24,1291.0,24.25,1216.0
1753531787268,12:09:47.268,AVAX/USDT:USDT,24.22,1196.0,24.21,1829.0,24.24,1283.0,24.25,1216.0
1753531787597,12:09:47.597,AVAX/USDT:USDT,24.22,1196.0,24.21,1829.0,24.24,1283.0,24.25,1216.0
1753531787653,12:09:47.653,AVAX/USDT:USDT,24.22,1196.0,24.21,1829.0,24.24,1283.0,24.25,1216.0
1753531788098,12:09:48.098,AVAX/USDT:USDT,24.22,1196.0,24.21,1829.0,24.24,1283.0,24.25,1216.0
1753531788282,12:09:48.282,AVAX/USDT:USDT,24.22,1196.0,24.21,1829.0,24.24,1291.0,24.25,1196.0
1753531788367,12:09:48.367,AVAX/USDT:USDT,24.22,1196.0,24.21,1829.0,24.24,1283.0,24.25,1216.0
1753531788449,12:09:48.449,AVAX/USDT:USDT,24.22,1196.0,24.21,1829.0,24.24,1283.0,24.25,1216.0
1753531788816,12:09:48.816,AVAX/USDT:USDT,24.22,1204.0,24.21,1829.0,24.24,1241.0,24.25,1196.0
1753531788856,12:09:48.856,AVAX/USDT:USDT,24.22,1204.0,24.21,1845.0,24.24,1241.0,24.25,1196.0
1753531789016,12:09:49.016,AVAX/USDT:USDT,24.22,1204.0,24.21,1828.0,24.24,1241.0,24.25,1196.0
1753531789078,12:09:49.078,AVAX/USDT:USDT,24.22,1204.0,24.21,1828.0,24.24,1241.0,24.25,1216.0
1753531789156,12:09:49.156,AVAX/USDT:USDT,24.22,1204.0,24.21,1828.0,24.24,1241.0,24.25,1216.0
1753531789313,12:09:49.313,AVAX/USDT:USDT,24.22,1204.0,24.21,1828.0,24.24,1241.0,24.25,1216.0
1753531789339,12:09:49.339,AVAX/USDT:USDT,24.22,1204.0,24.21,2570.0,24.24,1241.0,24.25,1216.0
1753531789536,12:09:49.536,AVAX/USDT:USDT,24.22,1243.0,24.21,2570.0,24.24,1249.0,24.25,1254.0
1753531789894,12:09:49.894,AVAX/USDT:USDT,24.22,1243.0,24.21,2570.0,24.24,1241.0,24.25,1234.0
1753531789950,12:09:49.950,AVAX/USDT:USDT,24.22,1243.0,24.21,2570.0,24.24,1241.0,24.25,1234.0
1753531790378,12:09:50.378,AVAX/USDT:USDT,24.22,1235.0,24.21,2570.0,24.24,1241.0,24.25,1254.0
1753531790508,12:09:50.508,AVAX/USDT:USDT,24.22,1235.0,24.21,2570.0,24.24,1241.0,24.25,1254.0
1753531790648,12:09:50.648,AVAX/USDT:USDT,24.22,1235.0,24.21,2570.0,24.24,1241.0,24.25,1254.0
1753531790773,12:09:50.773,AVAX/USDT:USDT,24.22,1235.0,24.21,2570.0,24.24,1291.0,24.25,1254.0
1753531790889,12:09:50.889,AVAX/USDT:USDT,24.22,1235.0,24.21,2570.0,24.24,1283.0,24.25,1254.0
1753531790999,12:09:50.999,AVAX/USDT:USDT,24.22,836.0,24.21,2570.0,24.23,490.0,24.24,1283.0
1753531791039,12:09:51.039,AVAX/USDT:USDT,24.22,841.0,24.21,2570.0,24.23,490.0,24.24,1271.0
1753531791202,12:09:51.202,AVAX/USDT:USDT,24.22,1240.0,24.21,2570.0,24.24,1271.0,24.25,1688.0
