timestamp,time,symbol,bid1_price,bid1_volume,bid2_price,bid2_volume,ask1_price,ask1_volume,ask2_price,ask2_volume
1753531567000,12:06:07.000,APE/USDT:USDT,0.6384,12.0,0.6383,390.0,0.6386,32.0,0.6387,732.0
1753531569420,12:06:09.420,APE/USDT:USDT,0.6384,12.0,0.6383,390.0,0.6386,16.0,0.6387,732.0
1753531569472,12:06:09.472,APE/USDT:USDT,0.6384,12.0,0.6383,390.0,0.6386,32.0,0.6387,732.0
1753531569592,12:06:09.592,APE/USDT:USDT,0.6384,12.0,0.6383,390.0,0.6387,732.0,0.6388,1755.0
1753531569642,12:06:09.642,APE/USDT:USDT,0.6384,12.0,0.6383,390.0,0.6386,2.0,0.6387,764.0
1753531569736,12:06:09.736,APE/USDT:USDT,0.6384,12.0,0.6383,390.0,0.6386,18.0,0.6387,748.0
1753531570036,12:06:10.036,APE/USDT:USDT,0.6384,12.0,0.6383,390.0,0.6387,748.0,0.6388,1755.0
1753531570164,12:06:10.164,APE/USDT:USDT,0.6384,12.0,0.6383,390.0,0.6386,2.0,0.6387,764.0
1753531570901,12:06:10.901,APE/USDT:USDT,0.6384,387.0,0.6383,422.0,0.6386,2.0,0.6387,347.0
1753531571596,12:06:11.596,APE/USDT:USDT,0.6384,387.0,0.6383,422.0,0.6386,2.0,0.6387,347.0
1753531572575,12:06:12.575,APE/USDT:USDT,0.6384,403.0,0.6383,406.0,0.6386,2.0,0.6387,347.0
1753531573179,12:06:13.179,APE/USDT:USDT,0.6384,387.0,0.6383,406.0,0.6386,2.0,0.6387,347.0
1753531574086,12:06:14.086,APE/USDT:USDT,0.6385,387.0,0.6384,419.0,0.6386,2.0,0.6388,982.0
1753531574178,12:06:14.178,APE/USDT:USDT,0.6385,431.0,0.6384,2967.0,0.6387,2.0,0.6388,385.0
1753531574313,12:06:14.313,APE/USDT:USDT,0.6385,403.0,0.6384,2967.0,0.6387,2.0,0.6388,385.0
1753531575522,12:06:15.522,APE/USDT:USDT,0.6384,2084.0,0.6383,8601.0,0.6387,18.0,0.6388,385.0
1753531575554,12:06:15.554,APE/USDT:USDT,0.6385,12.0,0.6384,2084.0,0.6387,34.0,0.6388,385.0
1753531575640,12:06:15.640,APE/USDT:USDT,0.6385,12.0,0.6384,2084.0,0.6387,32.0,0.6388,385.0
1753531575818,12:06:15.818,APE/USDT:USDT,0.6385,415.0,0.6384,2084.0,0.6388,385.0,0.6389,2084.0
1753531575921,12:06:15.921,APE/USDT:USDT,0.6385,431.0,0.6384,2084.0,0.6387,2.0,0.6388,385.0
1753531576005,12:06:16.005,APE/USDT:USDT,0.6385,419.0,0.6384,2084.0,0.6387,2.0,0.6388,385.0
1753531576115,12:06:16.115,APE/USDT:USDT,0.6385,387.0,0.6384,2100.0,0.6387,2.0,0.6388,385.0
1753531576136,12:06:16.136,APE/USDT:USDT,0.6385,403.0,0.6384,2100.0,0.6387,2.0,0.6388,385.0
1753531577036,12:06:17.036,APE/USDT:USDT,0.6385,403.0,0.6384,2100.0,0.6387,2.0,0.6388,385.0
1753531577221,12:06:17.221,APE/USDT:USDT,0.6385,387.0,0.6384,2100.0,0.6387,2.0,0.6388,385.0
1753531577963,12:06:17.963,APE/USDT:USDT,0.6385,419.0,0.6384,2084.0,0.6387,2.0,0.6388,385.0
1753531578051,12:06:18.051,APE/USDT:USDT,0.6385,403.0,0.6384,2084.0,0.6387,2.0,0.6388,385.0
1753531578178,12:06:18.178,APE/USDT:USDT,0.6385,387.0,0.6384,2084.0,0.6387,2.0,0.6388,385.0
1753531580015,12:06:20.015,APE/USDT:USDT,0.6385,387.0,0.6384,2084.0,0.6387,2.0,0.6388,385.0
1753531580035,12:06:20.035,APE/USDT:USDT,0.6385,387.0,0.6384,2084.0,0.6387,2.0,0.6388,385.0
1753531581179,12:06:21.179,APE/USDT:USDT,0.6385,387.0,0.6384,2084.0,0.6387,2.0,0.6388,385.0
1753531581370,12:06:21.370,APE/USDT:USDT,0.6385,387.0,0.6384,2084.0,0.6387,2.0,0.6388,385.0
1753531581555,12:06:21.555,APE/USDT:USDT,0.6385,387.0,0.6384,2084.0,0.6387,2.0,0.6388,385.0
1753531581817,12:06:21.817,APE/USDT:USDT,0.6384,2100.0,0.6383,8601.0,0.6387,2.0,0.6388,385.0
1753531581912,12:06:21.912,APE/USDT:USDT,0.6385,12.0,0.6384,2084.0,0.6387,18.0,0.6388,385.0
1753531581956,12:06:21.956,APE/USDT:USDT,0.6385,12.0,0.6384,2084.0,0.6388,401.0,0.6389,2084.0
1753531582046,12:06:22.046,APE/USDT:USDT,0.6385,12.0,0.6384,2084.0,0.6387,2.0,0.6388,417.0
1753531582947,12:06:22.947,APE/USDT:USDT,0.6385,12.0,0.6384,2084.0,0.6387,18.0,0.6388,401.0
1753531583080,12:06:23.080,APE/USDT:USDT,0.6385,12.0,0.6384,2084.0,0.6388,417.0,0.6389,2084.0
1753531583140,12:06:23.140,APE/USDT:USDT,0.6385,12.0,0.6384,2084.0,0.6387,2.0,0.6388,417.0
1753531583409,12:06:23.409,APE/USDT:USDT,0.6385,12.0,0.6384,2084.0,0.6387,34.0,0.6388,385.0
1753531583501,12:06:23.501,APE/USDT:USDT,0.6385,12.0,0.6384,2084.0,0.6388,417.0,0.6389,2084.0
1753531583575,12:06:23.575,APE/USDT:USDT,0.6385,12.0,0.6384,2084.0,0.6387,429.0,0.6388,385.0
1753531583639,12:06:23.639,APE/USDT:USDT,0.6385,12.0,0.6384,2084.0,0.6387,427.0,0.6388,385.0
1753531584355,12:06:24.355,APE/USDT:USDT,0.6385,12.0,0.6384,2084.0,0.6388,385.0,0.6389,2084.0
1753531584510,12:06:24.510,APE/USDT:USDT,0.6385,12.0,0.6384,2084.0,0.6387,18.0,0.6388,401.0
1753531584539,12:06:24.539,APE/USDT:USDT,0.6385,12.0,0.6384,2084.0,0.6387,16.0,0.6388,401.0
1753531586025,12:06:26.025,APE/USDT:USDT,0.6385,12.0,0.6384,2084.0,0.6387,16.0,0.6388,401.0
1753531586192,12:06:26.192,APE/USDT:USDT,0.6385,12.0,0.6384,2084.0,0.6388,417.0,0.6389,2084.0
1753531586315,12:06:26.315,APE/USDT:USDT,0.6385,407.0,0.6384,2084.0,0.6387,2.0,0.6388,401.0
1753531586339,12:06:26.339,APE/USDT:USDT,0.6385,395.0,0.6384,2084.0,0.6387,2.0,0.6388,401.0
1753531587243,12:06:27.243,APE/USDT:USDT,0.6385,395.0,0.6384,2084.0,0.6387,18.0,0.6388,385.0
1753531587406,12:06:27.406,APE/USDT:USDT,0.6385,395.0,0.6384,2084.0,0.6388,417.0,0.6389,2084.0
1753531587527,12:06:27.527,APE/USDT:USDT,0.6386,12.0,0.6385,395.0,0.6387,18.0,0.6388,401.0
1753531587552,12:06:27.552,APE/USDT:USDT,0.6386,12.0,0.6385,395.0,0.6387,2.0,0.6388,417.0
1753531587868,12:06:27.868,APE/USDT:USDT,0.6386,12.0,0.6385,395.0,0.6387,2.0,0.6388,417.0
1753531588531,12:06:28.531,APE/USDT:USDT,0.6386,12.0,0.6385,395.0,0.6387,2.0,0.6388,401.0
1753531588540,12:06:28.540,APE/USDT:USDT,0.6386,12.0,0.6385,395.0,0.6387,2.0,0.6388,385.0
1753531588715,12:06:28.715,APE/USDT:USDT,0.6386,12.0,0.6385,395.0,0.6387,2.0,0.6389,2084.0
1753531588756,12:06:28.756,APE/USDT:USDT,0.6386,12.0,0.6385,395.0,0.6388,18.0,0.6389,2084.0
1753531588855,12:06:28.855,APE/USDT:USDT,0.6386,12.0,0.6385,395.0,0.6389,2084.0,0.639,7624.0
1753531588940,12:06:28.940,APE/USDT:USDT,0.6386,12.0,0.6385,395.0,0.6388,2.0,0.6389,2100.0
1753531589094,12:06:29.094,APE/USDT:USDT,0.6386,12.0,0.6385,395.0,0.6387,96.0,0.6388,18.0
1753531589295,12:06:29.295,APE/USDT:USDT,0.6386,12.0,0.6385,395.0,0.6388,426.0,0.6389,2084.0
1753531589858,12:06:29.858,APE/USDT:USDT,0.6386,12.0,0.6385,395.0,0.6387,2.0,0.6388,424.0
1753531590118,12:06:30.118,APE/USDT:USDT,0.6386,12.0,0.6384,2084.0,0.6387,18.0,0.6388,424.0
1753531591079,12:06:31.079,APE/USDT:USDT,0.6385,12.0,0.6384,2100.0,0.6387,2.0,0.6388,424.0
1753531591139,12:06:31.139,APE/USDT:USDT,0.6385,12.0,0.6384,2100.0,0.6387,2.0,0.6388,424.0
1753531591265,12:06:31.265,APE/USDT:USDT,0.6385,12.0,0.6384,2084.0,0.6387,394.0,0.6388,424.0
1753531591339,12:06:31.339,APE/USDT:USDT,0.6385,12.0,0.6384,2084.0,0.6387,392.0,0.6388,424.0
1753531591436,12:06:31.436,APE/USDT:USDT,0.6385,12.0,0.6384,2084.0,0.6386,316.0,0.6387,392.0
1753531591554,12:06:31.554,APE/USDT:USDT,0.6385,12.0,0.6384,2084.0,0.6386,318.0,0.6387,392.0
1753531591660,12:06:31.660,APE/USDT:USDT,0.6385,12.0,0.6384,2084.0,0.6386,2.0,0.6387,408.0
1753531591860,12:06:31.860,APE/USDT:USDT,0.6385,12.0,0.6384,2084.0,0.6386,2.0,0.6387,408.0
1753531591967,12:06:31.967,APE/USDT:USDT,0.6385,12.0,0.6384,2084.0,0.6386,2.0,0.6387,408.0
1753531592109,12:06:32.109,APE/USDT:USDT,0.6385,12.0,0.6384,2084.0,0.6386,2.0,0.6387,408.0
1753531592516,12:06:32.516,APE/USDT:USDT,0.6385,12.0,0.6384,2084.0,0.6386,2.0,0.6387,408.0
1753531592841,12:06:32.841,APE/USDT:USDT,0.6385,12.0,0.6384,2084.0,0.6386,2.0,0.6387,408.0
1753531593396,12:06:33.396,APE/USDT:USDT,0.6385,12.0,0.6383,8601.0,0.6386,426.0,0.6387,774.0
1753531593481,12:06:33.481,APE/USDT:USDT,0.6384,12.0,0.6383,8601.0,0.6386,862.0,0.6387,774.0
1753531593589,12:06:33.589,APE/USDT:USDT,0.6384,12.0,0.6383,8601.0,0.6386,860.0,0.6387,774.0
1753531593676,12:06:33.676,APE/USDT:USDT,0.6384,12.0,0.6383,3335.0,0.6386,860.0,0.6387,774.0
1753531593763,12:06:33.763,APE/USDT:USDT,0.6384,12.0,0.6383,3335.0,0.6386,860.0,0.6387,774.0
1753531594026,12:06:34.026,APE/USDT:USDT,0.6384,12.0,0.6383,3335.0,0.6386,408.0,0.6387,758.0
1753531596032,12:06:36.032,APE/USDT:USDT,0.6384,12.0,0.6383,390.0,0.6386,2.0,0.6387,758.0
1753531596032,12:06:36.032,APE/USDT:USDT,0.6384,12.0,0.6383,390.0,0.6386,2.0,0.6387,758.0
1753531597032,12:06:37.032,APE/USDT:USDT,0.6384,12.0,0.6383,390.0,0.6386,18.0,0.6387,758.0
1753531597056,12:06:37.056,APE/USDT:USDT,0.6384,12.0,0.6383,390.0,0.6385,218.0,0.6386,18.0
1753531597412,12:06:37.412,APE/USDT:USDT,0.6384,12.0,0.6383,390.0,0.6385,220.0,0.6386,16.0
1753531597530,12:06:37.530,APE/USDT:USDT,0.6384,12.0,0.6383,390.0,0.6385,2.0,0.6386,16.0
1753531597546,12:06:37.546,APE/USDT:USDT,0.6384,12.0,0.6383,406.0,0.6385,2.0,0.6387,742.0
1753531597717,12:06:37.717,APE/USDT:USDT,0.6384,12.0,0.6383,390.0,0.6386,2.0,0.6387,758.0
1753531597976,12:06:37.976,APE/USDT:USDT,0.6384,12.0,0.6383,390.0,0.6386,2.0,0.6387,758.0
1753531598472,12:06:38.472,APE/USDT:USDT,0.6384,12.0,0.6383,390.0,0.6386,392.0,0.6387,758.0
1753531598562,12:06:38.562,APE/USDT:USDT,0.6384,12.0,0.6383,390.0,0.6386,392.0,0.6387,758.0
1753531598930,12:06:38.930,APE/USDT:USDT,0.6384,12.0,0.6383,390.0,0.6386,424.0,0.6387,758.0
1753531599441,12:06:39.441,APE/USDT:USDT,0.6384,12.0,0.6383,390.0,0.6386,392.0,0.6387,742.0
1753531599537,12:06:39.537,APE/USDT:USDT,0.6384,12.0,0.6383,390.0,0.6386,408.0,0.6387,742.0
1753531599838,12:06:39.838,APE/USDT:USDT,0.6384,12.0,0.6383,390.0,0.6386,424.0,0.6387,742.0
1753531600006,12:06:40.006,APE/USDT:USDT,0.6384,12.0,0.6383,390.0,0.6386,424.0,0.6387,742.0
1753531600131,12:06:40.131,APE/USDT:USDT,0.6384,12.0,0.6383,390.0,0.6386,16.0,0.6387,392.0
1753531600156,12:06:40.156,APE/USDT:USDT,0.6384,28.0,0.6383,390.0,0.6388,392.0,0.6389,2084.0
1753531600739,12:06:40.739,APE/USDT:USDT,0.6385,392.0,0.6384,44.0,0.6387,2.0,0.6388,392.0
1753531600923,12:06:40.923,APE/USDT:USDT,0.6385,424.0,0.6384,16.0,0.6387,2.0,0.6388,392.0
1753531601018,12:06:41.018,APE/USDT:USDT,0.6385,392.0,0.6384,16.0,0.6387,2.0,0.6388,392.0
1753531601075,12:06:41.075,APE/USDT:USDT,0.6385,392.0,0.6384,16.0,0.6387,2.0,0.6388,408.0
1753531601782,12:06:41.782,APE/USDT:USDT,0.6385,392.0,0.6384,16.0,0.6387,2.0,0.6388,392.0
1753531602009,12:06:42.009,APE/USDT:USDT,0.6385,392.0,0.6384,16.0,0.6387,2.0,0.6388,392.0
1753531602415,12:06:42.415,APE/USDT:USDT,0.6385,392.0,0.6384,16.0,0.6387,2.0,0.6388,392.0
1753531602818,12:06:42.818,APE/USDT:USDT,0.6385,392.0,0.6384,16.0,0.6387,2.0,0.6388,392.0
1753531603772,12:06:43.772,APE/USDT:USDT,0.6385,1014.0,0.6384,3351.0,0.6387,2.0,0.6388,392.0
1753531603916,12:06:43.916,APE/USDT:USDT,0.6384,3351.0,0.6383,9811.0,0.6387,2.0,0.6388,392.0
1753531604018,12:06:44.018,APE/USDT:USDT,0.6385,12.0,0.6384,392.0,0.6386,218.0,0.6387,426.0
1753531604034,12:06:44.034,APE/USDT:USDT,0.6385,12.0,0.6384,392.0,0.6386,234.0,0.6387,426.0
1753531604151,12:06:44.151,APE/USDT:USDT,0.6385,12.0,0.6384,392.0,0.6386,218.0,0.6387,426.0
1753531604401,12:06:44.401,APE/USDT:USDT,0.6385,12.0,0.6383,390.0,0.6386,234.0,0.6387,426.0
1753531604521,12:06:44.521,APE/USDT:USDT,0.6384,12.0,0.6383,390.0,0.6386,16.0,0.6387,426.0
1753531604630,12:06:44.630,APE/USDT:USDT,0.6384,12.0,0.6383,390.0,0.6386,424.0,0.6387,424.0
1753531604917,12:06:44.917,APE/USDT:USDT,0.6384,12.0,0.6383,390.0,0.6386,424.0,0.6387,424.0
1753531605025,12:06:45.025,APE/USDT:USDT,0.6384,12.0,0.6382,5583.0,0.6385,218.0,0.6386,408.0
1753531605058,12:06:45.058,APE/USDT:USDT,0.6383,12.0,0.6382,5583.0,0.6385,2.0,0.6386,408.0
1753531605168,12:06:45.168,APE/USDT:USDT,0.6383,12.0,0.6382,5583.0,0.6385,2.0,0.6386,392.0
1753531605307,12:06:45.307,APE/USDT:USDT,0.6383,12.0,0.6382,5583.0,0.6385,2.0,0.6386,392.0
1753531605387,12:06:45.387,APE/USDT:USDT,0.6383,12.0,0.6382,5583.0,0.6385,2.0,0.6386,392.0
1753531605755,12:06:45.755,APE/USDT:USDT,0.6383,12.0,0.6382,5599.0,0.6385,2.0,0.6386,392.0
1753531606256,12:06:46.256,APE/USDT:USDT,0.6383,12.0,0.6382,5583.0,0.6385,2.0,0.6386,392.0
1753531606631,12:06:46.631,APE/USDT:USDT,0.6383,12.0,0.6382,5583.0,0.6385,2.0,0.6386,392.0
1753531606673,12:06:46.673,APE/USDT:USDT,0.6383,12.0,0.6382,5583.0,0.6385,2.0,0.6386,392.0
1753531608646,12:06:48.646,APE/USDT:USDT,0.6383,12.0,0.6382,5583.0,0.6384,218.0,0.6385,414.0
1753531608740,12:06:48.740,APE/USDT:USDT,0.6383,12.0,0.6382,5583.0,0.6384,220.0,0.6385,414.0
1753531609015,12:06:49.015,APE/USDT:USDT,0.6383,12.0,0.6382,5599.0,0.6384,220.0,0.6385,398.0
1753531609080,12:06:49.080,APE/USDT:USDT,0.6383,12.0,0.6382,5599.0,0.6384,2.0,0.6385,398.0
1753531609340,12:06:49.340,APE/USDT:USDT,0.6383,12.0,0.6382,5599.0,0.6385,2.0,0.6386,392.0
1753531609450,12:06:49.450,APE/USDT:USDT,0.6383,12.0,0.6382,5599.0,0.6385,2.0,0.6386,392.0
1753531609975,12:06:49.975,APE/USDT:USDT,0.6383,12.0,0.6382,5599.0,0.6385,2.0,0.6386,392.0
1753531610226,12:06:50.226,APE/USDT:USDT,0.6383,442.0,0.6382,5583.0,0.6385,2.0,0.6387,742.0
1753531610332,12:06:50.332,APE/USDT:USDT,0.6384,414.0,0.6383,398.0,0.6386,2.0,0.6387,392.0
1753531610515,12:06:50.515,APE/USDT:USDT,0.6384,414.0,0.6383,398.0,0.6386,2.0,0.6387,392.0
1753531610686,12:06:50.686,APE/USDT:USDT,0.6384,414.0,0.6383,398.0,0.6386,2.0,0.6387,392.0
1753531611018,12:06:51.018,APE/USDT:USDT,0.6384,414.0,0.6383,398.0,0.6386,2.0,0.6387,392.0
1753531611102,12:06:51.102,APE/USDT:USDT,0.6384,414.0,0.6383,398.0,0.6386,2.0,0.6387,392.0
1753531611385,12:06:51.385,APE/USDT:USDT,0.6384,414.0,0.6383,398.0,0.6386,2.0,0.6388,392.0
1753531611517,12:06:51.517,APE/USDT:USDT,0.6384,414.0,0.6383,398.0,0.6387,18.0,0.6388,392.0
1753531611546,12:06:51.546,APE/USDT:USDT,0.6385,12.0,0.6384,414.0,0.6387,18.0,0.6388,408.0
1753531611763,12:06:51.763,APE/USDT:USDT,0.6385,12.0,0.6384,398.0,0.6386,634.0,0.6387,16.0
1753531611926,12:06:51.926,APE/USDT:USDT,0.6385,12.0,0.6384,398.0,0.6386,2.0,0.6387,16.0
1753531612006,12:06:52.006,APE/USDT:USDT,0.6385,12.0,0.6384,398.0,0.6386,2.0,0.6387,16.0
1753531612094,12:06:52.094,APE/USDT:USDT,0.6385,12.0,0.6383,398.0,0.6386,2.0,0.6387,16.0
1753531612156,12:06:52.156,APE/USDT:USDT,0.6384,12.0,0.6383,414.0,0.6386,2.0,0.6387,16.0
1753531612378,12:06:52.378,APE/USDT:USDT,0.6384,12.0,0.6383,430.0,0.6386,2.0,0.6387,16.0
1753531613021,12:06:53.021,APE/USDT:USDT,0.6385,398.0,0.6384,410.0,0.6386,2.0,0.6388,392.0
1753531613242,12:06:53.242,APE/USDT:USDT,0.6385,12.0,0.6384,398.0,0.6387,2.0,0.6388,424.0
1753531613575,12:06:53.575,APE/USDT:USDT,0.6385,12.0,0.6384,398.0,0.6387,400.0,0.6388,424.0
1753531613640,12:06:53.640,APE/USDT:USDT,0.6385,12.0,0.6384,398.0,0.6387,398.0,0.6388,424.0
1753531614782,12:06:54.782,APE/USDT:USDT,0.6385,12.0,0.6384,398.0,0.6387,398.0,0.6388,424.0
1753531615003,12:06:55.003,APE/USDT:USDT,0.6385,12.0,0.6384,398.0,0.6387,398.0,0.6388,424.0
1753531615194,12:06:55.194,APE/USDT:USDT,0.6385,12.0,0.6384,398.0,0.6387,398.0,0.6388,424.0
1753531616296,12:06:56.296,APE/USDT:USDT,0.6385,12.0,0.6384,398.0,0.6387,398.0,0.6388,424.0
1753531616354,12:06:56.354,APE/USDT:USDT,0.6385,12.0,0.6384,398.0,0.6387,398.0,0.6388,408.0
1753531616656,12:06:56.656,APE/USDT:USDT,0.6385,12.0,0.6384,398.0,0.6387,430.0,0.6388,392.0
1753531617320,12:06:57.320,APE/USDT:USDT,0.6385,12.0,0.6383,398.0,0.6387,430.0,0.6388,392.0
1753531617373,12:06:57.373,APE/USDT:USDT,0.6384,12.0,0.6383,398.0,0.6387,430.0,0.6388,392.0
1753531617442,12:06:57.442,APE/USDT:USDT,0.6384,12.0,0.6383,398.0,0.6386,18.0,0.6387,414.0
1753531617622,12:06:57.622,APE/USDT:USDT,0.6384,12.0,0.6383,398.0,0.6387,430.0,0.6388,392.0
1753531617640,12:06:57.640,APE/USDT:USDT,0.6384,12.0,0.6383,398.0,0.6386,2.0,0.6387,430.0
1753531618467,12:06:58.467,APE/USDT:USDT,0.6384,396.0,0.6383,414.0,0.6386,2.0,0.6387,430.0
1753531618539,12:06:58.539,APE/USDT:USDT,0.6384,384.0,0.6383,414.0,0.6386,2.0,0.6387,430.0
1753531618852,12:06:58.852,APE/USDT:USDT,0.6384,384.0,0.6383,414.0,0.6386,2.0,0.6387,430.0
1753531619095,12:06:59.095,APE/USDT:USDT,0.6384,384.0,0.6383,414.0,0.6386,2.0,0.6387,430.0
1753531619599,12:06:59.599,APE/USDT:USDT,0.6384,384.0,0.6383,414.0,0.6386,2.0,0.6387,398.0
1753531621547,12:07:01.547,APE/USDT:USDT,0.6384,12.0,0.6383,398.0,0.6385,2.0,0.6387,398.0
1753531621671,12:07:01.671,APE/USDT:USDT,0.6384,12.0,0.6383,398.0,0.6386,2.0,0.6387,398.0
1753531622260,12:07:02.260,APE/USDT:USDT,0.6384,12.0,0.6383,398.0,0.6386,34.0,0.6387,398.0
1753531622339,12:07:02.339,APE/USDT:USDT,0.6384,12.0,0.6383,398.0,0.6386,32.0,0.6387,398.0
1753531622484,12:07:02.484,APE/USDT:USDT,0.6384,12.0,0.6383,398.0,0.6386,32.0,0.6387,398.0
1753531624010,12:07:04.010,APE/USDT:USDT,0.6384,12.0,0.6383,398.0,0.6386,32.0,0.6387,398.0
1753531624210,12:07:04.210,APE/USDT:USDT,0.6384,12.0,0.6383,398.0,0.6386,16.0,0.6387,398.0
1753531624366,12:07:04.366,APE/USDT:USDT,0.6384,12.0,0.6383,398.0,0.6386,16.0,0.6387,398.0
1753531624445,12:07:04.445,APE/USDT:USDT,0.6384,12.0,0.6383,398.0,0.6386,32.0,0.6387,398.0
1753531624780,12:07:04.780,APE/USDT:USDT,0.6384,12.0,0.6383,398.0,0.6386,16.0,0.6387,398.0
1753531625015,12:07:05.015,APE/USDT:USDT,0.6384,12.0,0.6383,398.0,0.6386,32.0,0.6387,748.0
1753531625084,12:07:05.084,APE/USDT:USDT,0.6384,12.0,0.6383,398.0,0.6386,32.0,0.6387,748.0
1753531625162,12:07:05.162,APE/USDT:USDT,0.6384,12.0,0.6383,398.0,0.6386,416.0,0.6387,748.0
1753531626122,12:07:06.122,APE/USDT:USDT,0.6383,12.0,0.6382,5583.0,0.6386,384.0,0.6387,748.0
1753531626155,12:07:06.155,APE/USDT:USDT,0.6383,12.0,0.6382,5583.0,0.6385,2.0,0.6386,400.0
1753531626348,12:07:06.348,APE/USDT:USDT,0.6383,12.0,0.6382,5583.0,0.6385,386.0,0.6386,400.0
1753531626531,12:07:06.531,APE/USDT:USDT,0.6383,12.0,0.6382,5583.0,0.6385,384.0,0.6386,400.0
1753531626976,12:07:06.976,APE/USDT:USDT,0.6383,12.0,0.6382,5583.0,0.6386,416.0,0.6387,748.0
1753531627156,12:07:07.156,APE/USDT:USDT,0.6382,5615.0,0.6381,15800.0,0.6385,2.0,0.6386,384.0
1753531627256,12:07:07.256,APE/USDT:USDT,0.6383,12.0,0.6382,2299.0,0.6385,2.0,0.6386,384.0
1753531627346,12:07:07.346,APE/USDT:USDT,0.6383,12.0,0.6382,2283.0,0.6385,2.0,0.6386,384.0
1753531627581,12:07:07.581,APE/USDT:USDT,0.6383,12.0,0.6382,2267.0,0.6385,2.0,0.6386,384.0
1753531628259,12:07:08.259,APE/USDT:USDT,0.6383,12.0,0.6382,2283.0,0.6385,2.0,0.6386,384.0
1753531629101,12:07:09.101,APE/USDT:USDT,0.6383,12.0,0.6382,2267.0,0.6385,2.0,0.6386,384.0
1753531629231,12:07:09.231,APE/USDT:USDT,0.6383,12.0,0.6382,2267.0,0.6385,2.0,0.6386,384.0
1753531629238,12:07:09.238,APE/USDT:USDT,0.6383,12.0,0.6382,2267.0,0.6385,18.0,0.6386,384.0
1753531629339,12:07:09.339,APE/USDT:USDT,0.6383,12.0,0.6382,2267.0,0.6385,16.0,0.6386,384.0
1753531630032,12:07:10.032,APE/USDT:USDT,0.6383,12.0,0.6382,2267.0,0.6386,400.0,0.6387,748.0
1753531630121,12:07:10.121,APE/USDT:USDT,0.6383,404.0,0.6382,2283.0,0.6385,2.0,0.6386,384.0
1753531630140,12:07:10.140,APE/USDT:USDT,0.6383,392.0,0.6382,2283.0,0.6385,2.0,0.6386,384.0
1753531630986,12:07:10.986,APE/USDT:USDT,0.6383,408.0,0.6382,2283.0,0.6385,2.0,0.6386,384.0
1753531632926,12:07:12.926,APE/USDT:USDT,0.6383,392.0,0.6382,2283.0,0.6385,2.0,0.6386,384.0
1753531633131,12:07:13.131,APE/USDT:USDT,0.6383,392.0,0.6382,2283.0,0.6385,2.0,0.6386,384.0
1753531633208,12:07:13.208,APE/USDT:USDT,0.6383,424.0,0.6382,2283.0,0.6385,2.0,0.6387,398.0
1753531633246,12:07:13.246,APE/USDT:USDT,0.6383,424.0,0.6382,2283.0,0.6386,2.0,0.6387,398.0
1753531633391,12:07:13.391,APE/USDT:USDT,0.6384,12.0,0.6383,408.0,0.6386,2.0,0.6387,398.0
1753531633455,12:07:13.455,APE/USDT:USDT,0.6384,12.0,0.6383,408.0,0.6386,2.0,0.6387,398.0
1753531633558,12:07:13.558,APE/USDT:USDT,0.6384,12.0,0.6383,392.0,0.6386,2.0,0.6387,398.0
1753531633975,12:07:13.975,APE/USDT:USDT,0.6384,12.0,0.6383,392.0,0.6386,2.0,0.6387,398.0
1753531634218,12:07:14.218,APE/USDT:USDT,0.6384,12.0,0.6383,392.0,0.6386,2.0,0.6387,414.0
1753531634387,12:07:14.387,APE/USDT:USDT,0.6384,12.0,0.6383,408.0,0.6386,2.0,0.6387,414.0
1753531634899,12:07:14.899,APE/USDT:USDT,0.6384,12.0,0.6382,4901.0,0.6386,410.0,0.6387,414.0
1753531635030,12:07:15.030,APE/USDT:USDT,0.6383,12.0,0.6382,4901.0,0.6386,408.0,0.6387,764.0
1753531635078,12:07:15.078,APE/USDT:USDT,0.6383,404.0,0.6382,4901.0,0.6385,2.0,0.6386,408.0
1753531635158,12:07:15.158,APE/USDT:USDT,0.6383,392.0,0.6382,4917.0,0.6385,2.0,0.6386,408.0
1753531636493,12:07:16.493,APE/USDT:USDT,0.6383,392.0,0.6382,4917.0,0.6385,2.0,0.6386,408.0
1753531636579,12:07:16.579,APE/USDT:USDT,0.6383,408.0,0.6382,2283.0,0.6385,2.0,0.6386,408.0
1753531636681,12:07:16.681,APE/USDT:USDT,0.6383,408.0,0.6382,2283.0,0.6385,2.0,0.6386,408.0
1753531637008,12:07:17.008,APE/USDT:USDT,0.6383,408.0,0.6382,2283.0,0.6385,2.0,0.6386,408.0
1753531637080,12:07:17.080,APE/USDT:USDT,0.6383,408.0,0.6382,2283.0,0.6385,2.0,0.6386,392.0
1753531637324,12:07:17.324,APE/USDT:USDT,0.6383,392.0,0.6382,2283.0,0.6385,2.0,0.6386,392.0
1753531637892,12:07:17.892,APE/USDT:USDT,0.6383,392.0,0.6382,2267.0,0.6385,2.0,0.6386,392.0
1753531638111,12:07:18.111,APE/USDT:USDT,0.6382,2267.0,0.6381,9206.0,0.6385,2.0,0.6386,392.0
1753531638158,12:07:18.158,APE/USDT:USDT,0.6383,12.0,0.6382,2267.0,0.6385,2.0,0.6386,392.0
1753531638297,12:07:18.297,APE/USDT:USDT,0.6383,12.0,0.6382,2267.0,0.6385,2.0,0.6386,392.0
1753531638767,12:07:18.767,APE/USDT:USDT,0.6383,12.0,0.6382,2267.0,0.6385,2.0,0.6386,392.0
1753531639010,12:07:19.010,APE/USDT:USDT,0.6383,12.0,0.6382,2267.0,0.6385,18.0,0.6386,392.0
1753531639108,12:07:19.108,APE/USDT:USDT,0.6383,12.0,0.6382,2267.0,0.6386,424.0,0.6387,748.0
1753531639143,12:07:19.143,APE/USDT:USDT,0.6383,12.0,0.6382,2267.0,0.6385,2.0,0.6386,408.0
1753531639524,12:07:19.524,APE/USDT:USDT,0.6383,12.0,0.6382,2267.0,0.6385,2.0,0.6386,408.0
1753531639683,12:07:19.683,APE/USDT:USDT,0.6383,12.0,0.6382,2267.0,0.6385,18.0,0.6386,392.0
1753531639739,12:07:19.739,APE/USDT:USDT,0.6383,12.0,0.6382,2267.0,0.6385,16.0,0.6386,392.0
1753531639983,12:07:19.983,APE/USDT:USDT,0.6383,12.0,0.6382,2267.0,0.6386,408.0,0.6387,748.0
1753531640056,12:07:20.056,APE/USDT:USDT,0.6383,12.0,0.6382,2283.0,0.6385,2.0,0.6386,424.0
1753531641199,12:07:21.199,APE/USDT:USDT,0.6383,12.0,0.6382,2267.0,0.6385,387.0,0.6386,424.0
1753531641249,12:07:21.249,APE/USDT:USDT,0.6383,12.0,0.6382,2267.0,0.6385,401.0,0.6386,424.0
1753531641546,12:07:21.546,APE/USDT:USDT,0.6383,12.0,0.6382,2267.0,0.6385,401.0,0.6386,424.0
1753531641741,12:07:21.741,APE/USDT:USDT,0.6383,12.0,0.6382,2267.0,0.6385,385.0,0.6386,424.0
1753531642381,12:07:22.381,APE/USDT:USDT,0.6383,12.0,0.6382,2267.0,0.6385,417.0,0.6386,408.0
1753531642777,12:07:22.777,APE/USDT:USDT,0.6383,12.0,0.6382,2267.0,0.6385,401.0,0.6386,408.0
1753531642876,12:07:22.876,APE/USDT:USDT,0.6383,12.0,0.6382,2267.0,0.6385,385.0,0.6386,408.0
1753531643052,12:07:23.052,APE/USDT:USDT,0.6383,12.0,0.6382,2267.0,0.6385,401.0,0.6386,408.0
1753531643271,12:07:23.271,APE/USDT:USDT,0.6383,12.0,0.6382,2267.0,0.6385,385.0,0.6386,408.0
1753531643424,12:07:23.424,APE/USDT:USDT,0.6383,12.0,0.6382,2267.0,0.6385,401.0,0.6386,408.0
1753531643568,12:07:23.568,APE/USDT:USDT,0.6383,12.0,0.6382,2267.0,0.6385,401.0,0.6386,408.0
1753531643841,12:07:23.841,APE/USDT:USDT,0.6383,12.0,0.6382,2267.0,0.6385,385.0,0.6386,408.0
1753531644036,12:07:24.036,APE/USDT:USDT,0.6383,12.0,0.6382,2267.0,0.6385,401.0,0.6386,408.0
1753531644243,12:07:24.243,APE/USDT:USDT,0.6383,12.0,0.6382,2267.0,0.6385,385.0,0.6386,408.0
1753531644424,12:07:24.424,APE/USDT:USDT,0.6383,12.0,0.6382,2267.0,0.6385,401.0,0.6386,408.0
1753531645118,12:07:25.118,APE/USDT:USDT,0.6383,397.0,0.6382,2267.0,0.6386,424.0,0.6387,748.0
1753531645177,12:07:25.177,APE/USDT:USDT,0.6383,413.0,0.6382,2267.0,0.6385,2.0,0.6386,408.0
1753531645246,12:07:25.246,APE/USDT:USDT,0.6383,417.0,0.6382,2267.0,0.6385,2.0,0.6386,408.0
1753531645412,12:07:25.412,APE/USDT:USDT,0.6383,401.0,0.6382,2267.0,0.6385,2.0,0.6386,392.0
1753531645532,12:07:25.532,APE/USDT:USDT,0.6383,385.0,0.6382,2299.0,0.6385,2.0,0.6386,392.0
1753531645742,12:07:25.742,APE/USDT:USDT,0.6382,2283.0,0.6381,6379.0,0.6385,2.0,0.6386,392.0
1753531645840,12:07:25.840,APE/USDT:USDT,0.6383,12.0,0.6382,2283.0,0.6385,2.0,0.6386,392.0
1753531646915,12:07:26.915,APE/USDT:USDT,0.6383,12.0,0.6382,1914.0,0.6385,34.0,0.6386,993.0
1753531646998,12:07:26.998,APE/USDT:USDT,0.6383,12.0,0.6382,1914.0,0.6385,419.0,0.6386,993.0
1753531647625,12:07:27.625,APE/USDT:USDT,0.6383,12.0,0.6382,1914.0,0.6384,419.0,0.6385,419.0
1753531647640,12:07:27.640,APE/USDT:USDT,0.6383,12.0,0.6382,1914.0,0.6384,421.0,0.6385,419.0
1753531648016,12:07:28.016,APE/USDT:USDT,0.6383,12.0,0.6382,1914.0,0.6384,421.0,0.6385,419.0
1753531648082,12:07:28.082,APE/USDT:USDT,0.6383,12.0,0.6381,5662.0,0.6384,421.0,0.6385,419.0
1753531648172,12:07:28.172,APE/USDT:USDT,0.6382,12.0,0.6381,5662.0,0.6384,421.0,0.6385,419.0
1753531648239,12:07:28.239,APE/USDT:USDT,0.6382,12.0,0.6381,5662.0,0.6384,419.0,0.6385,419.0
1753531648430,12:07:28.430,APE/USDT:USDT,0.6382,12.0,0.6381,5267.0,0.6384,419.0,0.6385,419.0
1753531648467,12:07:28.467,APE/USDT:USDT,0.6382,12.0,0.6381,5267.0,0.6384,419.0,0.6385,419.0
1753531648593,12:07:28.593,APE/USDT:USDT,0.6382,12.0,0.6381,5267.0,0.6384,419.0,0.6385,419.0
1753531648918,12:07:28.918,APE/USDT:USDT,0.6382,12.0,0.6381,5267.0,0.6383,419.0,0.6384,419.0
1753531649013,12:07:29.013,APE/USDT:USDT,0.6382,12.0,0.6381,3.0,0.6383,421.0,0.6384,419.0
1753531649130,12:07:29.130,APE/USDT:USDT,0.6382,12.0,0.6381,3.0,0.6383,18.0,0.6384,419.0
1753531649228,12:07:29.228,APE/USDT:USDT,0.6382,12.0,0.6381,3.0,0.6383,18.0,0.6384,419.0
1753531649276,12:07:29.276,APE/USDT:USDT,0.6382,12.0,0.6381,3.0,0.6383,220.0,0.6384,419.0
1753531649430,12:07:29.430,APE/USDT:USDT,0.6382,12.0,0.6381,3.0,0.6383,220.0,0.6384,419.0
1753531649474,12:07:29.474,APE/USDT:USDT,0.6382,12.0,0.6381,3.0,0.6383,220.0,0.6384,419.0
1753531649607,12:07:29.607,APE/USDT:USDT,0.6382,12.0,0.6381,3.0,0.6383,252.0,0.6384,419.0
1753531649638,12:07:29.638,APE/USDT:USDT,0.6382,12.0,0.6381,3.0,0.6383,252.0,0.6384,419.0
1753531649930,12:07:29.930,APE/USDT:USDT,0.6382,12.0,0.6381,3.0,0.6383,252.0,0.6384,419.0
1753531650027,12:07:30.027,APE/USDT:USDT,0.6382,12.0,0.6381,3.0,0.6383,221.0,0.6384,419.0
1753531650116,12:07:30.116,APE/USDT:USDT,0.6382,3.0,0.6381,3.0,0.6383,238.0,0.6384,990.0
1753531650139,12:07:30.139,APE/USDT:USDT,0.6382,4.0,0.6381,3.0,0.6383,237.0,0.6384,990.0
1753531650477,12:07:30.477,APE/USDT:USDT,0.6382,4.0,0.6381,3.0,0.6383,237.0,0.6384,990.0
1753531650776,12:07:30.776,APE/USDT:USDT,0.6382,4.0,0.6381,3.0,0.6383,221.0,0.6384,419.0
1753531650919,12:07:30.919,APE/USDT:USDT,0.6382,4.0,0.6381,3.0,0.6383,237.0,0.6384,767.0
1753531651015,12:07:31.015,APE/USDT:USDT,0.6382,4.0,0.6381,3.0,0.6383,237.0,0.6384,767.0
1753531651123,12:07:31.123,APE/USDT:USDT,0.6382,4.0,0.6381,3.0,0.6383,237.0,0.6384,767.0
1753531651810,12:07:31.810,APE/USDT:USDT,0.6382,4.0,0.6381,3.0,0.6383,647.0,0.6384,767.0
1753531651866,12:07:31.866,APE/USDT:USDT,0.6382,4.0,0.6381,3.0,0.6383,647.0,0.6384,767.0
1753531652119,12:07:32.119,APE/USDT:USDT,0.6382,4.0,0.6381,3.0,0.6383,647.0,0.6384,767.0
1753531652496,12:07:32.496,APE/USDT:USDT,0.6382,4.0,0.6381,3.0,0.6383,647.0,0.6384,767.0
1753531652556,12:07:32.556,APE/USDT:USDT,0.6382,4.0,0.6381,3.0,0.6383,647.0,0.6384,767.0
1753531652762,12:07:32.762,APE/USDT:USDT,0.6382,4.0,0.6381,3.0,0.6383,647.0,0.6384,767.0
1753531653388,12:07:33.388,APE/USDT:USDT,0.6382,4.0,0.6381,3.0,0.6383,647.0,0.6384,767.0
1753531653679,12:07:33.679,APE/USDT:USDT,0.6382,4.0,0.6381,3.0,0.6383,647.0,0.6384,767.0
1753531653780,12:07:33.780,APE/USDT:USDT,0.6382,4.0,0.6381,3.0,0.6383,647.0,0.6384,767.0
1753531654003,12:07:34.003,APE/USDT:USDT,0.6382,4.0,0.6381,3.0,0.6383,647.0,0.6384,767.0
1753531654294,12:07:34.294,APE/USDT:USDT,0.6382,4.0,0.6381,3.0,0.6383,647.0,0.6384,767.0
1753531654493,12:07:34.493,APE/USDT:USDT,0.6382,4.0,0.6381,3.0,0.6383,852.0,0.6384,767.0
1753531655517,12:07:35.517,APE/USDT:USDT,0.6381,3.0,0.638,1.0,0.6382,419.0,0.6383,852.0
1753531655631,12:07:35.631,APE/USDT:USDT,0.6381,3.0,0.638,1.0,0.6382,423.0,0.6383,553.0
1753531655730,12:07:35.730,APE/USDT:USDT,0.638,1.0,0.6378,4406.0,0.6381,419.0,0.6382,423.0
1753531655811,12:07:35.811,APE/USDT:USDT,0.638,1.0,0.6379,9.0,0.6381,419.0,0.6382,423.0
1753531655880,12:07:35.880,APE/USDT:USDT,0.638,1.0,0.6378,9.0,0.6381,419.0,0.6382,423.0
1753531656004,12:07:36.004,APE/USDT:USDT,0.638,1.0,0.6378,9.0,0.6381,419.0,0.6382,423.0
1753531656115,12:07:36.115,APE/USDT:USDT,0.638,1.0,0.6377,9.0,0.6381,419.0,0.6382,423.0
1753531656223,12:07:36.223,APE/USDT:USDT,0.6377,9.0,0.6376,3341.0,0.638,387.0,0.6381,419.0
1753531656285,12:07:36.285,APE/USDT:USDT,0.6377,9.0,0.6376,397.0,0.6379,407.0,0.638,403.0
1753531656341,12:07:36.341,APE/USDT:USDT,0.6377,9.0,0.6376,397.0,0.6379,403.0,0.638,403.0
1753531656630,12:07:36.630,APE/USDT:USDT,0.6377,9.0,0.6375,2006.0,0.6378,387.0,0.6379,403.0
1753531656651,12:07:36.651,APE/USDT:USDT,0.6376,9.0,0.6375,2006.0,0.6378,391.0,0.6379,403.0
1753531656798,12:07:36.798,APE/USDT:USDT,0.6376,9.0,0.6375,2006.0,0.6378,387.0,0.6379,403.0
1753531657015,12:07:37.015,APE/USDT:USDT,0.6376,9.0,0.6375,2006.0,0.6378,387.0,0.6379,403.0
1753531657073,12:07:37.073,APE/USDT:USDT,0.6376,9.0,0.6375,2006.0,0.6379,403.0,0.638,403.0
1753531657144,12:07:37.144,APE/USDT:USDT,0.6376,9.0,0.6375,2022.0,0.6378,4.0,0.6379,403.0
1753531657328,12:07:37.328,APE/USDT:USDT,0.6378,11.0,0.6376,9.0,0.6379,403.0,0.638,403.0
1753531657415,12:07:37.415,APE/USDT:USDT,0.6378,11.0,0.6376,9.0,0.6379,423.0,0.638,403.0
1753531657458,12:07:37.458,APE/USDT:USDT,0.6378,11.0,0.6376,13.0,0.6379,419.0,0.638,403.0
1753531657923,12:07:37.923,APE/USDT:USDT,0.6378,11.0,0.6376,13.0,0.6379,419.0,0.638,403.0
1753531657981,12:07:37.981,APE/USDT:USDT,0.6378,11.0,0.6376,13.0,0.6379,419.0,0.638,403.0
1753531658234,12:07:38.234,APE/USDT:USDT,0.6378,11.0,0.6376,13.0,0.6379,419.0,0.638,403.0
1753531658674,12:07:38.674,APE/USDT:USDT,0.6378,11.0,0.6376,13.0,0.6379,419.0,0.638,403.0
1753531659077,12:07:39.077,APE/USDT:USDT,0.6378,11.0,0.6376,13.0,0.6379,32.0,0.638,403.0
1753531659178,12:07:39.178,APE/USDT:USDT,0.6378,11.0,0.6376,13.0,0.6379,32.0,0.638,403.0
1753531659452,12:07:39.452,APE/USDT:USDT,0.6378,11.0,0.6376,13.0,0.6379,32.0,0.638,403.0
1753531659594,12:07:39.594,APE/USDT:USDT,0.6378,11.0,0.6376,13.0,0.6379,32.0,0.638,403.0
1753531659967,12:07:39.967,APE/USDT:USDT,0.6378,11.0,0.6376,13.0,0.6379,32.0,0.638,403.0
1753531660401,12:07:40.401,APE/USDT:USDT,0.6378,11.0,0.6376,13.0,0.6379,422.0,0.638,403.0
1753531660525,12:07:40.525,APE/USDT:USDT,0.6378,11.0,0.6376,13.0,0.6379,1195.0,0.638,403.0
1753531660556,12:07:40.556,APE/USDT:USDT,0.6378,11.0,0.6376,13.0,0.6379,1195.0,0.638,403.0
1753531660672,12:07:40.672,APE/USDT:USDT,0.6378,11.0,0.6376,13.0,0.6379,1195.0,0.638,403.0
1753531661021,12:07:41.021,APE/USDT:USDT,0.6378,11.0,0.6376,13.0,0.6379,1291.0,0.638,403.0
1753531661290,12:07:41.290,APE/USDT:USDT,0.6378,11.0,0.6376,13.0,0.6379,1291.0,0.638,403.0
1753531661424,12:07:41.424,APE/USDT:USDT,0.6378,11.0,0.6375,13.0,0.6379,518.0,0.638,403.0
1753531661528,12:07:41.528,APE/USDT:USDT,0.6378,11.0,0.6375,13.0,0.6379,518.0,0.638,403.0
1753531661633,12:07:41.633,APE/USDT:USDT,0.6378,11.0,0.6375,13.0,0.6379,518.0,0.638,403.0
1753531661668,12:07:41.668,APE/USDT:USDT,0.6378,11.0,0.6375,13.0,0.6379,710.0,0.638,403.0
1753531662549,12:07:42.549,APE/USDT:USDT,0.6378,11.0,0.6375,13.0,0.6379,998.0,0.638,403.0
1753531662706,12:07:42.706,APE/USDT:USDT,0.6378,11.0,0.6375,13.0,0.6379,998.0,0.638,403.0
1753531662892,12:07:42.892,APE/USDT:USDT,0.6378,11.0,0.6375,13.0,0.6379,1286.0,0.638,403.0
1753531663536,12:07:43.536,APE/USDT:USDT,0.6378,11.0,0.6375,13.0,0.6379,1287.0,0.638,403.0
1753531663636,12:07:43.636,APE/USDT:USDT,0.6378,11.0,0.6375,13.0,0.6379,1286.0,0.638,403.0
1753531664134,12:07:44.134,APE/USDT:USDT,0.6378,11.0,0.6375,13.0,0.6379,1286.0,0.638,403.0
1753531664327,12:07:44.327,APE/USDT:USDT,0.6375,13.0,0.6374,388.0,0.6379,1286.0,0.638,403.0
1753531664428,12:07:44.428,APE/USDT:USDT,0.6375,13.0,0.6374,388.0,0.6379,1286.0,0.638,403.0
1753531664575,12:07:44.575,APE/USDT:USDT,0.6375,13.0,0.6374,388.0,0.6379,1286.0,0.638,403.0
1753531664728,12:07:44.728,APE/USDT:USDT,0.6375,13.0,0.6374,388.0,0.6379,1286.0,0.638,403.0
1753531664892,12:07:44.892,APE/USDT:USDT,0.6375,13.0,0.6374,388.0,0.6379,1286.0,0.638,403.0
1753531665021,12:07:45.021,APE/USDT:USDT,0.6375,45.0,0.6374,388.0,0.6379,1286.0,0.638,403.0
1753531665079,12:07:45.079,APE/USDT:USDT,0.6375,435.0,0.6374,388.0,0.6379,422.0,0.638,403.0
1753531665146,12:07:45.146,APE/USDT:USDT,0.6375,435.0,0.6374,388.0,0.6379,422.0,0.638,403.0
1753531665315,12:07:45.315,APE/USDT:USDT,0.6376,390.0,0.6375,435.0,0.6379,422.0,0.638,403.0
1753531665346,12:07:45.346,APE/USDT:USDT,0.6377,13.0,0.6376,390.0,0.6379,422.0,0.638,403.0
1753531665522,12:07:45.522,APE/USDT:USDT,0.6377,13.0,0.6376,390.0,0.6378,96.0,0.6379,422.0
1753531665570,12:07:45.570,APE/USDT:USDT,0.6377,13.0,0.6376,390.0,0.6378,96.0,0.6379,422.0
1753531665815,12:07:45.815,APE/USDT:USDT,0.6377,13.0,0.6376,390.0,0.6378,96.0,0.6379,422.0
1753531665836,12:07:45.836,APE/USDT:USDT,0.6377,13.0,0.6376,390.0,0.6378,96.0,0.6379,422.0
1753531666007,12:07:46.007,APE/USDT:USDT,0.6377,13.0,0.6376,390.0,0.6378,576.0,0.6379,422.0
1753531666316,12:07:46.316,APE/USDT:USDT,0.6377,13.0,0.6376,390.0,0.6378,576.0,0.6379,406.0
1753531666384,12:07:46.384,APE/USDT:USDT,0.6377,13.0,0.6376,406.0,0.6378,576.0,0.6379,16.0
1753531666436,12:07:46.436,APE/USDT:USDT,0.6377,13.0,0.6376,406.0,0.6378,576.0,0.6379,16.0
1753531666538,12:07:46.538,APE/USDT:USDT,0.6377,13.0,0.6376,406.0,0.6378,576.0,0.6379,16.0
1753531666932,12:07:46.932,APE/USDT:USDT,0.6377,13.0,0.6376,406.0,0.6378,672.0,0.6379,16.0
1753531666936,12:07:46.936,APE/USDT:USDT,0.6377,13.0,0.6376,406.0,0.6378,672.0,0.6379,32.0
1753531667037,12:07:47.037,APE/USDT:USDT,0.6377,13.0,0.6376,406.0,0.6378,672.0,0.6379,32.0
1753531667318,12:07:47.318,APE/USDT:USDT,0.6377,13.0,0.6376,390.0,0.6378,864.0,0.6379,16.0
1753531667790,12:07:47.790,APE/USDT:USDT,0.6377,13.0,0.6376,390.0,0.6378,960.0,0.6379,32.0
1753531667913,12:07:47.913,APE/USDT:USDT,0.6377,13.0,0.6376,390.0,0.6379,32.0,0.638,1992.0
1753531668006,12:07:48.006,APE/USDT:USDT,0.6377,13.0,0.6376,390.0,0.6379,16.0,0.638,1992.0
1753531668035,12:07:48.035,APE/USDT:USDT,0.6377,13.0,0.6376,390.0,0.6379,16.0,0.638,1992.0
1753531668176,12:07:48.176,APE/USDT:USDT,0.6377,13.0,0.6376,390.0,0.6379,16.0,0.638,1992.0
1753531668419,12:07:48.419,APE/USDT:USDT,0.6377,13.0,0.6376,390.0,0.6379,16.0,0.638,1992.0
1753531668491,12:07:48.491,APE/USDT:USDT,0.6377,13.0,0.6376,390.0,0.6378,192.0,0.6379,16.0
1753531668835,12:07:48.835,APE/USDT:USDT,0.6377,13.0,0.6376,390.0,0.6378,192.0,0.6379,16.0
1753531668997,12:07:48.997,APE/USDT:USDT,0.6377,13.0,0.6376,390.0,0.638,2024.0,0.6381,735.0
1753531669250,12:07:49.250,APE/USDT:USDT,0.6377,13.0,0.6376,390.0,0.638,2024.0,0.6381,735.0
1753531669533,12:07:49.533,APE/USDT:USDT,0.6377,13.0,0.6376,390.0,0.6379,97.0,0.638,2024.0
1753531669690,12:07:49.690,APE/USDT:USDT,0.6377,13.0,0.6376,390.0,0.638,2024.0,0.6381,735.0
1753531669801,12:07:49.801,APE/USDT:USDT,0.6377,13.0,0.6375,390.0,0.638,2024.0,0.6381,735.0
1753531669856,12:07:49.856,APE/USDT:USDT,0.6376,29.0,0.6375,390.0,0.638,2024.0,0.6381,735.0
1753531669952,12:07:49.952,APE/USDT:USDT,0.6376,409.0,0.6375,390.0,0.638,2024.0,0.6381,735.0
1753531670120,12:07:50.120,APE/USDT:USDT,0.6376,409.0,0.6375,390.0,0.6378,194.0,0.6379,194.0
1753531670139,12:07:50.139,APE/USDT:USDT,0.6376,396.0,0.6375,390.0,0.6378,194.0,0.6379,194.0
1753531670367,12:07:50.367,APE/USDT:USDT,0.6376,396.0,0.6375,390.0,0.6378,194.0,0.6379,194.0
1753531670483,12:07:50.483,APE/USDT:USDT,0.6376,380.0,0.6375,406.0,0.6378,194.0,0.6379,194.0
1753531670820,12:07:50.820,APE/USDT:USDT,0.6376,380.0,0.6375,390.0,0.6378,194.0,0.6379,194.0
1753531670856,12:07:50.856,APE/USDT:USDT,0.6376,380.0,0.6375,406.0,0.6378,194.0,0.6379,194.0
1753531671029,12:07:51.029,APE/USDT:USDT,0.6376,396.0,0.6375,406.0,0.6378,194.0,0.6379,194.0
1753531671095,12:07:51.095,APE/USDT:USDT,0.6376,380.0,0.6375,406.0,0.6378,194.0,0.6379,194.0
1753531671317,12:07:51.317,APE/USDT:USDT,0.6376,380.0,0.6375,406.0,0.6378,194.0,0.6379,194.0
1753531671356,12:07:51.356,APE/USDT:USDT,0.6376,396.0,0.6375,406.0,0.6378,194.0,0.6379,194.0
1753531671529,12:07:51.529,APE/USDT:USDT,0.6376,412.0,0.6375,406.0,0.6377,291.0,0.638,985.0
1753531671539,12:07:51.539,APE/USDT:USDT,0.6376,393.0,0.6375,422.0,0.6377,291.0,0.6379,380.0
1753531671704,12:07:51.704,APE/USDT:USDT,0.6376,393.0,0.6375,422.0,0.6377,291.0,0.6379,380.0
1753531671856,12:07:51.856,APE/USDT:USDT,0.6376,425.0,0.6375,390.0,0.6379,380.0,0.638,985.0
1753531671936,12:07:51.936,APE/USDT:USDT,0.6376,425.0,0.6375,390.0,0.6379,396.0,0.638,985.0
1753531672137,12:07:52.137,APE/USDT:USDT,0.6376,425.0,0.6375,390.0,0.6379,396.0,0.638,985.0
1753531672415,12:07:52.415,APE/USDT:USDT,0.6376,409.0,0.6375,390.0,0.6379,396.0,0.638,985.0
1753531672496,12:07:52.496,APE/USDT:USDT,0.6376,425.0,0.6375,390.0,0.6379,396.0,0.638,985.0
1753531672982,12:07:52.982,APE/USDT:USDT,0.6376,409.0,0.6375,390.0,0.6379,396.0,0.638,985.0
1753531673302,12:07:53.302,APE/USDT:USDT,0.6376,425.0,0.6375,390.0,0.6379,396.0,0.638,985.0
1753531673356,12:07:53.356,APE/USDT:USDT,0.6376,425.0,0.6375,390.0,0.6379,396.0,0.638,985.0
1753531673437,12:07:53.437,APE/USDT:USDT,0.6376,425.0,0.6375,390.0,0.6379,412.0,0.638,985.0
1753531673917,12:07:53.917,APE/USDT:USDT,0.6376,425.0,0.6375,390.0,0.6379,396.0,0.638,985.0
1753531674112,12:07:54.112,APE/USDT:USDT,0.6376,425.0,0.6375,390.0,0.6379,412.0,0.638,985.0
1753531674683,12:07:54.683,APE/USDT:USDT,0.6376,409.0,0.6375,390.0,0.6378,97.0,0.6379,380.0
1753531674763,12:07:54.763,APE/USDT:USDT,0.6375,406.0,0.6374,3511.0,0.6378,97.0,0.6379,380.0
1753531674876,12:07:54.876,APE/USDT:USDT,0.6376,13.0,0.6375,406.0,0.6378,97.0,0.6379,380.0
1753531674978,12:07:54.978,APE/USDT:USDT,0.6376,13.0,0.6375,406.0,0.6378,97.0,0.6379,380.0
1753531675190,12:07:55.190,APE/USDT:USDT,0.6376,13.0,0.6375,406.0,0.6379,412.0,0.638,985.0
1753531675393,12:07:55.393,APE/USDT:USDT,0.6376,13.0,0.6375,406.0,0.6379,412.0,0.638,985.0
1753531675813,12:07:55.813,APE/USDT:USDT,0.6376,13.0,0.6375,406.0,0.6377,388.0,0.6378,194.0
1753531676331,12:07:56.331,APE/USDT:USDT,0.6376,13.0,0.6375,406.0,0.6377,97.0,0.6379,396.0
1753531676356,12:07:56.356,APE/USDT:USDT,0.6376,13.0,0.6375,406.0,0.6379,412.0,0.638,985.0
1753531676632,12:07:56.632,APE/USDT:USDT,0.6376,13.0,0.6375,406.0,0.6379,412.0,0.638,985.0
1753531677148,12:07:57.148,APE/USDT:USDT,0.6376,13.0,0.6375,406.0,0.6379,412.0,0.638,985.0
1753531677608,12:07:57.608,APE/USDT:USDT,0.6376,13.0,0.6375,390.0,0.6379,412.0,0.638,985.0
1753531677855,12:07:57.855,APE/USDT:USDT,0.6376,13.0,0.6375,390.0,0.6379,412.0,0.638,985.0
1753531679412,12:07:59.412,APE/USDT:USDT,0.6376,13.0,0.6375,390.0,0.6379,412.0,0.638,985.0
1753531679569,12:07:59.569,APE/USDT:USDT,0.6376,29.0,0.6375,390.0,0.638,985.0,0.6381,3082.0
1753531679719,12:07:59.719,APE/USDT:USDT,0.6376,13.0,0.6375,390.0,0.638,985.0,0.6381,3082.0
1753531679815,12:07:59.815,APE/USDT:USDT,0.6376,13.0,0.6375,390.0,0.6379,403.0,0.638,1001.0
1753531679875,12:07:59.875,APE/USDT:USDT,0.6376,13.0,0.6375,390.0,0.6379,403.0,0.638,1001.0
1753531680015,12:08:00.015,APE/USDT:USDT,0.6376,13.0,0.6375,390.0,0.6379,403.0,0.638,1001.0
1753531680428,12:08:00.428,APE/USDT:USDT,0.6376,13.0,0.6375,390.0,0.6379,403.0,0.638,1001.0
1753531680439,12:08:00.439,APE/USDT:USDT,0.6376,13.0,0.6375,390.0,0.6379,403.0,0.638,1001.0
1753531680684,12:08:00.684,APE/USDT:USDT,0.6376,13.0,0.6375,390.0,0.6378,16.0,0.6379,419.0
1753531680808,12:08:00.808,APE/USDT:USDT,0.6376,13.0,0.6375,390.0,0.6378,16.0,0.6379,419.0
1753531681660,12:08:01.660,APE/USDT:USDT,0.6376,45.0,0.6375,390.0,0.638,985.0,0.6381,3082.0
1753531681789,12:08:01.789,APE/USDT:USDT,0.6376,45.0,0.6375,390.0,0.638,985.0,0.6381,3082.0
1753531681906,12:08:01.906,APE/USDT:USDT,0.6376,45.0,0.6375,390.0,0.638,985.0,0.6381,3082.0
1753531682021,12:08:02.021,APE/USDT:USDT,0.6376,45.0,0.6375,390.0,0.6379,387.0,0.638,1001.0
1753531682115,12:08:02.115,APE/USDT:USDT,0.6376,45.0,0.6375,390.0,0.6379,387.0,0.638,1001.0
1753531682152,12:08:02.152,APE/USDT:USDT,0.6376,432.0,0.6375,390.0,0.638,1017.0,0.6381,3082.0
1753531682325,12:08:02.325,APE/USDT:USDT,0.6377,387.0,0.6376,416.0,0.638,1017.0,0.6381,3082.0
1753531682401,12:08:02.401,APE/USDT:USDT,0.6378,13.0,0.6377,387.0,0.638,1017.0,0.6381,3082.0
1753531682625,12:08:02.625,APE/USDT:USDT,0.6378,13.0,0.6376,387.0,0.6379,194.0,0.638,1017.0
1753531682663,12:08:02.663,APE/USDT:USDT,0.6377,13.0,0.6375,390.0,0.6379,194.0,0.638,1017.0
1753531682816,12:08:02.816,APE/USDT:USDT,0.6376,400.0,0.6375,390.0,0.6379,194.0,0.638,1017.0
1753531682918,12:08:02.918,APE/USDT:USDT,0.6376,432.0,0.6375,390.0,0.6379,194.0,0.638,1017.0
1753531683160,12:08:03.160,APE/USDT:USDT,0.6376,432.0,0.6375,390.0,0.6379,194.0,0.638,1017.0
1753531683850,12:08:03.850,APE/USDT:USDT,0.6376,432.0,0.6375,390.0,0.638,1017.0,0.6381,3082.0
1753531684008,12:08:04.008,APE/USDT:USDT,0.6376,432.0,0.6375,390.0,0.638,1017.0,0.6381,3082.0
1753531684280,12:08:04.280,APE/USDT:USDT,0.6376,416.0,0.6375,390.0,0.638,1017.0,0.6381,3082.0
1753531684700,12:08:04.700,APE/USDT:USDT,0.6377,387.0,0.6376,416.0,0.638,1017.0,0.6381,3082.0
1753531684803,12:08:04.803,APE/USDT:USDT,0.6378,13.0,0.6376,403.0,0.638,1017.0,0.6381,3082.0
1753531684899,12:08:04.899,APE/USDT:USDT,0.6377,13.0,0.6376,403.0,0.6379,291.0,0.638,1017.0
1753531685222,12:08:05.222,APE/USDT:USDT,0.6377,13.0,0.6376,403.0,0.6379,291.0,0.638,1017.0
1753531686030,12:08:06.030,APE/USDT:USDT,0.6377,13.0,0.6376,403.0,0.6379,291.0,0.638,1017.0
1753531686130,12:08:06.130,APE/USDT:USDT,0.6377,13.0,0.6376,403.0,0.6379,291.0,0.638,1017.0
1753531686136,12:08:06.136,APE/USDT:USDT,0.6377,13.0,0.6376,403.0,0.6379,291.0,0.638,1017.0
1753531688313,12:08:08.313,APE/USDT:USDT,0.6377,425.0,0.6376,387.0,0.6381,2340.0,0.6382,1160.0
1753531688432,12:08:08.432,APE/USDT:USDT,0.6377,409.0,0.6376,387.0,0.6381,2356.0,0.6382,1160.0
1753531688475,12:08:08.475,APE/USDT:USDT,0.6377,409.0,0.6376,387.0,0.6381,2356.0,0.6382,1160.0
1753531688716,12:08:08.716,APE/USDT:USDT,0.6377,409.0,0.6376,387.0,0.6381,751.0,0.6382,1642.0
1753531689003,12:08:09.003,APE/USDT:USDT,0.6377,409.0,0.6376,387.0,0.6381,751.0,0.6382,1642.0
1753531689061,12:08:09.061,APE/USDT:USDT,0.6377,409.0,0.6375,390.0,0.6381,751.0,0.6382,1642.0
1753531689576,12:08:09.576,APE/USDT:USDT,0.6378,396.0,0.6377,425.0,0.6382,869.0,0.6383,3304.0
1753531689720,12:08:09.720,APE/USDT:USDT,0.6379,29.0,0.6378,396.0,0.6381,96.0,0.6382,869.0
1753531689788,12:08:09.788,APE/USDT:USDT,0.6379,16.0,0.6378,396.0,0.6381,96.0,0.6382,387.0
1753531689915,12:08:09.915,APE/USDT:USDT,0.6379,16.0,0.6378,396.0,0.6381,288.0,0.6382,387.0
1753531689976,12:08:09.976,APE/USDT:USDT,0.6379,32.0,0.6378,412.0,0.6381,288.0,0.6382,387.0
1753531690093,12:08:10.093,APE/USDT:USDT,0.6379,32.0,0.6378,412.0,0.6381,288.0,0.6382,387.0
1753531690159,12:08:10.159,APE/USDT:USDT,0.6379,32.0,0.6378,412.0,0.6381,288.0,0.6382,387.0
1753531690374,12:08:10.374,APE/USDT:USDT,0.6379,32.0,0.6378,412.0,0.638,288.0,0.6382,403.0
1753531690509,12:08:10.509,APE/USDT:USDT,0.6379,45.0,0.6378,412.0,0.638,288.0,0.6382,403.0
1753531690536,12:08:10.536,APE/USDT:USDT,0.6379,45.0,0.6378,412.0,0.638,288.0,0.6382,403.0
1753531690800,12:08:10.800,APE/USDT:USDT,0.6379,29.0,0.6378,412.0,0.638,288.0,0.6382,403.0
1753531690929,12:08:10.929,APE/USDT:USDT,0.6379,29.0,0.6378,412.0,0.638,288.0,0.6382,403.0
1753531691224,12:08:11.224,APE/USDT:USDT,0.6379,13.0,0.6378,428.0,0.638,480.0,0.6382,403.0
1753531691256,12:08:11.256,APE/USDT:USDT,0.6379,13.0,0.6378,396.0,0.638,480.0,0.6382,403.0
1753531691354,12:08:11.354,APE/USDT:USDT,0.6379,13.0,0.6378,412.0,0.638,480.0,0.6382,403.0
1753531691456,12:08:11.456,APE/USDT:USDT,0.6379,13.0,0.6378,428.0,0.638,576.0,0.6382,403.0
1753531691896,12:08:11.896,APE/USDT:USDT,0.6379,13.0,0.6378,428.0,0.638,576.0,0.6382,403.0
1753531692002,12:08:12.002,APE/USDT:USDT,0.6379,13.0,0.6378,428.0,0.638,576.0,0.6382,403.0
1753531692149,12:08:12.149,APE/USDT:USDT,0.6379,13.0,0.6378,428.0,0.638,576.0,0.6382,403.0
1753531692567,12:08:12.567,APE/USDT:USDT,0.6379,13.0,0.6378,428.0,0.638,768.0,0.6382,387.0
1753531693005,12:08:13.005,APE/USDT:USDT,0.6379,13.0,0.6378,428.0,0.638,768.0,0.6382,387.0
1753531693823,12:08:13.823,APE/USDT:USDT,0.6379,13.0,0.6377,1979.0,0.638,768.0,0.6381,16.0
1753531693848,12:08:13.848,APE/USDT:USDT,0.6378,13.0,0.6377,1979.0,0.638,768.0,0.6381,16.0
1753531694005,12:08:14.005,APE/USDT:USDT,0.6378,13.0,0.6377,1979.0,0.638,768.0,0.6382,387.0
1753531694071,12:08:14.071,APE/USDT:USDT,0.6378,13.0,0.6377,1979.0,0.638,768.0,0.6381,396.0
1753531694198,12:08:14.198,APE/USDT:USDT,0.6378,13.0,0.6377,1979.0,0.638,768.0,0.6381,396.0
1753531694236,12:08:14.236,APE/USDT:USDT,0.6378,13.0,0.6377,1979.0,0.638,784.0,0.6381,396.0
1753531694376,12:08:14.376,APE/USDT:USDT,0.6378,13.0,0.6377,1979.0,0.638,768.0,0.6381,396.0
1753531694496,12:08:14.496,APE/USDT:USDT,0.6378,13.0,0.6377,1979.0,0.6381,428.0,0.6382,1160.0
1753531694591,12:08:14.591,APE/USDT:USDT,0.6378,13.0,0.6377,1979.0,0.6381,428.0,0.6382,1160.0
1753531694741,12:08:14.741,APE/USDT:USDT,0.6378,29.0,0.6377,1979.0,0.6381,428.0,0.6382,1160.0
1753531694901,12:08:14.901,APE/USDT:USDT,0.6378,13.0,0.6377,1979.0,0.6381,428.0,0.6382,387.0
1753531695030,12:08:15.030,APE/USDT:USDT,0.6378,29.0,0.6377,1979.0,0.6381,428.0,0.6382,387.0
1753531695070,12:08:15.070,APE/USDT:USDT,0.6378,45.0,0.6377,1979.0,0.6381,412.0,0.6382,387.0
1753531695176,12:08:15.176,APE/USDT:USDT,0.6378,29.0,0.6377,1979.0,0.6382,387.0,0.6383,1699.0
1753531695407,12:08:15.407,APE/USDT:USDT,0.6378,13.0,0.6377,1979.0,0.6382,387.0,0.6383,1699.0
1753531696631,12:08:16.631,APE/USDT:USDT,0.6378,409.0,0.6377,1979.0,0.6382,387.0,0.6383,1699.0
1753531696684,12:08:16.684,APE/USDT:USDT,0.6378,409.0,0.6377,1979.0,0.6382,387.0,0.6383,1699.0
1753531697003,12:08:17.003,APE/USDT:USDT,0.6378,409.0,0.6377,1979.0,0.6382,387.0,0.6383,1699.0
1753531698725,12:08:18.725,APE/USDT:USDT,0.6378,13.0,0.6377,1979.0,0.6382,387.0,0.6383,1699.0
1753531699072,12:08:19.072,APE/USDT:USDT,0.6378,13.0,0.6377,1979.0,0.6382,387.0,0.6383,1699.0
1753531699178,12:08:19.178,APE/USDT:USDT,0.6378,13.0,0.6377,1979.0,0.6382,387.0,0.6383,1699.0
1753531699524,12:08:19.524,APE/USDT:USDT,0.6378,13.0,0.6377,1979.0,0.638,391.0,0.6381,423.0
1753531699624,12:08:19.624,APE/USDT:USDT,0.6378,13.0,0.6377,1979.0,0.638,391.0,0.6381,407.0
1753531699843,12:08:19.843,APE/USDT:USDT,0.6378,13.0,0.6377,1979.0,0.638,391.0,0.6381,407.0
1753531700013,12:08:20.013,APE/USDT:USDT,0.6377,794.0,0.6376,8219.0,0.6381,391.0,0.6382,1160.0
1753531700056,12:08:20.056,APE/USDT:USDT,0.6378,1.0,0.6377,1520.0,0.6381,436.0,0.6382,1160.0
1753531700203,12:08:20.203,APE/USDT:USDT,0.6378,1.0,0.6377,1504.0,0.638,391.0,0.6381,436.0
1753531700732,12:08:20.732,APE/USDT:USDT,0.6378,1.0,0.6377,1520.0,0.6381,436.0,0.6382,1160.0
1753531700938,12:08:20.938,APE/USDT:USDT,0.6378,1.0,0.6377,1520.0,0.638,391.0,0.6381,436.0
1753531701118,12:08:21.118,APE/USDT:USDT,0.6378,1.0,0.6377,1504.0,0.638,391.0,0.6381,436.0
1753531701450,12:08:21.450,APE/USDT:USDT,0.6378,1.0,0.6377,1504.0,0.6381,436.0,0.6382,1160.0
1753531701614,12:08:21.614,APE/USDT:USDT,0.6378,17.0,0.6377,1504.0,0.6381,436.0,0.6382,1160.0
1753531701720,12:08:21.720,APE/USDT:USDT,0.6378,408.0,0.6377,1504.0,0.6381,436.0,0.6382,1160.0
1753531701818,12:08:21.818,APE/USDT:USDT,0.6378,408.0,0.6377,2254.0,0.6381,420.0,0.6382,387.0
1753531702112,12:08:22.112,APE/USDT:USDT,0.6378,392.0,0.6377,2254.0,0.6381,420.0,0.6382,387.0
1753531702201,12:08:22.201,APE/USDT:USDT,0.6378,1.0,0.6377,2254.0,0.6381,420.0,0.6382,387.0
1753531702317,12:08:22.317,APE/USDT:USDT,0.6378,1.0,0.6377,1504.0,0.638,96.0,0.6381,436.0
1753531702357,12:08:22.357,APE/USDT:USDT,0.6378,1.0,0.6377,1504.0,0.638,96.0,0.6381,436.0
1753531702628,12:08:22.628,APE/USDT:USDT,0.6378,392.0,0.6377,1520.0,0.638,96.0,0.6381,420.0
1753531702635,12:08:22.635,APE/USDT:USDT,0.6378,392.0,0.6377,1520.0,0.6381,420.0,0.6382,387.0
1753531702776,12:08:22.776,APE/USDT:USDT,0.6378,392.0,0.6377,1520.0,0.6381,420.0,0.6382,387.0
1753531702840,12:08:22.840,APE/USDT:USDT,0.6378,408.0,0.6377,1504.0,0.6381,404.0,0.6382,387.0
1753531703014,12:08:23.014,APE/USDT:USDT,0.6378,408.0,0.6377,1504.0,0.6381,391.0,0.6382,400.0
1753531703184,12:08:23.184,APE/USDT:USDT,0.6378,1.0,0.6377,1504.0,0.638,192.0,0.6381,391.0
1753531703481,12:08:23.481,APE/USDT:USDT,0.6378,1.0,0.6377,1504.0,0.638,288.0,0.6381,391.0
1753531703598,12:08:23.598,APE/USDT:USDT,0.6378,1.0,0.6377,1504.0,0.638,288.0,0.6381,391.0
1753531703655,12:08:23.655,APE/USDT:USDT,0.6378,1.0,0.6377,1504.0,0.638,288.0,0.6381,391.0
1753531703755,12:08:23.755,APE/USDT:USDT,0.6378,1.0,0.6377,1504.0,0.638,288.0,0.6381,391.0
1753531704004,12:08:24.004,APE/USDT:USDT,0.6378,1.0,0.6377,1504.0,0.638,288.0,0.6381,391.0
1753531704414,12:08:24.414,APE/USDT:USDT,0.6378,1.0,0.6377,1488.0,0.638,288.0,0.6381,391.0
1753531704436,12:08:24.436,APE/USDT:USDT,0.6378,1.0,0.6377,1488.0,0.638,288.0,0.6381,391.0
1753531704865,12:08:24.865,APE/USDT:USDT,0.6378,17.0,0.6377,1504.0,0.638,288.0,0.6381,391.0
1753531705013,12:08:25.013,APE/USDT:USDT,0.6378,1.0,0.6377,1488.0,0.638,288.0,0.6381,391.0
1753531705377,12:08:25.377,APE/USDT:USDT,0.6378,1.0,0.6377,2245.0,0.638,288.0,0.6381,391.0
1753531705715,12:08:25.715,APE/USDT:USDT,0.6378,1.0,0.6377,2245.0,0.6381,423.0,0.6382,400.0
1753531706068,12:08:26.068,APE/USDT:USDT,0.6378,1.0,0.6377,2245.0,0.6381,423.0,0.6382,400.0
1753531706560,12:08:26.560,APE/USDT:USDT,0.6378,1.0,0.6377,1488.0,0.638,96.0,0.6381,423.0
1753531706653,12:08:26.653,APE/USDT:USDT,0.6378,1.0,0.6377,1488.0,0.638,96.0,0.6381,407.0
1753531706771,12:08:26.771,APE/USDT:USDT,0.6378,1.0,0.6377,1488.0,0.6381,423.0,0.6382,400.0
1753531708772,12:08:28.772,APE/USDT:USDT,0.6378,1.0,0.6377,1488.0,0.6381,423.0,0.6382,400.0
1753531710226,12:08:30.226,APE/USDT:USDT,0.6378,383.0,0.6377,1488.0,0.6381,32.0,0.6382,400.0
1753531710318,12:08:30.318,APE/USDT:USDT,0.6378,383.0,0.6377,1488.0,0.6382,387.0,0.6383,13.0
1753531710507,12:08:30.507,APE/USDT:USDT,0.6378,383.0,0.6377,1488.0,0.6382,387.0,0.6383,13.0
1753531711003,12:08:31.003,APE/USDT:USDT,0.6378,383.0,0.6377,1488.0,0.6382,387.0,0.6383,13.0
1753531711520,12:08:31.520,APE/USDT:USDT,0.6378,383.0,0.6377,1488.0,0.6382,387.0,0.6383,13.0
1753531711535,12:08:31.535,APE/USDT:USDT,0.6378,383.0,0.6377,1488.0,0.6382,387.0,0.6383,13.0
1753531711727,12:08:31.727,APE/USDT:USDT,0.6378,383.0,0.6377,1488.0,0.6382,387.0,0.6383,13.0
1753531711831,12:08:31.831,APE/USDT:USDT,0.6379,382.0,0.6378,383.0,0.6382,403.0,0.6383,13.0
1753531711891,12:08:31.891,APE/USDT:USDT,0.6379,382.0,0.6378,383.0,0.6382,403.0,0.6383,13.0
1753531712096,12:08:32.096,APE/USDT:USDT,0.6379,382.0,0.6378,383.0,0.6382,419.0,0.6383,13.0
1753531712293,12:08:32.293,APE/USDT:USDT,0.6379,382.0,0.6378,383.0,0.6382,419.0,0.6383,13.0
1753531712655,12:08:32.655,APE/USDT:USDT,0.6379,382.0,0.6378,383.0,0.6382,403.0,0.6383,13.0
1753531712752,12:08:32.752,APE/USDT:USDT,0.6379,382.0,0.6378,383.0,0.6382,419.0,0.6383,13.0
1753531713491,12:08:33.491,APE/USDT:USDT,0.6379,382.0,0.6378,383.0,0.6382,403.0,0.6383,13.0
1753531713569,12:08:33.569,APE/USDT:USDT,0.6379,382.0,0.6378,383.0,0.6382,403.0,0.6383,13.0
1753531713668,12:08:33.668,APE/USDT:USDT,0.6379,382.0,0.6378,383.0,0.6382,419.0,0.6383,13.0
1753531713796,12:08:33.796,APE/USDT:USDT,0.6378,383.0,0.6377,2263.0,0.6382,419.0,0.6383,13.0
1753531714091,12:08:34.091,APE/USDT:USDT,0.6378,383.0,0.6377,2263.0,0.6382,419.0,0.6383,13.0
1753531714300,12:08:34.300,APE/USDT:USDT,0.6378,383.0,0.6377,2263.0,0.6381,398.0,0.6382,403.0
1753531714340,12:08:34.340,APE/USDT:USDT,0.6378,383.0,0.6377,2263.0,0.6381,411.0,0.6382,403.0
1753531714603,12:08:34.603,APE/USDT:USDT,0.6378,383.0,0.6377,2263.0,0.6381,411.0,0.6382,403.0
1753531714656,12:08:34.656,APE/USDT:USDT,0.6378,399.0,0.6377,2263.0,0.6381,411.0,0.6382,403.0
1753531714775,12:08:34.775,APE/USDT:USDT,0.6378,399.0,0.6377,2263.0,0.6381,411.0,0.6382,403.0
1753531715006,12:08:35.006,APE/USDT:USDT,0.6378,399.0,0.6377,2263.0,0.6381,411.0,0.6382,403.0
1753531715219,12:08:35.219,APE/USDT:USDT,0.6378,1.0,0.6377,2263.0,0.6381,427.0,0.6382,387.0
1753531715242,12:08:35.242,APE/USDT:USDT,0.6378,1.0,0.6377,1488.0,0.6381,427.0,0.6382,387.0
1753531715525,12:08:35.525,APE/USDT:USDT,0.6378,1.0,0.6377,1488.0,0.638,398.0,0.6381,411.0
1753531715784,12:08:35.784,APE/USDT:USDT,0.6378,1.0,0.6377,1488.0,0.638,398.0,0.6381,411.0
1753531716108,12:08:36.108,APE/USDT:USDT,0.6378,1.0,0.6377,1488.0,0.638,382.0,0.6381,411.0
1753531716518,12:08:36.518,APE/USDT:USDT,0.6378,1.0,0.6377,1488.0,0.638,398.0,0.6381,411.0
1753531716556,12:08:36.556,APE/USDT:USDT,0.6378,1.0,0.6377,1488.0,0.638,414.0,0.6381,411.0
1753531716680,12:08:36.680,APE/USDT:USDT,0.6378,1.0,0.6376,5276.0,0.638,414.0,0.6381,904.0
1753531716771,12:08:36.771,APE/USDT:USDT,0.6377,1.0,0.6376,5276.0,0.638,414.0,0.6381,888.0
1753531716847,12:08:36.847,APE/USDT:USDT,0.6377,1.0,0.6375,3521.0,0.638,414.0,0.6381,888.0
1753531717024,12:08:37.024,APE/USDT:USDT,0.6376,417.0,0.6375,3521.0,0.638,414.0,0.6381,888.0
1753531717076,12:08:37.076,APE/USDT:USDT,0.6376,417.0,0.6375,2044.0,0.638,414.0,0.6381,888.0
1753531717523,12:08:37.523,APE/USDT:USDT,0.6376,17.0,0.6375,2044.0,0.6379,384.0,0.638,414.0
1753531717559,12:08:37.559,APE/USDT:USDT,0.6376,17.0,0.6375,2044.0,0.6379,397.0,0.638,414.0
1753531717635,12:08:37.635,APE/USDT:USDT,0.6376,17.0,0.6375,2044.0,0.6379,397.0,0.638,414.0
1753531717809,12:08:37.809,APE/USDT:USDT,0.6376,17.0,0.6375,2044.0,0.6379,397.0,0.638,414.0
1753531718006,12:08:38.006,APE/USDT:USDT,0.6376,17.0,0.6375,2044.0,0.6379,397.0,0.638,414.0
1753531718096,12:08:38.096,APE/USDT:USDT,0.6376,1.0,0.6375,2044.0,0.6379,397.0,0.638,414.0
1753531718229,12:08:38.229,APE/USDT:USDT,0.6376,1.0,0.6375,2044.0,0.6379,397.0,0.638,414.0
1753531718401,12:08:38.401,APE/USDT:USDT,0.6376,1.0,0.6375,2044.0,0.6379,397.0,0.638,414.0
1753531719014,12:08:39.014,APE/USDT:USDT,0.6376,1.0,0.6375,1670.0,0.6378,416.0,0.6379,429.0
1753531719061,12:08:39.061,APE/USDT:USDT,0.6376,1.0,0.6375,1670.0,0.6378,416.0,0.6379,429.0
1753531719142,12:08:39.142,APE/USDT:USDT,0.6376,1.0,0.6375,1670.0,0.6378,416.0,0.6379,429.0
1753531719725,12:08:39.725,APE/USDT:USDT,0.6376,1.0,0.6375,1686.0,0.6378,416.0,0.6379,429.0
1753531720316,12:08:40.316,APE/USDT:USDT,0.6376,1.0,0.6375,1670.0,0.6378,416.0,0.6379,429.0
1753531721034,12:08:41.034,APE/USDT:USDT,0.6376,1.0,0.6375,1654.0,0.6378,416.0,0.6379,429.0
1753531721230,12:08:41.230,APE/USDT:USDT,0.6376,1.0,0.6374,5610.0,0.6377,416.0,0.6378,416.0
1753531721329,12:08:41.329,APE/USDT:USDT,0.6375,1.0,0.6374,5610.0,0.6377,384.0,0.6378,384.0
1753531721356,12:08:41.356,APE/USDT:USDT,0.6375,1.0,0.6374,5610.0,0.6377,384.0,0.6378,416.0
1753531721516,12:08:41.516,APE/USDT:USDT,0.6375,1.0,0.6374,5610.0,0.6377,397.0,0.6378,416.0
1753531721613,12:08:41.613,APE/USDT:USDT,0.6375,1.0,0.6374,5610.0,0.6377,397.0,0.6378,416.0
1753531722118,12:08:42.118,APE/USDT:USDT,0.6375,1.0,0.6374,5626.0,0.6377,397.0,0.6378,416.0
1753531722428,12:08:42.428,APE/USDT:USDT,0.6375,1.0,0.6374,5626.0,0.6377,13.0,0.6378,416.0
1753531722441,12:08:42.441,APE/USDT:USDT,0.6375,1587.0,0.6374,5626.0,0.6378,429.0,0.6379,384.0
1753531722551,12:08:42.551,APE/USDT:USDT,0.6375,1.0,0.6374,5626.0,0.6378,429.0,0.6379,384.0
1753531722711,12:08:42.711,APE/USDT:USDT,0.6375,1603.0,0.6374,5626.0,0.6378,413.0,0.6379,384.0
1753531722757,12:08:42.757,APE/USDT:USDT,0.6375,17.0,0.6374,5626.0,0.6378,400.0,0.6379,397.0
1753531722835,12:08:42.835,APE/USDT:USDT,0.6375,1603.0,0.6374,5626.0,0.6378,400.0,0.6379,397.0
1753531722935,12:08:42.935,APE/USDT:USDT,0.6375,17.0,0.6374,5626.0,0.6378,400.0,0.6379,397.0
1753531723175,12:08:43.175,APE/USDT:USDT,0.6375,1603.0,0.6374,5626.0,0.6378,400.0,0.6379,397.0
1753531723242,12:08:43.242,APE/USDT:USDT,0.6375,1603.0,0.6374,5626.0,0.6378,400.0,0.6379,397.0
1753531724926,12:08:44.926,APE/USDT:USDT,0.6375,1619.0,0.6374,5610.0,0.6378,384.0,0.6379,397.0
1753531725003,12:08:45.003,APE/USDT:USDT,0.6375,1619.0,0.6374,5610.0,0.6378,384.0,0.6379,397.0
1753531725168,12:08:45.168,APE/USDT:USDT,0.6375,1619.0,0.6374,5610.0,0.6378,384.0,0.6379,397.0
1753531725617,12:08:45.617,APE/USDT:USDT,0.6375,1603.0,0.6374,5610.0,0.6378,400.0,0.6379,397.0
1753531725679,12:08:45.679,APE/USDT:USDT,0.6375,1619.0,0.6374,5610.0,0.6379,397.0,0.638,1163.0
1753531725964,12:08:45.964,APE/USDT:USDT,0.6375,1619.0,0.6374,5610.0,0.6379,397.0,0.638,1163.0
1753531726172,12:08:46.172,APE/USDT:USDT,0.6375,1619.0,0.6374,5610.0,0.6379,397.0,0.638,1163.0
1753531726396,12:08:46.396,APE/USDT:USDT,0.6375,1603.0,0.6374,5610.0,0.6379,397.0,0.638,1163.0
1753531726449,12:08:46.449,APE/USDT:USDT,0.6375,1477.0,0.6374,5610.0,0.6379,397.0,0.638,1163.0
1753531726540,12:08:46.540,APE/USDT:USDT,0.6375,1477.0,0.6374,5610.0,0.6379,268.0,0.638,1176.0
1753531727316,12:08:47.316,APE/USDT:USDT,0.6375,1477.0,0.6374,5610.0,0.6379,268.0,0.638,395.0
1753531727379,12:08:47.379,APE/USDT:USDT,0.6375,1461.0,0.6374,5610.0,0.638,382.0,0.6381,1181.0
1753531727607,12:08:47.607,APE/USDT:USDT,0.6376,390.0,0.6375,1461.0,0.638,382.0,0.6381,1181.0
1753531727906,12:08:47.906,APE/USDT:USDT,0.6376,390.0,0.6375,1461.0,0.638,382.0,0.6381,1181.0
1753531728016,12:08:48.016,APE/USDT:USDT,0.6376,390.0,0.6375,1461.0,0.638,382.0,0.6381,1181.0
1753531728474,12:08:48.474,APE/USDT:USDT,0.6376,390.0,0.6375,1461.0,0.638,398.0,0.6381,1181.0
1753531728838,12:08:48.838,APE/USDT:USDT,0.6376,390.0,0.6375,1461.0,0.638,398.0,0.6381,1181.0
1753531729187,12:08:49.187,APE/USDT:USDT,0.6376,390.0,0.6375,1461.0,0.638,398.0,0.6381,1181.0
1753531729525,12:08:49.525,APE/USDT:USDT,0.6375,1461.0,0.6374,5610.0,0.6379,406.0,0.638,398.0
1753531729629,12:08:49.629,APE/USDT:USDT,0.6375,1477.0,0.6374,5610.0,0.6379,1179.0,0.638,398.0
1753531729653,12:08:49.653,APE/USDT:USDT,0.6375,1477.0,0.6374,5610.0,0.6379,1192.0,0.638,398.0
1753531729816,12:08:49.816,APE/USDT:USDT,0.6375,1461.0,0.6374,5610.0,0.6378,406.0,0.6379,1192.0
1753531730030,12:08:50.030,APE/USDT:USDT,0.6374,5610.0,0.6373,1130.0,0.6377,406.0,0.6378,422.0
1753531730066,12:08:50.066,APE/USDT:USDT,0.6374,5610.0,0.6373,1130.0,0.6377,406.0,0.6378,422.0
1753531730212,12:08:50.212,APE/USDT:USDT,0.6374,339.0,0.6373,2911.0,0.6377,406.0,0.6378,422.0
1753531730617,12:08:50.617,APE/USDT:USDT,0.6374,355.0,0.6373,2911.0,0.6377,406.0,0.6378,422.0
1753531730693,12:08:50.693,APE/USDT:USDT,0.6374,25.0,0.6373,2911.0,0.6377,406.0,0.6378,422.0
1753531730779,12:08:50.779,APE/USDT:USDT,0.6374,341.0,0.6373,2927.0,0.6376,13.0,0.6377,406.0
1753531730883,12:08:50.883,APE/USDT:USDT,0.6374,341.0,0.6373,2927.0,0.6376,13.0,0.6377,406.0
1753531731222,12:08:51.222,APE/USDT:USDT,0.6374,341.0,0.6373,2943.0,0.6376,13.0,0.6377,406.0
1753531732108,12:08:52.108,APE/USDT:USDT,0.6374,341.0,0.6373,2943.0,0.6376,13.0,0.6377,406.0
1753531732329,12:08:52.329,APE/USDT:USDT,0.6374,341.0,0.6373,2943.0,0.6376,13.0,0.6377,406.0
1753531732337,12:08:52.337,APE/USDT:USDT,0.6374,341.0,0.6373,2943.0,0.6376,13.0,0.6377,406.0
1753531732506,12:08:52.506,APE/USDT:USDT,0.6374,341.0,0.6373,2943.0,0.6376,13.0,0.6377,406.0
1753531732775,12:08:52.775,APE/USDT:USDT,0.6374,341.0,0.6373,2943.0,0.6376,13.0,0.6377,406.0
1753531733125,12:08:53.125,APE/USDT:USDT,0.6373,3.0,0.6371,387.0,0.6375,406.0,0.6376,419.0
1753531733218,12:08:53.218,APE/USDT:USDT,0.637,309.0,0.6369,395.0,0.6374,406.0,0.6375,406.0
1753531733330,12:08:53.330,APE/USDT:USDT,0.637,309.0,0.6369,395.0,0.6374,419.0,0.6375,406.0
1753531733430,12:08:53.430,APE/USDT:USDT,0.637,309.0,0.6369,395.0,0.6374,111.0,0.6375,406.0
1753531733478,12:08:53.478,APE/USDT:USDT,0.637,309.0,0.6369,395.0,0.6373,96.0,0.6374,83.0
1753531733535,12:08:53.535,APE/USDT:USDT,0.637,325.0,0.6369,395.0,0.6373,96.0,0.6374,83.0
1753531733731,12:08:53.731,APE/USDT:USDT,0.637,325.0,0.6369,395.0,0.6372,96.0,0.6374,67.0
1753531733754,12:08:53.754,APE/USDT:USDT,0.637,325.0,0.6369,395.0,0.6372,96.0,0.6374,67.0
1753531734022,12:08:54.022,APE/USDT:USDT,0.637,325.0,0.6369,395.0,0.6372,96.0,0.6374,67.0
1753531734056,12:08:54.056,APE/USDT:USDT,0.637,325.0,0.6369,395.0,0.6374,83.0,0.6375,419.0
1753531734171,12:08:54.171,APE/USDT:USDT,0.637,325.0,0.6369,395.0,0.6374,83.0,0.6375,419.0
1753531734257,12:08:54.257,APE/USDT:USDT,0.637,341.0,0.6369,395.0,0.6374,83.0,0.6375,419.0
1753531734376,12:08:54.376,APE/USDT:USDT,0.637,341.0,0.6369,973.0,0.6374,83.0,0.6375,419.0
1753531734464,12:08:54.464,APE/USDT:USDT,0.637,341.0,0.6369,973.0,0.6373,192.0,0.6374,83.0
1753531734615,12:08:54.615,APE/USDT:USDT,0.637,341.0,0.6369,973.0,0.6373,192.0,0.6374,83.0
1753531734646,12:08:54.646,APE/USDT:USDT,0.637,341.0,0.6369,973.0,0.6374,83.0,0.6375,419.0
1753531734900,12:08:54.900,APE/USDT:USDT,0.637,341.0,0.6369,973.0,0.6374,83.0,0.6375,419.0
1753531735005,12:08:55.005,APE/USDT:USDT,0.637,341.0,0.6369,973.0,0.6374,83.0,0.6375,419.0
1753531735124,12:08:55.124,APE/USDT:USDT,0.637,341.0,0.6369,973.0,0.6373,192.0,0.6374,83.0
1753531735419,12:08:55.419,APE/USDT:USDT,0.637,341.0,0.6369,973.0,0.6373,192.0,0.6374,83.0
1753531735525,12:08:55.525,APE/USDT:USDT,0.637,325.0,0.6369,973.0,0.6373,192.0,0.6374,83.0
1753531735555,12:08:55.555,APE/USDT:USDT,0.637,325.0,0.6369,973.0,0.6374,83.0,0.6375,419.0
1753531735915,12:08:55.915,APE/USDT:USDT,0.637,325.0,0.6369,973.0,0.6374,83.0,0.6375,419.0
1753531736331,12:08:56.331,APE/USDT:USDT,0.637,325.0,0.6369,973.0,0.6373,97.0,0.6374,83.0
1753531736338,12:08:56.338,APE/USDT:USDT,0.637,325.0,0.6369,973.0,0.6372,97.0,0.6373,404.0
1753531736453,12:08:56.453,APE/USDT:USDT,0.637,325.0,0.6369,973.0,0.6373,16.0,0.6374,83.0
1753531736652,12:08:56.652,APE/USDT:USDT,0.637,325.0,0.6369,973.0,0.6373,16.0,0.6374,83.0
1753531736814,12:08:56.814,APE/USDT:USDT,0.637,341.0,0.6369,973.0,0.6374,99.0,0.6375,403.0
1753531737073,12:08:57.073,APE/USDT:USDT,0.637,341.0,0.6369,973.0,0.6374,99.0,0.6375,403.0
1753531737331,12:08:57.331,APE/USDT:USDT,0.637,341.0,0.6369,973.0,0.6374,99.0,0.6375,403.0
1753531737433,12:08:57.433,APE/USDT:USDT,0.637,341.0,0.6369,973.0,0.6374,99.0,0.6375,403.0
1753531737747,12:08:57.747,APE/USDT:USDT,0.637,325.0,0.6369,973.0,0.6374,99.0,0.6375,403.0
1753531737881,12:08:57.881,APE/USDT:USDT,0.637,325.0,0.6369,973.0,0.6374,99.0,0.6375,403.0
1753531738042,12:08:58.042,APE/USDT:USDT,0.637,325.0,0.6369,973.0,0.6374,99.0,0.6375,403.0
1753531738464,12:08:58.464,APE/USDT:USDT,0.637,341.0,0.6369,973.0,0.6374,99.0,0.6375,403.0
1753531738578,12:08:58.578,APE/USDT:USDT,0.637,341.0,0.6369,973.0,0.6374,99.0,0.6375,403.0
1753531738969,12:08:58.969,APE/USDT:USDT,0.637,341.0,0.6369,973.0,0.6374,99.0,0.6375,403.0
1753531739418,12:08:59.418,APE/USDT:USDT,0.637,341.0,0.6369,973.0,0.6374,99.0,0.6375,403.0
1753531739435,12:08:59.435,APE/USDT:USDT,0.637,341.0,0.6369,973.0,0.6374,99.0,0.6375,403.0
1753531740823,12:09:00.823,APE/USDT:USDT,0.637,341.0,0.6369,973.0,0.6374,99.0,0.6375,403.0
1753531740915,12:09:00.915,APE/USDT:USDT,0.637,341.0,0.6369,973.0,0.6374,99.0,0.6375,1002.0
1753531741850,12:09:01.850,APE/USDT:USDT,0.637,325.0,0.6369,973.0,0.6374,99.0,0.6375,1002.0
1753531742215,12:09:02.215,APE/USDT:USDT,0.637,325.0,0.6369,973.0,0.6374,99.0,0.6375,1002.0
1753531742316,12:09:02.316,APE/USDT:USDT,0.637,325.0,0.6369,973.0,0.6374,99.0,0.6375,1002.0
1753531742909,12:09:02.909,APE/USDT:USDT,0.637,341.0,0.6369,973.0,0.6374,99.0,0.6375,1002.0
1753531743101,12:09:03.101,APE/USDT:USDT,0.637,325.0,0.6369,973.0,0.6374,99.0,0.6375,1002.0
1753531743796,12:09:03.796,APE/USDT:USDT,0.637,341.0,0.6369,973.0,0.6374,99.0,0.6375,1002.0
1753531744033,12:09:04.033,APE/USDT:USDT,0.637,341.0,0.6369,973.0,0.6374,99.0,0.6375,1002.0
1753531744055,12:09:04.055,APE/USDT:USDT,0.637,341.0,0.6369,973.0,0.6374,83.0,0.6375,1002.0
1753531745676,12:09:05.676,APE/USDT:USDT,0.637,309.0,0.6369,973.0,0.6374,83.0,0.6375,1002.0
1753531747206,12:09:07.206,APE/USDT:USDT,0.637,309.0,0.6369,973.0,0.6374,83.0,0.6375,1002.0
1753531748575,12:09:08.575,APE/USDT:USDT,0.637,309.0,0.6369,973.0,0.6374,83.0,0.6375,1002.0
1753531749566,12:09:09.566,APE/USDT:USDT,0.637,309.0,0.6369,973.0,0.6374,83.0,0.6375,1002.0
1753531749975,12:09:09.975,APE/USDT:USDT,0.637,309.0,0.6369,973.0,0.6374,83.0,0.6375,1002.0
1753531750920,12:09:10.920,APE/USDT:USDT,0.6369,973.0,0.6368,6230.0,0.6374,83.0,0.6375,1002.0
1753531751006,12:09:11.006,APE/USDT:USDT,0.6369,973.0,0.6368,6230.0,0.6374,83.0,0.6375,1002.0
1753531751132,12:09:11.132,APE/USDT:USDT,0.637,5.0,0.6369,973.0,0.6373,2610.0,0.6374,83.0
1753531751224,12:09:11.224,APE/USDT:USDT,0.637,5.0,0.6369,973.0,0.6372,45.0,0.6373,3550.0
1753531751332,12:09:11.332,APE/USDT:USDT,0.6369,1.0,0.6368,2180.0,0.6372,29.0,0.6373,384.0
1753531751412,12:09:11.412,APE/USDT:USDT,0.6369,1.0,0.6368,2180.0,0.6372,16.0,0.6373,384.0
1753531751518,12:09:11.518,APE/USDT:USDT,0.6369,1.0,0.6368,2180.0,0.6372,32.0,0.6373,384.0
1753531751576,12:09:11.576,APE/USDT:USDT,0.6369,1.0,0.6368,2180.0,0.6372,32.0,0.6373,384.0
1753531751724,12:09:11.724,APE/USDT:USDT,0.6369,1.0,0.6368,2180.0,0.6372,32.0,0.6373,384.0
1753531751879,12:09:11.879,APE/USDT:USDT,0.6369,1.0,0.6368,2180.0,0.6372,32.0,0.6373,384.0
1753531752015,12:09:12.015,APE/USDT:USDT,0.6369,1.0,0.6368,2180.0,0.6372,32.0,0.6373,384.0
1753531752393,12:09:12.393,APE/USDT:USDT,0.6369,1.0,0.6368,2180.0,0.6372,32.0,0.6373,384.0
1753531752471,12:09:12.471,APE/USDT:USDT,0.6369,1.0,0.6368,2180.0,0.637,200.0,0.6371,200.0
1753531752619,12:09:12.619,APE/USDT:USDT,0.6369,1.0,0.6368,2180.0,0.6372,32.0,0.6373,384.0
1753531752655,12:09:12.655,APE/USDT:USDT,0.6369,1.0,0.6368,2180.0,0.6372,32.0,0.6373,384.0
1753531752799,12:09:12.799,APE/USDT:USDT,0.6369,1.0,0.6368,2180.0,0.6372,32.0,0.6373,384.0
1753531753370,12:09:13.370,APE/USDT:USDT,0.6369,1.0,0.6368,2180.0,0.6372,32.0,0.6373,384.0
1753531753436,12:09:13.436,APE/USDT:USDT,0.6369,1.0,0.6368,2180.0,0.6372,32.0,0.6373,384.0
1753531753615,12:09:13.615,APE/USDT:USDT,0.6369,1.0,0.6368,2180.0,0.6371,200.0,0.6372,32.0
1753531753678,12:09:13.678,APE/USDT:USDT,0.6369,1.0,0.6368,2180.0,0.6372,32.0,0.6373,384.0
1753531754298,12:09:14.298,APE/USDT:USDT,0.6369,1.0,0.6368,2180.0,0.6371,200.0,0.6372,32.0
1753531754431,12:09:14.431,APE/USDT:USDT,0.6369,1.0,0.6368,2180.0,0.6371,200.0,0.6372,32.0
1753531754849,12:09:14.849,APE/USDT:USDT,0.6369,1.0,0.6368,2180.0,0.6371,200.0,0.6372,32.0
1753531755100,12:09:15.100,APE/USDT:USDT,0.6369,1.0,0.6368,2196.0,0.6371,200.0,0.6372,32.0
1753531755204,12:09:15.204,APE/USDT:USDT,0.6369,1.0,0.6368,2196.0,0.6371,200.0,0.6372,32.0
1753531755401,12:09:15.401,APE/USDT:USDT,0.6369,1.0,0.6368,2196.0,0.6371,200.0,0.6372,32.0
1753531755510,12:09:15.510,APE/USDT:USDT,0.637,219.0,0.6369,1.0,0.6371,200.0,0.6372,32.0
1753531755614,12:09:15.614,APE/USDT:USDT,0.637,219.0,0.6369,1.0,0.6372,32.0,0.6373,384.0
1753531755666,12:09:15.666,APE/USDT:USDT,0.637,219.0,0.6369,1.0,0.6372,32.0,0.6373,384.0
1753531756118,12:09:16.118,APE/USDT:USDT,0.637,219.0,0.6369,1.0,0.6371,200.0,0.6372,32.0
1753531756428,12:09:16.428,APE/USDT:USDT,0.637,219.0,0.6369,1.0,0.6372,32.0,0.6373,384.0
1753531756438,12:09:16.438,APE/USDT:USDT,0.637,219.0,0.6369,1.0,0.6372,32.0,0.6373,384.0
1753531756591,12:09:16.591,APE/USDT:USDT,0.637,219.0,0.6369,1.0,0.6372,32.0,0.6373,384.0
1753531756696,12:09:16.696,APE/USDT:USDT,0.637,219.0,0.6369,1.0,0.6372,32.0,0.6373,384.0
1753531756744,12:09:16.744,APE/USDT:USDT,0.637,219.0,0.6369,1.0,0.6372,32.0,0.6373,384.0
1753531756903,12:09:16.903,APE/USDT:USDT,0.637,219.0,0.6369,1.0,0.6372,32.0,0.6373,384.0
1753531757232,12:09:17.232,APE/USDT:USDT,0.637,219.0,0.6369,1.0,0.6372,32.0,0.6373,384.0
1753531757236,12:09:17.236,APE/USDT:USDT,0.637,219.0,0.6369,1.0,0.6372,32.0,0.6373,384.0
1753531757391,12:09:17.391,APE/USDT:USDT,0.637,219.0,0.6369,1.0,0.6372,32.0,0.6373,384.0
1753531757964,12:09:17.964,APE/USDT:USDT,0.637,219.0,0.6369,1.0,0.6372,16.0,0.6373,400.0
1753531758113,12:09:18.113,APE/USDT:USDT,0.637,219.0,0.6369,1.0,0.6372,425.0,0.6373,400.0
1753531758170,12:09:18.170,APE/USDT:USDT,0.637,219.0,0.6369,1.0,0.6372,438.0,0.6373,400.0
1753531758906,12:09:18.906,APE/USDT:USDT,0.637,219.0,0.6369,1.0,0.6371,116.0,0.6372,438.0
1753531758988,12:09:18.988,APE/USDT:USDT,0.637,219.0,0.6369,1.0,0.6371,132.0,0.6372,438.0
1753531759051,12:09:19.051,APE/USDT:USDT,0.637,219.0,0.6369,1.0,0.6371,132.0,0.6372,438.0
1753531759318,12:09:19.318,APE/USDT:USDT,0.637,219.0,0.6369,1.0,0.6371,200.0,0.6372,438.0
1753531759433,12:09:19.433,APE/USDT:USDT,0.637,219.0,0.6369,1.0,0.6371,216.0,0.6372,438.0
1753531759433,12:09:19.433,APE/USDT:USDT,0.637,219.0,0.6369,1.0,0.6371,232.0,0.6372,438.0
1753531759700,12:09:19.700,APE/USDT:USDT,0.637,219.0,0.6369,1.0,0.6371,200.0,0.6372,438.0
1753531759861,12:09:19.861,APE/USDT:USDT,0.637,219.0,0.6369,1.0,0.6371,232.0,0.6372,438.0
1753531760480,12:09:20.480,APE/USDT:USDT,0.637,219.0,0.6369,1.0,0.6371,432.0,0.6372,438.0
1753531760931,12:09:20.931,APE/USDT:USDT,0.637,219.0,0.6369,1.0,0.6371,432.0,0.6372,438.0
1753531762016,12:09:22.016,APE/USDT:USDT,0.637,219.0,0.6369,1.0,0.6371,716.0,0.6372,438.0
1753531762072,12:09:22.072,APE/USDT:USDT,0.637,219.0,0.6369,1.0,0.6371,732.0,0.6372,438.0
1753531762557,12:09:22.557,APE/USDT:USDT,0.637,219.0,0.6369,1.0,0.6371,732.0,0.6372,438.0
1753531762971,12:09:22.971,APE/USDT:USDT,0.637,219.0,0.6369,1.0,0.6371,732.0,0.6372,438.0
1753531763875,12:09:23.875,APE/USDT:USDT,0.637,219.0,0.6369,1.0,0.6371,732.0,0.6372,779.0
1753531763968,12:09:23.968,APE/USDT:USDT,0.637,219.0,0.6369,1.0,0.6371,732.0,0.6372,779.0
1753531764159,12:09:24.159,APE/USDT:USDT,0.637,219.0,0.6369,1.0,0.6371,732.0,0.6372,779.0
1753531764631,12:09:24.631,APE/USDT:USDT,0.6369,1.0,0.6368,3.0,0.6371,832.0,0.6372,779.0
1753531764717,12:09:24.717,APE/USDT:USDT,0.6369,1.0,0.6368,3.0,0.637,434.0,0.6371,1415.0
1753531764796,12:09:24.796,APE/USDT:USDT,0.6369,1.0,0.6368,3.0,0.637,41.0,0.6371,1415.0
1753531764896,12:09:24.896,APE/USDT:USDT,0.6369,1.0,0.6368,3.0,0.637,41.0,0.6371,1415.0
1753531765030,12:09:25.030,APE/USDT:USDT,0.6369,1.0,0.6368,3.0,0.637,9.0,0.6371,815.0
1753531765094,12:09:25.094,APE/USDT:USDT,0.6369,1.0,0.6368,3.0,0.637,13.0,0.6371,615.0
1753531765215,12:09:25.215,APE/USDT:USDT,0.6369,1.0,0.6368,3.0,0.637,29.0,0.6371,631.0
1753531765313,12:09:25.313,APE/USDT:USDT,0.6369,1.0,0.6368,3.0,0.637,339.0,0.6371,631.0
1753531765415,12:09:25.415,APE/USDT:USDT,0.6369,1.0,0.6368,3.0,0.637,339.0,0.6371,631.0
1753531765820,12:09:25.820,APE/USDT:USDT,0.6369,1.0,0.6368,3.0,0.637,339.0,0.6371,32.0
1753531765915,12:09:25.915,APE/USDT:USDT,0.6369,1.0,0.6368,3.0,0.637,326.0,0.6371,438.0
1753531766009,12:09:26.009,APE/USDT:USDT,0.6369,1.0,0.6368,3.0,0.637,326.0,0.6371,438.0
1753531766226,12:09:26.226,APE/USDT:USDT,0.6369,1.0,0.6368,3.0,0.637,326.0,0.6371,438.0
1753531766394,12:09:26.394,APE/USDT:USDT,0.6369,1.0,0.6368,3.0,0.637,326.0,0.6371,438.0
1753531766687,12:09:26.687,APE/USDT:USDT,0.6369,1.0,0.6368,3.0,0.637,326.0,0.6371,438.0
1753531766809,12:09:26.809,APE/USDT:USDT,0.6369,1.0,0.6368,3.0,0.637,310.0,0.6371,438.0
1753531766915,12:09:26.915,APE/USDT:USDT,0.6369,1.0,0.6368,3.0,0.637,212.0,0.6371,438.0
1753531767120,12:09:27.120,APE/USDT:USDT,0.6369,1.0,0.6368,3.0,0.637,196.0,0.6371,422.0
1753531767321,12:09:27.321,APE/USDT:USDT,0.6369,1.0,0.6368,3.0,0.637,310.0,0.6371,438.0
1753531767458,12:09:27.458,APE/USDT:USDT,0.6369,1.0,0.6368,3.0,0.637,212.0,0.6371,438.0
1753531767786,12:09:27.786,APE/USDT:USDT,0.6369,1.0,0.6368,3.0,0.637,114.0,0.6371,438.0
1753531767859,12:09:27.859,APE/USDT:USDT,0.6369,1.0,0.6368,3.0,0.637,114.0,0.6371,438.0
1753531768131,12:09:28.131,APE/USDT:USDT,0.6369,1.0,0.6368,3.0,0.637,114.0,0.6371,438.0
1753531768230,12:09:28.230,APE/USDT:USDT,0.6365,232.0,0.6362,392.0,0.637,1279.0,0.6371,1984.0
1753531768329,12:09:28.329,APE/USDT:USDT,0.6365,232.0,0.6362,392.0,0.6369,413.0,0.637,1776.0
1753531768416,12:09:28.416,APE/USDT:USDT,0.6365,232.0,0.6362,392.0,0.6369,413.0,0.637,1776.0
1753531768517,12:09:28.517,APE/USDT:USDT,0.6365,232.0,0.6363,754.0,0.6369,413.0,0.637,1776.0
1753531768577,12:09:28.577,APE/USDT:USDT,0.6365,232.0,0.6363,754.0,0.6369,413.0,0.637,1776.0
1753531768810,12:09:28.810,APE/USDT:USDT,0.6365,232.0,0.6363,754.0,0.6369,413.0,0.637,1776.0
1753531769222,12:09:29.222,APE/USDT:USDT,0.6365,232.0,0.6363,754.0,0.6367,98.0,0.6368,212.0
1753531769277,12:09:29.277,APE/USDT:USDT,0.6365,232.0,0.6363,754.0,0.6367,127.0,0.6368,228.0
1753531769430,12:09:29.430,APE/USDT:USDT,0.6365,232.0,0.6363,754.0,0.6367,127.0,0.6368,130.0
1753531769487,12:09:29.487,APE/USDT:USDT,0.6365,232.0,0.6363,754.0,0.6367,127.0,0.6368,424.0
1753531769555,12:09:29.555,APE/USDT:USDT,0.6365,232.0,0.6363,754.0,0.6367,127.0,0.6368,424.0
1753531769740,12:09:29.740,APE/USDT:USDT,0.6365,232.0,0.6363,754.0,0.6366,98.0,0.6367,29.0
1753531769930,12:09:29.930,APE/USDT:USDT,0.6365,232.0,0.6364,16.0,0.6366,98.0,0.6367,29.0
1753531770031,12:09:30.031,APE/USDT:USDT,0.6363,408.0,0.6362,760.0,0.6367,13.0,0.6368,408.0
1753531770109,12:09:30.109,APE/USDT:USDT,0.6362,744.0,0.6361,1172.0,0.6366,310.0,0.6368,405.0
1753531770220,12:09:30.220,APE/USDT:USDT,0.6362,744.0,0.6361,1172.0,0.6366,310.0,0.6368,405.0
1753531770328,12:09:30.328,APE/USDT:USDT,0.6362,760.0,0.6361,1172.0,0.6366,16.0,0.6368,405.0
1753531770424,12:09:30.424,APE/USDT:USDT,0.6362,760.0,0.6361,1172.0,0.6366,16.0,0.6368,405.0
1753531770509,12:09:30.509,APE/USDT:USDT,0.6362,760.0,0.6361,1172.0,0.6368,405.0,0.6369,384.0
1753531770595,12:09:30.595,APE/USDT:USDT,0.6363,392.0,0.6362,760.0,0.6368,392.0,0.6369,397.0
1753531770862,12:09:30.862,APE/USDT:USDT,0.6363,392.0,0.6362,760.0,0.6368,392.0,0.6369,397.0
1753531771026,12:09:31.026,APE/USDT:USDT,0.6363,392.0,0.6362,744.0,0.6368,392.0,0.6369,397.0
1753531771118,12:09:31.118,APE/USDT:USDT,0.6361,399.0,0.636,1481.0,0.6368,408.0,0.6369,397.0
1753531771227,12:09:31.227,APE/USDT:USDT,0.6361,399.0,0.636,1481.0,0.6368,408.0,0.6369,397.0
1753531771285,12:09:31.285,APE/USDT:USDT,0.6361,399.0,0.636,1481.0,0.6368,408.0,0.6369,397.0
1753531771433,12:09:31.433,APE/USDT:USDT,0.6362,352.0,0.6361,1936.0,0.6368,408.0,0.6369,397.0
1753531771485,12:09:31.485,APE/USDT:USDT,0.6363,424.0,0.6362,744.0,0.6368,424.0,0.6369,397.0
1753531771631,12:09:31.631,APE/USDT:USDT,0.6363,424.0,0.6362,744.0,0.6368,424.0,0.6369,397.0
1753531771713,12:09:31.713,APE/USDT:USDT,0.6363,424.0,0.6362,744.0,0.6368,424.0,0.6369,397.0
1753531771928,12:09:31.928,APE/USDT:USDT,0.6363,424.0,0.6362,744.0,0.6368,424.0,0.6369,397.0
1753531771976,12:09:31.976,APE/USDT:USDT,0.6363,392.0,0.6362,744.0,0.6368,424.0,0.6369,397.0
1753531772177,12:09:32.177,APE/USDT:USDT,0.6363,424.0,0.6362,744.0,0.6368,424.0,0.6369,397.0
1753531772295,12:09:32.295,APE/USDT:USDT,0.6363,424.0,0.6362,744.0,0.6368,424.0,0.6369,397.0
1753531772372,12:09:32.372,APE/USDT:USDT,0.6363,424.0,0.6362,744.0,0.6368,424.0,0.6369,397.0
1753531772613,12:09:32.613,APE/USDT:USDT,0.6363,424.0,0.6362,744.0,0.6367,392.0,0.6368,424.0
1753531772723,12:09:32.723,APE/USDT:USDT,0.6363,424.0,0.6362,744.0,0.6367,13.0,0.6368,424.0
1753531772754,12:09:32.754,APE/USDT:USDT,0.6363,424.0,0.6362,744.0,0.6368,437.0,0.6369,384.0
1753531772924,12:09:32.924,APE/USDT:USDT,0.6363,16.0,0.6362,392.0,0.6368,437.0,0.6369,384.0
1753531773010,12:09:33.010,APE/USDT:USDT,0.6363,16.0,0.6361,399.0,0.6368,437.0,0.6369,384.0
1753531773118,12:09:33.118,APE/USDT:USDT,0.6361,399.0,0.6359,6525.0,0.6368,437.0,0.6369,1901.0
1753531773230,12:09:33.230,APE/USDT:USDT,0.636,392.0,0.6359,6480.0,0.6368,437.0,0.6369,1901.0
1753531773310,12:09:33.310,APE/USDT:USDT,0.636,392.0,0.6359,6061.0,0.6367,773.0,0.6368,437.0
1753531773401,12:09:33.401,APE/USDT:USDT,0.636,392.0,0.6359,6061.0,0.6367,773.0,0.6368,437.0
1753531773513,12:09:33.513,APE/USDT:USDT,0.636,392.0,0.6359,5709.0,0.6367,773.0,0.6368,437.0
1753531773623,12:09:33.623,APE/USDT:USDT,0.6361,392.0,0.636,2105.0,0.6367,773.0,0.6368,437.0
1753531773636,12:09:33.636,APE/USDT:USDT,0.6361,392.0,0.636,2105.0,0.6367,773.0,0.6368,437.0
1753531773862,12:09:33.862,APE/USDT:USDT,0.6361,392.0,0.636,2105.0,0.6367,773.0,0.6368,437.0
1753531774005,12:09:34.005,APE/USDT:USDT,0.6361,392.0,0.636,2105.0,0.6368,437.0,0.6369,1901.0
1753531774130,12:09:34.130,APE/USDT:USDT,0.6361,408.0,0.636,2105.0,0.6367,686.0,0.6368,437.0
1753531774194,12:09:34.194,APE/USDT:USDT,0.6361,408.0,0.636,2105.0,0.6367,1078.0,0.6368,437.0
1753531774316,12:09:34.316,APE/USDT:USDT,0.6361,424.0,0.636,2105.0,0.6366,421.0,0.6368,408.0
1753531774341,12:09:34.341,APE/USDT:USDT,0.6361,424.0,0.636,2105.0,0.6366,408.0,0.6367,13.0
1753531774716,12:09:34.716,APE/USDT:USDT,0.6362,392.0,0.6361,424.0,0.6366,408.0,0.6367,13.0
1753531774822,12:09:34.822,APE/USDT:USDT,0.6362,751.0,0.6361,1197.0,0.6367,421.0,0.6368,408.0
1753531774927,12:09:34.927,APE/USDT:USDT,0.6362,751.0,0.6361,1197.0,0.6367,421.0,0.6368,408.0
1753531775025,12:09:35.025,APE/USDT:USDT,0.6362,392.0,0.6361,392.0,0.6367,421.0,0.6368,408.0
1753531775132,12:09:35.132,APE/USDT:USDT,0.6361,392.0,0.636,392.0,0.6367,421.0,0.6368,408.0
1753531775135,12:09:35.135,APE/USDT:USDT,0.6361,392.0,0.636,2125.0,0.6367,421.0,0.6368,408.0
1753531775513,12:09:35.513,APE/USDT:USDT,0.6361,392.0,0.636,2125.0,0.6367,421.0,0.6368,408.0
1753531775576,12:09:35.576,APE/USDT:USDT,0.6362,408.0,0.6361,408.0,0.6366,190.0,0.6367,421.0
1753531776027,12:09:36.027,APE/USDT:USDT,0.6363,392.0,0.6362,408.0,0.6366,95.0,0.6367,421.0
1753531776095,12:09:36.095,APE/USDT:USDT,0.6363,392.0,0.6362,762.0,0.6367,421.0,0.6368,408.0
1753531776332,12:09:36.332,APE/USDT:USDT,0.6363,392.0,0.6362,762.0,0.6367,421.0,0.6368,408.0
1753531776355,12:09:36.355,APE/USDT:USDT,0.6363,392.0,0.6362,762.0,0.6367,421.0,0.6368,408.0
1753531776502,12:09:36.502,APE/USDT:USDT,0.6363,392.0,0.6362,762.0,0.6366,95.0,0.6367,421.0
1753531776631,12:09:36.631,APE/USDT:USDT,0.6363,392.0,0.6362,762.0,0.6367,29.0,0.6368,408.0
1753531776720,12:09:36.720,APE/USDT:USDT,0.6363,408.0,0.6362,762.0,0.6368,405.0,0.6369,1901.0
1753531776773,12:09:36.773,APE/USDT:USDT,0.6363,408.0,0.6362,762.0,0.6368,421.0,0.6369,1901.0
1753531777111,12:09:37.111,APE/USDT:USDT,0.6364,404.0,0.6363,408.0,0.6368,421.0,0.6369,1901.0
1753531777198,12:09:37.198,APE/USDT:USDT,0.6364,404.0,0.6363,408.0,0.6368,421.0,0.6369,1901.0
1753531777715,12:09:37.715,APE/USDT:USDT,0.6364,404.0,0.6363,755.0,0.6368,421.0,0.6369,1901.0
1753531777772,12:09:37.772,APE/USDT:USDT,0.6364,404.0,0.6363,755.0,0.6367,288.0,0.6368,421.0
1753531778032,12:09:38.032,APE/USDT:USDT,0.6363,408.0,0.6362,746.0,0.6367,288.0,0.6368,437.0
1753531778127,12:09:38.127,APE/USDT:USDT,0.6363,408.0,0.6362,746.0,0.6368,437.0,0.6369,1901.0
1753531778156,12:09:38.156,APE/USDT:USDT,0.6363,408.0,0.6362,746.0,0.6368,437.0,0.6369,1901.0
1753531778239,12:09:38.239,APE/USDT:USDT,0.6364,388.0,0.6363,408.0,0.6368,437.0,0.6369,1901.0
1753531778504,12:09:38.504,APE/USDT:USDT,0.6364,388.0,0.6363,408.0,0.6368,437.0,0.6369,1901.0
1753531778860,12:09:38.860,APE/USDT:USDT,0.6364,388.0,0.6363,408.0,0.6368,437.0,0.6369,1901.0
1753531779131,12:09:39.131,APE/USDT:USDT,0.6364,388.0,0.6363,408.0,0.6367,96.0,0.6368,437.0
1753531779196,12:09:39.196,APE/USDT:USDT,0.6364,388.0,0.6363,408.0,0.6367,96.0,0.6368,45.0
1753531779276,12:09:39.276,APE/USDT:USDT,0.6364,388.0,0.6363,408.0,0.6367,96.0,0.6368,45.0
1753531779417,12:09:39.417,APE/USDT:USDT,0.6365,388.0,0.6364,404.0,0.6368,13.0,0.6369,1901.0
1753531779475,12:09:39.475,APE/USDT:USDT,0.6365,388.0,0.6364,404.0,0.6368,13.0,0.6369,1901.0
1753531779715,12:09:39.715,APE/USDT:USDT,0.6365,388.0,0.6364,404.0,0.6368,13.0,0.637,987.0
1753531779756,12:09:39.756,APE/USDT:USDT,0.6365,388.0,0.6364,404.0,0.6369,29.0,0.637,987.0
1753531780312,12:09:40.312,APE/USDT:USDT,0.6365,404.0,0.6364,404.0,0.6369,29.0,0.637,987.0
1753531780517,12:09:40.517,APE/USDT:USDT,0.6365,404.0,0.6364,750.0,0.6369,45.0,0.637,987.0
1753531780537,12:09:40.537,APE/USDT:USDT,0.6365,404.0,0.6364,750.0,0.6369,45.0,0.637,987.0
1753531780657,12:09:40.657,APE/USDT:USDT,0.6365,404.0,0.6364,750.0,0.6368,98.0,0.6369,29.0
1753531781325,12:09:41.325,APE/USDT:USDT,0.6365,404.0,0.6364,750.0,0.6369,29.0,0.637,987.0
1753531781596,12:09:41.596,APE/USDT:USDT,0.6366,404.0,0.6365,768.0,0.6369,13.0,0.6371,393.0
1753531781717,12:09:41.717,APE/USDT:USDT,0.6366,404.0,0.6365,768.0,0.6371,422.0,0.6372,2537.0
1753531781789,12:09:41.789,APE/USDT:USDT,0.6366,404.0,0.6365,768.0,0.6371,422.0,0.6372,2537.0
1753531781912,12:09:41.912,APE/USDT:USDT,0.6367,404.0,0.6366,404.0,0.6371,406.0,0.6372,2537.0
1753531782003,12:09:42.003,APE/USDT:USDT,0.6367,404.0,0.6366,404.0,0.6371,406.0,0.6372,2537.0
1753531782115,12:09:42.115,APE/USDT:USDT,0.6367,404.0,0.6366,404.0,0.6371,406.0,0.6372,2537.0
1753531782209,12:09:42.209,APE/USDT:USDT,0.6367,404.0,0.6366,404.0,0.6371,422.0,0.6372,2537.0
1753531782236,12:09:42.236,APE/USDT:USDT,0.6367,404.0,0.6366,404.0,0.6371,422.0,0.6372,2537.0
1753531782430,12:09:42.430,APE/USDT:USDT,0.6367,404.0,0.6366,404.0,0.6371,422.0,0.6372,2537.0
1753531782456,12:09:42.456,APE/USDT:USDT,0.6367,404.0,0.6366,404.0,0.6371,422.0,0.6372,2537.0
1753531782597,12:09:42.597,APE/USDT:USDT,0.6367,404.0,0.6366,404.0,0.6371,29.0,0.6372,2537.0
1753531782676,12:09:42.676,APE/USDT:USDT,0.6367,404.0,0.6366,404.0,0.6371,29.0,0.6372,2537.0
1753531783006,12:09:43.006,APE/USDT:USDT,0.6367,404.0,0.6366,404.0,0.6371,29.0,0.6372,2537.0
1753531783319,12:09:43.319,APE/USDT:USDT,0.6366,388.0,0.6365,2306.0,0.6371,433.0,0.6372,2537.0
1753531783360,12:09:43.360,APE/USDT:USDT,0.6365,2306.0,0.6364,6883.0,0.6371,433.0,0.6372,2537.0
1753531783515,12:09:43.515,APE/USDT:USDT,0.6365,2306.0,0.6364,6883.0,0.6371,433.0,0.6372,2537.0
1753531783878,12:09:43.878,APE/USDT:USDT,0.6365,2306.0,0.6364,6883.0,0.6371,433.0,0.6372,2537.0
1753531784004,12:09:44.004,APE/USDT:USDT,0.6365,2306.0,0.6364,6883.0,0.6371,433.0,0.6372,2537.0
1753531785696,12:09:45.696,APE/USDT:USDT,0.6365,2306.0,0.6364,6883.0,0.6371,433.0,0.6372,2537.0
1753531785822,12:09:45.822,APE/USDT:USDT,0.6365,2306.0,0.6364,6883.0,0.6371,433.0,0.6372,2537.0
1753531785835,12:09:45.835,APE/USDT:USDT,0.6365,2306.0,0.6364,6883.0,0.6371,433.0,0.6372,2537.0
1753531786771,12:09:46.771,APE/USDT:USDT,0.6365,2306.0,0.6364,6883.0,0.6371,433.0,0.6372,2537.0
1753531787911,12:09:47.911,APE/USDT:USDT,0.6366,400.0,0.6365,2306.0,0.6371,417.0,0.6372,2537.0
1753531788009,12:09:48.009,APE/USDT:USDT,0.6366,400.0,0.6365,2306.0,0.6371,417.0,0.6372,2537.0
1753531788089,12:09:48.089,APE/USDT:USDT,0.6366,400.0,0.6365,2306.0,0.6371,433.0,0.6372,2537.0
1753531788156,12:09:48.156,APE/USDT:USDT,0.6366,400.0,0.6365,2306.0,0.6371,433.0,0.6372,2537.0
1753531788328,12:09:48.328,APE/USDT:USDT,0.6366,400.0,0.6365,2306.0,0.6371,433.0,0.6372,2537.0
1753531788401,12:09:48.401,APE/USDT:USDT,0.6366,400.0,0.6365,2306.0,0.6371,433.0,0.6372,2537.0
1753531788741,12:09:48.741,APE/USDT:USDT,0.6366,400.0,0.6365,2306.0,0.6371,433.0,0.6372,2537.0
1753531788853,12:09:48.853,APE/USDT:USDT,0.6366,384.0,0.6365,2306.0,0.6371,433.0,0.6372,2537.0
1753531789646,12:09:49.646,APE/USDT:USDT,0.6366,384.0,0.6365,2306.0,0.6371,433.0,0.6372,2537.0
1753531789795,12:09:49.795,APE/USDT:USDT,0.6366,384.0,0.6365,2306.0,0.6371,433.0,0.6372,2537.0
1753531790006,12:09:50.006,APE/USDT:USDT,0.6366,384.0,0.6365,2306.0,0.6371,433.0,0.6372,2537.0
1753531790424,12:09:50.424,APE/USDT:USDT,0.6366,384.0,0.6365,2306.0,0.6371,433.0,0.6372,2537.0
1753531791007,12:09:51.007,APE/USDT:USDT,0.6366,384.0,0.6365,2306.0,0.6371,433.0,0.6372,2537.0
1753531791432,12:09:51.432,APE/USDT:USDT,0.6365,2306.0,0.6364,6883.0,0.6371,433.0,0.6372,2537.0
1753531791575,12:09:51.575,APE/USDT:USDT,0.6366,384.0,0.6365,2306.0,0.6371,433.0,0.6372,2537.0
1753531792505,12:09:52.505,APE/USDT:USDT,0.6365,2306.0,0.6364,6883.0,0.6371,433.0,0.6372,2537.0
1753531792789,12:09:52.789,APE/USDT:USDT,0.6365,2306.0,0.6364,6883.0,0.6371,433.0,0.6372,2537.0
1753531792977,12:09:52.977,APE/USDT:USDT,0.6365,2306.0,0.6364,6883.0,0.6371,433.0,0.6372,2537.0
1753531793470,12:09:53.470,APE/USDT:USDT,0.6365,2306.0,0.6364,6883.0,0.637,384.0,0.6371,433.0
1753531793602,12:09:53.602,APE/USDT:USDT,0.6365,2306.0,0.6364,6883.0,0.637,384.0,0.6371,433.0
1753531794033,12:09:54.033,APE/USDT:USDT,0.6365,2306.0,0.6364,6883.0,0.637,384.0,0.6371,433.0
1753531794033,12:09:54.033,APE/USDT:USDT,0.6365,2306.0,0.6364,6883.0,0.637,384.0,0.6371,433.0
1753531796231,12:09:56.231,APE/USDT:USDT,0.6365,2306.0,0.6364,6883.0,0.637,384.0,0.6371,433.0
1753531796376,12:09:56.376,APE/USDT:USDT,0.6365,2306.0,0.6364,6883.0,0.637,384.0,0.6371,433.0
1753531796436,12:09:56.436,APE/USDT:USDT,0.6365,2306.0,0.6364,6883.0,0.637,384.0,0.6371,433.0
1753531797195,12:09:57.195,APE/USDT:USDT,0.6366,425.0,0.6365,2306.0,0.6371,433.0,0.6372,2537.0
1753531797271,12:09:57.271,APE/USDT:USDT,0.6366,425.0,0.6365,2306.0,0.6371,433.0,0.6372,2537.0
1753531797601,12:09:57.601,APE/USDT:USDT,0.6366,409.0,0.6365,2306.0,0.6371,433.0,0.6372,2537.0
1753531797689,12:09:57.689,APE/USDT:USDT,0.6366,409.0,0.6365,2306.0,0.6371,433.0,0.6372,2537.0
1753531797749,12:09:57.749,APE/USDT:USDT,0.6366,409.0,0.6365,2306.0,0.6371,433.0,0.6372,2537.0
1753531798096,12:09:58.096,APE/USDT:USDT,0.6366,409.0,0.6365,2306.0,0.6371,433.0,0.6372,2537.0
1753531798717,12:09:58.717,APE/USDT:USDT,0.6366,425.0,0.6365,2306.0,0.637,97.0,0.6371,433.0
1753531798909,12:09:58.909,APE/USDT:USDT,0.6366,425.0,0.6365,2306.0,0.637,97.0,0.6371,433.0
1753531800282,12:10:00.282,APE/USDT:USDT,0.6366,425.0,0.6365,2306.0,0.6369,97.0,0.6371,433.0
1753531800428,12:10:00.428,APE/USDT:USDT,0.6366,425.0,0.6365,2306.0,0.6369,97.0,0.6371,417.0
1753531800530,12:10:00.530,APE/USDT:USDT,0.6366,425.0,0.6365,2306.0,0.6371,417.0,0.6372,2537.0
1753531800627,12:10:00.627,APE/USDT:USDT,0.6366,425.0,0.6365,2306.0,0.6371,417.0,0.6372,2537.0
1753531800732,12:10:00.732,APE/USDT:USDT,0.6366,425.0,0.6365,2306.0,0.637,436.0,0.6371,417.0
1753531800763,12:10:00.763,APE/USDT:USDT,0.6366,425.0,0.6365,2306.0,0.637,1106.0,0.6371,417.0
1753531800856,12:10:00.856,APE/USDT:USDT,0.6366,32.0,0.6365,2306.0,0.6369,13.0,0.637,1090.0
1753531800945,12:10:00.945,APE/USDT:USDT,0.6366,32.0,0.6365,2306.0,0.6369,13.0,0.637,1090.0
1753531801172,12:10:01.172,APE/USDT:USDT,0.6366,32.0,0.6365,2306.0,0.6369,13.0,0.637,1090.0
1753531802994,12:10:02.994,APE/USDT:USDT,0.6366,32.0,0.6365,2306.0,0.6369,13.0,0.6371,404.0
1753531803102,12:10:03.102,APE/USDT:USDT,0.6366,16.0,0.6365,2306.0,0.6369,16.0,0.6371,401.0
1753531803142,12:10:03.142,APE/USDT:USDT,0.6365,2306.0,0.6364,6883.0,0.6369,16.0,0.6371,401.0
1753531803310,12:10:03.310,APE/USDT:USDT,0.6365,2338.0,0.6364,6883.0,0.6369,16.0,0.6371,401.0
1753531803421,12:10:03.421,APE/USDT:USDT,0.6365,2338.0,0.6364,6883.0,0.6369,16.0,0.6371,401.0
1753531803551,12:10:03.551,APE/USDT:USDT,0.6365,2338.0,0.6364,6883.0,0.6368,436.0,0.6369,16.0
1753531803790,12:10:03.790,APE/USDT:USDT,0.6365,2338.0,0.6364,6883.0,0.6368,436.0,0.6369,16.0
1753531803849,12:10:03.849,APE/USDT:USDT,0.6365,2338.0,0.6364,6883.0,0.6368,436.0,0.6371,401.0
1753531804042,12:10:04.042,APE/USDT:USDT,0.6365,2338.0,0.6364,6883.0,0.6371,401.0,0.6372,2537.0
1753531804206,12:10:04.206,APE/USDT:USDT,0.6365,2338.0,0.6364,6883.0,0.637,393.0,0.6371,401.0
1753531805908,12:10:05.908,APE/USDT:USDT,0.6366,393.0,0.6365,2338.0,0.637,16.0,0.6371,401.0
1753531805973,12:10:05.973,APE/USDT:USDT,0.6366,393.0,0.6365,2338.0,0.637,16.0,0.6371,401.0
1753531806230,12:10:06.230,APE/USDT:USDT,0.6366,393.0,0.6365,2338.0,0.637,16.0,0.6371,401.0
1753531807266,12:10:07.266,APE/USDT:USDT,0.6366,393.0,0.6365,2338.0,0.637,16.0,0.6371,401.0
1753531807630,12:10:07.630,APE/USDT:USDT,0.6366,393.0,0.6365,2338.0,0.637,32.0,0.6371,401.0
1753531808923,12:10:08.923,APE/USDT:USDT,0.6366,393.0,0.6365,2338.0,0.6368,192.0,0.6369,192.0
1753531808972,12:10:08.972,APE/USDT:USDT,0.6366,393.0,0.6365,2338.0,0.6368,192.0,0.6369,192.0
1753531809056,12:10:09.056,APE/USDT:USDT,0.6366,393.0,0.6365,2338.0,0.6368,192.0,0.6369,192.0
1753531809736,12:10:09.736,APE/USDT:USDT,0.6366,393.0,0.6365,2338.0,0.6368,192.0,0.6369,192.0
1753531809882,12:10:09.882,APE/USDT:USDT,0.6366,393.0,0.6365,2338.0,0.6371,401.0,0.6372,2537.0
1753531810294,12:10:10.294,APE/USDT:USDT,0.6366,393.0,0.6365,2338.0,0.6371,401.0,0.6372,2537.0
1753531810519,12:10:10.519,APE/USDT:USDT,0.6366,393.0,0.6365,2338.0,0.6371,401.0,0.6372,2537.0
1753531810544,12:10:10.544,APE/USDT:USDT,0.6366,393.0,0.6365,2338.0,0.637,288.0,0.6371,13.0
1753531810713,12:10:10.713,APE/USDT:USDT,0.6366,393.0,0.6365,2338.0,0.637,288.0,0.6371,13.0
1753531810772,12:10:10.772,APE/USDT:USDT,0.6366,393.0,0.6365,2338.0,0.637,288.0,0.6371,13.0
1753531811123,12:10:11.123,APE/USDT:USDT,0.6366,393.0,0.6365,2338.0,0.637,304.0,0.6371,411.0
1753531811196,12:10:11.196,APE/USDT:USDT,0.6366,393.0,0.6365,2338.0,0.6369,96.0,0.6371,411.0
1753531811373,12:10:11.373,APE/USDT:USDT,0.6366,393.0,0.6365,2338.0,0.6369,288.0,0.6371,411.0
1753531811542,12:10:11.542,APE/USDT:USDT,0.6366,393.0,0.6365,2338.0,0.6369,288.0,0.6371,411.0
1753531811742,12:10:11.742,APE/USDT:USDT,0.6366,393.0,0.6365,2338.0,0.6371,411.0,0.6372,2537.0
1753531811959,12:10:11.959,APE/USDT:USDT,0.6366,393.0,0.6365,2338.0,0.6371,411.0,0.6372,2537.0
1753531812777,12:10:12.777,APE/USDT:USDT,0.6366,393.0,0.6365,2338.0,0.6371,411.0,0.6372,2537.0
1753531813191,12:10:13.191,APE/USDT:USDT,0.6366,393.0,0.6365,2338.0,0.6371,411.0,0.6372,2537.0
1753531813410,12:10:13.410,APE/USDT:USDT,0.6366,393.0,0.6365,2338.0,0.6371,13.0,0.6372,2537.0
1753531813486,12:10:13.486,APE/USDT:USDT,0.6366,393.0,0.6365,2338.0,0.6371,13.0,0.6372,2537.0
1753531814009,12:10:14.009,APE/USDT:USDT,0.6366,393.0,0.6365,2338.0,0.6371,13.0,0.6372,2537.0
1753531814907,12:10:14.907,APE/USDT:USDT,0.6366,393.0,0.6365,2306.0,0.6371,411.0,0.6372,2537.0
1753531815518,12:10:15.518,APE/USDT:USDT,0.6365,2306.0,0.6364,6883.0,0.637,1292.0,0.6371,411.0
1753531815631,12:10:15.631,APE/USDT:USDT,0.6365,2306.0,0.6364,6883.0,0.6369,13.0,0.637,1276.0
1753531815697,12:10:15.697,APE/USDT:USDT,0.6365,2306.0,0.6364,6883.0,0.6369,13.0,0.637,16.0
1753531815740,12:10:15.740,APE/USDT:USDT,0.6365,2306.0,0.6364,6883.0,0.637,16.0,0.6371,411.0
1753531816025,12:10:16.025,APE/USDT:USDT,0.6365,2306.0,0.6364,6883.0,0.637,16.0,0.6371,411.0
1753531816244,12:10:16.244,APE/USDT:USDT,0.6365,2306.0,0.6364,6883.0,0.637,414.0,0.6371,411.0
1753531817126,12:10:17.126,APE/USDT:USDT,0.6365,1918.0,0.6364,6883.0,0.6369,412.0,0.637,414.0
1753531817147,12:10:17.147,APE/USDT:USDT,0.6365,1918.0,0.6364,6883.0,0.6369,425.0,0.637,414.0
1753531817529,12:10:17.529,APE/USDT:USDT,0.6365,1934.0,0.6364,6883.0,0.6369,13.0,0.637,414.0
1753531817540,12:10:17.540,APE/USDT:USDT,0.6365,1934.0,0.6364,6883.0,0.637,427.0,0.6371,398.0
1753531817693,12:10:17.693,APE/USDT:USDT,0.6365,1934.0,0.6364,6883.0,0.637,427.0,0.6371,398.0
1753531818630,12:10:18.630,APE/USDT:USDT,0.6365,1934.0,0.6364,6883.0,0.637,13.0,0.6371,398.0
1753531818697,12:10:18.697,APE/USDT:USDT,0.6365,1934.0,0.6364,6883.0,0.6371,411.0,0.6372,2537.0
1753531818756,12:10:18.756,APE/USDT:USDT,0.6365,1934.0,0.6364,6883.0,0.6371,411.0,0.6372,2537.0
1753531818913,12:10:18.913,APE/USDT:USDT,0.6365,1934.0,0.6364,6883.0,0.6371,411.0,0.6372,2537.0
1753531819187,12:10:19.187,APE/USDT:USDT,0.6365,1934.0,0.6364,6883.0,0.637,98.0,0.6371,411.0
1753531819244,12:10:19.244,APE/USDT:USDT,0.6365,1934.0,0.6364,6883.0,0.6371,411.0,0.6372,2537.0
1753531820280,12:10:20.280,APE/USDT:USDT,0.6365,1934.0,0.6364,6883.0,0.6371,411.0,0.6372,2537.0
1753531820372,12:10:20.372,APE/USDT:USDT,0.6365,1934.0,0.6364,6883.0,0.6371,411.0,0.6372,2537.0
1753531820557,12:10:20.557,APE/USDT:USDT,0.6365,1934.0,0.6364,6883.0,0.6371,411.0,0.6372,2537.0
1753531820958,12:10:20.958,APE/USDT:USDT,0.6365,1934.0,0.6364,6883.0,0.637,196.0,0.6371,411.0
1753531821349,12:10:21.349,APE/USDT:USDT,0.6365,1934.0,0.6364,6883.0,0.637,196.0,0.6371,411.0
1753531821761,12:10:21.761,APE/USDT:USDT,0.6365,1934.0,0.6364,6883.0,0.637,196.0,0.6371,411.0
1753531823685,12:10:23.685,APE/USDT:USDT,0.6365,1934.0,0.6364,6883.0,0.6371,411.0,0.6372,2537.0
1753531824203,12:10:24.203,APE/USDT:USDT,0.6365,1934.0,0.6364,6883.0,0.637,396.0,0.6371,411.0
1753531824592,12:10:24.592,APE/USDT:USDT,0.6365,1934.0,0.6364,6883.0,0.637,396.0,0.6371,411.0
1753531824717,12:10:24.717,APE/USDT:USDT,0.6365,1934.0,0.6364,6883.0,0.637,396.0,0.6371,411.0
1753531825008,12:10:25.008,APE/USDT:USDT,0.6365,1934.0,0.6364,6883.0,0.637,396.0,0.6371,411.0
1753531825200,12:10:25.200,APE/USDT:USDT,0.6365,1934.0,0.6364,6883.0,0.637,396.0,0.6371,411.0
1753531825727,12:10:25.727,APE/USDT:USDT,0.6366,396.0,0.6365,1934.0,0.6371,411.0,0.6372,2537.0
1753531825828,12:10:25.828,APE/USDT:USDT,0.6366,396.0,0.6365,1918.0,0.6371,411.0,0.6372,2537.0
1753531825896,12:10:25.896,APE/USDT:USDT,0.6365,1934.0,0.6364,6883.0,0.637,114.0,0.6371,411.0
1753531825945,12:10:25.945,APE/USDT:USDT,0.6365,1934.0,0.6364,6883.0,0.637,114.0,0.6371,411.0
1753531826293,12:10:26.293,APE/USDT:USDT,0.6365,1934.0,0.6364,6883.0,0.637,130.0,0.6371,411.0
1753531826669,12:10:26.669,APE/USDT:USDT,0.6365,1934.0,0.6364,6883.0,0.637,130.0,0.6371,411.0
1753531826750,12:10:26.750,APE/USDT:USDT,0.6365,1934.0,0.6364,6883.0,0.637,32.0,0.6371,411.0
1753531827082,12:10:27.082,APE/USDT:USDT,0.6365,1934.0,0.6364,6883.0,0.637,32.0,0.6371,411.0
1753531828205,12:10:28.205,APE/USDT:USDT,0.6366,394.0,0.6365,1934.0,0.637,32.0,0.6371,411.0
1753531828704,12:10:28.704,APE/USDT:USDT,0.6366,394.0,0.6365,1934.0,0.637,32.0,0.6371,411.0
1753531829209,12:10:29.209,APE/USDT:USDT,0.6366,394.0,0.6365,1934.0,0.637,32.0,0.6371,411.0
1753531829931,12:10:29.931,APE/USDT:USDT,0.6366,394.0,0.6365,1934.0,0.637,32.0,0.6371,411.0
1753531829975,12:10:29.975,APE/USDT:USDT,0.6366,394.0,0.6365,1934.0,0.637,32.0,0.6371,411.0
1753531830758,12:10:30.758,APE/USDT:USDT,0.6366,394.0,0.6365,1934.0,0.637,32.0,0.6371,411.0
1753531830921,12:10:30.921,APE/USDT:USDT,0.6366,394.0,0.6365,1934.0,0.6371,411.0,0.6372,2537.0
1753531830934,12:10:30.934,APE/USDT:USDT,0.6366,394.0,0.6365,1934.0,0.6371,411.0,0.6372,2537.0
1753531831166,12:10:31.166,APE/USDT:USDT,0.6366,394.0,0.6365,1934.0,0.6371,411.0,0.6372,2537.0
1753531831987,12:10:31.987,APE/USDT:USDT,0.6366,394.0,0.6365,1934.0,0.6371,411.0,0.6372,2537.0
1753531832402,12:10:32.402,APE/USDT:USDT,0.6366,394.0,0.6365,1934.0,0.6371,411.0,0.6372,2537.0
1753531832672,12:10:32.672,APE/USDT:USDT,0.6366,394.0,0.6365,1934.0,0.637,196.0,0.6371,411.0
1753531832818,12:10:32.818,APE/USDT:USDT,0.6366,394.0,0.6365,1934.0,0.637,196.0,0.6371,411.0
1753531832840,12:10:32.840,APE/USDT:USDT,0.6366,394.0,0.6365,1934.0,0.637,196.0,0.6371,411.0
1753531833292,12:10:33.292,APE/USDT:USDT,0.6366,394.0,0.6365,1934.0,0.637,196.0,0.6371,411.0
1753531833516,12:10:33.516,APE/USDT:USDT,0.6366,394.0,0.6365,1934.0,0.637,196.0,0.6371,411.0
1753531833622,12:10:33.622,APE/USDT:USDT,0.6366,394.0,0.6365,1934.0,0.637,228.0,0.6371,411.0
1753531833722,12:10:33.722,APE/USDT:USDT,0.6365,1918.0,0.6364,6883.0,0.637,32.0,0.6371,411.0
1753531833768,12:10:33.768,APE/USDT:USDT,0.6365,1918.0,0.6364,6883.0,0.637,16.0,0.6371,411.0
1753531833878,12:10:33.878,APE/USDT:USDT,0.6365,1918.0,0.6364,6883.0,0.6369,218.0,0.637,16.0
1753531834017,12:10:34.017,APE/USDT:USDT,0.6365,1918.0,0.6364,6883.0,0.637,16.0,0.6371,411.0
1753531834054,12:10:34.054,APE/USDT:USDT,0.6365,1918.0,0.6364,6883.0,0.637,16.0,0.6371,411.0
1753531834772,12:10:34.772,APE/USDT:USDT,0.6365,1918.0,0.6364,6883.0,0.637,16.0,0.6371,411.0
1753531834930,12:10:34.930,APE/USDT:USDT,0.6365,1918.0,0.6364,6883.0,0.6369,218.0,0.637,16.0
1753531835290,12:10:35.290,APE/USDT:USDT,0.6365,1918.0,0.6364,6883.0,0.6369,218.0,0.637,16.0
1753531835518,12:10:35.518,APE/USDT:USDT,0.6365,1934.0,0.6364,6883.0,0.637,16.0,0.6371,411.0
1753531835713,12:10:35.713,APE/USDT:USDT,0.6365,1934.0,0.6364,6883.0,0.637,16.0,0.6371,411.0
1753531836931,12:10:36.931,APE/USDT:USDT,0.6365,1934.0,0.6364,6883.0,0.637,16.0,0.6371,411.0
1753531837029,12:10:37.029,APE/USDT:USDT,0.6365,1918.0,0.6364,6883.0,0.6369,218.0,0.637,413.0
1753531837039,12:10:37.039,APE/USDT:USDT,0.6365,1918.0,0.6364,6883.0,0.6369,670.0,0.637,413.0
1753531837202,12:10:37.202,APE/USDT:USDT,0.6364,6495.0,0.6363,3336.0,0.6368,413.0,0.6369,683.0
1753531837276,12:10:37.276,APE/USDT:USDT,0.6364,5722.0,0.6363,3336.0,0.6368,413.0,0.6369,683.0
1753531837378,12:10:37.378,APE/USDT:USDT,0.6364,5722.0,0.6363,3336.0,0.6368,413.0,0.6369,683.0
1753531837518,12:10:37.518,APE/USDT:USDT,0.6364,5722.0,0.6363,3336.0,0.6368,413.0,0.6369,683.0
1753531837632,12:10:37.632,APE/USDT:USDT,0.6364,5722.0,0.6363,2944.0,0.6368,413.0,0.6369,29.0
1753531837724,12:10:37.724,APE/USDT:USDT,0.6364,5722.0,0.6363,2944.0,0.6368,413.0,0.6369,29.0
1753531837798,12:10:37.798,APE/USDT:USDT,0.6364,5722.0,0.6363,2944.0,0.6368,413.0,0.6369,29.0
1753531838003,12:10:38.003,APE/USDT:USDT,0.6364,5722.0,0.6363,2944.0,0.6368,413.0,0.6369,29.0
1753531838215,12:10:38.215,APE/USDT:USDT,0.6364,5722.0,0.6363,2944.0,0.6368,413.0,0.6369,29.0
1753531838826,12:10:38.826,APE/USDT:USDT,0.6364,5722.0,0.6363,2944.0,0.6367,218.0,0.6368,413.0
1753531838855,12:10:38.855,APE/USDT:USDT,0.6364,5722.0,0.6362,6948.0,0.6367,218.0,0.6368,413.0
1753531839031,12:10:39.031,APE/USDT:USDT,0.6364,5722.0,0.6362,6948.0,0.6367,218.0,0.6368,413.0
1753531839046,12:10:39.046,APE/USDT:USDT,0.6364,5722.0,0.6362,6948.0,0.6368,413.0,0.6369,29.0
1753531839451,12:10:39.451,APE/USDT:USDT,0.6364,5722.0,0.6362,6948.0,0.6368,413.0,0.6369,29.0
1753531839573,12:10:39.573,APE/USDT:USDT,0.6364,5722.0,0.6362,6948.0,0.6368,413.0,0.6369,29.0
1753531839823,12:10:39.823,APE/USDT:USDT,0.6364,346.0,0.6362,6948.0,0.6367,397.0,0.6368,413.0
1753531839917,12:10:39.917,APE/USDT:USDT,0.6363,1728.0,0.6362,12315.0,0.6367,426.0,0.6368,413.0
1753531840318,12:10:40.318,APE/USDT:USDT,0.6363,1728.0,0.6362,12781.0,0.6367,426.0,0.6368,413.0
1753531840420,12:10:40.420,APE/USDT:USDT,0.6362,820.0,0.6361,1165.0,0.6367,426.0,0.6368,413.0
1753531840456,12:10:40.456,APE/USDT:USDT,0.6362,820.0,0.6361,1165.0,0.6367,426.0,0.6368,413.0
1753531840695,12:10:40.695,APE/USDT:USDT,0.6362,6187.0,0.6361,1165.0,0.6367,426.0,0.6368,413.0
1753531841099,12:10:41.099,APE/USDT:USDT,0.6362,5721.0,0.6361,1165.0,0.6367,426.0,0.6368,413.0
1753531841710,12:10:41.710,APE/USDT:USDT,0.6364,607.0,0.6363,2039.0,0.6367,13.0,0.6369,397.0
1753531841818,12:10:41.818,APE/USDT:USDT,0.6364,607.0,0.6363,2023.0,0.6369,410.0,0.637,1467.0
1753531841925,12:10:41.925,APE/USDT:USDT,0.6364,607.0,0.6363,2023.0,0.6369,410.0,0.637,1467.0
1753531842460,12:10:42.460,APE/USDT:USDT,0.6364,607.0,0.6363,2023.0,0.6369,410.0,0.637,998.0
1753531842612,12:10:42.612,APE/USDT:USDT,0.6364,607.0,0.6363,2023.0,0.6369,426.0,0.637,998.0
1753531842749,12:10:42.749,APE/USDT:USDT,0.6363,2023.0,0.6362,5721.0,0.6369,442.0,0.637,998.0
1753531843118,12:10:43.118,APE/USDT:USDT,0.6363,1610.0,0.6362,5721.0,0.6368,397.0,0.6369,442.0
1753531843166,12:10:43.166,APE/USDT:USDT,0.6363,1626.0,0.6362,5721.0,0.6368,397.0,0.6369,442.0
1753531844109,12:10:44.109,APE/USDT:USDT,0.6363,1626.0,0.6362,5721.0,0.6368,397.0,0.6369,442.0
1753531844372,12:10:44.372,APE/USDT:USDT,0.6363,1626.0,0.6362,5721.0,0.6368,397.0,0.6369,442.0
1753531844494,12:10:44.494,APE/USDT:USDT,0.6364,397.0,0.6363,1626.0,0.6369,13.0,0.637,397.0
1753531844588,12:10:44.588,APE/USDT:USDT,0.6365,383.0,0.6364,1170.0,0.637,410.0,0.6371,980.0
1753531844641,12:10:44.641,APE/USDT:USDT,0.6365,383.0,0.6364,1170.0,0.637,410.0,0.6371,980.0
1753531844904,12:10:44.904,APE/USDT:USDT,0.6365,383.0,0.6364,1170.0,0.637,426.0,0.6371,980.0
1753531845007,12:10:45.007,APE/USDT:USDT,0.6365,383.0,0.6364,1170.0,0.637,426.0,0.6371,980.0
1753531845037,12:10:45.037,APE/USDT:USDT,0.6365,383.0,0.6364,1170.0,0.637,442.0,0.6371,980.0
1753531846103,12:10:46.103,APE/USDT:USDT,0.6365,383.0,0.6364,1170.0,0.637,442.0,0.6371,980.0
1753531846149,12:10:46.149,APE/USDT:USDT,0.6365,383.0,0.6364,1170.0,0.6369,98.0,0.637,442.0
1753531846304,12:10:46.304,APE/USDT:USDT,0.6365,383.0,0.6364,1170.0,0.6369,98.0,0.637,442.0
1753531846520,12:10:46.520,APE/USDT:USDT,0.6365,383.0,0.6364,1170.0,0.6369,98.0,0.637,442.0
