timestamp,time,symbol,bid1_price,bid1_volume,bid2_price,bid2_volume,ask1_price,ask1_volume,ask2_price,ask2_volume
1753531569000,12:06:09.000,APT/USDT:USDT,4.769,2552.0,4.768,8640.0,4.77,380.0,4.771,5042.0
1753531570111,12:06:10.111,APT/USDT:USDT,4.771,2121.0,4.77,3840.0,4.772,1304.0,4.773,2410.0
1753531570215,12:06:10.215,APT/USDT:USDT,4.771,2131.0,4.77,3840.0,4.772,500.0,4.773,2410.0
1753531571419,12:06:11.419,APT/USDT:USDT,4.771,10.0,4.77,7108.0,4.772,500.0,4.773,6235.0
1753531571606,12:06:11.606,APT/USDT:USDT,4.771,10.0,4.77,7108.0,4.772,500.0,4.773,6235.0
1753531571715,12:06:11.715,APT/USDT:USDT,4.771,10.0,4.77,7108.0,4.772,800.0,4.773,6235.0
1753531571858,12:06:11.858,APT/USDT:USDT,4.771,10.0,4.77,7108.0,4.772,800.0,4.773,6235.0
1753531571959,12:06:11.959,APT/USDT:USDT,4.771,10.0,4.77,7108.0,4.772,800.0,4.773,6235.0
1753531572084,12:06:12.084,APT/USDT:USDT,4.771,10.0,4.77,7108.0,4.772,800.0,4.773,6235.0
1753531572273,12:06:12.273,APT/USDT:USDT,4.771,10.0,4.77,7108.0,4.772,800.0,4.773,6235.0
1753531572346,12:06:12.346,APT/USDT:USDT,4.771,10.0,4.77,7108.0,4.772,800.0,4.773,6235.0
1753531572445,12:06:12.445,APT/USDT:USDT,4.771,10.0,4.77,7108.0,4.772,800.0,4.773,6235.0
1753531572580,12:06:12.580,APT/USDT:USDT,4.771,10.0,4.77,7108.0,4.772,300.0,4.773,6235.0
1753531573245,12:06:13.245,APT/USDT:USDT,4.771,1503.0,4.77,7108.0,4.772,300.0,4.773,6235.0
1753531573368,12:06:13.368,APT/USDT:USDT,4.771,1503.0,4.77,7108.0,4.772,300.0,4.773,7035.0
1753531573462,12:06:13.462,APT/USDT:USDT,4.771,1503.0,4.77,7108.0,4.772,300.0,4.773,7035.0
1753531573641,12:06:13.641,APT/USDT:USDT,4.771,1503.0,4.77,7108.0,4.772,300.0,4.773,7035.0
1753531573864,12:06:13.864,APT/USDT:USDT,4.771,1503.0,4.77,7108.0,4.772,300.0,4.773,7035.0
1753531574002,12:06:14.002,APT/USDT:USDT,4.771,1503.0,4.77,7108.0,4.772,300.0,4.773,7035.0
1753531574115,12:06:14.115,APT/USDT:USDT,4.771,1503.0,4.77,7108.0,4.772,300.0,4.773,7035.0
1753531574202,12:06:14.202,APT/USDT:USDT,4.771,1503.0,4.77,7108.0,4.772,300.0,4.773,7035.0
1753531574308,12:06:14.308,APT/USDT:USDT,4.771,1503.0,4.77,7108.0,4.772,300.0,4.773,7035.0
1753531575612,12:06:15.612,APT/USDT:USDT,4.771,1539.0,4.77,7108.0,4.772,300.0,4.773,5906.0
1753531575714,12:06:15.714,APT/USDT:USDT,4.771,1723.0,4.77,7108.0,4.772,300.0,4.773,5906.0
1753531575798,12:06:15.798,APT/USDT:USDT,4.771,1670.0,4.77,7108.0,4.772,300.0,4.773,5906.0
1753531575901,12:06:15.901,APT/USDT:USDT,4.771,1670.0,4.77,7108.0,4.772,300.0,4.773,5106.0
1753531575953,12:06:15.953,APT/USDT:USDT,4.771,1670.0,4.77,7318.0,4.772,300.0,4.773,5106.0
1753531576110,12:06:16.110,APT/USDT:USDT,4.771,1670.0,4.77,7318.0,4.772,300.0,4.773,5106.0
1753531576166,12:06:16.166,APT/USDT:USDT,4.771,1670.0,4.77,7318.0,4.772,300.0,4.773,5106.0
1753531576285,12:06:16.285,APT/USDT:USDT,4.771,1670.0,4.77,7318.0,4.772,300.0,4.773,5106.0
1753531577155,12:06:17.155,APT/USDT:USDT,4.771,1670.0,4.77,7318.0,4.772,300.0,4.773,5106.0
1753531577326,12:06:17.326,APT/USDT:USDT,4.771,1670.0,4.77,7318.0,4.772,300.0,4.773,5106.0
1753531577446,12:06:17.446,APT/USDT:USDT,4.771,1670.0,4.77,7318.0,4.772,300.0,4.773,5106.0
1753531577561,12:06:17.561,APT/USDT:USDT,4.771,1670.0,4.77,7318.0,4.772,300.0,4.773,5106.0
1753531577641,12:06:17.641,APT/USDT:USDT,4.771,1670.0,4.77,7318.0,4.772,300.0,4.773,5106.0
1753531577875,12:06:17.875,APT/USDT:USDT,4.771,1670.0,4.77,7318.0,4.772,300.0,4.773,5106.0
1753531578158,12:06:18.158,APT/USDT:USDT,4.771,1474.0,4.77,7318.0,4.772,300.0,4.773,5106.0
1753531578258,12:06:18.258,APT/USDT:USDT,4.771,1476.0,4.77,7318.0,4.772,310.0,4.773,5106.0
1753531578410,12:06:18.410,APT/USDT:USDT,4.771,1476.0,4.77,7318.0,4.772,310.0,4.773,5106.0
1753531578496,12:06:18.496,APT/USDT:USDT,4.771,1476.0,4.77,7318.0,4.772,310.0,4.773,5106.0
1753531578605,12:06:18.605,APT/USDT:USDT,4.771,1476.0,4.77,7318.0,4.772,310.0,4.773,5106.0
1753531578690,12:06:18.690,APT/USDT:USDT,4.771,1476.0,4.77,7318.0,4.772,310.0,4.773,5106.0
1753531578908,12:06:18.908,APT/USDT:USDT,4.771,1524.0,4.77,7318.0,4.772,310.0,4.773,5106.0
1753531579095,12:06:19.095,APT/USDT:USDT,4.771,1524.0,4.77,7318.0,4.772,310.0,4.773,5106.0
1753531579116,12:06:19.116,APT/USDT:USDT,4.771,1524.0,4.77,7318.0,4.772,310.0,4.773,5106.0
1753531579675,12:06:19.675,APT/USDT:USDT,4.771,1524.0,4.77,7318.0,4.772,310.0,4.773,5106.0
1753531579791,12:06:19.791,APT/USDT:USDT,4.771,175.0,4.77,7318.0,4.772,310.0,4.773,5106.0
1753531579907,12:06:19.907,APT/USDT:USDT,4.771,175.0,4.77,7318.0,4.772,310.0,4.773,5106.0
1753531580015,12:06:20.015,APT/USDT:USDT,4.771,175.0,4.77,7318.0,4.772,310.0,4.773,5106.0
1753531580208,12:06:20.208,APT/USDT:USDT,4.771,175.0,4.77,7318.0,4.772,310.0,4.773,5106.0
1753531580252,12:06:20.252,APT/USDT:USDT,4.771,175.0,4.77,7318.0,4.772,310.0,4.773,5106.0
1753531580340,12:06:20.340,APT/USDT:USDT,4.771,1577.0,4.77,7318.0,4.772,310.0,4.773,5106.0
1753531580504,12:06:20.504,APT/USDT:USDT,4.771,1577.0,4.77,7318.0,4.772,310.0,4.773,5106.0
1753531580652,12:06:20.652,APT/USDT:USDT,4.771,2844.0,4.77,7318.0,4.772,300.0,4.773,510.0
1753531580793,12:06:20.793,APT/USDT:USDT,4.771,1788.0,4.77,7318.0,4.772,300.0,4.773,510.0
1753531581239,12:06:21.239,APT/USDT:USDT,4.771,1788.0,4.77,7318.0,4.772,300.0,4.773,4345.0
1753531581322,12:06:21.322,APT/USDT:USDT,4.771,1788.0,4.77,7318.0,4.772,300.0,4.773,4345.0
1753531581716,12:06:21.716,APT/USDT:USDT,4.771,2288.0,4.77,7818.0,4.772,300.0,4.773,510.0
1753531581796,12:06:21.796,APT/USDT:USDT,4.771,2288.0,4.77,7818.0,4.772,300.0,4.773,510.0
1753531581890,12:06:21.890,APT/USDT:USDT,4.771,2288.0,4.77,7818.0,4.772,300.0,4.773,510.0
1753531581962,12:06:21.962,APT/USDT:USDT,4.771,2288.0,4.77,7818.0,4.772,300.0,4.773,510.0
1753531582097,12:06:22.097,APT/USDT:USDT,4.771,2288.0,4.77,7818.0,4.772,300.0,4.773,4355.0
1753531582134,12:06:22.134,APT/USDT:USDT,4.771,2288.0,4.77,7818.0,4.772,300.0,4.773,4355.0
1753531582312,12:06:22.312,APT/USDT:USDT,4.771,2288.0,4.77,7818.0,4.772,300.0,4.773,4355.0
1753531582416,12:06:22.416,APT/USDT:USDT,4.771,2288.0,4.77,7818.0,4.772,300.0,4.773,4355.0
1753531582785,12:06:22.785,APT/USDT:USDT,4.771,2288.0,4.77,7818.0,4.772,300.0,4.773,4355.0
1753531582931,12:06:22.931,APT/USDT:USDT,4.771,2288.0,4.77,7818.0,4.772,300.0,4.773,4355.0
1753531583132,12:06:23.132,APT/USDT:USDT,4.771,2288.0,4.77,7818.0,4.772,300.0,4.773,4355.0
1753531583402,12:06:23.402,APT/USDT:USDT,4.771,2288.0,4.77,7818.0,4.772,300.0,4.773,4355.0
1753531583959,12:06:23.959,APT/USDT:USDT,4.771,2288.0,4.77,9419.0,4.772,300.0,4.773,510.0
1753531584112,12:06:24.112,APT/USDT:USDT,4.771,2288.0,4.77,9419.0,4.772,300.0,4.773,4365.0
1753531584165,12:06:24.165,APT/USDT:USDT,4.771,2288.0,4.77,9419.0,4.772,300.0,4.773,4365.0
1753531584403,12:06:24.403,APT/USDT:USDT,4.771,2288.0,4.77,9419.0,4.772,300.0,4.773,4365.0
1753531584509,12:06:24.509,APT/USDT:USDT,4.771,2288.0,4.77,9419.0,4.772,300.0,4.773,510.0
1753531584583,12:06:24.583,APT/USDT:USDT,4.771,2288.0,4.77,9419.0,4.772,300.0,4.773,510.0
1753531586196,12:06:26.196,APT/USDT:USDT,4.771,4640.0,4.77,9419.0,4.773,510.0,4.774,5143.0
1753531586297,12:06:26.297,APT/USDT:USDT,4.771,4640.0,4.77,9419.0,4.773,510.0,4.774,5143.0
1753531586478,12:06:26.478,APT/USDT:USDT,4.771,4640.0,4.77,9419.0,4.773,510.0,4.774,5143.0
1753531586699,12:06:26.699,APT/USDT:USDT,4.771,3344.0,4.77,9419.0,4.772,300.0,4.773,510.0
1753531586760,12:06:26.760,APT/USDT:USDT,4.771,3344.0,4.77,9419.0,4.772,300.0,4.773,510.0
1753531586937,12:06:26.937,APT/USDT:USDT,4.771,3344.0,4.77,9419.0,4.772,300.0,4.773,510.0
1753531587211,12:06:27.211,APT/USDT:USDT,4.771,3344.0,4.77,9419.0,4.772,300.0,4.773,510.0
1753531587302,12:06:27.302,APT/USDT:USDT,4.771,3344.0,4.77,9419.0,4.772,300.0,4.773,510.0
1753531587359,12:06:27.359,APT/USDT:USDT,4.771,3344.0,4.77,9419.0,4.772,300.0,4.773,510.0
1753531587514,12:06:27.514,APT/USDT:USDT,4.772,166.0,4.771,4642.0,4.773,10.0,4.774,5184.0
1753531587797,12:06:27.797,APT/USDT:USDT,4.772,1775.0,4.771,5675.0,4.773,10.0,4.774,5143.0
1753531587893,12:06:27.893,APT/USDT:USDT,4.772,1775.0,4.771,5885.0,4.773,10.0,4.774,5143.0
1753531588014,12:06:28.014,APT/USDT:USDT,4.772,3541.0,4.771,5885.0,4.774,538.0,4.775,7133.0
1753531588073,12:06:28.073,APT/USDT:USDT,4.772,3549.0,4.771,5883.0,4.774,546.0,4.775,7133.0
1753531588520,12:06:28.520,APT/USDT:USDT,4.772,3549.0,4.771,5883.0,4.774,546.0,4.775,7133.0
1753531588714,12:06:28.714,APT/USDT:USDT,4.773,156.0,4.772,6201.0,4.774,510.0,4.775,6318.0
1753531588756,12:06:28.756,APT/USDT:USDT,4.773,166.0,4.772,5986.0,4.774,502.0,4.775,6318.0
1753531588908,12:06:28.908,APT/USDT:USDT,4.773,166.0,4.772,5986.0,4.774,502.0,4.775,6318.0
1753531589006,12:06:29.006,APT/USDT:USDT,4.773,166.0,4.772,5986.0,4.774,502.0,4.775,6318.0
1753531589147,12:06:29.147,APT/USDT:USDT,4.773,166.0,4.772,5986.0,4.774,502.0,4.775,6318.0
1753531589310,12:06:29.310,APT/USDT:USDT,4.773,166.0,4.772,5986.0,4.774,502.0,4.775,6318.0
1753531590113,12:06:30.113,APT/USDT:USDT,4.772,220.0,4.771,3281.0,4.774,1539.0,4.775,9054.0
1753531590184,12:06:30.184,APT/USDT:USDT,4.772,849.0,4.771,3281.0,4.774,1364.0,4.775,9054.0
1753531590858,12:06:30.858,APT/USDT:USDT,4.772,849.0,4.771,3281.0,4.774,1400.0,4.775,9054.0
1753531590963,12:06:30.963,APT/USDT:USDT,4.772,849.0,4.771,3281.0,4.774,1364.0,4.775,9054.0
1753531591211,12:06:31.211,APT/USDT:USDT,4.772,849.0,4.771,2575.0,4.774,1364.0,4.775,9054.0
1753531591282,12:06:31.282,APT/USDT:USDT,4.772,849.0,4.771,2575.0,4.774,1400.0,4.775,9856.0
1753531591413,12:06:31.413,APT/USDT:USDT,4.772,639.0,4.771,2785.0,4.774,1400.0,4.775,9856.0
1753531591507,12:06:31.507,APT/USDT:USDT,4.772,639.0,4.771,2785.0,4.774,1364.0,4.775,9856.0
1753531591551,12:06:31.551,APT/USDT:USDT,4.772,639.0,4.771,2785.0,4.774,1364.0,4.775,9856.0
1753531591714,12:06:31.714,APT/USDT:USDT,4.772,639.0,4.771,2785.0,4.774,1364.0,4.775,9856.0
1753531591778,12:06:31.778,APT/USDT:USDT,4.772,1475.0,4.771,2785.0,4.774,1400.0,4.775,9856.0
1753531591879,12:06:31.879,APT/USDT:USDT,4.772,1475.0,4.771,2785.0,4.774,1400.0,4.775,9856.0
1753531592004,12:06:32.004,APT/USDT:USDT,4.772,1475.0,4.771,2785.0,4.774,1400.0,4.775,9856.0
1753531592194,12:06:32.194,APT/USDT:USDT,4.772,1475.0,4.771,2785.0,4.774,1400.0,4.775,9856.0
1753531593061,12:06:33.061,APT/USDT:USDT,4.772,629.0,4.771,502.0,4.773,2643.0,4.774,9261.0
1753531593139,12:06:33.139,APT/USDT:USDT,4.772,629.0,4.771,502.0,4.773,2643.0,4.774,9261.0
1753531593408,12:06:33.408,APT/USDT:USDT,4.772,629.0,4.771,502.0,4.773,2643.0,4.774,9261.0
1753531593462,12:06:33.462,APT/USDT:USDT,4.772,629.0,4.771,2.0,4.773,3143.0,4.774,9261.0
1753531593602,12:06:33.602,APT/USDT:USDT,4.772,629.0,4.771,2.0,4.773,3143.0,4.774,9261.0
1753531593714,12:06:33.714,APT/USDT:USDT,4.772,788.0,4.771,2.0,4.773,3143.0,4.774,9261.0
1753531593807,12:06:33.807,APT/USDT:USDT,4.772,629.0,4.771,2.0,4.773,1978.0,4.774,10390.0
1753531593896,12:06:33.896,APT/USDT:USDT,4.772,629.0,4.771,2.0,4.773,3143.0,4.774,9261.0
1753531596207,12:06:36.207,APT/USDT:USDT,4.77,1137.0,4.769,2715.0,4.771,553.0,4.772,10339.0
1753531596291,12:06:36.291,APT/USDT:USDT,4.77,1129.0,4.769,2504.0,4.771,499.0,4.772,10331.0
1753531596388,12:06:36.388,APT/USDT:USDT,4.77,1129.0,4.769,2504.0,4.771,499.0,4.772,10331.0
1753531597016,12:06:37.016,APT/USDT:USDT,4.77,629.0,4.769,1757.0,4.771,499.0,4.772,10331.0
1753531597095,12:06:37.095,APT/USDT:USDT,4.77,629.0,4.769,1757.0,4.771,1307.0,4.772,10331.0
1753531597198,12:06:37.198,APT/USDT:USDT,4.77,629.0,4.769,1757.0,4.771,1307.0,4.772,10331.0
1753531597299,12:06:37.299,APT/USDT:USDT,4.77,629.0,4.769,969.0,4.771,1514.0,4.772,10331.0
1753531597384,12:06:37.384,APT/USDT:USDT,4.77,629.0,4.769,969.0,4.771,2643.0,4.772,9202.0
1753531597453,12:06:37.453,APT/USDT:USDT,4.77,629.0,4.769,969.0,4.771,2643.0,4.772,9202.0
1753531597610,12:06:37.610,APT/USDT:USDT,4.77,629.0,4.769,969.0,4.771,2643.0,4.772,9202.0
1753531597714,12:06:37.714,APT/USDT:USDT,4.77,629.0,4.769,969.0,4.771,2643.0,4.772,9202.0
1753531597879,12:06:37.879,APT/USDT:USDT,4.77,629.0,4.769,969.0,4.771,2643.0,4.772,9202.0
1753531597931,12:06:37.931,APT/USDT:USDT,4.77,629.0,4.769,969.0,4.771,2436.0,4.772,9202.0
1753531598476,12:06:38.476,APT/USDT:USDT,4.77,629.0,4.769,969.0,4.771,3143.0,4.772,9202.0
1753531598558,12:06:38.558,APT/USDT:USDT,4.77,629.0,4.769,969.0,4.771,3143.0,4.772,9202.0
1753531599603,12:06:39.603,APT/USDT:USDT,4.77,629.0,4.769,1205.0,4.771,3143.0,4.772,9202.0
1753531599708,12:06:39.708,APT/USDT:USDT,4.77,629.0,4.769,1205.0,4.771,2900.0,4.772,9202.0
1753531599815,12:06:39.815,APT/USDT:USDT,4.769,1905.0,4.768,5480.0,4.771,1735.0,4.772,9202.0
1753531599913,12:06:39.913,APT/USDT:USDT,4.769,1913.0,4.768,5690.0,4.771,1743.0,4.772,9202.0
1753531600007,12:06:40.007,APT/USDT:USDT,4.769,1913.0,4.768,5690.0,4.771,1743.0,4.772,9202.0
1753531600106,12:06:40.106,APT/USDT:USDT,4.769,1841.0,4.768,5690.0,4.771,1815.0,4.772,9202.0
1753531600207,12:06:40.207,APT/USDT:USDT,4.769,2727.0,4.768,5690.0,4.771,279.0,4.772,9202.0
1753531600798,12:06:40.798,APT/USDT:USDT,4.769,2938.0,4.768,5690.0,4.771,279.0,4.772,9202.0
1753531601006,12:06:41.006,APT/USDT:USDT,4.769,2938.0,4.768,5690.0,4.771,279.0,4.772,9202.0
1753531601240,12:06:41.240,APT/USDT:USDT,4.769,2938.0,4.768,5690.0,4.771,279.0,4.772,9202.0
1753531601322,12:06:41.322,APT/USDT:USDT,4.769,2938.0,4.768,5690.0,4.771,279.0,4.772,9202.0
1753531601626,12:06:41.626,APT/USDT:USDT,4.769,2938.0,4.768,5690.0,4.771,279.0,4.772,9202.0
1753531601787,12:06:41.787,APT/USDT:USDT,4.769,2938.0,4.768,5690.0,4.771,279.0,4.772,9202.0
1753531601878,12:06:41.878,APT/USDT:USDT,4.769,2938.0,4.768,5690.0,4.771,279.0,4.772,9202.0
1753531602005,12:06:42.005,APT/USDT:USDT,4.769,2902.0,4.768,5690.0,4.771,279.0,4.772,9202.0
1753531602158,12:06:42.158,APT/USDT:USDT,4.769,2938.0,4.768,5690.0,4.771,279.0,4.772,9202.0
1753531602252,12:06:42.252,APT/USDT:USDT,4.769,2866.0,4.768,5690.0,4.771,315.0,4.772,9202.0
1753531602374,12:06:42.374,APT/USDT:USDT,4.769,2866.0,4.768,5690.0,4.771,315.0,4.772,9202.0
1753531602478,12:06:42.478,APT/USDT:USDT,4.769,2866.0,4.768,5690.0,4.771,315.0,4.772,9202.0
1753531602716,12:06:42.716,APT/USDT:USDT,4.769,2902.0,4.768,5690.0,4.771,279.0,4.772,9202.0
1753531603913,12:06:43.913,APT/USDT:USDT,4.769,2052.0,4.768,5690.0,4.771,1165.0,4.772,9202.0
1753531603957,12:06:43.957,APT/USDT:USDT,4.769,1349.0,4.768,5690.0,4.771,1165.0,4.772,9202.0
1753531604114,12:06:44.114,APT/USDT:USDT,4.769,1138.0,4.768,5690.0,4.77,156.0,4.771,1046.0
1753531604204,12:06:44.204,APT/USDT:USDT,4.769,1130.0,4.768,5690.0,4.77,156.0,4.771,8650.0
1753531604224,12:06:44.224,APT/USDT:USDT,4.769,1130.0,4.768,5690.0,4.77,166.0,4.771,8650.0
1753531604400,12:06:44.400,APT/USDT:USDT,4.769,1130.0,4.768,5690.0,4.77,1016.0,4.771,8650.0
1753531604499,12:06:44.499,APT/USDT:USDT,4.769,1130.0,4.768,4634.0,4.77,1052.0,4.771,8614.0
1753531604559,12:06:44.559,APT/USDT:USDT,4.769,1130.0,4.768,4634.0,4.77,1052.0,4.771,8614.0
1753531604706,12:06:44.706,APT/USDT:USDT,4.769,630.0,4.768,4634.0,4.77,1052.0,4.771,8614.0
1753531604799,12:06:44.799,APT/USDT:USDT,4.769,630.0,4.768,4634.0,4.77,1052.0,4.771,8614.0
1753531604857,12:06:44.857,APT/USDT:USDT,4.769,630.0,4.768,4634.0,4.77,1052.0,4.771,8614.0
1753531605182,12:06:45.182,APT/USDT:USDT,4.769,630.0,4.768,4634.0,4.77,1052.0,4.771,8614.0
1753531605300,12:06:45.300,APT/USDT:USDT,4.769,630.0,4.768,4634.0,4.77,1052.0,4.771,8614.0
1753531605714,12:06:45.714,APT/USDT:USDT,4.769,780.0,4.768,4424.0,4.77,1052.0,4.771,8614.0
1753531605716,12:06:45.716,APT/USDT:USDT,4.769,630.0,4.768,4424.0,4.77,1052.0,4.771,8614.0
1753531605942,12:06:45.942,APT/USDT:USDT,4.769,630.0,4.768,4424.0,4.77,1989.0,4.771,8614.0
1753531606101,12:06:46.101,APT/USDT:USDT,4.769,630.0,4.768,4424.0,4.77,1989.0,4.771,8614.0
1753531606192,12:06:46.192,APT/USDT:USDT,4.769,630.0,4.768,4424.0,4.77,1989.0,4.771,8614.0
1753531606601,12:06:46.601,APT/USDT:USDT,4.769,630.0,4.768,4424.0,4.77,1989.0,4.771,8614.0
1753531606673,12:06:46.673,APT/USDT:USDT,4.769,630.0,4.768,4424.0,4.77,2196.0,4.771,8614.0
1753531608714,12:06:48.714,APT/USDT:USDT,4.768,4057.0,4.767,12752.0,4.77,1024.0,4.771,9440.0
1753531608810,12:06:48.810,APT/USDT:USDT,4.768,3883.0,4.767,12752.0,4.77,1060.0,4.771,9440.0
1753531608829,12:06:48.829,APT/USDT:USDT,4.768,3883.0,4.767,12752.0,4.77,2189.0,4.771,9440.0
1753531609289,12:06:49.289,APT/USDT:USDT,4.768,3955.0,4.767,12752.0,4.77,2117.0,4.771,9440.0
1753531609440,12:06:49.440,APT/USDT:USDT,4.768,3955.0,4.767,12752.0,4.77,18.0,4.771,9743.0
1753531609715,12:06:49.715,APT/USDT:USDT,4.768,3955.0,4.767,12752.0,4.77,18.0,4.771,9743.0
1753531609930,12:06:49.930,APT/USDT:USDT,4.768,3955.0,4.767,12752.0,4.77,18.0,4.771,9743.0
1753531610086,12:06:50.086,APT/USDT:USDT,4.768,3955.0,4.767,12752.0,4.77,18.0,4.771,9743.0
1753531610235,12:06:50.235,APT/USDT:USDT,4.768,3955.0,4.767,12752.0,4.77,18.0,4.771,9743.0
1753531610499,12:06:50.499,APT/USDT:USDT,4.768,3955.0,4.767,12752.0,4.77,18.0,4.771,9743.0
1753531611479,12:06:51.479,APT/USDT:USDT,4.768,3955.0,4.767,12752.0,4.77,18.0,4.771,9743.0
1753531611545,12:06:51.545,APT/USDT:USDT,4.768,3955.0,4.767,12752.0,4.77,18.0,4.771,9743.0
1753531612101,12:06:52.101,APT/USDT:USDT,4.768,3955.0,4.767,13543.0,4.77,18.0,4.771,9743.0
1753531612162,12:06:52.162,APT/USDT:USDT,4.768,3955.0,4.767,13543.0,4.77,18.0,4.771,9743.0
1753531612376,12:06:52.376,APT/USDT:USDT,4.768,3955.0,4.767,13543.0,4.77,18.0,4.771,9743.0
1753531612623,12:06:52.623,APT/USDT:USDT,4.768,3955.0,4.767,13543.0,4.77,18.0,4.771,9743.0
1753531613094,12:06:53.094,APT/USDT:USDT,4.768,3955.0,4.767,13543.0,4.77,18.0,4.771,9743.0
1753531613678,12:06:53.678,APT/USDT:USDT,4.768,3919.0,4.767,13543.0,4.77,18.0,4.771,9743.0
1753531613761,12:06:53.761,APT/USDT:USDT,4.768,3955.0,4.767,13543.0,4.77,18.0,4.771,8614.0
1753531614551,12:06:54.551,APT/USDT:USDT,4.768,4582.0,4.767,13543.0,4.77,18.0,4.771,8614.0
1753531614714,12:06:54.714,APT/USDT:USDT,4.768,4717.0,4.767,13543.0,4.77,18.0,4.771,8614.0
1753531614780,12:06:54.780,APT/USDT:USDT,4.769,242.0,4.768,5566.0,4.77,18.0,4.771,8614.0
1753531614901,12:06:54.901,APT/USDT:USDT,4.768,1336.0,4.767,1815.0,4.769,53.0,4.77,8376.0
1753531615008,12:06:55.008,APT/USDT:USDT,4.768,1336.0,4.767,12262.0,4.769,53.0,4.77,8376.0
1753531615115,12:06:55.115,APT/USDT:USDT,4.768,1336.0,4.767,12262.0,4.769,53.0,4.77,8376.0
1753531615172,12:06:55.172,APT/USDT:USDT,4.768,1336.0,4.767,12762.0,4.769,53.0,4.77,8376.0
1753531615294,12:06:55.294,APT/USDT:USDT,4.768,1336.0,4.767,12762.0,4.769,53.0,4.77,8376.0
1753531615720,12:06:55.720,APT/USDT:USDT,4.768,1336.0,4.767,12762.0,4.769,53.0,4.77,8376.0
1753531616342,12:06:56.342,APT/USDT:USDT,4.769,3437.0,4.768,5385.0,4.77,10.0,4.771,9144.0
1753531616481,12:06:56.481,APT/USDT:USDT,4.769,3401.0,4.768,5385.0,4.77,10.0,4.771,9144.0
1753531616558,12:06:56.558,APT/USDT:USDT,4.769,3401.0,4.768,5385.0,4.77,454.0,4.771,9144.0
1753531617102,12:06:57.102,APT/USDT:USDT,4.769,3401.0,4.768,5385.0,4.77,454.0,4.771,9144.0
1753531617216,12:06:57.216,APT/USDT:USDT,4.769,3194.0,4.768,5385.0,4.77,454.0,4.771,9144.0
1753531617308,12:06:57.308,APT/USDT:USDT,4.769,2389.0,4.768,5385.0,4.77,454.0,4.771,9144.0
1753531617325,12:06:57.325,APT/USDT:USDT,4.769,2389.0,4.768,5385.0,4.77,454.0,4.771,9144.0
1753531617716,12:06:57.716,APT/USDT:USDT,4.769,2526.0,4.768,5385.0,4.77,454.0,4.771,9144.0
1753531618335,12:06:58.335,APT/USDT:USDT,4.769,2561.0,4.768,5385.0,4.77,454.0,4.771,9144.0
1753531618466,12:06:58.466,APT/USDT:USDT,4.769,2561.0,4.768,5385.0,4.77,454.0,4.771,9144.0
1753531619709,12:06:59.709,APT/USDT:USDT,4.769,2561.0,4.768,5385.0,4.77,454.0,4.771,9144.0
1753531621343,12:07:01.343,APT/USDT:USDT,4.769,668.0,4.768,5385.0,4.77,454.0,4.771,9144.0
1753531621491,12:07:01.491,APT/USDT:USDT,4.769,502.0,4.768,5385.0,4.77,454.0,4.771,9144.0
1753531621654,12:07:01.654,APT/USDT:USDT,4.769,745.0,4.768,5385.0,4.77,454.0,4.771,9144.0
1753531621894,12:07:01.894,APT/USDT:USDT,4.769,502.0,4.768,4329.0,4.77,526.0,4.771,9144.0
1753531622010,12:07:02.010,APT/USDT:USDT,4.769,745.0,4.768,4329.0,4.77,454.0,4.771,9144.0
1753531622066,12:07:02.066,APT/USDT:USDT,4.769,502.0,4.768,4329.0,4.77,526.0,4.771,9144.0
1753531622200,12:07:02.200,APT/USDT:USDT,4.769,502.0,4.768,4329.0,4.77,526.0,4.771,9144.0
1753531622414,12:07:02.414,APT/USDT:USDT,4.769,502.0,4.768,4329.0,4.77,526.0,4.771,9144.0
1753531622568,12:07:02.568,APT/USDT:USDT,4.769,502.0,4.768,4329.0,4.77,454.0,4.771,9144.0
1753531623285,12:07:03.285,APT/USDT:USDT,4.769,2.0,4.768,4329.0,4.77,1105.0,4.771,9144.0
1753531623408,12:07:03.408,APT/USDT:USDT,4.769,2.0,4.768,4329.0,4.77,1105.0,4.771,9144.0
1753531624020,12:07:04.020,APT/USDT:USDT,4.768,502.0,4.767,12555.0,4.769,308.0,4.77,8737.0
1753531624188,12:07:04.188,APT/USDT:USDT,4.768,502.0,4.767,12555.0,4.769,308.0,4.77,8737.0
1753531624392,12:07:04.392,APT/USDT:USDT,4.768,502.0,4.767,12555.0,4.769,308.0,4.77,8737.0
1753531624487,12:07:04.487,APT/USDT:USDT,4.768,502.0,4.767,12555.0,4.769,308.0,4.77,8737.0
1753531624596,12:07:04.596,APT/USDT:USDT,4.768,502.0,4.767,12555.0,4.769,308.0,4.77,8737.0
1753531624815,12:07:04.815,APT/USDT:USDT,4.768,4199.0,4.767,12555.0,4.77,826.0,4.771,9179.0
1753531624855,12:07:04.855,APT/USDT:USDT,4.768,4171.0,4.767,12555.0,4.77,834.0,4.771,9179.0
1753531625346,12:07:05.346,APT/USDT:USDT,4.768,4173.0,4.767,13039.0,4.77,834.0,4.771,9179.0
1753531625473,12:07:05.473,APT/USDT:USDT,4.768,4173.0,4.767,13039.0,4.77,834.0,4.771,9179.0
1753531626105,12:07:06.105,APT/USDT:USDT,4.768,510.0,4.767,13039.0,4.77,1406.0,4.771,9179.0
1753531626200,12:07:06.200,APT/USDT:USDT,4.768,510.0,4.767,13039.0,4.769,397.0,4.77,9235.0
1753531626312,12:07:06.312,APT/USDT:USDT,4.768,502.0,4.767,13039.0,4.769,361.0,4.77,9227.0
1753531626487,12:07:06.487,APT/USDT:USDT,4.768,502.0,4.767,13039.0,4.769,397.0,4.77,9227.0
1753531626704,12:07:06.704,APT/USDT:USDT,4.768,502.0,4.767,13039.0,4.769,361.0,4.77,9227.0
1753531626834,12:07:06.834,APT/USDT:USDT,4.768,502.0,4.767,13039.0,4.769,361.0,4.77,9227.0
1753531627204,12:07:07.204,APT/USDT:USDT,4.768,597.0,4.767,13039.0,4.769,53.0,4.77,9191.0
1753531627235,12:07:07.235,APT/USDT:USDT,4.768,597.0,4.767,13039.0,4.769,53.0,4.77,9191.0
1753531627339,12:07:07.339,APT/USDT:USDT,4.768,597.0,4.767,13039.0,4.769,53.0,4.77,9191.0
1753531627600,12:07:07.600,APT/USDT:USDT,4.768,502.0,4.767,13039.0,4.769,89.0,4.77,9191.0
1753531627708,12:07:07.708,APT/USDT:USDT,4.768,502.0,4.767,13039.0,4.769,209.0,4.77,9191.0
1753531627879,12:07:07.879,APT/USDT:USDT,4.768,502.0,4.767,13039.0,4.769,209.0,4.77,9191.0
1753531627968,12:07:07.968,APT/USDT:USDT,4.768,502.0,4.767,13039.0,4.769,53.0,4.77,9191.0
1753531628037,12:07:08.037,APT/USDT:USDT,4.768,502.0,4.767,13039.0,4.769,53.0,4.77,9191.0
1753531628158,12:07:08.158,APT/USDT:USDT,4.768,502.0,4.767,13039.0,4.769,53.0,4.77,9191.0
1753531628265,12:07:08.265,APT/USDT:USDT,4.768,4151.0,4.767,13039.0,4.77,1326.0,4.771,5244.0
1753531628400,12:07:08.400,APT/USDT:USDT,4.768,4159.0,4.767,13039.0,4.77,1370.0,4.771,9159.0
1753531628514,12:07:08.514,APT/USDT:USDT,4.768,4101.0,4.767,13039.0,4.77,1406.0,4.771,9159.0
1753531628608,12:07:08.608,APT/USDT:USDT,4.768,4101.0,4.767,13039.0,4.77,1406.0,4.771,9159.0
1753531628663,12:07:08.663,APT/USDT:USDT,4.768,4101.0,4.767,13039.0,4.77,1406.0,4.771,9159.0
1753531628731,12:07:08.731,APT/USDT:USDT,4.768,4101.0,4.767,13039.0,4.77,1406.0,4.771,9159.0
1753531628952,12:07:08.952,APT/USDT:USDT,4.768,4101.0,4.767,13039.0,4.77,1406.0,4.771,9159.0
1753531629041,12:07:09.041,APT/USDT:USDT,4.768,4101.0,4.767,13039.0,4.77,1406.0,4.771,9159.0
1753531629212,12:07:09.212,APT/USDT:USDT,4.768,4101.0,4.767,13039.0,4.77,1406.0,4.771,9159.0
1753531629241,12:07:09.241,APT/USDT:USDT,4.768,4101.0,4.767,13039.0,4.77,1406.0,4.771,9159.0
1753531629372,12:07:09.372,APT/USDT:USDT,4.768,4101.0,4.767,13039.0,4.77,1406.0,4.771,9159.0
1753531629454,12:07:09.454,APT/USDT:USDT,4.768,510.0,4.767,13039.0,4.77,1406.0,4.771,9159.0
1753531629715,12:07:09.715,APT/USDT:USDT,4.768,4173.0,4.767,13039.0,4.77,1334.0,4.771,9159.0
1753531629802,12:07:09.802,APT/USDT:USDT,4.768,4101.0,4.767,12829.0,4.77,1370.0,4.771,9159.0
1753531629895,12:07:09.895,APT/USDT:USDT,4.768,4101.0,4.767,13039.0,4.77,1370.0,4.771,9159.0
1753531630032,12:07:10.032,APT/USDT:USDT,4.768,4173.0,4.767,13039.0,4.77,1334.0,4.771,9159.0
1753531630174,12:07:10.174,APT/USDT:USDT,4.768,4173.0,4.767,13039.0,4.77,1334.0,4.771,9159.0
1753531630315,12:07:10.315,APT/USDT:USDT,4.768,4173.0,4.767,13039.0,4.77,1370.0,4.771,9159.0
1753531630347,12:07:10.347,APT/USDT:USDT,4.768,4101.0,4.767,13039.0,4.77,1406.0,4.771,9159.0
1753531630501,12:07:10.501,APT/USDT:USDT,4.768,4137.0,4.767,13039.0,4.77,1370.0,4.771,9159.0
1753531630539,12:07:10.539,APT/USDT:USDT,4.768,4101.0,4.767,13039.0,4.77,1406.0,4.771,9159.0
1753531630636,12:07:10.636,APT/USDT:USDT,4.768,4101.0,4.767,13039.0,4.77,1406.0,4.771,9159.0
1753531630782,12:07:10.782,APT/USDT:USDT,4.768,4101.0,4.767,13039.0,4.77,1406.0,4.771,9159.0
1753531630909,12:07:10.909,APT/USDT:USDT,4.768,4101.0,4.767,13039.0,4.77,1406.0,4.771,9159.0
1753531630999,12:07:10.999,APT/USDT:USDT,4.768,4101.0,4.767,13039.0,4.77,1370.0,4.771,9159.0
1753531631090,12:07:11.090,APT/USDT:USDT,4.768,4101.0,4.767,13039.0,4.77,1406.0,4.771,9159.0
1753531631146,12:07:11.146,APT/USDT:USDT,4.768,4101.0,4.767,13039.0,4.77,1406.0,4.771,9159.0
1753531631277,12:07:11.277,APT/USDT:USDT,4.768,4101.0,4.767,13039.0,4.77,1406.0,4.771,9159.0
1753531631467,12:07:11.467,APT/USDT:USDT,4.768,4173.0,4.767,13039.0,4.77,1370.0,4.771,9159.0
1753531631614,12:07:11.614,APT/USDT:USDT,4.768,4137.0,4.767,13039.0,4.77,1370.0,4.771,9159.0
1753531631700,12:07:11.700,APT/USDT:USDT,4.768,4173.0,4.767,13039.0,4.77,1334.0,4.771,9159.0
1753531631811,12:07:11.811,APT/USDT:USDT,4.768,4137.0,4.767,13039.0,4.77,1370.0,4.771,9159.0
1753531631901,12:07:11.901,APT/USDT:USDT,4.768,4101.0,4.767,13039.0,4.77,1406.0,4.771,9159.0
1753531632112,12:07:12.112,APT/USDT:USDT,4.768,4101.0,4.767,13039.0,4.77,1406.0,4.771,9159.0
1753531632123,12:07:12.123,APT/USDT:USDT,4.768,4101.0,4.767,13039.0,4.77,1406.0,4.771,9159.0
1753531632304,12:07:12.304,APT/USDT:USDT,4.768,4101.0,4.767,13039.0,4.77,1406.0,4.771,9159.0
1753531632325,12:07:12.325,APT/USDT:USDT,4.768,4101.0,4.767,13039.0,4.77,1406.0,4.771,9159.0
1753531632717,12:07:12.717,APT/USDT:USDT,4.768,4101.0,4.767,13039.0,4.77,1406.0,4.771,9159.0
1753531632781,12:07:12.781,APT/USDT:USDT,4.768,4101.0,4.767,13039.0,4.77,1406.0,4.771,9159.0
1753531632891,12:07:12.891,APT/USDT:USDT,4.768,4101.0,4.767,13039.0,4.77,1370.0,4.771,9159.0
1753531632991,12:07:12.991,APT/USDT:USDT,4.768,4101.0,4.767,13039.0,4.77,1370.0,4.771,9159.0
1753531633093,12:07:13.093,APT/USDT:USDT,4.768,4101.0,4.767,13039.0,4.77,1370.0,4.771,9159.0
1753531633186,12:07:13.186,APT/USDT:USDT,4.768,4101.0,4.767,13039.0,4.77,590.0,4.771,9159.0
1753531633292,12:07:13.292,APT/USDT:USDT,4.768,4173.0,4.767,13039.0,4.77,518.0,4.771,9159.0
1753531633379,12:07:13.379,APT/USDT:USDT,4.768,4173.0,4.767,13039.0,4.77,18.0,4.771,9159.0
1753531633430,12:07:13.430,APT/USDT:USDT,4.768,4173.0,4.767,13039.0,4.77,18.0,4.771,9159.0
1753531633533,12:07:13.533,APT/USDT:USDT,4.768,4173.0,4.767,13039.0,4.77,18.0,4.771,9159.0
1753531633654,12:07:13.654,APT/USDT:USDT,4.768,4173.0,4.767,13039.0,4.77,18.0,4.771,9159.0
1753531633809,12:07:13.809,APT/USDT:USDT,4.768,4173.0,4.767,13039.0,4.77,18.0,4.771,9159.0
1753531634007,12:07:14.007,APT/USDT:USDT,4.768,4173.0,4.767,13039.0,4.77,18.0,4.771,9159.0
1753531634094,12:07:14.094,APT/USDT:USDT,4.768,4173.0,4.767,13039.0,4.77,18.0,4.771,9159.0
1753531634217,12:07:14.217,APT/USDT:USDT,4.768,4173.0,4.767,13039.0,4.77,18.0,4.771,9159.0
1753531634325,12:07:14.325,APT/USDT:USDT,4.768,4173.0,4.767,13039.0,4.77,18.0,4.771,9159.0
1753531634418,12:07:14.418,APT/USDT:USDT,4.768,4173.0,4.767,13039.0,4.77,18.0,4.771,9159.0
1753531634560,12:07:14.560,APT/USDT:USDT,4.768,4173.0,4.767,13039.0,4.77,18.0,4.771,9159.0
1753531634808,12:07:14.808,APT/USDT:USDT,4.768,4173.0,4.767,13039.0,4.77,18.0,4.771,9159.0
1753531634905,12:07:14.905,APT/USDT:USDT,4.768,510.0,4.767,13039.0,4.769,363.0,4.77,4781.0
1753531635001,12:07:15.001,APT/USDT:USDT,4.768,502.0,4.767,13039.0,4.769,156.0,4.77,8667.0
1753531635071,12:07:15.071,APT/USDT:USDT,4.768,709.0,4.767,13039.0,4.769,209.0,4.77,8667.0
1753531635212,12:07:15.212,APT/USDT:USDT,4.768,709.0,4.767,13039.0,4.769,209.0,4.77,8667.0
1753531635286,12:07:15.286,APT/USDT:USDT,4.768,709.0,4.767,13039.0,4.769,209.0,4.77,8667.0
1753531635331,12:07:15.331,APT/USDT:USDT,4.768,709.0,4.767,13039.0,4.769,209.0,4.77,8667.0
1753531635512,12:07:15.512,APT/USDT:USDT,4.768,709.0,4.767,13039.0,4.769,53.0,4.77,8667.0
1753531635551,12:07:15.551,APT/USDT:USDT,4.768,709.0,4.767,13039.0,4.769,53.0,4.77,8667.0
1753531635713,12:07:15.713,APT/USDT:USDT,4.768,842.0,4.767,13039.0,4.769,53.0,4.77,8667.0
1753531635762,12:07:15.762,APT/USDT:USDT,4.768,709.0,4.767,13039.0,4.769,53.0,4.77,8667.0
1753531635915,12:07:15.915,APT/USDT:USDT,4.768,502.0,4.767,13039.0,4.769,53.0,4.77,8667.0
1753531636007,12:07:16.007,APT/USDT:USDT,4.768,502.0,4.767,13039.0,4.769,53.0,4.77,8667.0
1753531636100,12:07:16.100,APT/USDT:USDT,4.768,4093.0,4.767,13039.0,4.77,858.0,4.771,5265.0
1753531636190,12:07:16.190,APT/USDT:USDT,4.768,4137.0,4.767,13039.0,4.77,866.0,4.771,9149.0
1753531636239,12:07:16.239,APT/USDT:USDT,4.768,4137.0,4.767,13039.0,4.77,866.0,4.771,9149.0
1753531636416,12:07:16.416,APT/USDT:USDT,4.768,4137.0,4.767,13039.0,4.77,866.0,4.771,9149.0
1753531636420,12:07:16.420,APT/USDT:USDT,4.768,4173.0,4.767,13039.0,4.77,866.0,4.771,9149.0
1753531636587,12:07:16.587,APT/USDT:USDT,4.768,4173.0,4.767,13039.0,4.77,830.0,4.771,9149.0
1753531636699,12:07:16.699,APT/USDT:USDT,4.768,4137.0,4.767,13039.0,4.77,866.0,4.771,9149.0
1753531636805,12:07:16.805,APT/USDT:USDT,4.768,4173.0,4.767,13039.0,4.77,830.0,4.771,9149.0
1753531636879,12:07:16.879,APT/USDT:USDT,4.768,4173.0,4.767,13039.0,4.77,830.0,4.771,9149.0
1753531637004,12:07:17.004,APT/USDT:USDT,4.768,4173.0,4.767,13039.0,4.77,830.0,4.771,9149.0
1753531637101,12:07:17.101,APT/USDT:USDT,4.768,4173.0,4.767,13039.0,4.77,866.0,4.771,9149.0
1753531637177,12:07:17.177,APT/USDT:USDT,4.768,4101.0,4.767,13039.0,4.77,902.0,4.771,9149.0
1753531637315,12:07:17.315,APT/USDT:USDT,4.768,4101.0,4.767,13039.0,4.77,902.0,4.771,9149.0
1753531637408,12:07:17.408,APT/USDT:USDT,4.768,4101.0,4.767,13039.0,4.77,902.0,4.771,9149.0
1753531637486,12:07:17.486,APT/USDT:USDT,4.768,4137.0,4.767,13039.0,4.77,902.0,4.771,9149.0
1753531637584,12:07:17.584,APT/USDT:USDT,4.768,4137.0,4.767,13039.0,4.77,902.0,4.771,9149.0
1753531637876,12:07:17.876,APT/USDT:USDT,4.768,4137.0,4.767,13039.0,4.77,902.0,4.771,9149.0
1753531638095,12:07:18.095,APT/USDT:USDT,4.768,4137.0,4.767,13039.0,4.77,902.0,4.771,9149.0
1753531638161,12:07:18.161,APT/USDT:USDT,4.768,4101.0,4.767,13039.0,4.77,902.0,4.771,9149.0
1753531638217,12:07:18.217,APT/USDT:USDT,4.768,4101.0,4.767,13039.0,4.77,902.0,4.771,9149.0
1753531638401,12:07:18.401,APT/USDT:USDT,4.768,4137.0,4.767,13039.0,4.77,902.0,4.771,9149.0
1753531638578,12:07:18.578,APT/USDT:USDT,4.768,4101.0,4.767,13039.0,4.77,902.0,4.771,9149.0
1753531638700,12:07:18.700,APT/USDT:USDT,4.768,4137.0,4.767,13039.0,4.77,902.0,4.771,9149.0
1753531638803,12:07:18.803,APT/USDT:USDT,4.768,4137.0,4.767,13039.0,4.77,902.0,4.771,9149.0
1753531638866,12:07:18.866,APT/USDT:USDT,4.768,4101.0,4.767,13039.0,4.77,902.0,4.771,9149.0
1753531638926,12:07:18.926,APT/USDT:USDT,4.768,4137.0,4.767,13039.0,4.77,902.0,4.771,9149.0
1753531639112,12:07:19.112,APT/USDT:USDT,4.768,4137.0,4.767,13039.0,4.77,902.0,4.771,9149.0
1753531639149,12:07:19.149,APT/USDT:USDT,4.768,4137.0,4.767,13039.0,4.77,902.0,4.771,9149.0
1753531639249,12:07:19.249,APT/USDT:USDT,4.768,4137.0,4.767,13039.0,4.77,902.0,4.771,9149.0
1753531639393,12:07:19.393,APT/USDT:USDT,4.768,4137.0,4.767,13039.0,4.77,902.0,4.771,9149.0
1753531639501,12:07:19.501,APT/USDT:USDT,4.768,4173.0,4.767,13039.0,4.77,830.0,4.771,9149.0
1753531639551,12:07:19.551,APT/USDT:USDT,4.768,4173.0,4.767,13039.0,4.77,830.0,4.771,9149.0
1753531639660,12:07:19.660,APT/USDT:USDT,4.768,4173.0,4.767,13039.0,4.77,830.0,4.771,9149.0
1753531639777,12:07:19.777,APT/USDT:USDT,4.768,4137.0,4.767,13039.0,4.77,830.0,4.771,9149.0
1753531639827,12:07:19.827,APT/USDT:USDT,4.768,4173.0,4.767,13039.0,4.77,830.0,4.771,9149.0
1753531639994,12:07:19.994,APT/USDT:USDT,4.768,4173.0,4.767,13039.0,4.77,830.0,4.771,9149.0
1753531640135,12:07:20.135,APT/USDT:USDT,4.768,4173.0,4.767,13039.0,4.77,830.0,4.771,9149.0
1753531640285,12:07:20.285,APT/USDT:USDT,4.768,4101.0,4.767,13039.0,4.77,902.0,4.771,9149.0
1753531640409,12:07:20.409,APT/USDT:USDT,4.768,4137.0,4.767,13039.0,4.77,866.0,4.771,9149.0
1753531640506,12:07:20.506,APT/USDT:USDT,4.768,4137.0,4.767,13039.0,4.77,902.0,4.771,9149.0
1753531640602,12:07:20.602,APT/USDT:USDT,4.768,4137.0,4.767,13039.0,4.77,902.0,4.771,9149.0
1753531640753,12:07:20.753,APT/USDT:USDT,4.768,4137.0,4.767,13039.0,4.77,902.0,4.771,9149.0
1753531641023,12:07:21.023,APT/USDT:USDT,4.768,4137.0,4.767,13039.0,4.77,902.0,4.771,9149.0
1753531641132,12:07:21.132,APT/USDT:USDT,4.768,4137.0,4.767,13039.0,4.77,902.0,4.771,9149.0
1753531641306,12:07:21.306,APT/USDT:USDT,4.768,4101.0,4.767,13039.0,4.77,902.0,4.771,9149.0
1753531641409,12:07:21.409,APT/USDT:USDT,4.768,4137.0,4.767,13039.0,4.77,902.0,4.771,9149.0
1753531641501,12:07:21.501,APT/USDT:USDT,4.768,4137.0,4.767,13039.0,4.77,902.0,4.771,9149.0
1753531641566,12:07:21.566,APT/USDT:USDT,4.768,4137.0,4.767,13039.0,4.77,902.0,4.771,9149.0
1753531641716,12:07:21.716,APT/USDT:USDT,4.768,4101.0,4.767,13039.0,4.77,866.0,4.771,9149.0
1753531641812,12:07:21.812,APT/USDT:USDT,4.768,510.0,4.767,13039.0,4.769,228.0,4.77,8665.0
1753531641841,12:07:21.841,APT/USDT:USDT,4.768,502.0,4.767,13039.0,4.769,228.0,4.77,8657.0
1753531641963,12:07:21.963,APT/USDT:USDT,4.768,502.0,4.767,13039.0,4.769,228.0,4.77,8657.0
1753531642111,12:07:22.111,APT/USDT:USDT,4.768,502.0,4.767,13039.0,4.769,228.0,4.77,8657.0
1753531642175,12:07:22.175,APT/USDT:USDT,4.768,502.0,4.767,13039.0,4.769,228.0,4.77,8657.0
1753531642250,12:07:22.250,APT/USDT:USDT,4.768,502.0,4.767,13039.0,4.769,228.0,4.77,8657.0
1753531642487,12:07:22.487,APT/USDT:USDT,4.768,4093.0,4.767,13039.0,4.77,894.0,4.771,9139.0
1753531642551,12:07:22.551,APT/USDT:USDT,4.768,4101.0,4.767,13039.0,4.77,902.0,4.771,9139.0
1753531642694,12:07:22.694,APT/USDT:USDT,4.768,4173.0,4.767,13039.0,4.77,830.0,4.771,9139.0
1753531642800,12:07:22.800,APT/USDT:USDT,4.768,4137.0,4.767,13039.0,4.77,866.0,4.771,9139.0
1753531642899,12:07:22.899,APT/USDT:USDT,4.768,4137.0,4.767,13039.0,4.77,902.0,4.771,9139.0
1753531642922,12:07:22.922,APT/USDT:USDT,4.768,4137.0,4.767,13039.0,4.77,902.0,4.771,9139.0
1753531643196,12:07:23.196,APT/USDT:USDT,4.768,4137.0,4.767,13039.0,4.77,866.0,4.771,9139.0
1753531643291,12:07:23.291,APT/USDT:USDT,4.768,4173.0,4.767,13039.0,4.77,830.0,4.771,9139.0
1753531643400,12:07:23.400,APT/USDT:USDT,4.768,4137.0,4.767,13039.0,4.77,866.0,4.771,9139.0
1753531643515,12:07:23.515,APT/USDT:USDT,4.768,4101.0,4.767,13039.0,4.77,902.0,4.771,9139.0
1753531643518,12:07:23.518,APT/USDT:USDT,4.768,4137.0,4.767,13039.0,4.77,902.0,4.771,9139.0
1753531643677,12:07:23.677,APT/USDT:USDT,4.768,4137.0,4.767,13039.0,4.77,902.0,4.771,9139.0
1753531643780,12:07:23.780,APT/USDT:USDT,4.768,4173.0,4.767,13039.0,4.77,830.0,4.771,9139.0
1753531643886,12:07:23.886,APT/USDT:USDT,4.768,4173.0,4.767,13039.0,4.77,18.0,4.771,9139.0
1753531643978,12:07:23.978,APT/USDT:USDT,4.768,4173.0,4.767,13039.0,4.77,18.0,4.771,9139.0
1753531644091,12:07:24.091,APT/USDT:USDT,4.768,4173.0,4.767,13039.0,4.77,18.0,4.771,9139.0
1753531644151,12:07:24.151,APT/USDT:USDT,4.768,4173.0,4.767,13039.0,4.77,18.0,4.771,9139.0
1753531644240,12:07:24.240,APT/USDT:USDT,4.768,4173.0,4.767,13039.0,4.77,18.0,4.771,9139.0
1753531644414,12:07:24.414,APT/USDT:USDT,4.768,4173.0,4.767,13039.0,4.77,18.0,4.771,9139.0
1753531644514,12:07:24.514,APT/USDT:USDT,4.768,4173.0,4.767,13039.0,4.77,18.0,4.771,9139.0
1753531644714,12:07:24.714,APT/USDT:USDT,4.768,4354.0,4.767,13039.0,4.77,18.0,4.771,9139.0
1753531644812,12:07:24.812,APT/USDT:USDT,4.769,170.0,4.768,4171.0,4.77,18.0,4.771,9139.0
1753531644874,12:07:24.874,APT/USDT:USDT,4.769,170.0,4.768,4129.0,4.77,10.0,4.771,9139.0
1753531645015,12:07:25.015,APT/USDT:USDT,4.768,4165.0,4.767,12829.0,4.77,10.0,4.771,9139.0
1753531645075,12:07:25.075,APT/USDT:USDT,4.768,4173.0,4.767,13039.0,4.77,18.0,4.771,9139.0
1753531645159,12:07:25.159,APT/USDT:USDT,4.768,4173.0,4.767,13039.0,4.77,18.0,4.771,9139.0
1753531645276,12:07:25.276,APT/USDT:USDT,4.768,4173.0,4.767,13039.0,4.77,18.0,4.771,9139.0
1753531645402,12:07:25.402,APT/USDT:USDT,4.768,4173.0,4.767,13039.0,4.77,18.0,4.771,9139.0
1753531645497,12:07:25.497,APT/USDT:USDT,4.768,4101.0,4.767,13039.0,4.77,836.0,4.771,9139.0
1753531645601,12:07:25.601,APT/USDT:USDT,4.768,4101.0,4.767,13039.0,4.77,836.0,4.771,9139.0
1753531645683,12:07:25.683,APT/USDT:USDT,4.768,4101.0,4.767,13039.0,4.77,836.0,4.771,9139.0
1753531645910,12:07:25.910,APT/USDT:USDT,4.768,4101.0,4.767,13039.0,4.77,836.0,4.771,9139.0
1753531645996,12:07:25.996,APT/USDT:USDT,4.768,4101.0,4.767,13039.0,4.77,836.0,4.771,9139.0
1753531646101,12:07:26.101,APT/USDT:USDT,4.768,4101.0,4.767,13039.0,4.77,836.0,4.771,9139.0
1753531646165,12:07:26.165,APT/USDT:USDT,4.768,4101.0,4.767,13039.0,4.77,836.0,4.771,9139.0
1753531646300,12:07:26.300,APT/USDT:USDT,4.768,4101.0,4.767,13039.0,4.77,836.0,4.771,9139.0
1753531646497,12:07:26.497,APT/USDT:USDT,4.768,4101.0,4.767,13039.0,4.77,836.0,4.771,9139.0
1753531646599,12:07:26.599,APT/USDT:USDT,4.768,4101.0,4.767,13039.0,4.77,836.0,4.771,9139.0
1753531646674,12:07:26.674,APT/USDT:USDT,4.768,4101.0,4.767,13039.0,4.77,800.0,4.771,9139.0
1753531646804,12:07:26.804,APT/USDT:USDT,4.768,4173.0,4.767,13039.0,4.77,800.0,4.771,9139.0
1753531646857,12:07:26.857,APT/USDT:USDT,4.768,4101.0,4.767,13039.0,4.77,872.0,4.771,9139.0
1753531646935,12:07:26.935,APT/USDT:USDT,4.768,4101.0,4.767,13039.0,4.77,2001.0,4.771,9139.0
1753531647092,12:07:27.092,APT/USDT:USDT,4.768,4101.0,4.767,13039.0,4.77,2001.0,4.771,9139.0
1753531647211,12:07:27.211,APT/USDT:USDT,4.768,4101.0,4.767,13039.0,4.77,2001.0,4.771,9139.0
1753531647253,12:07:27.253,APT/USDT:USDT,4.768,4101.0,4.767,13039.0,4.77,2001.0,4.771,9139.0
1753531647326,12:07:27.326,APT/USDT:USDT,4.768,4101.0,4.767,13039.0,4.77,2001.0,4.771,9139.0
1753531647503,12:07:27.503,APT/USDT:USDT,4.768,4101.0,4.767,13039.0,4.77,2001.0,4.771,9139.0
1753531647553,12:07:27.553,APT/USDT:USDT,4.768,4101.0,4.767,13039.0,4.77,2001.0,4.771,9139.0
1753531647714,12:07:27.714,APT/USDT:USDT,4.768,4291.0,4.767,13039.0,4.77,2001.0,4.771,9139.0
1753531647803,12:07:27.803,APT/USDT:USDT,4.768,4099.0,4.767,13039.0,4.77,2001.0,4.771,9139.0
1753531647911,12:07:27.911,APT/USDT:USDT,4.768,510.0,4.767,13039.0,4.77,2001.0,4.771,9139.0
1753531647946,12:07:27.946,APT/USDT:USDT,4.768,510.0,4.767,13039.0,4.77,2001.0,4.771,9139.0
1753531648100,12:07:28.100,APT/USDT:USDT,4.768,510.0,4.767,13039.0,4.77,2001.0,4.771,9139.0
1753531648275,12:07:28.275,APT/USDT:USDT,4.768,510.0,4.767,13039.0,4.77,2001.0,4.771,9139.0
1753531648487,12:07:28.487,APT/USDT:USDT,4.768,510.0,4.767,13039.0,4.77,2001.0,4.771,9139.0
1753531648571,12:07:28.571,APT/USDT:USDT,4.768,510.0,4.767,13039.0,4.77,2001.0,4.771,9139.0
1753531648688,12:07:28.688,APT/USDT:USDT,4.768,510.0,4.767,13039.0,4.769,853.0,4.77,1965.0
1753531648808,12:07:28.808,APT/USDT:USDT,4.768,502.0,4.767,13039.0,4.769,889.0,4.77,9746.0
1753531648880,12:07:28.880,APT/USDT:USDT,4.768,502.0,4.767,13039.0,4.769,889.0,4.77,9746.0
1753531648959,12:07:28.959,APT/USDT:USDT,4.768,2.0,4.767,12555.0,4.769,889.0,4.77,9746.0
1753531649046,12:07:29.046,APT/USDT:USDT,4.768,2.0,4.767,12555.0,4.769,889.0,4.77,9746.0
1753531649195,12:07:29.195,APT/USDT:USDT,4.768,2.0,4.767,12555.0,4.769,853.0,4.77,9746.0
1753531649280,12:07:29.280,APT/USDT:USDT,4.768,2.0,4.767,12555.0,4.769,853.0,4.77,9746.0
1753531649334,12:07:29.334,APT/USDT:USDT,4.768,2.0,4.767,12555.0,4.769,853.0,4.77,9746.0
1753531649466,12:07:29.466,APT/USDT:USDT,4.768,2.0,4.767,12555.0,4.769,889.0,4.77,9746.0
1753531649552,12:07:29.552,APT/USDT:USDT,4.768,2.0,4.767,12555.0,4.769,889.0,4.77,9746.0
1753531649654,12:07:29.654,APT/USDT:USDT,4.768,2.0,4.767,12555.0,4.769,889.0,4.77,9746.0
1753531649800,12:07:29.800,APT/USDT:USDT,4.768,2.0,4.767,12555.0,4.77,1364.0,4.771,6399.0
1753531649912,12:07:29.912,APT/USDT:USDT,4.768,10.0,4.767,12555.0,4.77,2501.0,4.771,5270.0
1753531649986,12:07:29.986,APT/USDT:USDT,4.768,10.0,4.767,12555.0,4.77,2501.0,4.771,9170.0
1753531650106,12:07:30.106,APT/USDT:USDT,4.768,10.0,4.767,12555.0,4.77,2501.0,4.771,9170.0
1753531650161,12:07:30.161,APT/USDT:USDT,4.768,10.0,4.767,12555.0,4.77,2501.0,4.771,9170.0
1753531650239,12:07:30.239,APT/USDT:USDT,4.768,10.0,4.767,12555.0,4.77,2501.0,4.771,9170.0
1753531650386,12:07:30.386,APT/USDT:USDT,4.768,10.0,4.767,12555.0,4.77,2501.0,4.771,9170.0
1753531650445,12:07:30.445,APT/USDT:USDT,4.768,10.0,4.767,12555.0,4.77,2501.0,4.771,9170.0
1753531650608,12:07:30.608,APT/USDT:USDT,4.768,10.0,4.767,12555.0,4.77,2501.0,4.771,9170.0
1753531650714,12:07:30.714,APT/USDT:USDT,4.768,146.0,4.767,12555.0,4.77,2501.0,4.771,9170.0
1753531650815,12:07:30.815,APT/USDT:USDT,4.768,10.0,4.767,12555.0,4.769,344.0,4.77,10280.0
1753531650892,12:07:30.892,APT/USDT:USDT,4.768,2.0,4.767,12555.0,4.769,1404.0,4.77,10236.0
1753531651004,12:07:31.004,APT/USDT:USDT,4.768,2.0,4.767,12345.0,4.769,1404.0,4.77,10236.0
1753531651095,12:07:31.095,APT/USDT:USDT,4.768,2.0,4.767,12134.0,4.769,1404.0,4.77,10236.0
1753531651152,12:07:31.152,APT/USDT:USDT,4.768,2.0,4.767,12134.0,4.769,1404.0,4.77,10236.0
1753531651292,12:07:31.292,APT/USDT:USDT,4.768,2.0,4.767,12134.0,4.769,1404.0,4.77,10236.0
1753531651419,12:07:31.419,APT/USDT:USDT,4.768,2.0,4.767,12134.0,4.769,1404.0,4.77,10236.0
1753531651550,12:07:31.550,APT/USDT:USDT,4.768,2.0,4.767,12134.0,4.769,1404.0,4.77,10236.0
1753531651759,12:07:31.759,APT/USDT:USDT,4.768,2.0,4.767,12134.0,4.769,1404.0,4.77,10236.0
1753531651914,12:07:31.914,APT/USDT:USDT,4.768,2.0,4.767,12134.0,4.769,1197.0,4.77,10236.0
1753531651997,12:07:31.997,APT/USDT:USDT,4.768,2.0,4.767,12134.0,4.769,1197.0,4.77,10236.0
1753531652197,12:07:32.197,APT/USDT:USDT,4.768,2.0,4.767,12134.0,4.769,1363.0,4.77,10236.0
1753531652291,12:07:32.291,APT/USDT:USDT,4.768,2.0,4.767,1086.0,4.769,1363.0,4.77,10236.0
1753531652409,12:07:32.409,APT/USDT:USDT,4.767,500.0,4.766,5947.0,4.768,308.0,4.769,8834.0
1753531652469,12:07:32.469,APT/USDT:USDT,4.767,500.0,4.766,5947.0,4.768,318.0,4.769,8834.0
1753531652608,12:07:32.608,APT/USDT:USDT,4.767,500.0,4.766,5947.0,4.768,318.0,4.769,8834.0
1753531652676,12:07:32.676,APT/USDT:USDT,4.767,500.0,4.766,5947.0,4.768,318.0,4.769,8668.0
1753531652830,12:07:32.830,APT/USDT:USDT,4.767,500.0,4.766,5947.0,4.768,318.0,4.769,8668.0
1753531653053,12:07:33.053,APT/USDT:USDT,4.767,500.0,4.766,5947.0,4.768,318.0,4.769,8668.0
1753531653257,12:07:33.257,APT/USDT:USDT,4.767,500.0,4.766,5947.0,4.768,318.0,4.769,8668.0
1753531653379,12:07:33.379,APT/USDT:USDT,4.767,500.0,4.766,5947.0,4.768,318.0,4.769,8668.0
1753531653440,12:07:33.440,APT/USDT:USDT,4.767,500.0,4.766,5947.0,4.768,318.0,4.769,8668.0
1753531653537,12:07:33.537,APT/USDT:USDT,4.767,500.0,4.766,5947.0,4.768,318.0,4.769,8668.0
1753531653716,12:07:33.716,APT/USDT:USDT,4.767,500.0,4.766,5947.0,4.768,318.0,4.769,8668.0
1753531653762,12:07:33.762,APT/USDT:USDT,4.767,500.0,4.766,5947.0,4.768,162.0,4.769,8632.0
1753531653828,12:07:33.828,APT/USDT:USDT,4.767,500.0,4.766,5947.0,4.768,162.0,4.769,8632.0
1753531653972,12:07:33.972,APT/USDT:USDT,4.767,500.0,4.766,5947.0,4.768,162.0,4.769,8632.0
1753531654070,12:07:34.070,APT/USDT:USDT,4.767,500.0,4.766,5947.0,4.768,162.0,4.769,8632.0
1753531654169,12:07:34.169,APT/USDT:USDT,4.767,500.0,4.766,5947.0,4.768,162.0,4.769,8632.0
1753531654400,12:07:34.400,APT/USDT:USDT,4.767,500.0,4.766,5947.0,4.768,162.0,4.769,8632.0
1753531654514,12:07:34.514,APT/USDT:USDT,4.767,500.0,4.766,5947.0,4.768,162.0,4.769,8632.0
1753531654613,12:07:34.613,APT/USDT:USDT,4.767,500.0,4.766,5947.0,4.768,162.0,4.769,8632.0
1753531654841,12:07:34.841,APT/USDT:USDT,4.767,500.0,4.766,5947.0,4.768,162.0,4.769,8632.0
1753531654985,12:07:34.985,APT/USDT:USDT,4.767,500.0,4.766,5947.0,4.768,162.0,4.769,8632.0
1753531655211,12:07:35.211,APT/USDT:USDT,4.767,500.0,4.766,5947.0,4.768,162.0,4.769,8632.0
1753531655278,12:07:35.278,APT/USDT:USDT,4.767,500.0,4.766,5947.0,4.768,162.0,4.769,8632.0
1753531655404,12:07:35.404,APT/USDT:USDT,4.766,5145.0,4.765,31738.0,4.768,162.0,4.769,8632.0
1753531655511,12:07:35.511,APT/USDT:USDT,4.766,4941.0,4.765,31948.0,4.768,1059.0,4.769,8632.0
1753531655583,12:07:35.583,APT/USDT:USDT,4.766,519.0,4.765,31948.0,4.768,1059.0,4.769,8632.0
1753531655715,12:07:35.715,APT/USDT:USDT,4.766,521.0,4.765,12996.0,4.768,1059.0,4.769,8632.0
1753531655848,12:07:35.848,APT/USDT:USDT,4.766,521.0,4.765,12996.0,4.768,1059.0,4.769,8632.0
1753531656004,12:07:36.004,APT/USDT:USDT,4.766,521.0,4.765,12996.0,4.768,1059.0,4.769,8632.0
1753531656032,12:07:36.032,APT/USDT:USDT,4.766,521.0,4.765,12996.0,4.768,1059.0,4.769,8632.0
1753531656127,12:07:36.127,APT/USDT:USDT,4.766,521.0,4.765,12996.0,4.768,1059.0,4.769,8632.0
1753531656313,12:07:36.313,APT/USDT:USDT,4.766,521.0,4.765,11940.0,4.767,241.0,4.768,9156.0
1753531656403,12:07:36.403,APT/USDT:USDT,4.766,513.0,4.765,11940.0,4.767,241.0,4.768,9112.0
1753531656502,12:07:36.502,APT/USDT:USDT,4.766,513.0,4.765,1711.0,4.767,241.0,4.768,9112.0
1753531656541,12:07:36.541,APT/USDT:USDT,4.766,511.0,4.765,2940.0,4.767,277.0,4.768,9112.0
1753531656706,12:07:36.706,APT/USDT:USDT,4.766,11.0,4.765,2519.0,4.767,1301.0,4.768,9112.0
1753531656779,12:07:36.779,APT/USDT:USDT,4.766,11.0,4.765,2519.0,4.767,1301.0,4.768,9112.0
1753531656884,12:07:36.884,APT/USDT:USDT,4.766,11.0,4.765,1733.0,4.767,1301.0,4.768,9112.0
1753531657010,12:07:37.010,APT/USDT:USDT,4.766,11.0,4.765,1733.0,4.767,1301.0,4.768,9112.0
1753531657060,12:07:37.060,APT/USDT:USDT,4.766,11.0,4.765,1733.0,4.767,1301.0,4.768,9112.0
1753531657199,12:07:37.199,APT/USDT:USDT,4.766,11.0,4.765,1733.0,4.767,1094.0,4.768,9112.0
1753531657249,12:07:37.249,APT/USDT:USDT,4.766,11.0,4.765,1733.0,4.767,1094.0,4.768,9112.0
1753531657396,12:07:37.396,APT/USDT:USDT,4.766,11.0,4.765,1733.0,4.767,1301.0,4.768,9112.0
1753531657510,12:07:37.510,APT/USDT:USDT,4.766,11.0,4.765,1733.0,4.767,1301.0,4.768,9112.0
1753531657546,12:07:37.546,APT/USDT:USDT,4.766,11.0,4.765,1733.0,4.767,1301.0,4.768,9112.0
1753531657701,12:07:37.701,APT/USDT:USDT,4.766,11.0,4.765,1321.0,4.767,484.0,4.768,9112.0
1753531657802,12:07:37.802,APT/USDT:USDT,4.766,11.0,4.765,1321.0,4.767,484.0,4.768,9112.0
1753531657844,12:07:37.844,APT/USDT:USDT,4.766,11.0,4.765,1321.0,4.767,277.0,4.768,9112.0
1753531658005,12:07:38.005,APT/USDT:USDT,4.766,11.0,4.765,1321.0,4.767,277.0,4.768,9112.0
1753531658068,12:07:38.068,APT/USDT:USDT,4.766,11.0,4.765,1321.0,4.767,277.0,4.768,9112.0
1753531658199,12:07:38.199,APT/USDT:USDT,4.766,11.0,4.765,1948.0,4.767,277.0,4.768,9112.0
1753531658266,12:07:38.266,APT/USDT:USDT,4.766,11.0,4.765,1948.0,4.767,277.0,4.768,9112.0
1753531658361,12:07:38.361,APT/USDT:USDT,4.766,11.0,4.765,1948.0,4.767,277.0,4.768,9112.0
1753531658503,12:07:38.503,APT/USDT:USDT,4.766,11.0,4.765,1948.0,4.767,483.0,4.768,9112.0
1753531658602,12:07:38.602,APT/USDT:USDT,4.766,11.0,4.765,1948.0,4.767,483.0,4.768,9112.0
1753531658708,12:07:38.708,APT/USDT:USDT,4.766,11.0,4.765,1948.0,4.767,1449.0,4.768,9911.0
1753531658761,12:07:38.761,APT/USDT:USDT,4.766,11.0,4.765,1948.0,4.767,1449.0,4.768,9911.0
1753531658836,12:07:38.836,APT/USDT:USDT,4.766,11.0,4.765,1948.0,4.767,1449.0,4.768,9911.0
1753531659013,12:07:39.013,APT/USDT:USDT,4.766,11.0,4.765,1948.0,4.767,660.0,4.768,9911.0
1753531659115,12:07:39.115,APT/USDT:USDT,4.766,11.0,4.765,1948.0,4.767,453.0,4.768,9911.0
1753531659176,12:07:39.176,APT/USDT:USDT,4.766,11.0,4.765,2159.0,4.767,453.0,4.768,9911.0
1753531659259,12:07:39.259,APT/USDT:USDT,4.766,11.0,4.765,2159.0,4.767,453.0,4.768,9911.0
1753531659401,12:07:39.401,APT/USDT:USDT,4.766,11.0,4.765,2159.0,4.767,453.0,4.768,9911.0
1753531659600,12:07:39.600,APT/USDT:USDT,4.766,11.0,4.765,2159.0,4.767,453.0,4.768,9911.0
1753531659675,12:07:39.675,APT/USDT:USDT,4.766,11.0,4.765,2159.0,4.767,453.0,4.768,9911.0
1753531659805,12:07:39.805,APT/USDT:USDT,4.766,11.0,4.765,2159.0,4.767,453.0,4.768,9911.0
1753531659853,12:07:39.853,APT/USDT:USDT,4.766,11.0,4.765,2369.0,4.767,277.0,4.768,9911.0
1753531660009,12:07:40.009,APT/USDT:USDT,4.766,11.0,4.765,2369.0,4.767,277.0,4.768,9911.0
1753531660052,12:07:40.052,APT/USDT:USDT,4.766,11.0,4.765,2369.0,4.767,277.0,4.768,9911.0
1753531660156,12:07:40.156,APT/USDT:USDT,4.766,11.0,4.765,2369.0,4.767,277.0,4.768,9911.0
1753531660253,12:07:40.253,APT/USDT:USDT,4.766,11.0,4.765,2369.0,4.767,277.0,4.768,9911.0
1753531660359,12:07:40.359,APT/USDT:USDT,4.766,11.0,4.765,2369.0,4.767,277.0,4.768,9911.0
1753531660466,12:07:40.466,APT/USDT:USDT,4.766,11.0,4.765,2369.0,4.767,277.0,4.768,9911.0
1753531660521,12:07:40.521,APT/USDT:USDT,4.766,11.0,4.765,2369.0,4.767,277.0,4.768,9911.0
1753531660649,12:07:40.649,APT/USDT:USDT,4.766,11.0,4.765,2369.0,4.767,277.0,4.768,9911.0
1753531660719,12:07:40.719,APT/USDT:USDT,4.766,11.0,4.765,2369.0,4.767,277.0,4.768,9911.0
1753531660841,12:07:40.841,APT/USDT:USDT,4.766,11.0,4.765,2369.0,4.767,277.0,4.768,9911.0
1753531661112,12:07:41.112,APT/USDT:USDT,4.766,11.0,4.765,2369.0,4.767,277.0,4.768,9911.0
1753531661240,12:07:41.240,APT/USDT:USDT,4.766,11.0,4.765,2369.0,4.767,277.0,4.768,9911.0
1753531661380,12:07:41.380,APT/USDT:USDT,4.766,11.0,4.765,1948.0,4.767,484.0,4.768,9911.0
1753531661658,12:07:41.658,APT/USDT:USDT,4.766,11.0,4.765,1948.0,4.767,484.0,4.768,9911.0
1753531661785,12:07:41.785,APT/USDT:USDT,4.766,11.0,4.765,1948.0,4.767,484.0,4.768,9911.0
1753531661889,12:07:41.889,APT/USDT:USDT,4.766,11.0,4.765,1948.0,4.767,484.0,4.768,9911.0
1753531662045,12:07:42.045,APT/USDT:USDT,4.766,11.0,4.765,1948.0,4.767,484.0,4.768,9911.0
1753531662248,12:07:42.248,APT/USDT:USDT,4.766,11.0,4.765,1948.0,4.767,484.0,4.768,9911.0
1753531662374,12:07:42.374,APT/USDT:USDT,4.766,11.0,4.765,1948.0,4.767,484.0,4.768,9911.0
1753531662473,12:07:42.473,APT/USDT:USDT,4.766,11.0,4.765,1948.0,4.767,484.0,4.768,9911.0
1753531662578,12:07:42.578,APT/USDT:USDT,4.766,11.0,4.765,1948.0,4.767,484.0,4.768,9911.0
1753531662674,12:07:42.674,APT/USDT:USDT,4.766,11.0,4.765,1948.0,4.767,484.0,4.768,9911.0
1753531662747,12:07:42.747,APT/USDT:USDT,4.766,11.0,4.765,1948.0,4.767,484.0,4.768,9911.0
1753531662861,12:07:42.861,APT/USDT:USDT,4.766,11.0,4.765,1948.0,4.767,484.0,4.768,9911.0
1753531662991,12:07:42.991,APT/USDT:USDT,4.766,11.0,4.765,1948.0,4.767,484.0,4.768,9911.0
1753531663123,12:07:43.123,APT/USDT:USDT,4.766,11.0,4.765,1948.0,4.767,277.0,4.768,9911.0
1753531663261,12:07:43.261,APT/USDT:USDT,4.766,11.0,4.765,1948.0,4.767,277.0,4.768,9911.0
1753531663402,12:07:43.402,APT/USDT:USDT,4.766,11.0,4.765,1948.0,4.767,484.0,4.768,9911.0
1753531663432,12:07:43.432,APT/USDT:USDT,4.766,11.0,4.765,1948.0,4.767,448.0,4.768,9911.0
1753531663590,12:07:43.590,APT/USDT:USDT,4.766,11.0,4.765,1948.0,4.767,448.0,4.768,9911.0
1753531663636,12:07:43.636,APT/USDT:USDT,4.766,11.0,4.765,1948.0,4.767,448.0,4.768,9911.0
1753531663745,12:07:43.745,APT/USDT:USDT,4.766,11.0,4.765,1948.0,4.767,448.0,4.768,9911.0
1753531663860,12:07:43.860,APT/USDT:USDT,4.766,11.0,4.765,1948.0,4.767,448.0,4.768,9911.0
1753531664008,12:07:44.008,APT/USDT:USDT,4.766,11.0,4.765,1948.0,4.767,484.0,4.768,9911.0
1753531664106,12:07:44.106,APT/USDT:USDT,4.766,11.0,4.765,1948.0,4.767,484.0,4.768,9911.0
1753531664264,12:07:44.264,APT/USDT:USDT,4.766,11.0,4.765,1948.0,4.767,448.0,4.768,9911.0
1753531664334,12:07:44.334,APT/USDT:USDT,4.766,11.0,4.765,1948.0,4.767,448.0,4.768,9911.0
1753531664417,12:07:44.417,APT/USDT:USDT,4.766,11.0,4.765,1948.0,4.767,448.0,4.768,9911.0
1753531664588,12:07:44.588,APT/USDT:USDT,4.766,11.0,4.765,1948.0,4.767,448.0,4.768,9911.0
1753531664715,12:07:44.715,APT/USDT:USDT,4.766,11.0,4.765,1948.0,4.767,484.0,4.768,9911.0
1753531664763,12:07:44.763,APT/USDT:USDT,4.766,11.0,4.765,1948.0,4.767,412.0,4.768,9911.0
1753531664876,12:07:44.876,APT/USDT:USDT,4.766,11.0,4.765,1948.0,4.767,205.0,4.768,9911.0
1753531664994,12:07:44.994,APT/USDT:USDT,4.766,11.0,4.765,1948.0,4.767,277.0,4.768,9911.0
1753531665047,12:07:45.047,APT/USDT:USDT,4.766,11.0,4.765,1948.0,4.767,484.0,4.768,9911.0
1753531665166,12:07:45.166,APT/USDT:USDT,4.766,11.0,4.765,1948.0,4.767,484.0,4.768,9911.0
1753531665274,12:07:45.274,APT/USDT:USDT,4.766,11.0,4.765,1948.0,4.767,484.0,4.768,9911.0
1753531665407,12:07:45.407,APT/USDT:USDT,4.766,11.0,4.765,1948.0,4.767,484.0,4.768,9911.0
1753531665515,12:07:45.515,APT/USDT:USDT,4.766,11.0,4.765,1948.0,4.767,484.0,4.768,9911.0
1753531665615,12:07:45.615,APT/USDT:USDT,4.766,11.0,4.765,1948.0,4.767,484.0,4.768,9911.0
1753531665715,12:07:45.715,APT/USDT:USDT,4.766,155.0,4.765,1948.0,4.767,484.0,4.768,9911.0
1753531665791,12:07:45.791,APT/USDT:USDT,4.766,11.0,4.765,1948.0,4.767,484.0,4.768,9911.0
1753531666097,12:07:46.097,APT/USDT:USDT,4.766,11.0,4.765,1948.0,4.767,448.0,4.768,9911.0
1753531666192,12:07:46.192,APT/USDT:USDT,4.766,11.0,4.765,1948.0,4.767,241.0,4.768,9911.0
1753531666293,12:07:46.293,APT/USDT:USDT,4.766,11.0,4.765,1948.0,4.767,205.0,4.768,9911.0
1753531666388,12:07:46.388,APT/USDT:USDT,4.766,836.0,4.765,2159.0,4.767,152.0,4.768,9911.0
1753531666456,12:07:46.456,APT/USDT:USDT,4.766,955.0,4.765,2159.0,4.768,2278.0,4.769,5197.0
1753531666564,12:07:46.564,APT/USDT:USDT,4.766,844.0,4.765,2159.0,4.768,3415.0,4.769,5197.0
1753531666691,12:07:46.691,APT/USDT:USDT,4.766,808.0,4.765,2159.0,4.768,3451.0,4.769,5197.0
1753531666779,12:07:46.779,APT/USDT:USDT,4.766,1268.0,4.765,2159.0,4.768,3451.0,4.769,9037.0
1753531666878,12:07:46.878,APT/USDT:USDT,4.766,8.0,4.765,2159.0,4.767,156.0,4.768,10969.0
1753531667012,12:07:47.012,APT/USDT:USDT,4.766,2.0,4.765,2159.0,4.767,209.0,4.768,10961.0
1753531667076,12:07:47.076,APT/USDT:USDT,4.766,2.0,4.765,2159.0,4.767,209.0,4.768,10961.0
1753531667203,12:07:47.203,APT/USDT:USDT,4.766,2.0,4.765,2159.0,4.767,281.0,4.768,10925.0
1753531667272,12:07:47.272,APT/USDT:USDT,4.766,2.0,4.765,2159.0,4.767,209.0,4.768,10925.0
1753531667398,12:07:47.398,APT/USDT:USDT,4.766,2.0,4.765,2159.0,4.767,245.0,4.768,10925.0
1753531667506,12:07:47.506,APT/USDT:USDT,4.766,2.0,4.765,2159.0,4.767,209.0,4.768,10925.0
1753531667580,12:07:47.580,APT/USDT:USDT,4.766,2.0,4.765,2159.0,4.767,209.0,4.768,10925.0
1753531667618,12:07:47.618,APT/USDT:USDT,4.766,2.0,4.765,2159.0,4.767,209.0,4.768,10925.0
1753531667813,12:07:47.813,APT/USDT:USDT,4.766,2.0,4.765,2159.0,4.767,209.0,4.768,10925.0
1753531667869,12:07:47.869,APT/USDT:USDT,4.766,2.0,4.765,2159.0,4.767,209.0,4.768,10925.0
1753531668087,12:07:48.087,APT/USDT:USDT,4.766,2.0,4.765,2159.0,4.767,209.0,4.768,10925.0
1753531668185,12:07:48.185,APT/USDT:USDT,4.766,2.0,4.765,2159.0,4.767,209.0,4.768,10925.0
1753531668291,12:07:48.291,APT/USDT:USDT,4.766,2.0,4.765,2159.0,4.767,209.0,4.768,10925.0
1753531668414,12:07:48.414,APT/USDT:USDT,4.766,2.0,4.765,2159.0,4.767,209.0,4.768,10925.0
1753531668440,12:07:48.440,APT/USDT:USDT,4.766,2.0,4.765,2159.0,4.767,209.0,4.768,10925.0
1753531668576,12:07:48.576,APT/USDT:USDT,4.766,2.0,4.765,2159.0,4.767,209.0,4.768,10925.0
1753531668716,12:07:48.716,APT/USDT:USDT,4.766,158.0,4.765,2159.0,4.767,209.0,4.768,10925.0
1753531668812,12:07:48.812,APT/USDT:USDT,4.766,2.0,4.765,2159.0,4.767,209.0,4.768,10925.0
1753531668842,12:07:48.842,APT/USDT:USDT,4.766,2.0,4.765,2159.0,4.767,209.0,4.768,10925.0
1753531668970,12:07:48.970,APT/USDT:USDT,4.766,805.0,4.765,2159.0,4.767,209.0,4.768,10925.0
1753531669059,12:07:49.059,APT/USDT:USDT,4.766,805.0,4.765,2369.0,4.767,209.0,4.768,10925.0
1753531669155,12:07:49.155,APT/USDT:USDT,4.766,1012.0,4.765,2369.0,4.767,209.0,4.768,10925.0
1753531669286,12:07:49.286,APT/USDT:USDT,4.766,1012.0,4.765,2369.0,4.767,209.0,4.768,10925.0
1753531669356,12:07:49.356,APT/USDT:USDT,4.766,1012.0,4.765,2369.0,4.767,209.0,4.768,10925.0
1753531669474,12:07:49.474,APT/USDT:USDT,4.766,1012.0,4.765,2369.0,4.767,209.0,4.768,10925.0
1753531669624,12:07:49.624,APT/USDT:USDT,4.766,1012.0,4.765,2369.0,4.767,209.0,4.768,10925.0
1753531669899,12:07:49.899,APT/USDT:USDT,4.766,1012.0,4.765,2369.0,4.767,209.0,4.768,10925.0
1753531670104,12:07:50.104,APT/USDT:USDT,4.766,805.0,4.765,2369.0,4.767,209.0,4.768,10925.0
1753531670195,12:07:50.195,APT/USDT:USDT,4.766,2.0,4.765,2369.0,4.767,281.0,4.768,10925.0
1753531670265,12:07:50.265,APT/USDT:USDT,4.766,2.0,4.765,2369.0,4.767,209.0,4.768,10925.0
1753531670346,12:07:50.346,APT/USDT:USDT,4.766,2.0,4.765,2369.0,4.767,209.0,4.768,10925.0
1753531670498,12:07:50.498,APT/USDT:USDT,4.766,2.0,4.765,2369.0,4.767,209.0,4.768,10925.0
1753531670608,12:07:50.608,APT/USDT:USDT,4.766,2.0,4.765,2369.0,4.767,209.0,4.768,10925.0
1753531670747,12:07:50.747,APT/USDT:USDT,4.766,2.0,4.765,2369.0,4.767,209.0,4.768,10925.0
1753531670926,12:07:50.926,APT/USDT:USDT,4.766,2.0,4.765,2369.0,4.767,209.0,4.768,10925.0
1753531671100,12:07:51.100,APT/USDT:USDT,4.766,2.0,4.765,2369.0,4.767,245.0,4.768,10925.0
1753531671213,12:07:51.213,APT/USDT:USDT,4.766,2.0,4.765,2369.0,4.767,209.0,4.768,10925.0
1753531671303,12:07:51.303,APT/USDT:USDT,4.766,2.0,4.765,2369.0,4.767,209.0,4.768,10925.0
1753531671488,12:07:51.488,APT/USDT:USDT,4.766,2.0,4.765,2369.0,4.767,209.0,4.768,10925.0
1753531671582,12:07:51.582,APT/USDT:USDT,4.766,2.0,4.765,2369.0,4.767,209.0,4.768,10925.0
1753531671714,12:07:51.714,APT/USDT:USDT,4.766,182.0,4.765,2369.0,4.767,209.0,4.768,10925.0
1753531671794,12:07:51.794,APT/USDT:USDT,4.766,2.0,4.765,2369.0,4.767,209.0,4.768,10925.0
1753531671910,12:07:51.910,APT/USDT:USDT,4.766,2.0,4.765,2369.0,4.767,245.0,4.768,10925.0
1753531671946,12:07:51.946,APT/USDT:USDT,4.766,2.0,4.765,2369.0,4.767,245.0,4.768,10925.0
1753531672122,12:07:52.122,APT/USDT:USDT,4.766,2.0,4.765,2369.0,4.767,209.0,4.768,10925.0
1753531672297,12:07:52.297,APT/USDT:USDT,4.766,2.0,4.765,2369.0,4.767,245.0,4.768,10925.0
1753531672390,12:07:52.390,APT/USDT:USDT,4.766,2.0,4.765,2369.0,4.767,209.0,4.768,10925.0
1753531672587,12:07:52.587,APT/USDT:USDT,4.766,2.0,4.765,2369.0,4.767,209.0,4.768,10925.0
1753531672982,12:07:52.982,APT/USDT:USDT,4.766,2.0,4.765,2369.0,4.767,209.0,4.768,10925.0
1753531673053,12:07:53.053,APT/USDT:USDT,4.766,2.0,4.765,2369.0,4.767,209.0,4.768,10925.0
1753531673173,12:07:53.173,APT/USDT:USDT,4.766,2.0,4.765,2369.0,4.767,209.0,4.768,10925.0
1753531673393,12:07:53.393,APT/USDT:USDT,4.766,2.0,4.765,2369.0,4.767,209.0,4.768,10925.0
1753531673474,12:07:53.474,APT/USDT:USDT,4.766,2.0,4.765,2369.0,4.767,209.0,4.768,10925.0
1753531673571,12:07:53.571,APT/USDT:USDT,4.766,2.0,4.765,2369.0,4.767,209.0,4.768,10925.0
1753531673686,12:07:53.686,APT/USDT:USDT,4.766,2.0,4.765,2369.0,4.767,209.0,4.768,10925.0
1753531673816,12:07:53.816,APT/USDT:USDT,4.766,2.0,4.765,2369.0,4.767,209.0,4.768,10925.0
1753531673887,12:07:53.887,APT/USDT:USDT,4.766,2.0,4.765,2369.0,4.767,281.0,4.768,10925.0
1753531673975,12:07:53.975,APT/USDT:USDT,4.766,2.0,4.765,2369.0,4.767,281.0,4.768,10925.0
1753531674103,12:07:54.103,APT/USDT:USDT,4.766,2.0,4.765,2369.0,4.767,281.0,4.768,10925.0
1753531674118,12:07:54.118,APT/USDT:USDT,4.766,2.0,4.765,2369.0,4.767,281.0,4.768,10925.0
1753531674308,12:07:54.308,APT/USDT:USDT,4.766,2.0,4.765,2369.0,4.767,245.0,4.768,10925.0
1753531674373,12:07:54.373,APT/USDT:USDT,4.766,2.0,4.765,2369.0,4.767,209.0,4.768,10925.0
1753531674453,12:07:54.453,APT/USDT:USDT,4.766,2.0,4.765,2369.0,4.767,209.0,4.768,10925.0
1753531674537,12:07:54.537,APT/USDT:USDT,4.766,2.0,4.765,2369.0,4.767,209.0,4.768,10925.0
1753531674716,12:07:54.716,APT/USDT:USDT,4.766,2.0,4.765,2369.0,4.767,209.0,4.768,10925.0
1753531674737,12:07:54.737,APT/USDT:USDT,4.766,2.0,4.765,2369.0,4.767,209.0,4.768,10925.0
1753531674913,12:07:54.913,APT/USDT:USDT,4.766,2.0,4.765,2369.0,4.767,281.0,4.768,10925.0
1753531674985,12:07:54.985,APT/USDT:USDT,4.766,2.0,4.765,2369.0,4.767,281.0,4.768,10925.0
1753531675043,12:07:55.043,APT/USDT:USDT,4.766,2.0,4.765,2369.0,4.767,281.0,4.768,10925.0
1753531675154,12:07:55.154,APT/USDT:USDT,4.766,2.0,4.765,2369.0,4.767,281.0,4.768,10925.0
1753531675291,12:07:55.291,APT/USDT:USDT,4.766,2.0,4.765,2369.0,4.767,281.0,4.768,10925.0
1753531675394,12:07:55.394,APT/USDT:USDT,4.766,2.0,4.765,2369.0,4.767,281.0,4.768,10925.0
1753531675496,12:07:55.496,APT/USDT:USDT,4.766,2.0,4.765,2369.0,4.767,281.0,4.768,10925.0
1753531675609,12:07:55.609,APT/USDT:USDT,4.766,2.0,4.765,2369.0,4.767,209.0,4.768,10925.0
1753531675712,12:07:55.712,APT/USDT:USDT,4.766,2.0,4.765,2369.0,4.767,209.0,4.768,10925.0
1753531675806,12:07:55.806,APT/USDT:USDT,4.766,2.0,4.765,2369.0,4.767,209.0,4.768,10925.0
1753531675895,12:07:55.895,APT/USDT:USDT,4.766,2.0,4.765,2369.0,4.767,209.0,4.768,10925.0
1753531675974,12:07:55.974,APT/USDT:USDT,4.766,2.0,4.765,2369.0,4.767,209.0,4.768,10925.0
1753531676079,12:07:56.079,APT/USDT:USDT,4.766,2.0,4.765,2369.0,4.767,281.0,4.768,10925.0
1753531676154,12:07:56.154,APT/USDT:USDT,4.766,2.0,4.765,2369.0,4.767,281.0,4.768,10925.0
1753531676273,12:07:56.273,APT/USDT:USDT,4.766,2.0,4.765,2369.0,4.767,281.0,4.768,10925.0
1753531676404,12:07:56.404,APT/USDT:USDT,4.766,2.0,4.765,2369.0,4.767,437.0,4.768,10925.0
1753531676481,12:07:56.481,APT/USDT:USDT,4.766,2.0,4.765,2369.0,4.767,281.0,4.768,10925.0
1753531676578,12:07:56.578,APT/USDT:USDT,4.766,2.0,4.765,2369.0,4.767,432.0,4.768,10925.0
1753531676810,12:07:56.810,APT/USDT:USDT,4.766,2.0,4.765,2369.0,4.767,209.0,4.768,10925.0
1753531676904,12:07:56.904,APT/USDT:USDT,4.766,2.0,4.765,2369.0,4.767,245.0,4.768,10925.0
1753531676928,12:07:56.928,APT/USDT:USDT,4.766,2.0,4.765,2369.0,4.767,245.0,4.768,10925.0
1753531677107,12:07:57.107,APT/USDT:USDT,4.766,2.0,4.765,2369.0,4.767,209.0,4.768,10925.0
1753531677183,12:07:57.183,APT/USDT:USDT,4.766,2.0,4.765,2369.0,4.767,209.0,4.768,10925.0
1753531677308,12:07:57.308,APT/USDT:USDT,4.766,2.0,4.765,2369.0,4.767,281.0,4.768,10925.0
1753531677395,12:07:57.395,APT/USDT:USDT,4.766,2.0,4.765,2369.0,4.767,245.0,4.768,10925.0
1753531677457,12:07:57.457,APT/USDT:USDT,4.766,2.0,4.765,2369.0,4.767,245.0,4.768,10925.0
1753531677605,12:07:57.605,APT/USDT:USDT,4.766,2.0,4.765,2369.0,4.767,245.0,4.768,10925.0
1753531677716,12:07:57.716,APT/USDT:USDT,4.766,2.0,4.765,2369.0,4.767,531.0,4.768,10925.0
1753531677726,12:07:57.726,APT/USDT:USDT,4.766,2.0,4.765,2369.0,4.767,495.0,4.768,10925.0
1753531677880,12:07:57.880,APT/USDT:USDT,4.766,2.0,4.765,2369.0,4.767,459.0,4.768,10925.0
1753531678013,12:07:58.013,APT/USDT:USDT,4.766,2.0,4.765,2369.0,4.767,531.0,4.768,10925.0
1753531678061,12:07:58.061,APT/USDT:USDT,4.766,2.0,4.765,2369.0,4.767,531.0,4.768,10925.0
1753531678180,12:07:58.180,APT/USDT:USDT,4.766,2.0,4.765,2369.0,4.767,738.0,4.768,10925.0
1753531678288,12:07:58.288,APT/USDT:USDT,4.766,2.0,4.765,2369.0,4.767,738.0,4.768,10925.0
1753531678364,12:07:58.364,APT/USDT:USDT,4.766,2.0,4.765,2369.0,4.767,738.0,4.768,10925.0
1753531678480,12:07:58.480,APT/USDT:USDT,4.766,2.0,4.765,2369.0,4.767,738.0,4.768,10925.0
1753531678557,12:07:58.557,APT/USDT:USDT,4.766,2.0,4.765,2369.0,4.767,702.0,4.768,10925.0
1753531678709,12:07:58.709,APT/USDT:USDT,4.766,2.0,4.765,2369.0,4.767,666.0,4.768,9796.0
1753531678812,12:07:58.812,APT/USDT:USDT,4.766,2.0,4.765,2369.0,4.767,209.0,4.768,9796.0
1753531678868,12:07:58.868,APT/USDT:USDT,4.766,2.0,4.765,2369.0,4.767,209.0,4.768,9796.0
1753531678984,12:07:58.984,APT/USDT:USDT,4.766,2.0,4.765,2369.0,4.767,281.0,4.768,9796.0
1753531679353,12:07:59.353,APT/USDT:USDT,4.766,2.0,4.765,2369.0,4.767,209.0,4.768,9796.0
1753531679460,12:07:59.460,APT/USDT:USDT,4.766,2.0,4.765,2369.0,4.767,209.0,4.768,9796.0
1753531679573,12:07:59.573,APT/USDT:USDT,4.766,825.0,4.765,2369.0,4.767,156.0,4.768,9796.0
1753531679683,12:07:59.683,APT/USDT:USDT,4.766,789.0,4.765,2369.0,4.767,156.0,4.768,9796.0
1753531679780,12:07:59.780,APT/USDT:USDT,4.766,789.0,4.765,2369.0,4.767,156.0,4.768,9796.0
1753531679827,12:07:59.827,APT/USDT:USDT,4.766,2.0,4.765,2369.0,4.767,156.0,4.768,9796.0
1753531680051,12:08:00.051,APT/USDT:USDT,4.766,2.0,4.765,2369.0,4.767,209.0,4.768,9796.0
1753531680714,12:08:00.714,APT/USDT:USDT,4.766,180.0,4.765,2369.0,4.767,209.0,4.768,9796.0
1753531680716,12:08:00.716,APT/USDT:USDT,4.766,2.0,4.765,2369.0,4.767,209.0,4.768,9796.0
1753531680840,12:08:00.840,APT/USDT:USDT,4.766,2.0,4.765,2369.0,4.767,209.0,4.768,9796.0
1753531681185,12:08:01.185,APT/USDT:USDT,4.766,2.0,4.765,2369.0,4.767,209.0,4.768,9796.0
1753531681240,12:08:01.240,APT/USDT:USDT,4.766,2.0,4.765,2369.0,4.767,209.0,4.768,9796.0
1753531681403,12:08:01.403,APT/USDT:USDT,4.766,2.0,4.765,2369.0,4.767,281.0,4.768,9796.0
1753531681452,12:08:01.452,APT/USDT:USDT,4.766,2.0,4.765,2369.0,4.767,245.0,4.768,9796.0
1753531681558,12:08:01.558,APT/USDT:USDT,4.766,2.0,4.765,2369.0,4.767,209.0,4.768,9796.0
1753531681702,12:08:01.702,APT/USDT:USDT,4.766,2.0,4.765,2369.0,4.767,209.0,4.768,9796.0
1753531681847,12:08:01.847,APT/USDT:USDT,4.766,2.0,4.765,2369.0,4.767,209.0,4.768,9796.0
1753531682006,12:08:02.006,APT/USDT:USDT,4.766,2.0,4.765,2369.0,4.767,245.0,4.768,9796.0
1753531682032,12:08:02.032,APT/USDT:USDT,4.766,2.0,4.765,2369.0,4.767,245.0,4.768,9796.0
1753531682170,12:08:02.170,APT/USDT:USDT,4.766,2.0,4.765,2369.0,4.767,209.0,4.768,9796.0
1753531682263,12:08:02.263,APT/USDT:USDT,4.766,2.0,4.765,2369.0,4.767,209.0,4.768,9796.0
1753531682591,12:08:02.591,APT/USDT:USDT,4.766,2.0,4.765,2369.0,4.767,209.0,4.768,9796.0
1753531682870,12:08:02.870,APT/USDT:USDT,4.766,2.0,4.765,2369.0,4.767,245.0,4.768,9796.0
1753531683007,12:08:03.007,APT/USDT:USDT,4.766,2.0,4.765,2369.0,4.767,281.0,4.768,9796.0
1753531683092,12:08:03.092,APT/USDT:USDT,4.766,2.0,4.765,2369.0,4.767,245.0,4.768,9796.0
1753531683192,12:08:03.192,APT/USDT:USDT,4.766,2.0,4.765,2369.0,4.767,245.0,4.768,9796.0
1753531683259,12:08:03.259,APT/USDT:USDT,4.766,2.0,4.765,2369.0,4.767,245.0,4.768,9796.0
1753531683399,12:08:03.399,APT/USDT:USDT,4.766,2.0,4.765,2369.0,4.767,245.0,4.768,9796.0
1753531683506,12:08:03.506,APT/USDT:USDT,4.766,2.0,4.765,2369.0,4.767,245.0,4.768,9796.0
1753531683614,12:08:03.614,APT/USDT:USDT,4.766,2.0,4.765,2369.0,4.767,663.0,4.768,9796.0
1753531683714,12:08:03.714,APT/USDT:USDT,4.766,143.0,4.765,2369.0,4.767,663.0,4.768,9796.0
1753531683816,12:08:03.816,APT/USDT:USDT,4.766,2.0,4.765,2369.0,4.767,663.0,4.768,9796.0
1753531684007,12:08:04.007,APT/USDT:USDT,4.766,2.0,4.765,2369.0,4.767,699.0,4.768,9796.0
1753531684107,12:08:04.107,APT/USDT:USDT,4.766,2.0,4.765,2369.0,4.767,699.0,4.768,9796.0
1753531684358,12:08:04.358,APT/USDT:USDT,4.766,2.0,4.765,2369.0,4.767,663.0,4.768,9796.0
1753531684452,12:08:04.452,APT/USDT:USDT,4.766,2.0,4.765,2369.0,4.767,663.0,4.768,9796.0
1753531684607,12:08:04.607,APT/USDT:USDT,4.766,2.0,4.765,2369.0,4.767,663.0,4.768,9796.0
1753531684637,12:08:04.637,APT/USDT:USDT,4.766,2.0,4.765,2369.0,4.767,627.0,4.768,9796.0
1753531685199,12:08:05.199,APT/USDT:USDT,4.766,2.0,4.765,2369.0,4.767,627.0,4.768,9796.0
1753531685272,12:08:05.272,APT/USDT:USDT,4.766,2.0,4.765,2369.0,4.767,627.0,4.768,9796.0
1753531685406,12:08:05.406,APT/USDT:USDT,4.766,2.0,4.765,2369.0,4.767,627.0,4.768,9796.0
1753531685426,12:08:05.426,APT/USDT:USDT,4.766,2.0,4.765,2369.0,4.767,627.0,4.768,9796.0
1753531685578,12:08:05.578,APT/USDT:USDT,4.766,2.0,4.765,2369.0,4.767,627.0,4.768,9796.0
1753531685800,12:08:05.800,APT/USDT:USDT,4.766,2.0,4.765,2369.0,4.767,627.0,4.768,9796.0
1753531685846,12:08:05.846,APT/USDT:USDT,4.766,2.0,4.765,2369.0,4.767,627.0,4.768,9796.0
1753531685954,12:08:05.954,APT/USDT:USDT,4.766,2.0,4.765,2369.0,4.767,627.0,4.768,9796.0
1753531686116,12:08:06.116,APT/USDT:USDT,4.766,2.0,4.765,2369.0,4.767,699.0,4.768,9796.0
1753531686123,12:08:06.123,APT/USDT:USDT,4.766,2.0,4.765,2369.0,4.767,663.0,4.768,9796.0
1753531686231,12:08:06.231,APT/USDT:USDT,4.766,2.0,4.765,2369.0,4.767,663.0,4.768,9796.0
1753531686416,12:08:06.416,APT/USDT:USDT,4.766,2.0,4.765,2441.0,4.767,663.0,4.768,9796.0
1753531686467,12:08:06.467,APT/USDT:USDT,4.766,2.0,4.765,2441.0,4.767,627.0,4.768,9796.0
1753531686544,12:08:06.544,APT/USDT:USDT,4.766,2.0,4.765,2441.0,4.767,627.0,4.768,9796.0
1753531686714,12:08:06.714,APT/USDT:USDT,4.766,135.0,4.765,2441.0,4.767,627.0,4.768,9796.0
1753531686781,12:08:06.781,APT/USDT:USDT,4.766,2.0,4.765,2441.0,4.767,627.0,4.768,9796.0
1753531686871,12:08:06.871,APT/USDT:USDT,4.766,2.0,4.765,2441.0,4.767,627.0,4.768,9796.0
1753531687165,12:08:07.165,APT/USDT:USDT,4.766,2.0,4.765,2441.0,4.767,627.0,4.768,9796.0
1753531687270,12:08:07.270,APT/USDT:USDT,4.766,2.0,4.765,2441.0,4.767,627.0,4.768,9796.0
1753531687534,12:08:07.534,APT/USDT:USDT,4.766,2.0,4.765,2441.0,4.767,627.0,4.768,9796.0
1753531687779,12:08:07.779,APT/USDT:USDT,4.766,2.0,4.765,2441.0,4.767,627.0,4.768,9796.0
1753531687832,12:08:07.832,APT/USDT:USDT,4.766,2.0,4.765,2441.0,4.767,627.0,4.768,9796.0
1753531687971,12:08:07.971,APT/USDT:USDT,4.766,2.0,4.765,2441.0,4.767,627.0,4.768,9796.0
1753531688059,12:08:08.059,APT/USDT:USDT,4.766,2.0,4.765,2441.0,4.767,627.0,4.768,9796.0
1753531688123,12:08:08.123,APT/USDT:USDT,4.766,2.0,4.765,2441.0,4.767,627.0,4.768,9796.0
1753531688229,12:08:08.229,APT/USDT:USDT,4.766,2.0,4.765,2441.0,4.767,627.0,4.768,9796.0
1753531688354,12:08:08.354,APT/USDT:USDT,4.766,2.0,4.765,2441.0,4.767,627.0,4.768,9796.0
1753531688492,12:08:08.492,APT/USDT:USDT,4.766,812.0,4.765,2441.0,4.767,627.0,4.768,9796.0
1753531688713,12:08:08.713,APT/USDT:USDT,4.766,2.0,4.765,2441.0,4.767,627.0,4.768,9796.0
1753531688815,12:08:08.815,APT/USDT:USDT,4.766,2.0,4.765,2405.0,4.767,663.0,4.768,9796.0
1753531688961,12:08:08.961,APT/USDT:USDT,4.766,2.0,4.765,2405.0,4.767,627.0,4.768,9796.0
1753531689130,12:08:09.130,APT/USDT:USDT,4.766,2.0,4.765,2405.0,4.767,627.0,4.768,9796.0
1753531689300,12:08:09.300,APT/USDT:USDT,4.766,2.0,4.765,2405.0,4.767,627.0,4.768,9796.0
1753531689414,12:08:09.414,APT/USDT:USDT,4.766,2.0,4.765,2405.0,4.767,627.0,4.768,9796.0
1753531689615,12:08:09.615,APT/USDT:USDT,4.766,988.0,4.765,3461.0,4.767,418.0,4.768,3850.0
1753531689715,12:08:09.715,APT/USDT:USDT,4.766,1240.0,4.765,3425.0,4.767,418.0,4.768,10.0
1753531689811,12:08:09.811,APT/USDT:USDT,4.766,1060.0,4.765,3425.0,4.767,209.0,4.768,3705.0
1753531689875,12:08:09.875,APT/USDT:USDT,4.766,4861.0,4.765,13647.0,4.768,10.0,4.769,10391.0
1753531690005,12:08:10.005,APT/USDT:USDT,4.766,4859.0,4.765,13647.0,4.768,10.0,4.769,10391.0
1753531690040,12:08:10.040,APT/USDT:USDT,4.766,4859.0,4.765,13647.0,4.768,10.0,4.769,10391.0
1753531690121,12:08:10.121,APT/USDT:USDT,4.766,4859.0,4.765,13647.0,4.768,10.0,4.769,10391.0
1753531690297,12:08:10.297,APT/USDT:USDT,4.766,4859.0,4.765,13647.0,4.768,820.0,4.769,10391.0
1753531690368,12:08:10.368,APT/USDT:USDT,4.766,5359.0,4.765,13647.0,4.768,810.0,4.769,10391.0
1753531690458,12:08:10.458,APT/USDT:USDT,4.766,5359.0,4.765,13647.0,4.768,810.0,4.769,10391.0
1753531690561,12:08:10.561,APT/USDT:USDT,4.766,5359.0,4.765,13647.0,4.768,810.0,4.769,10391.0
1753531690676,12:08:10.676,APT/USDT:USDT,4.766,5359.0,4.765,13647.0,4.768,810.0,4.769,10391.0
1753531690844,12:08:10.844,APT/USDT:USDT,4.766,5359.0,4.765,13647.0,4.768,810.0,4.769,10391.0
1753531691014,12:08:11.014,APT/USDT:USDT,4.766,5359.0,4.765,13647.0,4.768,810.0,4.769,10391.0
1753531691035,12:08:11.035,APT/USDT:USDT,4.766,5359.0,4.765,13647.0,4.768,810.0,4.769,10391.0
1753531691138,12:08:11.138,APT/USDT:USDT,4.766,5359.0,4.765,13647.0,4.768,810.0,4.769,10391.0
1753531691359,12:08:11.359,APT/USDT:USDT,4.766,5323.0,4.765,13647.0,4.768,846.0,4.769,10391.0
1753531691490,12:08:11.490,APT/USDT:USDT,4.766,5323.0,4.765,13647.0,4.768,810.0,4.769,10391.0
1753531691539,12:08:11.539,APT/USDT:USDT,4.766,5323.0,4.765,13647.0,4.768,810.0,4.769,10391.0
1753531691723,12:08:11.723,APT/USDT:USDT,4.766,5323.0,4.765,13647.0,4.768,810.0,4.769,10391.0
1753531692030,12:08:12.030,APT/USDT:USDT,4.766,5323.0,4.765,13647.0,4.768,846.0,4.769,10391.0
1753531692193,12:08:12.193,APT/USDT:USDT,4.766,5323.0,4.765,13647.0,4.768,846.0,4.769,10391.0
1753531692287,12:08:12.287,APT/USDT:USDT,4.766,5359.0,4.765,13647.0,4.768,846.0,4.769,10391.0
1753531692465,12:08:12.465,APT/USDT:USDT,4.766,5323.0,4.765,13647.0,4.768,846.0,4.769,10391.0
1753531692715,12:08:12.715,APT/USDT:USDT,4.766,5467.0,4.765,13647.0,4.768,846.0,4.769,11187.0
1753531692727,12:08:12.727,APT/USDT:USDT,4.766,5323.0,4.765,13647.0,4.768,846.0,4.769,11187.0
1753531692895,12:08:12.895,APT/USDT:USDT,4.766,5359.0,4.765,13647.0,4.768,810.0,4.769,11187.0
1753531692948,12:08:12.948,APT/USDT:USDT,4.766,5359.0,4.765,13647.0,4.768,810.0,4.769,11187.0
1753531693065,12:08:13.065,APT/USDT:USDT,4.766,5359.0,4.765,13647.0,4.768,810.0,4.769,11187.0
1753531693120,12:08:13.120,APT/USDT:USDT,4.766,5359.0,4.765,13647.0,4.768,810.0,4.769,11187.0
1753531693461,12:08:13.461,APT/USDT:USDT,4.766,5323.0,4.765,13647.0,4.768,846.0,4.769,11187.0
1753531693533,12:08:13.533,APT/USDT:USDT,4.766,5359.0,4.765,13647.0,4.768,810.0,4.769,11187.0
1753531693674,12:08:13.674,APT/USDT:USDT,4.766,5359.0,4.765,13647.0,4.768,810.0,4.769,11187.0
1753531693881,12:08:13.881,APT/USDT:USDT,4.766,4301.0,4.765,13647.0,4.768,882.0,4.769,11187.0
1753531693986,12:08:13.986,APT/USDT:USDT,4.766,4301.0,4.765,13647.0,4.768,882.0,4.769,11187.0
1753531694045,12:08:14.045,APT/USDT:USDT,4.766,4301.0,4.765,13647.0,4.768,882.0,4.769,11187.0
1753531694179,12:08:14.179,APT/USDT:USDT,4.766,4337.0,4.765,13647.0,4.768,846.0,4.769,11187.0
1753531694400,12:08:14.400,APT/USDT:USDT,4.766,4373.0,4.765,13647.0,4.768,810.0,4.769,11187.0
1753531694507,12:08:14.507,APT/USDT:USDT,4.766,4373.0,4.765,13647.0,4.768,810.0,4.769,11187.0
1753531694604,12:08:14.604,APT/USDT:USDT,4.766,4337.0,4.765,13647.0,4.768,846.0,4.769,11187.0
1753531694714,12:08:14.714,APT/USDT:USDT,4.766,4337.0,4.765,13647.0,4.768,846.0,4.769,11187.0
1753531694784,12:08:14.784,APT/USDT:USDT,4.766,4337.0,4.765,13647.0,4.768,846.0,4.769,11187.0
1753531694827,12:08:14.827,APT/USDT:USDT,4.766,4337.0,4.765,13647.0,4.768,846.0,4.769,11187.0
1753531695014,12:08:15.014,APT/USDT:USDT,4.766,4337.0,4.765,13647.0,4.768,882.0,4.769,11187.0
1753531695090,12:08:15.090,APT/USDT:USDT,4.766,4337.0,4.765,13647.0,4.768,882.0,4.769,10637.0
1753531695184,12:08:15.184,APT/USDT:USDT,4.766,4337.0,4.765,13647.0,4.768,846.0,4.769,10637.0
1753531695360,12:08:15.360,APT/USDT:USDT,4.766,4301.0,4.765,13647.0,4.768,882.0,4.769,10637.0
1753531695515,12:08:15.515,APT/USDT:USDT,4.766,4337.0,4.765,13647.0,4.768,846.0,4.769,10637.0
1753531695552,12:08:15.552,APT/USDT:USDT,4.766,4337.0,4.765,13647.0,4.768,846.0,4.769,10637.0
1753531695714,12:08:15.714,APT/USDT:USDT,4.766,4466.0,4.765,13647.0,4.768,846.0,4.769,10637.0
1753531695760,12:08:15.760,APT/USDT:USDT,4.766,4301.0,4.765,13647.0,4.768,882.0,4.769,10637.0
1753531695885,12:08:15.885,APT/USDT:USDT,4.766,4301.0,4.765,13647.0,4.768,882.0,4.769,10637.0
1753531695955,12:08:15.955,APT/USDT:USDT,4.766,4301.0,4.765,13647.0,4.768,882.0,4.769,10637.0
1753531696074,12:08:16.074,APT/USDT:USDT,4.766,4301.0,4.765,13647.0,4.768,882.0,4.769,10637.0
1753531696292,12:08:16.292,APT/USDT:USDT,4.766,4301.0,4.765,13647.0,4.768,882.0,4.769,10637.0
1753531696450,12:08:16.450,APT/USDT:USDT,4.766,4301.0,4.765,13647.0,4.768,882.0,4.769,10637.0
1753531696577,12:08:16.577,APT/USDT:USDT,4.766,4301.0,4.765,13647.0,4.768,882.0,4.769,10637.0
1753531696627,12:08:16.627,APT/USDT:USDT,4.766,4301.0,4.765,13647.0,4.768,882.0,4.769,10637.0
1753531696808,12:08:16.808,APT/USDT:USDT,4.766,500.0,4.765,12591.0,4.767,281.0,4.768,9334.0
1753531696894,12:08:16.894,APT/USDT:USDT,4.766,502.0,4.765,12591.0,4.767,291.0,4.768,9334.0
1753531696925,12:08:16.925,APT/USDT:USDT,4.766,502.0,4.765,12591.0,4.767,291.0,4.768,9334.0
1753531697057,12:08:17.057,APT/USDT:USDT,4.766,502.0,4.765,12591.0,4.767,255.0,4.768,9334.0
1753531697133,12:08:17.133,APT/USDT:USDT,4.766,502.0,4.765,12591.0,4.767,291.0,4.768,9334.0
1753531697297,12:08:17.297,APT/USDT:USDT,4.766,502.0,4.765,12591.0,4.767,291.0,4.768,9334.0
1753531697506,12:08:17.506,APT/USDT:USDT,4.766,502.0,4.765,12591.0,4.767,291.0,4.768,9334.0
1753531697553,12:08:17.553,APT/USDT:USDT,4.766,502.0,4.765,12591.0,4.767,255.0,4.768,9334.0
1753531697715,12:08:17.715,APT/USDT:USDT,4.766,502.0,4.765,12591.0,4.767,291.0,4.768,9334.0
1753531697816,12:08:17.816,APT/USDT:USDT,4.766,502.0,4.765,12591.0,4.767,255.0,4.768,9334.0
1753531697861,12:08:17.861,APT/USDT:USDT,4.766,502.0,4.765,12591.0,4.767,255.0,4.768,9334.0
1753531697926,12:08:17.926,APT/USDT:USDT,4.766,502.0,4.765,12591.0,4.767,255.0,4.768,9334.0
1753531698036,12:08:18.036,APT/USDT:USDT,4.766,502.0,4.765,12591.0,4.767,255.0,4.768,9334.0
1753531698169,12:08:18.169,APT/USDT:USDT,4.766,502.0,4.765,12591.0,4.767,255.0,4.768,9334.0
1753531698296,12:08:18.296,APT/USDT:USDT,4.766,502.0,4.765,12591.0,4.767,219.0,4.768,9334.0
1753531698502,12:08:18.502,APT/USDT:USDT,4.766,502.0,4.765,2369.0,4.767,255.0,4.768,9334.0
1753531698606,12:08:18.606,APT/USDT:USDT,4.766,502.0,4.765,4783.0,4.767,291.0,4.768,9334.0
1753531698716,12:08:18.716,APT/USDT:USDT,4.766,502.0,4.765,4783.0,4.767,291.0,4.768,9334.0
1753531698795,12:08:18.795,APT/USDT:USDT,4.766,502.0,4.765,4783.0,4.767,1089.0,4.768,9334.0
1753531699071,12:08:19.071,APT/USDT:USDT,4.766,502.0,4.765,4783.0,4.767,1089.0,4.768,9334.0
1753531699185,12:08:19.185,APT/USDT:USDT,4.766,502.0,4.765,4783.0,4.767,1089.0,4.768,9334.0
1753531699313,12:08:19.313,APT/USDT:USDT,4.766,502.0,4.765,4783.0,4.767,1089.0,4.768,9334.0
1753531699359,12:08:19.359,APT/USDT:USDT,4.766,502.0,4.765,4783.0,4.767,255.0,4.768,9334.0
1753531699515,12:08:19.515,APT/USDT:USDT,4.766,2.0,4.765,4783.0,4.767,1089.0,4.768,9334.0
1753531699595,12:08:19.595,APT/USDT:USDT,4.766,2.0,4.765,4783.0,4.767,1296.0,4.768,9334.0
1753531699707,12:08:19.707,APT/USDT:USDT,4.766,2.0,4.765,4783.0,4.767,1089.0,4.768,9334.0
1753531699769,12:08:19.769,APT/USDT:USDT,4.766,2.0,4.765,4573.0,4.767,1296.0,4.768,9334.0
1753531699893,12:08:19.893,APT/USDT:USDT,4.766,2.0,4.765,4573.0,4.767,1296.0,4.768,9334.0
1753531700006,12:08:20.006,APT/USDT:USDT,4.766,2.0,4.765,4573.0,4.767,1089.0,4.768,9334.0
1753531700108,12:08:20.108,APT/USDT:USDT,4.766,2.0,4.765,4573.0,4.767,1053.0,4.768,9334.0
1753531700213,12:08:20.213,APT/USDT:USDT,4.766,2.0,4.765,4573.0,4.767,1053.0,4.768,9334.0
1753531700279,12:08:20.279,APT/USDT:USDT,4.766,2.0,4.765,4573.0,4.767,1053.0,4.768,9334.0
1753531700411,12:08:20.411,APT/USDT:USDT,4.766,2.0,4.765,4573.0,4.767,1089.0,4.768,9334.0
1753531700507,12:08:20.507,APT/USDT:USDT,4.766,2.0,4.765,4573.0,4.767,1089.0,4.768,9334.0
1753531700552,12:08:20.552,APT/USDT:USDT,4.766,2.0,4.765,4573.0,4.767,1089.0,4.768,9334.0
1753531700707,12:08:20.707,APT/USDT:USDT,4.766,2.0,4.765,4573.0,4.767,1296.0,4.768,9334.0
1753531700794,12:08:20.794,APT/USDT:USDT,4.766,2.0,4.765,4573.0,4.767,1296.0,4.768,9334.0
1753531700900,12:08:20.900,APT/USDT:USDT,4.766,2.0,4.765,4573.0,4.767,1296.0,4.768,9334.0
1753531701013,12:08:21.013,APT/USDT:USDT,4.766,2.0,4.765,3756.0,4.767,1296.0,4.768,9334.0
1753531701044,12:08:21.044,APT/USDT:USDT,4.766,2.0,4.765,3756.0,4.767,1296.0,4.768,9334.0
1753531701166,12:08:21.166,APT/USDT:USDT,4.766,2.0,4.765,3756.0,4.767,1296.0,4.768,9334.0
1753531701249,12:08:21.249,APT/USDT:USDT,4.766,2.0,4.765,3756.0,4.767,1296.0,4.768,9334.0
1753531701334,12:08:21.334,APT/USDT:USDT,4.766,2.0,4.765,3756.0,4.767,1296.0,4.768,9334.0
1753531701478,12:08:21.478,APT/USDT:USDT,4.766,2.0,4.765,3756.0,4.767,219.0,4.768,9334.0
1753531701536,12:08:21.536,APT/USDT:USDT,4.766,2.0,4.765,3756.0,4.767,99.0,4.768,9334.0
1753531701714,12:08:21.714,APT/USDT:USDT,4.766,135.0,4.765,3756.0,4.767,99.0,4.768,9334.0
1753531701785,12:08:21.785,APT/USDT:USDT,4.766,836.0,4.765,3756.0,4.767,10.0,4.768,8205.0
1753531701881,12:08:21.881,APT/USDT:USDT,4.766,800.0,4.765,3756.0,4.767,10.0,4.768,8205.0
1753531702014,12:08:22.014,APT/USDT:USDT,4.766,800.0,4.765,3756.0,4.767,10.0,4.768,8205.0
1753531702109,12:08:22.109,APT/USDT:USDT,4.766,2.0,4.765,3756.0,4.767,291.0,4.768,8205.0
1753531702216,12:08:22.216,APT/USDT:USDT,4.766,2.0,4.765,3756.0,4.767,291.0,4.768,8205.0
1753531702415,12:08:22.415,APT/USDT:USDT,4.766,2.0,4.765,3756.0,4.767,255.0,4.768,8205.0
1753531702498,12:08:22.498,APT/USDT:USDT,4.766,2.0,4.765,3756.0,4.767,219.0,4.768,8205.0
1753531702548,12:08:22.548,APT/USDT:USDT,4.766,2.0,4.765,3756.0,4.767,219.0,4.768,8205.0
1753531702695,12:08:22.695,APT/USDT:USDT,4.766,2.0,4.765,3756.0,4.767,219.0,4.768,8205.0
1753531702783,12:08:22.783,APT/USDT:USDT,4.766,2.0,4.765,3756.0,4.767,219.0,4.768,8205.0
1753531702838,12:08:22.838,APT/USDT:USDT,4.766,2.0,4.765,3756.0,4.767,219.0,4.768,8205.0
1753531702948,12:08:22.948,APT/USDT:USDT,4.766,2.0,4.765,3756.0,4.767,219.0,4.768,8205.0
1753531703039,12:08:23.039,APT/USDT:USDT,4.766,2.0,4.765,3756.0,4.767,219.0,4.768,8205.0
1753531703134,12:08:23.134,APT/USDT:USDT,4.766,2.0,4.765,3756.0,4.767,219.0,4.768,8205.0
1753531703311,12:08:23.311,APT/USDT:USDT,4.766,2.0,4.765,3756.0,4.767,291.0,4.768,8205.0
1753531703414,12:08:23.414,APT/USDT:USDT,4.766,2.0,4.765,3756.0,4.767,291.0,4.768,8205.0
1753531703504,12:08:23.504,APT/USDT:USDT,4.766,2.0,4.765,3756.0,4.767,291.0,4.768,8205.0
1753531703636,12:08:23.636,APT/USDT:USDT,4.766,2.0,4.765,3756.0,4.767,291.0,4.768,8205.0
1753531703742,12:08:23.742,APT/USDT:USDT,4.766,2.0,4.765,3756.0,4.767,291.0,4.768,8205.0
1753531703896,12:08:23.896,APT/USDT:USDT,4.766,2.0,4.765,3756.0,4.767,291.0,4.768,8205.0
1753531704107,12:08:24.107,APT/USDT:USDT,4.766,2.0,4.765,3756.0,4.767,255.0,4.768,8205.0
1753531704139,12:08:24.139,APT/USDT:USDT,4.766,2.0,4.765,3756.0,4.767,255.0,4.768,8205.0
1753531704258,12:08:24.258,APT/USDT:USDT,4.766,2.0,4.765,3756.0,4.767,291.0,4.768,8205.0
1753531704351,12:08:24.351,APT/USDT:USDT,4.766,2.0,4.765,3756.0,4.767,291.0,4.768,8205.0
1753531704505,12:08:24.505,APT/USDT:USDT,4.766,2.0,4.765,3756.0,4.767,219.0,4.768,8205.0
1753531704559,12:08:24.559,APT/USDT:USDT,4.766,2.0,4.765,3756.0,4.767,219.0,4.768,8205.0
1753531704668,12:08:24.668,APT/USDT:USDT,4.766,2.0,4.765,3756.0,4.767,219.0,4.768,8205.0
1753531704717,12:08:24.717,APT/USDT:USDT,4.766,2.0,4.765,3756.0,4.767,219.0,4.768,8205.0
1753531704864,12:08:24.864,APT/USDT:USDT,4.766,38.0,4.765,3756.0,4.767,63.0,4.768,8205.0
1753531704939,12:08:24.939,APT/USDT:USDT,4.766,2.0,4.765,3756.0,4.767,63.0,4.768,8205.0
1753531705169,12:08:25.169,APT/USDT:USDT,4.766,2.0,4.765,3756.0,4.767,63.0,4.768,8205.0
1753531705286,12:08:25.286,APT/USDT:USDT,4.766,2.0,4.765,3756.0,4.767,63.0,4.768,8205.0
1753531705409,12:08:25.409,APT/USDT:USDT,4.766,2.0,4.765,3756.0,4.767,63.0,4.768,8205.0
1753531705562,12:08:25.562,APT/USDT:USDT,4.766,2.0,4.765,3756.0,4.767,63.0,4.768,8205.0
1753531705657,12:08:25.657,APT/USDT:USDT,4.766,2.0,4.765,3756.0,4.767,63.0,4.768,8205.0
1753531705761,12:08:25.761,APT/USDT:USDT,4.766,2.0,4.765,3756.0,4.767,63.0,4.768,8205.0
1753531705906,12:08:25.906,APT/USDT:USDT,4.766,2.0,4.765,3756.0,4.767,63.0,4.768,8205.0
1753531705959,12:08:25.959,APT/USDT:USDT,4.766,2.0,4.765,3756.0,4.767,63.0,4.768,8205.0
1753531706112,12:08:26.112,APT/USDT:USDT,4.766,2.0,4.765,3756.0,4.767,63.0,4.768,8205.0
1753531706215,12:08:26.215,APT/USDT:USDT,4.766,2.0,4.765,3756.0,4.767,63.0,4.768,8205.0
1753531706306,12:08:26.306,APT/USDT:USDT,4.766,2.0,4.765,3756.0,4.767,63.0,4.768,8205.0
1753531706515,12:08:26.515,APT/USDT:USDT,4.766,2.0,4.765,3756.0,4.767,63.0,4.768,8205.0
1753531706573,12:08:26.573,APT/USDT:USDT,4.766,2.0,4.765,3756.0,4.767,63.0,4.768,8205.0
1753531706696,12:08:26.696,APT/USDT:USDT,4.766,2.0,4.765,3756.0,4.767,63.0,4.768,8205.0
1753531706746,12:08:26.746,APT/USDT:USDT,4.766,2.0,4.765,3756.0,4.767,63.0,4.768,8205.0
1753531706856,12:08:26.856,APT/USDT:USDT,4.766,2.0,4.765,3756.0,4.767,63.0,4.768,8205.0
1753531707161,12:08:27.161,APT/USDT:USDT,4.766,2.0,4.765,3756.0,4.767,63.0,4.768,8205.0
1753531707306,12:08:27.306,APT/USDT:USDT,4.766,2.0,4.765,3756.0,4.767,291.0,4.768,8205.0
1753531707337,12:08:27.337,APT/USDT:USDT,4.766,2.0,4.765,3756.0,4.767,219.0,4.768,8205.0
1753531707488,12:08:27.488,APT/USDT:USDT,4.766,2.0,4.765,3756.0,4.767,1089.0,4.768,8205.0
1753531707671,12:08:27.671,APT/USDT:USDT,4.766,2.0,4.765,3756.0,4.767,1089.0,4.768,8205.0
1753531707766,12:08:27.766,APT/USDT:USDT,4.766,2.0,4.765,3756.0,4.767,1089.0,4.768,8205.0
1753531707989,12:08:27.989,APT/USDT:USDT,4.766,2.0,4.765,3756.0,4.767,1089.0,4.768,8205.0
1753531708114,12:08:28.114,APT/USDT:USDT,4.766,2.0,4.765,3756.0,4.767,1089.0,4.768,8205.0
1753531708190,12:08:28.190,APT/USDT:USDT,4.766,2.0,4.765,3756.0,4.767,1089.0,4.768,8205.0
1753531708504,12:08:28.504,APT/USDT:USDT,4.766,2.0,4.765,3756.0,4.767,1089.0,4.768,8205.0
1753531708606,12:08:28.606,APT/USDT:USDT,4.766,2.0,4.765,3756.0,4.767,1053.0,4.768,8205.0
1753531708682,12:08:28.682,APT/USDT:USDT,4.766,2.0,4.765,3756.0,4.767,1053.0,4.768,8205.0
1753531708830,12:08:28.830,APT/USDT:USDT,4.766,2.0,4.765,3756.0,4.767,1053.0,4.768,8205.0
1753531708972,12:08:28.972,APT/USDT:USDT,4.766,2.0,4.765,3756.0,4.767,1017.0,4.768,8205.0
1753531709187,12:08:29.187,APT/USDT:USDT,4.766,2.0,4.765,3756.0,4.767,1017.0,4.768,8205.0
1753531709313,12:08:29.313,APT/USDT:USDT,4.766,2.0,4.765,3756.0,4.767,1017.0,4.768,8205.0
1753531709406,12:08:29.406,APT/USDT:USDT,4.766,2.0,4.765,3756.0,4.767,1017.0,4.768,8205.0
1753531709720,12:08:29.720,APT/USDT:USDT,4.766,2.0,4.765,3756.0,4.767,1017.0,4.768,8205.0
1753531709972,12:08:29.972,APT/USDT:USDT,4.766,2.0,4.765,3756.0,4.767,1017.0,4.768,8205.0
1753531710094,12:08:30.094,APT/USDT:USDT,4.766,2.0,4.765,3756.0,4.767,1017.0,4.768,8205.0
1753531710179,12:08:30.179,APT/USDT:USDT,4.766,2.0,4.765,3756.0,4.767,1017.0,4.768,8205.0
1753531710308,12:08:30.308,APT/USDT:USDT,4.766,1089.0,4.765,3756.0,4.767,10.0,4.768,8205.0
1753531710414,12:08:30.414,APT/USDT:USDT,4.766,1089.0,4.765,3756.0,4.767,10.0,4.768,8205.0
1753531710496,12:08:30.496,APT/USDT:USDT,4.766,1089.0,4.765,3756.0,4.767,10.0,4.768,8205.0
1753531710715,12:08:30.715,APT/USDT:USDT,4.766,1274.0,4.765,3756.0,4.767,10.0,4.768,8205.0
1753531710808,12:08:30.808,APT/USDT:USDT,4.766,1053.0,4.765,3756.0,4.767,10.0,4.768,8205.0
1753531710894,12:08:30.894,APT/USDT:USDT,4.766,810.0,4.765,3756.0,4.767,10.0,4.768,8205.0
1753531711011,12:08:31.011,APT/USDT:USDT,4.766,810.0,4.765,3756.0,4.767,10.0,4.768,8205.0
1753531711074,12:08:31.074,APT/USDT:USDT,4.766,810.0,4.765,3756.0,4.767,10.0,4.768,8205.0
1753531711178,12:08:31.178,APT/USDT:USDT,4.766,810.0,4.765,3756.0,4.767,10.0,4.768,8205.0
1753531711260,12:08:31.260,APT/USDT:USDT,4.766,810.0,4.765,3756.0,4.767,10.0,4.768,8205.0
1753531711392,12:08:31.392,APT/USDT:USDT,4.766,810.0,4.765,3756.0,4.767,10.0,4.768,8205.0
1753531711467,12:08:31.467,APT/USDT:USDT,4.766,810.0,4.765,3756.0,4.767,10.0,4.768,8205.0
1753531711599,12:08:31.599,APT/USDT:USDT,4.766,1017.0,4.765,3756.0,4.767,10.0,4.768,8205.0
1753531711713,12:08:31.713,APT/USDT:USDT,4.766,1089.0,4.765,3756.0,4.767,10.0,4.768,8205.0
1753531711800,12:08:31.800,APT/USDT:USDT,4.766,1089.0,4.765,3756.0,4.767,10.0,4.768,8205.0
1753531711824,12:08:31.824,APT/USDT:USDT,4.766,1089.0,4.765,3756.0,4.767,10.0,4.768,7395.0
1753531711945,12:08:31.945,APT/USDT:USDT,4.766,1089.0,4.765,3756.0,4.767,10.0,4.768,7395.0
1753531712080,12:08:32.080,APT/USDT:USDT,4.766,1589.0,4.765,3756.0,4.767,10.0,4.768,7395.0
1753531712184,12:08:32.184,APT/USDT:USDT,4.766,1517.0,4.765,3756.0,4.767,10.0,4.768,7395.0
1753531712365,12:08:32.365,APT/USDT:USDT,4.766,1517.0,4.765,3756.0,4.767,10.0,4.768,7395.0
1753531712481,12:08:32.481,APT/USDT:USDT,4.766,1553.0,4.765,3756.0,4.767,10.0,4.768,7395.0
1753531712561,12:08:32.561,APT/USDT:USDT,4.766,1553.0,4.765,3756.0,4.767,10.0,4.768,7395.0
1753531712702,12:08:32.702,APT/USDT:USDT,4.766,1517.0,4.765,3756.0,4.767,10.0,4.768,7395.0
1753531712898,12:08:32.898,APT/USDT:USDT,4.766,1517.0,4.765,3756.0,4.767,166.0,4.768,7395.0
1753531712927,12:08:32.927,APT/USDT:USDT,4.766,1517.0,4.765,3756.0,4.767,166.0,4.768,7395.0
1753531713105,12:08:33.105,APT/USDT:USDT,4.766,1517.0,4.765,3756.0,4.767,10.0,4.768,7395.0
1753531713153,12:08:33.153,APT/USDT:USDT,4.766,1517.0,4.765,3756.0,4.767,10.0,4.768,7395.0
1753531713275,12:08:33.275,APT/USDT:USDT,4.766,1310.0,4.765,3756.0,4.767,10.0,4.768,7395.0
1753531713497,12:08:33.497,APT/USDT:USDT,4.766,1310.0,4.765,3756.0,4.767,10.0,4.768,7395.0
1753531713588,12:08:33.588,APT/USDT:USDT,4.766,1517.0,4.765,3756.0,4.767,10.0,4.768,7395.0
1753531713714,12:08:33.714,APT/USDT:USDT,4.766,1689.0,4.765,3756.0,4.767,10.0,4.768,7395.0
1753531713771,12:08:33.771,APT/USDT:USDT,4.766,502.0,4.765,3756.0,4.767,10.0,4.768,7395.0
1753531713910,12:08:33.910,APT/USDT:USDT,4.766,2.0,4.765,3756.0,4.767,1046.0,4.768,7395.0
1753531713986,12:08:33.986,APT/USDT:USDT,4.766,2.0,4.765,3756.0,4.767,1046.0,4.768,7395.0
1753531714030,12:08:34.030,APT/USDT:USDT,4.766,2.0,4.765,3756.0,4.767,1046.0,4.768,7395.0
1753531714195,12:08:34.195,APT/USDT:USDT,4.766,2.0,4.765,3756.0,4.767,1046.0,4.768,7395.0
1753531714285,12:08:34.285,APT/USDT:USDT,4.766,2.0,4.765,3756.0,4.767,1046.0,4.768,7395.0
1753531714508,12:08:34.508,APT/USDT:USDT,4.766,2.0,4.765,3756.0,4.767,1046.0,4.768,7395.0
1753531714610,12:08:34.610,APT/USDT:USDT,4.766,2.0,4.765,3756.0,4.767,974.0,4.768,7395.0
1753531714886,12:08:34.886,APT/USDT:USDT,4.766,2.0,4.765,3756.0,4.767,974.0,4.768,7395.0
1753531715006,12:08:35.006,APT/USDT:USDT,4.766,2.0,4.765,3756.0,4.767,974.0,4.768,7395.0
1753531715113,12:08:35.113,APT/USDT:USDT,4.766,2.0,4.765,3756.0,4.767,1046.0,4.768,7395.0
1753531715168,12:08:35.168,APT/USDT:USDT,4.766,2.0,4.765,3756.0,4.767,1253.0,4.768,7395.0
1753531715278,12:08:35.278,APT/USDT:USDT,4.766,2.0,4.765,3756.0,4.767,1253.0,4.768,7395.0
1753531715411,12:08:35.411,APT/USDT:USDT,4.766,2.0,4.765,3756.0,4.767,1253.0,4.768,7395.0
1753531715582,12:08:35.582,APT/USDT:USDT,4.766,2.0,4.765,2247.0,4.767,1253.0,4.768,7395.0
1753531715703,12:08:35.703,APT/USDT:USDT,4.766,2.0,4.765,504.0,4.767,2382.0,4.768,7395.0
1753531715803,12:08:35.803,APT/USDT:USDT,4.766,2.0,4.765,504.0,4.767,2382.0,4.768,7395.0
1753531715857,12:08:35.857,APT/USDT:USDT,4.766,2.0,4.765,504.0,4.767,2382.0,4.768,7395.0
1753531716035,12:08:36.035,APT/USDT:USDT,4.766,2.0,4.765,504.0,4.767,2882.0,4.768,7895.0
1753531716197,12:08:36.197,APT/USDT:USDT,4.766,2.0,4.765,504.0,4.767,2882.0,4.768,7895.0
1753531716263,12:08:36.263,APT/USDT:USDT,4.766,2.0,4.765,504.0,4.767,2882.0,4.768,7895.0
1753531716369,12:08:36.369,APT/USDT:USDT,4.766,2.0,4.765,504.0,4.767,2882.0,4.768,7895.0
1753531716497,12:08:36.497,APT/USDT:USDT,4.766,2.0,4.765,504.0,4.767,2882.0,4.768,7895.0
1753531716599,12:08:36.599,APT/USDT:USDT,4.765,4.0,4.764,504.0,4.766,1587.0,4.767,7299.0
1753531716715,12:08:36.715,APT/USDT:USDT,4.765,162.0,4.764,504.0,4.766,1587.0,4.767,7299.0
1753531716717,12:08:36.717,APT/USDT:USDT,4.765,4.0,4.764,504.0,4.766,1587.0,4.767,7299.0
1753531716903,12:08:36.903,APT/USDT:USDT,4.765,4.0,4.764,504.0,4.766,1587.0,4.767,7299.0
1753531716918,12:08:36.918,APT/USDT:USDT,4.765,4.0,4.764,504.0,4.766,1587.0,4.767,7299.0
1753531717043,12:08:37.043,APT/USDT:USDT,4.765,4.0,4.764,504.0,4.766,1587.0,4.767,7299.0
1753531717180,12:08:37.180,APT/USDT:USDT,4.765,4.0,4.764,504.0,4.766,1587.0,4.767,10783.0
1753531717294,12:08:37.294,APT/USDT:USDT,4.765,4.0,4.764,504.0,4.766,1587.0,4.767,10783.0
1753531717348,12:08:37.348,APT/USDT:USDT,4.765,4.0,4.764,504.0,4.766,1587.0,4.767,10783.0
1753531717461,12:08:37.461,APT/USDT:USDT,4.765,4.0,4.764,504.0,4.766,1587.0,4.767,10783.0
1753531717555,12:08:37.555,APT/USDT:USDT,4.765,4.0,4.764,504.0,4.766,1587.0,4.767,10783.0
1753531717699,12:08:37.699,APT/USDT:USDT,4.765,4.0,4.764,958.0,4.766,1587.0,4.767,10783.0
1753531717719,12:08:37.719,APT/USDT:USDT,4.765,4.0,4.764,958.0,4.766,1587.0,4.767,10783.0
1753531717853,12:08:37.853,APT/USDT:USDT,4.765,4.0,4.764,958.0,4.766,1587.0,4.767,10783.0
1753531718006,12:08:38.006,APT/USDT:USDT,4.765,4.0,4.764,958.0,4.766,1587.0,4.767,10783.0
1753531718091,12:08:38.091,APT/USDT:USDT,4.765,4.0,4.764,504.0,4.766,2716.0,4.767,9654.0
1753531718144,12:08:38.144,APT/USDT:USDT,4.765,4.0,4.764,504.0,4.766,2716.0,4.767,9654.0
1753531718300,12:08:38.300,APT/USDT:USDT,4.765,4.0,4.764,504.0,4.766,2716.0,4.767,9654.0
1753531718334,12:08:38.334,APT/USDT:USDT,4.765,4.0,4.764,504.0,4.766,2716.0,4.767,9654.0
1753531718510,12:08:38.510,APT/USDT:USDT,4.765,4.0,4.764,504.0,4.766,2716.0,4.767,9654.0
1753531718606,12:08:38.606,APT/USDT:USDT,4.765,4.0,4.764,4.0,4.766,2716.0,4.767,9695.0
1753531718668,12:08:38.668,APT/USDT:USDT,4.765,4.0,4.764,4.0,4.766,2716.0,4.767,9695.0
1753531718773,12:08:38.773,APT/USDT:USDT,4.765,4.0,4.764,4.0,4.766,2716.0,4.767,9695.0
1753531718842,12:08:38.842,APT/USDT:USDT,4.765,4.0,4.764,4.0,4.766,2716.0,4.767,9695.0
1753531719015,12:08:39.015,APT/USDT:USDT,4.764,4.0,4.763,3890.0,4.765,1038.0,4.766,2473.0
1753531719115,12:08:39.115,APT/USDT:USDT,4.764,4.0,4.763,3679.0,4.765,1084.0,4.766,6087.0
1753531719168,12:08:39.168,APT/USDT:USDT,4.764,4.0,4.763,501.0,4.765,1084.0,4.766,6087.0
1753531719234,12:08:39.234,APT/USDT:USDT,4.764,4.0,4.763,501.0,4.765,1084.0,4.766,6087.0
1753531719354,12:08:39.354,APT/USDT:USDT,4.764,4.0,4.763,501.0,4.765,1084.0,4.766,6087.0
1753531719514,12:08:39.514,APT/USDT:USDT,4.764,4.0,4.763,1296.0,4.765,1048.0,4.766,6087.0
1753531719597,12:08:39.597,APT/USDT:USDT,4.764,4.0,4.763,1296.0,4.765,1048.0,4.766,6912.0
1753531719715,12:08:39.715,APT/USDT:USDT,4.764,135.0,4.763,1296.0,4.765,1048.0,4.766,6912.0
1753531719775,12:08:39.775,APT/USDT:USDT,4.764,4.0,4.763,1296.0,4.765,1048.0,4.766,6912.0
1753531719910,12:08:39.910,APT/USDT:USDT,4.764,4.0,4.763,1296.0,4.765,1048.0,4.766,10562.0
1753531720007,12:08:40.007,APT/USDT:USDT,4.764,4.0,4.763,1296.0,4.765,1048.0,4.766,10562.0
1753531720100,12:08:40.100,APT/USDT:USDT,4.764,4.0,4.763,1296.0,4.765,1084.0,4.766,10562.0
1753531720168,12:08:40.168,APT/USDT:USDT,4.764,4.0,4.763,5033.0,4.765,2213.0,4.766,9433.0
1753531720292,12:08:40.292,APT/USDT:USDT,4.764,4.0,4.763,501.0,4.765,2213.0,4.766,9433.0
1753531720401,12:08:40.401,APT/USDT:USDT,4.764,4.0,4.763,501.0,4.765,1048.0,4.766,9433.0
1753531720510,12:08:40.510,APT/USDT:USDT,4.764,4.0,4.763,4238.0,4.765,1012.0,4.766,9433.0
1753531720615,12:08:40.615,APT/USDT:USDT,4.764,4.0,4.763,4238.0,4.765,1084.0,4.766,9433.0
1753531720648,12:08:40.648,APT/USDT:USDT,4.764,4.0,4.763,4238.0,4.765,1084.0,4.766,9433.0
1753531720800,12:08:40.800,APT/USDT:USDT,4.764,4.0,4.763,4238.0,4.765,1048.0,4.766,9433.0
1753531720836,12:08:40.836,APT/USDT:USDT,4.764,4.0,4.763,4238.0,4.765,1012.0,4.766,9433.0
1753531721004,12:08:41.004,APT/USDT:USDT,4.764,4.0,4.763,4238.0,4.765,1084.0,4.766,9433.0
1753531721114,12:08:41.114,APT/USDT:USDT,4.764,4.0,4.763,501.0,4.765,1084.0,4.766,9433.0
1753531721184,12:08:41.184,APT/USDT:USDT,4.764,4.0,4.763,1.0,4.765,2213.0,4.766,9433.0
1753531721241,12:08:41.241,APT/USDT:USDT,4.764,4.0,4.763,1.0,4.765,2213.0,4.766,9433.0
1753531721415,12:08:41.415,APT/USDT:USDT,4.764,4.0,4.763,1.0,4.765,2213.0,4.766,9433.0
1753531721472,12:08:41.472,APT/USDT:USDT,4.764,4.0,4.763,1.0,4.765,2177.0,4.766,9474.0
1753531721600,12:08:41.600,APT/USDT:USDT,4.764,4.0,4.763,1.0,4.765,2213.0,4.766,9474.0
1753531721665,12:08:41.665,APT/USDT:USDT,4.764,4.0,4.763,1.0,4.765,2213.0,4.766,9474.0
1753531721795,12:08:41.795,APT/USDT:USDT,4.764,4.0,4.763,1.0,4.765,2213.0,4.766,9474.0
1753531721915,12:08:41.915,APT/USDT:USDT,4.764,4.0,4.763,1.0,4.765,1084.0,4.766,9474.0
1753531722013,12:08:42.013,APT/USDT:USDT,4.764,4.0,4.763,3738.0,4.765,2177.0,4.766,9433.0
1753531722089,12:08:42.089,APT/USDT:USDT,4.763,1.0,4.762,2236.0,4.764,515.0,4.765,9806.0
1753531722177,12:08:42.177,APT/USDT:USDT,4.763,1.0,4.762,1413.0,4.764,587.0,4.765,9770.0
1753531722312,12:08:42.312,APT/USDT:USDT,4.763,1.0,4.762,1413.0,4.764,551.0,4.765,9770.0
1753531722359,12:08:42.359,APT/USDT:USDT,4.763,1.0,4.762,1413.0,4.764,344.0,4.765,9770.0
1753531722471,12:08:42.471,APT/USDT:USDT,4.763,1.0,4.762,4788.0,4.764,308.0,4.765,9734.0
1753531722540,12:08:42.540,APT/USDT:USDT,4.763,1.0,4.762,4788.0,4.764,308.0,4.765,9734.0
1753531722695,12:08:42.695,APT/USDT:USDT,4.763,1.0,4.762,4788.0,4.764,380.0,4.765,9734.0
1753531722789,12:08:42.789,APT/USDT:USDT,4.763,1.0,4.762,4788.0,4.764,344.0,4.765,9734.0
1753531722827,12:08:42.827,APT/USDT:USDT,4.763,1.0,4.762,4788.0,4.764,308.0,4.765,9734.0
1753531723014,12:08:43.014,APT/USDT:USDT,4.763,1.0,4.762,4788.0,4.764,344.0,4.765,9734.0
1753531723096,12:08:43.096,APT/USDT:USDT,4.763,1.0,4.762,4788.0,4.764,587.0,4.765,9734.0
1753531723161,12:08:43.161,APT/USDT:USDT,4.763,1.0,4.762,4788.0,4.764,344.0,4.765,9734.0
1753531723258,12:08:43.258,APT/USDT:USDT,4.763,1.0,4.762,4788.0,4.764,344.0,4.765,9734.0
1753531723404,12:08:43.404,APT/USDT:USDT,4.763,1.0,4.762,4788.0,4.764,344.0,4.765,9734.0
1753531723496,12:08:43.496,APT/USDT:USDT,4.763,1.0,4.762,4788.0,4.764,308.0,4.765,9734.0
1753531723596,12:08:43.596,APT/USDT:USDT,4.763,1.0,4.762,4788.0,4.764,308.0,4.765,9734.0
1753531723661,12:08:43.661,APT/USDT:USDT,4.763,1.0,4.762,4788.0,4.764,308.0,4.765,9734.0
1753531723801,12:08:43.801,APT/USDT:USDT,4.763,1.0,4.762,4788.0,4.764,308.0,4.765,9734.0
1753531723941,12:08:43.941,APT/USDT:USDT,4.763,1.0,4.762,4788.0,4.764,308.0,4.765,9734.0
1753531724055,12:08:44.055,APT/USDT:USDT,4.763,1.0,4.762,4788.0,4.764,308.0,4.765,9734.0
1753531724194,12:08:44.194,APT/USDT:USDT,4.763,1.0,4.762,4788.0,4.764,308.0,4.765,9734.0
1753531724365,12:08:44.365,APT/USDT:USDT,4.763,1.0,4.762,4788.0,4.764,308.0,4.765,9734.0
1753531724482,12:08:44.482,APT/USDT:USDT,4.763,1.0,4.762,4788.0,4.764,380.0,4.765,9734.0
1753531724584,12:08:44.584,APT/USDT:USDT,4.763,1.0,4.762,4788.0,4.764,344.0,4.765,9734.0
1753531724715,12:08:44.715,APT/USDT:USDT,4.763,1.0,4.762,4788.0,4.764,344.0,4.765,9734.0
1753531724808,12:08:44.808,APT/USDT:USDT,4.763,1.0,4.762,4788.0,4.764,344.0,4.765,9734.0
1753531724894,12:08:44.894,APT/USDT:USDT,4.763,1.0,4.762,4788.0,4.764,380.0,4.765,9734.0
1753531724986,12:08:44.986,APT/USDT:USDT,4.763,1.0,4.762,4788.0,4.764,308.0,4.765,9734.0
1753531725019,12:08:45.019,APT/USDT:USDT,4.763,1.0,4.762,4788.0,4.764,308.0,4.765,9734.0
1753531725190,12:08:45.190,APT/USDT:USDT,4.763,1.0,4.762,4788.0,4.764,380.0,4.765,9734.0
1753531725227,12:08:45.227,APT/USDT:USDT,4.763,1.0,4.762,4788.0,4.764,380.0,4.765,9734.0
1753531725389,12:08:45.389,APT/USDT:USDT,4.763,1.0,4.762,4788.0,4.764,344.0,4.765,9734.0
1753531725504,12:08:45.504,APT/USDT:USDT,4.763,1.0,4.762,4788.0,4.764,344.0,4.765,9734.0
1753531725715,12:08:45.715,APT/USDT:USDT,4.763,177.0,4.762,4788.0,4.764,308.0,4.765,9734.0
1753531725776,12:08:45.776,APT/USDT:USDT,4.763,1.0,4.762,4788.0,4.764,308.0,4.765,9734.0
1753531725875,12:08:45.875,APT/USDT:USDT,4.763,1.0,4.762,4788.0,4.764,308.0,4.765,9734.0
1753531725976,12:08:45.976,APT/USDT:USDT,4.763,1.0,4.762,4788.0,4.764,308.0,4.765,9734.0
1753531726033,12:08:46.033,APT/USDT:USDT,4.763,1.0,4.762,4788.0,4.764,308.0,4.765,9734.0
1753531726142,12:08:46.142,APT/USDT:USDT,4.763,1.0,4.762,4788.0,4.764,308.0,4.765,9734.0
1753531726330,12:08:46.330,APT/USDT:USDT,4.763,1.0,4.762,4788.0,4.764,308.0,4.765,9734.0
1753531726502,12:08:46.502,APT/USDT:USDT,4.762,1006.0,4.761,7210.0,4.763,156.0,4.764,8045.0
1753531726613,12:08:46.613,APT/USDT:USDT,4.762,3622.0,4.761,7210.0,4.764,1103.0,4.765,9725.0
1753531726702,12:08:46.702,APT/USDT:USDT,4.762,3658.0,4.761,7210.0,4.764,1103.0,4.765,9684.0
