timestamp,time,symbol,bid1_price,bid1_volume,bid2_price,bid2_volume,ask1_price,ask1_volume,ask2_price,ask2_volume
1753531627000,12:07:07.000,BSV/USDT:USDT,29.22,1030.0,29.21,28401.0,29.24,56.0,29.25,27203.0
1753531627583,12:07:07.583,BSV/USDT:USDT,29.22,1030.0,29.21,28401.0,29.24,1130.0,29.25,27203.0
1753531631097,12:07:11.097,BSV/USDT:USDT,29.22,1030.0,29.21,28401.0,29.24,1130.0,29.25,27203.0
1753531631166,12:07:11.166,BSV/USDT:USDT,29.22,1030.0,29.21,28401.0,29.24,1130.0,29.25,27203.0
1753531631689,12:07:11.689,BSV/USDT:USDT,29.22,1030.0,29.21,28401.0,29.24,1130.0,29.25,27203.0
1753531631908,12:07:11.908,BSV/USDT:USDT,29.22,1030.0,29.21,28401.0,29.24,1130.0,29.25,27203.0
1753531632382,12:07:12.382,BSV/USDT:USDT,29.22,1030.0,29.21,28401.0,29.24,1130.0,29.25,27203.0
1753531633439,12:07:13.439,BSV/USDT:USDT,29.22,1030.0,29.21,28401.0,29.24,1130.0,29.25,27203.0
1753531634131,12:07:14.131,BSV/USDT:USDT,29.22,1030.0,29.21,28401.0,29.24,1130.0,29.25,27203.0
1753531634141,12:07:14.141,BSV/USDT:USDT,29.22,1030.0,29.21,28401.0,29.24,1130.0,29.25,27203.0
1753531634901,12:07:14.901,BSV/USDT:USDT,29.21,28401.0,29.2,94678.0,29.24,1102.0,29.25,27203.0
1753531634980,12:07:14.980,BSV/USDT:USDT,29.22,41.0,29.21,28401.0,29.23,18.0,29.24,1074.0
1753531635093,12:07:15.093,BSV/USDT:USDT,29.22,41.0,29.21,28401.0,29.23,18.0,29.24,1074.0
1753531635220,12:07:15.220,BSV/USDT:USDT,29.22,41.0,29.21,28401.0,29.23,18.0,29.24,1074.0
1753531636617,12:07:16.617,BSV/USDT:USDT,29.22,41.0,29.21,28401.0,29.23,18.0,29.24,1074.0
1753531636843,12:07:16.843,BSV/USDT:USDT,29.22,41.0,29.21,28401.0,29.23,18.0,29.24,1074.0
1753531637010,12:07:17.010,BSV/USDT:USDT,29.22,41.0,29.21,28401.0,29.23,18.0,29.24,1074.0
1753531641168,12:07:21.168,BSV/USDT:USDT,29.22,69.0,29.21,28401.0,29.23,18.0,29.24,1074.0
1753531642641,12:07:22.641,BSV/USDT:USDT,29.22,69.0,29.21,28401.0,29.23,18.0,29.24,1074.0
1753531644448,12:07:24.448,BSV/USDT:USDT,29.22,41.0,29.21,28401.0,29.23,18.0,29.24,1074.0
1753531646512,12:07:26.512,BSV/USDT:USDT,29.22,41.0,29.21,28401.0,29.23,18.0,29.24,1074.0
1753531646784,12:07:26.784,BSV/USDT:USDT,29.22,13.0,29.21,28401.0,29.23,18.0,29.24,1074.0
1753531646880,12:07:26.880,BSV/USDT:USDT,29.22,41.0,29.21,28401.0,29.23,18.0,29.24,1074.0
1753531647119,12:07:27.119,BSV/USDT:USDT,29.22,13.0,29.21,28401.0,29.23,18.0,29.24,1074.0
1753531647141,12:07:27.141,BSV/USDT:USDT,29.22,13.0,29.21,28401.0,29.23,18.0,29.24,1074.0
1753531647240,12:07:27.240,BSV/USDT:USDT,29.22,13.0,29.21,28401.0,29.23,18.0,29.24,1074.0
1753531649360,12:07:29.360,BSV/USDT:USDT,29.22,13.0,29.21,28401.0,29.23,18.0,29.24,1074.0
1753531649771,12:07:29.771,BSV/USDT:USDT,29.22,13.0,29.21,28401.0,29.23,46.0,29.24,4586.0
1753531649842,12:07:29.842,BSV/USDT:USDT,29.22,13.0,29.21,28401.0,29.23,46.0,29.24,4586.0
1753531650307,12:07:30.307,BSV/USDT:USDT,29.22,13.0,29.21,28401.0,29.23,74.0,29.24,4586.0
1753531650527,12:07:30.527,BSV/USDT:USDT,29.22,13.0,29.21,1061.0,29.23,74.0,29.24,4586.0
1753531650541,12:07:30.541,BSV/USDT:USDT,29.22,13.0,29.21,1061.0,29.23,74.0,29.24,4586.0
1753531651230,12:07:31.230,BSV/USDT:USDT,29.22,13.0,29.21,1061.0,29.23,74.0,29.24,4586.0
1753531652834,12:07:32.834,BSV/USDT:USDT,29.22,13.0,29.21,1061.0,29.23,74.0,29.24,4586.0
1753531652843,12:07:32.843,BSV/USDT:USDT,29.22,13.0,29.21,1061.0,29.23,74.0,29.24,4586.0
1753531655535,12:07:35.535,BSV/USDT:USDT,29.22,13.0,29.21,1061.0,29.23,1124.0,29.24,4586.0
1753531655620,12:07:35.620,BSV/USDT:USDT,29.22,13.0,29.21,1061.0,29.23,1124.0,29.24,4586.0
1753531656119,12:07:36.119,BSV/USDT:USDT,29.22,13.0,29.21,1061.0,29.23,1124.0,29.24,21836.0
1753531656630,12:07:36.630,BSV/USDT:USDT,29.22,13.0,29.2,28478.0,29.23,1124.0,29.24,21836.0
1753531656652,12:07:36.652,BSV/USDT:USDT,29.21,13.0,29.2,28478.0,29.23,1124.0,29.24,21836.0
1753531656755,12:07:36.755,BSV/USDT:USDT,29.21,13.0,29.2,28478.0,29.23,1106.0,29.24,21836.0
1753531657072,12:07:37.072,BSV/USDT:USDT,29.21,13.0,29.2,28478.0,29.23,1106.0,29.24,21836.0
1753531657466,12:07:37.466,BSV/USDT:USDT,29.21,13.0,29.2,28478.0,29.23,1106.0,29.24,21836.0
1753531660719,12:07:40.719,BSV/USDT:USDT,29.21,13.0,29.2,28478.0,29.23,1106.0,29.24,21836.0
1753531661118,12:07:41.118,BSV/USDT:USDT,29.21,13.0,29.2,28478.0,29.23,1106.0,29.24,21836.0
1753531662207,12:07:42.207,BSV/USDT:USDT,29.21,13.0,29.2,28478.0,29.23,1106.0,29.24,21836.0
1753531666413,12:07:46.413,BSV/USDT:USDT,29.21,1069.0,29.2,28478.0,29.23,1106.0,29.24,21836.0
1753531666450,12:07:46.450,BSV/USDT:USDT,29.21,1056.0,29.2,28478.0,29.23,1106.0,29.24,21836.0
1753531667123,12:07:47.123,BSV/USDT:USDT,29.2,28478.0,29.19,97436.0,29.23,1078.0,29.24,21836.0
1753531667207,12:07:47.207,BSV/USDT:USDT,29.2,28478.0,29.19,92404.0,29.23,1078.0,29.24,86736.0
1753531667428,12:07:47.428,BSV/USDT:USDT,29.21,13.0,29.2,28506.0,29.22,18.0,29.23,1078.0
1753531667564,12:07:47.564,BSV/USDT:USDT,29.21,13.0,29.2,28506.0,29.22,18.0,29.23,1078.0
1753531667930,12:07:47.930,BSV/USDT:USDT,29.21,13.0,29.2,6.0,29.22,1130.0,29.23,1050.0
1753531668019,12:07:48.019,BSV/USDT:USDT,29.2,19.0,29.19,6080.0,29.22,1130.0,29.23,17073.0
1753531668119,12:07:48.119,BSV/USDT:USDT,29.2,19.0,29.19,6080.0,29.22,1112.0,29.23,84874.0
1753531668227,12:07:48.227,BSV/USDT:USDT,29.2,19.0,29.19,6080.0,29.22,1112.0,29.23,84874.0
1753531668330,12:07:48.330,BSV/USDT:USDT,29.2,19.0,29.19,6080.0,29.22,1112.0,29.23,84874.0
1753531668341,12:07:48.341,BSV/USDT:USDT,29.2,19.0,29.19,6080.0,29.22,1112.0,29.23,84874.0
1753531668720,12:07:48.720,BSV/USDT:USDT,29.2,19.0,29.19,6080.0,29.22,1112.0,29.23,84874.0
1753531668790,12:07:48.790,BSV/USDT:USDT,29.2,19.0,29.19,6080.0,29.22,1112.0,29.23,84874.0
1753531669034,12:07:49.034,BSV/USDT:USDT,29.2,19.0,29.19,6080.0,29.22,1112.0,29.23,84846.0
1753531669219,12:07:49.219,BSV/USDT:USDT,29.2,19.0,29.19,2123.0,29.22,1112.0,29.23,84846.0
1753531670910,12:07:50.910,BSV/USDT:USDT,29.2,19.0,29.19,2123.0,29.22,1112.0,29.23,84846.0
1753531671552,12:07:51.552,BSV/USDT:USDT,29.2,19.0,29.19,2123.0,29.22,1112.0,29.23,84846.0
1753531671876,12:07:51.876,BSV/USDT:USDT,29.2,671.0,29.19,2123.0,29.22,1112.0,29.23,84846.0
1753531672105,12:07:52.105,BSV/USDT:USDT,29.2,671.0,29.19,2623.0,29.22,1112.0,29.23,84846.0
1753531672920,12:07:52.920,BSV/USDT:USDT,29.2,1466.0,29.19,2623.0,29.22,1112.0,29.23,84846.0
1753531672943,12:07:52.943,BSV/USDT:USDT,29.2,1453.0,29.19,2623.0,29.22,1112.0,29.23,84846.0
1753531673483,12:07:53.483,BSV/USDT:USDT,29.21,795.0,29.2,658.0,29.22,56.0,29.23,84846.0
1753531673555,12:07:53.555,BSV/USDT:USDT,29.2,671.0,29.19,3418.0,29.22,74.0,29.23,84846.0
1753531673712,12:07:53.712,BSV/USDT:USDT,29.21,795.0,29.2,671.0,29.22,74.0,29.23,84846.0
1753531673820,12:07:53.820,BSV/USDT:USDT,29.2,671.0,29.19,2623.0,29.22,74.0,29.23,84846.0
1753531673917,12:07:53.917,BSV/USDT:USDT,29.21,795.0,29.2,671.0,29.22,74.0,29.23,84846.0
1753531673980,12:07:53.980,BSV/USDT:USDT,29.2,671.0,29.19,2623.0,29.22,74.0,29.23,84846.0
1753531675592,12:07:55.592,BSV/USDT:USDT,29.2,671.0,29.19,2623.0,29.22,74.0,29.23,84846.0
1753531675718,12:07:55.718,BSV/USDT:USDT,29.2,1466.0,29.19,2623.0,29.22,74.0,29.23,84846.0
1753531675832,12:07:55.832,BSV/USDT:USDT,29.2,658.0,29.19,3418.0,29.22,74.0,29.23,84846.0
1753531675843,12:07:55.843,BSV/USDT:USDT,29.2,671.0,29.19,3418.0,29.22,74.0,29.23,84846.0
1753531676108,12:07:56.108,BSV/USDT:USDT,29.2,1466.0,29.19,2623.0,29.22,74.0,29.23,84846.0
1753531676209,12:07:56.209,BSV/USDT:USDT,29.2,658.0,29.19,2623.0,29.22,74.0,29.23,84846.0
1753531676277,12:07:56.277,BSV/USDT:USDT,29.2,1466.0,29.19,2623.0,29.22,74.0,29.23,84846.0
1753531676343,12:07:56.343,BSV/USDT:USDT,29.2,1453.0,29.19,2623.0,29.22,74.0,29.23,84846.0
1753531676613,12:07:56.613,BSV/USDT:USDT,29.2,1453.0,29.19,2623.0,29.22,74.0,29.23,84846.0
1753531676791,12:07:56.791,BSV/USDT:USDT,29.2,1453.0,29.19,2623.0,29.22,74.0,29.23,84846.0
1753531676899,12:07:56.899,BSV/USDT:USDT,29.2,658.0,29.19,2623.0,29.22,74.0,29.23,84846.0
1753531677026,12:07:57.026,BSV/USDT:USDT,29.2,671.0,29.19,2623.0,29.22,74.0,29.23,84846.0
1753531677951,12:07:57.951,BSV/USDT:USDT,29.2,671.0,29.19,2623.0,29.22,74.0,29.23,84846.0
1753531678347,12:07:58.347,BSV/USDT:USDT,29.2,671.0,29.19,2623.0,29.22,1143.0,29.23,84846.0
1753531678521,12:07:58.521,BSV/USDT:USDT,29.2,671.0,29.19,2623.0,29.22,1125.0,29.23,84846.0
1753531678575,12:07:58.575,BSV/USDT:USDT,29.2,671.0,29.19,2623.0,29.22,1125.0,29.23,84846.0
1753531678741,12:07:58.741,BSV/USDT:USDT,29.2,671.0,29.19,2623.0,29.22,1125.0,29.23,84846.0
1753531679590,12:07:59.590,BSV/USDT:USDT,29.2,671.0,29.19,1569.0,29.22,1125.0,29.23,84846.0
1753531679700,12:07:59.700,BSV/USDT:USDT,29.2,699.0,29.19,1569.0,29.22,1125.0,29.23,84846.0
1753531679826,12:07:59.826,BSV/USDT:USDT,29.2,658.0,29.19,1569.0,29.22,1125.0,29.23,84846.0
1753531679888,12:07:59.888,BSV/USDT:USDT,29.2,699.0,29.19,1569.0,29.22,1125.0,29.23,84846.0
1753531679990,12:07:59.990,BSV/USDT:USDT,29.2,686.0,29.19,1569.0,29.22,1125.0,29.23,84846.0
1753531680114,12:08:00.114,BSV/USDT:USDT,29.2,686.0,29.19,1569.0,29.22,1069.0,29.23,84846.0
1753531680185,12:08:00.185,BSV/USDT:USDT,29.2,686.0,29.19,1569.0,29.22,1097.0,29.23,84846.0
1753531680660,12:08:00.660,BSV/USDT:USDT,29.2,658.0,29.19,2623.0,29.22,1125.0,29.23,84846.0
1753531680746,12:08:00.746,BSV/USDT:USDT,29.2,699.0,29.19,2623.0,29.22,1125.0,29.23,84846.0
1753531680843,12:08:00.843,BSV/USDT:USDT,29.2,686.0,29.19,2623.0,29.22,1125.0,29.23,84846.0
1753531681189,12:08:01.189,BSV/USDT:USDT,29.2,658.0,29.19,2623.0,29.22,1125.0,29.23,84846.0
1753531681245,12:08:01.245,BSV/USDT:USDT,29.2,671.0,29.19,2623.0,29.22,1125.0,29.23,84846.0
1753531682519,12:08:02.519,BSV/USDT:USDT,29.2,671.0,29.19,10624.0,29.22,1125.0,29.23,84846.0
1753531682632,12:08:02.632,BSV/USDT:USDT,29.21,1029.0,29.2,1199.0,29.24,5133.0,29.25,2675.0
1753531682720,12:08:02.720,BSV/USDT:USDT,29.22,13.0,29.21,1029.0,29.23,18.0,29.24,26555.0
1753531682820,12:08:02.820,BSV/USDT:USDT,29.22,13.0,29.21,1029.0,29.23,18.0,29.24,26555.0
1753531682934,12:08:02.934,BSV/USDT:USDT,29.22,13.0,29.21,6784.0,29.23,18.0,29.24,26555.0
1753531682959,12:08:02.959,BSV/USDT:USDT,29.22,13.0,29.21,6784.0,29.23,18.0,29.24,26555.0
1753531683711,12:08:03.711,BSV/USDT:USDT,29.22,13.0,29.21,6784.0,29.23,18.0,29.24,26555.0
1753531684125,12:08:04.125,BSV/USDT:USDT,29.22,13.0,29.21,1029.0,29.23,18.0,29.24,26555.0
1753531685250,12:08:05.250,BSV/USDT:USDT,29.22,13.0,29.21,1029.0,29.23,18.0,29.24,26555.0
1753531686719,12:08:06.719,BSV/USDT:USDT,29.22,13.0,29.21,1029.0,29.23,18.0,29.24,26555.0
1753531686774,12:08:06.774,BSV/USDT:USDT,29.22,13.0,29.21,1029.0,29.23,18.0,29.24,26555.0
1753531687322,12:08:07.322,BSV/USDT:USDT,29.22,13.0,29.21,1029.0,29.23,18.0,29.24,26555.0
1753531687419,12:08:07.419,BSV/USDT:USDT,29.22,13.0,29.21,1029.0,29.23,18.0,29.24,26555.0
1753531687660,12:08:07.660,BSV/USDT:USDT,29.22,13.0,29.21,1029.0,29.23,46.0,29.24,26555.0
1753531687976,12:08:07.976,BSV/USDT:USDT,29.22,13.0,29.21,1029.0,29.23,46.0,29.24,26555.0
1753531688610,12:08:08.610,BSV/USDT:USDT,29.22,13.0,29.21,1029.0,29.23,46.0,29.24,26555.0
1753531688667,12:08:08.667,BSV/USDT:USDT,29.22,13.0,29.21,1029.0,29.23,46.0,29.24,26555.0
1753531688952,12:08:08.952,BSV/USDT:USDT,29.22,13.0,29.21,1029.0,29.23,46.0,29.24,26555.0
1753531689050,12:08:09.050,BSV/USDT:USDT,29.22,13.0,29.21,1029.0,29.23,46.0,29.24,26555.0
1753531689319,12:08:09.319,BSV/USDT:USDT,29.22,13.0,29.21,1029.0,29.23,46.0,29.24,26555.0
1753531689340,12:08:09.340,BSV/USDT:USDT,29.22,13.0,29.21,1029.0,29.23,46.0,29.24,26555.0
1753531690006,12:08:10.006,BSV/USDT:USDT,29.22,13.0,29.21,1029.0,29.23,46.0,29.24,26555.0
1753531691784,12:08:11.784,BSV/USDT:USDT,29.22,664.0,29.21,1029.0,29.23,46.0,29.24,26555.0
1753531692593,12:08:12.593,BSV/USDT:USDT,29.22,664.0,29.21,1029.0,29.23,18.0,29.24,26555.0
1753531692968,12:08:12.968,BSV/USDT:USDT,29.22,664.0,29.21,1029.0,29.23,18.0,29.24,26555.0
1753531693543,12:08:13.543,BSV/USDT:USDT,29.22,664.0,29.21,1029.0,29.23,18.0,29.24,26555.0
1753531693859,12:08:13.859,BSV/USDT:USDT,29.22,664.0,29.21,1029.0,29.23,46.0,29.24,26555.0
1753531694104,12:08:14.104,BSV/USDT:USDT,29.22,664.0,29.21,1029.0,29.23,18.0,29.24,26555.0
1753531699109,12:08:19.109,BSV/USDT:USDT,29.22,664.0,29.21,1029.0,29.23,18.0,29.24,26555.0
1753531699142,12:08:19.142,BSV/USDT:USDT,29.22,664.0,29.21,1029.0,29.23,18.0,29.24,26555.0
1753531699511,12:08:19.511,BSV/USDT:USDT,29.22,664.0,29.21,1029.0,29.23,18.0,29.24,26555.0
1753531700130,12:08:20.130,BSV/USDT:USDT,29.22,664.0,29.21,1029.0,29.23,18.0,29.24,26555.0
1753531700181,12:08:20.181,BSV/USDT:USDT,29.22,664.0,29.21,1029.0,29.23,18.0,29.24,26555.0
1753531702008,12:08:22.008,BSV/USDT:USDT,29.22,13.0,29.21,1029.0,29.23,18.0,29.24,26555.0
1753531703370,12:08:23.370,BSV/USDT:USDT,29.22,13.0,29.21,1029.0,29.23,18.0,29.24,26555.0
1753531703930,12:08:23.930,BSV/USDT:USDT,29.22,13.0,29.21,1029.0,29.23,74.0,29.24,26555.0
1753531704168,12:08:24.168,BSV/USDT:USDT,29.22,13.0,29.21,1029.0,29.23,74.0,29.24,26555.0
1753531704304,12:08:24.304,BSV/USDT:USDT,29.22,13.0,29.21,1029.0,29.23,46.0,29.24,26555.0
1753531706514,12:08:26.514,BSV/USDT:USDT,29.22,13.0,29.21,1029.0,29.23,46.0,29.24,26555.0
1753531706581,12:08:26.581,BSV/USDT:USDT,29.22,13.0,29.21,1029.0,29.23,46.0,29.24,26555.0
1753531706769,12:08:26.769,BSV/USDT:USDT,29.22,13.0,29.21,1029.0,29.23,46.0,29.24,26555.0
1753531707305,12:08:27.305,BSV/USDT:USDT,29.22,13.0,29.21,1029.0,29.23,74.0,29.24,26555.0
1753531708510,12:08:28.510,BSV/USDT:USDT,29.22,13.0,29.21,1029.0,29.23,74.0,29.24,26555.0
1753531709392,12:08:29.392,BSV/USDT:USDT,29.22,13.0,29.21,1029.0,29.23,18.0,29.24,26555.0
1753531709515,12:08:29.515,BSV/USDT:USDT,29.22,13.0,29.21,1029.0,29.23,18.0,29.24,26555.0
1753531709732,12:08:29.732,BSV/USDT:USDT,29.22,13.0,29.21,1029.0,29.23,18.0,29.24,26555.0
1753531710026,12:08:30.026,BSV/USDT:USDT,29.22,13.0,29.21,1029.0,29.23,18.0,29.24,26555.0
1753531710087,12:08:30.087,BSV/USDT:USDT,29.22,13.0,29.21,1029.0,29.23,18.0,29.24,26555.0
1753531710234,12:08:30.234,BSV/USDT:USDT,29.22,13.0,29.21,1029.0,29.23,18.0,29.24,5133.0
1753531710261,12:08:30.261,BSV/USDT:USDT,29.22,13.0,29.21,1029.0,29.23,18.0,29.24,5133.0
1753531710580,12:08:30.580,BSV/USDT:USDT,29.22,13.0,29.21,1029.0,29.23,18.0,29.24,5133.0
1753531711835,12:08:31.835,BSV/USDT:USDT,29.22,41.0,29.21,1029.0,29.23,18.0,29.24,5133.0
1753531711840,12:08:31.840,BSV/USDT:USDT,29.22,13.0,29.21,1029.0,29.23,18.0,29.24,5133.0
1753531712552,12:08:32.552,BSV/USDT:USDT,29.22,13.0,29.21,1029.0,29.23,74.0,29.24,5133.0
1753531713008,12:08:33.008,BSV/USDT:USDT,29.22,13.0,29.21,1029.0,29.23,46.0,29.24,5133.0
1753531713186,12:08:33.186,BSV/USDT:USDT,29.22,13.0,29.21,1029.0,29.23,74.0,29.24,5133.0
1753531713732,12:08:33.732,BSV/USDT:USDT,29.22,13.0,29.21,1029.0,29.23,46.0,29.24,5133.0
1753531714025,12:08:34.025,BSV/USDT:USDT,29.22,13.0,29.21,1029.0,29.23,74.0,29.24,5133.0
1753531714205,12:08:34.205,BSV/USDT:USDT,29.22,13.0,29.21,1029.0,29.23,46.0,29.24,5133.0
1753531714525,12:08:34.525,BSV/USDT:USDT,29.22,13.0,29.21,1029.0,29.23,74.0,29.24,5133.0
1753531714624,12:08:34.624,BSV/USDT:USDT,29.22,13.0,29.21,1029.0,29.23,46.0,29.24,5133.0
1753531715186,12:08:35.186,BSV/USDT:USDT,29.22,13.0,29.21,1029.0,29.23,74.0,29.24,5133.0
1753531715304,12:08:35.304,BSV/USDT:USDT,29.22,13.0,29.21,1029.0,29.23,46.0,29.24,5133.0
1753531715505,12:08:35.505,BSV/USDT:USDT,29.22,13.0,29.21,1029.0,29.23,74.0,29.24,5133.0
1753531718646,12:08:38.646,BSV/USDT:USDT,29.22,13.0,29.21,1029.0,29.23,74.0,29.24,5133.0
1753531719032,12:08:39.032,BSV/USDT:USDT,29.22,13.0,29.2,26136.0,29.23,1149.0,29.24,5133.0
1753531719133,12:08:39.133,BSV/USDT:USDT,29.21,13.0,29.2,26136.0,29.23,1149.0,29.24,5161.0
1753531719206,12:08:39.206,BSV/USDT:USDT,29.21,13.0,29.2,26136.0,29.23,1131.0,29.24,88929.0
1753531720159,12:08:40.159,BSV/USDT:USDT,29.21,13.0,29.2,26136.0,29.23,1131.0,29.24,88901.0
1753531720352,12:08:40.352,BSV/USDT:USDT,29.21,13.0,29.2,26136.0,29.23,1131.0,29.24,88901.0
1753531722617,12:08:42.617,BSV/USDT:USDT,29.21,13.0,29.2,26136.0,29.23,1131.0,29.24,88901.0
1753531722881,12:08:42.881,BSV/USDT:USDT,29.21,13.0,29.2,26136.0,29.23,1131.0,29.24,88901.0
1753531725912,12:08:45.912,BSV/USDT:USDT,29.21,13.0,29.2,26136.0,29.23,1131.0,29.24,88901.0
1753531730130,12:08:50.130,BSV/USDT:USDT,29.21,13.0,29.2,506.0,29.23,1131.0,29.24,88901.0
1753531730144,12:08:50.144,BSV/USDT:USDT,29.2,519.0,29.19,10954.0,29.23,1131.0,29.24,88901.0
1753531730316,12:08:50.316,BSV/USDT:USDT,29.2,547.0,29.19,12828.0,29.22,18.0,29.23,1103.0
1753531730417,12:08:50.417,BSV/USDT:USDT,29.2,547.0,29.19,12828.0,29.22,18.0,29.23,1103.0
1753531733320,12:08:53.320,BSV/USDT:USDT,29.2,547.0,29.19,4370.0,29.22,18.0,29.23,1103.0
1753531733649,12:08:53.649,BSV/USDT:USDT,29.2,547.0,29.19,4370.0,29.22,18.0,29.23,1103.0
1753531734179,12:08:54.179,BSV/USDT:USDT,29.2,575.0,29.19,22885.0,29.22,18.0,29.23,1075.0
1753531739213,12:08:59.213,BSV/USDT:USDT,29.2,575.0,29.19,22885.0,29.22,18.0,29.23,1075.0
1753531739259,12:08:59.259,BSV/USDT:USDT,29.2,575.0,29.19,22885.0,29.22,18.0,29.23,1075.0
1753531739408,12:08:59.408,BSV/USDT:USDT,29.2,547.0,29.19,22885.0,29.22,18.0,29.23,1075.0
1753531739493,12:08:59.493,BSV/USDT:USDT,29.2,547.0,29.19,22885.0,29.22,18.0,29.23,1075.0
1753531739670,12:08:59.670,BSV/USDT:USDT,29.2,547.0,29.19,22885.0,29.22,18.0,29.23,1075.0
1753531740401,12:09:00.401,BSV/USDT:USDT,29.2,547.0,29.19,22885.0,29.22,18.0,29.23,1075.0
1753531741426,12:09:01.426,BSV/USDT:USDT,29.2,519.0,29.19,22885.0,29.22,18.0,29.23,1075.0
1753531741659,12:09:01.659,BSV/USDT:USDT,29.2,519.0,29.19,22885.0,29.22,18.0,29.23,1075.0
1753531741829,12:09:01.829,BSV/USDT:USDT,29.2,519.0,29.19,22885.0,29.22,18.0,29.23,1075.0
1753531741919,12:09:01.919,BSV/USDT:USDT,29.2,519.0,29.19,22885.0,29.22,18.0,29.23,1075.0
1753531741941,12:09:01.941,BSV/USDT:USDT,29.2,519.0,29.19,22885.0,29.22,18.0,29.23,1075.0
1753531743336,12:09:03.336,BSV/USDT:USDT,29.21,1027.0,29.2,575.0,29.22,18.0,29.23,1075.0
1753531743380,12:09:03.380,BSV/USDT:USDT,29.21,1083.0,29.2,519.0,29.22,18.0,29.23,1075.0
1753531743749,12:09:03.749,BSV/USDT:USDT,29.21,1083.0,29.2,519.0,29.22,18.0,29.23,1075.0
1753531748800,12:09:08.800,BSV/USDT:USDT,29.21,1083.0,29.2,519.0,29.22,18.0,29.23,1075.0
1753531748841,12:09:08.841,BSV/USDT:USDT,29.21,1083.0,29.2,519.0,29.22,18.0,29.23,1075.0
1753531750571,12:09:10.571,BSV/USDT:USDT,29.21,1083.0,29.2,519.0,29.22,18.0,29.23,1075.0
1753531752024,12:09:12.024,BSV/USDT:USDT,29.21,1083.0,29.2,519.0,29.22,18.0,29.23,1075.0
1753531752293,12:09:12.293,BSV/USDT:USDT,29.21,1083.0,29.2,519.0,29.22,18.0,29.23,1075.0
1753531752719,12:09:12.719,BSV/USDT:USDT,29.21,1055.0,29.2,1791.0,29.22,18.0,29.23,1075.0
1753531757815,12:09:17.815,BSV/USDT:USDT,29.21,1055.0,29.2,1791.0,29.22,18.0,29.23,1075.0
1753531757861,12:09:17.861,BSV/USDT:USDT,29.21,1055.0,29.2,1791.0,29.22,18.0,29.23,1075.0
1753531758917,12:09:18.917,BSV/USDT:USDT,29.21,1055.0,29.2,1791.0,29.22,18.0,29.23,1075.0
1753531758955,12:09:18.955,BSV/USDT:USDT,29.21,1027.0,29.2,1791.0,29.22,18.0,29.23,1075.0
1753531759870,12:09:19.870,BSV/USDT:USDT,29.2,1847.0,29.19,25555.0,29.22,18.0,29.23,1075.0
1753531759943,12:09:19.943,BSV/USDT:USDT,29.2,1834.0,29.19,25555.0,29.22,18.0,29.23,1075.0
1753531760189,12:09:20.189,BSV/USDT:USDT,29.2,1834.0,29.19,25555.0,29.22,18.0,29.23,1075.0
1753531760771,12:09:20.771,BSV/USDT:USDT,29.2,1834.0,29.19,25555.0,29.22,18.0,29.23,1075.0
1753531760887,12:09:20.887,BSV/USDT:USDT,29.2,1834.0,29.19,25555.0,29.22,18.0,29.23,1075.0
1753531760979,12:09:20.979,BSV/USDT:USDT,29.2,1834.0,29.19,25555.0,29.22,18.0,29.23,1075.0
1753531761419,12:09:21.419,BSV/USDT:USDT,29.2,1834.0,29.19,25555.0,29.22,18.0,29.23,1075.0
1753531761600,12:09:21.600,BSV/USDT:USDT,29.2,1834.0,29.19,25555.0,29.22,18.0,29.23,1075.0
1753531761808,12:09:21.808,BSV/USDT:USDT,29.2,2484.0,29.19,25555.0,29.22,18.0,29.23,1075.0
1753531761908,12:09:21.908,BSV/USDT:USDT,29.2,2484.0,29.19,25555.0,29.22,18.0,29.23,1075.0
1753531762330,12:09:22.330,BSV/USDT:USDT,29.2,2484.0,29.19,25555.0,29.22,18.0,29.23,1075.0
1753531762976,12:09:22.976,BSV/USDT:USDT,29.2,2484.0,29.19,25555.0,29.22,18.0,29.23,1075.0
1753531763139,12:09:23.139,BSV/USDT:USDT,29.2,2484.0,29.19,25555.0,29.22,18.0,29.23,1075.0
1753531764725,12:09:24.725,BSV/USDT:USDT,29.2,1184.0,29.19,1569.0,29.22,18.0,29.23,1075.0
1753531764797,12:09:24.797,BSV/USDT:USDT,29.2,1212.0,29.19,6477.0,29.22,18.0,29.23,1075.0
1753531764899,12:09:24.899,BSV/USDT:USDT,29.2,1212.0,29.19,30513.0,29.22,18.0,29.23,1075.0
1753531765019,12:09:25.019,BSV/USDT:USDT,29.2,1212.0,29.19,30513.0,29.22,18.0,29.23,1075.0
1753531765380,12:09:25.380,BSV/USDT:USDT,29.2,1184.0,29.19,30513.0,29.22,18.0,29.23,1075.0
1753531765699,12:09:25.699,BSV/USDT:USDT,29.2,2844.0,29.19,30513.0,29.22,18.0,29.23,1075.0
1753531765759,12:09:25.759,BSV/USDT:USDT,29.2,1212.0,29.19,30513.0,29.22,18.0,29.23,1075.0
1753531767908,12:09:27.908,BSV/USDT:USDT,29.2,1212.0,29.19,30513.0,29.22,18.0,29.23,1075.0
1753531767985,12:09:27.985,BSV/USDT:USDT,29.2,1212.0,29.19,30513.0,29.22,18.0,29.23,1075.0
1753531768105,12:09:28.105,BSV/USDT:USDT,29.2,1212.0,29.19,30513.0,29.22,18.0,29.23,1075.0
1753531768213,12:09:28.213,BSV/USDT:USDT,29.2,1212.0,29.19,30513.0,29.22,18.0,29.23,1075.0
1753531768311,12:09:28.311,BSV/USDT:USDT,29.2,1212.0,29.19,30513.0,29.22,18.0,29.23,1075.0
1753531768766,12:09:28.766,BSV/USDT:USDT,29.2,1212.0,29.19,30513.0,29.22,18.0,29.23,1075.0
1753531768916,12:09:28.916,BSV/USDT:USDT,29.2,1212.0,29.19,30513.0,29.22,18.0,29.23,1075.0
1753531770264,12:09:30.264,BSV/USDT:USDT,29.2,1212.0,29.19,30513.0,29.22,18.0,29.23,1075.0
1753531770455,12:09:30.455,BSV/USDT:USDT,29.2,1212.0,29.19,30513.0,29.22,18.0,29.23,1075.0
1753531772087,12:09:32.087,BSV/USDT:USDT,29.2,1212.0,29.19,30513.0,29.22,18.0,29.23,1103.0
1753531772166,12:09:32.166,BSV/USDT:USDT,29.2,1212.0,29.19,30513.0,29.22,18.0,29.23,1103.0
1753531772630,12:09:32.630,BSV/USDT:USDT,29.2,1212.0,29.19,30513.0,29.22,18.0,29.23,1103.0
1753531772918,12:09:32.918,BSV/USDT:USDT,29.2,1212.0,29.19,30513.0,29.22,18.0,29.23,1103.0
1753531773021,12:09:33.021,BSV/USDT:USDT,29.2,1184.0,29.19,4845.0,29.22,1088.0,29.23,1103.0
1753531773116,12:09:33.116,BSV/USDT:USDT,29.2,684.0,29.19,1569.0,29.22,1075.0,29.23,1075.0
1753531773214,12:09:33.214,BSV/USDT:USDT,29.2,656.0,29.19,1569.0,29.22,1103.0,29.23,1075.0
1753531773321,12:09:33.321,BSV/USDT:USDT,29.2,669.0,29.19,1569.0,29.22,1103.0,29.23,1075.0
1753531773433,12:09:33.433,BSV/USDT:USDT,29.2,669.0,29.19,5977.0,29.22,1103.0,29.23,1075.0
1753531773535,12:09:33.535,BSV/USDT:USDT,29.19,1078.0,29.17,2701.0,29.21,1098.0,29.22,1075.0
1753531773636,12:09:33.636,BSV/USDT:USDT,29.18,1070.0,29.17,84921.0,29.2,84.0,29.21,1098.0
1753531773720,12:09:33.720,BSV/USDT:USDT,29.18,25310.0,29.17,84921.0,29.2,84.0,29.21,1070.0
1753531773824,12:09:33.824,BSV/USDT:USDT,29.18,25310.0,29.17,84921.0,29.2,84.0,29.21,1070.0
1753531773908,12:09:33.908,BSV/USDT:USDT,29.18,25338.0,29.17,84921.0,29.2,84.0,29.21,1070.0
1753531774009,12:09:34.009,BSV/USDT:USDT,29.18,25338.0,29.17,84921.0,29.2,98.0,29.21,1070.0
1753531774080,12:09:34.080,BSV/USDT:USDT,29.19,1098.0,29.18,25310.0,29.2,114.0,29.21,1070.0
1753531774139,12:09:34.139,BSV/USDT:USDT,29.19,1098.0,29.18,25310.0,29.2,114.0,29.21,1070.0
1753531774650,12:09:34.650,BSV/USDT:USDT,29.19,1070.0,29.18,25310.0,29.2,114.0,29.21,1070.0
1753531774894,12:09:34.894,BSV/USDT:USDT,29.19,1070.0,29.18,25282.0,29.2,114.0,29.21,1070.0
1753531775028,12:09:35.028,BSV/USDT:USDT,29.19,1098.0,29.18,25282.0,29.2,114.0,29.21,1070.0
1753531775041,12:09:35.041,BSV/USDT:USDT,29.19,1070.0,29.18,25282.0,29.2,114.0,29.21,1070.0
1753531775140,12:09:35.140,BSV/USDT:USDT,29.19,1070.0,29.18,25282.0,29.2,114.0,29.21,1070.0
1753531775930,12:09:35.930,BSV/USDT:USDT,29.19,1098.0,29.18,25282.0,29.2,114.0,29.21,1070.0
1753531776011,12:09:36.011,BSV/USDT:USDT,29.19,1098.0,29.18,25282.0,29.2,114.0,29.22,4582.0
1753531776096,12:09:36.096,BSV/USDT:USDT,29.19,1098.0,29.18,25282.0,29.2,84.0,29.21,30.0
1753531776555,12:09:36.555,BSV/USDT:USDT,29.19,1098.0,29.18,25282.0,29.2,84.0,29.21,30.0
1753531776638,12:09:36.638,BSV/USDT:USDT,29.19,1098.0,29.18,25282.0,29.2,84.0,29.21,30.0
1753531776779,12:09:36.779,BSV/USDT:USDT,29.19,1098.0,29.18,25282.0,29.2,84.0,29.21,30.0
1753531776869,12:09:36.869,BSV/USDT:USDT,29.19,1098.0,29.18,25282.0,29.2,84.0,29.21,30.0
1753531777231,12:09:37.231,BSV/USDT:USDT,29.19,1126.0,29.18,25282.0,29.2,84.0,29.21,30.0
1753531777415,12:09:37.415,BSV/USDT:USDT,29.19,1126.0,29.18,25282.0,29.2,84.0,29.21,30.0
1753531777552,12:09:37.552,BSV/USDT:USDT,29.19,1126.0,29.18,25282.0,29.2,84.0,29.21,30.0
1753531778782,12:09:38.782,BSV/USDT:USDT,29.19,1126.0,29.18,25282.0,29.2,84.0,29.21,30.0
1753531780031,12:09:40.031,BSV/USDT:USDT,29.2,1046.0,29.19,1598.0,29.21,30.0,29.22,3512.0
1753531780064,12:09:40.064,BSV/USDT:USDT,29.2,1046.0,29.19,1598.0,29.21,30.0,29.22,3512.0
1753531780143,12:09:40.143,BSV/USDT:USDT,29.2,1046.0,29.19,1598.0,29.21,30.0,29.22,3512.0
1753531780402,12:09:40.402,BSV/USDT:USDT,29.2,1074.0,29.19,2945.0,29.21,30.0,29.23,85228.0
1753531780446,12:09:40.446,BSV/USDT:USDT,29.2,1074.0,29.19,2945.0,29.22,30.0,29.23,85228.0
1753531781519,12:09:41.519,BSV/USDT:USDT,29.2,1074.0,29.19,2945.0,29.22,30.0,29.23,85228.0
1753531781612,12:09:41.612,BSV/USDT:USDT,29.2,1074.0,29.19,2945.0,29.22,30.0,29.23,85228.0
1753531782519,12:09:42.519,BSV/USDT:USDT,29.2,1102.0,29.19,20495.0,29.22,30.0,29.23,85228.0
1753531785460,12:09:45.460,BSV/USDT:USDT,29.2,1102.0,29.19,28004.0,29.22,30.0,29.23,85228.0
1753531787233,12:09:47.233,BSV/USDT:USDT,29.2,1102.0,29.19,28004.0,29.22,58.0,29.23,85228.0
1753531787620,12:09:47.620,BSV/USDT:USDT,29.2,1102.0,29.19,28004.0,29.22,30.0,29.23,85228.0
1753531787940,12:09:47.940,BSV/USDT:USDT,29.2,1102.0,29.19,28004.0,29.22,30.0,29.23,85228.0
1753531789205,12:09:49.205,BSV/USDT:USDT,29.2,1102.0,29.19,28004.0,29.22,58.0,29.23,85228.0
1753531789665,12:09:49.665,BSV/USDT:USDT,29.2,1102.0,29.19,28004.0,29.22,30.0,29.23,85228.0
1753531790595,12:09:50.595,BSV/USDT:USDT,29.2,1102.0,29.19,28004.0,29.22,58.0,29.23,85228.0
1753531791460,12:09:51.460,BSV/USDT:USDT,29.2,1046.0,29.19,28004.0,29.22,58.0,29.23,85228.0
1753531791546,12:09:51.546,BSV/USDT:USDT,29.2,1102.0,29.19,28004.0,29.22,30.0,29.23,85228.0
1753531791722,12:09:51.722,BSV/USDT:USDT,29.2,1102.0,29.19,28004.0,29.22,30.0,29.23,1632.0
1753531791883,12:09:51.883,BSV/USDT:USDT,29.2,1102.0,29.19,28004.0,29.22,30.0,29.23,1632.0
1753531791976,12:09:51.976,BSV/USDT:USDT,29.2,1102.0,29.19,28004.0,29.22,30.0,29.23,1632.0
1753531792506,12:09:52.506,BSV/USDT:USDT,29.2,1102.0,29.19,28004.0,29.22,30.0,29.23,1632.0
1753531792559,12:09:52.559,BSV/USDT:USDT,29.2,1102.0,29.19,28004.0,29.22,30.0,29.23,1632.0
1753531793126,12:09:53.126,BSV/USDT:USDT,29.19,28004.0,29.18,97122.0,29.22,1134.0,29.23,1632.0
1753531793202,12:09:53.202,BSV/USDT:USDT,29.19,28004.0,29.18,90781.0,29.22,1134.0,29.23,1632.0
1753531793331,12:09:53.331,BSV/USDT:USDT,29.19,28004.0,29.18,90781.0,29.22,1134.0,29.23,20637.0
1753531793380,12:09:53.380,BSV/USDT:USDT,29.19,28004.0,29.18,90781.0,29.22,1134.0,29.23,85442.0
1753531794030,12:09:54.030,BSV/USDT:USDT,29.19,28004.0,29.18,90781.0,29.22,1134.0,29.23,85442.0
1753531794208,12:09:54.208,BSV/USDT:USDT,29.19,28004.0,29.18,90781.0,29.22,1134.0,29.23,85442.0
1753531795564,12:09:55.564,BSV/USDT:USDT,29.19,28004.0,29.18,90781.0,29.22,1134.0,29.23,85442.0
1753531796382,12:09:56.382,BSV/USDT:USDT,29.19,28004.0,29.18,90781.0,29.22,1134.0,29.23,85442.0
1753531796482,12:09:56.482,BSV/USDT:USDT,29.19,28004.0,29.18,90781.0,29.22,1134.0,29.23,85442.0
1753531796607,12:09:56.607,BSV/USDT:USDT,29.19,28004.0,29.18,90781.0,29.22,1134.0,29.23,85442.0
1753531796690,12:09:56.690,BSV/USDT:USDT,29.19,28004.0,29.18,90781.0,29.22,1134.0,29.23,85442.0
1753531797031,12:09:57.031,BSV/USDT:USDT,29.19,28004.0,29.18,90781.0,29.22,1134.0,29.23,85442.0
1753531797117,12:09:57.117,BSV/USDT:USDT,29.19,28004.0,29.18,90781.0,29.22,1134.0,29.23,85442.0
1753531797348,12:09:57.348,BSV/USDT:USDT,29.19,28004.0,29.18,90781.0,29.22,1134.0,29.23,85442.0
1753531798326,12:09:58.326,BSV/USDT:USDT,29.19,28004.0,29.18,93451.0,29.22,1134.0,29.23,85442.0
1753531798436,12:09:58.436,BSV/USDT:USDT,29.2,1048.0,29.19,28004.0,29.22,1134.0,29.23,85442.0
1753531798444,12:09:58.444,BSV/USDT:USDT,29.2,1048.0,29.19,28004.0,29.22,1104.0,29.23,85442.0
1753531798627,12:09:58.627,BSV/USDT:USDT,29.2,1104.0,29.19,28004.0,29.22,1048.0,29.23,85442.0
1753531798701,12:09:58.701,BSV/USDT:USDT,29.2,1104.0,29.19,28004.0,29.22,1048.0,29.23,85442.0
1753531798756,12:09:58.756,BSV/USDT:USDT,29.2,1104.0,29.19,28004.0,29.22,1048.0,29.23,85442.0
1753531799918,12:09:59.918,BSV/USDT:USDT,29.2,1076.0,29.19,28004.0,29.22,1048.0,29.23,84885.0
1753531800279,12:10:00.279,BSV/USDT:USDT,29.2,1076.0,29.19,28004.0,29.23,2707.0,29.24,87270.0
1753531800352,12:10:00.352,BSV/USDT:USDT,29.2,1102.0,29.19,28004.0,29.22,30.0,29.23,2707.0
1753531800797,12:10:00.797,BSV/USDT:USDT,29.2,1102.0,29.19,28004.0,29.22,30.0,29.23,2707.0
1753531802516,12:10:02.516,BSV/USDT:USDT,29.21,1043.0,29.2,2348.0,29.22,30.0,29.23,1075.0
1753531802635,12:10:02.635,BSV/USDT:USDT,29.22,1043.0,29.21,1595.0,29.24,1608.0,29.25,2675.0
1753531802733,12:10:02.733,BSV/USDT:USDT,29.22,1095.0,29.21,2936.0,29.24,1102.0,29.25,2675.0
1753531802759,12:10:02.759,BSV/USDT:USDT,29.22,1095.0,29.21,8630.0,29.24,1102.0,29.25,2675.0
1753531803186,12:10:03.186,BSV/USDT:USDT,29.22,1095.0,29.21,26682.0,29.24,1102.0,29.25,2675.0
1753531803239,12:10:03.239,BSV/USDT:USDT,29.22,1095.0,29.21,26682.0,29.24,1102.0,29.25,2675.0
1753531803623,12:10:03.623,BSV/USDT:USDT,29.22,1095.0,29.21,26682.0,29.24,1102.0,29.25,2675.0
1753531803727,12:10:03.727,BSV/USDT:USDT,29.22,1095.0,29.21,26682.0,29.24,1074.0,29.25,2675.0
1753531803921,12:10:03.921,BSV/USDT:USDT,29.22,1095.0,29.21,26682.0,29.24,1074.0,29.25,2675.0
1753531804337,12:10:04.337,BSV/USDT:USDT,29.22,1095.0,29.21,26682.0,29.25,2675.0,29.26,87830.0
1753531804429,12:10:04.429,BSV/USDT:USDT,29.23,28.0,29.22,1095.0,29.24,2.0,29.25,2675.0
1753531804440,12:10:04.440,BSV/USDT:USDT,29.23,28.0,29.22,1095.0,29.24,2.0,29.25,2675.0
1753531804627,12:10:04.627,BSV/USDT:USDT,29.23,28.0,29.22,1095.0,29.24,2.0,29.25,2675.0
1753531804678,12:10:04.678,BSV/USDT:USDT,29.23,28.0,29.22,1095.0,29.24,2.0,29.25,2675.0
1753531804743,12:10:04.743,BSV/USDT:USDT,29.23,28.0,29.22,1095.0,29.24,2.0,29.25,2675.0
1753531805935,12:10:05.935,BSV/USDT:USDT,29.23,28.0,29.22,1095.0,29.24,2.0,29.25,2675.0
1753531806739,12:10:06.739,BSV/USDT:USDT,29.23,28.0,29.22,1095.0,29.24,2.0,29.25,2675.0
1753531806966,12:10:06.966,BSV/USDT:USDT,29.23,28.0,29.22,1095.0,29.24,2.0,29.25,2675.0
1753531807386,12:10:07.386,BSV/USDT:USDT,29.23,28.0,29.22,1095.0,29.24,2.0,29.25,2675.0
1753531807548,12:10:07.548,BSV/USDT:USDT,29.23,28.0,29.22,1095.0,29.24,2.0,29.25,2675.0
1753531808282,12:10:08.282,BSV/USDT:USDT,29.23,28.0,29.22,1095.0,29.24,2.0,29.25,2675.0
1753531808410,12:10:08.410,BSV/USDT:USDT,29.23,28.0,29.22,1095.0,29.24,2.0,29.25,2675.0
1753531808630,12:10:08.630,BSV/USDT:USDT,29.23,28.0,29.22,1095.0,29.24,2.0,29.25,2675.0
1753531810695,12:10:10.695,BSV/USDT:USDT,29.23,1072.0,29.22,1095.0,29.24,2.0,29.25,2675.0
1753531810798,12:10:10.798,BSV/USDT:USDT,29.23,1072.0,29.22,1095.0,29.24,2.0,29.25,2675.0
1753531812293,12:10:12.293,BSV/USDT:USDT,29.23,1072.0,29.22,1095.0,29.24,2.0,29.25,2675.0
1753531813036,12:10:13.036,BSV/USDT:USDT,29.23,1098.0,29.22,1069.0,29.24,2.0,29.25,1043.0
1753531813119,12:10:13.119,BSV/USDT:USDT,29.23,1124.0,29.22,2307.0,29.24,2.0,29.25,1043.0
1753531813226,12:10:13.226,BSV/USDT:USDT,29.23,1124.0,29.22,2307.0,29.24,2.0,29.25,1043.0
1753531814475,12:10:14.475,BSV/USDT:USDT,29.23,1124.0,29.22,2307.0,29.24,2.0,29.25,1043.0
1753531814572,12:10:14.572,BSV/USDT:USDT,29.23,1124.0,29.22,2307.0,29.24,2.0,29.25,1043.0
1753531814719,12:10:14.719,BSV/USDT:USDT,29.23,1124.0,29.22,2307.0,29.24,2.0,29.25,1043.0
1753531814739,12:10:14.739,BSV/USDT:USDT,29.23,1124.0,29.22,2307.0,29.24,2.0,29.25,1043.0
1753531814849,12:10:14.849,BSV/USDT:USDT,29.23,1098.0,29.22,1043.0,29.24,2.0,29.25,1043.0
1753531814939,12:10:14.939,BSV/USDT:USDT,29.23,1098.0,29.22,2307.0,29.24,2.0,29.25,1043.0
1753531815101,12:10:15.101,BSV/USDT:USDT,29.23,1098.0,29.22,2307.0,29.24,2.0,29.25,1043.0
1753531815497,12:10:15.497,BSV/USDT:USDT,29.23,1098.0,29.22,2307.0,29.24,2.0,29.25,1043.0
1753531815588,12:10:15.588,BSV/USDT:USDT,29.23,1098.0,29.22,2307.0,29.24,2.0,29.25,1043.0
1753531815946,12:10:15.946,BSV/USDT:USDT,29.23,1098.0,29.22,2307.0,29.24,2.0,29.25,1043.0
1753531816042,12:10:16.042,BSV/USDT:USDT,29.23,1098.0,29.22,2307.0,29.24,2.0,29.25,1043.0
1753531816245,12:10:16.245,BSV/USDT:USDT,29.23,1098.0,29.22,2307.0,29.24,2.0,29.25,1043.0
1753531816605,12:10:16.605,BSV/USDT:USDT,29.23,1072.0,29.22,2307.0,29.24,2.0,29.25,1043.0
1753531817212,12:10:17.212,BSV/USDT:USDT,29.23,1072.0,29.22,2307.0,29.24,2.0,29.25,1043.0
1753531818067,12:10:18.067,BSV/USDT:USDT,29.23,1072.0,29.22,2307.0,29.24,2.0,29.25,1043.0
1753531818314,12:10:18.314,BSV/USDT:USDT,29.23,1072.0,29.22,2307.0,29.24,2.0,29.25,1043.0
1753531819343,12:10:19.343,BSV/USDT:USDT,29.23,1072.0,29.22,2307.0,29.24,2.0,29.25,1043.0
1753531819629,12:10:19.629,BSV/USDT:USDT,29.23,1072.0,29.22,2307.0,29.24,2.0,29.25,1043.0
1753531819695,12:10:19.695,BSV/USDT:USDT,29.23,1072.0,29.22,2307.0,29.24,2.0,29.25,1043.0
1753531820650,12:10:20.650,BSV/USDT:USDT,29.23,28.0,29.22,1043.0,29.24,28.0,29.25,1043.0
1753531820889,12:10:20.889,BSV/USDT:USDT,29.23,28.0,29.22,1043.0,29.24,28.0,29.25,1043.0
1753531821119,12:10:21.119,BSV/USDT:USDT,29.23,28.0,29.22,1043.0,29.24,28.0,29.25,1043.0
1753531822235,12:10:22.235,BSV/USDT:USDT,29.23,28.0,29.22,1043.0,29.24,54.0,29.25,1043.0
1753531823748,12:10:23.748,BSV/USDT:USDT,29.23,28.0,29.22,1043.0,29.24,2.0,29.25,1043.0
1753531823841,12:10:23.841,BSV/USDT:USDT,29.23,28.0,29.22,1043.0,29.24,28.0,29.25,1043.0
1753531825570,12:10:25.570,BSV/USDT:USDT,29.23,28.0,29.22,1043.0,29.24,54.0,29.25,1043.0
1753531825728,12:10:25.728,BSV/USDT:USDT,29.23,28.0,29.22,1043.0,29.24,2.0,29.25,1043.0
1753531825743,12:10:25.743,BSV/USDT:USDT,29.23,28.0,29.22,1043.0,29.24,2.0,29.25,1043.0
1753531825910,12:10:25.910,BSV/USDT:USDT,29.23,28.0,29.22,1043.0,29.24,2.0,29.25,1043.0
1753531826000,12:10:26.000,BSV/USDT:USDT,29.23,54.0,29.22,1043.0,29.24,2.0,29.25,1043.0
1753531826063,12:10:26.063,BSV/USDT:USDT,29.23,28.0,29.22,1043.0,29.24,2.0,29.25,1043.0
1753531827979,12:10:27.979,BSV/USDT:USDT,29.23,28.0,29.22,1043.0,29.24,2.0,29.25,1043.0
1753531829333,12:10:29.333,BSV/USDT:USDT,29.23,28.0,29.22,1043.0,29.24,2.0,29.25,1043.0
1753531829419,12:10:29.419,BSV/USDT:USDT,29.23,28.0,29.22,1043.0,29.24,2.0,29.25,1043.0
1753531829439,12:10:29.439,BSV/USDT:USDT,29.23,28.0,29.22,1043.0,29.24,2.0,29.25,1043.0
1753531830182,12:10:30.182,BSV/USDT:USDT,29.23,28.0,29.22,1043.0,29.24,2.0,29.25,1043.0
1753531830920,12:10:30.920,BSV/USDT:USDT,29.23,80.0,29.22,1043.0,29.24,2.0,29.25,1043.0
1753531830954,12:10:30.954,BSV/USDT:USDT,29.23,54.0,29.22,1043.0,29.24,2.0,29.25,1043.0
1753531831120,12:10:31.120,BSV/USDT:USDT,29.23,28.0,29.22,1043.0,29.24,2.0,29.25,1043.0
1753531831140,12:10:31.140,BSV/USDT:USDT,29.23,28.0,29.22,1043.0,29.24,2.0,29.25,1043.0
1753531833631,12:10:33.631,BSV/USDT:USDT,29.23,28.0,29.22,1043.0,29.24,2.0,29.25,1043.0
1753531833669,12:10:33.669,BSV/USDT:USDT,29.23,28.0,29.22,1043.0,29.24,54.0,29.25,1043.0
1753531834161,12:10:34.161,BSV/USDT:USDT,29.23,28.0,29.22,1043.0,29.24,28.0,29.25,1043.0
1753531836253,12:10:36.253,BSV/USDT:USDT,29.23,28.0,29.22,1043.0,29.24,28.0,29.25,1043.0
1753531839084,12:10:39.084,BSV/USDT:USDT,29.23,28.0,29.22,1043.0,29.24,54.0,29.25,1043.0
1753531840220,12:10:40.220,BSV/USDT:USDT,29.23,28.0,29.22,1043.0,29.24,54.0,29.25,16251.0
1753531840255,12:10:40.255,BSV/USDT:USDT,29.23,28.0,29.22,1043.0,29.24,54.0,29.25,16251.0
1753531840633,12:10:40.633,BSV/USDT:USDT,29.23,28.0,29.22,1043.0,29.24,54.0,29.25,16251.0
1753531841681,12:10:41.681,BSV/USDT:USDT,29.23,28.0,29.22,1043.0,29.24,2.0,29.25,1043.0
1753531841852,12:10:41.852,BSV/USDT:USDT,29.23,28.0,29.22,1043.0,29.24,2.0,29.25,1043.0
1753531842845,12:10:42.845,BSV/USDT:USDT,29.23,28.0,29.22,1043.0,29.24,54.0,29.25,1043.0
1753531844483,12:10:44.483,BSV/USDT:USDT,29.23,28.0,29.22,1043.0,29.24,2.0,29.25,1043.0
1753531844779,12:10:44.779,BSV/USDT:USDT,29.23,54.0,29.22,2307.0,29.24,2.0,29.25,1043.0
1753531846494,12:10:46.494,BSV/USDT:USDT,29.23,28.0,29.22,2307.0,29.24,2.0,29.25,1043.0
1753531846726,12:10:46.726,BSV/USDT:USDT,29.23,28.0,29.22,2307.0,29.24,2.0,29.25,1043.0
1753531846823,12:10:46.823,BSV/USDT:USDT,29.23,54.0,29.22,2307.0,29.24,2.0,29.25,1043.0
1753531846913,12:10:46.913,BSV/USDT:USDT,29.23,1131.0,29.22,2307.0,29.24,2.0,29.25,1043.0
1753531847247,12:10:47.247,BSV/USDT:USDT,29.23,1105.0,29.22,2307.0,29.24,2.0,29.25,1043.0
1753531847647,12:10:47.647,BSV/USDT:USDT,29.23,1105.0,29.22,2307.0,29.24,2.0,29.25,1043.0
1753531847799,12:10:47.799,BSV/USDT:USDT,29.23,1079.0,29.22,2307.0,29.24,2.0,29.25,1043.0
1753531847945,12:10:47.945,BSV/USDT:USDT,29.23,1079.0,29.22,2307.0,29.24,2.0,29.25,1043.0
1753531850447,12:10:50.447,BSV/USDT:USDT,29.23,1079.0,29.22,2307.0,29.24,2.0,29.25,1043.0
1753531851859,12:10:51.859,BSV/USDT:USDT,29.23,1079.0,29.22,2307.0,29.24,2.0,29.25,1043.0
1753531854067,12:10:54.067,BSV/USDT:USDT,29.23,1079.0,29.22,2307.0,29.24,2.0,29.25,1043.0
1753531857985,12:10:57.985,BSV/USDT:USDT,29.23,1105.0,29.22,2307.0,29.24,2.0,29.25,1043.0
1753531860335,12:11:00.335,BSV/USDT:USDT,29.23,1105.0,29.22,2307.0,29.24,2.0,29.26,88808.0
1753531860424,12:11:00.424,BSV/USDT:USDT,29.23,1079.0,29.22,2307.0,29.25,54.0,29.26,88808.0
1753531860528,12:11:00.528,BSV/USDT:USDT,29.23,1103.0,29.22,2307.0,29.25,28.0,29.26,88808.0
1753531860548,12:11:00.548,BSV/USDT:USDT,29.23,1051.0,29.22,26773.0,29.25,54.0,29.26,88808.0
1753531860976,12:11:00.976,BSV/USDT:USDT,29.23,1051.0,29.22,26773.0,29.25,54.0,29.26,88808.0
1753531861680,12:11:01.680,BSV/USDT:USDT,29.23,1103.0,29.22,26773.0,29.25,28.0,29.26,88808.0
1753531862223,12:11:02.223,BSV/USDT:USDT,29.23,1103.0,29.22,26773.0,29.25,2.0,29.26,88808.0
1753531862264,12:11:02.264,BSV/USDT:USDT,29.23,1103.0,29.22,26773.0,29.25,2.0,29.26,88808.0
1753531863188,12:11:03.188,BSV/USDT:USDT,29.23,1103.0,29.22,26773.0,29.25,28.0,29.26,88808.0
1753531864053,12:11:04.053,BSV/USDT:USDT,29.23,1103.0,29.22,26773.0,29.25,28.0,29.26,88808.0
1753531864825,12:11:04.825,BSV/USDT:USDT,29.23,1103.0,29.22,26773.0,29.25,28.0,29.26,88808.0
1753531864842,12:11:04.842,BSV/USDT:USDT,29.23,1103.0,29.22,26773.0,29.25,28.0,29.26,88808.0
1753531864964,12:11:04.964,BSV/USDT:USDT,29.23,1103.0,29.22,26773.0,29.25,28.0,29.26,88808.0
1753531865072,12:11:05.072,BSV/USDT:USDT,29.23,1103.0,29.22,26773.0,29.25,28.0,29.26,88808.0
1753531865270,12:11:05.270,BSV/USDT:USDT,29.23,1051.0,29.22,26773.0,29.25,28.0,29.26,88808.0
1753531865388,12:11:05.388,BSV/USDT:USDT,29.23,1077.0,29.22,26773.0,29.25,2.0,29.26,88808.0
1753531865440,12:11:05.440,BSV/USDT:USDT,29.23,1103.0,29.22,26773.0,29.25,2.0,29.26,88808.0
1753531866505,12:11:06.505,BSV/USDT:USDT,29.23,1103.0,29.22,26773.0,29.25,28.0,29.26,88808.0
1753531866679,12:11:06.679,BSV/USDT:USDT,29.23,1103.0,29.22,26773.0,29.25,28.0,29.26,88808.0
1753531866782,12:11:06.782,BSV/USDT:USDT,29.23,1103.0,29.22,26773.0,29.25,28.0,29.26,88808.0
1753531867225,12:11:07.225,BSV/USDT:USDT,29.23,1103.0,29.22,26773.0,29.25,28.0,29.26,88808.0
1753531867333,12:11:07.333,BSV/USDT:USDT,29.23,1103.0,29.22,26773.0,29.25,28.0,29.26,88808.0
1753531867338,12:11:07.338,BSV/USDT:USDT,29.23,1103.0,29.22,26773.0,29.25,28.0,29.26,88808.0
1753531868430,12:11:08.430,BSV/USDT:USDT,29.23,1077.0,29.22,26931.0,29.25,28.0,29.26,88808.0
1753531868888,12:11:08.888,BSV/USDT:USDT,29.23,1843.0,29.22,26931.0,29.25,2.0,29.26,88808.0
1753531869033,12:11:09.033,BSV/USDT:USDT,29.23,1843.0,29.22,26931.0,29.25,28.0,29.26,88808.0
1753531869177,12:11:09.177,BSV/USDT:USDT,29.23,1843.0,29.22,26931.0,29.25,28.0,29.26,88808.0
1753531869295,12:11:09.295,BSV/USDT:USDT,29.23,1843.0,29.22,26931.0,29.25,28.0,29.26,88808.0
1753531869419,12:11:09.419,BSV/USDT:USDT,29.23,1103.0,29.22,26931.0,29.25,28.0,29.26,88808.0
1753531869517,12:11:09.517,BSV/USDT:USDT,29.23,1103.0,29.22,26931.0,29.25,28.0,29.26,88808.0
1753531869933,12:11:09.933,BSV/USDT:USDT,29.23,1103.0,29.22,26931.0,29.25,28.0,29.26,88808.0
1753531870032,12:11:10.032,BSV/USDT:USDT,29.23,1103.0,29.22,26931.0,29.25,28.0,29.26,88808.0
1753531870038,12:11:10.038,BSV/USDT:USDT,29.23,1103.0,29.22,26931.0,29.25,28.0,29.26,88808.0
1753531870164,12:11:10.164,BSV/USDT:USDT,29.23,1103.0,29.22,26931.0,29.25,28.0,29.26,88808.0
1753531870245,12:11:10.245,BSV/USDT:USDT,29.23,1103.0,29.22,26931.0,29.25,28.0,29.26,88808.0
1753531870532,12:11:10.532,BSV/USDT:USDT,29.23,1103.0,29.22,26931.0,29.25,28.0,29.26,88808.0
1753531870625,12:11:10.625,BSV/USDT:USDT,29.23,1103.0,29.22,26931.0,29.25,28.0,29.26,88808.0
1753531870662,12:11:10.662,BSV/USDT:USDT,29.23,1103.0,29.22,26931.0,29.25,28.0,29.26,88808.0
1753531870911,12:11:10.911,BSV/USDT:USDT,29.23,1103.0,29.22,26931.0,29.25,2.0,29.26,88808.0
1753531872560,12:11:12.560,BSV/USDT:USDT,29.23,1103.0,29.22,26931.0,29.25,2.0,29.26,88808.0
1753531872678,12:11:12.678,BSV/USDT:USDT,29.23,1103.0,29.22,26931.0,29.25,2.0,29.26,88808.0
1753531872745,12:11:12.745,BSV/USDT:USDT,29.23,1103.0,29.22,26931.0,29.25,28.0,29.26,88808.0
1753531873633,12:11:13.633,BSV/USDT:USDT,29.24,1058.0,29.23,1103.0,29.25,28.0,29.26,5082.0
1753531873733,12:11:13.733,BSV/USDT:USDT,29.24,28.0,29.23,1603.0,29.25,2.0,29.26,5082.0
1753531873793,12:11:13.793,BSV/USDT:USDT,29.24,28.0,29.23,1577.0,29.25,28.0,29.26,5082.0
1753531874187,12:11:14.187,BSV/USDT:USDT,29.24,28.0,29.23,1577.0,29.25,2.0,29.26,5082.0
1753531875335,12:11:15.335,BSV/USDT:USDT,29.24,28.0,29.23,1551.0,29.25,54.0,29.26,5082.0
1753531876711,12:11:16.711,BSV/USDT:USDT,29.24,28.0,29.23,1551.0,29.25,2.0,29.26,5082.0
1753531877328,12:11:17.328,BSV/USDT:USDT,29.24,28.0,29.23,1551.0,29.25,2.0,29.26,5082.0
1753531877429,12:11:17.429,BSV/USDT:USDT,29.24,28.0,29.23,1551.0,29.25,28.0,29.26,5082.0
1753531877440,12:11:17.440,BSV/USDT:USDT,29.24,28.0,29.23,1551.0,29.25,54.0,29.26,5082.0
1753531879035,12:11:19.035,BSV/USDT:USDT,29.24,28.0,29.23,1051.0,29.25,1112.0,29.26,5082.0
1753531879064,12:11:19.064,BSV/USDT:USDT,29.24,28.0,29.23,1051.0,29.25,1112.0,29.26,5082.0
1753531879139,12:11:19.139,BSV/USDT:USDT,29.24,28.0,29.23,1051.0,29.25,1112.0,29.26,22929.0
1753531882856,12:11:22.856,BSV/USDT:USDT,29.24,28.0,29.23,1051.0,29.25,1112.0,29.26,22929.0
1753531884569,12:11:24.569,BSV/USDT:USDT,29.24,28.0,29.23,1051.0,29.25,1112.0,29.26,22929.0
1753531886188,12:11:26.188,BSV/USDT:USDT,29.24,28.0,29.23,1051.0,29.25,1112.0,29.26,22929.0
1753531886833,12:11:26.833,BSV/USDT:USDT,29.24,28.0,29.23,1051.0,29.25,1112.0,29.26,22394.0
1753531886865,12:11:26.865,BSV/USDT:USDT,29.24,28.0,29.23,1051.0,29.25,1112.0,29.26,22937.0
1753531887926,12:11:27.926,BSV/USDT:USDT,29.24,28.0,29.23,1051.0,29.25,1112.0,29.26,22937.0
1753531888191,12:11:28.191,BSV/USDT:USDT,29.24,28.0,29.23,1051.0,29.25,1112.0,29.26,22937.0
1753531892628,12:11:32.628,BSV/USDT:USDT,29.24,28.0,29.22,26931.0,29.25,1112.0,29.26,22937.0
1753531892732,12:11:32.732,BSV/USDT:USDT,29.23,9.0,29.22,1043.0,29.24,1045.0,29.25,1114.0
1753531892816,12:11:32.816,BSV/USDT:USDT,29.23,11.0,29.22,1043.0,29.24,1063.0,29.25,1114.0
1753531892976,12:11:32.976,BSV/USDT:USDT,29.23,11.0,29.22,1043.0,29.24,1063.0,29.25,1114.0
1753531893044,12:11:33.044,BSV/USDT:USDT,29.23,11.0,29.22,1043.0,29.24,1063.0,29.25,1114.0
1753531893677,12:11:33.677,BSV/USDT:USDT,29.23,11.0,29.22,1043.0,29.24,1063.0,29.25,1086.0
1753531893819,12:11:33.819,BSV/USDT:USDT,29.23,11.0,29.22,1043.0,29.24,18.0,29.25,1086.0
1753531893860,12:11:33.860,BSV/USDT:USDT,29.23,11.0,29.22,1043.0,29.24,18.0,29.25,1086.0
1753531896334,12:11:36.334,BSV/USDT:USDT,29.23,11.0,29.22,1043.0,29.24,18.0,29.25,1086.0
1753531896368,12:11:36.368,BSV/USDT:USDT,29.23,37.0,29.22,1043.0,29.24,18.0,29.25,1060.0
1753531896524,12:11:36.524,BSV/USDT:USDT,29.23,37.0,29.22,1043.0,29.24,18.0,29.25,1060.0
1753531896687,12:11:36.687,BSV/USDT:USDT,29.23,37.0,29.22,1043.0,29.24,18.0,29.25,1060.0
1753531897200,12:11:37.200,BSV/USDT:USDT,29.23,37.0,29.22,1043.0,29.24,18.0,29.25,1060.0
1753531897366,12:11:37.366,BSV/USDT:USDT,29.23,63.0,29.22,1043.0,29.24,18.0,29.25,1060.0
1753531897977,12:11:37.977,BSV/USDT:USDT,29.23,11.0,29.22,1043.0,29.24,18.0,29.25,1060.0
1753531903047,12:11:43.047,BSV/USDT:USDT,29.23,11.0,29.22,1043.0,29.24,18.0,29.25,1060.0
1753531903141,12:11:43.141,BSV/USDT:USDT,29.23,11.0,29.22,1043.0,29.24,18.0,29.25,1060.0
1753531904357,12:11:44.357,BSV/USDT:USDT,29.23,11.0,29.22,1043.0,29.24,18.0,29.25,1060.0
1753531906955,12:11:46.955,BSV/USDT:USDT,29.23,37.0,29.22,1043.0,29.24,18.0,29.25,1060.0
1753531910326,12:11:50.326,BSV/USDT:USDT,29.23,37.0,29.22,1043.0,29.24,18.0,29.25,1060.0
1753531912385,12:11:52.385,BSV/USDT:USDT,29.23,63.0,29.22,2307.0,29.24,18.0,29.25,2.0
1753531912514,12:11:52.514,BSV/USDT:USDT,29.23,1118.0,29.22,2307.0,29.25,20.0,29.26,85290.0
1753531912544,12:11:52.544,BSV/USDT:USDT,29.23,1107.0,29.22,2307.0,29.25,20.0,29.26,85290.0
1753531912659,12:11:52.659,BSV/USDT:USDT,29.23,1107.0,29.22,26773.0,29.25,20.0,29.26,85290.0
1753531914266,12:11:54.266,BSV/USDT:USDT,29.23,1107.0,29.22,26773.0,29.25,20.0,29.26,85290.0
1753531914420,12:11:54.420,BSV/USDT:USDT,29.23,1107.0,29.22,26773.0,29.25,20.0,29.26,85290.0
1753531916824,12:11:56.824,BSV/USDT:USDT,29.23,1107.0,29.22,26773.0,29.25,20.0,29.26,85290.0
1753531917419,12:11:57.419,BSV/USDT:USDT,29.23,1107.0,29.22,26773.0,29.25,20.0,29.26,85290.0
1753531917439,12:11:57.439,BSV/USDT:USDT,29.23,1107.0,29.22,26773.0,29.25,20.0,29.26,85290.0
1753531918080,12:11:58.080,BSV/USDT:USDT,29.23,1107.0,29.22,26773.0,29.25,20.0,29.26,85290.0
1753531918191,12:11:58.191,BSV/USDT:USDT,29.23,1107.0,29.22,26773.0,29.25,20.0,29.26,85290.0
1753531918483,12:11:58.483,BSV/USDT:USDT,29.23,1107.0,29.22,26773.0,29.25,20.0,29.26,85290.0
1753531918554,12:11:58.554,BSV/USDT:USDT,29.23,1107.0,29.22,26773.0,29.25,20.0,29.26,85290.0
1753531919370,12:11:59.370,BSV/USDT:USDT,29.23,1107.0,29.22,26773.0,29.25,20.0,29.26,85290.0
1753531919687,12:11:59.687,BSV/USDT:USDT,29.23,1107.0,29.22,26773.0,29.25,20.0,29.26,85290.0
1753531920331,12:12:00.331,BSV/USDT:USDT,29.24,1079.0,29.23,1081.0,29.25,20.0,29.26,84255.0
1753531920429,12:12:00.429,BSV/USDT:USDT,29.24,1116.0,29.23,2422.0,29.25,20.0,29.26,2175.0
1753531920459,12:12:00.459,BSV/USDT:USDT,29.24,1116.0,29.23,2422.0,29.25,20.0,29.26,543.0
1753531920957,12:12:00.957,BSV/USDT:USDT,29.24,1116.0,29.23,2422.0,29.25,20.0,29.26,543.0
1753531921879,12:12:01.879,BSV/USDT:USDT,29.24,1116.0,29.23,2422.0,29.25,20.0,29.26,543.0
1753531922124,12:12:02.124,BSV/USDT:USDT,29.24,1116.0,29.23,2422.0,29.25,20.0,29.26,543.0
1753531922391,12:12:02.391,BSV/USDT:USDT,29.24,1116.0,29.23,2422.0,29.25,20.0,29.26,543.0
1753531922764,12:12:02.764,BSV/USDT:USDT,29.24,1090.0,29.23,2422.0,29.25,20.0,29.26,543.0
1753531922937,12:12:02.937,BSV/USDT:USDT,29.24,1090.0,29.23,2422.0,29.25,20.0,29.26,543.0
1753531923060,12:12:03.060,BSV/USDT:USDT,29.24,1090.0,29.23,2422.0,29.25,20.0,29.26,543.0
1753531924150,12:12:04.150,BSV/USDT:USDT,29.24,1090.0,29.23,2422.0,29.25,20.0,29.26,543.0
1753531925032,12:12:05.032,BSV/USDT:USDT,29.24,1090.0,29.23,2422.0,29.25,20.0,29.26,543.0
1753531925558,12:12:05.558,BSV/USDT:USDT,29.24,1090.0,29.23,2422.0,29.25,20.0,29.26,543.0
1753531927323,12:12:07.323,BSV/USDT:USDT,29.24,1090.0,29.23,2422.0,29.25,20.0,29.26,543.0
1753531928919,12:12:08.919,BSV/USDT:USDT,29.24,1090.0,29.23,2422.0,29.25,20.0,29.26,543.0
1753531928941,12:12:08.941,BSV/USDT:USDT,29.24,1090.0,29.23,2422.0,29.25,20.0,29.26,543.0
1753531929342,12:12:09.342,BSV/USDT:USDT,29.24,1116.0,29.23,2422.0,29.25,20.0,29.26,543.0
1753531930233,12:12:10.233,BSV/USDT:USDT,29.24,37.0,29.23,1055.0,29.25,20.0,29.26,543.0
1753531930326,12:12:10.326,BSV/USDT:USDT,29.24,11.0,29.22,30285.0,29.25,1051.0,29.26,543.0
1753531930434,12:12:10.434,BSV/USDT:USDT,29.24,11.0,29.23,10.0,29.25,1051.0,29.26,543.0
1753531930528,12:12:10.528,BSV/USDT:USDT,29.24,1.0,29.23,1377.0,29.25,20.0,29.26,543.0
1753531930550,12:12:10.550,BSV/USDT:USDT,29.24,1.0,29.23,1367.0,29.25,20.0,29.26,543.0
1753531930688,12:12:10.688,BSV/USDT:USDT,29.23,1394.0,29.22,30285.0,29.25,20.0,29.26,543.0
1753531930744,12:12:10.744,BSV/USDT:USDT,29.23,1393.0,29.22,30285.0,29.25,20.0,29.26,543.0
1753531931130,12:12:11.130,BSV/USDT:USDT,29.23,1393.0,29.22,30285.0,29.25,20.0,29.26,543.0
1753531931165,12:12:11.165,BSV/USDT:USDT,29.23,1393.0,29.22,30285.0,29.25,20.0,29.26,543.0
1753531931800,12:12:11.800,BSV/USDT:USDT,29.23,1419.0,29.22,30285.0,29.25,20.0,29.26,543.0
1753531931883,12:12:11.883,BSV/USDT:USDT,29.23,1419.0,29.22,30285.0,29.25,20.0,29.26,543.0
1753531932126,12:12:12.126,BSV/USDT:USDT,29.23,1419.0,29.22,30285.0,29.25,20.0,29.26,543.0
1753531932754,12:12:12.754,BSV/USDT:USDT,29.23,1419.0,29.22,30285.0,29.25,20.0,29.26,543.0
1753531933201,12:12:13.201,BSV/USDT:USDT,29.23,1419.0,29.22,30285.0,29.25,20.0,29.26,543.0
1753531933420,12:12:13.420,BSV/USDT:USDT,29.23,1393.0,29.22,30285.0,29.25,46.0,29.26,543.0
1753531933512,12:12:13.512,BSV/USDT:USDT,29.23,1393.0,29.22,30285.0,29.25,20.0,29.26,543.0
1753531933602,12:12:13.602,BSV/USDT:USDT,29.23,1393.0,29.22,30285.0,29.25,20.0,29.26,543.0
1753531934160,12:12:14.160,BSV/USDT:USDT,29.23,1419.0,29.22,30285.0,29.25,20.0,29.26,1043.0
1753531934556,12:12:14.556,BSV/USDT:USDT,29.23,1419.0,29.22,30285.0,29.25,20.0,29.26,1043.0
1753531935056,12:12:15.056,BSV/USDT:USDT,29.23,1419.0,29.22,30285.0,29.25,20.0,29.26,1043.0
1753531935425,12:12:15.425,BSV/USDT:USDT,29.23,1419.0,29.22,30285.0,29.25,20.0,29.26,1043.0
1753531935524,12:12:15.524,BSV/USDT:USDT,29.23,1083.0,29.22,6737.0,29.25,20.0,29.26,1043.0
1753531935621,12:12:15.621,BSV/USDT:USDT,29.23,1083.0,29.22,31247.0,29.25,20.0,29.26,1043.0
1753531935640,12:12:15.640,BSV/USDT:USDT,29.23,1083.0,29.22,31247.0,29.25,20.0,29.26,1043.0
1753531935739,12:12:15.739,BSV/USDT:USDT,29.23,1083.0,29.22,31247.0,29.25,20.0,29.26,1043.0
1753531938225,12:12:18.225,BSV/USDT:USDT,29.23,2450.0,29.22,31247.0,29.25,20.0,29.26,1043.0
1753531938314,12:12:18.314,BSV/USDT:USDT,29.23,2450.0,29.22,31247.0,29.25,20.0,29.26,1043.0
1753531938523,12:12:18.523,BSV/USDT:USDT,29.23,2450.0,29.22,31247.0,29.25,20.0,29.26,1043.0
1753531938625,12:12:18.625,BSV/USDT:USDT,29.23,2450.0,29.22,31247.0,29.25,20.0,29.26,1043.0
1753531938905,12:12:18.905,BSV/USDT:USDT,29.23,2450.0,29.22,31247.0,29.25,20.0,29.26,1043.0
1753531938983,12:12:18.983,BSV/USDT:USDT,29.23,2450.0,29.22,31247.0,29.25,20.0,29.26,1043.0
1753531939199,12:12:19.199,BSV/USDT:USDT,29.23,2450.0,29.22,31247.0,29.25,20.0,29.26,1043.0
1753531939326,12:12:19.326,BSV/USDT:USDT,29.23,2450.0,29.22,31247.0,29.25,20.0,29.26,1043.0
1753531939523,12:12:19.523,BSV/USDT:USDT,29.23,2424.0,29.22,31247.0,29.25,20.0,29.26,1043.0
1753531939910,12:12:19.910,BSV/USDT:USDT,29.24,1058.0,29.23,2424.0,29.25,20.0,29.26,1043.0
1753531939952,12:12:19.952,BSV/USDT:USDT,29.24,1069.0,29.23,2424.0,29.25,20.0,29.26,1043.0
1753531940065,12:12:20.065,BSV/USDT:USDT,29.24,1069.0,29.23,2424.0,29.25,20.0,29.26,1043.0
1753531940327,12:12:20.327,BSV/USDT:USDT,29.24,1069.0,29.23,2424.0,29.25,20.0,29.26,1043.0
1753531940368,12:12:20.368,BSV/USDT:USDT,29.24,1069.0,29.23,2424.0,29.25,20.0,29.26,1043.0
1753531940541,12:12:20.541,BSV/USDT:USDT,29.24,1069.0,29.23,2424.0,29.25,20.0,29.26,1043.0
1753531940719,12:12:20.719,BSV/USDT:USDT,29.24,1069.0,29.23,2424.0,29.25,20.0,29.26,1043.0
1753531940761,12:12:20.761,BSV/USDT:USDT,29.24,1069.0,29.23,2424.0,29.25,20.0,29.26,1043.0
1753531941038,12:12:21.038,BSV/USDT:USDT,29.24,1069.0,29.23,2424.0,29.25,20.0,29.26,1043.0
1753531941418,12:12:21.418,BSV/USDT:USDT,29.24,1069.0,29.23,2424.0,29.25,20.0,29.26,1043.0
1753531942298,12:12:22.298,BSV/USDT:USDT,29.24,1069.0,29.23,2424.0,29.25,20.0,29.26,500.0
1753531942623,12:12:22.623,BSV/USDT:USDT,29.24,1095.0,29.23,2398.0,29.25,20.0,29.26,500.0
1753531944186,12:12:24.186,BSV/USDT:USDT,29.24,1069.0,29.23,2398.0,29.25,20.0,29.27,85298.0
1753531944284,12:12:24.284,BSV/USDT:USDT,29.24,1069.0,29.23,2398.0,29.26,20.0,29.27,85298.0
1753531944416,12:12:24.416,BSV/USDT:USDT,29.24,1084.0,29.23,2398.0,29.26,20.0,29.27,85298.0
1753531944860,12:12:24.860,BSV/USDT:USDT,29.24,1084.0,29.23,2398.0,29.26,20.0,29.27,85298.0
1753531945416,12:12:25.416,BSV/USDT:USDT,29.24,1058.0,29.23,2398.0,29.26,20.0,29.27,85298.0
1753531945520,12:12:25.520,BSV/USDT:USDT,29.24,1058.0,29.23,2398.0,29.26,20.0,29.27,85298.0
1753531945629,12:12:25.629,BSV/USDT:USDT,29.25,1058.0,29.24,1032.0,29.26,20.0,29.27,85298.0
1753531945709,12:12:25.709,BSV/USDT:USDT,29.25,1032.0,29.24,1032.0,29.26,20.0,29.27,85298.0
1753531945833,12:12:25.833,BSV/USDT:USDT,29.25,1043.0,29.24,1032.0,29.26,20.0,29.27,85298.0
1753531945928,12:12:25.928,BSV/USDT:USDT,29.25,1095.0,29.24,1032.0,29.26,20.0,29.27,1586.0
1753531946018,12:12:26.018,BSV/USDT:USDT,29.25,1095.0,29.24,1532.0,29.26,20.0,29.27,1586.0
1753531947339,12:12:27.339,BSV/USDT:USDT,29.25,1069.0,29.24,1532.0,29.26,20.0,29.27,1586.0
1753531947559,12:12:27.559,BSV/USDT:USDT,29.25,1043.0,29.24,1532.0,29.26,20.0,29.27,1586.0
1753531947699,12:12:27.699,BSV/USDT:USDT,29.25,1069.0,29.24,1532.0,29.26,20.0,29.27,1586.0
1753531947819,12:12:27.819,BSV/USDT:USDT,29.25,1043.0,29.24,1532.0,29.26,20.0,29.27,1586.0
1753531948228,12:12:28.228,BSV/USDT:USDT,29.25,1069.0,29.24,1532.0,29.26,20.0,29.27,1586.0
1753531948299,12:12:28.299,BSV/USDT:USDT,29.25,1043.0,29.24,1532.0,29.26,20.0,29.27,1586.0
1753531948351,12:12:28.351,BSV/USDT:USDT,29.25,11.0,29.24,1532.0,29.26,20.0,29.27,1586.0
1753531948671,12:12:28.671,BSV/USDT:USDT,29.25,11.0,29.24,1532.0,29.26,20.0,29.27,1586.0
1753531950292,12:12:30.292,BSV/USDT:USDT,29.25,11.0,29.24,1532.0,29.26,20.0,29.27,1586.0
1753531951503,12:12:31.503,BSV/USDT:USDT,29.25,11.0,29.24,1532.0,29.26,20.0,29.27,1586.0
1753531951576,12:12:31.576,BSV/USDT:USDT,29.25,11.0,29.24,1532.0,29.26,20.0,29.27,1586.0
1753531951718,12:12:31.718,BSV/USDT:USDT,29.25,37.0,29.24,1532.0,29.26,20.0,29.27,1586.0
1753531951911,12:12:31.911,BSV/USDT:USDT,29.25,37.0,29.24,1532.0,29.26,20.0,29.27,1586.0
1753531952054,12:12:32.054,BSV/USDT:USDT,29.25,37.0,29.24,1532.0,29.26,20.0,29.27,1586.0
1753531955729,12:12:35.729,BSV/USDT:USDT,29.25,1101.0,29.24,1532.0,29.26,20.0,29.27,1586.0
1753531955828,12:12:35.828,BSV/USDT:USDT,29.25,1101.0,29.24,2642.0,29.26,20.0,29.27,1051.0
1753531955921,12:12:35.921,BSV/USDT:USDT,29.25,1101.0,29.24,27115.0,29.26,20.0,29.27,1051.0
1753531956031,12:12:36.031,BSV/USDT:USDT,29.25,1101.0,29.24,27115.0,29.26,20.0,29.27,1051.0
1753531958663,12:12:38.663,BSV/USDT:USDT,29.25,37.0,29.24,27115.0,29.26,20.0,29.27,1051.0
1753531958784,12:12:38.784,BSV/USDT:USDT,29.25,63.0,29.24,27115.0,29.26,20.0,29.27,1051.0
1753531959579,12:12:39.579,BSV/USDT:USDT,29.25,11.0,29.24,27115.0,29.26,20.0,29.27,1051.0
1753531960628,12:12:40.628,BSV/USDT:USDT,29.25,37.0,29.24,27115.0,29.26,20.0,29.27,1051.0
1753531960673,12:12:40.673,BSV/USDT:USDT,29.25,37.0,29.24,27115.0,29.26,20.0,29.27,1051.0
1753531961665,12:12:41.665,BSV/USDT:USDT,29.25,63.0,29.24,27115.0,29.26,20.0,29.27,1051.0
1753531965259,12:12:45.259,BSV/USDT:USDT,29.25,1112.0,29.24,27115.0,29.26,20.0,29.27,1051.0
1753531965411,12:12:45.411,BSV/USDT:USDT,29.25,1112.0,29.24,27115.0,29.26,20.0,29.27,1051.0
1753531966237,12:12:46.237,BSV/USDT:USDT,29.25,1112.0,29.24,27115.0,29.26,20.0,29.27,1051.0
1753531966237,12:12:46.237,BSV/USDT:USDT,29.25,1112.0,29.24,27115.0,29.26,20.0,29.27,1051.0
1753531968699,12:12:48.699,BSV/USDT:USDT,29.25,1112.0,29.24,27115.0,29.26,20.0,29.27,1051.0
1753531969068,12:12:49.068,BSV/USDT:USDT,29.25,1112.0,29.24,27115.0,29.26,20.0,29.27,1051.0
1753531970110,12:12:50.110,BSV/USDT:USDT,29.25,1112.0,29.24,27115.0,29.26,20.0,29.27,1051.0
1753531975165,12:12:55.165,BSV/USDT:USDT,29.25,1112.0,29.24,27115.0,29.26,20.0,29.27,1051.0
1753531975241,12:12:55.241,BSV/USDT:USDT,29.25,1112.0,29.24,27115.0,29.26,20.0,29.27,1051.0
1753531976725,12:12:56.725,BSV/USDT:USDT,29.25,1112.0,29.24,27115.0,29.26,20.0,29.27,1051.0
1753531976792,12:12:56.792,BSV/USDT:USDT,29.25,1112.0,29.24,27115.0,29.26,20.0,29.27,1051.0
1753531977372,12:12:57.372,BSV/USDT:USDT,29.25,1086.0,29.24,27115.0,29.26,20.0,29.27,1051.0
1753531978147,12:12:58.147,BSV/USDT:USDT,29.25,1086.0,29.24,27115.0,29.26,20.0,29.27,1051.0
1753531978722,12:12:58.722,BSV/USDT:USDT,29.25,1086.0,29.24,27115.0,29.26,20.0,29.27,1051.0
1753531978759,12:12:58.759,BSV/USDT:USDT,29.25,1086.0,29.24,27115.0,29.26,20.0,29.27,1051.0
1753531979676,12:12:59.676,BSV/USDT:USDT,29.25,1086.0,29.24,27115.0,29.26,20.0,29.27,1051.0
1753531980213,12:13:00.213,BSV/USDT:USDT,29.25,1060.0,29.24,27115.0,29.26,20.0,29.27,1051.0
1753531980314,12:13:00.314,BSV/USDT:USDT,29.25,1086.0,29.24,27115.0,29.26,20.0,29.27,1051.0
1753531980434,12:13:00.434,BSV/USDT:USDT,29.25,1086.0,29.24,27115.0,29.26,20.0,29.27,1051.0
1753531980444,12:13:00.444,BSV/USDT:USDT,29.25,1086.0,29.24,27115.0,29.26,20.0,29.27,1051.0
1753531980917,12:13:00.917,BSV/USDT:USDT,29.25,1086.0,29.24,27115.0,29.26,20.0,29.27,1051.0
1753531981120,12:13:01.120,BSV/USDT:USDT,29.25,1060.0,29.24,27115.0,29.26,20.0,29.27,1051.0
1753531981275,12:13:01.275,BSV/USDT:USDT,29.25,1086.0,29.24,27115.0,29.26,20.0,29.27,1051.0
1753531983419,12:13:03.419,BSV/USDT:USDT,29.25,1086.0,29.24,27115.0,29.26,20.0,29.27,1051.0
1753531983690,12:13:03.690,BSV/USDT:USDT,29.25,1112.0,29.24,27115.0,29.26,20.0,29.27,1051.0
1753531988525,12:13:08.525,BSV/USDT:USDT,29.25,1112.0,29.24,27115.0,29.26,20.0,29.27,1051.0
1753531988560,12:13:08.560,BSV/USDT:USDT,29.25,1112.0,29.24,27115.0,29.26,20.0,29.27,1051.0
1753531993619,12:13:13.619,BSV/USDT:USDT,29.25,1112.0,29.24,27115.0,29.26,20.0,29.27,1051.0
1753531993660,12:13:13.660,BSV/USDT:USDT,29.25,1112.0,29.24,27115.0,29.26,20.0,29.27,1051.0
1753531993825,12:13:13.825,BSV/USDT:USDT,29.25,1086.0,29.24,27115.0,29.26,20.0,29.27,1051.0
1753531996941,12:13:16.941,BSV/USDT:USDT,29.25,1060.0,29.24,27115.0,29.26,20.0,29.27,1051.0
1753531999134,12:13:19.134,BSV/USDT:USDT,29.25,1112.0,29.24,27115.0,29.26,20.0,29.27,1051.0
1753531999224,12:13:19.224,BSV/USDT:USDT,29.25,1112.0,29.24,27115.0,29.26,20.0,29.27,1051.0
1753531999240,12:13:19.240,BSV/USDT:USDT,29.25,1112.0,29.24,27115.0,29.26,20.0,29.27,1051.0
1753531999340,12:13:19.340,BSV/USDT:USDT,29.25,1112.0,29.24,27115.0,29.26,20.0,29.27,1051.0
1753532001699,12:13:21.699,BSV/USDT:USDT,29.25,11.0,29.24,27115.0,29.26,20.0,29.27,1051.0
1753532002019,12:13:22.019,BSV/USDT:USDT,29.25,11.0,29.24,27115.0,29.26,20.0,29.27,1051.0
1753532002102,12:13:22.102,BSV/USDT:USDT,29.25,37.0,29.24,27115.0,29.26,20.0,29.27,1051.0
1753532002431,12:13:22.431,BSV/USDT:USDT,29.25,37.0,29.24,27115.0,29.26,20.0,29.27,1051.0
1753532003252,12:13:23.252,BSV/USDT:USDT,29.25,11.0,29.24,27115.0,29.26,20.0,29.27,1051.0
1753532003452,12:13:23.452,BSV/USDT:USDT,29.25,11.0,29.24,27115.0,29.26,46.0,29.27,1051.0
1753532004176,12:13:24.176,BSV/USDT:USDT,29.25,11.0,29.24,27115.0,29.26,46.0,29.27,1051.0
1753532004280,12:13:24.280,BSV/USDT:USDT,29.25,11.0,29.24,27115.0,29.26,46.0,29.27,1051.0
1753532006188,12:13:26.188,BSV/USDT:USDT,29.25,11.0,29.24,27115.0,29.26,20.0,29.27,1051.0
1753532006883,12:13:26.883,BSV/USDT:USDT,29.25,11.0,29.24,27115.0,29.26,46.0,29.27,1051.0
1753532010506,12:13:30.506,BSV/USDT:USDT,29.25,11.0,29.24,27115.0,29.26,46.0,29.27,1051.0
1753532011325,12:13:31.325,BSV/USDT:USDT,29.25,11.0,29.24,27115.0,29.26,46.0,29.27,1051.0
1753532011348,12:13:31.348,BSV/USDT:USDT,29.25,11.0,29.24,27115.0,29.26,72.0,29.27,1051.0
1753532011570,12:13:31.570,BSV/USDT:USDT,29.25,11.0,29.24,27115.0,29.26,46.0,29.27,1051.0
1753532011655,12:13:31.655,BSV/USDT:USDT,29.25,11.0,29.24,27115.0,29.26,20.0,29.27,1051.0
1753532011823,12:13:31.823,BSV/USDT:USDT,29.25,11.0,29.24,27115.0,29.26,46.0,29.27,1051.0
1753532011928,12:13:31.928,BSV/USDT:USDT,29.25,11.0,29.24,27115.0,29.26,46.0,29.27,1051.0
1753532012020,12:13:32.020,BSV/USDT:USDT,29.25,11.0,29.24,27115.0,29.26,72.0,29.27,1051.0
1753532013082,12:13:33.082,BSV/USDT:USDT,29.25,11.0,29.24,27115.0,29.26,72.0,29.27,1051.0
1753532013419,12:13:33.419,BSV/USDT:USDT,29.25,11.0,29.24,27115.0,29.26,72.0,29.27,1051.0
1753532013821,12:13:33.821,BSV/USDT:USDT,29.25,11.0,29.24,27115.0,29.26,72.0,29.27,1051.0
1753532013917,12:13:33.917,BSV/USDT:USDT,29.25,11.0,29.24,27115.0,29.26,72.0,29.27,1051.0
1753532013947,12:13:33.947,BSV/USDT:USDT,29.25,11.0,29.24,27115.0,29.26,72.0,29.27,1051.0
1753532014303,12:13:34.303,BSV/USDT:USDT,29.25,11.0,29.24,27115.0,29.26,72.0,29.27,1051.0
1753532015109,12:13:35.109,BSV/USDT:USDT,29.25,11.0,29.24,27115.0,29.26,72.0,29.27,1051.0
1753532015359,12:13:35.359,BSV/USDT:USDT,29.25,11.0,29.24,27115.0,29.26,72.0,29.27,1051.0
1753532016262,12:13:36.262,BSV/USDT:USDT,29.25,11.0,29.24,27115.0,29.26,72.0,29.27,1051.0
1753532016889,12:13:36.889,BSV/USDT:USDT,29.25,11.0,29.24,27115.0,29.26,72.0,29.27,1051.0
1753532017019,12:13:37.019,BSV/USDT:USDT,29.25,11.0,29.24,27115.0,29.26,72.0,29.27,1051.0
1753532017324,12:13:37.324,BSV/USDT:USDT,29.25,11.0,29.24,27115.0,29.26,72.0,29.27,1051.0
1753532017494,12:13:37.494,BSV/USDT:USDT,29.25,11.0,29.24,27115.0,29.26,72.0,29.27,1051.0
1753532018024,12:13:38.024,BSV/USDT:USDT,29.25,11.0,29.24,27115.0,29.26,72.0,29.27,1051.0
1753532019126,12:13:39.126,BSV/USDT:USDT,29.25,11.0,29.24,27115.0,29.26,72.0,29.27,1051.0
1753532022822,12:13:42.822,BSV/USDT:USDT,29.25,11.0,29.24,27115.0,29.26,46.0,29.27,1051.0
1753532025618,12:13:45.618,BSV/USDT:USDT,29.25,11.0,29.24,27115.0,29.26,20.0,29.27,1051.0
1753532026951,12:13:46.951,BSV/USDT:USDT,29.25,37.0,29.24,27115.0,29.26,20.0,29.27,1051.0
1753532027094,12:13:47.094,BSV/USDT:USDT,29.25,37.0,29.24,27115.0,29.26,20.0,29.27,1051.0
1753532027999,12:13:47.999,BSV/USDT:USDT,29.25,37.0,29.24,27115.0,29.26,20.0,29.27,1051.0
1753532033007,12:13:53.007,BSV/USDT:USDT,29.25,37.0,29.24,27115.0,29.26,20.0,29.27,1051.0
1753532033041,12:13:53.041,BSV/USDT:USDT,29.25,37.0,29.24,27115.0,29.26,20.0,29.27,1051.0
1753532034199,12:13:54.199,BSV/USDT:USDT,29.25,37.0,29.24,27115.0,29.26,20.0,29.27,1051.0
1753532034299,12:13:54.299,BSV/USDT:USDT,29.25,37.0,29.24,27115.0,29.26,20.0,29.27,1051.0
1753532034853,12:13:54.853,BSV/USDT:USDT,29.25,37.0,29.24,27115.0,29.26,20.0,29.27,1051.0
1753532036397,12:13:56.397,BSV/USDT:USDT,29.25,1121.0,29.24,27115.0,29.26,20.0,29.27,1051.0
1753532037519,12:13:57.519,BSV/USDT:USDT,29.25,1121.0,29.24,27115.0,29.26,20.0,29.27,1051.0
1753532037659,12:13:57.659,BSV/USDT:USDT,29.25,1121.0,29.24,27115.0,29.26,20.0,29.27,1051.0
1753532037793,12:13:57.793,BSV/USDT:USDT,29.25,1121.0,29.24,27115.0,29.26,20.0,29.27,1051.0
1753532037866,12:13:57.866,BSV/USDT:USDT,29.25,1121.0,29.24,27115.0,29.26,20.0,29.27,1051.0
1753532038965,12:13:58.965,BSV/USDT:USDT,29.25,1095.0,29.24,27115.0,29.26,20.0,29.27,1051.0
1753532040324,12:14:00.324,BSV/USDT:USDT,29.25,1121.0,29.24,27115.0,29.26,20.0,29.27,1051.0
1753532040450,12:14:00.450,BSV/USDT:USDT,29.25,1095.0,29.24,27115.0,29.26,20.0,29.27,1051.0
1753532041226,12:14:01.226,BSV/USDT:USDT,29.25,1121.0,29.24,27115.0,29.26,20.0,29.27,1051.0
1753532045271,12:14:05.271,BSV/USDT:USDT,29.25,1121.0,29.24,27115.0,29.26,20.0,29.27,1051.0
1753532046879,12:14:06.879,BSV/USDT:USDT,29.25,1121.0,29.24,27115.0,29.26,20.0,29.27,1051.0
1753532047405,12:14:07.405,BSV/USDT:USDT,29.25,1121.0,29.24,27115.0,29.26,20.0,29.27,1051.0
1753532050222,12:14:10.222,BSV/USDT:USDT,29.25,1121.0,29.24,27115.0,29.26,20.0,29.27,1051.0
1753532050796,12:14:10.796,BSV/USDT:USDT,29.25,1121.0,29.24,27115.0,29.26,20.0,29.27,1051.0
1753532050999,12:14:10.999,BSV/USDT:USDT,29.25,1121.0,29.24,27115.0,29.26,20.0,29.27,1051.0
1753532051100,12:14:11.100,BSV/USDT:USDT,29.25,1121.0,29.24,27115.0,29.26,20.0,29.27,1051.0
1753532051317,12:14:11.317,BSV/USDT:USDT,29.25,1121.0,29.24,27115.0,29.26,20.0,29.27,1051.0
1753532051369,12:14:11.369,BSV/USDT:USDT,29.25,1121.0,29.24,27115.0,29.26,20.0,29.27,1051.0
1753532051464,12:14:11.464,BSV/USDT:USDT,29.25,1121.0,29.24,27115.0,29.26,20.0,29.27,1051.0
1753532051570,12:14:11.570,BSV/USDT:USDT,29.25,1121.0,29.24,27115.0,29.26,20.0,29.27,1051.0
1753532051711,12:14:11.711,BSV/USDT:USDT,29.25,1121.0,29.24,27115.0,29.26,20.0,29.27,1051.0
1753532051824,12:14:11.824,BSV/USDT:USDT,29.25,1095.0,29.24,27115.0,29.26,20.0,29.27,1051.0
1753532052087,12:14:12.087,BSV/USDT:USDT,29.25,1095.0,29.24,27115.0,29.26,20.0,29.27,1051.0
1753532052321,12:14:12.321,BSV/USDT:USDT,29.25,1121.0,29.24,27115.0,29.26,20.0,29.27,1051.0
1753532052684,12:14:12.684,BSV/USDT:USDT,29.25,1095.0,29.24,27115.0,29.26,20.0,29.27,1051.0
1753532053565,12:14:13.565,BSV/USDT:USDT,29.25,1121.0,29.24,27115.0,29.26,20.0,29.27,1051.0
1753532053926,12:14:13.926,BSV/USDT:USDT,29.25,1121.0,29.24,27115.0,29.26,20.0,29.27,1051.0
1753532053969,12:14:13.969,BSV/USDT:USDT,29.25,1121.0,29.24,27115.0,29.26,20.0,29.27,1051.0
1753532056079,12:14:16.079,BSV/USDT:USDT,29.25,1121.0,29.24,27115.0,29.26,20.0,29.27,1051.0
1753532056932,12:14:16.932,BSV/USDT:USDT,29.25,1121.0,29.24,27115.0,29.26,20.0,29.27,1051.0
1753532057005,12:14:17.005,BSV/USDT:USDT,29.25,1121.0,29.24,27115.0,29.26,20.0,29.27,1051.0
1753532057199,12:14:17.199,BSV/USDT:USDT,29.25,1121.0,29.24,27115.0,29.26,20.0,29.27,1051.0
1753532058435,12:14:18.435,BSV/USDT:USDT,29.25,1121.0,29.24,27115.0,29.26,20.0,29.27,1051.0
1753532058530,12:14:18.530,BSV/USDT:USDT,29.25,1121.0,29.24,27115.0,29.26,20.0,29.27,1051.0
1753532058678,12:14:18.678,BSV/USDT:USDT,29.25,1121.0,29.24,27115.0,29.26,20.0,29.27,1051.0
1753532061693,12:14:21.693,BSV/USDT:USDT,29.25,1069.0,29.24,27115.0,29.26,20.0,29.27,1051.0
1753532066544,12:14:26.544,BSV/USDT:USDT,29.25,1069.0,29.24,27115.0,29.26,20.0,29.27,1051.0
1753532066643,12:14:26.643,BSV/USDT:USDT,29.25,1071.0,29.24,27115.0,29.26,22.0,29.27,1051.0
1753532066793,12:14:26.793,BSV/USDT:USDT,29.25,1071.0,29.24,27115.0,29.26,22.0,29.27,1051.0
1753532069666,12:14:29.666,BSV/USDT:USDT,29.25,1123.0,29.24,27115.0,29.26,22.0,29.28,5092.0
1753532069801,12:14:29.801,BSV/USDT:USDT,29.25,1097.0,29.24,27115.0,29.27,22.0,29.28,5092.0
1753532069932,12:14:29.932,BSV/USDT:USDT,29.25,1084.0,29.24,27115.0,29.27,22.0,29.28,5092.0
1753532070030,12:14:30.030,BSV/USDT:USDT,29.25,1084.0,29.24,27115.0,29.27,22.0,29.28,5092.0
1753532070126,12:14:30.126,BSV/USDT:USDT,29.25,1084.0,29.24,27115.0,29.27,48.0,29.28,5092.0
1753532070139,12:14:30.139,BSV/USDT:USDT,29.25,1084.0,29.24,27115.0,29.27,48.0,29.28,5092.0
1753532072130,12:14:32.130,BSV/USDT:USDT,29.25,1084.0,29.24,27115.0,29.27,22.0,29.28,5092.0
1753532073198,12:14:33.198,BSV/USDT:USDT,29.25,1058.0,29.24,27115.0,29.27,74.0,29.28,20046.0
1753532075036,12:14:35.036,BSV/USDT:USDT,29.25,1058.0,29.24,27115.0,29.27,74.0,29.28,20046.0
1753532075037,12:14:35.037,BSV/USDT:USDT,29.25,1058.0,29.24,27115.0,29.27,74.0,29.28,20046.0
1753532076932,12:14:36.932,BSV/USDT:USDT,29.25,1058.0,29.24,27115.0,29.27,74.0,29.28,20046.0
1753532076938,12:14:36.938,BSV/USDT:USDT,29.25,1058.0,29.24,27115.0,29.27,74.0,29.28,20046.0
1753532077230,12:14:37.230,BSV/USDT:USDT,29.25,1084.0,29.24,27115.0,29.27,74.0,29.28,20046.0
1753532077258,12:14:37.258,BSV/USDT:USDT,29.25,1084.0,29.24,27115.0,29.27,74.0,29.28,20046.0
1753532077845,12:14:37.845,BSV/USDT:USDT,29.25,1058.0,29.24,27115.0,29.27,74.0,29.28,20046.0
1753532079021,12:14:39.021,BSV/USDT:USDT,29.25,1058.0,29.24,27115.0,29.27,74.0,29.28,20046.0
1753532079077,12:14:39.077,BSV/USDT:USDT,29.25,1058.0,29.24,27115.0,29.27,74.0,29.28,20046.0
1753532079362,12:14:39.362,BSV/USDT:USDT,29.25,1058.0,29.24,27115.0,29.27,74.0,29.28,20046.0
1753532079634,12:14:39.634,BSV/USDT:USDT,29.25,1058.0,29.24,27115.0,29.27,74.0,29.28,20046.0
1753532079640,12:14:39.640,BSV/USDT:USDT,29.25,1058.0,29.24,27115.0,29.27,74.0,29.28,20046.0
1753532081731,12:14:41.731,BSV/USDT:USDT,29.25,1084.0,29.24,27115.0,29.27,74.0,29.28,20046.0
1753532081740,12:14:41.740,BSV/USDT:USDT,29.25,1058.0,29.24,27115.0,29.27,74.0,29.28,20046.0
1753532083132,12:14:43.132,BSV/USDT:USDT,29.25,1058.0,29.24,27115.0,29.27,74.0,29.28,20046.0
1753532083269,12:14:43.269,BSV/USDT:USDT,29.25,1058.0,29.24,27115.0,29.27,74.0,29.28,20046.0
1753532083391,12:14:43.391,BSV/USDT:USDT,29.25,1058.0,29.24,27115.0,29.27,74.0,29.28,20046.0
1753532085425,12:14:45.425,BSV/USDT:USDT,29.25,1084.0,29.24,27115.0,29.27,74.0,29.28,20046.0
1753532085445,12:14:45.445,BSV/USDT:USDT,29.25,1058.0,29.24,27115.0,29.27,74.0,29.28,20046.0
1753532085542,12:14:45.542,BSV/USDT:USDT,29.25,1084.0,29.24,27115.0,29.27,74.0,29.28,20046.0
1753532087028,12:14:47.028,BSV/USDT:USDT,29.25,1058.0,29.24,27115.0,29.27,74.0,29.28,20046.0
1753532087481,12:14:47.481,BSV/USDT:USDT,29.25,1058.0,29.24,27115.0,29.27,74.0,29.28,20046.0
1753532087559,12:14:47.559,BSV/USDT:USDT,29.25,1058.0,29.24,27115.0,29.27,74.0,29.28,20046.0
1753532092085,12:14:52.085,BSV/USDT:USDT,29.25,1084.0,29.24,27115.0,29.27,74.0,29.28,20046.0
1753532094252,12:14:54.252,BSV/USDT:USDT,29.25,1084.0,29.24,27115.0,29.27,48.0,29.28,20046.0
1753532094776,12:14:54.776,BSV/USDT:USDT,29.25,1084.0,29.24,27115.0,29.27,48.0,29.28,20046.0
1753532096200,12:14:56.200,BSV/USDT:USDT,29.25,1084.0,29.24,27115.0,29.27,22.0,29.28,20046.0
1753532096241,12:14:56.241,BSV/USDT:USDT,29.25,1084.0,29.24,27115.0,29.27,48.0,29.28,20046.0
1753532096421,12:14:56.421,BSV/USDT:USDT,29.26,1065.0,29.25,2345.0,29.27,22.0,29.28,4541.0
1753532096499,12:14:56.499,BSV/USDT:USDT,29.26,1078.0,29.25,3241.0,29.27,22.0,29.28,1029.0
1753532096779,12:14:56.779,BSV/USDT:USDT,29.26,1104.0,29.25,20364.0,29.27,22.0,29.28,1029.0
1753532096883,12:14:56.883,BSV/USDT:USDT,29.26,1104.0,29.25,20364.0,29.27,22.0,29.28,1029.0
1753532097407,12:14:57.407,BSV/USDT:USDT,29.26,1078.0,29.25,20364.0,29.27,22.0,29.28,1029.0
1753532097591,12:14:57.591,BSV/USDT:USDT,29.26,1078.0,29.25,20364.0,29.27,22.0,29.28,1029.0
1753532097687,12:14:57.687,BSV/USDT:USDT,29.26,1078.0,29.25,20364.0,29.27,22.0,29.28,1029.0
1753532100334,12:15:00.334,BSV/USDT:USDT,29.27,1051.0,29.26,1552.0,29.29,555.0,29.3,6901.0
1753532100432,12:15:00.432,BSV/USDT:USDT,29.27,1028.0,29.26,26447.0,29.29,578.0,29.3,15878.0
1753532100520,12:15:00.520,BSV/USDT:USDT,29.27,8962.0,29.26,26447.0,29.29,555.0,29.3,15878.0
1753532100539,12:15:00.539,BSV/USDT:USDT,29.27,8962.0,29.26,26447.0,29.29,555.0,29.3,15878.0
1753532100907,12:15:00.907,BSV/USDT:USDT,29.27,8962.0,29.26,26447.0,29.29,6.0,29.3,16439.0
1753532100993,12:15:00.993,BSV/USDT:USDT,29.27,8985.0,29.26,26447.0,29.29,7.0,29.3,16439.0
1753532101268,12:15:01.268,BSV/USDT:USDT,29.27,8985.0,29.26,26447.0,29.29,7.0,29.3,16439.0
1753532101359,12:15:01.359,BSV/USDT:USDT,29.27,8985.0,29.26,26447.0,29.29,7.0,29.3,16439.0
1753532101439,12:15:01.439,BSV/USDT:USDT,29.27,1051.0,29.26,26447.0,29.29,7.0,29.3,16439.0
1753532101679,12:15:01.679,BSV/USDT:USDT,29.27,1051.0,29.26,26447.0,29.29,7.0,29.3,16439.0
1753532101801,12:15:01.801,BSV/USDT:USDT,29.27,1028.0,29.26,26447.0,29.29,30.0,29.3,16439.0
1753532101920,12:15:01.920,BSV/USDT:USDT,29.27,1051.0,29.26,26447.0,29.29,7.0,29.3,16439.0
1753532102019,12:15:02.019,BSV/USDT:USDT,29.27,1051.0,29.26,26447.0,29.29,7.0,29.3,16439.0
1753532102186,12:15:02.186,BSV/USDT:USDT,29.27,1028.0,29.26,26447.0,29.29,30.0,29.3,16439.0
1753532102480,12:15:02.480,BSV/USDT:USDT,29.27,1028.0,29.26,26447.0,29.29,30.0,29.3,16439.0
1753532102559,12:15:02.559,BSV/USDT:USDT,29.27,1051.0,29.26,26447.0,29.29,30.0,29.3,16439.0
1753532102824,12:15:02.824,BSV/USDT:USDT,29.27,1028.0,29.26,26447.0,29.29,53.0,29.3,16439.0
1753532103005,12:15:03.005,BSV/USDT:USDT,29.27,1051.0,29.26,26447.0,29.29,7.0,29.3,16439.0
1753532103345,12:15:03.345,BSV/USDT:USDT,29.27,1051.0,29.26,26447.0,29.29,30.0,29.3,16439.0
1753532103519,12:15:03.519,BSV/USDT:USDT,29.27,1051.0,29.26,26447.0,29.29,30.0,29.3,16439.0
1753532103626,12:15:03.626,BSV/USDT:USDT,29.27,1051.0,29.26,26447.0,29.29,30.0,29.3,16439.0
1753532104194,12:15:04.194,BSV/USDT:USDT,29.27,1051.0,29.26,26447.0,29.29,53.0,29.3,16439.0
1753532104324,12:15:04.324,BSV/USDT:USDT,29.27,1051.0,29.26,26447.0,29.29,7.0,29.3,16439.0
1753532104519,12:15:04.519,BSV/USDT:USDT,29.27,1051.0,29.26,26447.0,29.29,30.0,29.3,16439.0
1753532104564,12:15:04.564,BSV/USDT:USDT,29.27,1051.0,29.26,26447.0,29.29,7.0,29.3,16439.0
1753532104734,12:15:04.734,BSV/USDT:USDT,29.27,1028.0,29.26,26447.0,29.29,53.0,29.3,16439.0
1753532104775,12:15:04.775,BSV/USDT:USDT,29.26,26447.0,29.25,85183.0,29.29,1081.0,29.3,16439.0
1753532104859,12:15:04.859,BSV/USDT:USDT,29.27,31.0,29.26,26447.0,29.29,1081.0,29.3,87100.0
1753532104944,12:15:04.944,BSV/USDT:USDT,29.27,31.0,29.26,26447.0,29.29,1080.0,29.3,87100.0
1753532106682,12:15:06.682,BSV/USDT:USDT,29.27,31.0,29.26,26447.0,29.29,1080.0,29.3,87100.0
1753532107019,12:15:07.019,BSV/USDT:USDT,29.27,31.0,29.26,26447.0,29.29,1080.0,29.3,87100.0
1753532107182,12:15:07.182,BSV/USDT:USDT,29.27,31.0,29.26,26447.0,29.29,1080.0,29.3,87100.0
1753532107255,12:15:07.255,BSV/USDT:USDT,29.27,31.0,29.26,26447.0,29.29,1080.0,29.3,87100.0
1753532110111,12:15:10.111,BSV/USDT:USDT,29.27,31.0,29.26,26447.0,29.29,1080.0,29.3,87100.0
1753532110819,12:15:10.819,BSV/USDT:USDT,29.27,31.0,29.26,26447.0,29.29,1080.0,29.3,87100.0
1753532112660,12:15:12.660,BSV/USDT:USDT,29.27,31.0,29.26,26447.0,29.29,1080.0,29.3,87100.0
1753532114030,12:15:14.030,BSV/USDT:USDT,29.27,31.0,29.26,26447.0,29.29,1080.0,29.3,87100.0
1753532114335,12:15:14.335,BSV/USDT:USDT,29.27,31.0,29.26,26447.0,29.29,1080.0,29.3,87100.0
1753532114625,12:15:14.625,BSV/USDT:USDT,29.27,31.0,29.26,26447.0,29.29,1080.0,29.3,87100.0
1753532114822,12:15:14.822,BSV/USDT:USDT,29.27,31.0,29.26,26447.0,29.29,1080.0,29.3,87100.0
1753532116319,12:15:16.319,BSV/USDT:USDT,29.27,31.0,29.26,26447.0,29.29,1080.0,29.3,87100.0
1753532116404,12:15:16.404,BSV/USDT:USDT,29.27,31.0,29.26,26447.0,29.29,1080.0,29.3,87100.0
1753532116621,12:15:16.621,BSV/USDT:USDT,29.27,31.0,29.26,26447.0,29.29,1080.0,29.3,87100.0
1753532117176,12:15:17.176,BSV/USDT:USDT,29.27,31.0,29.26,26447.0,29.29,1080.0,29.3,87100.0
1753532118112,12:15:18.112,BSV/USDT:USDT,29.27,31.0,29.26,26447.0,29.29,1080.0,29.3,87100.0
1753532118411,12:15:18.411,BSV/USDT:USDT,29.27,31.0,29.26,26447.0,29.29,1080.0,29.3,87100.0
1753532118439,12:15:18.439,BSV/USDT:USDT,29.27,31.0,29.26,26447.0,29.29,1080.0,29.3,87100.0
1753532118750,12:15:18.750,BSV/USDT:USDT,29.27,31.0,29.26,26447.0,29.29,1080.0,29.3,87100.0
1753532118872,12:15:18.872,BSV/USDT:USDT,29.27,54.0,29.26,26447.0,29.29,1080.0,29.3,87100.0
1753532119003,12:15:19.003,BSV/USDT:USDT,29.27,54.0,29.26,26447.0,29.29,1080.0,29.3,87100.0
1753532119132,12:15:19.132,BSV/USDT:USDT,29.27,54.0,29.26,26447.0,29.29,1080.0,29.3,87100.0
1753532119492,12:15:19.492,BSV/USDT:USDT,29.27,54.0,29.26,26447.0,29.29,1080.0,29.3,87100.0
1753532121321,12:15:21.321,BSV/USDT:USDT,29.27,31.0,29.26,26447.0,29.29,1080.0,29.3,87100.0
1753532121793,12:15:21.793,BSV/USDT:USDT,29.27,54.0,29.26,26447.0,29.29,1080.0,29.3,87100.0
1753532124121,12:15:24.121,BSV/USDT:USDT,29.27,77.0,29.26,26447.0,29.29,6.0,29.3,4073.0
1753532124234,12:15:24.234,BSV/USDT:USDT,29.28,1073.0,29.27,1104.0,29.29,7.0,29.3,4073.0
1753532124324,12:15:24.324,BSV/USDT:USDT,29.28,1073.0,29.27,1104.0,29.29,7.0,29.3,4073.0
1753532124399,12:15:24.399,BSV/USDT:USDT,29.28,46.0,29.27,1081.0,29.29,7.0,29.3,561.0
1753532124530,12:15:24.530,BSV/USDT:USDT,29.28,23.0,29.27,1081.0,29.29,7.0,29.3,561.0
1753532124580,12:15:24.580,BSV/USDT:USDT,29.28,23.0,29.27,18657.0,29.29,7.0,29.3,561.0
1753532124733,12:15:24.733,BSV/USDT:USDT,29.28,23.0,29.27,18657.0,29.29,7.0,29.3,561.0
1753532124828,12:15:24.828,BSV/USDT:USDT,29.28,46.0,29.27,1081.0,29.29,7.0,29.3,561.0
1753532124920,12:15:24.920,BSV/USDT:USDT,29.28,23.0,29.27,1081.0,29.29,7.0,29.3,12490.0
1753532125014,12:15:25.014,BSV/USDT:USDT,29.28,23.0,29.27,1081.0,29.29,7.0,29.3,12490.0
1753532125189,12:15:25.189,BSV/USDT:USDT,29.28,23.0,29.27,10139.0,29.29,7.0,29.3,12490.0
1753532125294,12:15:25.294,BSV/USDT:USDT,29.28,23.0,29.27,10139.0,29.29,7.0,29.3,12490.0
1753532125423,12:15:25.423,BSV/USDT:USDT,29.28,23.0,29.27,10139.0,29.29,7.0,29.3,12490.0
1753532125519,12:15:25.519,BSV/USDT:USDT,29.28,23.0,29.27,10139.0,29.29,7.0,29.3,12490.0
1753532125626,12:15:25.626,BSV/USDT:USDT,29.27,10162.0,29.26,30193.0,29.29,7.0,29.3,12490.0
1753532125714,12:15:25.714,BSV/USDT:USDT,29.27,10154.0,29.26,30193.0,29.29,7.0,29.3,12490.0
1753532126534,12:15:26.534,BSV/USDT:USDT,29.27,46.0,29.26,26681.0,29.29,1057.0,29.3,16002.0
1753532126585,12:15:26.585,BSV/USDT:USDT,29.27,54.0,29.26,26681.0,29.29,1056.0,29.3,16002.0
1753532126833,12:15:26.833,BSV/USDT:USDT,29.27,54.0,29.26,26681.0,29.29,1056.0,29.3,16002.0
1753532126837,12:15:26.837,BSV/USDT:USDT,29.27,54.0,29.26,26681.0,29.29,1056.0,29.3,16002.0
1753532131560,12:15:31.560,BSV/USDT:USDT,29.27,54.0,29.26,26681.0,29.29,1056.0,29.3,27489.0
1753532131641,12:15:31.641,BSV/USDT:USDT,29.27,54.0,29.26,26681.0,29.29,1056.0,29.3,27489.0
1753532132025,12:15:32.025,BSV/USDT:USDT,29.27,54.0,29.26,26681.0,29.29,1079.0,29.3,4073.0
1753532132128,12:15:32.128,BSV/USDT:USDT,29.27,1107.0,29.26,1539.0,29.29,6.0,29.3,4073.0
1753532132204,12:15:32.204,BSV/USDT:USDT,29.27,1076.0,29.26,1539.0,29.29,7.0,29.3,4073.0
1753532132279,12:15:32.279,BSV/USDT:USDT,29.27,1076.0,29.26,1539.0,29.29,7.0,29.3,4073.0
1753532132430,12:15:32.430,BSV/USDT:USDT,29.27,1076.0,29.26,29959.0,29.29,7.0,29.3,15301.0
1753532132446,12:15:32.446,BSV/USDT:USDT,29.27,2521.0,29.26,29959.0,29.29,7.0,29.3,15301.0
1753532132791,12:15:32.791,BSV/USDT:USDT,29.27,2521.0,29.26,29959.0,29.29,1037.0,29.3,15301.0
1753532132915,12:15:32.915,BSV/USDT:USDT,29.27,2521.0,29.26,29959.0,29.29,1036.0,29.3,15301.0
1753532133028,12:15:33.028,BSV/USDT:USDT,29.27,2521.0,29.26,29959.0,29.29,1036.0,29.3,15301.0
1753532134819,12:15:34.819,BSV/USDT:USDT,29.27,1076.0,29.26,26447.0,29.29,1036.0,29.3,18813.0
1753532135060,12:15:35.060,BSV/USDT:USDT,29.27,1076.0,29.26,26447.0,29.29,1036.0,29.3,18813.0
1753532137194,12:15:37.194,BSV/USDT:USDT,29.27,1053.0,29.26,26447.0,29.29,1036.0,29.3,18813.0
1753532138240,12:15:38.240,BSV/USDT:USDT,29.27,1053.0,29.26,26447.0,29.29,1059.0,29.3,18813.0
1753532138404,12:15:38.404,BSV/USDT:USDT,29.27,1053.0,29.26,26447.0,29.29,1082.0,29.3,18813.0
1753532138564,12:15:38.564,BSV/USDT:USDT,29.27,1053.0,29.26,26447.0,29.29,1059.0,29.3,18813.0
1753532140088,12:15:40.088,BSV/USDT:USDT,29.27,1053.0,29.26,26447.0,29.29,1082.0,29.3,27142.0
1753532140144,12:15:40.144,BSV/USDT:USDT,29.27,1053.0,29.26,26447.0,29.29,1082.0,29.3,27142.0
1753532143107,12:15:43.107,BSV/USDT:USDT,29.27,1053.0,29.26,26447.0,29.29,1082.0,29.3,27142.0
1753532143520,12:15:43.520,BSV/USDT:USDT,29.27,1053.0,29.26,26447.0,29.29,1082.0,29.3,27142.0
1753532143960,12:15:43.960,BSV/USDT:USDT,29.27,23.0,29.26,26447.0,29.29,1082.0,29.3,27142.0
1753532144046,12:15:44.046,BSV/USDT:USDT,29.27,54.0,29.26,26447.0,29.29,1082.0,29.3,27142.0
1753532145330,12:15:45.330,BSV/USDT:USDT,29.27,77.0,29.26,26447.0,29.29,1059.0,29.3,27142.0
1753532146381,12:15:46.381,BSV/USDT:USDT,29.27,77.0,29.26,26447.0,29.29,1059.0,29.3,27142.0
1753532146590,12:15:46.590,BSV/USDT:USDT,29.27,77.0,29.26,26447.0,29.29,1059.0,29.3,27142.0
1753532146702,12:15:46.702,BSV/USDT:USDT,29.27,77.0,29.26,26447.0,29.29,1059.0,29.3,27142.0
1753532147027,12:15:47.027,BSV/USDT:USDT,29.27,77.0,29.26,26447.0,29.29,1059.0,29.3,27142.0
1753532147435,12:15:47.435,BSV/USDT:USDT,29.27,77.0,29.26,26447.0,29.29,1059.0,29.3,27142.0
1753532147446,12:15:47.446,BSV/USDT:USDT,29.27,77.0,29.26,26447.0,29.29,1059.0,29.3,27142.0
1753532148109,12:15:48.109,BSV/USDT:USDT,29.27,77.0,29.26,26447.0,29.29,1036.0,29.3,27142.0
1753532148223,12:15:48.223,BSV/USDT:USDT,29.27,77.0,29.26,26447.0,29.29,1059.0,29.3,27142.0
1753532148525,12:15:48.525,BSV/USDT:USDT,29.27,77.0,29.26,26447.0,29.29,1059.0,29.3,27142.0
1753532148542,12:15:48.542,BSV/USDT:USDT,29.27,77.0,29.26,26447.0,29.29,1059.0,29.3,27142.0
1753532150990,12:15:50.990,BSV/USDT:USDT,29.27,77.0,29.26,26447.0,29.29,1036.0,29.3,27142.0
1753532151720,12:15:51.720,BSV/USDT:USDT,29.27,77.0,29.26,26447.0,29.29,1036.0,29.3,27142.0
1753532152420,12:15:52.420,BSV/USDT:USDT,29.27,1113.0,29.26,26447.0,29.29,1036.0,29.3,27142.0
1753532152444,12:15:52.444,BSV/USDT:USDT,29.27,1082.0,29.26,26447.0,29.29,1036.0,29.3,27142.0
1753532155313,12:15:55.313,BSV/USDT:USDT,29.27,1082.0,29.26,26447.0,29.29,1036.0,29.3,27142.0
1753532155359,12:15:55.359,BSV/USDT:USDT,29.27,1082.0,29.26,26447.0,29.29,1036.0,29.3,27142.0
1753532157500,12:15:57.500,BSV/USDT:USDT,29.27,1082.0,29.26,26447.0,29.29,1036.0,29.3,27142.0
1753532159432,12:15:59.432,BSV/USDT:USDT,29.27,3398.0,29.26,32629.0,29.29,6.0,29.3,23630.0
1753532159534,12:15:59.534,BSV/USDT:USDT,29.27,3398.0,29.26,32629.0,29.29,7.0,29.3,561.0
1753532159632,12:15:59.632,BSV/USDT:USDT,29.27,20227.0,29.26,89689.0,29.29,7.0,29.3,561.0
1753532159680,12:15:59.680,BSV/USDT:USDT,29.27,20227.0,29.26,89689.0,29.29,7.0,29.3,561.0
1753532160427,12:16:00.427,BSV/USDT:USDT,29.27,20227.0,29.26,88137.0,29.29,7.0,29.3,561.0
1753532160440,12:16:00.440,BSV/USDT:USDT,29.27,20227.0,29.26,88137.0,29.29,7.0,29.3,561.0
1753532160605,12:16:00.605,BSV/USDT:USDT,29.27,20227.0,29.26,84625.0,29.29,7.0,29.3,561.0
1753532160647,12:16:00.647,BSV/USDT:USDT,29.27,20227.0,29.26,84625.0,29.29,7.0,29.3,561.0
1753532161683,12:16:01.683,BSV/USDT:USDT,29.27,20227.0,29.26,84625.0,29.29,7.0,29.3,561.0
1753532161763,12:16:01.763,BSV/USDT:USDT,29.27,20227.0,29.26,84625.0,29.29,7.0,29.3,561.0
1753532164844,12:16:04.844,BSV/USDT:USDT,29.27,20227.0,29.26,84625.0,29.29,7.0,29.3,561.0
1753532165537,12:16:05.537,BSV/USDT:USDT,29.27,20227.0,29.26,84625.0,29.29,7.0,29.3,561.0
1753532165560,12:16:05.560,BSV/USDT:USDT,29.27,20227.0,29.26,84625.0,29.29,7.0,29.3,14490.0
1753532165931,12:16:05.931,BSV/USDT:USDT,29.27,20227.0,29.26,84625.0,29.29,7.0,29.3,14490.0
1753532166585,12:16:06.585,BSV/USDT:USDT,29.27,20227.0,29.26,84625.0,29.29,7.0,29.3,14490.0
1753532166894,12:16:06.894,BSV/USDT:USDT,29.27,20227.0,29.26,84625.0,29.29,7.0,29.3,14490.0
1753532166952,12:16:06.952,BSV/USDT:USDT,29.27,20227.0,29.26,84625.0,29.29,7.0,29.3,14490.0
1753532167978,12:16:07.978,BSV/USDT:USDT,29.27,20227.0,29.26,84625.0,29.29,7.0,29.3,14490.0
1753532168059,12:16:08.059,BSV/USDT:USDT,29.27,20227.0,29.26,84625.0,29.29,7.0,29.3,14490.0
1753532168627,12:16:08.627,BSV/USDT:USDT,29.27,20227.0,29.26,84625.0,29.29,7.0,29.3,14490.0
1753532168921,12:16:08.921,BSV/USDT:USDT,29.27,20227.0,29.26,84625.0,29.29,7.0,29.3,14490.0
1753532169035,12:16:09.035,BSV/USDT:USDT,29.27,20227.0,29.26,84625.0,29.29,7.0,29.3,14490.0
1753532169096,12:16:09.096,BSV/USDT:USDT,29.27,20227.0,29.26,84625.0,29.29,7.0,29.3,14490.0
1753532169303,12:16:09.303,BSV/USDT:USDT,29.27,20227.0,29.26,84625.0,29.29,7.0,29.3,14490.0
1753532169427,12:16:09.427,BSV/USDT:USDT,29.27,20227.0,29.26,84625.0,29.29,7.0,29.3,14490.0
1753532170207,12:16:10.207,BSV/USDT:USDT,29.27,20227.0,29.26,84625.0,29.29,7.0,29.3,14490.0
1753532170425,12:16:10.425,BSV/USDT:USDT,29.27,20227.0,29.26,84625.0,29.29,7.0,29.3,14490.0
1753532170438,12:16:10.438,BSV/USDT:USDT,29.27,20227.0,29.26,84625.0,29.29,7.0,29.3,14490.0
1753532170831,12:16:10.831,BSV/USDT:USDT,29.27,20227.0,29.26,84625.0,29.29,7.0,29.3,14490.0
1753532170936,12:16:10.936,BSV/USDT:USDT,29.27,20227.0,29.26,84625.0,29.29,7.0,29.3,14490.0
1753532171087,12:16:11.087,BSV/USDT:USDT,29.27,20227.0,29.26,84625.0,29.29,7.0,29.3,14490.0
1753532171205,12:16:11.205,BSV/USDT:USDT,29.27,20227.0,29.26,84625.0,29.29,7.0,29.3,14490.0
1753532171281,12:16:11.281,BSV/USDT:USDT,29.27,20227.0,29.26,84625.0,29.29,7.0,29.3,14490.0
1753532172287,12:16:12.287,BSV/USDT:USDT,29.27,20227.0,29.26,84625.0,29.29,7.0,29.3,14490.0
1753532172978,12:16:12.978,BSV/USDT:USDT,29.27,20227.0,29.26,84625.0,29.29,7.0,29.3,14490.0
1753532173329,12:16:13.329,BSV/USDT:USDT,29.27,20227.0,29.26,84625.0,29.29,7.0,29.3,14490.0
1753532173395,12:16:13.395,BSV/USDT:USDT,29.27,20227.0,29.26,84625.0,29.29,7.0,29.3,14490.0
1753532174379,12:16:14.379,BSV/USDT:USDT,29.27,20227.0,29.26,84625.0,29.29,7.0,29.3,14490.0
1753532174446,12:16:14.446,BSV/USDT:USDT,29.27,20227.0,29.26,84625.0,29.29,7.0,29.3,14490.0
1753532175135,12:16:15.135,BSV/USDT:USDT,29.27,20227.0,29.26,84625.0,29.29,7.0,29.3,13929.0
1753532175193,12:16:15.193,BSV/USDT:USDT,29.27,20227.0,29.26,84625.0,29.29,7.0,29.31,85230.0
1753532175248,12:16:15.248,BSV/USDT:USDT,29.27,20227.0,29.26,84625.0,29.29,6.0,29.3,1.0
1753532175382,12:16:15.382,BSV/USDT:USDT,29.27,20227.0,29.26,84625.0,29.29,6.0,29.3,1.0
1753532175447,12:16:15.447,BSV/USDT:USDT,29.27,20227.0,29.26,84625.0,29.29,6.0,29.3,1.0
1753532175794,12:16:15.794,BSV/USDT:USDT,29.27,20227.0,29.26,84625.0,29.29,6.0,29.3,1.0
1753532176746,12:16:16.746,BSV/USDT:USDT,29.27,20227.0,29.26,84625.0,29.29,6.0,29.3,1.0
1753532176902,12:16:16.902,BSV/USDT:USDT,29.27,20227.0,29.26,84625.0,29.29,29.0,29.3,1.0
1753532177138,12:16:17.138,BSV/USDT:USDT,29.27,20204.0,29.26,84625.0,29.29,29.0,29.3,1.0
1753532179401,12:16:19.401,BSV/USDT:USDT,29.27,20204.0,29.26,84625.0,29.29,29.0,29.3,1.0
1753532179465,12:16:19.465,BSV/USDT:USDT,29.27,20204.0,29.26,84625.0,29.29,29.0,29.3,1.0
1753532179768,12:16:19.768,BSV/USDT:USDT,29.27,20204.0,29.26,84625.0,29.29,6.0,29.3,1.0
1753532180225,12:16:20.225,BSV/USDT:USDT,29.27,20204.0,29.26,84625.0,29.29,29.0,29.3,1.0
1753532180624,12:16:20.624,BSV/USDT:USDT,29.27,20181.0,29.26,84625.0,29.29,29.0,29.3,1.0
1753532180758,12:16:20.758,BSV/USDT:USDT,29.27,20181.0,29.26,84625.0,29.29,29.0,29.3,1.0
1753532180900,12:16:20.900,BSV/USDT:USDT,29.27,20181.0,29.26,84625.0,29.29,29.0,29.3,13956.0
1753532181004,12:16:21.004,BSV/USDT:USDT,29.27,20181.0,29.26,84625.0,29.29,29.0,29.3,13956.0
1753532181174,12:16:21.174,BSV/USDT:USDT,29.27,20181.0,29.26,84625.0,29.29,52.0,29.3,13956.0
1753532181963,12:16:21.963,BSV/USDT:USDT,29.27,20181.0,29.26,84625.0,29.29,52.0,29.3,13956.0
1753532182040,12:16:22.040,BSV/USDT:USDT,29.27,20181.0,29.26,84625.0,29.29,52.0,29.3,13956.0
1753532182244,12:16:22.244,BSV/USDT:USDT,29.27,20181.0,29.26,84625.0,29.29,52.0,29.3,13956.0
1753532182940,12:16:22.940,BSV/USDT:USDT,29.27,20181.0,29.26,84625.0,29.29,1101.0,29.3,13956.0
1753532183116,12:16:23.116,BSV/USDT:USDT,29.27,20181.0,29.26,84625.0,29.29,1101.0,29.3,13955.0
1753532183295,12:16:23.295,BSV/USDT:USDT,29.27,20181.0,29.26,84625.0,29.29,1101.0,29.3,13955.0
1753532183362,12:16:23.362,BSV/USDT:USDT,29.27,20181.0,29.26,84625.0,29.29,1101.0,29.3,13955.0
1753532183483,12:16:23.483,BSV/USDT:USDT,29.27,20181.0,29.26,84625.0,29.29,1101.0,29.3,13955.0
1753532184034,12:16:24.034,BSV/USDT:USDT,29.27,20181.0,29.26,84625.0,29.29,1101.0,29.3,13955.0
1753532184103,12:16:24.103,BSV/USDT:USDT,29.27,20181.0,29.26,84625.0,29.29,1101.0,29.3,13955.0
1753532184167,12:16:24.167,BSV/USDT:USDT,29.27,20181.0,29.26,84625.0,29.29,1101.0,29.3,13955.0
1753532184241,12:16:24.241,BSV/USDT:USDT,29.27,20181.0,29.26,84625.0,29.29,1101.0,29.3,13955.0
1753532184525,12:16:24.525,BSV/USDT:USDT,29.27,20181.0,29.26,84625.0,29.29,1101.0,29.3,13955.0
1753532184541,12:16:24.541,BSV/USDT:USDT,29.27,20181.0,29.26,84625.0,29.29,1101.0,29.3,13955.0
1753532184960,12:16:24.960,BSV/USDT:USDT,29.27,20181.0,29.26,84625.0,29.29,1101.0,29.3,13955.0
1753532185039,12:16:25.039,BSV/USDT:USDT,29.27,20181.0,29.26,84625.0,29.29,1101.0,29.3,13955.0
1753532185221,12:16:25.221,BSV/USDT:USDT,29.27,20181.0,29.26,84625.0,29.29,1101.0,29.3,13955.0
1753532185479,12:16:25.479,BSV/USDT:USDT,29.27,20181.0,29.26,84625.0,29.29,1101.0,29.3,13955.0
1753532185585,12:16:25.585,BSV/USDT:USDT,29.27,20181.0,29.26,84625.0,29.29,1101.0,29.3,13955.0
1753532185734,12:16:25.734,BSV/USDT:USDT,29.27,20181.0,29.26,84625.0,29.29,1101.0,29.3,13955.0
1753532186291,12:16:26.291,BSV/USDT:USDT,29.27,20181.0,29.26,84625.0,29.29,1101.0,29.3,13955.0
1753532186795,12:16:26.795,BSV/USDT:USDT,29.27,20181.0,29.26,84625.0,29.29,1101.0,29.3,13955.0
1753532186998,12:16:26.998,BSV/USDT:USDT,29.27,20181.0,29.26,84625.0,29.29,1101.0,29.3,17467.0
1753532188073,12:16:28.073,BSV/USDT:USDT,29.27,20181.0,29.26,84625.0,29.29,1101.0,29.3,17467.0
1753532188253,12:16:28.253,BSV/USDT:USDT,29.27,20181.0,29.26,84125.0,29.29,1101.0,29.3,17467.0
1753532188519,12:16:28.519,BSV/USDT:USDT,29.27,1036.0,29.26,2157.0,29.29,1101.0,29.3,17467.0
1753532191792,12:16:31.792,BSV/USDT:USDT,29.26,2157.0,29.25,30504.0,29.29,1101.0,29.3,26847.0
1753532191934,12:16:31.934,BSV/USDT:USDT,29.27,31.0,29.26,2157.0,29.28,47.0,29.29,1055.0
1753532194697,12:16:34.697,BSV/USDT:USDT,29.27,31.0,29.26,2157.0,29.28,24.0,29.29,1055.0
1753532194908,12:16:34.908,BSV/USDT:USDT,29.27,31.0,29.26,1039.0,29.28,47.0,29.29,1055.0
1753532194979,12:16:34.979,BSV/USDT:USDT,29.27,31.0,29.26,1039.0,29.28,47.0,29.29,15703.0
1753532195802,12:16:35.802,BSV/USDT:USDT,29.27,31.0,29.26,1039.0,29.28,24.0,29.29,15703.0
1753532195866,12:16:35.866,BSV/USDT:USDT,29.27,31.0,29.26,1039.0,29.28,47.0,29.29,15703.0
1753532195981,12:16:35.981,BSV/USDT:USDT,29.27,31.0,29.26,1039.0,29.28,47.0,29.29,15703.0
1753532196168,12:16:36.168,BSV/USDT:USDT,29.27,31.0,29.26,1039.0,29.28,47.0,29.29,15703.0
1753532196368,12:16:36.368,BSV/USDT:USDT,29.27,31.0,29.26,1039.0,29.28,47.0,29.29,15703.0
1753532196872,12:16:36.872,BSV/USDT:USDT,29.27,31.0,29.26,1039.0,29.28,47.0,29.29,15703.0
1753532197745,12:16:37.745,BSV/USDT:USDT,29.27,31.0,29.26,1039.0,29.28,47.0,29.29,15703.0
1753532199520,12:16:39.520,BSV/USDT:USDT,29.27,31.0,29.26,1039.0,29.28,47.0,29.29,15703.0
1753532199843,12:16:39.843,BSV/USDT:USDT,29.27,31.0,29.26,1039.0,29.28,47.0,29.29,15703.0
1753532200107,12:16:40.107,BSV/USDT:USDT,29.27,31.0,29.26,1039.0,29.28,47.0,29.29,15703.0
1753532205131,12:16:45.131,BSV/USDT:USDT,29.27,54.0,29.26,1539.0,29.28,1.0,29.29,15703.0
1753532205199,12:16:45.199,BSV/USDT:USDT,29.27,54.0,29.26,26451.0,29.28,1.0,29.29,1055.0
1753532206091,12:16:46.091,BSV/USDT:USDT,29.27,31.0,29.26,26451.0,29.28,1.0,29.29,1055.0
1753532207634,12:16:47.634,BSV/USDT:USDT,29.27,1092.0,29.26,26451.0,29.28,1.0,29.29,1055.0
1753532207679,12:16:47.679,BSV/USDT:USDT,29.27,1115.0,29.26,26451.0,29.28,1.0,29.29,1055.0
1753532212512,12:16:52.512,BSV/USDT:USDT,29.27,1138.0,29.26,26451.0,29.28,1.0,29.29,1055.0
1753532212799,12:16:52.799,BSV/USDT:USDT,29.27,1138.0,29.26,26451.0,29.28,1.0,29.29,6.0
1753532212872,12:16:52.872,BSV/USDT:USDT,29.27,1115.0,29.26,26451.0,29.29,7.0,29.3,99449.0
1753532212942,12:16:52.942,BSV/USDT:USDT,29.27,1084.0,29.26,26451.0,29.29,7.0,29.3,99449.0
1753532216265,12:16:56.265,BSV/USDT:USDT,29.27,1084.0,29.26,26451.0,29.29,7.0,29.3,99449.0
1753532216397,12:16:56.397,BSV/USDT:USDT,29.27,1084.0,29.26,26451.0,29.29,7.0,29.3,99449.0
1753532216568,12:16:56.568,BSV/USDT:USDT,29.27,1084.0,29.26,26451.0,29.29,7.0,29.3,99449.0
1753532217373,12:16:57.373,BSV/USDT:USDT,29.27,1061.0,29.26,26451.0,29.29,53.0,29.3,99449.0
1753532219183,12:16:59.183,BSV/USDT:USDT,29.27,1061.0,29.26,26451.0,29.29,1092.0,29.3,99449.0
1753532219277,12:16:59.277,BSV/USDT:USDT,29.27,1061.0,29.26,26451.0,29.29,1091.0,29.3,99449.0
1753532219395,12:16:59.395,BSV/USDT:USDT,29.27,1061.0,29.26,26451.0,29.29,1091.0,29.3,99449.0
1753532221137,12:17:01.137,BSV/USDT:USDT,29.27,1061.0,29.26,26451.0,29.29,1091.0,29.3,99449.0
1753532226154,12:17:06.154,BSV/USDT:USDT,29.27,1061.0,29.26,26451.0,29.29,1091.0,29.3,99449.0
1753532226241,12:17:06.241,BSV/USDT:USDT,29.27,1061.0,29.26,26451.0,29.29,1091.0,29.3,99449.0
1753532226727,12:17:06.727,BSV/USDT:USDT,29.27,1084.0,29.26,26451.0,29.29,1045.0,29.3,3512.0
1753532226828,12:17:06.828,BSV/USDT:USDT,29.27,1061.0,29.26,26451.0,29.29,1091.0,29.3,3512.0
1753532226840,12:17:06.840,BSV/USDT:USDT,29.27,1061.0,29.26,26451.0,29.29,1091.0,29.3,20339.0
1753532230912,12:17:10.912,BSV/USDT:USDT,29.27,1084.0,29.26,26451.0,29.29,1091.0,29.3,20339.0
1753532232289,12:17:12.289,BSV/USDT:USDT,29.27,1061.0,29.26,26451.0,29.29,1091.0,29.3,20339.0
1753532233579,12:17:13.579,BSV/USDT:USDT,29.27,1061.0,29.26,26451.0,29.29,1091.0,29.3,20339.0
1753532233642,12:17:13.642,BSV/USDT:USDT,29.26,26451.0,29.25,87742.0,29.29,1091.0,29.3,20339.0
1753532233760,12:17:13.760,BSV/USDT:USDT,29.27,31.0,29.26,26451.0,29.28,1.0,29.29,1091.0
1753532234131,12:17:14.131,BSV/USDT:USDT,29.27,31.0,29.26,26451.0,29.28,1.0,29.29,1091.0
1753532234205,12:17:14.205,BSV/USDT:USDT,29.27,31.0,29.26,26451.0,29.28,1.0,29.29,1091.0
1753532234734,12:17:14.734,BSV/USDT:USDT,29.27,54.0,29.26,26451.0,29.28,1.0,29.29,1091.0
1753532235594,12:17:15.594,BSV/USDT:USDT,29.26,25528.0,29.25,85072.0,29.28,1048.0,29.29,1045.0
1753532235657,12:17:15.657,BSV/USDT:USDT,29.26,639.0,29.25,85072.0,29.27,40.0,29.28,1047.0
1753532235743,12:17:15.743,BSV/USDT:USDT,29.26,643.0,29.25,85072.0,29.27,70.0,29.28,1047.0
1753532235907,12:17:15.907,BSV/USDT:USDT,29.26,643.0,29.25,85072.0,29.27,70.0,29.28,1047.0
1753532236334,12:17:16.334,BSV/USDT:USDT,29.26,643.0,29.25,85072.0,29.27,70.0,29.28,1047.0
1753532236341,12:17:16.341,BSV/USDT:USDT,29.26,643.0,29.25,85072.0,29.27,70.0,29.28,1047.0
1753532238099,12:17:18.099,BSV/USDT:USDT,29.26,643.0,29.25,85072.0,29.27,70.0,29.28,1047.0
1753532239646,12:17:19.646,BSV/USDT:USDT,29.26,620.0,29.25,85072.0,29.27,70.0,29.28,1047.0
1753532241865,12:17:21.865,BSV/USDT:USDT,29.26,643.0,29.25,85072.0,29.27,70.0,29.28,1047.0
1753532246883,12:17:26.883,BSV/USDT:USDT,29.26,643.0,29.25,85072.0,29.27,70.0,29.28,1047.0
1753532246942,12:17:26.942,BSV/USDT:USDT,29.26,643.0,29.25,85072.0,29.27,70.0,29.28,1047.0
1753532247220,12:17:27.220,BSV/USDT:USDT,29.26,643.0,29.25,87742.0,29.27,70.0,29.28,1047.0
1753532248368,12:17:28.368,BSV/USDT:USDT,29.26,620.0,29.25,87742.0,29.27,70.0,29.28,1047.0
1753532248441,12:17:28.441,BSV/USDT:USDT,29.26,597.0,29.25,87742.0,29.27,70.0,29.28,1047.0
1753532248607,12:17:28.607,BSV/USDT:USDT,29.26,597.0,29.25,87742.0,29.27,70.0,29.28,1047.0
1753532249408,12:17:29.408,BSV/USDT:USDT,29.26,620.0,29.25,87742.0,29.27,70.0,29.28,1047.0
1753532249910,12:17:29.910,BSV/USDT:USDT,29.26,620.0,29.25,87742.0,29.27,70.0,29.28,1047.0
1753532250111,12:17:30.111,BSV/USDT:USDT,29.26,620.0,29.25,87742.0,29.27,70.0,29.28,1047.0
1753532250189,12:17:30.189,BSV/USDT:USDT,29.26,620.0,29.25,87742.0,29.27,70.0,29.28,1047.0
1753532250455,12:17:30.455,BSV/USDT:USDT,29.26,620.0,29.25,87742.0,29.27,70.0,29.28,1047.0
1753532250560,12:17:30.560,BSV/USDT:USDT,29.26,620.0,29.25,87742.0,29.27,70.0,29.28,1047.0
1753532250783,12:17:30.783,BSV/USDT:USDT,29.26,620.0,29.25,87742.0,29.27,70.0,29.28,1047.0
1753532250889,12:17:30.889,BSV/USDT:USDT,29.26,620.0,29.25,87742.0,29.27,70.0,29.28,1047.0
1753532250957,12:17:30.957,BSV/USDT:USDT,29.26,620.0,29.25,87742.0,29.27,70.0,29.28,1047.0
1753532251429,12:17:31.429,BSV/USDT:USDT,29.26,620.0,29.25,87742.0,29.27,70.0,29.28,1047.0
1753532251454,12:17:31.454,BSV/USDT:USDT,29.26,620.0,29.25,87742.0,29.27,70.0,29.28,1047.0
1753532251572,12:17:31.572,BSV/USDT:USDT,29.26,620.0,29.25,87742.0,29.27,70.0,29.28,1047.0
1753532251864,12:17:31.864,BSV/USDT:USDT,29.26,620.0,29.25,87742.0,29.27,70.0,29.28,1047.0
1753532251999,12:17:31.999,BSV/USDT:USDT,29.26,620.0,29.25,87742.0,29.27,70.0,29.28,1047.0
1753532252248,12:17:32.248,BSV/USDT:USDT,29.26,620.0,29.25,87742.0,29.27,70.0,29.28,1047.0
1753532252359,12:17:32.359,BSV/USDT:USDT,29.26,620.0,29.25,87742.0,29.27,70.0,29.28,1047.0
1753532252721,12:17:32.721,BSV/USDT:USDT,29.26,620.0,29.25,87742.0,29.27,70.0,29.28,1047.0
1753532255933,12:17:35.933,BSV/USDT:USDT,29.26,620.0,29.25,87742.0,29.27,70.0,29.28,1047.0
1753532255940,12:17:35.940,BSV/USDT:USDT,29.26,620.0,29.25,87742.0,29.27,70.0,29.28,1047.0
1753532258842,12:17:38.842,BSV/USDT:USDT,29.26,643.0,29.25,87742.0,29.27,70.0,29.28,1047.0
1753532259204,12:17:39.204,BSV/USDT:USDT,29.26,643.0,29.25,87742.0,29.27,70.0,29.29,1545.0
1753532259246,12:17:39.246,BSV/USDT:USDT,29.26,643.0,29.25,87742.0,29.27,40.0,29.28,30.0
1753532259882,12:17:39.882,BSV/USDT:USDT,29.26,643.0,29.25,87742.0,29.27,40.0,29.28,30.0
1753532260119,12:17:40.119,BSV/USDT:USDT,29.26,643.0,29.25,87742.0,29.27,40.0,29.28,30.0
1753532261920,12:17:41.920,BSV/USDT:USDT,29.27,1115.0,29.26,26310.0,29.28,30.0,29.29,6.0
1753532262033,12:17:42.033,BSV/USDT:USDT,29.27,9008.0,29.26,26310.0,29.29,36.0,29.3,3512.0
1753532262060,12:17:42.060,BSV/USDT:USDT,29.27,25386.0,29.26,84193.0,29.29,36.0,29.3,3512.0
1753532262156,12:17:42.156,BSV/USDT:USDT,29.27,25386.0,29.26,84193.0,29.29,36.0,29.3,3512.0
1753532262413,12:17:42.413,BSV/USDT:USDT,29.27,25386.0,29.26,84193.0,29.29,36.0,29.3,3512.0
1753532262520,12:17:42.520,BSV/USDT:USDT,29.27,25386.0,29.26,84193.0,29.29,36.0,29.3,3512.0
1753532262560,12:17:42.560,BSV/USDT:USDT,29.27,25386.0,29.26,84193.0,29.29,36.0,29.3,3512.0
1753532263478,12:17:43.478,BSV/USDT:USDT,29.27,25386.0,29.26,84193.0,29.29,36.0,29.3,3512.0
1753532263698,12:17:43.698,BSV/USDT:USDT,29.27,25386.0,29.26,84193.0,29.29,36.0,29.3,3512.0
1753532265019,12:17:45.019,BSV/USDT:USDT,29.28,1092.0,29.27,25363.0,29.29,36.0,29.3,3512.0
1753532265045,12:17:45.045,BSV/USDT:USDT,29.28,1096.0,29.27,25363.0,29.29,36.0,29.3,3512.0
1753532265307,12:17:45.307,BSV/USDT:USDT,29.28,1096.0,29.27,25363.0,29.29,36.0,29.31,3262.0
1753532265429,12:17:45.429,BSV/USDT:USDT,29.28,1073.0,29.27,25363.0,29.29,6.0,29.3,30.0
1753532265779,12:17:45.779,BSV/USDT:USDT,29.28,1073.0,29.27,25363.0,29.29,6.0,29.3,30.0
1753532266193,12:17:46.193,BSV/USDT:USDT,29.28,1073.0,29.27,25363.0,29.29,6.0,29.3,30.0
1753532266454,12:17:46.454,BSV/USDT:USDT,29.28,1073.0,29.27,25363.0,29.29,6.0,29.3,30.0
1753532266623,12:17:46.623,BSV/USDT:USDT,29.28,1073.0,29.27,25363.0,29.29,6.0,29.3,30.0
1753532267135,12:17:47.135,BSV/USDT:USDT,29.28,4.0,29.27,25363.0,29.29,6.0,29.3,30.0
1753532267195,12:17:47.195,BSV/USDT:USDT,29.28,4.0,29.27,25363.0,29.29,6.0,29.3,30.0
1753532267269,12:17:47.269,BSV/USDT:USDT,29.28,4.0,29.27,25363.0,29.29,6.0,29.3,30.0
1753532267668,12:17:47.668,BSV/USDT:USDT,29.28,4.0,29.27,25340.0,29.29,6.0,29.3,30.0
1753532268254,12:17:48.254,BSV/USDT:USDT,29.28,4.0,29.27,25340.0,29.29,6.0,29.3,30.0
1753532268985,12:17:48.985,BSV/USDT:USDT,29.28,4.0,29.27,25340.0,29.29,6.0,29.3,30.0
1753532269630,12:17:49.630,BSV/USDT:USDT,29.28,4.0,29.27,25340.0,29.29,6.0,29.3,30.0
1753532269780,12:17:49.780,BSV/USDT:USDT,29.28,4.0,29.27,25340.0,29.29,6.0,29.3,30.0
1753532270533,12:17:50.533,BSV/USDT:USDT,29.28,4.0,29.27,25340.0,29.29,6.0,29.3,30.0
1753532270967,12:17:50.967,BSV/USDT:USDT,29.28,4.0,29.27,25340.0,29.29,6.0,29.3,30.0
1753532271341,12:17:51.341,BSV/USDT:USDT,29.28,4.0,29.27,25340.0,29.29,6.0,29.3,30.0
1753532271473,12:17:51.473,BSV/USDT:USDT,29.28,4.0,29.27,25340.0,29.29,6.0,29.3,30.0
1753532271971,12:17:51.971,BSV/USDT:USDT,29.28,4.0,29.27,25340.0,29.29,6.0,29.3,30.0
1753532272619,12:17:52.619,BSV/USDT:USDT,29.28,4.0,29.27,25340.0,29.29,6.0,29.3,30.0
1753532273476,12:17:53.476,BSV/USDT:USDT,29.28,4.0,29.27,25340.0,29.29,6.0,29.3,30.0
1753532274855,12:17:54.855,BSV/USDT:USDT,29.28,4.0,29.27,25340.0,29.29,6.0,29.3,30.0
1753532275400,12:17:55.400,BSV/USDT:USDT,29.28,4.0,29.27,25340.0,29.29,6.0,29.3,30.0
1753532275979,12:17:55.979,BSV/USDT:USDT,29.28,4.0,29.27,25340.0,29.29,6.0,29.3,30.0
1753532276113,12:17:56.113,BSV/USDT:USDT,29.28,4.0,29.27,25340.0,29.29,6.0,29.3,30.0
1753532276174,12:17:56.174,BSV/USDT:USDT,29.28,4.0,29.27,25340.0,29.29,6.0,29.3,30.0
1753532276310,12:17:56.310,BSV/USDT:USDT,29.28,4.0,29.27,25340.0,29.29,6.0,29.3,30.0
1753532276606,12:17:56.606,BSV/USDT:USDT,29.28,4.0,29.27,25340.0,29.29,6.0,29.3,30.0
1753532279926,12:17:59.926,BSV/USDT:USDT,29.28,4.0,29.27,25340.0,29.29,6.0,29.3,30.0
