timestamp,time,symbol,bid1_price,bid1_volume,bid2_price,bid2_volume,ask1_price,ask1_volume,ask2_price,ask2_volume
1753520626000,09:03:46.000,ACE/USDT:USDT,0.5824,3344.0,0.5823,3050.0,0.5838,8994.0,0.5839,3000.0
1753520626399,09:03:46.399,ACE/USDT:USDT,0.5824,3000.0,0.5823,3394.0,0.5836,10281.0,0.584,3000.0
1753520626558,09:03:46.558,ACE/USDT:USDT,0.5824,3000.0,0.5823,3394.0,0.5836,10281.0,0.584,3000.0
1753520626714,09:03:46.714,ACE/USDT:USDT,0.5824,3000.0,0.5823,3394.0,0.5836,11138.0,0.584,3000.0
1753520627001,09:03:47.001,ACE/USDT:USDT,0.5824,3000.0,0.5823,3394.0,0.5836,11138.0,0.584,3000.0
1753520627068,09:03:47.068,ACE/USDT:USDT,0.5824,3000.0,0.5823,3394.0,0.5836,11138.0,0.5848,3000.0
1753520627318,09:03:47.318,ACE/USDT:USDT,0.5824,3000.0,0.5823,3394.0,0.5836,10281.0,0.5848,3000.0
1753520627501,09:03:47.501,ACE/USDT:USDT,0.5824,3000.0,0.5823,3394.0,0.5836,10281.0,0.5848,3000.0
1753520627841,09:03:47.841,ACE/USDT:USDT,0.5824,3000.0,0.5823,3394.0,0.5836,10281.0,0.5848,3000.0
1753520631023,09:03:51.023,ACE/USDT:USDT,0.5824,3000.0,0.5823,3394.0,0.5836,10281.0,0.5848,3000.0
1753520631119,09:03:51.119,ACE/USDT:USDT,0.5824,3000.0,0.5823,3394.0,0.5836,10281.0,0.5848,3000.0
1753520631145,09:03:51.145,ACE/USDT:USDT,0.5824,3000.0,0.5823,3394.0,0.5836,10281.0,0.5848,3000.0
1753520631606,09:03:51.606,ACE/USDT:USDT,0.5824,3000.0,0.5823,3394.0,0.5836,10281.0,0.5848,3000.0
1753520631644,09:03:51.644,ACE/USDT:USDT,0.5824,3000.0,0.5823,3394.0,0.5836,10281.0,0.5848,3000.0
1753520631744,09:03:51.744,ACE/USDT:USDT,0.5824,3000.0,0.5823,3394.0,0.5836,10281.0,0.5848,3000.0
1753520631917,09:03:51.917,ACE/USDT:USDT,0.5824,3000.0,0.5823,3394.0,0.5836,10281.0,0.5848,3000.0
1753520632011,09:03:52.011,ACE/USDT:USDT,0.5824,3000.0,0.5823,3394.0,0.5836,10281.0,0.5848,3000.0
1753520633170,09:03:53.170,ACE/USDT:USDT,0.5824,3000.0,0.5823,3394.0,0.5836,10281.0,0.5848,3000.0
1753520633244,09:03:53.244,ACE/USDT:USDT,0.5824,3000.0,0.5823,3394.0,0.5836,10281.0,0.5848,3000.0
1753520633344,09:03:53.344,ACE/USDT:USDT,0.5824,3000.0,0.5823,3394.0,0.5836,10281.0,0.5848,3000.0
1753520634866,09:03:54.866,ACE/USDT:USDT,0.5824,3000.0,0.5823,3394.0,0.5836,11138.0,0.5848,3000.0
1753520634945,09:03:54.945,ACE/USDT:USDT,0.5824,3000.0,0.5823,3394.0,0.5836,11138.0,0.5848,3000.0
1753520635044,09:03:55.044,ACE/USDT:USDT,0.5824,3000.0,0.5823,3394.0,0.5836,11138.0,0.5848,3000.0
1753520636603,09:03:56.603,ACE/USDT:USDT,0.5824,3000.0,0.5823,3394.0,0.5836,11138.0,0.5848,3000.0
1753520636644,09:03:56.644,ACE/USDT:USDT,0.5824,3000.0,0.5823,3394.0,0.5836,11138.0,0.5848,3000.0
1753520636818,09:03:56.818,ACE/USDT:USDT,0.5824,3000.0,0.5823,3394.0,0.5836,11138.0,0.5848,3000.0
1753520636956,09:03:56.956,ACE/USDT:USDT,0.5824,3000.0,0.5823,3394.0,0.5836,11138.0,0.5848,3000.0
1753520637903,09:03:57.903,ACE/USDT:USDT,0.5824,3000.0,0.5823,3394.0,0.5836,10281.0,0.5848,3000.0
1753520637944,09:03:57.944,ACE/USDT:USDT,0.5824,3000.0,0.5823,3394.0,0.5836,10281.0,0.5848,3000.0
1753520638045,09:03:58.045,ACE/USDT:USDT,0.5824,3000.0,0.5823,3394.0,0.5836,10281.0,0.5848,3000.0
1753520642359,09:04:02.359,ACE/USDT:USDT,0.5824,3000.0,0.5823,3394.0,0.5836,10281.0,0.5848,3000.0
1753520642477,09:04:02.477,ACE/USDT:USDT,0.5824,3000.0,0.5823,3394.0,0.5836,10281.0,0.5848,3000.0
1753520642576,09:04:02.576,ACE/USDT:USDT,0.5824,3000.0,0.5823,3394.0,0.5836,10281.0,0.5848,3000.0
1753520642888,09:04:02.888,ACE/USDT:USDT,0.5824,3000.0,0.5823,3394.0,0.5836,10281.0,0.5849,3000.0
1753520643110,09:04:03.110,ACE/USDT:USDT,0.5824,3000.0,0.5823,3394.0,0.5836,11138.0,0.5849,3000.0
1753520643144,09:04:03.144,ACE/USDT:USDT,0.5824,3000.0,0.5823,3394.0,0.5836,11138.0,0.5849,3000.0
1753520643244,09:04:03.244,ACE/USDT:USDT,0.5824,3000.0,0.5823,3394.0,0.5836,11138.0,0.5849,3000.0
1753520644082,09:04:04.082,ACE/USDT:USDT,0.5824,3000.0,0.5823,3394.0,0.5836,11138.0,0.5849,3000.0
1753520644144,09:04:04.144,ACE/USDT:USDT,0.5824,3000.0,0.5823,3394.0,0.5836,11138.0,0.5849,3000.0
1753520644247,09:04:04.247,ACE/USDT:USDT,0.5824,3000.0,0.5823,3394.0,0.5836,11138.0,0.5849,3000.0
1753520648353,09:04:08.353,ACE/USDT:USDT,0.5824,3000.0,0.5823,3394.0,0.5836,10281.0,0.5849,3000.0
1753520648445,09:04:08.445,ACE/USDT:USDT,0.5824,3000.0,0.5823,3394.0,0.5836,10281.0,0.5849,3000.0
1753520648544,09:04:08.544,ACE/USDT:USDT,0.5824,3000.0,0.5823,3394.0,0.5836,10281.0,0.5849,3000.0
1753520648711,09:04:08.711,ACE/USDT:USDT,0.5824,3000.0,0.5823,3394.0,0.5836,11138.0,0.5849,3000.0
1753520654515,09:04:14.515,ACE/USDT:USDT,0.5824,3000.0,0.5823,3394.0,0.5836,10281.0,0.5849,3000.0
1753520654544,09:04:14.544,ACE/USDT:USDT,0.5824,3000.0,0.5823,3394.0,0.5836,10281.0,0.5849,3000.0
1753520654644,09:04:14.644,ACE/USDT:USDT,0.5824,3000.0,0.5823,3394.0,0.5836,10281.0,0.5849,3000.0
1753520656282,09:04:16.282,ACE/USDT:USDT,0.5824,3000.0,0.5823,3394.0,0.5836,11388.0,0.5849,3000.0
1753520656344,09:04:16.344,ACE/USDT:USDT,0.5824,3000.0,0.5823,3394.0,0.5836,11388.0,0.5849,3000.0
1753520656478,09:04:16.478,ACE/USDT:USDT,0.5824,3000.0,0.5823,3394.0,0.5835,3674.0,0.5836,12245.0
1753520656601,09:04:16.601,ACE/USDT:USDT,0.5824,3000.0,0.5823,3050.0,0.5834,10284.0,0.5836,857.0
1753520656732,09:04:16.732,ACE/USDT:USDT,0.5824,3000.0,0.5823,3050.0,0.5834,10284.0,0.5836,857.0
1753520656836,09:04:16.836,ACE/USDT:USDT,0.5824,3000.0,0.5823,3050.0,0.5834,10284.0,0.5836,857.0
1753520656844,09:04:16.844,ACE/USDT:USDT,0.5824,3000.0,0.5823,3050.0,0.5834,10284.0,0.5836,857.0
1753520656986,09:04:16.986,ACE/USDT:USDT,0.5824,3000.0,0.5823,3050.0,0.5834,10284.0,0.5836,857.0
1753520657582,09:04:17.582,ACE/USDT:USDT,0.5824,3000.0,0.5823,3050.0,0.5834,10284.0,0.5836,857.0
1753520657644,09:04:17.644,ACE/USDT:USDT,0.5824,3000.0,0.5823,3050.0,0.5834,10284.0,0.5836,857.0
1753520657768,09:04:17.768,ACE/USDT:USDT,0.5824,3000.0,0.5823,3050.0,0.5834,10284.0,0.5836,857.0
1753520657844,09:04:17.844,ACE/USDT:USDT,0.5824,3000.0,0.5823,3050.0,0.5834,10284.0,0.5836,857.0
1753520658210,09:04:18.210,ACE/USDT:USDT,0.5824,3000.0,0.5823,3050.0,0.5834,10284.0,0.5836,857.0
1753520658247,09:04:18.247,ACE/USDT:USDT,0.5824,3000.0,0.5823,3050.0,0.5834,10284.0,0.5836,857.0
1753520658383,09:04:18.383,ACE/USDT:USDT,0.5824,3000.0,0.5823,3050.0,0.5834,10284.0,0.5836,857.0
1753520658710,09:04:18.710,ACE/USDT:USDT,0.5824,3000.0,0.5823,3050.0,0.5834,10284.0,0.5836,857.0
1753520659031,09:04:19.031,ACE/USDT:USDT,0.5824,3000.0,0.5823,3050.0,0.5834,10284.0,0.5836,857.0
1753520659045,09:04:19.045,ACE/USDT:USDT,0.5824,3000.0,0.5823,3050.0,0.5834,10284.0,0.5836,857.0
1753520659143,09:04:19.143,ACE/USDT:USDT,0.5824,3000.0,0.5823,3050.0,0.5834,10284.0,0.5836,857.0
1753520660697,09:04:20.697,ACE/USDT:USDT,0.5824,3000.0,0.5823,3050.0,0.5834,10284.0,0.5846,2793.0
1753520660744,09:04:20.744,ACE/USDT:USDT,0.5824,3000.0,0.5823,3050.0,0.5834,10284.0,0.5846,2793.0
1753520660843,09:04:20.843,ACE/USDT:USDT,0.5824,3000.0,0.5823,3050.0,0.5834,10284.0,0.5846,2793.0
1753520661060,09:04:21.060,ACE/USDT:USDT,0.5824,3000.0,0.5823,3050.0,0.5834,10284.0,0.5846,2793.0
1753520661883,09:04:21.883,ACE/USDT:USDT,0.5824,3000.0,0.5823,3050.0,0.5834,10284.0,0.5846,2793.0
1753520661947,09:04:21.947,ACE/USDT:USDT,0.5824,3000.0,0.5823,3050.0,0.5834,10284.0,0.5846,2793.0
1753520662044,09:04:22.044,ACE/USDT:USDT,0.5824,3000.0,0.5823,3050.0,0.5834,10284.0,0.5846,2793.0
1753520664399,09:04:24.399,ACE/USDT:USDT,0.5824,3000.0,0.5823,3050.0,0.5834,10284.0,0.5846,2793.0
1753520664444,09:04:24.444,ACE/USDT:USDT,0.5824,3000.0,0.5823,3050.0,0.5834,10284.0,0.5846,2793.0
1753520664544,09:04:24.544,ACE/USDT:USDT,0.5824,3000.0,0.5823,3050.0,0.5834,10284.0,0.5846,2793.0
1753520664728,09:04:24.728,ACE/USDT:USDT,0.5824,3000.0,0.5823,3050.0,0.5834,10284.0,0.5846,2793.0
1753520665157,09:04:25.157,ACE/USDT:USDT,0.5824,3000.0,0.5823,3050.0,0.5834,10284.0,0.5846,2793.0
1753520665248,09:04:25.248,ACE/USDT:USDT,0.5824,3000.0,0.5823,3050.0,0.5834,10284.0,0.5846,2793.0
1753520665346,09:04:25.346,ACE/USDT:USDT,0.5824,3000.0,0.5823,3050.0,0.5834,10284.0,0.5846,2793.0
1753520666107,09:04:26.107,ACE/USDT:USDT,0.5824,3000.0,0.5823,3050.0,0.5834,10284.0,0.5846,2793.0
1753520667033,09:04:27.033,ACE/USDT:USDT,0.5824,3000.0,0.5823,3050.0,0.5834,10284.0,0.5846,2793.0
1753520667159,09:04:27.159,ACE/USDT:USDT,0.5824,3000.0,0.5823,3050.0,0.5834,10284.0,0.5846,2793.0
1753520667522,09:04:27.522,ACE/USDT:USDT,0.5824,3000.0,0.5823,3050.0,0.5834,10284.0,0.5846,2793.0
1753520668006,09:04:28.006,ACE/USDT:USDT,0.5824,3000.0,0.5823,3050.0,0.5834,10284.0,0.5846,2793.0
1753520669777,09:04:29.777,ACE/USDT:USDT,0.5824,3000.0,0.5823,3050.0,0.5834,10284.0,0.5846,2793.0
1753520677499,09:04:37.499,ACE/USDT:USDT,0.5824,3000.0,0.5823,3050.0,0.5834,10284.0,0.5844,6867.0
1753520677544,09:04:37.544,ACE/USDT:USDT,0.5824,3000.0,0.5823,3050.0,0.5834,10284.0,0.5844,6867.0
1753520677644,09:04:37.644,ACE/USDT:USDT,0.5824,3000.0,0.5823,3050.0,0.5834,10284.0,0.5844,6867.0
1753520678086,09:04:38.086,ACE/USDT:USDT,0.5824,3000.0,0.5823,3050.0,0.5834,10284.0,0.5844,6867.0
1753520678145,09:04:38.145,ACE/USDT:USDT,0.5824,3000.0,0.5823,3050.0,0.5834,10284.0,0.5844,6867.0
1753520678244,09:04:38.244,ACE/USDT:USDT,0.5824,3000.0,0.5823,3050.0,0.5834,10284.0,0.5844,6867.0
1753520678487,09:04:38.487,ACE/USDT:USDT,0.5824,3000.0,0.5823,3050.0,0.5834,10284.0,0.5844,6867.0
1753520681608,09:04:41.608,ACE/USDT:USDT,0.5824,3000.0,0.5823,3050.0,0.5834,10284.0,0.5844,6867.0
1753520681644,09:04:41.644,ACE/USDT:USDT,0.5824,3000.0,0.5823,3050.0,0.5834,10284.0,0.5844,6867.0
1753520681780,09:04:41.780,ACE/USDT:USDT,0.5824,3000.0,0.5823,3050.0,0.5834,10284.0,0.5844,6867.0
1753520684974,09:04:44.974,ACE/USDT:USDT,0.5824,3000.0,0.5823,3050.0,0.5834,10284.0,0.5844,6867.0
1753520685045,09:04:45.045,ACE/USDT:USDT,0.5824,3000.0,0.5823,3050.0,0.5834,10284.0,0.5844,6867.0
1753520685143,09:04:45.143,ACE/USDT:USDT,0.5824,3000.0,0.5823,3050.0,0.5834,10284.0,0.5844,6867.0
1753520686778,09:04:46.778,ACE/USDT:USDT,0.5824,3000.0,0.5823,3050.0,0.5834,10284.0,0.5844,6867.0
1753520686882,09:04:46.882,ACE/USDT:USDT,0.5824,3000.0,0.5823,3050.0,0.5834,10284.0,0.5846,2793.0
1753520686990,09:04:46.990,ACE/USDT:USDT,0.5824,3000.0,0.5823,3050.0,0.5834,10284.0,0.5846,2793.0
1753520687401,09:04:47.401,ACE/USDT:USDT,0.5824,3000.0,0.5823,3050.0,0.5834,10284.0,0.5846,2793.0
1753520687532,09:04:47.532,ACE/USDT:USDT,0.5824,3000.0,0.5823,3050.0,0.5834,10284.0,0.5846,2793.0
1753520687544,09:04:47.544,ACE/USDT:USDT,0.5824,3000.0,0.5823,3050.0,0.5834,10284.0,0.5846,2793.0
1753520688221,09:04:48.221,ACE/USDT:USDT,0.5824,3000.0,0.5823,3050.0,0.5834,10284.0,0.5846,2793.0
1753520688244,09:04:48.244,ACE/USDT:USDT,0.5824,3000.0,0.5823,3050.0,0.5834,10284.0,0.5846,2793.0
1753520688375,09:04:48.375,ACE/USDT:USDT,0.5824,3000.0,0.5823,3050.0,0.5834,10284.0,0.5846,2793.0
1753520689399,09:04:49.399,ACE/USDT:USDT,0.5824,3000.0,0.5823,3050.0,0.5833,3000.0,0.5834,5142.0
1753520689541,09:04:49.541,ACE/USDT:USDT,0.5824,3000.0,0.5823,3050.0,0.5833,8143.0,0.5834,5142.0
1753520690268,09:04:50.268,ACE/USDT:USDT,0.5824,3000.0,0.5823,3050.0,0.5833,8143.0,0.5834,5142.0
1753520690355,09:04:50.355,ACE/USDT:USDT,0.5824,3000.0,0.5823,3050.0,0.5833,8143.0,0.5834,5142.0
1753520690455,09:04:50.455,ACE/USDT:USDT,0.5824,3000.0,0.5823,3050.0,0.5833,8143.0,0.5834,5142.0
1753520693595,09:04:53.595,ACE/USDT:USDT,0.5824,3000.0,0.5823,3050.0,0.5833,9023.0,0.5834,5142.0
1753520693655,09:04:53.655,ACE/USDT:USDT,0.5824,3000.0,0.5823,3050.0,0.5833,9023.0,0.5834,5142.0
1753520693771,09:04:53.771,ACE/USDT:USDT,0.5824,3000.0,0.5823,3050.0,0.5833,8143.0,0.5834,5142.0
1753520694033,09:04:54.033,ACE/USDT:USDT,0.5824,3000.0,0.5823,3050.0,0.5833,8143.0,0.5834,5142.0
1753520694315,09:04:54.315,ACE/USDT:USDT,0.5824,3000.0,0.5823,3050.0,0.5833,8143.0,0.5834,5142.0
1753520694375,09:04:54.375,ACE/USDT:USDT,0.5824,3000.0,0.5823,3050.0,0.5833,8143.0,0.5834,5142.0
1753520694455,09:04:54.455,ACE/USDT:USDT,0.5824,3000.0,0.5823,3050.0,0.5833,8143.0,0.5834,5142.0
1753520695118,09:04:55.118,ACE/USDT:USDT,0.5824,3000.0,0.5823,3050.0,0.5833,8143.0,0.5834,5142.0
1753520695176,09:04:55.176,ACE/USDT:USDT,0.5824,3000.0,0.5823,3050.0,0.5833,8143.0,0.5834,5142.0
1753520695298,09:04:55.298,ACE/USDT:USDT,0.5824,3000.0,0.5823,3050.0,0.5833,8143.0,0.5834,5142.0
1753520696895,09:04:56.895,ACE/USDT:USDT,0.5824,3000.0,0.5823,3050.0,0.5833,9000.0,0.5834,5142.0
1753520696974,09:04:56.974,ACE/USDT:USDT,0.5824,3000.0,0.5823,3050.0,0.5833,8143.0,0.5834,5142.0
1753520697986,09:04:57.986,ACE/USDT:USDT,0.5824,3000.0,0.5823,3050.0,0.5833,8143.0,0.5834,5142.0
1753520698055,09:04:58.055,ACE/USDT:USDT,0.5824,3000.0,0.5823,3050.0,0.5833,8143.0,0.5834,5142.0
1753520698155,09:04:58.155,ACE/USDT:USDT,0.5824,3000.0,0.5823,3050.0,0.5833,8143.0,0.5834,5142.0
1753520698413,09:04:58.413,ACE/USDT:USDT,0.5824,3000.0,0.5823,3050.0,0.5833,9000.0,0.5834,5142.0
1753520698821,09:04:58.821,ACE/USDT:USDT,0.5824,3000.0,0.5823,3000.0,0.5833,9000.0,0.5845,3000.0
1753520698892,09:04:58.892,ACE/USDT:USDT,0.5824,3000.0,0.5823,3000.0,0.5832,4243.0,0.5833,14143.0
1753520699181,09:04:59.181,ACE/USDT:USDT,0.5824,3000.0,0.5823,3000.0,0.5832,4243.0,0.5833,14143.0
1753520699253,09:04:59.253,ACE/USDT:USDT,0.5823,3000.0,0.5822,198.0,0.5832,4243.0,0.5833,11143.0
1753520699355,09:04:59.355,ACE/USDT:USDT,0.5823,3000.0,0.5822,198.0,0.5832,4243.0,0.5833,11143.0
1753520699523,09:04:59.523,ACE/USDT:USDT,0.5823,3000.0,0.5822,198.0,0.5832,4243.0,0.5833,10286.0
1753520699599,09:04:59.599,ACE/USDT:USDT,0.5823,3000.0,0.5822,198.0,0.5833,10286.0,0.5845,3000.0
1753520700027,09:05:00.027,ACE/USDT:USDT,0.5823,3000.0,0.5822,198.0,0.5833,10286.0,0.5845,3000.0
1753520700076,09:05:00.076,ACE/USDT:USDT,0.5823,3000.0,0.5822,198.0,0.5833,10286.0,0.5845,3000.0
1753520700154,09:05:00.154,ACE/USDT:USDT,0.5823,3000.0,0.5822,198.0,0.5833,10286.0,0.5845,3000.0
1753520700244,09:05:00.244,ACE/USDT:USDT,0.5823,3000.0,0.5822,198.0,0.5833,10286.0,0.5845,3000.0
1753520701231,09:05:01.231,ACE/USDT:USDT,0.5823,3000.0,0.5822,198.0,0.5833,10286.0,0.5845,3000.0
1753520701255,09:05:01.255,ACE/USDT:USDT,0.5823,3000.0,0.5822,198.0,0.5833,10286.0,0.5845,3000.0
1753520701355,09:05:01.355,ACE/USDT:USDT,0.5823,3000.0,0.5822,198.0,0.5833,10286.0,0.5845,3000.0
1753520702086,09:05:02.086,ACE/USDT:USDT,0.5823,3000.0,0.5822,198.0,0.5833,10286.0,0.5845,3000.0
1753520702232,09:05:02.232,ACE/USDT:USDT,0.5823,3000.0,0.5822,198.0,0.5833,10286.0,0.5845,3000.0
1753520702255,09:05:02.255,ACE/USDT:USDT,0.5823,3000.0,0.5822,198.0,0.5833,10286.0,0.5845,3000.0
1753520703031,09:05:03.031,ACE/USDT:USDT,0.5823,3000.0,0.5822,198.0,0.5833,11143.0,0.5845,3000.0
1753520703075,09:05:03.075,ACE/USDT:USDT,0.5823,3000.0,0.5822,198.0,0.5833,11143.0,0.5845,3000.0
1753520703234,09:05:03.234,ACE/USDT:USDT,0.5823,3000.0,0.5822,198.0,0.5833,11143.0,0.5845,3000.0
1753520703318,09:05:03.318,ACE/USDT:USDT,0.5823,3000.0,0.5822,198.0,0.5833,11143.0,0.5845,3000.0
1753520704219,09:05:04.219,ACE/USDT:USDT,0.5823,3000.0,0.5822,198.0,0.5833,11143.0,0.5845,3000.0
1753520705187,09:05:05.187,ACE/USDT:USDT,0.5823,3000.0,0.5822,198.0,0.5833,11143.0,0.5845,3000.0
1753520705254,09:05:05.254,ACE/USDT:USDT,0.5823,3000.0,0.5822,198.0,0.5833,11143.0,0.5845,3000.0
1753520705719,09:05:05.719,ACE/USDT:USDT,0.5823,3000.0,0.5822,198.0,0.5833,11143.0,0.5845,3000.0
1753520705824,09:05:05.824,ACE/USDT:USDT,0.5823,3000.0,0.5822,198.0,0.5832,5144.0,0.5833,6000.0
1753520705862,09:05:05.862,ACE/USDT:USDT,0.5823,3000.0,0.5822,198.0,0.5832,5144.0,0.5833,857.0
1753520706178,09:05:06.178,ACE/USDT:USDT,0.5823,3000.0,0.5822,198.0,0.5832,5144.0,0.5845,3000.0
1753520706523,09:05:06.523,ACE/USDT:USDT,0.5823,3000.0,0.5822,244.0,0.5826,1.0,0.5832,5144.0
1753520706632,09:05:06.632,ACE/USDT:USDT,0.5823,3000.0,0.5822,244.0,0.5826,1.0,0.5832,5144.0
1753520706923,09:05:06.923,ACE/USDT:USDT,0.5822,198.0,0.5814,344.0,0.5826,1.0,0.5827,92.0
1753520707013,09:05:07.013,ACE/USDT:USDT,0.5822,198.0,0.5814,344.0,0.5826,1.0,0.5827,92.0
1753520707054,09:05:07.054,ACE/USDT:USDT,0.5822,198.0,0.5814,344.0,0.5826,1.0,0.5827,92.0
1753520707209,09:05:07.209,ACE/USDT:USDT,0.5822,198.0,0.5814,344.0,0.5826,1.0,0.5827,92.0
1753520707280,09:05:07.280,ACE/USDT:USDT,0.5822,198.0,0.5814,344.0,0.5826,5149.0,0.5827,92.0
1753520707419,09:05:07.419,ACE/USDT:USDT,0.5822,198.0,0.5814,344.0,0.5826,5148.0,0.5827,92.0
1753520707439,09:05:07.439,ACE/USDT:USDT,0.5822,198.0,0.5812,344.0,0.5826,5148.0,0.5827,92.0
1753520707970,09:05:07.970,ACE/USDT:USDT,0.5822,198.0,0.5812,344.0,0.5826,5148.0,0.5827,92.0
1753520708335,09:05:08.335,ACE/USDT:USDT,0.5822,198.0,0.5812,344.0,0.5827,5240.0,0.5832,5144.0
1753520708395,09:05:08.395,ACE/USDT:USDT,0.5822,198.0,0.5812,344.0,0.5827,5240.0,0.5832,5144.0
1753520708916,09:05:08.916,ACE/USDT:USDT,0.5822,198.0,0.5812,344.0,0.5827,92.0,0.5832,5144.0
1753520709100,09:05:09.100,ACE/USDT:USDT,0.5822,198.0,0.5812,344.0,0.5827,92.0,0.5832,5144.0
1753520709555,09:05:09.555,ACE/USDT:USDT,0.5822,198.0,0.5812,344.0,0.5827,92.0,0.5832,5144.0
1753520709652,09:05:09.652,ACE/USDT:USDT,0.5822,198.0,0.5812,344.0,0.5827,92.0,0.5832,5144.0
1753520710996,09:05:10.996,ACE/USDT:USDT,0.5822,198.0,0.5812,344.0,0.5827,92.0,0.5832,5144.0
1753520713132,09:05:13.132,ACE/USDT:USDT,0.5812,344.0,0.5811,3000.0,0.5827,92.0,0.5832,5144.0
1753520713233,09:05:13.233,ACE/USDT:USDT,0.5812,344.0,0.5811,3000.0,0.5827,92.0,0.5832,5144.0
1753520713309,09:05:13.309,ACE/USDT:USDT,0.5812,344.0,0.5811,3000.0,0.5827,92.0,0.5832,5144.0
1753520713434,09:05:13.434,ACE/USDT:USDT,0.5812,344.0,0.5811,3000.0,0.5827,92.0,0.5832,5144.0
1753520713502,09:05:13.502,ACE/USDT:USDT,0.5812,344.0,0.5811,3000.0,0.5827,92.0,0.5832,5144.0
1753520713615,09:05:13.615,ACE/USDT:USDT,0.5812,344.0,0.5811,3000.0,0.5827,92.0,0.5832,5144.0
1753520713707,09:05:13.707,ACE/USDT:USDT,0.5812,344.0,0.5811,3000.0,0.5826,5149.0,0.5827,92.0
1753520713749,09:05:13.749,ACE/USDT:USDT,0.5811,3344.0,0.581,4191.0,0.5826,5149.0,0.5827,92.0
1753520714086,09:05:14.086,ACE/USDT:USDT,0.5811,3344.0,0.581,1191.0,0.5826,5149.0,0.5827,92.0
1753520714279,09:05:14.279,ACE/USDT:USDT,0.5811,3344.0,0.581,1191.0,0.5826,10297.0,0.5827,92.0
1753520714374,09:05:14.374,ACE/USDT:USDT,0.5811,3344.0,0.581,1391.0,0.5826,10297.0,0.5827,92.0
1753520714529,09:05:14.529,ACE/USDT:USDT,0.5811,3344.0,0.581,1191.0,0.5826,10297.0,0.5827,92.0
1753520714947,09:05:14.947,ACE/USDT:USDT,0.5811,3344.0,0.581,1191.0,0.5826,10297.0,0.5827,92.0
1753520715045,09:05:15.045,ACE/USDT:USDT,0.5811,3344.0,0.581,1391.0,0.5826,10297.0,0.5827,92.0
1753520715150,09:05:15.150,ACE/USDT:USDT,0.5811,3344.0,0.581,1191.0,0.5826,10297.0,0.5827,92.0
1753520715453,09:05:15.453,ACE/USDT:USDT,0.5811,3344.0,0.581,1191.0,0.5826,10297.0,0.5827,92.0
1753520715547,09:05:15.547,ACE/USDT:USDT,0.5811,3344.0,0.581,1391.0,0.5826,10297.0,0.5827,92.0
1753520715646,09:05:15.646,ACE/USDT:USDT,0.5811,3344.0,0.581,1191.0,0.5826,10297.0,0.5827,92.0
1753520717395,09:05:17.395,ACE/USDT:USDT,0.5811,3344.0,0.581,1191.0,0.5826,10297.0,0.5827,92.0
1753520717446,09:05:17.446,ACE/USDT:USDT,0.5811,3344.0,0.581,1391.0,0.5826,10297.0,0.5827,92.0
1753520717543,09:05:17.543,ACE/USDT:USDT,0.5811,3344.0,0.581,1191.0,0.5826,10297.0,0.5827,92.0
1753520717805,09:05:17.805,ACE/USDT:USDT,0.5811,3344.0,0.581,1191.0,0.5826,10297.0,0.5827,92.0
1753520720163,09:05:20.163,ACE/USDT:USDT,0.5811,3344.0,0.581,1191.0,0.5826,10297.0,0.5827,92.0
1753520720249,09:05:20.249,ACE/USDT:USDT,0.5811,3344.0,0.581,1391.0,0.5826,10297.0,0.5827,92.0
1753520720344,09:05:20.344,ACE/USDT:USDT,0.5811,3344.0,0.581,1191.0,0.5826,10297.0,0.5827,92.0
1753520720579,09:05:20.579,ACE/USDT:USDT,0.5811,3344.0,0.581,1191.0,0.5826,10297.0,0.5827,92.0
1753520721023,09:05:21.023,ACE/USDT:USDT,0.5811,3344.0,0.581,1191.0,0.5826,10297.0,0.5827,92.0
1753520721044,09:05:21.044,ACE/USDT:USDT,0.5811,3344.0,0.581,1391.0,0.5826,10297.0,0.5827,92.0
1753520721144,09:05:21.144,ACE/USDT:USDT,0.5811,3344.0,0.581,1191.0,0.5826,10297.0,0.5827,92.0
1753520721913,09:05:21.913,ACE/USDT:USDT,0.5811,3344.0,0.581,1191.0,0.5826,10297.0,0.5827,92.0
1753520721944,09:05:21.944,ACE/USDT:USDT,0.5811,3344.0,0.581,1391.0,0.5826,10297.0,0.5827,92.0
1753520722048,09:05:22.048,ACE/USDT:USDT,0.5811,3344.0,0.581,1191.0,0.5826,10297.0,0.5827,92.0
1753520722219,09:05:22.219,ACE/USDT:USDT,0.5811,3344.0,0.581,1191.0,0.5826,10297.0,0.5827,92.0
1753520724007,09:05:24.007,ACE/USDT:USDT,0.5811,3344.0,0.581,1191.0,0.5826,10297.0,0.5827,92.0
1753520724135,09:05:24.135,ACE/USDT:USDT,0.5811,3344.0,0.581,1391.0,0.5826,10297.0,0.5827,92.0
1753520724258,09:05:24.258,ACE/USDT:USDT,0.5811,3344.0,0.581,1191.0,0.5826,10297.0,0.5827,92.0
1753520725712,09:05:25.712,ACE/USDT:USDT,0.5811,3344.0,0.581,1191.0,0.5826,10297.0,0.5827,92.0
1753520725744,09:05:25.744,ACE/USDT:USDT,0.5811,3344.0,0.581,1391.0,0.5826,10297.0,0.5827,92.0
1753520725844,09:05:25.844,ACE/USDT:USDT,0.5811,3344.0,0.581,1191.0,0.5826,10297.0,0.5827,92.0
1753520727700,09:05:27.700,ACE/USDT:USDT,0.5811,3344.0,0.581,1191.0,0.5826,10297.0,0.5827,92.0
1753520727760,09:05:27.760,ACE/USDT:USDT,0.5811,3344.0,0.581,1391.0,0.5826,10297.0,0.5827,92.0
1753520727905,09:05:27.905,ACE/USDT:USDT,0.5811,3344.0,0.581,1191.0,0.5826,10297.0,0.5827,92.0
1753520728291,09:05:28.291,ACE/USDT:USDT,0.5811,3344.0,0.581,1191.0,0.5826,10297.0,0.5827,92.0
1753520728344,09:05:28.344,ACE/USDT:USDT,0.5811,3344.0,0.581,1391.0,0.5826,10297.0,0.5827,92.0
1753520728444,09:05:28.444,ACE/USDT:USDT,0.5811,3344.0,0.581,1191.0,0.5826,10297.0,0.5827,92.0
1753520728846,09:05:28.846,ACE/USDT:USDT,0.5811,3344.0,0.581,1191.0,0.5826,10297.0,0.5827,92.0
1753520728946,09:05:28.946,ACE/USDT:USDT,0.5811,3344.0,0.581,1391.0,0.5826,10297.0,0.5827,92.0
1753520729044,09:05:29.044,ACE/USDT:USDT,0.5811,3344.0,0.581,1191.0,0.5826,10297.0,0.5827,92.0
1753520732775,09:05:32.775,ACE/USDT:USDT,0.5811,3344.0,0.581,1191.0,0.5826,10297.0,0.5827,92.0
1753520732848,09:05:32.848,ACE/USDT:USDT,0.5811,3344.0,0.581,1391.0,0.5826,10297.0,0.5827,92.0
1753520732944,09:05:32.944,ACE/USDT:USDT,0.5811,3344.0,0.581,1191.0,0.5826,10297.0,0.5827,92.0
1753520733506,09:05:33.506,ACE/USDT:USDT,0.5811,3344.0,0.581,1191.0,0.5826,10297.0,0.5827,92.0
1753520733544,09:05:33.544,ACE/USDT:USDT,0.5811,3344.0,0.581,1391.0,0.5826,10297.0,0.5827,92.0
1753520733644,09:05:33.644,ACE/USDT:USDT,0.5811,3344.0,0.581,1191.0,0.5826,10297.0,0.5827,92.0
1753520734351,09:05:34.351,ACE/USDT:USDT,0.5811,3344.0,0.581,1191.0,0.5826,10297.0,0.5827,92.0
1753520734445,09:05:34.445,ACE/USDT:USDT,0.5811,3344.0,0.581,1391.0,0.5826,10297.0,0.5827,92.0
1753520734543,09:05:34.543,ACE/USDT:USDT,0.5811,3344.0,0.581,1191.0,0.5826,10297.0,0.5827,92.0
1753520745234,09:05:45.234,ACE/USDT:USDT,0.5811,3344.0,0.581,1191.0,0.5826,5149.0,0.5827,92.0
1753520745299,09:05:45.299,ACE/USDT:USDT,0.5811,3344.0,0.581,1191.0,0.5826,7962.0,0.5827,92.0
1753520745358,09:05:45.358,ACE/USDT:USDT,0.5811,3344.0,0.581,1191.0,0.5826,8820.0,0.5827,92.0
1753520745726,09:05:45.726,ACE/USDT:USDT,0.5811,3344.0,0.581,1191.0,0.5826,8820.0,0.5827,92.0
1753520745744,09:05:45.744,ACE/USDT:USDT,0.5811,3344.0,0.581,1391.0,0.5826,8820.0,0.5827,92.0
1753520745844,09:05:45.844,ACE/USDT:USDT,0.5811,3344.0,0.581,1191.0,0.5826,8820.0,0.5827,92.0
1753520746027,09:05:46.027,ACE/USDT:USDT,0.5811,3344.0,0.581,1191.0,0.5826,8820.0,0.5827,92.0
1753520746038,09:05:46.038,ACE/USDT:USDT,0.5811,3344.0,0.581,1191.0,0.5826,9678.0,0.5827,92.0
1753520746285,09:05:46.285,ACE/USDT:USDT,0.5811,3344.0,0.581,1191.0,0.5826,10536.0,0.5827,92.0
1753520746344,09:05:46.344,ACE/USDT:USDT,0.5811,3344.0,0.581,1391.0,0.5826,9678.0,0.5827,92.0
1753520746523,09:05:46.523,ACE/USDT:USDT,0.5811,3344.0,0.581,1191.0,0.5825,4705.0,0.5826,15684.0
1753520747230,09:05:47.230,ACE/USDT:USDT,0.581,1191.0,0.5806,3000.0,0.5825,4785.0,0.5826,15684.0
1753520747333,09:05:47.333,ACE/USDT:USDT,0.581,1191.0,0.5806,3000.0,0.5825,4785.0,0.5826,15684.0
1753520747429,09:05:47.429,ACE/USDT:USDT,0.581,1391.0,0.5806,3000.0,0.5825,4957.0,0.5826,15684.0
1753520747534,09:05:47.534,ACE/USDT:USDT,0.5806,3000.0,0.5805,198.0,0.5825,4992.0,0.5826,14826.0
1753520747589,09:05:47.589,ACE/USDT:USDT,0.5806,3000.0,0.5805,198.0,0.5825,4992.0,0.5826,14826.0
1753520747731,09:05:47.731,ACE/USDT:USDT,0.5806,3000.0,0.5805,198.0,0.5824,343.0,0.5825,5815.0
1753520747816,09:05:47.816,ACE/USDT:USDT,0.5806,3000.0,0.5805,198.0,0.5824,343.0,0.5825,4705.0
1753520747928,09:05:47.928,ACE/USDT:USDT,0.5806,3000.0,0.5805,198.0,0.5824,1540.0,0.5825,4705.0
1753520748026,09:05:48.026,ACE/USDT:USDT,0.5806,3000.0,0.5805,198.0,0.5824,1540.0,0.5825,4705.0
1753520748180,09:05:48.180,ACE/USDT:USDT,0.5806,3000.0,0.5805,198.0,0.5824,1540.0,0.5825,4705.0
1753520748319,09:05:48.319,ACE/USDT:USDT,0.5811,343.0,0.5806,3000.0,0.5824,1540.0,0.5826,7979.0
1753520748435,09:05:48.435,ACE/USDT:USDT,0.5811,343.0,0.5806,3000.0,0.5824,7550.0,0.5826,6007.0
1753520748480,09:05:48.480,ACE/USDT:USDT,0.5811,343.0,0.5806,3000.0,0.5824,7550.0,0.5826,6007.0
1753520748620,09:05:48.620,ACE/USDT:USDT,0.5807,3343.0,0.5806,3000.0,0.5824,7550.0,0.5826,6007.0
1753520748667,09:05:48.667,ACE/USDT:USDT,0.5807,3343.0,0.5806,3000.0,0.5824,7550.0,0.5826,6007.0
1753520748816,09:05:48.816,ACE/USDT:USDT,0.5807,3343.0,0.5806,3000.0,0.5824,7550.0,0.5826,6007.0
1753520748922,09:05:48.922,ACE/USDT:USDT,0.5807,3343.0,0.5806,3000.0,0.5824,8636.0,0.5826,6007.0
1753520748964,09:05:48.964,ACE/USDT:USDT,0.5807,3343.0,0.5806,3000.0,0.5824,7550.0,0.5826,6007.0
1753520749088,09:05:49.088,ACE/USDT:USDT,0.5807,3343.0,0.5806,3000.0,0.5824,9722.0,0.5826,5149.0
1753520749136,09:05:49.136,ACE/USDT:USDT,0.5807,3343.0,0.5806,3000.0,0.5824,9722.0,0.5826,5149.0
1753520749422,09:05:49.422,ACE/USDT:USDT,0.5807,3343.0,0.5806,3000.0,0.5824,9722.0,0.5826,5149.0
1753520749616,09:05:49.616,ACE/USDT:USDT,0.5807,3343.0,0.5806,3000.0,0.5824,9722.0,0.5826,5149.0
1753520749734,09:05:49.734,ACE/USDT:USDT,0.5807,343.0,0.5806,3000.0,0.5824,9722.0,0.5826,5149.0
1753520749833,09:05:49.833,ACE/USDT:USDT,0.5807,343.0,0.5806,3000.0,0.5823,5151.0,0.5824,9722.0
1753520749926,09:05:49.926,ACE/USDT:USDT,0.5807,343.0,0.5806,3000.0,0.5822,343.0,0.5823,5151.0
1753520750024,09:05:50.024,ACE/USDT:USDT,0.5807,343.0,0.5806,3000.0,0.582,343.0,0.5821,5153.0
1753520750122,09:05:50.122,ACE/USDT:USDT,0.5807,435.0,0.5806,3000.0,0.5818,435.0,0.5819,5155.0
1753520750225,09:05:50.225,ACE/USDT:USDT,0.5807,435.0,0.5806,3000.0,0.5816,343.0,0.5817,5157.0
1753520750300,09:05:50.300,ACE/USDT:USDT,0.5807,435.0,0.5806,3000.0,0.5816,343.0,0.5817,5157.0
1753520750434,09:05:50.434,ACE/USDT:USDT,0.5807,435.0,0.5806,3000.0,0.5816,6361.0,0.5818,46.0
1753520750617,09:05:50.617,ACE/USDT:USDT,0.5807,435.0,0.5806,3000.0,0.5816,5501.0,0.5818,46.0
1753520750678,09:05:50.678,ACE/USDT:USDT,0.5807,3435.0,0.5806,3000.0,0.5816,5501.0,0.583,1191.0
1753520750905,09:05:50.905,ACE/USDT:USDT,0.5807,3435.0,0.5806,3000.0,0.5815,3456.0,0.5816,11565.0
1753520751065,09:05:51.065,ACE/USDT:USDT,0.5807,3435.0,0.5806,3000.0,0.5814,343.0,0.5815,5159.0
1753520751309,09:05:51.309,ACE/USDT:USDT,0.5807,3435.0,0.5806,3000.0,0.5814,343.0,0.5815,5159.0
1753520751534,09:05:51.534,ACE/USDT:USDT,0.5807,3435.0,0.5806,3000.0,0.5814,343.0,0.5815,5159.0
1753520752291,09:05:52.291,ACE/USDT:USDT,0.5807,3435.0,0.5806,3000.0,0.5814,343.0,0.5815,5159.0
1753520752651,09:05:52.651,ACE/USDT:USDT,0.5807,435.0,0.5806,3000.0,0.5814,3343.0,0.5815,5159.0
1753520753271,09:05:53.271,ACE/USDT:USDT,0.5807,435.0,0.5806,3000.0,0.5814,3343.0,0.5815,5159.0
1753520753341,09:05:53.341,ACE/USDT:USDT,0.5807,435.0,0.5806,3000.0,0.5814,8503.0,0.5815,5159.0
1753520753641,09:05:53.641,ACE/USDT:USDT,0.5807,435.0,0.5806,3000.0,0.5814,8503.0,0.5815,5159.0
1753520753821,09:05:53.821,ACE/USDT:USDT,0.5807,435.0,0.5806,3000.0,0.5814,8503.0,0.5815,5159.0
1753520754380,09:05:54.380,ACE/USDT:USDT,0.5807,435.0,0.5806,3000.0,0.5814,8503.0,0.5815,5159.0
1753520754631,09:05:54.631,ACE/USDT:USDT,0.5807,3435.0,0.5806,3000.0,0.5814,8503.0,0.5815,5159.0
1753520755084,09:05:55.084,ACE/USDT:USDT,0.5807,3435.0,0.5806,3000.0,0.5814,3343.0,0.5815,5159.0
1753520755410,09:05:55.410,ACE/USDT:USDT,0.5807,3435.0,0.5806,3000.0,0.5814,3343.0,0.5815,5159.0
1753520755624,09:05:55.624,ACE/USDT:USDT,0.5807,3435.0,0.5806,3000.0,0.5814,3343.0,0.5815,5159.0
1753520755897,09:05:55.897,ACE/USDT:USDT,0.5807,3435.0,0.5806,3000.0,0.5814,3343.0,0.5815,5159.0
1753520756629,09:05:56.629,ACE/USDT:USDT,0.5806,343.0,0.5805,198.0,0.5812,8504.0,0.5813,3046.0
1753520756654,09:05:56.654,ACE/USDT:USDT,0.5806,343.0,0.5805,198.0,0.5812,8504.0,0.5813,3046.0
1753520756821,09:05:56.821,ACE/USDT:USDT,0.5806,343.0,0.5805,198.0,0.5812,8504.0,0.5813,3046.0
1753520756934,09:05:56.934,ACE/USDT:USDT,0.5806,389.0,0.5805,198.0,0.5812,8504.0,0.5813,3046.0
1753520756977,09:05:56.977,ACE/USDT:USDT,0.5806,389.0,0.5805,198.0,0.5812,8504.0,0.5813,3000.0
1753520757306,09:05:57.306,ACE/USDT:USDT,0.5806,389.0,0.5805,198.0,0.5812,8504.0,0.5813,3000.0
1753520757599,09:05:57.599,ACE/USDT:USDT,0.5806,389.0,0.5805,198.0,0.5812,5504.0,0.5829,3000.0
1753520758585,09:05:58.585,ACE/USDT:USDT,0.5806,389.0,0.5805,198.0,0.5812,8504.0,0.5829,3000.0
1753520758652,09:05:58.652,ACE/USDT:USDT,0.5806,389.0,0.5805,198.0,0.5812,8161.0,0.5814,46.0
1753520759017,09:05:59.017,ACE/USDT:USDT,0.5806,389.0,0.5805,198.0,0.5811,3343.0,0.5812,5161.0
1753520759394,09:05:59.394,ACE/USDT:USDT,0.5806,389.0,0.5805,198.0,0.5811,3343.0,0.5812,5161.0
1753520759450,09:05:59.450,ACE/USDT:USDT,0.581,200.0,0.5806,389.0,0.5811,3000.0,0.5812,5161.0
1753520759605,09:05:59.605,ACE/USDT:USDT,0.5806,389.0,0.5805,198.0,0.581,3343.0,0.5811,3000.0
1753520759814,09:05:59.814,ACE/USDT:USDT,0.5806,389.0,0.5805,198.0,0.581,3343.0,0.5811,3000.0
1753520760049,09:06:00.049,ACE/USDT:USDT,0.5806,389.0,0.5805,198.0,0.581,3343.0,0.5811,3000.0
1753520760273,09:06:00.273,ACE/USDT:USDT,0.5806,389.0,0.5805,198.0,0.581,3343.0,0.5811,3000.0
1753520760519,09:06:00.519,ACE/USDT:USDT,0.5806,389.0,0.5805,198.0,0.581,3343.0,0.5811,3000.0
1753520760575,09:06:00.575,ACE/USDT:USDT,0.5806,389.0,0.5805,198.0,0.581,343.0,0.5829,3000.0
1753520760726,09:06:00.726,ACE/USDT:USDT,0.5806,389.0,0.5805,198.0,0.5827,5148.0,0.5828,4201.0
1753520760830,09:06:00.830,ACE/USDT:USDT,0.5806,389.0,0.5805,198.0,0.5822,343.0,0.5823,5151.0
1753520760932,09:06:00.932,ACE/USDT:USDT,0.5806,389.0,0.5805,198.0,0.5819,5155.0,0.582,343.0
1753520760984,09:06:00.984,ACE/USDT:USDT,0.5806,389.0,0.5805,198.0,0.5816,343.0,0.5817,5157.0
1753520761133,09:06:01.133,ACE/USDT:USDT,0.5806,435.0,0.5805,198.0,0.5816,5501.0,0.5817,5157.0
1753520761220,09:06:01.220,ACE/USDT:USDT,0.5806,389.0,0.5805,198.0,0.5814,389.0,0.5815,5159.0
1753520761260,09:06:01.260,ACE/USDT:USDT,0.5806,389.0,0.5805,198.0,0.5814,389.0,0.5815,5159.0
1753520761588,09:06:01.588,ACE/USDT:USDT,0.5806,3435.0,0.5805,244.0,0.5814,389.0,0.5815,5159.0
1753520762013,09:06:02.013,ACE/USDT:USDT,0.5806,3046.0,0.5805,198.0,0.5814,5594.0,0.5818,46.0
1753520762133,09:06:02.133,ACE/USDT:USDT,0.5806,3092.0,0.5805,198.0,0.5814,5548.0,0.5829,3000.0
1753520762386,09:06:02.386,ACE/USDT:USDT,0.5806,3092.0,0.5805,198.0,0.5814,5548.0,0.5829,3000.0
1753520762520,09:06:02.520,ACE/USDT:USDT,0.581,208.0,0.5806,3092.0,0.5814,6518.0,0.5829,3000.0
1753520762546,09:06:02.546,ACE/USDT:USDT,0.5806,3046.0,0.5805,198.0,0.5814,6564.0,0.5815,46.0
1753520762639,09:06:02.639,ACE/USDT:USDT,0.5806,3092.0,0.5805,198.0,0.5814,6564.0,0.5815,46.0
1753520763213,09:06:03.213,ACE/USDT:USDT,0.5806,3092.0,0.5805,198.0,0.5814,6564.0,0.5815,46.0
1753520763247,09:06:03.247,ACE/USDT:USDT,0.581,200.0,0.5806,3046.0,0.5814,6564.0,0.5815,46.0
1753520763684,09:06:03.684,ACE/USDT:USDT,0.5806,3092.0,0.5805,198.0,0.5814,5594.0,0.5815,46.0
1753520764535,09:06:04.535,ACE/USDT:USDT,0.5806,3092.0,0.5805,198.0,0.5813,5160.0,0.5814,435.0
1753520764558,09:06:04.558,ACE/USDT:USDT,0.5806,3092.0,0.5805,198.0,0.5812,343.0,0.5813,5160.0
1753520764890,09:06:04.890,ACE/USDT:USDT,0.5806,3092.0,0.5805,198.0,0.5812,343.0,0.5813,5160.0
1753520765336,09:06:05.336,ACE/USDT:USDT,0.5806,3092.0,0.5805,198.0,0.5812,343.0,0.5813,5160.0
1753520765347,09:06:05.347,ACE/USDT:USDT,0.581,200.0,0.5806,3092.0,0.5812,343.0,0.5813,5160.0
1753520765512,09:06:05.512,ACE/USDT:USDT,0.581,200.0,0.5806,3092.0,0.5813,5160.0,0.5814,435.0
1753520765634,09:06:05.634,ACE/USDT:USDT,0.5806,3092.0,0.5805,198.0,0.5813,5160.0,0.5814,435.0
1753520765640,09:06:05.640,ACE/USDT:USDT,0.5806,3092.0,0.5805,198.0,0.5812,343.0,0.5813,5160.0
1753520765815,09:06:05.815,ACE/USDT:USDT,0.5806,3092.0,0.5805,198.0,0.5812,343.0,0.5813,5160.0
1753520765934,09:06:05.934,ACE/USDT:USDT,0.5806,3092.0,0.5805,198.0,0.5812,343.0,0.5813,5160.0
1753520766089,09:06:06.089,ACE/USDT:USDT,0.5806,3092.0,0.5805,198.0,0.5812,343.0,0.5813,5160.0
1753520766242,09:06:06.242,ACE/USDT:USDT,0.5806,3092.0,0.5805,198.0,0.5812,343.0,0.5813,5160.0
1753520766496,09:06:06.496,ACE/USDT:USDT,0.5806,3092.0,0.5805,198.0,0.5812,343.0,0.5813,5160.0
1753520766555,09:06:06.555,ACE/USDT:USDT,0.5806,3092.0,0.5805,198.0,0.5813,5160.0,0.5814,435.0
1753520766666,09:06:06.666,ACE/USDT:USDT,0.5806,3092.0,0.5805,198.0,0.5812,343.0,0.5813,5160.0
1753520767088,09:06:07.088,ACE/USDT:USDT,0.581,208.0,0.5806,3092.0,0.5812,343.0,0.5813,5160.0
1753520767147,09:06:07.147,ACE/USDT:USDT,0.5806,3046.0,0.5805,198.0,0.5813,5160.0,0.5814,435.0
1753520767247,09:06:07.247,ACE/USDT:USDT,0.5806,3092.0,0.5805,198.0,0.5812,343.0,0.5813,5160.0
1753520767418,09:06:07.418,ACE/USDT:USDT,0.5806,3092.0,0.5805,198.0,0.581,1.0,0.5812,343.0
1753520767521,09:06:07.521,ACE/USDT:USDT,0.5806,3092.0,0.5805,198.0,0.5812,343.0,0.5813,5160.0
1753520768364,09:06:08.364,ACE/USDT:USDT,0.5806,3092.0,0.5805,198.0,0.5812,343.0,0.5813,5160.0
1753520768511,09:06:08.511,ACE/USDT:USDT,0.5806,3092.0,0.5805,198.0,0.5812,343.0,0.5813,5160.0
1753520768808,09:06:08.808,ACE/USDT:USDT,0.5806,3092.0,0.5805,198.0,0.5812,343.0,0.5813,5160.0
1753520769089,09:06:09.089,ACE/USDT:USDT,0.5806,3092.0,0.5805,198.0,0.5812,343.0,0.5813,5160.0
1753520769229,09:06:09.229,ACE/USDT:USDT,0.5806,3092.0,0.5805,198.0,0.5812,343.0,0.5813,5160.0
1753520769248,09:06:09.248,ACE/USDT:USDT,0.5806,3092.0,0.5805,198.0,0.5812,3389.0,0.5813,5160.0
1753520769466,09:06:09.466,ACE/USDT:USDT,0.5806,3092.0,0.5805,198.0,0.5812,3389.0,0.5813,5160.0
1753520769670,09:06:09.670,ACE/USDT:USDT,0.5806,3092.0,0.5805,198.0,0.5812,3389.0,0.5813,5160.0
1753520769752,09:06:09.752,ACE/USDT:USDT,0.581,200.0,0.5806,3046.0,0.5812,3046.0,0.5813,5549.0
1753520770124,09:06:10.124,ACE/USDT:USDT,0.5806,3092.0,0.5805,198.0,0.5811,343.0,0.5812,3046.0
1753520770140,09:06:10.140,ACE/USDT:USDT,0.5806,3092.0,0.5805,198.0,0.5811,3343.0,0.5812,3046.0
1753520770428,09:06:10.428,ACE/USDT:USDT,0.5806,3046.0,0.5805,198.0,0.5811,3343.0,0.5812,3046.0
1753520770515,09:06:10.515,ACE/USDT:USDT,0.5806,3092.0,0.5805,244.0,0.5811,3343.0,0.5812,3000.0
1753520770942,09:06:10.942,ACE/USDT:USDT,0.5806,3092.0,0.5805,244.0,0.5811,3343.0,0.5812,3000.0
1753520771059,09:06:11.059,ACE/USDT:USDT,0.5806,3092.0,0.5805,244.0,0.5811,3000.0,0.5812,3000.0
1753520771366,09:06:11.366,ACE/USDT:USDT,0.5806,3092.0,0.5805,244.0,0.5811,3343.0,0.5812,3000.0
1753520771440,09:06:11.440,ACE/USDT:USDT,0.5806,3092.0,0.5805,244.0,0.5811,343.0,0.5812,3000.0
1753520771551,09:06:11.551,ACE/USDT:USDT,0.5806,3092.0,0.5805,244.0,0.5812,3000.0,0.5813,5595.0
1753520771722,09:06:11.722,ACE/USDT:USDT,0.5806,3092.0,0.5805,244.0,0.5811,343.0,0.5812,3000.0
1753520771740,09:06:11.740,ACE/USDT:USDT,0.5806,3092.0,0.5805,244.0,0.5811,3343.0,0.5812,3000.0
1753520772428,09:06:12.428,ACE/USDT:USDT,0.5806,3092.0,0.5805,244.0,0.5811,3343.0,0.5812,3000.0
1753520772477,09:06:12.477,ACE/USDT:USDT,0.5806,3092.0,0.5805,244.0,0.5811,3343.0,0.5812,3000.0
1753520773417,09:06:13.417,ACE/USDT:USDT,0.5806,3092.0,0.5805,244.0,0.5811,343.0,0.5812,3000.0
1753520773791,09:06:13.791,ACE/USDT:USDT,0.5806,3092.0,0.5805,244.0,0.5811,343.0,0.5812,3000.0
1753520774407,09:06:14.407,ACE/USDT:USDT,0.5806,3092.0,0.5805,244.0,0.5811,3343.0,0.5812,3000.0
1753520776023,09:06:16.023,ACE/USDT:USDT,0.5806,3092.0,0.5805,244.0,0.5811,343.0,0.5812,3000.0
1753520776384,09:06:16.384,ACE/USDT:USDT,0.5806,3092.0,0.5805,244.0,0.5811,3343.0,0.5812,3000.0
1753520777619,09:06:17.619,ACE/USDT:USDT,0.5806,3092.0,0.5805,244.0,0.5811,3343.0,0.5812,3000.0
1753520777731,09:06:17.731,ACE/USDT:USDT,0.5806,3092.0,0.5805,244.0,0.5811,343.0,0.5812,3000.0
1753520777739,09:06:17.739,ACE/USDT:USDT,0.5806,3092.0,0.5805,244.0,0.5811,343.0,0.5812,3000.0
1753520777860,09:06:17.860,ACE/USDT:USDT,0.5806,3092.0,0.5805,244.0,0.5811,343.0,0.5812,3000.0
1753520778125,09:06:18.125,ACE/USDT:USDT,0.5806,3092.0,0.5805,244.0,0.5811,343.0,0.5812,3000.0
1753520778283,09:06:18.283,ACE/USDT:USDT,0.5806,3092.0,0.5805,244.0,0.5811,343.0,0.5812,3000.0
1753520778374,09:06:18.374,ACE/USDT:USDT,0.5806,3092.0,0.5805,244.0,0.5811,343.0,0.5829,3000.0
1753520779351,09:06:19.351,ACE/USDT:USDT,0.5806,3092.0,0.5805,244.0,0.5811,343.0,0.5829,3000.0
1753520779521,09:06:19.521,ACE/USDT:USDT,0.5806,3092.0,0.5805,244.0,0.5828,8490.0,0.5829,3000.0
1753520779603,09:06:19.603,ACE/USDT:USDT,0.5806,3092.0,0.5805,244.0,0.5827,6251.0,0.5828,343.0
1753520779658,09:06:19.658,ACE/USDT:USDT,0.5806,3092.0,0.5805,244.0,0.5827,6809.0,0.5828,343.0
1753520779835,09:06:19.835,ACE/USDT:USDT,0.5806,3092.0,0.5805,244.0,0.5827,6809.0,0.5828,343.0
1753520779971,09:06:19.971,ACE/USDT:USDT,0.5806,3092.0,0.5805,244.0,0.5827,6809.0,0.5828,343.0
1753520780409,09:06:20.409,ACE/USDT:USDT,0.5806,3092.0,0.5805,244.0,0.5827,6809.0,0.5828,343.0
1753520780858,09:06:20.858,ACE/USDT:USDT,0.5806,3092.0,0.5805,244.0,0.5827,6809.0,0.5828,343.0
1753520782347,09:06:22.347,ACE/USDT:USDT,0.5806,3092.0,0.5805,244.0,0.5827,8093.0,0.5828,343.0
1753520783722,09:06:23.722,ACE/USDT:USDT,0.5806,3092.0,0.5805,244.0,0.5827,8093.0,0.5828,343.0
1753520783776,09:06:23.776,ACE/USDT:USDT,0.581,3000.0,0.5806,3000.0,0.5825,5150.0,0.5826,1311.0
1753520783875,09:06:23.875,ACE/USDT:USDT,0.581,3000.0,0.5806,3000.0,0.5823,6465.0,0.5824,343.0
1753520784134,09:06:24.134,ACE/USDT:USDT,0.581,3000.0,0.5806,3000.0,0.582,343.0,0.5821,5153.0
1753520784231,09:06:24.231,ACE/USDT:USDT,0.581,3092.0,0.5806,3000.0,0.5817,5157.0,0.5818,343.0
1753520784249,09:06:24.249,ACE/USDT:USDT,0.581,3292.0,0.5806,3000.0,0.5816,343.0,0.5817,6127.0
1753520784532,09:06:24.532,ACE/USDT:USDT,0.581,3292.0,0.5806,3000.0,0.5816,343.0,0.5817,6127.0
1753520785307,09:06:25.307,ACE/USDT:USDT,0.581,254.0,0.5806,3000.0,0.5816,343.0,0.5817,6173.0
1753520785435,09:06:25.435,ACE/USDT:USDT,0.581,254.0,0.5809,46.0,0.5816,343.0,0.5817,6173.0
1753520785481,09:06:25.481,ACE/USDT:USDT,0.581,46.0,0.5809,46.0,0.5816,5501.0,0.5817,5157.0
1753520785668,09:06:25.668,ACE/USDT:USDT,0.581,46.0,0.5809,46.0,0.5816,5501.0,0.5829,3000.0
1753520786233,09:06:26.233,ACE/USDT:USDT,0.581,46.0,0.5809,46.0,0.5816,5501.0,0.5829,3000.0
1753520786272,09:06:26.272,ACE/USDT:USDT,0.581,3246.0,0.5809,46.0,0.5816,5501.0,0.5829,3000.0
1753520786426,09:06:26.426,ACE/USDT:USDT,0.581,3046.0,0.5809,46.0,0.5816,5501.0,0.5829,3000.0
1753520786526,09:06:26.526,ACE/USDT:USDT,0.581,3046.0,0.5809,46.0,0.5826,3343.0,0.5827,8148.0
1753520786554,09:06:26.554,ACE/USDT:USDT,0.581,3046.0,0.5809,46.0,0.5824,3343.0,0.5825,8150.0
1753520786682,09:06:26.682,ACE/USDT:USDT,0.581,3046.0,0.5809,46.0,0.5822,343.0,0.5823,5151.0
1753520787511,09:06:27.511,ACE/USDT:USDT,0.581,3046.0,0.5809,46.0,0.5822,343.0,0.5823,5151.0
1753520787626,09:06:27.626,ACE/USDT:USDT,0.581,3046.0,0.5809,46.0,0.5822,5495.0,0.5824,3000.0
1753520787733,09:06:27.733,ACE/USDT:USDT,0.581,3046.0,0.5809,46.0,0.5822,6465.0,0.5824,3000.0
1753520787820,09:06:27.820,ACE/USDT:USDT,0.581,3046.0,0.5809,46.0,0.582,343.0,0.5821,5153.0
1753520787883,09:06:27.883,ACE/USDT:USDT,0.581,3046.0,0.5809,46.0,0.582,5497.0,0.5822,970.0
1753520787975,09:06:27.975,ACE/USDT:USDT,0.581,3046.0,0.5809,46.0,0.582,5497.0,0.5822,970.0
1753520788044,09:06:28.044,ACE/USDT:USDT,0.581,3246.0,0.5809,46.0,0.582,5497.0,0.5822,970.0
1753520788143,09:06:28.143,ACE/USDT:USDT,0.581,3046.0,0.5809,46.0,0.582,5497.0,0.5822,970.0
1753520788251,09:06:28.251,ACE/USDT:USDT,0.581,3046.0,0.5809,46.0,0.582,5497.0,0.5822,970.0
1753520788416,09:06:28.416,ACE/USDT:USDT,0.581,3046.0,0.5809,46.0,0.582,5497.0,0.5822,970.0
1753520788733,09:06:28.733,ACE/USDT:USDT,0.581,3046.0,0.5809,46.0,0.582,5497.0,0.5822,970.0
1753520788746,09:06:28.746,ACE/USDT:USDT,0.581,3246.0,0.5809,46.0,0.582,5497.0,0.5822,970.0
1753520788896,09:06:28.896,ACE/USDT:USDT,0.581,3046.0,0.5809,46.0,0.582,5497.0,0.5829,3000.0
1753520789281,09:06:29.281,ACE/USDT:USDT,0.581,3046.0,0.5809,46.0,0.582,5497.0,0.5829,3000.0
1753520789344,09:06:29.344,ACE/USDT:USDT,0.581,3246.0,0.5809,46.0,0.582,5497.0,0.5829,3000.0
1753520789523,09:06:29.523,ACE/USDT:USDT,0.581,3046.0,0.5809,46.0,0.582,5497.0,0.5829,3000.0
1753520789691,09:06:29.691,ACE/USDT:USDT,0.581,3046.0,0.5809,46.0,0.582,6356.0,0.5829,3000.0
1753520789836,09:06:29.836,ACE/USDT:USDT,0.581,3046.0,0.5809,46.0,0.582,6356.0,0.5829,3000.0
1753520789946,09:06:29.946,ACE/USDT:USDT,0.581,3246.0,0.5809,46.0,0.582,6356.0,0.5829,3000.0
1753520790056,09:06:30.056,ACE/USDT:USDT,0.581,3046.0,0.5809,46.0,0.582,6356.0,0.5829,3000.0
1753520790228,09:06:30.228,ACE/USDT:USDT,0.581,3046.0,0.5809,46.0,0.582,6356.0,0.5829,3000.0
1753520790529,09:06:30.529,ACE/USDT:USDT,0.581,3046.0,0.5809,46.0,0.582,6356.0,0.5829,3000.0
1753520790550,09:06:30.550,ACE/USDT:USDT,0.581,3246.0,0.5809,46.0,0.582,6356.0,0.5829,3000.0
1753520790644,09:06:30.644,ACE/USDT:USDT,0.581,3046.0,0.5809,46.0,0.582,6356.0,0.5829,3000.0
1753520791347,09:06:31.347,ACE/USDT:USDT,0.581,3046.0,0.5809,46.0,0.582,6356.0,0.5829,3000.0
1753520791444,09:06:31.444,ACE/USDT:USDT,0.581,3246.0,0.5809,46.0,0.582,6356.0,0.5829,3000.0
1753520791544,09:06:31.544,ACE/USDT:USDT,0.581,3046.0,0.5809,46.0,0.582,6356.0,0.5829,3000.0
1753520792505,09:06:32.505,ACE/USDT:USDT,0.581,3046.0,0.5809,46.0,0.5818,389.0,0.5819,5155.0
1753520792608,09:06:32.608,ACE/USDT:USDT,0.581,3046.0,0.5809,46.0,0.5818,389.0,0.5819,5155.0
1753520792708,09:06:32.708,ACE/USDT:USDT,0.581,3046.0,0.5809,46.0,0.5818,389.0,0.5819,5155.0
1753520793402,09:06:33.402,ACE/USDT:USDT,0.581,3046.0,0.5809,46.0,0.5818,389.0,0.5819,5155.0
1753520793445,09:06:33.445,ACE/USDT:USDT,0.581,3246.0,0.5809,46.0,0.5818,389.0,0.5819,5155.0
1753520793543,09:06:33.543,ACE/USDT:USDT,0.581,3046.0,0.5809,46.0,0.5818,389.0,0.5819,5155.0
1753520793712,09:06:33.712,ACE/USDT:USDT,0.581,3046.0,0.5809,46.0,0.5818,389.0,0.5819,5155.0
1753520793820,09:06:33.820,ACE/USDT:USDT,0.581,3046.0,0.5809,46.0,0.5818,389.0,0.5819,5155.0
1753520794086,09:06:34.086,ACE/USDT:USDT,0.581,3046.0,0.5809,46.0,0.5818,343.0,0.5819,5155.0
1753520797870,09:06:37.870,ACE/USDT:USDT,0.581,3254.0,0.5809,46.0,0.5818,343.0,0.5819,5155.0
1753520797943,09:06:37.943,ACE/USDT:USDT,0.581,3046.0,0.5809,46.0,0.5818,343.0,0.5819,5155.0
1753520798298,09:06:38.298,ACE/USDT:USDT,0.581,3046.0,0.5809,46.0,0.5818,343.0,0.5819,5155.0
1753520799531,09:06:39.531,ACE/USDT:USDT,0.581,3046.0,0.5809,46.0,0.5828,343.0,0.5829,3000.0
1753520799636,09:06:39.636,ACE/USDT:USDT,0.581,3046.0,0.5809,46.0,0.5826,343.0,0.5827,5148.0
1753520799702,09:06:39.702,ACE/USDT:USDT,0.581,3046.0,0.5809,46.0,0.5821,3343.0,0.5822,8152.0
1753520799892,09:06:39.892,ACE/USDT:USDT,0.581,3046.0,0.5809,46.0,0.5821,3343.0,0.5822,8152.0
1753520800133,09:06:40.133,ACE/USDT:USDT,0.581,3046.0,0.5809,46.0,0.5821,8496.0,0.5822,5152.0
1753520800144,09:06:40.144,ACE/USDT:USDT,0.581,3246.0,0.5809,46.0,0.5821,8496.0,0.5826,5148.0
1753520800244,09:06:40.244,ACE/USDT:USDT,0.581,3046.0,0.5809,46.0,0.5821,8496.0,0.5826,5148.0
1753520800349,09:06:40.349,ACE/USDT:USDT,0.581,3046.0,0.5809,46.0,0.5821,8496.0,0.5826,5148.0
1753520801631,09:06:41.631,ACE/USDT:USDT,0.581,3046.0,0.5809,46.0,0.5821,13649.0,0.5829,3000.0
1753520801650,09:06:41.650,ACE/USDT:USDT,0.581,3246.0,0.5809,46.0,0.5819,343.0,0.582,4095.0
1753520801744,09:06:41.744,ACE/USDT:USDT,0.581,3046.0,0.5809,46.0,0.5819,343.0,0.582,4095.0
1753520801979,09:06:41.979,ACE/USDT:USDT,0.581,3046.0,0.5809,46.0,0.5819,343.0,0.582,4095.0
1753520802095,09:06:42.095,ACE/USDT:USDT,0.581,3046.0,0.5809,46.0,0.5819,343.0,0.582,4095.0
1753520802155,09:06:42.155,ACE/USDT:USDT,0.581,3246.0,0.5809,46.0,0.5819,343.0,0.582,4095.0
1753520802244,09:06:42.244,ACE/USDT:USDT,0.581,3046.0,0.5809,46.0,0.5819,343.0,0.582,4095.0
1753520802407,09:06:42.407,ACE/USDT:USDT,0.581,3046.0,0.5809,46.0,0.5819,343.0,0.582,4095.0
1753520803432,09:06:43.432,ACE/USDT:USDT,0.581,3046.0,0.5809,46.0,0.5819,343.0,0.582,4095.0
1753520803445,09:06:43.445,ACE/USDT:USDT,0.581,3246.0,0.5809,46.0,0.5819,5499.0,0.5821,5153.0
1753520803631,09:06:43.631,ACE/USDT:USDT,0.581,3046.0,0.5809,46.0,0.5819,5499.0,0.5821,5153.0
1753520804072,09:06:44.072,ACE/USDT:USDT,0.581,3046.0,0.5809,46.0,0.5819,5499.0,0.5821,5153.0
1753520804533,09:06:44.533,ACE/USDT:USDT,0.581,3046.0,0.5809,46.0,0.5819,5499.0,0.5821,5153.0
1753520804826,09:06:44.826,ACE/USDT:USDT,0.581,3046.0,0.5809,46.0,0.5819,5499.0,0.5821,5153.0
1753520804967,09:06:44.967,ACE/USDT:USDT,0.581,3046.0,0.5809,46.0,0.582,343.0,0.5821,5153.0
1753520805134,09:06:45.134,ACE/USDT:USDT,0.581,3046.0,0.5809,46.0,0.582,343.0,0.5821,5153.0
1753520805364,09:06:45.364,ACE/USDT:USDT,0.581,3046.0,0.5809,46.0,0.582,343.0,0.5821,5153.0
1753520806016,09:06:46.016,ACE/USDT:USDT,0.581,3046.0,0.5809,46.0,0.582,5498.0,0.5821,5153.0
1753520806072,09:06:46.072,ACE/USDT:USDT,0.581,3046.0,0.5809,46.0,0.582,343.0,0.5821,5153.0
1753520806234,09:06:46.234,ACE/USDT:USDT,0.581,3046.0,0.5809,46.0,0.582,5498.0,0.5821,5153.0
1753520806240,09:06:46.240,ACE/USDT:USDT,0.581,3046.0,0.5809,46.0,0.582,5498.0,0.5821,5153.0
1753520806601,09:06:46.601,ACE/USDT:USDT,0.581,3046.0,0.5809,46.0,0.582,5498.0,0.5821,5153.0
1753520806915,09:06:46.915,ACE/USDT:USDT,0.581,3046.0,0.5809,46.0,0.582,5498.0,0.5821,5153.0
1753520807257,09:06:47.257,ACE/USDT:USDT,0.581,3046.0,0.5809,46.0,0.582,5498.0,0.5821,5153.0
1753520807856,09:06:47.856,ACE/USDT:USDT,0.581,3046.0,0.5809,46.0,0.582,343.0,0.5821,5153.0
1753520813514,09:06:53.514,ACE/USDT:USDT,0.581,3046.0,0.5809,46.0,0.582,343.0,0.5821,5153.0
1753520813610,09:06:53.610,ACE/USDT:USDT,0.581,3000.0,0.5806,3000.0,0.582,6467.0,0.5829,3000.0
1753520813911,09:06:53.911,ACE/USDT:USDT,0.581,3000.0,0.5806,3000.0,0.582,6467.0,0.5829,3000.0
1753520813984,09:06:53.984,ACE/USDT:USDT,0.5806,3000.0,0.5805,198.0,0.582,6467.0,0.5829,3000.0
1753520814416,09:06:54.416,ACE/USDT:USDT,0.5806,3000.0,0.5805,198.0,0.582,6467.0,0.5829,3000.0
1753520814470,09:06:54.470,ACE/USDT:USDT,0.581,3000.0,0.5806,3000.0,0.582,6467.0,0.5829,3000.0
1753520814796,09:06:54.796,ACE/USDT:USDT,0.581,3000.0,0.5806,3000.0,0.582,6467.0,0.5829,3000.0
1753520814949,09:06:54.949,ACE/USDT:USDT,0.581,3000.0,0.5806,3000.0,0.582,6467.0,0.5829,3000.0
1753520815077,09:06:55.077,ACE/USDT:USDT,0.581,3200.0,0.5806,3000.0,0.582,6467.0,0.5829,3000.0
1753520815234,09:06:55.234,ACE/USDT:USDT,0.581,3200.0,0.5806,3000.0,0.582,6467.0,0.5829,3000.0
1753520815235,09:06:55.235,ACE/USDT:USDT,0.581,3200.0,0.5806,3000.0,0.582,6467.0,0.5829,3000.0
1753520815671,09:06:55.671,ACE/USDT:USDT,0.581,3200.0,0.5806,3000.0,0.582,6467.0,0.5829,3000.0
1753520815946,09:06:55.946,ACE/USDT:USDT,0.5806,3000.0,0.5805,198.0,0.582,6467.0,0.5829,3000.0
1753520816093,09:06:56.093,ACE/USDT:USDT,0.581,3000.0,0.5806,3000.0,0.582,6467.0,0.5829,3000.0
1753520816509,09:06:56.509,ACE/USDT:USDT,0.581,3000.0,0.5806,3000.0,0.582,6467.0,0.5829,3000.0
1753520816544,09:06:56.544,ACE/USDT:USDT,0.581,3200.0,0.5806,3000.0,0.582,6467.0,0.5829,3000.0
1753520817923,09:06:57.923,ACE/USDT:USDT,0.5806,3000.0,0.5805,198.0,0.582,6467.0,0.5829,3000.0
1753520817963,09:06:57.963,ACE/USDT:USDT,0.581,3200.0,0.5806,3000.0,0.582,6467.0,0.5829,3000.0
1753520818533,09:06:58.533,ACE/USDT:USDT,0.581,3200.0,0.5806,3000.0,0.582,6467.0,0.5829,3000.0
1753520818633,09:06:58.633,ACE/USDT:USDT,0.581,3000.0,0.5806,3000.0,0.5818,343.0,0.5819,5155.0
1753520818658,09:06:58.658,ACE/USDT:USDT,0.581,3046.0,0.5806,3000.0,0.5818,5591.0,0.5829,3000.0
1753520818757,09:06:58.757,ACE/USDT:USDT,0.581,3046.0,0.5806,3000.0,0.5818,6450.0,0.5829,3000.0
1753520818910,09:06:58.910,ACE/USDT:USDT,0.581,3046.0,0.5806,3000.0,0.5818,6450.0,0.5829,3000.0
1753520818950,09:06:58.950,ACE/USDT:USDT,0.581,3046.0,0.5806,3000.0,0.5818,6450.0,0.5829,3000.0
1753520819370,09:06:59.370,ACE/USDT:USDT,0.581,3046.0,0.5806,3000.0,0.5818,6450.0,0.5829,3000.0
1753520819444,09:06:59.444,ACE/USDT:USDT,0.581,3246.0,0.5806,3000.0,0.5818,6450.0,0.5829,3000.0
1753520819899,09:06:59.899,ACE/USDT:USDT,0.581,46.0,0.5806,3000.0,0.5818,6450.0,0.5829,3000.0
1753520819948,09:06:59.948,ACE/USDT:USDT,0.581,246.0,0.5806,3000.0,0.5818,6450.0,0.5829,3000.0
1753520820882,09:07:00.882,ACE/USDT:USDT,0.581,246.0,0.5806,3000.0,0.5818,6450.0,0.5829,3000.0
1753520821686,09:07:01.686,ACE/USDT:USDT,0.5806,3000.0,0.5805,198.0,0.5818,6450.0,0.5829,3000.0
1753520821772,09:07:01.772,ACE/USDT:USDT,0.581,200.0,0.5806,3000.0,0.5818,6450.0,0.5829,3000.0
1753520824843,09:07:04.843,ACE/USDT:USDT,0.581,3200.0,0.5806,3000.0,0.5818,6450.0,0.5829,3000.0
1753520825508,09:07:05.508,ACE/USDT:USDT,0.581,3208.0,0.5806,3000.0,0.5818,6450.0,0.5829,3000.0
1753520825833,09:07:05.833,ACE/USDT:USDT,0.581,3000.0,0.5806,3000.0,0.5818,6450.0,0.5829,3000.0
1753520825851,09:07:05.851,ACE/USDT:USDT,0.581,3000.0,0.5806,3000.0,0.5818,6450.0,0.5829,3000.0
1753520826173,09:07:06.173,ACE/USDT:USDT,0.5806,3000.0,0.5805,198.0,0.5818,6450.0,0.5829,3000.0
1753520826253,09:07:06.253,ACE/USDT:USDT,0.5806,3000.0,0.5805,198.0,0.5818,6450.0,0.5829,3000.0
1753520826706,09:07:06.706,ACE/USDT:USDT,0.5806,3000.0,0.5805,198.0,0.5818,6450.0,0.5829,3000.0
1753520832037,09:07:12.037,ACE/USDT:USDT,0.5806,3000.0,0.5805,198.0,0.5818,5591.0,0.5829,3000.0
1753520832075,09:07:12.075,ACE/USDT:USDT,0.5806,3000.0,0.5805,198.0,0.5818,6561.0,0.5829,3000.0
1753520832348,09:07:12.348,ACE/USDT:USDT,0.5806,3000.0,0.5805,198.0,0.5818,6561.0,0.5829,3000.0
1753520834665,09:07:14.665,ACE/USDT:USDT,0.5806,3000.0,0.5805,198.0,0.5816,343.0,0.5817,5157.0
1753520834751,09:07:14.751,ACE/USDT:USDT,0.5806,3000.0,0.5805,198.0,0.5816,343.0,0.5817,5157.0
1753520835025,09:07:15.025,ACE/USDT:USDT,0.5806,3000.0,0.5805,198.0,0.5816,1203.0,0.5817,5157.0
1753520835179,09:07:15.179,ACE/USDT:USDT,0.5806,3000.0,0.5805,198.0,0.5816,1203.0,0.5817,5157.0
1753520835245,09:07:15.245,ACE/USDT:USDT,0.581,208.0,0.5806,3000.0,0.5816,343.0,0.5817,5157.0
1753520835370,09:07:15.370,ACE/USDT:USDT,0.5806,3000.0,0.5805,198.0,0.5816,1313.0,0.5817,5157.0
1753520835604,09:07:15.604,ACE/USDT:USDT,0.5806,3000.0,0.5805,198.0,0.5816,1313.0,0.5817,5157.0
1753520840549,09:07:20.549,ACE/USDT:USDT,0.5806,3000.0,0.5805,198.0,0.5816,1313.0,0.5817,5157.0
1753520840650,09:07:20.650,ACE/USDT:USDT,0.581,200.0,0.5806,3000.0,0.5816,1313.0,0.5817,5157.0
1753520840846,09:07:20.846,ACE/USDT:USDT,0.581,200.0,0.5806,3000.0,0.5816,1313.0,0.5817,5157.0
1753520841665,09:07:21.665,ACE/USDT:USDT,0.581,200.0,0.5806,3000.0,0.5816,1313.0,0.5817,5157.0
1753520842084,09:07:22.084,ACE/USDT:USDT,0.581,200.0,0.5806,3000.0,0.5816,1313.0,0.5817,5157.0
1753520843219,09:07:23.219,ACE/USDT:USDT,0.581,200.0,0.5806,3000.0,0.5816,1405.0,0.5817,5157.0
1753520843712,09:07:23.712,ACE/USDT:USDT,0.5806,3000.0,0.5805,198.0,0.5816,1405.0,0.5817,5157.0
1753520843744,09:07:23.744,ACE/USDT:USDT,0.581,200.0,0.5806,3000.0,0.5816,1405.0,0.5817,5157.0
1753520846714,09:07:26.714,ACE/USDT:USDT,0.5806,3000.0,0.5805,198.0,0.5816,435.0,0.5817,5157.0
1753520846744,09:07:26.744,ACE/USDT:USDT,0.581,200.0,0.5806,3000.0,0.5816,435.0,0.5817,5157.0
1753520846931,09:07:26.931,ACE/USDT:USDT,0.581,200.0,0.5806,3000.0,0.5816,435.0,0.5817,5157.0
1753520850726,09:07:30.726,ACE/USDT:USDT,0.581,200.0,0.5806,3000.0,0.5816,435.0,0.5817,5157.0
1753520850988,09:07:30.988,ACE/USDT:USDT,0.581,200.0,0.5806,3000.0,0.5816,435.0,0.5817,5157.0
1753520852779,09:07:32.779,ACE/USDT:USDT,0.5806,3000.0,0.5805,198.0,0.5814,343.0,0.5815,5159.0
1753520852891,09:07:32.891,ACE/USDT:USDT,0.5806,3000.0,0.5805,198.0,0.5814,46.0,0.5815,5548.0
1753520853035,09:07:33.035,ACE/USDT:USDT,0.5806,3000.0,0.5805,198.0,0.5814,46.0,0.5815,5548.0
1753520853128,09:07:33.128,ACE/USDT:USDT,0.5806,3046.0,0.5805,198.0,0.5814,46.0,0.5815,5548.0
1753520853166,09:07:33.166,ACE/USDT:USDT,0.5806,3046.0,0.5805,198.0,0.5814,46.0,0.5815,5548.0
1753520853308,09:07:33.308,ACE/USDT:USDT,0.5806,3046.0,0.5805,198.0,0.5814,46.0,0.5815,5548.0
1753520853428,09:07:33.428,ACE/USDT:USDT,0.5806,3046.0,0.5805,198.0,0.5814,46.0,0.5815,5594.0
1753520853847,09:07:33.847,ACE/USDT:USDT,0.5806,3046.0,0.5805,198.0,0.5814,46.0,0.5815,5594.0
1753520853961,09:07:33.961,ACE/USDT:USDT,0.581,200.0,0.5806,3046.0,0.5814,46.0,0.5815,5594.0
1753520854261,09:07:34.261,ACE/USDT:USDT,0.581,200.0,0.5806,3046.0,0.5814,46.0,0.5815,5594.0
1753520854681,09:07:34.681,ACE/USDT:USDT,0.581,200.0,0.5806,3046.0,0.5814,46.0,0.5815,5594.0
1753520854835,09:07:34.835,ACE/USDT:USDT,0.581,200.0,0.5809,46.0,0.5814,46.0,0.5815,5594.0
1753520854859,09:07:34.859,ACE/USDT:USDT,0.5809,92.0,0.5808,46.0,0.5815,5502.0,0.5829,3000.0
1753520855026,09:07:35.026,ACE/USDT:USDT,0.5809,46.0,0.5806,3000.0,0.5827,5148.0,0.5828,934.0
1753520855107,09:07:35.107,ACE/USDT:USDT,0.5809,46.0,0.5806,3000.0,0.5827,5320.0,0.5828,550.0
1753520855230,09:07:35.230,ACE/USDT:USDT,0.5809,46.0,0.5806,3000.0,0.5827,5602.0,0.5828,343.0
1753520855274,09:07:35.274,ACE/USDT:USDT,0.5809,46.0,0.5806,3000.0,0.5827,5602.0,0.5828,343.0
1753520855463,09:07:35.463,ACE/USDT:USDT,0.5809,46.0,0.5806,3000.0,0.5827,5492.0,0.5828,343.0
1753520855559,09:07:35.559,ACE/USDT:USDT,0.5809,46.0,0.5806,3000.0,0.5827,5664.0,0.5828,343.0
1753520855638,09:07:35.638,ACE/USDT:USDT,0.5809,46.0,0.5806,3000.0,0.5827,5492.0,0.5828,343.0
1753520856220,09:07:36.220,ACE/USDT:USDT,0.5809,46.0,0.5806,3000.0,0.5827,5492.0,0.5828,343.0
1753520856420,09:07:36.420,ACE/USDT:USDT,0.5809,46.0,0.5806,3000.0,0.5827,5492.0,0.5828,343.0
1753520857168,09:07:37.168,ACE/USDT:USDT,0.5809,46.0,0.5806,3000.0,0.5827,5664.0,0.5828,343.0
1753520857241,09:07:37.241,ACE/USDT:USDT,0.5809,46.0,0.5806,3000.0,0.5827,5492.0,0.5828,343.0
1753520857511,09:07:37.511,ACE/USDT:USDT,0.5809,46.0,0.5806,3000.0,0.5827,6538.0,0.5828,343.0
1753520857601,09:07:37.601,ACE/USDT:USDT,0.5809,46.0,0.5806,3000.0,0.5827,6710.0,0.5828,343.0
1753520857686,09:07:37.686,ACE/USDT:USDT,0.5809,46.0,0.5806,3000.0,0.5827,7584.0,0.5828,343.0
1753520857821,09:07:37.821,ACE/USDT:USDT,0.5809,46.0,0.5806,3000.0,0.5827,7756.0,0.5828,343.0
1753520857901,09:07:37.901,ACE/USDT:USDT,0.5809,46.0,0.5806,3000.0,0.5827,10704.0,0.5828,343.0
1753520858120,09:07:38.120,ACE/USDT:USDT,0.5809,46.0,0.5806,3000.0,0.5827,10876.0,0.5828,343.0
1753520858200,09:07:38.200,ACE/USDT:USDT,0.5809,46.0,0.5806,3000.0,0.5827,10704.0,0.5828,343.0
1753520858334,09:07:38.334,ACE/USDT:USDT,0.5809,46.0,0.5806,3000.0,0.5823,343.0,0.5824,5151.0
1753520858434,09:07:38.434,ACE/USDT:USDT,0.5809,46.0,0.5806,3000.0,0.5822,5152.0,0.5823,343.0
1753520858496,09:07:38.496,ACE/USDT:USDT,0.5809,46.0,0.5806,3000.0,0.582,5246.0,0.5821,1390.0
1753520858796,09:07:38.796,ACE/USDT:USDT,0.5809,46.0,0.5806,3000.0,0.5819,343.0,0.582,6215.0
1753520858905,09:07:38.905,ACE/USDT:USDT,0.5809,46.0,0.5808,46.0,0.5817,389.0,0.5818,5202.0
1753520859274,09:07:39.274,ACE/USDT:USDT,0.5809,46.0,0.5808,46.0,0.5817,389.0,0.5818,5202.0
1753520859354,09:07:39.354,ACE/USDT:USDT,0.5809,46.0,0.5808,46.0,0.5817,389.0,0.5818,5202.0
1753520859459,09:07:39.459,ACE/USDT:USDT,0.5809,46.0,0.5808,46.0,0.5817,389.0,0.5818,5202.0
1753520859708,09:07:39.708,ACE/USDT:USDT,0.5809,46.0,0.5808,46.0,0.5817,389.0,0.5818,5202.0
1753520860334,09:07:40.334,ACE/USDT:USDT,0.5809,46.0,0.5808,46.0,0.5817,6452.0,0.5818,5248.0
1753520860339,09:07:40.339,ACE/USDT:USDT,0.5809,46.0,0.5806,3000.0,0.5817,6452.0,0.5818,92.0
1753520860571,09:07:40.571,ACE/USDT:USDT,0.5809,46.0,0.5806,3000.0,0.5817,5592.0,0.5818,92.0
1753520861022,09:07:41.022,ACE/USDT:USDT,0.5809,46.0,0.5806,3000.0,0.5817,5592.0,0.5818,92.0
1753520861430,09:07:41.430,ACE/USDT:USDT,0.5809,46.0,0.5806,3000.0,0.5817,8592.0,0.5818,92.0
1753520861483,09:07:41.483,ACE/USDT:USDT,0.5809,46.0,0.5806,3000.0,0.5817,8592.0,0.5818,92.0
1753520861721,09:07:41.721,ACE/USDT:USDT,0.5806,3000.0,0.5805,198.0,0.5817,8592.0,0.5818,92.0
1753520861800,09:07:41.800,ACE/USDT:USDT,0.5806,3000.0,0.5805,198.0,0.5817,8592.0,0.5818,92.0
1753520861934,09:07:41.934,ACE/USDT:USDT,0.5806,3000.0,0.5805,198.0,0.5817,8592.0,0.5818,92.0
1753520862032,09:07:42.032,ACE/USDT:USDT,0.5806,3000.0,0.5805,198.0,0.5816,5158.0,0.5817,3435.0
1753520862134,09:07:42.134,ACE/USDT:USDT,0.5806,3046.0,0.5805,198.0,0.5815,343.0,0.5816,8158.0
1753520862159,09:07:42.159,ACE/USDT:USDT,0.5806,3092.0,0.5805,198.0,0.5815,3343.0,0.5816,8158.0
1753520862368,09:07:42.368,ACE/USDT:USDT,0.5806,3092.0,0.5805,198.0,0.5815,3343.0,0.5816,8158.0
1753520862823,09:07:42.823,ACE/USDT:USDT,0.5806,3092.0,0.5805,198.0,0.5815,3343.0,0.5816,8158.0
1753520863245,09:07:43.245,ACE/USDT:USDT,0.5806,3092.0,0.5805,198.0,0.5815,3343.0,0.5816,8158.0
1753520866700,09:07:46.700,ACE/USDT:USDT,0.5806,3092.0,0.5805,198.0,0.5815,3343.0,0.5816,8158.0
1753520866782,09:07:46.782,ACE/USDT:USDT,0.581,200.0,0.5806,3092.0,0.5815,3343.0,0.5816,8158.0
1753520866901,09:07:46.901,ACE/USDT:USDT,0.581,200.0,0.5809,46.0,0.5815,3343.0,0.5816,8158.0
1753520866996,09:07:46.996,ACE/USDT:USDT,0.5809,46.0,0.5806,3046.0,0.5815,3343.0,0.5816,8158.0
1753520867724,09:07:47.724,ACE/USDT:USDT,0.5809,46.0,0.5806,3046.0,0.5815,3343.0,0.5816,8158.0
1753520867769,09:07:47.769,ACE/USDT:USDT,0.5809,46.0,0.5806,3046.0,0.5815,3343.0,0.5816,8158.0
1753520868224,09:07:48.224,ACE/USDT:USDT,0.5809,46.0,0.5806,3046.0,0.5815,3343.0,0.5816,8158.0
1753520868242,09:07:48.242,ACE/USDT:USDT,0.5809,46.0,0.5806,3046.0,0.5815,3343.0,0.5816,8158.0
1753520868346,09:07:48.346,ACE/USDT:USDT,0.581,200.0,0.5809,46.0,0.5815,3343.0,0.5816,8158.0
1753520868445,09:07:48.445,ACE/USDT:USDT,0.5809,46.0,0.5806,3046.0,0.5815,3343.0,0.5816,8158.0
1753520870599,09:07:50.599,ACE/USDT:USDT,0.5809,46.0,0.5806,3046.0,0.5815,3343.0,0.5816,8158.0
1753520870660,09:07:50.660,ACE/USDT:USDT,0.5809,46.0,0.5806,3046.0,0.5815,3343.0,0.5816,8158.0
1753520871689,09:07:51.689,ACE/USDT:USDT,0.5809,46.0,0.5806,3046.0,0.5815,3343.0,0.5816,8204.0
1753520871794,09:07:51.794,ACE/USDT:USDT,0.581,200.0,0.5809,46.0,0.5815,3343.0,0.5816,8204.0
1753520871911,09:07:51.911,ACE/USDT:USDT,0.5809,46.0,0.5806,3046.0,0.5815,3343.0,0.5816,8204.0
1753520873899,09:07:53.899,ACE/USDT:USDT,0.5809,46.0,0.5806,3046.0,0.5815,3343.0,0.5816,8204.0
1753520873952,09:07:53.952,ACE/USDT:USDT,0.5809,46.0,0.5806,3046.0,0.5815,3343.0,0.5816,8204.0
1753520875554,09:07:55.554,ACE/USDT:USDT,0.5809,46.0,0.5806,3046.0,0.5815,3343.0,0.5816,8158.0
1753520875645,09:07:55.645,ACE/USDT:USDT,0.581,200.0,0.5809,46.0,0.5815,3343.0,0.5816,8158.0
1753520875746,09:07:55.746,ACE/USDT:USDT,0.5809,46.0,0.5806,3046.0,0.5815,3343.0,0.5816,8158.0
1753520880401,09:08:00.401,ACE/USDT:USDT,0.5809,46.0,0.5806,3046.0,0.5815,3343.0,0.5816,3000.0
1753520880454,09:08:00.454,ACE/USDT:USDT,0.5809,46.0,0.5806,3000.0,0.5815,3343.0,0.5816,3000.0
1753520880714,09:08:00.714,ACE/USDT:USDT,0.5809,46.0,0.5806,3000.0,0.5815,3343.0,0.5816,3000.0
1753520881210,09:08:01.210,ACE/USDT:USDT,0.581,208.0,0.5809,92.0,0.5815,343.0,0.5816,3000.0
1753520881244,09:08:01.244,ACE/USDT:USDT,0.5809,92.0,0.5806,3000.0,0.5815,343.0,0.5816,3000.0
1753520881359,09:08:01.359,ACE/USDT:USDT,0.5809,92.0,0.5806,3000.0,0.5815,343.0,0.5816,3000.0
1753520881727,09:08:01.727,ACE/USDT:USDT,0.5805,198.0,0.5796,3000.0,0.5809,8507.0,0.581,3092.0
1753520881831,09:08:01.831,ACE/USDT:USDT,0.5796,3000.0,0.5791,3000.0,0.5805,343.0,0.5806,5167.0
1753520881913,09:08:01.913,ACE/USDT:USDT,0.5796,3000.0,0.5791,3000.0,0.5805,343.0,0.5806,5167.0
1753520882034,09:08:02.034,ACE/USDT:USDT,0.5796,3000.0,0.5791,3000.0,0.5805,343.0,0.5806,5167.0
1753520882109,09:08:02.109,ACE/USDT:USDT,0.5796,3000.0,0.5791,3000.0,0.5818,5328.0,0.5819,343.0
1753520882233,09:08:02.233,ACE/USDT:USDT,0.5792,5179.0,0.5791,3000.0,0.581,208.0,0.5816,5158.0
1753520882315,09:08:02.315,ACE/USDT:USDT,0.5792,5179.0,0.5791,3000.0,0.5807,343.0,0.5808,3000.0
1753520882397,09:08:02.397,ACE/USDT:USDT,0.5792,5179.0,0.5791,3000.0,0.5807,343.0,0.5808,3000.0
1753520882523,09:08:02.523,ACE/USDT:USDT,0.5792,5179.0,0.5791,3000.0,0.5807,343.0,0.5808,3000.0
1753520882536,09:08:02.536,ACE/USDT:USDT,0.5792,5180.0,0.5791,3000.0,0.5807,343.0,0.5808,3000.0
1753520882835,09:08:02.835,ACE/USDT:USDT,0.5792,5180.0,0.5791,3000.0,0.5807,343.0,0.5808,3000.0
1753520882845,09:08:02.845,ACE/USDT:USDT,0.5792,5180.0,0.5791,3000.0,0.5807,343.0,0.5808,3000.0
1753520882944,09:08:02.944,ACE/USDT:USDT,0.5792,5180.0,0.5791,3000.0,0.5807,343.0,0.5808,3000.0
1753520883199,09:08:03.199,ACE/USDT:USDT,0.5792,5180.0,0.5791,3000.0,0.5807,3343.0,0.5808,3000.0
1753520883336,09:08:03.336,ACE/USDT:USDT,0.5792,5180.0,0.5791,3000.0,0.5807,3343.0,0.5808,3000.0
1753520883371,09:08:03.371,ACE/USDT:USDT,0.5792,5180.0,0.5791,3000.0,0.5807,3343.0,0.5808,3000.0
1753520883533,09:08:03.533,ACE/USDT:USDT,0.5793,8065.0,0.5792,5180.0,0.5807,3343.0,0.5808,3000.0
1753520883635,09:08:03.635,ACE/USDT:USDT,0.5794,5223.0,0.5793,8065.0,0.5807,3343.0,0.5808,3000.0
1753520883737,09:08:03.737,ACE/USDT:USDT,0.5794,5230.0,0.5793,8065.0,0.5807,3343.0,0.5808,3000.0
1753520883934,09:08:03.934,ACE/USDT:USDT,0.5794,5223.0,0.5793,8065.0,0.5807,3343.0,0.5808,3000.0
1753520884035,09:08:04.035,ACE/USDT:USDT,0.5794,5230.0,0.5791,3000.0,0.5807,3343.0,0.5808,3000.0
1753520884133,09:08:04.133,ACE/USDT:USDT,0.5794,5223.0,0.5791,3000.0,0.5807,3343.0,0.5808,3000.0
1753520884205,09:08:04.205,ACE/USDT:USDT,0.5794,5223.0,0.5791,3000.0,0.5807,3343.0,0.5808,3000.0
1753520884527,09:08:04.527,ACE/USDT:USDT,0.5794,5223.0,0.5791,3000.0,0.5807,3343.0,0.5808,3000.0
1753520884559,09:08:04.559,ACE/USDT:USDT,0.5794,5223.0,0.5791,3000.0,0.5807,3343.0,0.5808,3000.0
1753520884644,09:08:04.644,ACE/USDT:USDT,0.5794,5223.0,0.5791,3000.0,0.5807,3343.0,0.5808,3000.0
1753520884829,09:08:04.829,ACE/USDT:USDT,0.5794,5223.0,0.5791,3000.0,0.5805,343.0,0.5806,3000.0
1753520884840,09:08:04.840,ACE/USDT:USDT,0.5794,5269.0,0.5791,3000.0,0.5805,3343.0,0.5808,3000.0
1753520884955,09:08:04.955,ACE/USDT:USDT,0.5794,5269.0,0.5791,3000.0,0.5805,3343.0,0.5808,3000.0
1753520885234,09:08:05.234,ACE/USDT:USDT,0.5794,5279.0,0.5791,3000.0,0.5805,3343.0,0.5808,3000.0
1753520885334,09:08:05.334,ACE/USDT:USDT,0.5794,5269.0,0.5791,3000.0,0.5805,3343.0,0.5808,3000.0
1753520885342,09:08:05.342,ACE/USDT:USDT,0.5795,5659.0,0.5794,5269.0,0.5805,3343.0,0.5808,3000.0
1753520885800,09:08:05.800,ACE/USDT:USDT,0.5795,5659.0,0.5794,5269.0,0.5805,3343.0,0.5808,3000.0
1753520885915,09:08:05.915,ACE/USDT:USDT,0.5795,5659.0,0.5794,5269.0,0.5805,3343.0,0.5808,3000.0
1753520886234,09:08:06.234,ACE/USDT:USDT,0.5795,5669.0,0.5794,5269.0,0.5807,3343.0,0.5808,3000.0
1753520886334,09:08:06.334,ACE/USDT:USDT,0.5795,5659.0,0.5794,5269.0,0.5807,3343.0,0.5808,3000.0
1753520886345,09:08:06.345,ACE/USDT:USDT,0.5795,5659.0,0.5794,5269.0,0.5807,3343.0,0.5808,3000.0
1753520886443,09:08:06.443,ACE/USDT:USDT,0.5795,5659.0,0.5794,5269.0,0.5807,3343.0,0.5808,3000.0
1753520886666,09:08:06.666,ACE/USDT:USDT,0.5795,5659.0,0.5794,5269.0,0.5807,3343.0,0.5808,3000.0
1753520887419,09:08:07.419,ACE/USDT:USDT,0.5795,5659.0,0.5794,5269.0,0.5807,3343.0,0.5808,3000.0
1753520887444,09:08:07.444,ACE/USDT:USDT,0.5795,5659.0,0.5794,5269.0,0.5807,3343.0,0.5808,3000.0
1753520887544,09:08:07.544,ACE/USDT:USDT,0.5795,5659.0,0.5794,5269.0,0.5807,3343.0,0.5808,3000.0
1753520888125,09:08:08.125,ACE/USDT:USDT,0.5796,3000.0,0.5795,8659.0,0.5807,343.0,0.5808,3000.0
1753520888151,09:08:08.151,ACE/USDT:USDT,0.5796,3000.0,0.5795,8659.0,0.5807,343.0,0.5808,3000.0
1753520888244,09:08:08.244,ACE/USDT:USDT,0.5796,3000.0,0.5795,8659.0,0.5807,343.0,0.5808,3000.0
1753520888517,09:08:08.517,ACE/USDT:USDT,0.5796,3000.0,0.5795,8659.0,0.5799,1.0,0.5807,343.0
1753520888621,09:08:08.621,ACE/USDT:USDT,0.5796,3000.0,0.5795,8659.0,0.5807,343.0,0.5808,3000.0
1753520888767,09:08:08.767,ACE/USDT:USDT,0.5796,3000.0,0.5795,8659.0,0.5807,343.0,0.5808,3000.0
1753520889028,09:08:09.028,ACE/USDT:USDT,0.5796,3000.0,0.5795,3000.0,0.5807,343.0,0.5808,3000.0
1753520889120,09:08:09.120,ACE/USDT:USDT,0.5796,3000.0,0.5795,3000.0,0.5807,3343.0,0.5808,3000.0
1753520889190,09:08:09.190,ACE/USDT:USDT,0.5796,3000.0,0.5795,3000.0,0.5807,3343.0,0.5808,3000.0
1753520889615,09:08:09.615,ACE/USDT:USDT,0.5796,3000.0,0.5795,3000.0,0.5807,3343.0,0.5808,3000.0
1753520890132,09:08:10.132,ACE/USDT:USDT,0.5795,3000.0,0.5794,5269.0,0.5806,3000.0,0.5807,343.0
1753520890220,09:08:10.220,ACE/USDT:USDT,0.5795,3000.0,0.5794,5269.0,0.5805,3343.0,0.5808,3000.0
1753520890535,09:08:10.535,ACE/USDT:USDT,0.5795,3000.0,0.5794,5269.0,0.5805,3343.0,0.5808,3000.0
1753520890919,09:08:10.919,ACE/USDT:USDT,0.5795,3000.0,0.5794,5269.0,0.5805,3343.0,0.5808,3000.0
1753520891337,09:08:11.337,ACE/USDT:USDT,0.5795,3000.0,0.5794,5269.0,0.5805,3343.0,0.5808,3000.0
1753520891337,09:08:11.337,ACE/USDT:USDT,0.5795,3000.0,0.5794,5269.0,0.5805,3343.0,0.5808,3000.0
1753520891773,09:08:11.773,ACE/USDT:USDT,0.5795,3000.0,0.5794,5269.0,0.5805,3343.0,0.5808,3000.0
1753520892100,09:08:12.100,ACE/USDT:USDT,0.5795,3000.0,0.5794,5269.0,0.5807,3343.0,0.5808,3000.0
1753520892208,09:08:12.208,ACE/USDT:USDT,0.5795,3000.0,0.5794,5269.0,0.5807,3343.0,0.5808,3000.0
1753520892626,09:08:12.626,ACE/USDT:USDT,0.5795,3000.0,0.5794,5269.0,0.5807,3343.0,0.5808,3000.0
1753520893126,09:08:13.126,ACE/USDT:USDT,0.5795,3000.0,0.5794,5269.0,0.5807,3343.0,0.5808,3000.0
1753520894071,09:08:14.071,ACE/USDT:USDT,0.5795,3000.0,0.5794,5269.0,0.5806,3000.0,0.5807,343.0
1753520894260,09:08:14.260,ACE/USDT:USDT,0.5795,3000.0,0.5794,5269.0,0.5805,3343.0,0.5808,3000.0
1753520894668,09:08:14.668,ACE/USDT:USDT,0.5795,3000.0,0.5794,5269.0,0.5805,3343.0,0.5808,3000.0
1753520895047,09:08:15.047,ACE/USDT:USDT,0.5795,3000.0,0.5794,5269.0,0.5805,3343.0,0.5808,3000.0
