timestamp,time,symbol,bid1_price,bid1_volume,bid2_price,bid2_volume,ask1_price,ask1_volume,ask2_price,ask2_volume
1753531605000,12:06:45.000,BANK/USDT:USDT,0.0588,264.0,0.05876,4.0,0.05884,1.0,0.05885,3.0
1753531605186,12:06:45.186,BANK/USDT:USDT,0.0588,264.0,0.05876,4.0,0.05883,3.0,0.05884,2.0
1753531605291,12:06:45.291,BANK/USDT:USDT,0.0588,264.0,0.05876,4.0,0.05882,2.0,0.05883,3.0
1753531605420,12:06:45.420,BANK/USDT:USDT,0.0588,264.0,0.05876,4.0,0.05882,2.0,0.05883,3.0
1753531606574,12:06:46.574,BANK/USDT:USDT,0.0588,264.0,0.05876,4.0,0.05882,2.0,0.05883,3.0
1753531608476,12:06:48.476,BANK/USDT:USDT,0.0588,264.0,0.05876,4.0,0.05882,2.0,0.05883,3.0
1753531608637,12:06:48.637,BANK/USDT:USDT,0.0588,264.0,0.05876,4.0,0.05882,2.0,0.05883,3.0
1753531608768,12:06:48.768,BANK/USDT:USDT,0.0588,264.0,0.05876,4.0,0.05882,2.0,0.05883,3.0
1753531608881,12:06:48.881,BANK/USDT:USDT,0.0588,264.0,0.05876,4.0,0.05882,2.0,0.05883,3.0
1753531609259,12:06:49.259,BANK/USDT:USDT,0.0588,264.0,0.05876,4.0,0.05882,5.0,0.05885,3.0
1753531609604,12:06:49.604,BANK/USDT:USDT,0.0588,264.0,0.05876,4.0,0.05883,3.0,0.05884,2.0
1753531609674,12:06:49.674,BANK/USDT:USDT,0.0588,264.0,0.05876,4.0,0.05882,2.0,0.05883,3.0
1753531610016,12:06:50.016,BANK/USDT:USDT,0.0588,264.0,0.05876,4.0,0.05882,2.0,0.05883,3.0
1753531610113,12:06:50.113,BANK/USDT:USDT,0.0588,264.0,0.05876,4.0,0.05882,2.0,0.05883,3.0
1753531610429,12:06:50.429,BANK/USDT:USDT,0.0588,264.0,0.05876,4.0,0.05882,2.0,0.05883,3.0
1753531610847,12:06:50.847,BANK/USDT:USDT,0.0588,264.0,0.05876,4.0,0.05882,2.0,0.05883,3.0
1753531611411,12:06:51.411,BANK/USDT:USDT,0.0588,264.0,0.05876,4.0,0.05882,2.0,0.05885,3.0
1753531611486,12:06:51.486,BANK/USDT:USDT,0.0588,264.0,0.05876,4.0,0.05883,4.0,0.05884,2.0
1753531611571,12:06:51.571,BANK/USDT:USDT,0.0588,264.0,0.05876,4.0,0.05882,2.0,0.05883,4.0
1753531611670,12:06:51.670,BANK/USDT:USDT,0.0588,264.0,0.05876,4.0,0.05882,2.0,0.05883,4.0
1753531612083,12:06:52.083,BANK/USDT:USDT,0.0588,264.0,0.05876,4.0,0.05882,2.0,0.05883,4.0
1753531612284,12:06:52.284,BANK/USDT:USDT,0.0588,264.0,0.05876,4.0,0.05882,2.0,0.05883,4.0
1753531612419,12:06:52.419,BANK/USDT:USDT,0.0588,264.0,0.05876,4.0,0.05882,2.0,0.05883,4.0
1753531612848,12:06:52.848,BANK/USDT:USDT,0.0588,264.0,0.05876,4.0,0.05882,2.0,0.05883,4.0
1753531612902,12:06:52.902,BANK/USDT:USDT,0.0588,264.0,0.05876,4.0,0.05882,2.0,0.05883,4.0
1753531613558,12:06:53.558,BANK/USDT:USDT,0.0588,264.0,0.05876,4.0,0.05882,2.0,0.05885,3.0
1753531613586,12:06:53.586,BANK/USDT:USDT,0.0588,264.0,0.05876,4.0,0.05883,4.0,0.05884,2.0
1753531613716,12:06:53.716,BANK/USDT:USDT,0.0588,264.0,0.05876,4.0,0.05882,2.0,0.05883,4.0
1753531614131,12:06:54.131,BANK/USDT:USDT,0.0588,264.0,0.05876,4.0,0.05882,2.0,0.05883,4.0
1753531615738,12:06:55.738,BANK/USDT:USDT,0.0588,264.0,0.05876,4.0,0.05882,2.0,0.05885,3.0
1753531615783,12:06:55.783,BANK/USDT:USDT,0.0588,264.0,0.05876,4.0,0.05883,4.0,0.05884,2.0
1753531616154,12:06:56.154,BANK/USDT:USDT,0.0588,264.0,0.05876,4.0,0.05882,2.0,0.05883,4.0
1753531616212,12:06:56.212,BANK/USDT:USDT,0.0588,264.0,0.05876,4.0,0.05882,2.0,0.05883,4.0
1753531616687,12:06:56.687,BANK/USDT:USDT,0.0588,264.0,0.05876,4.0,0.05882,6.0,0.05883,4.0
1753531616847,12:06:56.847,BANK/USDT:USDT,0.0588,264.0,0.05876,4.0,0.05887,3.0,0.05889,3.0
1753531616998,12:06:56.998,BANK/USDT:USDT,0.0588,264.0,0.05876,4.0,0.05883,4.0,0.05884,2.0
1753531617076,12:06:57.076,BANK/USDT:USDT,0.0588,264.0,0.05876,4.0,0.05882,2.0,0.05883,4.0
1753531617207,12:06:57.207,BANK/USDT:USDT,0.0588,264.0,0.05876,4.0,0.05882,2.0,0.05883,4.0
1753531617426,12:06:57.426,BANK/USDT:USDT,0.0588,264.0,0.05876,4.0,0.05882,2.0,0.05883,4.0
1753531617649,12:06:57.649,BANK/USDT:USDT,0.0588,264.0,0.05876,4.0,0.05882,2.0,0.05883,4.0
1753531617734,12:06:57.734,BANK/USDT:USDT,0.0588,264.0,0.05876,4.0,0.05882,2.0,0.05883,4.0
1753531618124,12:06:58.124,BANK/USDT:USDT,0.0588,264.0,0.05876,4.0,0.05882,2.0,0.05883,4.0
1753531618248,12:06:58.248,BANK/USDT:USDT,0.0588,264.0,0.05876,4.0,0.05882,2.0,0.05883,4.0
1753531620059,12:07:00.059,BANK/USDT:USDT,0.0588,264.0,0.05876,4.0,0.05882,2.0,0.05885,4.0
1753531620086,12:07:00.086,BANK/USDT:USDT,0.0588,264.0,0.05876,4.0,0.05883,4.0,0.05884,2.0
1753531620220,12:07:00.220,BANK/USDT:USDT,0.0588,264.0,0.05876,4.0,0.05882,2.0,0.05883,4.0
1753531622201,12:07:02.201,BANK/USDT:USDT,0.0588,264.0,0.05876,4.0,0.05882,2.0,0.05885,4.0
1753531622286,12:07:02.286,BANK/USDT:USDT,0.0588,264.0,0.05876,4.0,0.05883,3.0,0.05884,2.0
1753531622449,12:07:02.449,BANK/USDT:USDT,0.0588,264.0,0.05876,4.0,0.05882,2.0,0.05883,3.0
1753531622773,12:07:02.773,BANK/USDT:USDT,0.0588,264.0,0.05876,4.0,0.05882,2.0,0.05883,3.0
1753531623747,12:07:03.747,BANK/USDT:USDT,0.0588,264.0,0.05876,4.0,0.05882,5.0,0.05883,3.0
1753531624091,12:07:04.091,BANK/USDT:USDT,0.0588,264.0,0.05876,4.0,0.05883,3.0,0.05884,2.0
1753531624171,12:07:04.171,BANK/USDT:USDT,0.0588,264.0,0.05876,4.0,0.05882,2.0,0.05883,3.0
1753531624347,12:07:04.347,BANK/USDT:USDT,0.0588,264.0,0.05876,4.0,0.05882,2.0,0.05885,3.0
1753531624387,12:07:04.387,BANK/USDT:USDT,0.0588,264.0,0.05876,4.0,0.05883,3.0,0.05884,2.0
1753531624470,12:07:04.470,BANK/USDT:USDT,0.0588,264.0,0.05876,4.0,0.05882,2.0,0.05883,3.0
1753531626349,12:07:06.349,BANK/USDT:USDT,0.0588,264.0,0.05876,4.0,0.05882,2.0,0.05883,3.0
1753531626497,12:07:06.497,BANK/USDT:USDT,0.0588,264.0,0.05876,4.0,0.05882,2.0,0.05885,3.0
1753531626586,12:07:06.586,BANK/USDT:USDT,0.0588,264.0,0.05876,4.0,0.05883,3.0,0.05884,2.0
1753531626713,12:07:06.713,BANK/USDT:USDT,0.0588,264.0,0.05876,4.0,0.05882,2.0,0.05883,3.0
1753531627128,12:07:07.128,BANK/USDT:USDT,0.0588,264.0,0.05876,4.0,0.05882,2.0,0.05883,3.0
1753531627248,12:07:07.248,BANK/USDT:USDT,0.0588,264.0,0.05876,4.0,0.05882,2.0,0.05883,3.0
1753531627566,12:07:07.566,BANK/USDT:USDT,0.0588,264.0,0.05876,4.0,0.05882,2.0,0.05883,3.0
1753531627752,12:07:07.752,BANK/USDT:USDT,0.0588,264.0,0.05876,4.0,0.05882,5.0,0.05883,3.0
1753531627776,12:07:07.776,BANK/USDT:USDT,0.0588,264.0,0.05876,4.0,0.05882,3.0,0.05883,3.0
1753531627947,12:07:07.947,BANK/USDT:USDT,0.0588,264.0,0.05876,4.0,0.05887,3.0,0.05889,3.0
1753531627974,12:07:07.974,BANK/USDT:USDT,0.0588,264.0,0.05876,4.0,0.05885,3.0,0.05886,2.0
1753531628076,12:07:08.076,BANK/USDT:USDT,0.0588,264.0,0.05876,4.0,0.05883,3.0,0.05884,2.0
1753531628192,12:07:08.192,BANK/USDT:USDT,0.0588,264.0,0.05876,4.0,0.05882,5.0,0.05883,3.0
1753531628349,12:07:08.349,BANK/USDT:USDT,0.0588,264.0,0.05876,4.0,0.05885,3.0,0.05887,3.0
1753531628380,12:07:08.380,BANK/USDT:USDT,0.0588,264.0,0.05876,4.0,0.05883,3.0,0.05884,2.0
1753531628551,12:07:08.551,BANK/USDT:USDT,0.0588,264.0,0.05876,4.0,0.05882,5.0,0.05883,3.0
1753531628645,12:07:08.645,BANK/USDT:USDT,0.0588,264.0,0.05876,4.0,0.05882,3.0,0.05887,3.0
1753531628703,12:07:08.703,BANK/USDT:USDT,0.0588,264.0,0.05876,4.0,0.05887,3.0,0.05889,3.0
1753531628830,12:07:08.830,BANK/USDT:USDT,0.0588,264.0,0.05876,4.0,0.05885,3.0,0.05886,2.0
1753531628923,12:07:08.923,BANK/USDT:USDT,0.0588,264.0,0.05876,4.0,0.05883,3.0,0.05884,2.0
1753531629027,12:07:09.027,BANK/USDT:USDT,0.0588,264.0,0.05876,4.0,0.05882,2.0,0.05883,3.0
1753531629119,12:07:09.119,BANK/USDT:USDT,0.0588,264.0,0.05876,4.0,0.05882,2.0,0.05883,3.0
1753531629219,12:07:09.219,BANK/USDT:USDT,0.0588,264.0,0.05876,4.0,0.05882,2.0,0.05883,3.0
1753531630093,12:07:10.093,BANK/USDT:USDT,0.0588,264.0,0.05876,4.0,0.05882,2.0,0.05883,3.0
1753531630811,12:07:10.811,BANK/USDT:USDT,0.0588,264.0,0.05876,4.0,0.05882,2.0,0.05885,3.0
1753531630926,12:07:10.926,BANK/USDT:USDT,0.0588,264.0,0.05876,4.0,0.05883,4.0,0.05884,2.0
1753531630991,12:07:10.991,BANK/USDT:USDT,0.0588,264.0,0.05876,4.0,0.05882,2.0,0.05883,4.0
1753531631338,12:07:11.338,BANK/USDT:USDT,0.0588,264.0,0.05876,4.0,0.05882,2.0,0.05883,4.0
1753531632048,12:07:12.048,BANK/USDT:USDT,0.0588,264.0,0.05876,4.0,0.05882,2.0,0.05883,4.0
1753531632459,12:07:12.459,BANK/USDT:USDT,0.0588,264.0,0.05876,4.0,0.05882,2.0,0.05883,4.0
1753531632557,12:07:12.557,BANK/USDT:USDT,0.0588,264.0,0.05876,4.0,0.05882,2.0,0.05883,4.0
1753531632979,12:07:12.979,BANK/USDT:USDT,0.0588,264.0,0.05876,4.0,0.05882,2.0,0.05885,3.0
1753531633086,12:07:13.086,BANK/USDT:USDT,0.0588,264.0,0.05876,4.0,0.05883,4.0,0.05884,2.0
1753531633185,12:07:13.185,BANK/USDT:USDT,0.0588,264.0,0.05876,4.0,0.05882,2.0,0.05883,4.0
1753531634607,12:07:14.607,BANK/USDT:USDT,0.0588,264.0,0.05876,4.0,0.05882,2.0,0.05883,4.0
1753531634699,12:07:14.699,BANK/USDT:USDT,0.0588,264.0,0.05876,4.0,0.05882,2.0,0.05883,4.0
1753531634888,12:07:14.888,BANK/USDT:USDT,0.0588,264.0,0.05876,4.0,0.05882,2.0,0.05883,4.0
1753531635034,12:07:15.034,BANK/USDT:USDT,0.0588,264.0,0.05876,4.0,0.05882,6.0,0.05883,4.0
1753531635129,12:07:15.129,BANK/USDT:USDT,0.0588,264.0,0.05876,4.0,0.05882,4.0,0.05885,3.0
1753531635218,12:07:15.218,BANK/USDT:USDT,0.0588,264.0,0.05876,4.0,0.05887,3.0,0.05889,3.0
1753531635280,12:07:15.280,BANK/USDT:USDT,0.0588,264.0,0.05876,4.0,0.05885,4.0,0.05886,2.0
1753531635387,12:07:15.387,BANK/USDT:USDT,0.0588,264.0,0.05876,4.0,0.05883,4.0,0.05884,2.0
1753531635470,12:07:15.470,BANK/USDT:USDT,0.0588,264.0,0.05876,4.0,0.05882,2.0,0.05883,4.0
1753531635806,12:07:15.806,BANK/USDT:USDT,0.0588,264.0,0.05876,4.0,0.05882,2.0,0.05883,4.0
1753531636027,12:07:16.027,BANK/USDT:USDT,0.0588,264.0,0.05876,4.0,0.05882,2.0,0.05883,4.0
1753531636227,12:07:16.227,BANK/USDT:USDT,0.0588,264.0,0.05876,4.0,0.05882,6.0,0.05883,4.0
1753531636275,12:07:16.275,BANK/USDT:USDT,0.0588,264.0,0.05876,4.0,0.05882,4.0,0.05883,4.0
1753531636387,12:07:16.387,BANK/USDT:USDT,0.0588,264.0,0.05876,4.0,0.05887,3.0,0.05889,3.0
1753531636473,12:07:16.473,BANK/USDT:USDT,0.0588,264.0,0.05876,4.0,0.05885,4.0,0.05886,2.0
1753531636644,12:07:16.644,BANK/USDT:USDT,0.0588,264.0,0.05876,4.0,0.05883,4.0,0.05884,2.0
1753531636670,12:07:16.670,BANK/USDT:USDT,0.0588,264.0,0.05876,4.0,0.05882,2.0,0.05883,4.0
1753531636848,12:07:16.848,BANK/USDT:USDT,0.0588,264.0,0.05876,4.0,0.05882,2.0,0.05883,4.0
1753531637057,12:07:17.057,BANK/USDT:USDT,0.0588,264.0,0.05876,4.0,0.05882,2.0,0.05883,4.0
1753531637139,12:07:17.139,BANK/USDT:USDT,0.0588,264.0,0.05876,4.0,0.05882,2.0,0.05883,4.0
1753531637293,12:07:17.293,BANK/USDT:USDT,0.0588,264.0,0.05876,4.0,0.05882,2.0,0.05885,4.0
1753531637386,12:07:17.386,BANK/USDT:USDT,0.0588,264.0,0.05876,4.0,0.05883,4.0,0.05884,2.0
1753531637492,12:07:17.492,BANK/USDT:USDT,0.0588,264.0,0.05876,4.0,0.05882,6.0,0.05883,4.0
1753531637646,12:07:17.646,BANK/USDT:USDT,0.0588,264.0,0.05876,4.0,0.05885,4.0,0.05887,3.0
1753531637687,12:07:17.687,BANK/USDT:USDT,0.0588,264.0,0.05876,4.0,0.05883,4.0,0.05884,2.0
1753531637808,12:07:17.808,BANK/USDT:USDT,0.0588,264.0,0.05876,4.0,0.05882,2.0,0.05883,4.0
1753531637893,12:07:17.893,BANK/USDT:USDT,0.0588,264.0,0.05876,4.0,0.05882,2.0,0.05883,4.0
1753531637991,12:07:17.991,BANK/USDT:USDT,0.0588,264.0,0.05876,4.0,0.05882,2.0,0.05883,4.0
1753531638147,12:07:18.147,BANK/USDT:USDT,0.0588,264.0,0.05876,4.0,0.05882,6.0,0.05883,4.0
1753531638170,12:07:18.170,BANK/USDT:USDT,0.0588,264.0,0.05876,4.0,0.05882,4.0,0.05883,4.0
1753531638311,12:07:18.311,BANK/USDT:USDT,0.0588,264.0,0.05876,4.0,0.05887,3.0,0.05889,3.0
1753531638373,12:07:18.373,BANK/USDT:USDT,0.0588,264.0,0.05876,4.0,0.05885,4.0,0.05886,2.0
1753531638487,12:07:18.487,BANK/USDT:USDT,0.0588,264.0,0.05876,4.0,0.05883,4.0,0.05884,2.0
1753531638589,12:07:18.589,BANK/USDT:USDT,0.0588,264.0,0.05876,4.0,0.05882,2.0,0.05883,4.0
1753531638742,12:07:18.742,BANK/USDT:USDT,0.0588,264.0,0.05876,4.0,0.05882,2.0,0.05883,4.0
1753531639146,12:07:19.146,BANK/USDT:USDT,0.0588,264.0,0.05876,4.0,0.05882,2.0,0.05883,4.0
1753531639340,12:07:19.340,BANK/USDT:USDT,0.0588,264.0,0.05876,4.0,0.05882,2.0,0.05883,4.0
1753531639447,12:07:19.447,BANK/USDT:USDT,0.0588,264.0,0.05876,4.0,0.05882,6.0,0.05885,4.0
1753531639470,12:07:19.470,BANK/USDT:USDT,0.0588,264.0,0.05876,4.0,0.05882,4.0,0.05885,4.0
1753531639604,12:07:19.604,BANK/USDT:USDT,0.0588,264.0,0.05876,4.0,0.05887,3.0,0.05889,3.0
1753531639760,12:07:19.760,BANK/USDT:USDT,0.0588,264.0,0.05876,4.0,0.05885,4.0,0.05886,2.0
1753531639786,12:07:19.786,BANK/USDT:USDT,0.0588,264.0,0.05876,4.0,0.05883,4.0,0.05884,2.0
1753531639912,12:07:19.912,BANK/USDT:USDT,0.0588,264.0,0.05876,4.0,0.05882,2.0,0.05883,4.0
1753531640063,12:07:20.063,BANK/USDT:USDT,0.0588,264.0,0.05876,4.0,0.05882,6.0,0.05883,4.0
1753531640069,12:07:20.069,BANK/USDT:USDT,0.0588,264.0,0.05876,4.0,0.05882,4.0,0.05883,4.0
1753531640226,12:07:20.226,BANK/USDT:USDT,0.0588,264.0,0.05876,4.0,0.05887,3.0,0.05889,3.0
1753531640280,12:07:20.280,BANK/USDT:USDT,0.0588,264.0,0.05876,4.0,0.05885,4.0,0.05886,2.0
1753531640399,12:07:20.399,BANK/USDT:USDT,0.0588,264.0,0.05876,4.0,0.05883,3.0,0.05884,2.0
1753531640494,12:07:20.494,BANK/USDT:USDT,0.0588,264.0,0.05876,4.0,0.05882,2.0,0.05883,3.0
1753531640658,12:07:20.658,BANK/USDT:USDT,0.0588,264.0,0.05876,4.0,0.05882,2.0,0.05883,3.0
1753531640819,12:07:20.819,BANK/USDT:USDT,0.0588,264.0,0.05876,4.0,0.05882,2.0,0.05883,3.0
1753531641026,12:07:21.026,BANK/USDT:USDT,0.0588,264.0,0.05876,4.0,0.05882,2.0,0.05883,3.0
1753531641242,12:07:21.242,BANK/USDT:USDT,0.0588,264.0,0.05876,4.0,0.05882,2.0,0.05883,3.0
1753531641346,12:07:21.346,BANK/USDT:USDT,0.0588,264.0,0.05876,4.0,0.05882,5.0,0.05883,3.0
1753531641370,12:07:21.370,BANK/USDT:USDT,0.0588,264.0,0.05876,4.0,0.05882,3.0,0.05883,3.0
1753531641507,12:07:21.507,BANK/USDT:USDT,0.0588,264.0,0.05876,4.0,0.05887,3.0,0.05889,3.0
1753531641650,12:07:21.650,BANK/USDT:USDT,0.0588,264.0,0.05876,4.0,0.05885,3.0,0.05886,2.0
1753531641686,12:07:21.686,BANK/USDT:USDT,0.0588,264.0,0.05876,4.0,0.05883,3.0,0.05884,2.0
1753531641792,12:07:21.792,BANK/USDT:USDT,0.0588,264.0,0.05876,4.0,0.05882,2.0,0.05883,3.0
1753531641951,12:07:21.951,BANK/USDT:USDT,0.0588,264.0,0.05876,4.0,0.05882,2.0,0.05883,3.0
1753531642117,12:07:22.117,BANK/USDT:USDT,0.0588,264.0,0.05876,4.0,0.05882,5.0,0.05883,3.0
1753531642171,12:07:22.171,BANK/USDT:USDT,0.0588,264.0,0.05876,4.0,0.05882,3.0,0.05883,3.0
1753531642286,12:07:22.286,BANK/USDT:USDT,0.0588,264.0,0.05876,4.0,0.05887,3.0,0.05889,3.0
1753531642375,12:07:22.375,BANK/USDT:USDT,0.0588,264.0,0.05876,4.0,0.05885,3.0,0.05886,2.0
1753531642515,12:07:22.515,BANK/USDT:USDT,0.0588,264.0,0.05876,4.0,0.05883,3.0,0.05884,2.0
1753531642592,12:07:22.592,BANK/USDT:USDT,0.0588,264.0,0.05876,4.0,0.05882,2.0,0.05883,3.0
1753531642932,12:07:22.932,BANK/USDT:USDT,0.0588,264.0,0.05876,4.0,0.05882,2.0,0.05883,3.0
1753531643092,12:07:23.092,BANK/USDT:USDT,0.0588,264.0,0.05876,4.0,0.05882,5.0,0.05883,3.0
1753531643246,12:07:23.246,BANK/USDT:USDT,0.0588,264.0,0.05876,4.0,0.05885,3.0,0.05887,3.0
1753531643346,12:07:23.346,BANK/USDT:USDT,0.0588,264.0,0.05876,4.0,0.05883,3.0,0.05884,2.0
1753531643397,12:07:23.397,BANK/USDT:USDT,0.0588,264.0,0.05876,4.0,0.05882,2.0,0.05883,3.0
1753531643762,12:07:23.762,BANK/USDT:USDT,0.0588,264.0,0.05876,4.0,0.05882,2.0,0.05883,3.0
1753531643805,12:07:23.805,BANK/USDT:USDT,0.0588,264.0,0.05876,4.0,0.05882,2.0,0.05887,3.0
1753531643886,12:07:23.886,BANK/USDT:USDT,0.0588,264.0,0.05876,4.0,0.05885,3.0,0.05886,2.0
1753531643986,12:07:23.986,BANK/USDT:USDT,0.0588,264.0,0.05876,4.0,0.05883,3.0,0.05884,2.0
1753531644093,12:07:24.093,BANK/USDT:USDT,0.0588,264.0,0.05876,4.0,0.05882,2.0,0.05883,3.0
1753531644183,12:07:24.183,BANK/USDT:USDT,0.0588,264.0,0.05876,4.0,0.05882,2.0,0.05883,3.0
1753531644273,12:07:24.273,BANK/USDT:USDT,0.0588,264.0,0.05876,4.0,0.05882,5.0,0.05883,3.0
1753531644451,12:07:24.451,BANK/USDT:USDT,0.0588,264.0,0.05876,4.0,0.05887,3.0,0.05889,3.0
1753531644475,12:07:24.475,BANK/USDT:USDT,0.0588,264.0,0.05876,4.0,0.05885,3.0,0.05886,2.0
1753531644603,12:07:24.603,BANK/USDT:USDT,0.0588,264.0,0.05876,4.0,0.05883,3.0,0.05884,2.0
1753531644692,12:07:24.692,BANK/USDT:USDT,0.0588,264.0,0.05876,4.0,0.05882,2.0,0.05883,3.0
1753531645021,12:07:25.021,BANK/USDT:USDT,0.0588,264.0,0.05876,4.0,0.05882,2.0,0.05883,3.0
1753531645070,12:07:25.070,BANK/USDT:USDT,0.0588,264.0,0.05876,4.0,0.05882,2.0,0.05883,3.0
1753531645532,12:07:25.532,BANK/USDT:USDT,0.0588,264.0,0.05876,4.0,0.05882,5.0,0.05883,3.0
1753531645570,12:07:25.570,BANK/USDT:USDT,0.0588,264.0,0.05876,4.0,0.05882,3.0,0.05883,3.0
1753531645708,12:07:25.708,BANK/USDT:USDT,0.0588,264.0,0.05876,4.0,0.05887,3.0,0.05889,3.0
1753531645844,12:07:25.844,BANK/USDT:USDT,0.0588,264.0,0.05876,4.0,0.05885,3.0,0.05886,2.0
1753531645932,12:07:25.932,BANK/USDT:USDT,0.0588,264.0,0.05876,4.0,0.05883,3.0,0.05884,2.0
1753531645998,12:07:25.998,BANK/USDT:USDT,0.0588,264.0,0.05876,4.0,0.05882,2.0,0.05883,3.0
1753531646146,12:07:26.146,BANK/USDT:USDT,0.0588,264.0,0.05876,4.0,0.05882,2.0,0.05883,3.0
1753531646299,12:07:26.299,BANK/USDT:USDT,0.0588,264.0,0.05876,4.0,0.05882,5.0,0.05883,3.0
1753531646452,12:07:26.452,BANK/USDT:USDT,0.0588,264.0,0.05876,4.0,0.05883,3.0,0.05887,3.0
1753531646477,12:07:26.477,BANK/USDT:USDT,0.0588,264.0,0.05876,4.0,0.05882,2.0,0.05887,3.0
1753531646588,12:07:26.588,BANK/USDT:USDT,0.0588,264.0,0.05876,4.0,0.05885,3.0,0.05886,2.0
1753531646722,12:07:26.722,BANK/USDT:USDT,0.0588,264.0,0.05876,4.0,0.05883,3.0,0.05884,2.0
1753531646791,12:07:26.791,BANK/USDT:USDT,0.0588,264.0,0.05876,4.0,0.05882,2.0,0.05883,3.0
1753531646943,12:07:26.943,BANK/USDT:USDT,0.0588,264.0,0.05876,4.0,0.05882,2.0,0.05883,3.0
1753531647162,12:07:27.162,BANK/USDT:USDT,0.0588,264.0,0.05876,4.0,0.05882,2.0,0.05883,3.0
1753531647273,12:07:27.273,BANK/USDT:USDT,0.0588,264.0,0.05876,4.0,0.05882,2.0,0.05883,3.0
1753531647449,12:07:27.449,BANK/USDT:USDT,0.0588,264.0,0.05876,4.0,0.05882,5.0,0.05883,3.0
1753531647469,12:07:27.469,BANK/USDT:USDT,0.0588,264.0,0.05876,4.0,0.05882,3.0,0.05883,3.0
1753531647628,12:07:27.628,BANK/USDT:USDT,0.0588,264.0,0.05876,4.0,0.05887,3.0,0.05889,3.0
1753531647673,12:07:27.673,BANK/USDT:USDT,0.0588,264.0,0.05876,4.0,0.05885,3.0,0.05886,2.0
1753531647788,12:07:27.788,BANK/USDT:USDT,0.0588,264.0,0.05876,4.0,0.05883,3.0,0.05884,2.0
1753531647887,12:07:27.887,BANK/USDT:USDT,0.0588,264.0,0.05876,4.0,0.05882,2.0,0.05883,3.0
1753531648043,12:07:28.043,BANK/USDT:USDT,0.0588,264.0,0.05876,4.0,0.05882,2.0,0.05883,3.0
1753531648120,12:07:28.120,BANK/USDT:USDT,0.0588,264.0,0.05876,4.0,0.05882,2.0,0.05885,3.0
1753531648186,12:07:28.186,BANK/USDT:USDT,0.0588,264.0,0.05876,4.0,0.05883,3.0,0.05884,2.0
1753531648288,12:07:28.288,BANK/USDT:USDT,0.0588,264.0,0.05876,4.0,0.05882,2.0,0.05883,3.0
1753531648489,12:07:28.489,BANK/USDT:USDT,0.0588,264.0,0.05876,4.0,0.05882,2.0,0.05883,3.0
1753531648648,12:07:28.648,BANK/USDT:USDT,0.0588,264.0,0.05876,4.0,0.05882,2.0,0.05883,3.0
1753531648835,12:07:28.835,BANK/USDT:USDT,0.0588,264.0,0.05876,4.0,0.05882,2.0,0.05883,3.0
1753531648949,12:07:28.949,BANK/USDT:USDT,0.0588,264.0,0.05876,4.0,0.05882,5.0,0.05883,3.0
1753531648972,12:07:28.972,BANK/USDT:USDT,0.0588,264.0,0.05876,4.0,0.05882,3.0,0.05883,3.0
1753531649128,12:07:29.128,BANK/USDT:USDT,0.0588,264.0,0.05876,4.0,0.05887,3.0,0.05889,3.0
1753531649256,12:07:29.256,BANK/USDT:USDT,0.0588,264.0,0.05876,4.0,0.05885,3.0,0.05886,2.0
1753531649287,12:07:29.287,BANK/USDT:USDT,0.0588,264.0,0.05876,4.0,0.05883,3.0,0.05884,2.0
1753531649386,12:07:29.386,BANK/USDT:USDT,0.0588,264.0,0.05876,4.0,0.05882,5.0,0.05883,3.0
1753531649547,12:07:29.547,BANK/USDT:USDT,0.0588,264.0,0.05876,4.0,0.05887,3.0,0.05889,3.0
1753531649573,12:07:29.573,BANK/USDT:USDT,0.0588,264.0,0.05876,4.0,0.05885,3.0,0.05886,2.0
1753531649687,12:07:29.687,BANK/USDT:USDT,0.0588,264.0,0.05876,4.0,0.05883,3.0,0.05884,2.0
1753531649792,12:07:29.792,BANK/USDT:USDT,0.0588,264.0,0.05876,4.0,0.05882,2.0,0.05883,3.0
1753531649951,12:07:29.951,BANK/USDT:USDT,0.0588,264.0,0.05876,4.0,0.05882,2.0,0.05883,3.0
1753531650012,12:07:30.012,BANK/USDT:USDT,0.0588,264.0,0.05876,4.0,0.05882,2.0,0.05883,3.0
1753531650107,12:07:30.107,BANK/USDT:USDT,0.0588,264.0,0.05876,4.0,0.05882,2.0,0.05883,3.0
1753531650270,12:07:30.270,BANK/USDT:USDT,0.0588,264.0,0.05876,4.0,0.05882,5.0,0.05885,3.0
1753531650421,12:07:30.421,BANK/USDT:USDT,0.0588,264.0,0.05876,4.0,0.05887,3.0,0.05889,3.0
1753531650517,12:07:30.517,BANK/USDT:USDT,0.0588,264.0,0.05876,4.0,0.05885,3.0,0.05886,2.0
1753531650586,12:07:30.586,BANK/USDT:USDT,0.0588,264.0,0.05876,4.0,0.05883,3.0,0.05884,2.0
1753531650745,12:07:30.745,BANK/USDT:USDT,0.0588,264.0,0.05876,4.0,0.05882,2.0,0.05883,3.0
1753531650935,12:07:30.935,BANK/USDT:USDT,0.0588,264.0,0.05876,4.0,0.05882,2.0,0.05883,3.0
1753531651023,12:07:31.023,BANK/USDT:USDT,0.0588,264.0,0.05876,4.0,0.05882,2.0,0.05883,3.0
1753531651255,12:07:31.255,BANK/USDT:USDT,0.0588,264.0,0.05876,4.0,0.05882,5.0,0.05883,3.0
1753531651349,12:07:31.349,BANK/USDT:USDT,0.0588,264.0,0.05876,4.0,0.05885,3.0,0.05887,3.0
1753531651387,12:07:31.387,BANK/USDT:USDT,0.0588,264.0,0.05876,4.0,0.05883,3.0,0.05884,2.0
1753531651494,12:07:31.494,BANK/USDT:USDT,0.0588,264.0,0.05876,4.0,0.05882,5.0,0.05883,3.0
1753531651650,12:07:31.650,BANK/USDT:USDT,0.0588,264.0,0.05876,4.0,0.05887,3.0,0.05889,3.0
1753531651759,12:07:31.759,BANK/USDT:USDT,0.0588,264.0,0.05876,4.0,0.05885,3.0,0.05886,2.0
1753531651786,12:07:31.786,BANK/USDT:USDT,0.0588,264.0,0.05876,4.0,0.05883,3.0,0.05884,2.0
1753531651897,12:07:31.897,BANK/USDT:USDT,0.0588,264.0,0.05876,4.0,0.05882,2.0,0.05883,3.0
1753531652049,12:07:32.049,BANK/USDT:USDT,0.0588,264.0,0.05876,4.0,0.05882,2.0,0.05883,3.0
1753531652235,12:07:32.235,BANK/USDT:USDT,0.0588,264.0,0.05876,4.0,0.05882,2.0,0.05883,3.0
1753531652359,12:07:32.359,BANK/USDT:USDT,0.0588,264.0,0.05876,4.0,0.05882,2.0,0.05883,3.0
1753531652429,12:07:32.429,BANK/USDT:USDT,0.0588,264.0,0.05876,4.0,0.05882,2.0,0.05885,3.0
1753531652514,12:07:32.514,BANK/USDT:USDT,0.0588,264.0,0.05876,4.0,0.05882,2.0,0.05885,3.0
1753531652662,12:07:32.662,BANK/USDT:USDT,0.0588,264.0,0.05876,4.0,0.05882,2.0,0.05885,3.0
1753531652860,12:07:32.860,BANK/USDT:USDT,0.0588,264.0,0.05876,4.0,0.05884,2.0,0.05885,3.0
1753531652867,12:07:32.867,BANK/USDT:USDT,0.0588,264.0,0.05876,4.0,0.05883,3.0,0.05884,2.0
1753531652989,12:07:32.989,BANK/USDT:USDT,0.0588,264.0,0.05876,4.0,0.05882,2.0,0.05883,3.0
1753531653081,12:07:33.081,BANK/USDT:USDT,0.0588,264.0,0.05876,4.0,0.05882,2.0,0.05883,3.0
1753531653248,12:07:33.248,BANK/USDT:USDT,0.0588,264.0,0.05878,3.0,0.05882,2.0,0.05883,3.0
1753531653915,12:07:33.915,BANK/USDT:USDT,0.0588,264.0,0.05878,3.0,0.05882,2.0,0.05883,3.0
1753531654340,12:07:34.340,BANK/USDT:USDT,0.0588,264.0,0.05878,3.0,0.05882,2.0,0.05883,3.0
1753531654574,12:07:34.574,BANK/USDT:USDT,0.0588,264.0,0.05878,3.0,0.05882,2.0,0.05885,3.0
1753531654755,12:07:34.755,BANK/USDT:USDT,0.0588,264.0,0.05878,3.0,0.05883,3.0,0.05884,2.0
1753531654770,12:07:34.770,BANK/USDT:USDT,0.0588,264.0,0.05878,3.0,0.05882,2.0,0.05883,3.0
1753531655179,12:07:35.179,BANK/USDT:USDT,0.0588,264.0,0.05878,3.0,0.05882,2.0,0.05883,3.0
1753531655533,12:07:35.533,BANK/USDT:USDT,0.0588,264.0,0.05878,3.0,0.05882,2.0,0.05883,3.0
1753531655670,12:07:35.670,BANK/USDT:USDT,0.0588,264.0,0.05878,3.0,0.05882,2.0,0.05883,3.0
1753531655822,12:07:35.822,BANK/USDT:USDT,0.0588,264.0,0.05878,3.0,0.05882,5.0,0.05883,3.0
1753531655871,12:07:35.871,BANK/USDT:USDT,0.0588,264.0,0.05878,3.0,0.05882,3.0,0.05883,3.0
1753531656051,12:07:36.051,BANK/USDT:USDT,0.0588,264.0,0.05878,3.0,0.05887,3.0,0.05889,3.0
1753531656077,12:07:36.077,BANK/USDT:USDT,0.0588,264.0,0.05878,3.0,0.05885,3.0,0.05886,2.0
1753531656187,12:07:36.187,BANK/USDT:USDT,0.0588,264.0,0.05878,3.0,0.05883,3.0,0.05884,2.0
1753531656292,12:07:36.292,BANK/USDT:USDT,0.0588,264.0,0.05878,3.0,0.05882,2.0,0.05883,3.0
1753531656458,12:07:36.458,BANK/USDT:USDT,0.0588,264.0,0.05878,3.0,0.05882,2.0,0.05883,3.0
1753531656472,12:07:36.472,BANK/USDT:USDT,0.0588,264.0,0.05878,3.0,0.05882,2.0,0.05883,3.0
1753531656653,12:07:36.653,BANK/USDT:USDT,0.05877,181.0,0.05872,4.0,0.05881,3.0,0.05882,5.0
1753531656723,12:07:36.723,BANK/USDT:USDT,0.05867,3.0,0.05866,89.0,0.05881,3.0,0.05882,3.0
1753531656860,12:07:36.860,BANK/USDT:USDT,0.05869,3.0,0.05868,181.0,0.05885,3.0,0.05886,3.0
1753531657054,12:07:37.054,BANK/USDT:USDT,0.05875,3.0,0.05874,181.0,0.05887,3.0,0.05888,3.0
1753531657146,12:07:37.146,BANK/USDT:USDT,0.05875,3.0,0.05874,181.0,0.05887,3.0,0.05888,3.0
1753531657499,12:07:37.499,BANK/USDT:USDT,0.05875,3.0,0.05874,181.0,0.05887,3.0,0.05888,3.0
1753531657911,12:07:37.911,BANK/USDT:USDT,0.05875,3.0,0.05874,181.0,0.05887,3.0,0.05888,3.0
1753531658638,12:07:38.638,BANK/USDT:USDT,0.05876,3.0,0.05875,139.0,0.05887,3.0,0.05888,3.0
1753531658759,12:07:38.759,BANK/USDT:USDT,0.05876,3.0,0.05875,139.0,0.05887,3.0,0.05888,3.0
1753531658856,12:07:38.856,BANK/USDT:USDT,0.05876,3.0,0.05875,139.0,0.05887,3.0,0.05888,3.0
1753531659181,12:07:39.181,BANK/USDT:USDT,0.05876,3.0,0.05875,139.0,0.05887,3.0,0.05888,3.0
1753531659957,12:07:39.957,BANK/USDT:USDT,0.05876,3.0,0.05875,139.0,0.05887,3.0,0.05888,3.0
1753531660056,12:07:40.056,BANK/USDT:USDT,0.05876,3.0,0.05875,139.0,0.05887,3.0,0.05888,3.0
1753531660850,12:07:40.850,BANK/USDT:USDT,0.05876,3.0,0.05875,139.0,0.05887,3.0,0.05888,3.0
1753531661457,12:07:41.457,BANK/USDT:USDT,0.05876,3.0,0.05875,139.0,0.05887,3.0,0.05888,3.0
1753531661507,12:07:41.507,BANK/USDT:USDT,0.05876,3.0,0.05875,139.0,0.05887,3.0,0.05888,3.0
1753531661567,12:07:41.567,BANK/USDT:USDT,0.05876,3.0,0.05875,139.0,0.05887,3.0,0.05888,3.0
1753531661859,12:07:41.859,BANK/USDT:USDT,0.05876,3.0,0.05875,139.0,0.05887,3.0,0.05888,3.0
1753531661924,12:07:41.924,BANK/USDT:USDT,0.05876,3.0,0.05875,139.0,0.05887,3.0,0.05888,3.0
1753531662042,12:07:42.042,BANK/USDT:USDT,0.05876,3.0,0.05875,139.0,0.05887,3.0,0.05888,3.0
1753531663025,12:07:43.025,BANK/USDT:USDT,0.05876,3.0,0.05875,139.0,0.05887,3.0,0.05888,3.0
1753531663288,12:07:43.288,BANK/USDT:USDT,0.05876,3.0,0.05875,139.0,0.05887,3.0,0.05888,3.0
1753531663551,12:07:43.551,BANK/USDT:USDT,0.05876,3.0,0.05875,139.0,0.05887,3.0,0.05888,3.0
1753531663639,12:07:43.639,BANK/USDT:USDT,0.05875,136.0,0.05873,3.0,0.05886,3.0,0.05887,6.0
1753531663671,12:07:43.671,BANK/USDT:USDT,0.05875,136.0,0.05873,3.0,0.05886,3.0,0.05887,6.0
1753531663786,12:07:43.786,BANK/USDT:USDT,0.05875,136.0,0.05873,3.0,0.05887,3.0,0.05888,3.0
1753531663978,12:07:43.978,BANK/USDT:USDT,0.05875,136.0,0.05873,3.0,0.05887,3.0,0.05888,3.0
1753531664135,12:07:44.135,BANK/USDT:USDT,0.05875,136.0,0.05873,3.0,0.05886,3.0,0.05887,3.0
1753531664278,12:07:44.278,BANK/USDT:USDT,0.05875,136.0,0.05873,3.0,0.05887,3.0,0.05888,3.0
1753531664617,12:07:44.617,BANK/USDT:USDT,0.05876,3.0,0.05875,136.0,0.05887,3.0,0.05888,3.0
1753531665259,12:07:45.259,BANK/USDT:USDT,0.05876,3.0,0.05875,136.0,0.05887,3.0,0.05888,3.0
1753531665651,12:07:45.651,BANK/USDT:USDT,0.05876,3.0,0.05875,136.0,0.05887,3.0,0.05888,3.0
1753531666132,12:07:46.132,BANK/USDT:USDT,0.05876,3.0,0.05875,136.0,0.05887,3.0,0.05888,3.0
1753531666964,12:07:46.964,BANK/USDT:USDT,0.05876,3.0,0.05875,136.0,0.05887,11.0,0.05888,3.0
1753531666991,12:07:46.991,BANK/USDT:USDT,0.05875,136.0,0.05871,3.0,0.05886,3.0,0.05887,3.0
1753531667134,12:07:47.134,BANK/USDT:USDT,0.05876,3.0,0.05875,136.0,0.05887,3.0,0.05888,3.0
1753531667291,12:07:47.291,BANK/USDT:USDT,0.05876,3.0,0.05875,136.0,0.05887,3.0,0.05888,3.0
1753531667770,12:07:47.770,BANK/USDT:USDT,0.05876,3.0,0.05875,136.0,0.05887,3.0,0.05888,3.0
1753531668030,12:07:48.030,BANK/USDT:USDT,0.05876,3.0,0.05875,136.0,0.05887,3.0,0.05888,3.0
1753531668280,12:07:48.280,BANK/USDT:USDT,0.05876,3.0,0.05875,136.0,0.05887,3.0,0.05888,3.0
1753531669336,12:07:49.336,BANK/USDT:USDT,0.05876,3.0,0.05875,136.0,0.05887,3.0,0.05888,3.0
1753531669576,12:07:49.576,BANK/USDT:USDT,0.05876,3.0,0.05875,136.0,0.05887,3.0,0.05888,3.0
1753531669811,12:07:49.811,BANK/USDT:USDT,0.05876,3.0,0.05875,136.0,0.05887,3.0,0.05888,3.0
1753531670254,12:07:50.254,BANK/USDT:USDT,0.05876,3.0,0.05875,136.0,0.05887,11.0,0.05888,3.0
1753531670272,12:07:50.272,BANK/USDT:USDT,0.05876,3.0,0.05875,136.0,0.05886,3.0,0.05887,3.0
1753531670450,12:07:50.450,BANK/USDT:USDT,0.05876,3.0,0.05875,136.0,0.05887,3.0,0.05888,3.0
1753531670690,12:07:50.690,BANK/USDT:USDT,0.05876,3.0,0.05875,136.0,0.05887,3.0,0.05888,3.0
1753531671103,12:07:51.103,BANK/USDT:USDT,0.05876,3.0,0.05875,136.0,0.05886,4.0,0.05887,11.0
1753531671552,12:07:51.552,BANK/USDT:USDT,0.05876,3.0,0.05875,136.0,0.05886,4.0,0.05887,3.0
1753531671699,12:07:51.699,BANK/USDT:USDT,0.05876,3.0,0.05875,136.0,0.05887,3.0,0.05888,3.0
1753531671921,12:07:51.921,BANK/USDT:USDT,0.05876,3.0,0.05875,136.0,0.05887,3.0,0.05888,3.0
1753531672173,12:07:52.173,BANK/USDT:USDT,0.05876,3.0,0.05875,136.0,0.05887,3.0,0.05888,3.0
1753531675254,12:07:55.254,BANK/USDT:USDT,0.05876,3.0,0.05875,136.0,0.05887,3.0,0.05889,91.0
1753531675549,12:07:55.549,BANK/USDT:USDT,0.05876,3.0,0.05875,136.0,0.05887,3.0,0.05889,91.0
1753531675965,12:07:55.965,BANK/USDT:USDT,0.05876,3.0,0.05875,136.0,0.05887,3.0,0.05889,91.0
1753531677090,12:07:57.090,BANK/USDT:USDT,0.05876,3.0,0.05875,136.0,0.05886,4.0,0.05887,11.0
1753531677240,12:07:57.240,BANK/USDT:USDT,0.05876,3.0,0.05875,136.0,0.05887,3.0,0.05889,91.0
1753531677357,12:07:57.357,BANK/USDT:USDT,0.05876,3.0,0.05875,136.0,0.05886,4.0,0.05887,19.0
1753531678008,12:07:58.008,BANK/USDT:USDT,0.05876,3.0,0.05875,136.0,0.05887,3.0,0.05889,5.0
1753531678425,12:07:58.425,BANK/USDT:USDT,0.05876,3.0,0.05875,136.0,0.05887,3.0,0.05889,5.0
1753531679243,12:07:59.243,BANK/USDT:USDT,0.05876,3.0,0.05875,136.0,0.05887,3.0,0.05889,5.0
1753531680050,12:08:00.050,BANK/USDT:USDT,0.05876,3.0,0.05875,136.0,0.05887,3.0,0.05889,5.0
1753531682026,12:08:02.026,BANK/USDT:USDT,0.05875,136.0,0.05871,3.0,0.05887,3.0,0.05889,5.0
1753531682126,12:08:02.126,BANK/USDT:USDT,0.05875,136.0,0.05871,3.0,0.05887,3.0,0.05889,5.0
1753531682271,12:08:02.271,BANK/USDT:USDT,0.05875,136.0,0.05871,3.0,0.05887,3.0,0.05888,3.0
1753531682497,12:08:02.497,BANK/USDT:USDT,0.05875,136.0,0.05867,3.0,0.05887,3.0,0.05888,3.0
1753531683234,12:08:03.234,BANK/USDT:USDT,0.05875,136.0,0.05867,3.0,0.05887,3.0,0.05888,3.0
1753531683316,12:08:03.316,BANK/USDT:USDT,0.05875,136.0,0.05867,3.0,0.05887,3.0,0.05888,3.0
1753531683472,12:08:03.472,BANK/USDT:USDT,0.05875,136.0,0.05867,3.0,0.05887,3.0,0.05888,3.0
1753531683756,12:08:03.756,BANK/USDT:USDT,0.05875,136.0,0.05867,3.0,0.05887,3.0,0.05888,3.0
1753531685852,12:08:05.852,BANK/USDT:USDT,0.05875,136.0,0.05867,3.0,0.05887,3.0,0.05888,3.0
1753531686194,12:08:06.194,BANK/USDT:USDT,0.05875,136.0,0.05867,3.0,0.05887,3.0,0.05888,3.0
1753531689040,12:08:09.040,BANK/USDT:USDT,0.05875,136.0,0.05867,3.0,0.05887,3.0,0.05888,3.0
1753531690650,12:08:10.650,BANK/USDT:USDT,0.05875,136.0,0.05867,3.0,0.05887,3.0,0.05888,3.0
1753531692218,12:08:12.218,BANK/USDT:USDT,0.05875,136.0,0.05867,3.0,0.05887,3.0,0.05888,3.0
1753531694113,12:08:14.113,BANK/USDT:USDT,0.05875,136.0,0.05867,3.0,0.05887,3.0,0.05888,23.0
1753531695450,12:08:15.450,BANK/USDT:USDT,0.05875,136.0,0.05867,3.0,0.05887,3.0,0.05888,23.0
1753531698037,12:08:18.037,BANK/USDT:USDT,0.05875,136.0,0.05867,3.0,0.05887,3.0,0.05888,23.0
1753531698278,12:08:18.278,BANK/USDT:USDT,0.05875,136.0,0.05867,3.0,0.05887,3.0,0.05888,23.0
1753531699125,12:08:19.125,BANK/USDT:USDT,0.05875,136.0,0.05867,3.0,0.05887,3.0,0.05888,23.0
1753531699554,12:08:19.554,BANK/USDT:USDT,0.05876,3.0,0.05875,136.0,0.05886,3.0,0.05887,11.0
1753531699611,12:08:19.611,BANK/USDT:USDT,0.05875,136.0,0.05867,3.0,0.05884,3.0,0.05885,182.0
1753531699711,12:08:19.711,BANK/USDT:USDT,0.05875,136.0,0.05867,3.0,0.05883,3.0,0.05884,5.0
1753531699905,12:08:19.905,BANK/USDT:USDT,0.05875,136.0,0.05867,3.0,0.05883,3.0,0.05884,5.0
1753531699981,12:08:19.981,BANK/USDT:USDT,0.05875,136.0,0.05867,3.0,0.05883,3.0,0.05884,5.0
1753531700252,12:08:20.252,BANK/USDT:USDT,0.05875,136.0,0.05867,3.0,0.05883,3.0,0.05884,5.0
1753531700428,12:08:20.428,BANK/USDT:USDT,0.05875,136.0,0.05867,3.0,0.05883,3.0,0.05884,5.0
1753531700674,12:08:20.674,BANK/USDT:USDT,0.05867,3.0,0.05866,89.0,0.05883,3.0,0.05884,5.0
1753531701259,12:08:21.259,BANK/USDT:USDT,0.05867,3.0,0.05866,89.0,0.05883,3.0,0.05884,5.0
1753531705050,12:08:25.050,BANK/USDT:USDT,0.05867,3.0,0.05866,89.0,0.05883,3.0,0.05884,5.0
1753531705289,12:08:25.289,BANK/USDT:USDT,0.05867,3.0,0.05866,89.0,0.05883,3.0,0.05884,5.0
1753531707486,12:08:27.486,BANK/USDT:USDT,0.05867,3.0,0.05866,89.0,0.05883,3.0,0.05884,5.0
1753531709850,12:08:29.850,BANK/USDT:USDT,0.05867,3.0,0.05866,89.0,0.05883,3.0,0.05884,5.0
1753531712102,12:08:32.102,BANK/USDT:USDT,0.05867,3.0,0.05866,89.0,0.05883,3.0,0.05884,5.0
1753531714651,12:08:34.651,BANK/USDT:USDT,0.05867,3.0,0.05866,89.0,0.05883,3.0,0.05884,5.0
1753531716662,12:08:36.662,BANK/USDT:USDT,0.05867,3.0,0.05866,89.0,0.05883,3.0,0.05884,5.0
1753531719451,12:08:39.451,BANK/USDT:USDT,0.05867,3.0,0.05866,89.0,0.05883,3.0,0.05884,5.0
1753531723348,12:08:43.348,BANK/USDT:USDT,0.05867,3.0,0.05866,89.0,0.05883,3.0,0.05884,5.0
1753531724251,12:08:44.251,BANK/USDT:USDT,0.05867,3.0,0.05866,89.0,0.05883,3.0,0.05884,5.0
1753531728076,12:08:48.076,BANK/USDT:USDT,0.05867,3.0,0.05866,89.0,0.05883,3.0,0.05884,5.0
1753531729051,12:08:49.051,BANK/USDT:USDT,0.05867,3.0,0.05866,89.0,0.05883,3.0,0.05884,5.0
1753531733853,12:08:53.853,BANK/USDT:USDT,0.05867,3.0,0.05866,89.0,0.05883,3.0,0.05884,5.0
1753531733882,12:08:53.882,BANK/USDT:USDT,0.05867,3.0,0.05866,89.0,0.05883,3.0,0.05884,5.0
1753531734263,12:08:54.263,BANK/USDT:USDT,0.05867,3.0,0.05866,89.0,0.05883,3.0,0.05884,5.0
1753531734263,12:08:54.263,BANK/USDT:USDT,0.05867,3.0,0.05866,89.0,0.05883,3.0,0.05884,5.0
1753531734517,12:08:54.517,BANK/USDT:USDT,0.05867,3.0,0.05866,89.0,0.05883,3.0,0.05884,5.0
1753531738657,12:08:58.657,BANK/USDT:USDT,0.05867,3.0,0.05866,89.0,0.05883,3.0,0.05884,5.0
1753531740755,12:09:00.755,BANK/USDT:USDT,0.05867,3.0,0.05866,89.0,0.05883,3.0,0.05884,91.0
1753531741153,12:09:01.153,BANK/USDT:USDT,0.05867,3.0,0.05866,89.0,0.05883,3.0,0.05884,91.0
1753531742879,12:09:02.879,BANK/USDT:USDT,0.05867,3.0,0.05866,89.0,0.05883,3.0,0.05884,91.0
1753531743451,12:09:03.451,BANK/USDT:USDT,0.05867,3.0,0.05866,89.0,0.05883,3.0,0.05884,91.0
1753531745082,12:09:05.082,BANK/USDT:USDT,0.05867,3.0,0.05866,89.0,0.05883,3.0,0.05884,91.0
1753531747147,12:09:07.147,BANK/USDT:USDT,0.05867,3.0,0.05866,89.0,0.05883,3.0,0.05884,91.0
1753531747578,12:09:07.578,BANK/USDT:USDT,0.05867,3.0,0.05866,89.0,0.05883,3.0,0.05884,91.0
1753531748252,12:09:08.252,BANK/USDT:USDT,0.05867,3.0,0.05866,89.0,0.05883,3.0,0.05884,91.0
1753531748487,12:09:08.487,BANK/USDT:USDT,0.05867,3.0,0.05866,89.0,0.05883,3.0,0.05884,5.0
1753531749139,12:09:09.139,BANK/USDT:USDT,0.05867,3.0,0.05866,89.0,0.05883,3.0,0.05884,91.0
1753531749663,12:09:09.663,BANK/USDT:USDT,0.05867,3.0,0.05866,89.0,0.05883,3.0,0.05884,91.0
1753531749798,12:09:09.798,BANK/USDT:USDT,0.05867,3.0,0.05866,89.0,0.05883,3.0,0.05884,91.0
1753531750290,12:09:10.290,BANK/USDT:USDT,0.05867,3.0,0.05866,89.0,0.05883,3.0,0.05884,91.0
1753531752452,12:09:12.452,BANK/USDT:USDT,0.05867,3.0,0.05866,89.0,0.05883,3.0,0.05884,91.0
1753531753051,12:09:13.051,BANK/USDT:USDT,0.05867,3.0,0.05866,89.0,0.05883,3.0,0.05884,91.0
1753531753379,12:09:13.379,BANK/USDT:USDT,0.05867,3.0,0.05866,89.0,0.05883,3.0,0.05884,91.0
1753531755675,12:09:15.675,BANK/USDT:USDT,0.05867,3.0,0.05866,89.0,0.05883,3.0,0.05884,91.0
1753531756097,12:09:16.097,BANK/USDT:USDT,0.05867,3.0,0.05866,89.0,0.05883,3.0,0.05884,91.0
1753531756972,12:09:16.972,BANK/USDT:USDT,0.05867,3.0,0.05866,89.0,0.05883,3.0,0.05884,91.0
1753531757545,12:09:17.545,BANK/USDT:USDT,0.05867,3.0,0.05866,89.0,0.05883,3.0,0.05884,91.0
1753531757852,12:09:17.852,BANK/USDT:USDT,0.05867,3.0,0.05866,89.0,0.05883,3.0,0.05884,91.0
1753531759913,12:09:19.913,BANK/USDT:USDT,0.05867,3.0,0.05866,89.0,0.05883,3.0,0.05884,91.0
1753531760150,12:09:20.150,BANK/USDT:USDT,0.05867,3.0,0.05866,89.0,0.05883,3.0,0.05884,91.0
1753531760674,12:09:20.674,BANK/USDT:USDT,0.05867,3.0,0.05866,89.0,0.05883,3.0,0.05884,91.0
1753531760777,12:09:20.777,BANK/USDT:USDT,0.05867,3.0,0.05866,89.0,0.05883,3.0,0.05884,89.0
1753531760869,12:09:20.869,BANK/USDT:USDT,0.05867,3.0,0.05866,89.0,0.05883,3.0,0.05884,89.0
1753531760974,12:09:20.974,BANK/USDT:USDT,0.05867,3.0,0.05866,89.0,0.05883,3.0,0.05884,89.0
1753531761372,12:09:21.372,BANK/USDT:USDT,0.05867,3.0,0.05866,89.0,0.05883,3.0,0.05884,89.0
1753531765311,12:09:25.311,BANK/USDT:USDT,0.05867,3.0,0.05866,89.0,0.05883,3.0,0.05884,89.0
1753531765781,12:09:25.781,BANK/USDT:USDT,0.05867,3.0,0.05866,89.0,0.05883,3.0,0.05884,89.0
1753531766493,12:09:26.493,BANK/USDT:USDT,0.05867,3.0,0.05866,89.0,0.05883,3.0,0.05884,89.0
1753531767093,12:09:27.093,BANK/USDT:USDT,0.05867,3.0,0.05866,89.0,0.05883,3.0,0.05884,89.0
1753531767300,12:09:27.300,BANK/USDT:USDT,0.05867,3.0,0.05866,89.0,0.05883,3.0,0.05884,89.0
1753531769157,12:09:29.157,BANK/USDT:USDT,0.05867,3.0,0.05866,89.0,0.05883,3.0,0.05884,89.0
1753531769164,12:09:29.164,BANK/USDT:USDT,0.05867,3.0,0.05866,89.0,0.05883,3.0,0.05884,89.0
1753531770304,12:09:30.304,BANK/USDT:USDT,0.05867,3.0,0.05866,89.0,0.05883,3.0,0.05884,89.0
1753531772674,12:09:32.674,BANK/USDT:USDT,0.05867,3.0,0.05866,89.0,0.05883,3.0,0.05884,89.0
1753531773759,12:09:33.759,BANK/USDT:USDT,0.05862,4.0,0.05861,89.0,0.05883,3.0,0.05884,89.0
1753531773834,12:09:33.834,BANK/USDT:USDT,0.05862,4.0,0.05861,89.0,0.05883,3.0,0.05884,92.0
1753531773905,12:09:33.905,BANK/USDT:USDT,0.05862,4.0,0.05861,89.0,0.05883,3.0,0.05884,92.0
1753531774051,12:09:34.051,BANK/USDT:USDT,0.05862,4.0,0.05861,89.0,0.05883,3.0,0.05884,92.0
1753531774125,12:09:34.125,BANK/USDT:USDT,0.05862,4.0,0.05861,89.0,0.05883,3.0,0.05884,92.0
1753531774218,12:09:34.218,BANK/USDT:USDT,0.05862,4.0,0.05861,89.0,0.05883,3.0,0.05884,92.0
1753531774313,12:09:34.313,BANK/USDT:USDT,0.05862,4.0,0.05861,89.0,0.05883,3.0,0.05884,92.0
1753531774478,12:09:34.478,BANK/USDT:USDT,0.05862,4.0,0.05861,89.0,0.05883,3.0,0.05884,92.0
1753531774783,12:09:34.783,BANK/USDT:USDT,0.05862,4.0,0.05861,89.0,0.05883,3.0,0.05884,92.0
1753531774956,12:09:34.956,BANK/USDT:USDT,0.05862,4.0,0.05861,89.0,0.05883,3.0,0.05884,92.0
1753531775053,12:09:35.053,BANK/USDT:USDT,0.05862,4.0,0.05861,89.0,0.05883,3.0,0.05884,92.0
1753531775184,12:09:35.184,BANK/USDT:USDT,0.05862,4.0,0.05861,89.0,0.05883,3.0,0.05884,92.0
1753531775365,12:09:35.365,BANK/USDT:USDT,0.05862,4.0,0.05861,89.0,0.05883,3.0,0.05884,92.0
1753531775605,12:09:35.605,BANK/USDT:USDT,0.05862,4.0,0.05861,89.0,0.05883,3.0,0.05884,92.0
1753531775969,12:09:35.969,BANK/USDT:USDT,0.05862,4.0,0.05861,89.0,0.05883,3.0,0.05884,92.0
1753531776108,12:09:36.108,BANK/USDT:USDT,0.05863,3.0,0.05862,18.0,0.05883,3.0,0.05884,92.0
1753531776205,12:09:36.205,BANK/USDT:USDT,0.05863,3.0,0.05862,9.0,0.05883,3.0,0.05884,92.0
1753531776837,12:09:36.837,BANK/USDT:USDT,0.05863,3.0,0.05862,9.0,0.05883,3.0,0.05884,92.0
1753531776921,12:09:36.921,BANK/USDT:USDT,0.05864,3.0,0.05863,12.0,0.05883,3.0,0.05884,92.0
1753531776970,12:09:36.970,BANK/USDT:USDT,0.05864,3.0,0.05863,3.0,0.05883,3.0,0.05884,92.0
1753531777073,12:09:37.073,BANK/USDT:USDT,0.05863,3.0,0.05862,9.0,0.05883,3.0,0.05884,92.0
1753531777233,12:09:37.233,BANK/USDT:USDT,0.05863,3.0,0.05862,9.0,0.05883,3.0,0.05884,92.0
1753531777402,12:09:37.402,BANK/USDT:USDT,0.05863,3.0,0.05862,9.0,0.05883,3.0,0.05884,92.0
1753531777552,12:09:37.552,BANK/USDT:USDT,0.05863,3.0,0.05862,9.0,0.05883,3.0,0.05884,92.0
1753531777816,12:09:37.816,BANK/USDT:USDT,0.05863,3.0,0.05862,9.0,0.05883,3.0,0.05884,92.0
1753531777915,12:09:37.915,BANK/USDT:USDT,0.05863,3.0,0.05862,9.0,0.05883,3.0,0.05884,92.0
1753531778057,12:09:38.057,BANK/USDT:USDT,0.05863,3.0,0.05862,9.0,0.05883,3.0,0.05884,92.0
1753531778122,12:09:38.122,BANK/USDT:USDT,0.05864,3.0,0.05863,3.0,0.05883,3.0,0.05884,92.0
1753531778234,12:09:38.234,BANK/USDT:USDT,0.05863,3.0,0.05862,9.0,0.05883,3.0,0.05884,92.0
1753531778310,12:09:38.310,BANK/USDT:USDT,0.05863,3.0,0.05862,9.0,0.05883,3.0,0.05884,92.0
1753531779196,12:09:39.196,BANK/USDT:USDT,0.05863,3.0,0.05862,9.0,0.05883,3.0,0.05884,92.0
1753531779277,12:09:39.277,BANK/USDT:USDT,0.05863,3.0,0.05862,9.0,0.05883,3.0,0.05884,92.0
1753531780106,12:09:40.106,BANK/USDT:USDT,0.05863,3.0,0.05862,9.0,0.05883,3.0,0.05884,92.0
1753531781042,12:09:41.042,BANK/USDT:USDT,0.05864,4.0,0.05863,8.0,0.05883,3.0,0.05884,92.0
1753531782191,12:09:42.191,BANK/USDT:USDT,0.05864,4.0,0.05863,8.0,0.05883,3.0,0.05884,92.0
1753531782617,12:09:42.617,BANK/USDT:USDT,0.05864,4.0,0.05863,8.0,0.05883,3.0,0.05884,92.0
1753531783172,12:09:43.172,BANK/USDT:USDT,0.05864,4.0,0.05863,8.0,0.05883,3.0,0.05884,92.0
1753531783441,12:09:43.441,BANK/USDT:USDT,0.05864,4.0,0.05863,8.0,0.05883,3.0,0.05884,92.0
1753531784356,12:09:44.356,BANK/USDT:USDT,0.05864,4.0,0.05863,8.0,0.05883,3.0,0.05884,92.0
1753531784676,12:09:44.676,BANK/USDT:USDT,0.05864,4.0,0.05863,8.0,0.05883,3.0,0.05884,92.0
1753531785130,12:09:45.130,BANK/USDT:USDT,0.05864,4.0,0.05863,8.0,0.05883,3.0,0.05884,92.0
1753531785297,12:09:45.297,BANK/USDT:USDT,0.05864,4.0,0.05863,8.0,0.05883,3.0,0.05884,92.0
1753531786277,12:09:46.277,BANK/USDT:USDT,0.05864,4.0,0.05863,8.0,0.05883,3.0,0.05884,92.0
1753531787358,12:09:47.358,BANK/USDT:USDT,0.05864,4.0,0.05863,8.0,0.05883,3.0,0.05884,92.0
1753531787416,12:09:47.416,BANK/USDT:USDT,0.05864,4.0,0.05863,8.0,0.05883,3.0,0.05884,92.0
1753531789563,12:09:49.563,BANK/USDT:USDT,0.05864,4.0,0.05863,8.0,0.05883,3.0,0.05884,92.0
1753531789575,12:09:49.575,BANK/USDT:USDT,0.05864,4.0,0.05863,8.0,0.05883,3.0,0.05884,92.0
1753531790207,12:09:50.207,BANK/USDT:USDT,0.05864,4.0,0.05863,8.0,0.05883,3.0,0.05884,92.0
1753531790830,12:09:50.830,BANK/USDT:USDT,0.05864,4.0,0.05863,8.0,0.05883,3.0,0.05884,92.0
1753531792216,12:09:52.216,BANK/USDT:USDT,0.05864,4.0,0.05863,8.0,0.05883,3.0,0.05884,92.0
1753531792681,12:09:52.681,BANK/USDT:USDT,0.05864,4.0,0.05863,8.0,0.05883,3.0,0.05884,92.0
1753531796656,12:09:56.656,BANK/USDT:USDT,0.05864,4.0,0.05863,8.0,0.05883,3.0,0.05884,92.0
1753531796720,12:09:56.720,BANK/USDT:USDT,0.05864,4.0,0.05863,8.0,0.05883,3.0,0.05884,92.0
1753531797016,12:09:57.016,BANK/USDT:USDT,0.05864,4.0,0.05863,8.0,0.05883,3.0,0.05884,92.0
1753531797862,12:09:57.862,BANK/USDT:USDT,0.05864,4.0,0.05863,8.0,0.05883,3.0,0.05884,92.0
1753531800126,12:10:00.126,BANK/USDT:USDT,0.05864,4.0,0.05863,8.0,0.05883,3.0,0.05884,92.0
1753531800354,12:10:00.354,BANK/USDT:USDT,0.05864,4.0,0.05863,8.0,0.05883,3.0,0.05884,92.0
1753531801817,12:10:01.817,BANK/USDT:USDT,0.05864,4.0,0.05863,8.0,0.05883,3.0,0.05884,92.0
1753531806647,12:10:06.647,BANK/USDT:USDT,0.05864,4.0,0.05863,8.0,0.05882,4.0,0.05883,6.0
1753531806757,12:10:06.757,BANK/USDT:USDT,0.05865,4.0,0.05864,140.0,0.05882,4.0,0.05883,6.0
1753531806823,12:10:06.823,BANK/USDT:USDT,0.05865,4.0,0.05864,140.0,0.05882,4.0,0.05883,6.0
1753531807347,12:10:07.347,BANK/USDT:USDT,0.05865,4.0,0.05864,140.0,0.05882,4.0,0.05883,6.0
1753531811421,12:10:11.421,BANK/USDT:USDT,0.05865,4.0,0.05864,140.0,0.05882,4.0,0.05883,6.0
1753531811745,12:10:11.745,BANK/USDT:USDT,0.05865,4.0,0.05864,140.0,0.05882,4.0,0.05883,6.0
1753531812609,12:10:12.609,BANK/USDT:USDT,0.05865,4.0,0.05864,140.0,0.05882,4.0,0.05883,6.0
1753531816217,12:10:16.217,BANK/USDT:USDT,0.05865,4.0,0.05864,140.0,0.05882,4.0,0.05883,6.0
1753531818408,12:10:18.408,BANK/USDT:USDT,0.05865,4.0,0.05864,140.0,0.05882,4.0,0.05883,6.0
1753531818601,12:10:18.601,BANK/USDT:USDT,0.05865,4.0,0.05864,140.0,0.05882,4.0,0.05883,6.0
1753531819448,12:10:19.448,BANK/USDT:USDT,0.05865,4.0,0.05864,140.0,0.05882,4.0,0.05883,6.0
1753531820163,12:10:20.163,BANK/USDT:USDT,0.05865,4.0,0.05864,140.0,0.05882,4.0,0.05883,6.0
1753531820248,12:10:20.248,BANK/USDT:USDT,0.05865,4.0,0.05864,140.0,0.05882,4.0,0.05883,6.0
1753531820334,12:10:20.334,BANK/USDT:USDT,0.05865,4.0,0.05864,140.0,0.05882,4.0,0.05883,6.0
1753531820708,12:10:20.708,BANK/USDT:USDT,0.05865,4.0,0.05864,140.0,0.05882,4.0,0.05883,6.0
1753531820795,12:10:20.795,BANK/USDT:USDT,0.05864,4.0,0.05863,8.0,0.05882,4.0,0.05883,6.0
1753531821017,12:10:21.017,BANK/USDT:USDT,0.05864,4.0,0.05863,8.0,0.05882,4.0,0.05883,6.0
1753531821136,12:10:21.136,BANK/USDT:USDT,0.05864,4.0,0.05863,8.0,0.05882,4.0,0.05883,6.0
1753531821232,12:10:21.232,BANK/USDT:USDT,0.05865,3.0,0.05864,4.0,0.05882,4.0,0.05883,6.0
1753531821331,12:10:21.331,BANK/USDT:USDT,0.05864,4.0,0.05863,8.0,0.05882,4.0,0.05883,6.0
1753531821385,12:10:21.385,BANK/USDT:USDT,0.05864,4.0,0.05863,8.0,0.05882,4.0,0.05883,6.0
1753531822229,12:10:22.229,BANK/USDT:USDT,0.05864,4.0,0.05863,8.0,0.05882,4.0,0.05883,6.0
1753531822499,12:10:22.499,BANK/USDT:USDT,0.05864,4.0,0.05863,8.0,0.05882,4.0,0.05883,6.0
1753531822794,12:10:22.794,BANK/USDT:USDT,0.05865,3.0,0.05864,149.0,0.05882,4.0,0.05883,6.0
1753531822934,12:10:22.934,BANK/USDT:USDT,0.05865,3.0,0.05864,149.0,0.05882,4.0,0.05883,6.0
1753531822972,12:10:22.972,BANK/USDT:USDT,0.05865,3.0,0.05864,140.0,0.05882,4.0,0.05883,6.0
1753531823352,12:10:23.352,BANK/USDT:USDT,0.05865,3.0,0.05864,140.0,0.05882,4.0,0.05883,6.0
1753531823770,12:10:23.770,BANK/USDT:USDT,0.05865,3.0,0.05864,140.0,0.05882,4.0,0.05883,6.0
1753531825146,12:10:25.146,BANK/USDT:USDT,0.05865,3.0,0.05864,140.0,0.05882,4.0,0.05883,6.0
1753531825408,12:10:25.408,BANK/USDT:USDT,0.05865,3.0,0.05864,140.0,0.05882,4.0,0.05883,6.0
1753531825477,12:10:25.477,BANK/USDT:USDT,0.05865,3.0,0.05864,140.0,0.05882,4.0,0.05883,6.0
1753531825626,12:10:25.626,BANK/USDT:USDT,0.05865,3.0,0.05864,140.0,0.05882,4.0,0.05883,6.0
1753531825820,12:10:25.820,BANK/USDT:USDT,0.05865,3.0,0.05864,140.0,0.05882,4.0,0.05883,6.0
1753531825931,12:10:25.931,BANK/USDT:USDT,0.05865,3.0,0.05864,140.0,0.05882,4.0,0.05883,6.0
1753531826016,12:10:26.016,BANK/USDT:USDT,0.05865,3.0,0.05864,140.0,0.05882,4.0,0.05883,6.0
1753531826150,12:10:26.150,BANK/USDT:USDT,0.05865,3.0,0.05864,140.0,0.05882,4.0,0.05883,6.0
1753531826289,12:10:26.289,BANK/USDT:USDT,0.05865,3.0,0.05864,140.0,0.05882,4.0,0.05883,6.0
1753531826440,12:10:26.440,BANK/USDT:USDT,0.05865,3.0,0.05864,140.0,0.05882,4.0,0.05883,6.0
1753531827163,12:10:27.163,BANK/USDT:USDT,0.05865,3.0,0.05864,140.0,0.05882,4.0,0.05883,6.0
1753531830652,12:10:30.652,BANK/USDT:USDT,0.05867,4.0,0.05866,90.0,0.05883,3.0,0.05884,92.0
1753531830814,12:10:30.814,BANK/USDT:USDT,0.05867,4.0,0.05866,90.0,0.05883,3.0,0.05884,92.0
1753531831232,12:10:31.232,BANK/USDT:USDT,0.05867,4.0,0.05866,90.0,0.05883,3.0,0.05884,92.0
1753531832129,12:10:32.129,BANK/USDT:USDT,0.05867,4.0,0.05866,90.0,0.05883,3.0,0.05884,92.0
1753531832805,12:10:32.805,BANK/USDT:USDT,0.05867,4.0,0.05866,90.0,0.05883,3.0,0.05884,92.0
1753531834832,12:10:34.832,BANK/USDT:USDT,0.05868,4.0,0.05867,140.0,0.05883,3.0,0.05884,92.0
1753531834866,12:10:34.866,BANK/USDT:USDT,0.05868,4.0,0.05867,140.0,0.05883,3.0,0.05884,92.0
1753531835284,12:10:35.284,BANK/USDT:USDT,0.05868,4.0,0.05867,140.0,0.05883,3.0,0.05884,92.0
1753531835417,12:10:35.417,BANK/USDT:USDT,0.05868,4.0,0.05867,140.0,0.05883,3.0,0.05884,92.0
1753531836300,12:10:36.300,BANK/USDT:USDT,0.05868,4.0,0.05867,140.0,0.05883,3.0,0.05884,92.0
1753531837652,12:10:37.652,BANK/USDT:USDT,0.05868,4.0,0.05867,140.0,0.05883,3.0,0.05884,92.0
1753531840218,12:10:40.218,BANK/USDT:USDT,0.05868,4.0,0.05867,140.0,0.05883,3.0,0.05884,92.0
1753531845017,12:10:45.017,BANK/USDT:USDT,0.05868,4.0,0.05867,140.0,0.05883,3.0,0.05884,92.0
1753531849037,12:10:49.037,BANK/USDT:USDT,0.05868,4.0,0.05867,140.0,0.05883,3.0,0.05884,6.0
1753531849079,12:10:49.079,BANK/USDT:USDT,0.05868,4.0,0.05867,140.0,0.05883,3.0,0.05884,6.0
1753531849372,12:10:49.372,BANK/USDT:USDT,0.05868,4.0,0.05867,140.0,0.05883,3.0,0.05884,6.0
1753531849819,12:10:49.819,BANK/USDT:USDT,0.05868,4.0,0.05867,140.0,0.05883,3.0,0.05884,6.0
1753531852717,12:10:52.717,BANK/USDT:USDT,0.05868,4.0,0.05867,140.0,0.05883,3.0,0.05884,6.0
1753531853003,12:10:53.003,BANK/USDT:USDT,0.05868,4.0,0.05867,140.0,0.05883,3.0,0.05884,6.0
1753531853418,12:10:53.418,BANK/USDT:USDT,0.05868,4.0,0.05867,140.0,0.05883,3.0,0.05884,6.0
1753531854618,12:10:54.618,BANK/USDT:USDT,0.05868,4.0,0.05867,140.0,0.05883,3.0,0.05884,6.0
1753531855821,12:10:55.821,BANK/USDT:USDT,0.05868,4.0,0.05867,140.0,0.05883,3.0,0.05884,6.0
1753531858144,12:10:58.144,BANK/USDT:USDT,0.05868,4.0,0.05867,140.0,0.05883,3.0,0.05884,6.0
1753531859418,12:10:59.418,BANK/USDT:USDT,0.05868,4.0,0.05867,140.0,0.05883,3.0,0.05884,6.0
1753531864219,12:11:04.219,BANK/USDT:USDT,0.05868,4.0,0.05867,140.0,0.05883,3.0,0.05884,6.0
1753531866178,12:11:06.178,BANK/USDT:USDT,0.05868,4.0,0.05867,140.0,0.05883,3.0,0.05884,6.0
1753531866326,12:11:06.326,BANK/USDT:USDT,0.05868,4.0,0.05867,140.0,0.05883,3.0,0.05884,6.0
1753531866849,12:11:06.849,BANK/USDT:USDT,0.05868,4.0,0.05867,4.0,0.05883,3.0,0.05884,6.0
1753531866872,12:11:06.872,BANK/USDT:USDT,0.05867,4.0,0.05866,90.0,0.05883,3.0,0.05884,6.0
1753531867517,12:11:07.517,BANK/USDT:USDT,0.05867,4.0,0.05866,90.0,0.05883,3.0,0.05884,6.0
1753531867582,12:11:07.582,BANK/USDT:USDT,0.05867,4.0,0.05866,90.0,0.05883,3.0,0.05884,6.0
1753531868258,12:11:08.258,BANK/USDT:USDT,0.05867,4.0,0.05866,90.0,0.05883,3.0,0.05884,6.0
1753531869018,12:11:09.018,BANK/USDT:USDT,0.05867,4.0,0.05866,90.0,0.05883,3.0,0.05884,6.0
1753531871521,12:11:11.521,BANK/USDT:USDT,0.05867,4.0,0.05866,90.0,0.05883,3.0,0.05884,6.0
1753531873298,12:11:13.298,BANK/USDT:USDT,0.05867,4.0,0.05866,90.0,0.05883,3.0,0.05884,6.0
1753531873820,12:11:13.820,BANK/USDT:USDT,0.05867,4.0,0.05866,90.0,0.05883,3.0,0.05884,6.0
1753531875190,12:11:15.190,BANK/USDT:USDT,0.05867,4.0,0.05866,90.0,0.05883,3.0,0.05884,6.0
1753531876987,12:11:16.987,BANK/USDT:USDT,0.05867,4.0,0.05866,90.0,0.05883,3.0,0.05884,6.0
1753531878343,12:11:18.343,BANK/USDT:USDT,0.05867,4.0,0.05866,90.0,0.05883,3.0,0.05884,6.0
1753531878619,12:11:18.619,BANK/USDT:USDT,0.05867,4.0,0.05866,90.0,0.05883,3.0,0.05884,6.0
1753531879229,12:11:19.229,BANK/USDT:USDT,0.05867,4.0,0.05866,90.0,0.05883,3.0,0.05884,6.0
1753531879522,12:11:19.522,BANK/USDT:USDT,0.05867,4.0,0.05866,90.0,0.05883,3.0,0.05884,6.0
1753531879758,12:11:19.758,BANK/USDT:USDT,0.05867,4.0,0.05866,90.0,0.05883,3.0,0.05884,6.0
1753531883418,12:11:23.418,BANK/USDT:USDT,0.05867,4.0,0.05866,90.0,0.05883,3.0,0.05884,6.0
1753531888219,12:11:28.219,BANK/USDT:USDT,0.05867,4.0,0.05866,90.0,0.05883,3.0,0.05884,6.0
1753531890857,12:11:30.857,BANK/USDT:USDT,0.05867,4.0,0.05866,90.0,0.05883,3.0,0.05884,6.0
1753531890863,12:11:30.863,BANK/USDT:USDT,0.05867,4.0,0.05866,90.0,0.05883,3.0,0.05884,6.0
1753531893036,12:11:33.036,BANK/USDT:USDT,0.05867,4.0,0.05866,90.0,0.05883,3.0,0.05884,6.0
1753531895301,12:11:35.301,BANK/USDT:USDT,0.05867,4.0,0.05866,90.0,0.05883,3.0,0.05884,6.0
1753531897593,12:11:37.593,BANK/USDT:USDT,0.05867,4.0,0.05866,90.0,0.05883,3.0,0.05884,6.0
1753531897701,12:11:37.701,BANK/USDT:USDT,0.05867,4.0,0.05866,90.0,0.05883,3.0,0.05884,6.0
1753531897819,12:11:37.819,BANK/USDT:USDT,0.05867,4.0,0.05866,90.0,0.05883,3.0,0.05884,6.0
1753531898205,12:11:38.205,BANK/USDT:USDT,0.05867,4.0,0.05866,90.0,0.05883,3.0,0.05884,6.0
1753531898661,12:11:38.661,BANK/USDT:USDT,0.05867,4.0,0.05866,90.0,0.05883,3.0,0.05884,6.0
1753531899082,12:11:39.082,BANK/USDT:USDT,0.05867,4.0,0.05866,90.0,0.05883,3.0,0.05884,6.0
1753531902619,12:11:42.619,BANK/USDT:USDT,0.05867,4.0,0.05866,90.0,0.05883,3.0,0.05884,6.0
1753531907039,12:11:47.039,BANK/USDT:USDT,0.05867,4.0,0.05866,90.0,0.05883,3.0,0.05884,6.0
1753531907297,12:11:47.297,BANK/USDT:USDT,0.05867,4.0,0.05866,90.0,0.05883,3.0,0.05884,6.0
1753531907419,12:11:47.419,BANK/USDT:USDT,0.05867,4.0,0.05866,90.0,0.05883,3.0,0.05884,6.0
1753531908279,12:11:48.279,BANK/USDT:USDT,0.05867,4.0,0.05866,90.0,0.05883,3.0,0.05884,6.0
1753531910169,12:11:50.169,BANK/USDT:USDT,0.05867,4.0,0.05866,90.0,0.05883,3.0,0.05884,6.0
1753531910862,12:11:50.862,BANK/USDT:USDT,0.05867,4.0,0.05866,90.0,0.05883,3.0,0.05884,6.0
1753531912220,12:11:52.220,BANK/USDT:USDT,0.05867,4.0,0.05866,90.0,0.05883,3.0,0.05884,6.0
1753531912981,12:11:52.981,BANK/USDT:USDT,0.05867,4.0,0.05866,90.0,0.05883,3.0,0.05884,6.0
1753531914964,12:11:54.964,BANK/USDT:USDT,0.05867,4.0,0.05866,90.0,0.05883,3.0,0.05884,6.0
1753531915009,12:11:55.009,BANK/USDT:USDT,0.05867,4.0,0.05866,90.0,0.05883,3.0,0.05884,6.0
1753531915080,12:11:55.080,BANK/USDT:USDT,0.05867,4.0,0.05866,90.0,0.05883,3.0,0.05884,6.0
1753531915997,12:11:55.997,BANK/USDT:USDT,0.05867,4.0,0.05866,90.0,0.05883,3.0,0.05884,6.0
1753531917019,12:11:57.019,BANK/USDT:USDT,0.05867,4.0,0.05866,90.0,0.05883,3.0,0.05884,6.0
1753531920647,12:12:00.647,BANK/USDT:USDT,0.05867,4.0,0.05866,90.0,0.05883,3.0,0.05884,6.0
1753531920671,12:12:00.671,BANK/USDT:USDT,0.05867,4.0,0.05866,90.0,0.05883,3.0,0.05884,6.0
1753531921602,12:12:01.602,BANK/USDT:USDT,0.05867,4.0,0.05866,90.0,0.05883,3.0,0.05884,6.0
1753531921820,12:12:01.820,BANK/USDT:USDT,0.05867,4.0,0.05866,90.0,0.05883,3.0,0.05884,6.0
1753531922048,12:12:02.048,BANK/USDT:USDT,0.05864,13.0,0.05863,8.0,0.05882,4.0,0.05883,6.0
1753531922090,12:12:02.090,BANK/USDT:USDT,0.05866,90.0,0.05865,36.0,0.05882,4.0,0.05883,6.0
1753531922167,12:12:02.167,BANK/USDT:USDT,0.05867,4.0,0.05866,90.0,0.05882,4.0,0.05883,6.0
1753531922428,12:12:02.428,BANK/USDT:USDT,0.05867,4.0,0.05866,90.0,0.05882,4.0,0.05883,6.0
1753531922855,12:12:02.855,BANK/USDT:USDT,0.05867,4.0,0.05866,90.0,0.05882,4.0,0.05883,3.0
1753531922867,12:12:02.867,BANK/USDT:USDT,0.05867,4.0,0.05866,90.0,0.05883,3.0,0.05886,3.0
1753531923162,12:12:03.162,BANK/USDT:USDT,0.05867,13.0,0.05866,90.0,0.05883,3.0,0.05886,3.0
1753531923250,12:12:03.250,BANK/USDT:USDT,0.05868,4.0,0.05867,13.0,0.05883,3.0,0.05886,3.0
1753531923666,12:12:03.666,BANK/USDT:USDT,0.05868,4.0,0.05867,13.0,0.05883,3.0,0.05886,3.0
1753531926133,12:12:06.133,BANK/USDT:USDT,0.05869,4.0,0.05868,13.0,0.05883,3.0,0.05886,3.0
1753531926512,12:12:06.512,BANK/USDT:USDT,0.0587,4.0,0.05869,4.0,0.05883,3.0,0.05886,3.0
1753531926659,12:12:06.659,BANK/USDT:USDT,0.05869,4.0,0.05868,4.0,0.05883,3.0,0.05886,3.0
1753531926687,12:12:06.687,BANK/USDT:USDT,0.05867,4.0,0.05866,90.0,0.05883,3.0,0.05886,3.0
1753531927712,12:12:07.712,BANK/USDT:USDT,0.05867,4.0,0.05866,90.0,0.05883,3.0,0.05886,3.0
1753531929088,12:12:09.088,BANK/USDT:USDT,0.05868,4.0,0.05867,13.0,0.05883,3.0,0.05886,3.0
1753531929335,12:12:09.335,BANK/USDT:USDT,0.05868,4.0,0.05867,13.0,0.05883,3.0,0.05886,3.0
1753531930375,12:12:10.375,BANK/USDT:USDT,0.05868,4.0,0.05867,13.0,0.05883,3.0,0.05886,3.0
1753531930521,12:12:10.521,BANK/USDT:USDT,0.05869,3.0,0.05868,13.0,0.05883,3.0,0.05886,3.0
1753531931424,12:12:11.424,BANK/USDT:USDT,0.05869,3.0,0.05868,13.0,0.05883,3.0,0.05886,3.0
1753531932163,12:12:12.163,BANK/USDT:USDT,0.05866,13.0,0.05865,9.0,0.05883,6.0,0.05887,3.0
1753531932242,12:12:12.242,BANK/USDT:USDT,0.05867,3.0,0.05866,4.0,0.05882,3.0,0.05883,6.0
1753531932320,12:12:12.320,BANK/USDT:USDT,0.05866,4.0,0.05865,9.0,0.05882,3.0,0.05883,6.0
1753531932526,12:12:12.526,BANK/USDT:USDT,0.05866,4.0,0.05865,9.0,0.05883,3.0,0.05886,3.0
1753531932658,12:12:12.658,BANK/USDT:USDT,0.05866,4.0,0.05865,9.0,0.05883,3.0,0.05886,3.0
1753531933483,12:12:13.483,BANK/USDT:USDT,0.05866,4.0,0.05865,9.0,0.05883,3.0,0.05886,3.0
1753531936132,12:12:16.132,BANK/USDT:USDT,0.05866,4.0,0.05865,9.0,0.05883,3.0,0.05886,3.0
1753531936220,12:12:16.220,BANK/USDT:USDT,0.05866,4.0,0.05865,9.0,0.05883,3.0,0.05886,3.0
1753531936366,12:12:16.366,BANK/USDT:USDT,0.05866,4.0,0.05865,9.0,0.05883,3.0,0.05886,3.0
1753531937844,12:12:17.844,BANK/USDT:USDT,0.05866,4.0,0.05865,9.0,0.05883,3.0,0.05886,3.0
1753531938046,12:12:18.046,BANK/USDT:USDT,0.05866,4.0,0.05865,9.0,0.05881,3.0,0.05882,3.0
1753531938436,12:12:18.436,BANK/USDT:USDT,0.05866,4.0,0.05865,9.0,0.05883,3.0,0.05886,3.0
1753531938868,12:12:18.868,BANK/USDT:USDT,0.05866,4.0,0.05865,9.0,0.05883,3.0,0.05886,3.0
1753531939078,12:12:19.078,BANK/USDT:USDT,0.05866,4.0,0.05865,9.0,0.05883,3.0,0.05886,3.0
1753531939711,12:12:19.711,BANK/USDT:USDT,0.05866,4.0,0.05865,9.0,0.05883,3.0,0.05886,3.0
1753531941020,12:12:21.020,BANK/USDT:USDT,0.05866,4.0,0.05865,9.0,0.05883,3.0,0.05886,3.0
1753531941891,12:12:21.891,BANK/USDT:USDT,0.05866,4.0,0.05865,9.0,0.05883,3.0,0.05886,3.0
1753531945820,12:12:25.820,BANK/USDT:USDT,0.05866,4.0,0.05865,9.0,0.05883,3.0,0.05886,3.0
1753531946189,12:12:26.189,BANK/USDT:USDT,0.05866,4.0,0.05865,9.0,0.05883,3.0,0.05886,3.0
1753531947430,12:12:27.430,BANK/USDT:USDT,0.05866,4.0,0.05865,9.0,0.05883,3.0,0.05886,3.0
1753531947829,12:12:27.829,BANK/USDT:USDT,0.05866,4.0,0.05865,9.0,0.05883,3.0,0.05886,3.0
1753531950620,12:12:30.620,BANK/USDT:USDT,0.05866,4.0,0.05865,9.0,0.05883,3.0,0.05886,3.0
1753531954219,12:12:34.219,BANK/USDT:USDT,0.05866,4.0,0.05865,9.0,0.05883,3.0,0.05886,3.0
1753531954289,12:12:34.289,BANK/USDT:USDT,0.05866,4.0,0.05865,9.0,0.05883,3.0,0.05886,3.0
1753531955421,12:12:35.421,BANK/USDT:USDT,0.05866,4.0,0.05865,9.0,0.05883,3.0,0.05886,3.0
1753531960221,12:12:40.221,BANK/USDT:USDT,0.05866,4.0,0.05865,9.0,0.05883,3.0,0.05886,3.0
1753531963327,12:12:43.327,BANK/USDT:USDT,0.05866,4.0,0.05865,9.0,0.05883,3.0,0.05886,3.0
1753531963462,12:12:43.462,BANK/USDT:USDT,0.05866,4.0,0.05865,9.0,0.05882,3.0,0.05883,3.0
1753531963554,12:12:43.554,BANK/USDT:USDT,0.05866,4.0,0.05865,9.0,0.05881,4.0,0.05882,3.0
1753531963635,12:12:43.635,BANK/USDT:USDT,0.05866,4.0,0.05865,9.0,0.05881,4.0,0.05886,3.0
1753531963978,12:12:43.978,BANK/USDT:USDT,0.05866,4.0,0.05865,9.0,0.05881,4.0,0.05886,3.0
1753531964797,12:12:44.797,BANK/USDT:USDT,0.05866,4.0,0.05865,9.0,0.05881,4.0,0.05886,3.0
1753531965021,12:12:45.021,BANK/USDT:USDT,0.05866,4.0,0.05865,9.0,0.05881,4.0,0.05886,3.0
1753531965140,12:12:45.140,BANK/USDT:USDT,0.05867,4.0,0.05866,4.0,0.05881,4.0,0.05886,3.0
1753531965223,12:12:45.223,BANK/USDT:USDT,0.05866,4.0,0.05865,9.0,0.05881,4.0,0.05886,3.0
1753531965633,12:12:45.633,BANK/USDT:USDT,0.05866,4.0,0.05865,9.0,0.05881,4.0,0.05886,3.0
1753531966796,12:12:46.796,BANK/USDT:USDT,0.05866,4.0,0.05865,9.0,0.05881,4.0,0.05886,3.0
1753531967259,12:12:47.259,BANK/USDT:USDT,0.05866,4.0,0.05865,9.0,0.05881,4.0,0.05886,3.0
1753531967318,12:12:47.318,BANK/USDT:USDT,0.05867,4.0,0.05866,13.0,0.05881,4.0,0.05886,3.0
1753531967678,12:12:47.678,BANK/USDT:USDT,0.05867,4.0,0.05866,13.0,0.05881,4.0,0.05886,3.0
1753531968073,12:12:48.073,BANK/USDT:USDT,0.05868,4.0,0.05867,13.0,0.05881,4.0,0.05886,3.0
1753531968205,12:12:48.205,BANK/USDT:USDT,0.05868,4.0,0.05867,13.0,0.05881,4.0,0.05886,3.0
1753531968502,12:12:48.502,BANK/USDT:USDT,0.05868,4.0,0.05867,13.0,0.05881,4.0,0.05886,3.0
1753531969107,12:12:49.107,BANK/USDT:USDT,0.05869,4.0,0.05868,4.0,0.05881,4.0,0.05886,3.0
1753531969257,12:12:49.257,BANK/USDT:USDT,0.05868,4.0,0.05867,13.0,0.05881,4.0,0.05886,3.0
1753531969274,12:12:49.274,BANK/USDT:USDT,0.05869,4.0,0.05868,22.0,0.05881,4.0,0.05886,3.0
1753531969717,12:12:49.717,BANK/USDT:USDT,0.05869,4.0,0.05868,13.0,0.05881,4.0,0.05886,3.0
1753531969821,12:12:49.821,BANK/USDT:USDT,0.05869,4.0,0.05868,13.0,0.05881,4.0,0.05886,3.0
1753531970123,12:12:50.123,BANK/USDT:USDT,0.05869,4.0,0.05868,13.0,0.05881,4.0,0.05886,3.0
1753531970524,12:12:50.524,BANK/USDT:USDT,0.05869,4.0,0.05868,13.0,0.05881,4.0,0.05886,3.0
1753531972859,12:12:52.859,BANK/USDT:USDT,0.05869,4.0,0.05868,4.0,0.05881,4.0,0.05886,3.0
1753531972896,12:12:52.896,BANK/USDT:USDT,0.05866,4.0,0.05865,9.0,0.05881,4.0,0.05886,3.0
1753531973751,12:12:53.751,BANK/USDT:USDT,0.05866,4.0,0.05865,9.0,0.05881,4.0,0.05886,3.0
1753531974621,12:12:54.621,BANK/USDT:USDT,0.05866,4.0,0.05865,9.0,0.05881,4.0,0.05886,3.0
1753531976625,12:12:56.625,BANK/USDT:USDT,0.05867,3.0,0.05866,22.0,0.05881,4.0,0.05886,3.0
1753531976670,12:12:56.670,BANK/USDT:USDT,0.05867,3.0,0.05866,31.0,0.05881,4.0,0.05886,3.0
1753531976878,12:12:56.878,BANK/USDT:USDT,0.05868,3.0,0.05867,12.0,0.05881,4.0,0.05886,3.0
1753531977791,12:12:57.791,BANK/USDT:USDT,0.05868,3.0,0.05867,12.0,0.05881,4.0,0.05886,3.0
1753531978103,12:12:58.103,BANK/USDT:USDT,0.05869,3.0,0.05868,12.0,0.05881,4.0,0.05886,3.0
1753531978635,12:12:58.635,BANK/USDT:USDT,0.05868,18.0,0.05867,3.0,0.05881,4.0,0.05886,3.0
1753531978791,12:12:58.791,BANK/USDT:USDT,0.05869,3.0,0.05867,3.0,0.05881,4.0,0.05886,3.0
1753531978946,12:12:58.946,BANK/USDT:USDT,0.05868,3.0,0.05867,12.0,0.05881,4.0,0.05886,3.0
1753531979231,12:12:59.231,BANK/USDT:USDT,0.05869,3.0,0.05868,30.0,0.05881,4.0,0.05886,3.0
1753531979421,12:12:59.421,BANK/USDT:USDT,0.05869,3.0,0.05868,30.0,0.05881,4.0,0.05886,3.0
1753531980131,12:13:00.131,BANK/USDT:USDT,0.05866,4.0,0.05865,9.0,0.05881,4.0,0.05886,3.0
1753531980314,12:13:00.314,BANK/USDT:USDT,0.05868,3.0,0.05867,9.0,0.05881,4.0,0.05886,3.0
1753531980624,12:13:00.624,BANK/USDT:USDT,0.05868,3.0,0.05867,9.0,0.05881,4.0,0.05886,3.0
1753531982023,12:13:02.023,BANK/USDT:USDT,0.05869,3.0,0.05868,21.0,0.05881,4.0,0.05886,3.0
1753531982654,12:13:02.654,BANK/USDT:USDT,0.05869,3.0,0.05868,3.0,0.05881,4.0,0.05886,3.0
1753531982672,12:13:02.672,BANK/USDT:USDT,0.05868,9.0,0.05866,4.0,0.05881,4.0,0.05886,3.0
1753531982842,12:13:02.842,BANK/USDT:USDT,0.0587,3.0,0.05869,12.0,0.05881,4.0,0.05886,3.0
1753531983462,12:13:03.462,BANK/USDT:USDT,0.0587,3.0,0.05869,12.0,0.05881,4.0,0.05886,3.0
1753531983490,12:13:03.490,BANK/USDT:USDT,0.05866,4.0,0.05865,9.0,0.05881,4.0,0.05886,3.0
1753531984246,12:13:04.246,BANK/USDT:USDT,0.05867,3.0,0.05866,31.0,0.05881,4.0,0.05886,3.0
1753531984685,12:13:04.685,BANK/USDT:USDT,0.05867,3.0,0.05866,31.0,0.05881,4.0,0.05886,3.0
1753531987895,12:13:07.895,BANK/USDT:USDT,0.05867,3.0,0.05866,22.0,0.05881,4.0,0.05886,3.0
1753531988228,12:13:08.228,BANK/USDT:USDT,0.05867,3.0,0.05866,22.0,0.05881,4.0,0.05886,3.0
1753531988457,12:13:08.457,BANK/USDT:USDT,0.05867,3.0,0.05866,4.0,0.05881,4.0,0.05886,3.0
1753531988468,12:13:08.468,BANK/USDT:USDT,0.05866,4.0,0.05865,9.0,0.05881,4.0,0.05886,3.0
1753531989027,12:13:09.027,BANK/USDT:USDT,0.05866,4.0,0.05865,9.0,0.05881,4.0,0.05886,3.0
1753531989087,12:13:09.087,BANK/USDT:USDT,0.05867,3.0,0.05866,40.0,0.05881,4.0,0.05886,3.0
1753531990471,12:13:10.471,BANK/USDT:USDT,0.05867,3.0,0.05866,58.0,0.05881,4.0,0.05886,3.0
1753531992131,12:13:12.131,BANK/USDT:USDT,0.05867,3.0,0.05866,22.0,0.05881,4.0,0.05886,3.0
1753531992357,12:13:12.357,BANK/USDT:USDT,0.05867,3.0,0.05866,22.0,0.05881,4.0,0.05886,3.0
1753531993033,12:13:13.033,BANK/USDT:USDT,0.05868,3.0,0.05867,30.0,0.05881,4.0,0.05886,3.0
1753531993085,12:13:13.085,BANK/USDT:USDT,0.05868,3.0,0.05867,30.0,0.05881,4.0,0.05886,3.0
1753531993585,12:13:13.585,BANK/USDT:USDT,0.05868,3.0,0.05867,30.0,0.05881,4.0,0.05886,3.0
1753531995099,12:13:15.099,BANK/USDT:USDT,0.05868,3.0,0.05867,30.0,0.05881,4.0,0.05886,3.0
1753531996310,12:13:16.310,BANK/USDT:USDT,0.05868,3.0,0.05867,21.0,0.05881,4.0,0.05886,3.0
1753531997319,12:13:17.319,BANK/USDT:USDT,0.05869,3.0,0.05868,3.0,0.05881,4.0,0.05886,3.0
1753531997444,12:13:17.444,BANK/USDT:USDT,0.05867,3.0,0.05866,4.0,0.05881,4.0,0.05886,3.0
1753531997466,12:13:17.466,BANK/USDT:USDT,0.05866,4.0,0.05865,9.0,0.05881,4.0,0.05886,3.0
1753531997615,12:13:17.615,BANK/USDT:USDT,0.05866,4.0,0.05865,9.0,0.05881,4.0,0.05886,3.0
1753531998023,12:13:18.023,BANK/USDT:USDT,0.05867,3.0,0.05866,31.0,0.05881,4.0,0.05886,3.0
1753531998074,12:13:18.074,BANK/USDT:USDT,0.05868,3.0,0.05867,30.0,0.05881,4.0,0.05886,3.0
1753531998834,12:13:18.834,BANK/USDT:USDT,0.05868,3.0,0.05867,30.0,0.05881,4.0,0.05886,3.0
1753532000973,12:13:20.973,BANK/USDT:USDT,0.05868,3.0,0.05867,30.0,0.05881,4.0,0.05886,3.0
1753532001125,12:13:21.125,BANK/USDT:USDT,0.05868,4.0,0.05867,12.0,0.05881,4.0,0.05886,3.0
1753532001263,12:13:21.263,BANK/USDT:USDT,0.05869,4.0,0.05868,22.0,0.05881,4.0,0.05886,3.0
1753532001264,12:13:21.264,BANK/USDT:USDT,0.05869,4.0,0.05868,4.0,0.05881,4.0,0.05886,3.0
1753532001420,12:13:21.420,BANK/USDT:USDT,0.05868,27.0,0.05867,3.0,0.05881,4.0,0.05886,3.0
1753532001658,12:13:21.658,BANK/USDT:USDT,0.05869,4.0,0.05867,3.0,0.05881,4.0,0.05886,3.0
1753532001730,12:13:21.730,BANK/USDT:USDT,0.05867,18.0,0.05866,4.0,0.05881,4.0,0.05886,3.0
1753532001912,12:13:21.912,BANK/USDT:USDT,0.05869,4.0,0.05868,4.0,0.05881,4.0,0.05886,3.0
1753532002062,12:13:22.062,BANK/USDT:USDT,0.05866,4.0,0.05865,9.0,0.05881,4.0,0.05886,3.0
1753532002478,12:13:22.478,BANK/USDT:USDT,0.05866,4.0,0.05865,9.0,0.05881,4.0,0.05886,3.0
1753532004334,12:13:24.334,BANK/USDT:USDT,0.05866,4.0,0.05865,9.0,0.05881,4.0,0.05886,3.0
1753532004822,12:13:24.822,BANK/USDT:USDT,0.05866,4.0,0.05865,9.0,0.05881,4.0,0.05886,3.0
1753532009622,12:13:29.622,BANK/USDT:USDT,0.05866,4.0,0.05865,9.0,0.05881,4.0,0.05886,3.0
1753532014422,12:13:34.422,BANK/USDT:USDT,0.05866,4.0,0.05865,9.0,0.05881,4.0,0.05886,3.0
1753532015954,12:13:35.954,BANK/USDT:USDT,0.05866,4.0,0.05865,9.0,0.0588,3.0,0.05881,3.0
1753532016052,12:13:36.052,BANK/USDT:USDT,0.05868,12.0,0.05867,89.0,0.0588,3.0,0.05881,3.0
1753532016105,12:13:36.105,BANK/USDT:USDT,0.05869,3.0,0.05868,3.0,0.05881,3.0,0.05886,3.0
1753532016234,12:13:36.234,BANK/USDT:USDT,0.05867,27.0,0.05866,4.0,0.05881,3.0,0.05886,3.0
1753532016313,12:13:36.313,BANK/USDT:USDT,0.05867,36.0,0.05866,4.0,0.05881,3.0,0.05886,3.0
1753532016403,12:13:36.403,BANK/USDT:USDT,0.05868,3.0,0.05867,27.0,0.05881,3.0,0.05886,3.0
1753532016623,12:13:36.623,BANK/USDT:USDT,0.05868,3.0,0.05867,27.0,0.05881,3.0,0.05886,3.0
1753532019223,12:13:39.223,BANK/USDT:USDT,0.05868,3.0,0.05867,27.0,0.05881,3.0,0.05886,3.0
1753532019452,12:13:39.452,BANK/USDT:USDT,0.05868,3.0,0.05867,27.0,0.05881,3.0,0.05886,3.0
1753532019591,12:13:39.591,BANK/USDT:USDT,0.05868,3.0,0.05867,18.0,0.05881,3.0,0.05886,3.0
1753532020548,12:13:40.548,BANK/USDT:USDT,0.05869,3.0,0.05868,39.0,0.05881,3.0,0.05886,3.0
1753532020606,12:13:40.606,BANK/USDT:USDT,0.05869,3.0,0.05868,3.0,0.05881,3.0,0.05886,3.0
1753532020707,12:13:40.707,BANK/USDT:USDT,0.05868,9.0,0.05866,4.0,0.05881,3.0,0.05886,3.0
1753532020857,12:13:40.857,BANK/USDT:USDT,0.05869,3.0,0.05868,9.0,0.05881,3.0,0.05886,3.0
1753532020865,12:13:40.865,BANK/USDT:USDT,0.05869,3.0,0.05866,4.0,0.05881,3.0,0.05886,3.0
1753532021011,12:13:41.011,BANK/USDT:USDT,0.05866,4.0,0.05865,9.0,0.05881,3.0,0.05886,3.0
1753532021342,12:13:41.342,BANK/USDT:USDT,0.05867,3.0,0.05866,27.0,0.05881,3.0,0.05886,3.0
1753532021878,12:13:41.878,BANK/USDT:USDT,0.05867,3.0,0.05866,27.0,0.05881,3.0,0.05886,3.0
1753532024023,12:13:44.023,BANK/USDT:USDT,0.05867,3.0,0.05866,27.0,0.05881,3.0,0.05886,3.0
1753532025090,12:13:45.090,BANK/USDT:USDT,0.05867,3.0,0.05866,9.0,0.05881,3.0,0.05886,3.0
1753532027258,12:13:47.258,BANK/USDT:USDT,0.05867,3.0,0.05866,9.0,0.05881,3.0,0.05886,3.0
1753532028822,12:13:48.822,BANK/USDT:USDT,0.05867,3.0,0.05866,9.0,0.05881,3.0,0.05886,3.0
1753532029359,12:13:49.359,BANK/USDT:USDT,0.05868,3.0,0.05867,3.0,0.05881,3.0,0.05886,3.0
1753532029520,12:13:49.520,BANK/USDT:USDT,0.05867,3.0,0.05866,9.0,0.05881,3.0,0.05886,3.0
1753532030556,12:13:50.556,BANK/USDT:USDT,0.05868,3.0,0.05867,12.0,0.05881,3.0,0.05886,3.0
1753532030746,12:13:50.746,BANK/USDT:USDT,0.05868,12.0,0.05867,12.0,0.05881,3.0,0.05886,3.0
1753532030773,12:13:50.773,BANK/USDT:USDT,0.05869,3.0,0.05868,3.0,0.05881,3.0,0.05886,3.0
1753532030925,12:13:50.925,BANK/USDT:USDT,0.05868,27.0,0.05867,3.0,0.05881,3.0,0.05886,3.0
1753532031109,12:13:51.109,BANK/USDT:USDT,0.05869,3.0,0.05867,3.0,0.05881,3.0,0.05886,3.0
1753532031257,12:13:51.257,BANK/USDT:USDT,0.05867,30.0,0.05866,9.0,0.05881,3.0,0.05886,3.0
1753532031292,12:13:51.292,BANK/USDT:USDT,0.05869,3.0,0.05868,3.0,0.05881,3.0,0.05886,3.0
1753532031445,12:13:51.445,BANK/USDT:USDT,0.05868,18.0,0.05867,3.0,0.05881,3.0,0.05886,3.0
1753532031557,12:13:51.557,BANK/USDT:USDT,0.05868,18.0,0.05867,3.0,0.05881,3.0,0.05886,3.0
1753532031628,12:13:51.628,BANK/USDT:USDT,0.05869,3.0,0.05867,3.0,0.05881,3.0,0.05886,3.0
1753532031786,12:13:51.786,BANK/USDT:USDT,0.05868,3.0,0.05867,12.0,0.05881,3.0,0.05886,3.0
1753532033623,12:13:53.623,BANK/USDT:USDT,0.05868,3.0,0.05867,12.0,0.05881,3.0,0.05886,3.0
1753532034088,12:13:54.088,BANK/USDT:USDT,0.05869,3.0,0.05868,21.0,0.05881,3.0,0.05886,3.0
1753532034812,12:13:54.812,BANK/USDT:USDT,0.05868,9.0,0.05867,3.0,0.05881,3.0,0.05886,3.0
1753532034960,12:13:54.960,BANK/USDT:USDT,0.05869,3.0,0.05868,9.0,0.05881,3.0,0.05886,3.0
1753532038252,12:13:58.252,BANK/USDT:USDT,0.05867,3.0,0.05866,9.0,0.05881,3.0,0.05886,3.0
1753532038283,12:13:58.283,BANK/USDT:USDT,0.05868,3.0,0.05867,12.0,0.05881,3.0,0.05886,3.0
1753532038423,12:13:58.423,BANK/USDT:USDT,0.05868,3.0,0.05867,12.0,0.05881,3.0,0.05886,3.0
1753532038823,12:13:58.823,BANK/USDT:USDT,0.05868,3.0,0.05867,12.0,0.05881,3.0,0.05886,3.0
1753532040163,12:14:00.163,BANK/USDT:USDT,0.05868,12.0,0.05867,12.0,0.05881,3.0,0.05886,3.0
1753532040165,12:14:00.165,BANK/USDT:USDT,0.05869,3.0,0.05868,12.0,0.05881,3.0,0.05886,3.0
1753532040408,12:14:00.408,BANK/USDT:USDT,0.05868,3.0,0.05867,12.0,0.05881,3.0,0.05886,3.0
1753532041532,12:14:01.532,BANK/USDT:USDT,0.05869,4.0,0.05868,3.0,0.05881,3.0,0.05886,3.0
1753532041674,12:14:01.674,BANK/USDT:USDT,0.05868,9.0,0.05867,3.0,0.05881,3.0,0.05886,3.0
1753532041827,12:14:01.827,BANK/USDT:USDT,0.05869,4.0,0.05867,3.0,0.05881,3.0,0.05886,3.0
1753532042017,12:14:02.017,BANK/USDT:USDT,0.05869,4.0,0.05868,4.0,0.05881,3.0,0.05886,3.0
1753532042163,12:14:02.163,BANK/USDT:USDT,0.05867,3.0,0.05866,9.0,0.05881,3.0,0.05886,3.0
1753532042851,12:14:02.851,BANK/USDT:USDT,0.05867,3.0,0.05866,9.0,0.05881,3.0,0.05886,3.0
1753532042923,12:14:02.923,BANK/USDT:USDT,0.05868,4.0,0.05867,39.0,0.05881,3.0,0.05886,3.0
1753532043223,12:14:03.223,BANK/USDT:USDT,0.05868,4.0,0.05867,39.0,0.05881,3.0,0.05886,3.0
1753532043669,12:14:03.669,BANK/USDT:USDT,0.05868,4.0,0.05867,39.0,0.05881,3.0,0.05886,3.0
1753532046143,12:14:06.143,BANK/USDT:USDT,0.05867,3.0,0.05866,9.0,0.05881,3.0,0.05886,3.0
1753532046897,12:14:06.897,BANK/USDT:USDT,0.05867,3.0,0.05866,9.0,0.05881,3.0,0.05886,3.0
1753532048023,12:14:08.023,BANK/USDT:USDT,0.05867,3.0,0.05866,9.0,0.05881,3.0,0.05886,3.0
1753532052824,12:14:12.824,BANK/USDT:USDT,0.05867,3.0,0.05866,9.0,0.05881,3.0,0.05886,3.0
1753532053274,12:14:13.274,BANK/USDT:USDT,0.05867,3.0,0.05866,9.0,0.05881,3.0,0.05886,3.0
1753532055207,12:14:15.207,BANK/USDT:USDT,0.05867,3.0,0.05866,9.0,0.05881,3.0,0.05886,3.0
1753532055356,12:14:15.356,BANK/USDT:USDT,0.05867,3.0,0.05866,9.0,0.05881,3.0,0.05886,3.0
1753532057027,12:14:17.027,BANK/USDT:USDT,0.05867,3.0,0.05866,9.0,0.05881,3.0,0.05886,3.0
1753532057177,12:14:17.177,BANK/USDT:USDT,0.05867,3.0,0.05866,9.0,0.05881,3.0,0.05886,3.0
1753532057402,12:14:17.402,BANK/USDT:USDT,0.05867,3.0,0.05866,9.0,0.05881,3.0,0.05886,3.0
1753532057623,12:14:17.623,BANK/USDT:USDT,0.05867,3.0,0.05866,9.0,0.05881,3.0,0.05886,3.0
1753532063102,12:14:23.102,BANK/USDT:USDT,0.05867,3.0,0.05866,9.0,0.05881,3.0,0.05886,3.0
1753532063453,12:14:23.453,BANK/USDT:USDT,0.05867,3.0,0.05866,9.0,0.05881,3.0,0.05886,3.0
1753532067830,12:14:27.830,BANK/USDT:USDT,0.05867,3.0,0.05866,9.0,0.05881,3.0,0.05886,3.0
1753532072626,12:14:32.626,BANK/USDT:USDT,0.05867,3.0,0.05866,9.0,0.05881,3.0,0.05886,3.0
1753532076615,12:14:36.615,BANK/USDT:USDT,0.05867,3.0,0.05866,9.0,0.05881,3.0,0.05886,3.0
1753532076743,12:14:36.743,BANK/USDT:USDT,0.05867,3.0,0.05866,9.0,0.05881,3.0,0.05886,3.0
1753532077426,12:14:37.426,BANK/USDT:USDT,0.05867,3.0,0.05866,9.0,0.05881,3.0,0.05886,3.0
1753532082224,12:14:42.224,BANK/USDT:USDT,0.05867,3.0,0.05866,9.0,0.05881,3.0,0.05886,3.0
1753532087026,12:14:47.026,BANK/USDT:USDT,0.05867,3.0,0.05866,9.0,0.05881,3.0,0.05886,3.0
1753532091824,12:14:51.824,BANK/USDT:USDT,0.05867,3.0,0.05866,9.0,0.05881,3.0,0.05886,3.0
1753532096625,12:14:56.625,BANK/USDT:USDT,0.05867,3.0,0.05866,9.0,0.05881,3.0,0.05886,3.0
1753532101425,12:15:01.425,BANK/USDT:USDT,0.05867,3.0,0.05866,9.0,0.05881,3.0,0.05886,3.0
1753532103021,12:15:03.021,BANK/USDT:USDT,0.05867,3.0,0.05866,9.0,0.05881,3.0,0.05886,3.0
1753532103144,12:15:03.144,BANK/USDT:USDT,0.05867,3.0,0.05866,9.0,0.05881,3.0,0.05886,3.0
1753532103310,12:15:03.310,BANK/USDT:USDT,0.05867,3.0,0.05866,9.0,0.05881,3.0,0.05886,3.0
1753532103847,12:15:03.847,BANK/USDT:USDT,0.0587,12.0,0.05869,183.0,0.05887,3.0,0.05889,8.0
1753532103874,12:15:03.874,BANK/USDT:USDT,0.05871,3.0,0.0587,3.0,0.05887,3.0,0.05889,8.0
1753532104034,12:15:04.034,BANK/USDT:USDT,0.05871,3.0,0.0587,30.0,0.05887,3.0,0.05889,8.0
1753532104234,12:15:04.234,BANK/USDT:USDT,0.05871,3.0,0.0587,12.0,0.05887,3.0,0.05889,8.0
1753532104284,12:15:04.284,BANK/USDT:USDT,0.05871,3.0,0.0587,12.0,0.05887,3.0,0.05889,8.0
1753532104746,12:15:04.746,BANK/USDT:USDT,0.05871,3.0,0.0587,12.0,0.05887,3.0,0.05889,8.0
1753532105294,12:15:05.294,BANK/USDT:USDT,0.05871,3.0,0.0587,12.0,0.05887,3.0,0.05889,8.0
1753532105795,12:15:05.795,BANK/USDT:USDT,0.05871,3.0,0.0587,12.0,0.05887,3.0,0.05889,8.0
1753532105881,12:15:05.881,BANK/USDT:USDT,0.05871,3.0,0.0587,12.0,0.05887,3.0,0.05889,8.0
1753532106225,12:15:06.225,BANK/USDT:USDT,0.05871,3.0,0.0587,12.0,0.05887,3.0,0.05889,8.0
1753532106795,12:15:06.795,BANK/USDT:USDT,0.05871,3.0,0.0587,12.0,0.05887,3.0,0.05889,8.0
1753532107814,12:15:07.814,BANK/USDT:USDT,0.05872,3.0,0.05871,157.0,0.05887,3.0,0.05889,8.0
1753532108021,12:15:08.021,BANK/USDT:USDT,0.05872,3.0,0.05871,139.0,0.05887,3.0,0.05889,8.0
1753532108237,12:15:08.237,BANK/USDT:USDT,0.05872,3.0,0.05871,139.0,0.05887,3.0,0.05889,8.0
1753532108461,12:15:08.461,BANK/USDT:USDT,0.05872,3.0,0.05871,139.0,0.05887,3.0,0.05889,8.0
1753532108912,12:15:08.912,BANK/USDT:USDT,0.05872,3.0,0.05871,139.0,0.05887,3.0,0.05889,8.0
1753532109352,12:15:09.352,BANK/USDT:USDT,0.05872,3.0,0.05871,139.0,0.05887,3.0,0.05889,8.0
1753532110171,12:15:10.171,BANK/USDT:USDT,0.05872,3.0,0.05871,139.0,0.05887,3.0,0.05889,8.0
1753532111025,12:15:11.025,BANK/USDT:USDT,0.05872,3.0,0.05871,139.0,0.05887,3.0,0.05889,8.0
1753532115826,12:15:15.826,BANK/USDT:USDT,0.05872,3.0,0.05871,139.0,0.05887,3.0,0.05889,8.0
1753532120625,12:15:20.625,BANK/USDT:USDT,0.05872,3.0,0.05871,139.0,0.05887,3.0,0.05889,8.0
1753532125425,12:15:25.425,BANK/USDT:USDT,0.05872,3.0,0.05871,139.0,0.05887,3.0,0.05889,8.0
1753532125490,12:15:25.490,BANK/USDT:USDT,0.05872,3.0,0.05871,139.0,0.05887,3.0,0.05889,8.0
1753532127620,12:15:27.620,BANK/USDT:USDT,0.05872,3.0,0.05871,139.0,0.05887,3.0,0.05889,8.0
1753532130252,12:15:30.252,BANK/USDT:USDT,0.05872,3.0,0.05871,139.0,0.05886,3.0,0.05887,6.0
1753532131308,12:15:31.308,BANK/USDT:USDT,0.05872,3.0,0.05871,139.0,0.05886,3.0,0.05887,6.0
1753532135025,12:15:35.025,BANK/USDT:USDT,0.05872,3.0,0.05871,139.0,0.05886,3.0,0.05887,6.0
1753532139826,12:15:39.826,BANK/USDT:USDT,0.05872,3.0,0.05871,139.0,0.05886,3.0,0.05887,6.0
1753532144627,12:15:44.627,BANK/USDT:USDT,0.05872,3.0,0.05871,139.0,0.05886,3.0,0.05887,6.0
1753532149180,12:15:49.180,BANK/USDT:USDT,0.05872,3.0,0.05871,139.0,0.05886,3.0,0.05887,6.0
1753532149427,12:15:49.427,BANK/USDT:USDT,0.05872,3.0,0.05871,139.0,0.05886,3.0,0.05887,6.0
1753532154227,12:15:54.227,BANK/USDT:USDT,0.05872,3.0,0.05871,139.0,0.05886,3.0,0.05887,6.0
1753532158563,12:15:58.563,BANK/USDT:USDT,0.05872,3.0,0.05871,139.0,0.05886,3.0,0.05887,6.0
1753532158646,12:15:58.646,BANK/USDT:USDT,0.05872,3.0,0.05871,139.0,0.05886,3.0,0.05887,6.0
1753532159027,12:15:59.027,BANK/USDT:USDT,0.05872,3.0,0.05871,139.0,0.05886,3.0,0.05887,6.0
1753532163826,12:16:03.826,BANK/USDT:USDT,0.05872,3.0,0.05871,139.0,0.05886,3.0,0.05887,6.0
1753532164251,12:16:04.251,BANK/USDT:USDT,0.05872,3.0,0.05871,139.0,0.05886,3.0,0.05887,6.0
1753532168626,12:16:08.626,BANK/USDT:USDT,0.05872,3.0,0.05871,139.0,0.05886,3.0,0.05887,6.0
1753532170326,12:16:10.326,BANK/USDT:USDT,0.05872,3.0,0.05871,139.0,0.05886,3.0,0.05887,6.0
1753532173427,12:16:13.427,BANK/USDT:USDT,0.05872,3.0,0.05871,139.0,0.05886,3.0,0.05887,6.0
1753532178226,12:16:18.226,BANK/USDT:USDT,0.05872,3.0,0.05871,139.0,0.05886,3.0,0.05887,6.0
1753532183027,12:16:23.027,BANK/USDT:USDT,0.05872,3.0,0.05871,139.0,0.05886,3.0,0.05887,6.0
1753532183337,12:16:23.337,BANK/USDT:USDT,0.05872,3.0,0.05871,139.0,0.05886,3.0,0.05887,6.0
1753532187827,12:16:27.827,BANK/USDT:USDT,0.05872,3.0,0.05871,139.0,0.05886,3.0,0.05887,6.0
1753532190253,12:16:30.253,BANK/USDT:USDT,0.05872,3.0,0.05871,139.0,0.05886,3.0,0.05887,6.0
1753532191210,12:16:31.210,BANK/USDT:USDT,0.05872,3.0,0.05871,139.0,0.05886,3.0,0.05887,6.0
1753532196349,12:16:36.349,BANK/USDT:USDT,0.05872,3.0,0.05871,139.0,0.05886,3.0,0.05887,6.0
1753532197163,12:16:37.163,BANK/USDT:USDT,0.05872,3.0,0.05871,139.0,0.05886,3.0,0.05887,6.0
1753532197170,12:16:37.170,BANK/USDT:USDT,0.05872,3.0,0.05871,139.0,0.05886,3.0,0.05887,6.0
1753532197843,12:16:37.843,BANK/USDT:USDT,0.05872,3.0,0.05871,139.0,0.05886,3.0,0.05887,6.0
1753532198743,12:16:38.743,BANK/USDT:USDT,0.05872,3.0,0.05871,139.0,0.05886,3.0,0.05887,6.0
1753532199352,12:16:39.352,BANK/USDT:USDT,0.05872,3.0,0.05871,139.0,0.05886,3.0,0.05887,6.0
1753532199394,12:16:39.394,BANK/USDT:USDT,0.05872,3.0,0.05871,139.0,0.05886,3.0,0.05887,6.0
1753532200913,12:16:40.913,BANK/USDT:USDT,0.05872,3.0,0.05871,139.0,0.05886,3.0,0.05887,6.0
1753532202252,12:16:42.252,BANK/USDT:USDT,0.05872,3.0,0.05871,139.0,0.05886,3.0,0.05887,6.0
1753532209358,12:16:49.358,BANK/USDT:USDT,0.05872,3.0,0.05871,139.0,0.05886,3.0,0.05887,6.0
1753532209861,12:16:49.861,BANK/USDT:USDT,0.05872,3.0,0.05871,139.0,0.05886,3.0,0.05887,6.0
1753532209867,12:16:49.867,BANK/USDT:USDT,0.05872,3.0,0.05871,139.0,0.05886,3.0,0.05887,6.0
1753532214252,12:16:54.252,BANK/USDT:USDT,0.05872,3.0,0.05871,139.0,0.05886,3.0,0.05887,6.0
1753532214344,12:16:54.344,BANK/USDT:USDT,0.05872,3.0,0.05871,139.0,0.05885,3.0,0.05886,6.0
1753532214365,12:16:54.365,BANK/USDT:USDT,0.05872,3.0,0.05871,139.0,0.05885,3.0,0.05886,6.0
1753532215050,12:16:55.050,BANK/USDT:USDT,0.05872,3.0,0.05871,139.0,0.05885,3.0,0.05886,6.0
1753532215082,12:16:55.082,BANK/USDT:USDT,0.05872,3.0,0.05871,139.0,0.05885,3.0,0.05886,6.0
1753532215360,12:16:55.360,BANK/USDT:USDT,0.05872,3.0,0.05871,139.0,0.05885,3.0,0.05886,6.0
1753532218391,12:16:58.391,BANK/USDT:USDT,0.05872,3.0,0.05871,139.0,0.05885,3.0,0.05886,6.0
1753532221892,12:17:01.892,BANK/USDT:USDT,0.05872,3.0,0.05871,139.0,0.05885,3.0,0.05886,6.0
1753532222369,12:17:02.369,BANK/USDT:USDT,0.05872,3.0,0.05871,139.0,0.05885,3.0,0.05886,6.0
1753532223191,12:17:03.191,BANK/USDT:USDT,0.05872,3.0,0.05871,139.0,0.05885,3.0,0.05886,6.0
1753532227991,12:17:07.991,BANK/USDT:USDT,0.05872,3.0,0.05871,139.0,0.05885,3.0,0.05886,6.0
1753532232791,12:17:12.791,BANK/USDT:USDT,0.05872,3.0,0.05871,139.0,0.05885,3.0,0.05886,6.0
1753532235391,12:17:15.391,BANK/USDT:USDT,0.05872,3.0,0.05871,139.0,0.05885,3.0,0.05886,6.0
1753532237591,12:17:17.591,BANK/USDT:USDT,0.05872,3.0,0.05871,139.0,0.05885,3.0,0.05886,6.0
1753532240737,12:17:20.737,BANK/USDT:USDT,0.05872,3.0,0.05871,139.0,0.05885,3.0,0.05886,6.0
1753532240827,12:17:20.827,BANK/USDT:USDT,0.05872,3.0,0.05871,139.0,0.05885,3.0,0.05886,6.0
1753532241117,12:17:21.117,BANK/USDT:USDT,0.05872,3.0,0.05871,139.0,0.05885,3.0,0.05886,6.0
1753532241574,12:17:21.574,BANK/USDT:USDT,0.05872,3.0,0.05871,139.0,0.05885,3.0,0.05886,6.0
1753532242392,12:17:22.392,BANK/USDT:USDT,0.05872,3.0,0.05871,139.0,0.05885,3.0,0.05886,6.0
1753532247191,12:17:27.191,BANK/USDT:USDT,0.05872,3.0,0.05871,139.0,0.05885,3.0,0.05886,6.0
1753532248403,12:17:28.403,BANK/USDT:USDT,0.05872,3.0,0.05871,139.0,0.05885,3.0,0.05886,6.0
1753532251654,12:17:31.654,BANK/USDT:USDT,0.05872,3.0,0.05871,139.0,0.05885,3.0,0.05886,3.0
1753532251687,12:17:31.687,BANK/USDT:USDT,0.05873,3.0,0.05872,39.0,0.05887,3.0,0.05888,3.0
1753532251886,12:17:31.886,BANK/USDT:USDT,0.05873,3.0,0.05872,39.0,0.05886,3.0,0.05887,6.0
1753532252051,12:17:32.051,BANK/USDT:USDT,0.05873,3.0,0.05872,39.0,0.05886,3.0,0.05887,6.0
1753532252472,12:17:32.472,BANK/USDT:USDT,0.05873,3.0,0.05872,39.0,0.05886,3.0,0.05887,6.0
1753532256126,12:17:36.126,BANK/USDT:USDT,0.05874,3.0,0.05873,3.0,0.05886,3.0,0.05887,6.0
1753532256274,12:17:36.274,BANK/USDT:USDT,0.05872,3.0,0.05871,139.0,0.05886,3.0,0.05887,6.0
1753532256427,12:17:36.427,BANK/USDT:USDT,0.05874,3.0,0.05873,36.0,0.05886,3.0,0.05887,6.0
1753532256503,12:17:36.503,BANK/USDT:USDT,0.05874,3.0,0.05873,36.0,0.05886,3.0,0.05887,6.0
1753532256792,12:17:36.792,BANK/USDT:USDT,0.05874,3.0,0.05873,36.0,0.05886,3.0,0.05887,6.0
1753532257323,12:17:37.323,BANK/USDT:USDT,0.05874,3.0,0.05873,36.0,0.05886,3.0,0.05887,6.0
1753532257932,12:17:37.932,BANK/USDT:USDT,0.05874,3.0,0.05873,36.0,0.05886,3.0,0.05887,6.0
1753532259283,12:17:39.283,BANK/USDT:USDT,0.05874,3.0,0.05873,36.0,0.05886,3.0,0.05887,6.0
1753532259751,12:17:39.751,BANK/USDT:USDT,0.05874,3.0,0.05873,36.0,0.05886,3.0,0.05887,6.0
1753532259957,12:17:39.957,BANK/USDT:USDT,0.05875,3.0,0.05874,148.0,0.05886,3.0,0.05887,6.0
1753532259978,12:17:39.978,BANK/USDT:USDT,0.05876,3.0,0.05875,12.0,0.05886,3.0,0.05887,6.0
1753532260169,12:17:40.169,BANK/USDT:USDT,0.05876,3.0,0.05875,12.0,0.05886,3.0,0.05887,6.0
1753532260596,12:17:40.596,BANK/USDT:USDT,0.05876,3.0,0.05875,12.0,0.05886,3.0,0.05887,6.0
1753532260862,12:17:40.862,BANK/USDT:USDT,0.05876,12.0,0.05875,12.0,0.05886,3.0,0.05887,6.0
1753532260866,12:17:40.866,BANK/USDT:USDT,0.05877,4.0,0.05876,12.0,0.05886,3.0,0.05887,6.0
1753532261051,12:17:41.051,BANK/USDT:USDT,0.05875,3.0,0.05874,139.0,0.05886,3.0,0.05887,6.0
1753532261444,12:17:41.444,BANK/USDT:USDT,0.05876,4.0,0.05875,3.0,0.05886,3.0,0.05887,6.0
1753532261592,12:17:41.592,BANK/USDT:USDT,0.05875,3.0,0.05874,139.0,0.05886,3.0,0.05887,6.0
1753532261686,12:17:41.686,BANK/USDT:USDT,0.05875,3.0,0.05874,139.0,0.05885,4.0,0.05886,6.0
1753532261857,12:17:41.857,BANK/USDT:USDT,0.05875,3.0,0.05874,139.0,0.05885,4.0,0.05886,6.0
1753532262274,12:17:42.274,BANK/USDT:USDT,0.05875,3.0,0.05874,139.0,0.05885,4.0,0.05886,6.0
1753532266392,12:17:46.392,BANK/USDT:USDT,0.05875,3.0,0.05874,139.0,0.05885,4.0,0.05886,6.0
1753532270212,12:17:50.212,BANK/USDT:USDT,0.05875,3.0,0.05874,139.0,0.05885,4.0,0.05886,6.0
1753532270330,12:17:50.330,BANK/USDT:USDT,0.05875,3.0,0.05874,139.0,0.05885,4.0,0.05886,6.0
1753532271192,12:17:51.192,BANK/USDT:USDT,0.05875,3.0,0.05874,139.0,0.05885,4.0,0.05886,6.0
1753532271575,12:17:51.575,BANK/USDT:USDT,0.05875,3.0,0.05874,139.0,0.05885,4.0,0.05886,6.0
1753532271962,12:17:51.962,BANK/USDT:USDT,0.05875,3.0,0.05874,3.0,0.05885,4.0,0.05886,6.0
1753532272009,12:17:52.009,BANK/USDT:USDT,0.05871,3.0,0.0587,21.0,0.05884,3.0,0.05885,7.0
1753532272159,12:17:52.159,BANK/USDT:USDT,0.05872,3.0,0.05871,30.0,0.05885,4.0,0.05886,6.0
1753532272258,12:17:52.258,BANK/USDT:USDT,0.05872,3.0,0.05871,30.0,0.05885,4.0,0.05886,6.0
1753532272454,12:17:52.454,BANK/USDT:USDT,0.05873,3.0,0.05872,12.0,0.05885,4.0,0.05886,6.0
1753532272503,12:17:52.503,BANK/USDT:USDT,0.05873,3.0,0.05872,12.0,0.05885,4.0,0.05886,6.0
1753532272903,12:17:52.903,BANK/USDT:USDT,0.05873,3.0,0.05872,12.0,0.05885,4.0,0.05886,6.0
1753532273338,12:17:53.338,BANK/USDT:USDT,0.05873,3.0,0.05872,12.0,0.05885,4.0,0.05886,6.0
1753532273978,12:17:53.978,BANK/USDT:USDT,0.05874,3.0,0.05873,139.0,0.05885,4.0,0.05886,6.0
1753532274162,12:17:54.162,BANK/USDT:USDT,0.05874,3.0,0.05873,139.0,0.05885,4.0,0.05886,6.0
1753532274186,12:17:54.186,BANK/USDT:USDT,0.05875,3.0,0.05874,12.0,0.05885,4.0,0.05886,6.0
1753532274426,12:17:54.426,BANK/USDT:USDT,0.05875,3.0,0.05874,12.0,0.05885,4.0,0.05886,6.0
1753532274583,12:17:54.583,BANK/USDT:USDT,0.05875,3.0,0.05874,12.0,0.05885,4.0,0.05886,6.0
1753532275046,12:17:55.046,BANK/USDT:USDT,0.05876,3.0,0.05875,12.0,0.05886,3.0,0.05887,6.0
1753532275148,12:17:55.148,BANK/USDT:USDT,0.05877,3.0,0.05876,3.0,0.05886,3.0,0.05887,6.0
1753532275263,12:17:55.263,BANK/USDT:USDT,0.05875,3.0,0.05874,3.0,0.05886,3.0,0.05887,6.0
1753532275319,12:17:55.319,BANK/USDT:USDT,0.05875,3.0,0.05874,57.0,0.05885,3.0,0.05886,6.0
1753532275401,12:17:55.401,BANK/USDT:USDT,0.05875,3.0,0.05874,57.0,0.05885,3.0,0.05886,6.0
1753532275992,12:17:55.992,BANK/USDT:USDT,0.05875,3.0,0.05874,57.0,0.05885,3.0,0.05886,6.0
1753532276222,12:17:56.222,BANK/USDT:USDT,0.05875,3.0,0.05874,57.0,0.05885,3.0,0.05886,6.0
1753532276541,12:17:56.541,BANK/USDT:USDT,0.05875,3.0,0.05874,57.0,0.05885,3.0,0.05886,6.0
1753532276642,12:17:56.642,BANK/USDT:USDT,0.05875,3.0,0.05874,57.0,0.05885,3.0,0.05886,6.0
1753532276726,12:17:56.726,BANK/USDT:USDT,0.05876,3.0,0.05875,12.0,0.05886,3.0,0.05887,6.0
1753532276814,12:17:56.814,BANK/USDT:USDT,0.05876,3.0,0.05875,12.0,0.05886,3.0,0.05887,6.0
1753532277114,12:17:57.114,BANK/USDT:USDT,0.05876,3.0,0.05875,12.0,0.05886,3.0,0.05887,6.0
1753532277547,12:17:57.547,BANK/USDT:USDT,0.05876,3.0,0.05875,12.0,0.05886,3.0,0.05887,6.0
1753532277989,12:17:57.989,BANK/USDT:USDT,0.05876,3.0,0.05875,12.0,0.05886,3.0,0.05887,6.0
1753532278416,12:17:58.416,BANK/USDT:USDT,0.05877,3.0,0.05876,3.0,0.05886,3.0,0.05887,6.0
1753532278562,12:17:58.562,BANK/USDT:USDT,0.05875,3.0,0.05874,3.0,0.05886,3.0,0.05887,6.0
1753532278566,12:17:58.566,BANK/USDT:USDT,0.05876,18.0,0.05874,3.0,0.05886,3.0,0.05887,6.0
1753532278730,12:17:58.730,BANK/USDT:USDT,0.05877,3.0,0.05873,3.0,0.05886,3.0,0.05887,6.0
1753532278787,12:17:58.787,BANK/USDT:USDT,0.05877,3.0,0.05873,3.0,0.05886,3.0,0.05887,6.0
1753532278906,12:17:58.906,BANK/USDT:USDT,0.05873,36.0,0.0587,3.0,0.05885,3.0,0.05886,6.0
1753532279046,12:17:59.046,BANK/USDT:USDT,0.05875,3.0,0.05874,12.0,0.05885,3.0,0.05886,6.0
1753532279211,12:17:59.211,BANK/USDT:USDT,0.05875,3.0,0.05874,12.0,0.05885,3.0,0.05886,6.0
1753532279631,12:17:59.631,BANK/USDT:USDT,0.05875,3.0,0.05874,12.0,0.05885,3.0,0.05886,6.0
1753532280011,12:18:00.011,BANK/USDT:USDT,0.05876,3.0,0.05875,139.0,0.05885,3.0,0.05886,6.0
1753532280112,12:18:00.112,BANK/USDT:USDT,0.05876,3.0,0.05875,139.0,0.05885,3.0,0.05886,6.0
1753532280496,12:18:00.496,BANK/USDT:USDT,0.05876,3.0,0.05875,139.0,0.05885,3.0,0.05886,6.0
1753532280792,12:18:00.792,BANK/USDT:USDT,0.05876,3.0,0.05875,139.0,0.05885,3.0,0.05886,6.0
1753532280920,12:18:00.920,BANK/USDT:USDT,0.05876,3.0,0.05875,139.0,0.05885,3.0,0.05886,6.0
1753532281116,12:18:01.116,BANK/USDT:USDT,0.05876,3.0,0.05875,139.0,0.05885,3.0,0.05886,6.0
1753532281357,12:18:01.357,BANK/USDT:USDT,0.05876,3.0,0.05875,139.0,0.05885,3.0,0.05886,6.0
1753532283074,12:18:03.074,BANK/USDT:USDT,0.05876,3.0,0.05875,139.0,0.05885,3.0,0.05886,6.0
1753532283414,12:18:03.414,BANK/USDT:USDT,0.05876,3.0,0.05875,139.0,0.05885,3.0,0.05886,6.0
1753532284407,12:18:04.407,BANK/USDT:USDT,0.05877,4.0,0.05876,3.0,0.05886,3.0,0.05887,6.0
1753532284527,12:18:04.527,BANK/USDT:USDT,0.05876,3.0,0.05875,139.0,0.05886,3.0,0.05887,6.0
1753532284648,12:18:04.648,BANK/USDT:USDT,0.05876,3.0,0.05875,139.0,0.05886,3.0,0.05887,6.0
1753532285111,12:18:05.111,BANK/USDT:USDT,0.05876,3.0,0.05875,139.0,0.05886,3.0,0.05887,6.0
1753532285498,12:18:05.498,BANK/USDT:USDT,0.05876,3.0,0.05875,139.0,0.05886,3.0,0.05887,6.0
1753532285592,12:18:05.592,BANK/USDT:USDT,0.05876,3.0,0.05875,139.0,0.05886,3.0,0.05887,6.0
1753532285935,12:18:05.935,BANK/USDT:USDT,0.05876,3.0,0.05875,139.0,0.05886,3.0,0.05887,6.0
1753532287439,12:18:07.439,BANK/USDT:USDT,0.05876,3.0,0.05875,139.0,0.05886,3.0,0.05887,6.0
1753532289234,12:18:09.234,BANK/USDT:USDT,0.05876,3.0,0.05875,139.0,0.05886,3.0,0.05887,6.0
1753532289573,12:18:09.573,BANK/USDT:USDT,0.05876,3.0,0.05875,139.0,0.05886,3.0,0.05887,6.0
1753532290420,12:18:10.420,BANK/USDT:USDT,0.05876,3.0,0.05875,139.0,0.05886,3.0,0.05887,6.0
1753532295500,12:18:15.500,BANK/USDT:USDT,0.05876,3.0,0.05875,139.0,0.05886,3.0,0.05887,6.0
1753532295570,12:18:15.570,BANK/USDT:USDT,0.05876,3.0,0.05875,139.0,0.05886,3.0,0.05887,6.0
1753532296231,12:18:16.231,BANK/USDT:USDT,0.05876,3.0,0.05875,139.0,0.05886,3.0,0.05887,6.0
1753532296503,12:18:16.503,BANK/USDT:USDT,0.05876,3.0,0.05875,139.0,0.05886,3.0,0.05887,6.0
1753532297303,12:18:17.303,BANK/USDT:USDT,0.05876,3.0,0.05875,139.0,0.05886,3.0,0.05887,6.0
1753532300993,12:18:20.993,BANK/USDT:USDT,0.05876,3.0,0.05875,139.0,0.05886,3.0,0.05887,6.0
1753532305793,12:18:25.793,BANK/USDT:USDT,0.05876,3.0,0.05875,139.0,0.05886,3.0,0.05887,6.0
1753532310607,12:18:30.607,BANK/USDT:USDT,0.05876,3.0,0.05875,139.0,0.05886,3.0,0.05887,6.0
1753532311327,12:18:31.327,BANK/USDT:USDT,0.05876,3.0,0.05875,139.0,0.05886,3.0,0.05887,6.0
1753532311402,12:18:31.402,BANK/USDT:USDT,0.05876,3.0,0.05875,139.0,0.05886,3.0,0.05887,6.0
1753532313327,12:18:33.327,BANK/USDT:USDT,0.05876,3.0,0.05875,139.0,0.05887,3.0,0.05891,3.0
1753532313462,12:18:33.462,BANK/USDT:USDT,0.05877,4.0,0.05876,57.0,0.05886,4.0,0.05887,6.0
1753532313544,12:18:33.544,BANK/USDT:USDT,0.05877,4.0,0.05876,57.0,0.05886,4.0,0.05887,3.0
1753532313653,12:18:33.653,BANK/USDT:USDT,0.05877,13.0,0.05876,57.0,0.05886,4.0,0.05887,6.0
1753532313708,12:18:33.708,BANK/USDT:USDT,0.05878,4.0,0.05877,4.0,0.05886,4.0,0.05887,6.0
1753532313852,12:18:33.852,BANK/USDT:USDT,0.05878,4.0,0.05877,4.0,0.05886,4.0,0.05887,6.0
1753532314045,12:18:34.045,BANK/USDT:USDT,0.05878,4.0,0.05877,4.0,0.05886,4.0,0.05887,6.0
1753532314230,12:18:34.230,BANK/USDT:USDT,0.05877,4.0,0.05876,21.0,0.05886,4.0,0.05887,6.0
1753532314662,12:18:34.662,BANK/USDT:USDT,0.05877,4.0,0.05876,21.0,0.05886,4.0,0.05887,6.0
1753532315108,12:18:35.108,BANK/USDT:USDT,0.05877,4.0,0.05876,21.0,0.05886,4.0,0.05887,6.0
1753532315454,12:18:35.454,BANK/USDT:USDT,0.05877,4.0,0.05876,21.0,0.05886,4.0,0.05887,6.0
1753532316059,12:18:36.059,BANK/USDT:USDT,0.05878,4.0,0.05877,140.0,0.05886,4.0,0.05887,6.0
1753532316110,12:18:36.110,BANK/USDT:USDT,0.05878,4.0,0.05877,140.0,0.05886,4.0,0.05887,6.0
1753532316347,12:18:36.347,BANK/USDT:USDT,0.05878,4.0,0.05877,140.0,0.05886,4.0,0.05887,6.0
1753532318152,12:18:38.152,BANK/USDT:USDT,0.05878,4.0,0.05877,140.0,0.05886,4.0,0.05887,6.0
1753532318449,12:18:38.449,BANK/USDT:USDT,0.05878,4.0,0.05877,140.0,0.05886,4.0,0.05887,6.0
1753532319144,12:18:39.144,BANK/USDT:USDT,0.05878,4.0,0.05877,140.0,0.05886,4.0,0.05887,6.0
1753532319785,12:18:39.785,BANK/USDT:USDT,0.05878,4.0,0.05877,140.0,0.05886,4.0,0.05887,6.0
1753532319942,12:18:39.942,BANK/USDT:USDT,0.05878,4.0,0.05877,140.0,0.05886,4.0,0.05887,6.0
1753532320094,12:18:40.094,BANK/USDT:USDT,0.0587,3.0,0.05869,428.0,0.05886,4.0,0.05887,6.0
1753532320208,12:18:40.208,BANK/USDT:USDT,0.0587,3.0,0.05869,428.0,0.05885,3.0,0.05886,4.0
1753532320287,12:18:40.287,BANK/USDT:USDT,0.0587,3.0,0.05869,428.0,0.05885,3.0,0.05886,4.0
1753532320380,12:18:40.380,BANK/USDT:USDT,0.0587,3.0,0.05869,428.0,0.05884,4.0,0.05885,3.0
1753532320512,12:18:40.512,BANK/USDT:USDT,0.0587,3.0,0.05869,428.0,0.05884,4.0,0.05885,3.0
1753532320956,12:18:40.956,BANK/USDT:USDT,0.05871,3.0,0.0587,8.0,0.05884,4.0,0.05885,3.0
1753532321359,12:18:41.359,BANK/USDT:USDT,0.05871,3.0,0.0587,8.0,0.05884,4.0,0.05885,3.0
1753532321666,12:18:41.666,BANK/USDT:USDT,0.05871,3.0,0.0587,8.0,0.05884,4.0,0.05885,3.0
1753532321799,12:18:41.799,BANK/USDT:USDT,0.05871,3.0,0.0587,8.0,0.05884,4.0,0.05885,3.0
1753532321966,12:18:41.966,BANK/USDT:USDT,0.05871,3.0,0.0587,8.0,0.05884,4.0,0.05885,3.0
1753532322085,12:18:42.085,BANK/USDT:USDT,0.05872,3.0,0.05871,175.0,0.05884,4.0,0.05885,3.0
1753532322240,12:18:42.240,BANK/USDT:USDT,0.05872,3.0,0.05871,175.0,0.05884,4.0,0.05886,3.0
1753532322274,12:18:42.274,BANK/USDT:USDT,0.05872,3.0,0.05871,175.0,0.05884,4.0,0.05886,3.0
1753532322671,12:18:42.671,BANK/USDT:USDT,0.05872,3.0,0.05871,175.0,0.05884,4.0,0.05886,3.0
1753532324144,12:18:44.144,BANK/USDT:USDT,0.05872,3.0,0.05871,175.0,0.05884,4.0,0.05891,3.0
1753532324326,12:18:44.326,BANK/USDT:USDT,0.05872,3.0,0.05871,175.0,0.05884,4.0,0.05891,3.0
1753532324910,12:18:44.910,BANK/USDT:USDT,0.05872,3.0,0.05871,175.0,0.05884,4.0,0.05891,3.0
1753532324995,12:18:44.995,BANK/USDT:USDT,0.05872,3.0,0.05871,175.0,0.05884,4.0,0.05891,3.0
1753532325559,12:18:45.559,BANK/USDT:USDT,0.05872,3.0,0.05871,175.0,0.05884,4.0,0.05891,3.0
1753532326455,12:18:46.455,BANK/USDT:USDT,0.05872,3.0,0.05871,175.0,0.05884,4.0,0.05891,3.0
1753532327168,12:18:47.168,BANK/USDT:USDT,0.05872,3.0,0.05871,175.0,0.05884,4.0,0.05891,3.0
1753532327612,12:18:47.612,BANK/USDT:USDT,0.05872,3.0,0.05871,175.0,0.05884,4.0,0.05891,3.0
1753532328259,12:18:48.259,BANK/USDT:USDT,0.05872,3.0,0.05871,175.0,0.05884,4.0,0.05891,3.0
1753532328271,12:18:48.271,BANK/USDT:USDT,0.05872,3.0,0.05871,175.0,0.05884,4.0,0.05891,3.0
1753532328702,12:18:48.702,BANK/USDT:USDT,0.05872,3.0,0.05871,175.0,0.05884,4.0,0.05891,3.0
1753532329793,12:18:49.793,BANK/USDT:USDT,0.05872,3.0,0.05871,175.0,0.05884,4.0,0.05891,3.0
1753532333471,12:18:53.471,BANK/USDT:USDT,0.05872,3.0,0.05871,175.0,0.05884,4.0,0.05891,3.0
1753532334593,12:18:54.593,BANK/USDT:USDT,0.05872,3.0,0.05871,175.0,0.05884,4.0,0.05891,3.0
1753532335533,12:18:55.533,BANK/USDT:USDT,0.05874,4.0,0.05873,200.0,0.05884,4.0,0.05891,3.0
1753532335636,12:18:55.636,BANK/USDT:USDT,0.05874,4.0,0.05873,200.0,0.05884,4.0,0.05891,3.0
1753532335713,12:18:55.713,BANK/USDT:USDT,0.05874,4.0,0.05873,200.0,0.05884,4.0,0.05891,3.0
1753532336100,12:18:56.100,BANK/USDT:USDT,0.05874,4.0,0.05873,200.0,0.05884,4.0,0.05891,3.0
1753532336563,12:18:56.563,BANK/USDT:USDT,0.05875,4.0,0.05874,49.0,0.05884,4.0,0.05891,3.0
1753532336568,12:18:56.568,BANK/USDT:USDT,0.05875,4.0,0.05874,49.0,0.05884,4.0,0.05891,3.0
1753532337000,12:18:57.000,BANK/USDT:USDT,0.05875,4.0,0.05874,49.0,0.05884,4.0,0.05891,3.0
1753532337074,12:18:57.074,BANK/USDT:USDT,0.05875,4.0,0.05874,49.0,0.05884,4.0,0.05891,3.0
1753532337416,12:18:57.416,BANK/USDT:USDT,0.05875,4.0,0.05874,49.0,0.05884,4.0,0.05891,3.0
1753532337832,12:18:57.832,BANK/USDT:USDT,0.05875,4.0,0.05874,49.0,0.05884,4.0,0.05891,3.0
1753532337880,12:18:57.880,BANK/USDT:USDT,0.05875,4.0,0.05874,49.0,0.0589,4.0,0.05891,3.0
1753532338127,12:18:58.127,BANK/USDT:USDT,0.05876,4.0,0.05875,176.0,0.05888,4.0,0.05889,3.0
1753532338237,12:18:58.237,BANK/USDT:USDT,0.05876,4.0,0.05875,176.0,0.05886,7.0,0.05888,4.0
1753532338286,12:18:58.286,BANK/USDT:USDT,0.05876,4.0,0.05875,176.0,0.05885,4.0,0.05886,7.0
1753532338659,12:18:58.659,BANK/USDT:USDT,0.05876,4.0,0.05875,176.0,0.05885,4.0,0.05886,7.0
1753532339251,12:18:59.251,BANK/USDT:USDT,0.05876,4.0,0.05875,176.0,0.05885,4.0,0.05886,7.0
1753532339394,12:18:59.394,BANK/USDT:USDT,0.05876,4.0,0.05875,176.0,0.05885,4.0,0.05886,7.0
1753532339484,12:18:59.484,BANK/USDT:USDT,0.05876,4.0,0.05875,176.0,0.05885,4.0,0.05886,7.0
1753532340032,12:19:00.032,BANK/USDT:USDT,0.05876,4.0,0.05875,176.0,0.05885,4.0,0.05886,7.0
1753532340088,12:19:00.088,BANK/USDT:USDT,0.05876,4.0,0.05875,176.0,0.05885,4.0,0.05886,7.0
1753532340310,12:19:00.310,BANK/USDT:USDT,0.05876,4.0,0.05875,176.0,0.05885,4.0,0.05886,7.0
1753532340762,12:19:00.762,BANK/USDT:USDT,0.05876,4.0,0.05875,176.0,0.05885,4.0,0.05886,7.0
1753532340930,12:19:00.930,BANK/USDT:USDT,0.05877,3.0,0.05876,40.0,0.05885,4.0,0.05886,7.0
1753532341150,12:19:01.150,BANK/USDT:USDT,0.05878,182.0,0.05877,12.0,0.05885,4.0,0.05886,7.0
1753532341261,12:19:01.261,BANK/USDT:USDT,0.05879,3.0,0.05878,182.0,0.05888,3.0,0.05889,3.0
1753532341286,12:19:01.286,BANK/USDT:USDT,0.05879,3.0,0.05878,182.0,0.05886,3.0,0.05887,3.0
1753532341402,12:19:01.402,BANK/USDT:USDT,0.05879,3.0,0.05878,182.0,0.05886,3.0,0.05887,3.0
1753532341721,12:19:01.721,BANK/USDT:USDT,0.05879,3.0,0.05878,182.0,0.05886,3.0,0.05889,3.0
1753532342122,12:19:02.122,BANK/USDT:USDT,0.05879,3.0,0.05878,182.0,0.05886,3.0,0.05889,3.0
1753532342558,12:19:02.558,BANK/USDT:USDT,0.05879,3.0,0.05878,182.0,0.05886,3.0,0.05889,3.0
1753532343558,12:19:03.558,BANK/USDT:USDT,0.05879,3.0,0.05878,182.0,0.05886,3.0,0.05889,3.0
1753532344156,12:19:04.156,BANK/USDT:USDT,0.0588,3.0,0.05879,175.0,0.05889,3.0,0.0589,3.0
1753532344206,12:19:04.206,BANK/USDT:USDT,0.0588,3.0,0.05879,175.0,0.05887,6.0,0.05888,3.0
1753532344603,12:19:04.603,BANK/USDT:USDT,0.0588,3.0,0.05879,175.0,0.05887,6.0,0.05888,3.0
1753532345694,12:19:05.694,BANK/USDT:USDT,0.0588,3.0,0.05879,175.0,0.05887,6.0,0.0589,3.0
1753532345826,12:19:05.826,BANK/USDT:USDT,0.0588,3.0,0.05879,175.0,0.05887,6.0,0.0589,3.0
1753532345964,12:19:05.964,BANK/USDT:USDT,0.0588,3.0,0.05879,175.0,0.05887,6.0,0.0589,3.0
1753532346254,12:19:06.254,BANK/USDT:USDT,0.0588,3.0,0.05879,175.0,0.05887,6.0,0.0589,3.0
1753532346676,12:19:06.676,BANK/USDT:USDT,0.0588,3.0,0.05879,175.0,0.05887,6.0,0.0589,3.0
1753532347127,12:19:07.127,BANK/USDT:USDT,0.0588,3.0,0.05879,175.0,0.05888,3.0,0.05889,3.0
1753532347526,12:19:07.526,BANK/USDT:USDT,0.0588,3.0,0.05879,175.0,0.05887,3.0,0.05888,6.0
1753532347831,12:19:07.831,BANK/USDT:USDT,0.0588,3.0,0.05879,175.0,0.05887,3.0,0.05888,6.0
1753532348739,12:19:08.739,BANK/USDT:USDT,0.0588,3.0,0.05879,175.0,0.05887,3.0,0.05888,6.0
1753532348994,12:19:08.994,BANK/USDT:USDT,0.0588,3.0,0.05879,175.0,0.05887,3.0,0.05888,6.0
1753532351060,12:19:11.060,BANK/USDT:USDT,0.0588,3.0,0.05879,175.0,0.05889,3.0,0.0589,3.0
1753532351141,12:19:11.141,BANK/USDT:USDT,0.0588,3.0,0.05879,175.0,0.05889,3.0,0.0589,3.0
1753532351258,12:19:11.258,BANK/USDT:USDT,0.0588,3.0,0.05879,175.0,0.05889,3.0,0.0589,3.0
1753532351350,12:19:11.350,BANK/USDT:USDT,0.0588,3.0,0.05879,175.0,0.05889,3.0,0.0589,3.0
1753532351392,12:19:11.392,BANK/USDT:USDT,0.0588,3.0,0.05879,175.0,0.05889,3.0,0.0589,3.0
1753532351560,12:19:11.560,BANK/USDT:USDT,0.0588,3.0,0.05879,175.0,0.05888,6.0,0.0589,3.0
1753532352020,12:19:12.020,BANK/USDT:USDT,0.0588,3.0,0.05879,175.0,0.05888,3.0,0.05889,3.0
1753532352114,12:19:12.114,BANK/USDT:USDT,0.0588,3.0,0.05879,175.0,0.05888,3.0,0.05889,3.0
1753532352184,12:19:12.184,BANK/USDT:USDT,0.0588,3.0,0.05879,175.0,0.05888,3.0,0.05891,3.0
1753532352379,12:19:12.379,BANK/USDT:USDT,0.0588,3.0,0.05879,175.0,0.05888,3.0,0.05891,3.0
1753532352475,12:19:12.475,BANK/USDT:USDT,0.0588,3.0,0.05879,175.0,0.05888,3.0,0.05891,3.0
1753532352798,12:19:12.798,BANK/USDT:USDT,0.0588,3.0,0.05879,175.0,0.05888,3.0,0.05891,3.0
1753532353212,12:19:13.212,BANK/USDT:USDT,0.0588,3.0,0.05879,175.0,0.05888,3.0,0.05891,3.0
1753532353703,12:19:13.703,BANK/USDT:USDT,0.0588,3.0,0.05879,175.0,0.05888,3.0,0.05891,3.0
1753532353794,12:19:13.794,BANK/USDT:USDT,0.0588,3.0,0.05879,175.0,0.05888,3.0,0.05891,3.0
1753532354264,12:19:14.264,BANK/USDT:USDT,0.0588,3.0,0.05879,175.0,0.05888,3.0,0.05891,3.0
1753532354541,12:19:14.541,BANK/USDT:USDT,0.0588,3.0,0.05879,175.0,0.05888,3.0,0.05891,3.0
1753532354573,12:19:14.573,BANK/USDT:USDT,0.0588,3.0,0.05879,175.0,0.05888,3.0,0.05891,3.0
1753532355444,12:19:15.444,BANK/USDT:USDT,0.0588,3.0,0.05879,175.0,0.0589,3.0,0.05891,3.0
1753532355660,12:19:15.660,BANK/USDT:USDT,0.0588,3.0,0.05879,175.0,0.0589,6.0,0.05892,3.0
1753532355670,12:19:15.670,BANK/USDT:USDT,0.05881,3.0,0.0588,12.0,0.05889,3.0,0.0589,6.0
1753532355833,12:19:15.833,BANK/USDT:USDT,0.0588,3.0,0.05879,175.0,0.05889,6.0,0.0589,3.0
1753532356191,12:19:16.191,BANK/USDT:USDT,0.0588,3.0,0.05879,175.0,0.05889,6.0,0.0589,3.0
1753532356404,12:19:16.404,BANK/USDT:USDT,0.0588,3.0,0.05879,175.0,0.05889,6.0,0.05892,3.0
1753532356648,12:19:16.648,BANK/USDT:USDT,0.0588,3.0,0.05879,175.0,0.05889,6.0,0.05892,3.0
1753532357068,12:19:17.068,BANK/USDT:USDT,0.0588,3.0,0.05879,175.0,0.05889,6.0,0.05892,3.0
1753532357487,12:19:17.487,BANK/USDT:USDT,0.0588,3.0,0.05879,175.0,0.05889,6.0,0.05892,3.0
1753532358550,12:19:18.550,BANK/USDT:USDT,0.0588,3.0,0.05879,175.0,0.05889,6.0,0.05897,3.0
1753532358595,12:19:18.595,BANK/USDT:USDT,0.0588,3.0,0.05879,175.0,0.05889,6.0,0.05897,3.0
1753532359518,12:19:19.518,BANK/USDT:USDT,0.0588,3.0,0.05879,175.0,0.05889,6.0,0.05897,3.0
1753532360220,12:19:20.220,BANK/USDT:USDT,0.0588,3.0,0.05879,175.0,0.05889,6.0,0.05897,3.0
1753532360348,12:19:20.348,BANK/USDT:USDT,0.0588,3.0,0.05879,175.0,0.05889,6.0,0.05897,3.0
1753532360792,12:19:20.792,BANK/USDT:USDT,0.0588,3.0,0.05879,175.0,0.05889,6.0,0.05897,3.0
1753532363395,12:19:23.395,BANK/USDT:USDT,0.0588,3.0,0.05879,175.0,0.05889,6.0,0.05897,3.0
