timestamp,time,symbol,bid1_price,bid1_volume,bid2_price,bid2_volume,ask1_price,ask1_volume,ask2_price,ask2_volume
1753589784971,04:16:24.971,AAVE/USDT:USDT,295.21,40.7,295.15,40.7,295.95,50.7,295.98,50.6
1753589785480,04:16:25.480,AAVE/USDT:USDT,295.21,40.7,295.15,40.7,295.95,50.7,295.98,50.6
1753589785963,04:16:25.963,AAVE/USDT:USDT,295.21,40.7,295.15,40.7,295.95,50.7,295.98,50.6
1753589791471,04:16:31.471,AAVE/USDT:USDT,295.21,40.7,295.15,40.7,295.95,50.7,295.98,50.6
1753589792162,04:16:32.162,AAVE/USDT:USDT,295.21,40.7,295.15,40.7,295.95,50.7,295.98,50.6
1753589794950,04:16:34.950,AAVE/USDT:USDT,295.21,40.7,295.15,40.7,295.95,50.7,295.98,50.6
1753589796316,04:16:36.316,AAVE/USDT:USDT,295.21,40.7,295.15,40.7,295.95,50.7,295.98,50.6
1753589797506,04:16:37.506,AAVE/USDT:USDT,295.21,40.7,295.15,40.7,295.95,50.7,295.98,50.6
1753589799051,04:16:39.051,AAVE/USDT:USDT,295.21,40.7,295.15,40.7,295.95,50.7,295.98,50.6
1753589800623,04:16:40.623,AAVE/USDT:USDT,295.21,40.7,295.15,40.7,295.95,50.7,295.98,50.6
1753589802323,04:16:42.323,AAVE/USDT:USDT,295.21,40.7,295.15,40.7,295.95,50.7,295.98,50.6
1753589803973,04:16:43.973,AAVE/USDT:USDT,295.21,40.7,295.15,40.7,295.95,50.7,295.98,50.6
1753589805329,04:16:45.329,AAVE/USDT:USDT,295.21,40.7,295.15,40.7,295.95,50.7,295.98,50.6
1753589806527,04:16:46.527,AAVE/USDT:USDT,295.21,40.7,295.15,40.7,295.95,50.7,295.98,50.6
1753589809211,04:16:49.211,AAVE/USDT:USDT,295.21,40.7,295.15,40.7,295.95,50.7,295.98,50.6
1753589809526,04:16:49.526,AAVE/USDT:USDT,295.21,40.7,295.15,40.7,295.95,50.7,295.98,50.6
1753589809978,04:16:49.978,AAVE/USDT:USDT,295.21,40.7,295.15,40.7,295.95,50.7,295.98,50.6
1753589812648,04:16:52.648,AAVE/USDT:USDT,295.21,40.7,295.15,40.7,295.95,50.7,295.98,50.6
1753589812961,04:16:52.961,AAVE/USDT:USDT,295.21,40.7,295.15,40.7,295.85,50.7,295.95,50.7
1753589813968,04:16:53.968,AAVE/USDT:USDT,294.99,40.7,294.8,40.7,295.73,50.7,295.85,50.7
1753589814343,04:16:54.343,AAVE/USDT:USDT,294.99,40.7,294.8,40.7,295.73,50.7,295.76,50.7
1753589814476,04:16:54.476,AAVE/USDT:USDT,294.99,40.7,294.8,40.7,295.73,50.7,295.76,50.7
1753589815525,04:16:55.525,AAVE/USDT:USDT,294.99,40.7,294.8,40.7,295.73,50.7,295.76,50.7
1753589815640,04:16:55.640,AAVE/USDT:USDT,294.99,40.7,294.8,40.7,295.73,50.7,295.76,50.7
1753589817596,04:16:57.596,AAVE/USDT:USDT,294.99,40.7,294.8,40.7,295.73,50.7,295.76,50.7
1753589818983,04:16:58.983,AAVE/USDT:USDT,294.99,40.7,294.8,40.7,295.73,50.7,295.76,50.7
1753589819874,04:16:59.874,AAVE/USDT:USDT,294.99,40.7,294.8,40.7,295.73,50.7,295.76,50.7
1753589821555,04:17:01.555,AAVE/USDT:USDT,294.99,40.7,294.8,40.7,295.73,50.7,295.76,50.7
1753589821988,04:17:01.988,AAVE/USDT:USDT,294.99,40.7,294.8,40.7,295.73,50.7,295.76,50.7
1753589823354,04:17:03.354,AAVE/USDT:USDT,294.99,40.7,294.8,40.7,295.73,50.7,295.76,50.7
1753589824516,04:17:04.516,AAVE/USDT:USDT,294.99,40.7,294.8,40.7,295.73,50.7,295.76,50.7
1753589825338,04:17:05.338,AAVE/USDT:USDT,294.99,40.7,294.8,40.7,295.73,50.7,295.76,50.7
1753589825883,04:17:05.883,AAVE/USDT:USDT,294.99,40.7,294.8,40.7,295.73,50.7,295.76,50.7
1753589826363,04:17:06.363,AAVE/USDT:USDT,294.99,40.7,294.8,40.7,295.73,50.7,295.76,50.7
1753589826584,04:17:06.584,AAVE/USDT:USDT,294.99,40.7,294.8,40.7,295.73,50.7,295.76,50.7
1753589826993,04:17:06.993,AAVE/USDT:USDT,294.99,40.7,294.8,40.7,295.73,50.7,295.76,50.7
1753589828845,04:17:08.845,AAVE/USDT:USDT,294.99,40.7,294.8,40.7,295.73,50.7,295.76,50.7
1753589829006,04:17:09.006,AAVE/USDT:USDT,294.99,40.7,294.8,40.7,295.73,50.7,295.76,50.7
1753589829491,04:17:09.491,AAVE/USDT:USDT,294.99,40.7,294.8,40.7,295.73,50.7,295.76,50.7
1753589829872,04:17:09.872,AAVE/USDT:USDT,295.01,40.7,294.99,40.7,295.76,50.7,295.9,40.6
1753589830362,04:17:10.362,AAVE/USDT:USDT,295.01,40.7,294.99,40.7,295.76,50.7,295.9,40.6
1753589831001,04:17:11.001,AAVE/USDT:USDT,295.01,40.7,294.99,40.7,295.76,50.7,295.9,40.6
1753589831616,04:17:11.616,AAVE/USDT:USDT,295.01,40.7,294.99,40.7,295.76,50.7,295.9,40.6
1753589831910,04:17:11.910,AAVE/USDT:USDT,295.01,40.7,294.99,40.7,295.76,50.7,295.9,40.6
1753589832359,04:17:12.359,AAVE/USDT:USDT,295.01,40.7,294.99,40.7,295.76,50.7,295.9,40.6
1753589832600,04:17:12.600,AAVE/USDT:USDT,295.01,40.7,294.99,40.7,295.73,4.9,295.76,50.7
1753589832857,04:17:12.857,AAVE/USDT:USDT,295.01,40.7,294.99,40.7,295.73,4.9,295.76,50.7
1753589833534,04:17:13.534,AAVE/USDT:USDT,295.01,40.7,294.99,40.7,295.73,4.9,295.76,50.7
1753589833893,04:17:13.893,AAVE/USDT:USDT,295.01,40.7,294.99,40.7,295.73,4.9,295.76,50.7
1753589834040,04:17:14.040,AAVE/USDT:USDT,295.01,40.7,294.99,40.7,295.73,4.9,295.76,50.7
1753589834514,04:17:14.514,AAVE/USDT:USDT,295.01,40.7,294.99,40.7,295.76,50.7,295.79,45.8
1753589834883,04:17:14.883,AAVE/USDT:USDT,295.01,40.7,294.99,40.7,295.76,50.7,295.79,45.8
1753589835588,04:17:15.588,AAVE/USDT:USDT,295.01,40.7,294.99,40.7,295.76,50.7,295.79,45.8
1753589836374,04:17:16.374,AAVE/USDT:USDT,295.01,40.7,294.99,40.7,295.76,50.7,295.79,45.8
1753589836536,04:17:16.536,AAVE/USDT:USDT,295.01,40.7,294.99,40.7,295.76,50.7,295.79,45.8
1753589837295,04:17:17.295,AAVE/USDT:USDT,295.01,40.7,294.99,40.7,295.76,50.7,295.79,45.8
1753589837637,04:17:17.637,AAVE/USDT:USDT,295.01,40.7,294.99,40.7,295.76,50.7,295.79,45.8
1753589838359,04:17:18.359,AAVE/USDT:USDT,295.01,40.7,294.79,0.1,295.76,50.7,295.79,45.8
1753589838647,04:17:18.647,AAVE/USDT:USDT,295.01,40.7,294.89,40.7,295.66,50.7,295.76,50.7
1753589839386,04:17:19.386,AAVE/USDT:USDT,295.01,40.7,294.89,40.7,295.66,50.7,295.76,50.7
1753589839908,04:17:19.908,AAVE/USDT:USDT,295.01,40.7,294.89,40.7,295.66,50.7,295.76,50.7
1753589840388,04:17:20.388,AAVE/USDT:USDT,295.01,40.7,294.89,40.7,295.66,50.7,295.76,50.7
1753589843852,04:17:23.852,AAVE/USDT:USDT,295.01,40.7,294.89,40.7,295.66,50.7,295.76,50.7
1753589845163,04:17:25.163,AAVE/USDT:USDT,295.01,40.7,294.89,40.7,295.66,50.7,295.76,50.7
1753589856595,04:17:36.595,AAVE/USDT:USDT,295.01,40.7,294.89,40.7,295.66,50.7,295.76,50.7
1753589857047,04:17:37.047,AAVE/USDT:USDT,295.01,40.7,294.89,40.7,295.76,50.7,296.04,48.9
1753589857368,04:17:37.368,AAVE/USDT:USDT,295.02,40.7,295.01,40.7,295.76,50.7,295.77,50.7
1753589858109,04:17:38.109,AAVE/USDT:USDT,295.02,40.7,295.01,40.7,295.76,50.7,295.77,50.7
1753589859930,04:17:39.930,AAVE/USDT:USDT,295.02,40.7,295.01,40.7,295.76,50.7,295.77,50.7
1753589860971,04:17:40.971,AAVE/USDT:USDT,295.02,40.7,295.01,40.7,295.76,50.7,295.77,50.7
1753589861712,04:17:41.712,AAVE/USDT:USDT,295.02,40.7,295.01,40.7,295.76,50.7,295.97,5.9
1753589862132,04:17:42.132,AAVE/USDT:USDT,295.02,40.7,295.01,40.7,295.76,50.7,295.87,50.7
1753589862447,04:17:42.447,AAVE/USDT:USDT,295.02,40.7,295.01,40.7,295.76,50.7,295.87,50.7
1753589862630,04:17:42.630,AAVE/USDT:USDT,295.02,40.7,295.01,40.7,295.76,50.7,295.87,50.7
1753589863546,04:17:43.546,AAVE/USDT:USDT,295.02,40.7,295.01,40.7,295.76,50.7,295.87,50.7
1753589864546,04:17:44.546,AAVE/USDT:USDT,295.02,40.7,295.01,40.7,295.87,50.7,295.96,11.0
1753589864744,04:17:44.744,AAVE/USDT:USDT,295.16,40.7,295.02,40.7,295.87,50.7,295.96,11.0
1753589865056,04:17:45.056,AAVE/USDT:USDT,295.16,40.7,295.02,40.7,295.87,50.7,295.96,50.6
1753589865613,04:17:45.613,AAVE/USDT:USDT,295.16,40.7,295.02,40.7,295.87,50.7,295.96,39.6
1753589866702,04:17:46.702,AAVE/USDT:USDT,295.16,40.7,295.02,40.7,295.87,50.7,295.96,39.6
1753589871609,04:17:51.609,AAVE/USDT:USDT,295.16,40.7,295.02,40.7,295.87,50.7,295.96,39.6
1753589873912,04:17:53.912,AAVE/USDT:USDT,295.16,40.7,295.02,40.7,295.87,50.7,295.96,39.6
1753589874698,04:17:54.698,AAVE/USDT:USDT,295.16,40.7,295.02,40.7,295.87,50.7,295.96,39.6
1753589877644,04:17:57.644,AAVE/USDT:USDT,295.16,40.7,295.02,40.7,295.87,50.7,295.96,39.6
1753589879910,04:17:59.910,AAVE/USDT:USDT,295.16,40.7,295.02,40.7,295.87,50.7,295.96,39.6
1753589880437,04:18:00.437,AAVE/USDT:USDT,295.16,40.7,295.02,40.7,295.87,50.7,295.96,39.6
1753589880666,04:18:00.666,AAVE/USDT:USDT,295.16,40.7,295.02,40.7,295.87,50.7,295.96,39.6
1753589881729,04:18:01.729,AAVE/USDT:USDT,295.16,40.7,295.02,40.7,295.87,50.7,295.96,39.6
1753589883429,04:18:03.429,AAVE/USDT:USDT,295.16,40.7,295.02,40.7,295.87,50.7,295.96,39.6
1753589884784,04:18:04.784,AAVE/USDT:USDT,295.16,40.7,295.02,40.7,295.96,39.6,296.12,50.6
1753589885026,04:18:05.026,AAVE/USDT:USDT,295.16,40.7,295.02,40.7,295.96,39.6,296.12,50.6
1753589885743,04:18:05.743,AAVE/USDT:USDT,295.16,40.7,295.02,40.7,295.96,90.3,296.12,50.6
1753589887164,04:18:07.164,AAVE/USDT:USDT,295.21,40.7,295.16,40.7,295.96,90.3,296.12,50.6
1753589887463,04:18:07.463,AAVE/USDT:USDT,295.21,40.7,295.16,40.7,295.96,90.3,296.12,50.6
1753589887579,04:18:07.579,AAVE/USDT:USDT,295.21,40.7,295.16,40.7,295.96,90.3,296.12,50.6
1753589890583,04:18:10.583,AAVE/USDT:USDT,295.21,40.7,295.16,40.7,295.96,90.3,296.12,50.6
1753589890790,04:18:10.790,AAVE/USDT:USDT,295.21,40.7,295.16,40.7,295.96,90.3,296.12,50.6
1753589893001,04:18:13.001,AAVE/USDT:USDT,295.21,40.7,295.16,40.7,295.96,39.6,296.12,50.6
1753589893289,04:18:13.289,AAVE/USDT:USDT,295.28,40.7,295.21,40.7,295.96,39.6,296.12,50.6
1753589895421,04:18:15.421,AAVE/USDT:USDT,295.28,40.7,295.21,40.7,295.96,39.6,296.12,50.6
1753589897680,04:18:17.680,AAVE/USDT:USDT,295.28,40.7,295.21,40.7,295.96,39.6,296.12,50.6
1753589900312,04:18:20.312,AAVE/USDT:USDT,295.28,40.7,295.21,40.7,295.96,39.6,296.12,50.6
1753589902621,04:18:22.621,AAVE/USDT:USDT,295.28,40.7,295.21,40.7,295.96,39.6,296.12,50.6
1753589903513,04:18:23.513,AAVE/USDT:USDT,295.28,40.7,295.21,40.7,296.12,50.6,296.23,22.4
1753589903838,04:18:23.838,AAVE/USDT:USDT,295.38,40.6,295.28,40.7,296.12,50.6,296.18,4.3
1753589904854,04:18:24.854,AAVE/USDT:USDT,295.38,40.6,295.28,40.7,296.12,50.6,296.18,50.6
1753589905202,04:18:25.202,AAVE/USDT:USDT,295.38,40.6,295.28,40.7,296.12,50.6,296.18,46.3
1753589905601,04:18:25.601,AAVE/USDT:USDT,295.38,40.6,295.28,40.7,296.12,50.6,296.18,46.3
1753589909064,04:18:29.064,AAVE/USDT:USDT,295.38,40.6,295.28,40.7,296.12,50.6,296.18,46.3
1753589911601,04:18:31.601,AAVE/USDT:USDT,295.38,40.6,295.28,40.7,296.12,50.6,296.18,46.3
1753589922053,04:18:42.053,AAVE/USDT:USDT,295.38,40.6,295.21,40.7,296.12,50.6,296.18,46.3
1753589922803,04:18:42.803,AAVE/USDT:USDT,295.21,40.7,295.01,40.7,296.12,50.6,296.18,46.3
1753589922908,04:18:42.908,AAVE/USDT:USDT,295.26,11.7,295.21,40.7,296.03,50.7,296.12,50.6
1753589923397,04:18:43.397,AAVE/USDT:USDT,295.26,11.7,295.21,40.7,296.03,50.7,296.12,50.6
1753589926310,04:18:46.310,AAVE/USDT:USDT,295.26,11.7,295.21,40.7,296.03,50.7,296.12,50.6
1753589926820,04:18:46.820,AAVE/USDT:USDT,295.26,11.7,295.21,40.7,296.03,50.7,296.12,50.6
1753589927951,04:18:47.951,AAVE/USDT:USDT,295.26,11.7,295.21,40.7,296.0,50.6,296.03,50.7
1753589928033,04:18:48.033,AAVE/USDT:USDT,295.26,11.7,295.21,40.7,296.0,50.6,296.03,50.7
1753589928569,04:18:48.569,AAVE/USDT:USDT,295.26,11.7,295.21,40.7,296.0,50.6,296.03,50.7
1753589928780,04:18:48.780,AAVE/USDT:USDT,295.26,11.7,295.21,40.7,296.0,50.6,296.03,50.7
1753589929837,04:18:49.837,AAVE/USDT:USDT,295.26,11.7,295.21,40.7,296.0,50.6,296.03,50.7
1753589931162,04:18:51.162,AAVE/USDT:USDT,295.26,11.7,295.21,40.7,296.0,50.6,296.03,50.7
1753589932130,04:18:52.130,AAVE/USDT:USDT,295.26,11.7,295.21,40.7,296.0,50.6,296.03,50.7
1753589937796,04:18:57.796,AAVE/USDT:USDT,295.21,40.7,294.92,40.7,296.0,50.6,296.03,50.7
1753589937936,04:18:57.936,AAVE/USDT:USDT,295.21,40.7,295.17,4.3,295.94,50.7,296.0,50.6
1753589938438,04:18:58.438,AAVE/USDT:USDT,295.21,40.7,295.17,4.3,295.94,50.7,296.0,50.6
1753589938672,04:18:58.672,AAVE/USDT:USDT,295.21,40.7,295.16,36.4,295.94,50.7,296.0,50.6
1753589942084,04:19:02.084,AAVE/USDT:USDT,295.21,40.7,295.16,36.4,295.94,50.7,296.0,50.6
1753589943838,04:19:03.838,AAVE/USDT:USDT,295.21,40.7,295.16,36.4,295.94,50.7,296.0,50.6
1753589943971,04:19:03.971,AAVE/USDT:USDT,295.21,40.7,295.16,36.4,295.94,50.7,296.0,50.6
1753589944439,04:19:04.439,AAVE/USDT:USDT,295.21,40.7,295.16,36.4,295.94,50.7,296.0,50.6
1753589944628,04:19:04.628,AAVE/USDT:USDT,295.21,40.7,295.16,36.4,295.94,50.7,296.0,50.6
1753589944866,04:19:04.866,AAVE/USDT:USDT,295.21,40.7,295.16,36.4,295.94,50.7,296.0,50.6
1753589945366,04:19:05.366,AAVE/USDT:USDT,295.21,40.7,295.16,36.4,295.94,50.7,296.0,50.6
1753589947980,04:19:07.980,AAVE/USDT:USDT,295.26,40.7,295.21,40.7,296.0,50.6,296.03,50.7
1753589948361,04:19:08.361,AAVE/USDT:USDT,295.26,40.7,295.21,40.7,296.0,50.6,296.03,50.7
1753589948736,04:19:08.736,AAVE/USDT:USDT,295.26,40.7,295.21,40.7,296.0,50.6,296.03,50.7
1753589949366,04:19:09.366,AAVE/USDT:USDT,295.26,40.7,295.21,40.7,296.0,50.6,296.03,50.7
1753589949880,04:19:09.880,AAVE/USDT:USDT,295.26,40.7,295.21,40.7,296.0,50.6,296.03,50.7
1753589951092,04:19:11.092,AAVE/USDT:USDT,295.26,40.7,295.21,40.7,296.0,50.6,296.03,50.7
1753589953634,04:19:13.634,AAVE/USDT:USDT,295.26,40.7,295.21,40.7,296.0,50.6,296.03,50.7
1753589955244,04:19:15.244,AAVE/USDT:USDT,295.26,40.7,295.21,40.7,296.0,50.6,296.21,47.3
1753589955524,04:19:15.524,AAVE/USDT:USDT,295.35,40.6,295.26,40.7,296.0,50.6,296.12,50.6
1753589956406,04:19:16.406,AAVE/USDT:USDT,295.35,40.6,295.26,40.7,296.0,50.6,296.12,50.6
1753589956884,04:19:16.884,AAVE/USDT:USDT,295.35,40.6,295.26,40.7,296.12,50.6,296.21,47.3
1753589956906,04:19:16.906,AAVE/USDT:USDT,295.35,40.6,295.26,40.7,296.12,50.6,296.21,50.6
1753589957468,04:19:17.468,AAVE/USDT:USDT,295.35,40.6,295.26,40.7,296.12,50.6,296.21,50.6
1753589957882,04:19:17.882,AAVE/USDT:USDT,295.39,40.6,295.35,40.6,296.12,50.6,296.21,50.6
1753589958229,04:19:18.229,AAVE/USDT:USDT,295.39,40.6,295.35,40.6,296.12,50.6,296.21,50.6
1753589960038,04:19:20.038,AAVE/USDT:USDT,295.44,40.6,295.39,40.6,296.21,101.2,296.36,11.6
1753589960250,04:19:20.250,AAVE/USDT:USDT,295.44,40.6,295.39,40.6,296.21,101.2,296.36,11.6
1753589960999,04:19:20.999,AAVE/USDT:USDT,295.44,40.6,295.39,40.6,296.21,101.2,296.36,11.6
1753589961434,04:19:21.434,AAVE/USDT:USDT,295.44,40.6,295.39,40.6,296.21,101.2,296.39,39.0
1753589965027,04:19:25.027,AAVE/USDT:USDT,295.44,40.6,295.39,40.6,296.21,101.2,296.5,50.6
1753589966566,04:19:26.566,AAVE/USDT:USDT,295.44,40.6,295.39,40.6,296.21,101.2,296.5,50.6
1753589966929,04:19:26.929,AAVE/USDT:USDT,295.44,40.6,295.39,40.6,296.21,101.2,296.5,50.6
1753589983066,04:19:43.066,AAVE/USDT:USDT,295.44,40.6,295.39,40.6,296.21,101.2,296.4,0.6
1753589986092,04:19:46.092,AAVE/USDT:USDT,295.44,40.6,295.39,40.6,296.21,101.2,296.39,45.7
1753589986562,04:19:46.562,AAVE/USDT:USDT,295.44,40.6,295.39,40.6,296.21,101.2,296.39,45.7
1753589988287,04:19:48.287,AAVE/USDT:USDT,295.44,40.6,295.39,40.6,296.21,101.2,296.39,45.7
1753589988579,04:19:48.579,AAVE/USDT:USDT,295.44,40.6,295.39,40.6,296.21,101.2,296.39,45.7
1753589989443,04:19:49.443,AAVE/USDT:USDT,295.44,40.6,295.39,40.6,296.21,101.2,296.39,45.7
1753589989840,04:19:49.840,AAVE/USDT:USDT,295.44,40.6,295.39,40.6,296.21,101.2,296.39,45.7
1753589996355,04:19:56.355,AAVE/USDT:USDT,295.44,40.6,295.39,40.6,296.21,101.2,296.39,45.7
1753590026034,04:20:26.034,AAVE/USDT:USDT,295.44,40.6,295.39,40.6,296.21,101.2,296.39,45.7
1753590029460,04:20:29.460,AAVE/USDT:USDT,295.44,40.6,295.39,40.6,296.21,101.2,296.39,45.7
1753590029825,04:20:29.825,AAVE/USDT:USDT,295.39,40.6,295.21,38.0,296.21,101.2,296.39,45.7
1753590030228,04:20:30.228,AAVE/USDT:USDT,295.39,40.6,295.32,40.6,296.09,50.6,296.21,101.2
1753590031117,04:20:31.117,AAVE/USDT:USDT,295.39,40.6,295.32,40.6,296.09,50.6,296.21,101.2
1753590031232,04:20:31.232,AAVE/USDT:USDT,295.39,40.6,295.32,40.6,296.09,50.6,296.21,101.2
1753590032625,04:20:32.625,AAVE/USDT:USDT,295.39,40.6,295.32,40.6,296.09,50.6,296.21,101.2
1753590033146,04:20:33.146,AAVE/USDT:USDT,295.39,40.6,295.32,40.6,296.09,50.6,296.21,101.2
1753590034149,04:20:34.149,AAVE/USDT:USDT,295.39,40.6,295.32,40.6,296.09,50.6,296.21,101.2
1753590037132,04:20:37.132,AAVE/USDT:USDT,295.39,40.6,295.32,40.6,296.09,50.6,296.21,101.2
1753590037926,04:20:37.926,AAVE/USDT:USDT,295.39,40.6,295.32,40.6,296.09,50.6,296.21,101.2
1753590043808,04:20:43.808,AAVE/USDT:USDT,295.39,40.6,295.32,40.6,296.09,50.6,296.21,50.6
1753590044486,04:20:44.486,AAVE/USDT:USDT,295.39,40.6,295.32,40.6,296.09,50.6,296.21,50.6
1753590044804,04:20:44.804,AAVE/USDT:USDT,295.39,40.6,295.32,40.6,296.09,50.6,296.21,50.6
1753590047644,04:20:47.644,AAVE/USDT:USDT,295.39,40.6,295.32,40.6,296.09,50.6,296.21,50.6
1753590049078,04:20:49.078,AAVE/USDT:USDT,295.39,40.6,295.32,40.6,296.21,50.6,296.35,13.5
1753590049480,04:20:49.480,AAVE/USDT:USDT,295.44,40.6,295.39,40.6,296.21,60.2,296.35,13.5
1753590051320,04:20:51.320,AAVE/USDT:USDT,295.44,40.6,295.39,40.6,296.21,101.3,296.35,13.5
1753590051818,04:20:51.818,AAVE/USDT:USDT,295.44,40.6,295.39,40.6,296.21,91.7,296.35,13.5
1753590053984,04:20:53.984,AAVE/USDT:USDT,295.44,40.6,295.39,40.6,296.21,91.7,296.35,13.5
1753590054333,04:20:54.333,AAVE/USDT:USDT,295.44,40.6,295.39,40.6,296.21,91.7,296.35,13.5
1753590054487,04:20:54.487,AAVE/USDT:USDT,295.44,40.6,295.39,40.6,296.21,91.7,296.35,13.5
1753590062877,04:21:02.877,AAVE/USDT:USDT,295.44,40.6,295.39,40.6,296.21,91.7,296.35,13.5
1753590063374,04:21:03.374,AAVE/USDT:USDT,295.44,40.6,295.39,40.6,296.21,91.7,296.36,37.1
1753590092245,04:21:32.245,AAVE/USDT:USDT,295.44,40.6,295.39,40.6,296.21,91.7,296.36,37.1
1753590093193,04:21:33.193,AAVE/USDT:USDT,295.39,40.6,295.23,38.5,296.21,91.7,296.36,37.1
1753590093530,04:21:33.530,AAVE/USDT:USDT,295.39,40.6,295.35,13.5,296.12,50.6,296.21,91.7
1753590094737,04:21:34.737,AAVE/USDT:USDT,295.39,40.6,295.35,13.5,296.12,50.6,296.21,91.7
1753590095202,04:21:35.202,AAVE/USDT:USDT,295.39,40.6,295.35,13.5,296.12,50.6,296.21,91.7
1753590099537,04:21:39.537,AAVE/USDT:USDT,295.39,40.6,295.35,13.5,296.12,50.6,296.21,50.6
1753590108155,04:21:48.155,AAVE/USDT:USDT,295.39,40.6,295.35,13.5,296.12,50.6,296.21,50.6
1753590108625,04:21:48.625,AAVE/USDT:USDT,295.39,40.6,295.35,13.5,296.12,50.6,296.21,50.6
1753590118165,04:21:58.165,AAVE/USDT:USDT,295.39,40.6,295.23,38.5,296.12,50.6,296.21,50.6
1753590125166,04:22:05.166,AAVE/USDT:USDT,295.39,40.6,295.23,38.5,296.12,50.6,296.21,50.6
1753590125177,04:22:05.177,AAVE/USDT:USDT,295.39,40.6,295.23,38.5,296.03,50.7,296.12,50.6
1753590127881,04:22:07.881,AAVE/USDT:USDT,295.39,40.6,295.23,38.5,296.03,50.7,296.12,50.6
1753590129620,04:22:09.620,AAVE/USDT:USDT,295.39,40.6,295.23,38.5,296.03,50.7,296.12,50.6
