timestamp,time,symbol,bid1_price,bid1_volume,bid2_price,bid2_volume,ask1_price,ask1_volume,ask2_price,ask2_volume
1753531605000,12:06:45.000,BAT/USDT:USDT,0.16079,12.0,0.16078,8.0,0.16097,12.0,0.16098,192.0
1753531606401,12:06:46.401,BAT/USDT:USDT,0.16079,12.0,0.16078,8.0,0.16097,12.0,0.16098,192.0
1753531606756,12:06:46.756,BAT/USDT:USDT,0.16079,12.0,0.16078,8.0,0.16097,12.0,0.16098,192.0
1753531607809,12:06:47.809,BAT/USDT:USDT,0.16078,20.0,0.16062,12.0,0.16097,12.0,0.16098,192.0
1753531608663,12:06:48.663,BAT/USDT:USDT,0.16078,20.0,0.16062,12.0,0.16097,12.0,0.16098,192.0
1753531608901,12:06:48.901,BAT/USDT:USDT,0.16078,8.0,0.16062,12.0,0.16097,12.0,0.16098,192.0
1753531608978,12:06:48.978,BAT/USDT:USDT,0.16078,20.0,0.16062,12.0,0.16097,12.0,0.16098,192.0
1753531609307,12:06:49.307,BAT/USDT:USDT,0.16079,12.0,0.16078,8.0,0.16097,12.0,0.16098,192.0
1753531609647,12:06:49.647,BAT/USDT:USDT,0.16078,8.0,0.16062,12.0,0.16097,12.0,0.16098,192.0
1753531609801,12:06:49.801,BAT/USDT:USDT,0.16079,30.0,0.16078,8.0,0.16097,12.0,0.16098,192.0
1753531609818,12:06:49.818,BAT/USDT:USDT,0.16079,30.0,0.16078,8.0,0.16097,12.0,0.16098,192.0
1753531610060,12:06:50.060,BAT/USDT:USDT,0.16079,30.0,0.16078,8.0,0.16097,12.0,0.16098,192.0
1753531610300,12:06:50.300,BAT/USDT:USDT,0.16081,30.0,0.1608,12.0,0.16097,12.0,0.16098,192.0
1753531610475,12:06:50.475,BAT/USDT:USDT,0.16081,30.0,0.1608,12.0,0.16097,12.0,0.16098,192.0
1753531610667,12:06:50.667,BAT/USDT:USDT,0.16081,30.0,0.1608,12.0,0.16097,12.0,0.16098,192.0
1753531611030,12:06:51.030,BAT/USDT:USDT,0.16081,30.0,0.1608,12.0,0.16097,12.0,0.16098,192.0
1753531611295,12:06:51.295,BAT/USDT:USDT,0.16081,30.0,0.1608,12.0,0.16097,12.0,0.16098,192.0
1753531611455,12:06:51.455,BAT/USDT:USDT,0.16078,8.0,0.16062,12.0,0.16097,12.0,0.16098,192.0
1753531611713,12:06:51.713,BAT/USDT:USDT,0.16078,8.0,0.16062,12.0,0.16097,12.0,0.16098,192.0
1753531611914,12:06:51.914,BAT/USDT:USDT,0.1608,30.0,0.16079,12.0,0.16097,12.0,0.16098,192.0
1753531611925,12:06:51.925,BAT/USDT:USDT,0.1608,30.0,0.16079,12.0,0.16097,12.0,0.16098,192.0
1753531612132,12:06:52.132,BAT/USDT:USDT,0.1608,30.0,0.16079,12.0,0.16097,12.0,0.16098,192.0
1753531612548,12:06:52.548,BAT/USDT:USDT,0.1608,30.0,0.16079,12.0,0.16097,12.0,0.16098,192.0
1753531613022,12:06:53.022,BAT/USDT:USDT,0.16079,12.0,0.16078,8.0,0.16097,12.0,0.16098,192.0
1753531613365,12:06:53.365,BAT/USDT:USDT,0.16079,12.0,0.16078,8.0,0.16097,12.0,0.16098,192.0
1753531613614,12:06:53.614,BAT/USDT:USDT,0.16078,20.0,0.16062,12.0,0.16097,12.0,0.16098,192.0
1753531613699,12:06:53.699,BAT/USDT:USDT,0.16078,20.0,0.16062,12.0,0.16097,12.0,0.16098,192.0
1753531613782,12:06:53.782,BAT/USDT:USDT,0.16078,20.0,0.16062,12.0,0.16097,12.0,0.16098,192.0
1753531614599,12:06:54.599,BAT/USDT:USDT,0.16078,20.0,0.16062,12.0,0.16097,12.0,0.16098,192.0
1753531615014,12:06:55.014,BAT/USDT:USDT,0.16078,20.0,0.16062,12.0,0.16097,12.0,0.16098,192.0
1753531615778,12:06:55.778,BAT/USDT:USDT,0.16082,30.0,0.16079,12.0,0.16097,12.0,0.16098,192.0
1753531615828,12:06:55.828,BAT/USDT:USDT,0.16082,30.0,0.16079,12.0,0.16097,12.0,0.16098,192.0
1753531616836,12:06:56.836,BAT/USDT:USDT,0.16082,30.0,0.16079,12.0,0.16097,12.0,0.16098,192.0
1753531616929,12:06:56.929,BAT/USDT:USDT,0.16082,30.0,0.16079,12.0,0.16097,12.0,0.16098,192.0
1753531617501,12:06:57.501,BAT/USDT:USDT,0.16082,30.0,0.16079,12.0,0.16097,12.0,0.16098,192.0
1753531617589,12:06:57.589,BAT/USDT:USDT,0.16082,30.0,0.16079,12.0,0.16097,12.0,0.16098,192.0
1753531617992,12:06:57.992,BAT/USDT:USDT,0.16082,30.0,0.16079,12.0,0.16097,12.0,0.16098,192.0
1753531618060,12:06:58.060,BAT/USDT:USDT,0.16082,30.0,0.16079,12.0,0.16097,12.0,0.16098,192.0
1753531618592,12:06:58.592,BAT/USDT:USDT,0.16082,30.0,0.16079,12.0,0.16097,12.0,0.16098,192.0
1753531618702,12:06:58.702,BAT/USDT:USDT,0.16082,30.0,0.16079,12.0,0.16097,12.0,0.16098,192.0
1753531619541,12:06:59.541,BAT/USDT:USDT,0.16082,30.0,0.16079,12.0,0.16097,12.0,0.16098,192.0
1753531619682,12:06:59.682,BAT/USDT:USDT,0.16082,30.0,0.16079,12.0,0.16097,12.0,0.16098,192.0
1753531621876,12:07:01.876,BAT/USDT:USDT,0.16082,30.0,0.16079,12.0,0.16097,12.0,0.16098,192.0
1753531621929,12:07:01.929,BAT/USDT:USDT,0.16082,30.0,0.16079,12.0,0.16097,12.0,0.16098,192.0
1753531622771,12:07:02.771,BAT/USDT:USDT,0.16082,30.0,0.16078,8.0,0.16097,12.0,0.16098,192.0
1753531623802,12:07:03.802,BAT/USDT:USDT,0.16078,8.0,0.16062,12.0,0.16097,12.0,0.16098,192.0
1753531624103,12:07:04.103,BAT/USDT:USDT,0.16066,11.0,0.16063,11.0,0.16089,186.0,0.1609,11.0
1753531624200,12:07:04.200,BAT/USDT:USDT,0.16071,30.0,0.16069,8.0,0.16086,11.0,0.16087,6.0
1753531624259,12:07:04.259,BAT/USDT:USDT,0.1607,11.0,0.16069,8.0,0.16086,11.0,0.16087,6.0
1753531625333,12:07:05.333,BAT/USDT:USDT,0.1607,11.0,0.16069,8.0,0.16086,11.0,0.16087,6.0
1753531625590,12:07:05.590,BAT/USDT:USDT,0.1607,11.0,0.16069,8.0,0.16086,11.0,0.16087,6.0
1753531626037,12:07:06.037,BAT/USDT:USDT,0.16073,30.0,0.1607,11.0,0.16086,11.0,0.16087,6.0
1753531626154,12:07:06.154,BAT/USDT:USDT,0.16073,30.0,0.1607,11.0,0.16086,11.0,0.16087,6.0
1753531626434,12:07:06.434,BAT/USDT:USDT,0.16073,30.0,0.1607,11.0,0.16086,11.0,0.16087,6.0
1753531626900,12:07:06.900,BAT/USDT:USDT,0.16073,30.0,0.1607,11.0,0.16086,11.0,0.16087,6.0
1753531626945,12:07:06.945,BAT/USDT:USDT,0.16073,30.0,0.1607,11.0,0.16086,11.0,0.16087,6.0
1753531627570,12:07:07.570,BAT/USDT:USDT,0.16073,30.0,0.16069,8.0,0.16086,11.0,0.16087,6.0
1753531627676,12:07:07.676,BAT/USDT:USDT,0.16073,30.0,0.16069,8.0,0.16086,11.0,0.16087,6.0
1753531628299,12:07:08.299,BAT/USDT:USDT,0.16073,30.0,0.16069,8.0,0.16086,11.0,0.16087,6.0
1753531628466,12:07:08.466,BAT/USDT:USDT,0.16073,30.0,0.16069,8.0,0.16086,11.0,0.16087,6.0
1753531628896,12:07:08.896,BAT/USDT:USDT,0.16069,8.0,0.16063,11.0,0.16086,11.0,0.16087,6.0
1753531629884,12:07:09.884,BAT/USDT:USDT,0.16069,8.0,0.16063,11.0,0.16086,11.0,0.16087,6.0
1753531630002,12:07:10.002,BAT/USDT:USDT,0.16073,30.0,0.16072,30.0,0.16086,11.0,0.16087,6.0
1753531630059,12:07:10.059,BAT/USDT:USDT,0.16075,30.0,0.16074,8.0,0.16086,11.0,0.16087,6.0
1753531630118,12:07:10.118,BAT/USDT:USDT,0.16075,30.0,0.16074,8.0,0.16086,11.0,0.16087,6.0
1753531630440,12:07:10.440,BAT/USDT:USDT,0.16075,30.0,0.16074,8.0,0.16086,11.0,0.16087,6.0
1753531630537,12:07:10.537,BAT/USDT:USDT,0.16075,30.0,0.16074,8.0,0.16086,11.0,0.16087,6.0
1753531631001,12:07:11.001,BAT/USDT:USDT,0.16075,30.0,0.16074,8.0,0.16086,11.0,0.16087,6.0
1753531631294,12:07:11.294,BAT/USDT:USDT,0.16074,8.0,0.16073,8.0,0.16086,11.0,0.16087,6.0
1753531631378,12:07:11.378,BAT/USDT:USDT,0.16074,8.0,0.16073,8.0,0.16086,11.0,0.16087,6.0
1753531631506,12:07:11.506,BAT/USDT:USDT,0.16043,12.0,0.16042,187.0,0.16086,11.0,0.16087,6.0
1753531631603,12:07:11.603,BAT/USDT:USDT,0.16043,12.0,0.16042,187.0,0.16086,11.0,0.16087,6.0
1753531631675,12:07:11.675,BAT/USDT:USDT,0.16043,12.0,0.16042,187.0,0.16086,11.0,0.16087,6.0
1753531631795,12:07:11.795,BAT/USDT:USDT,0.16043,12.0,0.16042,187.0,0.16086,11.0,0.16087,6.0
1753531632604,12:07:12.604,BAT/USDT:USDT,0.16043,12.0,0.16042,187.0,0.16086,11.0,0.16087,6.0
1753531632812,12:07:12.812,BAT/USDT:USDT,0.16043,12.0,0.16042,187.0,0.16086,11.0,0.16087,6.0
1753531632819,12:07:12.819,BAT/USDT:USDT,0.16043,12.0,0.16042,187.0,0.16086,11.0,0.16087,6.0
1753531633017,12:07:13.017,BAT/USDT:USDT,0.16043,12.0,0.16042,187.0,0.16086,11.0,0.16087,6.0
1753531634047,12:07:14.047,BAT/USDT:USDT,0.16043,12.0,0.16042,187.0,0.16086,11.0,0.16087,6.0
1753531634244,12:07:14.244,BAT/USDT:USDT,0.16043,12.0,0.16042,187.0,0.16086,11.0,0.16087,6.0
1753531634459,12:07:14.459,BAT/USDT:USDT,0.16043,12.0,0.16042,187.0,0.16086,11.0,0.16087,6.0
1753531634663,12:07:14.663,BAT/USDT:USDT,0.16043,12.0,0.16042,187.0,0.16086,11.0,0.16087,6.0
1753531634749,12:07:14.749,BAT/USDT:USDT,0.16043,12.0,0.16042,187.0,0.16086,11.0,0.16087,6.0
1753531635000,12:07:15.000,BAT/USDT:USDT,0.16043,12.0,0.16042,187.0,0.16086,11.0,0.16087,6.0
1753531635112,12:07:15.112,BAT/USDT:USDT,0.16043,12.0,0.16042,187.0,0.16086,11.0,0.16087,6.0
1753531635388,12:07:15.388,BAT/USDT:USDT,0.16043,12.0,0.16042,187.0,0.16086,11.0,0.16087,6.0
1753531635480,12:07:15.480,BAT/USDT:USDT,0.16043,12.0,0.16042,187.0,0.16086,11.0,0.16087,6.0
1753531635559,12:07:15.559,BAT/USDT:USDT,0.16043,12.0,0.16042,187.0,0.16086,11.0,0.16087,6.0
1753531635941,12:07:15.941,BAT/USDT:USDT,0.16043,12.0,0.16042,187.0,0.16086,11.0,0.16087,6.0
1753531636462,12:07:16.462,BAT/USDT:USDT,0.16043,12.0,0.16042,187.0,0.16086,11.0,0.16087,6.0
1753531636712,12:07:16.712,BAT/USDT:USDT,0.16043,12.0,0.16042,187.0,0.16086,11.0,0.16087,6.0
1753531636720,12:07:16.720,BAT/USDT:USDT,0.16043,12.0,0.16042,187.0,0.16086,11.0,0.16087,6.0
1753531636902,12:07:16.902,BAT/USDT:USDT,0.16043,12.0,0.16042,187.0,0.16086,11.0,0.16087,6.0
1753531638408,12:07:18.408,BAT/USDT:USDT,0.16045,42.0,0.16044,30.0,0.16086,11.0,0.16087,6.0
1753531638501,12:07:18.501,BAT/USDT:USDT,0.1605,42.0,0.16049,30.0,0.16086,11.0,0.16087,6.0
1753531638601,12:07:18.601,BAT/USDT:USDT,0.16057,42.0,0.16056,80.0,0.16086,11.0,0.16087,6.0
1753531638700,12:07:18.700,BAT/USDT:USDT,0.16063,30.0,0.16062,42.0,0.16086,11.0,0.16087,6.0
1753531638798,12:07:18.798,BAT/USDT:USDT,0.16072,30.0,0.16071,30.0,0.16086,11.0,0.16087,6.0
1753531638878,12:07:18.878,BAT/USDT:USDT,0.16073,30.0,0.1607,12.0,0.16086,11.0,0.16087,6.0
1753531639074,12:07:19.074,BAT/USDT:USDT,0.16073,30.0,0.16062,12.0,0.16086,11.0,0.16087,6.0
1753531639190,12:07:19.190,BAT/USDT:USDT,0.16073,30.0,0.16062,12.0,0.16086,11.0,0.16087,6.0
1753531640380,12:07:20.380,BAT/USDT:USDT,0.16073,30.0,0.16062,12.0,0.16086,11.0,0.16087,6.0
1753531640798,12:07:20.798,BAT/USDT:USDT,0.16073,30.0,0.16062,12.0,0.16086,11.0,0.16087,6.0
1753531641200,12:07:21.200,BAT/USDT:USDT,0.16073,30.0,0.16062,12.0,0.16086,11.0,0.16087,6.0
1753531641283,12:07:21.283,BAT/USDT:USDT,0.16073,30.0,0.16054,12.0,0.16086,11.0,0.16087,6.0
1753531641331,12:07:21.331,BAT/USDT:USDT,0.16073,30.0,0.16054,12.0,0.16086,11.0,0.16087,6.0
1753531642078,12:07:22.078,BAT/USDT:USDT,0.16073,30.0,0.16054,12.0,0.16086,11.0,0.16087,6.0
1753531642139,12:07:22.139,BAT/USDT:USDT,0.16073,30.0,0.16054,12.0,0.16086,11.0,0.16087,6.0
1753531642429,12:07:22.429,BAT/USDT:USDT,0.16073,30.0,0.16054,12.0,0.16086,11.0,0.16087,6.0
1753531642920,12:07:22.920,BAT/USDT:USDT,0.16073,30.0,0.16054,12.0,0.16086,11.0,0.16087,6.0
1753531643310,12:07:23.310,BAT/USDT:USDT,0.16073,30.0,0.16054,12.0,0.16086,61.0,0.16087,6.0
1753531643350,12:07:23.350,BAT/USDT:USDT,0.16073,30.0,0.16054,12.0,0.16084,11.0,0.16085,50.0
1753531643424,12:07:23.424,BAT/USDT:USDT,0.16073,30.0,0.16054,12.0,0.16084,11.0,0.16085,50.0
1753531643662,12:07:23.662,BAT/USDT:USDT,0.16073,30.0,0.16054,12.0,0.16084,11.0,0.16085,50.0
1753531644013,12:07:24.013,BAT/USDT:USDT,0.16073,30.0,0.16054,12.0,0.16084,11.0,0.16085,50.0
1753531644663,12:07:24.663,BAT/USDT:USDT,0.16073,30.0,0.16054,12.0,0.16084,11.0,0.16085,50.0
1753531644889,12:07:24.889,BAT/USDT:USDT,0.16073,30.0,0.16054,12.0,0.16084,11.0,0.16085,50.0
1753531645277,12:07:25.277,BAT/USDT:USDT,0.16073,30.0,0.16054,12.0,0.16084,11.0,0.16085,50.0
1753531645596,12:07:25.596,BAT/USDT:USDT,0.16073,30.0,0.16054,12.0,0.16084,11.0,0.16085,50.0
1753531646267,12:07:26.267,BAT/USDT:USDT,0.16073,30.0,0.16054,12.0,0.16084,11.0,0.16085,50.0
1753531646705,12:07:26.705,BAT/USDT:USDT,0.16073,30.0,0.16054,12.0,0.16084,11.0,0.16085,50.0
1753531647754,12:07:27.754,BAT/USDT:USDT,0.16073,30.0,0.16054,12.0,0.16084,11.0,0.16085,50.0
1753531648357,12:07:28.357,BAT/USDT:USDT,0.16073,30.0,0.16054,12.0,0.16084,11.0,0.16085,50.0
1753531649903,12:07:29.903,BAT/USDT:USDT,0.16073,30.0,0.16054,12.0,0.16084,11.0,0.16085,50.0
1753531650499,12:07:30.499,BAT/USDT:USDT,0.16073,30.0,0.16054,12.0,0.16084,11.0,0.16085,50.0
1753531651038,12:07:31.038,BAT/USDT:USDT,0.16073,30.0,0.16054,12.0,0.16084,11.0,0.16085,50.0
1753531651763,12:07:31.763,BAT/USDT:USDT,0.16054,12.0,0.16045,156.0,0.16084,11.0,0.16085,50.0
1753531651867,12:07:31.867,BAT/USDT:USDT,0.16054,12.0,0.16044,50.0,0.16084,11.0,0.16085,50.0
1753531652063,12:07:32.063,BAT/USDT:USDT,0.16054,12.0,0.16044,206.0,0.16084,11.0,0.16085,50.0
1753531652158,12:07:32.158,BAT/USDT:USDT,0.16054,12.0,0.16044,206.0,0.16084,11.0,0.16085,50.0
1753531652235,12:07:32.235,BAT/USDT:USDT,0.16054,12.0,0.16044,206.0,0.16084,11.0,0.16085,50.0
1753531652513,12:07:32.513,BAT/USDT:USDT,0.16054,12.0,0.16044,206.0,0.16084,11.0,0.16085,50.0
1753531652613,12:07:32.613,BAT/USDT:USDT,0.16059,12.0,0.16054,12.0,0.16077,12.0,0.16078,189.0
1753531652699,12:07:32.699,BAT/USDT:USDT,0.16059,12.0,0.16054,12.0,0.16076,12.0,0.16077,3.0
1753531652798,12:07:32.798,BAT/USDT:USDT,0.16054,12.0,0.16044,50.0,0.16076,12.0,0.16077,3.0
1753531652986,12:07:32.986,BAT/USDT:USDT,0.16054,12.0,0.16044,50.0,0.16076,12.0,0.16077,3.0
1753531653401,12:07:33.401,BAT/USDT:USDT,0.16054,12.0,0.16044,50.0,0.16076,12.0,0.16077,3.0
1753531653818,12:07:33.818,BAT/USDT:USDT,0.16054,12.0,0.16044,50.0,0.16076,12.0,0.16077,3.0
1753531654220,12:07:34.220,BAT/USDT:USDT,0.16054,12.0,0.16044,50.0,0.16076,12.0,0.16077,3.0
1753531654707,12:07:34.707,BAT/USDT:USDT,0.16054,12.0,0.16044,50.0,0.16076,12.0,0.16077,3.0
1753531654734,12:07:34.734,BAT/USDT:USDT,0.16054,12.0,0.16044,50.0,0.16076,12.0,0.16077,3.0
1753531655053,12:07:35.053,BAT/USDT:USDT,0.16054,12.0,0.16044,50.0,0.16076,12.0,0.16077,3.0
1753531655201,12:07:35.201,BAT/USDT:USDT,0.16031,187.0,0.16029,12.0,0.16076,12.0,0.16077,3.0
1753531655311,12:07:35.311,BAT/USDT:USDT,0.16031,187.0,0.16029,12.0,0.16076,12.0,0.16077,3.0
1753531655413,12:07:35.413,BAT/USDT:USDT,0.16038,30.0,0.16037,12.0,0.16076,12.0,0.16077,3.0
1753531655481,12:07:35.481,BAT/USDT:USDT,0.16039,12.0,0.16037,12.0,0.16076,12.0,0.16077,3.0
1753531655582,12:07:35.582,BAT/USDT:USDT,0.16034,12.0,0.16033,323.0,0.16076,12.0,0.16077,3.0
1753531655914,12:07:35.914,BAT/USDT:USDT,0.16034,12.0,0.16033,323.0,0.16075,186.0,0.16076,12.0
1753531656015,12:07:36.015,BAT/USDT:USDT,0.16041,42.0,0.1604,30.0,0.16068,12.0,0.16069,186.0
1753531656083,12:07:36.083,BAT/USDT:USDT,0.16046,12.0,0.16044,4.0,0.16066,12.0,0.16067,6.0
1753531656301,12:07:36.301,BAT/USDT:USDT,0.16046,12.0,0.16044,4.0,0.16066,12.0,0.16067,6.0
1753531656354,12:07:36.354,BAT/USDT:USDT,0.16046,12.0,0.16044,4.0,0.16066,12.0,0.16067,6.0
1753531656720,12:07:36.720,BAT/USDT:USDT,0.16046,12.0,0.16044,4.0,0.16066,12.0,0.16067,6.0
1753531657092,12:07:37.092,BAT/USDT:USDT,0.16046,12.0,0.16044,4.0,0.16066,12.0,0.16067,6.0
1753531657154,12:07:37.154,BAT/USDT:USDT,0.16046,12.0,0.16044,4.0,0.16066,12.0,0.16067,6.0
1753531658484,12:07:38.484,BAT/USDT:USDT,0.16046,12.0,0.16044,4.0,0.16066,12.0,0.16067,6.0
1753531658783,12:07:38.783,BAT/USDT:USDT,0.16046,12.0,0.16044,4.0,0.16066,12.0,0.16067,6.0
1753531659302,12:07:39.302,BAT/USDT:USDT,0.16049,41.0,0.16048,30.0,0.16066,12.0,0.16067,6.0
1753531659370,12:07:39.370,BAT/USDT:USDT,0.16049,41.0,0.16047,11.0,0.16066,12.0,0.16067,6.0
1753531659449,12:07:39.449,BAT/USDT:USDT,0.16049,41.0,0.16047,11.0,0.16066,12.0,0.16067,6.0
1753531659619,12:07:39.619,BAT/USDT:USDT,0.16049,41.0,0.16047,11.0,0.16066,12.0,0.16067,6.0
1753531660284,12:07:40.284,BAT/USDT:USDT,0.1605,11.0,0.16049,11.0,0.16066,12.0,0.16067,6.0
1753531660442,12:07:40.442,BAT/USDT:USDT,0.16047,11.0,0.16046,4.0,0.16066,12.0,0.16067,6.0
1753531660615,12:07:40.615,BAT/USDT:USDT,0.16051,30.0,0.1605,45.0,0.16066,12.0,0.16067,6.0
1753531660623,12:07:40.623,BAT/USDT:USDT,0.16052,30.0,0.1605,15.0,0.16066,12.0,0.16067,6.0
1753531660792,12:07:40.792,BAT/USDT:USDT,0.16052,30.0,0.1605,15.0,0.16066,12.0,0.16067,6.0
1753531660857,12:07:40.857,BAT/USDT:USDT,0.16047,11.0,0.16046,4.0,0.16066,12.0,0.16067,6.0
1753531661695,12:07:41.695,BAT/USDT:USDT,0.16035,11.0,0.16034,20.0,0.16051,11.0,0.16052,218.0
1753531661794,12:07:41.794,BAT/USDT:USDT,0.16035,11.0,0.16034,20.0,0.16051,11.0,0.16052,218.0
1753531661904,12:07:41.904,BAT/USDT:USDT,0.16035,11.0,0.16034,8.0,0.16051,11.0,0.16052,1158.0
1753531662001,12:07:42.001,BAT/USDT:USDT,0.16035,11.0,0.16034,8.0,0.16051,11.0,0.16052,1158.0
1753531662103,12:07:42.103,BAT/USDT:USDT,0.16035,11.0,0.16034,8.0,0.16051,11.0,0.16052,2471.0
1753531662206,12:07:42.206,BAT/USDT:USDT,0.16035,11.0,0.16034,8.0,0.16051,11.0,0.16052,2845.0
1753531662239,12:07:42.239,BAT/USDT:USDT,0.16035,11.0,0.16034,8.0,0.16051,11.0,0.16052,1905.0
1753531662521,12:07:42.521,BAT/USDT:USDT,0.16035,11.0,0.16034,8.0,0.16051,11.0,0.16052,1905.0
1753531662758,12:07:42.758,BAT/USDT:USDT,0.16035,11.0,0.16034,8.0,0.16051,11.0,0.16052,1905.0
1753531662935,12:07:42.935,BAT/USDT:USDT,0.16035,11.0,0.16034,8.0,0.16051,11.0,0.16052,1905.0
1753531663110,12:07:43.110,BAT/USDT:USDT,0.16035,11.0,0.16034,8.0,0.16051,11.0,0.16052,1905.0
1753531663117,12:07:43.117,BAT/USDT:USDT,0.16035,11.0,0.16034,8.0,0.16051,11.0,0.16052,1905.0
1753531664559,12:07:44.559,BAT/USDT:USDT,0.16035,11.0,0.16034,8.0,0.16051,11.0,0.16052,1905.0
1753531664894,12:07:44.894,BAT/USDT:USDT,0.16035,11.0,0.16034,8.0,0.16051,11.0,0.16052,1905.0
1753531665223,12:07:45.223,BAT/USDT:USDT,0.16035,11.0,0.16034,8.0,0.16051,11.0,0.16052,1687.0
1753531665317,12:07:45.317,BAT/USDT:USDT,0.16035,11.0,0.16034,8.0,0.16051,11.0,0.16052,1687.0
1753531665798,12:07:45.798,BAT/USDT:USDT,0.16035,11.0,0.16034,8.0,0.16051,11.0,0.16052,1687.0
1753531665936,12:07:45.936,BAT/USDT:USDT,0.16035,11.0,0.16034,8.0,0.16051,11.0,0.16052,1061.0
1753531666408,12:07:46.408,BAT/USDT:USDT,0.16035,11.0,0.16034,8.0,0.16052,1061.0,0.16053,4.0
1753531666507,12:07:46.507,BAT/USDT:USDT,0.1604,11.0,0.16039,34.0,0.16052,1061.0,0.16053,4.0
1753531666542,12:07:46.542,BAT/USDT:USDT,0.1604,11.0,0.16039,4.0,0.16052,1061.0,0.16053,4.0
1753531666674,12:07:46.674,BAT/USDT:USDT,0.1604,11.0,0.16039,4.0,0.16052,1061.0,0.16053,4.0
1753531667004,12:07:47.004,BAT/USDT:USDT,0.1604,11.0,0.16039,4.0,0.16051,11.0,0.16052,1061.0
1753531667026,12:07:47.026,BAT/USDT:USDT,0.1604,11.0,0.16039,4.0,0.16051,11.0,0.16052,1061.0
1753531667134,12:07:47.134,BAT/USDT:USDT,0.1604,11.0,0.16039,4.0,0.16052,1061.0,0.16053,4.0
1753531667343,12:07:47.343,BAT/USDT:USDT,0.1604,11.0,0.16039,4.0,0.16051,11.0,0.16052,1061.0
1753531667436,12:07:47.436,BAT/USDT:USDT,0.1604,11.0,0.16039,4.0,0.16051,11.0,0.16052,1061.0
1753531668278,12:07:48.278,BAT/USDT:USDT,0.1604,11.0,0.16039,4.0,0.16051,11.0,0.16052,687.0
1753531668660,12:07:48.660,BAT/USDT:USDT,0.1604,11.0,0.16039,4.0,0.16051,11.0,0.16052,687.0
1753531669167,12:07:49.167,BAT/USDT:USDT,0.1604,11.0,0.16039,4.0,0.16051,11.0,0.16052,687.0
1753531669478,12:07:49.478,BAT/USDT:USDT,0.1604,11.0,0.16039,4.0,0.16051,11.0,0.16052,687.0
1753531670072,12:07:50.072,BAT/USDT:USDT,0.1604,11.0,0.16039,4.0,0.16051,11.0,0.16052,687.0
1753531670514,12:07:50.514,BAT/USDT:USDT,0.1604,11.0,0.16039,4.0,0.16051,11.0,0.16052,687.0
1753531670699,12:07:50.699,BAT/USDT:USDT,0.1604,11.0,0.16039,4.0,0.16051,11.0,0.16052,687.0
1753531670803,12:07:50.803,BAT/USDT:USDT,0.16041,30.0,0.1604,11.0,0.16052,687.0,0.16053,4.0
1753531670832,12:07:50.832,BAT/USDT:USDT,0.16042,11.0,0.1604,11.0,0.16052,687.0,0.16053,4.0
1753531670973,12:07:50.973,BAT/USDT:USDT,0.1604,11.0,0.16039,4.0,0.16052,687.0,0.16053,4.0
1753531671082,12:07:51.082,BAT/USDT:USDT,0.1604,11.0,0.16039,4.0,0.16051,11.0,0.16052,687.0
1753531671117,12:07:51.117,BAT/USDT:USDT,0.1604,11.0,0.16039,4.0,0.16051,11.0,0.16052,687.0
1753531671317,12:07:51.317,BAT/USDT:USDT,0.1604,11.0,0.16039,4.0,0.16051,11.0,0.16052,687.0
1753531671529,12:07:51.529,BAT/USDT:USDT,0.1604,11.0,0.16039,4.0,0.16051,11.0,0.16052,687.0
1753531671680,12:07:51.680,BAT/USDT:USDT,0.1604,11.0,0.16039,4.0,0.16052,687.0,0.16053,4.0
1753531671959,12:07:51.959,BAT/USDT:USDT,0.1604,11.0,0.16039,4.0,0.16052,687.0,0.16053,4.0
1753531672433,12:07:52.433,BAT/USDT:USDT,0.1604,11.0,0.16039,4.0,0.16051,11.0,0.16052,687.0
1753531673501,12:07:53.501,BAT/USDT:USDT,0.1604,11.0,0.16039,4.0,0.16051,11.0,0.16052,687.0
1753531673553,12:07:53.553,BAT/USDT:USDT,0.1604,11.0,0.16039,4.0,0.16051,11.0,0.16052,687.0
1753531675601,12:07:55.601,BAT/USDT:USDT,0.1604,11.0,0.16039,4.0,0.16051,11.0,0.16053,4.0
1753531675699,12:07:55.699,BAT/USDT:USDT,0.16042,15.0,0.16041,4.0,0.16052,11.0,0.16053,4.0
1753531675756,12:07:55.756,BAT/USDT:USDT,0.16043,11.0,0.16042,15.0,0.16052,11.0,0.16053,4.0
1753531675869,12:07:55.869,BAT/USDT:USDT,0.16043,11.0,0.16042,4.0,0.16052,11.0,0.16053,4.0
1753531676046,12:07:56.046,BAT/USDT:USDT,0.16043,11.0,0.16042,4.0,0.16052,11.0,0.16053,4.0
1753531677696,12:07:57.696,BAT/USDT:USDT,0.16043,11.0,0.16042,4.0,0.16052,11.0,0.16053,4.0
1753531677840,12:07:57.840,BAT/USDT:USDT,0.16043,11.0,0.16042,4.0,0.16052,11.0,0.16053,4.0
1753531678114,12:07:58.114,BAT/USDT:USDT,0.16043,11.0,0.16042,4.0,0.16052,11.0,0.16053,4.0
1753531678400,12:07:58.400,BAT/USDT:USDT,0.16043,15.0,0.16042,8.0,0.16053,15.0,0.16054,4.0
1753531678418,12:07:58.418,BAT/USDT:USDT,0.16044,11.0,0.16043,4.0,0.16053,15.0,0.16054,4.0
1753531678527,12:07:58.527,BAT/USDT:USDT,0.16044,11.0,0.16043,4.0,0.16053,15.0,0.16054,4.0
1753531679404,12:07:59.404,BAT/USDT:USDT,0.16044,11.0,0.16043,4.0,0.16053,15.0,0.16054,4.0
1753531679425,12:07:59.425,BAT/USDT:USDT,0.16044,11.0,0.16043,4.0,0.16053,15.0,0.16054,4.0
1753531679610,12:07:59.610,BAT/USDT:USDT,0.16044,11.0,0.16043,4.0,0.16053,4.0,0.16054,4.0
1753531679746,12:07:59.746,BAT/USDT:USDT,0.16044,11.0,0.16043,4.0,0.16053,4.0,0.16054,4.0
1753531680014,12:08:00.014,BAT/USDT:USDT,0.16044,11.0,0.16043,4.0,0.16053,4.0,0.16054,4.0
1753531680109,12:08:00.109,BAT/USDT:USDT,0.16044,11.0,0.16043,4.0,0.16053,16.0,0.16054,4.0
1753531680114,12:08:00.114,BAT/USDT:USDT,0.16044,11.0,0.16043,4.0,0.16053,16.0,0.16054,4.0
1753531680652,12:08:00.652,BAT/USDT:USDT,0.16044,11.0,0.16043,4.0,0.16053,4.0,0.16054,4.0
1753531680804,12:08:00.804,BAT/USDT:USDT,0.16044,11.0,0.16043,4.0,0.16053,16.0,0.16054,4.0
1753531681210,12:08:01.210,BAT/USDT:USDT,0.16044,11.0,0.16043,4.0,0.16052,12.0,0.16053,16.0
1753531681271,12:08:01.271,BAT/USDT:USDT,0.16044,11.0,0.16043,4.0,0.16053,16.0,0.16054,4.0
1753531681800,12:08:01.800,BAT/USDT:USDT,0.16044,11.0,0.16043,4.0,0.16053,16.0,0.16054,4.0
1753531682007,12:08:02.007,BAT/USDT:USDT,0.16044,11.0,0.16043,4.0,0.16052,12.0,0.16053,4.0
1753531682140,12:08:02.140,BAT/USDT:USDT,0.16044,11.0,0.16043,4.0,0.16052,12.0,0.16053,4.0
1753531682306,12:08:02.306,BAT/USDT:USDT,0.16044,11.0,0.16043,4.0,0.16053,16.0,0.16054,4.0
1753531682871,12:08:02.871,BAT/USDT:USDT,0.16044,11.0,0.16043,4.0,0.16052,12.0,0.16053,4.0
1753531683402,12:08:03.402,BAT/USDT:USDT,0.16044,11.0,0.16043,4.0,0.16053,16.0,0.16054,4.0
1753531683423,12:08:03.423,BAT/USDT:USDT,0.16044,11.0,0.16043,4.0,0.16052,12.0,0.16053,4.0
1753531684282,12:08:04.282,BAT/USDT:USDT,0.16044,11.0,0.16043,4.0,0.16052,12.0,0.16053,4.0
1753531684613,12:08:04.613,BAT/USDT:USDT,0.16044,11.0,0.16043,4.0,0.16053,4.0,0.16054,4.0
1753531684639,12:08:04.639,BAT/USDT:USDT,0.16044,11.0,0.16043,4.0,0.16053,16.0,0.16054,4.0
1753531685182,12:08:05.182,BAT/USDT:USDT,0.16044,11.0,0.16043,4.0,0.16053,4.0,0.16054,4.0
1753531685298,12:08:05.298,BAT/USDT:USDT,0.16044,11.0,0.16043,4.0,0.16053,4.0,0.16054,4.0
1753531685389,12:08:05.389,BAT/USDT:USDT,0.16044,11.0,0.16043,4.0,0.16053,16.0,0.16054,4.0
1753531685430,12:08:05.430,BAT/USDT:USDT,0.16044,11.0,0.16043,4.0,0.16053,16.0,0.16054,4.0
1753531685759,12:08:05.759,BAT/USDT:USDT,0.16044,11.0,0.16043,4.0,0.16052,12.0,0.16053,4.0
1753531685855,12:08:05.855,BAT/USDT:USDT,0.16044,11.0,0.16043,4.0,0.16052,12.0,0.16053,4.0
1753531686430,12:08:06.430,BAT/USDT:USDT,0.16044,11.0,0.16043,4.0,0.16052,12.0,0.16053,4.0
1753531688208,12:08:08.208,BAT/USDT:USDT,0.16045,30.0,0.16044,11.0,0.16053,16.0,0.16054,4.0
1753531688262,12:08:08.262,BAT/USDT:USDT,0.16046,12.0,0.16044,11.0,0.16053,4.0,0.16054,4.0
1753531688402,12:08:08.402,BAT/USDT:USDT,0.16045,30.0,0.16044,11.0,0.16052,12.0,0.16053,4.0
1753531688438,12:08:08.438,BAT/USDT:USDT,0.16046,42.0,0.16044,11.0,0.16053,4.0,0.16054,4.0
1753531688572,12:08:08.572,BAT/USDT:USDT,0.16047,12.0,0.16044,11.0,0.16053,16.0,0.16054,4.0
1753531688689,12:08:08.689,BAT/USDT:USDT,0.16044,11.0,0.16042,4.0,0.16052,12.0,0.16053,4.0
1753531691607,12:08:11.607,BAT/USDT:USDT,0.1605,12.0,0.16048,12.0,0.16066,12.0,0.16068,198.0
1753531691639,12:08:11.639,BAT/USDT:USDT,0.1605,12.0,0.16048,12.0,0.16066,12.0,0.16068,198.0
1753531691781,12:08:11.781,BAT/USDT:USDT,0.16035,11.0,0.16033,323.0,0.16066,12.0,0.16068,198.0
1753531691934,12:08:11.934,BAT/USDT:USDT,0.16035,11.0,0.16033,323.0,0.16066,12.0,0.16068,198.0
1753531692753,12:08:12.753,BAT/USDT:USDT,0.16035,11.0,0.16033,323.0,0.16066,12.0,0.16068,198.0
1753531692865,12:08:12.865,BAT/USDT:USDT,0.16035,11.0,0.16033,323.0,0.16066,12.0,0.16068,198.0
1753531693171,12:08:13.171,BAT/USDT:USDT,0.16035,11.0,0.16033,323.0,0.16066,12.0,0.16068,198.0
1753531694792,12:08:14.792,BAT/USDT:USDT,0.16035,11.0,0.16033,323.0,0.16066,12.0,0.16068,198.0
1753531695043,12:08:15.043,BAT/USDT:USDT,0.16035,11.0,0.16033,323.0,0.16066,12.0,0.16068,198.0
1753531695636,12:08:15.636,BAT/USDT:USDT,0.16035,11.0,0.16033,323.0,0.16066,12.0,0.16068,198.0
1753531696874,12:08:16.874,BAT/USDT:USDT,0.16035,11.0,0.16033,323.0,0.16066,12.0,0.16068,198.0
1753531697209,12:08:17.209,BAT/USDT:USDT,0.16035,11.0,0.16033,323.0,0.16066,12.0,0.16068,198.0
1753531697273,12:08:17.273,BAT/USDT:USDT,0.16035,11.0,0.16033,323.0,0.16066,12.0,0.16068,198.0
1753531698274,12:08:18.274,BAT/USDT:USDT,0.16035,11.0,0.16033,323.0,0.16066,12.0,0.16068,198.0
1753531698479,12:08:18.479,BAT/USDT:USDT,0.16035,11.0,0.16033,323.0,0.16066,12.0,0.16068,198.0
1753531698900,12:08:18.900,BAT/USDT:USDT,0.16035,11.0,0.16033,323.0,0.16066,12.0,0.16068,198.0
1753531698923,12:08:18.923,BAT/USDT:USDT,0.16035,11.0,0.16033,323.0,0.16066,12.0,0.16068,198.0
1753531699360,12:08:19.360,BAT/USDT:USDT,0.16035,11.0,0.16033,323.0,0.16066,12.0,0.16068,198.0
1753531699705,12:08:19.705,BAT/USDT:USDT,0.16037,12.0,0.16036,62.0,0.16066,12.0,0.16068,198.0
1753531699779,12:08:19.779,BAT/USDT:USDT,0.1604,12.0,0.16037,12.0,0.16066,12.0,0.16068,198.0
1753531699910,12:08:19.910,BAT/USDT:USDT,0.16037,12.0,0.16036,50.0,0.16066,12.0,0.16068,198.0
1753531700127,12:08:20.127,BAT/USDT:USDT,0.16037,12.0,0.16036,50.0,0.16066,12.0,0.16068,198.0
1753531700759,12:08:20.759,BAT/USDT:USDT,0.16037,12.0,0.16036,50.0,0.16066,12.0,0.16068,198.0
1753531700944,12:08:20.944,BAT/USDT:USDT,0.16037,12.0,0.16036,50.0,0.16066,12.0,0.16068,198.0
1753531701498,12:08:21.498,BAT/USDT:USDT,0.16037,12.0,0.16036,50.0,0.16066,12.0,0.16068,198.0
1753531701645,12:08:21.645,BAT/USDT:USDT,0.16037,12.0,0.16035,50.0,0.16066,12.0,0.16068,198.0
1753531701769,12:08:21.769,BAT/USDT:USDT,0.16037,12.0,0.16035,50.0,0.16066,12.0,0.16068,198.0
1753531701824,12:08:21.824,BAT/USDT:USDT,0.16037,12.0,0.16035,50.0,0.16066,12.0,0.16068,198.0
1753531702096,12:08:22.096,BAT/USDT:USDT,0.16037,12.0,0.16035,50.0,0.16066,12.0,0.16068,198.0
1753531703659,12:08:23.659,BAT/USDT:USDT,0.16037,12.0,0.16035,50.0,0.16066,12.0,0.16068,198.0
1753531704652,12:08:24.652,BAT/USDT:USDT,0.16037,12.0,0.16035,50.0,0.16066,12.0,0.16068,198.0
1753531705300,12:08:25.300,BAT/USDT:USDT,0.16037,12.0,0.16035,50.0,0.16066,12.0,0.16068,198.0
1753531705377,12:08:25.377,BAT/USDT:USDT,0.16037,12.0,0.16035,50.0,0.16066,12.0,0.16068,198.0
1753531705798,12:08:25.798,BAT/USDT:USDT,0.16037,12.0,0.16035,50.0,0.16066,12.0,0.16068,198.0
1753531705814,12:08:25.814,BAT/USDT:USDT,0.16037,12.0,0.16035,50.0,0.16066,12.0,0.16068,198.0
1753531706597,12:08:26.597,BAT/USDT:USDT,0.16037,12.0,0.16035,50.0,0.16066,62.0,0.16067,50.0
1753531706698,12:08:26.698,BAT/USDT:USDT,0.16041,42.0,0.1604,30.0,0.16064,12.0,0.16065,50.0
1753531706800,12:08:26.800,BAT/USDT:USDT,0.16047,42.0,0.16046,34.0,0.16064,15.0,0.16065,50.0
1753531706897,12:08:26.897,BAT/USDT:USDT,0.16051,30.0,0.16049,12.0,0.16063,12.0,0.16064,6.0
1753531707017,12:08:27.017,BAT/USDT:USDT,0.16051,30.0,0.16049,12.0,0.16063,12.0,0.16064,6.0
1753531707833,12:08:27.833,BAT/USDT:USDT,0.16051,30.0,0.16049,12.0,0.16063,12.0,0.16064,6.0
1753531708005,12:08:28.005,BAT/USDT:USDT,0.16051,30.0,0.16049,12.0,0.16063,12.0,0.16064,6.0
1753531708257,12:08:28.257,BAT/USDT:USDT,0.16051,30.0,0.16049,12.0,0.16063,12.0,0.16064,6.0
1753531708567,12:08:28.567,BAT/USDT:USDT,0.16051,30.0,0.16049,12.0,0.16063,12.0,0.16064,6.0
1753531709004,12:08:29.004,BAT/USDT:USDT,0.16051,30.0,0.16049,12.0,0.16063,12.0,0.16064,6.0
1753531709704,12:08:29.704,BAT/USDT:USDT,0.16051,30.0,0.16049,12.0,0.16063,12.0,0.16064,6.0
1753531709808,12:08:29.808,BAT/USDT:USDT,0.16051,30.0,0.16049,12.0,0.16063,12.0,0.16064,6.0
1753531710173,12:08:30.173,BAT/USDT:USDT,0.16051,30.0,0.16049,12.0,0.16063,12.0,0.16064,6.0
1753531710260,12:08:30.260,BAT/USDT:USDT,0.16052,11.0,0.16051,4.0,0.16063,12.0,0.16064,6.0
1753531710473,12:08:30.473,BAT/USDT:USDT,0.16052,11.0,0.16051,4.0,0.16063,12.0,0.16064,6.0
1753531710681,12:08:30.681,BAT/USDT:USDT,0.16051,15.0,0.1605,4.0,0.16063,12.0,0.16064,6.0
1753531710770,12:08:30.770,BAT/USDT:USDT,0.16051,15.0,0.1605,4.0,0.16063,12.0,0.16064,6.0
1753531711157,12:08:31.157,BAT/USDT:USDT,0.16051,4.0,0.1605,4.0,0.16063,12.0,0.16064,6.0
1753531711509,12:08:31.509,BAT/USDT:USDT,0.16052,30.0,0.16051,15.0,0.16063,12.0,0.16064,6.0
1753531711844,12:08:31.844,BAT/USDT:USDT,0.16051,4.0,0.1605,8.0,0.16063,12.0,0.16064,6.0
1753531711993,12:08:31.993,BAT/USDT:USDT,0.16052,11.0,0.16051,4.0,0.16063,12.0,0.16064,6.0
1753531712119,12:08:32.119,BAT/USDT:USDT,0.16053,30.0,0.16052,11.0,0.16063,12.0,0.16064,6.0
1753531712358,12:08:32.358,BAT/USDT:USDT,0.16053,30.0,0.16052,11.0,0.16063,12.0,0.16064,6.0
1753531712772,12:08:32.772,BAT/USDT:USDT,0.16053,30.0,0.16052,11.0,0.16063,12.0,0.16064,6.0
1753531713770,12:08:33.770,BAT/USDT:USDT,0.16053,30.0,0.16051,4.0,0.16063,12.0,0.16064,6.0
1753531714457,12:08:34.457,BAT/USDT:USDT,0.16053,30.0,0.16051,4.0,0.16063,12.0,0.16064,6.0
1753531715159,12:08:35.159,BAT/USDT:USDT,0.16053,30.0,0.16051,4.0,0.16063,12.0,0.16064,6.0
1753531715537,12:08:35.537,BAT/USDT:USDT,0.16037,12.0,0.16035,50.0,0.16063,12.0,0.16064,6.0
1753531715902,12:08:35.902,BAT/USDT:USDT,0.16037,12.0,0.16035,50.0,0.16063,12.0,0.16064,6.0
1753531716065,12:08:36.065,BAT/USDT:USDT,0.16037,12.0,0.16035,50.0,0.16063,12.0,0.16064,6.0
1753531716151,12:08:36.151,BAT/USDT:USDT,0.16037,12.0,0.16035,50.0,0.16063,12.0,0.16064,6.0
1753531716460,12:08:36.460,BAT/USDT:USDT,0.16037,12.0,0.16035,50.0,0.16063,12.0,0.16064,6.0
1753531716791,12:08:36.791,BAT/USDT:USDT,0.16037,12.0,0.16035,50.0,0.16063,12.0,0.16064,6.0
1753531716903,12:08:36.903,BAT/USDT:USDT,0.16037,12.0,0.16035,50.0,0.16063,12.0,0.16064,6.0
1753531716939,12:08:36.939,BAT/USDT:USDT,0.16037,12.0,0.16035,50.0,0.16063,12.0,0.16064,6.0
1753531717357,12:08:37.357,BAT/USDT:USDT,0.16037,12.0,0.16035,50.0,0.16063,12.0,0.16064,6.0
1753531717794,12:08:37.794,BAT/USDT:USDT,0.16037,12.0,0.16035,50.0,0.16063,12.0,0.16064,6.0
1753531717886,12:08:37.886,BAT/USDT:USDT,0.16037,12.0,0.16035,50.0,0.16063,12.0,0.16064,6.0
1753531717953,12:08:37.953,BAT/USDT:USDT,0.16037,12.0,0.16035,50.0,0.16063,12.0,0.16064,6.0
1753531718511,12:08:38.511,BAT/USDT:USDT,0.16037,12.0,0.16035,50.0,0.16063,12.0,0.16064,6.0
1753531718585,12:08:38.585,BAT/USDT:USDT,0.16037,12.0,0.16035,50.0,0.16063,12.0,0.16064,6.0
1753531718778,12:08:38.778,BAT/USDT:USDT,0.16037,12.0,0.16035,50.0,0.16063,12.0,0.16064,6.0
1753531719112,12:08:39.112,BAT/USDT:USDT,0.16037,12.0,0.16035,50.0,0.16061,12.0,0.16062,186.0
1753531719207,12:08:39.207,BAT/USDT:USDT,0.16037,12.0,0.16035,50.0,0.16057,12.0,0.16058,186.0
1753531719449,12:08:39.449,BAT/USDT:USDT,0.16037,12.0,0.16035,50.0,0.16057,12.0,0.16058,186.0
1753531719788,12:08:39.788,BAT/USDT:USDT,0.16037,12.0,0.16035,50.0,0.16057,12.0,0.16058,186.0
1753531720210,12:08:40.210,BAT/USDT:USDT,0.16037,12.0,0.16035,50.0,0.16057,12.0,0.16058,186.0
1753531720271,12:08:40.271,BAT/USDT:USDT,0.16037,12.0,0.16035,50.0,0.16057,12.0,0.16058,186.0
1753531720409,12:08:40.409,BAT/USDT:USDT,0.16037,12.0,0.16035,50.0,0.16057,12.0,0.16058,186.0
1753531720888,12:08:40.888,BAT/USDT:USDT,0.16037,12.0,0.16035,50.0,0.16057,12.0,0.16058,186.0
1753531721001,12:08:41.001,BAT/USDT:USDT,0.16037,12.0,0.16035,50.0,0.16057,12.0,0.16058,186.0
1753531721019,12:08:41.019,BAT/USDT:USDT,0.16037,12.0,0.16035,50.0,0.16057,12.0,0.16058,186.0
1753531721136,12:08:41.136,BAT/USDT:USDT,0.16037,12.0,0.16035,50.0,0.16057,12.0,0.16058,186.0
1753531721504,12:08:41.504,BAT/USDT:USDT,0.16011,187.0,0.15998,11.0,0.16057,12.0,0.16058,186.0
1753531721612,12:08:41.612,BAT/USDT:USDT,0.16014,12.0,0.16012,12.0,0.16057,12.0,0.16058,186.0
1753531721690,12:08:41.690,BAT/USDT:USDT,0.16012,12.0,0.16011,187.0,0.16057,12.0,0.16058,186.0
1753531721793,12:08:41.793,BAT/USDT:USDT,0.16012,12.0,0.16011,187.0,0.16057,12.0,0.16058,186.0
1753531721910,12:08:41.910,BAT/USDT:USDT,0.16012,12.0,0.16011,187.0,0.16057,12.0,0.16058,186.0
1753531721953,12:08:41.953,BAT/USDT:USDT,0.16012,12.0,0.16011,187.0,0.16057,12.0,0.16058,186.0
1753531722100,12:08:42.100,BAT/USDT:USDT,0.16012,12.0,0.16011,187.0,0.16057,12.0,0.16058,186.0
1753531722164,12:08:42.164,BAT/USDT:USDT,0.16012,12.0,0.16011,187.0,0.16057,12.0,0.16058,186.0
1753531722297,12:08:42.297,BAT/USDT:USDT,0.16012,12.0,0.16011,187.0,0.16057,12.0,0.16058,186.0
1753531722362,12:08:42.362,BAT/USDT:USDT,0.16012,12.0,0.16011,187.0,0.16057,12.0,0.16058,186.0
1753531722691,12:08:42.691,BAT/USDT:USDT,0.16012,12.0,0.16011,187.0,0.16057,12.0,0.16058,186.0
1753531722747,12:08:42.747,BAT/USDT:USDT,0.16012,12.0,0.16011,187.0,0.16057,12.0,0.16058,186.0
1753531723000,12:08:43.000,BAT/USDT:USDT,0.16012,12.0,0.16011,187.0,0.16057,12.0,0.16058,186.0
1753531723105,12:08:43.105,BAT/USDT:USDT,0.16012,12.0,0.16011,187.0,0.16057,12.0,0.16058,186.0
1753531723200,12:08:43.200,BAT/USDT:USDT,0.16012,12.0,0.16011,187.0,0.16057,12.0,0.16058,186.0
1753531723300,12:08:43.300,BAT/USDT:USDT,0.16012,12.0,0.16011,187.0,0.16057,12.0,0.16058,186.0
1753531723613,12:08:43.613,BAT/USDT:USDT,0.16012,12.0,0.16011,187.0,0.16057,12.0,0.16058,186.0
1753531723622,12:08:43.622,BAT/USDT:USDT,0.16012,12.0,0.16011,187.0,0.16057,12.0,0.16058,186.0
1753531723814,12:08:43.814,BAT/USDT:USDT,0.16021,42.0,0.1602,30.0,0.16057,12.0,0.16058,186.0
1753531723899,12:08:43.899,BAT/USDT:USDT,0.16027,30.0,0.16026,42.0,0.16057,12.0,0.16058,186.0
1753531723997,12:08:43.997,BAT/USDT:USDT,0.16033,12.0,0.16031,16.0,0.16055,12.0,0.16056,15.0
1753531724093,12:08:44.093,BAT/USDT:USDT,0.16033,12.0,0.16031,16.0,0.16055,12.0,0.16056,15.0
1753531724150,12:08:44.150,BAT/USDT:USDT,0.16033,12.0,0.16031,16.0,0.16055,12.0,0.16056,3.0
1753531724398,12:08:44.398,BAT/USDT:USDT,0.16033,12.0,0.16031,16.0,0.16055,12.0,0.16056,3.0
1753531724773,12:08:44.773,BAT/USDT:USDT,0.16033,12.0,0.16031,16.0,0.16055,12.0,0.16056,3.0
1753531724848,12:08:44.848,BAT/USDT:USDT,0.16033,12.0,0.16031,16.0,0.16055,12.0,0.16056,3.0
1753531725186,12:08:45.186,BAT/USDT:USDT,0.16033,12.0,0.16031,16.0,0.16055,12.0,0.16056,3.0
1753531725240,12:08:45.240,BAT/USDT:USDT,0.16033,12.0,0.16031,16.0,0.16055,12.0,0.16056,3.0
1753531725607,12:08:45.607,BAT/USDT:USDT,0.16033,12.0,0.16031,16.0,0.16055,12.0,0.16056,3.0
1753531726011,12:08:46.011,BAT/USDT:USDT,0.16033,12.0,0.16031,16.0,0.16055,12.0,0.16056,3.0
1753531726035,12:08:46.035,BAT/USDT:USDT,0.16033,12.0,0.16031,16.0,0.16055,12.0,0.16056,3.0
1753531726713,12:08:46.713,BAT/USDT:USDT,0.16034,30.0,0.16033,12.0,0.16055,12.0,0.16056,3.0
1753531726801,12:08:46.801,BAT/USDT:USDT,0.16039,42.0,0.16038,42.0,0.16055,12.0,0.16056,3.0
1753531726897,12:08:46.897,BAT/USDT:USDT,0.16044,30.0,0.16043,30.0,0.16055,12.0,0.16056,3.0
1753531726964,12:08:46.964,BAT/USDT:USDT,0.16038,12.0,0.16037,8.0,0.16055,12.0,0.16056,3.0
1753531727091,12:08:47.091,BAT/USDT:USDT,0.16038,12.0,0.16037,8.0,0.16055,12.0,0.16056,3.0
1753531727121,12:08:47.121,BAT/USDT:USDT,0.16038,12.0,0.16037,8.0,0.16055,12.0,0.16056,3.0
1753531727406,12:08:47.406,BAT/USDT:USDT,0.16038,12.0,0.16037,8.0,0.16055,12.0,0.16056,3.0
1753531728083,12:08:48.083,BAT/USDT:USDT,0.16038,12.0,0.16037,4.0,0.16055,12.0,0.16056,3.0
1753531729088,12:08:49.088,BAT/USDT:USDT,0.16038,12.0,0.16037,4.0,0.16055,12.0,0.16056,3.0
1753531729454,12:08:49.454,BAT/USDT:USDT,0.16038,12.0,0.16037,4.0,0.16055,12.0,0.16056,3.0
1753531729566,12:08:49.566,BAT/USDT:USDT,0.16014,157.0,0.16012,12.0,0.16055,12.0,0.16056,3.0
1753531729799,12:08:49.799,BAT/USDT:USDT,0.16021,42.0,0.1602,42.0,0.16055,12.0,0.16056,3.0
1753531729878,12:08:49.878,BAT/USDT:USDT,0.16025,12.0,0.16024,12.0,0.16055,12.0,0.16056,3.0
1753531730010,12:08:50.010,BAT/USDT:USDT,0.16025,12.0,0.16022,12.0,0.16055,12.0,0.16056,3.0
1753531730064,12:08:50.064,BAT/USDT:USDT,0.16012,12.0,0.16011,187.0,0.16055,12.0,0.16056,3.0
1753531730212,12:08:50.212,BAT/USDT:USDT,0.16019,42.0,0.16018,30.0,0.16055,12.0,0.16056,3.0
1753531730294,12:08:50.294,BAT/USDT:USDT,0.1602,12.0,0.16015,12.0,0.16055,12.0,0.16056,3.0
1753531730371,12:08:50.371,BAT/USDT:USDT,0.16015,12.0,0.16014,157.0,0.16055,12.0,0.16056,3.0
1753531730824,12:08:50.824,BAT/USDT:USDT,0.16015,12.0,0.16014,157.0,0.16055,12.0,0.16056,3.0
1753531731040,12:08:51.040,BAT/USDT:USDT,0.16015,12.0,0.16014,157.0,0.16055,12.0,0.16056,3.0
1753531731590,12:08:51.590,BAT/USDT:USDT,0.16015,12.0,0.16014,157.0,0.16055,12.0,0.16056,3.0
1753531732333,12:08:52.333,BAT/USDT:USDT,0.16015,12.0,0.16014,157.0,0.16055,12.0,0.16056,3.0
1753531732534,12:08:52.534,BAT/USDT:USDT,0.16015,12.0,0.16014,157.0,0.16055,12.0,0.16056,3.0
1753531733498,12:08:53.498,BAT/USDT:USDT,0.16015,12.0,0.16013,323.0,0.16054,186.0,0.16055,12.0
1753531733561,12:08:53.561,BAT/USDT:USDT,0.16015,12.0,0.16013,323.0,0.16049,12.0,0.1605,186.0
1753531733758,12:08:53.758,BAT/USDT:USDT,0.16015,12.0,0.16013,323.0,0.16047,12.0,0.16048,186.0
1753531734033,12:08:54.033,BAT/USDT:USDT,0.16015,12.0,0.16013,323.0,0.16047,12.0,0.16048,186.0
1753531734538,12:08:54.538,BAT/USDT:USDT,0.16015,12.0,0.16013,323.0,0.16047,12.0,0.16048,186.0
1753531735546,12:08:55.546,BAT/USDT:USDT,0.16015,12.0,0.16013,323.0,0.16047,12.0,0.16048,186.0
1753531735687,12:08:55.687,BAT/USDT:USDT,0.16015,12.0,0.16013,323.0,0.16047,12.0,0.16048,186.0
1753531735780,12:08:55.780,BAT/USDT:USDT,0.16015,12.0,0.16013,323.0,0.16047,12.0,0.16048,186.0
1753531735908,12:08:55.908,BAT/USDT:USDT,0.16015,12.0,0.16013,323.0,0.16047,12.0,0.16048,186.0
1753531736055,12:08:56.055,BAT/USDT:USDT,0.16015,12.0,0.16013,323.0,0.16047,12.0,0.16048,186.0
1753531737048,12:08:57.048,BAT/USDT:USDT,0.16015,12.0,0.16013,323.0,0.16047,12.0,0.16048,186.0
1753531737706,12:08:57.706,BAT/USDT:USDT,0.16015,12.0,0.16013,323.0,0.16047,12.0,0.16048,186.0
1753531738100,12:08:58.100,BAT/USDT:USDT,0.16015,12.0,0.16013,323.0,0.16047,12.0,0.16048,186.0
1753531738435,12:08:58.435,BAT/USDT:USDT,0.16015,12.0,0.16013,323.0,0.16047,12.0,0.16048,186.0
1753531738560,12:08:58.560,BAT/USDT:USDT,0.16015,12.0,0.16013,323.0,0.16047,12.0,0.16048,186.0
1753531739120,12:08:59.120,BAT/USDT:USDT,0.16015,12.0,0.16013,323.0,0.16047,12.0,0.16048,186.0
1753531739559,12:08:59.559,BAT/USDT:USDT,0.16015,12.0,0.16013,323.0,0.16047,12.0,0.16048,186.0
1753531739693,12:08:59.693,BAT/USDT:USDT,0.16015,12.0,0.16013,323.0,0.16047,12.0,0.16048,186.0
1753531739730,12:08:59.730,BAT/USDT:USDT,0.16015,12.0,0.16013,323.0,0.16047,12.0,0.16048,186.0
1753531740082,12:09:00.082,BAT/USDT:USDT,0.16015,12.0,0.16013,323.0,0.16047,12.0,0.16048,186.0
1753531740239,12:09:00.239,BAT/USDT:USDT,0.16015,12.0,0.16013,323.0,0.16047,12.0,0.16048,186.0
1753531741341,12:09:01.341,BAT/USDT:USDT,0.16015,12.0,0.16013,323.0,0.16047,12.0,0.16048,186.0
1753531741571,12:09:01.571,BAT/USDT:USDT,0.16015,12.0,0.16013,323.0,0.16047,12.0,0.16048,186.0
1753531741754,12:09:01.754,BAT/USDT:USDT,0.16015,12.0,0.16013,323.0,0.16047,12.0,0.16048,186.0
1753531742364,12:09:02.364,BAT/USDT:USDT,0.16015,12.0,0.16013,323.0,0.16047,12.0,0.16048,186.0
1753531743061,12:09:03.061,BAT/USDT:USDT,0.16015,12.0,0.16013,323.0,0.16047,12.0,0.16048,186.0
1753531744083,12:09:04.083,BAT/USDT:USDT,0.16015,12.0,0.16013,323.0,0.16047,12.0,0.16048,186.0
1753531744597,12:09:04.597,BAT/USDT:USDT,0.16015,12.0,0.16013,323.0,0.16047,12.0,0.16048,186.0
1753531746081,12:09:06.081,BAT/USDT:USDT,0.16015,12.0,0.16013,323.0,0.16047,12.0,0.16048,186.0
1753531746663,12:09:06.663,BAT/USDT:USDT,0.16015,12.0,0.16013,323.0,0.16047,12.0,0.16048,186.0
1753531747587,12:09:07.587,BAT/USDT:USDT,0.16015,12.0,0.16013,323.0,0.16047,12.0,0.16048,186.0
1753531747702,12:09:07.702,BAT/USDT:USDT,0.1599,12.0,0.15986,12.0,0.16047,12.0,0.16048,186.0
1753531747800,12:09:07.800,BAT/USDT:USDT,0.16007,11.0,0.16004,11.0,0.16047,12.0,0.16048,186.0
1753531747897,12:09:07.897,BAT/USDT:USDT,0.16013,11.0,0.16011,11.0,0.16047,12.0,0.16048,186.0
1753531748109,12:09:08.109,BAT/USDT:USDT,0.16004,11.0,0.16003,324.0,0.16047,12.0,0.16048,186.0
1753531748175,12:09:08.175,BAT/USDT:USDT,0.16004,11.0,0.16003,324.0,0.16047,12.0,0.16048,186.0
1753531748826,12:09:08.826,BAT/USDT:USDT,0.16004,11.0,0.16003,324.0,0.16047,12.0,0.16048,186.0
1753531749078,12:09:09.078,BAT/USDT:USDT,0.16004,11.0,0.16003,324.0,0.16047,12.0,0.16048,186.0
1753531750660,12:09:10.660,BAT/USDT:USDT,0.16004,11.0,0.16003,324.0,0.16047,12.0,0.16048,186.0
1753531750991,12:09:10.991,BAT/USDT:USDT,0.16004,11.0,0.16003,324.0,0.16047,12.0,0.16048,186.0
1753531751880,12:09:11.880,BAT/USDT:USDT,0.16004,11.0,0.16003,324.0,0.16047,12.0,0.16048,186.0
1753531752314,12:09:12.314,BAT/USDT:USDT,0.16004,11.0,0.16003,324.0,0.16047,12.0,0.16048,186.0
1753531752994,12:09:12.994,BAT/USDT:USDT,0.16004,11.0,0.16003,324.0,0.16047,12.0,0.16048,186.0
1753531753134,12:09:13.134,BAT/USDT:USDT,0.16004,11.0,0.16003,324.0,0.16047,12.0,0.16048,186.0
1753531754947,12:09:14.947,BAT/USDT:USDT,0.16004,11.0,0.16003,481.0,0.16047,12.0,0.16048,186.0
1753531755694,12:09:15.694,BAT/USDT:USDT,0.16004,11.0,0.16003,324.0,0.16047,12.0,0.16048,186.0
1753531755756,12:09:15.756,BAT/USDT:USDT,0.16004,11.0,0.16003,324.0,0.16047,12.0,0.16048,186.0
1753531755982,12:09:15.982,BAT/USDT:USDT,0.16004,11.0,0.16003,324.0,0.16047,12.0,0.16048,186.0
1753531756610,12:09:16.610,BAT/USDT:USDT,0.16004,11.0,0.16003,324.0,0.16042,187.0,0.16043,12.0
1753531756675,12:09:16.675,BAT/USDT:USDT,0.16004,11.0,0.16003,324.0,0.16037,12.0,0.16038,187.0
1753531756787,12:09:16.787,BAT/USDT:USDT,0.16004,11.0,0.16003,324.0,0.16037,12.0,0.16038,187.0
1753531756934,12:09:16.934,BAT/USDT:USDT,0.16004,11.0,0.16003,324.0,0.16037,12.0,0.16038,187.0
1753531757405,12:09:17.405,BAT/USDT:USDT,0.16004,11.0,0.16003,324.0,0.16037,12.0,0.16038,187.0
1753531757605,12:09:17.605,BAT/USDT:USDT,0.16004,11.0,0.16003,324.0,0.16037,12.0,0.16038,187.0
1753531758834,12:09:18.834,BAT/USDT:USDT,0.16004,11.0,0.16003,324.0,0.16037,12.0,0.16038,187.0
1753531759229,12:09:19.229,BAT/USDT:USDT,0.16004,11.0,0.16003,324.0,0.16037,12.0,0.16038,187.0
1753531759550,12:09:19.550,BAT/USDT:USDT,0.16004,11.0,0.16003,324.0,0.16037,12.0,0.16038,187.0
1753531760307,12:09:20.307,BAT/USDT:USDT,0.16004,11.0,0.16003,324.0,0.16037,12.0,0.16038,187.0
1753531760319,12:09:20.319,BAT/USDT:USDT,0.16004,11.0,0.16003,324.0,0.16037,12.0,0.16038,187.0
1753531761024,12:09:21.024,BAT/USDT:USDT,0.16004,11.0,0.16003,324.0,0.16037,12.0,0.16038,187.0
1753531761197,12:09:21.197,BAT/USDT:USDT,0.16004,11.0,0.16003,324.0,0.16037,12.0,0.16038,187.0
1753531761680,12:09:21.680,BAT/USDT:USDT,0.16004,11.0,0.16003,324.0,0.16037,12.0,0.16038,187.0
1753531762102,12:09:22.102,BAT/USDT:USDT,0.16004,11.0,0.16003,324.0,0.16037,12.0,0.16038,187.0
1753531762179,12:09:22.179,BAT/USDT:USDT,0.16004,11.0,0.16003,324.0,0.16037,12.0,0.16038,187.0
1753531762868,12:09:22.868,BAT/USDT:USDT,0.16004,11.0,0.16003,324.0,0.16037,12.0,0.16038,187.0
1753531763013,12:09:23.013,BAT/USDT:USDT,0.16006,11.0,0.16005,50.0,0.16037,12.0,0.16038,187.0
1753531763037,12:09:23.037,BAT/USDT:USDT,0.16007,11.0,0.16006,50.0,0.16037,12.0,0.16038,187.0
1753531763285,12:09:23.285,BAT/USDT:USDT,0.16007,11.0,0.16006,50.0,0.16037,12.0,0.16038,187.0
1753531763813,12:09:23.813,BAT/USDT:USDT,0.16007,11.0,0.16006,50.0,0.16037,12.0,0.16038,187.0
1753531764912,12:09:24.912,BAT/USDT:USDT,0.16007,11.0,0.16006,50.0,0.16037,12.0,0.16038,187.0
1753531764980,12:09:24.980,BAT/USDT:USDT,0.16007,11.0,0.16005,50.0,0.16037,12.0,0.16038,187.0
1753531765072,12:09:25.072,BAT/USDT:USDT,0.16007,11.0,0.16005,50.0,0.16037,12.0,0.16038,187.0
1753531765499,12:09:25.499,BAT/USDT:USDT,0.16007,11.0,0.16005,50.0,0.16037,12.0,0.16038,187.0
1753531765802,12:09:25.802,BAT/USDT:USDT,0.16009,11.0,0.16007,11.0,0.16047,11.0,0.16048,186.0
1753531765819,12:09:25.819,BAT/USDT:USDT,0.16009,11.0,0.16007,11.0,0.16047,11.0,0.16048,186.0
1753531765967,12:09:25.967,BAT/USDT:USDT,0.16007,11.0,0.16005,50.0,0.16047,11.0,0.16048,186.0
1753531766399,12:09:26.399,BAT/USDT:USDT,0.16007,11.0,0.16005,50.0,0.16047,11.0,0.16048,186.0
1753531766906,12:09:26.906,BAT/USDT:USDT,0.16007,11.0,0.16002,11.0,0.16047,11.0,0.16048,186.0
1753531766938,12:09:26.938,BAT/USDT:USDT,0.16007,61.0,0.16002,11.0,0.16047,11.0,0.16048,186.0
1753531767099,12:09:27.099,BAT/USDT:USDT,0.16009,61.0,0.16002,11.0,0.16047,11.0,0.16048,186.0
1753531767198,12:09:27.198,BAT/USDT:USDT,0.16012,11.0,0.16002,11.0,0.16047,11.0,0.16048,186.0
1753531767332,12:09:27.332,BAT/USDT:USDT,0.16002,11.0,0.16,168.0,0.16047,11.0,0.16048,186.0
1753531767595,12:09:27.595,BAT/USDT:USDT,0.16002,11.0,0.16,168.0,0.16046,11.0,0.16047,3.0
1753531767812,12:09:27.812,BAT/USDT:USDT,0.16002,11.0,0.16,168.0,0.16046,11.0,0.16048,186.0
1753531767898,12:09:27.898,BAT/USDT:USDT,0.16002,11.0,0.16,168.0,0.16045,11.0,0.16046,3.0
1753531767969,12:09:27.969,BAT/USDT:USDT,0.16002,11.0,0.16,168.0,0.16045,11.0,0.16046,3.0
1753531768098,12:09:28.098,BAT/USDT:USDT,0.16002,11.0,0.16,168.0,0.16045,11.0,0.16048,186.0
1753531768211,12:09:28.211,BAT/USDT:USDT,0.16002,11.0,0.16,168.0,0.16044,11.0,0.16045,3.0
1753531768267,12:09:28.267,BAT/USDT:USDT,0.16002,11.0,0.16,168.0,0.16044,11.0,0.16045,3.0
1753531768394,12:09:28.394,BAT/USDT:USDT,0.16002,11.0,0.16,168.0,0.16044,11.0,0.16048,186.0
1753531768442,12:09:28.442,BAT/USDT:USDT,0.16002,11.0,0.16,168.0,0.16043,11.0,0.16044,3.0
1753531768536,12:09:28.536,BAT/USDT:USDT,0.16002,11.0,0.16,168.0,0.16043,11.0,0.16048,186.0
1753531769200,12:09:29.200,BAT/USDT:USDT,0.16002,11.0,0.16,168.0,0.16043,11.0,0.16048,186.0
1753531769305,12:09:29.305,BAT/USDT:USDT,0.16002,11.0,0.16,168.0,0.16043,11.0,0.16048,186.0
1753531770237,12:09:30.237,BAT/USDT:USDT,0.16002,11.0,0.16,168.0,0.16043,11.0,0.16048,186.0
1753531770914,12:09:30.914,BAT/USDT:USDT,0.16002,11.0,0.16,11.0,0.16041,249.0,0.16042,50.0
1753531770958,12:09:30.958,BAT/USDT:USDT,0.16,11.0,0.15994,334.0,0.16037,12.0,0.16038,187.0
1753531771377,12:09:31.377,BAT/USDT:USDT,0.16,11.0,0.15994,334.0,0.16037,12.0,0.16038,187.0
1753531772093,12:09:32.093,BAT/USDT:USDT,0.16,11.0,0.15994,334.0,0.16037,12.0,0.16038,187.0
1753531772164,12:09:32.164,BAT/USDT:USDT,0.16,11.0,0.15994,334.0,0.16037,12.0,0.16038,187.0
1753531772260,12:09:32.260,BAT/USDT:USDT,0.16,11.0,0.15994,334.0,0.16037,12.0,0.16038,187.0
1753531772357,12:09:32.357,BAT/USDT:USDT,0.16,11.0,0.15994,334.0,0.16037,12.0,0.16038,187.0
1753531772597,12:09:32.597,BAT/USDT:USDT,0.16,11.0,0.15994,334.0,0.16037,12.0,0.16038,187.0
1753531772792,12:09:32.792,BAT/USDT:USDT,0.16,11.0,0.15994,334.0,0.16037,12.0,0.16038,187.0
1753531772900,12:09:32.900,BAT/USDT:USDT,0.16,11.0,0.15994,334.0,0.16037,12.0,0.16038,187.0
1753531772946,12:09:32.946,BAT/USDT:USDT,0.16,11.0,0.15994,334.0,0.16037,12.0,0.16038,187.0
1753531773081,12:09:33.081,BAT/USDT:USDT,0.16,11.0,0.15994,334.0,0.16035,12.0,0.16036,626.0
1753531773158,12:09:33.158,BAT/USDT:USDT,0.16,11.0,0.15994,334.0,0.16035,12.0,0.16036,626.0
1753531773253,12:09:33.253,BAT/USDT:USDT,0.16,11.0,0.15994,334.0,0.16035,12.0,0.16036,626.0
1753531773357,12:09:33.357,BAT/USDT:USDT,0.16,11.0,0.15994,334.0,0.16035,12.0,0.16036,1313.0
1753531773511,12:09:33.511,BAT/USDT:USDT,0.16,11.0,0.15994,334.0,0.16035,12.0,0.16036,1313.0
1753531773518,12:09:33.518,BAT/USDT:USDT,0.16,11.0,0.15994,334.0,0.16035,12.0,0.16036,1313.0
1753531773807,12:09:33.807,BAT/USDT:USDT,0.16,11.0,0.15994,334.0,0.16035,12.0,0.16036,687.0
1753531774602,12:09:34.602,BAT/USDT:USDT,0.16,11.0,0.15994,334.0,0.16035,12.0,0.16036,687.0
1753531774630,12:09:34.630,BAT/USDT:USDT,0.16,11.0,0.15994,334.0,0.16035,12.0,0.16036,687.0
1753531775412,12:09:35.412,BAT/USDT:USDT,0.16,11.0,0.15994,334.0,0.16035,12.0,0.16036,687.0
1753531776726,12:09:36.726,BAT/USDT:USDT,0.16,11.0,0.15994,334.0,0.16035,12.0,0.16036,687.0
1753531778851,12:09:38.851,BAT/USDT:USDT,0.16,11.0,0.15994,334.0,0.16035,12.0,0.16036,687.0
1753531779136,12:09:39.136,BAT/USDT:USDT,0.16,11.0,0.15994,334.0,0.16035,12.0,0.16036,687.0
1753531779402,12:09:39.402,BAT/USDT:USDT,0.16,11.0,0.15995,157.0,0.16035,12.0,0.16036,687.0
1753531779467,12:09:39.467,BAT/USDT:USDT,0.16,11.0,0.15995,157.0,0.16035,12.0,0.16036,687.0
1753531779603,12:09:39.603,BAT/USDT:USDT,0.16,11.0,0.15995,157.0,0.16035,12.0,0.16036,687.0
1753531780176,12:09:40.176,BAT/USDT:USDT,0.16,11.0,0.15995,157.0,0.16035,12.0,0.16036,687.0
1753531780309,12:09:40.309,BAT/USDT:USDT,0.16001,187.0,0.16,11.0,0.16033,11.0,0.16034,940.0
1753531780398,12:09:40.398,BAT/USDT:USDT,0.16006,15.0,0.16005,11.0,0.16033,11.0,0.16034,940.0
1753531780509,12:09:40.509,BAT/USDT:USDT,0.16007,11.0,0.16006,4.0,0.16031,11.0,0.16032,3.0
1753531780678,12:09:40.678,BAT/USDT:USDT,0.16008,11.0,0.16007,4.0,0.16031,11.0,0.16032,3.0
1753531780967,12:09:40.967,BAT/USDT:USDT,0.16008,11.0,0.16007,4.0,0.16031,11.0,0.16032,3.0
1753531781851,12:09:41.851,BAT/USDT:USDT,0.16008,11.0,0.16007,4.0,0.16032,14.0,0.16033,3.0
1753531781998,12:09:41.998,BAT/USDT:USDT,0.16012,11.0,0.16011,50.0,0.16032,3.0,0.16033,3.0
1753531782102,12:09:42.102,BAT/USDT:USDT,0.16016,61.0,0.16015,50.0,0.16032,3.0,0.16033,3.0
1753531782198,12:09:42.198,BAT/USDT:USDT,0.16017,11.0,0.16016,50.0,0.16032,3.0,0.16033,3.0
1753531782306,12:09:42.306,BAT/USDT:USDT,0.16017,11.0,0.16016,50.0,0.16032,3.0,0.16033,3.0
1753531783105,12:09:43.105,BAT/USDT:USDT,0.16017,11.0,0.16016,50.0,0.16032,3.0,0.16033,3.0
1753531783291,12:09:43.291,BAT/USDT:USDT,0.16017,11.0,0.16016,50.0,0.16031,11.0,0.16032,14.0
1753531783443,12:09:43.443,BAT/USDT:USDT,0.16017,11.0,0.16016,50.0,0.16031,11.0,0.16032,3.0
1753531783711,12:09:43.711,BAT/USDT:USDT,0.16017,11.0,0.16016,50.0,0.16031,11.0,0.16032,3.0
1753531783716,12:09:43.716,BAT/USDT:USDT,0.16017,11.0,0.16016,50.0,0.16031,11.0,0.16032,3.0
1753531784958,12:09:44.958,BAT/USDT:USDT,0.16017,11.0,0.16016,50.0,0.16031,11.0,0.16032,3.0
1753531785232,12:09:45.232,BAT/USDT:USDT,0.16017,11.0,0.16016,50.0,0.16031,11.0,0.16032,3.0
1753531785332,12:09:45.332,BAT/USDT:USDT,0.16017,11.0,0.16016,50.0,0.16031,11.0,0.16032,3.0
1753531785501,12:09:45.501,BAT/USDT:USDT,0.16017,11.0,0.16016,50.0,0.16031,11.0,0.16032,3.0
1753531785694,12:09:45.694,BAT/USDT:USDT,0.16017,11.0,0.16016,50.0,0.16031,11.0,0.16032,3.0
1753531785749,12:09:45.749,BAT/USDT:USDT,0.16017,11.0,0.16016,50.0,0.16031,11.0,0.16032,3.0
1753531786512,12:09:46.512,BAT/USDT:USDT,0.16017,11.0,0.16016,50.0,0.16032,3.0,0.16033,3.0
1753531786564,12:09:46.564,BAT/USDT:USDT,0.16017,11.0,0.16016,50.0,0.16031,11.0,0.16032,3.0
1753531786978,12:09:46.978,BAT/USDT:USDT,0.16017,11.0,0.16016,50.0,0.16031,11.0,0.16032,3.0
1753531787309,12:09:47.309,BAT/USDT:USDT,0.16017,11.0,0.16016,50.0,0.16031,11.0,0.16032,3.0
1753531787397,12:09:47.397,BAT/USDT:USDT,0.16017,11.0,0.16016,50.0,0.16059,11.0,0.16076,11.0
1753531787515,12:09:47.515,BAT/USDT:USDT,0.16017,11.0,0.16016,50.0,0.1607,11.0,0.16071,186.0
1753531787606,12:09:47.606,BAT/USDT:USDT,0.16017,11.0,0.16016,50.0,0.16061,186.0,0.16062,11.0
1753531787671,12:09:47.671,BAT/USDT:USDT,0.16017,11.0,0.16016,50.0,0.16054,11.0,0.16055,186.0
1753531787802,12:09:47.802,BAT/USDT:USDT,0.16017,11.0,0.16016,50.0,0.16053,186.0,0.16054,11.0
1753531787896,12:09:47.896,BAT/USDT:USDT,0.16017,11.0,0.16016,50.0,0.16048,197.0,0.1605,11.0
1753531788002,12:09:48.002,BAT/USDT:USDT,0.16017,11.0,0.16016,50.0,0.16047,11.0,0.16048,186.0
1753531788107,12:09:48.107,BAT/USDT:USDT,0.16017,11.0,0.16016,50.0,0.16047,11.0,0.16048,186.0
1753531788215,12:09:48.215,BAT/USDT:USDT,0.16017,11.0,0.16016,50.0,0.16047,11.0,0.16048,186.0
1753531788246,12:09:48.246,BAT/USDT:USDT,0.16017,11.0,0.16016,50.0,0.16047,11.0,0.16048,186.0
1753531788579,12:09:48.579,BAT/USDT:USDT,0.16017,11.0,0.16016,50.0,0.16047,11.0,0.16048,186.0
1753531789493,12:09:49.493,BAT/USDT:USDT,0.16017,11.0,0.16016,50.0,0.16047,11.0,0.16048,186.0
1753531789825,12:09:49.825,BAT/USDT:USDT,0.16017,11.0,0.16016,50.0,0.16047,11.0,0.16048,186.0
1753531791675,12:09:51.675,BAT/USDT:USDT,0.16017,11.0,0.16016,50.0,0.16047,11.0,0.16048,186.0
1753531791910,12:09:51.910,BAT/USDT:USDT,0.16017,11.0,0.16016,50.0,0.16047,11.0,0.16048,186.0
1753531792802,12:09:52.802,BAT/USDT:USDT,0.16017,11.0,0.16016,50.0,0.16045,11.0,0.16046,626.0
1753531792905,12:09:52.905,BAT/USDT:USDT,0.16017,11.0,0.16016,50.0,0.16045,11.0,0.16046,1566.0
1753531792957,12:09:52.957,BAT/USDT:USDT,0.16017,11.0,0.16016,50.0,0.16045,11.0,0.16046,1566.0
1753531793087,12:09:53.087,BAT/USDT:USDT,0.16017,11.0,0.16016,50.0,0.16045,11.0,0.16046,1566.0
1753531793131,12:09:53.131,BAT/USDT:USDT,0.16017,11.0,0.16016,50.0,0.16045,11.0,0.16046,1940.0
1753531793794,12:09:53.794,BAT/USDT:USDT,0.16017,11.0,0.16016,50.0,0.16045,11.0,0.16046,1940.0
1753531794074,12:09:54.074,BAT/USDT:USDT,0.16017,11.0,0.16016,50.0,0.16045,11.0,0.16046,1314.0
1753531794159,12:09:54.159,BAT/USDT:USDT,0.16017,11.0,0.16016,50.0,0.16045,11.0,0.16046,1314.0
1753531794502,12:09:54.502,BAT/USDT:USDT,0.16017,11.0,0.16016,50.0,0.16045,11.0,0.16046,1314.0
1753531794998,12:09:54.998,BAT/USDT:USDT,0.16017,11.0,0.16016,50.0,0.16045,11.0,0.16046,940.0
1753531795971,12:09:55.971,BAT/USDT:USDT,0.16017,11.0,0.16016,50.0,0.16045,11.0,0.16046,940.0
1753531796728,12:09:56.728,BAT/USDT:USDT,0.16017,11.0,0.16016,50.0,0.16045,11.0,0.16046,940.0
1753531798149,12:09:58.149,BAT/USDT:USDT,0.16017,11.0,0.16016,50.0,0.16045,11.0,0.16046,940.0
1753531798754,12:09:58.754,BAT/USDT:USDT,0.16017,11.0,0.16016,50.0,0.16045,11.0,0.16046,940.0
1753531799104,12:09:59.104,BAT/USDT:USDT,0.16017,11.0,0.16016,50.0,0.16047,11.0,0.16048,186.0
1753531799168,12:09:59.168,BAT/USDT:USDT,0.16017,11.0,0.16016,50.0,0.16047,11.0,0.16048,186.0
1753531799595,12:09:59.595,BAT/USDT:USDT,0.16017,11.0,0.16016,50.0,0.16047,11.0,0.16048,186.0
1753531799756,12:09:59.756,BAT/USDT:USDT,0.16017,11.0,0.16016,50.0,0.16047,11.0,0.16048,186.0
1753531800255,12:10:00.255,BAT/USDT:USDT,0.16017,11.0,0.16016,50.0,0.16047,11.0,0.16048,186.0
1753531800789,12:10:00.789,BAT/USDT:USDT,0.16017,11.0,0.16016,50.0,0.16047,11.0,0.16048,186.0
1753531801899,12:10:01.899,BAT/USDT:USDT,0.16017,11.0,0.16016,50.0,0.16062,11.0,0.16064,11.0
1753531802012,12:10:02.012,BAT/USDT:USDT,0.16017,11.0,0.16016,50.0,0.16059,186.0,0.1606,11.0
1753531802018,12:10:02.018,BAT/USDT:USDT,0.16017,11.0,0.16016,50.0,0.16058,11.0,0.16059,186.0
1753531802207,12:10:02.207,BAT/USDT:USDT,0.16017,11.0,0.16016,50.0,0.16055,186.0,0.16056,11.0
1753531802256,12:10:02.256,BAT/USDT:USDT,0.16017,11.0,0.16016,50.0,0.16052,11.0,0.16053,186.0
1753531802374,12:10:02.374,BAT/USDT:USDT,0.16017,11.0,0.16016,50.0,0.16052,11.0,0.16053,186.0
1753531802438,12:10:02.438,BAT/USDT:USDT,0.16017,11.0,0.16016,50.0,0.1605,11.0,0.16051,186.0
1753531802858,12:10:02.858,BAT/USDT:USDT,0.16017,11.0,0.16016,50.0,0.16047,11.0,0.16048,197.0
1753531803009,12:10:03.009,BAT/USDT:USDT,0.16017,11.0,0.16016,50.0,0.16047,11.0,0.16048,186.0
1753531803237,12:10:03.237,BAT/USDT:USDT,0.16017,11.0,0.16016,50.0,0.16047,11.0,0.16048,186.0
1753531804057,12:10:04.057,BAT/USDT:USDT,0.16017,11.0,0.16016,50.0,0.16047,11.0,0.16048,186.0
1753531804500,12:10:04.500,BAT/USDT:USDT,0.16017,11.0,0.16016,50.0,0.16047,11.0,0.16048,186.0
1753531804654,12:10:04.654,BAT/USDT:USDT,0.16017,11.0,0.16016,50.0,0.16047,11.0,0.16048,186.0
1753531804874,12:10:04.874,BAT/USDT:USDT,0.16017,11.0,0.16016,50.0,0.16047,11.0,0.16048,186.0
1753531805206,12:10:05.206,BAT/USDT:USDT,0.16017,11.0,0.16016,50.0,0.16058,186.0,0.1606,11.0
1753531805291,12:10:05.291,BAT/USDT:USDT,0.16017,11.0,0.16016,50.0,0.16058,193.0,0.1606,11.0
1753531805320,12:10:05.320,BAT/USDT:USDT,0.16017,11.0,0.16016,50.0,0.16057,11.0,0.16058,193.0
1753531806292,12:10:06.292,BAT/USDT:USDT,0.16017,11.0,0.16016,50.0,0.16057,11.0,0.16058,186.0
1753531806462,12:10:06.462,BAT/USDT:USDT,0.16017,11.0,0.16016,50.0,0.16057,11.0,0.16058,186.0
1753531806558,12:10:06.558,BAT/USDT:USDT,0.16017,11.0,0.16016,50.0,0.16057,11.0,0.16058,186.0
1753531806630,12:10:06.630,BAT/USDT:USDT,0.16017,11.0,0.16016,50.0,0.16057,11.0,0.16058,186.0
1753531807405,12:10:07.405,BAT/USDT:USDT,0.16017,11.0,0.16016,50.0,0.16057,11.0,0.16058,186.0
1753531807420,12:10:07.420,BAT/USDT:USDT,0.16017,11.0,0.16016,50.0,0.16057,11.0,0.16058,186.0
1753531807721,12:10:07.721,BAT/USDT:USDT,0.16017,11.0,0.16016,50.0,0.16057,11.0,0.16058,186.0
1753531808413,12:10:08.413,BAT/USDT:USDT,0.16017,11.0,0.16016,50.0,0.16057,11.0,0.16058,186.0
1753531808792,12:10:08.792,BAT/USDT:USDT,0.16017,11.0,0.16016,50.0,0.16057,11.0,0.16058,186.0
1753531808940,12:10:08.940,BAT/USDT:USDT,0.16017,11.0,0.16016,50.0,0.16057,11.0,0.16058,186.0
1753531809611,12:10:09.611,BAT/USDT:USDT,0.16018,187.0,0.16017,11.0,0.16057,11.0,0.16068,11.0
1753531809706,12:10:09.706,BAT/USDT:USDT,0.16023,12.0,0.16022,187.0,0.16068,186.0,0.1607,11.0
1753531809813,12:10:09.813,BAT/USDT:USDT,0.16024,12.0,0.16022,187.0,0.16067,12.0,0.16068,186.0
1753531810179,12:10:10.179,BAT/USDT:USDT,0.16024,12.0,0.16022,187.0,0.16067,12.0,0.16068,186.0
1753531810313,12:10:10.313,BAT/USDT:USDT,0.16024,12.0,0.16022,187.0,0.16067,12.0,0.16068,186.0
1753531810638,12:10:10.638,BAT/USDT:USDT,0.16024,12.0,0.16022,187.0,0.16067,12.0,0.16068,186.0
1753531810891,12:10:10.891,BAT/USDT:USDT,0.16024,12.0,0.16022,187.0,0.16067,12.0,0.16068,186.0
1753531810997,12:10:10.997,BAT/USDT:USDT,0.16024,12.0,0.16022,187.0,0.16067,12.0,0.16068,186.0
1753531811814,12:10:11.814,BAT/USDT:USDT,0.16024,12.0,0.16022,187.0,0.16067,12.0,0.16068,186.0
1753531813013,12:10:13.013,BAT/USDT:USDT,0.16024,12.0,0.16022,187.0,0.16067,12.0,0.16068,186.0
1753531813025,12:10:13.025,BAT/USDT:USDT,0.16024,12.0,0.16022,187.0,0.16067,12.0,0.16068,186.0
1753531813259,12:10:13.259,BAT/USDT:USDT,0.16024,12.0,0.16022,344.0,0.16067,12.0,0.16068,186.0
1753531814250,12:10:14.250,BAT/USDT:USDT,0.16024,12.0,0.16022,344.0,0.16067,12.0,0.16068,186.0
1753531814349,12:10:14.349,BAT/USDT:USDT,0.16024,12.0,0.16022,344.0,0.16067,12.0,0.16068,186.0
1753531814650,12:10:14.650,BAT/USDT:USDT,0.16024,12.0,0.16022,344.0,0.16067,12.0,0.16068,186.0
1753531814976,12:10:14.976,BAT/USDT:USDT,0.16024,12.0,0.16022,344.0,0.16067,12.0,0.16068,186.0
1753531815054,12:10:15.054,BAT/USDT:USDT,0.16024,12.0,0.16022,344.0,0.16067,12.0,0.16068,186.0
1753531815166,12:10:15.166,BAT/USDT:USDT,0.16024,12.0,0.16022,344.0,0.16067,12.0,0.16068,186.0
1753531815293,12:10:15.293,BAT/USDT:USDT,0.16024,12.0,0.16022,344.0,0.16067,12.0,0.16068,186.0
1753531815409,12:10:15.409,BAT/USDT:USDT,0.16024,12.0,0.16022,344.0,0.16067,12.0,0.16068,186.0
1753531816412,12:10:16.412,BAT/USDT:USDT,0.16024,12.0,0.16022,344.0,0.16067,12.0,0.16068,186.0
1753531817292,12:10:17.292,BAT/USDT:USDT,0.16024,12.0,0.16022,344.0,0.16067,12.0,0.16068,186.0
1753531817612,12:10:17.612,BAT/USDT:USDT,0.16024,12.0,0.16022,344.0,0.16067,12.0,0.16068,186.0
1753531817621,12:10:17.621,BAT/USDT:USDT,0.16024,12.0,0.16022,344.0,0.16067,12.0,0.16068,186.0
1753531817888,12:10:17.888,BAT/USDT:USDT,0.16024,12.0,0.16022,344.0,0.16067,12.0,0.16068,186.0
1753531817929,12:10:17.929,BAT/USDT:USDT,0.16024,12.0,0.16022,344.0,0.16067,12.0,0.16068,186.0
1753531818301,12:10:18.301,BAT/USDT:USDT,0.16024,12.0,0.16022,344.0,0.16067,12.0,0.16068,186.0
1753531818374,12:10:18.374,BAT/USDT:USDT,0.16024,12.0,0.16022,344.0,0.16067,12.0,0.16068,186.0
1753531818457,12:10:18.457,BAT/USDT:USDT,0.16024,12.0,0.16022,344.0,0.16067,12.0,0.16068,186.0
1753531818579,12:10:18.579,BAT/USDT:USDT,0.16024,12.0,0.16022,344.0,0.16067,12.0,0.16068,186.0
1753531818670,12:10:18.670,BAT/USDT:USDT,0.16024,12.0,0.16022,344.0,0.16067,12.0,0.16068,186.0
1753531818790,12:10:18.790,BAT/USDT:USDT,0.16024,12.0,0.16022,344.0,0.16067,12.0,0.16068,186.0
1753531819005,12:10:19.005,BAT/USDT:USDT,0.16024,12.0,0.16022,344.0,0.16067,12.0,0.16068,186.0
1753531819034,12:10:19.034,BAT/USDT:USDT,0.16024,12.0,0.16022,187.0,0.16065,11.0,0.16066,626.0
1753531819193,12:10:19.193,BAT/USDT:USDT,0.16024,12.0,0.16022,187.0,0.16065,11.0,0.16066,1075.0
1753531819285,12:10:19.285,BAT/USDT:USDT,0.16024,12.0,0.16022,187.0,0.16065,11.0,0.16066,2015.0
1753531819462,12:10:19.462,BAT/USDT:USDT,0.16024,12.0,0.16022,187.0,0.16065,11.0,0.16066,2641.0
1753531819553,12:10:19.553,BAT/USDT:USDT,0.16024,12.0,0.16022,187.0,0.16065,11.0,0.16066,1701.0
1753531820008,12:10:20.008,BAT/USDT:USDT,0.16024,12.0,0.16022,187.0,0.16065,11.0,0.16066,1701.0
1753531820032,12:10:20.032,BAT/USDT:USDT,0.16024,12.0,0.16022,187.0,0.16065,11.0,0.16066,1701.0
1753531820308,12:10:20.308,BAT/USDT:USDT,0.16024,12.0,0.16022,187.0,0.16065,11.0,0.16066,1701.0
1753531820402,12:10:20.402,BAT/USDT:USDT,0.16024,12.0,0.16022,187.0,0.16065,11.0,0.16066,1701.0
1753531820502,12:10:20.502,BAT/USDT:USDT,0.16024,12.0,0.16022,187.0,0.16063,11.0,0.16064,626.0
1753531820523,12:10:20.523,BAT/USDT:USDT,0.16024,12.0,0.16022,187.0,0.16063,11.0,0.16064,701.0
1753531820686,12:10:20.686,BAT/USDT:USDT,0.16024,12.0,0.16022,187.0,0.16063,11.0,0.16064,1075.0
1753531820803,12:10:20.803,BAT/USDT:USDT,0.16024,12.0,0.16022,187.0,0.16063,11.0,0.16064,1075.0
1753531821024,12:10:21.024,BAT/USDT:USDT,0.16024,12.0,0.16022,187.0,0.16063,11.0,0.16064,449.0
1753531821228,12:10:21.228,BAT/USDT:USDT,0.16024,12.0,0.16022,187.0,0.16063,11.0,0.16064,449.0
1753531821611,12:10:21.611,BAT/USDT:USDT,0.16024,12.0,0.16022,187.0,0.16063,11.0,0.16064,449.0
1753531822228,12:10:22.228,BAT/USDT:USDT,0.16024,12.0,0.16022,187.0,0.16063,11.0,0.16064,449.0
1753531822457,12:10:22.457,BAT/USDT:USDT,0.16024,12.0,0.16022,187.0,0.16063,11.0,0.16064,449.0
1753531822884,12:10:22.884,BAT/USDT:USDT,0.16024,12.0,0.16022,187.0,0.16063,11.0,0.16064,374.0
1753531823680,12:10:23.680,BAT/USDT:USDT,0.16024,12.0,0.16022,187.0,0.16063,11.0,0.16064,374.0
1753531823784,12:10:23.784,BAT/USDT:USDT,0.16024,12.0,0.16022,187.0,0.16063,11.0,0.16064,374.0
1753531824078,12:10:24.078,BAT/USDT:USDT,0.16024,12.0,0.16022,187.0,0.16063,11.0,0.16064,374.0
1753531824799,12:10:24.799,BAT/USDT:USDT,0.16024,12.0,0.16022,187.0,0.16063,11.0,0.16064,374.0
1753531824999,12:10:24.999,BAT/USDT:USDT,0.16024,12.0,0.16022,187.0,0.16063,11.0,0.16064,374.0
1753531825098,12:10:25.098,BAT/USDT:USDT,0.16024,12.0,0.16022,187.0,0.16063,11.0,0.16064,374.0
1753531825190,12:10:25.190,BAT/USDT:USDT,0.16024,12.0,0.16022,187.0,0.16063,11.0,0.16064,374.0
1753531825814,12:10:25.814,BAT/USDT:USDT,0.16024,12.0,0.16022,198.0,0.16063,11.0,0.16064,374.0
1753531825844,12:10:25.844,BAT/USDT:USDT,0.16024,12.0,0.16022,198.0,0.16063,11.0,0.16064,374.0
1753531825992,12:10:25.992,BAT/USDT:USDT,0.16024,12.0,0.16022,198.0,0.16063,11.0,0.16064,374.0
1753531826111,12:10:26.111,BAT/USDT:USDT,0.16024,12.0,0.16022,198.0,0.16063,11.0,0.16064,374.0
1753531826160,12:10:26.160,BAT/USDT:USDT,0.16024,12.0,0.16022,198.0,0.16063,11.0,0.16064,374.0
1753531826300,12:10:26.300,BAT/USDT:USDT,0.16024,12.0,0.16022,198.0,0.16063,11.0,0.16064,374.0
1753531827013,12:10:27.013,BAT/USDT:USDT,0.16024,12.0,0.16022,198.0,0.16063,11.0,0.16067,12.0
1753531827053,12:10:27.053,BAT/USDT:USDT,0.16024,12.0,0.16022,198.0,0.16061,11.0,0.16062,374.0
1753531827407,12:10:27.407,BAT/USDT:USDT,0.16024,12.0,0.16022,198.0,0.16061,11.0,0.16062,1940.0
1753531827976,12:10:27.976,BAT/USDT:USDT,0.16024,12.0,0.16022,198.0,0.16061,11.0,0.16062,1314.0
1753531828084,12:10:28.084,BAT/USDT:USDT,0.16024,12.0,0.16022,198.0,0.16061,11.0,0.16062,1314.0
1753531828159,12:10:28.159,BAT/USDT:USDT,0.16024,12.0,0.16022,198.0,0.16061,11.0,0.16062,1314.0
1753531828215,12:10:28.215,BAT/USDT:USDT,0.16024,12.0,0.16022,198.0,0.16061,11.0,0.16062,1314.0
1753531828507,12:10:28.507,BAT/USDT:USDT,0.16024,12.0,0.16022,198.0,0.16061,11.0,0.16062,1314.0
1753531828566,12:10:28.566,BAT/USDT:USDT,0.16024,12.0,0.16022,198.0,0.16061,11.0,0.16062,1314.0
1753531828912,12:10:28.912,BAT/USDT:USDT,0.16024,12.0,0.16022,198.0,0.16061,11.0,0.16062,1314.0
1753531828998,12:10:28.998,BAT/USDT:USDT,0.16024,12.0,0.16022,198.0,0.16061,11.0,0.16062,1314.0
1753531830189,12:10:30.189,BAT/USDT:USDT,0.16024,12.0,0.16022,198.0,0.16061,11.0,0.16062,1314.0
1753531830238,12:10:30.238,BAT/USDT:USDT,0.16024,12.0,0.16022,198.0,0.16061,11.0,0.16062,1314.0
1753531831203,12:10:31.203,BAT/USDT:USDT,0.16024,12.0,0.16022,198.0,0.16061,11.0,0.16062,1314.0
1753531831227,12:10:31.227,BAT/USDT:USDT,0.16024,12.0,0.16022,198.0,0.16061,11.0,0.16062,1314.0
1753531831758,12:10:31.758,BAT/USDT:USDT,0.16024,12.0,0.16022,198.0,0.16061,11.0,0.16062,1314.0
1753531831818,12:10:31.818,BAT/USDT:USDT,0.16024,12.0,0.16022,198.0,0.16061,11.0,0.16062,1314.0
1753531832030,12:10:32.030,BAT/USDT:USDT,0.16024,12.0,0.16022,198.0,0.16061,11.0,0.16062,1314.0
1753531832192,12:10:32.192,BAT/USDT:USDT,0.16024,12.0,0.16022,198.0,0.16061,11.0,0.16062,1314.0
1753531832296,12:10:32.296,BAT/USDT:USDT,0.16024,12.0,0.16022,198.0,0.16061,11.0,0.16062,1314.0
1753531832333,12:10:32.333,BAT/USDT:USDT,0.16024,12.0,0.16022,198.0,0.16061,11.0,0.16062,1314.0
1753531832692,12:10:32.692,BAT/USDT:USDT,0.16024,12.0,0.16022,198.0,0.16061,11.0,0.16062,1314.0
1753531832749,12:10:32.749,BAT/USDT:USDT,0.16024,12.0,0.16022,198.0,0.16061,11.0,0.16062,1314.0
1753531833215,12:10:33.215,BAT/USDT:USDT,0.16024,12.0,0.16022,198.0,0.16061,11.0,0.16062,374.0
1753531833221,12:10:33.221,BAT/USDT:USDT,0.16024,12.0,0.16022,198.0,0.16061,11.0,0.16062,374.0
1753531833364,12:10:33.364,BAT/USDT:USDT,0.16024,12.0,0.16022,198.0,0.16067,12.0,0.16068,186.0
1753531833506,12:10:33.506,BAT/USDT:USDT,0.16024,12.0,0.16022,198.0,0.16067,12.0,0.16068,186.0
1753531833607,12:10:33.607,BAT/USDT:USDT,0.16024,12.0,0.16022,198.0,0.16067,12.0,0.16068,186.0
1753531833638,12:10:33.638,BAT/USDT:USDT,0.16024,12.0,0.16022,198.0,0.16067,12.0,0.16068,186.0
1753531833765,12:10:33.765,BAT/USDT:USDT,0.16024,12.0,0.16022,198.0,0.16067,12.0,0.16068,186.0
1753531833896,12:10:33.896,BAT/USDT:USDT,0.16024,12.0,0.16022,198.0,0.16062,12.0,0.16063,50.0
1753531834129,12:10:34.129,BAT/USDT:USDT,0.16024,12.0,0.16022,198.0,0.16062,12.0,0.16063,50.0
1753531834250,12:10:34.250,BAT/USDT:USDT,0.16024,12.0,0.16022,198.0,0.16062,12.0,0.16063,50.0
1753531834463,12:10:34.463,BAT/USDT:USDT,0.16024,12.0,0.16022,198.0,0.16062,12.0,0.16063,50.0
1753531834789,12:10:34.789,BAT/USDT:USDT,0.16024,12.0,0.16022,198.0,0.16062,12.0,0.16063,50.0
1753531835161,12:10:35.161,BAT/USDT:USDT,0.16024,12.0,0.16022,198.0,0.16062,12.0,0.16064,50.0
1753531836619,12:10:36.619,BAT/USDT:USDT,0.16024,12.0,0.16022,198.0,0.16062,12.0,0.16064,50.0
1753531838804,12:10:38.804,BAT/USDT:USDT,0.16024,12.0,0.16022,198.0,0.16062,12.0,0.16064,50.0
1753531839272,12:10:39.272,BAT/USDT:USDT,0.16024,12.0,0.16022,198.0,0.16062,12.0,0.16064,50.0
1753531839512,12:10:39.512,BAT/USDT:USDT,0.1602,11.0,0.16007,11.0,0.16058,197.0,0.16059,186.0
1753531839614,12:10:39.614,BAT/USDT:USDT,0.16007,11.0,0.16003,334.0,0.16057,11.0,0.16058,197.0
1753531839705,12:10:39.705,BAT/USDT:USDT,0.1602,11.0,0.16019,50.0,0.16057,11.0,0.16058,186.0
1753531839787,12:10:39.787,BAT/USDT:USDT,0.16022,11.0,0.16021,50.0,0.16057,11.0,0.16058,186.0
1753531840012,12:10:40.012,BAT/USDT:USDT,0.16022,11.0,0.16021,50.0,0.16057,11.0,0.16058,186.0
1753531840101,12:10:40.101,BAT/USDT:USDT,0.16022,11.0,0.16021,50.0,0.16057,11.0,0.16058,186.0
1753531840427,12:10:40.427,BAT/USDT:USDT,0.16022,11.0,0.16021,50.0,0.16057,11.0,0.16058,186.0
1753531840922,12:10:40.922,BAT/USDT:USDT,0.16022,11.0,0.16021,50.0,0.16057,11.0,0.16058,186.0
1753531841090,12:10:41.090,BAT/USDT:USDT,0.16022,11.0,0.1602,50.0,0.16057,11.0,0.16058,186.0
1753531841699,12:10:41.699,BAT/USDT:USDT,0.16022,11.0,0.1602,50.0,0.16062,12.0,0.16064,50.0
1753531841794,12:10:41.794,BAT/USDT:USDT,0.16022,11.0,0.1602,50.0,0.16062,12.0,0.16064,50.0
1753531841870,12:10:41.870,BAT/USDT:USDT,0.16022,11.0,0.1602,50.0,0.16062,12.0,0.16064,50.0
1753531842212,12:10:42.212,BAT/USDT:USDT,0.16022,11.0,0.1602,50.0,0.16058,11.0,0.1606,11.0
1753531842285,12:10:42.285,BAT/USDT:USDT,0.16022,11.0,0.1602,50.0,0.16057,11.0,0.16058,11.0
1753531842409,12:10:42.409,BAT/USDT:USDT,0.16022,11.0,0.1602,50.0,0.16057,11.0,0.1606,11.0
1753531842484,12:10:42.484,BAT/USDT:USDT,0.16022,11.0,0.16021,157.0,0.16058,11.0,0.16062,19.0
1753531842601,12:10:42.601,BAT/USDT:USDT,0.16022,11.0,0.1602,50.0,0.16057,11.0,0.16058,197.0
1753531842754,12:10:42.754,BAT/USDT:USDT,0.16022,11.0,0.1602,50.0,0.16057,11.0,0.16062,19.0
1753531842912,12:10:42.912,BAT/USDT:USDT,0.16022,11.0,0.1602,50.0,0.16057,11.0,0.16062,19.0
1753531842986,12:10:42.986,BAT/USDT:USDT,0.16022,11.0,0.1602,50.0,0.16057,11.0,0.16062,19.0
1753531843066,12:10:43.066,BAT/USDT:USDT,0.16022,11.0,0.1602,50.0,0.16057,11.0,0.16062,19.0
1753531843215,12:10:43.215,BAT/USDT:USDT,0.16022,11.0,0.1602,50.0,0.16057,11.0,0.16062,19.0
1753531843271,12:10:43.271,BAT/USDT:USDT,0.16022,11.0,0.1602,50.0,0.16057,11.0,0.16062,19.0
1753531843502,12:10:43.502,BAT/USDT:USDT,0.16022,11.0,0.1602,50.0,0.16057,11.0,0.16062,12.0
1753531843542,12:10:43.542,BAT/USDT:USDT,0.16022,11.0,0.1602,50.0,0.1606,11.0,0.16061,186.0
1753531843711,12:10:43.711,BAT/USDT:USDT,0.16022,11.0,0.1602,50.0,0.1606,11.0,0.16061,186.0
1753531843758,12:10:43.758,BAT/USDT:USDT,0.16022,11.0,0.1602,50.0,0.16057,11.0,0.16058,186.0
1753531844513,12:10:44.513,BAT/USDT:USDT,0.16022,11.0,0.1602,50.0,0.16057,11.0,0.1606,11.0
1753531844610,12:10:44.610,BAT/USDT:USDT,0.16022,11.0,0.1602,50.0,0.1606,11.0,0.16062,19.0
1753531844784,12:10:44.784,BAT/USDT:USDT,0.16022,11.0,0.1602,50.0,0.16058,11.0,0.1606,11.0
1753531844947,12:10:44.947,BAT/USDT:USDT,0.16022,11.0,0.1602,50.0,0.1606,11.0,0.16062,19.0
1753531845104,12:10:45.104,BAT/USDT:USDT,0.16022,11.0,0.1602,50.0,0.16058,11.0,0.16059,186.0
1753531845172,12:10:45.172,BAT/USDT:USDT,0.16022,11.0,0.1602,50.0,0.16057,11.0,0.1606,11.0
1753531845299,12:10:45.299,BAT/USDT:USDT,0.16022,11.0,0.1602,50.0,0.1606,11.0,0.16062,19.0
1753531845315,12:10:45.315,BAT/USDT:USDT,0.16022,11.0,0.1602,50.0,0.1606,11.0,0.16062,19.0
1753531845979,12:10:45.979,BAT/USDT:USDT,0.16022,11.0,0.1602,50.0,0.16062,12.0,0.16064,50.0
1753531846100,12:10:46.100,BAT/USDT:USDT,0.16023,11.0,0.16022,157.0,0.16067,11.0,0.16068,186.0
1753531846156,12:10:46.156,BAT/USDT:USDT,0.16023,11.0,0.16022,157.0,0.16067,11.0,0.16068,186.0
1753531847361,12:10:47.361,BAT/USDT:USDT,0.16023,11.0,0.16022,157.0,0.16067,11.0,0.16068,186.0
1753531847778,12:10:47.778,BAT/USDT:USDT,0.16023,11.0,0.16022,157.0,0.16067,11.0,0.16068,186.0
1753531848012,12:10:48.012,BAT/USDT:USDT,0.16023,11.0,0.16022,157.0,0.16067,11.0,0.16068,186.0
1753531849512,12:10:49.512,BAT/USDT:USDT,0.16023,11.0,0.16022,157.0,0.16067,11.0,0.16068,186.0
1753531849955,12:10:49.955,BAT/USDT:USDT,0.16023,11.0,0.16022,157.0,0.16067,11.0,0.16068,186.0
1753531851020,12:10:51.020,BAT/USDT:USDT,0.16023,11.0,0.16022,157.0,0.16067,11.0,0.16068,186.0
1753531851656,12:10:51.656,BAT/USDT:USDT,0.16023,11.0,0.16022,157.0,0.16067,11.0,0.16068,186.0
1753531851972,12:10:51.972,BAT/USDT:USDT,0.16023,11.0,0.16022,157.0,0.16067,11.0,0.16068,186.0
1753531852168,12:10:52.168,BAT/USDT:USDT,0.16023,11.0,0.16022,157.0,0.16067,11.0,0.16068,186.0
1753531852299,12:10:52.299,BAT/USDT:USDT,0.16023,11.0,0.16022,157.0,0.16067,11.0,0.16068,186.0
1753531853224,12:10:53.224,BAT/USDT:USDT,0.16023,11.0,0.16022,157.0,0.16067,11.0,0.16068,186.0
1753531853824,12:10:53.824,BAT/USDT:USDT,0.16023,11.0,0.16022,157.0,0.16067,11.0,0.16068,186.0
1753531856398,12:10:56.398,BAT/USDT:USDT,0.16027,12.0,0.16026,30.0,0.16067,11.0,0.16068,186.0
1753531856417,12:10:56.417,BAT/USDT:USDT,0.16027,12.0,0.16023,11.0,0.16067,11.0,0.16068,186.0
1753531856549,12:10:56.549,BAT/USDT:USDT,0.16023,11.0,0.16022,157.0,0.16067,11.0,0.16068,186.0
1753531856895,12:10:56.895,BAT/USDT:USDT,0.16023,11.0,0.16022,157.0,0.16067,11.0,0.16068,186.0
1753531856929,12:10:56.929,BAT/USDT:USDT,0.16023,11.0,0.16022,157.0,0.16067,11.0,0.16068,186.0
1753531857899,12:10:57.899,BAT/USDT:USDT,0.16023,11.0,0.16022,157.0,0.16067,11.0,0.16068,186.0
1753531858638,12:10:58.638,BAT/USDT:USDT,0.16023,11.0,0.16022,157.0,0.16067,11.0,0.16068,186.0
1753531858748,12:10:58.748,BAT/USDT:USDT,0.16023,11.0,0.16022,157.0,0.16067,11.0,0.16068,186.0
1753531858817,12:10:58.817,BAT/USDT:USDT,0.16023,11.0,0.16022,157.0,0.16067,11.0,0.16068,186.0
1753531860313,12:11:00.313,BAT/USDT:USDT,0.16024,30.0,0.16023,11.0,0.16067,11.0,0.16068,186.0
1753531860374,12:11:00.374,BAT/USDT:USDT,0.16028,11.0,0.16027,11.0,0.16067,11.0,0.16068,186.0
1753531860513,12:11:00.513,BAT/USDT:USDT,0.16028,11.0,0.16023,11.0,0.16067,11.0,0.16068,186.0
1753531860519,12:11:00.519,BAT/USDT:USDT,0.16023,11.0,0.16022,157.0,0.16067,11.0,0.16068,186.0
1753531860682,12:11:00.682,BAT/USDT:USDT,0.16023,11.0,0.16022,157.0,0.16067,11.0,0.16068,186.0
1753531861686,12:11:01.686,BAT/USDT:USDT,0.16023,11.0,0.16022,157.0,0.16067,11.0,0.16068,186.0
1753531864398,12:11:04.398,BAT/USDT:USDT,0.16023,11.0,0.16022,157.0,0.16067,11.0,0.16068,186.0
1753531865300,12:11:05.300,BAT/USDT:USDT,0.16023,11.0,0.16022,157.0,0.16067,11.0,0.16068,186.0
1753531865458,12:11:05.458,BAT/USDT:USDT,0.16023,11.0,0.16022,157.0,0.16067,11.0,0.16068,186.0
1753531865614,12:11:05.614,BAT/USDT:USDT,0.16023,11.0,0.16022,157.0,0.16067,11.0,0.16068,186.0
1753531865699,12:11:05.699,BAT/USDT:USDT,0.16023,11.0,0.16022,157.0,0.16067,11.0,0.16068,186.0
1753531865720,12:11:05.720,BAT/USDT:USDT,0.16023,11.0,0.16022,157.0,0.16067,11.0,0.16068,186.0
1753531866005,12:11:06.005,BAT/USDT:USDT,0.16023,11.0,0.16022,157.0,0.16067,11.0,0.16068,186.0
1753531866656,12:11:06.656,BAT/USDT:USDT,0.16023,11.0,0.16022,157.0,0.16067,11.0,0.16068,186.0
1753531866824,12:11:06.824,BAT/USDT:USDT,0.16023,11.0,0.16022,157.0,0.16067,11.0,0.16068,186.0
1753531872062,12:11:12.062,BAT/USDT:USDT,0.16023,11.0,0.16022,157.0,0.16067,11.0,0.16068,186.0
1753531872883,12:11:12.883,BAT/USDT:USDT,0.16023,11.0,0.16022,157.0,0.16067,11.0,0.16068,186.0
1753531874894,12:11:14.894,BAT/USDT:USDT,0.16023,11.0,0.16022,157.0,0.16067,11.0,0.16068,186.0
1753531874945,12:11:14.945,BAT/USDT:USDT,0.16023,11.0,0.16022,157.0,0.16067,11.0,0.16068,186.0
1753531875205,12:11:15.205,BAT/USDT:USDT,0.16023,11.0,0.16022,157.0,0.16067,11.0,0.16068,186.0
1753531876966,12:11:16.966,BAT/USDT:USDT,0.16023,11.0,0.16022,157.0,0.16067,11.0,0.16068,186.0
1753531878314,12:11:18.314,BAT/USDT:USDT,0.16023,11.0,0.16022,157.0,0.16067,11.0,0.16068,186.0
1753531878314,12:11:18.314,BAT/USDT:USDT,0.16023,11.0,0.16022,157.0,0.16067,11.0,0.16068,186.0
1753531878874,12:11:18.874,BAT/USDT:USDT,0.16023,11.0,0.16022,157.0,0.16067,11.0,0.16068,186.0
1753531878991,12:11:18.991,BAT/USDT:USDT,0.16023,11.0,0.16022,157.0,0.16067,11.0,0.16068,186.0
1753531879037,12:11:19.037,BAT/USDT:USDT,0.16023,11.0,0.16022,157.0,0.16067,11.0,0.16068,186.0
1753531879478,12:11:19.478,BAT/USDT:USDT,0.16023,11.0,0.16022,157.0,0.16067,11.0,0.16068,186.0
1753531882117,12:11:22.117,BAT/USDT:USDT,0.16023,11.0,0.16022,157.0,0.16067,11.0,0.16068,186.0
1753531885205,12:11:25.205,BAT/USDT:USDT,0.16023,11.0,0.16022,157.0,0.16067,11.0,0.16068,186.0
1753531885284,12:11:25.284,BAT/USDT:USDT,0.16023,11.0,0.16022,157.0,0.16067,11.0,0.16068,186.0
1753531885415,12:11:25.415,BAT/USDT:USDT,0.16023,11.0,0.16022,157.0,0.16067,11.0,0.16068,186.0
1753531885440,12:11:25.440,BAT/USDT:USDT,0.16023,11.0,0.16022,157.0,0.16067,11.0,0.16068,186.0
1753531885546,12:11:25.546,BAT/USDT:USDT,0.16023,11.0,0.16022,157.0,0.16067,11.0,0.16068,186.0
1753531885980,12:11:25.980,BAT/USDT:USDT,0.16023,11.0,0.16022,157.0,0.16067,11.0,0.16068,186.0
1753531886508,12:11:26.508,BAT/USDT:USDT,0.16023,11.0,0.16022,157.0,0.16067,11.0,0.16068,186.0
1753531886605,12:11:26.605,BAT/USDT:USDT,0.16023,11.0,0.16022,157.0,0.16067,11.0,0.16068,186.0
1753531886737,12:11:26.737,BAT/USDT:USDT,0.16023,11.0,0.16022,157.0,0.16067,11.0,0.16068,186.0
1753531887603,12:11:27.603,BAT/USDT:USDT,0.16025,42.0,0.16024,30.0,0.16065,12.0,0.16066,50.0
1753531887698,12:11:27.698,BAT/USDT:USDT,0.16032,30.0,0.16031,12.0,0.16065,12.0,0.16066,50.0
1753531887803,12:11:27.803,BAT/USDT:USDT,0.16039,30.0,0.16038,18.0,0.16064,15.0,0.16065,3.0
1753531887887,12:11:27.887,BAT/USDT:USDT,0.16042,12.0,0.16038,18.0,0.16063,12.0,0.16064,3.0
1753531887956,12:11:27.956,BAT/USDT:USDT,0.16042,12.0,0.16038,18.0,0.16063,12.0,0.16064,3.0
1753531888113,12:11:28.113,BAT/USDT:USDT,0.16042,12.0,0.16038,18.0,0.16063,12.0,0.16064,3.0
1753531888148,12:11:28.148,BAT/USDT:USDT,0.16042,12.0,0.16038,18.0,0.16063,12.0,0.16064,3.0
1753531890280,12:11:30.280,BAT/USDT:USDT,0.16042,12.0,0.16038,18.0,0.16063,12.0,0.16064,3.0
1753531890384,12:11:30.384,BAT/USDT:USDT,0.16042,12.0,0.16038,18.0,0.16063,12.0,0.16064,3.0
1753531891325,12:11:31.325,BAT/USDT:USDT,0.16042,12.0,0.16038,18.0,0.16063,12.0,0.16064,3.0
1753531891581,12:11:31.581,BAT/USDT:USDT,0.16042,12.0,0.16038,18.0,0.16063,12.0,0.16064,3.0
1753531892448,12:11:32.448,BAT/USDT:USDT,0.16042,12.0,0.16038,18.0,0.16063,12.0,0.16064,3.0
1753531892584,12:11:32.584,BAT/USDT:USDT,0.16042,12.0,0.16038,18.0,0.16063,12.0,0.16064,3.0
1753531892769,12:11:32.769,BAT/USDT:USDT,0.16042,12.0,0.16038,18.0,0.16063,12.0,0.16064,3.0
1753531892898,12:11:32.898,BAT/USDT:USDT,0.16042,12.0,0.16038,18.0,0.16063,12.0,0.16064,3.0
1753531892951,12:11:32.951,BAT/USDT:USDT,0.16039,11.0,0.16038,6.0,0.16063,12.0,0.16064,3.0
1753531893499,12:11:33.499,BAT/USDT:USDT,0.16039,11.0,0.16038,6.0,0.16063,12.0,0.16064,3.0
1753531894607,12:11:34.607,BAT/USDT:USDT,0.16039,11.0,0.16038,6.0,0.16063,12.0,0.16064,3.0
1753531894703,12:11:34.703,BAT/USDT:USDT,0.16039,11.0,0.16038,6.0,0.16063,12.0,0.16064,3.0
1753531894725,12:11:34.725,BAT/USDT:USDT,0.16039,11.0,0.16038,6.0,0.16063,12.0,0.16064,3.0
1753531895759,12:11:35.759,BAT/USDT:USDT,0.16039,11.0,0.16038,6.0,0.16063,12.0,0.16064,3.0
1753531896407,12:11:36.407,BAT/USDT:USDT,0.16039,11.0,0.16038,6.0,0.16063,12.0,0.16064,3.0
1753531896450,12:11:36.450,BAT/USDT:USDT,0.16039,11.0,0.16038,6.0,0.16063,12.0,0.16064,3.0
1753531896610,12:11:36.610,BAT/USDT:USDT,0.16039,11.0,0.16038,6.0,0.16063,12.0,0.16064,3.0
1753531896684,12:11:36.684,BAT/USDT:USDT,0.16039,11.0,0.16038,6.0,0.16063,12.0,0.16064,3.0
1753531896788,12:11:36.788,BAT/USDT:USDT,0.16039,11.0,0.16038,6.0,0.16063,12.0,0.16064,3.0
1753531897205,12:11:37.205,BAT/USDT:USDT,0.16039,11.0,0.16038,6.0,0.16063,12.0,0.16064,3.0
1753531897311,12:11:37.311,BAT/USDT:USDT,0.16039,11.0,0.16038,6.0,0.16063,12.0,0.16064,3.0
1753531897314,12:11:37.314,BAT/USDT:USDT,0.16039,11.0,0.16038,6.0,0.16063,12.0,0.16064,3.0
1753531897642,12:11:37.642,BAT/USDT:USDT,0.16039,11.0,0.16038,6.0,0.16063,12.0,0.16064,3.0
1753531898907,12:11:38.907,BAT/USDT:USDT,0.16039,11.0,0.16038,6.0,0.16063,12.0,0.16064,3.0
1753531901064,12:11:41.064,BAT/USDT:USDT,0.16039,11.0,0.16038,6.0,0.16063,12.0,0.16064,3.0
1753531901420,12:11:41.420,BAT/USDT:USDT,0.16039,11.0,0.16038,6.0,0.16063,12.0,0.16064,3.0
1753531901706,12:11:41.706,BAT/USDT:USDT,0.16039,11.0,0.16038,6.0,0.16063,12.0,0.16064,3.0
1753531901721,12:11:41.721,BAT/USDT:USDT,0.16039,11.0,0.16038,6.0,0.16063,12.0,0.16064,3.0
1753531902409,12:11:42.409,BAT/USDT:USDT,0.16039,11.0,0.16038,6.0,0.16063,12.0,0.16064,3.0
1753531902420,12:11:42.420,BAT/USDT:USDT,0.16039,11.0,0.16038,6.0,0.16063,12.0,0.16064,3.0
1753531903204,12:11:43.204,BAT/USDT:USDT,0.16039,11.0,0.16038,6.0,0.16063,12.0,0.16064,3.0
1753531903239,12:11:43.239,BAT/USDT:USDT,0.16039,11.0,0.16038,6.0,0.16063,12.0,0.16064,3.0
1753531904764,12:11:44.764,BAT/USDT:USDT,0.16039,11.0,0.16038,6.0,0.16063,12.0,0.16064,3.0
1753531904888,12:11:44.888,BAT/USDT:USDT,0.16039,11.0,0.16038,6.0,0.16063,12.0,0.16064,3.0
1753531905360,12:11:45.360,BAT/USDT:USDT,0.16039,11.0,0.16038,6.0,0.16063,12.0,0.16064,3.0
1753531908744,12:11:48.744,BAT/USDT:USDT,0.16039,11.0,0.16038,6.0,0.16063,12.0,0.16064,3.0
1753531909504,12:11:49.504,BAT/USDT:USDT,0.16039,11.0,0.16038,6.0,0.16063,12.0,0.16064,3.0
1753531909655,12:11:49.655,BAT/USDT:USDT,0.16039,11.0,0.16038,6.0,0.16063,12.0,0.16064,3.0
1753531910398,12:11:50.398,BAT/USDT:USDT,0.16044,30.0,0.16043,11.0,0.16063,12.0,0.16064,3.0
1753531910477,12:11:50.477,BAT/USDT:USDT,0.16048,11.0,0.16045,11.0,0.16063,12.0,0.16064,3.0
1753531910537,12:11:50.537,BAT/USDT:USDT,0.16048,11.0,0.16045,11.0,0.16063,12.0,0.16064,3.0
1753531910708,12:11:50.708,BAT/USDT:USDT,0.16045,11.0,0.16044,6.0,0.16063,12.0,0.16064,3.0
1753531910978,12:11:50.978,BAT/USDT:USDT,0.16045,11.0,0.16044,6.0,0.16063,12.0,0.16064,3.0
1753531911229,12:11:51.229,BAT/USDT:USDT,0.16045,11.0,0.16044,6.0,0.16063,12.0,0.16064,3.0
1753531911370,12:11:51.370,BAT/USDT:USDT,0.16045,11.0,0.16044,6.0,0.16063,12.0,0.16064,3.0
1753531911604,12:11:51.604,BAT/USDT:USDT,0.16047,11.0,0.16046,30.0,0.16063,12.0,0.16064,3.0
1753531911704,12:11:51.704,BAT/USDT:USDT,0.16054,30.0,0.16053,11.0,0.16063,12.0,0.16064,3.0
1753531911791,12:11:51.791,BAT/USDT:USDT,0.16055,11.0,0.16053,11.0,0.16063,12.0,0.16064,3.0
1753531911880,12:11:51.880,BAT/USDT:USDT,0.16051,11.0,0.1605,6.0,0.16063,12.0,0.16064,3.0
1753531911966,12:11:51.966,BAT/USDT:USDT,0.16051,11.0,0.1605,6.0,0.16063,12.0,0.16064,3.0
1753531912035,12:11:52.035,BAT/USDT:USDT,0.16051,11.0,0.1605,6.0,0.16063,12.0,0.16064,3.0
1753531912306,12:11:52.306,BAT/USDT:USDT,0.16051,11.0,0.1605,6.0,0.16063,12.0,0.16064,3.0
1753531912397,12:11:52.397,BAT/USDT:USDT,0.16051,11.0,0.1605,6.0,0.16063,12.0,0.16064,3.0
1753531912438,12:11:52.438,BAT/USDT:USDT,0.16051,11.0,0.1605,6.0,0.16063,12.0,0.16064,3.0
1753531912646,12:11:52.646,BAT/USDT:USDT,0.16051,11.0,0.1605,6.0,0.16063,12.0,0.16064,3.0
1753531913036,12:11:53.036,BAT/USDT:USDT,0.16051,11.0,0.1605,6.0,0.16063,12.0,0.16064,3.0
1753531913945,12:11:53.945,BAT/USDT:USDT,0.16051,11.0,0.1605,6.0,0.16063,12.0,0.16064,3.0
1753531914262,12:11:54.262,BAT/USDT:USDT,0.16051,11.0,0.1605,6.0,0.16063,12.0,0.16064,3.0
1753531915085,12:11:55.085,BAT/USDT:USDT,0.16051,11.0,0.1605,6.0,0.16063,12.0,0.16064,3.0
1753531915941,12:11:55.941,BAT/USDT:USDT,0.16051,11.0,0.1605,6.0,0.16063,12.0,0.16064,3.0
1753531916081,12:11:56.081,BAT/USDT:USDT,0.16051,11.0,0.1605,6.0,0.16063,12.0,0.16064,3.0
1753531916198,12:11:56.198,BAT/USDT:USDT,0.16051,11.0,0.1605,6.0,0.16063,12.0,0.16064,3.0
1753531916297,12:11:56.297,BAT/USDT:USDT,0.16051,11.0,0.1605,6.0,0.16063,12.0,0.16093,11.0
1753531916392,12:11:56.392,BAT/USDT:USDT,0.16051,11.0,0.1605,6.0,0.16085,11.0,0.16086,186.0
1753531916503,12:11:56.503,BAT/USDT:USDT,0.16056,41.0,0.16055,30.0,0.1608,197.0,0.16081,11.0
1753531916579,12:11:56.579,BAT/USDT:USDT,0.16058,36.0,0.16057,11.0,0.16076,11.0,0.16077,3.0
1753531916707,12:11:56.707,BAT/USDT:USDT,0.16058,36.0,0.16057,11.0,0.16076,11.0,0.16077,3.0
1753531916810,12:11:56.810,BAT/USDT:USDT,0.16058,42.0,0.16057,11.0,0.16076,11.0,0.16077,3.0
1753531916828,12:11:56.828,BAT/USDT:USDT,0.16058,42.0,0.16057,11.0,0.16076,11.0,0.16077,3.0
1753531917468,12:11:57.468,BAT/USDT:USDT,0.16058,42.0,0.16057,11.0,0.16076,11.0,0.16077,3.0
1753531917528,12:11:57.528,BAT/USDT:USDT,0.16058,42.0,0.16057,11.0,0.16076,11.0,0.16077,3.0
1753531917942,12:11:57.942,BAT/USDT:USDT,0.16058,42.0,0.16057,11.0,0.16076,11.0,0.16077,3.0
1753531918243,12:11:58.243,BAT/USDT:USDT,0.16058,42.0,0.16054,11.0,0.16076,11.0,0.16077,3.0
1753531918482,12:11:58.482,BAT/USDT:USDT,0.16058,42.0,0.16054,11.0,0.16076,11.0,0.16077,3.0
1753531919100,12:11:59.100,BAT/USDT:USDT,0.16062,30.0,0.16059,11.0,0.16076,11.0,0.16077,3.0
1753531919211,12:11:59.211,BAT/USDT:USDT,0.16062,30.0,0.16059,11.0,0.16076,11.0,0.16077,3.0
1753531920024,12:12:00.024,BAT/USDT:USDT,0.16062,30.0,0.16059,11.0,0.16076,11.0,0.16077,3.0
1753531920280,12:12:00.280,BAT/USDT:USDT,0.16062,30.0,0.16059,11.0,0.16076,11.0,0.16077,3.0
1753531920386,12:12:00.386,BAT/USDT:USDT,0.16062,30.0,0.16059,11.0,0.16076,11.0,0.16077,3.0
1753531920457,12:12:00.457,BAT/USDT:USDT,0.16062,30.0,0.16059,11.0,0.16076,11.0,0.16077,3.0
1753531920625,12:12:00.625,BAT/USDT:USDT,0.16062,30.0,0.16059,11.0,0.16076,11.0,0.16077,3.0
1753531920757,12:12:00.757,BAT/USDT:USDT,0.16062,30.0,0.16059,11.0,0.16076,11.0,0.16077,3.0
1753531921261,12:12:01.261,BAT/USDT:USDT,0.16062,30.0,0.16059,11.0,0.16076,11.0,0.16077,3.0
1753531921697,12:12:01.697,BAT/USDT:USDT,0.16062,30.0,0.16059,11.0,0.16076,11.0,0.16077,3.0
1753531922512,12:12:02.512,BAT/USDT:USDT,0.16062,30.0,0.16059,11.0,0.16076,11.0,0.16077,3.0
1753531922525,12:12:02.525,BAT/USDT:USDT,0.16062,30.0,0.16059,11.0,0.16076,11.0,0.16077,3.0
1753531923068,12:12:03.068,BAT/USDT:USDT,0.16062,30.0,0.16059,11.0,0.16076,11.0,0.16077,3.0
1753531923142,12:12:03.142,BAT/USDT:USDT,0.16062,30.0,0.16059,11.0,0.16076,11.0,0.16077,3.0
1753531923910,12:12:03.910,BAT/USDT:USDT,0.16062,30.0,0.16058,12.0,0.16076,11.0,0.16077,3.0
1753531923998,12:12:03.998,BAT/USDT:USDT,0.16062,30.0,0.16058,12.0,0.16076,11.0,0.16077,3.0
1753531924060,12:12:04.060,BAT/USDT:USDT,0.16062,30.0,0.16058,12.0,0.16076,11.0,0.16077,3.0
1753531924211,12:12:04.211,BAT/USDT:USDT,0.16062,30.0,0.16058,12.0,0.16076,11.0,0.16077,3.0
1753531924285,12:12:04.285,BAT/USDT:USDT,0.16062,30.0,0.16058,12.0,0.16076,11.0,0.16077,3.0
1753531924462,12:12:04.462,BAT/USDT:USDT,0.16062,30.0,0.16058,12.0,0.16076,11.0,0.16077,3.0
1753531924651,12:12:04.651,BAT/USDT:USDT,0.16062,30.0,0.16058,12.0,0.16076,11.0,0.16077,3.0
1753531924936,12:12:04.936,BAT/USDT:USDT,0.16062,30.0,0.16058,12.0,0.16076,11.0,0.16077,3.0
1753531925366,12:12:05.366,BAT/USDT:USDT,0.16062,30.0,0.16058,12.0,0.16076,11.0,0.16077,3.0
1753531925587,12:12:05.587,BAT/USDT:USDT,0.16062,30.0,0.16058,12.0,0.16076,11.0,0.16077,3.0
1753531926198,12:12:06.198,BAT/USDT:USDT,0.16062,30.0,0.16058,12.0,0.16076,11.0,0.16077,3.0
1753531926802,12:12:06.802,BAT/USDT:USDT,0.16062,30.0,0.16058,12.0,0.16076,11.0,0.16077,3.0
1753531926804,12:12:06.804,BAT/USDT:USDT,0.16062,30.0,0.16058,12.0,0.16076,11.0,0.16077,3.0
1753531928227,12:12:08.227,BAT/USDT:USDT,0.16062,30.0,0.16058,12.0,0.16076,11.0,0.16077,3.0
1753531928464,12:12:08.464,BAT/USDT:USDT,0.16062,30.0,0.16058,12.0,0.16076,11.0,0.16077,3.0
1753531928697,12:12:08.697,BAT/USDT:USDT,0.16065,30.0,0.16064,30.0,0.16076,11.0,0.16077,3.0
1753531928730,12:12:08.730,BAT/USDT:USDT,0.16065,25.0,0.16063,6.0,0.16076,11.0,0.16077,3.0
1753531929011,12:12:09.011,BAT/USDT:USDT,0.16065,25.0,0.16063,6.0,0.16076,11.0,0.16077,3.0
1753531929047,12:12:09.047,BAT/USDT:USDT,0.16065,25.0,0.16063,6.0,0.16076,11.0,0.16077,3.0
1753531930041,12:12:10.041,BAT/USDT:USDT,0.16065,25.0,0.16063,6.0,0.16076,11.0,0.16077,3.0
1753531930202,12:12:10.202,BAT/USDT:USDT,0.16063,6.0,0.16062,7.0,0.16076,11.0,0.16077,3.0
1753531930303,12:12:10.303,BAT/USDT:USDT,0.16046,12.0,0.16025,11.0,0.16076,11.0,0.16077,3.0
1753531930412,12:12:10.412,BAT/USDT:USDT,0.16023,11.0,0.1602,157.0,0.16076,11.0,0.16077,3.0
1753531930498,12:12:10.498,BAT/USDT:USDT,0.16019,12.0,0.16016,296.0,0.16074,12.0,0.16075,186.0
1753531930613,12:12:10.613,BAT/USDT:USDT,0.16022,12.0,0.1602,187.0,0.16072,12.0,0.16073,186.0
1753531930702,12:12:10.702,BAT/USDT:USDT,0.16022,12.0,0.1602,187.0,0.16065,12.0,0.16066,50.0
1753531930802,12:12:10.802,BAT/USDT:USDT,0.16022,12.0,0.1602,187.0,0.16061,62.0,0.16062,50.0
1753531930891,12:12:10.891,BAT/USDT:USDT,0.16022,12.0,0.1602,187.0,0.1606,12.0,0.16061,50.0
1753531931009,12:12:11.009,BAT/USDT:USDT,0.16022,12.0,0.1602,187.0,0.1606,12.0,0.16061,50.0
1753531931039,12:12:11.039,BAT/USDT:USDT,0.16022,12.0,0.1602,187.0,0.1606,12.0,0.16061,50.0
1753531931136,12:12:11.136,BAT/USDT:USDT,0.16022,12.0,0.1602,187.0,0.1606,12.0,0.16061,50.0
1753531931362,12:12:11.362,BAT/USDT:USDT,0.16022,12.0,0.1602,187.0,0.1606,12.0,0.16061,50.0
1753531931710,12:12:11.710,BAT/USDT:USDT,0.16022,12.0,0.1602,187.0,0.1606,12.0,0.16061,50.0
1753531932072,12:12:12.072,BAT/USDT:USDT,0.16022,12.0,0.1602,187.0,0.1606,12.0,0.16062,50.0
1753531932145,12:12:12.145,BAT/USDT:USDT,0.16022,12.0,0.1602,187.0,0.1606,12.0,0.16062,50.0
1753531932635,12:12:12.635,BAT/USDT:USDT,0.16022,12.0,0.1602,187.0,0.1606,12.0,0.16062,50.0
1753531932965,12:12:12.965,BAT/USDT:USDT,0.16022,12.0,0.1602,187.0,0.1606,12.0,0.16062,50.0
1753531933269,12:12:13.269,BAT/USDT:USDT,0.16022,12.0,0.1602,187.0,0.1606,12.0,0.16062,50.0
1753531933498,12:12:13.498,BAT/USDT:USDT,0.16022,12.0,0.1602,187.0,0.1606,12.0,0.16062,50.0
1753531933702,12:12:13.702,BAT/USDT:USDT,0.16029,30.0,0.16028,42.0,0.1606,12.0,0.16062,50.0
1753531933797,12:12:13.797,BAT/USDT:USDT,0.16034,12.0,0.16033,6.0,0.16059,12.0,0.1606,6.0
1753531934190,12:12:14.190,BAT/USDT:USDT,0.16034,12.0,0.16033,6.0,0.16059,12.0,0.1606,6.0
1753531934801,12:12:14.801,BAT/USDT:USDT,0.16034,12.0,0.16033,6.0,0.16059,12.0,0.1606,6.0
1753531935006,12:12:15.006,BAT/USDT:USDT,0.16034,12.0,0.16033,6.0,0.16059,12.0,0.1606,6.0
1753531935412,12:12:15.412,BAT/USDT:USDT,0.16034,12.0,0.16033,6.0,0.16059,12.0,0.1606,6.0
1753531936080,12:12:16.080,BAT/USDT:USDT,0.16034,12.0,0.16033,6.0,0.16059,12.0,0.1606,6.0
1753531936229,12:12:16.229,BAT/USDT:USDT,0.16034,12.0,0.16033,6.0,0.16059,12.0,0.1606,6.0
1753531936468,12:12:16.468,BAT/USDT:USDT,0.16034,12.0,0.16033,6.0,0.16059,12.0,0.1606,6.0
1753531937087,12:12:17.087,BAT/USDT:USDT,0.16034,12.0,0.16033,6.0,0.16059,12.0,0.1606,6.0
1753531937556,12:12:17.556,BAT/USDT:USDT,0.16034,12.0,0.16033,6.0,0.16059,12.0,0.1606,6.0
1753531937645,12:12:17.645,BAT/USDT:USDT,0.16034,12.0,0.16033,6.0,0.16059,12.0,0.1606,6.0
1753531938264,12:12:18.264,BAT/USDT:USDT,0.16034,12.0,0.16033,6.0,0.16059,12.0,0.1606,6.0
1753531939083,12:12:19.083,BAT/USDT:USDT,0.16034,12.0,0.16033,6.0,0.16059,12.0,0.1606,6.0
1753531939270,12:12:19.270,BAT/USDT:USDT,0.16034,12.0,0.16033,6.0,0.16059,12.0,0.1606,6.0
1753531939714,12:12:19.714,BAT/USDT:USDT,0.16034,12.0,0.16033,6.0,0.16059,12.0,0.1606,6.0
1753531939719,12:12:19.719,BAT/USDT:USDT,0.16034,12.0,0.16033,6.0,0.16059,12.0,0.1606,6.0
1753531940307,12:12:20.307,BAT/USDT:USDT,0.16034,12.0,0.16033,6.0,0.16059,12.0,0.1606,6.0
1753531940598,12:12:20.598,BAT/USDT:USDT,0.16044,11.0,0.16041,61.0,0.16059,12.0,0.1606,6.0
1753531940728,12:12:20.728,BAT/USDT:USDT,0.16044,11.0,0.16041,61.0,0.16059,12.0,0.1606,6.0
1753531941148,12:12:21.148,BAT/USDT:USDT,0.16044,11.0,0.16041,61.0,0.16059,12.0,0.1606,6.0
1753531941841,12:12:21.841,BAT/USDT:USDT,0.16044,11.0,0.16041,61.0,0.16059,12.0,0.1606,6.0
1753531941968,12:12:21.968,BAT/USDT:USDT,0.16044,11.0,0.16041,61.0,0.16059,12.0,0.1606,6.0
1753531942901,12:12:22.901,BAT/USDT:USDT,0.16047,41.0,0.16046,47.0,0.16059,12.0,0.1606,6.0
1753531943003,12:12:23.003,BAT/USDT:USDT,0.16049,11.0,0.16047,11.0,0.16059,12.0,0.1606,6.0
1753531943206,12:12:23.206,BAT/USDT:USDT,0.16047,11.0,0.16046,6.0,0.16059,12.0,0.1606,6.0
1753531943346,12:12:23.346,BAT/USDT:USDT,0.16047,11.0,0.16046,6.0,0.16059,12.0,0.1606,6.0
1753531943513,12:12:23.513,BAT/USDT:USDT,0.16047,11.0,0.16046,6.0,0.16059,12.0,0.1606,6.0
1753531943994,12:12:23.994,BAT/USDT:USDT,0.16047,11.0,0.16046,6.0,0.16059,12.0,0.1606,6.0
1753531944414,12:12:24.414,BAT/USDT:USDT,0.16047,11.0,0.16046,6.0,0.16059,12.0,0.1606,6.0
1753531944416,12:12:24.416,BAT/USDT:USDT,0.16047,11.0,0.16046,6.0,0.16059,12.0,0.1606,6.0
1753531944919,12:12:24.919,BAT/USDT:USDT,0.16047,11.0,0.16046,6.0,0.16059,12.0,0.1606,6.0
1753531945184,12:12:25.184,BAT/USDT:USDT,0.16047,11.0,0.16046,6.0,0.16059,12.0,0.1606,6.0
1753531945247,12:12:25.247,BAT/USDT:USDT,0.16047,11.0,0.16046,6.0,0.16059,12.0,0.1606,6.0
1753531945542,12:12:25.542,BAT/USDT:USDT,0.16047,11.0,0.16046,6.0,0.16059,12.0,0.1606,6.0
1753531945683,12:12:25.683,BAT/USDT:USDT,0.16047,11.0,0.16046,6.0,0.1606,11.0,0.16063,12.0
1753531945785,12:12:25.785,BAT/USDT:USDT,0.16047,11.0,0.16046,6.0,0.16078,12.0,0.16087,244.0
1753531945912,12:12:25.912,BAT/USDT:USDT,0.1605,30.0,0.16049,61.0,0.16077,11.0,0.16078,186.0
1753531945974,12:12:25.974,BAT/USDT:USDT,0.16053,11.0,0.16051,11.0,0.16077,11.0,0.16078,186.0
1753531946109,12:12:26.109,BAT/USDT:USDT,0.16051,11.0,0.1605,50.0,0.16077,11.0,0.16078,186.0
1753531946167,12:12:26.167,BAT/USDT:USDT,0.16051,11.0,0.1605,50.0,0.16077,11.0,0.16078,186.0
1753531946301,12:12:26.301,BAT/USDT:USDT,0.16051,11.0,0.1605,50.0,0.16077,11.0,0.16078,186.0
1753531946329,12:12:26.329,BAT/USDT:USDT,0.16051,11.0,0.1605,50.0,0.16077,11.0,0.16078,186.0
1753531946611,12:12:26.611,BAT/USDT:USDT,0.16051,11.0,0.1605,50.0,0.16077,11.0,0.16078,186.0
1753531946679,12:12:26.679,BAT/USDT:USDT,0.16051,11.0,0.1605,50.0,0.16077,11.0,0.16078,186.0
1753531946911,12:12:26.911,BAT/USDT:USDT,0.16052,11.0,0.16051,61.0,0.16077,11.0,0.16078,186.0
1753531947001,12:12:27.001,BAT/USDT:USDT,0.16058,41.0,0.16057,30.0,0.16076,11.0,0.16077,6.0
1753531947092,12:12:27.092,BAT/USDT:USDT,0.1606,30.0,0.16059,11.0,0.16075,11.0,0.16076,17.0
1753531947185,12:12:27.185,BAT/USDT:USDT,0.1606,30.0,0.16056,6.0,0.16075,11.0,0.16076,6.0
1753531947457,12:12:27.457,BAT/USDT:USDT,0.1606,30.0,0.16056,6.0,0.16075,11.0,0.16076,6.0
1753531947874,12:12:27.874,BAT/USDT:USDT,0.1606,30.0,0.16056,6.0,0.16075,11.0,0.16076,6.0
1753531948045,12:12:28.045,BAT/USDT:USDT,0.1606,30.0,0.16056,6.0,0.16075,11.0,0.16077,6.0
1753531948139,12:12:28.139,BAT/USDT:USDT,0.1606,30.0,0.16056,6.0,0.16075,11.0,0.16077,6.0
1753531948293,12:12:28.293,BAT/USDT:USDT,0.1606,30.0,0.16056,6.0,0.16075,11.0,0.16077,6.0
1753531948533,12:12:28.533,BAT/USDT:USDT,0.1606,30.0,0.16056,6.0,0.16075,11.0,0.16077,6.0
1753531948875,12:12:28.875,BAT/USDT:USDT,0.1606,30.0,0.16056,6.0,0.16075,11.0,0.16077,6.0
1753531949113,12:12:29.113,BAT/USDT:USDT,0.1606,30.0,0.16056,6.0,0.16075,11.0,0.16077,6.0
1753531949954,12:12:29.954,BAT/USDT:USDT,0.1606,30.0,0.16056,6.0,0.16075,11.0,0.16077,6.0
1753531950402,12:12:30.402,BAT/USDT:USDT,0.1606,30.0,0.16056,6.0,0.16075,11.0,0.16077,6.0
1753531950474,12:12:30.474,BAT/USDT:USDT,0.1606,30.0,0.16056,6.0,0.16075,11.0,0.16077,6.0
1753531950536,12:12:30.536,BAT/USDT:USDT,0.1606,30.0,0.16056,6.0,0.16075,11.0,0.16077,6.0
1753531950754,12:12:30.754,BAT/USDT:USDT,0.16056,6.0,0.16047,11.0,0.16075,11.0,0.16077,6.0
1753531951163,12:12:31.163,BAT/USDT:USDT,0.16056,6.0,0.16047,11.0,0.16075,11.0,0.16077,6.0
1753531951585,12:12:31.585,BAT/USDT:USDT,0.16056,6.0,0.16047,11.0,0.16075,11.0,0.16077,6.0
1753531952001,12:12:32.001,BAT/USDT:USDT,0.16056,6.0,0.16047,11.0,0.16075,11.0,0.16077,6.0
1753531952299,12:12:32.299,BAT/USDT:USDT,0.16056,6.0,0.16047,11.0,0.16075,11.0,0.16077,6.0
1753531952425,12:12:32.425,BAT/USDT:USDT,0.16056,6.0,0.16047,11.0,0.16075,11.0,0.16077,6.0
1753531952535,12:12:32.535,BAT/USDT:USDT,0.16056,6.0,0.16032,12.0,0.16075,11.0,0.16077,6.0
1753531954682,12:12:34.682,BAT/USDT:USDT,0.16056,6.0,0.16032,12.0,0.16075,11.0,0.16077,6.0
1753531955262,12:12:35.262,BAT/USDT:USDT,0.16056,6.0,0.16032,12.0,0.16075,11.0,0.16077,6.0
1753531955711,12:12:35.711,BAT/USDT:USDT,0.16056,6.0,0.16032,12.0,0.16075,11.0,0.16077,6.0
1753531955840,12:12:35.840,BAT/USDT:USDT,0.16057,12.0,0.16056,6.0,0.16075,11.0,0.16077,6.0
1753531956082,12:12:36.082,BAT/USDT:USDT,0.16057,12.0,0.16056,6.0,0.16075,11.0,0.16077,6.0
1753531956696,12:12:36.696,BAT/USDT:USDT,0.16057,12.0,0.16056,6.0,0.16075,11.0,0.16077,6.0
1753531956904,12:12:36.904,BAT/USDT:USDT,0.16056,6.0,0.16032,12.0,0.16075,11.0,0.16077,6.0
1753531956980,12:12:36.980,BAT/USDT:USDT,0.16056,6.0,0.16032,12.0,0.16075,11.0,0.16077,6.0
1753531957159,12:12:37.159,BAT/USDT:USDT,0.16059,30.0,0.16056,6.0,0.16075,11.0,0.16077,6.0
1753531957408,12:12:37.408,BAT/USDT:USDT,0.16059,30.0,0.16056,6.0,0.16075,11.0,0.16077,6.0
1753531958248,12:12:38.248,BAT/USDT:USDT,0.16059,30.0,0.16056,6.0,0.16075,11.0,0.16077,6.0
1753531958662,12:12:38.662,BAT/USDT:USDT,0.16059,30.0,0.16056,6.0,0.16075,11.0,0.16077,6.0
1753531958956,12:12:38.956,BAT/USDT:USDT,0.16059,30.0,0.16056,6.0,0.16075,11.0,0.16077,6.0
1753531959411,12:12:39.411,BAT/USDT:USDT,0.16059,30.0,0.16056,6.0,0.16075,11.0,0.16077,6.0
1753531961103,12:12:41.103,BAT/USDT:USDT,0.16059,30.0,0.16056,6.0,0.16075,11.0,0.16077,6.0
1753531961116,12:12:41.116,BAT/USDT:USDT,0.16059,30.0,0.16056,6.0,0.16075,11.0,0.16077,6.0
1753531962323,12:12:42.323,BAT/USDT:USDT,0.16059,30.0,0.16056,6.0,0.16075,11.0,0.16077,6.0
1753531962416,12:12:42.416,BAT/USDT:USDT,0.16059,30.0,0.16056,6.0,0.16075,11.0,0.16077,6.0
1753531963139,12:12:43.139,BAT/USDT:USDT,0.16059,30.0,0.16056,6.0,0.16075,11.0,0.16077,6.0
1753531963492,12:12:43.492,BAT/USDT:USDT,0.16059,30.0,0.16057,12.0,0.16075,11.0,0.16077,6.0
1753531963541,12:12:43.541,BAT/USDT:USDT,0.16059,30.0,0.16057,12.0,0.16075,11.0,0.16077,6.0
1753531964303,12:12:44.303,BAT/USDT:USDT,0.16059,30.0,0.16057,12.0,0.16075,11.0,0.16077,6.0
1753531964413,12:12:44.413,BAT/USDT:USDT,0.16059,30.0,0.16057,12.0,0.16075,11.0,0.16077,6.0
1753531965513,12:12:45.513,BAT/USDT:USDT,0.16057,12.0,0.16026,12.0,0.16075,11.0,0.16077,6.0
1753531965613,12:12:45.613,BAT/USDT:USDT,0.16033,30.0,0.16032,42.0,0.16075,11.0,0.16077,6.0
1753531965713,12:12:45.713,BAT/USDT:USDT,0.16043,42.0,0.16042,42.0,0.16075,11.0,0.16077,6.0
1753531965801,12:12:45.801,BAT/USDT:USDT,0.16051,42.0,0.1605,42.0,0.16075,11.0,0.16077,6.0
1753531965899,12:12:45.899,BAT/USDT:USDT,0.16058,12.0,0.16057,42.0,0.16075,11.0,0.16077,6.0
1753531965990,12:12:45.990,BAT/USDT:USDT,0.16058,12.0,0.16057,12.0,0.16074,12.0,0.16075,6.0
1753531966054,12:12:46.054,BAT/USDT:USDT,0.16058,12.0,0.16055,6.0,0.16074,12.0,0.16075,6.0
1753531966973,12:12:46.973,BAT/USDT:USDT,0.16058,12.0,0.16055,6.0,0.16074,12.0,0.16077,6.0
1753531967269,12:12:47.269,BAT/USDT:USDT,0.16058,12.0,0.16055,6.0,0.16074,12.0,0.16077,6.0
1753531967612,12:12:47.612,BAT/USDT:USDT,0.16058,12.0,0.16055,6.0,0.16074,12.0,0.16077,6.0
1753531968501,12:12:48.501,BAT/USDT:USDT,0.16059,30.0,0.16058,30.0,0.16074,12.0,0.16077,6.0
1753531968557,12:12:48.557,BAT/USDT:USDT,0.16061,30.0,0.16056,12.0,0.16074,12.0,0.16077,6.0
1753531968918,12:12:48.918,BAT/USDT:USDT,0.16061,30.0,0.16056,12.0,0.16074,12.0,0.16077,6.0
1753531969359,12:12:49.359,BAT/USDT:USDT,0.16061,30.0,0.16056,12.0,0.16074,12.0,0.16077,6.0
1753531969579,12:12:49.579,BAT/USDT:USDT,0.16061,30.0,0.16056,12.0,0.16074,12.0,0.16077,6.0
1753531969793,12:12:49.793,BAT/USDT:USDT,0.16061,30.0,0.16056,12.0,0.16074,12.0,0.16077,6.0
1753531970154,12:12:50.154,BAT/USDT:USDT,0.16061,36.0,0.16059,6.0,0.16074,12.0,0.16077,6.0
1753531971162,12:12:51.162,BAT/USDT:USDT,0.16061,36.0,0.16059,6.0,0.16074,12.0,0.16077,6.0
1753531971377,12:12:51.377,BAT/USDT:USDT,0.16061,36.0,0.16059,6.0,0.16074,12.0,0.16077,6.0
1753531971664,12:12:51.664,BAT/USDT:USDT,0.16061,36.0,0.16059,12.0,0.16074,12.0,0.16077,6.0
1753531971984,12:12:51.984,BAT/USDT:USDT,0.16061,36.0,0.16059,12.0,0.16074,12.0,0.16077,6.0
1753531974180,12:12:54.180,BAT/USDT:USDT,0.16061,36.0,0.16059,12.0,0.16074,12.0,0.16077,6.0
1753531975040,12:12:55.040,BAT/USDT:USDT,0.16061,36.0,0.16059,12.0,0.16074,12.0,0.16077,6.0
1753531976069,12:12:56.069,BAT/USDT:USDT,0.16061,36.0,0.16059,12.0,0.16074,12.0,0.16077,6.0
1753531976262,12:12:56.262,BAT/USDT:USDT,0.16061,36.0,0.16059,12.0,0.16074,12.0,0.16077,6.0
1753531976334,12:12:56.334,BAT/USDT:USDT,0.16061,36.0,0.16059,12.0,0.16074,12.0,0.16077,6.0
1753531976562,12:12:56.562,BAT/USDT:USDT,0.16061,36.0,0.16059,12.0,0.16074,12.0,0.16077,6.0
1753531976642,12:12:56.642,BAT/USDT:USDT,0.16061,36.0,0.16059,12.0,0.16074,12.0,0.16077,6.0
1753531977570,12:12:57.570,BAT/USDT:USDT,0.16061,36.0,0.16059,12.0,0.16074,12.0,0.16077,6.0
