timestamp,time,symbol,bid1_price,bid1_volume,bid2_price,bid2_volume,ask1_price,ask1_volume,ask2_price,ask2_volume
1753520626000,09:03:46.000,ALGO/USDT:USDT,0.26742,124.0,0.2674,110.0,0.26769,124.0,0.26771,258.0
1753520626899,09:03:46.899,ALGO/USDT:USDT,0.26742,124.0,0.2674,110.0,0.26773,127.0,0.26774,114.0
1753520626934,09:03:46.934,ALGO/USDT:USDT,0.26742,124.0,0.2674,110.0,0.26773,127.0,0.26774,114.0
1753520627008,09:03:47.008,ALGO/USDT:USDT,0.26742,124.0,0.2674,110.0,0.26773,127.0,0.26774,114.0
1753520627120,09:03:47.120,ALGO/USDT:USDT,0.26742,124.0,0.2674,110.0,0.26773,127.0,0.26774,114.0
1753520627443,09:03:47.443,ALGO/USDT:USDT,0.26742,124.0,0.2674,110.0,0.26773,127.0,0.26774,114.0
1753520627513,09:03:47.513,ALGO/USDT:USDT,0.26742,124.0,0.2674,110.0,0.26773,127.0,0.26774,114.0
1753520627640,09:03:47.640,ALGO/USDT:USDT,0.26742,124.0,0.2674,110.0,0.26773,127.0,0.26774,114.0
1753520627991,09:03:47.991,ALGO/USDT:USDT,0.26742,124.0,0.2674,110.0,0.26773,127.0,0.26774,114.0
1753520628004,09:03:48.004,ALGO/USDT:USDT,0.26742,124.0,0.2674,110.0,0.26773,127.0,0.26774,114.0
1753520628105,09:03:48.105,ALGO/USDT:USDT,0.26742,124.0,0.2674,110.0,0.26773,127.0,0.26774,114.0
1753520628339,09:03:48.339,ALGO/USDT:USDT,0.26742,124.0,0.2674,110.0,0.26773,127.0,0.26774,114.0
1753520629160,09:03:49.160,ALGO/USDT:USDT,0.26741,127.0,0.26739,77.0,0.26773,127.0,0.26774,114.0
1753520629250,09:03:49.250,ALGO/USDT:USDT,0.26742,127.0,0.26739,77.0,0.26773,127.0,0.26774,113.0
1753520629387,09:03:49.387,ALGO/USDT:USDT,0.26743,127.0,0.26742,14.0,0.26773,127.0,0.26774,113.0
1753520629480,09:03:49.480,ALGO/USDT:USDT,0.26743,127.0,0.26739,77.0,0.26773,127.0,0.26774,113.0
1753520629572,09:03:49.572,ALGO/USDT:USDT,0.26744,127.0,0.26743,127.0,0.26773,127.0,0.26774,113.0
1753520629685,09:03:49.685,ALGO/USDT:USDT,0.26745,127.0,0.26744,75.0,0.26773,127.0,0.26774,113.0
1753520629709,09:03:49.709,ALGO/USDT:USDT,0.26745,127.0,0.26743,127.0,0.26773,127.0,0.26774,113.0
1753520629852,09:03:49.852,ALGO/USDT:USDT,0.26746,127.0,0.26743,127.0,0.26773,127.0,0.26774,113.0
1753520629994,09:03:49.994,ALGO/USDT:USDT,0.26743,127.0,0.26739,77.0,0.26773,127.0,0.26774,113.0
1753520630012,09:03:50.012,ALGO/USDT:USDT,0.26743,127.0,0.2674,111.0,0.26773,127.0,0.26774,113.0
1753520630199,09:03:50.199,ALGO/USDT:USDT,0.26743,127.0,0.2674,111.0,0.26773,127.0,0.26774,113.0
1753520630299,09:03:50.299,ALGO/USDT:USDT,0.26747,127.0,0.26746,86.0,0.26773,127.0,0.26774,113.0
1753520630385,09:03:50.385,ALGO/USDT:USDT,0.26747,127.0,0.26746,86.0,0.26773,127.0,0.26774,113.0
1753520630449,09:03:50.449,ALGO/USDT:USDT,0.26748,127.0,0.26747,127.0,0.26773,127.0,0.26774,113.0
1753520630586,09:03:50.586,ALGO/USDT:USDT,0.26749,127.0,0.26748,104.0,0.26773,127.0,0.26774,113.0
1753520630644,09:03:50.644,ALGO/USDT:USDT,0.26751,127.0,0.2675,128.0,0.26773,127.0,0.26774,114.0
1753520630780,09:03:50.780,ALGO/USDT:USDT,0.26751,127.0,0.2675,1.0,0.26773,127.0,0.26774,114.0
1753520630886,09:03:50.886,ALGO/USDT:USDT,0.26752,127.0,0.26751,104.0,0.26773,127.0,0.26774,114.0
1753520630915,09:03:50.915,ALGO/USDT:USDT,0.26752,127.0,0.2675,1.0,0.26773,127.0,0.26774,114.0
1753520631274,09:03:51.274,ALGO/USDT:USDT,0.26752,127.0,0.2675,1.0,0.26773,127.0,0.26774,114.0
1753520631689,09:03:51.689,ALGO/USDT:USDT,0.26752,127.0,0.2675,1.0,0.26773,127.0,0.26774,114.0
1753520631802,09:03:51.802,ALGO/USDT:USDT,0.26752,127.0,0.2675,1.0,0.26773,127.0,0.26774,114.0
1753520632102,09:03:52.102,ALGO/USDT:USDT,0.26752,127.0,0.2675,1.0,0.26773,127.0,0.26774,114.0
1753520632314,09:03:52.314,ALGO/USDT:USDT,0.26752,127.0,0.2675,1.0,0.26773,127.0,0.26774,114.0
1753520632860,09:03:52.860,ALGO/USDT:USDT,0.26752,127.0,0.2675,1.0,0.26773,127.0,0.26774,114.0
1753520633208,09:03:53.208,ALGO/USDT:USDT,0.26752,127.0,0.2675,1.0,0.26773,127.0,0.26774,114.0
1753520633361,09:03:53.361,ALGO/USDT:USDT,0.26752,127.0,0.2675,1.0,0.26773,127.0,0.26774,114.0
1753520633724,09:03:53.724,ALGO/USDT:USDT,0.26752,127.0,0.2675,1.0,0.26773,127.0,0.26774,114.0
1753520633830,09:03:53.830,ALGO/USDT:USDT,0.26752,127.0,0.2675,1.0,0.26773,127.0,0.26774,114.0
1753520633922,09:03:53.922,ALGO/USDT:USDT,0.26752,127.0,0.2675,1.0,0.26773,127.0,0.26774,114.0
1753520634003,09:03:54.003,ALGO/USDT:USDT,0.26752,127.0,0.2675,1.0,0.26773,127.0,0.26774,114.0
1753520634143,09:03:54.143,ALGO/USDT:USDT,0.26752,127.0,0.2675,1.0,0.26773,127.0,0.26774,114.0
1753520634267,09:03:54.267,ALGO/USDT:USDT,0.26752,127.0,0.2675,1.0,0.26773,127.0,0.26774,114.0
1753520634592,09:03:54.592,ALGO/USDT:USDT,0.26752,127.0,0.2675,1.0,0.26773,127.0,0.26774,114.0
1753520634613,09:03:54.613,ALGO/USDT:USDT,0.26752,127.0,0.2675,1.0,0.26773,127.0,0.26774,114.0
1753520635010,09:03:55.010,ALGO/USDT:USDT,0.26752,127.0,0.2675,1.0,0.26773,127.0,0.26774,114.0
1753520635359,09:03:55.359,ALGO/USDT:USDT,0.26752,127.0,0.2675,1.0,0.26773,127.0,0.26774,114.0
1753520636031,09:03:56.031,ALGO/USDT:USDT,0.26752,127.0,0.2675,1.0,0.26773,127.0,0.26774,114.0
1753520636182,09:03:56.182,ALGO/USDT:USDT,0.26752,127.0,0.2675,1.0,0.26773,127.0,0.26774,114.0
1753520636467,09:03:56.467,ALGO/USDT:USDT,0.26752,127.0,0.2675,1.0,0.26773,127.0,0.26774,114.0
1753520637114,09:03:57.114,ALGO/USDT:USDT,0.26752,127.0,0.2675,1.0,0.26773,127.0,0.26774,114.0
1753520637398,09:03:57.398,ALGO/USDT:USDT,0.26752,127.0,0.2675,1.0,0.26773,127.0,0.26774,114.0
1753520637849,09:03:57.849,ALGO/USDT:USDT,0.26752,127.0,0.2675,1.0,0.26773,127.0,0.26774,114.0
1753520638393,09:03:58.393,ALGO/USDT:USDT,0.26752,127.0,0.2675,1.0,0.26773,127.0,0.26774,114.0
1753520639075,09:03:59.075,ALGO/USDT:USDT,0.26752,127.0,0.2675,1.0,0.26773,127.0,0.26774,114.0
1753520639106,09:03:59.106,ALGO/USDT:USDT,0.26752,127.0,0.2675,1.0,0.26773,127.0,0.26774,114.0
1753520639290,09:03:59.290,ALGO/USDT:USDT,0.26752,127.0,0.2675,1.0,0.26773,127.0,0.26774,114.0
1753520639948,09:03:59.948,ALGO/USDT:USDT,0.26752,127.0,0.2675,1.0,0.26773,127.0,0.26774,114.0
1753520640470,09:04:00.470,ALGO/USDT:USDT,0.26752,127.0,0.2675,1.0,0.26773,127.0,0.26774,114.0
1753520641078,09:04:01.078,ALGO/USDT:USDT,0.26752,127.0,0.2675,1.0,0.26773,127.0,0.26774,114.0
1753520641477,09:04:01.477,ALGO/USDT:USDT,0.26752,127.0,0.2675,1.0,0.26773,127.0,0.26774,114.0
1753520641931,09:04:01.931,ALGO/USDT:USDT,0.26752,127.0,0.2675,1.0,0.26773,127.0,0.26774,114.0
1753520642383,09:04:02.383,ALGO/USDT:USDT,0.26752,127.0,0.2675,1.0,0.26773,127.0,0.26774,114.0
1753520642425,09:04:02.425,ALGO/USDT:USDT,0.26752,127.0,0.2675,1.0,0.26773,127.0,0.26774,114.0
1753520643031,09:04:03.031,ALGO/USDT:USDT,0.26752,127.0,0.2675,1.0,0.26773,127.0,0.26774,114.0
1753520643977,09:04:03.977,ALGO/USDT:USDT,0.26752,127.0,0.2675,1.0,0.26773,127.0,0.26774,114.0
1753520644268,09:04:04.268,ALGO/USDT:USDT,0.26751,126.0,0.2675,1.0,0.26773,127.0,0.26774,114.0
1753520644304,09:04:04.304,ALGO/USDT:USDT,0.26751,126.0,0.2675,1.0,0.26773,127.0,0.26774,114.0
1753520644982,09:04:04.982,ALGO/USDT:USDT,0.26751,126.0,0.2675,1.0,0.26773,127.0,0.26774,114.0
1753520645119,09:04:05.119,ALGO/USDT:USDT,0.26751,126.0,0.2675,1.0,0.26773,127.0,0.26774,114.0
1753520645292,09:04:05.292,ALGO/USDT:USDT,0.26751,126.0,0.26749,114.0,0.26773,127.0,0.26774,114.0
1753520645339,09:04:05.339,ALGO/USDT:USDT,0.26751,126.0,0.26749,114.0,0.26773,127.0,0.26774,114.0
1753520645509,09:04:05.509,ALGO/USDT:USDT,0.26751,126.0,0.26749,114.0,0.26773,127.0,0.26774,114.0
1753520645647,09:04:05.647,ALGO/USDT:USDT,0.26751,126.0,0.26749,114.0,0.26773,127.0,0.26774,114.0
1753520645851,09:04:05.851,ALGO/USDT:USDT,0.26751,126.0,0.26749,114.0,0.26773,127.0,0.26774,114.0
1753520645990,09:04:05.990,ALGO/USDT:USDT,0.26751,126.0,0.26749,114.0,0.26773,127.0,0.26774,114.0
1753520646262,09:04:06.262,ALGO/USDT:USDT,0.26751,126.0,0.26749,114.0,0.26773,127.0,0.26774,114.0
1753520646385,09:04:06.385,ALGO/USDT:USDT,0.26743,127.0,0.2674,111.0,0.26773,127.0,0.26774,114.0
1753520646548,09:04:06.548,ALGO/USDT:USDT,0.26743,127.0,0.2674,111.0,0.26773,127.0,0.26774,114.0
1753520646801,09:04:06.801,ALGO/USDT:USDT,0.26743,127.0,0.2674,111.0,0.26773,127.0,0.26774,113.0
1753520646888,09:04:06.888,ALGO/USDT:USDT,0.26744,126.0,0.26743,177.0,0.26773,127.0,0.26774,113.0
1753520646928,09:04:06.928,ALGO/USDT:USDT,0.26745,126.0,0.26744,50.0,0.26773,127.0,0.26774,113.0
1753520647096,09:04:07.096,ALGO/USDT:USDT,0.26746,126.0,0.26745,61.0,0.26773,127.0,0.26774,113.0
1753520647110,09:04:07.110,ALGO/USDT:USDT,0.26746,126.0,0.26744,50.0,0.26773,127.0,0.26774,113.0
1753520647270,09:04:07.270,ALGO/USDT:USDT,0.26748,126.0,0.26744,50.0,0.26773,127.0,0.26774,113.0
1753520647396,09:04:07.396,ALGO/USDT:USDT,0.26749,209.0,0.26748,276.0,0.26773,127.0,0.26774,113.0
1753520647433,09:04:07.433,ALGO/USDT:USDT,0.2675,126.0,0.26748,126.0,0.26773,127.0,0.26774,113.0
1753520647568,09:04:07.568,ALGO/USDT:USDT,0.26752,126.0,0.26748,126.0,0.26773,127.0,0.26774,113.0
1753520647685,09:04:07.685,ALGO/USDT:USDT,0.26754,126.0,0.26753,1.0,0.26773,127.0,0.26774,113.0
1753520647715,09:04:07.715,ALGO/USDT:USDT,0.26754,126.0,0.26753,1.0,0.26773,127.0,0.26774,114.0
1753520648064,09:04:08.064,ALGO/USDT:USDT,0.26754,126.0,0.26753,1.0,0.26773,127.0,0.26774,114.0
1753520648580,09:04:08.580,ALGO/USDT:USDT,0.26754,126.0,0.26753,1.0,0.26773,127.0,0.26774,114.0
1753520648603,09:04:08.603,ALGO/USDT:USDT,0.26754,126.0,0.26753,1.0,0.26773,127.0,0.26774,114.0
1753520648888,09:04:08.888,ALGO/USDT:USDT,0.26754,126.0,0.26753,1.0,0.26773,127.0,0.26774,114.0
1753520649114,09:04:09.114,ALGO/USDT:USDT,0.26754,126.0,0.26753,2.0,0.26773,127.0,0.26774,114.0
1753520649204,09:04:09.204,ALGO/USDT:USDT,0.26754,126.0,0.26753,2.0,0.26773,127.0,0.26774,114.0
1753520649317,09:04:09.317,ALGO/USDT:USDT,0.26754,126.0,0.26753,2.0,0.26773,127.0,0.26774,114.0
1753520649966,09:04:09.966,ALGO/USDT:USDT,0.2675,126.0,0.26748,126.0,0.26773,127.0,0.26774,114.0
1753520650138,09:04:10.138,ALGO/USDT:USDT,0.26748,126.0,0.26744,50.0,0.26773,127.0,0.26774,114.0
1753520650596,09:04:10.596,ALGO/USDT:USDT,0.26748,126.0,0.26744,50.0,0.26773,127.0,0.26774,114.0
1753520650602,09:04:10.602,ALGO/USDT:USDT,0.26748,126.0,0.26744,50.0,0.26773,127.0,0.26774,114.0
1753520651008,09:04:11.008,ALGO/USDT:USDT,0.26748,126.0,0.26744,50.0,0.26773,127.0,0.26774,114.0
1753520651360,09:04:11.360,ALGO/USDT:USDT,0.26748,126.0,0.26744,50.0,0.26773,127.0,0.26774,114.0
1753520651514,09:04:11.514,ALGO/USDT:USDT,0.26748,126.0,0.26744,50.0,0.26773,127.0,0.26774,114.0
1753520651905,09:04:11.905,ALGO/USDT:USDT,0.26748,126.0,0.26744,50.0,0.26773,127.0,0.26774,114.0
1753520652285,09:04:12.285,ALGO/USDT:USDT,0.26748,126.0,0.26744,50.0,0.26773,127.0,0.26774,114.0
1753520652361,09:04:12.361,ALGO/USDT:USDT,0.26748,126.0,0.26744,50.0,0.26773,127.0,0.26774,114.0
1753520653600,09:04:13.600,ALGO/USDT:USDT,0.26748,126.0,0.26744,50.0,0.26773,127.0,0.26774,114.0
1753520653608,09:04:13.608,ALGO/USDT:USDT,0.26748,126.0,0.26744,50.0,0.26773,127.0,0.26774,114.0
1753520653898,09:04:13.898,ALGO/USDT:USDT,0.26748,126.0,0.26744,50.0,0.26773,127.0,0.26774,114.0
1753520654276,09:04:14.276,ALGO/USDT:USDT,0.26748,126.0,0.26744,50.0,0.26773,127.0,0.26774,114.0
1753520654315,09:04:14.315,ALGO/USDT:USDT,0.26748,126.0,0.26744,50.0,0.26773,127.0,0.26774,114.0
1753520654449,09:04:14.449,ALGO/USDT:USDT,0.26748,126.0,0.26744,50.0,0.26773,127.0,0.26774,114.0
1753520654592,09:04:14.592,ALGO/USDT:USDT,0.26748,126.0,0.26744,50.0,0.26773,127.0,0.26774,114.0
1753520654767,09:04:14.767,ALGO/USDT:USDT,0.26748,126.0,0.26744,50.0,0.26773,127.0,0.26774,114.0
1753520655029,09:04:15.029,ALGO/USDT:USDT,0.26748,126.0,0.26744,50.0,0.26773,127.0,0.26774,114.0
1753520656071,09:04:16.071,ALGO/USDT:USDT,0.26748,126.0,0.26744,50.0,0.26773,127.0,0.26774,114.0
1753520656300,09:04:16.300,ALGO/USDT:USDT,0.26748,126.0,0.26744,50.0,0.26773,127.0,0.26774,114.0
1753520656389,09:04:16.389,ALGO/USDT:USDT,0.26748,126.0,0.26744,50.0,0.26773,127.0,0.26774,114.0
1753520656410,09:04:16.410,ALGO/USDT:USDT,0.26748,126.0,0.26744,50.0,0.26773,127.0,0.26774,114.0
1753520656884,09:04:16.884,ALGO/USDT:USDT,0.26748,126.0,0.26744,50.0,0.26773,127.0,0.26774,114.0
1753520657050,09:04:17.050,ALGO/USDT:USDT,0.26743,127.0,0.2674,111.0,0.26773,127.0,0.26774,114.0
1753520657196,09:04:17.196,ALGO/USDT:USDT,0.26743,127.0,0.2674,111.0,0.26773,127.0,0.26774,114.0
1753520657501,09:04:17.501,ALGO/USDT:USDT,0.26743,127.0,0.2674,111.0,0.26772,38.0,0.26773,127.0
1753520657599,09:04:17.599,ALGO/USDT:USDT,0.26743,127.0,0.2674,111.0,0.26771,126.0,0.26773,127.0
1753520657702,09:04:17.702,ALGO/USDT:USDT,0.26743,127.0,0.2674,111.0,0.26773,127.0,0.26774,114.0
1753520657730,09:04:17.730,ALGO/USDT:USDT,0.26743,127.0,0.2674,111.0,0.26773,127.0,0.26774,114.0
1753520657879,09:04:17.879,ALGO/USDT:USDT,0.26743,127.0,0.2674,111.0,0.26773,127.0,0.26774,114.0
1753520657951,09:04:17.951,ALGO/USDT:USDT,0.26743,127.0,0.2674,111.0,0.26773,127.0,0.26774,114.0
1753520658455,09:04:18.455,ALGO/USDT:USDT,0.26743,127.0,0.2674,111.0,0.26771,126.0,0.26772,38.0
1753520658785,09:04:18.785,ALGO/USDT:USDT,0.26743,127.0,0.2674,111.0,0.26773,127.0,0.26774,114.0
1753520658999,09:04:18.999,ALGO/USDT:USDT,0.26743,127.0,0.2674,111.0,0.26773,127.0,0.26774,114.0
1753520659183,09:04:19.183,ALGO/USDT:USDT,0.26743,127.0,0.2674,111.0,0.26773,127.0,0.26774,114.0
1753520659510,09:04:19.510,ALGO/USDT:USDT,0.26743,127.0,0.2674,111.0,0.26773,127.0,0.26774,114.0
1753520659998,09:04:19.998,ALGO/USDT:USDT,0.26743,127.0,0.2674,111.0,0.26773,127.0,0.26774,114.0
1753520660038,09:04:20.038,ALGO/USDT:USDT,0.26743,127.0,0.2674,111.0,0.26773,127.0,0.26774,114.0
1753520660496,09:04:20.496,ALGO/USDT:USDT,0.26743,127.0,0.2674,111.0,0.26773,127.0,0.26774,114.0
1753520660538,09:04:20.538,ALGO/USDT:USDT,0.26743,127.0,0.2674,111.0,0.26773,127.0,0.26774,114.0
1753520661014,09:04:21.014,ALGO/USDT:USDT,0.26743,127.0,0.2674,111.0,0.26773,127.0,0.26774,114.0
1753520661114,09:04:21.114,ALGO/USDT:USDT,0.26743,127.0,0.2674,111.0,0.26773,127.0,0.26774,114.0
1753520661292,09:04:21.292,ALGO/USDT:USDT,0.26743,127.0,0.2674,111.0,0.26773,127.0,0.26774,114.0
1753520661370,09:04:21.370,ALGO/USDT:USDT,0.26745,122.0,0.26743,127.0,0.26773,127.0,0.26774,114.0
1753520661495,09:04:21.495,ALGO/USDT:USDT,0.26743,127.0,0.2674,111.0,0.26773,127.0,0.26774,114.0
1753520661551,09:04:21.551,ALGO/USDT:USDT,0.26745,122.0,0.2674,111.0,0.26773,127.0,0.26774,114.0
1753520661655,09:04:21.655,ALGO/USDT:USDT,0.26745,122.0,0.2674,111.0,0.26773,127.0,0.26774,114.0
1753520661984,09:04:21.984,ALGO/USDT:USDT,0.26745,122.0,0.2674,111.0,0.26771,256.0,0.26772,447.0
1753520662063,09:04:22.063,ALGO/USDT:USDT,0.26745,122.0,0.2674,111.0,0.26769,122.0,0.2677,77.0
1753520662200,09:04:22.200,ALGO/USDT:USDT,0.26745,122.0,0.2674,111.0,0.26769,122.0,0.2677,77.0
1753520662384,09:04:22.384,ALGO/USDT:USDT,0.26745,122.0,0.2674,111.0,0.26769,122.0,0.2677,77.0
1753520662499,09:04:22.499,ALGO/USDT:USDT,0.26745,122.0,0.2674,111.0,0.26773,127.0,0.26774,114.0
1753520662593,09:04:22.593,ALGO/USDT:USDT,0.26745,122.0,0.2674,111.0,0.26773,127.0,0.26774,114.0
1753520662654,09:04:22.654,ALGO/USDT:USDT,0.26745,122.0,0.2674,111.0,0.26773,127.0,0.26774,114.0
1753520662708,09:04:22.708,ALGO/USDT:USDT,0.26745,122.0,0.2674,111.0,0.26773,127.0,0.26774,114.0
1753520662851,09:04:22.851,ALGO/USDT:USDT,0.26745,122.0,0.2674,111.0,0.26773,127.0,0.26774,114.0
1753520663042,09:04:23.042,ALGO/USDT:USDT,0.26745,122.0,0.2674,111.0,0.26773,127.0,0.26774,114.0
1753520663601,09:04:23.601,ALGO/USDT:USDT,0.26745,122.0,0.2674,111.0,0.26773,127.0,0.26774,114.0
1753520663690,09:04:23.690,ALGO/USDT:USDT,0.26745,122.0,0.2674,111.0,0.26773,127.0,0.26774,114.0
1753520664067,09:04:24.067,ALGO/USDT:USDT,0.26745,122.0,0.2674,111.0,0.26773,127.0,0.26774,114.0
1753520665119,09:04:25.119,ALGO/USDT:USDT,0.26745,122.0,0.2674,111.0,0.26773,127.0,0.26774,114.0
1753520665270,09:04:25.270,ALGO/USDT:USDT,0.26745,122.0,0.2674,111.0,0.26773,127.0,0.26774,114.0
1753520665914,09:04:25.914,ALGO/USDT:USDT,0.26745,122.0,0.2674,111.0,0.26773,127.0,0.26774,114.0
1753520666004,09:04:26.004,ALGO/USDT:USDT,0.26745,122.0,0.2674,111.0,0.26773,127.0,0.26774,114.0
1753520666284,09:04:26.284,ALGO/USDT:USDT,0.26745,122.0,0.2674,111.0,0.26769,122.0,0.2677,199.0
1753520666305,09:04:26.305,ALGO/USDT:USDT,0.26745,122.0,0.2674,111.0,0.26769,122.0,0.2677,199.0
1753520666493,09:04:26.493,ALGO/USDT:USDT,0.26745,122.0,0.2674,111.0,0.26769,122.0,0.26771,134.0
1753520666577,09:04:26.577,ALGO/USDT:USDT,0.26745,122.0,0.2674,111.0,0.26769,122.0,0.26771,134.0
1753520667307,09:04:27.307,ALGO/USDT:USDT,0.26745,122.0,0.2674,111.0,0.26769,122.0,0.26771,134.0
1753520667933,09:04:27.933,ALGO/USDT:USDT,0.26745,122.0,0.2674,111.0,0.26769,122.0,0.26771,134.0
1753520668111,09:04:28.111,ALGO/USDT:USDT,0.26745,122.0,0.2674,111.0,0.26769,122.0,0.26771,134.0
1753520668251,09:04:28.251,ALGO/USDT:USDT,0.26745,122.0,0.2674,111.0,0.26769,122.0,0.26771,134.0
1753520669084,09:04:29.084,ALGO/USDT:USDT,0.26745,122.0,0.2674,111.0,0.26769,122.0,0.26771,134.0
1753520670363,09:04:30.363,ALGO/USDT:USDT,0.26745,122.0,0.2674,111.0,0.26769,122.0,0.26771,134.0
1753520670744,09:04:30.744,ALGO/USDT:USDT,0.26745,122.0,0.2674,111.0,0.26769,122.0,0.26771,134.0
1753520671384,09:04:31.384,ALGO/USDT:USDT,0.26745,122.0,0.2674,111.0,0.26769,122.0,0.26771,134.0
1753520672020,09:04:32.020,ALGO/USDT:USDT,0.26745,122.0,0.2674,111.0,0.26769,122.0,0.26771,134.0
1753520672508,09:04:32.508,ALGO/USDT:USDT,0.26745,122.0,0.2674,111.0,0.26769,122.0,0.26771,134.0
1753520672605,09:04:32.605,ALGO/USDT:USDT,0.26745,122.0,0.2674,111.0,0.26769,122.0,0.26771,134.0
1753520673450,09:04:33.450,ALGO/USDT:USDT,0.26745,122.0,0.2674,111.0,0.26769,122.0,0.26771,134.0
1753520673544,09:04:33.544,ALGO/USDT:USDT,0.26745,122.0,0.2674,111.0,0.26769,122.0,0.26771,134.0
1753520674807,09:04:34.807,ALGO/USDT:USDT,0.26745,122.0,0.2674,111.0,0.26769,122.0,0.26771,134.0
1753520674979,09:04:34.979,ALGO/USDT:USDT,0.26745,122.0,0.2674,111.0,0.26769,122.0,0.26771,134.0
1753520675004,09:04:35.004,ALGO/USDT:USDT,0.26745,122.0,0.2674,111.0,0.26769,122.0,0.26771,134.0
1753520675465,09:04:35.465,ALGO/USDT:USDT,0.26745,122.0,0.2674,111.0,0.26769,122.0,0.26771,134.0
1753520675515,09:04:35.515,ALGO/USDT:USDT,0.26745,122.0,0.2674,111.0,0.26769,122.0,0.26771,134.0
1753520676073,09:04:36.073,ALGO/USDT:USDT,0.26745,122.0,0.2674,111.0,0.26769,122.0,0.26771,134.0
1753520677016,09:04:37.016,ALGO/USDT:USDT,0.26745,122.0,0.2674,111.0,0.26769,122.0,0.26771,134.0
1753520677945,09:04:37.945,ALGO/USDT:USDT,0.26745,122.0,0.2674,111.0,0.26769,122.0,0.26772,117.0
1753520678073,09:04:38.073,ALGO/USDT:USDT,0.26745,122.0,0.2674,111.0,0.26769,122.0,0.26772,117.0
1753520678104,09:04:38.104,ALGO/USDT:USDT,0.26745,122.0,0.2674,111.0,0.26769,122.0,0.26772,117.0
1753520678268,09:04:38.268,ALGO/USDT:USDT,0.26745,122.0,0.2674,111.0,0.26769,122.0,0.26772,117.0
1753520678773,09:04:38.773,ALGO/USDT:USDT,0.26745,122.0,0.2674,111.0,0.26769,122.0,0.26772,117.0
1753520679088,09:04:39.088,ALGO/USDT:USDT,0.26745,122.0,0.2674,111.0,0.26769,122.0,0.26772,117.0
1753520679104,09:04:39.104,ALGO/USDT:USDT,0.26745,122.0,0.2674,111.0,0.26769,122.0,0.26772,117.0
1753520679396,09:04:39.396,ALGO/USDT:USDT,0.26745,122.0,0.2674,111.0,0.26769,122.0,0.26772,117.0
1753520679403,09:04:39.403,ALGO/USDT:USDT,0.26745,122.0,0.2674,111.0,0.26769,122.0,0.26772,117.0
1753520679711,09:04:39.711,ALGO/USDT:USDT,0.26745,122.0,0.2674,111.0,0.26769,122.0,0.26772,117.0
1753520680314,09:04:40.314,ALGO/USDT:USDT,0.26745,122.0,0.2674,111.0,0.26769,122.0,0.26772,117.0
1753520680484,09:04:40.484,ALGO/USDT:USDT,0.26745,122.0,0.2674,111.0,0.26769,122.0,0.26772,117.0
1753520680564,09:04:40.564,ALGO/USDT:USDT,0.26745,122.0,0.2674,111.0,0.26769,122.0,0.26772,117.0
1753520680644,09:04:40.644,ALGO/USDT:USDT,0.26745,122.0,0.2674,111.0,0.26769,122.0,0.26772,117.0
1753520680749,09:04:40.749,ALGO/USDT:USDT,0.26746,127.0,0.26745,122.0,0.26769,122.0,0.26772,117.0
1753520680889,09:04:40.889,ALGO/USDT:USDT,0.26747,127.0,0.26745,122.0,0.26769,122.0,0.26772,117.0
1753520681095,09:04:41.095,ALGO/USDT:USDT,0.2675,127.0,0.26749,1.0,0.26769,122.0,0.26772,117.0
1753520681188,09:04:41.188,ALGO/USDT:USDT,0.26751,127.0,0.2675,127.0,0.26769,122.0,0.26772,117.0
1753520681320,09:04:41.320,ALGO/USDT:USDT,0.26751,127.0,0.26749,1.0,0.26769,122.0,0.26772,117.0
1753520681550,09:04:41.550,ALGO/USDT:USDT,0.26748,112.0,0.26745,122.0,0.26769,122.0,0.26772,117.0
1753520681614,09:04:41.614,ALGO/USDT:USDT,0.26748,150.0,0.26745,122.0,0.26769,122.0,0.26772,117.0
1753520681729,09:04:41.729,ALGO/USDT:USDT,0.26749,127.0,0.26745,122.0,0.26769,122.0,0.26772,117.0
1753520681855,09:04:41.855,ALGO/USDT:USDT,0.26745,122.0,0.2674,111.0,0.26769,122.0,0.26772,117.0
1753520682000,09:04:42.000,ALGO/USDT:USDT,0.26745,122.0,0.2674,111.0,0.26769,122.0,0.26772,117.0
1753520682098,09:04:42.098,ALGO/USDT:USDT,0.26746,351.0,0.26745,122.0,0.26769,122.0,0.26772,117.0
1753520682147,09:04:42.147,ALGO/USDT:USDT,0.26749,127.0,0.26748,129.0,0.26769,122.0,0.26772,117.0
1753520682230,09:04:42.230,ALGO/USDT:USDT,0.2675,127.0,0.26748,129.0,0.26769,122.0,0.26772,117.0
1753520682390,09:04:42.390,ALGO/USDT:USDT,0.26751,127.0,0.2675,127.0,0.26769,122.0,0.26772,117.0
1753520682578,09:04:42.578,ALGO/USDT:USDT,0.26752,127.0,0.2675,127.0,0.26769,122.0,0.26772,117.0
1753520682672,09:04:42.672,ALGO/USDT:USDT,0.2675,127.0,0.26748,129.0,0.26769,122.0,0.26772,117.0
1753520682814,09:04:42.814,ALGO/USDT:USDT,0.2675,127.0,0.26748,129.0,0.26769,122.0,0.26772,117.0
1753520683150,09:04:43.150,ALGO/USDT:USDT,0.26751,127.0,0.26748,129.0,0.26769,122.0,0.26772,117.0
1753520683290,09:04:43.290,ALGO/USDT:USDT,0.26752,127.0,0.26748,129.0,0.26769,122.0,0.26772,117.0
1753520683599,09:04:43.599,ALGO/USDT:USDT,0.26752,127.0,0.26748,129.0,0.26769,122.0,0.26772,117.0
1753520683628,09:04:43.628,ALGO/USDT:USDT,0.26752,127.0,0.26748,129.0,0.26769,122.0,0.26772,117.0
1753520684113,09:04:44.113,ALGO/USDT:USDT,0.26752,127.0,0.26748,129.0,0.26769,122.0,0.26772,117.0
1753520684305,09:04:44.305,ALGO/USDT:USDT,0.26752,127.0,0.26748,241.0,0.26769,122.0,0.26772,117.0
1753520684686,09:04:44.686,ALGO/USDT:USDT,0.26752,127.0,0.26748,241.0,0.26769,122.0,0.26772,117.0
1753520685168,09:04:45.168,ALGO/USDT:USDT,0.26752,127.0,0.26748,240.0,0.26768,127.0,0.26769,2.0
1753520685650,09:04:45.650,ALGO/USDT:USDT,0.26752,127.0,0.26748,240.0,0.26768,127.0,0.26769,2.0
1753520686192,09:04:46.192,ALGO/USDT:USDT,0.26753,128.0,0.26752,2.0,0.26769,129.0,0.2677,1.0
1753520686219,09:04:46.219,ALGO/USDT:USDT,0.26754,127.0,0.26753,1.0,0.26769,2.0,0.2677,1.0
1753520686458,09:04:46.458,ALGO/USDT:USDT,0.26754,127.0,0.26753,1.0,0.26769,2.0,0.2677,1.0
1753520686664,09:04:46.664,ALGO/USDT:USDT,0.26754,127.0,0.26753,1.0,0.26769,2.0,0.2677,1.0
1753520686748,09:04:46.748,ALGO/USDT:USDT,0.26754,127.0,0.26753,1.0,0.26769,2.0,0.2677,1.0
1753520687385,09:04:47.385,ALGO/USDT:USDT,0.26754,127.0,0.26753,1.0,0.26769,1.0,0.26771,127.0
1753520687466,09:04:47.466,ALGO/USDT:USDT,0.26758,127.0,0.26757,1.0,0.26777,127.0,0.26781,113.0
1753520687504,09:04:47.504,ALGO/USDT:USDT,0.26758,127.0,0.26757,1.0,0.26777,127.0,0.26781,113.0
1753520687678,09:04:47.678,ALGO/USDT:USDT,0.26759,127.0,0.26757,1.0,0.26777,127.0,0.26781,113.0
1753520687787,09:04:47.787,ALGO/USDT:USDT,0.26761,127.0,0.2676,1.0,0.26777,128.0,0.26781,113.0
1753520687894,09:04:47.894,ALGO/USDT:USDT,0.26761,127.0,0.2676,1.0,0.26776,127.0,0.26777,2.0
1753520687932,09:04:47.932,ALGO/USDT:USDT,0.26762,127.0,0.2676,1.0,0.26776,127.0,0.26777,2.0
1753520688100,09:04:48.100,ALGO/USDT:USDT,0.26762,127.0,0.2676,1.0,0.26776,127.0,0.26777,2.0
1753520688148,09:04:48.148,ALGO/USDT:USDT,0.26762,127.0,0.2676,1.0,0.26776,127.0,0.26777,2.0
1753520688220,09:04:48.220,ALGO/USDT:USDT,0.26762,127.0,0.2676,1.0,0.26776,127.0,0.26777,2.0
1753520688591,09:04:48.591,ALGO/USDT:USDT,0.26762,127.0,0.26759,127.0,0.26776,127.0,0.26777,2.0
1753520688676,09:04:48.676,ALGO/USDT:USDT,0.26754,127.0,0.26748,239.0,0.26775,127.0,0.26776,97.0
1753520688976,09:04:48.976,ALGO/USDT:USDT,0.26754,127.0,0.26748,239.0,0.26775,127.0,0.26776,97.0
1753520689008,09:04:49.008,ALGO/USDT:USDT,0.26754,127.0,0.26748,239.0,0.26775,127.0,0.26776,97.0
1753520689173,09:04:49.173,ALGO/USDT:USDT,0.26754,127.0,0.26748,239.0,0.26775,127.0,0.26776,97.0
1753520689756,09:04:49.756,ALGO/USDT:USDT,0.26754,127.0,0.26748,239.0,0.26775,127.0,0.26776,97.0
1753520689914,09:04:49.914,ALGO/USDT:USDT,0.26754,127.0,0.26748,239.0,0.26775,127.0,0.26776,97.0
1753520690197,09:04:50.197,ALGO/USDT:USDT,0.26754,127.0,0.26748,239.0,0.26775,127.0,0.26776,97.0
1753520690261,09:04:50.261,ALGO/USDT:USDT,0.26754,127.0,0.26748,239.0,0.26775,127.0,0.26776,97.0
1753520690441,09:04:50.441,ALGO/USDT:USDT,0.26754,127.0,0.26748,239.0,0.26775,127.0,0.26776,97.0
1753520690716,09:04:50.716,ALGO/USDT:USDT,0.26754,127.0,0.26748,239.0,0.26775,127.0,0.26776,97.0
1753520691248,09:04:51.248,ALGO/USDT:USDT,0.26754,127.0,0.26748,239.0,0.26775,127.0,0.26776,97.0
1753520691975,09:04:51.975,ALGO/USDT:USDT,0.26754,127.0,0.26748,239.0,0.26775,127.0,0.26776,97.0
1753520692250,09:04:52.250,ALGO/USDT:USDT,0.26754,127.0,0.26748,239.0,0.26775,127.0,0.26776,97.0
1753520692749,09:04:52.749,ALGO/USDT:USDT,0.26754,127.0,0.26748,239.0,0.26775,127.0,0.26776,97.0
1753520693236,09:04:53.236,ALGO/USDT:USDT,0.26754,127.0,0.26748,239.0,0.26775,127.0,0.26776,97.0
1753520694011,09:04:54.011,ALGO/USDT:USDT,0.26754,127.0,0.26748,239.0,0.26775,127.0,0.26776,97.0
1753520694494,09:04:54.494,ALGO/USDT:USDT,0.26754,127.0,0.26748,239.0,0.26775,127.0,0.26776,97.0
1753520694715,09:04:54.715,ALGO/USDT:USDT,0.26754,127.0,0.26748,239.0,0.26775,127.0,0.26776,97.0
1753520695026,09:04:55.026,ALGO/USDT:USDT,0.26754,127.0,0.26748,239.0,0.26775,127.0,0.26776,97.0
1753520695109,09:04:55.109,ALGO/USDT:USDT,0.26754,127.0,0.26748,239.0,0.26775,127.0,0.26776,97.0
1753520695593,09:04:55.593,ALGO/USDT:USDT,0.26754,127.0,0.26748,239.0,0.26775,127.0,0.26776,97.0
1753520696097,09:04:56.097,ALGO/USDT:USDT,0.26754,127.0,0.26748,239.0,0.26775,127.0,0.26776,97.0
1753520696531,09:04:56.531,ALGO/USDT:USDT,0.26754,127.0,0.26748,239.0,0.26775,127.0,0.26776,97.0
1753520697580,09:04:57.580,ALGO/USDT:USDT,0.26754,127.0,0.26748,239.0,0.26775,127.0,0.26776,97.0
1753520698063,09:04:58.063,ALGO/USDT:USDT,0.26754,127.0,0.26748,239.0,0.26775,127.0,0.26776,97.0
1753520698135,09:04:58.135,ALGO/USDT:USDT,0.26754,127.0,0.26748,239.0,0.26775,127.0,0.26776,97.0
1753520698587,09:04:58.587,ALGO/USDT:USDT,0.26754,127.0,0.26748,239.0,0.26775,127.0,0.26776,97.0
1753520699578,09:04:59.578,ALGO/USDT:USDT,0.26754,127.0,0.26748,239.0,0.26775,127.0,0.26776,97.0
1753520700578,09:05:00.578,ALGO/USDT:USDT,0.26754,127.0,0.26748,239.0,0.26775,127.0,0.26776,97.0
1753520700984,09:05:00.984,ALGO/USDT:USDT,0.26754,127.0,0.26748,239.0,0.26775,127.0,0.26776,97.0
1753520701004,09:05:01.004,ALGO/USDT:USDT,0.26754,127.0,0.26748,239.0,0.26775,127.0,0.26776,97.0
1753520701604,09:05:01.604,ALGO/USDT:USDT,0.26754,127.0,0.26748,239.0,0.26775,127.0,0.26776,97.0
1753520702138,09:05:02.138,ALGO/USDT:USDT,0.26754,127.0,0.26748,239.0,0.26775,127.0,0.26776,97.0
1753520702792,09:05:02.792,ALGO/USDT:USDT,0.26754,127.0,0.26748,239.0,0.26775,127.0,0.26776,97.0
1753520702897,09:05:02.897,ALGO/USDT:USDT,0.26754,127.0,0.26748,239.0,0.26775,127.0,0.26776,97.0
1753520702924,09:05:02.924,ALGO/USDT:USDT,0.26754,127.0,0.26748,239.0,0.26775,127.0,0.26776,97.0
1753520703129,09:05:03.129,ALGO/USDT:USDT,0.26754,127.0,0.26748,239.0,0.26775,127.0,0.26776,97.0
1753520703614,09:05:03.614,ALGO/USDT:USDT,0.26754,127.0,0.26748,239.0,0.26775,127.0,0.26776,97.0
1753520704168,09:05:04.168,ALGO/USDT:USDT,0.26754,127.0,0.26748,239.0,0.26775,127.0,0.26776,97.0
1753520704316,09:05:04.316,ALGO/USDT:USDT,0.26754,127.0,0.26748,239.0,0.26775,127.0,0.26776,97.0
1753520705600,09:05:05.600,ALGO/USDT:USDT,0.26748,127.0,0.26745,122.0,0.26775,127.0,0.26776,97.0
1753520705696,09:05:05.696,ALGO/USDT:USDT,0.26745,122.0,0.2674,186.0,0.26765,127.0,0.26774,166.0
1753520705779,09:05:05.779,ALGO/USDT:USDT,0.26745,122.0,0.2674,596.0,0.26765,127.0,0.26774,166.0
1753520705882,09:05:05.882,ALGO/USDT:USDT,0.26745,122.0,0.2674,521.0,0.26765,237.0,0.26774,166.0
1753520705987,09:05:05.987,ALGO/USDT:USDT,0.26747,127.0,0.26746,128.0,0.26764,127.0,0.26774,166.0
1753520706101,09:05:06.101,ALGO/USDT:USDT,0.26747,127.0,0.26746,1.0,0.26764,127.0,0.26774,166.0
1753520706182,09:05:06.182,ALGO/USDT:USDT,0.26747,127.0,0.26746,1.0,0.26764,127.0,0.26774,166.0
1753520706237,09:05:06.237,ALGO/USDT:USDT,0.26747,127.0,0.26746,1.0,0.26764,127.0,0.26774,166.0
1753520706388,09:05:06.388,ALGO/USDT:USDT,0.26747,127.0,0.26746,1.0,0.26763,127.0,0.26764,128.0
1753520706476,09:05:06.476,ALGO/USDT:USDT,0.26747,127.0,0.26746,1.0,0.26763,127.0,0.26764,128.0
1753520706541,09:05:06.541,ALGO/USDT:USDT,0.26747,127.0,0.26746,1.0,0.26763,127.0,0.26764,1.0
1753520706610,09:05:06.610,ALGO/USDT:USDT,0.26747,127.0,0.26746,1.0,0.26763,127.0,0.26764,1.0
1753520706734,09:05:06.734,ALGO/USDT:USDT,0.26747,127.0,0.26746,1.0,0.26763,127.0,0.26764,1.0
1753520706853,09:05:06.853,ALGO/USDT:USDT,0.26747,127.0,0.26746,1.0,0.26763,127.0,0.26764,1.0
1753520706992,09:05:06.992,ALGO/USDT:USDT,0.26746,1.0,0.26745,1.0,0.26762,127.0,0.26763,1.0
1753520707192,09:05:07.192,ALGO/USDT:USDT,0.26746,128.0,0.26745,1.0,0.26762,127.0,0.26763,1.0
1753520707218,09:05:07.218,ALGO/USDT:USDT,0.26747,127.0,0.26746,1.0,0.26762,127.0,0.26763,1.0
1753520707343,09:05:07.343,ALGO/USDT:USDT,0.26747,127.0,0.26746,1.0,0.26762,127.0,0.26763,1.0
1753520707670,09:05:07.670,ALGO/USDT:USDT,0.26747,127.0,0.26746,1.0,0.26761,127.0,0.26763,1.0
1753520707765,09:05:07.765,ALGO/USDT:USDT,0.26747,127.0,0.26746,1.0,0.26761,127.0,0.26763,1.0
1753520708153,09:05:08.153,ALGO/USDT:USDT,0.26746,1.0,0.26745,128.0,0.26761,127.0,0.26763,1.0
1753520708274,09:05:08.274,ALGO/USDT:USDT,0.26747,127.0,0.26746,1.0,0.26761,127.0,0.26763,1.0
1753520708409,09:05:08.409,ALGO/USDT:USDT,0.26747,127.0,0.26746,1.0,0.26761,127.0,0.26763,1.0
1753520708548,09:05:08.548,ALGO/USDT:USDT,0.26747,127.0,0.26746,1.0,0.26761,127.0,0.26764,1.0
1753520708774,09:05:08.774,ALGO/USDT:USDT,0.26747,127.0,0.26746,1.0,0.26761,127.0,0.26764,1.0
1753520708813,09:05:08.813,ALGO/USDT:USDT,0.26747,127.0,0.26746,1.0,0.26761,127.0,0.26764,1.0
1753520709115,09:05:09.115,ALGO/USDT:USDT,0.26747,127.0,0.26746,1.0,0.26761,127.0,0.26764,1.0
1753520709263,09:05:09.263,ALGO/USDT:USDT,0.26747,127.0,0.26746,1.0,0.26761,127.0,0.26764,1.0
1753520709326,09:05:09.326,ALGO/USDT:USDT,0.26747,127.0,0.26746,1.0,0.26761,127.0,0.26764,1.0
1753520709669,09:05:09.669,ALGO/USDT:USDT,0.26747,127.0,0.26746,1.0,0.26761,127.0,0.26764,1.0
1753520709779,09:05:09.779,ALGO/USDT:USDT,0.26747,127.0,0.26746,1.0,0.26761,127.0,0.26764,1.0
1753520709978,09:05:09.978,ALGO/USDT:USDT,0.26747,127.0,0.26746,1.0,0.26761,127.0,0.26763,109.0
1753520710088,09:05:10.088,ALGO/USDT:USDT,0.26747,127.0,0.26746,1.0,0.26761,127.0,0.26763,109.0
1753520710214,09:05:10.214,ALGO/USDT:USDT,0.26747,127.0,0.26746,1.0,0.26761,127.0,0.26763,109.0
1753520711094,09:05:11.094,ALGO/USDT:USDT,0.26747,127.0,0.26746,1.0,0.26761,127.0,0.26763,109.0
1753520711432,09:05:11.432,ALGO/USDT:USDT,0.26747,127.0,0.26746,1.0,0.26761,127.0,0.26764,1.0
1753520711568,09:05:11.568,ALGO/USDT:USDT,0.26747,127.0,0.26746,1.0,0.26761,127.0,0.26764,1.0
1753520711777,09:05:11.777,ALGO/USDT:USDT,0.26747,127.0,0.26746,1.0,0.26761,127.0,0.26764,1.0
1753520712085,09:05:12.085,ALGO/USDT:USDT,0.26747,127.0,0.26746,1.0,0.26761,127.0,0.26764,1.0
1753520712382,09:05:12.382,ALGO/USDT:USDT,0.26747,127.0,0.26746,1.0,0.26761,127.0,0.26764,1.0
1753520712651,09:05:12.651,ALGO/USDT:USDT,0.26747,127.0,0.26746,1.0,0.26761,127.0,0.26764,1.0
1753520713179,09:05:13.179,ALGO/USDT:USDT,0.26746,126.0,0.26742,201.0,0.2676,126.0,0.26761,1.0
1753520713487,09:05:13.487,ALGO/USDT:USDT,0.26746,126.0,0.26742,201.0,0.2676,126.0,0.26761,1.0
1753520713643,09:05:13.643,ALGO/USDT:USDT,0.26743,126.0,0.26742,201.0,0.2676,126.0,0.26761,1.0
1753520713792,09:05:13.792,ALGO/USDT:USDT,0.26743,126.0,0.26742,75.0,0.2676,126.0,0.26761,1.0
1753520713918,09:05:13.918,ALGO/USDT:USDT,0.26743,126.0,0.26742,75.0,0.2676,126.0,0.26761,1.0
1753520714033,09:05:14.033,ALGO/USDT:USDT,0.26743,126.0,0.26742,75.0,0.2676,126.0,0.26761,1.0
1753520714186,09:05:14.186,ALGO/USDT:USDT,0.26744,127.0,0.26743,1.0,0.2676,126.0,0.26761,1.0
1753520714354,09:05:14.354,ALGO/USDT:USDT,0.26744,127.0,0.26743,1.0,0.2676,126.0,0.26761,1.0
1753520714642,09:05:14.642,ALGO/USDT:USDT,0.26744,127.0,0.26743,1.0,0.2676,126.0,0.26761,1.0
1753520714772,09:05:14.772,ALGO/USDT:USDT,0.26744,127.0,0.26743,1.0,0.2676,126.0,0.26761,1.0
1753520714868,09:05:14.868,ALGO/USDT:USDT,0.26745,126.0,0.26744,1.0,0.2676,126.0,0.26761,1.0
1753520715197,09:05:15.197,ALGO/USDT:USDT,0.26745,126.0,0.26744,1.0,0.2676,126.0,0.26761,1.0
1753520715461,09:05:15.461,ALGO/USDT:USDT,0.26745,126.0,0.26744,1.0,0.2676,126.0,0.26761,1.0
1753520715504,09:05:15.504,ALGO/USDT:USDT,0.26745,126.0,0.26744,1.0,0.2676,126.0,0.26761,1.0
1753520715698,09:05:15.698,ALGO/USDT:USDT,0.26745,126.0,0.26744,1.0,0.2676,126.0,0.26761,1.0
1753520716103,09:05:16.103,ALGO/USDT:USDT,0.26745,126.0,0.26744,1.0,0.2676,126.0,0.26761,1.0
1753520716680,09:05:16.680,ALGO/USDT:USDT,0.26745,126.0,0.26744,1.0,0.2676,126.0,0.26761,1.0
1753520716710,09:05:16.710,ALGO/USDT:USDT,0.26745,126.0,0.26744,1.0,0.2676,126.0,0.26761,1.0
1753520717195,09:05:17.195,ALGO/USDT:USDT,0.26745,126.0,0.26744,1.0,0.2676,126.0,0.26761,1.0
1753520717748,09:05:17.748,ALGO/USDT:USDT,0.26745,126.0,0.26744,1.0,0.2676,126.0,0.26761,1.0
1753520718026,09:05:18.026,ALGO/USDT:USDT,0.26745,126.0,0.26744,1.0,0.2676,126.0,0.26761,1.0
1753520718209,09:05:18.209,ALGO/USDT:USDT,0.26745,126.0,0.26744,1.0,0.2676,126.0,0.26761,1.0
1753520718685,09:05:18.685,ALGO/USDT:USDT,0.26744,127.0,0.2674,111.0,0.2676,126.0,0.26761,1.0
1753520718716,09:05:18.716,ALGO/USDT:USDT,0.26744,127.0,0.2674,111.0,0.2676,126.0,0.26761,1.0
1753520718843,09:05:18.843,ALGO/USDT:USDT,0.26744,127.0,0.2674,111.0,0.2676,126.0,0.26761,1.0
1753520718904,09:05:18.904,ALGO/USDT:USDT,0.26744,127.0,0.2674,442.0,0.2676,126.0,0.26761,1.0
1753520719266,09:05:19.266,ALGO/USDT:USDT,0.26744,127.0,0.2674,442.0,0.2676,126.0,0.26761,1.0
1753520719735,09:05:19.735,ALGO/USDT:USDT,0.26744,127.0,0.2674,442.0,0.2676,126.0,0.26761,1.0
1753520719901,09:05:19.901,ALGO/USDT:USDT,0.26741,35.0,0.26734,123.0,0.2676,126.0,0.26761,1.0
1753520719990,09:05:19.990,ALGO/USDT:USDT,0.26741,35.0,0.26734,123.0,0.2676,126.0,0.26761,1.0
1753520720077,09:05:20.077,ALGO/USDT:USDT,0.26735,123.0,0.26734,75.0,0.2676,126.0,0.26761,1.0
1753520720109,09:05:20.109,ALGO/USDT:USDT,0.26735,123.0,0.26734,75.0,0.2676,126.0,0.26761,1.0
1753520720204,09:05:20.204,ALGO/USDT:USDT,0.26735,123.0,0.26734,75.0,0.2676,126.0,0.26761,1.0
1753520720329,09:05:20.329,ALGO/USDT:USDT,0.26735,123.0,0.26734,75.0,0.2676,126.0,0.26761,1.0
1753520720815,09:05:20.815,ALGO/USDT:USDT,0.26735,123.0,0.26734,75.0,0.2676,126.0,0.26761,1.0
1753520721047,09:05:21.047,ALGO/USDT:USDT,0.26735,123.0,0.26734,75.0,0.2676,126.0,0.26761,1.0
1753520721164,09:05:21.164,ALGO/USDT:USDT,0.26735,123.0,0.26734,75.0,0.2676,126.0,0.26761,1.0
1753520721204,09:05:21.204,ALGO/USDT:USDT,0.26735,123.0,0.26734,75.0,0.2676,126.0,0.26761,1.0
1753520721330,09:05:21.330,ALGO/USDT:USDT,0.26735,123.0,0.26734,75.0,0.2676,126.0,0.26761,1.0
1753520722300,09:05:22.300,ALGO/USDT:USDT,0.26735,123.0,0.26734,75.0,0.2676,126.0,0.26761,1.0
1753520722554,09:05:22.554,ALGO/USDT:USDT,0.26735,123.0,0.26734,75.0,0.2676,126.0,0.26761,1.0
1753520723378,09:05:23.378,ALGO/USDT:USDT,0.26736,123.0,0.26735,75.0,0.2676,126.0,0.26761,1.0
1753520723517,09:05:23.517,ALGO/USDT:USDT,0.26736,123.0,0.26735,75.0,0.2676,126.0,0.26761,1.0
1753520723628,09:05:23.628,ALGO/USDT:USDT,0.26736,123.0,0.26735,75.0,0.2676,126.0,0.26761,1.0
1753520723787,09:05:23.787,ALGO/USDT:USDT,0.26736,123.0,0.26735,75.0,0.2676,126.0,0.26761,1.0
1753520724007,09:05:24.007,ALGO/USDT:USDT,0.26736,123.0,0.26735,75.0,0.2676,126.0,0.26761,1.0
1753520724384,09:05:24.384,ALGO/USDT:USDT,0.26736,123.0,0.26735,75.0,0.2676,126.0,0.26761,1.0
1753520724405,09:05:24.405,ALGO/USDT:USDT,0.26736,123.0,0.26735,75.0,0.2676,126.0,0.26761,1.0
1753520724536,09:05:24.536,ALGO/USDT:USDT,0.26736,123.0,0.26735,75.0,0.2676,126.0,0.26761,1.0
1753520724851,09:05:24.851,ALGO/USDT:USDT,0.26736,123.0,0.26735,75.0,0.2676,126.0,0.26761,1.0
1753520725005,09:05:25.005,ALGO/USDT:USDT,0.26736,123.0,0.26735,75.0,0.2676,126.0,0.26761,1.0
1753520725166,09:05:25.166,ALGO/USDT:USDT,0.26736,123.0,0.26735,75.0,0.2676,126.0,0.26761,1.0
1753520725284,09:05:25.284,ALGO/USDT:USDT,0.26736,123.0,0.26735,75.0,0.2676,126.0,0.26761,1.0
1753520725305,09:05:25.305,ALGO/USDT:USDT,0.26736,123.0,0.26735,75.0,0.2676,126.0,0.26761,1.0
1753520725473,09:05:25.473,ALGO/USDT:USDT,0.26736,123.0,0.26735,75.0,0.2676,126.0,0.26761,1.0
1753520725784,09:05:25.784,ALGO/USDT:USDT,0.26736,123.0,0.26735,75.0,0.2676,126.0,0.26761,1.0
1753520727290,09:05:27.290,ALGO/USDT:USDT,0.26736,123.0,0.26735,75.0,0.2676,126.0,0.26761,1.0
1753520727305,09:05:27.305,ALGO/USDT:USDT,0.26736,123.0,0.26735,75.0,0.2676,126.0,0.26761,1.0
1753520727857,09:05:27.857,ALGO/USDT:USDT,0.26736,123.0,0.26735,75.0,0.2676,126.0,0.26761,1.0
1753520729116,09:05:29.116,ALGO/USDT:USDT,0.26736,123.0,0.26735,75.0,0.2676,126.0,0.26761,1.0
1753520730874,09:05:30.874,ALGO/USDT:USDT,0.26736,123.0,0.26735,75.0,0.2676,126.0,0.26761,1.0
1753520730965,09:05:30.965,ALGO/USDT:USDT,0.26736,123.0,0.26735,75.0,0.2676,126.0,0.26761,1.0
1753520731004,09:05:31.004,ALGO/USDT:USDT,0.26736,123.0,0.26735,75.0,0.2676,126.0,0.26761,1.0
1753520731925,09:05:31.925,ALGO/USDT:USDT,0.26736,123.0,0.26735,75.0,0.2676,126.0,0.26761,1.0
1753520733000,09:05:33.000,ALGO/USDT:USDT,0.26736,123.0,0.26735,75.0,0.2676,126.0,0.26761,1.0
1753520733004,09:05:33.004,ALGO/USDT:USDT,0.26736,123.0,0.26735,75.0,0.2676,126.0,0.26761,1.0
1753520733187,09:05:33.187,ALGO/USDT:USDT,0.26736,123.0,0.26734,112.0,0.2676,126.0,0.26761,1.0
1753520733244,09:05:33.244,ALGO/USDT:USDT,0.26736,123.0,0.26734,112.0,0.2676,126.0,0.26761,1.0
1753520733743,09:05:33.743,ALGO/USDT:USDT,0.26736,123.0,0.26734,112.0,0.2676,126.0,0.26761,1.0
1753520733917,09:05:33.917,ALGO/USDT:USDT,0.26736,123.0,0.26734,112.0,0.2676,126.0,0.26761,1.0
1753520734181,09:05:34.181,ALGO/USDT:USDT,0.26736,123.0,0.26734,112.0,0.2676,126.0,0.26761,1.0
1753520734258,09:05:34.258,ALGO/USDT:USDT,0.26736,123.0,0.26734,112.0,0.2676,126.0,0.26761,1.0
1753520734987,09:05:34.987,ALGO/USDT:USDT,0.26736,123.0,0.26734,112.0,0.2676,126.0,0.26761,1.0
1753520735010,09:05:35.010,ALGO/USDT:USDT,0.26736,123.0,0.26734,112.0,0.2676,126.0,0.26761,1.0
1753520735727,09:05:35.727,ALGO/USDT:USDT,0.26736,123.0,0.26734,112.0,0.2676,126.0,0.26761,1.0
1753520735805,09:05:35.805,ALGO/USDT:USDT,0.26736,123.0,0.26734,112.0,0.2676,126.0,0.26761,1.0
1753520736198,09:05:36.198,ALGO/USDT:USDT,0.2674,128.0,0.26739,77.0,0.2676,126.0,0.26761,1.0
1753520736284,09:05:36.284,ALGO/USDT:USDT,0.26742,127.0,0.26741,128.0,0.2676,126.0,0.26761,1.0
1753520736354,09:05:36.354,ALGO/USDT:USDT,0.26743,127.0,0.26741,128.0,0.2676,126.0,0.26761,1.0
1753520736404,09:05:36.404,ALGO/USDT:USDT,0.26743,127.0,0.26741,128.0,0.2676,126.0,0.26761,1.0
1753520736533,09:05:36.533,ALGO/USDT:USDT,0.26743,127.0,0.26741,128.0,0.26761,1.0,0.26763,112.0
1753520736643,09:05:36.643,ALGO/USDT:USDT,0.26743,127.0,0.26741,128.0,0.26764,1.0,0.26766,127.0
1753520736786,09:05:36.786,ALGO/USDT:USDT,0.26743,127.0,0.26741,128.0,0.26764,1.0,0.26766,127.0
1753520736862,09:05:36.862,ALGO/USDT:USDT,0.26743,127.0,0.26741,128.0,0.26764,1.0,0.26766,127.0
1753520737020,09:05:37.020,ALGO/USDT:USDT,0.26743,127.0,0.26741,128.0,0.26764,1.0,0.26766,127.0
1753520737122,09:05:37.122,ALGO/USDT:USDT,0.26743,127.0,0.26741,128.0,0.26764,1.0,0.26766,127.0
1753520737294,09:05:37.294,ALGO/USDT:USDT,0.26743,127.0,0.26741,128.0,0.26764,1.0,0.26766,127.0
1753520737305,09:05:37.305,ALGO/USDT:USDT,0.26743,127.0,0.26741,128.0,0.26764,1.0,0.26766,127.0
1753520737518,09:05:37.518,ALGO/USDT:USDT,0.26743,127.0,0.26741,128.0,0.26764,1.0,0.26766,127.0
1753520737975,09:05:37.975,ALGO/USDT:USDT,0.26743,127.0,0.26741,128.0,0.26764,1.0,0.26766,127.0
1753520738287,09:05:38.287,ALGO/USDT:USDT,0.26743,127.0,0.26741,128.0,0.26764,1.0,0.26768,127.0
1753520738725,09:05:38.725,ALGO/USDT:USDT,0.26743,127.0,0.26741,128.0,0.26764,1.0,0.26768,127.0
1753520738804,09:05:38.804,ALGO/USDT:USDT,0.26743,127.0,0.26741,128.0,0.26764,1.0,0.26768,127.0
1753520738988,09:05:38.988,ALGO/USDT:USDT,0.26743,127.0,0.26741,128.0,0.26764,1.0,0.26768,127.0
1753520739052,09:05:39.052,ALGO/USDT:USDT,0.26743,127.0,0.26741,128.0,0.26763,127.0,0.26764,1.0
1753520739139,09:05:39.139,ALGO/USDT:USDT,0.26743,127.0,0.26741,128.0,0.26763,128.0,0.26764,1.0
1753520739259,09:05:39.259,ALGO/USDT:USDT,0.26743,127.0,0.26741,128.0,0.26763,128.0,0.26764,1.0
1753520739826,09:05:39.826,ALGO/USDT:USDT,0.26743,127.0,0.26742,112.0,0.26763,128.0,0.26764,1.0
1753520740313,09:05:40.313,ALGO/USDT:USDT,0.26743,127.0,0.26742,112.0,0.26763,128.0,0.26764,1.0
1753520740796,09:05:40.796,ALGO/USDT:USDT,0.26743,127.0,0.26742,112.0,0.26763,128.0,0.26764,1.0
1753520741330,09:05:41.330,ALGO/USDT:USDT,0.26743,127.0,0.26742,112.0,0.26763,128.0,0.26764,1.0
1753520741833,09:05:41.833,ALGO/USDT:USDT,0.26743,127.0,0.26742,112.0,0.26763,128.0,0.26764,1.0
1753520742313,09:05:42.313,ALGO/USDT:USDT,0.26743,127.0,0.26742,187.0,0.26763,128.0,0.26764,1.0
1753520742894,09:05:42.894,ALGO/USDT:USDT,0.26743,127.0,0.26742,112.0,0.26763,128.0,0.26764,1.0
1753520743516,09:05:43.516,ALGO/USDT:USDT,0.26743,127.0,0.26742,112.0,0.26763,128.0,0.26764,1.0
1753520743652,09:05:43.652,ALGO/USDT:USDT,0.26743,127.0,0.26742,112.0,0.26762,122.0,0.26763,1.0
1753520744004,09:05:44.004,ALGO/USDT:USDT,0.26743,127.0,0.26742,112.0,0.26762,122.0,0.26763,1.0
1753520744356,09:05:44.356,ALGO/USDT:USDT,0.26743,127.0,0.26742,187.0,0.26762,122.0,0.26763,1.0
1753520744875,09:05:44.875,ALGO/USDT:USDT,0.26743,127.0,0.26742,112.0,0.26762,122.0,0.26763,1.0
1753520745365,09:05:45.365,ALGO/USDT:USDT,0.26743,127.0,0.26742,112.0,0.26762,122.0,0.26763,1.0
1753520745911,09:05:45.911,ALGO/USDT:USDT,0.26743,127.0,0.26742,112.0,0.26762,122.0,0.26763,1.0
1753520746219,09:05:46.219,ALGO/USDT:USDT,0.26743,127.0,0.26742,112.0,0.26762,122.0,0.26763,1.0
1753520746995,09:05:46.995,ALGO/USDT:USDT,0.26742,112.0,0.26741,127.0,0.26762,122.0,0.26763,1.0
1753520747097,09:05:47.097,ALGO/USDT:USDT,0.26735,222.0,0.26733,287.0,0.26741,385.0,0.26762,122.0
1753520747195,09:05:47.195,ALGO/USDT:USDT,0.26728,39.0,0.26726,1.0,0.26741,38.0,0.26742,1.0
1753520747291,09:05:47.291,ALGO/USDT:USDT,0.26726,1.0,0.26723,113.0,0.2674,393.0,0.26741,19.0
1753520747397,09:05:47.397,ALGO/USDT:USDT,0.26728,122.0,0.26726,1.0,0.26739,122.0,0.2674,271.0
1753520747499,09:05:47.499,ALGO/USDT:USDT,0.26728,122.0,0.26726,1.0,0.2674,1.0,0.26741,2.0
1753520747599,09:05:47.599,ALGO/USDT:USDT,0.26728,122.0,0.26726,1.0,0.26739,122.0,0.2674,1.0
1753520747699,09:05:47.699,ALGO/USDT:USDT,0.26728,122.0,0.26726,1.0,0.26739,122.0,0.2674,1.0
1753520747764,09:05:47.764,ALGO/USDT:USDT,0.26728,122.0,0.26726,1.0,0.26739,122.0,0.2674,1.0
1753520747888,09:05:47.888,ALGO/USDT:USDT,0.26728,122.0,0.26726,1.0,0.26739,122.0,0.2674,1.0
1753520747941,09:05:47.941,ALGO/USDT:USDT,0.26728,122.0,0.26726,1.0,0.26739,122.0,0.2674,1.0
1753520748101,09:05:48.101,ALGO/USDT:USDT,0.26728,122.0,0.26726,1.0,0.26739,122.0,0.2674,1.0
1753520748200,09:05:48.200,ALGO/USDT:USDT,0.26728,122.0,0.26726,1.0,0.26739,122.0,0.2674,1.0
1753520748236,09:05:48.236,ALGO/USDT:USDT,0.26728,122.0,0.26726,1.0,0.26739,122.0,0.2674,1.0
1753520748546,09:05:48.546,ALGO/USDT:USDT,0.26728,122.0,0.26726,1.0,0.26739,122.0,0.2674,1.0
1753520748941,09:05:48.941,ALGO/USDT:USDT,0.26728,122.0,0.26726,1.0,0.26739,122.0,0.2674,1.0
1753520749277,09:05:49.277,ALGO/USDT:USDT,0.26728,122.0,0.26726,1.0,0.26739,122.0,0.2674,1.0
1753520749306,09:05:49.306,ALGO/USDT:USDT,0.26728,122.0,0.26726,1.0,0.26739,122.0,0.2674,1.0
1753520749464,09:05:49.464,ALGO/USDT:USDT,0.26728,122.0,0.26726,1.0,0.26739,122.0,0.2674,1.0
1753520749599,09:05:49.599,ALGO/USDT:USDT,0.26728,122.0,0.26726,1.0,0.26739,122.0,0.2674,1.0
1753520749856,09:05:49.856,ALGO/USDT:USDT,0.26728,122.0,0.26726,1.0,0.26739,122.0,0.2674,1.0
1753520749958,09:05:49.958,ALGO/USDT:USDT,0.26728,122.0,0.26726,1.0,0.2674,1.0,0.26741,2.0
1753520750045,09:05:50.045,ALGO/USDT:USDT,0.26728,122.0,0.26726,1.0,0.2674,1.0,0.26741,2.0
1753520750135,09:05:50.135,ALGO/USDT:USDT,0.26728,122.0,0.26726,1.0,0.2674,126.0,0.26741,2.0
1753520750249,09:05:50.249,ALGO/USDT:USDT,0.26728,122.0,0.26726,1.0,0.2674,126.0,0.26741,2.0
1753520750501,09:05:50.501,ALGO/USDT:USDT,0.26728,122.0,0.26726,1.0,0.2674,126.0,0.26741,2.0
1753520750674,09:05:50.674,ALGO/USDT:USDT,0.26728,122.0,0.26726,1.0,0.2674,126.0,0.26741,2.0
1753520750775,09:05:50.775,ALGO/USDT:USDT,0.26728,122.0,0.26726,1.0,0.2674,126.0,0.26741,2.0
1753520750875,09:05:50.875,ALGO/USDT:USDT,0.26728,122.0,0.26726,1.0,0.26739,125.0,0.2674,1.0
1753520750928,09:05:50.928,ALGO/USDT:USDT,0.26728,122.0,0.26726,1.0,0.26739,125.0,0.2674,1.0
1753520751041,09:05:51.041,ALGO/USDT:USDT,0.26728,122.0,0.26726,1.0,0.26739,125.0,0.2674,1.0
1753520751120,09:05:51.120,ALGO/USDT:USDT,0.26728,122.0,0.26726,1.0,0.26739,125.0,0.2674,1.0
1753520751219,09:05:51.219,ALGO/USDT:USDT,0.26728,122.0,0.26726,1.0,0.26739,125.0,0.2674,1.0
1753520751319,09:05:51.319,ALGO/USDT:USDT,0.26728,122.0,0.26726,1.0,0.26739,125.0,0.2674,1.0
1753520752233,09:05:52.233,ALGO/USDT:USDT,0.26728,122.0,0.26726,1.0,0.2674,1.0,0.26741,2.0
1753520752482,09:05:52.482,ALGO/USDT:USDT,0.26728,122.0,0.26726,1.0,0.2674,1.0,0.26741,2.0
1753520752507,09:05:52.507,ALGO/USDT:USDT,0.26728,122.0,0.26726,1.0,0.2674,1.0,0.26741,2.0
1753520752604,09:05:52.604,ALGO/USDT:USDT,0.26728,122.0,0.26726,1.0,0.2674,1.0,0.26741,2.0
1753520752864,09:05:52.864,ALGO/USDT:USDT,0.26728,122.0,0.26726,1.0,0.2674,1.0,0.26741,2.0
1753520753377,09:05:53.377,ALGO/USDT:USDT,0.26726,1.0,0.26724,125.0,0.26739,125.0,0.2674,1.0
1753520753464,09:05:53.464,ALGO/USDT:USDT,0.26726,1.0,0.26724,125.0,0.26739,125.0,0.2674,1.0
1753520753596,09:05:53.596,ALGO/USDT:USDT,0.26726,1.0,0.26724,125.0,0.26739,125.0,0.2674,1.0
1753520753770,09:05:53.770,ALGO/USDT:USDT,0.26727,125.0,0.26726,1.0,0.2674,126.0,0.26741,2.0
1753520754007,09:05:54.007,ALGO/USDT:USDT,0.26727,125.0,0.26726,1.0,0.2674,126.0,0.26741,2.0
1753520754463,09:05:54.463,ALGO/USDT:USDT,0.26727,125.0,0.26726,1.0,0.2674,126.0,0.26741,2.0
1753520754529,09:05:54.529,ALGO/USDT:USDT,0.26727,125.0,0.26726,1.0,0.2674,126.0,0.26741,2.0
1753520754686,09:05:54.686,ALGO/USDT:USDT,0.26727,125.0,0.26726,1.0,0.2674,126.0,0.26741,2.0
1753520754796,09:05:54.796,ALGO/USDT:USDT,0.26727,126.0,0.26726,2.0,0.26743,125.0,0.26752,50.0
1753520754883,09:05:54.883,ALGO/USDT:USDT,0.26728,125.0,0.26727,126.0,0.26743,125.0,0.26752,50.0
1753520754993,09:05:54.993,ALGO/USDT:USDT,0.26728,125.0,0.26727,1.0,0.26743,127.0,0.26752,50.0
1753520755059,09:05:55.059,ALGO/USDT:USDT,0.26728,125.0,0.26727,1.0,0.26743,127.0,0.26752,50.0
1753520755185,09:05:55.185,ALGO/USDT:USDT,0.26728,125.0,0.26727,1.0,0.26742,125.0,0.26743,2.0
1753520755217,09:05:55.217,ALGO/USDT:USDT,0.26728,125.0,0.26727,1.0,0.26742,125.0,0.26743,2.0
1753520755364,09:05:55.364,ALGO/USDT:USDT,0.26728,125.0,0.26727,1.0,0.26742,125.0,0.26743,2.0
1753520755455,09:05:55.455,ALGO/USDT:USDT,0.26728,125.0,0.26727,1.0,0.26742,125.0,0.26743,2.0
1753520755525,09:05:55.525,ALGO/USDT:USDT,0.26728,125.0,0.26726,1.0,0.26742,125.0,0.26743,2.0
1753520755799,09:05:55.799,ALGO/USDT:USDT,0.26728,125.0,0.26726,1.0,0.26742,125.0,0.26743,2.0
1753520755940,09:05:55.940,ALGO/USDT:USDT,0.26728,125.0,0.26726,1.0,0.26742,125.0,0.26743,2.0
1753520756497,09:05:56.497,ALGO/USDT:USDT,0.26728,125.0,0.26726,1.0,0.26742,125.0,0.26743,2.0
1753520756656,09:05:56.656,ALGO/USDT:USDT,0.26728,125.0,0.26726,1.0,0.26742,125.0,0.26743,2.0
1753520756892,09:05:56.892,ALGO/USDT:USDT,0.26729,125.0,0.26728,1.0,0.26746,125.0,0.26754,50.0
1753520756954,09:05:56.954,ALGO/USDT:USDT,0.26729,125.0,0.26728,1.0,0.26746,125.0,0.26754,50.0
1753520757101,09:05:57.101,ALGO/USDT:USDT,0.26729,125.0,0.26728,1.0,0.26746,125.0,0.26754,50.0
1753520757103,09:05:57.103,ALGO/USDT:USDT,0.26729,125.0,0.26728,1.0,0.26746,125.0,0.26754,50.0
1753520757491,09:05:57.491,ALGO/USDT:USDT,0.26729,125.0,0.26728,1.0,0.26746,125.0,0.26754,50.0
1753520757636,09:05:57.636,ALGO/USDT:USDT,0.26729,125.0,0.26728,1.0,0.26746,125.0,0.26754,50.0
1753520757869,09:05:57.869,ALGO/USDT:USDT,0.26729,125.0,0.26726,1.0,0.26746,125.0,0.26754,50.0
1753520757923,09:05:57.923,ALGO/USDT:USDT,0.26729,125.0,0.26726,1.0,0.26746,125.0,0.26754,50.0
1753520758095,09:05:58.095,ALGO/USDT:USDT,0.26729,125.0,0.26726,1.0,0.26746,125.0,0.26754,50.0
1753520758146,09:05:58.146,ALGO/USDT:USDT,0.26729,125.0,0.26726,1.0,0.26746,125.0,0.26754,50.0
1753520758496,09:05:58.496,ALGO/USDT:USDT,0.26729,125.0,0.26726,1.0,0.26746,125.0,0.26754,50.0
1753520758796,09:05:58.796,ALGO/USDT:USDT,0.26729,125.0,0.26726,1.0,0.26746,125.0,0.26754,50.0
1753520758811,09:05:58.811,ALGO/USDT:USDT,0.26729,125.0,0.26726,1.0,0.26746,125.0,0.26754,50.0
1753520758950,09:05:58.950,ALGO/USDT:USDT,0.26729,125.0,0.26726,1.0,0.26746,125.0,0.26754,50.0
1753520759011,09:05:59.011,ALGO/USDT:USDT,0.26729,125.0,0.26726,1.0,0.26746,125.0,0.26754,50.0
1753520759139,09:05:59.139,ALGO/USDT:USDT,0.26729,125.0,0.26726,1.0,0.26746,125.0,0.26754,50.0
1753520759288,09:05:59.288,ALGO/USDT:USDT,0.26729,125.0,0.26726,1.0,0.26746,125.0,0.26754,50.0
1753520759316,09:05:59.316,ALGO/USDT:USDT,0.26729,125.0,0.26726,1.0,0.26746,125.0,0.2675,110.0
1753520759434,09:05:59.434,ALGO/USDT:USDT,0.26729,125.0,0.26726,1.0,0.26746,125.0,0.2675,110.0
1753520759544,09:05:59.544,ALGO/USDT:USDT,0.26729,125.0,0.26726,1.0,0.26746,125.0,0.2675,110.0
1753520759605,09:05:59.605,ALGO/USDT:USDT,0.26729,125.0,0.26726,1.0,0.26746,125.0,0.2675,110.0
1753520759742,09:05:59.742,ALGO/USDT:USDT,0.26729,125.0,0.26726,1.0,0.26746,125.0,0.2675,110.0
1753520759864,09:05:59.864,ALGO/USDT:USDT,0.26729,125.0,0.26726,1.0,0.26746,125.0,0.2675,110.0
1753520760085,09:06:00.085,ALGO/USDT:USDT,0.26727,124.0,0.26726,1.0,0.26746,125.0,0.2675,110.0
1753520760178,09:06:00.178,ALGO/USDT:USDT,0.26727,124.0,0.26726,1.0,0.26746,125.0,0.2675,110.0
1753520760376,09:06:00.376,ALGO/USDT:USDT,0.26727,124.0,0.26726,1.0,0.26746,125.0,0.2675,110.0
1753520760490,09:06:00.490,ALGO/USDT:USDT,0.26727,124.0,0.26726,1.0,0.26746,125.0,0.2675,110.0
1753520760502,09:06:00.502,ALGO/USDT:USDT,0.26727,124.0,0.26726,1.0,0.26746,125.0,0.2675,110.0
1753520760716,09:06:00.716,ALGO/USDT:USDT,0.26727,124.0,0.26726,1.0,0.26746,125.0,0.2675,110.0
1753520760811,09:06:00.811,ALGO/USDT:USDT,0.26727,124.0,0.26726,1.0,0.26746,125.0,0.2675,110.0
1753520760991,09:06:00.991,ALGO/USDT:USDT,0.26727,124.0,0.26726,1.0,0.26746,125.0,0.2675,110.0
1753520761003,09:06:01.003,ALGO/USDT:USDT,0.26727,124.0,0.26726,1.0,0.26746,125.0,0.2675,110.0
1753520761367,09:06:01.367,ALGO/USDT:USDT,0.26727,124.0,0.26726,76.0,0.26746,125.0,0.2675,110.0
1753520761994,09:06:01.994,ALGO/USDT:USDT,0.26726,76.0,0.26724,125.0,0.26746,125.0,0.2675,110.0
1753520762029,09:06:02.029,ALGO/USDT:USDT,0.26726,76.0,0.26724,125.0,0.26746,125.0,0.2675,110.0
1753520762105,09:06:02.105,ALGO/USDT:USDT,0.26726,76.0,0.26724,125.0,0.26746,125.0,0.2675,110.0
1753520762290,09:06:02.290,ALGO/USDT:USDT,0.26726,76.0,0.26724,125.0,0.26746,125.0,0.2675,110.0
1753520762416,09:06:02.416,ALGO/USDT:USDT,0.26727,124.0,0.26726,1.0,0.26746,125.0,0.2675,110.0
1753520763052,09:06:03.052,ALGO/USDT:USDT,0.26727,124.0,0.26726,1.0,0.26746,125.0,0.2675,110.0
1753520763131,09:06:03.131,ALGO/USDT:USDT,0.26727,124.0,0.26726,1.0,0.26746,125.0,0.2675,110.0
1753520763463,09:06:03.463,ALGO/USDT:USDT,0.26727,124.0,0.26726,1.0,0.26746,125.0,0.2675,110.0
1753520763952,09:06:03.952,ALGO/USDT:USDT,0.26727,124.0,0.26726,1.0,0.26746,125.0,0.2675,110.0
1753520765488,09:06:05.488,ALGO/USDT:USDT,0.26727,124.0,0.26726,1.0,0.26746,125.0,0.2675,110.0
1753520765518,09:06:05.518,ALGO/USDT:USDT,0.26727,124.0,0.26726,1.0,0.26746,125.0,0.2675,110.0
1753520766044,09:06:06.044,ALGO/USDT:USDT,0.26727,124.0,0.26726,1.0,0.26746,125.0,0.2675,110.0
1753520766549,09:06:06.549,ALGO/USDT:USDT,0.26727,124.0,0.26726,1.0,0.26746,125.0,0.2675,110.0
1753520767011,09:06:07.011,ALGO/USDT:USDT,0.26727,124.0,0.26726,1.0,0.26746,125.0,0.2675,110.0
1753520767591,09:06:07.591,ALGO/USDT:USDT,0.26727,124.0,0.26726,1.0,0.26746,125.0,0.2675,110.0
1753520767613,09:06:07.613,ALGO/USDT:USDT,0.26727,124.0,0.26726,1.0,0.26746,125.0,0.2675,110.0
1753520768062,09:06:08.062,ALGO/USDT:USDT,0.26727,124.0,0.26726,1.0,0.26746,125.0,0.2675,110.0
1753520768325,09:06:08.325,ALGO/USDT:USDT,0.26727,124.0,0.26726,76.0,0.26746,125.0,0.2675,110.0
1753520768550,09:06:08.550,ALGO/USDT:USDT,0.26727,124.0,0.26726,76.0,0.26746,125.0,0.2675,110.0
1753520769149,09:06:09.149,ALGO/USDT:USDT,0.26728,124.0,0.26727,75.0,0.26746,125.0,0.2675,110.0
1753520769342,09:06:09.342,ALGO/USDT:USDT,0.26728,124.0,0.26727,75.0,0.26746,125.0,0.2675,110.0
1753520769427,09:06:09.427,ALGO/USDT:USDT,0.26728,124.0,0.26727,75.0,0.26746,125.0,0.2675,110.0
1753520769504,09:06:09.504,ALGO/USDT:USDT,0.26728,124.0,0.26727,75.0,0.26746,125.0,0.2675,110.0
1753520769685,09:06:09.685,ALGO/USDT:USDT,0.26728,124.0,0.26727,75.0,0.26746,125.0,0.2675,110.0
1753520769906,09:06:09.906,ALGO/USDT:USDT,0.26728,124.0,0.26726,76.0,0.26746,125.0,0.2675,110.0
1753520770098,09:06:10.098,ALGO/USDT:USDT,0.26727,124.0,0.26726,76.0,0.26746,125.0,0.2675,110.0
1753520770370,09:06:10.370,ALGO/USDT:USDT,0.26727,124.0,0.26726,76.0,0.26746,125.0,0.2675,110.0
1753520770832,09:06:10.832,ALGO/USDT:USDT,0.26727,124.0,0.26726,76.0,0.26746,125.0,0.2675,110.0
1753520770939,09:06:10.939,ALGO/USDT:USDT,0.26727,124.0,0.26726,76.0,0.26746,125.0,0.2675,110.0
1753520771148,09:06:11.148,ALGO/USDT:USDT,0.26727,124.0,0.26726,76.0,0.26746,125.0,0.2675,110.0
1753520771456,09:06:11.456,ALGO/USDT:USDT,0.26727,124.0,0.26726,76.0,0.26746,125.0,0.2675,110.0
1753520772090,09:06:12.090,ALGO/USDT:USDT,0.26727,124.0,0.26726,76.0,0.26746,125.0,0.2675,110.0
1753520772184,09:06:12.184,ALGO/USDT:USDT,0.26727,124.0,0.26726,76.0,0.26746,125.0,0.2675,110.0
1753520772239,09:06:12.239,ALGO/USDT:USDT,0.26727,124.0,0.26726,76.0,0.26746,125.0,0.2675,110.0
1753520772388,09:06:12.388,ALGO/USDT:USDT,0.26727,124.0,0.26726,76.0,0.26746,125.0,0.26754,50.0
1753520772470,09:06:12.470,ALGO/USDT:USDT,0.26734,77.0,0.26733,2.0,0.26748,124.0,0.26749,1.0
1753520772537,09:06:12.537,ALGO/USDT:USDT,0.26734,75.0,0.26727,124.0,0.26747,124.0,0.26748,1.0
1753520772650,09:06:12.650,ALGO/USDT:USDT,0.26734,75.0,0.26727,124.0,0.26747,124.0,0.26748,1.0
1753520772708,09:06:12.708,ALGO/USDT:USDT,0.26734,75.0,0.26727,124.0,0.26747,124.0,0.26748,1.0
1753520772889,09:06:12.889,ALGO/USDT:USDT,0.26735,125.0,0.26734,76.0,0.26747,124.0,0.26749,1.0
1753520772945,09:06:12.945,ALGO/USDT:USDT,0.26736,125.0,0.26735,125.0,0.26747,124.0,0.26761,163.0
1753520773093,09:06:13.093,ALGO/USDT:USDT,0.26737,124.0,0.26736,125.0,0.26749,124.0,0.26751,1.0
1753520773190,09:06:13.190,ALGO/USDT:USDT,0.26737,124.0,0.26736,1.0,0.26749,124.0,0.26751,1.0
1753520773293,09:06:13.293,ALGO/USDT:USDT,0.26742,75.0,0.26737,124.0,0.26749,124.0,0.26751,1.0
1753520773383,09:06:13.383,ALGO/USDT:USDT,0.26742,75.0,0.26737,124.0,0.26749,124.0,0.26751,1.0
1753520773495,09:06:13.495,ALGO/USDT:USDT,0.26742,75.0,0.26737,124.0,0.26749,124.0,0.26751,1.0
1753520773550,09:06:13.550,ALGO/USDT:USDT,0.26742,75.0,0.26737,124.0,0.26749,124.0,0.26751,1.0
1753520773896,09:06:13.896,ALGO/USDT:USDT,0.26742,75.0,0.26727,124.0,0.26748,124.0,0.26749,125.0
1753520773959,09:06:13.959,ALGO/USDT:USDT,0.26742,75.0,0.26727,124.0,0.26748,124.0,0.26749,125.0
1753520774094,09:06:14.094,ALGO/USDT:USDT,0.26743,75.0,0.26727,124.0,0.26748,124.0,0.26749,1.0
1753520774199,09:06:14.199,ALGO/USDT:USDT,0.26743,75.0,0.26727,124.0,0.26748,124.0,0.26749,1.0
1753520774292,09:06:14.292,ALGO/USDT:USDT,0.26743,75.0,0.26727,124.0,0.26748,124.0,0.26749,1.0
1753520774493,09:06:14.493,ALGO/USDT:USDT,0.26743,75.0,0.26728,50.0,0.26748,124.0,0.26751,1.0
1753520774592,09:06:14.592,ALGO/USDT:USDT,0.26743,200.0,0.26742,1.0,0.26755,124.0,0.26756,1.0
1753520774697,09:06:14.697,ALGO/USDT:USDT,0.26743,200.0,0.26742,1.0,0.26755,124.0,0.26756,2.0
1753520774798,09:06:14.798,ALGO/USDT:USDT,0.26744,124.0,0.26743,76.0,0.26755,124.0,0.26756,2.0
1753520774807,09:06:14.807,ALGO/USDT:USDT,0.26744,124.0,0.26743,76.0,0.26755,124.0,0.26756,1.0
1753520774983,09:06:14.983,ALGO/USDT:USDT,0.26744,124.0,0.26743,76.0,0.26755,124.0,0.26756,2.0
1753520775024,09:06:15.024,ALGO/USDT:USDT,0.26746,75.0,0.26744,124.0,0.26755,124.0,0.26756,2.0
1753520775179,09:06:15.179,ALGO/USDT:USDT,0.26746,75.0,0.26744,124.0,0.26755,124.0,0.26756,2.0
1753520775601,09:06:15.601,ALGO/USDT:USDT,0.26746,75.0,0.26745,1.0,0.26755,124.0,0.26756,2.0
1753520775693,09:06:15.693,ALGO/USDT:USDT,0.26746,75.0,0.26744,124.0,0.26755,124.0,0.26756,2.0
1753520775706,09:06:15.706,ALGO/USDT:USDT,0.26746,76.0,0.26745,1.0,0.26755,124.0,0.2676,110.0
1753520775953,09:06:15.953,ALGO/USDT:USDT,0.26746,76.0,0.26745,1.0,0.26755,124.0,0.2676,110.0
1753520776004,09:06:16.004,ALGO/USDT:USDT,0.26746,76.0,0.26745,1.0,0.26755,124.0,0.2676,110.0
1753520776198,09:06:16.198,ALGO/USDT:USDT,0.26746,125.0,0.26745,1.0,0.2676,110.0,0.26761,50.0
1753520776215,09:06:16.215,ALGO/USDT:USDT,0.26746,125.0,0.26745,1.0,0.26759,124.0,0.2676,1.0
1753520776371,09:06:16.371,ALGO/USDT:USDT,0.26746,125.0,0.26745,1.0,0.26759,124.0,0.2676,1.0
1753520776575,09:06:16.575,ALGO/USDT:USDT,0.26747,125.0,0.26746,201.0,0.26759,124.0,0.2676,1.0
1753520776696,09:06:16.696,ALGO/USDT:USDT,0.26748,124.0,0.26747,125.0,0.26759,124.0,0.2676,1.0
1753520776799,09:06:16.799,ALGO/USDT:USDT,0.26748,124.0,0.26747,125.0,0.26758,124.0,0.26759,1.0
1753520776901,09:06:16.901,ALGO/USDT:USDT,0.26748,124.0,0.26747,1.0,0.26761,111.0,0.26768,127.0
1753520776988,09:06:16.988,ALGO/USDT:USDT,0.26746,75.0,0.26745,1.0,0.26759,124.0,0.2676,1.0
1753520777090,09:06:17.090,ALGO/USDT:USDT,0.26746,75.0,0.26745,2.0,0.26759,124.0,0.2676,1.0
1753520777197,09:06:17.197,ALGO/USDT:USDT,0.26746,75.0,0.26745,2.0,0.26759,124.0,0.2676,1.0
1753520777204,09:06:17.204,ALGO/USDT:USDT,0.26746,75.0,0.26745,2.0,0.26759,124.0,0.2676,1.0
1753520777377,09:06:17.377,ALGO/USDT:USDT,0.26748,75.0,0.26745,2.0,0.26759,124.0,0.2676,1.0
1753520777696,09:06:17.696,ALGO/USDT:USDT,0.26748,199.0,0.26745,2.0,0.26759,124.0,0.26761,109.0
1753520777792,09:06:17.792,ALGO/USDT:USDT,0.26748,75.0,0.26745,2.0,0.2676,125.0,0.26761,1.0
1753520777897,09:06:17.897,ALGO/USDT:USDT,0.26755,75.0,0.26746,124.0,0.26759,124.0,0.2676,125.0
1753520777962,09:06:17.962,ALGO/USDT:USDT,0.26755,75.0,0.26746,124.0,0.26759,124.0,0.2676,2.0
1753520778028,09:06:18.028,ALGO/USDT:USDT,0.26755,75.0,0.26746,124.0,0.26759,124.0,0.2676,2.0
1753520778164,09:06:18.164,ALGO/USDT:USDT,0.26755,75.0,0.26746,124.0,0.26759,124.0,0.2676,2.0
1753520778225,09:06:18.225,ALGO/USDT:USDT,0.26755,75.0,0.26746,124.0,0.26759,124.0,0.2676,2.0
1753520778694,09:06:18.694,ALGO/USDT:USDT,0.26755,75.0,0.26746,124.0,0.2676,1.0,0.26762,111.0
1753520778801,09:06:18.801,ALGO/USDT:USDT,0.26756,75.0,0.26746,124.0,0.26761,124.0,0.26762,1.0
1753520778895,09:06:18.895,ALGO/USDT:USDT,0.26756,75.0,0.26752,2.0,0.26761,124.0,0.26766,1.0
1753520778984,09:06:18.984,ALGO/USDT:USDT,0.26756,75.0,0.26752,1.0,0.26761,124.0,0.26762,113.0
1753520779081,09:06:19.081,ALGO/USDT:USDT,0.26756,75.0,0.26746,124.0,0.26762,1.0,0.26763,1.0
1753520779197,09:06:19.197,ALGO/USDT:USDT,0.26756,75.0,0.2675,121.0,0.26762,1.0,0.26763,1.0
1753520779276,09:06:19.276,ALGO/USDT:USDT,0.26756,75.0,0.2675,121.0,0.26762,1.0,0.26763,1.0
1753520779401,09:06:19.401,ALGO/USDT:USDT,0.26756,75.0,0.2675,121.0,0.26768,127.0,0.2677,124.0
1753520779484,09:06:19.484,ALGO/USDT:USDT,0.26756,75.0,0.2675,121.0,0.2677,124.0,0.26775,530.0
1753520779596,09:06:19.596,ALGO/USDT:USDT,0.26756,75.0,0.2675,121.0,0.26769,121.0,0.2677,114.0
1753520779614,09:06:19.614,ALGO/USDT:USDT,0.26758,75.0,0.2675,121.0,0.26769,121.0,0.2677,114.0
1753520779780,09:06:19.780,ALGO/USDT:USDT,0.26758,75.0,0.2675,121.0,0.26769,121.0,0.2677,114.0
1753520780098,09:06:20.098,ALGO/USDT:USDT,0.26758,75.0,0.2675,121.0,0.26769,121.0,0.2677,114.0
1753520780153,09:06:20.153,ALGO/USDT:USDT,0.26758,75.0,0.2675,121.0,0.26769,121.0,0.2677,114.0
1753520780278,09:06:20.278,ALGO/USDT:USDT,0.26758,75.0,0.2675,121.0,0.26769,121.0,0.2677,1.0
1753520780364,09:06:20.364,ALGO/USDT:USDT,0.26758,75.0,0.2675,121.0,0.26769,121.0,0.2677,1.0
1753520780547,09:06:20.547,ALGO/USDT:USDT,0.26764,75.0,0.2675,121.0,0.26769,121.0,0.2677,1.0
1753520780736,09:06:20.736,ALGO/USDT:USDT,0.26764,75.0,0.2675,121.0,0.26769,121.0,0.2677,1.0
1753520781021,09:06:21.021,ALGO/USDT:USDT,0.26764,75.0,0.2675,121.0,0.26769,121.0,0.2677,1.0
1753520781300,09:06:21.300,ALGO/USDT:USDT,0.26764,75.0,0.2675,121.0,0.26769,121.0,0.2677,1.0
1753520781485,09:06:21.485,ALGO/USDT:USDT,0.26766,75.0,0.2675,121.0,0.26768,121.0,0.26769,122.0
1753520781578,09:06:21.578,ALGO/USDT:USDT,0.26766,75.0,0.2675,121.0,0.26768,121.0,0.26769,122.0
1753520781638,09:06:21.638,ALGO/USDT:USDT,0.26766,75.0,0.2675,121.0,0.26768,121.0,0.26769,1.0
1753520781782,09:06:21.782,ALGO/USDT:USDT,0.26766,75.0,0.2675,121.0,0.26768,121.0,0.26769,1.0
1753520781894,09:06:21.894,ALGO/USDT:USDT,0.26766,75.0,0.2675,121.0,0.26768,121.0,0.26769,1.0
1753520782088,09:06:22.088,ALGO/USDT:USDT,0.26767,75.0,0.2675,121.0,0.26768,121.0,0.26769,1.0
1753520782201,09:06:22.201,ALGO/USDT:USDT,0.26751,121.0,0.2675,75.0,0.26768,121.0,0.26769,1.0
1753520782218,09:06:22.218,ALGO/USDT:USDT,0.26751,121.0,0.26742,77.0,0.26768,121.0,0.26769,1.0
1753520782368,09:06:22.368,ALGO/USDT:USDT,0.26754,121.0,0.26753,1.0,0.26768,121.0,0.26769,1.0
1753520782698,09:06:22.698,ALGO/USDT:USDT,0.26754,121.0,0.26753,1.0,0.2677,1.0,0.26775,127.0
1753520782798,09:06:22.798,ALGO/USDT:USDT,0.26754,121.0,0.26753,1.0,0.26775,121.0,0.26777,121.0
1753520782885,09:06:22.885,ALGO/USDT:USDT,0.26754,121.0,0.26753,1.0,0.26777,121.0,0.26778,113.0
1753520782986,09:06:22.986,ALGO/USDT:USDT,0.26754,121.0,0.26753,1.0,0.26777,121.0,0.26778,113.0
1753520783041,09:06:23.041,ALGO/USDT:USDT,0.26754,121.0,0.26753,1.0,0.26781,121.0,0.26783,529.0
1753520783124,09:06:23.124,ALGO/USDT:USDT,0.26754,121.0,0.26753,1.0,0.26781,121.0,0.26783,529.0
1753520783204,09:06:23.204,ALGO/USDT:USDT,0.26754,121.0,0.26753,1.0,0.26781,121.0,0.26783,529.0
1753520783345,09:06:23.345,ALGO/USDT:USDT,0.26754,121.0,0.26753,1.0,0.26781,121.0,0.26783,529.0
1753520783584,09:06:23.584,ALGO/USDT:USDT,0.26754,121.0,0.26753,1.0,0.26781,121.0,0.26783,121.0
1753520783633,09:06:23.633,ALGO/USDT:USDT,0.26754,121.0,0.26753,1.0,0.26785,127.0,0.26787,295.0
1753520783719,09:06:23.719,ALGO/USDT:USDT,0.26754,121.0,0.26753,1.0,0.26785,127.0,0.26787,295.0
1753520783805,09:06:23.805,ALGO/USDT:USDT,0.26754,121.0,0.26753,1.0,0.26785,127.0,0.26787,295.0
1753520784067,09:06:24.067,ALGO/USDT:USDT,0.26754,121.0,0.26753,1.0,0.26785,127.0,0.26787,295.0
1753520784197,09:06:24.197,ALGO/USDT:USDT,0.26754,121.0,0.26753,1.0,0.26785,127.0,0.26787,295.0
1753520784282,09:06:24.282,ALGO/USDT:USDT,0.26754,121.0,0.26753,1.0,0.26785,127.0,0.26787,295.0
1753520784373,09:06:24.373,ALGO/USDT:USDT,0.26754,121.0,0.26753,1.0,0.26785,127.0,0.26787,295.0
1753520784525,09:06:24.525,ALGO/USDT:USDT,0.26754,121.0,0.26753,1.0,0.26785,127.0,0.26787,295.0
1753520784801,09:06:24.801,ALGO/USDT:USDT,0.26754,121.0,0.26753,1.0,0.26785,127.0,0.26787,295.0
1753520784806,09:06:24.806,ALGO/USDT:USDT,0.26754,121.0,0.26753,1.0,0.26785,127.0,0.26787,295.0
1753520784916,09:06:24.916,ALGO/USDT:USDT,0.26754,121.0,0.26753,1.0,0.26784,121.0,0.26785,113.0
1753520785026,09:06:25.026,ALGO/USDT:USDT,0.26754,121.0,0.26753,1.0,0.26784,121.0,0.26785,113.0
1753520785104,09:06:25.104,ALGO/USDT:USDT,0.26754,121.0,0.26753,1.0,0.26784,121.0,0.26785,113.0
1753520785484,09:06:25.484,ALGO/USDT:USDT,0.26756,121.0,0.26755,39.0,0.26784,121.0,0.26785,113.0
1753520785589,09:06:25.589,ALGO/USDT:USDT,0.26756,121.0,0.26755,39.0,0.26784,121.0,0.26785,113.0
1753520785628,09:06:25.628,ALGO/USDT:USDT,0.26756,121.0,0.26755,39.0,0.26784,121.0,0.26785,113.0
1753520785949,09:06:25.949,ALGO/USDT:USDT,0.26757,121.0,0.26756,121.0,0.26784,121.0,0.26785,113.0
1753520786088,09:06:26.088,ALGO/USDT:USDT,0.26758,200.0,0.26757,143.0,0.26784,121.0,0.26785,113.0
1753520786143,09:06:26.143,ALGO/USDT:USDT,0.26759,121.0,0.26756,121.0,0.26784,121.0,0.26785,113.0
1753520786269,09:06:26.269,ALGO/USDT:USDT,0.2676,121.0,0.26756,121.0,0.26784,121.0,0.26785,113.0
1753520786396,09:06:26.396,ALGO/USDT:USDT,0.26762,121.0,0.26761,211.0,0.26784,121.0,0.26785,113.0
1753520786420,09:06:26.420,ALGO/USDT:USDT,0.26763,121.0,0.26762,122.0,0.26784,121.0,0.26785,113.0
1753520786571,09:06:26.571,ALGO/USDT:USDT,0.26763,121.0,0.26762,1.0,0.26784,121.0,0.26785,113.0
1753520786700,09:06:26.700,ALGO/USDT:USDT,0.26763,121.0,0.26762,1.0,0.26784,121.0,0.26785,114.0
1753520786785,09:06:26.785,ALGO/USDT:USDT,0.26766,121.0,0.26765,89.0,0.26784,121.0,0.26785,113.0
1753520786895,09:06:26.895,ALGO/USDT:USDT,0.26766,121.0,0.26765,89.0,0.26784,121.0,0.26785,113.0
1753520786991,09:06:26.991,ALGO/USDT:USDT,0.26766,121.0,0.26765,89.0,0.26784,121.0,0.26785,113.0
1753520787015,09:06:27.015,ALGO/USDT:USDT,0.26766,121.0,0.26765,89.0,0.26784,121.0,0.26785,113.0
1753520787122,09:06:27.122,ALGO/USDT:USDT,0.26766,121.0,0.26765,89.0,0.26784,121.0,0.26785,113.0
1753520787256,09:06:27.256,ALGO/USDT:USDT,0.26766,121.0,0.26765,89.0,0.26784,121.0,0.26785,113.0
1753520787394,09:06:27.394,ALGO/USDT:USDT,0.26766,121.0,0.26765,89.0,0.26784,121.0,0.26785,113.0
1753520787404,09:06:27.404,ALGO/USDT:USDT,0.26766,121.0,0.26765,89.0,0.26784,121.0,0.26785,113.0
1753520788084,09:06:28.084,ALGO/USDT:USDT,0.26768,122.0,0.26767,78.0,0.26784,121.0,0.26785,113.0
1753520788105,09:06:28.105,ALGO/USDT:USDT,0.26769,121.0,0.26768,1.0,0.26784,121.0,0.26785,113.0
1753520788282,09:06:28.282,ALGO/USDT:USDT,0.26769,121.0,0.26768,1.0,0.26784,121.0,0.26785,113.0
1753520788529,09:06:28.529,ALGO/USDT:USDT,0.26769,121.0,0.26768,1.0,0.26784,121.0,0.26785,113.0
1753520788762,09:06:28.762,ALGO/USDT:USDT,0.26769,121.0,0.26768,1.0,0.26784,121.0,0.26785,114.0
1753520788883,09:06:28.883,ALGO/USDT:USDT,0.26769,121.0,0.26768,1.0,0.26793,127.0,0.26797,295.0
1753520788997,09:06:28.997,ALGO/USDT:USDT,0.26769,121.0,0.26768,1.0,0.26793,127.0,0.26797,295.0
1753520789077,09:06:29.077,ALGO/USDT:USDT,0.26769,121.0,0.26768,1.0,0.26793,127.0,0.26797,295.0
1753520789166,09:06:29.166,ALGO/USDT:USDT,0.26769,121.0,0.26768,1.0,0.26793,127.0,0.26797,295.0
1753520789301,09:06:29.301,ALGO/USDT:USDT,0.26769,121.0,0.26768,1.0,0.26792,127.0,0.26793,110.0
1753520789312,09:06:29.312,ALGO/USDT:USDT,0.26769,121.0,0.26768,1.0,0.26792,127.0,0.26793,110.0
1753520789453,09:06:29.453,ALGO/USDT:USDT,0.26769,121.0,0.26768,1.0,0.26792,127.0,0.26793,110.0
1753520789553,09:06:29.553,ALGO/USDT:USDT,0.26769,121.0,0.26768,1.0,0.26792,127.0,0.26793,110.0
1753520789685,09:06:29.685,ALGO/USDT:USDT,0.2677,127.0,0.26769,27.0,0.26792,127.0,0.26793,110.0
1753520789729,09:06:29.729,ALGO/USDT:USDT,0.2677,127.0,0.26768,1.0,0.2679,127.0,0.26791,1.0
1753520789871,09:06:29.871,ALGO/USDT:USDT,0.26771,127.0,0.2677,127.0,0.2679,127.0,0.26791,1.0
1753520789986,09:06:29.986,ALGO/USDT:USDT,0.26772,127.0,0.26771,61.0,0.2679,127.0,0.26791,1.0
1753520790016,09:06:30.016,ALGO/USDT:USDT,0.26772,127.0,0.2677,127.0,0.2679,127.0,0.26791,1.0
1753520790146,09:06:30.146,ALGO/USDT:USDT,0.2677,127.0,0.26768,1.0,0.2679,127.0,0.26791,1.0
1753520790367,09:06:30.367,ALGO/USDT:USDT,0.2677,127.0,0.26768,1.0,0.2679,127.0,0.26791,1.0
1753520790462,09:06:30.462,ALGO/USDT:USDT,0.26771,127.0,0.2677,127.0,0.2679,127.0,0.26791,1.0
1753520790587,09:06:30.587,ALGO/USDT:USDT,0.26772,127.0,0.26771,48.0,0.2679,127.0,0.26791,1.0
1753520790660,09:06:30.660,ALGO/USDT:USDT,0.26772,127.0,0.2677,127.0,0.2679,127.0,0.26791,1.0
1753520790738,09:06:30.738,ALGO/USDT:USDT,0.2677,127.0,0.26768,1.0,0.2679,127.0,0.26791,1.0
1753520790984,09:06:30.984,ALGO/USDT:USDT,0.26771,127.0,0.2677,48.0,0.2679,127.0,0.26791,1.0
1753520791072,09:06:31.072,ALGO/USDT:USDT,0.26771,127.0,0.26768,1.0,0.2679,127.0,0.26791,1.0
1753520791198,09:06:31.198,ALGO/USDT:USDT,0.26771,127.0,0.26768,1.0,0.2679,127.0,0.26791,1.0
1753520791204,09:06:31.204,ALGO/USDT:USDT,0.26771,127.0,0.26768,1.0,0.2679,127.0,0.26791,1.0
1753520791350,09:06:31.350,ALGO/USDT:USDT,0.26772,127.0,0.26768,1.0,0.2679,127.0,0.26791,1.0
1753520791426,09:06:31.426,ALGO/USDT:USDT,0.26772,127.0,0.26768,1.0,0.2679,127.0,0.26791,1.0
1753520791518,09:06:31.518,ALGO/USDT:USDT,0.26772,127.0,0.26768,1.0,0.2679,127.0,0.26791,1.0
1753520791899,09:06:31.899,ALGO/USDT:USDT,0.26776,127.0,0.26775,41.0,0.26799,121.0,0.26804,204.0
1753520791997,09:06:31.997,ALGO/USDT:USDT,0.26776,127.0,0.26775,41.0,0.26799,121.0,0.26804,204.0
1753520792100,09:06:32.100,ALGO/USDT:USDT,0.26776,127.0,0.26775,41.0,0.26799,121.0,0.26804,204.0
1753520792172,09:06:32.172,ALGO/USDT:USDT,0.26776,127.0,0.26775,41.0,0.26799,121.0,0.26804,204.0
1753520792303,09:06:32.303,ALGO/USDT:USDT,0.26776,127.0,0.26775,41.0,0.26799,121.0,0.26804,204.0
1753520792692,09:06:32.692,ALGO/USDT:USDT,0.26776,127.0,0.26775,41.0,0.26799,121.0,0.26804,204.0
1753520792769,09:06:32.769,ALGO/USDT:USDT,0.26776,127.0,0.26775,41.0,0.26799,121.0,0.26804,204.0
1753520792992,09:06:32.992,ALGO/USDT:USDT,0.26776,127.0,0.26775,41.0,0.26799,121.0,0.26804,204.0
1753520793007,09:06:33.007,ALGO/USDT:USDT,0.26776,127.0,0.26775,41.0,0.26799,121.0,0.26804,204.0
1753520793266,09:06:33.266,ALGO/USDT:USDT,0.26776,127.0,0.26775,41.0,0.26799,121.0,0.26804,204.0
1753520793304,09:06:33.304,ALGO/USDT:USDT,0.26776,127.0,0.26775,41.0,0.26799,121.0,0.26804,204.0
1753520793406,09:06:33.406,ALGO/USDT:USDT,0.26776,127.0,0.26775,41.0,0.26799,121.0,0.26801,112.0
1753520793588,09:06:33.588,ALGO/USDT:USDT,0.26776,127.0,0.26775,41.0,0.26799,121.0,0.26801,112.0
1753520793684,09:06:33.684,ALGO/USDT:USDT,0.26776,127.0,0.26775,2.0,0.26799,121.0,0.26803,111.0
1753520793790,09:06:33.790,ALGO/USDT:USDT,0.26779,127.0,0.26778,50.0,0.26807,127.0,0.26809,121.0
1753520793888,09:06:33.888,ALGO/USDT:USDT,0.2678,221.0,0.26779,313.0,0.26809,121.0,0.26812,402.0
1753520793997,09:06:33.997,ALGO/USDT:USDT,0.26781,127.0,0.26779,127.0,0.26809,121.0,0.26812,402.0
1753520794050,09:06:34.050,ALGO/USDT:USDT,0.26783,127.0,0.26779,127.0,0.26809,121.0,0.26812,402.0
1753520794198,09:06:34.198,ALGO/USDT:USDT,0.26779,127.0,0.26778,50.0,0.26808,127.0,0.26809,110.0
1753520794228,09:06:34.228,ALGO/USDT:USDT,0.2678,127.0,0.26778,50.0,0.26808,127.0,0.26809,110.0
1753520794349,09:06:34.349,ALGO/USDT:USDT,0.26782,127.0,0.26778,50.0,0.26808,127.0,0.26809,110.0
1753520794501,09:06:34.501,ALGO/USDT:USDT,0.26778,50.0,0.26777,127.0,0.26808,127.0,0.26809,110.0
1753520794560,09:06:34.560,ALGO/USDT:USDT,0.26779,127.0,0.26773,50.0,0.26805,127.0,0.26806,100.0
1753520794650,09:06:34.650,ALGO/USDT:USDT,0.2678,127.0,0.26773,50.0,0.26805,127.0,0.26806,100.0
1753520794760,09:06:34.760,ALGO/USDT:USDT,0.2678,127.0,0.26773,50.0,0.26805,127.0,0.26806,100.0
1753520794831,09:06:34.831,ALGO/USDT:USDT,0.2678,127.0,0.26773,50.0,0.26805,127.0,0.26806,100.0
1753520794943,09:06:34.943,ALGO/USDT:USDT,0.2678,127.0,0.26773,50.0,0.26805,127.0,0.26806,100.0
1753520795078,09:06:35.078,ALGO/USDT:USDT,0.2678,127.0,0.26773,50.0,0.26804,127.0,0.26805,128.0
1753520795115,09:06:35.115,ALGO/USDT:USDT,0.2678,127.0,0.26773,50.0,0.26804,127.0,0.26805,128.0
1753520795250,09:06:35.250,ALGO/USDT:USDT,0.2678,127.0,0.26773,50.0,0.26804,127.0,0.26805,1.0
1753520795382,09:06:35.382,ALGO/USDT:USDT,0.2678,127.0,0.26773,50.0,0.26804,127.0,0.26805,1.0
1753520795547,09:06:35.547,ALGO/USDT:USDT,0.2678,127.0,0.26773,50.0,0.26804,127.0,0.26805,1.0
1753520795678,09:06:35.678,ALGO/USDT:USDT,0.2678,127.0,0.26773,50.0,0.26804,127.0,0.26805,1.0
1753520795984,09:06:35.984,ALGO/USDT:USDT,0.2678,127.0,0.26773,50.0,0.26804,127.0,0.26805,1.0
1753520796184,09:06:36.184,ALGO/USDT:USDT,0.2678,127.0,0.26773,162.0,0.26804,127.0,0.26805,1.0
1753520796291,09:06:36.291,ALGO/USDT:USDT,0.26766,290.0,0.26765,77.0,0.26804,127.0,0.26805,1.0
1753520796334,09:06:36.334,ALGO/USDT:USDT,0.26768,127.0,0.26765,77.0,0.26804,127.0,0.26805,1.0
1753520796483,09:06:36.483,ALGO/USDT:USDT,0.26769,127.0,0.26765,77.0,0.26804,127.0,0.26805,1.0
1753520796592,09:06:36.592,ALGO/USDT:USDT,0.2677,216.0,0.26769,169.0,0.26804,127.0,0.26805,1.0
1753520796624,09:06:36.624,ALGO/USDT:USDT,0.26771,127.0,0.26765,77.0,0.26804,127.0,0.26805,1.0
1753520796769,09:06:36.769,ALGO/USDT:USDT,0.26773,127.0,0.26765,77.0,0.26804,127.0,0.26805,1.0
1753520796901,09:06:36.901,ALGO/USDT:USDT,0.26773,127.0,0.26765,77.0,0.26804,127.0,0.26805,1.0
1753520797052,09:06:37.052,ALGO/USDT:USDT,0.26773,127.0,0.26765,77.0,0.26804,127.0,0.26805,1.0
1753520797104,09:06:37.104,ALGO/USDT:USDT,0.26773,127.0,0.26765,77.0,0.26804,127.0,0.26805,1.0
1753520797592,09:06:37.592,ALGO/USDT:USDT,0.26772,111.0,0.26765,204.0,0.26804,127.0,0.26805,1.0
1753520797663,09:06:37.663,ALGO/USDT:USDT,0.26773,127.0,0.26765,204.0,0.26804,127.0,0.26805,1.0
1753520797704,09:06:37.704,ALGO/USDT:USDT,0.26773,127.0,0.26765,204.0,0.26804,127.0,0.26805,1.0
1753520798101,09:06:38.101,ALGO/USDT:USDT,0.26773,127.0,0.26765,204.0,0.26804,127.0,0.26805,1.0
1753520798104,09:06:38.104,ALGO/USDT:USDT,0.26773,127.0,0.26765,204.0,0.26804,127.0,0.26805,1.0
1753520798228,09:06:38.228,ALGO/USDT:USDT,0.26773,127.0,0.26765,204.0,0.26804,127.0,0.26805,1.0
1753520798364,09:06:38.364,ALGO/USDT:USDT,0.26773,127.0,0.26765,204.0,0.268,127.0,0.26804,127.0
1753520798478,09:06:38.478,ALGO/USDT:USDT,0.26773,127.0,0.26765,204.0,0.26804,127.0,0.26805,1.0
1753520798584,09:06:38.584,ALGO/USDT:USDT,0.26773,127.0,0.26771,111.0,0.268,127.0,0.26801,97.0
1753520798930,09:06:38.930,ALGO/USDT:USDT,0.26773,127.0,0.26771,111.0,0.268,127.0,0.26801,97.0
1753520799183,09:06:39.183,ALGO/USDT:USDT,0.26773,127.0,0.26771,111.0,0.268,127.0,0.26801,97.0
1753520799341,09:06:39.341,ALGO/USDT:USDT,0.26773,127.0,0.26771,111.0,0.268,127.0,0.26801,97.0
1753520799449,09:06:39.449,ALGO/USDT:USDT,0.26773,127.0,0.26771,111.0,0.268,127.0,0.26801,97.0
1753520799504,09:06:39.504,ALGO/USDT:USDT,0.26773,127.0,0.26771,111.0,0.268,127.0,0.26801,97.0
1753520799753,09:06:39.753,ALGO/USDT:USDT,0.26773,127.0,0.26771,111.0,0.268,127.0,0.26801,97.0
1753520800057,09:06:40.057,ALGO/USDT:USDT,0.26773,127.0,0.26771,111.0,0.268,127.0,0.26801,97.0
1753520800192,09:06:40.192,ALGO/USDT:USDT,0.26765,168.0,0.26763,2540.0,0.26794,287.0,0.26798,127.0
1753520800284,09:06:40.284,ALGO/USDT:USDT,0.26766,127.0,0.26763,121.0,0.26792,127.0,0.26793,86.0
1753520800386,09:06:40.386,ALGO/USDT:USDT,0.26763,121.0,0.26762,108.0,0.26792,127.0,0.26793,199.0
1753520800437,09:06:40.437,ALGO/USDT:USDT,0.26763,121.0,0.26762,108.0,0.26792,127.0,0.26793,199.0
1753520800592,09:06:40.592,ALGO/USDT:USDT,0.26763,121.0,0.26762,108.0,0.26792,127.0,0.26793,199.0
1753520800660,09:06:40.660,ALGO/USDT:USDT,0.26763,121.0,0.26762,108.0,0.26792,127.0,0.26793,199.0
1753520800790,09:06:40.790,ALGO/USDT:USDT,0.26763,121.0,0.26762,108.0,0.26792,127.0,0.26793,199.0
1753520800804,09:06:40.804,ALGO/USDT:USDT,0.26763,121.0,0.26762,108.0,0.26792,127.0,0.26793,199.0
1753520801011,09:06:41.011,ALGO/USDT:USDT,0.26763,121.0,0.26762,108.0,0.26792,127.0,0.26793,199.0
1753520801171,09:06:41.171,ALGO/USDT:USDT,0.26763,121.0,0.26762,108.0,0.26792,127.0,0.26793,199.0
1753520801458,09:06:41.458,ALGO/USDT:USDT,0.26763,121.0,0.26762,108.0,0.26792,127.0,0.26793,199.0
1753520801514,09:06:41.514,ALGO/USDT:USDT,0.26763,121.0,0.26762,108.0,0.26792,127.0,0.26793,199.0
1753520801701,09:06:41.701,ALGO/USDT:USDT,0.26763,121.0,0.26762,108.0,0.26792,127.0,0.26793,199.0
1753520801834,09:06:41.834,ALGO/USDT:USDT,0.26763,121.0,0.26762,108.0,0.26792,127.0,0.26793,199.0
1753520802071,09:06:42.071,ALGO/USDT:USDT,0.26761,127.0,0.26759,204.0,0.26792,127.0,0.26793,199.0
1753520802185,09:06:42.185,ALGO/USDT:USDT,0.26762,127.0,0.26759,204.0,0.26792,127.0,0.26793,199.0
1753520802246,09:06:42.246,ALGO/USDT:USDT,0.26763,127.0,0.26762,236.0,0.26792,127.0,0.26793,199.0
1753520802361,09:06:42.361,ALGO/USDT:USDT,0.26763,127.0,0.26759,204.0,0.26792,127.0,0.26793,199.0
1753520802548,09:06:42.548,ALGO/USDT:USDT,0.26763,127.0,0.26759,204.0,0.26792,127.0,0.26793,199.0
1753520802667,09:06:42.667,ALGO/USDT:USDT,0.26763,127.0,0.26759,204.0,0.26792,127.0,0.26793,199.0
1753520803049,09:06:43.049,ALGO/USDT:USDT,0.26763,127.0,0.26759,204.0,0.26792,127.0,0.26793,199.0
1753520803140,09:06:43.140,ALGO/USDT:USDT,0.26763,127.0,0.26759,204.0,0.26792,127.0,0.26793,199.0
1753520803266,09:06:43.266,ALGO/USDT:USDT,0.26763,127.0,0.26759,204.0,0.26792,127.0,0.26793,199.0
1753520803499,09:06:43.499,ALGO/USDT:USDT,0.26763,127.0,0.26759,204.0,0.26792,127.0,0.26793,199.0
1753520803518,09:06:43.518,ALGO/USDT:USDT,0.26763,127.0,0.26759,204.0,0.26792,127.0,0.26793,199.0
1753520803900,09:06:43.900,ALGO/USDT:USDT,0.26763,127.0,0.26759,127.0,0.26789,97.0,0.2679,77.0
1753520803950,09:06:43.950,ALGO/USDT:USDT,0.26753,127.0,0.26752,108.0,0.26788,127.0,0.26789,98.0
1753520804093,09:06:44.093,ALGO/USDT:USDT,0.26753,127.0,0.26752,108.0,0.26788,127.0,0.26789,98.0
1753520804124,09:06:44.124,ALGO/USDT:USDT,0.26753,127.0,0.26752,108.0,0.26788,127.0,0.26789,98.0
1753520804204,09:06:44.204,ALGO/USDT:USDT,0.26753,127.0,0.26752,108.0,0.26788,127.0,0.26789,98.0
1753520804314,09:06:44.314,ALGO/USDT:USDT,0.26753,127.0,0.26752,108.0,0.26788,127.0,0.26789,98.0
1753520804585,09:06:44.585,ALGO/USDT:USDT,0.26753,127.0,0.26752,108.0,0.26788,127.0,0.26789,98.0
1753520804727,09:06:44.727,ALGO/USDT:USDT,0.26753,127.0,0.26752,108.0,0.26788,127.0,0.26789,98.0
1753520804891,09:06:44.891,ALGO/USDT:USDT,0.26756,232.0,0.26752,108.0,0.26788,127.0,0.26789,98.0
1753520804996,09:06:44.996,ALGO/USDT:USDT,0.26762,206.0,0.26761,135.0,0.26788,127.0,0.26789,1.0
1753520805097,09:06:45.097,ALGO/USDT:USDT,0.26763,127.0,0.26762,1.0,0.26787,127.0,0.26788,128.0
1753520805197,09:06:45.197,ALGO/USDT:USDT,0.26763,127.0,0.26762,1.0,0.26787,127.0,0.26788,1.0
1753520805274,09:06:45.274,ALGO/USDT:USDT,0.26763,127.0,0.26762,1.0,0.26787,127.0,0.26788,1.0
1753520805305,09:06:45.305,ALGO/USDT:USDT,0.26763,127.0,0.26762,1.0,0.26787,127.0,0.26788,1.0
1753520805582,09:06:45.582,ALGO/USDT:USDT,0.26763,127.0,0.26762,109.0,0.26787,127.0,0.26788,1.0
1753520805690,09:06:45.690,ALGO/USDT:USDT,0.26763,127.0,0.26762,109.0,0.26787,127.0,0.26788,1.0
1753520805757,09:06:45.757,ALGO/USDT:USDT,0.26763,127.0,0.26762,109.0,0.26787,127.0,0.26788,1.0
1753520805997,09:06:45.997,ALGO/USDT:USDT,0.26763,127.0,0.26762,109.0,0.26787,127.0,0.26788,1.0
1753520806016,09:06:46.016,ALGO/USDT:USDT,0.26763,127.0,0.26762,109.0,0.26787,127.0,0.26788,1.0
1753520806630,09:06:46.630,ALGO/USDT:USDT,0.26763,127.0,0.26762,109.0,0.26787,127.0,0.26788,1.0
1753520807600,09:06:47.600,ALGO/USDT:USDT,0.26763,127.0,0.26762,109.0,0.26787,127.0,0.26788,1.0
1753520807673,09:06:47.673,ALGO/USDT:USDT,0.26763,127.0,0.26762,109.0,0.26787,127.0,0.26788,1.0
1753520807770,09:06:47.770,ALGO/USDT:USDT,0.26757,127.0,0.26752,108.0,0.26785,127.0,0.26787,224.0
1753520807897,09:06:47.897,ALGO/USDT:USDT,0.26758,127.0,0.26757,127.0,0.26785,127.0,0.26787,224.0
1753520807996,09:06:47.996,ALGO/USDT:USDT,0.26759,127.0,0.26758,50.0,0.26785,127.0,0.26787,224.0
1753520808064,09:06:48.064,ALGO/USDT:USDT,0.26761,127.0,0.2676,128.0,0.26784,127.0,0.26785,112.0
1753520808170,09:06:48.170,ALGO/USDT:USDT,0.26762,127.0,0.2676,128.0,0.26784,127.0,0.26785,112.0
1753520808318,09:06:48.318,ALGO/USDT:USDT,0.26762,127.0,0.2676,128.0,0.26784,127.0,0.26785,112.0
1753520808538,09:06:48.538,ALGO/USDT:USDT,0.26762,127.0,0.2676,128.0,0.26784,127.0,0.26785,112.0
1753520808701,09:06:48.701,ALGO/USDT:USDT,0.26762,127.0,0.2676,128.0,0.26784,127.0,0.26785,112.0
1753520808868,09:06:48.868,ALGO/USDT:USDT,0.26762,127.0,0.2676,128.0,0.26784,127.0,0.26785,112.0
1753520808918,09:06:48.918,ALGO/USDT:USDT,0.26762,127.0,0.26761,1.0,0.26784,127.0,0.26785,112.0
1753520809394,09:06:49.394,ALGO/USDT:USDT,0.26762,127.0,0.26761,1.0,0.26784,127.0,0.26785,112.0
1753520809489,09:06:49.489,ALGO/USDT:USDT,0.26762,127.0,0.26761,1.0,0.26784,127.0,0.26785,112.0
1753520810726,09:06:50.726,ALGO/USDT:USDT,0.26762,127.0,0.26761,1.0,0.26784,127.0,0.26785,112.0
1753520810964,09:06:50.964,ALGO/USDT:USDT,0.26762,127.0,0.26761,1.0,0.26787,127.0,0.26788,1.0
1753520811071,09:06:51.071,ALGO/USDT:USDT,0.26762,127.0,0.26761,1.0,0.26787,127.0,0.26788,1.0
1753520811104,09:06:51.104,ALGO/USDT:USDT,0.26762,127.0,0.26761,1.0,0.26787,127.0,0.26788,1.0
1753520811298,09:06:51.298,ALGO/USDT:USDT,0.26762,127.0,0.26761,1.0,0.26787,127.0,0.26788,1.0
1753520811385,09:06:51.385,ALGO/USDT:USDT,0.26762,127.0,0.26761,1.0,0.26787,127.0,0.26788,1.0
1753520811965,09:06:51.965,ALGO/USDT:USDT,0.26762,127.0,0.26761,1.0,0.26786,125.0,0.26787,97.0
1753520812032,09:06:52.032,ALGO/USDT:USDT,0.26762,127.0,0.26761,1.0,0.26786,125.0,0.26788,1.0
1753520812318,09:06:52.318,ALGO/USDT:USDT,0.26762,127.0,0.26761,1.0,0.26786,125.0,0.26788,1.0
1753520812418,09:06:52.418,ALGO/USDT:USDT,0.26762,127.0,0.26761,1.0,0.26786,125.0,0.26788,1.0
1753520812875,09:06:52.875,ALGO/USDT:USDT,0.26762,127.0,0.2676,128.0,0.26786,125.0,0.26788,1.0
1753520813118,09:06:53.118,ALGO/USDT:USDT,0.26762,127.0,0.2676,128.0,0.26786,125.0,0.26788,1.0
1753520813204,09:06:53.204,ALGO/USDT:USDT,0.26762,127.0,0.2676,128.0,0.26786,125.0,0.26788,1.0
1753520813390,09:06:53.390,ALGO/USDT:USDT,0.26762,127.0,0.2676,128.0,0.26786,125.0,0.26788,1.0
1753520813444,09:06:53.444,ALGO/USDT:USDT,0.26757,127.0,0.26752,108.0,0.26786,125.0,0.26788,1.0
1753520813601,09:06:53.601,ALGO/USDT:USDT,0.26751,127.0,0.26749,113.0,0.26786,125.0,0.26788,1.0
1753520813702,09:06:53.702,ALGO/USDT:USDT,0.26752,75.0,0.26751,251.0,0.26786,125.0,0.26788,1.0
1753520813724,09:06:53.724,ALGO/USDT:USDT,0.26753,125.0,0.26749,113.0,0.26786,125.0,0.26788,1.0
1753520813808,09:06:53.808,ALGO/USDT:USDT,0.26753,125.0,0.26749,113.0,0.26786,125.0,0.26788,1.0
1753520814101,09:06:54.101,ALGO/USDT:USDT,0.26753,125.0,0.26749,113.0,0.26786,125.0,0.26788,1.0
1753520814107,09:06:54.107,ALGO/USDT:USDT,0.26753,125.0,0.26749,113.0,0.26786,125.0,0.26788,1.0
1753520814684,09:06:54.684,ALGO/USDT:USDT,0.26753,125.0,0.26749,113.0,0.26786,125.0,0.26788,1.0
1753520815190,09:06:55.190,ALGO/USDT:USDT,0.26753,125.0,0.26749,113.0,0.26786,125.0,0.26788,1.0
1753520815584,09:06:55.584,ALGO/USDT:USDT,0.26753,125.0,0.26751,112.0,0.26785,125.0,0.26786,237.0
1753520815683,09:06:55.683,ALGO/USDT:USDT,0.26753,125.0,0.26751,112.0,0.26785,125.0,0.26786,237.0
1753520815740,09:06:55.740,ALGO/USDT:USDT,0.26753,125.0,0.26751,112.0,0.26785,125.0,0.26786,112.0
1753520816168,09:06:56.168,ALGO/USDT:USDT,0.26753,125.0,0.26751,112.0,0.26785,125.0,0.26786,112.0
1753520816427,09:06:56.427,ALGO/USDT:USDT,0.26753,125.0,0.26751,112.0,0.26785,125.0,0.26786,112.0
1753520816918,09:06:56.918,ALGO/USDT:USDT,0.26753,125.0,0.26751,112.0,0.26785,125.0,0.26786,112.0
1753520817086,09:06:57.086,ALGO/USDT:USDT,0.26753,125.0,0.26751,112.0,0.26785,125.0,0.26786,112.0
1753520817193,09:06:57.193,ALGO/USDT:USDT,0.26746,127.0,0.26745,2419.0,0.26785,125.0,0.26786,112.0
1753520817299,09:06:57.299,ALGO/USDT:USDT,0.26747,125.0,0.26746,87.0,0.2678,125.0,0.26781,86.0
1753520817309,09:06:57.309,ALGO/USDT:USDT,0.26747,125.0,0.26745,2419.0,0.2678,125.0,0.26781,86.0
1753520817470,09:06:57.470,ALGO/USDT:USDT,0.26748,125.0,0.26747,125.0,0.2678,125.0,0.26781,86.0
1753520817601,09:06:57.601,ALGO/USDT:USDT,0.26749,125.0,0.26748,66.0,0.2678,125.0,0.26781,86.0
1753520817663,09:06:57.663,ALGO/USDT:USDT,0.2675,125.0,0.26749,125.0,0.2678,125.0,0.26781,86.0
1753520817770,09:06:57.770,ALGO/USDT:USDT,0.26751,125.0,0.26749,125.0,0.2678,125.0,0.26781,86.0
1753520817899,09:06:57.899,ALGO/USDT:USDT,0.26751,191.0,0.26749,125.0,0.2678,125.0,0.26781,86.0
1753520818000,09:06:58.000,ALGO/USDT:USDT,0.26752,125.0,0.26749,125.0,0.2678,125.0,0.26781,86.0
1753520818098,09:06:58.098,ALGO/USDT:USDT,0.26741,124.0,0.2674,480.0,0.2678,125.0,0.26781,86.0
1753520818199,09:06:58.199,ALGO/USDT:USDT,0.26741,124.0,0.2674,702.0,0.2678,125.0,0.26781,86.0
1753520818293,09:06:58.293,ALGO/USDT:USDT,0.26742,125.0,0.2674,480.0,0.2678,125.0,0.26781,86.0
1753520818369,09:06:58.369,ALGO/USDT:USDT,0.26743,125.0,0.26742,125.0,0.2678,125.0,0.26781,86.0
1753520818501,09:06:58.501,ALGO/USDT:USDT,0.26744,125.0,0.26743,165.0,0.2678,125.0,0.26781,86.0
1753520818510,09:06:58.510,ALGO/USDT:USDT,0.26744,125.0,0.26743,125.0,0.2678,125.0,0.26781,86.0
1753520818652,09:06:58.652,ALGO/USDT:USDT,0.26744,125.0,0.2674,480.0,0.2678,125.0,0.26781,86.0
1753520818801,09:06:58.801,ALGO/USDT:USDT,0.26744,40.0,0.2674,480.0,0.2678,125.0,0.26781,86.0
1753520818885,09:06:58.885,ALGO/USDT:USDT,0.26745,125.0,0.2674,480.0,0.2678,125.0,0.26781,86.0
1753520818971,09:06:58.971,ALGO/USDT:USDT,0.26746,125.0,0.2674,480.0,0.2678,125.0,0.26781,86.0
1753520819003,09:06:59.003,ALGO/USDT:USDT,0.26746,125.0,0.2674,480.0,0.2678,125.0,0.26781,86.0
1753520819166,09:06:59.166,ALGO/USDT:USDT,0.26747,126.0,0.26746,125.0,0.2678,125.0,0.26781,86.0
1753520819209,09:06:59.209,ALGO/USDT:USDT,0.26748,126.0,0.26747,108.0,0.2678,125.0,0.26781,86.0
1753520819400,09:06:59.400,ALGO/USDT:USDT,0.26748,249.0,0.26747,108.0,0.2678,125.0,0.26781,86.0
1753520819429,09:06:59.429,ALGO/USDT:USDT,0.2675,126.0,0.26749,126.0,0.2678,125.0,0.26781,86.0
1753520819569,09:06:59.569,ALGO/USDT:USDT,0.26751,126.0,0.26749,126.0,0.2678,125.0,0.26781,86.0
1753520819612,09:06:59.612,ALGO/USDT:USDT,0.26751,126.0,0.26749,126.0,0.2678,125.0,0.26781,86.0
1753520819708,09:06:59.708,ALGO/USDT:USDT,0.26751,35.0,0.26749,126.0,0.2678,125.0,0.26781,86.0
1753520819887,09:06:59.887,ALGO/USDT:USDT,0.26752,128.0,0.26749,126.0,0.26779,127.0,0.2678,1.0
1753520819905,09:06:59.905,ALGO/USDT:USDT,0.26753,126.0,0.26752,2.0,0.26778,126.0,0.26779,1.0
1753520820007,09:07:00.007,ALGO/USDT:USDT,0.26753,126.0,0.26752,2.0,0.26778,126.0,0.26779,1.0
1753520820177,09:07:00.177,ALGO/USDT:USDT,0.26753,126.0,0.26752,2.0,0.26778,126.0,0.26779,1.0
1753520820428,09:07:00.428,ALGO/USDT:USDT,0.26753,126.0,0.26752,2.0,0.26778,126.0,0.26779,1.0
1753520820747,09:07:00.747,ALGO/USDT:USDT,0.26753,126.0,0.26752,2.0,0.26778,126.0,0.26779,1.0
1753520821124,09:07:01.124,ALGO/USDT:USDT,0.26753,126.0,0.26752,2.0,0.26778,126.0,0.26779,1.0
1753520821252,09:07:01.252,ALGO/USDT:USDT,0.26753,126.0,0.26752,2.0,0.26778,126.0,0.26779,1.0
1753520821614,09:07:01.614,ALGO/USDT:USDT,0.26753,126.0,0.26752,1.0,0.26778,126.0,0.26779,1.0
1753520821788,09:07:01.788,ALGO/USDT:USDT,0.26753,126.0,0.26752,1.0,0.26778,126.0,0.26779,1.0
1753520822264,09:07:02.264,ALGO/USDT:USDT,0.26753,126.0,0.26752,1.0,0.26778,126.0,0.26779,1.0
1753520822324,09:07:02.324,ALGO/USDT:USDT,0.26753,126.0,0.26752,1.0,0.26778,126.0,0.26779,1.0
1753520822486,09:07:02.486,ALGO/USDT:USDT,0.26749,126.0,0.26747,108.0,0.26771,126.0,0.26772,1.0
1753520822597,09:07:02.597,ALGO/USDT:USDT,0.26749,126.0,0.26747,108.0,0.26771,126.0,0.26772,1.0
1753520822615,09:07:02.615,ALGO/USDT:USDT,0.26749,126.0,0.26747,108.0,0.26771,126.0,0.26772,1.0
1753520822790,09:07:02.790,ALGO/USDT:USDT,0.26749,126.0,0.26747,108.0,0.26771,126.0,0.26772,1.0
1753520822890,09:07:02.890,ALGO/USDT:USDT,0.2675,126.0,0.26749,2.0,0.26771,126.0,0.26772,1.0
1753520823345,09:07:03.345,ALGO/USDT:USDT,0.2675,126.0,0.26749,2.0,0.26771,126.0,0.26772,1.0
1753520823404,09:07:03.404,ALGO/USDT:USDT,0.2675,126.0,0.26749,2.0,0.26771,126.0,0.26772,1.0
1753520823588,09:07:03.588,ALGO/USDT:USDT,0.2675,126.0,0.26749,2.0,0.26771,126.0,0.26772,1.0
1753520823730,09:07:03.730,ALGO/USDT:USDT,0.2675,126.0,0.26749,2.0,0.26771,126.0,0.26772,1.0
1753520825001,09:07:05.001,ALGO/USDT:USDT,0.2675,126.0,0.26749,2.0,0.26771,126.0,0.26772,1.0
1753520825130,09:07:05.130,ALGO/USDT:USDT,0.26751,126.0,0.26749,2.0,0.26771,126.0,0.26772,1.0
1753520825270,09:07:05.270,ALGO/USDT:USDT,0.26752,126.0,0.26749,2.0,0.26771,126.0,0.26772,1.0
1753520825359,09:07:05.359,ALGO/USDT:USDT,0.26752,126.0,0.26749,2.0,0.26771,126.0,0.26772,1.0
1753520825456,09:07:05.456,ALGO/USDT:USDT,0.26752,126.0,0.26749,2.0,0.26771,126.0,0.26772,1.0
1753520825735,09:07:05.735,ALGO/USDT:USDT,0.26752,126.0,0.26749,2.0,0.26771,126.0,0.26772,1.0
1753520826005,09:07:06.005,ALGO/USDT:USDT,0.26752,126.0,0.26749,2.0,0.26771,126.0,0.26772,1.0
1753520826199,09:07:06.199,ALGO/USDT:USDT,0.26752,126.0,0.26749,2.0,0.26771,126.0,0.26772,1.0
1753520826216,09:07:06.216,ALGO/USDT:USDT,0.26752,126.0,0.26749,2.0,0.26771,126.0,0.26772,1.0
1753520826570,09:07:06.570,ALGO/USDT:USDT,0.26752,126.0,0.26749,2.0,0.26771,126.0,0.26772,1.0
1753520827264,09:07:07.264,ALGO/USDT:USDT,0.26752,126.0,0.26749,2.0,0.26771,126.0,0.26772,1.0
1753520827304,09:07:07.304,ALGO/USDT:USDT,0.26752,126.0,0.26749,2.0,0.26771,126.0,0.26772,1.0
1753520827415,09:07:07.415,ALGO/USDT:USDT,0.26752,126.0,0.26749,2.0,0.26771,126.0,0.26772,1.0
1753520827721,09:07:07.721,ALGO/USDT:USDT,0.26752,126.0,0.26749,2.0,0.26771,126.0,0.26772,1.0
1753520827983,09:07:07.983,ALGO/USDT:USDT,0.26752,126.0,0.26749,2.0,0.26771,126.0,0.26772,1.0
1753520828123,09:07:08.123,ALGO/USDT:USDT,0.26752,126.0,0.26749,2.0,0.26771,126.0,0.26772,1.0
1753520828300,09:07:08.300,ALGO/USDT:USDT,0.26752,126.0,0.26749,2.0,0.26771,126.0,0.26772,1.0
1753520828607,09:07:08.607,ALGO/USDT:USDT,0.26752,126.0,0.26749,2.0,0.26771,126.0,0.26772,1.0
1753520828791,09:07:08.791,ALGO/USDT:USDT,0.26752,126.0,0.26749,2.0,0.26771,126.0,0.26772,1.0
1753520829327,09:07:09.327,ALGO/USDT:USDT,0.26752,126.0,0.26749,2.0,0.26771,126.0,0.26772,1.0
1753520829486,09:07:09.486,ALGO/USDT:USDT,0.26752,126.0,0.26749,2.0,0.26771,126.0,0.26772,1.0
1753520829724,09:07:09.724,ALGO/USDT:USDT,0.26752,126.0,0.26749,2.0,0.26771,126.0,0.26772,1.0
1753520830478,09:07:10.478,ALGO/USDT:USDT,0.26752,126.0,0.26749,2.0,0.26771,126.0,0.26772,1.0
1753520831773,09:07:11.773,ALGO/USDT:USDT,0.26752,126.0,0.26749,2.0,0.26771,126.0,0.26772,1.0
1753520831809,09:07:11.809,ALGO/USDT:USDT,0.26752,126.0,0.26749,1.0,0.26771,126.0,0.26772,1.0
1753520832960,09:07:12.960,ALGO/USDT:USDT,0.26752,126.0,0.26747,110.0,0.26771,126.0,0.26772,1.0
1753520833148,09:07:13.148,ALGO/USDT:USDT,0.26752,126.0,0.26747,110.0,0.26771,126.0,0.26772,1.0
1753520833565,09:07:13.565,ALGO/USDT:USDT,0.26752,126.0,0.26747,110.0,0.26771,126.0,0.26772,1.0
1753520833629,09:07:13.629,ALGO/USDT:USDT,0.26752,126.0,0.26747,110.0,0.26771,126.0,0.26772,1.0
1753520834031,09:07:14.031,ALGO/USDT:USDT,0.26752,126.0,0.26747,110.0,0.26771,126.0,0.26772,1.0
1753520834124,09:07:14.124,ALGO/USDT:USDT,0.26752,126.0,0.26747,110.0,0.26771,126.0,0.26772,1.0
1753520834337,09:07:14.337,ALGO/USDT:USDT,0.26752,126.0,0.26747,110.0,0.26771,126.0,0.26772,1.0
1753520834496,09:07:14.496,ALGO/USDT:USDT,0.26746,125.0,0.26745,111.0,0.26771,126.0,0.26772,1.0
1753520834504,09:07:14.504,ALGO/USDT:USDT,0.26746,125.0,0.26745,111.0,0.26771,126.0,0.26772,1.0
1753520834631,09:07:14.631,ALGO/USDT:USDT,0.26746,125.0,0.26745,111.0,0.26771,126.0,0.26772,1.0
1753520834742,09:07:14.742,ALGO/USDT:USDT,0.26746,125.0,0.26745,111.0,0.26771,126.0,0.26772,1.0
1753520834994,09:07:14.994,ALGO/USDT:USDT,0.26746,125.0,0.26745,111.0,0.26771,126.0,0.26772,1.0
1753520835337,09:07:15.337,ALGO/USDT:USDT,0.26746,125.0,0.26745,111.0,0.26771,126.0,0.26772,1.0
1753520835560,09:07:15.560,ALGO/USDT:USDT,0.26746,125.0,0.26745,111.0,0.26771,126.0,0.26772,1.0
1753520835687,09:07:15.687,ALGO/USDT:USDT,0.26746,125.0,0.26745,111.0,0.26771,126.0,0.26772,1.0
1753520836180,09:07:16.180,ALGO/USDT:USDT,0.26746,125.0,0.26745,111.0,0.26771,126.0,0.26772,1.0
1753520836606,09:07:16.606,ALGO/USDT:USDT,0.26746,125.0,0.26745,111.0,0.26771,126.0,0.26772,1.0
1753520836704,09:07:16.704,ALGO/USDT:USDT,0.26746,125.0,0.26745,111.0,0.26771,126.0,0.26772,1.0
1753520837099,09:07:17.099,ALGO/USDT:USDT,0.26746,125.0,0.26745,111.0,0.26771,126.0,0.26772,1.0
1753520837189,09:07:17.189,ALGO/USDT:USDT,0.26746,125.0,0.2674,403.0,0.26771,260.0,0.26772,448.0
1753520837263,09:07:17.263,ALGO/USDT:USDT,0.26746,125.0,0.2674,403.0,0.2677,122.0,0.26771,260.0
1753520837374,09:07:17.374,ALGO/USDT:USDT,0.26746,125.0,0.2674,403.0,0.2677,122.0,0.26771,134.0
1753520837582,09:07:17.582,ALGO/USDT:USDT,0.26746,125.0,0.2674,403.0,0.2677,122.0,0.26771,134.0
1753520837697,09:07:17.697,ALGO/USDT:USDT,0.26746,125.0,0.2674,403.0,0.2677,122.0,0.26771,134.0
1753520837723,09:07:17.723,ALGO/USDT:USDT,0.26746,125.0,0.2674,403.0,0.2677,122.0,0.26771,134.0
1753520837808,09:07:17.808,ALGO/USDT:USDT,0.26746,125.0,0.26743,112.0,0.2677,122.0,0.26771,134.0
1753520838015,09:07:18.015,ALGO/USDT:USDT,0.26746,125.0,0.26743,112.0,0.2677,122.0,0.26771,134.0
1753520838316,09:07:18.316,ALGO/USDT:USDT,0.26746,125.0,0.26743,112.0,0.2677,122.0,0.26771,134.0
1753520838444,09:07:18.444,ALGO/USDT:USDT,0.26746,125.0,0.26743,112.0,0.2677,122.0,0.26771,134.0
1753520838705,09:07:18.705,ALGO/USDT:USDT,0.26746,125.0,0.26743,112.0,0.2677,122.0,0.26771,134.0
1753520838847,09:07:18.847,ALGO/USDT:USDT,0.26746,125.0,0.26743,112.0,0.2677,122.0,0.26771,134.0
1753520839025,09:07:19.025,ALGO/USDT:USDT,0.26746,125.0,0.26743,112.0,0.2677,122.0,0.26771,134.0
1753520839285,09:07:19.285,ALGO/USDT:USDT,0.26746,125.0,0.26743,112.0,0.2677,122.0,0.26771,134.0
1753520839601,09:07:19.601,ALGO/USDT:USDT,0.26742,125.0,0.2674,403.0,0.2677,122.0,0.26771,134.0
1753520839604,09:07:19.604,ALGO/USDT:USDT,0.26742,125.0,0.2674,403.0,0.2677,122.0,0.26771,134.0
1753520839801,09:07:19.801,ALGO/USDT:USDT,0.26742,125.0,0.2674,403.0,0.2677,122.0,0.26771,134.0
1753520839820,09:07:19.820,ALGO/USDT:USDT,0.26742,125.0,0.26739,1469.0,0.2677,122.0,0.26771,134.0
1753520839945,09:07:19.945,ALGO/USDT:USDT,0.26742,125.0,0.26739,1469.0,0.2677,122.0,0.26771,134.0
1753520840008,09:07:20.008,ALGO/USDT:USDT,0.26742,125.0,0.26739,1469.0,0.2677,122.0,0.26771,134.0
1753520840261,09:07:20.261,ALGO/USDT:USDT,0.26742,125.0,0.26739,1469.0,0.2677,122.0,0.26771,134.0
1753520840330,09:07:20.330,ALGO/USDT:USDT,0.26742,125.0,0.26739,1469.0,0.2677,122.0,0.26771,134.0
1753520840576,09:07:20.576,ALGO/USDT:USDT,0.26742,125.0,0.26739,1469.0,0.2677,122.0,0.26771,134.0
1753520840767,09:07:20.767,ALGO/USDT:USDT,0.26735,125.0,0.26731,394.0,0.2677,122.0,0.26771,134.0
1753520840886,09:07:20.886,ALGO/USDT:USDT,0.26735,125.0,0.26731,394.0,0.2677,122.0,0.26771,134.0
1753520840904,09:07:20.904,ALGO/USDT:USDT,0.26735,125.0,0.26731,394.0,0.2677,122.0,0.26771,134.0
1753520841350,09:07:21.350,ALGO/USDT:USDT,0.26735,125.0,0.26731,394.0,0.2677,122.0,0.26771,134.0
1753520841655,09:07:21.655,ALGO/USDT:USDT,0.26735,125.0,0.26731,394.0,0.2677,122.0,0.26771,134.0
1753520841789,09:07:21.789,ALGO/USDT:USDT,0.26736,125.0,0.26735,236.0,0.2677,122.0,0.26771,134.0
1753520841894,09:07:21.894,ALGO/USDT:USDT,0.26736,125.0,0.26735,111.0,0.2677,122.0,0.26771,134.0
1753520842094,09:07:22.094,ALGO/USDT:USDT,0.26736,125.0,0.26735,111.0,0.2677,122.0,0.26771,134.0
1753520842127,09:07:22.127,ALGO/USDT:USDT,0.26736,125.0,0.26735,111.0,0.2677,122.0,0.26771,134.0
1753520842309,09:07:22.309,ALGO/USDT:USDT,0.26736,125.0,0.26735,111.0,0.2677,122.0,0.26771,134.0
1753520842485,09:07:22.485,ALGO/USDT:USDT,0.26736,125.0,0.26735,111.0,0.2677,122.0,0.26771,134.0
1753520842539,09:07:22.539,ALGO/USDT:USDT,0.26736,125.0,0.26735,111.0,0.2677,122.0,0.26771,134.0
1753520842604,09:07:22.604,ALGO/USDT:USDT,0.26736,125.0,0.26735,111.0,0.2677,122.0,0.26771,134.0
1753520842810,09:07:22.810,ALGO/USDT:USDT,0.26736,125.0,0.26735,111.0,0.2677,122.0,0.26771,134.0
1753520845132,09:07:25.132,ALGO/USDT:USDT,0.26736,125.0,0.26735,111.0,0.2677,122.0,0.26771,134.0
1753520845981,09:07:25.981,ALGO/USDT:USDT,0.26736,125.0,0.26735,111.0,0.2677,122.0,0.26771,134.0
1753520846004,09:07:26.004,ALGO/USDT:USDT,0.26736,125.0,0.26735,111.0,0.2677,122.0,0.26771,134.0
1753520846141,09:07:26.141,ALGO/USDT:USDT,0.26736,125.0,0.26735,111.0,0.2677,122.0,0.26771,134.0
1753520846301,09:07:26.301,ALGO/USDT:USDT,0.26736,125.0,0.26735,111.0,0.26769,287.0,0.2677,122.0
1753520846330,09:07:26.330,ALGO/USDT:USDT,0.26736,125.0,0.26735,111.0,0.26767,125.0,0.26768,86.0
1753520846544,09:07:26.544,ALGO/USDT:USDT,0.26736,125.0,0.26735,111.0,0.26767,125.0,0.26768,86.0
1753520846689,09:07:26.689,ALGO/USDT:USDT,0.26736,125.0,0.26735,111.0,0.26767,125.0,0.26768,86.0
1753520847150,09:07:27.150,ALGO/USDT:USDT,0.26736,125.0,0.26735,111.0,0.26767,125.0,0.26768,86.0
1753520847322,09:07:27.322,ALGO/USDT:USDT,0.26736,125.0,0.26735,111.0,0.26767,125.0,0.26768,86.0
1753520847411,09:07:27.411,ALGO/USDT:USDT,0.26736,125.0,0.26735,111.0,0.26767,125.0,0.26768,86.0
1753520847718,09:07:27.718,ALGO/USDT:USDT,0.26736,125.0,0.26735,111.0,0.26767,125.0,0.26768,86.0
1753520848177,09:07:28.177,ALGO/USDT:USDT,0.26736,125.0,0.26735,111.0,0.26767,125.0,0.26768,86.0
1753520849462,09:07:29.462,ALGO/USDT:USDT,0.26736,125.0,0.26735,111.0,0.26767,125.0,0.26768,86.0
1753520849504,09:07:29.504,ALGO/USDT:USDT,0.26736,125.0,0.26735,111.0,0.26767,125.0,0.26768,86.0
1753520850906,09:07:30.906,ALGO/USDT:USDT,0.26736,125.0,0.26735,111.0,0.26767,125.0,0.26768,86.0
1753520851183,09:07:31.183,ALGO/USDT:USDT,0.26736,125.0,0.26735,111.0,0.26767,125.0,0.26768,86.0
1753520851210,09:07:31.210,ALGO/USDT:USDT,0.26736,125.0,0.26735,111.0,0.26767,125.0,0.26768,86.0
1753520851456,09:07:31.456,ALGO/USDT:USDT,0.26736,125.0,0.26735,111.0,0.26766,122.0,0.26767,114.0
1753520851584,09:07:31.584,ALGO/USDT:USDT,0.26736,125.0,0.26735,111.0,0.26766,122.0,0.26767,114.0
1753520851822,09:07:31.822,ALGO/USDT:USDT,0.26736,125.0,0.26735,111.0,0.26766,122.0,0.26767,114.0
1753520852137,09:07:32.137,ALGO/USDT:USDT,0.26736,125.0,0.26735,111.0,0.26766,122.0,0.26767,114.0
1753520852216,09:07:32.216,ALGO/USDT:USDT,0.26736,125.0,0.26735,111.0,0.26766,122.0,0.26767,114.0
1753520852320,09:07:32.320,ALGO/USDT:USDT,0.26736,125.0,0.26735,111.0,0.26766,122.0,0.26767,114.0
1753520852445,09:07:32.445,ALGO/USDT:USDT,0.26736,125.0,0.26735,111.0,0.26766,122.0,0.26767,114.0
1753520852652,09:07:32.652,ALGO/USDT:USDT,0.26736,125.0,0.26735,111.0,0.26766,122.0,0.26767,114.0
1753520852786,09:07:32.786,ALGO/USDT:USDT,0.26736,125.0,0.26735,111.0,0.26766,122.0,0.26767,114.0
1753520852959,09:07:32.959,ALGO/USDT:USDT,0.26736,125.0,0.26735,111.0,0.26766,122.0,0.26767,114.0
1753520853167,09:07:33.167,ALGO/USDT:USDT,0.26736,125.0,0.26735,111.0,0.26766,122.0,0.26767,114.0
1753520853238,09:07:33.238,ALGO/USDT:USDT,0.26736,125.0,0.26735,111.0,0.26766,122.0,0.26767,114.0
1753520853400,09:07:33.400,ALGO/USDT:USDT,0.26738,122.0,0.26736,125.0,0.26766,122.0,0.26767,114.0
1753520853490,09:07:33.490,ALGO/USDT:USDT,0.2674,122.0,0.26739,89.0,0.26766,122.0,0.26767,114.0
1753520853504,09:07:33.504,ALGO/USDT:USDT,0.2674,122.0,0.26738,122.0,0.26766,122.0,0.26767,114.0
1753520853692,09:07:33.692,ALGO/USDT:USDT,0.26744,122.0,0.26743,123.0,0.26766,122.0,0.26767,115.0
1753520853797,09:07:33.797,ALGO/USDT:USDT,0.26744,122.0,0.26743,123.0,0.26766,122.0,0.26767,115.0
1753520853888,09:07:33.888,ALGO/USDT:USDT,0.26744,122.0,0.26743,1.0,0.26765,122.0,0.26766,1.0
1753520853967,09:07:33.967,ALGO/USDT:USDT,0.26744,122.0,0.26743,1.0,0.26765,122.0,0.26766,1.0
1753520854105,09:07:34.105,ALGO/USDT:USDT,0.26744,122.0,0.26743,1.0,0.26765,122.0,0.26766,1.0
1753520854342,09:07:34.342,ALGO/USDT:USDT,0.26744,122.0,0.26743,1.0,0.26765,122.0,0.26766,1.0
1753520854641,09:07:34.641,ALGO/USDT:USDT,0.26744,122.0,0.26743,1.0,0.26765,122.0,0.26766,1.0
