timestamp,time,symbol,bid1_price,bid1_volume,bid2_price,bid2_volume,ask1_price,ask1_volume,ask2_price,ask2_volume
1753531553429,12:05:53.429,AGT/USDT:USDT,0.005699,200.0,0.005698,200.0,0.005709,1600.0,0.005711,17.0
1753531553512,12:05:53.512,AGT/USDT:USDT,0.005699,200.0,0.005698,200.0,0.005709,1600.0,0.005711,17.0
1753531553614,12:05:53.614,AGT/USDT:USDT,0.005699,200.0,0.005698,200.0,0.005709,1600.0,0.005711,17.0
1753531554038,12:05:54.038,AGT/USDT:USDT,0.005701,674.0,0.005698,200.0,0.005709,1600.0,0.005711,17.0
1753531554234,12:05:54.234,AGT/USDT:USDT,0.005701,674.0,0.005698,200.0,0.005709,1600.0,0.005711,17.0
1753531555188,12:05:55.188,AGT/USDT:USDT,0.005701,674.0,0.005698,200.0,0.005709,1600.0,0.005711,17.0
1753531555245,12:05:55.245,AGT/USDT:USDT,0.005698,200.0,0.005697,874.0,0.005709,1600.0,0.005711,17.0
1753531555353,12:05:55.353,AGT/USDT:USDT,0.005698,200.0,0.005697,874.0,0.005709,1600.0,0.005711,17.0
1753531555969,12:05:55.969,AGT/USDT:USDT,0.005698,200.0,0.005697,874.0,0.005709,1600.0,0.005711,17.0
1753531556066,12:05:56.066,AGT/USDT:USDT,0.005698,200.0,0.005697,874.0,0.005709,1600.0,0.005711,17.0
1753531556989,12:05:56.989,AGT/USDT:USDT,0.005698,200.0,0.005697,874.0,0.005709,1600.0,0.005711,17.0
1753531557302,12:05:57.302,AGT/USDT:USDT,0.005698,200.0,0.005697,874.0,0.005709,1600.0,0.005711,17.0
1753531557574,12:05:57.574,AGT/USDT:USDT,0.005697,674.0,0.005693,209.0,0.005705,1600.0,0.005706,1037.0
1753531557924,12:05:57.924,AGT/USDT:USDT,0.005697,674.0,0.005693,209.0,0.005705,1600.0,0.005706,1037.0
1753531558062,12:05:58.062,AGT/USDT:USDT,0.005697,830.0,0.005693,1571.0,0.005705,1600.0,0.005706,1037.0
1753531558141,12:05:58.141,AGT/USDT:USDT,0.005697,830.0,0.005693,1571.0,0.005705,238.0,0.005708,17.0
1753531558297,12:05:58.297,AGT/USDT:USDT,0.005697,830.0,0.005693,209.0,0.005705,238.0,0.005709,1362.0
1753531558300,12:05:58.300,AGT/USDT:USDT,0.005697,830.0,0.005693,209.0,0.005705,238.0,0.005709,1362.0
1753531558804,12:05:58.804,AGT/USDT:USDT,0.005697,830.0,0.005693,209.0,0.005705,238.0,0.005709,1362.0
1753531559188,12:05:59.188,AGT/USDT:USDT,0.005697,830.0,0.005694,200.0,0.005705,238.0,0.005709,1362.0
1753531560199,12:06:00.199,AGT/USDT:USDT,0.005697,830.0,0.005694,200.0,0.005705,238.0,0.005709,1362.0
1753531560451,12:06:00.451,AGT/USDT:USDT,0.005697,674.0,0.005694,200.0,0.005704,1362.0,0.005705,238.0
1753531560618,12:06:00.618,AGT/USDT:USDT,0.005697,674.0,0.005694,200.0,0.005704,1674.0,0.005705,238.0
1753531560756,12:06:00.756,AGT/USDT:USDT,0.005697,769.0,0.005694,200.0,0.005704,1674.0,0.005705,238.0
1753531560855,12:06:00.855,AGT/USDT:USDT,0.005697,457.0,0.005694,200.0,0.005704,1362.0,0.005705,238.0
1753531560969,12:06:00.969,AGT/USDT:USDT,0.005697,457.0,0.005694,200.0,0.005703,255.0,0.005704,1362.0
1753531561048,12:06:01.048,AGT/USDT:USDT,0.005697,457.0,0.005694,200.0,0.005703,255.0,0.005704,1362.0
1753531561165,12:06:01.165,AGT/USDT:USDT,0.005697,457.0,0.005694,200.0,0.005703,255.0,0.005704,1362.0
1753531561214,12:06:01.214,AGT/USDT:USDT,0.005697,457.0,0.005694,200.0,0.005703,255.0,0.005704,1362.0
1753531561318,12:06:01.318,AGT/USDT:USDT,0.005697,457.0,0.005694,200.0,0.005703,255.0,0.005704,1362.0
1753531561470,12:06:01.470,AGT/USDT:USDT,0.005697,552.0,0.005694,200.0,0.005703,255.0,0.005704,1362.0
1753531562225,12:06:02.225,AGT/USDT:USDT,0.005697,552.0,0.005694,200.0,0.005705,1362.0,0.005708,17.0
1753531562369,12:06:02.369,AGT/USDT:USDT,0.005697,552.0,0.005694,200.0,0.005704,255.0,0.005705,1362.0
1753531562766,12:06:02.766,AGT/USDT:USDT,0.005697,552.0,0.005694,200.0,0.005704,255.0,0.005705,1362.0
1753531563020,12:06:03.020,AGT/USDT:USDT,0.005697,552.0,0.005694,200.0,0.005704,136.0,0.005705,1362.0
1753531563564,12:06:03.564,AGT/USDT:USDT,0.005697,552.0,0.005694,200.0,0.005704,136.0,0.005705,1362.0
1753531563996,12:06:03.996,AGT/USDT:USDT,0.005697,552.0,0.005694,200.0,0.005704,136.0,0.005705,1362.0
1753531564132,12:06:04.132,AGT/USDT:USDT,0.005697,752.0,0.005694,200.0,0.005704,136.0,0.005705,1362.0
1753531565022,12:06:05.022,AGT/USDT:USDT,0.005697,752.0,0.005694,200.0,0.005704,136.0,0.005705,1362.0
1753531565243,12:06:05.243,AGT/USDT:USDT,0.005697,752.0,0.005694,200.0,0.005704,136.0,0.005705,1362.0
1753531566104,12:06:06.104,AGT/USDT:USDT,0.005697,552.0,0.005694,200.0,0.005704,136.0,0.005705,1362.0
1753531566460,12:06:06.460,AGT/USDT:USDT,0.005697,552.0,0.005694,200.0,0.005704,136.0,0.005705,1362.0
1753531566907,12:06:06.907,AGT/USDT:USDT,0.005697,552.0,0.005694,200.0,0.005704,136.0,0.005705,1362.0
1753531567886,12:06:07.886,AGT/USDT:USDT,0.005697,552.0,0.005694,200.0,0.005704,17.0,0.005709,1362.0
1753531568103,12:06:08.103,AGT/USDT:USDT,0.005697,752.0,0.005694,200.0,0.005708,17.0,0.005709,1362.0
1753531568902,12:06:08.902,AGT/USDT:USDT,0.005697,752.0,0.005694,200.0,0.005708,17.0,0.005709,1362.0
1753531569324,12:06:09.324,AGT/USDT:USDT,0.005697,752.0,0.005694,200.0,0.005708,17.0,0.005709,1362.0
1753531570068,12:06:10.068,AGT/USDT:USDT,0.005697,752.0,0.005694,200.0,0.005708,17.0,0.005709,1362.0
1753531571702,12:06:11.702,AGT/USDT:USDT,0.005697,752.0,0.005694,200.0,0.005708,17.0,0.005709,1362.0
1753531572043,12:06:12.043,AGT/USDT:USDT,0.005697,752.0,0.005694,200.0,0.005708,217.0,0.005709,1362.0
1753531572965,12:06:12.965,AGT/USDT:USDT,0.005697,752.0,0.005694,200.0,0.005708,217.0,0.005709,1362.0
1753531574020,12:06:14.020,AGT/USDT:USDT,0.005697,752.0,0.005694,200.0,0.005708,217.0,0.005709,1362.0
1753531574334,12:06:14.334,AGT/USDT:USDT,0.005697,752.0,0.005694,200.0,0.005708,217.0,0.005709,1362.0
1753531575988,12:06:15.988,AGT/USDT:USDT,0.005697,552.0,0.005694,200.0,0.005708,217.0,0.005709,1362.0
1753531575998,12:06:15.998,AGT/USDT:USDT,0.005697,752.0,0.005694,200.0,0.005708,217.0,0.005709,1362.0
1753531576506,12:06:16.506,AGT/USDT:USDT,0.005697,752.0,0.005694,200.0,0.005708,217.0,0.005709,1362.0
1753531577976,12:06:17.976,AGT/USDT:USDT,0.005697,752.0,0.005694,200.0,0.005708,217.0,0.005709,1362.0
1753531578965,12:06:18.965,AGT/USDT:USDT,0.005697,752.0,0.005694,200.0,0.005707,200.0,0.005708,455.0
1753531579021,12:06:19.021,AGT/USDT:USDT,0.005697,752.0,0.005694,200.0,0.005706,217.0,0.005707,200.0
1753531579410,12:06:19.410,AGT/USDT:USDT,0.005697,752.0,0.005694,200.0,0.005706,217.0,0.005707,200.0
1753531579839,12:06:19.839,AGT/USDT:USDT,0.005697,752.0,0.005694,200.0,0.005706,217.0,0.005707,200.0
1753531580942,12:06:20.942,AGT/USDT:USDT,0.005697,752.0,0.005694,200.0,0.005706,217.0,0.005707,200.0
1753531581304,12:06:21.304,AGT/USDT:USDT,0.005697,752.0,0.005694,200.0,0.005706,217.0,0.005707,200.0
1753531582920,12:06:22.920,AGT/USDT:USDT,0.005697,752.0,0.005694,200.0,0.005706,217.0,0.005707,200.0
1753531583267,12:06:23.267,AGT/USDT:USDT,0.005697,752.0,0.005694,200.0,0.005706,217.0,0.005707,200.0
1753531583916,12:06:23.916,AGT/USDT:USDT,0.005697,752.0,0.005694,200.0,0.005706,217.0,0.005708,200.0
1753531584898,12:06:24.898,AGT/USDT:USDT,0.005697,752.0,0.005694,200.0,0.005706,17.0,0.005708,200.0
1753531585911,12:06:25.911,AGT/USDT:USDT,0.005697,752.0,0.005694,200.0,0.005705,217.0,0.005708,200.0
1753531586103,12:06:26.103,AGT/USDT:USDT,0.005697,752.0,0.005694,200.0,0.005705,217.0,0.005708,200.0
1753531586335,12:06:26.335,AGT/USDT:USDT,0.005697,752.0,0.005694,200.0,0.005705,217.0,0.005708,200.0
1753531586896,12:06:26.896,AGT/USDT:USDT,0.005697,752.0,0.005694,200.0,0.005705,217.0,0.005708,200.0
1753531587349,12:06:27.349,AGT/USDT:USDT,0.005697,752.0,0.005694,200.0,0.005705,217.0,0.005708,200.0
1753531588854,12:06:28.854,AGT/USDT:USDT,0.005697,752.0,0.005694,200.0,0.005705,217.0,0.005708,200.0
1753531590834,12:06:30.834,AGT/USDT:USDT,0.005697,752.0,0.005694,200.0,0.005705,217.0,0.005708,200.0
1753531590923,12:06:30.923,AGT/USDT:USDT,0.005697,552.0,0.005694,200.0,0.005705,217.0,0.005708,200.0
1753531592222,12:06:32.222,AGT/USDT:USDT,0.005697,552.0,0.005694,200.0,0.005705,217.0,0.005708,200.0
1753531592809,12:06:32.809,AGT/USDT:USDT,0.005697,552.0,0.005694,200.0,0.005705,217.0,0.005708,200.0
1753531594163,12:06:34.163,AGT/USDT:USDT,0.005696,782.0,0.005694,200.0,0.005703,438.0,0.005704,1562.0
1753531596298,12:06:36.298,AGT/USDT:USDT,0.0057,890.0,0.005697,200.0,0.005707,336.0,0.005708,200.0
1753531596346,12:06:36.346,AGT/USDT:USDT,0.0057,890.0,0.005697,200.0,0.005707,336.0,0.005708,200.0
1753531596406,12:06:36.406,AGT/USDT:USDT,0.0057,890.0,0.005697,200.0,0.005707,336.0,0.005708,200.0
1753531596971,12:06:36.971,AGT/USDT:USDT,0.0057,782.0,0.005697,200.0,0.005707,136.0,0.005708,200.0
1753531597045,12:06:37.045,AGT/USDT:USDT,0.0057,782.0,0.005697,200.0,0.005707,136.0,0.005708,200.0
1753531597153,12:06:37.153,AGT/USDT:USDT,0.0057,890.0,0.005697,200.0,0.005707,136.0,0.005708,200.0
1753531597402,12:06:37.402,AGT/USDT:USDT,0.0057,890.0,0.005697,200.0,0.005707,136.0,0.005708,200.0
1753531600191,12:06:40.191,AGT/USDT:USDT,0.0057,890.0,0.005698,1037.0,0.005707,17.0,0.005708,200.0
1753531600278,12:06:40.278,AGT/USDT:USDT,0.005701,200.0,0.0057,890.0,0.005707,17.0,0.005711,200.0
1753531600504,12:06:40.504,AGT/USDT:USDT,0.005701,200.0,0.0057,890.0,0.00571,17.0,0.005711,200.0
1753531600720,12:06:40.720,AGT/USDT:USDT,0.005701,200.0,0.0057,890.0,0.00571,17.0,0.005711,200.0
1753531601050,12:06:41.050,AGT/USDT:USDT,0.005701,200.0,0.0057,890.0,0.00571,17.0,0.005711,200.0
1753531602698,12:06:42.698,AGT/USDT:USDT,0.005701,200.0,0.0057,890.0,0.00571,217.0,0.005711,200.0
1753531603080,12:06:43.080,AGT/USDT:USDT,0.005701,200.0,0.0057,890.0,0.00571,217.0,0.005711,200.0
1753531603902,12:06:43.902,AGT/USDT:USDT,0.005701,200.0,0.0057,890.0,0.00571,217.0,0.005711,200.0
1753531604675,12:06:44.675,AGT/USDT:USDT,0.005701,200.0,0.0057,890.0,0.00571,217.0,0.005711,200.0
1753531605304,12:06:45.304,AGT/USDT:USDT,0.005701,200.0,0.0057,890.0,0.00571,217.0,0.005711,200.0
1753531605987,12:06:45.987,AGT/USDT:USDT,0.005701,200.0,0.0057,890.0,0.00571,17.0,0.005711,200.0
1753531606319,12:06:46.319,AGT/USDT:USDT,0.005701,200.0,0.0057,890.0,0.00571,17.0,0.005711,200.0
1753531606653,12:06:46.653,AGT/USDT:USDT,0.005701,200.0,0.0057,890.0,0.00571,217.0,0.005711,200.0
1753531608111,12:06:48.111,AGT/USDT:USDT,0.005696,1090.0,0.005694,2249.0,0.005704,136.0,0.005705,200.0
1753531608630,12:06:48.630,AGT/USDT:USDT,0.005696,1090.0,0.005694,2249.0,0.005704,336.0,0.005705,200.0
1753531608917,12:06:48.917,AGT/USDT:USDT,0.005696,1090.0,0.005694,2249.0,0.005704,336.0,0.005705,200.0
1753531609006,12:06:49.006,AGT/USDT:USDT,0.005696,1090.0,0.005694,2249.0,0.005704,336.0,0.005705,200.0
1753531610104,12:06:50.104,AGT/USDT:USDT,0.005696,1090.0,0.005694,2249.0,0.005704,336.0,0.005705,200.0
1753531610597,12:06:50.597,AGT/USDT:USDT,0.005696,1090.0,0.005694,2249.0,0.005704,136.0,0.005705,200.0
1753531610608,12:06:50.608,AGT/USDT:USDT,0.005696,1090.0,0.005694,2249.0,0.005704,336.0,0.005705,200.0
1753531611312,12:06:51.312,AGT/USDT:USDT,0.005696,1090.0,0.005694,2249.0,0.005704,336.0,0.005705,200.0
1753531612586,12:06:52.586,AGT/USDT:USDT,0.005696,1090.0,0.005694,2249.0,0.005704,336.0,0.005705,200.0
1753531612904,12:06:52.904,AGT/USDT:USDT,0.005696,1090.0,0.005694,2249.0,0.005704,336.0,0.005705,200.0
1753531613389,12:06:53.389,AGT/USDT:USDT,0.005696,1090.0,0.005694,2249.0,0.005704,336.0,0.005705,200.0
1753531614564,12:06:54.564,AGT/USDT:USDT,0.005696,1090.0,0.005694,2249.0,0.005704,336.0,0.005705,200.0
1753531614985,12:06:54.985,AGT/USDT:USDT,0.005696,1090.0,0.005694,2249.0,0.005704,336.0,0.005705,200.0
1753531615409,12:06:55.409,AGT/USDT:USDT,0.005696,1090.0,0.005694,2249.0,0.005704,336.0,0.005705,200.0
1753531615987,12:06:55.987,AGT/USDT:USDT,0.005696,1090.0,0.005694,200.0,0.005704,336.0,0.005705,200.0
1753531616086,12:06:56.086,AGT/USDT:USDT,0.005696,3137.0,0.005694,200.0,0.005704,336.0,0.005705,200.0
1753531616531,12:06:56.531,AGT/USDT:USDT,0.005696,2937.0,0.005694,200.0,0.005704,136.0,0.005705,200.0
1753531617318,12:06:57.318,AGT/USDT:USDT,0.005696,2937.0,0.005694,200.0,0.005704,136.0,0.005705,200.0
1753531617533,12:06:57.533,AGT/USDT:USDT,0.005697,200.0,0.005696,2937.0,0.005704,136.0,0.005705,200.0
1753531617882,12:06:57.882,AGT/USDT:USDT,0.005697,200.0,0.005696,2937.0,0.005704,136.0,0.005705,200.0
1753531617921,12:06:57.921,AGT/USDT:USDT,0.005697,200.0,0.005696,2937.0,0.005704,136.0,0.005705,200.0
1753531619704,12:06:59.704,AGT/USDT:USDT,0.005697,200.0,0.005696,2937.0,0.005704,136.0,0.005705,200.0
1753531621485,12:07:01.485,AGT/USDT:USDT,0.005705,122.0,0.005704,777.0,0.005711,200.0,0.005712,438.0
1753531621607,12:07:01.607,AGT/USDT:USDT,0.005705,122.0,0.005704,777.0,0.005711,200.0,0.005712,319.0
1753531621993,12:07:01.993,AGT/USDT:USDT,0.005705,122.0,0.005704,777.0,0.005711,200.0,0.005712,319.0
1753531622474,12:07:02.474,AGT/USDT:USDT,0.005705,322.0,0.005704,777.0,0.005711,200.0,0.005712,319.0
1753531623585,12:07:03.585,AGT/USDT:USDT,0.005705,322.0,0.005704,777.0,0.005711,319.0,0.005712,319.0
1753531623923,12:07:03.923,AGT/USDT:USDT,0.005705,219.0,0.005704,777.0,0.005711,319.0,0.005712,319.0
1753531624025,12:07:04.025,AGT/USDT:USDT,0.005705,219.0,0.005704,777.0,0.005711,319.0,0.005712,319.0
1753531624635,12:07:04.635,AGT/USDT:USDT,0.005705,322.0,0.005704,777.0,0.005711,319.0,0.005712,319.0
1753531625305,12:07:05.305,AGT/USDT:USDT,0.005705,322.0,0.005704,777.0,0.005711,319.0,0.005712,319.0
1753531626401,12:07:06.401,AGT/USDT:USDT,0.005705,322.0,0.005704,777.0,0.005711,319.0,0.005712,319.0
1753531626921,12:07:06.921,AGT/USDT:USDT,0.005705,322.0,0.005704,777.0,0.005711,319.0,0.005712,319.0
1753531627278,12:07:07.278,AGT/USDT:USDT,0.005705,322.0,0.005704,777.0,0.005711,319.0,0.005712,319.0
1753531627652,12:07:07.652,AGT/USDT:USDT,0.005705,322.0,0.005704,777.0,0.005711,319.0,0.005712,319.0
1753531627701,12:07:07.701,AGT/USDT:USDT,0.005705,322.0,0.005704,777.0,0.005711,319.0,0.005712,319.0
1753531630106,12:07:10.106,AGT/USDT:USDT,0.005705,322.0,0.005704,777.0,0.005711,319.0,0.005712,319.0
1753531630491,12:07:10.491,AGT/USDT:USDT,0.005705,322.0,0.005704,777.0,0.005712,119.0,0.005713,1362.0
1753531630591,12:07:10.591,AGT/USDT:USDT,0.005705,322.0,0.005704,777.0,0.005712,119.0,0.005716,200.0
1753531630897,12:07:10.897,AGT/USDT:USDT,0.005705,322.0,0.005704,777.0,0.005712,119.0,0.005716,200.0
1753531630992,12:07:10.992,AGT/USDT:USDT,0.005705,322.0,0.005704,777.0,0.005712,119.0,0.005716,200.0
1753531631029,12:07:11.029,AGT/USDT:USDT,0.005705,322.0,0.005704,777.0,0.005716,200.0,0.005717,3608.0
1753531631111,12:07:11.111,AGT/USDT:USDT,0.005705,322.0,0.005704,777.0,0.005716,200.0,0.005717,3608.0
1753531631207,12:07:11.207,AGT/USDT:USDT,0.005705,322.0,0.005704,777.0,0.005716,200.0,0.005717,3608.0
1753531631374,12:07:11.374,AGT/USDT:USDT,0.005705,322.0,0.005704,777.0,0.005716,200.0,0.005717,3608.0
1753531632178,12:07:12.178,AGT/USDT:USDT,0.005705,322.0,0.005704,777.0,0.005716,200.0,0.005717,3608.0
1753531634097,12:07:14.097,AGT/USDT:USDT,0.005705,322.0,0.005704,777.0,0.005716,200.0,0.005717,3608.0
1753531634911,12:07:14.911,AGT/USDT:USDT,0.005705,322.0,0.005704,777.0,0.005716,200.0,0.005717,3608.0
1753531636241,12:07:16.241,AGT/USDT:USDT,0.005705,219.0,0.005702,200.0,0.005711,200.0,0.005712,438.0
1753531636348,12:07:16.348,AGT/USDT:USDT,0.005705,19.0,0.005702,2040.0,0.005711,200.0,0.005712,438.0
1753531636406,12:07:16.406,AGT/USDT:USDT,0.005703,19.0,0.005702,2040.0,0.005711,200.0,0.005712,438.0
1753531636617,12:07:16.617,AGT/USDT:USDT,0.005703,19.0,0.005702,2040.0,0.005711,200.0,0.005712,438.0
1753531637040,12:07:17.040,AGT/USDT:USDT,0.005703,19.0,0.005702,2040.0,0.005711,200.0,0.005712,438.0
1753531637297,12:07:17.297,AGT/USDT:USDT,0.005703,19.0,0.005702,2040.0,0.005711,200.0,0.005712,438.0
1753531637391,12:07:17.391,AGT/USDT:USDT,0.005703,19.0,0.005702,2040.0,0.005711,200.0,0.005712,438.0
1753531637460,12:07:17.460,AGT/USDT:USDT,0.005703,19.0,0.005702,2040.0,0.005711,200.0,0.005712,438.0
1753531638296,12:07:18.296,AGT/USDT:USDT,0.005703,19.0,0.005702,2040.0,0.005711,200.0,0.005712,438.0
1753531638302,12:07:18.302,AGT/USDT:USDT,0.005703,19.0,0.005702,2040.0,0.005711,200.0,0.005712,438.0
1753531638930,12:07:18.930,AGT/USDT:USDT,0.005703,19.0,0.005702,2040.0,0.005711,200.0,0.005712,1475.0
1753531639094,12:07:19.094,AGT/USDT:USDT,0.005703,19.0,0.0057,674.0,0.005711,200.0,0.005712,1475.0
1753531639105,12:07:19.105,AGT/USDT:USDT,0.005701,19.0,0.0057,674.0,0.005711,200.0,0.005712,1475.0
1753531639206,12:07:19.206,AGT/USDT:USDT,0.005701,19.0,0.0057,674.0,0.005711,200.0,0.005712,1475.0
1753531639307,12:07:19.307,AGT/USDT:USDT,0.005701,19.0,0.0057,674.0,0.005711,200.0,0.005712,1475.0
1753531639415,12:07:19.415,AGT/USDT:USDT,0.005701,225.0,0.0057,674.0,0.005708,319.0,0.005709,1362.0
1753531639511,12:07:19.511,AGT/USDT:USDT,0.005701,225.0,0.0057,674.0,0.005708,438.0,0.005709,1362.0
1753531639706,12:07:19.706,AGT/USDT:USDT,0.005701,225.0,0.0057,674.0,0.005708,438.0,0.005709,1362.0
1753531640129,12:07:20.129,AGT/USDT:USDT,0.005701,225.0,0.0057,674.0,0.005708,438.0,0.005709,1362.0
1753531640338,12:07:20.338,AGT/USDT:USDT,0.005701,225.0,0.0057,674.0,0.005708,438.0,0.005709,1362.0
1753531640763,12:07:20.763,AGT/USDT:USDT,0.005701,225.0,0.0057,674.0,0.005708,438.0,0.005709,1362.0
1753531641297,12:07:21.297,AGT/USDT:USDT,0.005701,225.0,0.0057,674.0,0.005708,438.0,0.005709,1362.0
1753531641387,12:07:21.387,AGT/USDT:USDT,0.005701,225.0,0.0057,674.0,0.005708,438.0,0.005709,1362.0
1753531641713,12:07:21.713,AGT/USDT:USDT,0.005701,225.0,0.0057,674.0,0.005708,438.0,0.005709,1362.0
1753531641934,12:07:21.934,AGT/USDT:USDT,0.005701,225.0,0.0057,674.0,0.005708,438.0,0.005709,1362.0
1753531642241,12:07:22.241,AGT/USDT:USDT,0.005701,225.0,0.0057,674.0,0.005708,438.0,0.005709,1362.0
1753531643394,12:07:23.394,AGT/USDT:USDT,0.005701,225.0,0.0057,674.0,0.005708,438.0,0.005709,1362.0
1753531644506,12:07:24.506,AGT/USDT:USDT,0.005701,225.0,0.0057,674.0,0.005708,438.0,0.005709,1362.0
1753531644931,12:07:24.931,AGT/USDT:USDT,0.005701,122.0,0.0057,674.0,0.005708,438.0,0.005709,1362.0
1753531645177,12:07:25.177,AGT/USDT:USDT,0.005701,1159.0,0.0057,674.0,0.005708,200.0,0.005711,200.0
1753531645241,12:07:25.241,AGT/USDT:USDT,0.005701,1047.0,0.0057,674.0,0.005712,200.0,0.005713,1362.0
1753531645360,12:07:25.360,AGT/USDT:USDT,0.005702,214.0,0.005701,200.0,0.005711,5.0,0.005712,200.0
1753531645621,12:07:25.621,AGT/USDT:USDT,0.005702,214.0,0.005701,200.0,0.005711,5.0,0.005712,200.0
1753531646056,12:07:26.056,AGT/USDT:USDT,0.005702,214.0,0.005701,200.0,0.005711,5.0,0.005712,200.0
1753531646155,12:07:26.155,AGT/USDT:USDT,0.005702,214.0,0.005701,200.0,0.005711,5.0,0.005712,200.0
1753531646207,12:07:26.207,AGT/USDT:USDT,0.005702,214.0,0.005701,200.0,0.005711,205.0,0.005712,200.0
1753531646391,12:07:26.391,AGT/USDT:USDT,0.005702,214.0,0.005701,200.0,0.005711,205.0,0.005712,1237.0
1753531647055,12:07:27.055,AGT/USDT:USDT,0.005702,214.0,0.005701,200.0,0.005711,205.0,0.005712,200.0
1753531647185,12:07:27.185,AGT/USDT:USDT,0.005702,14.0,0.005701,200.0,0.005711,205.0,0.005712,200.0
1753531647286,12:07:27.286,AGT/USDT:USDT,0.005702,14.0,0.005701,200.0,0.005711,205.0,0.005712,200.0
1753531647774,12:07:27.774,AGT/USDT:USDT,0.005702,14.0,0.005701,200.0,0.005707,200.0,0.005708,1600.0
1753531647823,12:07:27.823,AGT/USDT:USDT,0.005702,14.0,0.005699,200.0,0.005706,443.0,0.005707,438.0
1753531647923,12:07:27.923,AGT/USDT:USDT,0.0057,14.0,0.005697,200.0,0.005706,443.0,0.005707,438.0
1753531648022,12:07:28.022,AGT/USDT:USDT,0.005698,14.0,0.005697,200.0,0.005706,443.0,0.005707,438.0
1753531648111,12:07:28.111,AGT/USDT:USDT,0.005698,220.0,0.005697,200.0,0.005706,443.0,0.005707,438.0
1753531648327,12:07:28.327,AGT/USDT:USDT,0.005698,220.0,0.005697,200.0,0.005706,443.0,0.005707,438.0
1753531648815,12:07:28.815,AGT/USDT:USDT,0.005698,117.0,0.005697,200.0,0.005706,443.0,0.005707,438.0
1753531649019,12:07:29.019,AGT/USDT:USDT,0.005698,220.0,0.005697,200.0,0.005706,443.0,0.005707,438.0
1753531649346,12:07:29.346,AGT/USDT:USDT,0.005698,220.0,0.005697,200.0,0.005706,443.0,0.005707,438.0
1753531650706,12:07:30.706,AGT/USDT:USDT,0.005698,220.0,0.005697,200.0,0.005706,443.0,0.005707,438.0
1753531652424,12:07:32.424,AGT/USDT:USDT,0.005698,220.0,0.005697,200.0,0.005706,443.0,0.005707,438.0
1753531652695,12:07:32.695,AGT/USDT:USDT,0.005698,220.0,0.005697,200.0,0.005706,443.0,0.005707,438.0
1753531652992,12:07:32.992,AGT/USDT:USDT,0.005698,220.0,0.005697,200.0,0.005706,443.0,0.005707,438.0
1753531653806,12:07:33.806,AGT/USDT:USDT,0.005698,117.0,0.005697,200.0,0.005706,443.0,0.005707,438.0
1753531653941,12:07:33.941,AGT/USDT:USDT,0.005698,117.0,0.005697,200.0,0.005706,443.0,0.005707,438.0
1753531654094,12:07:34.094,AGT/USDT:USDT,0.005698,14.0,0.005697,200.0,0.005706,443.0,0.005707,438.0
1753531654119,12:07:34.119,AGT/USDT:USDT,0.005698,14.0,0.005696,674.0,0.005705,200.0,0.005706,443.0
1753531654238,12:07:34.238,AGT/USDT:USDT,0.005697,113.0,0.005696,674.0,0.005704,443.0,0.005705,200.0
1753531654308,12:07:34.308,AGT/USDT:USDT,0.005697,113.0,0.005696,674.0,0.005704,443.0,0.005705,200.0
1753531654406,12:07:34.406,AGT/USDT:USDT,0.005697,113.0,0.005696,674.0,0.005704,443.0,0.005705,200.0
1753531654502,12:07:34.502,AGT/USDT:USDT,0.005697,212.0,0.005696,674.0,0.005704,443.0,0.005705,200.0
1753531654674,12:07:34.674,AGT/USDT:USDT,0.005697,212.0,0.005696,674.0,0.005704,443.0,0.005705,200.0
1753531655097,12:07:35.097,AGT/USDT:USDT,0.005697,212.0,0.005696,674.0,0.005704,443.0,0.005707,200.0
1753531655497,12:07:35.497,AGT/USDT:USDT,0.005697,212.0,0.005696,674.0,0.005704,443.0,0.005707,200.0
1753531655507,12:07:35.507,AGT/USDT:USDT,0.005697,212.0,0.005696,674.0,0.005704,443.0,0.005707,200.0
1753531656095,12:07:36.095,AGT/USDT:USDT,0.005697,212.0,0.005696,674.0,0.005704,443.0,0.005707,200.0
1753531656315,12:07:36.315,AGT/USDT:USDT,0.005697,212.0,0.005696,674.0,0.005704,443.0,0.005707,200.0
1753531656924,12:07:36.924,AGT/USDT:USDT,0.005697,212.0,0.005696,674.0,0.005704,443.0,0.005707,200.0
1753531658073,12:07:38.073,AGT/USDT:USDT,0.005697,212.0,0.005696,674.0,0.005704,443.0,0.005707,200.0
1753531659336,12:07:39.336,AGT/USDT:USDT,0.005697,212.0,0.005696,674.0,0.005704,443.0,0.005707,200.0
1753531660076,12:07:40.076,AGT/USDT:USDT,0.005697,212.0,0.005696,674.0,0.005704,443.0,0.005707,200.0
1753531660307,12:07:40.307,AGT/USDT:USDT,0.005697,212.0,0.005696,674.0,0.005704,443.0,0.005707,200.0
1753531662028,12:07:42.028,AGT/USDT:USDT,0.005697,212.0,0.005696,674.0,0.005704,443.0,0.005707,200.0
1753531662889,12:07:42.889,AGT/USDT:USDT,0.005697,14.0,0.005695,874.0,0.005702,438.0,0.005703,1681.0
1753531662993,12:07:42.993,AGT/USDT:USDT,0.005696,14.0,0.005695,200.0,0.005701,205.0,0.005702,438.0
1753531663055,12:07:43.055,AGT/USDT:USDT,0.005696,14.0,0.005694,200.0,0.005701,205.0,0.005702,438.0
1753531663161,12:07:43.161,AGT/USDT:USDT,0.005695,14.0,0.005694,200.0,0.005701,205.0,0.005702,438.0
1753531663491,12:07:43.491,AGT/USDT:USDT,0.005684,200.0,0.005683,874.0,0.005692,200.0,0.005695,1037.0
1753531663593,12:07:43.593,AGT/USDT:USDT,0.005685,1561.0,0.005684,1237.0,0.005701,1237.0,0.005702,2909.0
1753531663679,12:07:43.679,AGT/USDT:USDT,0.005689,1362.0,0.005688,674.0,0.0057,2.0,0.005701,1237.0
1753531663789,12:07:43.789,AGT/USDT:USDT,0.00569,17.0,0.005689,1362.0,0.0057,2.0,0.005701,1237.0
1753531663807,12:07:43.807,AGT/USDT:USDT,0.00569,17.0,0.005689,1362.0,0.0057,2.0,0.005701,1237.0
1753531663996,12:07:43.996,AGT/USDT:USDT,0.00569,17.0,0.005689,1362.0,0.0057,2.0,0.005701,200.0
1753531664028,12:07:44.028,AGT/USDT:USDT,0.00569,217.0,0.005689,1362.0,0.0057,202.0,0.005701,200.0
1753531664152,12:07:44.152,AGT/USDT:USDT,0.00569,217.0,0.005689,1362.0,0.0057,440.0,0.005701,200.0
1753531664381,12:07:44.381,AGT/USDT:USDT,0.00569,217.0,0.005688,674.0,0.005699,1362.0,0.0057,440.0
1753531664495,12:07:44.495,AGT/USDT:USDT,0.00569,217.0,0.005685,1362.0,0.005698,1039.0,0.005699,1362.0
1753531664591,12:07:44.591,AGT/USDT:USDT,0.00569,17.0,0.005685,1362.0,0.005698,1039.0,0.005699,1362.0
1753531664642,12:07:44.642,AGT/USDT:USDT,0.005687,200.0,0.005686,2052.0,0.005698,1039.0,0.005699,1362.0
1753531664722,12:07:44.722,AGT/USDT:USDT,0.005688,215.0,0.005687,874.0,0.005698,1039.0,0.005699,1362.0
1753531664884,12:07:44.884,AGT/USDT:USDT,0.005688,215.0,0.005687,874.0,0.005698,1039.0,0.005699,1362.0
1753531664995,12:07:44.995,AGT/USDT:USDT,0.005688,215.0,0.005687,874.0,0.005697,200.0,0.005698,1239.0
1753531665029,12:07:45.029,AGT/USDT:USDT,0.005688,17.0,0.00568,209.0,0.005694,1602.0,0.005695,240.0
1753531665177,12:07:45.177,AGT/USDT:USDT,0.005683,1072.0,0.005681,2252.0,0.005693,202.0,0.005694,240.0
1753531665281,12:07:45.281,AGT/USDT:USDT,0.005684,17.0,0.005683,1072.0,0.005693,202.0,0.005695,200.0
1753531665310,12:07:45.310,AGT/USDT:USDT,0.005684,17.0,0.005683,1072.0,0.005693,202.0,0.005695,200.0
1753531665438,12:07:45.438,AGT/USDT:USDT,0.005684,17.0,0.005683,1072.0,0.005693,202.0,0.005695,200.0
1753531665576,12:07:45.576,AGT/USDT:USDT,0.005684,17.0,0.005683,1072.0,0.005693,202.0,0.005695,200.0
1753531665990,12:07:45.990,AGT/USDT:USDT,0.005687,200.0,0.005684,17.0,0.005692,200.0,0.005693,122.0
1753531666038,12:07:46.038,AGT/USDT:USDT,0.005688,17.0,0.005681,2235.0,0.005691,2.0,0.005692,200.0
1753531666192,12:07:46.192,AGT/USDT:USDT,0.005683,874.0,0.005682,1577.0,0.005691,2.0,0.005692,200.0
1753531666221,12:07:46.221,AGT/USDT:USDT,0.005684,217.0,0.005683,874.0,0.005691,2.0,0.005692,200.0
1753531666334,12:07:46.334,AGT/USDT:USDT,0.005684,217.0,0.005683,883.0,0.005691,2.0,0.005692,200.0
1753531666435,12:07:46.435,AGT/USDT:USDT,0.005684,217.0,0.005683,874.0,0.005691,2.0,0.005692,200.0
1753531666566,12:07:46.566,AGT/USDT:USDT,0.005684,217.0,0.005683,874.0,0.005691,2.0,0.005692,200.0
1753531666992,12:07:46.992,AGT/USDT:USDT,0.005684,217.0,0.005683,874.0,0.005691,2.0,0.005692,200.0
1753531667019,12:07:47.019,AGT/USDT:USDT,0.005684,217.0,0.005683,874.0,0.005691,2.0,0.005692,200.0
1753531667182,12:07:47.182,AGT/USDT:USDT,0.005684,217.0,0.005683,874.0,0.005691,2.0,0.005697,200.0
1753531667245,12:07:47.245,AGT/USDT:USDT,0.005684,226.0,0.005683,874.0,0.005691,2.0,0.005697,200.0
1753531667334,12:07:47.334,AGT/USDT:USDT,0.005684,217.0,0.005683,874.0,0.005691,2.0,0.005697,200.0
1753531667441,12:07:47.441,AGT/USDT:USDT,0.005684,217.0,0.005683,874.0,0.005695,1682.0,0.005696,2.0
1753531667560,12:07:47.560,AGT/USDT:USDT,0.005684,217.0,0.005683,874.0,0.005694,322.0,0.005695,1362.0
1753531667695,12:07:47.695,AGT/USDT:USDT,0.005687,674.0,0.005684,217.0,0.005694,2.0,0.005697,200.0
1753531667737,12:07:47.737,AGT/USDT:USDT,0.005688,217.0,0.005687,398.0,0.005696,2.0,0.005697,320.0
1753531667843,12:07:47.843,AGT/USDT:USDT,0.005688,217.0,0.005687,398.0,0.005696,2.0,0.005697,320.0
1753531667933,12:07:47.933,AGT/USDT:USDT,0.005688,217.0,0.005687,398.0,0.005696,2.0,0.005697,440.0
1753531668002,12:07:48.002,AGT/USDT:USDT,0.005688,217.0,0.005687,398.0,0.005696,2.0,0.005697,440.0
1753531668264,12:07:48.264,AGT/USDT:USDT,0.005688,217.0,0.005687,398.0,0.005696,2.0,0.005697,440.0
1753531668680,12:07:48.680,AGT/USDT:USDT,0.005688,217.0,0.005687,398.0,0.005696,2.0,0.005697,440.0
1753531668959,12:07:48.959,AGT/USDT:USDT,0.005688,17.0,0.005684,200.0,0.005694,440.0,0.005695,1802.0
1753531669022,12:07:49.022,AGT/USDT:USDT,0.005685,217.0,0.005684,398.0,0.005693,202.0,0.005694,320.0
1753531669154,12:07:49.154,AGT/USDT:USDT,0.005685,217.0,0.005684,398.0,0.005693,202.0,0.005694,320.0
1753531669234,12:07:49.234,AGT/USDT:USDT,0.005685,228.0,0.005684,398.0,0.005693,202.0,0.005694,440.0
1753531669441,12:07:49.441,AGT/USDT:USDT,0.005685,217.0,0.005684,398.0,0.005693,202.0,0.005694,440.0
1753531669507,12:07:49.507,AGT/USDT:USDT,0.005685,217.0,0.005684,398.0,0.005693,202.0,0.005694,440.0
1753531669984,12:07:49.984,AGT/USDT:USDT,0.005685,217.0,0.005684,398.0,0.005693,202.0,0.005694,440.0
1753531670024,12:07:50.024,AGT/USDT:USDT,0.005685,217.0,0.005684,398.0,0.005693,202.0,0.005694,320.0
1753531670621,12:07:50.621,AGT/USDT:USDT,0.005685,217.0,0.005684,398.0,0.005693,202.0,0.005694,440.0
1753531671007,12:07:51.007,AGT/USDT:USDT,0.005685,217.0,0.005684,398.0,0.005693,202.0,0.005694,320.0
1753531671376,12:07:51.376,AGT/USDT:USDT,0.005685,217.0,0.005684,398.0,0.005693,202.0,0.005694,200.0
1753531671924,12:07:51.924,AGT/USDT:USDT,0.005685,217.0,0.005684,398.0,0.005693,2.0,0.005697,200.0
1753531672018,12:07:52.018,AGT/USDT:USDT,0.005685,217.0,0.005684,398.0,0.005696,202.0,0.005697,200.0
1753531672246,12:07:52.246,AGT/USDT:USDT,0.005687,3107.0,0.005685,228.0,0.005696,322.0,0.005697,200.0
1753531672334,12:07:52.334,AGT/USDT:USDT,0.005688,217.0,0.005687,3107.0,0.005696,322.0,0.005697,200.0
1753531672439,12:07:52.439,AGT/USDT:USDT,0.005688,217.0,0.005687,3107.0,0.005696,442.0,0.005697,200.0
1753531672506,12:07:52.506,AGT/USDT:USDT,0.005688,217.0,0.005687,3107.0,0.005696,442.0,0.005697,200.0
1753531672792,12:07:52.792,AGT/USDT:USDT,0.005688,217.0,0.005687,3107.0,0.005696,442.0,0.005697,200.0
1753531672895,12:07:52.895,AGT/USDT:USDT,0.005688,217.0,0.005687,2907.0,0.005696,442.0,0.005697,200.0
1753531672908,12:07:52.908,AGT/USDT:USDT,0.005688,217.0,0.005687,2907.0,0.005696,442.0,0.005697,200.0
1753531673007,12:07:53.007,AGT/USDT:USDT,0.005688,217.0,0.005687,2233.0,0.005696,442.0,0.005697,200.0
1753531673264,12:07:53.264,AGT/USDT:USDT,0.005688,217.0,0.005687,2233.0,0.005696,442.0,0.005697,200.0
1753531673894,12:07:53.894,AGT/USDT:USDT,0.005688,217.0,0.005687,2233.0,0.005696,442.0,0.005697,200.0
1753531674252,12:07:54.252,AGT/USDT:USDT,0.005688,217.0,0.005687,2233.0,0.005696,442.0,0.005697,200.0
1753531674307,12:07:54.307,AGT/USDT:USDT,0.005688,217.0,0.005687,2233.0,0.005696,442.0,0.005697,200.0
1753531675872,12:07:55.872,AGT/USDT:USDT,0.005688,217.0,0.005687,2233.0,0.005696,442.0,0.005697,200.0
1753531677217,12:07:57.217,AGT/USDT:USDT,0.005688,217.0,0.005687,2233.0,0.005696,242.0,0.005697,200.0
1753531677851,12:07:57.851,AGT/USDT:USDT,0.005688,217.0,0.005687,2233.0,0.005696,442.0,0.005697,200.0
1753531677921,12:07:57.921,AGT/USDT:USDT,0.005688,217.0,0.005687,2233.0,0.005696,442.0,0.005697,200.0
1753531678083,12:07:58.083,AGT/USDT:USDT,0.005688,217.0,0.005687,2233.0,0.005696,442.0,0.005697,200.0
1753531678140,12:07:58.140,AGT/USDT:USDT,0.005688,217.0,0.005687,2233.0,0.005696,442.0,0.005697,200.0
1753531678486,12:07:58.486,AGT/USDT:USDT,0.005688,217.0,0.005687,2233.0,0.005696,442.0,0.005697,200.0
1753531679192,12:07:59.192,AGT/USDT:USDT,0.005688,217.0,0.005687,2134.0,0.005694,200.0,0.005695,1562.0
1753531679224,12:07:59.224,AGT/USDT:USDT,0.005688,217.0,0.005687,2254.0,0.005693,202.0,0.005694,440.0
1753531679333,12:07:59.333,AGT/USDT:USDT,0.005688,217.0,0.005687,2254.0,0.005693,202.0,0.005694,440.0
1753531679541,12:07:59.541,AGT/USDT:USDT,0.005688,217.0,0.005687,2254.0,0.005693,202.0,0.005694,320.0
1753531679780,12:07:59.780,AGT/USDT:USDT,0.005688,217.0,0.005687,2254.0,0.005693,2.0,0.005694,200.0
1753531679828,12:07:59.828,AGT/USDT:USDT,0.005688,217.0,0.005687,2254.0,0.005693,2.0,0.005697,200.0
1753531679921,12:07:59.921,AGT/USDT:USDT,0.005688,217.0,0.005687,2254.0,0.005696,202.0,0.005697,200.0
1753531680175,12:08:00.175,AGT/USDT:USDT,0.005688,217.0,0.005687,2254.0,0.005696,202.0,0.005697,200.0
1753531680457,12:08:00.457,AGT/USDT:USDT,0.005688,217.0,0.005684,200.0,0.005695,1602.0,0.005696,2.0
1753531680595,12:08:00.595,AGT/USDT:USDT,0.005688,17.0,0.005684,2235.0,0.005694,2.0,0.005695,1602.0
1753531680612,12:08:00.612,AGT/USDT:USDT,0.005685,217.0,0.005684,2235.0,0.005694,2.0,0.005695,1602.0
1753531680707,12:08:00.707,AGT/USDT:USDT,0.005685,217.0,0.005684,2235.0,0.005694,2.0,0.005695,1602.0
1753531680806,12:08:00.806,AGT/USDT:USDT,0.005685,217.0,0.005684,2235.0,0.005694,2.0,0.005695,1602.0
1753531681020,12:08:01.020,AGT/USDT:USDT,0.005685,217.0,0.005684,2235.0,0.005694,2.0,0.005695,1602.0
1753531681814,12:08:01.814,AGT/USDT:USDT,0.005685,217.0,0.005684,2235.0,0.005694,2.0,0.005695,1602.0
1753531682251,12:08:02.251,AGT/USDT:USDT,0.005685,217.0,0.005684,2235.0,0.005694,2.0,0.005695,1602.0
1753531682786,12:08:02.786,AGT/USDT:USDT,0.005685,217.0,0.005684,2235.0,0.005694,2.0,0.005695,1602.0
1753531683325,12:08:03.325,AGT/USDT:USDT,0.005685,217.0,0.005684,2235.0,0.005694,676.0,0.005695,1602.0
1753531683406,12:08:03.406,AGT/USDT:USDT,0.005685,217.0,0.005684,200.0,0.005694,676.0,0.005695,1602.0
1753531683773,12:08:03.773,AGT/USDT:USDT,0.005685,17.0,0.005684,200.0,0.005694,676.0,0.005695,1602.0
1753531683942,12:08:03.942,AGT/USDT:USDT,0.005685,17.0,0.005684,200.0,0.005692,1277.0,0.005694,676.0
1753531684021,12:08:04.021,AGT/USDT:USDT,0.005685,17.0,0.005684,200.0,0.005691,2.0,0.005692,1277.0
1753531684125,12:08:04.125,AGT/USDT:USDT,0.005685,17.0,0.005682,200.0,0.005691,2.0,0.005692,1277.0
1753531684277,12:08:04.277,AGT/USDT:USDT,0.005683,17.0,0.005682,200.0,0.005691,2.0,0.005692,1277.0
1753531684313,12:08:04.313,AGT/USDT:USDT,0.005683,17.0,0.005682,200.0,0.005691,1364.0,0.005692,1277.0
1753531684407,12:08:04.407,AGT/USDT:USDT,0.005683,17.0,0.005682,200.0,0.005691,1364.0,0.005692,1277.0
1753531684772,12:08:04.772,AGT/USDT:USDT,0.005683,17.0,0.005682,200.0,0.005691,1364.0,0.005692,1277.0
1753531685120,12:08:05.120,AGT/USDT:USDT,0.005683,17.0,0.005682,200.0,0.005691,1364.0,0.005692,1277.0
1753531686863,12:08:06.863,AGT/USDT:USDT,0.005683,17.0,0.005682,200.0,0.005691,1364.0,0.005692,1277.0
1753531686982,12:08:06.982,AGT/USDT:USDT,0.005683,17.0,0.005682,200.0,0.005691,1364.0,0.005692,1277.0
1753531687151,12:08:07.151,AGT/USDT:USDT,0.005683,17.0,0.005682,200.0,0.005691,1364.0,0.005692,1277.0
1753531688728,12:08:08.728,AGT/USDT:USDT,0.005683,217.0,0.005682,200.0,0.005691,2.0,0.005692,120.0
1753531688853,12:08:08.853,AGT/USDT:USDT,0.005683,217.0,0.005682,200.0,0.005692,1159.0,0.005693,2035.0
1753531689182,12:08:09.182,AGT/USDT:USDT,0.005683,217.0,0.005682,200.0,0.005692,1159.0,0.005693,2035.0
1753531689280,12:08:09.280,AGT/USDT:USDT,0.005683,217.0,0.005682,200.0,0.005692,122.0,0.005694,674.0
1753531689373,12:08:09.373,AGT/USDT:USDT,0.005683,217.0,0.005682,200.0,0.005693,2.0,0.005694,674.0
1753531689661,12:08:09.661,AGT/USDT:USDT,0.005683,217.0,0.005682,200.0,0.005693,2.0,0.005694,674.0
1753531690424,12:08:10.424,AGT/USDT:USDT,0.005683,217.0,0.005682,200.0,0.005693,2.0,0.005694,674.0
1753531690695,12:08:10.695,AGT/USDT:USDT,0.005683,17.0,0.005682,200.0,0.005693,2.0,0.005694,674.0
1753531690705,12:08:10.705,AGT/USDT:USDT,0.005683,217.0,0.005682,200.0,0.005693,2.0,0.005694,674.0
1753531691294,12:08:11.294,AGT/USDT:USDT,0.005683,217.0,0.005682,200.0,0.005692,1037.0,0.005693,2.0
1753531691306,12:08:11.306,AGT/USDT:USDT,0.005683,217.0,0.005682,200.0,0.005691,2.0,0.005692,1037.0
1753531691501,12:08:11.501,AGT/USDT:USDT,0.005683,217.0,0.005682,200.0,0.005691,2.0,0.005692,1037.0
1753531691671,12:08:11.671,AGT/USDT:USDT,0.005683,217.0,0.005682,200.0,0.005691,2.0,0.005694,674.0
1753531691772,12:08:11.772,AGT/USDT:USDT,0.005683,217.0,0.005682,200.0,0.005693,2.0,0.005694,674.0
1753531692070,12:08:12.070,AGT/USDT:USDT,0.005683,217.0,0.005682,200.0,0.005693,2.0,0.005694,674.0
1753531692284,12:08:12.284,AGT/USDT:USDT,0.005683,217.0,0.005682,200.0,0.005693,2.0,0.005694,674.0
1753531692315,12:08:12.315,AGT/USDT:USDT,0.005683,217.0,0.005682,200.0,0.005693,2.0,0.005694,674.0
1753531692547,12:08:12.547,AGT/USDT:USDT,0.005683,217.0,0.005682,200.0,0.005693,2.0,0.005694,674.0
1753531692683,12:08:12.683,AGT/USDT:USDT,0.005683,217.0,0.005682,200.0,0.005693,2.0,0.005694,674.0
1753531692788,12:08:12.788,AGT/USDT:USDT,0.005683,217.0,0.005682,200.0,0.005693,2.0,0.005694,674.0
1753531692890,12:08:12.890,AGT/USDT:USDT,0.005683,217.0,0.005682,200.0,0.005693,2.0,0.005694,674.0
1753531692931,12:08:12.931,AGT/USDT:USDT,0.005684,200.0,0.005683,17.0,0.005693,242.0,0.005694,914.0
1753531693034,12:08:13.034,AGT/USDT:USDT,0.005685,17.0,0.005682,200.0,0.005692,1037.0,0.005693,242.0
1753531693122,12:08:13.122,AGT/USDT:USDT,0.005683,409.0,0.005682,200.0,0.005691,2.0,0.005692,1037.0
1753531693310,12:08:13.310,AGT/USDT:USDT,0.005683,409.0,0.005682,200.0,0.005691,2.0,0.005692,1037.0
1753531693508,12:08:13.508,AGT/USDT:USDT,0.005683,409.0,0.005682,200.0,0.005691,2.0,0.005692,1037.0
1753531693611,12:08:13.611,AGT/USDT:USDT,0.005683,409.0,0.005682,200.0,0.005691,2.0,0.005693,240.0
1753531693730,12:08:13.730,AGT/USDT:USDT,0.005683,409.0,0.005682,200.0,0.005692,2.0,0.005693,240.0
1753531694660,12:08:14.660,AGT/USDT:USDT,0.005683,409.0,0.005682,200.0,0.005692,2.0,0.005693,240.0
1753531694953,12:08:14.953,AGT/USDT:USDT,0.005683,409.0,0.005682,200.0,0.005692,2.0,0.005693,240.0
1753531695926,12:08:15.926,AGT/USDT:USDT,0.005683,209.0,0.005682,200.0,0.005692,2.0,0.005693,240.0
1753531696638,12:08:16.638,AGT/USDT:USDT,0.005683,409.0,0.005682,200.0,0.005692,2.0,0.005693,240.0
1753531698308,12:08:18.308,AGT/USDT:USDT,0.005683,409.0,0.005682,200.0,0.005692,2.0,0.005693,240.0
1753531698552,12:08:18.552,AGT/USDT:USDT,0.005683,409.0,0.005682,200.0,0.005692,2.0,0.005693,240.0
1753531698629,12:08:18.629,AGT/USDT:USDT,0.005683,409.0,0.005682,200.0,0.005692,2.0,0.005693,240.0
1753531698995,12:08:18.995,AGT/USDT:USDT,0.005684,200.0,0.005683,209.0,0.005692,2.0,0.005693,240.0
1753531699024,12:08:19.024,AGT/USDT:USDT,0.005685,17.0,0.005684,200.0,0.005692,2.0,0.005693,240.0
1753531699197,12:08:19.197,AGT/USDT:USDT,0.005685,17.0,0.005684,200.0,0.005692,1039.0,0.005693,240.0
1753531699269,12:08:19.269,AGT/USDT:USDT,0.005685,113.0,0.005684,200.0,0.005692,2.0,0.005695,1362.0
1753531699379,12:08:19.379,AGT/USDT:USDT,0.005685,113.0,0.005684,200.0,0.005694,2.0,0.005695,1362.0
1753531699415,12:08:19.415,AGT/USDT:USDT,0.005685,113.0,0.005684,200.0,0.005694,2.0,0.005695,1362.0
1753531699605,12:08:19.605,AGT/USDT:USDT,0.005685,313.0,0.005684,200.0,0.005694,2.0,0.005695,1362.0
1753531700185,12:08:20.185,AGT/USDT:USDT,0.005685,217.0,0.005684,200.0,0.005694,676.0,0.005695,1362.0
1753531700248,12:08:20.248,AGT/USDT:USDT,0.005685,217.0,0.005684,200.0,0.005694,676.0,0.005695,1362.0
1753531700583,12:08:20.583,AGT/USDT:USDT,0.005685,217.0,0.005684,200.0,0.005694,676.0,0.005695,1362.0
1753531700674,12:08:20.674,AGT/USDT:USDT,0.005685,217.0,0.005684,200.0,0.005694,676.0,0.005695,1362.0
1753531700942,12:08:20.942,AGT/USDT:USDT,0.005685,313.0,0.005684,200.0,0.005692,1277.0,0.005694,676.0
1753531701097,12:08:21.097,AGT/USDT:USDT,0.005685,313.0,0.005684,200.0,0.005691,2.0,0.005692,1277.0
1753531701102,12:08:21.102,AGT/USDT:USDT,0.005685,313.0,0.005684,320.0,0.005691,2.0,0.005692,1277.0
1753531701572,12:08:21.572,AGT/USDT:USDT,0.005685,313.0,0.005684,120.0,0.005691,2.0,0.005692,1277.0
1753531702374,12:08:22.374,AGT/USDT:USDT,0.005685,313.0,0.005684,120.0,0.005691,2.0,0.005692,1277.0
1753531702444,12:08:22.444,AGT/USDT:USDT,0.005685,313.0,0.005684,120.0,0.005691,2.0,0.005692,240.0
1753531703108,12:08:23.108,AGT/USDT:USDT,0.005685,313.0,0.005684,120.0,0.005691,2.0,0.005692,240.0
1753531705252,12:08:25.252,AGT/USDT:USDT,0.005685,217.0,0.005684,120.0,0.005691,2.0,0.005692,240.0
1753531705609,12:08:25.609,AGT/USDT:USDT,0.005685,217.0,0.005684,120.0,0.005691,2.0,0.005692,240.0
1753531706965,12:08:26.965,AGT/USDT:USDT,0.005685,313.0,0.005684,120.0,0.005691,2.0,0.005692,240.0
1753531707072,12:08:27.072,AGT/USDT:USDT,0.005685,313.0,0.005684,120.0,0.005691,2.0,0.005692,240.0
1753531707233,12:08:27.233,AGT/USDT:USDT,0.005685,313.0,0.005684,120.0,0.005691,2.0,0.005692,240.0
1753531707876,12:08:27.876,AGT/USDT:USDT,0.005685,313.0,0.005684,120.0,0.005691,2.0,0.005695,1362.0
1753531707962,12:08:27.962,AGT/USDT:USDT,0.005685,313.0,0.005684,120.0,0.005694,2.0,0.005695,1362.0
1753531708058,12:08:28.058,AGT/USDT:USDT,0.005685,313.0,0.005684,120.0,0.005694,2.0,0.005695,1362.0
1753531708475,12:08:28.475,AGT/USDT:USDT,0.005685,313.0,0.005684,120.0,0.005694,2.0,0.005695,1362.0
1753531708537,12:08:28.537,AGT/USDT:USDT,0.005685,313.0,0.005684,320.0,0.005694,2.0,0.005695,1362.0
1753531708891,12:08:28.891,AGT/USDT:USDT,0.005685,313.0,0.005684,320.0,0.005694,2.0,0.005695,1362.0
1753531709329,12:08:29.329,AGT/USDT:USDT,0.005685,313.0,0.005684,320.0,0.005694,2.0,0.005695,1362.0
1753531709792,12:08:29.792,AGT/USDT:USDT,0.005685,313.0,0.005684,320.0,0.005694,2.0,0.005695,1362.0
1753531710567,12:08:30.567,AGT/USDT:USDT,0.005685,217.0,0.005684,320.0,0.005694,676.0,0.005695,1362.0
1753531711087,12:08:31.087,AGT/USDT:USDT,0.005685,217.0,0.005684,320.0,0.005694,676.0,0.005695,1362.0
1753531711465,12:08:31.465,AGT/USDT:USDT,0.005685,217.0,0.005684,120.0,0.005694,676.0,0.005695,1362.0
1753531712308,12:08:32.308,AGT/USDT:USDT,0.005685,217.0,0.005684,120.0,0.005694,676.0,0.005695,1362.0
1753531712709,12:08:32.709,AGT/USDT:USDT,0.005685,217.0,0.005684,120.0,0.005694,676.0,0.005695,1362.0
1753531713205,12:08:33.205,AGT/USDT:USDT,0.005685,217.0,0.005684,120.0,0.005694,2.0,0.005695,1362.0
1753531713926,12:08:33.926,AGT/USDT:USDT,0.005685,217.0,0.005683,674.0,0.005694,242.0,0.005695,1362.0
1753531714336,12:08:34.336,AGT/USDT:USDT,0.005685,217.0,0.005683,674.0,0.005694,242.0,0.005695,1362.0
1753531715477,12:08:35.477,AGT/USDT:USDT,0.005685,217.0,0.005683,674.0,0.005694,2.0,0.005696,2034.0
1753531715549,12:08:35.549,AGT/USDT:USDT,0.005685,217.0,0.005683,674.0,0.005695,1364.0,0.005696,2034.0
1753531715606,12:08:35.606,AGT/USDT:USDT,0.005685,217.0,0.005683,674.0,0.005695,1364.0,0.005696,2034.0
1753531715741,12:08:35.741,AGT/USDT:USDT,0.005685,217.0,0.005684,200.0,0.005695,1364.0,0.005696,2034.0
1753531716360,12:08:36.360,AGT/USDT:USDT,0.005685,217.0,0.005684,200.0,0.005695,1364.0,0.005696,2034.0
1753531716415,12:08:36.415,AGT/USDT:USDT,0.005685,217.0,0.005684,200.0,0.005695,1364.0,0.005696,2034.0
1753531716571,12:08:36.571,AGT/USDT:USDT,0.005685,217.0,0.005684,200.0,0.005695,1364.0,0.005696,2034.0
1753531717056,12:08:37.056,AGT/USDT:USDT,0.005685,217.0,0.005684,200.0,0.005695,1364.0,0.005696,2034.0
1753531717394,12:08:37.394,AGT/USDT:USDT,0.005685,17.0,0.005684,200.0,0.005695,1364.0,0.005696,2034.0
1753531717404,12:08:37.404,AGT/USDT:USDT,0.005685,17.0,0.005684,200.0,0.005695,1364.0,0.005696,2034.0
1753531717518,12:08:37.518,AGT/USDT:USDT,0.005685,17.0,0.005684,200.0,0.005695,1364.0,0.005696,2034.0
1753531719599,12:08:39.599,AGT/USDT:USDT,0.005685,17.0,0.005684,200.0,0.005692,1277.0,0.005694,674.0
1753531719680,12:08:39.680,AGT/USDT:USDT,0.005685,17.0,0.005684,200.0,0.005691,1364.0,0.005692,1277.0
1753531719708,12:08:39.708,AGT/USDT:USDT,0.005685,17.0,0.005684,200.0,0.005691,1364.0,0.005692,1277.0
1753531720081,12:08:40.081,AGT/USDT:USDT,0.005685,17.0,0.005684,200.0,0.005691,1364.0,0.005692,1277.0
1753531720261,12:08:40.261,AGT/USDT:USDT,0.005685,17.0,0.005683,200.0,0.005691,1364.0,0.005692,1277.0
1753531720361,12:08:40.361,AGT/USDT:USDT,0.005684,17.0,0.005681,200.0,0.005691,1364.0,0.005692,1277.0
1753531720445,12:08:40.445,AGT/USDT:USDT,0.005682,17.0,0.005681,200.0,0.005691,1364.0,0.005692,1277.0
1753531720676,12:08:40.676,AGT/USDT:USDT,0.005682,17.0,0.005681,200.0,0.005691,2.0,0.005694,674.0
1753531720873,12:08:40.873,AGT/USDT:USDT,0.005682,17.0,0.005681,200.0,0.005691,2.0,0.005694,674.0
1753531720916,12:08:40.916,AGT/USDT:USDT,0.005682,17.0,0.005681,200.0,0.005693,2.0,0.005694,674.0
1753531721368,12:08:41.368,AGT/USDT:USDT,0.005682,217.0,0.005681,200.0,0.005693,2.0,0.005694,674.0
1753531721417,12:08:41.417,AGT/USDT:USDT,0.005682,217.0,0.005681,200.0,0.005692,1037.0,0.005693,2.0
1753531721507,12:08:41.507,AGT/USDT:USDT,0.005682,217.0,0.005681,200.0,0.005691,2.0,0.005692,1037.0
1753531721760,12:08:41.760,AGT/USDT:USDT,0.005682,217.0,0.005681,200.0,0.005691,2.0,0.005692,1037.0
1753531721923,12:08:41.923,AGT/USDT:USDT,0.005682,217.0,0.005681,200.0,0.005691,2.0,0.005694,674.0
1753531722006,12:08:42.006,AGT/USDT:USDT,0.005682,217.0,0.005681,200.0,0.005693,2.0,0.005694,674.0
1753531722184,12:08:42.184,AGT/USDT:USDT,0.005682,217.0,0.005681,200.0,0.005691,1362.0,0.005692,1037.0
1753531722222,12:08:42.222,AGT/USDT:USDT,0.005682,409.0,0.005681,200.0,0.00569,242.0,0.005691,1362.0
1753531722309,12:08:42.309,AGT/USDT:USDT,0.005682,409.0,0.005681,200.0,0.00569,242.0,0.005691,1362.0
1753531722983,12:08:42.983,AGT/USDT:USDT,0.005682,313.0,0.005681,200.0,0.00569,242.0,0.005691,1362.0
1753531723022,12:08:43.022,AGT/USDT:USDT,0.005682,409.0,0.005681,200.0,0.00569,242.0,0.005691,1362.0
1753531723328,12:08:43.328,AGT/USDT:USDT,0.005682,209.0,0.005681,200.0,0.00569,242.0,0.005691,1362.0
1753531723421,12:08:43.421,AGT/USDT:USDT,0.005682,209.0,0.005681,200.0,0.00569,242.0,0.005691,1362.0
1753531724145,12:08:44.145,AGT/USDT:USDT,0.005682,209.0,0.005681,200.0,0.00569,242.0,0.005691,1362.0
1753531725922,12:08:45.922,AGT/USDT:USDT,0.005682,209.0,0.005681,200.0,0.00569,242.0,0.005691,1362.0
1753531727109,12:08:47.109,AGT/USDT:USDT,0.005682,209.0,0.005681,200.0,0.00569,242.0,0.005691,1362.0
1753531727293,12:08:47.293,AGT/USDT:USDT,0.005682,409.0,0.005681,200.0,0.00569,242.0,0.005691,1362.0
1753531727352,12:08:47.352,AGT/USDT:USDT,0.005682,409.0,0.005681,200.0,0.00569,2.0,0.005694,674.0
1753531727469,12:08:47.469,AGT/USDT:USDT,0.005682,409.0,0.005681,200.0,0.005692,1037.0,0.005693,2.0
1753531727509,12:08:47.509,AGT/USDT:USDT,0.005682,409.0,0.005681,200.0,0.005691,2.0,0.005692,1037.0
1753531727894,12:08:47.894,AGT/USDT:USDT,0.005682,409.0,0.005681,200.0,0.005691,2.0,0.005692,1037.0
1753531728315,12:08:48.315,AGT/USDT:USDT,0.005682,409.0,0.005681,200.0,0.005691,2.0,0.005692,1037.0
1753531729270,12:08:49.270,AGT/USDT:USDT,0.005682,409.0,0.005681,200.0,0.005691,2.0,0.005692,1037.0
1753531730536,12:08:50.536,AGT/USDT:USDT,0.005682,409.0,0.005681,200.0,0.005691,2.0,0.005692,1037.0
1753531730612,12:08:50.612,AGT/USDT:USDT,0.005682,409.0,0.005681,200.0,0.005691,2.0,0.005692,1037.0
1753531730712,12:08:50.712,AGT/USDT:USDT,0.005682,409.0,0.005681,200.0,0.005691,2.0,0.005692,1037.0
1753531731248,12:08:51.248,AGT/USDT:USDT,0.005682,409.0,0.005681,200.0,0.005691,2.0,0.005692,1037.0
1753531731961,12:08:51.961,AGT/USDT:USDT,0.005683,200.0,0.005682,209.0,0.005691,2.0,0.005692,1037.0
1753531732025,12:08:52.025,AGT/USDT:USDT,0.005684,113.0,0.005683,200.0,0.005691,242.0,0.005692,1037.0
1753531732380,12:08:52.380,AGT/USDT:USDT,0.005684,113.0,0.005683,200.0,0.005691,242.0,0.005692,1037.0
1753531732422,12:08:52.422,AGT/USDT:USDT,0.005684,17.0,0.005683,200.0,0.005691,242.0,0.005692,1037.0
1753531733080,12:08:53.080,AGT/USDT:USDT,0.005684,209.0,0.005683,200.0,0.005691,2.0,0.005695,1362.0
1753531733196,12:08:53.196,AGT/USDT:USDT,0.005686,200.0,0.005685,2232.0,0.005694,2.0,0.005695,1362.0
1753531733224,12:08:53.224,AGT/USDT:USDT,0.005687,17.0,0.005686,200.0,0.005694,242.0,0.005695,1362.0
1753531733382,12:08:53.382,AGT/USDT:USDT,0.005687,17.0,0.005686,200.0,0.005694,242.0,0.005695,1362.0
1753531733638,12:08:53.638,AGT/USDT:USDT,0.005687,17.0,0.005686,200.0,0.005694,242.0,0.005695,1362.0
1753531734029,12:08:54.029,AGT/USDT:USDT,0.005687,17.0,0.005686,200.0,0.005694,242.0,0.005695,1362.0
1753531734132,12:08:54.132,AGT/USDT:USDT,0.005687,17.0,0.005686,200.0,0.005694,242.0,0.005695,1362.0
1753531734215,12:08:54.215,AGT/USDT:USDT,0.005687,17.0,0.005684,200.0,0.005694,242.0,0.005695,1362.0
1753531734343,12:08:54.343,AGT/USDT:USDT,0.005685,17.0,0.005683,200.0,0.005691,1602.0,0.005692,1157.0
1753531734468,12:08:54.468,AGT/USDT:USDT,0.005684,17.0,0.005683,200.0,0.00569,2.0,0.005691,1602.0
1753531734854,12:08:54.854,AGT/USDT:USDT,0.005684,17.0,0.005683,320.0,0.00569,2.0,0.005691,1602.0
1753531734923,12:08:54.923,AGT/USDT:USDT,0.005684,17.0,0.005683,320.0,0.00569,2.0,0.005691,1602.0
1753531735287,12:08:55.287,AGT/USDT:USDT,0.005684,17.0,0.005683,320.0,0.00569,2.0,0.005691,1602.0
1753531735707,12:08:55.707,AGT/USDT:USDT,0.005684,17.0,0.005683,320.0,0.00569,2.0,0.005691,1602.0
1753531737510,12:08:57.510,AGT/USDT:USDT,0.005684,17.0,0.005683,320.0,0.00569,2.0,0.005691,1602.0
1753531737922,12:08:57.922,AGT/USDT:USDT,0.005684,17.0,0.005683,320.0,0.00569,2.0,0.005691,1602.0
1753531738376,12:08:58.376,AGT/USDT:USDT,0.005684,17.0,0.005683,200.0,0.00569,2.0,0.005691,1602.0
1753531740097,12:09:00.097,AGT/USDT:USDT,0.005684,209.0,0.005683,200.0,0.00569,2.0,0.005694,674.0
1753531740176,12:09:00.176,AGT/USDT:USDT,0.005684,409.0,0.005683,200.0,0.005693,202.0,0.005694,200.0
1753531740287,12:09:00.287,AGT/USDT:USDT,0.005684,409.0,0.005683,200.0,0.005691,200.0,0.005693,202.0
1753531740380,12:09:00.380,AGT/USDT:USDT,0.005684,409.0,0.005683,200.0,0.00569,2.0,0.005693,200.0
1753531740446,12:09:00.446,AGT/USDT:USDT,0.005684,17.0,0.005683,200.0,0.005691,1802.0,0.005692,2.0
1753531740582,12:09:00.582,AGT/USDT:USDT,0.005684,201.0,0.005683,200.0,0.00569,2.0,0.005691,1682.0
1753531741137,12:09:01.137,AGT/USDT:USDT,0.005684,201.0,0.005683,200.0,0.00569,202.0,0.005691,1482.0
1753531741403,12:09:01.403,AGT/USDT:USDT,0.005684,201.0,0.005683,200.0,0.00569,202.0,0.005691,1482.0
1753531742330,12:09:02.330,AGT/USDT:USDT,0.005684,201.0,0.005683,200.0,0.00569,202.0,0.005691,1482.0
1753531743148,12:09:03.148,AGT/USDT:USDT,0.005684,201.0,0.005683,200.0,0.00569,322.0,0.005691,1482.0
1753531743416,12:09:03.416,AGT/USDT:USDT,0.005684,17.0,0.00568,9.0,0.00569,1359.0,0.005691,1482.0
1753531743506,12:09:03.506,AGT/USDT:USDT,0.00568,26.0,0.005679,2704.0,0.00569,1359.0,0.005691,1482.0
1753531743606,12:09:03.606,AGT/USDT:USDT,0.00568,26.0,0.005679,2704.0,0.00569,1359.0,0.005691,1482.0
1753531743706,12:09:03.706,AGT/USDT:USDT,0.00568,26.0,0.005679,2704.0,0.00569,1359.0,0.005691,1482.0
1753531743942,12:09:03.942,AGT/USDT:USDT,0.00568,26.0,0.005679,2704.0,0.005689,200.0,0.00569,1359.0
1753531744022,12:09:04.022,AGT/USDT:USDT,0.00568,26.0,0.005679,2704.0,0.005688,202.0,0.005689,200.0
1753531744139,12:09:04.139,AGT/USDT:USDT,0.00568,318.0,0.005679,2030.0,0.005688,202.0,0.005689,200.0
1753531744207,12:09:04.207,AGT/USDT:USDT,0.00568,318.0,0.005679,2030.0,0.005688,202.0,0.005689,200.0
1753531744356,12:09:04.356,AGT/USDT:USDT,0.00568,318.0,0.005679,2030.0,0.005688,202.0,0.005689,200.0
1753531744451,12:09:04.451,AGT/USDT:USDT,0.00568,318.0,0.005679,2030.0,0.005688,202.0,0.005689,200.0
1753531744695,12:09:04.695,AGT/USDT:USDT,0.00568,992.0,0.005679,2030.0,0.005688,202.0,0.005689,200.0
1753531744782,12:09:04.782,AGT/USDT:USDT,0.005684,384.0,0.005683,294.0,0.005688,2.0,0.00569,200.0
1753531744847,12:09:04.847,AGT/USDT:USDT,0.005685,17.0,0.005684,384.0,0.005689,2.0,0.005694,200.0
1753531744974,12:09:04.974,AGT/USDT:USDT,0.005685,17.0,0.005684,292.0,0.005692,1357.0,0.005693,122.0
1753531745082,12:09:05.082,AGT/USDT:USDT,0.005685,109.0,0.005684,292.0,0.005691,202.0,0.005692,1357.0
1753531745106,12:09:05.106,AGT/USDT:USDT,0.005685,109.0,0.005684,292.0,0.005691,202.0,0.005692,1357.0
1753531745204,12:09:05.204,AGT/USDT:USDT,0.005685,109.0,0.005684,292.0,0.005691,202.0,0.005692,1357.0
1753531746923,12:09:06.923,AGT/USDT:USDT,0.005685,109.0,0.005684,292.0,0.005691,202.0,0.005692,1357.0
1753531747110,12:09:07.110,AGT/USDT:USDT,0.005685,109.0,0.005684,292.0,0.005691,202.0,0.005692,1357.0
1753531747238,12:09:07.238,AGT/USDT:USDT,0.005685,109.0,0.005684,292.0,0.005691,202.0,0.005692,1357.0
1753531747635,12:09:07.635,AGT/USDT:USDT,0.005685,109.0,0.005684,292.0,0.005691,322.0,0.005692,1357.0
1753531748048,12:09:08.048,AGT/USDT:USDT,0.005685,109.0,0.005684,292.0,0.005691,322.0,0.005692,1157.0
1753531748321,12:09:08.321,AGT/USDT:USDT,0.005685,109.0,0.005684,292.0,0.005691,202.0,0.005692,1157.0
1753531748461,12:09:08.461,AGT/USDT:USDT,0.005685,109.0,0.005684,292.0,0.005691,202.0,0.005692,1157.0
1753531749112,12:09:09.112,AGT/USDT:USDT,0.005685,109.0,0.005684,292.0,0.005691,322.0,0.005692,1157.0
1753531749216,12:09:09.216,AGT/USDT:USDT,0.005685,109.0,0.005684,292.0,0.005691,322.0,0.005692,1157.0
1753531749922,12:09:09.922,AGT/USDT:USDT,0.005685,109.0,0.005684,292.0,0.005691,322.0,0.005692,1157.0
1753531750393,12:09:10.393,AGT/USDT:USDT,0.005688,200.0,0.005687,874.0,0.005698,200.0,0.005699,2599.0
1753531750494,12:09:10.494,AGT/USDT:USDT,0.005689,217.0,0.005688,200.0,0.005698,200.0,0.005699,2599.0
1753531750512,12:09:10.512,AGT/USDT:USDT,0.005689,217.0,0.005688,200.0,0.005698,200.0,0.005699,2599.0
1753531750606,12:09:10.606,AGT/USDT:USDT,0.005689,217.0,0.005688,200.0,0.005698,200.0,0.005699,2599.0
1753531751027,12:09:11.027,AGT/USDT:USDT,0.005689,217.0,0.005688,200.0,0.005698,200.0,0.005699,2399.0
1753531751180,12:09:11.180,AGT/USDT:USDT,0.005689,217.0,0.005688,200.0,0.005698,200.0,0.005699,2399.0
1753531751333,12:09:11.333,AGT/USDT:USDT,0.005689,217.0,0.005688,200.0,0.005698,200.0,0.005699,2399.0
1753531752016,12:09:12.016,AGT/USDT:USDT,0.005689,217.0,0.005688,200.0,0.005698,200.0,0.005699,2399.0
1753531752163,12:09:12.163,AGT/USDT:USDT,0.005689,217.0,0.005688,200.0,0.005698,200.0,0.005699,2399.0
1753531753003,12:09:13.003,AGT/USDT:USDT,0.005689,217.0,0.005688,200.0,0.005698,200.0,0.005699,2399.0
1753531753310,12:09:13.310,AGT/USDT:USDT,0.005689,217.0,0.005688,200.0,0.005698,200.0,0.005699,2399.0
1753531753993,12:09:13.993,AGT/USDT:USDT,0.005689,217.0,0.005688,200.0,0.005698,200.0,0.005699,2399.0
1753531755031,12:09:15.031,AGT/USDT:USDT,0.005689,17.0,0.005688,200.0,0.005698,200.0,0.005699,2399.0
1753531755184,12:09:15.184,AGT/USDT:USDT,0.005689,17.0,0.005688,200.0,0.005698,200.0,0.005699,2399.0
1753531755486,12:09:15.486,AGT/USDT:USDT,0.005689,17.0,0.005688,200.0,0.005698,200.0,0.005699,2399.0
1753531755959,12:09:15.959,AGT/USDT:USDT,0.005689,17.0,0.005688,200.0,0.005698,200.0,0.005699,2399.0
1753531756240,12:09:16.240,AGT/USDT:USDT,0.005689,17.0,0.005688,200.0,0.005698,200.0,0.005699,2399.0
1753531756557,12:09:16.557,AGT/USDT:USDT,0.005689,17.0,0.005688,200.0,0.005698,200.0,0.005699,2399.0
1753531758138,12:09:18.138,AGT/USDT:USDT,0.005689,17.0,0.005688,200.0,0.005698,200.0,0.005699,2399.0
1753531761193,12:09:21.193,AGT/USDT:USDT,0.005689,17.0,0.005688,1562.0,0.005698,200.0,0.005701,200.0
1753531761310,12:09:21.310,AGT/USDT:USDT,0.005689,17.0,0.005688,1562.0,0.005698,200.0,0.005699,2028.0
1753531761484,12:09:21.484,AGT/USDT:USDT,0.005689,17.0,0.005688,1562.0,0.005698,200.0,0.005699,2028.0
1753531761721,12:09:21.721,AGT/USDT:USDT,0.005689,17.0,0.005688,200.0,0.005698,200.0,0.005699,2028.0
1753531761892,12:09:21.892,AGT/USDT:USDT,0.005689,17.0,0.005688,200.0,0.005698,200.0,0.005699,2028.0
1753531761994,12:09:21.994,AGT/USDT:USDT,0.005689,17.0,0.005688,200.0,0.005698,1237.0,0.005699,2028.0
1753531762302,12:09:22.302,AGT/USDT:USDT,0.005689,17.0,0.005688,200.0,0.005698,1237.0,0.005699,2028.0
1753531762720,12:09:22.720,AGT/USDT:USDT,0.005689,17.0,0.005688,200.0,0.005698,1237.0,0.005699,2028.0
1753531762894,12:09:22.894,AGT/USDT:USDT,0.005689,17.0,0.005688,200.0,0.005697,200.0,0.005698,1237.0
1753531762911,12:09:22.911,AGT/USDT:USDT,0.005689,17.0,0.005688,200.0,0.005697,200.0,0.005698,1237.0
1753531763540,12:09:23.540,AGT/USDT:USDT,0.005689,17.0,0.005688,200.0,0.005697,200.0,0.005698,1237.0
1753531764695,12:09:24.695,AGT/USDT:USDT,0.005693,200.0,0.005692,874.0,0.005704,200.0,0.005705,200.0
1753531764795,12:09:24.795,AGT/USDT:USDT,0.005693,200.0,0.005692,874.0,0.005704,200.0,0.005705,200.0
1753531764881,12:09:24.881,AGT/USDT:USDT,0.005694,7.0,0.005693,200.0,0.005703,200.0,0.005704,1562.0
1753531764936,12:09:24.936,AGT/USDT:USDT,0.005694,17.0,0.005693,200.0,0.005703,200.0,0.005704,1562.0
1753531765039,12:09:25.039,AGT/USDT:USDT,0.005694,17.0,0.005693,200.0,0.005703,200.0,0.005704,1562.0
1753531765129,12:09:25.129,AGT/USDT:USDT,0.005694,17.0,0.005693,200.0,0.005703,319.0,0.005704,1562.0
1753531765260,12:09:25.260,AGT/USDT:USDT,0.005694,17.0,0.005693,200.0,0.005703,319.0,0.005704,1562.0
1753531765395,12:09:25.395,AGT/USDT:USDT,0.005694,17.0,0.005693,200.0,0.005703,329.0,0.005704,1562.0
1753531765434,12:09:25.434,AGT/USDT:USDT,0.005694,17.0,0.005693,200.0,0.005703,319.0,0.005704,1562.0
1753531765682,12:09:25.682,AGT/USDT:USDT,0.005694,17.0,0.005693,200.0,0.005703,319.0,0.005704,1562.0
1753531765789,12:09:25.789,AGT/USDT:USDT,0.005684,1362.0,0.005683,2028.0,0.005699,1037.0,0.0057,1362.0
1753531765848,12:09:25.848,AGT/USDT:USDT,0.005686,200.0,0.005685,877.0,0.005698,16.0,0.005699,1037.0
1753531765921,12:09:25.921,AGT/USDT:USDT,0.005687,203.0,0.005686,200.0,0.005698,16.0,0.005699,1037.0
1753531766128,12:09:26.128,AGT/USDT:USDT,0.005687,203.0,0.005686,200.0,0.005698,16.0,0.005699,1037.0
1753531766573,12:09:26.573,AGT/USDT:USDT,0.005687,203.0,0.005686,200.0,0.005698,16.0,0.005699,1037.0
1753531766850,12:09:26.850,AGT/USDT:USDT,0.005687,203.0,0.005686,200.0,0.005698,216.0,0.005699,1237.0
1753531766994,12:09:26.994,AGT/USDT:USDT,0.005687,203.0,0.005686,200.0,0.005698,216.0,0.005699,1237.0
1753531767413,12:09:27.413,AGT/USDT:USDT,0.005687,203.0,0.005686,200.0,0.005698,216.0,0.005699,1237.0
1753531767712,12:09:27.712,AGT/USDT:USDT,0.005687,203.0,0.005686,200.0,0.005698,216.0,0.005699,1237.0
1753531767842,12:09:27.842,AGT/USDT:USDT,0.005687,295.0,0.005686,200.0,0.005697,319.0,0.005698,216.0
1753531767929,12:09:27.929,AGT/USDT:USDT,0.005687,295.0,0.005686,200.0,0.005697,319.0,0.005698,216.0
1753531768097,12:09:28.097,AGT/USDT:USDT,0.005687,295.0,0.005686,200.0,0.005696,9.0,0.005697,319.0
1753531768191,12:09:28.191,AGT/USDT:USDT,0.005687,295.0,0.005686,200.0,0.005696,336.0,0.005697,319.0
1753531768253,12:09:28.253,AGT/USDT:USDT,0.005687,295.0,0.005686,200.0,0.005696,336.0,0.005697,319.0
1753531768529,12:09:28.529,AGT/USDT:USDT,0.005687,387.0,0.005686,200.0,0.005696,336.0,0.005697,319.0
1753531768815,12:09:28.815,AGT/USDT:USDT,0.005687,387.0,0.005686,200.0,0.005696,336.0,0.005697,119.0
1753531768988,12:09:28.988,AGT/USDT:USDT,0.005687,387.0,0.005686,200.0,0.005696,336.0,0.005697,119.0
1753531769114,12:09:29.114,AGT/USDT:USDT,0.005687,387.0,0.005686,200.0,0.005696,336.0,0.005697,119.0
1753531769872,12:09:29.872,AGT/USDT:USDT,0.005687,387.0,0.005686,200.0,0.005696,336.0,0.005697,319.0
1753531770433,12:09:30.433,AGT/USDT:USDT,0.005687,387.0,0.005686,200.0,0.005696,336.0,0.005697,319.0
1753531770792,12:09:30.792,AGT/USDT:USDT,0.005687,387.0,0.005686,200.0,0.005696,216.0,0.005698,200.0
1753531770802,12:09:30.802,AGT/USDT:USDT,0.005687,387.0,0.005686,200.0,0.005696,16.0,0.005698,200.0
1753531770921,12:09:30.921,AGT/USDT:USDT,0.005687,1424.0,0.005686,200.0,0.005697,216.0,0.005699,200.0
1753531771023,12:09:31.023,AGT/USDT:USDT,0.005687,387.0,0.005686,200.0,0.005697,216.0,0.005699,1237.0
1753531771150,12:09:31.150,AGT/USDT:USDT,0.005687,387.0,0.005686,200.0,0.005697,216.0,0.005699,1237.0
1753531771582,12:09:31.582,AGT/USDT:USDT,0.005687,387.0,0.005686,200.0,0.005697,216.0,0.005699,1237.0
1753531771631,12:09:31.631,AGT/USDT:USDT,0.005687,387.0,0.005686,200.0,0.005697,216.0,0.005699,1237.0
1753531771792,12:09:31.792,AGT/USDT:USDT,0.005687,387.0,0.005686,200.0,0.005697,216.0,0.005699,1237.0
1753531772001,12:09:32.001,AGT/USDT:USDT,0.005687,387.0,0.005686,200.0,0.005697,216.0,0.005699,1237.0
1753531772243,12:09:32.243,AGT/USDT:USDT,0.00569,390.0,0.005689,874.0,0.005697,16.0,0.005699,200.0
1753531772322,12:09:32.322,AGT/USDT:USDT,0.005691,203.0,0.00569,390.0,0.005698,335.0,0.005699,200.0
1753531772426,12:09:32.426,AGT/USDT:USDT,0.005691,203.0,0.00569,390.0,0.005698,454.0,0.005699,200.0
1753531772568,12:09:32.568,AGT/USDT:USDT,0.005691,203.0,0.00569,390.0,0.005698,335.0,0.005699,200.0
1753531772780,12:09:32.780,AGT/USDT:USDT,0.005691,203.0,0.00569,390.0,0.005698,335.0,0.005702,200.0
1753531772911,12:09:32.911,AGT/USDT:USDT,0.005691,203.0,0.00569,390.0,0.005698,335.0,0.005702,200.0
1753531773006,12:09:33.006,AGT/USDT:USDT,0.005691,203.0,0.00569,390.0,0.005698,335.0,0.005702,200.0
1753531773162,12:09:33.162,AGT/USDT:USDT,0.005691,3.0,0.00569,200.0,0.005698,454.0,0.005702,200.0
1753531773339,12:09:33.339,AGT/USDT:USDT,0.005691,3.0,0.005689,200.0,0.005698,464.0,0.005702,200.0
1753531773465,12:09:33.465,AGT/USDT:USDT,0.005691,3.0,0.005689,200.0,0.005698,454.0,0.005702,200.0
1753531773586,12:09:33.586,AGT/USDT:USDT,0.005691,3.0,0.005689,200.0,0.005698,454.0,0.005702,200.0
1753531773604,12:09:33.604,AGT/USDT:USDT,0.005691,3.0,0.005689,200.0,0.005698,454.0,0.005702,200.0
1753531773785,12:09:33.785,AGT/USDT:USDT,0.005691,3.0,0.005686,200.0,0.005698,454.0,0.005702,200.0
1753531773886,12:09:33.886,AGT/USDT:USDT,0.00569,1.0,0.005686,200.0,0.005698,454.0,0.005702,200.0
1753531773981,12:09:33.981,AGT/USDT:USDT,0.00569,1.0,0.005686,200.0,0.005698,454.0,0.005702,200.0
1753531774058,12:09:34.058,AGT/USDT:USDT,0.00569,1.0,0.005687,1.0,0.005698,454.0,0.005702,200.0
1753531774100,12:09:34.100,AGT/USDT:USDT,0.005687,1.0,0.005686,200.0,0.005698,454.0,0.005702,200.0
1753531774264,12:09:34.264,AGT/USDT:USDT,0.00569,2.0,0.005687,1.0,0.005698,454.0,0.005702,200.0
1753531774307,12:09:34.307,AGT/USDT:USDT,0.005687,3.0,0.005686,200.0,0.005698,454.0,0.005702,200.0
1753531774410,12:09:34.410,AGT/USDT:USDT,0.005687,3.0,0.005686,200.0,0.005698,454.0,0.005702,200.0
1753531774506,12:09:34.506,AGT/USDT:USDT,0.005687,3.0,0.005686,200.0,0.005698,454.0,0.005702,200.0
1753531774693,12:09:34.693,AGT/USDT:USDT,0.005687,3.0,0.005686,200.0,0.005698,454.0,0.005702,200.0
1753531774758,12:09:34.758,AGT/USDT:USDT,0.005687,203.0,0.005686,200.0,0.005698,454.0,0.005702,200.0
1753531775243,12:09:35.243,AGT/USDT:USDT,0.005687,203.0,0.005686,200.0,0.005698,454.0,0.005702,200.0
1753531775664,12:09:35.664,AGT/USDT:USDT,0.005687,203.0,0.005686,200.0,0.005698,454.0,0.005702,200.0
1753531775747,12:09:35.747,AGT/USDT:USDT,0.005687,203.0,0.005686,200.0,0.005698,454.0,0.005702,200.0
1753531776079,12:09:36.079,AGT/USDT:USDT,0.005689,1064.0,0.005687,3.0,0.005698,216.0,0.005702,200.0
1753531776183,12:09:36.183,AGT/USDT:USDT,0.00569,2229.0,0.005689,1064.0,0.005698,216.0,0.005702,200.0
1753531776223,12:09:36.223,AGT/USDT:USDT,0.00569,2229.0,0.005689,1064.0,0.005698,16.0,0.005702,200.0
1753531776321,12:09:36.321,AGT/USDT:USDT,0.00569,2229.0,0.005689,1064.0,0.005701,216.0,0.005702,200.0
1753531776407,12:09:36.407,AGT/USDT:USDT,0.00569,2229.0,0.005689,1064.0,0.005701,216.0,0.005702,200.0
1753531776506,12:09:36.506,AGT/USDT:USDT,0.00569,2229.0,0.005689,1064.0,0.005701,216.0,0.005702,200.0
1753531776632,12:09:36.632,AGT/USDT:USDT,0.00569,2229.0,0.005689,1064.0,0.005701,216.0,0.005702,200.0
1753531776741,12:09:36.741,AGT/USDT:USDT,0.005691,200.0,0.00569,2229.0,0.005701,216.0,0.005702,200.0
1753531776822,12:09:36.822,AGT/USDT:USDT,0.005692,298.0,0.005691,200.0,0.005701,216.0,0.005702,200.0
1753531776938,12:09:36.938,AGT/USDT:USDT,0.005692,393.0,0.005691,200.0,0.005701,216.0,0.005702,200.0
1753531777029,12:09:37.029,AGT/USDT:USDT,0.005692,393.0,0.005691,200.0,0.005701,454.0,0.005702,200.0
1753531777396,12:09:37.396,AGT/USDT:USDT,0.005692,393.0,0.005691,200.0,0.005701,335.0,0.005702,200.0
1753531777401,12:09:37.401,AGT/USDT:USDT,0.005692,393.0,0.005691,1562.0,0.005701,216.0,0.005702,200.0
1753531777724,12:09:37.724,AGT/USDT:USDT,0.005692,393.0,0.005691,1562.0,0.005701,216.0,0.005703,200.0
1753531778197,12:09:38.197,AGT/USDT:USDT,0.005692,393.0,0.005691,1562.0,0.005701,216.0,0.005703,200.0
1753531778198,12:09:38.198,AGT/USDT:USDT,0.005692,393.0,0.005691,1562.0,0.005701,216.0,0.005703,200.0
1753531778336,12:09:38.336,AGT/USDT:USDT,0.005692,393.0,0.005691,1562.0,0.005701,216.0,0.005703,200.0
1753531779124,12:09:39.124,AGT/USDT:USDT,0.005692,393.0,0.005691,1562.0,0.005701,335.0,0.005703,200.0
1753531779353,12:09:39.353,AGT/USDT:USDT,0.005692,393.0,0.005691,200.0,0.005701,335.0,0.005703,200.0
1753531779692,12:09:39.692,AGT/USDT:USDT,0.005692,193.0,0.005691,1562.0,0.005701,135.0,0.005703,200.0
1753531779710,12:09:39.710,AGT/USDT:USDT,0.005692,393.0,0.005691,1562.0,0.005701,319.0,0.005702,16.0
1753531779821,12:09:39.821,AGT/USDT:USDT,0.005692,393.0,0.005691,1562.0,0.0057,16.0,0.005701,119.0
1753531779906,12:09:39.906,AGT/USDT:USDT,0.005692,393.0,0.005691,1562.0,0.005701,119.0,0.005702,16.0
1753531780242,12:09:40.242,AGT/USDT:USDT,0.005692,393.0,0.005691,1562.0,0.005701,119.0,0.005702,16.0
1753531780326,12:09:40.326,AGT/USDT:USDT,0.005692,393.0,0.005691,1562.0,0.005702,16.0,0.005703,200.0
1753531780431,12:09:40.431,AGT/USDT:USDT,0.005692,393.0,0.005691,1562.0,0.005702,16.0,0.005703,200.0
1753531780506,12:09:40.506,AGT/USDT:USDT,0.005692,393.0,0.005691,1562.0,0.005702,16.0,0.005703,200.0
1753531780692,12:09:40.692,AGT/USDT:USDT,0.005692,393.0,0.005691,1562.0,0.005702,216.0,0.005703,200.0
1753531780896,12:09:40.896,AGT/USDT:USDT,0.005695,2036.0,0.005694,1037.0,0.005702,16.0,0.005706,9.0
1753531780995,12:09:40.995,AGT/USDT:USDT,0.005703,190.0,0.005702,288.0,0.005709,16.0,0.005719,9.0
1753531781089,12:09:41.089,AGT/USDT:USDT,0.005701,2025.0,0.0057,200.0,0.005717,200.0,0.005718,1237.0
1753531781197,12:09:41.197,AGT/USDT:USDT,0.005702,2.0,0.005701,2025.0,0.005712,1275.0,0.005713,238.0
1753531781225,12:09:41.225,AGT/USDT:USDT,0.005702,2.0,0.0057,200.0,0.005711,17.0,0.005712,1275.0
1753531781353,12:09:41.353,AGT/USDT:USDT,0.005701,2.0,0.0057,200.0,0.005711,17.0,0.005712,1288.0
1753531781467,12:09:41.467,AGT/USDT:USDT,0.005701,2.0,0.0057,438.0,0.005711,17.0,0.005712,1275.0
1753531781518,12:09:41.518,AGT/USDT:USDT,0.005701,2.0,0.0057,438.0,0.005711,17.0,0.005712,1275.0
1753531781670,12:09:41.670,AGT/USDT:USDT,0.005701,2.0,0.0057,438.0,0.005711,17.0,0.005712,1275.0
1753531781978,12:09:41.978,AGT/USDT:USDT,0.005701,2.0,0.0057,319.0,0.005711,17.0,0.005712,1275.0
1753531782030,12:09:42.030,AGT/USDT:USDT,0.005701,2.0,0.0057,200.0,0.005711,17.0,0.005712,1275.0
1753531782176,12:09:42.176,AGT/USDT:USDT,0.005701,2.0,0.0057,200.0,0.005711,2077.0,0.005712,1275.0
1753531782371,12:09:42.371,AGT/USDT:USDT,0.005701,2.0,0.0057,200.0,0.005711,2077.0,0.005712,1275.0
1753531782573,12:09:42.573,AGT/USDT:USDT,0.005701,2.0,0.0057,200.0,0.005711,2077.0,0.005712,1275.0
1753531782681,12:09:42.681,AGT/USDT:USDT,0.005701,2.0,0.0057,200.0,0.00571,200.0,0.005711,2277.0
1753531782722,12:09:42.722,AGT/USDT:USDT,0.005701,2.0,0.0057,200.0,0.005709,217.0,0.00571,200.0
1753531783095,12:09:43.095,AGT/USDT:USDT,0.005701,2.0,0.0057,319.0,0.005709,217.0,0.00571,200.0
1753531783125,12:09:43.125,AGT/USDT:USDT,0.005701,2.0,0.0057,319.0,0.005709,336.0,0.00571,319.0
1753531783212,12:09:43.212,AGT/USDT:USDT,0.005701,2.0,0.0057,319.0,0.005709,336.0,0.00571,319.0
1753531783352,12:09:43.352,AGT/USDT:USDT,0.005701,2.0,0.0057,200.0,0.005709,336.0,0.00571,319.0
1753531783441,12:09:43.441,AGT/USDT:USDT,0.005701,2.0,0.0057,200.0,0.005709,455.0,0.00571,438.0
1753531783660,12:09:43.660,AGT/USDT:USDT,0.005701,2.0,0.005699,674.0,0.005709,455.0,0.00571,438.0
1753531783706,12:09:43.706,AGT/USDT:USDT,0.0057,2.0,0.005699,674.0,0.005709,455.0,0.00571,438.0
1753531784053,12:09:44.053,AGT/USDT:USDT,0.0057,2.0,0.005699,674.0,0.005709,455.0,0.00571,438.0
1753531784157,12:09:44.157,AGT/USDT:USDT,0.0057,2.0,0.005699,793.0,0.005709,455.0,0.00571,438.0
1753531784472,12:09:44.472,AGT/USDT:USDT,0.0057,1459.0,0.005699,793.0,0.005709,455.0,0.00571,438.0
1753531784771,12:09:44.771,AGT/USDT:USDT,0.0057,97.0,0.005699,793.0,0.005709,455.0,0.00571,438.0
1753531784894,12:09:44.894,AGT/USDT:USDT,0.0057,97.0,0.005699,793.0,0.005709,455.0,0.00571,438.0
1753531785128,12:09:45.128,AGT/USDT:USDT,0.0057,2.0,0.005699,674.0,0.005709,455.0,0.00571,438.0
1753531785636,12:09:45.636,AGT/USDT:USDT,0.0057,202.0,0.005699,674.0,0.005709,455.0,0.00571,438.0
1753531785718,12:09:45.718,AGT/USDT:USDT,0.0057,392.0,0.005699,674.0,0.005709,455.0,0.00571,438.0
1753531786223,12:09:46.223,AGT/USDT:USDT,0.0057,297.0,0.005698,200.0,0.005709,455.0,0.00571,438.0
1753531786384,12:09:46.384,AGT/USDT:USDT,0.0057,2.0,0.005698,200.0,0.005709,455.0,0.00571,2474.0
1753531786446,12:09:46.446,AGT/USDT:USDT,0.005699,2.0,0.005696,200.0,0.005709,455.0,0.00571,2474.0
1753531786563,12:09:46.563,AGT/USDT:USDT,0.005697,202.0,0.005696,200.0,0.005709,455.0,0.00571,2474.0
1753531786608,12:09:46.608,AGT/USDT:USDT,0.005697,202.0,0.005696,200.0,0.005709,455.0,0.00571,2474.0
1753531786754,12:09:46.754,AGT/USDT:USDT,0.005697,202.0,0.005696,200.0,0.005706,1275.0,0.005709,228.0
1753531786896,12:09:46.896,AGT/USDT:USDT,0.005697,392.0,0.005696,344.0,0.005705,17.0,0.005709,200.0
1753531786981,12:09:46.981,AGT/USDT:USDT,0.005697,392.0,0.005696,344.0,0.005708,2073.0,0.005709,200.0
1753531787141,12:09:47.141,AGT/USDT:USDT,0.005697,392.0,0.005696,344.0,0.005708,2084.0,0.005709,200.0
1753531787335,12:09:47.335,AGT/USDT:USDT,0.005697,392.0,0.005696,344.0,0.005708,2073.0,0.005709,200.0
1753531787403,12:09:47.403,AGT/USDT:USDT,0.005697,392.0,0.005696,344.0,0.005708,2073.0,0.005709,200.0
1753531787603,12:09:47.603,AGT/USDT:USDT,0.005697,392.0,0.005696,344.0,0.005708,2073.0,0.00571,200.0
1753531788048,12:09:48.048,AGT/USDT:USDT,0.005699,2036.0,0.005697,392.0,0.005708,11.0,0.005711,200.0
1753531788190,12:09:48.190,AGT/USDT:USDT,0.0057,207.0,0.005699,2180.0,0.00571,120.0,0.005711,2265.0
1753531788238,12:09:48.238,AGT/USDT:USDT,0.0057,207.0,0.005699,2180.0,0.00571,120.0,0.005711,2265.0
1753531788336,12:09:48.336,AGT/USDT:USDT,0.0057,207.0,0.005699,2180.0,0.00571,131.0,0.005711,2265.0
1753531788591,12:09:48.591,AGT/USDT:USDT,0.0057,207.0,0.005699,2180.0,0.00571,131.0,0.005711,2265.0
1753531789026,12:09:49.026,AGT/USDT:USDT,0.0057,112.0,0.005699,2036.0,0.00571,131.0,0.005711,2265.0
1753531789211,12:09:49.211,AGT/USDT:USDT,0.0057,112.0,0.005699,1362.0,0.00571,131.0,0.005711,2265.0
1753531789471,12:09:49.471,AGT/USDT:USDT,0.0057,112.0,0.005699,1362.0,0.00571,131.0,0.005711,2265.0
1753531789550,12:09:49.550,AGT/USDT:USDT,0.0057,207.0,0.005699,1362.0,0.00571,131.0,0.005711,2265.0
1753531790534,12:09:50.534,AGT/USDT:USDT,0.0057,207.0,0.005699,1362.0,0.00571,120.0,0.005711,2265.0
1753531790734,12:09:50.734,AGT/USDT:USDT,0.0057,207.0,0.005699,1362.0,0.00571,131.0,0.005711,2265.0
1753531791234,12:09:51.234,AGT/USDT:USDT,0.0057,207.0,0.005699,1362.0,0.00571,120.0,0.005711,2265.0
1753531791334,12:09:51.334,AGT/USDT:USDT,0.0057,207.0,0.005699,1362.0,0.00571,131.0,0.005711,2265.0
1753531791436,12:09:51.436,AGT/USDT:USDT,0.0057,207.0,0.005699,1362.0,0.00571,120.0,0.005711,2265.0
1753531791635,12:09:51.635,AGT/USDT:USDT,0.0057,207.0,0.005699,1362.0,0.00571,131.0,0.005711,2265.0
1753531791716,12:09:51.716,AGT/USDT:USDT,0.0057,207.0,0.005699,1362.0,0.00571,131.0,0.005711,2265.0
1753531791960,12:09:51.960,AGT/USDT:USDT,0.0057,207.0,0.005699,1362.0,0.00571,131.0,0.005711,2265.0
1753531792119,12:09:52.119,AGT/USDT:USDT,0.0057,112.0,0.005699,1362.0,0.00571,131.0,0.005711,2265.0
1753531792913,12:09:52.913,AGT/USDT:USDT,0.0057,112.0,0.005699,1362.0,0.00571,131.0,0.005711,2265.0
1753531794334,12:09:54.334,AGT/USDT:USDT,0.0057,112.0,0.005699,1362.0,0.00571,120.0,0.005711,2265.0
1753531794534,12:09:54.534,AGT/USDT:USDT,0.0057,112.0,0.005699,1362.0,0.00571,130.0,0.005711,2265.0
1753531794743,12:09:54.743,AGT/USDT:USDT,0.0057,786.0,0.005699,1362.0,0.00571,130.0,0.005711,2265.0
1753531794945,12:09:54.945,AGT/USDT:USDT,0.0057,786.0,0.005699,1362.0,0.00571,120.0,0.005711,2265.0
1753531795035,12:09:55.035,AGT/USDT:USDT,0.0057,786.0,0.005699,1362.0,0.00571,129.0,0.005711,2265.0
1753531795135,12:09:55.135,AGT/USDT:USDT,0.0057,786.0,0.005699,1362.0,0.00571,120.0,0.005711,2265.0
1753531795263,12:09:55.263,AGT/USDT:USDT,0.0057,112.0,0.005699,1362.0,0.00571,120.0,0.005711,2265.0
1753531795585,12:09:55.585,AGT/USDT:USDT,0.0057,786.0,0.005699,1362.0,0.00571,1.0,0.005711,2265.0
1753531795633,12:09:55.633,AGT/USDT:USDT,0.0057,786.0,0.005699,1362.0,0.00571,10.0,0.005711,2265.0
1753531795762,12:09:55.762,AGT/USDT:USDT,0.0057,1823.0,0.005699,1362.0,0.00571,1.0,0.005711,200.0
1753531796080,12:09:56.080,AGT/USDT:USDT,0.0057,2034.0,0.005699,1362.0,0.00571,1.0,0.005711,200.0
1753531796332,12:09:56.332,AGT/USDT:USDT,0.0057,2034.0,0.005699,1362.0,0.00571,1.0,0.005711,200.0
1753531796502,12:09:56.502,AGT/USDT:USDT,0.0057,2034.0,0.005699,1362.0,0.00571,1.0,0.005715,2052.0
1753531796680,12:09:56.680,AGT/USDT:USDT,0.0057,4094.0,0.005699,1362.0,0.005714,1.0,0.005715,2052.0
1753531796706,12:09:56.706,AGT/USDT:USDT,0.0057,4094.0,0.005699,1362.0,0.005714,1.0,0.005715,2052.0
1753531796835,12:09:56.835,AGT/USDT:USDT,0.0057,4094.0,0.005699,1362.0,0.005714,10.0,0.005715,2052.0
1753531796933,12:09:56.933,AGT/USDT:USDT,0.0057,4094.0,0.005699,1362.0,0.005714,1.0,0.005715,2052.0
1753531797553,12:09:57.553,AGT/USDT:USDT,0.0057,4094.0,0.005699,1362.0,0.005714,1.0,0.005715,2052.0
1753531797712,12:09:57.712,AGT/USDT:USDT,0.0057,4094.0,0.005699,1362.0,0.005714,1.0,0.005715,2052.0
1753531798293,12:09:58.293,AGT/USDT:USDT,0.0057,786.0,0.005699,1362.0,0.005712,1037.0,0.005713,2036.0
1753531798351,12:09:58.351,AGT/USDT:USDT,0.0057,786.0,0.005699,1362.0,0.005711,1.0,0.005712,1037.0
1753531798435,12:09:58.435,AGT/USDT:USDT,0.0057,786.0,0.005699,1362.0,0.005711,1.0,0.005712,1045.0
1753531798533,12:09:58.533,AGT/USDT:USDT,0.0057,786.0,0.005699,1362.0,0.005711,1.0,0.005712,1037.0
1753531798696,12:09:58.696,AGT/USDT:USDT,0.0057,804.0,0.005699,1362.0,0.005711,1.0,0.005712,1037.0
1753531798796,12:09:58.796,AGT/USDT:USDT,0.0057,786.0,0.005699,1362.0,0.005711,1.0,0.005712,1037.0
1753531798834,12:09:58.834,AGT/USDT:USDT,0.0057,786.0,0.005699,1362.0,0.005711,9.0,0.005712,1037.0
1753531798991,12:09:58.991,AGT/USDT:USDT,0.0057,1823.0,0.005699,1362.0,0.005711,9.0,0.005712,1037.0
1753531799038,12:09:59.038,AGT/USDT:USDT,0.0057,1823.0,0.005699,1362.0,0.005711,1.0,0.005712,1037.0
1753531799197,12:09:59.197,AGT/USDT:USDT,0.0057,1823.0,0.005699,1362.0,0.005711,1.0,0.005712,1037.0
1753531799234,12:09:59.234,AGT/USDT:USDT,0.0057,786.0,0.005699,1362.0,0.005711,1.0,0.005712,1037.0
1753531799577,12:09:59.577,AGT/USDT:USDT,0.0057,1823.0,0.005699,1362.0,0.005711,1.0,0.005712,1037.0
1753531799990,12:09:59.990,AGT/USDT:USDT,0.0057,1823.0,0.005699,1362.0,0.005711,1.0,0.005713,2036.0
1753531800048,12:10:00.048,AGT/USDT:USDT,0.0057,1823.0,0.005699,1362.0,0.005712,1.0,0.005715,2052.0
1753531800184,12:10:00.184,AGT/USDT:USDT,0.005703,1362.0,0.0057,1728.0,0.005714,1.0,0.005715,2052.0
1753531800221,12:10:00.221,AGT/USDT:USDT,0.005704,17.0,0.005703,1362.0,0.005714,1.0,0.005715,2052.0
1753531800314,12:10:00.314,AGT/USDT:USDT,0.005704,17.0,0.0057,1711.0,0.005714,1.0,0.005715,2052.0
1753531800497,12:10:00.497,AGT/USDT:USDT,0.005701,17.0,0.005699,1362.0,0.005711,674.0,0.005712,1037.0
1753531800587,12:10:00.587,AGT/USDT:USDT,0.0057,17.0,0.005696,200.0,0.005708,200.0,0.005709,2502.0
1753531800622,12:10:00.622,AGT/USDT:USDT,0.005697,217.0,0.005696,200.0,0.005707,201.0,0.005708,200.0
1753531800725,12:10:00.725,AGT/USDT:USDT,0.005697,217.0,0.005696,200.0,0.005707,201.0,0.005708,200.0
1753531800835,12:10:00.835,AGT/USDT:USDT,0.005697,217.0,0.005696,200.0,0.005707,208.0,0.005708,200.0
1753531801254,12:10:01.254,AGT/USDT:USDT,0.005697,217.0,0.005696,200.0,0.005707,208.0,0.005708,200.0
1753531801685,12:10:01.685,AGT/USDT:USDT,0.005697,217.0,0.005696,200.0,0.005707,201.0,0.005708,200.0
1753531801722,12:10:01.722,AGT/USDT:USDT,0.005697,17.0,0.005696,200.0,0.005706,438.0,0.005707,120.0
1753531801822,12:10:01.822,AGT/USDT:USDT,0.005697,17.0,0.005696,200.0,0.005705,201.0,0.005706,438.0
1753531801900,12:10:01.900,AGT/USDT:USDT,0.005697,17.0,0.005696,319.0,0.005705,201.0,0.005706,438.0
1753531802033,12:10:02.033,AGT/USDT:USDT,0.005697,17.0,0.005696,438.0,0.005705,201.0,0.005706,438.0
1753531802238,12:10:02.238,AGT/USDT:USDT,0.005697,17.0,0.005696,438.0,0.005705,201.0,0.005706,200.0
1753531802447,12:10:02.447,AGT/USDT:USDT,0.005697,217.0,0.005696,438.0,0.005705,201.0,0.005708,200.0
1753531802512,12:10:02.512,AGT/USDT:USDT,0.005697,217.0,0.005696,438.0,0.005705,201.0,0.005708,200.0
1753531803152,12:10:03.152,AGT/USDT:USDT,0.005697,235.0,0.005696,438.0,0.005705,201.0,0.005708,200.0
1753531803327,12:10:03.327,AGT/USDT:USDT,0.005697,235.0,0.005696,438.0,0.005705,201.0,0.005708,200.0
1753531803424,12:10:03.424,AGT/USDT:USDT,0.005697,235.0,0.005696,438.0,0.005705,1.0,0.005708,200.0
1753531803522,12:10:03.522,AGT/USDT:USDT,0.005697,235.0,0.005696,438.0,0.005707,201.0,0.005708,200.0
1753531804041,12:10:04.041,AGT/USDT:USDT,0.0057,200.0,0.005699,2474.0,0.005707,201.0,0.005708,200.0
1753531804155,12:10:04.155,AGT/USDT:USDT,0.005701,17.0,0.0057,200.0,0.005707,201.0,0.005708,200.0
1753531804206,12:10:04.206,AGT/USDT:USDT,0.005701,17.0,0.0057,200.0,0.005707,201.0,0.005708,200.0
1753531804338,12:10:04.338,AGT/USDT:USDT,0.005701,17.0,0.0057,200.0,0.005707,201.0,0.005708,200.0
1753531804431,12:10:04.431,AGT/USDT:USDT,0.005701,217.0,0.0057,200.0,0.005707,1.0,0.005708,200.0
1753531804590,12:10:04.590,AGT/USDT:USDT,0.005701,217.0,0.0057,200.0,0.005707,1.0,0.005708,200.0
1753531805091,12:10:05.091,AGT/USDT:USDT,0.005701,217.0,0.0057,200.0,0.005707,1.0,0.005708,200.0
1753531805424,12:10:05.424,AGT/USDT:USDT,0.005701,217.0,0.0057,200.0,0.005707,1.0,0.005711,200.0
1753531805522,12:10:05.522,AGT/USDT:USDT,0.005701,217.0,0.0057,200.0,0.00571,439.0,0.005711,200.0
1753531806006,12:10:06.006,AGT/USDT:USDT,0.005701,217.0,0.0057,200.0,0.00571,439.0,0.005711,200.0
1753531806248,12:10:06.248,AGT/USDT:USDT,0.005701,217.0,0.0057,200.0,0.00571,439.0,0.005711,200.0
1753531806391,12:10:06.391,AGT/USDT:USDT,0.005701,17.0,0.0057,200.0,0.00571,439.0,0.005711,200.0
1753531806401,12:10:06.401,AGT/USDT:USDT,0.005701,217.0,0.0057,200.0,0.00571,439.0,0.005711,200.0
1753531806590,12:10:06.590,AGT/USDT:USDT,0.005707,2.0,0.005701,17.0,0.00571,446.0,0.005711,200.0
1753531806671,12:10:06.671,AGT/USDT:USDT,0.005701,136.0,0.0057,200.0,0.00571,438.0,0.005711,200.0
1753531806787,12:10:06.787,AGT/USDT:USDT,0.005701,136.0,0.0057,200.0,0.005709,201.0,0.00571,438.0
1753531807093,12:10:07.093,AGT/USDT:USDT,0.005701,136.0,0.0057,200.0,0.005709,201.0,0.00571,438.0
1753531807380,12:10:07.380,AGT/USDT:USDT,0.005701,136.0,0.0057,200.0,0.005709,201.0,0.00571,238.0
1753531807514,12:10:07.514,AGT/USDT:USDT,0.005701,136.0,0.0057,200.0,0.005709,201.0,0.00571,238.0
1753531807749,12:10:07.749,AGT/USDT:USDT,0.005701,136.0,0.0057,200.0,0.005709,201.0,0.00571,238.0
1753531808247,12:10:08.247,AGT/USDT:USDT,0.005701,136.0,0.0057,200.0,0.005709,201.0,0.00571,238.0
1753531808380,12:10:08.380,AGT/USDT:USDT,0.005701,336.0,0.0057,200.0,0.005709,201.0,0.00571,238.0
1753531809065,12:10:09.065,AGT/USDT:USDT,0.005701,336.0,0.0057,200.0,0.005709,201.0,0.00571,238.0
1753531809132,12:10:09.132,AGT/USDT:USDT,0.005701,336.0,0.0057,200.0,0.005709,201.0,0.00571,238.0
1753531809700,12:10:09.700,AGT/USDT:USDT,0.005701,336.0,0.0057,200.0,0.005709,201.0,0.00571,238.0
1753531809881,12:10:09.881,AGT/USDT:USDT,0.005701,336.0,0.0057,200.0,0.005709,201.0,0.00571,119.0
1753531810051,12:10:10.051,AGT/USDT:USDT,0.005701,336.0,0.0057,200.0,0.005709,201.0,0.00571,119.0
1753531810356,12:10:10.356,AGT/USDT:USDT,0.005701,336.0,0.0057,200.0,0.005709,201.0,0.00571,119.0
1753531810790,12:10:10.790,AGT/USDT:USDT,0.005703,119.0,0.005702,119.0,0.005708,200.0,0.005709,201.0
1753531810821,12:10:10.821,AGT/USDT:USDT,0.005703,136.0,0.005702,119.0,0.005707,1.0,0.005709,200.0
1753531810926,12:10:10.926,AGT/USDT:USDT,0.005703,136.0,0.005702,119.0,0.005708,1.0,0.005709,200.0
1753531811212,12:10:11.212,AGT/USDT:USDT,0.005703,136.0,0.005702,119.0,0.005708,1.0,0.005709,200.0
1753531811645,12:10:11.645,AGT/USDT:USDT,0.005703,136.0,0.005702,119.0,0.005708,1.0,0.005709,200.0
1753531812171,12:10:12.171,AGT/USDT:USDT,0.005703,136.0,0.005702,119.0,0.005708,1.0,0.005709,319.0
1753531812270,12:10:12.270,AGT/USDT:USDT,0.005703,136.0,0.005702,119.0,0.005708,1.0,0.005709,319.0
1753531812480,12:10:12.480,AGT/USDT:USDT,0.005703,136.0,0.005702,119.0,0.005708,1.0,0.005709,319.0
1753531812842,12:10:12.842,AGT/USDT:USDT,0.005703,136.0,0.005702,119.0,0.005708,1.0,0.005709,319.0
1753531812922,12:10:12.922,AGT/USDT:USDT,0.005703,136.0,0.005702,119.0,0.005708,1.0,0.005709,319.0
1753531813742,12:10:13.742,AGT/USDT:USDT,0.005703,255.0,0.005702,238.0,0.005708,1.0,0.005709,200.0
1753531814505,12:10:14.505,AGT/USDT:USDT,0.005703,255.0,0.005702,238.0,0.005708,1.0,0.005709,200.0
1753531816018,12:10:16.018,AGT/USDT:USDT,0.005703,255.0,0.005702,238.0,0.005708,1.0,0.005709,200.0
1753531816110,12:10:16.110,AGT/USDT:USDT,0.005703,255.0,0.005702,238.0,0.005708,1.0,0.005709,200.0
1753531816279,12:10:16.279,AGT/USDT:USDT,0.005703,255.0,0.005702,238.0,0.005708,1.0,0.005712,200.0
1753531816322,12:10:16.322,AGT/USDT:USDT,0.005703,255.0,0.005702,238.0,0.005711,201.0,0.005712,200.0
1753531816406,12:10:16.406,AGT/USDT:USDT,0.005703,255.0,0.005702,238.0,0.005711,201.0,0.005712,200.0
1753531816550,12:10:16.550,AGT/USDT:USDT,0.005703,255.0,0.005702,238.0,0.005711,201.0,0.005712,200.0
1753531816742,12:10:16.742,AGT/USDT:USDT,0.005705,119.0,0.005703,17.0,0.005711,320.0,0.005712,319.0
1753531816807,12:10:16.807,AGT/USDT:USDT,0.005705,119.0,0.005702,17.0,0.005711,320.0,0.005712,319.0
1753531816913,12:10:16.913,AGT/USDT:USDT,0.005705,119.0,0.005702,17.0,0.005711,320.0,0.005712,319.0
1753531817017,12:10:17.017,AGT/USDT:USDT,0.005702,17.0,0.005701,200.0,0.005711,439.0,0.005712,319.0
1753531817377,12:10:17.377,AGT/USDT:USDT,0.005702,17.0,0.005701,200.0,0.005711,439.0,0.005712,319.0
1753531817796,12:10:17.796,AGT/USDT:USDT,0.005702,17.0,0.005701,200.0,0.005711,439.0,0.005712,319.0
1753531818268,12:10:18.268,AGT/USDT:USDT,0.005702,217.0,0.005701,200.0,0.005711,439.0,0.005712,319.0
1753531819728,12:10:19.728,AGT/USDT:USDT,0.005702,217.0,0.005701,200.0,0.005711,439.0,0.005712,1356.0
1753531819831,12:10:19.831,AGT/USDT:USDT,0.005702,217.0,0.005701,200.0,0.005711,439.0,0.005712,1356.0
1753531819919,12:10:19.919,AGT/USDT:USDT,0.005702,217.0,0.005701,200.0,0.005711,439.0,0.005712,1356.0
1753531820235,12:10:20.235,AGT/USDT:USDT,0.005702,17.0,0.005701,200.0,0.005711,439.0,0.005712,1356.0
1753531820436,12:10:20.436,AGT/USDT:USDT,0.005702,17.0,0.005701,200.0,0.005711,447.0,0.005712,1356.0
1753531820533,12:10:20.533,AGT/USDT:USDT,0.005702,17.0,0.005701,200.0,0.005711,439.0,0.005712,1356.0
1753531820770,12:10:20.770,AGT/USDT:USDT,0.005702,17.0,0.005701,200.0,0.005711,439.0,0.005712,1356.0
1753531820848,12:10:20.848,AGT/USDT:USDT,0.005702,17.0,0.005701,200.0,0.005711,439.0,0.005712,1356.0
1753531821037,12:10:21.037,AGT/USDT:USDT,0.005702,17.0,0.005701,200.0,0.005711,447.0,0.005712,1356.0
1753531821634,12:10:21.634,AGT/USDT:USDT,0.005702,17.0,0.005701,200.0,0.005711,439.0,0.005712,1356.0
1753531821713,12:10:21.713,AGT/USDT:USDT,0.005702,17.0,0.005701,200.0,0.005711,439.0,0.005712,1356.0
1753531821835,12:10:21.835,AGT/USDT:USDT,0.005702,17.0,0.005701,200.0,0.005711,447.0,0.005712,1356.0
1753531822754,12:10:22.754,AGT/USDT:USDT,0.005702,17.0,0.005701,200.0,0.005711,439.0,0.005712,2030.0
1753531822852,12:10:22.852,AGT/USDT:USDT,0.005702,17.0,0.005701,200.0,0.005711,439.0,0.005712,1356.0
1753531822937,12:10:22.937,AGT/USDT:USDT,0.005702,17.0,0.005701,200.0,0.005711,449.0,0.005712,1356.0
1753531823201,12:10:23.201,AGT/USDT:USDT,0.005702,17.0,0.0057,200.0,0.005711,449.0,0.005712,1356.0
1753531823322,12:10:23.322,AGT/USDT:USDT,0.005701,217.0,0.0057,200.0,0.005711,449.0,0.005712,1356.0
1753531823406,12:10:23.406,AGT/USDT:USDT,0.005701,217.0,0.0057,200.0,0.005711,449.0,0.005712,1356.0
1753531823507,12:10:23.507,AGT/USDT:USDT,0.005701,217.0,0.0057,200.0,0.005711,449.0,0.005712,1356.0
1753531823835,12:10:23.835,AGT/USDT:USDT,0.005701,217.0,0.0057,200.0,0.005711,439.0,0.005712,1356.0
1753531824234,12:10:24.234,AGT/USDT:USDT,0.005701,217.0,0.0057,200.0,0.005711,449.0,0.005712,1356.0
1753531824333,12:10:24.333,AGT/USDT:USDT,0.005701,217.0,0.0057,200.0,0.005711,439.0,0.005712,1356.0
1753531824654,12:10:24.654,AGT/USDT:USDT,0.005701,217.0,0.0057,200.0,0.005711,439.0,0.005712,1356.0
1753531824835,12:10:24.835,AGT/USDT:USDT,0.005701,217.0,0.0057,200.0,0.005711,449.0,0.005712,1356.0
1753531825189,12:10:25.189,AGT/USDT:USDT,0.005701,217.0,0.0057,200.0,0.005711,449.0,0.005712,1356.0
1753531825438,12:10:25.438,AGT/USDT:USDT,0.005701,217.0,0.0057,200.0,0.005711,439.0,0.005712,1356.0
1753531825736,12:10:25.736,AGT/USDT:USDT,0.005701,136.0,0.0057,438.0,0.00571,200.0,0.005711,320.0
1753531825896,12:10:25.896,AGT/USDT:USDT,0.005701,136.0,0.0057,438.0,0.00571,200.0,0.005711,330.0
1753531825935,12:10:25.935,AGT/USDT:USDT,0.005701,136.0,0.0057,438.0,0.00571,200.0,0.005711,320.0
1753531826062,12:10:26.062,AGT/USDT:USDT,0.005701,136.0,0.0057,438.0,0.005709,320.0,0.00571,200.0
1753531826178,12:10:26.178,AGT/USDT:USDT,0.005701,336.0,0.0057,438.0,0.005709,320.0,0.00571,200.0
1753531826332,12:10:26.332,AGT/USDT:USDT,0.005701,336.0,0.0057,438.0,0.005709,320.0,0.00571,200.0
1753531826513,12:10:26.513,AGT/USDT:USDT,0.005701,336.0,0.0057,438.0,0.005709,320.0,0.00571,200.0
1753531826754,12:10:26.754,AGT/USDT:USDT,0.005701,336.0,0.0057,438.0,0.005709,320.0,0.00571,200.0
1753531827167,12:10:27.167,AGT/USDT:USDT,0.005701,336.0,0.0057,438.0,0.005709,320.0,0.00571,200.0
1753531829145,12:10:29.145,AGT/USDT:USDT,0.005701,336.0,0.0057,438.0,0.005709,320.0,0.00571,200.0
1753531830006,12:10:30.006,AGT/USDT:USDT,0.005701,336.0,0.0057,438.0,0.005709,320.0,0.00571,200.0
1753531830126,12:10:30.126,AGT/USDT:USDT,0.005701,336.0,0.0057,438.0,0.005709,320.0,0.00571,200.0
1753531831124,12:10:31.124,AGT/USDT:USDT,0.005701,336.0,0.0057,438.0,0.005709,320.0,0.00571,200.0
1753531831313,12:10:31.313,AGT/USDT:USDT,0.005701,336.0,0.0057,438.0,0.005709,320.0,0.00571,200.0
1753531831611,12:10:31.611,AGT/USDT:USDT,0.005701,336.0,0.0057,438.0,0.005709,320.0,0.00571,200.0
1753531831719,12:10:31.719,AGT/USDT:USDT,0.005701,336.0,0.0057,438.0,0.005709,1.0,0.00571,200.0
1753531831821,12:10:31.821,AGT/USDT:USDT,0.005701,336.0,0.0057,1475.0,0.005709,1.0,0.00571,200.0
1753531832131,12:10:32.131,AGT/USDT:USDT,0.005701,336.0,0.0057,1475.0,0.005709,201.0,0.005712,200.0
1753531832414,12:10:32.414,AGT/USDT:USDT,0.005701,336.0,0.0057,1475.0,0.005709,201.0,0.005712,200.0
1753531833126,12:10:33.126,AGT/USDT:USDT,0.005701,336.0,0.0057,1475.0,0.005709,201.0,0.005712,200.0
1753531834114,12:10:34.114,AGT/USDT:USDT,0.005701,336.0,0.0057,1475.0,0.005709,201.0,0.005712,200.0
1753531834615,12:10:34.615,AGT/USDT:USDT,0.005701,336.0,0.0057,1475.0,0.005709,201.0,0.005712,200.0
1753531834719,12:10:34.719,AGT/USDT:USDT,0.005701,336.0,0.0057,1475.0,0.005709,1.0,0.005712,200.0
1753531834822,12:10:34.822,AGT/USDT:USDT,0.005701,336.0,0.0057,1475.0,0.005711,201.0,0.005712,200.0
1753531835042,12:10:35.042,AGT/USDT:USDT,0.005701,336.0,0.0057,1475.0,0.005711,214.0,0.005712,200.0
1753531835286,12:10:35.286,AGT/USDT:USDT,0.005701,336.0,0.0057,438.0,0.005711,214.0,0.005712,1237.0
1753531835333,12:10:35.333,AGT/USDT:USDT,0.005701,336.0,0.0057,438.0,0.005711,201.0,0.005712,1237.0
1753531835436,12:10:35.436,AGT/USDT:USDT,0.005701,336.0,0.0057,438.0,0.005711,214.0,0.005712,1237.0
1753531835658,12:10:35.658,AGT/USDT:USDT,0.005701,336.0,0.0057,438.0,0.005711,214.0,0.005712,1237.0
1753531836039,12:10:36.039,AGT/USDT:USDT,0.005701,336.0,0.0057,438.0,0.005711,201.0,0.005712,1237.0
1753531836113,12:10:36.113,AGT/USDT:USDT,0.005701,336.0,0.0057,438.0,0.005711,201.0,0.005712,1237.0
1753531836835,12:10:36.835,AGT/USDT:USDT,0.005701,336.0,0.0057,438.0,0.005711,214.0,0.005712,1237.0
1753531837272,12:10:37.272,AGT/USDT:USDT,0.005701,336.0,0.0057,319.0,0.005711,214.0,0.005712,3273.0
1753531837340,12:10:37.340,AGT/USDT:USDT,0.005701,217.0,0.0057,200.0,0.005711,201.0,0.005712,3273.0
1753531837718,12:10:37.718,AGT/USDT:USDT,0.005701,17.0,0.0057,200.0,0.00571,200.0,0.005711,201.0
1753531837822,12:10:37.822,AGT/USDT:USDT,0.005701,17.0,0.0057,200.0,0.005709,201.0,0.005711,200.0
1753531838425,12:10:38.425,AGT/USDT:USDT,0.005701,17.0,0.0057,200.0,0.005709,320.0,0.005711,200.0
1753531839053,12:10:39.053,AGT/USDT:USDT,0.005701,17.0,0.0057,200.0,0.005709,320.0,0.005711,200.0
1753531839260,12:10:39.260,AGT/USDT:USDT,0.005701,136.0,0.0057,200.0,0.005709,320.0,0.005711,200.0
1753531839701,12:10:39.701,AGT/USDT:USDT,0.005701,136.0,0.0057,200.0,0.005709,320.0,0.005711,200.0
1753531839890,12:10:39.890,AGT/USDT:USDT,0.005701,136.0,0.0057,200.0,0.005709,320.0,0.005711,200.0
1753531840042,12:10:40.042,AGT/USDT:USDT,0.005701,336.0,0.0057,200.0,0.005709,320.0,0.005711,200.0
1753531840213,12:10:40.213,AGT/USDT:USDT,0.005701,336.0,0.0057,1237.0,0.005709,201.0,0.005711,200.0
1753531840498,12:10:40.498,AGT/USDT:USDT,0.005701,336.0,0.0057,1237.0,0.005709,201.0,0.005711,200.0
1753531840498,12:10:40.498,AGT/USDT:USDT,0.005701,336.0,0.0057,1237.0,0.005709,201.0,0.005711,200.0
1753531840665,12:10:40.665,AGT/USDT:USDT,0.005701,336.0,0.0057,1237.0,0.005709,201.0,0.005711,200.0
1753531840914,12:10:40.914,AGT/USDT:USDT,0.005701,336.0,0.0057,1237.0,0.005709,201.0,0.005711,200.0
1753531841021,12:10:41.021,AGT/USDT:USDT,0.005701,336.0,0.0057,1237.0,0.005709,1.0,0.005712,200.0
1753531841122,12:10:41.122,AGT/USDT:USDT,0.005701,336.0,0.0057,1237.0,0.005711,201.0,0.005712,200.0
1753531841341,12:10:41.341,AGT/USDT:USDT,0.005704,438.0,0.005703,2036.0,0.005711,201.0,0.005712,200.0
1753531841421,12:10:41.421,AGT/USDT:USDT,0.005705,17.0,0.005704,438.0,0.005711,201.0,0.005712,200.0
1753531841506,12:10:41.506,AGT/USDT:USDT,0.005705,17.0,0.005704,438.0,0.005711,201.0,0.005712,200.0
1753531841631,12:10:41.631,AGT/USDT:USDT,0.005705,17.0,0.005704,438.0,0.005711,201.0,0.005712,200.0
1753531841782,12:10:41.782,AGT/USDT:USDT,0.005705,17.0,0.005704,438.0,0.005711,201.0,0.005712,200.0
1753531841840,12:10:41.840,AGT/USDT:USDT,0.005705,17.0,0.005704,438.0,0.005711,201.0,0.005712,200.0
1753531842024,12:10:42.024,AGT/USDT:USDT,0.005705,217.0,0.005704,438.0,0.005711,201.0,0.005716,200.0
1753531842121,12:10:42.121,AGT/USDT:USDT,0.005705,217.0,0.005704,438.0,0.005711,201.0,0.005716,1562.0
1753531842211,12:10:42.211,AGT/USDT:USDT,0.005705,217.0,0.005704,438.0,0.005711,201.0,0.005716,1562.0
1753531842634,12:10:42.634,AGT/USDT:USDT,0.005705,217.0,0.005704,438.0,0.005711,201.0,0.005716,1562.0
1753531843008,12:10:43.008,AGT/USDT:USDT,0.005705,217.0,0.005704,438.0,0.005711,201.0,0.005715,200.0
1753531843468,12:10:43.468,AGT/USDT:USDT,0.005705,217.0,0.005704,438.0,0.005711,201.0,0.005715,200.0
1753531843997,12:10:43.997,AGT/USDT:USDT,0.005705,217.0,0.005704,438.0,0.005711,201.0,0.005715,200.0
1753531844002,12:10:44.002,AGT/USDT:USDT,0.005705,217.0,0.005704,438.0,0.005711,201.0,0.005715,200.0
1753531845714,12:10:45.714,AGT/USDT:USDT,0.005705,217.0,0.005704,438.0,0.005711,201.0,0.005715,200.0
1753531845965,12:10:45.965,AGT/USDT:USDT,0.005705,217.0,0.005704,438.0,0.005711,1.0,0.005715,200.0
1753531846022,12:10:46.022,AGT/USDT:USDT,0.005705,217.0,0.005704,438.0,0.005714,201.0,0.005715,200.0
1753531846308,12:10:46.308,AGT/USDT:USDT,0.005705,217.0,0.005704,438.0,0.005714,201.0,0.005715,200.0
1753531846750,12:10:46.750,AGT/USDT:USDT,0.005705,217.0,0.005704,438.0,0.005714,201.0,0.005715,200.0
1753531846994,12:10:46.994,AGT/USDT:USDT,0.005705,217.0,0.005704,438.0,0.005714,201.0,0.005716,200.0
1753531847523,12:10:47.523,AGT/USDT:USDT,0.005705,217.0,0.005704,438.0,0.005714,201.0,0.005716,200.0
1753531847681,12:10:47.681,AGT/USDT:USDT,0.005705,217.0,0.005704,438.0,0.005714,201.0,0.005716,200.0
1753531847943,12:10:47.943,AGT/USDT:USDT,0.005705,217.0,0.005704,438.0,0.005714,1.0,0.005716,200.0
1753531848022,12:10:48.022,AGT/USDT:USDT,0.005705,217.0,0.005704,438.0,0.005715,201.0,0.005716,200.0
1753531848110,12:10:48.110,AGT/USDT:USDT,0.005705,217.0,0.005704,438.0,0.005715,201.0,0.005716,200.0
1753531848207,12:10:48.207,AGT/USDT:USDT,0.005705,217.0,0.005704,438.0,0.005715,201.0,0.005716,200.0
1753531848494,12:10:48.494,AGT/USDT:USDT,0.005707,2155.0,0.005705,217.0,0.005715,201.0,0.005716,200.0
1753531848521,12:10:48.521,AGT/USDT:USDT,0.005708,136.0,0.005707,2155.0,0.005715,201.0,0.005716,200.0
1753531848753,12:10:48.753,AGT/USDT:USDT,0.005708,136.0,0.005707,2155.0,0.005715,201.0,0.005716,200.0
1753531849002,12:10:49.002,AGT/USDT:USDT,0.005708,136.0,0.005707,2155.0,0.005715,201.0,0.005716,200.0
1753531849179,12:10:49.179,AGT/USDT:USDT,0.005708,136.0,0.005707,2155.0,0.005715,201.0,0.005716,200.0
1753531849663,12:10:49.663,AGT/USDT:USDT,0.005708,136.0,0.005707,4190.0,0.005715,201.0,0.005716,200.0
1753531849930,12:10:49.930,AGT/USDT:USDT,0.005708,136.0,0.005707,4190.0,0.005715,201.0,0.005716,200.0
1753531850454,12:10:50.454,AGT/USDT:USDT,0.005708,136.0,0.005707,4190.0,0.005715,201.0,0.005716,200.0
1753531850515,12:10:50.515,AGT/USDT:USDT,0.005708,136.0,0.005707,4190.0,0.005715,201.0,0.005716,200.0
1753531850617,12:10:50.617,AGT/USDT:USDT,0.005708,136.0,0.005707,4190.0,0.005715,201.0,0.005716,200.0
1753531850766,12:10:50.766,AGT/USDT:USDT,0.005708,1173.0,0.005707,4190.0,0.005719,9.0,0.005723,674.0
1753531850898,12:10:50.898,AGT/USDT:USDT,0.005708,1173.0,0.005707,4190.0,0.005719,9.0,0.005726,1362.0
1753531850991,12:10:50.991,AGT/USDT:USDT,0.005708,1173.0,0.005707,4190.0,0.005719,209.0,0.005724,1711.0
1753531851081,12:10:51.081,AGT/USDT:USDT,0.005712,1600.0,0.005711,674.0,0.005719,209.0,0.005724,1037.0
1753531851121,12:10:51.121,AGT/USDT:USDT,0.005713,17.0,0.005712,1600.0,0.005719,209.0,0.005724,1037.0
1753531851227,12:10:51.227,AGT/USDT:USDT,0.005713,17.0,0.005712,1600.0,0.005719,447.0,0.00572,238.0
1753531851308,12:10:51.308,AGT/USDT:USDT,0.005713,17.0,0.005712,1600.0,0.005719,447.0,0.00572,238.0
1753531851733,12:10:51.733,AGT/USDT:USDT,0.005713,17.0,0.005712,1600.0,0.005719,447.0,0.00572,238.0
1753531851908,12:10:51.908,AGT/USDT:USDT,0.005713,17.0,0.005712,1600.0,0.005719,447.0,0.00572,238.0
1753531852002,12:10:52.002,AGT/USDT:USDT,0.005713,17.0,0.005712,1600.0,0.005719,447.0,0.00572,238.0
1753531852140,12:10:52.140,AGT/USDT:USDT,0.005713,17.0,0.005712,119.0,0.005719,447.0,0.00572,238.0
1753531852327,12:10:52.327,AGT/USDT:USDT,0.005713,17.0,0.005711,674.0,0.005719,447.0,0.00572,238.0
1753531852407,12:10:52.407,AGT/USDT:USDT,0.005712,17.0,0.005711,674.0,0.005719,447.0,0.00572,238.0
1753531852559,12:10:52.559,AGT/USDT:USDT,0.005712,17.0,0.005711,674.0,0.005719,447.0,0.00572,238.0
1753531853383,12:10:53.383,AGT/USDT:USDT,0.005712,17.0,0.005708,1037.0,0.005719,447.0,0.00572,238.0
1753531853430,12:10:53.430,AGT/USDT:USDT,0.005711,1600.0,0.005709,17.0,0.005719,447.0,0.00572,238.0
1753531853511,12:10:53.511,AGT/USDT:USDT,0.005712,17.0,0.005711,1600.0,0.005719,447.0,0.00572,238.0
1753531853852,12:10:53.852,AGT/USDT:USDT,0.005712,17.0,0.005711,1481.0,0.005719,447.0,0.00572,238.0
1753531853931,12:10:53.931,AGT/USDT:USDT,0.005712,17.0,0.005711,119.0,0.005719,447.0,0.00572,238.0
1753531854999,12:10:54.999,AGT/USDT:USDT,0.005712,17.0,0.005711,119.0,0.005719,328.0,0.00572,119.0
1753531855037,12:10:55.037,AGT/USDT:USDT,0.005712,17.0,0.005711,119.0,0.005719,458.0,0.00572,119.0
1753531855135,12:10:55.135,AGT/USDT:USDT,0.005712,17.0,0.005711,119.0,0.005719,447.0,0.00572,119.0
1753531855864,12:10:55.864,AGT/USDT:USDT,0.005712,17.0,0.005711,119.0,0.005719,447.0,0.00572,119.0
1753531856115,12:10:56.115,AGT/USDT:USDT,0.005712,17.0,0.005711,119.0,0.005719,447.0,0.00572,119.0
1753531856406,12:10:56.406,AGT/USDT:USDT,0.005712,17.0,0.005711,119.0,0.005719,447.0,0.00572,119.0
1753531857234,12:10:57.234,AGT/USDT:USDT,0.005712,17.0,0.005711,119.0,0.005719,458.0,0.00572,119.0
1753531857335,12:10:57.335,AGT/USDT:USDT,0.005712,17.0,0.005711,119.0,0.005719,447.0,0.00572,119.0
1753531857477,12:10:57.477,AGT/USDT:USDT,0.005712,17.0,0.005711,119.0,0.005719,447.0,0.00572,119.0
1753531858194,12:10:58.194,AGT/USDT:USDT,0.005712,136.0,0.005708,1037.0,0.005719,209.0,0.005723,200.0
1753531858292,12:10:58.292,AGT/USDT:USDT,0.005712,255.0,0.005708,1037.0,0.005719,209.0,0.005722,2031.0
1753531858435,12:10:58.435,AGT/USDT:USDT,0.005712,255.0,0.005708,1037.0,0.005719,220.0,0.005722,2031.0
1753531858534,12:10:58.534,AGT/USDT:USDT,0.005712,255.0,0.005708,1037.0,0.005719,209.0,0.005722,2031.0
1753531858700,12:10:58.700,AGT/USDT:USDT,0.005712,255.0,0.005708,1037.0,0.005719,209.0,0.005722,2031.0
1753531858830,12:10:58.830,AGT/USDT:USDT,0.005712,255.0,0.005708,1037.0,0.005719,209.0,0.005721,200.0
1753531859036,12:10:59.036,AGT/USDT:USDT,0.005712,255.0,0.005708,1037.0,0.005719,220.0,0.005721,200.0
1753531859271,12:10:59.271,AGT/USDT:USDT,0.005712,136.0,0.005708,1037.0,0.005719,458.0,0.005721,200.0
1753531859334,12:10:59.334,AGT/USDT:USDT,0.005712,136.0,0.005708,1037.0,0.005719,447.0,0.005721,200.0
1753531859435,12:10:59.435,AGT/USDT:USDT,0.005712,136.0,0.005708,1037.0,0.005719,458.0,0.005721,200.0
1753531859584,12:10:59.584,AGT/USDT:USDT,0.005712,255.0,0.005708,1037.0,0.005719,209.0,0.005721,200.0
1753531859824,12:10:59.824,AGT/USDT:USDT,0.005712,255.0,0.005708,1037.0,0.005719,209.0,0.005721,200.0
1753531860008,12:11:00.008,AGT/USDT:USDT,0.005712,255.0,0.005708,1037.0,0.005719,209.0,0.005721,200.0
1753531860186,12:11:00.186,AGT/USDT:USDT,0.005713,2036.0,0.005712,255.0,0.005719,209.0,0.005721,200.0
1753531860286,12:11:00.286,AGT/USDT:USDT,0.005714,136.0,0.005713,2155.0,0.005719,209.0,0.00572,238.0
1753531860397,12:11:00.397,AGT/USDT:USDT,0.005707,2036.0,0.005704,200.0,0.005719,209.0,0.00572,238.0
1753531860474,12:11:00.474,AGT/USDT:USDT,0.005708,17.0,0.005704,200.0,0.005718,200.0,0.005719,209.0
1753531860582,12:11:00.582,AGT/USDT:USDT,0.005707,2036.0,0.005705,3.0,0.005717,216.0,0.005718,200.0
1753531860696,12:11:00.696,AGT/USDT:USDT,0.005708,3.0,0.005707,2036.0,0.005717,216.0,0.005718,200.0
1753531860787,12:11:00.787,AGT/USDT:USDT,0.005708,3.0,0.005707,2036.0,0.005717,216.0,0.005718,200.0
1753531860914,12:11:00.914,AGT/USDT:USDT,0.005708,3.0,0.005707,2036.0,0.005717,216.0,0.005718,200.0
1753531861047,12:11:01.047,AGT/USDT:USDT,0.005708,3.0,0.005707,2036.0,0.005717,227.0,0.005718,200.0
1753531861121,12:11:01.121,AGT/USDT:USDT,0.005708,3.0,0.005707,2036.0,0.005717,346.0,0.005718,200.0
1753531861222,12:11:01.222,AGT/USDT:USDT,0.005708,122.0,0.005707,2036.0,0.005717,335.0,0.005718,200.0
1753531861633,12:11:01.633,AGT/USDT:USDT,0.005708,122.0,0.005707,2036.0,0.005717,335.0,0.005718,200.0
1753531861797,12:11:01.797,AGT/USDT:USDT,0.005708,122.0,0.005707,2036.0,0.005717,335.0,0.005718,200.0
1753531862324,12:11:02.324,AGT/USDT:USDT,0.005708,3.0,0.005707,1362.0,0.005717,335.0,0.005718,200.0
1753531863118,12:11:03.118,AGT/USDT:USDT,0.005708,677.0,0.005707,1362.0,0.005717,335.0,0.005718,200.0
1753531863775,12:11:03.775,AGT/USDT:USDT,0.005708,677.0,0.005707,1362.0,0.005717,335.0,0.005718,200.0
1753531864382,12:11:04.382,AGT/USDT:USDT,0.005708,1732.0,0.005707,1362.0,0.005717,16.0,0.005718,200.0
1753531864498,12:11:04.498,AGT/USDT:USDT,0.005709,2308.0,0.005708,1714.0,0.005717,16.0,0.005719,9.0
1753531864539,12:11:04.539,AGT/USDT:USDT,0.00571,3.0,0.005709,2269.0,0.005718,16.0,0.005719,9.0
1753531864681,12:11:04.681,AGT/USDT:USDT,0.00571,26.0,0.005709,2269.0,0.005718,16.0,0.005719,9.0
1753531864763,12:11:04.763,AGT/USDT:USDT,0.00571,26.0,0.005709,2269.0,0.005718,16.0,0.005719,9.0
1753531864822,12:11:04.822,AGT/USDT:USDT,0.00571,26.0,0.005709,2269.0,0.005718,16.0,0.005719,9.0
1753531864919,12:11:04.919,AGT/USDT:USDT,0.00571,26.0,0.005709,2269.0,0.005718,16.0,0.005719,9.0
1753531865081,12:11:05.081,AGT/USDT:USDT,0.005712,238.0,0.005711,238.0,0.005718,16.0,0.005719,247.0
1753531865172,12:11:05.172,AGT/USDT:USDT,0.005713,3.0,0.005712,119.0,0.005718,16.0,0.005719,247.0
1753531865222,12:11:05.222,AGT/USDT:USDT,0.005713,3.0,0.005712,119.0,0.005718,16.0,0.005719,247.0
1753531865346,12:11:05.346,AGT/USDT:USDT,0.005713,3.0,0.005712,119.0,0.005718,16.0,0.005719,247.0
1753531865567,12:11:05.567,AGT/USDT:USDT,0.005713,3.0,0.005712,119.0,0.005718,16.0,0.005719,247.0
1753531865615,12:11:05.615,AGT/USDT:USDT,0.005713,3.0,0.005712,119.0,0.005718,16.0,0.005719,247.0
1753531865775,12:11:05.775,AGT/USDT:USDT,0.005713,3.0,0.005712,119.0,0.005718,16.0,0.005719,247.0
1753531866022,12:11:06.022,AGT/USDT:USDT,0.005713,3.0,0.005712,119.0,0.005718,16.0,0.005719,247.0
1753531866742,12:11:06.742,AGT/USDT:USDT,0.005713,3.0,0.005712,119.0,0.005718,216.0,0.005719,247.0
1753531866935,12:11:06.935,AGT/USDT:USDT,0.005713,3.0,0.005712,119.0,0.005717,1.0,0.005718,216.0
