timestamp,time,symbol,bid1_price,bid1_volume,bid2_price,bid2_volume,ask1_price,ask1_volume,ask2_price,ask2_volume
1753531560000,12:06:00.000,ALCH/USDT:USDT,0.13939,212.0,0.13937,68.0,0.13961,32.0,0.13964,213.0
1753531560653,12:06:00.653,ALCH/USDT:USDT,0.1394,32.0,0.13937,32.0,0.13961,32.0,0.13964,213.0
1753531560741,12:06:00.741,ALCH/USDT:USDT,0.1394,32.0,0.13937,32.0,0.13961,32.0,0.13964,213.0
1753531560770,12:06:00.770,ALCH/USDT:USDT,0.13937,36.0,0.13933,32.0,0.13961,32.0,0.13964,213.0
1753531560944,12:06:00.944,ALCH/USDT:USDT,0.13938,32.0,0.13937,36.0,0.13961,32.0,0.13964,213.0
1753531561509,12:06:01.509,ALCH/USDT:USDT,0.13938,32.0,0.13937,36.0,0.13961,32.0,0.13964,213.0
1753531561699,12:06:01.699,ALCH/USDT:USDT,0.13939,32.0,0.13938,72.0,0.13961,32.0,0.13964,213.0
1753531561812,12:06:01.812,ALCH/USDT:USDT,0.13939,32.0,0.13938,72.0,0.13961,32.0,0.13964,213.0
1753531562359,12:06:02.359,ALCH/USDT:USDT,0.13933,32.0,0.13932,122.0,0.13963,32.0,0.13964,245.0
1753531562495,12:06:02.495,ALCH/USDT:USDT,0.13933,32.0,0.13932,122.0,0.13963,32.0,0.13964,213.0
1753531562662,12:06:02.662,ALCH/USDT:USDT,0.13933,32.0,0.13932,122.0,0.13963,32.0,0.13964,213.0
1753531562918,12:06:02.918,ALCH/USDT:USDT,0.13934,32.0,0.13933,36.0,0.13963,32.0,0.13964,213.0
1753531563081,12:06:03.081,ALCH/USDT:USDT,0.13934,32.0,0.13933,36.0,0.13963,32.0,0.13964,213.0
1753531563900,12:06:03.900,ALCH/USDT:USDT,0.13934,32.0,0.13933,36.0,0.13963,32.0,0.13964,213.0
1753531565060,12:06:05.060,ALCH/USDT:USDT,0.13934,32.0,0.13933,36.0,0.13963,32.0,0.13964,213.0
1753531565751,12:06:05.751,ALCH/USDT:USDT,0.13934,32.0,0.13933,36.0,0.13963,32.0,0.13964,213.0
1753531565838,12:06:05.838,ALCH/USDT:USDT,0.13936,32.0,0.13935,72.0,0.13963,32.0,0.13964,213.0
1753531565952,12:06:05.952,ALCH/USDT:USDT,0.13936,68.0,0.13935,72.0,0.13963,32.0,0.13964,213.0
1753531565972,12:06:05.972,ALCH/USDT:USDT,0.13937,32.0,0.13936,108.0,0.13963,32.0,0.13964,213.0
1753531566065,12:06:06.065,ALCH/USDT:USDT,0.13937,32.0,0.13936,108.0,0.13963,32.0,0.13964,213.0
1753531566214,12:06:06.214,ALCH/USDT:USDT,0.13937,32.0,0.13936,108.0,0.13962,32.0,0.13963,181.0
1753531566338,12:06:06.338,ALCH/USDT:USDT,0.13937,32.0,0.13936,108.0,0.13961,32.0,0.13964,213.0
1753531566746,12:06:06.746,ALCH/USDT:USDT,0.13938,32.0,0.13937,36.0,0.13961,32.0,0.13964,213.0
1753531566914,12:06:06.914,ALCH/USDT:USDT,0.13938,32.0,0.13937,36.0,0.1396,182.0,0.13961,32.0
1753531567019,12:06:07.019,ALCH/USDT:USDT,0.13938,32.0,0.13937,36.0,0.13961,32.0,0.13964,213.0
1753531567454,12:06:07.454,ALCH/USDT:USDT,0.13938,32.0,0.13937,36.0,0.13961,32.0,0.13964,213.0
1753531568875,12:06:08.875,ALCH/USDT:USDT,0.13938,68.0,0.13937,36.0,0.13961,32.0,0.13964,213.0
1753531569041,12:06:09.041,ALCH/USDT:USDT,0.13938,104.0,0.13937,36.0,0.1396,18.0,0.13961,32.0
1753531569072,12:06:09.072,ALCH/USDT:USDT,0.13938,176.0,0.13937,36.0,0.1396,18.0,0.13961,32.0
1753531569329,12:06:09.329,ALCH/USDT:USDT,0.13939,32.0,0.13938,176.0,0.13961,32.0,0.13964,213.0
1753531569416,12:06:09.416,ALCH/USDT:USDT,0.13939,32.0,0.13938,32.0,0.13961,32.0,0.13964,213.0
1753531569504,12:06:09.504,ALCH/USDT:USDT,0.13936,36.0,0.13932,32.0,0.13961,32.0,0.13964,213.0
1753531569652,12:06:09.652,ALCH/USDT:USDT,0.13937,32.0,0.13936,180.0,0.13961,32.0,0.13964,213.0
1753531569665,12:06:09.665,ALCH/USDT:USDT,0.13937,32.0,0.13936,144.0,0.13961,40.0,0.13964,213.0
1753531569847,12:06:09.847,ALCH/USDT:USDT,0.13937,68.0,0.13936,144.0,0.13961,34.0,0.13964,213.0
1753531569862,12:06:09.862,ALCH/USDT:USDT,0.13938,32.0,0.13936,144.0,0.13961,34.0,0.13964,213.0
1753531570003,12:06:10.003,ALCH/USDT:USDT,0.13938,32.0,0.13936,144.0,0.13961,34.0,0.13964,213.0
1753531571429,12:06:11.429,ALCH/USDT:USDT,0.13939,32.0,0.13937,32.0,0.13961,34.0,0.13964,213.0
1753531571648,12:06:11.648,ALCH/USDT:USDT,0.13938,32.0,0.13936,144.0,0.13961,34.0,0.13964,213.0
1753531571943,12:06:11.943,ALCH/USDT:USDT,0.13938,104.0,0.13936,144.0,0.13961,34.0,0.13965,32.0
1753531572051,12:06:12.051,ALCH/USDT:USDT,0.13939,68.0,0.13938,36.0,0.13965,34.0,0.13966,50.0
1753531572140,12:06:12.140,ALCH/USDT:USDT,0.1394,32.0,0.13939,32.0,0.13965,34.0,0.13966,50.0
1753531572206,12:06:12.206,ALCH/USDT:USDT,0.1394,32.0,0.13938,36.0,0.13965,34.0,0.13966,50.0
1753531572297,12:06:12.297,ALCH/USDT:USDT,0.13941,32.0,0.1394,36.0,0.13965,2.0,0.13966,50.0
1753531572360,12:06:12.360,ALCH/USDT:USDT,0.13941,32.0,0.1394,36.0,0.13965,2.0,0.13966,50.0
1753531572538,12:06:12.538,ALCH/USDT:USDT,0.13941,32.0,0.1394,36.0,0.13965,2.0,0.13966,50.0
1753531572599,12:06:12.599,ALCH/USDT:USDT,0.13941,68.0,0.1394,36.0,0.13966,50.0,0.13967,32.0
1753531573291,12:06:13.291,ALCH/USDT:USDT,0.13945,32.0,0.13944,32.0,0.13966,65.0,0.13967,32.0
1753531573426,12:06:13.426,ALCH/USDT:USDT,0.13945,32.0,0.13943,59.0,0.13966,65.0,0.13967,32.0
1753531573459,12:06:13.459,ALCH/USDT:USDT,0.13945,32.0,0.13943,59.0,0.13966,65.0,0.13967,32.0
1753531573571,12:06:13.571,ALCH/USDT:USDT,0.13945,68.0,0.13943,59.0,0.13966,65.0,0.13967,32.0
1753531573705,12:06:13.705,ALCH/USDT:USDT,0.13945,68.0,0.13943,59.0,0.13966,65.0,0.13967,32.0
1753531573842,12:06:13.842,ALCH/USDT:USDT,0.13945,68.0,0.13943,59.0,0.13966,50.0,0.13967,32.0
1753531574116,12:06:14.116,ALCH/USDT:USDT,0.13945,68.0,0.13943,59.0,0.13966,65.0,0.13967,32.0
1753531574233,12:06:14.233,ALCH/USDT:USDT,0.13945,68.0,0.13943,59.0,0.13966,65.0,0.13967,32.0
1753531574676,12:06:14.676,ALCH/USDT:USDT,0.13945,68.0,0.13943,91.0,0.13966,66.0,0.13967,32.0
1753531574806,12:06:14.806,ALCH/USDT:USDT,0.13945,68.0,0.13943,91.0,0.13966,50.0,0.13967,32.0
1753531575621,12:06:15.621,ALCH/USDT:USDT,0.13945,176.0,0.13943,91.0,0.13966,50.0,0.13967,32.0
1753531575752,12:06:15.752,ALCH/USDT:USDT,0.13945,176.0,0.13943,91.0,0.13966,50.0,0.13967,32.0
1753531575823,12:06:15.823,ALCH/USDT:USDT,0.13946,32.0,0.13945,108.0,0.13966,50.0,0.13967,32.0
1753531576069,12:06:16.069,ALCH/USDT:USDT,0.13946,32.0,0.13945,108.0,0.13966,50.0,0.13967,32.0
1753531576343,12:06:16.343,ALCH/USDT:USDT,0.13946,32.0,0.13945,108.0,0.13966,50.0,0.13967,32.0
1753531576463,12:06:16.463,ALCH/USDT:USDT,0.13946,32.0,0.13945,108.0,0.13966,50.0,0.13967,32.0
1753531576573,12:06:16.573,ALCH/USDT:USDT,0.13946,32.0,0.13945,108.0,0.13966,50.0,0.13967,32.0
1753531577799,12:06:17.799,ALCH/USDT:USDT,0.13946,32.0,0.13945,108.0,0.13966,50.0,0.13967,32.0
1753531578212,12:06:18.212,ALCH/USDT:USDT,0.13946,32.0,0.13945,108.0,0.13966,50.0,0.13967,32.0
1753531578519,12:06:18.519,ALCH/USDT:USDT,0.13946,32.0,0.13945,108.0,0.13966,50.0,0.13967,32.0
1753531578559,12:06:18.559,ALCH/USDT:USDT,0.13946,32.0,0.13945,108.0,0.13966,50.0,0.13967,32.0
1753531578883,12:06:18.883,ALCH/USDT:USDT,0.13946,68.0,0.13935,32.0,0.13966,50.0,0.13967,32.0
1753531579020,12:06:19.020,ALCH/USDT:USDT,0.13946,68.0,0.13935,32.0,0.13966,50.0,0.13967,32.0
1753531579858,12:06:19.858,ALCH/USDT:USDT,0.13946,68.0,0.13935,32.0,0.13966,50.0,0.13967,32.0
1753531580027,12:06:20.027,ALCH/USDT:USDT,0.13946,68.0,0.13935,32.0,0.13966,50.0,0.13967,32.0
1753531580878,12:06:20.878,ALCH/USDT:USDT,0.13946,68.0,0.13935,32.0,0.13966,50.0,0.13967,32.0
1753531581873,12:06:21.873,ALCH/USDT:USDT,0.13946,212.0,0.13935,32.0,0.13966,50.0,0.13967,32.0
1753531581959,12:06:21.959,ALCH/USDT:USDT,0.13946,212.0,0.13935,32.0,0.13966,50.0,0.13967,32.0
1753531582760,12:06:22.760,ALCH/USDT:USDT,0.13946,212.0,0.13935,32.0,0.13966,50.0,0.13967,32.0
1753531584292,12:06:24.292,ALCH/USDT:USDT,0.13946,212.0,0.13935,32.0,0.13966,50.0,0.13967,32.0
1753531584533,12:06:24.533,ALCH/USDT:USDT,0.13946,212.0,0.13935,32.0,0.13966,82.0,0.13968,50.0
1753531584916,12:06:24.916,ALCH/USDT:USDT,0.13946,212.0,0.13935,32.0,0.13966,82.0,0.13968,50.0
1753531585360,12:06:25.360,ALCH/USDT:USDT,0.13946,212.0,0.13935,32.0,0.13966,32.0,0.13968,50.0
1753531587011,12:06:27.011,ALCH/USDT:USDT,0.13946,68.0,0.13935,32.0,0.13966,32.0,0.13968,50.0
1753531587066,12:06:27.066,ALCH/USDT:USDT,0.13946,68.0,0.13935,32.0,0.13966,32.0,0.13968,50.0
1753531587235,12:06:27.235,ALCH/USDT:USDT,0.13946,68.0,0.13935,32.0,0.13966,32.0,0.13968,50.0
1753531587676,12:06:27.676,ALCH/USDT:USDT,0.13946,68.0,0.13935,32.0,0.13966,32.0,0.13968,50.0
1753531588240,12:06:28.240,ALCH/USDT:USDT,0.13946,68.0,0.13935,32.0,0.13966,32.0,0.13968,50.0
1753531588258,12:06:28.258,ALCH/USDT:USDT,0.13946,68.0,0.13935,32.0,0.13966,32.0,0.13968,50.0
1753531589522,12:06:29.522,ALCH/USDT:USDT,0.13946,140.0,0.13935,32.0,0.13966,32.0,0.13968,50.0
1753531590456,12:06:30.456,ALCH/USDT:USDT,0.13946,212.0,0.13935,32.0,0.13966,32.0,0.13968,50.0
1753531590561,12:06:30.561,ALCH/USDT:USDT,0.13946,212.0,0.13935,32.0,0.13966,32.0,0.13968,50.0
1753531591298,12:06:31.298,ALCH/USDT:USDT,0.13946,212.0,0.13935,32.0,0.13966,32.0,0.13968,50.0
1753531591707,12:06:31.707,ALCH/USDT:USDT,0.13946,212.0,0.13935,32.0,0.13966,32.0,0.13968,50.0
1753531592148,12:06:32.148,ALCH/USDT:USDT,0.13946,212.0,0.13935,32.0,0.13966,32.0,0.13968,50.0
1753531593436,12:06:33.436,ALCH/USDT:USDT,0.13946,212.0,0.13935,32.0,0.13966,32.0,0.13968,50.0
1753531594315,12:06:34.315,ALCH/USDT:USDT,0.13946,180.0,0.13935,32.0,0.13965,145.0,0.13966,32.0
1753531594562,12:06:34.562,ALCH/USDT:USDT,0.13946,180.0,0.13935,32.0,0.13966,32.0,0.13968,50.0
1753531598331,12:06:38.331,ALCH/USDT:USDT,0.13946,180.0,0.13935,32.0,0.13966,82.0,0.13968,50.0
1753531600193,12:06:40.193,ALCH/USDT:USDT,0.13946,180.0,0.13935,32.0,0.13966,32.0,0.13968,50.0
1753531600308,12:06:40.308,ALCH/USDT:USDT,0.13946,180.0,0.13935,32.0,0.13966,82.0,0.13968,50.0
1753531602171,12:06:42.171,ALCH/USDT:USDT,0.13946,180.0,0.13935,32.0,0.13966,32.0,0.13968,50.0
1753531602286,12:06:42.286,ALCH/USDT:USDT,0.13946,180.0,0.13935,32.0,0.13966,82.0,0.13968,50.0
1753531604149,12:06:44.149,ALCH/USDT:USDT,0.13946,180.0,0.13935,32.0,0.13966,32.0,0.13968,50.0
1753531604272,12:06:44.272,ALCH/USDT:USDT,0.13946,180.0,0.13935,32.0,0.13966,82.0,0.13968,50.0
1753531604672,12:06:44.672,ALCH/USDT:USDT,0.13946,180.0,0.13935,32.0,0.13966,82.0,0.13968,50.0
1753531605703,12:06:45.703,ALCH/USDT:USDT,0.13946,180.0,0.13935,32.0,0.13966,82.0,0.13968,50.0
1753531606126,12:06:46.126,ALCH/USDT:USDT,0.13946,180.0,0.13935,32.0,0.13966,32.0,0.13968,50.0
1753531606242,12:06:46.242,ALCH/USDT:USDT,0.13946,180.0,0.13935,32.0,0.13966,82.0,0.13968,50.0
1753531608106,12:06:48.106,ALCH/USDT:USDT,0.13946,180.0,0.13935,32.0,0.13966,32.0,0.13968,50.0
1753531608219,12:06:48.219,ALCH/USDT:USDT,0.13946,180.0,0.13935,32.0,0.13966,82.0,0.13968,50.0
1753531610088,12:06:50.088,ALCH/USDT:USDT,0.13946,180.0,0.13935,32.0,0.13966,32.0,0.13968,50.0
1753531610197,12:06:50.197,ALCH/USDT:USDT,0.13946,180.0,0.13935,32.0,0.13966,82.0,0.13968,50.0
1753531612059,12:06:52.059,ALCH/USDT:USDT,0.13946,180.0,0.13935,32.0,0.13966,32.0,0.13968,50.0
1753531612175,12:06:52.175,ALCH/USDT:USDT,0.13946,180.0,0.13935,32.0,0.13966,82.0,0.13968,50.0
1753531612447,12:06:52.447,ALCH/USDT:USDT,0.13947,175.0,0.13935,32.0,0.13966,50.0,0.13968,50.0
1753531612700,12:06:52.700,ALCH/USDT:USDT,0.13947,175.0,0.13935,32.0,0.13966,50.0,0.13968,50.0
1753531613114,12:06:53.114,ALCH/USDT:USDT,0.13947,175.0,0.13935,32.0,0.13966,50.0,0.13968,50.0
1753531613304,12:06:53.304,ALCH/USDT:USDT,0.13947,247.0,0.13935,32.0,0.13966,50.0,0.13968,50.0
1753531613356,12:06:53.356,ALCH/USDT:USDT,0.13947,211.0,0.13935,32.0,0.13966,50.0,0.13968,50.0
1753531614037,12:06:54.037,ALCH/USDT:USDT,0.13947,211.0,0.13935,32.0,0.13968,50.0,0.13969,32.0
1753531614333,12:06:54.333,ALCH/USDT:USDT,0.13947,211.0,0.13935,32.0,0.13968,50.0,0.13969,32.0
1753531614749,12:06:54.749,ALCH/USDT:USDT,0.13947,247.0,0.13935,32.0,0.13968,50.0,0.13969,32.0
1753531614758,12:06:54.758,ALCH/USDT:USDT,0.13947,211.0,0.13935,32.0,0.13968,50.0,0.13969,32.0
1753531615771,12:06:55.771,ALCH/USDT:USDT,0.13948,31.0,0.13947,36.0,0.13968,50.0,0.13969,32.0
1753531616137,12:06:56.137,ALCH/USDT:USDT,0.13936,31.0,0.13935,72.0,0.13968,50.0,0.13969,32.0
1753531616157,12:06:56.157,ALCH/USDT:USDT,0.13936,31.0,0.13935,72.0,0.13968,50.0,0.13969,32.0
1753531616557,12:06:56.557,ALCH/USDT:USDT,0.13937,31.0,0.13936,67.0,0.13968,50.0,0.13969,32.0
1753531616676,12:06:56.676,ALCH/USDT:USDT,0.13938,31.0,0.13937,72.0,0.13968,50.0,0.13969,32.0
1753531616796,12:06:56.796,ALCH/USDT:USDT,0.13938,31.0,0.13937,72.0,0.13968,50.0,0.13969,32.0
1753531617215,12:06:57.215,ALCH/USDT:USDT,0.13938,31.0,0.13937,72.0,0.13968,50.0,0.13969,32.0
1753531617868,12:06:57.868,ALCH/USDT:USDT,0.13939,31.0,0.13938,36.0,0.13968,50.0,0.13969,32.0
1753531618062,12:06:58.062,ALCH/USDT:USDT,0.1394,31.0,0.13939,36.0,0.13968,50.0,0.13969,32.0
1753531618159,12:06:58.159,ALCH/USDT:USDT,0.1394,31.0,0.13939,36.0,0.13968,50.0,0.13969,32.0
1753531618976,12:06:58.976,ALCH/USDT:USDT,0.1394,31.0,0.13939,36.0,0.13968,50.0,0.13969,32.0
1753531619096,12:06:59.096,ALCH/USDT:USDT,0.1394,31.0,0.13939,36.0,0.13968,50.0,0.13969,32.0
1753531619269,12:06:59.269,ALCH/USDT:USDT,0.1394,31.0,0.13939,36.0,0.13968,50.0,0.13969,32.0
1753531621407,12:07:01.407,ALCH/USDT:USDT,0.13941,31.0,0.1394,72.0,0.13968,50.0,0.13973,31.0
1753531621740,12:07:01.740,ALCH/USDT:USDT,0.13941,31.0,0.1394,72.0,0.13968,50.0,0.13973,31.0
1753531621948,12:07:01.948,ALCH/USDT:USDT,0.13941,31.0,0.1394,72.0,0.13973,31.0,0.13974,181.0
1753531622036,12:07:02.036,ALCH/USDT:USDT,0.13942,31.0,0.13941,67.0,0.13971,31.0,0.13972,50.0
1753531622076,12:07:02.076,ALCH/USDT:USDT,0.13943,31.0,0.13942,36.0,0.1397,81.0,0.13971,50.0
1753531622208,12:07:02.208,ALCH/USDT:USDT,0.13943,31.0,0.13942,36.0,0.1397,81.0,0.13971,50.0
1753531622450,12:07:02.450,ALCH/USDT:USDT,0.13943,67.0,0.13942,36.0,0.1397,81.0,0.13971,50.0
1753531622457,12:07:02.457,ALCH/USDT:USDT,0.13944,31.0,0.13943,67.0,0.1397,81.0,0.13971,50.0
1753531623117,12:07:03.117,ALCH/USDT:USDT,0.13944,31.0,0.13943,36.0,0.13969,31.0,0.1397,50.0
1753531623218,12:07:03.218,ALCH/USDT:USDT,0.13944,31.0,0.13943,36.0,0.13969,31.0,0.1397,50.0
1753531623796,12:07:03.796,ALCH/USDT:USDT,0.13945,31.0,0.13944,36.0,0.13969,31.0,0.1397,50.0
1753531624041,12:07:04.041,ALCH/USDT:USDT,0.13945,31.0,0.13944,36.0,0.13969,81.0,0.1397,50.0
1753531625043,12:07:05.043,ALCH/USDT:USDT,0.13945,31.0,0.13944,36.0,0.13969,81.0,0.1397,50.0
1753531625909,12:07:05.909,ALCH/USDT:USDT,0.13945,31.0,0.13944,36.0,0.13969,31.0,0.1397,50.0
1753531626038,12:07:06.038,ALCH/USDT:USDT,0.13946,31.0,0.13945,108.0,0.13969,81.0,0.1397,50.0
1753531626138,12:07:06.138,ALCH/USDT:USDT,0.13946,67.0,0.13945,72.0,0.13969,81.0,0.1397,50.0
1753531626974,12:07:06.974,ALCH/USDT:USDT,0.13947,31.0,0.13946,36.0,0.13969,81.0,0.1397,50.0
1753531627156,12:07:07.156,ALCH/USDT:USDT,0.13947,67.0,0.13946,36.0,0.13968,195.0,0.13969,31.0
1753531627302,12:07:07.302,ALCH/USDT:USDT,0.13947,103.0,0.13946,36.0,0.13968,197.0,0.13969,31.0
1753531627452,12:07:07.452,ALCH/USDT:USDT,0.13947,103.0,0.13946,36.0,0.13968,197.0,0.13969,31.0
1753531627898,12:07:07.898,ALCH/USDT:USDT,0.13947,103.0,0.13946,36.0,0.13968,197.0,0.13969,31.0
1753531628065,12:07:08.065,ALCH/USDT:USDT,0.13947,103.0,0.13946,36.0,0.13968,52.0,0.13969,31.0
1753531629113,12:07:09.113,ALCH/USDT:USDT,0.13947,103.0,0.13946,36.0,0.13968,52.0,0.13969,31.0
1753531629528,12:07:09.528,ALCH/USDT:USDT,0.13947,103.0,0.13946,36.0,0.13968,52.0,0.13969,31.0
1753531629576,12:07:09.576,ALCH/USDT:USDT,0.13947,103.0,0.13946,36.0,0.13968,52.0,0.13969,31.0
1753531629660,12:07:09.660,ALCH/USDT:USDT,0.13947,103.0,0.13946,36.0,0.13968,52.0,0.13969,31.0
1753531629811,12:07:09.811,ALCH/USDT:USDT,0.13947,103.0,0.13946,36.0,0.13968,52.0,0.13969,31.0
1753531629969,12:07:09.969,ALCH/USDT:USDT,0.13947,103.0,0.13946,36.0,0.13968,52.0,0.13969,31.0
1753531630819,12:07:10.819,ALCH/USDT:USDT,0.13947,103.0,0.13946,36.0,0.13968,52.0,0.13969,31.0
1753531631136,12:07:11.136,ALCH/USDT:USDT,0.13947,103.0,0.13946,36.0,0.13968,52.0,0.13969,31.0
1753531631538,12:07:11.538,ALCH/USDT:USDT,0.13947,211.0,0.13934,31.0,0.13968,52.0,0.13969,31.0
1753531631559,12:07:11.559,ALCH/USDT:USDT,0.13947,211.0,0.13934,31.0,0.13968,52.0,0.13969,31.0
1753531631706,12:07:11.706,ALCH/USDT:USDT,0.13947,211.0,0.13934,31.0,0.13968,52.0,0.13969,31.0
1753531632041,12:07:12.041,ALCH/USDT:USDT,0.13947,211.0,0.13934,31.0,0.13968,52.0,0.13969,31.0
1753531632055,12:07:12.055,ALCH/USDT:USDT,0.13947,211.0,0.13934,31.0,0.13968,52.0,0.13969,31.0
1753531632325,12:07:12.325,ALCH/USDT:USDT,0.13947,211.0,0.13934,31.0,0.13968,52.0,0.13969,31.0
1753531632563,12:07:12.563,ALCH/USDT:USDT,0.13947,211.0,0.13934,31.0,0.13968,52.0,0.13969,31.0
1753531632656,12:07:12.656,ALCH/USDT:USDT,0.13947,211.0,0.13934,31.0,0.13968,52.0,0.13969,31.0
1753531634219,12:07:14.219,ALCH/USDT:USDT,0.13947,211.0,0.13934,31.0,0.13968,50.0,0.13969,31.0
1753531634918,12:07:14.918,ALCH/USDT:USDT,0.13947,211.0,0.13934,31.0,0.13968,31.0,0.1397,50.0
1753531635045,12:07:15.045,ALCH/USDT:USDT,0.13947,211.0,0.13934,31.0,0.13968,31.0,0.1397,50.0
1753531635907,12:07:15.907,ALCH/USDT:USDT,0.13947,211.0,0.13934,31.0,0.13968,81.0,0.1397,50.0
1753531637770,12:07:17.770,ALCH/USDT:USDT,0.13947,211.0,0.13934,31.0,0.13968,31.0,0.1397,50.0
1753531637885,12:07:17.885,ALCH/USDT:USDT,0.13947,211.0,0.13934,31.0,0.13968,81.0,0.1397,50.0
1753531638664,12:07:18.664,ALCH/USDT:USDT,0.13948,67.0,0.13934,31.0,0.13968,50.0,0.1397,50.0
1753531638777,12:07:18.777,ALCH/USDT:USDT,0.13948,139.0,0.13934,31.0,0.13968,50.0,0.1397,50.0
1753531638887,12:07:18.887,ALCH/USDT:USDT,0.13948,175.0,0.13934,31.0,0.13968,50.0,0.1397,50.0
1753531639049,12:07:19.049,ALCH/USDT:USDT,0.13948,175.0,0.13934,31.0,0.13968,50.0,0.1397,50.0
1753531639058,12:07:19.058,ALCH/USDT:USDT,0.13948,175.0,0.13934,31.0,0.13968,50.0,0.1397,50.0
1753531639748,12:07:19.748,ALCH/USDT:USDT,0.13948,175.0,0.13934,31.0,0.1397,50.0,0.13971,31.0
1753531640141,12:07:20.141,ALCH/USDT:USDT,0.13934,139.0,0.13933,14.0,0.13967,81.0,0.13968,81.0
1753531640242,12:07:20.242,ALCH/USDT:USDT,0.13938,31.0,0.13937,50.0,0.13967,81.0,0.13968,81.0
1753531640291,12:07:20.291,ALCH/USDT:USDT,0.13938,31.0,0.13937,50.0,0.13967,81.0,0.13968,50.0
1753531640501,12:07:20.501,ALCH/USDT:USDT,0.13938,31.0,0.13937,50.0,0.13967,81.0,0.13968,50.0
1753531640924,12:07:20.924,ALCH/USDT:USDT,0.13938,31.0,0.13937,50.0,0.13967,81.0,0.13968,50.0
1753531641190,12:07:21.190,ALCH/USDT:USDT,0.13938,31.0,0.13937,50.0,0.13967,81.0,0.13968,50.0
1753531641725,12:07:21.725,ALCH/USDT:USDT,0.13938,31.0,0.13937,50.0,0.13967,31.0,0.13968,50.0
1753531641840,12:07:21.840,ALCH/USDT:USDT,0.13938,31.0,0.13937,50.0,0.13967,81.0,0.13968,50.0
1753531642569,12:07:22.569,ALCH/USDT:USDT,0.13938,31.0,0.13937,50.0,0.13967,81.0,0.13968,50.0
1753531642714,12:07:22.714,ALCH/USDT:USDT,0.13938,31.0,0.13937,50.0,0.13967,81.0,0.13968,50.0
1753531642821,12:07:22.821,ALCH/USDT:USDT,0.13938,31.0,0.13937,50.0,0.13967,81.0,0.13968,50.0
1753531643744,12:07:23.744,ALCH/USDT:USDT,0.1394,103.0,0.13939,36.0,0.13967,31.0,0.13968,50.0
1753531643818,12:07:23.818,ALCH/USDT:USDT,0.13941,31.0,0.1394,72.0,0.13967,81.0,0.13968,50.0
1753531643856,12:07:23.856,ALCH/USDT:USDT,0.13941,31.0,0.1394,72.0,0.13967,81.0,0.13968,50.0
1753531643956,12:07:23.956,ALCH/USDT:USDT,0.13941,31.0,0.1394,72.0,0.13967,81.0,0.13968,50.0
1753531644334,12:07:24.334,ALCH/USDT:USDT,0.13941,31.0,0.1394,72.0,0.13967,81.0,0.13968,50.0
1753531644355,12:07:24.355,ALCH/USDT:USDT,0.13941,31.0,0.1394,72.0,0.13967,81.0,0.13968,50.0
1753531644538,12:07:24.538,ALCH/USDT:USDT,0.13942,31.0,0.13941,36.0,0.13967,81.0,0.13968,50.0
1753531644575,12:07:24.575,ALCH/USDT:USDT,0.13942,31.0,0.13941,36.0,0.13967,81.0,0.13968,50.0
1753531644692,12:07:24.692,ALCH/USDT:USDT,0.13942,31.0,0.13941,36.0,0.13967,81.0,0.13971,31.0
1753531645015,12:07:25.015,ALCH/USDT:USDT,0.13942,31.0,0.13941,36.0,0.13967,81.0,0.13971,31.0
1753531645683,12:07:25.683,ALCH/USDT:USDT,0.13942,31.0,0.13941,36.0,0.13971,31.0,0.13972,50.0
1753531645852,12:07:25.852,ALCH/USDT:USDT,0.13942,31.0,0.13941,36.0,0.13969,31.0,0.13971,31.0
1753531645988,12:07:25.988,ALCH/USDT:USDT,0.13942,31.0,0.13941,36.0,0.13971,31.0,0.13972,50.0
1753531646740,12:07:26.740,ALCH/USDT:USDT,0.13942,175.0,0.13941,36.0,0.13971,31.0,0.13972,50.0
1753531646775,12:07:26.775,ALCH/USDT:USDT,0.13944,31.0,0.13943,72.0,0.13971,31.0,0.13972,50.0
1753531646935,12:07:26.935,ALCH/USDT:USDT,0.13944,31.0,0.13943,72.0,0.1397,181.0,0.13971,31.0
1753531647072,12:07:27.072,ALCH/USDT:USDT,0.13944,31.0,0.13943,72.0,0.1397,181.0,0.13971,31.0
1753531647548,12:07:27.548,ALCH/USDT:USDT,0.13944,31.0,0.13943,72.0,0.1397,181.0,0.13971,31.0
1753531647582,12:07:27.582,ALCH/USDT:USDT,0.13944,31.0,0.13943,72.0,0.13969,31.0,0.1397,181.0
1753531647908,12:07:27.908,ALCH/USDT:USDT,0.13944,31.0,0.13943,72.0,0.13969,31.0,0.1397,181.0
1753531648335,12:07:28.335,ALCH/USDT:USDT,0.13944,31.0,0.13943,72.0,0.13971,31.0,0.13972,50.0
1753531649140,12:07:29.140,ALCH/USDT:USDT,0.13944,31.0,0.13943,72.0,0.13971,31.0,0.13972,50.0
1753531649780,12:07:29.780,ALCH/USDT:USDT,0.13945,31.0,0.13944,216.0,0.13971,44.0,0.13972,50.0
1753531650522,12:07:30.522,ALCH/USDT:USDT,0.13945,31.0,0.13944,216.0,0.1397,181.0,0.13971,44.0
1753531650629,12:07:30.629,ALCH/USDT:USDT,0.13945,31.0,0.13944,216.0,0.1397,31.0,0.13971,13.0
1753531650757,12:07:30.757,ALCH/USDT:USDT,0.13945,31.0,0.13944,216.0,0.1397,31.0,0.13971,13.0
1753531651041,12:07:31.041,ALCH/USDT:USDT,0.13945,31.0,0.13944,216.0,0.1397,40.0,0.13972,50.0
1753531651244,12:07:31.244,ALCH/USDT:USDT,0.13945,31.0,0.13944,216.0,0.1397,40.0,0.13972,50.0
1753531651987,12:07:31.987,ALCH/USDT:USDT,0.13945,31.0,0.13944,216.0,0.1397,40.0,0.13972,50.0
1753531652454,12:07:32.454,ALCH/USDT:USDT,0.13945,31.0,0.13944,216.0,0.1397,31.0,0.13972,50.0
1753531652662,12:07:32.662,ALCH/USDT:USDT,0.13945,31.0,0.13944,216.0,0.1397,31.0,0.13972,50.0
1753531653116,12:07:33.116,ALCH/USDT:USDT,0.13946,31.0,0.13945,36.0,0.1397,31.0,0.13972,50.0
1753531653164,12:07:33.164,ALCH/USDT:USDT,0.13946,31.0,0.13945,36.0,0.1397,31.0,0.13972,50.0
1753531653259,12:07:33.259,ALCH/USDT:USDT,0.13946,31.0,0.13945,36.0,0.1397,31.0,0.13972,50.0
1753531653359,12:07:33.359,ALCH/USDT:USDT,0.13946,31.0,0.13945,36.0,0.1397,31.0,0.13972,50.0
1753531653900,12:07:33.900,ALCH/USDT:USDT,0.13947,31.0,0.13946,144.0,0.1397,31.0,0.13972,50.0
1753531654013,12:07:34.013,ALCH/USDT:USDT,0.13948,31.0,0.13947,72.0,0.1397,31.0,0.13972,50.0
1753531654167,12:07:34.167,ALCH/USDT:USDT,0.13948,31.0,0.13947,36.0,0.1397,31.0,0.13972,50.0
1753531654430,12:07:34.430,ALCH/USDT:USDT,0.13948,31.0,0.13947,36.0,0.1397,31.0,0.13972,50.0
1753531654848,12:07:34.848,ALCH/USDT:USDT,0.13948,31.0,0.13947,36.0,0.1397,31.0,0.13972,50.0
1753531654873,12:07:34.873,ALCH/USDT:USDT,0.13948,31.0,0.13947,36.0,0.1397,31.0,0.13972,50.0
1753531655070,12:07:35.070,ALCH/USDT:USDT,0.13948,31.0,0.13947,36.0,0.1397,31.0,0.13972,50.0
1753531655476,12:07:35.476,ALCH/USDT:USDT,0.13948,31.0,0.13947,36.0,0.1397,31.0,0.13972,50.0
1753531655583,12:07:35.583,ALCH/USDT:USDT,0.13948,31.0,0.13947,36.0,0.1397,31.0,0.13972,50.0
1753531655817,12:07:35.817,ALCH/USDT:USDT,0.13948,31.0,0.13947,36.0,0.13969,31.0,0.1397,181.0
1753531656066,12:07:36.066,ALCH/USDT:USDT,0.13948,31.0,0.13947,36.0,0.13969,31.0,0.1397,181.0
1753531656168,12:07:36.168,ALCH/USDT:USDT,0.13948,31.0,0.13947,36.0,0.13969,31.0,0.1397,181.0
1753531656345,12:07:36.345,ALCH/USDT:USDT,0.13948,31.0,0.13947,36.0,0.13969,31.0,0.1397,181.0
1753531656395,12:07:36.395,ALCH/USDT:USDT,0.13948,31.0,0.13947,36.0,0.13971,31.0,0.13972,50.0
1753531656483,12:07:36.483,ALCH/USDT:USDT,0.13948,67.0,0.13947,36.0,0.1397,32.0,0.13971,181.0
1753531656645,12:07:36.645,ALCH/USDT:USDT,0.13948,67.0,0.13947,36.0,0.1397,213.0,0.13972,50.0
1753531656672,12:07:36.672,ALCH/USDT:USDT,0.13948,67.0,0.13947,36.0,0.13969,32.0,0.1397,181.0
1753531656901,12:07:36.901,ALCH/USDT:USDT,0.13948,67.0,0.13947,36.0,0.13969,32.0,0.1397,181.0
1753531657304,12:07:37.304,ALCH/USDT:USDT,0.13948,67.0,0.1394,31.0,0.13969,32.0,0.1397,181.0
1753531657402,12:07:37.402,ALCH/USDT:USDT,0.13948,103.0,0.1394,31.0,0.1397,32.0,0.13971,32.0
1753531657549,12:07:37.549,ALCH/USDT:USDT,0.13948,103.0,0.1394,31.0,0.1397,32.0,0.13972,50.0
1753531657831,12:07:37.831,ALCH/USDT:USDT,0.13948,139.0,0.1394,31.0,0.1397,32.0,0.13972,50.0
1753531658124,12:07:38.124,ALCH/USDT:USDT,0.13948,175.0,0.1394,31.0,0.1397,32.0,0.13972,50.0
1753531659085,12:07:39.085,ALCH/USDT:USDT,0.13949,32.0,0.1394,31.0,0.1397,32.0,0.13972,50.0
1753531659233,12:07:39.233,ALCH/USDT:USDT,0.13941,32.0,0.1394,144.0,0.1397,32.0,0.13972,50.0
1753531659348,12:07:39.348,ALCH/USDT:USDT,0.13941,32.0,0.1394,144.0,0.1397,32.0,0.13972,50.0
1753531660172,12:07:40.172,ALCH/USDT:USDT,0.13941,32.0,0.1394,144.0,0.1397,32.0,0.13972,50.0
1753531661296,12:07:41.296,ALCH/USDT:USDT,0.13941,32.0,0.1394,144.0,0.1397,32.0,0.13972,50.0
1753531662336,12:07:42.336,ALCH/USDT:USDT,0.13943,32.0,0.13942,36.0,0.1397,32.0,0.13972,50.0
1753531662616,12:07:42.616,ALCH/USDT:USDT,0.13944,32.0,0.13943,36.0,0.1397,32.0,0.13972,50.0
1753531663012,12:07:43.012,ALCH/USDT:USDT,0.13944,32.0,0.13943,36.0,0.1397,32.0,0.13972,50.0
1753531663338,12:07:43.338,ALCH/USDT:USDT,0.13945,32.0,0.13944,10.0,0.1397,32.0,0.13972,50.0
1753531663361,12:07:43.361,ALCH/USDT:USDT,0.13945,32.0,0.13943,36.0,0.1397,32.0,0.13972,50.0
1753531663594,12:07:43.594,ALCH/USDT:USDT,0.13945,32.0,0.13943,36.0,0.1397,32.0,0.13972,50.0
1753531664232,12:07:44.232,ALCH/USDT:USDT,0.13945,32.0,0.13943,36.0,0.1397,32.0,0.13972,50.0
1753531664469,12:07:44.469,ALCH/USDT:USDT,0.13945,32.0,0.13943,36.0,0.1397,32.0,0.13972,50.0
1753531665304,12:07:45.304,ALCH/USDT:USDT,0.13945,32.0,0.13943,36.0,0.1397,32.0,0.13972,50.0
1753531665417,12:07:45.417,ALCH/USDT:USDT,0.13946,32.0,0.13945,72.0,0.1397,32.0,0.13972,50.0
1753531665717,12:07:45.717,ALCH/USDT:USDT,0.13947,32.0,0.13946,36.0,0.1397,32.0,0.13972,50.0
1753531666037,12:07:46.037,ALCH/USDT:USDT,0.13948,32.0,0.13947,36.0,0.1397,32.0,0.13972,50.0
1753531666281,12:07:46.281,ALCH/USDT:USDT,0.13949,32.0,0.13948,104.0,0.1397,32.0,0.13972,50.0
1753531666427,12:07:46.427,ALCH/USDT:USDT,0.13949,32.0,0.13948,72.0,0.1397,32.0,0.13972,50.0
1753531667116,12:07:47.116,ALCH/USDT:USDT,0.13949,32.0,0.13948,72.0,0.1397,32.0,0.13972,50.0
1753531667565,12:07:47.565,ALCH/USDT:USDT,0.13949,32.0,0.13948,72.0,0.1397,32.0,0.13972,50.0
1753531667686,12:07:47.686,ALCH/USDT:USDT,0.13949,68.0,0.13948,72.0,0.1397,32.0,0.13972,50.0
1753531667824,12:07:47.824,ALCH/USDT:USDT,0.1395,32.0,0.13949,72.0,0.1397,32.0,0.13972,50.0
1753531667933,12:07:47.933,ALCH/USDT:USDT,0.1395,32.0,0.13948,36.0,0.1397,32.0,0.13972,50.0
1753531667988,12:07:47.988,ALCH/USDT:USDT,0.1395,32.0,0.13948,36.0,0.1397,32.0,0.13972,50.0
1753531668072,12:07:48.072,ALCH/USDT:USDT,0.1395,32.0,0.13948,36.0,0.13969,182.0,0.1397,32.0
1753531668312,12:07:48.312,ALCH/USDT:USDT,0.1395,32.0,0.13948,36.0,0.1397,32.0,0.13972,50.0
1753531669351,12:07:49.351,ALCH/USDT:USDT,0.1395,32.0,0.13946,32.0,0.1397,32.0,0.13972,50.0
1753531669417,12:07:49.417,ALCH/USDT:USDT,0.13951,32.0,0.1395,144.0,0.13972,50.0,0.13973,31.0
1753531669519,12:07:49.519,ALCH/USDT:USDT,0.13952,32.0,0.13951,32.0,0.13972,50.0,0.13973,31.0
1753531669578,12:07:49.578,ALCH/USDT:USDT,0.13952,32.0,0.13951,32.0,0.13972,50.0,0.13973,31.0
1753531669752,12:07:49.752,ALCH/USDT:USDT,0.13952,32.0,0.1395,144.0,0.13972,50.0,0.13973,31.0
1753531669765,12:07:49.765,ALCH/USDT:USDT,0.13952,32.0,0.1395,144.0,0.13972,50.0,0.13973,31.0
1753531669950,12:07:49.950,ALCH/USDT:USDT,0.13953,32.0,0.13952,36.0,0.13972,50.0,0.13974,50.0
1753531670040,12:07:50.040,ALCH/USDT:USDT,0.13954,32.0,0.13953,36.0,0.13972,50.0,0.13974,50.0
1753531670136,12:07:50.136,ALCH/USDT:USDT,0.13954,68.0,0.13951,32.0,0.13972,50.0,0.13974,50.0
1753531670193,12:07:50.193,ALCH/USDT:USDT,0.13951,32.0,0.1395,144.0,0.13972,50.0,0.13974,50.0
1753531670346,12:07:50.346,ALCH/USDT:USDT,0.13952,32.0,0.13951,36.0,0.13972,50.0,0.13974,50.0
1753531670418,12:07:50.418,ALCH/USDT:USDT,0.13952,32.0,0.13951,36.0,0.13974,50.0,0.13975,31.0
1753531670488,12:07:50.488,ALCH/USDT:USDT,0.13952,32.0,0.13951,36.0,0.13974,50.0,0.13975,31.0
1753531670644,12:07:50.644,ALCH/USDT:USDT,0.13953,32.0,0.13952,68.0,0.13974,50.0,0.13975,31.0
1753531670802,12:07:50.802,ALCH/USDT:USDT,0.13953,32.0,0.13952,36.0,0.13974,50.0,0.13975,31.0
1753531670929,12:07:50.929,ALCH/USDT:USDT,0.13953,32.0,0.13952,36.0,0.13974,50.0,0.13975,31.0
1753531671075,12:07:51.075,ALCH/USDT:USDT,0.13953,32.0,0.13952,36.0,0.13974,50.0,0.13975,31.0
1753531671341,12:07:51.341,ALCH/USDT:USDT,0.13953,32.0,0.13952,36.0,0.13974,50.0,0.13975,31.0
1753531671360,12:07:51.360,ALCH/USDT:USDT,0.13953,32.0,0.13952,36.0,0.13974,50.0,0.13975,31.0
1753531671680,12:07:51.680,ALCH/USDT:USDT,0.13953,32.0,0.13952,36.0,0.13974,50.0,0.13975,31.0
1753531672074,12:07:52.074,ALCH/USDT:USDT,0.13953,32.0,0.13952,36.0,0.13974,50.0,0.13975,31.0
1753531672430,12:07:52.430,ALCH/USDT:USDT,0.13954,32.0,0.13953,144.0,0.13974,50.0,0.13975,31.0
1753531672950,12:07:52.950,ALCH/USDT:USDT,0.13954,32.0,0.13953,144.0,0.13974,50.0,0.13975,31.0
1753531672992,12:07:52.992,ALCH/USDT:USDT,0.13955,32.0,0.13953,144.0,0.13974,50.0,0.13975,31.0
1753531673857,12:07:53.857,ALCH/USDT:USDT,0.13955,32.0,0.13953,144.0,0.13974,50.0,0.13975,31.0
1753531674116,12:07:54.116,ALCH/USDT:USDT,0.13955,68.0,0.13953,144.0,0.13974,50.0,0.13975,31.0
1753531674210,12:07:54.210,ALCH/USDT:USDT,0.13955,68.0,0.13953,144.0,0.13974,50.0,0.13975,31.0
1753531674448,12:07:54.448,ALCH/USDT:USDT,0.13956,32.0,0.13955,36.0,0.13974,50.0,0.13975,31.0
1753531674528,12:07:54.528,ALCH/USDT:USDT,0.13956,212.0,0.13955,36.0,0.13974,50.0,0.13975,31.0
1753531674618,12:07:54.618,ALCH/USDT:USDT,0.13957,32.0,0.13955,36.0,0.13976,50.0,0.13977,32.0
1753531674730,12:07:54.730,ALCH/USDT:USDT,0.13957,200.0,0.13955,36.0,0.13976,50.0,0.13977,32.0
1753531674851,12:07:54.851,ALCH/USDT:USDT,0.13957,236.0,0.13955,36.0,0.13976,50.0,0.13977,32.0
1753531674904,12:07:54.904,ALCH/USDT:USDT,0.13957,32.0,0.13955,36.0,0.13976,50.0,0.13977,32.0
1753531675000,12:07:55.000,ALCH/USDT:USDT,0.13957,32.0,0.13955,36.0,0.13976,50.0,0.13977,32.0
1753531676451,12:07:56.451,ALCH/USDT:USDT,0.13957,32.0,0.13955,36.0,0.13976,50.0,0.13977,32.0
1753531676621,12:07:56.621,ALCH/USDT:USDT,0.13957,32.0,0.13955,36.0,0.13976,50.0,0.13977,32.0
1753531677033,12:07:57.033,ALCH/USDT:USDT,0.13957,32.0,0.13955,36.0,0.13976,50.0,0.13977,32.0
1753531677536,12:07:57.536,ALCH/USDT:USDT,0.1394,32.0,0.13939,293.0,0.13976,50.0,0.13977,32.0
1753531677581,12:07:57.581,ALCH/USDT:USDT,0.13942,32.0,0.13941,173.0,0.13976,50.0,0.13977,32.0
1753531677745,12:07:57.745,ALCH/USDT:USDT,0.13943,32.0,0.13942,36.0,0.13976,50.0,0.13977,32.0
1753531677874,12:07:57.874,ALCH/USDT:USDT,0.13943,32.0,0.13942,36.0,0.13976,50.0,0.13977,32.0
1753531678042,12:07:58.042,ALCH/USDT:USDT,0.13943,177.0,0.13942,36.0,0.13976,50.0,0.13977,32.0
1753531678123,12:07:58.123,ALCH/USDT:USDT,0.13945,32.0,0.13944,36.0,0.13976,50.0,0.13977,32.0
1753531678291,12:07:58.291,ALCH/USDT:USDT,0.13945,32.0,0.13944,36.0,0.13976,50.0,0.13977,32.0
1753531678867,12:07:58.867,ALCH/USDT:USDT,0.13946,32.0,0.13945,108.0,0.13976,50.0,0.13977,32.0
1753531678959,12:07:58.959,ALCH/USDT:USDT,0.13946,32.0,0.13945,108.0,0.13976,50.0,0.13977,32.0
1753531679108,12:07:59.108,ALCH/USDT:USDT,0.13946,32.0,0.13945,108.0,0.13976,50.0,0.13977,32.0
1753531679446,12:07:59.446,ALCH/USDT:USDT,0.13947,32.0,0.13946,8.0,0.13976,50.0,0.13977,32.0
1753531679523,12:07:59.523,ALCH/USDT:USDT,0.13948,32.0,0.13947,36.0,0.13976,50.0,0.13977,32.0
1753531679932,12:07:59.932,ALCH/USDT:USDT,0.13948,32.0,0.13947,36.0,0.13976,50.0,0.13977,32.0
1753531680144,12:08:00.144,ALCH/USDT:USDT,0.13949,32.0,0.13948,68.0,0.13976,50.0,0.13977,32.0
1753531680210,12:08:00.210,ALCH/USDT:USDT,0.13949,32.0,0.13948,104.0,0.13976,50.0,0.13977,32.0
1753531680347,12:08:00.347,ALCH/USDT:USDT,0.13949,32.0,0.13948,72.0,0.13976,50.0,0.13977,32.0
1753531680359,12:08:00.359,ALCH/USDT:USDT,0.13949,32.0,0.13948,72.0,0.13976,50.0,0.13977,32.0
1753531681150,12:08:01.150,ALCH/USDT:USDT,0.13949,32.0,0.13948,72.0,0.13976,50.0,0.13977,32.0
1753531681245,12:08:01.245,ALCH/USDT:USDT,0.13949,32.0,0.13948,72.0,0.13976,50.0,0.13977,32.0
1753531681351,12:08:01.351,ALCH/USDT:USDT,0.1395,32.0,0.13949,45.0,0.13976,50.0,0.13977,32.0
1753531681402,12:08:01.402,ALCH/USDT:USDT,0.1395,32.0,0.13949,36.0,0.13976,50.0,0.13977,32.0
1753531681612,12:08:01.612,ALCH/USDT:USDT,0.13951,32.0,0.1395,36.0,0.13976,50.0,0.13977,32.0
1753531681799,12:08:01.799,ALCH/USDT:USDT,0.13951,32.0,0.1395,77.0,0.13976,50.0,0.13977,32.0
1753531681941,12:08:01.941,ALCH/USDT:USDT,0.13951,32.0,0.1395,77.0,0.13976,50.0,0.13977,32.0
1753531682044,12:08:02.044,ALCH/USDT:USDT,0.13951,32.0,0.1395,77.0,0.13976,50.0,0.13977,32.0
1753531682141,12:08:02.141,ALCH/USDT:USDT,0.13951,32.0,0.1395,77.0,0.13976,50.0,0.13977,32.0
1753531682435,12:08:02.435,ALCH/USDT:USDT,0.13951,32.0,0.1395,77.0,0.13976,50.0,0.13977,32.0
1753531682739,12:08:02.739,ALCH/USDT:USDT,0.13951,32.0,0.1395,77.0,0.13976,50.0,0.13977,32.0
1753531682849,12:08:02.849,ALCH/USDT:USDT,0.13951,32.0,0.1395,77.0,0.13976,50.0,0.13977,32.0
1753531682896,12:08:02.896,ALCH/USDT:USDT,0.13952,32.0,0.13951,36.0,0.13976,50.0,0.13977,32.0
1753531683151,12:08:03.151,ALCH/USDT:USDT,0.13952,32.0,0.13951,36.0,0.13976,50.0,0.13977,32.0
1753531683218,12:08:03.218,ALCH/USDT:USDT,0.13952,32.0,0.13951,36.0,0.13976,50.0,0.13977,32.0
1753531683322,12:08:03.322,ALCH/USDT:USDT,0.13952,32.0,0.13951,36.0,0.13976,50.0,0.13977,32.0
1753531683847,12:08:03.847,ALCH/USDT:USDT,0.13952,32.0,0.13951,36.0,0.13976,82.0,0.13981,32.0
1753531684250,12:08:04.250,ALCH/USDT:USDT,0.13952,32.0,0.13951,36.0,0.13981,32.0,0.13982,181.0
1753531684650,12:08:04.650,ALCH/USDT:USDT,0.13953,32.0,0.13952,36.0,0.13981,32.0,0.13982,181.0
1753531684653,12:08:04.653,ALCH/USDT:USDT,0.13953,32.0,0.13952,72.0,0.13981,32.0,0.13982,181.0
1753531684890,12:08:04.890,ALCH/USDT:USDT,0.13954,32.0,0.13953,72.0,0.13981,32.0,0.13982,181.0
1753531685048,12:08:05.048,ALCH/USDT:USDT,0.13954,32.0,0.13953,72.0,0.1398,213.0,0.13986,31.0
1753531685084,12:08:05.084,ALCH/USDT:USDT,0.13954,32.0,0.13953,72.0,0.13978,82.0,0.13979,18.0
1753531685446,12:08:05.446,ALCH/USDT:USDT,0.13955,32.0,0.13954,36.0,0.13978,82.0,0.13979,18.0
1753531685514,12:08:05.514,ALCH/USDT:USDT,0.13955,32.0,0.13954,36.0,0.13978,263.0,0.13986,31.0
1753531685610,12:08:05.610,ALCH/USDT:USDT,0.13956,32.0,0.13955,36.0,0.13978,82.0,0.13983,181.0
1753531685917,12:08:05.917,ALCH/USDT:USDT,0.13957,32.0,0.13956,68.0,0.13978,82.0,0.13983,181.0
1753531685965,12:08:05.965,ALCH/USDT:USDT,0.13957,32.0,0.13956,68.0,0.13978,82.0,0.13983,181.0
1753531686071,12:08:06.071,ALCH/USDT:USDT,0.13957,32.0,0.13956,36.0,0.13978,82.0,0.13983,181.0
1753531686339,12:08:06.339,ALCH/USDT:USDT,0.13957,32.0,0.13956,36.0,0.13978,82.0,0.13982,50.0
1753531686359,12:08:06.359,ALCH/USDT:USDT,0.13957,32.0,0.13956,36.0,0.13978,82.0,0.13982,82.0
1753531686976,12:08:06.976,ALCH/USDT:USDT,0.13957,32.0,0.13956,36.0,0.13978,82.0,0.13982,82.0
1753531687089,12:08:07.089,ALCH/USDT:USDT,0.13957,32.0,0.13956,36.0,0.13978,82.0,0.13982,82.0
1753531687345,12:08:07.345,ALCH/USDT:USDT,0.13957,32.0,0.13956,36.0,0.13978,84.0,0.13982,82.0
1753531687470,12:08:07.470,ALCH/USDT:USDT,0.13957,32.0,0.13956,36.0,0.13977,82.0,0.13978,32.0
1753531687618,12:08:07.618,ALCH/USDT:USDT,0.13957,32.0,0.13956,36.0,0.13977,82.0,0.13982,82.0
1753531687848,12:08:07.848,ALCH/USDT:USDT,0.13957,104.0,0.13956,36.0,0.13977,82.0,0.13982,82.0
1753531687999,12:08:07.999,ALCH/USDT:USDT,0.13957,140.0,0.13956,36.0,0.13976,68.0,0.13977,32.0
1753531688120,12:08:08.120,ALCH/USDT:USDT,0.13958,32.0,0.13957,149.0,0.13976,68.0,0.13977,32.0
1753531688316,12:08:08.316,ALCH/USDT:USDT,0.13958,32.0,0.13957,108.0,0.13976,68.0,0.13977,32.0
1753531688617,12:08:08.617,ALCH/USDT:USDT,0.13958,32.0,0.13957,108.0,0.13976,68.0,0.13977,32.0
1753531688693,12:08:08.693,ALCH/USDT:USDT,0.13958,138.0,0.13957,108.0,0.13976,68.0,0.13977,32.0
1753531689049,12:08:09.049,ALCH/USDT:USDT,0.1396,32.0,0.13959,104.0,0.13976,50.0,0.1398,32.0
1753531689114,12:08:09.114,ALCH/USDT:USDT,0.1396,32.0,0.13959,140.0,0.13976,50.0,0.1398,32.0
1753531689195,12:08:09.195,ALCH/USDT:USDT,0.1396,32.0,0.13959,108.0,0.1398,32.0,0.13982,82.0
1753531689305,12:08:09.305,ALCH/USDT:USDT,0.1396,32.0,0.13959,108.0,0.1398,82.0,0.13982,82.0
1753531689596,12:08:09.596,ALCH/USDT:USDT,0.1396,32.0,0.13959,108.0,0.1398,82.0,0.13982,82.0
1753531690021,12:08:10.021,ALCH/USDT:USDT,0.1396,32.0,0.13959,108.0,0.1398,82.0,0.13982,82.0
1753531691280,12:08:11.280,ALCH/USDT:USDT,0.1396,68.0,0.13959,108.0,0.13979,82.0,0.13982,82.0
1753531691433,12:08:11.433,ALCH/USDT:USDT,0.1396,68.0,0.13959,108.0,0.13979,82.0,0.13982,82.0
1753531691457,12:08:11.457,ALCH/USDT:USDT,0.1396,68.0,0.13959,108.0,0.13979,82.0,0.13982,82.0
1753531691849,12:08:11.849,ALCH/USDT:USDT,0.1396,68.0,0.13959,108.0,0.13979,82.0,0.13982,82.0
1753531692053,12:08:12.053,ALCH/USDT:USDT,0.1396,68.0,0.13959,108.0,0.13979,82.0,0.13982,82.0
1753531692122,12:08:12.122,ALCH/USDT:USDT,0.1396,68.0,0.13959,36.0,0.13979,82.0,0.13982,82.0
1753531692241,12:08:12.241,ALCH/USDT:USDT,0.1396,176.0,0.13958,32.0,0.13979,82.0,0.13982,82.0
1753531692259,12:08:12.259,ALCH/USDT:USDT,0.1396,176.0,0.13958,32.0,0.13979,82.0,0.13982,82.0
1753531693353,12:08:13.353,ALCH/USDT:USDT,0.1396,176.0,0.13945,32.0,0.13979,82.0,0.13982,82.0
1753531693732,12:08:13.732,ALCH/USDT:USDT,0.1396,212.0,0.13945,32.0,0.13979,82.0,0.13982,82.0
1753531693809,12:08:13.809,ALCH/USDT:USDT,0.1396,212.0,0.13945,32.0,0.13979,82.0,0.13982,82.0
1753531693963,12:08:13.963,ALCH/USDT:USDT,0.1396,248.0,0.13945,32.0,0.13979,82.0,0.13982,82.0
1753531694095,12:08:14.095,ALCH/USDT:USDT,0.1396,248.0,0.13945,32.0,0.13979,82.0,0.13982,82.0
1753531695472,12:08:15.472,ALCH/USDT:USDT,0.1396,248.0,0.13945,32.0,0.13979,82.0,0.13982,82.0
1753531696390,12:08:16.390,ALCH/USDT:USDT,0.1396,248.0,0.13945,32.0,0.13978,145.0,0.13979,32.0
1753531696765,12:08:16.765,ALCH/USDT:USDT,0.1396,284.0,0.13945,32.0,0.13979,32.0,0.13982,82.0
1753531697091,12:08:17.091,ALCH/USDT:USDT,0.1396,284.0,0.13945,32.0,0.13979,32.0,0.13982,82.0
1753531697216,12:08:17.216,ALCH/USDT:USDT,0.1396,284.0,0.13945,32.0,0.13979,82.0,0.13982,82.0
1753531699500,12:08:19.500,ALCH/USDT:USDT,0.1396,284.0,0.13945,32.0,0.13978,81.0,0.1398,31.0
1753531700078,12:08:20.078,ALCH/USDT:USDT,0.1396,284.0,0.13945,32.0,0.13977,145.0,0.13978,31.0
1753531700163,12:08:20.163,ALCH/USDT:USDT,0.1396,284.0,0.13945,32.0,0.13977,145.0,0.13978,31.0
1753531700456,12:08:20.456,ALCH/USDT:USDT,0.1396,284.0,0.13945,32.0,0.1398,31.0,0.13982,82.0
1753531700987,12:08:20.987,ALCH/USDT:USDT,0.1396,284.0,0.13945,32.0,0.1398,31.0,0.13982,82.0
1753531701153,12:08:21.153,ALCH/USDT:USDT,0.1396,284.0,0.13945,32.0,0.13979,99.0,0.1398,31.0
1753531701162,12:08:21.162,ALCH/USDT:USDT,0.1396,284.0,0.13945,32.0,0.13978,81.0,0.13979,99.0
1753531701314,12:08:21.314,ALCH/USDT:USDT,0.1396,284.0,0.13945,32.0,0.13978,81.0,0.13979,68.0
1753531701418,12:08:21.418,ALCH/USDT:USDT,0.1396,284.0,0.13945,32.0,0.13978,81.0,0.13979,50.0
1753531701497,12:08:21.497,ALCH/USDT:USDT,0.1396,284.0,0.13945,32.0,0.13978,81.0,0.13979,50.0
1753531702207,12:08:22.207,ALCH/USDT:USDT,0.1396,284.0,0.13945,32.0,0.13978,81.0,0.13979,50.0
1753531702516,12:08:22.516,ALCH/USDT:USDT,0.1396,284.0,0.13945,32.0,0.13978,81.0,0.13979,50.0
1753531703034,12:08:23.034,ALCH/USDT:USDT,0.1396,284.0,0.13945,32.0,0.13978,31.0,0.13979,50.0
1753531705148,12:08:25.148,ALCH/USDT:USDT,0.1396,248.0,0.13945,32.0,0.13978,81.0,0.13979,50.0
1753531706989,12:08:26.989,ALCH/USDT:USDT,0.1396,248.0,0.13945,32.0,0.13978,31.0,0.13979,50.0
1753531707105,12:08:27.105,ALCH/USDT:USDT,0.1396,248.0,0.13945,32.0,0.13978,81.0,0.13979,50.0
1753531707403,12:08:27.403,ALCH/USDT:USDT,0.1396,68.0,0.13945,32.0,0.13978,81.0,0.13979,50.0
1753531707465,12:08:27.465,ALCH/USDT:USDT,0.1396,68.0,0.13945,32.0,0.13978,81.0,0.13979,50.0
1753531708095,12:08:28.095,ALCH/USDT:USDT,0.1396,68.0,0.13946,50.0,0.13978,81.0,0.13979,50.0
1753531708281,12:08:28.281,ALCH/USDT:USDT,0.1396,68.0,0.13946,50.0,0.13978,81.0,0.13979,50.0
1753531708364,12:08:28.364,ALCH/USDT:USDT,0.1396,36.0,0.13956,32.0,0.13977,68.0,0.13978,31.0
1753531708775,12:08:28.775,ALCH/USDT:USDT,0.1396,36.0,0.13956,32.0,0.13977,68.0,0.13978,31.0
1753531709108,12:08:29.108,ALCH/USDT:USDT,0.1396,36.0,0.13956,32.0,0.13977,50.0,0.13978,31.0
1753531709159,12:08:29.159,ALCH/USDT:USDT,0.1396,36.0,0.13956,32.0,0.13977,50.0,0.13978,31.0
1753531709543,12:08:29.543,ALCH/USDT:USDT,0.1396,36.0,0.13956,32.0,0.13977,50.0,0.13978,31.0
1753531710104,12:08:30.104,ALCH/USDT:USDT,0.1396,36.0,0.13956,32.0,0.13977,50.0,0.13978,31.0
1753531710239,12:08:30.239,ALCH/USDT:USDT,0.13961,32.0,0.1396,36.0,0.13977,50.0,0.13978,31.0
1753531710272,12:08:30.272,ALCH/USDT:USDT,0.13961,32.0,0.13956,32.0,0.13977,50.0,0.13978,31.0
1753531710400,12:08:30.400,ALCH/USDT:USDT,0.13957,32.0,0.13956,72.0,0.13977,50.0,0.13978,31.0
1753531710703,12:08:30.703,ALCH/USDT:USDT,0.13957,32.0,0.13956,144.0,0.13977,50.0,0.13978,31.0
1753531710777,12:08:30.777,ALCH/USDT:USDT,0.13957,32.0,0.13956,144.0,0.13977,50.0,0.13978,31.0
1753531711193,12:08:31.193,ALCH/USDT:USDT,0.13957,32.0,0.13956,144.0,0.13977,50.0,0.13978,31.0
1753531711567,12:08:31.567,ALCH/USDT:USDT,0.13958,32.0,0.13957,36.0,0.13977,50.0,0.13978,31.0
1753531711681,12:08:31.681,ALCH/USDT:USDT,0.13959,32.0,0.13958,36.0,0.13977,50.0,0.13978,31.0
1753531711768,12:08:31.768,ALCH/USDT:USDT,0.13959,32.0,0.13958,36.0,0.13977,50.0,0.13978,31.0
1753531712015,12:08:32.015,ALCH/USDT:USDT,0.13959,32.0,0.13958,36.0,0.13977,50.0,0.13978,31.0
1753531714096,12:08:34.096,ALCH/USDT:USDT,0.13959,140.0,0.13958,36.0,0.13977,50.0,0.13978,31.0
1753531714245,12:08:34.245,ALCH/USDT:USDT,0.1396,32.0,0.13959,140.0,0.13977,50.0,0.13979,50.0
1753531714431,12:08:34.431,ALCH/USDT:USDT,0.13961,32.0,0.1396,44.0,0.13977,50.0,0.13979,50.0
1753531714506,12:08:34.506,ALCH/USDT:USDT,0.13961,116.0,0.1396,44.0,0.13977,50.0,0.13979,50.0
1753531714599,12:08:34.599,ALCH/USDT:USDT,0.13961,160.0,0.1396,44.0,0.13977,50.0,0.13979,50.0
1753531714911,12:08:34.911,ALCH/USDT:USDT,0.13961,244.0,0.1396,44.0,0.13979,50.0,0.1398,31.0
1753531714960,12:08:34.960,ALCH/USDT:USDT,0.13961,244.0,0.1396,58.0,0.13979,50.0,0.1398,31.0
1753531715159,12:08:35.159,ALCH/USDT:USDT,0.13961,244.0,0.1396,58.0,0.13979,82.0,0.13982,82.0
1753531715318,12:08:35.318,ALCH/USDT:USDT,0.13961,244.0,0.1396,58.0,0.13979,82.0,0.13982,82.0
1753531715850,12:08:35.850,ALCH/USDT:USDT,0.1396,14.0,0.13953,32.0,0.13978,50.0,0.1398,32.0
1753531715945,12:08:35.945,ALCH/USDT:USDT,0.13955,32.0,0.13954,104.0,0.13975,82.0,0.13977,181.0
1753531716045,12:08:36.045,ALCH/USDT:USDT,0.13956,32.0,0.13954,32.0,0.13975,82.0,0.1398,32.0
1753531716139,12:08:36.139,ALCH/USDT:USDT,0.13957,32.0,0.13956,32.0,0.13975,82.0,0.1398,32.0
1753531716215,12:08:36.215,ALCH/USDT:USDT,0.13958,32.0,0.13957,68.0,0.13975,50.0,0.1398,32.0
1753531716346,12:08:36.346,ALCH/USDT:USDT,0.13954,104.0,0.13946,50.0,0.13975,50.0,0.1398,32.0
1753531716376,12:08:36.376,ALCH/USDT:USDT,0.13956,32.0,0.13955,36.0,0.13975,50.0,0.1398,32.0
1753531716550,12:08:36.550,ALCH/USDT:USDT,0.13956,32.0,0.13955,72.0,0.13975,50.0,0.1398,32.0
1753531716641,12:08:36.641,ALCH/USDT:USDT,0.13957,31.0,0.13946,50.0,0.13975,50.0,0.1398,32.0
1753531716747,12:08:36.747,ALCH/USDT:USDT,0.13957,31.0,0.13946,50.0,0.13975,50.0,0.1398,32.0
1753531716822,12:08:36.822,ALCH/USDT:USDT,0.13957,84.0,0.13946,50.0,0.13975,50.0,0.13982,32.0
1753531716935,12:08:36.935,ALCH/USDT:USDT,0.13957,31.0,0.13946,50.0,0.13975,50.0,0.13982,32.0
1753531717048,12:08:37.048,ALCH/USDT:USDT,0.13957,120.0,0.13946,50.0,0.13979,31.0,0.1398,50.0
1753531717150,12:08:37.150,ALCH/USDT:USDT,0.13957,139.0,0.13946,50.0,0.13979,31.0,0.1398,50.0
1753531717246,12:08:37.246,ALCH/USDT:USDT,0.13957,252.0,0.13946,50.0,0.13979,31.0,0.1398,50.0
1753531717349,12:08:37.349,ALCH/USDT:USDT,0.13957,254.0,0.13946,50.0,0.13979,31.0,0.1398,50.0
1753531717385,12:08:37.385,ALCH/USDT:USDT,0.13957,173.0,0.13946,50.0,0.13979,31.0,0.1398,50.0
1753531717462,12:08:37.462,ALCH/USDT:USDT,0.13957,209.0,0.13946,50.0,0.13979,31.0,0.1398,50.0
1753531717566,12:08:37.566,ALCH/USDT:USDT,0.13957,209.0,0.13946,50.0,0.13979,31.0,0.1398,50.0
1753531718078,12:08:38.078,ALCH/USDT:USDT,0.13957,31.0,0.13946,50.0,0.13979,31.0,0.1398,50.0
1753531718205,12:08:38.205,ALCH/USDT:USDT,0.13957,31.0,0.13946,50.0,0.13979,31.0,0.1398,50.0
1753531718331,12:08:38.331,ALCH/USDT:USDT,0.13957,103.0,0.13946,50.0,0.13979,31.0,0.1398,50.0
1753531718392,12:08:38.392,ALCH/USDT:USDT,0.13957,31.0,0.13946,50.0,0.13979,31.0,0.1398,50.0
1753531718859,12:08:38.859,ALCH/USDT:USDT,0.13957,31.0,0.13946,50.0,0.13979,31.0,0.13981,50.0
1753531719006,12:08:39.006,ALCH/USDT:USDT,0.13957,31.0,0.13946,50.0,0.13979,31.0,0.13981,50.0
1753531719053,12:08:39.053,ALCH/USDT:USDT,0.13957,31.0,0.13946,50.0,0.13979,31.0,0.13981,50.0
1753531719795,12:08:39.795,ALCH/USDT:USDT,0.13957,31.0,0.13946,50.0,0.13977,31.0,0.13978,163.0
1753531719876,12:08:39.876,ALCH/USDT:USDT,0.13957,31.0,0.13946,50.0,0.13977,31.0,0.13978,163.0
1753531719997,12:08:39.997,ALCH/USDT:USDT,0.13957,31.0,0.13946,50.0,0.13979,31.0,0.13981,50.0
1753531720351,12:08:40.351,ALCH/USDT:USDT,0.13948,31.0,0.13947,86.0,0.13975,31.0,0.13976,174.0
1753531720444,12:08:40.444,ALCH/USDT:USDT,0.13951,117.0,0.1395,50.0,0.13975,31.0,0.13976,174.0
1753531720462,12:08:40.462,ALCH/USDT:USDT,0.13952,31.0,0.13951,117.0,0.13975,31.0,0.13976,174.0
1753531720608,12:08:40.608,ALCH/USDT:USDT,0.13952,31.0,0.13951,86.0,0.13975,31.0,0.13976,174.0
1753531720746,12:08:40.746,ALCH/USDT:USDT,0.13952,31.0,0.13951,86.0,0.13979,31.0,0.13981,50.0
1753531720976,12:08:40.976,ALCH/USDT:USDT,0.13953,31.0,0.13952,36.0,0.13979,31.0,0.13981,50.0
1753531721142,12:08:41.142,ALCH/USDT:USDT,0.13953,31.0,0.13952,36.0,0.13979,31.0,0.13981,50.0
1753531721168,12:08:41.168,ALCH/USDT:USDT,0.13953,31.0,0.13952,36.0,0.13979,31.0,0.13981,50.0
1753531721336,12:08:41.336,ALCH/USDT:USDT,0.13953,31.0,0.13951,50.0,0.13978,31.0,0.13979,173.0
1753531721415,12:08:41.415,ALCH/USDT:USDT,0.13953,31.0,0.13951,50.0,0.13978,31.0,0.13979,173.0
1753531721639,12:08:41.639,ALCH/USDT:USDT,0.13953,31.0,0.13951,50.0,0.13977,244.0,0.13978,173.0
1753531721746,12:08:41.746,ALCH/USDT:USDT,0.13953,31.0,0.13951,50.0,0.13976,31.0,0.13977,213.0
1753531721823,12:08:41.823,ALCH/USDT:USDT,0.13953,31.0,0.13948,50.0,0.13976,31.0,0.13977,213.0
1753531721928,12:08:41.928,ALCH/USDT:USDT,0.13953,31.0,0.13948,50.0,0.13976,31.0,0.13977,213.0
1753531721964,12:08:41.964,ALCH/USDT:USDT,0.13953,31.0,0.13948,50.0,0.13976,31.0,0.13977,213.0
1753531722147,12:08:42.147,ALCH/USDT:USDT,0.13953,31.0,0.13948,50.0,0.13975,31.0,0.13976,2.0
1753531722237,12:08:42.237,ALCH/USDT:USDT,0.13953,31.0,0.13948,50.0,0.13977,31.0,0.13978,173.0
1753531722342,12:08:42.342,ALCH/USDT:USDT,0.13954,31.0,0.13948,50.0,0.13975,31.0,0.13976,11.0
1753531722378,12:08:42.378,ALCH/USDT:USDT,0.13954,31.0,0.13948,50.0,0.13975,31.0,0.13976,11.0
1753531722470,12:08:42.470,ALCH/USDT:USDT,0.13955,31.0,0.13954,72.0,0.13975,31.0,0.13976,11.0
1753531722622,12:08:42.622,ALCH/USDT:USDT,0.13955,31.0,0.13948,50.0,0.13975,33.0,0.13977,173.0
1753531722816,12:08:42.816,ALCH/USDT:USDT,0.13956,31.0,0.13955,36.0,0.13975,2.0,0.1398,31.0
1753531722883,12:08:42.883,ALCH/USDT:USDT,0.13957,31.0,0.13956,36.0,0.1398,31.0,0.13981,50.0
1753531723048,12:08:43.048,ALCH/USDT:USDT,0.13957,31.0,0.13956,36.0,0.1398,31.0,0.13981,50.0
1753531723072,12:08:43.072,ALCH/USDT:USDT,0.13957,31.0,0.13956,36.0,0.1398,31.0,0.13981,50.0
1753531723214,12:08:43.214,ALCH/USDT:USDT,0.13957,31.0,0.13956,36.0,0.1398,31.0,0.13981,50.0
1753531723612,12:08:43.612,ALCH/USDT:USDT,0.13957,31.0,0.13956,36.0,0.1398,31.0,0.13981,50.0
1753531723800,12:08:43.800,ALCH/USDT:USDT,0.13957,31.0,0.13956,36.0,0.1398,31.0,0.13981,50.0
1753531724136,12:08:44.136,ALCH/USDT:USDT,0.13957,67.0,0.13956,36.0,0.13979,31.0,0.1398,2.0
1753531724166,12:08:44.166,ALCH/USDT:USDT,0.13958,31.0,0.13957,67.0,0.13979,31.0,0.13981,50.0
1753531724312,12:08:44.312,ALCH/USDT:USDT,0.13958,31.0,0.13957,36.0,0.13979,31.0,0.13981,50.0
1753531724428,12:08:44.428,ALCH/USDT:USDT,0.13958,31.0,0.13957,36.0,0.13979,31.0,0.13981,50.0
1753531724471,12:08:44.471,ALCH/USDT:USDT,0.13958,31.0,0.13956,36.0,0.13979,31.0,0.13981,50.0
1753531724772,12:08:44.772,ALCH/USDT:USDT,0.13958,31.0,0.13956,36.0,0.13979,31.0,0.13981,50.0
1753531725115,12:08:45.115,ALCH/USDT:USDT,0.13958,31.0,0.13956,36.0,0.13979,31.0,0.13981,50.0
1753531725247,12:08:45.247,ALCH/USDT:USDT,0.13958,31.0,0.13956,36.0,0.13979,31.0,0.13981,50.0
1753531725336,12:08:45.336,ALCH/USDT:USDT,0.13958,31.0,0.13956,36.0,0.13979,31.0,0.13981,50.0
1753531725363,12:08:45.363,ALCH/USDT:USDT,0.13958,31.0,0.13956,36.0,0.13979,31.0,0.13981,50.0
1753531725778,12:08:45.778,ALCH/USDT:USDT,0.13958,31.0,0.13956,36.0,0.13979,31.0,0.13981,50.0
1753531725860,12:08:45.860,ALCH/USDT:USDT,0.13958,31.0,0.13956,36.0,0.13979,31.0,0.13981,50.0
1753531725996,12:08:45.996,ALCH/USDT:USDT,0.13955,31.0,0.13948,50.0,0.13979,31.0,0.13981,50.0
1753531726141,12:08:46.141,ALCH/USDT:USDT,0.13955,31.0,0.13948,50.0,0.13979,33.0,0.13981,50.0
1753531726159,12:08:46.159,ALCH/USDT:USDT,0.13956,31.0,0.13955,67.0,0.13979,33.0,0.13981,50.0
1753531726317,12:08:46.317,ALCH/USDT:USDT,0.13956,31.0,0.13955,36.0,0.13978,31.0,0.13979,2.0
1753531726468,12:08:46.468,ALCH/USDT:USDT,0.13956,31.0,0.13955,36.0,0.13978,31.0,0.13979,2.0
1753531726601,12:08:46.601,ALCH/USDT:USDT,0.13956,31.0,0.13955,36.0,0.13978,31.0,0.13979,2.0
1753531726884,12:08:46.884,ALCH/USDT:USDT,0.13956,31.0,0.13955,36.0,0.13978,31.0,0.13979,2.0
1753531727054,12:08:47.054,ALCH/USDT:USDT,0.13956,31.0,0.13955,36.0,0.13978,31.0,0.13979,2.0
1753531727060,12:08:47.060,ALCH/USDT:USDT,0.13956,31.0,0.13955,36.0,0.13978,31.0,0.13979,2.0
1753531727227,12:08:47.227,ALCH/USDT:USDT,0.13956,31.0,0.13955,36.0,0.13978,31.0,0.13979,2.0
1753531727307,12:08:47.307,ALCH/USDT:USDT,0.13956,31.0,0.13955,36.0,0.13978,31.0,0.13979,2.0
1753531727461,12:08:47.461,ALCH/USDT:USDT,0.13956,31.0,0.13955,36.0,0.13978,31.0,0.13979,2.0
1753531728380,12:08:48.380,ALCH/USDT:USDT,0.13956,31.0,0.13955,36.0,0.13978,31.0,0.13979,2.0
1753531728880,12:08:48.880,ALCH/USDT:USDT,0.13957,31.0,0.13956,67.0,0.13978,31.0,0.13979,2.0
1753531728981,12:08:48.981,ALCH/USDT:USDT,0.13958,31.0,0.13957,36.0,0.13978,31.0,0.13979,2.0
1753531729133,12:08:49.133,ALCH/USDT:USDT,0.13958,31.0,0.13957,72.0,0.13978,31.0,0.13979,2.0
1753531729216,12:08:49.216,ALCH/USDT:USDT,0.13958,31.0,0.13957,72.0,0.13978,31.0,0.13981,50.0
1753531729341,12:08:49.341,ALCH/USDT:USDT,0.13958,31.0,0.13957,72.0,0.13978,31.0,0.13981,50.0
1753531729382,12:08:49.382,ALCH/USDT:USDT,0.13958,31.0,0.13957,72.0,0.13978,31.0,0.13981,50.0
1753531729578,12:08:49.578,ALCH/USDT:USDT,0.13958,31.0,0.13957,72.0,0.13978,31.0,0.13981,50.0
1753531730027,12:08:50.027,ALCH/USDT:USDT,0.13959,31.0,0.13958,67.0,0.13978,31.0,0.13981,50.0
1753531730223,12:08:50.223,ALCH/USDT:USDT,0.13959,36.0,0.13954,67.0,0.13978,31.0,0.13981,50.0
1753531730279,12:08:50.279,ALCH/USDT:USDT,0.13954,31.0,0.13948,50.0,0.13978,31.0,0.13981,50.0
1753531730447,12:08:50.447,ALCH/USDT:USDT,0.13955,31.0,0.13954,139.0,0.13978,31.0,0.13981,50.0
1753531730461,12:08:50.461,ALCH/USDT:USDT,0.13955,31.0,0.13954,139.0,0.13978,31.0,0.13981,50.0
1753531730603,12:08:50.603,ALCH/USDT:USDT,0.13955,31.0,0.13954,108.0,0.13978,31.0,0.13981,50.0
1753531731409,12:08:51.409,ALCH/USDT:USDT,0.13955,31.0,0.13954,108.0,0.13978,31.0,0.13981,50.0
1753531731662,12:08:51.662,ALCH/USDT:USDT,0.13956,31.0,0.13955,36.0,0.13978,31.0,0.13981,50.0
1753531731983,12:08:51.983,ALCH/USDT:USDT,0.13956,31.0,0.13955,72.0,0.13978,31.0,0.13981,50.0
1753531732235,12:08:52.235,ALCH/USDT:USDT,0.13956,31.0,0.13955,72.0,0.13978,31.0,0.13981,50.0
1753531734097,12:08:54.097,ALCH/USDT:USDT,0.13957,31.0,0.13956,72.0,0.13978,31.0,0.13981,50.0
1753531734806,12:08:54.806,ALCH/USDT:USDT,0.13957,31.0,0.13956,144.0,0.13978,31.0,0.13981,50.0
1753531735140,12:08:55.140,ALCH/USDT:USDT,0.13957,67.0,0.13956,144.0,0.13978,31.0,0.13981,50.0
1753531735202,12:08:55.202,ALCH/USDT:USDT,0.13958,31.0,0.13953,31.0,0.13978,31.0,0.13981,50.0
1753531735332,12:08:55.332,ALCH/USDT:USDT,0.13959,31.0,0.13953,31.0,0.13978,31.0,0.13981,50.0
1753531735479,12:08:55.479,ALCH/USDT:USDT,0.13954,31.0,0.13953,72.0,0.13978,31.0,0.13981,50.0
1753531735649,12:08:55.649,ALCH/USDT:USDT,0.13955,31.0,0.13954,72.0,0.13978,31.0,0.13981,50.0
1753531735743,12:08:55.743,ALCH/USDT:USDT,0.13956,31.0,0.13955,36.0,0.13978,31.0,0.13981,50.0
1753531735760,12:08:55.760,ALCH/USDT:USDT,0.13956,31.0,0.13955,36.0,0.13978,31.0,0.13981,50.0
1753531736281,12:08:56.281,ALCH/USDT:USDT,0.13956,31.0,0.13955,36.0,0.13978,31.0,0.13981,50.0
1753531736699,12:08:56.699,ALCH/USDT:USDT,0.13956,31.0,0.13955,36.0,0.13978,31.0,0.13981,50.0
1753531738516,12:08:58.516,ALCH/USDT:USDT,0.13957,31.0,0.13956,40.0,0.13978,31.0,0.13981,50.0
1753531738637,12:08:58.637,ALCH/USDT:USDT,0.13958,31.0,0.13957,72.0,0.13978,31.0,0.13981,50.0
1753531738739,12:08:58.739,ALCH/USDT:USDT,0.1396,31.0,0.13959,71.0,0.13978,31.0,0.13981,50.0
1753531738760,12:08:58.760,ALCH/USDT:USDT,0.1396,31.0,0.13959,31.0,0.13978,31.0,0.13981,50.0
1753531738914,12:08:58.914,ALCH/USDT:USDT,0.13961,31.0,0.13956,31.0,0.13978,31.0,0.13981,50.0
1753531738959,12:08:58.959,ALCH/USDT:USDT,0.13961,31.0,0.13956,31.0,0.13978,31.0,0.13981,50.0
1753531739128,12:08:59.128,ALCH/USDT:USDT,0.13956,180.0,0.13954,31.0,0.13978,31.0,0.13981,50.0
1753531739216,12:08:59.216,ALCH/USDT:USDT,0.13957,31.0,0.13956,180.0,0.13978,31.0,0.13981,50.0
1753531740218,12:09:00.218,ALCH/USDT:USDT,0.13957,31.0,0.13956,180.0,0.13978,31.0,0.13981,50.0
1753531740352,12:09:00.352,ALCH/USDT:USDT,0.13957,31.0,0.13956,180.0,0.13978,31.0,0.13981,50.0
1753531740352,12:09:00.352,ALCH/USDT:USDT,0.13957,31.0,0.13956,180.0,0.13978,31.0,0.13981,50.0
1753531741197,12:09:01.197,ALCH/USDT:USDT,0.13957,31.0,0.13956,180.0,0.13978,31.0,0.13981,50.0
1753531741986,12:09:01.986,ALCH/USDT:USDT,0.13958,31.0,0.13956,180.0,0.13981,81.0,0.13983,50.0
1753531742112,12:09:02.112,ALCH/USDT:USDT,0.13958,31.0,0.13956,108.0,0.13981,81.0,0.13983,50.0
1753531742189,12:09:02.189,ALCH/USDT:USDT,0.1395,31.0,0.13948,50.0,0.1398,31.0,0.13982,31.0
1753531742341,12:09:02.341,ALCH/USDT:USDT,0.13951,31.0,0.1395,108.0,0.13982,42.0,0.13983,50.0
1753531742451,12:09:02.451,ALCH/USDT:USDT,0.13955,31.0,0.13954,50.0,0.13981,31.0,0.13982,11.0
1753531742461,12:09:02.461,ALCH/USDT:USDT,0.13955,31.0,0.13954,50.0,0.13981,31.0,0.13982,11.0
1753531742716,12:09:02.716,ALCH/USDT:USDT,0.13955,31.0,0.13954,50.0,0.13981,33.0,0.13983,50.0
1753531742783,12:09:02.783,ALCH/USDT:USDT,0.13955,31.0,0.13954,50.0,0.1398,31.0,0.13981,2.0
1753531743280,12:09:03.280,ALCH/USDT:USDT,0.13955,31.0,0.13954,50.0,0.1398,31.0,0.13981,2.0
1753531743577,12:09:03.577,ALCH/USDT:USDT,0.13955,31.0,0.13953,50.0,0.1398,31.0,0.13981,2.0
1753531743739,12:09:03.739,ALCH/USDT:USDT,0.13957,31.0,0.13956,122.0,0.1398,31.0,0.13981,2.0
1753531743769,12:09:03.769,ALCH/USDT:USDT,0.13957,31.0,0.13956,108.0,0.1398,31.0,0.13981,2.0
1753531743861,12:09:03.861,ALCH/USDT:USDT,0.13957,31.0,0.13956,108.0,0.1398,31.0,0.13981,2.0
1753531744116,12:09:04.116,ALCH/USDT:USDT,0.13957,31.0,0.13956,108.0,0.1398,31.0,0.13981,2.0
1753531744539,12:09:04.539,ALCH/USDT:USDT,0.13957,31.0,0.13956,108.0,0.1398,31.0,0.13981,2.0
1753531744566,12:09:04.566,ALCH/USDT:USDT,0.13957,31.0,0.13956,108.0,0.1398,31.0,0.13981,2.0
1753531744681,12:09:04.681,ALCH/USDT:USDT,0.13957,31.0,0.13956,108.0,0.1398,31.0,0.13981,2.0
1753531744767,12:09:04.767,ALCH/USDT:USDT,0.13957,31.0,0.13956,108.0,0.1398,31.0,0.13981,2.0
1753531744990,12:09:04.990,ALCH/USDT:USDT,0.13957,31.0,0.13956,108.0,0.1398,31.0,0.13981,2.0
1753531745444,12:09:05.444,ALCH/USDT:USDT,0.13958,31.0,0.13957,108.0,0.1398,31.0,0.13981,2.0
1753531745476,12:09:05.476,ALCH/USDT:USDT,0.13959,31.0,0.13958,72.0,0.1398,31.0,0.13981,2.0
1753531745574,12:09:05.574,ALCH/USDT:USDT,0.13959,31.0,0.13958,72.0,0.1398,31.0,0.13981,2.0
1753531745658,12:09:05.658,ALCH/USDT:USDT,0.13959,31.0,0.13958,72.0,0.1398,31.0,0.13981,2.0
1753531746276,12:09:06.276,ALCH/USDT:USDT,0.13959,31.0,0.13958,72.0,0.1398,31.0,0.13981,2.0
1753531746569,12:09:06.569,ALCH/USDT:USDT,0.13959,31.0,0.13958,72.0,0.1398,31.0,0.13981,2.0
1753531746752,12:09:06.752,ALCH/USDT:USDT,0.13959,31.0,0.13958,36.0,0.1398,31.0,0.13981,2.0
1753531746763,12:09:06.763,ALCH/USDT:USDT,0.13959,31.0,0.13957,68.0,0.1398,31.0,0.13981,2.0
1753531746859,12:09:06.859,ALCH/USDT:USDT,0.13959,31.0,0.13957,68.0,0.1398,31.0,0.13981,2.0
1753531746984,12:09:06.984,ALCH/USDT:USDT,0.13959,31.0,0.13957,68.0,0.1398,31.0,0.13983,50.0
1753531747240,12:09:07.240,ALCH/USDT:USDT,0.13959,31.0,0.13957,68.0,0.1398,31.0,0.13983,50.0
1753531747498,12:09:07.498,ALCH/USDT:USDT,0.13959,31.0,0.13957,68.0,0.1398,31.0,0.13983,50.0
1753531748065,12:09:08.065,ALCH/USDT:USDT,0.13959,31.0,0.13957,68.0,0.13979,32.0,0.1398,9.0
1753531748316,12:09:08.316,ALCH/USDT:USDT,0.13959,31.0,0.13957,68.0,0.13979,32.0,0.1398,9.0
1753531748368,12:09:08.368,ALCH/USDT:USDT,0.13959,31.0,0.13957,68.0,0.13979,32.0,0.13983,50.0
1753531748734,12:09:08.734,ALCH/USDT:USDT,0.13959,31.0,0.13957,32.0,0.13979,32.0,0.13983,50.0
1753531748789,12:09:08.789,ALCH/USDT:USDT,0.13957,144.0,0.13949,31.0,0.13979,32.0,0.13983,50.0
1753531748915,12:09:08.915,ALCH/USDT:USDT,0.13958,32.0,0.13957,180.0,0.13979,32.0,0.13983,50.0
1753531749542,12:09:09.542,ALCH/USDT:USDT,0.13958,32.0,0.13957,180.0,0.13979,32.0,0.13983,50.0
1753531751033,12:09:11.033,ALCH/USDT:USDT,0.13958,32.0,0.13957,144.0,0.13978,32.0,0.13982,32.0
1753531751134,12:09:11.134,ALCH/USDT:USDT,0.13958,32.0,0.13957,144.0,0.13982,32.0,0.13983,50.0
1753531751192,12:09:11.192,ALCH/USDT:USDT,0.13958,32.0,0.13957,144.0,0.13981,32.0,0.13983,50.0
1753531751598,12:09:11.598,ALCH/USDT:USDT,0.13958,32.0,0.13957,144.0,0.13981,32.0,0.13983,50.0
1753531751821,12:09:11.821,ALCH/USDT:USDT,0.13959,32.0,0.13958,36.0,0.13981,32.0,0.13983,50.0
1753531751866,12:09:11.866,ALCH/USDT:USDT,0.13959,32.0,0.13958,36.0,0.13981,32.0,0.13983,50.0
1753531752437,12:09:12.437,ALCH/USDT:USDT,0.1396,32.0,0.13959,72.0,0.13981,45.0,0.13983,50.0
1753531752474,12:09:12.474,ALCH/USDT:USDT,0.1396,32.0,0.13958,36.0,0.1398,32.0,0.13982,32.0
1753531752637,12:09:12.637,ALCH/USDT:USDT,0.1396,32.0,0.13958,36.0,0.13981,32.0,0.13982,13.0
1753531752827,12:09:12.827,ALCH/USDT:USDT,0.1396,32.0,0.13958,36.0,0.13981,32.0,0.13982,13.0
1753531752944,12:09:12.944,ALCH/USDT:USDT,0.1396,32.0,0.13958,36.0,0.13981,32.0,0.13982,13.0
1753531753246,12:09:13.246,ALCH/USDT:USDT,0.1396,32.0,0.13958,36.0,0.13981,32.0,0.13982,13.0
1753531753298,12:09:13.298,ALCH/USDT:USDT,0.1396,32.0,0.13958,36.0,0.13979,32.0,0.1398,174.0
1753531753431,12:09:13.431,ALCH/USDT:USDT,0.1396,68.0,0.13958,36.0,0.13979,32.0,0.1398,174.0
1753531753552,12:09:13.552,ALCH/USDT:USDT,0.13961,32.0,0.13949,31.0,0.1398,32.0,0.13981,14.0
1753531753581,12:09:13.581,ALCH/USDT:USDT,0.13961,32.0,0.1395,50.0,0.1398,32.0,0.13981,14.0
1753531753848,12:09:13.848,ALCH/USDT:USDT,0.13961,32.0,0.1395,50.0,0.1398,32.0,0.13983,50.0
1753531753886,12:09:13.886,ALCH/USDT:USDT,0.13961,32.0,0.1395,50.0,0.1398,32.0,0.13983,50.0
1753531754454,12:09:14.454,ALCH/USDT:USDT,0.13961,32.0,0.1395,50.0,0.1398,32.0,0.13983,50.0
1753531754570,12:09:14.570,ALCH/USDT:USDT,0.13961,32.0,0.1395,50.0,0.1398,32.0,0.13983,50.0
1753531754838,12:09:14.838,ALCH/USDT:USDT,0.13961,104.0,0.1395,50.0,0.13979,32.0,0.1398,15.0
1753531754888,12:09:14.888,ALCH/USDT:USDT,0.13961,32.0,0.1395,50.0,0.13979,32.0,0.13983,50.0
1753531755012,12:09:15.012,ALCH/USDT:USDT,0.13961,32.0,0.1395,50.0,0.13979,32.0,0.13983,50.0
1753531755166,12:09:15.166,ALCH/USDT:USDT,0.13961,32.0,0.1395,50.0,0.13979,32.0,0.13983,50.0
1753531755276,12:09:15.276,ALCH/USDT:USDT,0.13961,32.0,0.1395,50.0,0.13979,32.0,0.13983,50.0
1753531755559,12:09:15.559,ALCH/USDT:USDT,0.13961,32.0,0.1395,50.0,0.13979,32.0,0.13983,50.0
1753531755664,12:09:15.664,ALCH/USDT:USDT,0.13961,32.0,0.1395,50.0,0.13979,32.0,0.13983,50.0
1753531756435,12:09:16.435,ALCH/USDT:USDT,0.13961,32.0,0.1395,50.0,0.13979,32.0,0.13983,50.0
1753531756548,12:09:16.548,ALCH/USDT:USDT,0.13961,32.0,0.1395,50.0,0.13979,32.0,0.13983,50.0
1753531757536,12:09:17.536,ALCH/USDT:USDT,0.13961,32.0,0.1395,50.0,0.13979,32.0,0.13983,50.0
1753531758413,12:09:18.413,ALCH/USDT:USDT,0.13961,32.0,0.1395,50.0,0.13979,32.0,0.13983,50.0
1753531761620,12:09:21.620,ALCH/USDT:USDT,0.13961,32.0,0.1395,50.0,0.13979,32.0,0.13983,50.0
1753531761698,12:09:21.698,ALCH/USDT:USDT,0.13961,32.0,0.1395,50.0,0.13979,32.0,0.13983,50.0
1753531762129,12:09:22.129,ALCH/USDT:USDT,0.13961,32.0,0.1395,50.0,0.13979,32.0,0.13983,50.0
1753531762737,12:09:22.737,ALCH/USDT:USDT,0.13961,32.0,0.1395,50.0,0.13978,145.0,0.13979,32.0
1753531762942,12:09:22.942,ALCH/USDT:USDT,0.13961,32.0,0.1395,50.0,0.13978,145.0,0.13979,32.0
1753531763410,12:09:23.410,ALCH/USDT:USDT,0.13961,32.0,0.1395,50.0,0.13979,32.0,0.13983,50.0
1753531763780,12:09:23.780,ALCH/USDT:USDT,0.13961,32.0,0.1395,50.0,0.13979,32.0,0.13983,50.0
1753531764040,12:09:24.040,ALCH/USDT:USDT,0.13961,68.0,0.1395,50.0,0.13979,32.0,0.13983,50.0
1753531764115,12:09:24.115,ALCH/USDT:USDT,0.13961,32.0,0.1395,50.0,0.13979,32.0,0.13983,50.0
1753531764192,12:09:24.192,ALCH/USDT:USDT,0.13961,32.0,0.1395,50.0,0.13979,32.0,0.13983,50.0
1753531764702,12:09:24.702,ALCH/USDT:USDT,0.13961,68.0,0.1395,50.0,0.13979,32.0,0.13983,50.0
1753531764759,12:09:24.759,ALCH/USDT:USDT,0.13961,32.0,0.1395,50.0,0.13979,32.0,0.13983,50.0
1753531764909,12:09:24.909,ALCH/USDT:USDT,0.13961,68.0,0.1395,50.0,0.13979,32.0,0.13983,50.0
1753531764983,12:09:24.983,ALCH/USDT:USDT,0.13961,32.0,0.1395,50.0,0.13979,32.0,0.13983,50.0
1753531766561,12:09:26.561,ALCH/USDT:USDT,0.13961,68.0,0.1395,50.0,0.13979,32.0,0.13983,50.0
1753531766674,12:09:26.674,ALCH/USDT:USDT,0.13961,104.0,0.1395,50.0,0.13979,32.0,0.13983,50.0
1753531766913,12:09:26.913,ALCH/USDT:USDT,0.13962,31.0,0.1395,50.0,0.13979,32.0,0.13983,50.0
1753531767044,12:09:27.044,ALCH/USDT:USDT,0.13962,31.0,0.1395,50.0,0.13979,32.0,0.13983,50.0
1753531767458,12:09:27.458,ALCH/USDT:USDT,0.13962,31.0,0.1395,50.0,0.13979,32.0,0.13983,50.0
1753531768551,12:09:28.551,ALCH/USDT:USDT,0.13962,31.0,0.1395,50.0,0.13979,32.0,0.13983,50.0
1753531768675,12:09:28.675,ALCH/USDT:USDT,0.13962,67.0,0.1395,50.0,0.13979,32.0,0.13983,50.0
1753531768969,12:09:28.969,ALCH/USDT:USDT,0.13962,31.0,0.1395,50.0,0.13979,32.0,0.13983,50.0
1753531769834,12:09:29.834,ALCH/USDT:USDT,0.13962,67.0,0.1395,50.0,0.13979,32.0,0.13983,50.0
1753531770168,12:09:30.168,ALCH/USDT:USDT,0.13962,31.0,0.1395,50.0,0.13978,145.0,0.13979,32.0
1753531770272,12:09:30.272,ALCH/USDT:USDT,0.13962,31.0,0.1395,50.0,0.13979,32.0,0.13983,50.0
1753531770848,12:09:30.848,ALCH/USDT:USDT,0.13962,31.0,0.1395,50.0,0.13979,32.0,0.13983,50.0
1753531772295,12:09:32.295,ALCH/USDT:USDT,0.13962,31.0,0.1395,50.0,0.13979,32.0,0.13983,50.0
1753531772909,12:09:32.909,ALCH/USDT:USDT,0.13962,31.0,0.1395,50.0,0.13979,32.0,0.13983,50.0
1753531772981,12:09:32.981,ALCH/USDT:USDT,0.13951,31.0,0.1395,50.0,0.13979,32.0,0.13983,50.0
1753531773095,12:09:33.095,ALCH/USDT:USDT,0.13951,31.0,0.1395,50.0,0.13977,31.0,0.13978,145.0
1753531773223,12:09:33.223,ALCH/USDT:USDT,0.13951,31.0,0.1395,50.0,0.13977,31.0,0.13978,145.0
1753531773297,12:09:33.297,ALCH/USDT:USDT,0.13951,31.0,0.1395,50.0,0.13979,32.0,0.13981,204.0
1753531773437,12:09:33.437,ALCH/USDT:USDT,0.13951,31.0,0.1395,50.0,0.13977,31.0,0.13978,173.0
1753531773469,12:09:33.469,ALCH/USDT:USDT,0.13951,31.0,0.1395,50.0,0.13977,31.0,0.13978,173.0
1753531773564,12:09:33.564,ALCH/USDT:USDT,0.13951,31.0,0.1395,50.0,0.13977,31.0,0.13978,173.0
1753531773735,12:09:33.735,ALCH/USDT:USDT,0.13951,31.0,0.1395,50.0,0.13979,32.0,0.13981,31.0
1753531773756,12:09:33.756,ALCH/USDT:USDT,0.13951,31.0,0.1395,50.0,0.13981,31.0,0.13983,50.0
1753531773951,12:09:33.951,ALCH/USDT:USDT,0.13953,31.0,0.13952,36.0,0.13979,31.0,0.13981,204.0
1753531774030,12:09:34.030,ALCH/USDT:USDT,0.13953,31.0,0.13952,36.0,0.13981,31.0,0.13983,50.0
1753531774074,12:09:34.074,ALCH/USDT:USDT,0.13953,31.0,0.13952,36.0,0.13981,31.0,0.13983,50.0
1753531774176,12:09:34.176,ALCH/USDT:USDT,0.13953,31.0,0.13952,36.0,0.1398,31.0,0.13981,173.0
1753531774320,12:09:34.320,ALCH/USDT:USDT,0.13953,31.0,0.13952,36.0,0.13982,31.0,0.13983,50.0
1753531774415,12:09:34.415,ALCH/USDT:USDT,0.13954,31.0,0.13953,72.0,0.13981,31.0,0.13982,204.0
1753531774532,12:09:34.532,ALCH/USDT:USDT,0.13954,31.0,0.13953,72.0,0.13981,31.0,0.13983,50.0
1753531774751,12:09:34.751,ALCH/USDT:USDT,0.13956,31.0,0.13955,36.0,0.13981,31.0,0.13983,50.0
1753531774788,12:09:34.788,ALCH/USDT:USDT,0.13956,31.0,0.13955,36.0,0.13981,31.0,0.13983,50.0
1753531775146,12:09:35.146,ALCH/USDT:USDT,0.13956,31.0,0.13955,36.0,0.13981,31.0,0.13983,50.0
1753531775413,12:09:35.413,ALCH/USDT:USDT,0.13957,31.0,0.13956,36.0,0.13981,31.0,0.13983,50.0
1753531775832,12:09:35.832,ALCH/USDT:USDT,0.13959,31.0,0.13958,72.0,0.13981,31.0,0.13983,50.0
1753531776350,12:09:36.350,ALCH/USDT:USDT,0.1396,31.0,0.13959,36.0,0.13981,31.0,0.13983,50.0
1753531776681,12:09:36.681,ALCH/USDT:USDT,0.1396,31.0,0.13959,36.0,0.13981,31.0,0.13983,50.0
1753531776760,12:09:36.760,ALCH/USDT:USDT,0.1396,31.0,0.13959,36.0,0.13981,31.0,0.13983,50.0
1753531777049,12:09:37.049,ALCH/USDT:USDT,0.13961,31.0,0.13959,36.0,0.13981,31.0,0.13983,50.0
1753531777055,12:09:37.055,ALCH/USDT:USDT,0.13961,31.0,0.13958,36.0,0.13981,31.0,0.13983,50.0
1753531777511,12:09:37.511,ALCH/USDT:USDT,0.13961,31.0,0.13958,36.0,0.13981,31.0,0.13983,50.0
1753531778303,12:09:38.303,ALCH/USDT:USDT,0.13961,31.0,0.13958,36.0,0.13981,81.0,0.13983,50.0
1753531778636,12:09:38.636,ALCH/USDT:USDT,0.13961,31.0,0.13958,36.0,0.13981,81.0,0.13983,50.0
1753531778746,12:09:38.746,ALCH/USDT:USDT,0.13962,31.0,0.13961,72.0,0.13981,81.0,0.13983,50.0
1753531778760,12:09:38.760,ALCH/USDT:USDT,0.13962,31.0,0.13961,72.0,0.13981,81.0,0.13983,50.0
1753531778887,12:09:38.887,ALCH/USDT:USDT,0.13962,31.0,0.13961,72.0,0.13981,81.0,0.13983,50.0
1753531779050,12:09:39.050,ALCH/USDT:USDT,0.13962,144.0,0.13951,31.0,0.13981,81.0,0.13983,50.0
1753531779149,12:09:39.149,ALCH/USDT:USDT,0.13963,31.0,0.13962,144.0,0.13981,81.0,0.13983,50.0
1753531779154,12:09:39.154,ALCH/USDT:USDT,0.13963,31.0,0.13962,108.0,0.13981,81.0,0.13983,50.0
1753531779312,12:09:39.312,ALCH/USDT:USDT,0.13963,31.0,0.13962,36.0,0.13981,81.0,0.13983,50.0
1753531779558,12:09:39.558,ALCH/USDT:USDT,0.13963,31.0,0.13962,36.0,0.13981,81.0,0.13983,50.0
1753531780167,12:09:40.167,ALCH/USDT:USDT,0.13963,31.0,0.13962,36.0,0.13981,31.0,0.13983,50.0
1753531780280,12:09:40.280,ALCH/USDT:USDT,0.13963,31.0,0.13962,36.0,0.13981,81.0,0.13983,50.0
1753531782149,12:09:42.149,ALCH/USDT:USDT,0.13951,31.0,0.1395,277.0,0.13981,31.0,0.13983,50.0
1753531782251,12:09:42.251,ALCH/USDT:USDT,0.13952,67.0,0.13951,217.0,0.13983,65.0,0.13984,32.0
1753531782352,12:09:42.352,ALCH/USDT:USDT,0.13955,31.0,0.13954,36.0,0.13983,50.0,0.13984,32.0
1753531782411,12:09:42.411,ALCH/USDT:USDT,0.13955,31.0,0.13954,36.0,0.13983,50.0,0.13984,32.0
1753531782496,12:09:42.496,ALCH/USDT:USDT,0.13956,31.0,0.13955,36.0,0.13983,50.0,0.13984,32.0
1753531782737,12:09:42.737,ALCH/USDT:USDT,0.13956,31.0,0.13955,36.0,0.13983,81.0,0.13984,32.0
1753531782889,12:09:42.889,ALCH/USDT:USDT,0.13956,31.0,0.13955,36.0,0.13983,81.0,0.13985,50.0
1753531783024,12:09:43.024,ALCH/USDT:USDT,0.13956,31.0,0.13955,36.0,0.13983,81.0,0.13985,50.0
1753531783131,12:09:43.131,ALCH/USDT:USDT,0.13956,31.0,0.13955,36.0,0.13983,31.0,0.13985,50.0
1753531783246,12:09:43.246,ALCH/USDT:USDT,0.13956,31.0,0.13955,36.0,0.13983,81.0,0.13985,50.0
1753531783328,12:09:43.328,ALCH/USDT:USDT,0.13956,31.0,0.13955,36.0,0.13981,81.0,0.13982,31.0
1753531783392,12:09:43.392,ALCH/USDT:USDT,0.13957,31.0,0.13956,36.0,0.13981,81.0,0.13982,31.0
1753531783518,12:09:43.518,ALCH/USDT:USDT,0.13957,31.0,0.13956,36.0,0.13981,81.0,0.13984,31.0
1753531783755,12:09:43.755,ALCH/USDT:USDT,0.13957,31.0,0.13956,36.0,0.13981,81.0,0.13984,31.0
1753531784528,12:09:44.528,ALCH/USDT:USDT,0.13957,31.0,0.13956,36.0,0.13981,81.0,0.13984,31.0
1753531784601,12:09:44.601,ALCH/USDT:USDT,0.13958,31.0,0.13957,67.0,0.13981,81.0,0.13984,31.0
1753531784759,12:09:44.759,ALCH/USDT:USDT,0.13958,31.0,0.13957,36.0,0.13981,81.0,0.13984,31.0
1753531784968,12:09:44.968,ALCH/USDT:USDT,0.13958,31.0,0.13957,36.0,0.13981,81.0,0.13984,31.0
1753531785124,12:09:45.124,ALCH/USDT:USDT,0.13959,31.0,0.13958,36.0,0.13984,31.0,0.13985,50.0
1753531785241,12:09:45.241,ALCH/USDT:USDT,0.13959,31.0,0.13958,36.0,0.13982,31.0,0.13983,50.0
1753531785346,12:09:45.346,ALCH/USDT:USDT,0.1396,31.0,0.13959,72.0,0.13982,40.0,0.13984,31.0
1753531785449,12:09:45.449,ALCH/USDT:USDT,0.13961,31.0,0.1396,36.0,0.13984,31.0,0.13985,50.0
1753531785642,12:09:45.642,ALCH/USDT:USDT,0.13962,31.0,0.13961,36.0,0.13984,31.0,0.13985,50.0
1753531785773,12:09:45.773,ALCH/USDT:USDT,0.13962,31.0,0.13961,36.0,0.13984,31.0,0.13985,50.0
1753531786033,12:09:46.033,ALCH/USDT:USDT,0.13964,31.0,0.13963,67.0,0.13984,31.0,0.13985,50.0
1753531786149,12:09:46.149,ALCH/USDT:USDT,0.13964,31.0,0.13963,67.0,0.13984,31.0,0.13985,50.0
1753531786223,12:09:46.223,ALCH/USDT:USDT,0.13966,31.0,0.13963,31.0,0.13984,31.0,0.13985,50.0
1753531786346,12:09:46.346,ALCH/USDT:USDT,0.13963,72.0,0.13953,31.0,0.13984,31.0,0.13985,50.0
1753531786422,12:09:46.422,ALCH/USDT:USDT,0.13963,72.0,0.13953,31.0,0.13984,31.0,0.13985,50.0
1753531786516,12:09:46.516,ALCH/USDT:USDT,0.13965,32.0,0.13964,72.0,0.13984,31.0,0.13985,50.0
1753531786592,12:09:46.592,ALCH/USDT:USDT,0.13965,32.0,0.13964,72.0,0.13984,31.0,0.13985,50.0
1753531786766,12:09:46.766,ALCH/USDT:USDT,0.13965,32.0,0.13964,72.0,0.13984,31.0,0.13985,50.0
1753531787347,12:09:47.347,ALCH/USDT:USDT,0.13966,32.0,0.13965,36.0,0.13984,31.0,0.13985,50.0
1753531787420,12:09:47.420,ALCH/USDT:USDT,0.13966,32.0,0.13965,36.0,0.13984,42.0,0.13985,50.0
1753531788075,12:09:48.075,ALCH/USDT:USDT,0.13966,68.0,0.13965,36.0,0.13984,42.0,0.13985,50.0
1753531788246,12:09:48.246,ALCH/USDT:USDT,0.13966,68.0,0.13965,36.0,0.13984,42.0,0.13985,50.0
1753531788438,12:09:48.438,ALCH/USDT:USDT,0.13967,32.0,0.13966,36.0,0.13984,42.0,0.13985,50.0
1753531788533,12:09:48.533,ALCH/USDT:USDT,0.13967,32.0,0.13966,36.0,0.13984,42.0,0.13985,50.0
1753531788743,12:09:48.743,ALCH/USDT:USDT,0.13967,32.0,0.13966,36.0,0.13983,32.0,0.13984,11.0
1753531788831,12:09:48.831,ALCH/USDT:USDT,0.13967,32.0,0.13966,36.0,0.13983,32.0,0.13985,50.0
1753531788876,12:09:48.876,ALCH/USDT:USDT,0.13967,32.0,0.13966,36.0,0.13983,32.0,0.13985,50.0
1753531789019,12:09:49.019,ALCH/USDT:USDT,0.13967,68.0,0.13966,36.0,0.13983,32.0,0.13985,50.0
1753531789128,12:09:49.128,ALCH/USDT:USDT,0.13955,32.0,0.13954,72.0,0.13983,32.0,0.13985,50.0
1753531789193,12:09:49.193,ALCH/USDT:USDT,0.13955,32.0,0.13954,180.0,0.13983,32.0,0.13985,50.0
1753531789474,12:09:49.474,ALCH/USDT:USDT,0.13955,32.0,0.13954,180.0,0.13983,32.0,0.13985,50.0
1753531789820,12:09:49.820,ALCH/USDT:USDT,0.13955,32.0,0.13954,180.0,0.13982,32.0,0.13983,10.0
1753531790302,12:09:50.302,ALCH/USDT:USDT,0.13955,32.0,0.13954,180.0,0.13982,32.0,0.13983,10.0
1753531790818,12:09:50.818,ALCH/USDT:USDT,0.13956,32.0,0.13955,68.0,0.13982,32.0,0.13983,10.0
1753531791011,12:09:51.011,ALCH/USDT:USDT,0.13956,32.0,0.13955,36.0,0.13982,32.0,0.13985,50.0
1753531791516,12:09:51.516,ALCH/USDT:USDT,0.13956,32.0,0.13955,36.0,0.13982,32.0,0.13985,50.0
1753531791839,12:09:51.839,ALCH/USDT:USDT,0.13956,32.0,0.13955,36.0,0.13982,32.0,0.13985,50.0
1753531791941,12:09:51.941,ALCH/USDT:USDT,0.13956,32.0,0.13955,36.0,0.13982,32.0,0.13985,50.0
1753531792142,12:09:52.142,ALCH/USDT:USDT,0.13956,104.0,0.13955,36.0,0.13982,32.0,0.13985,50.0
1753531792235,12:09:52.235,ALCH/USDT:USDT,0.13958,32.0,0.13957,72.0,0.13982,32.0,0.13985,50.0
1753531792353,12:09:52.353,ALCH/USDT:USDT,0.13958,32.0,0.13957,72.0,0.13982,32.0,0.13985,50.0
1753531792379,12:09:52.379,ALCH/USDT:USDT,0.13958,32.0,0.13957,72.0,0.13982,32.0,0.13985,50.0
1753531792548,12:09:52.548,ALCH/USDT:USDT,0.13958,32.0,0.13957,72.0,0.13982,32.0,0.13985,50.0
1753531792726,12:09:52.726,ALCH/USDT:USDT,0.13959,32.0,0.13958,36.0,0.13982,32.0,0.13985,50.0
1753531793540,12:09:53.540,ALCH/USDT:USDT,0.13959,32.0,0.13958,36.0,0.13982,32.0,0.13985,50.0
1753531793625,12:09:53.625,ALCH/USDT:USDT,0.1396,32.0,0.13959,45.0,0.13982,32.0,0.13985,50.0
1753531793825,12:09:53.825,ALCH/USDT:USDT,0.1396,32.0,0.13959,45.0,0.13982,32.0,0.13985,50.0
1753531794239,12:09:54.239,ALCH/USDT:USDT,0.13961,32.0,0.1396,68.0,0.13982,32.0,0.13985,50.0
1753531794348,12:09:54.348,ALCH/USDT:USDT,0.13962,32.0,0.13961,104.0,0.13982,32.0,0.13985,50.0
1753531794391,12:09:54.391,ALCH/USDT:USDT,0.13962,32.0,0.13961,104.0,0.13982,32.0,0.13985,50.0
1753531794476,12:09:54.476,ALCH/USDT:USDT,0.13962,32.0,0.13961,72.0,0.13982,32.0,0.13985,50.0
1753531794883,12:09:54.883,ALCH/USDT:USDT,0.13962,32.0,0.13961,72.0,0.13982,32.0,0.13985,50.0
1753531795011,12:09:55.011,ALCH/USDT:USDT,0.13962,32.0,0.13961,72.0,0.13982,32.0,0.13985,50.0
1753531795110,12:09:55.110,ALCH/USDT:USDT,0.13963,32.0,0.13962,40.0,0.13982,32.0,0.13985,50.0
1753531795291,12:09:55.291,ALCH/USDT:USDT,0.13963,32.0,0.13961,72.0,0.13982,32.0,0.13985,50.0
1753531795945,12:09:55.945,ALCH/USDT:USDT,0.13963,32.0,0.13961,72.0,0.13982,32.0,0.13985,50.0
1753531796513,12:09:56.513,ALCH/USDT:USDT,0.13963,32.0,0.13961,72.0,0.13982,32.0,0.13985,50.0
1753531796647,12:09:56.647,ALCH/USDT:USDT,0.13963,32.0,0.13961,72.0,0.13985,50.0,0.13986,31.0
1753531796665,12:09:56.665,ALCH/USDT:USDT,0.13964,32.0,0.13963,68.0,0.13985,50.0,0.13986,31.0
1753531796818,12:09:56.818,ALCH/USDT:USDT,0.13964,32.0,0.13963,36.0,0.13985,50.0,0.13986,31.0
1753531796932,12:09:56.932,ALCH/USDT:USDT,0.13964,32.0,0.13963,36.0,0.13985,50.0,0.13986,31.0
1753531797053,12:09:57.053,ALCH/USDT:USDT,0.13965,32.0,0.13964,68.0,0.13985,50.0,0.13986,31.0
1753531797132,12:09:57.132,ALCH/USDT:USDT,0.13966,32.0,0.13965,36.0,0.13985,50.0,0.13986,31.0
1753531797353,12:09:57.353,ALCH/USDT:USDT,0.13966,32.0,0.13965,36.0,0.13985,50.0,0.13986,31.0
1753531797374,12:09:57.374,ALCH/USDT:USDT,0.13966,32.0,0.13951,332.0,0.13985,50.0,0.13986,31.0
1753531797800,12:09:57.800,ALCH/USDT:USDT,0.13966,32.0,0.13951,332.0,0.13985,50.0,0.13986,31.0
1753531797916,12:09:57.916,ALCH/USDT:USDT,0.13967,32.0,0.13951,332.0,0.13985,50.0,0.13986,31.0
1753531798029,12:09:58.029,ALCH/USDT:USDT,0.13968,32.0,0.13967,180.0,0.13985,52.0,0.13988,50.0
1753531798143,12:09:58.143,ALCH/USDT:USDT,0.13969,32.0,0.13968,68.0,0.13985,2.0,0.13988,50.0
1753531798248,12:09:58.248,ALCH/USDT:USDT,0.13969,32.0,0.13968,36.0,0.13985,2.0,0.13988,50.0
1753531798510,12:09:58.510,ALCH/USDT:USDT,0.13969,32.0,0.13968,36.0,0.13985,2.0,0.13988,50.0
1753531798582,12:09:58.582,ALCH/USDT:USDT,0.13969,32.0,0.13968,36.0,0.13985,2.0,0.13988,50.0
1753531799522,12:09:59.522,ALCH/USDT:USDT,0.13969,32.0,0.13968,36.0,0.13985,2.0,0.13988,50.0
1753531800040,12:10:00.040,ALCH/USDT:USDT,0.1397,32.0,0.13969,36.0,0.13985,2.0,0.13988,50.0
1753531800448,12:10:00.448,ALCH/USDT:USDT,0.1397,32.0,0.13969,36.0,0.13985,2.0,0.13988,50.0
1753531800621,12:10:00.621,ALCH/USDT:USDT,0.1397,32.0,0.13969,36.0,0.13985,2.0,0.13988,50.0
1753531800695,12:10:00.695,ALCH/USDT:USDT,0.1397,32.0,0.13969,36.0,0.13988,50.0,0.13989,31.0
1753531801025,12:10:01.025,ALCH/USDT:USDT,0.1397,32.0,0.13969,36.0,0.13988,50.0,0.13989,31.0
1753531801102,12:10:01.102,ALCH/USDT:USDT,0.13971,32.0,0.1397,68.0,0.13988,50.0,0.13989,31.0
1753531801247,12:10:01.247,ALCH/USDT:USDT,0.13971,32.0,0.1397,36.0,0.13988,50.0,0.13989,31.0
1753531801446,12:10:01.446,ALCH/USDT:USDT,0.13971,32.0,0.1397,36.0,0.13988,50.0,0.13989,31.0
1753531801824,12:10:01.824,ALCH/USDT:USDT,0.13971,32.0,0.1397,36.0,0.13988,50.0,0.13989,31.0
1753531802029,12:10:02.029,ALCH/USDT:USDT,0.13971,32.0,0.1397,36.0,0.13988,50.0,0.13989,31.0
1753531802265,12:10:02.265,ALCH/USDT:USDT,0.13971,32.0,0.1397,36.0,0.13988,50.0,0.13989,31.0
1753531802438,12:10:02.438,ALCH/USDT:USDT,0.13971,32.0,0.1397,36.0,0.13988,82.0,0.1399,50.0
1753531802908,12:10:02.908,ALCH/USDT:USDT,0.13971,32.0,0.1397,36.0,0.13988,32.0,0.1399,50.0
1753531803036,12:10:03.036,ALCH/USDT:USDT,0.13972,32.0,0.13971,72.0,0.13988,32.0,0.1399,50.0
1753531803101,12:10:03.101,ALCH/USDT:USDT,0.13972,32.0,0.13971,36.0,0.13988,32.0,0.1399,50.0
1753531803192,12:10:03.192,ALCH/USDT:USDT,0.13972,32.0,0.13971,36.0,0.13988,32.0,0.1399,50.0
1753531803612,12:10:03.612,ALCH/USDT:USDT,0.13972,32.0,0.13971,36.0,0.13988,32.0,0.1399,50.0
1753531805246,12:10:05.246,ALCH/USDT:USDT,0.13973,104.0,0.13972,32.0,0.1399,82.0,0.13991,32.0
1753531805346,12:10:05.346,ALCH/USDT:USDT,0.13973,176.0,0.13951,332.0,0.13985,1.0,0.1399,82.0
1753531805365,12:10:05.365,ALCH/USDT:USDT,0.13973,176.0,0.13951,332.0,0.13985,1.0,0.1399,82.0
1753531805545,12:10:05.545,ALCH/USDT:USDT,0.13973,32.0,0.13951,332.0,0.13985,1.0,0.1399,82.0
1753531805939,12:10:05.939,ALCH/USDT:USDT,0.13973,127.0,0.13959,145.0,0.13985,1.0,0.1399,32.0
1753531806052,12:10:06.052,ALCH/USDT:USDT,0.13973,32.0,0.13959,145.0,0.13985,1.0,0.1399,32.0
1753531806247,12:10:06.247,ALCH/USDT:USDT,0.13973,80.0,0.13959,145.0,0.13985,1.0,0.1399,32.0
1753531806289,12:10:06.289,ALCH/USDT:USDT,0.13973,32.0,0.13959,145.0,0.13985,1.0,0.1399,32.0
1753531806411,12:10:06.411,ALCH/USDT:USDT,0.13973,32.0,0.13959,145.0,0.13985,1.0,0.1399,32.0
1753531806638,12:10:06.638,ALCH/USDT:USDT,0.13973,68.0,0.13959,145.0,0.13985,1.0,0.1399,32.0
1753531806727,12:10:06.727,ALCH/USDT:USDT,0.13973,68.0,0.13959,145.0,0.13985,1.0,0.1399,32.0
1753531806849,12:10:06.849,ALCH/USDT:USDT,0.13973,84.0,0.13959,145.0,0.13985,1.0,0.1399,32.0
1753531806907,12:10:06.907,ALCH/USDT:USDT,0.13973,84.0,0.13959,145.0,0.13985,1.0,0.1399,32.0
1753531806999,12:10:06.999,ALCH/USDT:USDT,0.13973,156.0,0.13959,145.0,0.13985,1.0,0.1399,32.0
1753531807137,12:10:07.137,ALCH/USDT:USDT,0.13973,68.0,0.13959,145.0,0.13985,1.0,0.1399,32.0
1753531807194,12:10:07.194,ALCH/USDT:USDT,0.13973,32.0,0.13959,145.0,0.13985,1.0,0.1399,32.0
1753531807338,12:10:07.338,ALCH/USDT:USDT,0.13973,133.0,0.13959,145.0,0.13985,1.0,0.1399,32.0
1753531807448,12:10:07.448,ALCH/USDT:USDT,0.13973,79.0,0.13959,145.0,0.13985,1.0,0.1399,32.0
1753531807511,12:10:07.511,ALCH/USDT:USDT,0.13973,32.0,0.13959,145.0,0.13985,1.0,0.1399,32.0
1753531807748,12:10:07.748,ALCH/USDT:USDT,0.13952,32.0,0.13951,214.0,0.13985,1.0,0.1399,32.0
1753531807848,12:10:07.848,ALCH/USDT:USDT,0.13954,32.0,0.13953,145.0,0.13985,1.0,0.13989,213.0
1753531807948,12:10:07.948,ALCH/USDT:USDT,0.13958,32.0,0.13957,36.0,0.13984,32.0,0.13985,1.0
1753531808039,12:10:08.039,ALCH/USDT:USDT,0.1396,32.0,0.13959,68.0,0.13984,32.0,0.13985,1.0
1753531808114,12:10:08.114,ALCH/USDT:USDT,0.1396,32.0,0.13958,118.0,0.13984,32.0,0.13985,1.0
1753531808247,12:10:08.247,ALCH/USDT:USDT,0.1396,32.0,0.13958,104.0,0.13984,32.0,0.13985,1.0
1753531808278,12:10:08.278,ALCH/USDT:USDT,0.1396,32.0,0.13958,104.0,0.13984,32.0,0.13985,1.0
1753531808452,12:10:08.452,ALCH/USDT:USDT,0.1396,32.0,0.13958,104.0,0.13984,32.0,0.13985,1.0
1753531808527,12:10:08.527,ALCH/USDT:USDT,0.1396,32.0,0.13958,104.0,0.13984,32.0,0.13985,1.0
1753531808611,12:10:08.611,ALCH/USDT:USDT,0.1396,32.0,0.13958,104.0,0.13984,32.0,0.13985,1.0
1753531808751,12:10:08.751,ALCH/USDT:USDT,0.13962,32.0,0.13961,36.0,0.13984,32.0,0.13985,1.0
1753531808835,12:10:08.835,ALCH/USDT:USDT,0.13962,32.0,0.13961,36.0,0.13984,32.0,0.13985,1.0
1753531808951,12:10:08.951,ALCH/USDT:USDT,0.13963,32.0,0.13962,72.0,0.13984,32.0,0.13985,1.0
1753531809027,12:10:09.027,ALCH/USDT:USDT,0.13963,32.0,0.13962,72.0,0.13984,32.0,0.13985,1.0
1753531809136,12:10:09.136,ALCH/USDT:USDT,0.13964,32.0,0.13963,56.0,0.13984,32.0,0.13985,1.0
1753531809234,12:10:09.234,ALCH/USDT:USDT,0.13965,32.0,0.13964,36.0,0.13984,32.0,0.13985,1.0
1753531809298,12:10:09.298,ALCH/USDT:USDT,0.13966,32.0,0.13965,72.0,0.13984,32.0,0.13985,1.0
1753531809446,12:10:09.446,ALCH/USDT:USDT,0.13967,32.0,0.13966,108.0,0.13984,32.0,0.13985,1.0
1753531809482,12:10:09.482,ALCH/USDT:USDT,0.13967,32.0,0.13966,72.0,0.13984,32.0,0.13985,1.0
1753531809750,12:10:09.750,ALCH/USDT:USDT,0.13953,68.0,0.13952,72.0,0.13984,32.0,0.13985,1.0
1753531809826,12:10:09.826,ALCH/USDT:USDT,0.13955,32.0,0.13954,108.0,0.13984,32.0,0.13985,1.0
1753531810137,12:10:10.137,ALCH/USDT:USDT,0.13955,32.0,0.13954,108.0,0.13984,32.0,0.13985,1.0
1753531810249,12:10:10.249,ALCH/USDT:USDT,0.13955,32.0,0.13954,108.0,0.13984,32.0,0.13985,1.0
1753531810339,12:10:10.339,ALCH/USDT:USDT,0.13955,32.0,0.13954,250.0,0.13984,32.0,0.13985,1.0
1753531810365,12:10:10.365,ALCH/USDT:USDT,0.13955,32.0,0.13954,250.0,0.13984,32.0,0.13985,1.0
1753531810646,12:10:10.646,ALCH/USDT:USDT,0.13955,32.0,0.13954,250.0,0.13985,1.0,0.1399,32.0
1753531810695,12:10:10.695,ALCH/USDT:USDT,0.13956,32.0,0.13954,250.0,0.13985,1.0,0.1399,32.0
1753531811043,12:10:11.043,ALCH/USDT:USDT,0.13956,32.0,0.13954,250.0,0.13985,1.0,0.1399,32.0
1753531811333,12:10:11.333,ALCH/USDT:USDT,0.13957,32.0,0.13956,10.0,0.13985,1.0,0.1399,32.0
1753531811428,12:10:11.428,ALCH/USDT:USDT,0.13957,32.0,0.13956,10.0,0.13985,1.0,0.1399,32.0
1753531811458,12:10:11.458,ALCH/USDT:USDT,0.13957,32.0,0.13956,10.0,0.13985,1.0,0.1399,32.0
1753531811923,12:10:11.923,ALCH/USDT:USDT,0.13957,32.0,0.13956,10.0,0.13985,1.0,0.1399,32.0
1753531812201,12:10:12.201,ALCH/USDT:USDT,0.13957,32.0,0.13956,10.0,0.13985,1.0,0.1399,32.0
1753531812465,12:10:12.465,ALCH/USDT:USDT,0.13957,32.0,0.13956,10.0,0.13985,1.0,0.1399,32.0
1753531812751,12:10:12.751,ALCH/USDT:USDT,0.13957,32.0,0.13956,10.0,0.13985,1.0,0.1399,32.0
1753531812845,12:10:12.845,ALCH/USDT:USDT,0.13959,32.0,0.13958,36.0,0.13985,1.0,0.1399,32.0
1753531812871,12:10:12.871,ALCH/USDT:USDT,0.13959,32.0,0.13958,72.0,0.13985,1.0,0.1399,32.0
1753531812960,12:10:12.960,ALCH/USDT:USDT,0.13959,32.0,0.13958,72.0,0.13985,1.0,0.1399,32.0
1753531813531,12:10:13.531,ALCH/USDT:USDT,0.1396,32.0,0.13959,36.0,0.13985,1.0,0.1399,32.0
1753531814336,12:10:14.336,ALCH/USDT:USDT,0.13961,32.0,0.1396,36.0,0.13985,1.0,0.1399,32.0
1753531814747,12:10:14.747,ALCH/USDT:USDT,0.13961,32.0,0.1396,36.0,0.13985,1.0,0.1399,32.0
1753531814863,12:10:14.863,ALCH/USDT:USDT,0.13961,32.0,0.1396,36.0,0.13985,1.0,0.1399,32.0
1753531815353,12:10:15.353,ALCH/USDT:USDT,0.13961,32.0,0.1396,36.0,0.13985,1.0,0.1399,32.0
1753531815537,12:10:15.537,ALCH/USDT:USDT,0.13961,32.0,0.1396,36.0,0.13984,32.0,0.13985,1.0
1753531815568,12:10:15.568,ALCH/USDT:USDT,0.13961,32.0,0.1396,36.0,0.13984,32.0,0.13985,1.0
1753531815743,12:10:15.743,ALCH/USDT:USDT,0.13961,32.0,0.1396,36.0,0.13984,32.0,0.13985,1.0
1753531815842,12:10:15.842,ALCH/USDT:USDT,0.13963,68.0,0.13962,36.0,0.13985,1.0,0.1399,32.0
1753531815871,12:10:15.871,ALCH/USDT:USDT,0.13965,32.0,0.13964,36.0,0.13985,1.0,0.1399,32.0
1753531816394,12:10:16.394,ALCH/USDT:USDT,0.13965,32.0,0.13964,72.0,0.13985,1.0,0.1399,32.0
1753531816753,12:10:16.753,ALCH/USDT:USDT,0.13965,32.0,0.13964,72.0,0.13985,1.0,0.1399,32.0
1753531817351,12:10:17.351,ALCH/USDT:USDT,0.13965,32.0,0.13964,72.0,0.13985,1.0,0.1399,32.0
1753531817562,12:10:17.562,ALCH/USDT:USDT,0.13966,31.0,0.13965,36.0,0.13985,1.0,0.1399,32.0
1753531818038,12:10:18.038,ALCH/USDT:USDT,0.13966,31.0,0.13965,36.0,0.13985,1.0,0.1399,32.0
1753531818063,12:10:18.063,ALCH/USDT:USDT,0.13966,31.0,0.13965,36.0,0.13985,1.0,0.1399,32.0
1753531818174,12:10:18.174,ALCH/USDT:USDT,0.13966,31.0,0.13965,36.0,0.13985,1.0,0.1399,32.0
1753531818437,12:10:18.437,ALCH/USDT:USDT,0.13966,31.0,0.13965,36.0,0.13985,1.0,0.1399,32.0
1753531818452,12:10:18.452,ALCH/USDT:USDT,0.13966,31.0,0.13965,36.0,0.13985,1.0,0.1399,32.0
1753531818670,12:10:18.670,ALCH/USDT:USDT,0.13967,31.0,0.13966,42.0,0.13985,1.0,0.1399,32.0
1753531818852,12:10:18.852,ALCH/USDT:USDT,0.13967,139.0,0.13966,42.0,0.13985,1.0,0.1399,32.0
1753531818898,12:10:18.898,ALCH/USDT:USDT,0.13968,31.0,0.13967,144.0,0.13985,1.0,0.1399,32.0
1753531819695,12:10:19.695,ALCH/USDT:USDT,0.13968,31.0,0.13967,144.0,0.13985,1.0,0.1399,32.0
1753531820620,12:10:20.620,ALCH/USDT:USDT,0.13969,31.0,0.13968,67.0,0.13985,1.0,0.1399,32.0
1753531820718,12:10:20.718,ALCH/USDT:USDT,0.1397,31.0,0.13969,36.0,0.13985,1.0,0.1399,32.0
1753531820782,12:10:20.782,ALCH/USDT:USDT,0.1397,31.0,0.13969,36.0,0.13985,1.0,0.1399,32.0
1753531820973,12:10:20.973,ALCH/USDT:USDT,0.1397,31.0,0.13969,36.0,0.13985,1.0,0.1399,32.0
1753531821448,12:10:21.448,ALCH/USDT:USDT,0.1397,67.0,0.13969,36.0,0.13985,1.0,0.1399,32.0
1753531821455,12:10:21.455,ALCH/USDT:USDT,0.13971,31.0,0.13969,36.0,0.13985,1.0,0.1399,32.0
1753531821820,12:10:21.820,ALCH/USDT:USDT,0.13971,31.0,0.13968,67.0,0.13985,1.0,0.1399,32.0
1753531821922,12:10:21.922,ALCH/USDT:USDT,0.13971,233.0,0.13968,67.0,0.13985,1.0,0.1399,32.0
1753531821977,12:10:21.977,ALCH/USDT:USDT,0.13971,209.0,0.13968,67.0,0.13985,1.0,0.1399,32.0
1753531822623,12:10:22.623,ALCH/USDT:USDT,0.13971,209.0,0.13968,67.0,0.13985,1.0,0.1399,32.0
1753531823143,12:10:23.143,ALCH/USDT:USDT,0.13972,31.0,0.13971,209.0,0.13985,1.0,0.1399,32.0
1753531823192,12:10:23.192,ALCH/USDT:USDT,0.13972,119.0,0.13971,79.0,0.13985,1.0,0.1399,32.0
1753531823348,12:10:23.348,ALCH/USDT:USDT,0.13972,119.0,0.13971,48.0,0.13985,1.0,0.1399,32.0
1753531823453,12:10:23.453,ALCH/USDT:USDT,0.13972,103.0,0.13971,48.0,0.13985,1.0,0.1399,32.0
1753531823461,12:10:23.461,ALCH/USDT:USDT,0.13972,139.0,0.13971,48.0,0.13985,1.0,0.1399,32.0
1753531823559,12:10:23.559,ALCH/USDT:USDT,0.13972,139.0,0.13971,48.0,0.13985,1.0,0.1399,32.0
1753531823818,12:10:23.818,ALCH/USDT:USDT,0.13972,103.0,0.13971,48.0,0.13985,1.0,0.1399,32.0
1753531823864,12:10:23.864,ALCH/USDT:USDT,0.13972,182.0,0.13971,48.0,0.13985,1.0,0.1399,32.0
1753531824010,12:10:24.010,ALCH/USDT:USDT,0.13972,67.0,0.13971,48.0,0.13985,1.0,0.1399,32.0
1753531824073,12:10:24.073,ALCH/USDT:USDT,0.13972,139.0,0.13971,48.0,0.13985,1.0,0.1399,32.0
1753531824214,12:10:24.214,ALCH/USDT:USDT,0.13972,182.0,0.13971,48.0,0.13985,1.0,0.1399,32.0
1753531824479,12:10:24.479,ALCH/USDT:USDT,0.13972,182.0,0.13971,48.0,0.13985,1.0,0.1399,32.0
1753531824919,12:10:24.919,ALCH/USDT:USDT,0.13972,149.0,0.13959,32.0,0.13985,1.0,0.1399,32.0
1753531825044,12:10:25.044,ALCH/USDT:USDT,0.13959,104.0,0.13954,142.0,0.13985,1.0,0.1399,32.0
1753531825141,12:10:25.141,ALCH/USDT:USDT,0.13963,31.0,0.13962,202.0,0.13985,1.0,0.1399,32.0
1753531825164,12:10:25.164,ALCH/USDT:USDT,0.13963,31.0,0.13962,202.0,0.13985,1.0,0.1399,32.0
1753531825275,12:10:25.275,ALCH/USDT:USDT,0.13963,31.0,0.13962,202.0,0.13985,1.0,0.1399,32.0
1753531825504,12:10:25.504,ALCH/USDT:USDT,0.13963,31.0,0.13962,202.0,0.13985,1.0,0.1399,32.0
1753531825613,12:10:25.613,ALCH/USDT:USDT,0.13963,31.0,0.13962,166.0,0.13985,1.0,0.1399,32.0
1753531826641,12:10:26.641,ALCH/USDT:USDT,0.13963,31.0,0.13962,166.0,0.13985,1.0,0.1399,32.0
1753531826671,12:10:26.671,ALCH/USDT:USDT,0.13963,31.0,0.13962,166.0,0.13985,1.0,0.1399,32.0
1753531828131,12:10:28.131,ALCH/USDT:USDT,0.13964,32.0,0.13963,67.0,0.13985,1.0,0.1399,32.0
1753531828167,12:10:28.167,ALCH/USDT:USDT,0.13964,32.0,0.13963,67.0,0.13985,1.0,0.1399,32.0
1753531828338,12:10:28.338,ALCH/USDT:USDT,0.13965,32.0,0.13964,36.0,0.13985,1.0,0.1399,32.0
1753531828363,12:10:28.363,ALCH/USDT:USDT,0.13965,32.0,0.13964,36.0,0.13985,1.0,0.1399,32.0
1753531828644,12:10:28.644,ALCH/USDT:USDT,0.13966,32.0,0.13965,36.0,0.13985,1.0,0.1399,32.0
1753531828658,12:10:28.658,ALCH/USDT:USDT,0.13966,32.0,0.13965,72.0,0.13985,1.0,0.1399,32.0
1753531828785,12:10:28.785,ALCH/USDT:USDT,0.13966,32.0,0.13965,72.0,0.13985,1.0,0.1399,32.0
1753531828903,12:10:28.903,ALCH/USDT:USDT,0.13967,32.0,0.13966,72.0,0.13985,1.0,0.1399,32.0
1753531829611,12:10:29.611,ALCH/USDT:USDT,0.13967,32.0,0.13966,72.0,0.13985,1.0,0.1399,32.0
1753531830028,12:10:30.028,ALCH/USDT:USDT,0.13967,32.0,0.13966,72.0,0.13985,1.0,0.1399,32.0
1753531831112,12:10:31.112,ALCH/USDT:USDT,0.13967,32.0,0.13966,72.0,0.13985,1.0,0.1399,32.0
1753531831210,12:10:31.210,ALCH/USDT:USDT,0.13968,32.0,0.13967,68.0,0.13985,1.0,0.1399,32.0
1753531831265,12:10:31.265,ALCH/USDT:USDT,0.13968,32.0,0.13967,68.0,0.13985,1.0,0.1399,32.0
1753531831363,12:10:31.363,ALCH/USDT:USDT,0.13968,32.0,0.13967,36.0,0.13985,1.0,0.1399,32.0
1753531831460,12:10:31.460,ALCH/USDT:USDT,0.13968,32.0,0.13967,36.0,0.13985,1.0,0.1399,32.0
1753531831560,12:10:31.560,ALCH/USDT:USDT,0.13968,32.0,0.13967,36.0,0.13985,1.0,0.1399,32.0
1753531831656,12:10:31.656,ALCH/USDT:USDT,0.13968,32.0,0.13967,36.0,0.13985,1.0,0.1399,32.0
1753531832541,12:10:32.541,ALCH/USDT:USDT,0.13968,104.0,0.13967,36.0,0.13985,1.0,0.1399,32.0
1753531832588,12:10:32.588,ALCH/USDT:USDT,0.13969,32.0,0.13968,72.0,0.13985,1.0,0.1399,32.0
1753531832890,12:10:32.890,ALCH/USDT:USDT,0.13969,32.0,0.13968,72.0,0.13985,1.0,0.1399,32.0
1753531833709,12:10:33.709,ALCH/USDT:USDT,0.13969,32.0,0.13968,72.0,0.13985,1.0,0.1399,32.0
1753531833810,12:10:33.810,ALCH/USDT:USDT,0.1397,32.0,0.13969,68.0,0.13985,1.0,0.1399,32.0
1753531833949,12:10:33.949,ALCH/USDT:USDT,0.1397,32.0,0.13969,104.0,0.13985,1.0,0.1399,32.0
1753531833962,12:10:33.962,ALCH/USDT:USDT,0.1397,32.0,0.13969,36.0,0.13985,1.0,0.1399,32.0
1753531834133,12:10:34.133,ALCH/USDT:USDT,0.13971,32.0,0.1397,36.0,0.13985,1.0,0.1399,32.0
1753531834248,12:10:34.248,ALCH/USDT:USDT,0.13971,104.0,0.1397,36.0,0.13985,1.0,0.1399,32.0
1753531834303,12:10:34.303,ALCH/USDT:USDT,0.13972,32.0,0.13971,36.0,0.13985,1.0,0.1399,32.0
1753531834552,12:10:34.552,ALCH/USDT:USDT,0.13972,32.0,0.13971,36.0,0.13985,1.0,0.1399,32.0
1753531834949,12:10:34.949,ALCH/USDT:USDT,0.13972,71.0,0.13971,36.0,0.13985,1.0,0.1399,32.0
1753531835050,12:10:35.050,ALCH/USDT:USDT,0.13972,71.0,0.13971,36.0,0.13985,1.0,0.1399,32.0
1753531835102,12:10:35.102,ALCH/USDT:USDT,0.13972,32.0,0.13971,36.0,0.13985,1.0,0.1399,32.0
1753531835234,12:10:35.234,ALCH/USDT:USDT,0.13972,193.0,0.13971,36.0,0.13985,1.0,0.1399,32.0
1753531835294,12:10:35.294,ALCH/USDT:USDT,0.13972,32.0,0.13971,36.0,0.13985,1.0,0.1399,32.0
1753531835499,12:10:35.499,ALCH/USDT:USDT,0.13972,32.0,0.13971,36.0,0.13985,1.0,0.1399,32.0
1753531835906,12:10:35.906,ALCH/USDT:USDT,0.13972,193.0,0.13971,36.0,0.13985,1.0,0.1399,32.0
1753531835979,12:10:35.979,ALCH/USDT:USDT,0.13972,32.0,0.13971,36.0,0.13985,1.0,0.1399,32.0
1753531836488,12:10:36.488,ALCH/USDT:USDT,0.13972,32.0,0.13971,36.0,0.13985,1.0,0.1399,32.0
1753531836636,12:10:36.636,ALCH/USDT:USDT,0.13972,104.0,0.13971,36.0,0.13985,1.0,0.1399,32.0
1753531836709,12:10:36.709,ALCH/USDT:USDT,0.13972,140.0,0.13971,36.0,0.13985,1.0,0.1399,32.0
1753531836850,12:10:36.850,ALCH/USDT:USDT,0.13972,32.0,0.13971,36.0,0.13985,1.0,0.1399,32.0
1753531837239,12:10:37.239,ALCH/USDT:USDT,0.13972,32.0,0.13962,50.0,0.13985,1.0,0.1399,32.0
1753531837286,12:10:37.286,ALCH/USDT:USDT,0.13972,32.0,0.13962,50.0,0.13985,1.0,0.1399,32.0
1753531837436,12:10:37.436,ALCH/USDT:USDT,0.13963,31.0,0.13962,50.0,0.13984,31.0,0.13985,1.0
1753531837512,12:10:37.512,ALCH/USDT:USDT,0.13963,31.0,0.13962,50.0,0.13984,31.0,0.13985,1.0
1753531837633,12:10:37.633,ALCH/USDT:USDT,0.13963,31.0,0.13962,50.0,0.13984,31.0,0.13985,1.0
1753531837662,12:10:37.662,ALCH/USDT:USDT,0.13963,31.0,0.13962,50.0,0.13984,31.0,0.13985,1.0
1753531838617,12:10:38.617,ALCH/USDT:USDT,0.13965,31.0,0.13964,103.0,0.13985,1.0,0.1399,32.0
1753531838707,12:10:38.707,ALCH/USDT:USDT,0.13965,31.0,0.13964,103.0,0.13985,1.0,0.1399,32.0
1753531838813,12:10:38.813,ALCH/USDT:USDT,0.13965,31.0,0.13964,72.0,0.13985,1.0,0.1399,32.0
1753531838890,12:10:38.890,ALCH/USDT:USDT,0.13966,31.0,0.13965,67.0,0.13985,1.0,0.1399,32.0
1753531839042,12:10:39.042,ALCH/USDT:USDT,0.13966,31.0,0.13965,36.0,0.13985,1.0,0.1399,32.0
1753531839129,12:10:39.129,ALCH/USDT:USDT,0.13966,31.0,0.13965,36.0,0.13985,1.0,0.1399,32.0
1753531839232,12:10:39.232,ALCH/USDT:USDT,0.13967,31.0,0.13966,36.0,0.13985,1.0,0.1399,32.0
1753531839331,12:10:39.331,ALCH/USDT:USDT,0.13967,31.0,0.13966,36.0,0.13985,1.0,0.1399,32.0
1753531839497,12:10:39.497,ALCH/USDT:USDT,0.13967,31.0,0.13966,36.0,0.13985,32.0,0.1399,32.0
1753531839651,12:10:39.651,ALCH/USDT:USDT,0.13967,31.0,0.13966,36.0,0.13985,32.0,0.1399,32.0
1753531839652,12:10:39.652,ALCH/USDT:USDT,0.13967,31.0,0.13966,36.0,0.13985,32.0,0.1399,32.0
1753531839929,12:10:39.929,ALCH/USDT:USDT,0.13963,31.0,0.13962,50.0,0.13984,31.0,0.13985,1.0
1753531839995,12:10:39.995,ALCH/USDT:USDT,0.13963,31.0,0.13962,50.0,0.13984,31.0,0.13985,1.0
1753531840135,12:10:40.135,ALCH/USDT:USDT,0.13963,31.0,0.13962,50.0,0.13984,31.0,0.13985,1.0
1753531840195,12:10:40.195,ALCH/USDT:USDT,0.13963,31.0,0.13962,50.0,0.13984,31.0,0.13985,1.0
1753531840259,12:10:40.259,ALCH/USDT:USDT,0.13963,31.0,0.13962,50.0,0.13984,31.0,0.13985,1.0
1753531840412,12:10:40.412,ALCH/USDT:USDT,0.13963,31.0,0.13962,50.0,0.13984,31.0,0.13985,1.0
1753531840494,12:10:40.494,ALCH/USDT:USDT,0.13963,31.0,0.13962,50.0,0.13984,31.0,0.13985,1.0
1753531840937,12:10:40.937,ALCH/USDT:USDT,0.13963,31.0,0.13962,50.0,0.13984,31.0,0.13985,1.0
1753531842559,12:10:42.559,ALCH/USDT:USDT,0.13963,31.0,0.13962,50.0,0.13984,31.0,0.13985,1.0
1753531842906,12:10:42.906,ALCH/USDT:USDT,0.13963,31.0,0.13962,50.0,0.13984,31.0,0.13985,1.0
1753531843294,12:10:43.294,ALCH/USDT:USDT,0.13963,31.0,0.13962,50.0,0.13984,31.0,0.13985,1.0
1753531843850,12:10:43.850,ALCH/USDT:USDT,0.13963,31.0,0.13962,50.0,0.13984,31.0,0.13985,1.0
1753531844717,12:10:44.717,ALCH/USDT:USDT,0.13963,31.0,0.13962,50.0,0.13984,31.0,0.13985,1.0
1753531846830,12:10:46.830,ALCH/USDT:USDT,0.13963,31.0,0.13962,50.0,0.13984,31.0,0.13985,1.0
1753531847028,12:10:47.028,ALCH/USDT:USDT,0.13963,31.0,0.13962,50.0,0.13984,31.0,0.13985,1.0
1753531847060,12:10:47.060,ALCH/USDT:USDT,0.13963,31.0,0.13962,50.0,0.13984,31.0,0.13985,1.0
1753531847248,12:10:47.248,ALCH/USDT:USDT,0.13963,31.0,0.13962,50.0,0.13984,31.0,0.13985,1.0
1753531847299,12:10:47.299,ALCH/USDT:USDT,0.13963,31.0,0.13962,50.0,0.13984,31.0,0.13985,1.0
1753531847546,12:10:47.546,ALCH/USDT:USDT,0.13963,31.0,0.13962,50.0,0.13984,31.0,0.13985,1.0
1753531847640,12:10:47.640,ALCH/USDT:USDT,0.13963,31.0,0.13962,50.0,0.13984,31.0,0.13985,1.0
1753531847806,12:10:47.806,ALCH/USDT:USDT,0.13963,31.0,0.13962,50.0,0.13984,31.0,0.13985,1.0
1753531848498,12:10:48.498,ALCH/USDT:USDT,0.13963,31.0,0.13962,50.0,0.13984,31.0,0.13985,1.0
1753531848640,12:10:48.640,ALCH/USDT:USDT,0.13963,31.0,0.13962,50.0,0.13984,31.0,0.13985,1.0
1753531848667,12:10:48.667,ALCH/USDT:USDT,0.13963,31.0,0.13962,50.0,0.13984,31.0,0.13985,1.0
1753531848767,12:10:48.767,ALCH/USDT:USDT,0.13963,31.0,0.13962,50.0,0.13984,31.0,0.13985,1.0
1753531848943,12:10:48.943,ALCH/USDT:USDT,0.13963,31.0,0.13962,50.0,0.13984,31.0,0.13985,1.0
1753531849519,12:10:49.519,ALCH/USDT:USDT,0.13963,31.0,0.13962,50.0,0.13982,31.0,0.13983,50.0
1753531849582,12:10:49.582,ALCH/USDT:USDT,0.13963,31.0,0.13962,50.0,0.13982,31.0,0.13983,50.0
1753531850244,12:10:50.244,ALCH/USDT:USDT,0.13963,31.0,0.13962,50.0,0.13982,31.0,0.13983,50.0
1753531850345,12:10:50.345,ALCH/USDT:USDT,0.13963,31.0,0.13962,50.0,0.13982,31.0,0.13983,50.0
1753531850427,12:10:50.427,ALCH/USDT:USDT,0.13963,31.0,0.13962,50.0,0.13982,31.0,0.13983,50.0
1753531850551,12:10:50.551,ALCH/USDT:USDT,0.13963,31.0,0.13962,50.0,0.13982,31.0,0.13983,50.0
1753531850648,12:10:50.648,ALCH/USDT:USDT,0.13963,31.0,0.13962,50.0,0.13982,31.0,0.13983,50.0
1753531850667,12:10:50.667,ALCH/USDT:USDT,0.13963,31.0,0.13962,50.0,0.13982,31.0,0.13983,50.0
1753531850848,12:10:50.848,ALCH/USDT:USDT,0.13963,31.0,0.13962,50.0,0.13982,31.0,0.13983,50.0
1753531850888,12:10:50.888,ALCH/USDT:USDT,0.13963,31.0,0.13962,50.0,0.13982,31.0,0.13983,50.0
1753531851051,12:10:51.051,ALCH/USDT:USDT,0.13963,31.0,0.13962,50.0,0.13982,31.0,0.13983,50.0
1753531851119,12:10:51.119,ALCH/USDT:USDT,0.13963,31.0,0.13962,50.0,0.13982,31.0,0.13983,50.0
1753531851363,12:10:51.363,ALCH/USDT:USDT,0.13963,31.0,0.13962,50.0,0.13982,31.0,0.13984,50.0
1753531851538,12:10:51.538,ALCH/USDT:USDT,0.13963,31.0,0.13962,50.0,0.13982,31.0,0.13984,50.0
1753531851638,12:10:51.638,ALCH/USDT:USDT,0.13963,31.0,0.13962,50.0,0.13982,31.0,0.13984,50.0
1753531851685,12:10:51.685,ALCH/USDT:USDT,0.13963,31.0,0.13962,50.0,0.13982,31.0,0.13984,50.0
1753531852900,12:10:52.900,ALCH/USDT:USDT,0.13963,31.0,0.13962,50.0,0.13982,31.0,0.13984,50.0
1753531853065,12:10:53.065,ALCH/USDT:USDT,0.13963,31.0,0.13962,50.0,0.13982,31.0,0.13984,50.0
1753531853191,12:10:53.191,ALCH/USDT:USDT,0.13963,31.0,0.13962,50.0,0.13982,31.0,0.13984,50.0
1753531853340,12:10:53.340,ALCH/USDT:USDT,0.13963,31.0,0.13962,50.0,0.13984,50.0,0.13985,1.0
1753531853359,12:10:53.359,ALCH/USDT:USDT,0.13963,31.0,0.13962,50.0,0.13984,50.0,0.13985,1.0
1753531853463,12:10:53.463,ALCH/USDT:USDT,0.13963,31.0,0.13962,50.0,0.13984,50.0,0.13985,1.0
1753531853708,12:10:53.708,ALCH/USDT:USDT,0.13963,31.0,0.13962,50.0,0.13984,50.0,0.13985,1.0
1753531854187,12:10:54.187,ALCH/USDT:USDT,0.13963,31.0,0.13962,50.0,0.13984,50.0,0.13985,1.0
1753531855649,12:10:55.649,ALCH/USDT:USDT,0.13963,31.0,0.13962,50.0,0.13984,50.0,0.13985,1.0
1753531855746,12:10:55.746,ALCH/USDT:USDT,0.13963,31.0,0.13962,50.0,0.13984,50.0,0.13985,1.0
1753531855843,12:10:55.843,ALCH/USDT:USDT,0.13963,31.0,0.13962,50.0,0.13984,81.0,0.13985,1.0
1753531855928,12:10:55.928,ALCH/USDT:USDT,0.13963,31.0,0.13962,50.0,0.13984,81.0,0.13985,1.0
1753531856001,12:10:56.001,ALCH/USDT:USDT,0.13963,31.0,0.13962,50.0,0.13984,81.0,0.13985,1.0
1753531856332,12:10:56.332,ALCH/USDT:USDT,0.13963,31.0,0.13962,50.0,0.13984,81.0,0.13985,1.0
1753531856946,12:10:56.946,ALCH/USDT:USDT,0.13963,31.0,0.13962,50.0,0.13984,81.0,0.13985,1.0
1753531857144,12:10:57.144,ALCH/USDT:USDT,0.13963,31.0,0.13962,50.0,0.13984,50.0,0.13985,1.0
1753531857353,12:10:57.353,ALCH/USDT:USDT,0.13963,31.0,0.13962,50.0,0.13984,50.0,0.13985,1.0
1753531857353,12:10:57.353,ALCH/USDT:USDT,0.13963,31.0,0.13962,50.0,0.13984,50.0,0.13985,1.0
1753531857764,12:10:57.764,ALCH/USDT:USDT,0.13963,31.0,0.13962,50.0,0.13984,50.0,0.13985,1.0
1753531857887,12:10:57.887,ALCH/USDT:USDT,0.13964,32.0,0.13963,36.0,0.13984,50.0,0.13985,1.0
1753531858041,12:10:58.041,ALCH/USDT:USDT,0.13964,32.0,0.13963,5.0,0.13984,50.0,0.13985,1.0
1753531859003,12:10:59.003,ALCH/USDT:USDT,0.13964,32.0,0.13963,5.0,0.13984,50.0,0.13985,1.0
1753531859116,12:10:59.116,ALCH/USDT:USDT,0.13964,32.0,0.13962,50.0,0.13984,50.0,0.13985,1.0
1753531859528,12:10:59.528,ALCH/USDT:USDT,0.13964,32.0,0.13962,50.0,0.13984,50.0,0.13985,1.0
1753531859630,12:10:59.630,ALCH/USDT:USDT,0.13964,32.0,0.13962,50.0,0.13984,50.0,0.13985,1.0
1753531859707,12:10:59.707,ALCH/USDT:USDT,0.13965,32.0,0.13962,50.0,0.13984,50.0,0.13985,1.0
1753531859819,12:10:59.819,ALCH/USDT:USDT,0.13966,32.0,0.13962,50.0,0.13984,50.0,0.13985,1.0
1753531859918,12:10:59.918,ALCH/USDT:USDT,0.13966,32.0,0.13962,50.0,0.13984,50.0,0.13985,1.0
1753531860438,12:11:00.438,ALCH/USDT:USDT,0.13966,32.0,0.13962,50.0,0.13984,50.0,0.13985,1.0
1753531860510,12:11:00.510,ALCH/USDT:USDT,0.13966,32.0,0.13962,50.0,0.13984,50.0,0.13985,1.0
1753531860679,12:11:00.679,ALCH/USDT:USDT,0.13966,32.0,0.13962,50.0,0.13984,50.0,0.13985,1.0
1753531861205,12:11:01.205,ALCH/USDT:USDT,0.13967,32.0,0.13966,72.0,0.13984,50.0,0.13985,1.0
1753531861330,12:11:01.330,ALCH/USDT:USDT,0.13968,32.0,0.13967,104.0,0.13984,50.0,0.13985,1.0
1753531861435,12:11:01.435,ALCH/USDT:USDT,0.13968,32.0,0.13967,72.0,0.13984,50.0,0.13985,1.0
1753531861460,12:11:01.460,ALCH/USDT:USDT,0.13968,32.0,0.13967,72.0,0.13984,50.0,0.13985,1.0
1753531861714,12:11:01.714,ALCH/USDT:USDT,0.13969,32.0,0.13968,68.0,0.13984,50.0,0.13985,1.0
1753531861763,12:11:01.763,ALCH/USDT:USDT,0.13969,32.0,0.13968,68.0,0.13984,50.0,0.13985,1.0
1753531861889,12:11:01.889,ALCH/USDT:USDT,0.13969,32.0,0.13968,36.0,0.13984,50.0,0.13985,1.0
