timestamp,time,symbol,bid1_price,bid1_volume,bid2_price,bid2_volume,ask1_price,ask1_volume,ask2_price,ask2_volume
1753520627000,09:03:47.000,AGLD/USDT:USDT,0.7957,66.0,0.7956,66.0,0.7961,6.0,0.7962,9.0
1753520627145,09:03:47.145,AGLD/USDT:USDT,0.7957,66.0,0.7955,9.0,0.7961,6.0,0.7962,9.0
1753520627235,09:03:47.235,AGLD/USDT:USDT,0.7957,66.0,0.7955,9.0,0.7962,386.0,0.7963,6.0
1753520627346,09:03:47.346,AGLD/USDT:USDT,0.7957,66.0,0.7955,9.0,0.7961,6.0,0.7962,18.0
1753520627426,09:03:47.426,AGLD/USDT:USDT,0.7958,66.0,0.7954,13.0,0.7962,386.0,0.7963,15.0
1753520627471,09:03:47.471,AGLD/USDT:USDT,0.7958,66.0,0.7954,13.0,0.7961,6.0,0.7962,386.0
1753520627654,09:03:47.654,AGLD/USDT:USDT,0.7958,66.0,0.7957,9.0,0.7961,6.0,0.7962,9.0
1753520627670,09:03:47.670,AGLD/USDT:USDT,0.7958,66.0,0.7957,9.0,0.7962,9.0,0.7963,15.0
1753520628027,09:03:48.027,AGLD/USDT:USDT,0.7958,66.0,0.7957,9.0,0.7962,9.0,0.7963,15.0
1753520628551,09:03:48.551,AGLD/USDT:USDT,0.7956,13.0,0.7946,56.0,0.7962,9.0,0.7963,15.0
1753520628572,09:03:48.572,AGLD/USDT:USDT,0.7956,13.0,0.7954,13.0,0.7962,386.0,0.7963,15.0
1753520628669,09:03:48.669,AGLD/USDT:USDT,0.7956,13.0,0.7954,13.0,0.7961,6.0,0.7962,386.0
1753520629846,09:03:49.846,AGLD/USDT:USDT,0.7958,66.0,0.7956,9.0,0.7961,6.0,0.7962,386.0
1753520629945,09:03:49.945,AGLD/USDT:USDT,0.7958,66.0,0.7956,22.0,0.7961,6.0,0.7962,386.0
1753520630053,09:03:50.053,AGLD/USDT:USDT,0.7958,66.0,0.7956,13.0,0.7961,6.0,0.7962,386.0
1753520630198,09:03:50.198,AGLD/USDT:USDT,0.7958,66.0,0.7956,22.0,0.7961,6.0,0.7962,386.0
1753520630453,09:03:50.453,AGLD/USDT:USDT,0.7958,66.0,0.7956,22.0,0.7961,6.0,0.7962,377.0
1753520630504,09:03:50.504,AGLD/USDT:USDT,0.7958,66.0,0.7956,22.0,0.7961,6.0,0.7962,377.0
1753520630743,09:03:50.743,AGLD/USDT:USDT,0.7958,66.0,0.7956,22.0,0.796,1260.0,0.7961,6.0
1753520630769,09:03:50.769,AGLD/USDT:USDT,0.7958,66.0,0.7956,22.0,0.796,1260.0,0.7962,9.0
1753520630962,09:03:50.962,AGLD/USDT:USDT,0.7958,66.0,0.7957,9.0,0.796,1260.0,0.7964,56.0
1753520630973,09:03:50.973,AGLD/USDT:USDT,0.7958,66.0,0.7957,9.0,0.796,1260.0,0.7964,56.0
1753520631188,09:03:51.188,AGLD/USDT:USDT,0.7958,66.0,0.7957,9.0,0.796,1260.0,0.7962,9.0
1753520631266,09:03:51.266,AGLD/USDT:USDT,0.7958,66.0,0.7957,9.0,0.796,1260.0,0.7962,9.0
1753520635153,09:03:55.153,AGLD/USDT:USDT,0.7957,9.0,0.7956,9.0,0.796,1260.0,0.7962,9.0
1753520635253,09:03:55.253,AGLD/USDT:USDT,0.7957,75.0,0.7956,18.0,0.7959,6.0,0.796,1260.0
1753520635358,09:03:55.358,AGLD/USDT:USDT,0.7957,75.0,0.7956,18.0,0.7959,6.0,0.796,1260.0
1753520635588,09:03:55.588,AGLD/USDT:USDT,0.7957,75.0,0.7956,18.0,0.7959,6.0,0.7964,56.0
1753520635670,09:03:55.670,AGLD/USDT:USDT,0.7957,75.0,0.7956,18.0,0.7964,62.0,0.7965,106.0
1753520635765,09:03:55.765,AGLD/USDT:USDT,0.7957,75.0,0.7956,18.0,0.7964,62.0,0.7965,106.0
1753520639859,09:03:59.859,AGLD/USDT:USDT,0.7957,13.0,0.7956,9.0,0.7964,448.0,0.7965,106.0
1753520639867,09:03:59.867,AGLD/USDT:USDT,0.7957,13.0,0.7956,9.0,0.7964,448.0,0.7965,106.0
1753520644184,09:04:04.184,AGLD/USDT:USDT,0.7957,13.0,0.7956,9.0,0.7964,448.0,0.7965,106.0
1753520645624,09:04:05.624,AGLD/USDT:USDT,0.7957,13.0,0.7956,9.0,0.7964,439.0,0.7965,106.0
1753520648446,09:04:08.446,AGLD/USDT:USDT,0.7959,66.0,0.7957,13.0,0.7964,392.0,0.7965,106.0
1753520648489,09:04:08.489,AGLD/USDT:USDT,0.7959,66.0,0.7957,13.0,0.7964,392.0,0.7965,106.0
1753520648642,09:04:08.642,AGLD/USDT:USDT,0.7959,66.0,0.7957,13.0,0.7964,392.0,0.7965,106.0
1753520649136,09:04:09.136,AGLD/USDT:USDT,0.7957,13.0,0.7954,70.0,0.7964,401.0,0.7965,106.0
1753520649522,09:04:09.522,AGLD/USDT:USDT,0.7957,13.0,0.7954,70.0,0.7964,401.0,0.7965,106.0
1753520649750,09:04:09.750,AGLD/USDT:USDT,0.7958,66.0,0.7957,13.0,0.7964,15.0,0.7965,106.0
1753520649842,09:04:09.842,AGLD/USDT:USDT,0.796,75.0,0.7959,9.0,0.7964,6.0,0.7965,115.0
1753520649951,09:04:09.951,AGLD/USDT:USDT,0.796,75.0,0.7959,9.0,0.7964,6.0,0.7965,124.0
1753520650392,09:04:10.392,AGLD/USDT:USDT,0.796,75.0,0.7959,9.0,0.7964,6.0,0.7965,124.0
1753520650844,09:04:10.844,AGLD/USDT:USDT,0.7958,22.0,0.7954,57.0,0.7964,6.0,0.7965,124.0
1753520650867,09:04:10.867,AGLD/USDT:USDT,0.7958,22.0,0.7956,13.0,0.7964,6.0,0.7965,124.0
1753520651222,09:04:11.222,AGLD/USDT:USDT,0.7958,22.0,0.7956,13.0,0.7964,6.0,0.7965,115.0
1753520654034,09:04:14.034,AGLD/USDT:USDT,0.7958,22.0,0.7956,13.0,0.7964,6.0,0.7965,115.0
1753520654158,09:04:14.158,AGLD/USDT:USDT,0.7961,66.0,0.7959,22.0,0.7964,6.0,0.7965,59.0
1753520654170,09:04:14.170,AGLD/USDT:USDT,0.7961,66.0,0.7959,22.0,0.7965,65.0,0.7966,106.0
1753520654339,09:04:14.339,AGLD/USDT:USDT,0.7961,66.0,0.7959,22.0,0.7965,65.0,0.7966,106.0
1753520654412,09:04:14.412,AGLD/USDT:USDT,0.7961,66.0,0.7959,22.0,0.7965,65.0,0.7966,106.0
1753520654558,09:04:14.558,AGLD/USDT:USDT,0.7961,66.0,0.7959,22.0,0.7965,65.0,0.7966,106.0
1753520656698,09:04:16.698,AGLD/USDT:USDT,0.7961,66.0,0.7959,22.0,0.7965,65.0,0.7966,115.0
1753520657458,09:04:17.458,AGLD/USDT:USDT,0.7959,13.0,0.7957,13.0,0.7965,442.0,0.7966,115.0
1753520657653,09:04:17.653,AGLD/USDT:USDT,0.7959,13.0,0.7957,13.0,0.7965,442.0,0.7966,115.0
1753520661780,09:04:21.780,AGLD/USDT:USDT,0.7959,13.0,0.7957,13.0,0.7965,442.0,0.7966,115.0
1753520663662,09:04:23.662,AGLD/USDT:USDT,0.7957,13.0,0.7954,57.0,0.7964,57.0,0.7965,442.0
1753520663724,09:04:23.724,AGLD/USDT:USDT,0.7957,13.0,0.7954,70.0,0.7964,57.0,0.7965,65.0
1753520666750,09:04:26.750,AGLD/USDT:USDT,0.7954,70.0,0.7952,13.0,0.7964,434.0,0.7965,65.0
1753520666847,09:04:26.847,AGLD/USDT:USDT,0.7958,66.0,0.7954,70.0,0.7963,24.0,0.7964,434.0
1753520666922,09:04:26.922,AGLD/USDT:USDT,0.7958,66.0,0.7956,13.0,0.7963,24.0,0.7964,434.0
1753520669058,09:04:29.058,AGLD/USDT:USDT,0.7958,66.0,0.7956,13.0,0.7963,24.0,0.7964,434.0
1753520669261,09:04:29.261,AGLD/USDT:USDT,0.7954,70.0,0.7948,50.0,0.7963,458.0,0.7964,57.0
1753520669263,09:04:29.263,AGLD/USDT:USDT,0.7954,70.0,0.7952,13.0,0.7963,458.0,0.7964,57.0
1753520669473,09:04:29.473,AGLD/USDT:USDT,0.7954,70.0,0.7952,13.0,0.7963,458.0,0.7964,57.0
1753520673549,09:04:33.549,AGLD/USDT:USDT,0.7956,66.0,0.7955,66.0,0.7962,55.0,0.7963,458.0
1753520673588,09:04:33.588,AGLD/USDT:USDT,0.7956,75.0,0.7954,13.0,0.7962,55.0,0.7963,458.0
1753520673697,09:04:33.697,AGLD/USDT:USDT,0.7956,75.0,0.7954,13.0,0.7962,55.0,0.7963,458.0
1753520674858,09:04:34.858,AGLD/USDT:USDT,0.7956,84.0,0.7954,13.0,0.7962,55.0,0.7963,81.0
1753520677302,09:04:37.302,AGLD/USDT:USDT,0.7956,84.0,0.7954,13.0,0.7962,432.0,0.7963,81.0
1753520677385,09:04:37.385,AGLD/USDT:USDT,0.7956,84.0,0.7954,13.0,0.7961,6.0,0.7962,55.0
1753520677486,09:04:37.486,AGLD/USDT:USDT,0.7956,84.0,0.7954,13.0,0.7962,383.0,0.7963,75.0
1753520680541,09:04:40.541,AGLD/USDT:USDT,0.7956,84.0,0.7954,13.0,0.7962,383.0,0.7963,75.0
1753520680586,09:04:40.586,AGLD/USDT:USDT,0.7956,84.0,0.7954,13.0,0.7962,383.0,0.7963,75.0
1753520684401,09:04:44.401,AGLD/USDT:USDT,0.7956,84.0,0.7954,13.0,0.7962,383.0,0.7963,75.0
1753520684691,09:04:44.691,AGLD/USDT:USDT,0.7956,84.0,0.7954,13.0,0.7962,383.0,0.7963,75.0
1753520684836,09:04:44.836,AGLD/USDT:USDT,0.7956,84.0,0.7954,13.0,0.7962,383.0,0.7963,75.0
1753520685556,09:04:45.556,AGLD/USDT:USDT,0.7956,75.0,0.7954,13.0,0.7962,383.0,0.7963,75.0
1753520687273,09:04:47.273,AGLD/USDT:USDT,0.7956,75.0,0.7954,13.0,0.7962,383.0,0.7963,75.0
1753520687802,09:04:47.802,AGLD/USDT:USDT,0.7956,75.0,0.7954,13.0,0.7962,383.0,0.7963,75.0
1753520688153,09:04:48.153,AGLD/USDT:USDT,0.7956,75.0,0.7954,13.0,0.7962,383.0,0.7963,75.0
1753520690190,09:04:50.190,AGLD/USDT:USDT,0.7956,75.0,0.7954,13.0,0.7962,383.0,0.7963,75.0
1753520691024,09:04:51.024,AGLD/USDT:USDT,0.7956,75.0,0.7954,13.0,0.7962,383.0,0.7963,75.0
1753520691507,09:04:51.507,AGLD/USDT:USDT,0.7956,84.0,0.7954,13.0,0.7962,383.0,0.7963,75.0
1753520691594,09:04:51.594,AGLD/USDT:USDT,0.7956,66.0,0.7954,13.0,0.7962,383.0,0.7963,75.0
1753520694300,09:04:54.300,AGLD/USDT:USDT,0.7956,66.0,0.7954,13.0,0.7962,383.0,0.7963,75.0
1753520694537,09:04:54.537,AGLD/USDT:USDT,0.7956,66.0,0.7954,13.0,0.7962,383.0,0.7963,75.0
1753520694606,09:04:54.606,AGLD/USDT:USDT,0.7956,66.0,0.7954,13.0,0.7962,383.0,0.7963,75.0
1753520696319,09:04:56.319,AGLD/USDT:USDT,0.7956,66.0,0.7954,13.0,0.7962,383.0,0.7963,75.0
1753520696727,09:04:56.727,AGLD/USDT:USDT,0.7956,66.0,0.7954,13.0,0.7962,383.0,0.7963,75.0
1753520697784,09:04:57.784,AGLD/USDT:USDT,0.7956,66.0,0.7954,13.0,0.7961,73.0,0.7962,6.0
1753520697870,09:04:57.870,AGLD/USDT:USDT,0.7956,66.0,0.7954,13.0,0.796,6.0,0.7961,73.0
1753520699476,09:04:59.476,AGLD/USDT:USDT,0.7956,66.0,0.7954,13.0,0.796,6.0,0.7961,73.0
1753520699910,09:04:59.910,AGLD/USDT:USDT,0.7956,66.0,0.7954,13.0,0.796,383.0,0.7961,73.0
1753520699971,09:04:59.971,AGLD/USDT:USDT,0.7956,66.0,0.7954,13.0,0.796,383.0,0.7961,73.0
1753520700414,09:05:00.414,AGLD/USDT:USDT,0.7956,66.0,0.7954,13.0,0.796,383.0,0.7961,73.0
1753520700946,09:05:00.946,AGLD/USDT:USDT,0.7956,66.0,0.7954,13.0,0.796,383.0,0.7961,73.0
1753520701245,09:05:01.245,AGLD/USDT:USDT,0.7956,66.0,0.7954,13.0,0.796,383.0,0.7961,73.0
1753520702063,09:05:02.063,AGLD/USDT:USDT,0.7956,66.0,0.7954,13.0,0.796,383.0,0.7961,73.0
1753520702191,09:05:02.191,AGLD/USDT:USDT,0.7954,13.0,0.7952,13.0,0.796,383.0,0.7961,73.0
1753520703293,09:05:03.293,AGLD/USDT:USDT,0.7954,13.0,0.7952,13.0,0.796,383.0,0.7961,73.0
1753520704180,09:05:04.180,AGLD/USDT:USDT,0.7954,13.0,0.7952,13.0,0.796,383.0,0.7961,73.0
1753520705246,09:05:05.246,AGLD/USDT:USDT,0.7952,13.0,0.795,13.0,0.796,383.0,0.7961,73.0
1753520705346,09:05:05.346,AGLD/USDT:USDT,0.795,13.0,0.7946,56.0,0.7959,56.0,0.796,6.0
1753520705453,09:05:05.453,AGLD/USDT:USDT,0.7951,56.0,0.795,13.0,0.796,383.0,0.7961,55.0
1753520705532,09:05:05.532,AGLD/USDT:USDT,0.7951,56.0,0.7949,13.0,0.796,6.0,0.7961,55.0
1753520705637,09:05:05.637,AGLD/USDT:USDT,0.7951,56.0,0.7949,13.0,0.7963,6.0,0.7964,57.0
1753520705739,09:05:05.739,AGLD/USDT:USDT,0.7951,56.0,0.7949,13.0,0.7963,56.0,0.7964,63.0
1753520705958,09:05:05.958,AGLD/USDT:USDT,0.7951,56.0,0.7949,13.0,0.7962,56.0,0.7963,433.0
1753520705976,09:05:05.976,AGLD/USDT:USDT,0.7951,56.0,0.7949,13.0,0.7962,62.0,0.7963,433.0
1753520706452,09:05:06.452,AGLD/USDT:USDT,0.7951,56.0,0.7949,13.0,0.7962,62.0,0.7963,433.0
1753520706926,09:05:06.926,AGLD/USDT:USDT,0.7953,122.0,0.7952,56.0,0.7961,56.0,0.7962,62.0
1753520707049,09:05:07.049,AGLD/USDT:USDT,0.7953,122.0,0.7952,56.0,0.7961,56.0,0.7962,62.0
1753520707102,09:05:07.102,AGLD/USDT:USDT,0.7953,122.0,0.7952,56.0,0.7961,56.0,0.7962,62.0
1753520707267,09:05:07.267,AGLD/USDT:USDT,0.7953,122.0,0.7952,56.0,0.7961,56.0,0.7962,62.0
1753520707549,09:05:07.549,AGLD/USDT:USDT,0.7956,66.0,0.7954,78.0,0.7962,62.0,0.7963,56.0
1753520707582,09:05:07.582,AGLD/USDT:USDT,0.7957,66.0,0.7954,78.0,0.7962,439.0,0.7963,67.0
1753520707729,09:05:07.729,AGLD/USDT:USDT,0.7957,66.0,0.7954,91.0,0.7962,439.0,0.7963,67.0
1753520707766,09:05:07.766,AGLD/USDT:USDT,0.7957,66.0,0.7954,91.0,0.7962,439.0,0.7963,67.0
1753520708192,09:05:08.192,AGLD/USDT:USDT,0.7957,66.0,0.7954,91.0,0.7962,439.0,0.7963,67.0
1753520709446,09:05:09.446,AGLD/USDT:USDT,0.7957,66.0,0.7954,91.0,0.7962,439.0,0.7963,67.0
1753520709964,09:05:09.964,AGLD/USDT:USDT,0.7957,66.0,0.7954,91.0,0.7962,439.0,0.7963,67.0
1753520710743,09:05:10.743,AGLD/USDT:USDT,0.7957,66.0,0.7954,91.0,0.7962,439.0,0.7963,78.0
1753520711483,09:05:11.483,AGLD/USDT:USDT,0.7957,66.0,0.7954,91.0,0.7962,439.0,0.7963,78.0
1753520712298,09:05:12.298,AGLD/USDT:USDT,0.7957,66.0,0.7954,91.0,0.7962,439.0,0.7963,78.0
1753520712763,09:05:12.763,AGLD/USDT:USDT,0.7957,66.0,0.7954,80.0,0.7962,439.0,0.7963,78.0
1753520712962,09:05:12.962,AGLD/USDT:USDT,0.7951,56.0,0.7946,56.0,0.7961,54.0,0.7962,439.0
1753520713027,09:05:13.027,AGLD/USDT:USDT,0.7952,66.0,0.795,54.0,0.796,65.0,0.7961,431.0
1753520713084,09:05:13.084,AGLD/USDT:USDT,0.7952,66.0,0.795,54.0,0.7959,6.0,0.796,76.0
1753520713173,09:05:13.173,AGLD/USDT:USDT,0.7952,66.0,0.795,54.0,0.7959,6.0,0.796,76.0
1753520713351,09:05:13.351,AGLD/USDT:USDT,0.7952,66.0,0.795,67.0,0.7959,6.0,0.796,76.0
1753520713457,09:05:13.457,AGLD/USDT:USDT,0.7952,66.0,0.795,67.0,0.7959,6.0,0.796,76.0
1753520713634,09:05:13.634,AGLD/USDT:USDT,0.7952,66.0,0.795,67.0,0.7959,60.0,0.796,76.0
1753520713762,09:05:13.762,AGLD/USDT:USDT,0.7952,66.0,0.795,67.0,0.7958,54.0,0.7959,60.0
1753520713817,09:05:13.817,AGLD/USDT:USDT,0.7952,66.0,0.795,67.0,0.7958,54.0,0.7959,60.0
1753520714548,09:05:14.548,AGLD/USDT:USDT,0.7952,66.0,0.795,67.0,0.7958,54.0,0.7959,60.0
1753520715046,09:05:15.046,AGLD/USDT:USDT,0.7954,66.0,0.7951,11.0,0.7958,388.0,0.7959,60.0
1753520715128,09:05:15.128,AGLD/USDT:USDT,0.7954,66.0,0.7952,13.0,0.7957,6.0,0.7958,22.0
1753520715231,09:05:15.231,AGLD/USDT:USDT,0.7952,13.0,0.795,67.0,0.7958,405.0,0.7959,65.0
1753520715388,09:05:15.388,AGLD/USDT:USDT,0.7952,13.0,0.795,67.0,0.7958,405.0,0.7959,65.0
1753520715763,09:05:15.763,AGLD/USDT:USDT,0.795,13.0,0.7946,56.0,0.7957,54.0,0.7958,28.0
1753520715850,09:05:15.850,AGLD/USDT:USDT,0.7948,13.0,0.7946,56.0,0.7956,431.0,0.7957,54.0
1753520715906,09:05:15.906,AGLD/USDT:USDT,0.7946,56.0,0.7945,106.0,0.7955,82.0,0.7956,54.0
1753520716218,09:05:16.218,AGLD/USDT:USDT,0.7946,56.0,0.7945,106.0,0.7955,82.0,0.7956,54.0
1753520716462,09:05:16.462,AGLD/USDT:USDT,0.795,88.0,0.7949,88.0,0.7955,6.0,0.7956,54.0
1753520716508,09:05:16.508,AGLD/USDT:USDT,0.7952,66.0,0.795,35.0,0.7956,6.0,0.7957,54.0
1753520716635,09:05:16.635,AGLD/USDT:USDT,0.7952,66.0,0.795,35.0,0.7957,60.0,0.7958,11.0
1753520718069,09:05:18.069,AGLD/USDT:USDT,0.7952,66.0,0.795,35.0,0.7957,60.0,0.7958,11.0
1753520718654,09:05:18.654,AGLD/USDT:USDT,0.795,35.0,0.7949,22.0,0.7956,54.0,0.7957,60.0
1753520719469,09:05:19.469,AGLD/USDT:USDT,0.795,35.0,0.7949,22.0,0.7956,54.0,0.7957,60.0
1753520719887,09:05:19.887,AGLD/USDT:USDT,0.795,35.0,0.7949,22.0,0.7956,54.0,0.7957,60.0
1753520720325,09:05:20.325,AGLD/USDT:USDT,0.795,35.0,0.7949,22.0,0.7956,54.0,0.7957,60.0
1753520720726,09:05:20.726,AGLD/USDT:USDT,0.795,35.0,0.7949,22.0,0.7956,54.0,0.7957,60.0
1753520721146,09:05:21.146,AGLD/USDT:USDT,0.7951,66.0,0.795,35.0,0.7956,76.0,0.7957,60.0
1753520721225,09:05:21.225,AGLD/USDT:USDT,0.7951,66.0,0.795,22.0,0.7955,6.0,0.7956,76.0
1753520721278,09:05:21.278,AGLD/USDT:USDT,0.7951,66.0,0.795,22.0,0.7955,6.0,0.7956,76.0
1753520721483,09:05:21.483,AGLD/USDT:USDT,0.7951,66.0,0.795,22.0,0.7955,61.0,0.7956,76.0
1753520721990,09:05:21.990,AGLD/USDT:USDT,0.7951,66.0,0.795,11.0,0.7955,61.0,0.7956,76.0
1753520722354,09:05:22.354,AGLD/USDT:USDT,0.7951,66.0,0.795,11.0,0.7955,61.0,0.7956,76.0
1753520723182,09:05:23.182,AGLD/USDT:USDT,0.7951,66.0,0.795,22.0,0.7955,61.0,0.7956,76.0
1753520723440,09:05:23.440,AGLD/USDT:USDT,0.7951,66.0,0.795,22.0,0.7955,61.0,0.7956,76.0
1753520724093,09:05:24.093,AGLD/USDT:USDT,0.7951,66.0,0.795,22.0,0.7955,61.0,0.7956,76.0
1753520725238,09:05:25.238,AGLD/USDT:USDT,0.7951,66.0,0.795,22.0,0.7955,61.0,0.7956,76.0
1753520725836,09:05:25.836,AGLD/USDT:USDT,0.7951,66.0,0.795,22.0,0.7955,61.0,0.7956,76.0
1753520725907,09:05:25.907,AGLD/USDT:USDT,0.7951,66.0,0.795,22.0,0.7955,61.0,0.7956,76.0
1753520726131,09:05:26.131,AGLD/USDT:USDT,0.7951,66.0,0.795,22.0,0.7955,61.0,0.7956,76.0
1753520727563,09:05:27.563,AGLD/USDT:USDT,0.7951,66.0,0.795,11.0,0.7955,61.0,0.7956,76.0
1753520727566,09:05:27.566,AGLD/USDT:USDT,0.7951,66.0,0.7949,13.0,0.7955,61.0,0.7956,76.0
1753520727669,09:05:27.669,AGLD/USDT:USDT,0.7951,66.0,0.7949,13.0,0.7955,61.0,0.7956,76.0
1753520728858,09:05:28.858,AGLD/USDT:USDT,0.7951,66.0,0.7949,13.0,0.7955,61.0,0.7956,76.0
1753520730713,09:05:30.713,AGLD/USDT:USDT,0.7951,66.0,0.7949,13.0,0.7955,61.0,0.7956,76.0
1753520731291,09:05:31.291,AGLD/USDT:USDT,0.7951,66.0,0.7949,13.0,0.7955,61.0,0.7956,76.0
1753520731470,09:05:31.470,AGLD/USDT:USDT,0.7951,66.0,0.7949,13.0,0.7955,61.0,0.7956,76.0
1753520732511,09:05:32.511,AGLD/USDT:USDT,0.7951,66.0,0.7949,13.0,0.7955,61.0,0.7956,76.0
1753520733331,09:05:33.331,AGLD/USDT:USDT,0.7951,66.0,0.7949,13.0,0.7955,61.0,0.7956,76.0
1753520734216,09:05:34.216,AGLD/USDT:USDT,0.7951,66.0,0.7949,13.0,0.7955,61.0,0.7956,76.0
1753520735352,09:05:35.352,AGLD/USDT:USDT,0.7951,66.0,0.7949,13.0,0.7955,61.0,0.7956,76.0
1753520736584,09:05:36.584,AGLD/USDT:USDT,0.7951,66.0,0.7949,13.0,0.7955,61.0,0.7956,76.0
1753520737247,09:05:37.247,AGLD/USDT:USDT,0.7952,66.0,0.7951,22.0,0.7955,6.0,0.7956,11.0
1753520737359,09:05:37.359,AGLD/USDT:USDT,0.7953,66.0,0.7951,24.0,0.7956,17.0,0.7957,65.0
1753520737421,09:05:37.421,AGLD/USDT:USDT,0.7953,66.0,0.7951,24.0,0.7956,17.0,0.7957,65.0
1753520737948,09:05:37.948,AGLD/USDT:USDT,0.7953,66.0,0.7951,24.0,0.7956,17.0,0.7957,65.0
1753520738960,09:05:38.960,AGLD/USDT:USDT,0.7951,13.0,0.7946,55.0,0.7955,55.0,0.7956,72.0
1753520739003,09:05:39.003,AGLD/USDT:USDT,0.7951,13.0,0.7946,55.0,0.7955,66.0,0.7956,72.0
1753520739084,09:05:39.084,AGLD/USDT:USDT,0.7951,13.0,0.7949,13.0,0.7954,17.0,0.7955,77.0
1753520739548,09:05:39.548,AGLD/USDT:USDT,0.7951,13.0,0.7949,13.0,0.7954,17.0,0.7955,77.0
1753520741478,09:05:41.478,AGLD/USDT:USDT,0.7951,13.0,0.7949,13.0,0.7954,17.0,0.7955,77.0
1753520745059,09:05:45.059,AGLD/USDT:USDT,0.795,66.0,0.7948,13.0,0.7954,71.0,0.7955,77.0
1753520745113,09:05:45.113,AGLD/USDT:USDT,0.795,66.0,0.7948,13.0,0.7954,71.0,0.7955,77.0
1753520746932,09:05:46.932,AGLD/USDT:USDT,0.7948,13.0,0.7946,55.0,0.7954,71.0,0.7955,77.0
1753520747060,09:05:47.060,AGLD/USDT:USDT,0.7942,50.0,0.7941,50.0,0.7954,71.0,0.7955,77.0
1753520747160,09:05:47.160,AGLD/USDT:USDT,0.794,427.0,0.7935,57.0,0.7953,54.0,0.7954,71.0
1753520747259,09:05:47.259,AGLD/USDT:USDT,0.7935,57.0,0.7934,691.0,0.7953,54.0,0.7954,71.0
1753520747349,09:05:47.349,AGLD/USDT:USDT,0.7935,57.0,0.7934,691.0,0.7952,50.0,0.7953,104.0
1753520747450,09:05:47.450,AGLD/USDT:USDT,0.7935,57.0,0.7934,56.0,0.7952,104.0,0.7953,104.0
1753520747554,09:05:47.554,AGLD/USDT:USDT,0.7931,56.0,0.793,56.0,0.795,54.0,0.7951,104.0
1753520747662,09:05:47.662,AGLD/USDT:USDT,0.7928,54.0,0.7927,1361.0,0.7947,54.0,0.7948,689.0
1753520747750,09:05:47.750,AGLD/USDT:USDT,0.7932,66.0,0.7931,54.0,0.7946,54.0,0.7947,60.0
1753520747826,09:05:47.826,AGLD/USDT:USDT,0.7935,54.0,0.7934,66.0,0.7946,54.0,0.7947,60.0
1753520747916,09:05:47.916,AGLD/USDT:USDT,0.7935,54.0,0.7934,66.0,0.7946,54.0,0.7947,60.0
1753520748060,09:05:48.060,AGLD/USDT:USDT,0.7935,54.0,0.7934,66.0,0.7946,54.0,0.7947,60.0
1753520748160,09:05:48.160,AGLD/USDT:USDT,0.7938,120.0,0.7937,66.0,0.7946,54.0,0.7947,82.0
1753520748209,09:05:48.209,AGLD/USDT:USDT,0.7937,54.0,0.7936,65.0,0.7946,65.0,0.7947,82.0
1753520748282,09:05:48.282,AGLD/USDT:USDT,0.7937,54.0,0.7936,65.0,0.7945,54.0,0.7946,65.0
1753520748427,09:05:48.427,AGLD/USDT:USDT,0.7937,54.0,0.7936,65.0,0.7947,60.0,0.7948,689.0
1753520748552,09:05:48.552,AGLD/USDT:USDT,0.7937,54.0,0.7936,65.0,0.7947,60.0,0.7948,689.0
1753520748646,09:05:48.646,AGLD/USDT:USDT,0.7937,54.0,0.7936,65.0,0.7947,82.0,0.7948,689.0
1753520748762,09:05:48.762,AGLD/USDT:USDT,0.794,66.0,0.7939,66.0,0.7946,54.0,0.7947,71.0
1753520748766,09:05:48.766,AGLD/USDT:USDT,0.794,66.0,0.7938,54.0,0.7946,54.0,0.7947,71.0
1753520748874,09:05:48.874,AGLD/USDT:USDT,0.794,66.0,0.7938,54.0,0.7946,54.0,0.7947,71.0
1753520749020,09:05:49.020,AGLD/USDT:USDT,0.794,66.0,0.7938,67.0,0.7946,54.0,0.7947,71.0
1753520749091,09:05:49.091,AGLD/USDT:USDT,0.794,66.0,0.7938,67.0,0.7946,54.0,0.7947,71.0
1753520749458,09:05:49.458,AGLD/USDT:USDT,0.794,66.0,0.7938,67.0,0.7946,54.0,0.7947,71.0
1753520749476,09:05:49.476,AGLD/USDT:USDT,0.794,66.0,0.7938,67.0,0.7946,54.0,0.7947,71.0
1753520750025,09:05:50.025,AGLD/USDT:USDT,0.794,66.0,0.7939,11.0,0.7946,54.0,0.7947,71.0
1753520750138,09:05:50.138,AGLD/USDT:USDT,0.7942,66.0,0.794,13.0,0.7947,71.0,0.7948,700.0
1753520750243,09:05:50.243,AGLD/USDT:USDT,0.7942,66.0,0.794,13.0,0.7947,71.0,0.7948,700.0
1753520750312,09:05:50.312,AGLD/USDT:USDT,0.7942,66.0,0.794,13.0,0.7947,71.0,0.7948,700.0
1753520750662,09:05:50.662,AGLD/USDT:USDT,0.7943,56.0,0.7942,88.0,0.7947,6.0,0.7949,50.0
1753520750760,09:05:50.760,AGLD/USDT:USDT,0.7944,66.0,0.7943,56.0,0.7949,50.0,0.795,50.0
1753520750793,09:05:50.793,AGLD/USDT:USDT,0.7944,66.0,0.7943,56.0,0.795,50.0,0.7951,123.0
1753520751534,09:05:51.534,AGLD/USDT:USDT,0.7944,66.0,0.7943,56.0,0.795,50.0,0.7951,123.0
1753520751646,09:05:51.646,AGLD/USDT:USDT,0.7946,66.0,0.7943,56.0,0.795,50.0,0.7951,123.0
1753520751741,09:05:51.741,AGLD/USDT:USDT,0.7943,56.0,0.7942,22.0,0.795,50.0,0.7951,123.0
1753520751809,09:05:51.809,AGLD/USDT:USDT,0.7943,56.0,0.7942,22.0,0.795,50.0,0.7951,123.0
1753520751960,09:05:51.960,AGLD/USDT:USDT,0.7943,56.0,0.7942,22.0,0.795,50.0,0.7951,123.0
1753520751987,09:05:51.987,AGLD/USDT:USDT,0.7943,56.0,0.7942,22.0,0.795,50.0,0.7951,123.0
1753520752241,09:05:52.241,AGLD/USDT:USDT,0.7943,56.0,0.7942,22.0,0.795,50.0,0.7951,134.0
1753520752714,09:05:52.714,AGLD/USDT:USDT,0.7943,56.0,0.7942,22.0,0.795,50.0,0.7951,134.0
1753520752837,09:05:52.837,AGLD/USDT:USDT,0.7943,56.0,0.7942,22.0,0.795,50.0,0.7951,134.0
1753520753246,09:05:53.246,AGLD/USDT:USDT,0.7947,66.0,0.7943,56.0,0.795,50.0,0.7951,78.0
1753520753326,09:05:53.326,AGLD/USDT:USDT,0.7944,13.0,0.7943,56.0,0.795,50.0,0.7951,72.0
1753520753386,09:05:53.386,AGLD/USDT:USDT,0.7944,13.0,0.7943,56.0,0.795,50.0,0.7951,128.0
1753520753788,09:05:53.788,AGLD/USDT:USDT,0.7944,13.0,0.7943,56.0,0.795,50.0,0.7951,128.0
1753520754381,09:05:54.381,AGLD/USDT:USDT,0.7944,13.0,0.7943,56.0,0.795,50.0,0.7951,128.0
1753520755387,09:05:55.387,AGLD/USDT:USDT,0.7944,13.0,0.7943,56.0,0.795,50.0,0.7951,128.0
1753520755751,09:05:55.751,AGLD/USDT:USDT,0.7944,13.0,0.7943,56.0,0.795,50.0,0.7951,128.0
1753520756424,09:05:56.424,AGLD/USDT:USDT,0.7944,13.0,0.7943,56.0,0.795,50.0,0.7951,128.0
1753520756861,09:05:56.861,AGLD/USDT:USDT,0.7945,66.0,0.7944,24.0,0.795,50.0,0.7951,128.0
1753520756921,09:05:56.921,AGLD/USDT:USDT,0.7946,66.0,0.7944,35.0,0.795,50.0,0.7951,61.0
1753520757030,09:05:57.030,AGLD/USDT:USDT,0.7946,66.0,0.7944,24.0,0.795,50.0,0.7951,61.0
1753520757109,09:05:57.109,AGLD/USDT:USDT,0.7947,66.0,0.7946,11.0,0.795,50.0,0.7951,50.0
1753520757244,09:05:57.244,AGLD/USDT:USDT,0.7947,66.0,0.7946,11.0,0.795,50.0,0.7951,50.0
1753520757714,09:05:57.714,AGLD/USDT:USDT,0.7947,66.0,0.7946,11.0,0.7951,50.0,0.7952,110.0
1753520757770,09:05:57.770,AGLD/USDT:USDT,0.7947,66.0,0.7946,11.0,0.7951,50.0,0.7952,104.0
1753520757899,09:05:57.899,AGLD/USDT:USDT,0.7947,66.0,0.7946,11.0,0.7951,50.0,0.7952,115.0
1753520757977,09:05:57.977,AGLD/USDT:USDT,0.7947,66.0,0.7946,11.0,0.7951,50.0,0.7952,115.0
1753520760059,09:06:00.059,AGLD/USDT:USDT,0.7946,11.0,0.7945,11.0,0.7951,106.0,0.7952,115.0
1753520760155,09:06:00.155,AGLD/USDT:USDT,0.7945,66.0,0.7944,11.0,0.795,11.0,0.7951,106.0
1753520760205,09:06:00.205,AGLD/USDT:USDT,0.7935,54.0,0.7934,50.0,0.795,11.0,0.7951,106.0
1753520760350,09:06:00.350,AGLD/USDT:USDT,0.7938,66.0,0.7937,122.0,0.7951,106.0,0.7952,104.0
1753520760453,09:06:00.453,AGLD/USDT:USDT,0.7939,56.0,0.7937,56.0,0.7951,106.0,0.7952,107.0
1753520760526,09:06:00.526,AGLD/USDT:USDT,0.7935,54.0,0.7934,50.0,0.7951,106.0,0.7952,107.0
1753520760626,09:06:00.626,AGLD/USDT:USDT,0.7935,54.0,0.7934,50.0,0.795,54.0,0.7951,106.0
1753520761046,09:06:01.046,AGLD/USDT:USDT,0.7935,54.0,0.7934,50.0,0.795,54.0,0.7951,106.0
1753520761097,09:06:01.097,AGLD/USDT:USDT,0.7935,54.0,0.7934,50.0,0.795,54.0,0.7951,106.0
1753520762502,09:06:02.502,AGLD/USDT:USDT,0.7935,54.0,0.7934,50.0,0.795,54.0,0.7951,106.0
1753520763152,09:06:03.152,AGLD/USDT:USDT,0.7935,54.0,0.7934,50.0,0.795,54.0,0.7951,106.0
1753520763249,09:06:03.249,AGLD/USDT:USDT,0.7938,120.0,0.7937,66.0,0.795,54.0,0.7951,106.0
1753520763350,09:06:03.350,AGLD/USDT:USDT,0.7942,66.0,0.794,54.0,0.795,76.0,0.7951,106.0
1753520763461,09:06:03.461,AGLD/USDT:USDT,0.7943,66.0,0.7942,66.0,0.7949,54.0,0.795,76.0
1753520763546,09:06:03.546,AGLD/USDT:USDT,0.7943,66.0,0.7942,66.0,0.7949,54.0,0.795,76.0
1753520763657,09:06:03.657,AGLD/USDT:USDT,0.7943,66.0,0.7941,35.0,0.7949,54.0,0.795,76.0
1753520764531,09:06:04.531,AGLD/USDT:USDT,0.7943,66.0,0.7941,35.0,0.7949,54.0,0.795,76.0
1753520765685,09:06:05.685,AGLD/USDT:USDT,0.7943,66.0,0.7941,35.0,0.7949,54.0,0.795,76.0
1753520766562,09:06:06.562,AGLD/USDT:USDT,0.7943,66.0,0.7941,35.0,0.7949,54.0,0.795,76.0
1753520767392,09:06:07.392,AGLD/USDT:USDT,0.7943,66.0,0.7941,35.0,0.7949,54.0,0.795,76.0
1753520768277,09:06:08.277,AGLD/USDT:USDT,0.7943,66.0,0.7941,35.0,0.7949,54.0,0.795,76.0
1753520768626,09:06:08.626,AGLD/USDT:USDT,0.7943,77.0,0.7941,24.0,0.7949,54.0,0.795,76.0
1753520769454,09:06:09.454,AGLD/USDT:USDT,0.7943,77.0,0.7941,24.0,0.7949,54.0,0.795,76.0
1753520770906,09:06:10.906,AGLD/USDT:USDT,0.7943,77.0,0.7941,79.0,0.7949,54.0,0.795,76.0
1753520771426,09:06:11.426,AGLD/USDT:USDT,0.7943,77.0,0.7941,79.0,0.7949,54.0,0.795,76.0
1753520771615,09:06:11.615,AGLD/USDT:USDT,0.7943,77.0,0.7941,79.0,0.7949,54.0,0.795,76.0
1753520771995,09:06:11.995,AGLD/USDT:USDT,0.7944,66.0,0.7943,11.0,0.795,11.0,0.7951,106.0
1753520772148,09:06:12.148,AGLD/USDT:USDT,0.7944,66.0,0.7943,11.0,0.795,22.0,0.7951,106.0
1753520772453,09:06:12.453,AGLD/USDT:USDT,0.7944,66.0,0.7943,11.0,0.795,77.0,0.7951,106.0
1753520772547,09:06:12.547,AGLD/USDT:USDT,0.7944,66.0,0.7943,11.0,0.795,77.0,0.7951,106.0
1753520772692,09:06:12.692,AGLD/USDT:USDT,0.7944,66.0,0.7943,11.0,0.795,77.0,0.7951,106.0
1753520773435,09:06:13.435,AGLD/USDT:USDT,0.7944,66.0,0.7943,11.0,0.795,77.0,0.7951,106.0
1753520775514,09:06:15.514,AGLD/USDT:USDT,0.7944,77.0,0.7943,11.0,0.795,66.0,0.7951,106.0
1753520775681,09:06:15.681,AGLD/USDT:USDT,0.7944,77.0,0.7943,11.0,0.795,66.0,0.7951,106.0
1753520775980,09:06:15.980,AGLD/USDT:USDT,0.7944,77.0,0.7943,11.0,0.795,66.0,0.7951,106.0
1753520776340,09:06:16.340,AGLD/USDT:USDT,0.7944,77.0,0.7943,11.0,0.795,66.0,0.7951,106.0
1753520777546,09:06:17.546,AGLD/USDT:USDT,0.7946,66.0,0.7945,77.0,0.795,11.0,0.7951,50.0
1753520777631,09:06:17.631,AGLD/USDT:USDT,0.7946,66.0,0.7945,11.0,0.795,11.0,0.7951,50.0
1753520777699,09:06:17.699,AGLD/USDT:USDT,0.7946,66.0,0.7945,11.0,0.795,11.0,0.7951,50.0
1753520778598,09:06:18.598,AGLD/USDT:USDT,0.7946,66.0,0.7945,11.0,0.795,11.0,0.7951,50.0
1753520778752,09:06:18.752,AGLD/USDT:USDT,0.7949,66.0,0.7948,66.0,0.7951,50.0,0.7952,50.0
1753520778850,09:06:18.850,AGLD/USDT:USDT,0.7949,66.0,0.7947,13.0,0.7951,50.0,0.7952,61.0
1753520779006,09:06:19.006,AGLD/USDT:USDT,0.7949,66.0,0.7947,13.0,0.7951,50.0,0.7952,61.0
1753520779469,09:06:19.469,AGLD/USDT:USDT,0.7949,66.0,0.7947,13.0,0.7951,50.0,0.7952,11.0
1753520779905,09:06:19.905,AGLD/USDT:USDT,0.7949,66.0,0.7947,24.0,0.7951,50.0,0.7952,11.0
1753520780937,09:06:20.937,AGLD/USDT:USDT,0.7949,66.0,0.7948,11.0,0.7951,50.0,0.7954,61.0
1753520781123,09:06:21.123,AGLD/USDT:USDT,0.7949,66.0,0.7948,11.0,0.7951,50.0,0.7954,61.0
1753520781395,09:06:21.395,AGLD/USDT:USDT,0.7949,66.0,0.7947,13.0,0.7951,50.0,0.7952,22.0
1753520783643,09:06:23.643,AGLD/USDT:USDT,0.7949,66.0,0.7948,11.0,0.7951,50.0,0.7952,11.0
1753520783730,09:06:23.730,AGLD/USDT:USDT,0.7949,66.0,0.7948,11.0,0.7951,50.0,0.7952,11.0
1753520783932,09:06:23.932,AGLD/USDT:USDT,0.795,66.0,0.7948,22.0,0.7951,50.0,0.7954,6.0
1753520784062,09:06:24.062,AGLD/USDT:USDT,0.795,66.0,0.7948,35.0,0.7951,50.0,0.7954,6.0
1753520784125,09:06:24.125,AGLD/USDT:USDT,0.795,66.0,0.7948,35.0,0.7954,6.0,0.7955,690.0
1753520784167,09:06:24.167,AGLD/USDT:USDT,0.795,66.0,0.7948,35.0,0.7954,17.0,0.7955,690.0
1753520784446,09:06:24.446,AGLD/USDT:USDT,0.795,66.0,0.7948,24.0,0.7954,17.0,0.7955,690.0
1753520785453,09:06:25.453,AGLD/USDT:USDT,0.795,66.0,0.7948,24.0,0.7954,17.0,0.7958,55.0
1753520785554,09:06:25.554,AGLD/USDT:USDT,0.7953,66.0,0.7951,11.0,0.7954,6.0,0.7956,11.0
1753520785658,09:06:25.658,AGLD/USDT:USDT,0.7953,66.0,0.7951,13.0,0.7956,11.0,0.7958,55.0
1753520785735,09:06:25.735,AGLD/USDT:USDT,0.7953,66.0,0.7951,13.0,0.7956,11.0,0.7958,55.0
1753520785948,09:06:25.948,AGLD/USDT:USDT,0.7953,66.0,0.7951,13.0,0.7956,11.0,0.7958,55.0
1753520786206,09:06:26.206,AGLD/USDT:USDT,0.7953,66.0,0.7951,13.0,0.7956,11.0,0.7958,55.0
1753520786326,09:06:26.326,AGLD/USDT:USDT,0.7953,66.0,0.7951,13.0,0.7956,11.0,0.7959,56.0
1753520786959,09:06:26.959,AGLD/USDT:USDT,0.7953,66.0,0.7952,11.0,0.7956,11.0,0.7959,56.0
1753520787048,09:06:27.048,AGLD/USDT:USDT,0.7956,66.0,0.7954,13.0,0.7959,11.0,0.7962,62.0
1753520787104,09:06:27.104,AGLD/USDT:USDT,0.7956,66.0,0.7954,13.0,0.7959,11.0,0.7962,62.0
1753520787209,09:06:27.209,AGLD/USDT:USDT,0.7956,66.0,0.7954,13.0,0.7959,11.0,0.7962,62.0
1753520788804,09:06:28.804,AGLD/USDT:USDT,0.7956,66.0,0.7954,13.0,0.7959,11.0,0.7962,62.0
1753520789804,09:06:29.804,AGLD/USDT:USDT,0.7956,66.0,0.7954,13.0,0.7959,11.0,0.7962,62.0
1753520791201,09:06:31.201,AGLD/USDT:USDT,0.7956,66.0,0.7954,13.0,0.7959,11.0,0.7962,62.0
1753520791655,09:06:31.655,AGLD/USDT:USDT,0.7956,66.0,0.7954,13.0,0.7959,11.0,0.7962,62.0
1753520791878,09:06:31.878,AGLD/USDT:USDT,0.7956,66.0,0.7954,13.0,0.7959,11.0,0.7962,62.0
1753520793146,09:06:33.146,AGLD/USDT:USDT,0.7954,13.0,0.7945,56.0,0.7959,11.0,0.796,11.0
1753520793228,09:06:33.228,AGLD/USDT:USDT,0.7955,66.0,0.7953,13.0,0.7959,11.0,0.796,11.0
1753520793331,09:06:33.331,AGLD/USDT:USDT,0.7955,66.0,0.7953,13.0,0.7959,11.0,0.796,11.0
1753520794335,09:06:34.335,AGLD/USDT:USDT,0.7954,13.0,0.7945,56.0,0.7959,388.0,0.7962,62.0
1753520794426,09:06:34.426,AGLD/USDT:USDT,0.7955,66.0,0.7954,22.0,0.7958,6.0,0.7962,56.0
1753520794528,09:06:34.528,AGLD/USDT:USDT,0.7956,66.0,0.7954,24.0,0.7961,66.0,0.7962,438.0
1753520794581,09:06:34.581,AGLD/USDT:USDT,0.7956,66.0,0.7954,24.0,0.7961,66.0,0.7962,438.0
1753520794881,09:06:34.881,AGLD/USDT:USDT,0.7956,66.0,0.7954,24.0,0.7961,66.0,0.7962,438.0
1753520796212,09:06:36.212,AGLD/USDT:USDT,0.7956,66.0,0.7954,13.0,0.7961,443.0,0.7962,438.0
1753520796322,09:06:36.322,AGLD/USDT:USDT,0.7956,66.0,0.7954,13.0,0.796,61.0,0.7961,454.0
1753520796502,09:06:36.502,AGLD/USDT:USDT,0.7956,66.0,0.7954,13.0,0.796,61.0,0.7961,454.0
1753520800154,09:06:40.154,AGLD/USDT:USDT,0.7945,56.0,0.7942,50.0,0.7959,66.0,0.796,61.0
1753520800246,09:06:40.246,AGLD/USDT:USDT,0.7945,56.0,0.7942,50.0,0.7958,61.0,0.7959,66.0
1753520800595,09:06:40.595,AGLD/USDT:USDT,0.7945,56.0,0.7942,50.0,0.7958,61.0,0.7959,66.0
1753520802057,09:06:42.057,AGLD/USDT:USDT,0.7945,56.0,0.7942,50.0,0.7957,55.0,0.7958,61.0
1753520802295,09:06:42.295,AGLD/USDT:USDT,0.7945,56.0,0.7942,50.0,0.7957,55.0,0.7958,61.0
1753520804650,09:06:44.650,AGLD/USDT:USDT,0.7948,55.0,0.7947,121.0,0.7958,6.0,0.7959,55.0
1753520804671,09:06:44.671,AGLD/USDT:USDT,0.7948,55.0,0.7947,55.0,0.7959,55.0,0.796,6.0
1753520804805,09:06:44.805,AGLD/USDT:USDT,0.7945,56.0,0.7942,50.0,0.7959,55.0,0.796,6.0
1753520813476,09:06:53.476,AGLD/USDT:USDT,0.7945,56.0,0.7942,50.0,0.7959,55.0,0.796,6.0
1753520816704,09:06:56.704,AGLD/USDT:USDT,0.7945,56.0,0.7942,50.0,0.7959,55.0,0.796,6.0
1753520817128,09:06:57.128,AGLD/USDT:USDT,0.7945,56.0,0.7942,50.0,0.7959,55.0,0.796,6.0
1753520817226,09:06:57.226,AGLD/USDT:USDT,0.7945,56.0,0.7942,50.0,0.7959,55.0,0.796,6.0
1753520817520,09:06:57.520,AGLD/USDT:USDT,0.7945,56.0,0.7942,50.0,0.7959,55.0,0.796,6.0
1753520820147,09:07:00.147,AGLD/USDT:USDT,0.795,66.0,0.7949,66.0,0.7958,55.0,0.7959,431.0
1753520820185,09:07:00.185,AGLD/USDT:USDT,0.7951,66.0,0.7946,55.0,0.7957,55.0,0.7958,83.0
1753520820363,09:07:00.363,AGLD/USDT:USDT,0.7951,66.0,0.7946,55.0,0.7957,55.0,0.7958,83.0
1753520820493,09:07:00.493,AGLD/USDT:USDT,0.7945,56.0,0.7942,50.0,0.7957,55.0,0.7958,83.0
1753520820605,09:07:00.605,AGLD/USDT:USDT,0.7945,56.0,0.7942,50.0,0.7957,55.0,0.7958,83.0
1753520820780,09:07:00.780,AGLD/USDT:USDT,0.7945,56.0,0.7942,50.0,0.7957,55.0,0.7958,83.0
1753520821152,09:07:01.152,AGLD/USDT:USDT,0.7945,56.0,0.7942,50.0,0.7957,55.0,0.7958,83.0
1753520821194,09:07:01.194,AGLD/USDT:USDT,0.7945,56.0,0.7942,50.0,0.7957,55.0,0.7958,83.0
1753520821455,09:07:01.455,AGLD/USDT:USDT,0.7945,56.0,0.7942,50.0,0.7957,55.0,0.7958,718.0
1753520823349,09:07:03.349,AGLD/USDT:USDT,0.7947,66.0,0.7943,57.0,0.7954,456.0,0.7955,57.0
1753520823370,09:07:03.370,AGLD/USDT:USDT,0.7947,66.0,0.7943,57.0,0.7953,6.0,0.7954,456.0
1753520823841,09:07:03.841,AGLD/USDT:USDT,0.7947,66.0,0.7943,57.0,0.7953,6.0,0.7954,456.0
1753520823967,09:07:03.967,AGLD/USDT:USDT,0.7947,66.0,0.7943,57.0,0.7953,6.0,0.7954,456.0
1753520824848,09:07:04.848,AGLD/USDT:USDT,0.7949,66.0,0.7948,66.0,0.7953,6.0,0.7954,456.0
1753520824886,09:07:04.886,AGLD/USDT:USDT,0.795,66.0,0.7943,57.0,0.7953,6.0,0.7954,456.0
1753520825544,09:07:05.544,AGLD/USDT:USDT,0.7943,57.0,0.7938,107.0,0.7953,6.0,0.7954,445.0
1753520826565,09:07:06.565,AGLD/USDT:USDT,0.7943,57.0,0.7938,107.0,0.7953,6.0,0.7954,445.0
1753520826844,09:07:06.844,AGLD/USDT:USDT,0.7943,57.0,0.7938,107.0,0.7953,6.0,0.7954,445.0
1753520826934,09:07:06.934,AGLD/USDT:USDT,0.7943,57.0,0.7938,107.0,0.7953,6.0,0.7954,445.0
1753520828469,09:07:08.469,AGLD/USDT:USDT,0.7943,57.0,0.7938,107.0,0.7953,6.0,0.7954,445.0
1753520829323,09:07:09.323,AGLD/USDT:USDT,0.7943,57.0,0.7938,107.0,0.7953,6.0,0.7954,377.0
1753520829443,09:07:09.443,AGLD/USDT:USDT,0.7943,57.0,0.7938,107.0,0.7953,6.0,0.7954,377.0
1753520829686,09:07:09.686,AGLD/USDT:USDT,0.7943,57.0,0.7938,107.0,0.7953,6.0,0.7954,377.0
1753520829900,09:07:09.900,AGLD/USDT:USDT,0.7943,57.0,0.7938,107.0,0.7953,6.0,0.7954,377.0
1753520830100,09:07:10.100,AGLD/USDT:USDT,0.7943,57.0,0.7938,107.0,0.7953,6.0,0.7954,377.0
1753520830513,09:07:10.513,AGLD/USDT:USDT,0.7943,57.0,0.7938,107.0,0.7953,6.0,0.7954,377.0
1753520830896,09:07:10.896,AGLD/USDT:USDT,0.7943,57.0,0.7938,107.0,0.7953,6.0,0.7954,377.0
1753520831728,09:07:11.728,AGLD/USDT:USDT,0.7943,57.0,0.7938,107.0,0.7953,6.0,0.7954,377.0
1753520832038,09:07:12.038,AGLD/USDT:USDT,0.7943,57.0,0.7938,107.0,0.7953,6.0,0.7954,377.0
1753520834652,09:07:14.652,AGLD/USDT:USDT,0.7945,66.0,0.7944,121.0,0.7953,6.0,0.7954,377.0
1753520834763,09:07:14.763,AGLD/USDT:USDT,0.7949,66.0,0.7946,22.0,0.7953,17.0,0.7954,399.0
1753520836528,09:07:16.528,AGLD/USDT:USDT,0.7949,66.0,0.7944,55.0,0.7953,17.0,0.7954,399.0
1753520836563,09:07:16.563,AGLD/USDT:USDT,0.7949,66.0,0.7944,55.0,0.7953,17.0,0.7954,399.0
1753520836979,09:07:16.979,AGLD/USDT:USDT,0.7949,66.0,0.7944,55.0,0.7953,17.0,0.7954,399.0
1753520837442,09:07:17.442,AGLD/USDT:USDT,0.7949,66.0,0.7945,55.0,0.7953,17.0,0.7954,399.0
1753520837681,09:07:17.681,AGLD/USDT:USDT,0.7949,66.0,0.7948,11.0,0.7953,17.0,0.7954,399.0
1753520837857,09:07:17.857,AGLD/USDT:USDT,0.7949,66.0,0.7948,11.0,0.7953,17.0,0.7954,399.0
1753520838219,09:07:18.219,AGLD/USDT:USDT,0.7949,66.0,0.7945,55.0,0.7953,17.0,0.7954,399.0
1753520838696,09:07:18.696,AGLD/USDT:USDT,0.7949,66.0,0.7945,55.0,0.7953,17.0,0.7954,399.0
1753520840229,09:07:20.229,AGLD/USDT:USDT,0.7949,66.0,0.7943,57.0,0.7953,17.0,0.7954,399.0
1753520842752,09:07:22.752,AGLD/USDT:USDT,0.7943,57.0,0.7938,107.0,0.7953,17.0,0.7954,399.0
1753520843908,09:07:23.908,AGLD/USDT:USDT,0.7943,57.0,0.7938,107.0,0.7953,17.0,0.7954,399.0
1753520844773,09:07:24.773,AGLD/USDT:USDT,0.7943,57.0,0.7938,107.0,0.7953,17.0,0.7954,399.0
1753520845587,09:07:25.587,AGLD/USDT:USDT,0.7943,57.0,0.7938,107.0,0.7953,17.0,0.7954,399.0
1753520849626,09:07:29.626,AGLD/USDT:USDT,0.7943,57.0,0.7938,107.0,0.7953,17.0,0.7954,399.0
1753520852451,09:07:32.451,AGLD/USDT:USDT,0.7943,57.0,0.7938,107.0,0.7953,17.0,0.7954,399.0
1753520854468,09:07:34.468,AGLD/USDT:USDT,0.7943,57.0,0.7938,107.0,0.7953,17.0,0.7954,399.0
1753520855445,09:07:35.445,AGLD/USDT:USDT,0.7949,66.0,0.7948,66.0,0.7953,17.0,0.7954,399.0
1753520855506,09:07:35.506,AGLD/USDT:USDT,0.7951,66.0,0.7946,56.0,0.7953,17.0,0.7954,399.0
1753520856344,09:07:36.344,AGLD/USDT:USDT,0.7951,66.0,0.7946,56.0,0.7953,17.0,0.7954,388.0
1753520856862,09:07:36.862,AGLD/USDT:USDT,0.7951,66.0,0.7945,56.0,0.7953,17.0,0.7954,388.0
1753520856920,09:07:36.920,AGLD/USDT:USDT,0.7951,66.0,0.7945,56.0,0.7953,17.0,0.7954,388.0
1753520857704,09:07:37.704,AGLD/USDT:USDT,0.7951,66.0,0.7945,56.0,0.7953,17.0,0.7954,388.0
1753520859199,09:07:39.199,AGLD/USDT:USDT,0.7943,57.0,0.7938,107.0,0.7953,17.0,0.7954,388.0
1753520859726,09:07:39.726,AGLD/USDT:USDT,0.7943,57.0,0.7938,107.0,0.7953,17.0,0.7954,388.0
1753520861549,09:07:41.549,AGLD/USDT:USDT,0.7946,66.0,0.7945,66.0,0.7953,71.0,0.7954,388.0
1753520861589,09:07:41.589,AGLD/USDT:USDT,0.7947,66.0,0.7943,57.0,0.7953,82.0,0.7954,388.0
1753520862547,09:07:42.547,AGLD/USDT:USDT,0.7947,66.0,0.7943,57.0,0.7953,82.0,0.7954,388.0
1753520862587,09:07:42.587,AGLD/USDT:USDT,0.7947,66.0,0.7943,57.0,0.7953,82.0,0.7954,388.0
1753520862962,09:07:42.962,AGLD/USDT:USDT,0.7947,66.0,0.7943,57.0,0.7953,82.0,0.7954,388.0
1753520864585,09:07:44.585,AGLD/USDT:USDT,0.7947,66.0,0.7943,57.0,0.7953,82.0,0.7954,388.0
1753520866656,09:07:46.656,AGLD/USDT:USDT,0.7947,66.0,0.7943,57.0,0.7953,82.0,0.7954,388.0
1753520867832,09:07:47.832,AGLD/USDT:USDT,0.7947,66.0,0.7943,57.0,0.7953,82.0,0.7954,388.0
1753520870549,09:07:50.549,AGLD/USDT:USDT,0.7949,66.0,0.7943,57.0,0.7953,28.0,0.7954,388.0
1753520873875,09:07:53.875,AGLD/USDT:USDT,0.7949,66.0,0.7943,57.0,0.7953,28.0,0.7954,388.0
1753520877261,09:07:57.261,AGLD/USDT:USDT,0.7949,66.0,0.7943,57.0,0.7953,28.0,0.7954,388.0
1753520880940,09:08:00.940,AGLD/USDT:USDT,0.7949,66.0,0.7948,11.0,0.7953,28.0,0.7954,388.0
1753520881062,09:08:01.062,AGLD/USDT:USDT,0.7951,66.0,0.795,66.0,0.7953,17.0,0.7954,388.0
1753520881082,09:08:01.082,AGLD/USDT:USDT,0.7951,66.0,0.7948,11.0,0.7953,17.0,0.7954,388.0
1753520881361,09:08:01.361,AGLD/USDT:USDT,0.7952,66.0,0.795,22.0,0.7953,6.0,0.7958,55.0
1753520881410,09:08:01.410,AGLD/USDT:USDT,0.7953,66.0,0.795,11.0,0.7958,66.0,0.7961,6.0
1753520881554,09:08:01.554,AGLD/USDT:USDT,0.7953,66.0,0.795,11.0,0.7957,6.0,0.7958,66.0
1753520881686,09:08:01.686,AGLD/USDT:USDT,0.7953,66.0,0.795,11.0,0.7957,6.0,0.7958,66.0
1753520882936,09:08:02.936,AGLD/USDT:USDT,0.7953,66.0,0.795,11.0,0.7957,6.0,0.7958,66.0
1753520883166,09:08:03.166,AGLD/USDT:USDT,0.7953,66.0,0.795,11.0,0.7957,6.0,0.7958,66.0
1753520884345,09:08:04.345,AGLD/USDT:USDT,0.7953,66.0,0.795,11.0,0.7957,61.0,0.7958,77.0
1753520884782,09:08:04.782,AGLD/USDT:USDT,0.7953,66.0,0.795,11.0,0.7957,61.0,0.7958,77.0
1753520885712,09:08:05.712,AGLD/USDT:USDT,0.7953,66.0,0.7943,57.0,0.7957,61.0,0.7958,77.0
1753520888560,09:08:08.560,AGLD/USDT:USDT,0.7943,813.0,0.7939,50.0,0.7957,61.0,0.7958,77.0
1753520888662,09:08:08.662,AGLD/USDT:USDT,0.7949,66.0,0.7948,66.0,0.795,1.0,0.7957,61.0
1753520888762,09:08:08.762,AGLD/USDT:USDT,0.7952,66.0,0.7951,66.0,0.7957,83.0,0.7958,55.0
1753520888812,09:08:08.812,AGLD/USDT:USDT,0.7953,66.0,0.7947,11.0,0.7957,83.0,0.7958,55.0
1753520889594,09:08:09.594,AGLD/USDT:USDT,0.7953,66.0,0.7947,11.0,0.7957,83.0,0.7958,55.0
1753520890030,09:08:10.030,AGLD/USDT:USDT,0.7953,66.0,0.7947,11.0,0.7957,83.0,0.7958,55.0
1753520890163,09:08:10.163,AGLD/USDT:USDT,0.7946,55.0,0.7943,57.0,0.7957,17.0,0.7958,55.0
1753520890251,09:08:10.251,AGLD/USDT:USDT,0.7948,121.0,0.7947,66.0,0.7956,66.0,0.7957,6.0
1753520890346,09:08:10.346,AGLD/USDT:USDT,0.7952,66.0,0.7951,11.0,0.7955,6.0,0.7956,66.0
1753520890445,09:08:10.445,AGLD/USDT:USDT,0.7952,66.0,0.7951,11.0,0.7955,6.0,0.7956,66.0
1753520891209,09:08:11.209,AGLD/USDT:USDT,0.7952,66.0,0.7951,11.0,0.7955,6.0,0.7956,66.0
1753520891331,09:08:11.331,AGLD/USDT:USDT,0.7943,57.0,0.7942,50.0,0.7955,6.0,0.7956,66.0
1753520893199,09:08:13.199,AGLD/USDT:USDT,0.7943,57.0,0.7942,50.0,0.7955,6.0,0.7956,66.0
1753520893291,09:08:13.291,AGLD/USDT:USDT,0.7943,57.0,0.7942,50.0,0.7955,6.0,0.7956,66.0
1753520893979,09:08:13.979,AGLD/USDT:USDT,0.7943,57.0,0.7942,50.0,0.7955,6.0,0.7956,66.0
1753520894087,09:08:14.087,AGLD/USDT:USDT,0.7943,57.0,0.7942,50.0,0.7955,6.0,0.7956,66.0
1753520894190,09:08:14.190,AGLD/USDT:USDT,0.7938,57.0,0.7937,692.0,0.7955,6.0,0.7956,66.0
