timestamp,time,symbol,bid1_price,bid1_volume,bid2_price,bid2_volume,ask1_price,ask1_volume,ask2_price,ask2_volume
1753531571000,12:06:11.000,AR/USDT:USDT,7.607,1389.0,7.606,3326.0,7.615,42.0,7.616,674.0
1753531572008,12:06:12.008,AR/USDT:USDT,7.607,1389.0,7.606,3326.0,7.615,42.0,7.616,674.0
1753531572590,12:06:12.590,AR/USDT:USDT,7.607,1389.0,7.606,3326.0,7.615,42.0,7.618,96.0
1753531573002,12:06:13.002,AR/USDT:USDT,7.607,1389.0,7.606,3326.0,7.619,134.0,7.62,494.0
1753531573189,12:06:13.189,AR/USDT:USDT,7.607,1389.0,7.606,3326.0,7.619,134.0,7.62,494.0
1753531576985,12:06:16.985,AR/USDT:USDT,7.607,1389.0,7.606,3326.0,7.619,134.0,7.62,96.0
1753531577168,12:06:17.168,AR/USDT:USDT,7.607,1389.0,7.606,3326.0,7.619,134.0,7.62,96.0
1753531577391,12:06:17.391,AR/USDT:USDT,7.607,1389.0,7.606,3326.0,7.619,134.0,7.62,96.0
1753531577485,12:06:17.485,AR/USDT:USDT,7.607,1389.0,7.606,3326.0,7.619,134.0,7.62,96.0
1753531579935,12:06:19.935,AR/USDT:USDT,7.607,1389.0,7.606,3326.0,7.619,134.0,7.62,96.0
1753531580662,12:06:20.662,AR/USDT:USDT,7.607,1389.0,7.606,3326.0,7.619,134.0,7.62,96.0
1753531582190,12:06:22.190,AR/USDT:USDT,7.607,1389.0,7.606,3326.0,7.619,134.0,7.62,96.0
1753531582682,12:06:22.682,AR/USDT:USDT,7.607,1389.0,7.606,3326.0,7.619,134.0,7.62,96.0
1753531583075,12:06:23.075,AR/USDT:USDT,7.607,1389.0,7.606,3326.0,7.619,134.0,7.62,96.0
1753531584704,12:06:24.704,AR/USDT:USDT,7.607,1389.0,7.606,3326.0,7.619,134.0,7.62,96.0
1753531585852,12:06:25.852,AR/USDT:USDT,7.607,915.0,7.606,1715.0,7.615,36.0,7.616,674.0
1753531586203,12:06:26.203,AR/USDT:USDT,7.607,915.0,7.606,1715.0,7.615,36.0,7.616,674.0
1753531586427,12:06:26.427,AR/USDT:USDT,7.607,915.0,7.606,1715.0,7.615,36.0,7.616,674.0
1753531586715,12:06:26.715,AR/USDT:USDT,7.607,915.0,7.606,1715.0,7.615,36.0,7.616,674.0
1753531586990,12:06:26.990,AR/USDT:USDT,7.607,915.0,7.606,1715.0,7.615,36.0,7.616,674.0
1753531586995,12:06:26.995,AR/USDT:USDT,7.607,915.0,7.606,1715.0,7.615,36.0,7.616,674.0
1753531587582,12:06:27.582,AR/USDT:USDT,7.607,915.0,7.606,1715.0,7.615,36.0,7.616,674.0
1753531588573,12:06:28.573,AR/USDT:USDT,7.607,915.0,7.606,1715.0,7.615,36.0,7.616,674.0
1753531588606,12:06:28.606,AR/USDT:USDT,7.607,915.0,7.606,1715.0,7.615,36.0,7.616,674.0
1753531590089,12:06:30.089,AR/USDT:USDT,7.607,915.0,7.606,1741.0,7.614,26.0,7.616,466.0
1753531590158,12:06:30.158,AR/USDT:USDT,7.607,950.0,7.606,1715.0,7.615,26.0,7.616,466.0
1753531590701,12:06:30.701,AR/USDT:USDT,7.607,417.0,7.604,1122.0,7.615,26.0,7.616,466.0
1753531590833,12:06:30.833,AR/USDT:USDT,7.607,417.0,7.604,1122.0,7.615,26.0,7.616,466.0
1753531591791,12:06:31.791,AR/USDT:USDT,7.607,417.0,7.604,1122.0,7.615,26.0,7.616,466.0
1753531592060,12:06:32.060,AR/USDT:USDT,7.607,417.0,7.604,1122.0,7.615,26.0,7.616,466.0
1753531592481,12:06:32.481,AR/USDT:USDT,7.607,417.0,7.604,1122.0,7.616,674.0,7.619,93.0
1753531592525,12:06:32.525,AR/USDT:USDT,7.607,417.0,7.604,1122.0,7.616,674.0,7.619,93.0
1753531592984,12:06:32.984,AR/USDT:USDT,7.607,417.0,7.604,1122.0,7.616,674.0,7.617,322.0
1753531593020,12:06:33.020,AR/USDT:USDT,7.607,417.0,7.604,1122.0,7.616,674.0,7.617,322.0
1753531593388,12:06:33.388,AR/USDT:USDT,7.607,417.0,7.604,1122.0,7.616,674.0,7.617,322.0
1753531593469,12:06:33.469,AR/USDT:USDT,7.607,417.0,7.604,1122.0,7.616,674.0,7.617,322.0
1753531593547,12:06:33.547,AR/USDT:USDT,7.607,417.0,7.604,1025.0,7.616,674.0,7.617,322.0
1753531593675,12:06:33.675,AR/USDT:USDT,7.607,417.0,7.604,1025.0,7.616,674.0,7.617,322.0
1753531593714,12:06:33.714,AR/USDT:USDT,7.607,417.0,7.604,1025.0,7.616,674.0,7.617,322.0
1753531594007,12:06:34.007,AR/USDT:USDT,7.607,417.0,7.604,1025.0,7.616,674.0,7.617,322.0
1753531595024,12:06:35.024,AR/USDT:USDT,7.607,417.0,7.604,1025.0,7.616,674.0,7.617,322.0
1753531595357,12:06:35.357,AR/USDT:USDT,7.607,417.0,7.604,1025.0,7.616,674.0,7.618,93.0
1753531596473,12:06:36.473,AR/USDT:USDT,7.607,417.0,7.604,1025.0,7.616,674.0,7.617,93.0
1753531596897,12:06:36.897,AR/USDT:USDT,7.607,417.0,7.604,1025.0,7.616,674.0,7.617,414.0
1753531597036,12:06:37.036,AR/USDT:USDT,7.607,391.0,7.605,26.0,7.615,1601.0,7.616,674.0
1753531597134,12:06:37.134,AR/USDT:USDT,7.605,26.0,7.604,1025.0,7.615,1601.0,7.616,674.0
1753531597377,12:06:37.377,AR/USDT:USDT,7.605,26.0,7.604,1025.0,7.615,1601.0,7.616,674.0
1753531597415,12:06:37.415,AR/USDT:USDT,7.605,26.0,7.604,1025.0,7.615,1601.0,7.616,689.0
1753531597911,12:06:37.911,AR/USDT:USDT,7.605,26.0,7.604,1025.0,7.615,9.0,7.616,689.0
1753531597999,12:06:37.999,AR/USDT:USDT,7.605,26.0,7.604,1025.0,7.615,9.0,7.616,674.0
1753531598178,12:06:38.178,AR/USDT:USDT,7.605,26.0,7.604,1025.0,7.615,9.0,7.616,674.0
1753531599215,12:06:39.215,AR/USDT:USDT,7.605,26.0,7.604,1025.0,7.615,9.0,7.616,674.0
1753531599425,12:06:39.425,AR/USDT:USDT,7.605,26.0,7.604,1025.0,7.615,9.0,7.616,674.0
1753531600155,12:06:40.155,AR/USDT:USDT,7.605,26.0,7.604,1025.0,7.615,9.0,7.616,674.0
1753531600291,12:06:40.291,AR/USDT:USDT,7.605,349.0,7.604,1699.0,7.617,414.0,7.618,593.0
1753531600325,12:06:40.325,AR/USDT:USDT,7.605,349.0,7.604,1025.0,7.616,674.0,7.617,414.0
1753531600406,12:06:40.406,AR/USDT:USDT,7.605,349.0,7.604,1025.0,7.616,674.0,7.617,414.0
1753531601390,12:06:41.390,AR/USDT:USDT,7.605,349.0,7.604,1025.0,7.616,674.0,7.617,414.0
1753531601491,12:06:41.491,AR/USDT:USDT,7.605,349.0,7.604,1025.0,7.616,674.0,7.617,414.0
1753531602230,12:06:42.230,AR/USDT:USDT,7.605,349.0,7.604,1025.0,7.616,674.0,7.617,414.0
1753531603975,12:06:43.975,AR/USDT:USDT,7.605,349.0,7.604,1025.0,7.616,674.0,7.617,414.0
1753531604393,12:06:44.393,AR/USDT:USDT,7.605,349.0,7.604,1025.0,7.615,95.0,7.616,674.0
1753531604397,12:06:44.397,AR/USDT:USDT,7.605,349.0,7.604,1025.0,7.615,95.0,7.616,674.0
1753531604733,12:06:44.733,AR/USDT:USDT,7.605,349.0,7.604,1025.0,7.614,1408.0,7.615,95.0
1753531604799,12:06:44.799,AR/USDT:USDT,7.605,349.0,7.604,1025.0,7.614,1408.0,7.615,95.0
1753531605007,12:06:45.007,AR/USDT:USDT,7.605,349.0,7.604,1025.0,7.614,1408.0,7.615,95.0
1753531605155,12:06:45.155,AR/USDT:USDT,7.605,349.0,7.604,1025.0,7.614,1408.0,7.615,95.0
1753531606191,12:06:46.191,AR/USDT:USDT,7.605,349.0,7.604,1025.0,7.614,1408.0,7.615,95.0
1753531606735,12:06:46.735,AR/USDT:USDT,7.605,349.0,7.603,2013.0,7.614,1408.0,7.615,95.0
1753531608436,12:06:48.436,AR/USDT:USDT,7.605,349.0,7.603,2013.0,7.614,1408.0,7.615,95.0
1753531608785,12:06:48.785,AR/USDT:USDT,7.605,349.0,7.603,2013.0,7.614,1408.0,7.615,95.0
1753531608850,12:06:48.850,AR/USDT:USDT,7.605,349.0,7.603,2013.0,7.614,1408.0,7.615,95.0
1753531608985,12:06:48.985,AR/USDT:USDT,7.604,26.0,7.603,2013.0,7.613,95.0,7.615,95.0
1753531609091,12:06:49.091,AR/USDT:USDT,7.604,26.0,7.602,1560.0,7.615,95.0,7.616,674.0
1753531609115,12:06:49.115,AR/USDT:USDT,7.603,26.0,7.602,1560.0,7.615,95.0,7.616,674.0
1753531609207,12:06:49.207,AR/USDT:USDT,7.603,26.0,7.602,1560.0,7.615,95.0,7.616,674.0
1753531609967,12:06:49.967,AR/USDT:USDT,7.603,26.0,7.602,1560.0,7.615,95.0,7.616,674.0
1753531610023,12:06:50.023,AR/USDT:USDT,7.603,26.0,7.602,1560.0,7.615,95.0,7.616,674.0
1753531610991,12:06:50.991,AR/USDT:USDT,7.603,26.0,7.602,1560.0,7.615,95.0,7.616,674.0
1753531611106,12:06:51.106,AR/USDT:USDT,7.603,26.0,7.602,1560.0,7.615,95.0,7.616,674.0
1753531611366,12:06:51.366,AR/USDT:USDT,7.603,26.0,7.602,1560.0,7.614,843.0,7.615,95.0
1753531612098,12:06:52.098,AR/USDT:USDT,7.603,26.0,7.602,1560.0,7.614,843.0,7.615,95.0
1753531612552,12:06:52.552,AR/USDT:USDT,7.603,26.0,7.602,1560.0,7.614,843.0,7.615,95.0
1753531612849,12:06:52.849,AR/USDT:USDT,7.603,26.0,7.602,1560.0,7.614,843.0,7.615,95.0
1753531612988,12:06:52.988,AR/USDT:USDT,7.603,26.0,7.602,1560.0,7.616,674.0,7.617,414.0
1753531613268,12:06:53.268,AR/USDT:USDT,7.603,26.0,7.602,1560.0,7.616,674.0,7.617,414.0
1753531613683,12:06:53.683,AR/USDT:USDT,7.603,26.0,7.602,1560.0,7.616,674.0,7.617,414.0
1753531614247,12:06:54.247,AR/USDT:USDT,7.603,26.0,7.602,1560.0,7.616,674.0,7.617,414.0
1753531614409,12:06:54.409,AR/USDT:USDT,7.603,26.0,7.602,1560.0,7.615,1271.0,7.616,674.0
1753531614975,12:06:54.975,AR/USDT:USDT,7.603,26.0,7.601,2430.0,7.615,1271.0,7.616,674.0
1753531615791,12:06:55.791,AR/USDT:USDT,7.603,26.0,7.601,2430.0,7.615,1271.0,7.616,674.0
1753531616153,12:06:56.153,AR/USDT:USDT,7.603,26.0,7.601,2430.0,7.615,1271.0,7.616,674.0
1753531616390,12:06:56.390,AR/USDT:USDT,7.603,26.0,7.601,2430.0,7.615,1271.0,7.616,674.0
1753531616575,12:06:56.575,AR/USDT:USDT,7.603,26.0,7.601,2430.0,7.615,1271.0,7.616,674.0
1753531616678,12:06:56.678,AR/USDT:USDT,7.603,26.0,7.601,2430.0,7.615,1271.0,7.616,674.0
1753531617503,12:06:57.503,AR/USDT:USDT,7.603,354.0,7.601,2430.0,7.615,1271.0,7.616,674.0
1753531617615,12:06:57.615,AR/USDT:USDT,7.603,354.0,7.601,2430.0,7.615,1271.0,7.616,674.0
1753531618309,12:06:58.309,AR/USDT:USDT,7.603,354.0,7.602,93.0,7.615,1271.0,7.616,674.0
1753531618589,12:06:58.589,AR/USDT:USDT,7.603,354.0,7.602,93.0,7.615,1271.0,7.616,674.0
1753531618595,12:06:58.595,AR/USDT:USDT,7.603,354.0,7.602,93.0,7.615,1271.0,7.616,674.0
1753531619840,12:06:59.840,AR/USDT:USDT,7.603,354.0,7.602,93.0,7.615,1271.0,7.616,674.0
1753531620686,12:07:00.686,AR/USDT:USDT,7.603,354.0,7.602,93.0,7.615,1271.0,7.616,674.0
1753531620715,12:07:00.715,AR/USDT:USDT,7.603,354.0,7.602,93.0,7.615,1271.0,7.616,674.0
1753531621880,12:07:01.880,AR/USDT:USDT,7.603,354.0,7.602,93.0,7.615,1271.0,7.616,674.0
1753531622202,12:07:02.202,AR/USDT:USDT,7.603,354.0,7.602,93.0,7.616,674.0,7.617,414.0
1753531622690,12:07:02.690,AR/USDT:USDT,7.599,1.0,7.598,9.0,7.605,35.0,7.606,9.0
1753531623182,12:07:03.182,AR/USDT:USDT,7.599,1.0,7.598,18.0,7.605,26.0,7.606,18.0
1753531623391,12:07:03.391,AR/USDT:USDT,7.599,1.0,7.598,18.0,7.606,35.0,7.608,15.0
1753531623720,12:07:03.720,AR/USDT:USDT,7.599,1.0,7.598,18.0,7.606,9.0,7.607,35.0
1753531624089,12:07:04.089,AR/USDT:USDT,7.599,1.0,7.598,18.0,7.606,9.0,7.607,35.0
1753531624475,12:07:04.475,AR/USDT:USDT,7.599,330.0,7.598,18.0,7.606,9.0,7.607,26.0
1753531624732,12:07:04.732,AR/USDT:USDT,7.599,330.0,7.598,18.0,7.606,9.0,7.607,26.0
1753531624955,12:07:04.955,AR/USDT:USDT,7.599,330.0,7.598,18.0,7.606,9.0,7.607,26.0
1753531625231,12:07:05.231,AR/USDT:USDT,7.599,330.0,7.598,18.0,7.606,9.0,7.607,26.0
1753531626500,12:07:06.500,AR/USDT:USDT,7.599,330.0,7.598,18.0,7.606,9.0,7.607,26.0
1753531627089,12:07:07.089,AR/USDT:USDT,7.599,330.0,7.598,18.0,7.606,9.0,7.607,26.0
1753531627441,12:07:07.441,AR/USDT:USDT,7.599,330.0,7.598,18.0,7.606,9.0,7.607,26.0
1753531627675,12:07:07.675,AR/USDT:USDT,7.599,330.0,7.598,18.0,7.606,9.0,7.607,26.0
1753531627715,12:07:07.715,AR/USDT:USDT,7.599,330.0,7.598,18.0,7.606,9.0,7.607,26.0
1753531628076,12:07:08.076,AR/USDT:USDT,7.599,330.0,7.598,18.0,7.606,9.0,7.607,26.0
1753531628397,12:07:08.397,AR/USDT:USDT,7.599,330.0,7.598,18.0,7.606,9.0,7.607,26.0
1753531628515,12:07:08.515,AR/USDT:USDT,7.599,330.0,7.598,18.0,7.606,9.0,7.607,26.0
1753531628856,12:07:08.856,AR/USDT:USDT,7.599,330.0,7.598,18.0,7.606,9.0,7.607,26.0
1753531628913,12:07:08.913,AR/USDT:USDT,7.599,330.0,7.598,18.0,7.606,9.0,7.607,26.0
1753531629226,12:07:09.226,AR/USDT:USDT,7.599,330.0,7.598,18.0,7.606,9.0,7.607,26.0
1753531629300,12:07:09.300,AR/USDT:USDT,7.599,330.0,7.598,18.0,7.606,9.0,7.607,26.0
1753531629425,12:07:09.425,AR/USDT:USDT,7.599,330.0,7.598,18.0,7.606,9.0,7.607,26.0
1753531629561,12:07:09.561,AR/USDT:USDT,7.599,330.0,7.598,18.0,7.606,9.0,7.607,26.0
1753531629632,12:07:09.632,AR/USDT:USDT,7.599,330.0,7.598,18.0,7.606,9.0,7.607,26.0
1753531630078,12:07:10.078,AR/USDT:USDT,7.599,330.0,7.598,18.0,7.606,9.0,7.607,26.0
1753531630986,12:07:10.986,AR/USDT:USDT,7.599,330.0,7.598,18.0,7.607,26.0,7.608,15.0
1753531631035,12:07:11.035,AR/USDT:USDT,7.599,330.0,7.598,18.0,7.607,26.0,7.608,15.0
1753531631365,12:07:11.365,AR/USDT:USDT,7.599,330.0,7.598,18.0,7.607,26.0,7.608,15.0
1753531631724,12:07:11.724,AR/USDT:USDT,7.599,330.0,7.598,18.0,7.607,26.0,7.608,15.0
1753531632289,12:07:12.289,AR/USDT:USDT,7.599,330.0,7.598,18.0,7.607,26.0,7.608,15.0
1753531632316,12:07:12.316,AR/USDT:USDT,7.599,330.0,7.598,18.0,7.607,26.0,7.608,15.0
1753531632948,12:07:12.948,AR/USDT:USDT,7.599,330.0,7.598,18.0,7.607,26.0,7.608,15.0
1753531633136,12:07:13.136,AR/USDT:USDT,7.599,330.0,7.598,18.0,7.607,26.0,7.608,15.0
1753531633287,12:07:13.287,AR/USDT:USDT,7.599,330.0,7.598,18.0,7.607,26.0,7.608,15.0
1753531633338,12:07:13.338,AR/USDT:USDT,7.599,330.0,7.598,18.0,7.607,26.0,7.608,15.0
1753531634375,12:07:14.375,AR/USDT:USDT,7.599,330.0,7.598,18.0,7.607,26.0,7.608,15.0
1753531634410,12:07:14.410,AR/USDT:USDT,7.599,330.0,7.598,18.0,7.607,26.0,7.608,15.0
1753531634885,12:07:14.885,AR/USDT:USDT,7.599,330.0,7.598,18.0,7.607,26.0,7.608,15.0
1753531634982,12:07:14.982,AR/USDT:USDT,7.599,330.0,7.598,18.0,7.607,26.0,7.608,15.0
1753531635027,12:07:15.027,AR/USDT:USDT,7.599,330.0,7.598,18.0,7.607,26.0,7.608,15.0
1753531635146,12:07:15.146,AR/USDT:USDT,7.599,330.0,7.598,18.0,7.607,361.0,7.608,15.0
1753531636686,12:07:16.686,AR/USDT:USDT,7.599,330.0,7.598,18.0,7.607,361.0,7.608,15.0
1753531637902,12:07:17.902,AR/USDT:USDT,7.599,330.0,7.598,18.0,7.607,361.0,7.608,15.0
1753531638083,12:07:18.083,AR/USDT:USDT,7.599,330.0,7.598,18.0,7.607,361.0,7.608,15.0
1753531638095,12:07:18.095,AR/USDT:USDT,7.599,330.0,7.598,18.0,7.607,361.0,7.608,15.0
1753531638246,12:07:18.246,AR/USDT:USDT,7.599,330.0,7.598,18.0,7.607,361.0,7.608,15.0
1753531638445,12:07:18.445,AR/USDT:USDT,7.599,330.0,7.598,18.0,7.607,26.0,7.608,15.0
1753531638515,12:07:18.515,AR/USDT:USDT,7.599,330.0,7.598,18.0,7.607,26.0,7.608,15.0
1753531638600,12:07:18.600,AR/USDT:USDT,7.599,1.0,7.598,18.0,7.607,26.0,7.608,15.0
1753531640276,12:07:20.276,AR/USDT:USDT,7.599,1.0,7.598,18.0,7.607,26.0,7.608,15.0
1753531640295,12:07:20.295,AR/USDT:USDT,7.599,1.0,7.598,18.0,7.607,26.0,7.608,15.0
1753531642140,12:07:22.140,AR/USDT:USDT,7.599,322.0,7.598,18.0,7.607,26.0,7.608,15.0
1753531642815,12:07:22.815,AR/USDT:USDT,7.599,322.0,7.598,18.0,7.607,26.0,7.608,15.0
1753531643715,12:07:23.715,AR/USDT:USDT,7.599,322.0,7.598,18.0,7.607,26.0,7.608,15.0
1753531644003,12:07:24.003,AR/USDT:USDT,7.599,322.0,7.598,18.0,7.607,26.0,7.608,15.0
1753531644246,12:07:24.246,AR/USDT:USDT,7.599,322.0,7.598,18.0,7.607,26.0,7.608,15.0
1753531644426,12:07:24.426,AR/USDT:USDT,7.599,322.0,7.597,386.0,7.607,26.0,7.608,15.0
1753531644641,12:07:24.641,AR/USDT:USDT,7.599,322.0,7.597,386.0,7.607,26.0,7.608,15.0
1753531645016,12:07:25.016,AR/USDT:USDT,7.599,322.0,7.597,386.0,7.607,26.0,7.608,15.0
1753531647046,12:07:27.046,AR/USDT:USDT,7.599,1.0,7.596,1285.0,7.602,718.0,7.603,18.0
1753531647180,12:07:27.180,AR/USDT:USDT,7.599,1.0,7.597,9.0,7.601,11.0,7.602,35.0
1753531647256,12:07:27.256,AR/USDT:USDT,7.599,51.0,7.597,9.0,7.606,35.0,7.607,94.0
1753531647315,12:07:27.315,AR/USDT:USDT,7.599,51.0,7.597,9.0,7.606,35.0,7.607,94.0
1753531647476,12:07:27.476,AR/USDT:USDT,7.599,51.0,7.597,9.0,7.606,35.0,7.607,94.0
1753531647640,12:07:27.640,AR/USDT:USDT,7.599,51.0,7.597,9.0,7.606,35.0,7.607,94.0
1753531648016,12:07:28.016,AR/USDT:USDT,7.599,51.0,7.597,9.0,7.606,35.0,7.607,94.0
1753531648129,12:07:28.129,AR/USDT:USDT,7.599,51.0,7.597,395.0,7.606,35.0,7.607,94.0
1753531648478,12:07:28.478,AR/USDT:USDT,7.599,51.0,7.597,395.0,7.606,35.0,7.607,94.0
1753531648778,12:07:28.778,AR/USDT:USDT,7.599,51.0,7.596,1285.0,7.602,674.0,7.606,35.0
1753531648891,12:07:28.891,AR/USDT:USDT,7.599,51.0,7.596,1285.0,7.602,692.0,7.603,44.0
1753531649077,12:07:29.077,AR/USDT:USDT,7.596,402.0,7.594,156.0,7.602,718.0,7.603,18.0
1753531649135,12:07:29.135,AR/USDT:USDT,7.596,402.0,7.594,156.0,7.601,41.0,7.602,692.0
1753531649275,12:07:29.275,AR/USDT:USDT,7.596,402.0,7.594,156.0,7.601,41.0,7.602,692.0
1753531649353,12:07:29.353,AR/USDT:USDT,7.596,402.0,7.594,156.0,7.601,41.0,7.602,692.0
1753531649683,12:07:29.683,AR/USDT:USDT,7.596,402.0,7.594,156.0,7.601,41.0,7.602,692.0
1753531649773,12:07:29.773,AR/USDT:USDT,7.596,411.0,7.594,156.0,7.601,41.0,7.602,692.0
1753531649836,12:07:29.836,AR/USDT:USDT,7.596,411.0,7.594,156.0,7.601,41.0,7.602,692.0
1753531650087,12:07:30.087,AR/USDT:USDT,7.596,402.0,7.594,156.0,7.601,41.0,7.602,692.0
1753531650176,12:07:30.176,AR/USDT:USDT,7.596,402.0,7.594,156.0,7.601,41.0,7.602,692.0
1753531650477,12:07:30.477,AR/USDT:USDT,7.596,402.0,7.594,156.0,7.601,41.0,7.602,692.0
1753531650582,12:07:30.582,AR/USDT:USDT,7.596,402.0,7.594,156.0,7.601,41.0,7.602,692.0
1753531650685,12:07:30.685,AR/USDT:USDT,7.596,402.0,7.594,156.0,7.601,41.0,7.602,692.0
1753531650790,12:07:30.790,AR/USDT:USDT,7.596,402.0,7.594,156.0,7.601,41.0,7.602,692.0
1753531650880,12:07:30.880,AR/USDT:USDT,7.596,402.0,7.594,156.0,7.601,41.0,7.602,692.0
1753531650917,12:07:30.917,AR/USDT:USDT,7.596,402.0,7.594,156.0,7.601,41.0,7.602,692.0
1753531651034,12:07:31.034,AR/USDT:USDT,7.596,402.0,7.594,156.0,7.601,41.0,7.602,692.0
1753531651259,12:07:31.259,AR/USDT:USDT,7.596,402.0,7.594,156.0,7.601,41.0,7.602,692.0
1753531651644,12:07:31.644,AR/USDT:USDT,7.596,411.0,7.595,327.0,7.601,41.0,7.602,692.0
1753531652665,12:07:32.665,AR/USDT:USDT,7.596,411.0,7.595,327.0,7.601,41.0,7.602,692.0
1753531653981,12:07:33.981,AR/USDT:USDT,7.596,411.0,7.595,327.0,7.601,41.0,7.602,692.0
1753531654263,12:07:34.263,AR/USDT:USDT,7.596,411.0,7.594,156.0,7.601,41.0,7.602,692.0
1753531654653,12:07:34.653,AR/USDT:USDT,7.596,411.0,7.594,156.0,7.601,41.0,7.602,692.0
1753531654712,12:07:34.712,AR/USDT:USDT,7.596,411.0,7.594,156.0,7.601,41.0,7.602,692.0
1753531654884,12:07:34.884,AR/USDT:USDT,7.596,411.0,7.594,156.0,7.601,41.0,7.602,692.0
1753531655087,12:07:35.087,AR/USDT:USDT,7.596,411.0,7.594,156.0,7.601,41.0,7.602,692.0
1753531655134,12:07:35.134,AR/USDT:USDT,7.596,402.0,7.594,156.0,7.601,363.0,7.602,692.0
1753531655275,12:07:35.275,AR/USDT:USDT,7.596,402.0,7.594,156.0,7.601,363.0,7.602,692.0
1753531655384,12:07:35.384,AR/USDT:USDT,7.593,331.0,7.588,5293.0,7.601,363.0,7.602,692.0
1753531655485,12:07:35.485,AR/USDT:USDT,7.589,1111.0,7.588,5199.0,7.601,352.0,7.602,692.0
1753531655568,12:07:35.568,AR/USDT:USDT,7.594,50.0,7.587,252.0,7.601,352.0,7.602,692.0
1753531655635,12:07:35.635,AR/USDT:USDT,7.594,50.0,7.589,1560.0,7.601,352.0,7.602,692.0
1753531655695,12:07:35.695,AR/USDT:USDT,7.594,50.0,7.589,1560.0,7.601,352.0,7.602,692.0
1753531655987,12:07:35.987,AR/USDT:USDT,7.594,50.0,7.592,156.0,7.601,352.0,7.602,692.0
1753531656007,12:07:36.007,AR/USDT:USDT,7.594,50.0,7.592,156.0,7.601,352.0,7.602,692.0
1753531656468,12:07:36.468,AR/USDT:USDT,7.589,621.0,7.588,5199.0,7.601,352.0,7.602,692.0
1753531656557,12:07:36.557,AR/USDT:USDT,7.586,395.0,7.585,447.0,7.601,348.0,7.602,692.0
1753531656686,12:07:36.686,AR/USDT:USDT,7.586,395.0,7.585,774.0,7.601,348.0,7.602,692.0
1753531656734,12:07:36.734,AR/USDT:USDT,7.586,395.0,7.585,774.0,7.601,348.0,7.602,692.0
1753531656868,12:07:36.868,AR/USDT:USDT,7.586,395.0,7.585,774.0,7.601,348.0,7.602,692.0
1753531657024,12:07:37.024,AR/USDT:USDT,7.586,395.0,7.585,774.0,7.601,348.0,7.602,692.0
1753531657349,12:07:37.349,AR/USDT:USDT,7.586,395.0,7.585,774.0,7.601,348.0,7.602,692.0
1753531657975,12:07:37.975,AR/USDT:USDT,7.586,395.0,7.585,1090.0,7.601,348.0,7.602,787.0
1753531658015,12:07:38.015,AR/USDT:USDT,7.586,395.0,7.585,1090.0,7.601,348.0,7.602,787.0
1753531658149,12:07:38.149,AR/USDT:USDT,7.586,395.0,7.585,1090.0,7.601,348.0,7.602,787.0
1753531658215,12:07:38.215,AR/USDT:USDT,7.586,395.0,7.585,1090.0,7.601,348.0,7.602,802.0
1753531658483,12:07:38.483,AR/USDT:USDT,7.586,397.0,7.585,1090.0,7.601,348.0,7.602,802.0
1753531658569,12:07:38.569,AR/USDT:USDT,7.586,395.0,7.585,1090.0,7.601,348.0,7.602,802.0
1753531658675,12:07:38.675,AR/USDT:USDT,7.586,722.0,7.585,1090.0,7.601,348.0,7.602,802.0
1753531658778,12:07:38.778,AR/USDT:USDT,7.586,722.0,7.585,1090.0,7.601,348.0,7.602,802.0
1753531658815,12:07:38.815,AR/USDT:USDT,7.586,722.0,7.585,1090.0,7.601,348.0,7.602,802.0
1753531658975,12:07:38.975,AR/USDT:USDT,7.586,722.0,7.585,1090.0,7.601,348.0,7.602,802.0
1753531659080,12:07:39.080,AR/USDT:USDT,7.586,722.0,7.585,1090.0,7.601,348.0,7.602,802.0
1753531659155,12:07:39.155,AR/USDT:USDT,7.586,722.0,7.585,1090.0,7.601,348.0,7.602,802.0
1753531659275,12:07:39.275,AR/USDT:USDT,7.586,722.0,7.585,1090.0,7.601,348.0,7.602,802.0
1753531659376,12:07:39.376,AR/USDT:USDT,7.586,722.0,7.585,1090.0,7.601,348.0,7.602,802.0
1753531659434,12:07:39.434,AR/USDT:USDT,7.586,724.0,7.585,1090.0,7.601,348.0,7.602,802.0
1753531659560,12:07:39.560,AR/USDT:USDT,7.586,722.0,7.585,1090.0,7.601,348.0,7.602,802.0
1753531659663,12:07:39.663,AR/USDT:USDT,7.586,722.0,7.585,1090.0,7.601,348.0,7.602,802.0
1753531659768,12:07:39.768,AR/USDT:USDT,7.586,722.0,7.585,1090.0,7.601,348.0,7.602,802.0
1753531659846,12:07:39.846,AR/USDT:USDT,7.586,722.0,7.585,1090.0,7.601,348.0,7.602,802.0
1753531660175,12:07:40.175,AR/USDT:USDT,7.586,722.0,7.585,1090.0,7.601,348.0,7.602,802.0
1753531660343,12:07:40.343,AR/USDT:USDT,7.586,722.0,7.585,1090.0,7.601,348.0,7.602,802.0
1753531661006,12:07:41.006,AR/USDT:USDT,7.586,722.0,7.585,1090.0,7.601,348.0,7.602,802.0
1753531661264,12:07:41.264,AR/USDT:USDT,7.586,722.0,7.585,1090.0,7.601,348.0,7.602,802.0
1753531661822,12:07:41.822,AR/USDT:USDT,7.586,722.0,7.585,1090.0,7.601,348.0,7.602,802.0
1753531662281,12:07:42.281,AR/USDT:USDT,7.586,722.0,7.585,1090.0,7.601,348.0,7.602,802.0
1753531662336,12:07:42.336,AR/USDT:USDT,7.586,722.0,7.585,1090.0,7.601,348.0,7.602,802.0
1753531663045,12:07:43.045,AR/USDT:USDT,7.586,722.0,7.585,1090.0,7.601,348.0,7.602,802.0
1753531663866,12:07:43.866,AR/USDT:USDT,7.586,722.0,7.585,1090.0,7.601,348.0,7.602,802.0
1753531664270,12:07:44.270,AR/USDT:USDT,7.586,722.0,7.585,1090.0,7.601,348.0,7.602,802.0
1753531664946,12:07:44.946,AR/USDT:USDT,7.586,722.0,7.585,1090.0,7.601,348.0,7.602,802.0
1753531665055,12:07:45.055,AR/USDT:USDT,7.586,722.0,7.585,1090.0,7.601,348.0,7.602,802.0
1753531665906,12:07:45.906,AR/USDT:USDT,7.586,722.0,7.585,1090.0,7.601,348.0,7.602,802.0
1753531666472,12:07:46.472,AR/USDT:USDT,7.588,70.0,7.586,722.0,7.601,348.0,7.602,802.0
1753531666518,12:07:46.518,AR/USDT:USDT,7.588,70.0,7.586,722.0,7.601,348.0,7.602,802.0
1753531666646,12:07:46.646,AR/USDT:USDT,7.588,70.0,7.586,878.0,7.601,348.0,7.602,802.0
1753531666730,12:07:46.730,AR/USDT:USDT,7.588,70.0,7.586,878.0,7.601,348.0,7.602,802.0
1753531667003,12:07:47.003,AR/USDT:USDT,7.588,70.0,7.586,878.0,7.601,348.0,7.602,802.0
1753531667415,12:07:47.415,AR/USDT:USDT,7.588,70.0,7.586,1276.0,7.601,348.0,7.602,802.0
1753531668263,12:07:48.263,AR/USDT:USDT,7.59,70.0,7.588,156.0,7.601,348.0,7.602,802.0
1753531668362,12:07:48.362,AR/USDT:USDT,7.59,70.0,7.588,156.0,7.601,348.0,7.602,802.0
1753531668779,12:07:48.779,AR/USDT:USDT,7.59,70.0,7.588,156.0,7.601,348.0,7.602,802.0
1753531668974,12:07:48.974,AR/USDT:USDT,7.59,70.0,7.588,156.0,7.601,348.0,7.602,802.0
1753531668998,12:07:48.998,AR/USDT:USDT,7.59,70.0,7.588,156.0,7.601,348.0,7.602,802.0
1753531669587,12:07:49.587,AR/USDT:USDT,7.592,70.0,7.591,70.0,7.601,348.0,7.602,802.0
1753531669595,12:07:49.595,AR/USDT:USDT,7.592,70.0,7.588,156.0,7.601,348.0,7.602,802.0
1753531669775,12:07:49.775,AR/USDT:USDT,7.592,70.0,7.59,156.0,7.601,348.0,7.602,802.0
1753531670035,12:07:50.035,AR/USDT:USDT,7.592,70.0,7.59,156.0,7.601,348.0,7.602,802.0
1753531670105,12:07:50.105,AR/USDT:USDT,7.592,70.0,7.59,156.0,7.601,348.0,7.602,802.0
1753531670813,12:07:50.813,AR/USDT:USDT,7.592,70.0,7.59,156.0,7.601,348.0,7.602,802.0
1753531671231,12:07:51.231,AR/USDT:USDT,7.592,70.0,7.59,156.0,7.601,348.0,7.602,802.0
1753531672853,12:07:52.853,AR/USDT:USDT,7.592,70.0,7.59,156.0,7.601,348.0,7.602,802.0
1753531673786,12:07:53.786,AR/USDT:USDT,7.592,70.0,7.59,156.0,7.601,2869.0,7.602,802.0
1753531673883,12:07:53.883,AR/USDT:USDT,7.594,70.0,7.592,156.0,7.599,44.0,7.6,33.0
1753531673936,12:07:53.936,AR/USDT:USDT,7.594,70.0,7.592,156.0,7.599,44.0,7.6,18.0
1753531674071,12:07:54.071,AR/USDT:USDT,7.594,70.0,7.592,156.0,7.599,44.0,7.6,18.0
1753531677057,12:07:57.057,AR/USDT:USDT,7.596,70.0,7.594,156.0,7.599,18.0,7.6,44.0
1753531677162,12:07:57.162,AR/USDT:USDT,7.596,70.0,7.594,156.0,7.599,18.0,7.6,44.0
1753531677281,12:07:57.281,AR/USDT:USDT,7.596,70.0,7.594,156.0,7.599,18.0,7.6,44.0
1753531677322,12:07:57.322,AR/USDT:USDT,7.596,70.0,7.594,156.0,7.599,18.0,7.6,44.0
1753531677710,12:07:57.710,AR/USDT:USDT,7.596,70.0,7.594,156.0,7.599,18.0,7.6,44.0
1753531678598,12:07:58.598,AR/USDT:USDT,7.596,70.0,7.594,156.0,7.599,18.0,7.6,44.0
1753531678771,12:07:58.771,AR/USDT:USDT,7.597,70.0,7.594,156.0,7.599,9.0,7.6,35.0
1753531678875,12:07:58.875,AR/USDT:USDT,7.597,70.0,7.595,156.0,7.599,18.0,7.6,44.0
1753531678949,12:07:58.949,AR/USDT:USDT,7.597,70.0,7.595,156.0,7.599,18.0,7.6,44.0
1753531679079,12:07:59.079,AR/USDT:USDT,7.597,70.0,7.595,156.0,7.599,9.0,7.6,35.0
1753531679128,12:07:59.128,AR/USDT:USDT,7.597,70.0,7.595,156.0,7.599,18.0,7.6,44.0
1753531679544,12:07:59.544,AR/USDT:USDT,7.597,70.0,7.595,156.0,7.6,26.0,7.601,340.0
1753531679770,12:07:59.770,AR/USDT:USDT,7.597,70.0,7.595,156.0,7.601,340.0,7.602,715.0
1753531680009,12:08:00.009,AR/USDT:USDT,7.597,70.0,7.595,156.0,7.601,340.0,7.602,715.0
1753531680185,12:08:00.185,AR/USDT:USDT,7.597,70.0,7.595,156.0,7.601,340.0,7.602,715.0
1753531680388,12:08:00.388,AR/USDT:USDT,7.597,70.0,7.595,156.0,7.601,18.0,7.602,715.0
1753531680479,12:08:00.479,AR/USDT:USDT,7.594,70.0,7.593,3649.0,7.601,26.0,7.602,674.0
1753531680590,12:08:00.590,AR/USDT:USDT,7.598,70.0,7.595,9.0,7.601,18.0,7.602,700.0
1753531680672,12:08:00.672,AR/USDT:USDT,7.598,70.0,7.592,917.0,7.601,18.0,7.602,700.0
1753531680759,12:08:00.759,AR/USDT:USDT,7.598,70.0,7.596,156.0,7.601,18.0,7.602,700.0
1753531680811,12:08:00.811,AR/USDT:USDT,7.598,70.0,7.596,156.0,7.601,18.0,7.602,700.0
1753531681473,12:08:01.473,AR/USDT:USDT,7.598,70.0,7.596,156.0,7.601,18.0,7.602,700.0
1753531682160,12:08:02.160,AR/USDT:USDT,7.592,1465.0,7.591,6303.0,7.601,35.0,7.602,674.0
1753531682270,12:08:02.270,AR/USDT:USDT,7.591,1104.0,7.59,5240.0,7.601,26.0,7.602,674.0
1753531682295,12:08:02.295,AR/USDT:USDT,7.591,1104.0,7.59,5240.0,7.601,26.0,7.602,674.0
1753531683400,12:08:03.400,AR/USDT:USDT,7.591,1104.0,7.59,5240.0,7.601,26.0,7.602,674.0
1753531684015,12:08:04.015,AR/USDT:USDT,7.591,1104.0,7.59,5240.0,7.601,26.0,7.602,674.0
1753531685190,12:08:05.190,AR/USDT:USDT,7.592,70.0,7.591,1104.0,7.601,26.0,7.602,674.0
1753531685277,12:08:05.277,AR/USDT:USDT,7.596,70.0,7.595,18.0,7.602,26.0,7.603,15.0
1753531685345,12:08:05.345,AR/USDT:USDT,7.596,70.0,7.595,18.0,7.602,26.0,7.603,15.0
1753531685472,12:08:05.472,AR/USDT:USDT,7.596,70.0,7.595,18.0,7.602,26.0,7.603,15.0
1753531685780,12:08:05.780,AR/USDT:USDT,7.596,70.0,7.595,18.0,7.602,35.0,7.603,15.0
1753531686743,12:08:06.743,AR/USDT:USDT,7.596,70.0,7.595,18.0,7.602,44.0,7.603,15.0
1753531686888,12:08:06.888,AR/USDT:USDT,7.596,70.0,7.595,18.0,7.602,44.0,7.603,15.0
1753531687105,12:08:07.105,AR/USDT:USDT,7.596,70.0,7.595,18.0,7.602,44.0,7.603,15.0
1753531687925,12:08:07.925,AR/USDT:USDT,7.596,70.0,7.595,18.0,7.602,44.0,7.603,15.0
1753531688275,12:08:08.275,AR/USDT:USDT,7.599,70.0,7.597,9.0,7.602,9.0,7.603,41.0
1753531688349,12:08:08.349,AR/USDT:USDT,7.599,70.0,7.597,9.0,7.602,9.0,7.603,41.0
1753531688435,12:08:08.435,AR/USDT:USDT,7.599,70.0,7.597,165.0,7.602,9.0,7.603,41.0
1753531688523,12:08:08.523,AR/USDT:USDT,7.599,70.0,7.597,165.0,7.602,9.0,7.603,41.0
1753531689025,12:08:09.025,AR/USDT:USDT,7.599,70.0,7.597,165.0,7.602,9.0,7.603,41.0
1753531689162,12:08:09.162,AR/USDT:USDT,7.599,70.0,7.597,165.0,7.602,9.0,7.603,41.0
1753531689275,12:08:09.275,AR/USDT:USDT,7.599,70.0,7.597,165.0,7.602,9.0,7.603,15.0
1753531689360,12:08:09.360,AR/USDT:USDT,7.599,70.0,7.597,165.0,7.602,9.0,7.606,26.0
1753531689483,12:08:09.483,AR/USDT:USDT,7.599,70.0,7.598,70.0,7.602,18.0,7.603,9.0
1753531689555,12:08:09.555,AR/USDT:USDT,7.599,70.0,7.596,9.0,7.602,18.0,7.603,35.0
1753531689670,12:08:09.670,AR/USDT:USDT,7.599,70.0,7.597,156.0,7.602,18.0,7.603,35.0
1753531690012,12:08:10.012,AR/USDT:USDT,7.599,70.0,7.597,156.0,7.602,18.0,7.603,35.0
1753531690302,12:08:10.302,AR/USDT:USDT,7.599,70.0,7.597,156.0,7.602,18.0,7.603,35.0
1753531690496,12:08:10.496,AR/USDT:USDT,7.599,70.0,7.597,156.0,7.602,18.0,7.603,361.0
1753531690678,12:08:10.678,AR/USDT:USDT,7.599,70.0,7.597,156.0,7.602,18.0,7.603,361.0
1753531690715,12:08:10.715,AR/USDT:USDT,7.599,70.0,7.597,156.0,7.602,18.0,7.603,361.0
1753531691161,12:08:11.161,AR/USDT:USDT,7.599,70.0,7.597,156.0,7.602,18.0,7.603,361.0
1753531691212,12:08:11.212,AR/USDT:USDT,7.599,70.0,7.597,156.0,7.602,18.0,7.603,361.0
1753531691370,12:08:11.370,AR/USDT:USDT,7.599,70.0,7.597,156.0,7.602,9.0,7.603,335.0
1753531692065,12:08:12.065,AR/USDT:USDT,7.599,70.0,7.597,156.0,7.602,9.0,7.603,335.0
1753531692472,12:08:12.472,AR/USDT:USDT,7.599,70.0,7.597,156.0,7.602,9.0,7.603,335.0
1753531693015,12:08:13.015,AR/USDT:USDT,7.599,70.0,7.597,156.0,7.602,9.0,7.603,335.0
1753531693299,12:08:13.299,AR/USDT:USDT,7.599,70.0,7.597,156.0,7.602,9.0,7.603,335.0
1753531693991,12:08:13.991,AR/USDT:USDT,7.596,70.0,7.592,1560.0,7.601,674.0,7.602,9.0
1753531694090,12:08:14.090,AR/USDT:USDT,7.599,70.0,7.596,9.0,7.601,9.0,7.602,9.0
1753531694148,12:08:14.148,AR/USDT:USDT,7.6,70.0,7.597,156.0,7.602,9.0,7.603,335.0
1753531694215,12:08:14.215,AR/USDT:USDT,7.596,9.0,7.591,1104.0,7.602,9.0,7.603,335.0
1753531694340,12:08:14.340,AR/USDT:USDT,7.598,70.0,7.596,9.0,7.602,9.0,7.603,361.0
1753531694460,12:08:14.460,AR/USDT:USDT,7.598,70.0,7.596,165.0,7.602,9.0,7.603,361.0
1753531695173,12:08:15.173,AR/USDT:USDT,7.598,70.0,7.596,165.0,7.602,9.0,7.603,361.0
1753531695197,12:08:15.197,AR/USDT:USDT,7.598,70.0,7.596,165.0,7.602,9.0,7.603,361.0
1753531695375,12:08:15.375,AR/USDT:USDT,7.598,70.0,7.596,165.0,7.602,9.0,7.603,361.0
1753531695747,12:08:15.747,AR/USDT:USDT,7.598,70.0,7.597,9.0,7.602,9.0,7.603,361.0
1753531695996,12:08:15.996,AR/USDT:USDT,7.598,70.0,7.597,9.0,7.602,9.0,7.603,361.0
1753531696472,12:08:16.472,AR/USDT:USDT,7.598,70.0,7.596,165.0,7.602,9.0,7.603,361.0
1753531696496,12:08:16.496,AR/USDT:USDT,7.598,70.0,7.596,165.0,7.602,9.0,7.603,361.0
1753531696651,12:08:16.651,AR/USDT:USDT,7.598,70.0,7.596,165.0,7.602,9.0,7.603,361.0
1753531697800,12:08:17.800,AR/USDT:USDT,7.598,70.0,7.596,165.0,7.602,9.0,7.603,361.0
1753531698555,12:08:18.555,AR/USDT:USDT,7.598,79.0,7.596,156.0,7.602,9.0,7.603,361.0
1753531698644,12:08:18.644,AR/USDT:USDT,7.598,79.0,7.596,156.0,7.602,9.0,7.603,361.0
1753531698915,12:08:18.915,AR/USDT:USDT,7.598,79.0,7.596,156.0,7.602,9.0,7.603,352.0
1753531699175,12:08:19.175,AR/USDT:USDT,7.6,70.0,7.598,165.0,7.602,9.0,7.603,326.0
1753531699252,12:08:19.252,AR/USDT:USDT,7.6,70.0,7.598,165.0,7.602,9.0,7.603,326.0
1753531699355,12:08:19.355,AR/USDT:USDT,7.6,70.0,7.598,165.0,7.602,9.0,7.603,326.0
1753531699530,12:08:19.530,AR/USDT:USDT,7.6,70.0,7.598,156.0,7.602,9.0,7.603,335.0
1753531700680,12:08:20.680,AR/USDT:USDT,7.6,70.0,7.598,156.0,7.602,9.0,7.603,335.0
1753531700983,12:08:20.983,AR/USDT:USDT,7.6,70.0,7.598,156.0,7.602,9.0,7.603,335.0
1753531701553,12:08:21.553,AR/USDT:USDT,7.6,70.0,7.598,156.0,7.602,9.0,7.603,335.0
1753531701637,12:08:21.637,AR/USDT:USDT,7.6,70.0,7.598,156.0,7.602,9.0,7.603,335.0
1753531701785,12:08:21.785,AR/USDT:USDT,7.601,70.0,7.6,70.0,7.606,26.0,7.607,15.0
1753531701883,12:08:21.883,AR/USDT:USDT,7.601,70.0,7.599,9.0,7.606,26.0,7.607,15.0
1753531701968,12:08:21.968,AR/USDT:USDT,7.601,70.0,7.599,165.0,7.606,35.0,7.607,15.0
1753531702071,12:08:22.071,AR/USDT:USDT,7.601,70.0,7.599,156.0,7.606,44.0,7.607,15.0
1753531702237,12:08:22.237,AR/USDT:USDT,7.601,70.0,7.599,156.0,7.606,44.0,7.607,15.0
1753531702599,12:08:22.599,AR/USDT:USDT,7.601,70.0,7.599,156.0,7.606,44.0,7.607,15.0
1753531703056,12:08:23.056,AR/USDT:USDT,7.601,70.0,7.599,156.0,7.606,44.0,7.607,15.0
1753531703474,12:08:23.474,AR/USDT:USDT,7.601,70.0,7.599,156.0,7.606,44.0,7.607,15.0
1753531703890,12:08:23.890,AR/USDT:USDT,7.601,70.0,7.599,156.0,7.606,44.0,7.607,15.0
1753531704336,12:08:24.336,AR/USDT:USDT,7.601,70.0,7.599,156.0,7.606,373.0,7.607,15.0
1753531705362,12:08:25.362,AR/USDT:USDT,7.601,70.0,7.599,156.0,7.606,364.0,7.607,15.0
1753531705723,12:08:25.723,AR/USDT:USDT,7.601,70.0,7.599,156.0,7.606,373.0,7.607,15.0
1753531705931,12:08:25.931,AR/USDT:USDT,7.601,70.0,7.599,156.0,7.606,373.0,7.607,15.0
1753531707416,12:08:27.416,AR/USDT:USDT,7.601,70.0,7.599,156.0,7.606,373.0,7.607,15.0
1753531707588,12:08:27.588,AR/USDT:USDT,7.601,70.0,7.599,156.0,7.606,373.0,7.607,15.0
1753531707595,12:08:27.595,AR/USDT:USDT,7.601,70.0,7.599,156.0,7.606,373.0,7.607,15.0
1753531707955,12:08:27.955,AR/USDT:USDT,7.601,70.0,7.599,156.0,7.606,373.0,7.607,15.0
1753531710034,12:08:30.034,AR/USDT:USDT,7.601,70.0,7.599,156.0,7.606,373.0,7.607,15.0
1753531710289,12:08:30.289,AR/USDT:USDT,7.602,70.0,7.6,156.0,7.606,347.0,7.607,41.0
1753531710315,12:08:30.315,AR/USDT:USDT,7.602,70.0,7.6,156.0,7.606,338.0,7.607,41.0
1753531710399,12:08:30.399,AR/USDT:USDT,7.602,70.0,7.6,156.0,7.606,347.0,7.607,41.0
1753531710883,12:08:30.883,AR/USDT:USDT,7.596,7289.0,7.595,9822.0,7.605,26.0,7.606,338.0
1753531710957,12:08:30.957,AR/USDT:USDT,7.593,1589.0,7.592,5295.0,7.605,26.0,7.606,338.0
1753531711055,12:08:31.055,AR/USDT:USDT,7.592,491.0,7.591,1104.0,7.605,26.0,7.606,338.0
1753531711127,12:08:31.127,AR/USDT:USDT,7.592,491.0,7.591,1104.0,7.605,26.0,7.606,338.0
1753531711308,12:08:31.308,AR/USDT:USDT,7.592,491.0,7.591,1104.0,7.605,26.0,7.606,338.0
1753531711824,12:08:31.824,AR/USDT:USDT,7.592,491.0,7.591,1104.0,7.605,26.0,7.606,329.0
1753531711915,12:08:31.915,AR/USDT:USDT,7.594,70.0,7.592,491.0,7.605,26.0,7.606,329.0
1753531712171,12:08:32.171,AR/USDT:USDT,7.594,70.0,7.592,647.0,7.605,26.0,7.606,329.0
1753531712276,12:08:32.276,AR/USDT:USDT,7.594,70.0,7.592,647.0,7.605,26.0,7.606,329.0
1753531712576,12:08:32.576,AR/USDT:USDT,7.598,70.0,7.594,323.0,7.605,44.0,7.606,329.0
1753531712639,12:08:32.639,AR/USDT:USDT,7.598,88.0,7.596,156.0,7.605,44.0,7.606,329.0
1753531712695,12:08:32.695,AR/USDT:USDT,7.598,88.0,7.596,156.0,7.605,44.0,7.606,329.0
1753531712967,12:08:32.967,AR/USDT:USDT,7.598,88.0,7.596,156.0,7.605,44.0,7.606,329.0
1753531713787,12:08:33.787,AR/USDT:USDT,7.598,88.0,7.596,156.0,7.605,44.0,7.606,329.0
1753531713844,12:08:33.844,AR/USDT:USDT,7.598,79.0,7.596,156.0,7.605,44.0,7.606,329.0
1753531714202,12:08:34.202,AR/USDT:USDT,7.598,79.0,7.596,156.0,7.605,44.0,7.606,329.0
1753531714724,12:08:34.724,AR/USDT:USDT,7.598,79.0,7.596,156.0,7.605,44.0,7.606,329.0
1753531714881,12:08:34.881,AR/USDT:USDT,7.598,88.0,7.596,156.0,7.605,44.0,7.606,329.0
1753531715087,12:08:35.087,AR/USDT:USDT,7.598,88.0,7.596,156.0,7.605,44.0,7.606,329.0
1753531715212,12:08:35.212,AR/USDT:USDT,7.598,70.0,7.596,156.0,7.605,44.0,7.606,329.0
1753531715591,12:08:35.591,AR/USDT:USDT,7.598,70.0,7.596,156.0,7.602,692.0,7.603,18.0
1753531715620,12:08:35.620,AR/USDT:USDT,7.598,70.0,7.596,156.0,7.602,692.0,7.603,44.0
1753531715727,12:08:35.727,AR/USDT:USDT,7.598,70.0,7.596,156.0,7.602,692.0,7.603,44.0
1753531715844,12:08:35.844,AR/USDT:USDT,7.598,70.0,7.596,156.0,7.602,692.0,7.603,44.0
1753531716591,12:08:36.591,AR/USDT:USDT,7.595,1657.0,7.594,5199.0,7.602,1045.0,7.603,18.0
1753531716671,12:08:36.671,AR/USDT:USDT,7.593,1678.0,7.592,5594.0,7.602,1045.0,7.603,18.0
1753531716735,12:08:36.735,AR/USDT:USDT,7.592,395.0,7.591,2526.0,7.602,1045.0,7.603,18.0
1753531716857,12:08:36.857,AR/USDT:USDT,7.592,395.0,7.591,2526.0,7.602,1045.0,7.603,18.0
1753531717089,12:08:37.089,AR/USDT:USDT,7.592,395.0,7.591,2526.0,7.602,1045.0,7.603,18.0
1753531717189,12:08:37.189,AR/USDT:USDT,7.592,395.0,7.591,2526.0,7.602,1045.0,7.603,18.0
1753531717196,12:08:37.196,AR/USDT:USDT,7.592,395.0,7.591,2526.0,7.602,1045.0,7.603,18.0
1753531717675,12:08:37.675,AR/USDT:USDT,7.592,395.0,7.591,2526.0,7.602,1045.0,7.603,18.0
1753531717717,12:08:37.717,AR/USDT:USDT,7.592,395.0,7.591,2526.0,7.602,1045.0,7.603,18.0
1753531717930,12:08:37.930,AR/USDT:USDT,7.592,395.0,7.591,2526.0,7.602,1045.0,7.603,18.0
1753531718003,12:08:38.003,AR/USDT:USDT,7.592,395.0,7.591,2526.0,7.602,1045.0,7.603,18.0
1753531718498,12:08:38.498,AR/USDT:USDT,7.592,395.0,7.591,2526.0,7.602,1045.0,7.603,18.0
1753531719056,12:08:39.056,AR/USDT:USDT,7.591,1104.0,7.59,5560.0,7.602,1045.0,7.603,18.0
1753531719166,12:08:39.166,AR/USDT:USDT,7.589,2715.0,7.588,6421.0,7.602,1045.0,7.603,18.0
1753531719255,12:08:39.255,AR/USDT:USDT,7.588,1552.0,7.587,5373.0,7.602,4381.0,7.603,18.0
1753531719351,12:08:39.351,AR/USDT:USDT,7.589,70.0,7.588,1552.0,7.6,26.0,7.601,15.0
1753531719550,12:08:39.550,AR/USDT:USDT,7.589,70.0,7.588,1552.0,7.6,26.0,7.601,15.0
1753531719842,12:08:39.842,AR/USDT:USDT,7.589,70.0,7.588,1552.0,7.6,26.0,7.601,15.0
1753531719896,12:08:39.896,AR/USDT:USDT,7.589,70.0,7.588,1552.0,7.6,26.0,7.601,15.0
1753531720773,12:08:40.773,AR/USDT:USDT,7.589,70.0,7.588,1552.0,7.6,26.0,7.601,15.0
1753531721160,12:08:41.160,AR/USDT:USDT,7.589,70.0,7.588,1552.0,7.6,26.0,7.601,15.0
1753531721193,12:08:41.193,AR/USDT:USDT,7.589,70.0,7.588,1552.0,7.6,26.0,7.601,15.0
1753531721816,12:08:41.816,AR/USDT:USDT,7.589,70.0,7.588,1552.0,7.6,26.0,7.601,15.0
1753531722018,12:08:42.018,AR/USDT:USDT,7.589,70.0,7.588,1552.0,7.6,26.0,7.601,15.0
1753531724964,12:08:44.964,AR/USDT:USDT,7.589,70.0,7.588,1552.0,7.6,26.0,7.601,15.0
1753531726069,12:08:46.069,AR/USDT:USDT,7.589,70.0,7.588,1552.0,7.6,26.0,7.601,15.0
1753531726599,12:08:46.599,AR/USDT:USDT,7.589,70.0,7.588,1552.0,7.6,26.0,7.601,15.0
1753531726885,12:08:46.885,AR/USDT:USDT,7.589,70.0,7.588,1552.0,7.6,26.0,7.601,15.0
1753531728091,12:08:48.091,AR/USDT:USDT,7.591,70.0,7.59,70.0,7.6,26.0,7.601,15.0
1753531728135,12:08:48.135,AR/USDT:USDT,7.593,70.0,7.59,156.0,7.6,26.0,7.601,15.0
1753531728238,12:08:48.238,AR/USDT:USDT,7.593,70.0,7.591,1763.0,7.6,26.0,7.601,15.0
1753531728344,12:08:48.344,AR/USDT:USDT,7.593,70.0,7.591,1763.0,7.6,26.0,7.601,15.0
1753531728523,12:08:48.523,AR/USDT:USDT,7.593,70.0,7.591,1763.0,7.6,26.0,7.601,15.0
1753531728600,12:08:48.600,AR/USDT:USDT,7.593,70.0,7.591,156.0,7.6,44.0,7.601,15.0
1753531728695,12:08:48.695,AR/USDT:USDT,7.593,70.0,7.591,1716.0,7.6,44.0,7.601,15.0
1753531729280,12:08:49.280,AR/USDT:USDT,7.597,70.0,7.595,156.0,7.6,18.0,7.601,41.0
1753531729386,12:08:49.386,AR/USDT:USDT,7.597,70.0,7.595,156.0,7.6,18.0,7.601,41.0
1753531730010,12:08:50.010,AR/USDT:USDT,7.597,70.0,7.595,156.0,7.6,18.0,7.601,41.0
1753531730190,12:08:50.190,AR/USDT:USDT,7.59,5199.0,7.589,2189.0,7.6,44.0,7.601,15.0
1753531730235,12:08:50.235,AR/USDT:USDT,7.588,3327.0,7.587,8535.0,7.6,44.0,7.601,15.0
1753531730335,12:08:50.335,AR/USDT:USDT,7.588,1552.0,7.587,3336.0,7.6,44.0,7.601,15.0
1753531730601,12:08:50.601,AR/USDT:USDT,7.588,1552.0,7.587,3336.0,7.6,44.0,7.601,15.0
1753531731176,12:08:51.176,AR/USDT:USDT,7.594,70.0,7.593,70.0,7.6,44.0,7.601,15.0
1753531731262,12:08:51.262,AR/USDT:USDT,7.595,70.0,7.593,156.0,7.6,44.0,7.601,15.0
1753531731428,12:08:51.428,AR/USDT:USDT,7.595,70.0,7.593,156.0,7.6,44.0,7.601,15.0
1753531731852,12:08:51.852,AR/USDT:USDT,7.595,70.0,7.593,156.0,7.6,44.0,7.601,15.0
1753531734308,12:08:54.308,AR/USDT:USDT,7.595,70.0,7.593,156.0,7.6,39.0,7.601,15.0
1753531734399,12:08:54.399,AR/USDT:USDT,7.595,70.0,7.593,156.0,7.599,15.0,7.6,39.0
1753531734687,12:08:54.687,AR/USDT:USDT,7.595,70.0,7.593,156.0,7.599,15.0,7.6,39.0
1753531735101,12:08:55.101,AR/USDT:USDT,7.595,70.0,7.593,156.0,7.599,15.0,7.6,35.0
1753531735932,12:08:55.932,AR/USDT:USDT,7.595,70.0,7.593,156.0,7.599,15.0,7.6,35.0
1753531736215,12:08:56.215,AR/USDT:USDT,7.595,70.0,7.593,156.0,7.599,15.0,7.6,35.0
1753531736370,12:08:56.370,AR/USDT:USDT,7.595,70.0,7.593,156.0,7.599,15.0,7.6,35.0
1753531736549,12:08:56.549,AR/USDT:USDT,7.595,70.0,7.593,156.0,7.599,15.0,7.6,35.0
1753531737998,12:08:57.998,AR/USDT:USDT,7.595,70.0,7.593,156.0,7.599,15.0,7.6,35.0
1753531738815,12:08:58.815,AR/USDT:USDT,7.595,70.0,7.593,156.0,7.599,15.0,7.6,35.0
1753531740362,12:09:00.362,AR/USDT:USDT,7.595,70.0,7.593,156.0,7.599,15.0,7.6,35.0
1753531740653,12:09:00.653,AR/USDT:USDT,7.595,70.0,7.593,156.0,7.599,15.0,7.6,35.0
1753531740726,12:09:00.726,AR/USDT:USDT,7.595,70.0,7.593,156.0,7.599,15.0,7.6,35.0
1753531740852,12:09:00.852,AR/USDT:USDT,7.595,70.0,7.593,156.0,7.599,15.0,7.6,35.0
1753531740969,12:09:00.969,AR/USDT:USDT,7.595,70.0,7.593,156.0,7.599,15.0,7.6,35.0
1753531741065,12:09:01.065,AR/USDT:USDT,7.595,70.0,7.593,156.0,7.599,15.0,7.6,35.0
1753531741113,12:09:01.113,AR/USDT:USDT,7.595,70.0,7.593,156.0,7.599,15.0,7.6,35.0
1753531741380,12:09:01.380,AR/USDT:USDT,7.595,70.0,7.593,156.0,7.599,15.0,7.6,35.0
1753531741611,12:09:01.611,AR/USDT:USDT,7.595,70.0,7.593,156.0,7.599,15.0,7.6,35.0
1753531742076,12:09:02.076,AR/USDT:USDT,7.595,70.0,7.593,156.0,7.599,15.0,7.6,35.0
1753531742375,12:09:02.375,AR/USDT:USDT,7.595,70.0,7.593,156.0,7.599,15.0,7.6,35.0
1753531742435,12:09:02.435,AR/USDT:USDT,7.595,70.0,7.593,156.0,7.599,15.0,7.6,35.0
1753531742893,12:09:02.893,AR/USDT:USDT,7.595,70.0,7.593,156.0,7.599,15.0,7.6,35.0
1753531743417,12:09:03.417,AR/USDT:USDT,7.595,70.0,7.593,156.0,7.599,15.0,7.6,35.0
1753531743502,12:09:03.502,AR/USDT:USDT,7.595,70.0,7.593,156.0,7.599,15.0,7.6,35.0
1753531743720,12:09:03.720,AR/USDT:USDT,7.595,70.0,7.593,156.0,7.599,15.0,7.6,35.0
1753531744475,12:09:04.475,AR/USDT:USDT,7.597,70.0,7.596,70.0,7.599,15.0,7.6,35.0
1753531744541,12:09:04.541,AR/USDT:USDT,7.597,70.0,7.595,165.0,7.599,15.0,7.6,9.0
1753531744666,12:09:04.666,AR/USDT:USDT,7.597,70.0,7.595,165.0,7.599,15.0,7.6,9.0
1753531744739,12:09:04.739,AR/USDT:USDT,7.597,70.0,7.595,165.0,7.599,15.0,7.6,9.0
1753531744933,12:09:04.933,AR/USDT:USDT,7.597,70.0,7.595,165.0,7.599,15.0,7.6,9.0
1753531745091,12:09:05.091,AR/USDT:USDT,7.597,70.0,7.595,165.0,7.599,15.0,7.6,9.0
1753531745103,12:09:05.103,AR/USDT:USDT,7.597,70.0,7.595,165.0,7.599,15.0,7.6,9.0
1753531745260,12:09:05.260,AR/USDT:USDT,7.597,70.0,7.595,165.0,7.599,15.0,7.6,9.0
1753531745333,12:09:05.333,AR/USDT:USDT,7.597,70.0,7.595,165.0,7.599,15.0,7.6,9.0
1753531745750,12:09:05.750,AR/USDT:USDT,7.595,42.0,7.593,156.0,7.599,15.0,7.6,35.0
1753531745800,12:09:05.800,AR/USDT:USDT,7.595,42.0,7.593,156.0,7.599,15.0,7.6,35.0
1753531745905,12:09:05.905,AR/USDT:USDT,7.595,42.0,7.593,156.0,7.599,15.0,7.6,35.0
1753531746168,12:09:06.168,AR/USDT:USDT,7.595,42.0,7.593,156.0,7.599,15.0,7.6,35.0
1753531747006,12:09:07.006,AR/USDT:USDT,7.595,42.0,7.593,156.0,7.599,15.0,7.6,35.0
1753531747387,12:09:07.387,AR/USDT:USDT,7.595,42.0,7.593,156.0,7.599,15.0,7.6,35.0
1753531748279,12:09:08.279,AR/USDT:USDT,7.595,42.0,7.593,156.0,7.599,15.0,7.6,35.0
1753531748688,12:09:08.688,AR/USDT:USDT,7.595,42.0,7.593,156.0,7.599,83.0,7.6,35.0
1753531749182,12:09:09.182,AR/USDT:USDT,7.594,70.0,7.593,103.0,7.599,41.0,7.6,9.0
1753531749280,12:09:09.280,AR/USDT:USDT,7.596,70.0,7.594,156.0,7.599,41.0,7.6,9.0
1753531749389,12:09:09.389,AR/USDT:USDT,7.596,70.0,7.594,156.0,7.599,140.0,7.6,35.0
1753531749446,12:09:09.446,AR/USDT:USDT,7.596,70.0,7.594,156.0,7.599,72.0,7.6,9.0
1753531750018,12:09:10.018,AR/USDT:USDT,7.596,70.0,7.594,156.0,7.599,72.0,7.6,35.0
1753531750615,12:09:10.615,AR/USDT:USDT,7.596,70.0,7.594,156.0,7.599,72.0,7.6,35.0
1753531750873,12:09:10.873,AR/USDT:USDT,7.591,5199.0,7.59,2090.0,7.599,98.0,7.6,9.0
1753531750988,12:09:10.988,AR/USDT:USDT,7.589,70.0,7.588,330.0,7.595,674.0,7.598,11.0
1753531751092,12:09:11.092,AR/USDT:USDT,7.583,544.0,7.582,1.0,7.594,24.0,7.595,674.0
1753531751175,12:09:11.175,AR/USDT:USDT,7.583,544.0,7.582,1.0,7.594,385.0,7.595,674.0
1753531751291,12:09:11.291,AR/USDT:USDT,7.583,544.0,7.582,1.0,7.594,385.0,7.595,674.0
1753531751384,12:09:11.384,AR/USDT:USDT,7.583,544.0,7.582,1.0,7.594,385.0,7.595,674.0
1753531751481,12:09:11.481,AR/USDT:USDT,7.583,544.0,7.582,1.0,7.594,385.0,7.595,674.0
1753531751782,12:09:11.782,AR/USDT:USDT,7.585,70.0,7.583,700.0,7.594,385.0,7.595,674.0
1753531751886,12:09:11.886,AR/USDT:USDT,7.585,70.0,7.583,700.0,7.594,385.0,7.595,674.0
1753531751902,12:09:11.902,AR/USDT:USDT,7.585,70.0,7.583,700.0,7.594,385.0,7.595,674.0
1753531752260,12:09:12.260,AR/USDT:USDT,7.585,70.0,7.583,700.0,7.594,385.0,7.595,674.0
1753531752775,12:09:12.775,AR/USDT:USDT,7.585,70.0,7.583,700.0,7.594,385.0,7.595,1671.0
1753531753015,12:09:13.015,AR/USDT:USDT,7.585,70.0,7.583,700.0,7.594,385.0,7.595,1671.0
1753531753155,12:09:13.155,AR/USDT:USDT,7.585,70.0,7.583,700.0,7.594,385.0,7.595,1671.0
1753531753881,12:09:13.881,AR/USDT:USDT,7.585,70.0,7.583,700.0,7.594,451.0,7.595,1671.0
1753531754079,12:09:14.079,AR/USDT:USDT,7.583,544.0,7.582,10.0,7.588,700.0,7.594,350.0
1753531754189,12:09:14.189,AR/USDT:USDT,7.586,70.0,7.584,187.0,7.587,11.0,7.593,26.0
1753531754281,12:09:14.281,AR/USDT:USDT,7.588,70.0,7.586,156.0,7.591,9.0,7.593,26.0
1753531754328,12:09:14.328,AR/USDT:USDT,7.588,70.0,7.586,156.0,7.591,9.0,7.593,26.0
1753531754685,12:09:14.685,AR/USDT:USDT,7.584,26.0,7.583,544.0,7.591,9.0,7.593,26.0
1753531754780,12:09:14.780,AR/USDT:USDT,7.586,79.0,7.584,55.0,7.593,35.0,7.594,346.0
1753531754816,12:09:14.816,AR/USDT:USDT,7.586,79.0,7.584,55.0,7.593,35.0,7.594,346.0
1753531754905,12:09:14.905,AR/USDT:USDT,7.586,79.0,7.584,55.0,7.593,3370.0,7.594,346.0
1753531755089,12:09:15.089,AR/USDT:USDT,7.586,79.0,7.584,211.0,7.593,3379.0,7.594,346.0
1753531755180,12:09:15.180,AR/USDT:USDT,7.588,70.0,7.587,70.0,7.592,11.0,7.593,3379.0
1753531755286,12:09:15.286,AR/USDT:USDT,7.588,70.0,7.586,165.0,7.592,11.0,7.593,3379.0
1753531755340,12:09:15.340,AR/USDT:USDT,7.588,70.0,7.586,165.0,7.592,11.0,7.593,3379.0
1753531755399,12:09:15.399,AR/USDT:USDT,7.588,70.0,7.586,165.0,7.592,11.0,7.593,3379.0
1753531755579,12:09:15.579,AR/USDT:USDT,7.588,70.0,7.586,165.0,7.592,11.0,7.593,3379.0
1753531755992,12:09:15.992,AR/USDT:USDT,7.588,70.0,7.586,165.0,7.592,11.0,7.593,3379.0
1753531755993,12:09:15.993,AR/USDT:USDT,7.588,70.0,7.586,165.0,7.592,11.0,7.593,3379.0
1753531756381,12:09:16.381,AR/USDT:USDT,7.588,70.0,7.586,165.0,7.592,11.0,7.593,3379.0
1753531756475,12:09:16.475,AR/USDT:USDT,7.586,9.0,7.584,211.0,7.592,11.0,7.593,3379.0
1753531756519,12:09:16.519,AR/USDT:USDT,7.584,55.0,7.583,224.0,7.592,11.0,7.593,3379.0
1753531756643,12:09:16.643,AR/USDT:USDT,7.584,55.0,7.583,224.0,7.592,11.0,7.593,3379.0
1753531756785,12:09:16.785,AR/USDT:USDT,7.584,22.0,7.583,224.0,7.592,11.0,7.593,3379.0
1753531756816,12:09:16.816,AR/USDT:USDT,7.584,9.0,7.583,224.0,7.592,11.0,7.593,3379.0
1753531757015,12:09:17.015,AR/USDT:USDT,7.584,9.0,7.583,224.0,7.592,11.0,7.593,3379.0
1753531757249,12:09:17.249,AR/USDT:USDT,7.583,224.0,7.582,1583.0,7.592,11.0,7.593,3379.0
1753531757492,12:09:17.492,AR/USDT:USDT,7.583,224.0,7.582,23.0,7.592,406.0,7.593,3353.0
1753531757544,12:09:17.544,AR/USDT:USDT,7.583,242.0,7.582,1.0,7.591,26.0,7.592,406.0
1753531757678,12:09:17.678,AR/USDT:USDT,7.584,70.0,7.583,220.0,7.591,22.0,7.592,406.0
1753531757725,12:09:17.725,AR/USDT:USDT,7.587,70.0,7.584,156.0,7.591,22.0,7.592,406.0
1753531757855,12:09:17.855,AR/USDT:USDT,7.583,220.0,7.582,27.0,7.592,432.0,7.593,3353.0
1753531758090,12:09:18.090,AR/USDT:USDT,7.583,220.0,7.582,27.0,7.592,432.0,7.593,3353.0
1753531758106,12:09:18.106,AR/USDT:USDT,7.583,220.0,7.582,27.0,7.592,432.0,7.593,3353.0
1753531758210,12:09:18.210,AR/USDT:USDT,7.583,220.0,7.582,27.0,7.592,432.0,7.593,3353.0
1753531758765,12:09:18.765,AR/USDT:USDT,7.583,220.0,7.582,27.0,7.592,432.0,7.593,3353.0
1753531758803,12:09:18.803,AR/USDT:USDT,7.583,220.0,7.582,31.0,7.592,432.0,7.593,3353.0
1753531758894,12:09:18.894,AR/USDT:USDT,7.583,220.0,7.582,31.0,7.592,432.0,7.593,3353.0
1753531759388,12:09:19.388,AR/USDT:USDT,7.584,70.0,7.583,220.0,7.592,432.0,7.593,3353.0
1753531759536,12:09:19.536,AR/USDT:USDT,7.584,70.0,7.583,220.0,7.592,432.0,7.593,3353.0
1753531759714,12:09:19.714,AR/USDT:USDT,7.584,70.0,7.583,220.0,7.592,432.0,7.593,3353.0
1753531759855,12:09:19.855,AR/USDT:USDT,7.584,70.0,7.583,220.0,7.592,1438.0,7.593,3353.0
1753531760135,12:09:20.135,AR/USDT:USDT,7.584,70.0,7.583,220.0,7.592,1438.0,7.593,3353.0
1753531760489,12:09:20.489,AR/USDT:USDT,7.584,70.0,7.583,220.0,7.592,1438.0,7.593,3353.0
1753531760495,12:09:20.495,AR/USDT:USDT,7.584,70.0,7.583,220.0,7.592,1438.0,7.593,3353.0
1753531760881,12:09:20.881,AR/USDT:USDT,7.586,70.0,7.585,70.0,7.592,1438.0,7.593,3353.0
1753531760971,12:09:20.971,AR/USDT:USDT,7.587,70.0,7.585,156.0,7.592,1438.0,7.593,3353.0
1753531761581,12:09:21.581,AR/USDT:USDT,7.586,70.0,7.585,9.0,7.591,35.0,7.592,1412.0
1753531761685,12:09:21.685,AR/USDT:USDT,7.588,70.0,7.586,156.0,7.591,9.0,7.592,1438.0
1753531761778,12:09:21.778,AR/USDT:USDT,7.588,70.0,7.586,156.0,7.591,9.0,7.592,1438.0
1753531761795,12:09:21.795,AR/USDT:USDT,7.588,70.0,7.586,156.0,7.591,9.0,7.592,1438.0
1753531762033,12:09:22.033,AR/USDT:USDT,7.588,70.0,7.586,156.0,7.591,9.0,7.592,1438.0
1753531762227,12:09:22.227,AR/USDT:USDT,7.588,70.0,7.586,156.0,7.591,9.0,7.592,1438.0
1753531762421,12:09:22.421,AR/USDT:USDT,7.588,70.0,7.586,156.0,7.591,9.0,7.592,1438.0
1753531762785,12:09:22.785,AR/USDT:USDT,7.588,70.0,7.586,156.0,7.591,9.0,7.592,1438.0
1753531762796,12:09:22.796,AR/USDT:USDT,7.588,70.0,7.586,156.0,7.591,9.0,7.592,1438.0
1753531763003,12:09:23.003,AR/USDT:USDT,7.588,70.0,7.586,156.0,7.591,9.0,7.592,1438.0
1753531763787,12:09:23.787,AR/USDT:USDT,7.588,70.0,7.586,156.0,7.591,9.0,7.592,1438.0
1753531763870,12:09:23.870,AR/USDT:USDT,7.588,70.0,7.586,156.0,7.591,9.0,7.592,1438.0
1753531764690,12:09:24.690,AR/USDT:USDT,7.584,26.0,7.583,229.0,7.588,674.0,7.589,9.0
1753531764786,12:09:24.786,AR/USDT:USDT,7.583,229.0,7.582,5.0,7.587,26.0,7.588,674.0
1753531764840,12:09:24.840,AR/USDT:USDT,7.583,229.0,7.582,5.0,7.587,26.0,7.588,674.0
1753531764987,12:09:24.987,AR/USDT:USDT,7.583,229.0,7.582,14.0,7.587,37.0,7.588,4020.0
1753531765061,12:09:25.061,AR/USDT:USDT,7.583,229.0,7.582,14.0,7.587,37.0,7.588,4020.0
1753531765251,12:09:25.251,AR/USDT:USDT,7.583,229.0,7.582,14.0,7.587,37.0,7.588,4020.0
1753531765390,12:09:25.390,AR/USDT:USDT,7.583,229.0,7.582,5.0,7.587,37.0,7.588,4020.0
1753531765469,12:09:25.469,AR/USDT:USDT,7.583,229.0,7.582,5.0,7.587,37.0,7.588,4020.0
1753531765684,12:09:25.684,AR/USDT:USDT,7.583,229.0,7.582,14.0,7.587,37.0,7.588,4020.0
1753531765837,12:09:25.837,AR/USDT:USDT,7.583,229.0,7.582,14.0,7.587,37.0,7.588,4357.0
1753531766896,12:09:26.896,AR/USDT:USDT,7.583,229.0,7.582,14.0,7.587,37.0,7.588,4357.0
1753531767221,12:09:27.221,AR/USDT:USDT,7.583,229.0,7.582,14.0,7.587,37.0,7.588,4357.0
1753531767976,12:09:27.976,AR/USDT:USDT,7.583,220.0,7.582,5.0,7.587,46.0,7.588,4366.0
1753531768084,12:09:28.084,AR/USDT:USDT,7.583,220.0,7.582,5.0,7.587,46.0,7.588,4366.0
1753531768156,12:09:28.156,AR/USDT:USDT,7.583,220.0,7.582,5.0,7.587,1252.0,7.588,4366.0
1753531768288,12:09:28.288,AR/USDT:USDT,7.583,220.0,7.582,5.0,7.587,1252.0,7.588,4366.0
1753531768351,12:09:28.351,AR/USDT:USDT,7.583,220.0,7.582,5.0,7.587,1252.0,7.588,4366.0
1753531768415,12:09:28.415,AR/USDT:USDT,7.583,220.0,7.582,5.0,7.587,1252.0,7.588,4366.0
1753531768500,12:09:28.500,AR/USDT:USDT,7.583,220.0,7.582,1.0,7.587,1252.0,7.588,4366.0
1753531768627,12:09:28.627,AR/USDT:USDT,7.583,220.0,7.582,1.0,7.587,1252.0,7.588,4366.0
1753531768743,12:09:28.743,AR/USDT:USDT,7.583,220.0,7.582,1.0,7.587,1252.0,7.588,4366.0
1753531768958,12:09:28.958,AR/USDT:USDT,7.583,220.0,7.582,1.0,7.587,1252.0,7.588,4366.0
1753531770235,12:09:30.235,AR/USDT:USDT,7.583,220.0,7.582,1.0,7.587,1252.0,7.588,4366.0
1753531770298,12:09:30.298,AR/USDT:USDT,7.583,220.0,7.582,1.0,7.587,1252.0,7.588,4366.0
1753531770415,12:09:30.415,AR/USDT:USDT,7.583,220.0,7.582,1.0,7.587,1252.0,7.588,4366.0
1753531770585,12:09:30.585,AR/USDT:USDT,7.583,220.0,7.582,1.0,7.587,1252.0,7.588,4366.0
1753531770600,12:09:30.600,AR/USDT:USDT,7.583,220.0,7.582,1.0,7.587,1252.0,7.588,4366.0
1753531771013,12:09:31.013,AR/USDT:USDT,7.583,220.0,7.582,1.0,7.587,1252.0,7.588,4366.0
1753531771635,12:09:31.635,AR/USDT:USDT,7.583,220.0,7.582,1.0,7.587,1252.0,7.588,4366.0
1753531771705,12:09:31.705,AR/USDT:USDT,7.583,220.0,7.582,1.0,7.587,1252.0,7.588,4366.0
1753531771818,12:09:31.818,AR/USDT:USDT,7.583,220.0,7.582,1.0,7.587,1252.0,7.588,4366.0
1753531772232,12:09:32.232,AR/USDT:USDT,7.583,220.0,7.582,1.0,7.587,1252.0,7.588,4366.0
1753531772343,12:09:32.343,AR/USDT:USDT,7.583,220.0,7.582,1.0,7.587,1252.0,7.588,4366.0
1753531772774,12:09:32.774,AR/USDT:USDT,7.583,220.0,7.582,1.0,7.587,1252.0,7.588,4357.0
1753531772883,12:09:32.883,AR/USDT:USDT,7.584,70.0,7.583,220.0,7.587,1261.0,7.588,4347.0
1753531772986,12:09:32.986,AR/USDT:USDT,7.583,220.0,7.582,157.0,7.587,1261.0,7.588,4347.0
1753531773077,12:09:33.077,AR/USDT:USDT,7.582,157.0,7.581,4.0,7.587,1261.0,7.588,4347.0
1753531773189,12:09:33.189,AR/USDT:USDT,7.582,1.0,7.58,156.0,7.587,1261.0,7.588,4347.0
1753531773290,12:09:33.290,AR/USDT:USDT,7.575,26.0,7.574,4.0,7.587,1261.0,7.588,4347.0
1753531773379,12:09:33.379,AR/USDT:USDT,7.573,30.0,7.572,3346.0,7.587,1261.0,7.588,4347.0
1753531773490,12:09:33.490,AR/USDT:USDT,7.574,70.0,7.573,2038.0,7.587,1261.0,7.588,4347.0
1753531773541,12:09:33.541,AR/USDT:USDT,7.575,70.0,7.574,26.0,7.587,1261.0,7.588,4347.0
1753531773675,12:09:33.675,AR/USDT:USDT,7.575,70.0,7.574,26.0,7.587,1656.0,7.588,4347.0
1753531773776,12:09:33.776,AR/USDT:USDT,7.577,70.0,7.574,26.0,7.587,1656.0,7.588,4347.0
1753531773883,12:09:33.883,AR/USDT:USDT,7.577,70.0,7.574,26.0,7.587,1647.0,7.588,4347.0
1753531773990,12:09:33.990,AR/USDT:USDT,7.577,70.0,7.574,26.0,7.587,1647.0,7.588,4347.0
1753531774076,12:09:34.076,AR/USDT:USDT,7.577,70.0,7.574,26.0,7.587,1647.0,7.588,4347.0
1753531774185,12:09:34.185,AR/USDT:USDT,7.577,70.0,7.572,26.0,7.587,1647.0,7.588,4347.0
1753531774215,12:09:34.215,AR/USDT:USDT,7.577,70.0,7.572,26.0,7.587,1647.0,7.588,4347.0
1753531774340,12:09:34.340,AR/USDT:USDT,7.577,70.0,7.572,30.0,7.587,1783.0,7.588,4347.0
1753531774448,12:09:34.448,AR/USDT:USDT,7.577,70.0,7.576,26.0,7.587,1783.0,7.588,4347.0
1753531774585,12:09:34.585,AR/USDT:USDT,7.577,70.0,7.576,26.0,7.587,1783.0,7.588,4347.0
1753531774601,12:09:34.601,AR/USDT:USDT,7.577,70.0,7.576,26.0,7.587,1647.0,7.588,4347.0
1753531774876,12:09:34.876,AR/USDT:USDT,7.577,70.0,7.576,26.0,7.587,1647.0,7.588,4347.0
1753531774974,12:09:34.974,AR/USDT:USDT,7.577,70.0,7.576,26.0,7.587,1647.0,7.588,4347.0
1753531775240,12:09:35.240,AR/USDT:USDT,7.577,70.0,7.576,26.0,7.587,1647.0,7.588,4347.0
1753531776067,12:09:36.067,AR/USDT:USDT,7.577,70.0,7.576,26.0,7.587,1647.0,7.588,4347.0
1753531776355,12:09:36.355,AR/USDT:USDT,7.577,70.0,7.576,26.0,7.587,409.0,7.588,1001.0
1753531776488,12:09:36.488,AR/USDT:USDT,7.577,70.0,7.576,390.0,7.585,26.0,7.586,3350.0
1753531776504,12:09:36.504,AR/USDT:USDT,7.577,79.0,7.576,390.0,7.585,37.0,7.586,3350.0
1753531776735,12:09:36.735,AR/USDT:USDT,7.577,79.0,7.575,182.0,7.585,37.0,7.586,3350.0
1753531776906,12:09:36.906,AR/USDT:USDT,7.577,79.0,7.575,182.0,7.585,37.0,7.586,3350.0
1753531777016,12:09:37.016,AR/USDT:USDT,7.577,79.0,7.575,182.0,7.585,37.0,7.586,3350.0
1753531777455,12:09:37.455,AR/USDT:USDT,7.577,79.0,7.575,182.0,7.585,37.0,7.586,3350.0
1753531777739,12:09:37.739,AR/USDT:USDT,7.577,79.0,7.575,182.0,7.585,37.0,7.586,3350.0
1753531778083,12:09:38.083,AR/USDT:USDT,7.577,79.0,7.575,182.0,7.585,37.0,7.586,3350.0
1753531778165,12:09:38.165,AR/USDT:USDT,7.577,79.0,7.575,182.0,7.585,37.0,7.586,3350.0
1753531778422,12:09:38.422,AR/USDT:USDT,7.577,79.0,7.575,182.0,7.585,37.0,7.586,3350.0
1753531778691,12:09:38.691,AR/USDT:USDT,7.585,70.0,7.583,174.0,7.586,3350.0,7.588,683.0
1753531778740,12:09:38.740,AR/USDT:USDT,7.585,70.0,7.583,174.0,7.586,3350.0,7.587,1.0
1753531778835,12:09:38.835,AR/USDT:USDT,7.585,70.0,7.583,174.0,7.586,3350.0,7.587,1.0
1753531778988,12:09:38.988,AR/USDT:USDT,7.585,70.0,7.583,174.0,7.586,3350.0,7.587,1.0
1753531779287,12:09:39.287,AR/USDT:USDT,7.581,9.0,7.577,26.0,7.586,3350.0,7.587,1.0
1753531779387,12:09:39.387,AR/USDT:USDT,7.584,70.0,7.582,9.0,7.585,1.0,7.586,3350.0
1753531779480,12:09:39.480,AR/USDT:USDT,7.584,70.0,7.583,35.0,7.594,3778.0,7.595,10161.0
1753531779586,12:09:39.586,AR/USDT:USDT,7.584,70.0,7.583,35.0,7.592,1006.0,7.593,3353.0
1753531779668,12:09:39.668,AR/USDT:USDT,7.584,70.0,7.583,9.0,7.592,1006.0,7.593,3353.0
1753531779791,12:09:39.791,AR/USDT:USDT,7.584,70.0,7.583,9.0,7.592,1072.0,7.593,3353.0
1753531779849,12:09:39.849,AR/USDT:USDT,7.584,70.0,7.583,9.0,7.592,1072.0,7.593,3353.0
1753531779892,12:09:39.892,AR/USDT:USDT,7.584,70.0,7.583,9.0,7.592,1072.0,7.593,3353.0
1753531780003,12:09:40.003,AR/USDT:USDT,7.584,70.0,7.583,9.0,7.592,1072.0,7.593,3353.0
1753531780096,12:09:40.096,AR/USDT:USDT,7.584,70.0,7.583,9.0,7.592,1090.0,7.593,3353.0
1753531780284,12:09:40.284,AR/USDT:USDT,7.584,70.0,7.583,9.0,7.592,1015.0,7.593,3353.0
1753531780376,12:09:40.376,AR/USDT:USDT,7.587,70.0,7.586,70.0,7.592,1015.0,7.593,3353.0
1753531780443,12:09:40.443,AR/USDT:USDT,7.588,70.0,7.584,9.0,7.592,1015.0,7.593,3353.0
1753531780683,12:09:40.683,AR/USDT:USDT,7.588,70.0,7.586,156.0,7.592,1015.0,7.593,3353.0
1753531780730,12:09:40.730,AR/USDT:USDT,7.588,70.0,7.586,156.0,7.592,1015.0,7.593,3353.0
1753531780956,12:09:40.956,AR/USDT:USDT,7.588,70.0,7.586,156.0,7.592,1015.0,7.593,3353.0
1753531781077,12:09:41.077,AR/USDT:USDT,7.588,70.0,7.586,165.0,7.592,1015.0,7.593,3353.0
1753531781184,12:09:41.184,AR/USDT:USDT,7.589,70.0,7.586,191.0,7.594,395.0,7.595,674.0
1753531781275,12:09:41.275,AR/USDT:USDT,7.589,70.0,7.586,165.0,7.593,3357.0,7.594,404.0
1753531781364,12:09:41.364,AR/USDT:USDT,7.589,70.0,7.587,156.0,7.593,3357.0,7.594,404.0
1753531781402,12:09:41.402,AR/USDT:USDT,7.589,70.0,7.587,156.0,7.593,3357.0,7.594,404.0
1753531781532,12:09:41.532,AR/USDT:USDT,7.589,70.0,7.587,156.0,7.593,3357.0,7.594,404.0
1753531781946,12:09:41.946,AR/USDT:USDT,7.591,70.0,7.587,156.0,7.593,3357.0,7.594,404.0
1753531782091,12:09:42.091,AR/USDT:USDT,7.591,70.0,7.589,156.0,7.593,3357.0,7.594,9.0
1753531782186,12:09:42.186,AR/USDT:USDT,7.591,70.0,7.589,156.0,7.593,3357.0,7.594,9.0
1753531782364,12:09:42.364,AR/USDT:USDT,7.591,70.0,7.589,156.0,7.593,3357.0,7.594,9.0
1753531783076,12:09:43.076,AR/USDT:USDT,7.591,70.0,7.589,156.0,7.593,3357.0,7.594,9.0
1753531783115,12:09:43.115,AR/USDT:USDT,7.591,70.0,7.589,156.0,7.593,3357.0,7.594,9.0
1753531783291,12:09:43.291,AR/USDT:USDT,7.591,70.0,7.589,156.0,7.593,3366.0,7.594,18.0
1753531783385,12:09:43.385,AR/USDT:USDT,7.582,41.0,7.581,96.0,7.593,3357.0,7.594,9.0
1753531783490,12:09:43.490,AR/USDT:USDT,7.582,37.0,7.581,96.0,7.593,3357.0,7.594,9.0
1753531783558,12:09:43.558,AR/USDT:USDT,7.582,26.0,7.581,96.0,7.593,3357.0,7.594,9.0
1753531783675,12:09:43.675,AR/USDT:USDT,7.582,26.0,7.581,96.0,7.592,1007.0,7.593,3357.0
1753531783786,12:09:43.786,AR/USDT:USDT,7.582,26.0,7.581,15.0,7.592,1007.0,7.593,3357.0
1753531783861,12:09:43.861,AR/USDT:USDT,7.58,489.0,7.579,146.0,7.592,1007.0,7.593,3357.0
1753531783899,12:09:43.899,AR/USDT:USDT,7.58,474.0,7.579,161.0,7.592,1007.0,7.593,3357.0
1753531784076,12:09:44.076,AR/USDT:USDT,7.58,76.0,7.579,161.0,7.592,1007.0,7.593,3357.0
1753531784104,12:09:44.104,AR/USDT:USDT,7.58,76.0,7.579,146.0,7.592,1007.0,7.593,3357.0
1753531784425,12:09:44.425,AR/USDT:USDT,7.58,76.0,7.579,146.0,7.592,1007.0,7.593,3357.0
1753531784903,12:09:44.903,AR/USDT:USDT,7.58,76.0,7.579,146.0,7.592,1007.0,7.593,3357.0
1753531785015,12:09:45.015,AR/USDT:USDT,7.58,76.0,7.579,146.0,7.592,1007.0,7.593,3357.0
1753531785188,12:09:45.188,AR/USDT:USDT,7.582,70.0,7.581,70.0,7.592,1007.0,7.593,3357.0
1753531785245,12:09:45.245,AR/USDT:USDT,7.585,70.0,7.584,18.0,7.592,1016.0,7.593,3357.0
1753531785386,12:09:45.386,AR/USDT:USDT,7.585,70.0,7.584,18.0,7.592,1016.0,7.593,3357.0
1753531785475,12:09:45.475,AR/USDT:USDT,7.588,70.0,7.587,79.0,7.595,674.0,7.6,96.0
1753531785530,12:09:45.530,AR/USDT:USDT,7.588,70.0,7.587,9.0,7.595,683.0,7.6,96.0
1753531785668,12:09:45.668,AR/USDT:USDT,7.588,70.0,7.587,18.0,7.594,3365.0,7.595,683.0
1753531785749,12:09:45.749,AR/USDT:USDT,7.588,70.0,7.587,18.0,7.594,3365.0,7.595,692.0
1753531785795,12:09:45.795,AR/USDT:USDT,7.588,70.0,7.587,18.0,7.593,555.0,7.594,3365.0
1753531785954,12:09:45.954,AR/USDT:USDT,7.588,70.0,7.587,18.0,7.593,555.0,7.594,3365.0
1753531786066,12:09:46.066,AR/USDT:USDT,7.588,70.0,7.587,18.0,7.593,555.0,7.594,3365.0
1753531786188,12:09:46.188,AR/USDT:USDT,7.588,70.0,7.587,18.0,7.593,555.0,7.594,3365.0
1753531786283,12:09:46.283,AR/USDT:USDT,7.59,70.0,7.588,156.0,7.594,3365.0,7.595,692.0
1753531786378,12:09:46.378,AR/USDT:USDT,7.59,70.0,7.588,156.0,7.594,3365.0,7.595,692.0
1753531786574,12:09:46.574,AR/USDT:USDT,7.59,70.0,7.588,156.0,7.594,3365.0,7.595,683.0
1753531786647,12:09:46.647,AR/USDT:USDT,7.59,70.0,7.588,156.0,7.594,3365.0,7.595,683.0
1753531786989,12:09:46.989,AR/USDT:USDT,7.59,70.0,7.588,156.0,7.594,3365.0,7.595,683.0
1753531787012,12:09:47.012,AR/USDT:USDT,7.59,70.0,7.588,156.0,7.594,3365.0,7.595,683.0
1753531787287,12:09:47.287,AR/USDT:USDT,7.59,70.0,7.588,156.0,7.594,3365.0,7.595,683.0
1753531787348,12:09:47.348,AR/USDT:USDT,7.59,70.0,7.588,156.0,7.594,3365.0,7.595,683.0
1753531788076,12:09:48.076,AR/USDT:USDT,7.59,70.0,7.589,9.0,7.594,3365.0,7.595,683.0
1753531788127,12:09:48.127,AR/USDT:USDT,7.59,70.0,7.588,156.0,7.594,3365.0,7.595,683.0
1753531788276,12:09:48.276,AR/USDT:USDT,7.59,70.0,7.588,156.0,7.594,3365.0,7.595,683.0
1753531788565,12:09:48.565,AR/USDT:USDT,7.592,70.0,7.59,156.0,7.594,3365.0,7.595,674.0
1753531788675,12:09:48.675,AR/USDT:USDT,7.593,70.0,7.59,156.0,7.594,3365.0,7.595,674.0
1753531788782,12:09:48.782,AR/USDT:USDT,7.591,70.0,7.59,70.0,7.594,3365.0,7.595,674.0
1753531788879,12:09:48.879,AR/USDT:USDT,7.591,70.0,7.589,156.0,7.594,3374.0,7.595,683.0
1753531788955,12:09:48.955,AR/USDT:USDT,7.583,26.0,7.582,111.0,7.594,3374.0,7.595,683.0
1753531789078,12:09:49.078,AR/USDT:USDT,7.583,26.0,7.582,111.0,7.594,3374.0,7.595,683.0
1753531789193,12:09:49.193,AR/USDT:USDT,7.586,70.0,7.585,9.0,7.593,452.0,7.594,3374.0
1753531789286,12:09:49.286,AR/USDT:USDT,7.586,79.0,7.585,9.0,7.593,452.0,7.594,3374.0
1753531789356,12:09:49.356,AR/USDT:USDT,7.586,79.0,7.585,9.0,7.593,443.0,7.594,3374.0
1753531789460,12:09:49.460,AR/USDT:USDT,7.586,79.0,7.585,9.0,7.593,443.0,7.594,3374.0
1753531789591,12:09:49.591,AR/USDT:USDT,7.586,79.0,7.585,9.0,7.594,3374.0,7.595,683.0
1753531789621,12:09:49.621,AR/USDT:USDT,7.587,70.0,7.586,9.0,7.594,3374.0,7.595,683.0
1753531789748,12:09:49.748,AR/USDT:USDT,7.587,70.0,7.586,9.0,7.594,3383.0,7.595,683.0
1753531789816,12:09:49.816,AR/USDT:USDT,7.587,70.0,7.586,9.0,7.594,3383.0,7.595,683.0
1753531789920,12:09:49.920,AR/USDT:USDT,7.587,70.0,7.586,9.0,7.594,3383.0,7.595,683.0
1753531790415,12:09:50.415,AR/USDT:USDT,7.587,70.0,7.586,9.0,7.594,3383.0,7.595,683.0
1753531790736,12:09:50.736,AR/USDT:USDT,7.587,70.0,7.586,9.0,7.594,3383.0,7.595,683.0
1753531790889,12:09:50.889,AR/USDT:USDT,7.591,70.0,7.588,9.0,7.594,3365.0,7.595,683.0
1753531790979,12:09:50.979,AR/USDT:USDT,7.586,35.0,7.581,15.0,7.591,61424.0,7.594,3365.0
1753531791077,12:09:51.077,AR/USDT:USDT,7.589,70.0,7.586,174.0,7.591,61424.0,7.592,9.0
1753531791172,12:09:51.172,AR/USDT:USDT,7.589,70.0,7.587,156.0,7.591,61424.0,7.592,9.0
1753531791278,12:09:51.278,AR/USDT:USDT,7.589,70.0,7.587,156.0,7.591,61424.0,7.592,9.0
1753531791304,12:09:51.304,AR/USDT:USDT,7.589,70.0,7.587,156.0,7.591,61424.0,7.592,9.0
1753531791460,12:09:51.460,AR/USDT:USDT,7.582,26.0,7.58,404.0,7.591,61424.0,7.592,9.0
1753531791590,12:09:51.590,AR/USDT:USDT,7.582,26.0,7.58,545.0,7.591,61424.0,7.592,9.0
1753531791692,12:09:51.692,AR/USDT:USDT,7.582,70.0,7.581,26.0,7.591,61424.0,7.592,9.0
1753531791736,12:09:51.736,AR/USDT:USDT,7.582,70.0,7.58,586.0,7.591,61424.0,7.592,9.0
1753531793016,12:09:53.016,AR/USDT:USDT,7.582,70.0,7.58,586.0,7.591,61424.0,7.592,9.0
1753531793194,12:09:53.194,AR/USDT:USDT,7.582,70.0,7.58,586.0,7.591,61424.0,7.592,9.0
1753531793975,12:09:53.975,AR/USDT:USDT,7.582,70.0,7.58,2175.0,7.591,61424.0,7.592,9.0
1753531794046,12:09:54.046,AR/USDT:USDT,7.582,70.0,7.58,2175.0,7.591,61424.0,7.592,9.0
1753531794377,12:09:54.377,AR/USDT:USDT,7.582,70.0,7.58,2175.0,7.591,61424.0,7.592,9.0
1753531794411,12:09:54.411,AR/USDT:USDT,7.582,70.0,7.58,2175.0,7.591,61424.0,7.592,9.0
1753531795229,12:09:55.229,AR/USDT:USDT,7.582,70.0,7.58,2175.0,7.591,61424.0,7.592,9.0
1753531795397,12:09:55.397,AR/USDT:USDT,7.582,70.0,7.58,2175.0,7.591,61424.0,7.594,3365.0
1753531795887,12:09:55.887,AR/USDT:USDT,7.582,70.0,7.58,2175.0,7.591,61424.0,7.594,3365.0
1753531795991,12:09:55.991,AR/USDT:USDT,7.582,26.0,7.578,394.0,7.586,1522.0,7.587,683.0
1753531796090,12:09:56.090,AR/USDT:USDT,7.583,70.0,7.581,156.0,7.586,1522.0,7.587,709.0
1753531796170,12:09:56.170,AR/USDT:USDT,7.583,70.0,7.581,156.0,7.586,4886.0,7.587,709.0
1753531796277,12:09:56.277,AR/USDT:USDT,7.579,70.0,7.576,26.0,7.585,26.0,7.586,3873.0
1753531796383,12:09:56.383,AR/USDT:USDT,7.582,70.0,7.58,156.0,7.584,500.0,7.585,26.0
1753531796482,12:09:56.482,AR/USDT:USDT,7.583,70.0,7.581,156.0,7.584,500.0,7.586,3399.0
1753531796994,12:09:56.994,AR/USDT:USDT,7.583,70.0,7.581,156.0,7.584,500.0,7.586,35.0
1753531797176,12:09:57.176,AR/USDT:USDT,7.583,70.0,7.581,156.0,7.584,500.0,7.586,35.0
1753531797536,12:09:57.536,AR/USDT:USDT,7.583,70.0,7.581,156.0,7.584,500.0,7.586,26.0
1753531797675,12:09:57.675,AR/USDT:USDT,7.583,70.0,7.581,156.0,7.584,500.0,7.586,26.0
1753531797701,12:09:57.701,AR/USDT:USDT,7.583,70.0,7.581,156.0,7.584,500.0,7.586,26.0
1753531798036,12:09:58.036,AR/USDT:USDT,7.583,70.0,7.581,165.0,7.584,500.0,7.586,26.0
1753531798376,12:09:58.376,AR/USDT:USDT,7.583,70.0,7.581,165.0,7.584,500.0,7.586,26.0
1753531798475,12:09:58.475,AR/USDT:USDT,7.585,70.0,7.583,156.0,7.586,500.0,7.587,4049.0
1753531798558,12:09:58.558,AR/USDT:USDT,7.585,70.0,7.583,165.0,7.586,500.0,7.587,4049.0
1753531798604,12:09:58.604,AR/USDT:USDT,7.585,70.0,7.583,165.0,7.586,500.0,7.587,4049.0
1753531798830,12:09:58.830,AR/USDT:USDT,7.585,70.0,7.583,165.0,7.586,500.0,7.587,4049.0
1753531798940,12:09:58.940,AR/USDT:USDT,7.585,70.0,7.583,165.0,7.586,500.0,7.587,4049.0
1753531799275,12:09:59.275,AR/USDT:USDT,7.585,70.0,7.583,165.0,7.586,500.0,7.587,4049.0
1753531800004,12:10:00.004,AR/USDT:USDT,7.585,70.0,7.583,165.0,7.586,500.0,7.587,4049.0
1753531800149,12:10:00.149,AR/USDT:USDT,7.585,70.0,7.583,165.0,7.586,500.0,7.587,4049.0
1753531800386,12:10:00.386,AR/USDT:USDT,7.585,70.0,7.583,165.0,7.586,500.0,7.587,4049.0
1753531800479,12:10:00.479,AR/USDT:USDT,7.585,70.0,7.583,165.0,7.586,500.0,7.587,4049.0
1753531800607,12:10:00.607,AR/USDT:USDT,7.585,70.0,7.583,156.0,7.586,500.0,7.587,4049.0
1753531800732,12:10:00.732,AR/USDT:USDT,7.585,70.0,7.583,183.0,7.586,500.0,7.587,4049.0
1753531800799,12:10:00.799,AR/USDT:USDT,7.585,70.0,7.583,183.0,7.586,500.0,7.587,4049.0
1753531800987,12:10:00.987,AR/USDT:USDT,7.585,70.0,7.583,183.0,7.586,500.0,7.587,4049.0
1753531801017,12:10:01.017,AR/USDT:USDT,7.585,70.0,7.583,183.0,7.586,500.0,7.587,4049.0
1753531801143,12:10:01.143,AR/USDT:USDT,7.585,70.0,7.583,183.0,7.586,500.0,7.587,4049.0
1753531801292,12:10:01.292,AR/USDT:USDT,7.578,26.0,7.574,96.0,7.586,500.0,7.587,4075.0
1753531801383,12:10:01.383,AR/USDT:USDT,7.575,396.0,7.574,96.0,7.583,1013.0,7.585,156.0
1753531801483,12:10:01.483,AR/USDT:USDT,7.575,449.0,7.574,122.0,7.584,1013.0,7.586,656.0
1753531801692,12:10:01.692,AR/USDT:USDT,7.575,449.0,7.574,122.0,7.584,1013.0,7.586,656.0
1753531801781,12:10:01.781,AR/USDT:USDT,7.575,449.0,7.573,1085.0,7.583,1013.0,7.586,656.0
1753531801797,12:10:01.797,AR/USDT:USDT,7.575,449.0,7.573,1085.0,7.583,1013.0,7.586,656.0
1753531802064,12:10:02.064,AR/USDT:USDT,7.575,475.0,7.573,1085.0,7.583,1013.0,7.585,156.0
1753531802109,12:10:02.109,AR/USDT:USDT,7.575,475.0,7.573,1085.0,7.583,1013.0,7.585,156.0
1753531802264,12:10:02.264,AR/USDT:USDT,7.575,475.0,7.573,1085.0,7.583,1013.0,7.585,156.0
1753531802474,12:10:02.474,AR/USDT:USDT,7.575,475.0,7.573,1085.0,7.584,1013.0,7.586,656.0
1753531802536,12:10:02.536,AR/USDT:USDT,7.575,475.0,7.573,1085.0,7.584,1013.0,7.586,656.0
1753531802670,12:10:02.670,AR/USDT:USDT,7.575,475.0,7.573,1085.0,7.584,1013.0,7.586,656.0
1753531802834,12:10:02.834,AR/USDT:USDT,7.575,422.0,7.573,1085.0,7.584,1013.0,7.586,656.0
1753531803167,12:10:03.167,AR/USDT:USDT,7.575,422.0,7.573,1085.0,7.584,1013.0,7.586,656.0
1753531803300,12:10:03.300,AR/USDT:USDT,7.575,422.0,7.573,1085.0,7.584,1013.0,7.586,656.0
1753531803475,12:10:03.475,AR/USDT:USDT,7.575,820.0,7.573,1085.0,7.584,1013.0,7.586,656.0
1753531803534,12:10:03.534,AR/USDT:USDT,7.575,873.0,7.573,1085.0,7.584,1013.0,7.586,656.0
1753531803835,12:10:03.835,AR/USDT:USDT,7.575,820.0,7.573,1085.0,7.584,1013.0,7.586,656.0
1753531804036,12:10:04.036,AR/USDT:USDT,7.575,873.0,7.573,1085.0,7.584,1013.0,7.586,656.0
1753531804134,12:10:04.134,AR/USDT:USDT,7.575,820.0,7.573,1085.0,7.584,1013.0,7.586,656.0
1753531804337,12:10:04.337,AR/USDT:USDT,7.575,873.0,7.573,1085.0,7.584,1013.0,7.586,656.0
1753531804686,12:10:04.686,AR/USDT:USDT,7.575,873.0,7.573,1085.0,7.584,1013.0,7.586,656.0
1753531804760,12:10:04.760,AR/USDT:USDT,7.575,820.0,7.573,1085.0,7.584,1013.0,7.586,656.0
1753531805224,12:10:05.224,AR/USDT:USDT,7.575,820.0,7.573,1085.0,7.584,1013.0,7.586,656.0
1753531805297,12:10:05.297,AR/USDT:USDT,7.575,820.0,7.573,1085.0,7.584,1013.0,7.586,656.0
1753531805438,12:10:05.438,AR/USDT:USDT,7.575,873.0,7.573,1085.0,7.584,1013.0,7.586,656.0
1753531805735,12:10:05.735,AR/USDT:USDT,7.575,820.0,7.573,1085.0,7.584,1013.0,7.586,656.0
1753531806219,12:10:06.219,AR/USDT:USDT,7.575,820.0,7.573,1085.0,7.584,1013.0,7.586,656.0
1753531806296,12:10:06.296,AR/USDT:USDT,7.575,820.0,7.573,1085.0,7.584,1013.0,7.586,656.0
1753531806436,12:10:06.436,AR/USDT:USDT,7.575,873.0,7.573,1085.0,7.584,1013.0,7.586,656.0
1753531806534,12:10:06.534,AR/USDT:USDT,7.581,1.0,7.575,794.0,7.584,1013.0,7.586,683.0
1753531806645,12:10:06.645,AR/USDT:USDT,7.575,794.0,7.573,1085.0,7.583,70.0,7.584,1013.0
1753531806783,12:10:06.783,AR/USDT:USDT,7.575,847.0,7.573,1085.0,7.582,1013.0,7.584,156.0
1753531806803,12:10:06.803,AR/USDT:USDT,7.575,847.0,7.573,1085.0,7.582,1013.0,7.584,156.0
1753531807142,12:10:07.142,AR/USDT:USDT,7.575,847.0,7.573,1085.0,7.582,1013.0,7.584,156.0
1753531807390,12:10:07.390,AR/USDT:USDT,7.575,847.0,7.573,1085.0,7.582,1013.0,7.584,156.0
1753531807438,12:10:07.438,AR/USDT:USDT,7.576,270.0,7.575,900.0,7.582,1013.0,7.584,156.0
1753531807559,12:10:07.559,AR/USDT:USDT,7.576,270.0,7.575,847.0,7.582,1013.0,7.584,156.0
1753531807635,12:10:07.635,AR/USDT:USDT,7.576,270.0,7.575,847.0,7.582,1013.0,7.584,156.0
1753531807700,12:10:07.700,AR/USDT:USDT,7.576,270.0,7.575,847.0,7.582,1013.0,7.584,156.0
1753531807976,12:10:07.976,AR/USDT:USDT,7.576,270.0,7.575,847.0,7.582,1013.0,7.584,156.0
1753531808058,12:10:08.058,AR/USDT:USDT,7.576,270.0,7.575,847.0,7.583,1013.0,7.585,156.0
1753531808434,12:10:08.434,AR/USDT:USDT,7.576,324.0,7.575,847.0,7.583,1013.0,7.585,156.0
1753531808535,12:10:08.535,AR/USDT:USDT,7.576,270.0,7.575,847.0,7.583,1013.0,7.585,156.0
1753531808626,12:10:08.626,AR/USDT:USDT,7.576,270.0,7.575,847.0,7.583,1013.0,7.585,156.0
1753531808891,12:10:08.891,AR/USDT:USDT,7.576,665.0,7.575,847.0,7.584,1013.0,7.585,156.0
1753531808915,12:10:08.915,AR/USDT:USDT,7.576,395.0,7.575,451.0,7.584,1013.0,7.586,656.0
1753531809210,12:10:09.210,AR/USDT:USDT,7.576,395.0,7.575,451.0,7.584,1013.0,7.586,656.0
1753531809433,12:10:09.433,AR/USDT:USDT,7.576,449.0,7.575,451.0,7.584,1013.0,7.586,656.0
1753531809740,12:10:09.740,AR/USDT:USDT,7.576,395.0,7.575,451.0,7.584,1013.0,7.586,656.0
1753531810035,12:10:10.035,AR/USDT:USDT,7.576,395.0,7.575,451.0,7.584,1013.0,7.586,656.0
1753531810237,12:10:10.237,AR/USDT:USDT,7.576,449.0,7.575,451.0,7.584,1013.0,7.586,656.0
1753531810690,12:10:10.690,AR/USDT:USDT,7.576,449.0,7.575,451.0,7.586,656.0,7.587,674.0
1753531810781,12:10:10.781,AR/USDT:USDT,7.576,395.0,7.575,451.0,7.584,1013.0,7.586,500.0
1753531810871,12:10:10.871,AR/USDT:USDT,7.576,450.0,7.575,451.0,7.584,1013.0,7.586,656.0
1753531810976,12:10:10.976,AR/USDT:USDT,7.576,395.0,7.575,451.0,7.584,1013.0,7.586,656.0
1753531811037,12:10:11.037,AR/USDT:USDT,7.576,450.0,7.575,451.0,7.584,1013.0,7.586,656.0
1753531811269,12:10:11.269,AR/USDT:USDT,7.576,450.0,7.575,451.0,7.584,1013.0,7.586,656.0
1753531811299,12:10:11.299,AR/USDT:USDT,7.576,450.0,7.575,451.0,7.584,1013.0,7.586,656.0
1753531811476,12:10:11.476,AR/USDT:USDT,7.576,450.0,7.575,451.0,7.584,1013.0,7.586,500.0
1753531811506,12:10:11.506,AR/USDT:USDT,7.576,450.0,7.575,451.0,7.584,1013.0,7.586,656.0
1753531811835,12:10:11.835,AR/USDT:USDT,7.576,395.0,7.575,451.0,7.584,1013.0,7.586,656.0
1753531812038,12:10:12.038,AR/USDT:USDT,7.576,450.0,7.575,451.0,7.584,1013.0,7.586,656.0
1753531812136,12:10:12.136,AR/USDT:USDT,7.576,395.0,7.575,451.0,7.584,1013.0,7.586,656.0
1753531812235,12:10:12.235,AR/USDT:USDT,7.576,450.0,7.575,451.0,7.584,1013.0,7.586,656.0
1753531812592,12:10:12.592,AR/USDT:USDT,7.576,450.0,7.575,451.0,7.586,500.0,7.592,391.0
1753531812675,12:10:12.675,AR/USDT:USDT,7.578,421.0,7.576,55.0,7.588,70.0,7.589,70.0
1753531812786,12:10:12.786,AR/USDT:USDT,7.578,448.0,7.576,26.0,7.587,1083.0,7.589,156.0
1753531812885,12:10:12.885,AR/USDT:USDT,7.578,448.0,7.576,26.0,7.587,1083.0,7.589,156.0
1753531812899,12:10:12.899,AR/USDT:USDT,7.578,448.0,7.576,26.0,7.587,1083.0,7.589,156.0
1753531813006,12:10:13.006,AR/USDT:USDT,7.578,448.0,7.576,26.0,7.587,1083.0,7.589,156.0
1753531813340,12:10:13.340,AR/USDT:USDT,7.578,448.0,7.577,613.0,7.587,1083.0,7.589,156.0
1753531813475,12:10:13.475,AR/USDT:USDT,7.578,448.0,7.577,613.0,7.587,1083.0,7.589,156.0
1753531813555,12:10:13.555,AR/USDT:USDT,7.578,448.0,7.577,613.0,7.587,1013.0,7.589,156.0
1753531813600,12:10:13.600,AR/USDT:USDT,7.578,448.0,7.577,613.0,7.587,1013.0,7.589,156.0
1753531813762,12:10:13.762,AR/USDT:USDT,7.58,395.0,7.579,1148.0,7.587,1013.0,7.589,156.0
1753531813829,12:10:13.829,AR/USDT:USDT,7.58,395.0,7.579,1174.0,7.589,1013.0,7.591,656.0
1753531813976,12:10:13.976,AR/USDT:USDT,7.58,395.0,7.579,1148.0,7.587,70.0,7.589,156.0
1753531814002,12:10:14.002,AR/USDT:USDT,7.58,395.0,7.579,1148.0,7.587,70.0,7.589,156.0
1753531814266,12:10:14.266,AR/USDT:USDT,7.58,395.0,7.579,1148.0,7.587,70.0,7.589,156.0
1753531814877,12:10:14.877,AR/USDT:USDT,7.58,395.0,7.579,1148.0,7.585,70.0,7.586,70.0
1753531814990,12:10:14.990,AR/USDT:USDT,7.58,395.0,7.579,1148.0,7.585,70.0,7.586,1013.0
1753531815080,12:10:15.080,AR/USDT:USDT,7.58,395.0,7.579,1148.0,7.585,70.0,7.586,1013.0
1753531815150,12:10:15.150,AR/USDT:USDT,7.58,395.0,7.579,1148.0,7.586,1013.0,7.588,156.0
1753531815276,12:10:15.276,AR/USDT:USDT,7.58,395.0,7.579,1148.0,7.586,1013.0,7.588,156.0
1753531815522,12:10:15.522,AR/USDT:USDT,7.58,395.0,7.579,1148.0,7.586,1013.0,7.588,156.0
1753531815964,12:10:15.964,AR/USDT:USDT,7.58,395.0,7.579,1148.0,7.586,1013.0,7.588,156.0
1753531816072,12:10:16.072,AR/USDT:USDT,7.58,448.0,7.579,1148.0,7.586,1013.0,7.588,156.0
1753531816350,12:10:16.350,AR/USDT:USDT,7.58,448.0,7.579,1148.0,7.586,1013.0,7.588,156.0
1753531816726,12:10:16.726,AR/USDT:USDT,7.58,841.0,7.579,1148.0,7.586,1013.0,7.588,156.0
1753531817136,12:10:17.136,AR/USDT:USDT,7.58,841.0,7.579,1148.0,7.586,1013.0,7.588,156.0
1753531817282,12:10:17.282,AR/USDT:USDT,7.58,1105.0,7.579,1148.0,7.586,1013.0,7.591,500.0
1753531817338,12:10:17.338,AR/USDT:USDT,7.58,1105.0,7.579,1148.0,7.586,1013.0,7.588,155.0
1753531817479,12:10:17.479,AR/USDT:USDT,7.58,1268.0,7.579,1148.0,7.586,1013.0,7.588,155.0
1753531817571,12:10:17.571,AR/USDT:USDT,7.58,1268.0,7.579,1148.0,7.586,1013.0,7.588,155.0
1753531817972,12:10:17.972,AR/USDT:USDT,7.58,1431.0,7.579,1148.0,7.586,1013.0,7.588,155.0
1753531818386,12:10:18.386,AR/USDT:USDT,7.58,1431.0,7.579,1148.0,7.586,1013.0,7.588,155.0
1753531818575,12:10:18.575,AR/USDT:USDT,7.58,1431.0,7.579,1148.0,7.586,1013.0,7.588,155.0
1753531818595,12:10:18.595,AR/USDT:USDT,7.58,1431.0,7.579,1148.0,7.586,1013.0,7.588,155.0
1753531819255,12:10:19.255,AR/USDT:USDT,7.58,1431.0,7.579,1148.0,7.586,1013.0,7.588,155.0
1753531819636,12:10:19.636,AR/USDT:USDT,7.58,1431.0,7.579,1148.0,7.586,1013.0,7.588,155.0
1753531820403,12:10:20.403,AR/USDT:USDT,7.58,1431.0,7.579,1148.0,7.586,1013.0,7.588,155.0
1753531821191,12:10:21.191,AR/USDT:USDT,7.58,815.0,7.578,580.0,7.584,70.0,7.586,1195.0
1753531821291,12:10:21.291,AR/USDT:USDT,7.58,973.0,7.579,1038.0,7.586,1168.0,7.591,500.0
1753531821367,12:10:21.367,AR/USDT:USDT,7.58,907.0,7.579,1038.0,7.586,1013.0,7.588,155.0
1753531821438,12:10:21.438,AR/USDT:USDT,7.58,881.0,7.579,1038.0,7.586,1013.0,7.588,155.0
1753531821571,12:10:21.571,AR/USDT:USDT,7.58,815.0,7.579,1038.0,7.586,1013.0,7.588,155.0
1753531821678,12:10:21.678,AR/USDT:USDT,7.58,815.0,7.579,1038.0,7.586,1013.0,7.588,155.0
1753531821719,12:10:21.719,AR/USDT:USDT,7.58,815.0,7.579,1038.0,7.586,1013.0,7.588,155.0
1753531822017,12:10:22.017,AR/USDT:USDT,7.58,815.0,7.579,1038.0,7.586,1013.0,7.588,155.0
1753531822637,12:10:22.637,AR/USDT:USDT,7.58,815.0,7.579,1038.0,7.586,1013.0,7.588,155.0
1753531822868,12:10:22.868,AR/USDT:USDT,7.58,815.0,7.579,1038.0,7.586,1013.0,7.588,155.0
1753531822954,12:10:22.954,AR/USDT:USDT,7.58,815.0,7.579,1038.0,7.586,1013.0,7.588,155.0
1753531823075,12:10:23.075,AR/USDT:USDT,7.58,815.0,7.579,1038.0,7.586,1013.0,7.588,155.0
1753531823172,12:10:23.172,AR/USDT:USDT,7.58,815.0,7.579,1038.0,7.586,1013.0,7.588,155.0
1753531823282,12:10:23.282,AR/USDT:USDT,7.58,881.0,7.579,1038.0,7.586,1013.0,7.588,155.0
1753531823374,12:10:23.374,AR/USDT:USDT,7.58,881.0,7.579,1038.0,7.586,1013.0,7.588,155.0
1753531823462,12:10:23.462,AR/USDT:USDT,7.58,881.0,7.579,1038.0,7.586,1013.0,7.588,155.0
1753531823588,12:10:23.588,AR/USDT:USDT,7.58,815.0,7.579,1038.0,7.586,1013.0,7.588,155.0
1753531823664,12:10:23.664,AR/USDT:USDT,7.58,815.0,7.579,1038.0,7.586,1013.0,7.588,155.0
1753531823727,12:10:23.727,AR/USDT:USDT,7.58,815.0,7.579,1038.0,7.586,1013.0,7.588,155.0
1753531823828,12:10:23.828,AR/USDT:USDT,7.58,881.0,7.579,1038.0,7.586,1013.0,7.588,155.0
1753531823970,12:10:23.970,AR/USDT:USDT,7.58,1013.0,7.579,1038.0,7.586,1013.0,7.588,155.0
1753531824165,12:10:24.165,AR/USDT:USDT,7.58,1013.0,7.579,1038.0,7.586,1013.0,7.588,155.0
1753531824279,12:10:24.279,AR/USDT:USDT,7.58,881.0,7.579,1038.0,7.586,1013.0,7.588,155.0
1753531824386,12:10:24.386,AR/USDT:USDT,7.58,881.0,7.579,1038.0,7.586,1013.0,7.588,155.0
1753531824489,12:10:24.489,AR/USDT:USDT,7.58,881.0,7.579,1038.0,7.586,1013.0,7.588,155.0
1753531824534,12:10:24.534,AR/USDT:USDT,7.58,881.0,7.579,1038.0,7.586,1013.0,7.588,155.0
1753531824630,12:10:24.630,AR/USDT:USDT,7.58,881.0,7.579,1038.0,7.586,1013.0,7.588,155.0
1753531824982,12:10:24.982,AR/USDT:USDT,7.58,881.0,7.579,1038.0,7.584,70.0,7.586,1168.0
1753531825034,12:10:25.034,AR/USDT:USDT,7.58,881.0,7.579,1038.0,7.584,70.0,7.586,1168.0
1753531825377,12:10:25.377,AR/USDT:USDT,7.58,881.0,7.579,1038.0,7.584,70.0,7.586,1168.0
1753531825670,12:10:25.670,AR/USDT:USDT,7.58,881.0,7.579,1038.0,7.584,70.0,7.586,1168.0
1753531825786,12:10:25.786,AR/USDT:USDT,7.58,881.0,7.579,1038.0,7.586,1013.0,7.588,155.0
1753531825814,12:10:25.814,AR/USDT:USDT,7.58,881.0,7.579,1038.0,7.586,1013.0,7.588,155.0
1753531826083,12:10:26.083,AR/USDT:USDT,7.58,881.0,7.579,1039.0,7.586,1013.0,7.588,155.0
1753531826162,12:10:26.162,AR/USDT:USDT,7.58,947.0,7.579,1039.0,7.586,1013.0,7.588,155.0
1753531826234,12:10:26.234,AR/USDT:USDT,7.58,947.0,7.579,1039.0,7.586,1013.0,7.588,155.0
1753531827005,12:10:27.005,AR/USDT:USDT,7.58,947.0,7.579,1039.0,7.586,1013.0,7.588,155.0
1753531827469,12:10:27.469,AR/USDT:USDT,7.58,1013.0,7.579,1039.0,7.586,1013.0,7.588,155.0
1753531827567,12:10:27.567,AR/USDT:USDT,7.58,1308.0,7.579,1039.0,7.586,1013.0,7.588,155.0
1753531827646,12:10:27.646,AR/USDT:USDT,7.58,1308.0,7.579,1039.0,7.586,1013.0,7.588,155.0
1753531827802,12:10:27.802,AR/USDT:USDT,7.58,1308.0,7.579,1039.0,7.586,1013.0,7.588,155.0
1753531828317,12:10:28.317,AR/USDT:USDT,7.58,1308.0,7.579,1039.0,7.586,1013.0,7.588,155.0
1753531829132,12:10:29.132,AR/USDT:USDT,7.58,1308.0,7.579,1039.0,7.586,1013.0,7.588,155.0
1753531829224,12:10:29.224,AR/USDT:USDT,7.58,1308.0,7.579,1039.0,7.586,1013.0,7.588,155.0
1753531829590,12:10:29.590,AR/USDT:USDT,7.58,1308.0,7.579,1039.0,7.586,1013.0,7.588,155.0
1753531829655,12:10:29.655,AR/USDT:USDT,7.58,1242.0,7.579,1039.0,7.586,1013.0,7.588,155.0
1753531829952,12:10:29.952,AR/USDT:USDT,7.58,1334.0,7.579,1039.0,7.59,1013.0,7.591,500.0
1753531830088,12:10:30.088,AR/USDT:USDT,7.58,1308.0,7.579,1064.0,7.59,1013.0,7.591,500.0
1753531830165,12:10:30.165,AR/USDT:USDT,7.58,1374.0,7.579,1064.0,7.59,1013.0,7.591,500.0
1753531830290,12:10:30.290,AR/USDT:USDT,7.58,1308.0,7.579,1064.0,7.588,674.0,7.59,1013.0
1753531830379,12:10:30.379,AR/USDT:USDT,7.58,1242.0,7.579,1038.0,7.585,22.0,7.588,1687.0
1753531830452,12:10:30.452,AR/USDT:USDT,7.58,1242.0,7.579,1038.0,7.585,22.0,7.587,155.0
1753531830927,12:10:30.927,AR/USDT:USDT,7.58,1242.0,7.579,1038.0,7.588,1687.0,7.591,500.0
1753531831016,12:10:31.016,AR/USDT:USDT,7.58,1242.0,7.579,1038.0,7.588,1687.0,7.591,500.0
1753531831199,12:10:31.199,AR/USDT:USDT,7.58,1242.0,7.579,1038.0,7.588,1687.0,7.591,500.0
1753531832089,12:10:32.089,AR/USDT:USDT,7.581,399.0,7.58,1044.0,7.588,1687.0,7.591,500.0
1753531832429,12:10:32.429,AR/USDT:USDT,7.581,399.0,7.58,1044.0,7.588,1687.0,7.591,500.0
1753531832846,12:10:32.846,AR/USDT:USDT,7.581,399.0,7.58,1044.0,7.588,1687.0,7.591,500.0
1753531833414,12:10:33.414,AR/USDT:USDT,7.581,399.0,7.58,1044.0,7.588,1687.0,7.591,500.0
1753531833576,12:10:33.576,AR/USDT:USDT,7.581,399.0,7.58,1044.0,7.588,1713.0,7.591,500.0
1753531833649,12:10:33.649,AR/USDT:USDT,7.581,373.0,7.58,1044.0,7.588,1713.0,7.591,500.0
1753531833752,12:10:33.752,AR/USDT:USDT,7.581,399.0,7.58,1044.0,7.588,1713.0,7.591,500.0
1753531834024,12:10:34.024,AR/USDT:USDT,7.581,399.0,7.58,1044.0,7.588,1713.0,7.591,500.0
1753531834281,12:10:34.281,AR/USDT:USDT,7.581,531.0,7.58,1044.0,7.588,1687.0,7.591,500.0
1753531834346,12:10:34.346,AR/USDT:USDT,7.581,399.0,7.58,1044.0,7.588,1687.0,7.591,500.0
1753531834465,12:10:34.465,AR/USDT:USDT,7.581,399.0,7.58,1044.0,7.588,1687.0,7.591,500.0
1753531834506,12:10:34.506,AR/USDT:USDT,7.581,465.0,7.58,1044.0,7.588,1687.0,7.591,500.0
1753531834763,12:10:34.763,AR/USDT:USDT,7.581,465.0,7.58,1044.0,7.588,1687.0,7.591,500.0
1753531835055,12:10:35.055,AR/USDT:USDT,7.581,465.0,7.58,1044.0,7.588,1687.0,7.591,500.0
1753531835099,12:10:35.099,AR/USDT:USDT,7.581,465.0,7.58,1044.0,7.588,1687.0,7.591,500.0
1753531835445,12:10:35.445,AR/USDT:USDT,7.581,538.0,7.58,1044.0,7.588,1687.0,7.591,500.0
1753531835505,12:10:35.505,AR/USDT:USDT,7.581,611.0,7.58,1044.0,7.588,1687.0,7.591,500.0
1753531835648,12:10:35.648,AR/USDT:USDT,7.581,465.0,7.58,1044.0,7.588,1687.0,7.591,500.0
1753531836339,12:10:36.339,AR/USDT:USDT,7.581,465.0,7.58,1044.0,7.588,1687.0,7.591,500.0
1753531836488,12:10:36.488,AR/USDT:USDT,7.581,465.0,7.58,1044.0,7.588,1687.0,7.591,500.0
1753531837135,12:10:37.135,AR/USDT:USDT,7.581,373.0,7.58,1044.0,7.588,1687.0,7.591,500.0
1753531837266,12:10:37.266,AR/USDT:USDT,7.578,26.0,7.577,1.0,7.587,500.0,7.588,1687.0
1753531837376,12:10:37.376,AR/USDT:USDT,7.578,26.0,7.577,1011.0,7.586,1013.0,7.587,500.0
1753531837444,12:10:37.444,AR/USDT:USDT,7.577,1126.0,7.576,3370.0,7.586,1013.0,7.587,500.0
1753531837665,12:10:37.665,AR/USDT:USDT,7.577,1126.0,7.576,3370.0,7.586,1013.0,7.587,500.0
1753531837758,12:10:37.758,AR/USDT:USDT,7.577,1126.0,7.576,3370.0,7.586,1013.0,7.587,500.0
1753531838072,12:10:38.072,AR/USDT:USDT,7.577,1126.0,7.576,3370.0,7.586,1013.0,7.587,500.0
1753531838490,12:10:38.490,AR/USDT:USDT,7.577,1126.0,7.576,3370.0,7.586,1013.0,7.587,500.0
1753531838496,12:10:38.496,AR/USDT:USDT,7.577,1126.0,7.576,3370.0,7.586,1013.0,7.587,500.0
1753531838593,12:10:38.593,AR/USDT:USDT,7.577,1126.0,7.576,3370.0,7.586,1013.0,7.587,500.0
1753531838708,12:10:38.708,AR/USDT:USDT,7.577,1158.0,7.576,3370.0,7.586,1013.0,7.587,500.0
1753531838835,12:10:38.835,AR/USDT:USDT,7.577,1158.0,7.576,3370.0,7.586,1013.0,7.587,500.0
1753531838903,12:10:38.903,AR/USDT:USDT,7.577,1158.0,7.576,3370.0,7.586,1013.0,7.587,500.0
1753531839192,12:10:39.192,AR/USDT:USDT,7.577,1305.0,7.576,3370.0,7.586,1013.0,7.587,500.0
1753531839359,12:10:39.359,AR/USDT:USDT,7.577,1011.0,7.576,3370.0,7.586,1513.0,7.588,674.0
1753531839413,12:10:39.413,AR/USDT:USDT,7.577,1011.0,7.576,3370.0,7.586,1513.0,7.588,674.0
1753531840015,12:10:40.015,AR/USDT:USDT,7.577,1011.0,7.576,3370.0,7.586,1513.0,7.588,674.0
1753531840095,12:10:40.095,AR/USDT:USDT,7.577,1011.0,7.576,3370.0,7.586,1513.0,7.588,674.0
1753531840230,12:10:40.230,AR/USDT:USDT,7.577,1011.0,7.576,3370.0,7.586,1513.0,7.588,674.0
1753531841092,12:10:41.092,AR/USDT:USDT,7.577,1158.0,7.576,3370.0,7.586,1513.0,7.588,674.0
1753531841092,12:10:41.092,AR/USDT:USDT,7.577,1158.0,7.576,3370.0,7.586,1513.0,7.588,674.0
1753531841452,12:10:41.452,AR/USDT:USDT,7.577,1158.0,7.576,3370.0,7.586,1513.0,7.588,674.0
1753531841777,12:10:41.777,AR/USDT:USDT,7.577,1011.0,7.576,3370.0,7.586,1513.0,7.588,674.0
1753531841797,12:10:41.797,AR/USDT:USDT,7.577,1011.0,7.576,3370.0,7.586,1513.0,7.588,674.0
1753531841926,12:10:41.926,AR/USDT:USDT,7.577,1077.0,7.576,3370.0,7.586,1513.0,7.588,674.0
1753531842268,12:10:42.268,AR/USDT:USDT,7.577,1077.0,7.576,3370.0,7.586,1513.0,7.588,674.0
1753531842758,12:10:42.758,AR/USDT:USDT,7.577,1077.0,7.576,3370.0,7.586,1513.0,7.588,674.0
1753531843121,12:10:43.121,AR/USDT:USDT,7.577,1077.0,7.576,3370.0,7.586,1513.0,7.588,674.0
1753531843497,12:10:43.497,AR/USDT:USDT,7.577,1077.0,7.576,3370.0,7.586,1513.0,7.588,674.0
1753531843625,12:10:43.625,AR/USDT:USDT,7.577,1077.0,7.576,3370.0,7.586,1513.0,7.588,674.0
1753531844283,12:10:44.283,AR/USDT:USDT,7.577,1077.0,7.576,3370.0,7.586,1513.0,7.588,674.0
1753531844325,12:10:44.325,AR/USDT:USDT,7.577,1077.0,7.576,3370.0,7.586,1513.0,7.588,674.0
1753531844576,12:10:44.576,AR/USDT:USDT,7.577,1472.0,7.576,3370.0,7.586,1513.0,7.591,94.0
1753531844629,12:10:44.629,AR/USDT:USDT,7.577,1472.0,7.576,3370.0,7.586,1513.0,7.591,94.0
1753531844784,12:10:44.784,AR/USDT:USDT,7.577,1472.0,7.576,3370.0,7.586,1513.0,7.591,94.0
1753531844802,12:10:44.802,AR/USDT:USDT,7.577,1472.0,7.576,3370.0,7.586,1513.0,7.591,94.0
1753531844915,12:10:44.915,AR/USDT:USDT,7.577,1472.0,7.576,3370.0,7.586,1513.0,7.591,94.0
1753531845073,12:10:45.073,AR/USDT:USDT,7.577,1472.0,7.576,3370.0,7.586,1513.0,7.591,94.0
1753531845122,12:10:45.122,AR/USDT:USDT,7.577,1472.0,7.576,3370.0,7.586,1513.0,7.591,94.0
1753531846040,12:10:46.040,AR/USDT:USDT,7.577,1529.0,7.576,3370.0,7.586,1513.0,7.591,94.0
1753531846350,12:10:46.350,AR/USDT:USDT,7.577,1529.0,7.576,3370.0,7.586,1513.0,7.591,94.0
1753531846459,12:10:46.459,AR/USDT:USDT,7.578,562.0,7.577,1011.0,7.59,1513.0,7.592,94.0
1753531846562,12:10:46.562,AR/USDT:USDT,7.578,536.0,7.577,1037.0,7.588,674.0,7.59,1513.0
1753531846600,12:10:46.600,AR/USDT:USDT,7.578,536.0,7.577,1037.0,7.588,1687.0,7.59,500.0
1753531846768,12:10:46.768,AR/USDT:USDT,7.578,536.0,7.577,1037.0,7.588,1687.0,7.59,500.0
1753531846975,12:10:46.975,AR/USDT:USDT,7.578,536.0,7.577,1490.0,7.588,1013.0,7.59,500.0
1753531847023,12:10:47.023,AR/USDT:USDT,7.578,536.0,7.577,1491.0,7.588,1013.0,7.59,500.0
1753531847188,12:10:47.188,AR/USDT:USDT,7.578,536.0,7.577,1491.0,7.588,1013.0,7.59,500.0
1753531847586,12:10:47.586,AR/USDT:USDT,7.578,461.0,7.577,1491.0,7.588,674.0,7.589,1013.0
1753531847602,12:10:47.602,AR/USDT:USDT,7.578,461.0,7.577,1491.0,7.588,674.0,7.589,1013.0
1753531847772,12:10:47.772,AR/USDT:USDT,7.578,487.0,7.577,1465.0,7.589,1013.0,7.59,500.0
1753531848019,12:10:48.019,AR/USDT:USDT,7.578,487.0,7.577,1465.0,7.589,1013.0,7.59,500.0
1753531848255,12:10:48.255,AR/USDT:USDT,7.578,553.0,7.577,1465.0,7.589,1013.0,7.59,500.0
1753531848318,12:10:48.318,AR/USDT:USDT,7.578,619.0,7.577,1465.0,7.589,1013.0,7.59,500.0
1753531848435,12:10:48.435,AR/USDT:USDT,7.578,619.0,7.577,1465.0,7.589,1013.0,7.59,500.0
1753531849156,12:10:49.156,AR/USDT:USDT,7.578,619.0,7.577,1465.0,7.589,1013.0,7.59,500.0
1753531849235,12:10:49.235,AR/USDT:USDT,7.579,266.0,7.578,887.0,7.589,1013.0,7.59,500.0
1753531849380,12:10:49.380,AR/USDT:USDT,7.578,461.0,7.577,480.0,7.587,700.0,7.589,1013.0
1753531849487,12:10:49.487,AR/USDT:USDT,7.578,637.0,7.576,26.0,7.587,700.0,7.589,1013.0
1753531849560,12:10:49.560,AR/USDT:USDT,7.578,637.0,7.576,1040.0,7.587,700.0,7.588,304.0
1753531849656,12:10:49.656,AR/USDT:USDT,7.578,637.0,7.576,1040.0,7.587,700.0,7.588,304.0
1753531849772,12:10:49.772,AR/USDT:USDT,7.578,527.0,7.576,1040.0,7.589,1013.0,7.59,500.0
1753531849822,12:10:49.822,AR/USDT:USDT,7.578,685.0,7.576,1014.0,7.588,674.0,7.589,1013.0
1753531849944,12:10:49.944,AR/USDT:USDT,7.578,725.0,7.577,26.0,7.588,674.0,7.589,1013.0
1753531850074,12:10:50.074,AR/USDT:USDT,7.578,751.0,7.576,1014.0,7.589,1013.0,7.59,500.0
1753531851003,12:10:51.003,AR/USDT:USDT,7.578,751.0,7.576,1014.0,7.589,1013.0,7.59,500.0
1753531851292,12:10:51.292,AR/USDT:USDT,7.578,751.0,7.576,1014.0,7.589,1013.0,7.59,500.0
1753531851292,12:10:51.292,AR/USDT:USDT,7.578,751.0,7.576,1014.0,7.589,1013.0,7.59,500.0
1753531851716,12:10:51.716,AR/USDT:USDT,7.578,751.0,7.576,1014.0,7.589,1013.0,7.59,500.0
1753531851806,12:10:51.806,AR/USDT:USDT,7.578,751.0,7.576,1014.0,7.589,1013.0,7.59,500.0
1753531852113,12:10:52.113,AR/USDT:USDT,7.578,751.0,7.576,1014.0,7.589,1013.0,7.59,500.0
1753531852455,12:10:52.455,AR/USDT:USDT,7.578,751.0,7.576,1014.0,7.589,1013.0,7.594,593.0
1753531853235,12:10:53.235,AR/USDT:USDT,7.578,751.0,7.576,1014.0,7.589,1013.0,7.594,593.0
1753531853355,12:10:53.355,AR/USDT:USDT,7.578,751.0,7.576,1014.0,7.592,304.0,7.593,1013.0
1753531853434,12:10:53.434,AR/USDT:USDT,7.578,751.0,7.576,1014.0,7.59,265.0,7.591,1013.0
1753531853515,12:10:53.515,AR/USDT:USDT,7.578,751.0,7.576,1014.0,7.589,1013.0,7.594,593.0
1753531854772,12:10:54.772,AR/USDT:USDT,7.578,817.0,7.576,1014.0,7.589,1013.0,7.594,593.0
1753531856481,12:10:56.481,AR/USDT:USDT,7.578,817.0,7.576,1466.0,7.589,1013.0,7.594,593.0
1753531856495,12:10:56.495,AR/USDT:USDT,7.578,817.0,7.576,1466.0,7.589,1013.0,7.594,593.0
1753531856955,12:10:56.955,AR/USDT:USDT,7.578,817.0,7.576,1467.0,7.589,1013.0,7.594,593.0
1753531857093,12:10:57.093,AR/USDT:USDT,7.578,817.0,7.576,1467.0,7.593,1013.0,7.594,593.0
1753531857155,12:10:57.155,AR/USDT:USDT,7.578,817.0,7.576,2970.0,7.592,804.0,7.593,1013.0
1753531857476,12:10:57.476,AR/USDT:USDT,7.578,824.0,7.576,2970.0,7.591,1013.0,7.592,500.0
1753531857535,12:10:57.535,AR/USDT:USDT,7.578,817.0,7.576,2970.0,7.591,1013.0,7.592,500.0
1753531857713,12:10:57.713,AR/USDT:USDT,7.578,817.0,7.576,2970.0,7.591,1013.0,7.592,500.0
1753531858035,12:10:58.035,AR/USDT:USDT,7.578,817.0,7.576,2970.0,7.591,1013.0,7.592,500.0
1753531858765,12:10:58.765,AR/USDT:USDT,7.579,265.0,7.578,883.0,7.591,1013.0,7.592,500.0
1753531858855,12:10:58.855,AR/USDT:USDT,7.582,1039.0,7.581,3799.0,7.591,1039.0,7.592,500.0
1753531859036,12:10:59.036,AR/USDT:USDT,7.582,1066.0,7.581,3799.0,7.591,1066.0,7.592,500.0
1753531859191,12:10:59.191,AR/USDT:USDT,7.582,1066.0,7.581,3799.0,7.591,1066.0,7.592,500.0
1753531859247,12:10:59.247,AR/USDT:USDT,7.582,1066.0,7.581,3799.0,7.591,1066.0,7.592,500.0
1753531859438,12:10:59.438,AR/USDT:USDT,7.582,1066.0,7.581,3799.0,7.591,1066.0,7.592,500.0
1753531859877,12:10:59.877,AR/USDT:USDT,7.582,1132.0,7.581,3799.0,7.591,1066.0,7.592,500.0
1753531859945,12:10:59.945,AR/USDT:USDT,7.582,1132.0,7.581,3799.0,7.591,1066.0,7.592,500.0
1753531860462,12:11:00.462,AR/USDT:USDT,7.582,1132.0,7.581,3773.0,7.59,1013.0,7.591,53.0
1753531860749,12:11:00.749,AR/USDT:USDT,7.582,1198.0,7.581,3773.0,7.59,1013.0,7.591,53.0
1753531860838,12:11:00.838,AR/USDT:USDT,7.582,1132.0,7.581,3773.0,7.59,1013.0,7.591,53.0
1753531861783,12:11:01.783,AR/USDT:USDT,7.582,1132.0,7.581,3773.0,7.59,1013.0,7.591,53.0
1753531861851,12:11:01.851,AR/USDT:USDT,7.582,1198.0,7.581,3773.0,7.59,1013.0,7.591,53.0
1753531861981,12:11:01.981,AR/USDT:USDT,7.582,1198.0,7.581,3773.0,7.59,1013.0,7.591,53.0
1753531862074,12:11:02.074,AR/USDT:USDT,7.582,1198.0,7.581,3773.0,7.59,1013.0,7.591,53.0
1753531862268,12:11:02.268,AR/USDT:USDT,7.582,1264.0,7.581,3773.0,7.59,1013.0,7.591,53.0
1753531862827,12:11:02.827,AR/USDT:USDT,7.582,1264.0,7.581,3773.0,7.59,1013.0,7.591,53.0
1753531862933,12:11:02.933,AR/USDT:USDT,7.582,1264.0,7.581,3773.0,7.59,1013.0,7.591,53.0
1753531863979,12:11:03.979,AR/USDT:USDT,7.582,1264.0,7.581,3773.0,7.59,1013.0,7.591,53.0
1753531864308,12:11:04.308,AR/USDT:USDT,7.582,1435.0,7.581,3773.0,7.59,1013.0,7.591,53.0
1753531865278,12:11:05.278,AR/USDT:USDT,7.582,1382.0,7.581,3773.0,7.59,1013.0,7.591,53.0
1753531865319,12:11:05.319,AR/USDT:USDT,7.582,1013.0,7.581,3773.0,7.59,1013.0,7.591,53.0
1753531865888,12:11:05.888,AR/USDT:USDT,7.582,1079.0,7.581,3773.0,7.59,1013.0,7.591,53.0
1753531866139,12:11:06.139,AR/USDT:USDT,7.582,1145.0,7.581,3773.0,7.59,1013.0,7.591,53.0
1753531866220,12:11:06.220,AR/USDT:USDT,7.582,1211.0,7.581,3773.0,7.59,1013.0,7.591,53.0
1753531867004,12:11:07.004,AR/USDT:USDT,7.582,1211.0,7.581,3773.0,7.59,1013.0,7.591,53.0
1753531867153,12:11:07.153,AR/USDT:USDT,7.584,28.0,7.582,1013.0,7.59,1013.0,7.591,53.0
1753531867290,12:11:07.290,AR/USDT:USDT,7.584,28.0,7.582,1013.0,7.59,1013.0,7.591,53.0
1753531867489,12:11:07.489,AR/USDT:USDT,7.584,28.0,7.582,1013.0,7.59,1013.0,7.591,53.0
1753531867503,12:11:07.503,AR/USDT:USDT,7.584,28.0,7.582,1013.0,7.59,1013.0,7.591,53.0
1753531867628,12:11:07.628,AR/USDT:USDT,7.584,28.0,7.582,1013.0,7.59,1013.0,7.591,53.0
1753531868380,12:11:08.380,AR/USDT:USDT,7.584,1.0,7.582,1013.0,7.59,1013.0,7.591,53.0
1753531868401,12:11:08.401,AR/USDT:USDT,7.584,1.0,7.582,1013.0,7.59,1013.0,7.591,53.0
1753531871853,12:11:11.853,AR/USDT:USDT,7.584,1.0,7.582,1013.0,7.59,1013.0,7.591,53.0
1753531872426,12:11:12.426,AR/USDT:USDT,7.584,1.0,7.582,1013.0,7.59,1013.0,7.591,53.0
1753531872675,12:11:12.675,AR/USDT:USDT,7.584,1.0,7.582,1013.0,7.59,1513.0,7.591,53.0
1753531872700,12:11:12.700,AR/USDT:USDT,7.584,1.0,7.582,1013.0,7.59,1513.0,7.591,53.0
1753531873656,12:11:13.656,AR/USDT:USDT,7.584,54.0,7.582,1013.0,7.59,1513.0,7.591,53.0
1753531873697,12:11:13.697,AR/USDT:USDT,7.584,54.0,7.582,1013.0,7.59,1513.0,7.591,53.0
1753531873861,12:11:13.861,AR/USDT:USDT,7.584,1.0,7.582,1013.0,7.59,1513.0,7.591,53.0
1753531874003,12:11:14.003,AR/USDT:USDT,7.584,1.0,7.582,1013.0,7.59,1513.0,7.591,53.0
1753531874317,12:11:14.317,AR/USDT:USDT,7.584,1.0,7.582,1013.0,7.59,1513.0,7.591,53.0
1753531874586,12:11:14.586,AR/USDT:USDT,7.584,28.0,7.582,1013.0,7.59,1513.0,7.591,53.0
1753531874685,12:11:14.685,AR/USDT:USDT,7.584,27.0,7.582,1013.0,7.59,1513.0,7.591,53.0
1753531874761,12:11:14.761,AR/USDT:USDT,7.584,54.0,7.582,1013.0,7.59,1513.0,7.591,53.0
1753531875161,12:11:15.161,AR/USDT:USDT,7.584,28.0,7.582,1013.0,7.59,1513.0,7.591,53.0
1753531875237,12:11:15.237,AR/USDT:USDT,7.584,54.0,7.582,1013.0,7.59,1513.0,7.591,53.0
1753531875660,12:11:15.660,AR/USDT:USDT,7.584,28.0,7.582,1013.0,7.59,1513.0,7.591,53.0
1753531876262,12:11:16.262,AR/USDT:USDT,7.584,28.0,7.582,1013.0,7.59,1513.0,7.591,53.0
1753531876589,12:11:16.589,AR/USDT:USDT,7.584,1.0,7.582,1013.0,7.59,1513.0,7.591,53.0
1753531876822,12:11:16.822,AR/USDT:USDT,7.582,1013.0,7.581,3773.0,7.59,1513.0,7.591,53.0
1753531876915,12:11:16.915,AR/USDT:USDT,7.582,1013.0,7.581,3773.0,7.589,1013.0,7.59,500.0
1753531877226,12:11:17.226,AR/USDT:USDT,7.582,1039.0,7.581,3773.0,7.589,1013.0,7.59,500.0
1753531878821,12:11:18.821,AR/USDT:USDT,7.582,1367.0,7.581,3773.0,7.589,1013.0,7.59,500.0
1753531879042,12:11:19.042,AR/USDT:USDT,7.582,1341.0,7.581,3773.0,7.589,1013.0,7.59,500.0
1753531879148,12:11:19.148,AR/USDT:USDT,7.582,1341.0,7.581,3773.0,7.589,1013.0,7.59,500.0
1753531881170,12:11:21.170,AR/USDT:USDT,7.582,1341.0,7.581,3773.0,7.589,1013.0,7.59,500.0
1753531881380,12:11:21.380,AR/USDT:USDT,7.582,1341.0,7.581,3773.0,7.589,1513.0,7.591,26.0
1753531882026,12:11:22.026,AR/USDT:USDT,7.582,1341.0,7.581,3773.0,7.589,1513.0,7.591,26.0
1753531885068,12:11:25.068,AR/USDT:USDT,7.582,1341.0,7.581,3773.0,7.589,1513.0,7.593,332.0
1753531885460,12:11:25.460,AR/USDT:USDT,7.582,1341.0,7.581,3773.0,7.589,1513.0,7.593,332.0
1753531885877,12:11:25.877,AR/USDT:USDT,7.582,1341.0,7.581,3773.0,7.589,1513.0,7.593,332.0
1753531886005,12:11:26.005,AR/USDT:USDT,7.582,1341.0,7.581,3773.0,7.589,1513.0,7.593,332.0
1753531886835,12:11:26.835,AR/USDT:USDT,7.582,1341.0,7.581,3773.0,7.589,1513.0,7.593,332.0
1753531887156,12:11:27.156,AR/USDT:USDT,7.582,1394.0,7.581,3773.0,7.588,1040.0,7.589,500.0
1753531887241,12:11:27.241,AR/USDT:USDT,7.582,1394.0,7.581,3773.0,7.588,1040.0,7.589,500.0
1753531887657,12:11:27.657,AR/USDT:USDT,7.582,1394.0,7.581,3773.0,7.588,1066.0,7.589,500.0
1753531888009,12:11:28.009,AR/USDT:USDT,7.582,1394.0,7.581,3773.0,7.588,1066.0,7.589,500.0
1753531889789,12:11:29.789,AR/USDT:USDT,7.582,1394.0,7.581,3773.0,7.588,1066.0,7.589,500.0
1753531889796,12:11:29.796,AR/USDT:USDT,7.582,1394.0,7.581,3773.0,7.588,1066.0,7.589,500.0
1753531891002,12:11:31.002,AR/USDT:USDT,7.582,1394.0,7.581,3773.0,7.588,1066.0,7.589,500.0
1753531891412,12:11:31.412,AR/USDT:USDT,7.582,1394.0,7.581,3773.0,7.588,1066.0,7.589,500.0
1753531891627,12:11:31.627,AR/USDT:USDT,7.582,1394.0,7.581,3773.0,7.588,1066.0,7.589,500.0
1753531891937,12:11:31.937,AR/USDT:USDT,7.582,1394.0,7.581,3773.0,7.588,1066.0,7.589,500.0
1753531892474,12:11:32.474,AR/USDT:USDT,7.582,1341.0,7.581,3773.0,7.588,1066.0,7.589,500.0
1753531892670,12:11:32.670,AR/USDT:USDT,7.576,422.0,7.573,2846.0,7.587,2187.0,7.588,53.0
1753531892721,12:11:32.721,AR/USDT:USDT,7.578,1004.0,7.577,3347.0,7.587,2187.0,7.588,53.0
1753531892878,12:11:32.878,AR/USDT:USDT,7.578,1004.0,7.577,3347.0,7.587,2187.0,7.588,53.0
1753531892932,12:11:32.932,AR/USDT:USDT,7.578,1004.0,7.577,3347.0,7.587,2187.0,7.588,53.0
1753531893062,12:11:33.062,AR/USDT:USDT,7.578,1004.0,7.577,3347.0,7.586,1013.0,7.587,1174.0
1753531893280,12:11:33.280,AR/USDT:USDT,7.578,1004.0,7.577,3373.0,7.586,1013.0,7.587,1174.0
1753531893354,12:11:33.354,AR/USDT:USDT,7.578,1004.0,7.577,3347.0,7.586,1013.0,7.587,1174.0
1753531895410,12:11:35.410,AR/USDT:USDT,7.578,1336.0,7.577,3347.0,7.586,1013.0,7.587,1174.0
1753531896462,12:11:36.462,AR/USDT:USDT,7.578,1336.0,7.577,3347.0,7.586,1013.0,7.587,1174.0
1753531896570,12:11:36.570,AR/USDT:USDT,7.578,1336.0,7.577,3347.0,7.586,1013.0,7.587,1174.0
1753531896642,12:11:36.642,AR/USDT:USDT,7.578,1336.0,7.577,3347.0,7.586,1013.0,7.587,1174.0
1753531898072,12:11:38.072,AR/USDT:USDT,7.578,1402.0,7.577,3347.0,7.586,1013.0,7.587,1174.0
1753531898157,12:11:38.157,AR/USDT:USDT,7.578,1336.0,7.577,3347.0,7.586,1013.0,7.587,1174.0
1753531898464,12:11:38.464,AR/USDT:USDT,7.578,1336.0,7.577,3347.0,7.586,1013.0,7.587,1174.0
1753531900013,12:11:40.013,AR/USDT:USDT,7.578,1336.0,7.577,3347.0,7.586,1013.0,7.587,1174.0
1753531901227,12:11:41.227,AR/USDT:USDT,7.578,1336.0,7.577,3347.0,7.586,1013.0,7.587,1174.0
1753531901629,12:11:41.629,AR/USDT:USDT,7.578,1336.0,7.577,3347.0,7.586,1513.0,7.587,674.0
1753531903158,12:11:43.158,AR/USDT:USDT,7.578,1336.0,7.577,3347.0,7.586,1513.0,7.587,674.0
1753531905051,12:11:45.051,AR/USDT:USDT,7.578,1336.0,7.577,3347.0,7.586,1513.0,7.587,674.0
1753531906027,12:11:46.027,AR/USDT:USDT,7.578,1336.0,7.577,3347.0,7.586,1513.0,7.587,674.0
1753531906487,12:11:46.487,AR/USDT:USDT,7.578,1336.0,7.577,3347.0,7.586,1513.0,7.592,94.0
1753531907424,12:11:47.424,AR/USDT:USDT,7.578,1336.0,7.577,3347.0,7.585,1013.0,7.586,500.0
1753531907569,12:11:47.569,AR/USDT:USDT,7.578,1336.0,7.577,3347.0,7.585,1013.0,7.586,500.0
1753531907858,12:11:47.858,AR/USDT:USDT,7.578,1336.0,7.577,3347.0,7.585,1013.0,7.586,500.0
1753531908005,12:11:48.005,AR/USDT:USDT,7.578,1336.0,7.577,3347.0,7.585,1013.0,7.586,500.0
