timestamp,time,symbol,bid1_price,bid1_volume,bid2_price,bid2_volume,ask1_price,ask1_volume,ask2_price,ask2_volume
1753531601000,12:06:41.000,BANANA/USDT:USDT,29.59,48.0,29.58,127.0,29.62,1.0,29.63,202.0
1753531601291,12:06:41.291,BANANA/USDT:USDT,29.59,48.0,29.58,127.0,29.62,1.0,29.63,202.0
1753531602283,12:06:42.283,BANANA/USDT:USDT,29.59,48.0,29.58,127.0,29.62,104.0,29.63,202.0
1753531603969,12:06:43.969,BANANA/USDT:USDT,29.59,44.0,29.58,127.0,29.62,104.0,29.63,202.0
1753531604671,12:06:44.671,BANANA/USDT:USDT,29.56,101.0,29.55,245.0,29.61,40.0,29.62,496.0
1753531604926,12:06:44.926,BANANA/USDT:USDT,29.55,402.0,29.54,892.0,29.6,41.0,29.61,312.0
1753531605039,12:06:45.039,BANANA/USDT:USDT,29.57,9.0,29.56,33.0,29.6,43.0,29.61,312.0
1753531605102,12:06:45.102,BANANA/USDT:USDT,29.57,9.0,29.56,33.0,29.6,45.0,29.61,312.0
1753531605345,12:06:45.345,BANANA/USDT:USDT,29.57,9.0,29.56,33.0,29.6,45.0,29.61,312.0
1753531606614,12:06:46.614,BANANA/USDT:USDT,29.57,9.0,29.56,33.0,29.6,151.0,29.61,867.0
1753531609670,12:06:49.670,BANANA/USDT:USDT,29.57,9.0,29.56,33.0,29.6,151.0,29.61,867.0
1753531609675,12:06:49.675,BANANA/USDT:USDT,29.57,9.0,29.56,33.0,29.6,151.0,29.61,867.0
1753531609966,12:06:49.966,BANANA/USDT:USDT,29.57,9.0,29.56,33.0,29.6,153.0,29.61,867.0
1753531610307,12:06:50.307,BANANA/USDT:USDT,29.57,9.0,29.56,33.0,29.6,151.0,29.61,867.0
1753531610538,12:06:50.538,BANANA/USDT:USDT,29.57,9.0,29.56,33.0,29.6,151.0,29.61,867.0
1753531613505,12:06:53.505,BANANA/USDT:USDT,29.57,9.0,29.56,73.0,29.6,151.0,29.61,867.0
1753531613767,12:06:53.767,BANANA/USDT:USDT,29.57,9.0,29.56,73.0,29.6,151.0,29.61,867.0
1753531613781,12:06:53.781,BANANA/USDT:USDT,29.57,9.0,29.56,73.0,29.6,151.0,29.61,867.0
1753531614462,12:06:54.462,BANANA/USDT:USDT,29.57,9.0,29.56,73.0,29.6,151.0,29.61,867.0
1753531619028,12:06:59.028,BANANA/USDT:USDT,29.57,9.0,29.56,73.0,29.6,151.0,29.61,867.0
1753531619263,12:06:59.263,BANANA/USDT:USDT,29.57,9.0,29.56,73.0,29.6,151.0,29.61,867.0
1753531619534,12:06:59.534,BANANA/USDT:USDT,29.57,9.0,29.56,73.0,29.6,254.0,29.61,867.0
1753531621333,12:07:01.333,BANANA/USDT:USDT,29.6,1.0,29.59,72.0,29.62,44.0,29.63,448.0
1753531621470,12:07:01.470,BANANA/USDT:USDT,29.6,1.0,29.59,72.0,29.62,46.0,29.63,448.0
1753531622865,12:07:02.865,BANANA/USDT:USDT,29.6,1.0,29.58,115.0,29.62,46.0,29.63,448.0
1753531623158,12:07:03.158,BANANA/USDT:USDT,29.58,115.0,29.57,461.0,29.61,1.0,29.62,594.0
1753531623242,12:07:03.242,BANANA/USDT:USDT,29.6,4.0,29.59,33.0,29.61,1.0,29.62,598.0
1753531624063,12:07:04.063,BANANA/USDT:USDT,29.59,33.0,29.58,147.0,29.61,1.0,29.62,598.0
1753531624077,12:07:04.077,BANANA/USDT:USDT,29.59,32.0,29.58,147.0,29.61,1.0,29.62,598.0
1753531624442,12:07:04.442,BANANA/USDT:USDT,29.59,32.0,29.58,147.0,29.61,1.0,29.62,598.0
1753531624862,12:07:04.862,BANANA/USDT:USDT,29.59,32.0,29.58,147.0,29.61,1.0,29.62,598.0
1753531625011,12:07:05.011,BANANA/USDT:USDT,29.59,32.0,29.58,147.0,29.61,3.0,29.62,596.0
1753531625234,12:07:05.234,BANANA/USDT:USDT,29.59,34.0,29.58,147.0,29.61,1.0,29.62,596.0
1753531625601,12:07:05.601,BANANA/USDT:USDT,29.59,32.0,29.58,147.0,29.61,1.0,29.62,596.0
1753531628153,12:07:08.153,BANANA/USDT:USDT,29.59,34.0,29.58,147.0,29.61,1.0,29.62,596.0
1753531628457,12:07:08.457,BANANA/USDT:USDT,29.59,34.0,29.58,147.0,29.61,1.0,29.62,596.0
1753531628561,12:07:08.561,BANANA/USDT:USDT,29.59,36.0,29.58,147.0,29.61,1.0,29.62,596.0
1753531629059,12:07:09.059,BANANA/USDT:USDT,29.59,32.0,29.58,147.0,29.61,1.0,29.62,596.0
1753531629555,12:07:09.555,BANANA/USDT:USDT,29.59,36.0,29.58,147.0,29.61,1.0,29.62,596.0
1753531629662,12:07:09.662,BANANA/USDT:USDT,29.59,36.0,29.58,147.0,29.61,1.0,29.62,596.0
1753531630014,12:07:10.014,BANANA/USDT:USDT,29.59,36.0,29.58,147.0,29.61,1.0,29.62,594.0
1753531630157,12:07:10.157,BANANA/USDT:USDT,29.59,137.0,29.58,147.0,29.61,1.0,29.64,174.0
1753531630244,12:07:10.244,BANANA/USDT:USDT,29.62,4.0,29.6,44.0,29.63,1.0,29.64,174.0
1753531630370,12:07:10.370,BANANA/USDT:USDT,29.62,4.0,29.61,33.0,29.63,1.0,29.64,174.0
1753531630397,12:07:10.397,BANANA/USDT:USDT,29.61,37.0,29.6,72.0,29.63,1.0,29.64,174.0
1753531630503,12:07:10.503,BANANA/USDT:USDT,29.61,32.0,29.6,72.0,29.63,1.0,29.64,174.0
1753531630670,12:07:10.670,BANANA/USDT:USDT,29.61,34.0,29.6,72.0,29.63,1.0,29.64,294.0
1753531630674,12:07:10.674,BANANA/USDT:USDT,29.61,32.0,29.6,72.0,29.63,3.0,29.64,294.0
1753531630795,12:07:10.795,BANANA/USDT:USDT,29.61,32.0,29.6,72.0,29.63,1.0,29.64,294.0
1753531630956,12:07:10.956,BANANA/USDT:USDT,29.61,32.0,29.6,72.0,29.63,3.0,29.64,294.0
1753531631170,12:07:11.170,BANANA/USDT:USDT,29.6,76.0,29.59,133.0,29.63,3.0,29.64,294.0
1753531631269,12:07:11.269,BANANA/USDT:USDT,29.61,1.0,29.6,72.0,29.63,5.0,29.64,294.0
1753531631360,12:07:11.360,BANANA/USDT:USDT,29.61,33.0,29.58,115.0,29.64,298.0,29.65,804.0
1753531631395,12:07:11.395,BANANA/USDT:USDT,29.61,35.0,29.6,32.0,29.63,1.0,29.64,296.0
1753531631479,12:07:11.479,BANANA/USDT:USDT,29.61,34.0,29.6,32.0,29.63,1.0,29.64,296.0
1753531631696,12:07:11.696,BANANA/USDT:USDT,29.61,32.0,29.6,32.0,29.63,5.0,29.64,294.0
1753531631806,12:07:11.806,BANANA/USDT:USDT,29.6,36.0,29.59,32.0,29.63,4.0,29.64,294.0
1753531631885,12:07:11.885,BANANA/USDT:USDT,29.61,1.0,29.6,36.0,29.62,1.0,29.63,42.0
1753531631994,12:07:11.994,BANANA/USDT:USDT,29.61,1.0,29.6,34.0,29.62,1.0,29.63,44.0
1753531632234,12:07:12.234,BANANA/USDT:USDT,29.61,1.0,29.6,34.0,29.62,1.0,29.63,44.0
1753531632294,12:07:12.294,BANANA/USDT:USDT,29.61,1.0,29.6,34.0,29.62,1.0,29.63,44.0
1753531632954,12:07:12.954,BANANA/USDT:USDT,29.61,1.0,29.6,32.0,29.62,1.0,29.63,44.0
1753531633348,12:07:13.348,BANANA/USDT:USDT,29.61,1.0,29.6,32.0,29.62,1.0,29.63,44.0
1753531633454,12:07:13.454,BANANA/USDT:USDT,29.61,1.0,29.6,32.0,29.62,1.0,29.63,44.0
1753531633956,12:07:13.956,BANANA/USDT:USDT,29.61,1.0,29.6,34.0,29.62,1.0,29.63,44.0
1753531634232,12:07:14.232,BANANA/USDT:USDT,29.61,1.0,29.6,36.0,29.62,1.0,29.63,42.0
1753531634284,12:07:14.284,BANANA/USDT:USDT,29.61,1.0,29.6,36.0,29.62,1.0,29.63,44.0
1753531634462,12:07:14.462,BANANA/USDT:USDT,29.61,1.0,29.6,36.0,29.62,1.0,29.63,44.0
1753531634701,12:07:14.701,BANANA/USDT:USDT,29.61,1.0,29.6,36.0,29.62,1.0,29.63,42.0
1753531634920,12:07:14.920,BANANA/USDT:USDT,29.61,1.0,29.6,32.0,29.62,1.0,29.63,44.0
1753531635055,12:07:15.055,BANANA/USDT:USDT,29.61,1.0,29.6,32.0,29.62,3.0,29.63,44.0
1753531635116,12:07:15.116,BANANA/USDT:USDT,29.61,5.0,29.6,32.0,29.62,1.0,29.63,44.0
1753531635234,12:07:15.234,BANANA/USDT:USDT,29.61,1.0,29.6,34.0,29.62,1.0,29.63,42.0
1753531635348,12:07:15.348,BANANA/USDT:USDT,29.61,5.0,29.6,34.0,29.62,1.0,29.63,40.0
1753531635462,12:07:15.462,BANANA/USDT:USDT,29.61,7.0,29.6,34.0,29.62,1.0,29.63,40.0
1753531635543,12:07:15.543,BANANA/USDT:USDT,29.61,5.0,29.6,36.0,29.62,1.0,29.63,40.0
1753531635905,12:07:15.905,BANANA/USDT:USDT,29.61,5.0,29.6,36.0,29.62,1.0,29.63,40.0
1753531637067,12:07:17.067,BANANA/USDT:USDT,29.61,5.0,29.6,34.0,29.62,1.0,29.63,40.0
1753531637106,12:07:17.106,BANANA/USDT:USDT,29.61,5.0,29.6,34.0,29.62,1.0,29.63,40.0
1753531637210,12:07:17.210,BANANA/USDT:USDT,29.61,5.0,29.6,34.0,29.62,1.0,29.63,40.0
1753531638214,12:07:18.214,BANANA/USDT:USDT,29.61,1.0,29.6,32.0,29.62,5.0,29.63,40.0
1753531638305,12:07:18.305,BANANA/USDT:USDT,29.61,5.0,29.6,32.0,29.62,1.0,29.63,40.0
1753531638426,12:07:18.426,BANANA/USDT:USDT,29.61,5.0,29.6,32.0,29.62,1.0,29.63,40.0
1753531639262,12:07:19.262,BANANA/USDT:USDT,29.61,5.0,29.6,32.0,29.62,1.0,29.63,40.0
1753531639571,12:07:19.571,BANANA/USDT:USDT,29.61,1.0,29.6,32.0,29.62,1.0,29.63,40.0
1753531640029,12:07:20.029,BANANA/USDT:USDT,29.61,5.0,29.6,32.0,29.62,1.0,29.63,40.0
1753531640134,12:07:20.134,BANANA/USDT:USDT,29.61,5.0,29.6,32.0,29.62,1.0,29.63,40.0
1753531640217,12:07:20.217,BANANA/USDT:USDT,29.61,5.0,29.6,32.0,29.62,1.0,29.63,40.0
1753531641565,12:07:21.565,BANANA/USDT:USDT,29.61,1.0,29.6,32.0,29.62,1.0,29.63,40.0
1753531644063,12:07:24.063,BANANA/USDT:USDT,29.61,1.0,29.6,32.0,29.62,1.0,29.63,40.0
1753531644166,12:07:24.166,BANANA/USDT:USDT,29.61,9.0,29.6,32.0,29.62,1.0,29.64,40.0
1753531644258,12:07:24.258,BANANA/USDT:USDT,29.62,6.0,29.61,35.0,29.63,1.0,29.64,40.0
1753531644362,12:07:24.362,BANANA/USDT:USDT,29.62,6.0,29.61,35.0,29.63,1.0,29.64,40.0
1753531644456,12:07:24.456,BANANA/USDT:USDT,29.62,6.0,29.61,35.0,29.63,1.0,29.64,40.0
1753531644582,12:07:24.582,BANANA/USDT:USDT,29.62,4.0,29.61,35.0,29.63,1.0,29.64,40.0
1753531645530,12:07:25.530,BANANA/USDT:USDT,29.62,4.0,29.61,35.0,29.63,1.0,29.64,40.0
1753531645948,12:07:25.948,BANANA/USDT:USDT,29.62,4.0,29.61,35.0,29.63,1.0,29.64,40.0
1753531646005,12:07:26.005,BANANA/USDT:USDT,29.62,4.0,29.61,35.0,29.63,1.0,29.64,40.0
1753531646306,12:07:26.306,BANANA/USDT:USDT,29.62,4.0,29.61,35.0,29.63,1.0,29.64,40.0
1753531648865,12:07:28.865,BANANA/USDT:USDT,29.62,4.0,29.61,35.0,29.63,1.0,29.64,40.0
1753531649770,12:07:29.770,BANANA/USDT:USDT,29.61,35.0,29.6,32.0,29.63,3.0,29.64,40.0
1753531649858,12:07:29.858,BANANA/USDT:USDT,29.62,4.0,29.61,36.0,29.63,1.0,29.64,40.0
1753531649879,12:07:29.879,BANANA/USDT:USDT,29.62,5.0,29.61,34.0,29.63,1.0,29.64,40.0
1753531649984,12:07:29.984,BANANA/USDT:USDT,29.62,5.0,29.61,34.0,29.63,1.0,29.64,40.0
1753531650262,12:07:30.262,BANANA/USDT:USDT,29.62,5.0,29.61,32.0,29.63,3.0,29.64,40.0
1753531650274,12:07:30.274,BANANA/USDT:USDT,29.62,5.0,29.61,32.0,29.63,1.0,29.64,40.0
1753531651114,12:07:31.114,BANANA/USDT:USDT,29.62,5.0,29.61,32.0,29.63,1.0,29.64,40.0
1753531651608,12:07:31.608,BANANA/USDT:USDT,29.62,7.0,29.61,32.0,29.63,1.0,29.64,40.0
1753531652070,12:07:32.070,BANANA/USDT:USDT,29.62,7.0,29.61,32.0,29.63,1.0,29.64,40.0
1753531652147,12:07:32.147,BANANA/USDT:USDT,29.62,7.0,29.61,32.0,29.63,1.0,29.64,40.0
1753531652234,12:07:32.234,BANANA/USDT:USDT,29.62,5.0,29.61,32.0,29.63,1.0,29.64,40.0
1753531652400,12:07:32.400,BANANA/USDT:USDT,29.62,5.0,29.61,32.0,29.63,1.0,29.64,40.0
1753531652823,12:07:32.823,BANANA/USDT:USDT,29.62,5.0,29.61,32.0,29.63,1.0,29.64,40.0
1753531653059,12:07:33.059,BANANA/USDT:USDT,29.62,5.0,29.61,32.0,29.63,1.0,29.64,40.0
1753531653151,12:07:33.151,BANANA/USDT:USDT,29.62,1.0,29.61,32.0,29.63,1.0,29.64,40.0
1753531653324,12:07:33.324,BANANA/USDT:USDT,29.62,1.0,29.61,32.0,29.63,1.0,29.64,40.0
1753531653663,12:07:33.663,BANANA/USDT:USDT,29.62,1.0,29.61,32.0,29.63,1.0,29.64,40.0
1753531655343,12:07:35.343,BANANA/USDT:USDT,29.62,1.0,29.61,32.0,29.63,5.0,29.64,40.0
1753531655657,12:07:35.657,BANANA/USDT:USDT,29.62,1.0,29.6,32.0,29.63,5.0,29.64,157.0
1753531655710,12:07:35.710,BANANA/USDT:USDT,29.61,1.0,29.6,32.0,29.63,5.0,29.64,157.0
1753531655858,12:07:35.858,BANANA/USDT:USDT,29.61,1.0,29.6,32.0,29.63,4.0,29.64,157.0
1753531656026,12:07:36.026,BANANA/USDT:USDT,29.61,1.0,29.6,32.0,29.63,44.0,29.64,157.0
1753531656149,12:07:36.149,BANANA/USDT:USDT,29.61,1.0,29.6,32.0,29.63,44.0,29.64,157.0
1753531656262,12:07:36.262,BANANA/USDT:USDT,29.61,1.0,29.58,115.0,29.63,44.0,29.64,157.0
1753531656339,12:07:36.339,BANANA/USDT:USDT,29.59,1.0,29.58,147.0,29.63,44.0,29.64,157.0
1753531656462,12:07:36.462,BANANA/USDT:USDT,29.6,4.0,29.59,33.0,29.62,41.0,29.63,42.0
1753531656482,12:07:36.482,BANANA/USDT:USDT,29.6,6.0,29.59,32.0,29.62,40.0,29.63,42.0
1753531656648,12:07:36.648,BANANA/USDT:USDT,29.6,4.0,29.59,32.0,29.62,44.0,29.63,40.0
1753531656759,12:07:36.759,BANANA/USDT:USDT,29.6,4.0,29.59,32.0,29.62,42.0,29.63,40.0
1753531656802,12:07:36.802,BANANA/USDT:USDT,29.6,6.0,29.59,32.0,29.62,42.0,29.63,40.0
1753531656930,12:07:36.930,BANANA/USDT:USDT,29.6,4.0,29.59,32.0,29.62,44.0,29.63,40.0
1753531657025,12:07:37.025,BANANA/USDT:USDT,29.6,4.0,29.59,32.0,29.62,44.0,29.63,40.0
1753531657190,12:07:37.190,BANANA/USDT:USDT,29.6,4.0,29.59,32.0,29.62,42.0,29.63,40.0
1753531657426,12:07:37.426,BANANA/USDT:USDT,29.6,4.0,29.59,32.0,29.62,44.0,29.63,40.0
1753531657558,12:07:37.558,BANANA/USDT:USDT,29.6,4.0,29.59,32.0,29.62,42.0,29.63,40.0
1753531657636,12:07:37.636,BANANA/USDT:USDT,29.6,4.0,29.59,32.0,29.62,44.0,29.63,40.0
1753531657683,12:07:37.683,BANANA/USDT:USDT,29.6,4.0,29.59,32.0,29.62,44.0,29.63,40.0
1753531658014,12:07:38.014,BANANA/USDT:USDT,29.6,4.0,29.59,32.0,29.63,40.0,29.64,157.0
1753531658117,12:07:38.117,BANANA/USDT:USDT,29.61,1.0,29.6,32.0,29.62,1.0,29.63,40.0
1753531658196,12:07:38.196,BANANA/USDT:USDT,29.61,1.0,29.6,32.0,29.62,3.0,29.63,40.0
1753531658463,12:07:38.463,BANANA/USDT:USDT,29.61,1.0,29.6,32.0,29.62,3.0,29.63,40.0
1753531658498,12:07:38.498,BANANA/USDT:USDT,29.61,1.0,29.6,32.0,29.62,3.0,29.63,40.0
1753531658801,12:07:38.801,BANANA/USDT:USDT,29.61,1.0,29.6,32.0,29.62,1.0,29.63,40.0
1753531658924,12:07:38.924,BANANA/USDT:USDT,29.61,1.0,29.6,32.0,29.62,1.0,29.63,40.0
1753531660796,12:07:40.796,BANANA/USDT:USDT,29.61,1.0,29.6,32.0,29.62,3.0,29.63,40.0
1753531660936,12:07:40.936,BANANA/USDT:USDT,29.61,1.0,29.6,32.0,29.62,5.0,29.63,40.0
1753531661083,12:07:41.083,BANANA/USDT:USDT,29.61,1.0,29.6,32.0,29.62,3.0,29.63,40.0
1753531661368,12:07:41.368,BANANA/USDT:USDT,29.61,1.0,29.6,32.0,29.62,1.0,29.63,40.0
1753531661555,12:07:41.555,BANANA/USDT:USDT,29.61,1.0,29.6,32.0,29.62,3.0,29.63,40.0
1753531661922,12:07:41.922,BANANA/USDT:USDT,29.61,1.0,29.6,32.0,29.62,1.0,29.63,40.0
1753531662101,12:07:42.101,BANANA/USDT:USDT,29.61,1.0,29.6,32.0,29.62,3.0,29.63,40.0
1753531663266,12:07:43.266,BANANA/USDT:USDT,29.61,1.0,29.6,32.0,29.62,5.0,29.63,40.0
1753531663315,12:07:43.315,BANANA/USDT:USDT,29.61,5.0,29.6,32.0,29.62,1.0,29.63,40.0
1753531665571,12:07:45.571,BANANA/USDT:USDT,29.61,5.0,29.6,32.0,29.62,3.0,29.63,40.0
1753531665661,12:07:45.661,BANANA/USDT:USDT,29.61,5.0,29.6,32.0,29.62,5.0,29.63,40.0
1753531666455,12:07:46.455,BANANA/USDT:USDT,29.61,5.0,29.6,32.0,29.62,3.0,29.63,40.0
1753531666931,12:07:46.931,BANANA/USDT:USDT,29.61,5.0,29.6,32.0,29.62,5.0,29.63,40.0
1753531667334,12:07:47.334,BANANA/USDT:USDT,29.61,5.0,29.6,32.0,29.62,3.0,29.63,40.0
1753531668063,12:07:48.063,BANANA/USDT:USDT,29.61,5.0,29.6,32.0,29.62,3.0,29.63,40.0
1753531668166,12:07:48.166,BANANA/USDT:USDT,29.61,5.0,29.6,32.0,29.62,5.0,29.63,40.0
1753531670614,12:07:50.614,BANANA/USDT:USDT,29.61,5.0,29.6,32.0,29.62,5.0,29.63,40.0
1753531670968,12:07:50.968,BANANA/USDT:USDT,29.61,5.0,29.6,32.0,29.62,1.0,29.63,40.0
1753531671057,12:07:51.057,BANANA/USDT:USDT,29.61,5.0,29.6,32.0,29.62,5.0,29.63,138.0
1753531672865,12:07:52.865,BANANA/USDT:USDT,29.61,5.0,29.6,32.0,29.62,5.0,29.63,138.0
1753531673533,12:07:53.533,BANANA/USDT:USDT,29.61,1.0,29.6,32.0,29.62,5.0,29.63,138.0
1753531673770,12:07:53.770,BANANA/USDT:USDT,29.61,1.0,29.6,32.0,29.62,5.0,29.63,138.0
1753531673825,12:07:53.825,BANANA/USDT:USDT,29.61,1.0,29.6,32.0,29.62,5.0,29.63,138.0
1753531674933,12:07:54.933,BANANA/USDT:USDT,29.61,1.0,29.6,32.0,29.62,5.0,29.63,138.0
1753531677664,12:07:57.664,BANANA/USDT:USDT,29.61,1.0,29.6,32.0,29.62,5.0,29.63,138.0
1753531678068,12:07:58.068,BANANA/USDT:USDT,29.59,32.0,29.57,429.0,29.62,5.0,29.63,308.0
1753531678154,12:07:58.154,BANANA/USDT:USDT,29.59,32.0,29.58,32.0,29.62,263.0,29.63,861.0
1753531678216,12:07:58.216,BANANA/USDT:USDT,29.59,32.0,29.58,32.0,29.62,263.0,29.63,861.0
1753531678290,12:07:58.290,BANANA/USDT:USDT,29.59,32.0,29.58,32.0,29.62,263.0,29.63,861.0
1753531678771,12:07:58.771,BANANA/USDT:USDT,29.59,32.0,29.58,32.0,29.61,40.0,29.62,303.0
1753531678778,12:07:58.778,BANANA/USDT:USDT,29.59,32.0,29.58,32.0,29.61,44.0,29.62,298.0
1753531679119,12:07:59.119,BANANA/USDT:USDT,29.59,32.0,29.58,32.0,29.61,42.0,29.62,298.0
1753531679451,12:07:59.451,BANANA/USDT:USDT,29.58,32.0,29.57,32.0,29.61,42.0,29.62,298.0
1753531679563,12:07:59.563,BANANA/USDT:USDT,29.58,34.0,29.57,32.0,29.6,1.0,29.61,40.0
1753531679635,12:07:59.635,BANANA/USDT:USDT,29.58,36.0,29.57,32.0,29.6,1.0,29.61,40.0
1753531679761,12:07:59.761,BANANA/USDT:USDT,29.59,4.0,29.58,76.0,29.6,1.0,29.61,40.0
1753531679794,12:07:59.794,BANANA/USDT:USDT,29.59,6.0,29.58,72.0,29.6,1.0,29.61,40.0
1753531679952,12:07:59.952,BANANA/USDT:USDT,29.59,6.0,29.58,72.0,29.6,1.0,29.61,40.0
1753531680134,12:08:00.134,BANANA/USDT:USDT,29.59,6.0,29.58,72.0,29.6,1.0,29.61,40.0
1753531680435,12:08:00.435,BANANA/USDT:USDT,29.59,8.0,29.58,72.0,29.6,1.0,29.61,40.0
1753531680754,12:08:00.754,BANANA/USDT:USDT,29.59,6.0,29.58,32.0,29.6,1.0,29.62,40.0
1753531680824,12:08:00.824,BANANA/USDT:USDT,29.6,4.0,29.59,34.0,29.61,1.0,29.62,109.0
1753531681184,12:08:01.184,BANANA/USDT:USDT,29.6,4.0,29.59,34.0,29.61,1.0,29.62,109.0
1753531681353,12:08:01.353,BANANA/USDT:USDT,29.56,40.0,29.55,486.0,29.61,5.0,29.62,360.0
1753531681461,12:08:01.461,BANANA/USDT:USDT,29.56,40.0,29.55,518.0,29.61,5.0,29.62,360.0
1753531681567,12:08:01.567,BANANA/USDT:USDT,29.58,4.0,29.57,6.0,29.61,92.0,29.62,360.0
1753531681658,12:08:01.658,BANANA/USDT:USDT,29.58,4.0,29.57,34.0,29.61,92.0,29.62,360.0
1753531681736,12:08:01.736,BANANA/USDT:USDT,29.58,4.0,29.57,34.0,29.61,132.0,29.62,360.0
1753531681970,12:08:01.970,BANANA/USDT:USDT,29.58,4.0,29.57,32.0,29.61,132.0,29.62,360.0
1753531682035,12:08:02.035,BANANA/USDT:USDT,29.58,4.0,29.57,32.0,29.61,132.0,29.62,360.0
1753531682464,12:08:02.464,BANANA/USDT:USDT,29.58,4.0,29.57,32.0,29.61,132.0,29.62,360.0
1753531682534,12:08:02.534,BANANA/USDT:USDT,29.58,4.0,29.57,32.0,29.61,128.0,29.62,541.0
1753531682576,12:08:02.576,BANANA/USDT:USDT,29.58,4.0,29.57,32.0,29.61,130.0,29.62,541.0
1753531682758,12:08:02.758,BANANA/USDT:USDT,29.58,4.0,29.57,32.0,29.61,138.0,29.62,541.0
1753531682851,12:08:02.851,BANANA/USDT:USDT,29.57,32.0,29.56,72.0,29.61,138.0,29.62,541.0
1753531683372,12:08:03.372,BANANA/USDT:USDT,29.54,251.0,29.53,36.0,29.59,40.0,29.6,311.0
1753531683459,12:08:03.459,BANANA/USDT:USDT,29.55,44.0,29.54,72.0,29.58,41.0,29.59,48.0
1753531683554,12:08:03.554,BANANA/USDT:USDT,29.55,46.0,29.54,72.0,29.58,41.0,29.59,133.0
1753531683754,12:08:03.754,BANANA/USDT:USDT,29.55,46.0,29.54,72.0,29.58,41.0,29.59,133.0
1753531684370,12:08:04.370,BANANA/USDT:USDT,29.54,32.0,29.53,32.0,29.58,51.0,29.59,384.0
1753531684449,12:08:04.449,BANANA/USDT:USDT,29.54,32.0,29.53,32.0,29.58,51.0,29.59,384.0
1753531684554,12:08:04.554,BANANA/USDT:USDT,29.54,32.0,29.53,32.0,29.58,138.0,29.59,540.0
1753531684625,12:08:04.625,BANANA/USDT:USDT,29.54,32.0,29.53,32.0,29.58,138.0,29.59,540.0
1753531684714,12:08:04.714,BANANA/USDT:USDT,29.54,74.0,29.53,32.0,29.58,138.0,29.59,540.0
1753531684924,12:08:04.924,BANANA/USDT:USDT,29.54,74.0,29.53,32.0,29.58,138.0,29.59,540.0
1753531685033,12:08:05.033,BANANA/USDT:USDT,29.54,74.0,29.53,32.0,29.58,128.0,29.59,540.0
1753531685155,12:08:05.155,BANANA/USDT:USDT,29.54,177.0,29.53,32.0,29.58,41.0,29.59,540.0
1753531685368,12:08:05.368,BANANA/USDT:USDT,29.54,177.0,29.53,32.0,29.58,41.0,29.59,540.0
1753531685375,12:08:05.375,BANANA/USDT:USDT,29.54,177.0,29.53,32.0,29.58,41.0,29.59,540.0
1753531685555,12:08:05.555,BANANA/USDT:USDT,29.55,84.0,29.54,279.0,29.58,41.0,29.59,540.0
1753531685636,12:08:05.636,BANANA/USDT:USDT,29.57,4.0,29.55,72.0,29.58,41.0,29.59,289.0
1753531685769,12:08:05.769,BANANA/USDT:USDT,29.55,72.0,29.54,133.0,29.58,41.0,29.59,289.0
1753531686034,12:08:06.034,BANANA/USDT:USDT,29.54,32.0,29.53,72.0,29.58,51.0,29.59,540.0
1753531686169,12:08:06.169,BANANA/USDT:USDT,29.54,32.0,29.53,72.0,29.58,51.0,29.59,540.0
1753531686234,12:08:06.234,BANANA/USDT:USDT,29.54,32.0,29.53,72.0,29.58,138.0,29.59,540.0
1753531686686,12:08:06.686,BANANA/USDT:USDT,29.54,32.0,29.53,72.0,29.58,138.0,29.59,540.0
1753531686987,12:08:06.987,BANANA/USDT:USDT,29.54,32.0,29.53,72.0,29.58,138.0,29.59,540.0
1753531687943,12:08:07.943,BANANA/USDT:USDT,29.54,32.0,29.53,72.0,29.58,138.0,29.59,540.0
1753531688451,12:08:08.451,BANANA/USDT:USDT,29.54,32.0,29.53,72.0,29.58,128.0,29.59,540.0
1753531688521,12:08:08.521,BANANA/USDT:USDT,29.54,32.0,29.53,72.0,29.58,41.0,29.59,540.0
1753531688658,12:08:08.658,BANANA/USDT:USDT,29.54,72.0,29.53,72.0,29.58,41.0,29.59,540.0
1753531688814,12:08:08.814,BANANA/USDT:USDT,29.54,72.0,29.53,72.0,29.58,41.0,29.59,540.0
1753531688901,12:08:08.901,BANANA/USDT:USDT,29.54,72.0,29.53,72.0,29.58,41.0,29.59,540.0
1753531689869,12:08:09.869,BANANA/USDT:USDT,29.55,46.0,29.54,173.0,29.58,1.0,29.59,289.0
1753531689969,12:08:09.969,BANANA/USDT:USDT,29.57,6.0,29.56,34.0,29.58,1.0,29.59,40.0
1753531690037,12:08:10.037,BANANA/USDT:USDT,29.57,4.0,29.56,34.0,29.58,1.0,29.59,40.0
1753531690271,12:08:10.271,BANANA/USDT:USDT,29.57,4.0,29.56,34.0,29.58,1.0,29.59,40.0
1753531690638,12:08:10.638,BANANA/USDT:USDT,29.57,4.0,29.56,34.0,29.58,1.0,29.59,40.0
1753531691867,12:08:11.867,BANANA/USDT:USDT,29.57,4.0,29.56,34.0,29.58,1.0,29.59,40.0
1753531691883,12:08:11.883,BANANA/USDT:USDT,29.57,6.0,29.56,34.0,29.58,1.0,29.59,40.0
1753531692613,12:08:12.613,BANANA/USDT:USDT,29.57,6.0,29.56,34.0,29.58,1.0,29.59,40.0
1753531693458,12:08:13.458,BANANA/USDT:USDT,29.57,6.0,29.56,34.0,29.58,1.0,29.59,40.0
1753531693754,12:08:13.754,BANANA/USDT:USDT,29.56,32.0,29.55,248.0,29.58,1.0,29.59,40.0
1753531693865,12:08:13.865,BANANA/USDT:USDT,29.56,32.0,29.55,248.0,29.58,1.0,29.59,40.0
1753531694293,12:08:14.293,BANANA/USDT:USDT,29.56,34.0,29.55,248.0,29.58,1.0,29.59,40.0
1753531695071,12:08:15.071,BANANA/USDT:USDT,29.56,34.0,29.55,248.0,29.58,1.0,29.59,40.0
1753531695485,12:08:15.485,BANANA/USDT:USDT,29.56,34.0,29.55,248.0,29.58,1.0,29.59,40.0
1753531695615,12:08:15.615,BANANA/USDT:USDT,29.57,4.0,29.56,74.0,29.58,1.0,29.59,40.0
1753531695897,12:08:15.897,BANANA/USDT:USDT,29.57,4.0,29.56,74.0,29.58,1.0,29.59,40.0
1753531698821,12:08:18.821,BANANA/USDT:USDT,29.57,4.0,29.56,74.0,29.58,1.0,29.59,40.0
1753531699123,12:08:19.123,BANANA/USDT:USDT,29.57,4.0,29.56,74.0,29.58,1.0,29.59,40.0
1753531699321,12:08:19.321,BANANA/USDT:USDT,29.57,4.0,29.56,74.0,29.58,1.0,29.59,40.0
1753531699471,12:08:19.471,BANANA/USDT:USDT,29.56,72.0,29.55,216.0,29.58,11.0,29.59,40.0
1753531699570,12:08:19.570,BANANA/USDT:USDT,29.56,72.0,29.55,133.0,29.58,10.0,29.59,40.0
1753531699641,12:08:19.641,BANANA/USDT:USDT,29.56,72.0,29.55,300.0,29.59,40.0,29.6,408.0
1753531699724,12:08:19.724,BANANA/USDT:USDT,29.56,72.0,29.55,300.0,29.58,9.0,29.59,40.0
1753531699870,12:08:19.870,BANANA/USDT:USDT,29.56,72.0,29.55,300.0,29.58,8.0,29.59,40.0
1753531699955,12:08:19.955,BANANA/USDT:USDT,29.57,4.0,29.56,72.0,29.59,42.0,29.6,408.0
1753531699987,12:08:19.987,BANANA/USDT:USDT,29.57,4.0,29.56,72.0,29.59,50.0,29.6,408.0
1753531700367,12:08:20.367,BANANA/USDT:USDT,29.57,4.0,29.56,72.0,29.59,50.0,29.6,408.0
1753531700664,12:08:20.664,BANANA/USDT:USDT,29.55,32.0,29.54,32.0,29.59,50.0,29.6,408.0
1753531700720,12:08:20.720,BANANA/USDT:USDT,29.55,32.0,29.54,32.0,29.58,41.0,29.59,40.0
1753531700785,12:08:20.785,BANANA/USDT:USDT,29.55,32.0,29.54,32.0,29.58,41.0,29.59,40.0
1753531700953,12:08:20.953,BANANA/USDT:USDT,29.55,32.0,29.54,32.0,29.58,41.0,29.59,40.0
1753531701043,12:08:21.043,BANANA/USDT:USDT,29.55,32.0,29.54,32.0,29.58,43.0,29.59,40.0
1753531701201,12:08:21.201,BANANA/USDT:USDT,29.55,32.0,29.54,32.0,29.58,43.0,29.59,40.0
1753531701556,12:08:21.556,BANANA/USDT:USDT,29.55,34.0,29.54,32.0,29.58,41.0,29.59,40.0
1753531701622,12:08:21.622,BANANA/USDT:USDT,29.55,34.0,29.54,32.0,29.58,41.0,29.59,40.0
1753531701870,12:08:21.870,BANANA/USDT:USDT,29.56,324.0,29.55,34.0,29.58,41.0,29.59,40.0
1753531701941,12:08:21.941,BANANA/USDT:USDT,29.55,34.0,29.54,32.0,29.58,40.0,29.59,40.0
1753531702042,12:08:22.042,BANANA/USDT:USDT,29.55,32.0,29.54,32.0,29.57,1.0,29.59,40.0
1753531702094,12:08:22.094,BANANA/USDT:USDT,29.55,34.0,29.54,32.0,29.58,1.0,29.59,40.0
1753531702459,12:08:22.459,BANANA/USDT:USDT,29.55,34.0,29.54,32.0,29.58,1.0,29.59,40.0
1753531702541,12:08:22.541,BANANA/USDT:USDT,29.55,32.0,29.54,32.0,29.58,1.0,29.59,40.0
1753531702969,12:08:22.969,BANANA/USDT:USDT,29.55,32.0,29.54,32.0,29.58,9.0,29.59,40.0
1753531703006,12:08:23.006,BANANA/USDT:USDT,29.55,32.0,29.54,32.0,29.58,11.0,29.59,40.0
1753531703115,12:08:23.115,BANANA/USDT:USDT,29.55,32.0,29.54,32.0,29.58,11.0,29.59,40.0
1753531703278,12:08:23.278,BANANA/USDT:USDT,29.55,32.0,29.54,32.0,29.58,11.0,29.59,40.0
1753531703414,12:08:23.414,BANANA/USDT:USDT,29.55,32.0,29.54,32.0,29.58,11.0,29.59,291.0
1753531703496,12:08:23.496,BANANA/USDT:USDT,29.55,32.0,29.54,32.0,29.58,51.0,29.59,291.0
1753531704362,12:08:24.362,BANANA/USDT:USDT,29.56,4.0,29.55,32.0,29.58,41.0,29.59,291.0
1753531704458,12:08:24.458,BANANA/USDT:USDT,29.56,4.0,29.55,32.0,29.58,48.0,29.59,291.0
1753531704498,12:08:24.498,BANANA/USDT:USDT,29.56,4.0,29.55,32.0,29.58,48.0,29.59,291.0
1753531704672,12:08:24.672,BANANA/USDT:USDT,29.56,4.0,29.55,32.0,29.58,48.0,29.59,291.0
1753531704775,12:08:24.775,BANANA/USDT:USDT,29.56,4.0,29.55,32.0,29.58,40.0,29.59,291.0
1753531704998,12:08:24.998,BANANA/USDT:USDT,29.56,4.0,29.55,32.0,29.58,48.0,29.59,291.0
1753531705123,12:08:25.123,BANANA/USDT:USDT,29.56,4.0,29.55,32.0,29.58,40.0,29.59,291.0
1753531705182,12:08:25.182,BANANA/USDT:USDT,29.56,4.0,29.55,32.0,29.58,48.0,29.59,291.0
1753531708564,12:08:28.564,BANANA/USDT:USDT,29.57,4.0,29.56,4.0,29.58,40.0,29.59,40.0
1753531708580,12:08:28.580,BANANA/USDT:USDT,29.57,4.0,29.55,32.0,29.58,41.0,29.59,40.0
1753531708934,12:08:28.934,BANANA/USDT:USDT,29.55,32.0,29.54,32.0,29.58,41.0,29.59,40.0
1753531709342,12:08:29.342,BANANA/USDT:USDT,29.55,32.0,29.54,32.0,29.58,41.0,29.59,40.0
1753531709470,12:08:29.470,BANANA/USDT:USDT,29.57,4.0,29.56,32.0,29.58,1.0,29.59,40.0
1753531709474,12:08:29.474,BANANA/USDT:USDT,29.57,4.0,29.56,32.0,29.58,1.0,29.59,40.0
1753531709757,12:08:29.757,BANANA/USDT:USDT,29.57,4.0,29.56,32.0,29.58,1.0,29.59,40.0
1753531710235,12:08:30.235,BANANA/USDT:USDT,29.57,4.0,29.56,34.0,29.58,1.0,29.59,42.0
1753531710334,12:08:30.334,BANANA/USDT:USDT,29.57,4.0,29.56,34.0,29.58,1.0,29.59,40.0
1753531710413,12:08:30.413,BANANA/USDT:USDT,29.57,4.0,29.56,74.0,29.58,1.0,29.59,40.0
1753531711402,12:08:31.402,BANANA/USDT:USDT,29.57,4.0,29.56,74.0,29.58,1.0,29.59,40.0
1753531711793,12:08:31.793,BANANA/USDT:USDT,29.57,4.0,29.56,74.0,29.58,1.0,29.59,40.0
1753531712926,12:08:32.926,BANANA/USDT:USDT,29.56,72.0,29.55,147.0,29.58,1.0,29.59,40.0
1753531713522,12:08:33.522,BANANA/USDT:USDT,29.56,72.0,29.55,147.0,29.58,1.0,29.59,40.0
1753531713864,12:08:33.864,BANANA/USDT:USDT,29.54,32.0,29.53,220.0,29.58,11.0,29.59,40.0
1753531713881,12:08:33.881,BANANA/USDT:USDT,29.54,32.0,29.53,72.0,29.58,11.0,29.59,291.0
1753531713994,12:08:33.994,BANANA/USDT:USDT,29.54,32.0,29.53,252.0,29.58,11.0,29.59,291.0
1753531714271,12:08:34.271,BANANA/USDT:USDT,29.55,4.0,29.54,32.0,29.58,9.0,29.59,291.0
1753531714368,12:08:34.368,BANANA/USDT:USDT,29.56,4.0,29.55,32.0,29.58,51.0,29.59,291.0
1753531714378,12:08:34.378,BANANA/USDT:USDT,29.56,4.0,29.55,32.0,29.58,50.0,29.59,291.0
1753531714644,12:08:34.644,BANANA/USDT:USDT,29.56,4.0,29.55,32.0,29.58,50.0,29.59,291.0
1753531715142,12:08:35.142,BANANA/USDT:USDT,29.55,32.0,29.54,32.0,29.58,50.0,29.59,291.0
1753531715183,12:08:35.183,BANANA/USDT:USDT,29.55,32.0,29.54,32.0,29.57,1.0,29.58,48.0
1753531715290,12:08:35.290,BANANA/USDT:USDT,29.55,32.0,29.54,32.0,29.57,1.0,29.58,48.0
1753531715466,12:08:35.466,BANANA/USDT:USDT,29.55,32.0,29.54,32.0,29.57,1.0,29.58,48.0
1753531716524,12:08:36.524,BANANA/USDT:USDT,29.55,32.0,29.54,32.0,29.57,11.0,29.58,40.0
1753531716583,12:08:36.583,BANANA/USDT:USDT,29.55,32.0,29.54,32.0,29.57,10.0,29.58,40.0
1753531716699,12:08:36.699,BANANA/USDT:USDT,29.55,32.0,29.54,32.0,29.57,10.0,29.58,40.0
1753531717335,12:08:37.335,BANANA/USDT:USDT,29.54,32.0,29.53,252.0,29.57,50.0,29.58,40.0
1753531717444,12:08:37.444,BANANA/USDT:USDT,29.55,4.0,29.54,32.0,29.56,1.0,29.57,8.0
1753531717530,12:08:37.530,BANANA/USDT:USDT,29.54,32.0,29.53,252.0,29.56,1.0,29.57,8.0
1753531717671,12:08:37.671,BANANA/USDT:USDT,29.54,32.0,29.53,252.0,29.56,1.0,29.57,8.0
1753531717764,12:08:37.764,BANANA/USDT:USDT,29.54,32.0,29.53,252.0,29.56,1.0,29.57,8.0
1753531717859,12:08:37.859,BANANA/USDT:USDT,29.54,32.0,29.53,252.0,29.56,1.0,29.57,8.0
1753531717945,12:08:37.945,BANANA/USDT:USDT,29.54,32.0,29.53,252.0,29.56,1.0,29.57,8.0
1753531718163,12:08:38.163,BANANA/USDT:USDT,29.52,33.0,29.51,150.0,29.56,11.0,29.57,170.0
1753531718254,12:08:38.254,BANANA/USDT:USDT,29.52,33.0,29.51,150.0,29.56,11.0,29.57,170.0
1753531718354,12:08:38.354,BANANA/USDT:USDT,29.53,4.0,29.52,73.0,29.56,49.0,29.57,349.0
1753531718433,12:08:38.433,BANANA/USDT:USDT,29.53,4.0,29.52,73.0,29.56,49.0,29.57,349.0
1753531718663,12:08:38.663,BANANA/USDT:USDT,29.53,4.0,29.52,73.0,29.56,51.0,29.57,349.0
1753531718788,12:08:38.788,BANANA/USDT:USDT,29.53,4.0,29.52,73.0,29.56,51.0,29.57,349.0
1753531719072,12:08:39.072,BANANA/USDT:USDT,29.53,4.0,29.52,73.0,29.56,51.0,29.57,349.0
1753531719354,12:08:39.354,BANANA/USDT:USDT,29.53,4.0,29.52,73.0,29.56,51.0,29.57,349.0
1753531719722,12:08:39.722,BANANA/USDT:USDT,29.53,4.0,29.52,73.0,29.56,51.0,29.57,349.0
1753531719871,12:08:39.871,BANANA/USDT:USDT,29.53,4.0,29.52,73.0,29.56,51.0,29.57,349.0
1753531719873,12:08:39.873,BANANA/USDT:USDT,29.53,4.0,29.52,73.0,29.56,51.0,29.57,349.0
1753531721240,12:08:41.240,BANANA/USDT:USDT,29.52,73.0,29.51,158.0,29.56,51.0,29.57,349.0
1753531721290,12:08:41.290,BANANA/USDT:USDT,29.52,73.0,29.51,158.0,29.56,51.0,29.57,389.0
1753531721659,12:08:41.659,BANANA/USDT:USDT,29.52,73.0,29.51,158.0,29.56,51.0,29.57,389.0
1753531721880,12:08:41.880,BANANA/USDT:USDT,29.52,73.0,29.51,190.0,29.56,51.0,29.57,389.0
1753531722435,12:08:42.435,BANANA/USDT:USDT,29.53,6.0,29.52,306.0,29.56,43.0,29.57,170.0
1753531722510,12:08:42.510,BANANA/USDT:USDT,29.53,6.0,29.52,306.0,29.56,43.0,29.57,170.0
1753531722576,12:08:42.576,BANANA/USDT:USDT,29.53,6.0,29.52,306.0,29.56,43.0,29.57,355.0
1753531722897,12:08:42.897,BANANA/USDT:USDT,29.53,6.0,29.52,306.0,29.56,43.0,29.57,355.0
1753531723325,12:08:43.325,BANANA/USDT:USDT,29.53,6.0,29.52,306.0,29.56,43.0,29.57,355.0
1753531723971,12:08:43.971,BANANA/USDT:USDT,29.53,6.0,29.52,306.0,29.56,41.0,29.57,355.0
1753531724071,12:08:44.071,BANANA/USDT:USDT,29.54,4.0,29.53,32.0,29.56,49.0,29.57,355.0
1753531724124,12:08:44.124,BANANA/USDT:USDT,29.54,4.0,29.53,32.0,29.56,48.0,29.57,355.0
1753531724675,12:08:44.675,BANANA/USDT:USDT,29.54,4.0,29.53,32.0,29.56,40.0,29.57,355.0
1753531725505,12:08:45.505,BANANA/USDT:USDT,29.54,4.0,29.53,32.0,29.56,40.0,29.57,355.0
1753531725690,12:08:45.690,BANANA/USDT:USDT,29.54,4.0,29.53,32.0,29.56,40.0,29.57,355.0
1753531726850,12:08:46.850,BANANA/USDT:USDT,29.54,4.0,29.53,32.0,29.56,48.0,29.57,355.0
1753531726967,12:08:46.967,BANANA/USDT:USDT,29.54,4.0,29.53,32.0,29.56,50.0,29.57,355.0
1753531727448,12:08:47.448,BANANA/USDT:USDT,29.54,4.0,29.53,32.0,29.56,48.0,29.57,355.0
1753531727977,12:08:47.977,BANANA/USDT:USDT,29.54,4.0,29.53,32.0,29.56,40.0,29.57,355.0
1753531728476,12:08:48.476,BANANA/USDT:USDT,29.54,4.0,29.53,32.0,29.56,48.0,29.57,355.0
1753531728854,12:08:48.854,BANANA/USDT:USDT,29.55,4.0,29.53,32.0,29.56,40.0,29.57,185.0
1753531728958,12:08:48.958,BANANA/USDT:USDT,29.55,4.0,29.53,32.0,29.56,41.0,29.57,185.0
1753531729471,12:08:49.471,BANANA/USDT:USDT,29.55,4.0,29.53,32.0,29.56,41.0,29.57,185.0
1753531729474,12:08:49.474,BANANA/USDT:USDT,29.55,4.0,29.53,32.0,29.56,41.0,29.57,185.0
1753531729748,12:08:49.748,BANANA/USDT:USDT,29.53,32.0,29.52,306.0,29.56,41.0,29.57,185.0
1753531729779,12:08:49.779,BANANA/USDT:USDT,29.53,32.0,29.52,306.0,29.56,41.0,29.57,185.0
1753531731610,12:08:51.610,BANANA/USDT:USDT,29.53,32.0,29.52,306.0,29.56,41.0,29.57,185.0
1753531731806,12:08:51.806,BANANA/USDT:USDT,29.53,32.0,29.52,306.0,29.56,41.0,29.57,185.0
1753531732466,12:08:52.466,BANANA/USDT:USDT,29.53,32.0,29.52,306.0,29.56,41.0,29.58,703.0
1753531733671,12:08:53.671,BANANA/USDT:USDT,29.53,32.0,29.52,306.0,29.56,41.0,29.58,703.0
1753531733675,12:08:53.675,BANANA/USDT:USDT,29.53,32.0,29.52,306.0,29.56,41.0,29.57,116.0
1753531733830,12:08:53.830,BANANA/USDT:USDT,29.53,32.0,29.52,306.0,29.56,41.0,29.57,116.0
1753531734271,12:08:54.271,BANANA/USDT:USDT,29.53,32.0,29.52,306.0,29.56,41.0,29.57,116.0
1753531734273,12:08:54.273,BANANA/USDT:USDT,29.53,32.0,29.52,306.0,29.56,41.0,29.57,116.0
1753531734646,12:08:54.646,BANANA/USDT:USDT,29.53,32.0,29.52,306.0,29.56,41.0,29.57,116.0
1753531738371,12:08:58.371,BANANA/USDT:USDT,29.52,165.0,29.51,369.0,29.56,41.0,29.57,286.0
1753531738455,12:08:58.455,BANANA/USDT:USDT,29.52,33.0,29.51,32.0,29.56,41.0,29.57,286.0
1753531738560,12:08:58.560,BANANA/USDT:USDT,29.52,33.0,29.51,32.0,29.56,41.0,29.57,286.0
1753531738578,12:08:58.578,BANANA/USDT:USDT,29.52,33.0,29.51,32.0,29.56,41.0,29.57,286.0
1753531738679,12:08:58.679,BANANA/USDT:USDT,29.52,33.0,29.51,32.0,29.56,41.0,29.57,286.0
1753531739071,12:08:59.071,BANANA/USDT:USDT,29.52,33.0,29.51,32.0,29.56,41.0,29.57,286.0
1753531739105,12:08:59.105,BANANA/USDT:USDT,29.52,33.0,29.51,72.0,29.56,41.0,29.57,326.0
1753531739239,12:08:59.239,BANANA/USDT:USDT,29.52,33.0,29.51,72.0,29.56,41.0,29.57,326.0
1753531739965,12:08:59.965,BANANA/USDT:USDT,29.52,33.0,29.51,72.0,29.56,41.0,29.57,326.0
1753531740318,12:09:00.318,BANANA/USDT:USDT,29.53,4.0,29.52,33.0,29.56,41.0,29.57,326.0
1753531740435,12:09:00.435,BANANA/USDT:USDT,29.53,32.0,29.52,33.0,29.56,51.0,29.57,326.0
1753531740703,12:09:00.703,BANANA/USDT:USDT,29.53,32.0,29.52,33.0,29.56,51.0,29.57,326.0
1753531741468,12:09:01.468,BANANA/USDT:USDT,29.52,1.0,29.51,40.0,29.56,51.0,29.57,326.0
1753531741545,12:09:01.545,BANANA/USDT:USDT,29.52,1.0,29.51,72.0,29.56,145.0,29.57,428.0
1753531741594,12:09:01.594,BANANA/USDT:USDT,29.52,1.0,29.51,72.0,29.56,145.0,29.57,428.0
1753531743908,12:09:03.908,BANANA/USDT:USDT,29.52,1.0,29.51,72.0,29.56,145.0,29.57,428.0
1753531747037,12:09:07.037,BANANA/USDT:USDT,29.52,1.0,29.51,72.0,29.56,145.0,29.57,428.0
1753531747208,12:09:07.208,BANANA/USDT:USDT,29.52,1.0,29.51,72.0,29.56,145.0,29.57,428.0
1753531747628,12:09:07.628,BANANA/USDT:USDT,29.52,1.0,29.51,72.0,29.56,145.0,29.57,428.0
1753531748365,12:09:08.365,BANANA/USDT:USDT,29.52,1.0,29.51,72.0,29.56,145.0,29.57,428.0
1753531748715,12:09:08.715,BANANA/USDT:USDT,29.52,1.0,29.51,72.0,29.56,145.0,29.57,428.0
1753531748775,12:09:08.775,BANANA/USDT:USDT,29.52,1.0,29.51,72.0,29.56,145.0,29.57,428.0
1753531748980,12:09:08.980,BANANA/USDT:USDT,29.52,1.0,29.51,32.0,29.56,145.0,29.57,428.0
1753531751071,12:09:11.071,BANANA/USDT:USDT,29.52,1.0,29.5,248.0,29.54,44.0,29.55,161.0
1753531751122,12:09:11.122,BANANA/USDT:USDT,29.52,1.0,29.5,248.0,29.54,44.0,29.55,161.0
1753531751256,12:09:11.256,BANANA/USDT:USDT,29.52,1.0,29.5,248.0,29.54,44.0,29.55,161.0
1753531751317,12:09:11.317,BANANA/USDT:USDT,29.52,1.0,29.51,32.0,29.54,162.0,29.55,732.0
1753531751667,12:09:11.667,BANANA/USDT:USDT,29.52,1.0,29.51,32.0,29.54,162.0,29.55,732.0
1753531752990,12:09:12.990,BANANA/USDT:USDT,29.52,1.0,29.51,32.0,29.54,162.0,29.55,732.0
1753531753291,12:09:13.291,BANANA/USDT:USDT,29.52,1.0,29.51,32.0,29.54,162.0,29.55,732.0
1753531753514,12:09:13.514,BANANA/USDT:USDT,29.52,1.0,29.51,32.0,29.54,162.0,29.55,732.0
1753531753922,12:09:13.922,BANANA/USDT:USDT,29.52,1.0,29.51,32.0,29.54,162.0,29.55,732.0
1753531754036,12:09:14.036,BANANA/USDT:USDT,29.53,4.0,29.52,3.0,29.54,40.0,29.55,161.0
1753531754154,12:09:14.154,BANANA/USDT:USDT,29.52,1.0,29.51,2.0,29.53,35.0,29.54,41.0
1753531754175,12:09:14.175,BANANA/USDT:USDT,29.52,1.0,29.51,2.0,29.53,35.0,29.54,41.0
1753531754447,12:09:14.447,BANANA/USDT:USDT,29.52,1.0,29.51,2.0,29.53,35.0,29.54,41.0
1753531754512,12:09:14.512,BANANA/USDT:USDT,29.52,1.0,29.51,2.0,29.53,35.0,29.54,41.0
1753531754592,12:09:14.592,BANANA/USDT:USDT,29.52,1.0,29.51,2.0,29.54,41.0,29.55,167.0
1753531754681,12:09:14.681,BANANA/USDT:USDT,29.52,1.0,29.51,2.0,29.54,40.0,29.55,167.0
1753531754930,12:09:14.930,BANANA/USDT:USDT,29.52,1.0,29.51,2.0,29.54,40.0,29.55,167.0
1753531758315,12:09:18.315,BANANA/USDT:USDT,29.52,1.0,29.5,248.0,29.54,42.0,29.55,167.0
1753531758566,12:09:18.566,BANANA/USDT:USDT,29.52,1.0,29.5,248.0,29.54,42.0,29.55,167.0
1753531760004,12:09:20.004,BANANA/USDT:USDT,29.52,1.0,29.5,248.0,29.54,40.0,29.55,167.0
1753531760401,12:09:20.401,BANANA/USDT:USDT,29.52,1.0,29.5,248.0,29.54,42.0,29.55,167.0
1753531761204,12:09:21.204,BANANA/USDT:USDT,29.52,1.0,29.5,248.0,29.54,44.0,29.55,167.0
1753531762034,12:09:22.034,BANANA/USDT:USDT,29.52,1.0,29.5,248.0,29.54,44.0,29.55,167.0
1753531762562,12:09:22.562,BANANA/USDT:USDT,29.52,1.0,29.5,248.0,29.54,42.0,29.55,266.0
1753531762808,12:09:22.808,BANANA/USDT:USDT,29.52,1.0,29.5,248.0,29.54,44.0,29.55,266.0
1753531763074,12:09:23.074,BANANA/USDT:USDT,29.52,1.0,29.5,248.0,29.54,44.0,29.55,266.0
1753531764663,12:09:24.663,BANANA/USDT:USDT,29.52,1.0,29.5,248.0,29.54,44.0,29.55,266.0
1753531764718,12:09:24.718,BANANA/USDT:USDT,29.52,1.0,29.5,40.0,29.54,44.0,29.55,336.0
1753531764774,12:09:24.774,BANANA/USDT:USDT,29.52,1.0,29.5,212.0,29.54,44.0,29.55,336.0
1753531765026,12:09:25.026,BANANA/USDT:USDT,29.52,1.0,29.5,212.0,29.54,44.0,29.55,336.0
1753531767548,12:09:27.548,BANANA/USDT:USDT,29.52,1.0,29.5,212.0,29.54,44.0,29.55,336.0
1753531767885,12:09:27.885,BANANA/USDT:USDT,29.52,1.0,29.5,212.0,29.54,44.0,29.55,336.0
1753531768157,12:09:28.157,BANANA/USDT:USDT,29.52,1.0,29.5,40.0,29.54,44.0,29.55,336.0
1753531768763,12:09:28.763,BANANA/USDT:USDT,29.52,1.0,29.49,75.0,29.54,331.0,29.55,587.0
1753531768864,12:09:28.864,BANANA/USDT:USDT,29.52,1.0,29.49,75.0,29.54,432.0,29.55,587.0
1753531768971,12:09:28.971,BANANA/USDT:USDT,29.46,216.0,29.45,350.0,29.52,40.0,29.53,805.0
1753531769045,12:09:29.045,BANANA/USDT:USDT,29.46,216.0,29.45,454.0,29.51,41.0,29.52,40.0
1753531769135,12:09:29.135,BANANA/USDT:USDT,29.46,217.0,29.45,612.0,29.51,41.0,29.52,282.0
1753531769269,12:09:29.269,BANANA/USDT:USDT,29.46,217.0,29.45,612.0,29.51,41.0,29.52,282.0
1753531769318,12:09:29.318,BANANA/USDT:USDT,29.46,217.0,29.45,612.0,29.51,41.0,29.52,282.0
1753531769488,12:09:29.488,BANANA/USDT:USDT,29.46,217.0,29.45,612.0,29.51,41.0,29.52,282.0
1753531769671,12:09:29.671,BANANA/USDT:USDT,29.47,101.0,29.46,322.0,29.51,1.0,29.52,40.0
1753531769746,12:09:29.746,BANANA/USDT:USDT,29.48,143.0,29.47,42.0,29.51,1.0,29.53,40.0
1753531769794,12:09:29.794,BANANA/USDT:USDT,29.48,143.0,29.47,125.0,29.52,1.0,29.53,40.0
1753531769954,12:09:29.954,BANANA/USDT:USDT,29.48,143.0,29.47,125.0,29.52,1.0,29.53,40.0
1753531769973,12:09:29.973,BANANA/USDT:USDT,29.48,143.0,29.47,125.0,29.52,1.0,29.53,40.0
1753531770350,12:09:30.350,BANANA/USDT:USDT,29.48,143.0,29.47,125.0,29.52,1.0,29.53,40.0
1753531770548,12:09:30.548,BANANA/USDT:USDT,29.48,143.0,29.47,125.0,29.52,1.0,29.53,40.0
1753531770760,12:09:30.760,BANANA/USDT:USDT,29.48,143.0,29.47,42.0,29.52,1.0,29.53,40.0
1753531770772,12:09:30.772,BANANA/USDT:USDT,29.48,143.0,29.47,42.0,29.52,1.0,29.53,40.0
1753531772039,12:09:32.039,BANANA/USDT:USDT,29.48,143.0,29.47,42.0,29.52,3.0,29.53,168.0
1753531772134,12:09:32.134,BANANA/USDT:USDT,29.48,328.0,29.47,618.0,29.52,5.0,29.53,168.0
1753531772176,12:09:32.176,BANANA/USDT:USDT,29.48,328.0,29.47,618.0,29.52,5.0,29.53,40.0
1753531772394,12:09:32.394,BANANA/USDT:USDT,29.48,328.0,29.47,618.0,29.52,5.0,29.53,276.0
1753531772556,12:09:32.556,BANANA/USDT:USDT,29.48,328.0,29.47,618.0,29.52,5.0,29.53,276.0
1753531772671,12:09:32.671,BANANA/USDT:USDT,29.48,328.0,29.47,618.0,29.52,5.0,29.53,276.0
1753531772771,12:09:32.771,BANANA/USDT:USDT,29.48,430.0,29.47,618.0,29.52,41.0,29.53,276.0
1753531772814,12:09:32.814,BANANA/USDT:USDT,29.49,2.0,29.48,328.0,29.52,41.0,29.53,40.0
1753531772931,12:09:32.931,BANANA/USDT:USDT,29.49,2.0,29.48,143.0,29.52,41.0,29.53,40.0
1753531773048,12:09:33.048,BANANA/USDT:USDT,29.48,326.0,29.47,616.0,29.52,41.0,29.53,108.0
1753531773129,12:09:33.129,BANANA/USDT:USDT,29.48,243.0,29.47,616.0,29.52,41.0,29.53,108.0
1753531773268,12:09:33.268,BANANA/USDT:USDT,29.48,141.0,29.47,616.0,29.52,41.0,29.53,108.0
1753531773464,12:09:33.464,BANANA/USDT:USDT,29.48,141.0,29.47,616.0,29.52,41.0,29.53,108.0
1753531774034,12:09:34.034,BANANA/USDT:USDT,29.48,225.0,29.47,616.0,29.52,41.0,29.53,321.0
1753531774657,12:09:34.657,BANANA/USDT:USDT,29.48,327.0,29.47,616.0,29.52,41.0,29.53,321.0
1753531774674,12:09:34.674,BANANA/USDT:USDT,29.48,327.0,29.47,616.0,29.52,41.0,29.53,321.0
1753531774858,12:09:34.858,BANANA/USDT:USDT,29.48,327.0,29.47,616.0,29.52,41.0,29.53,321.0
1753531774960,12:09:34.960,BANANA/USDT:USDT,29.48,327.0,29.47,616.0,29.52,41.0,29.53,108.0
1753531775164,12:09:35.164,BANANA/USDT:USDT,29.48,225.0,29.47,616.0,29.52,41.0,29.53,210.0
1753531775321,12:09:35.321,BANANA/USDT:USDT,29.48,327.0,29.47,616.0,29.52,41.0,29.53,210.0
1753531776056,12:09:36.056,BANANA/USDT:USDT,29.49,77.0,29.48,428.0,29.52,41.0,29.53,210.0
1753531776114,12:09:36.114,BANANA/USDT:USDT,29.49,4.0,29.48,326.0,29.52,41.0,29.53,210.0
1753531776401,12:09:36.401,BANANA/USDT:USDT,29.49,4.0,29.48,326.0,29.52,41.0,29.53,210.0
1753531776493,12:09:36.493,BANANA/USDT:USDT,29.49,4.0,29.48,326.0,29.52,1.0,29.53,40.0
1753531776666,12:09:36.666,BANANA/USDT:USDT,29.49,44.0,29.48,326.0,29.52,1.0,29.53,40.0
1753531776694,12:09:36.694,BANANA/USDT:USDT,29.49,145.0,29.48,225.0,29.52,1.0,29.53,40.0
1753531776823,12:09:36.823,BANANA/USDT:USDT,29.49,145.0,29.48,225.0,29.52,1.0,29.53,40.0
1753531776960,12:09:36.960,BANANA/USDT:USDT,29.49,232.0,29.48,476.0,29.52,1.0,29.53,40.0
1753531777361,12:09:37.361,BANANA/USDT:USDT,29.5,74.0,29.49,334.0,29.52,1.0,29.53,40.0
1753531777461,12:09:37.461,BANANA/USDT:USDT,29.5,44.0,29.49,228.0,29.52,1.0,29.54,210.0
1753531777566,12:09:37.566,BANANA/USDT:USDT,29.5,44.0,29.49,228.0,29.53,1.0,29.54,40.0
1753531777652,12:09:37.652,BANANA/USDT:USDT,29.5,44.0,29.49,228.0,29.53,1.0,29.54,40.0
1753531778414,12:09:38.414,BANANA/USDT:USDT,29.5,44.0,29.49,228.0,29.53,1.0,29.54,40.0
1753531778560,12:09:38.560,BANANA/USDT:USDT,29.51,118.0,29.5,141.0,29.53,1.0,29.54,40.0
1753531778574,12:09:38.574,BANANA/USDT:USDT,29.51,44.0,29.5,141.0,29.53,1.0,29.54,40.0
1753531778867,12:09:38.867,BANANA/USDT:USDT,29.51,44.0,29.5,141.0,29.53,1.0,29.54,40.0
1753531779004,12:09:39.004,BANANA/USDT:USDT,29.51,44.0,29.5,141.0,29.53,1.0,29.54,40.0
1753531779465,12:09:39.465,BANANA/USDT:USDT,29.51,463.0,29.5,619.0,29.53,1.0,29.56,578.0
1753531779556,12:09:39.556,BANANA/USDT:USDT,29.51,463.0,29.5,619.0,29.53,1.0,29.55,1.0
1753531779633,12:09:39.633,BANANA/USDT:USDT,29.51,463.0,29.5,619.0,29.53,1.0,29.56,41.0
1753531779754,12:09:39.754,BANANA/USDT:USDT,29.51,361.0,29.5,619.0,29.56,292.0,29.57,356.0
1753531779837,12:09:39.837,BANANA/USDT:USDT,29.51,361.0,29.5,619.0,29.56,292.0,29.57,356.0
1753531779966,12:09:39.966,BANANA/USDT:USDT,29.51,361.0,29.5,619.0,29.56,292.0,29.57,356.0
1753531780052,12:09:40.052,BANANA/USDT:USDT,29.51,361.0,29.5,619.0,29.56,292.0,29.57,356.0
1753531780108,12:09:40.108,BANANA/USDT:USDT,29.51,361.0,29.5,619.0,29.56,292.0,29.57,356.0
1753531780281,12:09:40.281,BANANA/USDT:USDT,29.51,361.0,29.5,619.0,29.56,41.0,29.57,356.0
1753531780435,12:09:40.435,BANANA/USDT:USDT,29.52,114.0,29.51,463.0,29.56,43.0,29.57,356.0
1753531781068,12:09:41.068,BANANA/USDT:USDT,29.52,114.0,29.51,361.0,29.56,43.0,29.57,356.0
1753531781094,12:09:41.094,BANANA/USDT:USDT,29.52,40.0,29.51,361.0,29.56,43.0,29.57,356.0
1753531781175,12:09:41.175,BANANA/USDT:USDT,29.52,40.0,29.51,361.0,29.56,43.0,29.57,356.0
1753531781338,12:09:41.338,BANANA/USDT:USDT,29.52,40.0,29.51,361.0,29.56,43.0,29.57,356.0
1753531781516,12:09:41.516,BANANA/USDT:USDT,29.52,40.0,29.51,361.0,29.56,43.0,29.57,356.0
1753531781664,12:09:41.664,BANANA/USDT:USDT,29.52,332.0,29.51,511.0,29.56,1.0,29.57,356.0
1753531781714,12:09:41.714,BANANA/USDT:USDT,29.53,44.0,29.52,232.0,29.56,1.0,29.57,356.0
1753531781862,12:09:41.862,BANANA/USDT:USDT,29.53,44.0,29.52,232.0,29.56,1.0,29.57,356.0
1753531781934,12:09:41.934,BANANA/USDT:USDT,29.53,44.0,29.52,232.0,29.56,1.0,29.57,170.0
1753531783026,12:09:43.026,BANANA/USDT:USDT,29.53,44.0,29.52,232.0,29.56,1.0,29.57,170.0
1753531783355,12:09:43.355,BANANA/USDT:USDT,29.53,42.0,29.52,230.0,29.56,1.0,29.57,170.0
1753531783469,12:09:43.469,BANANA/USDT:USDT,29.53,40.0,29.52,230.0,29.56,5.0,29.57,170.0
1753531783480,12:09:43.480,BANANA/USDT:USDT,29.53,40.0,29.52,230.0,29.56,5.0,29.57,170.0
1753531784004,12:09:44.004,BANANA/USDT:USDT,29.53,40.0,29.52,230.0,29.56,5.0,29.57,170.0
1753531784141,12:09:44.141,BANANA/USDT:USDT,29.53,40.0,29.52,230.0,29.56,5.0,29.57,170.0
1753531784577,12:09:44.577,BANANA/USDT:USDT,29.53,40.0,29.52,230.0,29.56,45.0,29.57,170.0
1753531785874,12:09:45.874,BANANA/USDT:USDT,29.53,40.0,29.52,230.0,29.56,45.0,29.57,170.0
1753531786654,12:09:46.654,BANANA/USDT:USDT,29.53,44.0,29.52,230.0,29.56,45.0,29.57,170.0
1753531786837,12:09:46.837,BANANA/USDT:USDT,29.53,40.0,29.52,230.0,29.56,45.0,29.57,170.0
1753531790678,12:09:50.678,BANANA/USDT:USDT,29.53,40.0,29.52,230.0,29.56,45.0,29.57,170.0
1753531792018,12:09:52.018,BANANA/USDT:USDT,29.53,40.0,29.52,230.0,29.56,45.0,29.57,170.0
1753531792254,12:09:52.254,BANANA/USDT:USDT,29.53,40.0,29.52,141.0,29.56,45.0,29.57,170.0
1753531795494,12:09:55.494,BANANA/USDT:USDT,29.53,40.0,29.52,141.0,29.56,45.0,29.57,170.0
1753531796329,12:09:56.329,BANANA/USDT:USDT,29.53,40.0,29.52,141.0,29.56,45.0,29.57,170.0
1753531796471,12:09:56.471,BANANA/USDT:USDT,29.53,42.0,29.52,141.0,29.56,41.0,29.57,170.0
1753531796544,12:09:56.544,BANANA/USDT:USDT,29.53,40.0,29.52,228.0,29.56,43.0,29.57,170.0
1753531796643,12:09:56.643,BANANA/USDT:USDT,29.53,42.0,29.52,228.0,29.56,41.0,29.57,170.0
1753531796743,12:09:56.743,BANANA/USDT:USDT,29.53,42.0,29.52,228.0,29.56,43.0,29.57,170.0
1753531796834,12:09:56.834,BANANA/USDT:USDT,29.53,42.0,29.52,228.0,29.56,43.0,29.57,170.0
1753531797052,12:09:57.052,BANANA/USDT:USDT,29.53,40.0,29.52,228.0,29.56,43.0,29.57,170.0
1753531800275,12:10:00.275,BANANA/USDT:USDT,29.53,40.0,29.52,228.0,29.56,43.0,29.57,170.0
1753531800383,12:10:00.383,BANANA/USDT:USDT,29.53,40.0,29.52,228.0,29.56,41.0,29.57,170.0
1753531800568,12:10:00.568,BANANA/USDT:USDT,29.53,141.0,29.52,127.0,29.58,87.0,29.59,420.0
1753531800656,12:10:00.656,BANANA/USDT:USDT,29.54,3.0,29.53,141.0,29.57,1.0,29.58,87.0
1753531800712,12:10:00.712,BANANA/USDT:USDT,29.54,3.0,29.53,141.0,29.57,1.0,29.58,87.0
1753531800794,12:10:00.794,BANANA/USDT:USDT,29.54,3.0,29.53,141.0,29.57,1.0,29.58,174.0
1753531800956,12:10:00.956,BANANA/USDT:USDT,29.54,3.0,29.53,141.0,29.57,1.0,29.58,174.0
1753531801170,12:10:01.170,BANANA/USDT:USDT,29.54,5.0,29.53,141.0,29.57,3.0,29.58,174.0
1753531801189,12:10:01.189,BANANA/USDT:USDT,29.54,5.0,29.53,141.0,29.57,1.0,29.58,174.0
1753531801355,12:10:01.355,BANANA/USDT:USDT,29.54,1.0,29.53,141.0,29.57,3.0,29.58,174.0
1753531801586,12:10:01.586,BANANA/USDT:USDT,29.54,1.0,29.53,141.0,29.57,3.0,29.58,174.0
1753531801862,12:10:01.862,BANANA/USDT:USDT,29.54,1.0,29.53,141.0,29.57,5.0,29.58,174.0
1753531802020,12:10:02.020,BANANA/USDT:USDT,29.54,1.0,29.53,141.0,29.57,45.0,29.58,214.0
1753531802502,12:10:02.502,BANANA/USDT:USDT,29.54,1.0,29.53,141.0,29.57,45.0,29.58,214.0
1753531802609,12:10:02.609,BANANA/USDT:USDT,29.54,1.0,29.53,141.0,29.57,45.0,29.58,214.0
1753531802970,12:10:02.970,BANANA/USDT:USDT,29.54,3.0,29.53,141.0,29.57,45.0,29.58,214.0
1753531803120,12:10:03.120,BANANA/USDT:USDT,29.54,1.0,29.53,141.0,29.57,45.0,29.58,214.0
1753531804087,12:10:04.087,BANANA/USDT:USDT,29.54,5.0,29.53,141.0,29.57,45.0,29.58,214.0
1753531804403,12:10:04.403,BANANA/USDT:USDT,29.54,1.0,29.53,141.0,29.57,45.0,29.58,214.0
1753531805054,12:10:05.054,BANANA/USDT:USDT,29.54,3.0,29.53,141.0,29.57,45.0,29.58,214.0
1753531805075,12:10:05.075,BANANA/USDT:USDT,29.54,3.0,29.53,141.0,29.57,45.0,29.58,214.0
1753531806295,12:10:06.295,BANANA/USDT:USDT,29.54,5.0,29.53,141.0,29.57,43.0,29.58,214.0
1753531806384,12:10:06.384,BANANA/USDT:USDT,29.54,5.0,29.53,141.0,29.57,41.0,29.58,214.0
1753531806773,12:10:06.773,BANANA/USDT:USDT,29.54,35.0,29.53,141.0,29.57,41.0,29.58,214.0
1753531807011,12:10:07.011,BANANA/USDT:USDT,29.54,35.0,29.53,141.0,29.57,41.0,29.58,214.0
1753531807514,12:10:07.514,BANANA/USDT:USDT,29.54,35.0,29.53,141.0,29.57,41.0,29.58,214.0
1753531808792,12:10:08.792,BANANA/USDT:USDT,29.54,35.0,29.53,141.0,29.57,1.0,29.58,214.0
1753531808922,12:10:08.922,BANANA/USDT:USDT,29.54,35.0,29.53,141.0,29.57,1.0,29.58,40.0
1753531809166,12:10:09.166,BANANA/USDT:USDT,29.54,33.0,29.53,141.0,29.57,3.0,29.58,40.0
1753531809223,12:10:09.223,BANANA/USDT:USDT,29.54,31.0,29.53,141.0,29.57,3.0,29.58,40.0
1753531809299,12:10:09.299,BANANA/USDT:USDT,29.54,71.0,29.53,141.0,29.57,3.0,29.58,40.0
1753531809473,12:10:09.473,BANANA/USDT:USDT,29.54,73.0,29.53,141.0,29.57,1.0,29.58,40.0
1753531809700,12:10:09.700,BANANA/USDT:USDT,29.54,71.0,29.53,141.0,29.57,1.0,29.58,40.0
1753531809894,12:10:09.894,BANANA/USDT:USDT,29.54,73.0,29.53,141.0,29.57,1.0,29.58,161.0
1753531810161,12:10:10.161,BANANA/USDT:USDT,29.54,71.0,29.53,141.0,29.57,1.0,29.58,161.0
1753531810229,12:10:10.229,BANANA/USDT:USDT,29.54,71.0,29.53,141.0,29.57,1.0,29.58,161.0
1753531810532,12:10:10.532,BANANA/USDT:USDT,29.54,73.0,29.53,141.0,29.57,1.0,29.58,161.0
1753531810739,12:10:10.739,BANANA/USDT:USDT,29.54,73.0,29.53,141.0,29.57,1.0,29.58,40.0
1753531810850,12:10:10.850,BANANA/USDT:USDT,29.54,71.0,29.53,141.0,29.57,1.0,29.58,40.0
1753531810970,12:10:10.970,BANANA/USDT:USDT,29.54,71.0,29.53,141.0,29.57,1.0,29.58,156.0
1753531811613,12:10:11.613,BANANA/USDT:USDT,29.54,73.0,29.53,141.0,29.57,1.0,29.58,156.0
1753531812237,12:10:12.237,BANANA/USDT:USDT,29.54,71.0,29.53,141.0,29.57,1.0,29.58,156.0
1753531812366,12:10:12.366,BANANA/USDT:USDT,29.54,73.0,29.53,141.0,29.57,1.0,29.58,156.0
1753531812441,12:10:12.441,BANANA/USDT:USDT,29.54,71.0,29.53,141.0,29.57,1.0,29.58,156.0
1753531812669,12:10:12.669,BANANA/USDT:USDT,29.54,73.0,29.53,141.0,29.57,1.0,29.58,156.0
1753531812955,12:10:12.955,BANANA/USDT:USDT,29.54,73.0,29.53,230.0,29.57,1.0,29.58,156.0
1753531813058,12:10:13.058,BANANA/USDT:USDT,29.54,73.0,29.53,805.0,29.57,1.0,29.58,156.0
1753531813074,12:10:13.074,BANANA/USDT:USDT,29.54,286.0,29.53,805.0,29.57,1.0,29.58,156.0
1753531813259,12:10:13.259,BANANA/USDT:USDT,29.54,286.0,29.53,805.0,29.57,1.0,29.58,156.0
1753531813274,12:10:13.274,BANANA/USDT:USDT,29.54,286.0,29.53,805.0,29.57,1.0,29.58,156.0
1753531813377,12:10:13.377,BANANA/USDT:USDT,29.54,286.0,29.53,805.0,29.57,1.0,29.58,156.0
1753531813547,12:10:13.547,BANANA/USDT:USDT,29.54,288.0,29.53,805.0,29.57,1.0,29.58,156.0
1753531813838,12:10:13.838,BANANA/USDT:USDT,29.54,288.0,29.53,805.0,29.57,1.0,29.58,156.0
1753531814675,12:10:14.675,BANANA/USDT:USDT,29.54,288.0,29.53,805.0,29.57,1.0,29.58,156.0
1753531814843,12:10:14.843,BANANA/USDT:USDT,29.54,73.0,29.53,805.0,29.57,1.0,29.58,156.0
1753531814884,12:10:14.884,BANANA/USDT:USDT,29.54,219.0,29.53,805.0,29.57,1.0,29.58,156.0
1753531815402,12:10:15.402,BANANA/USDT:USDT,29.54,221.0,29.53,805.0,29.57,1.0,29.58,156.0
1753531816450,12:10:16.450,BANANA/USDT:USDT,29.54,219.0,29.53,805.0,29.57,1.0,29.58,156.0
1753531817348,12:10:17.348,BANANA/USDT:USDT,29.54,221.0,29.53,805.0,29.57,1.0,29.58,156.0
1753531817565,12:10:17.565,BANANA/USDT:USDT,29.54,219.0,29.53,805.0,29.57,1.0,29.58,156.0
1753531817773,12:10:17.773,BANANA/USDT:USDT,29.54,221.0,29.53,805.0,29.57,1.0,29.58,156.0
1753531818488,12:10:18.488,BANANA/USDT:USDT,29.54,219.0,29.53,805.0,29.57,1.0,29.58,156.0
1753531818781,12:10:18.781,BANANA/USDT:USDT,29.54,221.0,29.53,805.0,29.57,1.0,29.58,156.0
1753531819475,12:10:19.475,BANANA/USDT:USDT,29.54,221.0,29.53,805.0,29.57,1.0,29.58,156.0
1753531821534,12:10:21.534,BANANA/USDT:USDT,29.54,219.0,29.53,716.0,29.57,3.0,29.58,156.0
1753531822153,12:10:22.153,BANANA/USDT:USDT,29.54,219.0,29.53,716.0,29.57,43.0,29.58,156.0
1753531823681,12:10:23.681,BANANA/USDT:USDT,29.54,221.0,29.53,716.0,29.57,41.0,29.58,156.0
1753531823825,12:10:23.825,BANANA/USDT:USDT,29.54,221.0,29.53,716.0,29.57,41.0,29.58,156.0
1753531824148,12:10:24.148,BANANA/USDT:USDT,29.54,219.0,29.53,716.0,29.57,41.0,29.58,156.0
1753531824294,12:10:24.294,BANANA/USDT:USDT,29.54,219.0,29.53,716.0,29.57,41.0,29.58,156.0
1753531825718,12:10:25.718,BANANA/USDT:USDT,29.54,219.0,29.53,716.0,29.57,41.0,29.58,40.0
1753531825868,12:10:25.868,BANANA/USDT:USDT,29.54,321.0,29.53,716.0,29.57,1.0,29.58,40.0
1753531826222,12:10:26.222,BANANA/USDT:USDT,29.54,219.0,29.53,716.0,29.57,1.0,29.58,40.0
1753531828968,12:10:28.968,BANANA/USDT:USDT,29.54,219.0,29.53,716.0,29.57,1.0,29.58,40.0
1753531829054,12:10:29.054,BANANA/USDT:USDT,29.54,219.0,29.53,716.0,29.57,1.0,29.58,40.0
1753531829094,12:10:29.094,BANANA/USDT:USDT,29.54,219.0,29.53,716.0,29.57,1.0,29.58,40.0
1753531830064,12:10:30.064,BANANA/USDT:USDT,29.54,219.0,29.53,716.0,29.57,1.0,29.58,40.0
1753531830582,12:10:30.582,BANANA/USDT:USDT,29.54,321.0,29.53,716.0,29.57,1.0,29.58,40.0
1753531830799,12:10:30.799,BANANA/USDT:USDT,29.54,321.0,29.53,716.0,29.57,1.0,29.58,40.0
1753531831057,12:10:31.057,BANANA/USDT:USDT,29.55,696.0,29.54,234.0,29.57,1.0,29.6,271.0
1753531831168,12:10:31.168,BANANA/USDT:USDT,29.55,694.0,29.54,131.0,29.59,1.0,29.6,271.0
1753531831202,12:10:31.202,BANANA/USDT:USDT,29.56,1.0,29.55,694.0,29.59,5.0,29.6,271.0
1753531831355,12:10:31.355,BANANA/USDT:USDT,29.56,185.0,29.55,692.0,29.59,5.0,29.6,330.0
1753531831471,12:10:31.471,BANANA/USDT:USDT,29.56,185.0,29.55,692.0,29.59,3.0,29.6,330.0
1753531831538,12:10:31.538,BANANA/USDT:USDT,29.56,185.0,29.55,692.0,29.59,3.0,29.6,271.0
1753531831771,12:10:31.771,BANANA/USDT:USDT,29.56,185.0,29.55,692.0,29.59,3.0,29.6,271.0
1753531831851,12:10:31.851,BANANA/USDT:USDT,29.56,215.0,29.55,692.0,29.59,3.0,29.6,271.0
1753531832042,12:10:32.042,BANANA/USDT:USDT,29.56,215.0,29.55,692.0,29.59,43.0,29.6,271.0
1753531832094,12:10:32.094,BANANA/USDT:USDT,29.56,215.0,29.55,692.0,29.59,45.0,29.6,271.0
1753531832567,12:10:32.567,BANANA/USDT:USDT,29.56,215.0,29.55,692.0,29.59,45.0,29.6,271.0
1753531832665,12:10:32.665,BANANA/USDT:USDT,29.56,31.0,29.55,692.0,29.59,45.0,29.6,271.0
1753531832746,12:10:32.746,BANANA/USDT:USDT,29.56,31.0,29.55,692.0,29.59,45.0,29.6,271.0
1753531832806,12:10:32.806,BANANA/USDT:USDT,29.56,31.0,29.55,692.0,29.59,45.0,29.6,271.0
1753531832968,12:10:32.968,BANANA/USDT:USDT,29.56,33.0,29.55,692.0,29.59,43.0,29.6,271.0
1753531833126,12:10:33.126,BANANA/USDT:USDT,29.56,202.0,29.55,692.0,29.59,41.0,29.6,271.0
1753531833256,12:10:33.256,BANANA/USDT:USDT,29.56,202.0,29.55,692.0,29.59,41.0,29.6,271.0
1753531833651,12:10:33.651,BANANA/USDT:USDT,29.56,35.0,29.55,692.0,29.59,43.0,29.6,271.0
1753531833738,12:10:33.738,BANANA/USDT:USDT,29.56,216.0,29.55,692.0,29.59,43.0,29.6,271.0
1753531833878,12:10:33.878,BANANA/USDT:USDT,29.56,216.0,29.55,692.0,29.59,45.0,29.6,271.0
1753531834021,12:10:34.021,BANANA/USDT:USDT,29.56,214.0,29.55,692.0,29.59,45.0,29.6,271.0
1753531834164,12:10:34.164,BANANA/USDT:USDT,29.56,216.0,29.55,692.0,29.59,45.0,29.6,271.0
1753531834429,12:10:34.429,BANANA/USDT:USDT,29.56,218.0,29.55,692.0,29.59,43.0,29.6,271.0
1753531834508,12:10:34.508,BANANA/USDT:USDT,29.56,218.0,29.55,692.0,29.59,41.0,29.6,271.0
1753531835024,12:10:35.024,BANANA/USDT:USDT,29.56,218.0,29.55,692.0,29.59,45.0,29.6,271.0
1753531835329,12:10:35.329,BANANA/USDT:USDT,29.56,218.0,29.55,692.0,29.59,41.0,29.6,271.0
1753531835416,12:10:35.416,BANANA/USDT:USDT,29.56,218.0,29.55,692.0,29.59,41.0,29.6,271.0
1753531835830,12:10:35.830,BANANA/USDT:USDT,29.56,218.0,29.55,692.0,29.59,41.0,29.6,271.0
1753531836541,12:10:36.541,BANANA/USDT:USDT,29.56,218.0,29.55,692.0,29.59,41.0,29.6,271.0
1753531836775,12:10:36.775,BANANA/USDT:USDT,29.56,188.0,29.55,692.0,29.59,41.0,29.6,271.0
1753531837058,12:10:37.058,BANANA/USDT:USDT,29.56,184.0,29.55,692.0,29.59,41.0,29.6,271.0
1753531837168,12:10:37.168,BANANA/USDT:USDT,29.56,1.0,29.55,692.0,29.59,41.0,29.6,271.0
1753531837235,12:10:37.235,BANANA/USDT:USDT,29.56,1.0,29.55,692.0,29.59,41.0,29.6,271.0
1753531837994,12:10:37.994,BANANA/USDT:USDT,29.56,1.0,29.55,692.0,29.59,133.0,29.6,311.0
1753531838676,12:10:38.676,BANANA/USDT:USDT,29.56,1.0,29.55,692.0,29.59,133.0,29.6,311.0
1753531839237,12:10:39.237,BANANA/USDT:USDT,29.56,1.0,29.54,101.0,29.59,133.0,29.6,311.0
1753531839335,12:10:39.335,BANANA/USDT:USDT,29.55,1.0,29.54,101.0,29.59,133.0,29.6,311.0
1753531839394,12:10:39.394,BANANA/USDT:USDT,29.55,202.0,29.54,670.0,29.59,133.0,29.6,311.0
1753531839554,12:10:39.554,BANANA/USDT:USDT,29.55,1.0,29.54,670.0,29.59,294.0,29.6,880.0
1753531840254,12:10:40.254,BANANA/USDT:USDT,29.55,1.0,29.54,670.0,29.59,294.0,29.6,880.0
1753531840689,12:10:40.689,BANANA/USDT:USDT,29.55,304.0,29.54,670.0,29.59,294.0,29.6,880.0
1753531840789,12:10:40.789,BANANA/USDT:USDT,29.55,304.0,29.54,670.0,29.59,41.0,29.6,880.0
1753531841181,12:10:41.181,BANANA/USDT:USDT,29.55,304.0,29.54,670.0,29.59,41.0,29.6,880.0
1753531841479,12:10:41.479,BANANA/USDT:USDT,29.55,202.0,29.54,670.0,29.59,41.0,29.6,880.0
1753531841616,12:10:41.616,BANANA/USDT:USDT,29.55,304.0,29.54,670.0,29.59,41.0,29.6,880.0
1753531843476,12:10:43.476,BANANA/USDT:USDT,29.55,304.0,29.54,670.0,29.59,41.0,29.6,880.0
1753531844059,12:10:44.059,BANANA/USDT:USDT,29.55,304.0,29.54,670.0,29.59,41.0,29.6,880.0
1753531844640,12:10:44.640,BANANA/USDT:USDT,29.55,304.0,29.54,670.0,29.59,41.0,29.6,311.0
1753531844755,12:10:44.755,BANANA/USDT:USDT,29.55,405.0,29.54,569.0,29.59,41.0,29.6,311.0
1753531844934,12:10:44.934,BANANA/USDT:USDT,29.56,42.0,29.55,343.0,29.59,41.0,29.6,311.0
1753531845061,12:10:45.061,BANANA/USDT:USDT,29.57,1.0,29.56,40.0,29.59,43.0,29.6,311.0
1753531845116,12:10:45.116,BANANA/USDT:USDT,29.57,1.0,29.56,40.0,29.59,42.0,29.6,311.0
1753531845617,12:10:45.617,BANANA/USDT:USDT,29.57,1.0,29.56,40.0,29.59,44.0,29.6,311.0
1753531845675,12:10:45.675,BANANA/USDT:USDT,29.57,1.0,29.56,40.0,29.59,44.0,29.6,311.0
1753531846921,12:10:46.921,BANANA/USDT:USDT,29.57,1.0,29.56,40.0,29.59,42.0,29.6,311.0
1753531847152,12:10:47.152,BANANA/USDT:USDT,29.57,1.0,29.56,40.0,29.59,44.0,29.6,311.0
1753531847600,12:10:47.600,BANANA/USDT:USDT,29.57,1.0,29.56,40.0,29.59,44.0,29.6,311.0
1753531848276,12:10:48.276,BANANA/USDT:USDT,29.57,1.0,29.56,40.0,29.59,44.0,29.6,311.0
1753531848742,12:10:48.742,BANANA/USDT:USDT,29.57,1.0,29.56,40.0,29.59,40.0,29.6,311.0
1753531848782,12:10:48.782,BANANA/USDT:USDT,29.57,1.0,29.56,40.0,29.59,44.0,29.6,311.0
1753531850128,12:10:50.128,BANANA/USDT:USDT,29.57,1.0,29.56,40.0,29.59,42.0,29.6,311.0
1753531850189,12:10:50.189,BANANA/USDT:USDT,29.57,1.0,29.56,40.0,29.59,44.0,29.6,311.0
1753531853076,12:10:53.076,BANANA/USDT:USDT,29.57,1.0,29.56,40.0,29.59,44.0,29.6,311.0
1753531854255,12:10:54.255,BANANA/USDT:USDT,29.57,3.0,29.56,158.0,29.61,115.0,29.62,360.0
1753531854354,12:10:54.354,BANANA/USDT:USDT,29.57,1.0,29.56,158.0,29.6,1.0,29.61,282.0
1753531854561,12:10:54.561,BANANA/USDT:USDT,29.57,1.0,29.56,158.0,29.6,1.0,29.61,282.0
1753531854786,12:10:54.786,BANANA/USDT:USDT,29.57,1.0,29.56,158.0,29.6,41.0,29.61,282.0
1753531855114,12:10:55.114,BANANA/USDT:USDT,29.57,1.0,29.56,158.0,29.6,43.0,29.61,282.0
1753531855187,12:10:55.187,BANANA/USDT:USDT,29.57,1.0,29.56,158.0,29.6,45.0,29.61,282.0
1753531857074,12:10:57.074,BANANA/USDT:USDT,29.57,1.0,29.56,158.0,29.6,45.0,29.61,282.0
1753531857470,12:10:57.470,BANANA/USDT:USDT,29.57,1.0,29.56,158.0,29.6,41.0,29.61,385.0
1753531857564,12:10:57.564,BANANA/USDT:USDT,29.57,3.0,29.56,158.0,29.6,1.0,29.61,218.0
1753531857644,12:10:57.644,BANANA/USDT:USDT,29.57,3.0,29.56,158.0,29.6,1.0,29.61,143.0
1753531857752,12:10:57.752,BANANA/USDT:USDT,29.57,43.0,29.56,158.0,29.6,1.0,29.61,103.0
1753531858155,12:10:58.155,BANANA/USDT:USDT,29.57,41.0,29.56,158.0,29.6,3.0,29.61,190.0
1753531858394,12:10:58.394,BANANA/USDT:USDT,29.57,41.0,29.56,158.0,29.6,3.0,29.61,190.0
1753531859521,12:10:59.521,BANANA/USDT:USDT,29.57,43.0,29.56,158.0,29.6,3.0,29.61,190.0
1753531859730,12:10:59.730,BANANA/USDT:USDT,29.57,43.0,29.56,158.0,29.6,3.0,29.61,190.0
1753531860022,12:11:00.022,BANANA/USDT:USDT,29.57,41.0,29.56,158.0,29.6,3.0,29.61,190.0
1753531860236,12:11:00.236,BANANA/USDT:USDT,29.57,43.0,29.56,158.0,29.6,3.0,29.61,190.0
1753531860273,12:11:00.273,BANANA/USDT:USDT,29.57,41.0,29.56,158.0,29.6,3.0,29.61,190.0
1753531860431,12:11:00.431,BANANA/USDT:USDT,29.57,43.0,29.56,158.0,29.6,3.0,29.61,190.0
1753531860689,12:11:00.689,BANANA/USDT:USDT,29.57,41.0,29.56,158.0,29.6,3.0,29.61,190.0
1753531861348,12:11:01.348,BANANA/USDT:USDT,29.57,41.0,29.56,158.0,29.6,3.0,29.61,190.0
1753531861426,12:11:01.426,BANANA/USDT:USDT,29.57,41.0,29.56,158.0,29.6,3.0,29.61,190.0
1753531861777,12:11:01.777,BANANA/USDT:USDT,29.57,71.0,29.56,158.0,29.6,3.0,29.61,190.0
1753531861926,12:11:01.926,BANANA/USDT:USDT,29.57,71.0,29.56,158.0,29.6,3.0,29.61,190.0
1753531862224,12:11:02.224,BANANA/USDT:USDT,29.57,73.0,29.56,158.0,29.6,3.0,29.61,190.0
1753531862342,12:11:02.342,BANANA/USDT:USDT,29.57,71.0,29.56,158.0,29.6,3.0,29.61,190.0
1753531862401,12:11:02.401,BANANA/USDT:USDT,29.57,73.0,29.56,158.0,29.6,3.0,29.61,190.0
1753531862537,12:11:02.537,BANANA/USDT:USDT,29.57,71.0,29.56,158.0,29.6,3.0,29.61,190.0
1753531864553,12:11:04.553,BANANA/USDT:USDT,29.57,71.0,29.56,158.0,29.6,1.0,29.61,190.0
1753531864665,12:11:04.665,BANANA/USDT:USDT,29.57,71.0,29.56,158.0,29.6,1.0,29.61,190.0
1753531864757,12:11:04.757,BANANA/USDT:USDT,29.57,71.0,29.56,158.0,29.6,1.0,29.61,103.0
1753531865314,12:11:05.314,BANANA/USDT:USDT,29.57,71.0,29.56,158.0,29.6,1.0,29.61,175.0
1753531866599,12:11:06.599,BANANA/USDT:USDT,29.57,71.0,29.56,158.0,29.6,1.0,29.61,72.0
1753531866678,12:11:06.678,BANANA/USDT:USDT,29.57,71.0,29.56,158.0,29.6,1.0,29.61,72.0
1753531869276,12:11:09.276,BANANA/USDT:USDT,29.57,71.0,29.56,158.0,29.6,1.0,29.61,72.0
1753531870088,12:11:10.088,BANANA/USDT:USDT,29.57,71.0,29.56,158.0,29.6,1.0,29.61,72.0
1753531871784,12:11:11.784,BANANA/USDT:USDT,29.57,41.0,29.56,158.0,29.6,1.0,29.61,72.0
1753531872683,12:11:12.683,BANANA/USDT:USDT,29.57,41.0,29.56,158.0,29.6,1.0,29.62,291.0
1753531872778,12:11:12.778,BANANA/USDT:USDT,29.57,41.0,29.56,158.0,29.61,88.0,29.62,291.0
1753531873146,12:11:13.146,BANANA/USDT:USDT,29.57,41.0,29.56,158.0,29.61,91.0,29.62,291.0
1753531873559,12:11:13.559,BANANA/USDT:USDT,29.57,41.0,29.56,158.0,29.61,91.0,29.62,291.0
1753531873658,12:11:13.658,BANANA/USDT:USDT,29.57,41.0,29.56,158.0,29.61,1.0,29.62,40.0
1753531873763,12:11:13.763,BANANA/USDT:USDT,29.57,806.0,29.56,158.0,29.61,1.0,29.62,40.0
1753531873829,12:11:13.829,BANANA/USDT:USDT,29.58,2.0,29.57,705.0,29.61,1.0,29.62,40.0
1753531873968,12:11:13.968,BANANA/USDT:USDT,29.59,1.0,29.57,704.0,29.61,1.0,29.62,40.0
1753531874034,12:11:14.034,BANANA/USDT:USDT,29.58,214.0,29.57,704.0,29.61,1.0,29.62,40.0
1753531874134,12:11:14.134,BANANA/USDT:USDT,29.58,214.0,29.57,704.0,29.61,1.0,29.62,40.0
1753531874265,12:11:14.265,BANANA/USDT:USDT,29.58,216.0,29.57,704.0,29.61,1.0,29.62,40.0
1753531874295,12:11:14.295,BANANA/USDT:USDT,29.58,214.0,29.57,704.0,29.61,1.0,29.62,40.0
1753531874423,12:11:14.423,BANANA/USDT:USDT,29.58,214.0,29.57,704.0,29.61,1.0,29.62,40.0
1753531874563,12:11:14.563,BANANA/USDT:USDT,29.58,214.0,29.57,664.0,29.61,1.0,29.62,40.0
1753531874664,12:11:14.664,BANANA/USDT:USDT,29.58,216.0,29.57,664.0,29.61,1.0,29.62,40.0
1753531874857,12:11:14.857,BANANA/USDT:USDT,29.58,214.0,29.57,664.0,29.61,1.0,29.62,40.0
1753531874930,12:11:14.930,BANANA/USDT:USDT,29.58,216.0,29.57,664.0,29.61,1.0,29.62,40.0
1753531875058,12:11:15.058,BANANA/USDT:USDT,29.58,216.0,29.57,664.0,29.61,5.0,29.62,40.0
1753531875125,12:11:15.125,BANANA/USDT:USDT,29.58,216.0,29.57,664.0,29.61,1.0,29.62,40.0
1753531875215,12:11:15.215,BANANA/USDT:USDT,29.58,214.0,29.57,664.0,29.61,3.0,29.62,40.0
1753531875319,12:11:15.319,BANANA/USDT:USDT,29.58,214.0,29.57,664.0,29.61,3.0,29.62,40.0
1753531875525,12:11:15.525,BANANA/USDT:USDT,29.58,214.0,29.57,664.0,29.61,5.0,29.62,40.0
1753531875657,12:11:15.657,BANANA/USDT:USDT,29.58,214.0,29.57,664.0,29.61,1.0,29.62,40.0
1753531875728,12:11:15.728,BANANA/USDT:USDT,29.58,214.0,29.57,664.0,29.61,5.0,29.62,40.0
1753531876031,12:11:16.031,BANANA/USDT:USDT,29.58,1.0,29.57,664.0,29.61,5.0,29.62,291.0
1753531876543,12:11:16.543,BANANA/USDT:USDT,29.58,1.0,29.57,664.0,29.61,132.0,29.62,291.0
1753531876604,12:11:16.604,BANANA/USDT:USDT,29.58,1.0,29.57,563.0,29.61,132.0,29.62,291.0
1753531876914,12:11:16.914,BANANA/USDT:USDT,29.58,1.0,29.56,234.0,29.61,132.0,29.62,291.0
1753531876980,12:11:16.980,BANANA/USDT:USDT,29.57,1.0,29.56,234.0,29.61,132.0,29.62,291.0
1753531877334,12:11:17.334,BANANA/USDT:USDT,29.57,1.0,29.56,245.0,29.61,132.0,29.62,291.0
1753531877386,12:11:17.386,BANANA/USDT:USDT,29.57,1.0,29.55,816.0,29.61,132.0,29.62,291.0
1753531877478,12:11:17.478,BANANA/USDT:USDT,29.56,1.0,29.55,816.0,29.61,132.0,29.62,291.0
1753531878060,12:11:18.060,BANANA/USDT:USDT,29.56,1.0,29.55,816.0,29.61,697.0,29.62,291.0
1753531878094,12:11:18.094,BANANA/USDT:USDT,29.56,1.0,29.55,816.0,29.6,227.0,29.61,693.0
1753531878256,12:11:18.256,BANANA/USDT:USDT,29.56,1.0,29.55,640.0,29.59,5.0,29.6,223.0
1753531878477,12:11:18.477,BANANA/USDT:USDT,29.56,1.0,29.55,640.0,29.59,5.0,29.6,223.0
1753531878895,12:11:18.895,BANANA/USDT:USDT,29.56,1.0,29.55,640.0,29.59,5.0,29.6,223.0
1753531879056,12:11:19.056,BANANA/USDT:USDT,29.56,1.0,29.55,640.0,29.59,5.0,29.6,393.0
1753531879507,12:11:19.507,BANANA/USDT:USDT,29.56,1.0,29.55,640.0,29.59,45.0,29.6,393.0
1753531880659,12:11:20.659,BANANA/USDT:USDT,29.56,1.0,29.55,75.0,29.59,45.0,29.6,393.0
1753531880675,12:11:20.675,BANANA/USDT:USDT,29.56,1.0,29.55,75.0,29.59,45.0,29.6,393.0
1753531881961,12:11:21.961,BANANA/USDT:USDT,29.56,3.0,29.55,75.0,29.59,41.0,29.6,223.0
1753531882064,12:11:22.064,BANANA/USDT:USDT,29.56,5.0,29.55,75.0,29.59,41.0,29.6,40.0
1753531882074,12:11:22.074,BANANA/USDT:USDT,29.56,5.0,29.55,75.0,29.59,41.0,29.6,222.0
1753531882271,12:11:22.271,BANANA/USDT:USDT,29.56,5.0,29.55,115.0,29.59,41.0,29.6,226.0
1753531882340,12:11:22.340,BANANA/USDT:USDT,29.56,5.0,29.55,115.0,29.59,41.0,29.6,226.0
1753531882567,12:11:22.567,BANANA/USDT:USDT,29.56,1.0,29.55,115.0,29.59,45.0,29.6,222.0
1753531882647,12:11:22.647,BANANA/USDT:USDT,29.56,1.0,29.55,115.0,29.59,45.0,29.6,392.0
1753531883114,12:11:23.114,BANANA/USDT:USDT,29.56,3.0,29.55,115.0,29.59,41.0,29.6,392.0
1753531883550,12:11:23.550,BANANA/USDT:USDT,29.56,3.0,29.55,115.0,29.59,43.0,29.6,392.0
1753531883677,12:11:23.677,BANANA/USDT:USDT,29.56,3.0,29.55,115.0,29.59,43.0,29.6,392.0
1753531884452,12:11:24.452,BANANA/USDT:USDT,29.56,45.0,29.55,115.0,29.59,41.0,29.6,392.0
1753531884694,12:11:24.694,BANANA/USDT:USDT,29.56,45.0,29.55,115.0,29.59,41.0,29.6,210.0
1753531886784,12:11:26.784,BANANA/USDT:USDT,29.56,75.0,29.55,115.0,29.59,41.0,29.6,210.0
1753531888477,12:11:28.477,BANANA/USDT:USDT,29.56,71.0,29.55,115.0,29.59,45.0,29.6,210.0
1753531889016,12:11:29.016,BANANA/USDT:USDT,29.56,71.0,29.55,115.0,29.59,45.0,29.6,210.0
1753531890366,12:11:30.366,BANANA/USDT:USDT,29.56,73.0,29.55,115.0,29.59,45.0,29.6,210.0
1753531890823,12:11:30.823,BANANA/USDT:USDT,29.56,73.0,29.55,115.0,29.59,45.0,29.6,210.0
1753531891218,12:11:31.218,BANANA/USDT:USDT,29.56,73.0,29.55,115.0,29.59,45.0,29.6,210.0
1753531891784,12:11:31.784,BANANA/USDT:USDT,29.56,41.0,29.55,115.0,29.59,45.0,29.6,210.0
1753531892295,12:11:32.295,BANANA/USDT:USDT,29.56,41.0,29.55,115.0,29.59,43.0,29.6,210.0
1753531892654,12:11:32.654,BANANA/USDT:USDT,29.56,41.0,29.55,115.0,29.59,45.0,29.6,210.0
1753531892744,12:11:32.744,BANANA/USDT:USDT,29.56,1.0,29.55,115.0,29.59,45.0,29.6,210.0
1753531892814,12:11:32.814,BANANA/USDT:USDT,29.56,1.0,29.54,182.0,29.59,45.0,29.6,210.0
1753531892965,12:11:32.965,BANANA/USDT:USDT,29.55,1.0,29.54,182.0,29.59,45.0,29.6,210.0
1753531893060,12:11:33.060,BANANA/USDT:USDT,29.55,1.0,29.54,182.0,29.58,131.0,29.59,527.0
1753531893124,12:11:33.124,BANANA/USDT:USDT,29.55,1.0,29.54,182.0,29.57,45.0,29.58,129.0
1753531893252,12:11:33.252,BANANA/USDT:USDT,29.55,1.0,29.53,969.0,29.57,44.0,29.58,129.0
1753531893365,12:11:33.365,BANANA/USDT:USDT,29.54,1.0,29.53,606.0,29.57,44.0,29.58,129.0
1753531893469,12:11:33.469,BANANA/USDT:USDT,29.54,3.0,29.53,606.0,29.56,1.0,29.57,40.0
1753531893530,12:11:33.530,BANANA/USDT:USDT,29.54,2.0,29.53,606.0,29.56,1.0,29.57,40.0
1753531893574,12:11:33.574,BANANA/USDT:USDT,29.54,184.0,29.53,606.0,29.56,1.0,29.57,40.0
1753531893921,12:11:33.921,BANANA/USDT:USDT,29.54,182.0,29.53,606.0,29.56,1.0,29.57,40.0
1753531893994,12:11:33.994,BANANA/USDT:USDT,29.54,184.0,29.53,606.0,29.56,1.0,29.57,40.0
1753531894340,12:11:34.340,BANANA/USDT:USDT,29.54,184.0,29.53,606.0,29.56,1.0,29.57,40.0
1753531894664,12:11:34.664,BANANA/USDT:USDT,29.53,610.0,29.52,197.0,29.56,1.0,29.57,40.0
1753531894743,12:11:34.743,BANANA/USDT:USDT,29.54,139.0,29.53,606.0,29.56,1.0,29.57,40.0
1753531894864,12:11:34.864,BANANA/USDT:USDT,29.54,138.0,29.53,606.0,29.56,1.0,29.57,40.0
1753531895215,12:11:35.215,BANANA/USDT:USDT,29.54,140.0,29.53,606.0,29.56,1.0,29.57,40.0
1753531895445,12:11:35.445,BANANA/USDT:USDT,29.54,140.0,29.53,606.0,29.56,1.0,29.57,40.0
1753531895604,12:11:35.604,BANANA/USDT:USDT,29.54,140.0,29.53,606.0,29.56,1.0,29.57,40.0
1753531896120,12:11:36.120,BANANA/USDT:USDT,29.54,140.0,29.53,606.0,29.56,1.0,29.57,40.0
1753531896210,12:11:36.210,BANANA/USDT:USDT,29.54,138.0,29.53,606.0,29.56,1.0,29.57,40.0
1753531896366,12:11:36.366,BANANA/USDT:USDT,29.54,142.0,29.53,606.0,29.56,1.0,29.58,40.0
1753531896547,12:11:36.547,BANANA/USDT:USDT,29.54,140.0,29.53,606.0,29.57,3.0,29.58,127.0
1753531896628,12:11:36.628,BANANA/USDT:USDT,29.55,1.0,29.54,140.0,29.57,3.0,29.58,127.0
1753531896755,12:11:36.755,BANANA/USDT:USDT,29.55,1.0,29.54,140.0,29.58,131.0,29.59,524.0
1753531896829,12:11:36.829,BANANA/USDT:USDT,29.55,33.0,29.54,138.0,29.57,1.0,29.58,129.0
1753531896934,12:11:36.934,BANANA/USDT:USDT,29.55,30.0,29.54,138.0,29.57,1.0,29.58,129.0
1753531897026,12:11:37.026,BANANA/USDT:USDT,29.55,30.0,29.54,138.0,29.57,3.0,29.58,127.0
1753531897081,12:11:37.081,BANANA/USDT:USDT,29.55,30.0,29.54,138.0,29.57,4.0,29.58,127.0
1753531897258,12:11:37.258,BANANA/USDT:USDT,29.55,30.0,29.54,138.0,29.58,131.0,29.59,524.0
1753531897306,12:11:37.306,BANANA/USDT:USDT,29.56,1.0,29.55,30.0,29.57,1.0,29.58,131.0
1753531897441,12:11:37.441,BANANA/USDT:USDT,29.56,1.0,29.55,30.0,29.57,3.0,29.58,131.0
1753531897661,12:11:37.661,BANANA/USDT:USDT,29.56,1.0,29.55,30.0,29.57,3.0,29.58,131.0
1753531898678,12:11:38.678,BANANA/USDT:USDT,29.56,1.0,29.55,30.0,29.57,3.0,29.58,131.0
1753531901778,12:11:41.778,BANANA/USDT:USDT,29.56,1.0,29.54,138.0,29.57,3.0,29.58,131.0
1753531901894,12:11:41.894,BANANA/USDT:USDT,29.55,1.0,29.54,138.0,29.57,5.0,29.58,129.0
1753531901978,12:11:41.978,BANANA/USDT:USDT,29.55,1.0,29.54,138.0,29.57,4.0,29.58,129.0
1753531902113,12:11:42.113,BANANA/USDT:USDT,29.55,1.0,29.54,138.0,29.57,4.0,29.58,129.0
1753531903344,12:11:43.344,BANANA/USDT:USDT,29.55,1.0,29.54,138.0,29.57,4.0,29.58,129.0
1753531903477,12:11:43.477,BANANA/USDT:USDT,29.55,1.0,29.54,138.0,29.57,4.0,29.58,129.0
1753531904563,12:11:44.563,BANANA/USDT:USDT,29.55,1.0,29.53,606.0,29.57,4.0,29.58,129.0
1753531904654,12:11:44.654,BANANA/USDT:USDT,29.54,1.0,29.53,40.0,29.57,4.0,29.58,129.0
1753531904745,12:11:44.745,BANANA/USDT:USDT,29.54,1.0,29.52,127.0,29.56,5.0,29.57,170.0
1753531904814,12:11:44.814,BANANA/USDT:USDT,29.53,1.0,29.52,127.0,29.56,4.0,29.57,170.0
1753531904966,12:11:44.966,BANANA/USDT:USDT,29.53,1.0,29.52,696.0,29.55,3.0,29.56,40.0
1753531905044,12:11:45.044,BANANA/USDT:USDT,29.53,1.0,29.52,696.0,29.56,44.0,29.57,170.0
1753531905093,12:11:45.093,BANANA/USDT:USDT,29.53,1.0,29.52,696.0,29.55,1.0,29.56,44.0
1753531906437,12:11:46.437,BANANA/USDT:USDT,29.53,3.0,29.52,696.0,29.55,1.0,29.56,40.0
1753531906535,12:11:46.535,BANANA/USDT:USDT,29.53,147.0,29.52,696.0,29.55,1.0,29.56,40.0
1753531906684,12:11:46.684,BANANA/USDT:USDT,29.53,147.0,29.52,696.0,29.55,1.0,29.56,40.0
1753531906776,12:11:46.776,BANANA/USDT:USDT,29.53,177.0,29.52,696.0,29.55,1.0,29.56,40.0
1753531906917,12:11:46.917,BANANA/USDT:USDT,29.53,175.0,29.52,696.0,29.55,1.0,29.56,40.0
1753531907214,12:11:47.214,BANANA/USDT:USDT,29.53,217.0,29.52,696.0,29.55,1.0,29.58,127.0
1753531907279,12:11:47.279,BANANA/USDT:USDT,29.53,215.0,29.52,696.0,29.57,1.0,29.58,127.0
1753531907404,12:11:47.404,BANANA/USDT:USDT,29.54,5.0,29.53,213.0,29.57,5.0,29.58,127.0
1753531907842,12:11:47.842,BANANA/USDT:USDT,29.54,1.0,29.53,213.0,29.57,5.0,29.58,127.0
1753531908277,12:11:48.277,BANANA/USDT:USDT,29.54,1.0,29.53,213.0,29.57,5.0,29.58,127.0
1753531909132,12:11:49.132,BANANA/USDT:USDT,29.54,1.0,29.53,213.0,29.57,5.0,29.58,127.0
1753531909173,12:11:49.173,BANANA/USDT:USDT,29.54,41.0,29.53,213.0,29.57,5.0,29.58,127.0
1753531909762,12:11:49.762,BANANA/USDT:USDT,29.54,43.0,29.53,213.0,29.57,5.0,29.58,127.0
1753531909870,12:11:49.870,BANANA/USDT:USDT,29.54,45.0,29.53,213.0,29.57,5.0,29.58,127.0
1753531909977,12:11:49.977,BANANA/USDT:USDT,29.54,45.0,29.53,213.0,29.57,5.0,29.58,127.0
1753531910167,12:11:50.167,BANANA/USDT:USDT,29.54,45.0,29.53,213.0,29.57,1.0,29.58,127.0
1753531910322,12:11:50.322,BANANA/USDT:USDT,29.54,45.0,29.53,213.0,29.57,3.0,29.58,127.0
1753531910438,12:11:50.438,BANANA/USDT:USDT,29.54,45.0,29.53,213.0,29.57,5.0,29.58,127.0
1753531910914,12:11:50.914,BANANA/USDT:USDT,29.54,43.0,29.53,213.0,29.57,5.0,29.58,127.0
1753531911156,12:11:51.156,BANANA/USDT:USDT,29.54,41.0,29.53,213.0,29.57,5.0,29.58,127.0
1753531911237,12:11:51.237,BANANA/USDT:USDT,29.54,43.0,29.53,213.0,29.57,5.0,29.58,127.0
1753531911366,12:11:51.366,BANANA/USDT:USDT,29.54,45.0,29.53,213.0,29.57,5.0,29.58,127.0
1753531911718,12:11:51.718,BANANA/USDT:USDT,29.54,41.0,29.53,213.0,29.57,5.0,29.58,127.0
1753531911778,12:11:51.778,BANANA/USDT:USDT,29.54,43.0,29.53,183.0,29.57,5.0,29.58,127.0
1753531912543,12:11:52.543,BANANA/USDT:USDT,29.54,248.0,29.53,183.0,29.57,1.0,29.6,170.0
1753531912654,12:11:52.654,BANANA/USDT:USDT,29.54,142.0,29.53,183.0,29.59,83.0,29.6,273.0
1753531912714,12:11:52.714,BANANA/USDT:USDT,29.54,142.0,29.53,183.0,29.59,83.0,29.6,273.0
1753531913070,12:11:53.070,BANANA/USDT:USDT,29.54,142.0,29.53,183.0,29.59,83.0,29.6,273.0
1753531913129,12:11:53.129,BANANA/USDT:USDT,29.54,142.0,29.53,183.0,29.59,123.0,29.6,273.0
1753531913362,12:11:53.362,BANANA/USDT:USDT,29.54,142.0,29.53,183.0,29.59,123.0,29.6,273.0
1753531913374,12:11:53.374,BANANA/USDT:USDT,29.54,142.0,29.53,183.0,29.59,123.0,29.6,273.0
1753531914862,12:11:54.862,BANANA/USDT:USDT,29.54,142.0,29.53,183.0,29.59,123.0,29.6,273.0
1753531915005,12:11:55.005,BANANA/USDT:USDT,29.54,142.0,29.53,183.0,29.59,123.0,29.6,273.0
1753531915093,12:11:55.093,BANANA/USDT:USDT,29.54,142.0,29.53,183.0,29.59,123.0,29.6,273.0
1753531915360,12:11:55.360,BANANA/USDT:USDT,29.56,44.0,29.55,229.0,29.59,1.0,29.61,87.0
1753531915464,12:11:55.464,BANANA/USDT:USDT,29.57,1.0,29.56,40.0,29.6,3.0,29.63,170.0
1753531915537,12:11:55.537,BANANA/USDT:USDT,29.57,1.0,29.56,273.0,29.6,3.0,29.61,174.0
1753531915669,12:11:55.669,BANANA/USDT:USDT,29.57,5.0,29.56,273.0,29.6,3.0,29.61,174.0
1753531915683,12:11:55.683,BANANA/USDT:USDT,29.57,5.0,29.56,273.0,29.6,3.0,29.61,174.0
1753531915780,12:11:55.780,BANANA/USDT:USDT,29.57,1.0,29.56,273.0,29.6,5.0,29.61,174.0
1753531915939,12:11:55.939,BANANA/USDT:USDT,29.57,1.0,29.56,273.0,29.6,3.0,29.61,174.0
1753531916024,12:11:56.024,BANANA/USDT:USDT,29.57,1.0,29.56,273.0,29.6,5.0,29.61,174.0
1753531916095,12:11:56.095,BANANA/USDT:USDT,29.57,41.0,29.56,273.0,29.6,5.0,29.61,174.0
1753531916366,12:11:56.366,BANANA/USDT:USDT,29.57,41.0,29.56,273.0,29.6,5.0,29.61,174.0
1753531916524,12:11:56.524,BANANA/USDT:USDT,29.57,41.0,29.56,273.0,29.6,3.0,29.61,174.0
1753531917552,12:11:57.552,BANANA/USDT:USDT,29.57,45.0,29.56,273.0,29.6,3.0,29.61,75.0
1753531917594,12:11:57.594,BANANA/USDT:USDT,29.57,41.0,29.56,273.0,29.6,3.0,29.61,75.0
1753531917894,12:11:57.894,BANANA/USDT:USDT,29.57,41.0,29.56,273.0,29.6,3.0,29.61,75.0
1753531918072,12:11:58.072,BANANA/USDT:USDT,29.57,41.0,29.56,273.0,29.6,3.0,29.61,75.0
1753531918454,12:11:58.454,BANANA/USDT:USDT,29.57,41.0,29.56,273.0,29.6,5.0,29.61,75.0
1753531920281,12:12:00.281,BANANA/USDT:USDT,29.57,45.0,29.56,273.0,29.6,1.0,29.61,75.0
1753531920412,12:12:00.412,BANANA/USDT:USDT,29.57,45.0,29.56,273.0,29.6,1.0,29.61,75.0
1753531920911,12:12:00.911,BANANA/USDT:USDT,29.57,45.0,29.56,273.0,29.6,1.0,29.61,75.0
1753531921355,12:12:01.355,BANANA/USDT:USDT,29.57,45.0,29.56,273.0,29.6,1.0,29.61,75.0
1753531921411,12:12:01.411,BANANA/USDT:USDT,29.57,45.0,29.56,273.0,29.6,1.0,29.61,75.0
1753531922141,12:12:02.141,BANANA/USDT:USDT,29.57,45.0,29.56,273.0,29.6,1.0,29.61,75.0
1753531922678,12:12:02.678,BANANA/USDT:USDT,29.57,45.0,29.56,273.0,29.6,1.0,29.61,75.0
1753531923705,12:12:03.705,BANANA/USDT:USDT,29.57,41.0,29.56,273.0,29.6,5.0,29.61,75.0
1753531924758,12:12:04.758,BANANA/USDT:USDT,29.57,41.0,29.56,273.0,29.6,5.0,29.61,75.0
1753531925896,12:12:05.896,BANANA/USDT:USDT,29.57,41.0,29.56,273.0,29.6,5.0,29.61,75.0
1753531926171,12:12:06.171,BANANA/USDT:USDT,29.57,45.0,29.56,273.0,29.6,1.0,29.63,273.0
1753531926264,12:12:06.264,BANANA/USDT:USDT,29.58,129.0,29.57,292.0,29.62,41.0,29.63,273.0
1753531926303,12:12:06.303,BANANA/USDT:USDT,29.59,1.0,29.58,129.0,29.62,45.0,29.63,273.0
1753531926462,12:12:06.462,BANANA/USDT:USDT,29.59,1.0,29.58,129.0,29.62,43.0,29.63,273.0
1753531926520,12:12:06.520,BANANA/USDT:USDT,29.59,1.0,29.58,129.0,29.62,45.0,29.63,273.0
1753531926859,12:12:06.859,BANANA/USDT:USDT,29.59,1.0,29.58,129.0,29.62,45.0,29.63,273.0
1753531926919,12:12:06.919,BANANA/USDT:USDT,29.59,1.0,29.58,129.0,29.62,43.0,29.63,273.0
1753531926973,12:12:06.973,BANANA/USDT:USDT,29.59,41.0,29.58,129.0,29.62,43.0,29.63,273.0
1753531927191,12:12:07.191,BANANA/USDT:USDT,29.59,41.0,29.58,129.0,29.62,127.0,29.63,273.0
1753531927281,12:12:07.281,BANANA/USDT:USDT,29.59,41.0,29.58,129.0,29.62,127.0,29.63,273.0
1753531927479,12:12:07.479,BANANA/USDT:USDT,29.59,41.0,29.58,129.0,29.62,127.0,29.63,273.0
1753531929522,12:12:09.522,BANANA/USDT:USDT,29.59,41.0,29.58,129.0,29.62,123.0,29.63,273.0
1753531929589,12:12:09.589,BANANA/USDT:USDT,29.59,41.0,29.58,129.0,29.62,127.0,29.63,273.0
1753531929705,12:12:09.705,BANANA/USDT:USDT,29.59,41.0,29.58,129.0,29.62,127.0,29.63,273.0
1753531930268,12:12:10.268,BANANA/USDT:USDT,29.57,291.0,29.56,443.0,29.62,127.0,29.63,273.0
1753531930368,12:12:10.368,BANANA/USDT:USDT,29.57,40.0,29.56,210.0,29.61,40.0,29.62,123.0
1753531930464,12:12:10.464,BANANA/USDT:USDT,29.58,1.0,29.57,40.0,29.61,44.0,29.62,122.0
1753531930509,12:12:10.509,BANANA/USDT:USDT,29.57,40.0,29.56,40.0,29.61,44.0,29.62,122.0
1753531930654,12:12:10.654,BANANA/USDT:USDT,29.57,40.0,29.56,254.0,29.61,292.0,29.62,946.0
1753531931078,12:12:11.078,BANANA/USDT:USDT,29.57,40.0,29.56,254.0,29.61,292.0,29.62,946.0
1753531931408,12:12:11.408,BANANA/USDT:USDT,29.57,40.0,29.56,254.0,29.6,45.0,29.61,288.0
1753531931542,12:12:11.542,BANANA/USDT:USDT,29.57,40.0,29.56,254.0,29.6,45.0,29.61,288.0
1753531932007,12:12:12.007,BANANA/USDT:USDT,29.57,40.0,29.56,254.0,29.6,45.0,29.61,288.0
1753531932279,12:12:12.279,BANANA/USDT:USDT,29.57,40.0,29.56,254.0,29.6,45.0,29.61,288.0
1753531933468,12:12:13.468,BANANA/USDT:USDT,29.57,40.0,29.56,40.0,29.6,45.0,29.61,288.0
1753531933475,12:12:13.475,BANANA/USDT:USDT,29.56,40.0,29.55,802.0,29.6,45.0,29.61,288.0
1753531933660,12:12:13.660,BANANA/USDT:USDT,29.56,177.0,29.55,802.0,29.6,45.0,29.61,288.0
1753531933959,12:12:13.959,BANANA/USDT:USDT,29.56,177.0,29.55,802.0,29.6,45.0,29.61,288.0
1753531935614,12:12:15.614,BANANA/USDT:USDT,29.56,177.0,29.55,802.0,29.6,43.0,29.61,127.0
1753531935714,12:12:15.714,BANANA/USDT:USDT,29.56,177.0,29.55,802.0,29.6,227.0,29.61,699.0
1753531935982,12:12:15.982,BANANA/USDT:USDT,29.56,177.0,29.55,802.0,29.6,227.0,29.61,699.0
1753531937079,12:12:17.079,BANANA/USDT:USDT,29.56,177.0,29.55,802.0,29.6,227.0,29.61,699.0
1753531937239,12:12:17.239,BANANA/USDT:USDT,29.56,177.0,29.55,802.0,29.6,225.0,29.61,699.0
1753531937308,12:12:17.308,BANANA/USDT:USDT,29.56,177.0,29.55,802.0,29.6,225.0,29.61,699.0
1753531937408,12:12:17.408,BANANA/USDT:USDT,29.56,177.0,29.55,802.0,29.6,225.0,29.61,699.0
1753531938431,12:12:18.431,BANANA/USDT:USDT,29.56,177.0,29.55,802.0,29.6,225.0,29.61,699.0
1753531938526,12:12:18.526,BANANA/USDT:USDT,29.56,177.0,29.55,802.0,29.6,225.0,29.61,699.0
1753531938940,12:12:18.940,BANANA/USDT:USDT,29.56,177.0,29.55,802.0,29.6,225.0,29.61,699.0
1753531939563,12:12:19.563,BANANA/USDT:USDT,29.56,177.0,29.55,802.0,29.6,41.0,29.61,699.0
1753531939758,12:12:19.758,BANANA/USDT:USDT,29.56,177.0,29.55,802.0,29.6,41.0,29.61,699.0
1753531941878,12:12:21.878,BANANA/USDT:USDT,29.56,177.0,29.55,802.0,29.6,41.0,29.61,699.0
1753531944494,12:12:24.494,BANANA/USDT:USDT,29.56,177.0,29.55,802.0,29.6,41.0,29.61,127.0
1753531944624,12:12:24.624,BANANA/USDT:USDT,29.56,278.0,29.55,802.0,29.6,41.0,29.61,127.0
1753531944856,12:12:24.856,BANANA/USDT:USDT,29.56,177.0,29.55,802.0,29.6,41.0,29.61,127.0
1753531944911,12:12:24.911,BANANA/USDT:USDT,29.56,278.0,29.55,802.0,29.6,41.0,29.61,127.0
1753531945276,12:12:25.276,BANANA/USDT:USDT,29.56,177.0,29.55,802.0,29.6,41.0,29.61,127.0
1753531945550,12:12:25.550,BANANA/USDT:USDT,29.56,278.0,29.55,802.0,29.6,41.0,29.61,127.0
1753531945607,12:12:25.607,BANANA/USDT:USDT,29.56,278.0,29.55,802.0,29.6,1.0,29.61,127.0
1753531946369,12:12:26.369,BANANA/USDT:USDT,29.56,379.0,29.55,701.0,29.6,1.0,29.61,127.0
1753531946453,12:12:26.453,BANANA/USDT:USDT,29.57,44.0,29.56,278.0,29.6,1.0,29.61,127.0
1753531946679,12:12:26.679,BANANA/USDT:USDT,29.57,44.0,29.56,278.0,29.6,1.0,29.61,127.0
1753531946777,12:12:26.777,BANANA/USDT:USDT,29.57,44.0,29.56,278.0,29.6,1.0,29.61,127.0
1753531947589,12:12:27.589,BANANA/USDT:USDT,29.57,42.0,29.56,278.0,29.6,1.0,29.61,127.0
1753531947900,12:12:27.900,BANANA/USDT:USDT,29.57,40.0,29.56,278.0,29.6,5.0,29.61,127.0
1753531949050,12:12:29.050,BANANA/USDT:USDT,29.57,40.0,29.56,278.0,29.6,5.0,29.61,127.0
1753531950477,12:12:30.477,BANANA/USDT:USDT,29.57,42.0,29.56,278.0,29.6,5.0,29.61,127.0
1753531950861,12:12:30.861,BANANA/USDT:USDT,29.57,42.0,29.56,278.0,29.6,5.0,29.61,127.0
1753531951480,12:12:31.480,BANANA/USDT:USDT,29.57,42.0,29.56,278.0,29.6,5.0,29.61,127.0
1753531952189,12:12:32.189,BANANA/USDT:USDT,29.57,40.0,29.56,278.0,29.6,5.0,29.61,127.0
1753531955754,12:12:35.754,BANANA/USDT:USDT,29.57,42.0,29.56,278.0,29.6,1.0,29.61,127.0
1753531956278,12:12:36.278,BANANA/USDT:USDT,29.57,42.0,29.56,278.0,29.6,1.0,29.61,127.0
1753531957374,12:12:37.374,BANANA/USDT:USDT,29.57,42.0,29.56,278.0,29.6,3.0,29.61,127.0
1753531958401,12:12:38.401,BANANA/USDT:USDT,29.57,40.0,29.56,278.0,29.6,3.0,29.61,127.0
1753531958497,12:12:38.497,BANANA/USDT:USDT,29.57,42.0,29.56,278.0,29.6,3.0,29.61,127.0
1753531959901,12:12:39.901,BANANA/USDT:USDT,29.57,42.0,29.56,278.0,29.6,3.0,29.61,127.0
1753531960401,12:12:40.401,BANANA/USDT:USDT,29.57,42.0,29.56,278.0,29.6,3.0,29.61,228.0
1753531960696,12:12:40.696,BANANA/USDT:USDT,29.57,40.0,29.56,278.0,29.6,3.0,29.61,228.0
1753531961079,12:12:41.079,BANANA/USDT:USDT,29.57,40.0,29.56,278.0,29.6,3.0,29.61,228.0
1753531961495,12:12:41.495,BANANA/USDT:USDT,29.57,40.0,29.56,278.0,29.6,3.0,29.61,228.0
1753531963621,12:12:43.621,BANANA/USDT:USDT,29.57,42.0,29.56,278.0,29.6,3.0,29.61,228.0
1753531965238,12:12:45.238,BANANA/USDT:USDT,29.57,42.0,29.56,278.0,29.6,1.0,29.61,228.0
1753531965419,12:12:45.419,BANANA/USDT:USDT,29.57,42.0,29.56,278.0,29.6,3.0,29.61,228.0
1753531965667,12:12:45.667,BANANA/USDT:USDT,29.57,42.0,29.56,278.0,29.6,1.0,29.61,127.0
1753531965735,12:12:45.735,BANANA/USDT:USDT,29.57,42.0,29.56,278.0,29.6,1.0,29.61,40.0
1753531965894,12:12:45.894,BANANA/USDT:USDT,29.57,42.0,29.56,278.0,29.6,1.0,29.61,40.0
1753531965974,12:12:45.974,BANANA/USDT:USDT,29.57,42.0,29.56,278.0,29.6,1.0,29.61,40.0
1753531968201,12:12:48.201,BANANA/USDT:USDT,29.57,42.0,29.56,278.0,29.6,1.0,29.61,40.0
1753531968337,12:12:48.337,BANANA/USDT:USDT,29.57,42.0,29.56,278.0,29.6,1.0,29.61,40.0
1753531970679,12:12:50.679,BANANA/USDT:USDT,29.57,42.0,29.56,278.0,29.6,1.0,29.61,40.0
1753531971726,12:12:51.726,BANANA/USDT:USDT,29.57,40.0,29.56,278.0,29.6,1.0,29.61,40.0
1753531972188,12:12:52.188,BANANA/USDT:USDT,29.57,42.0,29.56,278.0,29.6,1.0,29.61,40.0
1753531973655,12:12:53.655,BANANA/USDT:USDT,29.57,40.0,29.56,278.0,29.6,1.0,29.61,40.0
1753531973728,12:12:53.728,BANANA/USDT:USDT,29.57,42.0,29.56,278.0,29.6,1.0,29.61,40.0
1753531973854,12:12:53.854,BANANA/USDT:USDT,29.57,40.0,29.56,278.0,29.6,1.0,29.61,40.0
1753531973881,12:12:53.881,BANANA/USDT:USDT,29.57,42.0,29.56,278.0,29.6,1.0,29.61,40.0
1753531974184,12:12:54.184,BANANA/USDT:USDT,29.57,42.0,29.56,278.0,29.6,1.0,29.61,40.0
1753531974528,12:12:54.528,BANANA/USDT:USDT,29.57,143.0,29.56,278.0,29.6,1.0,29.61,40.0
1753531974660,12:12:54.660,BANANA/USDT:USDT,29.57,143.0,29.56,278.0,29.6,1.0,29.61,40.0
1753531974898,12:12:54.898,BANANA/USDT:USDT,29.57,143.0,29.56,278.0,29.6,1.0,29.61,40.0
1753531975480,12:12:55.480,BANANA/USDT:USDT,29.57,143.0,29.56,278.0,29.6,1.0,29.61,40.0
1753531976269,12:12:56.269,BANANA/USDT:USDT,29.57,143.0,29.56,278.0,29.6,1.0,29.61,40.0
1753531976275,12:12:56.275,BANANA/USDT:USDT,29.57,143.0,29.56,278.0,29.6,1.0,29.61,40.0
1753531978202,12:12:58.202,BANANA/USDT:USDT,29.57,143.0,29.56,278.0,29.6,1.0,29.61,40.0
1753531978702,12:12:58.702,BANANA/USDT:USDT,29.57,143.0,29.56,278.0,29.6,1.0,29.61,40.0
1753531980334,12:13:00.334,BANANA/USDT:USDT,29.57,141.0,29.56,278.0,29.6,1.0,29.61,40.0
1753531980375,12:13:00.375,BANANA/USDT:USDT,29.57,141.0,29.56,278.0,29.6,1.0,29.61,40.0
1753531985137,12:13:05.137,BANANA/USDT:USDT,29.57,143.0,29.56,278.0,29.6,1.0,29.61,40.0
1753531986184,12:13:06.184,BANANA/USDT:USDT,29.57,143.0,29.56,278.0,29.6,1.0,29.61,40.0
1753531986326,12:13:06.326,BANANA/USDT:USDT,29.57,143.0,29.56,278.0,29.6,1.0,29.61,40.0
1753531986441,12:13:06.441,BANANA/USDT:USDT,29.57,143.0,29.56,278.0,29.6,1.0,29.61,40.0
1753531986494,12:13:06.494,BANANA/USDT:USDT,29.57,143.0,29.56,415.0,29.6,1.0,29.61,40.0
1753531987314,12:13:07.314,BANANA/USDT:USDT,29.57,143.0,29.56,278.0,29.6,1.0,29.61,40.0
1753531987414,12:13:07.414,BANANA/USDT:USDT,29.57,354.0,29.56,840.0,29.6,1.0,29.61,40.0
1753531988156,12:13:08.156,BANANA/USDT:USDT,29.57,354.0,29.56,840.0,29.6,1.0,29.61,40.0
1753531989880,12:13:09.880,BANANA/USDT:USDT,29.57,354.0,29.56,840.0,29.6,1.0,29.61,40.0
1753531990188,12:13:10.188,BANANA/USDT:USDT,29.57,354.0,29.56,840.0,29.6,1.0,29.61,40.0
1753531992152,12:13:12.152,BANANA/USDT:USDT,29.57,352.0,29.56,840.0,29.6,1.0,29.61,40.0
1753531994739,12:13:14.739,BANANA/USDT:USDT,29.57,354.0,29.56,840.0,29.6,1.0,29.61,40.0
1753531996782,12:13:16.782,BANANA/USDT:USDT,29.57,383.0,29.56,840.0,29.6,1.0,29.61,40.0
1753531999480,12:13:19.480,BANANA/USDT:USDT,29.57,383.0,29.56,840.0,29.6,1.0,29.61,40.0
1753532000692,12:13:20.692,BANANA/USDT:USDT,29.57,381.0,29.56,840.0,29.6,1.0,29.61,40.0
1753532000837,12:13:20.837,BANANA/USDT:USDT,29.58,566.0,29.57,170.0,29.6,1.0,29.63,170.0
1753532000897,12:13:20.897,BANANA/USDT:USDT,29.59,119.0,29.58,564.0,29.62,1.0,29.63,170.0
1753532001058,12:13:21.058,BANANA/USDT:USDT,29.59,119.0,29.58,564.0,29.62,3.0,29.63,170.0
1753532001154,12:13:21.154,BANANA/USDT:USDT,29.59,119.0,29.58,564.0,29.62,5.0,29.63,170.0
1753532001210,12:13:21.210,BANANA/USDT:USDT,29.59,119.0,29.58,562.0,29.62,5.0,29.63,170.0
1753532001474,12:13:21.474,BANANA/USDT:USDT,29.59,119.0,29.58,562.0,29.62,5.0,29.63,170.0
1753532001796,12:13:21.796,BANANA/USDT:USDT,29.59,119.0,29.58,562.0,29.62,5.0,29.63,170.0
1753532001889,12:13:21.889,BANANA/USDT:USDT,29.59,119.0,29.58,562.0,29.62,5.0,29.63,170.0
1753532002250,12:13:22.250,BANANA/USDT:USDT,29.59,119.0,29.58,562.0,29.62,3.0,29.63,170.0
1753532002420,12:13:22.420,BANANA/USDT:USDT,29.59,119.0,29.58,562.0,29.62,3.0,29.64,75.0
1753532002485,12:13:22.485,BANANA/USDT:USDT,29.59,119.0,29.58,562.0,29.62,2.0,29.63,1.0
1753532003114,12:13:23.114,BANANA/USDT:USDT,29.59,119.0,29.58,562.0,29.62,2.0,29.63,41.0
1753532003254,12:13:23.254,BANANA/USDT:USDT,29.59,119.0,29.58,562.0,29.62,4.0,29.63,41.0
1753532003370,12:13:23.370,BANANA/USDT:USDT,29.58,562.0,29.57,141.0,29.62,4.0,29.63,139.0
1753532003394,12:13:23.394,BANANA/USDT:USDT,29.58,562.0,29.57,141.0,29.62,4.0,29.63,139.0
1753532003514,12:13:23.514,BANANA/USDT:USDT,29.58,562.0,29.57,141.0,29.62,4.0,29.63,139.0
1753532004134,12:13:24.134,BANANA/USDT:USDT,29.58,562.0,29.57,141.0,29.62,137.0,29.63,309.0
1753532004195,12:13:24.195,BANANA/USDT:USDT,29.58,562.0,29.57,141.0,29.61,5.0,29.62,133.0
1753532004336,12:13:24.336,BANANA/USDT:USDT,29.58,562.0,29.57,141.0,29.61,5.0,29.62,133.0
1753532006267,12:13:26.267,BANANA/USDT:USDT,29.58,566.0,29.57,141.0,29.61,1.0,29.62,40.0
1753532006371,12:13:26.371,BANANA/USDT:USDT,29.58,566.0,29.57,141.0,29.61,1.0,29.62,132.0
1753532006377,12:13:26.377,BANANA/USDT:USDT,29.58,566.0,29.57,141.0,29.61,1.0,29.62,40.0
1753532006514,12:13:26.514,BANANA/USDT:USDT,29.59,172.0,29.58,564.0,29.61,1.0,29.62,40.0
1753532006749,12:13:26.749,BANANA/USDT:USDT,29.59,170.0,29.58,562.0,29.61,3.0,29.62,40.0
1753532006785,12:13:26.785,BANANA/USDT:USDT,29.59,199.0,29.58,562.0,29.61,1.0,29.62,40.0
1753532007088,12:13:27.088,BANANA/USDT:USDT,29.59,29.0,29.58,562.0,29.61,3.0,29.62,40.0
1753532007462,12:13:27.462,BANANA/USDT:USDT,29.59,29.0,29.58,562.0,29.61,1.0,29.62,40.0
1753532007571,12:13:27.571,BANANA/USDT:USDT,29.59,29.0,29.58,562.0,29.61,1.0,29.62,40.0
1753532008320,12:13:28.320,BANANA/USDT:USDT,29.59,189.0,29.58,562.0,29.61,1.0,29.62,40.0
1753532009066,12:13:29.066,BANANA/USDT:USDT,29.59,187.0,29.58,562.0,29.61,1.0,29.62,40.0
1753532009094,12:13:29.094,BANANA/USDT:USDT,29.59,189.0,29.58,562.0,29.61,1.0,29.62,40.0
1753532010896,12:13:30.896,BANANA/USDT:USDT,29.59,189.0,29.58,562.0,29.61,1.0,29.62,40.0
1753532011054,12:13:31.054,BANANA/USDT:USDT,29.59,189.0,29.58,562.0,29.61,1.0,29.62,40.0
1753532011415,12:13:31.415,BANANA/USDT:USDT,29.59,29.0,29.58,562.0,29.61,3.0,29.62,40.0
1753532011556,12:13:31.556,BANANA/USDT:USDT,29.59,29.0,29.58,562.0,29.61,3.0,29.62,114.0
1753532011606,12:13:31.606,BANANA/USDT:USDT,29.59,29.0,29.58,562.0,29.61,3.0,29.62,114.0
1753532012016,12:13:32.016,BANANA/USDT:USDT,29.59,29.0,29.58,562.0,29.61,45.0,29.62,114.0
1753532012078,12:13:32.078,BANANA/USDT:USDT,29.59,29.0,29.58,562.0,29.61,44.0,29.62,114.0
1753532012420,12:13:32.420,BANANA/USDT:USDT,29.59,29.0,29.58,562.0,29.61,44.0,29.62,114.0
1753532013635,12:13:33.635,BANANA/USDT:USDT,29.57,101.0,29.56,40.0,29.61,44.0,29.62,114.0
1753532013734,12:13:33.734,BANANA/USDT:USDT,29.57,282.0,29.56,602.0,29.6,1.0,29.61,42.0
1753532013882,12:13:33.882,BANANA/USDT:USDT,29.57,282.0,29.56,602.0,29.6,1.0,29.61,42.0
1753532014054,12:13:34.054,BANANA/USDT:USDT,29.57,282.0,29.56,602.0,29.6,3.0,29.61,40.0
1753532014094,12:13:34.094,BANANA/USDT:USDT,29.57,282.0,29.56,602.0,29.6,5.0,29.61,127.0
1753532014495,12:13:34.495,BANANA/USDT:USDT,29.57,284.0,29.56,602.0,29.6,5.0,29.61,127.0
1753532015667,12:13:35.667,BANANA/USDT:USDT,29.57,284.0,29.56,602.0,29.6,5.0,29.61,127.0
1753532016262,12:13:36.262,BANANA/USDT:USDT,29.55,16.0,29.54,16.0,29.58,40.0,29.59,141.0
1753532016354,12:13:36.354,BANANA/USDT:USDT,29.56,16.0,29.55,25.0,29.58,42.0,29.59,141.0
1753532016460,12:13:36.460,BANANA/USDT:USDT,29.56,18.0,29.55,25.0,29.58,40.0,29.59,40.0
1753532016538,12:13:36.538,BANANA/USDT:USDT,29.56,18.0,29.55,25.0,29.58,40.0,29.59,40.0
1753532016614,12:13:36.614,BANANA/USDT:USDT,29.56,18.0,29.55,100.0,29.58,40.0,29.59,40.0
1753532016724,12:13:36.724,BANANA/USDT:USDT,29.56,18.0,29.55,100.0,29.58,41.0,29.59,40.0
1753532016904,12:13:36.904,BANANA/USDT:USDT,29.56,18.0,29.55,100.0,29.58,41.0,29.59,40.0
1753532017294,12:13:37.294,BANANA/USDT:USDT,29.56,18.0,29.55,261.0,29.58,41.0,29.59,40.0
1753532017503,12:13:37.503,BANANA/USDT:USDT,29.56,20.0,29.55,261.0,29.58,41.0,29.59,40.0
1753532017635,12:13:37.635,BANANA/USDT:USDT,29.57,16.0,29.56,60.0,29.58,1.0,29.59,42.0
1753532017754,12:13:37.754,BANANA/USDT:USDT,29.57,18.0,29.56,56.0,29.59,43.0,29.6,210.0
1753532017947,12:13:37.947,BANANA/USDT:USDT,29.57,18.0,29.56,56.0,29.59,43.0,29.6,210.0
1753532018157,12:13:38.157,BANANA/USDT:USDT,29.57,16.0,29.56,56.0,29.59,41.0,29.6,40.0
1753532018174,12:13:38.174,BANANA/USDT:USDT,29.57,18.0,29.56,56.0,29.59,41.0,29.6,40.0
1753532018441,12:13:38.441,BANANA/USDT:USDT,29.57,16.0,29.56,56.0,29.59,41.0,29.6,40.0
1753532018669,12:13:38.669,BANANA/USDT:USDT,29.57,18.0,29.56,56.0,29.59,41.0,29.6,40.0
1753532018674,12:13:38.674,BANANA/USDT:USDT,29.57,18.0,29.56,56.0,29.59,41.0,29.6,40.0
1753532018944,12:13:38.944,BANANA/USDT:USDT,29.57,18.0,29.56,56.0,29.59,1.0,29.6,40.0
1753532019060,12:13:39.060,BANANA/USDT:USDT,29.58,16.0,29.57,16.0,29.6,45.0,29.61,285.0
1753532019079,12:13:39.079,BANANA/USDT:USDT,29.58,16.0,29.57,16.0,29.6,45.0,29.61,285.0
1753532019249,12:13:39.249,BANANA/USDT:USDT,29.58,16.0,29.57,16.0,29.6,43.0,29.61,285.0
1753532019394,12:13:39.394,BANANA/USDT:USDT,29.58,16.0,29.57,16.0,29.6,45.0,29.61,285.0
1753532019894,12:13:39.894,BANANA/USDT:USDT,29.58,16.0,29.57,16.0,29.6,45.0,29.61,285.0
1753532020334,12:13:40.334,BANANA/USDT:USDT,29.57,16.0,29.56,71.0,29.6,45.0,29.61,285.0
1753532020387,12:13:40.387,BANANA/USDT:USDT,29.57,16.0,29.56,71.0,29.6,45.0,29.61,384.0
1753532020597,12:13:40.597,BANANA/USDT:USDT,29.57,16.0,29.56,71.0,29.6,45.0,29.61,384.0
1753532025094,12:13:45.094,BANANA/USDT:USDT,29.57,16.0,29.56,71.0,29.6,45.0,29.61,384.0
1753532026170,12:13:46.170,BANANA/USDT:USDT,29.58,16.0,29.57,16.0,29.6,43.0,29.61,384.0
1753532026254,12:13:46.254,BANANA/USDT:USDT,29.58,18.0,29.57,16.0,29.6,41.0,29.61,384.0
1753532026283,12:13:46.283,BANANA/USDT:USDT,29.58,16.0,29.57,16.0,29.6,43.0,29.61,384.0
1753532026382,12:13:46.382,BANANA/USDT:USDT,29.58,18.0,29.57,16.0,29.6,43.0,29.61,384.0
1753532026714,12:13:46.714,BANANA/USDT:USDT,29.58,16.0,29.57,16.0,29.6,45.0,29.61,384.0
1753532027054,12:13:47.054,BANANA/USDT:USDT,29.58,18.0,29.57,16.0,29.6,41.0,29.61,309.0
1753532028674,12:13:48.674,BANANA/USDT:USDT,29.58,18.0,29.57,16.0,29.6,41.0,29.61,309.0
1753532029197,12:13:49.197,BANANA/USDT:USDT,29.58,16.0,29.57,16.0,29.6,43.0,29.61,309.0
1753532029880,12:13:49.880,BANANA/USDT:USDT,29.58,16.0,29.57,16.0,29.6,43.0,29.61,309.0
1753532030306,12:13:50.306,BANANA/USDT:USDT,29.58,16.0,29.57,16.0,29.6,45.0,29.61,309.0
1753532030386,12:13:50.386,BANANA/USDT:USDT,29.58,16.0,29.57,16.0,29.6,45.0,29.61,309.0
1753532030914,12:13:50.914,BANANA/USDT:USDT,29.58,16.0,29.57,16.0,29.6,45.0,29.61,309.0
1753532033757,12:13:53.757,BANANA/USDT:USDT,29.58,16.0,29.57,16.0,29.6,45.0,29.61,309.0
1753532034683,12:13:54.683,BANANA/USDT:USDT,29.58,16.0,29.57,16.0,29.6,45.0,29.61,309.0
1753532034920,12:13:54.920,BANANA/USDT:USDT,29.58,16.0,29.57,16.0,29.6,45.0,29.61,309.0
1753532035746,12:13:55.746,BANANA/USDT:USDT,29.58,16.0,29.57,16.0,29.6,45.0,29.61,309.0
1753532036333,12:13:56.333,BANANA/USDT:USDT,29.58,16.0,29.57,16.0,29.6,45.0,29.61,309.0
1753532038894,12:13:58.894,BANANA/USDT:USDT,29.57,16.0,29.56,71.0,29.6,45.0,29.61,309.0
1753532039145,12:13:59.145,BANANA/USDT:USDT,29.57,16.0,29.56,71.0,29.6,45.0,29.61,309.0
1753532039494,12:13:59.494,BANANA/USDT:USDT,29.57,16.0,29.56,71.0,29.6,45.0,29.61,309.0
1753532040860,12:14:00.860,BANANA/USDT:USDT,29.57,16.0,29.56,71.0,29.6,43.0,29.61,309.0
1753532041355,12:14:01.355,BANANA/USDT:USDT,29.57,16.0,29.56,71.0,29.6,43.0,29.61,309.0
1753532041679,12:14:01.679,BANANA/USDT:USDT,29.57,56.0,29.56,71.0,29.6,43.0,29.61,309.0
1753532044281,12:14:04.281,BANANA/USDT:USDT,29.57,56.0,29.56,71.0,29.6,43.0,29.61,309.0
1753532046365,12:14:06.365,BANANA/USDT:USDT,29.57,56.0,29.56,71.0,29.6,43.0,29.61,309.0
1753532047866,12:14:07.866,BANANA/USDT:USDT,29.56,71.0,29.55,425.0,29.6,43.0,29.61,309.0
1753532047878,12:14:07.878,BANANA/USDT:USDT,29.56,71.0,29.55,276.0,29.6,43.0,29.61,309.0
1753532048127,12:14:08.127,BANANA/USDT:USDT,29.56,71.0,29.55,307.0,29.6,43.0,29.61,309.0
1753532049081,12:14:09.081,BANANA/USDT:USDT,29.56,71.0,29.55,307.0,29.6,43.0,29.61,309.0
1753532053881,12:14:13.881,BANANA/USDT:USDT,29.56,71.0,29.55,307.0,29.6,43.0,29.61,309.0
1753532055000,12:14:15.000,BANANA/USDT:USDT,29.56,71.0,29.55,307.0,29.6,160.0,29.61,560.0
1753532057658,12:14:17.658,BANANA/USDT:USDT,29.56,71.0,29.55,307.0,29.6,160.0,29.61,560.0
1753532057678,12:14:17.678,BANANA/USDT:USDT,29.56,71.0,29.55,307.0,29.6,160.0,29.61,560.0
1753532058691,12:14:18.691,BANANA/USDT:USDT,29.56,71.0,29.55,307.0,29.6,160.0,29.61,560.0
1753532060070,12:14:20.070,BANANA/USDT:USDT,29.56,71.0,29.55,307.0,29.6,160.0,29.61,560.0
1753532060497,12:14:20.497,BANANA/USDT:USDT,29.56,71.0,29.55,307.0,29.6,160.0,29.61,560.0
1753532060866,12:14:20.866,BANANA/USDT:USDT,29.56,71.0,29.55,307.0,29.6,160.0,29.61,560.0
1753532060874,12:14:20.874,BANANA/USDT:USDT,29.56,71.0,29.55,307.0,29.6,160.0,29.61,560.0
1753532061969,12:14:21.969,BANANA/USDT:USDT,29.56,71.0,29.55,307.0,29.6,160.0,29.61,560.0
1753532063482,12:14:23.482,BANANA/USDT:USDT,29.56,71.0,29.55,307.0,29.6,160.0,29.61,560.0
1753532064868,12:14:24.868,BANANA/USDT:USDT,29.55,31.0,29.54,251.0,29.6,330.0,29.61,560.0
1753532064966,12:14:24.966,BANANA/USDT:USDT,29.55,31.0,29.54,282.0,29.6,431.0,29.61,560.0
1753532065054,12:14:25.054,BANANA/USDT:USDT,29.56,16.0,29.55,31.0,29.59,134.0,29.6,429.0
1753532065095,12:14:25.095,BANANA/USDT:USDT,29.56,18.0,29.55,31.0,29.58,1.0,29.59,134.0
1753532065194,12:14:25.194,BANANA/USDT:USDT,29.56,18.0,29.55,106.0,29.59,134.0,29.6,428.0
1753532065335,12:14:25.335,BANANA/USDT:USDT,29.56,18.0,29.55,106.0,29.58,1.0,29.59,134.0
1753532066160,12:14:26.160,BANANA/USDT:USDT,29.56,18.0,29.55,106.0,29.58,1.0,29.59,134.0
1753532067171,12:14:27.171,BANANA/USDT:USDT,29.56,16.0,29.55,106.0,29.58,1.0,29.59,134.0
1753532067317,12:14:27.317,BANANA/USDT:USDT,29.57,16.0,29.56,18.0,29.58,1.0,29.59,134.0
1753532067408,12:14:27.408,BANANA/USDT:USDT,29.57,16.0,29.56,18.0,29.58,1.0,29.59,134.0
1753532068282,12:14:28.282,BANANA/USDT:USDT,29.57,16.0,29.56,18.0,29.58,1.0,29.59,134.0
1753532068671,12:14:28.671,BANANA/USDT:USDT,29.57,16.0,29.56,18.0,29.58,1.0,29.6,258.0
1753532068757,12:14:28.757,BANANA/USDT:USDT,29.58,16.0,29.57,16.0,29.59,1.0,29.6,141.0
1753532068845,12:14:28.845,BANANA/USDT:USDT,29.58,16.0,29.57,16.0,29.59,5.0,29.6,141.0
1753532069012,12:14:29.012,BANANA/USDT:USDT,29.58,16.0,29.57,16.0,29.59,5.0,29.6,141.0
1753532069164,12:14:29.164,BANANA/USDT:USDT,29.58,16.0,29.57,16.0,29.59,1.0,29.6,141.0
1753532069234,12:14:29.234,BANANA/USDT:USDT,29.58,16.0,29.57,16.0,29.59,5.0,29.6,141.0
1753532069367,12:14:29.367,BANANA/USDT:USDT,29.58,16.0,29.57,16.0,29.59,5.0,29.6,141.0
1753532069655,12:14:29.655,BANANA/USDT:USDT,29.58,16.0,29.57,16.0,29.59,3.0,29.6,141.0
1753532069694,12:14:29.694,BANANA/USDT:USDT,29.58,16.0,29.57,16.0,29.59,3.0,29.6,141.0
1753532070122,12:14:30.122,BANANA/USDT:USDT,29.58,16.0,29.57,16.0,29.59,5.0,29.6,141.0
1753532070456,12:14:30.456,BANANA/USDT:USDT,29.58,16.0,29.57,16.0,29.59,3.0,29.6,141.0
1753532071139,12:14:31.139,BANANA/USDT:USDT,29.58,16.0,29.57,16.0,29.59,5.0,29.6,141.0
1753532073082,12:14:33.082,BANANA/USDT:USDT,29.58,16.0,29.57,16.0,29.59,5.0,29.6,141.0
1753532076268,12:14:36.268,BANANA/USDT:USDT,29.58,16.0,29.57,16.0,29.59,5.0,29.6,141.0
1753532076318,12:14:36.318,BANANA/USDT:USDT,29.58,16.0,29.57,16.0,29.59,3.0,29.6,141.0
1753532077374,12:14:37.374,BANANA/USDT:USDT,29.58,16.0,29.57,16.0,29.59,1.0,29.6,141.0
1753532077562,12:14:37.562,BANANA/USDT:USDT,29.58,16.0,29.57,16.0,29.59,5.0,29.6,141.0
1753532077944,12:14:37.944,BANANA/USDT:USDT,29.57,16.0,29.56,40.0,29.59,5.0,29.6,141.0
1753532078069,12:14:38.069,BANANA/USDT:USDT,29.57,16.0,29.56,71.0,29.59,5.0,29.6,141.0
1753532078119,12:14:38.119,BANANA/USDT:USDT,29.57,16.0,29.56,71.0,29.59,5.0,29.6,141.0
1753532078280,12:14:38.280,BANANA/USDT:USDT,29.57,16.0,29.56,71.0,29.59,5.0,29.6,141.0
1753532079134,12:14:39.134,BANANA/USDT:USDT,29.56,71.0,29.55,155.0,29.59,5.0,29.6,311.0
