timestamp,time,symbol,bid1_price,bid1_volume,bid2_price,bid2_volume,ask1_price,ask1_volume,ask2_price,ask2_volume
1753531555000,12:05:55.000,AI16Z/USDT:USDT,0.1513,1532.0,0.1512,12792.0,0.1514,5767.0,0.1515,14609.0
1753531555598,12:05:55.598,AI16Z/USDT:USDT,0.1513,1532.0,0.1512,12792.0,0.1514,5767.0,0.1515,14609.0
1753531556009,12:05:56.009,AI16Z/USDT:USDT,0.1513,1532.0,0.1512,12792.0,0.1514,5767.0,0.1515,14609.0
1753531556168,12:05:56.168,AI16Z/USDT:USDT,0.1513,1532.0,0.1512,12805.0,0.1514,4089.0,0.1515,14609.0
1753531556232,12:05:56.232,AI16Z/USDT:USDT,0.1513,2532.0,0.1512,12805.0,0.1514,4889.0,0.1515,14609.0
1753531556418,12:05:56.418,AI16Z/USDT:USDT,0.1513,2532.0,0.1512,12805.0,0.1514,4089.0,0.1515,14609.0
1753531557220,12:05:57.220,AI16Z/USDT:USDT,0.1513,1532.0,0.1512,12805.0,0.1514,5557.0,0.1515,14609.0
1753531557314,12:05:57.314,AI16Z/USDT:USDT,0.1513,732.0,0.1512,12805.0,0.1514,5557.0,0.1515,14609.0
1753531557634,12:05:57.634,AI16Z/USDT:USDT,0.1513,732.0,0.1512,12805.0,0.1514,4089.0,0.1515,14609.0
1753531557712,12:05:57.712,AI16Z/USDT:USDT,0.1513,732.0,0.1512,12805.0,0.1514,4089.0,0.1515,14609.0
1753531558148,12:05:58.148,AI16Z/USDT:USDT,0.1513,732.0,0.1512,12805.0,0.1514,4089.0,0.1515,14609.0
1753531558212,12:05:58.212,AI16Z/USDT:USDT,0.1513,2732.0,0.1512,12805.0,0.1514,5357.0,0.1515,14609.0
1753531558309,12:05:58.309,AI16Z/USDT:USDT,0.1513,2732.0,0.1512,12805.0,0.1514,5357.0,0.1515,14609.0
1753531559289,12:05:59.289,AI16Z/USDT:USDT,0.1513,2732.0,0.1512,12805.0,0.1514,4757.0,0.1515,14609.0
1753531560388,12:06:00.388,AI16Z/USDT:USDT,0.1513,2732.0,0.1512,15689.0,0.1514,4757.0,0.1515,14609.0
1753531560569,12:06:00.569,AI16Z/USDT:USDT,0.1513,2732.0,0.1512,15689.0,0.1514,4757.0,0.1515,14609.0
1753531560712,12:06:00.712,AI16Z/USDT:USDT,0.1513,2732.0,0.1512,15689.0,0.1514,4757.0,0.1515,14609.0
1753531561347,12:06:01.347,AI16Z/USDT:USDT,0.1513,2732.0,0.1512,15689.0,0.1514,4757.0,0.1515,14609.0
1753531561423,12:06:01.423,AI16Z/USDT:USDT,0.1513,2732.0,0.1512,15689.0,0.1514,4757.0,0.1515,14445.0
1753531561827,12:06:01.827,AI16Z/USDT:USDT,0.1513,2732.0,0.1512,15689.0,0.1514,4757.0,0.1515,14746.0
1753531562065,12:06:02.065,AI16Z/USDT:USDT,0.1513,2732.0,0.1512,15689.0,0.1514,5557.0,0.1515,14910.0
1753531562291,12:06:02.291,AI16Z/USDT:USDT,0.1513,732.0,0.1512,15689.0,0.1514,5557.0,0.1515,14910.0
1753531562819,12:06:02.819,AI16Z/USDT:USDT,0.1513,732.0,0.1512,15689.0,0.1514,2752.0,0.1515,14910.0
1753531563243,12:06:03.243,AI16Z/USDT:USDT,0.1513,3132.0,0.1512,15689.0,0.1514,4089.0,0.1515,14910.0
1753531563369,12:06:03.369,AI16Z/USDT:USDT,0.1513,3132.0,0.1512,15689.0,0.1514,4089.0,0.1515,16330.0
1753531563716,12:06:03.716,AI16Z/USDT:USDT,0.1513,3132.0,0.1512,15689.0,0.1514,4089.0,0.1515,16330.0
1753531563847,12:06:03.847,AI16Z/USDT:USDT,0.1513,732.0,0.1512,15689.0,0.1514,4089.0,0.1515,16330.0
1753531563997,12:06:03.997,AI16Z/USDT:USDT,0.1513,732.0,0.1512,15689.0,0.1514,4089.0,0.1515,16330.0
1753531564142,12:06:04.142,AI16Z/USDT:USDT,0.1513,2932.0,0.1512,15689.0,0.1514,4689.0,0.1515,16330.0
1753531565252,12:06:05.252,AI16Z/USDT:USDT,0.1513,2132.0,0.1512,15689.0,0.1514,4701.0,0.1515,16318.0
1753531565515,12:06:05.515,AI16Z/USDT:USDT,0.1513,2132.0,0.1512,15689.0,0.1514,4101.0,0.1515,16318.0
1753531566011,12:06:06.011,AI16Z/USDT:USDT,0.1513,2132.0,0.1512,15689.0,0.1514,4101.0,0.1515,16318.0
1753531566119,12:06:06.119,AI16Z/USDT:USDT,0.1513,3132.0,0.1512,15689.0,0.1514,4101.0,0.1515,16318.0
1753531566291,12:06:06.291,AI16Z/USDT:USDT,0.1513,2132.0,0.1512,15689.0,0.1514,4101.0,0.1515,16318.0
1753531566712,12:06:06.712,AI16Z/USDT:USDT,0.1513,2132.0,0.1512,15689.0,0.1514,4101.0,0.1515,16318.0
1753531566850,12:06:06.850,AI16Z/USDT:USDT,0.1513,2132.0,0.1512,15689.0,0.1514,4769.0,0.1515,14898.0
1753531566942,12:06:06.942,AI16Z/USDT:USDT,0.1513,732.0,0.1512,15689.0,0.1514,4769.0,0.1515,16318.0
1753531567108,12:06:07.108,AI16Z/USDT:USDT,0.1513,732.0,0.1512,15689.0,0.1514,6369.0,0.1515,16318.0
1753531568493,12:06:08.493,AI16Z/USDT:USDT,0.1513,732.0,0.1512,15689.0,0.1514,5715.0,0.1515,16168.0
1753531568596,12:06:08.596,AI16Z/USDT:USDT,0.1513,732.0,0.1512,15689.0,0.1514,6383.0,0.1515,16168.0
1753531569086,12:06:09.086,AI16Z/USDT:USDT,0.1513,2132.0,0.1512,15689.0,0.1514,6383.0,0.1515,16168.0
1753531569137,12:06:09.137,AI16Z/USDT:USDT,0.1513,2132.0,0.1512,15689.0,0.1514,5715.0,0.1515,16168.0
1753531569397,12:06:09.397,AI16Z/USDT:USDT,0.1513,2132.0,0.1512,15689.0,0.1514,4115.0,0.1515,16168.0
1753531569715,12:06:09.715,AI16Z/USDT:USDT,0.1513,2132.0,0.1512,15689.0,0.1514,4115.0,0.1515,16168.0
1753531570075,12:06:10.075,AI16Z/USDT:USDT,0.1513,3132.0,0.1512,15689.0,0.1514,4101.0,0.1515,16154.0
1753531570768,12:06:10.768,AI16Z/USDT:USDT,0.1513,3132.0,0.1512,15703.0,0.1514,4678.0,0.1515,16168.0
1753531571156,12:06:11.156,AI16Z/USDT:USDT,0.1513,3132.0,0.1512,15703.0,0.1514,4010.0,0.1515,16168.0
1753531572101,12:06:12.101,AI16Z/USDT:USDT,0.1513,3132.0,0.1512,15703.0,0.1514,3645.0,0.1515,16168.0
1753531572501,12:06:12.501,AI16Z/USDT:USDT,0.1514,914.0,0.1513,7772.0,0.1515,2579.0,0.1516,25624.0
1753531572595,12:06:12.595,AI16Z/USDT:USDT,0.1514,1010.0,0.1513,7772.0,0.1515,1903.0,0.1516,27376.0
1753531573075,12:06:13.075,AI16Z/USDT:USDT,0.1514,2519.0,0.1513,7772.0,0.1515,5660.0,0.1516,28800.0
1753531573143,12:06:13.143,AI16Z/USDT:USDT,0.1514,2519.0,0.1513,7772.0,0.1515,5660.0,0.1516,28915.0
1753531573426,12:06:13.426,AI16Z/USDT:USDT,0.1514,2519.0,0.1513,7772.0,0.1515,6328.0,0.1516,28915.0
1753531573542,12:06:13.542,AI16Z/USDT:USDT,0.1514,919.0,0.1513,7772.0,0.1515,7678.0,0.1516,28915.0
1753531573917,12:06:13.917,AI16Z/USDT:USDT,0.1514,919.0,0.1513,7772.0,0.1515,7010.0,0.1516,28915.0
1753531574105,12:06:14.105,AI16Z/USDT:USDT,0.1514,919.0,0.1513,7772.0,0.1515,7010.0,0.1516,28915.0
1753531574105,12:06:14.105,AI16Z/USDT:USDT,0.1514,919.0,0.1513,7772.0,0.1515,7024.0,0.1516,28929.0
1753531574589,12:06:14.589,AI16Z/USDT:USDT,0.1514,765.0,0.1513,7772.0,0.1515,7024.0,0.1516,28929.0
1753531575019,12:06:15.019,AI16Z/USDT:USDT,0.1514,765.0,0.1513,7772.0,0.1515,7624.0,0.1516,28929.0
1753531575672,12:06:15.672,AI16Z/USDT:USDT,0.1514,765.0,0.1513,7772.0,0.1515,7024.0,0.1516,28929.0
1753531575798,12:06:15.798,AI16Z/USDT:USDT,0.1514,765.0,0.1513,7772.0,0.1515,5624.0,0.1516,28929.0
1753531575858,12:06:15.858,AI16Z/USDT:USDT,0.1514,856.0,0.1513,7772.0,0.1515,4196.0,0.1516,27505.0
1753531575987,12:06:15.987,AI16Z/USDT:USDT,0.1514,856.0,0.1513,7772.0,0.1515,4196.0,0.1516,27505.0
1753531576047,12:06:16.047,AI16Z/USDT:USDT,0.1514,3165.0,0.1513,7772.0,0.1515,5287.0,0.1516,26100.0
1753531576701,12:06:16.701,AI16Z/USDT:USDT,0.1514,3256.0,0.1513,7772.0,0.1515,5287.0,0.1516,26100.0
1753531576755,12:06:16.755,AI16Z/USDT:USDT,0.1514,3165.0,0.1513,7772.0,0.1515,5287.0,0.1516,26100.0
1753531577386,12:06:17.386,AI16Z/USDT:USDT,0.1514,3165.0,0.1513,7772.0,0.1515,5955.0,0.1516,26100.0
1753531577426,12:06:17.426,AI16Z/USDT:USDT,0.1514,765.0,0.1513,7772.0,0.1515,5955.0,0.1516,26100.0
1753531577747,12:06:17.747,AI16Z/USDT:USDT,0.1514,765.0,0.1513,13243.0,0.1515,5955.0,0.1516,26100.0
1753531577986,12:06:17.986,AI16Z/USDT:USDT,0.1514,765.0,0.1513,13243.0,0.1515,6955.0,0.1516,26100.0
1753531578720,12:06:18.720,AI16Z/USDT:USDT,0.1514,765.0,0.1513,13243.0,0.1515,6955.0,0.1516,26100.0
1753531579003,12:06:19.003,AI16Z/USDT:USDT,0.1514,765.0,0.1513,13243.0,0.1515,6955.0,0.1516,26100.0
1753531579067,12:06:19.067,AI16Z/USDT:USDT,0.1514,765.0,0.1513,13243.0,0.1515,6955.0,0.1516,26100.0
1753531579127,12:06:19.127,AI16Z/USDT:USDT,0.1514,765.0,0.1513,13243.0,0.1515,8292.0,0.1516,26100.0
1753531579702,12:06:19.702,AI16Z/USDT:USDT,0.1514,765.0,0.1513,13243.0,0.1515,8292.0,0.1516,26100.0
1753531580041,12:06:20.041,AI16Z/USDT:USDT,0.1514,765.0,0.1513,13243.0,0.1515,6955.0,0.1516,26100.0
1753531580108,12:06:20.108,AI16Z/USDT:USDT,0.1514,765.0,0.1513,13243.0,0.1515,6955.0,0.1516,26100.0
1753531580396,12:06:20.396,AI16Z/USDT:USDT,0.1514,765.0,0.1513,13243.0,0.1515,6287.0,0.1516,26100.0
1753531581287,12:06:21.287,AI16Z/USDT:USDT,0.1514,765.0,0.1513,13243.0,0.1515,8292.0,0.1516,26100.0
1753531581339,12:06:21.339,AI16Z/USDT:USDT,0.1514,765.0,0.1513,13243.0,0.1515,8646.0,0.1516,25746.0
1753531581425,12:06:21.425,AI16Z/USDT:USDT,0.1514,5.0,0.1513,13243.0,0.1515,8646.0,0.1516,25746.0
1753531581801,12:06:21.801,AI16Z/USDT:USDT,0.1514,5.0,0.1513,13243.0,0.1515,8646.0,0.1516,25746.0
1753531581827,12:06:21.827,AI16Z/USDT:USDT,0.1514,5.0,0.1513,12311.0,0.1515,8646.0,0.1516,25746.0
1753531582002,12:06:22.002,AI16Z/USDT:USDT,0.1514,5.0,0.1513,12311.0,0.1515,9046.0,0.1516,25746.0
1753531582007,12:06:22.007,AI16Z/USDT:USDT,0.1514,5.0,0.1513,12979.0,0.1515,9046.0,0.1516,25746.0
1753531582146,12:06:22.146,AI16Z/USDT:USDT,0.1514,5.0,0.1513,12979.0,0.1515,9046.0,0.1516,25746.0
1753531582297,12:06:22.297,AI16Z/USDT:USDT,0.1514,5.0,0.1513,12979.0,0.1515,7873.0,0.1516,25732.0
1753531582403,12:06:22.403,AI16Z/USDT:USDT,0.1514,742.0,0.1513,12990.0,0.1515,5536.0,0.1516,25732.0
1753531582568,12:06:22.568,AI16Z/USDT:USDT,0.1514,742.0,0.1513,12990.0,0.1515,5634.0,0.1516,27149.0
1753531583004,12:06:23.004,AI16Z/USDT:USDT,0.1514,5.0,0.1513,12990.0,0.1515,8639.0,0.1516,27149.0
1753531583922,12:06:23.922,AI16Z/USDT:USDT,0.1514,5.0,0.1513,12990.0,0.1515,9039.0,0.1516,27149.0
1753531584007,12:06:24.007,AI16Z/USDT:USDT,0.1514,5.0,0.1513,12990.0,0.1515,9039.0,0.1516,27149.0
1753531584713,12:06:24.713,AI16Z/USDT:USDT,0.1514,5.0,0.1513,12990.0,0.1515,9039.0,0.1516,27149.0
1753531585006,12:06:25.006,AI16Z/USDT:USDT,0.1514,5.0,0.1513,12990.0,0.1515,9039.0,0.1516,27149.0
1753531585263,12:06:25.263,AI16Z/USDT:USDT,0.1514,5.0,0.1513,12990.0,0.1515,9039.0,0.1516,27149.0
1753531586461,12:06:26.461,AI16Z/USDT:USDT,0.1514,5.0,0.1513,12990.0,0.1515,8639.0,0.1516,27149.0
1753531586633,12:06:26.633,AI16Z/USDT:USDT,0.1514,742.0,0.1513,12990.0,0.1515,7971.0,0.1516,27149.0
1753531586969,12:06:26.969,AI16Z/USDT:USDT,0.1514,5.0,0.1513,12990.0,0.1515,8639.0,0.1516,27149.0
1753531587054,12:06:27.054,AI16Z/USDT:USDT,0.1514,742.0,0.1513,12990.0,0.1515,8457.0,0.1516,27149.0
1753531587137,12:06:27.137,AI16Z/USDT:USDT,0.1514,833.0,0.1513,12990.0,0.1515,6452.0,0.1516,25732.0
1753531587519,12:06:27.519,AI16Z/USDT:USDT,0.1514,833.0,0.1513,12990.0,0.1515,6449.0,0.1516,25732.0
1753531587752,12:06:27.752,AI16Z/USDT:USDT,0.1514,742.0,0.1513,12990.0,0.1515,8636.0,0.1516,25732.0
1753531587874,12:06:27.874,AI16Z/USDT:USDT,0.1514,1742.0,0.1513,12990.0,0.1515,8636.0,0.1516,25732.0
1753531588546,12:06:28.546,AI16Z/USDT:USDT,0.1514,1742.0,0.1513,12990.0,0.1515,8636.0,0.1516,25732.0
1753531588751,12:06:28.751,AI16Z/USDT:USDT,0.1514,1742.0,0.1513,12990.0,0.1515,6968.0,0.1516,25732.0
1753531588931,12:06:28.931,AI16Z/USDT:USDT,0.1514,1742.0,0.1513,12990.0,0.1515,6877.0,0.1516,25732.0
1753531589046,12:06:29.046,AI16Z/USDT:USDT,0.1514,1742.0,0.1513,13003.0,0.1515,6877.0,0.1516,25732.0
1753531589147,12:06:29.147,AI16Z/USDT:USDT,0.1514,1833.0,0.1513,13003.0,0.1515,7545.0,0.1516,25732.0
1753531589290,12:06:29.290,AI16Z/USDT:USDT,0.1514,742.0,0.1513,13003.0,0.1515,7636.0,0.1516,25732.0
1753531590104,12:06:30.104,AI16Z/USDT:USDT,0.1514,5.0,0.1513,13003.0,0.1515,6299.0,0.1516,25732.0
1753531590187,12:06:30.187,AI16Z/USDT:USDT,0.1514,5.0,0.1513,13003.0,0.1515,7636.0,0.1516,25732.0
1753531591037,12:06:31.037,AI16Z/USDT:USDT,0.1514,5.0,0.1513,13003.0,0.1515,9052.0,0.1516,25732.0
1753531591278,12:06:31.278,AI16Z/USDT:USDT,0.1514,96.0,0.1513,13003.0,0.1515,8211.0,0.1516,25732.0
1753531591352,12:06:31.352,AI16Z/USDT:USDT,0.1514,4.0,0.1513,13020.0,0.1515,8301.0,0.1516,25732.0
1753531591746,12:06:31.746,AI16Z/USDT:USDT,0.1514,4.0,0.1513,13020.0,0.1515,8301.0,0.1516,25732.0
1753531592003,12:06:32.003,AI16Z/USDT:USDT,0.1514,4.0,0.1513,13020.0,0.1515,8301.0,0.1516,25732.0
1753531593383,12:06:33.383,AI16Z/USDT:USDT,0.1514,4.0,0.1513,13020.0,0.1515,12046.0,0.1516,25732.0
1753531593409,12:06:33.409,AI16Z/USDT:USDT,0.1514,4.0,0.1513,13020.0,0.1515,12046.0,0.1516,25732.0
1753531594140,12:06:34.140,AI16Z/USDT:USDT,0.1514,4.0,0.1513,13020.0,0.1515,12046.0,0.1516,25732.0
1753531596188,12:06:36.188,AI16Z/USDT:USDT,0.1513,8339.0,0.1512,16813.0,0.1515,14505.0,0.1516,25732.0
1753531596266,12:06:36.266,AI16Z/USDT:USDT,0.1513,7671.0,0.1512,16813.0,0.1515,15843.0,0.1516,25732.0
1753531596587,12:06:36.587,AI16Z/USDT:USDT,0.1513,7671.0,0.1512,14665.0,0.1515,15843.0,0.1516,25732.0
1753531596780,12:06:36.780,AI16Z/USDT:USDT,0.1513,7671.0,0.1512,14665.0,0.1515,17043.0,0.1516,25732.0
1753531597082,12:06:37.082,AI16Z/USDT:USDT,0.1513,7671.0,0.1512,14665.0,0.1515,17043.0,0.1516,25732.0
1753531598303,12:06:38.303,AI16Z/USDT:USDT,0.1513,7671.0,0.1512,14678.0,0.1515,17043.0,0.1516,25732.0
1753531599297,12:06:39.297,AI16Z/USDT:USDT,0.1513,8339.0,0.1512,14678.0,0.1515,17043.0,0.1516,25732.0
1753531599509,12:06:39.509,AI16Z/USDT:USDT,0.1513,8339.0,0.1512,14678.0,0.1515,15843.0,0.1516,25732.0
1753531599608,12:06:39.608,AI16Z/USDT:USDT,0.1513,8339.0,0.1512,14678.0,0.1515,15843.0,0.1516,25732.0
1753531599717,12:06:39.717,AI16Z/USDT:USDT,0.1513,8339.0,0.1512,14678.0,0.1515,15843.0,0.1516,25732.0
1753531600182,12:06:40.182,AI16Z/USDT:USDT,0.1514,3234.0,0.1513,8602.0,0.1515,3586.0,0.1516,25732.0
1753531600671,12:06:40.671,AI16Z/USDT:USDT,0.1514,3148.0,0.1513,8601.0,0.1515,3769.0,0.1516,27154.0
1753531600980,12:06:40.980,AI16Z/USDT:USDT,0.1514,3148.0,0.1513,8601.0,0.1515,2756.0,0.1516,25732.0
1753531601348,12:06:41.348,AI16Z/USDT:USDT,0.1514,3148.0,0.1513,8601.0,0.1515,2665.0,0.1516,25732.0
1753531601552,12:06:41.552,AI16Z/USDT:USDT,0.1514,3148.0,0.1513,8601.0,0.1515,2756.0,0.1516,25732.0
1753531601660,12:06:41.660,AI16Z/USDT:USDT,0.1514,3148.0,0.1513,8601.0,0.1515,3424.0,0.1516,27153.0
1753531601718,12:06:41.718,AI16Z/USDT:USDT,0.1514,3148.0,0.1513,8601.0,0.1515,4424.0,0.1516,27153.0
1753531602005,12:06:42.005,AI16Z/USDT:USDT,0.1514,3148.0,0.1513,8601.0,0.1515,4424.0,0.1516,27153.0
1753531602101,12:06:42.101,AI16Z/USDT:USDT,0.1514,3239.0,0.1513,8601.0,0.1515,2665.0,0.1516,25732.0
1753531602192,12:06:42.192,AI16Z/USDT:USDT,0.1514,3148.0,0.1513,8601.0,0.1515,2756.0,0.1516,25732.0
1753531602220,12:06:42.220,AI16Z/USDT:USDT,0.1514,3148.0,0.1513,8601.0,0.1515,2665.0,0.1516,25732.0
1753531602548,12:06:42.548,AI16Z/USDT:USDT,0.1514,3148.0,0.1513,8601.0,0.1515,2665.0,0.1516,27152.0
1753531603807,12:06:43.807,AI16Z/USDT:USDT,0.1514,3239.0,0.1513,12827.0,0.1515,2574.0,0.1516,25431.0
1753531603964,12:06:43.964,AI16Z/USDT:USDT,0.1514,3148.0,0.1513,12827.0,0.1515,2756.0,0.1516,25431.0
1753531604010,12:06:44.010,AI16Z/USDT:USDT,0.1514,3148.0,0.1513,12827.0,0.1515,3424.0,0.1516,25431.0
1753531604156,12:06:44.156,AI16Z/USDT:USDT,0.1514,3148.0,0.1513,12827.0,0.1515,3424.0,0.1516,25431.0
1753531604387,12:06:44.387,AI16Z/USDT:USDT,0.1514,5.0,0.1513,12827.0,0.1515,4761.0,0.1516,25431.0
1753531604685,12:06:44.685,AI16Z/USDT:USDT,0.1514,5.0,0.1513,12827.0,0.1515,7161.0,0.1516,25431.0
1753531605007,12:06:45.007,AI16Z/USDT:USDT,0.1514,5.0,0.1513,12827.0,0.1515,7161.0,0.1516,25431.0
1753531605159,12:06:45.159,AI16Z/USDT:USDT,0.1514,5.0,0.1513,12827.0,0.1515,7161.0,0.1516,25431.0
1753531605394,12:06:45.394,AI16Z/USDT:USDT,0.1514,5.0,0.1513,12827.0,0.1515,7161.0,0.1516,25443.0
1753531605829,12:06:45.829,AI16Z/USDT:USDT,0.1514,5.0,0.1513,12827.0,0.1515,5156.0,0.1516,25443.0
1753531605967,12:06:45.967,AI16Z/USDT:USDT,0.1514,839.0,0.1513,12827.0,0.1515,2574.0,0.1516,25443.0
1753531606147,12:06:46.147,AI16Z/USDT:USDT,0.1514,839.0,0.1513,12827.0,0.1515,2574.0,0.1516,25443.0
1753531606379,12:06:46.379,AI16Z/USDT:USDT,0.1514,839.0,0.1513,12827.0,0.1515,2574.0,0.1516,25443.0
1753531606665,12:06:46.665,AI16Z/USDT:USDT,0.1514,3330.0,0.1513,12827.0,0.1515,5779.0,0.1516,25443.0
1753531608581,12:06:48.581,AI16Z/USDT:USDT,0.1514,5.0,0.1513,7300.0,0.1515,11616.0,0.1516,25457.0
1753531608727,12:06:48.727,AI16Z/USDT:USDT,0.1514,5.0,0.1513,7429.0,0.1515,11616.0,0.1516,25457.0
1753531608884,12:06:48.884,AI16Z/USDT:USDT,0.1514,5.0,0.1513,7300.0,0.1515,11616.0,0.1516,25457.0
1753531609072,12:06:49.072,AI16Z/USDT:USDT,0.1514,5.0,0.1513,9434.0,0.1515,10944.0,0.1516,25457.0
1753531609460,12:06:49.460,AI16Z/USDT:USDT,0.1514,5.0,0.1513,9434.0,0.1515,10913.0,0.1516,25443.0
1753531609512,12:06:49.512,AI16Z/USDT:USDT,0.1514,5.0,0.1513,9434.0,0.1515,10916.0,0.1516,25443.0
1753531610233,12:06:50.233,AI16Z/USDT:USDT,0.1514,5.0,0.1513,9434.0,0.1515,10248.0,0.1516,25443.0
1753531610504,12:06:50.504,AI16Z/USDT:USDT,0.1514,764.0,0.1513,10539.0,0.1515,9045.0,0.1516,25443.0
1753531610811,12:06:50.811,AI16Z/USDT:USDT,0.1514,764.0,0.1513,10539.0,0.1515,8954.0,0.1516,25443.0
1753531611005,12:06:51.005,AI16Z/USDT:USDT,0.1514,764.0,0.1513,10539.0,0.1515,8954.0,0.1516,25443.0
1753531611005,12:06:51.005,AI16Z/USDT:USDT,0.1514,764.0,0.1513,10539.0,0.1515,8954.0,0.1516,25443.0
1753531611298,12:06:51.298,AI16Z/USDT:USDT,0.1514,764.0,0.1513,10539.0,0.1515,9045.0,0.1516,25443.0
1753531611322,12:06:51.322,AI16Z/USDT:USDT,0.1514,855.0,0.1513,10539.0,0.1515,8954.0,0.1516,25443.0
1753531611495,12:06:51.495,AI16Z/USDT:USDT,0.1514,855.0,0.1513,10539.0,0.1515,7754.0,0.1516,25443.0
1753531611611,12:06:51.611,AI16Z/USDT:USDT,0.1514,3255.0,0.1513,10539.0,0.1515,7663.0,0.1516,25443.0
1753531611800,12:06:51.800,AI16Z/USDT:USDT,0.1514,3164.0,0.1513,10528.0,0.1515,7845.0,0.1516,25443.0
1753531611987,12:06:51.987,AI16Z/USDT:USDT,0.1514,3164.0,0.1513,10528.0,0.1515,8513.0,0.1516,25443.0
1753531612151,12:06:52.151,AI16Z/USDT:USDT,0.1514,3346.0,0.1513,10528.0,0.1515,8422.0,0.1516,25443.0
1753531612208,12:06:52.208,AI16Z/USDT:USDT,0.1514,3346.0,0.1513,10528.0,0.1515,8331.0,0.1516,25443.0
1753531612500,12:06:52.500,AI16Z/USDT:USDT,0.1514,3346.0,0.1513,10528.0,0.1515,8422.0,0.1516,25443.0
1753531612515,12:06:52.515,AI16Z/USDT:USDT,0.1514,3255.0,0.1513,10528.0,0.1515,8422.0,0.1516,25443.0
1753531612608,12:06:52.608,AI16Z/USDT:USDT,0.1514,3346.0,0.1513,10528.0,0.1515,8331.0,0.1516,25443.0
1753531613174,12:06:53.174,AI16Z/USDT:USDT,0.1514,3346.0,0.1513,10542.0,0.1515,4677.0,0.1516,25443.0
1753531613605,12:06:53.605,AI16Z/USDT:USDT,0.1514,3164.0,0.1513,10542.0,0.1515,5768.0,0.1516,25443.0
1753531613892,12:06:53.892,AI16Z/USDT:USDT,0.1514,3255.0,0.1513,10542.0,0.1515,5768.0,0.1516,25443.0
1753531614499,12:06:54.499,AI16Z/USDT:USDT,0.1514,3255.0,0.1513,10542.0,0.1515,5768.0,0.1516,25443.0
1753531614713,12:06:54.713,AI16Z/USDT:USDT,0.1514,3164.0,0.1513,10542.0,0.1515,5768.0,0.1516,25443.0
1753531614812,12:06:54.812,AI16Z/USDT:USDT,0.1514,3164.0,0.1513,10542.0,0.1515,5768.0,0.1516,25443.0
1753531614958,12:06:54.958,AI16Z/USDT:USDT,0.1514,3346.0,0.1513,10542.0,0.1515,5009.0,0.1516,25443.0
1753531615176,12:06:55.176,AI16Z/USDT:USDT,0.1514,3346.0,0.1513,10542.0,0.1515,5009.0,0.1516,25443.0
1753531615502,12:06:55.502,AI16Z/USDT:USDT,0.1514,244.0,0.1513,14223.0,0.1515,3543.0,0.1516,13557.0
1753531615562,12:06:55.562,AI16Z/USDT:USDT,0.1514,2008.0,0.1513,14223.0,0.1515,8073.0,0.1516,13557.0
1753531615659,12:06:55.659,AI16Z/USDT:USDT,0.1514,2096.0,0.1513,14223.0,0.1515,7985.0,0.1516,13557.0
1753531615758,12:06:55.758,AI16Z/USDT:USDT,0.1514,2096.0,0.1513,14223.0,0.1515,6585.0,0.1516,13557.0
1753531615927,12:06:55.927,AI16Z/USDT:USDT,0.1514,2096.0,0.1513,14223.0,0.1515,6714.0,0.1516,13557.0
1753531616553,12:06:56.553,AI16Z/USDT:USDT,0.1514,3096.0,0.1513,17330.0,0.1515,3584.0,0.1516,13557.0
1753531616699,12:06:56.699,AI16Z/USDT:USDT,0.1514,3096.0,0.1513,17330.0,0.1515,3584.0,0.1516,13557.0
1753531616992,12:06:56.992,AI16Z/USDT:USDT,0.1514,2096.0,0.1513,17330.0,0.1515,3584.0,0.1516,13557.0
1753531617317,12:06:57.317,AI16Z/USDT:USDT,0.1514,1096.0,0.1513,17330.0,0.1515,3584.0,0.1516,13557.0
1753531617540,12:06:57.540,AI16Z/USDT:USDT,0.1514,1096.0,0.1513,17330.0,0.1515,4984.0,0.1516,13557.0
1753531617713,12:06:57.713,AI16Z/USDT:USDT,0.1514,1096.0,0.1513,17330.0,0.1515,4984.0,0.1516,13557.0
1753531618529,12:06:58.529,AI16Z/USDT:USDT,0.1514,2405.0,0.1513,17330.0,0.1515,4984.0,0.1516,13557.0
1753531618669,12:06:58.669,AI16Z/USDT:USDT,0.1514,2314.0,0.1513,17330.0,0.1515,4984.0,0.1516,13557.0
1753531618954,12:06:58.954,AI16Z/USDT:USDT,0.1514,2314.0,0.1513,17330.0,0.1515,4984.0,0.1516,13557.0
1753531619342,12:06:59.342,AI16Z/USDT:USDT,0.1514,2405.0,0.1513,17330.0,0.1515,4984.0,0.1516,13557.0
1753531620324,12:07:00.324,AI16Z/USDT:USDT,0.1514,2405.0,0.1513,17330.0,0.1515,3584.0,0.1516,13557.0
1753531621495,12:07:01.495,AI16Z/USDT:USDT,0.1514,2314.0,0.1513,17330.0,0.1515,5075.0,0.1516,13557.0
1753531621517,12:07:01.517,AI16Z/USDT:USDT,0.1514,2314.0,0.1513,17330.0,0.1515,5075.0,0.1516,13557.0
1753531621911,12:07:01.911,AI16Z/USDT:USDT,0.1514,2405.0,0.1513,17330.0,0.1515,4984.0,0.1516,13557.0
1753531622330,12:07:02.330,AI16Z/USDT:USDT,0.1514,2405.0,0.1513,17330.0,0.1515,5075.0,0.1516,13557.0
1753531622413,12:07:02.413,AI16Z/USDT:USDT,0.1514,2405.0,0.1513,17330.0,0.1515,5075.0,0.1516,13557.0
1753531622599,12:07:02.599,AI16Z/USDT:USDT,0.1514,2405.0,0.1513,17343.0,0.1515,5075.0,0.1516,13557.0
1753531623139,12:07:03.139,AI16Z/USDT:USDT,0.1514,2.0,0.1513,16661.0,0.1515,7171.0,0.1516,13557.0
1753531623294,12:07:03.294,AI16Z/USDT:USDT,0.1514,2.0,0.1513,17329.0,0.1515,7171.0,0.1516,13557.0
1753531623985,12:07:03.985,AI16Z/USDT:USDT,0.1514,2.0,0.1513,17329.0,0.1515,7171.0,0.1516,13557.0
1753531624006,12:07:04.006,AI16Z/USDT:USDT,0.1514,2.0,0.1513,17329.0,0.1515,7171.0,0.1516,13557.0
1753531624965,12:07:04.965,AI16Z/USDT:USDT,0.1514,2.0,0.1513,17329.0,0.1515,7171.0,0.1516,13557.0
1753531626713,12:07:06.713,AI16Z/USDT:USDT,0.1514,2.0,0.1513,17329.0,0.1515,7171.0,0.1516,13557.0
1753531626981,12:07:06.981,AI16Z/USDT:USDT,0.1514,736.0,0.1513,17329.0,0.1515,7171.0,0.1516,13557.0
1753531627135,12:07:07.135,AI16Z/USDT:USDT,0.1513,13539.0,0.1512,25508.0,0.1515,10321.0,0.1516,13557.0
1753531627299,12:07:07.299,AI16Z/USDT:USDT,0.1513,13530.0,0.1512,25521.0,0.1515,10321.0,0.1516,13557.0
1753531628547,12:07:08.547,AI16Z/USDT:USDT,0.1513,13530.0,0.1512,25521.0,0.1515,10321.0,0.1516,13557.0
1753531628821,12:07:08.821,AI16Z/USDT:USDT,0.1513,13530.0,0.1512,25521.0,0.1515,10321.0,0.1516,13557.0
1753531628949,12:07:08.949,AI16Z/USDT:USDT,0.1513,13530.0,0.1512,25521.0,0.1515,14066.0,0.1516,13557.0
1753531629713,12:07:09.713,AI16Z/USDT:USDT,0.1513,13530.0,0.1512,25521.0,0.1515,14066.0,0.1516,13557.0
1753531630547,12:07:10.547,AI16Z/USDT:USDT,0.1513,13530.0,0.1512,25521.0,0.1515,14066.0,0.1516,13851.0
1753531630864,12:07:10.864,AI16Z/USDT:USDT,0.1513,13530.0,0.1512,25531.0,0.1515,14066.0,0.1516,13851.0
1753531631312,12:07:11.312,AI16Z/USDT:USDT,0.1513,13530.0,0.1512,25531.0,0.1515,14066.0,0.1516,13851.0
1753531631728,12:07:11.728,AI16Z/USDT:USDT,0.1513,13530.0,0.1512,25531.0,0.1515,14066.0,0.1516,13851.0
1753531632747,12:07:12.747,AI16Z/USDT:USDT,0.1513,13530.0,0.1512,25531.0,0.1515,14066.0,0.1516,14194.0
1753531633287,12:07:13.287,AI16Z/USDT:USDT,0.1513,13530.0,0.1512,25531.0,0.1515,14066.0,0.1516,14194.0
1753531633388,12:07:13.388,AI16Z/USDT:USDT,0.1513,13530.0,0.1512,25531.0,0.1515,14066.0,0.1516,14194.0
1753531634004,12:07:14.004,AI16Z/USDT:USDT,0.1513,13530.0,0.1512,25531.0,0.1515,14066.0,0.1516,14194.0
1753531634894,12:07:14.894,AI16Z/USDT:USDT,0.1513,13530.0,0.1512,25531.0,0.1514,737.0,0.1515,14066.0
1753531634929,12:07:14.929,AI16Z/USDT:USDT,0.1513,6351.0,0.1512,24847.0,0.1514,2406.0,0.1515,13951.0
1753531635007,12:07:15.007,AI16Z/USDT:USDT,0.1513,6351.0,0.1512,24847.0,0.1514,2406.0,0.1515,13951.0
1753531635290,12:07:15.290,AI16Z/USDT:USDT,0.1513,6442.0,0.1512,24847.0,0.1514,2406.0,0.1515,13951.0
1753531635712,12:07:15.712,AI16Z/USDT:USDT,0.1513,6442.0,0.1512,24847.0,0.1514,2406.0,0.1515,13951.0
1753531635892,12:07:15.892,AI16Z/USDT:USDT,0.1513,6442.0,0.1512,24847.0,0.1514,2406.0,0.1515,13951.0
1753531635907,12:07:15.907,AI16Z/USDT:USDT,0.1513,6442.0,0.1512,24847.0,0.1514,2406.0,0.1515,13951.0
1753531636247,12:07:16.247,AI16Z/USDT:USDT,0.1513,7442.0,0.1512,24847.0,0.1514,2406.0,0.1515,13951.0
1753531636389,12:07:16.389,AI16Z/USDT:USDT,0.1513,7442.0,0.1512,24847.0,0.1514,2406.0,0.1515,13964.0
1753531636666,12:07:16.666,AI16Z/USDT:USDT,0.1513,7442.0,0.1512,24859.0,0.1514,6.0,0.1515,13964.0
1753531637487,12:07:17.487,AI16Z/USDT:USDT,0.1513,8110.0,0.1512,25531.0,0.1514,6.0,0.1515,12536.0
1753531637592,12:07:17.592,AI16Z/USDT:USDT,0.1513,13563.0,0.1512,25531.0,0.1515,8629.0,0.1516,13839.0
1753531637676,12:07:17.676,AI16Z/USDT:USDT,0.1513,13591.0,0.1512,25709.0,0.1515,8629.0,0.1516,13839.0
1753531637788,12:07:17.788,AI16Z/USDT:USDT,0.1513,16595.0,0.1512,39555.0,0.1515,8629.0,0.1516,13839.0
1753531638008,12:07:18.008,AI16Z/USDT:USDT,0.1513,16595.0,0.1512,39555.0,0.1515,8629.0,0.1516,13839.0
1753531638147,12:07:18.147,AI16Z/USDT:USDT,0.1513,16595.0,0.1512,39555.0,0.1515,8629.0,0.1516,13839.0
1753531638419,12:07:18.419,AI16Z/USDT:USDT,0.1513,16595.0,0.1512,39555.0,0.1515,8758.0,0.1516,13839.0
1753531638719,12:07:18.719,AI16Z/USDT:USDT,0.1513,14613.0,0.1512,38871.0,0.1515,8758.0,0.1516,13839.0
1753531638947,12:07:18.947,AI16Z/USDT:USDT,0.1513,14613.0,0.1512,38883.0,0.1515,8758.0,0.1516,13839.0
1753531639101,12:07:19.101,AI16Z/USDT:USDT,0.1513,14613.0,0.1512,38883.0,0.1515,8758.0,0.1516,13839.0
1753531639801,12:07:19.801,AI16Z/USDT:USDT,0.1514,1648.0,0.1513,15228.0,0.1515,742.0,0.1516,12914.0
1753531639837,12:07:19.837,AI16Z/USDT:USDT,0.1514,1652.0,0.1513,15417.0,0.1515,744.0,0.1516,12914.0
1753531639933,12:07:19.933,AI16Z/USDT:USDT,0.1514,1561.0,0.1513,15237.0,0.1515,2790.0,0.1516,12914.0
1753531640096,12:07:20.096,AI16Z/USDT:USDT,0.1514,959.0,0.1513,15237.0,0.1515,2790.0,0.1516,12979.0
1753531640166,12:07:20.166,AI16Z/USDT:USDT,0.1514,959.0,0.1513,15237.0,0.1515,744.0,0.1516,15025.0
1753531640300,12:07:20.300,AI16Z/USDT:USDT,0.1514,2739.0,0.1513,15237.0,0.1515,4944.0,0.1516,14806.0
1753531640318,12:07:20.318,AI16Z/USDT:USDT,0.1514,2739.0,0.1513,15237.0,0.1515,3832.0,0.1516,14806.0
1753531640484,12:07:20.484,AI16Z/USDT:USDT,0.1514,739.0,0.1513,15237.0,0.1515,3832.0,0.1516,14818.0
1753531640616,12:07:20.616,AI16Z/USDT:USDT,0.1514,739.0,0.1513,15237.0,0.1515,3164.0,0.1516,14818.0
1753531641211,12:07:21.211,AI16Z/USDT:USDT,0.1514,739.0,0.1513,15237.0,0.1515,3164.0,0.1516,16248.0
1753531641716,12:07:21.716,AI16Z/USDT:USDT,0.1514,739.0,0.1513,15237.0,0.1515,3164.0,0.1516,16248.0
1753531642003,12:07:22.003,AI16Z/USDT:USDT,0.1514,739.0,0.1513,15237.0,0.1515,3164.0,0.1516,16248.0
1753531642008,12:07:22.008,AI16Z/USDT:USDT,0.1514,739.0,0.1513,15237.0,0.1515,3164.0,0.1516,16248.0
1753531642299,12:07:22.299,AI16Z/USDT:USDT,0.1514,739.0,0.1513,15237.0,0.1515,3923.0,0.1516,16248.0
1753531642663,12:07:22.663,AI16Z/USDT:USDT,0.1514,830.0,0.1513,15237.0,0.1515,3073.0,0.1516,16248.0
1753531642733,12:07:22.733,AI16Z/USDT:USDT,0.1514,830.0,0.1513,15237.0,0.1515,2944.0,0.1516,14818.0
1753531642950,12:07:22.950,AI16Z/USDT:USDT,0.1514,921.0,0.1513,15237.0,0.1515,2944.0,0.1516,14818.0
1753531643250,12:07:23.250,AI16Z/USDT:USDT,0.1514,2521.0,0.1513,15237.0,0.1515,2944.0,0.1516,14818.0
1753531644058,12:07:24.058,AI16Z/USDT:USDT,0.1514,3987.0,0.1513,15431.0,0.1515,9.0,0.1516,11906.0
1753531644197,12:07:24.197,AI16Z/USDT:USDT,0.1514,3987.0,0.1513,15431.0,0.1515,9.0,0.1516,13956.0
1753531644246,12:07:24.246,AI16Z/USDT:USDT,0.1514,4787.0,0.1513,15431.0,0.1515,9.0,0.1516,14451.0
1753531644691,12:07:24.691,AI16Z/USDT:USDT,0.1514,4787.0,0.1513,15443.0,0.1515,9.0,0.1516,14451.0
1753531644740,12:07:24.740,AI16Z/USDT:USDT,0.1514,4787.0,0.1513,15443.0,0.1515,9.0,0.1516,14451.0
1753531645128,12:07:25.128,AI16Z/USDT:USDT,0.1514,4787.0,0.1513,15443.0,0.1515,9.0,0.1516,14157.0
1753531645207,12:07:25.207,AI16Z/USDT:USDT,0.1514,4787.0,0.1513,15443.0,0.1515,9.0,0.1516,14157.0
1753531645492,12:07:25.492,AI16Z/USDT:USDT,0.1514,4787.0,0.1513,15443.0,0.1515,744.0,0.1516,14157.0
1753531645513,12:07:25.513,AI16Z/USDT:USDT,0.1514,4787.0,0.1513,15443.0,0.1515,9.0,0.1516,14157.0
1753531645638,12:07:25.638,AI16Z/USDT:USDT,0.1514,4787.0,0.1513,15443.0,0.1515,744.0,0.1516,14157.0
1753531645860,12:07:25.860,AI16Z/USDT:USDT,0.1514,3987.0,0.1513,15443.0,0.1515,744.0,0.1516,14157.0
1753531646156,12:07:26.156,AI16Z/USDT:USDT,0.1514,2650.0,0.1513,15443.0,0.1515,744.0,0.1516,14157.0
1753531646254,12:07:26.254,AI16Z/USDT:USDT,0.1514,2430.0,0.1513,15263.0,0.1515,3144.0,0.1516,14157.0
1753531646369,12:07:26.369,AI16Z/USDT:USDT,0.1514,2430.0,0.1513,23965.0,0.1515,3144.0,0.1516,14157.0
1753531646603,12:07:26.603,AI16Z/USDT:USDT,0.1514,2650.0,0.1513,23965.0,0.1515,3144.0,0.1516,14157.0
1753531646702,12:07:26.702,AI16Z/USDT:USDT,0.1514,3987.0,0.1513,24145.0,0.1515,744.0,0.1516,14157.0
1753531646855,12:07:26.855,AI16Z/USDT:USDT,0.1514,2430.0,0.1513,24145.0,0.1515,744.0,0.1516,14157.0
1753531646997,12:07:26.997,AI16Z/USDT:USDT,0.1514,2559.0,0.1513,24145.0,0.1515,744.0,0.1516,14157.0
1753531647205,12:07:27.205,AI16Z/USDT:USDT,0.1514,2559.0,0.1513,24145.0,0.1515,2544.0,0.1516,14157.0
1753531647209,12:07:27.209,AI16Z/USDT:USDT,0.1514,3450.0,0.1513,24145.0,0.1515,2544.0,0.1516,14157.0
1753531647342,12:07:27.342,AI16Z/USDT:USDT,0.1514,2650.0,0.1513,24145.0,0.1515,2544.0,0.1516,14157.0
1753531647571,12:07:27.571,AI16Z/USDT:USDT,0.1514,2650.0,0.1513,24145.0,0.1515,2544.0,0.1516,14157.0
1753531647766,12:07:27.766,AI16Z/USDT:USDT,0.1514,2650.0,0.1513,24145.0,0.1515,2544.0,0.1516,14157.0
1753531648197,12:07:28.197,AI16Z/USDT:USDT,0.1514,2650.0,0.1513,24145.0,0.1515,3144.0,0.1516,14157.0
1753531648207,12:07:28.207,AI16Z/USDT:USDT,0.1514,2650.0,0.1513,24145.0,0.1515,3144.0,0.1516,14157.0
1753531649098,12:07:29.098,AI16Z/USDT:USDT,0.1514,770.0,0.1513,14895.0,0.1515,5814.0,0.1516,13983.0
1753531650349,12:07:30.349,AI16Z/USDT:USDT,0.1514,770.0,0.1513,12844.0,0.1515,5814.0,0.1516,13983.0
1753531650460,12:07:30.460,AI16Z/USDT:USDT,0.1514,770.0,0.1513,12844.0,0.1515,5814.0,0.1516,13983.0
1753531650560,12:07:30.560,AI16Z/USDT:USDT,0.1514,770.0,0.1513,14897.0,0.1515,5814.0,0.1516,13983.0
1753531650712,12:07:30.712,AI16Z/USDT:USDT,0.1514,770.0,0.1513,14897.0,0.1515,5814.0,0.1516,13983.0
1753531651057,12:07:31.057,AI16Z/USDT:USDT,0.1514,770.0,0.1513,14897.0,0.1515,3809.0,0.1516,13983.0
1753531651111,12:07:31.111,AI16Z/USDT:USDT,0.1514,770.0,0.1513,14897.0,0.1515,3809.0,0.1516,13983.0
1753531651419,12:07:31.419,AI16Z/USDT:USDT,0.1514,770.0,0.1513,14897.0,0.1515,4477.0,0.1516,13983.0
1753531651507,12:07:31.507,AI16Z/USDT:USDT,0.1514,770.0,0.1513,14897.0,0.1515,4477.0,0.1516,13983.0
1753531652581,12:07:32.581,AI16Z/USDT:USDT,0.1514,770.0,0.1513,14897.0,0.1515,4477.0,0.1516,13983.0
1753531652804,12:07:32.804,AI16Z/USDT:USDT,0.1514,4.0,0.1513,14897.0,0.1515,5814.0,0.1516,13983.0
1753531653132,12:07:33.132,AI16Z/USDT:USDT,0.1514,770.0,0.1513,14897.0,0.1515,5814.0,0.1516,13983.0
1753531653219,12:07:33.219,AI16Z/USDT:USDT,0.1514,4.0,0.1513,14897.0,0.1515,5814.0,0.1516,13983.0
1753531653504,12:07:33.504,AI16Z/USDT:USDT,0.1514,4.0,0.1513,9447.0,0.1515,6486.0,0.1516,13983.0
1753531653565,12:07:33.565,AI16Z/USDT:USDT,0.1514,4.0,0.1513,9447.0,0.1515,10245.0,0.1516,14574.0
1753531653672,12:07:33.672,AI16Z/USDT:USDT,0.1514,4.0,0.1513,11498.0,0.1515,10252.0,0.1516,14574.0
1753531653713,12:07:33.713,AI16Z/USDT:USDT,0.1514,4.0,0.1513,11498.0,0.1515,10252.0,0.1516,14574.0
1753531653854,12:07:33.854,AI16Z/USDT:USDT,0.1514,4.0,0.1513,11498.0,0.1515,10252.0,0.1516,14574.0
1753531654004,12:07:34.004,AI16Z/USDT:USDT,0.1514,4.0,0.1513,11498.0,0.1515,10252.0,0.1516,14574.0
1753531654586,12:07:34.586,AI16Z/USDT:USDT,0.1514,4.0,0.1513,11627.0,0.1515,10252.0,0.1516,14574.0
1753531654692,12:07:34.692,AI16Z/USDT:USDT,0.1514,4.0,0.1513,11627.0,0.1515,8448.0,0.1516,14574.0
1753531654712,12:07:34.712,AI16Z/USDT:USDT,0.1514,5.0,0.1513,11627.0,0.1515,8448.0,0.1516,14574.0
1753531655031,12:07:35.031,AI16Z/USDT:USDT,0.1514,5.0,0.1513,10227.0,0.1515,8448.0,0.1516,14574.0
1753531655118,12:07:35.118,AI16Z/USDT:USDT,0.1514,5.0,0.1513,10227.0,0.1515,9448.0,0.1516,14574.0
1753531655304,12:07:35.304,AI16Z/USDT:USDT,0.1512,3656.0,0.1511,15280.0,0.1513,1112.0,0.1514,15517.0
1753531655376,12:07:35.376,AI16Z/USDT:USDT,0.1512,2364.0,0.1511,30926.0,0.1513,1124.0,0.1514,15534.0
1753531655486,12:07:35.486,AI16Z/USDT:USDT,0.1512,2364.0,0.1511,30926.0,0.1513,12.0,0.1514,15534.0
1753531655588,12:07:35.588,AI16Z/USDT:USDT,0.1512,4419.0,0.1511,30926.0,0.1513,1890.0,0.1514,15534.0
1753531655802,12:07:35.802,AI16Z/USDT:USDT,0.1512,4419.0,0.1511,30628.0,0.1513,1890.0,0.1514,15534.0
1753531655902,12:07:35.902,AI16Z/USDT:USDT,0.1512,4419.0,0.1511,30628.0,0.1513,1890.0,0.1514,15534.0
1753531656026,12:07:36.026,AI16Z/USDT:USDT,0.1512,4419.0,0.1511,30628.0,0.1513,1890.0,0.1514,15534.0
1753531656198,12:07:36.198,AI16Z/USDT:USDT,0.1512,6819.0,0.1511,30628.0,0.1513,1890.0,0.1514,15534.0
1753531656587,12:07:36.587,AI16Z/USDT:USDT,0.1512,5262.0,0.1511,15458.0,0.1513,3223.0,0.1514,15089.0
1753531656700,12:07:36.700,AI16Z/USDT:USDT,0.1512,806.0,0.1511,14469.0,0.1513,4560.0,0.1514,16020.0
1753531656795,12:07:36.795,AI16Z/USDT:USDT,0.1512,797.0,0.1511,17194.0,0.1513,4823.0,0.1514,16020.0
1753531656873,12:07:36.873,AI16Z/USDT:USDT,0.1512,788.0,0.1511,17194.0,0.1513,4831.0,0.1514,16021.0
1753531657094,12:07:37.094,AI16Z/USDT:USDT,0.1512,3188.0,0.1511,17194.0,0.1513,4831.0,0.1514,16021.0
1753531657190,12:07:37.190,AI16Z/USDT:USDT,0.1512,3188.0,0.1511,17194.0,0.1513,4831.0,0.1514,16030.0
1753531657283,12:07:37.283,AI16Z/USDT:USDT,0.1512,3188.0,0.1511,17206.0,0.1513,4834.0,0.1514,16030.0
1753531657687,12:07:37.687,AI16Z/USDT:USDT,0.1512,3188.0,0.1511,17220.0,0.1513,4166.0,0.1514,16030.0
1753531657755,12:07:37.755,AI16Z/USDT:USDT,0.1512,3188.0,0.1511,17220.0,0.1513,4166.0,0.1514,16030.0
1753531657810,12:07:37.810,AI16Z/USDT:USDT,0.1512,3188.0,0.1511,17220.0,0.1513,4163.0,0.1514,16030.0
1753531657962,12:07:37.962,AI16Z/USDT:USDT,0.1512,3188.0,0.1511,17220.0,0.1513,2472.0,0.1514,16030.0
1753531658083,12:07:38.083,AI16Z/USDT:USDT,0.1512,3188.0,0.1511,17206.0,0.1513,4431.0,0.1514,16030.0
1753531658123,12:07:38.123,AI16Z/USDT:USDT,0.1512,3188.0,0.1511,17206.0,0.1513,4431.0,0.1514,16030.0
1753531658230,12:07:38.230,AI16Z/USDT:USDT,0.1512,3188.0,0.1511,17206.0,0.1513,3231.0,0.1514,16030.0
1753531658658,12:07:38.658,AI16Z/USDT:USDT,0.1512,3408.0,0.1511,17400.0,0.1513,374.0,0.1514,15850.0
1753531658864,12:07:38.864,AI16Z/USDT:USDT,0.1512,3279.0,0.1511,17400.0,0.1513,374.0,0.1514,15850.0
1753531658951,12:07:38.951,AI16Z/USDT:USDT,0.1512,3188.0,0.1511,17400.0,0.1513,3134.0,0.1514,15850.0
1753531659072,12:07:39.072,AI16Z/USDT:USDT,0.1512,3188.0,0.1511,17220.0,0.1513,3802.0,0.1514,16030.0
1753531659205,12:07:39.205,AI16Z/USDT:USDT,0.1512,788.0,0.1511,17206.0,0.1513,3802.0,0.1514,16030.0
1753531659556,12:07:39.556,AI16Z/USDT:USDT,0.1512,788.0,0.1511,17206.0,0.1513,1797.0,0.1514,16030.0
1753531659807,12:07:39.807,AI16Z/USDT:USDT,0.1512,788.0,0.1511,17206.0,0.1513,2465.0,0.1514,16030.0
1753531660088,12:07:40.088,AI16Z/USDT:USDT,0.1512,3370.0,0.1511,17400.0,0.1513,374.0,0.1514,15850.0
1753531660254,12:07:40.254,AI16Z/USDT:USDT,0.1512,3188.0,0.1511,17400.0,0.1513,1797.0,0.1514,15850.0
1753531660341,12:07:40.341,AI16Z/USDT:USDT,0.1512,3188.0,0.1511,17400.0,0.1513,2465.0,0.1514,15850.0
1753531661067,12:07:41.067,AI16Z/USDT:USDT,0.1512,3188.0,0.1511,17220.0,0.1513,4065.0,0.1514,15850.0
1753531661387,12:07:41.387,AI16Z/USDT:USDT,0.1512,3188.0,0.1511,17220.0,0.1513,3397.0,0.1514,15850.0
1753531661499,12:07:41.499,AI16Z/USDT:USDT,0.1512,3279.0,0.1511,17220.0,0.1513,3397.0,0.1514,15850.0
1753531661743,12:07:41.743,AI16Z/USDT:USDT,0.1512,3279.0,0.1511,17220.0,0.1513,3397.0,0.1514,15850.0
1753531661844,12:07:41.844,AI16Z/USDT:USDT,0.1512,3188.0,0.1511,17220.0,0.1513,3397.0,0.1514,15850.0
1753531662076,12:07:42.076,AI16Z/USDT:USDT,0.1512,3188.0,0.1511,17220.0,0.1513,4065.0,0.1514,15850.0
1753531662244,12:07:42.244,AI16Z/USDT:USDT,0.1512,3188.0,0.1511,17220.0,0.1513,4065.0,0.1514,15850.0
1753531662483,12:07:42.483,AI16Z/USDT:USDT,0.1512,3188.0,0.1511,17220.0,0.1513,4065.0,0.1514,16030.0
1753531662713,12:07:42.713,AI16Z/USDT:USDT,0.1512,3188.0,0.1511,17220.0,0.1513,3397.0,0.1514,16030.0
1753531663122,12:07:43.122,AI16Z/USDT:USDT,0.1512,3188.0,0.1511,17220.0,0.1513,3397.0,0.1514,16030.0
1753531663404,12:07:43.404,AI16Z/USDT:USDT,0.1512,3188.0,0.1511,16063.0,0.1513,2465.0,0.1514,15850.0
1753531663476,12:07:43.476,AI16Z/USDT:USDT,0.1512,788.0,0.1511,14495.0,0.1513,3802.0,0.1514,16030.0
1753531663597,12:07:43.597,AI16Z/USDT:USDT,0.1512,788.0,0.1511,17224.0,0.1513,1797.0,0.1514,16030.0
1753531663734,12:07:43.734,AI16Z/USDT:USDT,0.1512,788.0,0.1511,17224.0,0.1513,1797.0,0.1514,17463.0
1753531663860,12:07:43.860,AI16Z/USDT:USDT,0.1512,788.0,0.1511,17224.0,0.1513,1800.0,0.1514,17463.0
1753531664019,12:07:44.019,AI16Z/USDT:USDT,0.1512,3188.0,0.1511,17224.0,0.1513,3400.0,0.1514,17283.0
1753531664109,12:07:44.109,AI16Z/USDT:USDT,0.1512,3188.0,0.1511,17224.0,0.1513,3400.0,0.1514,17283.0
1753531664400,12:07:44.400,AI16Z/USDT:USDT,0.1512,3188.0,0.1511,17224.0,0.1513,4068.0,0.1514,17463.0
1753531664412,12:07:44.412,AI16Z/USDT:USDT,0.1512,788.0,0.1511,17224.0,0.1513,4068.0,0.1514,17463.0
1753531664866,12:07:44.866,AI16Z/USDT:USDT,0.1512,788.0,0.1511,17224.0,0.1513,3400.0,0.1514,17463.0
1753531665005,12:07:45.005,AI16Z/USDT:USDT,0.1512,2988.0,0.1511,17224.0,0.1513,3400.0,0.1514,17463.0
1753531665496,12:07:45.496,AI16Z/USDT:USDT,0.1512,2988.0,0.1511,17224.0,0.1513,4068.0,0.1514,17463.0
1753531665596,12:07:45.596,AI16Z/USDT:USDT,0.1512,2988.0,0.1511,17224.0,0.1513,3400.0,0.1514,17463.0
1753531666148,12:07:46.148,AI16Z/USDT:USDT,0.1512,2988.0,0.1511,17224.0,0.1513,3400.0,0.1514,17463.0
1753531666397,12:07:46.397,AI16Z/USDT:USDT,0.1512,3079.0,0.1511,17224.0,0.1513,2106.0,0.1514,17463.0
1753531666489,12:07:46.489,AI16Z/USDT:USDT,0.1512,3079.0,0.1511,17414.0,0.1513,503.0,0.1514,15850.0
1753531666544,12:07:46.544,AI16Z/USDT:USDT,0.1512,3079.0,0.1511,17414.0,0.1513,149.0,0.1514,16204.0
1753531666983,12:07:46.983,AI16Z/USDT:USDT,0.1512,3079.0,0.1511,17414.0,0.1513,949.0,0.1514,16204.0
1753531667127,12:07:47.127,AI16Z/USDT:USDT,0.1512,2988.0,0.1511,17414.0,0.1513,2820.0,0.1514,16204.0
1753531667245,12:07:47.245,AI16Z/USDT:USDT,0.1512,2988.0,0.1511,17414.0,0.1513,2820.0,0.1514,16204.0
1753531667366,12:07:47.366,AI16Z/USDT:USDT,0.1512,2988.0,0.1511,17234.0,0.1513,2820.0,0.1514,16204.0
1753531667505,12:07:47.505,AI16Z/USDT:USDT,0.1512,2988.0,0.1511,17234.0,0.1513,3174.0,0.1514,15850.0
1753531667597,12:07:47.597,AI16Z/USDT:USDT,0.1512,2988.0,0.1511,17234.0,0.1513,3174.0,0.1514,15850.0
1753531667702,12:07:47.702,AI16Z/USDT:USDT,0.1512,2988.0,0.1511,17234.0,0.1513,3174.0,0.1514,16030.0
1753531667745,12:07:47.745,AI16Z/USDT:USDT,0.1512,2988.0,0.1511,17234.0,0.1513,3174.0,0.1514,16043.0
1753531667909,12:07:47.909,AI16Z/USDT:USDT,0.1512,2988.0,0.1511,17234.0,0.1513,3174.0,0.1514,16339.0
1753531668226,12:07:48.226,AI16Z/USDT:USDT,0.1512,2988.0,0.1511,17234.0,0.1513,2506.0,0.1514,16339.0
1753531668611,12:07:48.611,AI16Z/USDT:USDT,0.1512,2988.0,0.1511,17234.0,0.1513,2506.0,0.1514,16339.0
1753531668735,12:07:48.735,AI16Z/USDT:USDT,0.1512,2988.0,0.1511,17234.0,0.1513,2506.0,0.1514,16339.0
1753531668916,12:07:48.916,AI16Z/USDT:USDT,0.1512,3079.0,0.1511,17234.0,0.1513,2506.0,0.1514,16339.0
1753531669238,12:07:49.238,AI16Z/USDT:USDT,0.1512,2988.0,0.1511,17234.0,0.1513,2506.0,0.1514,16339.0
1753531669546,12:07:49.546,AI16Z/USDT:USDT,0.1512,3079.0,0.1511,17414.0,0.1513,949.0,0.1514,16513.0
1753531670078,12:07:50.078,AI16Z/USDT:USDT,0.1512,2988.0,0.1511,17414.0,0.1513,2152.0,0.1514,16513.0
1753531670106,12:07:50.106,AI16Z/USDT:USDT,0.1512,2988.0,0.1511,17414.0,0.1513,2820.0,0.1514,16513.0
1753531670287,12:07:50.287,AI16Z/USDT:USDT,0.1512,2988.0,0.1511,17414.0,0.1513,3174.0,0.1514,16159.0
1753531670386,12:07:50.386,AI16Z/USDT:USDT,0.1512,2988.0,0.1511,17414.0,0.1513,2506.0,0.1514,16159.0
1753531670514,12:07:50.514,AI16Z/USDT:USDT,0.1512,3079.0,0.1511,17414.0,0.1513,1303.0,0.1514,16159.0
1753531670728,12:07:50.728,AI16Z/USDT:USDT,0.1512,2988.0,0.1511,17234.0,0.1513,3174.0,0.1514,16159.0
1753531670826,12:07:50.826,AI16Z/USDT:USDT,0.1512,2988.0,0.1511,17234.0,0.1513,2506.0,0.1514,16159.0
1753531670973,12:07:50.973,AI16Z/USDT:USDT,0.1512,2988.0,0.1511,17234.0,0.1513,1303.0,0.1514,16159.0
1753531671076,12:07:51.076,AI16Z/USDT:USDT,0.1512,2988.0,0.1511,17234.0,0.1513,1394.0,0.1514,16159.0
1753531671269,12:07:51.269,AI16Z/USDT:USDT,0.1512,2988.0,0.1511,17234.0,0.1513,2506.0,0.1514,16159.0
1753531671767,12:07:51.767,AI16Z/USDT:USDT,0.1512,2988.0,0.1511,17234.0,0.1513,2506.0,0.1514,16274.0
1753531672315,12:07:52.315,AI16Z/USDT:USDT,0.1512,2988.0,0.1511,17234.0,0.1513,2506.0,0.1514,16274.0
1753531672746,12:07:52.746,AI16Z/USDT:USDT,0.1512,2988.0,0.1511,17234.0,0.1513,2506.0,0.1514,16261.0
1753531672929,12:07:52.929,AI16Z/USDT:USDT,0.1512,2988.0,0.1511,17234.0,0.1513,3506.0,0.1514,16441.0
1753531673298,12:07:53.298,AI16Z/USDT:USDT,0.1512,2988.0,0.1511,17234.0,0.1513,3518.0,0.1514,16441.0
1753531673307,12:07:53.307,AI16Z/USDT:USDT,0.1512,2988.0,0.1511,17234.0,0.1513,3518.0,0.1514,16441.0
1753531673477,12:07:53.477,AI16Z/USDT:USDT,0.1512,788.0,0.1511,17234.0,0.1513,3518.0,0.1514,16441.0
1753531673737,12:07:53.737,AI16Z/USDT:USDT,0.1512,788.0,0.1511,17234.0,0.1513,3518.0,0.1514,17876.0
1753531673905,12:07:53.905,AI16Z/USDT:USDT,0.1512,788.0,0.1511,17234.0,0.1513,4118.0,0.1514,17876.0
1753531674489,12:07:54.489,AI16Z/USDT:USDT,0.1512,788.0,0.1511,17234.0,0.1513,3518.0,0.1514,17876.0
1753531674713,12:07:54.713,AI16Z/USDT:USDT,0.1512,788.0,0.1511,17234.0,0.1513,3518.0,0.1514,17876.0
1753531674893,12:07:54.893,AI16Z/USDT:USDT,0.1512,2588.0,0.1511,17234.0,0.1513,3518.0,0.1514,17876.0
1753531675136,12:07:55.136,AI16Z/USDT:USDT,0.1512,788.0,0.1511,17234.0,0.1513,3518.0,0.1514,17876.0
1753531675748,12:07:55.748,AI16Z/USDT:USDT,0.1512,788.0,0.1511,17234.0,0.1513,3518.0,0.1514,17876.0
1753531675883,12:07:55.883,AI16Z/USDT:USDT,0.1512,2588.0,0.1511,17234.0,0.1513,3518.0,0.1514,17876.0
1753531677105,12:07:57.105,AI16Z/USDT:USDT,0.1512,788.0,0.1511,17234.0,0.1513,3518.0,0.1514,17876.0
1753531677107,12:07:57.107,AI16Z/USDT:USDT,0.1512,788.0,0.1511,17234.0,0.1513,3518.0,0.1514,17876.0
1753531677713,12:07:57.713,AI16Z/USDT:USDT,0.1512,788.0,0.1511,17234.0,0.1513,3518.0,0.1514,17876.0
1753531677860,12:07:57.860,AI16Z/USDT:USDT,0.1512,788.0,0.1511,17234.0,0.1513,4118.0,0.1514,17876.0
1753531679091,12:07:59.091,AI16Z/USDT:USDT,0.1512,788.0,0.1511,17234.0,0.1513,3518.0,0.1514,17876.0
1753531679493,12:07:59.493,AI16Z/USDT:USDT,0.1512,788.0,0.1511,17234.0,0.1513,2164.0,0.1514,18230.0
1753531679548,12:07:59.548,AI16Z/USDT:USDT,0.1512,788.0,0.1511,17234.0,0.1513,1718.0,0.1514,17876.0
1753531679657,12:07:59.657,AI16Z/USDT:USDT,0.1512,788.0,0.1511,17234.0,0.1513,1627.0,0.1514,16441.0
1753531679838,12:07:59.838,AI16Z/USDT:USDT,0.1512,3188.0,0.1511,17234.0,0.1513,3427.0,0.1514,16441.0
1753531680549,12:08:00.549,AI16Z/USDT:USDT,0.1512,3188.0,0.1511,17234.0,0.1513,3427.0,0.1514,16441.0
1753531680714,12:08:00.714,AI16Z/USDT:USDT,0.1512,3188.0,0.1511,17234.0,0.1513,3427.0,0.1514,16441.0
1753531681183,12:08:01.183,AI16Z/USDT:USDT,0.1512,788.0,0.1511,17234.0,0.1513,3427.0,0.1514,16441.0
1753531681815,12:08:01.815,AI16Z/USDT:USDT,0.1512,2788.0,0.1511,17234.0,0.1513,3427.0,0.1514,16441.0
1753531683191,12:08:03.191,AI16Z/USDT:USDT,0.1512,2788.0,0.1511,17234.0,0.1513,515.0,0.1514,16261.0
1753531683208,12:08:03.208,AI16Z/USDT:USDT,0.1512,2788.0,0.1511,17414.0,0.1513,515.0,0.1514,16261.0
1753531683793,12:08:03.793,AI16Z/USDT:USDT,0.1512,3188.0,0.1511,17414.0,0.1513,2673.0,0.1514,16615.0
1753531684520,12:08:04.520,AI16Z/USDT:USDT,0.1512,3188.0,0.1511,17414.0,0.1513,1273.0,0.1514,16615.0
1753531684782,12:08:04.782,AI16Z/USDT:USDT,0.1512,3188.0,0.1511,17414.0,0.1513,2273.0,0.1514,16615.0
1753531685124,12:08:05.124,AI16Z/USDT:USDT,0.1512,2788.0,0.1511,17414.0,0.1513,2273.0,0.1514,16615.0
1753531685278,12:08:05.278,AI16Z/USDT:USDT,0.1512,2788.0,0.1511,17414.0,0.1513,515.0,0.1514,16261.0
1753531685367,12:08:05.367,AI16Z/USDT:USDT,0.1512,2788.0,0.1511,17414.0,0.1513,515.0,0.1514,16261.0
1753531685555,12:08:05.555,AI16Z/USDT:USDT,0.1512,2788.0,0.1511,17414.0,0.1513,1627.0,0.1514,16261.0
1753531685771,12:08:05.771,AI16Z/USDT:USDT,0.1512,2788.0,0.1511,17414.0,0.1513,3227.0,0.1514,16261.0
1753531686099,12:08:06.099,AI16Z/USDT:USDT,0.1512,2788.0,0.1511,17234.0,0.1513,3227.0,0.1514,16261.0
1753531686459,12:08:06.459,AI16Z/USDT:USDT,0.1512,2788.0,0.1511,17234.0,0.1513,1627.0,0.1514,16261.0
1753531686768,12:08:06.768,AI16Z/USDT:USDT,0.1512,3188.0,0.1511,17234.0,0.1513,2627.0,0.1514,16261.0
1753531687200,12:08:07.200,AI16Z/USDT:USDT,0.1512,3188.0,0.1511,17414.0,0.1513,515.0,0.1514,16261.0
1753531687558,12:08:07.558,AI16Z/USDT:USDT,0.1512,3188.0,0.1511,17414.0,0.1513,515.0,0.1514,16261.0
1753531687749,12:08:07.749,AI16Z/USDT:USDT,0.1512,3188.0,0.1511,17414.0,0.1513,3027.0,0.1514,16261.0
1753531688078,12:08:08.078,AI16Z/USDT:USDT,0.1512,3188.0,0.1511,17234.0,0.1513,3027.0,0.1514,16261.0
1753531688290,12:08:08.290,AI16Z/USDT:USDT,0.1512,3188.0,0.1511,17414.0,0.1513,515.0,0.1514,16261.0
1753531688737,12:08:08.737,AI16Z/USDT:USDT,0.1512,3188.0,0.1511,17414.0,0.1513,2827.0,0.1514,16261.0
1753531689098,12:08:09.098,AI16Z/USDT:USDT,0.1512,3188.0,0.1511,17414.0,0.1513,1627.0,0.1514,16261.0
1753531689394,12:08:09.394,AI16Z/USDT:USDT,0.1512,2788.0,0.1511,17414.0,0.1513,1627.0,0.1514,16261.0
1753531689726,12:08:09.726,AI16Z/USDT:USDT,0.1512,3188.0,0.1511,17414.0,0.1513,2827.0,0.1514,16261.0
1753531689811,12:08:09.811,AI16Z/USDT:USDT,0.1512,3188.0,0.1511,17414.0,0.1513,2827.0,0.1514,16261.0
1753531690167,12:08:10.167,AI16Z/USDT:USDT,0.1512,3188.0,0.1511,17414.0,0.1513,2827.0,0.1514,18501.0
1753531690255,12:08:10.255,AI16Z/USDT:USDT,0.1512,3188.0,0.1511,17234.0,0.1513,2827.0,0.1514,18501.0
1753531690348,12:08:10.348,AI16Z/USDT:USDT,0.1512,2788.0,0.1511,17234.0,0.1513,2827.0,0.1514,20111.0
1753531690715,12:08:10.715,AI16Z/USDT:USDT,0.1512,2788.0,0.1511,17234.0,0.1513,3627.0,0.1514,20111.0
1753531690847,12:08:10.847,AI16Z/USDT:USDT,0.1512,2788.0,0.1511,17234.0,0.1513,1715.0,0.1514,20111.0
1753531691008,12:08:11.008,AI16Z/USDT:USDT,0.1512,2788.0,0.1511,17234.0,0.1513,1715.0,0.1514,20111.0
1753531691197,12:08:11.197,AI16Z/USDT:USDT,0.1512,2788.0,0.1511,17234.0,0.1513,2827.0,0.1514,20111.0
1753531691704,12:08:11.704,AI16Z/USDT:USDT,0.1512,788.0,0.1511,17220.0,0.1513,6032.0,0.1514,20111.0
1753531692005,12:08:12.005,AI16Z/USDT:USDT,0.1512,788.0,0.1511,17220.0,0.1513,6032.0,0.1514,20111.0
1753531692005,12:08:12.005,AI16Z/USDT:USDT,0.1512,788.0,0.1511,17220.0,0.1513,6032.0,0.1514,20111.0
1753531692695,12:08:12.695,AI16Z/USDT:USDT,0.1512,2188.0,0.1511,17220.0,0.1513,6032.0,0.1514,20111.0
1753531692736,12:08:12.736,AI16Z/USDT:USDT,0.1512,2188.0,0.1511,17220.0,0.1513,4027.0,0.1514,20111.0
1753531693188,12:08:13.188,AI16Z/USDT:USDT,0.1512,2188.0,0.1511,17234.0,0.1513,2827.0,0.1514,20111.0
1753531693572,12:08:13.572,AI16Z/USDT:USDT,0.1512,2188.0,0.1511,17234.0,0.1513,2827.0,0.1514,20111.0
1753531693682,12:08:13.682,AI16Z/USDT:USDT,0.1512,3188.0,0.1511,17234.0,0.1513,2827.0,0.1514,20111.0
1753531693822,12:08:13.822,AI16Z/USDT:USDT,0.1512,2188.0,0.1511,17234.0,0.1513,2827.0,0.1514,20111.0
1753531694594,12:08:14.594,AI16Z/USDT:USDT,0.1512,2188.0,0.1511,16971.0,0.1513,2827.0,0.1514,20111.0
1753531694676,12:08:14.676,AI16Z/USDT:USDT,0.1512,3188.0,0.1511,16971.0,0.1513,2963.0,0.1514,20111.0
1753531694881,12:08:14.881,AI16Z/USDT:USDT,0.1512,2188.0,0.1511,16971.0,0.1513,2963.0,0.1514,20111.0
1753531694949,12:08:14.949,AI16Z/USDT:USDT,0.1512,2188.0,0.1511,16971.0,0.1513,2963.0,0.1514,20111.0
1753531695353,12:08:15.353,AI16Z/USDT:USDT,0.1512,788.0,0.1511,16971.0,0.1513,2963.0,0.1514,21044.0
1753531695659,12:08:15.659,AI16Z/USDT:USDT,0.1512,2388.0,0.1511,16971.0,0.1513,3963.0,0.1514,21044.0
1753531695707,12:08:15.707,AI16Z/USDT:USDT,0.1512,2388.0,0.1511,16971.0,0.1513,2963.0,0.1514,21044.0
1753531695953,12:08:15.953,AI16Z/USDT:USDT,0.1512,2388.0,0.1511,16971.0,0.1513,2963.0,0.1514,21044.0
1753531696651,12:08:16.651,AI16Z/USDT:USDT,0.1512,3188.0,0.1511,16971.0,0.1513,2963.0,0.1514,21044.0
1753531696775,12:08:16.775,AI16Z/USDT:USDT,0.1512,2388.0,0.1511,16971.0,0.1513,2963.0,0.1514,21044.0
1753531697637,12:08:17.637,AI16Z/USDT:USDT,0.1512,3188.0,0.1511,16971.0,0.1513,2963.0,0.1514,21044.0
1753531697925,12:08:17.925,AI16Z/USDT:USDT,0.1512,2388.0,0.1511,16971.0,0.1513,2963.0,0.1514,21044.0
1753531698626,12:08:18.626,AI16Z/USDT:USDT,0.1512,2388.0,0.1511,16971.0,0.1513,3763.0,0.1514,21044.0
1753531698770,12:08:18.770,AI16Z/USDT:USDT,0.1512,765.0,0.1511,16971.0,0.1513,4431.0,0.1514,20111.0
1753531698825,12:08:18.825,AI16Z/USDT:USDT,0.1512,765.0,0.1511,16971.0,0.1513,4295.0,0.1514,22239.0
1753531699478,12:08:19.478,AI16Z/USDT:USDT,0.1512,22.0,0.1511,16971.0,0.1513,5632.0,0.1514,22239.0
1753531699604,12:08:19.604,AI16Z/USDT:USDT,0.1512,22.0,0.1511,16957.0,0.1513,5740.0,0.1514,23679.0
1753531699615,12:08:19.615,AI16Z/USDT:USDT,0.1512,22.0,0.1511,16957.0,0.1513,6140.0,0.1514,23679.0
1753531699749,12:08:19.749,AI16Z/USDT:USDT,0.1512,22.0,0.1511,16957.0,0.1513,6231.0,0.1514,22239.0
1753531700401,12:08:20.401,AI16Z/USDT:USDT,0.1512,22.0,0.1511,16957.0,0.1513,6231.0,0.1514,22239.0
1753531700444,12:08:20.444,AI16Z/USDT:USDT,0.1512,22.0,0.1511,16947.0,0.1513,6231.0,0.1514,22239.0
1753531701450,12:08:21.450,AI16Z/USDT:USDT,0.1512,765.0,0.1511,16947.0,0.1513,5831.0,0.1514,20111.0
1753531701597,12:08:21.597,AI16Z/USDT:USDT,0.1512,2765.0,0.1511,16947.0,0.1513,4872.0,0.1514,20111.0
1753531701663,12:08:21.663,AI16Z/USDT:USDT,0.1512,2765.0,0.1511,16947.0,0.1513,4855.0,0.1514,20111.0
1753531701798,12:08:21.798,AI16Z/USDT:USDT,0.1512,2947.0,0.1511,16947.0,0.1513,1501.0,0.1514,19931.0
1753531701836,12:08:21.836,AI16Z/USDT:USDT,0.1512,2947.0,0.1511,17127.0,0.1513,389.0,0.1514,19931.0
1753531701914,12:08:21.914,AI16Z/USDT:USDT,0.1512,2947.0,0.1511,17127.0,0.1513,1501.0,0.1514,20864.0
1753531702048,12:08:22.048,AI16Z/USDT:USDT,0.1512,2765.0,0.1511,16947.0,0.1513,3817.0,0.1514,21044.0
1753531702157,12:08:22.157,AI16Z/USDT:USDT,0.1512,22.0,0.1511,16947.0,0.1513,3817.0,0.1514,21044.0
1753531702445,12:08:22.445,AI16Z/USDT:USDT,0.1512,765.0,0.1511,16947.0,0.1513,3817.0,0.1514,21044.0
1753531702581,12:08:22.581,AI16Z/USDT:USDT,0.1512,22.0,0.1511,16947.0,0.1513,6217.0,0.1514,21044.0
1753531702775,12:08:22.775,AI16Z/USDT:USDT,0.1512,765.0,0.1511,16947.0,0.1513,6217.0,0.1514,21044.0
1753531702807,12:08:22.807,AI16Z/USDT:USDT,0.1512,765.0,0.1511,16947.0,0.1513,6217.0,0.1514,21044.0
1753531702999,12:08:22.999,AI16Z/USDT:USDT,0.1512,22.0,0.1511,16947.0,0.1513,6217.0,0.1514,21044.0
1753531704600,12:08:24.600,AI16Z/USDT:USDT,0.1512,765.0,0.1511,16947.0,0.1513,6217.0,0.1514,21044.0
1753531704714,12:08:24.714,AI16Z/USDT:USDT,0.1512,765.0,0.1511,16947.0,0.1513,6217.0,0.1514,21044.0
1753531704865,12:08:24.865,AI16Z/USDT:USDT,0.1512,765.0,0.1511,16947.0,0.1513,6035.0,0.1514,20111.0
1753531704909,12:08:24.909,AI16Z/USDT:USDT,0.1512,765.0,0.1511,16947.0,0.1513,5549.0,0.1514,20111.0
1753531705548,12:08:25.548,AI16Z/USDT:USDT,0.1512,2365.0,0.1511,16947.0,0.1513,5549.0,0.1514,20111.0
1753531706049,12:08:26.049,AI16Z/USDT:USDT,0.1512,2365.0,0.1511,16947.0,0.1513,4212.0,0.1514,20111.0
1753531706250,12:08:26.250,AI16Z/USDT:USDT,0.1512,2547.0,0.1511,16947.0,0.1513,3901.0,0.1514,21043.0
1753531706480,12:08:26.480,AI16Z/USDT:USDT,0.1512,947.0,0.1511,16947.0,0.1513,3901.0,0.1514,22067.0
1753531706514,12:08:26.514,AI16Z/USDT:USDT,0.1512,856.0,0.1511,16947.0,0.1513,4083.0,0.1514,22067.0
1753531706870,12:08:26.870,AI16Z/USDT:USDT,0.1512,856.0,0.1511,16947.0,0.1513,4212.0,0.1514,22067.0
1753531706920,12:08:26.920,AI16Z/USDT:USDT,0.1512,765.0,0.1511,16947.0,0.1513,4212.0,0.1514,22067.0
1753531707271,12:08:27.271,AI16Z/USDT:USDT,0.1512,22.0,0.1511,16947.0,0.1513,6217.0,0.1514,22067.0
1753531707658,12:08:27.658,AI16Z/USDT:USDT,0.1512,765.0,0.1511,16947.0,0.1513,6217.0,0.1514,22067.0
1753531709351,12:08:29.351,AI16Z/USDT:USDT,0.1512,765.0,0.1511,16947.0,0.1513,6217.0,0.1514,22067.0
1753531710294,12:08:30.294,AI16Z/USDT:USDT,0.1512,947.0,0.1511,16947.0,0.1513,3992.0,0.1514,20111.0
1753531710374,12:08:30.374,AI16Z/USDT:USDT,0.1512,947.0,0.1511,16947.0,0.1513,3901.0,0.1514,21043.0
1753531710492,12:08:30.492,AI16Z/USDT:USDT,0.1512,2147.0,0.1511,16947.0,0.1513,3901.0,0.1514,21043.0
1753531710713,12:08:30.713,AI16Z/USDT:USDT,0.1512,2147.0,0.1511,16947.0,0.1513,3901.0,0.1514,21043.0
1753531710879,12:08:30.879,AI16Z/USDT:USDT,0.1512,856.0,0.1511,16947.0,0.1513,4030.0,0.1514,22067.0
1753531711090,12:08:31.090,AI16Z/USDT:USDT,0.1512,765.0,0.1511,16947.0,0.1513,4121.0,0.1514,21043.0
1753531712470,12:08:32.470,AI16Z/USDT:USDT,0.1512,3165.0,0.1511,16947.0,0.1513,4121.0,0.1514,21043.0
1753531712772,12:08:32.772,AI16Z/USDT:USDT,0.1512,3256.0,0.1511,16947.0,0.1513,1721.0,0.1514,20863.0
1753531712853,12:08:32.853,AI16Z/USDT:USDT,0.1512,3256.0,0.1511,16947.0,0.1513,1630.0,0.1514,20863.0
1753531713004,12:08:33.004,AI16Z/USDT:USDT,0.1512,3256.0,0.1511,16947.0,0.1513,1630.0,0.1514,20863.0
1753531713027,12:08:33.027,AI16Z/USDT:USDT,0.1512,3165.0,0.1511,16947.0,0.1513,1721.0,0.1514,20863.0
1753531713461,12:08:33.461,AI16Z/USDT:USDT,0.1512,3165.0,0.1511,16947.0,0.1513,2721.0,0.1514,20863.0
1753531713508,12:08:33.508,AI16Z/USDT:USDT,0.1512,3165.0,0.1511,16947.0,0.1513,2721.0,0.1514,20863.0
1753531713712,12:08:33.712,AI16Z/USDT:USDT,0.1512,3165.0,0.1511,16947.0,0.1513,2721.0,0.1514,20863.0
1753531713878,12:08:33.878,AI16Z/USDT:USDT,0.1512,765.0,0.1511,16947.0,0.1513,2721.0,0.1514,19613.0
1753531713992,12:08:33.992,AI16Z/USDT:USDT,0.1512,765.0,0.1511,16947.0,0.1513,2721.0,0.1514,19613.0
1753531714149,12:08:34.149,AI16Z/USDT:USDT,0.1512,765.0,0.1511,16947.0,0.1513,2721.0,0.1514,19613.0
1753531714448,12:08:34.448,AI16Z/USDT:USDT,0.1512,2765.0,0.1511,16947.0,0.1513,3721.0,0.1514,19613.0
1753531715002,12:08:35.002,AI16Z/USDT:USDT,0.1512,2765.0,0.1511,16947.0,0.1513,3721.0,0.1514,19613.0
1753531715202,12:08:35.202,AI16Z/USDT:USDT,0.1512,22.0,0.1511,16947.0,0.1513,4389.0,0.1514,19613.0
1753531715270,12:08:35.270,AI16Z/USDT:USDT,0.1512,22.0,0.1511,16947.0,0.1513,5726.0,0.1514,18681.0
1753531715453,12:08:35.453,AI16Z/USDT:USDT,0.1512,22.0,0.1511,16947.0,0.1513,6217.0,0.1514,18681.0
1753531716004,12:08:36.004,AI16Z/USDT:USDT,0.1512,22.0,0.1511,16947.0,0.1513,6217.0,0.1514,18681.0
1753531716604,12:08:36.604,AI16Z/USDT:USDT,0.1511,3032.0,0.151,17329.0,0.1512,1867.0,0.1513,14159.0
1753531716696,12:08:36.696,AI16Z/USDT:USDT,0.1511,3165.0,0.151,17329.0,0.1512,9.0,0.1513,13479.0
1753531716803,12:08:36.803,AI16Z/USDT:USDT,0.1511,4493.0,0.151,17329.0,0.1512,9.0,0.1513,13479.0
1753531716890,12:08:36.890,AI16Z/USDT:USDT,0.1511,4493.0,0.151,17329.0,0.1512,764.0,0.1513,13479.0
1753531716970,12:08:36.970,AI16Z/USDT:USDT,0.1511,4402.0,0.151,17329.0,0.1512,1876.0,0.1513,13479.0
1753531717036,12:08:37.036,AI16Z/USDT:USDT,0.1511,4493.0,0.151,17329.0,0.1512,1876.0,0.1513,13479.0
1753531717111,12:08:37.111,AI16Z/USDT:USDT,0.1511,4402.0,0.151,17329.0,0.1512,1876.0,0.1513,13388.0
1753531717253,12:08:37.253,AI16Z/USDT:USDT,0.1511,4493.0,0.151,17329.0,0.1512,1876.0,0.1513,13388.0
1753531717402,12:08:37.402,AI16Z/USDT:USDT,0.1511,4402.0,0.151,17329.0,0.1512,1876.0,0.1513,13388.0
1753531717414,12:08:37.414,AI16Z/USDT:USDT,0.1511,6802.0,0.151,17329.0,0.1512,2676.0,0.1513,13388.0
1753531717538,12:08:37.538,AI16Z/USDT:USDT,0.1511,5465.0,0.151,17329.0,0.1512,2676.0,0.1513,13388.0
1753531718004,12:08:38.004,AI16Z/USDT:USDT,0.1511,2055.0,0.151,3197.0,0.1512,10458.0,0.1513,14277.0
1753531718100,12:08:38.100,AI16Z/USDT:USDT,0.151,6297.0,0.1509,24669.0,0.1512,13494.0,0.1513,14684.0
1753531718139,12:08:38.139,AI16Z/USDT:USDT,0.151,7319.0,0.1509,24847.0,0.1512,13493.0,0.1513,14680.0
1753531718300,12:08:38.300,AI16Z/USDT:USDT,0.151,7319.0,0.1509,24847.0,0.1512,12397.0,0.1513,14709.0
1753531718356,12:08:38.356,AI16Z/USDT:USDT,0.151,7319.0,0.1509,24847.0,0.1512,12397.0,0.1513,14709.0
1753531718532,12:08:38.532,AI16Z/USDT:USDT,0.151,7319.0,0.1509,24847.0,0.1512,12397.0,0.1513,14709.0
1753531718741,12:08:38.741,AI16Z/USDT:USDT,0.151,7331.0,0.1509,24847.0,0.1512,12397.0,0.1513,14709.0
1753531718835,12:08:38.835,AI16Z/USDT:USDT,0.151,7319.0,0.1509,24847.0,0.1512,12397.0,0.1513,14709.0
1753531718987,12:08:38.987,AI16Z/USDT:USDT,0.151,7319.0,0.1509,24847.0,0.1512,12397.0,0.1513,14709.0
1753531719111,12:08:39.111,AI16Z/USDT:USDT,0.151,7319.0,0.1509,24847.0,0.1512,12397.0,0.1513,14709.0
1753531719641,12:08:39.641,AI16Z/USDT:USDT,0.151,7331.0,0.1509,24847.0,0.1512,12397.0,0.1513,14709.0
1753531719707,12:08:39.707,AI16Z/USDT:USDT,0.151,7331.0,0.1509,24847.0,0.1512,12397.0,0.1513,14709.0
1753531719937,12:08:39.937,AI16Z/USDT:USDT,0.151,14347.0,0.1509,24847.0,0.1512,12397.0,0.1513,14709.0
1753531720037,12:08:40.037,AI16Z/USDT:USDT,0.151,14359.0,0.1509,24847.0,0.1512,12397.0,0.1513,14709.0
1753531720248,12:08:40.248,AI16Z/USDT:USDT,0.151,14359.0,0.1509,27897.0,0.1512,12397.0,0.1513,14709.0
1753531720335,12:08:40.335,AI16Z/USDT:USDT,0.151,14347.0,0.1509,27897.0,0.1512,12397.0,0.1513,14709.0
1753531720435,12:08:40.435,AI16Z/USDT:USDT,0.151,14359.0,0.1509,27897.0,0.1512,12397.0,0.1513,14709.0
1753531720605,12:08:40.605,AI16Z/USDT:USDT,0.151,14359.0,0.1509,27897.0,0.1512,11797.0,0.1513,14709.0
1753531720605,12:08:40.605,AI16Z/USDT:USDT,0.151,14359.0,0.1509,27897.0,0.1512,10797.0,0.1513,14709.0
1753531720794,12:08:40.794,AI16Z/USDT:USDT,0.151,13691.0,0.1509,27897.0,0.1512,10797.0,0.1513,14709.0
1753531720846,12:08:40.846,AI16Z/USDT:USDT,0.151,14359.0,0.1509,27897.0,0.1512,10797.0,0.1513,14709.0
1753531721056,12:08:41.056,AI16Z/USDT:USDT,0.151,14359.0,0.1509,27897.0,0.1512,10797.0,0.1513,14709.0
1753531721177,12:08:41.177,AI16Z/USDT:USDT,0.151,14359.0,0.1509,27897.0,0.1512,10797.0,0.1513,14709.0
1753531721267,12:08:41.267,AI16Z/USDT:USDT,0.151,13691.0,0.1509,27897.0,0.1512,10797.0,0.1513,14709.0
1753531721370,12:08:41.370,AI16Z/USDT:USDT,0.151,13691.0,0.1509,27897.0,0.1512,11997.0,0.1513,14709.0
1753531721487,12:08:41.487,AI16Z/USDT:USDT,0.151,6309.0,0.1509,27566.0,0.1511,1112.0,0.1512,11997.0
1753531721581,12:08:41.581,AI16Z/USDT:USDT,0.151,6651.0,0.1509,27908.0,0.1511,6.0,0.1512,11996.0
1753531721607,12:08:41.607,AI16Z/USDT:USDT,0.151,6651.0,0.1509,27908.0,0.1511,6.0,0.1512,11996.0
1753531722000,12:08:42.000,AI16Z/USDT:USDT,0.151,7410.0,0.1509,27908.0,0.1511,6.0,0.1512,11996.0
1753531722037,12:08:42.037,AI16Z/USDT:USDT,0.151,6742.0,0.1509,27908.0,0.1511,6.0,0.1512,10796.0
1753531722169,12:08:42.169,AI16Z/USDT:USDT,0.151,6651.0,0.1509,27908.0,0.1511,6.0,0.1512,10796.0
1753531722370,12:08:42.370,AI16Z/USDT:USDT,0.151,6742.0,0.1509,27908.0,0.1511,6.0,0.1512,10796.0
1753531722453,12:08:42.453,AI16Z/USDT:USDT,0.151,6742.0,0.1509,27908.0,0.1511,6.0,0.1512,10796.0
1753531722804,12:08:42.804,AI16Z/USDT:USDT,0.151,14441.0,0.1509,27908.0,0.1512,10760.0,0.1513,14709.0
1753531722820,12:08:42.820,AI16Z/USDT:USDT,0.151,14619.0,0.1509,27730.0,0.1512,10760.0,0.1513,14709.0
1753531722934,12:08:42.934,AI16Z/USDT:USDT,0.151,14631.0,0.1509,27730.0,0.1512,10760.0,0.1513,14709.0
1753531723025,12:08:43.025,AI16Z/USDT:USDT,0.151,14631.0,0.1509,28023.0,0.1512,10760.0,0.1513,14709.0
1753531723150,12:08:43.150,AI16Z/USDT:USDT,0.151,14631.0,0.1509,28023.0,0.1512,10760.0,0.1513,14709.0
1753531723797,12:08:43.797,AI16Z/USDT:USDT,0.151,13963.0,0.1509,28023.0,0.1512,10760.0,0.1513,14709.0
1753531724014,12:08:44.014,AI16Z/USDT:USDT,0.151,13963.0,0.1509,28023.0,0.1512,10760.0,0.1513,14709.0
1753531724131,12:08:44.131,AI16Z/USDT:USDT,0.151,14631.0,0.1509,28023.0,0.1512,10760.0,0.1513,14709.0
1753531725325,12:08:45.325,AI16Z/USDT:USDT,0.151,14631.0,0.1509,28023.0,0.1512,11760.0,0.1513,14709.0
1753531725435,12:08:45.435,AI16Z/USDT:USDT,0.151,14619.0,0.1509,28023.0,0.1512,11760.0,0.1513,14709.0
1753531725635,12:08:45.635,AI16Z/USDT:USDT,0.151,14631.0,0.1509,28023.0,0.1512,11760.0,0.1513,14709.0
1753531725719,12:08:45.719,AI16Z/USDT:USDT,0.151,14631.0,0.1509,28023.0,0.1512,11760.0,0.1513,14709.0
1753531725837,12:08:45.837,AI16Z/USDT:USDT,0.151,14619.0,0.1509,28023.0,0.1512,11760.0,0.1513,14709.0
1753531725934,12:08:45.934,AI16Z/USDT:USDT,0.151,14631.0,0.1509,28023.0,0.1512,11760.0,0.1513,14709.0
1753531726334,12:08:46.334,AI16Z/USDT:USDT,0.151,14619.0,0.1509,28023.0,0.1512,11760.0,0.1513,14709.0
1753531726637,12:08:46.637,AI16Z/USDT:USDT,0.151,14631.0,0.1509,28023.0,0.1512,11760.0,0.1513,14709.0
1753531726736,12:08:46.736,AI16Z/USDT:USDT,0.151,14619.0,0.1509,28023.0,0.1512,11760.0,0.1513,14709.0
1753531726928,12:08:46.928,AI16Z/USDT:USDT,0.151,14619.0,0.1509,28023.0,0.1512,11760.0,0.1513,14709.0
1753531727040,12:08:47.040,AI16Z/USDT:USDT,0.151,14631.0,0.1509,28023.0,0.1512,11760.0,0.1513,14709.0
1753531727232,12:08:47.232,AI16Z/USDT:USDT,0.151,14631.0,0.1509,28023.0,0.1512,11760.0,0.1513,14709.0
1753531727337,12:08:47.337,AI16Z/USDT:USDT,0.151,14619.0,0.1509,28023.0,0.1512,11760.0,0.1513,14709.0
1753531727445,12:08:47.445,AI16Z/USDT:USDT,0.151,14619.0,0.1509,28023.0,0.1512,10760.0,0.1513,14709.0
1753531727727,12:08:47.727,AI16Z/USDT:USDT,0.151,14619.0,0.1509,28023.0,0.1512,10760.0,0.1513,14709.0
1753531727864,12:08:47.864,AI16Z/USDT:USDT,0.151,14619.0,0.1509,28023.0,0.1512,10760.0,0.1513,14709.0
1753531728039,12:08:48.039,AI16Z/USDT:USDT,0.151,14631.0,0.1509,28023.0,0.1512,10760.0,0.1513,14709.0
1753531728135,12:08:48.135,AI16Z/USDT:USDT,0.151,14619.0,0.1509,28023.0,0.1512,10760.0,0.1513,14709.0
1753531728227,12:08:48.227,AI16Z/USDT:USDT,0.151,14619.0,0.1509,28023.0,0.1512,10760.0,0.1513,14709.0
1753531728327,12:08:48.327,AI16Z/USDT:USDT,0.151,14619.0,0.1509,37844.0,0.1512,10760.0,0.1513,14709.0
1753531728550,12:08:48.550,AI16Z/USDT:USDT,0.151,14619.0,0.1509,37844.0,0.1512,10760.0,0.1513,14709.0
1753531728729,12:08:48.729,AI16Z/USDT:USDT,0.151,17097.0,0.1509,37159.0,0.1512,10760.0,0.1513,14709.0
1753531728812,12:08:48.812,AI16Z/USDT:USDT,0.151,17097.0,0.1509,37172.0,0.1512,10760.0,0.1513,14709.0
1753531729304,12:08:49.304,AI16Z/USDT:USDT,0.151,17097.0,0.1509,37172.0,0.1512,11360.0,0.1513,14709.0
1753531729305,12:08:49.305,AI16Z/USDT:USDT,0.151,17097.0,0.1509,37172.0,0.1512,11360.0,0.1513,14709.0
1753531730227,12:08:50.227,AI16Z/USDT:USDT,0.151,17097.0,0.1509,37172.0,0.1512,11360.0,0.1513,14709.0
1753531730768,12:08:50.768,AI16Z/USDT:USDT,0.151,17097.0,0.1509,37161.0,0.1512,11360.0,0.1513,14709.0
1753531731275,12:08:51.275,AI16Z/USDT:USDT,0.151,15042.0,0.1509,37161.0,0.1512,11360.0,0.1513,14709.0
1753531731376,12:08:51.376,AI16Z/USDT:USDT,0.151,17089.0,0.1509,37161.0,0.1512,11360.0,0.1513,14709.0
1753531731451,12:08:51.451,AI16Z/USDT:USDT,0.151,17089.0,0.1509,37161.0,0.1512,10760.0,0.1513,14709.0
1753531731717,12:08:51.717,AI16Z/USDT:USDT,0.151,17089.0,0.1509,37148.0,0.1512,10760.0,0.1513,14709.0
1753531731882,12:08:51.882,AI16Z/USDT:USDT,0.151,17089.0,0.1509,37161.0,0.1512,10760.0,0.1513,14709.0
1753531732097,12:08:52.097,AI16Z/USDT:USDT,0.151,14020.0,0.1509,37515.0,0.1512,10760.0,0.1513,14709.0
1753531732204,12:08:52.204,AI16Z/USDT:USDT,0.1511,2047.0,0.151,14688.0,0.1512,9988.0,0.1513,14709.0
1753531732247,12:08:52.247,AI16Z/USDT:USDT,0.1511,2051.0,0.151,14688.0,0.1512,10789.0,0.1513,14709.0
1753531732388,12:08:52.388,AI16Z/USDT:USDT,0.1511,4.0,0.151,16735.0,0.1512,9989.0,0.1513,14709.0
1753531732467,12:08:52.467,AI16Z/USDT:USDT,0.1511,738.0,0.151,16735.0,0.1512,9321.0,0.1513,14999.0
1753531733111,12:08:53.111,AI16Z/USDT:USDT,0.1511,738.0,0.151,16735.0,0.1512,9230.0,0.1513,14999.0
1753531733250,12:08:53.250,AI16Z/USDT:USDT,0.1511,3138.0,0.151,16735.0,0.1512,9321.0,0.1513,14999.0
1753531733349,12:08:53.349,AI16Z/USDT:USDT,0.1511,3138.0,0.151,16735.0,0.1512,9321.0,0.1513,14999.0
1753531733676,12:08:53.676,AI16Z/USDT:USDT,0.1511,738.0,0.151,16735.0,0.1512,9321.0,0.1513,14999.0
1753531733748,12:08:53.748,AI16Z/USDT:USDT,0.1511,738.0,0.151,16735.0,0.1512,9989.0,0.1513,14999.0
1753531734226,12:08:54.226,AI16Z/USDT:USDT,0.1511,738.0,0.151,16735.0,0.1512,10789.0,0.1513,14999.0
1753531734542,12:08:54.542,AI16Z/USDT:USDT,0.1511,738.0,0.151,16735.0,0.1512,9989.0,0.1513,14999.0
1753531734712,12:08:54.712,AI16Z/USDT:USDT,0.1511,738.0,0.151,16735.0,0.1512,9989.0,0.1513,14999.0
1753531735217,12:08:55.217,AI16Z/USDT:USDT,0.1511,738.0,0.151,16735.0,0.1512,10989.0,0.1513,14999.0
1753531735307,12:08:55.307,AI16Z/USDT:USDT,0.1511,738.0,0.151,16735.0,0.1512,10989.0,0.1513,14999.0
1753531735553,12:08:55.553,AI16Z/USDT:USDT,0.1511,738.0,0.151,16735.0,0.1512,9321.0,0.1513,14999.0
1753531736202,12:08:56.202,AI16Z/USDT:USDT,0.1511,3138.0,0.151,16735.0,0.1512,9321.0,0.1513,14999.0
1753531736586,12:08:56.586,AI16Z/USDT:USDT,0.1511,738.0,0.151,16735.0,0.1512,9321.0,0.1513,14999.0
1753531736687,12:08:56.687,AI16Z/USDT:USDT,0.1511,738.0,0.151,16735.0,0.1512,9989.0,0.1513,14987.0
1753531737012,12:08:57.012,AI16Z/USDT:USDT,0.1511,738.0,0.151,16735.0,0.1512,9989.0,0.1513,14987.0
1753531737198,12:08:57.198,AI16Z/USDT:USDT,0.1511,1738.0,0.151,16735.0,0.1512,10001.0,0.1513,14987.0
1753531737598,12:08:57.598,AI16Z/USDT:USDT,0.1511,1738.0,0.151,16735.0,0.1512,9333.0,0.1513,14987.0
1753531737607,12:08:57.607,AI16Z/USDT:USDT,0.1511,1738.0,0.151,16735.0,0.1512,7996.0,0.1513,14987.0
1753531737782,12:08:57.782,AI16Z/USDT:USDT,0.1511,738.0,0.151,16735.0,0.1512,9333.0,0.1513,14987.0
1753531738181,12:08:58.181,AI16Z/USDT:USDT,0.1511,738.0,0.151,16735.0,0.1512,10533.0,0.1513,14987.0
1753531739138,12:08:59.138,AI16Z/USDT:USDT,0.1511,747.0,0.151,16735.0,0.1512,10533.0,0.1513,14987.0
1753531739256,12:08:59.256,AI16Z/USDT:USDT,0.1511,747.0,0.151,16735.0,0.1512,9333.0,0.1513,14987.0
1753531740158,12:09:00.158,AI16Z/USDT:USDT,0.1511,747.0,0.151,16735.0,0.1512,10333.0,0.1513,14987.0
1753531740239,12:09:00.239,AI16Z/USDT:USDT,0.1511,747.0,0.151,16735.0,0.1512,9333.0,0.1513,14987.0
1753531740365,12:09:00.365,AI16Z/USDT:USDT,0.1511,747.0,0.151,16735.0,0.1512,9333.0,0.1513,14987.0
1753531740717,12:09:00.717,AI16Z/USDT:USDT,0.1511,747.0,0.151,16735.0,0.1512,9333.0,0.1513,14987.0
1753531741146,12:09:01.146,AI16Z/USDT:USDT,0.1511,2547.0,0.151,16735.0,0.1512,9333.0,0.1513,14987.0
1753531741924,12:09:01.924,AI16Z/USDT:USDT,0.1511,2547.0,0.151,16735.0,0.1512,8533.0,0.1513,14987.0
1753531742185,12:09:02.185,AI16Z/USDT:USDT,0.1511,2547.0,0.151,16735.0,0.1512,8533.0,0.1513,14987.0
1753531742241,12:09:02.241,AI16Z/USDT:USDT,0.1511,2547.0,0.151,16735.0,0.1512,8533.0,0.1513,14987.0
1753531742967,12:09:02.967,AI16Z/USDT:USDT,0.1511,2547.0,0.151,16735.0,0.1512,8533.0,0.1513,17522.0
1753531743124,12:09:03.124,AI16Z/USDT:USDT,0.1511,3147.0,0.151,16735.0,0.1512,8442.0,0.1513,17522.0
1753531743727,12:09:03.727,AI16Z/USDT:USDT,0.1511,3147.0,0.151,16735.0,0.1512,8442.0,0.1513,17522.0
1753531744241,12:09:04.241,AI16Z/USDT:USDT,0.1511,747.0,0.151,16735.0,0.1512,8442.0,0.1513,17522.0
1753531744380,12:09:04.380,AI16Z/USDT:USDT,0.1511,838.0,0.151,16644.0,0.1512,8351.0,0.1513,17522.0
1753531744499,12:09:04.499,AI16Z/USDT:USDT,0.1511,747.0,0.151,16644.0,0.1512,8533.0,0.1513,17522.0
1753531745105,12:09:05.105,AI16Z/USDT:USDT,0.1511,1947.0,0.151,16644.0,0.1512,10133.0,0.1513,17522.0
1753531745550,12:09:05.550,AI16Z/USDT:USDT,0.1511,747.0,0.151,16644.0,0.1512,10133.0,0.1513,17522.0
1753531745699,12:09:05.699,AI16Z/USDT:USDT,0.1511,747.0,0.151,16644.0,0.1512,10133.0,0.1513,17522.0
1753531745717,12:09:05.717,AI16Z/USDT:USDT,0.1511,747.0,0.151,16644.0,0.1512,10801.0,0.1513,17522.0
1753531745994,12:09:05.994,AI16Z/USDT:USDT,0.1511,4.0,0.151,16644.0,0.1512,10801.0,0.1513,17522.0
1753531746088,12:09:06.088,AI16Z/USDT:USDT,0.1511,747.0,0.151,16644.0,0.1512,10801.0,0.1513,17522.0
1753531746389,12:09:06.389,AI16Z/USDT:USDT,0.1511,747.0,0.151,16644.0,0.1512,10133.0,0.1513,17522.0
1753531746790,12:09:06.790,AI16Z/USDT:USDT,0.1511,747.0,0.151,16644.0,0.1512,8442.0,0.1513,17522.0
1753531746927,12:09:06.927,AI16Z/USDT:USDT,0.1511,747.0,0.151,16644.0,0.1512,8442.0,0.1513,17522.0
1753531747080,12:09:07.080,AI16Z/USDT:USDT,0.1511,2347.0,0.151,16644.0,0.1512,9842.0,0.1513,17522.0
1753531747137,12:09:07.137,AI16Z/USDT:USDT,0.1511,2347.0,0.151,16644.0,0.1512,8442.0,0.1513,17522.0
1753531747463,12:09:07.463,AI16Z/USDT:USDT,0.1511,2347.0,0.151,16644.0,0.1512,8533.0,0.1513,17522.0
1753531747750,12:09:07.750,AI16Z/USDT:USDT,0.1511,2347.0,0.151,16644.0,0.1512,8533.0,0.1513,17522.0
1753531748068,12:09:08.068,AI16Z/USDT:USDT,0.1511,2347.0,0.151,16644.0,0.1512,9733.0,0.1513,17522.0
1753531748497,12:09:08.497,AI16Z/USDT:USDT,0.1511,2347.0,0.151,16644.0,0.1512,8442.0,0.1513,17522.0
1753531748858,12:09:08.858,AI16Z/USDT:USDT,0.1511,2347.0,0.151,16644.0,0.1512,8533.0,0.1513,17522.0
1753531748907,12:09:08.907,AI16Z/USDT:USDT,0.1511,2347.0,0.151,16644.0,0.1512,8533.0,0.1513,17522.0
1753531749058,12:09:09.058,AI16Z/USDT:USDT,0.1511,2347.0,0.151,16644.0,0.1512,9733.0,0.1513,17522.0
1753531749130,12:09:09.130,AI16Z/USDT:USDT,0.1511,747.0,0.151,16644.0,0.1512,9733.0,0.1513,17522.0
1753531749717,12:09:09.717,AI16Z/USDT:USDT,0.1511,747.0,0.151,16644.0,0.1512,9733.0,0.1513,17522.0
1753531750046,12:09:10.046,AI16Z/USDT:USDT,0.1511,2347.0,0.151,16644.0,0.1512,9733.0,0.1513,17522.0
1753531750895,12:09:10.895,AI16Z/USDT:USDT,0.1511,4.0,0.151,16644.0,0.1512,9733.0,0.1513,17522.0
1753531750969,12:09:10.969,AI16Z/USDT:USDT,0.1511,4.0,0.151,16644.0,0.1512,10401.0,0.1513,17522.0
1753531751035,12:09:11.035,AI16Z/USDT:USDT,0.1511,4.0,0.151,16644.0,0.1512,11601.0,0.1513,17522.0
1753531751163,12:09:11.163,AI16Z/USDT:USDT,0.1511,740.0,0.151,16644.0,0.1512,9733.0,0.1513,17522.0
1753531751434,12:09:11.434,AI16Z/USDT:USDT,0.1511,740.0,0.151,16644.0,0.1512,10401.0,0.1513,17522.0
1753531751698,12:09:11.698,AI16Z/USDT:USDT,0.1511,740.0,0.151,16644.0,0.1512,8533.0,0.1513,17522.0
1753531751887,12:09:11.887,AI16Z/USDT:USDT,0.1511,2400.0,0.151,16191.0,0.1512,9230.0,0.1513,17522.0
1753531751922,12:09:11.922,AI16Z/USDT:USDT,0.1511,2401.0,0.151,16191.0,0.1512,9324.0,0.1513,17535.0
1753531752137,12:09:12.137,AI16Z/USDT:USDT,0.1511,2401.0,0.151,16191.0,0.1512,9992.0,0.1513,17535.0
1753531752550,12:09:12.550,AI16Z/USDT:USDT,0.1511,2401.0,0.151,16191.0,0.1512,9992.0,0.1513,17535.0
1753531753090,12:09:13.090,AI16Z/USDT:USDT,0.1511,2401.0,0.151,16191.0,0.1512,9324.0,0.1513,17535.0
1753531753436,12:09:13.436,AI16Z/USDT:USDT,0.1511,2401.0,0.151,16191.0,0.1512,9992.0,0.1513,17535.0
1753531753676,12:09:13.676,AI16Z/USDT:USDT,0.1511,2401.0,0.151,16191.0,0.1512,9324.0,0.1513,17535.0
1753531753949,12:09:13.949,AI16Z/USDT:USDT,0.1511,2401.0,0.151,16191.0,0.1512,9324.0,0.1513,17535.0
1753531754281,12:09:14.281,AI16Z/USDT:USDT,0.1511,2401.0,0.151,16191.0,0.1512,9992.0,0.1513,17535.0
1753531755102,12:09:15.102,AI16Z/USDT:USDT,0.1511,2401.0,0.151,16191.0,0.1512,9324.0,0.1513,17535.0
1753531755131,12:09:15.131,AI16Z/USDT:USDT,0.1511,2401.0,0.151,16191.0,0.1512,8524.0,0.1513,17535.0
1753531755980,12:09:15.980,AI16Z/USDT:USDT,0.1511,2401.0,0.151,16191.0,0.1512,9324.0,0.1513,17535.0
1753531757294,12:09:17.294,AI16Z/USDT:USDT,0.1511,1.0,0.151,16191.0,0.1512,9992.0,0.1513,17535.0
1753531757405,12:09:17.405,AI16Z/USDT:USDT,0.1511,1.0,0.151,14730.0,0.1512,10121.0,0.1513,17535.0
1753531757437,12:09:17.437,AI16Z/USDT:USDT,0.1511,1.0,0.151,12200.0,0.1512,11147.0,0.1513,17482.0
1753531757506,12:09:17.506,AI16Z/USDT:USDT,0.1511,1.0,0.151,14244.0,0.1512,11147.0,0.1513,17482.0
1753531757676,12:09:17.676,AI16Z/USDT:USDT,0.1511,1.0,0.151,15581.0,0.1512,10478.0,0.1513,17482.0
1753531757796,12:09:17.796,AI16Z/USDT:USDT,0.1511,728.0,0.151,16378.0,0.1512,10475.0,0.1513,17482.0
1753531757812,12:09:17.812,AI16Z/USDT:USDT,0.1511,728.0,0.151,16378.0,0.1512,10476.0,0.1513,17482.0
1753531757957,12:09:17.957,AI16Z/USDT:USDT,0.1511,3128.0,0.151,16378.0,0.1512,10476.0,0.1513,17482.0
1753531758077,12:09:18.077,AI16Z/USDT:USDT,0.151,15710.0,0.1509,32829.0,0.1512,14070.0,0.1513,17482.0
1753531758128,12:09:18.128,AI16Z/USDT:USDT,0.151,12427.0,0.1509,28110.0,0.1512,14065.0,0.1513,17482.0
1753531758215,12:09:18.215,AI16Z/USDT:USDT,0.151,12427.0,0.1509,28110.0,0.1512,14065.0,0.1513,17482.0
1753531758497,12:09:18.497,AI16Z/USDT:USDT,0.151,12427.0,0.1509,28782.0,0.1512,14065.0,0.1513,17482.0
1753531758592,12:09:18.592,AI16Z/USDT:USDT,0.151,13095.0,0.1509,28782.0,0.1512,12711.0,0.1513,17836.0
1753531758683,12:09:18.683,AI16Z/USDT:USDT,0.151,13095.0,0.1509,28782.0,0.1512,12624.0,0.1513,17836.0
1753531759147,12:09:19.147,AI16Z/USDT:USDT,0.151,12427.0,0.1509,28782.0,0.1512,12624.0,0.1513,17836.0
1753531759702,12:09:19.702,AI16Z/USDT:USDT,0.151,2060.0,0.1509,23934.0,0.1511,7161.0,0.1512,13826.0
1753531759762,12:09:19.762,AI16Z/USDT:USDT,0.151,2060.0,0.1509,24112.0,0.1511,5698.0,0.1512,12178.0
1753531759840,12:09:19.840,AI16Z/USDT:USDT,0.151,2060.0,0.1509,24112.0,0.1511,5698.0,0.1512,12178.0
1753531759935,12:09:19.935,AI16Z/USDT:USDT,0.151,4460.0,0.1509,23971.0,0.1511,7098.0,0.1512,12178.0
1753531760005,12:09:20.005,AI16Z/USDT:USDT,0.151,4460.0,0.1509,23971.0,0.1511,7098.0,0.1512,12178.0
1753531760107,12:09:20.107,AI16Z/USDT:USDT,0.151,4460.0,0.1509,23971.0,0.1511,5698.0,0.1512,12178.0
1753531760986,12:09:20.986,AI16Z/USDT:USDT,0.151,4460.0,0.1509,23971.0,0.1511,5698.0,0.1512,12178.0
1753531761288,12:09:21.288,AI16Z/USDT:USDT,0.151,4460.0,0.1509,23983.0,0.1511,5698.0,0.1512,12178.0
1753531761405,12:09:21.405,AI16Z/USDT:USDT,0.151,4460.0,0.1509,23983.0,0.1511,5607.0,0.1512,12178.0
1753531761473,12:09:21.473,AI16Z/USDT:USDT,0.151,4460.0,0.1509,23690.0,0.1511,5698.0,0.1512,12178.0
1753531761588,12:09:21.588,AI16Z/USDT:USDT,0.151,4460.0,0.1509,23690.0,0.1511,5698.0,0.1512,12178.0
1753531761757,12:09:21.757,AI16Z/USDT:USDT,0.151,4460.0,0.1509,23690.0,0.1511,5698.0,0.1512,12178.0
1753531762004,12:09:22.004,AI16Z/USDT:USDT,0.151,4460.0,0.1509,23690.0,0.1511,5698.0,0.1512,12178.0
1753531762150,12:09:22.150,AI16Z/USDT:USDT,0.151,4460.0,0.1509,23690.0,0.1511,5698.0,0.1512,12178.0
1753531762282,12:09:22.282,AI16Z/USDT:USDT,0.151,4460.0,0.1509,23690.0,0.1511,5698.0,0.1512,12178.0
1753531762802,12:09:22.802,AI16Z/USDT:USDT,0.151,743.0,0.1509,8049.0,0.1511,11951.0,0.1512,11838.0
1753531762898,12:09:22.898,AI16Z/USDT:USDT,0.151,743.0,0.1509,9386.0,0.1511,11963.0,0.1512,12139.0
1753531762999,12:09:22.999,AI16Z/USDT:USDT,0.151,743.0,0.1509,11430.0,0.1511,8975.0,0.1512,12139.0
1753531763007,12:09:23.007,AI16Z/USDT:USDT,0.151,743.0,0.1509,11430.0,0.1511,8975.0,0.1512,12139.0
1753531763138,12:09:23.138,AI16Z/USDT:USDT,0.151,743.0,0.1509,11430.0,0.1511,8972.0,0.1512,12139.0
1753531763228,12:09:23.228,AI16Z/USDT:USDT,0.151,743.0,0.1509,11559.0,0.1511,8972.0,0.1512,12139.0
1753531763893,12:09:23.893,AI16Z/USDT:USDT,0.151,1743.0,0.1509,11559.0,0.1511,10772.0,0.1512,12139.0
1753531763920,12:09:23.920,AI16Z/USDT:USDT,0.151,743.0,0.1509,11559.0,0.1511,10772.0,0.1512,12139.0
1753531764098,12:09:24.098,AI16Z/USDT:USDT,0.151,499.0,0.1509,6920.0,0.1511,10772.0,0.1512,12139.0
1753531764200,12:09:24.200,AI16Z/USDT:USDT,0.151,499.0,0.1509,12542.0,0.1511,10100.0,0.1512,12139.0
1753531764602,12:09:24.602,AI16Z/USDT:USDT,0.151,499.0,0.1509,12542.0,0.1511,10100.0,0.1512,12139.0
1753531764693,12:09:24.693,AI16Z/USDT:USDT,0.1509,10408.0,0.1508,21492.0,0.1511,12760.0,0.1512,12139.0
1753531764788,12:09:24.788,AI16Z/USDT:USDT,0.1509,12542.0,0.1508,27762.0,0.1511,12760.0,0.1512,12483.0
1753531764878,12:09:24.878,AI16Z/USDT:USDT,0.1509,11874.0,0.1508,27762.0,0.1511,12757.0,0.1512,12483.0
1753531764911,12:09:24.911,AI16Z/USDT:USDT,0.1509,11874.0,0.1508,27762.0,0.1511,12755.0,0.1512,12483.0
1753531765192,12:09:25.192,AI16Z/USDT:USDT,0.1509,12542.0,0.1508,27762.0,0.1511,10850.0,0.1512,12469.0
1753531765295,12:09:25.295,AI16Z/USDT:USDT,0.1509,12542.0,0.1508,27762.0,0.1511,10850.0,0.1512,12469.0
1753531765336,12:09:25.336,AI16Z/USDT:USDT,0.1509,11874.0,0.1508,27762.0,0.1511,10850.0,0.1512,12469.0
1753531765411,12:09:25.411,AI16Z/USDT:USDT,0.1509,11874.0,0.1508,27762.0,0.1511,10850.0,0.1512,12469.0
1753531765875,12:09:25.875,AI16Z/USDT:USDT,0.1509,11874.0,0.1508,27762.0,0.1511,12050.0,0.1512,12469.0
1753531765911,12:09:25.911,AI16Z/USDT:USDT,0.1509,11874.0,0.1508,27762.0,0.1511,12050.0,0.1512,12481.0
1753531766004,12:09:26.004,AI16Z/USDT:USDT,0.1509,11874.0,0.1508,27762.0,0.1511,12050.0,0.1512,12481.0
1753531766292,12:09:26.292,AI16Z/USDT:USDT,0.1509,11874.0,0.1508,27762.0,0.1511,12050.0,0.1512,12481.0
1753531766857,12:09:26.857,AI16Z/USDT:USDT,0.1509,11874.0,0.1508,27762.0,0.1511,13050.0,0.1512,12481.0
1753531767097,12:09:27.097,AI16Z/USDT:USDT,0.1509,11874.0,0.1508,27748.0,0.1511,13050.0,0.1512,12481.0
1753531767282,12:09:27.282,AI16Z/USDT:USDT,0.1509,11874.0,0.1508,27759.0,0.1511,13050.0,0.1512,12481.0
1753531767447,12:09:27.447,AI16Z/USDT:USDT,0.1509,10408.0,0.1508,27759.0,0.1511,13722.0,0.1512,12481.0
1753531767542,12:09:27.542,AI16Z/USDT:USDT,0.1509,10396.0,0.1508,27759.0,0.1511,13722.0,0.1512,12481.0
1753531767608,12:09:27.608,AI16Z/USDT:USDT,0.1509,10396.0,0.1508,27759.0,0.1511,13722.0,0.1512,12481.0
1753531767792,12:09:27.792,AI16Z/USDT:USDT,0.1509,5442.0,0.1508,27746.0,0.151,2045.0,0.1511,11678.0
1753531767900,12:09:27.900,AI16Z/USDT:USDT,0.1509,5442.0,0.1508,27746.0,0.151,5786.0,0.1511,11678.0
1753531768003,12:09:28.003,AI16Z/USDT:USDT,0.1509,3042.0,0.1508,15890.0,0.151,8102.0,0.1511,11781.0
1753531768074,12:09:28.074,AI16Z/USDT:USDT,0.1509,3042.0,0.1508,15890.0,0.151,8456.0,0.1511,14706.0
1753531768198,12:09:28.198,AI16Z/USDT:USDT,0.1509,998.0,0.1508,17019.0,0.151,8456.0,0.1511,15113.0
1753531768235,12:09:28.235,AI16Z/USDT:USDT,0.1509,998.0,0.1508,17019.0,0.151,8456.0,0.1511,15113.0
1753531768493,12:09:28.493,AI16Z/USDT:USDT,0.1509,998.0,0.1508,17395.0,0.151,8456.0,0.1511,15113.0
1753531768569,12:09:28.569,AI16Z/USDT:USDT,0.1509,3667.0,0.1508,32381.0,0.151,3741.0,0.1511,15453.0
1753531768779,12:09:28.779,AI16Z/USDT:USDT,0.1509,2201.0,0.1508,32381.0,0.151,5786.0,0.1511,15453.0
1753531768849,12:09:28.849,AI16Z/USDT:USDT,0.1509,4601.0,0.1508,32381.0,0.151,5786.0,0.1511,15453.0
1753531769131,12:09:29.131,AI16Z/USDT:USDT,0.1509,5938.0,0.1508,32381.0,0.151,3741.0,0.1511,17499.0
1753531769380,12:09:29.380,AI16Z/USDT:USDT,0.1509,3489.0,0.1508,32381.0,0.151,3741.0,0.1511,17499.0
1753531769642,12:09:29.642,AI16Z/USDT:USDT,0.1509,3489.0,0.1508,32394.0,0.151,3741.0,0.1511,17499.0
1753531769721,12:09:29.721,AI16Z/USDT:USDT,0.1509,3489.0,0.1508,32394.0,0.151,3741.0,0.1511,17499.0
1753531769887,12:09:29.887,AI16Z/USDT:USDT,0.1509,3489.0,0.1508,32394.0,0.151,3741.0,0.1511,17499.0
1753531769928,12:09:29.928,AI16Z/USDT:USDT,0.1509,6998.0,0.1508,32587.0,0.151,5.0,0.1511,17319.0
1753531770087,12:09:30.087,AI16Z/USDT:USDT,0.1509,6998.0,0.1508,32587.0,0.151,5.0,0.1511,17319.0
1753531770222,12:09:30.222,AI16Z/USDT:USDT,0.1509,6998.0,0.1508,32587.0,0.151,5.0,0.1511,17319.0
1753531770351,12:09:30.351,AI16Z/USDT:USDT,0.1509,6998.0,0.1508,32587.0,0.151,5.0,0.1511,17319.0
1753531770474,12:09:30.474,AI16Z/USDT:USDT,0.1509,6998.0,0.1508,32587.0,0.151,5.0,0.1511,17319.0
1753531770705,12:09:30.705,AI16Z/USDT:USDT,0.1508,13878.0,0.1507,21054.0,0.1509,668.0,0.151,14586.0
1753531770801,12:09:30.801,AI16Z/USDT:USDT,0.1508,11425.0,0.1507,21914.0,0.151,14608.0,0.1511,15442.0
1753531770900,12:09:30.900,AI16Z/USDT:USDT,0.1508,14363.0,0.1507,22029.0,0.151,12025.0,0.1511,15442.0
1753531770992,12:09:30.992,AI16Z/USDT:USDT,0.1509,3285.0,0.1508,14363.0,0.151,11180.0,0.1511,15442.0
1753531771032,12:09:31.032,AI16Z/USDT:USDT,0.1509,886.0,0.1508,14362.0,0.151,11185.0,0.1511,15442.0
1753531771195,12:09:31.195,AI16Z/USDT:USDT,0.1509,886.0,0.1508,14362.0,0.151,10517.0,0.1511,15471.0
1753531771292,12:09:31.292,AI16Z/USDT:USDT,0.1509,886.0,0.1508,14362.0,0.151,10517.0,0.1511,15471.0
1753531771358,12:09:31.358,AI16Z/USDT:USDT,0.1509,1998.0,0.1508,14362.0,0.151,9670.0,0.1511,15471.0
1753531771452,12:09:31.452,AI16Z/USDT:USDT,0.1509,1998.0,0.1508,14362.0,0.151,9579.0,0.1511,15471.0
1753531771509,12:09:31.509,AI16Z/USDT:USDT,0.1509,1998.0,0.1508,14362.0,0.151,9579.0,0.1511,15471.0
1753531771705,12:09:31.705,AI16Z/USDT:USDT,0.1509,886.0,0.1508,14140.0,0.151,9579.0,0.1511,15471.0
1753531771803,12:09:31.803,AI16Z/USDT:USDT,0.1509,3286.0,0.1508,14140.0,0.151,6753.0,0.1511,15471.0
1753531772094,12:09:32.094,AI16Z/USDT:USDT,0.1509,3286.0,0.1508,14129.0,0.151,7512.0,0.1511,15635.0
1753531772172,12:09:32.172,AI16Z/USDT:USDT,0.1509,3286.0,0.1508,14129.0,0.151,6753.0,0.1511,15635.0
1753531772253,12:09:32.253,AI16Z/USDT:USDT,0.1509,3286.0,0.1508,14129.0,0.151,6844.0,0.1511,15635.0
1753531772434,12:09:32.434,AI16Z/USDT:USDT,0.1509,3286.0,0.1508,14129.0,0.151,7603.0,0.1511,15635.0
1753531772858,12:09:32.858,AI16Z/USDT:USDT,0.1509,3286.0,0.1508,14129.0,0.151,7603.0,0.1511,15635.0
1753531772967,12:09:32.967,AI16Z/USDT:USDT,0.1509,3286.0,0.1508,14129.0,0.151,7603.0,0.1511,15635.0
1753531773086,12:09:33.086,AI16Z/USDT:USDT,0.1509,886.0,0.1508,14129.0,0.151,6935.0,0.1511,15635.0
1753531773181,12:09:33.181,AI16Z/USDT:USDT,0.1509,757.0,0.1508,8454.0,0.151,7603.0,0.1511,15635.0
1753531773297,12:09:33.297,AI16Z/USDT:USDT,0.1509,757.0,0.1508,10067.0,0.151,7603.0,0.1511,15635.0
1753531773360,12:09:33.360,AI16Z/USDT:USDT,0.1509,757.0,0.1508,10067.0,0.151,7603.0,0.1511,15635.0
1753531773476,12:09:33.476,AI16Z/USDT:USDT,0.1509,757.0,0.1508,10067.0,0.151,7603.0,0.1511,15635.0
1753531773575,12:09:33.575,AI16Z/USDT:USDT,0.1509,757.0,0.1508,14274.0,0.151,7603.0,0.1511,15635.0
1753531773682,12:09:33.682,AI16Z/USDT:USDT,0.1509,757.0,0.1508,14274.0,0.151,6935.0,0.1511,15635.0
1753531773779,12:09:33.779,AI16Z/USDT:USDT,0.1509,3286.0,0.1508,14274.0,0.151,6935.0,0.1511,15635.0
1753531773888,12:09:33.888,AI16Z/USDT:USDT,0.1509,4623.0,0.1508,14274.0,0.151,6739.0,0.1511,15621.0
1753531774002,12:09:34.002,AI16Z/USDT:USDT,0.1509,4623.0,0.1508,14274.0,0.151,6739.0,0.1511,15635.0
1753531774083,12:09:34.083,AI16Z/USDT:USDT,0.1509,3286.0,0.1508,14274.0,0.151,6739.0,0.1511,15635.0
1753531774197,12:09:34.197,AI16Z/USDT:USDT,0.1509,3377.0,0.1508,14274.0,0.151,6921.0,0.1511,15635.0
1753531774360,12:09:34.360,AI16Z/USDT:USDT,0.1509,3286.0,0.1508,14274.0,0.151,6739.0,0.1511,15635.0
1753531774500,12:09:34.500,AI16Z/USDT:USDT,0.1509,3377.0,0.1508,14274.0,0.151,6739.0,0.1511,15471.0
1753531774597,12:09:34.597,AI16Z/USDT:USDT,0.1509,4805.0,0.1508,14288.0,0.151,2649.0,0.1511,15825.0
1753531774608,12:09:34.608,AI16Z/USDT:USDT,0.1509,4805.0,0.1508,14288.0,0.151,2649.0,0.1511,15825.0
1753531774902,12:09:34.902,AI16Z/USDT:USDT,0.1509,6623.0,0.1508,14467.0,0.1511,15631.0,0.1512,22263.0
1753531774969,12:09:34.969,AI16Z/USDT:USDT,0.1509,6809.0,0.1508,14467.0,0.1511,17707.0,0.1512,22263.0
1753531775030,12:09:35.030,AI16Z/USDT:USDT,0.1509,6679.0,0.1508,14467.0,0.1511,17707.0,0.1512,22263.0
1753531775204,12:09:35.204,AI16Z/USDT:USDT,0.1509,6679.0,0.1508,14467.0,0.151,2076.0,0.1511,15631.0
1753531775269,12:09:35.269,AI16Z/USDT:USDT,0.1509,4813.0,0.1508,14454.0,0.151,2077.0,0.1511,15631.0
1753531775327,12:09:35.327,AI16Z/USDT:USDT,0.1509,4904.0,0.1508,14454.0,0.151,2077.0,0.1511,15631.0
1753531775488,12:09:35.488,AI16Z/USDT:USDT,0.1509,4904.0,0.1508,14274.0,0.151,2168.0,0.1511,15645.0
1753531775559,12:09:35.559,AI16Z/USDT:USDT,0.1509,3476.0,0.1508,14274.0,0.151,2168.0,0.1511,15645.0
1753531775678,12:09:35.678,AI16Z/USDT:USDT,0.1509,3476.0,0.1508,14274.0,0.151,2168.0,0.1511,15658.0
1753531775799,12:09:35.799,AI16Z/USDT:USDT,0.1509,3567.0,0.1508,18191.0,0.151,2077.0,0.1511,15658.0
1753531775867,12:09:35.867,AI16Z/USDT:USDT,0.1509,4904.0,0.1508,18191.0,0.151,2077.0,0.1511,15658.0
1753531775953,12:09:35.953,AI16Z/USDT:USDT,0.1509,4995.0,0.1508,18191.0,0.151,2077.0,0.1511,15658.0
1753531776093,12:09:36.093,AI16Z/USDT:USDT,0.1509,4813.0,0.1508,18191.0,0.151,2077.0,0.1511,15658.0
1753531776120,12:09:36.120,AI16Z/USDT:USDT,0.1509,4813.0,0.1508,18191.0,0.151,2168.0,0.1511,15658.0
1753531776261,12:09:36.261,AI16Z/USDT:USDT,0.1509,4813.0,0.1508,18191.0,0.151,2077.0,0.1511,15658.0
1753531776403,12:09:36.403,AI16Z/USDT:USDT,0.1509,4813.0,0.1508,29426.0,0.151,2077.0,0.1511,15644.0
1753531776484,12:09:36.484,AI16Z/USDT:USDT,0.1509,4995.0,0.1508,29780.0,0.151,2077.0,0.1511,15644.0
1753531776704,12:09:36.704,AI16Z/USDT:USDT,0.1509,5663.0,0.1508,29793.0,0.151,1.0,0.1511,13877.0
1753531776768,12:09:36.768,AI16Z/USDT:USDT,0.1509,5663.0,0.1508,29793.0,0.151,1.0,0.1511,13877.0
1753531776826,12:09:36.826,AI16Z/USDT:USDT,0.1509,5663.0,0.1508,29793.0,0.151,1.0,0.1511,11798.0
1753531776990,12:09:36.990,AI16Z/USDT:USDT,0.1509,5663.0,0.1508,29793.0,0.151,1.0,0.1511,12665.0
1753531777364,12:09:37.364,AI16Z/USDT:USDT,0.1509,5663.0,0.1508,29793.0,0.151,1.0,0.1511,12665.0
1753531777656,12:09:37.656,AI16Z/USDT:USDT,0.1509,5663.0,0.1508,29793.0,0.151,1.0,0.1511,12665.0
1753531778004,12:09:38.004,AI16Z/USDT:USDT,0.1509,5663.0,0.1508,29793.0,0.151,1.0,0.1511,12665.0
1753531778158,12:09:38.158,AI16Z/USDT:USDT,0.1509,5663.0,0.1508,29793.0,0.151,1.0,0.1511,12665.0
1753531778562,12:09:38.562,AI16Z/USDT:USDT,0.1509,5663.0,0.1508,30465.0,0.151,1.0,0.1511,12665.0
1753531778614,12:09:38.614,AI16Z/USDT:USDT,0.1509,6017.0,0.1508,30111.0,0.151,1.0,0.1511,12665.0
1753531778922,12:09:38.922,AI16Z/USDT:USDT,0.1509,6017.0,0.1508,30111.0,0.151,1.0,0.1511,12665.0
1753531779137,12:09:39.137,AI16Z/USDT:USDT,0.1509,6025.0,0.1508,30111.0,0.151,1.0,0.1511,12665.0
1753531779235,12:09:39.235,AI16Z/USDT:USDT,0.1509,6017.0,0.1508,30111.0,0.151,1.0,0.1511,12665.0
1753531779403,12:09:39.403,AI16Z/USDT:USDT,0.1511,2400.0,0.151,11403.0,0.1512,20628.0,0.1513,10939.0
1753531779501,12:09:39.501,AI16Z/USDT:USDT,0.1511,2531.0,0.151,10174.0,0.1512,4750.0,0.1513,13949.0
1753531779573,12:09:39.573,AI16Z/USDT:USDT,0.1511,2534.0,0.151,10174.0,0.1512,4750.0,0.1513,14471.0
1753531779705,12:09:39.705,AI16Z/USDT:USDT,0.1511,2406.0,0.151,10174.0,0.1512,6829.0,0.1513,14471.0
1753531779751,12:09:39.751,AI16Z/USDT:USDT,0.1511,2406.0,0.151,10174.0,0.1512,7920.0,0.1513,14825.0
1753531779895,12:09:39.895,AI16Z/USDT:USDT,0.1511,2406.0,0.151,10174.0,0.1512,8274.0,0.1513,14471.0
1753531779933,12:09:39.933,AI16Z/USDT:USDT,0.1511,2406.0,0.151,10174.0,0.1512,7274.0,0.1513,14471.0
1753531780103,12:09:40.103,AI16Z/USDT:USDT,0.1511,2406.0,0.151,10174.0,0.1512,6428.0,0.1513,14471.0
1753531780205,12:09:40.205,AI16Z/USDT:USDT,0.1511,2406.0,0.151,10174.0,0.1512,6127.0,0.1513,14471.0
1753531780276,12:09:40.276,AI16Z/USDT:USDT,0.1511,2406.0,0.151,10174.0,0.1512,6127.0,0.1513,14772.0
1753531780323,12:09:40.323,AI16Z/USDT:USDT,0.1511,2406.0,0.151,10174.0,0.1512,6127.0,0.1513,14772.0
1753531780530,12:09:40.530,AI16Z/USDT:USDT,0.1511,2406.0,0.151,10174.0,0.1512,6127.0,0.1513,14482.0
1753531780640,12:09:40.640,AI16Z/USDT:USDT,0.1511,2406.0,0.151,10174.0,0.1512,6218.0,0.1513,14482.0
1753531780840,12:09:40.840,AI16Z/USDT:USDT,0.1511,2406.0,0.151,10174.0,0.1512,6127.0,0.1513,14482.0
1753531781034,12:09:41.034,AI16Z/USDT:USDT,0.1511,2406.0,0.151,10174.0,0.1512,2569.0,0.1513,14482.0
1753531781146,12:09:41.146,AI16Z/USDT:USDT,0.1511,2406.0,0.151,10174.0,0.1512,2569.0,0.1513,14482.0
1753531781209,12:09:41.209,AI16Z/USDT:USDT,0.1511,2406.0,0.151,10174.0,0.1512,2478.0,0.1513,14482.0
1753531781374,12:09:41.374,AI16Z/USDT:USDT,0.1511,2406.0,0.151,10174.0,0.1512,2569.0,0.1513,14482.0
1753531781488,12:09:41.488,AI16Z/USDT:USDT,0.1511,2406.0,0.151,10174.0,0.1512,2569.0,0.1513,14482.0
1753531781559,12:09:41.559,AI16Z/USDT:USDT,0.1511,2406.0,0.151,13221.0,0.1512,2478.0,0.1513,14482.0
1753531781696,12:09:41.696,AI16Z/USDT:USDT,0.1512,555.0,0.1511,5478.0,0.1513,13477.0,0.1514,21220.0
1753531781799,12:09:41.799,AI16Z/USDT:USDT,0.1512,2156.0,0.1511,7418.0,0.1513,6919.0,0.1514,21516.0
1753531781874,12:09:41.874,AI16Z/USDT:USDT,0.1512,2156.0,0.1511,7432.0,0.1513,524.0,0.1514,21817.0
1753531782004,12:09:42.004,AI16Z/USDT:USDT,0.1512,2156.0,0.1511,7432.0,0.1513,2603.0,0.1514,22224.0
1753531782015,12:09:42.015,AI16Z/USDT:USDT,0.1512,2156.0,0.1511,7432.0,0.1513,2603.0,0.1514,22224.0
1753531782192,12:09:42.192,AI16Z/USDT:USDT,0.1512,757.0,0.1511,7418.0,0.1513,2603.0,0.1514,22224.0
1753531782210,12:09:42.210,AI16Z/USDT:USDT,0.1512,757.0,0.1511,7418.0,0.1513,2603.0,0.1514,22224.0
1753531782591,12:09:42.591,AI16Z/USDT:USDT,0.1512,757.0,0.1511,7418.0,0.1513,2694.0,0.1514,22224.0
1753531782679,12:09:42.679,AI16Z/USDT:USDT,0.1512,2757.0,0.1511,7418.0,0.1513,4894.0,0.1514,22224.0
1753531782804,12:09:42.804,AI16Z/USDT:USDT,0.1512,7153.0,0.1511,11522.0,0.1513,79.0,0.1514,8538.0
1753531782887,12:09:42.887,AI16Z/USDT:USDT,0.1512,7507.0,0.1511,11348.0,0.1513,79.0,0.1514,8923.0
1753531782989,12:09:42.989,AI16Z/USDT:USDT,0.1512,7507.0,0.1511,11348.0,0.1513,79.0,0.1514,11261.0
1753531783093,12:09:43.093,AI16Z/USDT:USDT,0.1512,5057.0,0.1511,11348.0,0.1513,79.0,0.1514,11744.0
1753531783196,12:09:43.196,AI16Z/USDT:USDT,0.1512,4966.0,0.1511,11348.0,0.1513,926.0,0.1514,11758.0
1753531783268,12:09:43.268,AI16Z/USDT:USDT,0.1512,4966.0,0.1511,11334.0,0.1513,926.0,0.1514,11758.0
1753531783349,12:09:43.349,AI16Z/USDT:USDT,0.1512,2837.0,0.1511,11154.0,0.1513,2168.0,0.1514,11584.0
1753531783463,12:09:43.463,AI16Z/USDT:USDT,0.1512,757.0,0.1511,13238.0,0.1513,1500.0,0.1514,11748.0
1753531783670,12:09:43.670,AI16Z/USDT:USDT,0.1512,1.0,0.1511,13238.0,0.1513,3900.0,0.1514,11748.0
1753531783850,12:09:43.850,AI16Z/USDT:USDT,0.1512,757.0,0.1511,13238.0,0.1513,3900.0,0.1514,11748.0
1753531784006,12:09:44.006,AI16Z/USDT:USDT,0.1512,757.0,0.1511,13238.0,0.1513,3900.0,0.1514,11748.0
1753531784127,12:09:44.127,AI16Z/USDT:USDT,0.1512,757.0,0.1511,13238.0,0.1513,3900.0,0.1514,11584.0
1753531784174,12:09:44.174,AI16Z/USDT:USDT,0.1512,757.0,0.1511,13238.0,0.1513,3900.0,0.1514,11584.0
1753531784359,12:09:44.359,AI16Z/USDT:USDT,0.1512,757.0,0.1511,13238.0,0.1513,3771.0,0.1514,11584.0
1753531784673,12:09:44.673,AI16Z/USDT:USDT,0.1512,2001.0,0.1511,13238.0,0.1513,3771.0,0.1514,11748.0
1753531785038,12:09:45.038,AI16Z/USDT:USDT,0.1512,2001.0,0.1511,13238.0,0.1513,3900.0,0.1514,11748.0
1753531785288,12:09:45.288,AI16Z/USDT:USDT,0.1512,2001.0,0.1511,13238.0,0.1513,4568.0,0.1514,11748.0
1753531785322,12:09:45.322,AI16Z/USDT:USDT,0.1512,2001.0,0.1511,13238.0,0.1513,4568.0,0.1514,11748.0
1753531785435,12:09:45.435,AI16Z/USDT:USDT,0.1512,2001.0,0.1511,13238.0,0.1513,1500.0,0.1514,11748.0
1753531785582,12:09:45.582,AI16Z/USDT:USDT,0.1512,2001.0,0.1511,13238.0,0.1513,1371.0,0.1514,11584.0
1753531785645,12:09:45.645,AI16Z/USDT:USDT,0.1512,2401.0,0.1511,13238.0,0.1513,2571.0,0.1514,11584.0
1753531786048,12:09:46.048,AI16Z/USDT:USDT,0.1512,2001.0,0.1511,13238.0,0.1513,2700.0,0.1514,11584.0
1753531786190,12:09:46.190,AI16Z/USDT:USDT,0.1512,2001.0,0.1511,13238.0,0.1513,1500.0,0.1514,11584.0
1753531786317,12:09:46.317,AI16Z/USDT:USDT,0.1512,2001.0,0.1511,13238.0,0.1513,1371.0,0.1514,11584.0
1753531786634,12:09:46.634,AI16Z/USDT:USDT,0.1512,2401.0,0.1511,13238.0,0.1513,2171.0,0.1514,11584.0
1753531787152,12:09:47.152,AI16Z/USDT:USDT,0.1512,2401.0,0.1511,13238.0,0.1513,2171.0,0.1514,11584.0
1753531787847,12:09:47.847,AI16Z/USDT:USDT,0.1512,2401.0,0.1511,13238.0,0.1513,1371.0,0.1514,11584.0
1753531788564,12:09:48.564,AI16Z/USDT:USDT,0.1512,2401.0,0.1511,13238.0,0.1513,1371.0,0.1514,11584.0
1753531788862,12:09:48.862,AI16Z/USDT:USDT,0.1512,2401.0,0.1511,13238.0,0.1513,1371.0,0.1514,11584.0
1753531788962,12:09:48.962,AI16Z/USDT:USDT,0.1512,2401.0,0.1511,13251.0,0.1513,1371.0,0.1514,11584.0
1753531789163,12:09:49.163,AI16Z/USDT:USDT,0.1512,2401.0,0.1511,13251.0,0.1513,1371.0,0.1514,11584.0
1753531789227,12:09:49.227,AI16Z/USDT:USDT,0.1512,2001.0,0.1511,13251.0,0.1513,2483.0,0.1514,11584.0
1753531789600,12:09:49.600,AI16Z/USDT:USDT,0.1512,2001.0,0.1511,13251.0,0.1513,4283.0,0.1514,11584.0
1753531789663,12:09:49.663,AI16Z/USDT:USDT,0.1512,2001.0,0.1511,13251.0,0.1513,4283.0,0.1514,11584.0
1753531790488,12:09:50.488,AI16Z/USDT:USDT,0.1512,2001.0,0.1511,13251.0,0.1513,1371.0,0.1514,11584.0
1753531790589,12:09:50.589,AI16Z/USDT:USDT,0.1512,2401.0,0.1511,13251.0,0.1513,2371.0,0.1514,11584.0
1753531791436,12:09:51.436,AI16Z/USDT:USDT,0.1512,2001.0,0.1511,13251.0,0.1513,2371.0,0.1514,11584.0
1753531791578,12:09:51.578,AI16Z/USDT:USDT,0.1512,2001.0,0.1511,15112.0,0.1513,2971.0,0.1514,11928.0
1753531791782,12:09:51.782,AI16Z/USDT:USDT,0.1512,2001.0,0.1511,15112.0,0.1513,2971.0,0.1514,11928.0
1753531791959,12:09:51.959,AI16Z/USDT:USDT,0.1512,2001.0,0.1511,15112.0,0.1513,3100.0,0.1514,11928.0
1753531792005,12:09:52.005,AI16Z/USDT:USDT,0.1512,2001.0,0.1511,15112.0,0.1513,3768.0,0.1514,11928.0
1753531792282,12:09:52.282,AI16Z/USDT:USDT,0.1512,2001.0,0.1511,15112.0,0.1513,3100.0,0.1514,11928.0
1753531792307,12:09:52.307,AI16Z/USDT:USDT,0.1512,2001.0,0.1511,15112.0,0.1513,3100.0,0.1514,11928.0
1753531792604,12:09:52.604,AI16Z/USDT:USDT,0.1512,2001.0,0.1511,15112.0,0.1513,3100.0,0.1514,11928.0
1753531792854,12:09:52.854,AI16Z/USDT:USDT,0.1512,2001.0,0.1511,15112.0,0.1513,3768.0,0.1514,11928.0
1753531793294,12:09:53.294,AI16Z/USDT:USDT,0.1512,2001.0,0.1511,15112.0,0.1513,3100.0,0.1514,11928.0
1753531793317,12:09:53.317,AI16Z/USDT:USDT,0.1512,2001.0,0.1511,15112.0,0.1513,3100.0,0.1514,11928.0
1753531793783,12:09:53.783,AI16Z/USDT:USDT,0.1512,2001.0,0.1511,15112.0,0.1513,3100.0,0.1514,11928.0
1753531794566,12:09:54.566,AI16Z/USDT:USDT,0.1512,2001.0,0.1511,15112.0,0.1513,3100.0,0.1514,11928.0
1753531795067,12:09:55.067,AI16Z/USDT:USDT,0.1512,2001.0,0.1511,15112.0,0.1513,3100.0,0.1514,11928.0
1753531795247,12:09:55.247,AI16Z/USDT:USDT,0.1512,2001.0,0.1511,15112.0,0.1513,3100.0,0.1514,13383.0
1753531795390,12:09:55.390,AI16Z/USDT:USDT,0.1512,2009.0,0.1511,15178.0,0.1513,2930.0,0.1514,13383.0
1753531795591,12:09:55.591,AI16Z/USDT:USDT,0.1512,2100.0,0.1511,15178.0,0.1513,1756.0,0.1514,13737.0
1753531795641,12:09:55.641,AI16Z/USDT:USDT,0.1512,2100.0,0.1511,15178.0,0.1513,1756.0,0.1514,12282.0
1753531796525,12:09:56.525,AI16Z/USDT:USDT,0.1512,2409.0,0.1511,15178.0,0.1513,1756.0,0.1514,12282.0
1753531796752,12:09:56.752,AI16Z/USDT:USDT,0.1512,2409.0,0.1511,15178.0,0.1513,1756.0,0.1514,12282.0
1753531797286,12:09:57.286,AI16Z/USDT:USDT,0.1512,3966.0,0.1511,15358.0,0.1513,756.0,0.1514,12102.0
1753531797377,12:09:57.377,AI16Z/USDT:USDT,0.1512,2629.0,0.1511,15358.0,0.1513,756.0,0.1514,12102.0
1753531797784,12:09:57.784,AI16Z/USDT:USDT,0.1512,2629.0,0.1511,15358.0,0.1513,756.0,0.1514,12102.0
1753531798649,12:09:58.649,AI16Z/USDT:USDT,0.1512,5541.0,0.1511,15371.0,0.1514,12088.0,0.1515,13505.0
1753531798791,12:09:58.791,AI16Z/USDT:USDT,0.1512,5541.0,0.1511,15366.0,0.1514,12088.0,0.1515,13505.0
1753531798986,12:09:58.986,AI16Z/USDT:USDT,0.1512,5541.0,0.1511,15366.0,0.1514,12088.0,0.1515,13505.0
1753531799023,12:09:59.023,AI16Z/USDT:USDT,0.1512,5541.0,0.1511,15366.0,0.1514,12088.0,0.1515,13505.0
1753531799489,12:09:59.489,AI16Z/USDT:USDT,0.1512,5541.0,0.1511,15366.0,0.1514,14088.0,0.1515,13505.0
1753531799963,12:09:59.963,AI16Z/USDT:USDT,0.1512,3238.0,0.1511,15173.0,0.1513,1120.0,0.1514,14268.0
1753531800026,12:10:00.026,AI16Z/USDT:USDT,0.1512,3152.0,0.1511,15173.0,0.1513,1432.0,0.1514,14268.0
1753531800112,12:10:00.112,AI16Z/USDT:USDT,0.1512,3153.0,0.1511,15173.0,0.1513,1432.0,0.1514,14268.0
1753531800243,12:10:00.243,AI16Z/USDT:USDT,0.1512,3153.0,0.1511,15173.0,0.1513,1432.0,0.1514,14268.0
1753531800403,12:10:00.403,AI16Z/USDT:USDT,0.1512,3153.0,0.1511,15173.0,0.1513,1341.0,0.1514,14268.0
1753531800503,12:10:00.503,AI16Z/USDT:USDT,0.1512,4814.0,0.1511,15353.0,0.1513,756.0,0.1514,14088.0
1753531800603,12:10:00.603,AI16Z/USDT:USDT,0.1512,3477.0,0.1511,15353.0,0.1513,756.0,0.1514,14088.0
1753531800882,12:10:00.882,AI16Z/USDT:USDT,0.1512,3477.0,0.1511,15353.0,0.1513,9.0,0.1514,14088.0
1753531800989,12:10:00.989,AI16Z/USDT:USDT,0.1512,3477.0,0.1511,15353.0,0.1513,1868.0,0.1514,14088.0
1753531801070,12:10:01.070,AI16Z/USDT:USDT,0.1512,3477.0,0.1511,15353.0,0.1513,9.0,0.1514,14088.0
1753531801185,12:10:01.185,AI16Z/USDT:USDT,0.1512,3477.0,0.1511,15353.0,0.1513,9.0,0.1514,14088.0
1753531801387,12:10:01.387,AI16Z/USDT:USDT,0.1512,3379.0,0.1511,15353.0,0.1513,756.0,0.1514,14088.0
1753531801462,12:10:01.462,AI16Z/USDT:USDT,0.1512,3379.0,0.1511,15353.0,0.1513,756.0,0.1514,14088.0
1753531801552,12:10:01.552,AI16Z/USDT:USDT,0.1512,3379.0,0.1511,15353.0,0.1513,756.0,0.1514,14088.0
1753531801692,12:10:01.692,AI16Z/USDT:USDT,0.1512,3379.0,0.1511,15353.0,0.1513,756.0,0.1514,12088.0
1753531801800,12:10:01.800,AI16Z/USDT:USDT,0.1512,3250.0,0.1511,15353.0,0.1513,853.0,0.1514,12088.0
1753531801968,12:10:01.968,AI16Z/USDT:USDT,0.1512,3348.0,0.1511,15173.0,0.1513,756.0,0.1514,12088.0
1753531802083,12:10:02.083,AI16Z/USDT:USDT,0.1512,3348.0,0.1511,15173.0,0.1513,9.0,0.1514,12088.0
1753531802392,12:10:02.392,AI16Z/USDT:USDT,0.1512,4814.0,0.1511,13846.0,0.1513,9.0,0.1514,11744.0
1753531802459,12:10:02.459,AI16Z/USDT:USDT,0.1512,4814.0,0.1511,13846.0,0.1513,9.0,0.1514,12544.0
1753531802680,12:10:02.680,AI16Z/USDT:USDT,0.1512,4716.0,0.1511,13846.0,0.1513,9.0,0.1514,12544.0
1753531802805,12:10:02.805,AI16Z/USDT:USDT,0.1512,4716.0,0.1511,13846.0,0.1513,756.0,0.1514,12544.0
1753531802844,12:10:02.844,AI16Z/USDT:USDT,0.1512,3153.0,0.1511,13312.0,0.1513,1080.0,0.1514,12738.0
1753531802973,12:10:02.973,AI16Z/USDT:USDT,0.1512,3153.0,0.1511,13312.0,0.1513,1080.0,0.1514,12738.0
1753531803123,12:10:03.123,AI16Z/USDT:USDT,0.1512,3153.0,0.1511,13312.0,0.1513,2192.0,0.1514,12738.0
1753531803444,12:10:03.444,AI16Z/USDT:USDT,0.1512,3153.0,0.1511,13312.0,0.1513,3392.0,0.1514,12738.0
1753531803600,12:10:03.600,AI16Z/USDT:USDT,0.1512,3153.0,0.1511,13312.0,0.1513,3392.0,0.1514,12738.0
1753531804002,12:10:04.002,AI16Z/USDT:USDT,0.1512,3153.0,0.1511,13312.0,0.1513,2280.0,0.1514,12738.0
1753531804234,12:10:04.234,AI16Z/USDT:USDT,0.1512,3348.0,0.1511,13312.0,0.1513,756.0,0.1514,12738.0
1753531804585,12:10:04.585,AI16Z/USDT:USDT,0.1512,3153.0,0.1511,13312.0,0.1513,2192.0,0.1514,13035.0
1753531804803,12:10:04.803,AI16Z/USDT:USDT,0.1512,753.0,0.1511,13312.0,0.1513,2192.0,0.1514,13035.0
1753531804807,12:10:04.807,AI16Z/USDT:USDT,0.1512,753.0,0.1511,13312.0,0.1513,2192.0,0.1514,13035.0
1753531805423,12:10:05.423,AI16Z/USDT:USDT,0.1512,3153.0,0.1511,13312.0,0.1513,2992.0,0.1514,13035.0
1753531805588,12:10:05.588,AI16Z/USDT:USDT,0.1512,3477.0,0.1511,13312.0,0.1513,756.0,0.1514,12855.0
1753531805901,12:10:05.901,AI16Z/USDT:USDT,0.1512,3477.0,0.1511,13312.0,0.1513,9.0,0.1514,12855.0
1753531805922,12:10:05.922,AI16Z/USDT:USDT,0.1512,3477.0,0.1511,13492.0,0.1513,756.0,0.1514,12855.0
1753531806266,12:10:06.266,AI16Z/USDT:USDT,0.1512,3477.0,0.1511,13492.0,0.1513,9.0,0.1514,12855.0
1753531806368,12:10:06.368,AI16Z/USDT:USDT,0.1512,3477.0,0.1511,16553.0,0.1513,9.0,0.1514,12855.0
1753531806719,12:10:06.719,AI16Z/USDT:USDT,0.1512,3477.0,0.1511,16553.0,0.1513,9.0,0.1514,12855.0
1753531807836,12:10:07.836,AI16Z/USDT:USDT,0.1512,3477.0,0.1511,16553.0,0.1513,9.0,0.1514,12855.0
1753531808802,12:10:08.802,AI16Z/USDT:USDT,0.1512,9059.0,0.1511,16566.0,0.1514,11483.0,0.1515,13341.0
1753531808904,12:10:08.904,AI16Z/USDT:USDT,0.1512,9067.0,0.1511,16920.0,0.1514,8956.0,0.1515,13341.0
1753531808989,12:10:08.989,AI16Z/USDT:USDT,0.1512,9067.0,0.1511,16920.0,0.1514,10293.0,0.1515,13748.0
1753531809112,12:10:09.112,AI16Z/USDT:USDT,0.1512,9067.0,0.1511,16920.0,0.1514,10293.0,0.1515,13863.0
1753531809379,12:10:09.379,AI16Z/USDT:USDT,0.1512,9067.0,0.1511,16920.0,0.1514,11093.0,0.1515,13863.0
1753531809541,12:10:09.541,AI16Z/USDT:USDT,0.1512,9064.0,0.1511,16920.0,0.1514,11093.0,0.1515,13863.0
1753531809702,12:10:09.702,AI16Z/USDT:USDT,0.1512,9416.0,0.1511,17238.0,0.1514,7850.0,0.1515,13630.0
1753531809765,12:10:09.765,AI16Z/USDT:USDT,0.1512,9416.0,0.1511,17238.0,0.1514,7850.0,0.1515,13630.0
1753531809895,12:10:09.895,AI16Z/USDT:USDT,0.1513,6105.0,0.1512,13062.0,0.1514,29.0,0.1515,11795.0
