timestamp,time,symbol,bid1_price,bid1_volume,bid2_price,bid2_volume,ask1_price,ask1_volume,ask2_price,ask2_volume
1753531596955,12:06:36.955,BABY/USDT:USDT,0.05829,16.0,0.05827,19.0,0.0583,448.0,0.05831,3.0
1753531597005,12:06:37.005,BABY/USDT:USDT,0.05829,16.0,0.05827,19.0,0.0583,448.0,0.05831,3.0
1753531597160,12:06:37.160,BABY/USDT:USDT,0.05829,16.0,0.05827,19.0,0.0583,448.0,0.05831,6.0
1753531597414,12:06:37.414,BABY/USDT:USDT,0.05829,16.0,0.05827,19.0,0.0583,448.0,0.05831,6.0
1753531597749,12:06:37.749,BABY/USDT:USDT,0.05827,19.0,0.05823,20.0,0.0583,451.0,0.05831,3.0
1753531597783,12:06:37.783,BABY/USDT:USDT,0.05827,19.0,0.05825,19.0,0.0583,451.0,0.05831,3.0
1753531597945,12:06:37.945,BABY/USDT:USDT,0.05827,22.0,0.05825,19.0,0.0583,448.0,0.05831,3.0
1753531597996,12:06:37.996,BABY/USDT:USDT,0.05827,22.0,0.05825,19.0,0.0583,448.0,0.05831,3.0
1753531598348,12:06:38.348,BABY/USDT:USDT,0.05827,19.0,0.05825,19.0,0.0583,448.0,0.05832,85.0
1753531598670,12:06:38.670,BABY/USDT:USDT,0.05827,19.0,0.05825,19.0,0.0583,448.0,0.05832,85.0
1753531599065,12:06:39.065,BABY/USDT:USDT,0.05827,19.0,0.05825,19.0,0.0583,448.0,0.05832,85.0
1753531599172,12:06:39.172,BABY/USDT:USDT,0.05827,19.0,0.05825,19.0,0.0583,454.0,0.05832,85.0
1753531599775,12:06:39.775,BABY/USDT:USDT,0.05828,16.0,0.05826,19.0,0.0583,454.0,0.05832,85.0
1753531599828,12:06:39.828,BABY/USDT:USDT,0.05828,16.0,0.05826,19.0,0.0583,448.0,0.05832,85.0
1753531599920,12:06:39.920,BABY/USDT:USDT,0.05828,16.0,0.05826,19.0,0.0583,448.0,0.05832,85.0
1753531600051,12:06:40.051,BABY/USDT:USDT,0.05828,16.0,0.05826,19.0,0.05832,496.0,0.05833,158.0
1753531600156,12:06:40.156,BABY/USDT:USDT,0.05828,21.0,0.05826,19.0,0.05832,496.0,0.05833,158.0
1753531600345,12:06:40.345,BABY/USDT:USDT,0.05828,21.0,0.05826,19.0,0.05832,496.0,0.05833,158.0
1753531601360,12:06:41.360,BABY/USDT:USDT,0.05828,24.0,0.05823,20.0,0.05832,448.0,0.05833,158.0
1753531601577,12:06:41.577,BABY/USDT:USDT,0.05828,24.0,0.05826,19.0,0.05832,448.0,0.05833,158.0
1753531601715,12:06:41.715,BABY/USDT:USDT,0.05828,24.0,0.05826,19.0,0.05832,448.0,0.05833,158.0
1753531602215,12:06:42.215,BABY/USDT:USDT,0.05828,24.0,0.05826,19.0,0.05832,448.0,0.05833,209.0
1753531602392,12:06:42.392,BABY/USDT:USDT,0.05828,24.0,0.05826,19.0,0.05832,448.0,0.05833,209.0
1753531602765,12:06:42.765,BABY/USDT:USDT,0.0583,16.0,0.05828,19.0,0.05832,448.0,0.05833,209.0
1753531603637,12:06:43.637,BABY/USDT:USDT,0.05828,19.0,0.05826,19.0,0.05832,448.0,0.05833,209.0
1753531603962,12:06:43.962,BABY/USDT:USDT,0.05829,16.0,0.05826,19.0,0.05831,42.0,0.05832,445.0
1753531604058,12:06:44.058,BABY/USDT:USDT,0.05829,16.0,0.05827,19.0,0.05831,42.0,0.05832,445.0
1753531604102,12:06:44.102,BABY/USDT:USDT,0.05829,16.0,0.05827,19.0,0.05831,42.0,0.05832,445.0
1753531604469,12:06:44.469,BABY/USDT:USDT,0.05829,16.0,0.05827,19.0,0.05831,42.0,0.05832,445.0
1753531604483,12:06:44.483,BABY/USDT:USDT,0.05829,16.0,0.05827,19.0,0.05831,39.0,0.05832,445.0
1753531604886,12:06:44.886,BABY/USDT:USDT,0.05829,16.0,0.05827,19.0,0.05831,39.0,0.05832,445.0
1753531605377,12:06:45.377,BABY/USDT:USDT,0.05829,16.0,0.05827,19.0,0.05831,39.0,0.05832,445.0
1753531605822,12:06:45.822,BABY/USDT:USDT,0.05832,16.0,0.0583,19.0,0.05834,450.0,0.05835,34.0
1753531605919,12:06:45.919,BABY/USDT:USDT,0.05832,16.0,0.0583,19.0,0.05834,450.0,0.05835,34.0
1753531606069,12:06:46.069,BABY/USDT:USDT,0.05832,16.0,0.0583,19.0,0.05834,447.0,0.05835,37.0
1753531606145,12:06:46.145,BABY/USDT:USDT,0.05832,16.0,0.0583,19.0,0.05834,447.0,0.05835,37.0
1753531606244,12:06:46.244,BABY/USDT:USDT,0.05832,16.0,0.05831,3.0,0.05834,447.0,0.05835,37.0
1753531606478,12:06:46.478,BABY/USDT:USDT,0.05832,16.0,0.05831,3.0,0.05834,447.0,0.05835,37.0
1753531606579,12:06:46.579,BABY/USDT:USDT,0.05833,16.0,0.05831,25.0,0.05834,447.0,0.05837,83.0
1753531606672,12:06:46.672,BABY/USDT:USDT,0.05833,16.0,0.05831,25.0,0.05834,447.0,0.05835,6.0
1753531608222,12:06:48.222,BABY/USDT:USDT,0.05833,16.0,0.05832,6.0,0.05834,3.0,0.05836,445.0
1753531608479,12:06:48.479,BABY/USDT:USDT,0.05833,16.0,0.05832,6.0,0.05834,3.0,0.05836,445.0
1753531608882,12:06:48.882,BABY/USDT:USDT,0.05833,16.0,0.05831,19.0,0.05834,3.0,0.05835,3.0
1753531609076,12:06:49.076,BABY/USDT:USDT,0.05833,16.0,0.05831,19.0,0.05834,3.0,0.05835,3.0
1753531609375,12:06:49.375,BABY/USDT:USDT,0.05833,19.0,0.05832,6.0,0.05834,3.0,0.05836,445.0
1753531609417,12:06:49.417,BABY/USDT:USDT,0.05833,16.0,0.05832,6.0,0.05834,3.0,0.05836,445.0
1753531610016,12:06:50.016,BABY/USDT:USDT,0.05833,19.0,0.05832,6.0,0.05834,3.0,0.05836,445.0
1753531610268,12:06:50.268,BABY/USDT:USDT,0.05834,16.0,0.05831,19.0,0.05836,448.0,0.05838,85.0
1753531610373,12:06:50.373,BABY/USDT:USDT,0.05834,16.0,0.05833,19.0,0.05837,39.0,0.05838,51.0
1753531610573,12:06:50.573,BABY/USDT:USDT,0.05833,16.0,0.05829,20.0,0.05836,13.0,0.05837,444.0
1753531610672,12:06:50.672,BABY/USDT:USDT,0.05833,16.0,0.05831,19.0,0.05836,13.0,0.05837,444.0
1753531611004,12:06:51.004,BABY/USDT:USDT,0.05833,16.0,0.05831,19.0,0.05836,13.0,0.05837,444.0
1753531611096,12:06:51.096,BABY/USDT:USDT,0.05833,16.0,0.05831,19.0,0.05836,13.0,0.05837,444.0
1753531611422,12:06:51.422,BABY/USDT:USDT,0.05833,16.0,0.05831,19.0,0.05836,13.0,0.05837,444.0
1753531611556,12:06:51.556,BABY/USDT:USDT,0.05833,16.0,0.05831,19.0,0.05836,13.0,0.05837,444.0
1753531611818,12:06:51.818,BABY/USDT:USDT,0.05834,16.0,0.05832,19.0,0.05836,13.0,0.05837,444.0
1753531611979,12:06:51.979,BABY/USDT:USDT,0.05832,19.0,0.0583,19.0,0.05836,13.0,0.05837,444.0
1753531611989,12:06:51.989,BABY/USDT:USDT,0.05832,24.0,0.0583,19.0,0.05836,13.0,0.05837,444.0
1753531612321,12:06:52.321,BABY/USDT:USDT,0.05832,24.0,0.0583,19.0,0.05836,13.0,0.05837,444.0
1753531612478,12:06:52.478,BABY/USDT:USDT,0.05833,16.0,0.05831,19.0,0.05836,10.0,0.05837,444.0
1753531612545,12:06:52.545,BABY/USDT:USDT,0.05833,16.0,0.05831,19.0,0.05836,10.0,0.05837,444.0
1753531612741,12:06:52.741,BABY/USDT:USDT,0.05833,16.0,0.05831,19.0,0.05836,10.0,0.05837,444.0
1753531613417,12:06:53.417,BABY/USDT:USDT,0.05834,24.0,0.05832,19.0,0.05838,42.0,0.05841,51.0
1753531613521,12:06:53.521,BABY/USDT:USDT,0.05834,21.0,0.05832,19.0,0.05838,490.0,0.0584,34.0
1753531613638,12:06:53.638,BABY/USDT:USDT,0.05834,21.0,0.05832,19.0,0.05838,490.0,0.0584,34.0
1753531613968,12:06:53.968,BABY/USDT:USDT,0.05834,21.0,0.05832,19.0,0.05838,490.0,0.0584,34.0
1753531614008,12:06:54.008,BABY/USDT:USDT,0.05834,21.0,0.05832,19.0,0.05838,490.0,0.0584,34.0
1753531614378,12:06:54.378,BABY/USDT:USDT,0.05834,16.0,0.05832,19.0,0.05837,39.0,0.05838,451.0
1753531614764,12:06:54.764,BABY/USDT:USDT,0.05835,16.0,0.05833,19.0,0.05838,451.0,0.05839,34.0
1753531614817,12:06:54.817,BABY/USDT:USDT,0.05835,16.0,0.05833,19.0,0.05838,451.0,0.05839,34.0
1753531615005,12:06:55.005,BABY/USDT:USDT,0.05835,16.0,0.05833,19.0,0.05838,451.0,0.05839,34.0
1753531615216,12:06:55.216,BABY/USDT:USDT,0.05835,16.0,0.05833,19.0,0.05838,451.0,0.05839,34.0
1753531615950,12:06:55.950,BABY/USDT:USDT,0.05835,16.0,0.05833,19.0,0.05838,451.0,0.05839,34.0
1753531616371,12:06:56.371,BABY/USDT:USDT,0.05835,21.0,0.05833,19.0,0.05838,448.0,0.05839,34.0
1753531616490,12:06:56.490,BABY/USDT:USDT,0.05835,21.0,0.05833,19.0,0.05838,448.0,0.05839,34.0
1753531617006,12:06:57.006,BABY/USDT:USDT,0.05835,21.0,0.05833,19.0,0.05838,448.0,0.05839,34.0
1753531617423,12:06:57.423,BABY/USDT:USDT,0.05835,21.0,0.05833,19.0,0.05838,448.0,0.05839,84.0
1753531617777,12:06:57.777,BABY/USDT:USDT,0.05834,19.0,0.05833,19.0,0.05838,448.0,0.05839,84.0
1753531618257,12:06:58.257,BABY/USDT:USDT,0.05834,19.0,0.05832,19.0,0.05837,45.0,0.05838,445.0
1753531618474,12:06:58.474,BABY/USDT:USDT,0.05834,19.0,0.05832,19.0,0.05837,45.0,0.05838,445.0
1753531618891,12:06:58.891,BABY/USDT:USDT,0.05834,19.0,0.05832,19.0,0.05837,45.0,0.05838,445.0
1753531619267,12:06:59.267,BABY/USDT:USDT,0.05834,19.0,0.05832,19.0,0.05837,45.0,0.05838,445.0
1753531619291,12:06:59.291,BABY/USDT:USDT,0.05834,19.0,0.05832,19.0,0.05837,45.0,0.05838,445.0
1753531620138,12:07:00.138,BABY/USDT:USDT,0.05834,22.0,0.05832,19.0,0.05837,39.0,0.05838,445.0
1753531621471,12:07:01.471,BABY/USDT:USDT,0.05842,16.0,0.0584,19.0,0.05844,30.0,0.05846,479.0
1753531621708,12:07:01.708,BABY/USDT:USDT,0.05842,16.0,0.0584,19.0,0.05844,30.0,0.05846,479.0
1753531621955,12:07:01.955,BABY/USDT:USDT,0.05842,16.0,0.0584,19.0,0.05844,30.0,0.05845,20.0
1753531622039,12:07:02.039,BABY/USDT:USDT,0.05842,16.0,0.0584,19.0,0.05844,30.0,0.05845,20.0
1753531622105,12:07:02.105,BABY/USDT:USDT,0.05842,16.0,0.0584,19.0,0.05844,30.0,0.05845,20.0
1753531622265,12:07:02.265,BABY/USDT:USDT,0.05842,16.0,0.0584,19.0,0.05844,30.0,0.05845,20.0
1753531622574,12:07:02.574,BABY/USDT:USDT,0.05842,16.0,0.0584,19.0,0.05844,30.0,0.05845,71.0
1753531623178,12:07:03.178,BABY/USDT:USDT,0.0584,24.0,0.05835,20.0,0.05843,39.0,0.05844,23.0
1753531623378,12:07:03.378,BABY/USDT:USDT,0.0584,27.0,0.05835,20.0,0.05843,39.0,0.05844,23.0
1753531623466,12:07:03.466,BABY/USDT:USDT,0.0584,27.0,0.05835,20.0,0.05843,39.0,0.05844,23.0
1753531624176,12:07:04.176,BABY/USDT:USDT,0.0584,25.0,0.05837,20.0,0.05844,27.0,0.05845,60.0
1753531624200,12:07:04.200,BABY/USDT:USDT,0.0584,25.0,0.05837,20.0,0.05844,27.0,0.05845,60.0
1753531624346,12:07:04.346,BABY/USDT:USDT,0.0584,30.0,0.05837,20.0,0.05844,27.0,0.05845,60.0
1753531624457,12:07:04.457,BABY/USDT:USDT,0.05842,16.0,0.0584,6.0,0.05844,20.0,0.05845,57.0
1753531624565,12:07:04.565,BABY/USDT:USDT,0.05842,16.0,0.0584,25.0,0.05844,20.0,0.05845,57.0
1753531624594,12:07:04.594,BABY/USDT:USDT,0.05842,16.0,0.0584,25.0,0.05844,20.0,0.05845,57.0
1753531624722,12:07:04.722,BABY/USDT:USDT,0.05842,16.0,0.0584,25.0,0.05844,20.0,0.05845,57.0
1753531624845,12:07:04.845,BABY/USDT:USDT,0.05842,16.0,0.0584,25.0,0.05844,20.0,0.05845,57.0
1753531625289,12:07:05.289,BABY/USDT:USDT,0.05842,16.0,0.0584,25.0,0.05844,20.0,0.05845,57.0
1753531625404,12:07:05.404,BABY/USDT:USDT,0.05842,16.0,0.0584,25.0,0.05844,20.0,0.05845,57.0
1753531626008,12:07:06.008,BABY/USDT:USDT,0.05842,16.0,0.0584,25.0,0.05844,20.0,0.05845,60.0
1753531626103,12:07:06.103,BABY/USDT:USDT,0.05842,16.0,0.0584,25.0,0.05844,20.0,0.05845,60.0
1753531626373,12:07:06.373,BABY/USDT:USDT,0.05842,16.0,0.0584,25.0,0.05844,20.0,0.05845,60.0
1753531626422,12:07:06.422,BABY/USDT:USDT,0.05842,16.0,0.0584,25.0,0.05844,20.0,0.05845,60.0
1753531626578,12:07:06.578,BABY/USDT:USDT,0.05842,16.0,0.0584,25.0,0.05844,20.0,0.05845,60.0
1753531626597,12:07:06.597,BABY/USDT:USDT,0.05842,16.0,0.0584,25.0,0.05844,20.0,0.05845,60.0
1753531626738,12:07:06.738,BABY/USDT:USDT,0.05842,16.0,0.0584,25.0,0.05844,20.0,0.05845,60.0
1753531626911,12:07:06.911,BABY/USDT:USDT,0.05842,16.0,0.0584,25.0,0.05844,20.0,0.05845,60.0
1753531627246,12:07:07.246,BABY/USDT:USDT,0.05842,21.0,0.0584,19.0,0.05844,20.0,0.05845,57.0
1753531627286,12:07:07.286,BABY/USDT:USDT,0.05842,21.0,0.0584,19.0,0.05844,20.0,0.05845,57.0
1753531627459,12:07:07.459,BABY/USDT:USDT,0.05842,21.0,0.0584,19.0,0.05844,20.0,0.05845,57.0
1753531627483,12:07:07.483,BABY/USDT:USDT,0.05842,21.0,0.0584,19.0,0.05844,20.0,0.05845,57.0
1753531627679,12:07:07.679,BABY/USDT:USDT,0.05842,21.0,0.0584,19.0,0.05844,20.0,0.05845,57.0
1753531627751,12:07:07.751,BABY/USDT:USDT,0.0584,19.0,0.05838,19.0,0.05844,20.0,0.05845,57.0
1753531627811,12:07:07.811,BABY/USDT:USDT,0.0584,19.0,0.05838,19.0,0.05844,20.0,0.05845,57.0
1753531627946,12:07:07.946,BABY/USDT:USDT,0.0584,19.0,0.05838,19.0,0.05844,20.0,0.05845,57.0
1753531628068,12:07:08.068,BABY/USDT:USDT,0.0584,19.0,0.05838,19.0,0.05844,20.0,0.05845,57.0
1753531628164,12:07:08.164,BABY/USDT:USDT,0.0584,19.0,0.05838,19.0,0.05844,20.0,0.05845,57.0
1753531628278,12:07:08.278,BABY/USDT:USDT,0.0584,24.0,0.05838,19.0,0.05844,20.0,0.05845,57.0
1753531628413,12:07:08.413,BABY/USDT:USDT,0.0584,24.0,0.05838,19.0,0.05844,20.0,0.05845,57.0
1753531628571,12:07:08.571,BABY/USDT:USDT,0.0584,27.0,0.05838,19.0,0.05844,20.0,0.05845,54.0
1753531628664,12:07:08.664,BABY/USDT:USDT,0.0584,27.0,0.05838,19.0,0.05844,20.0,0.05845,54.0
1753531628818,12:07:08.818,BABY/USDT:USDT,0.0584,27.0,0.05838,19.0,0.05844,20.0,0.05845,54.0
1753531628963,12:07:08.963,BABY/USDT:USDT,0.0584,27.0,0.05838,19.0,0.05844,20.0,0.05845,54.0
1753531629061,12:07:09.061,BABY/USDT:USDT,0.0584,27.0,0.05838,19.0,0.05844,20.0,0.05845,54.0
1753531629179,12:07:09.179,BABY/USDT:USDT,0.05841,5.0,0.0584,3.0,0.05844,23.0,0.05845,54.0
1753531629278,12:07:09.278,BABY/USDT:USDT,0.05842,16.0,0.0584,22.0,0.05844,20.0,0.05845,57.0
1753531629326,12:07:09.326,BABY/USDT:USDT,0.05842,16.0,0.0584,22.0,0.05844,20.0,0.05845,57.0
1753531629644,12:07:09.644,BABY/USDT:USDT,0.05842,16.0,0.0584,19.0,0.05844,20.0,0.05845,57.0
1753531629690,12:07:09.690,BABY/USDT:USDT,0.05842,16.0,0.0584,19.0,0.05844,20.0,0.05845,57.0
1753531629789,12:07:09.789,BABY/USDT:USDT,0.05842,16.0,0.0584,19.0,0.05844,23.0,0.05845,57.0
1753531630062,12:07:10.062,BABY/USDT:USDT,0.05842,16.0,0.0584,19.0,0.05844,20.0,0.05845,57.0
1753531630169,12:07:10.169,BABY/USDT:USDT,0.05842,16.0,0.0584,19.0,0.05844,20.0,0.05845,57.0
1753531630270,12:07:10.270,BABY/USDT:USDT,0.05842,16.0,0.0584,19.0,0.05844,23.0,0.05845,57.0
1753531630462,12:07:10.462,BABY/USDT:USDT,0.05842,16.0,0.0584,19.0,0.05844,20.0,0.05845,57.0
1753531630524,12:07:10.524,BABY/USDT:USDT,0.05842,16.0,0.0584,19.0,0.05844,20.0,0.05845,57.0
1753531630617,12:07:10.617,BABY/USDT:USDT,0.05842,16.0,0.0584,19.0,0.05844,20.0,0.05845,57.0
1753531630875,12:07:10.875,BABY/USDT:USDT,0.05842,16.0,0.0584,19.0,0.05844,20.0,0.05845,54.0
1753531630979,12:07:10.979,BABY/USDT:USDT,0.05842,21.0,0.0584,19.0,0.05845,54.0,0.05846,499.0
1753531631046,12:07:11.046,BABY/USDT:USDT,0.05843,16.0,0.05841,19.0,0.05845,20.0,0.05846,499.0
1753531631178,12:07:11.178,BABY/USDT:USDT,0.05843,21.0,0.05841,19.0,0.05845,20.0,0.05846,499.0
1753531631266,12:07:11.266,BABY/USDT:USDT,0.05844,16.0,0.05843,21.0,0.05846,445.0,0.05847,54.0
1753531631375,12:07:11.375,BABY/USDT:USDT,0.05844,16.0,0.05842,19.0,0.05846,448.0,0.05847,54.0
1753531631478,12:07:11.478,BABY/USDT:USDT,0.05844,16.0,0.05842,19.0,0.05846,445.0,0.05847,54.0
1753531631549,12:07:11.549,BABY/USDT:USDT,0.05842,19.0,0.0584,19.0,0.05846,448.0,0.05847,54.0
1753531631628,12:07:11.628,BABY/USDT:USDT,0.05842,19.0,0.0584,19.0,0.05846,448.0,0.05847,54.0
1753531631773,12:07:11.773,BABY/USDT:USDT,0.05842,24.0,0.0584,19.0,0.05846,448.0,0.05847,34.0
1753531631861,12:07:11.861,BABY/USDT:USDT,0.05842,24.0,0.0584,19.0,0.05846,445.0,0.05847,34.0
1753531632070,12:07:12.070,BABY/USDT:USDT,0.05842,24.0,0.0584,19.0,0.05846,445.0,0.05847,34.0
1753531632291,12:07:12.291,BABY/USDT:USDT,0.05842,24.0,0.0584,19.0,0.05846,445.0,0.05847,34.0
1753531632571,12:07:12.571,BABY/USDT:USDT,0.05842,24.0,0.0584,19.0,0.05846,445.0,0.05847,34.0
1753531632748,12:07:12.748,BABY/USDT:USDT,0.05844,16.0,0.05842,25.0,0.05846,3.0,0.05847,34.0
1753531632813,12:07:12.813,BABY/USDT:USDT,0.05844,16.0,0.05842,22.0,0.05846,10.0,0.05847,37.0
1753531632930,12:07:12.930,BABY/USDT:USDT,0.05844,16.0,0.05842,22.0,0.05846,10.0,0.05847,37.0
1753531633200,12:07:13.200,BABY/USDT:USDT,0.05844,16.0,0.05842,22.0,0.05846,10.0,0.05847,37.0
1753531633351,12:07:13.351,BABY/USDT:USDT,0.05844,16.0,0.05842,22.0,0.05846,10.0,0.05847,37.0
1753531633461,12:07:13.461,BABY/USDT:USDT,0.05844,16.0,0.05842,22.0,0.05846,10.0,0.05847,37.0
1753531633620,12:07:13.620,BABY/USDT:USDT,0.05844,16.0,0.05842,22.0,0.05846,10.0,0.05847,37.0
1753531633745,12:07:13.745,BABY/USDT:USDT,0.05844,16.0,0.05842,22.0,0.05846,10.0,0.05847,37.0
1753531634162,12:07:14.162,BABY/USDT:USDT,0.05844,16.0,0.05842,19.0,0.05847,3.0,0.05848,444.0
1753531634237,12:07:14.237,BABY/USDT:USDT,0.05844,16.0,0.05842,19.0,0.05847,3.0,0.05848,444.0
1753531634342,12:07:14.342,BABY/USDT:USDT,0.05844,16.0,0.05842,19.0,0.05847,3.0,0.05848,444.0
1753531634468,12:07:14.468,BABY/USDT:USDT,0.05845,16.0,0.05842,19.0,0.05847,3.0,0.05848,444.0
1753531634569,12:07:14.569,BABY/USDT:USDT,0.05844,19.0,0.05842,19.0,0.05848,447.0,0.0585,34.0
1753531634646,12:07:14.646,BABY/USDT:USDT,0.05844,19.0,0.05842,19.0,0.05846,39.0,0.05847,3.0
1753531634750,12:07:14.750,BABY/USDT:USDT,0.05844,19.0,0.05842,19.0,0.05846,39.0,0.05847,37.0
1753531634861,12:07:14.861,BABY/USDT:USDT,0.05844,19.0,0.05842,19.0,0.05846,39.0,0.05847,37.0
1753531634979,12:07:14.979,BABY/USDT:USDT,0.0584,19.0,0.05838,20.0,0.05844,39.0,0.05846,20.0
1753531635048,12:07:15.048,BABY/USDT:USDT,0.0584,27.0,0.05838,39.0,0.05844,39.0,0.05846,54.0
1753531635149,12:07:15.149,BABY/USDT:USDT,0.0584,27.0,0.05838,39.0,0.05844,39.0,0.05846,54.0
1753531635360,12:07:15.360,BABY/USDT:USDT,0.0584,30.0,0.05838,39.0,0.05844,39.0,0.05846,54.0
1753531635466,12:07:15.466,BABY/USDT:USDT,0.0584,30.0,0.05838,39.0,0.05844,39.0,0.05846,54.0
1753531635602,12:07:15.602,BABY/USDT:USDT,0.0584,30.0,0.05838,39.0,0.05844,39.0,0.05846,54.0
1753531635756,12:07:15.756,BABY/USDT:USDT,0.0584,30.0,0.05838,39.0,0.05844,39.0,0.05846,54.0
1753531635828,12:07:15.828,BABY/USDT:USDT,0.0584,30.0,0.05838,39.0,0.05844,39.0,0.05846,54.0
1753531635950,12:07:15.950,BABY/USDT:USDT,0.0584,30.0,0.05838,39.0,0.05844,39.0,0.05846,54.0
1753531636279,12:07:16.279,BABY/USDT:USDT,0.05838,19.0,0.05836,37.0,0.05842,42.0,0.05844,3.0
1753531636362,12:07:16.362,BABY/USDT:USDT,0.05838,19.0,0.05836,39.0,0.05841,39.0,0.05842,6.0
1753531636468,12:07:16.468,BABY/USDT:USDT,0.05838,24.0,0.05836,39.0,0.05841,39.0,0.05842,6.0
1753531636565,12:07:16.565,BABY/USDT:USDT,0.05838,24.0,0.05836,39.0,0.05841,39.0,0.05842,6.0
1753531636668,12:07:16.668,BABY/USDT:USDT,0.05841,9.0,0.05839,19.0,0.05844,449.0,0.05845,34.0
1753531636772,12:07:16.772,BABY/USDT:USDT,0.05841,9.0,0.05839,19.0,0.05844,449.0,0.05845,34.0
1753531636961,12:07:16.961,BABY/USDT:USDT,0.05842,9.0,0.05839,19.0,0.05844,3.0,0.05845,34.0
1753531637079,12:07:17.079,BABY/USDT:USDT,0.05842,9.0,0.0584,19.0,0.05844,10.0,0.05845,37.0
1753531637155,12:07:17.155,BABY/USDT:USDT,0.0584,19.0,0.05836,37.0,0.05844,10.0,0.05845,37.0
1753531637206,12:07:17.206,BABY/USDT:USDT,0.0584,19.0,0.05838,19.0,0.05844,10.0,0.05845,37.0
1753531637361,12:07:17.361,BABY/USDT:USDT,0.0584,24.0,0.05838,19.0,0.05844,10.0,0.05845,37.0
1753531637524,12:07:17.524,BABY/USDT:USDT,0.0584,27.0,0.05838,19.0,0.05844,10.0,0.05845,37.0
1753531637635,12:07:17.635,BABY/USDT:USDT,0.0584,27.0,0.05838,19.0,0.05844,10.0,0.05845,37.0
1753531637735,12:07:17.735,BABY/USDT:USDT,0.0584,30.0,0.05838,19.0,0.05844,10.0,0.05845,37.0
1753531637833,12:07:17.833,BABY/USDT:USDT,0.0584,30.0,0.05838,19.0,0.05844,10.0,0.05845,37.0
1753531637979,12:07:17.979,BABY/USDT:USDT,0.0584,30.0,0.05838,19.0,0.05844,10.0,0.05845,37.0
1753531638038,12:07:18.038,BABY/USDT:USDT,0.0584,30.0,0.05838,19.0,0.05844,10.0,0.05845,37.0
1753531638149,12:07:18.149,BABY/USDT:USDT,0.0584,30.0,0.05838,19.0,0.05844,10.0,0.05845,37.0
1753531638379,12:07:18.379,BABY/USDT:USDT,0.0584,30.0,0.05838,19.0,0.05844,10.0,0.05845,37.0
1753531638445,12:07:18.445,BABY/USDT:USDT,0.0584,30.0,0.05838,19.0,0.05844,10.0,0.05845,37.0
1753531638654,12:07:18.654,BABY/USDT:USDT,0.0584,30.0,0.05838,19.0,0.05844,10.0,0.05845,37.0
1753531639264,12:07:19.264,BABY/USDT:USDT,0.0584,30.0,0.05838,19.0,0.05844,10.0,0.05845,37.0
1753531639477,12:07:19.477,BABY/USDT:USDT,0.0584,30.0,0.05838,19.0,0.05844,10.0,0.05845,37.0
1753531639536,12:07:19.536,BABY/USDT:USDT,0.0584,30.0,0.05838,19.0,0.05844,10.0,0.05845,37.0
1753531639598,12:07:19.598,BABY/USDT:USDT,0.0584,30.0,0.05838,19.0,0.05844,10.0,0.05845,37.0
1753531639716,12:07:19.716,BABY/USDT:USDT,0.0584,30.0,0.05838,19.0,0.05844,10.0,0.05845,37.0
1753531639817,12:07:19.817,BABY/USDT:USDT,0.0584,30.0,0.05838,19.0,0.05844,10.0,0.05845,37.0
1753531640149,12:07:20.149,BABY/USDT:USDT,0.0584,30.0,0.05838,19.0,0.05844,10.0,0.05845,37.0
1753531640263,12:07:20.263,BABY/USDT:USDT,0.0584,19.0,0.05838,19.0,0.05843,39.0,0.05844,3.0
1753531640370,12:07:20.370,BABY/USDT:USDT,0.0584,19.0,0.05838,19.0,0.05843,39.0,0.05844,3.0
1753531640520,12:07:20.520,BABY/USDT:USDT,0.0584,19.0,0.05838,19.0,0.05843,39.0,0.05844,3.0
1753531640667,12:07:20.667,BABY/USDT:USDT,0.0584,19.0,0.05838,19.0,0.05843,39.0,0.05844,3.0
1753531640778,12:07:20.778,BABY/USDT:USDT,0.0584,19.0,0.05838,19.0,0.05843,39.0,0.05844,3.0
1753531640821,12:07:20.821,BABY/USDT:USDT,0.0584,19.0,0.05838,19.0,0.05843,39.0,0.05844,3.0
1753531640978,12:07:20.978,BABY/USDT:USDT,0.0584,19.0,0.05838,19.0,0.05843,39.0,0.05844,3.0
1753531641196,12:07:21.196,BABY/USDT:USDT,0.0584,19.0,0.05838,19.0,0.05843,39.0,0.05844,3.0
1753531641339,12:07:21.339,BABY/USDT:USDT,0.0584,19.0,0.05838,19.0,0.05843,42.0,0.05844,3.0
1753531641457,12:07:21.457,BABY/USDT:USDT,0.0584,19.0,0.05838,19.0,0.05843,42.0,0.05844,3.0
1753531641652,12:07:21.652,BABY/USDT:USDT,0.0584,19.0,0.05838,19.0,0.05843,42.0,0.05844,3.0
1753531641767,12:07:21.767,BABY/USDT:USDT,0.05841,9.0,0.05839,19.0,0.05843,3.0,0.05844,3.0
1753531641868,12:07:21.868,BABY/USDT:USDT,0.05841,9.0,0.05839,19.0,0.05843,3.0,0.05844,3.0
1753531642058,12:07:22.058,BABY/USDT:USDT,0.05841,9.0,0.05839,19.0,0.05843,10.0,0.05844,3.0
1753531642432,12:07:22.432,BABY/USDT:USDT,0.05841,9.0,0.05839,19.0,0.05843,10.0,0.05844,3.0
1753531643247,12:07:23.247,BABY/USDT:USDT,0.05841,9.0,0.05839,19.0,0.05843,10.0,0.05844,3.0
1753531643424,12:07:23.424,BABY/USDT:USDT,0.05841,9.0,0.05839,19.0,0.05843,10.0,0.05844,3.0
1753531643711,12:07:23.711,BABY/USDT:USDT,0.05841,9.0,0.05839,19.0,0.05843,10.0,0.05844,3.0
1753531644689,12:07:24.689,BABY/USDT:USDT,0.05841,9.0,0.05839,19.0,0.05843,10.0,0.05844,3.0
1753531644791,12:07:24.791,BABY/USDT:USDT,0.05841,9.0,0.05839,19.0,0.05843,10.0,0.05844,3.0
1753531645189,12:07:25.189,BABY/USDT:USDT,0.05841,9.0,0.05839,19.0,0.05843,7.0,0.05844,6.0
1753531645452,12:07:25.452,BABY/USDT:USDT,0.05841,9.0,0.05839,19.0,0.05843,10.0,0.05844,6.0
1753531645522,12:07:25.522,BABY/USDT:USDT,0.05841,9.0,0.05839,19.0,0.05843,10.0,0.05844,3.0
1753531646253,12:07:26.253,BABY/USDT:USDT,0.05841,9.0,0.05839,19.0,0.05843,13.0,0.05844,3.0
1753531646289,12:07:26.289,BABY/USDT:USDT,0.05841,9.0,0.05839,19.0,0.05843,13.0,0.05844,3.0
1753531646407,12:07:26.407,BABY/USDT:USDT,0.05841,9.0,0.05839,19.0,0.05843,13.0,0.05844,3.0
1753531646614,12:07:26.614,BABY/USDT:USDT,0.05841,9.0,0.05839,19.0,0.05843,10.0,0.05844,3.0
1753531646877,12:07:26.877,BABY/USDT:USDT,0.05841,9.0,0.05839,19.0,0.05843,10.0,0.05844,3.0
1753531646915,12:07:26.915,BABY/USDT:USDT,0.05841,9.0,0.05839,19.0,0.05843,6.0,0.05844,3.0
1753531647079,12:07:27.079,BABY/USDT:USDT,0.05842,9.0,0.0584,19.0,0.05844,6.0,0.05845,34.0
1753531647173,12:07:27.173,BABY/USDT:USDT,0.05842,9.0,0.0584,19.0,0.05844,13.0,0.05845,34.0
1753531647410,12:07:27.410,BABY/USDT:USDT,0.05842,9.0,0.0584,19.0,0.05844,10.0,0.05845,34.0
1753531647619,12:07:27.619,BABY/USDT:USDT,0.05842,9.0,0.0584,19.0,0.05844,13.0,0.05845,34.0
1753531647758,12:07:27.758,BABY/USDT:USDT,0.05842,9.0,0.0584,19.0,0.05844,6.0,0.05845,34.0
1753531647787,12:07:27.787,BABY/USDT:USDT,0.05842,9.0,0.0584,19.0,0.05844,13.0,0.05845,34.0
1753531648045,12:07:28.045,BABY/USDT:USDT,0.05842,9.0,0.0584,19.0,0.05844,13.0,0.05845,34.0
1753531648177,12:07:28.177,BABY/USDT:USDT,0.05842,9.0,0.0584,19.0,0.05844,10.0,0.05845,37.0
1753531648255,12:07:28.255,BABY/USDT:USDT,0.05842,9.0,0.0584,19.0,0.05844,7.0,0.05845,37.0
1753531648473,12:07:28.473,BABY/USDT:USDT,0.05842,9.0,0.0584,19.0,0.05844,13.0,0.05845,37.0
1753531648590,12:07:28.590,BABY/USDT:USDT,0.05842,9.0,0.0584,19.0,0.05844,10.0,0.05845,37.0
1753531649148,12:07:29.148,BABY/USDT:USDT,0.0584,24.0,0.05838,19.0,0.05844,13.0,0.05845,34.0
1753531649289,12:07:29.289,BABY/USDT:USDT,0.0584,24.0,0.05838,19.0,0.05844,13.0,0.05845,34.0
1753531649464,12:07:29.464,BABY/USDT:USDT,0.0584,24.0,0.05838,19.0,0.05844,13.0,0.05845,34.0
1753531650087,12:07:30.087,BABY/USDT:USDT,0.0584,24.0,0.05838,19.0,0.05844,13.0,0.05845,34.0
1753531650240,12:07:30.240,BABY/USDT:USDT,0.0584,24.0,0.05838,19.0,0.05844,13.0,0.05845,34.0
1753531650335,12:07:30.335,BABY/USDT:USDT,0.0584,24.0,0.05838,19.0,0.05844,13.0,0.05845,34.0
1753531650514,12:07:30.514,BABY/USDT:USDT,0.0584,24.0,0.05838,19.0,0.05844,13.0,0.05845,34.0
1753531650763,12:07:30.763,BABY/USDT:USDT,0.05842,9.0,0.0584,19.0,0.05844,6.0,0.05845,34.0
1753531650815,12:07:30.815,BABY/USDT:USDT,0.05842,9.0,0.0584,19.0,0.05844,6.0,0.05845,34.0
1753531651156,12:07:31.156,BABY/USDT:USDT,0.05842,9.0,0.0584,19.0,0.05844,13.0,0.05845,34.0
1753531651544,12:07:31.544,BABY/USDT:USDT,0.05842,9.0,0.0584,19.0,0.05844,13.0,0.05845,34.0
1753531652178,12:07:32.178,BABY/USDT:USDT,0.0584,24.0,0.05836,20.0,0.05844,13.0,0.05845,34.0
1753531652272,12:07:32.272,BABY/USDT:USDT,0.05842,9.0,0.0584,19.0,0.05844,13.0,0.05845,34.0
1753531652361,12:07:32.361,BABY/USDT:USDT,0.05842,9.0,0.0584,19.0,0.05844,13.0,0.05845,34.0
1753531652469,12:07:32.469,BABY/USDT:USDT,0.0584,19.0,0.05838,19.0,0.05844,13.0,0.05845,34.0
1753531652485,12:07:32.485,BABY/USDT:USDT,0.0584,19.0,0.05838,19.0,0.05844,13.0,0.05845,34.0
1753531652772,12:07:32.772,BABY/USDT:USDT,0.0584,19.0,0.05838,19.0,0.05844,13.0,0.05845,34.0
1753531652862,12:07:32.862,BABY/USDT:USDT,0.0584,19.0,0.05838,19.0,0.05844,13.0,0.05845,34.0
1753531652983,12:07:32.983,BABY/USDT:USDT,0.0584,19.0,0.05838,19.0,0.05844,13.0,0.05845,34.0
1753531653136,12:07:33.136,BABY/USDT:USDT,0.0584,24.0,0.05838,19.0,0.05844,13.0,0.05845,34.0
1753531653384,12:07:33.384,BABY/USDT:USDT,0.0584,24.0,0.05838,19.0,0.05844,13.0,0.05845,34.0
1753531653631,12:07:33.631,BABY/USDT:USDT,0.0584,24.0,0.05838,19.0,0.05844,13.0,0.05845,34.0
1753531653728,12:07:33.728,BABY/USDT:USDT,0.05842,9.0,0.0584,19.0,0.05844,13.0,0.05845,34.0
1753531653834,12:07:33.834,BABY/USDT:USDT,0.05842,9.0,0.0584,19.0,0.05844,13.0,0.05845,34.0
1753531654001,12:07:34.001,BABY/USDT:USDT,0.05842,9.0,0.0584,19.0,0.05844,13.0,0.05845,34.0
1753531654528,12:07:34.528,BABY/USDT:USDT,0.05842,9.0,0.0584,19.0,0.05844,13.0,0.05845,34.0
1753531654946,12:07:34.946,BABY/USDT:USDT,0.05842,9.0,0.0584,19.0,0.05844,13.0,0.05845,34.0
1753531655377,12:07:35.377,BABY/USDT:USDT,0.05837,8.0,0.05835,20.0,0.05843,20.0,0.05844,34.0
1753531655476,12:07:35.476,BABY/USDT:USDT,0.05837,5.0,0.05835,20.0,0.05841,45.0,0.05842,463.0
1753531655506,12:07:35.506,BABY/USDT:USDT,0.05836,5.0,0.05835,20.0,0.0584,39.0,0.05841,3.0
1753531655676,12:07:35.676,BABY/USDT:USDT,0.05836,5.0,0.05835,20.0,0.0584,39.0,0.05841,3.0
1753531655687,12:07:35.687,BABY/USDT:USDT,0.05836,5.0,0.05835,20.0,0.0584,39.0,0.05841,37.0
1753531655843,12:07:35.843,BABY/USDT:USDT,0.05836,5.0,0.05835,20.0,0.0584,39.0,0.05841,37.0
1753531655952,12:07:35.952,BABY/USDT:USDT,0.05836,8.0,0.05835,20.0,0.0584,39.0,0.05841,37.0
1753531656174,12:07:36.174,BABY/USDT:USDT,0.05836,8.0,0.05835,20.0,0.0584,39.0,0.05841,37.0
1753531656239,12:07:36.239,BABY/USDT:USDT,0.05836,8.0,0.05835,20.0,0.0584,39.0,0.05841,37.0
1753531656355,12:07:36.355,BABY/USDT:USDT,0.05836,8.0,0.05835,20.0,0.0584,39.0,0.05841,37.0
1753531656456,12:07:36.456,BABY/USDT:USDT,0.05836,8.0,0.05835,20.0,0.0584,39.0,0.05841,37.0
1753531656489,12:07:36.489,BABY/USDT:USDT,0.05836,8.0,0.05833,20.0,0.0584,39.0,0.05841,37.0
1753531656678,12:07:36.678,BABY/USDT:USDT,0.05833,23.0,0.05832,464.0,0.05838,39.0,0.05841,37.0
1753531656763,12:07:36.763,BABY/USDT:USDT,0.05834,6.0,0.05833,23.0,0.05838,39.0,0.0584,34.0
1753531656835,12:07:36.835,BABY/USDT:USDT,0.05834,5.0,0.05833,23.0,0.05838,39.0,0.0584,34.0
1753531656938,12:07:36.938,BABY/USDT:USDT,0.05834,5.0,0.05833,23.0,0.05838,39.0,0.0584,34.0
1753531657049,12:07:37.049,BABY/USDT:USDT,0.05834,5.0,0.05833,23.0,0.05838,39.0,0.0584,34.0
1753531657114,12:07:37.114,BABY/USDT:USDT,0.05834,5.0,0.05833,23.0,0.05838,39.0,0.0584,34.0
1753531657229,12:07:37.229,BABY/USDT:USDT,0.05834,5.0,0.05833,23.0,0.05838,39.0,0.0584,34.0
1753531657350,12:07:37.350,BABY/USDT:USDT,0.05834,5.0,0.05833,23.0,0.05838,39.0,0.0584,34.0
1753531657477,12:07:37.477,BABY/USDT:USDT,0.05834,5.0,0.05833,3.0,0.05838,39.0,0.0584,34.0
1753531657652,12:07:37.652,BABY/USDT:USDT,0.05834,5.0,0.05833,3.0,0.05838,45.0,0.0584,34.0
1753531657738,12:07:37.738,BABY/USDT:USDT,0.05834,5.0,0.05833,3.0,0.05838,45.0,0.0584,34.0
1753531657850,12:07:37.850,BABY/USDT:USDT,0.05834,5.0,0.05833,3.0,0.05838,45.0,0.0584,34.0
1753531657916,12:07:37.916,BABY/USDT:USDT,0.05834,5.0,0.05833,3.0,0.05838,45.0,0.0584,34.0
1753531658032,12:07:38.032,BABY/USDT:USDT,0.05834,5.0,0.05833,3.0,0.05838,45.0,0.0584,34.0
1753531658088,12:07:38.088,BABY/USDT:USDT,0.05834,5.0,0.05833,3.0,0.05838,45.0,0.0584,34.0
1753531658278,12:07:38.278,BABY/USDT:USDT,0.05833,3.0,0.05832,20.0,0.05837,39.0,0.05838,45.0
1753531658320,12:07:38.320,BABY/USDT:USDT,0.05833,8.0,0.05832,20.0,0.05837,39.0,0.05838,3.0
1753531658445,12:07:38.445,BABY/USDT:USDT,0.05833,8.0,0.05832,20.0,0.05837,39.0,0.05838,3.0
1753531658519,12:07:38.519,BABY/USDT:USDT,0.05833,8.0,0.05832,20.0,0.05837,39.0,0.05838,446.0
1753531658686,12:07:38.686,BABY/USDT:USDT,0.05833,8.0,0.05832,20.0,0.05837,39.0,0.05838,446.0
1753531658794,12:07:38.794,BABY/USDT:USDT,0.05833,8.0,0.05832,20.0,0.05837,39.0,0.05838,446.0
1753531659011,12:07:39.011,BABY/USDT:USDT,0.05833,8.0,0.05832,20.0,0.05837,39.0,0.05838,446.0
1753531659119,12:07:39.119,BABY/USDT:USDT,0.05833,8.0,0.05832,20.0,0.05837,39.0,0.05838,446.0
1753531659224,12:07:39.224,BABY/USDT:USDT,0.05833,5.0,0.05832,20.0,0.05837,42.0,0.05838,446.0
1753531659468,12:07:39.468,BABY/USDT:USDT,0.05833,5.0,0.05832,20.0,0.05837,42.0,0.05838,446.0
1753531659535,12:07:39.535,BABY/USDT:USDT,0.05833,5.0,0.05832,20.0,0.05837,42.0,0.05838,446.0
1753531659725,12:07:39.725,BABY/USDT:USDT,0.05833,5.0,0.05832,20.0,0.05837,3.0,0.05838,446.0
1753531659820,12:07:39.820,BABY/USDT:USDT,0.05833,5.0,0.05832,20.0,0.05837,10.0,0.05838,446.0
1753531659949,12:07:39.949,BABY/USDT:USDT,0.05833,5.0,0.05832,20.0,0.05837,10.0,0.05838,446.0
1753531660015,12:07:40.015,BABY/USDT:USDT,0.05833,5.0,0.05832,20.0,0.05837,10.0,0.05838,446.0
1753531660230,12:07:40.230,BABY/USDT:USDT,0.05833,5.0,0.05832,20.0,0.05837,10.0,0.05838,446.0
1753531660367,12:07:40.367,BABY/USDT:USDT,0.05833,5.0,0.05832,20.0,0.05837,10.0,0.05838,446.0
1753531660466,12:07:40.466,BABY/USDT:USDT,0.05833,5.0,0.05832,20.0,0.05837,10.0,0.05838,446.0
1753531660595,12:07:40.595,BABY/USDT:USDT,0.05833,5.0,0.05832,20.0,0.05837,10.0,0.05838,446.0
1753531660755,12:07:40.755,BABY/USDT:USDT,0.05833,5.0,0.05832,20.0,0.05837,10.0,0.05838,446.0
1753531660966,12:07:40.966,BABY/USDT:USDT,0.05833,5.0,0.05832,20.0,0.05837,10.0,0.05838,446.0
1753531661018,12:07:41.018,BABY/USDT:USDT,0.05833,5.0,0.05832,20.0,0.05837,10.0,0.05838,446.0
1753531661118,12:07:41.118,BABY/USDT:USDT,0.05833,5.0,0.05832,20.0,0.05837,10.0,0.05838,446.0
1753531661492,12:07:41.492,BABY/USDT:USDT,0.05833,5.0,0.05832,20.0,0.05837,10.0,0.05838,446.0
1753531661659,12:07:41.659,BABY/USDT:USDT,0.05833,5.0,0.05832,20.0,0.05837,10.0,0.05838,446.0
1753531661689,12:07:41.689,BABY/USDT:USDT,0.05833,5.0,0.05832,20.0,0.05837,10.0,0.05838,446.0
1753531662038,12:07:42.038,BABY/USDT:USDT,0.05833,5.0,0.05832,20.0,0.05837,10.0,0.05838,446.0
1753531662151,12:07:42.151,BABY/USDT:USDT,0.05833,5.0,0.05832,20.0,0.05837,10.0,0.05838,446.0
1753531662190,12:07:42.190,BABY/USDT:USDT,0.05833,5.0,0.05832,20.0,0.05837,10.0,0.05838,446.0
1753531662374,12:07:42.374,BABY/USDT:USDT,0.05833,5.0,0.05832,20.0,0.05837,10.0,0.05838,446.0
1753531662424,12:07:42.424,BABY/USDT:USDT,0.05833,5.0,0.05832,20.0,0.05837,10.0,0.05838,446.0
1753531662520,12:07:42.520,BABY/USDT:USDT,0.05833,5.0,0.05832,20.0,0.05837,10.0,0.05838,446.0
1753531662651,12:07:42.651,BABY/USDT:USDT,0.05833,5.0,0.05832,20.0,0.05837,10.0,0.05838,446.0
1753531662713,12:07:42.713,BABY/USDT:USDT,0.05833,5.0,0.05832,20.0,0.05837,10.0,0.05838,446.0
1753531663135,12:07:43.135,BABY/USDT:USDT,0.05833,5.0,0.05832,20.0,0.05837,10.0,0.05838,446.0
1753531663378,12:07:43.378,BABY/USDT:USDT,0.05833,5.0,0.05832,20.0,0.05837,10.0,0.05838,446.0
1753531663455,12:07:43.455,BABY/USDT:USDT,0.05833,8.0,0.05832,20.0,0.05837,10.0,0.05838,446.0
1753531663557,12:07:43.557,BABY/USDT:USDT,0.05833,8.0,0.05832,20.0,0.05837,10.0,0.05838,446.0
1753531663665,12:07:43.665,BABY/USDT:USDT,0.05833,8.0,0.05832,20.0,0.05837,10.0,0.05838,446.0
1753531664028,12:07:44.028,BABY/USDT:USDT,0.05833,8.0,0.05832,20.0,0.05837,10.0,0.05838,446.0
1753531664179,12:07:44.179,BABY/USDT:USDT,0.05833,8.0,0.05832,20.0,0.05837,10.0,0.05838,446.0
1753531664235,12:07:44.235,BABY/USDT:USDT,0.05833,8.0,0.05832,20.0,0.05837,10.0,0.05838,446.0
1753531664428,12:07:44.428,BABY/USDT:USDT,0.05833,8.0,0.05832,20.0,0.05837,10.0,0.05838,446.0
1753531664525,12:07:44.525,BABY/USDT:USDT,0.05833,8.0,0.05832,20.0,0.05837,10.0,0.05838,446.0
1753531664582,12:07:44.582,BABY/USDT:USDT,0.05833,8.0,0.05832,20.0,0.05837,10.0,0.05838,446.0
1753531664877,12:07:44.877,BABY/USDT:USDT,0.05833,8.0,0.05832,20.0,0.05837,10.0,0.05838,446.0
1753531665266,12:07:45.266,BABY/USDT:USDT,0.05833,8.0,0.05832,20.0,0.05837,7.0,0.05838,446.0
1753531665428,12:07:45.428,BABY/USDT:USDT,0.05833,8.0,0.05832,20.0,0.05837,7.0,0.05838,446.0
1753531665645,12:07:45.645,BABY/USDT:USDT,0.05833,8.0,0.05832,20.0,0.05837,7.0,0.05838,446.0
1753531665709,12:07:45.709,BABY/USDT:USDT,0.05833,8.0,0.05832,20.0,0.05838,446.0,0.05839,34.0
1753531665847,12:07:45.847,BABY/USDT:USDT,0.05833,8.0,0.05832,20.0,0.05837,39.0,0.05838,446.0
1753531666359,12:07:46.359,BABY/USDT:USDT,0.05833,8.0,0.05832,20.0,0.05837,39.0,0.05838,446.0
1753531666460,12:07:46.460,BABY/USDT:USDT,0.05833,11.0,0.05832,20.0,0.05837,39.0,0.05838,446.0
1753531666555,12:07:46.555,BABY/USDT:USDT,0.05835,5.0,0.05833,6.0,0.05838,443.0,0.05839,34.0
1753531666654,12:07:46.654,BABY/USDT:USDT,0.05835,5.0,0.05833,6.0,0.05838,446.0,0.05839,34.0
1753531666742,12:07:46.742,BABY/USDT:USDT,0.05835,5.0,0.05833,6.0,0.05838,446.0,0.05839,34.0
1753531666854,12:07:46.854,BABY/USDT:USDT,0.05835,5.0,0.05833,6.0,0.05838,3.0,0.05839,34.0
1753531666896,12:07:46.896,BABY/USDT:USDT,0.05835,5.0,0.05833,6.0,0.05838,3.0,0.05839,34.0
1753531667012,12:07:47.012,BABY/USDT:USDT,0.05835,5.0,0.05833,6.0,0.05838,3.0,0.05839,34.0
1753531667178,12:07:47.178,BABY/USDT:USDT,0.05835,5.0,0.05833,6.0,0.05838,3.0,0.05839,34.0
1753531667240,12:07:47.240,BABY/USDT:USDT,0.05835,5.0,0.05833,6.0,0.05838,3.0,0.05839,34.0
1753531667366,12:07:47.366,BABY/USDT:USDT,0.05835,5.0,0.05833,6.0,0.05838,3.0,0.05839,34.0
1753531667469,12:07:47.469,BABY/USDT:USDT,0.05835,5.0,0.05833,6.0,0.05838,3.0,0.05839,34.0
1753531667679,12:07:47.679,BABY/USDT:USDT,0.05835,5.0,0.05833,6.0,0.05838,3.0,0.05839,34.0
1753531667714,12:07:47.714,BABY/USDT:USDT,0.05835,5.0,0.05833,6.0,0.05838,3.0,0.05839,34.0
1753531667837,12:07:47.837,BABY/USDT:USDT,0.05835,5.0,0.05833,6.0,0.05838,10.0,0.05839,34.0
1753531668153,12:07:48.153,BABY/USDT:USDT,0.05835,5.0,0.05833,6.0,0.05838,10.0,0.05839,34.0
1753531668234,12:07:48.234,BABY/USDT:USDT,0.05835,5.0,0.05833,6.0,0.05838,10.0,0.05839,34.0
1753531668362,12:07:48.362,BABY/USDT:USDT,0.05835,8.0,0.05833,3.0,0.05838,10.0,0.05839,34.0
1753531668530,12:07:48.530,BABY/USDT:USDT,0.05835,8.0,0.05833,3.0,0.05838,10.0,0.05839,34.0
1753531668625,12:07:48.625,BABY/USDT:USDT,0.05835,8.0,0.05833,3.0,0.05838,3.0,0.05839,34.0
1753531668735,12:07:48.735,BABY/USDT:USDT,0.05835,5.0,0.05832,20.0,0.05839,45.0,0.05841,666.0
1753531668879,12:07:48.879,BABY/USDT:USDT,0.05835,5.0,0.05832,20.0,0.05839,45.0,0.05841,666.0
1753531668912,12:07:48.912,BABY/USDT:USDT,0.05835,5.0,0.05832,20.0,0.05839,45.0,0.05841,666.0
1753531669014,12:07:49.014,BABY/USDT:USDT,0.05835,5.0,0.05832,20.0,0.05839,45.0,0.05841,666.0
1753531669344,12:07:49.344,BABY/USDT:USDT,0.05835,5.0,0.05832,20.0,0.05839,45.0,0.05841,666.0
1753531669447,12:07:49.447,BABY/USDT:USDT,0.05835,5.0,0.05832,20.0,0.05839,45.0,0.05841,666.0
1753531669576,12:07:49.576,BABY/USDT:USDT,0.05835,5.0,0.05832,20.0,0.05839,45.0,0.05841,666.0
1753531669624,12:07:49.624,BABY/USDT:USDT,0.05835,5.0,0.05832,20.0,0.05839,45.0,0.05841,666.0
1753531669753,12:07:49.753,BABY/USDT:USDT,0.05835,5.0,0.05832,20.0,0.05839,45.0,0.05841,666.0
1753531669823,12:07:49.823,BABY/USDT:USDT,0.05835,5.0,0.05832,20.0,0.05839,45.0,0.05841,666.0
1753531669942,12:07:49.942,BABY/USDT:USDT,0.05835,5.0,0.05832,20.0,0.05839,45.0,0.05841,666.0
1753531670008,12:07:50.008,BABY/USDT:USDT,0.05835,5.0,0.05832,20.0,0.05839,45.0,0.05841,666.0
1753531670173,12:07:50.173,BABY/USDT:USDT,0.05832,20.0,0.05831,158.0,0.05838,39.0,0.05839,3.0
1753531670262,12:07:50.262,BABY/USDT:USDT,0.05833,8.0,0.05832,20.0,0.05838,39.0,0.05839,3.0
1753531670373,12:07:50.373,BABY/USDT:USDT,0.05833,8.0,0.05832,20.0,0.05838,39.0,0.05839,23.0
1753531670424,12:07:50.424,BABY/USDT:USDT,0.05833,8.0,0.05832,20.0,0.05838,39.0,0.05839,23.0
1753531670518,12:07:50.518,BABY/USDT:USDT,0.05833,8.0,0.05832,20.0,0.05838,39.0,0.05839,23.0
1753531670733,12:07:50.733,BABY/USDT:USDT,0.05833,8.0,0.05832,20.0,0.05838,39.0,0.05839,23.0
1753531670854,12:07:50.854,BABY/USDT:USDT,0.05833,8.0,0.05832,20.0,0.05838,39.0,0.05839,23.0
1753531670893,12:07:50.893,BABY/USDT:USDT,0.05833,8.0,0.05832,20.0,0.05838,39.0,0.05839,23.0
1753531671006,12:07:51.006,BABY/USDT:USDT,0.05833,11.0,0.05832,20.0,0.05838,39.0,0.05839,23.0
1753531671106,12:07:51.106,BABY/USDT:USDT,0.05833,11.0,0.05832,20.0,0.05838,39.0,0.05839,23.0
1753531671260,12:07:51.260,BABY/USDT:USDT,0.05833,11.0,0.05832,20.0,0.05838,39.0,0.05839,23.0
1753531671338,12:07:51.338,BABY/USDT:USDT,0.05833,11.0,0.05832,20.0,0.05838,39.0,0.05839,23.0
1753531671753,12:07:51.753,BABY/USDT:USDT,0.05833,11.0,0.05832,20.0,0.05838,39.0,0.05839,23.0
1753531671924,12:07:51.924,BABY/USDT:USDT,0.05833,11.0,0.05832,20.0,0.05838,39.0,0.05839,23.0
1753531672038,12:07:52.038,BABY/USDT:USDT,0.05833,11.0,0.05832,20.0,0.05838,39.0,0.05839,23.0
1753531672170,12:07:52.170,BABY/USDT:USDT,0.05833,11.0,0.05832,20.0,0.05838,39.0,0.05839,23.0
1753531672444,12:07:52.444,BABY/USDT:USDT,0.05834,5.0,0.05833,6.0,0.05838,39.0,0.05839,23.0
1753531672507,12:07:52.507,BABY/USDT:USDT,0.05834,5.0,0.05833,6.0,0.05838,39.0,0.05839,23.0
1753531672595,12:07:52.595,BABY/USDT:USDT,0.05834,5.0,0.05833,6.0,0.05838,39.0,0.05839,23.0
1753531672905,12:07:52.905,BABY/USDT:USDT,0.05834,5.0,0.05833,6.0,0.05838,39.0,0.05839,23.0
1753531673017,12:07:53.017,BABY/USDT:USDT,0.05834,5.0,0.05833,6.0,0.05838,39.0,0.05839,23.0
1753531673144,12:07:53.144,BABY/USDT:USDT,0.05834,5.0,0.05833,6.0,0.05838,39.0,0.05839,23.0
1753531673200,12:07:53.200,BABY/USDT:USDT,0.05834,5.0,0.05833,6.0,0.05838,42.0,0.05839,23.0
1753531673454,12:07:53.454,BABY/USDT:USDT,0.05834,5.0,0.05833,6.0,0.05838,42.0,0.05839,23.0
1753531673532,12:07:53.532,BABY/USDT:USDT,0.05834,5.0,0.05833,6.0,0.05838,39.0,0.05839,23.0
1753531674010,12:07:54.010,BABY/USDT:USDT,0.05834,5.0,0.05833,6.0,0.05838,39.0,0.05839,23.0
1753531674288,12:07:54.288,BABY/USDT:USDT,0.05834,5.0,0.05833,6.0,0.05838,39.0,0.05839,23.0
1753531674747,12:07:54.747,BABY/USDT:USDT,0.05834,5.0,0.05833,6.0,0.05839,26.0,0.0584,54.0
1753531674798,12:07:54.798,BABY/USDT:USDT,0.05834,5.0,0.05833,6.0,0.05839,26.0,0.0584,54.0
1753531675075,12:07:55.075,BABY/USDT:USDT,0.05834,5.0,0.05833,6.0,0.05839,26.0,0.0584,54.0
1753531675163,12:07:55.163,BABY/USDT:USDT,0.05835,5.0,0.05833,6.0,0.05839,33.0,0.0584,54.0
1753531675277,12:07:55.277,BABY/USDT:USDT,0.05834,5.0,0.05833,6.0,0.05838,39.0,0.05839,26.0
1753531675491,12:07:55.491,BABY/USDT:USDT,0.05834,5.0,0.05833,6.0,0.05838,39.0,0.05839,26.0
1753531676079,12:07:56.079,BABY/USDT:USDT,0.05834,5.0,0.05833,3.0,0.05838,39.0,0.05839,26.0
1753531676151,12:07:56.151,BABY/USDT:USDT,0.05833,8.0,0.05832,20.0,0.05837,42.0,0.05838,3.0
1753531676212,12:07:56.212,BABY/USDT:USDT,0.05833,8.0,0.05832,20.0,0.05837,42.0,0.05838,3.0
1753531676315,12:07:56.315,BABY/USDT:USDT,0.05833,8.0,0.05832,20.0,0.05837,42.0,0.05838,3.0
1753531676468,12:07:56.468,BABY/USDT:USDT,0.05833,8.0,0.05832,20.0,0.05837,42.0,0.05838,3.0
1753531676548,12:07:56.548,BABY/USDT:USDT,0.05833,8.0,0.05832,20.0,0.05837,42.0,0.05838,3.0
1753531676680,12:07:56.680,BABY/USDT:USDT,0.05831,5.0,0.05829,20.0,0.05836,39.0,0.05837,3.0
1753531676742,12:07:56.742,BABY/USDT:USDT,0.05831,5.0,0.05829,20.0,0.05836,39.0,0.05837,3.0
1753531676862,12:07:56.862,BABY/USDT:USDT,0.05831,5.0,0.05829,20.0,0.05836,39.0,0.05837,3.0
1753531676882,12:07:56.882,BABY/USDT:USDT,0.05831,8.0,0.05829,20.0,0.05836,39.0,0.05837,3.0
1753531677041,12:07:57.041,BABY/USDT:USDT,0.05831,8.0,0.05829,20.0,0.05836,39.0,0.05837,3.0
1753531677178,12:07:57.178,BABY/USDT:USDT,0.05831,8.0,0.05829,20.0,0.05836,39.0,0.05837,3.0
1753531677584,12:07:57.584,BABY/USDT:USDT,0.05831,8.0,0.05829,20.0,0.05836,39.0,0.05837,3.0
1753531677774,12:07:57.774,BABY/USDT:USDT,0.05832,5.0,0.05831,3.0,0.05836,39.0,0.05837,3.0
1753531678050,12:07:58.050,BABY/USDT:USDT,0.05832,5.0,0.05831,3.0,0.05836,42.0,0.05837,3.0
1753531678161,12:07:58.161,BABY/USDT:USDT,0.05832,5.0,0.05831,3.0,0.05836,42.0,0.05837,3.0
1753531678242,12:07:58.242,BABY/USDT:USDT,0.05832,5.0,0.05831,3.0,0.05836,42.0,0.05837,3.0
1753531678426,12:07:58.426,BABY/USDT:USDT,0.05832,5.0,0.05831,3.0,0.05836,42.0,0.05837,3.0
1753531678480,12:07:58.480,BABY/USDT:USDT,0.05832,5.0,0.05831,3.0,0.05836,42.0,0.05837,3.0
1753531678606,12:07:58.606,BABY/USDT:USDT,0.05832,5.0,0.05831,3.0,0.05836,42.0,0.05837,3.0
1753531678691,12:07:58.691,BABY/USDT:USDT,0.05832,5.0,0.05831,3.0,0.05836,42.0,0.05837,3.0
1753531678816,12:07:58.816,BABY/USDT:USDT,0.05832,5.0,0.05831,3.0,0.05836,42.0,0.05837,3.0
1753531679039,12:07:59.039,BABY/USDT:USDT,0.05832,5.0,0.05831,3.0,0.05836,42.0,0.05837,3.0
1753531679577,12:07:59.577,BABY/USDT:USDT,0.05832,8.0,0.05831,3.0,0.05836,39.0,0.05837,3.0
1753531679660,12:07:59.660,BABY/USDT:USDT,0.05832,8.0,0.05831,3.0,0.05836,39.0,0.05837,3.0
1753531679712,12:07:59.712,BABY/USDT:USDT,0.05832,8.0,0.05831,3.0,0.05836,39.0,0.05837,3.0
1753531679783,12:07:59.783,BABY/USDT:USDT,0.05832,8.0,0.05831,3.0,0.05836,39.0,0.05837,3.0
1753531679897,12:07:59.897,BABY/USDT:USDT,0.05832,8.0,0.05831,3.0,0.05836,39.0,0.05837,3.0
1753531680049,12:08:00.049,BABY/USDT:USDT,0.05832,8.0,0.05831,3.0,0.05836,39.0,0.05837,3.0
1753531680157,12:08:00.157,BABY/USDT:USDT,0.05832,8.0,0.05831,3.0,0.05836,39.0,0.05837,3.0
1753531680347,12:08:00.347,BABY/USDT:USDT,0.05832,8.0,0.05831,3.0,0.05836,39.0,0.05837,3.0
1753531680479,12:08:00.479,BABY/USDT:USDT,0.05832,8.0,0.05831,3.0,0.05836,39.0,0.05837,3.0
1753531680531,12:08:00.531,BABY/USDT:USDT,0.05832,8.0,0.05831,3.0,0.05836,39.0,0.05837,3.0
1753531680649,12:08:00.649,BABY/USDT:USDT,0.05832,8.0,0.05831,3.0,0.05836,39.0,0.05837,3.0
1753531680744,12:08:00.744,BABY/USDT:USDT,0.05832,8.0,0.05831,3.0,0.05837,6.0,0.05838,37.0
1753531680860,12:08:00.860,BABY/USDT:USDT,0.05832,8.0,0.05831,3.0,0.05836,39.0,0.05837,6.0
1753531680940,12:08:00.940,BABY/USDT:USDT,0.05832,8.0,0.05831,3.0,0.05836,39.0,0.05837,6.0
1753531681267,12:08:01.267,BABY/USDT:USDT,0.05832,8.0,0.05831,3.0,0.05836,39.0,0.05837,6.0
1753531681679,12:08:01.679,BABY/USDT:USDT,0.05832,8.0,0.05831,3.0,0.05836,39.0,0.05837,6.0
1753531681770,12:08:01.770,BABY/USDT:USDT,0.05832,8.0,0.05831,3.0,0.05836,39.0,0.05837,6.0
1753531682177,12:08:02.177,BABY/USDT:USDT,0.05832,8.0,0.05831,3.0,0.05836,39.0,0.05837,6.0
1753531682250,12:08:02.250,BABY/USDT:USDT,0.05832,8.0,0.05831,3.0,0.05836,39.0,0.05837,6.0
1753531682575,12:08:02.575,BABY/USDT:USDT,0.05832,8.0,0.05831,3.0,0.05836,39.0,0.05837,6.0
1753531682835,12:08:02.835,BABY/USDT:USDT,0.05832,8.0,0.05831,3.0,0.05836,39.0,0.05837,6.0
1753531682932,12:08:02.932,BABY/USDT:USDT,0.05832,8.0,0.05831,3.0,0.05836,39.0,0.05837,6.0
1753531683112,12:08:03.112,BABY/USDT:USDT,0.05832,8.0,0.05831,3.0,0.05836,39.0,0.05837,6.0
1753531683202,12:08:03.202,BABY/USDT:USDT,0.05832,8.0,0.05831,3.0,0.05836,39.0,0.05837,6.0
1753531683368,12:08:03.368,BABY/USDT:USDT,0.05832,8.0,0.05831,3.0,0.05836,39.0,0.05837,6.0
1753531683457,12:08:03.457,BABY/USDT:USDT,0.05832,8.0,0.05831,3.0,0.05836,39.0,0.05837,6.0
1753531683544,12:08:03.544,BABY/USDT:USDT,0.05832,8.0,0.05831,3.0,0.05836,39.0,0.05837,6.0
1753531683586,12:08:03.586,BABY/USDT:USDT,0.05832,8.0,0.05831,3.0,0.05836,39.0,0.05837,6.0
1753531683753,12:08:03.753,BABY/USDT:USDT,0.05832,8.0,0.05831,3.0,0.05836,39.0,0.05837,6.0
1753531683841,12:08:03.841,BABY/USDT:USDT,0.05832,8.0,0.05831,3.0,0.05836,39.0,0.05837,6.0
1753531684577,12:08:04.577,BABY/USDT:USDT,0.05832,8.0,0.05831,3.0,0.05836,39.0,0.05837,6.0
1753531684639,12:08:04.639,BABY/USDT:USDT,0.05832,8.0,0.05831,3.0,0.05836,39.0,0.05837,6.0
1753531684751,12:08:04.751,BABY/USDT:USDT,0.05832,8.0,0.05831,3.0,0.05836,39.0,0.05837,6.0
1753531684833,12:08:04.833,BABY/USDT:USDT,0.05832,8.0,0.05831,3.0,0.05836,39.0,0.05837,6.0
1753531685227,12:08:05.227,BABY/USDT:USDT,0.05832,8.0,0.05831,3.0,0.05836,39.0,0.05837,6.0
1753531685321,12:08:05.321,BABY/USDT:USDT,0.05832,8.0,0.05831,3.0,0.05836,39.0,0.05837,6.0
1753531685467,12:08:05.467,BABY/USDT:USDT,0.05832,8.0,0.05831,3.0,0.05836,39.0,0.05837,6.0
1753531685665,12:08:05.665,BABY/USDT:USDT,0.05832,8.0,0.05831,3.0,0.05836,39.0,0.05837,6.0
1753531685855,12:08:05.855,BABY/USDT:USDT,0.05832,8.0,0.05831,3.0,0.05836,39.0,0.05837,6.0
1753531686002,12:08:06.002,BABY/USDT:USDT,0.05832,8.0,0.05831,3.0,0.05836,39.0,0.05837,6.0
1753531686202,12:08:06.202,BABY/USDT:USDT,0.05832,8.0,0.05831,3.0,0.05836,39.0,0.05837,6.0
1753531686292,12:08:06.292,BABY/USDT:USDT,0.05832,8.0,0.05831,3.0,0.05836,39.0,0.05837,6.0
1753531686706,12:08:06.706,BABY/USDT:USDT,0.05832,8.0,0.05831,3.0,0.05837,6.0,0.05838,37.0
1753531686958,12:08:06.958,BABY/USDT:USDT,0.05832,8.0,0.05831,3.0,0.05837,6.0,0.05838,37.0
1753531687249,12:08:07.249,BABY/USDT:USDT,0.05832,8.0,0.05831,3.0,0.05836,39.0,0.05837,6.0
1753531687344,12:08:07.344,BABY/USDT:USDT,0.05832,8.0,0.05831,3.0,0.05836,39.0,0.05837,6.0
1753531687515,12:08:07.515,BABY/USDT:USDT,0.05832,8.0,0.05831,3.0,0.05836,39.0,0.05837,6.0
1753531688061,12:08:08.061,BABY/USDT:USDT,0.05832,8.0,0.05831,3.0,0.05836,39.0,0.05837,6.0
1753531688096,12:08:08.096,BABY/USDT:USDT,0.05832,8.0,0.05831,3.0,0.05836,39.0,0.05837,6.0
1753531688245,12:08:08.245,BABY/USDT:USDT,0.05832,8.0,0.05831,3.0,0.05836,39.0,0.05837,6.0
1753531688315,12:08:08.315,BABY/USDT:USDT,0.05832,8.0,0.05831,3.0,0.05836,39.0,0.05837,6.0
1753531688457,12:08:08.457,BABY/USDT:USDT,0.05832,8.0,0.05831,3.0,0.05836,39.0,0.05837,6.0
1753531688574,12:08:08.574,BABY/USDT:USDT,0.05832,8.0,0.05831,3.0,0.05836,39.0,0.05837,6.0
1753531688666,12:08:08.666,BABY/USDT:USDT,0.05832,8.0,0.05831,3.0,0.05836,39.0,0.05837,6.0
1753531689223,12:08:09.223,BABY/USDT:USDT,0.05832,8.0,0.05831,3.0,0.05836,39.0,0.05837,6.0
1753531689321,12:08:09.321,BABY/USDT:USDT,0.05832,8.0,0.05831,3.0,0.05836,39.0,0.05837,6.0
1753531689456,12:08:09.456,BABY/USDT:USDT,0.05832,8.0,0.05831,3.0,0.05836,39.0,0.05837,6.0
1753531689583,12:08:09.583,BABY/USDT:USDT,0.05832,8.0,0.05831,3.0,0.05836,39.0,0.05837,6.0
1753531689765,12:08:09.765,BABY/USDT:USDT,0.05832,8.0,0.05831,3.0,0.05836,39.0,0.05837,6.0
1753531689921,12:08:09.921,BABY/USDT:USDT,0.05832,8.0,0.05831,3.0,0.05836,39.0,0.05837,6.0
1753531690139,12:08:10.139,BABY/USDT:USDT,0.05832,8.0,0.05831,3.0,0.05836,39.0,0.05837,6.0
1753531690189,12:08:10.189,BABY/USDT:USDT,0.05832,8.0,0.05831,3.0,0.05836,39.0,0.05837,6.0
1753531690346,12:08:10.346,BABY/USDT:USDT,0.05832,8.0,0.05831,3.0,0.05836,39.0,0.05837,6.0
1753531690461,12:08:10.461,BABY/USDT:USDT,0.05832,8.0,0.05831,3.0,0.05836,39.0,0.05837,6.0
1753531690975,12:08:10.975,BABY/USDT:USDT,0.05832,8.0,0.05831,3.0,0.05835,39.0,0.05837,40.0
1753531691076,12:08:11.076,BABY/USDT:USDT,0.05832,8.0,0.05831,3.0,0.05835,39.0,0.05837,40.0
1753531691090,12:08:11.090,BABY/USDT:USDT,0.05832,8.0,0.05831,3.0,0.05835,39.0,0.05837,40.0
1753531692278,12:08:12.278,BABY/USDT:USDT,0.05829,23.0,0.05828,158.0,0.05832,39.0,0.05833,45.0
1753531692372,12:08:12.372,BABY/USDT:USDT,0.05829,23.0,0.05828,20.0,0.05832,39.0,0.05833,6.0
1753531692449,12:08:12.449,BABY/USDT:USDT,0.05828,20.0,0.05825,581.0,0.05831,39.0,0.05833,6.0
1753531692508,12:08:12.508,BABY/USDT:USDT,0.05828,20.0,0.05825,581.0,0.05831,39.0,0.05833,6.0
1753531692654,12:08:12.654,BABY/USDT:USDT,0.05825,581.0,0.05823,17.0,0.05831,39.0,0.05833,3.0
1753531692740,12:08:12.740,BABY/USDT:USDT,0.05825,581.0,0.05823,17.0,0.05831,39.0,0.05833,37.0
1753531692879,12:08:12.879,BABY/USDT:USDT,0.05825,581.0,0.05823,17.0,0.05831,39.0,0.05833,37.0
1753531693076,12:08:13.076,BABY/USDT:USDT,0.05825,581.0,0.05823,17.0,0.05831,39.0,0.05833,37.0
1753531693114,12:08:13.114,BABY/USDT:USDT,0.05825,581.0,0.05823,17.0,0.05831,39.0,0.05833,37.0
1753531693363,12:08:13.363,BABY/USDT:USDT,0.05825,581.0,0.05823,17.0,0.05831,39.0,0.05833,37.0
1753531693466,12:08:13.466,BABY/USDT:USDT,0.05827,5.0,0.05826,3.0,0.05831,39.0,0.05833,37.0
1753531693579,12:08:13.579,BABY/USDT:USDT,0.05827,5.0,0.05826,3.0,0.05831,42.0,0.05833,34.0
1753531693580,12:08:13.580,BABY/USDT:USDT,0.05827,5.0,0.05826,3.0,0.05831,42.0,0.05833,34.0
1753531693765,12:08:13.765,BABY/USDT:USDT,0.05825,446.0,0.05823,17.0,0.05829,39.0,0.0583,20.0
1753531693879,12:08:13.879,BABY/USDT:USDT,0.05823,5.0,0.05822,141.0,0.05827,39.0,0.0583,20.0
1753531693979,12:08:13.979,BABY/USDT:USDT,0.05825,5.0,0.05822,138.0,0.05829,42.0,0.0583,20.0
1753531694066,12:08:14.066,BABY/USDT:USDT,0.05825,5.0,0.05823,20.0,0.05829,42.0,0.0583,20.0
1753531694165,12:08:14.165,BABY/USDT:USDT,0.05826,5.0,0.05825,3.0,0.0583,26.0,0.05831,54.0
1753531694275,12:08:14.275,BABY/USDT:USDT,0.05826,5.0,0.05825,3.0,0.0583,33.0,0.05831,54.0
1753531694371,12:08:14.371,BABY/USDT:USDT,0.05826,5.0,0.05825,3.0,0.0583,33.0,0.05831,54.0
1753531694462,12:08:14.462,BABY/USDT:USDT,0.05826,5.0,0.05825,3.0,0.0583,33.0,0.05831,54.0
1753531694547,12:08:14.547,BABY/USDT:USDT,0.05826,5.0,0.05825,3.0,0.0583,33.0,0.05831,54.0
1753531694679,12:08:14.679,BABY/USDT:USDT,0.05826,5.0,0.05825,3.0,0.0583,33.0,0.05831,54.0
1753531694680,12:08:14.680,BABY/USDT:USDT,0.05826,5.0,0.05825,3.0,0.0583,33.0,0.05831,54.0
1753531694890,12:08:14.890,BABY/USDT:USDT,0.05826,5.0,0.05825,3.0,0.0583,33.0,0.05831,54.0
1753531695057,12:08:15.057,BABY/USDT:USDT,0.05826,5.0,0.05825,6.0,0.0583,27.0,0.05831,57.0
1753531695108,12:08:15.108,BABY/USDT:USDT,0.05826,5.0,0.05825,6.0,0.0583,27.0,0.05831,57.0
1753531695233,12:08:15.233,BABY/USDT:USDT,0.05826,5.0,0.05825,6.0,0.0583,27.0,0.05831,57.0
1753531695465,12:08:15.465,BABY/USDT:USDT,0.05826,5.0,0.05825,6.0,0.0583,27.0,0.05831,60.0
1753531695569,12:08:15.569,BABY/USDT:USDT,0.05826,5.0,0.05825,6.0,0.0583,27.0,0.05831,60.0
1753531695675,12:08:15.675,BABY/USDT:USDT,0.05826,5.0,0.05825,6.0,0.0583,27.0,0.05831,60.0
1753531695730,12:08:15.730,BABY/USDT:USDT,0.05826,5.0,0.05825,6.0,0.0583,27.0,0.05831,60.0
1753531696043,12:08:16.043,BABY/USDT:USDT,0.05826,5.0,0.05825,6.0,0.0583,27.0,0.05831,60.0
1753531696087,12:08:16.087,BABY/USDT:USDT,0.05826,5.0,0.05825,6.0,0.0583,27.0,0.05831,60.0
1753531696213,12:08:16.213,BABY/USDT:USDT,0.05826,5.0,0.05825,6.0,0.0583,27.0,0.05831,60.0
1753531696626,12:08:16.626,BABY/USDT:USDT,0.05826,5.0,0.05825,6.0,0.0583,27.0,0.05831,60.0
1753531696847,12:08:16.847,BABY/USDT:USDT,0.05826,5.0,0.05825,6.0,0.0583,27.0,0.05831,60.0
1753531696901,12:08:16.901,BABY/USDT:USDT,0.05826,5.0,0.05825,6.0,0.0583,27.0,0.05831,60.0
1753531697353,12:08:17.353,BABY/USDT:USDT,0.05826,5.0,0.05825,6.0,0.0583,27.0,0.05831,60.0
1753531697423,12:08:17.423,BABY/USDT:USDT,0.05826,5.0,0.05825,6.0,0.0583,27.0,0.05831,60.0
1753531697675,12:08:17.675,BABY/USDT:USDT,0.05826,5.0,0.05825,6.0,0.0583,27.0,0.05831,60.0
1753531697758,12:08:17.758,BABY/USDT:USDT,0.05826,5.0,0.05825,6.0,0.0583,27.0,0.05831,60.0
1753531697802,12:08:17.802,BABY/USDT:USDT,0.05826,5.0,0.05825,6.0,0.0583,27.0,0.05831,60.0
1753531697934,12:08:17.934,BABY/USDT:USDT,0.05826,5.0,0.05825,6.0,0.0583,27.0,0.05831,60.0
1753531698099,12:08:18.099,BABY/USDT:USDT,0.05826,5.0,0.05825,6.0,0.0583,27.0,0.05831,60.0
1753531698198,12:08:18.198,BABY/USDT:USDT,0.05826,5.0,0.05825,6.0,0.0583,27.0,0.05831,60.0
1753531698461,12:08:18.461,BABY/USDT:USDT,0.05826,5.0,0.05825,6.0,0.0583,27.0,0.05831,60.0
1753531698596,12:08:18.596,BABY/USDT:USDT,0.05826,5.0,0.05825,6.0,0.0583,27.0,0.05831,60.0
1753531698697,12:08:18.697,BABY/USDT:USDT,0.05826,5.0,0.05825,6.0,0.0583,27.0,0.05831,60.0
1753531698811,12:08:18.811,BABY/USDT:USDT,0.05826,5.0,0.05825,6.0,0.0583,27.0,0.05831,60.0
1753531698950,12:08:18.950,BABY/USDT:USDT,0.05826,5.0,0.05825,6.0,0.0583,27.0,0.05831,60.0
1753531699009,12:08:19.009,BABY/USDT:USDT,0.05826,5.0,0.05825,6.0,0.0583,27.0,0.05831,60.0
1753531699268,12:08:19.268,BABY/USDT:USDT,0.05826,5.0,0.05825,6.0,0.0583,27.0,0.05831,60.0
1753531699321,12:08:19.321,BABY/USDT:USDT,0.05826,5.0,0.05825,6.0,0.0583,27.0,0.05831,60.0
1753531699386,12:08:19.386,BABY/USDT:USDT,0.05826,5.0,0.05825,6.0,0.0583,27.0,0.05831,60.0
1753531699491,12:08:19.491,BABY/USDT:USDT,0.05826,5.0,0.05825,6.0,0.0583,27.0,0.05831,60.0
1753531699648,12:08:19.648,BABY/USDT:USDT,0.05826,5.0,0.05825,6.0,0.0583,27.0,0.05831,60.0
1753531700009,12:08:20.009,BABY/USDT:USDT,0.05826,5.0,0.05825,6.0,0.0583,27.0,0.05831,60.0
1753531700244,12:08:20.244,BABY/USDT:USDT,0.05826,5.0,0.05825,6.0,0.0583,27.0,0.05831,60.0
1753531700345,12:08:20.345,BABY/USDT:USDT,0.05826,5.0,0.05825,6.0,0.0583,27.0,0.05831,60.0
1753531700442,12:08:20.442,BABY/USDT:USDT,0.05826,5.0,0.05825,6.0,0.0583,27.0,0.05831,60.0
1753531700572,12:08:20.572,BABY/USDT:USDT,0.05826,5.0,0.05825,6.0,0.0583,27.0,0.05831,60.0
1753531700646,12:08:20.646,BABY/USDT:USDT,0.05826,5.0,0.05825,6.0,0.0583,27.0,0.05831,60.0
1753531700742,12:08:20.742,BABY/USDT:USDT,0.05826,5.0,0.05825,6.0,0.0583,27.0,0.05831,60.0
1753531700875,12:08:20.875,BABY/USDT:USDT,0.05826,5.0,0.05825,6.0,0.0583,27.0,0.05831,60.0
1753531700958,12:08:20.958,BABY/USDT:USDT,0.05826,5.0,0.05825,6.0,0.0583,27.0,0.05831,60.0
1753531701006,12:08:21.006,BABY/USDT:USDT,0.05826,5.0,0.05825,6.0,0.0583,27.0,0.05831,60.0
1753531701090,12:08:21.090,BABY/USDT:USDT,0.05826,5.0,0.05825,6.0,0.0583,27.0,0.05831,60.0
1753531701377,12:08:21.377,BABY/USDT:USDT,0.05833,5.0,0.05831,138.0,0.05837,17.0,0.05838,51.0
1753531701472,12:08:21.472,BABY/USDT:USDT,0.05837,5.0,0.05832,20.0,0.05841,65.0,0.05845,17.0
1753531701559,12:08:21.559,BABY/USDT:USDT,0.05834,5.0,0.05833,6.0,0.05838,42.0,0.05841,20.0
1753531701676,12:08:21.676,BABY/USDT:USDT,0.05834,5.0,0.05833,6.0,0.05838,42.0,0.05841,54.0
1753531701706,12:08:21.706,BABY/USDT:USDT,0.05834,5.0,0.05833,6.0,0.05838,3.0,0.0584,34.0
1753531701866,12:08:21.866,BABY/USDT:USDT,0.05834,5.0,0.05833,6.0,0.05838,10.0,0.0584,34.0
1753531701978,12:08:21.978,BABY/USDT:USDT,0.05834,5.0,0.05833,6.0,0.05837,39.0,0.05838,10.0
1753531702075,12:08:22.075,BABY/USDT:USDT,0.05833,8.0,0.05832,20.0,0.05837,39.0,0.05838,3.0
1753531702160,12:08:22.160,BABY/USDT:USDT,0.05834,138.0,0.05832,26.0,0.05837,39.0,0.05838,3.0
1753531702264,12:08:22.264,BABY/USDT:USDT,0.05834,141.0,0.05833,3.0,0.05837,39.0,0.05839,34.0
1753531702282,12:08:22.282,BABY/USDT:USDT,0.05834,144.0,0.05833,6.0,0.05837,39.0,0.05839,34.0
1753531702493,12:08:22.493,BABY/USDT:USDT,0.05834,144.0,0.05833,6.0,0.05837,39.0,0.05839,34.0
1753531702867,12:08:22.867,BABY/USDT:USDT,0.05834,144.0,0.05833,6.0,0.05837,39.0,0.05839,34.0
1753531703042,12:08:23.042,BABY/USDT:USDT,0.05834,144.0,0.05833,6.0,0.05837,39.0,0.05839,34.0
1753531703093,12:08:23.093,BABY/USDT:USDT,0.05834,144.0,0.05833,6.0,0.05837,39.0,0.05839,34.0
1753531703354,12:08:23.354,BABY/USDT:USDT,0.05834,144.0,0.05833,6.0,0.05837,39.0,0.05839,34.0
1753531703499,12:08:23.499,BABY/USDT:USDT,0.05834,144.0,0.05833,6.0,0.05837,39.0,0.05839,34.0
1753531703740,12:08:23.740,BABY/USDT:USDT,0.05834,144.0,0.05833,6.0,0.05837,39.0,0.05838,3.0
1753531703805,12:08:23.805,BABY/USDT:USDT,0.05834,144.0,0.05833,6.0,0.05837,39.0,0.05838,3.0
1753531703964,12:08:23.964,BABY/USDT:USDT,0.05834,144.0,0.05833,6.0,0.05837,39.0,0.05838,3.0
1753531704020,12:08:24.020,BABY/USDT:USDT,0.05834,144.0,0.05833,6.0,0.05837,39.0,0.05838,3.0
1753531704391,12:08:24.391,BABY/USDT:USDT,0.05834,144.0,0.05833,6.0,0.05837,39.0,0.05838,3.0
1753531704556,12:08:24.556,BABY/USDT:USDT,0.05834,144.0,0.05833,6.0,0.05837,39.0,0.05838,3.0
1753531704669,12:08:24.669,BABY/USDT:USDT,0.05836,5.0,0.05834,141.0,0.05838,3.0,0.05839,3.0
1753531704770,12:08:24.770,BABY/USDT:USDT,0.05834,141.0,0.05833,3.0,0.05838,3.0,0.05839,3.0
1753531704865,12:08:24.865,BABY/USDT:USDT,0.05835,5.0,0.05834,141.0,0.05839,39.0,0.05841,54.0
1753531704949,12:08:24.949,BABY/USDT:USDT,0.05835,5.0,0.05834,141.0,0.05839,42.0,0.05841,54.0
1753531705022,12:08:25.022,BABY/USDT:USDT,0.05835,5.0,0.05834,141.0,0.05839,42.0,0.0584,3.0
1753531705166,12:08:25.166,BABY/USDT:USDT,0.05835,5.0,0.05834,141.0,0.05839,42.0,0.0584,3.0
1753531705252,12:08:25.252,BABY/USDT:USDT,0.05835,5.0,0.05834,141.0,0.05839,42.0,0.0584,3.0
1753531705371,12:08:25.371,BABY/USDT:USDT,0.05835,5.0,0.05834,141.0,0.05839,42.0,0.0584,3.0
1753531705415,12:08:25.415,BABY/USDT:USDT,0.05835,5.0,0.05834,144.0,0.05839,42.0,0.0584,3.0
1753531705490,12:08:25.490,BABY/USDT:USDT,0.05835,5.0,0.05834,144.0,0.05839,42.0,0.0584,3.0
1753531705679,12:08:25.679,BABY/USDT:USDT,0.05835,5.0,0.05834,144.0,0.05839,42.0,0.0584,3.0
1753531705947,12:08:25.947,BABY/USDT:USDT,0.05835,5.0,0.05834,144.0,0.05839,42.0,0.0584,3.0
1753531706062,12:08:26.062,BABY/USDT:USDT,0.05835,5.0,0.05834,144.0,0.05839,42.0,0.0584,3.0
1753531706123,12:08:26.123,BABY/USDT:USDT,0.05835,5.0,0.05834,144.0,0.05839,42.0,0.0584,3.0
1753531706279,12:08:26.279,BABY/USDT:USDT,0.05835,5.0,0.05834,144.0,0.05839,42.0,0.0584,3.0
1753531706299,12:08:26.299,BABY/USDT:USDT,0.05835,5.0,0.05834,144.0,0.05839,42.0,0.0584,3.0
1753531706406,12:08:26.406,BABY/USDT:USDT,0.05835,5.0,0.05834,144.0,0.05839,42.0,0.0584,3.0
1753531706646,12:08:26.646,BABY/USDT:USDT,0.05835,5.0,0.05834,144.0,0.05839,42.0,0.0584,3.0
1753531706747,12:08:26.747,BABY/USDT:USDT,0.05835,5.0,0.05834,144.0,0.05839,42.0,0.0584,3.0
1753531706852,12:08:26.852,BABY/USDT:USDT,0.05835,5.0,0.05834,144.0,0.05839,42.0,0.0584,3.0
1753531707078,12:08:27.078,BABY/USDT:USDT,0.05835,5.0,0.05834,144.0,0.05839,42.0,0.0584,3.0
1753531707134,12:08:27.134,BABY/USDT:USDT,0.05835,5.0,0.05834,144.0,0.05839,42.0,0.0584,3.0
1753531707277,12:08:27.277,BABY/USDT:USDT,0.05835,5.0,0.05834,144.0,0.05839,42.0,0.0584,3.0
1753531707478,12:08:27.478,BABY/USDT:USDT,0.05834,144.0,0.05833,3.0,0.05839,3.0,0.0584,37.0
1753531707521,12:08:27.521,BABY/USDT:USDT,0.05834,144.0,0.05833,3.0,0.05839,3.0,0.0584,37.0
1753531707634,12:08:27.634,BABY/USDT:USDT,0.05834,144.0,0.05833,3.0,0.05838,39.0,0.05839,3.0
1753531707715,12:08:27.715,BABY/USDT:USDT,0.05834,144.0,0.05833,3.0,0.05838,39.0,0.05839,3.0
1753531707821,12:08:27.821,BABY/USDT:USDT,0.05834,144.0,0.05833,3.0,0.05838,39.0,0.05839,3.0
1753531708008,12:08:28.008,BABY/USDT:USDT,0.05834,144.0,0.05833,3.0,0.05838,39.0,0.05839,3.0
1753531708145,12:08:28.145,BABY/USDT:USDT,0.05834,144.0,0.05833,3.0,0.05838,42.0,0.05839,3.0
1753531708249,12:08:28.249,BABY/USDT:USDT,0.05834,144.0,0.05833,3.0,0.05838,42.0,0.05839,3.0
1753531708299,12:08:28.299,BABY/USDT:USDT,0.05834,144.0,0.05833,3.0,0.05838,42.0,0.05839,3.0
1753531708536,12:08:28.536,BABY/USDT:USDT,0.05834,144.0,0.05833,3.0,0.05838,42.0,0.05839,3.0
1753531708635,12:08:28.635,BABY/USDT:USDT,0.05834,144.0,0.05833,3.0,0.05838,42.0,0.05839,3.0
1753531708840,12:08:28.840,BABY/USDT:USDT,0.05834,144.0,0.05833,3.0,0.05838,42.0,0.05839,3.0
1753531708901,12:08:28.901,BABY/USDT:USDT,0.05834,144.0,0.05833,3.0,0.05838,42.0,0.05839,3.0
1753531709080,12:08:29.080,BABY/USDT:USDT,0.05834,144.0,0.05833,3.0,0.05838,42.0,0.05839,3.0
1753531709342,12:08:29.342,BABY/USDT:USDT,0.05834,144.0,0.05833,3.0,0.05838,42.0,0.05839,3.0
1753531709565,12:08:29.565,BABY/USDT:USDT,0.05834,144.0,0.05833,3.0,0.05838,42.0,0.05839,3.0
1753531709672,12:08:29.672,BABY/USDT:USDT,0.05836,5.0,0.05834,144.0,0.05839,3.0,0.05841,54.0
1753531709736,12:08:29.736,BABY/USDT:USDT,0.05834,144.0,0.05833,3.0,0.05839,10.0,0.0584,3.0
1753531709855,12:08:29.855,BABY/USDT:USDT,0.05835,5.0,0.05834,144.0,0.05839,10.0,0.05841,54.0
1753531709883,12:08:29.883,BABY/USDT:USDT,0.05835,5.0,0.05834,144.0,0.05839,10.0,0.05841,54.0
1753531710367,12:08:30.367,BABY/USDT:USDT,0.05835,5.0,0.05834,144.0,0.05839,7.0,0.05841,54.0
1753531710467,12:08:30.467,BABY/USDT:USDT,0.05834,144.0,0.05833,3.0,0.05838,39.0,0.05839,6.0
1753531710508,12:08:30.508,BABY/USDT:USDT,0.05834,144.0,0.05833,3.0,0.05838,39.0,0.05839,3.0
1753531710677,12:08:30.677,BABY/USDT:USDT,0.05829,37.0,0.05828,138.0,0.05833,39.0,0.05834,42.0
1753531710758,12:08:30.758,BABY/USDT:USDT,0.05829,28.0,0.05826,20.0,0.05833,39.0,0.05835,3.0
1753531710876,12:08:30.876,BABY/USDT:USDT,0.05829,8.0,0.05826,20.0,0.05833,39.0,0.05835,3.0
1753531710963,12:08:30.963,BABY/USDT:USDT,0.05829,8.0,0.05826,20.0,0.05833,39.0,0.05835,3.0
1753531711002,12:08:31.002,BABY/USDT:USDT,0.05829,8.0,0.05826,20.0,0.05833,39.0,0.05835,3.0
1753531711113,12:08:31.113,BABY/USDT:USDT,0.05829,8.0,0.05826,20.0,0.05833,39.0,0.05835,3.0
1753531711209,12:08:31.209,BABY/USDT:USDT,0.05829,8.0,0.05826,20.0,0.05833,39.0,0.05835,3.0
1753531711306,12:08:31.306,BABY/USDT:USDT,0.05829,8.0,0.05826,20.0,0.05833,39.0,0.05835,37.0
1753531711407,12:08:31.407,BABY/USDT:USDT,0.05829,8.0,0.05826,20.0,0.05833,39.0,0.05835,37.0
1753531711679,12:08:31.679,BABY/USDT:USDT,0.0583,5.0,0.05829,3.0,0.05835,6.0,0.05836,34.0
1753531711774,12:08:31.774,BABY/USDT:USDT,0.05832,5.0,0.05831,3.0,0.05836,39.0,0.05837,141.0
1753531711864,12:08:31.864,BABY/USDT:USDT,0.05832,5.0,0.05831,3.0,0.05836,39.0,0.05837,141.0
1753531711906,12:08:31.906,BABY/USDT:USDT,0.05832,5.0,0.05831,3.0,0.05836,39.0,0.05837,141.0
1753531712062,12:08:32.062,BABY/USDT:USDT,0.05832,5.0,0.05831,3.0,0.05836,39.0,0.05837,141.0
1753531712217,12:08:32.217,BABY/USDT:USDT,0.05832,5.0,0.05831,3.0,0.05836,39.0,0.05837,141.0
1753531712481,12:08:32.481,BABY/USDT:USDT,0.05832,5.0,0.05831,3.0,0.05836,39.0,0.05837,141.0
1753531712601,12:08:32.601,BABY/USDT:USDT,0.05832,5.0,0.05831,3.0,0.05836,39.0,0.05837,3.0
1753531712853,12:08:32.853,BABY/USDT:USDT,0.05832,5.0,0.05831,3.0,0.05836,39.0,0.05837,3.0
1753531712935,12:08:32.935,BABY/USDT:USDT,0.05832,5.0,0.05831,3.0,0.05836,39.0,0.05837,6.0
1753531713066,12:08:33.066,BABY/USDT:USDT,0.05831,3.0,0.05828,20.0,0.05835,39.0,0.05837,6.0
1753531713126,12:08:33.126,BABY/USDT:USDT,0.05831,8.0,0.05828,20.0,0.05835,39.0,0.05836,35.0
1753531713262,12:08:33.262,BABY/USDT:USDT,0.05828,23.0,0.05826,37.0,0.05834,39.0,0.05835,3.0
1753531713341,12:08:33.341,BABY/USDT:USDT,0.05829,5.0,0.05828,6.0,0.05834,39.0,0.05835,3.0
1753531713459,12:08:33.459,BABY/USDT:USDT,0.05829,5.0,0.05828,6.0,0.05834,39.0,0.05835,3.0
1753531713739,12:08:33.739,BABY/USDT:USDT,0.05829,6.0,0.05828,6.0,0.05835,3.0,0.05836,38.0
1753531713845,12:08:33.845,BABY/USDT:USDT,0.05829,6.0,0.05828,6.0,0.05834,39.0,0.05835,23.0
1753531713880,12:08:33.880,BABY/USDT:USDT,0.05829,6.0,0.05828,6.0,0.05834,39.0,0.05835,23.0
1753531714152,12:08:34.152,BABY/USDT:USDT,0.05829,6.0,0.05828,6.0,0.05834,39.0,0.05835,23.0
1753531714443,12:08:34.443,BABY/USDT:USDT,0.0583,5.0,0.05829,1.0,0.05834,39.0,0.05835,26.0
1753531714573,12:08:34.573,BABY/USDT:USDT,0.0583,5.0,0.05828,3.0,0.05834,39.0,0.05835,26.0
1753531714657,12:08:34.657,BABY/USDT:USDT,0.0583,5.0,0.05828,3.0,0.05834,39.0,0.05835,26.0
1753531714862,12:08:34.862,BABY/USDT:USDT,0.0583,5.0,0.05828,3.0,0.05834,39.0,0.05835,26.0
1753531715006,12:08:35.006,BABY/USDT:USDT,0.0583,5.0,0.05828,3.0,0.05834,39.0,0.05835,26.0
1753531715149,12:08:35.149,BABY/USDT:USDT,0.0583,5.0,0.05828,3.0,0.05834,39.0,0.05835,26.0
1753531715253,12:08:35.253,BABY/USDT:USDT,0.0583,5.0,0.05828,3.0,0.05834,39.0,0.05835,26.0
1753531715363,12:08:35.363,BABY/USDT:USDT,0.0583,5.0,0.05828,3.0,0.05834,39.0,0.05835,26.0
1753531715458,12:08:35.458,BABY/USDT:USDT,0.0583,5.0,0.05828,3.0,0.05834,39.0,0.05835,26.0
1753531715550,12:08:35.550,BABY/USDT:USDT,0.0583,5.0,0.05828,3.0,0.05834,39.0,0.05835,26.0
1753531715663,12:08:35.663,BABY/USDT:USDT,0.0583,5.0,0.05828,3.0,0.05834,39.0,0.05835,26.0
1753531715766,12:08:35.766,BABY/USDT:USDT,0.0583,5.0,0.05828,3.0,0.05834,39.0,0.05835,26.0
1753531715862,12:08:35.862,BABY/USDT:USDT,0.0583,5.0,0.05828,3.0,0.05834,39.0,0.05835,26.0
1753531716016,12:08:36.016,BABY/USDT:USDT,0.0583,5.0,0.05828,3.0,0.05834,39.0,0.05835,26.0
1753531716359,12:08:36.359,BABY/USDT:USDT,0.0583,5.0,0.05828,3.0,0.05834,39.0,0.05835,26.0
1753531716476,12:08:36.476,BABY/USDT:USDT,0.0583,5.0,0.05828,3.0,0.05834,39.0,0.05835,26.0
1753531716567,12:08:36.567,BABY/USDT:USDT,0.05827,5.0,0.05826,40.0,0.05832,39.0,0.05833,3.0
1753531716671,12:08:36.671,BABY/USDT:USDT,0.05829,5.0,0.05828,3.0,0.05833,3.0,0.05835,55.0
1753531716737,12:08:36.737,BABY/USDT:USDT,0.05829,5.0,0.05828,3.0,0.05833,10.0,0.05835,55.0
1753531716835,12:08:36.835,BABY/USDT:USDT,0.05829,6.0,0.05828,3.0,0.05833,10.0,0.05835,55.0
1753531716934,12:08:36.934,BABY/USDT:USDT,0.05829,6.0,0.05828,3.0,0.05833,10.0,0.05835,55.0
1753531717009,12:08:37.009,BABY/USDT:USDT,0.05829,6.0,0.05828,3.0,0.05833,10.0,0.05835,55.0
1753531717152,12:08:37.152,BABY/USDT:USDT,0.0583,5.0,0.05828,3.0,0.05834,13.0,0.05835,58.0
1753531717201,12:08:37.201,BABY/USDT:USDT,0.0583,5.0,0.05828,3.0,0.05834,13.0,0.05835,58.0
1753531717576,12:08:37.576,BABY/USDT:USDT,0.0583,5.0,0.05828,3.0,0.05834,13.0,0.05835,58.0
1753531717653,12:08:37.653,BABY/USDT:USDT,0.0583,5.0,0.05828,3.0,0.05834,13.0,0.05835,58.0
1753531718050,12:08:38.050,BABY/USDT:USDT,0.0583,5.0,0.05828,3.0,0.05834,13.0,0.05835,58.0
1753531718109,12:08:38.109,BABY/USDT:USDT,0.0583,5.0,0.05828,3.0,0.05834,13.0,0.05835,58.0
1753531718230,12:08:38.230,BABY/USDT:USDT,0.0583,5.0,0.05828,3.0,0.05834,13.0,0.05835,58.0
1753531718442,12:08:38.442,BABY/USDT:USDT,0.0583,5.0,0.05826,37.0,0.05834,13.0,0.05835,58.0
1753531718799,12:08:38.799,BABY/USDT:USDT,0.0583,5.0,0.05826,37.0,0.05834,13.0,0.05835,58.0
1753531719079,12:08:39.079,BABY/USDT:USDT,0.0583,5.0,0.05826,20.0,0.05833,39.0,0.05834,6.0
1753531719145,12:08:39.145,BABY/USDT:USDT,0.05826,23.0,0.05825,155.0,0.05832,39.0,0.05834,3.0
1753531719278,12:08:39.278,BABY/USDT:USDT,0.05827,5.0,0.05826,24.0,0.05832,39.0,0.05834,38.0
1753531719335,12:08:39.335,BABY/USDT:USDT,0.05828,5.0,0.05826,23.0,0.05832,42.0,0.05834,35.0
1753531719446,12:08:39.446,BABY/USDT:USDT,0.05828,8.0,0.05827,3.0,0.05832,39.0,0.05834,35.0
1753531719745,12:08:39.745,BABY/USDT:USDT,0.05828,9.0,0.05827,3.0,0.05834,3.0,0.05835,20.0
1753531719808,12:08:39.808,BABY/USDT:USDT,0.05828,9.0,0.05827,3.0,0.05833,42.0,0.05834,3.0
1753531720005,12:08:40.005,BABY/USDT:USDT,0.05828,9.0,0.05827,3.0,0.05833,42.0,0.05834,3.0
1753531720270,12:08:40.270,BABY/USDT:USDT,0.05828,6.0,0.05826,20.0,0.05832,39.0,0.05833,42.0
1753531720340,12:08:40.340,BABY/USDT:USDT,0.05828,5.0,0.05826,20.0,0.05832,42.0,0.05833,6.0
1753531720462,12:08:40.462,BABY/USDT:USDT,0.05827,5.0,0.05826,23.0,0.05831,39.0,0.05832,3.0
1753531720572,12:08:40.572,BABY/USDT:USDT,0.05828,5.0,0.05826,26.0,0.05833,35.0,0.05834,173.0
1753531720621,12:08:40.621,BABY/USDT:USDT,0.05828,5.0,0.05826,26.0,0.05833,45.0,0.05834,138.0
1753531720758,12:08:40.758,BABY/USDT:USDT,0.05829,5.0,0.05826,26.0,0.05833,42.0,0.05834,138.0
1753531720810,12:08:40.810,BABY/USDT:USDT,0.05829,5.0,0.05826,26.0,0.05833,45.0,0.05834,141.0
1753531720943,12:08:40.943,BABY/USDT:USDT,0.05829,5.0,0.05826,26.0,0.05833,45.0,0.05834,141.0
1753531721032,12:08:41.032,BABY/USDT:USDT,0.05829,5.0,0.05826,26.0,0.05833,45.0,0.05834,141.0
1753531721168,12:08:41.168,BABY/USDT:USDT,0.05829,5.0,0.05826,26.0,0.05833,45.0,0.05834,141.0
1753531721246,12:08:41.246,BABY/USDT:USDT,0.05829,5.0,0.05826,26.0,0.05833,45.0,0.05834,141.0
1753531721309,12:08:41.309,BABY/USDT:USDT,0.05829,5.0,0.05826,26.0,0.05833,45.0,0.05834,141.0
1753531721476,12:08:41.476,BABY/USDT:USDT,0.05829,5.0,0.05826,26.0,0.05833,45.0,0.05834,141.0
1753531721548,12:08:41.548,BABY/USDT:USDT,0.05829,5.0,0.05826,26.0,0.05833,45.0,0.05834,141.0
1753531721677,12:08:41.677,BABY/USDT:USDT,0.05829,5.0,0.05826,26.0,0.05833,45.0,0.05834,141.0
1753531722250,12:08:42.250,BABY/USDT:USDT,0.05829,5.0,0.05826,26.0,0.05833,45.0,0.05834,141.0
1753531722303,12:08:42.303,BABY/USDT:USDT,0.05829,5.0,0.05826,26.0,0.05833,45.0,0.05834,141.0
1753531722522,12:08:42.522,BABY/USDT:USDT,0.05829,5.0,0.05826,26.0,0.05833,45.0,0.05834,141.0
1753531722604,12:08:42.604,BABY/USDT:USDT,0.05829,5.0,0.05828,6.0,0.05833,45.0,0.05834,3.0
1753531722718,12:08:42.718,BABY/USDT:USDT,0.05829,5.0,0.05828,6.0,0.05833,6.0,0.05834,3.0
1753531722856,12:08:42.856,BABY/USDT:USDT,0.05829,5.0,0.05828,6.0,0.05835,26.0,0.05836,55.0
1753531722947,12:08:42.947,BABY/USDT:USDT,0.05829,6.0,0.05828,6.0,0.05834,59.0,0.05835,26.0
1753531723058,12:08:43.058,BABY/USDT:USDT,0.05829,5.0,0.05828,6.0,0.05833,42.0,0.05834,23.0
1753531723148,12:08:43.148,BABY/USDT:USDT,0.05829,5.0,0.05828,6.0,0.05833,42.0,0.05834,23.0
1753531723317,12:08:43.317,BABY/USDT:USDT,0.05829,5.0,0.05828,6.0,0.05833,45.0,0.05834,26.0
1753531723456,12:08:43.456,BABY/USDT:USDT,0.05829,5.0,0.05828,6.0,0.05833,45.0,0.05834,26.0
1753531723561,12:08:43.561,BABY/USDT:USDT,0.05829,5.0,0.05828,6.0,0.05833,45.0,0.05834,26.0
1753531723584,12:08:43.584,BABY/USDT:USDT,0.05829,5.0,0.05828,6.0,0.05833,45.0,0.05834,26.0
1753531723713,12:08:43.713,BABY/USDT:USDT,0.05829,5.0,0.05828,6.0,0.05833,45.0,0.05834,26.0
1753531723806,12:08:43.806,BABY/USDT:USDT,0.05829,5.0,0.05828,6.0,0.05833,45.0,0.05834,26.0
1753531724008,12:08:44.008,BABY/USDT:USDT,0.05829,5.0,0.05828,6.0,0.05833,45.0,0.05834,26.0
1753531724135,12:08:44.135,BABY/USDT:USDT,0.05829,5.0,0.05828,6.0,0.05833,45.0,0.05834,26.0
1753531724227,12:08:44.227,BABY/USDT:USDT,0.05829,5.0,0.05828,6.0,0.05833,45.0,0.05834,26.0
1753531724565,12:08:44.565,BABY/USDT:USDT,0.05829,5.0,0.05828,6.0,0.05833,45.0,0.05834,26.0
1753531724757,12:08:44.757,BABY/USDT:USDT,0.05829,5.0,0.05828,6.0,0.05833,45.0,0.05834,26.0
1753531725262,12:08:45.262,BABY/USDT:USDT,0.05829,5.0,0.05828,6.0,0.05833,45.0,0.05834,26.0
1753531725412,12:08:45.412,BABY/USDT:USDT,0.05829,5.0,0.05828,6.0,0.05833,45.0,0.05834,26.0
1753531725536,12:08:45.536,BABY/USDT:USDT,0.05829,5.0,0.05828,6.0,0.05833,42.0,0.05834,23.0
1753531725672,12:08:45.672,BABY/USDT:USDT,0.05829,5.0,0.05828,6.0,0.05833,42.0,0.05834,23.0
1753531725755,12:08:45.755,BABY/USDT:USDT,0.05829,5.0,0.05828,6.0,0.05833,42.0,0.05834,23.0
1753531725800,12:08:45.800,BABY/USDT:USDT,0.05829,5.0,0.05828,6.0,0.05833,42.0,0.05834,23.0
1753531725906,12:08:45.906,BABY/USDT:USDT,0.05829,5.0,0.05828,6.0,0.05833,42.0,0.05834,23.0
1753531726002,12:08:46.002,BABY/USDT:USDT,0.05829,5.0,0.05828,6.0,0.05833,42.0,0.05834,23.0
1753531726467,12:08:46.467,BABY/USDT:USDT,0.05829,5.0,0.05828,6.0,0.05833,42.0,0.05834,23.0
1753531726535,12:08:46.535,BABY/USDT:USDT,0.05829,5.0,0.05828,6.0,0.05833,42.0,0.05834,23.0
1753531726654,12:08:46.654,BABY/USDT:USDT,0.05829,5.0,0.05828,6.0,0.05833,42.0,0.05834,23.0
1753531726813,12:08:46.813,BABY/USDT:USDT,0.05829,5.0,0.05828,6.0,0.05833,42.0,0.05834,23.0
1753531727032,12:08:47.032,BABY/USDT:USDT,0.05829,5.0,0.05828,6.0,0.05833,42.0,0.05834,23.0
1753531727278,12:08:47.278,BABY/USDT:USDT,0.05829,5.0,0.05828,6.0,0.05833,42.0,0.05834,23.0
1753531727566,12:08:47.566,BABY/USDT:USDT,0.0583,5.0,0.05828,6.0,0.05833,42.0,0.05834,23.0
1753531727665,12:08:47.665,BABY/USDT:USDT,0.0583,5.0,0.05828,6.0,0.05833,6.0,0.05834,23.0
1753531727736,12:08:47.736,BABY/USDT:USDT,0.0583,5.0,0.05828,6.0,0.05833,6.0,0.05834,23.0
1753531727853,12:08:47.853,BABY/USDT:USDT,0.0583,5.0,0.05828,6.0,0.05833,6.0,0.05834,23.0
1753531728299,12:08:48.299,BABY/USDT:USDT,0.0583,5.0,0.05828,6.0,0.05833,3.0,0.05834,23.0
1753531728431,12:08:48.431,BABY/USDT:USDT,0.0583,5.0,0.05828,6.0,0.05833,3.0,0.05834,26.0
1753531728635,12:08:48.635,BABY/USDT:USDT,0.0583,5.0,0.05828,6.0,0.05833,3.0,0.05834,26.0
1753531728747,12:08:48.747,BABY/USDT:USDT,0.0583,5.0,0.05828,6.0,0.05833,3.0,0.05834,26.0
1753531728846,12:08:48.846,BABY/USDT:USDT,0.0583,5.0,0.05828,6.0,0.05833,3.0,0.05834,26.0
1753531729045,12:08:49.045,BABY/USDT:USDT,0.0583,5.0,0.05828,6.0,0.05833,3.0,0.05834,26.0
1753531729173,12:08:49.173,BABY/USDT:USDT,0.0583,8.0,0.05828,3.0,0.05834,27.0,0.05835,55.0
1753531729267,12:08:49.267,BABY/USDT:USDT,0.0583,8.0,0.05828,3.0,0.05834,27.0,0.05835,55.0
1753531729562,12:08:49.562,BABY/USDT:USDT,0.0583,8.0,0.05828,3.0,0.05834,30.0,0.05835,55.0
1753531729675,12:08:49.675,BABY/USDT:USDT,0.0583,8.0,0.05828,3.0,0.05834,30.0,0.05835,55.0
1753531730063,12:08:50.063,BABY/USDT:USDT,0.0583,8.0,0.05828,3.0,0.05834,30.0,0.05835,55.0
1753531730146,12:08:50.146,BABY/USDT:USDT,0.0583,5.0,0.05828,3.0,0.05834,33.0,0.05835,55.0
1753531730369,12:08:50.369,BABY/USDT:USDT,0.0583,5.0,0.05826,37.0,0.05834,33.0,0.05835,55.0
1753531730451,12:08:50.451,BABY/USDT:USDT,0.0583,5.0,0.05826,37.0,0.05834,33.0,0.05835,55.0
1753531730520,12:08:50.520,BABY/USDT:USDT,0.0583,5.0,0.05826,37.0,0.05834,33.0,0.05835,55.0
1753531730647,12:08:50.647,BABY/USDT:USDT,0.0583,5.0,0.05826,37.0,0.05834,33.0,0.05835,55.0
1753531731072,12:08:51.072,BABY/USDT:USDT,0.0583,5.0,0.05826,37.0,0.05834,33.0,0.05835,55.0
1753531731157,12:08:51.157,BABY/USDT:USDT,0.0583,5.0,0.05826,37.0,0.05834,33.0,0.05835,55.0
1753531731313,12:08:51.313,BABY/USDT:USDT,0.0583,5.0,0.05826,37.0,0.05834,33.0,0.05835,55.0
1753531731710,12:08:51.710,BABY/USDT:USDT,0.0583,5.0,0.05826,37.0,0.05834,26.0,0.05835,55.0
1753531732168,12:08:52.168,BABY/USDT:USDT,0.0583,5.0,0.05826,37.0,0.05834,26.0,0.05835,55.0
1753531732309,12:08:52.309,BABY/USDT:USDT,0.0583,5.0,0.05826,37.0,0.05834,26.0,0.05835,55.0
1753531732676,12:08:52.676,BABY/USDT:USDT,0.0583,5.0,0.05826,37.0,0.05834,26.0,0.05835,55.0
1753531732772,12:08:52.772,BABY/USDT:USDT,0.0583,5.0,0.05826,37.0,0.05834,26.0,0.05835,55.0
1753531732865,12:08:52.865,BABY/USDT:USDT,0.0583,5.0,0.05826,37.0,0.05834,26.0,0.05835,55.0
1753531732977,12:08:52.977,BABY/USDT:USDT,0.0583,5.0,0.05826,37.0,0.05833,39.0,0.05834,26.0
1753531733061,12:08:53.061,BABY/USDT:USDT,0.05826,20.0,0.05825,155.0,0.05832,39.0,0.05834,23.0
1753531733174,12:08:53.174,BABY/USDT:USDT,0.05826,21.0,0.05825,155.0,0.05832,39.0,0.05834,58.0
1753531733269,12:08:53.269,BABY/USDT:USDT,0.05826,21.0,0.05825,155.0,0.05832,39.0,0.05834,58.0
1753531733362,12:08:53.362,BABY/USDT:USDT,0.05826,21.0,0.05825,155.0,0.05832,39.0,0.05834,58.0
1753531733462,12:08:53.462,BABY/USDT:USDT,0.05826,21.0,0.05825,155.0,0.05832,39.0,0.05834,58.0
1753531733578,12:08:53.578,BABY/USDT:USDT,0.05826,21.0,0.05825,20.0,0.05829,39.0,0.0583,39.0
1753531733679,12:08:53.679,BABY/USDT:USDT,0.05826,21.0,0.05824,20.0,0.05829,42.0,0.0583,6.0
1753531733767,12:08:53.767,BABY/USDT:USDT,0.05826,21.0,0.05824,20.0,0.05829,42.0,0.0583,6.0
1753531733870,12:08:53.870,BABY/USDT:USDT,0.05826,21.0,0.05824,20.0,0.05829,42.0,0.0583,6.0
1753531733969,12:08:53.969,BABY/USDT:USDT,0.05826,21.0,0.05824,20.0,0.05829,42.0,0.0583,6.0
1753531734069,12:08:54.069,BABY/USDT:USDT,0.05826,21.0,0.05824,20.0,0.05829,42.0,0.0583,6.0
1753531734110,12:08:54.110,BABY/USDT:USDT,0.05826,21.0,0.05824,20.0,0.05829,42.0,0.0583,6.0
1753531734223,12:08:54.223,BABY/USDT:USDT,0.05826,21.0,0.05824,20.0,0.05829,42.0,0.0583,6.0
1753531734338,12:08:54.338,BABY/USDT:USDT,0.05826,21.0,0.05824,20.0,0.05829,42.0,0.0583,6.0
1753531734430,12:08:54.430,BABY/USDT:USDT,0.05826,21.0,0.05824,20.0,0.05829,42.0,0.0583,6.0
1753531734559,12:08:54.559,BABY/USDT:USDT,0.05826,26.0,0.05824,20.0,0.05829,42.0,0.0583,6.0
1753531734678,12:08:54.678,BABY/USDT:USDT,0.05826,6.0,0.05823,20.0,0.05829,42.0,0.0583,6.0
1753531734740,12:08:54.740,BABY/USDT:USDT,0.05826,6.0,0.05823,20.0,0.05829,42.0,0.0583,6.0
1753531734862,12:08:54.862,BABY/USDT:USDT,0.05826,6.0,0.05823,20.0,0.05829,42.0,0.0583,6.0
1753531734888,12:08:54.888,BABY/USDT:USDT,0.05826,5.0,0.05823,20.0,0.05829,42.0,0.0583,6.0
1753531735005,12:08:55.005,BABY/USDT:USDT,0.05826,5.0,0.05823,20.0,0.05829,42.0,0.0583,6.0
1753531735120,12:08:55.120,BABY/USDT:USDT,0.05826,5.0,0.05823,20.0,0.05829,42.0,0.0583,6.0
1753531735240,12:08:55.240,BABY/USDT:USDT,0.05826,5.0,0.05823,20.0,0.05829,42.0,0.0583,6.0
1753531735472,12:08:55.472,BABY/USDT:USDT,0.05826,5.0,0.05823,20.0,0.05829,42.0,0.0583,6.0
1753531735669,12:08:55.669,BABY/USDT:USDT,0.05826,5.0,0.05823,20.0,0.05829,42.0,0.0583,6.0
1753531735986,12:08:55.986,BABY/USDT:USDT,0.05826,5.0,0.05823,20.0,0.05829,42.0,0.0583,6.0
1753531736135,12:08:56.135,BABY/USDT:USDT,0.05826,5.0,0.05823,20.0,0.05829,42.0,0.0583,6.0
1753531736211,12:08:56.211,BABY/USDT:USDT,0.05826,5.0,0.05823,20.0,0.05829,42.0,0.0583,6.0
1753531736419,12:08:56.419,BABY/USDT:USDT,0.05826,5.0,0.05823,20.0,0.05829,42.0,0.0583,6.0
1753531736503,12:08:56.503,BABY/USDT:USDT,0.05826,5.0,0.05823,20.0,0.05829,42.0,0.0583,6.0
1753531736659,12:08:56.659,BABY/USDT:USDT,0.05823,20.0,0.05822,602.0,0.05828,39.0,0.05831,35.0
1753531736735,12:08:56.735,BABY/USDT:USDT,0.05823,20.0,0.05822,602.0,0.05828,39.0,0.0583,35.0
1753531736804,12:08:56.804,BABY/USDT:USDT,0.05823,20.0,0.05822,602.0,0.05828,39.0,0.0583,35.0
1753531736957,12:08:56.957,BABY/USDT:USDT,0.05823,20.0,0.05822,602.0,0.05828,39.0,0.0583,35.0
1753531737261,12:08:57.261,BABY/USDT:USDT,0.05824,8.0,0.05823,20.0,0.05828,39.0,0.0583,35.0
1753531737574,12:08:57.574,BABY/USDT:USDT,0.05824,8.0,0.05823,20.0,0.05828,39.0,0.0583,35.0
1753531737764,12:08:57.764,BABY/USDT:USDT,0.05824,8.0,0.05823,20.0,0.05831,39.0,0.05832,20.0
1753531737809,12:08:57.809,BABY/USDT:USDT,0.05824,8.0,0.05823,20.0,0.05831,59.0,0.05832,20.0
1753531737971,12:08:57.971,BABY/USDT:USDT,0.05825,25.0,0.05824,3.0,0.05831,59.0,0.05832,20.0
1753531738077,12:08:58.077,BABY/USDT:USDT,0.05827,5.0,0.05825,20.0,0.05831,65.0,0.05832,20.0
1753531738178,12:08:58.178,BABY/USDT:USDT,0.05827,5.0,0.05825,20.0,0.0583,39.0,0.05831,6.0
1753531738214,12:08:58.214,BABY/USDT:USDT,0.05827,5.0,0.05825,20.0,0.0583,39.0,0.05831,6.0
1753531738374,12:08:58.374,BABY/USDT:USDT,0.05827,5.0,0.05825,20.0,0.0583,39.0,0.05831,6.0
1753531738437,12:08:58.437,BABY/USDT:USDT,0.05827,5.0,0.05825,20.0,0.0583,39.0,0.05831,6.0
1753531738485,12:08:58.485,BABY/USDT:USDT,0.05827,5.0,0.05825,20.0,0.0583,39.0,0.05831,6.0
1753531738581,12:08:58.581,BABY/USDT:USDT,0.05827,5.0,0.05825,20.0,0.0583,39.0,0.05831,6.0
1753531738723,12:08:58.723,BABY/USDT:USDT,0.05827,5.0,0.05825,20.0,0.0583,39.0,0.05831,6.0
1753531738842,12:08:58.842,BABY/USDT:USDT,0.05827,5.0,0.05825,20.0,0.0583,39.0,0.05831,6.0
1753531738916,12:08:58.916,BABY/USDT:USDT,0.05827,5.0,0.05825,20.0,0.0583,39.0,0.05831,6.0
1753531739061,12:08:59.061,BABY/USDT:USDT,0.05826,5.0,0.05825,23.0,0.05829,39.0,0.05831,3.0
1753531739123,12:08:59.123,BABY/USDT:USDT,0.05826,5.0,0.05825,23.0,0.05829,39.0,0.05831,38.0
1753531739261,12:08:59.261,BABY/USDT:USDT,0.05826,5.0,0.05825,23.0,0.05829,39.0,0.05831,38.0
1753531739338,12:08:59.338,BABY/USDT:USDT,0.05826,5.0,0.05825,20.0,0.05829,39.0,0.05831,38.0
1753531739678,12:08:59.678,BABY/USDT:USDT,0.05826,5.0,0.05825,20.0,0.05829,39.0,0.05831,38.0
1753531739678,12:08:59.678,BABY/USDT:USDT,0.05826,5.0,0.05825,20.0,0.05829,39.0,0.05831,38.0
1753531740040,12:09:00.040,BABY/USDT:USDT,0.05826,5.0,0.05825,20.0,0.05829,39.0,0.05831,38.0
1753531740096,12:09:00.096,BABY/USDT:USDT,0.05826,5.0,0.05825,20.0,0.05829,39.0,0.05831,38.0
1753531740756,12:09:00.756,BABY/USDT:USDT,0.05826,5.0,0.05825,20.0,0.05831,6.0,0.05832,55.0
1753531740839,12:09:00.839,BABY/USDT:USDT,0.05826,5.0,0.05825,20.0,0.0583,39.0,0.05831,6.0
1753531741714,12:09:01.714,BABY/USDT:USDT,0.05826,5.0,0.05825,20.0,0.0583,39.0,0.05831,6.0
1753531741838,12:09:01.838,BABY/USDT:USDT,0.05826,5.0,0.05825,20.0,0.0583,39.0,0.05831,6.0
1753531742665,12:09:02.665,BABY/USDT:USDT,0.05826,5.0,0.05825,20.0,0.0583,39.0,0.05831,6.0
1753531742716,12:09:02.716,BABY/USDT:USDT,0.05826,5.0,0.05825,20.0,0.0583,39.0,0.05831,6.0
1753531742858,12:09:02.858,BABY/USDT:USDT,0.05826,5.0,0.05825,20.0,0.0583,39.0,0.05831,3.0
1753531742935,12:09:02.935,BABY/USDT:USDT,0.05826,5.0,0.05825,20.0,0.0583,39.0,0.05831,3.0
1753531743327,12:09:03.327,BABY/USDT:USDT,0.05826,5.0,0.05825,20.0,0.0583,39.0,0.05831,3.0
1753531743642,12:09:03.642,BABY/USDT:USDT,0.05826,5.0,0.05825,20.0,0.0583,39.0,0.05831,3.0
1753531744007,12:09:04.007,BABY/USDT:USDT,0.05826,5.0,0.05825,20.0,0.0583,39.0,0.05831,3.0
1753531744176,12:09:04.176,BABY/USDT:USDT,0.05826,5.0,0.05825,20.0,0.0583,42.0,0.05831,3.0
1753531744181,12:09:04.181,BABY/USDT:USDT,0.05826,5.0,0.05825,20.0,0.0583,42.0,0.05831,3.0
1753531744463,12:09:04.463,BABY/USDT:USDT,0.05826,5.0,0.05825,20.0,0.0583,42.0,0.05831,3.0
1753531744542,12:09:04.542,BABY/USDT:USDT,0.05826,5.0,0.05825,20.0,0.0583,42.0,0.05831,3.0
1753531744967,12:09:04.967,BABY/USDT:USDT,0.05826,5.0,0.05825,20.0,0.0583,42.0,0.05831,3.0
1753531745079,12:09:05.079,BABY/USDT:USDT,0.05826,5.0,0.05825,20.0,0.0583,42.0,0.05831,3.0
1753531745258,12:09:05.258,BABY/USDT:USDT,0.05826,5.0,0.05825,20.0,0.0583,42.0,0.05831,3.0
1753531745377,12:09:05.377,BABY/USDT:USDT,0.05826,5.0,0.05825,20.0,0.0583,42.0,0.05831,3.0
1753531745446,12:09:05.446,BABY/USDT:USDT,0.05826,5.0,0.05825,20.0,0.0583,39.0,0.05831,3.0
1753531745602,12:09:05.602,BABY/USDT:USDT,0.05826,5.0,0.05825,20.0,0.0583,39.0,0.05831,3.0
1753531745804,12:09:05.804,BABY/USDT:USDT,0.05826,5.0,0.05825,20.0,0.0583,39.0,0.05831,3.0
1753531746025,12:09:06.025,BABY/USDT:USDT,0.05826,5.0,0.05825,20.0,0.0583,39.0,0.05831,3.0
1753531746122,12:09:06.122,BABY/USDT:USDT,0.05826,5.0,0.05825,20.0,0.0583,39.0,0.05831,3.0
1753531746250,12:09:06.250,BABY/USDT:USDT,0.05826,5.0,0.05825,20.0,0.0583,39.0,0.05831,3.0
1753531746311,12:09:06.311,BABY/USDT:USDT,0.05826,5.0,0.05825,20.0,0.0583,39.0,0.05831,3.0
1753531746605,12:09:06.605,BABY/USDT:USDT,0.05826,5.0,0.05825,20.0,0.0583,39.0,0.05831,3.0
1753531746737,12:09:06.737,BABY/USDT:USDT,0.05826,5.0,0.05825,20.0,0.0583,39.0,0.05831,3.0
1753531746822,12:09:06.822,BABY/USDT:USDT,0.05826,5.0,0.05825,20.0,0.0583,39.0,0.05831,3.0
1753531747073,12:09:07.073,BABY/USDT:USDT,0.05825,25.0,0.05824,3.0,0.05828,39.0,0.05831,38.0
1753531747141,12:09:07.141,BABY/USDT:USDT,0.05826,5.0,0.05825,20.0,0.0583,39.0,0.05831,3.0
1753531747257,12:09:07.257,BABY/USDT:USDT,0.05826,8.0,0.05825,20.0,0.0583,39.0,0.05831,3.0
1753531747334,12:09:07.334,BABY/USDT:USDT,0.05826,8.0,0.05825,20.0,0.0583,39.0,0.05831,3.0
1753531747512,12:09:07.512,BABY/USDT:USDT,0.05826,8.0,0.05825,20.0,0.0583,39.0,0.05831,3.0
1753531748080,12:09:08.080,BABY/USDT:USDT,0.05826,5.0,0.05825,20.0,0.0583,39.0,0.05831,3.0
1753531748179,12:09:08.179,BABY/USDT:USDT,0.05826,5.0,0.05825,20.0,0.0583,39.0,0.05831,3.0
1753531748246,12:09:08.246,BABY/USDT:USDT,0.05826,5.0,0.05825,20.0,0.0583,39.0,0.05831,3.0
1753531748451,12:09:08.451,BABY/USDT:USDT,0.05826,5.0,0.05825,20.0,0.0583,39.0,0.05831,3.0
1753531748516,12:09:08.516,BABY/USDT:USDT,0.05826,5.0,0.05825,20.0,0.0583,39.0,0.05831,3.0
1753531748674,12:09:08.674,BABY/USDT:USDT,0.05826,11.0,0.05825,20.0,0.0583,39.0,0.05831,3.0
1753531748729,12:09:08.729,BABY/USDT:USDT,0.05826,11.0,0.05825,20.0,0.0583,39.0,0.05831,3.0
1753531748818,12:09:08.818,BABY/USDT:USDT,0.05826,11.0,0.05825,20.0,0.0583,39.0,0.05831,3.0
1753531749137,12:09:09.137,BABY/USDT:USDT,0.05826,11.0,0.05825,20.0,0.0583,39.0,0.05831,3.0
1753531749263,12:09:09.263,BABY/USDT:USDT,0.05826,11.0,0.05825,20.0,0.0583,39.0,0.05831,3.0
1753531749366,12:09:09.366,BABY/USDT:USDT,0.05826,8.0,0.05825,20.0,0.0583,39.0,0.05831,3.0
1753531749440,12:09:09.440,BABY/USDT:USDT,0.05826,8.0,0.05823,37.0,0.0583,39.0,0.05831,3.0
1753531749542,12:09:09.542,BABY/USDT:USDT,0.05826,8.0,0.05823,37.0,0.0583,39.0,0.05831,3.0
1753531749691,12:09:09.691,BABY/USDT:USDT,0.05826,8.0,0.05823,37.0,0.05831,3.0,0.05832,55.0
1753531749853,12:09:09.853,BABY/USDT:USDT,0.05826,8.0,0.05823,37.0,0.05831,3.0,0.05832,55.0
1753531750210,12:09:10.210,BABY/USDT:USDT,0.05826,8.0,0.05823,37.0,0.05831,3.0,0.05832,55.0
1753531750289,12:09:10.289,BABY/USDT:USDT,0.05826,8.0,0.05823,37.0,0.05831,6.0,0.05832,55.0
1753531750429,12:09:10.429,BABY/USDT:USDT,0.05826,8.0,0.05823,37.0,0.05831,6.0,0.05832,55.0
1753531750499,12:09:10.499,BABY/USDT:USDT,0.05826,8.0,0.05823,37.0,0.05831,6.0,0.05832,55.0
1753531750596,12:09:10.596,BABY/USDT:USDT,0.05826,8.0,0.05823,37.0,0.05831,6.0,0.05832,55.0
1753531750766,12:09:10.766,BABY/USDT:USDT,0.05826,8.0,0.05823,37.0,0.05831,6.0,0.05832,55.0
1753531750847,12:09:10.847,BABY/USDT:USDT,0.05826,8.0,0.05823,37.0,0.05831,6.0,0.05832,55.0
1753531750976,12:09:10.976,BABY/USDT:USDT,0.05823,20.0,0.05822,599.0,0.05828,39.0,0.05829,42.0
1753531751060,12:09:11.060,BABY/USDT:USDT,0.05823,26.0,0.05822,444.0,0.05827,39.0,0.05829,3.0
1753531751173,12:09:11.173,BABY/USDT:USDT,0.05823,25.0,0.05822,444.0,0.05827,39.0,0.05829,38.0
1753531751252,12:09:11.252,BABY/USDT:USDT,0.05823,25.0,0.05822,444.0,0.05827,39.0,0.05829,38.0
1753531751356,12:09:11.356,BABY/USDT:USDT,0.05823,25.0,0.05822,444.0,0.05827,39.0,0.05829,38.0
1753531751445,12:09:11.445,BABY/USDT:USDT,0.05823,25.0,0.05822,444.0,0.05827,39.0,0.05829,38.0
1753531751615,12:09:11.615,BABY/USDT:USDT,0.05823,25.0,0.05822,444.0,0.05827,39.0,0.05829,38.0
1753531751724,12:09:11.724,BABY/USDT:USDT,0.05823,25.0,0.05822,444.0,0.05827,39.0,0.05829,38.0
1753531752009,12:09:12.009,BABY/USDT:USDT,0.05823,25.0,0.05822,444.0,0.05827,39.0,0.05829,38.0
1753531752139,12:09:12.139,BABY/USDT:USDT,0.05823,25.0,0.05822,444.0,0.05827,39.0,0.05829,38.0
1753531752315,12:09:12.315,BABY/USDT:USDT,0.05823,25.0,0.05822,444.0,0.05827,39.0,0.05829,38.0
1753531752451,12:09:12.451,BABY/USDT:USDT,0.05823,25.0,0.05822,444.0,0.05827,39.0,0.05829,38.0
1753531752662,12:09:12.662,BABY/USDT:USDT,0.05823,25.0,0.05822,444.0,0.05827,39.0,0.05829,38.0
1753531752748,12:09:12.748,BABY/USDT:USDT,0.05823,25.0,0.05822,444.0,0.05827,39.0,0.05829,38.0
1753531752875,12:09:12.875,BABY/USDT:USDT,0.05823,25.0,0.05822,444.0,0.05827,39.0,0.05829,38.0
1753531753049,12:09:13.049,BABY/USDT:USDT,0.05823,25.0,0.05822,444.0,0.05827,39.0,0.05829,38.0
1753531753177,12:09:13.177,BABY/USDT:USDT,0.05823,28.0,0.05822,444.0,0.05827,39.0,0.05829,38.0
1753531753236,12:09:13.236,BABY/USDT:USDT,0.05823,28.0,0.05822,444.0,0.05827,39.0,0.05829,38.0
1753531753392,12:09:13.392,BABY/USDT:USDT,0.05823,28.0,0.05822,444.0,0.05827,39.0,0.05829,38.0
1753531753500,12:09:13.500,BABY/USDT:USDT,0.05823,28.0,0.05822,444.0,0.05827,39.0,0.05829,38.0
1753531753733,12:09:13.733,BABY/USDT:USDT,0.05823,28.0,0.05822,444.0,0.05827,39.0,0.05829,38.0
1753531753795,12:09:13.795,BABY/USDT:USDT,0.05823,28.0,0.05822,444.0,0.05827,39.0,0.05829,38.0
1753531753897,12:09:13.897,BABY/USDT:USDT,0.05823,28.0,0.05822,444.0,0.05827,39.0,0.05829,38.0
1753531754063,12:09:14.063,BABY/USDT:USDT,0.05823,28.0,0.05822,444.0,0.05827,39.0,0.05829,38.0
1753531754251,12:09:14.251,BABY/USDT:USDT,0.05823,28.0,0.05822,444.0,0.05827,42.0,0.05829,35.0
1753531754349,12:09:14.349,BABY/USDT:USDT,0.05823,28.0,0.05822,444.0,0.05827,42.0,0.05829,35.0
1753531754531,12:09:14.531,BABY/USDT:USDT,0.05823,28.0,0.05822,444.0,0.05827,42.0,0.05829,35.0
1753531754854,12:09:14.854,BABY/USDT:USDT,0.05823,28.0,0.05822,444.0,0.05827,42.0,0.05829,35.0
1753531754892,12:09:14.892,BABY/USDT:USDT,0.05823,28.0,0.05822,444.0,0.05827,42.0,0.05829,35.0
1753531755143,12:09:15.143,BABY/USDT:USDT,0.05823,28.0,0.05822,444.0,0.05827,42.0,0.05829,35.0
1753531755402,12:09:15.402,BABY/USDT:USDT,0.05823,28.0,0.05822,444.0,0.05827,42.0,0.05829,35.0
1753531755569,12:09:15.569,BABY/USDT:USDT,0.05823,28.0,0.05822,444.0,0.05827,42.0,0.05829,35.0
1753531755630,12:09:15.630,BABY/USDT:USDT,0.05823,28.0,0.05822,444.0,0.05827,42.0,0.05829,35.0
1753531755774,12:09:15.774,BABY/USDT:USDT,0.05823,28.0,0.05822,444.0,0.05827,42.0,0.05829,35.0
1753531756062,12:09:16.062,BABY/USDT:USDT,0.05823,20.0,0.05822,444.0,0.05826,39.0,0.05827,6.0
1753531756162,12:09:16.162,BABY/USDT:USDT,0.05823,20.0,0.05821,20.0,0.05826,39.0,0.05827,6.0
1753531756268,12:09:16.268,BABY/USDT:USDT,0.05823,20.0,0.05821,20.0,0.05826,39.0,0.05827,6.0
1753531756363,12:09:16.363,BABY/USDT:USDT,0.0582,20.0,0.05819,1815.0,0.05826,39.0,0.05827,6.0
1753531756406,12:09:16.406,BABY/USDT:USDT,0.0582,20.0,0.05819,1815.0,0.05826,39.0,0.05827,3.0
1753531756521,12:09:16.521,BABY/USDT:USDT,0.05821,25.0,0.0582,20.0,0.05826,39.0,0.05827,3.0
1753531756744,12:09:16.744,BABY/USDT:USDT,0.05821,28.0,0.0582,20.0,0.05825,42.0,0.05828,35.0
1753531756866,12:09:16.866,BABY/USDT:USDT,0.05821,28.0,0.0582,20.0,0.05825,42.0,0.05827,35.0
1753531756978,12:09:16.978,BABY/USDT:USDT,0.05821,28.0,0.0582,20.0,0.05825,42.0,0.05827,35.0
1753531757005,12:09:17.005,BABY/USDT:USDT,0.05821,28.0,0.0582,20.0,0.05825,42.0,0.05827,35.0
1753531757158,12:09:17.158,BABY/USDT:USDT,0.05821,28.0,0.0582,20.0,0.05825,42.0,0.05827,35.0
1753531757271,12:09:17.271,BABY/USDT:USDT,0.05821,28.0,0.0582,20.0,0.05825,42.0,0.05827,35.0
1753531757351,12:09:17.351,BABY/USDT:USDT,0.05821,28.0,0.0582,20.0,0.05825,42.0,0.05827,35.0
1753531757424,12:09:17.424,BABY/USDT:USDT,0.05821,28.0,0.0582,20.0,0.05825,42.0,0.05827,35.0
1753531757662,12:09:17.662,BABY/USDT:USDT,0.05821,23.0,0.0582,20.0,0.05823,39.0,0.05825,3.0
1753531757723,12:09:17.723,BABY/USDT:USDT,0.05821,23.0,0.0582,23.0,0.05823,39.0,0.05825,3.0
1753531757858,12:09:17.858,BABY/USDT:USDT,0.05821,23.0,0.0582,23.0,0.05825,3.0,0.05826,55.0
1753531757914,12:09:17.914,BABY/USDT:USDT,0.05821,23.0,0.0582,23.0,0.05825,3.0,0.05826,55.0
1753531758060,12:09:18.060,BABY/USDT:USDT,0.05821,20.0,0.0582,20.0,0.05824,39.0,0.05825,6.0
1753531758179,12:09:18.179,BABY/USDT:USDT,0.05821,20.0,0.0582,20.0,0.05824,39.0,0.05825,6.0
1753531758372,12:09:18.372,BABY/USDT:USDT,0.05817,20.0,0.05816,581.0,0.05823,39.0,0.05824,39.0
1753531758432,12:09:18.432,BABY/USDT:USDT,0.05817,20.0,0.05816,581.0,0.05823,39.0,0.05825,38.0
1753531758532,12:09:18.532,BABY/USDT:USDT,0.05817,20.0,0.05816,581.0,0.05823,39.0,0.05825,38.0
1753531758593,12:09:18.593,BABY/USDT:USDT,0.05817,20.0,0.05816,581.0,0.05823,39.0,0.05825,38.0
1753531758843,12:09:18.843,BABY/USDT:USDT,0.05817,20.0,0.05816,581.0,0.05823,39.0,0.05825,38.0
1753531758948,12:09:18.948,BABY/USDT:USDT,0.05817,20.0,0.05816,581.0,0.05823,39.0,0.05825,38.0
1753531759047,12:09:19.047,BABY/USDT:USDT,0.05819,5.0,0.05818,20.0,0.05825,138.0,0.05826,55.0
1753531759144,12:09:19.144,BABY/USDT:USDT,0.05819,5.0,0.05818,20.0,0.05824,45.0,0.05825,138.0
1753531759423,12:09:19.423,BABY/USDT:USDT,0.05819,5.0,0.05818,20.0,0.05824,45.0,0.05825,138.0
1753531759854,12:09:19.854,BABY/USDT:USDT,0.05819,5.0,0.05818,20.0,0.05823,39.0,0.05824,38.0
1753531759912,12:09:19.912,BABY/USDT:USDT,0.05819,5.0,0.05818,20.0,0.05823,39.0,0.05824,38.0
1753531760144,12:09:20.144,BABY/USDT:USDT,0.05819,11.0,0.05818,20.0,0.05823,39.0,0.05824,38.0
1753531760249,12:09:20.249,BABY/USDT:USDT,0.05819,11.0,0.05818,20.0,0.05823,39.0,0.05824,38.0
1753531760318,12:09:20.318,BABY/USDT:USDT,0.05819,11.0,0.05817,20.0,0.05823,39.0,0.05824,38.0
1753531760576,12:09:20.576,BABY/USDT:USDT,0.05819,11.0,0.05817,20.0,0.05823,39.0,0.05824,38.0
1753531760671,12:09:20.671,BABY/USDT:USDT,0.05819,11.0,0.05817,20.0,0.05823,39.0,0.05824,38.0
1753531761161,12:09:21.161,BABY/USDT:USDT,0.05819,11.0,0.05817,20.0,0.05823,39.0,0.05824,38.0
1753531761307,12:09:21.307,BABY/USDT:USDT,0.05819,31.0,0.05817,20.0,0.05823,39.0,0.05824,38.0
1753531761463,12:09:21.463,BABY/USDT:USDT,0.05819,31.0,0.05817,20.0,0.05823,39.0,0.05824,38.0
1753531761495,12:09:21.495,BABY/USDT:USDT,0.05819,31.0,0.05817,20.0,0.05823,39.0,0.05824,38.0
1753531761651,12:09:21.651,BABY/USDT:USDT,0.05819,31.0,0.05817,20.0,0.05823,39.0,0.05824,38.0
1753531761804,12:09:21.804,BABY/USDT:USDT,0.05819,31.0,0.05817,20.0,0.05823,39.0,0.05824,38.0
1753531761910,12:09:21.910,BABY/USDT:USDT,0.05819,31.0,0.05817,20.0,0.05823,39.0,0.05824,38.0
1753531762061,12:09:22.061,BABY/USDT:USDT,0.05819,31.0,0.05817,20.0,0.05823,39.0,0.05824,38.0
1753531762177,12:09:22.177,BABY/USDT:USDT,0.05819,31.0,0.05817,20.0,0.05823,39.0,0.05824,38.0
1753531762266,12:09:22.266,BABY/USDT:USDT,0.05819,31.0,0.05817,20.0,0.05823,39.0,0.05824,38.0
1753531762341,12:09:22.341,BABY/USDT:USDT,0.05819,31.0,0.05817,20.0,0.05823,39.0,0.05824,38.0
1753531762433,12:09:22.433,BABY/USDT:USDT,0.05819,31.0,0.05817,20.0,0.05823,39.0,0.05824,38.0
1753531762549,12:09:22.549,BABY/USDT:USDT,0.05819,31.0,0.05817,20.0,0.05823,39.0,0.05824,38.0
1753531762643,12:09:22.643,BABY/USDT:USDT,0.05819,31.0,0.05817,20.0,0.05823,39.0,0.05824,38.0
1753531762707,12:09:22.707,BABY/USDT:USDT,0.05819,31.0,0.05817,20.0,0.05823,39.0,0.05824,38.0
1753531762801,12:09:22.801,BABY/USDT:USDT,0.05819,31.0,0.05817,20.0,0.05823,39.0,0.05824,38.0
1753531762924,12:09:22.924,BABY/USDT:USDT,0.05819,31.0,0.05817,20.0,0.05823,39.0,0.05824,38.0
1753531763198,12:09:23.198,BABY/USDT:USDT,0.05819,31.0,0.05817,20.0,0.05823,39.0,0.05824,38.0
1753531763338,12:09:23.338,BABY/USDT:USDT,0.05819,11.0,0.05817,20.0,0.05823,39.0,0.05824,38.0
1753531763432,12:09:23.432,BABY/USDT:USDT,0.05819,11.0,0.05817,20.0,0.05823,39.0,0.05824,38.0
1753531763783,12:09:23.783,BABY/USDT:USDT,0.05819,11.0,0.05817,20.0,0.05823,39.0,0.05824,38.0
1753531763972,12:09:23.972,BABY/USDT:USDT,0.05819,11.0,0.05817,20.0,0.05823,39.0,0.05824,38.0
1753531764037,12:09:24.037,BABY/USDT:USDT,0.05819,11.0,0.05817,20.0,0.05823,39.0,0.05824,38.0
1753531764149,12:09:24.149,BABY/USDT:USDT,0.05819,11.0,0.05817,20.0,0.05823,39.0,0.05824,38.0
1753531764273,12:09:24.273,BABY/USDT:USDT,0.05819,31.0,0.05817,20.0,0.05823,39.0,0.05824,38.0
1753531764416,12:09:24.416,BABY/USDT:USDT,0.05819,31.0,0.05817,20.0,0.05823,39.0,0.05824,38.0
1753531764518,12:09:24.518,BABY/USDT:USDT,0.05819,31.0,0.05817,20.0,0.05823,39.0,0.05824,38.0
1753531764661,12:09:24.661,BABY/USDT:USDT,0.05819,28.0,0.05817,20.0,0.05823,39.0,0.05824,38.0
1753531764828,12:09:24.828,BABY/USDT:USDT,0.05819,28.0,0.05817,20.0,0.05823,39.0,0.05824,38.0
1753531764973,12:09:24.973,BABY/USDT:USDT,0.05819,31.0,0.05817,20.0,0.05823,39.0,0.05824,38.0
1753531765152,12:09:25.152,BABY/USDT:USDT,0.05819,31.0,0.05817,20.0,0.05823,39.0,0.05824,38.0
1753531765279,12:09:25.279,BABY/USDT:USDT,0.05819,31.0,0.05817,20.0,0.05823,39.0,0.05824,38.0
1753531765357,12:09:25.357,BABY/USDT:USDT,0.05819,28.0,0.05817,20.0,0.05823,39.0,0.05824,38.0
1753531765458,12:09:25.458,BABY/USDT:USDT,0.05819,31.0,0.05817,20.0,0.05823,39.0,0.05824,38.0
1753531765579,12:09:25.579,BABY/USDT:USDT,0.05819,31.0,0.05817,20.0,0.05823,39.0,0.05824,38.0
1753531766077,12:09:26.077,BABY/USDT:USDT,0.05819,31.0,0.05817,20.0,0.05823,39.0,0.05824,38.0
1753531766274,12:09:26.274,BABY/USDT:USDT,0.05819,11.0,0.05817,20.0,0.05823,39.0,0.05824,38.0
1753531766298,12:09:26.298,BABY/USDT:USDT,0.05819,11.0,0.05817,20.0,0.05823,39.0,0.05824,38.0
1753531766449,12:09:26.449,BABY/USDT:USDT,0.05819,11.0,0.05817,20.0,0.05823,39.0,0.05824,38.0
1753531766587,12:09:26.587,BABY/USDT:USDT,0.05819,11.0,0.05817,20.0,0.05823,39.0,0.05824,38.0
1753531766763,12:09:26.763,BABY/USDT:USDT,0.05819,11.0,0.05817,20.0,0.05823,39.0,0.05824,38.0
1753531766808,12:09:26.808,BABY/USDT:USDT,0.05819,11.0,0.05817,20.0,0.05823,39.0,0.05824,38.0
1753531767064,12:09:27.064,BABY/USDT:USDT,0.05819,11.0,0.05817,20.0,0.05823,39.0,0.05824,38.0
1753531767216,12:09:27.216,BABY/USDT:USDT,0.05819,11.0,0.05817,20.0,0.05823,39.0,0.05824,38.0
1753531767354,12:09:27.354,BABY/USDT:USDT,0.05817,23.0,0.05816,581.0,0.05821,39.0,0.05822,3.0
1753531767465,12:09:27.465,BABY/USDT:USDT,0.05817,28.0,0.05816,581.0,0.05821,39.0,0.05822,3.0
1753531767538,12:09:27.538,BABY/USDT:USDT,0.05817,28.0,0.05816,581.0,0.05821,39.0,0.05822,3.0
1753531767639,12:09:27.639,BABY/USDT:USDT,0.05817,28.0,0.05816,581.0,0.05821,39.0,0.05822,3.0
1753531767767,12:09:27.767,BABY/USDT:USDT,0.05817,28.0,0.05816,581.0,0.05821,39.0,0.05822,3.0
1753531767859,12:09:27.859,BABY/USDT:USDT,0.05818,5.0,0.05817,23.0,0.05821,39.0,0.05822,3.0
1753531767976,12:09:27.976,BABY/USDT:USDT,0.05817,28.0,0.05816,443.0,0.05821,39.0,0.05822,3.0
1753531768054,12:09:28.054,BABY/USDT:USDT,0.05817,28.0,0.05816,443.0,0.05821,39.0,0.05822,3.0
1753531768172,12:09:28.172,BABY/USDT:USDT,0.05817,28.0,0.05816,443.0,0.05821,39.0,0.05822,3.0
1753531768258,12:09:28.258,BABY/USDT:USDT,0.05817,25.0,0.05816,443.0,0.05821,39.0,0.05822,3.0
1753531768377,12:09:28.377,BABY/USDT:USDT,0.05817,20.0,0.05816,443.0,0.0582,42.0,0.05822,35.0
1753531768466,12:09:28.466,BABY/USDT:USDT,0.05816,446.0,0.05815,20.0,0.0582,42.0,0.05822,35.0
1753531768540,12:09:28.540,BABY/USDT:USDT,0.05816,446.0,0.05815,20.0,0.0582,42.0,0.05822,35.0
1753531768678,12:09:28.678,BABY/USDT:USDT,0.05816,3.0,0.05815,20.0,0.0582,42.0,0.05822,35.0
1753531768796,12:09:28.796,BABY/USDT:USDT,0.05816,3.0,0.05815,20.0,0.0582,42.0,0.05822,35.0
1753531768912,12:09:28.912,BABY/USDT:USDT,0.05816,8.0,0.05815,20.0,0.0582,42.0,0.05822,35.0
1753531769029,12:09:29.029,BABY/USDT:USDT,0.05816,5.0,0.05815,20.0,0.0582,42.0,0.05822,35.0
1753531769180,12:09:29.180,BABY/USDT:USDT,0.05816,5.0,0.05815,20.0,0.0582,42.0,0.05822,35.0
1753531769274,12:09:29.274,BABY/USDT:USDT,0.05816,5.0,0.05815,20.0,0.0582,42.0,0.05822,35.0
1753531769390,12:09:29.390,BABY/USDT:USDT,0.05816,5.0,0.05815,20.0,0.0582,42.0,0.05822,35.0
1753531769527,12:09:29.527,BABY/USDT:USDT,0.05816,5.0,0.05815,20.0,0.0582,42.0,0.05822,35.0
1753531769679,12:09:29.679,BABY/USDT:USDT,0.05814,20.0,0.05811,17.0,0.05818,42.0,0.0582,3.0
1753531769770,12:09:29.770,BABY/USDT:USDT,0.05814,28.0,0.05813,443.0,0.05818,42.0,0.0582,3.0
1753531769868,12:09:29.868,BABY/USDT:USDT,0.05814,28.0,0.05813,443.0,0.05818,42.0,0.0582,38.0
1753531769969,12:09:29.969,BABY/USDT:USDT,0.05815,5.0,0.05814,23.0,0.05818,3.0,0.0582,38.0
1753531769982,12:09:29.982,BABY/USDT:USDT,0.05815,5.0,0.05814,23.0,0.05818,3.0,0.0582,38.0
1753531770179,12:09:30.179,BABY/USDT:USDT,0.05815,5.0,0.05814,20.0,0.05818,10.0,0.0582,38.0
1753531770207,12:09:30.207,BABY/USDT:USDT,0.05815,5.0,0.05814,20.0,0.05818,10.0,0.0582,38.0
1753531770457,12:09:30.457,BABY/USDT:USDT,0.05815,5.0,0.05814,20.0,0.05818,10.0,0.0582,38.0
1753531770608,12:09:30.608,BABY/USDT:USDT,0.05815,5.0,0.05814,20.0,0.05818,10.0,0.0582,38.0
1753531770706,12:09:30.706,BABY/USDT:USDT,0.05815,5.0,0.05814,20.0,0.05818,10.0,0.0582,38.0
1753531770868,12:09:30.868,BABY/USDT:USDT,0.05815,5.0,0.05814,20.0,0.05818,10.0,0.0582,38.0
1753531770981,12:09:30.981,BABY/USDT:USDT,0.05815,5.0,0.05814,20.0,0.05818,10.0,0.0582,38.0
1753531771176,12:09:31.176,BABY/USDT:USDT,0.05815,5.0,0.05814,20.0,0.05818,3.0,0.0582,38.0
1753531771373,12:09:31.373,BABY/USDT:USDT,0.05815,8.0,0.05814,20.0,0.0582,3.0,0.05821,35.0
1753531771428,12:09:31.428,BABY/USDT:USDT,0.05815,8.0,0.05814,20.0,0.0582,3.0,0.05821,35.0
1753531771738,12:09:31.738,BABY/USDT:USDT,0.05815,8.0,0.05814,20.0,0.0582,3.0,0.05821,35.0
1753531771877,12:09:31.877,BABY/USDT:USDT,0.05815,8.0,0.05814,20.0,0.0582,3.0,0.05821,35.0
1753531772030,12:09:32.030,BABY/USDT:USDT,0.05815,11.0,0.05814,20.0,0.0582,3.0,0.05821,35.0
1753531772176,12:09:32.176,BABY/USDT:USDT,0.05816,5.0,0.05815,6.0,0.0582,3.0,0.05821,35.0
1753531772236,12:09:32.236,BABY/USDT:USDT,0.05816,5.0,0.05814,20.0,0.0582,13.0,0.05821,35.0
1753531772303,12:09:32.303,BABY/USDT:USDT,0.05816,5.0,0.05814,20.0,0.0582,13.0,0.05821,35.0
1753531772477,12:09:32.477,BABY/USDT:USDT,0.05816,5.0,0.05814,20.0,0.0582,13.0,0.05821,35.0
1753531772490,12:09:32.490,BABY/USDT:USDT,0.05816,5.0,0.05814,20.0,0.0582,13.0,0.05821,35.0
1753531772669,12:09:32.669,BABY/USDT:USDT,0.05816,5.0,0.05814,20.0,0.0582,13.0,0.05821,35.0
1753531772683,12:09:32.683,BABY/USDT:USDT,0.05816,5.0,0.05814,20.0,0.0582,13.0,0.05821,35.0
1753531772874,12:09:32.874,BABY/USDT:USDT,0.05814,20.0,0.05813,463.0,0.05819,39.0,0.0582,13.0
1753531772977,12:09:32.977,BABY/USDT:USDT,0.05814,20.0,0.05813,463.0,0.05818,42.0,0.0582,23.0
