timestamp,time,symbol,bid1_price,bid1_volume,bid2_price,bid2_volume,ask1_price,ask1_volume,ask2_price,ask2_volume
1753531535000,12:05:35.000,1INCH/USDT:USDT,0.2811,219.0,0.281,947.0,0.2815,213.0,0.2816,2754.0
1753531536046,12:05:36.046,1INCH/USDT:USDT,0.2811,219.0,0.281,947.0,0.2814,219.0,0.2815,10674.0
1753531536195,12:05:36.195,1INCH/USDT:USDT,0.2811,219.0,0.281,947.0,0.2814,219.0,0.2815,10674.0
1753531536367,12:05:36.367,1INCH/USDT:USDT,0.2811,219.0,0.281,947.0,0.2814,219.0,0.2815,10674.0
1753531536784,12:05:36.784,1INCH/USDT:USDT,0.2811,219.0,0.281,947.0,0.2815,213.0,0.2816,2754.0
1753531536961,12:05:36.961,1INCH/USDT:USDT,0.2811,219.0,0.281,947.0,0.2815,213.0,0.2816,2754.0
1753531537248,12:05:37.248,1INCH/USDT:USDT,0.2811,219.0,0.281,947.0,0.2815,213.0,0.2816,2754.0
1753531537349,12:05:37.349,1INCH/USDT:USDT,0.2811,219.0,0.281,947.0,0.2815,213.0,0.2816,2754.0
1753531539246,12:05:39.246,1INCH/USDT:USDT,0.2811,219.0,0.281,947.0,0.2813,219.0,0.2815,1278.0
1753531539620,12:05:39.620,1INCH/USDT:USDT,0.2811,219.0,0.281,947.0,0.2813,219.0,0.2815,1278.0
1753531541008,12:05:41.008,1INCH/USDT:USDT,0.2811,219.0,0.281,947.0,0.2813,219.0,0.2815,1278.0
1753531543090,12:05:43.090,1INCH/USDT:USDT,0.2811,219.0,0.281,947.0,0.2813,219.0,0.2815,1278.0
1753531545073,12:05:45.073,1INCH/USDT:USDT,0.2811,219.0,0.281,947.0,0.2813,219.0,0.2815,1278.0
1753531545788,12:05:45.788,1INCH/USDT:USDT,0.2811,219.0,0.281,947.0,0.2813,219.0,0.2815,1278.0
1753531545951,12:05:45.951,1INCH/USDT:USDT,0.2811,219.0,0.281,947.0,0.2813,219.0,0.2815,1278.0
1753531550588,12:05:50.588,1INCH/USDT:USDT,0.2811,219.0,0.281,947.0,0.2813,219.0,0.2815,1278.0
1753531551377,12:05:51.377,1INCH/USDT:USDT,0.2811,219.0,0.281,947.0,0.2813,219.0,0.2815,1278.0
1753531551488,12:05:51.488,1INCH/USDT:USDT,0.2811,219.0,0.281,947.0,0.2813,219.0,0.2815,1278.0
1753531551600,12:05:51.600,1INCH/USDT:USDT,0.2811,219.0,0.281,947.0,0.2813,219.0,0.2815,1278.0
1753531552249,12:05:52.249,1INCH/USDT:USDT,0.2811,219.0,0.281,947.0,0.2813,219.0,0.2815,1278.0
1753531553560,12:05:53.560,1INCH/USDT:USDT,0.281,947.0,0.2809,517.0,0.2813,219.0,0.2814,2542.0
1753531553594,12:05:53.594,1INCH/USDT:USDT,0.2811,217.0,0.281,947.0,0.2813,219.0,0.2814,2542.0
1753531553709,12:05:53.709,1INCH/USDT:USDT,0.2811,217.0,0.281,947.0,0.2813,219.0,0.2814,2542.0
1753531555425,12:05:55.425,1INCH/USDT:USDT,0.281,220.0,0.2809,517.0,0.2813,219.0,0.2814,2542.0
1753531555735,12:05:55.735,1INCH/USDT:USDT,0.281,220.0,0.2809,517.0,0.2813,219.0,0.2814,2542.0
1753531559879,12:05:59.879,1INCH/USDT:USDT,0.281,220.0,0.2809,517.0,0.2813,219.0,0.2814,727.0
1753531560168,12:06:00.168,1INCH/USDT:USDT,0.281,220.0,0.2809,517.0,0.2813,219.0,0.2814,2542.0
1753531560189,12:06:00.189,1INCH/USDT:USDT,0.281,220.0,0.2809,517.0,0.2813,219.0,0.2814,2542.0
1753531563852,12:06:03.852,1INCH/USDT:USDT,0.281,220.0,0.2809,517.0,0.2813,219.0,0.2814,2542.0
1753531563949,12:06:03.949,1INCH/USDT:USDT,0.281,220.0,0.2809,517.0,0.2813,219.0,0.2814,2542.0
1753531564049,12:06:04.049,1INCH/USDT:USDT,0.281,220.0,0.2809,517.0,0.2813,219.0,0.2814,2542.0
1753531564421,12:06:04.421,1INCH/USDT:USDT,0.281,220.0,0.2809,517.0,0.2813,219.0,0.2814,2542.0
1753531564498,12:06:04.498,1INCH/USDT:USDT,0.281,220.0,0.2809,517.0,0.2813,219.0,0.2814,2542.0
1753531564989,12:06:04.989,1INCH/USDT:USDT,0.281,220.0,0.2809,517.0,0.2813,219.0,0.2814,2542.0
1753531565145,12:06:05.145,1INCH/USDT:USDT,0.281,220.0,0.2809,517.0,0.2813,219.0,0.2814,2542.0
1753531565626,12:06:05.626,1INCH/USDT:USDT,0.281,220.0,0.2809,517.0,0.2813,219.0,0.2814,2542.0
1753531565755,12:06:05.755,1INCH/USDT:USDT,0.281,220.0,0.2809,517.0,0.2813,219.0,0.2814,2542.0
1753531566375,12:06:06.375,1INCH/USDT:USDT,0.281,220.0,0.2809,517.0,0.2813,804.0,0.2814,2542.0
1753531566377,12:06:06.377,1INCH/USDT:USDT,0.281,220.0,0.2809,517.0,0.2812,216.0,0.2813,804.0
1753531566658,12:06:06.658,1INCH/USDT:USDT,0.281,220.0,0.2809,517.0,0.2813,219.0,0.2814,2542.0
1753531567065,12:06:07.065,1INCH/USDT:USDT,0.281,220.0,0.2809,517.0,0.2813,219.0,0.2814,2542.0
1753531568668,12:06:08.668,1INCH/USDT:USDT,0.281,220.0,0.2809,517.0,0.2812,216.0,0.2813,219.0
1753531568752,12:06:08.752,1INCH/USDT:USDT,0.281,220.0,0.2809,517.0,0.2812,216.0,0.2813,1617.0
1753531569843,12:06:09.843,1INCH/USDT:USDT,0.281,220.0,0.2809,517.0,0.2812,213.0,0.2813,1638.0
1753531569998,12:06:09.998,1INCH/USDT:USDT,0.281,220.0,0.2809,517.0,0.2813,219.0,0.2814,2542.0
1753531570123,12:06:10.123,1INCH/USDT:USDT,0.281,220.0,0.2809,517.0,0.2813,219.0,0.2814,2542.0
1753531572588,12:06:12.588,1INCH/USDT:USDT,0.281,220.0,0.2809,517.0,0.2813,219.0,0.2815,1278.0
1753531572828,12:06:12.828,1INCH/USDT:USDT,0.281,220.0,0.2809,517.0,0.2813,219.0,0.2814,727.0
1753531572970,12:06:12.970,1INCH/USDT:USDT,0.281,220.0,0.2809,517.0,0.2813,219.0,0.2814,2542.0
1753531574589,12:06:14.589,1INCH/USDT:USDT,0.281,220.0,0.2809,517.0,0.2813,219.0,0.2814,2542.0
1753531574733,12:06:14.733,1INCH/USDT:USDT,0.281,220.0,0.2809,517.0,0.2813,219.0,0.2814,2542.0
1753531575554,12:06:15.554,1INCH/USDT:USDT,0.281,220.0,0.2809,517.0,0.2813,219.0,0.2814,2542.0
1753531575798,12:06:15.798,1INCH/USDT:USDT,0.281,220.0,0.2809,517.0,0.2813,219.0,0.2814,1815.0
1753531575950,12:06:15.950,1INCH/USDT:USDT,0.281,220.0,0.2809,517.0,0.2813,219.0,0.2814,1815.0
1753531576668,12:06:16.668,1INCH/USDT:USDT,0.2811,213.0,0.281,947.0,0.2813,219.0,0.2814,1815.0
1753531576686,12:06:16.686,1INCH/USDT:USDT,0.2811,213.0,0.281,947.0,0.2813,219.0,0.2814,1815.0
1753531576970,12:06:16.970,1INCH/USDT:USDT,0.2811,213.0,0.281,947.0,0.2813,219.0,0.2814,1815.0
1753531579398,12:06:19.398,1INCH/USDT:USDT,0.2811,213.0,0.281,947.0,0.2813,219.0,0.2814,2542.0
1753531581967,12:06:21.967,1INCH/USDT:USDT,0.2811,213.0,0.281,947.0,0.2813,219.0,0.2814,1815.0
1753531582004,12:06:22.004,1INCH/USDT:USDT,0.2811,213.0,0.281,947.0,0.2813,219.0,0.2815,1278.0
1753531583155,12:06:23.155,1INCH/USDT:USDT,0.2811,213.0,0.281,947.0,0.2813,219.0,0.2814,727.0
1753531583194,12:06:23.194,1INCH/USDT:USDT,0.2811,213.0,0.281,947.0,0.2813,219.0,0.2814,727.0
1753531583718,12:06:23.718,1INCH/USDT:USDT,0.2811,213.0,0.281,947.0,0.2813,219.0,0.2814,2542.0
1753531584207,12:06:24.207,1INCH/USDT:USDT,0.2811,213.0,0.281,947.0,0.2813,219.0,0.2814,1815.0
1753531584410,12:06:24.410,1INCH/USDT:USDT,0.2811,213.0,0.281,947.0,0.2813,219.0,0.2814,1815.0
1753531584849,12:06:24.849,1INCH/USDT:USDT,0.2811,213.0,0.281,947.0,0.2813,219.0,0.2814,2542.0
1753531585051,12:06:25.051,1INCH/USDT:USDT,0.2811,213.0,0.281,947.0,0.2813,219.0,0.2814,2542.0
1753531586209,12:06:26.209,1INCH/USDT:USDT,0.2811,213.0,0.281,947.0,0.2813,219.0,0.2814,2542.0
1753531589004,12:06:29.004,1INCH/USDT:USDT,0.2811,213.0,0.281,947.0,0.2813,219.0,0.2814,1815.0
1753531590185,12:06:30.185,1INCH/USDT:USDT,0.2811,213.0,0.281,947.0,0.2813,219.0,0.2814,1815.0
1753531591210,12:06:31.210,1INCH/USDT:USDT,0.2811,213.0,0.281,947.0,0.2813,219.0,0.2814,2542.0
1753531593461,12:06:33.461,1INCH/USDT:USDT,0.281,947.0,0.2809,9327.0,0.2813,219.0,0.2814,2542.0
1753531593671,12:06:33.671,1INCH/USDT:USDT,0.281,947.0,0.2809,9327.0,0.2813,219.0,0.2814,2542.0
1753531593797,12:06:33.797,1INCH/USDT:USDT,0.281,220.0,0.2809,9327.0,0.2813,219.0,0.2814,2542.0
1753531593993,12:06:33.993,1INCH/USDT:USDT,0.281,947.0,0.2809,9327.0,0.2813,219.0,0.2814,2542.0
1753531595705,12:06:35.705,1INCH/USDT:USDT,0.2811,212.0,0.281,947.0,0.2813,219.0,0.2814,727.0
1753531596145,12:06:36.145,1INCH/USDT:USDT,0.2811,212.0,0.281,947.0,0.2813,219.0,0.2814,727.0
1753531598590,12:06:38.590,1INCH/USDT:USDT,0.2811,212.0,0.281,947.0,0.2813,219.0,0.2814,727.0
1753531600154,12:06:40.154,1INCH/USDT:USDT,0.2811,212.0,0.281,947.0,0.2815,1278.0,0.2816,2754.0
1753531600181,12:06:40.181,1INCH/USDT:USDT,0.2811,212.0,0.281,947.0,0.2814,216.0,0.2815,1278.0
1753531600628,12:06:40.628,1INCH/USDT:USDT,0.2811,212.0,0.281,947.0,0.2814,216.0,0.2815,1278.0
1753531603390,12:06:43.390,1INCH/USDT:USDT,0.2811,212.0,0.281,947.0,0.2814,216.0,0.2815,1278.0
1753531603960,12:06:43.960,1INCH/USDT:USDT,0.2811,212.0,0.281,947.0,0.2813,216.0,0.2814,3078.0
1753531604298,12:06:44.298,1INCH/USDT:USDT,0.2811,212.0,0.281,947.0,0.2813,216.0,0.2814,3078.0
1753531604397,12:06:44.397,1INCH/USDT:USDT,0.2811,212.0,0.281,947.0,0.2814,216.0,0.2815,1278.0
1753531604706,12:06:44.706,1INCH/USDT:USDT,0.2811,212.0,0.281,947.0,0.2813,216.0,0.2814,943.0
1753531605130,12:06:45.130,1INCH/USDT:USDT,0.2811,212.0,0.281,947.0,0.2813,216.0,0.2814,943.0
1753531606232,12:06:46.232,1INCH/USDT:USDT,0.2811,212.0,0.281,947.0,0.2813,216.0,0.2814,943.0
1753531606574,12:06:46.574,1INCH/USDT:USDT,0.2809,517.0,0.2808,3096.0,0.2811,216.0,0.2812,2031.0
1753531606650,12:06:46.650,1INCH/USDT:USDT,0.2809,517.0,0.2808,1246.0,0.2811,216.0,0.2812,2031.0
1753531608190,12:06:48.190,1INCH/USDT:USDT,0.2809,217.0,0.2808,1246.0,0.281,1815.0,0.2811,216.0
1753531608621,12:06:48.621,1INCH/USDT:USDT,0.2808,946.0,0.2807,512.0,0.281,1815.0,0.2811,216.0
1753531608781,12:06:48.781,1INCH/USDT:USDT,0.2808,946.0,0.2807,512.0,0.281,1815.0,0.2811,216.0
1753531609195,12:06:49.195,1INCH/USDT:USDT,0.2808,946.0,0.2807,512.0,0.281,1815.0,0.2811,216.0
1753531609282,12:06:49.282,1INCH/USDT:USDT,0.2809,212.0,0.2808,946.0,0.281,1815.0,0.2811,216.0
1753531609614,12:06:49.614,1INCH/USDT:USDT,0.2809,212.0,0.2808,946.0,0.281,1815.0,0.2811,216.0
1753531610102,12:06:50.102,1INCH/USDT:USDT,0.2809,212.0,0.2808,946.0,0.281,1815.0,0.2811,216.0
1753531611676,12:06:51.676,1INCH/USDT:USDT,0.2809,212.0,0.2808,946.0,0.281,1815.0,0.2811,216.0
1753531612425,12:06:52.425,1INCH/USDT:USDT,0.2809,212.0,0.2808,946.0,0.281,1815.0,0.2811,216.0
1753531612477,12:06:52.477,1INCH/USDT:USDT,0.2809,212.0,0.2808,946.0,0.281,1815.0,0.2811,216.0
1753531612992,12:06:52.992,1INCH/USDT:USDT,0.2809,212.0,0.2808,946.0,0.281,1815.0,0.2811,216.0
1753531614974,12:06:54.974,1INCH/USDT:USDT,0.2809,212.0,0.2808,946.0,0.2811,216.0,0.2812,2031.0
1753531614994,12:06:54.994,1INCH/USDT:USDT,0.2809,212.0,0.2808,946.0,0.2812,2031.0,0.2813,1282.0
1753531615269,12:06:55.269,1INCH/USDT:USDT,0.2809,212.0,0.2808,946.0,0.2812,2031.0,0.2813,1282.0
1753531615666,12:06:55.666,1INCH/USDT:USDT,0.2809,212.0,0.2808,946.0,0.2811,212.0,0.2812,2031.0
1753531616073,12:06:56.073,1INCH/USDT:USDT,0.2809,212.0,0.2808,946.0,0.2811,212.0,0.2812,2031.0
1753531617790,12:06:57.790,1INCH/USDT:USDT,0.2809,212.0,0.2808,946.0,0.2811,212.0,0.2812,2031.0
1753531618346,12:06:58.346,1INCH/USDT:USDT,0.2809,212.0,0.2808,946.0,0.2811,212.0,0.2812,2031.0
1753531619607,12:06:59.607,1INCH/USDT:USDT,0.2809,212.0,0.2808,946.0,0.2812,2031.0,0.2813,1282.0
1753531621672,12:07:01.672,1INCH/USDT:USDT,0.2811,214.0,0.281,727.0,0.2813,216.0,0.2814,2758.0
1753531621759,12:07:01.759,1INCH/USDT:USDT,0.2811,214.0,0.281,727.0,0.2813,216.0,0.2814,2758.0
1753531621803,12:07:01.803,1INCH/USDT:USDT,0.2811,214.0,0.281,727.0,0.2813,216.0,0.2814,2758.0
1753531621882,12:07:01.882,1INCH/USDT:USDT,0.2811,214.0,0.281,727.0,0.2813,216.0,0.2814,2758.0
1753531622138,12:07:02.138,1INCH/USDT:USDT,0.2809,212.0,0.2808,946.0,0.2813,216.0,0.2814,2758.0
1753531622536,12:07:02.536,1INCH/USDT:USDT,0.2809,212.0,0.2808,946.0,0.2813,216.0,0.2814,2758.0
1753531623266,12:07:03.266,1INCH/USDT:USDT,0.2809,212.0,0.2808,946.0,0.2812,1815.0,0.2813,1282.0
1753531623350,12:07:03.350,1INCH/USDT:USDT,0.2809,212.0,0.2808,946.0,0.2811,214.0,0.2812,1815.0
1753531623450,12:07:03.450,1INCH/USDT:USDT,0.2809,212.0,0.2808,946.0,0.2811,214.0,0.2812,1815.0
1753531623532,12:07:03.532,1INCH/USDT:USDT,0.2809,212.0,0.2808,946.0,0.2811,214.0,0.2812,1815.0
1753531627074,12:07:07.074,1INCH/USDT:USDT,0.2809,212.0,0.2808,946.0,0.2813,1282.0,0.2814,2758.0
1753531627117,12:07:07.117,1INCH/USDT:USDT,0.2809,212.0,0.2808,946.0,0.2812,214.0,0.2813,1282.0
1753531627395,12:07:07.395,1INCH/USDT:USDT,0.2809,212.0,0.2808,946.0,0.2812,214.0,0.2813,1282.0
1753531627768,12:07:07.768,1INCH/USDT:USDT,0.2809,212.0,0.2808,946.0,0.2811,214.0,0.2812,2029.0
1753531627809,12:07:07.809,1INCH/USDT:USDT,0.2809,212.0,0.2808,946.0,0.2811,214.0,0.2812,2029.0
1753531630970,12:07:10.970,1INCH/USDT:USDT,0.2809,212.0,0.2808,946.0,0.2812,2029.0,0.2813,1282.0
1753531631040,12:07:11.040,1INCH/USDT:USDT,0.2809,212.0,0.2808,946.0,0.2812,2029.0,0.2813,1282.0
1753531632190,12:07:12.190,1INCH/USDT:USDT,0.2809,212.0,0.2808,946.0,0.2812,2029.0,0.2813,1282.0
1753531634909,12:07:14.909,1INCH/USDT:USDT,0.2809,212.0,0.2808,946.0,0.2811,212.0,0.2812,2029.0
1753531635083,12:07:15.083,1INCH/USDT:USDT,0.2809,212.0,0.2808,946.0,0.2811,212.0,0.2812,2029.0
1753531636126,12:07:16.126,1INCH/USDT:USDT,0.2809,212.0,0.2808,946.0,0.2811,212.0,0.2812,2029.0
1753531636991,12:07:16.991,1INCH/USDT:USDT,0.2809,212.0,0.2808,946.0,0.2811,212.0,0.2812,2029.0
1753531637149,12:07:17.149,1INCH/USDT:USDT,0.2809,212.0,0.2808,946.0,0.2811,212.0,0.2812,2029.0
1753531637251,12:07:17.251,1INCH/USDT:USDT,0.2809,212.0,0.2808,946.0,0.2811,212.0,0.2812,2029.0
1753531641791,12:07:21.791,1INCH/USDT:USDT,0.2809,212.0,0.2808,946.0,0.2811,212.0,0.2812,2029.0
1753531642732,12:07:22.732,1INCH/USDT:USDT,0.2809,212.0,0.2808,946.0,0.2812,2029.0,0.2813,1282.0
1753531642874,12:07:22.874,1INCH/USDT:USDT,0.2809,212.0,0.2808,946.0,0.2811,217.0,0.2812,2029.0
1753531642884,12:07:22.884,1INCH/USDT:USDT,0.2809,212.0,0.2808,946.0,0.2811,217.0,0.2812,2029.0
1753531643155,12:07:23.155,1INCH/USDT:USDT,0.2809,212.0,0.2808,946.0,0.2811,217.0,0.2812,2029.0
1753531644770,12:07:24.770,1INCH/USDT:USDT,0.2809,212.0,0.2808,946.0,0.281,1815.0,0.2811,217.0
1753531644868,12:07:24.868,1INCH/USDT:USDT,0.2809,212.0,0.2808,946.0,0.2811,217.0,0.2812,2029.0
1753531646594,12:07:26.594,1INCH/USDT:USDT,0.2809,212.0,0.2808,946.0,0.2811,217.0,0.2812,2029.0
1753531646864,12:07:26.864,1INCH/USDT:USDT,0.2808,946.0,0.2807,9354.0,0.2811,217.0,0.2812,2029.0
1753531647006,12:07:27.006,1INCH/USDT:USDT,0.2808,946.0,0.2807,9354.0,0.281,1815.0,0.2811,217.0
1753531647169,12:07:27.169,1INCH/USDT:USDT,0.2808,946.0,0.2807,9354.0,0.2811,217.0,0.2812,2029.0
1753531647189,12:07:27.189,1INCH/USDT:USDT,0.2808,946.0,0.2807,9354.0,0.2811,217.0,0.2812,2029.0
1753531648166,12:07:28.166,1INCH/USDT:USDT,0.2809,217.0,0.2808,946.0,0.2811,217.0,0.2812,2029.0
1753531648652,12:07:28.652,1INCH/USDT:USDT,0.2808,946.0,0.2807,9354.0,0.2811,217.0,0.2812,2029.0
1753531649193,12:07:29.193,1INCH/USDT:USDT,0.2809,217.0,0.2808,946.0,0.2811,217.0,0.2812,2029.0
1753531650875,12:07:30.875,1INCH/USDT:USDT,0.2804,2920.0,0.2803,220.0,0.2808,221.0,0.2809,948.0
1753531650968,12:07:30.968,1INCH/USDT:USDT,0.2804,1069.0,0.2803,220.0,0.2808,221.0,0.2809,948.0
1753531651067,12:07:31.067,1INCH/USDT:USDT,0.2805,221.0,0.2804,1069.0,0.2808,221.0,0.2809,948.0
1753531651107,12:07:31.107,1INCH/USDT:USDT,0.2805,221.0,0.2804,1796.0,0.2808,2036.0,0.2809,948.0
1753531651272,12:07:31.272,1INCH/USDT:USDT,0.2805,221.0,0.2804,1796.0,0.2808,2036.0,0.2809,948.0
1753531651368,12:07:31.368,1INCH/USDT:USDT,0.2805,221.0,0.2804,1796.0,0.2808,221.0,0.2809,948.0
1753531651628,12:07:31.628,1INCH/USDT:USDT,0.2805,221.0,0.2804,1796.0,0.2808,221.0,0.2809,948.0
1753531651868,12:07:31.868,1INCH/USDT:USDT,0.2805,221.0,0.2804,1796.0,0.2808,221.0,0.2809,948.0
1753531651935,12:07:31.935,1INCH/USDT:USDT,0.2805,221.0,0.2804,1069.0,0.2808,221.0,0.2809,948.0
1753531652073,12:07:32.073,1INCH/USDT:USDT,0.2805,221.0,0.2804,1796.0,0.2808,221.0,0.2809,948.0
1753531652081,12:07:32.081,1INCH/USDT:USDT,0.2805,221.0,0.2804,1796.0,0.2808,221.0,0.2809,948.0
1753531653359,12:07:33.359,1INCH/USDT:USDT,0.2805,221.0,0.2804,1796.0,0.2809,948.0,0.281,1815.0
1753531653491,12:07:33.491,1INCH/USDT:USDT,0.2805,221.0,0.2804,1796.0,0.2809,948.0,0.281,1815.0
1753531653670,12:07:33.670,1INCH/USDT:USDT,0.2805,221.0,0.2804,1796.0,0.2809,948.0,0.281,1815.0
1753531654046,12:07:34.046,1INCH/USDT:USDT,0.2805,221.0,0.2804,1796.0,0.2809,948.0,0.281,1815.0
1753531654244,12:07:34.244,1INCH/USDT:USDT,0.2805,221.0,0.2804,1796.0,0.2808,221.0,0.2809,948.0
1753531654374,12:07:34.374,1INCH/USDT:USDT,0.2805,221.0,0.2804,1796.0,0.2808,221.0,0.2809,948.0
1753531654491,12:07:34.491,1INCH/USDT:USDT,0.2805,221.0,0.2804,1796.0,0.2808,221.0,0.2809,948.0
1753531655386,12:07:35.386,1INCH/USDT:USDT,0.2805,221.0,0.2804,1069.0,0.2808,221.0,0.2809,948.0
1753531655648,12:07:35.648,1INCH/USDT:USDT,0.2805,221.0,0.2804,1069.0,0.2808,221.0,0.2809,948.0
1753531655755,12:07:35.755,1INCH/USDT:USDT,0.2805,221.0,0.2804,1069.0,0.2808,221.0,0.2809,948.0
1753531655792,12:07:35.792,1INCH/USDT:USDT,0.2805,221.0,0.2804,1069.0,0.2808,221.0,0.2809,948.0
1753531656853,12:07:36.853,1INCH/USDT:USDT,0.2805,221.0,0.2803,10997.0,0.2808,221.0,0.2809,948.0
1753531656963,12:07:36.963,1INCH/USDT:USDT,0.2805,221.0,0.2803,10997.0,0.2808,221.0,0.2809,948.0
1753531657050,12:07:37.050,1INCH/USDT:USDT,0.2805,221.0,0.2803,10997.0,0.2808,221.0,0.2809,948.0
1753531657144,12:07:37.144,1INCH/USDT:USDT,0.2805,221.0,0.2803,10997.0,0.2807,221.0,0.2808,2036.0
1753531657265,12:07:37.265,1INCH/USDT:USDT,0.2805,221.0,0.2803,2072.0,0.2807,221.0,0.2808,2036.0
1753531657405,12:07:37.405,1INCH/USDT:USDT,0.2805,221.0,0.2803,2072.0,0.2807,221.0,0.2808,2036.0
1753531657639,12:07:37.639,1INCH/USDT:USDT,0.2805,221.0,0.2803,2072.0,0.2807,221.0,0.2808,2036.0
1753531658226,12:07:38.226,1INCH/USDT:USDT,0.2805,221.0,0.2803,2072.0,0.2807,221.0,0.2808,2036.0
1753531658318,12:07:38.318,1INCH/USDT:USDT,0.2805,221.0,0.2803,2072.0,0.2807,948.0,0.2808,2036.0
1753531658547,12:07:38.547,1INCH/USDT:USDT,0.2805,221.0,0.2803,2072.0,0.2807,221.0,0.2808,2036.0
1753531658801,12:07:38.801,1INCH/USDT:USDT,0.2805,221.0,0.2803,2072.0,0.2807,948.0,0.2808,2036.0
1753531661023,12:07:41.023,1INCH/USDT:USDT,0.2805,221.0,0.2803,2072.0,0.2807,221.0,0.2808,2036.0
1753531661253,12:07:41.253,1INCH/USDT:USDT,0.2805,221.0,0.2803,2072.0,0.2807,948.0,0.2808,2036.0
1753531661609,12:07:41.609,1INCH/USDT:USDT,0.2805,221.0,0.2803,2072.0,0.2807,948.0,0.2808,2036.0
1753531662144,12:07:42.144,1INCH/USDT:USDT,0.2805,221.0,0.2803,2072.0,0.2807,948.0,0.2808,2036.0
1753531663367,12:07:43.367,1INCH/USDT:USDT,0.2805,221.0,0.2803,2072.0,0.2807,221.0,0.2808,2036.0
1753531664466,12:07:44.466,1INCH/USDT:USDT,0.2805,221.0,0.2803,2072.0,0.2807,948.0,0.2808,2036.0
1753531665579,12:07:45.579,1INCH/USDT:USDT,0.2805,221.0,0.2803,2072.0,0.2807,221.0,0.2808,2036.0
1753531665823,12:07:45.823,1INCH/USDT:USDT,0.2805,221.0,0.2803,2072.0,0.2808,221.0,0.2809,948.0
1753531665964,12:07:45.964,1INCH/USDT:USDT,0.2805,221.0,0.2804,727.0,0.2808,221.0,0.2809,948.0
1753531666049,12:07:46.049,1INCH/USDT:USDT,0.2805,221.0,0.2804,727.0,0.2808,221.0,0.2809,948.0
1753531666151,12:07:46.151,1INCH/USDT:USDT,0.2805,221.0,0.2804,727.0,0.2808,221.0,0.2809,948.0
1753531666188,12:07:46.188,1INCH/USDT:USDT,0.2805,221.0,0.2804,727.0,0.2808,221.0,0.2809,948.0
1753531666349,12:07:46.349,1INCH/USDT:USDT,0.2805,221.0,0.2804,727.0,0.2808,221.0,0.2809,948.0
1753531666450,12:07:46.450,1INCH/USDT:USDT,0.2805,221.0,0.2804,727.0,0.2808,221.0,0.2809,948.0
1753531669175,12:07:49.175,1INCH/USDT:USDT,0.2805,221.0,0.2804,727.0,0.2808,221.0,0.2809,221.0
1753531669257,12:07:49.257,1INCH/USDT:USDT,0.2805,221.0,0.2804,727.0,0.2809,948.0,0.281,1815.0
1753531669417,12:07:49.417,1INCH/USDT:USDT,0.2805,221.0,0.2804,727.0,0.2809,948.0,0.281,1815.0
1753531670073,12:07:50.073,1INCH/USDT:USDT,0.2805,221.0,0.2804,727.0,0.2808,220.0,0.2809,948.0
1753531670232,12:07:50.232,1INCH/USDT:USDT,0.2805,221.0,0.2804,727.0,0.2808,220.0,0.2809,948.0
1753531670905,12:07:50.905,1INCH/USDT:USDT,0.2805,221.0,0.2804,727.0,0.2808,220.0,0.2809,948.0
1753531671245,12:07:51.245,1INCH/USDT:USDT,0.2805,221.0,0.2804,727.0,0.2809,221.0,0.281,1815.0
1753531671340,12:07:51.340,1INCH/USDT:USDT,0.2805,221.0,0.2804,727.0,0.2809,948.0,0.281,1815.0
1753531673316,12:07:53.316,1INCH/USDT:USDT,0.2805,221.0,0.2804,727.0,0.2809,948.0,0.281,1815.0
1753531673438,12:07:53.438,1INCH/USDT:USDT,0.2805,221.0,0.2804,727.0,0.2809,948.0,0.281,1815.0
1753531674097,12:07:54.097,1INCH/USDT:USDT,0.2805,221.0,0.2804,727.0,0.2808,220.0,0.2809,948.0
1753531674265,12:07:54.265,1INCH/USDT:USDT,0.2805,221.0,0.2804,727.0,0.2808,220.0,0.2809,948.0
1753531675168,12:07:55.168,1INCH/USDT:USDT,0.2805,221.0,0.2804,727.0,0.2808,220.0,0.2809,948.0
1753531675251,12:07:55.251,1INCH/USDT:USDT,0.2805,221.0,0.2804,727.0,0.2808,220.0,0.2809,948.0
1753531675483,12:07:55.483,1INCH/USDT:USDT,0.2805,221.0,0.2804,727.0,0.2808,220.0,0.2809,948.0
1753531676008,12:07:56.008,1INCH/USDT:USDT,0.2805,221.0,0.2804,727.0,0.2808,220.0,0.2809,948.0
1753531678415,12:07:58.415,1INCH/USDT:USDT,0.2805,221.0,0.2804,727.0,0.2808,220.0,0.2809,948.0
1753531678601,12:07:58.601,1INCH/USDT:USDT,0.2805,221.0,0.2804,727.0,0.2808,220.0,0.2809,948.0
1753531678690,12:07:58.690,1INCH/USDT:USDT,0.2805,221.0,0.2804,727.0,0.2808,220.0,0.2809,948.0
1753531679542,12:07:59.542,1INCH/USDT:USDT,0.2805,221.0,0.2804,727.0,0.2809,948.0,0.281,1815.0
1753531679590,12:07:59.590,1INCH/USDT:USDT,0.2805,221.0,0.2804,727.0,0.2809,221.0,0.281,1815.0
1753531679801,12:07:59.801,1INCH/USDT:USDT,0.2805,221.0,0.2804,9656.0,0.2809,221.0,0.281,1815.0
1753531680792,12:08:00.792,1INCH/USDT:USDT,0.2805,221.0,0.2804,9656.0,0.2809,221.0,0.281,1815.0
1753531681131,12:08:01.131,1INCH/USDT:USDT,0.2805,221.0,0.2804,9656.0,0.2809,221.0,0.281,1815.0
1753531681849,12:08:01.849,1INCH/USDT:USDT,0.2805,221.0,0.2804,9656.0,0.2809,221.0,0.281,1815.0
1753531682362,12:08:02.362,1INCH/USDT:USDT,0.2805,221.0,0.2804,9656.0,0.2809,221.0,0.281,1815.0
1753531682490,12:08:02.490,1INCH/USDT:USDT,0.2805,221.0,0.2804,9656.0,0.2809,221.0,0.281,1815.0
1753531683011,12:08:03.011,1INCH/USDT:USDT,0.2805,221.0,0.2804,9656.0,0.2809,221.0,0.281,1815.0
1753531684174,12:08:04.174,1INCH/USDT:USDT,0.2805,221.0,0.2804,9656.0,0.2809,221.0,0.281,1815.0
1753531684388,12:08:04.388,1INCH/USDT:USDT,0.2805,221.0,0.2804,9656.0,0.2809,221.0,0.281,1815.0
1753531685258,12:08:05.258,1INCH/USDT:USDT,0.2805,221.0,0.2804,727.0,0.2809,948.0,0.281,1815.0
1753531685350,12:08:05.350,1INCH/USDT:USDT,0.2805,221.0,0.2804,727.0,0.2809,221.0,0.281,1815.0
1753531685565,12:08:05.565,1INCH/USDT:USDT,0.2805,221.0,0.2804,727.0,0.2809,221.0,0.281,1815.0
1753531685592,12:08:05.592,1INCH/USDT:USDT,0.2805,221.0,0.2804,727.0,0.2809,221.0,0.281,1815.0
1753531686949,12:08:06.949,1INCH/USDT:USDT,0.2805,221.0,0.2804,727.0,0.2809,221.0,0.281,1815.0
1753531688267,12:08:08.267,1INCH/USDT:USDT,0.2806,213.0,0.2805,1290.0,0.2809,221.0,0.281,1815.0
1753531688410,12:08:08.410,1INCH/USDT:USDT,0.2806,213.0,0.2805,1290.0,0.2809,221.0,0.281,1815.0
1753531688883,12:08:08.883,1INCH/USDT:USDT,0.2806,213.0,0.2805,1290.0,0.2809,221.0,0.281,1815.0
1753531689964,12:08:09.964,1INCH/USDT:USDT,0.2807,219.0,0.2806,940.0,0.281,1815.0,0.2811,9872.0
1753531690040,12:08:10.040,1INCH/USDT:USDT,0.2807,219.0,0.2806,940.0,0.281,1815.0,0.2811,9872.0
1753531690082,12:08:10.082,1INCH/USDT:USDT,0.2807,219.0,0.2806,940.0,0.281,1815.0,0.2811,9872.0
1753531690394,12:08:10.394,1INCH/USDT:USDT,0.2807,219.0,0.2806,940.0,0.281,1815.0,0.2811,9872.0
1753531691266,12:08:11.266,1INCH/USDT:USDT,0.2807,219.0,0.2806,940.0,0.2809,219.0,0.281,1815.0
1753531691374,12:08:11.374,1INCH/USDT:USDT,0.2807,219.0,0.2806,940.0,0.2809,219.0,0.281,1815.0
1753531691629,12:08:11.629,1INCH/USDT:USDT,0.2807,219.0,0.2806,940.0,0.2809,219.0,0.281,1815.0
1753531692409,12:08:12.409,1INCH/USDT:USDT,0.2807,219.0,0.2806,940.0,0.2809,219.0,0.281,1815.0
1753531693166,12:08:13.166,1INCH/USDT:USDT,0.2807,219.0,0.2806,940.0,0.2809,219.0,0.281,1815.0
1753531693474,12:08:13.474,1INCH/USDT:USDT,0.2807,219.0,0.2806,940.0,0.2809,219.0,0.281,1815.0
1753531695192,12:08:15.192,1INCH/USDT:USDT,0.2807,219.0,0.2806,940.0,0.2809,219.0,0.281,1815.0
1753531696145,12:08:16.145,1INCH/USDT:USDT,0.2807,219.0,0.2806,940.0,0.2809,219.0,0.281,1815.0
1753531696475,12:08:16.475,1INCH/USDT:USDT,0.2807,219.0,0.2806,940.0,0.2811,9145.0,0.2812,2029.0
1753531696562,12:08:16.562,1INCH/USDT:USDT,0.2807,219.0,0.2806,940.0,0.281,219.0,0.2811,217.0
1753531696658,12:08:16.658,1INCH/USDT:USDT,0.2807,219.0,0.2806,940.0,0.281,219.0,0.2811,944.0
1753531696767,12:08:16.767,1INCH/USDT:USDT,0.2807,219.0,0.2806,940.0,0.281,219.0,0.2811,944.0
1753531696865,12:08:16.865,1INCH/USDT:USDT,0.2807,219.0,0.2806,940.0,0.281,219.0,0.2811,944.0
1753531697683,12:08:17.683,1INCH/USDT:USDT,0.2807,219.0,0.2806,940.0,0.281,219.0,0.2811,944.0
1753531700247,12:08:20.247,1INCH/USDT:USDT,0.2807,219.0,0.2806,940.0,0.281,219.0,0.2811,944.0
1753531700349,12:08:20.349,1INCH/USDT:USDT,0.2807,219.0,0.2806,940.0,0.281,219.0,0.2811,944.0
1753531700993,12:08:20.993,1INCH/USDT:USDT,0.2807,219.0,0.2806,940.0,0.281,219.0,0.2811,944.0
1753531701162,12:08:21.162,1INCH/USDT:USDT,0.2807,219.0,0.2806,940.0,0.281,219.0,0.2811,944.0
1753531702910,12:08:22.910,1INCH/USDT:USDT,0.2807,219.0,0.2806,940.0,0.281,219.0,0.2811,944.0
1753531705792,12:08:25.792,1INCH/USDT:USDT,0.2807,219.0,0.2806,940.0,0.281,219.0,0.2811,944.0
1753531708346,12:08:28.346,1INCH/USDT:USDT,0.2807,219.0,0.2806,940.0,0.281,219.0,0.2811,944.0
1753531708472,12:08:28.472,1INCH/USDT:USDT,0.2807,219.0,0.2806,940.0,0.281,219.0,0.2811,944.0
1753531709584,12:08:29.584,1INCH/USDT:USDT,0.2807,219.0,0.2806,940.0,0.281,219.0,0.2811,944.0
1753531709723,12:08:29.723,1INCH/USDT:USDT,0.2807,219.0,0.2806,940.0,0.281,219.0,0.2811,944.0
1753531710592,12:08:30.592,1INCH/USDT:USDT,0.2807,219.0,0.2806,940.0,0.281,219.0,0.2811,944.0
1753531711105,12:08:31.105,1INCH/USDT:USDT,0.2807,219.0,0.2806,940.0,0.281,219.0,0.2811,944.0
1753531711553,12:08:31.553,1INCH/USDT:USDT,0.2807,219.0,0.2806,940.0,0.281,219.0,0.2811,944.0
1753531711701,12:08:31.701,1INCH/USDT:USDT,0.2807,219.0,0.2806,940.0,0.281,219.0,0.2811,944.0
1753531714295,12:08:34.295,1INCH/USDT:USDT,0.2807,66.0,0.2806,940.0,0.281,219.0,0.2811,944.0
1753531714609,12:08:34.609,1INCH/USDT:USDT,0.2807,66.0,0.2806,940.0,0.281,219.0,0.2811,944.0
1753531715392,12:08:35.392,1INCH/USDT:USDT,0.2807,66.0,0.2806,940.0,0.281,219.0,0.2811,944.0
1753531719218,12:08:39.218,1INCH/USDT:USDT,0.2806,213.0,0.2805,1290.0,0.2809,216.0,0.281,2034.0
1753531719303,12:08:39.303,1INCH/USDT:USDT,0.2806,213.0,0.2805,1290.0,0.2809,216.0,0.281,2034.0
1753531719415,12:08:39.415,1INCH/USDT:USDT,0.2806,213.0,0.2805,1290.0,0.2809,216.0,0.281,2034.0
1753531719615,12:08:39.615,1INCH/USDT:USDT,0.2806,213.0,0.2805,1290.0,0.2809,216.0,0.281,2034.0
1753531720193,12:08:40.193,1INCH/USDT:USDT,0.2806,213.0,0.2805,1290.0,0.2809,216.0,0.281,2034.0
1753531720307,12:08:40.307,1INCH/USDT:USDT,0.2806,213.0,0.2805,1290.0,0.2809,216.0,0.281,2034.0
1753531722049,12:08:42.049,1INCH/USDT:USDT,0.2805,221.0,0.2804,2577.0,0.2808,216.0,0.2809,943.0
1753531722150,12:08:42.150,1INCH/USDT:USDT,0.2805,221.0,0.2804,1850.0,0.2808,216.0,0.2809,943.0
1753531722877,12:08:42.877,1INCH/USDT:USDT,0.2805,221.0,0.2804,1850.0,0.2808,216.0,0.2809,943.0
1753531725013,12:08:45.013,1INCH/USDT:USDT,0.2805,221.0,0.2804,1850.0,0.2808,216.0,0.2809,943.0
1753531727180,12:08:47.180,1INCH/USDT:USDT,0.2805,221.0,0.2804,1850.0,0.2808,216.0,0.2809,943.0
1753531729795,12:08:49.795,1INCH/USDT:USDT,0.2805,221.0,0.2804,1850.0,0.2808,216.0,0.2809,943.0
1753531734593,12:08:54.593,1INCH/USDT:USDT,0.2805,221.0,0.2804,1850.0,0.2808,216.0,0.2809,943.0
1753531739393,12:08:59.393,1INCH/USDT:USDT,0.2805,221.0,0.2804,1850.0,0.2808,216.0,0.2809,943.0
1753531743104,12:09:03.104,1INCH/USDT:USDT,0.2805,221.0,0.2804,1850.0,0.2808,216.0,0.2809,943.0
1753531744194,12:09:04.194,1INCH/USDT:USDT,0.2805,221.0,0.2804,1850.0,0.2808,216.0,0.2809,943.0
1753531748993,12:09:08.993,1INCH/USDT:USDT,0.2805,221.0,0.2804,1850.0,0.2808,216.0,0.2809,943.0
1753531749884,12:09:09.884,1INCH/USDT:USDT,0.2805,221.0,0.2804,1850.0,0.2808,216.0,0.2809,943.0
1753531750070,12:09:10.070,1INCH/USDT:USDT,0.2805,221.0,0.2804,1850.0,0.2808,216.0,0.2809,943.0
1753531750546,12:09:10.546,1INCH/USDT:USDT,0.2805,221.0,0.2804,1850.0,0.2808,216.0,0.2809,943.0
1753531753793,12:09:13.793,1INCH/USDT:USDT,0.2805,221.0,0.2804,1850.0,0.2808,216.0,0.2809,943.0
1753531758170,12:09:18.170,1INCH/USDT:USDT,0.2805,221.0,0.2804,1850.0,0.2808,216.0,0.2809,943.0
1753531758558,12:09:18.558,1INCH/USDT:USDT,0.2804,1850.0,0.2803,520.0,0.2807,219.0,0.2808,2031.0
1753531758667,12:09:18.667,1INCH/USDT:USDT,0.2804,1850.0,0.2803,520.0,0.2807,219.0,0.2808,2031.0
1753531758867,12:09:18.867,1INCH/USDT:USDT,0.2804,1850.0,0.2803,520.0,0.2807,219.0,0.2808,2031.0
1753531760409,12:09:20.409,1INCH/USDT:USDT,0.2804,1850.0,0.2803,520.0,0.2807,219.0,0.2808,2031.0
1753531760562,12:09:20.562,1INCH/USDT:USDT,0.2804,1850.0,0.2803,520.0,0.2807,219.0,0.2808,2031.0
1753531761444,12:09:21.444,1INCH/USDT:USDT,0.2804,1850.0,0.2803,520.0,0.2807,219.0,0.2808,2031.0
1753531763451,12:09:23.451,1INCH/USDT:USDT,0.2804,1850.0,0.2803,520.0,0.2807,219.0,0.2808,2031.0
1753531763821,12:09:23.821,1INCH/USDT:USDT,0.2803,2377.0,0.2802,9865.0,0.2806,212.0,0.2807,946.0
1753531763946,12:09:23.946,1INCH/USDT:USDT,0.2803,2377.0,0.2802,9865.0,0.2806,212.0,0.2807,946.0
1753531764070,12:09:24.070,1INCH/USDT:USDT,0.2803,2377.0,0.2802,9865.0,0.2806,212.0,0.2807,946.0
1753531764148,12:09:24.148,1INCH/USDT:USDT,0.2803,2377.0,0.2802,9865.0,0.2806,212.0,0.2807,946.0
1753531764666,12:09:24.666,1INCH/USDT:USDT,0.2803,2077.0,0.2802,9865.0,0.2806,212.0,0.2807,946.0
1753531765195,12:09:25.195,1INCH/USDT:USDT,0.2803,2077.0,0.2802,9865.0,0.2806,212.0,0.2807,946.0
1753531766203,12:09:26.203,1INCH/USDT:USDT,0.2803,2077.0,0.2802,9865.0,0.2806,212.0,0.2807,946.0
1753531767267,12:09:27.267,1INCH/USDT:USDT,0.2803,220.0,0.2802,11722.0,0.2806,212.0,0.2807,946.0
1753531767962,12:09:27.962,1INCH/USDT:USDT,0.2803,220.0,0.2802,11722.0,0.2806,212.0,0.2807,946.0
1753531768053,12:09:28.053,1INCH/USDT:USDT,0.2803,220.0,0.2802,11722.0,0.2806,212.0,0.2807,946.0
1753531768149,12:09:28.149,1INCH/USDT:USDT,0.2803,220.0,0.2802,11722.0,0.2806,212.0,0.2807,946.0
1753531768266,12:09:28.266,1INCH/USDT:USDT,0.2803,220.0,0.2802,10995.0,0.2806,212.0,0.2807,946.0
1753531768780,12:09:28.780,1INCH/USDT:USDT,0.2803,220.0,0.2802,10995.0,0.2806,212.0,0.2807,946.0
1753531768902,12:09:28.902,1INCH/USDT:USDT,0.2803,220.0,0.2802,10995.0,0.2806,212.0,0.2807,946.0
1753531769133,12:09:29.133,1INCH/USDT:USDT,0.2803,220.0,0.2802,10995.0,0.2805,212.0,0.2806,2027.0
1753531769994,12:09:29.994,1INCH/USDT:USDT,0.2803,220.0,0.2802,10995.0,0.2805,212.0,0.2806,2027.0
1753531770272,12:09:30.272,1INCH/USDT:USDT,0.2803,220.0,0.2802,10995.0,0.2805,212.0,0.2806,2027.0
1753531770328,12:09:30.328,1INCH/USDT:USDT,0.2803,220.0,0.2802,10995.0,0.2805,212.0,0.2806,2027.0
1753531770376,12:09:30.376,1INCH/USDT:USDT,0.2803,220.0,0.2802,10995.0,0.2805,212.0,0.2806,2027.0
1753531770669,12:09:30.669,1INCH/USDT:USDT,0.2803,220.0,0.2802,10995.0,0.2805,212.0,0.2806,2027.0
1753531772727,12:09:32.727,1INCH/USDT:USDT,0.2803,220.0,0.2802,11722.0,0.2806,2027.0,0.2807,946.0
1753531772873,12:09:32.873,1INCH/USDT:USDT,0.2803,220.0,0.2802,11722.0,0.2805,218.0,0.2806,2027.0
1753531772911,12:09:32.911,1INCH/USDT:USDT,0.2803,220.0,0.2802,10995.0,0.2805,218.0,0.2806,2027.0
1753531773070,12:09:33.070,1INCH/USDT:USDT,0.2802,9138.0,0.2801,220.0,0.2804,218.0,0.2805,218.0
1753531773161,12:09:33.161,1INCH/USDT:USDT,0.2802,9138.0,0.2801,2077.0,0.2804,218.0,0.2805,218.0
1753531773273,12:09:33.273,1INCH/USDT:USDT,0.2802,2.0,0.2801,2077.0,0.2804,218.0,0.2805,945.0
1753531773357,12:09:33.357,1INCH/USDT:USDT,0.2802,220.0,0.2801,2077.0,0.2804,218.0,0.2805,945.0
1753531773424,12:09:33.424,1INCH/USDT:USDT,0.2802,220.0,0.2801,2077.0,0.2804,218.0,0.2805,945.0
1753531773550,12:09:33.550,1INCH/USDT:USDT,0.2802,220.0,0.2801,220.0,0.2804,218.0,0.2805,945.0
1753531773575,12:09:33.575,1INCH/USDT:USDT,0.2802,220.0,0.2801,220.0,0.2804,218.0,0.2805,945.0
1753531774769,12:09:34.769,1INCH/USDT:USDT,0.2802,220.0,0.2801,220.0,0.2805,218.0,0.2806,2027.0
1753531774791,12:09:34.791,1INCH/USDT:USDT,0.2802,220.0,0.2801,220.0,0.2805,945.0,0.2806,2027.0
1753531775073,12:09:35.073,1INCH/USDT:USDT,0.2802,220.0,0.2801,220.0,0.2805,945.0,0.2806,2027.0
1753531775622,12:09:35.622,1INCH/USDT:USDT,0.2802,220.0,0.2801,220.0,0.2804,218.0,0.2805,945.0
1753531775875,12:09:35.875,1INCH/USDT:USDT,0.2802,220.0,0.2801,220.0,0.2805,945.0,0.2806,2027.0
1753531776069,12:09:36.069,1INCH/USDT:USDT,0.2802,220.0,0.2801,220.0,0.2805,945.0,0.2806,2027.0
1753531776195,12:09:36.195,1INCH/USDT:USDT,0.2802,220.0,0.2801,220.0,0.2805,945.0,0.2806,2027.0
1753531776368,12:09:36.368,1INCH/USDT:USDT,0.2802,220.0,0.2801,220.0,0.2805,945.0,0.2806,2027.0
1753531776390,12:09:36.390,1INCH/USDT:USDT,0.2802,220.0,0.2801,220.0,0.2805,218.0,0.2806,2027.0
1753531776522,12:09:36.522,1INCH/USDT:USDT,0.2802,220.0,0.2801,220.0,0.2805,218.0,0.2806,2027.0
1753531776586,12:09:36.586,1INCH/USDT:USDT,0.2802,220.0,0.2801,220.0,0.2805,218.0,0.2806,2027.0
1753531776677,12:09:36.677,1INCH/USDT:USDT,0.2802,220.0,0.2801,220.0,0.2805,218.0,0.2806,2027.0
1753531777169,12:09:37.169,1INCH/USDT:USDT,0.2802,220.0,0.2801,220.0,0.2805,218.0,0.2806,2027.0
1753531777267,12:09:37.267,1INCH/USDT:USDT,0.2802,220.0,0.2801,520.0,0.2805,218.0,0.2806,2027.0
1753531778248,12:09:38.248,1INCH/USDT:USDT,0.2802,220.0,0.2801,520.0,0.2805,218.0,0.2806,2027.0
1753531778572,12:09:38.572,1INCH/USDT:USDT,0.2802,220.0,0.2801,520.0,0.2806,2027.0,0.2807,1246.0
1753531778971,12:09:38.971,1INCH/USDT:USDT,0.2802,947.0,0.2801,520.0,0.2806,212.0,0.2807,1246.0
1753531779050,12:09:39.050,1INCH/USDT:USDT,0.2802,947.0,0.2801,520.0,0.2806,212.0,0.2807,1246.0
1753531779150,12:09:39.150,1INCH/USDT:USDT,0.2802,947.0,0.2801,520.0,0.2806,212.0,0.2807,946.0
1753531779407,12:09:39.407,1INCH/USDT:USDT,0.2802,947.0,0.2801,520.0,0.2807,946.0,0.2808,2331.0
1753531779864,12:09:39.864,1INCH/USDT:USDT,0.2802,947.0,0.2801,520.0,0.2806,1815.0,0.2807,946.0
1753531780378,12:09:40.378,1INCH/USDT:USDT,0.2802,947.0,0.2801,520.0,0.2806,1815.0,0.2807,946.0
1753531780974,12:09:40.974,1INCH/USDT:USDT,0.2802,2017.0,0.2801,520.0,0.2807,219.0,0.2808,2331.0
1753531781061,12:09:41.061,1INCH/USDT:USDT,0.2802,2017.0,0.2801,520.0,0.2807,219.0,0.2808,2031.0
1753531781150,12:09:41.150,1INCH/USDT:USDT,0.2802,2017.0,0.2801,520.0,0.2807,219.0,0.2808,2031.0
1753531781219,12:09:41.219,1INCH/USDT:USDT,0.2802,2317.0,0.2801,520.0,0.2807,219.0,0.2808,2031.0
1753531782031,12:09:42.031,1INCH/USDT:USDT,0.2803,214.0,0.2802,2317.0,0.2807,219.0,0.2808,2031.0
1753531782170,12:09:42.170,1INCH/USDT:USDT,0.2805,214.0,0.2804,727.0,0.2808,2031.0,0.2809,1243.0
1753531782234,12:09:42.234,1INCH/USDT:USDT,0.2805,214.0,0.2804,727.0,0.2808,2031.0,0.2809,1243.0
1753531782374,12:09:42.374,1INCH/USDT:USDT,0.2805,214.0,0.2804,727.0,0.2808,2031.0,0.2809,1243.0
1753531783066,12:09:43.066,1INCH/USDT:USDT,0.2805,214.0,0.2804,727.0,0.2808,2031.0,0.2809,1243.0
1753531783151,12:09:43.151,1INCH/USDT:USDT,0.2805,214.0,0.2804,727.0,0.2808,2031.0,0.2809,943.0
1753531783310,12:09:43.310,1INCH/USDT:USDT,0.2805,214.0,0.2804,727.0,0.2807,214.0,0.2808,2031.0
1753531783545,12:09:43.545,1INCH/USDT:USDT,0.2805,214.0,0.2803,10287.0,0.2807,214.0,0.2808,2031.0
1753531783901,12:09:43.901,1INCH/USDT:USDT,0.2805,214.0,0.2803,10287.0,0.2807,214.0,0.2808,2031.0
1753531785529,12:09:45.529,1INCH/USDT:USDT,0.2805,214.0,0.2804,727.0,0.2807,214.0,0.2808,2031.0
1753531785794,12:09:45.794,1INCH/USDT:USDT,0.2805,214.0,0.2804,727.0,0.2807,214.0,0.2808,2031.0
1753531786225,12:09:46.225,1INCH/USDT:USDT,0.2805,214.0,0.2804,727.0,0.2808,2031.0,0.2809,943.0
1753531786475,12:09:46.475,1INCH/USDT:USDT,0.2805,214.0,0.2804,727.0,0.2807,214.0,0.2808,2031.0
1753531786511,12:09:46.511,1INCH/USDT:USDT,0.2805,214.0,0.2804,727.0,0.2808,2031.0,0.2809,943.0
1753531787053,12:09:47.053,1INCH/USDT:USDT,0.2805,214.0,0.2804,727.0,0.2807,214.0,0.2808,2031.0
1753531787631,12:09:47.631,1INCH/USDT:USDT,0.2805,214.0,0.2804,727.0,0.2808,2031.0,0.2809,943.0
1753531790594,12:09:50.594,1INCH/USDT:USDT,0.2805,214.0,0.2804,727.0,0.2808,2031.0,0.2809,943.0
1753531791107,12:09:51.107,1INCH/USDT:USDT,0.2805,214.0,0.2804,727.0,0.2808,2031.0,0.2809,943.0
1753531791254,12:09:51.254,1INCH/USDT:USDT,0.2805,214.0,0.2804,727.0,0.2808,2031.0,0.2809,943.0
1753531791449,12:09:51.449,1INCH/USDT:USDT,0.2805,214.0,0.2804,727.0,0.2807,215.0,0.2808,2031.0
1753531791540,12:09:51.540,1INCH/USDT:USDT,0.2805,214.0,0.2804,727.0,0.2808,2031.0,0.2809,943.0
1753531792219,12:09:52.219,1INCH/USDT:USDT,0.2805,214.0,0.2804,727.0,0.2808,2031.0,0.2809,943.0
1753531792509,12:09:52.509,1INCH/USDT:USDT,0.2805,214.0,0.2804,727.0,0.2807,215.0,0.2808,2031.0
1753531794253,12:09:54.253,1INCH/USDT:USDT,0.2805,214.0,0.2804,727.0,0.2807,215.0,0.2808,2031.0
1753531795394,12:09:55.394,1INCH/USDT:USDT,0.2805,214.0,0.2804,727.0,0.2807,215.0,0.2808,2031.0
1753531796523,12:09:56.523,1INCH/USDT:USDT,0.2805,214.0,0.2804,727.0,0.2808,2031.0,0.2809,943.0
1753531800195,12:10:00.195,1INCH/USDT:USDT,0.2805,214.0,0.2804,727.0,0.2808,2031.0,0.2809,943.0
1753531802709,12:10:02.709,1INCH/USDT:USDT,0.2805,214.0,0.2804,727.0,0.2808,216.0,0.2809,943.0
1753531802987,12:10:02.987,1INCH/USDT:USDT,0.2805,214.0,0.2804,727.0,0.2808,216.0,0.2809,943.0
1753531804994,12:10:04.994,1INCH/USDT:USDT,0.2805,214.0,0.2804,727.0,0.2808,216.0,0.2809,943.0
1753531805249,12:10:05.249,1INCH/USDT:USDT,0.2805,214.0,0.2804,727.0,0.2808,216.0,0.2809,943.0
1753531805350,12:10:05.350,1INCH/USDT:USDT,0.2805,214.0,0.2804,727.0,0.2808,216.0,0.2809,943.0
1753531805380,12:10:05.380,1INCH/USDT:USDT,0.2805,214.0,0.2803,10287.0,0.2808,216.0,0.2809,943.0
1753531805558,12:10:05.558,1INCH/USDT:USDT,0.2805,214.0,0.2804,727.0,0.2808,216.0,0.2809,943.0
1753531805725,12:10:05.725,1INCH/USDT:USDT,0.2805,214.0,0.2803,10287.0,0.2808,216.0,0.2809,943.0
1753531805970,12:10:05.970,1INCH/USDT:USDT,0.2805,214.0,0.2804,727.0,0.2808,216.0,0.2809,943.0
1753531809795,12:10:09.795,1INCH/USDT:USDT,0.2805,214.0,0.2804,727.0,0.2808,216.0,0.2809,943.0
1753531810849,12:10:10.849,1INCH/USDT:USDT,0.2805,214.0,0.2804,727.0,0.2808,216.0,0.2809,943.0
1753531810950,12:10:10.950,1INCH/USDT:USDT,0.2805,214.0,0.2804,727.0,0.2808,216.0,0.2809,943.0
1753531814595,12:10:14.595,1INCH/USDT:USDT,0.2805,214.0,0.2804,727.0,0.2808,216.0,0.2809,943.0
1753531814690,12:10:14.690,1INCH/USDT:USDT,0.2805,214.0,0.2804,727.0,0.2808,216.0,0.2809,943.0
1753531814867,12:10:14.867,1INCH/USDT:USDT,0.2805,214.0,0.2804,727.0,0.2808,216.0,0.2809,943.0
1753531814955,12:10:14.955,1INCH/USDT:USDT,0.2805,214.0,0.2804,727.0,0.2808,216.0,0.2809,943.0
1753531819395,12:10:19.395,1INCH/USDT:USDT,0.2805,214.0,0.2804,727.0,0.2808,216.0,0.2809,943.0
1753531824195,12:10:24.195,1INCH/USDT:USDT,0.2805,214.0,0.2804,727.0,0.2808,216.0,0.2809,943.0
1753531827258,12:10:27.258,1INCH/USDT:USDT,0.2805,214.0,0.2804,727.0,0.2809,216.0,0.281,2334.0
1753531827365,12:10:27.365,1INCH/USDT:USDT,0.2805,214.0,0.2804,727.0,0.2809,943.0,0.281,2334.0
1753531827554,12:10:27.554,1INCH/USDT:USDT,0.2805,214.0,0.2804,727.0,0.2809,943.0,0.281,2334.0
1753531827905,12:10:27.905,1INCH/USDT:USDT,0.2805,214.0,0.2804,727.0,0.2808,211.0,0.2809,943.0
1753531828995,12:10:28.995,1INCH/USDT:USDT,0.2805,214.0,0.2804,727.0,0.2808,211.0,0.2809,943.0
1753531829159,12:10:29.159,1INCH/USDT:USDT,0.2805,214.0,0.2804,727.0,0.2808,211.0,0.2809,943.0
1753531829980,12:10:29.980,1INCH/USDT:USDT,0.2805,214.0,0.2804,727.0,0.2808,211.0,0.2809,943.0
1753531830181,12:10:30.181,1INCH/USDT:USDT,0.2805,214.0,0.2804,727.0,0.2808,211.0,0.2809,943.0
1753531830913,12:10:30.913,1INCH/USDT:USDT,0.2805,214.0,0.2804,727.0,0.2809,943.0,0.281,2334.0
1753531830996,12:10:30.996,1INCH/USDT:USDT,0.2805,214.0,0.2804,727.0,0.2808,215.0,0.2809,216.0
1753531831133,12:10:31.133,1INCH/USDT:USDT,0.2805,214.0,0.2804,727.0,0.2809,216.0,0.281,2334.0
1753531832219,12:10:32.219,1INCH/USDT:USDT,0.2805,214.0,0.2804,727.0,0.2809,216.0,0.281,2334.0
1753531832382,12:10:32.382,1INCH/USDT:USDT,0.2805,214.0,0.2804,727.0,0.2809,216.0,0.281,2334.0
1753531832984,12:10:32.984,1INCH/USDT:USDT,0.2805,214.0,0.2804,727.0,0.2809,216.0,0.281,2334.0
1753531833571,12:10:33.571,1INCH/USDT:USDT,0.2805,214.0,0.2804,727.0,0.2809,216.0,0.281,2334.0
1753531833587,12:10:33.587,1INCH/USDT:USDT,0.2805,214.0,0.2804,727.0,0.2809,216.0,0.281,2334.0
1753531833797,12:10:33.797,1INCH/USDT:USDT,0.2805,214.0,0.2804,727.0,0.2809,216.0,0.281,2334.0
1753531837059,12:10:37.059,1INCH/USDT:USDT,0.2805,214.0,0.2804,727.0,0.2809,216.0,0.281,2334.0
1753531837303,12:10:37.303,1INCH/USDT:USDT,0.2805,214.0,0.2804,727.0,0.2808,215.0,0.2809,943.0
1753531838603,12:10:38.603,1INCH/USDT:USDT,0.2805,214.0,0.2804,727.0,0.2808,215.0,0.2809,943.0
1753531839770,12:10:39.770,1INCH/USDT:USDT,0.2805,214.0,0.2804,727.0,0.2808,215.0,0.2809,943.0
1753531843395,12:10:43.395,1INCH/USDT:USDT,0.2805,214.0,0.2804,727.0,0.2808,215.0,0.2809,943.0
1753531848209,12:10:48.209,1INCH/USDT:USDT,0.2805,214.0,0.2804,727.0,0.2808,215.0,0.2809,943.0
1753531848290,12:10:48.290,1INCH/USDT:USDT,0.2805,214.0,0.2804,727.0,0.2808,215.0,0.2809,943.0
1753531848461,12:10:48.461,1INCH/USDT:USDT,0.2805,214.0,0.2804,727.0,0.2808,215.0,0.2809,943.0
1753531848749,12:10:48.749,1INCH/USDT:USDT,0.2805,214.0,0.2804,727.0,0.2808,215.0,0.2809,943.0
1753531850280,12:10:50.280,1INCH/USDT:USDT,0.2805,214.0,0.2804,727.0,0.2808,215.0,0.2809,943.0
1753531852997,12:10:52.997,1INCH/USDT:USDT,0.2805,214.0,0.2804,727.0,0.2808,215.0,0.2809,943.0
1753531857018,12:10:57.018,1INCH/USDT:USDT,0.2805,214.0,0.2804,727.0,0.2809,216.0,0.281,2334.0
1753531857245,12:10:57.245,1INCH/USDT:USDT,0.2805,214.0,0.2804,727.0,0.2809,216.0,0.281,2334.0
1753531857861,12:10:57.861,1INCH/USDT:USDT,0.2805,214.0,0.2804,727.0,0.2809,216.0,0.281,2334.0
1753531858115,12:10:58.115,1INCH/USDT:USDT,0.2805,214.0,0.2804,727.0,0.2809,216.0,0.281,2334.0
1753531858368,12:10:58.368,1INCH/USDT:USDT,0.2805,214.0,0.2804,727.0,0.2809,216.0,0.281,2334.0
1753531858390,12:10:58.390,1INCH/USDT:USDT,0.2805,214.0,0.2804,727.0,0.2809,216.0,0.281,2334.0
1753531858549,12:10:58.549,1INCH/USDT:USDT,0.2805,214.0,0.2804,727.0,0.2809,216.0,0.281,2334.0
1753531860212,12:11:00.212,1INCH/USDT:USDT,0.2805,214.0,0.2804,9744.0,0.2809,216.0,0.281,2334.0
1753531860431,12:11:00.431,1INCH/USDT:USDT,0.2807,220.0,0.2806,727.0,0.2809,216.0,0.281,2334.0
1753531860556,12:11:00.556,1INCH/USDT:USDT,0.2807,220.0,0.2805,214.0,0.2809,216.0,0.281,2334.0
1753531860575,12:11:00.575,1INCH/USDT:USDT,0.2805,214.0,0.2804,9744.0,0.2809,216.0,0.281,2334.0
1753531860980,12:11:00.980,1INCH/USDT:USDT,0.2805,214.0,0.2804,9744.0,0.2809,216.0,0.281,2334.0
1753531862273,12:11:02.273,1INCH/USDT:USDT,0.2806,727.0,0.2805,214.0,0.2809,216.0,0.281,2034.0
1753531862348,12:11:02.348,1INCH/USDT:USDT,0.2807,220.0,0.2806,727.0,0.2809,216.0,0.281,2034.0
1753531862552,12:11:02.552,1INCH/USDT:USDT,0.2807,220.0,0.2806,727.0,0.281,2034.0,0.2811,1244.0
1753531862608,12:11:02.608,1INCH/USDT:USDT,0.2807,220.0,0.2806,727.0,0.281,2034.0,0.2811,1244.0
1753531864515,12:11:04.515,1INCH/USDT:USDT,0.2807,220.0,0.2806,727.0,0.281,2034.0,0.2811,1244.0
1753531864629,12:11:04.629,1INCH/USDT:USDT,0.2807,220.0,0.2806,727.0,0.281,2034.0,0.2811,1244.0
1753531865263,12:11:05.263,1INCH/USDT:USDT,0.2807,220.0,0.2806,727.0,0.2809,220.0,0.281,2034.0
1753531865443,12:11:05.443,1INCH/USDT:USDT,0.2807,220.0,0.2806,727.0,0.2809,220.0,0.281,2034.0
1753531867397,12:11:07.397,1INCH/USDT:USDT,0.2807,220.0,0.2806,727.0,0.2809,220.0,0.281,2034.0
1753531867620,12:11:07.620,1INCH/USDT:USDT,0.2807,220.0,0.2806,727.0,0.281,2034.0,0.2811,1244.0
1753531867741,12:11:07.741,1INCH/USDT:USDT,0.2807,220.0,0.2806,727.0,0.281,2034.0,0.2811,1244.0
1753531867866,12:11:07.866,1INCH/USDT:USDT,0.2807,220.0,0.2806,727.0,0.281,2034.0,0.2811,1244.0
1753531868353,12:11:08.353,1INCH/USDT:USDT,0.2807,220.0,0.2806,727.0,0.2809,220.0,0.281,2034.0
1753531868401,12:11:08.401,1INCH/USDT:USDT,0.2807,220.0,0.2806,727.0,0.2809,220.0,0.281,2034.0
1753531868681,12:11:08.681,1INCH/USDT:USDT,0.2807,220.0,0.2806,727.0,0.2809,220.0,0.281,2034.0
1753531868810,12:11:08.810,1INCH/USDT:USDT,0.2807,220.0,0.2806,727.0,0.281,2034.0,0.2811,1244.0
1753531869095,12:11:09.095,1INCH/USDT:USDT,0.2807,220.0,0.2806,727.0,0.281,2034.0,0.2811,1244.0
1753531869461,12:11:09.461,1INCH/USDT:USDT,0.2807,220.0,0.2806,727.0,0.2809,219.0,0.281,2034.0
1753531869511,12:11:09.511,1INCH/USDT:USDT,0.2807,220.0,0.2806,727.0,0.2809,219.0,0.281,2034.0
1753531870258,12:11:10.258,1INCH/USDT:USDT,0.2807,220.0,0.2806,727.0,0.2809,219.0,0.281,2034.0
1753531870601,12:11:10.601,1INCH/USDT:USDT,0.2807,220.0,0.2806,727.0,0.2809,219.0,0.281,2034.0
1753531871361,12:11:11.361,1INCH/USDT:USDT,0.2807,220.0,0.2806,727.0,0.2809,219.0,0.281,2034.0
1753531871412,12:11:11.412,1INCH/USDT:USDT,0.2807,220.0,0.2806,727.0,0.2809,219.0,0.281,2034.0
1753531871569,12:11:11.569,1INCH/USDT:USDT,0.2807,220.0,0.2806,727.0,0.281,2034.0,0.2811,1244.0
1753531872196,12:11:12.196,1INCH/USDT:USDT,0.2807,220.0,0.2806,727.0,0.281,2034.0,0.2811,1244.0
1753531872290,12:11:12.290,1INCH/USDT:USDT,0.2807,220.0,0.2806,727.0,0.281,2034.0,0.2811,1244.0
1753531873660,12:11:13.660,1INCH/USDT:USDT,0.2807,220.0,0.2806,727.0,0.281,2034.0,0.2811,1244.0
1753531873760,12:11:13.760,1INCH/USDT:USDT,0.2807,220.0,0.2806,727.0,0.281,219.0,0.2811,1244.0
1753531876375,12:11:16.375,1INCH/USDT:USDT,0.2807,220.0,0.2806,727.0,0.281,219.0,0.2811,1244.0
1753531876560,12:11:16.560,1INCH/USDT:USDT,0.2807,220.0,0.2806,727.0,0.281,219.0,0.2811,1244.0
1753531876771,12:11:16.771,1INCH/USDT:USDT,0.2807,220.0,0.2806,727.0,0.281,219.0,0.2811,1244.0
1753531876997,12:11:16.997,1INCH/USDT:USDT,0.2807,220.0,0.2806,727.0,0.281,219.0,0.2811,1244.0
1753531880909,12:11:20.909,1INCH/USDT:USDT,0.2807,220.0,0.2806,727.0,0.2809,219.0,0.281,2034.0
1753531881049,12:11:21.049,1INCH/USDT:USDT,0.2807,220.0,0.2806,727.0,0.2809,219.0,0.281,2034.0
1753531881217,12:11:21.217,1INCH/USDT:USDT,0.2807,220.0,0.2806,727.0,0.2809,219.0,0.281,2034.0
1753531881796,12:11:21.796,1INCH/USDT:USDT,0.2807,220.0,0.2806,727.0,0.2809,219.0,0.281,2034.0
1753531883417,12:11:23.417,1INCH/USDT:USDT,0.2805,946.0,0.2804,2933.0,0.2809,219.0,0.281,2034.0
1753531885472,12:11:25.472,1INCH/USDT:USDT,0.2805,946.0,0.2804,2933.0,0.2809,219.0,0.281,2034.0
1753531885478,12:11:25.478,1INCH/USDT:USDT,0.2805,946.0,0.2804,2933.0,0.2809,219.0,0.281,2034.0
1753531885595,12:11:25.595,1INCH/USDT:USDT,0.2805,946.0,0.2804,2933.0,0.2809,219.0,0.281,2034.0
1753531886038,12:11:26.038,1INCH/USDT:USDT,0.2805,1246.0,0.2804,2933.0,0.2809,219.0,0.281,2034.0
1753531886570,12:11:26.570,1INCH/USDT:USDT,0.2805,1246.0,0.2804,2933.0,0.2809,219.0,0.281,2034.0
1753531886596,12:11:26.596,1INCH/USDT:USDT,0.2805,1246.0,0.2804,2933.0,0.2809,219.0,0.281,2034.0
1753531888452,12:11:28.452,1INCH/USDT:USDT,0.2805,1246.0,0.2804,2933.0,0.2809,219.0,0.281,2034.0
1753531888550,12:11:28.550,1INCH/USDT:USDT,0.2805,1246.0,0.2804,2933.0,0.2809,219.0,0.281,2034.0
1753531889481,12:11:29.481,1INCH/USDT:USDT,0.2805,1246.0,0.2804,2933.0,0.2809,219.0,0.281,2034.0
1753531891109,12:11:31.109,1INCH/USDT:USDT,0.2805,1246.0,0.2804,2933.0,0.2809,219.0,0.281,2034.0
1753531891189,12:11:31.189,1INCH/USDT:USDT,0.2805,1246.0,0.2804,2933.0,0.2809,219.0,0.281,2034.0
1753531891396,12:11:31.396,1INCH/USDT:USDT,0.2805,1246.0,0.2804,2933.0,0.2809,219.0,0.281,2034.0
1753531891549,12:11:31.549,1INCH/USDT:USDT,0.2805,1246.0,0.2804,2933.0,0.2809,219.0,0.281,2034.0
1753531892305,12:11:32.305,1INCH/USDT:USDT,0.2805,1246.0,0.2804,2933.0,0.2809,219.0,0.281,2034.0
1753531892428,12:11:32.428,1INCH/USDT:USDT,0.2805,1246.0,0.2804,2933.0,0.2809,219.0,0.281,2034.0
1753531892757,12:11:32.757,1INCH/USDT:USDT,0.2805,1246.0,0.2804,2933.0,0.2809,219.0,0.281,2034.0
1753531892961,12:11:32.961,1INCH/USDT:USDT,0.2805,1246.0,0.2804,2933.0,0.2807,218.0,0.2808,1815.0
1753531893313,12:11:33.313,1INCH/USDT:USDT,0.2805,1246.0,0.2804,2933.0,0.2808,1815.0,0.2809,219.0
1753531893622,12:11:33.622,1INCH/USDT:USDT,0.2805,1246.0,0.2804,2933.0,0.2808,1815.0,0.2809,219.0
1753531893718,12:11:33.718,1INCH/USDT:USDT,0.2805,1246.0,0.2804,2933.0,0.2808,1815.0,0.2809,219.0
1753531894860,12:11:34.860,1INCH/USDT:USDT,0.2805,1246.0,0.2804,2933.0,0.2809,219.0,0.281,2034.0
1753531894939,12:11:34.939,1INCH/USDT:USDT,0.2805,1246.0,0.2804,2933.0,0.2809,219.0,0.281,2034.0
1753531895051,12:11:35.051,1INCH/USDT:USDT,0.2805,519.0,0.2804,3660.0,0.2808,218.0,0.2809,946.0
1753531895168,12:11:35.168,1INCH/USDT:USDT,0.2805,519.0,0.2804,3660.0,0.2808,218.0,0.2809,946.0
1753531895352,12:11:35.352,1INCH/USDT:USDT,0.2805,519.0,0.2804,3660.0,0.2808,218.0,0.2809,946.0
1753531896198,12:11:36.198,1INCH/USDT:USDT,0.2805,519.0,0.2804,3660.0,0.2808,218.0,0.2809,946.0
1753531896354,12:11:36.354,1INCH/USDT:USDT,0.2805,519.0,0.2804,3660.0,0.2809,946.0,0.281,2034.0
1753531896420,12:11:36.420,1INCH/USDT:USDT,0.2805,519.0,0.2804,3660.0,0.2809,219.0,0.281,2034.0
1753531896572,12:11:36.572,1INCH/USDT:USDT,0.2805,519.0,0.2804,3660.0,0.2809,219.0,0.281,2034.0
1753531896722,12:11:36.722,1INCH/USDT:USDT,0.2805,519.0,0.2804,3660.0,0.2809,219.0,0.281,2034.0
1753531898892,12:11:38.892,1INCH/USDT:USDT,0.2805,519.0,0.2804,3960.0,0.2809,219.0,0.281,2034.0
1753531900846,12:11:40.846,1INCH/USDT:USDT,0.2805,519.0,0.2804,3960.0,0.2809,219.0,0.281,2034.0
1753531900997,12:11:40.997,1INCH/USDT:USDT,0.2805,519.0,0.2804,3960.0,0.2809,219.0,0.281,2034.0
1753531901842,12:11:41.842,1INCH/USDT:USDT,0.2805,519.0,0.2804,3960.0,0.2809,219.0,0.281,2034.0
1753531901959,12:11:41.959,1INCH/USDT:USDT,0.2805,519.0,0.2804,3960.0,0.2809,219.0,0.281,2034.0
1753531902874,12:11:42.874,1INCH/USDT:USDT,0.2805,519.0,0.2804,3960.0,0.2809,219.0,0.281,2034.0
1753531902874,12:11:42.874,1INCH/USDT:USDT,0.2805,519.0,0.2804,3960.0,0.2809,219.0,0.281,2034.0
1753531903025,12:11:43.025,1INCH/USDT:USDT,0.2805,519.0,0.2804,3960.0,0.2809,219.0,0.281,2034.0
1753531903441,12:11:43.441,1INCH/USDT:USDT,0.2805,519.0,0.2804,3960.0,0.2809,219.0,0.281,2034.0
1753531904574,12:11:44.574,1INCH/USDT:USDT,0.2805,519.0,0.2804,3960.0,0.2809,219.0,0.281,2034.0
1753531904799,12:11:44.799,1INCH/USDT:USDT,0.2805,519.0,0.2804,3960.0,0.2809,219.0,0.281,2034.0
1753531905806,12:11:45.806,1INCH/USDT:USDT,0.2805,519.0,0.2804,3960.0,0.2809,219.0,0.281,2034.0
1753531906846,12:11:46.846,1INCH/USDT:USDT,0.2805,519.0,0.2804,3960.0,0.2809,219.0,0.281,2034.0
1753531909288,12:11:49.288,1INCH/USDT:USDT,0.2805,519.0,0.2804,3960.0,0.2809,219.0,0.281,2034.0
1753531909546,12:11:49.546,1INCH/USDT:USDT,0.2805,519.0,0.2804,3960.0,0.2809,219.0,0.281,2034.0
1753531910597,12:11:50.597,1INCH/USDT:USDT,0.2805,519.0,0.2804,3960.0,0.2809,219.0,0.281,2034.0
1753531911649,12:11:51.649,1INCH/USDT:USDT,0.2806,727.0,0.2805,519.0,0.2809,219.0,0.281,2034.0
1753531911749,12:11:51.749,1INCH/USDT:USDT,0.2806,727.0,0.2805,519.0,0.2809,219.0,0.281,2034.0
1753531911900,12:11:51.900,1INCH/USDT:USDT,0.2806,727.0,0.2805,519.0,0.2809,219.0,0.281,2034.0
1753531912130,12:11:52.130,1INCH/USDT:USDT,0.2806,727.0,0.2805,519.0,0.2809,219.0,0.281,2034.0
1753531915398,12:11:55.398,1INCH/USDT:USDT,0.2806,727.0,0.2805,519.0,0.2809,219.0,0.281,2034.0
1753531915703,12:11:55.703,1INCH/USDT:USDT,0.2806,727.0,0.2805,519.0,0.2809,219.0,0.281,2034.0
1753531919120,12:11:59.120,1INCH/USDT:USDT,0.2806,727.0,0.2805,519.0,0.2809,219.0,0.281,2034.0
1753531919281,12:11:59.281,1INCH/USDT:USDT,0.2806,727.0,0.2805,519.0,0.2809,219.0,0.281,2034.0
1753531920197,12:12:00.197,1INCH/USDT:USDT,0.2806,727.0,0.2805,519.0,0.2809,219.0,0.281,2034.0
1753531923711,12:12:03.711,1INCH/USDT:USDT,0.2806,727.0,0.2805,519.0,0.2809,219.0,0.281,2034.0
1753531923849,12:12:03.849,1INCH/USDT:USDT,0.2806,727.0,0.2805,519.0,0.2809,219.0,0.281,2034.0
1753531923881,12:12:03.881,1INCH/USDT:USDT,0.2806,727.0,0.2805,519.0,0.2809,219.0,0.281,2034.0
1753531924000,12:12:04.000,1INCH/USDT:USDT,0.2806,727.0,0.2805,519.0,0.2809,219.0,0.281,2034.0
1753531924999,12:12:04.999,1INCH/USDT:USDT,0.2806,727.0,0.2805,519.0,0.2809,219.0,0.281,2034.0
1753531926659,12:12:06.659,1INCH/USDT:USDT,0.2806,727.0,0.2805,519.0,0.281,2034.0,0.2811,1244.0
1753531926760,12:12:06.760,1INCH/USDT:USDT,0.2806,727.0,0.2805,519.0,0.281,2034.0,0.2811,1244.0
1753531926798,12:12:06.798,1INCH/USDT:USDT,0.2806,727.0,0.2805,519.0,0.281,2034.0,0.2811,1244.0
1753531927580,12:12:07.580,1INCH/USDT:USDT,0.2806,1027.0,0.2805,519.0,0.281,2034.0,0.2811,1244.0
1753531929797,12:12:09.797,1INCH/USDT:USDT,0.2806,1027.0,0.2805,519.0,0.281,2034.0,0.2811,1244.0
1753531930227,12:12:10.227,1INCH/USDT:USDT,0.2806,1027.0,0.2805,519.0,0.2809,219.0,0.281,2034.0
1753531930368,12:12:10.368,1INCH/USDT:USDT,0.2806,1027.0,0.2805,519.0,0.2809,219.0,0.281,2034.0
1753531930434,12:12:10.434,1INCH/USDT:USDT,0.2806,1027.0,0.2805,519.0,0.2809,219.0,0.281,2034.0
1753531930479,12:12:10.479,1INCH/USDT:USDT,0.2806,1027.0,0.2805,519.0,0.2809,219.0,0.281,2034.0
1753531930579,12:12:10.579,1INCH/USDT:USDT,0.2806,519.0,0.2805,519.0,0.2809,219.0,0.281,2034.0
1753531933364,12:12:13.364,1INCH/USDT:USDT,0.2806,219.0,0.2805,519.0,0.2808,219.0,0.2809,946.0
1753531933397,12:12:13.397,1INCH/USDT:USDT,0.2806,219.0,0.2805,519.0,0.2808,219.0,0.2809,946.0
1753531933775,12:12:13.775,1INCH/USDT:USDT,0.2806,219.0,0.2805,519.0,0.2808,219.0,0.2809,946.0
1753531933775,12:12:13.775,1INCH/USDT:USDT,0.2806,219.0,0.2805,519.0,0.2808,219.0,0.2809,946.0
1753531934280,12:12:14.280,1INCH/USDT:USDT,0.2806,219.0,0.2805,519.0,0.2808,219.0,0.2809,946.0
1753531934598,12:12:14.598,1INCH/USDT:USDT,0.2806,219.0,0.2805,519.0,0.2808,219.0,0.2809,946.0
1753531935441,12:12:15.441,1INCH/USDT:USDT,0.2806,219.0,0.2805,519.0,0.2809,946.0,0.281,2034.0
1753531935531,12:12:15.531,1INCH/USDT:USDT,0.2806,219.0,0.2805,519.0,0.2809,219.0,0.281,2034.0
1753531935764,12:12:15.764,1INCH/USDT:USDT,0.2806,219.0,0.2805,519.0,0.2809,219.0,0.281,2034.0
1753531936177,12:12:16.177,1INCH/USDT:USDT,0.2806,219.0,0.2805,519.0,0.2809,219.0,0.281,2034.0
1753531938448,12:12:18.448,1INCH/USDT:USDT,0.2806,219.0,0.2805,519.0,0.2808,1815.0,0.2809,946.0
1753531938549,12:12:18.549,1INCH/USDT:USDT,0.2806,219.0,0.2805,519.0,0.2808,1815.0,0.2809,946.0
1753531938601,12:12:18.601,1INCH/USDT:USDT,0.2806,219.0,0.2805,519.0,0.2808,1815.0,0.2809,946.0
1753531938973,12:12:18.973,1INCH/USDT:USDT,0.2806,219.0,0.2805,519.0,0.2808,219.0,0.2809,946.0
1753531939017,12:12:19.017,1INCH/USDT:USDT,0.2806,219.0,0.2805,519.0,0.2808,219.0,0.2809,946.0
1753531939340,12:12:19.340,1INCH/USDT:USDT,0.2805,219.0,0.2804,300.0,0.2808,219.0,0.2809,946.0
1753531939441,12:12:19.441,1INCH/USDT:USDT,0.2805,219.0,0.2804,300.0,0.2808,219.0,0.2809,946.0
1753531939846,12:12:19.846,1INCH/USDT:USDT,0.2805,219.0,0.2804,300.0,0.2808,219.0,0.2809,946.0
1753531940998,12:12:20.998,1INCH/USDT:USDT,0.2805,219.0,0.2804,300.0,0.2808,219.0,0.2809,946.0
1753531942676,12:12:22.676,1INCH/USDT:USDT,0.2805,219.0,0.2804,1027.0,0.2808,219.0,0.2809,946.0
1753531943071,12:12:23.071,1INCH/USDT:USDT,0.2805,219.0,0.2804,1027.0,0.2809,946.0,0.281,2034.0
1753531943157,12:12:23.157,1INCH/USDT:USDT,0.2805,219.0,0.2804,1027.0,0.2809,946.0,0.281,2034.0
1753531943418,12:12:23.418,1INCH/USDT:USDT,0.2806,213.0,0.2805,519.0,0.2809,946.0,0.281,2034.0
1753531943481,12:12:23.481,1INCH/USDT:USDT,0.2806,213.0,0.2805,519.0,0.2809,946.0,0.281,2034.0
1753531944009,12:12:24.009,1INCH/USDT:USDT,0.2806,213.0,0.2805,519.0,0.2809,946.0,0.281,2034.0
1753531944185,12:12:24.185,1INCH/USDT:USDT,0.2806,213.0,0.2805,519.0,0.2809,946.0,0.281,2034.0
1753531945555,12:12:25.555,1INCH/USDT:USDT,0.2806,213.0,0.2805,519.0,0.2809,219.0,0.281,2034.0
1753531945651,12:12:25.651,1INCH/USDT:USDT,0.2806,213.0,0.2805,519.0,0.281,2034.0,0.2811,1244.0
1753531945751,12:12:25.751,1INCH/USDT:USDT,0.2806,213.0,0.2805,519.0,0.281,2034.0,0.2811,1244.0
1753531945804,12:12:25.804,1INCH/USDT:USDT,0.2806,213.0,0.2805,519.0,0.281,2034.0,0.2811,1244.0
1753531945913,12:12:25.913,1INCH/USDT:USDT,0.2806,213.0,0.2805,519.0,0.281,2034.0,0.2811,1244.0
1753531946365,12:12:26.365,1INCH/USDT:USDT,0.2807,213.0,0.2806,513.0,0.281,2034.0,0.2811,1244.0
1753531946471,12:12:26.471,1INCH/USDT:USDT,0.2807,213.0,0.2806,513.0,0.281,2034.0,0.2811,1244.0
1753531947710,12:12:27.710,1INCH/USDT:USDT,0.2807,213.0,0.2806,513.0,0.2809,213.0,0.281,2034.0
1753531948307,12:12:28.307,1INCH/USDT:USDT,0.2807,213.0,0.2806,513.0,0.2809,213.0,0.281,2034.0
1753531950599,12:12:30.599,1INCH/USDT:USDT,0.2807,213.0,0.2806,513.0,0.2809,213.0,0.281,2034.0
1753531950689,12:12:30.689,1INCH/USDT:USDT,0.2807,213.0,0.2806,513.0,0.2809,213.0,0.281,2034.0
1753531953460,12:12:33.460,1INCH/USDT:USDT,0.2807,213.0,0.2806,513.0,0.2809,213.0,0.281,2034.0
1753531953560,12:12:33.560,1INCH/USDT:USDT,0.2807,213.0,0.2806,513.0,0.2809,213.0,0.281,2034.0
1753531953651,12:12:33.651,1INCH/USDT:USDT,0.2807,213.0,0.2806,513.0,0.2809,213.0,0.281,2034.0
1753531955249,12:12:35.249,1INCH/USDT:USDT,0.2807,213.0,0.2806,513.0,0.2809,213.0,0.281,2034.0
1753531955398,12:12:35.398,1INCH/USDT:USDT,0.2807,213.0,0.2806,513.0,0.2809,213.0,0.281,2034.0
1753531955718,12:12:35.718,1INCH/USDT:USDT,0.2807,213.0,0.2806,513.0,0.281,2034.0,0.2811,1244.0
1753531955780,12:12:35.780,1INCH/USDT:USDT,0.2807,213.0,0.2806,513.0,0.281,219.0,0.2811,1244.0
1753531956340,12:12:36.340,1INCH/USDT:USDT,0.2807,213.0,0.2806,513.0,0.281,2034.0,0.2811,1244.0
1753531956667,12:12:36.667,1INCH/USDT:USDT,0.2807,213.0,0.2806,513.0,0.281,2034.0,0.2811,1244.0
1753531956820,12:12:36.820,1INCH/USDT:USDT,0.2807,213.0,0.2806,513.0,0.2809,217.0,0.281,2034.0
1753531957198,12:12:37.198,1INCH/USDT:USDT,0.2807,213.0,0.2806,513.0,0.2809,217.0,0.281,2034.0
1753531958346,12:12:38.346,1INCH/USDT:USDT,0.2807,213.0,0.2806,513.0,0.2809,217.0,0.281,2034.0
1753531960198,12:12:40.198,1INCH/USDT:USDT,0.2807,213.0,0.2806,513.0,0.2809,217.0,0.281,2034.0
1753531963917,12:12:43.917,1INCH/USDT:USDT,0.2807,213.0,0.2806,513.0,0.2809,217.0,0.281,2034.0
1753531964144,12:12:44.144,1INCH/USDT:USDT,0.2807,213.0,0.2806,513.0,0.2809,217.0,0.281,2034.0
1753531964940,12:12:44.940,1INCH/USDT:USDT,0.2807,213.0,0.2806,513.0,0.2809,217.0,0.281,2034.0
1753531964998,12:12:44.998,1INCH/USDT:USDT,0.2807,213.0,0.2806,513.0,0.2809,217.0,0.281,2034.0
1753531965440,12:12:45.440,1INCH/USDT:USDT,0.2807,213.0,0.2806,513.0,0.2809,217.0,0.281,2034.0
1753531966107,12:12:46.107,1INCH/USDT:USDT,0.2807,213.0,0.2806,513.0,0.2809,217.0,0.281,2034.0
1753531966618,12:12:46.618,1INCH/USDT:USDT,0.2807,213.0,0.2806,513.0,0.2809,217.0,0.281,2034.0
1753531967956,12:12:47.956,1INCH/USDT:USDT,0.2807,213.0,0.2806,513.0,0.2809,217.0,0.281,2034.0
1753531968155,12:12:48.155,1INCH/USDT:USDT,0.2807,213.0,0.2806,513.0,0.2809,217.0,0.281,2034.0
1753531969799,12:12:49.799,1INCH/USDT:USDT,0.2807,213.0,0.2806,513.0,0.2809,217.0,0.281,2034.0
1753531970946,12:12:50.946,1INCH/USDT:USDT,0.2807,213.0,0.2806,513.0,0.2809,217.0,0.281,2034.0
1753531971093,12:12:51.093,1INCH/USDT:USDT,0.2807,213.0,0.2806,513.0,0.2809,217.0,0.281,2034.0
1753531972961,12:12:52.961,1INCH/USDT:USDT,0.2807,213.0,0.2806,513.0,0.2809,217.0,0.281,2034.0
1753531973108,12:12:53.108,1INCH/USDT:USDT,0.2807,213.0,0.2806,513.0,0.2809,217.0,0.281,2034.0
1753531974601,12:12:54.601,1INCH/USDT:USDT,0.2807,213.0,0.2806,513.0,0.2809,217.0,0.281,2034.0
1753531974759,12:12:54.759,1INCH/USDT:USDT,0.2807,213.0,0.2806,513.0,0.2809,217.0,0.281,2034.0
1753531976882,12:12:56.882,1INCH/USDT:USDT,0.2807,213.0,0.2806,513.0,0.2809,217.0,0.281,2034.0
1753531976989,12:12:56.989,1INCH/USDT:USDT,0.2807,213.0,0.2806,513.0,0.2809,217.0,0.281,2034.0
1753531978950,12:12:58.950,1INCH/USDT:USDT,0.2807,213.0,0.2806,513.0,0.2809,217.0,0.281,2034.0
1753531981031,12:13:01.031,1INCH/USDT:USDT,0.2807,213.0,0.2806,513.0,0.2809,217.0,0.281,2034.0
1753531985399,12:13:05.399,1INCH/USDT:USDT,0.2807,213.0,0.2806,513.0,0.2809,217.0,0.281,2034.0
1753531985489,12:13:05.489,1INCH/USDT:USDT,0.2807,213.0,0.2806,513.0,0.2809,217.0,0.281,2034.0
1753531987660,12:13:07.660,1INCH/USDT:USDT,0.2807,213.0,0.2806,1240.0,0.281,219.0,0.2811,1244.0
1753531987761,12:13:07.761,1INCH/USDT:USDT,0.2807,213.0,0.2806,1240.0,0.281,219.0,0.2811,517.0
1753531987910,12:13:07.910,1INCH/USDT:USDT,0.2807,213.0,0.2806,1240.0,0.281,219.0,0.2811,517.0
1753531989989,12:13:09.989,1INCH/USDT:USDT,0.2807,213.0,0.2806,1240.0,0.281,219.0,0.2811,517.0
1753531990092,12:13:10.092,1INCH/USDT:USDT,0.2807,213.0,0.2806,1240.0,0.281,219.0,0.2811,517.0
1753531990199,12:13:10.199,1INCH/USDT:USDT,0.2807,213.0,0.2806,1240.0,0.281,219.0,0.2811,517.0
1753531990284,12:13:10.284,1INCH/USDT:USDT,0.2807,213.0,0.2806,1240.0,0.281,219.0,0.2811,517.0
1753531991466,12:13:11.466,1INCH/USDT:USDT,0.2807,213.0,0.2806,1240.0,0.281,219.0,0.2811,517.0
1753531991989,12:13:11.989,1INCH/USDT:USDT,0.2807,213.0,0.2806,1240.0,0.281,219.0,0.2811,517.0
1753531992130,12:13:12.130,1INCH/USDT:USDT,0.2807,213.0,0.2806,1240.0,0.281,219.0,0.2811,517.0
1753531992985,12:13:12.985,1INCH/USDT:USDT,0.2807,213.0,0.2806,1240.0,0.281,219.0,0.2811,517.0
1753531993291,12:13:13.291,1INCH/USDT:USDT,0.2807,213.0,0.2806,1240.0,0.281,219.0,0.2811,517.0
1753531993947,12:13:13.947,1INCH/USDT:USDT,0.2807,213.0,0.2806,1240.0,0.281,219.0,0.2811,517.0
1753531994999,12:13:14.999,1INCH/USDT:USDT,0.2807,213.0,0.2806,1240.0,0.281,219.0,0.2811,517.0
1753531995810,12:13:15.810,1INCH/USDT:USDT,0.2808,217.0,0.2807,513.0,0.281,219.0,0.2811,517.0
1753531996619,12:13:16.619,1INCH/USDT:USDT,0.2808,217.0,0.2807,513.0,0.281,219.0,0.2811,517.0
1753531997012,12:13:17.012,1INCH/USDT:USDT,0.2808,217.0,0.2807,513.0,0.281,219.0,0.2811,517.0
1753531999090,12:13:19.090,1INCH/USDT:USDT,0.2808,217.0,0.2807,513.0,0.2811,517.0,0.2812,3056.0
1753531999266,12:13:19.266,1INCH/USDT:USDT,0.2808,217.0,0.2807,513.0,0.2811,517.0,0.2812,3056.0
1753531999454,12:13:19.454,1INCH/USDT:USDT,0.2808,217.0,0.2807,513.0,0.2811,517.0,0.2812,3056.0
1753531999799,12:13:19.799,1INCH/USDT:USDT,0.2808,217.0,0.2807,513.0,0.2811,517.0,0.2812,3056.0
1753531999967,12:13:19.967,1INCH/USDT:USDT,0.2808,217.0,0.2807,513.0,0.281,218.0,0.2811,517.0
1753532000258,12:13:20.258,1INCH/USDT:USDT,0.2808,217.0,0.2807,513.0,0.281,218.0,0.2811,517.0
1753532000329,12:13:20.329,1INCH/USDT:USDT,0.2808,217.0,0.2807,513.0,0.281,218.0,0.2811,517.0
1753532003351,12:13:23.351,1INCH/USDT:USDT,0.2807,513.0,0.2806,513.0,0.281,218.0,0.2811,517.0
1753532003525,12:13:23.525,1INCH/USDT:USDT,0.2807,513.0,0.2806,1240.0,0.281,218.0,0.2811,517.0
1753532004600,12:13:24.600,1INCH/USDT:USDT,0.2807,513.0,0.2806,1240.0,0.281,218.0,0.2811,517.0
1753532006187,12:13:26.187,1INCH/USDT:USDT,0.2808,218.0,0.2807,513.0,0.281,218.0,0.2811,517.0
1753532006310,12:13:26.310,1INCH/USDT:USDT,0.2807,513.0,0.2806,1240.0,0.281,218.0,0.2811,517.0
1753532008352,12:13:28.352,1INCH/USDT:USDT,0.2808,218.0,0.2807,513.0,0.281,218.0,0.2811,517.0
1753532009399,12:13:29.399,1INCH/USDT:USDT,0.2808,218.0,0.2807,513.0,0.281,218.0,0.2811,517.0
1753532009491,12:13:29.491,1INCH/USDT:USDT,0.2808,218.0,0.2807,513.0,0.281,218.0,0.2811,517.0
1753532009644,12:13:29.644,1INCH/USDT:USDT,0.2808,218.0,0.2807,513.0,0.281,218.0,0.2811,517.0
1753532010049,12:13:30.049,1INCH/USDT:USDT,0.2808,218.0,0.2807,513.0,0.281,218.0,0.2811,517.0
1753532010984,12:13:30.984,1INCH/USDT:USDT,0.2807,513.0,0.2806,1240.0,0.281,218.0,0.2811,517.0
1753532011257,12:13:31.257,1INCH/USDT:USDT,0.2807,513.0,0.2806,513.0,0.281,218.0,0.2811,517.0
1753532011406,12:13:31.406,1INCH/USDT:USDT,0.2807,513.0,0.2806,1240.0,0.281,218.0,0.2811,517.0
1753532011568,12:13:31.568,1INCH/USDT:USDT,0.2806,513.0,0.2805,9515.0,0.281,218.0,0.2811,517.0
1753532011663,12:13:31.663,1INCH/USDT:USDT,0.2806,513.0,0.2805,9515.0,0.2808,210.0,0.2809,1815.0
1753532011750,12:13:31.750,1INCH/USDT:USDT,0.2806,513.0,0.2805,9515.0,0.2808,210.0,0.2809,1815.0
1753532012007,12:13:32.007,1INCH/USDT:USDT,0.2806,513.0,0.2805,9515.0,0.2808,210.0,0.2809,1815.0
1753532012333,12:13:32.333,1INCH/USDT:USDT,0.2806,513.0,0.2805,9515.0,0.2808,210.0,0.2809,1815.0
1753532012571,12:13:32.571,1INCH/USDT:USDT,0.2806,513.0,0.2805,9515.0,0.2808,210.0,0.2809,1815.0
1753532012880,12:13:32.880,1INCH/USDT:USDT,0.2806,513.0,0.2805,9515.0,0.2808,210.0,0.2809,1815.0
1753532013363,12:13:33.363,1INCH/USDT:USDT,0.2805,519.0,0.2804,37022.0,0.2808,210.0,0.2809,1815.0
1753532013453,12:13:33.453,1INCH/USDT:USDT,0.2806,210.0,0.2805,519.0,0.2808,210.0,0.2809,1815.0
1753532013549,12:13:33.549,1INCH/USDT:USDT,0.2805,519.0,0.2804,2157.0,0.2807,2025.0,0.2808,937.0
1753532013648,12:13:33.648,1INCH/USDT:USDT,0.2805,519.0,0.2804,2157.0,0.2807,2025.0,0.2808,937.0
1753532013773,12:13:33.773,1INCH/USDT:USDT,0.2805,519.0,0.2804,2157.0,0.2807,210.0,0.2808,937.0
1753532013862,12:13:33.862,1INCH/USDT:USDT,0.2806,210.0,0.2805,519.0,0.2808,210.0,0.2809,1815.0
1753532014051,12:13:34.051,1INCH/USDT:USDT,0.2806,210.0,0.2805,519.0,0.2808,210.0,0.2809,1815.0
1753532014139,12:13:34.139,1INCH/USDT:USDT,0.2806,210.0,0.2805,519.0,0.2808,210.0,0.2809,1815.0
1753532014247,12:13:34.247,1INCH/USDT:USDT,0.2806,210.0,0.2805,519.0,0.2808,210.0,0.2809,1815.0
1753532015005,12:13:35.005,1INCH/USDT:USDT,0.2806,210.0,0.2805,519.0,0.2808,210.0,0.2809,1815.0
1753532017035,12:13:37.035,1INCH/USDT:USDT,0.2806,210.0,0.2805,519.0,0.2808,210.0,0.2809,1815.0
1753532021473,12:13:41.473,1INCH/USDT:USDT,0.2806,210.0,0.2805,519.0,0.2808,937.0,0.2809,1815.0
1753532021525,12:13:41.525,1INCH/USDT:USDT,0.2806,210.0,0.2805,519.0,0.2808,937.0,0.2809,1815.0
1753532021814,12:13:41.814,1INCH/USDT:USDT,0.2806,210.0,0.2805,519.0,0.2808,937.0,0.2809,1815.0
1753532023827,12:13:43.827,1INCH/USDT:USDT,0.2806,210.0,0.2805,519.0,0.2808,937.0,0.2809,1815.0
1753532024829,12:13:44.829,1INCH/USDT:USDT,0.2806,210.0,0.2805,519.0,0.2808,937.0,0.2809,1815.0
1753532024992,12:13:44.992,1INCH/USDT:USDT,0.2806,210.0,0.2805,519.0,0.2808,937.0,0.2809,1815.0
1753532026614,12:13:46.614,1INCH/USDT:USDT,0.2806,210.0,0.2805,519.0,0.2808,937.0,0.2809,1815.0
1753532028573,12:13:48.573,1INCH/USDT:USDT,0.2806,210.0,0.2805,519.0,0.2809,215.0,0.281,1245.0
1753532028649,12:13:48.649,1INCH/USDT:USDT,0.2806,210.0,0.2805,519.0,0.2809,215.0,0.281,1245.0
1753532028703,12:13:48.703,1INCH/USDT:USDT,0.2806,210.0,0.2805,519.0,0.2809,215.0,0.281,1245.0
1753532029820,12:13:49.820,1INCH/USDT:USDT,0.2806,210.0,0.2805,519.0,0.2809,215.0,0.281,3060.0
1753532031414,12:13:51.414,1INCH/USDT:USDT,0.2806,210.0,0.2805,519.0,0.2809,215.0,0.281,3060.0
1753532033279,12:13:53.279,1INCH/USDT:USDT,0.2806,210.0,0.2805,519.0,0.2809,215.0,0.281,3060.0
1753532033402,12:13:53.402,1INCH/USDT:USDT,0.2806,210.0,0.2805,519.0,0.2809,215.0,0.281,3060.0
1753532034460,12:13:54.460,1INCH/USDT:USDT,0.2806,210.0,0.2805,519.0,0.2809,215.0,0.281,3060.0
1753532034686,12:13:54.686,1INCH/USDT:USDT,0.2806,210.0,0.2805,519.0,0.2809,215.0,0.281,3060.0
1753532035580,12:13:55.580,1INCH/USDT:USDT,0.2806,210.0,0.2805,519.0,0.2809,215.0,0.281,3060.0
1753532036247,12:13:56.247,1INCH/USDT:USDT,0.2807,220.0,0.2806,937.0,0.2809,215.0,0.281,2333.0
1753532036558,12:13:56.558,1INCH/USDT:USDT,0.2806,210.0,0.2805,519.0,0.2809,215.0,0.281,2333.0
1753532037413,12:13:57.413,1INCH/USDT:USDT,0.2806,210.0,0.2805,519.0,0.2809,215.0,0.281,2333.0
1753532037598,12:13:57.598,1INCH/USDT:USDT,0.2806,210.0,0.2805,519.0,0.2809,215.0,0.281,2333.0
1753532038689,12:13:58.689,1INCH/USDT:USDT,0.2806,210.0,0.2805,519.0,0.2809,215.0,0.281,2333.0
1753532038936,12:13:58.936,1INCH/USDT:USDT,0.2806,210.0,0.2805,519.0,0.2809,215.0,0.281,2333.0
1753532041025,12:14:01.025,1INCH/USDT:USDT,0.2806,210.0,0.2805,519.0,0.2809,215.0,0.281,2333.0
1753532044975,12:14:04.975,1INCH/USDT:USDT,0.2807,211.0,0.2806,937.0,0.2811,938.0,0.2812,1815.0
1753532045051,12:14:05.051,1INCH/USDT:USDT,0.2807,211.0,0.2806,937.0,0.2811,938.0,0.2812,1815.0
1753532045174,12:14:05.174,1INCH/USDT:USDT,0.2807,211.0,0.2806,210.0,0.2811,938.0,0.2812,1815.0
1753532045243,12:14:05.243,1INCH/USDT:USDT,0.2806,210.0,0.2805,2334.0,0.2811,938.0,0.2812,1815.0
1753532045473,12:14:05.473,1INCH/USDT:USDT,0.2806,210.0,0.2805,2334.0,0.2811,938.0,0.2812,1815.0
1753532045814,12:14:05.814,1INCH/USDT:USDT,0.2806,210.0,0.2805,2334.0,0.2811,938.0,0.2812,1815.0
1753532046236,12:14:06.236,1INCH/USDT:USDT,0.2806,210.0,0.2805,2334.0,0.2811,1238.0,0.2812,1815.0
1753532048930,12:14:08.930,1INCH/USDT:USDT,0.2806,210.0,0.2805,2334.0,0.2811,1238.0,0.2812,1815.0
1753532049017,12:14:09.017,1INCH/USDT:USDT,0.2806,210.0,0.2805,2334.0,0.2811,1238.0,0.2812,1815.0
1753532049505,12:14:09.505,1INCH/USDT:USDT,0.2806,210.0,0.2805,2334.0,0.2811,1238.0,0.2812,1815.0
1753532049747,12:14:09.747,1INCH/USDT:USDT,0.2806,210.0,0.2805,2334.0,0.2811,1238.0,0.2812,1815.0
1753532049921,12:14:09.921,1INCH/USDT:USDT,0.2806,210.0,0.2805,2334.0,0.2811,1238.0,0.2812,1815.0
1753532050046,12:14:10.046,1INCH/USDT:USDT,0.2806,210.0,0.2805,2334.0,0.2811,1238.0,0.2812,1815.0
1753532050191,12:14:10.191,1INCH/USDT:USDT,0.2807,215.0,0.2806,510.0,0.2811,1238.0,0.2812,1815.0
1753532050616,12:14:10.616,1INCH/USDT:USDT,0.2807,215.0,0.2806,510.0,0.2811,1238.0,0.2812,1815.0
1753532050715,12:14:10.715,1INCH/USDT:USDT,0.2807,215.0,0.2806,510.0,0.2811,1238.0,0.2812,1815.0
1753532051052,12:14:11.052,1INCH/USDT:USDT,0.2807,215.0,0.2806,510.0,0.2811,1238.0,0.2812,1815.0
1753532051411,12:14:11.411,1INCH/USDT:USDT,0.2807,215.0,0.2806,510.0,0.2811,1238.0,0.2812,1815.0
1753532052358,12:14:12.358,1INCH/USDT:USDT,0.2807,215.0,0.2806,510.0,0.2811,1238.0,0.2812,1815.0
1753532053851,12:14:13.851,1INCH/USDT:USDT,0.2807,215.0,0.2806,1237.0,0.2811,1238.0,0.2812,1815.0
1753532054230,12:14:14.230,1INCH/USDT:USDT,0.2807,215.0,0.2806,1237.0,0.2811,1238.0,0.2812,1815.0
1753532054397,12:14:14.397,1INCH/USDT:USDT,0.2807,215.0,0.2806,1237.0,0.2811,1238.0,0.2812,1815.0
1753532055120,12:14:15.120,1INCH/USDT:USDT,0.2807,215.0,0.2806,510.0,0.2811,1238.0,0.2812,1815.0
1753532055426,12:14:15.426,1INCH/USDT:USDT,0.2807,215.0,0.2806,1237.0,0.2811,1238.0,0.2812,1815.0
1753532056165,12:14:16.165,1INCH/USDT:USDT,0.2807,215.0,0.2806,1237.0,0.2811,1238.0,0.2812,1815.0
1753532056270,12:14:16.270,1INCH/USDT:USDT,0.2807,215.0,0.2806,510.0,0.2811,1238.0,0.2812,1815.0
1753532056388,12:14:16.388,1INCH/USDT:USDT,0.2807,215.0,0.2806,510.0,0.2811,1238.0,0.2812,1815.0
1753532057367,12:14:17.367,1INCH/USDT:USDT,0.2807,215.0,0.2806,510.0,0.2811,1238.0,0.2812,1815.0
1753532059593,12:14:19.593,1INCH/USDT:USDT,0.2807,215.0,0.2806,510.0,0.2811,1238.0,0.2812,1815.0
1753532063746,12:14:23.746,1INCH/USDT:USDT,0.2807,215.0,0.2806,510.0,0.2811,1238.0,0.2812,1815.0
1753532063805,12:14:23.805,1INCH/USDT:USDT,0.2807,215.0,0.2806,1237.0,0.2811,1238.0,0.2812,1815.0
1753532063876,12:14:23.876,1INCH/USDT:USDT,0.2807,215.0,0.2806,1237.0,0.2811,1238.0,0.2812,1815.0
1753532064003,12:14:24.003,1INCH/USDT:USDT,0.2807,215.0,0.2806,510.0,0.2811,1238.0,0.2812,1815.0
1753532064166,12:14:24.166,1INCH/USDT:USDT,0.2807,215.0,0.2806,1237.0,0.2811,1238.0,0.2812,1815.0
1753532064198,12:14:24.198,1INCH/USDT:USDT,0.2807,215.0,0.2806,1237.0,0.2811,1238.0,0.2812,1815.0
1753532065020,12:14:25.020,1INCH/USDT:USDT,0.2807,215.0,0.2806,1237.0,0.2811,1238.0,0.2812,1815.0
1753532067663,12:14:27.663,1INCH/USDT:USDT,0.2807,215.0,0.2806,1237.0,0.2811,1238.0,0.2812,1815.0
1753532068976,12:14:28.976,1INCH/USDT:USDT,0.2807,215.0,0.2806,1237.0,0.2811,1238.0,0.2812,1815.0
1753532069551,12:14:29.551,1INCH/USDT:USDT,0.2807,215.0,0.2806,1237.0,0.2811,1238.0,0.2812,1815.0
1753532069760,12:14:29.760,1INCH/USDT:USDT,0.2808,213.0,0.2807,215.0,0.2811,1238.0,0.2812,1815.0
1753532069859,12:14:29.859,1INCH/USDT:USDT,0.2808,213.0,0.2807,215.0,0.2811,938.0,0.2813,300.0
1753532069922,12:14:29.922,1INCH/USDT:USDT,0.2807,215.0,0.2806,1237.0,0.2811,938.0,0.2813,300.0
1753532070020,12:14:30.020,1INCH/USDT:USDT,0.2808,213.0,0.2807,2030.0,0.2811,938.0,0.2813,300.0
1753532070453,12:14:30.453,1INCH/USDT:USDT,0.2807,215.0,0.2806,1237.0,0.2811,938.0,0.2813,300.0
1753532074426,12:14:34.426,1INCH/USDT:USDT,0.2807,215.0,0.2806,1237.0,0.2811,211.0,0.2812,727.0
1753532074488,12:14:34.488,1INCH/USDT:USDT,0.2807,215.0,0.2806,1237.0,0.2811,211.0,0.2812,727.0
1753532079215,12:14:39.215,1INCH/USDT:USDT,0.2807,215.0,0.2806,1237.0,0.2811,211.0,0.2812,727.0
1753532079355,12:14:39.355,1INCH/USDT:USDT,0.2807,215.0,0.2806,1237.0,0.2811,211.0,0.2812,727.0
1753532084016,12:14:44.016,1INCH/USDT:USDT,0.2807,215.0,0.2806,1237.0,0.2811,211.0,0.2812,727.0
1753532088752,12:14:48.752,1INCH/USDT:USDT,0.2807,215.0,0.2806,1237.0,0.2811,211.0,0.2812,727.0
1753532088815,12:14:48.815,1INCH/USDT:USDT,0.2807,215.0,0.2806,1237.0,0.2811,211.0,0.2812,727.0
1753532090260,12:14:50.260,1INCH/USDT:USDT,0.2807,215.0,0.2806,1237.0,0.2811,211.0,0.2812,727.0
1753532090591,12:14:50.591,1INCH/USDT:USDT,0.2807,215.0,0.2806,1237.0,0.2811,211.0,0.2812,727.0
1753532095745,12:14:55.745,1INCH/USDT:USDT,0.2807,215.0,0.2806,1237.0,0.2811,211.0,0.2812,727.0
1753532095825,12:14:55.825,1INCH/USDT:USDT,0.2807,215.0,0.2806,1237.0,0.2811,211.0,0.2812,727.0
1753532096422,12:14:56.422,1INCH/USDT:USDT,0.2807,215.0,0.2806,1237.0,0.2811,211.0,0.2812,727.0
1753532096666,12:14:56.666,1INCH/USDT:USDT,0.2808,219.0,0.2807,515.0,0.2811,211.0,0.2812,727.0
1753532096686,12:14:56.686,1INCH/USDT:USDT,0.2808,219.0,0.2807,515.0,0.2811,211.0,0.2812,727.0
1753532097039,12:14:57.039,1INCH/USDT:USDT,0.2808,219.0,0.2807,515.0,0.2811,211.0,0.2812,727.0
1753532097458,12:14:57.458,1INCH/USDT:USDT,0.2808,219.0,0.2807,515.0,0.2811,211.0,0.2812,727.0
1753532100629,12:15:00.629,1INCH/USDT:USDT,0.2808,219.0,0.2807,515.0,0.2811,211.0,0.2812,727.0
1753532100693,12:15:00.693,1INCH/USDT:USDT,0.2808,219.0,0.2807,515.0,0.2811,211.0,0.2812,727.0
1753532100849,12:15:00.849,1INCH/USDT:USDT,0.2808,219.0,0.2807,515.0,0.2811,211.0,0.2812,727.0
1753532102281,12:15:02.281,1INCH/USDT:USDT,0.2808,219.0,0.2807,515.0,0.2811,211.0,0.2812,727.0
1753532105416,12:15:05.416,1INCH/USDT:USDT,0.2808,219.0,0.2807,515.0,0.2811,211.0,0.2812,727.0
1753532111713,12:15:11.713,1INCH/USDT:USDT,0.2808,219.0,0.2807,515.0,0.2811,211.0,0.2812,727.0
1753532111838,12:15:11.838,1INCH/USDT:USDT,0.2808,219.0,0.2807,515.0,0.2811,211.0,0.2812,727.0
1753532118331,12:15:18.331,1INCH/USDT:USDT,0.2808,219.0,0.2807,515.0,0.2811,211.0,0.2812,727.0
1753532122017,12:15:22.017,1INCH/USDT:USDT,0.2808,219.0,0.2807,515.0,0.2811,211.0,0.2812,727.0
1753532124136,12:15:24.136,1INCH/USDT:USDT,0.2808,219.0,0.2807,2330.0,0.2812,727.0,0.2813,300.0
1753532124265,12:15:24.265,1INCH/USDT:USDT,0.2808,946.0,0.2807,2330.0,0.2813,219.0,0.2814,2758.0
1753532124371,12:15:24.371,1INCH/USDT:USDT,0.2809,519.0,0.2808,1246.0,0.2813,219.0,0.2814,943.0
1753532124420,12:15:24.420,1INCH/USDT:USDT,0.281,219.0,0.2809,519.0,0.2813,219.0,0.2814,943.0
1753532124563,12:15:24.563,1INCH/USDT:USDT,0.281,219.0,0.2809,519.0,0.2813,219.0,0.2814,943.0
1753532124656,12:15:24.656,1INCH/USDT:USDT,0.281,219.0,0.2809,2334.0,0.2813,219.0,0.2814,943.0
1753532124763,12:15:24.763,1INCH/USDT:USDT,0.281,219.0,0.2809,2334.0,0.2813,219.0,0.2814,943.0
1753532124872,12:15:24.872,1INCH/USDT:USDT,0.281,219.0,0.2809,2334.0,0.2813,219.0,0.2814,943.0
1753532125340,12:15:25.340,1INCH/USDT:USDT,0.281,219.0,0.2809,2334.0,0.2813,219.0,0.2814,943.0
1753532125445,12:15:25.445,1INCH/USDT:USDT,0.281,219.0,0.2809,519.0,0.2813,219.0,0.2814,943.0
1753532125530,12:15:25.530,1INCH/USDT:USDT,0.281,219.0,0.2809,519.0,0.2813,219.0,0.2814,943.0
1753532125588,12:15:25.588,1INCH/USDT:USDT,0.281,219.0,0.2809,519.0,0.2813,219.0,0.2814,943.0
1753532128016,12:15:28.016,1INCH/USDT:USDT,0.281,219.0,0.2809,519.0,0.2813,219.0,0.2814,943.0
1753532130420,12:15:30.420,1INCH/USDT:USDT,0.281,219.0,0.2809,519.0,0.2813,219.0,0.2814,943.0
1753532131205,12:15:31.205,1INCH/USDT:USDT,0.281,219.0,0.2809,2334.0,0.2813,219.0,0.2814,943.0
1753532132061,12:15:32.061,1INCH/USDT:USDT,0.281,219.0,0.2809,2334.0,0.2814,943.0,0.2815,513.0
1753532132146,12:15:32.146,1INCH/USDT:USDT,0.281,219.0,0.2809,2334.0,0.2814,943.0,0.2815,513.0
1753532132273,12:15:32.273,1INCH/USDT:USDT,0.2811,211.0,0.281,946.0,0.2813,211.0,0.2814,216.0
1753532132356,12:15:32.356,1INCH/USDT:USDT,0.2811,211.0,0.281,946.0,0.2814,216.0,0.2815,513.0
1753532132458,12:15:32.458,1INCH/USDT:USDT,0.2811,211.0,0.281,946.0,0.2814,216.0,0.2815,513.0
1753532132584,12:15:32.584,1INCH/USDT:USDT,0.2811,211.0,0.281,946.0,0.2814,216.0,0.2815,513.0
1753532132687,12:15:32.687,1INCH/USDT:USDT,0.2811,211.0,0.281,946.0,0.2814,216.0,0.2815,513.0
1753532132819,12:15:32.819,1INCH/USDT:USDT,0.2811,211.0,0.281,946.0,0.2814,216.0,0.2815,513.0
1753532133617,12:15:33.617,1INCH/USDT:USDT,0.2811,211.0,0.281,946.0,0.2814,216.0,0.2815,513.0
1753532134034,12:15:34.034,1INCH/USDT:USDT,0.2811,211.0,0.281,946.0,0.2814,216.0,0.2815,513.0
1753532137617,12:15:37.617,1INCH/USDT:USDT,0.2811,211.0,0.281,946.0,0.2814,216.0,0.2815,513.0
1753532142112,12:15:42.112,1INCH/USDT:USDT,0.2811,211.0,0.281,946.0,0.2814,216.0,0.2815,513.0
1753532142426,12:15:42.426,1INCH/USDT:USDT,0.2811,211.0,0.281,946.0,0.2814,216.0,0.2815,513.0
1753532142510,12:15:42.510,1INCH/USDT:USDT,0.2811,211.0,0.281,946.0,0.2814,216.0,0.2815,513.0
1753532143433,12:15:43.433,1INCH/USDT:USDT,0.2811,211.0,0.281,946.0,0.2814,216.0,0.2815,513.0
1753532147227,12:15:47.227,1INCH/USDT:USDT,0.2811,211.0,0.281,946.0,0.2814,216.0,0.2815,513.0
1753532148085,12:15:48.085,1INCH/USDT:USDT,0.2811,211.0,0.281,946.0,0.2814,216.0,0.2815,513.0
1753532148803,12:15:48.803,1INCH/USDT:USDT,0.2811,211.0,0.281,946.0,0.2814,216.0,0.2815,513.0
1753532150062,12:15:50.062,1INCH/USDT:USDT,0.2811,211.0,0.281,946.0,0.2814,216.0,0.2815,513.0
1753532152017,12:15:52.017,1INCH/USDT:USDT,0.2811,211.0,0.281,946.0,0.2814,216.0,0.2815,513.0
1753532152475,12:15:52.475,1INCH/USDT:USDT,0.2811,2026.0,0.281,946.0,0.2815,213.0,0.2816,1239.0
1753532152524,12:15:52.524,1INCH/USDT:USDT,0.2812,217.0,0.2811,2026.0,0.2815,213.0,0.2816,1239.0
1753532152627,12:15:52.627,1INCH/USDT:USDT,0.2811,211.0,0.281,946.0,0.2815,213.0,0.2816,1239.0
1753532152935,12:15:52.935,1INCH/USDT:USDT,0.2811,211.0,0.281,946.0,0.2815,213.0,0.2816,1239.0
1753532153038,12:15:53.038,1INCH/USDT:USDT,0.2812,217.0,0.2811,511.0,0.2815,213.0,0.2816,1239.0
1753532153259,12:15:53.259,1INCH/USDT:USDT,0.2812,217.0,0.2811,511.0,0.2815,213.0,0.2816,1239.0
1753532153361,12:15:53.361,1INCH/USDT:USDT,0.2812,217.0,0.2811,511.0,0.2815,213.0,0.2816,1239.0
1753532153427,12:15:53.427,1INCH/USDT:USDT,0.2812,217.0,0.2811,511.0,0.2815,213.0,0.2816,1239.0
1753532153647,12:15:53.647,1INCH/USDT:USDT,0.2812,217.0,0.2811,511.0,0.2815,213.0,0.2816,1239.0
1753532154659,12:15:54.659,1INCH/USDT:USDT,0.2812,217.0,0.2811,511.0,0.2815,213.0,0.2816,1239.0
1753532156445,12:15:56.445,1INCH/USDT:USDT,0.2812,217.0,0.2811,511.0,0.2815,213.0,0.2816,1239.0
1753532156817,12:15:56.817,1INCH/USDT:USDT,0.2812,217.0,0.2811,511.0,0.2815,213.0,0.2816,1239.0
1753532158104,12:15:58.104,1INCH/USDT:USDT,0.2812,217.0,0.2811,2326.0,0.2815,213.0,0.2816,1239.0
1753532158272,12:15:58.272,1INCH/USDT:USDT,0.2812,217.0,0.2811,2326.0,0.2815,213.0,0.2816,1239.0
1753532160607,12:16:00.607,1INCH/USDT:USDT,0.2812,217.0,0.2811,511.0,0.2815,213.0,0.2816,1239.0
1753532160698,12:16:00.698,1INCH/USDT:USDT,0.2812,217.0,0.2811,511.0,0.2815,213.0,0.2816,1239.0
1753532161617,12:16:01.617,1INCH/USDT:USDT,0.2812,217.0,0.2811,511.0,0.2815,213.0,0.2816,1239.0
1753532162871,12:16:02.871,1INCH/USDT:USDT,0.2812,217.0,0.2811,511.0,0.2815,213.0,0.2816,1239.0
1753532162950,12:16:02.950,1INCH/USDT:USDT,0.2812,217.0,0.2811,511.0,0.2815,213.0,0.2816,1239.0
1753532164894,12:16:04.894,1INCH/USDT:USDT,0.2812,217.0,0.2811,2326.0,0.2815,213.0,0.2816,1239.0
1753532165148,12:16:05.148,1INCH/USDT:USDT,0.2812,217.0,0.2811,511.0,0.2815,213.0,0.2816,1239.0
1753532166417,12:16:06.417,1INCH/USDT:USDT,0.2812,217.0,0.2811,511.0,0.2815,213.0,0.2816,1239.0
1753532166756,12:16:06.756,1INCH/USDT:USDT,0.2812,217.0,0.2811,511.0,0.2815,213.0,0.2816,1239.0
1753532166971,12:16:06.971,1INCH/USDT:USDT,0.2812,217.0,0.2811,511.0,0.2815,213.0,0.2816,1239.0
1753532167478,12:16:07.478,1INCH/USDT:USDT,0.2812,217.0,0.2811,2326.0,0.2815,213.0,0.2816,1239.0
1753532167975,12:16:07.975,1INCH/USDT:USDT,0.2812,217.0,0.2811,2326.0,0.2815,213.0,0.2816,1239.0
1753532167975,12:16:07.975,1INCH/USDT:USDT,0.2812,217.0,0.2811,2326.0,0.2815,213.0,0.2816,1239.0
1753532169143,12:16:09.143,1INCH/USDT:USDT,0.2812,217.0,0.2811,511.0,0.2815,213.0,0.2816,1239.0
1753532169194,12:16:09.194,1INCH/USDT:USDT,0.2812,217.0,0.2811,511.0,0.2815,213.0,0.2816,1239.0
1753532171217,12:16:11.217,1INCH/USDT:USDT,0.2812,217.0,0.2811,511.0,0.2815,213.0,0.2816,1239.0
1753532172424,12:16:12.424,1INCH/USDT:USDT,0.2812,217.0,0.2811,2326.0,0.2815,213.0,0.2816,1239.0
1753532172822,12:16:12.822,1INCH/USDT:USDT,0.2812,217.0,0.2811,2326.0,0.2815,213.0,0.2816,1239.0
1753532174250,12:16:14.250,1INCH/USDT:USDT,0.2812,217.0,0.2811,511.0,0.2815,213.0,0.2816,1239.0
1753532174444,12:16:14.444,1INCH/USDT:USDT,0.2812,217.0,0.2811,511.0,0.2815,213.0,0.2816,1239.0
1753532174758,12:16:14.758,1INCH/USDT:USDT,0.2812,217.0,0.2811,511.0,0.2815,213.0,0.2816,1239.0
1753532174805,12:16:14.805,1INCH/USDT:USDT,0.2812,217.0,0.2811,2326.0,0.2815,213.0,0.2816,1239.0
1753532174904,12:16:14.904,1INCH/USDT:USDT,0.2812,217.0,0.2811,511.0,0.2815,213.0,0.2816,1239.0
1753532175275,12:16:15.275,1INCH/USDT:USDT,0.2812,217.0,0.2811,511.0,0.2815,213.0,0.2816,1239.0
1753532176018,12:16:16.018,1INCH/USDT:USDT,0.2812,217.0,0.2811,511.0,0.2815,213.0,0.2816,1239.0
1753532176276,12:16:16.276,1INCH/USDT:USDT,0.2812,217.0,0.2811,511.0,0.2815,213.0,0.2816,1239.0
1753532176446,12:16:16.446,1INCH/USDT:USDT,0.2812,217.0,0.2811,511.0,0.2815,213.0,0.2816,1239.0
1753532177274,12:16:17.274,1INCH/USDT:USDT,0.2812,217.0,0.2811,511.0,0.2815,213.0,0.2816,1239.0
1753532177400,12:16:17.400,1INCH/USDT:USDT,0.2812,217.0,0.2811,511.0,0.2815,213.0,0.2816,1239.0
1753532178304,12:16:18.304,1INCH/USDT:USDT,0.2812,217.0,0.2811,511.0,0.2815,213.0,0.2816,1239.0
1753532178625,12:16:18.625,1INCH/USDT:USDT,0.2812,217.0,0.2811,511.0,0.2815,213.0,0.2816,1239.0
1753532179486,12:16:19.486,1INCH/USDT:USDT,0.2812,217.0,0.2811,511.0,0.2815,213.0,0.2816,1239.0
1753532180360,12:16:20.360,1INCH/USDT:USDT,0.2812,217.0,0.2811,511.0,0.2815,213.0,0.2816,1239.0
1753532180623,12:16:20.623,1INCH/USDT:USDT,0.2812,217.0,0.2811,511.0,0.2815,213.0,0.2816,1239.0
1753532180818,12:16:20.818,1INCH/USDT:USDT,0.2812,217.0,0.2811,511.0,0.2815,213.0,0.2816,1239.0
1753532181330,12:16:21.330,1INCH/USDT:USDT,0.2812,217.0,0.2811,511.0,0.2815,213.0,0.2816,1239.0
1753532181768,12:16:21.768,1INCH/USDT:USDT,0.2812,217.0,0.2811,511.0,0.2815,213.0,0.2816,1239.0
1753532181946,12:16:21.946,1INCH/USDT:USDT,0.2812,217.0,0.2811,511.0,0.2815,213.0,0.2816,1239.0
1753532182461,12:16:22.461,1INCH/USDT:USDT,0.2812,217.0,0.2811,511.0,0.2815,213.0,0.2816,1239.0
1753532184410,12:16:24.410,1INCH/USDT:USDT,0.2812,217.0,0.2811,511.0,0.2815,213.0,0.2816,1239.0
1753532184486,12:16:24.486,1INCH/USDT:USDT,0.2812,217.0,0.2811,511.0,0.2815,213.0,0.2816,1239.0
1753532185619,12:16:25.619,1INCH/USDT:USDT,0.2812,217.0,0.2811,511.0,0.2815,213.0,0.2816,1239.0
1753532186369,12:16:26.369,1INCH/USDT:USDT,0.2812,217.0,0.2811,511.0,0.2815,213.0,0.2816,1239.0
1753532186519,12:16:26.519,1INCH/USDT:USDT,0.2812,217.0,0.2811,511.0,0.2815,213.0,0.2816,1239.0
1753532187370,12:16:27.370,1INCH/USDT:USDT,0.2812,217.0,0.2811,511.0,0.2815,213.0,0.2816,1239.0
1753532187531,12:16:27.531,1INCH/USDT:USDT,0.2812,217.0,0.2811,511.0,0.2815,213.0,0.2816,1239.0
1753532188406,12:16:28.406,1INCH/USDT:USDT,0.2812,217.0,0.2811,511.0,0.2815,213.0,0.2816,1239.0
1753532188642,12:16:28.642,1INCH/USDT:USDT,0.2812,217.0,0.2811,511.0,0.2815,213.0,0.2816,1239.0
1753532189389,12:16:29.389,1INCH/USDT:USDT,0.2812,217.0,0.2811,511.0,0.2815,213.0,0.2816,1239.0
1753532190418,12:16:30.418,1INCH/USDT:USDT,0.2812,217.0,0.2811,511.0,0.2815,213.0,0.2816,1239.0
1753532191402,12:16:31.402,1INCH/USDT:USDT,0.2812,217.0,0.2811,511.0,0.2815,213.0,0.2816,1239.0
1753532192499,12:16:32.499,1INCH/USDT:USDT,0.2811,511.0,0.281,519.0,0.2813,215.0,0.2814,727.0
1753532192646,12:16:32.646,1INCH/USDT:USDT,0.2811,511.0,0.281,519.0,0.2813,215.0,0.2814,727.0
1753532192740,12:16:32.740,1INCH/USDT:USDT,0.2811,511.0,0.281,519.0,0.2813,215.0,0.2814,727.0
1753532192963,12:16:32.963,1INCH/USDT:USDT,0.2811,511.0,0.281,519.0,0.2813,215.0,0.2814,727.0
1753532193375,12:16:33.375,1INCH/USDT:USDT,0.2811,511.0,0.281,519.0,0.2813,215.0,0.2814,727.0
1753532193720,12:16:33.720,1INCH/USDT:USDT,0.2811,511.0,0.281,519.0,0.2813,215.0,0.2814,727.0
1753532194183,12:16:34.183,1INCH/USDT:USDT,0.2811,511.0,0.281,519.0,0.2813,215.0,0.2814,727.0
1753532194410,12:16:34.410,1INCH/USDT:USDT,0.2811,511.0,0.281,519.0,0.2813,215.0,0.2814,727.0
1753532195218,12:16:35.218,1INCH/USDT:USDT,0.2811,511.0,0.281,519.0,0.2813,215.0,0.2814,727.0
1753532195288,12:16:35.288,1INCH/USDT:USDT,0.2811,511.0,0.281,519.0,0.2813,215.0,0.2814,727.0
1753532195450,12:16:35.450,1INCH/USDT:USDT,0.2811,511.0,0.281,519.0,0.2813,215.0,0.2814,727.0
1753532195632,12:16:35.632,1INCH/USDT:USDT,0.2811,511.0,0.281,519.0,0.2813,215.0,0.2814,727.0
1753532196250,12:16:36.250,1INCH/USDT:USDT,0.2811,511.0,0.281,519.0,0.2813,215.0,0.2814,727.0
1753532196458,12:16:36.458,1INCH/USDT:USDT,0.2811,511.0,0.281,519.0,0.2813,215.0,0.2814,727.0
1753532196584,12:16:36.584,1INCH/USDT:USDT,0.2811,511.0,0.281,519.0,0.2813,215.0,0.2814,727.0
1753532197476,12:16:37.476,1INCH/USDT:USDT,0.2811,511.0,0.281,519.0,0.2813,215.0,0.2814,727.0
1753532197721,12:16:37.721,1INCH/USDT:USDT,0.2811,511.0,0.281,519.0,0.2813,215.0,0.2814,727.0
1753532197812,12:16:37.812,1INCH/USDT:USDT,0.2811,511.0,0.281,519.0,0.2813,215.0,0.2814,727.0
1753532198673,12:16:38.673,1INCH/USDT:USDT,0.2811,511.0,0.281,519.0,0.2813,215.0,0.2814,727.0
1753532199031,12:16:39.031,1INCH/USDT:USDT,0.2811,511.0,0.281,519.0,0.2813,215.0,0.2814,727.0
1753532199491,12:16:39.491,1INCH/USDT:USDT,0.2811,511.0,0.281,519.0,0.2813,215.0,0.2814,727.0
1753532200018,12:16:40.018,1INCH/USDT:USDT,0.2811,511.0,0.281,519.0,0.2813,215.0,0.2814,727.0
1753532200549,12:16:40.549,1INCH/USDT:USDT,0.2811,511.0,0.281,519.0,0.2813,215.0,0.2814,727.0
1753532201003,12:16:41.003,1INCH/USDT:USDT,0.2811,511.0,0.281,519.0,0.2813,215.0,0.2814,727.0
1753532201765,12:16:41.765,1INCH/USDT:USDT,0.2811,511.0,0.281,519.0,0.2813,215.0,0.2814,727.0
1753532202493,12:16:42.493,1INCH/USDT:USDT,0.2811,511.0,0.281,519.0,0.2813,215.0,0.2814,727.0
1753532204819,12:16:44.819,1INCH/USDT:USDT,0.2811,511.0,0.281,519.0,0.2813,215.0,0.2814,727.0
1753532204886,12:16:44.886,1INCH/USDT:USDT,0.2811,511.0,0.281,519.0,0.2813,215.0,0.2814,727.0
1753532205065,12:16:45.065,1INCH/USDT:USDT,0.2811,511.0,0.281,519.0,0.2813,215.0,0.2814,727.0
1753532205920,12:16:45.920,1INCH/USDT:USDT,0.2811,511.0,0.281,519.0,0.2813,215.0,0.2814,727.0
1753532206566,12:16:46.566,1INCH/USDT:USDT,0.2811,511.0,0.281,519.0,0.2813,215.0,0.2814,727.0
1753532206590,12:16:46.590,1INCH/USDT:USDT,0.2811,511.0,0.281,519.0,0.2813,215.0,0.2814,727.0
1753532206980,12:16:46.980,1INCH/USDT:USDT,0.2811,511.0,0.281,519.0,0.2813,215.0,0.2814,727.0
1753532207768,12:16:47.768,1INCH/USDT:USDT,0.2811,511.0,0.281,519.0,0.2813,215.0,0.2814,727.0
1753532208246,12:16:48.246,1INCH/USDT:USDT,0.2811,511.0,0.281,519.0,0.2813,215.0,0.2814,727.0
1753532208588,12:16:48.588,1INCH/USDT:USDT,0.2811,511.0,0.281,519.0,0.2813,215.0,0.2814,727.0
1753532208847,12:16:48.847,1INCH/USDT:USDT,0.2811,511.0,0.281,519.0,0.2813,215.0,0.2814,727.0
1753532209574,12:16:49.574,1INCH/USDT:USDT,0.2811,511.0,0.281,519.0,0.2813,215.0,0.2814,727.0
1753532209619,12:16:49.619,1INCH/USDT:USDT,0.2811,511.0,0.281,519.0,0.2813,215.0,0.2814,727.0
1753532209930,12:16:49.930,1INCH/USDT:USDT,0.2811,511.0,0.281,519.0,0.2813,215.0,0.2814,727.0
1753532210596,12:16:50.596,1INCH/USDT:USDT,0.2811,511.0,0.281,519.0,0.2813,215.0,0.2814,727.0
1753532211620,12:16:51.620,1INCH/USDT:USDT,0.2811,511.0,0.281,519.0,0.2813,215.0,0.2814,727.0
1753532211848,12:16:51.848,1INCH/USDT:USDT,0.2811,511.0,0.281,519.0,0.2813,215.0,0.2814,727.0
1753532212829,12:16:52.829,1INCH/USDT:USDT,0.2812,219.0,0.2811,511.0,0.2813,215.0,0.2814,727.0
1753532213000,12:16:53.000,1INCH/USDT:USDT,0.2811,511.0,0.281,519.0,0.2813,215.0,0.2814,727.0
1753532213125,12:16:53.125,1INCH/USDT:USDT,0.2811,511.0,0.281,519.0,0.2813,215.0,0.2814,727.0
1753532214418,12:16:54.418,1INCH/USDT:USDT,0.2811,511.0,0.281,519.0,0.2813,215.0,0.2814,727.0
1753532214748,12:16:54.748,1INCH/USDT:USDT,0.2811,511.0,0.281,519.0,0.2813,215.0,0.2814,727.0
1753532219220,12:16:59.220,1INCH/USDT:USDT,0.2811,300.0,0.281,519.0,0.2813,215.0,0.2814,727.0
1753532219286,12:16:59.286,1INCH/USDT:USDT,0.281,519.0,0.2809,2334.0,0.2813,215.0,0.2814,727.0
1753532219584,12:16:59.584,1INCH/USDT:USDT,0.281,519.0,0.2809,2334.0,0.2813,215.0,0.2814,727.0
1753532220343,12:17:00.343,1INCH/USDT:USDT,0.2811,217.0,0.281,519.0,0.2813,215.0,0.2814,727.0
1753532224019,12:17:04.019,1INCH/USDT:USDT,0.2811,217.0,0.281,519.0,0.2813,215.0,0.2814,727.0
1753532225305,12:17:05.305,1INCH/USDT:USDT,0.2811,217.0,0.281,519.0,0.2813,215.0,0.2814,727.0
1753532225381,12:17:05.381,1INCH/USDT:USDT,0.2811,217.0,0.281,519.0,0.2813,215.0,0.2814,727.0
1753532226768,12:17:06.768,1INCH/USDT:USDT,0.2811,217.0,0.281,1246.0,0.2814,727.0,0.2815,513.0
1753532226854,12:17:06.854,1INCH/USDT:USDT,0.2811,217.0,0.281,1246.0,0.2813,217.0,0.2814,727.0
1753532227259,12:17:07.259,1INCH/USDT:USDT,0.2811,217.0,0.281,1246.0,0.2813,217.0,0.2814,727.0
1753532227870,12:17:07.870,1INCH/USDT:USDT,0.2811,217.0,0.281,519.0,0.2813,217.0,0.2814,727.0
1753532227970,12:17:07.970,1INCH/USDT:USDT,0.2811,217.0,0.281,519.0,0.2813,217.0,0.2814,727.0
1753532228070,12:17:08.070,1INCH/USDT:USDT,0.2811,217.0,0.281,519.0,0.2813,217.0,0.2814,727.0
1753532228819,12:17:08.819,1INCH/USDT:USDT,0.2811,217.0,0.281,519.0,0.2813,217.0,0.2814,727.0
1753532233652,12:17:13.652,1INCH/USDT:USDT,0.281,519.0,0.2809,2334.0,0.2813,217.0,0.2814,727.0
1753532233715,12:17:13.715,1INCH/USDT:USDT,0.281,519.0,0.2809,2334.0,0.2813,217.0,0.2814,727.0
1753532234481,12:17:14.481,1INCH/USDT:USDT,0.281,519.0,0.2809,2334.0,0.2813,217.0,0.2814,727.0
1753532234807,12:17:14.807,1INCH/USDT:USDT,0.2811,213.0,0.281,519.0,0.2813,217.0,0.2814,727.0
1753532234935,12:17:14.935,1INCH/USDT:USDT,0.2811,213.0,0.281,519.0,0.2813,217.0,0.2814,727.0
1753532236147,12:17:16.147,1INCH/USDT:USDT,0.281,519.0,0.2809,2334.0,0.2813,217.0,0.2814,727.0
1753532236326,12:17:16.326,1INCH/USDT:USDT,0.2811,213.0,0.281,519.0,0.2813,217.0,0.2814,727.0
1753532236555,12:17:16.555,1INCH/USDT:USDT,0.2811,213.0,0.281,519.0,0.2813,217.0,0.2814,727.0
1753532237280,12:17:17.280,1INCH/USDT:USDT,0.2811,213.0,0.281,519.0,0.2813,217.0,0.2814,727.0
1753532237775,12:17:17.775,1INCH/USDT:USDT,0.2811,213.0,0.281,519.0,0.2813,217.0,0.2814,727.0
1753532238419,12:17:18.419,1INCH/USDT:USDT,0.2811,213.0,0.281,519.0,0.2813,217.0,0.2814,727.0
1753532243219,12:17:23.219,1INCH/USDT:USDT,0.2811,213.0,0.281,519.0,0.2813,217.0,0.2814,727.0
1753532248019,12:17:28.019,1INCH/USDT:USDT,0.2811,213.0,0.281,519.0,0.2813,217.0,0.2814,727.0
1753532252821,12:17:32.821,1INCH/USDT:USDT,0.2811,213.0,0.281,519.0,0.2813,217.0,0.2814,727.0
1753532254037,12:17:34.037,1INCH/USDT:USDT,0.2811,213.0,0.281,519.0,0.2813,217.0,0.2814,727.0
1753532257946,12:17:37.946,1INCH/USDT:USDT,0.2811,213.0,0.281,519.0,0.2813,217.0,0.2814,727.0
1753532258304,12:17:38.304,1INCH/USDT:USDT,0.2811,213.0,0.281,519.0,0.2813,217.0,0.2814,727.0
1753532258388,12:17:38.388,1INCH/USDT:USDT,0.2811,213.0,0.281,519.0,0.2813,217.0,0.2814,727.0
1753532259164,12:17:39.164,1INCH/USDT:USDT,0.2811,213.0,0.281,519.0,0.2813,217.0,0.2814,727.0
1753532259450,12:17:39.450,1INCH/USDT:USDT,0.2811,213.0,0.281,519.0,0.2813,217.0,0.2814,727.0
1753532260054,12:17:40.054,1INCH/USDT:USDT,0.2811,213.0,0.281,519.0,0.2813,217.0,0.2814,727.0
1753532261874,12:17:41.874,1INCH/USDT:USDT,0.2811,213.0,0.281,519.0,0.2814,727.0,0.2815,513.0
1753532264827,12:17:44.827,1INCH/USDT:USDT,0.2811,213.0,0.281,519.0,0.2813,218.0,0.2814,727.0
1753532266136,12:17:46.136,1INCH/USDT:USDT,0.2811,213.0,0.281,1246.0,0.2814,727.0,0.2815,513.0
1753532266353,12:17:46.353,1INCH/USDT:USDT,0.2811,213.0,0.281,1246.0,0.2814,727.0,0.2815,513.0
1753532268866,12:17:48.866,1INCH/USDT:USDT,0.2811,213.0,0.281,1246.0,0.2814,727.0,0.2815,513.0
1753532268889,12:17:48.889,1INCH/USDT:USDT,0.2811,213.0,0.281,1246.0,0.2814,727.0,0.2815,513.0
1753532269720,12:17:49.720,1INCH/USDT:USDT,0.2811,213.0,0.281,1246.0,0.2814,727.0,0.2815,513.0
1753532270620,12:17:50.620,1INCH/USDT:USDT,0.2811,213.0,0.281,1246.0,0.2814,727.0,0.2815,513.0
1753532275421,12:17:55.421,1INCH/USDT:USDT,0.2811,213.0,0.281,1246.0,0.2814,727.0,0.2815,513.0
1753532277148,12:17:57.148,1INCH/USDT:USDT,0.2811,213.0,0.281,1246.0,0.2814,217.0,0.2815,513.0
1753532277220,12:17:57.220,1INCH/USDT:USDT,0.2811,213.0,0.281,1246.0,0.2814,217.0,0.2815,513.0
1753532277450,12:17:57.450,1INCH/USDT:USDT,0.2811,213.0,0.281,1246.0,0.2814,217.0,0.2815,513.0
1753532277628,12:17:57.628,1INCH/USDT:USDT,0.2812,217.0,0.2811,513.0,0.2814,217.0,0.2815,513.0
1753532277697,12:17:57.697,1INCH/USDT:USDT,0.2812,217.0,0.2811,513.0,0.2814,217.0,0.2815,513.0
1753532278059,12:17:58.059,1INCH/USDT:USDT,0.2812,217.0,0.2811,513.0,0.2814,217.0,0.2815,513.0
1753532278157,12:17:58.157,1INCH/USDT:USDT,0.2812,217.0,0.2811,513.0,0.2814,217.0,0.2815,513.0
1753532278277,12:17:58.277,1INCH/USDT:USDT,0.2812,217.0,0.2811,513.0,0.2814,217.0,0.2815,513.0
1753532278471,12:17:58.471,1INCH/USDT:USDT,0.2812,217.0,0.2811,513.0,0.2814,217.0,0.2815,513.0
1753532278989,12:17:58.989,1INCH/USDT:USDT,0.2812,217.0,0.2811,513.0,0.2814,217.0,0.2815,513.0
1753532279191,12:17:59.191,1INCH/USDT:USDT,0.2812,217.0,0.2811,513.0,0.2814,217.0,0.2815,513.0
1753532280221,12:18:00.221,1INCH/USDT:USDT,0.2812,217.0,0.2811,513.0,0.2814,217.0,0.2815,513.0
1753532281700,12:18:01.700,1INCH/USDT:USDT,0.2812,217.0,0.2811,513.0,0.2815,513.0,0.2816,1239.0
1753532282766,12:18:02.766,1INCH/USDT:USDT,0.2812,217.0,0.2811,513.0,0.2814,214.0,0.2815,513.0
1753532282919,12:18:02.919,1INCH/USDT:USDT,0.2812,217.0,0.2811,513.0,0.2814,214.0,0.2815,513.0
1753532283039,12:18:03.039,1INCH/USDT:USDT,0.2812,217.0,0.2811,513.0,0.2815,213.0,0.2816,1239.0
1753532285020,12:18:05.020,1INCH/USDT:USDT,0.2812,217.0,0.2811,513.0,0.2815,213.0,0.2816,1239.0
1753532286137,12:18:06.137,1INCH/USDT:USDT,0.2812,217.0,0.2811,513.0,0.2815,213.0,0.2816,1239.0
1753532286550,12:18:06.550,1INCH/USDT:USDT,0.2812,217.0,0.2811,2328.0,0.2815,213.0,0.2816,1239.0
1753532287572,12:18:07.572,1INCH/USDT:USDT,0.2812,217.0,0.2811,513.0,0.2815,213.0,0.2816,1239.0
1753532289828,12:18:09.828,1INCH/USDT:USDT,0.2812,217.0,0.2811,513.0,0.2815,213.0,0.2816,1239.0
1753532289889,12:18:09.889,1INCH/USDT:USDT,0.2812,217.0,0.2811,513.0,0.2815,213.0,0.2816,1239.0
1753532290549,12:18:10.549,1INCH/USDT:USDT,0.2812,217.0,0.2811,513.0,0.2815,213.0,0.2816,1239.0
1753532294620,12:18:14.620,1INCH/USDT:USDT,0.2812,217.0,0.2811,513.0,0.2815,213.0,0.2816,1239.0
1753532299420,12:18:19.420,1INCH/USDT:USDT,0.2812,217.0,0.2811,513.0,0.2815,213.0,0.2816,1239.0
1753532304220,12:18:24.220,1INCH/USDT:USDT,0.2812,217.0,0.2811,513.0,0.2815,213.0,0.2816,1239.0
1753532304359,12:18:24.359,1INCH/USDT:USDT,0.2812,217.0,0.2811,513.0,0.2815,213.0,0.2816,1239.0
1753532305180,12:18:25.180,1INCH/USDT:USDT,0.2812,217.0,0.2811,513.0,0.2815,213.0,0.2816,1239.0
1753532305300,12:18:25.300,1INCH/USDT:USDT,0.2812,217.0,0.2811,513.0,0.2815,213.0,0.2816,1239.0
1753532309021,12:18:29.021,1INCH/USDT:USDT,0.2812,217.0,0.2811,513.0,0.2815,213.0,0.2816,1239.0
1753532313204,12:18:33.204,1INCH/USDT:USDT,0.2812,217.0,0.2811,2328.0,0.2815,213.0,0.2816,1239.0
1753532313359,12:18:33.359,1INCH/USDT:USDT,0.2812,217.0,0.2811,2328.0,0.2815,213.0,0.2816,1239.0
1753532313454,12:18:33.454,1INCH/USDT:USDT,0.2812,217.0,0.2811,2328.0,0.2815,213.0,0.2816,1239.0
1753532313514,12:18:33.514,1INCH/USDT:USDT,0.2812,217.0,0.2811,2328.0,0.2815,213.0,0.2816,1239.0
1753532313852,12:18:33.852,1INCH/USDT:USDT,0.2812,217.0,0.2811,2328.0,0.2814,727.0,0.2815,213.0
1753532313981,12:18:33.981,1INCH/USDT:USDT,0.2812,217.0,0.2811,513.0,0.2815,213.0,0.2816,1239.0
1753532318621,12:18:38.621,1INCH/USDT:USDT,0.2812,217.0,0.2811,513.0,0.2815,213.0,0.2816,1239.0
1753532318752,12:18:38.752,1INCH/USDT:USDT,0.2812,217.0,0.2811,513.0,0.2815,213.0,0.2816,1239.0
1753532322969,12:18:42.969,1INCH/USDT:USDT,0.2812,217.0,0.2811,513.0,0.2815,213.0,0.2816,1239.0
1753532323264,12:18:43.264,1INCH/USDT:USDT,0.2811,513.0,0.281,1246.0,0.2813,221.0,0.2814,727.0
1753532323301,12:18:43.301,1INCH/USDT:USDT,0.2811,513.0,0.281,1246.0,0.2813,221.0,0.2814,727.0
1753532323421,12:18:43.421,1INCH/USDT:USDT,0.2811,513.0,0.281,1246.0,0.2813,221.0,0.2814,727.0
1753532323610,12:18:43.610,1INCH/USDT:USDT,0.2811,513.0,0.281,1246.0,0.2813,221.0,0.2814,727.0
1753532323754,12:18:43.754,1INCH/USDT:USDT,0.2811,513.0,0.281,1246.0,0.2813,221.0,0.2814,727.0
1753532325052,12:18:45.052,1INCH/USDT:USDT,0.2812,221.0,0.2811,513.0,0.2815,213.0,0.2816,1239.0
1753532325232,12:18:45.232,1INCH/USDT:USDT,0.2812,221.0,0.2811,513.0,0.2815,213.0,0.2816,1239.0
1753532325523,12:18:45.523,1INCH/USDT:USDT,0.2812,221.0,0.2811,513.0,0.2815,213.0,0.2816,1239.0
1753532328222,12:18:48.222,1INCH/USDT:USDT,0.2812,221.0,0.2811,513.0,0.2815,213.0,0.2816,1239.0
1753532328920,12:18:48.920,1INCH/USDT:USDT,0.2812,221.0,0.2811,513.0,0.2815,213.0,0.2816,1239.0
1753532329457,12:18:49.457,1INCH/USDT:USDT,0.2811,513.0,0.281,1246.0,0.2813,218.0,0.2814,727.0
1753532329661,12:18:49.661,1INCH/USDT:USDT,0.2811,513.0,0.281,1246.0,0.2813,218.0,0.2814,727.0
1753532330721,12:18:50.721,1INCH/USDT:USDT,0.2811,513.0,0.281,519.0,0.2813,218.0,0.2814,727.0
1753532330840,12:18:50.840,1INCH/USDT:USDT,0.2811,513.0,0.281,519.0,0.2813,218.0,0.2814,727.0
1753532330981,12:18:50.981,1INCH/USDT:USDT,0.2811,513.0,0.281,519.0,0.2813,218.0,0.2814,727.0
1753532331207,12:18:51.207,1INCH/USDT:USDT,0.2811,513.0,0.281,519.0,0.2813,218.0,0.2814,727.0
1753532332972,12:18:52.972,1INCH/USDT:USDT,0.2812,218.0,0.2811,513.0,0.2814,945.0,0.2815,2028.0
1753532333069,12:18:53.069,1INCH/USDT:USDT,0.2811,513.0,0.281,519.0,0.2813,218.0,0.2814,945.0
1753532333300,12:18:53.300,1INCH/USDT:USDT,0.2811,513.0,0.281,519.0,0.2813,218.0,0.2814,945.0
1753532334275,12:18:54.275,1INCH/USDT:USDT,0.2812,218.0,0.2811,513.0,0.2814,945.0,0.2815,2028.0
1753532334365,12:18:54.365,1INCH/USDT:USDT,0.2811,513.0,0.281,519.0,0.2813,218.0,0.2814,945.0
1753532335381,12:18:55.381,1INCH/USDT:USDT,0.2811,513.0,0.281,519.0,0.2813,218.0,0.2814,945.0
1753532335490,12:18:55.490,1INCH/USDT:USDT,0.2811,513.0,0.281,519.0,0.2813,218.0,0.2814,945.0
1753532335728,12:18:55.728,1INCH/USDT:USDT,0.2811,513.0,0.281,519.0,0.2813,218.0,0.2814,945.0
1753532337822,12:18:57.822,1INCH/USDT:USDT,0.2811,513.0,0.281,519.0,0.2813,218.0,0.2814,945.0
1753532338265,12:18:58.265,1INCH/USDT:USDT,0.2811,213.0,0.281,519.0,0.2813,218.0,0.2814,945.0
1753532338361,12:18:58.361,1INCH/USDT:USDT,0.2811,218.0,0.281,519.0,0.2813,218.0,0.2814,945.0
1753532338450,12:18:58.450,1INCH/USDT:USDT,0.2811,218.0,0.281,519.0,0.2813,218.0,0.2814,945.0
1753532338533,12:18:58.533,1INCH/USDT:USDT,0.2811,218.0,0.281,519.0,0.2813,218.0,0.2814,945.0
1753532339770,12:18:59.770,1INCH/USDT:USDT,0.281,519.0,0.2809,2334.0,0.2813,218.0,0.2814,945.0
1753532339790,12:18:59.790,1INCH/USDT:USDT,0.281,519.0,0.2809,2334.0,0.2813,218.0,0.2814,945.0
1753532339969,12:18:59.969,1INCH/USDT:USDT,0.2811,219.0,0.281,519.0,0.2813,218.0,0.2814,945.0
1753532340186,12:19:00.186,1INCH/USDT:USDT,0.2811,219.0,0.281,519.0,0.2813,218.0,0.2814,945.0
1753532340368,12:19:00.368,1INCH/USDT:USDT,0.2811,219.0,0.281,519.0,0.2813,218.0,0.2814,945.0
1753532341195,12:19:01.195,1INCH/USDT:USDT,0.2811,219.0,0.281,519.0,0.2813,218.0,0.2814,945.0
1753532341403,12:19:01.403,1INCH/USDT:USDT,0.2811,219.0,0.281,519.0,0.2813,218.0,0.2814,945.0
1753532342060,12:19:02.060,1INCH/USDT:USDT,0.281,519.0,0.2809,519.0,0.2813,218.0,0.2814,945.0
1753532342220,12:19:02.220,1INCH/USDT:USDT,0.281,519.0,0.2809,519.0,0.2813,218.0,0.2814,945.0
1753532342501,12:19:02.501,1INCH/USDT:USDT,0.281,519.0,0.2809,2334.0,0.2813,218.0,0.2814,945.0
