timestamp,time,symbol,bid1_price,bid1_volume,bid2_price,bid2_volume,ask1_price,ask1_volume,ask2_price,ask2_volume
1753531544000,12:05:44.000,ADA/USDT:USDT,0.8222,438.0,0.8221,1873.0,0.8223,135.0,0.8224,829.0
1753531544240,12:05:44.240,ADA/USDT:USDT,0.8222,438.0,0.8221,1873.0,0.8223,135.0,0.8224,843.0
1753531544593,12:05:44.593,ADA/USDT:USDT,0.8222,438.0,0.8221,1873.0,0.8223,123.0,0.8224,829.0
1753531544703,12:05:44.703,ADA/USDT:USDT,0.8222,438.0,0.8221,1873.0,0.8223,123.0,0.8224,829.0
1753531544801,12:05:44.801,ADA/USDT:USDT,0.8222,438.0,0.8221,1845.0,0.8223,123.0,0.8224,843.0
1753531544998,12:05:44.998,ADA/USDT:USDT,0.8222,438.0,0.8221,984.0,0.8223,123.0,0.8224,860.0
1753531545744,12:05:45.744,ADA/USDT:USDT,0.8222,221.0,0.8221,1859.0,0.8223,123.0,0.8224,829.0
1753531545764,12:05:45.764,ADA/USDT:USDT,0.8222,221.0,0.8221,1859.0,0.8223,123.0,0.8224,829.0
1753531545895,12:05:45.895,ADA/USDT:USDT,0.8222,438.0,0.8221,1859.0,0.8223,123.0,0.8224,829.0
1753531546093,12:05:46.093,ADA/USDT:USDT,0.8222,438.0,0.8221,1859.0,0.8223,123.0,0.8224,829.0
1753531546249,12:05:46.249,ADA/USDT:USDT,0.8222,438.0,0.8221,1859.0,0.8223,117.0,0.8224,829.0
1753531546273,12:05:46.273,ADA/USDT:USDT,0.8222,438.0,0.8221,1859.0,0.8223,44.0,0.8224,756.0
1753531546388,12:05:46.388,ADA/USDT:USDT,0.8222,438.0,0.8221,1859.0,0.8223,44.0,0.8224,756.0
1753531546645,12:05:46.645,ADA/USDT:USDT,0.8222,438.0,0.8221,1859.0,0.8223,44.0,0.8224,756.0
1753531547039,12:05:47.039,ADA/USDT:USDT,0.8222,438.0,0.8221,1845.0,0.8223,44.0,0.8224,756.0
1753531547538,12:05:47.538,ADA/USDT:USDT,0.8222,438.0,0.8221,1845.0,0.8223,44.0,0.8224,756.0
1753531547564,12:05:47.564,ADA/USDT:USDT,0.8222,438.0,0.8221,1845.0,0.8223,44.0,0.8224,756.0
1753531548643,12:05:48.643,ADA/USDT:USDT,0.8222,429.0,0.8221,2089.0,0.8224,1046.0,0.8225,2252.0
1753531548747,12:05:48.747,ADA/USDT:USDT,0.8222,429.0,0.8221,2089.0,0.8223,62.0,0.8224,1032.0
1753531548785,12:05:48.785,ADA/USDT:USDT,0.8222,429.0,0.8221,2089.0,0.8223,62.0,0.8224,1119.0
1753531548883,12:05:48.883,ADA/USDT:USDT,0.8222,429.0,0.8221,2089.0,0.8223,62.0,0.8224,1105.0
1753531548954,12:05:48.954,ADA/USDT:USDT,0.8222,429.0,0.8221,2089.0,0.8223,62.0,0.8224,1119.0
1753531549133,12:05:49.133,ADA/USDT:USDT,0.8222,429.0,0.8221,2089.0,0.8223,62.0,0.8224,1119.0
1753531549194,12:05:49.194,ADA/USDT:USDT,0.8222,429.0,0.8221,1845.0,0.8223,62.0,0.8224,959.0
1753531549283,12:05:49.283,ADA/USDT:USDT,0.8222,429.0,0.8221,1859.0,0.8223,62.0,0.8224,931.0
1753531549444,12:05:49.444,ADA/USDT:USDT,0.8222,429.0,0.8221,1767.0,0.8223,62.0,0.8224,945.0
1753531550439,12:05:50.439,ADA/USDT:USDT,0.8221,1781.0,0.822,1478.0,0.8223,429.0,0.8224,934.0
1753531550545,12:05:50.545,ADA/USDT:USDT,0.8221,1767.0,0.822,1638.0,0.8223,429.0,0.8224,1618.0
1753531550582,12:05:50.582,ADA/USDT:USDT,0.8221,1781.0,0.822,1638.0,0.8223,429.0,0.8224,1618.0
1753531550831,12:05:50.831,ADA/USDT:USDT,0.8221,1781.0,0.822,1638.0,0.8223,429.0,0.8224,1618.0
1753531550862,12:05:50.862,ADA/USDT:USDT,0.8221,1795.0,0.822,1638.0,0.8223,429.0,0.8224,1618.0
1753531551149,12:05:51.149,ADA/USDT:USDT,0.8221,1795.0,0.822,1638.0,0.8223,429.0,0.8224,1618.0
1753531551530,12:05:51.530,ADA/USDT:USDT,0.8222,245.0,0.8221,1795.0,0.8223,72.0,0.8224,948.0
1753531551625,12:05:51.625,ADA/USDT:USDT,0.8222,150.0,0.8221,1767.0,0.8223,92.0,0.8224,962.0
1753531551748,12:05:51.748,ADA/USDT:USDT,0.8222,150.0,0.8221,1781.0,0.8223,92.0,0.8224,962.0
1753531551763,12:05:51.763,ADA/USDT:USDT,0.8222,150.0,0.8221,1781.0,0.8223,92.0,0.8224,962.0
1753531553416,12:05:53.416,ADA/USDT:USDT,0.8222,374.0,0.8221,1859.0,0.8223,135.0,0.8224,1120.0
1753531553544,12:05:53.544,ADA/USDT:USDT,0.8221,1235.0,0.822,1560.0,0.8222,62.0,0.8223,352.0
1753531553637,12:05:53.637,ADA/USDT:USDT,0.8221,1120.0,0.822,1273.0,0.8222,64.0,0.8223,617.0
1753531553716,12:05:53.716,ADA/USDT:USDT,0.8221,1120.0,0.822,648.0,0.8222,64.0,0.8223,617.0
1753531553813,12:05:53.813,ADA/USDT:USDT,0.8221,1132.0,0.822,648.0,0.8222,50.0,0.8223,631.0
1753531553945,12:05:53.945,ADA/USDT:USDT,0.8221,1132.0,0.822,648.0,0.8222,50.0,0.8223,631.0
1753531554044,12:05:54.044,ADA/USDT:USDT,0.8221,386.0,0.822,1522.0,0.8222,68.0,0.8223,631.0
1753531554116,12:05:54.116,ADA/USDT:USDT,0.8221,386.0,0.822,1536.0,0.8222,50.0,0.8223,617.0
1753531554240,12:05:54.240,ADA/USDT:USDT,0.8221,291.0,0.822,1508.0,0.8222,50.0,0.8223,617.0
1753531555007,12:05:55.007,ADA/USDT:USDT,0.8221,224.0,0.822,1658.0,0.8222,267.0,0.8223,1520.0
1753531555096,12:05:55.096,ADA/USDT:USDT,0.8221,224.0,0.822,1658.0,0.8222,50.0,0.8223,1520.0
1753531555520,12:05:55.520,ADA/USDT:USDT,0.822,422.0,0.8219,1493.0,0.8221,62.0,0.8222,850.0
1753531555739,12:05:55.739,ADA/USDT:USDT,0.822,422.0,0.8219,1493.0,0.8221,62.0,0.8222,850.0
1753531555797,12:05:55.797,ADA/USDT:USDT,0.822,422.0,0.8219,1493.0,0.8221,62.0,0.8222,864.0
1753531555858,12:05:55.858,ADA/USDT:USDT,0.822,422.0,0.8219,1493.0,0.8221,62.0,0.8222,864.0
1753531556110,12:05:56.110,ADA/USDT:USDT,0.822,422.0,0.8219,1493.0,0.8221,62.0,0.8222,850.0
1753531556245,12:05:56.245,ADA/USDT:USDT,0.822,422.0,0.8219,1643.0,0.8221,62.0,0.8222,647.0
1753531556294,12:05:56.294,ADA/USDT:USDT,0.822,422.0,0.8219,1643.0,0.8221,62.0,0.8222,633.0
1753531557293,12:05:57.293,ADA/USDT:USDT,0.822,422.0,0.8219,2050.0,0.8222,62.0,0.8223,1806.0
1753531557434,12:05:57.434,ADA/USDT:USDT,0.8221,95.0,0.822,907.0,0.8222,76.0,0.8223,1834.0
1753531558008,12:05:58.008,ADA/USDT:USDT,0.822,907.0,0.8219,2050.0,0.8222,506.0,0.8223,1806.0
1753531558108,12:05:58.108,ADA/USDT:USDT,0.822,907.0,0.8219,2050.0,0.8222,478.0,0.8223,1806.0
1753531558153,12:05:58.153,ADA/USDT:USDT,0.822,907.0,0.8219,2050.0,0.8222,478.0,0.8223,1806.0
1753531558390,12:05:58.390,ADA/USDT:USDT,0.822,907.0,0.8219,2050.0,0.8222,506.0,0.8223,1806.0
1753531558631,12:05:58.631,ADA/USDT:USDT,0.822,907.0,0.8219,1853.0,0.8222,478.0,0.8223,1806.0
1753531558663,12:05:58.663,ADA/USDT:USDT,0.822,907.0,0.8219,1853.0,0.8222,506.0,0.8223,1806.0
1753531558845,12:05:58.845,ADA/USDT:USDT,0.822,907.0,0.8219,1853.0,0.8222,506.0,0.8223,1806.0
1753531558949,12:05:58.949,ADA/USDT:USDT,0.8221,95.0,0.822,907.0,0.8222,478.0,0.8223,1806.0
1753531560437,12:06:00.437,ADA/USDT:USDT,0.8221,379.0,0.822,895.0,0.8222,62.0,0.8223,1600.0
1753531560512,12:06:00.512,ADA/USDT:USDT,0.8221,379.0,0.822,923.0,0.8222,62.0,0.8223,1586.0
1753531560645,12:06:00.645,ADA/USDT:USDT,0.8221,379.0,0.822,895.0,0.8222,62.0,0.8223,1600.0
1753531560688,12:06:00.688,ADA/USDT:USDT,0.8221,379.0,0.822,895.0,0.8222,62.0,0.8223,1600.0
1753531560796,12:06:00.796,ADA/USDT:USDT,0.8221,379.0,0.822,895.0,0.8222,62.0,0.8223,1600.0
1753531560930,12:06:00.930,ADA/USDT:USDT,0.8221,379.0,0.822,909.0,0.8222,62.0,0.8223,1600.0
1753531561035,12:06:01.035,ADA/USDT:USDT,0.8221,379.0,0.822,895.0,0.8222,62.0,0.8223,1600.0
1753531561142,12:06:01.142,ADA/USDT:USDT,0.8221,379.0,0.822,895.0,0.8222,62.0,0.8223,1600.0
1753531561233,12:06:01.233,ADA/USDT:USDT,0.8221,379.0,0.822,909.0,0.8222,62.0,0.8223,1600.0
1753531561345,12:06:01.345,ADA/USDT:USDT,0.8221,379.0,0.822,909.0,0.8222,62.0,0.8223,1600.0
1753531561517,12:06:01.517,ADA/USDT:USDT,0.8221,379.0,0.822,909.0,0.8222,62.0,0.8223,1586.0
1753531561643,12:06:01.643,ADA/USDT:USDT,0.8221,379.0,0.822,895.0,0.8222,76.0,0.8223,1600.0
1753531562475,12:06:02.475,ADA/USDT:USDT,0.8221,379.0,0.822,895.0,0.8222,62.0,0.8223,1572.0
1753531562634,12:06:02.634,ADA/USDT:USDT,0.8221,379.0,0.822,895.0,0.8222,62.0,0.8223,1572.0
1753531562744,12:06:02.744,ADA/USDT:USDT,0.8221,379.0,0.822,895.0,0.8222,62.0,0.8223,1572.0
1753531562816,12:06:02.816,ADA/USDT:USDT,0.8221,379.0,0.822,895.0,0.8222,76.0,0.8223,1572.0
1753531563137,12:06:03.137,ADA/USDT:USDT,0.8221,379.0,0.822,895.0,0.8222,62.0,0.8223,1572.0
1753531563424,12:06:03.424,ADA/USDT:USDT,0.8221,379.0,0.822,895.0,0.8222,62.0,0.8223,1355.0
1753531563523,12:06:03.523,ADA/USDT:USDT,0.8221,379.0,0.822,895.0,0.8222,62.0,0.8223,1355.0
1753531563639,12:06:03.639,ADA/USDT:USDT,0.8221,379.0,0.822,895.0,0.8222,62.0,0.8223,1355.0
1753531563726,12:06:03.726,ADA/USDT:USDT,0.8221,379.0,0.822,895.0,0.8222,62.0,0.8223,1355.0
1753531563849,12:06:03.849,ADA/USDT:USDT,0.8221,12.0,0.822,410.0,0.8222,62.0,0.8223,1355.0
1753531563934,12:06:03.934,ADA/USDT:USDT,0.8221,12.0,0.822,895.0,0.8222,307.0,0.8223,1355.0
1753531564134,12:06:04.134,ADA/USDT:USDT,0.8221,12.0,0.822,895.0,0.8222,279.0,0.8223,1369.0
1753531564834,12:06:04.834,ADA/USDT:USDT,0.8221,224.0,0.822,1385.0,0.8222,62.0,0.8223,1369.0
1753531564919,12:06:04.919,ADA/USDT:USDT,0.8221,224.0,0.822,1385.0,0.8222,62.0,0.8223,1369.0
1753531565738,12:06:05.738,ADA/USDT:USDT,0.8221,441.0,0.822,1482.0,0.8222,62.0,0.8223,1355.0
1753531565846,12:06:05.846,ADA/USDT:USDT,0.8221,441.0,0.822,1482.0,0.8222,62.0,0.8223,1355.0
1753531566022,12:06:06.022,ADA/USDT:USDT,0.8221,441.0,0.822,1482.0,0.8222,62.0,0.8223,1355.0
1753531566140,12:06:06.140,ADA/USDT:USDT,0.8221,441.0,0.822,1482.0,0.8222,76.0,0.8223,1355.0
1753531566235,12:06:06.235,ADA/USDT:USDT,0.8221,441.0,0.822,1482.0,0.8222,76.0,0.8223,1355.0
1753531566344,12:06:06.344,ADA/USDT:USDT,0.8221,224.0,0.822,1482.0,0.8222,90.0,0.8223,1355.0
1753531566796,12:06:06.796,ADA/USDT:USDT,0.8221,224.0,0.822,1482.0,0.8222,62.0,0.8223,1355.0
1753531566896,12:06:06.896,ADA/USDT:USDT,0.8221,224.0,0.822,1482.0,0.8222,62.0,0.8223,1355.0
1753531567135,12:06:07.135,ADA/USDT:USDT,0.8221,224.0,0.822,1482.0,0.8222,62.0,0.8223,1355.0
1753531567196,12:06:07.196,ADA/USDT:USDT,0.8221,224.0,0.822,1482.0,0.8222,62.0,0.8223,1355.0
1753531568846,12:06:08.846,ADA/USDT:USDT,0.8221,224.0,0.822,1482.0,0.8222,90.0,0.8223,1355.0
1753531568948,12:06:08.948,ADA/USDT:USDT,0.8221,224.0,0.822,1482.0,0.8222,90.0,0.8223,1355.0
1753531569045,12:06:09.045,ADA/USDT:USDT,0.8221,224.0,0.822,1482.0,0.8222,62.0,0.8223,1355.0
1753531569146,12:06:09.146,ADA/USDT:USDT,0.8221,224.0,0.822,1482.0,0.8222,76.0,0.8223,1355.0
1753531569229,12:06:09.229,ADA/USDT:USDT,0.8221,224.0,0.822,1482.0,0.8222,90.0,0.8223,1355.0
1753531569334,12:06:09.334,ADA/USDT:USDT,0.8221,441.0,0.822,1482.0,0.8222,62.0,0.8223,1355.0
1753531569419,12:06:09.419,ADA/USDT:USDT,0.8221,441.0,0.822,1482.0,0.8222,62.0,0.8223,1355.0
1753531569543,12:06:09.543,ADA/USDT:USDT,0.8221,441.0,0.822,1482.0,0.8222,62.0,0.8223,1355.0
1753531569648,12:06:09.648,ADA/USDT:USDT,0.8221,441.0,0.822,1482.0,0.8222,62.0,0.8223,1355.0
1753531569724,12:06:09.724,ADA/USDT:USDT,0.8221,441.0,0.822,1482.0,0.8222,62.0,0.8223,1355.0
1753531569834,12:06:09.834,ADA/USDT:USDT,0.8221,441.0,0.822,1482.0,0.8222,62.0,0.8223,1355.0
1753531570148,12:06:10.148,ADA/USDT:USDT,0.8221,441.0,0.822,1482.0,0.8222,12.0,0.8223,1205.0
1753531570244,12:06:10.244,ADA/USDT:USDT,0.8221,441.0,0.822,1482.0,0.8222,12.0,0.8223,1205.0
1753531571549,12:06:11.549,ADA/USDT:USDT,0.8223,157.0,0.8222,441.0,0.8224,443.0,0.8225,3476.0
1753531571634,12:06:11.634,ADA/USDT:USDT,0.8223,157.0,0.8222,441.0,0.8224,443.0,0.8225,3476.0
1753531571708,12:06:11.708,ADA/USDT:USDT,0.8223,157.0,0.8222,441.0,0.8224,443.0,0.8225,3476.0
1753531571834,12:06:11.834,ADA/USDT:USDT,0.8223,157.0,0.8222,441.0,0.8224,293.0,0.8225,3490.0
1753531571906,12:06:11.906,ADA/USDT:USDT,0.8223,157.0,0.8222,441.0,0.8224,293.0,0.8225,3476.0
1753531572045,12:06:12.045,ADA/USDT:USDT,0.8223,157.0,0.8222,441.0,0.8224,531.0,0.8225,3476.0
1753531572112,12:06:12.112,ADA/USDT:USDT,0.8223,307.0,0.8222,441.0,0.8224,531.0,0.8225,3476.0
1753531572325,12:06:12.325,ADA/USDT:USDT,0.8223,307.0,0.8222,441.0,0.8224,314.0,0.8225,3476.0
1753531572436,12:06:12.436,ADA/USDT:USDT,0.8223,307.0,0.8222,441.0,0.8224,314.0,0.8225,3476.0
1753531572547,12:06:12.547,ADA/USDT:USDT,0.8223,524.0,0.8222,455.0,0.8224,62.0,0.8225,789.0
1753531572573,12:06:12.573,ADA/USDT:USDT,0.8224,307.0,0.8223,524.0,0.8225,62.0,0.8226,3010.0
1753531573305,12:06:13.305,ADA/USDT:USDT,0.8224,429.0,0.8223,550.0,0.8225,62.0,0.8226,1237.0
1753531573366,12:06:13.366,ADA/USDT:USDT,0.8224,429.0,0.8223,550.0,0.8225,62.0,0.8226,1237.0
1753531573531,12:06:13.531,ADA/USDT:USDT,0.8224,212.0,0.8223,536.0,0.8225,62.0,0.8226,1237.0
1753531573638,12:06:13.638,ADA/USDT:USDT,0.8224,212.0,0.8223,536.0,0.8225,76.0,0.8226,1237.0
1753531573680,12:06:13.680,ADA/USDT:USDT,0.8224,212.0,0.8223,536.0,0.8225,76.0,0.8226,1237.0
1753531573843,12:06:13.843,ADA/USDT:USDT,0.8224,212.0,0.8223,536.0,0.8225,76.0,0.8226,1237.0
1753531573933,12:06:13.933,ADA/USDT:USDT,0.8224,212.0,0.8223,536.0,0.8225,93.0,0.8226,1237.0
1753531573953,12:06:13.953,ADA/USDT:USDT,0.8224,212.0,0.8223,536.0,0.8225,93.0,0.8226,1237.0
1753531574138,12:06:14.138,ADA/USDT:USDT,0.8224,62.0,0.8223,536.0,0.8225,324.0,0.8226,1237.0
1753531574188,12:06:14.188,ADA/USDT:USDT,0.8224,62.0,0.8223,536.0,0.8225,324.0,0.8226,1237.0
1753531574709,12:06:14.709,ADA/USDT:USDT,0.8224,62.0,0.8223,536.0,0.8225,324.0,0.8226,1237.0
1753531574832,12:06:14.832,ADA/USDT:USDT,0.8224,62.0,0.8223,536.0,0.8225,324.0,0.8226,1237.0
1753531575632,12:06:15.632,ADA/USDT:USDT,0.8223,536.0,0.8222,1949.0,0.8225,756.0,0.8226,2156.0
1753531575659,12:06:15.659,ADA/USDT:USDT,0.8223,536.0,0.8222,1949.0,0.8225,756.0,0.8226,2156.0
1753531575848,12:06:15.848,ADA/USDT:USDT,0.8224,429.0,0.8223,937.0,0.8225,62.0,0.8226,2156.0
1753531575942,12:06:15.942,ADA/USDT:USDT,0.8224,429.0,0.8223,937.0,0.8225,62.0,0.8226,2156.0
1753531576030,12:06:16.030,ADA/USDT:USDT,0.8224,429.0,0.8223,923.0,0.8225,62.0,0.8226,1471.0
1753531576148,12:06:16.148,ADA/USDT:USDT,0.8224,429.0,0.8223,937.0,0.8225,62.0,0.8226,1480.0
1753531576220,12:06:16.220,ADA/USDT:USDT,0.8224,429.0,0.8223,923.0,0.8225,76.0,0.8226,1485.0
1753531577310,12:06:17.310,ADA/USDT:USDT,0.8224,212.0,0.8223,951.0,0.8225,62.0,0.8226,1471.0
1753531577448,12:06:17.448,ADA/USDT:USDT,0.8224,212.0,0.8223,937.0,0.8225,62.0,0.8226,1471.0
1753531577531,12:06:17.531,ADA/USDT:USDT,0.8224,212.0,0.8223,937.0,0.8225,62.0,0.8226,1471.0
1753531577647,12:06:17.647,ADA/USDT:USDT,0.8224,212.0,0.8223,937.0,0.8225,62.0,0.8226,1471.0
1753531577678,12:06:17.678,ADA/USDT:USDT,0.8224,212.0,0.8223,937.0,0.8225,62.0,0.8226,1471.0
1753531578222,12:06:18.222,ADA/USDT:USDT,0.8223,536.0,0.8222,1949.0,0.8225,787.0,0.8226,2156.0
1753531578269,12:06:18.269,ADA/USDT:USDT,0.8223,536.0,0.8222,1949.0,0.8225,787.0,0.8226,2156.0
1753531578448,12:06:18.448,ADA/USDT:USDT,0.8223,536.0,0.8222,1949.0,0.8225,787.0,0.8226,2142.0
1753531578542,12:06:18.542,ADA/USDT:USDT,0.8223,536.0,0.8222,1949.0,0.8225,787.0,0.8226,2142.0
1753531578645,12:06:18.645,ADA/USDT:USDT,0.8223,536.0,0.8222,1949.0,0.8225,923.0,0.8226,2142.0
1753531578744,12:06:18.744,ADA/USDT:USDT,0.8223,536.0,0.8222,1949.0,0.8225,937.0,0.8226,2142.0
1753531578869,12:06:18.869,ADA/USDT:USDT,0.8223,536.0,0.8222,1949.0,0.8225,937.0,0.8226,2142.0
1753531579036,12:06:19.036,ADA/USDT:USDT,0.8223,550.0,0.8222,1949.0,0.8225,746.0,0.8226,1457.0
1753531579134,12:06:19.134,ADA/USDT:USDT,0.8223,536.0,0.8222,1949.0,0.8225,774.0,0.8226,1457.0
1753531579213,12:06:19.213,ADA/USDT:USDT,0.8223,550.0,0.8222,1949.0,0.8225,760.0,0.8226,1457.0
1753531579589,12:06:19.589,ADA/USDT:USDT,0.8223,550.0,0.8222,1949.0,0.8225,529.0,0.8226,1457.0
1753531579846,12:06:19.846,ADA/USDT:USDT,0.8223,550.0,0.8222,1949.0,0.8225,529.0,0.8226,1457.0
1753531579888,12:06:19.888,ADA/USDT:USDT,0.8223,550.0,0.8222,1949.0,0.8225,529.0,0.8226,1457.0
1753531580031,12:06:20.031,ADA/USDT:USDT,0.8223,550.0,0.8222,1949.0,0.8225,543.0,0.8226,1457.0
1753531580097,12:06:20.097,ADA/USDT:USDT,0.8223,536.0,0.8222,1949.0,0.8225,543.0,0.8226,1457.0
1753531580229,12:06:20.229,ADA/USDT:USDT,0.8223,536.0,0.8222,1949.0,0.8225,543.0,0.8226,1457.0
1753531580328,12:06:20.328,ADA/USDT:USDT,0.8223,550.0,0.8222,1949.0,0.8225,529.0,0.8226,1457.0
1753531580437,12:06:20.437,ADA/USDT:USDT,0.8223,550.0,0.8222,1949.0,0.8225,529.0,0.8226,1457.0
1753531580527,12:06:20.527,ADA/USDT:USDT,0.8223,550.0,0.8222,1949.0,0.8225,529.0,0.8226,1457.0
1753531580610,12:06:20.610,ADA/USDT:USDT,0.8223,550.0,0.8222,1949.0,0.8225,529.0,0.8226,1457.0
1753531580719,12:06:20.719,ADA/USDT:USDT,0.8223,550.0,0.8222,1949.0,0.8225,529.0,0.8226,1457.0
1753531581198,12:06:21.198,ADA/USDT:USDT,0.8223,441.0,0.8222,1977.0,0.8224,62.0,0.8225,904.0
1753531581267,12:06:21.267,ADA/USDT:USDT,0.8223,441.0,0.8222,1977.0,0.8224,62.0,0.8225,918.0
1753531581654,12:06:21.654,ADA/USDT:USDT,0.8223,441.0,0.8222,1977.0,0.8224,62.0,0.8225,687.0
1753531581841,12:06:21.841,ADA/USDT:USDT,0.8223,291.0,0.8222,1949.0,0.8224,89.0,0.8225,991.0
1753531581934,12:06:21.934,ADA/USDT:USDT,0.8223,74.0,0.8222,1963.0,0.8224,89.0,0.8225,991.0
1753531582020,12:06:22.020,ADA/USDT:USDT,0.8223,74.0,0.8222,1949.0,0.8224,253.0,0.8225,991.0
1753531582148,12:06:22.148,ADA/USDT:USDT,0.8223,74.0,0.8222,1949.0,0.8224,239.0,0.8225,833.0
1753531582239,12:06:22.239,ADA/USDT:USDT,0.8223,169.0,0.8222,1949.0,0.8224,239.0,0.8225,833.0
1753531582335,12:06:22.335,ADA/USDT:USDT,0.8223,386.0,0.8222,1963.0,0.8224,62.0,0.8225,833.0
1753531582385,12:06:22.385,ADA/USDT:USDT,0.8223,386.0,0.8222,1963.0,0.8224,62.0,0.8225,833.0
1753531582944,12:06:22.944,ADA/USDT:USDT,0.8223,536.0,0.8222,1963.0,0.8224,62.0,0.8225,819.0
1753531582994,12:06:22.994,ADA/USDT:USDT,0.8223,536.0,0.8222,1963.0,0.8224,62.0,0.8225,819.0
1753531583220,12:06:23.220,ADA/USDT:USDT,0.8223,536.0,0.8222,1963.0,0.8224,62.0,0.8225,819.0
1753531583310,12:06:23.310,ADA/USDT:USDT,0.8223,536.0,0.8222,1963.0,0.8224,62.0,0.8225,819.0
1753531583368,12:06:23.368,ADA/USDT:USDT,0.8223,536.0,0.8222,1963.0,0.8224,62.0,0.8225,819.0
1753531583866,12:06:23.866,ADA/USDT:USDT,0.8223,536.0,0.8222,1949.0,0.8224,62.0,0.8225,746.0
1753531584012,12:06:24.012,ADA/USDT:USDT,0.8223,536.0,0.8222,1949.0,0.8224,62.0,0.8225,746.0
1753531584075,12:06:24.075,ADA/USDT:USDT,0.8223,536.0,0.8222,1949.0,0.8224,62.0,0.8225,746.0
1753531584182,12:06:24.182,ADA/USDT:USDT,0.8223,536.0,0.8222,1949.0,0.8224,62.0,0.8225,746.0
1753531584337,12:06:24.337,ADA/USDT:USDT,0.8223,536.0,0.8222,1949.0,0.8224,62.0,0.8225,746.0
1753531584393,12:06:24.393,ADA/USDT:USDT,0.8223,536.0,0.8222,1949.0,0.8224,62.0,0.8225,529.0
1753531584525,12:06:24.525,ADA/USDT:USDT,0.8223,524.0,0.8222,1975.0,0.8224,62.0,0.8225,529.0
1753531586116,12:06:26.116,ADA/USDT:USDT,0.8224,212.0,0.8223,429.0,0.8225,72.0,0.8226,2142.0
1753531586220,12:06:26.220,ADA/USDT:USDT,0.8224,212.0,0.8223,429.0,0.8225,72.0,0.8226,2142.0
1753531586274,12:06:26.274,ADA/USDT:USDT,0.8224,212.0,0.8223,429.0,0.8225,72.0,0.8226,2142.0
1753531586744,12:06:26.744,ADA/USDT:USDT,0.8224,212.0,0.8223,429.0,0.8225,72.0,0.8226,2142.0
1753531586770,12:06:26.770,ADA/USDT:USDT,0.8224,212.0,0.8223,429.0,0.8225,72.0,0.8226,2142.0
1753531586940,12:06:26.940,ADA/USDT:USDT,0.8224,212.0,0.8223,429.0,0.8225,72.0,0.8226,2142.0
1753531587048,12:06:27.048,ADA/USDT:USDT,0.8224,62.0,0.8223,429.0,0.8225,100.0,0.8226,1457.0
1753531587078,12:06:27.078,ADA/USDT:USDT,0.8224,62.0,0.8223,429.0,0.8225,112.0,0.8226,1457.0
1753531587177,12:06:27.177,ADA/USDT:USDT,0.8224,62.0,0.8223,429.0,0.8225,112.0,0.8226,1457.0
1753531587347,12:06:27.347,ADA/USDT:USDT,0.8224,62.0,0.8223,429.0,0.8225,98.0,0.8226,1471.0
1753531587407,12:06:27.407,ADA/USDT:USDT,0.8224,62.0,0.8223,429.0,0.8225,98.0,0.8226,1471.0
1753531587764,12:06:27.764,ADA/USDT:USDT,0.8224,279.0,0.8223,441.0,0.8225,112.0,0.8226,1471.0
1753531587928,12:06:27.928,ADA/USDT:USDT,0.8224,279.0,0.8223,441.0,0.8225,98.0,0.8226,1471.0
1753531588104,12:06:28.104,ADA/USDT:USDT,0.8224,279.0,0.8223,441.0,0.8225,98.0,0.8226,1471.0
1753531588527,12:06:28.527,ADA/USDT:USDT,0.8224,279.0,0.8223,441.0,0.8225,84.0,0.8226,1471.0
1753531588646,12:06:28.646,ADA/USDT:USDT,0.8224,279.0,0.8223,441.0,0.8225,84.0,0.8226,1457.0
1753531588698,12:06:28.698,ADA/USDT:USDT,0.8224,279.0,0.8223,828.0,0.8225,62.0,0.8226,1457.0
1753531588792,12:06:28.792,ADA/USDT:USDT,0.8224,279.0,0.8223,828.0,0.8225,62.0,0.8226,1457.0
1753531588944,12:06:28.944,ADA/USDT:USDT,0.8224,429.0,0.8223,828.0,0.8226,1471.0,0.8227,1903.0
1753531589038,12:06:29.038,ADA/USDT:USDT,0.8224,279.0,0.8223,828.0,0.8226,1651.0,0.8227,2588.0
1753531589119,12:06:29.119,ADA/USDT:USDT,0.8224,279.0,0.8223,828.0,0.8226,1665.0,0.8227,2588.0
1753531589236,12:06:29.236,ADA/USDT:USDT,0.8224,279.0,0.8223,828.0,0.8225,214.0,0.8226,1651.0
1753531589339,12:06:29.339,ADA/USDT:USDT,0.8224,279.0,0.8223,828.0,0.8225,214.0,0.8226,1651.0
1753531590043,12:06:30.043,ADA/USDT:USDT,0.8224,62.0,0.8223,828.0,0.8225,90.0,0.8226,1651.0
1753531590122,12:06:30.122,ADA/USDT:USDT,0.8223,441.0,0.8222,1949.0,0.8225,704.0,0.8226,1651.0
1753531591146,12:06:31.146,ADA/USDT:USDT,0.8223,291.0,0.8222,1963.0,0.8224,62.0,0.8225,1239.0
1753531591247,12:06:31.247,ADA/USDT:USDT,0.8223,74.0,0.8222,1737.0,0.8224,62.0,0.8225,1111.0
1753531591337,12:06:31.337,ADA/USDT:USDT,0.8223,74.0,0.8222,1723.0,0.8224,279.0,0.8225,1198.0
1753531591397,12:06:31.397,ADA/USDT:USDT,0.8223,74.0,0.8222,1723.0,0.8224,279.0,0.8225,1198.0
1753531591539,12:06:31.539,ADA/USDT:USDT,0.8223,74.0,0.8222,1723.0,0.8224,279.0,0.8225,1198.0
1753531591847,12:06:31.847,ADA/USDT:USDT,0.8223,74.0,0.8222,1723.0,0.8224,429.0,0.8225,1198.0
1753531591936,12:06:31.936,ADA/USDT:USDT,0.8223,74.0,0.8222,1723.0,0.8224,443.0,0.8225,1198.0
1753531592045,12:06:32.045,ADA/USDT:USDT,0.8223,74.0,0.8222,1723.0,0.8224,429.0,0.8225,1198.0
1753531592144,12:06:32.144,ADA/USDT:USDT,0.8223,74.0,0.8222,1723.0,0.8224,429.0,0.8225,1198.0
1753531593145,12:06:33.145,ADA/USDT:USDT,0.8222,12.0,0.8221,429.0,0.8223,402.0,0.8224,1648.0
1753531593237,12:06:33.237,ADA/USDT:USDT,0.8222,12.0,0.8221,1289.0,0.8223,402.0,0.8224,1648.0
1753531593337,12:06:33.337,ADA/USDT:USDT,0.8222,12.0,0.8221,429.0,0.8223,402.0,0.8224,1648.0
1753531593428,12:06:33.428,ADA/USDT:USDT,0.8222,12.0,0.8221,212.0,0.8223,402.0,0.8224,1648.0
1753531593466,12:06:33.466,ADA/USDT:USDT,0.8222,12.0,0.8221,212.0,0.8223,402.0,0.8224,1648.0
1753531593613,12:06:33.613,ADA/USDT:USDT,0.8222,12.0,0.8221,212.0,0.8223,402.0,0.8224,1888.0
1753531593724,12:06:33.724,ADA/USDT:USDT,0.8222,12.0,0.8221,212.0,0.8223,402.0,0.8224,1888.0
1753531593821,12:06:33.821,ADA/USDT:USDT,0.8222,12.0,0.8221,212.0,0.8223,552.0,0.8224,1888.0
1753531593904,12:06:33.904,ADA/USDT:USDT,0.8222,12.0,0.8221,212.0,0.8223,552.0,0.8224,1888.0
1753531594144,12:06:34.144,ADA/USDT:USDT,0.8222,74.0,0.8221,443.0,0.8223,429.0,0.8224,1885.0
1753531594174,12:06:34.174,ADA/USDT:USDT,0.8222,74.0,0.8221,429.0,0.8223,429.0,0.8224,1885.0
1753531596191,12:06:36.191,ADA/USDT:USDT,0.8221,212.0,0.822,422.0,0.8222,113.0,0.8223,1160.0
1753531596291,12:06:36.291,ADA/USDT:USDT,0.8221,212.0,0.822,422.0,0.8222,113.0,0.8223,1160.0
1753531596949,12:06:36.949,ADA/USDT:USDT,0.8221,62.0,0.822,422.0,0.8222,494.0,0.8223,1160.0
1753531596971,12:06:36.971,ADA/USDT:USDT,0.8221,62.0,0.822,422.0,0.8222,494.0,0.8223,1160.0
1753531597345,12:06:37.345,ADA/USDT:USDT,0.8221,62.0,0.822,422.0,0.8222,494.0,0.8223,1160.0
1753531597509,12:06:37.509,ADA/USDT:USDT,0.8221,62.0,0.822,422.0,0.8222,480.0,0.8223,1160.0
1753531597553,12:06:37.553,ADA/USDT:USDT,0.8221,62.0,0.822,422.0,0.8222,480.0,0.8223,1160.0
1753531597728,12:06:37.728,ADA/USDT:USDT,0.8221,62.0,0.822,422.0,0.8222,466.0,0.8223,1146.0
1753531597835,12:06:37.835,ADA/USDT:USDT,0.8221,383.0,0.822,450.0,0.8222,62.0,0.8223,715.0
1753531597934,12:06:37.934,ADA/USDT:USDT,0.8221,288.0,0.822,861.0,0.8222,62.0,0.8223,715.0
1753531598024,12:06:38.024,ADA/USDT:USDT,0.8221,288.0,0.822,861.0,0.8222,62.0,0.8223,715.0
1753531598463,12:06:38.463,ADA/USDT:USDT,0.8221,62.0,0.822,833.0,0.8222,76.0,0.8223,729.0
1753531598605,12:06:38.605,ADA/USDT:USDT,0.8221,62.0,0.822,833.0,0.8222,62.0,0.8223,729.0
1753531599383,12:06:39.383,ADA/USDT:USDT,0.8221,62.0,0.822,422.0,0.8222,293.0,0.8223,729.0
1753531599538,12:06:39.538,ADA/USDT:USDT,0.8221,62.0,0.822,436.0,0.8222,62.0,0.8223,729.0
1753531599747,12:06:39.747,ADA/USDT:USDT,0.8221,279.0,0.822,422.0,0.8222,90.0,0.8223,729.0
1753531599786,12:06:39.786,ADA/USDT:USDT,0.8221,429.0,0.822,422.0,0.8222,76.0,0.8223,1095.0
1753531599949,12:06:39.949,ADA/USDT:USDT,0.8221,429.0,0.822,422.0,0.8223,931.0,0.8224,1677.0
1753531600014,12:06:40.014,ADA/USDT:USDT,0.8221,429.0,0.822,1112.0,0.8223,1198.0,0.8224,2362.0
1753531600146,12:06:40.146,ADA/USDT:USDT,0.8222,585.0,0.8221,457.0,0.8223,62.0,0.8224,1222.0
1753531600247,12:06:40.247,ADA/USDT:USDT,0.8222,599.0,0.8221,912.0,0.8223,62.0,0.8224,1646.0
1753531600758,12:06:40.758,ADA/USDT:USDT,0.8222,597.0,0.8221,1956.0,0.8224,1960.0,0.8225,3325.0
1753531600943,12:06:40.943,ADA/USDT:USDT,0.8223,321.0,0.8222,552.0,0.8224,987.0,0.8225,3339.0
1753531601472,12:06:41.472,ADA/USDT:USDT,0.8223,212.0,0.8222,578.0,0.8224,302.0,0.8225,2058.0
1753531601613,12:06:41.613,ADA/USDT:USDT,0.8223,429.0,0.8222,578.0,0.8224,302.0,0.8225,2058.0
1753531601739,12:06:41.739,ADA/USDT:USDT,0.8223,212.0,0.8222,550.0,0.8224,466.0,0.8225,2072.0
1753531601834,12:06:41.834,ADA/USDT:USDT,0.8223,62.0,0.8222,550.0,0.8224,466.0,0.8225,2072.0
1753531602036,12:06:42.036,ADA/USDT:USDT,0.8223,62.0,0.8222,550.0,0.8224,466.0,0.8225,2072.0
1753531602133,12:06:42.133,ADA/USDT:USDT,0.8223,62.0,0.8222,550.0,0.8224,466.0,0.8225,2072.0
1753531602243,12:06:42.243,ADA/USDT:USDT,0.8222,550.0,0.8221,1732.0,0.8223,62.0,0.8224,966.0
1753531602273,12:06:42.273,ADA/USDT:USDT,0.8222,441.0,0.8221,1732.0,0.8223,62.0,0.8224,1061.0
1753531602390,12:06:42.390,ADA/USDT:USDT,0.8222,441.0,0.8221,1732.0,0.8223,62.0,0.8224,1061.0
1753531602741,12:06:42.741,ADA/USDT:USDT,0.8222,441.0,0.8221,1746.0,0.8223,62.0,0.8224,1061.0
1753531603774,12:06:43.774,ADA/USDT:USDT,0.8222,441.0,0.8221,1760.0,0.8223,62.0,0.8224,721.0
1753531603948,12:06:43.948,ADA/USDT:USDT,0.8222,74.0,0.8221,1289.0,0.8223,463.0,0.8224,1039.0
1753531604044,12:06:44.044,ADA/USDT:USDT,0.8222,12.0,0.8221,1289.0,0.8223,477.0,0.8224,1039.0
1753531604145,12:06:44.145,ADA/USDT:USDT,0.8222,12.0,0.8221,429.0,0.8223,477.0,0.8224,1039.0
1753531604236,12:06:44.236,ADA/USDT:USDT,0.8221,74.0,0.822,1795.0,0.8222,352.0,0.8223,1263.0
1753531604302,12:06:44.302,ADA/USDT:USDT,0.8221,74.0,0.822,1795.0,0.8222,338.0,0.8223,897.0
1753531604442,12:06:44.442,ADA/USDT:USDT,0.8221,12.0,0.822,1270.0,0.8222,569.0,0.8223,1263.0
1753531604474,12:06:44.474,ADA/USDT:USDT,0.8221,12.0,0.822,1270.0,0.8222,569.0,0.8223,1263.0
1753531604613,12:06:44.613,ADA/USDT:USDT,0.8221,12.0,0.822,410.0,0.8222,569.0,0.8223,1468.0
1753531604946,12:06:44.946,ADA/USDT:USDT,0.8221,12.0,0.822,213.0,0.8222,642.0,0.8223,1468.0
1753531605006,12:06:45.006,ADA/USDT:USDT,0.8221,12.0,0.822,213.0,0.8222,642.0,0.8223,1468.0
1753531605234,12:06:45.234,ADA/USDT:USDT,0.822,63.0,0.8219,1788.0,0.8221,62.0,0.8222,890.0
1753531605273,12:06:45.273,ADA/USDT:USDT,0.822,63.0,0.8219,1802.0,0.8221,212.0,0.8222,1105.0
1753531605782,12:06:45.782,ADA/USDT:USDT,0.822,63.0,0.8219,1788.0,0.8221,212.0,0.8222,1105.0
1753531605948,12:06:45.948,ADA/USDT:USDT,0.822,1.0,0.8219,1816.0,0.8221,212.0,0.8222,1105.0
1753531606048,12:06:46.048,ADA/USDT:USDT,0.822,1.0,0.8219,1303.0,0.8221,457.0,0.8222,1025.0
1753531606131,12:06:46.131,ADA/USDT:USDT,0.822,1.0,0.8219,443.0,0.8221,429.0,0.8222,946.0
1753531606238,12:06:46.238,ADA/USDT:USDT,0.822,1.0,0.8219,443.0,0.8221,429.0,0.8222,946.0
1753531606315,12:06:46.315,ADA/USDT:USDT,0.822,1.0,0.8219,443.0,0.8221,429.0,0.8222,946.0
1753531606509,12:06:46.509,ADA/USDT:USDT,0.822,1.0,0.8219,443.0,0.8221,429.0,0.8222,1188.0
1753531606581,12:06:46.581,ADA/USDT:USDT,0.822,1.0,0.8219,443.0,0.8221,429.0,0.8222,1202.0
1753531608563,12:06:48.563,ADA/USDT:USDT,0.822,1.0,0.8219,381.0,0.8221,516.0,0.8222,1690.0
1753531608722,12:06:48.722,ADA/USDT:USDT,0.822,1.0,0.8219,381.0,0.8221,530.0,0.8222,1690.0
1753531608764,12:06:48.764,ADA/USDT:USDT,0.822,1.0,0.8219,381.0,0.8221,530.0,0.8222,1690.0
1753531608948,12:06:48.948,ADA/USDT:USDT,0.822,1.0,0.8219,2.0,0.8221,1468.0,0.8222,2550.0
1753531609025,12:06:49.025,ADA/USDT:USDT,0.822,1.0,0.8219,2.0,0.8221,1468.0,0.8222,2550.0
1753531609436,12:06:49.436,ADA/USDT:USDT,0.822,158.0,0.8219,295.0,0.8221,62.0,0.8222,2536.0
1753531609533,12:06:49.533,ADA/USDT:USDT,0.822,158.0,0.8219,309.0,0.8221,62.0,0.8222,2106.0
1753531609655,12:06:49.655,ADA/USDT:USDT,0.822,63.0,0.8219,431.0,0.8221,212.0,0.8222,2120.0
1753531609840,12:06:49.840,ADA/USDT:USDT,0.822,63.0,0.8219,431.0,0.8221,212.0,0.8222,2106.0
1753531609899,12:06:49.899,ADA/USDT:USDT,0.822,63.0,0.8219,431.0,0.8221,212.0,0.8222,2106.0
1753531610041,12:06:50.041,ADA/USDT:USDT,0.822,375.0,0.8219,956.0,0.8221,212.0,0.8222,2106.0
1753531610140,12:06:50.140,ADA/USDT:USDT,0.822,375.0,0.8219,956.0,0.8221,212.0,0.8222,2092.0
1753531610214,12:06:50.214,ADA/USDT:USDT,0.822,375.0,0.8219,956.0,0.8222,1693.0,0.8223,3988.0
1753531610679,12:06:50.679,ADA/USDT:USDT,0.8221,62.0,0.822,537.0,0.8222,454.0,0.8223,3336.0
1753531610832,12:06:50.832,ADA/USDT:USDT,0.8221,62.0,0.822,537.0,0.8222,468.0,0.8223,3336.0
1753531611005,12:06:51.005,ADA/USDT:USDT,0.8221,62.0,0.822,537.0,0.8222,468.0,0.8223,3336.0
1753531611204,12:06:51.204,ADA/USDT:USDT,0.8221,62.0,0.822,537.0,0.8222,468.0,0.8223,3350.0
1753531611330,12:06:51.330,ADA/USDT:USDT,0.8221,62.0,0.822,537.0,0.8222,468.0,0.8223,3336.0
1753531611413,12:06:51.413,ADA/USDT:USDT,0.8221,62.0,0.822,537.0,0.8222,318.0,0.8223,3336.0
1753531611502,12:06:51.502,ADA/USDT:USDT,0.8221,62.0,0.822,537.0,0.8222,304.0,0.8223,3336.0
1753531611811,12:06:51.811,ADA/USDT:USDT,0.8221,429.0,0.822,805.0,0.8222,304.0,0.8223,2970.0
1753531611933,12:06:51.933,ADA/USDT:USDT,0.8221,429.0,0.822,949.0,0.8222,318.0,0.8223,2984.0
1753531612013,12:06:52.013,ADA/USDT:USDT,0.8221,212.0,0.822,949.0,0.8222,318.0,0.8223,3149.0
1753531612147,12:06:52.147,ADA/USDT:USDT,0.8222,585.0,0.8221,441.0,0.8224,279.0,0.8225,970.0
1753531612244,12:06:52.244,ADA/USDT:USDT,0.8222,491.0,0.8221,455.0,0.8223,62.0,0.8224,713.0
1753531612320,12:06:52.320,ADA/USDT:USDT,0.8222,491.0,0.8221,455.0,0.8223,76.0,0.8224,713.0
1753531612419,12:06:52.419,ADA/USDT:USDT,0.8222,491.0,0.8221,455.0,0.8223,62.0,0.8224,713.0
1753531612489,12:06:52.489,ADA/USDT:USDT,0.8222,491.0,0.8221,455.0,0.8223,76.0,0.8224,713.0
1753531612746,12:06:52.746,ADA/USDT:USDT,0.8222,491.0,0.8221,700.0,0.8223,62.0,0.8224,727.0
1753531612832,12:06:52.832,ADA/USDT:USDT,0.8222,491.0,0.8221,700.0,0.8223,62.0,0.8224,713.0
1753531613137,12:06:53.137,ADA/USDT:USDT,0.8223,111.0,0.8222,708.0,0.8224,699.0,0.8225,1979.0
1753531613407,12:06:53.407,ADA/USDT:USDT,0.8223,111.0,0.8222,708.0,0.8224,699.0,0.8225,1979.0
1753531613643,12:06:53.643,ADA/USDT:USDT,0.8222,173.0,0.8221,1431.0,0.8223,226.0,0.8224,1276.0
1753531613738,12:06:53.738,ADA/USDT:USDT,0.8222,173.0,0.8221,1239.0,0.8223,62.0,0.8224,1210.0
1753531613831,12:06:53.831,ADA/USDT:USDT,0.8222,390.0,0.8221,1239.0,0.8223,62.0,0.8224,1196.0
1753531613985,12:06:53.985,ADA/USDT:USDT,0.8222,390.0,0.8221,1239.0,0.8223,62.0,0.8224,1196.0
1753531614475,12:06:54.475,ADA/USDT:USDT,0.8222,390.0,0.8221,1225.0,0.8223,62.0,0.8224,1210.0
1753531614733,12:06:54.733,ADA/USDT:USDT,0.8222,390.0,0.8221,1225.0,0.8223,62.0,0.8224,1018.0
1753531614768,12:06:54.768,ADA/USDT:USDT,0.8222,390.0,0.8221,1239.0,0.8223,62.0,0.8224,1004.0
1753531615333,12:06:55.333,ADA/USDT:USDT,0.8222,390.0,0.8221,1239.0,0.8223,62.0,0.8224,1004.0
1753531615449,12:06:55.449,ADA/USDT:USDT,0.8222,390.0,0.8221,1225.0,0.8224,1018.0,0.8225,1201.0
1753531615473,12:06:55.473,ADA/USDT:USDT,0.8222,390.0,0.8221,1211.0,0.8224,1141.0,0.8225,1886.0
1753531615739,12:06:55.739,ADA/USDT:USDT,0.8222,390.0,0.8221,1239.0,0.8223,50.0,0.8224,1141.0
1753531616333,12:06:56.333,ADA/USDT:USDT,0.8224,268.0,0.8223,650.0,0.8225,429.0,0.8226,1803.0
1753531616479,12:06:56.479,ADA/USDT:USDT,0.8224,62.0,0.8223,650.0,0.8225,429.0,0.8226,1803.0
1753531616565,12:06:56.565,ADA/USDT:USDT,0.8224,62.0,0.8223,650.0,0.8225,429.0,0.8226,1953.0
1753531617014,12:06:57.014,ADA/USDT:USDT,0.8224,62.0,0.8223,650.0,0.8225,429.0,0.8226,1953.0
1753531617145,12:06:57.145,ADA/USDT:USDT,0.8223,650.0,0.8222,2010.0,0.8225,937.0,0.8226,1939.0
1753531617230,12:06:57.230,ADA/USDT:USDT,0.8223,541.0,0.8222,2010.0,0.8225,711.0,0.8226,1485.0
1753531617343,12:06:57.343,ADA/USDT:USDT,0.8223,74.0,0.8222,2007.0,0.8224,62.0,0.8225,711.0
1753531617432,12:06:57.432,ADA/USDT:USDT,0.8223,74.0,0.8222,2035.0,0.8224,62.0,0.8225,908.0
1753531617519,12:06:57.519,ADA/USDT:USDT,0.8223,375.0,0.8222,2035.0,0.8224,62.0,0.8225,894.0
1753531617641,12:06:57.641,ADA/USDT:USDT,0.8223,375.0,0.8222,2035.0,0.8224,212.0,0.8225,908.0
1753531617743,12:06:57.743,ADA/USDT:USDT,0.8223,169.0,0.8222,2035.0,0.8224,212.0,0.8225,908.0
1753531618510,12:06:58.510,ADA/USDT:USDT,0.8223,169.0,0.8222,2035.0,0.8224,212.0,0.8225,784.0
1753531618639,12:06:58.639,ADA/USDT:USDT,0.8223,169.0,0.8222,2035.0,0.8224,212.0,0.8225,784.0
1753531619134,12:06:59.134,ADA/USDT:USDT,0.8223,280.0,0.8222,2035.0,0.8224,212.0,0.8225,711.0
1753531619247,12:06:59.247,ADA/USDT:USDT,0.8223,280.0,0.8222,2035.0,0.8224,212.0,0.8225,711.0
1753531619342,12:06:59.342,ADA/USDT:USDT,0.8223,280.0,0.8222,2021.0,0.8224,212.0,0.8225,711.0
1753531619438,12:06:59.438,ADA/USDT:USDT,0.8223,280.0,0.8222,2021.0,0.8224,212.0,0.8225,711.0
1753531621639,12:07:01.639,ADA/USDT:USDT,0.8223,418.0,0.8222,2183.0,0.8224,62.0,0.8225,697.0
1753531621719,12:07:01.719,ADA/USDT:USDT,0.8223,418.0,0.8222,2183.0,0.8224,62.0,0.8225,697.0
1753531621753,12:07:01.753,ADA/USDT:USDT,0.8223,418.0,0.8222,2183.0,0.8224,62.0,0.8225,697.0
1753531622390,12:07:02.390,ADA/USDT:USDT,0.8223,418.0,0.8222,2183.0,0.8224,62.0,0.8225,697.0
1753531622493,12:07:02.493,ADA/USDT:USDT,0.8223,418.0,0.8222,2169.0,0.8224,62.0,0.8225,697.0
1753531623341,12:07:03.341,ADA/USDT:USDT,0.8222,2116.0,0.8221,2339.0,0.8224,306.0,0.8225,1455.0
1753531623439,12:07:03.439,ADA/USDT:USDT,0.8222,2130.0,0.8221,2339.0,0.8224,115.0,0.8225,1821.0
1753531623825,12:07:03.825,ADA/USDT:USDT,0.8222,1414.0,0.8221,1311.0,0.8223,62.0,0.8224,731.0
1753531624035,12:07:04.035,ADA/USDT:USDT,0.8222,1414.0,0.8221,1028.0,0.8223,62.0,0.8224,459.0
1753531624227,12:07:04.227,ADA/USDT:USDT,0.8222,1414.0,0.8221,1028.0,0.8223,62.0,0.8224,459.0
1753531624255,12:07:04.255,ADA/USDT:USDT,0.8222,1414.0,0.8221,1028.0,0.8223,62.0,0.8224,459.0
1753531624434,12:07:04.434,ADA/USDT:USDT,0.8222,1414.0,0.8221,1028.0,0.8223,62.0,0.8224,459.0
1753531624485,12:07:04.485,ADA/USDT:USDT,0.8222,1414.0,0.8221,1028.0,0.8223,62.0,0.8224,459.0
1753531624635,12:07:04.635,ADA/USDT:USDT,0.8222,1414.0,0.8221,1028.0,0.8223,62.0,0.8224,459.0
1753531624738,12:07:04.738,ADA/USDT:USDT,0.8222,1414.0,0.8221,1014.0,0.8224,309.0,0.8225,1154.0
1753531624802,12:07:04.802,ADA/USDT:USDT,0.8222,1428.0,0.8221,1218.0,0.8224,557.0,0.8225,1839.0
1753531625302,12:07:05.302,ADA/USDT:USDT,0.8222,1428.0,0.8221,1204.0,0.8224,542.0,0.8225,1839.0
1753531625441,12:07:05.441,ADA/USDT:USDT,0.8223,245.0,0.8222,1414.0,0.8224,62.0,0.8225,1853.0
1753531625623,12:07:05.623,ADA/USDT:USDT,0.8223,150.0,0.8222,1414.0,0.8224,62.0,0.8225,1853.0
1753531626119,12:07:06.119,ADA/USDT:USDT,0.8222,1414.0,0.8221,1829.0,0.8224,737.0,0.8225,1853.0
1753531626222,12:07:06.222,ADA/USDT:USDT,0.8222,1414.0,0.8221,1829.0,0.8224,737.0,0.8225,1853.0
1753531626343,12:07:06.343,ADA/USDT:USDT,0.8222,1414.0,0.8221,1829.0,0.8224,737.0,0.8225,1853.0
1753531626444,12:07:06.444,ADA/USDT:USDT,0.8222,1414.0,0.8221,1829.0,0.8224,737.0,0.8225,1853.0
1753531626546,12:07:06.546,ADA/USDT:USDT,0.8222,1414.0,0.8221,1829.0,0.8224,737.0,0.8225,1853.0
1753531626628,12:07:06.628,ADA/USDT:USDT,0.8222,1414.0,0.8221,1829.0,0.8224,723.0,0.8225,1839.0
1753531626697,12:07:06.697,ADA/USDT:USDT,0.8222,1414.0,0.8221,1829.0,0.8224,737.0,0.8225,1839.0
1753531626825,12:07:06.825,ADA/USDT:USDT,0.8222,1414.0,0.8221,1829.0,0.8224,737.0,0.8225,1839.0
1753531627213,12:07:07.213,ADA/USDT:USDT,0.8223,212.0,0.8222,1937.0,0.8224,62.0,0.8225,1109.0
1753531627301,12:07:07.301,ADA/USDT:USDT,0.8223,212.0,0.8222,1951.0,0.8224,62.0,0.8225,1095.0
1753531627423,12:07:07.423,ADA/USDT:USDT,0.8223,418.0,0.8222,1965.0,0.8224,62.0,0.8225,1095.0
1753531627478,12:07:07.478,ADA/USDT:USDT,0.8223,418.0,0.8222,1951.0,0.8224,62.0,0.8225,1095.0
1753531627613,12:07:07.613,ADA/USDT:USDT,0.8223,62.0,0.8222,1414.0,0.8224,299.0,0.8225,1182.0
1753531627709,12:07:07.709,ADA/USDT:USDT,0.8223,62.0,0.8222,1414.0,0.8224,285.0,0.8225,1182.0
1753531627816,12:07:07.816,ADA/USDT:USDT,0.8223,62.0,0.8222,1414.0,0.8224,271.0,0.8225,1182.0
1753531627937,12:07:07.937,ADA/USDT:USDT,0.8223,62.0,0.8222,1414.0,0.8224,65.0,0.8225,1182.0
1753531628009,12:07:08.009,ADA/USDT:USDT,0.8223,62.0,0.8222,1414.0,0.8224,65.0,0.8225,1168.0
1753531628141,12:07:08.141,ADA/USDT:USDT,0.8223,62.0,0.8222,552.0,0.8224,65.0,0.8225,1182.0
1753531628244,12:07:08.244,ADA/USDT:USDT,0.8223,62.0,0.8222,1428.0,0.8224,65.0,0.8225,1168.0
1753531628343,12:07:08.343,ADA/USDT:USDT,0.8223,363.0,0.8222,1951.0,0.8224,62.0,0.8225,1095.0
1753531628433,12:07:08.433,ADA/USDT:USDT,0.8223,513.0,0.8222,1951.0,0.8224,62.0,0.8225,1109.0
1753531628521,12:07:08.521,ADA/USDT:USDT,0.8223,212.0,0.8222,1937.0,0.8224,76.0,0.8225,1109.0
1753531628560,12:07:08.560,ADA/USDT:USDT,0.8223,212.0,0.8222,1937.0,0.8224,76.0,0.8225,1109.0
1753531628672,12:07:08.672,ADA/USDT:USDT,0.8223,212.0,0.8222,1937.0,0.8224,62.0,0.8225,1109.0
1753531628913,12:07:08.913,ADA/USDT:USDT,0.8223,212.0,0.8222,1937.0,0.8224,76.0,0.8225,1109.0
1753531629109,12:07:09.109,ADA/USDT:USDT,0.8223,212.0,0.8222,1937.0,0.8224,76.0,0.8225,1109.0
1753531629248,12:07:09.248,ADA/USDT:USDT,0.8223,212.0,0.8222,1937.0,0.8224,76.0,0.8225,1109.0
1753531629308,12:07:09.308,ADA/USDT:USDT,0.8223,62.0,0.8222,1937.0,0.8224,296.0,0.8225,1182.0
1753531629639,12:07:09.639,ADA/USDT:USDT,0.8223,62.0,0.8222,1937.0,0.8224,62.0,0.8225,1182.0
1753531629741,12:07:09.741,ADA/USDT:USDT,0.8223,62.0,0.8222,1937.0,0.8224,76.0,0.8225,1182.0
1753531629842,12:07:09.842,ADA/USDT:USDT,0.8223,62.0,0.8222,1937.0,0.8224,90.0,0.8225,1182.0
1753531630040,12:07:10.040,ADA/USDT:USDT,0.8223,363.0,0.8222,1951.0,0.8224,62.0,0.8225,1168.0
1753531630142,12:07:10.142,ADA/USDT:USDT,0.8223,363.0,0.8222,1951.0,0.8224,62.0,0.8225,715.0
1753531630278,12:07:10.278,ADA/USDT:USDT,0.8223,363.0,0.8222,1951.0,0.8224,62.0,0.8225,715.0
1753531630407,12:07:10.407,ADA/USDT:USDT,0.8223,268.0,0.8222,1937.0,0.8224,62.0,0.8225,715.0
1753531630538,12:07:10.538,ADA/USDT:USDT,0.8223,268.0,0.8222,1937.0,0.8224,76.0,0.8225,715.0
1753531630569,12:07:10.569,ADA/USDT:USDT,0.8223,268.0,0.8222,1937.0,0.8224,76.0,0.8225,715.0
1753531631003,12:07:11.003,ADA/USDT:USDT,0.8223,268.0,0.8222,1937.0,0.8224,62.0,0.8225,715.0
1753531631062,12:07:11.062,ADA/USDT:USDT,0.8223,268.0,0.8222,1937.0,0.8224,62.0,0.8225,715.0
1753531631167,12:07:11.167,ADA/USDT:USDT,0.8223,268.0,0.8222,1937.0,0.8224,62.0,0.8225,715.0
1753531631397,12:07:11.397,ADA/USDT:USDT,0.8223,418.0,0.8222,1937.0,0.8224,62.0,0.8225,715.0
1753531631840,12:07:11.840,ADA/USDT:USDT,0.8223,432.0,0.8222,1951.0,0.8224,62.0,0.8225,715.0
1753531631944,12:07:11.944,ADA/USDT:USDT,0.8223,418.0,0.8222,1951.0,0.8224,62.0,0.8225,715.0
1753531631991,12:07:11.991,ADA/USDT:USDT,0.8223,418.0,0.8222,1951.0,0.8224,62.0,0.8225,715.0
1753531632086,12:07:12.086,ADA/USDT:USDT,0.8223,432.0,0.8222,1937.0,0.8224,62.0,0.8225,498.0
1753531632329,12:07:12.329,ADA/USDT:USDT,0.8223,418.0,0.8222,1937.0,0.8224,62.0,0.8225,498.0
1753531632540,12:07:12.540,ADA/USDT:USDT,0.8223,418.0,0.8222,1937.0,0.8225,498.0,0.8226,1485.0
1753531632641,12:07:12.641,ADA/USDT:USDT,0.8223,418.0,0.8222,1937.0,0.8225,704.0,0.8226,2170.0
1753531632734,12:07:12.734,ADA/USDT:USDT,0.8223,418.0,0.8222,1937.0,0.8225,704.0,0.8226,2170.0
1753531632832,12:07:12.832,ADA/USDT:USDT,0.8223,418.0,0.8222,1937.0,0.8225,704.0,0.8226,2170.0
1753531632854,12:07:12.854,ADA/USDT:USDT,0.8223,418.0,0.8222,1937.0,0.8225,690.0,0.8226,2170.0
1753531632989,12:07:12.989,ADA/USDT:USDT,0.8223,418.0,0.8222,1937.0,0.8225,690.0,0.8226,2170.0
1753531633148,12:07:13.148,ADA/USDT:USDT,0.8224,171.0,0.8223,842.0,0.8225,226.0,0.8226,2184.0
1753531633241,12:07:13.241,ADA/USDT:USDT,0.8225,62.0,0.8224,622.0,0.8226,1506.0,0.8227,1584.0
1753531633335,12:07:13.335,ADA/USDT:USDT,0.8225,157.0,0.8224,634.0,0.8226,953.0,0.8227,1218.0
1753531633448,12:07:13.448,ADA/USDT:USDT,0.8225,527.0,0.8224,1089.0,0.8226,747.0,0.8227,1040.0
1753531633548,12:07:13.548,ADA/USDT:USDT,0.8226,536.0,0.8225,1105.0,0.8227,62.0,0.8228,718.0
1753531633585,12:07:13.585,ADA/USDT:USDT,0.8226,536.0,0.8225,1105.0,0.8227,62.0,0.8228,1100.0
1753531633738,12:07:13.738,ADA/USDT:USDT,0.8226,522.0,0.8225,1105.0,0.8227,62.0,0.8228,1100.0
1753531633840,12:07:13.840,ADA/USDT:USDT,0.8226,372.0,0.8225,1091.0,0.8227,62.0,0.8228,718.0
1753531633934,12:07:13.934,ADA/USDT:USDT,0.8226,166.0,0.8225,1091.0,0.8227,62.0,0.8228,718.0
1753531634031,12:07:14.031,ADA/USDT:USDT,0.8226,166.0,0.8225,1091.0,0.8227,62.0,0.8228,732.0
1753531634144,12:07:14.144,ADA/USDT:USDT,0.8226,166.0,0.8225,1091.0,0.8227,62.0,0.8228,746.0
1753531634216,12:07:14.216,ADA/USDT:USDT,0.8226,166.0,0.8225,1091.0,0.8227,62.0,0.8228,746.0
1753531634330,12:07:14.330,ADA/USDT:USDT,0.8226,166.0,0.8225,1091.0,0.8227,62.0,0.8228,732.0
1753531634383,12:07:14.383,ADA/USDT:USDT,0.8226,166.0,0.8225,1091.0,0.8227,212.0,0.8228,896.0
1753531634531,12:07:14.531,ADA/USDT:USDT,0.8226,166.0,0.8225,1077.0,0.8227,432.0,0.8228,945.0
1753531634619,12:07:14.619,ADA/USDT:USDT,0.8226,71.0,0.8225,840.0,0.8227,446.0,0.8228,1018.0
1753531634735,12:07:14.735,ADA/USDT:USDT,0.8226,62.0,0.8225,840.0,0.8227,446.0,0.8228,1018.0
1753531634844,12:07:14.844,ADA/USDT:USDT,0.8225,840.0,0.8224,2015.0,0.8227,626.0,0.8228,990.0
1753531634950,12:07:14.950,ADA/USDT:USDT,0.8224,74.0,0.8223,1180.0,0.8225,307.0,0.8226,880.0
1753531635038,12:07:15.038,ADA/USDT:USDT,0.8224,936.0,0.8223,418.0,0.8225,226.0,0.8226,880.0
1753531635133,12:07:15.133,ADA/USDT:USDT,0.8224,74.0,0.8223,1280.0,0.8225,212.0,0.8226,771.0
1753531635234,12:07:15.234,ADA/USDT:USDT,0.8224,169.0,0.8223,1280.0,0.8225,212.0,0.8226,757.0
1753531635343,12:07:15.343,ADA/USDT:USDT,0.8224,375.0,0.8223,1501.0,0.8225,212.0,0.8226,684.0
1753531635372,12:07:15.372,ADA/USDT:USDT,0.8224,375.0,0.8223,1501.0,0.8225,62.0,0.8226,684.0
1753531635493,12:07:15.493,ADA/USDT:USDT,0.8224,375.0,0.8223,1501.0,0.8225,62.0,0.8226,684.0
1753531635624,12:07:15.624,ADA/USDT:USDT,0.8224,375.0,0.8223,1742.0,0.8225,62.0,0.8226,684.0
1753531635739,12:07:15.739,ADA/USDT:USDT,0.8224,74.0,0.8223,1487.0,0.8225,76.0,0.8226,942.0
1753531635849,12:07:15.849,ADA/USDT:USDT,0.8224,74.0,0.8223,1487.0,0.8225,90.0,0.8226,1015.0
1753531635904,12:07:15.904,ADA/USDT:USDT,0.8224,74.0,0.8223,1487.0,0.8225,62.0,0.8226,1015.0
1753531636033,12:07:16.033,ADA/USDT:USDT,0.8224,62.0,0.8223,1499.0,0.8225,62.0,0.8226,1015.0
1753531636134,12:07:16.134,ADA/USDT:USDT,0.8224,62.0,0.8223,1499.0,0.8225,62.0,0.8226,1015.0
1753531636234,12:07:16.234,ADA/USDT:USDT,0.8224,62.0,0.8223,1499.0,0.8225,76.0,0.8226,1015.0
1753531636349,12:07:16.349,ADA/USDT:USDT,0.8224,71.0,0.8223,1499.0,0.8225,212.0,0.8226,1015.0
1753531636448,12:07:16.448,ADA/USDT:USDT,0.8224,71.0,0.8223,1499.0,0.8225,212.0,0.8226,1024.0
1753531636515,12:07:16.515,ADA/USDT:USDT,0.8224,71.0,0.8223,1499.0,0.8225,212.0,0.8226,1015.0
1753531636602,12:07:16.602,ADA/USDT:USDT,0.8224,62.0,0.8223,1499.0,0.8225,212.0,0.8226,1015.0
1753531636733,12:07:16.733,ADA/USDT:USDT,0.8224,62.0,0.8223,1513.0,0.8225,212.0,0.8226,1015.0
1753531636949,12:07:16.949,ADA/USDT:USDT,0.8224,377.0,0.8223,1654.0,0.8225,212.0,0.8226,670.0
1753531637044,12:07:17.044,ADA/USDT:USDT,0.8224,363.0,0.8223,1654.0,0.8225,212.0,0.8226,670.0
1753531637144,12:07:17.144,ADA/USDT:USDT,0.8224,268.0,0.8223,1887.0,0.8225,212.0,0.8226,670.0
1753531637233,12:07:17.233,ADA/USDT:USDT,0.8224,268.0,0.8223,1901.0,0.8225,212.0,0.8226,670.0
1753531637349,12:07:17.349,ADA/USDT:USDT,0.8224,268.0,0.8223,1901.0,0.8225,212.0,0.8226,684.0
1753531637421,12:07:17.421,ADA/USDT:USDT,0.8224,62.0,0.8223,1873.0,0.8225,432.0,0.8226,771.0
1753531637536,12:07:17.536,ADA/USDT:USDT,0.8224,62.0,0.8223,1901.0,0.8225,418.0,0.8226,757.0
1753531637640,12:07:17.640,ADA/USDT:USDT,0.8224,62.0,0.8223,1901.0,0.8225,418.0,0.8226,757.0
1753531637741,12:07:17.741,ADA/USDT:USDT,0.8224,62.0,0.8223,1887.0,0.8225,418.0,0.8226,757.0
1753531637833,12:07:17.833,ADA/USDT:USDT,0.8224,62.0,0.8223,1887.0,0.8225,418.0,0.8226,757.0
1753531637943,12:07:17.943,ADA/USDT:USDT,0.8224,62.0,0.8223,1887.0,0.8225,418.0,0.8226,771.0
1753531638037,12:07:18.037,ADA/USDT:USDT,0.8223,1654.0,0.8222,1141.0,0.8224,62.0,0.8225,589.0
1753531638120,12:07:18.120,ADA/USDT:USDT,0.8223,1389.0,0.8222,1141.0,0.8224,62.0,0.8225,612.0
1753531638233,12:07:18.233,ADA/USDT:USDT,0.8223,1389.0,0.8222,1141.0,0.8224,62.0,0.8225,612.0
1753531638325,12:07:18.325,ADA/USDT:USDT,0.8223,527.0,0.8222,1925.0,0.8224,62.0,0.8225,612.0
1753531638444,12:07:18.444,ADA/USDT:USDT,0.8223,527.0,0.8222,1939.0,0.8224,62.0,0.8225,612.0
1753531638491,12:07:18.491,ADA/USDT:USDT,0.8223,527.0,0.8222,1939.0,0.8224,62.0,0.8225,612.0
1753531638640,12:07:18.640,ADA/USDT:USDT,0.8223,527.0,0.8222,1939.0,0.8224,62.0,0.8225,612.0
1753531638740,12:07:18.740,ADA/USDT:USDT,0.8223,527.0,0.8222,1939.0,0.8224,62.0,0.8225,612.0
1753531638808,12:07:18.808,ADA/USDT:USDT,0.8223,527.0,0.8222,1939.0,0.8224,62.0,0.8225,612.0
1753531638883,12:07:18.883,ADA/USDT:USDT,0.8223,280.0,0.8222,1925.0,0.8224,62.0,0.8225,612.0
1753531639037,12:07:19.037,ADA/USDT:USDT,0.8223,280.0,0.8222,1939.0,0.8224,62.0,0.8225,626.0
1753531639147,12:07:19.147,ADA/USDT:USDT,0.8223,280.0,0.8222,1925.0,0.8224,62.0,0.8225,626.0
1753531639158,12:07:19.158,ADA/USDT:USDT,0.8223,280.0,0.8222,1925.0,0.8224,62.0,0.8225,626.0
1753531639306,12:07:19.306,ADA/USDT:USDT,0.8223,280.0,0.8222,1925.0,0.8224,62.0,0.8225,626.0
1753531639446,12:07:19.446,ADA/USDT:USDT,0.8223,280.0,0.8222,1939.0,0.8224,62.0,0.8225,626.0
1753531639549,12:07:19.549,ADA/USDT:USDT,0.8223,280.0,0.8222,1953.0,0.8224,62.0,0.8225,626.0
1753531639608,12:07:19.608,ADA/USDT:USDT,0.8223,280.0,0.8222,1953.0,0.8224,62.0,0.8225,612.0
1753531639690,12:07:19.690,ADA/USDT:USDT,0.8223,280.0,0.8222,1953.0,0.8224,62.0,0.8225,626.0
1753531639833,12:07:19.833,ADA/USDT:USDT,0.8223,280.0,0.8222,1953.0,0.8224,62.0,0.8225,626.0
1753531639949,12:07:19.949,ADA/USDT:USDT,0.8223,280.0,0.8222,1953.0,0.8224,62.0,0.8225,626.0
1753531640013,12:07:20.013,ADA/USDT:USDT,0.8223,280.0,0.8222,1925.0,0.8224,62.0,0.8225,626.0
1753531640131,12:07:20.131,ADA/USDT:USDT,0.8223,280.0,0.8222,1939.0,0.8224,62.0,0.8225,626.0
1753531640230,12:07:20.230,ADA/USDT:USDT,0.8223,280.0,0.8222,1925.0,0.8224,62.0,0.8225,626.0
1753531640315,12:07:20.315,ADA/USDT:USDT,0.8223,280.0,0.8222,1939.0,0.8224,62.0,0.8225,626.0
1753531640431,12:07:20.431,ADA/USDT:USDT,0.8223,280.0,0.8222,1925.0,0.8224,62.0,0.8225,626.0
1753531640481,12:07:20.481,ADA/USDT:USDT,0.8223,280.0,0.8222,1925.0,0.8224,62.0,0.8225,626.0
1753531640606,12:07:20.606,ADA/USDT:USDT,0.8223,280.0,0.8222,1939.0,0.8224,62.0,0.8225,626.0
1753531640728,12:07:20.728,ADA/USDT:USDT,0.8223,280.0,0.8222,1939.0,0.8224,62.0,0.8225,626.0
1753531640832,12:07:20.832,ADA/USDT:USDT,0.8223,280.0,0.8222,1939.0,0.8224,62.0,0.8225,626.0
1753531640940,12:07:20.940,ADA/USDT:USDT,0.8223,280.0,0.8222,2169.0,0.8224,62.0,0.8225,626.0
1753531641045,12:07:21.045,ADA/USDT:USDT,0.8223,280.0,0.8222,2169.0,0.8224,62.0,0.8225,626.0
1753531641129,12:07:21.129,ADA/USDT:USDT,0.8223,280.0,0.8222,2169.0,0.8224,62.0,0.8225,626.0
1753531641347,12:07:21.347,ADA/USDT:USDT,0.8223,280.0,0.8222,2169.0,0.8224,226.0,0.8225,626.0
1753531641393,12:07:21.393,ADA/USDT:USDT,0.8223,268.0,0.8222,2181.0,0.8224,212.0,0.8225,626.0
1753531641539,12:07:21.539,ADA/USDT:USDT,0.8223,268.0,0.8222,2181.0,0.8224,62.0,0.8225,626.0
1753531641649,12:07:21.649,ADA/USDT:USDT,0.8223,268.0,0.8222,2181.0,0.8224,62.0,0.8225,406.0
1753531641726,12:07:21.726,ADA/USDT:USDT,0.8223,282.0,0.8222,2181.0,0.8224,62.0,0.8225,406.0
1753531641797,12:07:21.797,ADA/USDT:USDT,0.8223,282.0,0.8222,2181.0,0.8224,62.0,0.8225,406.0
1753531641920,12:07:21.920,ADA/USDT:USDT,0.8223,268.0,0.8222,2273.0,0.8224,62.0,0.8225,406.0
1753531642025,12:07:22.025,ADA/USDT:USDT,0.8223,282.0,0.8222,2273.0,0.8224,62.0,0.8225,406.0
1753531642140,12:07:22.140,ADA/USDT:USDT,0.8223,268.0,0.8222,2273.0,0.8224,62.0,0.8225,406.0
1753531642203,12:07:22.203,ADA/USDT:USDT,0.8223,268.0,0.8222,2273.0,0.8224,62.0,0.8225,406.0
1753531642278,12:07:22.278,ADA/USDT:USDT,0.8223,418.0,0.8222,2273.0,0.8224,62.0,0.8225,406.0
1753531642414,12:07:22.414,ADA/USDT:USDT,0.8223,418.0,0.8222,2273.0,0.8224,62.0,0.8225,406.0
1753531642529,12:07:22.529,ADA/USDT:USDT,0.8223,418.0,0.8222,2273.0,0.8224,62.0,0.8225,406.0
1753531642593,12:07:22.593,ADA/USDT:USDT,0.8223,418.0,0.8222,2273.0,0.8224,62.0,0.8225,406.0
1753531642721,12:07:22.721,ADA/USDT:USDT,0.8223,432.0,0.8222,2273.0,0.8224,62.0,0.8225,406.0
1753531642834,12:07:22.834,ADA/USDT:USDT,0.8223,432.0,0.8222,2273.0,0.8224,62.0,0.8225,406.0
1753531642894,12:07:22.894,ADA/USDT:USDT,0.8223,432.0,0.8222,2273.0,0.8224,62.0,0.8225,406.0
1753531642955,12:07:22.955,ADA/USDT:USDT,0.8223,432.0,0.8222,2273.0,0.8224,62.0,0.8225,406.0
1753531643135,12:07:23.135,ADA/USDT:USDT,0.8223,418.0,0.8222,2273.0,0.8225,406.0,0.8226,883.0
1753531643203,12:07:23.203,ADA/USDT:USDT,0.8223,432.0,0.8222,2259.0,0.8225,579.0,0.8226,1568.0
1753531643325,12:07:23.325,ADA/USDT:USDT,0.8223,432.0,0.8222,2259.0,0.8225,579.0,0.8226,1568.0
1753531643424,12:07:23.424,ADA/USDT:USDT,0.8224,95.0,0.8223,953.0,0.8225,212.0,0.8226,1568.0
1753531643484,12:07:23.484,ADA/USDT:USDT,0.8224,157.0,0.8223,953.0,0.8225,212.0,0.8226,1568.0
1753531643639,12:07:23.639,ADA/USDT:USDT,0.8224,157.0,0.8223,953.0,0.8225,212.0,0.8226,1568.0
1753531643729,12:07:23.729,ADA/USDT:USDT,0.8224,157.0,0.8223,953.0,0.8225,212.0,0.8226,1568.0
1753531643779,12:07:23.779,ADA/USDT:USDT,0.8224,157.0,0.8223,953.0,0.8225,212.0,0.8226,1568.0
1753531643928,12:07:23.928,ADA/USDT:USDT,0.8224,157.0,0.8223,953.0,0.8225,212.0,0.8226,1568.0
1753531644035,12:07:24.035,ADA/USDT:USDT,0.8224,157.0,0.8223,953.0,0.8225,212.0,0.8226,1568.0
1753531644080,12:07:24.080,ADA/USDT:USDT,0.8224,157.0,0.8223,953.0,0.8225,212.0,0.8226,1568.0
1753531644164,12:07:24.164,ADA/USDT:USDT,0.8224,157.0,0.8223,953.0,0.8225,212.0,0.8226,883.0
1753531644338,12:07:24.338,ADA/USDT:USDT,0.8224,363.0,0.8223,953.0,0.8225,212.0,0.8226,810.0
1753531644425,12:07:24.425,ADA/USDT:USDT,0.8224,363.0,0.8223,953.0,0.8225,212.0,0.8226,810.0
1753531644542,12:07:24.542,ADA/USDT:USDT,0.8224,363.0,0.8223,953.0,0.8225,212.0,0.8226,810.0
1753531644608,12:07:24.608,ADA/USDT:USDT,0.8224,363.0,0.8223,953.0,0.8225,212.0,0.8226,810.0
1753531644735,12:07:24.735,ADA/USDT:USDT,0.8224,363.0,0.8223,953.0,0.8225,212.0,0.8226,810.0
1753531644818,12:07:24.818,ADA/USDT:USDT,0.8224,363.0,0.8223,953.0,0.8225,212.0,0.8226,810.0
1753531644933,12:07:24.933,ADA/USDT:USDT,0.8224,363.0,0.8223,953.0,0.8225,212.0,0.8226,824.0
1753531645040,12:07:25.040,ADA/USDT:USDT,0.8224,363.0,0.8223,953.0,0.8225,62.0,0.8226,824.0
1753531645148,12:07:25.148,ADA/USDT:USDT,0.8225,95.0,0.8224,363.0,0.8226,212.0,0.8227,1654.0
1753531645242,12:07:25.242,ADA/USDT:USDT,0.8225,157.0,0.8224,732.0,0.8226,90.0,0.8227,1581.0
1753531645345,12:07:25.345,ADA/USDT:USDT,0.8225,62.0,0.8224,732.0,0.8226,76.0,0.8227,1581.0
1753531645413,12:07:25.413,ADA/USDT:USDT,0.8225,62.0,0.8224,1594.0,0.8226,90.0,0.8227,2020.0
1753531645531,12:07:25.531,ADA/USDT:USDT,0.8224,1594.0,0.8223,1507.0,0.8226,615.0,0.8227,2020.0
1753531645641,12:07:25.641,ADA/USDT:USDT,0.8224,1594.0,0.8223,1507.0,0.8226,615.0,0.8227,2020.0
1753531645680,12:07:25.680,ADA/USDT:USDT,0.8224,1594.0,0.8223,1507.0,0.8226,615.0,0.8227,2020.0
1753531645803,12:07:25.803,ADA/USDT:USDT,0.8224,1594.0,0.8223,1507.0,0.8226,615.0,0.8227,2020.0
1753531645917,12:07:25.917,ADA/USDT:USDT,0.8224,1594.0,0.8223,1507.0,0.8226,629.0,0.8227,2020.0
1753531645976,12:07:25.976,ADA/USDT:USDT,0.8224,1499.0,0.8223,1507.0,0.8226,629.0,0.8227,2020.0
1753531646131,12:07:26.131,ADA/USDT:USDT,0.8224,1130.0,0.8223,1507.0,0.8226,629.0,0.8227,2020.0
1753531646237,12:07:26.237,ADA/USDT:USDT,0.8224,1130.0,0.8223,823.0,0.8226,779.0,0.8227,2020.0
1753531646343,12:07:26.343,ADA/USDT:USDT,0.8224,924.0,0.8223,837.0,0.8225,212.0,0.8226,765.0
1753531646389,12:07:26.389,ADA/USDT:USDT,0.8224,62.0,0.8223,1685.0,0.8225,212.0,0.8226,939.0
1753531646452,12:07:26.452,ADA/USDT:USDT,0.8224,62.0,0.8223,1685.0,0.8225,212.0,0.8226,939.0
1753531646579,12:07:26.579,ADA/USDT:USDT,0.8224,62.0,0.8223,1685.0,0.8225,212.0,0.8226,939.0
1753531646733,12:07:26.733,ADA/USDT:USDT,0.8224,363.0,0.8223,1713.0,0.8225,62.0,0.8226,911.0
1753531646848,12:07:26.848,ADA/USDT:USDT,0.8223,1419.0,0.8222,935.0,0.8225,268.0,0.8226,925.0
1753531646935,12:07:26.935,ADA/USDT:USDT,0.8223,1292.0,0.8222,1515.0,0.8224,62.0,0.8225,610.0
1753531647035,12:07:27.035,ADA/USDT:USDT,0.8223,1292.0,0.8222,1529.0,0.8224,62.0,0.8225,753.0
1753531647148,12:07:27.148,ADA/USDT:USDT,0.8223,430.0,0.8222,2391.0,0.8224,62.0,0.8225,739.0
1753531647152,12:07:27.152,ADA/USDT:USDT,0.8223,430.0,0.8222,2391.0,0.8224,62.0,0.8225,753.0
1753531647349,12:07:27.349,ADA/USDT:USDT,0.8223,430.0,0.8222,2391.0,0.8224,62.0,0.8225,753.0
1753531647434,12:07:27.434,ADA/USDT:USDT,0.8223,280.0,0.8222,2172.0,0.8224,62.0,0.8225,753.0
1753531647513,12:07:27.513,ADA/USDT:USDT,0.8223,280.0,0.8222,2158.0,0.8224,62.0,0.8225,753.0
1753531647625,12:07:27.625,ADA/USDT:USDT,0.8223,280.0,0.8222,2158.0,0.8224,62.0,0.8225,767.0
1753531647713,12:07:27.713,ADA/USDT:USDT,0.8223,74.0,0.8222,2172.0,0.8224,62.0,0.8225,767.0
1753531647765,12:07:27.765,ADA/USDT:USDT,0.8223,74.0,0.8222,2172.0,0.8224,62.0,0.8225,767.0
1753531647949,12:07:27.949,ADA/USDT:USDT,0.8223,74.0,0.8222,2158.0,0.8224,62.0,0.8225,767.0
1753531648033,12:07:28.033,ADA/USDT:USDT,0.8223,169.0,0.8222,2186.0,0.8224,62.0,0.8225,624.0
1753531648144,12:07:28.144,ADA/USDT:USDT,0.8223,169.0,0.8222,2186.0,0.8224,62.0,0.8225,624.0
1753531648240,12:07:28.240,ADA/USDT:USDT,0.8223,375.0,0.8222,2158.0,0.8224,212.0,0.8225,624.0
1753531648313,12:07:28.313,ADA/USDT:USDT,0.8223,375.0,0.8222,2158.0,0.8224,212.0,0.8225,624.0
1753531648374,12:07:28.374,ADA/USDT:USDT,0.8223,375.0,0.8222,2158.0,0.8224,212.0,0.8225,624.0
1753531648547,12:07:28.547,ADA/USDT:USDT,0.8223,280.0,0.8222,2158.0,0.8224,212.0,0.8225,624.0
1753531648630,12:07:28.630,ADA/USDT:USDT,0.8223,280.0,0.8222,2158.0,0.8224,226.0,0.8225,624.0
1753531648747,12:07:28.747,ADA/USDT:USDT,0.8222,2080.0,0.8221,1555.0,0.8224,418.0,0.8225,1227.0
1753531648830,12:07:28.830,ADA/USDT:USDT,0.8222,2080.0,0.8221,1555.0,0.8224,432.0,0.8225,1035.0
1753531649003,12:07:29.003,ADA/USDT:USDT,0.8222,2080.0,0.8221,1555.0,0.8224,432.0,0.8225,1035.0
1753531649078,12:07:29.078,ADA/USDT:USDT,0.8222,2092.0,0.8221,1555.0,0.8224,418.0,0.8225,1035.0
1753531649249,12:07:29.249,ADA/USDT:USDT,0.8222,2080.0,0.8221,1921.0,0.8224,62.0,0.8225,683.0
1753531649346,12:07:29.346,ADA/USDT:USDT,0.8223,95.0,0.8222,2108.0,0.8224,62.0,0.8225,624.0
1753531649378,12:07:29.378,ADA/USDT:USDT,0.8223,157.0,0.8222,2108.0,0.8224,62.0,0.8225,801.0
1753531649640,12:07:29.640,ADA/USDT:USDT,0.8223,157.0,0.8222,2094.0,0.8224,62.0,0.8225,815.0
1753531649674,12:07:29.674,ADA/USDT:USDT,0.8223,157.0,0.8222,2094.0,0.8224,62.0,0.8225,815.0
1753531649843,12:07:29.843,ADA/USDT:USDT,0.8223,62.0,0.8222,1218.0,0.8224,76.0,0.8225,815.0
1753531649943,12:07:29.943,ADA/USDT:USDT,0.8222,1218.0,0.8221,1392.0,0.8224,619.0,0.8225,1254.0
1753531650023,12:07:30.023,ADA/USDT:USDT,0.8222,2080.0,0.8221,1532.0,0.8224,619.0,0.8225,1076.0
1753531650137,12:07:30.137,ADA/USDT:USDT,0.8222,2080.0,0.8221,1532.0,0.8224,619.0,0.8225,1048.0
1753531650250,12:07:30.250,ADA/USDT:USDT,0.8222,1646.0,0.8221,907.0,0.8223,62.0,0.8224,619.0
1753531650349,12:07:30.349,ADA/USDT:USDT,0.8222,1535.0,0.8221,907.0,0.8223,62.0,0.8224,605.0
1753531650431,12:07:30.431,ADA/USDT:USDT,0.8222,1535.0,0.8221,921.0,0.8223,62.0,0.8224,605.0
1753531650542,12:07:30.542,ADA/USDT:USDT,0.8222,1535.0,0.8221,921.0,0.8223,62.0,0.8224,605.0
1753531650559,12:07:30.559,ADA/USDT:USDT,0.8222,1535.0,0.8221,921.0,0.8223,62.0,0.8224,605.0
1753531650731,12:07:30.731,ADA/USDT:USDT,0.8222,1535.0,0.8221,935.0,0.8223,62.0,0.8224,591.0
1753531650845,12:07:30.845,ADA/USDT:USDT,0.8222,1535.0,0.8221,921.0,0.8223,62.0,0.8224,605.0
1753531650929,12:07:30.929,ADA/USDT:USDT,0.8222,924.0,0.8221,757.0,0.8223,282.0,0.8224,619.0
1753531651002,12:07:31.002,ADA/USDT:USDT,0.8222,924.0,0.8221,617.0,0.8223,282.0,0.8224,619.0
1753531651116,12:07:31.116,ADA/USDT:USDT,0.8222,924.0,0.8221,767.0,0.8223,418.0,0.8224,619.0
1753531651239,12:07:31.239,ADA/USDT:USDT,0.8222,924.0,0.8221,767.0,0.8223,432.0,0.8224,769.0
1753531651343,12:07:31.343,ADA/USDT:USDT,0.8222,862.0,0.8221,767.0,0.8223,418.0,0.8224,769.0
1753531651439,12:07:31.439,ADA/USDT:USDT,0.8222,862.0,0.8221,767.0,0.8223,432.0,0.8224,842.0
1753531651519,12:07:31.519,ADA/USDT:USDT,0.8222,862.0,0.8221,767.0,0.8223,432.0,0.8224,842.0
1753531651644,12:07:31.644,ADA/USDT:USDT,0.8222,862.0,0.8221,767.0,0.8223,432.0,0.8224,842.0
1753531651717,12:07:31.717,ADA/USDT:USDT,0.8222,862.0,0.8221,795.0,0.8223,418.0,0.8224,842.0
1753531651824,12:07:31.824,ADA/USDT:USDT,0.8222,862.0,0.8221,781.0,0.8223,418.0,0.8224,842.0
1753531651945,12:07:31.945,ADA/USDT:USDT,0.8222,862.0,0.8221,703.0,0.8223,418.0,0.8224,842.0
1753531652041,12:07:32.041,ADA/USDT:USDT,0.8222,862.0,0.8221,717.0,0.8223,418.0,0.8224,842.0
1753531652133,12:07:32.133,ADA/USDT:USDT,0.8221,1551.0,0.822,1353.0,0.8223,533.0,0.8224,827.0
1753531652248,12:07:32.248,ADA/USDT:USDT,0.8221,1141.0,0.822,1345.0,0.8222,62.0,0.8223,812.0
1753531652332,12:07:32.332,ADA/USDT:USDT,0.8221,1141.0,0.822,929.0,0.8222,62.0,0.8223,626.0
1753531652415,12:07:32.415,ADA/USDT:USDT,0.8221,1141.0,0.822,929.0,0.8222,62.0,0.8223,640.0
1753531652604,12:07:32.604,ADA/USDT:USDT,0.8221,1141.0,0.822,929.0,0.8222,62.0,0.8223,640.0
1753531652837,12:07:32.837,ADA/USDT:USDT,0.8221,1141.0,0.822,929.0,0.8222,62.0,0.8223,626.0
1753531652855,12:07:32.855,ADA/USDT:USDT,0.8221,1141.0,0.822,929.0,0.8222,62.0,0.8223,640.0
1753531653024,12:07:33.024,ADA/USDT:USDT,0.8221,1141.0,0.822,929.0,0.8222,62.0,0.8223,640.0
1753531653076,12:07:33.076,ADA/USDT:USDT,0.8221,279.0,0.822,929.0,0.8222,62.0,0.8223,640.0
1753531653247,12:07:33.247,ADA/USDT:USDT,0.8221,279.0,0.822,1791.0,0.8222,226.0,0.8223,640.0
1753531653298,12:07:33.298,ADA/USDT:USDT,0.8221,279.0,0.822,1791.0,0.8222,226.0,0.8223,640.0
1753531653440,12:07:33.440,ADA/USDT:USDT,0.8221,279.0,0.822,1791.0,0.8222,212.0,0.8223,640.0
1753531653541,12:07:33.541,ADA/USDT:USDT,0.8221,279.0,0.822,1779.0,0.8222,226.0,0.8223,1141.0
1753531653622,12:07:33.622,ADA/USDT:USDT,0.8221,279.0,0.822,1779.0,0.8222,212.0,0.8223,1141.0
1753531653733,12:07:33.733,ADA/USDT:USDT,0.8221,62.0,0.822,1779.0,0.8222,212.0,0.8223,1141.0
1753531653843,12:07:33.843,ADA/USDT:USDT,0.8221,62.0,0.822,1793.0,0.8222,212.0,0.8223,1141.0
1753531653914,12:07:33.914,ADA/USDT:USDT,0.8221,62.0,0.822,1793.0,0.8222,212.0,0.8223,1141.0
1753531654043,12:07:34.043,ADA/USDT:USDT,0.8221,62.0,0.822,1779.0,0.8222,226.0,0.8223,1141.0
1753531654141,12:07:34.141,ADA/USDT:USDT,0.8221,62.0,0.822,1779.0,0.8222,226.0,0.8223,1141.0
1753531654244,12:07:34.244,ADA/USDT:USDT,0.8221,62.0,0.822,1779.0,0.8222,226.0,0.8223,1214.0
1753531654345,12:07:34.345,ADA/USDT:USDT,0.822,1779.0,0.8219,1376.0,0.8222,212.0,0.8223,1186.0
1753531654426,12:07:34.426,ADA/USDT:USDT,0.822,1779.0,0.8219,1169.0,0.8222,212.0,0.8223,1051.0
1753531654520,12:07:34.520,ADA/USDT:USDT,0.822,1807.0,0.8219,1535.0,0.8222,212.0,0.8223,1051.0
1753531654604,12:07:34.604,ADA/USDT:USDT,0.8221,157.0,0.822,1779.0,0.8222,212.0,0.8223,1079.0
1753531654688,12:07:34.688,ADA/USDT:USDT,0.8221,62.0,0.822,1779.0,0.8222,226.0,0.8223,1214.0
1753531654848,12:07:34.848,ADA/USDT:USDT,0.822,1779.0,0.8219,1395.0,0.8222,501.0,0.8223,1208.0
1753531654948,12:07:34.948,ADA/USDT:USDT,0.822,1381.0,0.8219,1409.0,0.8221,62.0,0.8222,408.0
1753531655047,12:07:35.047,ADA/USDT:USDT,0.822,1381.0,0.8219,1409.0,0.8221,62.0,0.8222,408.0
1753531655130,12:07:35.130,ADA/USDT:USDT,0.822,1142.0,0.8219,1545.0,0.8221,62.0,0.8222,408.0
1753531655248,12:07:35.248,ADA/USDT:USDT,0.822,280.0,0.8219,1703.0,0.8221,62.0,0.8222,599.0
1753531655331,12:07:35.331,ADA/USDT:USDT,0.822,63.0,0.8219,1703.0,0.8221,76.0,0.8222,599.0
1753531655429,12:07:35.429,ADA/USDT:USDT,0.822,1.0,0.8219,1703.0,0.8221,90.0,0.8222,672.0
1753531655549,12:07:35.549,ADA/USDT:USDT,0.822,1.0,0.8219,1531.0,0.8221,185.0,0.8222,498.0
1753531655646,12:07:35.646,ADA/USDT:USDT,0.822,1.0,0.8219,1292.0,0.8221,694.0,0.8222,878.0
1753531655749,12:07:35.749,ADA/USDT:USDT,0.822,1.0,0.8219,1292.0,0.8221,694.0,0.8222,878.0
1753531655825,12:07:35.825,ADA/USDT:USDT,0.822,1.0,0.8219,1292.0,0.8221,694.0,0.8222,878.0
1753531655913,12:07:35.913,ADA/USDT:USDT,0.822,1.0,0.8219,430.0,0.8221,694.0,0.8222,878.0
1753531656036,12:07:36.036,ADA/USDT:USDT,0.822,1.0,0.8219,63.0,0.8221,1060.0,0.8222,1163.0
1753531656136,12:07:36.136,ADA/USDT:USDT,0.822,1.0,0.8219,151.0,0.8221,1210.0,0.8222,1163.0
1753531656197,12:07:36.197,ADA/USDT:USDT,0.822,1.0,0.8219,1.0,0.8221,1210.0,0.8222,1163.0
1753531656299,12:07:36.299,ADA/USDT:USDT,0.822,1.0,0.8219,1.0,0.8221,1210.0,0.8222,878.0
1753531656436,12:07:36.436,ADA/USDT:USDT,0.822,1.0,0.8219,1.0,0.8221,705.0,0.8222,1052.0
1753531656542,12:07:36.542,ADA/USDT:USDT,0.822,1.0,0.8219,1.0,0.8221,705.0,0.8222,1052.0
1753531656646,12:07:36.646,ADA/USDT:USDT,0.8219,1.0,0.8218,1393.0,0.822,445.0,0.8221,947.0
1753531656749,12:07:36.749,ADA/USDT:USDT,0.8219,1.0,0.8218,1393.0,0.822,445.0,0.8221,1188.0
1753531656841,12:07:36.841,ADA/USDT:USDT,0.8219,1.0,0.8218,1393.0,0.822,445.0,0.8221,1188.0
1753531656933,12:07:36.933,ADA/USDT:USDT,0.8219,1.0,0.8218,1176.0,0.822,445.0,0.8221,1424.0
1753531657045,12:07:37.045,ADA/USDT:USDT,0.8219,1.0,0.8218,314.0,0.822,445.0,0.8221,1424.0
1753531657129,12:07:37.129,ADA/USDT:USDT,0.8219,1.0,0.8218,430.0,0.822,322.0,0.8221,1424.0
1753531657200,12:07:37.200,ADA/USDT:USDT,0.8219,1.0,0.8218,430.0,0.822,322.0,0.8221,1424.0
1753531657333,12:07:37.333,ADA/USDT:USDT,0.8219,1.0,0.8217,1500.0,0.822,351.0,0.8221,1424.0
1753531657408,12:07:37.408,ADA/USDT:USDT,0.8219,1.0,0.8217,1500.0,0.822,351.0,0.8221,1424.0
1753531657542,12:07:37.542,ADA/USDT:USDT,0.8219,1.0,0.8217,1295.0,0.822,424.0,0.8221,1424.0
1753531657642,12:07:37.642,ADA/USDT:USDT,0.8219,1.0,0.8217,1295.0,0.822,424.0,0.8221,1424.0
1753531657732,12:07:37.732,ADA/USDT:USDT,0.8219,1.0,0.8217,1295.0,0.822,409.0,0.8221,1187.0
1753531657757,12:07:37.757,ADA/USDT:USDT,0.8219,1.0,0.8217,1347.0,0.822,409.0,0.8221,1187.0
1753531657893,12:07:37.893,ADA/USDT:USDT,0.8219,1.0,0.8217,1347.0,0.822,423.0,0.8221,1187.0
1753531658046,12:07:38.046,ADA/USDT:USDT,0.8219,1.0,0.8217,1347.0,0.822,423.0,0.8221,1187.0
1753531658114,12:07:38.114,ADA/USDT:USDT,0.8219,1.0,0.8218,150.0,0.822,350.0,0.8221,1187.0
1753531658233,12:07:38.233,ADA/USDT:USDT,0.8219,1.0,0.8218,150.0,0.822,350.0,0.8221,1187.0
1753531658333,12:07:38.333,ADA/USDT:USDT,0.8219,1.0,0.8218,150.0,0.822,350.0,0.8221,1187.0
1753531658438,12:07:38.438,ADA/USDT:USDT,0.8219,1.0,0.8218,150.0,0.822,350.0,0.8221,1187.0
1753531658496,12:07:38.496,ADA/USDT:USDT,0.8219,1.0,0.8218,150.0,0.822,350.0,0.8221,1187.0
1753531658598,12:07:38.598,ADA/USDT:USDT,0.8219,1.0,0.8218,150.0,0.822,350.0,0.8221,1187.0
1753531658739,12:07:38.739,ADA/USDT:USDT,0.8219,1.0,0.8218,150.0,0.822,350.0,0.8221,1187.0
1753531658848,12:07:38.848,ADA/USDT:USDT,0.8219,1.0,0.8218,150.0,0.822,350.0,0.8221,1187.0
1753531659042,12:07:39.042,ADA/USDT:USDT,0.8219,1.0,0.8218,150.0,0.822,336.0,0.8221,1187.0
1753531659101,12:07:39.101,ADA/USDT:USDT,0.8219,1.0,0.8218,150.0,0.822,212.0,0.8221,1184.0
1753531659180,12:07:39.180,ADA/USDT:USDT,0.8219,1.0,0.8218,150.0,0.822,226.0,0.8221,1184.0
1753531659345,12:07:39.345,ADA/USDT:USDT,0.8219,1.0,0.8218,150.0,0.822,240.0,0.8221,1184.0
1753531659408,12:07:39.408,ADA/USDT:USDT,0.8219,1.0,0.8218,150.0,0.822,226.0,0.8221,1184.0
1753531659518,12:07:39.518,ADA/USDT:USDT,0.8219,1.0,0.8218,150.0,0.822,240.0,0.8221,1184.0
1753531659623,12:07:39.623,ADA/USDT:USDT,0.8219,1.0,0.8218,150.0,0.822,240.0,0.8221,1184.0
1753531659842,12:07:39.842,ADA/USDT:USDT,0.8219,1.0,0.8218,150.0,0.822,240.0,0.8221,1184.0
1753531659906,12:07:39.906,ADA/USDT:USDT,0.8219,1.0,0.8218,150.0,0.822,240.0,0.8221,1184.0
1753531660035,12:07:40.035,ADA/USDT:USDT,0.8219,1.0,0.8218,150.0,0.822,240.0,0.8221,1184.0
1753531660138,12:07:40.138,ADA/USDT:USDT,0.8219,1.0,0.8218,150.0,0.822,240.0,0.8221,1184.0
1753531660243,12:07:40.243,ADA/USDT:USDT,0.8219,1.0,0.8218,150.0,0.822,240.0,0.8221,1184.0
1753531660341,12:07:40.341,ADA/USDT:USDT,0.8219,1.0,0.8218,387.0,0.822,240.0,0.8221,1184.0
1753531660430,12:07:40.430,ADA/USDT:USDT,0.8219,1.0,0.8218,387.0,0.822,240.0,0.8221,1184.0
1753531660536,12:07:40.536,ADA/USDT:USDT,0.8219,1.0,0.8218,387.0,0.822,240.0,0.8221,1184.0
1753531660618,12:07:40.618,ADA/USDT:USDT,0.8219,1.0,0.8218,387.0,0.822,240.0,0.8221,1184.0
1753531660739,12:07:40.739,ADA/USDT:USDT,0.8219,1.0,0.8218,387.0,0.822,240.0,0.8221,1184.0
1753531660808,12:07:40.808,ADA/USDT:USDT,0.8219,1.0,0.8218,387.0,0.822,240.0,0.8221,1184.0
1753531661003,12:07:41.003,ADA/USDT:USDT,0.8219,1.0,0.8218,387.0,0.822,240.0,0.8221,1184.0
1753531661102,12:07:41.102,ADA/USDT:USDT,0.8219,1.0,0.8218,387.0,0.822,240.0,0.8221,1184.0
1753531661214,12:07:41.214,ADA/USDT:USDT,0.8219,1.0,0.8218,387.0,0.822,240.0,0.8221,1184.0
1753531661333,12:07:41.333,ADA/USDT:USDT,0.8219,1.0,0.8218,387.0,0.822,240.0,0.8221,1184.0
1753531661402,12:07:41.402,ADA/USDT:USDT,0.8219,1.0,0.8218,387.0,0.822,240.0,0.8221,1184.0
1753531661522,12:07:41.522,ADA/USDT:USDT,0.8219,1.0,0.8218,387.0,0.822,240.0,0.8221,1184.0
1753531661594,12:07:41.594,ADA/USDT:USDT,0.8219,1.0,0.8218,387.0,0.822,240.0,0.8221,1184.0
1753531661733,12:07:41.733,ADA/USDT:USDT,0.8219,1.0,0.8218,387.0,0.822,226.0,0.8221,1184.0
1753531661834,12:07:41.834,ADA/USDT:USDT,0.8219,1.0,0.8218,387.0,0.822,240.0,0.8221,1184.0
1753531661934,12:07:41.934,ADA/USDT:USDT,0.8219,1.0,0.8218,387.0,0.822,240.0,0.8221,1184.0
1753531662046,12:07:42.046,ADA/USDT:USDT,0.8219,1.0,0.8218,387.0,0.822,240.0,0.8221,1184.0
1753531662082,12:07:42.082,ADA/USDT:USDT,0.8219,1.0,0.8218,387.0,0.822,240.0,0.8221,1184.0
1753531662233,12:07:42.233,ADA/USDT:USDT,0.8219,1.0,0.8218,387.0,0.822,240.0,0.8221,1184.0
1753531662311,12:07:42.311,ADA/USDT:USDT,0.8219,1.0,0.8218,387.0,0.822,240.0,0.8221,1184.0
1753531662429,12:07:42.429,ADA/USDT:USDT,0.8219,1.0,0.8218,387.0,0.822,226.0,0.8221,1184.0
1753531662531,12:07:42.531,ADA/USDT:USDT,0.8219,1.0,0.8218,387.0,0.822,212.0,0.8221,1184.0
1753531662612,12:07:42.612,ADA/USDT:USDT,0.8219,1.0,0.8218,387.0,0.822,240.0,0.8221,1184.0
1753531662707,12:07:42.707,ADA/USDT:USDT,0.8219,1.0,0.8218,387.0,0.822,240.0,0.8221,1184.0
1753531662763,12:07:42.763,ADA/USDT:USDT,0.8219,1.0,0.8218,387.0,0.822,240.0,0.8221,1184.0
1753531662892,12:07:42.892,ADA/USDT:USDT,0.8219,1.0,0.8218,387.0,0.822,240.0,0.8221,1184.0
1753531663006,12:07:43.006,ADA/USDT:USDT,0.8219,1.0,0.8218,387.0,0.822,240.0,0.8221,1184.0
1753531663081,12:07:43.081,ADA/USDT:USDT,0.8219,1.0,0.8218,387.0,0.822,240.0,0.8221,1184.0
1753531663230,12:07:43.230,ADA/USDT:USDT,0.8219,1.0,0.8218,449.0,0.822,212.0,0.8221,1184.0
1753531663348,12:07:43.348,ADA/USDT:USDT,0.8219,1.0,0.8218,449.0,0.822,240.0,0.8221,1184.0
1753531663408,12:07:43.408,ADA/USDT:USDT,0.8219,1.0,0.8218,655.0,0.822,240.0,0.8221,1184.0
1753531663546,12:07:43.546,ADA/USDT:USDT,0.8219,1.0,0.8218,655.0,0.822,240.0,0.8221,1184.0
1753531663612,12:07:43.612,ADA/USDT:USDT,0.8219,1.0,0.8218,655.0,0.822,212.0,0.8221,1184.0
1753531663715,12:07:43.715,ADA/USDT:USDT,0.8219,1.0,0.8218,655.0,0.822,240.0,0.8221,1184.0
1753531663821,12:07:43.821,ADA/USDT:USDT,0.8219,1.0,0.8218,655.0,0.822,240.0,0.8221,1184.0
1753531664043,12:07:44.043,ADA/USDT:USDT,0.8219,1.0,0.8218,449.0,0.822,240.0,0.8221,1184.0
1753531664237,12:07:44.237,ADA/USDT:USDT,0.8219,1.0,0.8218,449.0,0.822,240.0,0.8221,1184.0
1753531664308,12:07:44.308,ADA/USDT:USDT,0.8219,1.0,0.8218,449.0,0.822,240.0,0.8221,1184.0
1753531664445,12:07:44.445,ADA/USDT:USDT,0.8219,1.0,0.8218,449.0,0.822,240.0,0.8221,1184.0
1753531664554,12:07:44.554,ADA/USDT:USDT,0.8219,1.0,0.8218,449.0,0.822,240.0,0.8221,1184.0
1753531664733,12:07:44.733,ADA/USDT:USDT,0.8219,1.0,0.8218,449.0,0.822,226.0,0.8221,1184.0
1753531664813,12:07:44.813,ADA/USDT:USDT,0.8219,1.0,0.8218,449.0,0.822,240.0,0.8221,1184.0
1753531664860,12:07:44.860,ADA/USDT:USDT,0.8219,1.0,0.8218,449.0,0.822,240.0,0.8221,1184.0
1753531665046,12:07:45.046,ADA/USDT:USDT,0.8219,1.0,0.8218,449.0,0.822,240.0,0.8221,1184.0
1753531665246,12:07:45.246,ADA/USDT:USDT,0.8219,1.0,0.8218,449.0,0.822,240.0,0.8221,1184.0
1753531665285,12:07:45.285,ADA/USDT:USDT,0.8219,1.0,0.8218,449.0,0.822,240.0,0.8221,1184.0
1753531665379,12:07:45.379,ADA/USDT:USDT,0.8219,1.0,0.8218,449.0,0.822,240.0,0.8221,1184.0
1753531665571,12:07:45.571,ADA/USDT:USDT,0.8219,1.0,0.8218,449.0,0.822,240.0,0.8221,1184.0
1753531665731,12:07:45.731,ADA/USDT:USDT,0.8219,1.0,0.8218,449.0,0.822,226.0,0.8221,1184.0
1753531665834,12:07:45.834,ADA/USDT:USDT,0.8219,1.0,0.8218,449.0,0.822,240.0,0.8221,1184.0
1753531665948,12:07:45.948,ADA/USDT:USDT,0.8219,1.0,0.8218,655.0,0.822,212.0,0.8221,1184.0
1753531666025,12:07:46.025,ADA/USDT:USDT,0.8219,1.0,0.8218,655.0,0.822,212.0,0.8221,1184.0
1753531666074,12:07:46.074,ADA/USDT:USDT,0.8219,1.0,0.8218,655.0,0.822,240.0,0.8221,1184.0
1753531666249,12:07:46.249,ADA/USDT:USDT,0.8219,1.0,0.8218,655.0,0.822,212.0,0.8221,1184.0
1753531666329,12:07:46.329,ADA/USDT:USDT,0.8219,63.0,0.8218,655.0,0.822,212.0,0.8221,1184.0
1753531666434,12:07:46.434,ADA/USDT:USDT,0.822,486.0,0.8219,487.0,0.8221,212.0,0.8222,754.0
1753531666547,12:07:46.547,ADA/USDT:USDT,0.822,486.0,0.8219,744.0,0.8221,212.0,0.8222,968.0
1753531666648,12:07:46.648,ADA/USDT:USDT,0.822,472.0,0.8219,744.0,0.8221,212.0,0.8222,968.0
1753531666743,12:07:46.743,ADA/USDT:USDT,0.822,472.0,0.8219,649.0,0.8221,212.0,0.8222,824.0
1753531666791,12:07:46.791,ADA/USDT:USDT,0.822,472.0,0.8219,649.0,0.8221,212.0,0.8222,824.0
1753531666917,12:07:46.917,ADA/USDT:USDT,0.822,472.0,0.8219,649.0,0.8221,212.0,0.8222,824.0
1753531667026,12:07:47.026,ADA/USDT:USDT,0.822,268.0,0.8219,785.0,0.8221,212.0,0.8222,838.0
1753531667145,12:07:47.145,ADA/USDT:USDT,0.822,62.0,0.8219,676.0,0.8221,240.0,0.8222,925.0
1753531667194,12:07:47.194,ADA/USDT:USDT,0.822,62.0,0.8219,676.0,0.8221,240.0,0.8222,925.0
1753531667309,12:07:47.309,ADA/USDT:USDT,0.822,62.0,0.8219,419.0,0.8221,240.0,0.8222,925.0
1753531667436,12:07:47.436,ADA/USDT:USDT,0.8219,269.0,0.8218,1136.0,0.822,212.0,0.8221,400.0
1753531667482,12:07:47.482,ADA/USDT:USDT,0.8219,269.0,0.8218,1136.0,0.822,212.0,0.8221,516.0
1753531667613,12:07:47.613,ADA/USDT:USDT,0.8219,269.0,0.8218,1136.0,0.822,212.0,0.8221,516.0
1753531667748,12:07:47.748,ADA/USDT:USDT,0.8219,63.0,0.8218,1136.0,0.822,212.0,0.8221,882.0
1753531667839,12:07:47.839,ADA/USDT:USDT,0.8219,63.0,0.8218,1136.0,0.822,212.0,0.8221,896.0
1753531667910,12:07:47.910,ADA/USDT:USDT,0.8219,278.0,0.8218,1150.0,0.822,62.0,0.8221,502.0
1753531668047,12:07:48.047,ADA/USDT:USDT,0.8219,278.0,0.8218,1164.0,0.822,62.0,0.8221,502.0
1753531668116,12:07:48.116,ADA/USDT:USDT,0.8219,278.0,0.8218,1164.0,0.822,62.0,0.8221,516.0
1753531668236,12:07:48.236,ADA/USDT:USDT,0.8219,278.0,0.8218,1164.0,0.822,62.0,0.8221,502.0
1753531668255,12:07:48.255,ADA/USDT:USDT,0.8219,278.0,0.8218,1150.0,0.822,62.0,0.8221,516.0
1753531668383,12:07:48.383,ADA/USDT:USDT,0.8219,278.0,0.8218,1164.0,0.822,62.0,0.8221,502.0
1753531668533,12:07:48.533,ADA/USDT:USDT,0.8219,278.0,0.8218,1164.0,0.822,62.0,0.8221,386.0
1753531668613,12:07:48.613,ADA/USDT:USDT,0.8219,278.0,0.8218,1164.0,0.822,62.0,0.8221,386.0
1753531668773,12:07:48.773,ADA/USDT:USDT,0.8219,278.0,0.8218,1164.0,0.822,62.0,0.8221,386.0
1753531668949,12:07:48.949,ADA/USDT:USDT,0.822,204.0,0.8219,533.0,0.8221,212.0,0.8222,897.0
1753531669043,12:07:49.043,ADA/USDT:USDT,0.822,377.0,0.8219,730.0,0.8221,62.0,0.8222,1010.0
1753531669099,12:07:49.099,ADA/USDT:USDT,0.822,268.0,0.8219,730.0,0.8221,62.0,0.8222,1024.0
1753531669224,12:07:49.224,ADA/USDT:USDT,0.822,268.0,0.8219,949.0,0.8221,62.0,0.8222,1038.0
1753531669339,12:07:49.339,ADA/USDT:USDT,0.822,268.0,0.8219,963.0,0.8221,62.0,0.8222,1038.0
1753531669411,12:07:49.411,ADA/USDT:USDT,0.822,268.0,0.8219,963.0,0.8221,62.0,0.8222,1010.0
1753531669548,12:07:49.548,ADA/USDT:USDT,0.822,268.0,0.8219,963.0,0.8221,62.0,0.8222,1024.0
1753531669577,12:07:49.577,ADA/USDT:USDT,0.822,268.0,0.8219,963.0,0.8221,62.0,0.8222,1010.0
1753531669797,12:07:49.797,ADA/USDT:USDT,0.822,268.0,0.8219,949.0,0.8222,1010.0,0.8223,2514.0
1753531669857,12:07:49.857,ADA/USDT:USDT,0.822,268.0,0.8219,949.0,0.8222,1010.0,0.8223,2514.0
1753531670042,12:07:50.042,ADA/USDT:USDT,0.822,418.0,0.8219,1099.0,0.8222,824.0,0.8223,1829.0
1753531670148,12:07:50.148,ADA/USDT:USDT,0.822,418.0,0.8219,1099.0,0.8222,838.0,0.8223,1829.0
1753531670152,12:07:50.152,ADA/USDT:USDT,0.822,268.0,0.8219,1085.0,0.8222,838.0,0.8223,1829.0
1753531670311,12:07:50.311,ADA/USDT:USDT,0.822,268.0,0.8219,1085.0,0.8222,824.0,0.8223,1829.0
1753531670417,12:07:50.417,ADA/USDT:USDT,0.822,268.0,0.8219,1085.0,0.8222,838.0,0.8223,1829.0
1753531670547,12:07:50.547,ADA/USDT:USDT,0.822,268.0,0.8219,1085.0,0.8222,838.0,0.8223,1829.0
1753531670621,12:07:50.621,ADA/USDT:USDT,0.822,268.0,0.8219,1085.0,0.8222,824.0,0.8223,1829.0
1753531670750,12:07:50.750,ADA/USDT:USDT,0.8221,204.0,0.822,296.0,0.8222,576.0,0.8223,1463.0
1753531670848,12:07:50.848,ADA/USDT:USDT,0.8221,266.0,0.822,989.0,0.8222,62.0,0.8223,1263.0
1753531670934,12:07:50.934,ADA/USDT:USDT,0.8221,266.0,0.822,975.0,0.8222,76.0,0.8223,1291.0
1753531671049,12:07:51.049,ADA/USDT:USDT,0.8221,157.0,0.822,975.0,0.8222,62.0,0.8223,1300.0
1753531671144,12:07:51.144,ADA/USDT:USDT,0.822,418.0,0.8219,1548.0,0.8222,396.0,0.8223,1702.0
1753531671244,12:07:51.244,ADA/USDT:USDT,0.822,418.0,0.8219,1548.0,0.8222,382.0,0.8223,1702.0
1753531671273,12:07:51.273,ADA/USDT:USDT,0.822,418.0,0.8219,1548.0,0.8222,382.0,0.8223,1702.0
1753531671437,12:07:51.437,ADA/USDT:USDT,0.822,418.0,0.8219,1548.0,0.8222,382.0,0.8223,1829.0
1753531671483,12:07:51.483,ADA/USDT:USDT,0.822,432.0,0.8219,1548.0,0.8222,382.0,0.8223,1829.0
1753531671600,12:07:51.600,ADA/USDT:USDT,0.822,418.0,0.8219,1548.0,0.8222,382.0,0.8223,1829.0
1753531671691,12:07:51.691,ADA/USDT:USDT,0.822,432.0,0.8219,1548.0,0.8222,382.0,0.8223,1829.0
1753531671796,12:07:51.796,ADA/USDT:USDT,0.822,418.0,0.8219,864.0,0.8222,382.0,0.8223,1829.0
1753531671940,12:07:51.940,ADA/USDT:USDT,0.822,418.0,0.8219,864.0,0.8222,532.0,0.8223,1829.0
1753531672007,12:07:52.007,ADA/USDT:USDT,0.822,418.0,0.8219,864.0,0.8222,546.0,0.8223,1829.0
1753531672055,12:07:52.055,ADA/USDT:USDT,0.822,418.0,0.8219,864.0,0.8222,560.0,0.8223,1829.0
1753531672227,12:07:52.227,ADA/USDT:USDT,0.822,418.0,0.8219,864.0,0.8222,532.0,0.8223,1829.0
1753531672264,12:07:52.264,ADA/USDT:USDT,0.822,418.0,0.8219,864.0,0.8222,546.0,0.8223,1829.0
1753531672415,12:07:52.415,ADA/USDT:USDT,0.822,418.0,0.8219,864.0,0.8222,532.0,0.8223,1829.0
1753531672549,12:07:52.549,ADA/USDT:USDT,0.822,418.0,0.8219,864.0,0.8222,532.0,0.8223,1838.0
1753531672612,12:07:52.612,ADA/USDT:USDT,0.822,418.0,0.8219,864.0,0.8222,532.0,0.8223,1829.0
1753531672746,12:07:52.746,ADA/USDT:USDT,0.8221,157.0,0.822,693.0,0.8222,212.0,0.8223,1390.0
1753531672836,12:07:52.836,ADA/USDT:USDT,0.8221,157.0,0.822,868.0,0.8222,212.0,0.8223,1404.0
1753531672942,12:07:52.942,ADA/USDT:USDT,0.8221,62.0,0.822,840.0,0.8222,212.0,0.8223,1418.0
1753531673156,12:07:53.156,ADA/USDT:USDT,0.8221,62.0,0.822,840.0,0.8222,226.0,0.8223,1418.0
1753531673331,12:07:53.331,ADA/USDT:USDT,0.8221,157.0,0.822,868.0,0.8222,212.0,0.8223,1404.0
1753531673434,12:07:53.434,ADA/USDT:USDT,0.8221,157.0,0.822,868.0,0.8222,212.0,0.8223,1404.0
1753531673746,12:07:53.746,ADA/USDT:USDT,0.8221,363.0,0.822,868.0,0.8222,212.0,0.8223,1418.0
1753531673833,12:07:53.833,ADA/USDT:USDT,0.8221,62.0,0.822,665.0,0.8222,226.0,0.8223,1784.0
1753531674010,12:07:54.010,ADA/USDT:USDT,0.8221,62.0,0.822,665.0,0.8222,226.0,0.8223,1784.0
1753531674082,12:07:54.082,ADA/USDT:USDT,0.8221,62.0,0.822,665.0,0.8222,240.0,0.8223,1784.0
1753531674238,12:07:54.238,ADA/USDT:USDT,0.8221,62.0,0.822,665.0,0.8222,240.0,0.8223,2027.0
1753531674304,12:07:54.304,ADA/USDT:USDT,0.8221,62.0,0.822,665.0,0.8222,240.0,0.8223,2100.0
1753531674454,12:07:54.454,ADA/USDT:USDT,0.8221,62.0,0.822,665.0,0.8222,212.0,0.8223,2100.0
1753531674571,12:07:54.571,ADA/USDT:USDT,0.8221,62.0,0.822,665.0,0.8222,226.0,0.8223,2100.0
1753531674733,12:07:54.733,ADA/USDT:USDT,0.822,533.0,0.8219,864.0,0.8222,617.0,0.8223,2100.0
1753531674785,12:07:54.785,ADA/USDT:USDT,0.822,418.0,0.8219,1113.0,0.8222,775.0,0.8223,2785.0
1753531674920,12:07:54.920,ADA/USDT:USDT,0.822,418.0,0.8219,1113.0,0.8222,775.0,0.8223,2785.0
1753531675003,12:07:55.003,ADA/USDT:USDT,0.822,418.0,0.8219,1113.0,0.8222,775.0,0.8223,2785.0
1753531675138,12:07:55.138,ADA/USDT:USDT,0.822,62.0,0.8219,1113.0,0.8221,212.0,0.8222,761.0
1753531675212,12:07:55.212,ADA/USDT:USDT,0.822,62.0,0.8219,1100.0,0.8221,212.0,0.8222,603.0
1753531675336,12:07:55.336,ADA/USDT:USDT,0.822,62.0,0.8219,1114.0,0.8221,212.0,0.8222,589.0
1753531675388,12:07:55.388,ADA/USDT:USDT,0.822,62.0,0.8219,1100.0,0.8221,212.0,0.8222,603.0
1753531675490,12:07:55.490,ADA/USDT:USDT,0.822,157.0,0.8219,1114.0,0.8221,212.0,0.8222,589.0
1753531675593,12:07:55.593,ADA/USDT:USDT,0.822,157.0,0.8219,1114.0,0.8221,212.0,0.8222,603.0
1753531675748,12:07:55.748,ADA/USDT:USDT,0.822,157.0,0.8219,1114.0,0.8221,212.0,0.8222,603.0
1753531675785,12:07:55.785,ADA/USDT:USDT,0.822,157.0,0.8219,1114.0,0.8221,212.0,0.8222,589.0
1753531675940,12:07:55.940,ADA/USDT:USDT,0.822,307.0,0.8219,1114.0,0.8221,212.0,0.8222,603.0
1753531676445,12:07:56.445,ADA/USDT:USDT,0.822,307.0,0.8219,1114.0,0.8221,212.0,0.8222,603.0
1753531676480,12:07:56.480,ADA/USDT:USDT,0.822,307.0,0.8219,1114.0,0.8221,212.0,0.8222,589.0
1753531676569,12:07:56.569,ADA/USDT:USDT,0.822,307.0,0.8219,1114.0,0.8221,212.0,0.8222,589.0
1753531676713,12:07:56.713,ADA/USDT:USDT,0.822,307.0,0.8219,649.0,0.8221,212.0,0.8222,603.0
1753531676814,12:07:56.814,ADA/USDT:USDT,0.822,212.0,0.8219,1511.0,0.8221,212.0,0.8222,603.0
1753531676898,12:07:56.898,ADA/USDT:USDT,0.822,212.0,0.8219,1525.0,0.8221,212.0,0.8222,603.0
1753531677009,12:07:57.009,ADA/USDT:USDT,0.822,212.0,0.8219,1525.0,0.8221,212.0,0.8222,603.0
1753531677072,12:07:57.072,ADA/USDT:USDT,0.822,212.0,0.8219,1525.0,0.8221,212.0,0.8222,603.0
1753531677398,12:07:57.398,ADA/USDT:USDT,0.822,212.0,0.8219,1511.0,0.8221,212.0,0.8222,603.0
1753531677456,12:07:57.456,ADA/USDT:USDT,0.822,212.0,0.8219,1525.0,0.8221,212.0,0.8222,603.0
1753531677598,12:07:57.598,ADA/USDT:USDT,0.822,418.0,0.8219,1525.0,0.8221,212.0,0.8222,589.0
1753531677790,12:07:57.790,ADA/USDT:USDT,0.822,418.0,0.8219,1525.0,0.8221,62.0,0.8222,589.0
1753531677904,12:07:57.904,ADA/USDT:USDT,0.822,418.0,0.8219,1525.0,0.8221,62.0,0.8222,589.0
1753531678035,12:07:58.035,ADA/USDT:USDT,0.822,418.0,0.8219,1525.0,0.8221,62.0,0.8222,589.0
1753531678495,12:07:58.495,ADA/USDT:USDT,0.822,418.0,0.8219,663.0,0.8221,62.0,0.8222,589.0
1753531678596,12:07:58.596,ADA/USDT:USDT,0.822,418.0,0.8219,1524.0,0.8221,62.0,0.8222,589.0
1753531679074,12:07:59.074,ADA/USDT:USDT,0.822,418.0,0.8219,1524.0,0.8221,62.0,0.8222,589.0
1753531679235,12:07:59.235,ADA/USDT:USDT,0.822,418.0,0.8219,1524.0,0.8221,62.0,0.8222,589.0
1753531679347,12:07:59.347,ADA/USDT:USDT,0.822,418.0,0.8219,1524.0,0.8222,589.0,0.8223,2072.0
1753531679411,12:07:59.411,ADA/USDT:USDT,0.8221,95.0,0.822,418.0,0.8222,212.0,0.8223,2757.0
1753531679548,12:07:59.548,ADA/USDT:USDT,0.8221,377.0,0.822,533.0,0.8222,62.0,0.8223,2318.0
1753531679649,12:07:59.649,ADA/USDT:USDT,0.8222,205.0,0.8221,377.0,0.8223,418.0,0.8224,1687.0
1753531679749,12:07:59.749,ADA/USDT:USDT,0.8221,363.0,0.822,1005.0,0.8223,593.0,0.8224,1374.0
1753531679833,12:07:59.833,ADA/USDT:USDT,0.8221,377.0,0.822,1005.0,0.8223,699.0,0.8224,1375.0
1753531679851,12:07:59.851,ADA/USDT:USDT,0.8221,377.0,0.822,1005.0,0.8223,699.0,0.8224,1375.0
1753531680044,12:08:00.044,ADA/USDT:USDT,0.8222,62.0,0.8221,363.0,0.8223,212.0,0.8224,1298.0
1753531680123,12:08:00.123,ADA/USDT:USDT,0.8222,62.0,0.8221,363.0,0.8223,212.0,0.8224,1298.0
1753531680230,12:08:00.230,ADA/USDT:USDT,0.8222,62.0,0.8221,363.0,0.8223,212.0,0.8224,1298.0
1753531680347,12:08:00.347,ADA/USDT:USDT,0.8222,62.0,0.8221,363.0,0.8223,212.0,0.8224,1298.0
1753531680430,12:08:00.430,ADA/USDT:USDT,0.8222,62.0,0.8221,391.0,0.8223,212.0,0.8224,1298.0
1753531680504,12:08:00.504,ADA/USDT:USDT,0.8222,62.0,0.8221,391.0,0.8223,212.0,0.8224,1298.0
1753531680649,12:08:00.649,ADA/USDT:USDT,0.8222,62.0,0.8221,363.0,0.8223,212.0,0.8224,1312.0
1753531680702,12:08:00.702,ADA/USDT:USDT,0.8221,363.0,0.822,1224.0,0.8223,730.0,0.8224,1284.0
1753531680848,12:08:00.848,ADA/USDT:USDT,0.8221,513.0,0.822,1224.0,0.8223,716.0,0.8224,1284.0
1753531680927,12:08:00.927,ADA/USDT:USDT,0.8221,527.0,0.822,1224.0,0.8223,702.0,0.8224,1284.0
1753531681047,12:08:01.047,ADA/USDT:USDT,0.8221,527.0,0.822,1224.0,0.8223,702.0,0.8224,1284.0
1753531681141,12:08:01.141,ADA/USDT:USDT,0.8221,513.0,0.822,1224.0,0.8223,730.0,0.8224,1284.0
1753531681233,12:08:01.233,ADA/USDT:USDT,0.8221,363.0,0.822,1224.0,0.8222,212.0,0.8223,716.0
1753531681273,12:08:01.273,ADA/USDT:USDT,0.8221,363.0,0.822,1224.0,0.8222,212.0,0.8223,716.0
1753531681437,12:08:01.437,ADA/USDT:USDT,0.8221,363.0,0.822,1238.0,0.8222,212.0,0.8223,716.0
1753531681524,12:08:01.524,ADA/USDT:USDT,0.8221,363.0,0.822,1252.0,0.8222,62.0,0.8223,702.0
1753531681595,12:08:01.595,ADA/USDT:USDT,0.8221,363.0,0.822,1252.0,0.8222,62.0,0.8223,810.0
1753531681735,12:08:01.735,ADA/USDT:USDT,0.8221,363.0,0.822,1379.0,0.8222,62.0,0.8223,604.0
1753531681843,12:08:01.843,ADA/USDT:USDT,0.8222,204.0,0.8221,363.0,0.8223,212.0,0.8224,1983.0
1753531681886,12:08:01.886,ADA/USDT:USDT,0.8222,204.0,0.8221,363.0,0.8223,212.0,0.8224,1983.0
1753531682034,12:08:02.034,ADA/USDT:USDT,0.8221,363.0,0.822,1351.0,0.8223,880.0,0.8224,1983.0
1753531682135,12:08:02.135,ADA/USDT:USDT,0.8221,363.0,0.822,1351.0,0.8223,852.0,0.8224,1969.0
1753531682241,12:08:02.241,ADA/USDT:USDT,0.8221,363.0,0.822,1351.0,0.8223,852.0,0.8224,1969.0
1753531682328,12:08:02.328,ADA/USDT:USDT,0.8222,109.0,0.8221,363.0,0.8223,446.0,0.8224,1284.0
1753531682413,12:08:02.413,ADA/USDT:USDT,0.8222,109.0,0.8221,363.0,0.8223,432.0,0.8224,1298.0
1753531682545,12:08:02.545,ADA/USDT:USDT,0.8222,109.0,0.8221,363.0,0.8223,418.0,0.8224,1298.0
1753531682633,12:08:02.633,ADA/USDT:USDT,0.8222,204.0,0.8221,363.0,0.8223,418.0,0.8224,1298.0
1753531682685,12:08:02.685,ADA/USDT:USDT,0.8222,109.0,0.8221,363.0,0.8223,418.0,0.8224,1312.0
1753531682821,12:08:02.821,ADA/USDT:USDT,0.8221,513.0,0.822,1351.0,0.8223,626.0,0.8224,1284.0
1753531682914,12:08:02.914,ADA/USDT:USDT,0.8221,513.0,0.822,1351.0,0.8223,640.0,0.8224,1284.0
1753531683015,12:08:03.015,ADA/USDT:USDT,0.8221,513.0,0.822,1351.0,0.8223,640.0,0.8224,1284.0
1753531683126,12:08:03.126,ADA/USDT:USDT,0.8221,513.0,0.822,1351.0,0.8223,640.0,0.8224,1284.0
1753531683248,12:08:03.248,ADA/USDT:USDT,0.8221,513.0,0.822,1351.0,0.8223,626.0,0.8224,1284.0
1753531683337,12:08:03.337,ADA/USDT:USDT,0.8221,513.0,0.822,1351.0,0.8223,626.0,0.8224,1284.0
1753531683449,12:08:03.449,ADA/USDT:USDT,0.8222,109.0,0.8221,680.0,0.8223,62.0,0.8224,1239.0
1753531683511,12:08:03.511,ADA/USDT:USDT,0.8222,109.0,0.8221,680.0,0.8223,76.0,0.8224,1239.0
1753531683736,12:08:03.736,ADA/USDT:USDT,0.8221,680.0,0.822,2035.0,0.8223,282.0,0.8224,1312.0
1753531683849,12:08:03.849,ADA/USDT:USDT,0.8221,418.0,0.822,2035.0,0.8223,640.0,0.8224,1284.0
1753531683947,12:08:03.947,ADA/USDT:USDT,0.8221,62.0,0.822,1908.0,0.8222,193.0,0.8223,1079.0
1753531684019,12:08:04.019,ADA/USDT:USDT,0.8221,62.0,0.822,1224.0,0.8222,98.0,0.8223,1082.0
1753531684533,12:08:04.533,ADA/USDT:USDT,0.8221,377.0,0.822,1379.0,0.8222,62.0,0.8223,406.0
1753531684634,12:08:04.634,ADA/USDT:USDT,0.8222,363.0,0.8221,391.0,0.8223,212.0,0.8224,1211.0
1753531684747,12:08:04.747,ADA/USDT:USDT,0.8222,363.0,0.8221,377.0,0.8223,212.0,0.8224,1225.0
1753531684823,12:08:04.823,ADA/USDT:USDT,0.8222,157.0,0.8221,513.0,0.8223,226.0,0.8224,1239.0
1753531684942,12:08:04.942,ADA/USDT:USDT,0.8222,157.0,0.8221,513.0,0.8223,226.0,0.8224,1239.0
1753531685042,12:08:05.042,ADA/USDT:USDT,0.8222,157.0,0.8221,513.0,0.8223,212.0,0.8224,1239.0
1753531685131,12:08:05.131,ADA/USDT:USDT,0.8222,157.0,0.8221,513.0,0.8223,226.0,0.8224,1239.0
1753531685243,12:08:05.243,ADA/USDT:USDT,0.8222,363.0,0.8221,716.0,0.8223,62.0,0.8224,1239.0
1753531685292,12:08:05.292,ADA/USDT:USDT,0.8222,363.0,0.8221,716.0,0.8223,62.0,0.8224,1239.0
1753531685404,12:08:05.404,ADA/USDT:USDT,0.8222,363.0,0.8221,716.0,0.8223,62.0,0.8224,1239.0
1753531685496,12:08:05.496,ADA/USDT:USDT,0.8222,363.0,0.8221,716.0,0.8223,62.0,0.8224,1225.0
1753531685691,12:08:05.691,ADA/USDT:USDT,0.8222,363.0,0.8221,716.0,0.8223,62.0,0.8224,1225.0
1753531685843,12:08:05.843,ADA/USDT:USDT,0.8222,62.0,0.8221,702.0,0.8223,240.0,0.8224,1239.0
1753531685933,12:08:05.933,ADA/USDT:USDT,0.8222,62.0,0.8221,702.0,0.8223,226.0,0.8224,1312.0
1753531686039,12:08:06.039,ADA/USDT:USDT,0.8222,62.0,0.8221,702.0,0.8223,226.0,0.8224,1312.0
1753531686130,12:08:06.130,ADA/USDT:USDT,0.8222,62.0,0.8221,702.0,0.8223,226.0,0.8224,1312.0
1753531686233,12:08:06.233,ADA/USDT:USDT,0.8222,157.0,0.8221,702.0,0.8223,212.0,0.8224,1225.0
1753531686327,12:08:06.327,ADA/USDT:USDT,0.8222,157.0,0.8221,702.0,0.8223,212.0,0.8224,1239.0
1753531686437,12:08:06.437,ADA/USDT:USDT,0.8222,157.0,0.8221,716.0,0.8223,212.0,0.8224,1225.0
1753531686542,12:08:06.542,ADA/USDT:USDT,0.8222,62.0,0.8221,702.0,0.8223,226.0,0.8224,1239.0
1753531686647,12:08:06.647,ADA/USDT:USDT,0.8222,62.0,0.8221,702.0,0.8223,226.0,0.8224,1239.0
1753531686732,12:08:06.732,ADA/USDT:USDT,0.8222,62.0,0.8221,702.0,0.8223,240.0,0.8224,1239.0
1753531686798,12:08:06.798,ADA/USDT:USDT,0.8222,62.0,0.8221,702.0,0.8223,240.0,0.8224,1239.0
1753531686915,12:08:06.915,ADA/USDT:USDT,0.8222,62.0,0.8221,702.0,0.8223,226.0,0.8224,1239.0
1753531687045,12:08:07.045,ADA/USDT:USDT,0.8222,62.0,0.8221,607.0,0.8223,436.0,0.8224,1312.0
1753531687125,12:08:07.125,ADA/USDT:USDT,0.8222,62.0,0.8221,418.0,0.8223,436.0,0.8224,1312.0
1753531687214,12:08:07.214,ADA/USDT:USDT,0.8222,62.0,0.8221,418.0,0.8223,436.0,0.8224,1312.0
1753531687343,12:08:07.343,ADA/USDT:USDT,0.8222,62.0,0.8221,418.0,0.8223,436.0,0.8224,1312.0
1753531687420,12:08:07.420,ADA/USDT:USDT,0.8222,62.0,0.8221,418.0,0.8223,422.0,0.8224,1312.0
1753531687494,12:08:07.494,ADA/USDT:USDT,0.8222,62.0,0.8221,418.0,0.8223,422.0,0.8224,1312.0
1753531687647,12:08:07.647,ADA/USDT:USDT,0.8222,62.0,0.8221,418.0,0.8223,408.0,0.8224,1312.0
1753531687730,12:08:07.730,ADA/USDT:USDT,0.8222,62.0,0.8221,418.0,0.8223,408.0,0.8224,1312.0
1753531687912,12:08:07.912,ADA/USDT:USDT,0.8222,62.0,0.8221,418.0,0.8223,436.0,0.8224,1312.0
1753531688014,12:08:08.014,ADA/USDT:USDT,0.8221,418.0,0.822,1351.0,0.8223,630.0,0.8224,1298.0
1753531688130,12:08:08.130,ADA/USDT:USDT,0.8221,418.0,0.822,1351.0,0.8223,841.0,0.8224,1983.0
1753531688244,12:08:08.244,ADA/USDT:USDT,0.8222,266.0,0.8221,446.0,0.8223,62.0,0.8224,1910.0
1753531688334,12:08:08.334,ADA/USDT:USDT,0.8222,266.0,0.8221,446.0,0.8223,62.0,0.8224,1910.0
1753531688441,12:08:08.441,ADA/USDT:USDT,0.8222,266.0,0.8221,607.0,0.8223,62.0,0.8224,1924.0
1753531688534,12:08:08.534,ADA/USDT:USDT,0.8222,171.0,0.8221,621.0,0.8223,62.0,0.8224,1924.0
1753531688633,12:08:08.633,ADA/USDT:USDT,0.8222,171.0,0.8221,635.0,0.8223,62.0,0.8224,1924.0
1753531688748,12:08:08.748,ADA/USDT:USDT,0.8222,171.0,0.8221,635.0,0.8223,62.0,0.8224,1910.0
1753531688779,12:08:08.779,ADA/USDT:USDT,0.8222,171.0,0.8221,621.0,0.8223,62.0,0.8224,1924.0
1753531688949,12:08:08.949,ADA/USDT:USDT,0.8222,171.0,0.8221,621.0,0.8223,62.0,0.8224,1924.0
1753531689039,12:08:09.039,ADA/USDT:USDT,0.8222,171.0,0.8221,635.0,0.8223,62.0,0.8224,1910.0
1753531689144,12:08:09.144,ADA/USDT:USDT,0.8222,367.0,0.8221,711.0,0.8224,1220.0,0.8225,2351.0
1753531689243,12:08:09.243,ADA/USDT:USDT,0.8223,157.0,0.8222,517.0,0.8224,659.0,0.8225,2365.0
1753531689317,12:08:09.317,ADA/USDT:USDT,0.8223,62.0,0.8222,517.0,0.8224,659.0,0.8225,1878.0
1753531689438,12:08:09.438,ADA/USDT:USDT,0.8223,62.0,0.8222,517.0,0.8224,673.0,0.8225,1892.0
1753531689549,12:08:09.549,ADA/USDT:USDT,0.8223,157.0,0.8222,911.0,0.8224,62.0,0.8225,1500.0
1753531689644,12:08:09.644,ADA/USDT:USDT,0.8223,353.0,0.8222,954.0,0.8224,62.0,0.8225,1413.0
1753531689738,12:08:09.738,ADA/USDT:USDT,0.8223,353.0,0.8222,954.0,0.8224,62.0,0.8225,1413.0
1753531689846,12:08:09.846,ADA/USDT:USDT,0.8223,353.0,0.8222,954.0,0.8224,62.0,0.8225,1427.0
1753531689948,12:08:09.948,ADA/USDT:USDT,0.8223,62.0,0.8222,926.0,0.8224,272.0,0.8225,1441.0
1753531690042,12:08:10.042,ADA/USDT:USDT,0.8223,62.0,0.8222,926.0,0.8224,272.0,0.8225,1514.0
1753531690133,12:08:10.133,ADA/USDT:USDT,0.8223,62.0,0.8222,926.0,0.8224,272.0,0.8225,1514.0
1753531690247,12:08:10.247,ADA/USDT:USDT,0.8223,62.0,0.8222,926.0,0.8224,272.0,0.8225,1514.0
1753531690273,12:08:10.273,ADA/USDT:USDT,0.8223,62.0,0.8222,926.0,0.8224,272.0,0.8225,1514.0
1753531690397,12:08:10.397,ADA/USDT:USDT,0.8223,62.0,0.8222,926.0,0.8224,272.0,0.8225,1514.0
1753531690544,12:08:10.544,ADA/USDT:USDT,0.8223,62.0,0.8222,926.0,0.8224,272.0,0.8225,1756.0
1753531690595,12:08:10.595,ADA/USDT:USDT,0.8223,62.0,0.8222,926.0,0.8224,272.0,0.8225,1756.0
1753531690748,12:08:10.748,ADA/USDT:USDT,0.8223,62.0,0.8222,926.0,0.8224,422.0,0.8225,1906.0
1753531690843,12:08:10.843,ADA/USDT:USDT,0.8223,62.0,0.8222,926.0,0.8224,408.0,0.8225,1906.0
1753531690930,12:08:10.930,ADA/USDT:USDT,0.8223,62.0,0.8222,954.0,0.8224,408.0,0.8225,1892.0
1753531691044,12:08:11.044,ADA/USDT:USDT,0.8223,62.0,0.8222,632.0,0.8224,408.0,0.8225,2272.0
1753531691113,12:08:11.113,ADA/USDT:USDT,0.8223,62.0,0.8222,632.0,0.8224,422.0,0.8225,2272.0
1753531691235,12:08:11.235,ADA/USDT:USDT,0.8223,62.0,0.8222,632.0,0.8224,408.0,0.8225,2272.0
1753531691339,12:08:11.339,ADA/USDT:USDT,0.8222,367.0,0.8221,2009.0,0.8224,774.0,0.8225,2050.0
1753531691448,12:08:11.448,ADA/USDT:USDT,0.8222,367.0,0.8221,2190.0,0.8224,929.0,0.8225,2735.0
1753531691544,12:08:11.544,ADA/USDT:USDT,0.8222,367.0,0.8221,2190.0,0.8224,929.0,0.8225,2735.0
1753531691621,12:08:11.621,ADA/USDT:USDT,0.8222,367.0,0.8221,2190.0,0.8224,929.0,0.8225,2735.0
1753531691736,12:08:11.736,ADA/USDT:USDT,0.8222,367.0,0.8221,2190.0,0.8224,929.0,0.8225,2735.0
1753531691847,12:08:11.847,ADA/USDT:USDT,0.8222,367.0,0.8221,2190.0,0.8223,62.0,0.8224,929.0
1753531691883,12:08:11.883,ADA/USDT:USDT,0.8222,258.0,0.8221,2190.0,0.8223,62.0,0.8224,915.0
1753531692024,12:08:12.024,ADA/USDT:USDT,0.8222,258.0,0.8221,2190.0,0.8223,62.0,0.8224,915.0
1753531692093,12:08:12.093,ADA/USDT:USDT,0.8222,258.0,0.8221,2204.0,0.8223,62.0,0.8224,915.0
1753531692249,12:08:12.249,ADA/USDT:USDT,0.8222,258.0,0.8221,2204.0,0.8223,62.0,0.8224,915.0
1753531692300,12:08:12.300,ADA/USDT:USDT,0.8222,258.0,0.8221,2218.0,0.8223,62.0,0.8224,915.0
1753531692413,12:08:12.413,ADA/USDT:USDT,0.8222,258.0,0.8221,2218.0,0.8223,62.0,0.8224,760.0
1753531692477,12:08:12.477,ADA/USDT:USDT,0.8222,258.0,0.8221,2218.0,0.8223,62.0,0.8224,760.0
1753531692574,12:08:12.574,ADA/USDT:USDT,0.8222,258.0,0.8221,2218.0,0.8223,62.0,0.8224,746.0
1753531692711,12:08:12.711,ADA/USDT:USDT,0.8222,258.0,0.8221,2218.0,0.8223,212.0,0.8224,760.0
1753531692801,12:08:12.801,ADA/USDT:USDT,0.8222,258.0,0.8221,2218.0,0.8223,212.0,0.8224,760.0
1753531692938,12:08:12.938,ADA/USDT:USDT,0.8222,258.0,0.8221,2218.0,0.8223,212.0,0.8224,760.0
1753531693146,12:08:13.146,ADA/USDT:USDT,0.8222,258.0,0.8221,2218.0,0.8223,212.0,0.8224,760.0
1753531693212,12:08:13.212,ADA/USDT:USDT,0.8222,258.0,0.8221,2218.0,0.8223,212.0,0.8224,760.0
1753531693346,12:08:13.346,ADA/USDT:USDT,0.8222,258.0,0.8221,2218.0,0.8223,212.0,0.8224,760.0
1753531693449,12:08:13.449,ADA/USDT:USDT,0.8222,62.0,0.8221,1329.0,0.8223,422.0,0.8224,850.0
1753531693536,12:08:13.536,ADA/USDT:USDT,0.8222,62.0,0.8221,2009.0,0.8223,436.0,0.8224,850.0
1753531693640,12:08:13.640,ADA/USDT:USDT,0.8222,157.0,0.8221,2037.0,0.8223,212.0,0.8224,833.0
1753531693730,12:08:13.730,ADA/USDT:USDT,0.8222,157.0,0.8221,2037.0,0.8223,212.0,0.8224,833.0
1753531693830,12:08:13.830,ADA/USDT:USDT,0.8222,62.0,0.8221,1859.0,0.8223,422.0,0.8224,847.0
1753531693933,12:08:13.933,ADA/USDT:USDT,0.8221,1141.0,0.822,879.0,0.8222,212.0,0.8223,537.0
1753531693994,12:08:13.994,ADA/USDT:USDT,0.8221,1141.0,0.822,1053.0,0.8222,212.0,0.8223,762.0
1753531694141,12:08:14.141,ADA/USDT:USDT,0.8221,280.0,0.822,1928.0,0.8222,62.0,0.8223,748.0
1753531694241,12:08:14.241,ADA/USDT:USDT,0.8221,280.0,0.822,1942.0,0.8222,62.0,0.8223,748.0
1753531694272,12:08:14.272,ADA/USDT:USDT,0.8221,280.0,0.822,1942.0,0.8222,62.0,0.8223,748.0
1753531694435,12:08:14.435,ADA/USDT:USDT,0.8221,280.0,0.822,1942.0,0.8222,62.0,0.8223,748.0
1753531694533,12:08:14.533,ADA/USDT:USDT,0.8221,280.0,0.822,1928.0,0.8222,62.0,0.8223,748.0
1753531694625,12:08:14.625,ADA/USDT:USDT,0.8221,280.0,0.822,1928.0,0.8222,62.0,0.8223,762.0
1753531694748,12:08:14.748,ADA/USDT:USDT,0.8221,280.0,0.822,1914.0,0.8222,62.0,0.8223,762.0
1753531694834,12:08:14.834,ADA/USDT:USDT,0.8221,280.0,0.822,1914.0,0.8222,62.0,0.8223,762.0
1753531694944,12:08:14.944,ADA/USDT:USDT,0.8221,280.0,0.822,1928.0,0.8222,62.0,0.8223,762.0
1753531695030,12:08:15.030,ADA/USDT:USDT,0.8221,294.0,0.822,1928.0,0.8223,523.0,0.8224,793.0
1753531695106,12:08:15.106,ADA/USDT:USDT,0.8222,157.0,0.8221,280.0,0.8223,408.0,0.8224,1492.0
1753531695233,12:08:15.233,ADA/USDT:USDT,0.8222,62.0,0.8221,280.0,0.8223,408.0,0.8224,1506.0
1753531695315,12:08:15.315,ADA/USDT:USDT,0.8222,62.0,0.8221,280.0,0.8223,422.0,0.8224,1506.0
1753531695406,12:08:15.406,ADA/USDT:USDT,0.8222,62.0,0.8221,280.0,0.8223,408.0,0.8224,1506.0
1753531695614,12:08:15.614,ADA/USDT:USDT,0.8222,62.0,0.8221,280.0,0.8223,422.0,0.8224,1506.0
1753531695710,12:08:15.710,ADA/USDT:USDT,0.8222,62.0,0.8221,280.0,0.8223,408.0,0.8224,1506.0
1753531695763,12:08:15.763,ADA/USDT:USDT,0.8222,62.0,0.8221,280.0,0.8223,408.0,0.8224,1506.0
1753531695944,12:08:15.944,ADA/USDT:USDT,0.8222,62.0,0.8221,280.0,0.8223,422.0,0.8224,1506.0
1753531696115,12:08:16.115,ADA/USDT:USDT,0.8222,62.0,0.8221,280.0,0.8223,436.0,0.8224,821.0
1753531696173,12:08:16.173,ADA/USDT:USDT,0.8221,280.0,0.822,2151.0,0.8223,537.0,0.8224,821.0
1753531696337,12:08:16.337,ADA/USDT:USDT,0.8221,280.0,0.822,2151.0,0.8223,780.0,0.8224,1492.0
1753531696512,12:08:16.512,ADA/USDT:USDT,0.8221,280.0,0.822,2151.0,0.8223,752.0,0.8224,1478.0
1753531696744,12:08:16.744,ADA/USDT:USDT,0.8221,280.0,0.822,2151.0,0.8223,780.0,0.8224,1478.0
1753531696792,12:08:16.792,ADA/USDT:USDT,0.8221,280.0,0.822,2151.0,0.8223,780.0,0.8224,1478.0
1753531696873,12:08:16.873,ADA/USDT:USDT,0.8221,280.0,0.822,2151.0,0.8223,780.0,0.8224,1478.0
1753531697112,12:08:17.112,ADA/USDT:USDT,0.8221,280.0,0.822,2151.0,0.8223,780.0,0.8224,1478.0
1753531697330,12:08:17.330,ADA/USDT:USDT,0.8221,280.0,0.822,2151.0,0.8223,523.0,0.8224,793.0
1753531697545,12:08:17.545,ADA/USDT:USDT,0.8221,280.0,0.822,2038.0,0.8222,212.0,0.8223,757.0
1753531697649,12:08:17.649,ADA/USDT:USDT,0.8221,280.0,0.822,2038.0,0.8222,212.0,0.8223,889.0
1753531697731,12:08:17.731,ADA/USDT:USDT,0.8221,280.0,0.822,2038.0,0.8222,212.0,0.8223,903.0
1753531697804,12:08:17.804,ADA/USDT:USDT,0.8221,280.0,0.822,2038.0,0.8222,212.0,0.8223,903.0
1753531698046,12:08:18.046,ADA/USDT:USDT,0.822,720.0,0.8219,1397.0,0.8221,62.0,0.8222,631.0
1753531698148,12:08:18.148,ADA/USDT:USDT,0.822,1073.0,0.8219,649.0,0.8221,62.0,0.8222,858.0
1753531698204,12:08:18.204,ADA/USDT:USDT,0.822,1073.0,0.8219,649.0,0.8221,62.0,0.8222,858.0
1753531698344,12:08:18.344,ADA/USDT:USDT,0.822,212.0,0.8219,1496.0,0.8221,62.0,0.8222,872.0
1753531698440,12:08:18.440,ADA/USDT:USDT,0.822,212.0,0.8219,1510.0,0.8221,62.0,0.8222,872.0
1753531698524,12:08:18.524,ADA/USDT:USDT,0.822,212.0,0.8219,1496.0,0.8221,62.0,0.8222,872.0
1753531698638,12:08:18.638,ADA/USDT:USDT,0.822,408.0,0.8219,1496.0,0.8221,62.0,0.8222,872.0
1753531698727,12:08:18.727,ADA/USDT:USDT,0.822,258.0,0.8219,1510.0,0.8221,62.0,0.8222,872.0
1753531698795,12:08:18.795,ADA/USDT:USDT,0.822,62.0,0.8219,1510.0,0.8221,62.0,0.8222,886.0
1753531698910,12:08:18.910,ADA/USDT:USDT,0.822,62.0,0.8219,1524.0,0.8221,62.0,0.8222,872.0
1753531699033,12:08:19.033,ADA/USDT:USDT,0.822,62.0,0.8219,1524.0,0.8221,62.0,0.8222,872.0
1753531699133,12:08:19.133,ADA/USDT:USDT,0.822,62.0,0.8219,1524.0,0.8221,62.0,0.8222,631.0
1753531699213,12:08:19.213,ADA/USDT:USDT,0.822,62.0,0.8219,1524.0,0.8221,62.0,0.8222,631.0
1753531699317,12:08:19.317,ADA/USDT:USDT,0.822,62.0,0.8219,1524.0,0.8221,62.0,0.8222,617.0
1753531699413,12:08:19.413,ADA/USDT:USDT,0.822,62.0,0.8219,1524.0,0.8221,62.0,0.8222,617.0
1753531699548,12:08:19.548,ADA/USDT:USDT,0.8219,281.0,0.8218,966.0,0.822,212.0,0.8221,633.0
1753531699629,12:08:19.629,ADA/USDT:USDT,0.8219,281.0,0.8218,1763.0,0.822,212.0,0.8221,267.0
1753531699747,12:08:19.747,ADA/USDT:USDT,0.8219,281.0,0.8218,1749.0,0.822,212.0,0.8221,267.0
1753531699842,12:08:19.842,ADA/USDT:USDT,0.8219,75.0,0.8218,1749.0,0.822,226.0,0.8221,354.0
1753531699933,12:08:19.933,ADA/USDT:USDT,0.8219,75.0,0.8218,1749.0,0.822,212.0,0.8221,354.0
1753531700040,12:08:20.040,ADA/USDT:USDT,0.8219,271.0,0.8218,1991.0,0.822,62.0,0.8221,267.0
1753531700124,12:08:20.124,ADA/USDT:USDT,0.8219,271.0,0.8218,1991.0,0.822,62.0,0.8221,267.0
1753531700196,12:08:20.196,ADA/USDT:USDT,0.8219,259.0,0.8218,2017.0,0.822,62.0,0.8221,176.0
1753531700348,12:08:20.348,ADA/USDT:USDT,0.8219,259.0,0.8218,2017.0,0.822,62.0,0.8221,176.0
1753531700447,12:08:20.447,ADA/USDT:USDT,0.8219,259.0,0.8218,2017.0,0.822,62.0,0.8221,176.0
1753531700537,12:08:20.537,ADA/USDT:USDT,0.8219,259.0,0.8218,2017.0,0.822,62.0,0.8221,257.0
1753531700619,12:08:20.619,ADA/USDT:USDT,0.8219,259.0,0.8218,2003.0,0.822,62.0,0.8221,257.0
1753531700717,12:08:20.717,ADA/USDT:USDT,0.8219,259.0,0.8218,2003.0,0.822,76.0,0.8221,271.0
1753531700808,12:08:20.808,ADA/USDT:USDT,0.8219,259.0,0.8218,2003.0,0.822,62.0,0.8221,271.0
1753531700942,12:08:20.942,ADA/USDT:USDT,0.8219,259.0,0.8218,2003.0,0.822,62.0,0.8221,257.0
1753531701047,12:08:21.047,ADA/USDT:USDT,0.8219,1.0,0.8218,1991.0,0.822,254.0,0.8221,824.0
1753531701147,12:08:21.147,ADA/USDT:USDT,0.8219,1.0,0.8218,1522.0,0.822,254.0,0.8221,1309.0
1753531701209,12:08:21.209,ADA/USDT:USDT,0.8219,1.0,0.8218,1522.0,0.822,254.0,0.8221,1309.0
1753531701317,12:08:21.317,ADA/USDT:USDT,0.8219,1.0,0.8218,661.0,0.822,159.0,0.8221,1309.0
1753531701449,12:08:21.449,ADA/USDT:USDT,0.8219,170.0,0.8218,661.0,0.822,131.0,0.8221,1309.0
1753531701538,12:08:21.538,ADA/USDT:USDT,0.8219,366.0,0.8218,1359.0,0.822,62.0,0.8221,728.0
1753531701634,12:08:21.634,ADA/USDT:USDT,0.8219,516.0,0.8218,1359.0,0.822,62.0,0.8221,728.0
1753531701748,12:08:21.748,ADA/USDT:USDT,0.822,515.0,0.8219,824.0,0.8221,62.0,0.8222,1616.0
1753531701841,12:08:21.841,ADA/USDT:USDT,0.822,319.0,0.8219,838.0,0.8221,62.0,0.8222,1798.0
1753531701906,12:08:21.906,ADA/USDT:USDT,0.822,319.0,0.8219,824.0,0.8221,62.0,0.8222,1812.0
1753531702042,12:08:22.042,ADA/USDT:USDT,0.822,62.0,0.8219,824.0,0.8221,90.0,0.8222,1812.0
1753531702125,12:08:22.125,ADA/USDT:USDT,0.8219,409.0,0.8218,1343.0,0.8221,300.0,0.8222,1186.0
1753531702233,12:08:22.233,ADA/USDT:USDT,0.8219,259.0,0.8218,1343.0,0.822,62.0,0.8221,535.0
1753531702306,12:08:22.306,ADA/USDT:USDT,0.8219,259.0,0.8218,1357.0,0.822,62.0,0.8221,535.0
1753531702396,12:08:22.396,ADA/USDT:USDT,0.8219,259.0,0.8218,1343.0,0.822,62.0,0.8221,535.0
1753531702526,12:08:22.526,ADA/USDT:USDT,0.8219,63.0,0.8218,1343.0,0.822,62.0,0.8221,535.0
