timestamp,time,symbol,bid1_price,bid1_volume,bid2_price,bid2_volume,ask1_price,ask1_volume,ask2_price,ask2_volume
1753531586000,12:06:26.000,AVAAI/USDT:USDT,0.03514,32.0,0.03513,756.0,0.03517,19.0,0.03518,1389.0
1753531586795,12:06:26.795,AVAAI/USDT:USDT,0.03514,32.0,0.03513,756.0,0.03517,81.0,0.03518,1389.0
1753531587015,12:06:27.015,AVAAI/USDT:USDT,0.03514,32.0,0.03513,756.0,0.03517,81.0,0.03518,1389.0
1753531587052,12:06:27.052,AVAAI/USDT:USDT,0.03514,32.0,0.03513,756.0,0.03517,81.0,0.03518,1389.0
1753531588831,12:06:28.831,AVAAI/USDT:USDT,0.03514,1.0,0.03512,280.0,0.03515,1420.0,0.03516,31.0
1753531588907,12:06:28.907,AVAAI/USDT:USDT,0.03513,1.0,0.03512,280.0,0.03515,1470.0,0.03516,62.0
1753531588940,12:06:28.940,AVAAI/USDT:USDT,0.03513,1.0,0.03512,280.0,0.03515,1451.0,0.03516,62.0
1753531589124,12:06:29.124,AVAAI/USDT:USDT,0.03513,1.0,0.03512,280.0,0.03515,1451.0,0.03516,62.0
1753531589149,12:06:29.149,AVAAI/USDT:USDT,0.03513,1.0,0.03512,280.0,0.03515,1451.0,0.03516,62.0
1753531589724,12:06:29.724,AVAAI/USDT:USDT,0.03513,1.0,0.03512,280.0,0.03515,1451.0,0.03516,62.0
1753531590477,12:06:30.477,AVAAI/USDT:USDT,0.03513,1.0,0.03512,280.0,0.03515,1420.0,0.03516,62.0
1753531591194,12:06:31.194,AVAAI/USDT:USDT,0.03513,1.0,0.03512,280.0,0.03515,1420.0,0.03516,62.0
1753531591333,12:06:31.333,AVAAI/USDT:USDT,0.03513,1.0,0.03512,280.0,0.03515,1389.0,0.03516,31.0
1753531593424,12:06:33.424,AVAAI/USDT:USDT,0.03513,1.0,0.03511,739.0,0.03515,1451.0,0.03516,1389.0
1753531593448,12:06:33.448,AVAAI/USDT:USDT,0.03512,1.0,0.0351,1019.0,0.03515,1451.0,0.03516,1389.0
1753531593600,12:06:33.600,AVAAI/USDT:USDT,0.03511,32.0,0.0351,1019.0,0.03514,19.0,0.03515,1389.0
1753531593706,12:06:33.706,AVAAI/USDT:USDT,0.03511,32.0,0.0351,1019.0,0.03514,19.0,0.03515,1389.0
1753531593829,12:06:33.829,AVAAI/USDT:USDT,0.03511,32.0,0.0351,1019.0,0.03514,19.0,0.03515,1389.0
1753531593876,12:06:33.876,AVAAI/USDT:USDT,0.03511,32.0,0.0351,1019.0,0.03514,19.0,0.03515,1389.0
1753531594110,12:06:34.110,AVAAI/USDT:USDT,0.03511,63.0,0.0351,1019.0,0.03514,19.0,0.03515,1389.0
1753531595034,12:06:35.034,AVAAI/USDT:USDT,0.03511,32.0,0.0351,1019.0,0.03514,19.0,0.03515,1389.0
1753531595037,12:06:35.037,AVAAI/USDT:USDT,0.03511,63.0,0.0351,1019.0,0.03514,19.0,0.03515,1389.0
1753531596375,12:06:36.375,AVAAI/USDT:USDT,0.03511,32.0,0.0351,1019.0,0.03514,19.0,0.03515,1389.0
1753531596611,12:06:36.611,AVAAI/USDT:USDT,0.03511,63.0,0.0351,1019.0,0.03514,19.0,0.03515,1389.0
1753531597656,12:06:37.656,AVAAI/USDT:USDT,0.03511,1.0,0.0351,1019.0,0.03514,19.0,0.03515,1389.0
1753531598044,12:06:38.044,AVAAI/USDT:USDT,0.03511,63.0,0.0351,1019.0,0.03514,19.0,0.03515,1389.0
1753531598521,12:06:38.521,AVAAI/USDT:USDT,0.03511,63.0,0.0351,1019.0,0.03514,19.0,0.03515,1389.0
1753531599772,12:06:39.772,AVAAI/USDT:USDT,0.03511,1.0,0.0351,1019.0,0.03514,19.0,0.03515,1389.0
1753531600027,12:06:40.027,AVAAI/USDT:USDT,0.03511,63.0,0.0351,1019.0,0.03514,19.0,0.03515,1389.0
1753531600454,12:06:40.454,AVAAI/USDT:USDT,0.03511,1.0,0.0351,1019.0,0.03514,19.0,0.03515,1389.0
1753531601140,12:06:41.140,AVAAI/USDT:USDT,0.03512,342.0,0.0351,1019.0,0.03514,19.0,0.03515,1389.0
1753531601261,12:06:41.261,AVAAI/USDT:USDT,0.03512,342.0,0.0351,1019.0,0.03514,19.0,0.03515,1389.0
1753531604081,12:06:44.081,AVAAI/USDT:USDT,0.0351,1019.0,0.03509,3532.0,0.03514,50.0,0.03515,1389.0
1753531604141,12:06:44.141,AVAAI/USDT:USDT,0.03511,1.0,0.0351,1019.0,0.03514,50.0,0.03515,1389.0
1753531604287,12:06:44.287,AVAAI/USDT:USDT,0.03511,1.0,0.0351,1019.0,0.03514,50.0,0.03515,1389.0
1753531604415,12:06:44.415,AVAAI/USDT:USDT,0.03511,1.0,0.0351,1019.0,0.03514,81.0,0.03515,1389.0
1753531604902,12:06:44.902,AVAAI/USDT:USDT,0.03512,280.0,0.03511,32.0,0.03514,19.0,0.03515,1389.0
1753531604940,12:06:44.940,AVAAI/USDT:USDT,0.03512,280.0,0.03511,31.0,0.03514,19.0,0.03515,1389.0
1753531605103,12:06:45.103,AVAAI/USDT:USDT,0.03512,280.0,0.03511,31.0,0.03514,19.0,0.03515,1389.0
1753531605516,12:06:45.516,AVAAI/USDT:USDT,0.03512,280.0,0.03511,31.0,0.03514,19.0,0.03515,1389.0
1753531607184,12:06:47.184,AVAAI/USDT:USDT,0.03512,280.0,0.03511,31.0,0.03514,81.0,0.03515,1389.0
1753531608707,12:06:48.707,AVAAI/USDT:USDT,0.03513,1.0,0.0351,1019.0,0.03514,81.0,0.03515,1451.0
1753531608812,12:06:48.812,AVAAI/USDT:USDT,0.03511,1.0,0.0351,280.0,0.03514,50.0,0.03515,1420.0
1753531608909,12:06:48.909,AVAAI/USDT:USDT,0.03511,1.0,0.0351,280.0,0.03514,50.0,0.03515,1420.0
1753531609221,12:06:49.221,AVAAI/USDT:USDT,0.03511,1.0,0.0351,280.0,0.03514,50.0,0.03515,1420.0
1753531609693,12:06:49.693,AVAAI/USDT:USDT,0.03512,280.0,0.03511,62.0,0.03515,1420.0,0.03517,3073.0
1753531609740,12:06:49.740,AVAAI/USDT:USDT,0.03513,1.0,0.03512,280.0,0.03514,19.0,0.03515,1451.0
1753531610043,12:06:50.043,AVAAI/USDT:USDT,0.03513,1.0,0.03512,280.0,0.03514,19.0,0.03515,1451.0
1753531610305,12:06:50.305,AVAAI/USDT:USDT,0.03513,1.0,0.03512,311.0,0.03514,19.0,0.03515,1389.0
1753531610771,12:06:50.771,AVAAI/USDT:USDT,0.03513,1.0,0.03512,280.0,0.03514,19.0,0.03515,1420.0
1753531610856,12:06:50.856,AVAAI/USDT:USDT,0.03513,1.0,0.03512,280.0,0.03514,19.0,0.03515,1420.0
1753531611796,12:06:51.796,AVAAI/USDT:USDT,0.03513,1.0,0.03512,311.0,0.03514,19.0,0.03515,1389.0
1753531613018,12:06:53.018,AVAAI/USDT:USDT,0.03513,1.0,0.03512,1669.0,0.03518,1669.0,0.03519,2793.0
1753531613495,12:06:53.495,AVAAI/USDT:USDT,0.03513,19.0,0.03512,1669.0,0.03517,2795.0,0.03518,1669.0
1753531613558,12:06:53.558,AVAAI/USDT:USDT,0.03513,19.0,0.03512,280.0,0.03517,2795.0,0.03518,1669.0
1753531613646,12:06:53.646,AVAAI/USDT:USDT,0.03512,299.0,0.03511,741.0,0.03517,2795.0,0.03518,1669.0
1753531614092,12:06:54.092,AVAAI/USDT:USDT,0.03512,299.0,0.03511,741.0,0.03517,2795.0,0.03518,1669.0
1753531614910,12:06:54.910,AVAAI/USDT:USDT,0.03512,299.0,0.03511,741.0,0.03517,2795.0,0.03518,1669.0
1753531616690,12:06:56.690,AVAAI/USDT:USDT,0.03513,280.0,0.03512,1408.0,0.03517,2.0,0.03518,1669.0
1753531616931,12:06:56.931,AVAAI/USDT:USDT,0.03513,280.0,0.03512,1408.0,0.03517,2.0,0.03518,1669.0
1753531617091,12:06:57.091,AVAAI/USDT:USDT,0.03513,280.0,0.03512,1408.0,0.03517,2.0,0.03518,1669.0
1753531617209,12:06:57.209,AVAAI/USDT:USDT,0.03513,280.0,0.03512,19.0,0.03517,2795.0,0.03518,1669.0
1753531617833,12:06:57.833,AVAAI/USDT:USDT,0.03512,299.0,0.03511,741.0,0.03515,1389.0,0.03517,2795.0
1753531617911,12:06:57.911,AVAAI/USDT:USDT,0.03512,299.0,0.0351,1021.0,0.03514,33.0,0.03515,1420.0
1753531617940,12:06:57.940,AVAAI/USDT:USDT,0.03512,280.0,0.03511,19.0,0.03514,33.0,0.03515,1420.0
1753531618950,12:06:58.950,AVAAI/USDT:USDT,0.03512,280.0,0.03511,19.0,0.03514,33.0,0.03515,1420.0
1753531619370,12:06:59.370,AVAAI/USDT:USDT,0.03512,280.0,0.03511,19.0,0.03514,2.0,0.03515,1420.0
1753531619600,12:06:59.600,AVAAI/USDT:USDT,0.03513,19.0,0.03512,1669.0,0.03518,1669.0,0.03519,2793.0
1753531619776,12:06:59.776,AVAAI/USDT:USDT,0.03513,19.0,0.03512,1669.0,0.03518,1669.0,0.03519,2793.0
1753531623696,12:07:03.696,AVAAI/USDT:USDT,0.03513,19.0,0.03512,280.0,0.03515,1389.0,0.03516,31.0
1753531623753,12:07:03.753,AVAAI/USDT:USDT,0.03512,361.0,0.03511,741.0,0.03515,1389.0,0.03516,31.0
1753531624296,12:07:04.296,AVAAI/USDT:USDT,0.03512,1750.0,0.03511,741.0,0.03518,1669.0,0.03519,2793.0
1753531624562,12:07:04.562,AVAAI/USDT:USDT,0.03512,361.0,0.03511,741.0,0.03518,1669.0,0.03519,2793.0
1753531624718,12:07:04.718,AVAAI/USDT:USDT,0.03512,362.0,0.03511,741.0,0.03518,1669.0,0.03519,2793.0
1753531626050,12:07:06.050,AVAAI/USDT:USDT,0.03512,362.0,0.03511,741.0,0.03518,1669.0,0.03519,2793.0
1753531626954,12:07:06.954,AVAAI/USDT:USDT,0.03512,362.0,0.03511,741.0,0.03518,1669.0,0.03519,2793.0
1753531627103,12:07:07.103,AVAAI/USDT:USDT,0.03512,362.0,0.03511,3534.0,0.03518,1669.0,0.03519,2793.0
1753531627416,12:07:07.416,AVAAI/USDT:USDT,0.03512,362.0,0.03511,3534.0,0.03518,1669.0,0.03519,2793.0
1753531627639,12:07:07.639,AVAAI/USDT:USDT,0.03512,362.0,0.03511,741.0,0.03518,1669.0,0.03519,2793.0
1753531627834,12:07:07.834,AVAAI/USDT:USDT,0.03512,362.0,0.03511,741.0,0.03518,1669.0,0.03519,2793.0
1753531627834,12:07:07.834,AVAAI/USDT:USDT,0.03512,362.0,0.03511,741.0,0.03518,1669.0,0.03519,2793.0
1753531628482,12:07:08.482,AVAAI/USDT:USDT,0.03512,331.0,0.03511,741.0,0.03518,1669.0,0.03519,2793.0
1753531628548,12:07:08.548,AVAAI/USDT:USDT,0.03512,20.0,0.0351,1021.0,0.03515,1451.0,0.03516,1669.0
1753531628719,12:07:08.719,AVAAI/USDT:USDT,0.03511,19.0,0.0351,280.0,0.03515,1451.0,0.03516,1669.0
1753531628825,12:07:08.825,AVAAI/USDT:USDT,0.0351,290.0,0.03509,3532.0,0.03515,1451.0,0.03516,1669.0
1753531628840,12:07:08.840,AVAAI/USDT:USDT,0.0351,299.0,0.03509,3532.0,0.03515,1451.0,0.03516,1669.0
1753531629873,12:07:09.873,AVAAI/USDT:USDT,0.0351,299.0,0.03509,3532.0,0.03515,1451.0,0.03516,1669.0
1753531631133,12:07:11.133,AVAAI/USDT:USDT,0.0351,19.0,0.03509,739.0,0.03515,4244.0,0.03516,1669.0
1753531631230,12:07:11.230,AVAAI/USDT:USDT,0.0351,19.0,0.03509,739.0,0.03515,4244.0,0.03516,1669.0
1753531631245,12:07:11.245,AVAAI/USDT:USDT,0.0351,19.0,0.03509,739.0,0.03515,4244.0,0.03516,1669.0
1753531632299,12:07:12.299,AVAAI/USDT:USDT,0.0351,19.0,0.03508,285.0,0.03514,280.0,0.03515,4244.0
1753531632341,12:07:12.341,AVAAI/USDT:USDT,0.03508,304.0,0.03507,3551.0,0.03514,280.0,0.03515,4244.0
1753531632711,12:07:12.711,AVAAI/USDT:USDT,0.03508,304.0,0.03507,3551.0,0.03514,280.0,0.03515,4244.0
1753531632813,12:07:12.813,AVAAI/USDT:USDT,0.03508,304.0,0.03507,3551.0,0.03512,1389.0,0.03514,280.0
1753531632928,12:07:12.928,AVAAI/USDT:USDT,0.03508,24.0,0.03506,2140.0,0.03512,1420.0,0.03514,280.0
1753531633006,12:07:13.006,AVAAI/USDT:USDT,0.03508,5.0,0.03507,19.0,0.03512,1700.0,0.03513,2793.0
1753531633109,12:07:13.109,AVAAI/USDT:USDT,0.03508,5.0,0.03507,19.0,0.03512,1731.0,0.03513,2793.0
1753531633162,12:07:13.162,AVAAI/USDT:USDT,0.03508,5.0,0.03507,19.0,0.03512,1731.0,0.03513,2793.0
1753531633240,12:07:13.240,AVAAI/USDT:USDT,0.03508,5.0,0.03507,19.0,0.03512,1731.0,0.03513,2793.0
1753531633683,12:07:13.683,AVAAI/USDT:USDT,0.03508,5.0,0.03507,19.0,0.03512,1731.0,0.03513,2793.0
1753531633926,12:07:13.926,AVAAI/USDT:USDT,0.03508,5.0,0.03507,19.0,0.03512,1731.0,0.03513,2793.0
1753531634538,12:07:14.538,AVAAI/USDT:USDT,0.03508,5.0,0.03507,19.0,0.03512,1731.0,0.03513,2793.0
1753531634918,12:07:14.918,AVAAI/USDT:USDT,0.03508,5.0,0.03507,19.0,0.03509,1420.0,0.0351,1451.0
1753531635011,12:07:15.011,AVAAI/USDT:USDT,0.03508,5.0,0.03505,280.0,0.03509,1420.0,0.0351,1731.0
1753531635079,12:07:15.079,AVAAI/USDT:USDT,0.03508,5.0,0.03505,280.0,0.03509,1420.0,0.0351,1731.0
1753531635874,12:07:15.874,AVAAI/USDT:USDT,0.03508,5.0,0.03505,280.0,0.03509,1420.0,0.0351,1731.0
1753531635954,12:07:15.954,AVAAI/USDT:USDT,0.03508,5.0,0.03505,280.0,0.03509,1420.0,0.0351,1731.0
1753531636892,12:07:16.892,AVAAI/USDT:USDT,0.03508,5.0,0.03505,280.0,0.03509,1420.0,0.0351,1731.0
1753531638218,12:07:18.218,AVAAI/USDT:USDT,0.03508,5.0,0.03504,299.0,0.03509,1420.0,0.0351,1731.0
1753531638672,12:07:18.672,AVAAI/USDT:USDT,0.03508,5.0,0.03504,299.0,0.03509,1420.0,0.0351,1731.0
1753531638779,12:07:18.779,AVAAI/USDT:USDT,0.03508,5.0,0.03504,299.0,0.03509,1420.0,0.0351,1731.0
1753531639062,12:07:19.062,AVAAI/USDT:USDT,0.03508,5.0,0.03504,299.0,0.03509,1420.0,0.0351,1731.0
1753531640702,12:07:20.702,AVAAI/USDT:USDT,0.03508,5.0,0.03504,19.0,0.03509,4213.0,0.0351,1731.0
1753531641201,12:07:21.201,AVAAI/USDT:USDT,0.03508,5.0,0.03504,19.0,0.03509,1420.0,0.0351,1731.0
1753531641624,12:07:21.624,AVAAI/USDT:USDT,0.03508,5.0,0.03504,19.0,0.03509,1420.0,0.0351,1731.0
1753531644484,12:07:24.484,AVAAI/USDT:USDT,0.03508,5.0,0.03504,19.0,0.03509,1420.0,0.0351,1731.0
1753531645317,12:07:25.317,AVAAI/USDT:USDT,0.03508,5.0,0.03504,299.0,0.03509,1420.0,0.0351,1731.0
1753531646850,12:07:26.850,AVAAI/USDT:USDT,0.03508,5.0,0.03504,299.0,0.03509,1451.0,0.0351,1731.0
1753531647529,12:07:27.529,AVAAI/USDT:USDT,0.03508,5.0,0.03504,299.0,0.03509,1420.0,0.0351,1731.0
1753531650951,12:07:30.951,AVAAI/USDT:USDT,0.03508,5.0,0.03504,299.0,0.03509,1420.0,0.0351,1731.0
1753531651749,12:07:31.749,AVAAI/USDT:USDT,0.03508,5.0,0.03504,299.0,0.03509,1451.0,0.0351,1731.0
1753531655069,12:07:35.069,AVAAI/USDT:USDT,0.03508,5.0,0.03504,19.0,0.03509,1451.0,0.0351,1731.0
1753531655189,12:07:35.189,AVAAI/USDT:USDT,0.03508,5.0,0.03504,19.0,0.03509,1451.0,0.0351,1731.0
1753531655333,12:07:35.333,AVAAI/USDT:USDT,0.03504,19.0,0.03502,1031.0,0.03509,1451.0,0.0351,1731.0
1753531655407,12:07:35.407,AVAAI/USDT:USDT,0.03503,50.0,0.03502,280.0,0.03506,1389.0,0.03508,281.0
1753531655451,12:07:35.451,AVAAI/USDT:USDT,0.03503,19.0,0.03502,280.0,0.03505,1.0,0.03506,1389.0
1753531655604,12:07:35.604,AVAAI/USDT:USDT,0.03503,19.0,0.03502,280.0,0.03505,1.0,0.03506,1389.0
1753531655730,12:07:35.730,AVAAI/USDT:USDT,0.03503,19.0,0.03502,280.0,0.03505,1.0,0.03506,1389.0
1753531656092,12:07:36.092,AVAAI/USDT:USDT,0.03503,19.0,0.03502,311.0,0.03505,1.0,0.03506,1389.0
1753531656518,12:07:36.518,AVAAI/USDT:USDT,0.03503,19.0,0.03502,311.0,0.03505,1.0,0.03506,1389.0
1753531656629,12:07:36.629,AVAAI/USDT:USDT,0.03503,19.0,0.03502,311.0,0.03505,1.0,0.03506,1389.0
1753531656724,12:07:36.724,AVAAI/USDT:USDT,0.03503,19.0,0.03501,5.0,0.03505,1.0,0.03506,1451.0
1753531656782,12:07:36.782,AVAAI/USDT:USDT,0.03502,19.0,0.03501,5.0,0.03505,1.0,0.03506,1451.0
1753531657090,12:07:37.090,AVAAI/USDT:USDT,0.03502,19.0,0.03501,5.0,0.03505,3074.0,0.03506,1451.0
1753531657171,12:07:37.171,AVAAI/USDT:USDT,0.03502,19.0,0.03501,5.0,0.03503,1389.0,0.03504,1420.0
1753531657249,12:07:37.249,AVAAI/USDT:USDT,0.03502,19.0,0.03501,5.0,0.03503,1390.0,0.03504,1420.0
1753531657342,12:07:37.342,AVAAI/USDT:USDT,0.03502,19.0,0.03501,5.0,0.03503,1390.0,0.03504,1420.0
1753531657626,12:07:37.626,AVAAI/USDT:USDT,0.03502,19.0,0.03501,5.0,0.03503,1390.0,0.03504,1420.0
1753531658061,12:07:38.061,AVAAI/USDT:USDT,0.03502,19.0,0.03501,5.0,0.03503,1390.0,0.03504,1420.0
1753531658156,12:07:38.156,AVAAI/USDT:USDT,0.03502,19.0,0.03501,5.0,0.03503,1390.0,0.03504,1420.0
1753531658554,12:07:38.554,AVAAI/USDT:USDT,0.03502,19.0,0.03501,5.0,0.03503,1390.0,0.03504,1420.0
1753531660267,12:07:40.267,AVAAI/USDT:USDT,0.03502,19.0,0.03501,5.0,0.03503,1390.0,0.03504,1420.0
1753531660431,12:07:40.431,AVAAI/USDT:USDT,0.03502,19.0,0.03501,5.0,0.03503,1390.0,0.03504,31.0
1753531660530,12:07:40.530,AVAAI/USDT:USDT,0.03502,19.0,0.03501,5.0,0.03503,1.0,0.03504,31.0
1753531660726,12:07:40.726,AVAAI/USDT:USDT,0.03502,19.0,0.03501,5.0,0.03503,1.0,0.03504,31.0
1753531661091,12:07:41.091,AVAAI/USDT:USDT,0.03502,19.0,0.03501,5.0,0.03503,1.0,0.03504,31.0
1753531663928,12:07:43.928,AVAAI/USDT:USDT,0.03502,19.0,0.03501,5.0,0.03503,1.0,0.03504,31.0
1753531663951,12:07:43.951,AVAAI/USDT:USDT,0.03502,19.0,0.03501,5.0,0.03503,1.0,0.03504,31.0
1753531665078,12:07:45.078,AVAAI/USDT:USDT,0.03502,19.0,0.03501,5.0,0.03503,1.0,0.03504,31.0
1753531666233,12:07:46.233,AVAAI/USDT:USDT,0.03502,19.0,0.03501,36.0,0.03505,311.0,0.03506,1389.0
1753531666311,12:07:46.311,AVAAI/USDT:USDT,0.03502,82.0,0.03501,5.0,0.03506,1669.0,0.03507,2793.0
1753531666374,12:07:46.374,AVAAI/USDT:USDT,0.03502,82.0,0.03501,285.0,0.03506,1669.0,0.03507,2793.0
1753531666576,12:07:46.576,AVAAI/USDT:USDT,0.03502,82.0,0.03501,285.0,0.03506,1669.0,0.03507,2793.0
1753531666781,12:07:46.781,AVAAI/USDT:USDT,0.03502,20.0,0.03501,285.0,0.03506,1669.0,0.03507,2793.0
1753531667007,12:07:47.007,AVAAI/USDT:USDT,0.03502,20.0,0.03501,285.0,0.03506,1669.0,0.03507,2793.0
1753531667111,12:07:47.111,AVAAI/USDT:USDT,0.03502,20.0,0.03501,285.0,0.03506,1731.0,0.03507,2793.0
1753531667266,12:07:47.266,AVAAI/USDT:USDT,0.03502,20.0,0.03501,285.0,0.03506,1731.0,0.03507,2793.0
1753531667422,12:07:47.422,AVAAI/USDT:USDT,0.03502,20.0,0.03501,285.0,0.03506,1731.0,0.03507,2793.0
1753531667471,12:07:47.471,AVAAI/USDT:USDT,0.03502,51.0,0.03501,285.0,0.03506,1731.0,0.03507,2793.0
1753531668352,12:07:48.352,AVAAI/USDT:USDT,0.03502,51.0,0.03501,285.0,0.03506,1731.0,0.03507,2793.0
1753531668517,12:07:48.517,AVAAI/USDT:USDT,0.03502,82.0,0.03501,285.0,0.03506,1731.0,0.03507,2793.0
1753531669419,12:07:49.419,AVAAI/USDT:USDT,0.03499,2981.0,0.03498,759.0,0.03506,1700.0,0.03507,2793.0
1753531669455,12:07:49.455,AVAAI/USDT:USDT,0.035,4.0,0.03499,2981.0,0.03505,18.0,0.03506,1700.0
1753531669863,12:07:49.863,AVAAI/USDT:USDT,0.035,4.0,0.03499,2981.0,0.03505,18.0,0.03506,1700.0
1753531669993,12:07:49.993,AVAAI/USDT:USDT,0.035,4.0,0.03499,2981.0,0.03505,18.0,0.03506,1700.0
1753531670512,12:07:50.512,AVAAI/USDT:USDT,0.03501,342.0,0.035,4.0,0.03505,18.0,0.03506,1700.0
1753531670584,12:07:50.584,AVAAI/USDT:USDT,0.03501,342.0,0.035,4.0,0.03505,18.0,0.03506,1700.0
1753531670679,12:07:50.679,AVAAI/USDT:USDT,0.03501,342.0,0.035,4.0,0.03505,18.0,0.03506,1700.0
1753531671095,12:07:51.095,AVAAI/USDT:USDT,0.03501,342.0,0.035,4.0,0.03505,18.0,0.03506,1700.0
1753531673911,12:07:53.911,AVAAI/USDT:USDT,0.03501,342.0,0.035,4.0,0.03505,18.0,0.03506,1700.0
1753531674317,12:07:54.317,AVAAI/USDT:USDT,0.03501,342.0,0.035,4.0,0.03505,18.0,0.03506,1700.0
1753531675146,12:07:55.146,AVAAI/USDT:USDT,0.03501,342.0,0.035,4.0,0.03505,18.0,0.03506,1700.0
1753531675433,12:07:55.433,AVAAI/USDT:USDT,0.03501,342.0,0.035,1393.0,0.03505,18.0,0.03506,1700.0
1753531675531,12:07:55.531,AVAAI/USDT:USDT,0.03501,342.0,0.035,1393.0,0.03505,18.0,0.03506,1669.0
1753531679535,12:07:59.535,AVAAI/USDT:USDT,0.03501,342.0,0.035,1393.0,0.03505,18.0,0.03506,1389.0
1753531679641,12:07:59.641,AVAAI/USDT:USDT,0.03501,342.0,0.035,1393.0,0.03506,1407.0,0.03507,2793.0
1753531679796,12:07:59.796,AVAAI/USDT:USDT,0.03501,342.0,0.035,1393.0,0.03506,1687.0,0.03507,2793.0
1753531680472,12:08:00.472,AVAAI/USDT:USDT,0.03501,342.0,0.035,2782.0,0.03506,1407.0,0.03507,2793.0
1753531681533,12:08:01.533,AVAAI/USDT:USDT,0.03501,342.0,0.035,2782.0,0.03506,18.0,0.03507,2793.0
1753531681631,12:08:01.631,AVAAI/USDT:USDT,0.03503,311.0,0.03501,3104.0,0.03506,18.0,0.03509,4182.0
1753531681683,12:08:01.683,AVAAI/USDT:USDT,0.03503,342.0,0.03502,756.0,0.03508,18.0,0.03509,2793.0
1753531681737,12:08:01.737,AVAAI/USDT:USDT,0.03503,1731.0,0.03502,756.0,0.03508,18.0,0.03509,2793.0
1753531681841,12:08:01.841,AVAAI/USDT:USDT,0.03504,4.0,0.03503,1731.0,0.03508,18.0,0.03509,2793.0
1753531682010,12:08:02.010,AVAAI/USDT:USDT,0.03504,4.0,0.03503,1731.0,0.03508,18.0,0.03509,2793.0
1753531682851,12:08:02.851,AVAAI/USDT:USDT,0.03504,4.0,0.03503,1731.0,0.03508,18.0,0.03509,2793.0
1753531685320,12:08:05.320,AVAAI/USDT:USDT,0.03504,4.0,0.03503,1731.0,0.03508,18.0,0.03509,2793.0
1753531687367,12:08:07.367,AVAAI/USDT:USDT,0.03504,4.0,0.03503,1731.0,0.03508,18.0,0.03509,2793.0
1753531688233,12:08:08.233,AVAAI/USDT:USDT,0.03505,311.0,0.03504,4.0,0.03508,18.0,0.0351,1669.0
1753531688333,12:08:08.333,AVAAI/USDT:USDT,0.03505,342.0,0.03504,4.0,0.03509,18.0,0.0351,1389.0
1753531688362,12:08:08.362,AVAAI/USDT:USDT,0.03505,342.0,0.03504,4.0,0.0351,1407.0,0.03511,2793.0
1753531688508,12:08:08.508,AVAAI/USDT:USDT,0.03505,342.0,0.03504,4.0,0.0351,1407.0,0.03511,2793.0
1753531688688,12:08:08.688,AVAAI/USDT:USDT,0.03505,342.0,0.03504,4.0,0.0351,1687.0,0.03511,2793.0
1753531688745,12:08:08.745,AVAAI/USDT:USDT,0.03505,342.0,0.03504,4.0,0.0351,1687.0,0.03511,2793.0
1753531688903,12:08:08.903,AVAAI/USDT:USDT,0.03505,342.0,0.03504,4.0,0.0351,1687.0,0.03511,2793.0
1753531689231,12:08:09.231,AVAAI/USDT:USDT,0.03505,62.0,0.03504,4.0,0.0351,1687.0,0.03511,2793.0
1753531691093,12:08:11.093,AVAAI/USDT:USDT,0.03505,62.0,0.03504,4.0,0.0351,1687.0,0.03511,2793.0
1753531693844,12:08:13.844,AVAAI/USDT:USDT,0.03504,4.0,0.03503,1669.0,0.0351,1687.0,0.03511,2793.0
1753531697023,12:08:17.023,AVAAI/USDT:USDT,0.03504,66.0,0.03503,1669.0,0.03508,62.0,0.0351,1687.0
1753531701587,12:08:21.587,AVAAI/USDT:USDT,0.03504,66.0,0.03503,1669.0,0.03508,31.0,0.03509,2793.0
1753531701640,12:08:21.640,AVAAI/USDT:USDT,0.03504,66.0,0.03503,1669.0,0.03508,49.0,0.03509,2793.0
1753531701814,12:08:21.814,AVAAI/USDT:USDT,0.03504,66.0,0.03503,1669.0,0.03508,18.0,0.0351,1669.0
1753531701846,12:08:21.846,AVAAI/USDT:USDT,0.03504,66.0,0.03503,1669.0,0.03509,18.0,0.0351,1669.0
1753531702046,12:08:22.046,AVAAI/USDT:USDT,0.03504,66.0,0.03503,1669.0,0.03509,2811.0,0.0351,1669.0
1753531702632,12:08:22.632,AVAAI/USDT:USDT,0.03505,280.0,0.03504,66.0,0.03509,49.0,0.0351,1669.0
1753531703004,12:08:23.004,AVAAI/USDT:USDT,0.03505,280.0,0.03504,66.0,0.03509,80.0,0.0351,1669.0
1753531704103,12:08:24.103,AVAAI/USDT:USDT,0.03505,280.0,0.03504,66.0,0.03509,80.0,0.0351,1669.0
1753531706980,12:08:26.980,AVAAI/USDT:USDT,0.03505,280.0,0.03504,66.0,0.03509,80.0,0.0351,1669.0
1753531707461,12:08:27.461,AVAAI/USDT:USDT,0.03505,280.0,0.03504,66.0,0.03509,80.0,0.0351,1669.0
1753531708442,12:08:28.442,AVAAI/USDT:USDT,0.03505,280.0,0.03504,66.0,0.03509,82.0,0.0351,1669.0
1753531708535,12:08:28.535,AVAAI/USDT:USDT,0.03505,280.0,0.03504,66.0,0.03509,80.0,0.0351,1669.0
1753531708635,12:08:28.635,AVAAI/USDT:USDT,0.03505,280.0,0.03504,66.0,0.03509,82.0,0.0351,1669.0
1753531708735,12:08:28.735,AVAAI/USDT:USDT,0.03505,280.0,0.03504,66.0,0.03509,80.0,0.0351,1669.0
1753531708836,12:08:28.836,AVAAI/USDT:USDT,0.03505,280.0,0.03504,66.0,0.03509,82.0,0.0351,1669.0
1753531709039,12:08:29.039,AVAAI/USDT:USDT,0.03505,280.0,0.03504,66.0,0.03509,80.0,0.0351,1669.0
1753531709636,12:08:29.636,AVAAI/USDT:USDT,0.03505,280.0,0.03504,66.0,0.03509,82.0,0.0351,1669.0
1753531710336,12:08:30.336,AVAAI/USDT:USDT,0.03505,280.0,0.03504,66.0,0.03509,80.0,0.0351,1669.0
1753531710934,12:08:30.934,AVAAI/USDT:USDT,0.03505,280.0,0.03504,66.0,0.03509,82.0,0.0351,1669.0
1753531711035,12:08:31.035,AVAAI/USDT:USDT,0.03505,280.0,0.03504,66.0,0.03509,80.0,0.0351,1669.0
1753531711136,12:08:31.136,AVAAI/USDT:USDT,0.03505,280.0,0.03504,66.0,0.03509,82.0,0.0351,1669.0
1753531711235,12:08:31.235,AVAAI/USDT:USDT,0.03505,280.0,0.03504,66.0,0.03509,80.0,0.0351,1669.0
1753531711535,12:08:31.535,AVAAI/USDT:USDT,0.03505,280.0,0.03504,66.0,0.03509,82.0,0.0351,1669.0
1753531711734,12:08:31.734,AVAAI/USDT:USDT,0.03505,280.0,0.03504,66.0,0.03509,80.0,0.0351,1669.0
1753531713246,12:08:33.246,AVAAI/USDT:USDT,0.03504,66.0,0.03503,1669.0,0.03509,80.0,0.0351,1669.0
1753531715195,12:08:35.195,AVAAI/USDT:USDT,0.03504,4.0,0.03501,280.0,0.03508,280.0,0.03509,4262.0
1753531715245,12:08:35.245,AVAAI/USDT:USDT,0.03501,284.0,0.035,2778.0,0.03508,280.0,0.03509,4262.0
1753531715491,12:08:35.491,AVAAI/USDT:USDT,0.03501,3077.0,0.035,2778.0,0.03508,280.0,0.03509,4262.0
1753531716256,12:08:36.256,AVAAI/USDT:USDT,0.03501,3077.0,0.035,2778.0,0.03508,280.0,0.03509,4262.0
1753531716350,12:08:36.350,AVAAI/USDT:USDT,0.03501,284.0,0.035,2778.0,0.03508,280.0,0.03509,4262.0
1753531717116,12:08:37.116,AVAAI/USDT:USDT,0.03501,284.0,0.035,2778.0,0.03508,280.0,0.03509,4262.0
1753531717631,12:08:37.631,AVAAI/USDT:USDT,0.03501,4.0,0.03499,1577.0,0.03506,1669.0,0.03507,2793.0
1753531717725,12:08:37.725,AVAAI/USDT:USDT,0.035,4.0,0.03499,1577.0,0.03505,18.0,0.03506,1669.0
1753531717795,12:08:37.795,AVAAI/USDT:USDT,0.035,4.0,0.03499,1577.0,0.03505,18.0,0.03506,1669.0
1753531717931,12:08:37.931,AVAAI/USDT:USDT,0.035,4.0,0.03499,1577.0,0.03505,18.0,0.03506,1669.0
1753531717967,12:08:37.967,AVAAI/USDT:USDT,0.035,4.0,0.03499,1577.0,0.03505,18.0,0.03506,1669.0
1753531723462,12:08:43.462,AVAAI/USDT:USDT,0.035,4.0,0.03499,1577.0,0.03505,2811.0,0.03506,1669.0
1753531724089,12:08:44.089,AVAAI/USDT:USDT,0.035,4.0,0.03499,1577.0,0.03505,18.0,0.03506,1669.0
1753531725437,12:08:45.437,AVAAI/USDT:USDT,0.035,4.0,0.03499,1577.0,0.03505,2811.0,0.03506,1669.0
1753531727658,12:08:47.658,AVAAI/USDT:USDT,0.035,4.0,0.03499,1577.0,0.03505,2811.0,0.03506,1669.0
1753531730134,12:08:50.134,AVAAI/USDT:USDT,0.035,4.0,0.03499,1577.0,0.03505,2811.0,0.03506,1669.0
1753531733149,12:08:53.149,AVAAI/USDT:USDT,0.035,4.0,0.03499,1577.0,0.03505,2811.0,0.03506,1669.0
1753531733783,12:08:53.783,AVAAI/USDT:USDT,0.035,4.0,0.03499,1577.0,0.03505,2811.0,0.03506,1669.0
1753531740919,12:09:00.919,AVAAI/USDT:USDT,0.035,4.0,0.03499,1577.0,0.03505,18.0,0.03506,1669.0
1753531741487,12:09:01.487,AVAAI/USDT:USDT,0.035,4.0,0.03499,1577.0,0.03505,2811.0,0.03506,1669.0
1753531742561,12:09:02.561,AVAAI/USDT:USDT,0.035,4.0,0.03499,1577.0,0.03505,2811.0,0.03506,1669.0
1753531742832,12:09:02.832,AVAAI/USDT:USDT,0.03501,342.0,0.035,1393.0,0.03505,80.0,0.03506,1669.0
1753531743154,12:09:03.154,AVAAI/USDT:USDT,0.03501,342.0,0.035,1393.0,0.03505,80.0,0.03506,1669.0
1753531745611,12:09:05.611,AVAAI/USDT:USDT,0.03501,62.0,0.035,4.0,0.03505,80.0,0.03506,1669.0
1753531748580,12:09:08.580,AVAAI/USDT:USDT,0.03501,62.0,0.035,4.0,0.03505,80.0,0.03506,1669.0
1753531749485,12:09:09.485,AVAAI/USDT:USDT,0.035,4.0,0.03499,1577.0,0.03505,2873.0,0.03506,1669.0
1753531749547,12:09:09.547,AVAAI/USDT:USDT,0.035,4.0,0.03499,188.0,0.03505,2873.0,0.03506,1669.0
1753531749727,12:09:09.727,AVAAI/USDT:USDT,0.03499,1577.0,0.03498,763.0,0.03505,2873.0,0.03506,1669.0
1753531749744,12:09:09.744,AVAAI/USDT:USDT,0.035,4.0,0.03499,1577.0,0.03505,2873.0,0.03506,1669.0
1753531751416,12:09:11.416,AVAAI/USDT:USDT,0.035,4.0,0.03499,188.0,0.03505,2873.0,0.03506,1669.0
1753531751516,12:09:11.516,AVAAI/USDT:USDT,0.03499,188.0,0.03498,4.0,0.03505,2873.0,0.03506,1669.0
1753531751611,12:09:11.611,AVAAI/USDT:USDT,0.03499,188.0,0.03498,4.0,0.03504,1669.0,0.03505,2873.0
1753531751651,12:09:11.651,AVAAI/USDT:USDT,0.03499,188.0,0.03498,4.0,0.03503,49.0,0.03504,1669.0
1753531753493,12:09:13.493,AVAAI/USDT:USDT,0.03499,188.0,0.03498,4.0,0.03503,49.0,0.03504,1669.0
1753531754122,12:09:14.122,AVAAI/USDT:USDT,0.03499,219.0,0.03498,4.0,0.03503,49.0,0.03504,1669.0
1753531754870,12:09:14.870,AVAAI/USDT:USDT,0.03499,250.0,0.03498,4.0,0.03503,49.0,0.03504,1669.0
1753531756149,12:09:16.149,AVAAI/USDT:USDT,0.03499,250.0,0.03498,4.0,0.03503,49.0,0.03504,1669.0
1753531757118,12:09:17.118,AVAAI/USDT:USDT,0.03498,280.0,0.03496,2406.0,0.03503,4262.0,0.03504,1669.0
1753531757183,12:09:17.183,AVAAI/USDT:USDT,0.03496,2406.0,0.03495,3528.0,0.03502,2.0,0.03503,4262.0
1753531757295,12:09:17.295,AVAAI/USDT:USDT,0.03498,280.0,0.03496,2406.0,0.03502,2.0,0.03503,4262.0
1753531757527,12:09:17.527,AVAAI/USDT:USDT,0.03498,280.0,0.03496,2406.0,0.03502,2.0,0.03503,2873.0
1753531757704,12:09:17.704,AVAAI/USDT:USDT,0.03498,280.0,0.03496,2406.0,0.03502,2.0,0.03503,2873.0
1753531758132,12:09:18.132,AVAAI/USDT:USDT,0.03496,1669.0,0.03495,3528.0,0.03502,2.0,0.03503,2873.0
1753531758198,12:09:18.198,AVAAI/USDT:USDT,0.03496,1669.0,0.03495,3528.0,0.03502,2.0,0.03503,4262.0
1753531758656,12:09:18.656,AVAAI/USDT:USDT,0.03496,1669.0,0.03495,3528.0,0.03502,2.0,0.03503,4262.0
1753531758834,12:09:18.834,AVAAI/USDT:USDT,0.03496,1669.0,0.03495,3528.0,0.03502,2.0,0.03503,4262.0
1753531759017,12:09:19.017,AVAAI/USDT:USDT,0.03496,1669.0,0.03495,3528.0,0.03502,2.0,0.03503,4262.0
1753531759802,12:09:19.802,AVAAI/USDT:USDT,0.03496,1669.0,0.03495,3528.0,0.03502,282.0,0.03503,4262.0
1753531760035,12:09:20.035,AVAAI/USDT:USDT,0.03496,1669.0,0.03495,735.0,0.03502,282.0,0.03503,4262.0
1753531760250,12:09:20.250,AVAAI/USDT:USDT,0.03496,1669.0,0.03495,3528.0,0.03502,282.0,0.03503,4262.0
1753531760411,12:09:20.411,AVAAI/USDT:USDT,0.03496,1669.0,0.03495,735.0,0.03502,282.0,0.03503,4262.0
1753531760533,12:09:20.533,AVAAI/USDT:USDT,0.03495,280.0,0.03494,2157.0,0.03502,282.0,0.03503,4262.0
1753531760623,12:09:20.623,AVAAI/USDT:USDT,0.03494,1394.0,0.03493,2400.0,0.035,280.0,0.03502,282.0
1753531760696,12:09:20.696,AVAAI/USDT:USDT,0.03495,280.0,0.03494,1394.0,0.035,280.0,0.03501,18.0
1753531760925,12:09:20.925,AVAAI/USDT:USDT,0.03495,280.0,0.03494,1394.0,0.035,280.0,0.03501,18.0
1753531761234,12:09:21.234,AVAAI/USDT:USDT,0.03495,281.0,0.03494,1394.0,0.035,280.0,0.03501,18.0
1753531761409,12:09:21.409,AVAAI/USDT:USDT,0.03495,280.0,0.03494,4187.0,0.03501,18.0,0.03502,282.0
1753531761442,12:09:21.442,AVAAI/USDT:USDT,0.03495,280.0,0.03494,4187.0,0.03502,300.0,0.03503,4182.0
1753531762230,12:09:22.230,AVAAI/USDT:USDT,0.03495,280.0,0.03494,1394.0,0.03502,300.0,0.03503,4182.0
1753531762235,12:09:22.235,AVAAI/USDT:USDT,0.03495,280.0,0.03494,4187.0,0.03502,300.0,0.03503,4182.0
1753531762890,12:09:22.890,AVAAI/USDT:USDT,0.03495,280.0,0.03494,4187.0,0.03502,300.0,0.03503,4182.0
1753531763117,12:09:23.117,AVAAI/USDT:USDT,0.03495,280.0,0.03494,4187.0,0.03502,300.0,0.03503,4182.0
1753531763317,12:09:23.317,AVAAI/USDT:USDT,0.03495,280.0,0.03494,4187.0,0.035,311.0,0.03502,300.0
1753531763340,12:09:23.340,AVAAI/USDT:USDT,0.03495,280.0,0.03494,4187.0,0.03499,20.0,0.035,311.0
1753531763511,12:09:23.511,AVAAI/USDT:USDT,0.03495,311.0,0.03494,1394.0,0.03499,51.0,0.035,311.0
1753531763834,12:09:23.834,AVAAI/USDT:USDT,0.03495,311.0,0.03494,1394.0,0.03499,51.0,0.035,311.0
1753531764296,12:09:24.296,AVAAI/USDT:USDT,0.03495,311.0,0.03494,1394.0,0.03499,51.0,0.035,311.0
1753531764714,12:09:24.714,AVAAI/USDT:USDT,0.03494,5.0,0.03493,1669.0,0.03499,51.0,0.035,311.0
1753531764821,12:09:24.821,AVAAI/USDT:USDT,0.03494,5.0,0.03493,1669.0,0.03499,51.0,0.035,311.0
1753531764967,12:09:24.967,AVAAI/USDT:USDT,0.03494,36.0,0.03493,1669.0,0.03499,51.0,0.035,311.0
1753531765083,12:09:25.083,AVAAI/USDT:USDT,0.03495,311.0,0.03494,1425.0,0.03499,51.0,0.035,311.0
1753531766326,12:09:26.326,AVAAI/USDT:USDT,0.03495,311.0,0.03494,1425.0,0.03499,51.0,0.035,311.0
1753531766621,12:09:26.621,AVAAI/USDT:USDT,0.03495,311.0,0.03494,1425.0,0.03499,51.0,0.035,311.0
1753531767316,12:09:27.316,AVAAI/USDT:USDT,0.03495,280.0,0.03494,36.0,0.03499,51.0,0.035,311.0
1753531767390,12:09:27.390,AVAAI/USDT:USDT,0.03494,36.0,0.03493,1669.0,0.03499,51.0,0.035,311.0
1753531767932,12:09:27.932,AVAAI/USDT:USDT,0.03494,36.0,0.03493,1669.0,0.03499,51.0,0.035,1700.0
1753531767939,12:09:27.939,AVAAI/USDT:USDT,0.03494,5.0,0.03493,1669.0,0.03499,2844.0,0.035,1700.0
1753531768057,12:09:28.057,AVAAI/USDT:USDT,0.03494,5.0,0.03493,1669.0,0.03499,2844.0,0.035,1700.0
1753531768233,12:09:28.233,AVAAI/USDT:USDT,0.03494,5.0,0.03493,1669.0,0.03498,280.0,0.03499,2844.0
1753531768299,12:09:28.299,AVAAI/USDT:USDT,0.03494,5.0,0.03493,1669.0,0.03498,311.0,0.03499,2844.0
1753531768383,12:09:28.383,AVAAI/USDT:USDT,0.03494,5.0,0.03493,1669.0,0.03497,51.0,0.03498,311.0
1753531768518,12:09:28.518,AVAAI/USDT:USDT,0.03494,5.0,0.03493,1669.0,0.03497,51.0,0.03498,311.0
1753531768564,12:09:28.564,AVAAI/USDT:USDT,0.03494,67.0,0.03493,1669.0,0.03497,20.0,0.03499,2793.0
1753531768665,12:09:28.665,AVAAI/USDT:USDT,0.03494,67.0,0.03493,1669.0,0.03498,20.0,0.03499,2793.0
1753531768975,12:09:28.975,AVAAI/USDT:USDT,0.03494,67.0,0.03493,1669.0,0.03498,51.0,0.03499,2793.0
1753531769161,12:09:29.161,AVAAI/USDT:USDT,0.03494,67.0,0.03493,1669.0,0.03498,51.0,0.03499,2793.0
1753531769470,12:09:29.470,AVAAI/USDT:USDT,0.03494,1456.0,0.03493,1669.0,0.03498,51.0,0.03499,2793.0
1753531770190,12:09:30.190,AVAAI/USDT:USDT,0.03494,1456.0,0.03493,1669.0,0.03498,20.0,0.03499,2793.0
1753531770371,12:09:30.371,AVAAI/USDT:USDT,0.03494,1456.0,0.03493,1669.0,0.03498,20.0,0.03499,2793.0
1753531772084,12:09:32.084,AVAAI/USDT:USDT,0.03494,67.0,0.03493,1669.0,0.03498,51.0,0.03499,2793.0
1753531772342,12:09:32.342,AVAAI/USDT:USDT,0.03494,1456.0,0.03493,1669.0,0.03498,51.0,0.03499,2793.0
1753531772618,12:09:32.618,AVAAI/USDT:USDT,0.03494,1456.0,0.03493,1669.0,0.03498,51.0,0.03499,2793.0
1753531773223,12:09:33.223,AVAAI/USDT:USDT,0.03494,1425.0,0.03493,1669.0,0.03498,51.0,0.03499,2793.0
1753531773330,12:09:33.330,AVAAI/USDT:USDT,0.03494,1425.0,0.03493,1669.0,0.03498,51.0,0.03499,2793.0
1753531773513,12:09:33.513,AVAAI/USDT:USDT,0.03494,5.0,0.03493,1669.0,0.03498,331.0,0.03499,2793.0
1753531773615,12:09:33.615,AVAAI/USDT:USDT,0.03494,5.0,0.03493,1669.0,0.03498,362.0,0.03499,2793.0
1753531773796,12:09:33.796,AVAAI/USDT:USDT,0.03494,5.0,0.03493,1669.0,0.03498,362.0,0.03499,2793.0
1753531774032,12:09:34.032,AVAAI/USDT:USDT,0.03494,5.0,0.03493,1669.0,0.03498,51.0,0.03499,2793.0
1753531774060,12:09:34.060,AVAAI/USDT:USDT,0.03494,67.0,0.03493,1669.0,0.03498,51.0,0.03499,2793.0
1753531774672,12:09:34.672,AVAAI/USDT:USDT,0.03494,1456.0,0.03493,1669.0,0.03498,51.0,0.03499,2793.0
1753531774771,12:09:34.771,AVAAI/USDT:USDT,0.03494,1456.0,0.03493,1669.0,0.03498,20.0,0.03499,2793.0
1753531775297,12:09:35.297,AVAAI/USDT:USDT,0.03494,1456.0,0.03493,1669.0,0.03498,20.0,0.03499,2793.0
1753531776015,12:09:36.015,AVAAI/USDT:USDT,0.03495,280.0,0.03494,1456.0,0.03498,20.0,0.03499,2793.0
1753531776347,12:09:36.347,AVAAI/USDT:USDT,0.03495,280.0,0.03494,1456.0,0.03498,20.0,0.035,280.0
1753531776470,12:09:36.470,AVAAI/USDT:USDT,0.03495,280.0,0.03494,1456.0,0.035,300.0,0.03501,2793.0
1753531776707,12:09:36.707,AVAAI/USDT:USDT,0.03495,280.0,0.03494,1456.0,0.035,20.0,0.03501,2793.0
1753531776907,12:09:36.907,AVAAI/USDT:USDT,0.03495,280.0,0.03494,1456.0,0.035,300.0,0.03501,2793.0
1753531778675,12:09:38.675,AVAAI/USDT:USDT,0.03495,280.0,0.03494,1456.0,0.035,300.0,0.03501,2793.0
1753531779426,12:09:39.426,AVAAI/USDT:USDT,0.03497,280.0,0.03496,1451.0,0.035,20.0,0.03502,280.0
1753531779528,12:09:39.528,AVAAI/USDT:USDT,0.03497,280.0,0.03496,1451.0,0.035,10.0,0.03502,290.0
1753531779627,12:09:39.627,AVAAI/USDT:USDT,0.03497,280.0,0.03496,1451.0,0.03502,300.0,0.03503,4182.0
1753531779655,12:09:39.655,AVAAI/USDT:USDT,0.03497,280.0,0.03496,1451.0,0.03502,300.0,0.03503,4182.0
1753531781603,12:09:41.603,AVAAI/USDT:USDT,0.03497,280.0,0.03496,1451.0,0.03502,300.0,0.03503,4182.0
1753531781691,12:09:41.691,AVAAI/USDT:USDT,0.03497,280.0,0.03496,1451.0,0.03502,20.0,0.03503,2793.0
1753531781835,12:09:41.835,AVAAI/USDT:USDT,0.03497,280.0,0.03496,1451.0,0.03502,20.0,0.03504,1669.0
1753531781934,12:09:41.934,AVAAI/USDT:USDT,0.03497,280.0,0.03496,1451.0,0.03502,20.0,0.03503,2793.0
1753531782186,12:09:42.186,AVAAI/USDT:USDT,0.03497,280.0,0.03496,1451.0,0.03502,20.0,0.03503,2793.0
1753531782340,12:09:42.340,AVAAI/USDT:USDT,0.03497,280.0,0.03496,1451.0,0.03502,10.0,0.03503,2803.0
1753531786527,12:09:46.527,AVAAI/USDT:USDT,0.03497,280.0,0.03496,1451.0,0.03502,10.0,0.03503,2803.0
1753531787027,12:09:47.027,AVAAI/USDT:USDT,0.03497,280.0,0.03496,1451.0,0.03502,10.0,0.03503,2803.0
1753531788963,12:09:48.963,AVAAI/USDT:USDT,0.03497,280.0,0.03496,1451.0,0.03502,10.0,0.03503,2803.0
1753531789927,12:09:49.927,AVAAI/USDT:USDT,0.03495,1389.0,0.03493,1013.0,0.03501,3073.0,0.03502,10.0
1753531790017,12:09:50.017,AVAAI/USDT:USDT,0.03495,1669.0,0.03494,1389.0,0.035,82.0,0.03501,2793.0
1753531790106,12:09:50.106,AVAAI/USDT:USDT,0.03498,1389.0,0.03497,280.0,0.035,82.0,0.03503,2793.0
1753531790141,12:09:50.141,AVAAI/USDT:USDT,0.03498,1389.0,0.03497,280.0,0.035,62.0,0.03502,20.0
1753531790918,12:09:50.918,AVAAI/USDT:USDT,0.03498,1389.0,0.03497,280.0,0.03502,20.0,0.03503,2793.0
1753531790960,12:09:50.960,AVAAI/USDT:USDT,0.03498,1389.0,0.03497,280.0,0.03502,82.0,0.03503,2793.0
1753531791065,12:09:51.065,AVAAI/USDT:USDT,0.03498,1389.0,0.03497,280.0,0.03502,82.0,0.03504,1669.0
1753531791173,12:09:51.173,AVAAI/USDT:USDT,0.03499,280.0,0.03498,1389.0,0.03502,62.0,0.03503,20.0
1753531791323,12:09:51.323,AVAAI/USDT:USDT,0.03499,280.0,0.03498,1389.0,0.03502,62.0,0.03503,20.0
1753531791424,12:09:51.424,AVAAI/USDT:USDT,0.03499,280.0,0.03498,1389.0,0.03502,62.0,0.03503,20.0
1753531791529,12:09:51.529,AVAAI/USDT:USDT,0.03498,1389.0,0.03497,280.0,0.03502,62.0,0.03503,2813.0
1753531791535,12:09:51.535,AVAAI/USDT:USDT,0.03498,1389.0,0.03497,280.0,0.03502,62.0,0.03503,2813.0
1753531794546,12:09:54.546,AVAAI/USDT:USDT,0.03498,1389.0,0.03497,280.0,0.03502,62.0,0.03503,20.0
1753531795218,12:09:55.218,AVAAI/USDT:USDT,0.03498,1389.0,0.03497,280.0,0.03502,62.0,0.03503,20.0
1753531795287,12:09:55.287,AVAAI/USDT:USDT,0.03498,1389.0,0.03497,280.0,0.03502,62.0,0.03503,2813.0
1753531795971,12:09:55.971,AVAAI/USDT:USDT,0.03498,1389.0,0.03497,280.0,0.03502,62.0,0.03503,20.0
1753531797439,12:09:57.439,AVAAI/USDT:USDT,0.03498,1389.0,0.03497,280.0,0.03502,62.0,0.03503,2813.0
1753531798017,12:09:58.017,AVAAI/USDT:USDT,0.03499,280.0,0.03498,1389.0,0.03502,62.0,0.03503,20.0
1753531798460,12:09:58.460,AVAAI/USDT:USDT,0.03499,280.0,0.03498,1389.0,0.03502,62.0,0.03503,20.0
1753531799421,12:09:59.421,AVAAI/USDT:USDT,0.03499,280.0,0.03498,1389.0,0.03502,62.0,0.03503,20.0
1753531799857,12:09:59.857,AVAAI/USDT:USDT,0.03499,280.0,0.03498,1389.0,0.03502,62.0,0.03503,20.0
1753531802641,12:10:02.641,AVAAI/USDT:USDT,0.03499,280.0,0.03498,1389.0,0.03502,62.0,0.03503,20.0
1753531803602,12:10:03.602,AVAAI/USDT:USDT,0.03498,1389.0,0.03497,280.0,0.03502,62.0,0.03503,20.0
1753531804287,12:10:04.287,AVAAI/USDT:USDT,0.03499,280.0,0.03498,1389.0,0.03502,62.0,0.03503,20.0
1753531806976,12:10:06.976,AVAAI/USDT:USDT,0.03499,280.0,0.03498,1389.0,0.03502,31.0,0.03503,20.0
1753531807043,12:10:07.043,AVAAI/USDT:USDT,0.03499,280.0,0.03498,1389.0,0.03504,1409.0,0.03505,2798.0
1753531807189,12:10:07.189,AVAAI/USDT:USDT,0.03499,280.0,0.03498,1389.0,0.03504,1409.0,0.03505,2798.0
1753531807328,12:10:07.328,AVAAI/USDT:USDT,0.03499,280.0,0.03498,1389.0,0.03504,1409.0,0.03505,2798.0
1753531807359,12:10:07.359,AVAAI/USDT:USDT,0.03499,280.0,0.03498,1389.0,0.03504,1409.0,0.03505,2798.0
1753531808231,12:10:08.231,AVAAI/USDT:USDT,0.03499,280.0,0.03498,1389.0,0.03504,1409.0,0.03505,2798.0
1753531808433,12:10:08.433,AVAAI/USDT:USDT,0.03499,280.0,0.03498,1389.0,0.03504,1409.0,0.03505,2798.0
1753531808848,12:10:08.848,AVAAI/USDT:USDT,0.03499,280.0,0.03498,1389.0,0.03504,1689.0,0.03505,2798.0
1753531809083,12:10:09.083,AVAAI/USDT:USDT,0.03499,280.0,0.03498,1389.0,0.03504,1689.0,0.03505,2798.0
1753531809364,12:10:09.364,AVAAI/USDT:USDT,0.03499,280.0,0.03498,1389.0,0.03504,1689.0,0.03505,2798.0
1753531810460,12:10:10.460,AVAAI/USDT:USDT,0.03499,280.0,0.03498,1389.0,0.03504,1409.0,0.03505,2798.0
1753531810603,12:10:10.603,AVAAI/USDT:USDT,0.03499,280.0,0.03498,1389.0,0.03504,1409.0,0.03505,5.0
1753531810640,12:10:10.640,AVAAI/USDT:USDT,0.03499,280.0,0.03498,1389.0,0.03504,1389.0,0.03505,25.0
1753531810743,12:10:10.743,AVAAI/USDT:USDT,0.03499,280.0,0.03498,1389.0,0.03505,25.0,0.03506,280.0
1753531810848,12:10:10.848,AVAAI/USDT:USDT,0.03499,280.0,0.03498,1389.0,0.03505,5.0,0.03506,300.0
1753531810995,12:10:10.995,AVAAI/USDT:USDT,0.03499,280.0,0.03498,1389.0,0.03505,5.0,0.03506,300.0
1753531811107,12:10:11.107,AVAAI/USDT:USDT,0.03499,280.0,0.03498,1389.0,0.03505,5.0,0.03506,300.0
1753531811199,12:10:11.199,AVAAI/USDT:USDT,0.03499,280.0,0.03498,1389.0,0.03505,5.0,0.03506,300.0
1753531812325,12:10:12.325,AVAAI/USDT:USDT,0.03499,280.0,0.03498,1389.0,0.03505,5.0,0.03506,300.0
1753531812547,12:10:12.547,AVAAI/USDT:USDT,0.03499,280.0,0.03498,1389.0,0.03504,1389.0,0.03505,5.0
1753531813152,12:10:13.152,AVAAI/USDT:USDT,0.03499,280.0,0.03498,1389.0,0.03504,1389.0,0.03505,5.0
1753531816820,12:10:16.820,AVAAI/USDT:USDT,0.03498,1389.0,0.03497,280.0,0.03504,1389.0,0.03505,5.0
1753531817181,12:10:17.181,AVAAI/USDT:USDT,0.03498,1389.0,0.03497,280.0,0.03504,1389.0,0.03505,5.0
1753531817332,12:10:17.332,AVAAI/USDT:USDT,0.03498,1389.0,0.03497,280.0,0.03505,5.0,0.03506,300.0
1753531817413,12:10:17.413,AVAAI/USDT:USDT,0.03499,280.0,0.03498,1389.0,0.03503,1419.0,0.03504,280.0
1753531818667,12:10:18.667,AVAAI/USDT:USDT,0.03499,280.0,0.03498,1389.0,0.03503,1449.0,0.03504,280.0
1753531819453,12:10:19.453,AVAAI/USDT:USDT,0.03498,1389.0,0.03497,280.0,0.03503,1449.0,0.03504,280.0
1753531821570,12:10:21.570,AVAAI/USDT:USDT,0.03498,1389.0,0.03497,280.0,0.03503,1449.0,0.03504,280.0
1753531821640,12:10:21.640,AVAAI/USDT:USDT,0.03498,1389.0,0.03497,280.0,0.03503,1449.0,0.03504,300.0
1753531826657,12:10:26.657,AVAAI/USDT:USDT,0.03498,1389.0,0.03497,280.0,0.03503,1449.0,0.03504,300.0
1753531829585,12:10:29.585,AVAAI/USDT:USDT,0.03498,1389.0,0.03497,280.0,0.03503,1449.0,0.03504,300.0
1753531834246,12:10:34.246,AVAAI/USDT:USDT,0.03498,1389.0,0.03497,280.0,0.03503,1449.0,0.03504,300.0
1753531839806,12:10:39.806,AVAAI/USDT:USDT,0.03495,4462.0,0.03494,1389.0,0.03502,280.0,0.03503,1449.0
1753531840640,12:10:40.640,AVAAI/USDT:USDT,0.03497,280.0,0.03495,4462.0,0.03502,280.0,0.03503,1449.0
1753531841727,12:10:41.727,AVAAI/USDT:USDT,0.03497,280.0,0.03495,4462.0,0.03503,1449.0,0.03504,300.0
1753531843123,12:10:43.123,AVAAI/USDT:USDT,0.03497,280.0,0.03495,4462.0,0.03502,280.0,0.03503,1449.0
1753531844139,12:10:44.139,AVAAI/USDT:USDT,0.03497,280.0,0.03495,4462.0,0.03502,280.0,0.03503,1449.0
1753531844516,12:10:44.516,AVAAI/USDT:USDT,0.03497,280.0,0.03495,4462.0,0.03503,1449.0,0.03504,300.0
1753531844711,12:10:44.711,AVAAI/USDT:USDT,0.03498,1389.0,0.03497,280.0,0.03503,1449.0,0.03504,300.0
1753531845801,12:10:45.801,AVAAI/USDT:USDT,0.03498,1389.0,0.03497,280.0,0.03503,1419.0,0.03504,300.0
1753531846898,12:10:46.898,AVAAI/USDT:USDT,0.03499,340.0,0.03498,1389.0,0.03504,1409.0,0.03505,5.0
1753531846941,12:10:46.941,AVAAI/USDT:USDT,0.03499,340.0,0.03498,1389.0,0.03504,1389.0,0.03505,25.0
1753531847260,12:10:47.260,AVAAI/USDT:USDT,0.03499,340.0,0.03498,1389.0,0.03504,1389.0,0.03505,2818.0
1753531850057,12:10:50.057,AVAAI/USDT:USDT,0.03499,340.0,0.03498,1389.0,0.03504,1389.0,0.03505,2818.0
1753531850770,12:10:50.770,AVAAI/USDT:USDT,0.03499,340.0,0.03498,1389.0,0.03504,1389.0,0.03505,25.0
1753531850851,12:10:50.851,AVAAI/USDT:USDT,0.03499,3133.0,0.03498,1389.0,0.03504,1389.0,0.03505,25.0
1753531850941,12:10:50.941,AVAAI/USDT:USDT,0.03499,3133.0,0.03498,1389.0,0.03504,1389.0,0.03505,5.0
1753531851237,12:10:51.237,AVAAI/USDT:USDT,0.03499,3133.0,0.03498,1389.0,0.03505,5.0,0.03506,300.0
1753531851384,12:10:51.384,AVAAI/USDT:USDT,0.03499,3133.0,0.03498,1389.0,0.03505,5.0,0.03506,300.0
1753531857996,12:10:57.996,AVAAI/USDT:USDT,0.03499,3133.0,0.03498,1389.0,0.03505,5.0,0.03506,300.0
1753531858233,12:10:58.233,AVAAI/USDT:USDT,0.03499,3133.0,0.03498,1389.0,0.03505,5.0,0.03506,300.0
1753531860008,12:11:00.008,AVAAI/USDT:USDT,0.03499,340.0,0.03498,1389.0,0.03504,1389.0,0.03505,5.0
1753531860106,12:11:00.106,AVAAI/USDT:USDT,0.03499,3133.0,0.03498,1389.0,0.03504,1389.0,0.03505,5.0
1753531860271,12:11:00.271,AVAAI/USDT:USDT,0.03499,3133.0,0.03498,1389.0,0.03504,1389.0,0.03505,5.0
1753531862219,12:11:02.219,AVAAI/USDT:USDT,0.03499,3133.0,0.03498,1389.0,0.03505,5.0,0.03506,300.0
1753531862318,12:11:02.318,AVAAI/USDT:USDT,0.03499,3133.0,0.03498,1389.0,0.03505,5.0,0.03506,300.0
1753531863316,12:11:03.316,AVAAI/USDT:USDT,0.03499,340.0,0.03498,1389.0,0.03505,5.0,0.03506,300.0
1753531863534,12:11:03.534,AVAAI/USDT:USDT,0.03499,340.0,0.03498,1389.0,0.03505,5.0,0.03506,300.0
1753531863746,12:11:03.746,AVAAI/USDT:USDT,0.03499,3133.0,0.03498,1389.0,0.03505,5.0,0.03506,300.0
1753531867776,12:11:07.776,AVAAI/USDT:USDT,0.03501,1699.0,0.03499,3103.0,0.03505,5.0,0.03506,300.0
1753531868318,12:11:08.318,AVAAI/USDT:USDT,0.03501,1699.0,0.035,1389.0,0.03505,5.0,0.03506,300.0
1753531868389,12:11:08.389,AVAAI/USDT:USDT,0.03501,1699.0,0.03499,3103.0,0.03505,5.0,0.03506,300.0
1753531868489,12:11:08.489,AVAAI/USDT:USDT,0.03501,310.0,0.03499,3103.0,0.03505,5.0,0.03506,300.0
1753531869073,12:11:09.073,AVAAI/USDT:USDT,0.03501,310.0,0.03499,3103.0,0.03505,5.0,0.03506,300.0
1753531869509,12:11:09.509,AVAAI/USDT:USDT,0.03501,30.0,0.03499,3103.0,0.03505,35.0,0.03506,300.0
1753531869560,12:11:09.560,AVAAI/USDT:USDT,0.03499,3103.0,0.03498,1389.0,0.03505,5.0,0.03506,300.0
1753531870363,12:11:10.363,AVAAI/USDT:USDT,0.03499,3103.0,0.03498,1389.0,0.03505,5.0,0.03506,300.0
1753531872956,12:11:12.956,AVAAI/USDT:USDT,0.03501,340.0,0.03499,3073.0,0.03505,5.0,0.03506,300.0
1753531873290,12:11:13.290,AVAAI/USDT:USDT,0.03502,1389.0,0.03501,3133.0,0.03505,5.0,0.03506,20.0
1753531873406,12:11:13.406,AVAAI/USDT:USDT,0.03502,1389.0,0.03501,3133.0,0.03505,5.0,0.03509,4202.0
1753531873478,12:11:13.478,AVAAI/USDT:USDT,0.03502,1389.0,0.03501,3133.0,0.03505,5.0,0.03509,4202.0
1753531873611,12:11:13.611,AVAAI/USDT:USDT,0.03502,1389.0,0.03501,3133.0,0.03505,5.0,0.03508,280.0
1753531874405,12:11:14.405,AVAAI/USDT:USDT,0.03502,1389.0,0.03501,3133.0,0.03505,5.0,0.03508,280.0
1753531874685,12:11:14.685,AVAAI/USDT:USDT,0.03502,1389.0,0.03501,3133.0,0.03505,5.0,0.03508,280.0
1753531874818,12:11:14.818,AVAAI/USDT:USDT,0.03502,1389.0,0.03501,3133.0,0.03505,5.0,0.03508,280.0
1753531879112,12:11:19.112,AVAAI/USDT:USDT,0.03501,1729.0,0.035,1389.0,0.03505,35.0,0.03508,280.0
1753531880457,12:11:20.457,AVAAI/USDT:USDT,0.03501,1729.0,0.035,1389.0,0.03505,35.0,0.03508,280.0
1753531880821,12:11:20.821,AVAAI/USDT:USDT,0.03501,1729.0,0.035,1886.0,0.03505,35.0,0.03508,280.0
1753531887785,12:11:27.785,AVAAI/USDT:USDT,0.03502,280.0,0.03501,1449.0,0.03505,5.0,0.03508,280.0
1753531887905,12:11:27.905,AVAAI/USDT:USDT,0.03502,280.0,0.03501,4242.0,0.03505,5.0,0.03508,280.0
1753531887968,12:11:27.968,AVAAI/USDT:USDT,0.03502,280.0,0.03501,4242.0,0.03505,5.0,0.03508,280.0
1753531888575,12:11:28.575,AVAAI/USDT:USDT,0.03502,280.0,0.03501,4242.0,0.03505,5.0,0.03508,280.0
1753531888935,12:11:28.935,AVAAI/USDT:USDT,0.03502,280.0,0.03501,1449.0,0.03505,5.0,0.03508,280.0
1753531891153,12:11:31.153,AVAAI/USDT:USDT,0.03501,1729.0,0.035,1886.0,0.03505,5.0,0.03508,280.0
1753531892531,12:11:32.531,AVAAI/USDT:USDT,0.035,497.0,0.03499,280.0,0.03505,35.0,0.03508,280.0
1753531892563,12:11:32.563,AVAAI/USDT:USDT,0.03499,280.0,0.03498,1389.0,0.03505,35.0,0.03506,280.0
1753531892654,12:11:32.654,AVAAI/USDT:USDT,0.03499,280.0,0.03498,1389.0,0.03505,35.0,0.03506,300.0
1753531892849,12:11:32.849,AVAAI/USDT:USDT,0.03499,3073.0,0.03498,1389.0,0.03505,35.0,0.03506,300.0
1753531893006,12:11:33.006,AVAAI/USDT:USDT,0.03499,280.0,0.03498,1389.0,0.03504,1389.0,0.03505,35.0
1753531893366,12:11:33.366,AVAAI/USDT:USDT,0.03499,3073.0,0.03498,1389.0,0.03504,1389.0,0.03505,35.0
1753531893438,12:11:33.438,AVAAI/USDT:USDT,0.03499,3073.0,0.03498,1389.0,0.03505,35.0,0.03506,300.0
1753531897923,12:11:37.923,AVAAI/USDT:USDT,0.03499,280.0,0.03498,1389.0,0.03505,35.0,0.03506,300.0
1753531897976,12:11:37.976,AVAAI/USDT:USDT,0.03498,1389.0,0.03497,280.0,0.03504,1669.0,0.03505,2828.0
1753531898124,12:11:38.124,AVAAI/USDT:USDT,0.03498,1389.0,0.03497,280.0,0.03504,1689.0,0.03505,2828.0
1753531899307,12:11:39.307,AVAAI/USDT:USDT,0.03498,1389.0,0.03497,280.0,0.03504,1689.0,0.03505,2828.0
1753531901400,12:11:41.400,AVAAI/USDT:USDT,0.03498,1389.0,0.03497,280.0,0.03504,1689.0,0.03505,2828.0
1753531902776,12:11:42.776,AVAAI/USDT:USDT,0.03498,1389.0,0.03497,280.0,0.03504,1689.0,0.03505,2828.0
1753531903078,12:11:43.078,AVAAI/USDT:USDT,0.03498,1389.0,0.03497,280.0,0.03504,1689.0,0.03505,2828.0
1753531904615,12:11:44.615,AVAAI/USDT:USDT,0.03497,280.0,0.03495,4462.0,0.03502,280.0,0.03504,1689.0
1753531904724,12:11:44.724,AVAAI/USDT:USDT,0.03497,280.0,0.03495,4462.0,0.03502,280.0,0.03504,1689.0
1753531904966,12:11:44.966,AVAAI/USDT:USDT,0.03497,280.0,0.03495,4462.0,0.03502,280.0,0.03504,1689.0
1753531905111,12:11:45.111,AVAAI/USDT:USDT,0.03497,280.0,0.03495,4462.0,0.03502,280.0,0.03504,1689.0
1753531905383,12:11:45.383,AVAAI/USDT:USDT,0.03497,280.0,0.03495,4462.0,0.03502,280.0,0.03504,1689.0
1753531906290,12:11:46.290,AVAAI/USDT:USDT,0.03498,1389.0,0.03497,280.0,0.03504,1689.0,0.03505,2798.0
1753531906503,12:11:46.503,AVAAI/USDT:USDT,0.03499,280.0,0.03498,1389.0,0.03504,1689.0,0.03505,2798.0
1753531906603,12:11:46.603,AVAAI/USDT:USDT,0.03499,280.0,0.03498,1389.0,0.03504,1689.0,0.03505,2798.0
1753531906661,12:11:46.661,AVAAI/USDT:USDT,0.03499,280.0,0.03498,1389.0,0.03504,20.0,0.03505,5.0
1753531906742,12:11:46.742,AVAAI/USDT:USDT,0.03499,280.0,0.03498,1389.0,0.03505,5.0,0.03506,1689.0
1753531906931,12:11:46.931,AVAAI/USDT:USDT,0.03499,280.0,0.03498,1389.0,0.03504,1389.0,0.03505,2798.0
1753531906940,12:11:46.940,AVAAI/USDT:USDT,0.03499,280.0,0.03498,1389.0,0.03504,1409.0,0.03505,2798.0
1753531907417,12:11:47.417,AVAAI/USDT:USDT,0.03499,280.0,0.03498,1389.0,0.03504,1409.0,0.03505,2798.0
1753531907556,12:11:47.556,AVAAI/USDT:USDT,0.03499,3073.0,0.03498,1389.0,0.03504,20.0,0.03505,5.0
1753531907641,12:11:47.641,AVAAI/USDT:USDT,0.03499,3073.0,0.03498,1389.0,0.03505,5.0,0.03506,1689.0
1753531907830,12:11:47.830,AVAAI/USDT:USDT,0.03499,280.0,0.03498,1389.0,0.03505,5.0,0.03506,1689.0
1753531908245,12:11:48.245,AVAAI/USDT:USDT,0.03499,280.0,0.03498,1389.0,0.03505,5.0,0.03506,1689.0
1753531909395,12:11:49.395,AVAAI/USDT:USDT,0.03499,3073.0,0.03498,1389.0,0.03505,5.0,0.03506,300.0
1753531909516,12:11:49.516,AVAAI/USDT:USDT,0.03499,280.0,0.03498,1389.0,0.03505,2798.0,0.03506,1689.0
1753531909537,12:11:49.537,AVAAI/USDT:USDT,0.03499,3073.0,0.03498,1389.0,0.03505,5.0,0.03506,1689.0
1753531909959,12:11:49.959,AVAAI/USDT:USDT,0.03499,280.0,0.03498,1389.0,0.03505,5.0,0.03506,1689.0
1753531910970,12:11:50.970,AVAAI/USDT:USDT,0.03499,3073.0,0.03498,1389.0,0.03505,5.0,0.03506,1689.0
1753531911170,12:11:51.170,AVAAI/USDT:USDT,0.03499,3073.0,0.03498,1389.0,0.03505,5.0,0.03506,300.0
1753531911658,12:11:51.658,AVAAI/USDT:USDT,0.03499,3073.0,0.03498,1389.0,0.03505,5.0,0.03506,300.0
1753531912319,12:11:52.319,AVAAI/USDT:USDT,0.03499,3073.0,0.03498,1389.0,0.03505,5.0,0.03506,300.0
1753531917503,12:11:57.503,AVAAI/USDT:USDT,0.03499,3073.0,0.03498,1389.0,0.03505,5.0,0.03506,300.0
1753531919206,12:11:59.206,AVAAI/USDT:USDT,0.03501,340.0,0.035,1389.0,0.03505,5.0,0.03506,300.0
1753531919280,12:11:59.280,AVAAI/USDT:USDT,0.03501,1729.0,0.035,1389.0,0.03505,5.0,0.03506,300.0
1753531919369,12:11:59.369,AVAAI/USDT:USDT,0.03501,1729.0,0.035,1389.0,0.03505,5.0,0.03506,300.0
1753531921686,12:12:01.686,AVAAI/USDT:USDT,0.03501,1729.0,0.035,1389.0,0.03505,5.0,0.03506,300.0
1753531921911,12:12:01.911,AVAAI/USDT:USDT,0.03501,60.0,0.03499,3073.0,0.03505,65.0,0.03506,300.0
1753531921996,12:12:01.996,AVAAI/USDT:USDT,0.03501,60.0,0.03499,3073.0,0.03505,65.0,0.03506,300.0
1753531922352,12:12:02.352,AVAAI/USDT:USDT,0.03501,60.0,0.03499,3073.0,0.03505,65.0,0.03506,300.0
1753531923717,12:12:03.717,AVAAI/USDT:USDT,0.03499,3073.0,0.03498,1389.0,0.03504,1389.0,0.03505,65.0
1753531924033,12:12:04.033,AVAAI/USDT:USDT,0.03504,340.0,0.03503,2793.0,0.0351,1389.0,0.03511,1389.0
1753531924131,12:12:04.131,AVAAI/USDT:USDT,0.03502,60.0,0.03501,3073.0,0.03507,1389.0,0.03508,310.0
1753531924185,12:12:04.185,AVAAI/USDT:USDT,0.03503,2.0,0.03502,60.0,0.03506,299.0,0.03507,1389.0
1753531924425,12:12:04.425,AVAAI/USDT:USDT,0.03503,2.0,0.03502,60.0,0.03506,299.0,0.03507,1389.0
1753531924434,12:12:04.434,AVAAI/USDT:USDT,0.03503,2.0,0.03502,60.0,0.03506,299.0,0.03507,1389.0
1753531925106,12:12:05.106,AVAAI/USDT:USDT,0.03503,2.0,0.03502,60.0,0.03506,19.0,0.03507,1389.0
1753531925210,12:12:05.210,AVAAI/USDT:USDT,0.03503,2.0,0.03502,60.0,0.03506,19.0,0.03507,1389.0
1753531925332,12:12:05.332,AVAAI/USDT:USDT,0.03503,2.0,0.03502,60.0,0.03506,19.0,0.03507,1389.0
1753531925371,12:12:05.371,AVAAI/USDT:USDT,0.03503,2.0,0.03502,60.0,0.03506,299.0,0.03507,1389.0
1753531925612,12:12:05.612,AVAAI/USDT:USDT,0.03503,2.0,0.03502,60.0,0.03506,329.0,0.03507,1449.0
1753531926993,12:12:06.993,AVAAI/USDT:USDT,0.03503,2.0,0.03502,60.0,0.03506,299.0,0.03507,1389.0
1753531927040,12:12:07.040,AVAAI/USDT:USDT,0.03503,2.0,0.03502,60.0,0.03506,19.0,0.03507,1389.0
1753531927395,12:12:07.395,AVAAI/USDT:USDT,0.03503,2.0,0.03502,60.0,0.03506,299.0,0.03507,1389.0
1753531927519,12:12:07.519,AVAAI/USDT:USDT,0.03503,2.0,0.03502,61.0,0.03506,299.0,0.03507,1389.0
1753531928870,12:12:08.870,AVAAI/USDT:USDT,0.03503,2.0,0.03502,61.0,0.03506,359.0,0.03507,1389.0
1753531929314,12:12:09.314,AVAAI/USDT:USDT,0.03503,2.0,0.03502,61.0,0.03506,359.0,0.03507,1389.0
1753531930223,12:12:10.223,AVAAI/USDT:USDT,0.03501,2793.0,0.035,1489.0,0.03506,359.0,0.03507,1389.0
1753531930331,12:12:10.331,AVAAI/USDT:USDT,0.035,1389.0,0.03497,3073.0,0.03504,3088.0,0.03505,766.0
1753531930416,12:12:10.416,AVAAI/USDT:USDT,0.035,1389.0,0.03497,3073.0,0.03504,3118.0,0.03505,766.0
1753531930523,12:12:10.523,AVAAI/USDT:USDT,0.03497,2793.0,0.03495,4462.0,0.03503,19.0,0.03504,3058.0
1753531930632,12:12:10.632,AVAAI/USDT:USDT,0.03497,2793.0,0.03495,4462.0,0.03503,19.0,0.03504,3058.0
1753531930690,12:12:10.690,AVAAI/USDT:USDT,0.03497,2793.0,0.03495,4462.0,0.03503,50.0,0.03504,3088.0
1753531930741,12:12:10.741,AVAAI/USDT:USDT,0.03497,2795.0,0.03495,4462.0,0.03503,51.0,0.03504,3088.0
1753531930923,12:12:10.923,AVAAI/USDT:USDT,0.03497,2793.0,0.03495,4462.0,0.03503,51.0,0.03504,3088.0
1753531930982,12:12:10.982,AVAAI/USDT:USDT,0.03497,2793.0,0.03495,4462.0,0.03503,51.0,0.03504,3088.0
1753531931039,12:12:11.039,AVAAI/USDT:USDT,0.03497,2795.0,0.03495,4462.0,0.03503,51.0,0.03504,3088.0
1753531931304,12:12:11.304,AVAAI/USDT:USDT,0.03497,2855.0,0.03495,4462.0,0.03502,280.0,0.03503,51.0
1753531931335,12:12:11.335,AVAAI/USDT:USDT,0.03497,2853.0,0.03495,4462.0,0.03502,280.0,0.03503,51.0
1753531931719,12:12:11.719,AVAAI/USDT:USDT,0.03497,2853.0,0.03495,4462.0,0.03502,280.0,0.03503,51.0
1753531932510,12:12:12.510,AVAAI/USDT:USDT,0.03497,30.0,0.03495,4462.0,0.03501,1419.0,0.03502,310.0
1753531932584,12:12:12.584,AVAAI/USDT:USDT,0.03495,3073.0,0.03494,1394.0,0.03501,1440.0,0.03502,310.0
1753531932735,12:12:12.735,AVAAI/USDT:USDT,0.03495,3075.0,0.03494,1394.0,0.03501,1440.0,0.03502,310.0
1753531933473,12:12:13.473,AVAAI/USDT:USDT,0.03495,32.0,0.03494,1394.0,0.035,280.0,0.03501,1440.0
1753531933588,12:12:13.588,AVAAI/USDT:USDT,0.03495,312.0,0.03494,1394.0,0.035,280.0,0.03501,1440.0
1753531933636,12:12:13.636,AVAAI/USDT:USDT,0.03495,310.0,0.03494,1394.0,0.035,280.0,0.03501,1440.0
1753531933738,12:12:13.738,AVAAI/USDT:USDT,0.03495,310.0,0.03494,1394.0,0.035,280.0,0.03501,1440.0
1753531933939,12:12:13.939,AVAAI/USDT:USDT,0.03495,3103.0,0.03494,1394.0,0.035,280.0,0.03501,1440.0
1753531934571,12:12:14.571,AVAAI/USDT:USDT,0.03495,3133.0,0.03494,1394.0,0.035,280.0,0.03501,1440.0
1753531934746,12:12:14.746,AVAAI/USDT:USDT,0.03495,3133.0,0.03494,1394.0,0.035,280.0,0.03501,1440.0
1753531935441,12:12:15.441,AVAAI/USDT:USDT,0.03495,3133.0,0.03494,1394.0,0.03501,1440.0,0.03502,310.0
1753531935635,12:12:15.635,AVAAI/USDT:USDT,0.03495,3135.0,0.03494,1394.0,0.03501,1440.0,0.03502,310.0
1753531935734,12:12:15.734,AVAAI/USDT:USDT,0.03495,3133.0,0.03494,1394.0,0.03501,1440.0,0.03502,310.0
1753531936134,12:12:16.134,AVAAI/USDT:USDT,0.03495,3135.0,0.03494,1394.0,0.03501,1440.0,0.03502,310.0
1753531936333,12:12:16.333,AVAAI/USDT:USDT,0.03495,3135.0,0.03494,1394.0,0.03501,1440.0,0.03502,310.0
1753531936440,12:12:16.440,AVAAI/USDT:USDT,0.03495,3133.0,0.03494,1394.0,0.03501,1440.0,0.03502,310.0
1753531936574,12:12:16.574,AVAAI/USDT:USDT,0.03495,3133.0,0.03494,1394.0,0.03501,1440.0,0.03502,310.0
1753531938348,12:12:18.348,AVAAI/USDT:USDT,0.03495,3133.0,0.03494,1394.0,0.03501,1440.0,0.03502,310.0
1753531938931,12:12:18.931,AVAAI/USDT:USDT,0.03495,3133.0,0.03494,1394.0,0.035,280.0,0.03501,1440.0
1753531939025,12:12:19.025,AVAAI/USDT:USDT,0.03495,340.0,0.03494,1394.0,0.035,280.0,0.03501,1440.0
1753531939110,12:12:19.110,AVAAI/USDT:USDT,0.03495,342.0,0.03494,2798.0,0.035,280.0,0.03501,1440.0
1753531939135,12:12:19.135,AVAAI/USDT:USDT,0.03495,340.0,0.03494,2798.0,0.035,280.0,0.03501,1440.0
1753531939636,12:12:19.636,AVAAI/USDT:USDT,0.03495,342.0,0.03494,2798.0,0.035,280.0,0.03501,1440.0
1753531939735,12:12:19.735,AVAAI/USDT:USDT,0.03495,340.0,0.03494,2798.0,0.035,280.0,0.03501,1440.0
1753531939835,12:12:19.835,AVAAI/USDT:USDT,0.03495,342.0,0.03494,2798.0,0.035,280.0,0.03501,1440.0
1753531940036,12:12:20.036,AVAAI/USDT:USDT,0.03495,340.0,0.03494,2798.0,0.035,280.0,0.03501,1440.0
1753531940671,12:12:20.671,AVAAI/USDT:USDT,0.03495,1729.0,0.03494,2798.0,0.03501,1440.0,0.03502,310.0
1753531941059,12:12:21.059,AVAAI/USDT:USDT,0.03495,1729.0,0.03494,2798.0,0.03501,1440.0,0.03502,310.0
1753531941420,12:12:21.420,AVAAI/USDT:USDT,0.03495,1729.0,0.03494,2798.0,0.03501,1440.0,0.03502,310.0
1753531942063,12:12:22.063,AVAAI/USDT:USDT,0.03495,1729.0,0.03494,2798.0,0.03501,1440.0,0.03502,310.0
1753531942631,12:12:22.631,AVAAI/USDT:USDT,0.03495,1729.0,0.03494,2798.0,0.03501,1410.0,0.03502,280.0
1753531943644,12:12:23.644,AVAAI/USDT:USDT,0.03495,3118.0,0.03494,2798.0,0.03501,1410.0,0.03502,280.0
1753531943841,12:12:23.841,AVAAI/USDT:USDT,0.03495,3118.0,0.03494,2798.0,0.03501,1410.0,0.03502,280.0
1753531944270,12:12:24.270,AVAAI/USDT:USDT,0.03497,340.0,0.03496,2793.0,0.03501,1410.0,0.03502,280.0
1753531944355,12:12:24.355,AVAAI/USDT:USDT,0.03497,340.0,0.03496,2793.0,0.03501,1410.0,0.03503,2793.0
1753531944445,12:12:24.445,AVAAI/USDT:USDT,0.03497,340.0,0.03496,2793.0,0.03501,1389.0,0.03502,21.0
1753531944884,12:12:24.884,AVAAI/USDT:USDT,0.03497,340.0,0.03496,2793.0,0.03502,21.0,0.03504,3058.0
1753531944943,12:12:24.943,AVAAI/USDT:USDT,0.03497,340.0,0.03496,2793.0,0.03503,21.0,0.03504,3058.0
1753531945656,12:12:25.656,AVAAI/USDT:USDT,0.03497,340.0,0.03496,2793.0,0.03503,21.0,0.03504,1669.0
1753531946310,12:12:26.310,AVAAI/USDT:USDT,0.03499,340.0,0.03497,280.0,0.03503,21.0,0.03504,1669.0
1753531947758,12:12:27.758,AVAAI/USDT:USDT,0.03497,280.0,0.03496,2793.0,0.03503,1470.0,0.03504,1669.0
1753531947921,12:12:27.921,AVAAI/USDT:USDT,0.03497,280.0,0.03496,2793.0,0.03503,1470.0,0.03504,1669.0
1753531948341,12:12:28.341,AVAAI/USDT:USDT,0.03497,280.0,0.03496,2793.0,0.03503,1470.0,0.03504,1669.0
1753531951069,12:12:31.069,AVAAI/USDT:USDT,0.03497,280.0,0.03496,2793.0,0.03502,280.0,0.03503,1470.0
1753531951361,12:12:31.361,AVAAI/USDT:USDT,0.03497,280.0,0.03496,2793.0,0.03502,280.0,0.03503,1470.0
1753531952231,12:12:32.231,AVAAI/USDT:USDT,0.03496,2793.0,0.03495,3058.0,0.03501,1389.0,0.03502,280.0
1753531952273,12:12:32.273,AVAAI/USDT:USDT,0.03495,1669.0,0.03494,2798.0,0.03501,1410.0,0.03502,280.0
1753531952434,12:12:32.434,AVAAI/USDT:USDT,0.03495,1671.0,0.03494,2798.0,0.03501,1410.0,0.03502,280.0
1753531952739,12:12:32.739,AVAAI/USDT:USDT,0.03495,1671.0,0.03494,2798.0,0.03501,1410.0,0.03502,280.0
1753531952892,12:12:32.892,AVAAI/USDT:USDT,0.03495,3060.0,0.03494,2798.0,0.03501,1410.0,0.03502,280.0
1753531953191,12:12:33.191,AVAAI/USDT:USDT,0.03495,3060.0,0.03494,2798.0,0.03501,1410.0,0.03502,280.0
1753531953470,12:12:33.470,AVAAI/USDT:USDT,0.03495,1671.0,0.03494,2798.0,0.03501,1410.0,0.03502,280.0
1753531953611,12:12:33.611,AVAAI/USDT:USDT,0.03495,282.0,0.03494,2798.0,0.035,280.0,0.03501,1410.0
1753531953736,12:12:33.736,AVAAI/USDT:USDT,0.03495,280.0,0.03494,2798.0,0.035,280.0,0.03501,1410.0
1753531954030,12:12:34.030,AVAAI/USDT:USDT,0.03495,280.0,0.03494,2798.0,0.035,280.0,0.03501,1410.0
1753531954446,12:12:34.446,AVAAI/USDT:USDT,0.03495,280.0,0.03494,2798.0,0.035,280.0,0.03501,1410.0
1753531955739,12:12:35.739,AVAAI/USDT:USDT,0.03495,1669.0,0.03494,2798.0,0.03501,1410.0,0.03502,280.0
1753531955953,12:12:35.953,AVAAI/USDT:USDT,0.03495,1671.0,0.03494,2798.0,0.03501,1410.0,0.03502,280.0
1753531956467,12:12:36.467,AVAAI/USDT:USDT,0.03495,1671.0,0.03494,2798.0,0.03501,1410.0,0.03502,280.0
1753531956940,12:12:36.940,AVAAI/USDT:USDT,0.03495,1669.0,0.03494,2798.0,0.03501,1410.0,0.03502,280.0
1753531957035,12:12:37.035,AVAAI/USDT:USDT,0.03495,1671.0,0.03494,2798.0,0.03501,1410.0,0.03502,280.0
1753531957334,12:12:37.334,AVAAI/USDT:USDT,0.03495,1669.0,0.03494,2798.0,0.03501,1410.0,0.03502,280.0
1753531957435,12:12:37.435,AVAAI/USDT:USDT,0.03495,1671.0,0.03494,2798.0,0.03501,1410.0,0.03502,280.0
1753531957635,12:12:37.635,AVAAI/USDT:USDT,0.03495,1669.0,0.03494,2798.0,0.03501,1410.0,0.03502,280.0
1753531957835,12:12:37.835,AVAAI/USDT:USDT,0.03495,1671.0,0.03494,2798.0,0.03501,1410.0,0.03502,280.0
1753531958234,12:12:38.234,AVAAI/USDT:USDT,0.03495,1669.0,0.03494,2798.0,0.03501,1410.0,0.03502,280.0
1753531958430,12:12:38.430,AVAAI/USDT:USDT,0.03495,280.0,0.03494,2798.0,0.035,280.0,0.03501,1410.0
1753531958490,12:12:38.490,AVAAI/USDT:USDT,0.03495,280.0,0.03494,2798.0,0.035,280.0,0.03501,1410.0
1753531958945,12:12:38.945,AVAAI/USDT:USDT,0.03495,280.0,0.03494,2798.0,0.035,280.0,0.03501,1410.0
1753531960396,12:12:40.396,AVAAI/USDT:USDT,0.03495,1669.0,0.03494,2798.0,0.035,280.0,0.03501,1410.0
1753531961731,12:12:41.731,AVAAI/USDT:USDT,0.03495,1669.0,0.03494,2798.0,0.035,280.0,0.03501,1410.0
1753531962258,12:12:42.258,AVAAI/USDT:USDT,0.03495,1669.0,0.03494,2798.0,0.035,280.0,0.03501,1410.0
1753531963142,12:12:43.142,AVAAI/USDT:USDT,0.03495,1671.0,0.03494,2798.0,0.035,280.0,0.03501,1410.0
1753531963534,12:12:43.534,AVAAI/USDT:USDT,0.03495,1669.0,0.03494,2798.0,0.035,280.0,0.03501,1410.0
1753531964104,12:12:44.104,AVAAI/USDT:USDT,0.03495,1669.0,0.03494,2798.0,0.03501,1410.0,0.03502,280.0
1753531964234,12:12:44.234,AVAAI/USDT:USDT,0.03495,1671.0,0.03494,2798.0,0.03501,1410.0,0.03502,280.0
1753531964373,12:12:44.373,AVAAI/USDT:USDT,0.03495,1671.0,0.03494,2798.0,0.03501,1410.0,0.03502,280.0
1753531965235,12:12:45.235,AVAAI/USDT:USDT,0.03495,1669.0,0.03494,2798.0,0.03501,1410.0,0.03502,280.0
1753531965594,12:12:45.594,AVAAI/USDT:USDT,0.03495,1669.0,0.03494,2798.0,0.03501,274.0,0.03502,280.0
1753531965794,12:12:45.794,AVAAI/USDT:USDT,0.03495,1669.0,0.03494,2798.0,0.03501,253.0,0.03502,301.0
1753531967264,12:12:47.264,AVAAI/USDT:USDT,0.03495,3058.0,0.03494,2798.0,0.03501,253.0,0.03502,301.0
1753531968025,12:12:48.025,AVAAI/USDT:USDT,0.03495,1669.0,0.03494,2798.0,0.03501,1389.0,0.03502,3094.0
1753531968133,12:12:48.133,AVAAI/USDT:USDT,0.03495,3060.0,0.03494,2798.0,0.035,21.0,0.03501,1389.0
1753531969432,12:12:49.432,AVAAI/USDT:USDT,0.03495,3058.0,0.03494,2798.0,0.035,21.0,0.03501,1389.0
1753531969745,12:12:49.745,AVAAI/USDT:USDT,0.03495,3058.0,0.03494,2798.0,0.035,21.0,0.03501,1389.0
1753531970836,12:12:50.836,AVAAI/USDT:USDT,0.03495,3060.0,0.03494,2798.0,0.035,21.0,0.03501,1389.0
1753531970946,12:12:50.946,AVAAI/USDT:USDT,0.03495,3058.0,0.03494,2798.0,0.035,21.0,0.03501,1389.0
1753531971037,12:12:51.037,AVAAI/USDT:USDT,0.03495,3060.0,0.03494,2798.0,0.035,21.0,0.03501,1389.0
1753531972356,12:12:52.356,AVAAI/USDT:USDT,0.03495,3058.0,0.03494,2798.0,0.035,21.0,0.03501,1389.0
1753531973134,12:12:53.134,AVAAI/USDT:USDT,0.03495,3060.0,0.03494,2798.0,0.035,21.0,0.03501,1389.0
1753531973635,12:12:53.635,AVAAI/USDT:USDT,0.03495,3058.0,0.03494,2798.0,0.035,21.0,0.03501,1389.0
1753531975052,12:12:55.052,AVAAI/USDT:USDT,0.03495,3060.0,0.03494,2798.0,0.035,21.0,0.03501,1389.0
1753531975234,12:12:55.234,AVAAI/USDT:USDT,0.03495,3058.0,0.03494,2798.0,0.035,21.0,0.03501,1389.0
1753531976135,12:12:56.135,AVAAI/USDT:USDT,0.03495,3060.0,0.03494,2798.0,0.035,21.0,0.03501,1389.0
1753531976234,12:12:56.234,AVAAI/USDT:USDT,0.03495,3058.0,0.03494,2798.0,0.035,21.0,0.03501,1389.0
1753531976434,12:12:56.434,AVAAI/USDT:USDT,0.03495,3060.0,0.03494,2798.0,0.035,21.0,0.03501,1389.0
1753531976632,12:12:56.632,AVAAI/USDT:USDT,0.03495,3058.0,0.03494,2798.0,0.035,21.0,0.03501,1389.0
1753531977385,12:12:57.385,AVAAI/USDT:USDT,0.03495,3058.0,0.03494,2798.0,0.035,21.0,0.03501,1389.0
1753531977796,12:12:57.796,AVAAI/USDT:USDT,0.03495,3058.0,0.03494,2798.0,0.035,21.0,0.03501,1389.0
1753531978422,12:12:58.422,AVAAI/USDT:USDT,0.03497,340.0,0.03495,3058.0,0.035,21.0,0.03502,3073.0
1753531978440,12:12:58.440,AVAAI/USDT:USDT,0.03497,340.0,0.03495,3058.0,0.03501,21.0,0.03502,3073.0
1753531979316,12:12:59.316,AVAAI/USDT:USDT,0.03497,340.0,0.03496,2793.0,0.03501,51.0,0.03502,280.0
1753531979341,12:12:59.341,AVAAI/USDT:USDT,0.03497,340.0,0.03496,2793.0,0.03501,30.0,0.03502,301.0
1753531980369,12:13:00.369,AVAAI/USDT:USDT,0.03497,340.0,0.03496,2793.0,0.03502,301.0,0.03503,4182.0
1753531980611,12:13:00.611,AVAAI/USDT:USDT,0.03497,340.0,0.03496,2793.0,0.03502,301.0,0.03503,4182.0
1753531982379,12:13:02.379,AVAAI/USDT:USDT,0.03497,340.0,0.03496,2793.0,0.03502,301.0,0.03503,4182.0
1753531984431,12:13:04.431,AVAAI/USDT:USDT,0.03499,340.0,0.03498,2793.0,0.03502,21.0,0.03504,280.0
1753531984457,12:13:04.457,AVAAI/USDT:USDT,0.03499,340.0,0.03498,2793.0,0.03505,21.0,0.03506,3073.0
1753531984540,12:13:04.540,AVAAI/USDT:USDT,0.03499,340.0,0.03498,2793.0,0.03505,44.0,0.03506,3073.0
1753531984802,12:13:04.802,AVAAI/USDT:USDT,0.03499,1729.0,0.03498,2793.0,0.03505,44.0,0.03506,3073.0
1753531985043,12:13:05.043,AVAAI/USDT:USDT,0.03499,1729.0,0.03498,2793.0,0.03505,44.0,0.03506,3073.0
1753531985595,12:13:05.595,AVAAI/USDT:USDT,0.03499,1729.0,0.03498,2793.0,0.03505,21.0,0.03506,3073.0
1753531986420,12:13:06.420,AVAAI/USDT:USDT,0.03499,340.0,0.03498,2793.0,0.03504,280.0,0.03505,21.0
1753531987462,12:13:07.462,AVAAI/USDT:USDT,0.03499,340.0,0.03498,2793.0,0.03504,280.0,0.03505,21.0
1753531987885,12:13:07.885,AVAAI/USDT:USDT,0.03499,340.0,0.03498,2793.0,0.03504,280.0,0.03505,21.0
1753531990414,12:13:10.414,AVAAI/USDT:USDT,0.03499,1729.0,0.03498,2793.0,0.03504,280.0,0.03505,21.0
1753531990516,12:13:10.516,AVAAI/USDT:USDT,0.03499,1729.0,0.03498,2793.0,0.03505,21.0,0.03506,3073.0
1753531990717,12:13:10.717,AVAAI/USDT:USDT,0.03499,1729.0,0.03498,2793.0,0.03505,21.0,0.03506,3073.0
1753531991533,12:13:11.533,AVAAI/USDT:USDT,0.03499,1729.0,0.03498,2793.0,0.03505,21.0,0.03506,3073.0
1753531992364,12:13:12.364,AVAAI/USDT:USDT,0.03499,1729.0,0.03498,2793.0,0.03505,21.0,0.03506,3073.0
1753531993594,12:13:13.594,AVAAI/USDT:USDT,0.03499,1729.0,0.03498,2793.0,0.03505,21.0,0.03506,280.0
1753531993675,12:13:13.675,AVAAI/USDT:USDT,0.03499,1729.0,0.03498,2793.0,0.03506,301.0,0.03507,1389.0
1753531993739,12:13:13.739,AVAAI/USDT:USDT,0.03499,1729.0,0.03498,2793.0,0.03506,280.0,0.03507,1389.0
1753531993842,12:13:13.842,AVAAI/USDT:USDT,0.03499,1729.0,0.03498,2793.0,0.03506,301.0,0.03507,1389.0
1753531994026,12:13:14.026,AVAAI/USDT:USDT,0.03499,1729.0,0.03498,2793.0,0.03506,3094.0,0.03507,1389.0
1753531994354,12:13:14.354,AVAAI/USDT:USDT,0.03499,1729.0,0.03498,2793.0,0.03506,3094.0,0.03507,1389.0
1753531996848,12:13:16.848,AVAAI/USDT:USDT,0.03499,1729.0,0.03498,2793.0,0.03504,280.0,0.03506,3094.0
1753531997177,12:13:17.177,AVAAI/USDT:USDT,0.03499,1729.0,0.03498,2793.0,0.03504,280.0,0.03506,3094.0
1753531997591,12:13:17.591,AVAAI/USDT:USDT,0.03499,1729.0,0.03498,2793.0,0.03504,280.0,0.03506,3094.0
1753531998874,12:13:18.874,AVAAI/USDT:USDT,0.03499,1729.0,0.03498,2793.0,0.03504,280.0,0.03506,3094.0
1753531999123,12:13:19.123,AVAAI/USDT:USDT,0.03499,1729.0,0.03498,2793.0,0.03506,3094.0,0.03507,1389.0
1753531999212,12:13:19.212,AVAAI/USDT:USDT,0.03499,1729.0,0.03498,2793.0,0.03506,3094.0,0.03507,1389.0
1753531999630,12:13:19.630,AVAAI/USDT:USDT,0.03499,1729.0,0.03498,2793.0,0.03506,3094.0,0.03507,1389.0
1753532000446,12:13:20.446,AVAAI/USDT:USDT,0.03499,1729.0,0.03498,2793.0,0.03504,280.0,0.03506,3094.0
1753532000923,12:13:20.923,AVAAI/USDT:USDT,0.03499,30.0,0.03498,1389.0,0.03504,280.0,0.03506,3094.0
1753532000981,12:13:20.981,AVAAI/USDT:USDT,0.03499,30.0,0.03498,1389.0,0.03504,280.0,0.03506,3094.0
1753532001262,12:13:21.262,AVAAI/USDT:USDT,0.03499,30.0,0.03498,1389.0,0.03504,280.0,0.03506,3094.0
1753532001431,12:13:21.431,AVAAI/USDT:USDT,0.03499,310.0,0.03498,1389.0,0.03504,280.0,0.03506,3094.0
1753532001677,12:13:21.677,AVAAI/USDT:USDT,0.03499,310.0,0.03498,1389.0,0.03504,280.0,0.03506,3094.0
1753532002090,12:13:22.090,AVAAI/USDT:USDT,0.03499,310.0,0.03498,1389.0,0.03504,280.0,0.03506,3094.0
1753532002858,12:13:22.858,AVAAI/USDT:USDT,0.03499,310.0,0.03498,1389.0,0.03504,280.0,0.03506,3094.0
1753532003296,12:13:23.296,AVAAI/USDT:USDT,0.03499,30.0,0.03498,1389.0,0.03504,3058.0,0.03505,737.0
1753532003413,12:13:23.413,AVAAI/USDT:USDT,0.03497,280.0,0.03496,2793.0,0.03503,21.0,0.03504,3058.0
1753532003463,12:13:23.463,AVAAI/USDT:USDT,0.03497,280.0,0.03496,2793.0,0.03502,280.0,0.03503,21.0
1753532003707,12:13:23.707,AVAAI/USDT:USDT,0.03497,280.0,0.03496,2793.0,0.03502,280.0,0.03503,21.0
1753532004095,12:13:24.095,AVAAI/USDT:USDT,0.03496,2793.0,0.03495,3058.0,0.03502,280.0,0.03503,2814.0
1753532005292,12:13:25.292,AVAAI/USDT:USDT,0.03497,280.0,0.03496,2793.0,0.03502,280.0,0.03503,2814.0
1753532006326,12:13:26.326,AVAAI/USDT:USDT,0.03497,280.0,0.03496,2793.0,0.03502,280.0,0.03503,21.0
1753532007341,12:13:27.341,AVAAI/USDT:USDT,0.03497,280.0,0.03496,2793.0,0.03502,280.0,0.03503,2814.0
1753532008356,12:13:28.356,AVAAI/USDT:USDT,0.03497,280.0,0.03496,2793.0,0.03502,280.0,0.03503,21.0
1753532011040,12:13:31.040,AVAAI/USDT:USDT,0.03497,280.0,0.03496,2793.0,0.03502,280.0,0.03503,2814.0
1753532011403,12:13:31.403,AVAAI/USDT:USDT,0.03495,3058.0,0.03494,2798.0,0.03501,1389.0,0.03502,280.0
1753532011517,12:13:31.517,AVAAI/USDT:USDT,0.03495,3058.0,0.03494,2798.0,0.035,21.0,0.03501,1389.0
1753532011631,12:13:31.631,AVAAI/USDT:USDT,0.03495,280.0,0.03494,2798.0,0.035,301.0,0.03501,1389.0
1753532011662,12:13:31.662,AVAAI/USDT:USDT,0.03494,2798.0,0.03493,1013.0,0.035,301.0,0.03501,1389.0
1753532012003,12:13:32.003,AVAAI/USDT:USDT,0.03494,2798.0,0.03493,1013.0,0.035,301.0,0.03501,1389.0
1753532012089,12:13:32.089,AVAAI/USDT:USDT,0.03494,2798.0,0.03493,1013.0,0.035,301.0,0.03501,1389.0
1753532012485,12:13:32.485,AVAAI/USDT:USDT,0.03494,2798.0,0.03493,1013.0,0.035,301.0,0.03501,1389.0
1753532014018,12:13:34.018,AVAAI/USDT:USDT,0.03495,280.0,0.03494,2798.0,0.035,301.0,0.03501,1389.0
1753532014575,12:13:34.575,AVAAI/USDT:USDT,0.03495,280.0,0.03494,2798.0,0.035,301.0,0.03501,1389.0
1753532016319,12:13:36.319,AVAAI/USDT:USDT,0.03495,3058.0,0.03494,2798.0,0.035,21.0,0.03501,1389.0
1753532016425,12:13:36.425,AVAAI/USDT:USDT,0.03495,3058.0,0.03494,2798.0,0.035,21.0,0.03501,1389.0
1753532016521,12:13:36.521,AVAAI/USDT:USDT,0.03495,3058.0,0.03494,2798.0,0.035,21.0,0.03502,1027.0
1753532016705,12:13:36.705,AVAAI/USDT:USDT,0.03495,3058.0,0.03494,2798.0,0.03501,21.0,0.03502,280.0
1753532016740,12:13:36.740,AVAAI/USDT:USDT,0.03495,3058.0,0.03494,2798.0,0.03502,301.0,0.03503,2793.0
1753532017403,12:13:37.403,AVAAI/USDT:USDT,0.03495,3058.0,0.03494,2798.0,0.03502,301.0,0.03503,2793.0
1753532017717,12:13:37.717,AVAAI/USDT:USDT,0.03497,280.0,0.03496,3540.0,0.03502,301.0,0.03503,2793.0
1753532017742,12:13:37.742,AVAAI/USDT:USDT,0.03497,280.0,0.03496,3540.0,0.03502,324.0,0.03503,2793.0
1753532018102,12:13:38.102,AVAAI/USDT:USDT,0.03497,1027.0,0.03496,3540.0,0.03502,44.0,0.03504,3058.0
1753532018143,12:13:38.143,AVAAI/USDT:USDT,0.03497,1027.0,0.03496,3540.0,0.03502,23.0,0.03503,21.0
1753532018780,12:13:38.780,AVAAI/USDT:USDT,0.03497,1027.0,0.03496,3540.0,0.03503,21.0,0.03504,3058.0
1753532019420,12:13:39.420,AVAAI/USDT:USDT,0.03497,1027.0,0.03496,3540.0,0.03503,21.0,0.03504,3058.0
1753532019745,12:13:39.745,AVAAI/USDT:USDT,0.03498,747.0,0.03497,1027.0,0.03503,21.0,0.03504,3058.0
1753532020364,12:13:40.364,AVAAI/USDT:USDT,0.03498,747.0,0.03497,1027.0,0.03503,21.0,0.03504,3058.0
1753532022068,12:13:42.068,AVAAI/USDT:USDT,0.03498,747.0,0.03497,1027.0,0.03503,21.0,0.03504,3058.0
1753532025123,12:13:45.123,AVAAI/USDT:USDT,0.03499,340.0,0.03498,2136.0,0.03503,21.0,0.03504,3058.0
1753532025290,12:13:45.290,AVAAI/USDT:USDT,0.03499,340.0,0.03498,2136.0,0.03503,21.0,0.03504,1669.0
1753532025459,12:13:45.459,AVAAI/USDT:USDT,0.03499,340.0,0.03498,2136.0,0.03503,21.0,0.03504,1669.0
1753532029444,12:13:49.444,AVAAI/USDT:USDT,0.03499,340.0,0.03498,2136.0,0.03503,21.0,0.03504,1669.0
1753532033187,12:13:53.187,AVAAI/USDT:USDT,0.03499,340.0,0.03498,2136.0,0.03503,21.0,0.03504,1669.0
1753532035433,12:13:55.433,AVAAI/USDT:USDT,0.03499,3133.0,0.03498,2136.0,0.03503,21.0,0.03506,3073.0
1753532035532,12:13:55.532,AVAAI/USDT:USDT,0.03499,3866.0,0.03498,2136.0,0.03505,21.0,0.03506,3073.0
1753532035881,12:13:55.881,AVAAI/USDT:USDT,0.035,733.0,0.03499,3866.0,0.03505,21.0,0.03506,280.0
1753532035940,12:13:55.940,AVAAI/USDT:USDT,0.035,733.0,0.03499,3866.0,0.03506,301.0,0.03507,2126.0
1753532036226,12:13:56.226,AVAAI/USDT:USDT,0.035,733.0,0.03499,3866.0,0.03506,3094.0,0.03507,2126.0
1753532036742,12:13:56.742,AVAAI/USDT:USDT,0.035,733.0,0.03499,3866.0,0.03506,3094.0,0.03507,2126.0
1753532036942,12:13:56.942,AVAAI/USDT:USDT,0.03499,3866.0,0.03498,2136.0,0.03504,280.0,0.03506,3094.0
1753532037068,12:13:57.068,AVAAI/USDT:USDT,0.03499,3866.0,0.03498,2136.0,0.03504,310.0,0.03506,3094.0
1753532038044,12:13:58.044,AVAAI/USDT:USDT,0.03499,3836.0,0.03498,2136.0,0.03504,310.0,0.03506,3094.0
1753532038359,12:13:58.359,AVAAI/USDT:USDT,0.03499,3836.0,0.03498,2136.0,0.03504,310.0,0.03506,3094.0
1753532038966,12:13:58.966,AVAAI/USDT:USDT,0.03499,1043.0,0.03498,2136.0,0.03504,310.0,0.03506,3094.0
1753532040432,12:14:00.432,AVAAI/USDT:USDT,0.03499,30.0,0.03498,2136.0,0.03504,3088.0,0.03505,733.0
1753532040445,12:14:00.445,AVAAI/USDT:USDT,0.03497,1027.0,0.03496,3540.0,0.03503,21.0,0.03504,3088.0
1753532040788,12:14:00.788,AVAAI/USDT:USDT,0.03497,1027.0,0.03496,3540.0,0.03503,21.0,0.03504,3088.0
1753532041216,12:14:01.216,AVAAI/USDT:USDT,0.03499,1729.0,0.03498,748.0,0.03503,21.0,0.03505,733.0
1753532041257,12:14:01.257,AVAAI/USDT:USDT,0.03499,1729.0,0.03498,748.0,0.03504,21.0,0.03506,3073.0
1753532041370,12:14:01.370,AVAAI/USDT:USDT,0.03499,1729.0,0.03498,748.0,0.03505,21.0,0.03506,3073.0
1753532042133,12:14:02.133,AVAAI/USDT:USDT,0.03499,1729.0,0.03498,748.0,0.03504,280.0,0.03505,21.0
1753532042140,12:14:02.140,AVAAI/USDT:USDT,0.03499,1729.0,0.03498,748.0,0.03504,280.0,0.03505,21.0
1753532042406,12:14:02.406,AVAAI/USDT:USDT,0.03499,1729.0,0.03498,748.0,0.03504,280.0,0.03505,21.0
1753532042698,12:14:02.698,AVAAI/USDT:USDT,0.03499,1729.0,0.03498,748.0,0.03504,280.0,0.03505,21.0
1753532042922,12:14:02.922,AVAAI/USDT:USDT,0.03499,1729.0,0.03498,748.0,0.03504,310.0,0.03505,21.0
1753532043257,12:14:03.257,AVAAI/USDT:USDT,0.03499,1729.0,0.03498,748.0,0.03504,310.0,0.03505,21.0
1753532044750,12:14:04.750,AVAAI/USDT:USDT,0.03499,1729.0,0.03498,748.0,0.03504,310.0,0.03505,769.0
1753532046184,12:14:06.184,AVAAI/USDT:USDT,0.03499,1729.0,0.03498,748.0,0.03504,310.0,0.03505,769.0
1753532046487,12:14:06.487,AVAAI/USDT:USDT,0.03499,1729.0,0.03498,748.0,0.03504,310.0,0.03505,769.0
1753532047246,12:14:07.246,AVAAI/USDT:USDT,0.03499,1699.0,0.03498,748.0,0.03504,1699.0,0.03505,769.0
1753532047373,12:14:07.373,AVAAI/USDT:USDT,0.03499,1699.0,0.03498,748.0,0.03503,51.0,0.03504,1699.0
1753532047708,12:14:07.708,AVAAI/USDT:USDT,0.03499,1699.0,0.03498,748.0,0.03503,51.0,0.03504,1699.0
1753532047769,12:14:07.769,AVAAI/USDT:USDT,0.03499,1729.0,0.03498,748.0,0.03503,51.0,0.03504,1699.0
1753532049491,12:14:09.491,AVAAI/USDT:USDT,0.03499,1729.0,0.03498,748.0,0.03503,51.0,0.03504,310.0
1753532049540,12:14:09.540,AVAAI/USDT:USDT,0.03499,1729.0,0.03498,748.0,0.03503,30.0,0.03504,331.0
1753532053586,12:14:13.586,AVAAI/USDT:USDT,0.03499,1729.0,0.03498,748.0,0.03504,21.0,0.03506,3073.0
1753532053642,12:14:13.642,AVAAI/USDT:USDT,0.03499,1729.0,0.03498,748.0,0.03505,21.0,0.03506,3073.0
1753532054556,12:14:14.556,AVAAI/USDT:USDT,0.03499,1729.0,0.03498,748.0,0.03505,21.0,0.03506,3073.0
1753532054845,12:14:14.845,AVAAI/USDT:USDT,0.03499,1729.0,0.03498,748.0,0.03504,280.0,0.03505,21.0
1753532061433,12:14:21.433,AVAAI/USDT:USDT,0.03499,1729.0,0.03498,748.0,0.03505,21.0,0.03506,3073.0
1753532061485,12:14:21.485,AVAAI/USDT:USDT,0.035,755.0,0.03499,1729.0,0.03505,21.0,0.03506,3073.0
1753532061717,12:14:21.717,AVAAI/USDT:USDT,0.035,755.0,0.03499,1729.0,0.03505,21.0,0.03506,3073.0
1753532061788,12:14:21.788,AVAAI/USDT:USDT,0.035,755.0,0.03499,1729.0,0.03505,21.0,0.03506,3073.0
1753532062603,12:14:22.603,AVAAI/USDT:USDT,0.035,755.0,0.03499,1729.0,0.03505,21.0,0.03506,3073.0
1753532063024,12:14:23.024,AVAAI/USDT:USDT,0.035,755.0,0.03499,1729.0,0.03505,21.0,0.03506,3073.0
1753532063274,12:14:23.274,AVAAI/USDT:USDT,0.035,755.0,0.03499,1729.0,0.03505,21.0,0.03506,280.0
1753532063340,12:14:23.340,AVAAI/USDT:USDT,0.035,755.0,0.03499,1729.0,0.03506,301.0,0.03507,2126.0
1753532063670,12:14:23.670,AVAAI/USDT:USDT,0.035,755.0,0.03499,1729.0,0.03506,301.0,0.03507,2126.0
1753532063756,12:14:23.756,AVAAI/USDT:USDT,0.035,3548.0,0.03499,1729.0,0.03506,303.0,0.03507,2126.0
1753532065624,12:14:25.624,AVAAI/USDT:USDT,0.035,3548.0,0.03499,1729.0,0.03506,303.0,0.03507,2126.0
1753532065636,12:14:25.636,AVAAI/USDT:USDT,0.035,3548.0,0.03499,1729.0,0.03506,303.0,0.03507,2126.0
1753532065868,12:14:25.868,AVAAI/USDT:USDT,0.035,3548.0,0.03499,1729.0,0.03506,303.0,0.03507,2126.0
1753532068511,12:14:28.511,AVAAI/USDT:USDT,0.035,1669.0,0.03499,60.0,0.03506,3096.0,0.03507,2126.0
1753532068626,12:14:28.626,AVAAI/USDT:USDT,0.035,1669.0,0.03499,60.0,0.03506,303.0,0.03507,2126.0
1753532068638,12:14:28.638,AVAAI/USDT:USDT,0.035,1669.0,0.03499,815.0,0.03506,303.0,0.03507,2126.0
1753532069697,12:14:29.697,AVAAI/USDT:USDT,0.035,1669.0,0.03499,815.0,0.03506,303.0,0.03507,737.0
1753532069834,12:14:29.834,AVAAI/USDT:USDT,0.035,1669.0,0.03499,815.0,0.03506,303.0,0.03507,737.0
1753532069881,12:14:29.881,AVAAI/USDT:USDT,0.035,1669.0,0.03499,815.0,0.03506,303.0,0.03507,737.0
1753532070020,12:14:30.020,AVAAI/USDT:USDT,0.03501,1389.0,0.035,1669.0,0.03506,303.0,0.03507,737.0
1753532070703,12:14:30.703,AVAAI/USDT:USDT,0.03501,1389.0,0.035,1669.0,0.03506,303.0,0.03507,737.0
1753532071130,12:14:31.130,AVAAI/USDT:USDT,0.03501,1389.0,0.035,1669.0,0.03506,303.0,0.03507,737.0
1753532073222,12:14:33.222,AVAAI/USDT:USDT,0.035,1669.0,0.03499,755.0,0.03506,1056.0,0.03507,2126.0
1753532073277,12:14:33.277,AVAAI/USDT:USDT,0.035,1389.0,0.03499,1035.0,0.03506,3849.0,0.03507,2126.0
1753532073435,12:14:33.435,AVAAI/USDT:USDT,0.035,1389.0,0.03499,1035.0,0.03506,1056.0,0.03507,2126.0
1753532073549,12:14:33.549,AVAAI/USDT:USDT,0.035,1389.0,0.03499,1035.0,0.03506,1056.0,0.03507,2126.0
1753532075693,12:14:35.693,AVAAI/USDT:USDT,0.035,1389.0,0.03499,1035.0,0.03506,1056.0,0.03507,2126.0
1753532075977,12:14:35.977,AVAAI/USDT:USDT,0.035,1389.0,0.03499,1035.0,0.03506,1056.0,0.03507,2126.0
1753532077482,12:14:37.482,AVAAI/USDT:USDT,0.03501,280.0,0.035,1389.0,0.03506,303.0,0.03507,2126.0
1753532077597,12:14:37.597,AVAAI/USDT:USDT,0.03501,280.0,0.035,1389.0,0.03506,303.0,0.03507,737.0
1753532077767,12:14:37.767,AVAAI/USDT:USDT,0.03501,280.0,0.035,1389.0,0.03506,303.0,0.03507,2126.0
1753532077850,12:14:37.850,AVAAI/USDT:USDT,0.035,1389.0,0.03499,1035.0,0.03506,303.0,0.03507,2126.0
1753532077974,12:14:37.974,AVAAI/USDT:USDT,0.035,1389.0,0.03499,1035.0,0.03506,3849.0,0.03507,2126.0
1753532078053,12:14:38.053,AVAAI/USDT:USDT,0.035,1389.0,0.03499,1035.0,0.03506,1056.0,0.03507,2126.0
1753532078417,12:14:38.417,AVAAI/USDT:USDT,0.035,1389.0,0.03499,280.0,0.03504,340.0,0.03505,753.0
1753532078451,12:14:38.451,AVAAI/USDT:USDT,0.035,1389.0,0.03499,280.0,0.03504,363.0,0.03505,753.0
1753532079322,12:14:39.322,AVAAI/USDT:USDT,0.03499,1669.0,0.03498,3541.0,0.03504,1752.0,0.03505,753.0
1753532079417,12:14:39.417,AVAAI/USDT:USDT,0.03498,1389.0,0.03497,1027.0,0.03504,1752.0,0.03505,753.0
1753532079439,12:14:39.439,AVAAI/USDT:USDT,0.03498,1389.0,0.03497,1027.0,0.03504,1775.0,0.03505,753.0
1753532079618,12:14:39.618,AVAAI/USDT:USDT,0.03498,1389.0,0.03497,1027.0,0.03504,1775.0,0.03505,753.0
1753532079741,12:14:39.741,AVAAI/USDT:USDT,0.03498,939.0,0.03497,1027.0,0.03503,753.0,0.03504,1775.0
1753532079852,12:14:39.852,AVAAI/USDT:USDT,0.03498,939.0,0.03497,1027.0,0.03502,83.0,0.03503,753.0
1753532080503,12:14:40.503,AVAAI/USDT:USDT,0.03498,969.0,0.03497,1027.0,0.03502,83.0,0.03503,753.0
1753532080558,12:14:40.558,AVAAI/USDT:USDT,0.03498,999.0,0.03497,1027.0,0.03502,83.0,0.03503,753.0
1753532081474,12:14:41.474,AVAAI/USDT:USDT,0.03498,999.0,0.03497,1027.0,0.03502,83.0,0.03503,753.0
1753532082519,12:14:42.519,AVAAI/USDT:USDT,0.03498,999.0,0.03497,1027.0,0.03502,83.0,0.03504,1669.0
1753532082544,12:14:42.544,AVAAI/USDT:USDT,0.03498,999.0,0.03497,1027.0,0.03502,30.0,0.03503,23.0
1753532083010,12:14:43.010,AVAAI/USDT:USDT,0.03499,280.0,0.03498,999.0,0.03503,23.0,0.03504,1669.0
1753532083041,12:14:43.041,AVAAI/USDT:USDT,0.03499,280.0,0.03498,999.0,0.03503,76.0,0.03504,1669.0
1753532083316,12:14:43.316,AVAAI/USDT:USDT,0.03499,280.0,0.03498,999.0,0.03503,76.0,0.03504,280.0
1753532083913,12:14:43.913,AVAAI/USDT:USDT,0.035,820.0,0.03499,1040.0,0.03503,46.0,0.03506,3826.0
1753532083941,12:14:43.941,AVAAI/USDT:USDT,0.035,820.0,0.03499,1040.0,0.03503,23.0,0.03505,23.0
1753532084110,12:14:44.110,AVAAI/USDT:USDT,0.035,60.0,0.03499,1040.0,0.03504,340.0,0.03505,23.0
1753532084151,12:14:44.151,AVAAI/USDT:USDT,0.035,60.0,0.03499,1040.0,0.03503,12.0,0.03504,310.0
1753532084240,12:14:44.240,AVAAI/USDT:USDT,0.035,60.0,0.03499,1040.0,0.03503,23.0,0.03504,310.0
1753532084383,12:14:44.383,AVAAI/USDT:USDT,0.035,60.0,0.03499,280.0,0.03503,53.0,0.03504,310.0
1753532084520,12:14:44.520,AVAAI/USDT:USDT,0.03499,340.0,0.03498,939.0,0.03503,53.0,0.03504,1722.0
1753532084994,12:14:44.994,AVAAI/USDT:USDT,0.03499,340.0,0.03498,939.0,0.03503,23.0,0.03504,1722.0
1753532085035,12:14:45.035,AVAAI/USDT:USDT,0.03499,340.0,0.03498,939.0,0.03503,23.0,0.03504,333.0
1753532085523,12:14:45.523,AVAAI/USDT:USDT,0.03499,340.0,0.03498,939.0,0.03503,23.0,0.03504,310.0
1753532090933,12:14:50.933,AVAAI/USDT:USDT,0.03499,1100.0,0.03498,1699.0,0.03503,23.0,0.03504,310.0
1753532090939,12:14:50.939,AVAAI/USDT:USDT,0.03499,1100.0,0.03498,1699.0,0.03503,23.0,0.03504,310.0
1753532092589,12:14:52.589,AVAAI/USDT:USDT,0.03499,1100.0,0.03498,1699.0,0.03503,23.0,0.03504,310.0
1753532093725,12:14:53.725,AVAAI/USDT:USDT,0.03499,1100.0,0.03498,1699.0,0.03503,23.0,0.03504,310.0
1753532094487,12:14:54.487,AVAAI/USDT:USDT,0.03499,1100.0,0.03498,1699.0,0.03503,23.0,0.03504,310.0
1753532094818,12:14:54.818,AVAAI/USDT:USDT,0.03499,1100.0,0.03498,1699.0,0.03503,23.0,0.03504,30.0
1753532094856,12:14:54.856,AVAAI/USDT:USDT,0.03499,1100.0,0.03498,1699.0,0.03504,53.0,0.03506,3826.0
1753532094946,12:14:54.946,AVAAI/USDT:USDT,0.03499,1100.0,0.03498,1699.0,0.03504,30.0,0.03505,23.0
1753532095425,12:14:55.425,AVAAI/USDT:USDT,0.03499,1100.0,0.03498,1699.0,0.03504,30.0,0.03505,23.0
1753532095747,12:14:55.747,AVAAI/USDT:USDT,0.03499,1100.0,0.03498,1699.0,0.03504,30.0,0.03505,23.0
1753532096125,12:14:56.125,AVAAI/USDT:USDT,0.035,756.0,0.03499,1100.0,0.03504,30.0,0.03505,23.0
1753532096140,12:14:56.140,AVAAI/USDT:USDT,0.035,756.0,0.03499,1100.0,0.03504,53.0,0.03505,23.0
1753532096400,12:14:56.400,AVAAI/USDT:USDT,0.03501,340.0,0.035,756.0,0.03504,23.0,0.03505,23.0
1753532096482,12:14:56.482,AVAAI/USDT:USDT,0.03501,340.0,0.035,756.0,0.03504,23.0,0.03505,23.0
1753532096570,12:14:56.570,AVAAI/USDT:USDT,0.03501,340.0,0.035,756.0,0.03504,23.0,0.03505,23.0
1753532096731,12:14:56.731,AVAAI/USDT:USDT,0.03501,60.0,0.035,756.0,0.03504,23.0,0.03505,23.0
1753532097161,12:14:57.161,AVAAI/USDT:USDT,0.03501,60.0,0.035,756.0,0.03505,83.0,0.03506,3073.0
1753532097240,12:14:57.240,AVAAI/USDT:USDT,0.03501,60.0,0.035,756.0,0.03505,106.0,0.03506,3073.0
1753532097457,12:14:57.457,AVAAI/USDT:USDT,0.03501,60.0,0.035,756.0,0.03505,106.0,0.03506,280.0
1753532098269,12:14:58.269,AVAAI/USDT:USDT,0.03501,60.0,0.035,756.0,0.03505,83.0,0.03506,280.0
1753532100251,12:15:00.251,AVAAI/USDT:USDT,0.03501,30.0,0.035,756.0,0.03505,83.0,0.03506,3073.0
1753532100387,12:15:00.387,AVAAI/USDT:USDT,0.03501,30.0,0.035,756.0,0.03505,106.0,0.03506,3073.0
1753532101384,12:15:01.384,AVAAI/USDT:USDT,0.03501,30.0,0.035,756.0,0.03505,83.0,0.03506,3073.0
1753532102935,12:15:02.935,AVAAI/USDT:USDT,0.03501,30.0,0.035,756.0,0.03505,83.0,0.03506,280.0
1753532104393,12:15:04.393,AVAAI/USDT:USDT,0.03501,30.0,0.035,756.0,0.03505,83.0,0.03506,280.0
1753532104660,12:15:04.660,AVAAI/USDT:USDT,0.03501,30.0,0.035,756.0,0.03505,83.0,0.03506,1042.0
1753532104812,12:15:04.812,AVAAI/USDT:USDT,0.03498,760.0,0.03497,1027.0,0.03504,3820.0,0.03505,845.0
1753532104905,12:15:04.905,AVAAI/USDT:USDT,0.03497,1027.0,0.03496,3540.0,0.03503,785.0,0.03504,3820.0
1753532105020,12:15:05.020,AVAAI/USDT:USDT,0.03497,1027.0,0.03496,3540.0,0.03503,785.0,0.03504,3820.0
1753532105836,12:15:05.836,AVAAI/USDT:USDT,0.03497,1027.0,0.03496,3540.0,0.03503,785.0,0.03504,3820.0
1753532106261,12:15:06.261,AVAAI/USDT:USDT,0.03497,1027.0,0.03496,3540.0,0.03503,785.0,0.03504,3820.0
1753532106401,12:15:06.401,AVAAI/USDT:USDT,0.03498,762.0,0.03497,1027.0,0.03503,23.0,0.03504,3820.0
1753532106688,12:15:06.688,AVAAI/USDT:USDT,0.03498,762.0,0.03497,1027.0,0.03503,23.0,0.03504,3820.0
1753532107499,12:15:07.499,AVAAI/USDT:USDT,0.03498,762.0,0.03497,1027.0,0.03503,23.0,0.03504,3820.0
1753532112602,12:15:12.602,AVAAI/USDT:USDT,0.03498,58.0,0.03497,1027.0,0.03502,338.0,0.03503,23.0
1753532112646,12:15:12.646,AVAAI/USDT:USDT,0.03498,58.0,0.03497,1027.0,0.03501,23.0,0.03502,338.0
1753532112736,12:15:12.736,AVAAI/USDT:USDT,0.03498,58.0,0.03497,1027.0,0.03501,23.0,0.03502,338.0
1753532112926,12:15:12.926,AVAAI/USDT:USDT,0.03498,58.0,0.03497,1027.0,0.03501,23.0,0.03502,338.0
1753532113287,12:15:13.287,AVAAI/USDT:USDT,0.03496,747.0,0.03495,3058.0,0.03501,23.0,0.03502,338.0
1753532113476,12:15:13.476,AVAAI/USDT:USDT,0.03496,3540.0,0.03495,3058.0,0.03501,23.0,0.03502,338.0
1753532113552,12:15:13.552,AVAAI/USDT:USDT,0.03496,3540.0,0.03495,3058.0,0.03501,23.0,0.03502,338.0
1753532114832,12:15:14.832,AVAAI/USDT:USDT,0.03497,280.0,0.03496,3540.0,0.03501,23.0,0.03502,338.0
1753532114860,12:15:14.860,AVAAI/USDT:USDT,0.03497,338.0,0.03496,3540.0,0.03501,23.0,0.03502,338.0
1753532115305,12:15:15.305,AVAAI/USDT:USDT,0.03497,58.0,0.03496,747.0,0.03501,23.0,0.03502,338.0
1753532116079,12:15:16.079,AVAAI/USDT:USDT,0.03497,824.0,0.03496,3540.0,0.03501,23.0,0.03502,338.0
1753532116501,12:15:16.501,AVAAI/USDT:USDT,0.03497,1104.0,0.03496,3540.0,0.03501,23.0,0.03502,338.0
1753532116543,12:15:16.543,AVAAI/USDT:USDT,0.03498,766.0,0.03497,1104.0,0.03501,23.0,0.03502,338.0
1753532116785,12:15:16.785,AVAAI/USDT:USDT,0.03498,766.0,0.03497,1104.0,0.03501,23.0,0.03502,338.0
1753532116852,12:15:16.852,AVAAI/USDT:USDT,0.03498,766.0,0.03497,1104.0,0.03501,23.0,0.03504,3820.0
1753532116944,12:15:16.944,AVAAI/USDT:USDT,0.03498,766.0,0.03497,1104.0,0.03503,23.0,0.03504,3820.0
1753532117040,12:15:17.040,AVAAI/USDT:USDT,0.03498,766.0,0.03497,1104.0,0.03504,3820.0,0.03505,762.0
1753532117199,12:15:17.199,AVAAI/USDT:USDT,0.03498,766.0,0.03497,1104.0,0.03503,23.0,0.03504,3820.0
1753532118121,12:15:18.121,AVAAI/USDT:USDT,0.03498,766.0,0.03497,1104.0,0.03502,338.0,0.03503,23.0
1753532118214,12:15:18.214,AVAAI/USDT:USDT,0.03497,1104.0,0.03496,3540.0,0.03501,23.0,0.03502,338.0
1753532118414,12:15:18.414,AVAAI/USDT:USDT,0.03497,1104.0,0.03496,3540.0,0.03501,23.0,0.03502,338.0
1753532120530,12:15:20.530,AVAAI/USDT:USDT,0.03497,1104.0,0.03496,3540.0,0.03501,23.0,0.03502,338.0
1753532122057,12:15:22.057,AVAAI/USDT:USDT,0.03497,1104.0,0.03496,747.0,0.03501,23.0,0.03502,338.0
1753532122250,12:15:22.250,AVAAI/USDT:USDT,0.03497,824.0,0.03496,747.0,0.03501,23.0,0.03502,338.0
1753532122991,12:15:22.991,AVAAI/USDT:USDT,0.03497,824.0,0.03496,3540.0,0.03501,23.0,0.03502,338.0
1753532124129,12:15:24.129,AVAAI/USDT:USDT,0.03498,734.0,0.03497,824.0,0.03503,1846.0,0.03504,3058.0
1753532124231,12:15:24.231,AVAAI/USDT:USDT,0.03499,280.0,0.03498,3527.0,0.03502,12.0,0.03503,23.0
1753532124323,12:15:24.323,AVAAI/USDT:USDT,0.03501,1389.0,0.03499,1072.0,0.03503,11.0,0.03506,280.0
1753532124406,12:15:24.406,AVAAI/USDT:USDT,0.03501,2807.0,0.035,763.0,0.03503,11.0,0.03505,12.0
1753532124503,12:15:24.503,AVAAI/USDT:USDT,0.03501,2836.0,0.035,763.0,0.03503,11.0,0.03506,280.0
1753532124617,12:15:24.617,AVAAI/USDT:USDT,0.03501,2836.0,0.035,763.0,0.03503,11.0,0.03506,280.0
1753532124692,12:15:24.692,AVAAI/USDT:USDT,0.03501,2836.0,0.035,763.0,0.03503,11.0,0.03506,280.0
1753532124826,12:15:24.826,AVAAI/USDT:USDT,0.03501,2836.0,0.035,763.0,0.03503,11.0,0.03507,737.0
1753532124865,12:15:24.865,AVAAI/USDT:USDT,0.03501,2836.0,0.035,763.0,0.03503,11.0,0.03507,737.0
1753532125206,12:15:25.206,AVAAI/USDT:USDT,0.03502,734.0,0.03501,2807.0,0.03508,3073.0,0.03509,766.0
1753532125332,12:15:25.332,AVAAI/USDT:USDT,0.03502,734.0,0.03501,2807.0,0.03508,3073.0,0.03509,766.0
1753532125341,12:15:25.341,AVAAI/USDT:USDT,0.03502,734.0,0.03501,2807.0,0.03508,3073.0,0.03509,766.0
1753532125512,12:15:25.512,AVAAI/USDT:USDT,0.03502,734.0,0.03501,2807.0,0.03508,3073.0,0.03509,766.0
1753532125565,12:15:25.565,AVAAI/USDT:USDT,0.03502,734.0,0.03501,2807.0,0.03508,3073.0,0.03509,766.0
1753532125720,12:15:25.720,AVAAI/USDT:USDT,0.03503,27.0,0.03502,734.0,0.03508,3102.0,0.03509,766.0
1753532125773,12:15:25.773,AVAAI/USDT:USDT,0.03503,27.0,0.03502,734.0,0.03508,3102.0,0.03509,766.0
1753532125985,12:15:25.985,AVAAI/USDT:USDT,0.03503,27.0,0.03502,734.0,0.03506,280.0,0.03508,3102.0
1753532126073,12:15:26.073,AVAAI/USDT:USDT,0.03503,27.0,0.03502,734.0,0.03506,309.0,0.03507,734.0
1753532126621,12:15:26.621,AVAAI/USDT:USDT,0.03503,27.0,0.03502,734.0,0.03506,309.0,0.03507,734.0
1753532126714,12:15:26.714,AVAAI/USDT:USDT,0.03503,27.0,0.03501,1418.0,0.03506,338.0,0.03507,763.0
1753532126830,12:15:26.830,AVAAI/USDT:USDT,0.03502,27.0,0.035,734.0,0.03506,338.0,0.03507,2152.0
1753532126929,12:15:26.929,AVAAI/USDT:USDT,0.03501,761.0,0.035,3527.0,0.03506,338.0,0.03507,2152.0
1753532127018,12:15:27.018,AVAAI/USDT:USDT,0.03501,2430.0,0.035,3527.0,0.03506,338.0,0.03507,2152.0
1753532127066,12:15:27.066,AVAAI/USDT:USDT,0.03501,2430.0,0.035,3527.0,0.03506,338.0,0.03507,763.0
1753532127489,12:15:27.489,AVAAI/USDT:USDT,0.03501,2430.0,0.035,3527.0,0.03506,338.0,0.03507,763.0
1753532127767,12:15:27.767,AVAAI/USDT:USDT,0.03501,2430.0,0.035,3527.0,0.03506,338.0,0.03507,763.0
1753532128105,12:15:28.105,AVAAI/USDT:USDT,0.03501,761.0,0.035,3527.0,0.03506,338.0,0.03507,2152.0
1753532128189,12:15:28.189,AVAAI/USDT:USDT,0.03501,761.0,0.035,734.0,0.03506,3865.0,0.03507,2152.0
1753532128358,12:15:28.358,AVAAI/USDT:USDT,0.03501,761.0,0.035,734.0,0.03506,1072.0,0.03507,2152.0
1753532130843,12:15:30.843,AVAAI/USDT:USDT,0.03501,761.0,0.035,734.0,0.03506,1072.0,0.03507,2152.0
1753532132132,12:15:32.132,AVAAI/USDT:USDT,0.03502,797.0,0.03501,1041.0,0.03506,280.0,0.03508,3073.0
1753532132216,12:15:32.216,AVAAI/USDT:USDT,0.03504,739.0,0.03503,766.0,0.03508,280.0,0.03509,497.0
1753532132321,12:15:32.321,AVAAI/USDT:USDT,0.03505,27.0,0.03504,739.0,0.03509,497.0,0.0351,1669.0
1753532132380,12:15:32.380,AVAAI/USDT:USDT,0.03505,27.0,0.03504,739.0,0.03509,497.0,0.0351,1669.0
1753532132441,12:15:32.441,AVAAI/USDT:USDT,0.03505,27.0,0.03504,739.0,0.03509,497.0,0.0351,4462.0
1753532132609,12:15:32.609,AVAAI/USDT:USDT,0.03505,27.0,0.03504,739.0,0.0351,4462.0,0.03511,2123.0
1753532132676,12:15:32.676,AVAAI/USDT:USDT,0.03505,27.0,0.03504,739.0,0.03508,280.0,0.03509,739.0
1753532132800,12:15:32.800,AVAAI/USDT:USDT,0.03505,27.0,0.03504,739.0,0.03508,280.0,0.03509,739.0
1753532132856,12:15:32.856,AVAAI/USDT:USDT,0.03505,27.0,0.03504,739.0,0.03508,280.0,0.03509,739.0
1753532133031,12:15:33.031,AVAAI/USDT:USDT,0.03505,27.0,0.03504,739.0,0.03508,280.0,0.03509,739.0
1753532133082,12:15:33.082,AVAAI/USDT:USDT,0.03505,27.0,0.03504,739.0,0.03508,338.0,0.03509,739.0
1753532133530,12:15:33.530,AVAAI/USDT:USDT,0.03505,27.0,0.03504,739.0,0.03508,338.0,0.03509,739.0
1753532133902,12:15:33.902,AVAAI/USDT:USDT,0.03505,27.0,0.03504,739.0,0.03508,338.0,0.03509,739.0
1753532134008,12:15:34.008,AVAAI/USDT:USDT,0.03505,27.0,0.03504,739.0,0.03508,338.0,0.03509,739.0
1753532134272,12:15:34.272,AVAAI/USDT:USDT,0.03505,27.0,0.03503,739.0,0.03508,338.0,0.03509,739.0
1753532134356,12:15:34.356,AVAAI/USDT:USDT,0.03504,27.0,0.03502,3532.0,0.03508,338.0,0.03509,739.0
1753532134442,12:15:34.442,AVAAI/USDT:USDT,0.03503,27.0,0.03502,3532.0,0.03508,338.0,0.03509,739.0
1753532134719,12:15:34.719,AVAAI/USDT:USDT,0.03503,27.0,0.03502,3532.0,0.03508,338.0,0.03509,739.0
1753532135153,12:15:35.153,AVAAI/USDT:USDT,0.03503,27.0,0.03502,3532.0,0.03508,338.0,0.03509,739.0
1753532138888,12:15:38.888,AVAAI/USDT:USDT,0.03503,27.0,0.03502,3532.0,0.03508,338.0,0.03509,739.0
1753532139516,12:15:39.516,AVAAI/USDT:USDT,0.03503,766.0,0.03502,3532.0,0.03508,338.0,0.03509,739.0
1753532142922,12:15:42.922,AVAAI/USDT:USDT,0.03503,27.0,0.03501,2403.0,0.03506,58.0,0.03507,758.0
1753532142942,12:15:42.942,AVAAI/USDT:USDT,0.03502,27.0,0.03501,2403.0,0.03506,338.0,0.03507,758.0
1753532143043,12:15:43.043,AVAAI/USDT:USDT,0.03502,27.0,0.03501,2403.0,0.03506,338.0,0.03507,758.0
1753532143176,12:15:43.176,AVAAI/USDT:USDT,0.03502,27.0,0.03501,2403.0,0.03506,338.0,0.03507,758.0
1753532143624,12:15:43.624,AVAAI/USDT:USDT,0.03502,27.0,0.03501,2403.0,0.03506,338.0,0.03507,758.0
1753532144033,12:15:44.033,AVAAI/USDT:USDT,0.03502,27.0,0.03501,734.0,0.03506,338.0,0.03507,758.0
1753532144127,12:15:44.127,AVAAI/USDT:USDT,0.03502,27.0,0.035,734.0,0.03506,338.0,0.03507,758.0
1753532144190,12:15:44.190,AVAAI/USDT:USDT,0.03501,27.0,0.035,734.0,0.03506,338.0,0.03507,758.0
1753532144317,12:15:44.317,AVAAI/USDT:USDT,0.03501,27.0,0.035,734.0,0.03506,338.0,0.03507,758.0
1753532144342,12:15:44.342,AVAAI/USDT:USDT,0.03501,27.0,0.035,734.0,0.03506,338.0,0.03507,758.0
1753532145462,12:15:45.462,AVAAI/USDT:USDT,0.03501,27.0,0.035,734.0,0.03506,338.0,0.03507,758.0
1753532145613,12:15:45.613,AVAAI/USDT:USDT,0.03501,27.0,0.035,734.0,0.03506,338.0,0.03507,758.0
1753532146387,12:15:46.387,AVAAI/USDT:USDT,0.03501,27.0,0.035,3527.0,0.03506,338.0,0.03507,758.0
1753532146544,12:15:46.544,AVAAI/USDT:USDT,0.03501,27.0,0.035,3527.0,0.03506,338.0,0.03507,758.0
1753532146798,12:15:46.798,AVAAI/USDT:USDT,0.03501,27.0,0.035,3527.0,0.03506,338.0,0.03507,758.0
1753532148216,12:15:48.216,AVAAI/USDT:USDT,0.03501,1065.0,0.035,3527.0,0.03506,338.0,0.03507,758.0
1753532149114,12:15:49.114,AVAAI/USDT:USDT,0.03501,2454.0,0.035,3527.0,0.03506,338.0,0.03507,758.0
1753532149196,12:15:49.196,AVAAI/USDT:USDT,0.03501,2454.0,0.035,3527.0,0.03506,338.0,0.03507,758.0
1753532151015,12:15:51.015,AVAAI/USDT:USDT,0.03502,762.0,0.03501,2454.0,0.03506,338.0,0.03507,758.0
1753532151051,12:15:51.051,AVAAI/USDT:USDT,0.03503,56.0,0.03502,762.0,0.03506,338.0,0.03507,758.0
1753532151231,12:15:51.231,AVAAI/USDT:USDT,0.03503,56.0,0.03502,762.0,0.03506,338.0,0.03507,758.0
1753532151315,12:15:51.315,AVAAI/USDT:USDT,0.03503,85.0,0.03502,3555.0,0.03507,758.0,0.03508,280.0
1753532151336,12:15:51.336,AVAAI/USDT:USDT,0.03503,85.0,0.03502,3555.0,0.03508,280.0,0.03509,739.0
1753532151511,12:15:51.511,AVAAI/USDT:USDT,0.03503,85.0,0.03502,3555.0,0.03508,280.0,0.03509,739.0
1753532151677,12:15:51.677,AVAAI/USDT:USDT,0.03503,56.0,0.03502,3555.0,0.03508,280.0,0.03509,739.0
1753532152114,12:15:52.114,AVAAI/USDT:USDT,0.03503,818.0,0.03502,3555.0,0.03508,280.0,0.03509,739.0
1753532154831,12:15:54.831,AVAAI/USDT:USDT,0.03503,1098.0,0.03502,3555.0,0.03508,280.0,0.03509,739.0
1753532154839,12:15:54.839,AVAAI/USDT:USDT,0.03503,1098.0,0.03502,3555.0,0.03508,280.0,0.03509,739.0
1753532155316,12:15:55.316,AVAAI/USDT:USDT,0.03503,818.0,0.03502,3555.0,0.03508,280.0,0.03509,739.0
1753532156261,12:15:56.261,AVAAI/USDT:USDT,0.03503,818.0,0.03502,3555.0,0.03508,280.0,0.03509,739.0
1753532157253,12:15:57.253,AVAAI/USDT:USDT,0.03503,1098.0,0.03502,3555.0,0.03508,280.0,0.03509,739.0
1753532157783,12:15:57.783,AVAAI/USDT:USDT,0.03503,1098.0,0.03502,3555.0,0.03508,280.0,0.03509,739.0
1753532158080,12:15:58.080,AVAAI/USDT:USDT,0.03503,1098.0,0.03502,3555.0,0.03508,280.0,0.03509,739.0
1753532158812,12:15:58.812,AVAAI/USDT:USDT,0.03503,818.0,0.03502,762.0,0.03508,280.0,0.03509,739.0
1753532158902,12:15:58.902,AVAAI/USDT:USDT,0.03503,1098.0,0.03502,3555.0,0.03508,280.0,0.03509,739.0
1753532159201,12:15:59.201,AVAAI/USDT:USDT,0.03503,27.0,0.03501,758.0,0.03506,338.0,0.03507,762.0
1753532159316,12:15:59.316,AVAAI/USDT:USDT,0.03502,27.0,0.03501,758.0,0.03506,338.0,0.03507,762.0
1753532159430,12:15:59.430,AVAAI/USDT:USDT,0.03502,27.0,0.03501,2427.0,0.03506,338.0,0.03507,762.0
1753532159587,12:15:59.587,AVAAI/USDT:USDT,0.03502,27.0,0.03501,2427.0,0.03506,338.0,0.03507,762.0
1753532159804,12:15:59.804,AVAAI/USDT:USDT,0.03502,27.0,0.03501,2427.0,0.03506,338.0,0.03507,762.0
1753532160076,12:16:00.076,AVAAI/USDT:USDT,0.03502,56.0,0.03501,3816.0,0.03506,309.0,0.03507,762.0
1753532160288,12:16:00.288,AVAAI/USDT:USDT,0.03502,27.0,0.035,734.0,0.03506,309.0,0.03507,3555.0
1753532160427,12:16:00.427,AVAAI/USDT:USDT,0.03501,27.0,0.03498,4916.0,0.03504,1447.0,0.03505,762.0
1753532160532,12:16:00.532,AVAAI/USDT:USDT,0.03499,27.0,0.03498,4916.0,0.03504,1727.0,0.03505,762.0
1753532160582,12:16:00.582,AVAAI/USDT:USDT,0.03499,27.0,0.03498,4916.0,0.03504,1727.0,0.03505,762.0
1753532160951,12:16:00.951,AVAAI/USDT:USDT,0.03499,27.0,0.03498,4916.0,0.03504,1727.0,0.03505,762.0
1753532161960,12:16:01.960,AVAAI/USDT:USDT,0.03499,27.0,0.03498,4916.0,0.03503,751.0,0.03504,1727.0
1753532164477,12:16:04.477,AVAAI/USDT:USDT,0.03499,56.0,0.03498,4916.0,0.03503,751.0,0.03504,1727.0
1753532166693,12:16:06.693,AVAAI/USDT:USDT,0.03499,85.0,0.03498,4916.0,0.03503,751.0,0.03504,1727.0
1753532167315,12:16:07.315,AVAAI/USDT:USDT,0.03499,836.0,0.03498,4916.0,0.03504,1727.0,0.03505,762.0
1753532167347,12:16:07.347,AVAAI/USDT:USDT,0.03499,1116.0,0.03498,4916.0,0.03504,338.0,0.03505,762.0
1753532167501,12:16:07.501,AVAAI/USDT:USDT,0.03499,1116.0,0.03498,4916.0,0.03504,309.0,0.03505,762.0
1753532169076,12:16:09.076,AVAAI/USDT:USDT,0.03499,836.0,0.03498,4916.0,0.03504,1698.0,0.03505,762.0
1753532169173,12:16:09.173,AVAAI/USDT:USDT,0.03499,807.0,0.03498,4916.0,0.03504,1698.0,0.03505,762.0
1753532169489,12:16:09.489,AVAAI/USDT:USDT,0.03499,56.0,0.03498,4916.0,0.03503,751.0,0.03504,1698.0
1753532170875,12:16:10.875,AVAAI/USDT:USDT,0.03499,56.0,0.03498,4916.0,0.03503,751.0,0.03504,1698.0
1753532172627,12:16:12.627,AVAAI/USDT:USDT,0.03499,56.0,0.03498,4916.0,0.03503,751.0,0.03504,1698.0
1753532173790,12:16:13.790,AVAAI/USDT:USDT,0.03499,27.0,0.03498,4916.0,0.03503,751.0,0.03504,1698.0
1753532174911,12:16:14.911,AVAAI/USDT:USDT,0.03499,1068.0,0.03498,4916.0,0.03504,280.0,0.03505,762.0
1753532177745,12:16:17.745,AVAAI/USDT:USDT,0.03499,788.0,0.03498,4916.0,0.03504,1669.0,0.03505,762.0
1753532178291,12:16:18.291,AVAAI/USDT:USDT,0.03499,1068.0,0.03498,4916.0,0.03504,1669.0,0.03505,762.0
1753532179557,12:16:19.557,AVAAI/USDT:USDT,0.03499,1068.0,0.03498,4916.0,0.03504,280.0,0.03505,762.0
1753532180228,12:16:20.228,AVAAI/USDT:USDT,0.03499,1068.0,0.03498,4916.0,0.03504,280.0,0.03505,762.0
1753532180241,12:16:20.241,AVAAI/USDT:USDT,0.03499,1068.0,0.03498,4916.0,0.03504,1669.0,0.03505,762.0
1753532180595,12:16:20.595,AVAAI/USDT:USDT,0.03499,27.0,0.03498,2123.0,0.03503,761.0,0.03504,1669.0
1753532181360,12:16:21.360,AVAAI/USDT:USDT,0.03499,27.0,0.03498,2123.0,0.03503,761.0,0.03504,1669.0
1753532184024,12:16:24.024,AVAAI/USDT:USDT,0.03499,3100.0,0.03498,2123.0,0.03504,1669.0,0.03505,762.0
1753532184053,12:16:24.053,AVAAI/USDT:USDT,0.03499,3100.0,0.03498,2123.0,0.03504,280.0,0.03505,762.0
1753532184322,12:16:24.322,AVAAI/USDT:USDT,0.03499,3100.0,0.03498,2123.0,0.03504,280.0,0.03505,762.0
1753532184421,12:16:24.421,AVAAI/USDT:USDT,0.03499,307.0,0.03498,2123.0,0.03504,280.0,0.03505,762.0
1753532184737,12:16:24.737,AVAAI/USDT:USDT,0.03499,307.0,0.03498,2123.0,0.03504,280.0,0.03505,762.0
1753532185104,12:16:25.104,AVAAI/USDT:USDT,0.03499,27.0,0.03498,2123.0,0.03504,2401.0,0.03505,762.0
1753532185641,12:16:25.641,AVAAI/USDT:USDT,0.03499,27.0,0.03498,2123.0,0.03504,2401.0,0.03505,762.0
1753532186152,12:16:26.152,AVAAI/USDT:USDT,0.03499,27.0,0.03498,2123.0,0.03503,732.0,0.03504,2401.0
1753532186404,12:16:26.404,AVAAI/USDT:USDT,0.03499,27.0,0.03496,3540.0,0.03502,1070.0,0.03503,2121.0
1753532186511,12:16:26.511,AVAAI/USDT:USDT,0.03497,27.0,0.03496,3540.0,0.03502,1070.0,0.03503,4914.0
1753532186590,12:16:26.590,AVAAI/USDT:USDT,0.03497,27.0,0.03496,3540.0,0.03502,1070.0,0.03503,2121.0
1753532186723,12:16:26.723,AVAAI/USDT:USDT,0.03497,27.0,0.03496,3540.0,0.03502,1070.0,0.03503,2121.0
1753532186911,12:16:26.911,AVAAI/USDT:USDT,0.03497,27.0,0.03496,3540.0,0.03501,732.0,0.03502,1070.0
1753532187052,12:16:27.052,AVAAI/USDT:USDT,0.03497,27.0,0.03496,3540.0,0.03501,732.0,0.03502,1070.0
1753532189129,12:16:29.129,AVAAI/USDT:USDT,0.03497,27.0,0.03496,3540.0,0.03501,732.0,0.03502,1070.0
1753532189177,12:16:29.177,AVAAI/USDT:USDT,0.03497,27.0,0.03496,3540.0,0.03501,732.0,0.03502,1070.0
