timestamp,time,symbol,bid1_price,bid1_volume,bid2_price,bid2_volume,ask1_price,ask1_volume,ask2_price,ask2_volume
1753531546000,12:05:46.000,AERO/USDT:USDT,0.8959,102.0,0.8957,2.0,0.8967,632.0,0.8968,1997.0
1753531546911,12:05:46.911,AERO/USDT:USDT,0.8959,102.0,0.8957,2.0,0.8967,632.0,0.8968,1997.0
1753531548421,12:05:48.421,AERO/USDT:USDT,0.8959,102.0,0.8957,2.0,0.8967,632.0,0.8968,1997.0
1753531549938,12:05:49.938,AERO/USDT:USDT,0.8959,102.0,0.8957,2.0,0.8967,632.0,0.8968,1997.0
1753531550315,12:05:50.315,AERO/USDT:USDT,0.8959,102.0,0.8957,2.0,0.8967,632.0,0.8968,1997.0
1753531550396,12:05:50.396,AERO/USDT:USDT,0.8959,102.0,0.8957,2.0,0.8967,632.0,0.8968,1997.0
1753531551425,12:05:51.425,AERO/USDT:USDT,0.8959,102.0,0.8957,2.0,0.8967,632.0,0.8968,1997.0
1753531551626,12:05:51.626,AERO/USDT:USDT,0.8959,102.0,0.8957,2.0,0.8967,632.0,0.8968,1997.0
1753531552952,12:05:52.952,AERO/USDT:USDT,0.8959,102.0,0.8957,2.0,0.8967,632.0,0.8968,1997.0
1753531554451,12:05:54.451,AERO/USDT:USDT,0.8959,102.0,0.8957,2.0,0.8967,632.0,0.8968,1997.0
1753531555217,12:05:55.217,AERO/USDT:USDT,0.8959,102.0,0.8957,2.0,0.8967,632.0,0.8968,1997.0
1753531555260,12:05:55.260,AERO/USDT:USDT,0.8959,102.0,0.8957,2.0,0.8967,632.0,0.8968,1997.0
1753531555352,12:05:55.352,AERO/USDT:USDT,0.8959,102.0,0.8957,2.0,0.8967,632.0,0.8968,1997.0
1753531555939,12:05:55.939,AERO/USDT:USDT,0.8959,102.0,0.8957,2.0,0.8967,632.0,0.8968,1997.0
1753531557042,12:05:57.042,AERO/USDT:USDT,0.8966,1088.0,0.8959,102.0,0.8967,33.0,0.8968,1997.0
1753531557261,12:05:57.261,AERO/USDT:USDT,0.8959,102.0,0.8957,2.0,0.8967,599.0,0.8968,1997.0
1753531557527,12:05:57.527,AERO/USDT:USDT,0.8959,102.0,0.8957,2.0,0.8967,599.0,0.8968,1997.0
1753531558008,12:05:58.008,AERO/USDT:USDT,0.8959,102.0,0.8957,2.0,0.8967,599.0,0.8968,1997.0
1753531558105,12:05:58.105,AERO/USDT:USDT,0.8959,102.0,0.8957,2.0,0.8967,599.0,0.8968,1997.0
1753531558152,12:05:58.152,AERO/USDT:USDT,0.8959,102.0,0.8957,2.0,0.8967,599.0,0.8968,1997.0
1753531558754,12:05:58.754,AERO/USDT:USDT,0.8959,102.0,0.8957,2.0,0.8967,599.0,0.8968,1997.0
1753531558854,12:05:58.854,AERO/USDT:USDT,0.8959,102.0,0.8957,2.0,0.8967,599.0,0.8968,1778.0
1753531560009,12:06:00.009,AERO/USDT:USDT,0.8959,102.0,0.8957,2.0,0.8968,1778.0,0.8972,219.0
1753531560053,12:06:00.053,AERO/USDT:USDT,0.8959,102.0,0.8957,2.0,0.8968,1778.0,0.8972,219.0
1753531561490,12:06:01.490,AERO/USDT:USDT,0.8959,102.0,0.8957,2.0,0.8968,1778.0,0.8972,219.0
1753531562117,12:06:02.117,AERO/USDT:USDT,0.8959,102.0,0.8957,2.0,0.8968,1778.0,0.8972,547.0
1753531563530,12:06:03.530,AERO/USDT:USDT,0.8959,102.0,0.8957,2.0,0.8968,1778.0,0.8972,547.0
1753531563565,12:06:03.565,AERO/USDT:USDT,0.8959,102.0,0.8957,2.0,0.8968,1778.0,0.8972,547.0
1753531563873,12:06:03.873,AERO/USDT:USDT,0.8959,102.0,0.8957,2.0,0.8968,1778.0,0.8972,547.0
1753531564788,12:06:04.788,AERO/USDT:USDT,0.8959,102.0,0.8957,2.0,0.8968,1778.0,0.8972,547.0
1753531568038,12:06:08.038,AERO/USDT:USDT,0.8959,102.0,0.8957,2.0,0.8967,533.0,0.8968,1778.0
1753531568921,12:06:08.921,AERO/USDT:USDT,0.8959,102.0,0.8957,2.0,0.8967,752.0,0.8968,1778.0
1753531569004,12:06:09.004,AERO/USDT:USDT,0.8959,102.0,0.8957,2.0,0.8967,752.0,0.8968,1778.0
1753531569591,12:06:09.591,AERO/USDT:USDT,0.8959,102.0,0.8957,2.0,0.8967,752.0,0.8968,1778.0
1753531570019,12:06:10.019,AERO/USDT:USDT,0.8959,102.0,0.8957,2.0,0.8967,219.0,0.8968,1778.0
1753531570200,12:06:10.200,AERO/USDT:USDT,0.8959,102.0,0.8957,2.0,0.8968,1778.0,0.8972,547.0
1753531570330,12:06:10.330,AERO/USDT:USDT,0.8959,102.0,0.8957,2.0,0.8968,1778.0,0.8972,547.0
1753531572833,12:06:12.833,AERO/USDT:USDT,0.8959,102.0,0.8957,2.0,0.8968,1778.0,0.8972,547.0
1753531572908,12:06:12.908,AERO/USDT:USDT,0.8959,102.0,0.8957,2.0,0.8968,1778.0,0.8972,547.0
1753531574410,12:06:14.410,AERO/USDT:USDT,0.8959,102.0,0.8957,2.0,0.8968,1778.0,0.8972,547.0
1753531574452,12:06:14.452,AERO/USDT:USDT,0.8959,102.0,0.8957,2.0,0.8968,1778.0,0.8972,547.0
1753531574752,12:06:14.752,AERO/USDT:USDT,0.8959,102.0,0.8957,2.0,0.8968,1778.0,0.8972,547.0
1753531575879,12:06:15.879,AERO/USDT:USDT,0.8959,102.0,0.8957,2.0,0.8968,1778.0,0.8972,547.0
1753531576031,12:06:16.031,AERO/USDT:USDT,0.8959,102.0,0.8957,2.0,0.8968,1778.0,0.8972,547.0
1753531576088,12:06:16.088,AERO/USDT:USDT,0.8959,102.0,0.8957,2.0,0.8968,1778.0,0.8972,547.0
1753531576530,12:06:16.530,AERO/USDT:USDT,0.8959,102.0,0.8957,2.0,0.8968,1778.0,0.8972,547.0
1753531576552,12:06:16.552,AERO/USDT:USDT,0.8959,102.0,0.8957,2.0,0.8968,1778.0,0.8972,547.0
1753531576688,12:06:16.688,AERO/USDT:USDT,0.8959,142.0,0.8957,2.0,0.8968,1778.0,0.8972,547.0
1753531578683,12:06:18.683,AERO/USDT:USDT,0.8959,142.0,0.8957,2.0,0.8968,1778.0,0.8972,547.0
1753531579188,12:06:19.188,AERO/USDT:USDT,0.8959,142.0,0.8957,2.0,0.8968,1778.0,0.8972,547.0
1753531579458,12:06:19.458,AERO/USDT:USDT,0.8959,142.0,0.8957,2.0,0.8968,1778.0,0.8972,547.0
1753531580935,12:06:20.935,AERO/USDT:USDT,0.8959,142.0,0.8957,2.0,0.8968,1778.0,0.8972,547.0
1753531584019,12:06:24.019,AERO/USDT:USDT,0.8959,142.0,0.8957,2.0,0.8968,1778.0,0.8972,547.0
1753531584692,12:06:24.692,AERO/USDT:USDT,0.8959,142.0,0.8957,2.0,0.8968,1778.0,0.8972,547.0
1753531585885,12:06:25.885,AERO/USDT:USDT,0.8959,142.0,0.8957,2.0,0.8968,1778.0,0.8972,547.0
1753531586387,12:06:26.387,AERO/USDT:USDT,0.8959,142.0,0.8957,2.0,0.8968,1778.0,0.8972,547.0
1753531588789,12:06:28.789,AERO/USDT:USDT,0.8959,142.0,0.8957,2.0,0.8968,1778.0,0.8972,547.0
1753531589940,12:06:29.940,AERO/USDT:USDT,0.8959,142.0,0.8957,2.0,0.8968,1778.0,0.8972,547.0
1753531590059,12:06:30.059,AERO/USDT:USDT,0.8959,142.0,0.8957,2.0,0.8968,1778.0,0.8972,547.0
1753531591846,12:06:31.846,AERO/USDT:USDT,0.8959,142.0,0.8957,2.0,0.8968,1778.0,0.8972,547.0
1753531593459,12:06:33.459,AERO/USDT:USDT,0.8959,142.0,0.8957,2.0,0.8968,1778.0,0.8972,547.0
1753531593608,12:06:33.608,AERO/USDT:USDT,0.8959,142.0,0.8957,2.0,0.8968,1778.0,0.8972,547.0
1753531593726,12:06:33.726,AERO/USDT:USDT,0.8959,142.0,0.8957,2.0,0.8967,533.0,0.8968,1778.0
1753531593809,12:06:33.809,AERO/USDT:USDT,0.8959,142.0,0.8957,2.0,0.8967,533.0,0.8968,1778.0
1753531594029,12:06:34.029,AERO/USDT:USDT,0.8959,142.0,0.8957,2.0,0.8967,533.0,0.8968,1778.0
1753531596065,12:06:36.065,AERO/USDT:USDT,0.8959,142.0,0.8957,2.0,0.8967,533.0,0.8968,1778.0
1753531596222,12:06:36.222,AERO/USDT:USDT,0.8959,142.0,0.8957,2.0,0.8967,752.0,0.8968,1778.0
1753531596478,12:06:36.478,AERO/USDT:USDT,0.8959,142.0,0.8957,2.0,0.8967,752.0,0.8968,1778.0
1753531597003,12:06:37.003,AERO/USDT:USDT,0.8959,142.0,0.8957,2.0,0.8967,752.0,0.8968,1778.0
1753531597942,12:06:37.942,AERO/USDT:USDT,0.8959,142.0,0.8957,2.0,0.8967,533.0,0.8968,1778.0
1753531598389,12:06:38.389,AERO/USDT:USDT,0.8959,142.0,0.8957,2.0,0.8967,533.0,0.8968,1778.0
1753531598507,12:06:38.507,AERO/USDT:USDT,0.8959,142.0,0.8957,2.0,0.8967,533.0,0.8968,1778.0
1753531599721,12:06:39.721,AERO/USDT:USDT,0.8959,142.0,0.8957,2.0,0.8967,533.0,0.8968,1778.0
1753531600135,12:06:40.135,AERO/USDT:USDT,0.8959,142.0,0.8957,2.0,0.8968,1778.0,0.8972,547.0
1753531600244,12:06:40.244,AERO/USDT:USDT,0.8959,142.0,0.8957,2.0,0.8968,1778.0,0.8972,547.0
1753531600260,12:06:40.260,AERO/USDT:USDT,0.8959,142.0,0.8957,2.0,0.8967,533.0,0.8968,1778.0
1753531600387,12:06:40.387,AERO/USDT:USDT,0.8959,142.0,0.8957,2.0,0.8968,1778.0,0.8972,547.0
1753531601181,12:06:41.181,AERO/USDT:USDT,0.8959,142.0,0.8957,2.0,0.8968,1778.0,0.8972,547.0
1753531601353,12:06:41.353,AERO/USDT:USDT,0.8959,142.0,0.8957,2.0,0.8968,1778.0,0.8972,547.0
1753531602577,12:06:42.577,AERO/USDT:USDT,0.8959,142.0,0.8957,2.0,0.8968,1778.0,0.8972,547.0
1753531603190,12:06:43.190,AERO/USDT:USDT,0.8959,142.0,0.8957,2.0,0.8968,1778.0,0.8972,547.0
1753531604245,12:06:44.245,AERO/USDT:USDT,0.8959,142.0,0.8957,2.0,0.8968,1778.0,0.8972,547.0
1753531604248,12:06:44.248,AERO/USDT:USDT,0.8959,142.0,0.8957,2.0,0.8967,533.0,0.8968,1778.0
1753531604606,12:06:44.606,AERO/USDT:USDT,0.8959,142.0,0.8957,2.0,0.8967,533.0,0.8968,1778.0
1753531605004,12:06:45.004,AERO/USDT:USDT,0.8959,142.0,0.8957,2.0,0.8967,533.0,0.8968,1778.0
1753531605628,12:06:45.628,AERO/USDT:USDT,0.8959,142.0,0.8957,2.0,0.8967,533.0,0.8968,1778.0
1753531605817,12:06:45.817,AERO/USDT:USDT,0.8959,142.0,0.8957,2.0,0.8967,533.0,0.8968,1778.0
1753531605852,12:06:45.852,AERO/USDT:USDT,0.8959,142.0,0.8957,2.0,0.8967,533.0,0.8968,1778.0
1753531606751,12:06:46.751,AERO/USDT:USDT,0.8959,142.0,0.8957,2.0,0.8967,533.0,0.8968,1778.0
1753531608349,12:06:48.349,AERO/USDT:USDT,0.8959,142.0,0.8957,2.0,0.8966,447.0,0.8967,752.0
1753531608680,12:06:48.680,AERO/USDT:USDT,0.8959,142.0,0.8957,2.0,0.8966,447.0,0.8967,752.0
1753531609220,12:06:49.220,AERO/USDT:USDT,0.8959,142.0,0.8957,2.0,0.8966,447.0,0.8967,752.0
1753531609607,12:06:49.607,AERO/USDT:USDT,0.8959,142.0,0.8957,2.0,0.8966,447.0,0.8967,752.0
1753531609770,12:06:49.770,AERO/USDT:USDT,0.8959,142.0,0.8957,2.0,0.8966,447.0,0.8967,752.0
1753531610011,12:06:50.011,AERO/USDT:USDT,0.8959,142.0,0.8957,2.0,0.8966,447.0,0.8967,752.0
1753531610636,12:06:50.636,AERO/USDT:USDT,0.8959,142.0,0.8957,2.0,0.8966,447.0,0.8967,752.0
1753531611005,12:06:51.005,AERO/USDT:USDT,0.8959,142.0,0.8957,2.0,0.8966,447.0,0.8967,752.0
1753531611529,12:06:51.529,AERO/USDT:USDT,0.8959,142.0,0.8957,2.0,0.8966,447.0,0.8967,752.0
1753531611769,12:06:51.769,AERO/USDT:USDT,0.8959,102.0,0.8957,2.0,0.8966,447.0,0.8967,752.0
1753531612620,12:06:52.620,AERO/USDT:USDT,0.8959,102.0,0.8957,2.0,0.8966,447.0,0.8967,752.0
1753531612790,12:06:52.790,AERO/USDT:USDT,0.8959,102.0,0.8957,2.0,0.8966,447.0,0.8967,752.0
1753531613120,12:06:53.120,AERO/USDT:USDT,0.8959,102.0,0.8957,2.0,0.8966,447.0,0.8967,752.0
1753531613240,12:06:53.240,AERO/USDT:USDT,0.8959,102.0,0.8957,2.0,0.8966,447.0,0.8967,752.0
1753531614028,12:06:54.028,AERO/USDT:USDT,0.8959,102.0,0.8957,2.0,0.8966,447.0,0.8967,752.0
1753531617149,12:06:57.149,AERO/USDT:USDT,0.8959,102.0,0.8957,2.0,0.8966,447.0,0.8967,752.0
1753531617589,12:06:57.589,AERO/USDT:USDT,0.8959,102.0,0.8957,2.0,0.8966,447.0,0.8967,752.0
1753531619006,12:06:59.006,AERO/USDT:USDT,0.8959,102.0,0.8957,2.0,0.8966,447.0,0.8967,752.0
1753531619719,12:06:59.719,AERO/USDT:USDT,0.8959,102.0,0.8957,2.0,0.8966,447.0,0.8967,533.0
1753531620149,12:07:00.149,AERO/USDT:USDT,0.8959,102.0,0.8957,2.0,0.8966,447.0,0.8967,752.0
1753531621003,12:07:01.003,AERO/USDT:USDT,0.8959,102.0,0.8957,2.0,0.8966,447.0,0.8967,752.0
1753531622390,12:07:02.390,AERO/USDT:USDT,0.8959,2.0,0.8957,2.0,0.8966,447.0,0.8967,752.0
1753531622893,12:07:02.893,AERO/USDT:USDT,0.8959,2.0,0.8957,2.0,0.8966,447.0,0.8967,752.0
1753531623626,12:07:03.626,AERO/USDT:USDT,0.8959,2.0,0.8957,2.0,0.8966,447.0,0.8967,752.0
1753531624004,12:07:04.004,AERO/USDT:USDT,0.8959,2.0,0.8957,2.0,0.8966,447.0,0.8967,752.0
1753531624540,12:07:04.540,AERO/USDT:USDT,0.8959,2.0,0.8957,2.0,0.8966,447.0,0.8967,752.0
1753531624782,12:07:04.782,AERO/USDT:USDT,0.8959,2.0,0.8957,2.0,0.8967,752.0,0.8968,1778.0
1753531624866,12:07:04.866,AERO/USDT:USDT,0.8959,2.0,0.8957,2.0,0.8967,1199.0,0.8968,1778.0
1753531625223,12:07:05.223,AERO/USDT:USDT,0.8959,2.0,0.8957,2.0,0.8967,1199.0,0.8968,1778.0
1753531627208,12:07:07.208,AERO/USDT:USDT,0.8959,2.0,0.8957,2.0,0.8967,1199.0,0.8968,1778.0
1753531627621,12:07:07.621,AERO/USDT:USDT,0.8959,2.0,0.8957,2.0,0.8967,1199.0,0.8968,1778.0
1753531627745,12:07:07.745,AERO/USDT:USDT,0.8959,2.0,0.8957,2.0,0.8966,447.0,0.8967,752.0
1753531627820,12:07:07.820,AERO/USDT:USDT,0.8959,2.0,0.8957,2.0,0.8966,447.0,0.8967,752.0
1753531628003,12:07:08.003,AERO/USDT:USDT,0.8959,2.0,0.8957,2.0,0.8966,447.0,0.8967,752.0
1753531628653,12:07:08.653,AERO/USDT:USDT,0.8959,2.0,0.8957,2.0,0.8967,752.0,0.8968,1778.0
1753531629158,12:07:09.158,AERO/USDT:USDT,0.8959,2.0,0.8957,2.0,0.8967,752.0,0.8968,1778.0
1753531630645,12:07:10.645,AERO/USDT:USDT,0.8959,2.0,0.8957,2.0,0.8967,752.0,0.8968,1778.0
1753531630700,12:07:10.700,AERO/USDT:USDT,0.8959,2.0,0.8957,2.0,0.8966,447.0,0.8967,752.0
1753531630787,12:07:10.787,AERO/USDT:USDT,0.8959,2.0,0.8957,2.0,0.8967,752.0,0.8968,1778.0
1753531631287,12:07:11.287,AERO/USDT:USDT,0.8959,2.0,0.8957,2.0,0.8967,752.0,0.8968,1778.0
1753531631637,12:07:11.637,AERO/USDT:USDT,0.8959,2.0,0.8957,2.0,0.8967,1199.0,0.8968,1778.0
1753531631687,12:07:11.687,AERO/USDT:USDT,0.8959,2.0,0.8957,2.0,0.8966,447.0,0.8967,752.0
1753531631754,12:07:11.754,AERO/USDT:USDT,0.8959,2.0,0.8957,2.0,0.8966,447.0,0.8967,1085.0
1753531631852,12:07:11.852,AERO/USDT:USDT,0.8959,2.0,0.8957,2.0,0.8966,447.0,0.8967,1085.0
1753531632007,12:07:12.007,AERO/USDT:USDT,0.8959,2.0,0.8957,2.0,0.8966,447.0,0.8967,1085.0
1753531632358,12:07:12.358,AERO/USDT:USDT,0.8959,2.0,0.8957,2.0,0.8967,1085.0,0.8968,1778.0
1753531632452,12:07:12.452,AERO/USDT:USDT,0.8959,2.0,0.8957,2.0,0.8967,1085.0,0.8968,1778.0
1753531632944,12:07:12.944,AERO/USDT:USDT,0.8959,2.0,0.8957,2.0,0.8967,1085.0,0.8968,1778.0
1753531632978,12:07:12.978,AERO/USDT:USDT,0.8959,2.0,0.8957,2.0,0.8967,1085.0,0.8968,1778.0
1753531633052,12:07:13.052,AERO/USDT:USDT,0.8959,2.0,0.8957,2.0,0.8967,1085.0,0.8968,1811.0
1753531633243,12:07:13.243,AERO/USDT:USDT,0.8959,2.0,0.8957,2.0,0.8966,300.0,0.8967,1532.0
1753531633308,12:07:13.308,AERO/USDT:USDT,0.8959,2.0,0.8957,2.0,0.8966,300.0,0.8967,1532.0
1753531633408,12:07:13.408,AERO/USDT:USDT,0.8959,2.0,0.8957,2.0,0.8967,1085.0,0.8968,1811.0
1753531633500,12:07:13.500,AERO/USDT:USDT,0.8959,2.0,0.8957,2.0,0.8967,1085.0,0.8968,1811.0
1753531633818,12:07:13.818,AERO/USDT:USDT,0.8959,2.0,0.8957,2.0,0.8967,1085.0,0.8968,1811.0
1753531634031,12:07:14.031,AERO/USDT:USDT,0.8959,2.0,0.8957,2.0,0.8967,1532.0,0.8968,1811.0
1753531634048,12:07:14.048,AERO/USDT:USDT,0.8959,2.0,0.8957,2.0,0.8966,300.0,0.8967,1532.0
1753531634427,12:07:14.427,AERO/USDT:USDT,0.8959,2.0,0.8957,2.0,0.8967,1085.0,0.8968,1811.0
1753531634924,12:07:14.924,AERO/USDT:USDT,0.8959,2.0,0.8957,2.0,0.8967,1085.0,0.8968,1811.0
1753531635017,12:07:15.017,AERO/USDT:USDT,0.8959,2.0,0.8957,2.0,0.8967,1085.0,0.8968,1811.0
1753531635341,12:07:15.341,AERO/USDT:USDT,0.8959,2.0,0.8957,2.0,0.8967,1085.0,0.8968,1811.0
1753531636300,12:07:16.300,AERO/USDT:USDT,0.8959,2.0,0.8957,2.0,0.8967,1085.0,0.8968,1811.0
1753531636478,12:07:16.478,AERO/USDT:USDT,0.8959,2.0,0.8957,2.0,0.8967,1085.0,0.8968,1811.0
1753531636790,12:07:16.790,AERO/USDT:USDT,0.8959,2.0,0.8957,2.0,0.8967,1085.0,0.8968,1811.0
1753531637551,12:07:17.551,AERO/USDT:USDT,0.8959,2.0,0.8957,2.0,0.8967,1085.0,0.8968,1811.0
1753531638045,12:07:18.045,AERO/USDT:USDT,0.8959,2.0,0.8957,2.0,0.8967,1085.0,0.8968,1811.0
1753531638046,12:07:18.046,AERO/USDT:USDT,0.8959,2.0,0.8957,2.0,0.8966,447.0,0.8967,1085.0
1753531638286,12:07:18.286,AERO/USDT:USDT,0.8959,2.0,0.8957,2.0,0.8967,1085.0,0.8968,1811.0
1753531638708,12:07:18.708,AERO/USDT:USDT,0.8959,2.0,0.8957,2.0,0.8966,300.0,0.8967,1532.0
1753531639104,12:07:19.104,AERO/USDT:USDT,0.8959,2.0,0.8957,2.0,0.8966,300.0,0.8967,1532.0
1753531639308,12:07:19.308,AERO/USDT:USDT,0.8959,2.0,0.8957,2.0,0.8967,1085.0,0.8968,1811.0
1753531639352,12:07:19.352,AERO/USDT:USDT,0.8959,2.0,0.8957,2.0,0.8967,1085.0,0.8968,1778.0
1753531639451,12:07:19.451,AERO/USDT:USDT,0.8959,2.0,0.8957,2.0,0.8967,1085.0,0.8968,1778.0
1753531639552,12:07:19.552,AERO/USDT:USDT,0.8959,2.0,0.8957,2.0,0.8967,1085.0,0.8968,1778.0
1753531641179,12:07:21.179,AERO/USDT:USDT,0.8959,2.0,0.8957,2.0,0.8967,1085.0,0.8968,1778.0
1753531641591,12:07:21.591,AERO/USDT:USDT,0.8959,2.0,0.8957,2.0,0.8967,1085.0,0.8968,1778.0
1753531643041,12:07:23.041,AERO/USDT:USDT,0.8959,2.0,0.8957,2.0,0.8966,447.0,0.8967,1085.0
1753531643308,12:07:23.308,AERO/USDT:USDT,0.8959,2.0,0.8957,2.0,0.8967,1085.0,0.8968,1778.0
1753531644068,12:07:24.068,AERO/USDT:USDT,0.8959,2.0,0.8957,2.0,0.8966,447.0,0.8967,1085.0
1753531646390,12:07:26.390,AERO/USDT:USDT,0.8959,2.0,0.8957,2.0,0.8967,1085.0,0.8968,1778.0
1753531646573,12:07:26.573,AERO/USDT:USDT,0.8959,2.0,0.8957,2.0,0.8967,1085.0,0.8968,1778.0
1753531646806,12:07:26.806,AERO/USDT:USDT,0.8959,2.0,0.8957,2.0,0.8966,447.0,0.8967,1085.0
1753531646908,12:07:26.908,AERO/USDT:USDT,0.8959,2.0,0.8957,2.0,0.8966,447.0,0.8967,1085.0
1753531646989,12:07:26.989,AERO/USDT:USDT,0.8959,2.0,0.8957,2.0,0.8966,447.0,0.8967,1085.0
1753531648609,12:07:28.609,AERO/USDT:USDT,0.8959,2.0,0.8957,2.0,0.8966,447.0,0.8967,1085.0
1753531650010,12:07:30.010,AERO/USDT:USDT,0.8959,2.0,0.8957,2.0,0.8967,1085.0,0.8968,1778.0
1753531650111,12:07:30.111,AERO/USDT:USDT,0.8959,2.0,0.8957,2.0,0.8966,300.0,0.8967,1532.0
1753531650217,12:07:30.217,AERO/USDT:USDT,0.8959,2.0,0.8957,2.0,0.8967,1118.0,0.8968,1778.0
1753531650261,12:07:30.261,AERO/USDT:USDT,0.8959,2.0,0.8957,2.0,0.8966,300.0,0.8967,1532.0
1753531650367,12:07:30.367,AERO/USDT:USDT,0.8959,2.0,0.8957,2.0,0.8967,1118.0,0.8968,1778.0
1753531650468,12:07:30.468,AERO/USDT:USDT,0.8959,2.0,0.8957,2.0,0.8966,300.0,0.8967,1532.0
1753531650570,12:07:30.570,AERO/USDT:USDT,0.8959,2.0,0.8957,2.0,0.8967,1118.0,0.8968,1778.0
1753531650652,12:07:30.652,AERO/USDT:USDT,0.8959,2.0,0.8957,2.0,0.8967,1085.0,0.8968,1778.0
1753531651191,12:07:31.191,AERO/USDT:USDT,0.8959,2.0,0.8957,2.0,0.8967,1085.0,0.8968,1778.0
1753531653435,12:07:33.435,AERO/USDT:USDT,0.8959,2.0,0.8957,2.0,0.8967,1532.0,0.8968,1778.0
1753531653448,12:07:33.448,AERO/USDT:USDT,0.8959,2.0,0.8957,2.0,0.8966,300.0,0.8967,1532.0
1753531653553,12:07:33.553,AERO/USDT:USDT,0.8959,2.0,0.8957,2.0,0.8966,300.0,0.8967,1565.0
1753531653879,12:07:33.879,AERO/USDT:USDT,0.8959,2.0,0.8957,2.0,0.8966,300.0,0.8967,1565.0
1753531654027,12:07:34.027,AERO/USDT:USDT,0.8959,2.0,0.8957,2.0,0.8966,447.0,0.8967,1118.0
1753531654052,12:07:34.052,AERO/USDT:USDT,0.8959,2.0,0.8957,2.0,0.8966,447.0,0.8967,1085.0
1753531654701,12:07:34.701,AERO/USDT:USDT,0.8959,2.0,0.8957,2.0,0.8966,447.0,0.8967,1085.0
1753531654862,12:07:34.862,AERO/USDT:USDT,0.8959,2.0,0.8957,2.0,0.8967,1085.0,0.8968,1778.0
1753531655090,12:07:35.090,AERO/USDT:USDT,0.8959,2.0,0.8957,2.0,0.8967,1085.0,0.8968,1778.0
1753531655543,12:07:35.543,AERO/USDT:USDT,0.8959,2.0,0.8957,2.0,0.8967,1085.0,0.8968,1778.0
1753531655680,12:07:35.680,AERO/USDT:USDT,0.8959,2.0,0.8957,2.0,0.8966,447.0,0.8967,1085.0
1753531655919,12:07:35.919,AERO/USDT:USDT,0.8959,2.0,0.8957,2.0,0.8966,447.0,0.8967,1085.0
1753531655991,12:07:35.991,AERO/USDT:USDT,0.8959,2.0,0.8957,2.0,0.8966,447.0,0.8967,1085.0
1753531656639,12:07:36.639,AERO/USDT:USDT,0.8959,2.0,0.8957,2.0,0.8966,447.0,0.8967,1085.0
1753531656722,12:07:36.722,AERO/USDT:USDT,0.8959,2.0,0.8957,2.0,0.8966,447.0,0.8967,1085.0
1753531657003,12:07:37.003,AERO/USDT:USDT,0.8959,2.0,0.8957,2.0,0.8966,447.0,0.8967,1085.0
1753531658157,12:07:38.157,AERO/USDT:USDT,0.8959,2.0,0.8957,2.0,0.8966,447.0,0.8967,1085.0
1753531658475,12:07:38.475,AERO/USDT:USDT,0.8959,2.0,0.8957,2.0,0.8966,447.0,0.8967,1085.0
1753531659162,12:07:39.162,AERO/USDT:USDT,0.8959,2.0,0.8957,2.0,0.8966,447.0,0.8967,1085.0
1753531660164,12:07:40.164,AERO/USDT:USDT,0.8959,2.0,0.8957,2.0,0.8966,447.0,0.8967,1085.0
1753531660791,12:07:40.791,AERO/USDT:USDT,0.8959,2.0,0.8957,2.0,0.8966,447.0,0.8967,1085.0
1753531661173,12:07:41.173,AERO/USDT:USDT,0.8959,2.0,0.8957,2.0,0.8966,447.0,0.8967,1085.0
1753531662003,12:07:42.003,AERO/USDT:USDT,0.8959,2.0,0.8957,2.0,0.8966,447.0,0.8967,1085.0
1753531662200,12:07:42.200,AERO/USDT:USDT,0.8959,2.0,0.8957,2.0,0.8966,503.0,0.8967,1085.0
1753531662252,12:07:42.252,AERO/USDT:USDT,0.8959,2.0,0.8957,2.0,0.8966,447.0,0.8967,1118.0
1753531662352,12:07:42.352,AERO/USDT:USDT,0.8959,2.0,0.8957,2.0,0.8966,447.0,0.8967,1085.0
1753531663444,12:07:43.444,AERO/USDT:USDT,0.8959,2.0,0.8957,2.0,0.8966,447.0,0.8967,1085.0
1753531663592,12:07:43.592,AERO/USDT:USDT,0.8959,2.0,0.8957,2.0,0.8966,447.0,0.8967,1085.0
1753531663681,12:07:43.681,AERO/USDT:USDT,0.8959,2.0,0.8957,2.0,0.8966,447.0,0.8967,1085.0
1753531665178,12:07:45.178,AERO/USDT:USDT,0.8959,2.0,0.8957,2.0,0.8966,447.0,0.8967,1085.0
1753531665591,12:07:45.591,AERO/USDT:USDT,0.8959,2.0,0.8957,2.0,0.8966,447.0,0.8967,1085.0
1753531666140,12:07:46.140,AERO/USDT:USDT,0.8959,2.0,0.8957,2.0,0.8966,447.0,0.8967,1085.0
1753531667141,12:07:47.141,AERO/USDT:USDT,0.8959,2.0,0.8957,2.0,0.8967,1085.0,0.8968,1778.0
1753531667214,12:07:47.214,AERO/USDT:USDT,0.8959,2.0,0.8957,2.0,0.8967,1085.0,0.8968,1778.0
1753531667632,12:07:47.632,AERO/USDT:USDT,0.8959,2.0,0.8957,2.0,0.8967,1085.0,0.8968,1778.0
1753531668005,12:07:48.005,AERO/USDT:USDT,0.8959,2.0,0.8957,2.0,0.8967,1085.0,0.8968,1778.0
1753531669377,12:07:49.377,AERO/USDT:USDT,0.8959,2.0,0.8957,2.0,0.8967,1141.0,0.8968,1778.0
1753531669542,12:07:49.542,AERO/USDT:USDT,0.8959,2.0,0.8957,2.0,0.8967,1141.0,0.8968,1778.0
1753531670391,12:07:50.391,AERO/USDT:USDT,0.8959,2.0,0.8957,2.0,0.8967,1141.0,0.8968,1778.0
1753531670856,12:07:50.856,AERO/USDT:USDT,0.8959,2.0,0.8957,2.0,0.8967,1141.0,0.8968,1778.0
1753531671157,12:07:51.157,AERO/USDT:USDT,0.8959,2.0,0.8957,2.0,0.8967,1141.0,0.8968,1778.0
1753531671938,12:07:51.938,AERO/USDT:USDT,0.8959,2.0,0.8957,2.0,0.8967,1141.0,0.8968,1778.0
1753531673581,12:07:53.581,AERO/USDT:USDT,0.8959,2.0,0.8957,2.0,0.8967,1141.0,0.8968,1778.0
1753531673659,12:07:53.659,AERO/USDT:USDT,0.8959,2.0,0.8957,2.0,0.8967,1141.0,0.8968,1778.0
1753531674061,12:07:54.061,AERO/USDT:USDT,0.8959,2.0,0.8957,2.0,0.8967,1141.0,0.8968,1778.0
1753531674545,12:07:54.545,AERO/USDT:USDT,0.8959,2.0,0.8957,2.0,0.8967,1141.0,0.8968,1778.0
1753531675193,12:07:55.193,AERO/USDT:USDT,0.8959,2.0,0.8957,2.0,0.8967,1141.0,0.8968,1778.0
1753531675554,12:07:55.554,AERO/USDT:USDT,0.8959,2.0,0.8957,2.0,0.8967,1141.0,0.8968,1778.0
1753531676576,12:07:56.576,AERO/USDT:USDT,0.8959,2.0,0.8957,2.0,0.8967,1141.0,0.8968,1778.0
1753531677191,12:07:57.191,AERO/USDT:USDT,0.8959,2.0,0.8957,2.0,0.8967,1141.0,0.8968,1778.0
1753531677597,12:07:57.597,AERO/USDT:USDT,0.8959,2.0,0.8957,2.0,0.8967,1141.0,0.8968,1778.0
1753531677700,12:07:57.700,AERO/USDT:USDT,0.8959,2.0,0.8957,2.0,0.8967,1141.0,0.8968,1778.0
1753531678703,12:07:58.703,AERO/USDT:USDT,0.8959,2.0,0.8957,2.0,0.8967,1141.0,0.8968,1778.0
1753531679708,12:07:59.708,AERO/USDT:USDT,0.8959,2.0,0.8957,2.0,0.8967,1141.0,0.8968,1778.0
1753531679991,12:07:59.991,AERO/USDT:USDT,0.8959,2.0,0.8957,2.0,0.8967,1141.0,0.8968,1778.0
1753531681835,12:08:01.835,AERO/USDT:USDT,0.8959,2.0,0.8957,2.0,0.8967,1141.0,0.8968,1778.0
1753531681849,12:08:01.849,AERO/USDT:USDT,0.8959,2.0,0.8957,2.0,0.8967,1141.0,0.8968,1778.0
1753531682041,12:08:02.041,AERO/USDT:USDT,0.8959,2.0,0.8957,2.0,0.8967,1141.0,0.8968,1778.0
1753531682055,12:08:02.055,AERO/USDT:USDT,0.8959,2.0,0.8957,2.0,0.8967,1141.0,0.8968,1778.0
1753531683812,12:08:03.812,AERO/USDT:USDT,0.8959,2.0,0.8957,2.0,0.8967,1141.0,0.8968,1778.0
1753531684813,12:08:04.813,AERO/USDT:USDT,0.8959,2.0,0.8957,2.0,0.8967,1141.0,0.8968,1778.0
1753531685814,12:08:05.814,AERO/USDT:USDT,0.8959,2.0,0.8957,2.0,0.8967,1141.0,0.8968,1778.0
1753531688628,12:08:08.628,AERO/USDT:USDT,0.8959,2.0,0.8957,2.0,0.8967,1141.0,0.8968,1778.0
1753531689591,12:08:09.591,AERO/USDT:USDT,0.8959,2.0,0.8957,2.0,0.8967,1141.0,0.8968,1778.0
1753531690441,12:08:10.441,AERO/USDT:USDT,0.8959,2.0,0.8957,2.0,0.8967,1085.0,0.8968,1778.0
1753531690854,12:08:10.854,AERO/USDT:USDT,0.8959,2.0,0.8957,2.0,0.8967,1085.0,0.8968,1778.0
1753531691739,12:08:11.739,AERO/USDT:USDT,0.8959,2.0,0.8957,2.0,0.8967,1085.0,0.8968,1778.0
1753531691753,12:08:11.753,AERO/USDT:USDT,0.8959,2.0,0.8957,2.0,0.8967,1085.0,0.8968,1778.0
1753531691907,12:08:11.907,AERO/USDT:USDT,0.8959,2.0,0.8957,2.0,0.8967,866.0,0.8968,1778.0
1753531691951,12:08:11.951,AERO/USDT:USDT,0.8959,2.0,0.8957,2.0,0.8967,866.0,0.8968,1778.0
1753531694392,12:08:14.392,AERO/USDT:USDT,0.8959,2.0,0.8957,2.0,0.8967,866.0,0.8968,1778.0
1753531694460,12:08:14.460,AERO/USDT:USDT,0.8959,2.0,0.8957,2.0,0.8967,866.0,0.8968,1778.0
1753531695961,12:08:15.961,AERO/USDT:USDT,0.8959,2.0,0.8957,2.0,0.8967,866.0,0.8968,1778.0
1753531696201,12:08:16.201,AERO/USDT:USDT,0.8959,2.0,0.8957,2.0,0.8967,866.0,0.8968,1778.0
1753531697774,12:08:17.774,AERO/USDT:USDT,0.8959,2.0,0.8957,2.0,0.8967,1085.0,0.8968,1778.0
1753531697915,12:08:17.915,AERO/USDT:USDT,0.8959,2.0,0.8957,2.0,0.8967,1085.0,0.8968,1778.0
1753531699192,12:08:19.192,AERO/USDT:USDT,0.8959,2.0,0.8957,2.0,0.8967,1085.0,0.8968,1778.0
1753531701209,12:08:21.209,AERO/USDT:USDT,0.8959,2.0,0.8957,2.0,0.8967,1085.0,0.8968,1778.0
1753531701254,12:08:21.254,AERO/USDT:USDT,0.8959,2.0,0.8957,2.0,0.8967,1085.0,0.8968,1778.0
1753531701815,12:08:21.815,AERO/USDT:USDT,0.8959,2.0,0.8957,2.0,0.8967,866.0,0.8968,1778.0
1753531701852,12:08:21.852,AERO/USDT:USDT,0.8959,2.0,0.8957,2.0,0.8967,866.0,0.8968,1778.0
1753531702634,12:08:22.634,AERO/USDT:USDT,0.8959,2.0,0.8957,2.0,0.8967,866.0,0.8968,1778.0
1753531703373,12:08:23.373,AERO/USDT:USDT,0.8959,2.0,0.8957,2.0,0.8967,1085.0,0.8968,1778.0
1753531703609,12:08:23.609,AERO/USDT:USDT,0.8959,2.0,0.8957,2.0,0.8967,1085.0,0.8968,1778.0
1753531703689,12:08:23.689,AERO/USDT:USDT,0.8959,2.0,0.8957,2.0,0.8967,866.0,0.8968,1778.0
1753531704009,12:08:24.009,AERO/USDT:USDT,0.8959,2.0,0.8957,2.0,0.8967,866.0,0.8968,1778.0
1753531704278,12:08:24.278,AERO/USDT:USDT,0.8959,2.0,0.8957,2.0,0.8967,1085.0,0.8968,1778.0
1753531705497,12:08:25.497,AERO/USDT:USDT,0.8959,2.0,0.8957,2.0,0.8967,866.0,0.8968,1778.0
1753531705560,12:08:25.560,AERO/USDT:USDT,0.8959,2.0,0.8957,2.0,0.8967,866.0,0.8968,1778.0
1753531705943,12:08:25.943,AERO/USDT:USDT,0.8959,2.0,0.8957,2.0,0.8966,447.0,0.8967,866.0
1753531706037,12:08:26.037,AERO/USDT:USDT,0.8959,2.0,0.8957,2.0,0.8966,447.0,0.8967,866.0
1753531706048,12:08:26.048,AERO/USDT:USDT,0.8959,2.0,0.8957,2.0,0.8966,447.0,0.8967,1085.0
1753531706180,12:08:26.180,AERO/USDT:USDT,0.8959,2.0,0.8957,2.0,0.8966,447.0,0.8967,1085.0
1753531706857,12:08:26.857,AERO/USDT:USDT,0.8959,2.0,0.8957,2.0,0.8966,447.0,0.8967,1085.0
1753531707188,12:08:27.188,AERO/USDT:USDT,0.8959,2.0,0.8957,2.0,0.8966,447.0,0.8967,866.0
1753531707284,12:08:27.284,AERO/USDT:USDT,0.8959,2.0,0.8957,2.0,0.8966,447.0,0.8967,866.0
1753531708018,12:08:28.018,AERO/USDT:USDT,0.8959,2.0,0.8957,2.0,0.8966,447.0,0.8967,1085.0
1753531708793,12:08:28.793,AERO/USDT:USDT,0.8959,2.0,0.8957,2.0,0.8966,447.0,0.8967,1085.0
1753531709441,12:08:29.441,AERO/USDT:USDT,0.8959,2.0,0.8957,2.0,0.8967,1085.0,0.8968,1778.0
1753531710033,12:08:30.033,AERO/USDT:USDT,0.8959,2.0,0.8957,2.0,0.8967,1085.0,0.8968,2225.0
1753531710242,12:08:30.242,AERO/USDT:USDT,0.8959,2.0,0.8957,2.0,0.8967,1085.0,0.8968,1778.0
1753531710343,12:08:30.343,AERO/USDT:USDT,0.8959,2.0,0.8957,2.0,0.8967,866.0,0.8968,1778.0
1753531710388,12:08:30.388,AERO/USDT:USDT,0.8959,2.0,0.8957,2.0,0.8967,866.0,0.8968,1778.0
1753531710588,12:08:30.588,AERO/USDT:USDT,0.8959,2.0,0.8957,2.0,0.8967,866.0,0.8968,1778.0
1753531710833,12:08:30.833,AERO/USDT:USDT,0.8959,2.0,0.8957,2.0,0.8967,866.0,0.8968,1778.0
1753531710849,12:08:30.849,AERO/USDT:USDT,0.8959,2.0,0.8957,2.0,0.8967,866.0,0.8968,1778.0
1753531711468,12:08:31.468,AERO/USDT:USDT,0.8959,2.0,0.8957,2.0,0.8967,866.0,0.8968,1778.0
1753531711721,12:08:31.721,AERO/USDT:USDT,0.8959,2.0,0.8957,2.0,0.8967,866.0,0.8968,1778.0
1753531713592,12:08:33.592,AERO/USDT:USDT,0.8959,2.0,0.8957,2.0,0.8967,866.0,0.8968,1778.0
1753531713734,12:08:33.734,AERO/USDT:USDT,0.8959,2.0,0.8957,2.0,0.8967,866.0,0.8968,1778.0
1753531714242,12:08:34.242,AERO/USDT:USDT,0.8959,2.0,0.8957,2.0,0.8967,1313.0,0.8968,1778.0
1753531714249,12:08:34.249,AERO/USDT:USDT,0.8959,2.0,0.8957,2.0,0.8966,234.0,0.8967,1313.0
1753531714558,12:08:34.558,AERO/USDT:USDT,0.8959,2.0,0.8957,2.0,0.8966,234.0,0.8967,1313.0
1753531715208,12:08:35.208,AERO/USDT:USDT,0.8959,2.0,0.8957,2.0,0.8966,447.0,0.8967,866.0
1753531715280,12:08:35.280,AERO/USDT:USDT,0.8959,2.0,0.8957,2.0,0.8967,866.0,0.8968,1778.0
1753531715404,12:08:35.404,AERO/USDT:USDT,0.8959,2.0,0.8957,2.0,0.8967,866.0,0.8968,1778.0
1753531715599,12:08:35.599,AERO/USDT:USDT,0.8959,2.0,0.8957,2.0,0.8967,1085.0,0.8968,1778.0
1753531716108,12:08:36.108,AERO/USDT:USDT,0.8959,2.0,0.8957,2.0,0.8967,1085.0,0.8968,1778.0
1753531716626,12:08:36.626,AERO/USDT:USDT,0.8959,2.0,0.8957,2.0,0.8967,1085.0,0.8968,2225.0
1753531716653,12:08:36.653,AERO/USDT:USDT,0.8959,2.0,0.8957,2.0,0.8967,1085.0,0.8968,2225.0
1753531716800,12:08:36.800,AERO/USDT:USDT,0.8959,2.0,0.8957,2.0,0.8967,1085.0,0.8968,2225.0
1753531717036,12:08:37.036,AERO/USDT:USDT,0.8959,2.0,0.8957,2.0,0.8967,1085.0,0.8968,2225.0
1753531717686,12:08:37.686,AERO/USDT:USDT,0.8959,2.0,0.8957,2.0,0.8966,447.0,0.8967,1085.0
1753531717857,12:08:37.857,AERO/USDT:USDT,0.8959,2.0,0.8957,2.0,0.8966,447.0,0.8967,1085.0
1753531718392,12:08:38.392,AERO/USDT:USDT,0.8959,2.0,0.8957,2.0,0.8966,447.0,0.8967,1085.0
1753531718540,12:08:38.540,AERO/USDT:USDT,0.8959,2.0,0.8957,2.0,0.8966,447.0,0.8967,1085.0
1753531718660,12:08:38.660,AERO/USDT:USDT,0.8959,2.0,0.8957,2.0,0.8966,447.0,0.8967,1085.0
1753531719127,12:08:39.127,AERO/USDT:USDT,0.8959,2.0,0.8957,2.0,0.8966,447.0,0.8967,1085.0
1753531720028,12:08:40.028,AERO/USDT:USDT,0.8959,2.0,0.8957,2.0,0.8966,447.0,0.8967,1085.0
1753531721004,12:08:41.004,AERO/USDT:USDT,0.8959,2.0,0.8957,2.0,0.8966,447.0,0.8967,1085.0
1753531721144,12:08:41.144,AERO/USDT:USDT,0.8959,2.0,0.8957,2.0,0.8966,447.0,0.8967,1085.0
1753531721335,12:08:41.335,AERO/USDT:USDT,0.8959,2.0,0.8957,2.0,0.8965,234.0,0.8966,447.0
1753531721354,12:08:41.354,AERO/USDT:USDT,0.8959,2.0,0.8957,2.0,0.8964,447.0,0.8966,334.0
1753531721508,12:08:41.508,AERO/USDT:USDT,0.8959,2.0,0.8957,2.0,0.8962,533.0,0.8963,1777.0
1753531721553,12:08:41.553,AERO/USDT:USDT,0.8959,2.0,0.8957,2.0,0.8962,533.0,0.8963,1777.0
1753531721909,12:08:41.909,AERO/USDT:USDT,0.8959,2.0,0.8957,2.0,0.8962,533.0,0.8963,1777.0
1753531721970,12:08:41.970,AERO/USDT:USDT,0.8959,2.0,0.8957,2.0,0.8962,533.0,0.8963,1777.0
1753531723193,12:08:43.193,AERO/USDT:USDT,0.8959,2.0,0.8957,2.0,0.8962,533.0,0.8963,1777.0
1753531723542,12:08:43.542,AERO/USDT:USDT,0.8959,2.0,0.8957,2.0,0.8962,533.0,0.8963,1777.0
1753531724006,12:08:44.006,AERO/USDT:USDT,0.8959,2.0,0.8957,2.0,0.8962,533.0,0.8963,1777.0
1753531725210,12:08:45.210,AERO/USDT:USDT,0.8959,2.0,0.8957,2.0,0.8962,533.0,0.8963,1777.0
1753531725901,12:08:45.901,AERO/USDT:USDT,0.8959,2.0,0.8957,2.0,0.8962,533.0,0.8963,1777.0
1753531728026,12:08:48.026,AERO/USDT:USDT,0.8959,2.0,0.8957,2.0,0.8962,533.0,0.8963,1777.0
1753531728663,12:08:48.663,AERO/USDT:USDT,0.8959,2.0,0.8957,2.0,0.8962,533.0,0.8963,1777.0
1753531729995,12:08:49.995,AERO/USDT:USDT,0.8959,2.0,0.8957,2.0,0.8962,533.0,0.8963,1777.0
1753531730226,12:08:50.226,AERO/USDT:USDT,0.8959,2.0,0.8957,2.0,0.8962,980.0,0.8963,1777.0
1753531732144,12:08:52.144,AERO/USDT:USDT,0.8957,2.0,0.8955,1.0,0.8961,447.0,0.8962,752.0
1753531732231,12:08:52.231,AERO/USDT:USDT,0.8955,1.0,0.8947,11.0,0.8959,1777.0,0.896,33.0
1753531732300,12:08:52.300,AERO/USDT:USDT,0.8955,1.0,0.8947,11.0,0.8957,304.0,0.8958,1013.0
1753531732441,12:08:52.441,AERO/USDT:USDT,0.8955,1.0,0.8947,11.0,0.8956,33.0,0.8957,304.0
1753531732470,12:08:52.470,AERO/USDT:USDT,0.8955,1.0,0.8947,11.0,0.8956,33.0,0.8957,304.0
1753531732638,12:08:52.638,AERO/USDT:USDT,0.8955,1.0,0.8947,11.0,0.8956,33.0,0.8957,304.0
1753531732651,12:08:52.651,AERO/USDT:USDT,0.8955,1.0,0.8947,11.0,0.8956,33.0,0.8957,304.0
1753531732807,12:08:52.807,AERO/USDT:USDT,0.8955,1.0,0.8947,11.0,0.8956,33.0,0.8957,304.0
1753531732859,12:08:52.859,AERO/USDT:USDT,0.8955,1.0,0.8947,11.0,0.8956,33.0,0.8957,304.0
1753531733175,12:08:53.175,AERO/USDT:USDT,0.8955,1.0,0.8947,11.0,0.8956,33.0,0.8957,304.0
1753531733276,12:08:53.276,AERO/USDT:USDT,0.8955,1.0,0.8947,11.0,0.8956,33.0,0.8957,304.0
1753531733407,12:08:53.407,AERO/USDT:USDT,0.8955,1.0,0.8947,11.0,0.8956,33.0,0.8958,533.0
1753531733535,12:08:53.535,AERO/USDT:USDT,0.8955,1.0,0.8947,11.0,0.8957,33.0,0.8958,533.0
1753531733742,12:08:53.742,AERO/USDT:USDT,0.8955,1.0,0.8947,11.0,0.8957,33.0,0.8958,533.0
1753531734792,12:08:54.792,AERO/USDT:USDT,0.8955,1.0,0.8947,11.0,0.8957,33.0,0.8958,533.0
1753531735006,12:08:55.006,AERO/USDT:USDT,0.8955,1.0,0.8947,11.0,0.8957,33.0,0.8958,533.0
1753531735606,12:08:55.606,AERO/USDT:USDT,0.8955,1.0,0.8947,11.0,0.8957,33.0,0.8958,533.0
1753531736032,12:08:56.032,AERO/USDT:USDT,0.8955,1.0,0.8947,11.0,0.8957,33.0,0.8958,533.0
1753531736781,12:08:56.781,AERO/USDT:USDT,0.8955,41.0,0.8947,11.0,0.8957,33.0,0.8958,533.0
1753531736849,12:08:56.849,AERO/USDT:USDT,0.8955,41.0,0.8947,11.0,0.8957,33.0,0.8958,533.0
1753531737608,12:08:57.608,AERO/USDT:USDT,0.8955,41.0,0.8947,11.0,0.8957,33.0,0.8958,533.0
1753531737716,12:08:57.716,AERO/USDT:USDT,0.8955,41.0,0.8947,11.0,0.8957,33.0,0.8958,533.0
1753531739041,12:08:59.041,AERO/USDT:USDT,0.8947,11.0,0.8946,3.0,0.8957,33.0,0.8958,533.0
1753531739129,12:08:59.129,AERO/USDT:USDT,0.8947,11.0,0.8946,3.0,0.8957,33.0,0.8958,533.0
1753531739149,12:08:59.149,AERO/USDT:USDT,0.8947,11.0,0.8946,3.0,0.8957,33.0,0.8958,533.0
1753531739335,12:08:59.335,AERO/USDT:USDT,0.8947,11.0,0.8946,3.0,0.8957,33.0,0.8958,533.0
1753531739890,12:08:59.890,AERO/USDT:USDT,0.8947,11.0,0.8946,3.0,0.8957,33.0,0.8958,533.0
1753531740028,12:09:00.028,AERO/USDT:USDT,0.8947,11.0,0.8946,3.0,0.8957,33.0,0.8958,533.0
1753531740067,12:09:00.067,AERO/USDT:USDT,0.8947,11.0,0.8946,3.0,0.8957,33.0,0.8958,533.0
1753531740400,12:09:00.400,AERO/USDT:USDT,0.8949,219.0,0.8947,11.0,0.8957,33.0,0.8958,533.0
1753531740557,12:09:00.557,AERO/USDT:USDT,0.8949,219.0,0.8947,11.0,0.8957,33.0,0.8958,533.0
1753531741268,12:09:01.268,AERO/USDT:USDT,0.8949,219.0,0.8947,11.0,0.8957,33.0,0.8958,533.0
1753531741372,12:09:01.372,AERO/USDT:USDT,0.8949,219.0,0.8947,11.0,0.8957,33.0,0.8958,533.0
1753531741673,12:09:01.673,AERO/USDT:USDT,0.8949,219.0,0.8947,11.0,0.8957,33.0,0.8958,533.0
1753531741804,12:09:01.804,AERO/USDT:USDT,0.8949,259.0,0.8947,11.0,0.8957,33.0,0.8958,533.0
1753531742262,12:09:02.262,AERO/USDT:USDT,0.8949,40.0,0.8947,11.0,0.8957,33.0,0.8958,533.0
1753531742394,12:09:02.394,AERO/USDT:USDT,0.8949,40.0,0.8947,11.0,0.8957,33.0,0.8958,533.0
1753531742617,12:09:02.617,AERO/USDT:USDT,0.8949,40.0,0.8947,11.0,0.8957,33.0,0.8958,533.0
1753531745399,12:09:05.399,AERO/USDT:USDT,0.8949,40.0,0.8947,11.0,0.8957,33.0,0.8958,533.0
1753531745718,12:09:05.718,AERO/USDT:USDT,0.8949,40.0,0.8947,11.0,0.8956,1.0,0.8957,33.0
1753531745823,12:09:05.823,AERO/USDT:USDT,0.8949,40.0,0.8947,11.0,0.8957,33.0,0.8958,533.0
1753531745937,12:09:05.937,AERO/USDT:USDT,0.8949,40.0,0.8947,11.0,0.8957,33.0,0.8958,533.0
1753531747193,12:09:07.193,AERO/USDT:USDT,0.8949,40.0,0.8947,11.0,0.8957,33.0,0.8958,533.0
1753531750442,12:09:10.442,AERO/USDT:USDT,0.8949,40.0,0.8947,11.0,0.8957,33.0,0.8958,533.0
1753531750935,12:09:10.935,AERO/USDT:USDT,0.8949,40.0,0.8947,11.0,0.8957,33.0,0.8958,533.0
1753531751006,12:09:11.006,AERO/USDT:USDT,0.8949,40.0,0.8947,11.0,0.8957,33.0,0.8958,533.0
1753531751134,12:09:11.134,AERO/USDT:USDT,0.8949,40.0,0.8947,11.0,0.8957,33.0,0.8958,533.0
1753531751553,12:09:11.553,AERO/USDT:USDT,0.8949,40.0,0.8947,11.0,0.8957,33.0,0.8958,533.0
1753531751994,12:09:11.994,AERO/USDT:USDT,0.8949,40.0,0.8947,11.0,0.8957,33.0,0.8958,533.0
1753531752503,12:09:12.503,AERO/USDT:USDT,0.8949,40.0,0.8947,11.0,0.8957,33.0,0.8958,533.0
1753531752639,12:09:12.639,AERO/USDT:USDT,0.8949,40.0,0.8947,11.0,0.8957,33.0,0.8958,533.0
1753531753941,12:09:13.941,AERO/USDT:USDT,0.8949,40.0,0.8947,11.0,0.8956,447.0,0.8957,252.0
1753531754026,12:09:14.026,AERO/USDT:USDT,0.8949,40.0,0.8947,11.0,0.8955,33.0,0.8956,447.0
1753531754133,12:09:14.133,AERO/USDT:USDT,0.8949,40.0,0.8947,11.0,0.8955,464.0,0.8957,219.0
1753531754242,12:09:14.242,AERO/USDT:USDT,0.8949,40.0,0.8947,11.0,0.8954,16.0,0.8955,464.0
1753531754309,12:09:14.309,AERO/USDT:USDT,0.8949,40.0,0.8947,11.0,0.8954,16.0,0.8955,464.0
1753531754431,12:09:14.431,AERO/USDT:USDT,0.8949,40.0,0.8947,11.0,0.8954,16.0,0.8955,464.0
1753531754738,12:09:14.738,AERO/USDT:USDT,0.8949,40.0,0.8947,11.0,0.8954,16.0,0.8955,464.0
1753531755009,12:09:15.009,AERO/USDT:USDT,0.8949,40.0,0.8947,11.0,0.8954,16.0,0.8955,464.0
1753531755273,12:09:15.273,AERO/USDT:USDT,0.8949,40.0,0.8947,11.0,0.8954,16.0,0.8955,464.0
1753531755644,12:09:15.644,AERO/USDT:USDT,0.8949,40.0,0.8947,11.0,0.8954,16.0,0.8955,464.0
1753531755855,12:09:15.855,AERO/USDT:USDT,0.8949,40.0,0.8947,11.0,0.8954,16.0,0.8955,464.0
1753531756005,12:09:16.005,AERO/USDT:USDT,0.8949,40.0,0.8947,11.0,0.8954,16.0,0.8955,464.0
1753531756159,12:09:16.159,AERO/USDT:USDT,0.8949,40.0,0.8947,11.0,0.8954,16.0,0.8955,464.0
1753531756794,12:09:16.794,AERO/USDT:USDT,0.8949,40.0,0.8947,11.0,0.8954,16.0,0.8955,464.0
1753531756919,12:09:16.919,AERO/USDT:USDT,0.8949,40.0,0.8947,11.0,0.8954,16.0,0.8955,464.0
1753531757006,12:09:17.006,AERO/USDT:USDT,0.8949,40.0,0.8947,11.0,0.8954,16.0,0.8955,464.0
1753531757139,12:09:17.139,AERO/USDT:USDT,0.8949,40.0,0.8947,11.0,0.8954,16.0,0.8955,464.0
1753531757175,12:09:17.175,AERO/USDT:USDT,0.8949,40.0,0.8947,11.0,0.8954,16.0,0.8955,464.0
1753531757250,12:09:17.250,AERO/USDT:USDT,0.8949,40.0,0.8947,11.0,0.8954,16.0,0.8955,464.0
1753531757416,12:09:17.416,AERO/USDT:USDT,0.8949,40.0,0.8947,11.0,0.8954,16.0,0.8955,464.0
1753531758007,12:09:18.007,AERO/USDT:USDT,0.8949,40.0,0.8947,11.0,0.8954,16.0,0.8955,464.0
1753531758112,12:09:18.112,AERO/USDT:USDT,0.8949,40.0,0.8947,11.0,0.8954,16.0,0.8955,464.0
1753531759545,12:09:19.545,AERO/USDT:USDT,0.8949,40.0,0.8947,11.0,0.8954,16.0,0.8955,464.0
1753531759569,12:09:19.569,AERO/USDT:USDT,0.8949,40.0,0.8947,11.0,0.8954,16.0,0.8955,464.0
1753531760410,12:09:20.410,AERO/USDT:USDT,0.8949,40.0,0.8947,11.0,0.8954,16.0,0.8955,464.0
1753531760543,12:09:20.543,AERO/USDT:USDT,0.8949,40.0,0.8947,11.0,0.8953,1779.0,0.8954,16.0
1753531760560,12:09:20.560,AERO/USDT:USDT,0.8949,40.0,0.8947,11.0,0.8952,33.0,0.8953,1779.0
1753531760894,12:09:20.894,AERO/USDT:USDT,0.8949,40.0,0.8947,11.0,0.8952,33.0,0.8953,1779.0
1753531761004,12:09:21.004,AERO/USDT:USDT,0.8949,40.0,0.8947,11.0,0.8952,33.0,0.8953,1779.0
1753531761594,12:09:21.594,AERO/USDT:USDT,0.8949,40.0,0.8947,11.0,0.8952,33.0,0.8953,1779.0
1753531761788,12:09:21.788,AERO/USDT:USDT,0.8949,40.0,0.8947,11.0,0.8952,33.0,0.8953,1779.0
1753531764428,12:09:24.428,AERO/USDT:USDT,0.8949,40.0,0.8947,11.0,0.8952,33.0,0.8953,1779.0
1753531764680,12:09:24.680,AERO/USDT:USDT,0.8947,11.0,0.8946,3.0,0.8952,567.0,0.8953,1779.0
1753531764933,12:09:24.933,AERO/USDT:USDT,0.8947,11.0,0.8946,3.0,0.8952,567.0,0.8953,1779.0
1753531765296,12:09:25.296,AERO/USDT:USDT,0.8947,11.0,0.8946,3.0,0.8952,567.0,0.8953,1779.0
1753531765356,12:09:25.356,AERO/USDT:USDT,0.8947,11.0,0.8946,3.0,0.8952,567.0,0.8953,1779.0
1753531765754,12:09:25.754,AERO/USDT:USDT,0.8947,11.0,0.8946,3.0,0.8952,567.0,0.8953,1779.0
1753531765966,12:09:25.966,AERO/USDT:USDT,0.8947,11.0,0.8946,3.0,0.8952,567.0,0.8953,1779.0
1753531766062,12:09:26.062,AERO/USDT:USDT,0.8947,11.0,0.8946,3.0,0.8952,33.0,0.8953,1779.0
1753531766148,12:09:26.148,AERO/USDT:USDT,0.8947,11.0,0.8946,3.0,0.8952,567.0,0.8953,1779.0
1753531766395,12:09:26.395,AERO/USDT:USDT,0.8947,11.0,0.8946,3.0,0.8952,567.0,0.8953,1779.0
1753531767547,12:09:27.547,AERO/USDT:USDT,0.8947,11.0,0.8946,3.0,0.8952,567.0,0.8953,1779.0
1753531767706,12:09:27.706,AERO/USDT:USDT,0.8947,11.0,0.8946,3.0,0.8952,567.0,0.8953,1779.0
1753531767789,12:09:27.789,AERO/USDT:USDT,0.8947,11.0,0.8946,3.0,0.8952,567.0,0.8953,1779.0
1753531767942,12:09:27.942,AERO/USDT:USDT,0.8947,11.0,0.8946,3.0,0.8952,1014.0,0.8953,1779.0
1753531767952,12:09:27.952,AERO/USDT:USDT,0.8947,11.0,0.8946,3.0,0.8952,1014.0,0.8953,1779.0
1753531768188,12:09:28.188,AERO/USDT:USDT,0.8947,11.0,0.8946,3.0,0.8951,447.0,0.8952,567.0
1753531768308,12:09:28.308,AERO/USDT:USDT,0.8947,11.0,0.8946,3.0,0.895,33.0,0.8951,447.0
1753531768640,12:09:28.640,AERO/USDT:USDT,0.8947,11.0,0.8946,3.0,0.895,33.0,0.8951,447.0
1753531769014,12:09:29.014,AERO/USDT:USDT,0.8947,11.0,0.8946,3.0,0.895,33.0,0.8951,447.0
1753531769097,12:09:29.097,AERO/USDT:USDT,0.8947,11.0,0.8946,3.0,0.895,33.0,0.8951,447.0
1753531769233,12:09:29.233,AERO/USDT:USDT,0.8947,11.0,0.8946,3.0,0.895,33.0,0.8952,534.0
1753531769258,12:09:29.258,AERO/USDT:USDT,0.8947,11.0,0.8946,3.0,0.8951,33.0,0.8952,534.0
1753531769368,12:09:29.368,AERO/USDT:USDT,0.8947,11.0,0.8946,3.0,0.8951,33.0,0.8952,534.0
1753531769599,12:09:29.599,AERO/USDT:USDT,0.8947,11.0,0.8946,3.0,0.8951,33.0,0.8952,534.0
1753531770004,12:09:30.004,AERO/USDT:USDT,0.8947,11.0,0.8946,3.0,0.8951,33.0,0.8952,534.0
1753531770049,12:09:30.049,AERO/USDT:USDT,0.8947,11.0,0.8946,3.0,0.8951,33.0,0.8952,534.0
1753531770439,12:09:30.439,AERO/USDT:USDT,0.8947,11.0,0.8946,3.0,0.8951,33.0,0.8952,534.0
1753531770488,12:09:30.488,AERO/USDT:USDT,0.8947,11.0,0.8946,3.0,0.8951,33.0,0.8952,534.0
1753531771117,12:09:31.117,AERO/USDT:USDT,0.8947,11.0,0.8946,3.0,0.8951,33.0,0.8952,534.0
1753531771208,12:09:31.208,AERO/USDT:USDT,0.8947,11.0,0.8946,3.0,0.8951,33.0,0.8952,534.0
1753531771348,12:09:31.348,AERO/USDT:USDT,0.8947,11.0,0.8946,3.0,0.8951,33.0,0.8952,534.0
1753531771452,12:09:31.452,AERO/USDT:USDT,0.8947,11.0,0.8946,3.0,0.8951,33.0,0.8952,534.0
1753531771775,12:09:31.775,AERO/USDT:USDT,0.8947,11.0,0.8946,3.0,0.8951,33.0,0.8952,534.0
1753531772234,12:09:32.234,AERO/USDT:USDT,0.8947,11.0,0.8946,3.0,0.8951,33.0,0.8952,534.0
1753531772248,12:09:32.248,AERO/USDT:USDT,0.8947,11.0,0.8946,3.0,0.8951,33.0,0.8952,534.0
1753531772464,12:09:32.464,AERO/USDT:USDT,0.8947,11.0,0.8946,3.0,0.8951,33.0,0.8952,534.0
1753531772548,12:09:32.548,AERO/USDT:USDT,0.8947,11.0,0.8946,3.0,0.8951,33.0,0.8952,534.0
1753531772735,12:09:32.735,AERO/USDT:USDT,0.8947,11.0,0.8946,3.0,0.8951,33.0,0.8952,534.0
1753531772748,12:09:32.748,AERO/USDT:USDT,0.8947,11.0,0.8946,3.0,0.8951,33.0,0.8952,534.0
1753531772921,12:09:32.921,AERO/USDT:USDT,0.8947,11.0,0.8946,3.0,0.8951,33.0,0.8952,534.0
1753531773036,12:09:33.036,AERO/USDT:USDT,0.8947,11.0,0.8946,3.0,0.8951,480.0,0.8952,534.0
1753531773123,12:09:33.123,AERO/USDT:USDT,0.8947,11.0,0.8946,3.0,0.8951,480.0,0.8952,753.0
1753531773243,12:09:33.243,AERO/USDT:USDT,0.8941,2.0,0.8939,2.0,0.895,447.0,0.8951,33.0
1753531773340,12:09:33.340,AERO/USDT:USDT,0.8941,2.0,0.8939,2.0,0.895,447.0,0.8951,33.0
1753531773433,12:09:33.433,AERO/USDT:USDT,0.8941,2.0,0.8939,2.0,0.8948,1809.0,0.8949,17.0
1753531773537,12:09:33.537,AERO/USDT:USDT,0.8941,2.0,0.8939,2.0,0.8948,1809.0,0.8949,17.0
1753531773628,12:09:33.628,AERO/USDT:USDT,0.8941,2.0,0.8939,2.0,0.8948,1809.0,0.8949,17.0
1753531773733,12:09:33.733,AERO/USDT:USDT,0.8941,2.0,0.8939,2.0,0.8948,1809.0,0.8949,17.0
1753531773795,12:09:33.795,AERO/USDT:USDT,0.8941,2.0,0.8939,2.0,0.8948,1809.0,0.8949,17.0
1753531773928,12:09:33.928,AERO/USDT:USDT,0.8941,2.0,0.8939,2.0,0.8948,1809.0,0.8949,17.0
1753531774036,12:09:34.036,AERO/USDT:USDT,0.8941,2.0,0.8939,2.0,0.8947,17.0,0.8948,1809.0
1753531774062,12:09:34.062,AERO/USDT:USDT,0.8941,2.0,0.8939,2.0,0.8947,17.0,0.8948,1809.0
1753531774258,12:09:34.258,AERO/USDT:USDT,0.8941,2.0,0.8939,2.0,0.8947,17.0,0.8948,1809.0
1753531774398,12:09:34.398,AERO/USDT:USDT,0.8941,2.0,0.8939,2.0,0.8947,33.0,0.8948,1809.0
1753531774602,12:09:34.602,AERO/USDT:USDT,0.8941,2.0,0.8939,2.0,0.8947,33.0,0.8948,1809.0
1753531775445,12:09:35.445,AERO/USDT:USDT,0.8941,2.0,0.8939,2.0,0.8947,33.0,0.8948,1809.0
1753531775446,12:09:35.446,AERO/USDT:USDT,0.8941,2.0,0.8939,2.0,0.8947,33.0,0.8948,1809.0
1753531775910,12:09:35.910,AERO/USDT:USDT,0.8941,2.0,0.8939,2.0,0.8947,33.0,0.8948,1809.0
1753531776008,12:09:36.008,AERO/USDT:USDT,0.8941,2.0,0.8939,2.0,0.8947,33.0,0.8948,1809.0
1753531776128,12:09:36.128,AERO/USDT:USDT,0.8941,2.0,0.8939,2.0,0.8947,33.0,0.895,544.0
1753531776227,12:09:36.227,AERO/USDT:USDT,0.8941,2.0,0.8939,2.0,0.8949,33.0,0.895,544.0
1753531776303,12:09:36.303,AERO/USDT:USDT,0.8942,219.0,0.8941,2.0,0.8949,33.0,0.8951,1813.0
1753531776398,12:09:36.398,AERO/USDT:USDT,0.8942,219.0,0.8941,2.0,0.895,33.0,0.8951,1813.0
1753531776606,12:09:36.606,AERO/USDT:USDT,0.8942,219.0,0.8941,2.0,0.895,33.0,0.8951,1813.0
1753531776735,12:09:36.735,AERO/USDT:USDT,0.8942,219.0,0.8941,2.0,0.895,33.0,0.8951,1813.0
1753531777042,12:09:37.042,AERO/USDT:USDT,0.8942,219.0,0.8941,2.0,0.895,33.0,0.8951,1813.0
1753531777194,12:09:37.194,AERO/USDT:USDT,0.8942,219.0,0.8941,2.0,0.895,33.0,0.8951,1813.0
1753531777603,12:09:37.603,AERO/USDT:USDT,0.8942,219.0,0.8941,2.0,0.895,33.0,0.8953,544.0
1753531777652,12:09:37.652,AERO/USDT:USDT,0.8942,219.0,0.8941,2.0,0.8952,33.0,0.8953,544.0
1753531777749,12:09:37.749,AERO/USDT:USDT,0.8942,219.0,0.8941,2.0,0.8952,33.0,0.8953,544.0
1753531777867,12:09:37.867,AERO/USDT:USDT,0.8942,219.0,0.8941,2.0,0.8952,33.0,0.8953,544.0
1753531778067,12:09:38.067,AERO/USDT:USDT,0.8942,219.0,0.8941,2.0,0.8952,33.0,0.8953,544.0
1753531778208,12:09:38.208,AERO/USDT:USDT,0.8942,219.0,0.8941,2.0,0.8952,33.0,0.8953,544.0
1753531778628,12:09:38.628,AERO/USDT:USDT,0.8942,219.0,0.8941,2.0,0.8952,33.0,0.8953,544.0
1753531778840,12:09:38.840,AERO/USDT:USDT,0.8942,219.0,0.8941,2.0,0.8952,33.0,0.8958,219.0
1753531778932,12:09:38.932,AERO/USDT:USDT,0.8942,219.0,0.8941,2.0,0.8954,678.0,0.8955,1813.0
1753531779006,12:09:39.006,AERO/USDT:USDT,0.8942,219.0,0.8941,2.0,0.8953,33.0,0.8954,678.0
1753531779095,12:09:39.095,AERO/USDT:USDT,0.8942,219.0,0.8941,2.0,0.8953,33.0,0.8954,678.0
1753531779468,12:09:39.468,AERO/USDT:USDT,0.8942,219.0,0.8941,2.0,0.8953,33.0,0.8954,678.0
1753531779731,12:09:39.731,AERO/USDT:USDT,0.8942,219.0,0.8941,2.0,0.8953,33.0,0.8954,678.0
1753531779770,12:09:39.770,AERO/USDT:USDT,0.8942,219.0,0.8941,2.0,0.8953,33.0,0.8954,678.0
1753531780128,12:09:40.128,AERO/USDT:USDT,0.8942,219.0,0.8941,2.0,0.8953,33.0,0.8954,678.0
1753531780230,12:09:40.230,AERO/USDT:USDT,0.8942,219.0,0.8941,2.0,0.8953,33.0,0.8954,678.0
1753531780306,12:09:40.306,AERO/USDT:USDT,0.8942,219.0,0.8941,2.0,0.8953,33.0,0.8955,1813.0
1753531780358,12:09:40.358,AERO/USDT:USDT,0.8946,219.0,0.8942,219.0,0.8954,33.0,0.8955,1813.0
1753531780738,12:09:40.738,AERO/USDT:USDT,0.8946,219.0,0.8942,219.0,0.8954,33.0,0.8955,1813.0
1753531781028,12:09:41.028,AERO/USDT:USDT,0.8946,219.0,0.8942,219.0,0.8954,33.0,0.8955,1813.0
1753531781137,12:09:41.137,AERO/USDT:USDT,0.8942,219.0,0.8941,2.0,0.8954,33.0,0.8955,1813.0
1753531781208,12:09:41.208,AERO/USDT:USDT,0.8946,219.0,0.8942,219.0,0.8954,33.0,0.8955,1813.0
1753531781281,12:09:41.281,AERO/USDT:USDT,0.8946,219.0,0.8942,219.0,0.8954,33.0,0.8955,1813.0
1753531781376,12:09:41.376,AERO/USDT:USDT,0.8946,219.0,0.8942,219.0,0.8954,33.0,0.8955,1813.0
1753531781828,12:09:41.828,AERO/USDT:USDT,0.8946,219.0,0.8943,279.0,0.8954,33.0,0.8958,544.0
1753531782004,12:09:42.004,AERO/USDT:USDT,0.8946,219.0,0.8943,279.0,0.8954,33.0,0.8958,544.0
1753531782353,12:09:42.353,AERO/USDT:USDT,0.8946,219.0,0.8943,279.0,0.8954,17.0,0.8957,16.0
1753531782468,12:09:42.468,AERO/USDT:USDT,0.8946,219.0,0.8943,279.0,0.8957,33.0,0.8958,544.0
1753531782550,12:09:42.550,AERO/USDT:USDT,0.8946,219.0,0.8943,279.0,0.8957,33.0,0.8958,544.0
1753531782739,12:09:42.739,AERO/USDT:USDT,0.8946,219.0,0.8943,279.0,0.8957,33.0,0.8958,544.0
1753531782975,12:09:42.975,AERO/USDT:USDT,0.8946,219.0,0.8943,279.0,0.8957,33.0,0.8958,544.0
1753531783094,12:09:43.094,AERO/USDT:USDT,0.8946,219.0,0.8943,279.0,0.8957,33.0,0.8958,544.0
1753531783242,12:09:43.242,AERO/USDT:USDT,0.8946,219.0,0.8943,279.0,0.8957,33.0,0.8958,544.0
1753531783333,12:09:43.333,AERO/USDT:USDT,0.8946,219.0,0.8943,279.0,0.8957,33.0,0.8958,544.0
1753531783526,12:09:43.526,AERO/USDT:USDT,0.8946,219.0,0.8942,219.0,0.8957,33.0,0.8958,544.0
1753531783573,12:09:43.573,AERO/USDT:USDT,0.8946,219.0,0.8942,219.0,0.8957,33.0,0.8958,544.0
1753531783672,12:09:43.672,AERO/USDT:USDT,0.8946,219.0,0.8942,219.0,0.8957,33.0,0.8958,544.0
1753531784421,12:09:44.421,AERO/USDT:USDT,0.8946,219.0,0.8942,219.0,0.8957,33.0,0.8958,544.0
1753531785287,12:09:45.287,AERO/USDT:USDT,0.8946,219.0,0.8942,219.0,0.8957,33.0,0.8958,544.0
1753531786011,12:09:46.011,AERO/USDT:USDT,0.8946,219.0,0.8942,219.0,0.8957,33.0,0.8958,763.0
1753531786067,12:09:46.067,AERO/USDT:USDT,0.8946,219.0,0.8942,219.0,0.8958,796.0,0.8959,1813.0
1753531786184,12:09:46.184,AERO/USDT:USDT,0.8946,219.0,0.8942,219.0,0.8958,796.0,0.8959,1813.0
1753531786495,12:09:46.495,AERO/USDT:USDT,0.8942,219.0,0.894,279.0,0.8958,796.0,0.8959,1813.0
1753531786629,12:09:46.629,AERO/USDT:USDT,0.8942,219.0,0.894,279.0,0.8958,796.0,0.8959,1813.0
1753531786736,12:09:46.736,AERO/USDT:USDT,0.8942,219.0,0.894,279.0,0.8958,796.0,0.8959,1813.0
1753531786846,12:09:46.846,AERO/USDT:USDT,0.8942,219.0,0.894,279.0,0.8958,796.0,0.8959,1813.0
1753531787596,12:09:47.596,AERO/USDT:USDT,0.8946,219.0,0.8942,219.0,0.8958,796.0,0.8959,1813.0
1753531787718,12:09:47.718,AERO/USDT:USDT,0.8942,219.0,0.894,279.0,0.8958,796.0,0.8959,1813.0
1753531787821,12:09:47.821,AERO/USDT:USDT,0.8946,219.0,0.8942,219.0,0.8958,796.0,0.8959,1813.0
1753531787924,12:09:47.924,AERO/USDT:USDT,0.8942,219.0,0.894,279.0,0.8958,796.0,0.8959,1813.0
1753531787972,12:09:47.972,AERO/USDT:USDT,0.8946,219.0,0.8942,219.0,0.8958,796.0,0.8959,1813.0
1753531788130,12:09:48.130,AERO/USDT:USDT,0.8946,219.0,0.8942,219.0,0.8958,796.0,0.8959,1813.0
1753531788338,12:09:48.338,AERO/USDT:USDT,0.8942,219.0,0.894,279.0,0.8958,796.0,0.8959,1813.0
1753531788386,12:09:48.386,AERO/USDT:USDT,0.8946,219.0,0.8942,219.0,0.8958,796.0,0.8959,1813.0
1753531788932,12:09:48.932,AERO/USDT:USDT,0.8946,219.0,0.8942,219.0,0.8958,796.0,0.8959,1813.0
1753531789088,12:09:49.088,AERO/USDT:USDT,0.8946,219.0,0.8942,219.0,0.8958,796.0,0.8959,1813.0
1753531789235,12:09:49.235,AERO/USDT:USDT,0.8942,219.0,0.894,279.0,0.8958,796.0,0.8959,1813.0
1753531789354,12:09:49.354,AERO/USDT:USDT,0.8942,219.0,0.894,279.0,0.8958,796.0,0.8959,1813.0
1753531789533,12:09:49.533,AERO/USDT:USDT,0.8946,219.0,0.8942,219.0,0.8958,796.0,0.8959,1813.0
1753531789767,12:09:49.767,AERO/USDT:USDT,0.8946,219.0,0.8942,219.0,0.8958,796.0,0.8959,1813.0
1753531789919,12:09:49.919,AERO/USDT:USDT,0.8942,219.0,0.894,279.0,0.8958,796.0,0.8959,1813.0
1753531790019,12:09:50.019,AERO/USDT:USDT,0.8946,219.0,0.8942,219.0,0.8958,796.0,0.8959,1813.0
1753531790691,12:09:50.691,AERO/USDT:USDT,0.8946,219.0,0.8942,219.0,0.8958,796.0,0.8959,1813.0
1753531790937,12:09:50.937,AERO/USDT:USDT,0.8946,219.0,0.8942,219.0,0.8958,796.0,0.8959,1813.0
1753531791441,12:09:51.441,AERO/USDT:USDT,0.8942,219.0,0.894,279.0,0.8958,796.0,0.8959,1813.0
1753531791497,12:09:51.497,AERO/USDT:USDT,0.8942,219.0,0.894,279.0,0.8958,796.0,0.8959,1813.0
1753531791596,12:09:51.596,AERO/USDT:USDT,0.8942,219.0,0.894,279.0,0.8958,796.0,0.8959,1813.0
1753531796421,12:09:56.421,AERO/USDT:USDT,0.8942,219.0,0.894,279.0,0.8958,796.0,0.8959,1813.0
1753531796854,12:09:56.854,AERO/USDT:USDT,0.8946,219.0,0.8942,219.0,0.8958,796.0,0.8959,1813.0
1753531797037,12:09:57.037,AERO/USDT:USDT,0.8946,219.0,0.8942,219.0,0.8958,796.0,0.8959,1813.0
1753531797939,12:09:57.939,AERO/USDT:USDT,0.8942,219.0,0.894,279.0,0.8958,796.0,0.8959,1813.0
1753531797958,12:09:57.958,AERO/USDT:USDT,0.8946,219.0,0.8942,219.0,0.8958,796.0,0.8959,1813.0
1753531798299,12:09:58.299,AERO/USDT:USDT,0.8942,219.0,0.894,279.0,0.8958,796.0,0.8959,1813.0
1753531798409,12:09:58.409,AERO/USDT:USDT,0.8946,219.0,0.8942,219.0,0.8958,796.0,0.8959,1813.0
1753531800012,12:10:00.012,AERO/USDT:USDT,0.8946,219.0,0.8942,219.0,0.8958,796.0,0.8959,1813.0
1753531800336,12:10:00.336,AERO/USDT:USDT,0.8942,219.0,0.894,279.0,0.8958,796.0,0.8959,1813.0
1753531800397,12:10:00.397,AERO/USDT:USDT,0.8946,219.0,0.8942,219.0,0.8958,796.0,0.8959,1813.0
1753531800695,12:10:00.695,AERO/USDT:USDT,0.8942,219.0,0.894,279.0,0.8958,796.0,0.8959,1813.0
1753531800778,12:10:00.778,AERO/USDT:USDT,0.8946,219.0,0.8942,219.0,0.8958,796.0,0.8959,1813.0
1753531801066,12:10:01.066,AERO/USDT:USDT,0.8946,219.0,0.8942,219.0,0.8958,796.0,0.8959,1813.0
1753531801195,12:10:01.195,AERO/USDT:USDT,0.8946,219.0,0.8942,219.0,0.8958,796.0,0.8959,1813.0
1753531801310,12:10:01.310,AERO/USDT:USDT,0.8942,219.0,0.894,279.0,0.8958,796.0,0.8959,1813.0
1753531801794,12:10:01.794,AERO/USDT:USDT,0.8946,219.0,0.8942,219.0,0.8958,796.0,0.8959,1813.0
1753531802016,12:10:02.016,AERO/USDT:USDT,0.8942,219.0,0.894,279.0,0.8958,796.0,0.8959,1813.0
1753531802770,12:10:02.770,AERO/USDT:USDT,0.8946,219.0,0.8942,219.0,0.8958,796.0,0.8959,1813.0
1753531802977,12:10:02.977,AERO/USDT:USDT,0.8942,219.0,0.894,279.0,0.8958,796.0,0.8959,1813.0
1753531805995,12:10:05.995,AERO/USDT:USDT,0.8942,219.0,0.894,279.0,0.8958,796.0,0.8959,1813.0
1753531806057,12:10:06.057,AERO/USDT:USDT,0.8942,219.0,0.894,279.0,0.8958,796.0,0.8959,1813.0
1753531808800,12:10:08.800,AERO/USDT:USDT,0.8946,219.0,0.8942,219.0,0.8958,796.0,0.8959,1813.0
1753531809911,12:10:09.911,AERO/USDT:USDT,0.8942,219.0,0.894,279.0,0.8958,796.0,0.8959,1813.0
1753531810088,12:10:10.088,AERO/USDT:USDT,0.8946,219.0,0.8942,219.0,0.8958,796.0,0.8959,1813.0
1753531810435,12:10:10.435,AERO/USDT:USDT,0.8946,219.0,0.8942,219.0,0.8958,796.0,0.8959,1813.0
1753531810828,12:10:10.828,AERO/USDT:USDT,0.8946,219.0,0.8943,283.0,0.8958,33.0,0.8962,331.0
1753531810911,12:10:10.911,AERO/USDT:USDT,0.8946,219.0,0.8943,283.0,0.8958,542.0,0.8959,1808.0
1753531810968,12:10:10.968,AERO/USDT:USDT,0.8946,219.0,0.8943,283.0,0.8958,575.0,0.8959,1808.0
1753531811176,12:10:11.176,AERO/USDT:USDT,0.8946,219.0,0.8943,283.0,0.8958,575.0,0.8959,1808.0
1753531811576,12:10:11.576,AERO/USDT:USDT,0.8946,219.0,0.8943,283.0,0.8958,575.0,0.8959,1808.0
1753531812004,12:10:12.004,AERO/USDT:USDT,0.8946,219.0,0.8943,283.0,0.8958,575.0,0.8959,1808.0
1753531812089,12:10:12.089,AERO/USDT:USDT,0.8946,219.0,0.8943,283.0,0.8958,575.0,0.8959,1808.0
1753531813812,12:10:13.812,AERO/USDT:USDT,0.8946,219.0,0.8943,283.0,0.8958,575.0,0.8959,1808.0
1753531814929,12:10:14.929,AERO/USDT:USDT,0.8946,219.0,0.8943,283.0,0.8958,794.0,0.8959,1808.0
1753531815105,12:10:15.105,AERO/USDT:USDT,0.8942,219.0,0.894,279.0,0.8958,794.0,0.8959,1808.0
1753531815165,12:10:15.165,AERO/USDT:USDT,0.8946,219.0,0.8942,219.0,0.8958,794.0,0.8959,1808.0
1753531815595,12:10:15.595,AERO/USDT:USDT,0.8946,219.0,0.8942,219.0,0.8958,794.0,0.8959,1808.0
1753531815679,12:10:15.679,AERO/USDT:USDT,0.8946,219.0,0.8942,219.0,0.8958,575.0,0.8959,1808.0
1753531817288,12:10:17.288,AERO/USDT:USDT,0.8946,219.0,0.8942,219.0,0.8958,794.0,0.8959,1808.0
1753531817714,12:10:17.714,AERO/USDT:USDT,0.8946,219.0,0.8942,219.0,0.8958,794.0,0.8959,1808.0
1753531818124,12:10:18.124,AERO/USDT:USDT,0.8946,219.0,0.8942,219.0,0.8958,575.0,0.8959,1808.0
1753531819200,12:10:19.200,AERO/USDT:USDT,0.8942,219.0,0.894,279.0,0.8958,794.0,0.8959,1808.0
1753531819288,12:10:19.288,AERO/USDT:USDT,0.8946,219.0,0.8942,219.0,0.8958,794.0,0.8959,1808.0
1753531819406,12:10:19.406,AERO/USDT:USDT,0.8946,219.0,0.8942,219.0,0.8958,794.0,0.8959,1808.0
1753531819757,12:10:19.757,AERO/USDT:USDT,0.8946,219.0,0.8942,219.0,0.8958,794.0,0.8959,1808.0
1753531820108,12:10:20.108,AERO/USDT:USDT,0.8946,219.0,0.8942,219.0,0.8958,575.0,0.8959,1808.0
1753531820408,12:10:20.408,AERO/USDT:USDT,0.8946,219.0,0.8942,219.0,0.8958,575.0,0.8959,1808.0
1753531820638,12:10:20.638,AERO/USDT:USDT,0.8946,219.0,0.8942,219.0,0.8958,575.0,0.8959,1808.0
1753531821031,12:10:21.031,AERO/USDT:USDT,0.8946,219.0,0.8942,219.0,0.8958,794.0,0.8959,1808.0
1753531822022,12:10:22.022,AERO/USDT:USDT,0.8946,219.0,0.8942,219.0,0.8958,575.0,0.8959,1808.0
1753531822456,12:10:22.456,AERO/USDT:USDT,0.8946,219.0,0.8942,219.0,0.8958,794.0,0.8959,1808.0
1753531823561,12:10:23.561,AERO/USDT:USDT,0.8946,219.0,0.8942,219.0,0.8958,575.0,0.8959,1808.0
1753531825208,12:10:25.208,AERO/USDT:USDT,0.8946,219.0,0.8942,219.0,0.8958,575.0,0.8959,1808.0
1753531825720,12:10:25.720,AERO/USDT:USDT,0.8946,219.0,0.8942,219.0,0.8958,33.0,0.8959,1808.0
1753531825933,12:10:25.933,AERO/USDT:USDT,0.8946,219.0,0.8943,25.0,0.8958,575.0,0.8959,1808.0
1753531826003,12:10:26.003,AERO/USDT:USDT,0.8946,219.0,0.8943,25.0,0.8958,575.0,0.8959,1808.0
1753531828044,12:10:28.044,AERO/USDT:USDT,0.8943,25.0,0.8942,219.0,0.8958,575.0,0.8959,1808.0
1753531828093,12:10:28.093,AERO/USDT:USDT,0.8946,219.0,0.8943,25.0,0.8958,575.0,0.8959,1808.0
1753531829998,12:10:29.998,AERO/USDT:USDT,0.8946,219.0,0.8943,25.0,0.8958,575.0,0.8959,1808.0
1753531830927,12:10:30.927,AERO/USDT:USDT,0.8946,219.0,0.8943,25.0,0.8958,33.0,0.8959,1808.0
1753531831008,12:10:31.008,AERO/USDT:USDT,0.8946,219.0,0.8943,25.0,0.8958,575.0,0.8959,1808.0
1753531831126,12:10:31.126,AERO/USDT:USDT,0.8946,219.0,0.8943,25.0,0.8958,575.0,0.8959,1808.0
1753531831220,12:10:31.220,AERO/USDT:USDT,0.8946,219.0,0.8943,25.0,0.8958,33.0,0.8959,1808.0
1753531832004,12:10:32.004,AERO/USDT:USDT,0.8946,219.0,0.8943,25.0,0.8958,33.0,0.8959,1808.0
1753531832090,12:10:32.090,AERO/USDT:USDT,0.8946,219.0,0.8943,25.0,0.8958,33.0,0.8959,1808.0
1753531832288,12:10:32.288,AERO/USDT:USDT,0.8946,219.0,0.8943,25.0,0.8958,33.0,0.8959,1808.0
1753531832416,12:10:32.416,AERO/USDT:USDT,0.8946,219.0,0.8943,25.0,0.8958,33.0,0.8959,1808.0
1753531832538,12:10:32.538,AERO/USDT:USDT,0.8946,219.0,0.8943,25.0,0.8958,33.0,0.8959,1808.0
1753531832572,12:10:32.572,AERO/USDT:USDT,0.8946,219.0,0.8943,25.0,0.8958,33.0,0.8959,1808.0
1753531832709,12:10:32.709,AERO/USDT:USDT,0.8946,219.0,0.8943,25.0,0.8958,33.0,0.8962,707.0
1753531832794,12:10:32.794,AERO/USDT:USDT,0.8946,219.0,0.8943,25.0,0.8962,740.0,0.8963,2356.0
1753531832937,12:10:32.937,AERO/USDT:USDT,0.8946,219.0,0.8943,25.0,0.8962,740.0,0.8963,2356.0
1753531833044,12:10:33.044,AERO/USDT:USDT,0.8946,219.0,0.8943,25.0,0.8962,740.0,0.8963,2356.0
1753531833116,12:10:33.116,AERO/USDT:USDT,0.8946,219.0,0.8943,25.0,0.8962,740.0,0.8963,2356.0
1753531833439,12:10:33.439,AERO/USDT:USDT,0.8946,219.0,0.8943,25.0,0.8962,740.0,0.8963,2356.0
1753531833448,12:10:33.448,AERO/USDT:USDT,0.8946,219.0,0.8943,25.0,0.8962,740.0,0.8963,2356.0
1753531833808,12:10:33.808,AERO/USDT:USDT,0.8946,219.0,0.8943,25.0,0.8962,740.0,0.8963,2356.0
1753531833937,12:10:33.937,AERO/USDT:USDT,0.8943,25.0,0.8942,219.0,0.8962,740.0,0.8963,2356.0
1753531834008,12:10:34.008,AERO/USDT:USDT,0.8946,219.0,0.8943,25.0,0.8962,740.0,0.8963,2356.0
1753531834228,12:10:34.228,AERO/USDT:USDT,0.8946,219.0,0.8943,25.0,0.8962,740.0,0.8963,2356.0
1753531834248,12:10:34.248,AERO/USDT:USDT,0.8946,219.0,0.8943,25.0,0.8962,740.0,0.8963,2356.0
1753531834796,12:10:34.796,AERO/USDT:USDT,0.8946,219.0,0.8943,25.0,0.8962,740.0,0.8963,2356.0
1753531836396,12:10:36.396,AERO/USDT:USDT,0.8946,219.0,0.8943,25.0,0.8962,1197.0,0.8963,2356.0
1753531837120,12:10:37.120,AERO/USDT:USDT,0.8946,219.0,0.8943,25.0,0.8961,457.0,0.8962,740.0
1753531837200,12:10:37.200,AERO/USDT:USDT,0.8946,219.0,0.8943,25.0,0.8961,457.0,0.8962,740.0
1753531837335,12:10:37.335,AERO/USDT:USDT,0.8942,219.0,0.8941,342.0,0.8959,219.0,0.8961,457.0
1753531837423,12:10:37.423,AERO/USDT:USDT,0.8946,219.0,0.8942,219.0,0.8958,457.0,0.8962,740.0
1753531837478,12:10:37.478,AERO/USDT:USDT,0.8946,219.0,0.8942,219.0,0.8958,457.0,0.8962,740.0
1753531837586,12:10:37.586,AERO/USDT:USDT,0.8946,219.0,0.8942,219.0,0.8958,457.0,0.8962,740.0
1753531837723,12:10:37.723,AERO/USDT:USDT,0.8946,219.0,0.8942,219.0,0.8958,457.0,0.8962,740.0
1753531837798,12:10:37.798,AERO/USDT:USDT,0.8946,219.0,0.8942,219.0,0.8958,457.0,0.8962,740.0
1753531838211,12:10:38.211,AERO/USDT:USDT,0.8946,219.0,0.8942,219.0,0.8958,457.0,0.8962,740.0
1753531838821,12:10:38.821,AERO/USDT:USDT,0.8946,219.0,0.8942,219.0,0.8961,457.0,0.8962,740.0
1753531838856,12:10:38.856,AERO/USDT:USDT,0.8946,219.0,0.8942,219.0,0.8961,457.0,0.8962,740.0
1753531839033,12:10:39.033,AERO/USDT:USDT,0.8946,219.0,0.8942,219.0,0.8961,457.0,0.8962,740.0
1753531839222,12:10:39.222,AERO/USDT:USDT,0.8946,219.0,0.8942,219.0,0.8959,219.0,0.8961,457.0
1753531839262,12:10:39.262,AERO/USDT:USDT,0.8946,219.0,0.8942,219.0,0.8958,457.0,0.8959,219.0
1753531839633,12:10:39.633,AERO/USDT:USDT,0.8942,219.0,0.8941,342.0,0.8958,457.0,0.8962,740.0
1753531839675,12:10:39.675,AERO/USDT:USDT,0.8946,219.0,0.8942,219.0,0.8958,457.0,0.8962,740.0
1753531839940,12:10:39.940,AERO/USDT:USDT,0.8942,219.0,0.8938,219.0,0.8957,219.0,0.8958,457.0
1753531840041,12:10:40.041,AERO/USDT:USDT,0.8942,219.0,0.8938,219.0,0.8956,457.0,0.8957,219.0
1753531840142,12:10:40.142,AERO/USDT:USDT,0.8938,219.0,0.8937,279.0,0.8956,457.0,0.8957,219.0
1753531840194,12:10:40.194,AERO/USDT:USDT,0.8938,219.0,0.8937,279.0,0.8957,219.0,0.8961,284.0
1753531840300,12:10:40.300,AERO/USDT:USDT,0.8942,219.0,0.8938,219.0,0.8957,219.0,0.8961,284.0
1753531840422,12:10:40.422,AERO/USDT:USDT,0.8942,219.0,0.8938,219.0,0.8957,219.0,0.8961,284.0
1753531840921,12:10:40.921,AERO/USDT:USDT,0.8942,219.0,0.8938,219.0,0.8957,219.0,0.8961,284.0
1753531841108,12:10:41.108,AERO/USDT:USDT,0.8942,219.0,0.8938,219.0,0.8957,219.0,0.8961,284.0
1753531841203,12:10:41.203,AERO/USDT:USDT,0.8942,219.0,0.8938,219.0,0.8957,219.0,0.8961,284.0
1753531841482,12:10:41.482,AERO/USDT:USDT,0.8942,219.0,0.8938,219.0,0.8957,219.0,0.8961,284.0
1753531841681,12:10:41.681,AERO/USDT:USDT,0.8942,219.0,0.8938,219.0,0.8957,219.0,0.8961,284.0
1753531841905,12:10:41.905,AERO/USDT:USDT,0.8942,219.0,0.8938,219.0,0.8957,219.0,0.8961,284.0
1753531842004,12:10:42.004,AERO/USDT:USDT,0.8942,219.0,0.8938,219.0,0.8957,219.0,0.8961,284.0
1753531842439,12:10:42.439,AERO/USDT:USDT,0.8942,219.0,0.8938,244.0,0.8957,219.0,0.8961,284.0
1753531842881,12:10:42.881,AERO/USDT:USDT,0.8942,219.0,0.8938,244.0,0.8958,219.0,0.8961,284.0
1753531843281,12:10:43.281,AERO/USDT:USDT,0.8942,219.0,0.8938,244.0,0.8958,219.0,0.8961,284.0
1753531843445,12:10:43.445,AERO/USDT:USDT,0.8942,219.0,0.8938,244.0,0.8958,219.0,0.8961,284.0
1753531843552,12:10:43.552,AERO/USDT:USDT,0.8942,219.0,0.8938,244.0,0.8958,219.0,0.8961,284.0
1753531843857,12:10:43.857,AERO/USDT:USDT,0.8942,219.0,0.8938,244.0,0.8958,219.0,0.8961,284.0
1753531844217,12:10:44.217,AERO/USDT:USDT,0.8938,244.0,0.8936,279.0,0.8958,219.0,0.8961,284.0
1753531844298,12:10:44.298,AERO/USDT:USDT,0.8942,219.0,0.8938,244.0,0.8958,219.0,0.8961,284.0
1753531844408,12:10:44.408,AERO/USDT:USDT,0.8942,219.0,0.8938,244.0,0.8958,219.0,0.8961,284.0
1753531845008,12:10:45.008,AERO/USDT:USDT,0.8942,219.0,0.8938,244.0,0.8958,219.0,0.8961,284.0
1753531845100,12:10:45.100,AERO/USDT:USDT,0.8942,219.0,0.8938,244.0,0.8958,219.0,0.8961,284.0
1753531845240,12:10:45.240,AERO/USDT:USDT,0.8942,219.0,0.8938,244.0,0.8958,219.0,0.8961,284.0
1753531845786,12:10:45.786,AERO/USDT:USDT,0.8942,219.0,0.8938,244.0,0.8958,219.0,0.8961,284.0
1753531846028,12:10:46.028,AERO/USDT:USDT,0.8942,219.0,0.8938,244.0,0.8958,219.0,0.8961,284.0
1753531846650,12:10:46.650,AERO/USDT:USDT,0.8942,219.0,0.8939,284.0,0.8958,219.0,0.8961,284.0
1753531846838,12:10:46.838,AERO/USDT:USDT,0.8946,219.0,0.8942,219.0,0.8958,219.0,0.8962,740.0
1753531847040,12:10:47.040,AERO/USDT:USDT,0.8946,219.0,0.8942,219.0,0.8962,740.0,0.8963,2028.0
1753531847062,12:10:47.062,AERO/USDT:USDT,0.8946,219.0,0.8942,219.0,0.8959,219.0,0.8962,740.0
1753531847200,12:10:47.200,AERO/USDT:USDT,0.8946,219.0,0.8942,219.0,0.8959,219.0,0.8962,740.0
1753531847742,12:10:47.742,AERO/USDT:USDT,0.8942,244.0,0.8939,284.0,0.8959,219.0,0.8962,740.0
1753531847751,12:10:47.751,AERO/USDT:USDT,0.8946,219.0,0.8942,244.0,0.8959,219.0,0.8962,740.0
1753531847941,12:10:47.941,AERO/USDT:USDT,0.8946,219.0,0.8942,244.0,0.8959,219.0,0.8962,740.0
1753531848008,12:10:48.008,AERO/USDT:USDT,0.8946,219.0,0.8942,244.0,0.8959,219.0,0.8962,740.0
1753531848141,12:10:48.141,AERO/USDT:USDT,0.8946,219.0,0.8942,244.0,0.8959,219.0,0.8962,740.0
1753531848343,12:10:48.343,AERO/USDT:USDT,0.8942,244.0,0.8939,284.0,0.8959,219.0,0.8962,740.0
1753531848421,12:10:48.421,AERO/USDT:USDT,0.8946,219.0,0.8942,244.0,0.8959,219.0,0.8962,740.0
1753531848835,12:10:48.835,AERO/USDT:USDT,0.8946,219.0,0.8942,244.0,0.8959,219.0,0.8962,740.0
1753531849196,12:10:49.196,AERO/USDT:USDT,0.8946,219.0,0.8942,244.0,0.8959,219.0,0.8962,740.0
1753531850039,12:10:50.039,AERO/USDT:USDT,0.8946,219.0,0.8942,244.0,0.8959,219.0,0.8962,740.0
1753531850140,12:10:50.140,AERO/USDT:USDT,0.8946,219.0,0.8942,244.0,0.8959,219.0,0.8962,740.0
1753531850687,12:10:50.687,AERO/USDT:USDT,0.8946,219.0,0.8942,244.0,0.8959,219.0,0.896,457.0
1753531851412,12:10:51.412,AERO/USDT:USDT,0.8946,219.0,0.8942,244.0,0.8959,219.0,0.896,457.0
1753531851544,12:10:51.544,AERO/USDT:USDT,0.8946,219.0,0.8942,244.0,0.896,457.0,0.8962,740.0
1753531851588,12:10:51.588,AERO/USDT:USDT,0.8946,219.0,0.8942,244.0,0.896,457.0,0.8962,740.0
1753531851755,12:10:51.755,AERO/USDT:USDT,0.8946,219.0,0.8942,244.0,0.8959,219.0,0.896,457.0
1753531852067,12:10:52.067,AERO/USDT:USDT,0.8946,219.0,0.8942,244.0,0.8959,219.0,0.896,457.0
1753531853996,12:10:53.996,AERO/USDT:USDT,0.8946,219.0,0.8942,244.0,0.8959,219.0,0.896,457.0
1753531855891,12:10:55.891,AERO/USDT:USDT,0.8946,219.0,0.8942,244.0,0.896,457.0,0.8962,740.0
1753531856117,12:10:56.117,AERO/USDT:USDT,0.8946,219.0,0.8942,244.0,0.8959,219.0,0.896,457.0
1753531856198,12:10:56.198,AERO/USDT:USDT,0.8946,219.0,0.8943,25.0,0.8959,219.0,0.896,457.0
1753531857842,12:10:57.842,AERO/USDT:USDT,0.8946,219.0,0.8943,25.0,0.896,457.0,0.8962,740.0
1753531858797,12:10:58.797,AERO/USDT:USDT,0.8946,219.0,0.8943,25.0,0.896,457.0,0.8962,740.0
1753531858947,12:10:58.947,AERO/USDT:USDT,0.8946,219.0,0.8943,25.0,0.896,457.0,0.8962,740.0
1753531859402,12:10:59.402,AERO/USDT:USDT,0.8946,219.0,0.8943,25.0,0.8962,740.0,0.8963,2028.0
1753531859763,12:10:59.763,AERO/USDT:USDT,0.8946,219.0,0.8943,25.0,0.8962,740.0,0.8963,2028.0
1753531859931,12:10:59.931,AERO/USDT:USDT,0.8946,219.0,0.8943,25.0,0.8961,457.0,0.8962,740.0
1753531860096,12:11:00.096,AERO/USDT:USDT,0.8946,219.0,0.8943,25.0,0.8962,740.0,0.8963,2028.0
1753531860213,12:11:00.213,AERO/USDT:USDT,0.8946,219.0,0.8943,25.0,0.8961,457.0,0.8962,740.0
1753531861589,12:11:01.589,AERO/USDT:USDT,0.8946,219.0,0.8943,25.0,0.8962,740.0,0.8963,2028.0
1753531861706,12:11:01.706,AERO/USDT:USDT,0.8946,219.0,0.8943,25.0,0.8961,457.0,0.8962,740.0
1753531861810,12:11:01.810,AERO/USDT:USDT,0.8946,219.0,0.8943,25.0,0.8962,740.0,0.8963,2028.0
1753531861869,12:11:01.869,AERO/USDT:USDT,0.8946,219.0,0.8943,25.0,0.8962,740.0,0.8963,2028.0
1753531862959,12:11:02.959,AERO/USDT:USDT,0.8946,219.0,0.8943,25.0,0.8962,740.0,0.8963,2028.0
1753531863103,12:11:03.103,AERO/USDT:USDT,0.8946,219.0,0.8943,25.0,0.8961,457.0,0.8962,740.0
1753531863206,12:11:03.206,AERO/USDT:USDT,0.8946,219.0,0.8943,25.0,0.8961,457.0,0.8962,740.0
1753531863404,12:11:03.404,AERO/USDT:USDT,0.8946,219.0,0.8943,25.0,0.8961,457.0,0.8962,740.0
1753531863597,12:11:03.597,AERO/USDT:USDT,0.8946,219.0,0.8943,25.0,0.8961,457.0,0.8962,740.0
1753531864211,12:11:04.211,AERO/USDT:USDT,0.8946,219.0,0.8943,25.0,0.8962,740.0,0.8963,2028.0
1753531865042,12:11:05.042,AERO/USDT:USDT,0.8946,219.0,0.8943,25.0,0.8962,740.0,0.8963,2028.0
1753531868240,12:11:08.240,AERO/USDT:USDT,0.8946,219.0,0.8943,25.0,0.8962,740.0,0.8963,2028.0
1753531868265,12:11:08.265,AERO/USDT:USDT,0.8946,219.0,0.8943,25.0,0.8962,740.0,0.8963,2028.0
1753531868400,12:11:08.400,AERO/USDT:USDT,0.8946,219.0,0.8943,25.0,0.8961,457.0,0.8962,740.0
1753531868679,12:11:08.679,AERO/USDT:USDT,0.8946,219.0,0.8943,25.0,0.8961,457.0,0.8962,740.0
1753531868806,12:11:08.806,AERO/USDT:USDT,0.8946,219.0,0.8943,25.0,0.8962,740.0,0.8963,2028.0
1753531868850,12:11:08.850,AERO/USDT:USDT,0.8946,219.0,0.8943,25.0,0.8962,1197.0,0.8963,2028.0
1753531868957,12:11:08.957,AERO/USDT:USDT,0.8946,219.0,0.8943,25.0,0.8962,740.0,0.8963,2028.0
1753531869096,12:11:09.096,AERO/USDT:USDT,0.8946,219.0,0.8943,25.0,0.8962,740.0,0.8963,2028.0
1753531869809,12:11:09.809,AERO/USDT:USDT,0.8946,219.0,0.8943,25.0,0.8962,1070.0,0.8963,2028.0
1753531870312,12:11:10.312,AERO/USDT:USDT,0.8946,219.0,0.8943,25.0,0.8962,1070.0,0.8963,2028.0
1753531870930,12:11:10.930,AERO/USDT:USDT,0.8946,219.0,0.8943,25.0,0.8962,1070.0,0.8963,2028.0
1753531871003,12:11:11.003,AERO/USDT:USDT,0.8946,219.0,0.8943,25.0,0.8962,1070.0,0.8963,2028.0
1753531871130,12:11:11.130,AERO/USDT:USDT,0.8946,219.0,0.8943,25.0,0.8962,1070.0,0.8963,2028.0
1753531871190,12:11:11.190,AERO/USDT:USDT,0.8946,219.0,0.8943,25.0,0.8962,1070.0,0.8963,2028.0
1753531871628,12:11:11.628,AERO/USDT:USDT,0.8946,219.0,0.8943,25.0,0.8961,246.0,0.8962,1527.0
1753531872017,12:11:12.017,AERO/USDT:USDT,0.8946,219.0,0.8943,25.0,0.8961,457.0,0.8962,1070.0
1753531872419,12:11:12.419,AERO/USDT:USDT,0.8946,219.0,0.8943,25.0,0.8962,1070.0,0.8963,2028.0
1753531872845,12:11:12.845,AERO/USDT:USDT,0.895,219.0,0.8946,219.0,0.8962,740.0,0.8963,2028.0
1753531872945,12:11:12.945,AERO/USDT:USDT,0.895,219.0,0.8946,219.0,0.8961,457.0,0.8962,740.0
1753531873005,12:11:13.005,AERO/USDT:USDT,0.895,219.0,0.8946,219.0,0.8962,740.0,0.8963,2028.0
1753531873071,12:11:13.071,AERO/USDT:USDT,0.895,219.0,0.8946,219.0,0.8962,1197.0,0.8963,2028.0
1753531873203,12:11:13.203,AERO/USDT:USDT,0.895,219.0,0.8946,219.0,0.8962,1197.0,0.8963,2028.0
1753531873634,12:11:13.634,AERO/USDT:USDT,0.895,219.0,0.8946,219.0,0.8962,1197.0,0.8963,2028.0
1753531873820,12:11:13.820,AERO/USDT:USDT,0.895,219.0,0.8946,219.0,0.8962,1197.0,0.8963,2028.0
1753531874023,12:11:14.023,AERO/USDT:USDT,0.8946,219.0,0.8944,283.0,0.8962,1197.0,0.8963,2028.0
1753531874127,12:11:14.127,AERO/USDT:USDT,0.895,219.0,0.8946,219.0,0.8962,1197.0,0.8963,2028.0
1753531874452,12:11:14.452,AERO/USDT:USDT,0.895,219.0,0.8946,219.0,0.8962,1197.0,0.8963,2028.0
1753531874767,12:11:14.767,AERO/USDT:USDT,0.895,219.0,0.8946,219.0,0.8962,1197.0,0.8963,2369.0
1753531876079,12:11:16.079,AERO/USDT:USDT,0.895,219.0,0.8946,219.0,0.8962,1197.0,0.8963,2369.0
1753531876297,12:11:16.297,AERO/USDT:USDT,0.895,219.0,0.8946,244.0,0.8962,1197.0,0.8963,2369.0
1753531876434,12:11:16.434,AERO/USDT:USDT,0.8946,244.0,0.8944,283.0,0.8962,1197.0,0.8963,2369.0
1753531876495,12:11:16.495,AERO/USDT:USDT,0.8946,244.0,0.8944,283.0,0.8962,1197.0,0.8963,2369.0
1753531876620,12:11:16.620,AERO/USDT:USDT,0.8946,244.0,0.8944,283.0,0.8962,740.0,0.8963,2369.0
1753531876909,12:11:16.909,AERO/USDT:USDT,0.895,219.0,0.8946,244.0,0.8962,740.0,0.8963,2369.0
1753531876949,12:11:16.949,AERO/USDT:USDT,0.895,219.0,0.8946,244.0,0.8961,457.0,0.8962,740.0
1753531877323,12:11:17.323,AERO/USDT:USDT,0.895,219.0,0.8946,244.0,0.8961,457.0,0.8962,740.0
1753531877403,12:11:17.403,AERO/USDT:USDT,0.895,219.0,0.8946,244.0,0.8962,740.0,0.8963,2369.0
1753531877534,12:11:17.534,AERO/USDT:USDT,0.895,219.0,0.8946,244.0,0.8961,457.0,0.8962,740.0
1753531877998,12:11:17.998,AERO/USDT:USDT,0.895,219.0,0.8946,244.0,0.8961,457.0,0.8962,740.0
1753531879602,12:11:19.602,AERO/USDT:USDT,0.895,219.0,0.8946,244.0,0.8961,457.0,0.8962,740.0
1753531879905,12:11:19.905,AERO/USDT:USDT,0.8946,219.0,0.8944,283.0,0.8961,457.0,0.8962,740.0
1753531880095,12:11:20.095,AERO/USDT:USDT,0.8946,219.0,0.8944,283.0,0.8961,457.0,0.8962,740.0
1753531880206,12:11:20.206,AERO/USDT:USDT,0.8946,219.0,0.8944,283.0,0.8961,457.0,0.8962,740.0
1753531880340,12:11:20.340,AERO/USDT:USDT,0.8946,219.0,0.8944,283.0,0.8961,457.0,0.8962,740.0
1753531880408,12:11:20.408,AERO/USDT:USDT,0.895,219.0,0.8946,219.0,0.8961,457.0,0.8962,740.0
1753531880631,12:11:20.631,AERO/USDT:USDT,0.895,219.0,0.8946,219.0,0.8961,457.0,0.8962,740.0
1753531880797,12:11:20.797,AERO/USDT:USDT,0.895,219.0,0.8946,219.0,0.8961,457.0,0.8962,740.0
1753531881268,12:11:21.268,AERO/USDT:USDT,0.8946,219.0,0.8944,283.0,0.8961,457.0,0.8962,740.0
1753531881456,12:11:21.456,AERO/USDT:USDT,0.8946,219.0,0.8944,283.0,0.8962,740.0,0.8963,2369.0
1753531881871,12:11:21.871,AERO/USDT:USDT,0.8946,219.0,0.8944,283.0,0.8962,740.0,0.8963,2369.0
1753531882019,12:11:22.019,AERO/USDT:USDT,0.8946,219.0,0.8944,283.0,0.8962,740.0,0.8963,2369.0
1753531882285,12:11:22.285,AERO/USDT:USDT,0.8946,219.0,0.8944,283.0,0.8962,740.0,0.8963,2369.0
1753531882357,12:11:22.357,AERO/USDT:USDT,0.8946,219.0,0.8944,283.0,0.8962,740.0,0.8963,2369.0
1753531882639,12:11:22.639,AERO/USDT:USDT,0.8946,219.0,0.8944,283.0,0.8962,740.0,0.8963,2369.0
1753531882704,12:11:22.704,AERO/USDT:USDT,0.8946,219.0,0.8944,283.0,0.8962,740.0,0.8963,2369.0
1753531882818,12:11:22.818,AERO/USDT:USDT,0.895,219.0,0.8946,219.0,0.8962,740.0,0.8963,2369.0
1753531882859,12:11:22.859,AERO/USDT:USDT,0.895,219.0,0.8946,219.0,0.8961,457.0,0.8962,740.0
1753531882969,12:11:22.969,AERO/USDT:USDT,0.895,219.0,0.8946,219.0,0.8961,457.0,0.8962,740.0
1753531883130,12:11:23.130,AERO/USDT:USDT,0.895,219.0,0.8946,219.0,0.8961,457.0,0.8962,740.0
1753531883333,12:11:23.333,AERO/USDT:USDT,0.8946,219.0,0.8944,283.0,0.8961,457.0,0.8962,740.0
1753531883349,12:11:23.349,AERO/USDT:USDT,0.8946,219.0,0.8944,283.0,0.8962,740.0,0.8963,2369.0
1753531883549,12:11:23.549,AERO/USDT:USDT,0.8946,219.0,0.8944,283.0,0.8962,740.0,0.8963,2369.0
1753531883714,12:11:23.714,AERO/USDT:USDT,0.8946,219.0,0.8944,283.0,0.8962,740.0,0.8963,2369.0
1753531883928,12:11:23.928,AERO/USDT:USDT,0.895,219.0,0.8946,219.0,0.8962,740.0,0.8963,2369.0
1753531883982,12:11:23.982,AERO/USDT:USDT,0.8946,219.0,0.8944,283.0,0.8961,457.0,0.8962,740.0
1753531884050,12:11:24.050,AERO/USDT:USDT,0.8946,219.0,0.8944,283.0,0.8962,740.0,0.8963,2369.0
1753531884383,12:11:24.383,AERO/USDT:USDT,0.895,219.0,0.8946,219.0,0.8962,740.0,0.8963,2369.0
1753531884531,12:11:24.531,AERO/USDT:USDT,0.895,219.0,0.8946,219.0,0.8962,740.0,0.8963,2369.0
1753531884814,12:11:24.814,AERO/USDT:USDT,0.895,219.0,0.8946,219.0,0.8962,740.0,0.8963,2369.0
1753531885105,12:11:25.105,AERO/USDT:USDT,0.895,219.0,0.8946,219.0,0.8962,1197.0,0.8963,2369.0
1753531885215,12:11:25.215,AERO/USDT:USDT,0.895,219.0,0.8946,219.0,0.8962,1197.0,0.8963,2369.0
1753531885304,12:11:25.304,AERO/USDT:USDT,0.895,219.0,0.8946,219.0,0.8962,740.0,0.8963,2369.0
1753531885841,12:11:25.841,AERO/USDT:USDT,0.8946,219.0,0.8944,283.0,0.8962,740.0,0.8963,2369.0
1753531885943,12:11:25.943,AERO/USDT:USDT,0.8946,219.0,0.8944,283.0,0.8962,740.0,0.8963,2369.0
1753531886002,12:11:26.002,AERO/USDT:USDT,0.895,219.0,0.8946,219.0,0.8962,740.0,0.8963,2369.0
1753531886085,12:11:26.085,AERO/USDT:USDT,0.895,219.0,0.8946,219.0,0.8962,1197.0,0.8963,2369.0
1753531886705,12:11:26.705,AERO/USDT:USDT,0.895,219.0,0.8946,219.0,0.8962,740.0,0.8963,2369.0
1753531887157,12:11:27.157,AERO/USDT:USDT,0.895,219.0,0.8946,219.0,0.8962,740.0,0.8963,2369.0
1753531887598,12:11:27.598,AERO/USDT:USDT,0.895,219.0,0.8946,219.0,0.8962,740.0,0.8963,2369.0
1753531887702,12:11:27.702,AERO/USDT:USDT,0.8946,219.0,0.8944,283.0,0.8962,740.0,0.8963,2369.0
1753531887912,12:11:27.912,AERO/USDT:USDT,0.895,219.0,0.8946,219.0,0.8962,740.0,0.8963,2369.0
1753531887949,12:11:27.949,AERO/USDT:USDT,0.895,219.0,0.8946,219.0,0.8962,1197.0,0.8963,2369.0
1753531888268,12:11:28.268,AERO/USDT:USDT,0.8946,219.0,0.8944,283.0,0.8962,1197.0,0.8963,2369.0
1753531888440,12:11:28.440,AERO/USDT:USDT,0.8946,219.0,0.8944,283.0,0.8962,1197.0,0.8963,2369.0
1753531888586,12:11:28.586,AERO/USDT:USDT,0.895,219.0,0.8946,219.0,0.8962,1197.0,0.8963,2369.0
1753531888738,12:11:28.738,AERO/USDT:USDT,0.895,219.0,0.8946,219.0,0.8962,1197.0,0.8963,2369.0
1753531888838,12:11:28.838,AERO/USDT:USDT,0.8946,219.0,0.8943,326.0,0.8961,457.0,0.8962,740.0
1753531888940,12:11:28.940,AERO/USDT:USDT,0.8946,219.0,0.8943,326.0,0.8961,457.0,0.8962,740.0
1753531889009,12:11:29.009,AERO/USDT:USDT,0.8946,219.0,0.8943,326.0,0.8959,219.0,0.8961,457.0
1753531889050,12:11:29.050,AERO/USDT:USDT,0.8946,219.0,0.8943,326.0,0.8959,676.0,0.8962,740.0
1753531889278,12:11:29.278,AERO/USDT:USDT,0.8946,219.0,0.8943,326.0,0.8959,676.0,0.8962,740.0
1753531889694,12:11:29.694,AERO/USDT:USDT,0.8946,219.0,0.8943,326.0,0.8959,676.0,0.8962,740.0
1753531889913,12:11:29.913,AERO/USDT:USDT,0.8946,219.0,0.8943,326.0,0.8959,457.0,0.8962,740.0
1753531890217,12:11:30.217,AERO/USDT:USDT,0.8946,219.0,0.8942,244.0,0.8958,219.0,0.8959,457.0
1753531890277,12:11:30.277,AERO/USDT:USDT,0.8946,219.0,0.8942,244.0,0.8958,219.0,0.8959,457.0
1753531890503,12:11:30.503,AERO/USDT:USDT,0.8946,219.0,0.8942,244.0,0.8958,219.0,0.8959,457.0
1753531891100,12:11:31.100,AERO/USDT:USDT,0.8946,219.0,0.8942,244.0,0.8958,219.0,0.8959,457.0
1753531892012,12:11:32.012,AERO/USDT:USDT,0.8946,219.0,0.8942,244.0,0.8958,219.0,0.8959,457.0
1753531892145,12:11:32.145,AERO/USDT:USDT,0.8942,244.0,0.8939,284.0,0.8958,219.0,0.8959,457.0
1753531892203,12:11:32.203,AERO/USDT:USDT,0.8946,219.0,0.8942,244.0,0.8958,219.0,0.8959,457.0
1753531892399,12:11:32.399,AERO/USDT:USDT,0.8946,219.0,0.8942,244.0,0.8958,219.0,0.8959,457.0
1753531892580,12:11:32.580,AERO/USDT:USDT,0.8946,219.0,0.8942,244.0,0.8958,219.0,0.8959,457.0
1753531892829,12:11:32.829,AERO/USDT:USDT,0.8942,219.0,0.8939,284.0,0.8958,676.0,0.8962,740.0
1753531892908,12:11:32.908,AERO/USDT:USDT,0.8942,219.0,0.8939,284.0,0.8958,676.0,0.8962,740.0
1753531893019,12:11:33.019,AERO/USDT:USDT,0.8942,219.0,0.8939,284.0,0.8958,676.0,0.8962,740.0
1753531893445,12:11:33.445,AERO/USDT:USDT,0.8942,219.0,0.8939,284.0,0.8958,676.0,0.8962,740.0
1753531893520,12:11:33.520,AERO/USDT:USDT,0.8942,219.0,0.8939,284.0,0.8958,676.0,0.8962,740.0
1753531893862,12:11:33.862,AERO/USDT:USDT,0.8942,219.0,0.8939,284.0,0.8957,457.0,0.8958,219.0
1753531894004,12:11:34.004,AERO/USDT:USDT,0.8942,219.0,0.8939,284.0,0.8957,457.0,0.8958,219.0
1753531895008,12:11:35.008,AERO/USDT:USDT,0.8942,219.0,0.8939,284.0,0.8957,457.0,0.8958,219.0
1753531895073,12:11:35.073,AERO/USDT:USDT,0.8942,219.0,0.8939,284.0,0.8957,457.0,0.8958,219.0
1753531895251,12:11:35.251,AERO/USDT:USDT,0.8942,329.0,0.8939,284.0,0.8957,457.0,0.8958,219.0
1753531895452,12:11:35.452,AERO/USDT:USDT,0.8942,439.0,0.8939,284.0,0.8957,457.0,0.8958,219.0
1753531896335,12:11:36.335,AERO/USDT:USDT,0.8942,439.0,0.8939,284.0,0.8957,457.0,0.8958,219.0
1753531896442,12:11:36.442,AERO/USDT:USDT,0.8942,329.0,0.894,342.0,0.8958,219.0,0.896,457.0
1753531896462,12:11:36.462,AERO/USDT:USDT,0.8942,219.0,0.894,342.0,0.8958,219.0,0.896,457.0
1753531896689,12:11:36.689,AERO/USDT:USDT,0.8942,219.0,0.894,342.0,0.8958,219.0,0.896,457.0
1753531897199,12:11:37.199,AERO/USDT:USDT,0.8942,219.0,0.894,342.0,0.8958,219.0,0.896,457.0
1753531897826,12:11:37.826,AERO/USDT:USDT,0.8942,219.0,0.894,342.0,0.8958,219.0,0.896,457.0
1753531898088,12:11:38.088,AERO/USDT:USDT,0.8942,219.0,0.8939,284.0,0.8958,219.0,0.896,457.0
1753531898196,12:11:38.196,AERO/USDT:USDT,0.8942,219.0,0.8939,284.0,0.8958,219.0,0.896,457.0
1753531898343,12:11:38.343,AERO/USDT:USDT,0.8942,219.0,0.8939,284.0,0.8958,219.0,0.896,457.0
1753531899240,12:11:39.240,AERO/USDT:USDT,0.8942,219.0,0.8939,284.0,0.8958,219.0,0.896,457.0
1753531899361,12:11:39.361,AERO/USDT:USDT,0.8942,219.0,0.8939,284.0,0.8958,219.0,0.896,457.0
1753531899528,12:11:39.528,AERO/USDT:USDT,0.8942,219.0,0.8939,284.0,0.8958,219.0,0.896,457.0
1753531900023,12:11:40.023,AERO/USDT:USDT,0.8942,275.0,0.8939,284.0,0.8958,219.0,0.896,457.0
1753531900255,12:11:40.255,AERO/USDT:USDT,0.8942,219.0,0.8939,284.0,0.8958,219.0,0.896,457.0
1753531900514,12:11:40.514,AERO/USDT:USDT,0.8942,219.0,0.8939,284.0,0.8958,676.0,0.8962,740.0
1753531901088,12:11:41.088,AERO/USDT:USDT,0.8942,219.0,0.8939,623.0,0.8958,676.0,0.8962,740.0
1753531901999,12:11:41.999,AERO/USDT:USDT,0.8942,219.0,0.8939,623.0,0.8958,676.0,0.8962,740.0
1753531902329,12:11:42.329,AERO/USDT:USDT,0.8942,219.0,0.8939,623.0,0.8958,732.0,0.8962,740.0
1753531902378,12:11:42.378,AERO/USDT:USDT,0.8942,219.0,0.8939,284.0,0.8957,457.0,0.8958,275.0
1753531902466,12:11:42.466,AERO/USDT:USDT,0.8942,219.0,0.8939,284.0,0.8957,457.0,0.8958,219.0
1753531902579,12:11:42.579,AERO/USDT:USDT,0.8942,219.0,0.8939,284.0,0.8957,457.0,0.8958,219.0
1753531902730,12:11:42.730,AERO/USDT:USDT,0.8942,219.0,0.8939,284.0,0.8957,573.0,0.8958,219.0
1753531902783,12:11:42.783,AERO/USDT:USDT,0.8942,219.0,0.8939,284.0,0.8957,573.0,0.8958,219.0
1753531904417,12:11:44.417,AERO/USDT:USDT,0.8942,219.0,0.8939,284.0,0.8957,457.0,0.8958,219.0
1753531905009,12:11:45.009,AERO/USDT:USDT,0.8942,219.0,0.8939,284.0,0.8957,457.0,0.8958,219.0
1753531906006,12:11:46.006,AERO/USDT:USDT,0.8942,219.0,0.8939,284.0,0.8957,457.0,0.8958,219.0
1753531906400,12:11:46.400,AERO/USDT:USDT,0.8942,219.0,0.8939,284.0,0.8957,457.0,0.8958,219.0
1753531906527,12:11:46.527,AERO/USDT:USDT,0.8942,219.0,0.8939,284.0,0.8957,457.0,0.8958,219.0
1753531906562,12:11:46.562,AERO/USDT:USDT,0.8942,219.0,0.8939,284.0,0.8957,457.0,0.8958,219.0
1753531906798,12:11:46.798,AERO/USDT:USDT,0.8942,219.0,0.8939,284.0,0.8957,457.0,0.8958,219.0
1753531907844,12:11:47.844,AERO/USDT:USDT,0.8939,309.0,0.8938,546.0,0.8957,457.0,0.8958,219.0
1753531907927,12:11:47.927,AERO/USDT:USDT,0.8942,219.0,0.8939,309.0,0.8957,457.0,0.8958,219.0
1753531908025,12:11:48.025,AERO/USDT:USDT,0.8942,219.0,0.8939,309.0,0.8957,457.0,0.8958,219.0
1753531909241,12:11:49.241,AERO/USDT:USDT,0.8942,219.0,0.8939,309.0,0.8957,457.0,0.8958,219.0
1753531909707,12:11:49.707,AERO/USDT:USDT,0.8942,219.0,0.8939,309.0,0.8957,457.0,0.8958,219.0
1753531909793,12:11:49.793,AERO/USDT:USDT,0.8942,219.0,0.8939,309.0,0.8957,457.0,0.8958,219.0
1753531910066,12:11:50.066,AERO/USDT:USDT,0.8942,219.0,0.8939,309.0,0.8957,457.0,0.8958,545.0
1753531911614,12:11:51.614,AERO/USDT:USDT,0.8942,219.0,0.8939,309.0,0.8957,457.0,0.8958,545.0
1753531911864,12:11:51.864,AERO/USDT:USDT,0.8942,428.0,0.8939,309.0,0.8957,457.0,0.8958,545.0
1753531912962,12:11:52.962,AERO/USDT:USDT,0.8942,219.0,0.8939,309.0,0.8957,457.0,0.8958,545.0
1753531916408,12:11:56.408,AERO/USDT:USDT,0.8942,219.0,0.8939,309.0,0.8957,457.0,0.8958,545.0
1753531917620,12:11:57.620,AERO/USDT:USDT,0.8946,219.0,0.8942,219.0,0.8957,457.0,0.8958,219.0
1753531917799,12:11:57.799,AERO/USDT:USDT,0.8942,219.0,0.8939,309.0,0.8957,457.0,0.8958,219.0
1753531917943,12:11:57.943,AERO/USDT:USDT,0.8946,219.0,0.8942,219.0,0.8958,219.0,0.8962,1197.0
1753531918000,12:11:58.000,AERO/USDT:USDT,0.8942,219.0,0.8939,309.0,0.8957,457.0,0.8958,219.0
1753531918143,12:11:58.143,AERO/USDT:USDT,0.8942,219.0,0.8939,309.0,0.8957,457.0,0.8958,219.0
1753531918215,12:11:58.215,AERO/USDT:USDT,0.8946,219.0,0.8942,219.0,0.8958,219.0,0.8962,1197.0
1753531918250,12:11:58.250,AERO/USDT:USDT,0.8946,219.0,0.8942,219.0,0.8957,457.0,0.8958,219.0
1753531918630,12:11:58.630,AERO/USDT:USDT,0.8946,219.0,0.8942,219.0,0.8957,457.0,0.8958,219.0
1753531919003,12:11:59.003,AERO/USDT:USDT,0.8946,219.0,0.8942,219.0,0.8957,457.0,0.8958,219.0
1753531919051,12:11:59.051,AERO/USDT:USDT,0.8946,219.0,0.8942,219.0,0.8958,219.0,0.8961,457.0
1753531919149,12:11:59.149,AERO/USDT:USDT,0.8946,219.0,0.8942,219.0,0.8958,676.0,0.8962,740.0
1753531919444,12:11:59.444,AERO/USDT:USDT,0.8946,219.0,0.8942,219.0,0.8958,676.0,0.8962,740.0
1753531919566,12:11:59.566,AERO/USDT:USDT,0.8946,219.0,0.8942,219.0,0.8958,676.0,0.8959,327.0
1753531920145,12:12:00.145,AERO/USDT:USDT,0.8942,219.0,0.8939,309.0,0.8958,676.0,0.8959,327.0
1753531920151,12:12:00.151,AERO/USDT:USDT,0.8942,219.0,0.8939,309.0,0.8958,676.0,0.8959,327.0
1753531920284,12:12:00.284,AERO/USDT:USDT,0.8946,219.0,0.8942,219.0,0.8958,676.0,0.8959,327.0
1753531920674,12:12:00.674,AERO/USDT:USDT,0.8946,219.0,0.8942,219.0,0.8958,676.0,0.8959,327.0
1753531921199,12:12:01.199,AERO/USDT:USDT,0.8946,219.0,0.8942,219.0,0.8958,676.0,0.8959,327.0
1753531921490,12:12:01.490,AERO/USDT:USDT,0.8946,219.0,0.8942,219.0,0.8958,676.0,0.8959,327.0
1753531922044,12:12:02.044,AERO/USDT:USDT,0.8946,219.0,0.8942,219.0,0.8958,676.0,0.8962,740.0
1753531922096,12:12:02.096,AERO/USDT:USDT,0.8946,219.0,0.8942,219.0,0.8958,457.0,0.8962,33.0
1753531922240,12:12:02.240,AERO/USDT:USDT,0.8946,219.0,0.8942,219.0,0.8958,457.0,0.8963,1091.0
1753531922311,12:12:02.311,AERO/USDT:USDT,0.8946,219.0,0.8942,219.0,0.8958,457.0,0.8962,17.0
1753531922360,12:12:02.360,AERO/USDT:USDT,0.8946,219.0,0.8942,219.0,0.8958,457.0,0.8962,33.0
1753531922511,12:12:02.511,AERO/USDT:USDT,0.8946,219.0,0.8942,219.0,0.8958,457.0,0.8962,33.0
1753531923841,12:12:03.841,AERO/USDT:USDT,0.8946,219.0,0.8942,219.0,0.8958,457.0,0.8962,33.0
1753531924045,12:12:04.045,AERO/USDT:USDT,0.8946,219.0,0.8942,219.0,0.8958,457.0,0.8962,33.0
1753531924047,12:12:04.047,AERO/USDT:USDT,0.8946,219.0,0.8942,219.0,0.8958,457.0,0.8962,33.0
1753531924861,12:12:04.861,AERO/USDT:USDT,0.8946,219.0,0.8942,219.0,0.8958,457.0,0.8962,33.0
1753531925023,12:12:05.023,AERO/USDT:USDT,0.8946,219.0,0.8942,219.0,0.8958,457.0,0.8962,33.0
1753531925999,12:12:05.999,AERO/USDT:USDT,0.8946,219.0,0.8942,219.0,0.8958,457.0,0.8962,33.0
1753531926364,12:12:06.364,AERO/USDT:USDT,0.8946,219.0,0.8942,219.0,0.8958,457.0,0.8962,33.0
1753531926832,12:12:06.832,AERO/USDT:USDT,0.8946,219.0,0.8942,219.0,0.8958,457.0,0.8962,33.0
1753531926848,12:12:06.848,AERO/USDT:USDT,0.8946,219.0,0.8942,219.0,0.8958,457.0,0.8962,33.0
1753531927004,12:12:07.004,AERO/USDT:USDT,0.8946,219.0,0.8942,219.0,0.8958,457.0,0.8962,33.0
1753531927178,12:12:07.178,AERO/USDT:USDT,0.8946,219.0,0.8942,219.0,0.8958,457.0,0.8962,33.0
1753531927845,12:12:07.845,AERO/USDT:USDT,0.8946,219.0,0.8942,219.0,0.8962,490.0,0.8963,1091.0
1753531927851,12:12:07.851,AERO/USDT:USDT,0.8946,219.0,0.8942,219.0,0.8961,457.0,0.8962,33.0
1753531927996,12:12:07.996,AERO/USDT:USDT,0.8946,219.0,0.8942,219.0,0.8961,457.0,0.8962,33.0
1753531928058,12:12:08.058,AERO/USDT:USDT,0.8946,219.0,0.8942,219.0,0.8961,457.0,0.8962,33.0
1753531928261,12:12:08.261,AERO/USDT:USDT,0.8946,219.0,0.8943,333.0,0.8961,457.0,0.8962,33.0
1753531928412,12:12:08.412,AERO/USDT:USDT,0.8946,219.0,0.8943,333.0,0.8961,457.0,0.8962,33.0
1753531929908,12:12:09.908,AERO/USDT:USDT,0.8946,219.0,0.8943,333.0,0.8961,457.0,0.8962,33.0
1753531930219,12:12:10.219,AERO/USDT:USDT,0.8946,219.0,0.8943,333.0,0.8961,457.0,0.8962,33.0
1753531930335,12:12:10.335,AERO/USDT:USDT,0.8942,219.0,0.8939,309.0,0.8959,219.0,0.8961,457.0
1753531930377,12:12:10.377,AERO/USDT:USDT,0.8942,219.0,0.8939,309.0,0.8958,457.0,0.8959,219.0
1753531930515,12:12:10.515,AERO/USDT:USDT,0.8942,219.0,0.8939,635.0,0.8958,457.0,0.8959,219.0
1753531930570,12:12:10.570,AERO/USDT:USDT,0.8942,219.0,0.8939,635.0,0.8958,457.0,0.8959,219.0
1753531930735,12:12:10.735,AERO/USDT:USDT,0.8942,219.0,0.8939,610.0,0.8958,457.0,0.8959,219.0
1753531930806,12:12:10.806,AERO/USDT:USDT,0.8942,219.0,0.8939,610.0,0.8958,457.0,0.8959,219.0
1753531930940,12:12:10.940,AERO/USDT:USDT,0.8942,219.0,0.8939,610.0,0.8958,457.0,0.8959,219.0
1753531931040,12:12:11.040,AERO/USDT:USDT,0.8942,219.0,0.8939,610.0,0.8958,457.0,0.8959,219.0
1753531931420,12:12:11.420,AERO/USDT:USDT,0.8942,219.0,0.8939,610.0,0.8958,457.0,0.8959,219.0
1753531931542,12:12:11.542,AERO/USDT:USDT,0.8942,219.0,0.8939,610.0,0.8958,457.0,0.8959,219.0
1753531931943,12:12:11.943,AERO/USDT:USDT,0.8942,219.0,0.8939,284.0,0.8958,457.0,0.8959,219.0
1753531932006,12:12:12.006,AERO/USDT:USDT,0.8942,219.0,0.8939,284.0,0.8958,457.0,0.8959,219.0
1753531932054,12:12:12.054,AERO/USDT:USDT,0.8942,219.0,0.8939,284.0,0.8955,219.0,0.8958,457.0
1753531932225,12:12:12.225,AERO/USDT:USDT,0.8942,219.0,0.8939,284.0,0.8955,676.0,0.8959,219.0
1753531932454,12:12:12.454,AERO/USDT:USDT,0.8942,219.0,0.8939,284.0,0.8955,676.0,0.8959,219.0
1753531932642,12:12:12.642,AERO/USDT:USDT,0.8942,219.0,0.8938,219.0,0.8955,676.0,0.8959,219.0
1753531932724,12:12:12.724,AERO/USDT:USDT,0.8942,219.0,0.8938,219.0,0.8954,457.0,0.8955,219.0
1753531932778,12:12:12.778,AERO/USDT:USDT,0.8938,219.0,0.8936,279.0,0.8954,457.0,0.8955,219.0
1753531933041,12:12:13.041,AERO/USDT:USDT,0.8938,219.0,0.8936,279.0,0.8954,457.0,0.8955,219.0
1753531933140,12:12:13.140,AERO/USDT:USDT,0.8938,219.0,0.8936,279.0,0.8954,457.0,0.8955,219.0
1753531933239,12:12:13.239,AERO/USDT:USDT,0.8938,219.0,0.8936,279.0,0.8954,457.0,0.8955,219.0
1753531933340,12:12:13.340,AERO/USDT:USDT,0.8938,219.0,0.8936,279.0,0.8954,457.0,0.8955,219.0
1753531933412,12:12:13.412,AERO/USDT:USDT,0.8938,219.0,0.8936,279.0,0.8954,457.0,0.8955,219.0
1753531933484,12:12:13.484,AERO/USDT:USDT,0.8938,219.0,0.8936,279.0,0.8954,457.0,0.8955,219.0
1753531933579,12:12:13.579,AERO/USDT:USDT,0.8938,219.0,0.8936,279.0,0.8954,457.0,0.8955,219.0
1753531933727,12:12:13.727,AERO/USDT:USDT,0.8938,219.0,0.8936,279.0,0.8954,457.0,0.8955,219.0
1753531933846,12:12:13.846,AERO/USDT:USDT,0.8938,219.0,0.8936,279.0,0.8954,457.0,0.8955,219.0
1753531934003,12:12:14.003,AERO/USDT:USDT,0.8938,219.0,0.8936,279.0,0.8954,457.0,0.8955,219.0
1753531934417,12:12:14.417,AERO/USDT:USDT,0.8938,219.0,0.8936,279.0,0.8954,457.0,0.8955,219.0
1753531934511,12:12:14.511,AERO/USDT:USDT,0.8938,219.0,0.8936,279.0,0.8954,457.0,0.8955,219.0
1753531935642,12:12:15.642,AERO/USDT:USDT,0.8938,219.0,0.8936,279.0,0.8954,457.0,0.8955,219.0
1753531936852,12:12:16.852,AERO/USDT:USDT,0.8938,219.0,0.8936,279.0,0.8954,457.0,0.8955,219.0
1753531937512,12:12:17.512,AERO/USDT:USDT,0.8938,219.0,0.8936,279.0,0.8954,457.0,0.8955,219.0
1753531938003,12:12:18.003,AERO/USDT:USDT,0.8938,219.0,0.8936,279.0,0.8954,457.0,0.8955,219.0
1753531938089,12:12:18.089,AERO/USDT:USDT,0.8938,219.0,0.8936,279.0,0.8954,457.0,0.8955,219.0
1753531938575,12:12:18.575,AERO/USDT:USDT,0.8938,219.0,0.8936,279.0,0.8954,457.0,0.8955,219.0
1753531938652,12:12:18.652,AERO/USDT:USDT,0.8938,219.0,0.8936,279.0,0.8954,457.0,0.8955,219.0
1753531940021,12:12:20.021,AERO/USDT:USDT,0.8938,219.0,0.8936,279.0,0.8954,457.0,0.8955,219.0
1753531940399,12:12:20.399,AERO/USDT:USDT,0.8938,219.0,0.8936,279.0,0.8954,457.0,0.8955,219.0
1753531940477,12:12:20.477,AERO/USDT:USDT,0.8938,219.0,0.8936,279.0,0.8954,457.0,0.8955,219.0
1753531940710,12:12:20.710,AERO/USDT:USDT,0.8942,219.0,0.8938,219.0,0.8954,457.0,0.8955,219.0
1753531940749,12:12:20.749,AERO/USDT:USDT,0.8942,219.0,0.8938,219.0,0.8954,457.0,0.8955,219.0
1753531941155,12:12:21.155,AERO/USDT:USDT,0.8942,219.0,0.8938,219.0,0.8954,457.0,0.8955,219.0
1753531941569,12:12:21.569,AERO/USDT:USDT,0.8942,219.0,0.8938,219.0,0.8954,457.0,0.8955,219.0
1753531941888,12:12:21.888,AERO/USDT:USDT,0.8942,219.0,0.8938,219.0,0.8954,457.0,0.8955,219.0
1753531942004,12:12:22.004,AERO/USDT:USDT,0.8942,219.0,0.8938,219.0,0.8954,457.0,0.8955,219.0
1753531942570,12:12:22.570,AERO/USDT:USDT,0.8942,219.0,0.8938,219.0,0.8954,457.0,0.8955,219.0
1753531943006,12:12:23.006,AERO/USDT:USDT,0.8942,219.0,0.8938,219.0,0.8954,457.0,0.8955,219.0
1753531944234,12:12:24.234,AERO/USDT:USDT,0.8942,219.0,0.8938,219.0,0.8955,219.0,0.8958,832.0
1753531944326,12:12:24.326,AERO/USDT:USDT,0.8942,219.0,0.8939,288.0,0.8955,219.0,0.8958,490.0
1753531944409,12:12:24.409,AERO/USDT:USDT,0.8942,219.0,0.8939,288.0,0.8955,219.0,0.8958,457.0
1753531944879,12:12:24.879,AERO/USDT:USDT,0.8942,219.0,0.8939,288.0,0.8958,457.0,0.8959,219.0
1753531945201,12:12:25.201,AERO/USDT:USDT,0.8942,219.0,0.8939,288.0,0.8958,457.0,0.8959,557.0
1753531945283,12:12:25.283,AERO/USDT:USDT,0.8942,219.0,0.8939,288.0,0.8958,457.0,0.8959,557.0
1753531945417,12:12:25.417,AERO/USDT:USDT,0.8942,219.0,0.8939,288.0,0.8958,457.0,0.8959,557.0
1753531945520,12:12:25.520,AERO/USDT:USDT,0.8942,219.0,0.8939,288.0,0.8958,457.0,0.8959,557.0
1753531945643,12:12:25.643,AERO/USDT:USDT,0.8942,219.0,0.8939,288.0,0.8958,457.0,0.8959,219.0
1753531945734,12:12:25.734,AERO/USDT:USDT,0.8946,219.0,0.8942,219.0,0.8958,457.0,0.8959,219.0
1753531945902,12:12:25.902,AERO/USDT:USDT,0.8946,219.0,0.8942,219.0,0.8958,457.0,0.8959,219.0
1753531946008,12:12:26.008,AERO/USDT:USDT,0.8946,219.0,0.8942,219.0,0.8958,457.0,0.8959,219.0
1753531946130,12:12:26.130,AERO/USDT:USDT,0.8946,219.0,0.8942,219.0,0.8958,457.0,0.8959,219.0
1753531946147,12:12:26.147,AERO/USDT:USDT,0.8946,219.0,0.8942,219.0,0.8958,457.0,0.8959,219.0
1753531946635,12:12:26.635,AERO/USDT:USDT,0.8946,219.0,0.8942,219.0,0.8958,457.0,0.8959,219.0
1753531946648,12:12:26.648,AERO/USDT:USDT,0.8946,219.0,0.8942,219.0,0.8958,457.0,0.8959,219.0
1753531947003,12:12:27.003,AERO/USDT:USDT,0.8946,219.0,0.8942,219.0,0.8958,457.0,0.8959,219.0
1753531947929,12:12:27.929,AERO/USDT:USDT,0.8946,219.0,0.8942,219.0,0.8958,457.0,0.8959,219.0
1753531948105,12:12:28.105,AERO/USDT:USDT,0.8942,219.0,0.8939,288.0,0.8958,457.0,0.8959,219.0
1753531948174,12:12:28.174,AERO/USDT:USDT,0.8946,219.0,0.8942,219.0,0.8958,457.0,0.8959,219.0
1753531948298,12:12:28.298,AERO/USDT:USDT,0.8946,219.0,0.8942,219.0,0.8958,457.0,0.8959,219.0
1753531948453,12:12:28.453,AERO/USDT:USDT,0.8946,219.0,0.8942,219.0,0.8958,457.0,0.8959,219.0
1753531949864,12:12:29.864,AERO/USDT:USDT,0.8946,219.0,0.8942,219.0,0.8958,457.0,0.8959,219.0
1753531950001,12:12:30.001,AERO/USDT:USDT,0.8946,219.0,0.8942,219.0,0.8958,457.0,0.8959,219.0
1753531950138,12:12:30.138,AERO/USDT:USDT,0.8942,219.0,0.8939,288.0,0.8958,457.0,0.8959,219.0
1753531950148,12:12:30.148,AERO/USDT:USDT,0.8942,219.0,0.8939,288.0,0.8958,457.0,0.8959,219.0
1753531950261,12:12:30.261,AERO/USDT:USDT,0.8942,219.0,0.8939,288.0,0.8958,457.0,0.8959,219.0
1753531951002,12:12:31.002,AERO/USDT:USDT,0.8942,219.0,0.8939,288.0,0.8958,457.0,0.8959,219.0
1753531951075,12:12:31.075,AERO/USDT:USDT,0.8942,219.0,0.8939,288.0,0.8958,457.0,0.8959,219.0
1753531951410,12:12:31.410,AERO/USDT:USDT,0.8946,219.0,0.8942,219.0,0.8958,457.0,0.8959,219.0
1753531951492,12:12:31.492,AERO/USDT:USDT,0.8946,219.0,0.8942,219.0,0.8958,457.0,0.8959,219.0
1753531951668,12:12:31.668,AERO/USDT:USDT,0.8942,219.0,0.8939,288.0,0.8958,457.0,0.8959,219.0
1753531951912,12:12:31.912,AERO/USDT:USDT,0.8942,219.0,0.8939,288.0,0.8958,457.0,0.8959,219.0
1753531952003,12:12:32.003,AERO/USDT:USDT,0.8942,219.0,0.8939,288.0,0.8958,457.0,0.8959,219.0
1753531952588,12:12:32.588,AERO/USDT:USDT,0.8942,219.0,0.8939,288.0,0.8958,457.0,0.8959,219.0
1753531952941,12:12:32.941,AERO/USDT:USDT,0.8946,219.0,0.8942,219.0,0.8958,457.0,0.8959,219.0
1753531952968,12:12:32.968,AERO/USDT:USDT,0.8946,219.0,0.8942,219.0,0.8958,457.0,0.8959,219.0
1753531953145,12:12:33.145,AERO/USDT:USDT,0.8946,219.0,0.8942,219.0,0.8958,457.0,0.8959,219.0
1753531953182,12:12:33.182,AERO/USDT:USDT,0.8942,219.0,0.8939,288.0,0.8958,457.0,0.8959,219.0
1753531953611,12:12:33.611,AERO/USDT:USDT,0.8942,219.0,0.8939,288.0,0.8958,457.0,0.8959,219.0
1753531954011,12:12:34.011,AERO/USDT:USDT,0.8942,219.0,0.8939,288.0,0.8958,457.0,0.8959,219.0
1753531954800,12:12:34.800,AERO/USDT:USDT,0.8942,219.0,0.8939,288.0,0.8958,457.0,0.8959,219.0
1753531954861,12:12:34.861,AERO/USDT:USDT,0.8942,219.0,0.8939,288.0,0.8958,457.0,0.8959,219.0
1753531955201,12:12:35.201,AERO/USDT:USDT,0.8942,219.0,0.8939,288.0,0.8958,457.0,0.8959,219.0
1753531955726,12:12:35.726,AERO/USDT:USDT,0.8946,219.0,0.8942,219.0,0.8958,457.0,0.8959,219.0
1753531955788,12:12:35.788,AERO/USDT:USDT,0.8946,219.0,0.8942,219.0,0.8958,457.0,0.8959,219.0
1753531955936,12:12:35.936,AERO/USDT:USDT,0.8946,219.0,0.8942,219.0,0.8958,457.0,0.8959,219.0
1753531956021,12:12:36.021,AERO/USDT:USDT,0.8946,219.0,0.8942,219.0,0.8958,457.0,0.8959,219.0
1753531956103,12:12:36.103,AERO/USDT:USDT,0.8946,219.0,0.8942,219.0,0.8958,457.0,0.8959,219.0
1753531957000,12:12:37.000,AERO/USDT:USDT,0.8942,219.0,0.8939,288.0,0.8958,457.0,0.8959,219.0
1753531957111,12:12:37.111,AERO/USDT:USDT,0.8946,219.0,0.8942,219.0,0.8958,457.0,0.8959,219.0
1753531957242,12:12:37.242,AERO/USDT:USDT,0.8946,219.0,0.8942,219.0,0.8958,457.0,0.8959,219.0
1753531957461,12:12:37.461,AERO/USDT:USDT,0.8942,219.0,0.8939,288.0,0.8958,457.0,0.8959,219.0
1753531957684,12:12:37.684,AERO/USDT:USDT,0.8946,219.0,0.8942,219.0,0.8958,457.0,0.8959,219.0
1753531957842,12:12:37.842,AERO/USDT:USDT,0.8946,219.0,0.8942,219.0,0.8959,676.0,0.8962,363.0
1753531958135,12:12:38.135,AERO/USDT:USDT,0.8946,219.0,0.8942,219.0,0.8958,457.0,0.8959,676.0
1753531958189,12:12:38.189,AERO/USDT:USDT,0.8946,219.0,0.8942,219.0,0.8958,490.0,0.8959,219.0
1753531958258,12:12:38.258,AERO/USDT:USDT,0.8946,219.0,0.8942,219.0,0.8958,457.0,0.8959,219.0
1753531958496,12:12:38.496,AERO/USDT:USDT,0.8946,219.0,0.8942,219.0,0.8958,457.0,0.8959,219.0
1753531959051,12:12:39.051,AERO/USDT:USDT,0.8942,219.0,0.8939,288.0,0.8958,457.0,0.8959,219.0
1753531959201,12:12:39.201,AERO/USDT:USDT,0.8942,219.0,0.8939,288.0,0.8959,219.0,0.8961,457.0
1753531959333,12:12:39.333,AERO/USDT:USDT,0.8942,219.0,0.8939,288.0,0.8958,457.0,0.8959,219.0
1753531959600,12:12:39.600,AERO/USDT:USDT,0.8942,219.0,0.8939,288.0,0.8958,457.0,0.8959,219.0
1753531959918,12:12:39.918,AERO/USDT:USDT,0.8942,219.0,0.8939,288.0,0.8959,219.0,0.8961,457.0
1753531959949,12:12:39.949,AERO/USDT:USDT,0.8942,219.0,0.8939,288.0,0.8958,457.0,0.8959,219.0
1753531960108,12:12:40.108,AERO/USDT:USDT,0.8942,219.0,0.8939,288.0,0.8959,676.0,0.8962,363.0
1753531960162,12:12:40.162,AERO/USDT:USDT,0.8942,219.0,0.8939,288.0,0.8958,457.0,0.8959,219.0
1753531960268,12:12:40.268,AERO/USDT:USDT,0.8942,219.0,0.8939,288.0,0.8959,219.0,0.8961,246.0
1753531960368,12:12:40.368,AERO/USDT:USDT,0.8942,219.0,0.8939,288.0,0.8958,457.0,0.8959,219.0
1753531960468,12:12:40.468,AERO/USDT:USDT,0.8942,219.0,0.8939,288.0,0.8959,219.0,0.8961,246.0
1753531960595,12:12:40.595,AERO/USDT:USDT,0.8942,219.0,0.8939,288.0,0.8958,457.0,0.8959,219.0
1753531960649,12:12:40.649,AERO/USDT:USDT,0.8942,219.0,0.8939,288.0,0.8959,219.0,0.8961,457.0
1753531960749,12:12:40.749,AERO/USDT:USDT,0.8942,219.0,0.8939,288.0,0.8958,457.0,0.8959,219.0
1753531960850,12:12:40.850,AERO/USDT:USDT,0.8942,219.0,0.8939,288.0,0.8959,219.0,0.8961,457.0
1753531961007,12:12:41.007,AERO/USDT:USDT,0.8942,219.0,0.8939,288.0,0.8958,457.0,0.8959,219.0
1753531961236,12:12:41.236,AERO/USDT:USDT,0.8942,219.0,0.8939,288.0,0.8959,219.0,0.8961,457.0
1753531961249,12:12:41.249,AERO/USDT:USDT,0.8942,219.0,0.8939,288.0,0.8958,457.0,0.8959,219.0
1753531961441,12:12:41.441,AERO/USDT:USDT,0.8942,219.0,0.8939,288.0,0.8959,219.0,0.8961,246.0
1753531961468,12:12:41.468,AERO/USDT:USDT,0.8942,219.0,0.8939,288.0,0.8958,457.0,0.8959,219.0
1753531961569,12:12:41.569,AERO/USDT:USDT,0.8942,219.0,0.8939,288.0,0.8959,219.0,0.8961,246.0
1753531961667,12:12:41.667,AERO/USDT:USDT,0.8942,219.0,0.8939,288.0,0.8958,457.0,0.8959,219.0
1753531961768,12:12:41.768,AERO/USDT:USDT,0.8942,219.0,0.8939,288.0,0.8959,219.0,0.8961,246.0
1753531961895,12:12:41.895,AERO/USDT:USDT,0.8942,219.0,0.8939,288.0,0.8958,457.0,0.8959,219.0
1753531961969,12:12:41.969,AERO/USDT:USDT,0.8942,219.0,0.8939,288.0,0.8959,219.0,0.8961,246.0
1753531962068,12:12:42.068,AERO/USDT:USDT,0.8942,219.0,0.8939,288.0,0.8958,457.0,0.8959,219.0
1753531962168,12:12:42.168,AERO/USDT:USDT,0.8942,219.0,0.8939,288.0,0.8959,219.0,0.8961,246.0
1753531962318,12:12:42.318,AERO/USDT:USDT,0.8942,219.0,0.8939,288.0,0.8958,457.0,0.8959,219.0
1753531962368,12:12:42.368,AERO/USDT:USDT,0.8942,219.0,0.8939,288.0,0.8959,219.0,0.8961,246.0
1753531962468,12:12:42.468,AERO/USDT:USDT,0.8942,219.0,0.8939,288.0,0.8958,457.0,0.8959,219.0
1753531962568,12:12:42.568,AERO/USDT:USDT,0.8942,219.0,0.8939,288.0,0.8959,219.0,0.8961,246.0
1753531962731,12:12:42.731,AERO/USDT:USDT,0.8942,219.0,0.8939,288.0,0.8958,457.0,0.8959,219.0
1753531962768,12:12:42.768,AERO/USDT:USDT,0.8942,219.0,0.8939,288.0,0.8959,219.0,0.8961,246.0
1753531962868,12:12:42.868,AERO/USDT:USDT,0.8942,219.0,0.8939,288.0,0.8958,457.0,0.8959,219.0
1753531962968,12:12:42.968,AERO/USDT:USDT,0.8942,219.0,0.8939,288.0,0.8959,219.0,0.8961,246.0
1753531963068,12:12:43.068,AERO/USDT:USDT,0.8942,219.0,0.8939,288.0,0.8958,457.0,0.8959,219.0
1753531963151,12:12:43.151,AERO/USDT:USDT,0.8942,219.0,0.8939,288.0,0.8959,219.0,0.8962,363.0
1753531963249,12:12:43.249,AERO/USDT:USDT,0.8942,219.0,0.8939,288.0,0.8958,457.0,0.8959,219.0
1753531963396,12:12:43.396,AERO/USDT:USDT,0.8942,219.0,0.8939,288.0,0.8959,219.0,0.8962,363.0
1753531963450,12:12:43.450,AERO/USDT:USDT,0.8942,219.0,0.8939,288.0,0.8958,457.0,0.8959,219.0
1753531963590,12:12:43.590,AERO/USDT:USDT,0.8942,219.0,0.8939,288.0,0.8959,219.0,0.8962,363.0
1753531963649,12:12:43.649,AERO/USDT:USDT,0.8942,219.0,0.8939,288.0,0.8958,457.0,0.8959,219.0
1753531963749,12:12:43.749,AERO/USDT:USDT,0.8942,219.0,0.8939,288.0,0.8959,219.0,0.8962,363.0
