timestamp,time,symbol,bid1_price,bid1_volume,bid2_price,bid2_volume,ask1_price,ask1_volume,ask2_price,ask2_volume
1753531617000,12:06:57.000,BIGTIME/USDT:USDT,0.06562,6.0,0.06561,9.0,0.06568,26.0,0.06569,123.0
1753531617439,12:06:57.439,BIGTIME/USDT:USDT,0.06562,9.0,0.06561,9.0,0.06568,23.0,0.06569,123.0
1753531617464,12:06:57.464,BIGTIME/USDT:USDT,0.06562,9.0,0.06561,9.0,0.06568,20.0,0.06569,123.0
1753531617565,12:06:57.565,BIGTIME/USDT:USDT,0.06562,9.0,0.06561,9.0,0.06568,26.0,0.06569,123.0
1753531617851,12:06:57.851,BIGTIME/USDT:USDT,0.06562,9.0,0.06561,9.0,0.06568,20.0,0.06569,123.0
1753531618071,12:06:58.071,BIGTIME/USDT:USDT,0.06562,29.0,0.06561,9.0,0.06568,20.0,0.06569,123.0
1753531618313,12:06:58.313,BIGTIME/USDT:USDT,0.06562,29.0,0.06561,9.0,0.06568,20.0,0.06569,123.0
1753531618952,12:06:58.952,BIGTIME/USDT:USDT,0.06562,29.0,0.06561,9.0,0.06568,20.0,0.06569,123.0
1753531619121,12:06:59.121,BIGTIME/USDT:USDT,0.06562,29.0,0.06561,9.0,0.06568,20.0,0.06569,123.0
1753531619433,12:06:59.433,BIGTIME/USDT:USDT,0.06562,29.0,0.06561,9.0,0.06568,20.0,0.06569,123.0
1753531620930,12:07:00.930,BIGTIME/USDT:USDT,0.06562,29.0,0.06561,9.0,0.06568,20.0,0.0657,32.0
1753531621069,12:07:01.069,BIGTIME/USDT:USDT,0.06562,29.0,0.06561,9.0,0.06568,20.0,0.0657,32.0
1753531621919,12:07:01.919,BIGTIME/USDT:USDT,0.06562,29.0,0.06561,9.0,0.06568,20.0,0.0657,32.0
1753531622106,12:07:02.106,BIGTIME/USDT:USDT,0.06562,29.0,0.06561,9.0,0.06568,20.0,0.0657,32.0
1753531622786,12:07:02.786,BIGTIME/USDT:USDT,0.06562,29.0,0.06561,9.0,0.06568,20.0,0.0657,32.0
1753531623328,12:07:03.328,BIGTIME/USDT:USDT,0.06562,29.0,0.06561,9.0,0.06568,20.0,0.0657,32.0
1753531624023,12:07:04.023,BIGTIME/USDT:USDT,0.06562,29.0,0.06561,9.0,0.06568,20.0,0.06569,9.0
1753531625528,12:07:05.528,BIGTIME/USDT:USDT,0.06562,29.0,0.06561,9.0,0.06568,20.0,0.06569,9.0
1753531625776,12:07:05.776,BIGTIME/USDT:USDT,0.06562,29.0,0.06561,9.0,0.06568,20.0,0.06569,9.0
1753531626584,12:07:06.584,BIGTIME/USDT:USDT,0.06562,29.0,0.06561,9.0,0.06568,20.0,0.06569,9.0
1753531627002,12:07:07.002,BIGTIME/USDT:USDT,0.06562,29.0,0.06561,9.0,0.06568,20.0,0.06569,9.0
1753531628544,12:07:08.544,BIGTIME/USDT:USDT,0.06562,29.0,0.06561,9.0,0.06568,20.0,0.06569,9.0
1753531628840,12:07:08.840,BIGTIME/USDT:USDT,0.06562,29.0,0.06561,9.0,0.06568,20.0,0.06569,9.0
1753531629044,12:07:09.044,BIGTIME/USDT:USDT,0.06564,41.0,0.06563,76.0,0.06571,23.0,0.06572,219.0
1753531629137,12:07:09.137,BIGTIME/USDT:USDT,0.06564,9.0,0.06563,76.0,0.06571,23.0,0.06572,219.0
1753531629429,12:07:09.429,BIGTIME/USDT:USDT,0.06564,9.0,0.06563,76.0,0.06571,23.0,0.06572,219.0
1753531629830,12:07:09.830,BIGTIME/USDT:USDT,0.06564,9.0,0.06563,76.0,0.06571,23.0,0.06572,219.0
1753531629934,12:07:09.934,BIGTIME/USDT:USDT,0.06564,9.0,0.06563,76.0,0.06571,23.0,0.06572,219.0
1753531630253,12:07:10.253,BIGTIME/USDT:USDT,0.06564,9.0,0.06563,76.0,0.06571,23.0,0.06572,219.0
1753531631204,12:07:11.204,BIGTIME/USDT:USDT,0.06564,9.0,0.06563,76.0,0.06571,23.0,0.06572,219.0
1753531631544,12:07:11.544,BIGTIME/USDT:USDT,0.06564,9.0,0.06563,76.0,0.06571,23.0,0.06572,219.0
1753531631931,12:07:11.931,BIGTIME/USDT:USDT,0.06564,9.0,0.06563,76.0,0.06571,23.0,0.06572,143.0
1753531632156,12:07:12.156,BIGTIME/USDT:USDT,0.06564,85.0,0.06562,23.0,0.06571,23.0,0.06572,143.0
1753531634957,12:07:14.957,BIGTIME/USDT:USDT,0.06564,85.0,0.06562,23.0,0.06571,23.0,0.06572,143.0
1753531634966,12:07:14.966,BIGTIME/USDT:USDT,0.06564,85.0,0.06562,23.0,0.06571,23.0,0.06572,143.0
1753531635097,12:07:15.097,BIGTIME/USDT:USDT,0.06564,85.0,0.06562,23.0,0.06571,23.0,0.06572,143.0
1753531635762,12:07:15.762,BIGTIME/USDT:USDT,0.06564,85.0,0.06562,23.0,0.06571,23.0,0.06572,143.0
1753531640124,12:07:20.124,BIGTIME/USDT:USDT,0.06564,85.0,0.06562,23.0,0.06571,20.0,0.06572,146.0
1753531643943,12:07:23.943,BIGTIME/USDT:USDT,0.06564,85.0,0.06562,23.0,0.06571,20.0,0.06572,146.0
1753531644423,12:07:24.423,BIGTIME/USDT:USDT,0.06564,85.0,0.06562,100.0,0.06571,20.0,0.06572,146.0
1753531645260,12:07:25.260,BIGTIME/USDT:USDT,0.06565,76.0,0.06564,46.0,0.06572,23.0,0.06573,20.0
1753531645308,12:07:25.308,BIGTIME/USDT:USDT,0.06565,76.0,0.06564,46.0,0.06572,23.0,0.06573,20.0
1753531645440,12:07:25.440,BIGTIME/USDT:USDT,0.06565,76.0,0.06564,46.0,0.06572,23.0,0.06573,20.0
1753531645656,12:07:25.656,BIGTIME/USDT:USDT,0.06565,76.0,0.06564,46.0,0.06573,3.0,0.06574,20.0
1753531645683,12:07:25.683,BIGTIME/USDT:USDT,0.06565,76.0,0.06564,46.0,0.06573,3.0,0.06574,20.0
1753531646011,12:07:26.011,BIGTIME/USDT:USDT,0.06565,76.0,0.06564,46.0,0.06573,3.0,0.06574,20.0
1753531646643,12:07:26.643,BIGTIME/USDT:USDT,0.06565,76.0,0.06564,46.0,0.06573,23.0,0.06574,63.0
1753531646856,12:07:26.856,BIGTIME/USDT:USDT,0.06565,76.0,0.06564,46.0,0.06572,29.0,0.06573,23.0
1753531646862,12:07:26.862,BIGTIME/USDT:USDT,0.06565,76.0,0.06564,46.0,0.06572,29.0,0.06573,23.0
1753531647024,12:07:27.024,BIGTIME/USDT:USDT,0.06565,76.0,0.06564,46.0,0.06572,29.0,0.06573,23.0
1753531647220,12:07:27.220,BIGTIME/USDT:USDT,0.06565,76.0,0.06564,46.0,0.06572,29.0,0.06573,23.0
1753531647643,12:07:27.643,BIGTIME/USDT:USDT,0.06565,76.0,0.06564,9.0,0.06572,29.0,0.06573,23.0
1753531650443,12:07:30.443,BIGTIME/USDT:USDT,0.06565,76.0,0.06564,9.0,0.06571,32.0,0.06572,29.0
1753531650853,12:07:30.853,BIGTIME/USDT:USDT,0.06565,76.0,0.06564,9.0,0.06571,32.0,0.06572,29.0
1753531652359,12:07:32.359,BIGTIME/USDT:USDT,0.06564,9.0,0.06562,23.0,0.0657,10.0,0.06571,32.0
1753531652364,12:07:32.364,BIGTIME/USDT:USDT,0.06564,9.0,0.06562,23.0,0.0657,10.0,0.06571,32.0
1753531652478,12:07:32.478,BIGTIME/USDT:USDT,0.06564,9.0,0.06562,23.0,0.0657,10.0,0.06571,32.0
1753531652573,12:07:32.573,BIGTIME/USDT:USDT,0.06564,9.0,0.06562,23.0,0.0657,10.0,0.06571,32.0
1753531652781,12:07:32.781,BIGTIME/USDT:USDT,0.06564,9.0,0.06562,23.0,0.0657,10.0,0.06571,32.0
1753531652907,12:07:32.907,BIGTIME/USDT:USDT,0.06564,9.0,0.06562,23.0,0.0657,10.0,0.06571,32.0
1753531653005,12:07:33.005,BIGTIME/USDT:USDT,0.06564,9.0,0.06562,23.0,0.0657,10.0,0.06571,32.0
1753531655359,12:07:35.359,BIGTIME/USDT:USDT,0.06562,23.0,0.06561,46.0,0.0657,10.0,0.06571,32.0
1753531655456,12:07:35.456,BIGTIME/USDT:USDT,0.06562,23.0,0.06561,46.0,0.0657,10.0,0.06571,35.0
1753531655542,12:07:35.542,BIGTIME/USDT:USDT,0.06562,23.0,0.06561,9.0,0.0657,10.0,0.06571,35.0
1753531655564,12:07:35.564,BIGTIME/USDT:USDT,0.06562,23.0,0.06561,9.0,0.0657,10.0,0.06571,75.0
1753531655755,12:07:35.755,BIGTIME/USDT:USDT,0.06562,23.0,0.06561,9.0,0.0657,10.0,0.06571,75.0
1753531655858,12:07:35.858,BIGTIME/USDT:USDT,0.06562,20.0,0.06561,9.0,0.06568,13.0,0.06569,123.0
1753531655878,12:07:35.878,BIGTIME/USDT:USDT,0.06562,20.0,0.06561,9.0,0.06568,13.0,0.06569,123.0
1753531656003,12:07:36.003,BIGTIME/USDT:USDT,0.06562,20.0,0.06561,9.0,0.06568,13.0,0.06569,123.0
1753531656194,12:07:36.194,BIGTIME/USDT:USDT,0.06562,20.0,0.06561,9.0,0.06567,10.0,0.06568,13.0
1753531656608,12:07:36.608,BIGTIME/USDT:USDT,0.06562,20.0,0.06561,9.0,0.06567,13.0,0.06568,13.0
1753531657094,12:07:37.094,BIGTIME/USDT:USDT,0.06562,20.0,0.06561,9.0,0.06567,13.0,0.06568,13.0
1753531659124,12:07:39.124,BIGTIME/USDT:USDT,0.06562,20.0,0.06561,9.0,0.06567,13.0,0.06568,13.0
1753531659323,12:07:39.323,BIGTIME/USDT:USDT,0.06562,20.0,0.06561,9.0,0.06567,13.0,0.06568,13.0
1753531660046,12:07:40.046,BIGTIME/USDT:USDT,0.06562,20.0,0.06561,9.0,0.06567,13.0,0.06568,13.0
1753531661343,12:07:41.343,BIGTIME/USDT:USDT,0.06562,20.0,0.06561,9.0,0.06567,13.0,0.06568,13.0
1753531661541,12:07:41.541,BIGTIME/USDT:USDT,0.06562,20.0,0.06561,9.0,0.06567,13.0,0.06568,13.0
1753531662009,12:07:42.009,BIGTIME/USDT:USDT,0.06562,20.0,0.06561,9.0,0.06567,13.0,0.06568,13.0
1753531663011,12:07:43.011,BIGTIME/USDT:USDT,0.06562,20.0,0.06561,9.0,0.06567,13.0,0.06568,13.0
1753531663553,12:07:43.553,BIGTIME/USDT:USDT,0.06562,20.0,0.06561,9.0,0.06567,13.0,0.06568,13.0
1753531663563,12:07:43.563,BIGTIME/USDT:USDT,0.06562,20.0,0.06561,9.0,0.06567,13.0,0.06568,13.0
1753531664060,12:07:44.060,BIGTIME/USDT:USDT,0.0656,10.0,0.06559,29.0,0.06566,133.0,0.06567,13.0
1753531664104,12:07:44.104,BIGTIME/USDT:USDT,0.0656,10.0,0.06559,29.0,0.06566,133.0,0.06567,13.0
1753531664212,12:07:44.212,BIGTIME/USDT:USDT,0.0656,10.0,0.06559,29.0,0.06566,133.0,0.06567,13.0
1753531664403,12:07:44.403,BIGTIME/USDT:USDT,0.0656,10.0,0.06559,29.0,0.06566,133.0,0.06567,13.0
1753531665103,12:07:45.103,BIGTIME/USDT:USDT,0.0656,10.0,0.06559,29.0,0.06566,133.0,0.06567,13.0
1753531666424,12:07:46.424,BIGTIME/USDT:USDT,0.0656,10.0,0.06559,29.0,0.06567,3.0,0.06568,50.0
1753531666843,12:07:46.843,BIGTIME/USDT:USDT,0.0656,10.0,0.06559,29.0,0.06567,3.0,0.06568,50.0
1753531667003,12:07:47.003,BIGTIME/USDT:USDT,0.0656,10.0,0.06559,29.0,0.06567,3.0,0.06568,50.0
1753531667189,12:07:47.189,BIGTIME/USDT:USDT,0.0656,10.0,0.06559,29.0,0.06567,3.0,0.06568,50.0
1753531667455,12:07:47.455,BIGTIME/USDT:USDT,0.0656,10.0,0.06559,29.0,0.06567,3.0,0.06568,50.0
1753531668006,12:07:48.006,BIGTIME/USDT:USDT,0.0656,10.0,0.06559,29.0,0.06567,3.0,0.06568,50.0
1753531668660,12:07:48.660,BIGTIME/USDT:USDT,0.0656,10.0,0.06559,29.0,0.06567,3.0,0.06568,50.0
1753531669057,12:07:49.057,BIGTIME/USDT:USDT,0.06561,53.0,0.0656,86.0,0.06569,3.0,0.0657,10.0
1753531669071,12:07:49.071,BIGTIME/USDT:USDT,0.0656,86.0,0.06559,75.0,0.06569,3.0,0.0657,10.0
1753531669323,12:07:49.323,BIGTIME/USDT:USDT,0.06561,76.0,0.0656,10.0,0.06569,3.0,0.0657,10.0
1753531669556,12:07:49.556,BIGTIME/USDT:USDT,0.06561,76.0,0.0656,10.0,0.06569,3.0,0.0657,10.0
1753531669564,12:07:49.564,BIGTIME/USDT:USDT,0.06561,76.0,0.0656,10.0,0.06569,3.0,0.0657,10.0
1753531669691,12:07:49.691,BIGTIME/USDT:USDT,0.06561,76.0,0.0656,10.0,0.06569,3.0,0.0657,10.0
1753531669823,12:07:49.823,BIGTIME/USDT:USDT,0.06562,76.0,0.0656,10.0,0.06571,72.0,0.06572,132.0
1753531669955,12:07:49.955,BIGTIME/USDT:USDT,0.06562,76.0,0.0656,10.0,0.06571,32.0,0.06572,132.0
1753531670011,12:07:50.011,BIGTIME/USDT:USDT,0.06562,76.0,0.0656,10.0,0.06571,32.0,0.06572,132.0
1753531670113,12:07:50.113,BIGTIME/USDT:USDT,0.06562,76.0,0.0656,10.0,0.06571,32.0,0.06572,132.0
1753531670173,12:07:50.173,BIGTIME/USDT:USDT,0.06562,76.0,0.0656,10.0,0.0657,10.0,0.06571,32.0
1753531671146,12:07:51.146,BIGTIME/USDT:USDT,0.06562,76.0,0.0656,10.0,0.0657,10.0,0.06571,32.0
1753531671177,12:07:51.177,BIGTIME/USDT:USDT,0.06562,76.0,0.0656,10.0,0.0657,10.0,0.06571,69.0
1753531671336,12:07:51.336,BIGTIME/USDT:USDT,0.06562,76.0,0.0656,10.0,0.0657,10.0,0.06571,69.0
1753531673904,12:07:53.904,BIGTIME/USDT:USDT,0.06562,76.0,0.0656,10.0,0.0657,10.0,0.06571,69.0
1753531674243,12:07:54.243,BIGTIME/USDT:USDT,0.06562,76.0,0.0656,10.0,0.0657,10.0,0.06571,69.0
1753531674263,12:07:54.263,BIGTIME/USDT:USDT,0.06562,76.0,0.0656,10.0,0.0657,10.0,0.06571,69.0
1753531679560,12:07:59.560,BIGTIME/USDT:USDT,0.06563,10.0,0.06562,76.0,0.0657,10.0,0.06571,69.0
1753531679581,12:07:59.581,BIGTIME/USDT:USDT,0.06563,10.0,0.06562,76.0,0.0657,10.0,0.06571,69.0
1753531679798,12:07:59.798,BIGTIME/USDT:USDT,0.06563,10.0,0.06562,76.0,0.0657,10.0,0.06571,69.0
1753531680261,12:08:00.261,BIGTIME/USDT:USDT,0.06563,30.0,0.06562,76.0,0.0657,10.0,0.06571,69.0
1753531680284,12:08:00.284,BIGTIME/USDT:USDT,0.06564,33.0,0.06563,30.0,0.0657,16.0,0.06571,69.0
1753531680384,12:08:00.384,BIGTIME/USDT:USDT,0.06564,33.0,0.06563,30.0,0.0657,16.0,0.06571,69.0
1753531680615,12:08:00.615,BIGTIME/USDT:USDT,0.06564,33.0,0.06563,30.0,0.0657,16.0,0.06571,69.0
1753531681028,12:08:01.028,BIGTIME/USDT:USDT,0.06564,33.0,0.06563,30.0,0.0657,16.0,0.06571,69.0
1753531683547,12:08:03.547,BIGTIME/USDT:USDT,0.06564,33.0,0.06563,30.0,0.0657,16.0,0.06571,69.0
1753531684407,12:08:04.407,BIGTIME/USDT:USDT,0.06564,23.0,0.06563,20.0,0.06569,9.0,0.0657,16.0
1753531684741,12:08:04.741,BIGTIME/USDT:USDT,0.06564,23.0,0.06563,20.0,0.06569,9.0,0.0657,16.0
1753531685205,12:08:05.205,BIGTIME/USDT:USDT,0.06564,3.0,0.06563,20.0,0.06569,9.0,0.0657,16.0
1753531686247,12:08:06.247,BIGTIME/USDT:USDT,0.06565,29.0,0.06564,15.0,0.0657,3.0,0.06571,69.0
1753531686349,12:08:06.349,BIGTIME/USDT:USDT,0.06566,35.0,0.06565,29.0,0.06571,20.0,0.06572,12.0
1753531686460,12:08:06.460,BIGTIME/USDT:USDT,0.06567,9.0,0.06566,35.0,0.06571,20.0,0.06572,3.0
1753531686460,12:08:06.460,BIGTIME/USDT:USDT,0.06567,9.0,0.06566,35.0,0.06571,20.0,0.06572,3.0
1753531686643,12:08:06.643,BIGTIME/USDT:USDT,0.06567,9.0,0.06566,35.0,0.06571,20.0,0.06572,3.0
1753531686793,12:08:06.793,BIGTIME/USDT:USDT,0.06567,9.0,0.06566,35.0,0.06571,20.0,0.06572,3.0
1753531687023,12:08:07.023,BIGTIME/USDT:USDT,0.06567,9.0,0.06566,35.0,0.06571,20.0,0.06572,3.0
1753531687183,12:08:07.183,BIGTIME/USDT:USDT,0.06567,9.0,0.06566,35.0,0.06571,20.0,0.06572,3.0
1753531687398,12:08:07.398,BIGTIME/USDT:USDT,0.06567,9.0,0.06566,35.0,0.06571,23.0,0.06572,3.0
1753531688008,12:08:08.008,BIGTIME/USDT:USDT,0.06567,9.0,0.06566,35.0,0.06571,23.0,0.06572,3.0
1753531688271,12:08:08.271,BIGTIME/USDT:USDT,0.06567,9.0,0.06566,35.0,0.06571,20.0,0.06572,3.0
1753531688434,12:08:08.434,BIGTIME/USDT:USDT,0.06567,9.0,0.06566,35.0,0.06571,20.0,0.06572,3.0
1753531689012,12:08:09.012,BIGTIME/USDT:USDT,0.06567,9.0,0.06566,35.0,0.06571,20.0,0.06572,3.0
1753531689167,12:08:09.167,BIGTIME/USDT:USDT,0.06567,29.0,0.06566,35.0,0.06571,20.0,0.06572,3.0
1753531689320,12:08:09.320,BIGTIME/USDT:USDT,0.06568,9.0,0.06567,29.0,0.06571,20.0,0.06572,3.0
1753531689385,12:08:09.385,BIGTIME/USDT:USDT,0.06568,9.0,0.06567,29.0,0.06571,20.0,0.06572,3.0
1753531689623,12:08:09.623,BIGTIME/USDT:USDT,0.06568,9.0,0.06567,29.0,0.06571,20.0,0.06572,6.0
1753531690039,12:08:10.039,BIGTIME/USDT:USDT,0.06568,9.0,0.06567,29.0,0.06571,20.0,0.06572,6.0
1753531690143,12:08:10.143,BIGTIME/USDT:USDT,0.06567,29.0,0.06566,35.0,0.06571,20.0,0.06572,6.0
1753531690474,12:08:10.474,BIGTIME/USDT:USDT,0.06567,29.0,0.06566,35.0,0.06571,20.0,0.06572,6.0
1753531691066,12:08:11.066,BIGTIME/USDT:USDT,0.06567,29.0,0.06566,35.0,0.06571,20.0,0.06572,6.0
1753531691289,12:08:11.289,BIGTIME/USDT:USDT,0.06567,29.0,0.06566,35.0,0.06571,20.0,0.06572,6.0
1753531693846,12:08:13.846,BIGTIME/USDT:USDT,0.06567,29.0,0.06566,35.0,0.06571,23.0,0.06572,6.0
1753531694006,12:08:14.006,BIGTIME/USDT:USDT,0.06567,29.0,0.06566,35.0,0.06571,23.0,0.06572,6.0
1753531695150,12:08:15.150,BIGTIME/USDT:USDT,0.06567,29.0,0.06566,35.0,0.06571,23.0,0.06572,6.0
1753531699501,12:08:19.501,BIGTIME/USDT:USDT,0.06567,20.0,0.06566,35.0,0.06571,23.0,0.06572,3.0
1753531699644,12:08:19.644,BIGTIME/USDT:USDT,0.06568,35.0,0.06567,20.0,0.06572,3.0,0.06573,3.0
1753531699742,12:08:19.742,BIGTIME/USDT:USDT,0.06568,35.0,0.06567,20.0,0.06572,3.0,0.06573,3.0
1753531699813,12:08:19.813,BIGTIME/USDT:USDT,0.06568,35.0,0.06567,20.0,0.06572,3.0,0.06573,3.0
1753531700038,12:08:20.038,BIGTIME/USDT:USDT,0.06568,35.0,0.06567,20.0,0.06572,3.0,0.06573,3.0
1753531700871,12:08:20.871,BIGTIME/USDT:USDT,0.06568,35.0,0.06567,20.0,0.06572,3.0,0.06573,3.0
1753531701030,12:08:21.030,BIGTIME/USDT:USDT,0.06568,15.0,0.06567,20.0,0.06572,3.0,0.06573,3.0
1753531701373,12:08:21.373,BIGTIME/USDT:USDT,0.06568,15.0,0.06567,20.0,0.06572,3.0,0.06573,3.0
1753531701756,12:08:21.756,BIGTIME/USDT:USDT,0.06569,10.0,0.06568,15.0,0.06574,23.0,0.06575,143.0
1753531701859,12:08:21.859,BIGTIME/USDT:USDT,0.06569,30.0,0.06568,12.0,0.06574,23.0,0.06575,143.0
1753531701936,12:08:21.936,BIGTIME/USDT:USDT,0.06569,30.0,0.06568,12.0,0.06574,23.0,0.06575,143.0
1753531702058,12:08:22.058,BIGTIME/USDT:USDT,0.06569,30.0,0.06568,12.0,0.06574,26.0,0.06575,143.0
1753531702076,12:08:22.076,BIGTIME/USDT:USDT,0.06569,30.0,0.06568,12.0,0.06574,26.0,0.06575,143.0
1753531702216,12:08:22.216,BIGTIME/USDT:USDT,0.06569,30.0,0.06568,12.0,0.06574,26.0,0.06575,143.0
1753531703460,12:08:23.460,BIGTIME/USDT:USDT,0.06569,30.0,0.06568,12.0,0.06574,26.0,0.06575,143.0
1753531705345,12:08:25.345,BIGTIME/USDT:USDT,0.06569,30.0,0.06568,12.0,0.06574,26.0,0.06575,143.0
1753531705363,12:08:25.363,BIGTIME/USDT:USDT,0.06569,30.0,0.06568,12.0,0.06574,26.0,0.06575,143.0
1753531705846,12:08:25.846,BIGTIME/USDT:USDT,0.06569,30.0,0.06568,12.0,0.06574,26.0,0.06575,143.0
1753531706743,12:08:26.743,BIGTIME/USDT:USDT,0.06569,30.0,0.06568,12.0,0.06574,26.0,0.06575,143.0
1753531706960,12:08:26.960,BIGTIME/USDT:USDT,0.06569,30.0,0.06568,12.0,0.06574,26.0,0.06575,143.0
1753531706962,12:08:26.962,BIGTIME/USDT:USDT,0.06569,30.0,0.06568,12.0,0.06574,26.0,0.06575,143.0
1753531707354,12:08:27.354,BIGTIME/USDT:USDT,0.06569,20.0,0.06568,12.0,0.06574,26.0,0.06575,143.0
1753531708260,12:08:28.260,BIGTIME/USDT:USDT,0.06573,30.0,0.06572,30.0,0.06581,9.0,0.06583,56.0
1753531708353,12:08:28.353,BIGTIME/USDT:USDT,0.06574,10.0,0.06573,30.0,0.06581,9.0,0.06583,56.0
1753531708441,12:08:28.441,BIGTIME/USDT:USDT,0.06574,10.0,0.06573,30.0,0.06581,9.0,0.06583,56.0
1753531708543,12:08:28.543,BIGTIME/USDT:USDT,0.06574,10.0,0.06573,30.0,0.06581,9.0,0.06583,56.0
1753531708600,12:08:28.600,BIGTIME/USDT:USDT,0.06574,10.0,0.06573,30.0,0.06581,9.0,0.06583,56.0
1753531708667,12:08:28.667,BIGTIME/USDT:USDT,0.06574,10.0,0.06573,30.0,0.06581,9.0,0.06583,56.0
1753531708938,12:08:28.938,BIGTIME/USDT:USDT,0.06574,10.0,0.06573,30.0,0.06581,9.0,0.06582,20.0
1753531709360,12:08:29.360,BIGTIME/USDT:USDT,0.06574,10.0,0.06573,30.0,0.06581,9.0,0.06582,20.0
1753531709364,12:08:29.364,BIGTIME/USDT:USDT,0.06574,10.0,0.06573,30.0,0.06581,9.0,0.06582,30.0
1753531709496,12:08:29.496,BIGTIME/USDT:USDT,0.06574,10.0,0.06573,30.0,0.06581,9.0,0.06582,30.0
1753531709927,12:08:29.927,BIGTIME/USDT:USDT,0.06574,30.0,0.06573,30.0,0.06581,29.0,0.06582,30.0
1753531710247,12:08:30.247,BIGTIME/USDT:USDT,0.06575,33.0,0.06574,30.0,0.06581,26.0,0.06582,30.0
1753531710354,12:08:30.354,BIGTIME/USDT:USDT,0.06575,36.0,0.06574,30.0,0.06581,23.0,0.06582,30.0
1753531710373,12:08:30.373,BIGTIME/USDT:USDT,0.06575,36.0,0.06574,30.0,0.06581,23.0,0.06582,30.0
1753531710550,12:08:30.550,BIGTIME/USDT:USDT,0.06575,36.0,0.06574,30.0,0.06581,23.0,0.06582,30.0
1753531710646,12:08:30.646,BIGTIME/USDT:USDT,0.06575,36.0,0.06574,30.0,0.06581,23.0,0.06582,30.0
1753531710678,12:08:30.678,BIGTIME/USDT:USDT,0.06575,36.0,0.06574,30.0,0.06581,23.0,0.06582,30.0
1753531710915,12:08:30.915,BIGTIME/USDT:USDT,0.06575,36.0,0.06574,30.0,0.06581,23.0,0.06582,30.0
1753531711823,12:08:31.823,BIGTIME/USDT:USDT,0.06575,36.0,0.06574,30.0,0.06581,23.0,0.06582,30.0
1753531712036,12:08:32.036,BIGTIME/USDT:USDT,0.06575,36.0,0.06574,30.0,0.06581,23.0,0.06582,30.0
1753531712105,12:08:32.105,BIGTIME/USDT:USDT,0.06575,36.0,0.06574,30.0,0.06581,23.0,0.06582,30.0
1753531712306,12:08:32.306,BIGTIME/USDT:USDT,0.06575,36.0,0.06574,30.0,0.06581,23.0,0.06582,30.0
1753531713534,12:08:33.534,BIGTIME/USDT:USDT,0.06575,36.0,0.06574,30.0,0.06581,23.0,0.06582,30.0
1753531715060,12:08:35.060,BIGTIME/USDT:USDT,0.06575,33.0,0.06574,30.0,0.06581,23.0,0.06582,30.0
1753531715252,12:08:35.252,BIGTIME/USDT:USDT,0.06575,20.0,0.06574,20.0,0.0658,13.0,0.06581,23.0
1753531715290,12:08:35.290,BIGTIME/USDT:USDT,0.06575,20.0,0.06574,20.0,0.0658,13.0,0.06581,23.0
1753531715380,12:08:35.380,BIGTIME/USDT:USDT,0.06575,20.0,0.06574,20.0,0.0658,13.0,0.06581,23.0
1753531715560,12:08:35.560,BIGTIME/USDT:USDT,0.06575,20.0,0.06574,20.0,0.0658,13.0,0.06581,23.0
1753531715566,12:08:35.566,BIGTIME/USDT:USDT,0.06575,20.0,0.06574,20.0,0.0658,13.0,0.06581,23.0
1753531715859,12:08:35.859,BIGTIME/USDT:USDT,0.06574,20.0,0.06573,30.0,0.0658,13.0,0.06581,23.0
1753531715860,12:08:35.860,BIGTIME/USDT:USDT,0.06574,20.0,0.06573,30.0,0.0658,13.0,0.06581,23.0
1753531716024,12:08:36.024,BIGTIME/USDT:USDT,0.06574,20.0,0.06573,30.0,0.0658,13.0,0.06581,23.0
1753531716557,12:08:36.557,BIGTIME/USDT:USDT,0.06574,20.0,0.06573,20.0,0.06579,12.0,0.0658,13.0
1753531716624,12:08:36.624,BIGTIME/USDT:USDT,0.06574,20.0,0.06573,20.0,0.06578,12.0,0.06579,12.0
1753531716752,12:08:36.752,BIGTIME/USDT:USDT,0.06573,20.0,0.06572,66.0,0.06578,12.0,0.06579,12.0
1753531716849,12:08:36.849,BIGTIME/USDT:USDT,0.06573,20.0,0.06572,66.0,0.06578,12.0,0.06579,12.0
1753531717006,12:08:37.006,BIGTIME/USDT:USDT,0.06573,20.0,0.06572,66.0,0.06578,12.0,0.06579,12.0
1753531717506,12:08:37.506,BIGTIME/USDT:USDT,0.06573,20.0,0.06572,66.0,0.06577,12.0,0.06578,12.0
1753531717625,12:08:37.625,BIGTIME/USDT:USDT,0.06573,20.0,0.06572,66.0,0.06577,12.0,0.06578,12.0
1753531718041,12:08:38.041,BIGTIME/USDT:USDT,0.06573,20.0,0.06572,66.0,0.06577,12.0,0.06578,12.0
1753531719006,12:08:39.006,BIGTIME/USDT:USDT,0.06573,20.0,0.06572,66.0,0.06577,12.0,0.06578,12.0
1753531719132,12:08:39.132,BIGTIME/USDT:USDT,0.06572,20.0,0.06571,20.0,0.06576,12.0,0.06577,15.0
1753531719260,12:08:39.260,BIGTIME/USDT:USDT,0.06571,20.0,0.06569,29.0,0.06575,12.0,0.06576,12.0
1753531719302,12:08:39.302,BIGTIME/USDT:USDT,0.06571,20.0,0.06569,29.0,0.06575,12.0,0.06576,12.0
1753531719682,12:08:39.682,BIGTIME/USDT:USDT,0.06571,20.0,0.06569,29.0,0.06575,12.0,0.06576,12.0
1753531720006,12:08:40.006,BIGTIME/USDT:USDT,0.06571,20.0,0.06569,29.0,0.06575,12.0,0.06576,12.0
1753531720194,12:08:40.194,BIGTIME/USDT:USDT,0.06571,20.0,0.06569,29.0,0.06575,12.0,0.06576,12.0
1753531720501,12:08:40.501,BIGTIME/USDT:USDT,0.06571,20.0,0.06569,29.0,0.06575,12.0,0.06576,12.0
1753531721089,12:08:41.089,BIGTIME/USDT:USDT,0.06571,20.0,0.06569,20.0,0.06575,12.0,0.06576,12.0
1753531721801,12:08:41.801,BIGTIME/USDT:USDT,0.06569,20.0,0.06568,72.0,0.06575,12.0,0.06576,12.0
1753531721883,12:08:41.883,BIGTIME/USDT:USDT,0.06569,20.0,0.06568,72.0,0.06575,12.0,0.06576,12.0
1753531722128,12:08:42.128,BIGTIME/USDT:USDT,0.06569,20.0,0.06568,72.0,0.06575,12.0,0.06576,12.0
1753531722683,12:08:42.683,BIGTIME/USDT:USDT,0.06569,20.0,0.06568,72.0,0.06575,14.0,0.06576,12.0
1753531725615,12:08:45.615,BIGTIME/USDT:USDT,0.06569,20.0,0.06568,72.0,0.06575,14.0,0.06576,12.0
1753531727558,12:08:47.558,BIGTIME/USDT:USDT,0.06569,20.0,0.06568,72.0,0.06575,14.0,0.06576,12.0
1753531727578,12:08:47.578,BIGTIME/USDT:USDT,0.06569,20.0,0.06568,72.0,0.06575,14.0,0.06576,12.0
1753531729949,12:08:49.949,BIGTIME/USDT:USDT,0.0657,9.0,0.06569,20.0,0.06575,3.0,0.06576,12.0
1753531730025,12:08:50.025,BIGTIME/USDT:USDT,0.0657,32.0,0.06569,20.0,0.06579,9.0,0.0658,52.0
1753531730101,12:08:50.101,BIGTIME/USDT:USDT,0.0657,29.0,0.06569,20.0,0.06579,9.0,0.0658,52.0
1753531730204,12:08:50.204,BIGTIME/USDT:USDT,0.0657,20.0,0.06569,20.0,0.06577,9.0,0.06578,123.0
1753531730624,12:08:50.624,BIGTIME/USDT:USDT,0.0657,20.0,0.06569,20.0,0.06577,9.0,0.06578,123.0
1753531731681,12:08:51.681,BIGTIME/USDT:USDT,0.06569,20.0,0.06568,72.0,0.06577,9.0,0.06578,123.0
1753531731850,12:08:51.850,BIGTIME/USDT:USDT,0.06569,20.0,0.06568,72.0,0.06577,9.0,0.06578,123.0
1753531732670,12:08:52.670,BIGTIME/USDT:USDT,0.06569,20.0,0.06568,72.0,0.06576,9.0,0.06577,10.0
1753531733074,12:08:53.074,BIGTIME/USDT:USDT,0.06569,20.0,0.06568,72.0,0.06576,9.0,0.06577,10.0
1753531733488,12:08:53.488,BIGTIME/USDT:USDT,0.06569,20.0,0.06568,72.0,0.06576,9.0,0.06577,10.0
1753531734650,12:08:54.650,BIGTIME/USDT:USDT,0.06569,20.0,0.06568,72.0,0.06576,9.0,0.06577,46.0
1753531734702,12:08:54.702,BIGTIME/USDT:USDT,0.06569,20.0,0.06568,72.0,0.06576,9.0,0.06577,46.0
1753531735684,12:08:55.684,BIGTIME/USDT:USDT,0.06569,20.0,0.06568,72.0,0.06576,9.0,0.06577,46.0
1753531737154,12:08:57.154,BIGTIME/USDT:USDT,0.06569,20.0,0.06568,72.0,0.06576,9.0,0.06577,46.0
1753531737558,12:08:57.558,BIGTIME/USDT:USDT,0.06569,20.0,0.06568,72.0,0.06576,9.0,0.06577,46.0
1753531738155,12:08:58.155,BIGTIME/USDT:USDT,0.06569,20.0,0.06568,72.0,0.06576,9.0,0.06577,46.0
1753531738979,12:08:58.979,BIGTIME/USDT:USDT,0.06569,20.0,0.06568,72.0,0.06576,9.0,0.06577,45.0
1753531741503,12:09:01.503,BIGTIME/USDT:USDT,0.06569,20.0,0.06568,72.0,0.06576,9.0,0.06577,45.0
1753531743023,12:09:03.023,BIGTIME/USDT:USDT,0.06569,20.0,0.06568,72.0,0.06576,9.0,0.06577,45.0
1753531746024,12:09:06.024,BIGTIME/USDT:USDT,0.06569,20.0,0.06568,72.0,0.06576,9.0,0.06577,45.0
1753531755561,12:09:15.561,BIGTIME/USDT:USDT,0.06568,20.0,0.06567,20.0,0.06573,9.0,0.06574,15.0
1753531755660,12:09:15.660,BIGTIME/USDT:USDT,0.06568,26.0,0.06567,20.0,0.06572,10.0,0.06573,9.0
1753531755700,12:09:15.700,BIGTIME/USDT:USDT,0.06568,26.0,0.06567,20.0,0.06572,10.0,0.06573,9.0
1753531755859,12:09:15.859,BIGTIME/USDT:USDT,0.06568,26.0,0.06567,20.0,0.06572,10.0,0.06573,9.0
1753531755886,12:09:15.886,BIGTIME/USDT:USDT,0.06568,26.0,0.06567,20.0,0.06572,10.0,0.06573,9.0
1753531756024,12:09:16.024,BIGTIME/USDT:USDT,0.06568,26.0,0.06567,20.0,0.06572,10.0,0.06573,9.0
1753531756405,12:09:16.405,BIGTIME/USDT:USDT,0.06568,3.0,0.06566,20.0,0.06572,10.0,0.06573,9.0
1753531756597,12:09:16.597,BIGTIME/USDT:USDT,0.06568,3.0,0.06566,20.0,0.06572,10.0,0.06573,9.0
1753531756916,12:09:16.916,BIGTIME/USDT:USDT,0.06568,3.0,0.06566,20.0,0.06572,10.0,0.06573,9.0
1753531756997,12:09:16.997,BIGTIME/USDT:USDT,0.06568,3.0,0.06566,20.0,0.06572,10.0,0.06573,9.0
1753531757323,12:09:17.323,BIGTIME/USDT:USDT,0.06568,3.0,0.06566,20.0,0.06572,13.0,0.06573,9.0
1753531759959,12:09:19.959,BIGTIME/USDT:USDT,0.06566,23.0,0.06565,60.0,0.06571,11.0,0.06572,12.0
1753531760003,12:09:20.003,BIGTIME/USDT:USDT,0.06566,23.0,0.06565,60.0,0.06571,11.0,0.06572,12.0
1753531760206,12:09:20.206,BIGTIME/USDT:USDT,0.06566,23.0,0.06565,60.0,0.06571,11.0,0.06572,12.0
1753531760359,12:09:20.359,BIGTIME/USDT:USDT,0.06566,23.0,0.06565,60.0,0.06571,11.0,0.06572,12.0
1753531760459,12:09:20.459,BIGTIME/USDT:USDT,0.06566,23.0,0.06565,60.0,0.06571,11.0,0.06572,12.0
1753531760523,12:09:20.523,BIGTIME/USDT:USDT,0.06566,23.0,0.06565,60.0,0.0657,12.0,0.06571,11.0
1753531760619,12:09:20.619,BIGTIME/USDT:USDT,0.06566,23.0,0.06565,60.0,0.0657,12.0,0.06571,11.0
1753531761348,12:09:21.348,BIGTIME/USDT:USDT,0.06566,23.0,0.06565,60.0,0.0657,12.0,0.06571,11.0
1753531761444,12:09:21.444,BIGTIME/USDT:USDT,0.06566,23.0,0.06565,60.0,0.0657,12.0,0.06571,11.0
1753531761583,12:09:21.583,BIGTIME/USDT:USDT,0.06566,23.0,0.06565,60.0,0.0657,12.0,0.06571,11.0
1753531762220,12:09:22.220,BIGTIME/USDT:USDT,0.06566,26.0,0.06565,60.0,0.0657,12.0,0.06571,11.0
1753531762281,12:09:22.281,BIGTIME/USDT:USDT,0.06566,26.0,0.06565,60.0,0.0657,12.0,0.06571,11.0
1753531762616,12:09:22.616,BIGTIME/USDT:USDT,0.06566,26.0,0.06565,60.0,0.0657,12.0,0.06571,11.0
1753531762987,12:09:22.987,BIGTIME/USDT:USDT,0.06566,26.0,0.06565,20.0,0.0657,12.0,0.06571,9.0
1753531763064,12:09:23.064,BIGTIME/USDT:USDT,0.06566,26.0,0.06565,63.0,0.0657,12.0,0.06571,9.0
1753531763524,12:09:23.524,BIGTIME/USDT:USDT,0.06566,26.0,0.06565,63.0,0.06573,9.0,0.06574,46.0
1753531763628,12:09:23.628,BIGTIME/USDT:USDT,0.06566,26.0,0.06565,63.0,0.06573,9.0,0.06574,46.0
1753531763871,12:09:23.871,BIGTIME/USDT:USDT,0.06566,26.0,0.06565,63.0,0.06573,9.0,0.06574,46.0
1753531764655,12:09:24.655,BIGTIME/USDT:USDT,0.06566,26.0,0.06565,20.0,0.06573,9.0,0.06574,46.0
1753531764755,12:09:24.755,BIGTIME/USDT:USDT,0.06566,20.0,0.06565,20.0,0.06572,76.0,0.06573,9.0
1753531764859,12:09:24.859,BIGTIME/USDT:USDT,0.06565,20.0,0.06564,20.0,0.0657,9.0,0.06571,17.0
1753531764936,12:09:24.936,BIGTIME/USDT:USDT,0.06564,20.0,0.06563,29.0,0.0657,10.0,0.06571,12.0
1753531765023,12:09:25.023,BIGTIME/USDT:USDT,0.06564,20.0,0.06563,29.0,0.0657,10.0,0.06571,12.0
1753531765133,12:09:25.133,BIGTIME/USDT:USDT,0.06564,20.0,0.06563,29.0,0.0657,10.0,0.06571,12.0
1753531765256,12:09:25.256,BIGTIME/USDT:USDT,0.06564,20.0,0.06563,29.0,0.0657,9.0,0.06571,12.0
1753531765297,12:09:25.297,BIGTIME/USDT:USDT,0.06564,20.0,0.06563,29.0,0.0657,9.0,0.06571,12.0
1753531765384,12:09:25.384,BIGTIME/USDT:USDT,0.06564,20.0,0.06563,29.0,0.0657,9.0,0.06571,12.0
1753531766743,12:09:26.743,BIGTIME/USDT:USDT,0.06564,20.0,0.06563,29.0,0.0657,9.0,0.06571,135.0
1753531767006,12:09:27.006,BIGTIME/USDT:USDT,0.06564,20.0,0.06563,29.0,0.0657,9.0,0.06571,135.0
1753531767167,12:09:27.167,BIGTIME/USDT:USDT,0.06564,20.0,0.06563,29.0,0.0657,9.0,0.06571,135.0
1753531767280,12:09:27.280,BIGTIME/USDT:USDT,0.06564,20.0,0.06563,29.0,0.0657,9.0,0.06571,135.0
1753531767458,12:09:27.458,BIGTIME/USDT:USDT,0.06564,20.0,0.06563,29.0,0.0657,9.0,0.06571,135.0
1753531767530,12:09:27.530,BIGTIME/USDT:USDT,0.06564,20.0,0.06563,20.0,0.0657,9.0,0.06571,135.0
1753531767642,12:09:27.642,BIGTIME/USDT:USDT,0.06564,20.0,0.06563,20.0,0.0657,9.0,0.06571,135.0
1753531767960,12:09:27.960,BIGTIME/USDT:USDT,0.06563,20.0,0.06562,29.0,0.0657,50.0,0.06571,135.0
1753531768060,12:09:28.060,BIGTIME/USDT:USDT,0.06563,20.0,0.06562,66.0,0.06569,9.0,0.0657,50.0
1753531768149,12:09:28.149,BIGTIME/USDT:USDT,0.06563,20.0,0.06562,20.0,0.06569,9.0,0.0657,50.0
1753531768252,12:09:28.252,BIGTIME/USDT:USDT,0.06563,20.0,0.06562,20.0,0.06569,9.0,0.0657,50.0
1753531768288,12:09:28.288,BIGTIME/USDT:USDT,0.06562,20.0,0.06561,29.0,0.06569,9.0,0.0657,50.0
1753531768421,12:09:28.421,BIGTIME/USDT:USDT,0.06562,20.0,0.06561,29.0,0.06569,9.0,0.0657,50.0
1753531769183,12:09:29.183,BIGTIME/USDT:USDT,0.06562,20.0,0.06561,29.0,0.06569,9.0,0.0657,50.0
1753531769645,12:09:29.645,BIGTIME/USDT:USDT,0.06562,20.0,0.06561,29.0,0.06569,9.0,0.0657,50.0
1753531770003,12:09:30.003,BIGTIME/USDT:USDT,0.06562,20.0,0.06561,29.0,0.06569,9.0,0.0657,50.0
1753531770251,12:09:30.251,BIGTIME/USDT:USDT,0.06562,20.0,0.06561,29.0,0.06569,29.0,0.0657,70.0
1753531770320,12:09:30.320,BIGTIME/USDT:USDT,0.06562,20.0,0.06561,29.0,0.06568,29.0,0.06569,29.0
1753531770468,12:09:30.468,BIGTIME/USDT:USDT,0.06562,20.0,0.06561,29.0,0.06568,29.0,0.06569,29.0
1753531772859,12:09:32.859,BIGTIME/USDT:USDT,0.06562,20.0,0.06561,29.0,0.06568,29.0,0.06569,29.0
1753531772921,12:09:32.921,BIGTIME/USDT:USDT,0.06562,20.0,0.06561,20.0,0.06567,10.0,0.06568,29.0
1753531773053,12:09:33.053,BIGTIME/USDT:USDT,0.06562,20.0,0.06561,20.0,0.06567,16.0,0.06568,29.0
1753531773155,12:09:33.155,BIGTIME/USDT:USDT,0.06561,20.0,0.0656,20.0,0.06566,10.0,0.06567,16.0
1753531773247,12:09:33.247,BIGTIME/USDT:USDT,0.0656,20.0,0.06559,29.0,0.06566,10.0,0.06567,16.0
1753531773356,12:09:33.356,BIGTIME/USDT:USDT,0.0656,20.0,0.06559,29.0,0.06566,10.0,0.06567,16.0
1753531773401,12:09:33.401,BIGTIME/USDT:USDT,0.0656,20.0,0.06559,29.0,0.06566,10.0,0.06567,16.0
1753531773544,12:09:33.544,BIGTIME/USDT:USDT,0.0656,20.0,0.06559,29.0,0.06566,10.0,0.06567,16.0
1753531773604,12:09:33.604,BIGTIME/USDT:USDT,0.0656,20.0,0.06559,29.0,0.06566,10.0,0.06567,16.0
1753531773849,12:09:33.849,BIGTIME/USDT:USDT,0.06561,30.0,0.0656,20.0,0.06567,3.0,0.06568,29.0
1753531773933,12:09:33.933,BIGTIME/USDT:USDT,0.06561,30.0,0.0656,20.0,0.06568,29.0,0.06569,29.0
1753531774017,12:09:34.017,BIGTIME/USDT:USDT,0.06561,30.0,0.0656,20.0,0.06568,29.0,0.06569,29.0
1753531774266,12:09:34.266,BIGTIME/USDT:USDT,0.06561,30.0,0.0656,20.0,0.06568,29.0,0.06569,29.0
1753531774557,12:09:34.557,BIGTIME/USDT:USDT,0.06562,33.0,0.06561,10.0,0.06568,20.0,0.06569,29.0
1753531774682,12:09:34.682,BIGTIME/USDT:USDT,0.06562,33.0,0.06561,10.0,0.06568,20.0,0.06569,29.0
1753531775012,12:09:35.012,BIGTIME/USDT:USDT,0.06562,33.0,0.06561,10.0,0.06568,20.0,0.06569,29.0
1753531775125,12:09:35.125,BIGTIME/USDT:USDT,0.06562,33.0,0.06561,10.0,0.06568,20.0,0.06569,29.0
1753531775223,12:09:35.223,BIGTIME/USDT:USDT,0.06562,33.0,0.06561,10.0,0.06568,20.0,0.06569,29.0
1753531776402,12:09:36.402,BIGTIME/USDT:USDT,0.06563,33.0,0.06562,33.0,0.06568,20.0,0.06569,20.0
1753531776484,12:09:36.484,BIGTIME/USDT:USDT,0.06563,33.0,0.06562,33.0,0.06568,20.0,0.06569,20.0
1753531776744,12:09:36.744,BIGTIME/USDT:USDT,0.06563,33.0,0.06562,33.0,0.06568,20.0,0.06569,20.0
1753531777006,12:09:37.006,BIGTIME/USDT:USDT,0.06563,33.0,0.06562,33.0,0.06568,20.0,0.06569,20.0
1753531777131,12:09:37.131,BIGTIME/USDT:USDT,0.06564,13.0,0.06563,33.0,0.06568,20.0,0.06569,20.0
1753531777177,12:09:37.177,BIGTIME/USDT:USDT,0.06564,13.0,0.06563,33.0,0.06569,20.0,0.0657,61.0
1753531777282,12:09:37.282,BIGTIME/USDT:USDT,0.06564,13.0,0.06563,33.0,0.06569,20.0,0.0657,20.0
1753531777602,12:09:37.602,BIGTIME/USDT:USDT,0.06564,13.0,0.06563,33.0,0.06569,20.0,0.0657,20.0
1753531778158,12:09:38.158,BIGTIME/USDT:USDT,0.06564,33.0,0.06563,33.0,0.0657,20.0,0.06571,152.0
1753531778223,12:09:38.223,BIGTIME/USDT:USDT,0.06564,33.0,0.06563,33.0,0.0657,22.0,0.06571,152.0
1753531778439,12:09:38.439,BIGTIME/USDT:USDT,0.06564,33.0,0.06563,33.0,0.0657,22.0,0.06571,152.0
1753531778583,12:09:38.583,BIGTIME/USDT:USDT,0.06564,33.0,0.06563,33.0,0.0657,22.0,0.06571,152.0
1753531779405,12:09:39.405,BIGTIME/USDT:USDT,0.06565,33.0,0.06564,33.0,0.0657,20.0,0.06571,20.0
1753531779553,12:09:39.553,BIGTIME/USDT:USDT,0.06565,33.0,0.06564,33.0,0.0657,20.0,0.06571,20.0
1753531779659,12:09:39.659,BIGTIME/USDT:USDT,0.06565,33.0,0.06564,33.0,0.0657,20.0,0.06571,20.0
1753531780020,12:09:40.020,BIGTIME/USDT:USDT,0.06566,33.0,0.06565,33.0,0.0657,20.0,0.06571,20.0
1753531780144,12:09:40.144,BIGTIME/USDT:USDT,0.06566,33.0,0.06565,33.0,0.06571,20.0,0.06572,76.0
1753531780183,12:09:40.183,BIGTIME/USDT:USDT,0.06566,33.0,0.06565,33.0,0.06571,20.0,0.06573,29.0
1753531780504,12:09:40.504,BIGTIME/USDT:USDT,0.06566,33.0,0.06565,33.0,0.06571,20.0,0.06573,29.0
1753531780827,12:09:40.827,BIGTIME/USDT:USDT,0.06566,33.0,0.06565,33.0,0.06571,21.0,0.06573,29.0
1753531780936,12:09:40.936,BIGTIME/USDT:USDT,0.06567,33.0,0.06566,33.0,0.06571,20.0,0.06573,20.0
1753531781024,12:09:41.024,BIGTIME/USDT:USDT,0.06567,33.0,0.06566,33.0,0.06573,20.0,0.06574,46.0
1753531781155,12:09:41.155,BIGTIME/USDT:USDT,0.06567,33.0,0.06566,33.0,0.06573,20.0,0.06574,46.0
1753531781203,12:09:41.203,BIGTIME/USDT:USDT,0.06567,33.0,0.06566,33.0,0.06573,21.0,0.06574,46.0
1753531781263,12:09:41.263,BIGTIME/USDT:USDT,0.06567,33.0,0.06566,33.0,0.06573,21.0,0.06574,46.0
1753531781408,12:09:41.408,BIGTIME/USDT:USDT,0.06567,33.0,0.06566,33.0,0.06573,21.0,0.06574,46.0
1753531781640,12:09:41.640,BIGTIME/USDT:USDT,0.06567,33.0,0.06566,33.0,0.06573,21.0,0.06574,46.0
1753531781850,12:09:41.850,BIGTIME/USDT:USDT,0.06567,33.0,0.06566,33.0,0.06573,21.0,0.06574,46.0
1753531783346,12:09:43.346,BIGTIME/USDT:USDT,0.06567,20.0,0.06566,30.0,0.06572,10.0,0.06573,21.0
1753531783460,12:09:43.460,BIGTIME/USDT:USDT,0.06567,20.0,0.06566,30.0,0.06572,13.0,0.06573,21.0
1753531783511,12:09:43.511,BIGTIME/USDT:USDT,0.06567,20.0,0.06566,30.0,0.06572,16.0,0.06573,21.0
1753531783919,12:09:43.919,BIGTIME/USDT:USDT,0.06567,20.0,0.06566,20.0,0.06572,16.0,0.06573,21.0
1753531784090,12:09:44.090,BIGTIME/USDT:USDT,0.06566,20.0,0.06565,30.0,0.06572,16.0,0.06573,21.0
1753531784332,12:09:44.332,BIGTIME/USDT:USDT,0.06566,20.0,0.06565,30.0,0.06572,16.0,0.06573,21.0
1753531785404,12:09:45.404,BIGTIME/USDT:USDT,0.06566,20.0,0.06565,30.0,0.06572,18.0,0.06573,20.0
1753531786540,12:09:46.540,BIGTIME/USDT:USDT,0.06566,20.0,0.06565,30.0,0.06572,13.0,0.06573,20.0
1753531786643,12:09:46.643,BIGTIME/USDT:USDT,0.06566,20.0,0.06565,30.0,0.06572,13.0,0.06573,20.0
1753531787016,12:09:47.016,BIGTIME/USDT:USDT,0.06566,20.0,0.06565,30.0,0.06572,14.0,0.06573,20.0
1753531787560,12:09:47.560,BIGTIME/USDT:USDT,0.06566,20.0,0.06565,30.0,0.06572,14.0,0.06573,20.0
1753531787590,12:09:47.590,BIGTIME/USDT:USDT,0.06566,20.0,0.06565,30.0,0.06572,14.0,0.06573,20.0
1753531787821,12:09:47.821,BIGTIME/USDT:USDT,0.06567,33.0,0.06566,20.0,0.06572,1.0,0.06573,20.0
1753531787966,12:09:47.966,BIGTIME/USDT:USDT,0.06567,33.0,0.06566,20.0,0.06572,1.0,0.06573,20.0
1753531788361,12:09:48.361,BIGTIME/USDT:USDT,0.06567,23.0,0.06566,20.0,0.06572,4.0,0.06573,20.0
1753531789039,12:09:49.039,BIGTIME/USDT:USDT,0.06567,3.0,0.06566,20.0,0.06572,4.0,0.06573,20.0
1753531789185,12:09:49.185,BIGTIME/USDT:USDT,0.06567,3.0,0.06566,20.0,0.06572,4.0,0.06573,20.0
1753531790013,12:09:50.013,BIGTIME/USDT:USDT,0.06567,3.0,0.06566,20.0,0.06572,4.0,0.06573,20.0
1753531790143,12:09:50.143,BIGTIME/USDT:USDT,0.06567,3.0,0.06566,20.0,0.06572,4.0,0.06573,20.0
1753531790184,12:09:50.184,BIGTIME/USDT:USDT,0.06567,3.0,0.06566,20.0,0.06572,4.0,0.06573,20.0
1753531791444,12:09:51.444,BIGTIME/USDT:USDT,0.06566,20.0,0.06565,30.0,0.06572,13.0,0.06573,20.0
1753531791534,12:09:51.534,BIGTIME/USDT:USDT,0.06566,20.0,0.06565,30.0,0.06572,10.0,0.06573,20.0
1753531791618,12:09:51.618,BIGTIME/USDT:USDT,0.06566,20.0,0.06565,30.0,0.06572,10.0,0.06573,20.0
1753531796543,12:09:56.543,BIGTIME/USDT:USDT,0.06567,35.0,0.06566,20.0,0.06572,1.0,0.06573,20.0
1753531796582,12:09:56.582,BIGTIME/USDT:USDT,0.06567,35.0,0.06566,20.0,0.06573,22.0,0.06574,46.0
1753531796685,12:09:56.685,BIGTIME/USDT:USDT,0.06567,35.0,0.06566,20.0,0.06573,22.0,0.06574,9.0
1753531796859,12:09:56.859,BIGTIME/USDT:USDT,0.06567,35.0,0.06566,20.0,0.06573,22.0,0.06574,9.0
1753531796862,12:09:56.862,BIGTIME/USDT:USDT,0.06567,35.0,0.06566,20.0,0.06573,22.0,0.06574,9.0
1753531797160,12:09:57.160,BIGTIME/USDT:USDT,0.06567,20.0,0.06566,20.0,0.06572,15.0,0.06573,20.0
1753531797254,12:09:57.254,BIGTIME/USDT:USDT,0.06567,20.0,0.06566,20.0,0.06572,16.0,0.06573,20.0
1753531797281,12:09:57.281,BIGTIME/USDT:USDT,0.06567,20.0,0.06566,20.0,0.06572,16.0,0.06573,20.0
1753531797939,12:09:57.939,BIGTIME/USDT:USDT,0.06566,20.0,0.06565,30.0,0.06572,16.0,0.06573,20.0
1753531798097,12:09:58.097,BIGTIME/USDT:USDT,0.06566,20.0,0.06565,30.0,0.06572,16.0,0.06573,20.0
1753531799745,12:09:59.745,BIGTIME/USDT:USDT,0.06566,20.0,0.06565,30.0,0.06572,4.0,0.06573,20.0
1753531799800,12:09:59.800,BIGTIME/USDT:USDT,0.06566,20.0,0.06565,30.0,0.06573,22.0,0.06574,9.0
1753531799873,12:09:59.873,BIGTIME/USDT:USDT,0.06566,20.0,0.06565,30.0,0.06573,20.0,0.06574,9.0
1753531800005,12:10:00.005,BIGTIME/USDT:USDT,0.06566,20.0,0.06565,30.0,0.06573,20.0,0.06574,9.0
1753531800121,12:10:00.121,BIGTIME/USDT:USDT,0.06566,20.0,0.06565,30.0,0.06573,20.0,0.06574,9.0
1753531800643,12:10:00.643,BIGTIME/USDT:USDT,0.06566,20.0,0.06565,30.0,0.06573,21.0,0.06574,9.0
1753531801023,12:10:01.023,BIGTIME/USDT:USDT,0.06566,20.0,0.06565,30.0,0.06573,21.0,0.06574,9.0
1753531801339,12:10:01.339,BIGTIME/USDT:USDT,0.06566,20.0,0.06565,30.0,0.06573,21.0,0.06574,9.0
1753531801743,12:10:01.743,BIGTIME/USDT:USDT,0.06567,29.0,0.06566,20.0,0.06573,21.0,0.06574,9.0
1753531802154,12:10:02.154,BIGTIME/USDT:USDT,0.06567,29.0,0.06566,20.0,0.06573,21.0,0.06574,9.0
1753531802882,12:10:02.882,BIGTIME/USDT:USDT,0.06567,9.0,0.06566,20.0,0.06573,21.0,0.06574,9.0
1753531803424,12:10:03.424,BIGTIME/USDT:USDT,0.06566,20.0,0.06565,30.0,0.06572,9.0,0.06573,21.0
1753531803786,12:10:03.786,BIGTIME/USDT:USDT,0.06566,20.0,0.06565,30.0,0.06572,10.0,0.06573,20.0
1753531805555,12:10:05.555,BIGTIME/USDT:USDT,0.06566,20.0,0.06565,30.0,0.06572,10.0,0.06573,20.0
1753531805804,12:10:05.804,BIGTIME/USDT:USDT,0.06566,20.0,0.06565,30.0,0.06572,10.0,0.06573,20.0
1753531805924,12:10:05.924,BIGTIME/USDT:USDT,0.06567,13.0,0.06566,20.0,0.06572,1.0,0.06573,20.0
1753531806835,12:10:06.835,BIGTIME/USDT:USDT,0.06567,33.0,0.06566,20.0,0.06572,1.0,0.06573,20.0
1753531808103,12:10:08.103,BIGTIME/USDT:USDT,0.06567,33.0,0.06566,20.0,0.06572,1.0,0.06573,20.0
1753531808852,12:10:08.852,BIGTIME/USDT:USDT,0.06568,9.0,0.06567,13.0,0.06572,1.0,0.06573,20.0
1753531808862,12:10:08.862,BIGTIME/USDT:USDT,0.06568,9.0,0.06567,13.0,0.06573,20.0,0.06574,9.0
1753531809056,12:10:09.056,BIGTIME/USDT:USDT,0.06568,9.0,0.06567,13.0,0.06573,20.0,0.06574,9.0
1753531809369,12:10:09.369,BIGTIME/USDT:USDT,0.06568,9.0,0.06567,13.0,0.06573,21.0,0.06574,9.0
1753531809492,12:10:09.492,BIGTIME/USDT:USDT,0.06568,9.0,0.06567,13.0,0.06573,21.0,0.06574,9.0
1753531809801,12:10:09.801,BIGTIME/USDT:USDT,0.06568,9.0,0.06567,13.0,0.06573,21.0,0.06574,9.0
1753531810783,12:10:10.783,BIGTIME/USDT:USDT,0.06568,9.0,0.06567,13.0,0.06573,21.0,0.06574,9.0
1753531810863,12:10:10.863,BIGTIME/USDT:USDT,0.06568,9.0,0.06567,13.0,0.06573,21.0,0.06574,9.0
1753531811654,12:10:11.654,BIGTIME/USDT:USDT,0.06568,9.0,0.06567,13.0,0.06573,21.0,0.06574,9.0
1753531811662,12:10:11.662,BIGTIME/USDT:USDT,0.06568,9.0,0.06567,13.0,0.06573,21.0,0.06574,9.0
1753531812211,12:10:12.211,BIGTIME/USDT:USDT,0.06568,9.0,0.06567,13.0,0.06573,23.0,0.06574,9.0
1753531812643,12:10:12.643,BIGTIME/USDT:USDT,0.06568,9.0,0.06567,13.0,0.06573,21.0,0.06574,9.0
1753531814708,12:10:14.708,BIGTIME/USDT:USDT,0.06568,9.0,0.06567,13.0,0.06573,23.0,0.06574,9.0
1753531814855,12:10:14.855,BIGTIME/USDT:USDT,0.06567,4.0,0.06566,20.0,0.06573,23.0,0.06574,9.0
1753531814904,12:10:14.904,BIGTIME/USDT:USDT,0.06566,20.0,0.06565,30.0,0.06573,23.0,0.06574,9.0
1753531815503,12:10:15.503,BIGTIME/USDT:USDT,0.06566,20.0,0.06565,30.0,0.06573,23.0,0.06574,9.0
1753531815684,12:10:15.684,BIGTIME/USDT:USDT,0.06567,30.0,0.06566,20.0,0.06573,23.0,0.06574,9.0
1753531815929,12:10:15.929,BIGTIME/USDT:USDT,0.06567,30.0,0.06566,20.0,0.06573,21.0,0.06574,9.0
1753531815988,12:10:15.988,BIGTIME/USDT:USDT,0.06567,30.0,0.06566,20.0,0.06573,21.0,0.06574,9.0
1753531816728,12:10:16.728,BIGTIME/USDT:USDT,0.06567,10.0,0.06566,20.0,0.06573,21.0,0.06574,9.0
1753531817311,12:10:17.311,BIGTIME/USDT:USDT,0.06566,20.0,0.06565,30.0,0.06573,21.0,0.06574,9.0
1753531817374,12:10:17.374,BIGTIME/USDT:USDT,0.06566,20.0,0.06565,30.0,0.06572,10.0,0.06573,20.0
1753531817614,12:10:17.614,BIGTIME/USDT:USDT,0.06566,20.0,0.06565,30.0,0.06572,12.0,0.06573,20.0
1753531819517,12:10:19.517,BIGTIME/USDT:USDT,0.06566,20.0,0.06565,30.0,0.06572,12.0,0.06573,20.0
1753531819639,12:10:19.639,BIGTIME/USDT:USDT,0.06566,20.0,0.06565,30.0,0.06572,12.0,0.06573,20.0
1753531820011,12:10:20.011,BIGTIME/USDT:USDT,0.06566,20.0,0.06565,30.0,0.06572,12.0,0.06573,20.0
1753531820857,12:10:20.857,BIGTIME/USDT:USDT,0.06566,20.0,0.06565,30.0,0.06572,12.0,0.06573,20.0
1753531821003,12:10:21.003,BIGTIME/USDT:USDT,0.06566,20.0,0.06565,30.0,0.06572,12.0,0.06573,20.0
1753531821658,12:10:21.658,BIGTIME/USDT:USDT,0.06566,20.0,0.06565,20.0,0.06571,13.0,0.06572,10.0
1753531821683,12:10:21.683,BIGTIME/USDT:USDT,0.06565,20.0,0.06564,76.0,0.06571,14.0,0.06572,10.0
1753531822006,12:10:22.006,BIGTIME/USDT:USDT,0.06565,20.0,0.06564,76.0,0.06571,14.0,0.06572,10.0
1753531822114,12:10:22.114,BIGTIME/USDT:USDT,0.06565,20.0,0.06564,76.0,0.06571,14.0,0.06572,10.0
1753531823375,12:10:23.375,BIGTIME/USDT:USDT,0.06565,20.0,0.06564,76.0,0.0657,9.0,0.06571,14.0
1753531823505,12:10:23.505,BIGTIME/USDT:USDT,0.06565,24.0,0.06564,76.0,0.0657,9.0,0.06571,14.0
1753531823716,12:10:23.716,BIGTIME/USDT:USDT,0.06565,24.0,0.06564,76.0,0.06571,12.0,0.06572,10.0
1753531823771,12:10:23.771,BIGTIME/USDT:USDT,0.06565,24.0,0.06564,76.0,0.06571,12.0,0.06572,10.0
1753531824184,12:10:24.184,BIGTIME/USDT:USDT,0.06565,24.0,0.06564,76.0,0.06571,12.0,0.06572,10.0
1753531825459,12:10:25.459,BIGTIME/USDT:USDT,0.06565,24.0,0.06564,76.0,0.06571,12.0,0.06572,10.0
1753531825464,12:10:25.464,BIGTIME/USDT:USDT,0.06565,24.0,0.06564,76.0,0.06571,12.0,0.06572,10.0
1753531825746,12:10:25.746,BIGTIME/USDT:USDT,0.06565,24.0,0.06564,76.0,0.06571,10.0,0.06572,10.0
1753531825807,12:10:25.807,BIGTIME/USDT:USDT,0.06565,24.0,0.06564,76.0,0.06571,10.0,0.06572,10.0
1753531829261,12:10:29.261,BIGTIME/USDT:USDT,0.06566,9.0,0.06565,24.0,0.06571,1.0,0.06572,10.0
1753531829354,12:10:29.354,BIGTIME/USDT:USDT,0.06567,9.0,0.06566,29.0,0.06573,20.0,0.06574,9.0
1753531829453,12:10:29.453,BIGTIME/USDT:USDT,0.06567,29.0,0.06566,29.0,0.06573,20.0,0.06574,9.0
1753531829489,12:10:29.489,BIGTIME/USDT:USDT,0.06567,29.0,0.06566,29.0,0.06573,20.0,0.06574,9.0
1753531829578,12:10:29.578,BIGTIME/USDT:USDT,0.06567,29.0,0.06566,9.0,0.06573,20.0,0.06574,9.0
1753531830005,12:10:30.005,BIGTIME/USDT:USDT,0.06567,29.0,0.06566,9.0,0.06573,20.0,0.06574,9.0
1753531830744,12:10:30.744,BIGTIME/USDT:USDT,0.06567,24.0,0.06566,9.0,0.06572,9.0,0.06573,20.0
1753531830944,12:10:30.944,BIGTIME/USDT:USDT,0.06567,24.0,0.06566,9.0,0.06573,20.0,0.06574,9.0
1753531831096,12:10:31.096,BIGTIME/USDT:USDT,0.06567,24.0,0.06566,9.0,0.06573,20.0,0.06574,9.0
1753531833306,12:10:33.306,BIGTIME/USDT:USDT,0.06568,20.0,0.06567,24.0,0.06573,22.0,0.06574,9.0
1753531833437,12:10:33.437,BIGTIME/USDT:USDT,0.06568,20.0,0.06567,24.0,0.06573,20.0,0.06574,9.0
1753531833544,12:10:33.544,BIGTIME/USDT:USDT,0.06568,20.0,0.06567,24.0,0.06573,20.0,0.06574,9.0
1753531833637,12:10:33.637,BIGTIME/USDT:USDT,0.06568,20.0,0.06567,24.0,0.06572,10.0,0.06573,24.0
1753531833792,12:10:33.792,BIGTIME/USDT:USDT,0.06568,20.0,0.06567,20.0,0.06572,10.0,0.06573,24.0
1753531833957,12:10:33.957,BIGTIME/USDT:USDT,0.06568,20.0,0.06567,20.0,0.06572,10.0,0.06573,24.0
1753531834023,12:10:34.023,BIGTIME/USDT:USDT,0.06568,20.0,0.06567,20.0,0.06572,10.0,0.06573,24.0
1753531834168,12:10:34.168,BIGTIME/USDT:USDT,0.06568,24.0,0.06567,20.0,0.06572,10.0,0.06573,22.0
1753531834453,12:10:34.453,BIGTIME/USDT:USDT,0.06568,24.0,0.06567,20.0,0.06572,10.0,0.06573,22.0
1753531834522,12:10:34.522,BIGTIME/USDT:USDT,0.06568,4.0,0.06567,20.0,0.06572,10.0,0.06573,22.0
1753531834772,12:10:34.772,BIGTIME/USDT:USDT,0.06568,4.0,0.06567,20.0,0.06572,10.0,0.06573,22.0
1753531834960,12:10:34.960,BIGTIME/USDT:USDT,0.06568,4.0,0.06567,20.0,0.06573,26.0,0.06574,9.0
1753531835020,12:10:35.020,BIGTIME/USDT:USDT,0.06568,4.0,0.06567,20.0,0.06573,25.0,0.06574,9.0
1753531835188,12:10:35.188,BIGTIME/USDT:USDT,0.06568,4.0,0.06567,20.0,0.06573,25.0,0.06574,9.0
1753531835648,12:10:35.648,BIGTIME/USDT:USDT,0.06568,4.0,0.06567,20.0,0.06573,25.0,0.06576,9.0
1753531835711,12:10:35.711,BIGTIME/USDT:USDT,0.06568,4.0,0.06567,20.0,0.06573,25.0,0.06576,9.0
1753531836004,12:10:36.004,BIGTIME/USDT:USDT,0.06568,4.0,0.06567,20.0,0.06573,25.0,0.06576,9.0
1753531836500,12:10:36.500,BIGTIME/USDT:USDT,0.06568,4.0,0.06567,20.0,0.06573,5.0,0.06576,9.0
1753531837044,12:10:37.044,BIGTIME/USDT:USDT,0.06568,4.0,0.06567,20.0,0.06573,15.0,0.06576,9.0
1753531837154,12:10:37.154,BIGTIME/USDT:USDT,0.06567,20.0,0.06565,20.0,0.06571,10.0,0.06572,30.0
1753531837249,12:10:37.249,BIGTIME/USDT:USDT,0.06567,20.0,0.06565,20.0,0.06571,34.0,0.06572,30.0
1753531837325,12:10:37.325,BIGTIME/USDT:USDT,0.06565,20.0,0.06564,66.0,0.0657,10.0,0.06571,34.0
1753531837384,12:10:37.384,BIGTIME/USDT:USDT,0.06565,20.0,0.06564,66.0,0.0657,10.0,0.06571,34.0
1753531837490,12:10:37.490,BIGTIME/USDT:USDT,0.06565,20.0,0.06564,66.0,0.0657,30.0,0.06571,34.0
1753531837691,12:10:37.691,BIGTIME/USDT:USDT,0.06565,20.0,0.06564,66.0,0.0657,30.0,0.06571,34.0
1753531838006,12:10:38.006,BIGTIME/USDT:USDT,0.06565,20.0,0.06564,66.0,0.0657,30.0,0.06571,34.0
1753531838071,12:10:38.071,BIGTIME/USDT:USDT,0.06565,22.0,0.06564,66.0,0.0657,30.0,0.06571,34.0
1753531838174,12:10:38.174,BIGTIME/USDT:USDT,0.06565,24.0,0.06564,66.0,0.0657,30.0,0.06571,34.0
1753531838529,12:10:38.529,BIGTIME/USDT:USDT,0.06565,24.0,0.06564,66.0,0.0657,30.0,0.06571,34.0
1753531838658,12:10:38.658,BIGTIME/USDT:USDT,0.06564,66.0,0.06563,153.0,0.0657,32.0,0.06571,34.0
1753531838745,12:10:38.745,BIGTIME/USDT:USDT,0.06564,66.0,0.06563,153.0,0.06569,34.0,0.0657,30.0
1753531838773,12:10:38.773,BIGTIME/USDT:USDT,0.06564,66.0,0.06563,153.0,0.06569,35.0,0.0657,30.0
1753531838947,12:10:38.947,BIGTIME/USDT:USDT,0.06564,66.0,0.06563,153.0,0.06569,35.0,0.0657,30.0
1753531839008,12:10:39.008,BIGTIME/USDT:USDT,0.06564,66.0,0.06563,153.0,0.06569,35.0,0.0657,30.0
1753531839457,12:10:39.457,BIGTIME/USDT:USDT,0.06564,66.0,0.06563,143.0,0.06568,10.0,0.06569,35.0
1753531839556,12:10:39.556,BIGTIME/USDT:USDT,0.06564,20.0,0.06563,20.0,0.06568,10.0,0.06569,35.0
1753531839766,12:10:39.766,BIGTIME/USDT:USDT,0.06564,20.0,0.06563,20.0,0.06568,10.0,0.06569,35.0
1753531840461,12:10:40.461,BIGTIME/USDT:USDT,0.06563,20.0,0.06562,20.0,0.06568,10.0,0.06569,35.0
1753531840487,12:10:40.487,BIGTIME/USDT:USDT,0.06563,20.0,0.06562,20.0,0.06568,10.0,0.06569,35.0
1753531840591,12:10:40.591,BIGTIME/USDT:USDT,0.06563,20.0,0.06562,20.0,0.06568,10.0,0.06569,35.0
1753531841004,12:10:41.004,BIGTIME/USDT:USDT,0.06563,20.0,0.06562,20.0,0.06568,10.0,0.06569,35.0
1753531841444,12:10:41.444,BIGTIME/USDT:USDT,0.06562,20.0,0.06561,73.0,0.06568,30.0,0.06569,35.0
1753531841484,12:10:41.484,BIGTIME/USDT:USDT,0.06562,20.0,0.06561,73.0,0.06568,30.0,0.06569,35.0
1753531841707,12:10:41.707,BIGTIME/USDT:USDT,0.06562,20.0,0.06561,73.0,0.06568,30.0,0.06569,33.0
1753531841814,12:10:41.814,BIGTIME/USDT:USDT,0.06562,20.0,0.06561,73.0,0.06568,30.0,0.06569,32.0
1753531843024,12:10:43.024,BIGTIME/USDT:USDT,0.06562,20.0,0.06561,73.0,0.06568,30.0,0.06569,32.0
1753531843239,12:10:43.239,BIGTIME/USDT:USDT,0.06562,20.0,0.06561,73.0,0.06568,32.0,0.06569,32.0
1753531843609,12:10:43.609,BIGTIME/USDT:USDT,0.06562,20.0,0.06561,73.0,0.06568,32.0,0.06569,32.0
1753531844529,12:10:44.529,BIGTIME/USDT:USDT,0.06563,32.0,0.06562,20.0,0.06568,22.0,0.06569,30.0
1753531844623,12:10:44.623,BIGTIME/USDT:USDT,0.06563,32.0,0.06562,20.0,0.06568,22.0,0.06569,30.0
1753531845006,12:10:45.006,BIGTIME/USDT:USDT,0.06563,32.0,0.06562,20.0,0.06568,22.0,0.06569,30.0
1753531846244,12:10:46.244,BIGTIME/USDT:USDT,0.06563,12.0,0.06562,20.0,0.06568,22.0,0.06569,30.0
1753531846319,12:10:46.319,BIGTIME/USDT:USDT,0.06563,12.0,0.06562,20.0,0.06568,22.0,0.06569,30.0
1753531846389,12:10:46.389,BIGTIME/USDT:USDT,0.06563,32.0,0.06562,20.0,0.06568,22.0,0.06569,30.0
1753531846984,12:10:46.984,BIGTIME/USDT:USDT,0.06564,32.0,0.06563,12.0,0.06568,20.0,0.06569,20.0
1753531847088,12:10:47.088,BIGTIME/USDT:USDT,0.06564,32.0,0.06563,12.0,0.06568,20.0,0.06569,20.0
1753531847382,12:10:47.382,BIGTIME/USDT:USDT,0.06564,32.0,0.06563,12.0,0.06569,20.0,0.0657,30.0
1753531847733,12:10:47.733,BIGTIME/USDT:USDT,0.06564,32.0,0.06563,12.0,0.06569,20.0,0.0657,30.0
1753531848725,12:10:48.725,BIGTIME/USDT:USDT,0.06564,32.0,0.06563,12.0,0.06569,20.0,0.0657,30.0
1753531849134,12:10:49.134,BIGTIME/USDT:USDT,0.06564,32.0,0.06563,12.0,0.06569,21.0,0.0657,30.0
1753531849559,12:10:49.559,BIGTIME/USDT:USDT,0.06564,22.0,0.06563,12.0,0.06569,21.0,0.0657,30.0
1753531851006,12:10:51.006,BIGTIME/USDT:USDT,0.06564,22.0,0.06563,12.0,0.06569,21.0,0.0657,30.0
1753531851544,12:10:51.544,BIGTIME/USDT:USDT,0.06564,22.0,0.06563,12.0,0.06569,21.0,0.0657,30.0
1753531851563,12:10:51.563,BIGTIME/USDT:USDT,0.06564,22.0,0.06563,12.0,0.06569,21.0,0.0657,30.0
1753531852894,12:10:52.894,BIGTIME/USDT:USDT,0.06564,22.0,0.06563,12.0,0.06569,20.0,0.0657,30.0
1753531854640,12:10:54.640,BIGTIME/USDT:USDT,0.06564,22.0,0.06563,12.0,0.06569,21.0,0.0657,30.0
1753531855384,12:10:55.384,BIGTIME/USDT:USDT,0.06564,22.0,0.06563,12.0,0.06569,21.0,0.0657,30.0
1753531855558,12:10:55.558,BIGTIME/USDT:USDT,0.06564,22.0,0.06563,12.0,0.06569,21.0,0.0657,30.0
1753531855610,12:10:55.610,BIGTIME/USDT:USDT,0.06564,22.0,0.06563,12.0,0.06569,20.0,0.0657,30.0
1753531857043,12:10:57.043,BIGTIME/USDT:USDT,0.06565,12.0,0.06564,22.0,0.06569,20.0,0.0657,20.0
1753531857153,12:10:57.153,BIGTIME/USDT:USDT,0.06565,12.0,0.06564,22.0,0.06569,20.0,0.0657,20.0
1753531857266,12:10:57.266,BIGTIME/USDT:USDT,0.06565,32.0,0.06564,22.0,0.0657,20.0,0.06571,30.0
1753531857572,12:10:57.572,BIGTIME/USDT:USDT,0.06565,32.0,0.06564,22.0,0.0657,20.0,0.06571,30.0
1753531858255,12:10:58.255,BIGTIME/USDT:USDT,0.06565,32.0,0.06564,22.0,0.0657,20.0,0.06571,30.0
1753531858400,12:10:58.400,BIGTIME/USDT:USDT,0.06565,32.0,0.06564,22.0,0.0657,20.0,0.06571,30.0
1753531860039,12:11:00.039,BIGTIME/USDT:USDT,0.06565,32.0,0.06564,22.0,0.0657,20.0,0.06571,30.0
1753531860608,12:11:00.608,BIGTIME/USDT:USDT,0.06565,22.0,0.06564,22.0,0.0657,20.0,0.06571,30.0
1753531861500,12:11:01.500,BIGTIME/USDT:USDT,0.06565,22.0,0.06564,22.0,0.0657,20.0,0.06571,30.0
1753531861629,12:11:01.629,BIGTIME/USDT:USDT,0.06565,22.0,0.06564,22.0,0.0657,20.0,0.06571,30.0
1753531862326,12:11:02.326,BIGTIME/USDT:USDT,0.06565,22.0,0.06564,22.0,0.0657,20.0,0.06571,30.0
1753531864103,12:11:04.103,BIGTIME/USDT:USDT,0.06565,22.0,0.06564,22.0,0.0657,20.0,0.06571,30.0
1753531864660,12:11:04.660,BIGTIME/USDT:USDT,0.06566,10.0,0.06565,22.0,0.0657,20.0,0.06571,30.0
1753531864686,12:11:04.686,BIGTIME/USDT:USDT,0.06566,12.0,0.06565,22.0,0.0657,22.0,0.06571,20.0
1753531864954,12:11:04.954,BIGTIME/USDT:USDT,0.06566,2.0,0.06565,22.0,0.0657,21.0,0.06571,20.0
1753531865060,12:11:05.060,BIGTIME/USDT:USDT,0.06566,2.0,0.06565,22.0,0.0657,23.0,0.06571,20.0
1753531865177,12:11:05.177,BIGTIME/USDT:USDT,0.06566,2.0,0.06565,2.0,0.0657,3.0,0.06571,20.0
1753531865280,12:11:05.280,BIGTIME/USDT:USDT,0.06566,2.0,0.06565,2.0,0.0657,3.0,0.06571,20.0
1753531866023,12:11:06.023,BIGTIME/USDT:USDT,0.06566,2.0,0.06565,2.0,0.0657,3.0,0.06571,20.0
1753531866322,12:11:06.322,BIGTIME/USDT:USDT,0.06566,2.0,0.06565,2.0,0.0657,1.0,0.06571,20.0
1753531866829,12:11:06.829,BIGTIME/USDT:USDT,0.06566,2.0,0.06565,2.0,0.0657,1.0,0.06571,20.0
1753531866905,12:11:06.905,BIGTIME/USDT:USDT,0.06566,2.0,0.06565,2.0,0.0657,1.0,0.06571,20.0
1753531867200,12:11:07.200,BIGTIME/USDT:USDT,0.06566,2.0,0.06565,2.0,0.06571,20.0,0.06572,30.0
1753531867322,12:11:07.322,BIGTIME/USDT:USDT,0.06566,2.0,0.06565,2.0,0.06571,20.0,0.06572,30.0
1753531867617,12:11:07.617,BIGTIME/USDT:USDT,0.06566,12.0,0.06565,2.0,0.06571,20.0,0.06572,30.0
1753531867743,12:11:07.743,BIGTIME/USDT:USDT,0.06566,12.0,0.06565,2.0,0.06571,22.0,0.06572,30.0
1753531868004,12:11:08.004,BIGTIME/USDT:USDT,0.06566,12.0,0.06565,2.0,0.06571,22.0,0.06572,30.0
1753531868356,12:11:08.356,BIGTIME/USDT:USDT,0.06566,2.0,0.06565,2.0,0.06571,22.0,0.06572,30.0
1753531870905,12:11:10.905,BIGTIME/USDT:USDT,0.06566,2.0,0.06565,2.0,0.06571,22.0,0.06572,30.0
1753531871423,12:11:11.423,BIGTIME/USDT:USDT,0.06566,11.0,0.06565,2.0,0.06571,22.0,0.06572,30.0
1753531871754,12:11:11.754,BIGTIME/USDT:USDT,0.06566,2.0,0.06565,2.0,0.06571,20.0,0.06572,30.0
1753531871893,12:11:11.893,BIGTIME/USDT:USDT,0.06566,2.0,0.06565,2.0,0.06571,22.0,0.06572,30.0
1753531872013,12:11:12.013,BIGTIME/USDT:USDT,0.06566,2.0,0.06565,2.0,0.06571,22.0,0.06572,30.0
1753531872099,12:11:12.099,BIGTIME/USDT:USDT,0.06566,2.0,0.06565,2.0,0.06571,22.0,0.06572,30.0
1753531872782,12:11:12.782,BIGTIME/USDT:USDT,0.06566,2.0,0.06565,2.0,0.06571,22.0,0.06572,30.0
1753531873644,12:11:13.644,BIGTIME/USDT:USDT,0.06566,11.0,0.06565,2.0,0.06571,20.0,0.06572,30.0
1753531873791,12:11:13.791,BIGTIME/USDT:USDT,0.06566,2.0,0.06565,2.0,0.06571,20.0,0.06572,30.0
1753531874009,12:11:14.009,BIGTIME/USDT:USDT,0.06566,2.0,0.06565,2.0,0.06571,20.0,0.06572,30.0
1753531874544,12:11:14.544,BIGTIME/USDT:USDT,0.06566,2.0,0.06565,2.0,0.06571,20.0,0.06572,30.0
1753531874703,12:11:14.703,BIGTIME/USDT:USDT,0.06566,2.0,0.06565,2.0,0.06571,20.0,0.06572,30.0
1753531876011,12:11:16.011,BIGTIME/USDT:USDT,0.06566,2.0,0.06565,2.0,0.06571,20.0,0.06572,30.0
1753531876612,12:11:16.612,BIGTIME/USDT:USDT,0.06564,70.0,0.06563,133.0,0.0657,32.0,0.06571,20.0
1753531877024,12:11:17.024,BIGTIME/USDT:USDT,0.06564,70.0,0.06563,133.0,0.0657,32.0,0.06571,20.0
1753531877311,12:11:17.311,BIGTIME/USDT:USDT,0.06564,70.0,0.06563,133.0,0.0657,32.0,0.06571,20.0
1753531877425,12:11:17.425,BIGTIME/USDT:USDT,0.06564,70.0,0.06563,133.0,0.0657,32.0,0.06571,20.0
1753531878032,12:11:18.032,BIGTIME/USDT:USDT,0.06564,70.0,0.06563,133.0,0.0657,11.0,0.06571,20.0
1753531878252,12:11:18.252,BIGTIME/USDT:USDT,0.06564,70.0,0.06563,133.0,0.0657,11.0,0.06571,20.0
1753531879021,12:11:19.021,BIGTIME/USDT:USDT,0.06564,70.0,0.06563,133.0,0.0657,31.0,0.06571,20.0
1753531879154,12:11:19.154,BIGTIME/USDT:USDT,0.06564,60.0,0.06563,133.0,0.06569,31.0,0.0657,11.0
1753531879178,12:11:19.178,BIGTIME/USDT:USDT,0.06564,60.0,0.06563,133.0,0.06569,31.0,0.0657,11.0
1753531879476,12:11:19.476,BIGTIME/USDT:USDT,0.06564,60.0,0.06563,133.0,0.06569,32.0,0.0657,11.0
1753531880023,12:11:20.023,BIGTIME/USDT:USDT,0.06564,60.0,0.06563,133.0,0.06569,32.0,0.0657,11.0
1753531881579,12:11:21.579,BIGTIME/USDT:USDT,0.06564,62.0,0.06563,133.0,0.06569,32.0,0.0657,11.0
1753531881759,12:11:21.759,BIGTIME/USDT:USDT,0.06564,62.0,0.06563,133.0,0.06569,30.0,0.0657,11.0
1753531882403,12:11:22.403,BIGTIME/USDT:USDT,0.06562,20.0,0.06561,73.0,0.06568,30.0,0.06569,32.0
1753531882520,12:11:22.520,BIGTIME/USDT:USDT,0.06562,20.0,0.06561,73.0,0.06568,32.0,0.06569,31.0
1753531882712,12:11:22.712,BIGTIME/USDT:USDT,0.06562,20.0,0.06561,73.0,0.06568,32.0,0.06569,31.0
1753531883010,12:11:23.010,BIGTIME/USDT:USDT,0.06562,20.0,0.06561,73.0,0.06568,32.0,0.06569,31.0
1753531883187,12:11:23.187,BIGTIME/USDT:USDT,0.06562,20.0,0.06561,73.0,0.06568,32.0,0.06569,31.0
1753531884372,12:11:24.372,BIGTIME/USDT:USDT,0.06563,14.0,0.06562,20.0,0.06568,24.0,0.06569,31.0
1753531884739,12:11:24.739,BIGTIME/USDT:USDT,0.06563,14.0,0.06562,20.0,0.06568,24.0,0.06569,31.0
1753531884954,12:11:24.954,BIGTIME/USDT:USDT,0.06563,34.0,0.06562,20.0,0.06568,24.0,0.06569,31.0
1753531886936,12:11:26.936,BIGTIME/USDT:USDT,0.06563,14.0,0.06562,20.0,0.06568,24.0,0.06569,31.0
1753531887921,12:11:27.921,BIGTIME/USDT:USDT,0.06563,34.0,0.06562,20.0,0.06568,24.0,0.06569,31.0
1753531888227,12:11:28.227,BIGTIME/USDT:USDT,0.06563,34.0,0.06562,20.0,0.06568,24.0,0.06569,31.0
1753531889183,12:11:29.183,BIGTIME/USDT:USDT,0.06563,34.0,0.06562,20.0,0.06568,24.0,0.06569,31.0
1753531889898,12:11:29.898,BIGTIME/USDT:USDT,0.06563,14.0,0.06562,20.0,0.06568,24.0,0.06569,31.0
1753531890887,12:11:30.887,BIGTIME/USDT:USDT,0.06563,34.0,0.06562,20.0,0.06568,24.0,0.06569,31.0
1753531891488,12:11:31.488,BIGTIME/USDT:USDT,0.06563,34.0,0.06562,20.0,0.06568,22.0,0.06569,31.0
1753531892560,12:11:32.560,BIGTIME/USDT:USDT,0.06563,24.0,0.06562,20.0,0.06568,22.0,0.06569,31.0
1753531892649,12:11:32.649,BIGTIME/USDT:USDT,0.06563,20.0,0.06562,20.0,0.06567,11.0,0.06568,22.0
1753531892758,12:11:32.758,BIGTIME/USDT:USDT,0.06563,20.0,0.06562,20.0,0.06566,11.0,0.06567,11.0
1753531892842,12:11:32.842,BIGTIME/USDT:USDT,0.06562,20.0,0.06561,63.0,0.06566,11.0,0.06567,11.0
1753531892906,12:11:32.906,BIGTIME/USDT:USDT,0.06562,20.0,0.06561,20.0,0.06565,11.0,0.06566,11.0
1753531893017,12:11:33.017,BIGTIME/USDT:USDT,0.06561,20.0,0.0656,20.0,0.06564,9.0,0.06565,11.0
1753531893146,12:11:33.146,BIGTIME/USDT:USDT,0.06561,20.0,0.0656,20.0,0.06564,9.0,0.06565,11.0
1753531893354,12:11:33.354,BIGTIME/USDT:USDT,0.06561,20.0,0.0656,20.0,0.06565,11.0,0.06566,11.0
1753531893369,12:11:33.369,BIGTIME/USDT:USDT,0.06561,20.0,0.0656,20.0,0.06565,11.0,0.06566,11.0
1753531893719,12:11:33.719,BIGTIME/USDT:USDT,0.06561,20.0,0.0656,20.0,0.06565,11.0,0.06566,11.0
1753531893854,12:11:33.854,BIGTIME/USDT:USDT,0.06559,20.0,0.06558,75.0,0.06565,11.0,0.06566,11.0
1753531893868,12:11:33.868,BIGTIME/USDT:USDT,0.06559,20.0,0.06558,75.0,0.06565,11.0,0.06566,11.0
1753531894004,12:11:34.004,BIGTIME/USDT:USDT,0.06559,20.0,0.06558,75.0,0.06565,11.0,0.06566,11.0
1753531894133,12:11:34.133,BIGTIME/USDT:USDT,0.06559,20.0,0.06558,75.0,0.06565,11.0,0.06566,11.0
1753531894739,12:11:34.739,BIGTIME/USDT:USDT,0.06559,20.0,0.06558,75.0,0.06565,11.0,0.06566,11.0
1753531894951,12:11:34.951,BIGTIME/USDT:USDT,0.06559,20.0,0.06558,75.0,0.06565,11.0,0.06566,11.0
1753531895757,12:11:35.757,BIGTIME/USDT:USDT,0.06559,20.0,0.06558,75.0,0.06565,11.0,0.06566,11.0
1753531895763,12:11:35.763,BIGTIME/USDT:USDT,0.06559,20.0,0.06558,75.0,0.06565,11.0,0.06566,11.0
1753531896355,12:11:36.355,BIGTIME/USDT:USDT,0.06561,9.0,0.0656,31.0,0.06567,9.0,0.06568,20.0
1753531896405,12:11:36.405,BIGTIME/USDT:USDT,0.06561,29.0,0.0656,11.0,0.06567,9.0,0.06568,20.0
1753531896527,12:11:36.527,BIGTIME/USDT:USDT,0.06561,20.0,0.0656,11.0,0.06567,9.0,0.06568,20.0
1753531896636,12:11:36.636,BIGTIME/USDT:USDT,0.06561,20.0,0.0656,11.0,0.06567,9.0,0.06568,20.0
1753531896844,12:11:36.844,BIGTIME/USDT:USDT,0.06561,20.0,0.0656,11.0,0.06566,9.0,0.06567,29.0
1753531896865,12:11:36.865,BIGTIME/USDT:USDT,0.06561,20.0,0.0656,11.0,0.06566,29.0,0.06567,9.0
1753531897071,12:11:37.071,BIGTIME/USDT:USDT,0.06561,20.0,0.0656,11.0,0.06566,31.0,0.06567,9.0
1753531897197,12:11:37.197,BIGTIME/USDT:USDT,0.06561,20.0,0.0656,9.0,0.06566,35.0,0.06567,9.0
1753531897494,12:11:37.494,BIGTIME/USDT:USDT,0.06561,20.0,0.0656,9.0,0.06566,33.0,0.06567,9.0
1753531897686,12:11:37.686,BIGTIME/USDT:USDT,0.06561,20.0,0.0656,9.0,0.06566,34.0,0.06567,9.0
1753531898843,12:11:38.843,BIGTIME/USDT:USDT,0.06561,20.0,0.0656,9.0,0.06566,34.0,0.06567,9.0
1753531900757,12:11:40.757,BIGTIME/USDT:USDT,0.06561,20.0,0.0656,9.0,0.06566,34.0,0.06567,9.0
1753531900763,12:11:40.763,BIGTIME/USDT:USDT,0.06561,20.0,0.0656,9.0,0.06566,34.0,0.06567,9.0
1753531901012,12:11:41.012,BIGTIME/USDT:USDT,0.06561,20.0,0.0656,9.0,0.06566,34.0,0.06567,9.0
1753531901429,12:11:41.429,BIGTIME/USDT:USDT,0.06561,22.0,0.0656,9.0,0.06566,34.0,0.06567,9.0
1753531902143,12:11:42.143,BIGTIME/USDT:USDT,0.06561,22.0,0.0656,9.0,0.06566,34.0,0.06567,9.0
1753531902643,12:11:42.643,BIGTIME/USDT:USDT,0.06561,22.0,0.0656,9.0,0.06566,32.0,0.06567,9.0
1753531903484,12:11:43.484,BIGTIME/USDT:USDT,0.06561,22.0,0.0656,9.0,0.06566,32.0,0.06567,9.0
1753531906023,12:11:46.023,BIGTIME/USDT:USDT,0.06561,22.0,0.0656,9.0,0.06566,32.0,0.06567,9.0
1753531906360,12:11:46.360,BIGTIME/USDT:USDT,0.06562,11.0,0.06561,22.0,0.06566,21.0,0.06568,20.0
1753531906375,12:11:46.375,BIGTIME/USDT:USDT,0.06562,11.0,0.06561,22.0,0.06566,20.0,0.06568,20.0
1753531906495,12:11:46.495,BIGTIME/USDT:USDT,0.06562,11.0,0.06561,22.0,0.06568,20.0,0.06569,29.0
1753531906761,12:11:46.761,BIGTIME/USDT:USDT,0.06563,9.0,0.06562,11.0,0.06568,20.0,0.06569,29.0
1753531906851,12:11:46.851,BIGTIME/USDT:USDT,0.06563,9.0,0.06562,11.0,0.06568,22.0,0.06569,29.0
1753531907003,12:11:47.003,BIGTIME/USDT:USDT,0.06563,9.0,0.06562,11.0,0.06568,22.0,0.06569,29.0
1753531907096,12:11:47.096,BIGTIME/USDT:USDT,0.06563,11.0,0.06562,11.0,0.06568,22.0,0.06569,29.0
1753531907194,12:11:47.194,BIGTIME/USDT:USDT,0.06563,11.0,0.06562,11.0,0.06568,22.0,0.06569,29.0
1753531908724,12:11:48.724,BIGTIME/USDT:USDT,0.06563,11.0,0.06562,11.0,0.06568,22.0,0.06569,29.0
1753531908764,12:11:48.764,BIGTIME/USDT:USDT,0.06563,11.0,0.06562,11.0,0.06568,22.0,0.06569,29.0
1753531909482,12:11:49.482,BIGTIME/USDT:USDT,0.06563,11.0,0.06562,11.0,0.06568,20.0,0.06569,29.0
1753531909680,12:11:49.680,BIGTIME/USDT:USDT,0.06563,31.0,0.06562,11.0,0.06568,21.0,0.06569,29.0
1753531910057,12:11:50.057,BIGTIME/USDT:USDT,0.06563,31.0,0.06562,11.0,0.06568,21.0,0.06569,29.0
1753531910085,12:11:50.085,BIGTIME/USDT:USDT,0.06564,11.0,0.06563,31.0,0.06568,21.0,0.06569,20.0
1753531910183,12:11:50.183,BIGTIME/USDT:USDT,0.06564,11.0,0.06563,31.0,0.06568,21.0,0.06569,20.0
1753531910453,12:11:50.453,BIGTIME/USDT:USDT,0.06564,11.0,0.06563,31.0,0.06568,21.0,0.06569,20.0
1753531910670,12:11:50.670,BIGTIME/USDT:USDT,0.06564,31.0,0.06563,31.0,0.06568,1.0,0.06569,20.0
1753531910882,12:11:50.882,BIGTIME/USDT:USDT,0.06564,31.0,0.06563,31.0,0.06569,20.0,0.06571,20.0
1753531911003,12:11:51.003,BIGTIME/USDT:USDT,0.06564,31.0,0.06563,31.0,0.06569,20.0,0.06571,20.0
1753531911065,12:11:51.065,BIGTIME/USDT:USDT,0.06564,31.0,0.06563,31.0,0.06569,21.0,0.06571,20.0
1753531911225,12:11:51.225,BIGTIME/USDT:USDT,0.06565,31.0,0.06564,31.0,0.06569,21.0,0.06571,20.0
1753531911324,12:11:51.324,BIGTIME/USDT:USDT,0.06565,31.0,0.06564,31.0,0.06569,20.0,0.06571,20.0
1753531911443,12:11:51.443,BIGTIME/USDT:USDT,0.06565,31.0,0.06564,31.0,0.06569,20.0,0.06571,20.0
1753531911462,12:11:51.462,BIGTIME/USDT:USDT,0.06565,31.0,0.06564,31.0,0.06571,20.0,0.06572,30.0
1753531911654,12:11:51.654,BIGTIME/USDT:USDT,0.06565,31.0,0.06564,31.0,0.06571,22.0,0.06572,30.0
1753531911688,12:11:51.688,BIGTIME/USDT:USDT,0.06565,31.0,0.06564,31.0,0.06571,22.0,0.06572,30.0
1753531911883,12:11:51.883,BIGTIME/USDT:USDT,0.06565,31.0,0.06564,31.0,0.06571,22.0,0.06572,30.0
1753531912649,12:11:52.649,BIGTIME/USDT:USDT,0.06565,31.0,0.06564,31.0,0.06571,22.0,0.06572,30.0
1753531914241,12:11:54.241,BIGTIME/USDT:USDT,0.06565,22.0,0.06564,31.0,0.0657,9.0,0.06571,22.0
1753531914520,12:11:54.520,BIGTIME/USDT:USDT,0.06565,22.0,0.06564,31.0,0.0657,9.0,0.06571,22.0
1753531915005,12:11:55.005,BIGTIME/USDT:USDT,0.06565,22.0,0.06564,31.0,0.0657,9.0,0.06571,22.0
1753531915532,12:11:55.532,BIGTIME/USDT:USDT,0.06565,22.0,0.06564,31.0,0.0657,11.0,0.06571,20.0
1753531915912,12:11:55.912,BIGTIME/USDT:USDT,0.06565,22.0,0.06564,31.0,0.0657,2.0,0.06571,20.0
1753531917004,12:11:57.004,BIGTIME/USDT:USDT,0.06565,22.0,0.06564,31.0,0.0657,2.0,0.06571,20.0
1753531917065,12:11:57.065,BIGTIME/USDT:USDT,0.06565,22.0,0.06564,31.0,0.0657,2.0,0.06571,20.0
1753531917596,12:11:57.596,BIGTIME/USDT:USDT,0.06565,22.0,0.06564,31.0,0.0657,2.0,0.06571,20.0
1753531918004,12:11:58.004,BIGTIME/USDT:USDT,0.06565,22.0,0.06564,31.0,0.0657,2.0,0.06571,20.0
1753531920194,12:12:00.194,BIGTIME/USDT:USDT,0.06565,22.0,0.06564,31.0,0.0657,2.0,0.06571,20.0
1753531921043,12:12:01.043,BIGTIME/USDT:USDT,0.06565,22.0,0.06564,31.0,0.0657,2.0,0.06571,20.0
1753531921991,12:12:01.991,BIGTIME/USDT:USDT,0.06565,22.0,0.06564,31.0,0.06571,20.0,0.06572,30.0
1753531922182,12:12:02.182,BIGTIME/USDT:USDT,0.06565,22.0,0.06564,31.0,0.06571,20.0,0.06572,30.0
1753531922408,12:12:02.408,BIGTIME/USDT:USDT,0.06565,22.0,0.06564,31.0,0.06571,22.0,0.06572,30.0
1753531923143,12:12:03.143,BIGTIME/USDT:USDT,0.06565,22.0,0.06564,31.0,0.06571,22.0,0.06572,30.0
1753531923702,12:12:03.702,BIGTIME/USDT:USDT,0.06565,22.0,0.06564,31.0,0.0657,30.0,0.06571,22.0
1753531923803,12:12:03.803,BIGTIME/USDT:USDT,0.06565,22.0,0.06564,31.0,0.0657,30.0,0.06571,22.0
1753531923883,12:12:03.883,BIGTIME/USDT:USDT,0.06565,20.0,0.06564,22.0,0.06569,14.0,0.0657,30.0
1753531924007,12:12:04.007,BIGTIME/USDT:USDT,0.06565,20.0,0.06564,22.0,0.06569,14.0,0.0657,30.0
1753531924217,12:12:04.217,BIGTIME/USDT:USDT,0.06565,20.0,0.06564,22.0,0.06569,14.0,0.0657,30.0
1753531924520,12:12:04.520,BIGTIME/USDT:USDT,0.06565,20.0,0.06564,22.0,0.06569,14.0,0.0657,10.0
1753531924637,12:12:04.637,BIGTIME/USDT:USDT,0.06565,20.0,0.06564,22.0,0.06569,14.0,0.0657,10.0
1753531924851,12:12:04.851,BIGTIME/USDT:USDT,0.06565,22.0,0.06564,22.0,0.06569,14.0,0.0657,10.0
1753531924932,12:12:04.932,BIGTIME/USDT:USDT,0.06565,22.0,0.06564,22.0,0.0657,10.0,0.06571,20.0
1753531925056,12:12:05.056,BIGTIME/USDT:USDT,0.06565,22.0,0.06564,22.0,0.0657,10.0,0.06571,20.0
1753531926645,12:12:06.645,BIGTIME/USDT:USDT,0.06565,22.0,0.06564,32.0,0.06571,20.0,0.06572,30.0
1753531926752,12:12:06.752,BIGTIME/USDT:USDT,0.06566,30.0,0.06565,22.0,0.06571,20.0,0.06572,30.0
1753531926783,12:12:06.783,BIGTIME/USDT:USDT,0.06566,30.0,0.06565,22.0,0.06571,20.0,0.06572,30.0
1753531927006,12:12:07.006,BIGTIME/USDT:USDT,0.06566,30.0,0.06565,22.0,0.06571,20.0,0.06572,30.0
1753531927158,12:12:07.158,BIGTIME/USDT:USDT,0.06566,30.0,0.06565,22.0,0.06571,20.0,0.06572,30.0
1753531927324,12:12:07.324,BIGTIME/USDT:USDT,0.06566,20.0,0.06565,22.0,0.0657,12.0,0.06571,22.0
1753531927362,12:12:07.362,BIGTIME/USDT:USDT,0.06566,20.0,0.06565,22.0,0.0657,13.0,0.06571,22.0
1753531927494,12:12:07.494,BIGTIME/USDT:USDT,0.06566,20.0,0.06565,22.0,0.0657,13.0,0.06571,22.0
1753531930024,12:12:10.024,BIGTIME/USDT:USDT,0.06566,20.0,0.06565,22.0,0.0657,13.0,0.06571,22.0
1753531930259,12:12:10.259,BIGTIME/USDT:USDT,0.06565,20.0,0.06564,20.0,0.06569,12.0,0.0657,12.0
1753531930354,12:12:10.354,BIGTIME/USDT:USDT,0.06562,20.0,0.06561,60.0,0.06566,10.0,0.06567,34.0
1753531930455,12:12:10.455,BIGTIME/USDT:USDT,0.06561,20.0,0.0656,9.0,0.06566,30.0,0.06567,34.0
1753531930558,12:12:10.558,BIGTIME/USDT:USDT,0.06561,20.0,0.0656,9.0,0.06566,31.0,0.06567,34.0
1753531930564,12:12:10.564,BIGTIME/USDT:USDT,0.06561,20.0,0.0656,9.0,0.06566,31.0,0.06567,34.0
1753531930808,12:12:10.808,BIGTIME/USDT:USDT,0.06561,20.0,0.0656,9.0,0.06566,31.0,0.06567,34.0
1753531931007,12:12:11.007,BIGTIME/USDT:USDT,0.06561,20.0,0.0656,9.0,0.06566,31.0,0.06567,34.0
1753531931440,12:12:11.440,BIGTIME/USDT:USDT,0.06561,20.0,0.0656,9.0,0.06566,31.0,0.06567,34.0
1753531931637,12:12:11.637,BIGTIME/USDT:USDT,0.06561,20.0,0.0656,9.0,0.06566,31.0,0.06567,34.0
1753531932753,12:12:12.753,BIGTIME/USDT:USDT,0.06561,20.0,0.06559,20.0,0.06565,14.0,0.06566,31.0
1753531933217,12:12:13.217,BIGTIME/USDT:USDT,0.06561,20.0,0.06559,20.0,0.06565,14.0,0.06566,31.0
1753531933358,12:12:13.358,BIGTIME/USDT:USDT,0.06561,20.0,0.06559,20.0,0.06564,10.0,0.06565,14.0
1753531933454,12:12:13.454,BIGTIME/USDT:USDT,0.06559,20.0,0.06558,60.0,0.06564,10.0,0.06565,14.0
1753531933558,12:12:13.558,BIGTIME/USDT:USDT,0.06559,20.0,0.06558,60.0,0.06564,10.0,0.06565,14.0
1753531933585,12:12:13.585,BIGTIME/USDT:USDT,0.06559,20.0,0.06558,60.0,0.06564,10.0,0.06565,14.0
1753531933669,12:12:13.669,BIGTIME/USDT:USDT,0.06559,20.0,0.06558,60.0,0.06564,10.0,0.06565,14.0
1753531934003,12:12:14.003,BIGTIME/USDT:USDT,0.06559,20.0,0.06558,60.0,0.06564,10.0,0.06565,14.0
1753531934089,12:12:14.089,BIGTIME/USDT:USDT,0.06559,20.0,0.06558,60.0,0.06564,10.0,0.06565,14.0
1753531934407,12:12:14.407,BIGTIME/USDT:USDT,0.06559,20.0,0.06558,60.0,0.06564,10.0,0.06565,14.0
1753531934647,12:12:14.647,BIGTIME/USDT:USDT,0.06559,20.0,0.06558,60.0,0.06564,11.0,0.06565,14.0
1753531935459,12:12:15.459,BIGTIME/USDT:USDT,0.06559,22.0,0.06558,60.0,0.06564,11.0,0.06565,12.0
1753531935469,12:12:15.469,BIGTIME/USDT:USDT,0.06559,22.0,0.06558,60.0,0.06564,1.0,0.06565,12.0
1753531935984,12:12:15.984,BIGTIME/USDT:USDT,0.06559,22.0,0.06558,29.0,0.06564,1.0,0.06565,12.0
1753531936384,12:12:16.384,BIGTIME/USDT:USDT,0.06559,22.0,0.06558,29.0,0.06564,1.0,0.06565,12.0
1753531936729,12:12:16.729,BIGTIME/USDT:USDT,0.0656,32.0,0.06559,22.0,0.06564,1.0,0.06566,30.0
1753531936942,12:12:16.942,BIGTIME/USDT:USDT,0.0656,32.0,0.06559,22.0,0.06564,1.0,0.06566,30.0
1753531937043,12:12:17.043,BIGTIME/USDT:USDT,0.0656,32.0,0.06559,22.0,0.06564,1.0,0.06566,30.0
1753531938006,12:12:18.006,BIGTIME/USDT:USDT,0.0656,32.0,0.06559,22.0,0.06564,1.0,0.06566,30.0
1753531938443,12:12:18.443,BIGTIME/USDT:USDT,0.0656,32.0,0.06559,22.0,0.06564,1.0,0.06566,30.0
1753531938543,12:12:18.543,BIGTIME/USDT:USDT,0.0656,32.0,0.06559,22.0,0.06564,1.0,0.06566,30.0
1753531939009,12:12:19.009,BIGTIME/USDT:USDT,0.0656,32.0,0.06559,22.0,0.06564,1.0,0.06566,30.0
1753531940712,12:12:20.712,BIGTIME/USDT:USDT,0.0656,32.0,0.06559,22.0,0.06566,20.0,0.06567,30.0
1753531940985,12:12:20.985,BIGTIME/USDT:USDT,0.0656,32.0,0.06559,22.0,0.06566,20.0,0.06567,30.0
1753531941208,12:12:21.208,BIGTIME/USDT:USDT,0.0656,32.0,0.06559,22.0,0.06566,20.0,0.06567,30.0
1753531942387,12:12:22.387,BIGTIME/USDT:USDT,0.06561,30.0,0.0656,32.0,0.06566,20.0,0.06567,30.0
1753531942482,12:12:22.482,BIGTIME/USDT:USDT,0.06561,30.0,0.0656,32.0,0.06566,22.0,0.06567,30.0
1753531942605,12:12:22.605,BIGTIME/USDT:USDT,0.06561,30.0,0.0656,32.0,0.06566,22.0,0.06567,30.0
1753531944235,12:12:24.235,BIGTIME/USDT:USDT,0.06562,30.0,0.06561,30.0,0.06567,10.0,0.06568,30.0
1753531944346,12:12:24.346,BIGTIME/USDT:USDT,0.06562,30.0,0.06561,30.0,0.06567,10.0,0.06568,30.0
1753531944367,12:12:24.367,BIGTIME/USDT:USDT,0.06562,30.0,0.06561,30.0,0.06567,10.0,0.06568,30.0
1753531944618,12:12:24.618,BIGTIME/USDT:USDT,0.06562,30.0,0.06561,30.0,0.06567,10.0,0.06568,30.0
1753531944692,12:12:24.692,BIGTIME/USDT:USDT,0.06562,30.0,0.06561,30.0,0.06567,11.0,0.06568,30.0
1753531944859,12:12:24.859,BIGTIME/USDT:USDT,0.06562,30.0,0.06561,30.0,0.06567,1.0,0.06568,30.0
1753531944901,12:12:24.901,BIGTIME/USDT:USDT,0.06562,20.0,0.06561,30.0,0.06567,11.0,0.06568,30.0
1753531945257,12:12:25.257,BIGTIME/USDT:USDT,0.06562,22.0,0.06561,30.0,0.06567,13.0,0.06568,30.0
1753531945284,12:12:25.284,BIGTIME/USDT:USDT,0.06562,22.0,0.06561,30.0,0.06567,13.0,0.06568,30.0
1753531945447,12:12:25.447,BIGTIME/USDT:USDT,0.06562,22.0,0.06561,30.0,0.06567,11.0,0.06568,30.0
1753531945531,12:12:25.531,BIGTIME/USDT:USDT,0.06562,22.0,0.06561,30.0,0.06567,1.0,0.06568,30.0
1753531945660,12:12:25.660,BIGTIME/USDT:USDT,0.06564,10.0,0.06563,30.0,0.06567,1.0,0.06568,20.0
1753531945721,12:12:25.721,BIGTIME/USDT:USDT,0.06564,12.0,0.06563,32.0,0.06568,20.0,0.06569,20.0
1753531945787,12:12:25.787,BIGTIME/USDT:USDT,0.06564,12.0,0.06563,32.0,0.06569,20.0,0.0657,10.0
1753531945953,12:12:25.953,BIGTIME/USDT:USDT,0.06564,12.0,0.06563,32.0,0.06569,21.0,0.0657,10.0
1753531946017,12:12:26.017,BIGTIME/USDT:USDT,0.06564,14.0,0.06563,32.0,0.06569,21.0,0.0657,10.0
1753531946083,12:12:26.083,BIGTIME/USDT:USDT,0.06564,14.0,0.06563,32.0,0.06569,21.0,0.0657,10.0
1753531946225,12:12:26.225,BIGTIME/USDT:USDT,0.06564,14.0,0.06563,32.0,0.06569,21.0,0.0657,10.0
1753531946274,12:12:26.274,BIGTIME/USDT:USDT,0.06564,34.0,0.06563,12.0,0.06569,21.0,0.0657,10.0
1753531946720,12:12:26.720,BIGTIME/USDT:USDT,0.06564,34.0,0.06563,12.0,0.06569,21.0,0.0657,10.0
1753531947012,12:12:27.012,BIGTIME/USDT:USDT,0.06564,34.0,0.06563,12.0,0.06569,21.0,0.0657,10.0
1753531947740,12:12:27.740,BIGTIME/USDT:USDT,0.06564,24.0,0.06563,12.0,0.06569,23.0,0.0657,10.0
1753531947816,12:12:27.816,BIGTIME/USDT:USDT,0.06564,22.0,0.06563,2.0,0.06568,12.0,0.06569,23.0
1753531947943,12:12:27.943,BIGTIME/USDT:USDT,0.06564,22.0,0.06563,2.0,0.06568,12.0,0.06569,23.0
1753531948052,12:12:28.052,BIGTIME/USDT:USDT,0.06564,24.0,0.06563,2.0,0.06568,12.0,0.06569,23.0
1753531949010,12:12:29.010,BIGTIME/USDT:USDT,0.06564,24.0,0.06563,2.0,0.06568,12.0,0.06569,23.0
1753531949163,12:12:29.163,BIGTIME/USDT:USDT,0.06564,24.0,0.06563,2.0,0.06568,12.0,0.06569,23.0
1753531949959,12:12:29.959,BIGTIME/USDT:USDT,0.06572,76.0,0.06571,133.0,0.0658,10.0,0.06581,10.0
1753531950058,12:12:30.058,BIGTIME/USDT:USDT,0.06575,10.0,0.06574,90.0,0.06583,10.0,0.06584,133.0
1753531950143,12:12:30.143,BIGTIME/USDT:USDT,0.06575,76.0,0.06574,14.0,0.06583,12.0,0.06584,133.0
1753531950250,12:12:30.250,BIGTIME/USDT:USDT,0.06575,76.0,0.06574,14.0,0.06581,10.0,0.06582,12.0
1753531950277,12:12:30.277,BIGTIME/USDT:USDT,0.06575,76.0,0.06574,14.0,0.06581,10.0,0.06582,12.0
1753531950449,12:12:30.449,BIGTIME/USDT:USDT,0.06575,76.0,0.06574,14.0,0.06581,10.0,0.06582,12.0
1753531950493,12:12:30.493,BIGTIME/USDT:USDT,0.06575,76.0,0.06574,14.0,0.06581,10.0,0.06582,12.0
1753531950643,12:12:30.643,BIGTIME/USDT:USDT,0.06572,10.0,0.06571,10.0,0.06581,10.0,0.06582,12.0
1753531950683,12:12:30.683,BIGTIME/USDT:USDT,0.06573,60.0,0.06572,199.0,0.06581,10.0,0.06582,12.0
1753531950854,12:12:30.854,BIGTIME/USDT:USDT,0.06573,60.0,0.06572,199.0,0.06581,10.0,0.06582,12.0
1753531950895,12:12:30.895,BIGTIME/USDT:USDT,0.06573,60.0,0.06572,199.0,0.06581,10.0,0.06582,12.0
1753531951043,12:12:31.043,BIGTIME/USDT:USDT,0.06573,60.0,0.06572,199.0,0.06581,10.0,0.06582,12.0
1753531951154,12:12:31.154,BIGTIME/USDT:USDT,0.06573,64.0,0.06572,199.0,0.06581,10.0,0.06582,12.0
1753531951218,12:12:31.218,BIGTIME/USDT:USDT,0.06574,30.0,0.06573,84.0,0.06581,10.0,0.06582,12.0
1753531951269,12:12:31.269,BIGTIME/USDT:USDT,0.06574,30.0,0.06573,84.0,0.06581,10.0,0.06582,12.0
1753531951408,12:12:31.408,BIGTIME/USDT:USDT,0.06574,30.0,0.06573,84.0,0.06581,10.0,0.06582,12.0
1753531951684,12:12:31.684,BIGTIME/USDT:USDT,0.06574,30.0,0.06573,84.0,0.06581,10.0,0.06582,12.0
1753531951807,12:12:31.807,BIGTIME/USDT:USDT,0.06574,30.0,0.06573,84.0,0.06581,10.0,0.06582,12.0
1753531952608,12:12:32.608,BIGTIME/USDT:USDT,0.06574,30.0,0.06573,84.0,0.06581,10.0,0.06582,12.0
1753531953225,12:12:33.225,BIGTIME/USDT:USDT,0.06574,30.0,0.06573,84.0,0.0658,12.0,0.06581,12.0
1753531953304,12:12:33.304,BIGTIME/USDT:USDT,0.06574,30.0,0.06573,84.0,0.0658,12.0,0.06581,12.0
1753531953448,12:12:33.448,BIGTIME/USDT:USDT,0.06574,20.0,0.06573,84.0,0.06579,10.0,0.0658,12.0
1753531953485,12:12:33.485,BIGTIME/USDT:USDT,0.06574,20.0,0.06573,84.0,0.06579,12.0,0.0658,14.0
1753531953722,12:12:33.722,BIGTIME/USDT:USDT,0.06574,20.0,0.06573,84.0,0.06579,10.0,0.0658,12.0
1753531954003,12:12:34.003,BIGTIME/USDT:USDT,0.06574,20.0,0.06573,84.0,0.06579,10.0,0.0658,12.0
1753531954063,12:12:34.063,BIGTIME/USDT:USDT,0.06574,20.0,0.06573,84.0,0.06579,10.0,0.0658,12.0
1753531954184,12:12:34.184,BIGTIME/USDT:USDT,0.06574,20.0,0.06573,84.0,0.06579,10.0,0.0658,12.0
1753531955147,12:12:35.147,BIGTIME/USDT:USDT,0.06574,20.0,0.06573,84.0,0.06579,10.0,0.0658,12.0
1753531955173,12:12:35.173,BIGTIME/USDT:USDT,0.06574,20.0,0.06573,84.0,0.06579,10.0,0.0658,12.0
1753531955354,12:12:35.354,BIGTIME/USDT:USDT,0.06574,20.0,0.06573,84.0,0.06579,10.0,0.0658,12.0
1753531955572,12:12:35.572,BIGTIME/USDT:USDT,0.06574,20.0,0.06573,84.0,0.06579,10.0,0.0658,12.0
1753531955757,12:12:35.757,BIGTIME/USDT:USDT,0.06575,34.0,0.06574,20.0,0.06581,10.0,0.06582,30.0
1753531955840,12:12:35.840,BIGTIME/USDT:USDT,0.06575,34.0,0.06574,20.0,0.06581,10.0,0.06582,30.0
1753531956017,12:12:36.017,BIGTIME/USDT:USDT,0.06575,34.0,0.06574,20.0,0.06581,10.0,0.06582,30.0
1753531956148,12:12:36.148,BIGTIME/USDT:USDT,0.06575,34.0,0.06574,20.0,0.06581,12.0,0.06582,30.0
1753531956203,12:12:36.203,BIGTIME/USDT:USDT,0.06575,34.0,0.06574,20.0,0.06581,12.0,0.06582,30.0
1753531956345,12:12:36.345,BIGTIME/USDT:USDT,0.06575,34.0,0.06574,20.0,0.06581,13.0,0.06582,30.0
1753531956560,12:12:36.560,BIGTIME/USDT:USDT,0.06575,34.0,0.06574,20.0,0.06581,13.0,0.06582,30.0
1753531957012,12:12:37.012,BIGTIME/USDT:USDT,0.06575,34.0,0.06574,20.0,0.06581,13.0,0.06582,30.0
1753531957150,12:12:37.150,BIGTIME/USDT:USDT,0.06575,14.0,0.06574,20.0,0.06581,13.0,0.06582,30.0
1753531957164,12:12:37.164,BIGTIME/USDT:USDT,0.06575,14.0,0.06574,20.0,0.06581,13.0,0.06582,30.0
1753531957598,12:12:37.598,BIGTIME/USDT:USDT,0.06575,14.0,0.06574,20.0,0.06581,13.0,0.06582,30.0
1753531957749,12:12:37.749,BIGTIME/USDT:USDT,0.06575,14.0,0.06574,20.0,0.06581,13.0,0.06582,30.0
1753531958142,12:12:38.142,BIGTIME/USDT:USDT,0.06574,20.0,0.06573,80.0,0.06579,10.0,0.0658,30.0
1753531958213,12:12:38.213,BIGTIME/USDT:USDT,0.06574,20.0,0.06573,80.0,0.06579,12.0,0.0658,30.0
1753531958541,12:12:38.541,BIGTIME/USDT:USDT,0.06574,20.0,0.06573,80.0,0.06579,16.0,0.0658,30.0
1753531958628,12:12:38.628,BIGTIME/USDT:USDT,0.06574,20.0,0.06573,80.0,0.06579,16.0,0.0658,30.0
1753531959023,12:12:39.023,BIGTIME/USDT:USDT,0.06574,20.0,0.06573,80.0,0.06579,16.0,0.0658,30.0
1753531959129,12:12:39.129,BIGTIME/USDT:USDT,0.06574,20.0,0.06573,80.0,0.06579,16.0,0.0658,30.0
1753531959241,12:12:39.241,BIGTIME/USDT:USDT,0.06574,20.0,0.06573,80.0,0.06579,16.0,0.0658,30.0
1753531959444,12:12:39.444,BIGTIME/USDT:USDT,0.06574,20.0,0.06573,80.0,0.06579,16.0,0.0658,30.0
1753531959616,12:12:39.616,BIGTIME/USDT:USDT,0.06574,22.0,0.06573,80.0,0.06579,16.0,0.0658,30.0
1753531959809,12:12:39.809,BIGTIME/USDT:USDT,0.06574,24.0,0.06573,80.0,0.06579,16.0,0.0658,30.0
1753531960211,12:12:40.211,BIGTIME/USDT:USDT,0.06574,24.0,0.06573,80.0,0.06579,12.0,0.0658,30.0
1753531960341,12:12:40.341,BIGTIME/USDT:USDT,0.06574,24.0,0.06573,80.0,0.06579,2.0,0.0658,30.0
1753531960460,12:12:40.460,BIGTIME/USDT:USDT,0.06574,24.0,0.06573,80.0,0.0658,20.0,0.06581,30.0
1753531960476,12:12:40.476,BIGTIME/USDT:USDT,0.06575,10.0,0.06574,24.0,0.0658,20.0,0.06581,30.0
1753531960661,12:12:40.661,BIGTIME/USDT:USDT,0.06575,10.0,0.06574,24.0,0.0658,20.0,0.06581,30.0
1753531960663,12:12:40.663,BIGTIME/USDT:USDT,0.06575,10.0,0.06574,24.0,0.0658,20.0,0.06581,30.0
1753531961010,12:12:41.010,BIGTIME/USDT:USDT,0.06575,10.0,0.06574,24.0,0.0658,20.0,0.06581,30.0
1753531961106,12:12:41.106,BIGTIME/USDT:USDT,0.06575,30.0,0.06574,24.0,0.0658,20.0,0.06581,30.0
1753531961543,12:12:41.543,BIGTIME/USDT:USDT,0.06575,30.0,0.06574,24.0,0.0658,20.0,0.06581,30.0
1753531961732,12:12:41.732,BIGTIME/USDT:USDT,0.06575,30.0,0.06574,24.0,0.0658,20.0,0.06581,30.0
1753531961888,12:12:41.888,BIGTIME/USDT:USDT,0.06575,30.0,0.06574,24.0,0.0658,20.0,0.06581,30.0
1753531963412,12:12:43.412,BIGTIME/USDT:USDT,0.06575,30.0,0.06574,24.0,0.0658,20.0,0.06581,30.0
1753531963511,12:12:43.511,BIGTIME/USDT:USDT,0.06575,30.0,0.06574,24.0,0.0658,20.0,0.06581,30.0
1753531966004,12:12:46.004,BIGTIME/USDT:USDT,0.06575,30.0,0.06574,24.0,0.0658,20.0,0.06581,30.0
1753531966544,12:12:46.544,BIGTIME/USDT:USDT,0.06575,30.0,0.06574,24.0,0.0658,20.0,0.06581,30.0
1753531968119,12:12:48.119,BIGTIME/USDT:USDT,0.06575,30.0,0.06574,24.0,0.0658,20.0,0.06581,30.0
1753531968452,12:12:48.452,BIGTIME/USDT:USDT,0.06575,30.0,0.06574,24.0,0.0658,20.0,0.06581,30.0
1753531968560,12:12:48.560,BIGTIME/USDT:USDT,0.06575,20.0,0.06574,20.0,0.06579,9.0,0.0658,22.0
1753531968640,12:12:48.640,BIGTIME/USDT:USDT,0.06575,20.0,0.06574,20.0,0.06579,11.0,0.0658,22.0
1753531968744,12:12:48.744,BIGTIME/USDT:USDT,0.06575,20.0,0.06574,20.0,0.06579,11.0,0.0658,22.0
1753531969017,12:12:49.017,BIGTIME/USDT:USDT,0.06574,20.0,0.06573,80.0,0.06579,11.0,0.0658,22.0
1753531969160,12:12:49.160,BIGTIME/USDT:USDT,0.06574,20.0,0.06573,80.0,0.06579,11.0,0.0658,22.0
1753531969423,12:12:49.423,BIGTIME/USDT:USDT,0.06574,22.0,0.06573,80.0,0.06579,11.0,0.0658,22.0
1753531969574,12:12:49.574,BIGTIME/USDT:USDT,0.06574,22.0,0.06573,80.0,0.06579,11.0,0.0658,22.0
1753531970284,12:12:50.284,BIGTIME/USDT:USDT,0.06574,22.0,0.06573,80.0,0.06579,2.0,0.0658,20.0
1753531972004,12:12:52.004,BIGTIME/USDT:USDT,0.06574,22.0,0.06573,80.0,0.06579,2.0,0.0658,20.0
1753531972652,12:12:52.652,BIGTIME/USDT:USDT,0.06575,32.0,0.06574,22.0,0.06579,2.0,0.0658,20.0
1753531972707,12:12:52.707,BIGTIME/USDT:USDT,0.06575,32.0,0.06574,22.0,0.0658,20.0,0.06581,30.0
1753531972808,12:12:52.808,BIGTIME/USDT:USDT,0.06575,32.0,0.06574,22.0,0.0658,20.0,0.06581,30.0
1753531973012,12:12:53.012,BIGTIME/USDT:USDT,0.06575,32.0,0.06574,22.0,0.0658,22.0,0.06581,30.0
1753531973225,12:12:53.225,BIGTIME/USDT:USDT,0.06575,32.0,0.06574,22.0,0.0658,22.0,0.06581,30.0
1753531975837,12:12:55.837,BIGTIME/USDT:USDT,0.06575,32.0,0.06574,22.0,0.0658,22.0,0.06581,30.0
1753531976057,12:12:56.057,BIGTIME/USDT:USDT,0.06575,32.0,0.06574,22.0,0.0658,22.0,0.06581,30.0
1753531976065,12:12:56.065,BIGTIME/USDT:USDT,0.06575,32.0,0.06574,22.0,0.0658,22.0,0.06581,30.0
1753531976812,12:12:56.812,BIGTIME/USDT:USDT,0.06575,32.0,0.06574,22.0,0.0658,22.0,0.06581,30.0
1753531976900,12:12:56.900,BIGTIME/USDT:USDT,0.06575,22.0,0.06574,22.0,0.0658,22.0,0.06581,30.0
1753531977005,12:12:57.005,BIGTIME/USDT:USDT,0.06575,22.0,0.06574,22.0,0.0658,22.0,0.06581,30.0
1753531978010,12:12:58.010,BIGTIME/USDT:USDT,0.06575,22.0,0.06574,22.0,0.0658,22.0,0.06581,30.0
1753531979140,12:12:59.140,BIGTIME/USDT:USDT,0.06575,22.0,0.06574,32.0,0.0658,22.0,0.06581,30.0
1753531979175,12:12:59.175,BIGTIME/USDT:USDT,0.06575,22.0,0.06574,32.0,0.0658,20.0,0.06581,30.0
1753531979500,12:12:59.500,BIGTIME/USDT:USDT,0.06575,22.0,0.06574,32.0,0.0658,20.0,0.06581,30.0
1753531979858,12:12:59.858,BIGTIME/USDT:USDT,0.06575,22.0,0.06574,32.0,0.0658,20.0,0.06581,30.0
1753531980007,12:13:00.007,BIGTIME/USDT:USDT,0.06575,22.0,0.06574,32.0,0.0658,20.0,0.06581,30.0
1753531980094,12:13:00.094,BIGTIME/USDT:USDT,0.06575,22.0,0.06574,32.0,0.0658,20.0,0.06581,30.0
1753531980296,12:13:00.296,BIGTIME/USDT:USDT,0.06575,22.0,0.06574,32.0,0.0658,20.0,0.06581,30.0
1753531980384,12:13:00.384,BIGTIME/USDT:USDT,0.06575,22.0,0.06574,32.0,0.0658,20.0,0.06581,30.0
1753531980843,12:13:00.843,BIGTIME/USDT:USDT,0.06575,22.0,0.06574,32.0,0.0658,20.0,0.06581,30.0
1753531980863,12:13:00.863,BIGTIME/USDT:USDT,0.06575,22.0,0.06574,32.0,0.0658,20.0,0.06581,30.0
1753531981552,12:13:01.552,BIGTIME/USDT:USDT,0.06575,22.0,0.06574,32.0,0.0658,20.0,0.06581,30.0
1753531981563,12:13:01.563,BIGTIME/USDT:USDT,0.06575,22.0,0.06574,32.0,0.0658,20.0,0.06581,30.0
1753531983144,12:13:03.144,BIGTIME/USDT:USDT,0.06575,22.0,0.06574,32.0,0.0658,20.0,0.06581,30.0
1753531985256,12:13:05.256,BIGTIME/USDT:USDT,0.06576,30.0,0.06575,22.0,0.06582,30.0,0.06583,442.0
1753531985358,12:13:05.358,BIGTIME/USDT:USDT,0.06576,30.0,0.06575,22.0,0.06582,30.0,0.06583,30.0
1753531985367,12:13:05.367,BIGTIME/USDT:USDT,0.06576,30.0,0.06575,22.0,0.06582,30.0,0.06583,30.0
1753531985588,12:13:05.588,BIGTIME/USDT:USDT,0.06576,30.0,0.06575,22.0,0.06582,33.0,0.06583,30.0
1753531985828,12:13:05.828,BIGTIME/USDT:USDT,0.06576,30.0,0.06575,22.0,0.06582,33.0,0.06583,30.0
1753531985953,12:13:05.953,BIGTIME/USDT:USDT,0.06576,30.0,0.06575,22.0,0.06582,31.0,0.06583,30.0
1753531988012,12:13:08.012,BIGTIME/USDT:USDT,0.06576,30.0,0.06575,22.0,0.06582,31.0,0.06583,30.0
1753531990653,12:13:10.653,BIGTIME/USDT:USDT,0.06577,10.0,0.06576,30.0,0.06582,21.0,0.06583,30.0
1753531990667,12:13:10.667,BIGTIME/USDT:USDT,0.06577,10.0,0.06576,30.0,0.06582,21.0,0.06583,30.0
1753531990771,12:13:10.771,BIGTIME/USDT:USDT,0.06577,10.0,0.06576,30.0,0.06582,21.0,0.06583,30.0
1753531990881,12:13:10.881,BIGTIME/USDT:USDT,0.06576,30.0,0.06575,22.0,0.06582,21.0,0.06583,30.0
1753531991005,12:13:11.005,BIGTIME/USDT:USDT,0.06576,30.0,0.06575,22.0,0.06582,21.0,0.06583,30.0
1753531996858,12:13:16.858,BIGTIME/USDT:USDT,0.06576,20.0,0.06575,22.0,0.06581,31.0,0.06582,20.0
1753531997461,12:13:17.461,BIGTIME/USDT:USDT,0.06576,22.0,0.06575,22.0,0.06581,31.0,0.06582,20.0
1753531998682,12:13:18.682,BIGTIME/USDT:USDT,0.06576,22.0,0.06575,22.0,0.06581,11.0,0.06582,20.0
1753531999081,12:13:19.081,BIGTIME/USDT:USDT,0.06576,22.0,0.06575,22.0,0.06582,20.0,0.06583,30.0
1753531999468,12:13:19.468,BIGTIME/USDT:USDT,0.06576,22.0,0.06575,22.0,0.06582,20.0,0.06583,30.0
1753531999576,12:13:19.576,BIGTIME/USDT:USDT,0.06576,22.0,0.06575,31.0,0.06582,23.0,0.06583,30.0
1753532002006,12:13:22.006,BIGTIME/USDT:USDT,0.06576,22.0,0.06575,31.0,0.06582,23.0,0.06583,30.0
1753532002320,12:13:22.320,BIGTIME/USDT:USDT,0.06576,22.0,0.06575,31.0,0.06582,23.0,0.06583,30.0
1753532003158,12:13:23.158,BIGTIME/USDT:USDT,0.06576,22.0,0.06575,31.0,0.06581,10.0,0.06582,23.0
1753532003166,12:13:23.166,BIGTIME/USDT:USDT,0.06576,22.0,0.06575,22.0,0.06581,10.0,0.06582,20.0
1753532003343,12:13:23.343,BIGTIME/USDT:USDT,0.06576,20.0,0.06575,20.0,0.06581,10.0,0.06582,20.0
1753532003413,12:13:23.413,BIGTIME/USDT:USDT,0.06574,20.0,0.06573,80.0,0.06581,10.0,0.06582,20.0
1753532003548,12:13:23.548,BIGTIME/USDT:USDT,0.06574,20.0,0.06573,80.0,0.0658,30.0,0.06581,11.0
1753532003938,12:13:23.938,BIGTIME/USDT:USDT,0.06574,20.0,0.06573,80.0,0.0658,30.0,0.06581,11.0
1753532004344,12:13:24.344,BIGTIME/USDT:USDT,0.06574,20.0,0.06573,80.0,0.06579,10.0,0.0658,30.0
1753532004431,12:13:24.431,BIGTIME/USDT:USDT,0.06574,20.0,0.06573,80.0,0.06579,34.0,0.0658,30.0
1753532004616,12:13:24.616,BIGTIME/USDT:USDT,0.06574,20.0,0.06573,80.0,0.06579,34.0,0.0658,30.0
1753532004759,12:13:24.759,BIGTIME/USDT:USDT,0.06574,20.0,0.06573,80.0,0.06579,34.0,0.0658,30.0
1753532004826,12:13:24.826,BIGTIME/USDT:USDT,0.06574,22.0,0.06573,80.0,0.06579,34.0,0.0658,30.0
1753532005086,12:13:25.086,BIGTIME/USDT:USDT,0.06574,24.0,0.06573,80.0,0.06579,34.0,0.0658,30.0
1753532006220,12:13:26.220,BIGTIME/USDT:USDT,0.06574,24.0,0.06573,80.0,0.06579,22.0,0.0658,30.0
1753532006386,12:13:26.386,BIGTIME/USDT:USDT,0.06574,24.0,0.06573,80.0,0.06579,22.0,0.0658,30.0
1753532007008,12:13:27.008,BIGTIME/USDT:USDT,0.06574,24.0,0.06573,80.0,0.06579,22.0,0.0658,30.0
1753532007089,12:13:27.089,BIGTIME/USDT:USDT,0.06574,24.0,0.06573,80.0,0.06579,22.0,0.0658,30.0
1753532007260,12:13:27.260,BIGTIME/USDT:USDT,0.06574,24.0,0.06573,80.0,0.06579,24.0,0.0658,30.0
1753532007305,12:13:27.305,BIGTIME/USDT:USDT,0.06574,24.0,0.06573,80.0,0.06579,24.0,0.0658,30.0
1753532008322,12:13:28.322,BIGTIME/USDT:USDT,0.06574,24.0,0.06573,80.0,0.06579,22.0,0.0658,30.0
1753532008415,12:13:28.415,BIGTIME/USDT:USDT,0.06574,24.0,0.06573,80.0,0.06579,22.0,0.0658,30.0
1753532011035,12:13:31.035,BIGTIME/USDT:USDT,0.06574,20.0,0.06573,20.0,0.06578,12.0,0.06579,22.0
1753532011310,12:13:31.310,BIGTIME/USDT:USDT,0.06574,20.0,0.06573,20.0,0.06578,12.0,0.06579,22.0
1753532011432,12:13:31.432,BIGTIME/USDT:USDT,0.06573,20.0,0.06572,20.0,0.06577,9.0,0.06578,12.0
1753532011545,12:13:31.545,BIGTIME/USDT:USDT,0.06571,20.0,0.0657,57.0,0.06576,9.0,0.06577,29.0
1753532011651,12:13:31.651,BIGTIME/USDT:USDT,0.06571,20.0,0.0657,57.0,0.06575,9.0,0.06576,29.0
1753532011760,12:13:31.760,BIGTIME/USDT:USDT,0.06571,20.0,0.0657,20.0,0.06574,9.0,0.06575,11.0
1753532011802,12:13:31.802,BIGTIME/USDT:USDT,0.06571,20.0,0.0657,20.0,0.06574,9.0,0.06575,11.0
1753532011872,12:13:31.872,BIGTIME/USDT:USDT,0.06571,20.0,0.0657,20.0,0.06574,11.0,0.06575,11.0
1753532012023,12:13:32.023,BIGTIME/USDT:USDT,0.06571,20.0,0.0657,20.0,0.06574,11.0,0.06575,11.0
1753532012222,12:13:32.222,BIGTIME/USDT:USDT,0.06571,20.0,0.0657,20.0,0.06574,11.0,0.06575,11.0
1753532012355,12:13:32.355,BIGTIME/USDT:USDT,0.06571,20.0,0.0657,20.0,0.06574,11.0,0.06575,11.0
1753532012527,12:13:32.527,BIGTIME/USDT:USDT,0.06569,20.0,0.06568,52.0,0.06574,11.0,0.06575,11.0
1753532012640,12:13:32.640,BIGTIME/USDT:USDT,0.06569,22.0,0.06568,52.0,0.06574,11.0,0.06575,11.0
1753532012843,12:13:32.843,BIGTIME/USDT:USDT,0.06569,22.0,0.06568,52.0,0.06574,11.0,0.06575,11.0
1753532013061,12:13:33.061,BIGTIME/USDT:USDT,0.06569,22.0,0.06568,52.0,0.06574,11.0,0.06575,11.0
1753532013063,12:13:33.063,BIGTIME/USDT:USDT,0.06569,22.0,0.06568,20.0,0.06574,11.0,0.06575,11.0
1753532013515,12:13:33.515,BIGTIME/USDT:USDT,0.06569,2.0,0.06568,20.0,0.06574,11.0,0.06575,11.0
1753532013855,12:13:33.855,BIGTIME/USDT:USDT,0.06569,2.0,0.06568,20.0,0.06574,11.0,0.06575,11.0
1753532013919,12:13:33.919,BIGTIME/USDT:USDT,0.06569,4.0,0.06568,20.0,0.06574,11.0,0.06575,11.0
1753532014213,12:13:34.213,BIGTIME/USDT:USDT,0.06568,20.0,0.06567,73.0,0.06574,11.0,0.06575,11.0
1753532014278,12:13:34.278,BIGTIME/USDT:USDT,0.06568,20.0,0.06567,73.0,0.06574,11.0,0.06575,11.0
1753532014505,12:13:34.505,BIGTIME/USDT:USDT,0.06568,20.0,0.06567,73.0,0.06574,11.0,0.06575,11.0
1753532014684,12:13:34.684,BIGTIME/USDT:USDT,0.06568,20.0,0.06567,73.0,0.06574,11.0,0.06575,11.0
1753532015093,12:13:35.093,BIGTIME/USDT:USDT,0.06568,20.0,0.06567,73.0,0.06574,11.0,0.06575,11.0
1753532015282,12:13:35.282,BIGTIME/USDT:USDT,0.06568,20.0,0.06567,73.0,0.06574,11.0,0.06575,11.0
1753532015504,12:13:35.504,BIGTIME/USDT:USDT,0.06568,20.0,0.06567,73.0,0.06574,11.0,0.06575,11.0
1753532015897,12:13:35.897,BIGTIME/USDT:USDT,0.06568,20.0,0.06567,73.0,0.06574,11.0,0.06575,11.0
1753532016603,12:13:36.603,BIGTIME/USDT:USDT,0.06568,20.0,0.06567,73.0,0.06574,11.0,0.06575,11.0
1753532017009,12:13:37.009,BIGTIME/USDT:USDT,0.06568,20.0,0.06567,73.0,0.06574,11.0,0.06575,11.0
1753532017803,12:13:37.803,BIGTIME/USDT:USDT,0.06568,20.0,0.06567,73.0,0.06574,11.0,0.06575,11.0
1753532018125,12:13:38.125,BIGTIME/USDT:USDT,0.06568,20.0,0.06567,73.0,0.06574,3.0,0.06575,9.0
1753532018170,12:13:38.170,BIGTIME/USDT:USDT,0.06568,20.0,0.06567,73.0,0.06575,9.0,0.06576,29.0
1753532018367,12:13:38.367,BIGTIME/USDT:USDT,0.06568,20.0,0.06567,73.0,0.06575,9.0,0.06576,29.0
1753532018460,12:13:38.460,BIGTIME/USDT:USDT,0.06568,20.0,0.06567,73.0,0.06575,9.0,0.06576,29.0
1753532018721,12:13:38.721,BIGTIME/USDT:USDT,0.06568,20.0,0.06567,73.0,0.06575,11.0,0.06576,29.0
1753532018999,12:13:38.999,BIGTIME/USDT:USDT,0.06568,96.0,0.06567,73.0,0.06575,11.0,0.06576,29.0
1753532019739,12:13:39.739,BIGTIME/USDT:USDT,0.06568,96.0,0.06567,73.0,0.06575,11.0,0.06576,29.0
1753532019994,12:13:39.994,BIGTIME/USDT:USDT,0.06568,96.0,0.06567,73.0,0.06575,11.0,0.06576,29.0
1753532021009,12:13:41.009,BIGTIME/USDT:USDT,0.06568,96.0,0.06567,73.0,0.06575,11.0,0.06576,29.0
1753532022403,12:13:42.403,BIGTIME/USDT:USDT,0.06568,96.0,0.06567,73.0,0.06575,11.0,0.06576,29.0
1753532022616,12:13:42.616,BIGTIME/USDT:USDT,0.06568,96.0,0.06567,73.0,0.06575,11.0,0.06576,29.0
1753532023403,12:13:43.403,BIGTIME/USDT:USDT,0.06568,96.0,0.06567,73.0,0.06575,11.0,0.06576,29.0
1753532023743,12:13:43.743,BIGTIME/USDT:USDT,0.06569,85.0,0.06568,20.0,0.06576,29.0,0.06577,29.0
1753532024026,12:13:44.026,BIGTIME/USDT:USDT,0.06569,85.0,0.06568,20.0,0.06576,29.0,0.06577,29.0
1753532026383,12:13:46.383,BIGTIME/USDT:USDT,0.06569,85.0,0.06568,20.0,0.06576,29.0,0.06577,29.0
1753532026506,12:13:46.506,BIGTIME/USDT:USDT,0.06571,41.0,0.0657,123.0,0.06576,29.0,0.06577,29.0
1753532026903,12:13:46.903,BIGTIME/USDT:USDT,0.06571,4.0,0.06569,85.0,0.06576,29.0,0.06577,29.0
1753532031084,12:13:51.084,BIGTIME/USDT:USDT,0.06571,4.0,0.06569,85.0,0.06576,29.0,0.06577,29.0
1753532031311,12:13:51.311,BIGTIME/USDT:USDT,0.06571,4.0,0.06569,85.0,0.06576,29.0,0.06577,29.0
1753532031484,12:13:51.484,BIGTIME/USDT:USDT,0.06571,41.0,0.0657,123.0,0.06576,29.0,0.06577,29.0
1753532034739,12:13:54.739,BIGTIME/USDT:USDT,0.06571,41.0,0.0657,123.0,0.06576,29.0,0.06577,29.0
1753532035003,12:13:55.003,BIGTIME/USDT:USDT,0.06571,41.0,0.0657,123.0,0.06576,29.0,0.06577,29.0
1753532035423,12:13:55.423,BIGTIME/USDT:USDT,0.06571,41.0,0.0657,123.0,0.06576,20.0,0.06577,29.0
1753532037280,12:13:57.280,BIGTIME/USDT:USDT,0.06571,41.0,0.0657,123.0,0.06576,20.0,0.06577,29.0
1753532038634,12:13:58.634,BIGTIME/USDT:USDT,0.06571,41.0,0.0657,123.0,0.06576,22.0,0.06577,29.0
1753532038975,12:13:58.975,BIGTIME/USDT:USDT,0.06571,41.0,0.0657,123.0,0.06576,20.0,0.06577,29.0
1753532042961,12:14:02.961,BIGTIME/USDT:USDT,0.06571,37.0,0.06569,76.0,0.06575,11.0,0.06576,22.0
1753532043036,12:14:03.036,BIGTIME/USDT:USDT,0.06569,76.0,0.06568,20.0,0.06575,11.0,0.06576,22.0
1753532043446,12:14:03.446,BIGTIME/USDT:USDT,0.06569,76.0,0.06568,20.0,0.06575,11.0,0.06576,22.0
1753532044543,12:14:04.543,BIGTIME/USDT:USDT,0.06569,76.0,0.06568,20.0,0.06575,11.0,0.06576,22.0
1753532044666,12:14:04.666,BIGTIME/USDT:USDT,0.06569,76.0,0.06568,20.0,0.06575,11.0,0.06576,22.0
1753532045060,12:14:05.060,BIGTIME/USDT:USDT,0.06569,76.0,0.06568,20.0,0.06575,11.0,0.06576,22.0
1753532045854,12:14:05.854,BIGTIME/USDT:USDT,0.06569,76.0,0.06568,20.0,0.06575,11.0,0.06576,22.0
1753532045874,12:14:05.874,BIGTIME/USDT:USDT,0.06569,76.0,0.06568,20.0,0.06575,11.0,0.06576,22.0
1753532046044,12:14:06.044,BIGTIME/USDT:USDT,0.06569,76.0,0.06568,20.0,0.06575,11.0,0.06576,22.0
1753532046063,12:14:06.063,BIGTIME/USDT:USDT,0.06569,76.0,0.06568,20.0,0.06575,11.0,0.06576,22.0
1753532046328,12:14:06.328,BIGTIME/USDT:USDT,0.06569,76.0,0.06568,20.0,0.06573,11.0,0.06574,11.0
1753532046406,12:14:06.406,BIGTIME/USDT:USDT,0.06569,76.0,0.06568,20.0,0.06573,11.0,0.06574,11.0
1753532046553,12:14:06.553,BIGTIME/USDT:USDT,0.06569,76.0,0.06568,20.0,0.06573,11.0,0.06574,11.0
1753532046563,12:14:06.563,BIGTIME/USDT:USDT,0.06569,76.0,0.06568,20.0,0.06573,11.0,0.06574,11.0
1753532046688,12:14:06.688,BIGTIME/USDT:USDT,0.06569,76.0,0.06568,20.0,0.06573,11.0,0.06574,11.0
1753532047019,12:14:07.019,BIGTIME/USDT:USDT,0.06569,76.0,0.06568,20.0,0.06573,11.0,0.06574,11.0
1753532047154,12:14:07.154,BIGTIME/USDT:USDT,0.06568,20.0,0.06567,63.0,0.06573,11.0,0.06574,11.0
1753532047238,12:14:07.238,BIGTIME/USDT:USDT,0.06568,20.0,0.06567,63.0,0.06573,11.0,0.06574,11.0
1753532047315,12:14:07.315,BIGTIME/USDT:USDT,0.06568,22.0,0.06567,63.0,0.06573,11.0,0.06574,11.0
1753532047437,12:14:07.437,BIGTIME/USDT:USDT,0.06568,22.0,0.06567,63.0,0.06573,11.0,0.06574,11.0
1753532047520,12:14:07.520,BIGTIME/USDT:USDT,0.06568,22.0,0.06567,63.0,0.06573,11.0,0.06574,11.0
1753532047566,12:14:07.566,BIGTIME/USDT:USDT,0.06568,22.0,0.06567,63.0,0.06573,11.0,0.06574,11.0
1753532047781,12:14:07.781,BIGTIME/USDT:USDT,0.06568,20.0,0.06567,63.0,0.06573,11.0,0.06574,11.0
1753532048057,12:14:08.057,BIGTIME/USDT:USDT,0.06568,22.0,0.06567,63.0,0.06573,11.0,0.06574,11.0
1753532048112,12:14:08.112,BIGTIME/USDT:USDT,0.06568,22.0,0.06567,63.0,0.06573,11.0,0.06574,11.0
1753532049003,12:14:09.003,BIGTIME/USDT:USDT,0.06568,22.0,0.06567,63.0,0.06573,11.0,0.06574,11.0
1753532050005,12:14:10.005,BIGTIME/USDT:USDT,0.06568,22.0,0.06567,63.0,0.06573,11.0,0.06574,11.0
1753532050144,12:14:10.144,BIGTIME/USDT:USDT,0.06568,22.0,0.06567,63.0,0.06575,9.0,0.06576,20.0
1753532050183,12:14:10.183,BIGTIME/USDT:USDT,0.06568,22.0,0.06567,63.0,0.06575,9.0,0.06576,20.0
1753532050350,12:14:10.350,BIGTIME/USDT:USDT,0.06568,22.0,0.06567,63.0,0.06575,9.0,0.06576,20.0
1753532053306,12:14:13.306,BIGTIME/USDT:USDT,0.06568,22.0,0.06567,63.0,0.06575,9.0,0.06576,20.0
1753532053484,12:14:13.484,BIGTIME/USDT:USDT,0.06568,22.0,0.06567,63.0,0.06575,11.0,0.06576,20.0
1753532053591,12:14:13.591,BIGTIME/USDT:USDT,0.06568,22.0,0.06567,63.0,0.06575,9.0,0.06576,20.0
1753532055107,12:14:15.107,BIGTIME/USDT:USDT,0.06568,22.0,0.06567,63.0,0.06575,11.0,0.06576,20.0
1753532056031,12:14:16.031,BIGTIME/USDT:USDT,0.06568,22.0,0.06567,63.0,0.06575,11.0,0.06576,20.0
1753532056449,12:14:16.449,BIGTIME/USDT:USDT,0.06568,22.0,0.06567,63.0,0.06575,11.0,0.06576,20.0
1753532056895,12:14:16.895,BIGTIME/USDT:USDT,0.06568,22.0,0.06567,63.0,0.06575,11.0,0.06576,20.0
1753532057025,12:14:17.025,BIGTIME/USDT:USDT,0.06568,22.0,0.06567,63.0,0.06575,31.0,0.06576,20.0
1753532059002,12:14:19.002,BIGTIME/USDT:USDT,0.06568,22.0,0.06567,63.0,0.06575,11.0,0.06576,20.0
1753532060043,12:14:20.043,BIGTIME/USDT:USDT,0.06568,22.0,0.06567,63.0,0.06575,31.0,0.06576,20.0
1753532060140,12:14:20.140,BIGTIME/USDT:USDT,0.06568,22.0,0.06567,63.0,0.06575,31.0,0.06576,20.0
1753532061969,12:14:21.969,BIGTIME/USDT:USDT,0.06568,22.0,0.06567,63.0,0.06575,11.0,0.06576,20.0
1753532062161,12:14:22.161,BIGTIME/USDT:USDT,0.06568,22.0,0.06567,63.0,0.06575,11.0,0.06576,20.0
1753532062959,12:14:22.959,BIGTIME/USDT:USDT,0.06568,22.0,0.06567,63.0,0.06575,31.0,0.06576,20.0
1753532064935,12:14:24.935,BIGTIME/USDT:USDT,0.06568,22.0,0.06567,63.0,0.06575,11.0,0.06576,20.0
1753532065719,12:14:25.719,BIGTIME/USDT:USDT,0.06568,22.0,0.06567,63.0,0.06574,9.0,0.06575,11.0
1753532065796,12:14:25.796,BIGTIME/USDT:USDT,0.06568,22.0,0.06567,63.0,0.06574,11.0,0.06575,9.0
1753532068942,12:14:28.942,BIGTIME/USDT:USDT,0.06568,22.0,0.06567,63.0,0.06575,9.0,0.06576,20.0
1753532069746,12:14:29.746,BIGTIME/USDT:USDT,0.06568,98.0,0.06567,63.0,0.06575,9.0,0.06576,20.0
1753532069782,12:14:29.782,BIGTIME/USDT:USDT,0.06568,98.0,0.06567,63.0,0.06575,9.0,0.06576,20.0
1753532070007,12:14:30.007,BIGTIME/USDT:USDT,0.06568,98.0,0.06567,63.0,0.06575,9.0,0.06576,20.0
1753532070240,12:14:30.240,BIGTIME/USDT:USDT,0.06568,98.0,0.06567,63.0,0.06575,9.0,0.06576,20.0
1753532071544,12:14:31.544,BIGTIME/USDT:USDT,0.06568,98.0,0.06567,63.0,0.06576,20.0,0.06577,29.0
1753532073207,12:14:33.207,BIGTIME/USDT:USDT,0.06568,98.0,0.06567,63.0,0.06575,29.0,0.06576,20.0
1753532073299,12:14:33.299,BIGTIME/USDT:USDT,0.06568,98.0,0.06567,63.0,0.06574,9.0,0.06575,9.0
1753532073449,12:14:33.449,BIGTIME/USDT:USDT,0.06568,98.0,0.06567,63.0,0.06575,9.0,0.06576,20.0
1753532073469,12:14:33.469,BIGTIME/USDT:USDT,0.06568,98.0,0.06567,63.0,0.06575,9.0,0.06576,20.0
1753532073623,12:14:33.623,BIGTIME/USDT:USDT,0.06568,96.0,0.06567,63.0,0.06575,9.0,0.06576,20.0
1753532073839,12:14:33.839,BIGTIME/USDT:USDT,0.06568,96.0,0.06567,63.0,0.06575,29.0,0.06576,20.0
1753532073885,12:14:33.885,BIGTIME/USDT:USDT,0.06568,96.0,0.06567,63.0,0.06575,29.0,0.06576,20.0
1753532073977,12:14:33.977,BIGTIME/USDT:USDT,0.06568,96.0,0.06567,63.0,0.06574,9.0,0.06575,9.0
1753532074124,12:14:34.124,BIGTIME/USDT:USDT,0.06568,96.0,0.06567,63.0,0.06575,9.0,0.06576,20.0
1753532074475,12:14:34.475,BIGTIME/USDT:USDT,0.06568,96.0,0.06567,63.0,0.06575,11.0,0.06576,20.0
1753532074700,12:14:34.700,BIGTIME/USDT:USDT,0.06568,96.0,0.06567,63.0,0.06575,11.0,0.06576,20.0
1753532074824,12:14:34.824,BIGTIME/USDT:USDT,0.06568,96.0,0.06567,63.0,0.06575,31.0,0.06576,20.0
1753532075598,12:14:35.598,BIGTIME/USDT:USDT,0.06568,96.0,0.06567,63.0,0.06575,30.0,0.06576,20.0
1753532075938,12:14:35.938,BIGTIME/USDT:USDT,0.06568,96.0,0.06567,63.0,0.06575,30.0,0.06576,20.0
1753532076801,12:14:36.801,BIGTIME/USDT:USDT,0.06568,96.0,0.06567,63.0,0.06575,10.0,0.06576,20.0
1753532077021,12:14:37.021,BIGTIME/USDT:USDT,0.06568,96.0,0.06567,63.0,0.06574,9.0,0.06575,10.0
1753532077138,12:14:37.138,BIGTIME/USDT:USDT,0.06568,96.0,0.06567,63.0,0.06574,9.0,0.06575,10.0
1753532077357,12:14:37.357,BIGTIME/USDT:USDT,0.06568,96.0,0.06567,63.0,0.06574,9.0,0.06575,9.0
1753532077366,12:14:37.366,BIGTIME/USDT:USDT,0.06568,96.0,0.06567,63.0,0.06575,9.0,0.06576,20.0
1753532077553,12:14:37.553,BIGTIME/USDT:USDT,0.06568,96.0,0.06567,63.0,0.06575,9.0,0.06576,20.0
1753532077858,12:14:37.858,BIGTIME/USDT:USDT,0.06568,96.0,0.06567,63.0,0.06574,9.0,0.06575,11.0
1753532077973,12:14:37.973,BIGTIME/USDT:USDT,0.06568,96.0,0.06567,63.0,0.06574,9.0,0.06575,11.0
1753532078780,12:14:38.780,BIGTIME/USDT:USDT,0.06568,96.0,0.06567,63.0,0.06574,29.0,0.06575,11.0
1753532078958,12:14:38.958,BIGTIME/USDT:USDT,0.06568,96.0,0.06567,63.0,0.06573,9.0,0.06574,29.0
