timestamp,time,symbol,bid1_price,bid1_volume,bid2_price,bid2_volume,ask1_price,ask1_volume,ask2_price,ask2_volume
1753531566000,12:06:06.000,ANIME/USDT:USDT,0.019674,75.0,0.019673,1615.0,0.01969,267.0,0.019691,267.0
1753531566074,12:06:06.074,ANIME/USDT:USDT,0.019674,75.0,0.019673,1615.0,0.01969,267.0,0.019691,267.0
1753531568366,12:06:08.366,ANIME/USDT:USDT,0.019674,75.0,0.019673,1615.0,0.01969,267.0,0.019691,267.0
1753531568681,12:06:08.681,ANIME/USDT:USDT,0.019674,75.0,0.019673,1615.0,0.01969,267.0,0.019691,267.0
1753531570094,12:06:10.094,ANIME/USDT:USDT,0.019674,1478.0,0.019673,212.0,0.01969,267.0,0.019691,267.0
1753531570378,12:06:10.378,ANIME/USDT:USDT,0.019674,1478.0,0.019673,212.0,0.01969,267.0,0.019691,267.0
1753531571842,12:06:11.842,ANIME/USDT:USDT,0.019675,1396.0,0.019674,75.0,0.01969,267.0,0.019691,267.0
1753531572009,12:06:12.009,ANIME/USDT:USDT,0.019676,75.0,0.019675,1396.0,0.01969,267.0,0.019691,267.0
1753531572033,12:06:12.033,ANIME/USDT:USDT,0.019676,75.0,0.019675,1396.0,0.01969,267.0,0.019691,267.0
1753531572317,12:06:12.317,ANIME/USDT:USDT,0.019676,75.0,0.019675,1396.0,0.01969,267.0,0.019691,267.0
1753531572557,12:06:12.557,ANIME/USDT:USDT,0.019676,287.0,0.019675,1717.0,0.01969,267.0,0.019691,267.0
1753531572659,12:06:12.659,ANIME/USDT:USDT,0.019676,1683.0,0.019675,321.0,0.01969,267.0,0.019691,267.0
1753531572784,12:06:12.784,ANIME/USDT:USDT,0.019676,1683.0,0.019675,321.0,0.01969,267.0,0.019691,267.0
1753531573615,12:06:13.615,ANIME/USDT:USDT,0.019676,1683.0,0.019675,321.0,0.01969,267.0,0.019691,267.0
1753531574045,12:06:14.045,ANIME/USDT:USDT,0.019676,1683.0,0.019675,321.0,0.01969,267.0,0.019691,267.0
1753531575175,12:06:15.175,ANIME/USDT:USDT,0.019676,1683.0,0.019675,321.0,0.01969,267.0,0.019691,267.0
1753531577262,12:06:17.262,ANIME/USDT:USDT,0.019676,1683.0,0.019675,321.0,0.019691,534.0,0.019692,4233.0
1753531577801,12:06:17.801,ANIME/USDT:USDT,0.019676,1683.0,0.019675,321.0,0.019691,534.0,0.019692,4233.0
1753531577821,12:06:17.821,ANIME/USDT:USDT,0.019676,1683.0,0.019675,321.0,0.019691,534.0,0.019692,4233.0
1753531578209,12:06:18.209,ANIME/USDT:USDT,0.019676,1471.0,0.019673,212.0,0.019691,534.0,0.019692,4233.0
1753531578634,12:06:18.634,ANIME/USDT:USDT,0.019676,1471.0,0.019673,212.0,0.019691,534.0,0.019692,4233.0
1753531578894,12:06:18.894,ANIME/USDT:USDT,0.019676,1471.0,0.019673,212.0,0.019691,534.0,0.019692,4233.0
1753531579975,12:06:19.975,ANIME/USDT:USDT,0.019676,1471.0,0.019673,212.0,0.019691,534.0,0.019692,4233.0
1753531581817,12:06:21.817,ANIME/USDT:USDT,0.019676,75.0,0.019673,212.0,0.019691,534.0,0.019692,4233.0
1753531581868,12:06:21.868,ANIME/USDT:USDT,0.019674,75.0,0.019673,212.0,0.01969,1428.0,0.019691,534.0
1753531582154,12:06:22.154,ANIME/USDT:USDT,0.019674,75.0,0.019673,212.0,0.01969,1428.0,0.019691,534.0
1753531582584,12:06:22.584,ANIME/USDT:USDT,0.019674,75.0,0.019673,212.0,0.01969,1928.0,0.019691,534.0
1753531583602,12:06:23.602,ANIME/USDT:USDT,0.019674,75.0,0.019673,212.0,0.019689,500.0,0.01969,1928.0
1753531583635,12:06:23.635,ANIME/USDT:USDT,0.019674,75.0,0.019673,212.0,0.019689,500.0,0.01969,1928.0
1753531583809,12:06:23.809,ANIME/USDT:USDT,0.019674,75.0,0.019673,212.0,0.019689,500.0,0.01969,1928.0
1753531584562,12:06:24.562,ANIME/USDT:USDT,0.019674,75.0,0.019673,212.0,0.019689,500.0,0.01969,1928.0
1753531584774,12:06:24.774,ANIME/USDT:USDT,0.019674,75.0,0.019673,212.0,0.019689,500.0,0.01969,1928.0
1753531585065,12:06:25.065,ANIME/USDT:USDT,0.019674,75.0,0.019673,212.0,0.019689,500.0,0.01969,1928.0
1753531587900,12:06:27.900,ANIME/USDT:USDT,0.019674,75.0,0.019673,212.0,0.019689,500.0,0.01969,1928.0
1753531588761,12:06:28.761,ANIME/USDT:USDT,0.019674,75.0,0.019673,212.0,0.019689,500.0,0.01969,1928.0
1753531589403,12:06:29.403,ANIME/USDT:USDT,0.019674,75.0,0.019673,212.0,0.019689,500.0,0.01969,1928.0
1753531589576,12:06:29.576,ANIME/USDT:USDT,0.019674,75.0,0.019673,212.0,0.019689,500.0,0.01969,1928.0
1753531590860,12:06:30.860,ANIME/USDT:USDT,0.019671,75.0,0.01967,1423.0,0.019688,1423.0,0.019689,500.0
1753531591125,12:06:31.125,ANIME/USDT:USDT,0.019671,268.0,0.01967,1423.0,0.019688,1423.0,0.019689,500.0
1753531591540,12:06:31.540,ANIME/USDT:USDT,0.019671,268.0,0.01967,1423.0,0.019688,1423.0,0.019689,500.0
1753531593229,12:06:33.229,ANIME/USDT:USDT,0.019671,75.0,0.01967,1423.0,0.019688,1423.0,0.019689,500.0
1753531593462,12:06:33.462,ANIME/USDT:USDT,0.019671,75.0,0.019666,500.0,0.019688,1423.0,0.019689,500.0
1753531593529,12:06:33.529,ANIME/USDT:USDT,0.019667,75.0,0.019666,500.0,0.019688,1423.0,0.019689,500.0
1753531593642,12:06:33.642,ANIME/USDT:USDT,0.019667,75.0,0.019666,500.0,0.019688,1423.0,0.019689,500.0
1753531594097,12:06:34.097,ANIME/USDT:USDT,0.019667,1498.0,0.019666,500.0,0.019688,1423.0,0.019689,500.0
1753531594479,12:06:34.479,ANIME/USDT:USDT,0.019667,1498.0,0.019666,500.0,0.019688,1423.0,0.019689,500.0
1753531594911,12:06:34.911,ANIME/USDT:USDT,0.019667,1498.0,0.019666,500.0,0.019688,1423.0,0.019689,500.0
1753531598003,12:06:38.003,ANIME/USDT:USDT,0.019667,1498.0,0.019666,500.0,0.019688,1423.0,0.019689,500.0
1753531598082,12:06:38.082,ANIME/USDT:USDT,0.019667,1498.0,0.019666,500.0,0.019688,1423.0,0.019689,500.0
1753531598176,12:06:38.176,ANIME/USDT:USDT,0.019667,1498.0,0.019666,500.0,0.019688,1423.0,0.019689,500.0
1753531598960,12:06:38.960,ANIME/USDT:USDT,0.019667,1498.0,0.019666,500.0,0.019688,1423.0,0.019689,500.0
1753531599175,12:06:39.175,ANIME/USDT:USDT,0.019667,1498.0,0.019666,500.0,0.019688,1423.0,0.019689,500.0
1753531600146,12:06:40.146,ANIME/USDT:USDT,0.019668,1423.0,0.019667,75.0,0.019688,1423.0,0.019689,500.0
1753531600556,12:06:40.556,ANIME/USDT:USDT,0.019671,228.0,0.01967,1423.0,0.019688,1423.0,0.019689,500.0
1753531600912,12:06:40.912,ANIME/USDT:USDT,0.019671,1629.0,0.019666,500.0,0.019688,1423.0,0.019689,500.0
1753531601343,12:06:41.343,ANIME/USDT:USDT,0.019672,233.0,0.019671,1629.0,0.019688,1423.0,0.019689,500.0
1753531601442,12:06:41.442,ANIME/USDT:USDT,0.019673,35.0,0.019672,233.0,0.019688,1423.0,0.019689,500.0
1753531601774,12:06:41.774,ANIME/USDT:USDT,0.019673,35.0,0.019672,233.0,0.019688,1423.0,0.019689,500.0
1753531603974,12:06:43.974,ANIME/USDT:USDT,0.019673,35.0,0.019672,233.0,0.019688,1423.0,0.019689,500.0
1753531604196,12:06:44.196,ANIME/USDT:USDT,0.019673,35.0,0.019672,233.0,0.019688,1423.0,0.019689,500.0
1753531604704,12:06:44.704,ANIME/USDT:USDT,0.019673,35.0,0.019672,40.0,0.019688,1423.0,0.019689,500.0
1753531604730,12:06:44.730,ANIME/USDT:USDT,0.019667,75.0,0.019666,500.0,0.019688,1423.0,0.019689,500.0
1753531605018,12:06:45.018,ANIME/USDT:USDT,0.019667,75.0,0.019666,500.0,0.019688,1423.0,0.019689,500.0
1753531605019,12:06:45.019,ANIME/USDT:USDT,0.019667,75.0,0.019666,500.0,0.019688,1423.0,0.019689,500.0
1753531605441,12:06:45.441,ANIME/USDT:USDT,0.019667,75.0,0.019666,500.0,0.019688,1423.0,0.019689,500.0
1753531605862,12:06:45.862,ANIME/USDT:USDT,0.019667,75.0,0.019666,500.0,0.019688,1423.0,0.019689,500.0
1753531608542,12:06:48.542,ANIME/USDT:USDT,0.019667,75.0,0.019666,500.0,0.019688,1423.0,0.019689,500.0
1753531608775,12:06:48.775,ANIME/USDT:USDT,0.019667,75.0,0.019666,500.0,0.019688,1423.0,0.019689,500.0
1753531609272,12:06:49.272,ANIME/USDT:USDT,0.019667,75.0,0.019666,500.0,0.019688,1423.0,0.019689,500.0
1753531609770,12:06:49.770,ANIME/USDT:USDT,0.019667,75.0,0.019666,500.0,0.019688,1423.0,0.019689,500.0
1753531609912,12:06:49.912,ANIME/USDT:USDT,0.019667,75.0,0.019666,500.0,0.019688,1423.0,0.019689,500.0
1753531610047,12:06:50.047,ANIME/USDT:USDT,0.019667,75.0,0.019666,500.0,0.019688,1423.0,0.019689,500.0
1753531610316,12:06:50.316,ANIME/USDT:USDT,0.019667,1472.0,0.019666,500.0,0.019688,1423.0,0.019689,500.0
1753531610682,12:06:50.682,ANIME/USDT:USDT,0.019667,1472.0,0.019666,500.0,0.019688,1423.0,0.019689,500.0
1753531610987,12:06:50.987,ANIME/USDT:USDT,0.019667,1472.0,0.019666,500.0,0.019688,1423.0,0.019689,500.0
1753531611116,12:06:51.116,ANIME/USDT:USDT,0.019667,1472.0,0.019666,500.0,0.019688,1423.0,0.019689,500.0
1753531611362,12:06:51.362,ANIME/USDT:USDT,0.019667,1472.0,0.019666,500.0,0.019688,1423.0,0.019689,500.0
1753531612975,12:06:52.975,ANIME/USDT:USDT,0.019668,1397.0,0.019667,75.0,0.019688,1423.0,0.019689,500.0
1753531613513,12:06:53.513,ANIME/USDT:USDT,0.019674,75.0,0.019673,386.0,0.019688,1423.0,0.019689,500.0
1753531613594,12:06:53.594,ANIME/USDT:USDT,0.019674,75.0,0.019673,386.0,0.019688,1423.0,0.019689,500.0
1753531614560,12:06:54.560,ANIME/USDT:USDT,0.019674,75.0,0.019673,386.0,0.019688,1423.0,0.019689,767.0
1753531614835,12:06:54.835,ANIME/USDT:USDT,0.019674,75.0,0.019673,386.0,0.019688,1423.0,0.019689,767.0
1753531615961,12:06:55.961,ANIME/USDT:USDT,0.019674,75.0,0.019673,386.0,0.019688,1423.0,0.019689,767.0
1753531618375,12:06:58.375,ANIME/USDT:USDT,0.019674,75.0,0.019673,386.0,0.019688,1423.0,0.019689,767.0
1753531618422,12:06:58.422,ANIME/USDT:USDT,0.019674,75.0,0.019673,386.0,0.019688,1423.0,0.019689,767.0
1753531619961,12:06:59.961,ANIME/USDT:USDT,0.019674,75.0,0.019673,386.0,0.019688,1423.0,0.019689,767.0
1753531620449,12:07:00.449,ANIME/USDT:USDT,0.019674,75.0,0.019673,386.0,0.019688,1423.0,0.019689,767.0
1753531620816,12:07:00.816,ANIME/USDT:USDT,0.019674,75.0,0.019673,386.0,0.019688,1423.0,0.019689,767.0
1753531623071,12:07:03.071,ANIME/USDT:USDT,0.019674,75.0,0.019673,193.0,0.019688,1423.0,0.019689,767.0
1753531623369,12:07:03.369,ANIME/USDT:USDT,0.019674,75.0,0.019673,193.0,0.019688,1423.0,0.019689,767.0
1753531623466,12:07:03.466,ANIME/USDT:USDT,0.019674,75.0,0.019673,193.0,0.019688,1423.0,0.019689,767.0
1753531624141,12:07:04.141,ANIME/USDT:USDT,0.019674,75.0,0.019673,193.0,0.019688,1423.0,0.019689,767.0
1753531624818,12:07:04.818,ANIME/USDT:USDT,0.019685,1.0,0.019674,75.0,0.019688,1423.0,0.019689,767.0
1753531624862,12:07:04.862,ANIME/USDT:USDT,0.019685,1.0,0.019674,75.0,0.019688,1423.0,0.019689,767.0
1753531624979,12:07:04.979,ANIME/USDT:USDT,0.019685,1.0,0.019674,75.0,0.019688,1423.0,0.019689,767.0
1753531625808,12:07:05.808,ANIME/USDT:USDT,0.019685,1.0,0.019674,75.0,0.019688,1423.0,0.019689,767.0
1753531626234,12:07:06.234,ANIME/USDT:USDT,0.019685,1.0,0.019674,75.0,0.019688,1423.0,0.019689,767.0
1753531626640,12:07:06.640,ANIME/USDT:USDT,0.019685,1.0,0.019674,75.0,0.019688,1423.0,0.019689,767.0
1753531627976,12:07:07.976,ANIME/USDT:USDT,0.019685,1.0,0.019674,75.0,0.019688,1423.0,0.019689,767.0
1753531628424,12:07:08.424,ANIME/USDT:USDT,0.019685,1.0,0.019674,75.0,0.019688,1423.0,0.019689,767.0
1753531628886,12:07:08.886,ANIME/USDT:USDT,0.019685,1.0,0.019674,75.0,0.019688,1423.0,0.019689,767.0
1753531629066,12:07:09.066,ANIME/USDT:USDT,0.019685,1.0,0.019674,75.0,0.019688,1423.0,0.019689,767.0
1753531629518,12:07:09.518,ANIME/USDT:USDT,0.019685,1.0,0.019674,75.0,0.019688,1423.0,0.019689,767.0
1753531629523,12:07:09.523,ANIME/USDT:USDT,0.019685,1.0,0.019674,75.0,0.019688,1423.0,0.019689,767.0
1753531629964,12:07:09.964,ANIME/USDT:USDT,0.019685,1.0,0.019674,75.0,0.019688,1423.0,0.019689,767.0
1753531632775,12:07:12.775,ANIME/USDT:USDT,0.019685,1.0,0.019674,75.0,0.019688,1423.0,0.019689,767.0
1753531633202,12:07:13.202,ANIME/USDT:USDT,0.019685,1.0,0.019674,75.0,0.019688,1423.0,0.019689,500.0
1753531634044,12:07:14.044,ANIME/USDT:USDT,0.019685,1.0,0.019674,75.0,0.019688,1423.0,0.019689,500.0
1753531634314,12:07:14.314,ANIME/USDT:USDT,0.019685,1.0,0.01967,75.0,0.019689,500.0,0.01969,1928.0
1753531634359,12:07:14.359,ANIME/USDT:USDT,0.019685,1.0,0.01967,75.0,0.019689,500.0,0.01969,1928.0
1753531634441,12:07:14.441,ANIME/USDT:USDT,0.019685,1.0,0.01967,75.0,0.019689,500.0,0.01969,1928.0
1753531634900,12:07:14.900,ANIME/USDT:USDT,0.019685,1.0,0.01967,75.0,0.019689,1908.0,0.01969,500.0
1753531635010,12:07:15.010,ANIME/USDT:USDT,0.019685,1.0,0.01967,75.0,0.019688,1408.0,0.01969,500.0
1753531635258,12:07:15.258,ANIME/USDT:USDT,0.019685,1.0,0.01967,75.0,0.019688,1408.0,0.01969,500.0
1753531635719,12:07:15.719,ANIME/USDT:USDT,0.019685,1.0,0.01967,75.0,0.019688,1408.0,0.01969,500.0
1753531635722,12:07:15.722,ANIME/USDT:USDT,0.019685,1.0,0.01967,75.0,0.019688,1408.0,0.01969,500.0
1753531636071,12:07:16.071,ANIME/USDT:USDT,0.019685,1.0,0.01967,75.0,0.019688,1408.0,0.01969,500.0
1753531637575,12:07:17.575,ANIME/USDT:USDT,0.019685,1.0,0.01967,75.0,0.019688,1408.0,0.01969,500.0
1753531638517,12:07:18.517,ANIME/USDT:USDT,0.01967,75.0,0.019666,500.0,0.019688,1408.0,0.01969,500.0
1753531638591,12:07:18.591,ANIME/USDT:USDT,0.019667,75.0,0.019666,500.0,0.019688,1408.0,0.01969,500.0
1753531638802,12:07:18.802,ANIME/USDT:USDT,0.019667,75.0,0.019666,500.0,0.019688,1408.0,0.01969,500.0
1753531638918,12:07:18.918,ANIME/USDT:USDT,0.019667,75.0,0.019666,500.0,0.019688,1408.0,0.01969,500.0
1753531639236,12:07:19.236,ANIME/USDT:USDT,0.019667,75.0,0.019666,500.0,0.019688,1408.0,0.01969,500.0
1753531639567,12:07:19.567,ANIME/USDT:USDT,0.019667,75.0,0.019666,500.0,0.019688,1408.0,0.01969,500.0
1753531639751,12:07:19.751,ANIME/USDT:USDT,0.019667,75.0,0.019666,500.0,0.019688,1408.0,0.01969,500.0
1753531640258,12:07:20.258,ANIME/USDT:USDT,0.019667,75.0,0.019666,500.0,0.019688,1408.0,0.01969,500.0
1753531641615,12:07:21.615,ANIME/USDT:USDT,0.019667,1475.0,0.019666,500.0,0.019688,1408.0,0.01969,500.0
1753531641776,12:07:21.776,ANIME/USDT:USDT,0.019667,1475.0,0.019666,500.0,0.019688,1408.0,0.01969,500.0
1753531642192,12:07:22.192,ANIME/USDT:USDT,0.019668,1400.0,0.019667,75.0,0.019688,1408.0,0.01969,500.0
1753531642249,12:07:22.249,ANIME/USDT:USDT,0.019669,1475.0,0.019666,500.0,0.019688,1408.0,0.01969,500.0
1753531642375,12:07:22.375,ANIME/USDT:USDT,0.019669,1475.0,0.019666,500.0,0.019688,1408.0,0.01969,500.0
1753531642596,12:07:22.596,ANIME/USDT:USDT,0.019669,1475.0,0.019666,500.0,0.019688,1408.0,0.01969,500.0
1753531642659,12:07:22.659,ANIME/USDT:USDT,0.019669,1475.0,0.019666,500.0,0.019688,1408.0,0.01969,500.0
1753531643012,12:07:23.012,ANIME/USDT:USDT,0.019669,1475.0,0.019666,500.0,0.019688,1408.0,0.01969,500.0
1753531643787,12:07:23.787,ANIME/USDT:USDT,0.01967,1400.0,0.019669,75.0,0.019688,1408.0,0.01969,500.0
1753531643827,12:07:23.827,ANIME/USDT:USDT,0.019671,75.0,0.01967,1400.0,0.019688,1408.0,0.01969,500.0
1753531644242,12:07:24.242,ANIME/USDT:USDT,0.019671,251.0,0.01967,1400.0,0.019688,1408.0,0.01969,500.0
1753531644670,12:07:24.670,ANIME/USDT:USDT,0.019671,251.0,0.01967,1400.0,0.019688,1408.0,0.01969,500.0
1753531644944,12:07:24.944,ANIME/USDT:USDT,0.019673,176.0,0.019672,1400.0,0.01969,500.0,0.019691,500.0
1753531645118,12:07:25.118,ANIME/USDT:USDT,0.019677,1400.0,0.019676,176.0,0.01969,500.0,0.019691,500.0
1753531645173,12:07:25.173,ANIME/USDT:USDT,0.019679,1400.0,0.019678,251.0,0.01969,500.0,0.019691,500.0
1753531645283,12:07:25.283,ANIME/USDT:USDT,0.019682,1400.0,0.019681,176.0,0.01969,500.0,0.019691,500.0
1753531645348,12:07:25.348,ANIME/USDT:USDT,0.019683,1475.0,0.019682,267.0,0.01969,500.0,0.019691,500.0
1753531645529,12:07:25.529,ANIME/USDT:USDT,0.019683,1475.0,0.019682,267.0,0.01969,500.0,0.019691,500.0
1753531645882,12:07:25.882,ANIME/USDT:USDT,0.019683,1475.0,0.019682,267.0,0.019692,500.0,0.019693,12634.0
1753531645985,12:07:25.985,ANIME/USDT:USDT,0.019683,1475.0,0.019682,267.0,0.019692,500.0,0.019693,12634.0
1753531646022,12:07:26.022,ANIME/USDT:USDT,0.019683,1475.0,0.019682,267.0,0.019692,1603.0,0.019693,12634.0
1753531646152,12:07:26.152,ANIME/USDT:USDT,0.019683,1475.0,0.019682,267.0,0.019692,500.0,0.019693,12634.0
1753531646818,12:07:26.818,ANIME/USDT:USDT,0.019683,1475.0,0.019682,267.0,0.019692,500.0,0.019693,12634.0
1753531646882,12:07:26.882,ANIME/USDT:USDT,0.019683,1475.0,0.019682,267.0,0.019692,2657.0,0.019693,12634.0
1753531647006,12:07:27.006,ANIME/USDT:USDT,0.019683,1475.0,0.019682,267.0,0.019692,2657.0,0.019693,12634.0
1753531647175,12:07:27.175,ANIME/USDT:USDT,0.019683,1475.0,0.019682,267.0,0.019692,500.0,0.019693,12634.0
1753531647374,12:07:27.374,ANIME/USDT:USDT,0.019683,1475.0,0.019682,267.0,0.019692,500.0,0.019693,12634.0
1753531647617,12:07:27.617,ANIME/USDT:USDT,0.019683,75.0,0.019682,267.0,0.019692,500.0,0.019693,12634.0
1753531647642,12:07:27.642,ANIME/USDT:USDT,0.019683,75.0,0.019682,267.0,0.019692,500.0,0.019693,12634.0
1753531647848,12:07:27.848,ANIME/USDT:USDT,0.019683,75.0,0.019682,267.0,0.019692,500.0,0.019693,12634.0
1753531648355,12:07:28.355,ANIME/USDT:USDT,0.019683,75.0,0.019682,267.0,0.019692,500.0,0.019693,12634.0
1753531648469,12:07:28.469,ANIME/USDT:USDT,0.019683,75.0,0.019682,267.0,0.019692,500.0,0.019693,12634.0
1753531648841,12:07:28.841,ANIME/USDT:USDT,0.019683,75.0,0.019682,267.0,0.019692,500.0,0.019693,12634.0
1753531649084,12:07:29.084,ANIME/USDT:USDT,0.019683,75.0,0.019682,267.0,0.019692,500.0,0.019693,12634.0
1753531649499,12:07:29.499,ANIME/USDT:USDT,0.019683,75.0,0.019682,267.0,0.019692,500.0,0.019693,12634.0
1753531649826,12:07:29.826,ANIME/USDT:USDT,0.019683,75.0,0.019682,267.0,0.019692,500.0,0.019693,12634.0
1753531650201,12:07:30.201,ANIME/USDT:USDT,0.019683,75.0,0.019682,267.0,0.019692,500.0,0.019693,12634.0
1753531650285,12:07:30.285,ANIME/USDT:USDT,0.019683,75.0,0.01967,1400.0,0.019691,2331.0,0.019692,8307.0
1753531650365,12:07:30.365,ANIME/USDT:USDT,0.019674,1403.0,0.019673,1811.0,0.019691,2331.0,0.019692,8040.0
1753531650518,12:07:30.518,ANIME/USDT:USDT,0.019676,1403.0,0.019675,75.0,0.019691,2331.0,0.019692,8040.0
1753531650527,12:07:30.527,ANIME/USDT:USDT,0.019677,75.0,0.019676,1403.0,0.019691,2331.0,0.019692,8040.0
1753531650807,12:07:30.807,ANIME/USDT:USDT,0.019677,75.0,0.019676,1403.0,0.019691,2331.0,0.019692,8040.0
1753531650840,12:07:30.840,ANIME/USDT:USDT,0.019677,75.0,0.019676,1403.0,0.019691,2331.0,0.019692,8040.0
1753531651018,12:07:31.018,ANIME/USDT:USDT,0.019677,236.0,0.019676,1403.0,0.019691,2331.0,0.019692,8040.0
1753531651642,12:07:31.642,ANIME/USDT:USDT,0.019677,236.0,0.019676,1403.0,0.019691,1285.0,0.019692,8040.0
1753531651811,12:07:31.811,ANIME/USDT:USDT,0.019677,236.0,0.019676,1403.0,0.019691,1785.0,0.019692,8040.0
1753531651976,12:07:31.976,ANIME/USDT:USDT,0.019677,236.0,0.019676,1403.0,0.019691,1785.0,0.019692,8040.0
1753531652628,12:07:32.628,ANIME/USDT:USDT,0.019677,236.0,0.019676,1403.0,0.019691,1785.0,0.019692,8040.0
1753531653379,12:07:33.379,ANIME/USDT:USDT,0.019677,397.0,0.019676,1403.0,0.019691,1785.0,0.019692,8040.0
1753531654276,12:07:34.276,ANIME/USDT:USDT,0.019677,236.0,0.019676,1403.0,0.019691,1785.0,0.019692,8040.0
1753531655116,12:07:35.116,ANIME/USDT:USDT,0.019677,75.0,0.019665,1384.0,0.01969,1403.0,0.019691,2052.0
1753531655212,12:07:35.212,ANIME/USDT:USDT,0.019667,1403.0,0.019666,75.0,0.019688,1903.0,0.019689,500.0
1753531655261,12:07:35.261,ANIME/USDT:USDT,0.019669,1403.0,0.019668,75.0,0.019688,1903.0,0.019689,500.0
1753531655348,12:07:35.348,ANIME/USDT:USDT,0.01967,1478.0,0.019665,1384.0,0.019688,1903.0,0.019689,500.0
1753531655484,12:07:35.484,ANIME/USDT:USDT,0.01967,1478.0,0.019665,1384.0,0.019688,1903.0,0.019689,500.0
1753531655532,12:07:35.532,ANIME/USDT:USDT,0.01967,1478.0,0.019665,1384.0,0.019687,1903.0,0.019688,500.0
1753531655716,12:07:35.716,ANIME/USDT:USDT,0.01967,1478.0,0.019665,1384.0,0.019686,1403.0,0.019687,500.0
1753531655722,12:07:35.722,ANIME/USDT:USDT,0.01967,1478.0,0.019665,1384.0,0.019686,1403.0,0.019687,500.0
1753531656004,12:07:36.004,ANIME/USDT:USDT,0.01967,1478.0,0.019665,1384.0,0.019686,1403.0,0.019687,500.0
1753531656250,12:07:36.250,ANIME/USDT:USDT,0.01967,1478.0,0.019665,1384.0,0.019686,1403.0,0.019687,500.0
1753531656404,12:07:36.404,ANIME/USDT:USDT,0.01967,1478.0,0.019665,1384.0,0.019686,1403.0,0.019687,500.0
1753531656710,12:07:36.710,ANIME/USDT:USDT,0.01967,75.0,0.019665,1384.0,0.019683,1403.0,0.019684,500.0
1753531656804,12:07:36.804,ANIME/USDT:USDT,0.019666,75.0,0.019665,1384.0,0.019683,1903.0,0.019684,500.0
1753531656893,12:07:36.893,ANIME/USDT:USDT,0.019666,75.0,0.019665,1384.0,0.019682,1403.0,0.019683,500.0
1753531657082,12:07:37.082,ANIME/USDT:USDT,0.019666,236.0,0.019665,1384.0,0.019682,1403.0,0.019683,500.0
1753531657241,12:07:37.241,ANIME/USDT:USDT,0.019666,236.0,0.019665,1384.0,0.019682,1403.0,0.019683,500.0
1753531657378,12:07:37.378,ANIME/USDT:USDT,0.019666,1800.0,0.019661,3195.0,0.019682,1403.0,0.019683,500.0
1753531657782,12:07:37.782,ANIME/USDT:USDT,0.019666,1800.0,0.019661,3195.0,0.019682,1403.0,0.019684,500.0
1753531658074,12:07:38.074,ANIME/USDT:USDT,0.019666,1800.0,0.019661,3195.0,0.019682,1403.0,0.019684,500.0
1753531658149,12:07:38.149,ANIME/USDT:USDT,0.019666,1800.0,0.019661,3195.0,0.019682,1403.0,0.019684,500.0
1753531658292,12:07:38.292,ANIME/USDT:USDT,0.019667,1403.0,0.019666,397.0,0.019684,500.0,0.019685,267.0
1753531658327,12:07:38.327,ANIME/USDT:USDT,0.019668,75.0,0.019667,1403.0,0.019684,500.0,0.019685,267.0
1753531658604,12:07:38.604,ANIME/USDT:USDT,0.019668,75.0,0.019667,1403.0,0.019684,500.0,0.019685,267.0
1753531659055,12:07:39.055,ANIME/USDT:USDT,0.019669,1403.0,0.019668,75.0,0.019684,500.0,0.019685,267.0
1753531659127,12:07:39.127,ANIME/USDT:USDT,0.01967,75.0,0.019669,1403.0,0.019684,500.0,0.019685,267.0
1753531659456,12:07:39.456,ANIME/USDT:USDT,0.01967,75.0,0.019669,1403.0,0.019684,500.0,0.019685,267.0
1753531659859,12:07:39.859,ANIME/USDT:USDT,0.01967,75.0,0.019669,1403.0,0.019684,500.0,0.019685,267.0
1753531660309,12:07:40.309,ANIME/USDT:USDT,0.01967,75.0,0.019669,1403.0,0.019684,500.0,0.019685,267.0
1753531661576,12:07:41.576,ANIME/USDT:USDT,0.01967,75.0,0.019669,1403.0,0.019684,500.0,0.019685,267.0
1753531662098,12:07:42.098,ANIME/USDT:USDT,0.01967,397.0,0.019669,1403.0,0.019684,500.0,0.019685,267.0
1753531662709,12:07:42.709,ANIME/USDT:USDT,0.01967,397.0,0.019669,1403.0,0.019684,500.0,0.019685,267.0
1753531662768,12:07:42.768,ANIME/USDT:USDT,0.01967,397.0,0.019669,1403.0,0.019684,500.0,0.019685,267.0
1753531663406,12:07:43.406,ANIME/USDT:USDT,0.019671,1415.0,0.01967,397.0,0.019684,767.0,0.019689,500.0
1753531663458,12:07:43.458,ANIME/USDT:USDT,0.019672,75.0,0.019671,1415.0,0.019684,767.0,0.019688,1415.0
1753531663588,12:07:43.588,ANIME/USDT:USDT,0.019672,75.0,0.019671,1415.0,0.019684,767.0,0.019688,1415.0
1753531664013,12:07:44.013,ANIME/USDT:USDT,0.019672,75.0,0.019671,1415.0,0.019684,767.0,0.019688,1415.0
1753531664440,12:07:44.440,ANIME/USDT:USDT,0.019672,75.0,0.019671,1415.0,0.019684,767.0,0.019688,1415.0
1753531666411,12:07:46.411,ANIME/USDT:USDT,0.019672,1490.0,0.01967,322.0,0.019684,500.0,0.019688,1415.0
1753531667498,12:07:47.498,ANIME/USDT:USDT,0.019672,1490.0,0.01967,322.0,0.019684,500.0,0.019688,1415.0
1753531667582,12:07:47.582,ANIME/USDT:USDT,0.019672,1490.0,0.01967,322.0,0.019684,500.0,0.019688,1415.0
1753531668673,12:07:48.673,ANIME/USDT:USDT,0.019672,1490.0,0.01967,322.0,0.019684,500.0,0.019688,1415.0
1753531668982,12:07:48.982,ANIME/USDT:USDT,0.019673,1415.0,0.019672,75.0,0.019684,500.0,0.019689,500.0
1753531669059,12:07:49.059,ANIME/USDT:USDT,0.019674,236.0,0.019673,1788.0,0.019684,500.0,0.019689,500.0
1753531669290,12:07:49.290,ANIME/USDT:USDT,0.019674,397.0,0.019673,2161.0,0.019684,500.0,0.019689,500.0
1753531669603,12:07:49.603,ANIME/USDT:USDT,0.019674,397.0,0.019673,2161.0,0.019689,500.0,0.01969,1903.0
1753531669709,12:07:49.709,ANIME/USDT:USDT,0.019674,397.0,0.019673,2161.0,0.019689,500.0,0.01969,1903.0
1753531670132,12:07:50.132,ANIME/USDT:USDT,0.019674,397.0,0.019673,2161.0,0.019689,500.0,0.01969,1903.0
1753531670592,12:07:50.592,ANIME/USDT:USDT,0.019674,397.0,0.019673,2161.0,0.019689,500.0,0.01969,1903.0
1753531671176,12:07:51.176,ANIME/USDT:USDT,0.019674,397.0,0.019673,2161.0,0.019689,500.0,0.01969,1903.0
1753531675978,12:07:55.978,ANIME/USDT:USDT,0.019674,397.0,0.019673,2161.0,0.019689,500.0,0.01969,1903.0
1753531677659,12:07:57.659,ANIME/USDT:USDT,0.019674,397.0,0.019673,2161.0,0.019689,500.0,0.01969,1903.0
1753531679610,12:07:59.610,ANIME/USDT:USDT,0.019674,1777.0,0.019673,746.0,0.019689,500.0,0.01969,1903.0
1753531679806,12:07:59.806,ANIME/USDT:USDT,0.019674,1777.0,0.019673,746.0,0.019689,500.0,0.01969,1903.0
1753531680776,12:08:00.776,ANIME/USDT:USDT,0.019674,1777.0,0.019673,746.0,0.019689,500.0,0.01969,1903.0
1753531681650,12:08:01.650,ANIME/USDT:USDT,0.019675,1395.0,0.019674,397.0,0.019689,767.0,0.01969,500.0
1753531681742,12:08:01.742,ANIME/USDT:USDT,0.019676,75.0,0.019675,1395.0,0.019689,1034.0,0.01969,500.0
1753531681827,12:08:01.827,ANIME/USDT:USDT,0.019676,75.0,0.019675,1395.0,0.019689,1034.0,0.01969,500.0
1753531682239,12:08:02.239,ANIME/USDT:USDT,0.019676,75.0,0.019675,1395.0,0.019689,1034.0,0.01969,500.0
1753531682447,12:08:02.447,ANIME/USDT:USDT,0.019676,75.0,0.019675,1395.0,0.019689,534.0,0.01969,500.0
1753531683063,12:08:03.063,ANIME/USDT:USDT,0.019676,75.0,0.019675,1395.0,0.019689,534.0,0.01969,500.0
1753531683639,12:08:03.639,ANIME/USDT:USDT,0.019676,75.0,0.019675,1395.0,0.019689,534.0,0.01969,500.0
1753531683898,12:08:03.898,ANIME/USDT:USDT,0.019676,75.0,0.019675,1395.0,0.019689,534.0,0.01969,500.0
1753531683920,12:08:03.920,ANIME/USDT:USDT,0.019676,75.0,0.019675,1395.0,0.019689,534.0,0.01969,500.0
1753531684508,12:08:04.508,ANIME/USDT:USDT,0.019676,75.0,0.019675,1395.0,0.019689,267.0,0.01969,500.0
1753531684580,12:08:04.580,ANIME/USDT:USDT,0.019679,1395.0,0.019678,6431.0,0.01969,500.0,0.019691,500.0
1753531684681,12:08:04.681,ANIME/USDT:USDT,0.019681,1395.0,0.01968,75.0,0.01969,500.0,0.019691,500.0
1753531684745,12:08:04.745,ANIME/USDT:USDT,0.019683,1395.0,0.019682,471.0,0.019691,500.0,0.019692,500.0
1753531684846,12:08:04.846,ANIME/USDT:USDT,0.019684,75.0,0.019683,1395.0,0.019691,500.0,0.019692,500.0
1753531684941,12:08:04.941,ANIME/USDT:USDT,0.019684,75.0,0.019683,1395.0,0.019691,500.0,0.019692,500.0
1753531685118,12:08:05.118,ANIME/USDT:USDT,0.019688,1.0,0.019684,75.0,0.019691,500.0,0.019692,500.0
1753531685162,12:08:05.162,ANIME/USDT:USDT,0.019688,1.0,0.019684,75.0,0.019691,500.0,0.019692,500.0
1753531685414,12:08:05.414,ANIME/USDT:USDT,0.019688,1.0,0.019684,75.0,0.019692,500.0,0.019693,267.0
1753531685425,12:08:05.425,ANIME/USDT:USDT,0.019688,1.0,0.019684,75.0,0.019692,500.0,0.019693,267.0
1753531685576,12:08:05.576,ANIME/USDT:USDT,0.019688,1.0,0.019684,75.0,0.019692,500.0,0.019693,267.0
1753531685754,12:08:05.754,ANIME/USDT:USDT,0.019688,1.0,0.019684,75.0,0.019692,500.0,0.019693,267.0
1753531686005,12:08:06.005,ANIME/USDT:USDT,0.019688,1.0,0.019684,75.0,0.019692,500.0,0.019693,267.0
1753531687960,12:08:07.960,ANIME/USDT:USDT,0.019688,1.0,0.019684,75.0,0.019692,500.0,0.019693,267.0
1753531688114,12:08:08.114,ANIME/USDT:USDT,0.019688,1.0,0.019684,75.0,0.019692,500.0,0.019693,267.0
1753531690005,12:08:10.005,ANIME/USDT:USDT,0.019688,1.0,0.019684,75.0,0.019692,500.0,0.019693,267.0
1753531690284,12:08:10.284,ANIME/USDT:USDT,0.019688,1.0,0.019684,75.0,0.019692,500.0,0.019693,267.0
1753531690376,12:08:10.376,ANIME/USDT:USDT,0.019688,1.0,0.019684,75.0,0.019692,500.0,0.019693,267.0
1753531690848,12:08:10.848,ANIME/USDT:USDT,0.019688,1.0,0.019684,75.0,0.019692,500.0,0.019693,267.0
1753531691665,12:08:11.665,ANIME/USDT:USDT,0.019688,1.0,0.019684,75.0,0.019692,500.0,0.019693,267.0
1753531695177,12:08:15.177,ANIME/USDT:USDT,0.019688,1.0,0.019684,75.0,0.019692,500.0,0.019693,267.0
1753531696002,12:08:16.002,ANIME/USDT:USDT,0.019688,1.0,0.019684,75.0,0.019692,500.0,0.019693,267.0
1753531699442,12:08:19.442,ANIME/USDT:USDT,0.019688,1.0,0.019684,75.0,0.019692,500.0,0.019693,267.0
1753531699523,12:08:19.523,ANIME/USDT:USDT,0.019688,1.0,0.019684,75.0,0.019692,500.0,0.019693,267.0
1753531699667,12:08:19.667,ANIME/USDT:USDT,0.019688,1.0,0.019684,75.0,0.019692,500.0,0.019693,267.0
1753531700008,12:08:20.008,ANIME/USDT:USDT,0.019688,1.0,0.019684,75.0,0.019692,500.0,0.019693,267.0
1753531701013,12:08:21.013,ANIME/USDT:USDT,0.019688,1.0,0.019684,75.0,0.019692,500.0,0.019693,267.0
1753531701030,12:08:21.030,ANIME/USDT:USDT,0.019688,1.0,0.019683,75.0,0.019692,500.0,0.019693,267.0
1753531701456,12:08:21.456,ANIME/USDT:USDT,0.019688,1.0,0.019683,75.0,0.019692,500.0,0.019693,267.0
1753531702120,12:08:22.120,ANIME/USDT:USDT,0.019688,1.0,0.019683,75.0,0.019692,500.0,0.019693,267.0
1753531703125,12:08:23.125,ANIME/USDT:USDT,0.019688,1.0,0.019683,75.0,0.019692,500.0,0.019693,267.0
1753531703740,12:08:23.740,ANIME/USDT:USDT,0.019688,1.0,0.019683,75.0,0.019692,500.0,0.019693,267.0
1753531704412,12:08:24.412,ANIME/USDT:USDT,0.019688,1.0,0.019685,267.0,0.019692,500.0,0.019696,1898.0
1753531704427,12:08:24.427,ANIME/USDT:USDT,0.019688,1.0,0.019686,75.0,0.019692,500.0,0.019696,1898.0
1753531704777,12:08:24.777,ANIME/USDT:USDT,0.019688,1.0,0.019686,75.0,0.019692,500.0,0.019696,1898.0
1753531704955,12:08:24.955,ANIME/USDT:USDT,0.019688,1.0,0.019686,75.0,0.019692,500.0,0.019696,1898.0
1753531705562,12:08:25.562,ANIME/USDT:USDT,0.019688,1.0,0.019686,75.0,0.019692,500.0,0.019696,500.0
1753531705661,12:08:25.661,ANIME/USDT:USDT,0.019688,1.0,0.019686,75.0,0.019692,500.0,0.019696,500.0
1753531705773,12:08:25.773,ANIME/USDT:USDT,0.019688,1.0,0.019686,75.0,0.019692,500.0,0.019696,500.0
1753531706018,12:08:26.018,ANIME/USDT:USDT,0.019688,1.0,0.019686,75.0,0.019692,500.0,0.019696,500.0
1753531706097,12:08:26.097,ANIME/USDT:USDT,0.019688,1.0,0.019686,75.0,0.019692,500.0,0.019696,500.0
1753531706219,12:08:26.219,ANIME/USDT:USDT,0.019688,1.0,0.019686,75.0,0.019696,500.0,0.019697,4289.0
1753531706256,12:08:26.256,ANIME/USDT:USDT,0.019688,1.0,0.019686,75.0,0.019696,500.0,0.019697,4289.0
1753531706371,12:08:26.371,ANIME/USDT:USDT,0.019686,75.0,0.019685,267.0,0.019696,500.0,0.019697,4289.0
1753531706597,12:08:26.597,ANIME/USDT:USDT,0.019686,75.0,0.019685,267.0,0.019696,500.0,0.019697,4289.0
1753531707027,12:08:27.027,ANIME/USDT:USDT,0.019686,75.0,0.019685,267.0,0.019696,500.0,0.019697,4289.0
1753531707170,12:08:27.170,ANIME/USDT:USDT,0.019686,75.0,0.019685,267.0,0.019696,500.0,0.019697,4289.0
1753531707394,12:08:27.394,ANIME/USDT:USDT,0.019686,75.0,0.019685,267.0,0.019696,500.0,0.019697,4823.0
1753531709497,12:08:29.497,ANIME/USDT:USDT,0.019686,75.0,0.019685,267.0,0.019696,500.0,0.019697,4556.0
1753531709577,12:08:29.577,ANIME/USDT:USDT,0.019686,75.0,0.019685,267.0,0.019696,500.0,0.019697,4556.0
1753531710223,12:08:30.223,ANIME/USDT:USDT,0.019686,75.0,0.019685,534.0,0.019696,500.0,0.019697,767.0
1753531710342,12:08:30.342,ANIME/USDT:USDT,0.019686,75.0,0.019685,534.0,0.019696,500.0,0.019697,3540.0
1753531711889,12:08:31.889,ANIME/USDT:USDT,0.019687,1407.0,0.019686,75.0,0.019696,500.0,0.019697,3540.0
1753531711927,12:08:31.927,ANIME/USDT:USDT,0.019688,75.0,0.019687,1407.0,0.019696,500.0,0.019697,3540.0
1753531712757,12:08:32.757,ANIME/USDT:USDT,0.019688,75.0,0.019685,534.0,0.019696,500.0,0.019697,3540.0
1753531712826,12:08:32.826,ANIME/USDT:USDT,0.019686,75.0,0.019685,534.0,0.019696,500.0,0.019697,3540.0
1753531713074,12:08:33.074,ANIME/USDT:USDT,0.019686,75.0,0.019685,534.0,0.019696,500.0,0.019697,3540.0
1753531713791,12:08:33.791,ANIME/USDT:USDT,0.019686,75.0,0.019685,267.0,0.019696,500.0,0.019697,3540.0
1753531713915,12:08:33.915,ANIME/USDT:USDT,0.019686,75.0,0.01968,1398.0,0.019696,500.0,0.019697,3540.0
1753531713951,12:08:33.951,ANIME/USDT:USDT,0.019681,1482.0,0.019679,1811.0,0.019696,500.0,0.019697,3540.0
1753531714382,12:08:34.382,ANIME/USDT:USDT,0.019681,1482.0,0.019679,1811.0,0.019696,500.0,0.019697,3540.0
1753531714774,12:08:34.774,ANIME/USDT:USDT,0.019681,1482.0,0.019679,1811.0,0.019696,500.0,0.019697,3540.0
1753531715592,12:08:35.592,ANIME/USDT:USDT,0.019681,1482.0,0.019678,6035.0,0.019696,1907.0,0.019697,3540.0
1753531715684,12:08:35.684,ANIME/USDT:USDT,0.019681,1482.0,0.019678,6035.0,0.019696,1907.0,0.019697,3540.0
1753531716012,12:08:36.012,ANIME/USDT:USDT,0.019681,1482.0,0.019678,6035.0,0.019696,1907.0,0.019697,3540.0
1753531716517,12:08:36.517,ANIME/USDT:USDT,0.019681,1482.0,0.019678,6035.0,0.019695,1407.0,0.019696,500.0
1753531716556,12:08:36.556,ANIME/USDT:USDT,0.019681,75.0,0.019679,2681.0,0.019695,1907.0,0.019696,500.0
1753531716627,12:08:36.627,ANIME/USDT:USDT,0.01968,75.0,0.019679,2681.0,0.019695,1907.0,0.019696,500.0
1753531716742,12:08:36.742,ANIME/USDT:USDT,0.01968,75.0,0.019679,2681.0,0.019695,1907.0,0.019696,500.0
1753531716838,12:08:36.838,ANIME/USDT:USDT,0.01968,75.0,0.019679,2681.0,0.019695,1907.0,0.019696,500.0
1753531716979,12:08:36.979,ANIME/USDT:USDT,0.01968,75.0,0.019679,2681.0,0.019694,1407.0,0.019696,500.0
1753531717134,12:08:37.134,ANIME/USDT:USDT,0.01968,75.0,0.019679,1407.0,0.019694,1407.0,0.019696,500.0
1753531717264,12:08:37.264,ANIME/USDT:USDT,0.01968,75.0,0.019679,1407.0,0.019694,1407.0,0.019696,500.0
1753531718080,12:08:38.080,ANIME/USDT:USDT,0.01968,75.0,0.019679,1407.0,0.019694,1907.0,0.019696,500.0
1753531718507,12:08:38.507,ANIME/USDT:USDT,0.01968,75.0,0.019679,1407.0,0.019694,1907.0,0.019696,500.0
1753531718919,12:08:38.919,ANIME/USDT:USDT,0.01968,75.0,0.019669,1403.0,0.019691,1407.0,0.019692,500.0
1753531718968,12:08:38.968,ANIME/USDT:USDT,0.019677,6035.0,0.019671,1407.0,0.019692,500.0,0.019693,767.0
1753531719084,12:08:39.084,ANIME/USDT:USDT,0.019678,1814.0,0.019677,6035.0,0.019692,1907.0,0.019693,767.0
1753531719181,12:08:39.181,ANIME/USDT:USDT,0.019678,1814.0,0.019677,6035.0,0.019692,1907.0,0.019693,767.0
1753531719223,12:08:39.223,ANIME/USDT:USDT,0.019678,1814.0,0.019677,6035.0,0.019692,1907.0,0.019693,767.0
1753531719411,12:08:39.411,ANIME/USDT:USDT,0.019678,1814.0,0.019677,6035.0,0.019692,1907.0,0.019693,767.0
1753531719839,12:08:39.839,ANIME/USDT:USDT,0.019678,1814.0,0.019677,6035.0,0.019692,1907.0,0.019693,767.0
1753531719956,12:08:39.956,ANIME/USDT:USDT,0.019678,1814.0,0.019677,6035.0,0.019692,1907.0,0.019693,767.0
1753531720165,12:08:40.165,ANIME/USDT:USDT,0.019678,1814.0,0.019677,6035.0,0.019692,1907.0,0.019693,767.0
1753531720311,12:08:40.311,ANIME/USDT:USDT,0.019678,256.0,0.019677,6035.0,0.019691,1429.0,0.019692,500.0
1753531720499,12:08:40.499,ANIME/USDT:USDT,0.019678,256.0,0.019677,6035.0,0.019691,1429.0,0.019692,500.0
1753531720653,12:08:40.653,ANIME/USDT:USDT,0.019678,256.0,0.019677,6035.0,0.019691,1429.0,0.019692,500.0
1753531720786,12:08:40.786,ANIME/USDT:USDT,0.019678,256.0,0.019676,1407.0,0.019691,1429.0,0.019692,500.0
1753531721015,12:08:41.015,ANIME/USDT:USDT,0.019678,256.0,0.019669,1403.0,0.019691,1429.0,0.019692,500.0
1753531721023,12:08:41.023,ANIME/USDT:USDT,0.019678,256.0,0.019669,1403.0,0.019691,1429.0,0.019692,500.0
1753531721122,12:08:41.122,ANIME/USDT:USDT,0.019678,256.0,0.019669,1403.0,0.019691,1429.0,0.019692,500.0
1753531721966,12:08:41.966,ANIME/USDT:USDT,0.019678,256.0,0.019669,1403.0,0.019691,1429.0,0.019692,500.0
1753531722401,12:08:42.401,ANIME/USDT:USDT,0.019678,256.0,0.019669,1403.0,0.019691,1429.0,0.019692,500.0
1753531723008,12:08:43.008,ANIME/USDT:USDT,0.019678,256.0,0.019669,1403.0,0.019691,1429.0,0.019692,500.0
1753531723021,12:08:43.021,ANIME/USDT:USDT,0.019678,256.0,0.019669,1403.0,0.019691,1429.0,0.019692,500.0
1753531723269,12:08:43.269,ANIME/USDT:USDT,0.019678,437.0,0.019677,353.0,0.019691,1429.0,0.019692,500.0
1753531723991,12:08:43.991,ANIME/USDT:USDT,0.019678,437.0,0.019677,353.0,0.019691,1429.0,0.019692,500.0
1753531724846,12:08:44.846,ANIME/USDT:USDT,0.019678,437.0,0.019677,353.0,0.019691,1429.0,0.019692,500.0
1753531725263,12:08:45.263,ANIME/USDT:USDT,0.019678,437.0,0.019677,353.0,0.019691,1429.0,0.019692,500.0
1753531725379,12:08:45.379,ANIME/USDT:USDT,0.019678,75.0,0.01967,500.0,0.01969,1429.0,0.019691,267.0
1753531725497,12:08:45.497,ANIME/USDT:USDT,0.019675,1992.0,0.019674,6035.0,0.01969,1429.0,0.019692,500.0
1753531725542,12:08:45.542,ANIME/USDT:USDT,0.019676,256.0,0.019675,1992.0,0.01969,1429.0,0.019692,500.0
1753531725689,12:08:45.689,ANIME/USDT:USDT,0.019676,1685.0,0.019675,1992.0,0.01969,1429.0,0.019692,500.0
1753531725727,12:08:45.727,ANIME/USDT:USDT,0.019677,1429.0,0.019676,256.0,0.019692,500.0,0.019693,767.0
1753531725826,12:08:45.826,ANIME/USDT:USDT,0.019678,75.0,0.019677,1429.0,0.019692,500.0,0.019693,767.0
1753531726112,12:08:46.112,ANIME/USDT:USDT,0.019678,75.0,0.019677,1429.0,0.019692,500.0,0.019693,767.0
1753531726161,12:08:46.161,ANIME/USDT:USDT,0.019678,75.0,0.019677,1429.0,0.019692,500.0,0.019693,767.0
1753531726502,12:08:46.502,ANIME/USDT:USDT,0.019678,75.0,0.019677,1429.0,0.019692,500.0,0.019693,767.0
1753531726553,12:08:46.553,ANIME/USDT:USDT,0.019678,75.0,0.019677,1429.0,0.019692,500.0,0.019693,767.0
1753531726985,12:08:46.985,ANIME/USDT:USDT,0.019678,75.0,0.019677,1429.0,0.019692,500.0,0.019693,767.0
1753531727135,12:08:47.135,ANIME/USDT:USDT,0.019678,75.0,0.019677,1429.0,0.019692,500.0,0.019693,767.0
1753531727711,12:08:47.711,ANIME/USDT:USDT,0.019678,75.0,0.019677,1429.0,0.019692,500.0,0.019693,767.0
1753531728017,12:08:48.017,ANIME/USDT:USDT,0.019678,1504.0,0.019676,181.0,0.019692,500.0,0.019693,767.0
1753531728025,12:08:48.025,ANIME/USDT:USDT,0.019678,1504.0,0.019676,181.0,0.019692,500.0,0.019693,767.0
1753531728778,12:08:48.778,ANIME/USDT:USDT,0.019678,1504.0,0.019676,181.0,0.019692,500.0,0.019693,767.0
1753531729009,12:08:49.009,ANIME/USDT:USDT,0.019678,1504.0,0.019676,181.0,0.019692,500.0,0.019693,767.0
1753531729042,12:08:49.042,ANIME/USDT:USDT,0.019678,1504.0,0.019676,181.0,0.019692,500.0,0.019693,767.0
1753531729904,12:08:49.904,ANIME/USDT:USDT,0.019678,1504.0,0.019676,181.0,0.019692,1929.0,0.019693,767.0
1753531730109,12:08:50.109,ANIME/USDT:USDT,0.019678,1504.0,0.019676,181.0,0.019691,1429.0,0.019692,500.0
1753531730162,12:08:50.162,ANIME/USDT:USDT,0.019678,75.0,0.019676,181.0,0.019691,1429.0,0.019692,500.0
1753531730242,12:08:50.242,ANIME/USDT:USDT,0.019677,75.0,0.019676,181.0,0.019691,1429.0,0.019692,500.0
1753531731063,12:08:51.063,ANIME/USDT:USDT,0.019677,75.0,0.019676,181.0,0.019691,1429.0,0.019692,500.0
1753531731142,12:08:51.142,ANIME/USDT:USDT,0.019677,75.0,0.019676,181.0,0.019691,1429.0,0.019692,500.0
1753531731476,12:08:51.476,ANIME/USDT:USDT,0.019677,75.0,0.019676,181.0,0.019691,1429.0,0.019692,500.0
1753531732006,12:08:52.006,ANIME/USDT:USDT,0.019677,75.0,0.019676,181.0,0.019691,1429.0,0.019692,500.0
1753531732022,12:08:52.022,ANIME/USDT:USDT,0.019677,75.0,0.019676,181.0,0.019691,1429.0,0.019692,500.0
1753531733008,12:08:53.008,ANIME/USDT:USDT,0.019677,75.0,0.019676,181.0,0.019691,1429.0,0.019692,500.0
1753531733021,12:08:53.021,ANIME/USDT:USDT,0.019677,75.0,0.019676,181.0,0.019691,1429.0,0.019692,500.0
1753531733578,12:08:53.578,ANIME/USDT:USDT,0.019677,75.0,0.019676,181.0,0.019691,1429.0,0.019692,500.0
1753531734006,12:08:54.006,ANIME/USDT:USDT,0.019677,75.0,0.019676,181.0,0.019691,1429.0,0.019692,500.0
1753531735277,12:08:55.277,ANIME/USDT:USDT,0.019677,75.0,0.019676,181.0,0.019691,1429.0,0.019692,500.0
1753531735618,12:08:55.618,ANIME/USDT:USDT,0.019677,75.0,0.019676,181.0,0.019691,1429.0,0.019692,500.0
1753531735919,12:08:55.919,ANIME/USDT:USDT,0.019677,75.0,0.019676,181.0,0.01969,1895.0,0.019691,1696.0
1753531736005,12:08:56.005,ANIME/USDT:USDT,0.019677,75.0,0.01967,500.0,0.019688,1395.0,0.019689,767.0
1753531736072,12:08:56.072,ANIME/USDT:USDT,0.019671,75.0,0.01967,500.0,0.019688,1395.0,0.019689,767.0
1753531736209,12:08:56.209,ANIME/USDT:USDT,0.019672,6035.0,0.019671,75.0,0.019688,1395.0,0.019689,767.0
1753531736233,12:08:56.233,ANIME/USDT:USDT,0.019673,256.0,0.019672,6035.0,0.019688,1395.0,0.019689,767.0
1753531736334,12:08:56.334,ANIME/USDT:USDT,0.019673,256.0,0.019672,6035.0,0.019688,1395.0,0.019689,767.0
1753531736772,12:08:56.772,ANIME/USDT:USDT,0.019673,256.0,0.019672,6035.0,0.019688,1395.0,0.019689,767.0
1753531736835,12:08:56.835,ANIME/USDT:USDT,0.019673,256.0,0.019672,6035.0,0.019688,1395.0,0.019689,767.0
1753531737188,12:08:57.188,ANIME/USDT:USDT,0.019673,256.0,0.019672,6035.0,0.019688,1395.0,0.019689,767.0
1753531738378,12:08:58.378,ANIME/USDT:USDT,0.019673,75.0,0.01967,500.0,0.019688,1395.0,0.019689,767.0
1753531738446,12:08:58.446,ANIME/USDT:USDT,0.019672,6035.0,0.019671,75.0,0.019688,1395.0,0.019689,767.0
1753531738542,12:08:58.542,ANIME/USDT:USDT,0.019673,256.0,0.019672,6035.0,0.019688,1395.0,0.019689,767.0
1753531738813,12:08:58.813,ANIME/USDT:USDT,0.019673,256.0,0.019672,6035.0,0.019688,1395.0,0.019689,767.0
1753531739316,12:08:59.316,ANIME/USDT:USDT,0.019673,75.0,0.01967,500.0,0.019688,1395.0,0.019689,767.0
1753531739327,12:08:59.327,ANIME/USDT:USDT,0.019671,75.0,0.01967,500.0,0.019688,1395.0,0.019689,767.0
1753531739639,12:08:59.639,ANIME/USDT:USDT,0.019671,75.0,0.01967,500.0,0.019688,1395.0,0.019689,767.0
1753531739781,12:08:59.781,ANIME/USDT:USDT,0.019672,6035.0,0.019671,75.0,0.019688,1395.0,0.019689,767.0
1753531739842,12:08:59.842,ANIME/USDT:USDT,0.019673,256.0,0.019672,6035.0,0.019688,1395.0,0.019689,767.0
1753531740018,12:09:00.018,ANIME/USDT:USDT,0.019673,256.0,0.01967,500.0,0.019688,1395.0,0.019689,767.0
1753531740057,12:09:00.057,ANIME/USDT:USDT,0.019673,75.0,0.01967,500.0,0.019687,1395.0,0.019688,267.0
1753531740127,12:09:00.127,ANIME/USDT:USDT,0.019671,75.0,0.01967,500.0,0.019687,1395.0,0.019688,267.0
1753531740301,12:09:00.301,ANIME/USDT:USDT,0.019671,75.0,0.01967,500.0,0.019687,1395.0,0.019688,267.0
1753531740476,12:09:00.476,ANIME/USDT:USDT,0.019671,75.0,0.01967,500.0,0.019687,1395.0,0.019688,267.0
1753531743179,12:09:03.179,ANIME/USDT:USDT,0.019671,75.0,0.01967,500.0,0.019687,1395.0,0.019689,767.0
1753531743299,12:09:03.299,ANIME/USDT:USDT,0.019671,75.0,0.01967,500.0,0.019687,1395.0,0.019689,767.0
1753531746145,12:09:06.145,ANIME/USDT:USDT,0.019684,1.0,0.019671,75.0,0.019687,1395.0,0.019688,267.0
1753531746317,12:09:06.317,ANIME/USDT:USDT,0.019671,75.0,0.01967,500.0,0.019687,1395.0,0.019688,267.0
1753531746324,12:09:06.324,ANIME/USDT:USDT,0.019671,75.0,0.01967,500.0,0.019687,1395.0,0.019688,267.0
1753531746539,12:09:06.539,ANIME/USDT:USDT,0.019671,75.0,0.01967,500.0,0.019687,1395.0,0.019688,267.0
1753531746723,12:09:06.723,ANIME/USDT:USDT,0.019671,75.0,0.01967,500.0,0.019687,1395.0,0.019688,267.0
1753531746969,12:09:06.969,ANIME/USDT:USDT,0.019671,75.0,0.01967,500.0,0.019687,1395.0,0.019688,267.0
1753531747022,12:09:07.022,ANIME/USDT:USDT,0.019671,245.0,0.01967,500.0,0.019687,1395.0,0.019688,267.0
1753531747626,12:09:07.626,ANIME/USDT:USDT,0.019671,415.0,0.01967,500.0,0.019687,1395.0,0.019688,267.0
1753531747797,12:09:07.797,ANIME/USDT:USDT,0.019671,415.0,0.01967,500.0,0.019687,1395.0,0.019688,267.0
1753531747978,12:09:07.978,ANIME/USDT:USDT,0.019671,415.0,0.01967,500.0,0.019687,1395.0,0.019688,267.0
1753531750373,12:09:10.373,ANIME/USDT:USDT,0.019671,415.0,0.01967,500.0,0.019687,1395.0,0.019688,267.0
1753531752778,12:09:12.778,ANIME/USDT:USDT,0.019671,415.0,0.01967,500.0,0.019687,1395.0,0.019688,267.0
1753531755643,12:09:15.643,ANIME/USDT:USDT,0.019671,415.0,0.01967,500.0,0.019686,1428.0,0.019687,500.0
1753531755775,12:09:15.775,ANIME/USDT:USDT,0.019671,415.0,0.01967,500.0,0.019686,1428.0,0.019687,500.0
1753531755871,12:09:15.871,ANIME/USDT:USDT,0.019671,415.0,0.01967,500.0,0.019686,1428.0,0.019687,500.0
1753531756406,12:09:16.406,ANIME/USDT:USDT,0.019671,75.0,0.019666,500.0,0.019685,1428.0,0.019686,1695.0
1753531756506,12:09:16.506,ANIME/USDT:USDT,0.019667,75.0,0.019666,500.0,0.019681,1695.0,0.019682,267.0
1753531756612,12:09:16.612,ANIME/USDT:USDT,0.019667,75.0,0.019663,1407.0,0.01968,1428.0,0.019681,267.0
1753531756694,12:09:16.694,ANIME/USDT:USDT,0.019664,75.0,0.019661,3195.0,0.01968,1428.0,0.019681,267.0
1753531756761,12:09:16.761,ANIME/USDT:USDT,0.019662,75.0,0.019661,3195.0,0.01968,1428.0,0.019681,267.0
1753531756824,12:09:16.824,ANIME/USDT:USDT,0.019662,75.0,0.019661,3195.0,0.01968,1428.0,0.019681,267.0
1753531757006,12:09:17.006,ANIME/USDT:USDT,0.019662,1503.0,0.019661,3195.0,0.01968,1428.0,0.019681,267.0
1753531757108,12:09:17.108,ANIME/USDT:USDT,0.019662,1503.0,0.019661,1811.0,0.01968,1428.0,0.019681,267.0
1753531757183,12:09:17.183,ANIME/USDT:USDT,0.019662,1503.0,0.01966,2239.0,0.01968,1428.0,0.019681,267.0
1753531757601,12:09:17.601,ANIME/USDT:USDT,0.019662,1503.0,0.01966,2239.0,0.01968,1428.0,0.019681,267.0
1753531757706,12:09:17.706,ANIME/USDT:USDT,0.019662,1503.0,0.01966,2239.0,0.01968,1428.0,0.019681,267.0
1753531758003,12:09:18.003,ANIME/USDT:USDT,0.019662,1503.0,0.01966,2239.0,0.01968,1428.0,0.019681,267.0
1753531758084,12:09:18.084,ANIME/USDT:USDT,0.019662,75.0,0.01966,2239.0,0.01968,1428.0,0.019681,267.0
1753531758127,12:09:18.127,ANIME/USDT:USDT,0.019661,75.0,0.01966,2239.0,0.01968,1428.0,0.019681,267.0
1753531758377,12:09:18.377,ANIME/USDT:USDT,0.019661,75.0,0.01966,2239.0,0.01968,1428.0,0.019681,267.0
1753531759198,12:09:19.198,ANIME/USDT:USDT,0.019661,75.0,0.01966,2239.0,0.01968,1428.0,0.019681,267.0
1753531760606,12:09:20.606,ANIME/USDT:USDT,0.019661,75.0,0.01966,2239.0,0.019679,1371.0,0.01968,1928.0
1753531760735,12:09:20.735,ANIME/USDT:USDT,0.019661,75.0,0.01966,2239.0,0.019679,1371.0,0.01968,500.0
1753531760883,12:09:20.883,ANIME/USDT:USDT,0.019661,75.0,0.01966,2239.0,0.019679,1371.0,0.01968,500.0
1753531762103,12:09:22.103,ANIME/USDT:USDT,0.019661,75.0,0.01966,2239.0,0.019679,1371.0,0.01968,500.0
1753531762166,12:09:22.166,ANIME/USDT:USDT,0.019661,75.0,0.019659,6035.0,0.019679,1371.0,0.01968,500.0
1753531762231,12:09:22.231,ANIME/USDT:USDT,0.01966,75.0,0.019659,6035.0,0.019679,1371.0,0.01968,500.0
1753531762379,12:09:22.379,ANIME/USDT:USDT,0.01966,75.0,0.019659,6035.0,0.019679,1371.0,0.01968,500.0
1753531763017,12:09:23.017,ANIME/USDT:USDT,0.01966,75.0,0.019659,6035.0,0.019679,1371.0,0.01968,500.0
1753531763571,12:09:23.571,ANIME/USDT:USDT,0.01966,75.0,0.019659,6035.0,0.019678,1371.0,0.019679,58.0
1753531763704,12:09:23.704,ANIME/USDT:USDT,0.01966,75.0,0.019659,6035.0,0.019678,1371.0,0.019679,58.0
1753531763728,12:09:23.728,ANIME/USDT:USDT,0.01966,75.0,0.019659,6035.0,0.019678,1371.0,0.019679,58.0
1753531763867,12:09:23.867,ANIME/USDT:USDT,0.01966,75.0,0.019659,6035.0,0.019678,1371.0,0.019679,58.0
1753531764706,12:09:24.706,ANIME/USDT:USDT,0.01966,75.0,0.019657,1371.0,0.019678,1371.0,0.019679,58.0
1753531764801,12:09:24.801,ANIME/USDT:USDT,0.01966,75.0,0.01965,1406.0,0.019678,1371.0,0.019679,58.0
1753531764904,12:09:24.904,ANIME/USDT:USDT,0.01966,35.0,0.019658,35.0,0.019678,1371.0,0.019679,58.0
1753531764991,12:09:24.991,ANIME/USDT:USDT,0.01966,35.0,0.019658,40.0,0.019678,1371.0,0.019679,58.0
1753531765109,12:09:25.109,ANIME/USDT:USDT,0.019657,1371.0,0.019656,1811.0,0.019675,1371.0,0.019676,2348.0
1753531765218,12:09:25.218,ANIME/USDT:USDT,0.019659,1371.0,0.019658,245.0,0.019674,1371.0,0.019675,267.0
1753531765297,12:09:25.297,ANIME/USDT:USDT,0.01966,75.0,0.019659,1371.0,0.019674,1371.0,0.019675,267.0
1753531765322,12:09:25.322,ANIME/USDT:USDT,0.01966,75.0,0.019659,1371.0,0.019674,1371.0,0.019675,267.0
1753531765511,12:09:25.511,ANIME/USDT:USDT,0.01966,75.0,0.019659,1371.0,0.019674,1371.0,0.019675,267.0
1753531765571,12:09:25.571,ANIME/USDT:USDT,0.01966,75.0,0.019659,1371.0,0.019674,1371.0,0.019675,267.0
1753531765773,12:09:25.773,ANIME/USDT:USDT,0.01966,75.0,0.019659,1371.0,0.019674,1371.0,0.019675,267.0
1753531766008,12:09:26.008,ANIME/USDT:USDT,0.01966,75.0,0.019659,1371.0,0.019674,1371.0,0.019675,267.0
1753531766042,12:09:26.042,ANIME/USDT:USDT,0.01966,75.0,0.019659,1371.0,0.019674,1371.0,0.019675,267.0
1753531766159,12:09:26.159,ANIME/USDT:USDT,0.01966,75.0,0.019659,1371.0,0.019674,1371.0,0.019675,267.0
1753531766309,12:09:26.309,ANIME/USDT:USDT,0.01966,75.0,0.019659,1638.0,0.019674,1371.0,0.019675,267.0
1753531766648,12:09:26.648,ANIME/USDT:USDT,0.01966,75.0,0.019659,1371.0,0.019674,1371.0,0.019675,267.0
1753531766911,12:09:26.911,ANIME/USDT:USDT,0.01966,75.0,0.019659,1371.0,0.019674,1371.0,0.019675,267.0
1753531767202,12:09:27.202,ANIME/USDT:USDT,0.01966,75.0,0.019659,1371.0,0.019674,1371.0,0.019675,267.0
1753531767226,12:09:27.226,ANIME/USDT:USDT,0.01966,75.0,0.019659,1371.0,0.019674,1371.0,0.019675,267.0
1753531767504,12:09:27.504,ANIME/USDT:USDT,0.01966,75.0,0.019659,1371.0,0.019673,1371.0,0.019674,500.0
1753531767572,12:09:27.572,ANIME/USDT:USDT,0.01966,75.0,0.019655,6035.0,0.019671,1371.0,0.019672,267.0
1753531767707,12:09:27.707,ANIME/USDT:USDT,0.019656,1786.0,0.019655,6035.0,0.019671,1371.0,0.019672,267.0
1753531767916,12:09:27.916,ANIME/USDT:USDT,0.019657,1371.0,0.019656,415.0,0.019671,1371.0,0.019672,267.0
1753531768087,12:09:28.087,ANIME/USDT:USDT,0.019658,35.0,0.019656,35.0,0.019671,1371.0,0.019672,267.0
1753531768159,12:09:28.159,ANIME/USDT:USDT,0.019656,35.0,0.019655,6035.0,0.019671,1371.0,0.019672,267.0
1753531768295,12:09:28.295,ANIME/USDT:USDT,0.019658,40.0,0.019656,35.0,0.019671,1371.0,0.019672,267.0
1753531768352,12:09:28.352,ANIME/USDT:USDT,0.019656,75.0,0.019655,6035.0,0.019671,1371.0,0.019672,267.0
1753531768512,12:09:28.512,ANIME/USDT:USDT,0.019657,1371.0,0.019656,415.0,0.019671,1371.0,0.019673,500.0
1753531768528,12:09:28.528,ANIME/USDT:USDT,0.019658,75.0,0.019657,1371.0,0.019671,1371.0,0.019673,500.0
1753531768941,12:09:28.941,ANIME/USDT:USDT,0.019658,75.0,0.019657,1371.0,0.019671,1371.0,0.019673,500.0
1753531769064,12:09:29.064,ANIME/USDT:USDT,0.019658,75.0,0.019657,1371.0,0.019671,1371.0,0.019673,500.0
1753531769343,12:09:29.343,ANIME/USDT:USDT,0.019658,75.0,0.019657,1371.0,0.019671,1371.0,0.019673,500.0
1753531769467,12:09:29.467,ANIME/USDT:USDT,0.019658,75.0,0.019657,1371.0,0.019671,1371.0,0.019674,500.0
1753531769931,12:09:29.931,ANIME/USDT:USDT,0.019658,1446.0,0.019656,340.0,0.019671,1371.0,0.019674,500.0
1753531770022,12:09:30.022,ANIME/USDT:USDT,0.019658,1446.0,0.019656,340.0,0.019671,1638.0,0.019672,267.0
1753531770160,12:09:30.160,ANIME/USDT:USDT,0.019658,1446.0,0.019656,340.0,0.019671,1638.0,0.019672,267.0
1753531770403,12:09:30.403,ANIME/USDT:USDT,0.019658,1446.0,0.019656,340.0,0.019671,1638.0,0.019672,534.0
1753531770455,12:09:30.455,ANIME/USDT:USDT,0.019658,1446.0,0.019656,340.0,0.019671,1638.0,0.019672,534.0
1753531771008,12:09:31.008,ANIME/USDT:USDT,0.019658,75.0,0.019656,340.0,0.01967,1370.0,0.019671,267.0
1753531771027,12:09:31.027,ANIME/USDT:USDT,0.019657,75.0,0.01965,1406.0,0.01967,1370.0,0.019671,267.0
1753531771141,12:09:31.141,ANIME/USDT:USDT,0.019655,6035.0,0.019651,75.0,0.01967,1370.0,0.019671,267.0
1753531771294,12:09:31.294,ANIME/USDT:USDT,0.019656,469.0,0.019655,6035.0,0.01967,1370.0,0.019671,267.0
1753531771396,12:09:31.396,ANIME/USDT:USDT,0.019656,469.0,0.019655,6035.0,0.01967,1370.0,0.019671,267.0
1753531771519,12:09:31.519,ANIME/USDT:USDT,0.019656,469.0,0.019655,6035.0,0.01967,1370.0,0.019671,267.0
1753531771553,12:09:31.553,ANIME/USDT:USDT,0.019656,469.0,0.019655,6035.0,0.01967,1370.0,0.019671,267.0
1753531771632,12:09:31.632,ANIME/USDT:USDT,0.019656,469.0,0.019655,6035.0,0.01967,1370.0,0.019671,267.0
1753531771722,12:09:31.722,ANIME/USDT:USDT,0.019656,469.0,0.019655,6035.0,0.01967,1370.0,0.019671,267.0
1753531772004,12:09:32.004,ANIME/USDT:USDT,0.019656,469.0,0.019655,6035.0,0.01967,1370.0,0.019671,267.0
1753531772182,12:09:32.182,ANIME/USDT:USDT,0.019656,1839.0,0.019655,6035.0,0.01967,1370.0,0.019671,267.0
1753531772699,12:09:32.699,ANIME/USDT:USDT,0.019657,1370.0,0.019656,469.0,0.019671,267.0,0.019672,534.0
1753531772752,12:09:32.752,ANIME/USDT:USDT,0.019658,75.0,0.019657,1370.0,0.019671,267.0,0.019672,534.0
1753531772881,12:09:32.881,ANIME/USDT:USDT,0.019658,75.0,0.01965,1406.0,0.01967,1370.0,0.019671,267.0
1753531772979,12:09:32.979,ANIME/USDT:USDT,0.019658,75.0,0.01965,1406.0,0.01967,1370.0,0.019671,267.0
1753531773116,12:09:33.116,ANIME/USDT:USDT,0.019651,75.0,0.01965,1406.0,0.01967,1370.0,0.019671,267.0
1753531773201,12:09:33.201,ANIME/USDT:USDT,0.019651,75.0,0.019644,1412.0,0.01967,1370.0,0.019671,267.0
1753531773318,12:09:33.318,ANIME/USDT:USDT,0.019651,35.0,0.019645,40.0,0.019666,1370.0,0.019667,767.0
1753531773414,12:09:33.414,ANIME/USDT:USDT,0.019646,1370.0,0.019645,40.0,0.019664,1370.0,0.019665,500.0
1753531773516,12:09:33.516,ANIME/USDT:USDT,0.019646,1370.0,0.019645,40.0,0.019665,500.0,0.019666,500.0
1753531773611,12:09:33.611,ANIME/USDT:USDT,0.019651,1764.0,0.01965,674.0,0.019665,500.0,0.019666,500.0
1753531773717,12:09:33.717,ANIME/USDT:USDT,0.019652,1370.0,0.019651,394.0,0.019665,500.0,0.019666,500.0
1753531773818,12:09:33.818,ANIME/USDT:USDT,0.019652,1370.0,0.019651,394.0,0.019665,500.0,0.019666,767.0
1753531773820,12:09:33.820,ANIME/USDT:USDT,0.019652,1370.0,0.019651,394.0,0.019665,500.0,0.019666,500.0
1753531774012,12:09:34.012,ANIME/USDT:USDT,0.019652,1370.0,0.019651,394.0,0.019665,500.0,0.019666,767.0
1753531774065,12:09:34.065,ANIME/USDT:USDT,0.019653,1445.0,0.019651,394.0,0.019665,500.0,0.019666,767.0
1753531774204,12:09:34.204,ANIME/USDT:USDT,0.019653,75.0,0.019646,1370.0,0.019664,1370.0,0.019665,767.0
1753531774282,12:09:34.282,ANIME/USDT:USDT,0.019647,1642.0,0.019641,5257.0,0.019664,1370.0,0.019665,767.0
1753531774517,12:09:34.517,ANIME/USDT:USDT,0.019647,1642.0,0.019641,5257.0,0.019664,1370.0,0.019665,767.0
1753531774603,12:09:34.603,ANIME/USDT:USDT,0.019649,1370.0,0.019648,197.0,0.019664,1370.0,0.019665,767.0
1753531774706,12:09:34.706,ANIME/USDT:USDT,0.01965,1445.0,0.019648,197.0,0.019664,1370.0,0.019665,767.0
1753531774760,12:09:34.760,ANIME/USDT:USDT,0.019651,1370.0,0.01965,1445.0,0.019665,767.0,0.019666,1034.0
1753531774875,12:09:34.875,ANIME/USDT:USDT,0.019652,75.0,0.019651,1370.0,0.019665,767.0,0.019666,1034.0
1753531774949,12:09:34.949,ANIME/USDT:USDT,0.019652,75.0,0.019651,1370.0,0.019665,767.0,0.019666,1034.0
1753531775103,12:09:35.103,ANIME/USDT:USDT,0.019653,1567.0,0.019652,609.0,0.019665,500.0,0.019666,767.0
1753531775133,12:09:35.133,ANIME/USDT:USDT,0.019654,75.0,0.019653,1567.0,0.019665,500.0,0.019666,767.0
1753531775412,12:09:35.412,ANIME/USDT:USDT,0.019654,75.0,0.019653,1567.0,0.019665,500.0,0.019666,267.0
1753531775465,12:09:35.465,ANIME/USDT:USDT,0.019654,75.0,0.019653,1567.0,0.019665,500.0,0.019666,267.0
1753531775555,12:09:35.555,ANIME/USDT:USDT,0.019654,75.0,0.019653,1567.0,0.019665,500.0,0.019666,267.0
1753531775801,12:09:35.801,ANIME/USDT:USDT,0.019654,75.0,0.019653,1567.0,0.019665,500.0,0.019666,267.0
1753531775961,12:09:35.961,ANIME/USDT:USDT,0.019654,1445.0,0.019653,197.0,0.019665,500.0,0.019666,267.0
1753531776281,12:09:36.281,ANIME/USDT:USDT,0.019654,1445.0,0.019653,197.0,0.019665,500.0,0.019666,267.0
1753531776400,12:09:36.400,ANIME/USDT:USDT,0.019655,1370.0,0.019654,1445.0,0.019665,500.0,0.019666,267.0
1753531776495,12:09:36.495,ANIME/USDT:USDT,0.019656,75.0,0.019655,1370.0,0.019665,500.0,0.019666,267.0
1753531776543,12:09:36.543,ANIME/USDT:USDT,0.019656,75.0,0.019655,1370.0,0.019665,500.0,0.019666,267.0
1753531776686,12:09:36.686,ANIME/USDT:USDT,0.019657,1567.0,0.019656,1782.0,0.019665,500.0,0.019666,267.0
1753531776727,12:09:36.727,ANIME/USDT:USDT,0.019658,75.0,0.019657,1567.0,0.019665,500.0,0.019666,267.0
1753531776889,12:09:36.889,ANIME/USDT:USDT,0.019658,75.0,0.019657,1567.0,0.019665,500.0,0.019673,500.0
1753531776938,12:09:36.938,ANIME/USDT:USDT,0.019658,75.0,0.019657,1567.0,0.019665,500.0,0.019673,500.0
1753531777103,12:09:37.103,ANIME/USDT:USDT,0.019658,75.0,0.019657,1567.0,0.019665,500.0,0.019669,534.0
1753531777409,12:09:37.409,ANIME/USDT:USDT,0.019658,75.0,0.019657,1370.0,0.019665,500.0,0.019669,534.0
1753531777449,12:09:37.449,ANIME/USDT:USDT,0.019658,75.0,0.019657,1370.0,0.019665,1034.0,0.019666,534.0
1753531777691,12:09:37.691,ANIME/USDT:USDT,0.019658,75.0,0.019651,1370.0,0.019665,1034.0,0.019666,534.0
1753531777788,12:09:37.788,ANIME/USDT:USDT,0.019653,1370.0,0.019652,342.0,0.019665,1034.0,0.019666,534.0
1753531777903,12:09:37.903,ANIME/USDT:USDT,0.019656,1370.0,0.019655,197.0,0.019665,767.0,0.019666,267.0
1753531777999,12:09:37.999,ANIME/USDT:USDT,0.019657,75.0,0.019656,1637.0,0.019665,767.0,0.019666,267.0
1753531778379,12:09:38.379,ANIME/USDT:USDT,0.019657,75.0,0.019656,1637.0,0.019665,767.0,0.019666,267.0
1753531778447,12:09:38.447,ANIME/USDT:USDT,0.019657,75.0,0.019656,1637.0,0.019665,767.0,0.019666,267.0
1753531778609,12:09:38.609,ANIME/USDT:USDT,0.019658,1370.0,0.019657,75.0,0.019665,500.0,0.019673,500.0
1753531778644,12:09:38.644,ANIME/USDT:USDT,0.019659,272.0,0.019658,1707.0,0.019665,500.0,0.019673,500.0
1753531778863,12:09:38.863,ANIME/USDT:USDT,0.019659,272.0,0.019658,1707.0,0.019665,500.0,0.019673,500.0
1753531779216,12:09:39.216,ANIME/USDT:USDT,0.019659,272.0,0.019658,1707.0,0.019665,500.0,0.019669,267.0
1753531779298,12:09:39.298,ANIME/USDT:USDT,0.019659,272.0,0.019658,1707.0,0.019665,500.0,0.019669,267.0
1753531779401,12:09:39.401,ANIME/USDT:USDT,0.019659,272.0,0.019658,1707.0,0.019669,267.0,0.01967,267.0
1753531779743,12:09:39.743,ANIME/USDT:USDT,0.019659,272.0,0.019658,1707.0,0.019669,267.0,0.01967,267.0
1753531780169,12:09:40.169,ANIME/USDT:USDT,0.019659,272.0,0.019658,1707.0,0.019669,267.0,0.01967,267.0
1753531780345,12:09:40.345,ANIME/USDT:USDT,0.019659,1671.0,0.019658,337.0,0.019669,267.0,0.01967,267.0
1753531780589,12:09:40.589,ANIME/USDT:USDT,0.019659,1671.0,0.019658,337.0,0.019669,267.0,0.01967,267.0
1753531780979,12:09:40.979,ANIME/USDT:USDT,0.01966,1399.0,0.019659,1671.0,0.019669,267.0,0.01967,267.0
1753531781119,12:09:41.119,ANIME/USDT:USDT,0.019662,1399.0,0.019661,75.0,0.019673,500.0,0.019675,500.0
1753531781189,12:09:41.189,ANIME/USDT:USDT,0.019663,272.0,0.019662,1736.0,0.019673,500.0,0.019674,267.0
1753531781250,12:09:41.250,ANIME/USDT:USDT,0.019663,272.0,0.019662,1736.0,0.019673,500.0,0.019674,267.0
1753531781419,12:09:41.419,ANIME/USDT:USDT,0.019663,272.0,0.019662,1736.0,0.019673,500.0,0.019674,267.0
1753531781442,12:09:41.442,ANIME/USDT:USDT,0.019663,272.0,0.019662,1736.0,0.019673,500.0,0.019674,267.0
1753531781610,12:09:41.610,ANIME/USDT:USDT,0.019663,1671.0,0.019662,337.0,0.019673,500.0,0.019674,267.0
1753531781742,12:09:41.742,ANIME/USDT:USDT,0.019663,1671.0,0.019662,337.0,0.019673,500.0,0.019674,267.0
1753531781892,12:09:41.892,ANIME/USDT:USDT,0.019665,1399.0,0.019664,197.0,0.019673,500.0,0.019674,267.0
1753531782019,12:09:42.019,ANIME/USDT:USDT,0.019665,1399.0,0.019664,197.0,0.019673,500.0,0.019674,267.0
1753531782076,12:09:42.076,ANIME/USDT:USDT,0.019665,1399.0,0.019664,197.0,0.019673,500.0,0.019674,267.0
1753531782189,12:09:42.189,ANIME/USDT:USDT,0.019665,1399.0,0.019664,197.0,0.019673,500.0,0.019674,267.0
1753531782248,12:09:42.248,ANIME/USDT:USDT,0.019665,1399.0,0.019664,197.0,0.019673,500.0,0.019674,267.0
1753531782359,12:09:42.359,ANIME/USDT:USDT,0.019666,75.0,0.019665,1399.0,0.019673,500.0,0.019674,267.0
1753531782441,12:09:42.441,ANIME/USDT:USDT,0.019666,75.0,0.019665,1399.0,0.019673,500.0,0.019674,267.0
1753531782601,12:09:42.601,ANIME/USDT:USDT,0.019666,1474.0,0.019664,197.0,0.019674,267.0,0.01968,500.0
1753531782674,12:09:42.674,ANIME/USDT:USDT,0.019666,1474.0,0.019664,197.0,0.019674,267.0,0.01968,500.0
1753531783003,12:09:43.003,ANIME/USDT:USDT,0.019666,1474.0,0.019664,197.0,0.019674,267.0,0.01968,500.0
1753531783093,12:09:43.093,ANIME/USDT:USDT,0.019666,1474.0,0.019664,197.0,0.019674,267.0,0.01968,500.0
1753531783179,12:09:43.179,ANIME/USDT:USDT,0.019666,1474.0,0.019664,197.0,0.019674,267.0,0.01968,500.0
1753531783311,12:09:43.311,ANIME/USDT:USDT,0.019666,75.0,0.019663,197.0,0.019674,267.0,0.019677,267.0
1753531783345,12:09:43.345,ANIME/USDT:USDT,0.019664,75.0,0.019652,500.0,0.019674,267.0,0.019677,267.0
1753531783510,12:09:43.510,ANIME/USDT:USDT,0.019659,6035.0,0.019653,1474.0,0.019674,267.0,0.01968,1899.0
1753531783586,12:09:43.586,ANIME/USDT:USDT,0.01966,469.0,0.019659,6035.0,0.019674,267.0,0.01968,1899.0
1753531783707,12:09:43.707,ANIME/USDT:USDT,0.01966,75.0,0.019653,1399.0,0.019673,1921.0,0.019674,534.0
1753531783764,12:09:43.764,ANIME/USDT:USDT,0.019655,1399.0,0.019654,75.0,0.019672,1899.0,0.019673,522.0
1753531783899,12:09:43.899,ANIME/USDT:USDT,0.019657,1596.0,0.019656,272.0,0.019672,1899.0,0.019673,522.0
1753531784006,12:09:44.006,ANIME/USDT:USDT,0.019658,75.0,0.019657,1596.0,0.019672,1899.0,0.019673,522.0
1753531784058,12:09:44.058,ANIME/USDT:USDT,0.019658,75.0,0.019657,1596.0,0.019672,1899.0,0.019673,522.0
1753531784243,12:09:44.243,ANIME/USDT:USDT,0.019658,75.0,0.019657,1596.0,0.019672,1899.0,0.019673,522.0
1753531784342,12:09:44.342,ANIME/USDT:USDT,0.019658,75.0,0.019657,1596.0,0.019672,1899.0,0.019673,522.0
1753531784492,12:09:44.492,ANIME/USDT:USDT,0.019658,75.0,0.019657,1596.0,0.019672,1899.0,0.019673,522.0
1753531785331,12:09:45.331,ANIME/USDT:USDT,0.019658,75.0,0.019657,1596.0,0.019672,1899.0,0.019673,522.0
1753531785441,12:09:45.441,ANIME/USDT:USDT,0.019658,75.0,0.019657,1596.0,0.019672,1899.0,0.019673,522.0
1753531785546,12:09:45.546,ANIME/USDT:USDT,0.019658,1474.0,0.019657,1596.0,0.019672,1899.0,0.019673,522.0
1753531785699,12:09:45.699,ANIME/USDT:USDT,0.019658,1474.0,0.019657,197.0,0.019672,1899.0,0.019673,522.0
1753531786262,12:09:46.262,ANIME/USDT:USDT,0.019659,1399.0,0.019658,75.0,0.019672,500.0,0.019673,522.0
1753531786342,12:09:46.342,ANIME/USDT:USDT,0.01966,272.0,0.019659,1736.0,0.019672,500.0,0.019673,522.0
1753531786562,12:09:46.562,ANIME/USDT:USDT,0.019661,1596.0,0.01966,609.0,0.019672,500.0,0.019673,500.0
1753531786627,12:09:46.627,ANIME/USDT:USDT,0.019662,75.0,0.019661,1596.0,0.019672,500.0,0.019673,500.0
1753531786782,12:09:46.782,ANIME/USDT:USDT,0.019662,1474.0,0.019661,197.0,0.019672,500.0,0.019673,500.0
1753531787018,12:09:47.018,ANIME/USDT:USDT,0.019662,1474.0,0.019661,197.0,0.019672,500.0,0.019673,500.0
1753531787307,12:09:47.307,ANIME/USDT:USDT,0.019662,1474.0,0.019661,197.0,0.019678,1899.0,0.019679,500.0
1753531787419,12:09:47.419,ANIME/USDT:USDT,0.019662,1474.0,0.019661,197.0,0.019677,2166.0,0.019678,1899.0
1753531787473,12:09:47.473,ANIME/USDT:USDT,0.019662,1474.0,0.019661,197.0,0.019677,2166.0,0.019678,500.0
1753531787849,12:09:47.849,ANIME/USDT:USDT,0.019663,1399.0,0.019662,75.0,0.019677,1052.0,0.019678,500.0
1753531787981,12:09:47.981,ANIME/USDT:USDT,0.019664,272.0,0.019663,1736.0,0.019677,1052.0,0.019678,500.0
1753531788042,12:09:48.042,ANIME/USDT:USDT,0.019664,272.0,0.019663,1736.0,0.019677,1052.0,0.019678,500.0
1753531788234,12:09:48.234,ANIME/USDT:USDT,0.019664,272.0,0.019663,1736.0,0.019677,1052.0,0.019678,500.0
1753531789057,12:09:49.057,ANIME/USDT:USDT,0.019664,272.0,0.019663,1736.0,0.019677,1052.0,0.019678,500.0
1753531789244,12:09:49.244,ANIME/USDT:USDT,0.019664,272.0,0.019663,1736.0,0.019677,552.0,0.019679,500.0
1753531789481,12:09:49.481,ANIME/USDT:USDT,0.019664,272.0,0.019663,1736.0,0.019677,552.0,0.019679,500.0
1753531791419,12:09:51.419,ANIME/USDT:USDT,0.019664,272.0,0.019663,1736.0,0.019677,552.0,0.019679,500.0
1753531791490,12:09:51.490,ANIME/USDT:USDT,0.019664,75.0,0.019661,197.0,0.019676,1409.0,0.019677,534.0
1753531791602,12:09:51.602,ANIME/USDT:USDT,0.019662,1640.0,0.019661,197.0,0.019676,18.0,0.019677,534.0
1753531791917,12:09:51.917,ANIME/USDT:USDT,0.019662,1640.0,0.019661,197.0,0.019676,18.0,0.019677,534.0
1753531792003,12:09:52.003,ANIME/USDT:USDT,0.019662,1640.0,0.019661,197.0,0.019676,18.0,0.019677,534.0
1753531792112,12:09:52.112,ANIME/USDT:USDT,0.019662,1640.0,0.019661,197.0,0.019676,18.0,0.019677,534.0
1753531792173,12:09:52.173,ANIME/USDT:USDT,0.019662,1640.0,0.019661,197.0,0.019676,18.0,0.019677,534.0
1753531792558,12:09:52.558,ANIME/USDT:USDT,0.019662,1640.0,0.019661,197.0,0.019676,18.0,0.019677,534.0
1753531792782,12:09:52.782,ANIME/USDT:USDT,0.019662,1640.0,0.019661,197.0,0.019676,18.0,0.019677,534.0
1753531792822,12:09:52.822,ANIME/USDT:USDT,0.019662,1640.0,0.019661,197.0,0.019676,18.0,0.019677,534.0
1753531794710,12:09:54.710,ANIME/USDT:USDT,0.019662,1640.0,0.019661,197.0,0.019676,18.0,0.019677,534.0
1753531794721,12:09:54.721,ANIME/USDT:USDT,0.019662,1640.0,0.019661,197.0,0.019676,18.0,0.019677,534.0
1753531796004,12:09:56.004,ANIME/USDT:USDT,0.019662,1640.0,0.019661,197.0,0.019676,18.0,0.019677,534.0
1753531796394,12:09:56.394,ANIME/USDT:USDT,0.019662,1640.0,0.019661,197.0,0.019676,18.0,0.019677,534.0
1753531797194,12:09:57.194,ANIME/USDT:USDT,0.019663,1368.0,0.019662,272.0,0.019676,18.0,0.019677,534.0
1753531797252,12:09:57.252,ANIME/USDT:USDT,0.019664,1443.0,0.019662,197.0,0.019676,18.0,0.019677,534.0
1753531797596,12:09:57.596,ANIME/USDT:USDT,0.019664,1443.0,0.019662,197.0,0.019676,18.0,0.019677,534.0
1753531798414,12:09:58.414,ANIME/USDT:USDT,0.019664,1443.0,0.019662,197.0,0.019676,18.0,0.019677,534.0
1753531798659,12:09:58.659,ANIME/USDT:USDT,0.019664,1443.0,0.019662,197.0,0.019676,18.0,0.019677,534.0
1753531798837,12:09:58.837,ANIME/USDT:USDT,0.019664,1443.0,0.019662,197.0,0.019676,18.0,0.019677,534.0
1753531800069,12:10:00.069,ANIME/USDT:USDT,0.019665,1588.0,0.019664,388.0,0.019676,18.0,0.019677,534.0
1753531800127,12:10:00.127,ANIME/USDT:USDT,0.019666,75.0,0.019665,1588.0,0.019676,18.0,0.019677,534.0
1753531800489,12:10:00.489,ANIME/USDT:USDT,0.019666,75.0,0.019665,1588.0,0.019676,18.0,0.019677,534.0
1753531800540,12:10:00.540,ANIME/USDT:USDT,0.019666,75.0,0.019665,1368.0,0.019676,18.0,0.019677,534.0
1753531801004,12:10:01.004,ANIME/USDT:USDT,0.019666,75.0,0.019665,1368.0,0.019676,18.0,0.019677,534.0
1753531801121,12:10:01.121,ANIME/USDT:USDT,0.019666,75.0,0.019665,1368.0,0.019676,18.0,0.019677,534.0
1753531801309,12:10:01.309,ANIME/USDT:USDT,0.019666,75.0,0.019665,1368.0,0.019676,18.0,0.019677,534.0
1753531801458,12:10:01.458,ANIME/USDT:USDT,0.019666,75.0,0.019665,1368.0,0.019676,18.0,0.019677,534.0
1753531802125,12:10:02.125,ANIME/USDT:USDT,0.019666,75.0,0.019665,1368.0,0.019676,18.0,0.019677,534.0
1753531802223,12:10:02.223,ANIME/USDT:USDT,0.019666,75.0,0.019665,1609.0,0.019676,18.0,0.019677,534.0
1753531802380,12:10:02.380,ANIME/USDT:USDT,0.019666,75.0,0.019665,1609.0,0.019676,18.0,0.019677,534.0
1753531803213,12:10:03.213,ANIME/USDT:USDT,0.019666,75.0,0.019665,1609.0,0.019676,18.0,0.019677,534.0
1753531803603,12:10:03.603,ANIME/USDT:USDT,0.019666,75.0,0.019662,197.0,0.019676,18.0,0.019677,534.0
1753531803630,12:10:03.630,ANIME/USDT:USDT,0.019663,75.0,0.019662,197.0,0.019676,18.0,0.019677,534.0
1753531803750,12:10:03.750,ANIME/USDT:USDT,0.019663,75.0,0.019662,197.0,0.019676,18.0,0.019677,534.0
1753531803903,12:10:03.903,ANIME/USDT:USDT,0.019663,1684.0,0.019662,197.0,0.019676,18.0,0.019677,534.0
1753531804166,12:10:04.166,ANIME/USDT:USDT,0.019663,1684.0,0.019662,197.0,0.019676,18.0,0.019677,534.0
1753531804419,12:10:04.419,ANIME/USDT:USDT,0.019663,1684.0,0.019662,197.0,0.019676,18.0,0.019677,267.0
1753531804513,12:10:04.513,ANIME/USDT:USDT,0.019663,1684.0,0.019662,197.0,0.019677,267.0,0.019679,500.0
1753531804583,12:10:04.583,ANIME/USDT:USDT,0.019663,1684.0,0.019662,197.0,0.019677,526.0,0.019679,500.0
1753531806116,12:10:06.116,ANIME/USDT:USDT,0.019663,75.0,0.01966,1368.0,0.019676,1389.0,0.019677,526.0
1753531806213,12:10:06.213,ANIME/USDT:USDT,0.019661,75.0,0.019655,1389.0,0.019675,1389.0,0.019676,500.0
1753531806318,12:10:06.318,ANIME/USDT:USDT,0.019657,1389.0,0.019656,75.0,0.019675,1389.0,0.019676,500.0
1753531806342,12:10:06.342,ANIME/USDT:USDT,0.019658,1464.0,0.019657,1389.0,0.019675,1389.0,0.019676,500.0
1753531806488,12:10:06.488,ANIME/USDT:USDT,0.019658,1464.0,0.019653,500.0,0.019675,1389.0,0.019676,500.0
1753531806618,12:10:06.618,ANIME/USDT:USDT,0.019671,1.0,0.019658,1464.0,0.019675,1389.0,0.019676,500.0
1753531806659,12:10:06.659,ANIME/USDT:USDT,0.019671,1.0,0.019658,1464.0,0.019675,1389.0,0.019676,500.0
1753531807003,12:10:07.003,ANIME/USDT:USDT,0.019671,1.0,0.019658,1464.0,0.019675,1389.0,0.019676,500.0
1753531807088,12:10:07.088,ANIME/USDT:USDT,0.019671,1.0,0.019658,1464.0,0.019675,1389.0,0.019676,500.0
1753531807179,12:10:07.179,ANIME/USDT:USDT,0.019671,1.0,0.019658,1464.0,0.019675,1389.0,0.019676,500.0
1753531807333,12:10:07.333,ANIME/USDT:USDT,0.019671,1.0,0.019658,1464.0,0.019675,1389.0,0.019676,500.0
1753531807516,12:10:07.516,ANIME/USDT:USDT,0.019671,1.0,0.019658,1464.0,0.019675,1389.0,0.019676,500.0
1753531808915,12:10:08.915,ANIME/USDT:USDT,0.019671,1.0,0.019666,241.0,0.019676,500.0,0.019679,2880.0
1753531808939,12:10:08.939,ANIME/USDT:USDT,0.019671,1.0,0.019666,482.0,0.019676,500.0,0.019679,500.0
1753531809057,12:10:09.057,ANIME/USDT:USDT,0.019671,1.0,0.019666,241.0,0.019677,3840.0,0.019678,12801.0
1753531809163,12:10:09.163,ANIME/USDT:USDT,0.019671,1.0,0.019666,241.0,0.019677,3840.0,0.019678,12801.0
1753531809518,12:10:09.518,ANIME/USDT:USDT,0.019671,1.0,0.019667,75.0,0.019677,4322.0,0.019678,13283.0
1753531809534,12:10:09.534,ANIME/USDT:USDT,0.019671,1.0,0.019659,75.0,0.019677,4322.0,0.019678,13283.0
1753531809619,12:10:09.619,ANIME/USDT:USDT,0.019671,1.0,0.019659,75.0,0.019677,4081.0,0.019678,13042.0
1753531810012,12:10:10.012,ANIME/USDT:USDT,0.019671,1.0,0.019667,241.0,0.019677,4081.0,0.019678,13042.0
1753531810032,12:10:10.032,ANIME/USDT:USDT,0.019671,1.0,0.019668,75.0,0.019677,4081.0,0.019678,13042.0
1753531810419,12:10:10.419,ANIME/USDT:USDT,0.019671,1.0,0.019668,75.0,0.019677,4081.0,0.019678,13042.0
1753531810511,12:10:10.511,ANIME/USDT:USDT,0.019671,1.0,0.019668,75.0,0.019673,18.0,0.019677,3840.0
1753531810619,12:10:10.619,ANIME/USDT:USDT,0.019671,1.0,0.019668,75.0,0.019673,18.0,0.019678,12801.0
1753531810688,12:10:10.688,ANIME/USDT:USDT,0.019671,1.0,0.019668,75.0,0.019673,18.0,0.019678,12801.0
1753531810908,12:10:10.908,ANIME/USDT:USDT,0.019671,1.0,0.019668,75.0,0.019673,18.0,0.019678,12801.0
1753531810998,12:10:10.998,ANIME/USDT:USDT,0.019671,1.0,0.019668,75.0,0.019673,18.0,0.019678,12801.0
1753531811109,12:10:11.109,ANIME/USDT:USDT,0.019671,1.0,0.019668,75.0,0.019673,18.0,0.019679,241.0
1753531811126,12:10:11.126,ANIME/USDT:USDT,0.019671,1.0,0.019667,75.0,0.019673,18.0,0.019679,241.0
1753531811290,12:10:11.290,ANIME/USDT:USDT,0.019671,1.0,0.019667,75.0,0.019673,18.0,0.019679,241.0
1753531811418,12:10:11.418,ANIME/USDT:USDT,0.019671,1.0,0.019667,75.0,0.019673,18.0,0.019679,241.0
1753531811471,12:10:11.471,ANIME/USDT:USDT,0.019671,1.0,0.019667,75.0,0.019673,18.0,0.019679,241.0
1753531811980,12:10:11.980,ANIME/USDT:USDT,0.019671,1.0,0.019667,75.0,0.019673,18.0,0.019679,241.0
1753531812154,12:10:12.154,ANIME/USDT:USDT,0.019671,1.0,0.019667,75.0,0.019673,18.0,0.019679,241.0
1753531812517,12:10:12.517,ANIME/USDT:USDT,0.019671,1.0,0.019667,75.0,0.019673,18.0,0.019679,241.0
1753531812590,12:10:12.590,ANIME/USDT:USDT,0.019671,1.0,0.019667,75.0,0.019673,18.0,0.019679,241.0
1753531813416,12:10:13.416,ANIME/USDT:USDT,0.019671,1.0,0.019667,75.0,0.019673,18.0,0.019679,241.0
1753531813471,12:10:13.471,ANIME/USDT:USDT,0.019671,1.0,0.019667,75.0,0.019679,241.0,0.01968,241.0
1753531813618,12:10:13.618,ANIME/USDT:USDT,0.019667,75.0,0.019666,241.0,0.019679,241.0,0.01968,241.0
1753531813664,12:10:13.664,ANIME/USDT:USDT,0.019667,75.0,0.019666,241.0,0.019679,241.0,0.01968,241.0
1753531813816,12:10:13.816,ANIME/USDT:USDT,0.019667,75.0,0.019658,1389.0,0.019681,1390.0,0.019682,3840.0
1753531813903,12:10:13.903,ANIME/USDT:USDT,0.01966,1390.0,0.019659,75.0,0.019678,1390.0,0.019679,500.0
1753531813926,12:10:13.926,ANIME/USDT:USDT,0.019661,75.0,0.01966,1390.0,0.019678,1390.0,0.019679,500.0
1753531814101,12:10:14.101,ANIME/USDT:USDT,0.019661,295.0,0.01966,1390.0,0.019678,1390.0,0.019679,500.0
1753531814296,12:10:14.296,ANIME/USDT:USDT,0.019661,295.0,0.01966,1390.0,0.019678,1390.0,0.019679,500.0
1753531814580,12:10:14.580,ANIME/USDT:USDT,0.019661,295.0,0.01966,1390.0,0.019678,1390.0,0.019679,500.0
1753531814749,12:10:14.749,ANIME/USDT:USDT,0.019661,295.0,0.01966,1390.0,0.019678,1390.0,0.019679,500.0
1753531814853,12:10:14.853,ANIME/USDT:USDT,0.019661,295.0,0.01966,1390.0,0.019678,1390.0,0.019679,500.0
1753531815009,12:10:15.009,ANIME/USDT:USDT,0.019661,75.0,0.019655,1390.0,0.019676,1390.0,0.019677,500.0
1753531815043,12:10:15.043,ANIME/USDT:USDT,0.019656,75.0,0.019655,1390.0,0.019675,1390.0,0.019676,741.0
1753531815191,12:10:15.191,ANIME/USDT:USDT,0.019656,1465.0,0.019652,1992.0,0.019675,1390.0,0.019676,741.0
1753531815810,12:10:15.810,ANIME/USDT:USDT,0.019656,1465.0,0.019652,1992.0,0.019675,1390.0,0.019676,741.0
1753531815943,12:10:15.943,ANIME/USDT:USDT,0.019656,1465.0,0.019652,1992.0,0.019675,1390.0,0.019676,741.0
1753531816025,12:10:16.025,ANIME/USDT:USDT,0.019656,1465.0,0.019652,1992.0,0.019675,1390.0,0.019676,741.0
1753531816202,12:10:16.202,ANIME/USDT:USDT,0.019656,1465.0,0.019652,1992.0,0.019675,1390.0,0.019676,741.0
1753531816442,12:10:16.442,ANIME/USDT:USDT,0.019656,1465.0,0.019652,1992.0,0.019675,1390.0,0.019676,741.0
1753531816781,12:10:16.781,ANIME/USDT:USDT,0.019656,1465.0,0.019652,1992.0,0.019675,1390.0,0.019676,741.0
1753531816995,12:10:16.995,ANIME/USDT:USDT,0.019656,75.0,0.019652,500.0,0.019673,1390.0,0.019674,500.0
1753531817082,12:10:17.082,ANIME/USDT:USDT,0.019653,75.0,0.019652,500.0,0.01967,1390.0,0.019671,1207.0
1753531817277,12:10:17.277,ANIME/USDT:USDT,0.019653,75.0,0.019652,500.0,0.01967,1390.0,0.019671,1207.0
1753531817405,12:10:17.405,ANIME/USDT:USDT,0.019653,75.0,0.019652,500.0,0.01967,1390.0,0.019671,1207.0
1753531817864,12:10:17.864,ANIME/USDT:USDT,0.019653,295.0,0.019652,500.0,0.01967,1390.0,0.019671,1207.0
1753531817921,12:10:17.921,ANIME/USDT:USDT,0.019653,295.0,0.019652,500.0,0.01967,1390.0,0.019671,1207.0
1753531818101,12:10:18.101,ANIME/USDT:USDT,0.019653,515.0,0.019652,500.0,0.019669,1390.0,0.01967,241.0
1753531818189,12:10:18.189,ANIME/USDT:USDT,0.019653,515.0,0.019652,500.0,0.019669,1390.0,0.01967,241.0
1753531818548,12:10:18.548,ANIME/USDT:USDT,0.019653,515.0,0.019652,500.0,0.019669,1390.0,0.01967,241.0
1753531818909,12:10:18.909,ANIME/USDT:USDT,0.019653,515.0,0.019645,1368.0,0.019669,1390.0,0.01967,241.0
1753531818927,12:10:18.927,ANIME/USDT:USDT,0.019653,515.0,0.019646,500.0,0.019669,1390.0,0.01967,241.0
1753531819376,12:10:19.376,ANIME/USDT:USDT,0.019653,515.0,0.019646,500.0,0.019669,1390.0,0.01967,241.0
1753531819482,12:10:19.482,ANIME/USDT:USDT,0.019653,515.0,0.019646,500.0,0.019669,1390.0,0.01967,241.0
1753531820107,12:10:20.107,ANIME/USDT:USDT,0.019653,75.0,0.019646,500.0,0.019666,1390.0,0.019667,500.0
1753531820204,12:10:20.204,ANIME/USDT:USDT,0.019648,1390.0,0.019647,75.0,0.019666,1390.0,0.019667,500.0
1753531820317,12:10:20.317,ANIME/USDT:USDT,0.019649,1498.0,0.019646,500.0,0.019666,1390.0,0.019667,500.0
1753531820362,12:10:20.362,ANIME/USDT:USDT,0.019649,1498.0,0.019646,500.0,0.019666,1390.0,0.019667,500.0
1753531820613,12:10:20.613,ANIME/USDT:USDT,0.019649,1498.0,0.019646,500.0,0.019666,1390.0,0.019667,500.0
1753531821039,12:10:21.039,ANIME/USDT:USDT,0.019649,1498.0,0.019646,500.0,0.019666,1390.0,0.019667,500.0
1753531821461,12:10:21.461,ANIME/USDT:USDT,0.019649,1498.0,0.019646,500.0,0.019666,1390.0,0.019667,500.0
1753531821580,12:10:21.580,ANIME/USDT:USDT,0.019649,1498.0,0.019646,500.0,0.019666,1390.0,0.019667,500.0
1753531821902,12:10:21.902,ANIME/USDT:USDT,0.019649,1498.0,0.019646,500.0,0.019665,1664.0,0.019668,500.0
1753531822007,12:10:22.007,ANIME/USDT:USDT,0.019649,1498.0,0.019646,500.0,0.019665,1664.0,0.019668,500.0
1753531822277,12:10:22.277,ANIME/USDT:USDT,0.019649,1498.0,0.019646,500.0,0.019665,1664.0,0.019668,500.0
1753531822382,12:10:22.382,ANIME/USDT:USDT,0.019649,75.0,0.019646,500.0,0.019663,1423.0,0.019664,1664.0
1753531822474,12:10:22.474,ANIME/USDT:USDT,0.019647,75.0,0.019646,500.0,0.019663,1423.0,0.019664,1664.0
1753531822534,12:10:22.534,ANIME/USDT:USDT,0.019647,75.0,0.019646,500.0,0.019663,1423.0,0.019664,241.0
1753531822693,12:10:22.693,ANIME/USDT:USDT,0.019647,75.0,0.019646,500.0,0.019663,1423.0,0.019664,241.0
1753531823003,12:10:23.003,ANIME/USDT:USDT,0.019647,75.0,0.019646,500.0,0.019663,1423.0,0.019664,241.0
1753531823113,12:10:23.113,ANIME/USDT:USDT,0.019647,75.0,0.019646,500.0,0.019663,1423.0,0.019664,241.0
1753531823192,12:10:23.192,ANIME/USDT:USDT,0.019648,1423.0,0.019647,1498.0,0.019664,241.0,0.019665,482.0
1753531823233,12:10:23.233,ANIME/USDT:USDT,0.019649,75.0,0.019648,1423.0,0.019664,241.0,0.019665,482.0
1753531823337,12:10:23.337,ANIME/USDT:USDT,0.019649,75.0,0.019648,1423.0,0.019664,241.0,0.019665,482.0
1753531823529,12:10:23.529,ANIME/USDT:USDT,0.019649,75.0,0.019648,1423.0,0.019664,241.0,0.019665,482.0
1753531823713,12:10:23.713,ANIME/USDT:USDT,0.019649,1498.0,0.019646,500.0,0.019664,241.0,0.019665,482.0
1753531824362,12:10:24.362,ANIME/USDT:USDT,0.019649,1718.0,0.019646,500.0,0.019664,241.0,0.019665,482.0
1753531824483,12:10:24.483,ANIME/USDT:USDT,0.019649,1718.0,0.019646,500.0,0.019664,241.0,0.019665,482.0
1753531824762,12:10:24.762,ANIME/USDT:USDT,0.019649,1718.0,0.019646,500.0,0.019664,241.0,0.019665,482.0
1753531824842,12:10:24.842,ANIME/USDT:USDT,0.019649,1718.0,0.019641,1409.0,0.019664,241.0,0.019665,482.0
1753531825182,12:10:25.182,ANIME/USDT:USDT,0.019649,1718.0,0.019641,1409.0,0.019664,241.0,0.019665,482.0
1753531825219,12:10:25.219,ANIME/USDT:USDT,0.019649,1938.0,0.019641,1409.0,0.019664,241.0,0.019665,482.0
1753531825416,12:10:25.416,ANIME/USDT:USDT,0.019649,1938.0,0.019641,1409.0,0.019664,241.0,0.019665,482.0
1753531825445,12:10:25.445,ANIME/USDT:USDT,0.019649,1938.0,0.019641,1409.0,0.019664,241.0,0.019665,482.0
1753531825601,12:10:25.601,ANIME/USDT:USDT,0.019649,1938.0,0.019641,1409.0,0.019664,241.0,0.019665,482.0
1753531825814,12:10:25.814,ANIME/USDT:USDT,0.019652,1423.0,0.019651,6035.0,0.019668,500.0,0.019671,2630.0
1753531825907,12:10:25.907,ANIME/USDT:USDT,0.019652,1423.0,0.01965,1423.0,0.019668,500.0,0.019671,1423.0
1753531825939,12:10:25.939,ANIME/USDT:USDT,0.019651,6035.0,0.01965,1423.0,0.019668,500.0,0.019671,1423.0
1753531826103,12:10:26.103,ANIME/USDT:USDT,0.019653,40.0,0.019652,35.0,0.019667,1664.0,0.019671,1423.0
1753531826142,12:10:26.142,ANIME/USDT:USDT,0.019652,75.0,0.019651,6035.0,0.019667,1664.0,0.019668,241.0
1753531826240,12:10:26.240,ANIME/USDT:USDT,0.019652,75.0,0.019651,6035.0,0.019666,1423.0,0.019667,241.0
1753531826380,12:10:26.380,ANIME/USDT:USDT,0.019652,75.0,0.019651,6035.0,0.019666,1423.0,0.019667,241.0
1753531826460,12:10:26.460,ANIME/USDT:USDT,0.019652,75.0,0.019651,6035.0,0.019666,1423.0,0.019667,241.0
1753531826886,12:10:26.886,ANIME/USDT:USDT,0.019652,75.0,0.019651,6035.0,0.019666,1423.0,0.019667,241.0
1753531827141,12:10:27.141,ANIME/USDT:USDT,0.019652,75.0,0.01965,1423.0,0.019666,1423.0,0.019667,241.0
1753531827231,12:10:27.231,ANIME/USDT:USDT,0.019651,75.0,0.01965,1423.0,0.019666,1423.0,0.019667,241.0
1753531827368,12:10:27.368,ANIME/USDT:USDT,0.019651,75.0,0.01965,1423.0,0.019666,1423.0,0.019667,241.0
1753531827795,12:10:27.795,ANIME/USDT:USDT,0.019651,75.0,0.01965,1423.0,0.019666,1423.0,0.019667,241.0
1753531828218,12:10:28.218,ANIME/USDT:USDT,0.019651,75.0,0.01965,1423.0,0.019666,1423.0,0.019667,241.0
1753531828306,12:10:28.306,ANIME/USDT:USDT,0.019651,1498.0,0.019649,440.0,0.019666,1423.0,0.019667,241.0
1753531828415,12:10:28.415,ANIME/USDT:USDT,0.019651,1498.0,0.019649,440.0,0.019666,1423.0,0.019667,241.0
1753531828472,12:10:28.472,ANIME/USDT:USDT,0.019651,1498.0,0.019649,440.0,0.019667,241.0,0.019668,1664.0
1753531828546,12:10:28.546,ANIME/USDT:USDT,0.019651,1498.0,0.019649,440.0,0.019667,241.0,0.019668,1664.0
1753531829335,12:10:29.335,ANIME/USDT:USDT,0.019652,1423.0,0.019651,75.0,0.019667,241.0,0.019668,1664.0
1753531829479,12:10:29.479,ANIME/USDT:USDT,0.019653,75.0,0.019652,1423.0,0.019667,241.0,0.019668,1664.0
1753531829542,12:10:29.542,ANIME/USDT:USDT,0.019653,75.0,0.019642,500.0,0.019666,1423.0,0.019667,241.0
1753531829657,12:10:29.657,ANIME/USDT:USDT,0.019644,1423.0,0.019643,75.0,0.019666,1423.0,0.019667,241.0
1753531829803,12:10:29.803,ANIME/USDT:USDT,0.019645,75.0,0.019644,1423.0,0.019665,1423.0,0.019666,500.0
1753531829874,12:10:29.874,ANIME/USDT:USDT,0.019645,75.0,0.019644,1423.0,0.019665,1423.0,0.019666,500.0
1753531829954,12:10:29.954,ANIME/USDT:USDT,0.019645,1498.0,0.019642,500.0,0.019665,1423.0,0.019666,500.0
1753531830297,12:10:30.297,ANIME/USDT:USDT,0.019645,1498.0,0.019642,500.0,0.019665,1423.0,0.019666,500.0
1753531830563,12:10:30.563,ANIME/USDT:USDT,0.019645,1498.0,0.019642,500.0,0.019665,1423.0,0.019666,500.0
1753531830718,12:10:30.718,ANIME/USDT:USDT,0.019645,1498.0,0.019642,500.0,0.019665,1423.0,0.019666,500.0
1753531830801,12:10:30.801,ANIME/USDT:USDT,0.019645,1498.0,0.019642,500.0,0.019664,1414.0,0.019666,500.0
1753531830913,12:10:30.913,ANIME/USDT:USDT,0.019646,1414.0,0.019645,1498.0,0.019664,1414.0,0.019666,500.0
1753531830967,12:10:30.967,ANIME/USDT:USDT,0.019647,1489.0,0.019645,1423.0,0.019664,1414.0,0.019666,500.0
1753531831180,12:10:31.180,ANIME/USDT:USDT,0.019647,1489.0,0.019645,1423.0,0.019664,1414.0,0.019666,500.0
1753531832002,12:10:32.002,ANIME/USDT:USDT,0.019647,1489.0,0.019645,1423.0,0.019664,1414.0,0.019666,500.0
1753531832022,12:10:32.022,ANIME/USDT:USDT,0.019647,1489.0,0.019645,1423.0,0.019664,1414.0,0.019666,500.0
1753531832368,12:10:32.368,ANIME/USDT:USDT,0.019647,1489.0,0.019645,1423.0,0.019664,1414.0,0.019666,500.0
1753531832748,12:10:32.748,ANIME/USDT:USDT,0.019647,1489.0,0.019645,1423.0,0.019664,1414.0,0.019666,500.0
1753531834252,12:10:34.252,ANIME/USDT:USDT,0.019647,1489.0,0.019645,1423.0,0.019664,1414.0,0.019666,500.0
1753531834419,12:10:34.419,ANIME/USDT:USDT,0.019647,75.0,0.019645,1423.0,0.019664,1414.0,0.019666,500.0
1753531834430,12:10:34.430,ANIME/USDT:USDT,0.019646,75.0,0.019645,1423.0,0.019664,1414.0,0.019666,500.0
1753531834566,12:10:34.566,ANIME/USDT:USDT,0.019646,75.0,0.019645,1423.0,0.019664,1414.0,0.019666,500.0
1753531834792,12:10:34.792,ANIME/USDT:USDT,0.019646,75.0,0.019645,1423.0,0.019664,1414.0,0.019666,500.0
1753531835561,12:10:35.561,ANIME/USDT:USDT,0.019646,75.0,0.019645,1423.0,0.019664,1414.0,0.019666,500.0
1753531835758,12:10:35.758,ANIME/USDT:USDT,0.019646,75.0,0.019645,1423.0,0.019664,1414.0,0.019666,500.0
1753531836011,12:10:36.011,ANIME/USDT:USDT,0.019646,75.0,0.019645,1423.0,0.019664,1414.0,0.019666,500.0
1753531837008,12:10:37.008,ANIME/USDT:USDT,0.019646,75.0,0.019633,1423.0,0.019656,3134.0,0.019657,5734.0
1753531837062,12:10:37.062,ANIME/USDT:USDT,0.019634,75.0,0.019631,1390.0,0.019654,1414.0,0.019655,500.0
1753531837155,12:10:37.155,ANIME/USDT:USDT,0.019632,93.0,0.019631,1390.0,0.019654,1414.0,0.019655,500.0
1753531837306,12:10:37.306,ANIME/USDT:USDT,0.019632,93.0,0.019631,1390.0,0.019654,1414.0,0.019655,500.0
1753531837418,12:10:37.418,ANIME/USDT:USDT,0.019632,93.0,0.019627,1429.0,0.019654,1414.0,0.019655,500.0
1753531837511,12:10:37.511,ANIME/USDT:USDT,0.019632,18.0,0.019628,75.0,0.019651,1414.0,0.019652,500.0
1753531837605,12:10:37.605,ANIME/USDT:USDT,0.019632,18.0,0.019628,75.0,0.019651,1414.0,0.019652,500.0
1753531837713,12:10:37.713,ANIME/USDT:USDT,0.019632,18.0,0.019628,575.0,0.019651,1414.0,0.019652,500.0
1753531837816,12:10:37.816,ANIME/USDT:USDT,0.019632,18.0,0.019628,575.0,0.019651,1414.0,0.019652,500.0
1753531838010,12:10:38.010,ANIME/USDT:USDT,0.019632,259.0,0.019628,575.0,0.019651,1655.0,0.019652,500.0
1753531838027,12:10:38.027,ANIME/USDT:USDT,0.019633,75.0,0.019632,500.0,0.01965,1414.0,0.019651,241.0
1753531838193,12:10:38.193,ANIME/USDT:USDT,0.019633,75.0,0.019632,500.0,0.01965,1414.0,0.019651,241.0
1753531838686,12:10:38.686,ANIME/USDT:USDT,0.019633,75.0,0.019632,500.0,0.01965,1414.0,0.019651,241.0
1753531839447,12:10:39.447,ANIME/USDT:USDT,0.019633,75.0,0.019632,500.0,0.01965,1414.0,0.019651,241.0
1753531839852,12:10:39.852,ANIME/USDT:USDT,0.019633,75.0,0.019632,500.0,0.01965,1414.0,0.019651,241.0
1753531840016,12:10:40.016,ANIME/USDT:USDT,0.019633,75.0,0.019628,500.0,0.01965,1655.0,0.019651,482.0
1753531840116,12:10:40.116,ANIME/USDT:USDT,0.019629,75.0,0.019628,500.0,0.019646,1655.0,0.019647,500.0
1753531840185,12:10:40.185,ANIME/USDT:USDT,0.019629,75.0,0.019628,741.0,0.019644,1414.0,0.019645,241.0
1753531840305,12:10:40.305,ANIME/USDT:USDT,0.019629,75.0,0.019628,982.0,0.019644,1414.0,0.019645,241.0
1753531840419,12:10:40.419,ANIME/USDT:USDT,0.019629,75.0,0.019628,482.0,0.019644,1414.0,0.019645,241.0
1753531840450,12:10:40.450,ANIME/USDT:USDT,0.019629,75.0,0.019628,482.0,0.019644,1414.0,0.019645,241.0
1753531840704,12:10:40.704,ANIME/USDT:USDT,0.019629,75.0,0.019628,482.0,0.019644,1414.0,0.019645,241.0
1753531841016,12:10:41.016,ANIME/USDT:USDT,0.019629,75.0,0.019628,482.0,0.019644,1414.0,0.019645,241.0
1753531841124,12:10:41.124,ANIME/USDT:USDT,0.019629,75.0,0.019628,482.0,0.019644,1414.0,0.019645,241.0
1753531841341,12:10:41.341,ANIME/USDT:USDT,0.019629,75.0,0.019626,5.0,0.019644,1414.0,0.019645,241.0
1753531841438,12:10:41.438,ANIME/USDT:USDT,0.019626,5.0,0.019625,6351.0,0.019644,1414.0,0.019645,241.0
1753531841607,12:10:41.607,ANIME/USDT:USDT,0.019626,246.0,0.019625,6351.0,0.019644,1414.0,0.019645,241.0
1753531841702,12:10:41.702,ANIME/USDT:USDT,0.019628,1391.0,0.019627,75.0,0.019644,1414.0,0.019646,241.0
1753531841767,12:10:41.767,ANIME/USDT:USDT,0.019629,75.0,0.019628,1391.0,0.019644,1414.0,0.019646,241.0
1753531841821,12:10:41.821,ANIME/USDT:USDT,0.019629,75.0,0.019628,1391.0,0.019644,1414.0,0.019646,482.0
1753531841989,12:10:41.989,ANIME/USDT:USDT,0.019629,75.0,0.019628,1391.0,0.019644,1414.0,0.019646,482.0
1753531842416,12:10:42.416,ANIME/USDT:USDT,0.019629,75.0,0.019628,1391.0,0.019644,1414.0,0.019646,482.0
1753531842580,12:10:42.580,ANIME/USDT:USDT,0.019629,75.0,0.019628,1391.0,0.019644,1414.0,0.019646,482.0
1753531843004,12:10:43.004,ANIME/USDT:USDT,0.019629,75.0,0.019628,1391.0,0.019644,1414.0,0.019646,482.0
1753531843022,12:10:43.022,ANIME/USDT:USDT,0.019629,75.0,0.019628,1391.0,0.019644,1414.0,0.019646,482.0
1753531843233,12:10:43.233,ANIME/USDT:USDT,0.019629,75.0,0.019628,1391.0,0.019644,1414.0,0.019646,482.0
1753531843416,12:10:43.416,ANIME/USDT:USDT,0.019629,75.0,0.019626,246.0,0.019644,1414.0,0.019646,482.0
1753531843476,12:10:43.476,ANIME/USDT:USDT,0.019627,75.0,0.019626,246.0,0.019644,1414.0,0.019646,482.0
1753531843653,12:10:43.653,ANIME/USDT:USDT,0.019627,75.0,0.019626,246.0,0.019644,1414.0,0.019646,482.0
1753531843739,12:10:43.739,ANIME/USDT:USDT,0.019627,75.0,0.019626,246.0,0.019644,1414.0,0.019646,482.0
1753531844204,12:10:44.204,ANIME/USDT:USDT,0.019627,75.0,0.019626,246.0,0.019644,1414.0,0.019646,482.0
1753531844511,12:10:44.511,ANIME/USDT:USDT,0.019628,1391.0,0.019627,75.0,0.019646,241.0,0.019648,1391.0
1753531844586,12:10:44.586,ANIME/USDT:USDT,0.019629,1466.0,0.019626,2129.0,0.019646,241.0,0.019648,1391.0
1753531844900,12:10:44.900,ANIME/USDT:USDT,0.019629,1466.0,0.019626,2129.0,0.019646,241.0,0.019648,1391.0
1753531845152,12:10:45.152,ANIME/USDT:USDT,0.019629,1466.0,0.019626,2129.0,0.019646,479.0,0.019648,1391.0
1753531845316,12:10:45.316,ANIME/USDT:USDT,0.01963,1391.0,0.019629,75.0,0.019646,479.0,0.019648,1391.0
1753531845326,12:10:45.326,ANIME/USDT:USDT,0.019631,75.0,0.01963,1391.0,0.019646,479.0,0.019648,1391.0
1753531845501,12:10:45.501,ANIME/USDT:USDT,0.019631,75.0,0.01963,1391.0,0.019646,479.0,0.019648,1391.0
1753531845522,12:10:45.522,ANIME/USDT:USDT,0.019631,75.0,0.01963,1391.0,0.019646,479.0,0.019648,1391.0
1753531845807,12:10:45.807,ANIME/USDT:USDT,0.019632,1391.0,0.019631,551.0,0.019648,1391.0,0.019651,500.0
1753531845861,12:10:45.861,ANIME/USDT:USDT,0.019634,1391.0,0.019633,75.0,0.019651,500.0,0.019656,2593.0
1753531846012,12:10:46.012,ANIME/USDT:USDT,0.019635,75.0,0.019634,1391.0,0.019651,500.0,0.019652,238.0
1753531846109,12:10:46.109,ANIME/USDT:USDT,0.019635,75.0,0.019634,1391.0,0.019651,500.0,0.019652,238.0
1753531846155,12:10:46.155,ANIME/USDT:USDT,0.019635,75.0,0.019634,1391.0,0.019651,500.0,0.019652,238.0
1753531846419,12:10:46.419,ANIME/USDT:USDT,0.019635,75.0,0.019634,1391.0,0.019651,500.0,0.019653,1391.0
1753531846481,12:10:46.481,ANIME/USDT:USDT,0.019635,75.0,0.019634,1391.0,0.019651,500.0,0.019653,1391.0
1753531846579,12:10:46.579,ANIME/USDT:USDT,0.019635,75.0,0.019634,1391.0,0.019651,500.0,0.019653,1391.0
1753531846862,12:10:46.862,ANIME/USDT:USDT,0.019636,1855.0,0.019635,1930.0,0.019651,500.0,0.019653,1391.0
1753531847017,12:10:47.017,ANIME/USDT:USDT,0.019637,75.0,0.019636,1855.0,0.019651,500.0,0.019653,1391.0
1753531847063,12:10:47.063,ANIME/USDT:USDT,0.019637,75.0,0.019636,1855.0,0.019651,500.0,0.019653,1391.0
1753531847129,12:10:47.129,ANIME/USDT:USDT,0.019637,75.0,0.019636,1855.0,0.019651,500.0,0.019652,232.0
1753531847415,12:10:47.415,ANIME/USDT:USDT,0.019637,75.0,0.019636,1855.0,0.019651,500.0,0.019652,232.0
1753531847608,12:10:47.608,ANIME/USDT:USDT,0.019637,75.0,0.019636,1855.0,0.019651,500.0,0.019652,232.0
1753531847832,12:10:47.832,ANIME/USDT:USDT,0.019637,75.0,0.019636,1855.0,0.019651,500.0,0.019652,232.0
1753531849419,12:10:49.419,ANIME/USDT:USDT,0.019637,75.0,0.019636,464.0,0.019651,500.0,0.019652,232.0
1753531849455,12:10:49.455,ANIME/USDT:USDT,0.019637,75.0,0.019636,464.0,0.019651,500.0,0.019652,232.0
1753531849601,12:10:49.601,ANIME/USDT:USDT,0.019637,75.0,0.01963,1391.0,0.01965,1391.0,0.019651,1777.0
1753531849711,12:10:49.711,ANIME/USDT:USDT,0.019631,1466.0,0.019626,1888.0,0.01965,1391.0,0.019651,1777.0
1753531849750,12:10:49.750,ANIME/USDT:USDT,0.019631,1466.0,0.019626,1888.0,0.01965,1391.0,0.019651,1777.0
1753531849897,12:10:49.897,ANIME/USDT:USDT,0.019632,1391.0,0.019631,1466.0,0.01965,1391.0,0.019651,1777.0
1753531850003,12:10:50.003,ANIME/USDT:USDT,0.019633,302.0,0.019632,1391.0,0.01965,1391.0,0.019651,1777.0
1753531850049,12:10:50.049,ANIME/USDT:USDT,0.019633,302.0,0.019632,1391.0,0.01965,1391.0,0.019651,1777.0
1753531850301,12:10:50.301,ANIME/USDT:USDT,0.019633,302.0,0.019632,1391.0,0.01965,1391.0,0.019651,1777.0
1753531851615,12:10:51.615,ANIME/USDT:USDT,0.019635,1367.0,0.019634,227.0,0.019651,500.0,0.019652,232.0
1753531851655,12:10:51.655,ANIME/USDT:USDT,0.019636,75.0,0.019635,1367.0,0.019651,500.0,0.019652,232.0
1753531851922,12:10:51.922,ANIME/USDT:USDT,0.019636,75.0,0.019635,1367.0,0.019651,500.0,0.019652,232.0
1753531852203,12:10:52.203,ANIME/USDT:USDT,0.019636,1442.0,0.019634,227.0,0.019651,500.0,0.019652,232.0
1753531852221,12:10:52.221,ANIME/USDT:USDT,0.019636,1442.0,0.019634,227.0,0.019651,500.0,0.019652,232.0
1753531852417,12:10:52.417,ANIME/USDT:USDT,0.019636,1442.0,0.019634,227.0,0.019651,500.0,0.019652,232.0
1753531852519,12:10:52.519,ANIME/USDT:USDT,0.019636,1442.0,0.019634,227.0,0.019651,500.0,0.019652,232.0
1753531852779,12:10:52.779,ANIME/USDT:USDT,0.019636,1442.0,0.019634,227.0,0.019651,500.0,0.019652,232.0
1753531853004,12:10:53.004,ANIME/USDT:USDT,0.019636,1442.0,0.019634,227.0,0.019651,500.0,0.019652,232.0
1753531853154,12:10:53.154,ANIME/USDT:USDT,0.019636,1442.0,0.019634,227.0,0.019651,500.0,0.019652,232.0
1753531853817,12:10:53.817,ANIME/USDT:USDT,0.019636,1442.0,0.019634,227.0,0.019651,500.0,0.019652,232.0
1753531853868,12:10:53.868,ANIME/USDT:USDT,0.019636,1442.0,0.019634,227.0,0.019651,1777.0,0.019652,4255.0
1753531854002,12:10:54.002,ANIME/USDT:USDT,0.019636,1442.0,0.019634,227.0,0.019651,1777.0,0.019652,4255.0
1753531855585,12:10:55.585,ANIME/USDT:USDT,0.019636,1442.0,0.019634,227.0,0.019651,1777.0,0.019652,4255.0
1753531855853,12:10:55.853,ANIME/USDT:USDT,0.019636,1442.0,0.019634,227.0,0.019651,1777.0,0.019652,4255.0
1753531856016,12:10:56.016,ANIME/USDT:USDT,0.019636,1442.0,0.019634,227.0,0.019651,1777.0,0.019652,4255.0
1753531856412,12:10:56.412,ANIME/USDT:USDT,0.019637,1588.0,0.019636,75.0,0.019651,1777.0,0.019652,4255.0
1753531856474,12:10:56.474,ANIME/USDT:USDT,0.019638,296.0,0.019637,1588.0,0.019651,1777.0,0.019652,4255.0
1753531856530,12:10:56.530,ANIME/USDT:USDT,0.019638,296.0,0.019637,1588.0,0.019651,1777.0,0.019652,4255.0
1753531857018,12:10:57.018,ANIME/USDT:USDT,0.019638,296.0,0.019637,1588.0,0.019651,1777.0,0.019652,4255.0
1753531857083,12:10:57.083,ANIME/USDT:USDT,0.019638,1663.0,0.019637,221.0,0.019651,1777.0,0.019652,4255.0
1753531857216,12:10:57.216,ANIME/USDT:USDT,0.019638,1663.0,0.019637,221.0,0.019651,1777.0,0.019652,4255.0
1753531857501,12:10:57.501,ANIME/USDT:USDT,0.019639,1367.0,0.019638,296.0,0.019651,500.0,0.019656,1414.0
1753531857618,12:10:57.618,ANIME/USDT:USDT,0.01964,75.0,0.019639,1367.0,0.019651,500.0,0.019656,1414.0
1753531858415,12:10:58.415,ANIME/USDT:USDT,0.01964,75.0,0.019639,1367.0,0.019651,500.0,0.019656,1414.0
1753531858467,12:10:58.467,ANIME/USDT:USDT,0.01964,75.0,0.019639,1367.0,0.019651,500.0,0.019656,1414.0
1753531858533,12:10:58.533,ANIME/USDT:USDT,0.01964,75.0,0.019639,1367.0,0.019651,500.0,0.019656,1414.0
1753531858651,12:10:58.651,ANIME/USDT:USDT,0.01964,75.0,0.019639,1367.0,0.019651,500.0,0.019652,216.0
1753531859142,12:10:59.142,ANIME/USDT:USDT,0.01964,75.0,0.019639,1367.0,0.019651,500.0,0.019652,216.0
1753531859222,12:10:59.222,ANIME/USDT:USDT,0.01964,75.0,0.019639,1367.0,0.019651,500.0,0.019652,216.0
1753531859374,12:10:59.374,ANIME/USDT:USDT,0.01964,75.0,0.019639,1367.0,0.019651,500.0,0.019652,216.0
1753531859594,12:10:59.594,ANIME/USDT:USDT,0.01964,75.0,0.019639,1367.0,0.019651,500.0,0.019656,1414.0
1753531860201,12:11:00.201,ANIME/USDT:USDT,0.01964,75.0,0.019639,1367.0,0.019651,500.0,0.019656,1414.0
1753531860587,12:11:00.587,ANIME/USDT:USDT,0.01964,75.0,0.019639,1367.0,0.019651,716.0,0.019652,216.0
1753531860697,12:11:00.697,ANIME/USDT:USDT,0.01964,75.0,0.019639,1367.0,0.019651,716.0,0.019652,216.0
1753531861417,12:11:01.417,ANIME/USDT:USDT,0.01964,75.0,0.019639,1367.0,0.019651,716.0,0.019652,216.0
1753531861432,12:11:01.432,ANIME/USDT:USDT,0.01964,75.0,0.019638,221.0,0.019651,716.0,0.019652,216.0
1753531861526,12:11:01.526,ANIME/USDT:USDT,0.019639,75.0,0.019638,221.0,0.019651,716.0,0.019652,216.0
1753531861781,12:11:01.781,ANIME/USDT:USDT,0.019639,75.0,0.019638,221.0,0.019651,716.0,0.019652,216.0
1753531861852,12:11:01.852,ANIME/USDT:USDT,0.019639,75.0,0.019638,221.0,0.019651,716.0,0.019652,216.0
1753531862194,12:11:02.194,ANIME/USDT:USDT,0.019639,75.0,0.019638,221.0,0.019651,500.0,0.019656,1414.0
1753531862223,12:11:02.223,ANIME/USDT:USDT,0.019639,1470.0,0.019638,221.0,0.019651,500.0,0.019656,1414.0
1753531862617,12:11:02.617,ANIME/USDT:USDT,0.019639,1470.0,0.019638,221.0,0.019651,500.0,0.019656,1414.0
1753531862858,12:11:02.858,ANIME/USDT:USDT,0.019639,1470.0,0.019638,221.0,0.019651,711.0,0.019656,1414.0
1753531863119,12:11:03.119,ANIME/USDT:USDT,0.01964,1395.0,0.019639,75.0,0.019651,500.0,0.019656,1414.0
1753531863203,12:11:03.203,ANIME/USDT:USDT,0.019641,286.0,0.01964,1606.0,0.019651,500.0,0.019657,3629.0
1753531863261,12:11:03.261,ANIME/USDT:USDT,0.019641,286.0,0.01964,1606.0,0.019651,500.0,0.019657,3629.0
1753531863419,12:11:03.419,ANIME/USDT:USDT,0.019641,286.0,0.01964,1606.0,0.019651,500.0,0.019656,500.0
1753531863501,12:11:03.501,ANIME/USDT:USDT,0.019641,286.0,0.01964,1606.0,0.019651,500.0,0.019656,500.0
1753531863961,12:11:03.961,ANIME/USDT:USDT,0.019641,286.0,0.01964,1606.0,0.019651,500.0,0.019652,211.0
1753531864409,12:11:04.409,ANIME/USDT:USDT,0.019641,286.0,0.01964,1606.0,0.019651,500.0,0.019652,211.0
1753531864425,12:11:04.425,ANIME/USDT:USDT,0.019641,286.0,0.01964,1606.0,0.019651,500.0,0.019652,211.0
1753531865396,12:11:05.396,ANIME/USDT:USDT,0.019641,286.0,0.01964,1606.0,0.019651,500.0,0.019652,211.0
1753531865499,12:11:05.499,ANIME/USDT:USDT,0.019641,75.0,0.019634,1395.0,0.019651,711.0,0.019652,422.0
1753531865526,12:11:05.526,ANIME/USDT:USDT,0.019635,75.0,0.019634,1395.0,0.019651,711.0,0.019652,422.0
1753531865789,12:11:05.789,ANIME/USDT:USDT,0.019635,75.0,0.019634,1395.0,0.019651,711.0,0.019652,422.0
1753531866010,12:11:06.010,ANIME/USDT:USDT,0.019635,75.0,0.019634,1395.0,0.019651,711.0,0.019652,422.0
1753531866062,12:11:06.062,ANIME/USDT:USDT,0.019635,75.0,0.019629,1367.0,0.01965,1395.0,0.019651,711.0
1753531866154,12:11:06.154,ANIME/USDT:USDT,0.01963,1470.0,0.019629,1367.0,0.01965,1395.0,0.019651,711.0
1753531866300,12:11:06.300,ANIME/USDT:USDT,0.01963,1470.0,0.019627,500.0,0.01965,1395.0,0.019651,711.0
1753531866441,12:11:06.441,ANIME/USDT:USDT,0.01963,1470.0,0.019627,500.0,0.01965,1395.0,0.019651,711.0
1753531866582,12:11:06.582,ANIME/USDT:USDT,0.01963,1470.0,0.019627,500.0,0.01965,1395.0,0.019651,711.0
1753531866781,12:11:06.781,ANIME/USDT:USDT,0.01963,75.0,0.019626,5.0,0.01965,1395.0,0.019651,711.0
1753531866881,12:11:06.881,ANIME/USDT:USDT,0.019626,5.0,0.019625,75.0,0.01965,1395.0,0.019651,711.0
1753531867004,12:11:07.004,ANIME/USDT:USDT,0.019627,1395.0,0.019626,5.0,0.01965,1395.0,0.019651,711.0
1753531867061,12:11:07.061,ANIME/USDT:USDT,0.019628,1470.0,0.019626,1399.0,0.01965,1395.0,0.019651,711.0
1753531867216,12:11:07.216,ANIME/USDT:USDT,0.019629,1395.0,0.019628,75.0,0.019649,1395.0,0.01965,47.0
1753531867288,12:11:07.288,ANIME/USDT:USDT,0.01963,75.0,0.019629,1395.0,0.019649,1395.0,0.01965,47.0
1753531867322,12:11:07.322,ANIME/USDT:USDT,0.01963,75.0,0.019629,1395.0,0.019649,1395.0,0.01965,47.0
1753531867518,12:11:07.518,ANIME/USDT:USDT,0.01963,75.0,0.019629,1395.0,0.019649,1395.0,0.019651,711.0
1753531867610,12:11:07.610,ANIME/USDT:USDT,0.01963,1470.0,0.019626,1816.0,0.019649,1395.0,0.019651,711.0
1753531867714,12:11:07.714,ANIME/USDT:USDT,0.01963,1470.0,0.019626,1816.0,0.019649,1395.0,0.019651,711.0
1753531867726,12:11:07.726,ANIME/USDT:USDT,0.01963,1470.0,0.019626,1816.0,0.019649,1395.0,0.019651,711.0
1753531868382,12:11:08.382,ANIME/USDT:USDT,0.01963,1470.0,0.019626,1816.0,0.019649,1395.0,0.019651,711.0
1753531868548,12:11:08.548,ANIME/USDT:USDT,0.01963,1470.0,0.019626,1816.0,0.019649,1395.0,0.019651,711.0
1753531869009,12:11:09.009,ANIME/USDT:USDT,0.01963,1470.0,0.019626,1816.0,0.019649,1395.0,0.019651,711.0
1753531869021,12:11:09.021,ANIME/USDT:USDT,0.01963,1470.0,0.019626,1816.0,0.019649,1395.0,0.019651,711.0
1753531869285,12:11:09.285,ANIME/USDT:USDT,0.01963,1470.0,0.019626,1816.0,0.019649,1395.0,0.019651,711.0
1753531870187,12:11:10.187,ANIME/USDT:USDT,0.01963,75.0,0.019626,5.0,0.019649,1395.0,0.019651,711.0
1753531870232,12:11:10.232,ANIME/USDT:USDT,0.019626,5.0,0.019625,75.0,0.019649,1395.0,0.019651,711.0
1753531870416,12:11:10.416,ANIME/USDT:USDT,0.019626,5.0,0.019625,75.0,0.019649,1395.0,0.019651,711.0
1753531870501,12:11:10.501,ANIME/USDT:USDT,0.019626,1384.0,0.019625,75.0,0.019649,1395.0,0.019651,711.0
1753531870600,12:11:10.600,ANIME/USDT:USDT,0.019627,75.0,0.019626,1384.0,0.019649,1395.0,0.019651,711.0
1753531870683,12:11:10.683,ANIME/USDT:USDT,0.019627,75.0,0.019626,1384.0,0.019649,1395.0,0.019651,711.0
1753531871007,12:11:11.007,ANIME/USDT:USDT,0.019627,75.0,0.019626,1384.0,0.019649,1395.0,0.019651,711.0
1753531871022,12:11:11.022,ANIME/USDT:USDT,0.019627,75.0,0.019626,1384.0,0.019649,1395.0,0.019651,711.0
1753531871381,12:11:11.381,ANIME/USDT:USDT,0.019627,75.0,0.019626,1384.0,0.019649,1395.0,0.019651,711.0
1753531871423,12:11:11.423,ANIME/USDT:USDT,0.019627,75.0,0.019626,1384.0,0.019649,1395.0,0.019651,711.0
1753531871552,12:11:11.552,ANIME/USDT:USDT,0.019627,1454.0,0.019626,5.0,0.019649,1395.0,0.019651,711.0
1753531871854,12:11:11.854,ANIME/USDT:USDT,0.019627,1454.0,0.019626,5.0,0.019649,1395.0,0.019651,711.0
1753531872687,12:11:12.687,ANIME/USDT:USDT,0.019628,1379.0,0.019627,75.0,0.019649,1395.0,0.019651,711.0
1753531872736,12:11:12.736,ANIME/USDT:USDT,0.019629,75.0,0.019628,1379.0,0.019649,1395.0,0.019651,711.0
1753531873074,12:11:13.074,ANIME/USDT:USDT,0.019629,75.0,0.019628,1379.0,0.019649,1395.0,0.019651,711.0
1753531873161,12:11:13.161,ANIME/USDT:USDT,0.019629,75.0,0.019628,1379.0,0.019649,1395.0,0.019651,711.0
1753531873222,12:11:13.222,ANIME/USDT:USDT,0.019629,75.0,0.019628,1379.0,0.019649,1395.0,0.019651,711.0
1753531873417,12:11:13.417,ANIME/USDT:USDT,0.019629,75.0,0.019628,1379.0,0.019649,1395.0,0.019651,711.0
1753531873505,12:11:13.505,ANIME/USDT:USDT,0.019629,75.0,0.019628,1379.0,0.019649,1395.0,0.019651,711.0
1753531873634,12:11:13.634,ANIME/USDT:USDT,0.019629,1454.0,0.019626,5.0,0.019649,1395.0,0.019651,711.0
1753531873820,12:11:13.820,ANIME/USDT:USDT,0.019629,75.0,0.019626,5.0,0.019649,1395.0,0.019651,711.0
1753531873927,12:11:13.927,ANIME/USDT:USDT,0.019626,5.0,0.019625,75.0,0.019649,1395.0,0.019651,711.0
1753531874315,12:11:14.315,ANIME/USDT:USDT,0.019626,5.0,0.019625,75.0,0.019649,1395.0,0.019651,711.0
1753531874511,12:11:14.511,ANIME/USDT:USDT,0.019627,1379.0,0.019626,5.0,0.019649,1395.0,0.019651,711.0
