timestamp,time,symbol,bid1_price,bid1_volume,bid2_price,bid2_volume,ask1_price,ask1_volume,ask2_price,ask2_volume
1753531593000,12:06:33.000,B3/USDT:USDT,0.002713,30.0,0.002712,241.0,0.002717,38.0,0.002718,223.0
1753531593410,12:06:33.410,B3/USDT:USDT,0.002713,30.0,0.002712,232.0,0.002717,38.0,0.002718,223.0
1753531593919,12:06:33.919,B3/USDT:USDT,0.002713,30.0,0.002712,232.0,0.002717,38.0,0.002718,223.0
1753531598028,12:06:38.028,B3/USDT:USDT,0.002713,30.0,0.002712,232.0,0.002717,38.0,0.002718,223.0
1753531598558,12:06:38.558,B3/USDT:USDT,0.002713,30.0,0.002712,232.0,0.002717,187.0,0.002718,223.0
1753531598653,12:06:38.653,B3/USDT:USDT,0.002713,30.0,0.002712,138.0,0.002717,187.0,0.002718,223.0
1753531598857,12:06:38.857,B3/USDT:USDT,0.002712,31.0,0.002711,30.0,0.002717,194.0,0.002718,216.0
1753531598933,12:06:38.933,B3/USDT:USDT,0.002712,31.0,0.002711,30.0,0.002717,194.0,0.002718,216.0
1753531599117,12:06:39.117,B3/USDT:USDT,0.002712,1.0,0.00271,140.0,0.002717,194.0,0.002718,216.0
1753531599661,12:06:39.661,B3/USDT:USDT,0.002712,1.0,0.00271,140.0,0.002717,194.0,0.002718,216.0
1753531600180,12:06:40.180,B3/USDT:USDT,0.002712,1.0,0.00271,30.0,0.002717,194.0,0.002718,216.0
1753531601046,12:06:41.046,B3/USDT:USDT,0.002712,1.0,0.00271,30.0,0.002717,194.0,0.002718,216.0
1753531601731,12:06:41.731,B3/USDT:USDT,0.002712,1.0,0.00271,30.0,0.002717,194.0,0.002718,216.0
1753531601954,12:06:41.954,B3/USDT:USDT,0.002712,1.0,0.00271,30.0,0.002717,194.0,0.002718,216.0
1753531602035,12:06:42.035,B3/USDT:USDT,0.002712,1.0,0.00271,30.0,0.002717,194.0,0.002718,216.0
1753531602260,12:06:42.260,B3/USDT:USDT,0.002712,1.0,0.00271,30.0,0.002717,194.0,0.002718,216.0
1753531602827,12:06:42.827,B3/USDT:USDT,0.002712,1.0,0.00271,119.0,0.002717,194.0,0.002718,216.0
1753531603148,12:06:43.148,B3/USDT:USDT,0.002712,1.0,0.00271,119.0,0.002717,194.0,0.002718,216.0
1753531603167,12:06:43.167,B3/USDT:USDT,0.002712,1.0,0.00271,30.0,0.002717,194.0,0.002718,216.0
1753531604015,12:06:44.015,B3/USDT:USDT,0.002712,1.0,0.00271,30.0,0.002717,194.0,0.002718,216.0
1753531604277,12:06:44.277,B3/USDT:USDT,0.002712,1.0,0.00271,30.0,0.002717,194.0,0.002718,216.0
1753531604488,12:06:44.488,B3/USDT:USDT,0.002712,1.0,0.00271,30.0,0.002717,194.0,0.002718,216.0
1753531604814,12:06:44.814,B3/USDT:USDT,0.002712,1.0,0.00271,30.0,0.002717,194.0,0.002718,216.0
1753531605000,12:06:45.000,B3/USDT:USDT,0.002712,1.0,0.00271,30.0,0.002717,194.0,0.002718,216.0
1753531605733,12:06:45.733,B3/USDT:USDT,0.002712,1.0,0.00271,30.0,0.002717,194.0,0.002718,216.0
1753531605800,12:06:45.800,B3/USDT:USDT,0.002712,1.0,0.00271,30.0,0.002717,194.0,0.002718,216.0
1753531605988,12:06:45.988,B3/USDT:USDT,0.002712,1.0,0.002709,30.0,0.002717,194.0,0.002718,216.0
1753531606484,12:06:46.484,B3/USDT:USDT,0.002712,1.0,0.002709,30.0,0.002717,194.0,0.002718,216.0
1753531607012,12:06:47.012,B3/USDT:USDT,0.002712,1.0,0.002709,39.0,0.002717,194.0,0.002718,216.0
1753531607602,12:06:47.602,B3/USDT:USDT,0.002712,1.0,0.002709,39.0,0.002717,194.0,0.002718,216.0
1753531608089,12:06:48.089,B3/USDT:USDT,0.002712,1.0,0.002709,39.0,0.002717,194.0,0.002718,216.0
1753531614126,12:06:54.126,B3/USDT:USDT,0.002712,1.0,0.002709,188.0,0.002717,194.0,0.002718,216.0
1753531617460,12:06:57.460,B3/USDT:USDT,0.002712,1.0,0.002709,188.0,0.002717,194.0,0.002718,216.0
1753531617487,12:06:57.487,B3/USDT:USDT,0.002712,1.0,0.002709,188.0,0.002717,45.0,0.002718,216.0
1753531617619,12:06:57.619,B3/USDT:USDT,0.002712,1.0,0.002709,188.0,0.002717,45.0,0.002718,216.0
1753531617742,12:06:57.742,B3/USDT:USDT,0.002712,1.0,0.002709,188.0,0.002717,45.0,0.002718,216.0
1753531618006,12:06:58.006,B3/USDT:USDT,0.002712,31.0,0.00271,9.0,0.002717,45.0,0.002718,186.0
1753531618549,12:06:58.549,B3/USDT:USDT,0.002712,31.0,0.00271,9.0,0.002717,45.0,0.002718,186.0
1753531618846,12:06:58.846,B3/USDT:USDT,0.002712,31.0,0.00271,39.0,0.002717,45.0,0.002718,186.0
1753531618960,12:06:58.960,B3/USDT:USDT,0.002712,31.0,0.00271,39.0,0.002717,45.0,0.002718,186.0
1753531619736,12:06:59.736,B3/USDT:USDT,0.002712,31.0,0.00271,39.0,0.002717,45.0,0.002718,186.0
1753531621327,12:07:01.327,B3/USDT:USDT,0.002712,31.0,0.002711,131.0,0.002717,45.0,0.002718,186.0
1753531621517,12:07:01.517,B3/USDT:USDT,0.002712,31.0,0.002711,131.0,0.002717,45.0,0.002718,186.0
1753531621802,12:07:01.802,B3/USDT:USDT,0.002712,31.0,0.002711,131.0,0.002717,45.0,0.002718,186.0
1753531622004,12:07:02.004,B3/USDT:USDT,0.002712,31.0,0.002711,140.0,0.002717,45.0,0.002718,186.0
1753531623655,12:07:03.655,B3/USDT:USDT,0.002712,189.0,0.002711,131.0,0.002717,45.0,0.002719,30.0
1753531624128,12:07:04.128,B3/USDT:USDT,0.002713,39.0,0.002712,180.0,0.002717,8.0,0.002718,7.0
1753531624179,12:07:04.179,B3/USDT:USDT,0.002713,30.0,0.002712,189.0,0.002717,8.0,0.002718,7.0
1753531624392,12:07:04.392,B3/USDT:USDT,0.002713,39.0,0.002712,180.0,0.002717,8.0,0.002718,7.0
1753531624644,12:07:04.644,B3/USDT:USDT,0.002713,39.0,0.002712,180.0,0.002717,8.0,0.002718,7.0
1753531624847,12:07:04.847,B3/USDT:USDT,0.002713,39.0,0.002712,180.0,0.002717,5.0,0.002718,7.0
1753531624907,12:07:04.907,B3/USDT:USDT,0.002714,33.0,0.002713,39.0,0.002717,5.0,0.002718,7.0
1753531625461,12:07:05.461,B3/USDT:USDT,0.002714,33.0,0.002713,39.0,0.002717,5.0,0.002718,7.0
1753531626065,12:07:06.065,B3/USDT:USDT,0.002716,8.0,0.002714,30.0,0.002719,30.0,0.00272,186.0
1753531626112,12:07:06.112,B3/USDT:USDT,0.002715,38.0,0.002714,39.0,0.002719,30.0,0.00272,186.0
1753531626362,12:07:06.362,B3/USDT:USDT,0.002715,38.0,0.002714,39.0,0.002719,30.0,0.00272,186.0
1753531626374,12:07:06.374,B3/USDT:USDT,0.002715,38.0,0.002714,39.0,0.002719,30.0,0.00272,186.0
1753531626754,12:07:06.754,B3/USDT:USDT,0.002715,38.0,0.002714,9.0,0.002719,30.0,0.00272,186.0
1753531627436,12:07:07.436,B3/USDT:USDT,0.002715,38.0,0.002714,9.0,0.002719,30.0,0.00272,186.0
1753531627509,12:07:07.509,B3/USDT:USDT,0.002715,76.0,0.002714,9.0,0.002719,30.0,0.00272,186.0
1753531627648,12:07:07.648,B3/USDT:USDT,0.002715,76.0,0.002714,9.0,0.002719,30.0,0.00272,186.0
1753531627668,12:07:07.668,B3/USDT:USDT,0.002715,76.0,0.002714,9.0,0.002719,30.0,0.00272,37.0
1753531627787,12:07:07.787,B3/USDT:USDT,0.002715,76.0,0.002714,9.0,0.002719,30.0,0.00272,37.0
1753531627965,12:07:07.965,B3/USDT:USDT,0.002715,225.0,0.002714,86.0,0.00272,7.0,0.002721,186.0
1753531628038,12:07:08.038,B3/USDT:USDT,0.002715,234.0,0.002714,77.0,0.002721,7.0,0.002722,30.0
1753531628159,12:07:08.159,B3/USDT:USDT,0.002715,234.0,0.002714,77.0,0.002721,7.0,0.002722,30.0
1753531628264,12:07:08.264,B3/USDT:USDT,0.002715,437.0,0.002714,77.0,0.002721,7.0,0.002722,30.0
1753531628330,12:07:08.330,B3/USDT:USDT,0.002717,30.0,0.002716,178.0,0.002722,37.0,0.002723,179.0
1753531628437,12:07:08.437,B3/USDT:USDT,0.002718,38.0,0.002717,30.0,0.002722,30.0,0.002723,186.0
1753531628507,12:07:08.507,B3/USDT:USDT,0.002718,38.0,0.002717,30.0,0.002722,30.0,0.002723,186.0
1753531628656,12:07:08.656,B3/USDT:USDT,0.002718,38.0,0.002717,30.0,0.002722,30.0,0.002723,186.0
1753531628750,12:07:08.750,B3/USDT:USDT,0.002718,38.0,0.002717,30.0,0.002722,30.0,0.002723,186.0
1753531628955,12:07:08.955,B3/USDT:USDT,0.002718,38.0,0.002717,30.0,0.002722,30.0,0.002723,186.0
1753531629005,12:07:09.005,B3/USDT:USDT,0.002718,38.0,0.002717,30.0,0.002722,30.0,0.002723,186.0
1753531629156,12:07:09.156,B3/USDT:USDT,0.002718,38.0,0.002717,30.0,0.002722,30.0,0.002723,37.0
1753531629258,12:07:09.258,B3/USDT:USDT,0.002718,56.0,0.002717,30.0,0.002722,30.0,0.002723,37.0
1753531629340,12:07:09.340,B3/USDT:USDT,0.002718,38.0,0.002717,30.0,0.002722,30.0,0.002723,37.0
1753531629439,12:07:09.439,B3/USDT:USDT,0.002718,38.0,0.002717,30.0,0.002722,30.0,0.002723,37.0
1753531629574,12:07:09.574,B3/USDT:USDT,0.002718,38.0,0.002717,30.0,0.002722,30.0,0.002723,37.0
1753531629752,12:07:09.752,B3/USDT:USDT,0.002718,8.0,0.002717,30.0,0.002722,30.0,0.002723,37.0
1753531629964,12:07:09.964,B3/USDT:USDT,0.002718,8.0,0.002717,112.0,0.002722,30.0,0.002723,37.0
1753531630057,12:07:10.057,B3/USDT:USDT,0.002718,26.0,0.002717,121.0,0.002722,30.0,0.002723,37.0
1753531630147,12:07:10.147,B3/USDT:USDT,0.002718,26.0,0.002717,39.0,0.002722,30.0,0.002723,37.0
1753531630363,12:07:10.363,B3/USDT:USDT,0.002718,44.0,0.002717,39.0,0.002722,30.0,0.002723,37.0
1753531630562,12:07:10.562,B3/USDT:USDT,0.002718,74.0,0.002717,243.0,0.002722,27.0,0.002723,37.0
1753531630600,12:07:10.600,B3/USDT:USDT,0.002718,232.0,0.002717,234.0,0.002723,37.0,0.002725,30.0
1753531630765,12:07:10.765,B3/USDT:USDT,0.002719,30.0,0.002718,47.0,0.002725,37.0,0.002726,179.0
1753531630836,12:07:10.836,B3/USDT:USDT,0.00272,38.0,0.002719,30.0,0.002725,37.0,0.002726,179.0
1753531630929,12:07:10.929,B3/USDT:USDT,0.00272,38.0,0.002719,30.0,0.002725,37.0,0.002726,179.0
1753531631065,12:07:11.065,B3/USDT:USDT,0.00272,38.0,0.002719,30.0,0.002725,37.0,0.002726,179.0
1753531631114,12:07:11.114,B3/USDT:USDT,0.00272,38.0,0.002719,30.0,0.002725,37.0,0.002726,179.0
1753531631206,12:07:11.206,B3/USDT:USDT,0.00272,38.0,0.002719,30.0,0.002725,37.0,0.002726,179.0
1753531631347,12:07:11.347,B3/USDT:USDT,0.00272,38.0,0.002719,30.0,0.002725,37.0,0.002726,179.0
1753531631412,12:07:11.412,B3/USDT:USDT,0.00272,38.0,0.002719,30.0,0.002725,37.0,0.002726,179.0
1753531631652,12:07:11.652,B3/USDT:USDT,0.00272,38.0,0.002719,30.0,0.002725,37.0,0.002726,179.0
1753531631757,12:07:11.757,B3/USDT:USDT,0.00272,38.0,0.002719,120.0,0.002725,37.0,0.002726,179.0
1753531631829,12:07:11.829,B3/USDT:USDT,0.00272,38.0,0.002719,120.0,0.002725,37.0,0.002726,179.0
1753531632061,12:07:12.061,B3/USDT:USDT,0.00272,38.0,0.002719,120.0,0.002725,37.0,0.002726,179.0
1753531632182,12:07:12.182,B3/USDT:USDT,0.00272,38.0,0.002719,120.0,0.002725,37.0,0.002726,179.0
1753531632482,12:07:12.482,B3/USDT:USDT,0.00272,38.0,0.002719,120.0,0.002725,37.0,0.002726,179.0
1753531632707,12:07:12.707,B3/USDT:USDT,0.00272,38.0,0.002719,30.0,0.002725,37.0,0.002726,179.0
1753531632899,12:07:12.899,B3/USDT:USDT,0.00272,38.0,0.002719,30.0,0.002725,37.0,0.002726,179.0
1753531633260,12:07:13.260,B3/USDT:USDT,0.00272,38.0,0.002719,30.0,0.002725,37.0,0.002726,179.0
1753531633335,12:07:13.335,B3/USDT:USDT,0.00272,56.0,0.002719,30.0,0.002725,37.0,0.002726,179.0
1753531633408,12:07:13.408,B3/USDT:USDT,0.00272,38.0,0.002719,30.0,0.002725,37.0,0.002726,179.0
1753531633474,12:07:13.474,B3/USDT:USDT,0.00272,56.0,0.002719,30.0,0.002725,37.0,0.002726,179.0
1753531633676,12:07:13.676,B3/USDT:USDT,0.00272,26.0,0.002719,30.0,0.002725,37.0,0.002726,179.0
1753531633956,12:07:13.956,B3/USDT:USDT,0.00272,44.0,0.002719,30.0,0.002725,37.0,0.002726,179.0
1753531634665,12:07:14.665,B3/USDT:USDT,0.00272,74.0,0.002719,30.0,0.002725,37.0,0.002726,179.0
1753531634950,12:07:14.950,B3/USDT:USDT,0.00272,74.0,0.002719,30.0,0.002725,37.0,0.002726,179.0
1753531635427,12:07:15.427,B3/USDT:USDT,0.00272,74.0,0.002719,30.0,0.002725,37.0,0.002726,179.0
1753531635730,12:07:15.730,B3/USDT:USDT,0.00272,56.0,0.002719,30.0,0.002725,37.0,0.002726,179.0
1753531635952,12:07:15.952,B3/USDT:USDT,0.00272,56.0,0.002719,30.0,0.002725,37.0,0.002726,179.0
1753531636648,12:07:16.648,B3/USDT:USDT,0.00272,45.0,0.002719,30.0,0.002725,37.0,0.002726,179.0
1753531637050,12:07:17.050,B3/USDT:USDT,0.00272,45.0,0.002719,30.0,0.002725,37.0,0.002726,179.0
1753531637087,12:07:17.087,B3/USDT:USDT,0.00272,45.0,0.002719,155.0,0.002725,37.0,0.002726,179.0
1753531637495,12:07:17.495,B3/USDT:USDT,0.00272,45.0,0.002719,155.0,0.002725,37.0,0.002726,179.0
1753531637632,12:07:17.632,B3/USDT:USDT,0.00272,75.0,0.002719,155.0,0.002725,37.0,0.002726,179.0
1753531637758,12:07:17.758,B3/USDT:USDT,0.00272,75.0,0.002719,358.0,0.002725,37.0,0.002726,179.0
1753531638132,12:07:18.132,B3/USDT:USDT,0.00272,75.0,0.002719,30.0,0.002725,37.0,0.002726,179.0
1753531638228,12:07:18.228,B3/USDT:USDT,0.00272,75.0,0.002719,358.0,0.002725,37.0,0.002726,179.0
1753531639055,12:07:19.055,B3/USDT:USDT,0.00272,75.0,0.002719,358.0,0.002725,37.0,0.002726,179.0
1753531639074,12:07:19.074,B3/USDT:USDT,0.00272,75.0,0.002719,30.0,0.002725,37.0,0.002726,179.0
1753531639351,12:07:19.351,B3/USDT:USDT,0.00272,97.0,0.002719,30.0,0.002725,37.0,0.002726,179.0
1753531639468,12:07:19.468,B3/USDT:USDT,0.00272,97.0,0.002719,30.0,0.002725,37.0,0.002726,179.0
1753531639627,12:07:19.627,B3/USDT:USDT,0.00272,67.0,0.002719,30.0,0.002725,37.0,0.002726,179.0
1753531639753,12:07:19.753,B3/USDT:USDT,0.00272,85.0,0.002719,30.0,0.002725,37.0,0.002726,179.0
1753531639951,12:07:19.951,B3/USDT:USDT,0.00272,103.0,0.002719,30.0,0.002725,37.0,0.002726,179.0
1753531640009,12:07:20.009,B3/USDT:USDT,0.00272,103.0,0.002719,233.0,0.002725,37.0,0.002726,179.0
1753531640206,12:07:20.206,B3/USDT:USDT,0.00272,103.0,0.002719,233.0,0.002725,37.0,0.002726,179.0
1753531640542,12:07:20.542,B3/USDT:USDT,0.00272,147.0,0.002719,233.0,0.002725,37.0,0.002726,179.0
1753531640608,12:07:20.608,B3/USDT:USDT,0.002721,30.0,0.00272,177.0,0.002725,37.0,0.002726,179.0
1753531640731,12:07:20.731,B3/USDT:USDT,0.002722,8.0,0.002721,30.0,0.002725,30.0,0.002726,186.0
1753531640801,12:07:20.801,B3/USDT:USDT,0.002722,8.0,0.002721,30.0,0.002725,30.0,0.002726,186.0
1753531640903,12:07:20.903,B3/USDT:USDT,0.002722,8.0,0.002721,30.0,0.002725,30.0,0.002726,186.0
1753531641005,12:07:21.005,B3/USDT:USDT,0.002722,8.0,0.002721,30.0,0.002725,30.0,0.002726,186.0
1753531641085,12:07:21.085,B3/USDT:USDT,0.002722,8.0,0.002721,30.0,0.002725,30.0,0.002726,186.0
1753531641415,12:07:21.415,B3/USDT:USDT,0.002722,8.0,0.002721,30.0,0.002725,30.0,0.002726,186.0
1753531641607,12:07:21.607,B3/USDT:USDT,0.002722,8.0,0.002721,30.0,0.002725,30.0,0.002726,186.0
1753531641797,12:07:21.797,B3/USDT:USDT,0.002722,8.0,0.002721,30.0,0.002725,30.0,0.002726,186.0
1753531642065,12:07:22.065,B3/USDT:USDT,0.002722,76.0,0.00272,122.0,0.002726,37.0,0.002727,186.0
1753531642147,12:07:22.147,B3/USDT:USDT,0.002722,174.0,0.00272,122.0,0.002726,30.0,0.002727,7.0
1753531642260,12:07:22.260,B3/USDT:USDT,0.002722,183.0,0.002721,286.0,0.002726,30.0,0.002727,7.0
1753531642348,12:07:22.348,B3/USDT:USDT,0.002722,183.0,0.002721,286.0,0.002728,37.0,0.002729,30.0
1753531642432,12:07:22.432,B3/USDT:USDT,0.002722,183.0,0.002721,286.0,0.002728,37.0,0.002729,30.0
1753531642561,12:07:22.561,B3/USDT:USDT,0.002722,183.0,0.002721,286.0,0.002728,37.0,0.002729,30.0
1753531642626,12:07:22.626,B3/USDT:USDT,0.002722,183.0,0.002721,286.0,0.002728,7.0,0.002729,30.0
1753531642747,12:07:22.747,B3/USDT:USDT,0.002722,183.0,0.002721,286.0,0.002728,7.0,0.002729,30.0
1753531642840,12:07:22.840,B3/USDT:USDT,0.002722,271.0,0.002721,435.0,0.002728,7.0,0.002729,30.0
1753531642926,12:07:22.926,B3/USDT:USDT,0.002722,289.0,0.002721,435.0,0.002728,7.0,0.002729,30.0
1753531642979,12:07:22.979,B3/USDT:USDT,0.002722,289.0,0.002721,435.0,0.002728,7.0,0.002729,30.0
1753531643164,12:07:23.164,B3/USDT:USDT,0.002722,289.0,0.002721,435.0,0.002728,7.0,0.002729,30.0
1753531643236,12:07:23.236,B3/USDT:USDT,0.002722,289.0,0.002721,435.0,0.002728,7.0,0.002729,30.0
1753531643565,12:07:23.565,B3/USDT:USDT,0.002722,289.0,0.002721,435.0,0.002728,7.0,0.002729,30.0
1753531643576,12:07:23.576,B3/USDT:USDT,0.002722,280.0,0.002721,444.0,0.002728,7.0,0.002729,30.0
1753531643768,12:07:23.768,B3/USDT:USDT,0.002722,289.0,0.002721,435.0,0.002728,7.0,0.002729,30.0
1753531644014,12:07:24.014,B3/USDT:USDT,0.002722,289.0,0.002721,435.0,0.002728,7.0,0.002729,30.0
1753531644461,12:07:24.461,B3/USDT:USDT,0.002722,183.0,0.002721,231.0,0.002728,7.0,0.002729,30.0
1753531644539,12:07:24.539,B3/USDT:USDT,0.002722,183.0,0.002721,149.0,0.002728,7.0,0.002729,30.0
1753531644651,12:07:24.651,B3/USDT:USDT,0.002722,183.0,0.002721,149.0,0.002728,7.0,0.002729,30.0
1753531644830,12:07:24.830,B3/USDT:USDT,0.002722,183.0,0.002721,149.0,0.002728,7.0,0.002729,30.0
1753531645064,12:07:25.064,B3/USDT:USDT,0.002722,183.0,0.002721,149.0,0.002728,7.0,0.002729,30.0
1753531645485,12:07:25.485,B3/USDT:USDT,0.002722,183.0,0.002721,149.0,0.002728,7.0,0.002729,30.0
1753531645642,12:07:25.642,B3/USDT:USDT,0.002722,296.0,0.002721,376.0,0.002728,7.0,0.002729,30.0
1753531645749,12:07:25.749,B3/USDT:USDT,0.002724,102.0,0.002723,110.0,0.002729,37.0,0.00273,216.0
1753531645798,12:07:25.798,B3/USDT:USDT,0.002725,38.0,0.002724,30.0,0.002729,30.0,0.00273,223.0
1753531645905,12:07:25.905,B3/USDT:USDT,0.002725,38.0,0.002724,30.0,0.002729,30.0,0.00273,223.0
1753531646164,12:07:26.164,B3/USDT:USDT,0.002725,92.0,0.002724,30.0,0.002729,30.0,0.00273,223.0
1753531646227,12:07:26.227,B3/USDT:USDT,0.002725,146.0,0.002724,30.0,0.002729,30.0,0.00273,223.0
1753531646269,12:07:26.269,B3/USDT:USDT,0.002725,146.0,0.002724,30.0,0.002729,30.0,0.00273,223.0
1753531646416,12:07:26.416,B3/USDT:USDT,0.002724,30.0,0.002723,110.0,0.002729,37.0,0.00273,216.0
1753531646531,12:07:26.531,B3/USDT:USDT,0.002724,30.0,0.002723,110.0,0.002728,36.0,0.002729,39.0
1753531646728,12:07:26.728,B3/USDT:USDT,0.002724,30.0,0.002723,110.0,0.002728,36.0,0.002729,39.0
1753531647059,12:07:27.059,B3/USDT:USDT,0.002724,30.0,0.002723,110.0,0.002728,36.0,0.002729,39.0
1753531647110,12:07:27.110,B3/USDT:USDT,0.002724,30.0,0.002723,110.0,0.002728,36.0,0.002729,39.0
1753531647557,12:07:27.557,B3/USDT:USDT,0.002724,30.0,0.002723,110.0,0.002728,36.0,0.002729,39.0
1753531647755,12:07:27.755,B3/USDT:USDT,0.002723,30.0,0.002722,30.0,0.002727,216.0,0.002728,43.0
1753531647780,12:07:27.780,B3/USDT:USDT,0.002723,30.0,0.002722,30.0,0.002726,38.0,0.002727,216.0
1753531648159,12:07:28.159,B3/USDT:USDT,0.002722,30.0,0.002721,30.0,0.002725,30.0,0.002726,194.0
1753531648181,12:07:28.181,B3/USDT:USDT,0.002722,30.0,0.002721,30.0,0.002725,30.0,0.002726,194.0
1753531648346,12:07:28.346,B3/USDT:USDT,0.002722,30.0,0.002721,30.0,0.002725,30.0,0.002726,194.0
1753531648378,12:07:28.378,B3/USDT:USDT,0.002722,30.0,0.002721,30.0,0.002725,30.0,0.002726,194.0
1753531648534,12:07:28.534,B3/USDT:USDT,0.002719,120.0,0.002718,9.0,0.002725,45.0,0.002726,195.0
1753531648662,12:07:28.662,B3/USDT:USDT,0.002719,234.0,0.002718,430.0,0.002725,45.0,0.002726,195.0
1753531648835,12:07:28.835,B3/USDT:USDT,0.002719,225.0,0.002718,439.0,0.002725,45.0,0.002726,195.0
1753531648936,12:07:28.936,B3/USDT:USDT,0.002719,225.0,0.002718,439.0,0.002725,45.0,0.002726,195.0
1753531649163,12:07:29.163,B3/USDT:USDT,0.002719,225.0,0.002718,439.0,0.002725,37.0,0.002726,187.0
1753531649226,12:07:29.226,B3/USDT:USDT,0.002719,225.0,0.002718,439.0,0.002725,37.0,0.002726,187.0
1753531649295,12:07:29.295,B3/USDT:USDT,0.002719,225.0,0.002718,290.0,0.002725,37.0,0.002726,187.0
1753531649497,12:07:29.497,B3/USDT:USDT,0.002719,225.0,0.002718,290.0,0.002725,37.0,0.002726,187.0
1753531649648,12:07:29.648,B3/USDT:USDT,0.002719,259.0,0.002718,290.0,0.002725,37.0,0.002726,187.0
1753531649761,12:07:29.761,B3/USDT:USDT,0.002719,290.0,0.002718,226.0,0.002725,37.0,0.002726,187.0
1753531649850,12:07:29.850,B3/USDT:USDT,0.002719,181.0,0.002718,77.0,0.002725,37.0,0.002726,187.0
1753531649887,12:07:29.887,B3/USDT:USDT,0.002719,181.0,0.002718,204.0,0.002725,37.0,0.002726,187.0
1753531650249,12:07:30.249,B3/USDT:USDT,0.002719,172.0,0.002718,290.0,0.002725,37.0,0.002726,187.0
1753531650465,12:07:30.465,B3/USDT:USDT,0.002719,120.0,0.002718,9.0,0.002725,37.0,0.002726,187.0
1753531650550,12:07:30.550,B3/USDT:USDT,0.002719,48.0,0.002718,9.0,0.002725,37.0,0.002726,187.0
1753531650649,12:07:30.649,B3/USDT:USDT,0.002719,138.0,0.002718,9.0,0.002725,37.0,0.002726,187.0
1753531650845,12:07:30.845,B3/USDT:USDT,0.002719,30.0,0.002718,9.0,0.002725,37.0,0.002726,187.0
1753531650923,12:07:30.923,B3/USDT:USDT,0.002719,30.0,0.002718,9.0,0.002725,37.0,0.002726,187.0
1753531651041,12:07:31.041,B3/USDT:USDT,0.002719,30.0,0.002718,9.0,0.002725,37.0,0.002726,187.0
1753531651154,12:07:31.154,B3/USDT:USDT,0.002719,30.0,0.002717,39.0,0.002725,37.0,0.002726,187.0
1753531651254,12:07:31.254,B3/USDT:USDT,0.002719,30.0,0.002717,167.0,0.002725,37.0,0.002726,187.0
1753531651295,12:07:31.295,B3/USDT:USDT,0.002719,30.0,0.002717,39.0,0.002725,37.0,0.002726,187.0
1753531651460,12:07:31.460,B3/USDT:USDT,0.002719,102.0,0.002717,39.0,0.002725,37.0,0.002726,187.0
1753531651489,12:07:31.489,B3/USDT:USDT,0.002719,30.0,0.002717,167.0,0.002725,37.0,0.002726,187.0
1753531651607,12:07:31.607,B3/USDT:USDT,0.002719,30.0,0.002717,39.0,0.002725,37.0,0.002726,187.0
1753531651719,12:07:31.719,B3/USDT:USDT,0.002719,30.0,0.002717,39.0,0.002725,37.0,0.002726,187.0
1753531651932,12:07:31.932,B3/USDT:USDT,0.002719,30.0,0.002717,39.0,0.002725,37.0,0.002726,187.0
1753531652028,12:07:32.028,B3/USDT:USDT,0.002719,30.0,0.002717,39.0,0.002725,37.0,0.002726,187.0
1753531652256,12:07:32.256,B3/USDT:USDT,0.002719,30.0,0.002717,39.0,0.002725,37.0,0.002726,187.0
1753531652465,12:07:32.465,B3/USDT:USDT,0.002719,30.0,0.002717,39.0,0.002725,37.0,0.002726,187.0
1753531652526,12:07:32.526,B3/USDT:USDT,0.002719,30.0,0.002717,39.0,0.002725,37.0,0.002726,187.0
1753531653183,12:07:33.183,B3/USDT:USDT,0.002719,30.0,0.002717,39.0,0.002725,37.0,0.002726,187.0
1753531653287,12:07:33.287,B3/USDT:USDT,0.002719,30.0,0.002717,167.0,0.002725,37.0,0.002726,187.0
1753531653407,12:07:33.407,B3/USDT:USDT,0.002719,30.0,0.002717,39.0,0.002725,37.0,0.002726,187.0
1753531653747,12:07:33.747,B3/USDT:USDT,0.002719,30.0,0.002717,39.0,0.002725,37.0,0.002726,187.0
1753531654264,12:07:34.264,B3/USDT:USDT,0.002719,30.0,0.002717,39.0,0.002725,37.0,0.002726,187.0
1753531654442,12:07:34.442,B3/USDT:USDT,0.002719,30.0,0.002717,39.0,0.002725,37.0,0.002726,187.0
1753531654561,12:07:34.561,B3/USDT:USDT,0.002719,30.0,0.002717,39.0,0.002725,37.0,0.002726,187.0
1753531654916,12:07:34.916,B3/USDT:USDT,0.002719,30.0,0.002717,30.0,0.002723,179.0,0.002724,193.0
1753531655032,12:07:35.032,B3/USDT:USDT,0.002719,30.0,0.002717,30.0,0.002723,187.0,0.002724,193.0
1753531655163,12:07:35.163,B3/USDT:USDT,0.002719,30.0,0.002717,30.0,0.002723,187.0,0.002724,193.0
1753531655222,12:07:35.222,B3/USDT:USDT,0.002719,30.0,0.002717,30.0,0.002723,187.0,0.002724,193.0
1753531655356,12:07:35.356,B3/USDT:USDT,0.002719,30.0,0.002717,30.0,0.002723,187.0,0.002724,193.0
1753531655462,12:07:35.462,B3/USDT:USDT,0.002717,30.0,0.002716,39.0,0.002723,194.0,0.002724,186.0
1753531655548,12:07:35.548,B3/USDT:USDT,0.002717,30.0,0.002716,30.0,0.002723,194.0,0.002724,186.0
1753531655647,12:07:35.647,B3/USDT:USDT,0.002717,30.0,0.002716,30.0,0.002723,194.0,0.002724,186.0
1753531655862,12:07:35.862,B3/USDT:USDT,0.002717,30.0,0.002716,30.0,0.002723,194.0,0.002724,186.0
1753531656050,12:07:36.050,B3/USDT:USDT,0.002717,30.0,0.002716,30.0,0.002723,194.0,0.002724,186.0
1753531656093,12:07:36.093,B3/USDT:USDT,0.002717,30.0,0.002716,30.0,0.002723,194.0,0.002724,186.0
1753531656208,12:07:36.208,B3/USDT:USDT,0.002717,30.0,0.002716,30.0,0.002723,194.0,0.002724,186.0
1753531656297,12:07:36.297,B3/USDT:USDT,0.002717,30.0,0.002716,30.0,0.002723,194.0,0.002724,186.0
1753531656421,12:07:36.421,B3/USDT:USDT,0.002716,30.0,0.002715,9.0,0.002723,194.0,0.002724,186.0
1753531656541,12:07:36.541,B3/USDT:USDT,0.002716,30.0,0.002714,39.0,0.002723,194.0,0.002724,186.0
1753531656722,12:07:36.722,B3/USDT:USDT,0.002716,30.0,0.002714,39.0,0.002723,194.0,0.002724,186.0
1753531656849,12:07:36.849,B3/USDT:USDT,0.002716,30.0,0.002714,30.0,0.002721,186.0,0.002723,194.0
1753531656958,12:07:36.958,B3/USDT:USDT,0.002716,30.0,0.002714,30.0,0.00272,187.0,0.002721,193.0
1753531657018,12:07:37.018,B3/USDT:USDT,0.002716,30.0,0.002714,30.0,0.00272,187.0,0.002721,193.0
1753531657160,12:07:37.160,B3/USDT:USDT,0.002714,30.0,0.002713,30.0,0.00272,194.0,0.002721,194.0
1753531657244,12:07:37.244,B3/USDT:USDT,0.002714,30.0,0.002713,30.0,0.00272,194.0,0.002721,194.0
1753531657279,12:07:37.279,B3/USDT:USDT,0.002714,30.0,0.002713,30.0,0.00272,194.0,0.002721,194.0
1753531657434,12:07:37.434,B3/USDT:USDT,0.002713,30.0,0.002712,1.0,0.00272,194.0,0.002721,194.0
1753531657565,12:07:37.565,B3/USDT:USDT,0.002713,30.0,0.002712,1.0,0.00272,194.0,0.002721,194.0
1753531657565,12:07:37.565,B3/USDT:USDT,0.002713,30.0,0.002712,1.0,0.00272,194.0,0.002721,194.0
1753531657840,12:07:37.840,B3/USDT:USDT,0.002713,30.0,0.002712,1.0,0.00272,194.0,0.002721,194.0
1753531658034,12:07:38.034,B3/USDT:USDT,0.002713,30.0,0.002712,1.0,0.002717,30.0,0.002718,223.0
1753531658087,12:07:38.087,B3/USDT:USDT,0.002713,30.0,0.002712,1.0,0.002717,187.0,0.002718,223.0
1753531658203,12:07:38.203,B3/USDT:USDT,0.002713,30.0,0.002712,1.0,0.002717,187.0,0.002718,223.0
1753531658410,12:07:38.410,B3/USDT:USDT,0.002713,30.0,0.002712,1.0,0.002717,187.0,0.002718,193.0
1753531658724,12:07:38.724,B3/USDT:USDT,0.002713,30.0,0.002712,1.0,0.002717,187.0,0.002718,193.0
1753531658799,12:07:38.799,B3/USDT:USDT,0.002713,30.0,0.002712,1.0,0.002717,187.0,0.002718,193.0
1753531658932,12:07:38.932,B3/USDT:USDT,0.002713,30.0,0.002712,1.0,0.002717,187.0,0.002718,193.0
1753531659064,12:07:39.064,B3/USDT:USDT,0.002713,30.0,0.002712,1.0,0.002717,187.0,0.002718,193.0
1753531659078,12:07:39.078,B3/USDT:USDT,0.002713,30.0,0.002712,1.0,0.002717,187.0,0.002718,193.0
1753531659223,12:07:39.223,B3/USDT:USDT,0.002713,30.0,0.002712,1.0,0.002717,187.0,0.002718,193.0
1753531659456,12:07:39.456,B3/USDT:USDT,0.002713,30.0,0.002712,1.0,0.002717,8.0,0.002718,7.0
1753531659527,12:07:39.527,B3/USDT:USDT,0.002713,30.0,0.002712,158.0,0.002719,37.0,0.00272,157.0
1753531659617,12:07:39.617,B3/USDT:USDT,0.002713,30.0,0.002712,158.0,0.002719,37.0,0.00272,157.0
1753531660839,12:07:40.839,B3/USDT:USDT,0.002713,30.0,0.002712,158.0,0.002719,37.0,0.00272,157.0
1753531661255,12:07:41.255,B3/USDT:USDT,0.002713,30.0,0.002712,158.0,0.002719,37.0,0.00272,157.0
1753531661565,12:07:41.565,B3/USDT:USDT,0.002713,30.0,0.002712,158.0,0.002719,37.0,0.00272,157.0
1753531661569,12:07:41.569,B3/USDT:USDT,0.002713,30.0,0.002712,158.0,0.002719,37.0,0.00272,157.0
1753531662011,12:07:42.011,B3/USDT:USDT,0.002713,30.0,0.002712,167.0,0.002719,37.0,0.00272,157.0
1753531662366,12:07:42.366,B3/USDT:USDT,0.002713,30.0,0.002712,167.0,0.002719,37.0,0.00272,157.0
1753531664262,12:07:44.262,B3/USDT:USDT,0.002713,30.0,0.002712,167.0,0.002719,37.0,0.00272,157.0
1753531666554,12:07:46.554,B3/USDT:USDT,0.002713,30.0,0.002712,167.0,0.002719,37.0,0.00272,157.0
1753531666571,12:07:46.571,B3/USDT:USDT,0.002713,30.0,0.002712,167.0,0.002719,37.0,0.00272,157.0
1753531666908,12:07:46.908,B3/USDT:USDT,0.002713,30.0,0.002712,167.0,0.002719,37.0,0.00272,157.0
1753531667408,12:07:47.408,B3/USDT:USDT,0.002713,30.0,0.002712,167.0,0.002719,37.0,0.00272,157.0
1753531669595,12:07:49.595,B3/USDT:USDT,0.002713,30.0,0.002712,167.0,0.002719,37.0,0.00272,157.0
1753531670852,12:07:50.852,B3/USDT:USDT,0.002713,30.0,0.002712,167.0,0.002719,37.0,0.00272,157.0
1753531671927,12:07:51.927,B3/USDT:USDT,0.002713,30.0,0.002712,167.0,0.002719,37.0,0.00272,157.0
1753531672374,12:07:52.374,B3/USDT:USDT,0.002713,30.0,0.002712,167.0,0.002719,37.0,0.00272,157.0
1753531675201,12:07:55.201,B3/USDT:USDT,0.002713,30.0,0.002712,167.0,0.002719,37.0,0.00272,157.0
1753531680182,12:08:00.182,B3/USDT:USDT,0.002713,39.0,0.002712,158.0,0.002719,37.0,0.00272,157.0
1753531680307,12:08:00.307,B3/USDT:USDT,0.002713,30.0,0.002712,167.0,0.002719,37.0,0.00272,157.0
1753531680710,12:08:00.710,B3/USDT:USDT,0.002713,30.0,0.002712,167.0,0.002719,37.0,0.00272,157.0
1753531681228,12:08:01.228,B3/USDT:USDT,0.002713,30.0,0.002712,167.0,0.002719,37.0,0.00272,157.0
1753531682944,12:08:02.944,B3/USDT:USDT,0.002713,48.0,0.002712,167.0,0.002719,37.0,0.00272,157.0
1753531682978,12:08:02.978,B3/USDT:USDT,0.002713,66.0,0.002712,167.0,0.002719,37.0,0.00272,157.0
1753531683828,12:08:03.828,B3/USDT:USDT,0.002713,30.0,0.002712,167.0,0.002719,37.0,0.00272,157.0
1753531685016,12:08:05.016,B3/USDT:USDT,0.002713,30.0,0.002712,167.0,0.002719,37.0,0.00272,157.0
1753531685799,12:08:05.799,B3/USDT:USDT,0.002713,30.0,0.002712,167.0,0.002719,37.0,0.00272,157.0
1753531686063,12:08:06.063,B3/USDT:USDT,0.002713,66.0,0.002712,167.0,0.002719,37.0,0.00272,157.0
1753531686118,12:08:06.118,B3/USDT:USDT,0.002713,30.0,0.002712,167.0,0.002719,37.0,0.00272,157.0
1753531686299,12:08:06.299,B3/USDT:USDT,0.002713,30.0,0.002712,167.0,0.002719,37.0,0.00272,157.0
1753531686660,12:08:06.660,B3/USDT:USDT,0.002713,84.0,0.002712,167.0,0.002719,37.0,0.00272,157.0
1753531686740,12:08:06.740,B3/USDT:USDT,0.002713,30.0,0.002712,1.0,0.002718,193.0,0.002719,38.0
1753531686791,12:08:06.791,B3/USDT:USDT,0.002713,30.0,0.002712,1.0,0.002718,193.0,0.002719,38.0
1753531686905,12:08:06.905,B3/USDT:USDT,0.002713,30.0,0.002712,1.0,0.002717,8.0,0.002718,193.0
1753531687055,12:08:07.055,B3/USDT:USDT,0.002713,30.0,0.002712,1.0,0.002717,8.0,0.002718,193.0
1753531687804,12:08:07.804,B3/USDT:USDT,0.002713,30.0,0.002712,1.0,0.002717,8.0,0.002718,193.0
1753531688224,12:08:08.224,B3/USDT:USDT,0.002713,30.0,0.002712,1.0,0.002717,8.0,0.002718,193.0
1753531689003,12:08:09.003,B3/USDT:USDT,0.002713,30.0,0.002712,1.0,0.002717,8.0,0.002718,193.0
1753531690567,12:08:10.567,B3/USDT:USDT,0.002713,30.0,0.002712,1.0,0.002717,8.0,0.002718,193.0
1753531691376,12:08:11.376,B3/USDT:USDT,0.002713,30.0,0.002712,1.0,0.002717,8.0,0.002718,193.0
1753531693363,12:08:13.363,B3/USDT:USDT,0.002713,30.0,0.002712,1.0,0.002717,8.0,0.002718,193.0
1753531693365,12:08:13.365,B3/USDT:USDT,0.002713,30.0,0.002712,1.0,0.002717,8.0,0.002718,193.0
1753531693468,12:08:13.468,B3/USDT:USDT,0.002713,30.0,0.002712,1.0,0.002717,8.0,0.002718,193.0
1753531693898,12:08:13.898,B3/USDT:USDT,0.002713,30.0,0.002712,1.0,0.002717,8.0,0.002718,193.0
1753531694002,12:08:14.002,B3/USDT:USDT,0.002713,30.0,0.002712,1.0,0.002717,38.0,0.002718,193.0
1753531694250,12:08:14.250,B3/USDT:USDT,0.002713,30.0,0.002712,1.0,0.002717,38.0,0.002718,193.0
1753531694750,12:08:14.750,B3/USDT:USDT,0.002713,30.0,0.002712,1.0,0.002717,38.0,0.002718,193.0
1753531695007,12:08:15.007,B3/USDT:USDT,0.002713,30.0,0.002712,1.0,0.002717,38.0,0.002718,193.0
1753531695121,12:08:15.121,B3/USDT:USDT,0.002713,30.0,0.002712,1.0,0.002717,38.0,0.002718,193.0
1753531696867,12:08:16.867,B3/USDT:USDT,0.002713,30.0,0.002712,1.0,0.002717,38.0,0.002718,193.0
1753531700938,12:08:20.938,B3/USDT:USDT,0.002713,30.0,0.002712,1.0,0.002717,38.0,0.002718,193.0
1753531701088,12:08:21.088,B3/USDT:USDT,0.002713,30.0,0.002712,1.0,0.002717,187.0,0.002718,193.0
1753531701520,12:08:21.520,B3/USDT:USDT,0.002713,30.0,0.002712,1.0,0.002717,38.0,0.002718,193.0
1753531701628,12:08:21.628,B3/USDT:USDT,0.002713,30.0,0.002712,1.0,0.002717,38.0,0.002718,193.0
1753531703013,12:08:23.013,B3/USDT:USDT,0.002713,30.0,0.002712,1.0,0.002717,38.0,0.002718,193.0
1753531704593,12:08:24.593,B3/USDT:USDT,0.002713,30.0,0.002712,1.0,0.002717,38.0,0.002718,193.0
1753531713027,12:08:33.027,B3/USDT:USDT,0.002713,30.0,0.002712,1.0,0.002717,38.0,0.002718,193.0
1753531713528,12:08:33.528,B3/USDT:USDT,0.002713,30.0,0.002712,1.0,0.002717,38.0,0.002718,193.0
1753531714196,12:08:34.196,B3/USDT:USDT,0.002713,30.0,0.002712,1.0,0.002717,38.0,0.002718,193.0
1753531715722,12:08:35.722,B3/USDT:USDT,0.002713,30.0,0.002712,1.0,0.002717,38.0,0.002718,193.0
1753531716007,12:08:36.007,B3/USDT:USDT,0.002713,30.0,0.002712,1.0,0.002717,187.0,0.002718,193.0
1753531717761,12:08:37.761,B3/USDT:USDT,0.002713,30.0,0.002712,1.0,0.002717,187.0,0.002718,193.0
1753531717784,12:08:37.784,B3/USDT:USDT,0.002713,30.0,0.002712,1.0,0.002717,187.0,0.002718,193.0
1753531721427,12:08:41.427,B3/USDT:USDT,0.002713,30.0,0.002712,1.0,0.002717,38.0,0.002718,193.0
1753531721487,12:08:41.487,B3/USDT:USDT,0.002713,30.0,0.002712,1.0,0.002717,38.0,0.002718,193.0
1753531721722,12:08:41.722,B3/USDT:USDT,0.002713,30.0,0.002712,1.0,0.002717,38.0,0.002718,193.0
1753531721815,12:08:41.815,B3/USDT:USDT,0.002713,30.0,0.002712,1.0,0.002717,38.0,0.002718,193.0
1753531722007,12:08:42.007,B3/USDT:USDT,0.002713,30.0,0.002712,1.0,0.002717,38.0,0.002718,193.0
1753531730188,12:08:50.188,B3/USDT:USDT,0.002713,30.0,0.002712,1.0,0.002717,38.0,0.002718,193.0
1753531733708,12:08:53.708,B3/USDT:USDT,0.002713,30.0,0.002712,1.0,0.002717,38.0,0.002718,193.0
1753531740356,12:09:00.356,B3/USDT:USDT,0.002713,30.0,0.002712,1.0,0.002717,38.0,0.002718,193.0
1753531740367,12:09:00.367,B3/USDT:USDT,0.002713,30.0,0.002712,1.0,0.002717,38.0,0.002718,193.0
1753531744057,12:09:04.057,B3/USDT:USDT,0.002713,30.0,0.002712,1.0,0.002717,38.0,0.002718,193.0
1753531753434,12:09:13.434,B3/USDT:USDT,0.002713,30.0,0.002712,1.0,0.002717,46.0,0.002718,201.0
1753531753957,12:09:13.957,B3/USDT:USDT,0.002713,30.0,0.002712,1.0,0.002717,46.0,0.002718,201.0
1753531755005,12:09:15.005,B3/USDT:USDT,0.002713,30.0,0.002712,1.0,0.002717,46.0,0.002718,201.0
1753531758788,12:09:18.788,B3/USDT:USDT,0.002713,30.0,0.002712,1.0,0.002717,46.0,0.002718,201.0
1753531759307,12:09:19.307,B3/USDT:USDT,0.002713,30.0,0.002712,1.0,0.002717,46.0,0.002718,201.0
1753531764669,12:09:24.669,B3/USDT:USDT,0.002713,30.0,0.002712,1.0,0.002717,46.0,0.002718,201.0
1753531765240,12:09:25.240,B3/USDT:USDT,0.002713,30.0,0.002712,1.0,0.002717,46.0,0.002718,201.0
1753531765356,12:09:25.356,B3/USDT:USDT,0.002713,30.0,0.002712,1.0,0.002717,46.0,0.002718,201.0
1753531772859,12:09:32.859,B3/USDT:USDT,0.002713,30.0,0.002712,1.0,0.002717,46.0,0.002718,201.0
1753531772924,12:09:32.924,B3/USDT:USDT,0.002713,30.0,0.002712,1.0,0.002717,46.0,0.002718,201.0
1753531773037,12:09:33.037,B3/USDT:USDT,0.002713,30.0,0.002712,1.0,0.002717,46.0,0.002718,201.0
1753531773161,12:09:33.161,B3/USDT:USDT,0.002713,30.0,0.002712,1.0,0.002717,46.0,0.002718,201.0
1753531773361,12:09:33.361,B3/USDT:USDT,0.002713,30.0,0.002712,1.0,0.002717,46.0,0.002718,201.0
1753531773530,12:09:33.530,B3/USDT:USDT,0.002712,1.0,0.00271,112.0,0.002717,195.0,0.002718,201.0
1753531773661,12:09:33.661,B3/USDT:USDT,0.002712,1.0,0.00271,112.0,0.002716,7.0,0.002717,195.0
1753531773749,12:09:33.749,B3/USDT:USDT,0.002712,1.0,0.00271,112.0,0.002716,37.0,0.002717,195.0
1753531773863,12:09:33.863,B3/USDT:USDT,0.002712,1.0,0.002709,149.0,0.002716,37.0,0.002717,195.0
1753531773928,12:09:33.928,B3/USDT:USDT,0.002712,1.0,0.002709,149.0,0.002716,37.0,0.002717,195.0
1753531774015,12:09:34.015,B3/USDT:USDT,0.002712,1.0,0.002709,158.0,0.002716,37.0,0.002717,195.0
1753531774094,12:09:34.094,B3/USDT:USDT,0.002712,1.0,0.00271,30.0,0.002716,37.0,0.002717,195.0
1753531774216,12:09:34.216,B3/USDT:USDT,0.002712,1.0,0.00271,30.0,0.002716,37.0,0.002717,195.0
1753531774648,12:09:34.648,B3/USDT:USDT,0.002712,1.0,0.00271,30.0,0.002716,37.0,0.002717,195.0
1753531774699,12:09:34.699,B3/USDT:USDT,0.002712,1.0,0.00271,30.0,0.002716,37.0,0.002717,195.0
1753531774864,12:09:34.864,B3/USDT:USDT,0.002712,1.0,0.00271,30.0,0.002716,37.0,0.002717,195.0
1753531774892,12:09:34.892,B3/USDT:USDT,0.002712,1.0,0.00271,30.0,0.002716,37.0,0.002717,195.0
1753531775064,12:09:35.064,B3/USDT:USDT,0.002712,1.0,0.00271,30.0,0.002716,37.0,0.002717,195.0
1753531775064,12:09:35.064,B3/USDT:USDT,0.002712,1.0,0.00271,30.0,0.002716,37.0,0.002717,195.0
1753531775384,12:09:35.384,B3/USDT:USDT,0.002712,1.0,0.00271,30.0,0.002716,37.0,0.002717,195.0
1753531777645,12:09:37.645,B3/USDT:USDT,0.002712,1.0,0.00271,30.0,0.002716,37.0,0.002717,195.0
1753531780027,12:09:40.027,B3/USDT:USDT,0.002712,1.0,0.00271,30.0,0.002716,37.0,0.002717,195.0
1753531785003,12:09:45.003,B3/USDT:USDT,0.002712,1.0,0.00271,30.0,0.002716,37.0,0.002717,195.0
1753531787975,12:09:47.975,B3/USDT:USDT,0.002712,1.0,0.00271,30.0,0.002716,37.0,0.002717,195.0
1753531788216,12:09:48.216,B3/USDT:USDT,0.002712,1.0,0.00271,30.0,0.002716,37.0,0.002717,195.0
1753531808401,12:10:08.401,B3/USDT:USDT,0.002712,1.0,0.00271,30.0,0.002716,37.0,0.002717,195.0
1753531808961,12:10:08.961,B3/USDT:USDT,0.002712,1.0,0.00271,30.0,0.002716,37.0,0.002717,38.0
1753531809049,12:10:09.049,B3/USDT:USDT,0.002712,1.0,0.00271,30.0,0.002716,37.0,0.002717,38.0
1753531809154,12:10:09.154,B3/USDT:USDT,0.002712,1.0,0.00271,30.0,0.002716,37.0,0.002717,38.0
1753531809264,12:10:09.264,B3/USDT:USDT,0.002712,1.0,0.00271,30.0,0.002716,37.0,0.002717,38.0
1753531809284,12:10:09.284,B3/USDT:USDT,0.002712,1.0,0.00271,138.0,0.002716,37.0,0.002717,38.0
1753531809698,12:10:09.698,B3/USDT:USDT,0.002712,31.0,0.00271,138.0,0.002716,37.0,0.002717,38.0
1753531810063,12:10:10.063,B3/USDT:USDT,0.002712,31.0,0.00271,147.0,0.002716,37.0,0.002717,38.0
1753531810848,12:10:10.848,B3/USDT:USDT,0.002712,31.0,0.00271,262.0,0.002716,37.0,0.002717,38.0
1753531810927,12:10:10.927,B3/USDT:USDT,0.002712,31.0,0.002711,100.0,0.002716,37.0,0.002717,38.0
1753531810992,12:10:10.992,B3/USDT:USDT,0.002712,31.0,0.002711,100.0,0.002716,30.0,0.002717,45.0
1753531811703,12:10:11.703,B3/USDT:USDT,0.002712,31.0,0.002711,100.0,0.002716,30.0,0.002717,45.0
1753531814006,12:10:14.006,B3/USDT:USDT,0.002712,31.0,0.002711,109.0,0.002716,30.0,0.002717,45.0
1753531814855,12:10:14.855,B3/USDT:USDT,0.002712,31.0,0.002711,100.0,0.002716,30.0,0.002717,45.0
1753531814907,12:10:14.907,B3/USDT:USDT,0.002712,31.0,0.002711,109.0,0.002716,30.0,0.002717,45.0
1753531818601,12:10:18.601,B3/USDT:USDT,0.002712,31.0,0.002711,109.0,0.002716,30.0,0.002717,45.0
1753531818818,12:10:18.818,B3/USDT:USDT,0.002712,31.0,0.002711,109.0,0.002716,30.0,0.002717,45.0
1753531818946,12:10:18.946,B3/USDT:USDT,0.002712,31.0,0.002711,109.0,0.002716,30.0,0.002717,45.0
1753531818966,12:10:18.966,B3/USDT:USDT,0.002712,31.0,0.002711,109.0,0.002716,30.0,0.002717,45.0
1753531819325,12:10:19.325,B3/USDT:USDT,0.002712,31.0,0.002711,109.0,0.002716,30.0,0.002717,45.0
1753531819790,12:10:19.790,B3/USDT:USDT,0.002712,31.0,0.002711,109.0,0.002716,30.0,0.002717,45.0
1753531820157,12:10:20.157,B3/USDT:USDT,0.002712,31.0,0.002711,109.0,0.002716,30.0,0.002717,45.0
1753531820214,12:10:20.214,B3/USDT:USDT,0.002712,31.0,0.002711,109.0,0.002716,30.0,0.002717,45.0
1753531820543,12:10:20.543,B3/USDT:USDT,0.002712,31.0,0.002711,109.0,0.002716,30.0,0.002717,45.0
1753531820680,12:10:20.680,B3/USDT:USDT,0.002712,31.0,0.002711,109.0,0.002716,30.0,0.002717,45.0
1753531822163,12:10:22.163,B3/USDT:USDT,0.002712,31.0,0.002711,109.0,0.002716,30.0,0.002717,45.0
1753531822181,12:10:22.181,B3/USDT:USDT,0.002712,31.0,0.002711,109.0,0.002716,30.0,0.002717,45.0
1753531822324,12:10:22.324,B3/USDT:USDT,0.002712,31.0,0.002711,109.0,0.002716,30.0,0.002717,45.0
1753531823856,12:10:23.856,B3/USDT:USDT,0.002712,31.0,0.002711,109.0,0.002716,30.0,0.002717,45.0
1753531823922,12:10:23.922,B3/USDT:USDT,0.002712,31.0,0.002711,109.0,0.002716,30.0,0.002717,45.0
1753531826444,12:10:26.444,B3/USDT:USDT,0.002712,40.0,0.002711,100.0,0.00272,149.0,0.002721,186.0
1753531826507,12:10:26.507,B3/USDT:USDT,0.002713,38.0,0.002712,40.0,0.00272,149.0,0.002721,186.0
1753531826752,12:10:26.752,B3/USDT:USDT,0.002713,38.0,0.002712,40.0,0.00272,149.0,0.002721,186.0
1753531826933,12:10:26.933,B3/USDT:USDT,0.002713,47.0,0.002712,31.0,0.00272,149.0,0.002721,186.0
1753531827342,12:10:27.342,B3/USDT:USDT,0.002713,47.0,0.002712,180.0,0.00272,149.0,0.002721,186.0
1753531828006,12:10:28.006,B3/USDT:USDT,0.002713,47.0,0.002712,180.0,0.00272,149.0,0.002721,186.0
1753531828372,12:10:28.372,B3/USDT:USDT,0.002713,47.0,0.002712,180.0,0.00272,149.0,0.002721,186.0
1753531828769,12:10:28.769,B3/USDT:USDT,0.002713,47.0,0.002712,180.0,0.00272,149.0,0.002721,186.0
1753531829006,12:10:29.006,B3/USDT:USDT,0.002713,47.0,0.002712,180.0,0.00272,149.0,0.002721,186.0
1753531831056,12:10:31.056,B3/USDT:USDT,0.002713,47.0,0.002712,180.0,0.00272,149.0,0.002721,186.0
1753531831784,12:10:31.784,B3/USDT:USDT,0.002713,106.0,0.002712,180.0,0.00272,149.0,0.002721,186.0
1753531832305,12:10:32.305,B3/USDT:USDT,0.002713,166.0,0.002712,180.0,0.00272,149.0,0.002721,186.0
1753531834724,12:10:34.724,B3/USDT:USDT,0.002713,166.0,0.002712,180.0,0.00272,149.0,0.002721,186.0
1753531835905,12:10:35.905,B3/USDT:USDT,0.002713,166.0,0.002712,180.0,0.00272,149.0,0.002721,186.0
1753531836440,12:10:36.440,B3/USDT:USDT,0.002713,253.0,0.002712,289.0,0.00272,149.0,0.002721,186.0
1753531837388,12:10:37.388,B3/USDT:USDT,0.002713,253.0,0.002712,289.0,0.002719,30.0,0.00272,149.0
1753531837621,12:10:37.621,B3/USDT:USDT,0.002713,253.0,0.002712,289.0,0.002719,30.0,0.00272,149.0
1753531837728,12:10:37.728,B3/USDT:USDT,0.002713,253.0,0.002712,289.0,0.002719,30.0,0.00272,149.0
1753531838047,12:10:38.047,B3/USDT:USDT,0.002713,134.0,0.002712,289.0,0.002719,30.0,0.00272,149.0
1753531838101,12:10:38.101,B3/USDT:USDT,0.002713,134.0,0.002712,289.0,0.002719,30.0,0.00272,149.0
1753531838195,12:10:38.195,B3/USDT:USDT,0.002713,152.0,0.002712,289.0,0.002719,30.0,0.00272,149.0
1753531838301,12:10:38.301,B3/USDT:USDT,0.002713,152.0,0.002712,289.0,0.002719,30.0,0.00272,149.0
1753531838445,12:10:38.445,B3/USDT:USDT,0.002713,152.0,0.002712,289.0,0.002719,30.0,0.00272,149.0
1753531838541,12:10:38.541,B3/USDT:USDT,0.002713,152.0,0.002712,289.0,0.002719,30.0,0.00272,149.0
1753531838738,12:10:38.738,B3/USDT:USDT,0.002713,152.0,0.002712,289.0,0.002719,30.0,0.00272,149.0
1753531838864,12:10:38.864,B3/USDT:USDT,0.002713,152.0,0.002712,289.0,0.002719,30.0,0.00272,149.0
1753531838956,12:10:38.956,B3/USDT:USDT,0.002713,152.0,0.002712,289.0,0.002719,30.0,0.00272,149.0
1753531839005,12:10:39.005,B3/USDT:USDT,0.002713,152.0,0.002712,289.0,0.002719,30.0,0.00272,149.0
1753531839067,12:10:39.067,B3/USDT:USDT,0.002713,152.0,0.002712,289.0,0.002719,30.0,0.00272,149.0
1753531839283,12:10:39.283,B3/USDT:USDT,0.002713,152.0,0.002712,289.0,0.002719,30.0,0.00272,149.0
1753531839382,12:10:39.382,B3/USDT:USDT,0.002713,152.0,0.002712,289.0,0.002719,30.0,0.00272,149.0
1753531839698,12:10:39.698,B3/USDT:USDT,0.002713,152.0,0.002712,289.0,0.002719,30.0,0.00272,149.0
1753531839948,12:10:39.948,B3/USDT:USDT,0.002713,152.0,0.002712,289.0,0.002719,30.0,0.00272,149.0
1753531840114,12:10:40.114,B3/USDT:USDT,0.002713,152.0,0.002712,289.0,0.002719,30.0,0.00272,149.0
1753531840900,12:10:40.900,B3/USDT:USDT,0.002713,190.0,0.002712,289.0,0.002719,30.0,0.00272,149.0
1753531842100,12:10:42.100,B3/USDT:USDT,0.002713,152.0,0.002712,289.0,0.002719,30.0,0.00272,149.0
1753531842263,12:10:42.263,B3/USDT:USDT,0.002713,190.0,0.002712,289.0,0.002719,30.0,0.00272,149.0
1753531842302,12:10:42.302,B3/USDT:USDT,0.002713,152.0,0.002712,289.0,0.002719,30.0,0.00272,149.0
1753531842574,12:10:42.574,B3/USDT:USDT,0.002713,152.0,0.002712,289.0,0.002719,30.0,0.00272,149.0
1753531842752,12:10:42.752,B3/USDT:USDT,0.002713,170.0,0.002712,289.0,0.002719,30.0,0.00272,149.0
1753531842779,12:10:42.779,B3/USDT:USDT,0.002713,188.0,0.002712,289.0,0.002719,30.0,0.00272,149.0
1753531843354,12:10:43.354,B3/USDT:USDT,0.002713,188.0,0.002712,289.0,0.002719,30.0,0.00272,149.0
1753531843379,12:10:43.379,B3/USDT:USDT,0.002713,206.0,0.002712,289.0,0.002719,30.0,0.00272,149.0
1753531843757,12:10:43.757,B3/USDT:USDT,0.002713,206.0,0.002712,289.0,0.002719,30.0,0.00272,149.0
1753531843866,12:10:43.866,B3/USDT:USDT,0.002713,206.0,0.002712,289.0,0.002719,30.0,0.00272,149.0
1753531843911,12:10:43.911,B3/USDT:USDT,0.002713,206.0,0.002712,289.0,0.002719,30.0,0.00272,149.0
1753531844017,12:10:44.017,B3/USDT:USDT,0.002713,206.0,0.002712,259.0,0.002719,30.0,0.00272,149.0
1753531844114,12:10:44.114,B3/USDT:USDT,0.002713,224.0,0.002712,259.0,0.002719,30.0,0.00272,149.0
1753531844194,12:10:44.194,B3/USDT:USDT,0.002713,224.0,0.002712,259.0,0.002719,30.0,0.00272,149.0
1753531844331,12:10:44.331,B3/USDT:USDT,0.002713,224.0,0.002712,259.0,0.002719,30.0,0.00272,149.0
1753531844394,12:10:44.394,B3/USDT:USDT,0.002713,224.0,0.002712,259.0,0.002719,30.0,0.00272,149.0
1753531844545,12:10:44.545,B3/USDT:USDT,0.002713,242.0,0.002712,259.0,0.002719,30.0,0.00272,149.0
1753531844983,12:10:44.983,B3/USDT:USDT,0.002713,242.0,0.002712,259.0,0.002719,30.0,0.00272,149.0
1753531845352,12:10:45.352,B3/USDT:USDT,0.002713,242.0,0.002712,259.0,0.002719,30.0,0.00272,149.0
1753531845406,12:10:45.406,B3/USDT:USDT,0.002713,242.0,0.002712,259.0,0.002719,30.0,0.00272,149.0
1753531846033,12:10:46.033,B3/USDT:USDT,0.002714,39.0,0.002713,179.0,0.002719,30.0,0.00272,149.0
1753531846075,12:10:46.075,B3/USDT:USDT,0.002715,8.0,0.002714,39.0,0.002719,30.0,0.00272,149.0
1753531846464,12:10:46.464,B3/USDT:USDT,0.002715,8.0,0.002714,115.0,0.002719,30.0,0.00272,149.0
1753531846483,12:10:46.483,B3/USDT:USDT,0.002715,8.0,0.002714,39.0,0.002719,30.0,0.00272,149.0
1753531846956,12:10:46.956,B3/USDT:USDT,0.002715,44.0,0.002714,39.0,0.002719,30.0,0.002721,186.0
1753531847063,12:10:47.063,B3/USDT:USDT,0.002715,74.0,0.002714,39.0,0.002719,30.0,0.002721,186.0
1753531847068,12:10:47.068,B3/USDT:USDT,0.002715,74.0,0.002714,167.0,0.002719,30.0,0.002721,186.0
1753531847261,12:10:47.261,B3/USDT:USDT,0.002715,140.0,0.002714,167.0,0.002719,30.0,0.002721,186.0
1753531847520,12:10:47.520,B3/USDT:USDT,0.002715,173.0,0.002714,167.0,0.002719,30.0,0.002721,186.0
1753531847821,12:10:47.821,B3/USDT:USDT,0.002715,173.0,0.002714,167.0,0.002719,30.0,0.002721,186.0
1753531848973,12:10:48.973,B3/USDT:USDT,0.002715,206.0,0.002714,167.0,0.002719,30.0,0.002721,186.0
1753531850747,12:10:50.747,B3/USDT:USDT,0.002715,206.0,0.002714,167.0,0.002719,30.0,0.002721,186.0
1753531851056,12:10:51.056,B3/USDT:USDT,0.002715,206.0,0.002714,167.0,0.002719,30.0,0.002721,186.0
1753531851257,12:10:51.257,B3/USDT:USDT,0.002715,206.0,0.002714,167.0,0.002719,30.0,0.002721,186.0
1753531851279,12:10:51.279,B3/USDT:USDT,0.002715,206.0,0.002714,167.0,0.002719,30.0,0.002721,186.0
1753531852008,12:10:52.008,B3/USDT:USDT,0.002715,206.0,0.002714,167.0,0.002719,30.0,0.002721,186.0
1753531852119,12:10:52.119,B3/USDT:USDT,0.002715,215.0,0.002714,158.0,0.002719,30.0,0.002721,186.0
1753531852955,12:10:52.955,B3/USDT:USDT,0.002715,215.0,0.002714,158.0,0.002719,30.0,0.002721,186.0
1753531853064,12:10:53.064,B3/USDT:USDT,0.002715,215.0,0.002714,158.0,0.002719,30.0,0.002721,186.0
1753531854038,12:10:54.038,B3/USDT:USDT,0.002715,215.0,0.002714,158.0,0.002719,30.0,0.002721,186.0
1753531854825,12:10:54.825,B3/USDT:USDT,0.002715,215.0,0.002714,158.0,0.002719,30.0,0.002721,186.0
1753531856427,12:10:56.427,B3/USDT:USDT,0.002715,215.0,0.002714,30.0,0.002719,30.0,0.002721,186.0
1753531856604,12:10:56.604,B3/USDT:USDT,0.002715,206.0,0.002714,39.0,0.002719,30.0,0.00272,149.0
1753531857112,12:10:57.112,B3/USDT:USDT,0.002715,206.0,0.002714,39.0,0.002719,30.0,0.00272,149.0
1753531858003,12:10:58.003,B3/USDT:USDT,0.002715,206.0,0.002714,39.0,0.002719,30.0,0.00272,149.0
1753531858327,12:10:58.327,B3/USDT:USDT,0.002715,206.0,0.002714,39.0,0.002719,30.0,0.00272,149.0
1753531859825,12:10:59.825,B3/USDT:USDT,0.002715,206.0,0.002714,39.0,0.002719,30.0,0.00272,149.0
1753531860163,12:11:00.163,B3/USDT:USDT,0.002716,30.0,0.002715,316.0,0.002723,149.0,0.002724,186.0
1753531860263,12:11:00.263,B3/USDT:USDT,0.002717,56.0,0.002716,39.0,0.002723,149.0,0.002724,186.0
1753531860363,12:11:00.363,B3/USDT:USDT,0.002717,38.0,0.002716,133.0,0.002723,149.0,0.002724,186.0
1753531860454,12:11:00.454,B3/USDT:USDT,0.002717,38.0,0.002716,133.0,0.002723,149.0,0.002724,186.0
1753531860541,12:11:00.541,B3/USDT:USDT,0.002717,38.0,0.002716,133.0,0.002723,149.0,0.002724,186.0
1753531860637,12:11:00.637,B3/USDT:USDT,0.002717,38.0,0.002716,133.0,0.002723,149.0,0.002724,186.0
1753531860850,12:11:00.850,B3/USDT:USDT,0.002717,38.0,0.002716,133.0,0.002723,149.0,0.002724,186.0
1753531861009,12:11:01.009,B3/USDT:USDT,0.002717,38.0,0.002716,133.0,0.002723,149.0,0.002724,186.0
1753531861276,12:11:01.276,B3/USDT:USDT,0.002717,38.0,0.002716,133.0,0.002723,149.0,0.002724,186.0
1753531863971,12:11:03.971,B3/USDT:USDT,0.002717,38.0,0.002716,133.0,0.002723,149.0,0.002724,186.0
1753531864071,12:11:04.071,B3/USDT:USDT,0.002717,38.0,0.002716,133.0,0.002723,149.0,0.002724,186.0
1753531865965,12:11:05.965,B3/USDT:USDT,0.002717,38.0,0.002716,133.0,0.002723,149.0,0.002724,186.0
1753531866658,12:11:06.658,B3/USDT:USDT,0.002717,38.0,0.002716,39.0,0.002723,149.0,0.002724,186.0
1753531872028,12:11:12.028,B3/USDT:USDT,0.002717,38.0,0.002716,145.0,0.002723,149.0,0.002724,186.0
1753531872791,12:11:12.791,B3/USDT:USDT,0.002717,38.0,0.002716,145.0,0.002723,149.0,0.002724,186.0
1753531879901,12:11:19.901,B3/USDT:USDT,0.002717,38.0,0.002716,145.0,0.002722,30.0,0.002723,149.0
1753531880239,12:11:20.239,B3/USDT:USDT,0.002717,38.0,0.002716,145.0,0.002722,30.0,0.002723,149.0
1753531881060,12:11:21.060,B3/USDT:USDT,0.002717,38.0,0.002716,145.0,0.002722,30.0,0.002723,149.0
1753531886140,12:11:26.140,B3/USDT:USDT,0.002717,38.0,0.002716,145.0,0.002722,30.0,0.002723,149.0
1753531890154,12:11:30.154,B3/USDT:USDT,0.002717,38.0,0.002716,145.0,0.002722,30.0,0.002723,149.0
1753531890167,12:11:30.167,B3/USDT:USDT,0.002717,38.0,0.002716,145.0,0.002722,30.0,0.002723,149.0
1753531891132,12:11:31.132,B3/USDT:USDT,0.002717,38.0,0.002716,145.0,0.002722,30.0,0.002723,149.0
1753531891978,12:11:31.978,B3/USDT:USDT,0.002717,38.0,0.002716,145.0,0.002722,30.0,0.002723,149.0
1753531892750,12:11:32.750,B3/USDT:USDT,0.002717,38.0,0.002716,39.0,0.002722,30.0,0.002723,149.0
1753531892816,12:11:32.816,B3/USDT:USDT,0.002717,38.0,0.002716,30.0,0.002722,30.0,0.002723,149.0
1753531892953,12:11:32.953,B3/USDT:USDT,0.002717,38.0,0.002716,30.0,0.002721,186.0,0.002722,30.0
1753531893063,12:11:33.063,B3/USDT:USDT,0.002717,8.0,0.002716,30.0,0.00272,179.0,0.002721,194.0
1753531893164,12:11:33.164,B3/USDT:USDT,0.002717,8.0,0.002716,30.0,0.00272,179.0,0.002721,194.0
1753531893216,12:11:33.216,B3/USDT:USDT,0.002717,8.0,0.002716,30.0,0.00272,179.0,0.002721,194.0
1753531893519,12:11:33.519,B3/USDT:USDT,0.002717,8.0,0.002716,30.0,0.00272,179.0,0.002721,194.0
1753531893750,12:11:33.750,B3/USDT:USDT,0.002717,8.0,0.002714,9.0,0.00272,179.0,0.002721,194.0
1753531893803,12:11:33.803,B3/USDT:USDT,0.002714,9.0,0.002713,8.0,0.00272,179.0,0.002721,194.0
1753531894055,12:11:34.055,B3/USDT:USDT,0.002713,42.0,0.002712,150.0,0.00272,179.0,0.002721,194.0
1753531894162,12:11:34.162,B3/USDT:USDT,0.002713,42.0,0.002712,150.0,0.00272,179.0,0.002721,194.0
1753531894169,12:11:34.169,B3/USDT:USDT,0.002713,42.0,0.002712,150.0,0.00272,179.0,0.002721,194.0
1753531894348,12:11:34.348,B3/USDT:USDT,0.002713,42.0,0.002712,150.0,0.00272,179.0,0.002721,194.0
1753531894416,12:11:34.416,B3/USDT:USDT,0.002713,42.0,0.002712,150.0,0.00272,179.0,0.002721,194.0
1753531894549,12:11:34.549,B3/USDT:USDT,0.002713,67.0,0.002712,150.0,0.00272,179.0,0.002721,194.0
1753531894737,12:11:34.737,B3/USDT:USDT,0.002713,97.0,0.002712,150.0,0.00272,179.0,0.002721,194.0
1753531894834,12:11:34.834,B3/USDT:USDT,0.002713,97.0,0.002712,150.0,0.00272,179.0,0.002721,194.0
1753531896417,12:11:36.417,B3/USDT:USDT,0.002713,97.0,0.002712,150.0,0.00272,179.0,0.002721,194.0
1753531896506,12:11:36.506,B3/USDT:USDT,0.002713,208.0,0.002712,150.0,0.00272,179.0,0.002721,194.0
1753531896758,12:11:36.758,B3/USDT:USDT,0.002714,30.0,0.002713,158.0,0.00272,179.0,0.002721,194.0
1753531896858,12:11:36.858,B3/USDT:USDT,0.002715,8.0,0.002714,30.0,0.00272,179.0,0.002721,194.0
1753531898084,12:11:38.084,B3/USDT:USDT,0.002715,8.0,0.002714,30.0,0.00272,179.0,0.002721,194.0
1753531898501,12:11:38.501,B3/USDT:USDT,0.002715,8.0,0.002714,30.0,0.00272,179.0,0.002721,194.0
1753531898787,12:11:38.787,B3/USDT:USDT,0.002715,8.0,0.002714,30.0,0.00272,179.0,0.002721,194.0
1753531899467,12:11:39.467,B3/USDT:USDT,0.002715,8.0,0.002714,30.0,0.00272,179.0,0.002721,194.0
1753531900122,12:11:40.122,B3/USDT:USDT,0.002715,8.0,0.002714,30.0,0.00272,179.0,0.002721,194.0
1753531901505,12:11:41.505,B3/USDT:USDT,0.002715,8.0,0.002714,30.0,0.00272,179.0,0.002721,194.0
1753531902008,12:11:42.008,B3/USDT:USDT,0.002715,8.0,0.002714,30.0,0.00272,179.0,0.002721,194.0
1753531902214,12:11:42.214,B3/USDT:USDT,0.002715,8.0,0.002714,30.0,0.00272,179.0,0.002721,194.0
1753531903323,12:11:43.323,B3/USDT:USDT,0.002715,8.0,0.002714,30.0,0.00272,179.0,0.002721,194.0
1753531903435,12:11:43.435,B3/USDT:USDT,0.002715,8.0,0.002714,30.0,0.00272,179.0,0.002721,194.0
1753531903587,12:11:43.587,B3/USDT:USDT,0.002715,8.0,0.002714,30.0,0.00272,179.0,0.002721,194.0
1753531903749,12:11:43.749,B3/USDT:USDT,0.002715,8.0,0.002714,30.0,0.00272,179.0,0.002721,194.0
1753531903815,12:11:43.815,B3/USDT:USDT,0.002715,8.0,0.002714,30.0,0.00272,179.0,0.002721,194.0
1753531904163,12:11:44.163,B3/USDT:USDT,0.002715,8.0,0.002714,30.0,0.00272,179.0,0.002721,194.0
1753531904990,12:11:44.990,B3/USDT:USDT,0.002715,8.0,0.002714,30.0,0.00272,179.0,0.002721,194.0
1753531918963,12:11:58.963,B3/USDT:USDT,0.002715,8.0,0.002714,30.0,0.00272,179.0,0.002721,194.0
1753531925120,12:12:05.120,B3/USDT:USDT,0.002715,8.0,0.002714,30.0,0.00272,179.0,0.002721,194.0
1753531925364,12:12:05.364,B3/USDT:USDT,0.002715,8.0,0.002714,30.0,0.00272,179.0,0.002721,194.0
1753531925512,12:12:05.512,B3/USDT:USDT,0.002715,8.0,0.002714,30.0,0.00272,179.0,0.002721,194.0
1753531925937,12:12:05.937,B3/USDT:USDT,0.002715,8.0,0.002714,30.0,0.00272,179.0,0.002721,194.0
1753531930205,12:12:10.205,B3/USDT:USDT,0.002715,8.0,0.002714,30.0,0.00272,179.0,0.002721,194.0
1753531930326,12:12:10.326,B3/USDT:USDT,0.002715,8.0,0.002714,30.0,0.00272,179.0,0.002721,194.0
1753531930407,12:12:10.407,B3/USDT:USDT,0.002715,8.0,0.002714,30.0,0.00272,179.0,0.002721,194.0
1753531930713,12:12:10.713,B3/USDT:USDT,0.002715,8.0,0.002714,30.0,0.00272,179.0,0.002721,194.0
1753531930783,12:12:10.783,B3/USDT:USDT,0.002715,8.0,0.002714,30.0,0.00272,179.0,0.002721,194.0
1753531930947,12:12:10.947,B3/USDT:USDT,0.002715,8.0,0.002714,30.0,0.00272,179.0,0.002721,194.0
1753531931006,12:12:11.006,B3/USDT:USDT,0.002715,8.0,0.002714,30.0,0.00272,179.0,0.002721,194.0
1753531931349,12:12:11.349,B3/USDT:USDT,0.002715,8.0,0.002713,30.0,0.00272,179.0,0.002721,194.0
1753531931378,12:12:11.378,B3/USDT:USDT,0.002714,8.0,0.002713,30.0,0.00272,179.0,0.002721,194.0
1753531932051,12:12:12.051,B3/USDT:USDT,0.002714,8.0,0.002713,30.0,0.00272,179.0,0.002721,194.0
1753531933562,12:12:13.562,B3/USDT:USDT,0.002714,8.0,0.002713,30.0,0.00272,179.0,0.002721,194.0
1753531933568,12:12:13.568,B3/USDT:USDT,0.002714,8.0,0.002713,30.0,0.00272,179.0,0.002721,194.0
1753531933728,12:12:13.728,B3/USDT:USDT,0.002714,8.0,0.002713,30.0,0.00272,179.0,0.002721,194.0
1753531934012,12:12:14.012,B3/USDT:USDT,0.002714,8.0,0.002713,30.0,0.00272,179.0,0.002721,194.0
1753531934079,12:12:14.079,B3/USDT:USDT,0.002714,8.0,0.002713,30.0,0.00272,179.0,0.002721,194.0
1753531934897,12:12:14.897,B3/USDT:USDT,0.002714,8.0,0.002713,30.0,0.00272,179.0,0.002721,194.0
1753531935003,12:12:15.003,B3/USDT:USDT,0.002714,8.0,0.002713,30.0,0.00272,179.0,0.002721,194.0
1753531935511,12:12:15.511,B3/USDT:USDT,0.002714,8.0,0.002713,30.0,0.00272,179.0,0.002721,194.0
1753531937040,12:12:17.040,B3/USDT:USDT,0.002714,8.0,0.002713,30.0,0.00272,179.0,0.002721,194.0
1753531938005,12:12:18.005,B3/USDT:USDT,0.002714,8.0,0.002713,30.0,0.00272,179.0,0.002721,194.0
1753531940244,12:12:20.244,B3/USDT:USDT,0.002714,38.0,0.002713,30.0,0.00272,180.0,0.002721,194.0
1753531942204,12:12:22.204,B3/USDT:USDT,0.002714,8.0,0.002713,30.0,0.00272,179.0,0.002721,194.0
1753531943188,12:12:23.188,B3/USDT:USDT,0.002714,38.0,0.002713,30.0,0.00272,179.0,0.002721,194.0
1753531943974,12:12:23.974,B3/USDT:USDT,0.002714,38.0,0.002713,30.0,0.00272,180.0,0.002721,194.0
1753531945165,12:12:25.165,B3/USDT:USDT,0.002714,8.0,0.002713,30.0,0.00272,180.0,0.002721,194.0
1753531945715,12:12:25.715,B3/USDT:USDT,0.002714,8.0,0.002713,30.0,0.00272,179.0,0.002721,194.0
1753531946154,12:12:26.154,B3/USDT:USDT,0.002714,38.0,0.002713,30.0,0.00272,179.0,0.002721,194.0
1753531946258,12:12:26.258,B3/USDT:USDT,0.002714,47.0,0.002713,216.0,0.00272,30.0,0.002723,149.0
1753531946328,12:12:26.328,B3/USDT:USDT,0.002714,47.0,0.002713,216.0,0.00272,30.0,0.002723,149.0
1753531946421,12:12:26.421,B3/USDT:USDT,0.002715,52.0,0.002714,38.0,0.00272,30.0,0.002723,149.0
1753531946488,12:12:26.488,B3/USDT:USDT,0.002716,38.0,0.002715,52.0,0.00272,30.0,0.002723,149.0
1753531946572,12:12:26.572,B3/USDT:USDT,0.002716,38.0,0.002715,39.0,0.00272,30.0,0.002723,149.0
1753531946728,12:12:26.728,B3/USDT:USDT,0.002716,38.0,0.002715,39.0,0.00272,30.0,0.002723,149.0
1753531947014,12:12:27.014,B3/USDT:USDT,0.002716,38.0,0.002715,39.0,0.00272,30.0,0.002723,149.0
1753531948006,12:12:28.006,B3/USDT:USDT,0.002716,38.0,0.002715,39.0,0.00272,30.0,0.002723,149.0
1753531948147,12:12:28.147,B3/USDT:USDT,0.002716,38.0,0.002715,9.0,0.00272,30.0,0.002722,30.0
1753531949046,12:12:29.046,B3/USDT:USDT,0.002716,38.0,0.002715,9.0,0.00272,30.0,0.002722,30.0
1753531949143,12:12:29.143,B3/USDT:USDT,0.002716,38.0,0.002715,9.0,0.002722,30.0,0.002723,149.0
1753531949233,12:12:29.233,B3/USDT:USDT,0.002716,38.0,0.002715,9.0,0.002722,30.0,0.002723,149.0
1753531949363,12:12:29.363,B3/USDT:USDT,0.002716,38.0,0.002715,9.0,0.002722,30.0,0.002723,149.0
1753531949421,12:12:29.421,B3/USDT:USDT,0.002716,38.0,0.002715,9.0,0.002722,30.0,0.002723,149.0
1753531950262,12:12:30.262,B3/USDT:USDT,0.002716,38.0,0.002715,9.0,0.002722,30.0,0.002723,149.0
1753531955698,12:12:35.698,B3/USDT:USDT,0.002716,38.0,0.002715,9.0,0.002722,30.0,0.002723,149.0
1753531955825,12:12:35.825,B3/USDT:USDT,0.002716,38.0,0.002715,9.0,0.002722,30.0,0.002723,149.0
1753531956193,12:12:36.193,B3/USDT:USDT,0.002716,38.0,0.002715,9.0,0.002722,30.0,0.002723,149.0
1753531957022,12:12:37.022,B3/USDT:USDT,0.002716,38.0,0.002715,158.0,0.002722,30.0,0.002723,149.0
1753531957361,12:12:37.361,B3/USDT:USDT,0.002716,38.0,0.002715,158.0,0.002722,30.0,0.002723,149.0
1753531960117,12:12:40.117,B3/USDT:USDT,0.002716,38.0,0.002715,158.0,0.002722,30.0,0.002723,149.0
1753531961096,12:12:41.096,B3/USDT:USDT,0.002716,38.0,0.002715,9.0,0.002722,30.0,0.002723,149.0
1753531961707,12:12:41.707,B3/USDT:USDT,0.002716,38.0,0.002715,9.0,0.002722,30.0,0.002723,149.0
1753531961780,12:12:41.780,B3/USDT:USDT,0.002716,38.0,0.002715,9.0,0.002722,30.0,0.002723,149.0
1753531962691,12:12:42.691,B3/USDT:USDT,0.002716,38.0,0.002715,9.0,0.002722,30.0,0.002723,149.0
1753531969090,12:12:49.090,B3/USDT:USDT,0.002716,38.0,0.002715,9.0,0.002722,30.0,0.002723,149.0
1753531969177,12:12:49.177,B3/USDT:USDT,0.002716,38.0,0.002715,9.0,0.002722,30.0,0.002723,149.0
1753531969276,12:12:49.276,B3/USDT:USDT,0.002716,38.0,0.002715,9.0,0.002722,30.0,0.002723,149.0
1753531969404,12:12:49.404,B3/USDT:USDT,0.002716,38.0,0.002715,9.0,0.002722,30.0,0.002723,149.0
1753531969489,12:12:49.489,B3/USDT:USDT,0.002716,38.0,0.002715,9.0,0.002722,30.0,0.002723,149.0
1753531969583,12:12:49.583,B3/USDT:USDT,0.002716,38.0,0.002715,9.0,0.002722,30.0,0.002723,149.0
1753531969718,12:12:49.718,B3/USDT:USDT,0.002716,38.0,0.002715,9.0,0.002722,30.0,0.002723,149.0
1753531969855,12:12:49.855,B3/USDT:USDT,0.002716,38.0,0.002715,9.0,0.002722,30.0,0.002723,149.0
1753531970033,12:12:50.033,B3/USDT:USDT,0.002716,38.0,0.002715,9.0,0.002722,30.0,0.002723,149.0
1753531970331,12:12:50.331,B3/USDT:USDT,0.002716,38.0,0.002715,9.0,0.002722,30.0,0.002723,149.0
1753531970399,12:12:50.399,B3/USDT:USDT,0.002716,38.0,0.002715,9.0,0.002722,30.0,0.002723,149.0
1753531971220,12:12:51.220,B3/USDT:USDT,0.002716,38.0,0.002715,9.0,0.002722,30.0,0.002723,149.0
1753531973247,12:12:53.247,B3/USDT:USDT,0.002716,38.0,0.002715,9.0,0.002722,30.0,0.002723,149.0
1753531975903,12:12:55.903,B3/USDT:USDT,0.002716,38.0,0.002715,9.0,0.002722,30.0,0.002723,149.0
1753531976058,12:12:56.058,B3/USDT:USDT,0.002716,38.0,0.002715,9.0,0.002722,30.0,0.002723,149.0
1753531977281,12:12:57.281,B3/USDT:USDT,0.002716,38.0,0.002715,9.0,0.002722,30.0,0.002723,149.0
1753531978214,12:12:58.214,B3/USDT:USDT,0.002716,38.0,0.002715,9.0,0.002722,30.0,0.002723,149.0
1753531978295,12:12:58.295,B3/USDT:USDT,0.002716,38.0,0.002715,9.0,0.002722,30.0,0.002723,149.0
1753531979869,12:12:59.869,B3/USDT:USDT,0.002716,38.0,0.002715,9.0,0.002722,30.0,0.002723,149.0
1753531980014,12:13:00.014,B3/USDT:USDT,0.002716,38.0,0.002715,9.0,0.002722,30.0,0.002723,149.0
1753531980128,12:13:00.128,B3/USDT:USDT,0.002716,38.0,0.002715,9.0,0.002722,30.0,0.002723,149.0
1753532000300,12:13:20.300,B3/USDT:USDT,0.002716,38.0,0.002715,9.0,0.002722,30.0,0.002723,149.0
1753532000639,12:13:20.639,B3/USDT:USDT,0.002716,38.0,0.002715,9.0,0.002722,30.0,0.002723,149.0
1753532003229,12:13:23.229,B3/USDT:USDT,0.002716,38.0,0.002715,9.0,0.002722,30.0,0.002723,149.0
1753532005397,12:13:25.397,B3/USDT:USDT,0.002716,38.0,0.002715,9.0,0.002722,30.0,0.002723,149.0
1753532011708,12:13:31.708,B3/USDT:USDT,0.002716,38.0,0.002715,9.0,0.002722,30.0,0.002723,149.0
1753532012005,12:13:32.005,B3/USDT:USDT,0.002716,38.0,0.002714,39.0,0.002722,30.0,0.002723,149.0
1753532013199,12:13:33.199,B3/USDT:USDT,0.002716,38.0,0.002714,39.0,0.002722,30.0,0.002723,149.0
1753532013332,12:13:33.332,B3/USDT:USDT,0.002716,38.0,0.002714,30.0,0.002722,30.0,0.002723,149.0
1753532013402,12:13:33.402,B3/USDT:USDT,0.002716,8.0,0.002714,30.0,0.002722,30.0,0.002723,149.0
1753532013488,12:13:33.488,B3/USDT:USDT,0.002715,38.0,0.002714,30.0,0.002722,30.0,0.002723,149.0
1753532014009,12:13:34.009,B3/USDT:USDT,0.002715,38.0,0.002714,30.0,0.002722,30.0,0.002723,149.0
1753532015287,12:13:35.287,B3/USDT:USDT,0.002715,38.0,0.002714,30.0,0.002722,30.0,0.002723,149.0
1753532015374,12:13:35.374,B3/USDT:USDT,0.002715,8.0,0.002714,30.0,0.002722,30.0,0.002723,149.0
1753532016364,12:13:36.364,B3/USDT:USDT,0.002715,38.0,0.002714,30.0,0.002722,30.0,0.002723,149.0
1753532018340,12:13:38.340,B3/USDT:USDT,0.002715,8.0,0.002714,30.0,0.002722,30.0,0.002723,149.0
1753532019330,12:13:39.330,B3/USDT:USDT,0.002715,38.0,0.002714,30.0,0.002722,30.0,0.002723,149.0
1753532020703,12:13:40.703,B3/USDT:USDT,0.002715,38.0,0.002714,30.0,0.002722,30.0,0.002723,149.0
1753532021307,12:13:41.307,B3/USDT:USDT,0.002715,8.0,0.002714,30.0,0.002722,30.0,0.002723,149.0
1753532021417,12:13:41.417,B3/USDT:USDT,0.002715,8.0,0.002714,30.0,0.002722,30.0,0.002723,149.0
1753532022053,12:13:42.053,B3/USDT:USDT,0.002715,8.0,0.002714,30.0,0.002722,30.0,0.002723,149.0
1753532022078,12:13:42.078,B3/USDT:USDT,0.002715,8.0,0.002714,30.0,0.002722,30.0,0.002723,149.0
1753532022258,12:13:42.258,B3/USDT:USDT,0.002715,8.0,0.002714,30.0,0.002722,30.0,0.002723,149.0
1753532022359,12:13:42.359,B3/USDT:USDT,0.002715,38.0,0.002714,30.0,0.002722,30.0,0.002723,149.0
1753532024273,12:13:44.273,B3/USDT:USDT,0.002715,8.0,0.002714,30.0,0.002722,30.0,0.002723,149.0
1753532025263,12:13:45.263,B3/USDT:USDT,0.002715,38.0,0.002714,30.0,0.002722,30.0,0.002723,149.0
1753532027240,12:13:47.240,B3/USDT:USDT,0.002715,8.0,0.002714,30.0,0.002722,30.0,0.002723,149.0
1753532028230,12:13:48.230,B3/USDT:USDT,0.002715,38.0,0.002714,30.0,0.002722,30.0,0.002723,149.0
1753532030206,12:13:50.206,B3/USDT:USDT,0.002715,8.0,0.002714,30.0,0.002722,30.0,0.002723,149.0
1753532031196,12:13:51.196,B3/USDT:USDT,0.002715,38.0,0.002714,30.0,0.002722,30.0,0.002723,149.0
1753532033176,12:13:53.176,B3/USDT:USDT,0.002715,8.0,0.002714,30.0,0.002722,30.0,0.002723,149.0
1753532034163,12:13:54.163,B3/USDT:USDT,0.002715,38.0,0.002714,30.0,0.002722,30.0,0.002723,149.0
1753532034181,12:13:54.181,B3/USDT:USDT,0.002715,38.0,0.002714,30.0,0.002722,30.0,0.002723,149.0
1753532035063,12:13:55.063,B3/USDT:USDT,0.002715,38.0,0.002714,30.0,0.002722,30.0,0.002723,149.0
1753532035075,12:13:55.075,B3/USDT:USDT,0.002715,38.0,0.002714,30.0,0.002722,30.0,0.002723,149.0
1753532035808,12:13:55.808,B3/USDT:USDT,0.002715,38.0,0.002714,30.0,0.002722,30.0,0.002723,149.0
1753532036139,12:13:56.139,B3/USDT:USDT,0.002715,8.0,0.002714,30.0,0.002722,30.0,0.002723,149.0
1753532037129,12:13:57.129,B3/USDT:USDT,0.002715,38.0,0.002714,30.0,0.002722,30.0,0.002723,149.0
1753532038013,12:13:58.013,B3/USDT:USDT,0.002715,38.0,0.002714,39.0,0.002722,30.0,0.002723,149.0
1753532039046,12:13:59.046,B3/USDT:USDT,0.002715,38.0,0.002714,30.0,0.002721,186.0,0.002722,30.0
1753532039149,12:13:59.149,B3/USDT:USDT,0.002715,8.0,0.002714,30.0,0.002721,194.0,0.002722,38.0
1753532039168,12:13:59.168,B3/USDT:USDT,0.002715,8.0,0.002714,30.0,0.002721,194.0,0.002722,38.0
1753532039402,12:13:59.402,B3/USDT:USDT,0.002715,8.0,0.002714,30.0,0.002721,194.0,0.002722,38.0
1753532039658,12:13:59.658,B3/USDT:USDT,0.002715,8.0,0.002714,30.0,0.002721,194.0,0.002722,38.0
1753532039902,12:13:59.902,B3/USDT:USDT,0.002715,8.0,0.002714,30.0,0.002721,194.0,0.002722,38.0
1753532040008,12:14:00.008,B3/USDT:USDT,0.002715,8.0,0.002714,30.0,0.002721,194.0,0.002722,38.0
1753532040133,12:14:00.133,B3/USDT:USDT,0.002715,38.0,0.002714,30.0,0.002721,194.0,0.002722,38.0
1753532040486,12:14:00.486,B3/USDT:USDT,0.002715,38.0,0.002714,30.0,0.002721,194.0,0.002722,38.0
1753532041049,12:14:01.049,B3/USDT:USDT,0.002715,38.0,0.002714,30.0,0.002721,194.0,0.002722,38.0
1753532041091,12:14:01.091,B3/USDT:USDT,0.002715,38.0,0.002714,30.0,0.00272,30.0,0.002721,194.0
1753532041213,12:14:01.213,B3/USDT:USDT,0.002715,38.0,0.002714,30.0,0.00272,30.0,0.002721,194.0
1753532042159,12:14:02.159,B3/USDT:USDT,0.002715,8.0,0.002714,30.0,0.00272,30.0,0.002721,194.0
1753532042167,12:14:02.167,B3/USDT:USDT,0.002715,8.0,0.002714,30.0,0.00272,30.0,0.002721,194.0
1753532043005,12:14:03.005,B3/USDT:USDT,0.002715,8.0,0.002714,30.0,0.00272,30.0,0.002721,194.0
1753532043601,12:14:03.601,B3/USDT:USDT,0.002715,8.0,0.002714,30.0,0.00272,179.0,0.002721,194.0
1753532043745,12:14:03.745,B3/USDT:USDT,0.002715,8.0,0.002714,30.0,0.00272,179.0,0.002721,194.0
1753532045655,12:14:05.655,B3/USDT:USDT,0.002715,8.0,0.002714,30.0,0.00272,179.0,0.002721,194.0
1753532046010,12:14:06.010,B3/USDT:USDT,0.002715,8.0,0.002714,30.0,0.00272,179.0,0.002721,194.0
1753532046137,12:14:06.137,B3/USDT:USDT,0.002715,8.0,0.002714,30.0,0.00272,179.0,0.002721,194.0
1753532046197,12:14:06.197,B3/USDT:USDT,0.002715,8.0,0.002714,30.0,0.00272,179.0,0.002721,194.0
1753532046356,12:14:06.356,B3/USDT:USDT,0.002715,8.0,0.002714,30.0,0.00272,179.0,0.002721,194.0
1753532047775,12:14:07.775,B3/USDT:USDT,0.002715,8.0,0.002714,30.0,0.00272,179.0,0.002721,194.0
1753532048075,12:14:08.075,B3/USDT:USDT,0.002715,8.0,0.002714,30.0,0.00272,179.0,0.002721,194.0
1753532048416,12:14:08.416,B3/USDT:USDT,0.002715,8.0,0.002714,30.0,0.00272,179.0,0.002721,194.0
1753532049005,12:14:09.005,B3/USDT:USDT,0.002715,8.0,0.002714,30.0,0.00272,179.0,0.002721,194.0
1753532051147,12:14:11.147,B3/USDT:USDT,0.002715,8.0,0.002714,30.0,0.00272,179.0,0.002721,194.0
1753532051798,12:14:11.798,B3/USDT:USDT,0.002715,8.0,0.002714,30.0,0.00272,179.0,0.002721,194.0
1753532052011,12:14:12.011,B3/USDT:USDT,0.002715,8.0,0.002714,30.0,0.00272,179.0,0.002721,194.0
1753532053611,12:14:13.611,B3/USDT:USDT,0.002715,8.0,0.002714,30.0,0.00272,179.0,0.002721,194.0
1753532053864,12:14:13.864,B3/USDT:USDT,0.002715,8.0,0.002714,30.0,0.00272,179.0,0.002721,194.0
1753532054004,12:14:14.004,B3/USDT:USDT,0.002715,8.0,0.002714,30.0,0.00272,179.0,0.002721,194.0
1753532055855,12:14:15.855,B3/USDT:USDT,0.002715,8.0,0.002714,30.0,0.00272,179.0,0.002721,194.0
1753532063848,12:14:23.848,B3/USDT:USDT,0.002715,8.0,0.002714,30.0,0.00272,179.0,0.002721,194.0
1753532064010,12:14:24.010,B3/USDT:USDT,0.002715,8.0,0.002714,30.0,0.00272,179.0,0.002721,194.0
1753532064193,12:14:24.193,B3/USDT:USDT,0.002715,8.0,0.002714,30.0,0.00272,179.0,0.002721,194.0
1753532065012,12:14:25.012,B3/USDT:USDT,0.002715,8.0,0.002714,30.0,0.00272,179.0,0.002721,194.0
1753532067597,12:14:27.597,B3/USDT:USDT,0.002715,8.0,0.002714,30.0,0.00272,179.0,0.002721,194.0
1753532069662,12:14:29.662,B3/USDT:USDT,0.002715,8.0,0.002714,30.0,0.00272,179.0,0.002721,194.0
1753532069761,12:14:29.761,B3/USDT:USDT,0.002715,38.0,0.002714,30.0,0.00272,179.0,0.002721,194.0
1753532069776,12:14:29.776,B3/USDT:USDT,0.002715,38.0,0.002714,30.0,0.00272,30.0,0.002721,194.0
1753532069888,12:14:29.888,B3/USDT:USDT,0.002715,38.0,0.002714,30.0,0.00272,30.0,0.002721,194.0
1753532070007,12:14:30.007,B3/USDT:USDT,0.002715,38.0,0.002714,39.0,0.00272,30.0,0.002721,194.0
1753532070264,12:14:30.264,B3/USDT:USDT,0.002715,38.0,0.002714,30.0,0.00272,30.0,0.002721,194.0
1753532070264,12:14:30.264,B3/USDT:USDT,0.002715,38.0,0.002714,30.0,0.00272,30.0,0.002721,194.0
1753532071738,12:14:31.738,B3/USDT:USDT,0.002715,8.0,0.002714,30.0,0.00272,30.0,0.002721,194.0
1753532072729,12:14:32.729,B3/USDT:USDT,0.002715,38.0,0.002714,30.0,0.00272,30.0,0.002721,194.0
1753532074705,12:14:34.705,B3/USDT:USDT,0.002715,8.0,0.002714,30.0,0.00272,30.0,0.002721,194.0
1753532075694,12:14:35.694,B3/USDT:USDT,0.002715,38.0,0.002714,30.0,0.00272,30.0,0.002721,194.0
1753532077675,12:14:37.675,B3/USDT:USDT,0.002715,8.0,0.002714,30.0,0.00272,30.0,0.002721,194.0
1753532078360,12:14:38.360,B3/USDT:USDT,0.002715,8.0,0.002714,30.0,0.00272,30.0,0.002721,194.0
1753532083606,12:14:43.606,B3/USDT:USDT,0.002715,38.0,0.002714,30.0,0.00272,30.0,0.002721,194.0
1753532085583,12:14:45.583,B3/USDT:USDT,0.002715,8.0,0.002714,30.0,0.00272,30.0,0.002721,194.0
1753532091516,12:14:51.516,B3/USDT:USDT,0.002715,38.0,0.002714,30.0,0.00272,30.0,0.002721,194.0
1753532092961,12:14:52.961,B3/USDT:USDT,0.002715,38.0,0.002714,30.0,0.00272,30.0,0.002721,194.0
1753532093461,12:14:53.461,B3/USDT:USDT,0.002715,38.0,0.002714,30.0,0.00272,30.0,0.002721,194.0
1753532093493,12:14:53.493,B3/USDT:USDT,0.002715,8.0,0.002714,30.0,0.00272,30.0,0.002721,194.0
1753532095473,12:14:55.473,B3/USDT:USDT,0.002715,38.0,0.002714,30.0,0.00272,30.0,0.002721,194.0
1753532096388,12:14:56.388,B3/USDT:USDT,0.002715,38.0,0.002714,30.0,0.00272,30.0,0.002721,194.0
1753532097449,12:14:57.449,B3/USDT:USDT,0.002715,8.0,0.002714,30.0,0.00272,30.0,0.002721,194.0
1753532098461,12:14:58.461,B3/USDT:USDT,0.002715,38.0,0.002714,30.0,0.00272,30.0,0.002721,194.0
1753532098962,12:14:58.962,B3/USDT:USDT,0.002715,38.0,0.002714,30.0,0.00272,30.0,0.002721,194.0
1753532100415,12:15:00.415,B3/USDT:USDT,0.002715,8.0,0.002714,30.0,0.00272,30.0,0.002721,194.0
1753532101404,12:15:01.404,B3/USDT:USDT,0.002715,38.0,0.002714,30.0,0.00272,30.0,0.002721,194.0
1753532102858,12:15:02.858,B3/USDT:USDT,0.002715,38.0,0.002714,30.0,0.00272,30.0,0.002721,194.0
1753532102888,12:15:02.888,B3/USDT:USDT,0.002715,38.0,0.002714,141.0,0.00272,30.0,0.002721,186.0
1753532103004,12:15:03.004,B3/USDT:USDT,0.002715,38.0,0.002714,150.0,0.00272,30.0,0.002721,186.0
1753532103407,12:15:03.407,B3/USDT:USDT,0.002715,38.0,0.002714,150.0,0.00272,30.0,0.002721,186.0
1753532103486,12:15:03.486,B3/USDT:USDT,0.002715,38.0,0.002714,150.0,0.00272,30.0,0.002721,186.0
1753532105209,12:15:05.209,B3/USDT:USDT,0.002715,38.0,0.002714,150.0,0.00272,30.0,0.002721,186.0
1753532107655,12:15:07.655,B3/USDT:USDT,0.002715,38.0,0.002714,150.0,0.00272,30.0,0.002721,186.0
1753532113507,12:15:13.507,B3/USDT:USDT,0.002715,38.0,0.002714,150.0,0.00272,30.0,0.002721,186.0
1753532117595,12:15:17.595,B3/USDT:USDT,0.002715,38.0,0.002714,150.0,0.00272,30.0,0.002721,186.0
1753532118094,12:15:18.094,B3/USDT:USDT,0.002715,145.0,0.002714,150.0,0.00272,30.0,0.002721,186.0
1753532118763,12:15:18.763,B3/USDT:USDT,0.002715,181.0,0.002714,150.0,0.00272,30.0,0.002721,186.0
1753532119626,12:15:19.626,B3/USDT:USDT,0.002715,199.0,0.002714,150.0,0.00272,30.0,0.002721,186.0
1753532119691,12:15:19.691,B3/USDT:USDT,0.002715,145.0,0.002714,150.0,0.00272,30.0,0.002721,186.0
1753532122746,12:15:22.746,B3/USDT:USDT,0.002715,145.0,0.002714,150.0,0.00272,30.0,0.002721,186.0
1753532122861,12:15:22.861,B3/USDT:USDT,0.002715,217.0,0.002714,150.0,0.00272,30.0,0.002721,186.0
1753532122916,12:15:22.916,B3/USDT:USDT,0.002715,145.0,0.002714,150.0,0.00272,30.0,0.002721,186.0
1753532123044,12:15:23.044,B3/USDT:USDT,0.002715,145.0,0.002714,150.0,0.00272,30.0,0.002721,186.0
1753532123099,12:15:23.099,B3/USDT:USDT,0.002715,145.0,0.002714,150.0,0.00272,30.0,0.002721,186.0
1753532123641,12:15:23.641,B3/USDT:USDT,0.002715,271.0,0.002714,150.0,0.00272,30.0,0.002721,186.0
1753532124062,12:15:24.062,B3/USDT:USDT,0.002715,271.0,0.002714,150.0,0.00272,30.0,0.002721,186.0
1753532124141,12:15:24.141,B3/USDT:USDT,0.002715,271.0,0.002714,150.0,0.002721,186.0,0.002723,149.0
1753532124220,12:15:24.220,B3/USDT:USDT,0.002716,30.0,0.002715,280.0,0.002723,149.0,0.002724,186.0
1753532124344,12:15:24.344,B3/USDT:USDT,0.002717,6.0,0.002716,39.0,0.002723,149.0,0.002724,186.0
1753532124457,12:15:24.457,B3/USDT:USDT,0.002717,36.0,0.002716,39.0,0.002723,149.0,0.002724,186.0
1753532124548,12:15:24.548,B3/USDT:USDT,0.002717,36.0,0.002716,39.0,0.002723,149.0,0.002724,186.0
1753532124621,12:15:24.621,B3/USDT:USDT,0.002717,36.0,0.002716,39.0,0.002723,149.0,0.002724,186.0
1753532124693,12:15:24.693,B3/USDT:USDT,0.002717,36.0,0.002716,39.0,0.002723,149.0,0.002724,186.0
1753532124829,12:15:24.829,B3/USDT:USDT,0.002717,36.0,0.002716,39.0,0.002723,149.0,0.002724,186.0
1753532125244,12:15:25.244,B3/USDT:USDT,0.002717,54.0,0.002716,39.0,0.002723,149.0,0.002724,186.0
1753532125288,12:15:25.288,B3/USDT:USDT,0.002717,90.0,0.002716,39.0,0.002723,149.0,0.002724,186.0
1753532125388,12:15:25.388,B3/USDT:USDT,0.002717,36.0,0.002716,39.0,0.002723,149.0,0.002724,186.0
1753532125670,12:15:25.670,B3/USDT:USDT,0.002717,36.0,0.002716,39.0,0.002723,149.0,0.002724,186.0
1753532126129,12:15:26.129,B3/USDT:USDT,0.002717,36.0,0.002716,39.0,0.002723,149.0,0.002724,186.0
1753532126260,12:15:26.260,B3/USDT:USDT,0.002717,36.0,0.002716,39.0,0.002723,149.0,0.002724,186.0
1753532126267,12:15:26.267,B3/USDT:USDT,0.002717,36.0,0.002716,125.0,0.002723,149.0,0.002724,186.0
1753532126528,12:15:26.528,B3/USDT:USDT,0.002717,36.0,0.002716,125.0,0.002723,149.0,0.002724,186.0
1753532127004,12:15:27.004,B3/USDT:USDT,0.002717,36.0,0.002716,116.0,0.002723,149.0,0.002724,186.0
1753532127618,12:15:27.618,B3/USDT:USDT,0.002717,36.0,0.002716,116.0,0.002723,149.0,0.002724,186.0
1753532128163,12:15:28.163,B3/USDT:USDT,0.002717,36.0,0.002716,116.0,0.002722,103.0,0.002723,149.0
1753532128168,12:15:28.168,B3/USDT:USDT,0.002717,36.0,0.002716,30.0,0.002722,103.0,0.002723,149.0
1753532128350,12:15:28.350,B3/USDT:USDT,0.002717,36.0,0.002716,30.0,0.002722,103.0,0.002723,149.0
1753532128610,12:15:28.610,B3/USDT:USDT,0.002717,36.0,0.002716,30.0,0.002722,103.0,0.002723,149.0
1753532129092,12:15:29.092,B3/USDT:USDT,0.002717,6.0,0.002716,30.0,0.002722,103.0,0.002723,149.0
1753532129437,12:15:29.437,B3/USDT:USDT,0.002717,6.0,0.002716,30.0,0.002722,103.0,0.002723,149.0
1753532129496,12:15:29.496,B3/USDT:USDT,0.002717,6.0,0.002716,30.0,0.002722,30.0,0.002723,149.0
1753532132035,12:15:32.035,B3/USDT:USDT,0.002717,6.0,0.002716,30.0,0.002722,30.0,0.002723,149.0
1753532132155,12:15:32.155,B3/USDT:USDT,0.002717,36.0,0.002716,30.0,0.002722,30.0,0.002723,149.0
1753532132185,12:15:32.185,B3/USDT:USDT,0.002717,36.0,0.002716,111.0,0.002722,30.0,0.002723,149.0
1753532132842,12:15:32.842,B3/USDT:USDT,0.002717,36.0,0.002716,120.0,0.002722,30.0,0.002723,149.0
1753532134528,12:15:34.528,B3/USDT:USDT,0.002717,36.0,0.002716,120.0,0.002722,30.0,0.002723,149.0
1753532134757,12:15:34.757,B3/USDT:USDT,0.002717,36.0,0.002716,120.0,0.002722,30.0,0.002723,149.0
1753532138233,12:15:38.233,B3/USDT:USDT,0.002717,36.0,0.002716,120.0,0.002722,30.0,0.002723,149.0
1753532139123,12:15:39.123,B3/USDT:USDT,0.002717,36.0,0.002716,120.0,0.002722,30.0,0.002723,149.0
1753532142247,12:15:42.247,B3/USDT:USDT,0.002717,36.0,0.002716,120.0,0.002722,30.0,0.002723,149.0
1753532148439,12:15:48.439,B3/USDT:USDT,0.002717,36.0,0.002716,120.0,0.002722,30.0,0.002723,149.0
1753532153436,12:15:53.436,B3/USDT:USDT,0.002717,36.0,0.002716,111.0,0.002722,30.0,0.002723,149.0
1753532153489,12:15:53.489,B3/USDT:USDT,0.002717,36.0,0.002716,111.0,0.002722,30.0,0.002723,149.0
1753532153987,12:15:53.987,B3/USDT:USDT,0.002717,36.0,0.002716,30.0,0.002722,30.0,0.002723,149.0
1753532154827,12:15:54.827,B3/USDT:USDT,0.002717,6.0,0.002716,30.0,0.002722,30.0,0.002723,149.0
1753532154927,12:15:54.927,B3/USDT:USDT,0.002717,6.0,0.002716,30.0,0.002722,30.0,0.002723,149.0
1753532155263,12:15:55.263,B3/USDT:USDT,0.002717,6.0,0.002716,30.0,0.002722,30.0,0.002723,149.0
1753532155557,12:15:55.557,B3/USDT:USDT,0.002717,6.0,0.002716,30.0,0.002722,30.0,0.002723,149.0
1753532155791,12:15:55.791,B3/USDT:USDT,0.002717,36.0,0.002716,30.0,0.002722,30.0,0.002723,149.0
1753532157769,12:15:57.769,B3/USDT:USDT,0.002717,6.0,0.002716,30.0,0.002722,30.0,0.002723,149.0
1753532158759,12:15:58.759,B3/USDT:USDT,0.002717,36.0,0.002716,30.0,0.002722,30.0,0.002723,149.0
1753532160464,12:16:00.464,B3/USDT:USDT,0.002717,36.0,0.002716,30.0,0.002722,30.0,0.002723,149.0
1753532160503,12:16:00.503,B3/USDT:USDT,0.002717,36.0,0.002716,30.0,0.002722,30.0,0.002723,149.0
1753532160735,12:16:00.735,B3/USDT:USDT,0.002717,6.0,0.002716,30.0,0.002722,30.0,0.002723,149.0
1753532161725,12:16:01.725,B3/USDT:USDT,0.002717,36.0,0.002716,30.0,0.002722,30.0,0.002723,149.0
1753532163548,12:16:03.548,B3/USDT:USDT,0.002717,36.0,0.002716,119.0,0.002722,30.0,0.002723,149.0
1753532170115,12:16:10.115,B3/USDT:USDT,0.002717,36.0,0.002716,127.0,0.002722,30.0,0.002723,149.0
1753532170561,12:16:10.561,B3/USDT:USDT,0.002717,36.0,0.002716,127.0,0.002722,30.0,0.002723,149.0
1753532171005,12:16:11.005,B3/USDT:USDT,0.002717,36.0,0.002716,136.0,0.002722,30.0,0.002723,149.0
1753532173737,12:16:13.737,B3/USDT:USDT,0.002717,36.0,0.002716,136.0,0.002722,30.0,0.002723,149.0
1753532173786,12:16:13.786,B3/USDT:USDT,0.002717,36.0,0.002716,136.0,0.002722,30.0,0.002723,157.0
1753532174191,12:16:14.191,B3/USDT:USDT,0.002717,36.0,0.002716,136.0,0.002722,30.0,0.002723,157.0
1753532174615,12:16:14.615,B3/USDT:USDT,0.002717,36.0,0.002716,136.0,0.002722,30.0,0.002723,157.0
1753532178139,12:16:18.139,B3/USDT:USDT,0.002717,36.0,0.002716,136.0,0.002722,30.0,0.002723,157.0
1753532178660,12:16:18.660,B3/USDT:USDT,0.002717,36.0,0.002716,128.0,0.002722,30.0,0.002723,157.0
1753532178791,12:16:18.791,B3/USDT:USDT,0.002717,36.0,0.002716,119.0,0.002722,30.0,0.002723,157.0
1753532179003,12:16:19.003,B3/USDT:USDT,0.002717,36.0,0.002716,128.0,0.002722,30.0,0.002723,157.0
1753532180127,12:16:20.127,B3/USDT:USDT,0.002717,36.0,0.002716,39.0,0.002722,30.0,0.002723,157.0
1753532180614,12:16:20.614,B3/USDT:USDT,0.002717,144.0,0.002716,39.0,0.002722,30.0,0.002723,157.0
1753532181361,12:16:21.361,B3/USDT:USDT,0.002717,144.0,0.002716,30.0,0.002722,30.0,0.002723,157.0
1753532181504,12:16:21.504,B3/USDT:USDT,0.002717,114.0,0.002716,30.0,0.002722,30.0,0.002723,157.0
1753532182840,12:16:22.840,B3/USDT:USDT,0.002717,114.0,0.002716,30.0,0.002722,30.0,0.002723,157.0
1753532184003,12:16:24.003,B3/USDT:USDT,0.002717,114.0,0.002716,39.0,0.002722,30.0,0.002723,157.0
1753532186145,12:16:26.145,B3/USDT:USDT,0.002717,114.0,0.002716,39.0,0.002722,30.0,0.002723,157.0
1753532191150,12:16:31.150,B3/USDT:USDT,0.002717,114.0,0.002716,39.0,0.002722,30.0,0.002723,157.0
1753532195397,12:16:35.397,B3/USDT:USDT,0.002717,114.0,0.002716,30.0,0.002722,30.0,0.002723,157.0
1753532196345,12:16:36.345,B3/USDT:USDT,0.002717,6.0,0.002716,30.0,0.002722,30.0,0.002723,157.0
1753532197329,12:16:37.329,B3/USDT:USDT,0.002717,36.0,0.002716,30.0,0.002722,30.0,0.002723,157.0
1753532199301,12:16:39.301,B3/USDT:USDT,0.002717,6.0,0.002716,30.0,0.002722,30.0,0.002723,157.0
1753532200290,12:16:40.290,B3/USDT:USDT,0.002717,36.0,0.002716,30.0,0.002722,30.0,0.002723,157.0
1753532200688,12:16:40.688,B3/USDT:USDT,0.002717,36.0,0.002716,137.0,0.002722,30.0,0.002723,157.0
1753532215688,12:16:55.688,B3/USDT:USDT,0.002717,36.0,0.002716,137.0,0.002722,30.0,0.002723,157.0
1753532216188,12:16:56.188,B3/USDT:USDT,0.002717,36.0,0.002716,137.0,0.002722,30.0,0.002723,157.0
1753532217884,12:16:57.884,B3/USDT:USDT,0.002717,36.0,0.002716,137.0,0.002722,30.0,0.002723,157.0
1753532233553,12:17:13.553,B3/USDT:USDT,0.002717,36.0,0.002716,137.0,0.002722,30.0,0.002723,157.0
1753532233570,12:17:13.570,B3/USDT:USDT,0.002717,36.0,0.002716,137.0,0.002722,30.0,0.002723,157.0
1753532234004,12:17:14.004,B3/USDT:USDT,0.002717,36.0,0.002716,137.0,0.002722,30.0,0.002723,157.0
1753532245767,12:17:25.767,B3/USDT:USDT,0.002717,36.0,0.002716,137.0,0.002722,30.0,0.002723,157.0
1753532256935,12:17:36.935,B3/USDT:USDT,0.002717,36.0,0.002716,30.0,0.002722,30.0,0.002723,157.0
1753532257643,12:17:37.643,B3/USDT:USDT,0.002717,6.0,0.002716,30.0,0.002722,30.0,0.002723,157.0
1753532258632,12:17:38.632,B3/USDT:USDT,0.002717,36.0,0.002716,30.0,0.002722,30.0,0.002723,157.0
1753532259559,12:17:39.559,B3/USDT:USDT,0.002717,36.0,0.002716,30.0,0.002722,30.0,0.002723,157.0
1753532260610,12:17:40.610,B3/USDT:USDT,0.002717,6.0,0.002716,30.0,0.002722,30.0,0.002723,157.0
1753532261599,12:17:41.599,B3/USDT:USDT,0.002717,36.0,0.002716,30.0,0.002722,30.0,0.002723,157.0
1753532263576,12:17:43.576,B3/USDT:USDT,0.002717,6.0,0.002716,30.0,0.002722,30.0,0.002723,157.0
1753532264566,12:17:44.566,B3/USDT:USDT,0.002717,36.0,0.002716,30.0,0.002722,30.0,0.002723,157.0
1753532266542,12:17:46.542,B3/USDT:USDT,0.002717,6.0,0.002716,30.0,0.002722,30.0,0.002723,157.0
1753532267429,12:17:47.429,B3/USDT:USDT,0.002717,6.0,0.002716,30.0,0.002722,30.0,0.002723,157.0
1753532267532,12:17:47.532,B3/USDT:USDT,0.002717,36.0,0.002716,30.0,0.002722,30.0,0.002723,157.0
1753532269174,12:17:49.174,B3/USDT:USDT,0.002717,36.0,0.002716,30.0,0.002722,30.0,0.002723,157.0
1753532269509,12:17:49.509,B3/USDT:USDT,0.002717,6.0,0.002716,30.0,0.002722,30.0,0.002723,157.0
1753532270500,12:17:50.500,B3/USDT:USDT,0.002717,36.0,0.002716,30.0,0.002722,30.0,0.002723,157.0
1753532272476,12:17:52.476,B3/USDT:USDT,0.002717,6.0,0.002716,30.0,0.002722,30.0,0.002723,157.0
1753532273465,12:17:53.465,B3/USDT:USDT,0.002717,36.0,0.002716,30.0,0.002722,30.0,0.002723,157.0
1753532274309,12:17:54.309,B3/USDT:USDT,0.002717,36.0,0.002716,30.0,0.002722,30.0,0.002723,157.0
1753532275443,12:17:55.443,B3/USDT:USDT,0.002717,6.0,0.002716,30.0,0.002722,30.0,0.002723,157.0
1753532276432,12:17:56.432,B3/USDT:USDT,0.002717,36.0,0.002716,30.0,0.002722,30.0,0.002723,157.0
1753532278409,12:17:58.409,B3/USDT:USDT,0.002717,6.0,0.002716,30.0,0.002722,30.0,0.002723,157.0
1753532279398,12:17:59.398,B3/USDT:USDT,0.002717,36.0,0.002716,30.0,0.002722,30.0,0.002723,157.0
1753532280467,12:18:00.467,B3/USDT:USDT,0.002717,36.0,0.002716,140.0,0.002722,30.0,0.002723,157.0
1753532283046,12:18:03.046,B3/USDT:USDT,0.002717,36.0,0.002716,140.0,0.002722,30.0,0.002723,157.0
1753532285547,12:18:05.547,B3/USDT:USDT,0.002717,36.0,0.002716,140.0,0.002722,30.0,0.002723,157.0
1753532297607,12:18:17.607,B3/USDT:USDT,0.002717,36.0,0.002716,267.0,0.002722,30.0,0.002724,186.0
1753532297667,12:18:17.667,B3/USDT:USDT,0.002717,45.0,0.002716,267.0,0.002722,30.0,0.002724,186.0
1753532300174,12:18:20.174,B3/USDT:USDT,0.002717,45.0,0.002716,267.0,0.002722,30.0,0.002724,186.0
1753532301256,12:18:21.256,B3/USDT:USDT,0.002717,45.0,0.002716,267.0,0.002722,30.0,0.002723,149.0
1753532301273,12:18:21.273,B3/USDT:USDT,0.002717,36.0,0.002716,276.0,0.002722,30.0,0.002723,149.0
1753532302011,12:18:22.011,B3/USDT:USDT,0.002717,36.0,0.002716,276.0,0.002722,30.0,0.002723,149.0
1753532302560,12:18:22.560,B3/USDT:USDT,0.002717,54.0,0.002716,276.0,0.002722,30.0,0.002723,149.0
1753532305928,12:18:25.928,B3/USDT:USDT,0.002717,72.0,0.002716,276.0,0.002722,30.0,0.002723,149.0
1753532305982,12:18:25.982,B3/USDT:USDT,0.002717,36.0,0.002716,276.0,0.002722,30.0,0.002723,149.0
1753532307361,12:18:27.361,B3/USDT:USDT,0.002717,54.0,0.002716,276.0,0.002722,30.0,0.002723,149.0
1753532308611,12:18:28.611,B3/USDT:USDT,0.002717,36.0,0.002716,276.0,0.002722,30.0,0.002723,149.0
1753532309761,12:18:29.761,B3/USDT:USDT,0.002717,72.0,0.002716,276.0,0.002722,30.0,0.002723,149.0
1753532312117,12:18:32.117,B3/USDT:USDT,0.002717,72.0,0.002716,276.0,0.002722,30.0,0.002723,149.0
1753532313258,12:18:33.258,B3/USDT:USDT,0.002717,72.0,0.002716,268.0,0.002722,30.0,0.002723,149.0
1753532314512,12:18:34.512,B3/USDT:USDT,0.002717,36.0,0.002716,268.0,0.002722,30.0,0.002723,149.0
1753532315661,12:18:35.661,B3/USDT:USDT,0.002717,90.0,0.002716,268.0,0.002722,30.0,0.002723,149.0
1753532315713,12:18:35.713,B3/USDT:USDT,0.002717,36.0,0.002716,268.0,0.002722,30.0,0.002723,149.0
1753532316863,12:18:36.863,B3/USDT:USDT,0.002717,72.0,0.002716,268.0,0.002722,30.0,0.002723,149.0
1753532316912,12:18:36.912,B3/USDT:USDT,0.002717,36.0,0.002716,268.0,0.002722,30.0,0.002723,149.0
1753532318060,12:18:38.060,B3/USDT:USDT,0.002717,72.0,0.002716,268.0,0.002722,30.0,0.002723,149.0
1753532318078,12:18:38.078,B3/USDT:USDT,0.002717,108.0,0.002716,268.0,0.002722,30.0,0.002723,149.0
1753532318694,12:18:38.694,B3/USDT:USDT,0.002717,162.0,0.002716,268.0,0.002722,30.0,0.002723,149.0
1753532319064,12:18:39.064,B3/USDT:USDT,0.002717,54.0,0.002716,268.0,0.002722,30.0,0.002723,149.0
1753532319068,12:18:39.068,B3/USDT:USDT,0.002717,36.0,0.002716,268.0,0.002722,30.0,0.002723,149.0
1753532319236,12:18:39.236,B3/USDT:USDT,0.002717,90.0,0.002716,268.0,0.002722,30.0,0.002723,149.0
1753532319448,12:18:39.448,B3/USDT:USDT,0.002717,90.0,0.002716,268.0,0.002722,30.0,0.002723,149.0
1753532320353,12:18:40.353,B3/USDT:USDT,0.002717,108.0,0.002716,268.0,0.002722,30.0,0.002723,149.0
1753532320412,12:18:40.412,B3/USDT:USDT,0.002717,36.0,0.002716,268.0,0.002722,30.0,0.002723,149.0
1753532321330,12:18:41.330,B3/USDT:USDT,0.002717,72.0,0.002716,268.0,0.002722,30.0,0.002723,149.0
1753532321560,12:18:41.560,B3/USDT:USDT,0.002717,108.0,0.002716,268.0,0.002722,30.0,0.002723,149.0
1753532321617,12:18:41.617,B3/USDT:USDT,0.002717,36.0,0.002716,268.0,0.002722,30.0,0.002723,149.0
1753532322762,12:18:42.762,B3/USDT:USDT,0.002717,72.0,0.002716,268.0,0.002722,30.0,0.002723,149.0
1753532322812,12:18:42.812,B3/USDT:USDT,0.002717,36.0,0.002716,268.0,0.002722,30.0,0.002723,149.0
1753532323403,12:18:43.403,B3/USDT:USDT,0.002717,36.0,0.002716,268.0,0.002722,30.0,0.002723,149.0
1753532323488,12:18:43.488,B3/USDT:USDT,0.002717,36.0,0.002716,268.0,0.002722,30.0,0.002723,149.0
1753532323918,12:18:43.918,B3/USDT:USDT,0.002717,108.0,0.002716,268.0,0.002722,30.0,0.002723,149.0
1753532324156,12:18:44.156,B3/USDT:USDT,0.002717,126.0,0.002716,268.0,0.002722,30.0,0.002723,149.0
1753532324336,12:18:44.336,B3/USDT:USDT,0.002717,126.0,0.002716,268.0,0.002722,30.0,0.002723,149.0
1753532325715,12:18:45.715,B3/USDT:USDT,0.002717,144.0,0.002716,268.0,0.002722,30.0,0.002723,149.0
1753532327869,12:18:47.869,B3/USDT:USDT,0.002717,144.0,0.002716,268.0,0.002722,30.0,0.002723,149.0
1753532331660,12:18:51.660,B3/USDT:USDT,0.002717,36.0,0.002716,268.0,0.002722,30.0,0.002723,149.0
1753532332863,12:18:52.863,B3/USDT:USDT,0.002717,54.0,0.002716,268.0,0.002722,30.0,0.002723,149.0
1753532332868,12:18:52.868,B3/USDT:USDT,0.002717,90.0,0.002716,268.0,0.002722,30.0,0.002723,149.0
1753532334136,12:18:54.136,B3/USDT:USDT,0.002717,126.0,0.002716,268.0,0.002722,30.0,0.002723,149.0
1753532334199,12:18:54.199,B3/USDT:USDT,0.002717,126.0,0.002716,268.0,0.002722,30.0,0.002723,149.0
1753532335259,12:18:55.259,B3/USDT:USDT,0.002717,144.0,0.002716,268.0,0.002722,30.0,0.002723,149.0
1753532336460,12:18:56.460,B3/USDT:USDT,0.002717,162.0,0.002716,268.0,0.002722,30.0,0.002723,149.0
1753532342057,12:19:02.057,B3/USDT:USDT,0.002717,54.0,0.002716,268.0,0.002722,30.0,0.002723,149.0
1753532342077,12:19:02.077,B3/USDT:USDT,0.002717,90.0,0.002716,268.0,0.002722,30.0,0.002723,149.0
1753532342462,12:19:02.462,B3/USDT:USDT,0.002717,144.0,0.002716,268.0,0.002722,30.0,0.002723,149.0
1753532345129,12:19:05.129,B3/USDT:USDT,0.002717,153.0,0.002716,259.0,0.002722,30.0,0.002723,149.0
1753532345166,12:19:05.166,B3/USDT:USDT,0.002717,171.0,0.002716,259.0,0.002722,30.0,0.002723,149.0
1753532348148,12:19:08.148,B3/USDT:USDT,0.002717,171.0,0.002716,140.0,0.002722,30.0,0.002723,149.0
1753532348168,12:19:08.168,B3/USDT:USDT,0.002717,171.0,0.002716,233.0,0.002722,30.0,0.002723,149.0
1753532351265,12:19:11.265,B3/USDT:USDT,0.002717,70.0,0.002716,233.0,0.002722,30.0,0.002723,149.0
1753532351267,12:19:11.267,B3/USDT:USDT,0.002717,96.0,0.002716,233.0,0.002722,30.0,0.002723,149.0
1753532351575,12:19:11.575,B3/USDT:USDT,0.002717,122.0,0.002716,233.0,0.002722,30.0,0.002723,149.0
1753532351857,12:19:11.857,B3/USDT:USDT,0.002718,121.0,0.002717,122.0,0.002722,30.0,0.002724,186.0
1753532351960,12:19:11.960,B3/USDT:USDT,0.00272,30.0,0.002719,36.0,0.002725,76.0,0.002726,327.0
1753532352064,12:19:12.064,B3/USDT:USDT,0.002721,6.0,0.00272,30.0,0.002726,327.0,0.002727,286.0
1753532352085,12:19:12.085,B3/USDT:USDT,0.002721,6.0,0.00272,30.0,0.002726,232.0,0.002727,286.0
1753532352254,12:19:12.254,B3/USDT:USDT,0.002721,6.0,0.00272,30.0,0.002726,232.0,0.002727,286.0
1753532352266,12:19:12.266,B3/USDT:USDT,0.002721,6.0,0.00272,30.0,0.002726,232.0,0.002727,286.0
1753532352388,12:19:12.388,B3/USDT:USDT,0.002721,6.0,0.00272,30.0,0.002726,232.0,0.002727,286.0
1753532352554,12:19:12.554,B3/USDT:USDT,0.002721,6.0,0.00272,30.0,0.002726,232.0,0.002727,286.0
1753532352727,12:19:12.727,B3/USDT:USDT,0.002721,6.0,0.00272,30.0,0.002726,232.0,0.002727,286.0
1753532352819,12:19:12.819,B3/USDT:USDT,0.002721,6.0,0.00272,30.0,0.002726,232.0,0.002727,286.0
1753532353053,12:19:13.053,B3/USDT:USDT,0.002721,6.0,0.00272,30.0,0.002726,232.0,0.002727,286.0
1753532353120,12:19:13.120,B3/USDT:USDT,0.002721,6.0,0.00272,30.0,0.002726,232.0,0.002727,286.0
1753532353169,12:19:13.169,B3/USDT:USDT,0.002721,6.0,0.00272,30.0,0.002726,232.0,0.002727,286.0
1753532353334,12:19:13.334,B3/USDT:USDT,0.002721,6.0,0.00272,30.0,0.002726,232.0,0.002727,286.0
1753532353562,12:19:13.562,B3/USDT:USDT,0.002721,6.0,0.00272,30.0,0.002725,30.0,0.002726,232.0
1753532354601,12:19:14.601,B3/USDT:USDT,0.002721,6.0,0.00272,30.0,0.002725,30.0,0.002726,232.0
1753532356022,12:19:16.022,B3/USDT:USDT,0.002721,6.0,0.00272,30.0,0.002725,30.0,0.002726,232.0
1753532357765,12:19:17.765,B3/USDT:USDT,0.002721,6.0,0.00272,30.0,0.002725,30.0,0.002726,232.0
1753532358255,12:19:18.255,B3/USDT:USDT,0.002721,6.0,0.00272,30.0,0.002725,30.0,0.002726,232.0
1753532358320,12:19:18.320,B3/USDT:USDT,0.002721,6.0,0.00272,30.0,0.002725,30.0,0.002726,232.0
1753532358548,12:19:18.548,B3/USDT:USDT,0.002721,6.0,0.00272,30.0,0.002725,30.0,0.002726,232.0
1753532359055,12:19:19.055,B3/USDT:USDT,0.002721,6.0,0.00272,30.0,0.002725,30.0,0.002726,232.0
1753532359095,12:19:19.095,B3/USDT:USDT,0.002721,6.0,0.00272,30.0,0.002725,30.0,0.002726,232.0
1753532359237,12:19:19.237,B3/USDT:USDT,0.002721,6.0,0.00272,30.0,0.002725,30.0,0.002726,232.0
1753532360036,12:19:20.036,B3/USDT:USDT,0.002721,6.0,0.00272,30.0,0.002725,30.0,0.002726,232.0
1753532360067,12:19:20.067,B3/USDT:USDT,0.002721,6.0,0.00272,30.0,0.002725,30.0,0.002726,232.0
1753532360230,12:19:20.230,B3/USDT:USDT,0.002721,6.0,0.00272,30.0,0.002725,30.0,0.002726,232.0
1753532360299,12:19:20.299,B3/USDT:USDT,0.002721,6.0,0.00272,30.0,0.002725,30.0,0.002726,232.0
1753532360552,12:19:20.552,B3/USDT:USDT,0.002721,6.0,0.00272,30.0,0.002725,30.0,0.002726,232.0
1753532360664,12:19:20.664,B3/USDT:USDT,0.002721,6.0,0.00272,30.0,0.002725,30.0,0.002726,232.0
1753532360674,12:19:20.674,B3/USDT:USDT,0.002721,6.0,0.00272,30.0,0.002725,30.0,0.002726,232.0
1753532360932,12:19:20.932,B3/USDT:USDT,0.002721,6.0,0.00272,30.0,0.002725,30.0,0.002726,232.0
1753532361008,12:19:21.008,B3/USDT:USDT,0.002721,6.0,0.00272,30.0,0.002725,30.0,0.002726,232.0
1753532361221,12:19:21.221,B3/USDT:USDT,0.002721,6.0,0.00272,30.0,0.002725,30.0,0.002726,232.0
1753532361307,12:19:21.307,B3/USDT:USDT,0.002721,6.0,0.00272,30.0,0.002725,30.0,0.002726,232.0
1753532361838,12:19:21.838,B3/USDT:USDT,0.002721,6.0,0.00272,30.0,0.002725,30.0,0.002726,232.0
1753532361879,12:19:21.879,B3/USDT:USDT,0.002721,6.0,0.00272,30.0,0.002725,30.0,0.002726,232.0
1753532362030,12:19:22.030,B3/USDT:USDT,0.002721,6.0,0.00272,30.0,0.002725,30.0,0.002726,232.0
1753532362764,12:19:22.764,B3/USDT:USDT,0.002721,6.0,0.00272,30.0,0.002725,30.0,0.002726,232.0
1753532362768,12:19:22.768,B3/USDT:USDT,0.002721,6.0,0.00272,30.0,0.002725,30.0,0.002726,232.0
1753532362933,12:19:22.933,B3/USDT:USDT,0.002721,6.0,0.00272,30.0,0.002725,30.0,0.002726,232.0
1753532363166,12:19:23.166,B3/USDT:USDT,0.002721,6.0,0.00272,30.0,0.002725,30.0,0.002726,232.0
1753532363264,12:19:23.264,B3/USDT:USDT,0.002721,6.0,0.00272,30.0,0.002725,30.0,0.002726,232.0
1753532363509,12:19:23.509,B3/USDT:USDT,0.002721,6.0,0.00272,30.0,0.002725,30.0,0.002726,232.0
1753532363651,12:19:23.651,B3/USDT:USDT,0.002721,6.0,0.00272,30.0,0.002725,30.0,0.002726,232.0
1753532364656,12:19:24.656,B3/USDT:USDT,0.002721,6.0,0.00272,30.0,0.002725,30.0,0.002726,232.0
1753532365075,12:19:25.075,B3/USDT:USDT,0.002721,6.0,0.00272,30.0,0.002725,30.0,0.002726,232.0
1753532365898,12:19:25.898,B3/USDT:USDT,0.002721,6.0,0.00272,30.0,0.002725,30.0,0.002726,232.0
1753532366547,12:19:26.547,B3/USDT:USDT,0.002721,6.0,0.00272,30.0,0.002725,30.0,0.002726,232.0
1753532366639,12:19:26.639,B3/USDT:USDT,0.002721,6.0,0.00272,30.0,0.002725,30.0,0.002726,232.0
1753532367033,12:19:27.033,B3/USDT:USDT,0.002721,6.0,0.00272,30.0,0.002725,30.0,0.002726,232.0
1753532367337,12:19:27.337,B3/USDT:USDT,0.002721,6.0,0.00272,30.0,0.002725,30.0,0.002726,232.0
1753532367368,12:19:27.368,B3/USDT:USDT,0.002721,6.0,0.00272,30.0,0.002725,30.0,0.002726,232.0
1753532367548,12:19:27.548,B3/USDT:USDT,0.002721,6.0,0.00272,30.0,0.002725,30.0,0.002726,232.0
1753532367940,12:19:27.940,B3/USDT:USDT,0.002721,6.0,0.00272,30.0,0.002725,30.0,0.002726,232.0
1753532367970,12:19:27.970,B3/USDT:USDT,0.002721,6.0,0.00272,30.0,0.002725,30.0,0.002726,232.0
1753532369256,12:19:29.256,B3/USDT:USDT,0.002721,6.0,0.00272,30.0,0.002725,30.0,0.002726,232.0
1753532369357,12:19:29.357,B3/USDT:USDT,0.002721,6.0,0.00272,30.0,0.002725,30.0,0.002726,232.0
1753532369560,12:19:29.560,B3/USDT:USDT,0.002721,6.0,0.00272,30.0,0.002725,30.0,0.002726,232.0
1753532369662,12:19:29.662,B3/USDT:USDT,0.002721,6.0,0.00272,30.0,0.002725,30.0,0.002726,232.0
1753532369772,12:19:29.772,B3/USDT:USDT,0.002721,6.0,0.00272,30.0,0.002725,30.0,0.002726,232.0
1753532370774,12:19:30.774,B3/USDT:USDT,0.002721,6.0,0.00272,30.0,0.002725,30.0,0.002726,232.0
1753532371037,12:19:31.037,B3/USDT:USDT,0.002721,6.0,0.00272,30.0,0.002725,30.0,0.002726,232.0
1753532371068,12:19:31.068,B3/USDT:USDT,0.002721,6.0,0.00272,30.0,0.002725,30.0,0.002726,232.0
1753532371423,12:19:31.423,B3/USDT:USDT,0.002721,6.0,0.00272,30.0,0.002725,30.0,0.002726,232.0
1753532371525,12:19:31.525,B3/USDT:USDT,0.002721,6.0,0.00272,30.0,0.002725,30.0,0.002726,232.0
1753532371654,12:19:31.654,B3/USDT:USDT,0.002721,6.0,0.00272,30.0,0.002725,30.0,0.002726,232.0
1753532371695,12:19:31.695,B3/USDT:USDT,0.002721,6.0,0.00272,30.0,0.002725,30.0,0.002726,232.0
1753532371857,12:19:31.857,B3/USDT:USDT,0.002721,6.0,0.00272,30.0,0.002725,30.0,0.002726,232.0
1753532371888,12:19:31.888,B3/USDT:USDT,0.002721,6.0,0.00272,30.0,0.002725,30.0,0.002726,232.0
1753532372342,12:19:32.342,B3/USDT:USDT,0.002721,6.0,0.00272,30.0,0.002725,30.0,0.002726,232.0
1753532372534,12:19:32.534,B3/USDT:USDT,0.002721,6.0,0.00272,30.0,0.002725,30.0,0.002726,232.0
1753532373040,12:19:33.040,B3/USDT:USDT,0.002721,6.0,0.00272,30.0,0.002725,30.0,0.002726,232.0
1753532373245,12:19:33.245,B3/USDT:USDT,0.002721,6.0,0.00272,30.0,0.002725,30.0,0.002726,232.0
1753532373324,12:19:33.324,B3/USDT:USDT,0.002721,6.0,0.00272,30.0,0.002725,30.0,0.002726,232.0
1753532375054,12:19:35.054,B3/USDT:USDT,0.002721,6.0,0.00272,30.0,0.002725,30.0,0.002726,232.0
1753532375915,12:19:35.915,B3/USDT:USDT,0.002721,6.0,0.00272,30.0,0.002725,30.0,0.002726,232.0
1753532376016,12:19:36.016,B3/USDT:USDT,0.002721,6.0,0.00272,30.0,0.002725,30.0,0.002726,232.0
1753532376127,12:19:36.127,B3/USDT:USDT,0.002721,6.0,0.00272,30.0,0.002725,30.0,0.002726,232.0
1753532376239,12:19:36.239,B3/USDT:USDT,0.002721,6.0,0.00272,30.0,0.002725,30.0,0.002726,232.0
1753532376310,12:19:36.310,B3/USDT:USDT,0.002721,6.0,0.00272,30.0,0.002725,30.0,0.002726,232.0
1753532376532,12:19:36.532,B3/USDT:USDT,0.002721,6.0,0.00272,30.0,0.002725,30.0,0.002726,232.0
1753532376623,12:19:36.623,B3/USDT:USDT,0.002721,6.0,0.00272,30.0,0.002725,30.0,0.002726,232.0
1753532377048,12:19:37.048,B3/USDT:USDT,0.002721,6.0,0.00272,30.0,0.002725,30.0,0.002726,232.0
1753532377099,12:19:37.099,B3/USDT:USDT,0.002721,6.0,0.00272,30.0,0.002725,30.0,0.002726,232.0
1753532377261,12:19:37.261,B3/USDT:USDT,0.002721,6.0,0.00272,30.0,0.002725,30.0,0.002726,232.0
1753532377352,12:19:37.352,B3/USDT:USDT,0.002721,6.0,0.00272,30.0,0.002725,30.0,0.002726,232.0
1753532377422,12:19:37.422,B3/USDT:USDT,0.002721,6.0,0.00272,30.0,0.002725,30.0,0.002726,232.0
1753532377504,12:19:37.504,B3/USDT:USDT,0.002721,6.0,0.00272,30.0,0.002725,30.0,0.002726,232.0
1753532377704,12:19:37.704,B3/USDT:USDT,0.002721,6.0,0.00272,30.0,0.002725,30.0,0.002726,232.0
1753532378250,12:19:38.250,B3/USDT:USDT,0.002721,6.0,0.00272,30.0,0.002725,30.0,0.002726,232.0
1753532378433,12:19:38.433,B3/USDT:USDT,0.002721,6.0,0.00272,30.0,0.002725,30.0,0.002726,232.0
1753532378516,12:19:38.516,B3/USDT:USDT,0.002721,6.0,0.00272,30.0,0.002725,30.0,0.002726,232.0
1753532379060,12:19:39.060,B3/USDT:USDT,0.002721,6.0,0.00272,30.0,0.002725,30.0,0.002726,232.0
1753532379262,12:19:39.262,B3/USDT:USDT,0.002721,6.0,0.00272,30.0,0.002725,30.0,0.002726,232.0
1753532379333,12:19:39.333,B3/USDT:USDT,0.002721,6.0,0.00272,30.0,0.002725,30.0,0.002726,232.0
1753532379425,12:19:39.425,B3/USDT:USDT,0.002721,6.0,0.00272,30.0,0.002725,30.0,0.002726,232.0
1753532379626,12:19:39.626,B3/USDT:USDT,0.002721,6.0,0.00272,30.0,0.002725,30.0,0.002726,232.0
1753532379739,12:19:39.739,B3/USDT:USDT,0.002721,6.0,0.00272,30.0,0.002725,30.0,0.002726,232.0
1753532379950,12:19:39.950,B3/USDT:USDT,0.002721,6.0,0.00272,30.0,0.002725,30.0,0.002726,232.0
1753532380134,12:19:40.134,B3/USDT:USDT,0.002721,6.0,0.00272,30.0,0.002725,30.0,0.002726,232.0
1753532380306,12:19:40.306,B3/USDT:USDT,0.002721,6.0,0.00272,30.0,0.002725,30.0,0.002726,232.0
1753532382039,12:19:42.039,B3/USDT:USDT,0.002721,6.0,0.00272,30.0,0.002725,30.0,0.002726,232.0
1753532382512,12:19:42.512,B3/USDT:USDT,0.002721,6.0,0.00272,30.0,0.002725,30.0,0.002726,232.0
1753532383507,12:19:43.507,B3/USDT:USDT,0.002721,6.0,0.00272,30.0,0.002725,30.0,0.002726,232.0
1753532384003,12:19:44.003,B3/USDT:USDT,0.002721,6.0,0.00272,30.0,0.002725,30.0,0.002726,232.0
1753532385046,12:19:45.046,B3/USDT:USDT,0.002721,6.0,0.00272,30.0,0.002725,30.0,0.002726,232.0
1753532387041,12:19:47.041,B3/USDT:USDT,0.002721,6.0,0.00272,30.0,0.002725,30.0,0.002726,232.0
1753532387758,12:19:47.758,B3/USDT:USDT,0.002721,6.0,0.00272,30.0,0.002725,30.0,0.002726,232.0
1753532387921,12:19:47.921,B3/USDT:USDT,0.002721,6.0,0.00272,30.0,0.002725,30.0,0.002726,232.0
1753532388162,12:19:48.162,B3/USDT:USDT,0.002721,6.0,0.00272,30.0,0.002725,30.0,0.002726,232.0
1753532388193,12:19:48.193,B3/USDT:USDT,0.002721,6.0,0.00272,30.0,0.002725,30.0,0.002726,232.0
1753532388517,12:19:48.517,B3/USDT:USDT,0.002721,6.0,0.00272,30.0,0.002725,30.0,0.002726,232.0
1753532388709,12:19:48.709,B3/USDT:USDT,0.002721,6.0,0.00272,30.0,0.002725,30.0,0.002726,232.0
1753532388831,12:19:48.831,B3/USDT:USDT,0.002721,6.0,0.00272,30.0,0.002725,30.0,0.002726,232.0
1753532388934,12:19:48.934,B3/USDT:USDT,0.002721,6.0,0.00272,30.0,0.002725,30.0,0.002726,232.0
1753532389044,12:19:49.044,B3/USDT:USDT,0.002721,6.0,0.00272,30.0,0.002725,30.0,0.002726,232.0
1753532389246,12:19:49.246,B3/USDT:USDT,0.002721,6.0,0.00272,30.0,0.002725,30.0,0.002726,232.0
1753532389307,12:19:49.307,B3/USDT:USDT,0.002721,6.0,0.00272,30.0,0.002725,30.0,0.002726,232.0
1753532389519,12:19:49.519,B3/USDT:USDT,0.002721,6.0,0.00272,30.0,0.002725,30.0,0.002726,232.0
1753532389590,12:19:49.590,B3/USDT:USDT,0.002721,6.0,0.00272,30.0,0.002725,30.0,0.002726,232.0
1753532389752,12:19:49.752,B3/USDT:USDT,0.002721,6.0,0.00272,30.0,0.002725,30.0,0.002726,232.0
1753532389792,12:19:49.792,B3/USDT:USDT,0.002721,6.0,0.00272,30.0,0.002725,30.0,0.002726,232.0
1753532390198,12:19:50.198,B3/USDT:USDT,0.002721,6.0,0.00272,30.0,0.002725,30.0,0.002726,232.0
1753532390329,12:19:50.329,B3/USDT:USDT,0.002721,6.0,0.00272,30.0,0.002725,30.0,0.002726,232.0
