timestamp,time,symbol,bid1_price,bid1_volume,bid2_price,bid2_volume,ask1_price,ask1_volume,ask2_price,ask2_volume
1753531600000,12:06:40.000,BAN/USDT:USDT,0.06231,16.0,0.06226,21.0,0.06233,2.0,0.06234,21.0
1753531601168,12:06:41.168,BAN/USDT:USDT,0.06231,16.0,0.06226,21.0,0.06233,2.0,0.06234,21.0
1753531601323,12:06:41.323,BAN/USDT:USDT,0.06231,16.0,0.06226,21.0,0.06233,2.0,0.06234,21.0
1753531603254,12:06:43.254,BAN/USDT:USDT,0.06231,16.0,0.06226,21.0,0.06233,2.0,0.06234,21.0
1753531603531,12:06:43.531,BAN/USDT:USDT,0.06231,16.0,0.06226,21.0,0.06232,21.0,0.06233,2.0
1753531603632,12:06:43.632,BAN/USDT:USDT,0.06231,16.0,0.06226,21.0,0.06232,21.0,0.06233,2.0
1753531604004,12:06:44.004,BAN/USDT:USDT,0.06231,16.0,0.06226,21.0,0.06232,21.0,0.06233,2.0
1753531604217,12:06:44.217,BAN/USDT:USDT,0.06231,16.0,0.06226,21.0,0.06232,21.0,0.06233,2.0
1753531604415,12:06:44.415,BAN/USDT:USDT,0.06227,21.0,0.06226,21.0,0.06232,21.0,0.06233,2.0
1753531604544,12:06:44.544,BAN/USDT:USDT,0.06226,21.0,0.06225,25.0,0.06231,23.0,0.06232,21.0
1753531604588,12:06:44.588,BAN/USDT:USDT,0.06226,21.0,0.06225,25.0,0.0623,21.0,0.06231,23.0
1753531604659,12:06:44.659,BAN/USDT:USDT,0.06226,21.0,0.06225,25.0,0.06229,2.0,0.0623,21.0
1753531604831,12:06:44.831,BAN/USDT:USDT,0.06226,21.0,0.06225,25.0,0.06229,2.0,0.0623,21.0
1753531605225,12:06:45.225,BAN/USDT:USDT,0.06226,21.0,0.06225,25.0,0.06229,2.0,0.06231,21.0
1753531605265,12:06:45.265,BAN/USDT:USDT,0.06226,21.0,0.06225,25.0,0.0623,2.0,0.06231,21.0
1753531605383,12:06:45.383,BAN/USDT:USDT,0.06226,21.0,0.06225,25.0,0.0623,2.0,0.06231,21.0
1753531605671,12:06:45.671,BAN/USDT:USDT,0.06226,21.0,0.06225,25.0,0.0623,23.0,0.06231,21.0
1753531606090,12:06:46.090,BAN/USDT:USDT,0.06226,21.0,0.06225,25.0,0.0623,23.0,0.06231,21.0
1753531607390,12:06:47.390,BAN/USDT:USDT,0.06226,21.0,0.06225,25.0,0.0623,23.0,0.06232,21.0
1753531608113,12:06:48.113,BAN/USDT:USDT,0.06226,21.0,0.06225,25.0,0.06228,2.0,0.06229,21.0
1753531608496,12:06:48.496,BAN/USDT:USDT,0.06226,21.0,0.06225,25.0,0.06228,2.0,0.06229,21.0
1753531609280,12:06:49.280,BAN/USDT:USDT,0.06226,21.0,0.06225,25.0,0.06228,2.0,0.0623,21.0
1753531609574,12:06:49.574,BAN/USDT:USDT,0.06226,21.0,0.06225,25.0,0.0623,21.0,0.06231,2.0
1753531609739,12:06:49.739,BAN/USDT:USDT,0.06226,21.0,0.06225,25.0,0.06229,2.0,0.0623,21.0
1753531610043,12:06:50.043,BAN/USDT:USDT,0.06226,21.0,0.06225,25.0,0.06229,2.0,0.0623,21.0
1753531610057,12:06:50.057,BAN/USDT:USDT,0.06226,21.0,0.06225,25.0,0.06229,2.0,0.0623,21.0
1753531610154,12:06:50.154,BAN/USDT:USDT,0.06226,21.0,0.06225,25.0,0.06229,2.0,0.0623,21.0
1753531611501,12:06:51.501,BAN/USDT:USDT,0.06226,21.0,0.06225,25.0,0.06229,2.0,0.0623,21.0
1753531611774,12:06:51.774,BAN/USDT:USDT,0.06226,21.0,0.06225,25.0,0.06231,2.0,0.06232,21.0
1753531611925,12:06:51.925,BAN/USDT:USDT,0.06226,21.0,0.06225,25.0,0.0623,21.0,0.06231,2.0
1753531611963,12:06:51.963,BAN/USDT:USDT,0.06226,21.0,0.06225,25.0,0.06229,2.0,0.0623,21.0
1753531612086,12:06:52.086,BAN/USDT:USDT,0.06226,21.0,0.06225,25.0,0.06229,2.0,0.0623,21.0
1753531612179,12:06:52.179,BAN/USDT:USDT,0.06226,21.0,0.06225,25.0,0.06229,2.0,0.0623,21.0
1753531613822,12:06:53.822,BAN/USDT:USDT,0.06226,21.0,0.06225,25.0,0.06229,2.0,0.06232,21.0
1753531614027,12:06:54.027,BAN/USDT:USDT,0.06226,21.0,0.06225,25.0,0.0623,21.0,0.06231,2.0
1753531614058,12:06:54.058,BAN/USDT:USDT,0.06226,21.0,0.06225,25.0,0.06229,2.0,0.0623,21.0
1753531616005,12:06:56.005,BAN/USDT:USDT,0.06226,21.0,0.06225,25.0,0.06229,2.0,0.06232,21.0
1753531616225,12:06:56.225,BAN/USDT:USDT,0.06226,21.0,0.06225,25.0,0.0623,21.0,0.06231,2.0
1753531616257,12:06:56.257,BAN/USDT:USDT,0.06226,21.0,0.06225,25.0,0.06229,2.0,0.0623,21.0
1753531618152,12:06:58.152,BAN/USDT:USDT,0.06226,21.0,0.06225,25.0,0.06229,2.0,0.06232,21.0
1753531618427,12:06:58.427,BAN/USDT:USDT,0.06226,21.0,0.06225,25.0,0.06231,2.0,0.06232,21.0
1753531618618,12:06:58.618,BAN/USDT:USDT,0.06226,21.0,0.06225,25.0,0.0623,21.0,0.06231,23.0
1753531618658,12:06:58.658,BAN/USDT:USDT,0.06226,21.0,0.06225,25.0,0.06229,2.0,0.0623,21.0
1753531620330,12:07:00.330,BAN/USDT:USDT,0.06226,21.0,0.06225,25.0,0.06229,2.0,0.06231,21.0
1753531621649,12:07:01.649,BAN/USDT:USDT,0.06226,21.0,0.06225,25.0,0.0623,23.0,0.06231,21.0
1753531621650,12:07:01.650,BAN/USDT:USDT,0.06226,21.0,0.06225,25.0,0.0623,2.0,0.06231,21.0
1753531621804,12:07:01.804,BAN/USDT:USDT,0.06226,21.0,0.06225,25.0,0.0623,23.0,0.06231,21.0
1753531622480,12:07:02.480,BAN/USDT:USDT,0.06226,21.0,0.06225,25.0,0.0623,23.0,0.06232,21.0
1753531622857,12:07:02.857,BAN/USDT:USDT,0.06226,21.0,0.06225,25.0,0.06228,2.0,0.06229,21.0
1753531623060,12:07:03.060,BAN/USDT:USDT,0.06226,21.0,0.06225,25.0,0.06228,2.0,0.06229,21.0
1753531624076,12:07:04.076,BAN/USDT:USDT,0.06226,21.0,0.06225,25.0,0.06228,2.0,0.06229,21.0
1753531624628,12:07:04.628,BAN/USDT:USDT,0.06226,21.0,0.06225,25.0,0.06228,2.0,0.0623,21.0
1753531624657,12:07:04.657,BAN/USDT:USDT,0.06226,21.0,0.06225,25.0,0.06229,2.0,0.0623,21.0
1753531625084,12:07:05.084,BAN/USDT:USDT,0.06226,21.0,0.06225,25.0,0.06229,2.0,0.0623,21.0
1753531626778,12:07:06.778,BAN/USDT:USDT,0.06226,21.0,0.06225,25.0,0.06229,2.0,0.06232,21.0
1753531626875,12:07:06.875,BAN/USDT:USDT,0.06226,21.0,0.06225,25.0,0.0623,22.0,0.06231,2.0
1753531626958,12:07:06.958,BAN/USDT:USDT,0.06226,21.0,0.06225,25.0,0.06229,2.0,0.0623,22.0
1753531628924,12:07:08.924,BAN/USDT:USDT,0.06226,21.0,0.06225,25.0,0.06229,2.0,0.06232,21.0
1753531628973,12:07:08.973,BAN/USDT:USDT,0.06226,21.0,0.06225,25.0,0.0623,22.0,0.06231,2.0
1753531629063,12:07:09.063,BAN/USDT:USDT,0.06226,21.0,0.06225,25.0,0.06229,2.0,0.0623,22.0
1753531630785,12:07:10.785,BAN/USDT:USDT,0.06226,21.0,0.06225,25.0,0.06229,2.0,0.0623,22.0
1753531631089,12:07:11.089,BAN/USDT:USDT,0.06226,21.0,0.06225,25.0,0.06229,2.0,0.06232,21.0
1753531631175,12:07:11.175,BAN/USDT:USDT,0.06226,21.0,0.06225,25.0,0.06231,2.0,0.06232,21.0
1753531631328,12:07:11.328,BAN/USDT:USDT,0.06226,21.0,0.06225,25.0,0.06231,2.0,0.06232,21.0
1753531631555,12:07:11.555,BAN/USDT:USDT,0.06226,21.0,0.06225,25.0,0.0623,22.0,0.06231,2.0
1753531631660,12:07:11.660,BAN/USDT:USDT,0.06226,21.0,0.06225,25.0,0.06229,2.0,0.0623,22.0
1753531633081,12:07:13.081,BAN/USDT:USDT,0.06226,21.0,0.06225,25.0,0.06229,2.0,0.0623,22.0
1753531633191,12:07:13.191,BAN/USDT:USDT,0.06226,21.0,0.06225,25.0,0.06229,2.0,0.0623,22.0
1753531633261,12:07:13.261,BAN/USDT:USDT,0.06226,21.0,0.06225,25.0,0.06229,2.0,0.06232,21.0
1753531633373,12:07:13.373,BAN/USDT:USDT,0.06226,21.0,0.06225,25.0,0.06231,24.0,0.06232,21.0
1753531634077,12:07:14.077,BAN/USDT:USDT,0.06226,21.0,0.06225,25.0,0.06231,24.0,0.06232,21.0
1753531634333,12:07:14.333,BAN/USDT:USDT,0.06226,21.0,0.06225,25.0,0.06231,24.0,0.06232,21.0
1753531634862,12:07:14.862,BAN/USDT:USDT,0.06226,21.0,0.06225,25.0,0.0623,22.0,0.06231,24.0
1753531634965,12:07:14.965,BAN/USDT:USDT,0.06226,21.0,0.06225,25.0,0.06229,2.0,0.0623,22.0
1753531635394,12:07:15.394,BAN/USDT:USDT,0.06226,21.0,0.06225,25.0,0.06229,2.0,0.06231,22.0
1753531635457,12:07:15.457,BAN/USDT:USDT,0.06226,21.0,0.06225,25.0,0.0623,2.0,0.06231,22.0
1753531635671,12:07:15.671,BAN/USDT:USDT,0.06226,21.0,0.06225,25.0,0.0623,24.0,0.06231,22.0
1753531637556,12:07:17.556,BAN/USDT:USDT,0.06226,21.0,0.06225,25.0,0.0623,24.0,0.06232,21.0
1753531639725,12:07:19.725,BAN/USDT:USDT,0.06226,21.0,0.06225,25.0,0.0623,24.0,0.06234,21.0
1753531639969,12:07:19.969,BAN/USDT:USDT,0.06226,21.0,0.06225,25.0,0.0623,24.0,0.06234,21.0
1753531646845,12:07:26.845,BAN/USDT:USDT,0.06226,21.0,0.06225,25.0,0.06229,22.0,0.0623,24.0
1753531646868,12:07:26.868,BAN/USDT:USDT,0.06226,21.0,0.06225,25.0,0.06228,2.0,0.06229,22.0
1753531647215,12:07:27.215,BAN/USDT:USDT,0.06226,21.0,0.06225,25.0,0.06228,2.0,0.06229,22.0
1753531648034,12:07:28.034,BAN/USDT:USDT,0.06226,21.0,0.06225,25.0,0.06228,2.0,0.06229,22.0
1753531648385,12:07:28.385,BAN/USDT:USDT,0.06226,21.0,0.06225,25.0,0.06228,2.0,0.0623,22.0
1753531648538,12:07:28.538,BAN/USDT:USDT,0.06226,21.0,0.06225,25.0,0.06229,2.0,0.0623,22.0
1753531648620,12:07:28.620,BAN/USDT:USDT,0.06226,21.0,0.06225,25.0,0.06229,2.0,0.0623,22.0
1753531648689,12:07:28.689,BAN/USDT:USDT,0.06226,21.0,0.06225,25.0,0.06229,24.0,0.0623,22.0
1753531649791,12:07:29.791,BAN/USDT:USDT,0.06226,21.0,0.06225,25.0,0.06229,2.0,0.0623,22.0
1753531650060,12:07:30.060,BAN/USDT:USDT,0.06226,21.0,0.06225,25.0,0.06229,2.0,0.0623,22.0
1753531650537,12:07:30.537,BAN/USDT:USDT,0.06226,21.0,0.06225,25.0,0.06229,2.0,0.06234,21.0
1753531650597,12:07:30.597,BAN/USDT:USDT,0.06226,21.0,0.06225,25.0,0.06232,22.0,0.06233,2.0
1753531650698,12:07:30.698,BAN/USDT:USDT,0.06226,21.0,0.06225,25.0,0.0623,22.0,0.06231,2.0
1753531650760,12:07:30.760,BAN/USDT:USDT,0.06226,21.0,0.06225,25.0,0.06229,2.0,0.0623,22.0
1753531651281,12:07:31.281,BAN/USDT:USDT,0.06226,21.0,0.06225,25.0,0.06229,2.0,0.0623,22.0
1753531651697,12:07:31.697,BAN/USDT:USDT,0.06226,21.0,0.06225,25.0,0.06229,2.0,0.0623,22.0
1753531652159,12:07:32.159,BAN/USDT:USDT,0.06226,21.0,0.06225,25.0,0.06229,24.0,0.0623,22.0
1753531652699,12:07:32.699,BAN/USDT:USDT,0.06226,21.0,0.06225,25.0,0.06229,24.0,0.06232,22.0
1753531652881,12:07:32.881,BAN/USDT:USDT,0.06225,25.0,0.06222,120.0,0.06228,22.0,0.06229,24.0
1753531653011,12:07:33.011,BAN/USDT:USDT,0.06225,25.0,0.06222,120.0,0.06227,2.0,0.06228,22.0
1753531653242,12:07:33.242,BAN/USDT:USDT,0.06225,25.0,0.06222,120.0,0.06227,2.0,0.06228,22.0
1753531653318,12:07:33.318,BAN/USDT:USDT,0.06225,25.0,0.06222,120.0,0.06227,2.0,0.06228,22.0
1753531654134,12:07:34.134,BAN/USDT:USDT,0.06225,25.0,0.06222,120.0,0.06227,2.0,0.06228,22.0
1753531654547,12:07:34.547,BAN/USDT:USDT,0.06225,25.0,0.06222,120.0,0.06227,2.0,0.06228,22.0
1753531654591,12:07:34.591,BAN/USDT:USDT,0.06226,22.0,0.06225,25.0,0.06227,2.0,0.06229,22.0
1753531654663,12:07:34.663,BAN/USDT:USDT,0.06226,22.0,0.06225,25.0,0.06228,2.0,0.06229,22.0
1753531654848,12:07:34.848,BAN/USDT:USDT,0.06226,22.0,0.06225,25.0,0.06228,2.0,0.06232,22.0
1753531654874,12:07:34.874,BAN/USDT:USDT,0.06226,22.0,0.06225,25.0,0.0623,22.0,0.06231,2.0
1753531655000,12:07:35.000,BAN/USDT:USDT,0.06226,22.0,0.06225,25.0,0.06229,2.0,0.0623,22.0
1753531655154,12:07:35.154,BAN/USDT:USDT,0.06226,22.0,0.06225,25.0,0.06229,2.0,0.0623,22.0
1753531655305,12:07:35.305,BAN/USDT:USDT,0.06226,22.0,0.06225,25.0,0.06229,2.0,0.0623,22.0
1753531655376,12:07:35.376,BAN/USDT:USDT,0.06226,22.0,0.06225,25.0,0.06229,2.0,0.0623,22.0
1753531655459,12:07:35.459,BAN/USDT:USDT,0.06226,22.0,0.06225,25.0,0.06229,2.0,0.0623,22.0
1753531656223,12:07:36.223,BAN/USDT:USDT,0.06225,25.0,0.06222,120.0,0.06229,2.0,0.0623,22.0
1753531656372,12:07:36.372,BAN/USDT:USDT,0.06226,21.0,0.06225,25.0,0.06229,2.0,0.0623,22.0
1753531656522,12:07:36.522,BAN/USDT:USDT,0.06226,21.0,0.06225,25.0,0.06229,23.0,0.0623,22.0
1753531656981,12:07:36.981,BAN/USDT:USDT,0.06226,21.0,0.06225,25.0,0.06229,23.0,0.06232,22.0
1753531659108,12:07:39.108,BAN/USDT:USDT,0.06226,21.0,0.06225,25.0,0.06229,23.0,0.06234,21.0
1753531660093,12:07:40.093,BAN/USDT:USDT,0.06226,21.0,0.06225,25.0,0.06229,23.0,0.06234,21.0
1753531664049,12:07:44.049,BAN/USDT:USDT,0.06226,21.0,0.06225,25.0,0.06229,23.0,0.06234,21.0
1753531664617,12:07:44.617,BAN/USDT:USDT,0.06226,21.0,0.06225,25.0,0.06229,2.0,0.06234,21.0
1753531664674,12:07:44.674,BAN/USDT:USDT,0.06226,21.0,0.06225,25.0,0.06232,21.0,0.06233,2.0
1753531664774,12:07:44.774,BAN/USDT:USDT,0.06226,21.0,0.06225,25.0,0.0623,21.0,0.06231,2.0
1753531664857,12:07:44.857,BAN/USDT:USDT,0.06226,21.0,0.06225,25.0,0.06229,2.0,0.0623,21.0
1753531665524,12:07:45.524,BAN/USDT:USDT,0.06226,21.0,0.06225,25.0,0.06229,2.0,0.06232,21.0
1753531665574,12:07:45.574,BAN/USDT:USDT,0.06226,21.0,0.06225,25.0,0.0623,21.0,0.06231,2.0
1753531665658,12:07:45.658,BAN/USDT:USDT,0.06226,21.0,0.06225,25.0,0.06229,2.0,0.0623,21.0
1753531667675,12:07:47.675,BAN/USDT:USDT,0.06226,21.0,0.06225,25.0,0.06229,2.0,0.06232,21.0
1753531667774,12:07:47.774,BAN/USDT:USDT,0.06226,21.0,0.06225,25.0,0.0623,22.0,0.06231,2.0
1753531667857,12:07:47.857,BAN/USDT:USDT,0.06226,21.0,0.06225,25.0,0.06229,2.0,0.0623,22.0
1753531669803,12:07:49.803,BAN/USDT:USDT,0.06226,21.0,0.06225,25.0,0.06229,2.0,0.06232,21.0
1753531669876,12:07:49.876,BAN/USDT:USDT,0.06226,21.0,0.06225,25.0,0.06231,2.0,0.06232,21.0
1753531670025,12:07:50.025,BAN/USDT:USDT,0.06226,21.0,0.06225,25.0,0.0623,22.0,0.06231,2.0
1753531670057,12:07:50.057,BAN/USDT:USDT,0.06226,21.0,0.06225,25.0,0.06229,2.0,0.0623,22.0
1753531670324,12:07:50.324,BAN/USDT:USDT,0.06226,21.0,0.06225,25.0,0.06229,2.0,0.0623,22.0
1753531671140,12:07:51.140,BAN/USDT:USDT,0.06226,21.0,0.06225,25.0,0.06229,2.0,0.0623,22.0
1753531671953,12:07:51.953,BAN/USDT:USDT,0.06226,21.0,0.06225,25.0,0.06229,2.0,0.06232,21.0
1753531672075,12:07:52.075,BAN/USDT:USDT,0.06226,21.0,0.06225,25.0,0.06231,2.0,0.06232,21.0
1753531672227,12:07:52.227,BAN/USDT:USDT,0.06226,21.0,0.06225,25.0,0.0623,22.0,0.06231,2.0
1753531672258,12:07:52.258,BAN/USDT:USDT,0.06226,21.0,0.06225,25.0,0.06229,2.0,0.0623,22.0
1753531672361,12:07:52.361,BAN/USDT:USDT,0.06226,21.0,0.06225,25.0,0.06229,2.0,0.0623,22.0
1753531674130,12:07:54.130,BAN/USDT:USDT,0.06226,21.0,0.06225,25.0,0.06229,2.0,0.06232,21.0
1753531674174,12:07:54.174,BAN/USDT:USDT,0.06226,21.0,0.06225,25.0,0.0623,22.0,0.06231,2.0
1753531674260,12:07:54.260,BAN/USDT:USDT,0.06226,21.0,0.06225,25.0,0.06229,2.0,0.0623,22.0
1753531676297,12:07:56.297,BAN/USDT:USDT,0.06226,21.0,0.06225,25.0,0.06229,2.0,0.06232,21.0
1753531676376,12:07:56.376,BAN/USDT:USDT,0.06226,21.0,0.06225,25.0,0.06231,2.0,0.06232,21.0
1753531676530,12:07:56.530,BAN/USDT:USDT,0.06226,21.0,0.06225,25.0,0.0623,21.0,0.06231,2.0
1753531676558,12:07:56.558,BAN/USDT:USDT,0.06226,21.0,0.06225,25.0,0.06229,2.0,0.0623,21.0
1753531678480,12:07:58.480,BAN/USDT:USDT,0.06226,21.0,0.06225,25.0,0.06229,2.0,0.06232,21.0
1753531678574,12:07:58.574,BAN/USDT:USDT,0.06226,21.0,0.06225,25.0,0.0623,21.0,0.06231,2.0
1753531678657,12:07:58.657,BAN/USDT:USDT,0.06226,21.0,0.06225,25.0,0.06229,2.0,0.0623,21.0
1753531680636,12:08:00.636,BAN/USDT:USDT,0.06226,21.0,0.06225,25.0,0.06229,2.0,0.06232,21.0
1753531680676,12:08:00.676,BAN/USDT:USDT,0.06226,21.0,0.06225,25.0,0.0623,21.0,0.06231,23.0
1753531680758,12:08:00.758,BAN/USDT:USDT,0.06226,21.0,0.06225,25.0,0.06229,2.0,0.0623,21.0
1753531681210,12:08:01.210,BAN/USDT:USDT,0.06226,21.0,0.06225,25.0,0.06229,2.0,0.0623,21.0
1753531682769,12:08:02.769,BAN/USDT:USDT,0.06226,21.0,0.06225,25.0,0.06229,2.0,0.06231,21.0
1753531682921,12:08:02.921,BAN/USDT:USDT,0.06226,21.0,0.06225,25.0,0.0623,2.0,0.06231,21.0
1753531683073,12:08:03.073,BAN/USDT:USDT,0.06226,21.0,0.06225,25.0,0.0623,2.0,0.06231,21.0
1753531683232,12:08:03.232,BAN/USDT:USDT,0.06226,21.0,0.06225,25.0,0.0623,23.0,0.06231,21.0
1753531684911,12:08:04.911,BAN/USDT:USDT,0.06226,21.0,0.06225,25.0,0.0623,23.0,0.06232,21.0
1753531685254,12:08:05.254,BAN/USDT:USDT,0.06226,21.0,0.06225,25.0,0.0623,23.0,0.06232,21.0
1753531685877,12:08:05.877,BAN/USDT:USDT,0.06226,21.0,0.06225,25.0,0.0623,23.0,0.06232,21.0
1753531687063,12:08:07.063,BAN/USDT:USDT,0.06226,21.0,0.06225,25.0,0.0623,23.0,0.06234,21.0
1753531688215,12:08:08.215,BAN/USDT:USDT,0.06226,21.0,0.06225,25.0,0.0623,2.0,0.06234,21.0
1753531688274,12:08:08.274,BAN/USDT:USDT,0.06226,21.0,0.06225,25.0,0.06232,22.0,0.06233,2.0
1753531688374,12:08:08.374,BAN/USDT:USDT,0.06226,21.0,0.06225,25.0,0.06231,2.0,0.06232,22.0
1753531688528,12:08:08.528,BAN/USDT:USDT,0.06226,21.0,0.06225,25.0,0.0623,22.0,0.06231,2.0
1753531688557,12:08:08.557,BAN/USDT:USDT,0.06226,21.0,0.06225,25.0,0.06229,2.0,0.0623,22.0
1753531689205,12:08:09.205,BAN/USDT:USDT,0.06226,21.0,0.06225,25.0,0.06229,2.0,0.06232,22.0
1753531689290,12:08:09.290,BAN/USDT:USDT,0.06226,21.0,0.06225,25.0,0.06231,24.0,0.06232,22.0
1753531691348,12:08:11.348,BAN/USDT:USDT,0.06226,21.0,0.06225,25.0,0.0623,22.0,0.06231,24.0
1753531691360,12:08:11.360,BAN/USDT:USDT,0.06226,21.0,0.06225,25.0,0.06229,2.0,0.0623,22.0
1753531692114,12:08:12.114,BAN/USDT:USDT,0.06226,21.0,0.06225,25.0,0.06229,2.0,0.0623,22.0
1753531693518,12:08:13.518,BAN/USDT:USDT,0.06226,21.0,0.06225,25.0,0.06229,2.0,0.06231,22.0
1753531693558,12:08:13.558,BAN/USDT:USDT,0.06226,21.0,0.06225,25.0,0.0623,2.0,0.06231,22.0
1753531693736,12:08:13.736,BAN/USDT:USDT,0.06226,21.0,0.06225,25.0,0.0623,2.0,0.06231,22.0
1753531693825,12:08:13.825,BAN/USDT:USDT,0.06226,21.0,0.06225,25.0,0.0623,2.0,0.06231,22.0
1753531693977,12:08:13.977,BAN/USDT:USDT,0.06226,21.0,0.06225,25.0,0.06229,22.0,0.0623,2.0
1753531694063,12:08:14.063,BAN/USDT:USDT,0.06226,21.0,0.06225,25.0,0.06228,2.0,0.06229,22.0
1753531694154,12:08:14.154,BAN/USDT:USDT,0.06226,21.0,0.06225,25.0,0.06228,2.0,0.06229,22.0
1753531695370,12:08:15.370,BAN/USDT:USDT,0.06226,21.0,0.06225,25.0,0.06228,2.0,0.06229,22.0
1753531695651,12:08:15.651,BAN/USDT:USDT,0.06226,21.0,0.06225,25.0,0.06228,2.0,0.06231,22.0
1753531695794,12:08:15.794,BAN/USDT:USDT,0.06226,21.0,0.06225,25.0,0.0623,2.0,0.06231,22.0
1753531695928,12:08:15.928,BAN/USDT:USDT,0.06226,21.0,0.06225,25.0,0.0623,24.0,0.06231,22.0
1753531696198,12:08:16.198,BAN/USDT:USDT,0.06226,21.0,0.06225,25.0,0.0623,24.0,0.06231,22.0
1753531697820,12:08:17.820,BAN/USDT:USDT,0.06226,21.0,0.06225,25.0,0.0623,24.0,0.06234,21.0
1753531698224,12:08:18.224,BAN/USDT:USDT,0.06226,21.0,0.06225,25.0,0.0623,24.0,0.06234,21.0
1753531699480,12:08:19.480,BAN/USDT:USDT,0.06226,21.0,0.06225,25.0,0.06229,22.0,0.0623,24.0
1753531699589,12:08:19.589,BAN/USDT:USDT,0.06226,21.0,0.06225,25.0,0.06228,2.0,0.06229,22.0
1753531699847,12:08:19.847,BAN/USDT:USDT,0.06226,21.0,0.06225,25.0,0.06228,2.0,0.06229,22.0
1753531699972,12:08:19.972,BAN/USDT:USDT,0.06226,21.0,0.06225,25.0,0.06228,2.0,0.0623,22.0
1753531700063,12:08:20.063,BAN/USDT:USDT,0.06226,21.0,0.06225,25.0,0.06229,2.0,0.0623,22.0
1753531700263,12:08:20.263,BAN/USDT:USDT,0.06226,21.0,0.06225,25.0,0.06229,2.0,0.0623,22.0
1753531700531,12:08:20.531,BAN/USDT:USDT,0.06226,21.0,0.06225,25.0,0.06229,2.0,0.0623,22.0
1753531701085,12:08:21.085,BAN/USDT:USDT,0.06226,21.0,0.06225,25.0,0.06229,2.0,0.0623,22.0
1753531701240,12:08:21.240,BAN/USDT:USDT,0.06226,21.0,0.06225,25.0,0.06229,2.0,0.0623,22.0
1753531701473,12:08:21.473,BAN/USDT:USDT,0.06226,21.0,0.06225,25.0,0.06229,2.0,0.06234,21.0
1753531701573,12:08:21.573,BAN/USDT:USDT,0.06226,21.0,0.06225,25.0,0.06232,22.0,0.06233,2.0
1753531701673,12:08:21.673,BAN/USDT:USDT,0.06226,21.0,0.06225,25.0,0.0623,22.0,0.06231,2.0
1753531701762,12:08:21.762,BAN/USDT:USDT,0.06226,21.0,0.06225,25.0,0.06229,2.0,0.0623,22.0
1753531702134,12:08:22.134,BAN/USDT:USDT,0.06226,21.0,0.06225,25.0,0.06229,2.0,0.06232,22.0
1753531702173,12:08:22.173,BAN/USDT:USDT,0.06226,21.0,0.06225,25.0,0.0623,22.0,0.06231,2.0
1753531702302,12:08:22.302,BAN/USDT:USDT,0.06226,21.0,0.06225,25.0,0.06229,2.0,0.0623,22.0
1753531704284,12:08:24.284,BAN/USDT:USDT,0.06226,21.0,0.06225,25.0,0.06229,2.0,0.06232,22.0
1753531704373,12:08:24.373,BAN/USDT:USDT,0.06226,21.0,0.06225,25.0,0.0623,22.0,0.06231,2.0
1753531704463,12:08:24.463,BAN/USDT:USDT,0.06226,21.0,0.06225,25.0,0.06229,2.0,0.0623,22.0
1753531704725,12:08:24.725,BAN/USDT:USDT,0.06226,21.0,0.06225,25.0,0.06229,2.0,0.0623,22.0
1753531705449,12:08:25.449,BAN/USDT:USDT,0.06226,21.0,0.06225,25.0,0.06229,2.0,0.0623,22.0
1753531706458,12:08:26.458,BAN/USDT:USDT,0.06226,21.0,0.06225,25.0,0.06229,2.0,0.06232,22.0
1753531706575,12:08:26.575,BAN/USDT:USDT,0.06226,21.0,0.06225,25.0,0.0623,21.0,0.06231,23.0
1753531706700,12:08:26.700,BAN/USDT:USDT,0.06226,21.0,0.06225,25.0,0.06229,2.0,0.0623,21.0
1753531707150,12:08:27.150,BAN/USDT:USDT,0.06226,21.0,0.06225,25.0,0.06229,2.0,0.0623,21.0
1753531708644,12:08:28.644,BAN/USDT:USDT,0.06226,21.0,0.06225,25.0,0.06229,2.0,0.06231,21.0
1753531708657,12:08:28.657,BAN/USDT:USDT,0.06226,21.0,0.06225,25.0,0.0623,2.0,0.06231,21.0
1753531708798,12:08:28.798,BAN/USDT:USDT,0.06226,21.0,0.06225,25.0,0.0623,2.0,0.06231,21.0
1753531710810,12:08:30.810,BAN/USDT:USDT,0.06226,21.0,0.06225,25.0,0.0623,2.0,0.06232,22.0
1753531710857,12:08:30.857,BAN/USDT:USDT,0.06226,21.0,0.06225,25.0,0.06231,2.0,0.06232,22.0
1753531710969,12:08:30.969,BAN/USDT:USDT,0.06226,21.0,0.06225,25.0,0.06231,2.0,0.06232,22.0
1753531711415,12:08:31.415,BAN/USDT:USDT,0.06226,21.0,0.06225,25.0,0.06231,2.0,0.06232,22.0
1753531711550,12:08:31.550,BAN/USDT:USDT,0.06226,21.0,0.06225,25.0,0.06231,2.0,0.06232,22.0
1753531712946,12:08:32.946,BAN/USDT:USDT,0.06226,21.0,0.06225,25.0,0.06231,2.0,0.06234,21.0
1753531712978,12:08:32.978,BAN/USDT:USDT,0.06226,21.0,0.06225,25.0,0.06232,21.0,0.06233,2.0
1753531713074,12:08:33.074,BAN/USDT:USDT,0.06226,21.0,0.06225,25.0,0.06231,23.0,0.06232,21.0
1753531713193,12:08:33.193,BAN/USDT:USDT,0.06226,21.0,0.06225,25.0,0.06231,23.0,0.06232,21.0
1753531713798,12:08:33.798,BAN/USDT:USDT,0.06226,21.0,0.06225,25.0,0.0623,21.0,0.06231,23.0
1753531713858,12:08:33.858,BAN/USDT:USDT,0.06226,21.0,0.06225,25.0,0.06229,2.0,0.0623,21.0
1753531714411,12:08:34.411,BAN/USDT:USDT,0.06226,21.0,0.06225,25.0,0.06229,2.0,0.0623,21.0
1753531715146,12:08:35.146,BAN/USDT:USDT,0.06226,21.0,0.06225,25.0,0.06229,2.0,0.06231,21.0
1753531715239,12:08:35.239,BAN/USDT:USDT,0.06226,21.0,0.06225,25.0,0.0623,23.0,0.06231,21.0
1753531715627,12:08:35.627,BAN/USDT:USDT,0.06226,21.0,0.06225,25.0,0.0623,23.0,0.06231,21.0
1753531716043,12:08:36.043,BAN/USDT:USDT,0.06226,21.0,0.06225,25.0,0.0623,23.0,0.06231,21.0
1753531716517,12:08:36.517,BAN/USDT:USDT,0.06226,21.0,0.06225,25.0,0.06229,21.0,0.0623,23.0
1753531716558,12:08:36.558,BAN/USDT:USDT,0.06226,21.0,0.06225,25.0,0.06228,2.0,0.06229,21.0
1753531717228,12:08:37.228,BAN/USDT:USDT,0.06226,21.0,0.06225,25.0,0.06228,2.0,0.0623,21.0
1753531717280,12:08:37.280,BAN/USDT:USDT,0.06226,21.0,0.06225,25.0,0.06229,2.0,0.0623,21.0
1753531717383,12:08:37.383,BAN/USDT:USDT,0.06226,21.0,0.06225,25.0,0.06229,2.0,0.0623,21.0
1753531717703,12:08:37.703,BAN/USDT:USDT,0.06226,21.0,0.06225,25.0,0.06229,23.0,0.0623,21.0
1753531718118,12:08:38.118,BAN/USDT:USDT,0.06226,21.0,0.06225,25.0,0.06229,23.0,0.0623,21.0
1753531718722,12:08:38.722,BAN/USDT:USDT,0.06225,3.0,0.06224,21.0,0.06228,21.0,0.06229,23.0
1753531718848,12:08:38.848,BAN/USDT:USDT,0.06225,3.0,0.06224,21.0,0.06227,2.0,0.06228,21.0
1753531718937,12:08:38.937,BAN/USDT:USDT,0.06225,3.0,0.06224,21.0,0.06227,2.0,0.06228,21.0
1753531719024,12:08:39.024,BAN/USDT:USDT,0.06225,3.0,0.06224,21.0,0.06227,2.0,0.06228,21.0
1753531719426,12:08:39.426,BAN/USDT:USDT,0.06225,3.0,0.06222,22.0,0.06227,2.0,0.06229,21.0
1753531719464,12:08:39.464,BAN/USDT:USDT,0.06225,3.0,0.06222,22.0,0.06228,2.0,0.06229,21.0
1753531719577,12:08:39.577,BAN/USDT:USDT,0.06225,3.0,0.06222,22.0,0.06228,2.0,0.06229,21.0
1753531719775,12:08:39.775,BAN/USDT:USDT,0.06225,3.0,0.06222,22.0,0.06228,2.0,0.06229,21.0
1753531719928,12:08:39.928,BAN/USDT:USDT,0.06225,3.0,0.06222,22.0,0.06228,2.0,0.06229,21.0
1753531720088,12:08:40.088,BAN/USDT:USDT,0.06225,3.0,0.06222,22.0,0.06228,2.0,0.06229,21.0
1753531720241,12:08:40.241,BAN/USDT:USDT,0.06225,3.0,0.06222,22.0,0.06228,2.0,0.06229,21.0
1753531720396,12:08:40.396,BAN/USDT:USDT,0.06225,3.0,0.06222,22.0,0.06228,2.0,0.06229,21.0
1753531720554,12:08:40.554,BAN/USDT:USDT,0.06225,3.0,0.06222,22.0,0.06228,2.0,0.06229,21.0
1753531720714,12:08:40.714,BAN/USDT:USDT,0.06225,3.0,0.06222,22.0,0.06228,2.0,0.06229,21.0
1753531720869,12:08:40.869,BAN/USDT:USDT,0.06225,3.0,0.06222,22.0,0.06228,2.0,0.06229,21.0
1753531721150,12:08:41.150,BAN/USDT:USDT,0.06225,3.0,0.06222,22.0,0.06227,21.0,0.06228,2.0
1753531721159,12:08:41.159,BAN/USDT:USDT,0.06225,3.0,0.06222,22.0,0.06227,21.0,0.06229,21.0
1753531721302,12:08:41.302,BAN/USDT:USDT,0.06225,3.0,0.06222,22.0,0.06229,21.0,0.0623,54.0
1753531721447,12:08:41.447,BAN/USDT:USDT,0.06225,3.0,0.06222,22.0,0.06228,2.0,0.06229,21.0
1753531721517,12:08:41.517,BAN/USDT:USDT,0.06225,3.0,0.06221,21.0,0.06228,2.0,0.06229,21.0
1753531721598,12:08:41.598,BAN/USDT:USDT,0.06225,3.0,0.06221,21.0,0.06228,2.0,0.06229,21.0
1753531721683,12:08:41.683,BAN/USDT:USDT,0.06225,3.0,0.06221,21.0,0.06228,23.0,0.06229,21.0
1753531721752,12:08:41.752,BAN/USDT:USDT,0.06225,3.0,0.06221,21.0,0.06228,23.0,0.06229,21.0
1753531722139,12:08:42.139,BAN/USDT:USDT,0.06226,21.0,0.06225,3.0,0.06228,2.0,0.06229,21.0
1753531722232,12:08:42.232,BAN/USDT:USDT,0.06226,21.0,0.06225,3.0,0.06228,2.0,0.06229,21.0
1753531722322,12:08:42.322,BAN/USDT:USDT,0.06225,24.0,0.06221,53.0,0.06228,23.0,0.06229,21.0
1753531722646,12:08:42.646,BAN/USDT:USDT,0.06226,21.0,0.06225,24.0,0.06228,2.0,0.06229,21.0
1753531723289,12:08:43.289,BAN/USDT:USDT,0.06225,24.0,0.06221,53.0,0.06228,23.0,0.06229,21.0
1753531723467,12:08:43.467,BAN/USDT:USDT,0.06225,24.0,0.06221,53.0,0.06228,23.0,0.06229,21.0
1753531724288,12:08:44.288,BAN/USDT:USDT,0.06225,24.0,0.06221,53.0,0.06228,23.0,0.06229,21.0
1753531724734,12:08:44.734,BAN/USDT:USDT,0.06226,21.0,0.06225,24.0,0.06228,2.0,0.0623,54.0
1753531724795,12:08:44.795,BAN/USDT:USDT,0.06226,21.0,0.06225,24.0,0.06229,2.0,0.06231,21.0
1753531724883,12:08:44.883,BAN/USDT:USDT,0.06226,21.0,0.06225,24.0,0.0623,2.0,0.06231,21.0
1753531725029,12:08:45.029,BAN/USDT:USDT,0.06226,21.0,0.06225,24.0,0.0623,2.0,0.06231,21.0
1753531725109,12:08:45.109,BAN/USDT:USDT,0.06226,21.0,0.06225,24.0,0.0623,2.0,0.06231,21.0
1753531725203,12:08:45.203,BAN/USDT:USDT,0.06226,21.0,0.06225,24.0,0.0623,2.0,0.06231,21.0
1753531725360,12:08:45.360,BAN/USDT:USDT,0.06226,21.0,0.06225,24.0,0.0623,2.0,0.06231,21.0
1753531725471,12:08:45.471,BAN/USDT:USDT,0.06226,21.0,0.06225,24.0,0.0623,2.0,0.06231,21.0
1753531725622,12:08:45.622,BAN/USDT:USDT,0.06226,21.0,0.06225,24.0,0.06229,21.0,0.0623,2.0
1753531725657,12:08:45.657,BAN/USDT:USDT,0.06226,21.0,0.06225,24.0,0.06228,2.0,0.06229,21.0
1753531725803,12:08:45.803,BAN/USDT:USDT,0.06226,21.0,0.06225,24.0,0.06228,2.0,0.06231,21.0
1753531725929,12:08:45.929,BAN/USDT:USDT,0.06226,21.0,0.06225,24.0,0.0623,23.0,0.06231,21.0
1753531726343,12:08:46.343,BAN/USDT:USDT,0.06226,21.0,0.06225,24.0,0.0623,23.0,0.06231,21.0
1753531726561,12:08:46.561,BAN/USDT:USDT,0.06226,21.0,0.06225,24.0,0.0623,23.0,0.06231,21.0
1753531727936,12:08:47.936,BAN/USDT:USDT,0.06226,21.0,0.06225,24.0,0.0623,23.0,0.06232,21.0
1753531727992,12:08:47.992,BAN/USDT:USDT,0.06226,21.0,0.06225,24.0,0.0623,2.0,0.06232,21.0
1753531728102,12:08:48.102,BAN/USDT:USDT,0.06226,21.0,0.06225,24.0,0.0623,21.0,0.06231,2.0
1753531728178,12:08:48.178,BAN/USDT:USDT,0.06226,21.0,0.06225,24.0,0.06229,2.0,0.0623,21.0
1753531728427,12:08:48.427,BAN/USDT:USDT,0.06226,21.0,0.06225,24.0,0.06229,2.0,0.0623,21.0
1753531729190,12:08:49.190,BAN/USDT:USDT,0.06226,21.0,0.06225,24.0,0.06229,2.0,0.0623,21.0
1753531729286,12:08:49.286,BAN/USDT:USDT,0.06226,21.0,0.06225,24.0,0.06229,2.0,0.0623,21.0
1753531729441,12:08:49.441,BAN/USDT:USDT,0.06226,21.0,0.06225,24.0,0.06229,2.0,0.0623,21.0
1753531729613,12:08:49.613,BAN/USDT:USDT,0.06226,21.0,0.06225,24.0,0.06229,2.0,0.0623,21.0
1753531729764,12:08:49.764,BAN/USDT:USDT,0.06226,21.0,0.06225,24.0,0.06229,2.0,0.0623,21.0
1753531730143,12:08:50.143,BAN/USDT:USDT,0.06225,24.0,0.06223,21.0,0.06228,21.0,0.06229,23.0
1753531730164,12:08:50.164,BAN/USDT:USDT,0.06225,24.0,0.06223,21.0,0.06227,2.0,0.06228,21.0
1753531730423,12:08:50.423,BAN/USDT:USDT,0.06225,24.0,0.06223,21.0,0.06227,2.0,0.06228,21.0
1753531730595,12:08:50.595,BAN/USDT:USDT,0.06226,21.0,0.06225,24.0,0.06227,2.0,0.06229,21.0
1753531730663,12:08:50.663,BAN/USDT:USDT,0.06226,21.0,0.06225,24.0,0.06228,2.0,0.06229,21.0
1753531730848,12:08:50.848,BAN/USDT:USDT,0.06226,21.0,0.06225,24.0,0.06228,2.0,0.06229,21.0
1753531730886,12:08:50.886,BAN/USDT:USDT,0.06225,24.0,0.06223,21.0,0.06228,2.0,0.06229,21.0
1753531731041,12:08:51.041,BAN/USDT:USDT,0.06226,21.0,0.06225,24.0,0.06228,2.0,0.06229,21.0
1753531731108,12:08:51.108,BAN/USDT:USDT,0.06225,24.0,0.06223,21.0,0.06228,2.0,0.06229,21.0
1753531731243,12:08:51.243,BAN/USDT:USDT,0.06225,24.0,0.06223,21.0,0.06228,2.0,0.06229,21.0
1753531731290,12:08:51.290,BAN/USDT:USDT,0.06226,21.0,0.06225,24.0,0.06228,2.0,0.06229,21.0
1753531731658,12:08:51.658,BAN/USDT:USDT,0.06226,21.0,0.06225,24.0,0.06228,2.0,0.06229,21.0
1753531731946,12:08:51.946,BAN/USDT:USDT,0.06226,21.0,0.06225,24.0,0.06228,2.0,0.06229,21.0
1753531732005,12:08:52.005,BAN/USDT:USDT,0.06225,24.0,0.06223,21.0,0.06228,2.0,0.06229,21.0
1753531732072,12:08:52.072,BAN/USDT:USDT,0.06225,24.0,0.06223,21.0,0.06228,2.0,0.06229,21.0
1753531732240,12:08:52.240,BAN/USDT:USDT,0.06225,24.0,0.06223,21.0,0.06228,2.0,0.06232,21.0
1753531732274,12:08:52.274,BAN/USDT:USDT,0.06225,24.0,0.06223,53.0,0.0623,21.0,0.06231,2.0
1753531732412,12:08:52.412,BAN/USDT:USDT,0.06226,21.0,0.06225,24.0,0.06229,2.0,0.0623,21.0
1753531732527,12:08:52.527,BAN/USDT:USDT,0.06226,21.0,0.06225,24.0,0.06229,2.0,0.0623,21.0
1753531733309,12:08:53.309,BAN/USDT:USDT,0.06226,21.0,0.06225,24.0,0.06229,2.0,0.0623,21.0
1753531733465,12:08:53.465,BAN/USDT:USDT,0.06226,21.0,0.06225,24.0,0.06229,2.0,0.0623,21.0
1753531733617,12:08:53.617,BAN/USDT:USDT,0.06226,21.0,0.06225,24.0,0.06229,2.0,0.0623,21.0
1753531733769,12:08:53.769,BAN/USDT:USDT,0.06226,21.0,0.06225,24.0,0.06229,2.0,0.0623,21.0
1753531733922,12:08:53.922,BAN/USDT:USDT,0.06226,21.0,0.06225,24.0,0.06229,2.0,0.0623,21.0
1753531734119,12:08:54.119,BAN/USDT:USDT,0.06226,21.0,0.06225,24.0,0.06229,2.0,0.0623,21.0
1753531734244,12:08:54.244,BAN/USDT:USDT,0.06226,21.0,0.06225,24.0,0.06229,2.0,0.0623,21.0
1753531734402,12:08:54.402,BAN/USDT:USDT,0.06226,21.0,0.06225,24.0,0.06229,2.0,0.06232,21.0
1753531734474,12:08:54.474,BAN/USDT:USDT,0.06226,21.0,0.06225,24.0,0.0623,21.0,0.06231,2.0
1753531734602,12:08:54.602,BAN/USDT:USDT,0.06226,21.0,0.06225,24.0,0.06229,2.0,0.0623,21.0
1753531734733,12:08:54.733,BAN/USDT:USDT,0.06225,24.0,0.06223,21.0,0.06229,2.0,0.0623,21.0
1753531734759,12:08:54.759,BAN/USDT:USDT,0.06225,24.0,0.06223,21.0,0.06229,2.0,0.0623,21.0
1753531734934,12:08:54.934,BAN/USDT:USDT,0.06225,24.0,0.06223,21.0,0.06229,2.0,0.0623,21.0
1753531735068,12:08:55.068,BAN/USDT:USDT,0.06226,21.0,0.06225,24.0,0.06229,2.0,0.0623,21.0
1753531735208,12:08:55.208,BAN/USDT:USDT,0.06226,21.0,0.06225,24.0,0.06229,2.0,0.0623,21.0
1753531736156,12:08:56.156,BAN/USDT:USDT,0.06226,21.0,0.06225,24.0,0.06229,2.0,0.0623,21.0
1753531736308,12:08:56.308,BAN/USDT:USDT,0.06226,21.0,0.06225,24.0,0.06229,2.0,0.0623,21.0
1753531736542,12:08:56.542,BAN/USDT:USDT,0.06226,21.0,0.06225,24.0,0.06229,24.0,0.06232,21.0
1753531739133,12:08:59.133,BAN/USDT:USDT,0.06225,24.0,0.06223,21.0,0.06229,24.0,0.06232,21.0
1753531739465,12:08:59.465,BAN/USDT:USDT,0.06226,22.0,0.06225,24.0,0.06229,24.0,0.06232,21.0
1753531740033,12:09:00.033,BAN/USDT:USDT,0.06225,24.0,0.06223,21.0,0.06229,24.0,0.06232,21.0
1753531740136,12:09:00.136,BAN/USDT:USDT,0.06225,24.0,0.06223,21.0,0.06228,22.0,0.06229,24.0
1753531740176,12:09:00.176,BAN/USDT:USDT,0.06225,24.0,0.06223,21.0,0.06227,2.0,0.06228,22.0
1753531740676,12:09:00.676,BAN/USDT:USDT,0.06226,22.0,0.06225,24.0,0.06227,2.0,0.06229,22.0
1753531740763,12:09:00.763,BAN/USDT:USDT,0.06226,22.0,0.06225,24.0,0.06228,2.0,0.06229,22.0
1753531740950,12:09:00.950,BAN/USDT:USDT,0.06226,22.0,0.06225,24.0,0.06228,24.0,0.06232,21.0
1753531740979,12:09:00.979,BAN/USDT:USDT,0.06226,22.0,0.06225,24.0,0.06234,21.0,0.06235,54.0
1753531741060,12:09:01.060,BAN/USDT:USDT,0.06226,22.0,0.06225,24.0,0.06232,22.0,0.06233,2.0
1753531741173,12:09:01.173,BAN/USDT:USDT,0.06226,22.0,0.06225,24.0,0.0623,22.0,0.06231,2.0
1753531741278,12:09:01.278,BAN/USDT:USDT,0.06226,22.0,0.06225,24.0,0.06229,2.0,0.0623,22.0
1753531741432,12:09:01.432,BAN/USDT:USDT,0.06226,22.0,0.06225,24.0,0.06229,2.0,0.0623,22.0
1753531742216,12:09:02.216,BAN/USDT:USDT,0.06226,22.0,0.06225,24.0,0.06229,2.0,0.0623,22.0
1753531742372,12:09:02.372,BAN/USDT:USDT,0.06226,22.0,0.06225,24.0,0.06229,2.0,0.0623,22.0
1753531743000,12:09:03.000,BAN/USDT:USDT,0.06226,22.0,0.06225,24.0,0.06229,24.0,0.06232,22.0
1753531744541,12:09:04.541,BAN/USDT:USDT,0.06226,22.0,0.06225,24.0,0.06229,24.0,0.06232,22.0
1753531744679,12:09:04.679,BAN/USDT:USDT,0.06226,22.0,0.06225,24.0,0.06229,24.0,0.06232,22.0
1753531745140,12:09:05.140,BAN/USDT:USDT,0.06226,22.0,0.06225,24.0,0.06229,24.0,0.06234,21.0
1753531745539,12:09:05.539,BAN/USDT:USDT,0.06226,22.0,0.06225,24.0,0.06229,2.0,0.06234,21.0
1753531745584,12:09:05.584,BAN/USDT:USDT,0.06226,22.0,0.06225,24.0,0.06232,22.0,0.06233,2.0
1753531745737,12:09:05.737,BAN/USDT:USDT,0.06226,22.0,0.06225,24.0,0.06231,2.0,0.06232,22.0
1753531745945,12:09:05.945,BAN/USDT:USDT,0.06226,22.0,0.06225,24.0,0.06231,2.0,0.06232,22.0
1753531746022,12:09:06.022,BAN/USDT:USDT,0.06226,22.0,0.06225,24.0,0.06231,2.0,0.06232,22.0
1753531746342,12:09:06.342,BAN/USDT:USDT,0.06226,22.0,0.06225,24.0,0.06231,24.0,0.06232,22.0
1753531747287,12:09:07.287,BAN/USDT:USDT,0.06226,22.0,0.06225,24.0,0.06231,24.0,0.06234,21.0
1753531747565,12:09:07.565,BAN/USDT:USDT,0.06226,22.0,0.06225,24.0,0.06231,24.0,0.06234,21.0
1753531748516,12:09:08.516,BAN/USDT:USDT,0.06226,22.0,0.06225,24.0,0.0623,22.0,0.06231,24.0
1753531748561,12:09:08.561,BAN/USDT:USDT,0.06226,22.0,0.06225,24.0,0.06229,2.0,0.06231,22.0
1753531748661,12:09:08.661,BAN/USDT:USDT,0.06226,22.0,0.06225,24.0,0.0623,2.0,0.06231,22.0
1753531748784,12:09:08.784,BAN/USDT:USDT,0.06226,22.0,0.06225,24.0,0.0623,2.0,0.06231,22.0
1753531749198,12:09:09.198,BAN/USDT:USDT,0.06226,22.0,0.06225,24.0,0.0623,2.0,0.06231,22.0
1753531749446,12:09:09.446,BAN/USDT:USDT,0.06226,22.0,0.06225,24.0,0.0623,2.0,0.06234,21.0
1753531749478,12:09:09.478,BAN/USDT:USDT,0.06226,22.0,0.06225,24.0,0.06232,22.0,0.06233,2.0
1753531749612,12:09:09.612,BAN/USDT:USDT,0.06226,22.0,0.06225,24.0,0.06231,2.0,0.06232,22.0
1753531749752,12:09:09.752,BAN/USDT:USDT,0.06226,22.0,0.06225,24.0,0.06231,2.0,0.06232,22.0
1753531750433,12:09:10.433,BAN/USDT:USDT,0.06226,22.0,0.06225,24.0,0.06231,2.0,0.06232,22.0
1753531750586,12:09:10.586,BAN/USDT:USDT,0.06226,22.0,0.06225,24.0,0.06231,2.0,0.06232,22.0
1753531750904,12:09:10.904,BAN/USDT:USDT,0.06226,22.0,0.06225,24.0,0.0623,22.0,0.06231,2.0
1753531751028,12:09:11.028,BAN/USDT:USDT,0.06226,22.0,0.06225,24.0,0.06229,2.0,0.0623,22.0
1753531751078,12:09:11.078,BAN/USDT:USDT,0.06226,22.0,0.06225,24.0,0.06229,2.0,0.0623,22.0
1753531751253,12:09:11.253,BAN/USDT:USDT,0.06226,22.0,0.06225,24.0,0.06229,2.0,0.0623,22.0
1753531751601,12:09:11.601,BAN/USDT:USDT,0.06226,22.0,0.06225,24.0,0.06229,2.0,0.06232,22.0
1753531751674,12:09:11.674,BAN/USDT:USDT,0.06226,22.0,0.06225,24.0,0.06231,2.0,0.06232,22.0
1753531751831,12:09:11.831,BAN/USDT:USDT,0.06226,22.0,0.06225,24.0,0.0623,22.0,0.06231,2.0
1753531751863,12:09:11.863,BAN/USDT:USDT,0.06226,22.0,0.06225,24.0,0.06229,2.0,0.0623,22.0
1753531752482,12:09:12.482,BAN/USDT:USDT,0.06226,22.0,0.06225,24.0,0.06229,2.0,0.0623,22.0
1753531752899,12:09:12.899,BAN/USDT:USDT,0.06226,22.0,0.06225,24.0,0.06229,2.0,0.0623,22.0
1753531753749,12:09:13.749,BAN/USDT:USDT,0.06226,22.0,0.06225,24.0,0.06229,2.0,0.06232,22.0
1753531753773,12:09:13.773,BAN/USDT:USDT,0.06226,22.0,0.06225,24.0,0.06231,24.0,0.06232,22.0
1753531754028,12:09:14.028,BAN/USDT:USDT,0.06226,22.0,0.06225,24.0,0.0623,22.0,0.06231,24.0
1753531754123,12:09:14.123,BAN/USDT:USDT,0.06226,22.0,0.06225,24.0,0.06229,2.0,0.0623,22.0
1753531754537,12:09:14.537,BAN/USDT:USDT,0.06226,22.0,0.06225,24.0,0.06229,2.0,0.0623,22.0
1753531755354,12:09:15.354,BAN/USDT:USDT,0.06226,22.0,0.06225,24.0,0.06229,2.0,0.0623,22.0
1753531755711,12:09:15.711,BAN/USDT:USDT,0.06226,22.0,0.06225,24.0,0.06229,2.0,0.0623,22.0
1753531755912,12:09:15.912,BAN/USDT:USDT,0.06226,22.0,0.06225,24.0,0.06229,2.0,0.06231,22.0
1753531756032,12:09:16.032,BAN/USDT:USDT,0.06226,22.0,0.06225,24.0,0.0623,2.0,0.06231,22.0
1753531756186,12:09:16.186,BAN/USDT:USDT,0.06226,22.0,0.06225,24.0,0.0623,2.0,0.06231,22.0
1753531756347,12:09:16.347,BAN/USDT:USDT,0.06226,22.0,0.06225,24.0,0.0623,2.0,0.06231,22.0
1753531756352,12:09:16.352,BAN/USDT:USDT,0.06226,22.0,0.06225,24.0,0.0623,2.0,0.06231,22.0
1753531756498,12:09:16.498,BAN/USDT:USDT,0.06226,22.0,0.06225,24.0,0.0623,2.0,0.06231,22.0
1753531756659,12:09:16.659,BAN/USDT:USDT,0.06226,22.0,0.06225,24.0,0.0623,2.0,0.06231,22.0
1753531756822,12:09:16.822,BAN/USDT:USDT,0.06226,22.0,0.06225,24.0,0.0623,2.0,0.06231,22.0
1753531756936,12:09:16.936,BAN/USDT:USDT,0.06226,22.0,0.06225,24.0,0.0623,2.0,0.06231,22.0
1753531756973,12:09:16.973,BAN/USDT:USDT,0.06226,22.0,0.06225,24.0,0.0623,2.0,0.06231,22.0
1753531757133,12:09:17.133,BAN/USDT:USDT,0.06226,22.0,0.06225,24.0,0.0623,2.0,0.06231,22.0
1753531757286,12:09:17.286,BAN/USDT:USDT,0.06226,22.0,0.06225,24.0,0.0623,2.0,0.06231,22.0
1753531757436,12:09:17.436,BAN/USDT:USDT,0.06226,22.0,0.06225,24.0,0.0623,23.0,0.06231,22.0
1753531758010,12:09:18.010,BAN/USDT:USDT,0.06226,22.0,0.06225,24.0,0.0623,23.0,0.06232,22.0
1753531758192,12:09:18.192,BAN/USDT:USDT,0.06226,22.0,0.06225,24.0,0.0623,23.0,0.06232,22.0
1753531759817,12:09:19.817,BAN/USDT:USDT,0.06225,3.0,0.06223,21.0,0.06229,21.0,0.0623,23.0
1753531759876,12:09:19.876,BAN/USDT:USDT,0.06225,3.0,0.06223,21.0,0.06228,2.0,0.06229,21.0
1753531760035,12:09:20.035,BAN/USDT:USDT,0.06225,3.0,0.06223,21.0,0.06228,2.0,0.06229,21.0
1753531760123,12:09:20.123,BAN/USDT:USDT,0.06225,24.0,0.06223,21.0,0.06228,2.0,0.06229,21.0
1753531760218,12:09:20.218,BAN/USDT:USDT,0.06225,24.0,0.06222,21.0,0.06228,2.0,0.0623,21.0
1753531760308,12:09:20.308,BAN/USDT:USDT,0.06225,24.0,0.06222,21.0,0.06228,21.0,0.06229,2.0
1753531760420,12:09:20.420,BAN/USDT:USDT,0.06225,24.0,0.06222,21.0,0.06227,2.0,0.06228,21.0
1753531762294,12:09:22.294,BAN/USDT:USDT,0.06225,3.0,0.06222,21.0,0.06227,2.0,0.0623,21.0
1753531762380,12:09:22.380,BAN/USDT:USDT,0.06225,3.0,0.06222,21.0,0.06228,21.0,0.06229,2.0
1753531762530,12:09:22.530,BAN/USDT:USDT,0.06225,3.0,0.06222,21.0,0.06227,2.0,0.06228,21.0
1753531762644,12:09:22.644,BAN/USDT:USDT,0.06225,3.0,0.06222,21.0,0.06227,2.0,0.06228,21.0
1753531762700,12:09:22.700,BAN/USDT:USDT,0.06225,24.0,0.06222,21.0,0.06227,2.0,0.06228,21.0
1753531763996,12:09:23.996,BAN/USDT:USDT,0.06225,24.0,0.06222,21.0,0.06227,2.0,0.06228,21.0
1753531764426,12:09:24.426,BAN/USDT:USDT,0.06225,24.0,0.06222,53.0,0.06227,2.0,0.0623,21.0
1753531764475,12:09:24.475,BAN/USDT:USDT,0.06225,24.0,0.06222,53.0,0.06229,2.0,0.0623,21.0
1753531764632,12:09:24.632,BAN/USDT:USDT,0.06225,24.0,0.06222,21.0,0.06228,21.0,0.06229,2.0
1753531764724,12:09:24.724,BAN/USDT:USDT,0.06225,3.0,0.06222,21.0,0.06227,2.0,0.06228,21.0
1753531764857,12:09:24.857,BAN/USDT:USDT,0.06225,3.0,0.06222,21.0,0.06227,2.0,0.06228,21.0
1753531765008,12:09:25.008,BAN/USDT:USDT,0.06225,3.0,0.06222,21.0,0.06227,2.0,0.06228,21.0
1753531765103,12:09:25.103,BAN/USDT:USDT,0.06225,3.0,0.06222,21.0,0.06227,2.0,0.06228,21.0
1753531765164,12:09:25.164,BAN/USDT:USDT,0.06225,3.0,0.06222,21.0,0.06227,2.0,0.06228,21.0
1753531765320,12:09:25.320,BAN/USDT:USDT,0.06225,3.0,0.06222,21.0,0.06227,2.0,0.06228,21.0
1753531765469,12:09:25.469,BAN/USDT:USDT,0.06225,24.0,0.06222,21.0,0.06227,2.0,0.06228,21.0
1753531766561,12:09:26.561,BAN/USDT:USDT,0.06225,24.0,0.06222,53.0,0.06227,2.0,0.0623,21.0
1753531766696,12:09:26.696,BAN/USDT:USDT,0.06225,24.0,0.06222,53.0,0.06229,2.0,0.0623,21.0
1753531766848,12:09:26.848,BAN/USDT:USDT,0.06225,24.0,0.06222,53.0,0.06228,22.0,0.06229,2.0
1753531766859,12:09:26.859,BAN/USDT:USDT,0.06225,24.0,0.06222,21.0,0.06227,2.0,0.06228,22.0
1753531767913,12:09:27.913,BAN/USDT:USDT,0.06225,3.0,0.06222,21.0,0.06227,2.0,0.06228,22.0
1753531767962,12:09:27.962,BAN/USDT:USDT,0.06225,3.0,0.06222,21.0,0.06227,2.0,0.06228,22.0
1753531768146,12:09:28.146,BAN/USDT:USDT,0.06225,3.0,0.06222,21.0,0.06227,2.0,0.06228,22.0
1753531768191,12:09:28.191,BAN/USDT:USDT,0.06225,3.0,0.06222,21.0,0.06227,2.0,0.06228,22.0
1753531768458,12:09:28.458,BAN/USDT:USDT,0.06225,25.0,0.06222,21.0,0.06227,2.0,0.06228,22.0
1753531768732,12:09:28.732,BAN/USDT:USDT,0.06225,3.0,0.06224,22.0,0.06227,2.0,0.0623,21.0
1753531768776,12:09:28.776,BAN/USDT:USDT,0.06225,3.0,0.06224,22.0,0.06228,22.0,0.06229,2.0
1753531768862,12:09:28.862,BAN/USDT:USDT,0.06225,3.0,0.06224,22.0,0.06227,2.0,0.06228,22.0
1753531769145,12:09:29.145,BAN/USDT:USDT,0.06225,3.0,0.06224,22.0,0.06227,2.0,0.06228,22.0
1753531769532,12:09:29.532,BAN/USDT:USDT,0.06225,3.0,0.06224,22.0,0.06227,2.0,0.06228,22.0
1753531769687,12:09:29.687,BAN/USDT:USDT,0.06225,3.0,0.06224,22.0,0.06227,2.0,0.06228,22.0
1753531770818,12:09:30.818,BAN/USDT:USDT,0.06225,25.0,0.06222,21.0,0.06227,2.0,0.0623,21.0
1753531770893,12:09:30.893,BAN/USDT:USDT,0.06225,25.0,0.06222,53.0,0.06229,2.0,0.0623,21.0
1753531771033,12:09:31.033,BAN/USDT:USDT,0.06225,25.0,0.06222,53.0,0.06229,2.0,0.0623,21.0
1753531771177,12:09:31.177,BAN/USDT:USDT,0.06226,22.0,0.06225,25.0,0.06229,2.0,0.0623,21.0
1753531771327,12:09:31.327,BAN/USDT:USDT,0.06226,22.0,0.06225,25.0,0.06229,24.0,0.0623,21.0
1753531771575,12:09:31.575,BAN/USDT:USDT,0.06226,22.0,0.06225,25.0,0.06229,24.0,0.0623,21.0
1753531772041,12:09:32.041,BAN/USDT:USDT,0.06225,25.0,0.06222,53.0,0.06228,22.0,0.06229,24.0
1753531772064,12:09:32.064,BAN/USDT:USDT,0.06225,25.0,0.06222,21.0,0.06227,2.0,0.06228,22.0
1753531772182,12:09:32.182,BAN/USDT:USDT,0.06226,22.0,0.06225,25.0,0.06227,2.0,0.06229,22.0
1753531772279,12:09:32.279,BAN/USDT:USDT,0.06226,22.0,0.06225,25.0,0.06228,2.0,0.06229,22.0
1753531772393,12:09:32.393,BAN/USDT:USDT,0.06226,22.0,0.06225,25.0,0.06228,2.0,0.06229,22.0
1753531772946,12:09:32.946,BAN/USDT:USDT,0.06225,25.0,0.06222,53.0,0.06228,2.0,0.0623,21.0
1753531773015,12:09:33.015,BAN/USDT:USDT,0.06225,3.0,0.06222,21.0,0.06228,2.0,0.0623,21.0
1753531773108,12:09:33.108,BAN/USDT:USDT,0.06225,3.0,0.06222,21.0,0.06228,22.0,0.06229,1.0
1753531773245,12:09:33.245,BAN/USDT:USDT,0.06225,3.0,0.06222,21.0,0.06227,1.0,0.06228,22.0
1753531773259,12:09:33.259,BAN/USDT:USDT,0.06225,3.0,0.06222,21.0,0.06227,1.0,0.06228,22.0
1753531773432,12:09:33.432,BAN/USDT:USDT,0.06225,3.0,0.06222,21.0,0.06226,22.0,0.06227,23.0
1753531773457,12:09:33.457,BAN/USDT:USDT,0.06225,3.0,0.06222,21.0,0.06226,22.0,0.06227,23.0
1753531773648,12:09:33.648,BAN/USDT:USDT,0.06225,3.0,0.06222,21.0,0.06226,22.0,0.06227,24.0
1753531773742,12:09:33.742,BAN/USDT:USDT,0.06225,3.0,0.06222,21.0,0.06227,24.0,0.06228,22.0
1753531773777,12:09:33.777,BAN/USDT:USDT,0.06225,3.0,0.06222,21.0,0.06226,22.0,0.06227,24.0
1753531773974,12:09:33.974,BAN/USDT:USDT,0.06225,3.0,0.06222,21.0,0.06226,22.0,0.06227,23.0
1753531774340,12:09:34.340,BAN/USDT:USDT,0.06225,3.0,0.06222,21.0,0.06226,23.0,0.06227,23.0
1753531774509,12:09:34.509,BAN/USDT:USDT,0.06225,3.0,0.06222,21.0,0.06226,23.0,0.06227,23.0
1753531774746,12:09:34.746,BAN/USDT:USDT,0.06225,3.0,0.06222,21.0,0.06226,1.0,0.06227,23.0
1753531774774,12:09:34.774,BAN/USDT:USDT,0.06225,3.0,0.06222,21.0,0.06226,23.0,0.06227,23.0
1753531775180,12:09:35.180,BAN/USDT:USDT,0.06225,3.0,0.0622,21.0,0.06226,23.0,0.06227,23.0
1753531775790,12:09:35.790,BAN/USDT:USDT,0.06225,3.0,0.0622,21.0,0.06226,1.0,0.06227,23.0
1753531776004,12:09:36.004,BAN/USDT:USDT,0.06225,3.0,0.0622,21.0,0.06226,1.0,0.06227,23.0
1753531776541,12:09:36.541,BAN/USDT:USDT,0.06225,3.0,0.0622,21.0,0.06226,1.0,0.06227,23.0
1753531780024,12:09:40.024,BAN/USDT:USDT,0.06225,3.0,0.0622,21.0,0.06226,1.0,0.06227,1.0
1753531780074,12:09:40.074,BAN/USDT:USDT,0.06225,3.0,0.0622,21.0,0.06228,21.0,0.06229,2.0
1753531780216,12:09:40.216,BAN/USDT:USDT,0.06225,3.0,0.0622,21.0,0.06227,2.0,0.06228,21.0
1753531780339,12:09:40.339,BAN/USDT:USDT,0.06225,3.0,0.0622,21.0,0.06227,2.0,0.0623,21.0
1753531780375,12:09:40.375,BAN/USDT:USDT,0.06225,3.0,0.0622,21.0,0.06229,2.0,0.0623,21.0
1753531780525,12:09:40.525,BAN/USDT:USDT,0.06225,24.0,0.06221,32.0,0.06228,21.0,0.06229,2.0
1753531780617,12:09:40.617,BAN/USDT:USDT,0.06225,24.0,0.06221,32.0,0.06227,2.0,0.06228,21.0
1753531781033,12:09:41.033,BAN/USDT:USDT,0.06226,21.0,0.06225,24.0,0.06227,2.0,0.0623,21.0
1753531781108,12:09:41.108,BAN/USDT:USDT,0.06226,21.0,0.06225,24.0,0.06229,2.0,0.0623,21.0
1753531781373,12:09:41.373,BAN/USDT:USDT,0.06226,21.0,0.06225,24.0,0.06229,2.0,0.0623,21.0
1753531781548,12:09:41.548,BAN/USDT:USDT,0.06226,21.0,0.06225,24.0,0.06229,2.0,0.06232,22.0
1753531781576,12:09:41.576,BAN/USDT:USDT,0.06226,21.0,0.06225,24.0,0.0623,21.0,0.06231,2.0
1753531781663,12:09:41.663,BAN/USDT:USDT,0.06226,21.0,0.06225,24.0,0.06229,2.0,0.0623,21.0
1753531782128,12:09:42.128,BAN/USDT:USDT,0.06226,21.0,0.06225,24.0,0.06229,2.0,0.0623,21.0
1753531782203,12:09:42.203,BAN/USDT:USDT,0.06226,21.0,0.06225,24.0,0.06229,2.0,0.0623,21.0
1753531783217,12:09:43.217,BAN/USDT:USDT,0.06226,21.0,0.06225,24.0,0.06229,2.0,0.0623,21.0
1753531783398,12:09:43.398,BAN/USDT:USDT,0.06225,24.0,0.06223,21.0,0.06229,2.0,0.0623,21.0
1753531783547,12:09:43.547,BAN/USDT:USDT,0.06225,24.0,0.06223,21.0,0.06228,21.0,0.06229,2.0
1753531783566,12:09:43.566,BAN/USDT:USDT,0.06225,24.0,0.06223,21.0,0.06227,2.0,0.06228,21.0
1753531783687,12:09:43.687,BAN/USDT:USDT,0.06225,24.0,0.06223,21.0,0.06227,2.0,0.06228,21.0
1753531784243,12:09:44.243,BAN/USDT:USDT,0.06225,24.0,0.06223,21.0,0.06227,2.0,0.06228,21.0
1753531784672,12:09:44.672,BAN/USDT:USDT,0.06225,3.0,0.06223,21.0,0.06227,2.0,0.06228,21.0
1753531785010,12:09:45.010,BAN/USDT:USDT,0.06225,24.0,0.06223,21.0,0.06227,2.0,0.06228,21.0
1753531785811,12:09:45.811,BAN/USDT:USDT,0.06225,24.0,0.06223,21.0,0.06227,2.0,0.0623,21.0
1753531785878,12:09:45.878,BAN/USDT:USDT,0.06225,24.0,0.06223,21.0,0.06228,21.0,0.06229,23.0
1753531785961,12:09:45.961,BAN/USDT:USDT,0.06225,24.0,0.06223,21.0,0.06227,2.0,0.06228,21.0
1753531786280,12:09:46.280,BAN/USDT:USDT,0.06225,24.0,0.06223,21.0,0.06227,2.0,0.06228,21.0
1753531786541,12:09:46.541,BAN/USDT:USDT,0.06225,24.0,0.06223,21.0,0.06227,2.0,0.06229,21.0
1753531786576,12:09:46.576,BAN/USDT:USDT,0.06225,24.0,0.06223,21.0,0.06228,2.0,0.06229,21.0
1753531786728,12:09:46.728,BAN/USDT:USDT,0.06225,24.0,0.06223,21.0,0.06228,2.0,0.06229,21.0
1753531787540,12:09:47.540,BAN/USDT:USDT,0.06225,3.0,0.06223,21.0,0.06228,2.0,0.06229,21.0
1753531787630,12:09:47.630,BAN/USDT:USDT,0.06225,3.0,0.06223,21.0,0.06228,2.0,0.06229,21.0
1753531787704,12:09:47.704,BAN/USDT:USDT,0.06225,3.0,0.06223,21.0,0.06228,2.0,0.06229,21.0
1753531787849,12:09:47.849,BAN/USDT:USDT,0.06225,3.0,0.06223,21.0,0.06228,2.0,0.06229,21.0
1753531787945,12:09:47.945,BAN/USDT:USDT,0.06225,3.0,0.06223,21.0,0.06228,2.0,0.0623,21.0
1753531788003,12:09:48.003,BAN/USDT:USDT,0.06225,3.0,0.06223,21.0,0.06228,22.0,0.06229,2.0
1753531788064,12:09:48.064,BAN/USDT:USDT,0.06225,3.0,0.06223,21.0,0.06227,2.0,0.06228,22.0
1753531788184,12:09:48.184,BAN/USDT:USDT,0.06225,3.0,0.06223,21.0,0.06227,2.0,0.06228,22.0
1753531788426,12:09:48.426,BAN/USDT:USDT,0.06225,3.0,0.06223,21.0,0.06227,2.0,0.06228,22.0
1753531788642,12:09:48.642,BAN/USDT:USDT,0.06225,25.0,0.06223,21.0,0.06227,2.0,0.06228,22.0
1753531788738,12:09:48.738,BAN/USDT:USDT,0.06225,25.0,0.06223,21.0,0.06227,2.0,0.06228,22.0
1753531789046,12:09:49.046,BAN/USDT:USDT,0.06225,25.0,0.06223,21.0,0.06227,2.0,0.06228,22.0
1753531789053,12:09:49.053,BAN/USDT:USDT,0.06225,3.0,0.06223,21.0,0.06227,2.0,0.06228,22.0
1753531789532,12:09:49.532,BAN/USDT:USDT,0.06225,3.0,0.06223,21.0,0.06227,2.0,0.06228,22.0
1753531790075,12:09:50.075,BAN/USDT:USDT,0.06225,3.0,0.06223,21.0,0.06227,2.0,0.0623,21.0
1753531790196,12:09:50.196,BAN/USDT:USDT,0.06225,3.0,0.06223,21.0,0.06228,22.0,0.06229,2.0
1753531790330,12:09:50.330,BAN/USDT:USDT,0.06225,25.0,0.06223,21.0,0.06227,2.0,0.06228,22.0
1753531790895,12:09:50.895,BAN/USDT:USDT,0.06225,25.0,0.06223,21.0,0.06227,2.0,0.06228,22.0
1753531791046,12:09:51.046,BAN/USDT:USDT,0.06225,25.0,0.06223,21.0,0.06227,2.0,0.06228,22.0
1753531791071,12:09:51.071,BAN/USDT:USDT,0.06225,3.0,0.06223,21.0,0.06227,2.0,0.06228,22.0
1753531791172,12:09:51.172,BAN/USDT:USDT,0.06225,3.0,0.06223,21.0,0.06227,2.0,0.06228,22.0
1753531791324,12:09:51.324,BAN/USDT:USDT,0.06225,3.0,0.06223,21.0,0.06227,2.0,0.06228,22.0
1753531791541,12:09:51.541,BAN/USDT:USDT,0.06225,3.0,0.06223,21.0,0.06227,2.0,0.06228,22.0
1753531791598,12:09:51.598,BAN/USDT:USDT,0.06225,3.0,0.06223,21.0,0.06227,2.0,0.06228,22.0
1753531792220,12:09:52.220,BAN/USDT:USDT,0.06225,3.0,0.06221,21.0,0.06227,2.0,0.0623,21.0
1753531792280,12:09:52.280,BAN/USDT:USDT,0.06225,3.0,0.06221,53.0,0.06228,22.0,0.06229,2.0
1753531792425,12:09:52.425,BAN/USDT:USDT,0.06225,3.0,0.06221,21.0,0.06227,2.0,0.06228,22.0
1753531792586,12:09:52.586,BAN/USDT:USDT,0.06225,3.0,0.06221,53.0,0.06227,2.0,0.06228,22.0
1753531793233,12:09:53.233,BAN/USDT:USDT,0.06225,25.0,0.06221,53.0,0.06227,2.0,0.06228,22.0
1753531793509,12:09:53.509,BAN/USDT:USDT,0.06225,25.0,0.06221,53.0,0.06227,2.0,0.06228,22.0
1753531793980,12:09:53.980,BAN/USDT:USDT,0.06225,3.0,0.06224,22.0,0.06227,2.0,0.06228,22.0
1753531794137,12:09:54.137,BAN/USDT:USDT,0.06225,3.0,0.06224,22.0,0.06227,2.0,0.06228,22.0
1753531794290,12:09:54.290,BAN/USDT:USDT,0.06225,3.0,0.06224,22.0,0.06227,2.0,0.06228,22.0
1753531794380,12:09:54.380,BAN/USDT:USDT,0.06225,3.0,0.06221,21.0,0.06227,2.0,0.0623,21.0
1753531794481,12:09:54.481,BAN/USDT:USDT,0.06225,3.0,0.06221,21.0,0.06228,22.0,0.06229,2.0
1753531794634,12:09:54.634,BAN/USDT:USDT,0.06225,3.0,0.06221,53.0,0.06228,22.0,0.06229,2.0
1753531794782,12:09:54.782,BAN/USDT:USDT,0.06225,25.0,0.06221,53.0,0.06228,22.0,0.06229,2.0
1753531794869,12:09:54.869,BAN/USDT:USDT,0.06225,25.0,0.06221,53.0,0.06228,22.0,0.06229,2.0
1753531794975,12:09:54.975,BAN/USDT:USDT,0.06225,25.0,0.06221,53.0,0.06227,2.0,0.06228,22.0
1753531795294,12:09:55.294,BAN/USDT:USDT,0.06225,3.0,0.06224,22.0,0.06227,2.0,0.06228,22.0
1753531795445,12:09:55.445,BAN/USDT:USDT,0.06225,3.0,0.06224,22.0,0.06227,2.0,0.06228,22.0
1753531795450,12:09:55.450,BAN/USDT:USDT,0.06225,3.0,0.06224,22.0,0.06227,2.0,0.06228,22.0
1753531795876,12:09:55.876,BAN/USDT:USDT,0.06225,3.0,0.06224,22.0,0.06227,2.0,0.06228,22.0
1753531796544,12:09:56.544,BAN/USDT:USDT,0.06225,3.0,0.06224,22.0,0.06227,2.0,0.0623,21.0
1753531796618,12:09:56.618,BAN/USDT:USDT,0.06225,24.0,0.06224,22.0,0.06228,21.0,0.06229,2.0
1753531796673,12:09:56.673,BAN/USDT:USDT,0.06225,3.0,0.06224,22.0,0.06227,2.0,0.06228,21.0
1753531798140,12:09:58.140,BAN/USDT:USDT,0.06225,3.0,0.06224,22.0,0.06227,2.0,0.06228,21.0
1753531798268,12:09:58.268,BAN/USDT:USDT,0.06225,3.0,0.06224,22.0,0.06227,2.0,0.06228,21.0
1753531798400,12:09:58.400,BAN/USDT:USDT,0.06225,3.0,0.06224,22.0,0.06227,2.0,0.06228,21.0
1753531798633,12:09:58.633,BAN/USDT:USDT,0.06225,3.0,0.06224,22.0,0.06227,2.0,0.06228,21.0
1753531798693,12:09:58.693,BAN/USDT:USDT,0.06225,3.0,0.06224,22.0,0.06227,2.0,0.0623,21.0
1753531798773,12:09:58.773,BAN/USDT:USDT,0.06225,3.0,0.06224,22.0,0.06228,21.0,0.06229,2.0
1753531798922,12:09:58.922,BAN/USDT:USDT,0.06225,3.0,0.06224,22.0,0.06227,2.0,0.06228,21.0
1753531799164,12:09:59.164,BAN/USDT:USDT,0.06225,3.0,0.06224,22.0,0.06227,2.0,0.06228,21.0
1753531799336,12:09:59.336,BAN/USDT:USDT,0.06225,3.0,0.06224,22.0,0.06227,2.0,0.06228,21.0
1753531799462,12:09:59.462,BAN/USDT:USDT,0.06225,3.0,0.06224,22.0,0.06227,2.0,0.06228,21.0
1753531800314,12:10:00.314,BAN/USDT:USDT,0.06225,3.0,0.06224,22.0,0.06227,2.0,0.06228,21.0
1753531800461,12:10:00.461,BAN/USDT:USDT,0.06225,3.0,0.06224,22.0,0.06227,2.0,0.06228,21.0
1753531800623,12:10:00.623,BAN/USDT:USDT,0.06225,3.0,0.06224,22.0,0.06227,2.0,0.06228,21.0
1753531800828,12:10:00.828,BAN/USDT:USDT,0.06225,24.0,0.06224,22.0,0.06227,2.0,0.0623,21.0
1753531800874,12:10:00.874,BAN/USDT:USDT,0.06225,24.0,0.06224,22.0,0.06228,21.0,0.06229,2.0
1753531800963,12:10:00.963,BAN/USDT:USDT,0.06225,24.0,0.06224,22.0,0.06227,2.0,0.06228,21.0
1753531801441,12:10:01.441,BAN/USDT:USDT,0.06226,21.0,0.06225,24.0,0.06227,2.0,0.0623,21.0
1753531801475,12:10:01.475,BAN/USDT:USDT,0.06226,21.0,0.06225,24.0,0.06229,2.0,0.0623,21.0
1753531801626,12:10:01.626,BAN/USDT:USDT,0.06226,21.0,0.06225,24.0,0.06229,2.0,0.0623,21.0
1753531801814,12:10:01.814,BAN/USDT:USDT,0.06225,24.0,0.06224,55.0,0.06229,2.0,0.0623,21.0
1753531801995,12:10:01.995,BAN/USDT:USDT,0.06226,21.0,0.06225,24.0,0.06229,2.0,0.0623,21.0
1753531802122,12:10:02.122,BAN/USDT:USDT,0.06226,21.0,0.06225,24.0,0.06229,2.0,0.0623,21.0
1753531802180,12:10:02.180,BAN/USDT:USDT,0.06226,21.0,0.06225,24.0,0.06229,2.0,0.0623,21.0
1753531802275,12:10:02.275,BAN/USDT:USDT,0.06226,21.0,0.06225,24.0,0.06229,2.0,0.0623,21.0
1753531802948,12:10:02.948,BAN/USDT:USDT,0.06226,21.0,0.06225,24.0,0.06229,23.0,0.06232,22.0
1753531802950,12:10:02.950,BAN/USDT:USDT,0.06226,21.0,0.06225,24.0,0.06229,23.0,0.06232,22.0
1753531803126,12:10:03.126,BAN/USDT:USDT,0.06226,21.0,0.06225,24.0,0.06229,23.0,0.06232,22.0
1753531804378,12:10:04.378,BAN/USDT:USDT,0.06226,21.0,0.06225,24.0,0.06229,2.0,0.06232,22.0
1753531804486,12:10:04.486,BAN/USDT:USDT,0.06226,21.0,0.06225,24.0,0.0623,21.0,0.06231,2.0
1753531804606,12:10:04.606,BAN/USDT:USDT,0.06226,21.0,0.06225,24.0,0.06229,2.0,0.0623,21.0
1753531804737,12:10:04.737,BAN/USDT:USDT,0.06226,21.0,0.06225,24.0,0.06229,2.0,0.0623,21.0
1753531805025,12:10:05.025,BAN/USDT:USDT,0.06226,21.0,0.06225,24.0,0.06229,2.0,0.0623,21.0
1753531805074,12:10:05.074,BAN/USDT:USDT,0.06226,21.0,0.06225,24.0,0.06229,2.0,0.06232,22.0
1753531805174,12:10:05.174,BAN/USDT:USDT,0.06226,21.0,0.06225,24.0,0.0623,21.0,0.06231,2.0
1753531805274,12:10:05.274,BAN/USDT:USDT,0.06226,21.0,0.06225,24.0,0.06229,2.0,0.0623,21.0
1753531805426,12:10:05.426,BAN/USDT:USDT,0.06226,21.0,0.06225,24.0,0.06229,2.0,0.0623,21.0
1753531805578,12:10:05.578,BAN/USDT:USDT,0.06226,21.0,0.06225,24.0,0.06229,2.0,0.0623,21.0
1753531805735,12:10:05.735,BAN/USDT:USDT,0.06226,21.0,0.06225,24.0,0.06229,2.0,0.0623,21.0
1753531805836,12:10:05.836,BAN/USDT:USDT,0.06226,21.0,0.06225,24.0,0.06229,2.0,0.0623,21.0
1753531805902,12:10:05.902,BAN/USDT:USDT,0.06226,21.0,0.06225,24.0,0.06229,2.0,0.0623,21.0
1753531807199,12:10:07.199,BAN/USDT:USDT,0.06226,21.0,0.06225,24.0,0.06229,2.0,0.06232,22.0
1753531807284,12:10:07.284,BAN/USDT:USDT,0.06226,21.0,0.06225,24.0,0.0623,22.0,0.06231,24.0
1753531807358,12:10:07.358,BAN/USDT:USDT,0.06226,21.0,0.06225,24.0,0.06229,2.0,0.0623,22.0
1753531807455,12:10:07.455,BAN/USDT:USDT,0.06226,21.0,0.06225,24.0,0.06229,2.0,0.0623,22.0
1753531808272,12:10:08.272,BAN/USDT:USDT,0.06226,21.0,0.06225,24.0,0.06229,2.0,0.0623,22.0
1753531808837,12:10:08.837,BAN/USDT:USDT,0.06226,21.0,0.06225,24.0,0.06229,2.0,0.06232,22.0
1753531809328,12:10:09.328,BAN/USDT:USDT,0.06226,21.0,0.06225,56.0,0.06229,2.0,0.06235,21.0
1753531809489,12:10:09.489,BAN/USDT:USDT,0.06226,21.0,0.06225,56.0,0.06229,1.0,0.06231,1.0
1753531809565,12:10:09.565,BAN/USDT:USDT,0.06226,21.0,0.06225,56.0,0.06231,22.0,0.06234,2.0
1753531809662,12:10:09.662,BAN/USDT:USDT,0.06226,21.0,0.06225,24.0,0.0623,2.0,0.06231,22.0
1753531810193,12:10:10.193,BAN/USDT:USDT,0.06226,21.0,0.06225,56.0,0.0623,2.0,0.06235,21.0
1753531810347,12:10:10.347,BAN/USDT:USDT,0.06226,21.0,0.06225,24.0,0.06233,22.0,0.06234,2.0
1753531810363,12:10:10.363,BAN/USDT:USDT,0.06226,21.0,0.06225,24.0,0.06232,2.0,0.06233,22.0
1753531810515,12:10:10.515,BAN/USDT:USDT,0.06226,21.0,0.06225,24.0,0.06232,2.0,0.06233,22.0
1753531811043,12:10:11.043,BAN/USDT:USDT,0.06226,21.0,0.06225,24.0,0.06231,22.0,0.06232,2.0
1753531811093,12:10:11.093,BAN/USDT:USDT,0.06226,21.0,0.06225,24.0,0.0623,2.0,0.06231,22.0
1753531811448,12:10:11.448,BAN/USDT:USDT,0.06226,21.0,0.06225,24.0,0.0623,2.0,0.06233,22.0
1753531811473,12:10:11.473,BAN/USDT:USDT,0.06226,21.0,0.06225,24.0,0.06231,22.0,0.06232,2.0
1753531811562,12:10:11.562,BAN/USDT:USDT,0.06226,21.0,0.06225,24.0,0.0623,2.0,0.06231,22.0
1753531813570,12:10:13.570,BAN/USDT:USDT,0.06226,21.0,0.06225,24.0,0.0623,2.0,0.06233,22.0
1753531813680,12:10:13.680,BAN/USDT:USDT,0.06226,21.0,0.06225,24.0,0.06232,2.0,0.06233,22.0
1753531813828,12:10:13.828,BAN/USDT:USDT,0.06226,21.0,0.06225,24.0,0.06231,22.0,0.06232,2.0
1753531813858,12:10:13.858,BAN/USDT:USDT,0.06226,21.0,0.06225,24.0,0.0623,2.0,0.06231,22.0
1753531814848,12:10:14.848,BAN/USDT:USDT,0.06226,21.0,0.06225,24.0,0.0623,24.0,0.06231,22.0
1753531814860,12:10:14.860,BAN/USDT:USDT,0.06226,21.0,0.06225,24.0,0.0623,2.0,0.06231,22.0
1753531815000,12:10:15.000,BAN/USDT:USDT,0.06226,21.0,0.06225,24.0,0.0623,2.0,0.06231,22.0
1753531815706,12:10:15.706,BAN/USDT:USDT,0.06226,21.0,0.06225,24.0,0.0623,24.0,0.06233,22.0
1753531817845,12:10:17.845,BAN/USDT:USDT,0.06226,21.0,0.06225,24.0,0.0623,24.0,0.06235,21.0
1753531818339,12:10:18.339,BAN/USDT:USDT,0.06226,21.0,0.06225,24.0,0.0623,24.0,0.06235,21.0
1753531823612,12:10:23.612,BAN/USDT:USDT,0.06226,21.0,0.06225,24.0,0.0623,2.0,0.06235,21.0
1753531823674,12:10:23.674,BAN/USDT:USDT,0.06226,21.0,0.06225,56.0,0.06233,21.0,0.06234,2.0
1753531823773,12:10:23.773,BAN/USDT:USDT,0.06226,21.0,0.06225,24.0,0.06231,21.0,0.06232,2.0
1753531823861,12:10:23.861,BAN/USDT:USDT,0.06226,21.0,0.06225,24.0,0.0623,2.0,0.06231,21.0
1753531824312,12:10:24.312,BAN/USDT:USDT,0.06226,21.0,0.06225,24.0,0.0623,2.0,0.06233,21.0
1753531824381,12:10:24.381,BAN/USDT:USDT,0.06226,21.0,0.06225,24.0,0.06231,21.0,0.06232,2.0
1753531824458,12:10:24.458,BAN/USDT:USDT,0.06226,21.0,0.06225,24.0,0.0623,2.0,0.06231,21.0
1753531826464,12:10:26.464,BAN/USDT:USDT,0.06226,21.0,0.06225,24.0,0.0623,2.0,0.06233,21.0
1753531826575,12:10:26.575,BAN/USDT:USDT,0.06226,21.0,0.06225,24.0,0.06232,2.0,0.06233,21.0
1753531826732,12:10:26.732,BAN/USDT:USDT,0.06226,21.0,0.06225,24.0,0.06231,22.0,0.06232,2.0
1753531826757,12:10:26.757,BAN/USDT:USDT,0.06226,21.0,0.06225,24.0,0.0623,2.0,0.06231,22.0
1753531828600,12:10:28.600,BAN/USDT:USDT,0.06226,21.0,0.06225,24.0,0.0623,2.0,0.06233,21.0
1753531828674,12:10:28.674,BAN/USDT:USDT,0.06226,21.0,0.06225,24.0,0.06232,2.0,0.06233,21.0
1753531828848,12:10:28.848,BAN/USDT:USDT,0.06226,21.0,0.06225,24.0,0.06231,22.0,0.06232,2.0
1753531828858,12:10:28.858,BAN/USDT:USDT,0.06226,21.0,0.06225,24.0,0.0623,2.0,0.06231,22.0
1753531830736,12:10:30.736,BAN/USDT:USDT,0.06226,21.0,0.06225,24.0,0.0623,2.0,0.06233,21.0
1753531830774,12:10:30.774,BAN/USDT:USDT,0.06226,21.0,0.06225,24.0,0.06231,22.0,0.06232,2.0
1753531830862,12:10:30.862,BAN/USDT:USDT,0.06226,21.0,0.06225,24.0,0.0623,2.0,0.06231,22.0
1753531832005,12:10:32.005,BAN/USDT:USDT,0.06226,21.0,0.06225,24.0,0.0623,2.0,0.06231,22.0
1753531832153,12:10:32.153,BAN/USDT:USDT,0.06226,21.0,0.06225,24.0,0.0623,2.0,0.06231,22.0
1753531832309,12:10:32.309,BAN/USDT:USDT,0.06226,21.0,0.06225,24.0,0.0623,2.0,0.06231,22.0
1753531832489,12:10:32.489,BAN/USDT:USDT,0.06226,21.0,0.06225,24.0,0.0623,2.0,0.06231,22.0
1753531832644,12:10:32.644,BAN/USDT:USDT,0.06226,21.0,0.06225,24.0,0.0623,2.0,0.06231,22.0
1753531832803,12:10:32.803,BAN/USDT:USDT,0.06226,21.0,0.06225,24.0,0.0623,2.0,0.06231,22.0
1753531832870,12:10:32.870,BAN/USDT:USDT,0.06226,21.0,0.06225,24.0,0.0623,2.0,0.06233,21.0
1753531832978,12:10:32.978,BAN/USDT:USDT,0.06226,21.0,0.06225,24.0,0.06231,22.0,0.06232,2.0
1753531833110,12:10:33.110,BAN/USDT:USDT,0.06226,21.0,0.06225,24.0,0.06229,22.0,0.0623,2.0
1753531833224,12:10:33.224,BAN/USDT:USDT,0.06226,21.0,0.06225,24.0,0.06228,2.0,0.06229,22.0
1753531833643,12:10:33.643,BAN/USDT:USDT,0.06226,21.0,0.06225,24.0,0.06228,2.0,0.06229,22.0
1753531834150,12:10:34.150,BAN/USDT:USDT,0.06226,21.0,0.06225,24.0,0.06228,2.0,0.06231,22.0
1753531834334,12:10:34.334,BAN/USDT:USDT,0.06226,21.0,0.06225,24.0,0.0623,2.0,0.06231,22.0
1753531834489,12:10:34.489,BAN/USDT:USDT,0.06226,21.0,0.06225,24.0,0.0623,2.0,0.06231,22.0
1753531835021,12:10:35.021,BAN/USDT:USDT,0.06226,21.0,0.06225,24.0,0.0623,24.0,0.06233,21.0
1753531835235,12:10:35.235,BAN/USDT:USDT,0.06226,21.0,0.06225,24.0,0.0623,24.0,0.06233,21.0
1753531835283,12:10:35.283,BAN/USDT:USDT,0.06226,21.0,0.06225,24.0,0.0623,24.0,0.06233,21.0
1753531835629,12:10:35.629,BAN/USDT:USDT,0.06226,21.0,0.06225,24.0,0.0623,24.0,0.06233,21.0
1753531837176,12:10:37.176,BAN/USDT:USDT,0.06226,21.0,0.06225,24.0,0.06229,22.0,0.0623,24.0
1753531837330,12:10:37.330,BAN/USDT:USDT,0.06226,21.0,0.06225,24.0,0.06228,2.0,0.06229,22.0
1753531837750,12:10:37.750,BAN/USDT:USDT,0.06226,21.0,0.06225,24.0,0.06228,2.0,0.06229,22.0
1753531838565,12:10:38.565,BAN/USDT:USDT,0.06226,21.0,0.06225,24.0,0.06228,2.0,0.06229,22.0
1753531839334,12:10:39.334,BAN/USDT:USDT,0.06226,21.0,0.06225,24.0,0.06228,2.0,0.0623,22.0
1753531839374,12:10:39.374,BAN/USDT:USDT,0.06226,22.0,0.06225,24.0,0.06229,2.0,0.0623,22.0
1753531839475,12:10:39.475,BAN/USDT:USDT,0.06226,22.0,0.06225,24.0,0.06229,2.0,0.0623,22.0
1753531839787,12:10:39.787,BAN/USDT:USDT,0.06226,22.0,0.06225,24.0,0.06229,2.0,0.0623,22.0
1753531839943,12:10:39.943,BAN/USDT:USDT,0.06226,22.0,0.06225,24.0,0.06229,2.0,0.0623,22.0
1753531840611,12:10:40.611,BAN/USDT:USDT,0.06226,22.0,0.06225,24.0,0.06229,2.0,0.0623,22.0
1753531840758,12:10:40.758,BAN/USDT:USDT,0.06226,22.0,0.06225,24.0,0.06229,2.0,0.0623,22.0
1753531841457,12:10:41.457,BAN/USDT:USDT,0.06226,22.0,0.06225,56.0,0.06229,24.0,0.06235,21.0
1753531841660,12:10:41.660,BAN/USDT:USDT,0.06226,22.0,0.06225,56.0,0.06229,2.0,0.06235,21.0
1753531841786,12:10:41.786,BAN/USDT:USDT,0.06226,22.0,0.06225,56.0,0.06233,22.0,0.06234,2.0
1753531841874,12:10:41.874,BAN/USDT:USDT,0.06226,22.0,0.06225,24.0,0.06231,22.0,0.06232,2.0
1753531841973,12:10:41.973,BAN/USDT:USDT,0.06226,22.0,0.06225,24.0,0.0623,24.0,0.06231,22.0
1753531843108,12:10:43.108,BAN/USDT:USDT,0.06226,22.0,0.06225,24.0,0.06229,22.0,0.0623,24.0
1753531843159,12:10:43.159,BAN/USDT:USDT,0.06226,22.0,0.06225,24.0,0.06228,2.0,0.06229,22.0
1753531843425,12:10:43.425,BAN/USDT:USDT,0.06226,22.0,0.06225,24.0,0.06228,2.0,0.06229,22.0
1753531843594,12:10:43.594,BAN/USDT:USDT,0.06226,22.0,0.06225,24.0,0.06228,2.0,0.0623,22.0
1753531843747,12:10:43.747,BAN/USDT:USDT,0.06226,22.0,0.06225,24.0,0.06229,2.0,0.0623,22.0
1753531843898,12:10:43.898,BAN/USDT:USDT,0.06226,22.0,0.06225,24.0,0.06229,2.0,0.0623,22.0
1753531844053,12:10:44.053,BAN/USDT:USDT,0.06226,22.0,0.06225,24.0,0.06229,2.0,0.0623,22.0
1753531844205,12:10:44.205,BAN/USDT:USDT,0.06226,22.0,0.06225,24.0,0.06229,2.0,0.0623,22.0
1753531844359,12:10:44.359,BAN/USDT:USDT,0.06226,22.0,0.06225,24.0,0.06229,24.0,0.0623,22.0
1753531844464,12:10:44.464,BAN/USDT:USDT,0.06226,22.0,0.06225,24.0,0.06229,2.0,0.0623,22.0
1753531845758,12:10:45.758,BAN/USDT:USDT,0.06226,22.0,0.06225,24.0,0.06229,2.0,0.06231,22.0
1753531845906,12:10:45.906,BAN/USDT:USDT,0.06226,22.0,0.06225,24.0,0.0623,2.0,0.06231,22.0
1753531846064,12:10:46.064,BAN/USDT:USDT,0.06226,22.0,0.06225,24.0,0.0623,2.0,0.06231,22.0
1753531846246,12:10:46.246,BAN/USDT:USDT,0.06226,22.0,0.06225,24.0,0.0623,2.0,0.06231,22.0
1753531846369,12:10:46.369,BAN/USDT:USDT,0.06226,22.0,0.06225,24.0,0.0623,2.0,0.06231,22.0
1753531847895,12:10:47.895,BAN/USDT:USDT,0.06226,22.0,0.06225,24.0,0.0623,2.0,0.06233,22.0
1753531847974,12:10:47.974,BAN/USDT:USDT,0.06226,22.0,0.06225,24.0,0.06231,22.0,0.06232,2.0
1753531848074,12:10:48.074,BAN/USDT:USDT,0.06226,22.0,0.06225,24.0,0.0623,2.0,0.06231,22.0
1753531848235,12:10:48.235,BAN/USDT:USDT,0.06226,22.0,0.06225,24.0,0.0623,2.0,0.06231,22.0
1753531848272,12:10:48.272,BAN/USDT:USDT,0.06226,22.0,0.06225,24.0,0.0623,2.0,0.06231,22.0
1753531848385,12:10:48.385,BAN/USDT:USDT,0.06226,22.0,0.06225,24.0,0.0623,2.0,0.06231,22.0
1753531848543,12:10:48.543,BAN/USDT:USDT,0.06226,22.0,0.06225,24.0,0.0623,2.0,0.06231,22.0
1753531848698,12:10:48.698,BAN/USDT:USDT,0.06226,22.0,0.06225,24.0,0.0623,24.0,0.06231,22.0
1753531849663,12:10:49.663,BAN/USDT:USDT,0.06226,22.0,0.06225,24.0,0.0623,24.0,0.06231,22.0
1753531849889,12:10:49.889,BAN/USDT:USDT,0.06226,22.0,0.06225,24.0,0.0623,24.0,0.06231,22.0
1753531850033,12:10:50.033,BAN/USDT:USDT,0.06226,22.0,0.06225,24.0,0.0623,24.0,0.06233,22.0
1753531850303,12:10:50.303,BAN/USDT:USDT,0.06226,22.0,0.06225,24.0,0.0623,24.0,0.06233,22.0
1753531852178,12:10:52.178,BAN/USDT:USDT,0.06226,22.0,0.06225,24.0,0.0623,24.0,0.06235,21.0
1753531855155,12:10:55.155,BAN/USDT:USDT,0.06226,22.0,0.06225,24.0,0.0623,24.0,0.06235,21.0
1753531856404,12:10:56.404,BAN/USDT:USDT,0.06226,22.0,0.06225,56.0,0.0623,2.0,0.06235,21.0
1753531856500,12:10:56.500,BAN/USDT:USDT,0.06226,22.0,0.06225,56.0,0.0623,2.0,0.06235,21.0
1753531856998,12:10:56.998,BAN/USDT:USDT,0.06226,22.0,0.06225,24.0,0.06232,21.0,0.06233,656.0
1753531857145,12:10:57.145,BAN/USDT:USDT,0.06226,22.0,0.06225,24.0,0.0623,21.0,0.06231,2.0
1753531857157,12:10:57.157,BAN/USDT:USDT,0.06226,22.0,0.06225,24.0,0.06229,2.0,0.0623,21.0
1753531857307,12:10:57.307,BAN/USDT:USDT,0.06226,22.0,0.06225,24.0,0.06229,2.0,0.0623,21.0
1753531857571,12:10:57.571,BAN/USDT:USDT,0.06226,22.0,0.06225,24.0,0.06229,2.0,0.0623,21.0
1753531857844,12:10:57.844,BAN/USDT:USDT,0.06226,22.0,0.06225,24.0,0.06229,2.0,0.0623,21.0
1753531857997,12:10:57.997,BAN/USDT:USDT,0.06226,22.0,0.06225,24.0,0.06229,2.0,0.0623,21.0
1753531858417,12:10:58.417,BAN/USDT:USDT,0.06226,22.0,0.06225,24.0,0.06229,2.0,0.0623,21.0
1753531858620,12:10:58.620,BAN/USDT:USDT,0.06226,22.0,0.06225,24.0,0.06229,2.0,0.06232,21.0
1753531858674,12:10:58.674,BAN/USDT:USDT,0.06226,22.0,0.06225,24.0,0.0623,21.0,0.06231,2.0
1753531858833,12:10:58.833,BAN/USDT:USDT,0.06226,22.0,0.06225,24.0,0.06229,2.0,0.0623,21.0
1753531858938,12:10:58.938,BAN/USDT:USDT,0.06226,22.0,0.06225,24.0,0.06229,2.0,0.0623,21.0
1753531860774,12:11:00.774,BAN/USDT:USDT,0.06226,22.0,0.06225,24.0,0.06229,23.0,0.06232,21.0
1753531861746,12:11:01.746,BAN/USDT:USDT,0.06226,22.0,0.06225,24.0,0.06229,2.0,0.06232,21.0
1753531861845,12:11:01.845,BAN/USDT:USDT,0.06226,22.0,0.06225,56.0,0.06231,2.0,0.06235,21.0
1753531861933,12:11:01.933,BAN/USDT:USDT,0.06226,22.0,0.06225,56.0,0.06234,2.0,0.06235,21.0
1753531862043,12:11:02.043,BAN/USDT:USDT,0.06226,54.0,0.06225,24.0,0.06234,2.0,0.06237,21.0
1753531862100,12:11:02.100,BAN/USDT:USDT,0.06227,21.0,0.06226,22.0,0.06235,21.0,0.06236,2.0
1753531862206,12:11:02.206,BAN/USDT:USDT,0.06226,22.0,0.06225,56.0,0.06234,2.0,0.06235,21.0
1753531862332,12:11:02.332,BAN/USDT:USDT,0.06226,22.0,0.06225,24.0,0.06234,2.0,0.06235,21.0
1753531862484,12:11:02.484,BAN/USDT:USDT,0.06226,22.0,0.06225,24.0,0.06234,2.0,0.06235,21.0
1753531862631,12:11:02.631,BAN/USDT:USDT,0.06226,22.0,0.06225,24.0,0.06234,23.0,0.06235,21.0
1753531862825,12:11:02.825,BAN/USDT:USDT,0.06226,22.0,0.06225,24.0,0.06233,21.0,0.06234,23.0
1753531862888,12:11:02.888,BAN/USDT:USDT,0.06226,22.0,0.06225,24.0,0.06232,2.0,0.06233,21.0
1753531865043,12:11:05.043,BAN/USDT:USDT,0.06226,22.0,0.06225,56.0,0.06232,2.0,0.06235,21.0
1753531865083,12:11:05.083,BAN/USDT:USDT,0.06226,22.0,0.06225,24.0,0.06233,21.0,0.06234,2.0
1753531865165,12:11:05.165,BAN/USDT:USDT,0.06226,22.0,0.06225,24.0,0.06232,2.0,0.06233,21.0
1753531865261,12:11:05.261,BAN/USDT:USDT,0.06226,22.0,0.06225,24.0,0.06232,2.0,0.06233,21.0
1753531866743,12:11:06.743,BAN/USDT:USDT,0.06226,22.0,0.06225,56.0,0.06232,2.0,0.06235,21.0
1753531866775,12:11:06.775,BAN/USDT:USDT,0.06226,22.0,0.06225,56.0,0.06234,2.0,0.06235,21.0
1753531866935,12:11:06.935,BAN/USDT:USDT,0.06226,22.0,0.06225,24.0,0.06234,2.0,0.06235,21.0
1753531867102,12:11:07.102,BAN/USDT:USDT,0.06226,22.0,0.06225,56.0,0.06234,2.0,0.06235,21.0
1753531867237,12:11:07.237,BAN/USDT:USDT,0.06227,22.0,0.06226,54.0,0.06234,2.0,0.06237,21.0
1753531867333,12:11:07.333,BAN/USDT:USDT,0.06226,22.0,0.06225,56.0,0.06235,22.0,0.06236,2.0
1753531867408,12:11:07.408,BAN/USDT:USDT,0.06226,22.0,0.06225,24.0,0.06234,2.0,0.06235,22.0
1753531867611,12:11:07.611,BAN/USDT:USDT,0.06226,22.0,0.06225,56.0,0.06234,24.0,0.06235,22.0
1753531867738,12:11:07.738,BAN/USDT:USDT,0.06226,22.0,0.06225,24.0,0.06233,22.0,0.06234,24.0
1753531867758,12:11:07.758,BAN/USDT:USDT,0.06226,22.0,0.06225,24.0,0.06232,2.0,0.06233,22.0
1753531868166,12:11:08.166,BAN/USDT:USDT,0.06226,22.0,0.06225,24.0,0.06232,2.0,0.06233,22.0
1753531868534,12:11:08.534,BAN/USDT:USDT,0.06226,22.0,0.06225,24.0,0.06232,2.0,0.06233,22.0
1753531869287,12:11:09.287,BAN/USDT:USDT,0.06226,22.0,0.06225,24.0,0.06232,2.0,0.06234,22.0
1753531869449,12:11:09.449,BAN/USDT:USDT,0.06226,22.0,0.06225,24.0,0.06232,22.0,0.06233,24.0
1753531869458,12:11:09.458,BAN/USDT:USDT,0.06226,22.0,0.06225,24.0,0.06231,2.0,0.06233,22.0
1753531869557,12:11:09.557,BAN/USDT:USDT,0.06226,22.0,0.06225,24.0,0.06232,2.0,0.06233,22.0
1753531871427,12:11:11.427,BAN/USDT:USDT,0.06226,22.0,0.06225,24.0,0.06232,2.0,0.06234,22.0
1753531871464,12:11:11.464,BAN/USDT:USDT,0.06226,22.0,0.06225,24.0,0.06233,2.0,0.06234,22.0
1753531871579,12:11:11.579,BAN/USDT:USDT,0.06226,22.0,0.06225,24.0,0.06233,2.0,0.06234,22.0
1753531873319,12:11:13.319,BAN/USDT:USDT,0.06226,22.0,0.06225,24.0,0.06233,2.0,0.06234,22.0
1753531873583,12:11:13.583,BAN/USDT:USDT,0.06226,22.0,0.06225,56.0,0.06233,2.0,0.06235,22.0
1753531873712,12:11:13.712,BAN/USDT:USDT,0.06226,22.0,0.06225,56.0,0.06234,2.0,0.06235,22.0
1753531873820,12:11:13.820,BAN/USDT:USDT,0.06226,22.0,0.06225,56.0,0.06234,2.0,0.06235,22.0
1753531873869,12:11:13.869,BAN/USDT:USDT,0.06226,22.0,0.06225,24.0,0.06233,22.0,0.06234,2.0
1753531873958,12:11:13.958,BAN/USDT:USDT,0.06226,22.0,0.06225,24.0,0.06232,2.0,0.06233,22.0
1753531874580,12:11:14.580,BAN/USDT:USDT,0.06226,22.0,0.06225,56.0,0.06232,2.0,0.06235,22.0
1753531874680,12:11:14.680,BAN/USDT:USDT,0.06226,22.0,0.06225,24.0,0.06234,2.0,0.06235,22.0
1753531874825,12:11:14.825,BAN/USDT:USDT,0.06226,22.0,0.06225,24.0,0.06234,24.0,0.06235,22.0
1753531875098,12:11:15.098,BAN/USDT:USDT,0.06226,22.0,0.06225,24.0,0.06233,22.0,0.06234,24.0
1753531875161,12:11:15.161,BAN/USDT:USDT,0.06226,22.0,0.06225,24.0,0.06232,2.0,0.06233,22.0
1753531875708,12:11:15.708,BAN/USDT:USDT,0.06226,22.0,0.06225,24.0,0.06232,2.0,0.06234,22.0
1753531875758,12:11:15.758,BAN/USDT:USDT,0.06226,22.0,0.06225,24.0,0.06233,2.0,0.06234,22.0
1753531875858,12:11:15.858,BAN/USDT:USDT,0.06226,22.0,0.06225,24.0,0.06233,2.0,0.06234,22.0
1753531876505,12:11:16.505,BAN/USDT:USDT,0.06226,22.0,0.06225,24.0,0.06232,22.0,0.06233,2.0
1753531876558,12:11:16.558,BAN/USDT:USDT,0.06226,22.0,0.06225,24.0,0.06231,2.0,0.06232,22.0
1753531876980,12:11:16.980,BAN/USDT:USDT,0.06226,22.0,0.06225,24.0,0.06231,2.0,0.06232,22.0
1753531877395,12:11:17.395,BAN/USDT:USDT,0.06226,22.0,0.06225,24.0,0.06231,2.0,0.06232,22.0
1753531877847,12:11:17.847,BAN/USDT:USDT,0.06226,22.0,0.06225,24.0,0.06231,2.0,0.06234,22.0
1753531877866,12:11:17.866,BAN/USDT:USDT,0.06226,22.0,0.06225,24.0,0.06232,22.0,0.06233,2.0
1753531877958,12:11:17.958,BAN/USDT:USDT,0.06226,22.0,0.06225,24.0,0.06231,2.0,0.06232,22.0
1753531879084,12:11:19.084,BAN/USDT:USDT,0.06226,22.0,0.06225,24.0,0.06231,2.0,0.06232,22.0
1753531880047,12:11:20.047,BAN/USDT:USDT,0.06226,22.0,0.06225,24.0,0.06231,2.0,0.06234,22.0
1753531880073,12:11:20.073,BAN/USDT:USDT,0.06226,22.0,0.06225,24.0,0.06232,22.0,0.06233,2.0
1753531880228,12:11:20.228,BAN/USDT:USDT,0.06226,22.0,0.06225,24.0,0.06231,2.0,0.06232,22.0
1753531882144,12:11:22.144,BAN/USDT:USDT,0.06226,22.0,0.06225,24.0,0.06231,2.0,0.06234,22.0
1753531882172,12:11:22.172,BAN/USDT:USDT,0.06226,22.0,0.06225,24.0,0.06232,22.0,0.06233,2.0
1753531882264,12:11:22.264,BAN/USDT:USDT,0.06226,22.0,0.06225,24.0,0.06231,2.0,0.06232,22.0
1753531884309,12:11:24.309,BAN/USDT:USDT,0.06226,22.0,0.06225,24.0,0.06231,2.0,0.06234,22.0
1753531884373,12:11:24.373,BAN/USDT:USDT,0.06226,22.0,0.06225,24.0,0.06232,22.0,0.06233,2.0
1753531884458,12:11:24.458,BAN/USDT:USDT,0.06226,22.0,0.06225,24.0,0.06231,2.0,0.06232,22.0
1753531886192,12:11:26.192,BAN/USDT:USDT,0.06226,22.0,0.06225,24.0,0.06231,2.0,0.06232,22.0
1753531886347,12:11:26.347,BAN/USDT:USDT,0.06226,22.0,0.06225,24.0,0.06231,2.0,0.06232,22.0
1753531886498,12:11:26.498,BAN/USDT:USDT,0.06226,22.0,0.06225,24.0,0.06231,2.0,0.06234,22.0
1753531886573,12:11:26.573,BAN/USDT:USDT,0.06226,22.0,0.06225,24.0,0.06232,21.0,0.06233,2.0
1753531886665,12:11:26.665,BAN/USDT:USDT,0.06226,22.0,0.06225,24.0,0.06231,2.0,0.06232,21.0
1753531887390,12:11:27.390,BAN/USDT:USDT,0.06226,22.0,0.06225,24.0,0.06231,2.0,0.06232,21.0
1753531888634,12:11:28.634,BAN/USDT:USDT,0.06226,22.0,0.06225,24.0,0.06231,2.0,0.06234,22.0
1753531888673,12:11:28.673,BAN/USDT:USDT,0.06226,22.0,0.06225,24.0,0.06232,21.0,0.06233,2.0
1753531888757,12:11:28.757,BAN/USDT:USDT,0.06226,22.0,0.06225,24.0,0.06231,2.0,0.06232,21.0
1753531889811,12:11:29.811,BAN/USDT:USDT,0.06226,22.0,0.06225,24.0,0.06231,2.0,0.06232,21.0
1753531890768,12:11:30.768,BAN/USDT:USDT,0.06226,22.0,0.06225,24.0,0.06231,23.0,0.06234,22.0
1753531891518,12:11:31.518,BAN/USDT:USDT,0.06226,22.0,0.06225,24.0,0.06231,2.0,0.06234,22.0
1753531891574,12:11:31.574,BAN/USDT:USDT,0.06226,22.0,0.06225,24.0,0.06232,21.0,0.06233,2.0
1753531891658,12:11:31.658,BAN/USDT:USDT,0.06226,22.0,0.06225,24.0,0.06231,2.0,0.06232,21.0
1753531892532,12:11:32.532,BAN/USDT:USDT,0.06226,22.0,0.06225,24.0,0.06231,2.0,0.06232,21.0
1753531892949,12:11:32.949,BAN/USDT:USDT,0.06226,22.0,0.06225,24.0,0.0623,21.0,0.06231,2.0
1753531892964,12:11:32.964,BAN/USDT:USDT,0.06226,22.0,0.06225,24.0,0.06229,2.0,0.0623,21.0
1753531893100,12:11:33.100,BAN/USDT:USDT,0.06226,22.0,0.06225,24.0,0.06229,2.0,0.06234,22.0
1753531893173,12:11:33.173,BAN/USDT:USDT,0.06226,22.0,0.06225,24.0,0.06232,21.0,0.06233,2.0
1753531893277,12:11:33.277,BAN/USDT:USDT,0.06226,22.0,0.06225,24.0,0.06231,2.0,0.06232,21.0
1753531893717,12:11:33.717,BAN/USDT:USDT,0.06226,22.0,0.06225,24.0,0.06231,23.0,0.06232,21.0
1753531893819,12:11:33.819,BAN/USDT:USDT,0.06226,22.0,0.06225,24.0,0.06231,2.0,0.06232,21.0
1753531893913,12:11:33.913,BAN/USDT:USDT,0.06226,22.0,0.06225,24.0,0.06231,2.0,0.06232,21.0
1753531894186,12:11:34.186,BAN/USDT:USDT,0.06226,22.0,0.06225,24.0,0.06231,2.0,0.06232,21.0
1753531894341,12:11:34.341,BAN/USDT:USDT,0.06226,22.0,0.06225,24.0,0.06231,2.0,0.06232,21.0
1753531894756,12:11:34.756,BAN/USDT:USDT,0.06226,22.0,0.06225,24.0,0.06231,2.0,0.06234,22.0
1753531894873,12:11:34.873,BAN/USDT:USDT,0.06226,22.0,0.06225,24.0,0.06233,23.0,0.06234,22.0
1753531895131,12:11:35.131,BAN/USDT:USDT,0.06226,22.0,0.06225,24.0,0.06233,23.0,0.06235,22.0
1753531895248,12:11:35.248,BAN/USDT:USDT,0.06226,22.0,0.06225,24.0,0.06233,2.0,0.06235,22.0
1753531895276,12:11:35.276,BAN/USDT:USDT,0.06226,22.0,0.06225,24.0,0.06234,2.0,0.06235,22.0
1753531895445,12:11:35.445,BAN/USDT:USDT,0.06226,22.0,0.06225,24.0,0.06234,23.0,0.06235,22.0
1753531895545,12:11:35.545,BAN/USDT:USDT,0.06226,22.0,0.06225,24.0,0.06234,23.0,0.06235,22.0
1753531896253,12:11:36.253,BAN/USDT:USDT,0.06226,22.0,0.06225,24.0,0.06234,23.0,0.06235,22.0
1753531896443,12:11:36.443,BAN/USDT:USDT,0.06226,22.0,0.06225,56.0,0.06234,2.0,0.06235,22.0
1753531897091,12:11:37.091,BAN/USDT:USDT,0.06226,22.0,0.06225,56.0,0.06234,2.0,0.06235,22.0
1753531897243,12:11:37.243,BAN/USDT:USDT,0.06226,54.0,0.06225,24.0,0.06234,24.0,0.06237,21.0
1753531897254,12:11:37.254,BAN/USDT:USDT,0.06227,22.0,0.06226,54.0,0.06234,24.0,0.06237,21.0
1753531898395,12:11:38.395,BAN/USDT:USDT,0.06226,22.0,0.06225,56.0,0.06234,24.0,0.06237,21.0
1753531898519,12:11:38.519,BAN/USDT:USDT,0.06226,22.0,0.06225,56.0,0.06234,2.0,0.06237,21.0
1753531898575,12:11:38.575,BAN/USDT:USDT,0.06226,22.0,0.06225,56.0,0.06236,2.0,0.06237,21.0
1753531898734,12:11:38.734,BAN/USDT:USDT,0.06226,22.0,0.06225,56.0,0.06235,22.0,0.06236,2.0
1753531898792,12:11:38.792,BAN/USDT:USDT,0.06226,22.0,0.06225,56.0,0.06234,2.0,0.06235,22.0
1753531899398,12:11:39.398,BAN/USDT:USDT,0.06227,22.0,0.06226,54.0,0.06234,2.0,0.06237,21.0
1753531899473,12:11:39.473,BAN/USDT:USDT,0.06227,22.0,0.06226,54.0,0.06235,22.0,0.06236,2.0
1753531899574,12:11:39.574,BAN/USDT:USDT,0.06226,22.0,0.06225,56.0,0.06234,2.0,0.06235,22.0
1753531899729,12:11:39.729,BAN/USDT:USDT,0.06226,22.0,0.06225,24.0,0.06234,2.0,0.06235,22.0
1753531899875,12:11:39.875,BAN/USDT:USDT,0.06226,22.0,0.06225,24.0,0.06234,2.0,0.06235,22.0
1753531900028,12:11:40.028,BAN/USDT:USDT,0.06226,22.0,0.06225,24.0,0.06234,2.0,0.06235,22.0
1753531900189,12:11:40.189,BAN/USDT:USDT,0.06226,22.0,0.06225,24.0,0.06234,2.0,0.06235,22.0
1753531901578,12:11:41.578,BAN/USDT:USDT,0.06227,22.0,0.06226,22.0,0.06234,24.0,0.06237,21.0
1753531901730,12:11:41.730,BAN/USDT:USDT,0.06226,22.0,0.06225,24.0,0.06234,24.0,0.06237,21.0
1753531902323,12:11:42.323,BAN/USDT:USDT,0.06226,22.0,0.06225,24.0,0.06233,22.0,0.06234,24.0
1753531902384,12:11:42.384,BAN/USDT:USDT,0.06226,22.0,0.06225,24.0,0.06232,2.0,0.06234,22.0
1753531902458,12:11:42.458,BAN/USDT:USDT,0.06226,22.0,0.06225,24.0,0.06233,2.0,0.06234,22.0
1753531902848,12:11:42.848,BAN/USDT:USDT,0.06226,22.0,0.06225,24.0,0.06233,2.0,0.06234,22.0
1753531902982,12:11:42.982,BAN/USDT:USDT,0.06226,22.0,0.06225,24.0,0.06233,2.0,0.06234,22.0
1753531903264,12:11:43.264,BAN/USDT:USDT,0.06226,22.0,0.06225,24.0,0.06233,2.0,0.06234,22.0
1753531903423,12:11:43.423,BAN/USDT:USDT,0.06226,22.0,0.06225,24.0,0.06233,2.0,0.06234,22.0
1753531903573,12:11:43.573,BAN/USDT:USDT,0.06226,22.0,0.06225,24.0,0.06233,2.0,0.06234,22.0
1753531903725,12:11:43.725,BAN/USDT:USDT,0.06226,22.0,0.06225,24.0,0.06233,2.0,0.06237,21.0
1753531903780,12:11:43.780,BAN/USDT:USDT,0.06227,22.0,0.06226,22.0,0.06235,22.0,0.06236,2.0
1753531903925,12:11:43.925,BAN/USDT:USDT,0.06226,22.0,0.06225,56.0,0.06235,22.0,0.06236,2.0
1753531904309,12:11:44.309,BAN/USDT:USDT,0.06226,22.0,0.06225,56.0,0.06234,2.0,0.06235,22.0
1753531904476,12:11:44.476,BAN/USDT:USDT,0.06226,22.0,0.06225,24.0,0.06233,22.0,0.06234,2.0
1753531904558,12:11:44.558,BAN/USDT:USDT,0.06226,22.0,0.06225,24.0,0.06232,2.0,0.06233,22.0
1753531905424,12:11:45.424,BAN/USDT:USDT,0.06226,22.0,0.06225,24.0,0.06232,2.0,0.06233,22.0
1753531905844,12:11:45.844,BAN/USDT:USDT,0.06226,22.0,0.06225,56.0,0.06232,24.0,0.06235,22.0
1753531906283,12:11:46.283,BAN/USDT:USDT,0.06226,22.0,0.06225,56.0,0.06232,2.0,0.06235,22.0
1753531906374,12:11:46.374,BAN/USDT:USDT,0.06226,22.0,0.06225,56.0,0.06233,21.0,0.06234,2.0
1753531906525,12:11:46.525,BAN/USDT:USDT,0.06226,22.0,0.06225,24.0,0.06232,2.0,0.06233,21.0
1753531906664,12:11:46.664,BAN/USDT:USDT,0.06226,22.0,0.06225,24.0,0.06232,2.0,0.06233,21.0
1753531907195,12:11:47.195,BAN/USDT:USDT,0.06226,22.0,0.06225,24.0,0.06232,2.0,0.06233,21.0
1753531907364,12:11:47.364,BAN/USDT:USDT,0.06226,22.0,0.06225,24.0,0.06232,2.0,0.06233,21.0
1753531907736,12:11:47.736,BAN/USDT:USDT,0.06226,22.0,0.06225,24.0,0.06232,23.0,0.06233,21.0
1753531907986,12:11:47.986,BAN/USDT:USDT,0.06226,22.0,0.06225,24.0,0.06232,23.0,0.06235,22.0
1753531908545,12:11:48.545,BAN/USDT:USDT,0.06226,22.0,0.06225,24.0,0.06232,23.0,0.06235,22.0
1753531909828,12:11:49.828,BAN/USDT:USDT,0.06226,22.0,0.06225,56.0,0.06232,2.0,0.06235,22.0
1753531909874,12:11:49.874,BAN/USDT:USDT,0.06226,22.0,0.06225,56.0,0.06233,21.0,0.06234,2.0
1753531909985,12:11:49.985,BAN/USDT:USDT,0.06226,22.0,0.06225,56.0,0.06232,2.0,0.06235,22.0
1753531910144,12:11:50.144,BAN/USDT:USDT,0.06226,22.0,0.06225,56.0,0.06234,2.0,0.06235,21.0
1753531910174,12:11:50.174,BAN/USDT:USDT,0.06226,22.0,0.06225,56.0,0.06234,2.0,0.06235,21.0
1753531910293,12:11:50.293,BAN/USDT:USDT,0.06228,21.0,0.06227,32.0,0.06234,2.0,0.06235,21.0
1753531910426,12:11:50.426,BAN/USDT:USDT,0.06228,21.0,0.06226,54.0,0.06234,2.0,0.06235,21.0
1753531910595,12:11:50.595,BAN/USDT:USDT,0.06226,22.0,0.06225,56.0,0.06234,2.0,0.06235,21.0
1753531910734,12:11:50.734,BAN/USDT:USDT,0.06227,21.0,0.06226,186.0,0.06234,2.0,0.06235,21.0
1753531910949,12:11:50.949,BAN/USDT:USDT,0.06227,53.0,0.06226,186.0,0.06234,2.0,0.06239,22.0
1753531911048,12:11:51.048,BAN/USDT:USDT,0.06228,21.0,0.06227,53.0,0.06237,21.0,0.06238,2.0
1753531911114,12:11:51.114,BAN/USDT:USDT,0.06228,21.0,0.06227,53.0,0.06236,2.0,0.06237,21.0
1753531911249,12:11:51.249,BAN/USDT:USDT,0.06228,21.0,0.06227,149.0,0.06235,21.0,0.06236,2.0
1753531911289,12:11:51.289,BAN/USDT:USDT,0.06228,21.0,0.06227,149.0,0.06234,2.0,0.06235,21.0
1753531911446,12:11:51.446,BAN/USDT:USDT,0.06229,21.0,0.06228,21.0,0.06234,2.0,0.06237,21.0
1753531911548,12:11:51.548,BAN/USDT:USDT,0.06228,21.0,0.06227,86.0,0.06235,21.0,0.06236,2.0
1753531911557,12:11:51.557,BAN/USDT:USDT,0.06228,21.0,0.06227,54.0,0.06234,2.0,0.06235,21.0
1753531912235,12:11:52.235,BAN/USDT:USDT,0.06228,101.0,0.06227,54.0,0.06234,23.0,0.06235,21.0
1753531912275,12:11:52.275,BAN/USDT:USDT,0.06229,21.0,0.06228,21.0,0.06234,2.0,0.06237,21.0
1753531912410,12:11:52.410,BAN/USDT:USDT,0.06228,21.0,0.06227,54.0,0.06235,21.0,0.06236,2.0
1753531912540,12:11:52.540,BAN/USDT:USDT,0.06229,21.0,0.06228,21.0,0.06234,2.0,0.06235,21.0
1753531912720,12:11:52.720,BAN/USDT:USDT,0.06229,21.0,0.06228,21.0,0.06234,2.0,0.06235,21.0
1753531912815,12:11:52.815,BAN/USDT:USDT,0.06229,21.0,0.06228,21.0,0.06234,2.0,0.06235,21.0
1753531912867,12:11:52.867,BAN/USDT:USDT,0.06228,21.0,0.06227,54.0,0.06234,2.0,0.06235,21.0
1753531913002,12:11:53.002,BAN/USDT:USDT,0.06229,21.0,0.06228,21.0,0.06234,2.0,0.06235,21.0
1753531913147,12:11:53.147,BAN/USDT:USDT,0.06228,21.0,0.06227,54.0,0.06234,2.0,0.06235,21.0
1753531913295,12:11:53.295,BAN/USDT:USDT,0.06228,21.0,0.06227,54.0,0.06234,23.0,0.06235,21.0
1753531914399,12:11:54.399,BAN/USDT:USDT,0.06228,21.0,0.06227,54.0,0.06234,23.0,0.06237,21.0
1753531915091,12:11:55.091,BAN/USDT:USDT,0.06228,21.0,0.06227,54.0,0.06234,23.0,0.06237,21.0
1753531915333,12:11:55.333,BAN/USDT:USDT,0.06229,21.0,0.06228,21.0,0.06234,23.0,0.06237,21.0
1753531915426,12:11:55.426,BAN/USDT:USDT,0.06228,21.0,0.06227,54.0,0.06234,23.0,0.06237,21.0
1753531915933,12:11:55.933,BAN/USDT:USDT,0.06228,21.0,0.06227,86.0,0.06234,2.0,0.06237,21.0
1753531915979,12:11:55.979,BAN/USDT:USDT,0.06228,21.0,0.06227,86.0,0.06235,21.0,0.06236,2.0
1753531916140,12:11:56.140,BAN/USDT:USDT,0.06229,21.0,0.06228,21.0,0.06234,2.0,0.06235,21.0
1753531916211,12:11:56.211,BAN/USDT:USDT,0.06229,21.0,0.06228,21.0,0.06234,2.0,0.06235,21.0
1753531916287,12:11:56.287,BAN/USDT:USDT,0.06228,21.0,0.06227,54.0,0.06234,2.0,0.06235,21.0
1753531916442,12:11:56.442,BAN/USDT:USDT,0.06228,21.0,0.06227,54.0,0.06234,2.0,0.06235,21.0
1753531916600,12:11:56.600,BAN/USDT:USDT,0.06228,21.0,0.06227,54.0,0.06234,2.0,0.06237,21.0
1753531916682,12:11:56.682,BAN/USDT:USDT,0.06228,21.0,0.06227,54.0,0.06235,21.0,0.06236,2.0
1753531916782,12:11:56.782,BAN/USDT:USDT,0.06228,21.0,0.06227,54.0,0.06234,2.0,0.06235,21.0
1753531916934,12:11:56.934,BAN/USDT:USDT,0.06228,21.0,0.06227,54.0,0.06234,2.0,0.06235,21.0
1753531917154,12:11:57.154,BAN/USDT:USDT,0.06228,21.0,0.06227,54.0,0.06234,2.0,0.06235,21.0
1753531917303,12:11:57.303,BAN/USDT:USDT,0.06228,21.0,0.06227,54.0,0.06234,2.0,0.06235,21.0
1753531917455,12:11:57.455,BAN/USDT:USDT,0.06228,21.0,0.06227,54.0,0.06234,2.0,0.06235,21.0
1753531917606,12:11:57.606,BAN/USDT:USDT,0.06228,21.0,0.06227,54.0,0.06234,23.0,0.06235,21.0
1753531917894,12:11:57.894,BAN/USDT:USDT,0.06229,21.0,0.06228,21.0,0.06234,23.0,0.06235,21.0
1753531918038,12:11:58.038,BAN/USDT:USDT,0.06229,21.0,0.06228,21.0,0.06234,2.0,0.06235,21.0
1753531918054,12:11:58.054,BAN/USDT:USDT,0.06229,21.0,0.06228,21.0,0.06234,2.0,0.06235,21.0
1753531918213,12:11:58.213,BAN/USDT:USDT,0.06229,21.0,0.06228,174.0,0.06234,2.0,0.06235,21.0
1753531918279,12:11:58.279,BAN/USDT:USDT,0.06229,21.0,0.06228,21.0,0.06234,2.0,0.06235,21.0
1753531918365,12:11:58.365,BAN/USDT:USDT,0.06228,21.0,0.06227,54.0,0.06234,2.0,0.06235,21.0
1753531918538,12:11:58.538,BAN/USDT:USDT,0.06229,21.0,0.06228,21.0,0.06234,2.0,0.06235,21.0
1753531918744,12:11:58.744,BAN/USDT:USDT,0.06229,21.0,0.06228,21.0,0.06234,2.0,0.06237,21.0
1753531918780,12:11:58.780,BAN/USDT:USDT,0.06229,21.0,0.06228,21.0,0.06235,21.0,0.06236,2.0
1753531918893,12:11:58.893,BAN/USDT:USDT,0.06229,21.0,0.06228,327.0,0.06234,2.0,0.06235,21.0
1753531920235,12:12:00.235,BAN/USDT:USDT,0.06228,21.0,0.06227,54.0,0.06234,2.0,0.06235,21.0
1753531920303,12:12:00.303,BAN/USDT:USDT,0.06228,21.0,0.06227,54.0,0.06234,2.0,0.06235,21.0
1753531920720,12:12:00.720,BAN/USDT:USDT,0.06228,21.0,0.06227,54.0,0.06234,2.0,0.06235,21.0
1753531920835,12:12:00.835,BAN/USDT:USDT,0.06229,21.0,0.06228,21.0,0.06234,2.0,0.06235,21.0
1753531920940,12:12:00.940,BAN/USDT:USDT,0.06228,21.0,0.06227,54.0,0.06234,2.0,0.06237,21.0
1753531920982,12:12:00.982,BAN/USDT:USDT,0.06228,21.0,0.06227,54.0,0.06235,21.0,0.06236,2.0
1753531921086,12:12:01.086,BAN/USDT:USDT,0.06228,21.0,0.06227,54.0,0.06234,23.0,0.06235,21.0
1753531922985,12:12:02.985,BAN/USDT:USDT,0.06228,21.0,0.06227,54.0,0.06234,23.0,0.06237,21.0
1753531923834,12:12:03.834,BAN/USDT:USDT,0.06228,21.0,0.06227,54.0,0.06233,21.0,0.06234,23.0
1753531923857,12:12:03.857,BAN/USDT:USDT,0.06228,21.0,0.06227,54.0,0.06232,2.0,0.06233,21.0
1753531924348,12:12:04.348,BAN/USDT:USDT,0.06228,21.0,0.06227,54.0,0.06232,2.0,0.06233,21.0
1753531924765,12:12:04.765,BAN/USDT:USDT,0.06228,21.0,0.06227,54.0,0.06232,2.0,0.06233,21.0
1753531925115,12:12:05.115,BAN/USDT:USDT,0.06228,21.0,0.06227,54.0,0.06232,2.0,0.06234,21.0
1753531925162,12:12:05.162,BAN/USDT:USDT,0.06228,21.0,0.06227,54.0,0.06233,2.0,0.06234,21.0
1753531925590,12:12:05.590,BAN/USDT:USDT,0.06228,21.0,0.06227,54.0,0.06233,2.0,0.06234,21.0
1753531926034,12:12:06.034,BAN/USDT:USDT,0.06228,21.0,0.06227,54.0,0.06233,2.0,0.06234,21.0
1753531926338,12:12:06.338,BAN/USDT:USDT,0.06228,21.0,0.06227,54.0,0.06233,2.0,0.06234,21.0
1753531926449,12:12:06.449,BAN/USDT:USDT,0.06228,21.0,0.06227,54.0,0.06233,24.0,0.06234,21.0
1753531926631,12:12:06.631,BAN/USDT:USDT,0.06228,21.0,0.06227,54.0,0.06233,2.0,0.06234,21.0
1753531926911,12:12:06.911,BAN/USDT:USDT,0.06228,21.0,0.06227,54.0,0.06233,2.0,0.06234,21.0
1753531927154,12:12:07.154,BAN/USDT:USDT,0.06228,21.0,0.06227,54.0,0.06233,2.0,0.06234,21.0
1753531927262,12:12:07.262,BAN/USDT:USDT,0.06228,21.0,0.06227,86.0,0.06233,2.0,0.06237,21.0
1753531927373,12:12:07.373,BAN/USDT:USDT,0.06228,21.0,0.06227,86.0,0.06235,22.0,0.06236,2.0
1753531927474,12:12:07.474,BAN/USDT:USDT,0.06228,21.0,0.06227,54.0,0.06234,2.0,0.06235,22.0
1753531927614,12:12:07.614,BAN/USDT:USDT,0.06229,22.0,0.06228,101.0,0.06234,2.0,0.06237,21.0
1753531927658,12:12:07.658,BAN/USDT:USDT,0.06229,22.0,0.06228,101.0,0.06236,2.0,0.06237,21.0
1753531927878,12:12:07.878,BAN/USDT:USDT,0.0623,22.0,0.06229,107.0,0.06236,2.0,0.06237,21.0
1753531928047,12:12:08.047,BAN/USDT:USDT,0.06229,107.0,0.06228,21.0,0.06236,2.0,0.06237,21.0
1753531928050,12:12:08.050,BAN/USDT:USDT,0.0623,22.0,0.06229,107.0,0.06236,2.0,0.06237,21.0
1753531928215,12:12:08.215,BAN/USDT:USDT,0.06228,21.0,0.06227,86.0,0.06236,2.0,0.06237,21.0
1753531928267,12:12:08.267,BAN/USDT:USDT,0.06228,21.0,0.06227,54.0,0.06236,2.0,0.06237,21.0
1753531928440,12:12:08.440,BAN/USDT:USDT,0.06228,106.0,0.06227,54.0,0.06236,2.0,0.06237,21.0
1753531928458,12:12:08.458,BAN/USDT:USDT,0.06229,22.0,0.06228,106.0,0.06236,2.0,0.06237,21.0
1753531928569,12:12:08.569,BAN/USDT:USDT,0.06229,22.0,0.06228,106.0,0.06236,2.0,0.06237,21.0
1753531929410,12:12:09.410,BAN/USDT:USDT,0.06229,22.0,0.06228,138.0,0.06236,2.0,0.06239,22.0
1753531929480,12:12:09.480,BAN/USDT:USDT,0.06229,22.0,0.06228,106.0,0.06237,22.0,0.06238,2.0
1753531929606,12:12:09.606,BAN/USDT:USDT,0.0623,22.0,0.06229,22.0,0.06236,2.0,0.06237,22.0
1753531929747,12:12:09.747,BAN/USDT:USDT,0.06229,22.0,0.06228,53.0,0.06236,2.0,0.06237,22.0
1753531929774,12:12:09.774,BAN/USDT:USDT,0.06228,21.0,0.06227,86.0,0.06236,2.0,0.06237,22.0
1753531929904,12:12:09.904,BAN/USDT:USDT,0.06228,21.0,0.06227,54.0,0.06236,2.0,0.06237,22.0
1753531930051,12:12:10.051,BAN/USDT:USDT,0.06228,21.0,0.06227,54.0,0.06236,24.0,0.06237,22.0
1753531930052,12:12:10.052,BAN/USDT:USDT,0.06228,21.0,0.06227,54.0,0.06236,2.0,0.06237,22.0
1753531930218,12:12:10.218,BAN/USDT:USDT,0.06228,21.0,0.06227,54.0,0.06236,2.0,0.06237,22.0
1753531930414,12:12:10.414,BAN/USDT:USDT,0.06229,22.0,0.06228,106.0,0.06235,22.0,0.06236,2.0
1753531930505,12:12:10.505,BAN/USDT:USDT,0.06229,22.0,0.06228,21.0,0.06234,1.0,0.06235,22.0
1753531930614,12:12:10.614,BAN/USDT:USDT,0.06228,21.0,0.06227,54.0,0.06234,23.0,0.06235,22.0
1753531930675,12:12:10.675,BAN/USDT:USDT,0.06228,21.0,0.06227,54.0,0.06234,23.0,0.06235,22.0
1753531930769,12:12:10.769,BAN/USDT:USDT,0.06228,21.0,0.06227,54.0,0.06234,1.0,0.06235,22.0
1753531930878,12:12:10.878,BAN/USDT:USDT,0.06228,21.0,0.06227,54.0,0.06234,1.0,0.06235,22.0
1753531931119,12:12:11.119,BAN/USDT:USDT,0.06228,21.0,0.06227,54.0,0.06234,1.0,0.06235,22.0
1753531931366,12:12:11.366,BAN/USDT:USDT,0.06228,21.0,0.06227,54.0,0.06234,1.0,0.06235,22.0
1753531931522,12:12:11.522,BAN/USDT:USDT,0.06228,21.0,0.06227,54.0,0.06234,2.0,0.06235,22.0
1753531931610,12:12:11.610,BAN/USDT:USDT,0.06228,21.0,0.06227,86.0,0.06234,2.0,0.06237,22.0
1753531931673,12:12:11.673,BAN/USDT:USDT,0.06228,21.0,0.06227,86.0,0.06235,22.0,0.06236,2.0
1753531931781,12:12:11.781,BAN/USDT:USDT,0.06228,21.0,0.06227,54.0,0.06234,2.0,0.06235,22.0
1753531931948,12:12:11.948,BAN/USDT:USDT,0.06228,21.0,0.06227,54.0,0.06234,2.0,0.06235,22.0
1753531932103,12:12:12.103,BAN/USDT:USDT,0.06228,21.0,0.06227,54.0,0.06234,24.0,0.06235,22.0
1753531933395,12:12:13.395,BAN/USDT:USDT,0.06228,21.0,0.06227,54.0,0.06234,24.0,0.06235,22.0
1753531933739,12:12:13.739,BAN/USDT:USDT,0.06228,21.0,0.06227,54.0,0.06234,24.0,0.06237,22.0
1753531934997,12:12:14.997,BAN/USDT:USDT,0.06229,22.0,0.06228,243.0,0.06234,2.0,0.06237,22.0
1753531935073,12:12:15.073,BAN/USDT:USDT,0.06229,22.0,0.06228,243.0,0.06236,24.0,0.06237,22.0
1753531935298,12:12:15.298,BAN/USDT:USDT,0.06229,22.0,0.06228,243.0,0.06236,24.0,0.06237,22.0
1753531935880,12:12:15.880,BAN/USDT:USDT,0.06229,22.0,0.06228,243.0,0.06236,24.0,0.06239,22.0
1753531937472,12:12:17.472,BAN/USDT:USDT,0.06229,22.0,0.06228,243.0,0.06236,24.0,0.06239,22.0
1753531938023,12:12:18.023,BAN/USDT:USDT,0.06229,22.0,0.06228,243.0,0.06236,24.0,0.06243,21.0
1753531938114,12:12:18.114,BAN/USDT:USDT,0.06228,21.0,0.06227,86.0,0.06236,24.0,0.06243,21.0
1753531938528,12:12:18.528,BAN/USDT:USDT,0.06228,21.0,0.06227,54.0,0.06236,24.0,0.06243,21.0
1753531939482,12:12:19.482,BAN/USDT:USDT,0.06229,22.0,0.06228,140.0,0.06236,24.0,0.06243,21.0
1753531940200,12:12:20.200,BAN/USDT:USDT,0.06228,21.0,0.06227,54.0,0.06236,24.0,0.06243,21.0
1753531941126,12:12:21.126,BAN/USDT:USDT,0.06229,22.0,0.06228,140.0,0.06236,24.0,0.06243,21.0
1753531941744,12:12:21.744,BAN/USDT:USDT,0.06229,22.0,0.06228,140.0,0.06236,24.0,0.06243,21.0
1753531942684,12:12:22.684,BAN/USDT:USDT,0.06231,22.0,0.06229,22.0,0.06236,2.0,0.06243,21.0
1753531942795,12:12:22.795,BAN/USDT:USDT,0.06232,22.0,0.06231,54.0,0.06241,22.0,0.06242,2.0
1753531942874,12:12:22.874,BAN/USDT:USDT,0.06232,22.0,0.06231,54.0,0.06239,22.0,0.0624,2.0
1753531942980,12:12:22.980,BAN/USDT:USDT,0.06231,22.0,0.06229,54.0,0.06237,22.0,0.06238,2.0
1753531943075,12:12:23.075,BAN/USDT:USDT,0.06231,22.0,0.06229,54.0,0.06236,2.0,0.06237,22.0
1753531943239,12:12:23.239,BAN/USDT:USDT,0.06231,22.0,0.06229,54.0,0.06236,2.0,0.06237,22.0
1753531943294,12:12:23.294,BAN/USDT:USDT,0.06228,21.0,0.06227,86.0,0.06236,2.0,0.06237,22.0
1753531943421,12:12:23.421,BAN/USDT:USDT,0.06229,22.0,0.06228,141.0,0.06236,2.0,0.06237,22.0
1753531943551,12:12:23.551,BAN/USDT:USDT,0.06229,22.0,0.06228,141.0,0.06236,24.0,0.06237,22.0
1753531943552,12:12:23.552,BAN/USDT:USDT,0.06229,22.0,0.06228,141.0,0.06236,2.0,0.06237,22.0
1753531943702,12:12:23.702,BAN/USDT:USDT,0.06229,22.0,0.06228,141.0,0.06236,2.0,0.06237,22.0
1753531943781,12:12:23.781,BAN/USDT:USDT,0.06229,22.0,0.06228,141.0,0.06236,2.0,0.06237,22.0
1753531943900,12:12:23.900,BAN/USDT:USDT,0.0623,22.0,0.06229,22.0,0.06236,2.0,0.06237,22.0
1753531944047,12:12:24.047,BAN/USDT:USDT,0.06228,21.0,0.06227,86.0,0.06236,2.0,0.06237,22.0
1753531944125,12:12:24.125,BAN/USDT:USDT,0.06229,238.0,0.06228,21.0,0.06236,2.0,0.06237,22.0
1753531944218,12:12:24.218,BAN/USDT:USDT,0.0623,22.0,0.06228,53.0,0.06236,2.0,0.06237,22.0
1753531944448,12:12:24.448,BAN/USDT:USDT,0.0623,22.0,0.06228,53.0,0.06236,2.0,0.06241,22.0
1753531944480,12:12:24.480,BAN/USDT:USDT,0.06231,22.0,0.0623,22.0,0.06239,22.0,0.0624,2.0
1753531944638,12:12:24.638,BAN/USDT:USDT,0.06232,22.0,0.06231,22.0,0.06238,2.0,0.06239,22.0
1753531944749,12:12:24.749,BAN/USDT:USDT,0.0623,22.0,0.06229,32.0,0.06237,22.0,0.06238,2.0
1753531944759,12:12:24.759,BAN/USDT:USDT,0.06231,85.0,0.0623,22.0,0.06236,2.0,0.06237,22.0
1753531944909,12:12:24.909,BAN/USDT:USDT,0.06232,22.0,0.0623,22.0,0.06236,2.0,0.06237,22.0
1753531945013,12:12:25.013,BAN/USDT:USDT,0.06232,22.0,0.0623,22.0,0.06236,2.0,0.06237,22.0
1753531945074,12:12:25.074,BAN/USDT:USDT,0.06231,22.0,0.0623,192.0,0.06236,2.0,0.06237,22.0
1753531945445,12:12:25.445,BAN/USDT:USDT,0.06231,22.0,0.0623,192.0,0.06236,2.0,0.06237,22.0
1753531945507,12:12:25.507,BAN/USDT:USDT,0.06231,22.0,0.0623,192.0,0.06236,2.0,0.06239,22.0
1753531945575,12:12:25.575,BAN/USDT:USDT,0.06231,22.0,0.0623,192.0,0.06238,2.0,0.06239,22.0
1753531945800,12:12:25.800,BAN/USDT:USDT,0.06231,22.0,0.0623,192.0,0.06238,2.0,0.06239,22.0
1753531945913,12:12:25.913,BAN/USDT:USDT,0.06231,22.0,0.0623,224.0,0.06238,2.0,0.06241,22.0
1753531946031,12:12:26.031,BAN/USDT:USDT,0.06233,22.0,0.06232,635.0,0.0624,2.0,0.06243,21.0
1753531946118,12:12:26.118,BAN/USDT:USDT,0.06233,22.0,0.06231,54.0,0.06242,2.0,0.06243,21.0
1753531946228,12:12:26.228,BAN/USDT:USDT,0.06233,22.0,0.06231,54.0,0.06241,22.0,0.06242,2.0
1753531946338,12:12:26.338,BAN/USDT:USDT,0.06232,21.0,0.06231,102.0,0.06239,22.0,0.0624,2.0
1753531946358,12:12:26.358,BAN/USDT:USDT,0.06232,21.0,0.06231,102.0,0.06238,2.0,0.06239,22.0
1753531946640,12:12:26.640,BAN/USDT:USDT,0.06232,21.0,0.06231,134.0,0.06238,2.0,0.06241,22.0
1753531946713,12:12:26.713,BAN/USDT:USDT,0.06232,21.0,0.06231,102.0,0.06239,21.0,0.0624,2.0
1753531946759,12:12:26.759,BAN/USDT:USDT,0.06232,21.0,0.06231,102.0,0.06238,2.0,0.06239,21.0
1753531947577,12:12:27.577,BAN/USDT:USDT,0.06232,21.0,0.06231,102.0,0.06238,2.0,0.06239,21.0
1753531947714,12:12:27.714,BAN/USDT:USDT,0.06232,21.0,0.06231,102.0,0.06238,2.0,0.06239,21.0
1753531947926,12:12:27.926,BAN/USDT:USDT,0.06232,21.0,0.06231,102.0,0.06237,21.0,0.06238,2.0
1753531947958,12:12:27.958,BAN/USDT:USDT,0.06232,21.0,0.06231,102.0,0.06236,2.0,0.06237,21.0
1753531948349,12:12:28.349,BAN/USDT:USDT,0.06232,21.0,0.06231,102.0,0.06236,2.0,0.06237,21.0
1753531948722,12:12:28.722,BAN/USDT:USDT,0.06232,21.0,0.06231,102.0,0.06236,2.0,0.06239,21.0
1753531948780,12:12:28.780,BAN/USDT:USDT,0.06232,21.0,0.06231,102.0,0.06238,2.0,0.06239,21.0
1753531948936,12:12:28.936,BAN/USDT:USDT,0.06232,101.0,0.06231,102.0,0.06238,2.0,0.06239,21.0
1753531948962,12:12:28.962,BAN/USDT:USDT,0.06233,21.0,0.06232,21.0,0.06238,2.0,0.06239,21.0
1753531949108,12:12:29.108,BAN/USDT:USDT,0.06231,22.0,0.0623,54.0,0.06238,2.0,0.06239,21.0
1753531949240,12:12:29.240,BAN/USDT:USDT,0.06231,21.0,0.0623,102.0,0.06238,2.0,0.06239,21.0
1753531949390,12:12:29.390,BAN/USDT:USDT,0.06231,21.0,0.0623,102.0,0.06238,23.0,0.06239,21.0
1753531949605,12:12:29.605,BAN/USDT:USDT,0.06231,21.0,0.0623,102.0,0.06238,23.0,0.06239,21.0
1753531950573,12:12:30.573,BAN/USDT:USDT,0.06232,21.0,0.06231,101.0,0.06237,21.0,0.06238,23.0
1753531950658,12:12:30.658,BAN/USDT:USDT,0.06232,21.0,0.06231,101.0,0.06236,2.0,0.06237,21.0
1753531950868,12:12:30.868,BAN/USDT:USDT,0.06232,21.0,0.06231,101.0,0.06236,2.0,0.06238,21.0
1753531951032,12:12:31.032,BAN/USDT:USDT,0.06232,21.0,0.06231,101.0,0.06237,2.0,0.06238,21.0
1753531951191,12:12:31.191,BAN/USDT:USDT,0.06232,21.0,0.06231,101.0,0.06237,2.0,0.06238,21.0
1753531951345,12:12:31.345,BAN/USDT:USDT,0.06232,21.0,0.06231,101.0,0.06236,21.0,0.06237,2.0
1753531951420,12:12:31.420,BAN/USDT:USDT,0.06228,21.0,0.06227,54.0,0.06235,2.0,0.06236,21.0
1753531951630,12:12:31.630,BAN/USDT:USDT,0.06228,21.0,0.06227,54.0,0.06235,2.0,0.06236,21.0
1753531952451,12:12:32.451,BAN/USDT:USDT,0.06228,21.0,0.06227,54.0,0.06235,2.0,0.06236,21.0
1753531952938,12:12:32.938,BAN/USDT:USDT,0.06228,21.0,0.06227,54.0,0.06235,23.0,0.06236,21.0
1753531953000,12:12:33.000,BAN/USDT:USDT,0.06228,21.0,0.06227,54.0,0.06235,23.0,0.06238,21.0
1753531953280,12:12:33.280,BAN/USDT:USDT,0.06229,21.0,0.06228,101.0,0.06235,23.0,0.06238,21.0
1753531953669,12:12:33.669,BAN/USDT:USDT,0.06229,21.0,0.06228,101.0,0.06235,23.0,0.06238,21.0
1753531953866,12:12:33.866,BAN/USDT:USDT,0.06229,21.0,0.06228,133.0,0.06235,2.0,0.06238,21.0
1753531953974,12:12:33.974,BAN/USDT:USDT,0.06229,21.0,0.06228,133.0,0.06236,21.0,0.06237,2.0
1753531954062,12:12:34.062,BAN/USDT:USDT,0.06229,21.0,0.06228,101.0,0.06235,2.0,0.06236,21.0
1753531954446,12:12:34.446,BAN/USDT:USDT,0.06229,21.0,0.06228,101.0,0.06235,2.0,0.06236,21.0
1753531955149,12:12:35.149,BAN/USDT:USDT,0.06229,21.0,0.06228,133.0,0.06235,2.0,0.06238,21.0
1753531955193,12:12:35.193,BAN/USDT:USDT,0.06229,21.0,0.06228,101.0,0.06236,21.0,0.06237,2.0
1753531955345,12:12:35.345,BAN/USDT:USDT,0.0623,21.0,0.06229,21.0,0.06235,2.0,0.06236,21.0
1753531955518,12:12:35.518,BAN/USDT:USDT,0.0623,21.0,0.06229,101.0,0.06235,2.0,0.06236,21.0
1753531955709,12:12:35.709,BAN/USDT:USDT,0.0623,21.0,0.06229,101.0,0.06235,2.0,0.06236,21.0
1753531956239,12:12:36.239,BAN/USDT:USDT,0.0623,21.0,0.06229,101.0,0.06235,2.0,0.06236,21.0
1753531956516,12:12:36.516,BAN/USDT:USDT,0.0623,21.0,0.06229,101.0,0.06235,2.0,0.06238,21.0
1753531956570,12:12:36.570,BAN/USDT:USDT,0.0623,21.0,0.06229,101.0,0.06237,2.0,0.06238,21.0
1753531956720,12:12:36.720,BAN/USDT:USDT,0.0623,21.0,0.06229,101.0,0.06237,24.0,0.06238,21.0
1753531956832,12:12:36.832,BAN/USDT:USDT,0.0623,21.0,0.06229,101.0,0.06236,22.0,0.06237,24.0
1753531956859,12:12:36.859,BAN/USDT:USDT,0.0623,21.0,0.06229,101.0,0.06235,2.0,0.06236,22.0
1753531957315,12:12:37.315,BAN/USDT:USDT,0.06231,22.0,0.0623,21.0,0.06235,2.0,0.06237,22.0
1753531957447,12:12:37.447,BAN/USDT:USDT,0.06229,21.0,0.06228,53.0,0.06236,2.0,0.06237,22.0
1753531957479,12:12:37.479,BAN/USDT:USDT,0.0623,22.0,0.06229,21.0,0.06236,2.0,0.06237,22.0
1753531957613,12:12:37.613,BAN/USDT:USDT,0.06231,22.0,0.0623,102.0,0.06236,2.0,0.06237,22.0
1753531957809,12:12:37.809,BAN/USDT:USDT,0.0623,22.0,0.06229,101.0,0.06236,2.0,0.06237,22.0
1753531957913,12:12:37.913,BAN/USDT:USDT,0.0623,22.0,0.06229,101.0,0.06236,2.0,0.06237,22.0
1753531958614,12:12:38.614,BAN/USDT:USDT,0.0623,22.0,0.06229,101.0,0.06235,22.0,0.06236,2.0
1753531958724,12:12:38.724,BAN/USDT:USDT,0.06231,22.0,0.0623,22.0,0.06234,2.0,0.06235,22.0
1753531958831,12:12:38.831,BAN/USDT:USDT,0.06229,21.0,0.06228,21.0,0.06234,2.0,0.06235,22.0
1753531958860,12:12:38.860,BAN/USDT:USDT,0.06228,21.0,0.06227,54.0,0.06234,2.0,0.06235,22.0
1753531959030,12:12:39.030,BAN/USDT:USDT,0.06228,21.0,0.06227,54.0,0.06234,2.0,0.06235,22.0
1753531959134,12:12:39.134,BAN/USDT:USDT,0.06228,21.0,0.06227,54.0,0.06234,2.0,0.06235,22.0
1753531959245,12:12:39.245,BAN/USDT:USDT,0.06228,101.0,0.06227,54.0,0.06234,2.0,0.06235,22.0
1753531959254,12:12:39.254,BAN/USDT:USDT,0.06229,22.0,0.06228,101.0,0.06234,2.0,0.06235,22.0
1753531959448,12:12:39.448,BAN/USDT:USDT,0.06229,102.0,0.06228,101.0,0.06234,2.0,0.06237,22.0
1753531959473,12:12:39.473,BAN/USDT:USDT,0.0623,22.0,0.06229,22.0,0.06235,22.0,0.06236,2.0
1753531959623,12:12:39.623,BAN/USDT:USDT,0.06229,160.0,0.06228,21.0,0.06234,2.0,0.06235,22.0
1753531959794,12:12:39.794,BAN/USDT:USDT,0.0623,22.0,0.06228,21.0,0.06234,24.0,0.06235,22.0
1753531959919,12:12:39.919,BAN/USDT:USDT,0.06228,80.0,0.06227,21.0,0.06234,24.0,0.06235,22.0
1753531960113,12:12:40.113,BAN/USDT:USDT,0.0623,22.0,0.06229,182.0,0.06234,24.0,0.06235,22.0
1753531960164,12:12:40.164,BAN/USDT:USDT,0.0623,22.0,0.06229,22.0,0.06234,24.0,0.06235,22.0
1753531960269,12:12:40.269,BAN/USDT:USDT,0.06227,21.0,0.06226,292.0,0.06234,24.0,0.06235,22.0
1753531960680,12:12:40.680,BAN/USDT:USDT,0.06227,21.0,0.06226,260.0,0.06234,24.0,0.06235,22.0
