timestamp,time,symbol,bid1_price,bid1_volume,bid2_price,bid2_volume,ask1_price,ask1_volume,ask2_price,ask2_volume
1753531555000,12:05:55.000,AI/USDT:USDT,0.13402,380.0,0.13397,32.0,0.13406,25.0,0.13407,2237.0
1753531555412,12:05:55.412,AI/USDT:USDT,0.13402,380.0,0.13397,32.0,0.13406,25.0,0.13407,2237.0
1753531555874,12:05:55.874,AI/USDT:USDT,0.13402,380.0,0.13397,32.0,0.13406,25.0,0.13407,2237.0
1753531556061,12:05:56.061,AI/USDT:USDT,0.13394,94.0,0.13391,148.0,0.13406,57.0,0.13407,2269.0
1753531556220,12:05:56.220,AI/USDT:USDT,0.13394,94.0,0.13391,148.0,0.13406,57.0,0.13407,2269.0
1753531556305,12:05:56.305,AI/USDT:USDT,0.13394,94.0,0.13391,148.0,0.13406,57.0,0.13407,2269.0
1753531556710,12:05:56.710,AI/USDT:USDT,0.13394,94.0,0.13391,148.0,0.13406,57.0,0.13407,2269.0
1753531557034,12:05:57.034,AI/USDT:USDT,0.13402,380.0,0.134,32.0,0.13406,25.0,0.13407,2237.0
1753531557238,12:05:57.238,AI/USDT:USDT,0.13402,380.0,0.134,32.0,0.13406,25.0,0.13407,2237.0
1753531558030,12:05:58.030,AI/USDT:USDT,0.13387,148.0,0.13386,93.0,0.13405,2237.0,0.13406,151.0
1753531558131,12:05:58.131,AI/USDT:USDT,0.13395,412.0,0.13394,412.0,0.13404,57.0,0.13405,2237.0
1753531558213,12:05:58.213,AI/USDT:USDT,0.134,380.0,0.13395,32.0,0.13404,57.0,0.13405,2237.0
1753531558392,12:05:58.392,AI/USDT:USDT,0.134,380.0,0.13395,32.0,0.13404,57.0,0.13405,2237.0
1753531559166,12:05:59.166,AI/USDT:USDT,0.134,380.0,0.13395,32.0,0.13404,57.0,0.13405,2237.0
1753531560410,12:06:00.410,AI/USDT:USDT,0.13396,32.0,0.13395,94.0,0.13404,57.0,0.13405,2237.0
1753531560473,12:06:00.473,AI/USDT:USDT,0.13396,32.0,0.13395,94.0,0.13404,57.0,0.13405,2237.0
1753531561475,12:06:01.475,AI/USDT:USDT,0.13396,32.0,0.13395,94.0,0.13404,57.0,0.13405,2237.0
1753531561699,12:06:01.699,AI/USDT:USDT,0.13396,32.0,0.13395,94.0,0.13404,57.0,0.13405,2237.0
1753531561806,12:06:01.806,AI/USDT:USDT,0.13393,94.0,0.13389,148.0,0.13404,57.0,0.13405,2237.0
1753531562241,12:06:02.241,AI/USDT:USDT,0.13393,126.0,0.13389,148.0,0.13404,57.0,0.13405,2237.0
1753531562415,12:06:02.415,AI/USDT:USDT,0.13393,126.0,0.13389,148.0,0.13404,57.0,0.13405,2237.0
1753531563140,12:06:03.140,AI/USDT:USDT,0.13393,126.0,0.13389,148.0,0.13404,57.0,0.13405,2237.0
1753531563415,12:06:03.415,AI/USDT:USDT,0.13398,380.0,0.13397,380.0,0.13404,57.0,0.13405,2237.0
1753531563476,12:06:03.476,AI/USDT:USDT,0.13399,380.0,0.13396,32.0,0.13404,57.0,0.13405,2237.0
1753531563541,12:06:03.541,AI/USDT:USDT,0.13399,380.0,0.13396,32.0,0.13404,57.0,0.13405,2237.0
1753531563792,12:06:03.792,AI/USDT:USDT,0.13399,380.0,0.13396,32.0,0.13404,57.0,0.13405,2237.0
1753531563938,12:06:03.938,AI/USDT:USDT,0.13399,380.0,0.13396,32.0,0.13404,57.0,0.13405,2237.0
1753531564768,12:06:04.768,AI/USDT:USDT,0.13399,380.0,0.13396,32.0,0.13404,57.0,0.13405,2237.0
1753531565695,12:06:05.695,AI/USDT:USDT,0.13399,380.0,0.13396,32.0,0.13404,57.0,0.13405,2237.0
1753531565819,12:06:05.819,AI/USDT:USDT,0.13399,380.0,0.13396,32.0,0.13404,57.0,0.13405,2237.0
1753531566073,12:06:06.073,AI/USDT:USDT,0.13399,380.0,0.13396,32.0,0.13404,57.0,0.13405,2237.0
1753531566515,12:06:06.515,AI/USDT:USDT,0.13391,94.0,0.13387,148.0,0.13404,2389.0,0.13406,32.0
1753531566638,12:06:06.638,AI/USDT:USDT,0.13391,94.0,0.13387,148.0,0.13404,2389.0,0.13406,32.0
1753531566960,12:06:06.960,AI/USDT:USDT,0.13391,94.0,0.13387,148.0,0.13404,2389.0,0.13406,32.0
1753531567095,12:06:07.095,AI/USDT:USDT,0.13388,94.0,0.13386,241.0,0.13403,94.0,0.13404,2295.0
1753531567173,12:06:07.173,AI/USDT:USDT,0.1339,94.0,0.13388,94.0,0.13402,25.0,0.13403,94.0
1753531568315,12:06:08.315,AI/USDT:USDT,0.13392,412.0,0.13391,32.0,0.13402,25.0,0.13403,94.0
1753531568741,12:06:08.741,AI/USDT:USDT,0.13392,412.0,0.13391,32.0,0.13402,25.0,0.13403,94.0
1753531569115,12:06:09.115,AI/USDT:USDT,0.13392,412.0,0.13391,32.0,0.13402,57.0,0.13403,94.0
1753531569926,12:06:09.926,AI/USDT:USDT,0.13392,412.0,0.13391,32.0,0.13402,57.0,0.13403,94.0
1753531570115,12:06:10.115,AI/USDT:USDT,0.13394,412.0,0.13393,126.0,0.13402,32.0,0.13403,25.0
1753531570134,12:06:10.134,AI/USDT:USDT,0.13394,412.0,0.13393,126.0,0.13403,25.0,0.13404,2270.0
1753531570897,12:06:10.897,AI/USDT:USDT,0.13394,412.0,0.13393,126.0,0.13403,57.0,0.13404,2270.0
1753531571615,12:06:11.615,AI/USDT:USDT,0.13396,380.0,0.13395,380.0,0.13403,57.0,0.13404,2270.0
1753531571717,12:06:11.717,AI/USDT:USDT,0.13401,380.0,0.134,380.0,0.13403,25.0,0.13404,2270.0
1753531571737,12:06:11.737,AI/USDT:USDT,0.13401,380.0,0.13397,32.0,0.13403,18.0,0.13404,2270.0
1753531571904,12:06:11.904,AI/USDT:USDT,0.13401,380.0,0.13397,32.0,0.13403,18.0,0.13404,2270.0
1753531572003,12:06:12.003,AI/USDT:USDT,0.13401,380.0,0.13397,32.0,0.13403,18.0,0.13404,2270.0
1753531572477,12:06:12.477,AI/USDT:USDT,0.13401,380.0,0.13397,32.0,0.13403,18.0,0.13404,2270.0
1753531572599,12:06:12.599,AI/USDT:USDT,0.13401,380.0,0.13398,32.0,0.13403,18.0,0.13404,2238.0
1753531572728,12:06:12.728,AI/USDT:USDT,0.13401,380.0,0.13398,32.0,0.13403,18.0,0.13404,2238.0
1753531572899,12:06:12.899,AI/USDT:USDT,0.13401,380.0,0.13398,32.0,0.13403,18.0,0.13404,2270.0
1753531573531,12:06:13.531,AI/USDT:USDT,0.13401,380.0,0.13398,32.0,0.13403,18.0,0.13404,2270.0
1753531573560,12:06:13.560,AI/USDT:USDT,0.13401,380.0,0.13398,32.0,0.13403,18.0,0.13404,2270.0
1753531573666,12:06:13.666,AI/USDT:USDT,0.13401,380.0,0.13398,32.0,0.13403,18.0,0.13404,2270.0
1753531574613,12:06:14.613,AI/USDT:USDT,0.13401,380.0,0.13398,32.0,0.13403,18.0,0.13404,2270.0
1753531575886,12:06:15.886,AI/USDT:USDT,0.13401,380.0,0.13398,32.0,0.13403,18.0,0.13404,2270.0
1753531576743,12:06:16.743,AI/USDT:USDT,0.13401,380.0,0.13398,32.0,0.13403,18.0,0.13404,2270.0
1753531576849,12:06:16.849,AI/USDT:USDT,0.13401,380.0,0.13398,32.0,0.13403,18.0,0.13404,2270.0
1753531578753,12:06:18.753,AI/USDT:USDT,0.13401,380.0,0.134,32.0,0.13403,18.0,0.13404,2270.0
1753531578892,12:06:18.892,AI/USDT:USDT,0.13401,380.0,0.134,32.0,0.13403,18.0,0.13404,2270.0
1753531579165,12:06:19.165,AI/USDT:USDT,0.13401,380.0,0.134,32.0,0.13403,18.0,0.13404,2270.0
1753531579291,12:06:19.291,AI/USDT:USDT,0.13401,380.0,0.134,32.0,0.13403,18.0,0.13404,2270.0
1753531579705,12:06:19.705,AI/USDT:USDT,0.13401,380.0,0.134,32.0,0.13403,18.0,0.13404,2270.0
1753531580806,12:06:20.806,AI/USDT:USDT,0.13401,380.0,0.134,32.0,0.13403,18.0,0.13404,2270.0
1753531581042,12:06:21.042,AI/USDT:USDT,0.13401,380.0,0.134,32.0,0.13403,18.0,0.13404,2270.0
1753531581855,12:06:21.855,AI/USDT:USDT,0.13393,148.0,0.13378,94.0,0.13403,18.0,0.13404,2302.0
1753531581975,12:06:21.975,AI/USDT:USDT,0.1338,96.0,0.13379,148.0,0.13403,25.0,0.13404,2302.0
1753531582219,12:06:22.219,AI/USDT:USDT,0.13385,624.0,0.13384,380.0,0.13403,25.0,0.13404,2302.0
1753531582330,12:06:22.330,AI/USDT:USDT,0.13392,380.0,0.13391,476.0,0.13403,25.0,0.13404,2302.0
1753531582429,12:06:22.429,AI/USDT:USDT,0.13398,380.0,0.13395,32.0,0.13403,25.0,0.13404,2302.0
1753531582828,12:06:22.828,AI/USDT:USDT,0.13398,380.0,0.13395,32.0,0.13403,25.0,0.13404,2302.0
1753531582932,12:06:22.932,AI/USDT:USDT,0.13398,380.0,0.13395,32.0,0.13403,25.0,0.13404,2302.0
1753531583179,12:06:23.179,AI/USDT:USDT,0.13398,380.0,0.13395,32.0,0.13403,25.0,0.13404,2302.0
1753531583775,12:06:23.775,AI/USDT:USDT,0.13398,380.0,0.13395,32.0,0.13403,25.0,0.13404,2302.0
1753531584759,12:06:24.759,AI/USDT:USDT,0.13398,380.0,0.13395,32.0,0.13403,25.0,0.13404,2302.0
1753531585319,12:06:25.319,AI/USDT:USDT,0.13398,380.0,0.13395,32.0,0.13403,25.0,0.13404,2302.0
1753531585748,12:06:25.748,AI/USDT:USDT,0.13398,380.0,0.13395,32.0,0.13403,25.0,0.13404,2302.0
1753531586775,12:06:26.775,AI/USDT:USDT,0.13398,380.0,0.13395,32.0,0.13403,25.0,0.13404,2302.0
1753531586996,12:06:26.996,AI/USDT:USDT,0.13398,380.0,0.13395,32.0,0.13403,25.0,0.13404,2302.0
1753531587484,12:06:27.484,AI/USDT:USDT,0.13398,380.0,0.13395,32.0,0.13403,25.0,0.13404,2302.0
1753531587728,12:06:27.728,AI/USDT:USDT,0.13398,380.0,0.13395,32.0,0.13403,25.0,0.13404,2302.0
1753531587813,12:06:27.813,AI/USDT:USDT,0.13398,380.0,0.13395,32.0,0.13403,25.0,0.13404,2302.0
1753531589616,12:06:29.616,AI/USDT:USDT,0.13398,380.0,0.13395,32.0,0.13403,25.0,0.13404,2302.0
1753531589817,12:06:29.817,AI/USDT:USDT,0.13398,380.0,0.13395,32.0,0.13403,25.0,0.13404,2302.0
1753531590113,12:06:30.113,AI/USDT:USDT,0.13398,380.0,0.13395,32.0,0.13403,25.0,0.13404,2302.0
1753531590693,12:06:30.693,AI/USDT:USDT,0.13398,380.0,0.13395,32.0,0.13403,25.0,0.13404,2302.0
1753531591040,12:06:31.040,AI/USDT:USDT,0.13398,380.0,0.13395,32.0,0.13403,25.0,0.13404,2302.0
1753531591741,12:06:31.741,AI/USDT:USDT,0.13398,380.0,0.13395,32.0,0.13403,25.0,0.13404,2302.0
1753531593414,12:06:33.414,AI/USDT:USDT,0.1338,93.0,0.13379,148.0,0.13402,93.0,0.13403,25.0
1753531593527,12:06:33.527,AI/USDT:USDT,0.13387,380.0,0.13386,93.0,0.134,93.0,0.13401,2263.0
1753531593612,12:06:33.612,AI/USDT:USDT,0.13387,380.0,0.13386,93.0,0.13399,25.0,0.134,93.0
1753531593693,12:06:33.693,AI/USDT:USDT,0.13387,380.0,0.13386,93.0,0.13399,25.0,0.134,93.0
1753531593814,12:06:33.814,AI/USDT:USDT,0.13387,380.0,0.13386,93.0,0.13399,25.0,0.134,93.0
1753531593914,12:06:33.914,AI/USDT:USDT,0.13387,380.0,0.13386,93.0,0.13399,25.0,0.134,93.0
1753531593937,12:06:33.937,AI/USDT:USDT,0.13387,380.0,0.13386,93.0,0.13399,25.0,0.134,93.0
1753531595744,12:06:35.744,AI/USDT:USDT,0.13386,380.0,0.13385,32.0,0.13396,89.0,0.13397,2239.0
1753531596021,12:06:36.021,AI/USDT:USDT,0.13386,380.0,0.13385,32.0,0.13396,89.0,0.13397,2239.0
1753531596411,12:06:36.411,AI/USDT:USDT,0.13386,380.0,0.13385,32.0,0.13396,89.0,0.13397,2239.0
1753531596436,12:06:36.436,AI/USDT:USDT,0.13386,380.0,0.13385,32.0,0.13396,89.0,0.13397,2239.0
1753531597552,12:06:37.552,AI/USDT:USDT,0.13386,380.0,0.13385,32.0,0.13396,89.0,0.13397,2239.0
1753531597732,12:06:37.732,AI/USDT:USDT,0.13387,412.0,0.13386,380.0,0.13396,89.0,0.13397,2239.0
1753531597831,12:06:37.831,AI/USDT:USDT,0.13393,380.0,0.1339,32.0,0.13396,57.0,0.13397,2239.0
1753531597922,12:06:37.922,AI/USDT:USDT,0.1339,32.0,0.13389,32.0,0.13396,89.0,0.13397,2271.0
1753531598024,12:06:38.024,AI/USDT:USDT,0.1339,32.0,0.13389,32.0,0.13396,89.0,0.13397,2271.0
1753531598501,12:06:38.501,AI/USDT:USDT,0.13392,380.0,0.13388,32.0,0.13396,89.0,0.13397,2271.0
1753531598612,12:06:38.612,AI/USDT:USDT,0.13392,380.0,0.13388,32.0,0.13396,89.0,0.13397,2271.0
1753531598849,12:06:38.849,AI/USDT:USDT,0.13392,380.0,0.13388,32.0,0.13396,89.0,0.13397,2271.0
1753531599097,12:06:39.097,AI/USDT:USDT,0.13392,380.0,0.13388,32.0,0.13396,89.0,0.13397,2271.0
1753531600101,12:06:40.101,AI/USDT:USDT,0.13392,380.0,0.13391,32.0,0.13396,57.0,0.13397,2239.0
1753531600229,12:06:40.229,AI/USDT:USDT,0.13392,380.0,0.13391,32.0,0.13396,25.0,0.13397,2239.0
1753531600718,12:06:40.718,AI/USDT:USDT,0.13392,380.0,0.13391,32.0,0.13396,25.0,0.13397,2239.0
1753531600873,12:06:40.873,AI/USDT:USDT,0.13392,380.0,0.13391,32.0,0.13396,25.0,0.13397,2239.0
1753531601381,12:06:41.381,AI/USDT:USDT,0.13386,93.0,0.13384,241.0,0.13405,2237.0,0.13406,67.0
1753531601501,12:06:41.501,AI/USDT:USDT,0.1339,96.0,0.13388,64.0,0.13404,3.0,0.13405,2237.0
1753531601713,12:06:41.713,AI/USDT:USDT,0.1339,96.0,0.13388,64.0,0.13404,3.0,0.13405,2237.0
1753531602486,12:06:42.486,AI/USDT:USDT,0.1339,96.0,0.13388,64.0,0.13404,99.0,0.13405,2237.0
1753531602922,12:06:42.922,AI/USDT:USDT,0.1339,96.0,0.13388,64.0,0.13404,99.0,0.13405,2237.0
1753531603921,12:06:43.921,AI/USDT:USDT,0.13391,380.0,0.13388,64.0,0.13403,96.0,0.13404,3.0
1753531603995,12:06:43.995,AI/USDT:USDT,0.13395,380.0,0.13388,64.0,0.13403,96.0,0.13404,3.0
1753531604126,12:06:44.126,AI/USDT:USDT,0.13388,64.0,0.13386,241.0,0.13403,96.0,0.13404,3.0
1753531604142,12:06:44.142,AI/USDT:USDT,0.13388,64.0,0.13386,93.0,0.13403,96.0,0.13404,3.0
1753531604421,12:06:44.421,AI/USDT:USDT,0.1339,380.0,0.13389,380.0,0.13402,2238.0,0.13403,96.0
1753531604500,12:06:44.500,AI/USDT:USDT,0.13394,380.0,0.13388,64.0,0.134,96.0,0.13401,67.0
1753531604606,12:06:44.606,AI/USDT:USDT,0.13394,380.0,0.13388,64.0,0.134,96.0,0.13401,67.0
1753531605780,12:06:45.780,AI/USDT:USDT,0.13394,380.0,0.13388,64.0,0.134,96.0,0.13401,67.0
1753531606207,12:06:46.207,AI/USDT:USDT,0.13394,380.0,0.13388,64.0,0.134,96.0,0.13401,67.0
1753531606403,12:06:46.403,AI/USDT:USDT,0.13394,380.0,0.13388,64.0,0.134,96.0,0.13401,67.0
1753531606439,12:06:46.439,AI/USDT:USDT,0.13394,380.0,0.13388,64.0,0.134,96.0,0.13401,67.0
1753531608622,12:06:48.622,AI/USDT:USDT,0.13397,160.0,0.13393,32.0,0.13401,163.0,0.13402,2302.0
1753531608665,12:06:48.665,AI/USDT:USDT,0.13386,93.0,0.13369,148.0,0.134,96.0,0.13401,67.0
1753531608855,12:06:48.855,AI/USDT:USDT,0.13386,93.0,0.13369,148.0,0.134,96.0,0.13401,67.0
1753531609095,12:06:49.095,AI/USDT:USDT,0.13386,93.0,0.13369,148.0,0.134,96.0,0.13401,67.0
1753531609210,12:06:49.210,AI/USDT:USDT,0.13386,93.0,0.13369,148.0,0.134,96.0,0.13401,67.0
1753531609594,12:06:49.594,AI/USDT:USDT,0.13386,93.0,0.13369,148.0,0.134,96.0,0.13401,67.0
1753531609922,12:06:49.922,AI/USDT:USDT,0.13386,93.0,0.13369,148.0,0.134,96.0,0.13401,67.0
1753531610228,12:06:50.228,AI/USDT:USDT,0.13386,93.0,0.13369,148.0,0.134,96.0,0.13401,67.0
1753531610314,12:06:50.314,AI/USDT:USDT,0.1339,380.0,0.13389,505.0,0.13401,67.0,0.13402,2302.0
1753531610465,12:06:50.465,AI/USDT:USDT,0.13392,32.0,0.13391,32.0,0.13401,35.0,0.13402,2270.0
1753531610602,12:06:50.602,AI/USDT:USDT,0.13392,32.0,0.13391,64.0,0.13401,67.0,0.13402,2302.0
1753531611018,12:06:51.018,AI/USDT:USDT,0.13386,93.0,0.13369,148.0,0.13401,67.0,0.13402,2302.0
1753531611036,12:06:51.036,AI/USDT:USDT,0.13386,93.0,0.13369,148.0,0.13401,67.0,0.13402,2302.0
1753531612691,12:06:52.691,AI/USDT:USDT,0.13386,93.0,0.13369,148.0,0.13401,67.0,0.13402,2302.0
1753531612793,12:06:52.793,AI/USDT:USDT,0.13386,93.0,0.13369,148.0,0.13401,67.0,0.13402,2302.0
1753531613422,12:06:53.422,AI/USDT:USDT,0.13373,148.0,0.13372,2243.0,0.13401,160.0,0.13402,2302.0
1753531613455,12:06:53.455,AI/USDT:USDT,0.13373,2507.0,0.13371,93.0,0.13401,160.0,0.13402,2302.0
1753531613616,12:06:53.616,AI/USDT:USDT,0.13373,2507.0,0.13371,93.0,0.134,93.0,0.13401,67.0
1753531613664,12:06:53.664,AI/USDT:USDT,0.13373,2512.0,0.13371,93.0,0.134,93.0,0.13401,67.0
1753531613816,12:06:53.816,AI/USDT:USDT,0.13373,2512.0,0.13371,93.0,0.134,93.0,0.13401,67.0
1753531614040,12:06:54.040,AI/USDT:USDT,0.13373,2512.0,0.13371,93.0,0.134,93.0,0.13401,67.0
1753531614538,12:06:54.538,AI/USDT:USDT,0.13373,2512.0,0.13371,93.0,0.134,93.0,0.13401,67.0
1753531614860,12:06:54.860,AI/USDT:USDT,0.13373,2512.0,0.13371,93.0,0.134,93.0,0.13401,67.0
1753531615280,12:06:55.280,AI/USDT:USDT,0.13373,2512.0,0.13369,93.0,0.134,93.0,0.13401,67.0
1753531615454,12:06:55.454,AI/USDT:USDT,0.13375,116.0,0.13374,4486.0,0.134,93.0,0.13401,67.0
1753531615554,12:06:55.554,AI/USDT:USDT,0.13376,241.0,0.13375,23.0,0.134,93.0,0.13401,67.0
1753531615676,12:06:55.676,AI/USDT:USDT,0.13376,241.0,0.13375,28.0,0.134,93.0,0.13401,67.0
1753531615736,12:06:55.736,AI/USDT:USDT,0.13376,241.0,0.13375,23.0,0.134,93.0,0.13401,67.0
1753531615834,12:06:55.834,AI/USDT:USDT,0.13376,246.0,0.13375,23.0,0.134,93.0,0.13401,67.0
1753531617418,12:06:57.418,AI/USDT:USDT,0.13376,246.0,0.13375,23.0,0.134,93.0,0.13401,67.0
1753531617700,12:06:57.700,AI/USDT:USDT,0.13376,246.0,0.13375,23.0,0.134,93.0,0.13401,67.0
1753531619578,12:06:59.578,AI/USDT:USDT,0.13376,246.0,0.13375,23.0,0.134,93.0,0.13401,67.0
1753531621438,12:07:01.438,AI/USDT:USDT,0.13379,96.0,0.13378,148.0,0.13404,96.0,0.13405,2240.0
1753531621712,12:07:01.712,AI/USDT:USDT,0.13379,96.0,0.13378,148.0,0.13404,96.0,0.13405,2240.0
1753531621776,12:07:01.776,AI/USDT:USDT,0.13379,96.0,0.13378,148.0,0.13404,96.0,0.13405,2240.0
1753531623161,12:07:03.161,AI/USDT:USDT,0.13379,96.0,0.13378,148.0,0.13404,96.0,0.13405,2240.0
1753531623264,12:07:03.264,AI/USDT:USDT,0.13379,96.0,0.13378,148.0,0.13404,96.0,0.13405,2240.0
1753531623837,12:07:03.837,AI/USDT:USDT,0.13379,96.0,0.13378,148.0,0.13404,96.0,0.13405,2240.0
1753531625020,12:07:05.020,AI/USDT:USDT,0.13379,244.0,0.13356,93.0,0.13401,96.0,0.13402,2238.0
1753531625060,12:07:05.060,AI/USDT:USDT,0.13379,128.0,0.13357,148.0,0.134,96.0,0.13401,34.0
1753531625404,12:07:05.404,AI/USDT:USDT,0.13379,128.0,0.13357,148.0,0.134,96.0,0.13401,34.0
1753531626081,12:07:06.081,AI/USDT:USDT,0.13379,96.0,0.13357,148.0,0.134,96.0,0.13401,34.0
1753531626220,12:07:06.220,AI/USDT:USDT,0.13379,96.0,0.13357,148.0,0.134,96.0,0.13401,34.0
1753531626515,12:07:06.515,AI/USDT:USDT,0.13379,128.0,0.1336,2856.0,0.134,96.0,0.13401,34.0
1753531626615,12:07:06.615,AI/USDT:USDT,0.13379,128.0,0.13362,148.0,0.134,96.0,0.13401,34.0
1753531626816,12:07:06.816,AI/USDT:USDT,0.13379,128.0,0.13363,389.0,0.134,96.0,0.13401,34.0
1753531628102,12:07:08.102,AI/USDT:USDT,0.13379,128.0,0.13363,389.0,0.134,96.0,0.13401,34.0
1753531630243,12:07:10.243,AI/USDT:USDT,0.13379,128.0,0.13363,389.0,0.134,96.0,0.13401,34.0
1753531631113,12:07:11.113,AI/USDT:USDT,0.13379,128.0,0.13363,389.0,0.134,96.0,0.13401,34.0
1753531632114,12:07:12.114,AI/USDT:USDT,0.13379,128.0,0.13363,389.0,0.134,96.0,0.13401,34.0
1753531632153,12:07:12.153,AI/USDT:USDT,0.13379,128.0,0.13363,389.0,0.134,96.0,0.13401,34.0
1753531632384,12:07:12.384,AI/USDT:USDT,0.13379,2370.0,0.13363,389.0,0.134,96.0,0.13401,34.0
1753531632482,12:07:12.482,AI/USDT:USDT,0.1338,118.0,0.13379,180.0,0.134,96.0,0.13401,34.0
1753531632538,12:07:12.538,AI/USDT:USDT,0.1338,95.0,0.13379,180.0,0.134,96.0,0.13401,34.0
1753531633431,12:07:13.431,AI/USDT:USDT,0.1338,2485.0,0.13379,32.0,0.13401,34.0,0.13402,2238.0
1753531633455,12:07:13.455,AI/USDT:USDT,0.13381,118.0,0.1338,2390.0,0.13401,34.0,0.13402,2238.0
1753531633568,12:07:13.568,AI/USDT:USDT,0.13381,118.0,0.1338,2390.0,0.13401,34.0,0.13402,2238.0
1753531633872,12:07:13.872,AI/USDT:USDT,0.13381,118.0,0.1338,2390.0,0.13401,34.0,0.13402,2238.0
1753531634516,12:07:14.516,AI/USDT:USDT,0.13381,118.0,0.1338,2390.0,0.13401,34.0,0.13402,2238.0
1753531634892,12:07:14.892,AI/USDT:USDT,0.13381,118.0,0.1338,2390.0,0.134,95.0,0.13401,34.0
1753531634992,12:07:14.992,AI/USDT:USDT,0.13381,118.0,0.1338,148.0,0.134,95.0,0.13401,34.0
1753531635047,12:07:15.047,AI/USDT:USDT,0.13381,95.0,0.1338,148.0,0.134,95.0,0.13401,34.0
1753531635147,12:07:15.147,AI/USDT:USDT,0.13381,95.0,0.1338,148.0,0.134,95.0,0.13401,34.0
1753531636267,12:07:16.267,AI/USDT:USDT,0.13381,95.0,0.1338,148.0,0.134,95.0,0.13401,34.0
1753531636343,12:07:16.343,AI/USDT:USDT,0.13381,95.0,0.1338,148.0,0.134,95.0,0.13401,34.0
1753531636616,12:07:16.616,AI/USDT:USDT,0.13381,95.0,0.1338,148.0,0.134,95.0,0.13401,34.0
1753531636727,12:07:16.727,AI/USDT:USDT,0.13381,95.0,0.1338,148.0,0.134,95.0,0.13401,34.0
1753531636739,12:07:16.739,AI/USDT:USDT,0.13381,95.0,0.1338,148.0,0.134,95.0,0.13401,34.0
1753531637920,12:07:17.920,AI/USDT:USDT,0.13381,95.0,0.1338,148.0,0.134,95.0,0.13401,34.0
1753531638798,12:07:18.798,AI/USDT:USDT,0.13381,95.0,0.1338,148.0,0.134,95.0,0.13401,34.0
1753531640941,12:07:20.941,AI/USDT:USDT,0.13381,95.0,0.1338,148.0,0.134,95.0,0.13401,34.0
1753531641923,12:07:21.923,AI/USDT:USDT,0.13381,95.0,0.1338,148.0,0.134,95.0,0.13401,34.0
1753531643115,12:07:23.115,AI/USDT:USDT,0.13381,95.0,0.1338,148.0,0.134,95.0,0.13401,34.0
1753531643463,12:07:23.463,AI/USDT:USDT,0.13381,95.0,0.13379,127.0,0.134,95.0,0.13401,34.0
1753531643566,12:07:23.566,AI/USDT:USDT,0.13381,95.0,0.13379,127.0,0.134,95.0,0.13401,34.0
1753531643694,12:07:23.694,AI/USDT:USDT,0.13381,95.0,0.13379,275.0,0.134,95.0,0.13401,34.0
1753531644023,12:07:24.023,AI/USDT:USDT,0.13381,95.0,0.13379,275.0,0.134,95.0,0.13401,34.0
1753531644095,12:07:24.095,AI/USDT:USDT,0.13381,95.0,0.13379,275.0,0.134,95.0,0.13401,34.0
1753531644218,12:07:24.218,AI/USDT:USDT,0.13379,180.0,0.13375,95.0,0.13398,95.0,0.13399,2238.0
1753531644310,12:07:24.310,AI/USDT:USDT,0.13375,95.0,0.13365,243.0,0.13394,95.0,0.13395,2239.0
1753531644398,12:07:24.398,AI/USDT:USDT,0.13375,95.0,0.13365,243.0,0.13393,95.0,0.13394,3.0
1753531644777,12:07:24.777,AI/USDT:USDT,0.13375,95.0,0.13365,243.0,0.13393,95.0,0.13394,3.0
1753531645102,12:07:25.102,AI/USDT:USDT,0.13375,159.0,0.13365,243.0,0.13392,127.0,0.13393,31.0
1753531645139,12:07:25.139,AI/USDT:USDT,0.13375,159.0,0.13365,243.0,0.13392,127.0,0.13393,31.0
1753531645255,12:07:25.255,AI/USDT:USDT,0.13375,159.0,0.13365,243.0,0.13392,127.0,0.13393,31.0
1753531645338,12:07:25.338,AI/USDT:USDT,0.13375,159.0,0.13365,243.0,0.13392,127.0,0.13393,31.0
1753531645452,12:07:25.452,AI/USDT:USDT,0.13375,159.0,0.13365,243.0,0.13391,95.0,0.13392,32.0
1753531645607,12:07:25.607,AI/USDT:USDT,0.13375,159.0,0.13365,243.0,0.13391,95.0,0.13392,32.0
1753531645728,12:07:25.728,AI/USDT:USDT,0.13375,159.0,0.13365,243.0,0.13391,95.0,0.13392,32.0
1753531645760,12:07:25.760,AI/USDT:USDT,0.13375,159.0,0.13365,243.0,0.13391,95.0,0.13392,32.0
1753531646074,12:07:26.074,AI/USDT:USDT,0.13375,159.0,0.13365,243.0,0.13391,95.0,0.13392,32.0
1753531646273,12:07:26.273,AI/USDT:USDT,0.13375,159.0,0.13365,243.0,0.13391,95.0,0.13392,32.0
1753531646360,12:07:26.360,AI/USDT:USDT,0.13375,159.0,0.13365,243.0,0.13391,95.0,0.13392,32.0
1753531646434,12:07:26.434,AI/USDT:USDT,0.13375,159.0,0.13365,243.0,0.13391,95.0,0.13392,32.0
1753531647057,12:07:27.057,AI/USDT:USDT,0.13375,159.0,0.13365,243.0,0.13391,95.0,0.13392,32.0
1753531647375,12:07:27.375,AI/USDT:USDT,0.13375,159.0,0.13365,243.0,0.13391,95.0,0.13392,32.0
1753531647457,12:07:27.457,AI/USDT:USDT,0.13375,159.0,0.13365,243.0,0.13391,95.0,0.13392,32.0
1753531647714,12:07:27.714,AI/USDT:USDT,0.13375,159.0,0.13365,243.0,0.13391,95.0,0.13392,32.0
1753531647757,12:07:27.757,AI/USDT:USDT,0.13375,159.0,0.13365,243.0,0.13391,95.0,0.13392,32.0
1753531648046,12:07:28.046,AI/USDT:USDT,0.13375,159.0,0.13365,243.0,0.13391,95.0,0.13392,32.0
1753531648541,12:07:28.541,AI/USDT:USDT,0.13375,159.0,0.13365,243.0,0.13391,95.0,0.13392,32.0
1753531648867,12:07:28.867,AI/USDT:USDT,0.13375,159.0,0.13365,243.0,0.13391,95.0,0.13392,32.0
1753531649143,12:07:29.143,AI/USDT:USDT,0.13375,159.0,0.13365,243.0,0.13391,95.0,0.13392,32.0
1753531649505,12:07:29.505,AI/USDT:USDT,0.13375,159.0,0.13365,243.0,0.13391,95.0,0.13392,32.0
1753531649656,12:07:29.656,AI/USDT:USDT,0.13375,159.0,0.13365,243.0,0.13391,95.0,0.13392,32.0
1753531649753,12:07:29.753,AI/USDT:USDT,0.13375,159.0,0.13365,243.0,0.13389,126.0,0.13391,95.0
1753531650027,12:07:30.027,AI/USDT:USDT,0.13375,159.0,0.13365,243.0,0.13389,126.0,0.13391,95.0
1753531650095,12:07:30.095,AI/USDT:USDT,0.13375,159.0,0.13365,243.0,0.13389,126.0,0.13391,95.0
1753531650155,12:07:30.155,AI/USDT:USDT,0.13375,64.0,0.13371,95.0,0.13388,219.0,0.13389,126.0
1753531650245,12:07:30.245,AI/USDT:USDT,0.13375,64.0,0.13371,95.0,0.13388,32.0,0.13389,126.0
1753531650508,12:07:30.508,AI/USDT:USDT,0.13375,64.0,0.13371,95.0,0.13388,32.0,0.13389,126.0
1753531650816,12:07:30.816,AI/USDT:USDT,0.13375,64.0,0.13371,95.0,0.13388,124.0,0.13389,31.0
1753531650930,12:07:30.930,AI/USDT:USDT,0.13375,32.0,0.13371,95.0,0.13387,92.0,0.13388,32.0
1753531651013,12:07:31.013,AI/USDT:USDT,0.13375,32.0,0.13371,95.0,0.13387,92.0,0.13388,32.0
1753531651055,12:07:31.055,AI/USDT:USDT,0.13375,32.0,0.13371,95.0,0.13387,92.0,0.13388,32.0
1753531651639,12:07:31.639,AI/USDT:USDT,0.13375,32.0,0.13371,95.0,0.13387,92.0,0.13388,32.0
1753531652003,12:07:32.003,AI/USDT:USDT,0.13375,32.0,0.13374,32.0,0.13387,92.0,0.13388,32.0
1753531652152,12:07:32.152,AI/USDT:USDT,0.13375,32.0,0.13374,32.0,0.13387,92.0,0.13388,32.0
1753531653764,12:07:33.764,AI/USDT:USDT,0.13375,32.0,0.13374,32.0,0.13387,92.0,0.13388,32.0
1753531653979,12:07:33.979,AI/USDT:USDT,0.13375,32.0,0.13374,32.0,0.13387,92.0,0.13388,32.0
1753531654040,12:07:34.040,AI/USDT:USDT,0.13375,32.0,0.13374,32.0,0.13387,92.0,0.13388,32.0
1753531654476,12:07:34.476,AI/USDT:USDT,0.13375,32.0,0.13374,32.0,0.13387,92.0,0.13388,32.0
1753531654979,12:07:34.979,AI/USDT:USDT,0.13375,32.0,0.13374,32.0,0.13387,92.0,0.13388,32.0
1753531655324,12:07:35.324,AI/USDT:USDT,0.13375,32.0,0.13374,32.0,0.13387,92.0,0.13388,32.0
1753531655414,12:07:35.414,AI/USDT:USDT,0.13375,32.0,0.13374,32.0,0.13387,92.0,0.13388,32.0
1753531655526,12:07:35.526,AI/USDT:USDT,0.13367,92.0,0.13365,243.0,0.13387,92.0,0.13388,32.0
1753531655602,12:07:35.602,AI/USDT:USDT,0.13367,92.0,0.13365,243.0,0.13387,92.0,0.13388,32.0
1753531655646,12:07:35.646,AI/USDT:USDT,0.13367,92.0,0.13365,243.0,0.13387,92.0,0.13388,32.0
1753531655768,12:07:35.768,AI/USDT:USDT,0.13367,92.0,0.13365,243.0,0.13387,92.0,0.13388,32.0
1753531655903,12:07:35.903,AI/USDT:USDT,0.13367,92.0,0.13365,243.0,0.13387,92.0,0.13388,32.0
1753531656004,12:07:36.004,AI/USDT:USDT,0.13367,92.0,0.13365,243.0,0.13387,92.0,0.13388,32.0
1753531656054,12:07:36.054,AI/USDT:USDT,0.13367,92.0,0.13365,243.0,0.13387,92.0,0.13388,32.0
1753531656490,12:07:36.490,AI/USDT:USDT,0.13367,92.0,0.13365,243.0,0.13387,92.0,0.13388,32.0
1753531656566,12:07:36.566,AI/USDT:USDT,0.13365,243.0,0.13355,92.0,0.13387,92.0,0.13388,32.0
1753531656685,12:07:36.685,AI/USDT:USDT,0.13365,243.0,0.13355,92.0,0.13387,92.0,0.13388,32.0
1753531656755,12:07:36.755,AI/USDT:USDT,0.13365,243.0,0.13355,92.0,0.13387,92.0,0.13388,32.0
1753531656846,12:07:36.846,AI/USDT:USDT,0.13365,243.0,0.13355,92.0,0.13387,92.0,0.13388,32.0
1753531656949,12:07:36.949,AI/USDT:USDT,0.13365,243.0,0.13355,92.0,0.13387,92.0,0.13388,32.0
1753531657470,12:07:37.470,AI/USDT:USDT,0.13365,243.0,0.13355,92.0,0.13387,92.0,0.13388,32.0
1753531657544,12:07:37.544,AI/USDT:USDT,0.13365,243.0,0.13355,92.0,0.13387,92.0,0.13388,32.0
1753531658020,12:07:38.020,AI/USDT:USDT,0.13365,243.0,0.13355,92.0,0.13387,92.0,0.13388,32.0
1753531658283,12:07:38.283,AI/USDT:USDT,0.13365,243.0,0.13355,92.0,0.13387,92.0,0.13388,32.0
1753531658928,12:07:38.928,AI/USDT:USDT,0.13365,243.0,0.13355,92.0,0.13387,92.0,0.13388,32.0
1753531658939,12:07:38.939,AI/USDT:USDT,0.13365,243.0,0.13355,92.0,0.13387,92.0,0.13388,32.0
1753531659164,12:07:39.164,AI/USDT:USDT,0.13365,2488.0,0.13355,92.0,0.13387,92.0,0.13388,32.0
1753531659262,12:07:39.262,AI/USDT:USDT,0.13366,115.0,0.13365,148.0,0.13387,92.0,0.13388,32.0
1753531659375,12:07:39.375,AI/USDT:USDT,0.13366,92.0,0.13356,148.0,0.13387,92.0,0.13388,32.0
1753531659823,12:07:39.823,AI/USDT:USDT,0.13366,92.0,0.13356,148.0,0.13387,92.0,0.13388,32.0
1753531660148,12:07:40.148,AI/USDT:USDT,0.13366,92.0,0.13356,148.0,0.13387,92.0,0.13388,32.0
1753531660901,12:07:40.901,AI/USDT:USDT,0.13366,92.0,0.13356,148.0,0.13387,92.0,0.13388,32.0
1753531660964,12:07:40.964,AI/USDT:USDT,0.13366,92.0,0.13356,148.0,0.13387,92.0,0.13388,32.0
1753531661074,12:07:41.074,AI/USDT:USDT,0.13366,92.0,0.13356,148.0,0.13387,92.0,0.13388,32.0
1753531661696,12:07:41.696,AI/USDT:USDT,0.13366,92.0,0.13356,148.0,0.13387,92.0,0.13388,32.0
1753531661785,12:07:41.785,AI/USDT:USDT,0.13366,92.0,0.13356,148.0,0.13387,92.0,0.13388,32.0
1753531661846,12:07:41.846,AI/USDT:USDT,0.13366,92.0,0.13356,148.0,0.13387,92.0,0.13388,32.0
1753531662278,12:07:42.278,AI/USDT:USDT,0.13366,92.0,0.13356,148.0,0.13387,92.0,0.13388,32.0
1753531664412,12:07:44.412,AI/USDT:USDT,0.13366,92.0,0.13356,148.0,0.13387,92.0,0.13388,32.0
1753531665090,12:07:45.090,AI/USDT:USDT,0.13366,92.0,0.13356,148.0,0.13387,92.0,0.13388,32.0
1753531666326,12:07:46.326,AI/USDT:USDT,0.13366,92.0,0.13356,148.0,0.13387,92.0,0.13388,32.0
1753531666431,12:07:46.431,AI/USDT:USDT,0.13367,148.0,0.13355,92.0,0.13388,32.0,0.13389,31.0
1753531666442,12:07:46.442,AI/USDT:USDT,0.13367,243.0,0.13355,385.0,0.13388,32.0,0.13389,31.0
1753531666534,12:07:46.534,AI/USDT:USDT,0.13367,243.0,0.13355,385.0,0.13388,32.0,0.13389,31.0
1753531666709,12:07:46.709,AI/USDT:USDT,0.13367,243.0,0.13355,385.0,0.13388,32.0,0.13389,31.0
1753531666855,12:07:46.855,AI/USDT:USDT,0.13367,243.0,0.13355,385.0,0.13388,32.0,0.13389,31.0
1753531667122,12:07:47.122,AI/USDT:USDT,0.13367,243.0,0.13355,385.0,0.13388,32.0,0.13389,31.0
1753531667727,12:07:47.727,AI/USDT:USDT,0.13367,2487.0,0.13355,385.0,0.13388,32.0,0.13389,31.0
1753531667761,12:07:47.761,AI/USDT:USDT,0.13368,118.0,0.13367,148.0,0.13388,32.0,0.13389,31.0
1753531667842,12:07:47.842,AI/USDT:USDT,0.13368,95.0,0.13367,148.0,0.13388,32.0,0.13389,31.0
1753531667937,12:07:47.937,AI/USDT:USDT,0.13368,95.0,0.13367,148.0,0.13388,32.0,0.13389,31.0
1753531668657,12:07:48.657,AI/USDT:USDT,0.13368,95.0,0.13367,148.0,0.13388,32.0,0.13389,31.0
1753531668851,12:07:48.851,AI/USDT:USDT,0.13368,95.0,0.13367,148.0,0.13387,95.0,0.13388,32.0
1753531668957,12:07:48.957,AI/USDT:USDT,0.13368,95.0,0.13367,148.0,0.13387,95.0,0.13388,32.0
1753531669176,12:07:49.176,AI/USDT:USDT,0.13368,95.0,0.13367,148.0,0.13387,95.0,0.13388,32.0
1753531669500,12:07:49.500,AI/USDT:USDT,0.13368,95.0,0.13367,148.0,0.13387,95.0,0.13388,32.0
1753531669540,12:07:49.540,AI/USDT:USDT,0.13368,95.0,0.13367,148.0,0.13387,95.0,0.13388,32.0
1753531669979,12:07:49.979,AI/USDT:USDT,0.13368,95.0,0.13367,148.0,0.13387,95.0,0.13388,32.0
1753531670040,12:07:50.040,AI/USDT:USDT,0.13368,95.0,0.13367,148.0,0.13387,95.0,0.13388,32.0
1753531670785,12:07:50.785,AI/USDT:USDT,0.13368,95.0,0.13367,148.0,0.13387,95.0,0.13388,32.0
1753531671146,12:07:51.146,AI/USDT:USDT,0.13368,2339.0,0.13367,148.0,0.13387,95.0,0.13388,32.0
1753531671255,12:07:51.255,AI/USDT:USDT,0.13369,115.0,0.13368,2244.0,0.13388,32.0,0.13389,31.0
1753531672028,12:07:52.028,AI/USDT:USDT,0.13369,115.0,0.13368,2244.0,0.13388,32.0,0.13389,31.0
1753531672033,12:07:52.033,AI/USDT:USDT,0.13369,263.0,0.13368,2244.0,0.13388,32.0,0.13389,31.0
1753531672934,12:07:52.934,AI/USDT:USDT,0.13369,263.0,0.13368,2244.0,0.13388,32.0,0.13389,31.0
1753531673213,12:07:53.213,AI/USDT:USDT,0.1337,92.0,0.13369,171.0,0.13388,32.0,0.13389,31.0
1753531673247,12:07:53.247,AI/USDT:USDT,0.1337,92.0,0.13369,171.0,0.13388,32.0,0.13389,31.0
1753531674061,12:07:54.061,AI/USDT:USDT,0.1337,92.0,0.13369,171.0,0.13388,32.0,0.13389,31.0
1753531675086,12:07:55.086,AI/USDT:USDT,0.1337,92.0,0.13369,171.0,0.13388,32.0,0.13389,31.0
1753531676090,12:07:56.090,AI/USDT:USDT,0.1337,92.0,0.13369,171.0,0.13388,32.0,0.13389,31.0
1753531676334,12:07:56.334,AI/USDT:USDT,0.1337,92.0,0.13369,171.0,0.13388,32.0,0.13389,31.0
1753531676444,12:07:56.444,AI/USDT:USDT,0.1337,92.0,0.13369,148.0,0.13388,32.0,0.13389,31.0
1753531676925,12:07:56.925,AI/USDT:USDT,0.1337,92.0,0.13367,148.0,0.13388,32.0,0.13389,31.0
1753531677256,12:07:57.256,AI/USDT:USDT,0.1337,92.0,0.13367,148.0,0.13388,32.0,0.13389,31.0
1753531680144,12:08:00.144,AI/USDT:USDT,0.1337,92.0,0.13367,148.0,0.13388,32.0,0.13389,31.0
1753531680600,12:08:00.600,AI/USDT:USDT,0.13371,93.0,0.1337,2336.0,0.13388,32.0,0.13389,31.0
1753531680680,12:08:00.680,AI/USDT:USDT,0.13373,93.0,0.13372,64.0,0.13388,32.0,0.13389,31.0
1753531680744,12:08:00.744,AI/USDT:USDT,0.13373,93.0,0.13372,64.0,0.13388,32.0,0.13389,31.0
1753531681511,12:08:01.511,AI/USDT:USDT,0.13373,93.0,0.13372,64.0,0.13388,32.0,0.13389,31.0
1753531682167,12:08:02.167,AI/USDT:USDT,0.13373,93.0,0.13372,64.0,0.13388,32.0,0.13389,31.0
1753531682280,12:08:02.280,AI/USDT:USDT,0.13373,93.0,0.13372,64.0,0.13388,32.0,0.13389,31.0
1753531682988,12:08:02.988,AI/USDT:USDT,0.13373,93.0,0.13372,64.0,0.13388,32.0,0.13389,31.0
1753531683525,12:08:03.525,AI/USDT:USDT,0.13373,93.0,0.13372,64.0,0.13388,32.0,0.13389,31.0
1753531683544,12:08:03.544,AI/USDT:USDT,0.13373,93.0,0.13372,64.0,0.13388,32.0,0.13389,31.0
1753531683806,12:08:03.806,AI/USDT:USDT,0.13373,93.0,0.13372,64.0,0.13388,32.0,0.13389,31.0
1753531685030,12:08:05.030,AI/USDT:USDT,0.13373,93.0,0.13372,64.0,0.13388,32.0,0.13389,31.0
1753531685759,12:08:05.759,AI/USDT:USDT,0.13373,93.0,0.13372,64.0,0.13388,32.0,0.13389,31.0
1753531685849,12:08:05.849,AI/USDT:USDT,0.13373,93.0,0.13372,64.0,0.13388,32.0,0.13389,31.0
1753531686775,12:08:06.775,AI/USDT:USDT,0.13373,93.0,0.13372,64.0,0.13388,32.0,0.13389,31.0
1753531686911,12:08:06.911,AI/USDT:USDT,0.13373,93.0,0.13372,64.0,0.13388,32.0,0.13389,31.0
1753531687017,12:08:07.017,AI/USDT:USDT,0.13373,93.0,0.13372,64.0,0.13388,32.0,0.13389,31.0
1753531687038,12:08:07.038,AI/USDT:USDT,0.13373,93.0,0.13372,64.0,0.13388,32.0,0.13389,31.0
1753531687212,12:08:07.212,AI/USDT:USDT,0.13374,93.0,0.13372,157.0,0.13388,32.0,0.13389,31.0
1753531687251,12:08:07.251,AI/USDT:USDT,0.13374,93.0,0.13372,157.0,0.13388,32.0,0.13389,31.0
1753531687399,12:08:07.399,AI/USDT:USDT,0.13375,93.0,0.13374,2243.0,0.13388,32.0,0.13394,3.0
1753531687476,12:08:07.476,AI/USDT:USDT,0.13377,93.0,0.13376,64.0,0.13388,32.0,0.13389,32.0
1753531687538,12:08:07.538,AI/USDT:USDT,0.13377,93.0,0.13376,64.0,0.13388,32.0,0.13389,32.0
1753531687887,12:08:07.887,AI/USDT:USDT,0.13377,93.0,0.13376,64.0,0.13388,32.0,0.13389,32.0
1753531689101,12:08:09.101,AI/USDT:USDT,0.13377,93.0,0.13376,64.0,0.13388,32.0,0.13389,32.0
1753531689531,12:08:09.531,AI/USDT:USDT,0.13377,93.0,0.13376,64.0,0.13388,32.0,0.13389,32.0
1753531689532,12:08:09.532,AI/USDT:USDT,0.13377,93.0,0.13376,64.0,0.13388,32.0,0.13389,32.0
1753531689919,12:08:09.919,AI/USDT:USDT,0.13377,93.0,0.13376,64.0,0.13388,32.0,0.13389,32.0
1753531690020,12:08:10.020,AI/USDT:USDT,0.13377,93.0,0.13376,64.0,0.13388,32.0,0.13389,32.0
1753531690041,12:08:10.041,AI/USDT:USDT,0.13377,93.0,0.13376,64.0,0.13388,32.0,0.13389,32.0
1753531691041,12:08:11.041,AI/USDT:USDT,0.13377,93.0,0.13376,64.0,0.13388,32.0,0.13389,32.0
1753531691145,12:08:11.145,AI/USDT:USDT,0.13377,93.0,0.13376,64.0,0.13388,32.0,0.13389,32.0
1753531691567,12:08:11.567,AI/USDT:USDT,0.13377,93.0,0.13376,64.0,0.13388,32.0,0.13389,32.0
1753531692148,12:08:12.148,AI/USDT:USDT,0.13377,93.0,0.13376,64.0,0.13388,32.0,0.13389,32.0
1753531692555,12:08:12.555,AI/USDT:USDT,0.13377,93.0,0.13376,64.0,0.13388,32.0,0.13389,32.0
1753531692803,12:08:12.803,AI/USDT:USDT,0.13377,93.0,0.13376,64.0,0.13388,32.0,0.13389,32.0
1753531693533,12:08:13.533,AI/USDT:USDT,0.13377,93.0,0.13376,64.0,0.13388,32.0,0.13389,32.0
1753531693905,12:08:13.905,AI/USDT:USDT,0.13377,93.0,0.13376,64.0,0.13388,32.0,0.13389,32.0
1753531694826,12:08:14.826,AI/USDT:USDT,0.13377,93.0,0.13376,64.0,0.13388,32.0,0.13389,32.0
1753531695206,12:08:15.206,AI/USDT:USDT,0.13377,93.0,0.13376,64.0,0.13388,32.0,0.13389,32.0
1753531696042,12:08:16.042,AI/USDT:USDT,0.13377,93.0,0.13376,64.0,0.13388,32.0,0.13389,32.0
1753531696436,12:08:16.436,AI/USDT:USDT,0.13377,93.0,0.13376,64.0,0.13388,32.0,0.13389,32.0
1753531696861,12:08:16.861,AI/USDT:USDT,0.13377,93.0,0.13376,64.0,0.13388,32.0,0.13389,32.0
1753531697880,12:08:17.880,AI/USDT:USDT,0.13377,93.0,0.13376,64.0,0.13388,32.0,0.13389,32.0
1753531698088,12:08:18.088,AI/USDT:USDT,0.13377,93.0,0.13376,64.0,0.13388,32.0,0.13389,32.0
1753531700109,12:08:20.109,AI/USDT:USDT,0.13377,93.0,0.13376,64.0,0.13388,32.0,0.13389,32.0
1753531700965,12:08:20.965,AI/USDT:USDT,0.13376,64.0,0.13375,64.0,0.13388,32.0,0.13389,32.0
1753531701467,12:08:21.467,AI/USDT:USDT,0.13377,94.0,0.13376,64.0,0.13388,32.0,0.13389,32.0
1753531701587,12:08:21.587,AI/USDT:USDT,0.13377,94.0,0.13376,64.0,0.13388,32.0,0.13389,32.0
1753531701658,12:08:21.658,AI/USDT:USDT,0.13377,94.0,0.13376,64.0,0.13388,32.0,0.13389,32.0
1753531701817,12:08:21.817,AI/USDT:USDT,0.13377,94.0,0.13376,64.0,0.13388,32.0,0.13389,32.0
1753531701839,12:08:21.839,AI/USDT:USDT,0.13377,94.0,0.13376,64.0,0.13388,32.0,0.13389,32.0
1753531702164,12:08:22.164,AI/USDT:USDT,0.13377,94.0,0.13376,64.0,0.13388,32.0,0.13389,32.0
1753531702874,12:08:22.874,AI/USDT:USDT,0.13377,94.0,0.13376,64.0,0.13388,32.0,0.13389,32.0
1753531702984,12:08:22.984,AI/USDT:USDT,0.13377,94.0,0.13376,64.0,0.13388,32.0,0.13389,32.0
1753531703472,12:08:23.472,AI/USDT:USDT,0.13377,94.0,0.13376,64.0,0.13388,32.0,0.13389,32.0
1753531703539,12:08:23.539,AI/USDT:USDT,0.13377,94.0,0.13376,64.0,0.13388,32.0,0.13389,32.0
1753531704208,12:08:24.208,AI/USDT:USDT,0.13377,94.0,0.13376,64.0,0.13388,32.0,0.13389,32.0
1753531705833,12:08:25.833,AI/USDT:USDT,0.13377,94.0,0.13376,64.0,0.13388,32.0,0.13389,32.0
1753531706988,12:08:26.988,AI/USDT:USDT,0.13377,94.0,0.13376,64.0,0.13388,32.0,0.13389,32.0
1753531707052,12:08:27.052,AI/USDT:USDT,0.13377,94.0,0.13376,64.0,0.13388,32.0,0.13389,32.0
1753531707170,12:08:27.170,AI/USDT:USDT,0.13377,94.0,0.13376,64.0,0.13388,32.0,0.13389,32.0
1753531708195,12:08:28.195,AI/USDT:USDT,0.13377,94.0,0.13376,64.0,0.13388,32.0,0.13389,32.0
1753531709077,12:08:29.077,AI/USDT:USDT,0.13377,94.0,0.13376,64.0,0.13388,32.0,0.13389,32.0
1753531709902,12:08:29.902,AI/USDT:USDT,0.13377,94.0,0.13376,64.0,0.13388,32.0,0.13389,32.0
1753531710117,12:08:30.117,AI/USDT:USDT,0.13378,94.0,0.13376,158.0,0.13388,32.0,0.13389,32.0
1753531710496,12:08:30.496,AI/USDT:USDT,0.13378,94.0,0.13376,158.0,0.13394,3.0,0.13395,2239.0
1753531710618,12:08:30.618,AI/USDT:USDT,0.13376,94.0,0.13367,148.0,0.13394,98.0,0.13395,2239.0
1753531710724,12:08:30.724,AI/USDT:USDT,0.13376,94.0,0.13367,148.0,0.13394,98.0,0.13395,2239.0
1753531710816,12:08:30.816,AI/USDT:USDT,0.13376,94.0,0.13367,148.0,0.13394,98.0,0.13395,2239.0
1753531710987,12:08:30.987,AI/USDT:USDT,0.13376,94.0,0.13367,441.0,0.13394,98.0,0.13395,2239.0
1753531711151,12:08:31.151,AI/USDT:USDT,0.13376,94.0,0.13367,441.0,0.13394,98.0,0.13395,2239.0
1753531711466,12:08:31.466,AI/USDT:USDT,0.13376,94.0,0.13367,441.0,0.13394,98.0,0.13395,2239.0
1753531711825,12:08:31.825,AI/USDT:USDT,0.13376,94.0,0.13367,441.0,0.13394,3.0,0.13395,2239.0
1753531711917,12:08:31.917,AI/USDT:USDT,0.13378,127.0,0.13377,148.0,0.13394,3.0,0.13397,32.0
1753531711949,12:08:31.949,AI/USDT:USDT,0.13379,95.0,0.13378,32.0,0.13397,32.0,0.13398,32.0
1753531712128,12:08:32.128,AI/USDT:USDT,0.13379,95.0,0.13378,32.0,0.13397,32.0,0.13398,32.0
1753531712189,12:08:32.189,AI/USDT:USDT,0.13379,95.0,0.13378,32.0,0.13397,32.0,0.13398,32.0
1753531712322,12:08:32.322,AI/USDT:USDT,0.13379,95.0,0.13378,32.0,0.13397,32.0,0.13398,32.0
1753531712440,12:08:32.440,AI/USDT:USDT,0.13379,95.0,0.13378,32.0,0.13397,32.0,0.13398,32.0
1753531712881,12:08:32.881,AI/USDT:USDT,0.13379,95.0,0.13378,32.0,0.13397,32.0,0.13398,32.0
1753531713031,12:08:33.031,AI/USDT:USDT,0.1338,95.0,0.13379,374.0,0.13397,32.0,0.13398,32.0
1753531713199,12:08:33.199,AI/USDT:USDT,0.1338,95.0,0.13379,374.0,0.13397,32.0,0.13398,32.0
1753531713310,12:08:33.310,AI/USDT:USDT,0.1338,95.0,0.13379,374.0,0.13397,32.0,0.13398,32.0
1753531713580,12:08:33.580,AI/USDT:USDT,0.1338,95.0,0.13379,374.0,0.13397,32.0,0.13398,32.0
1753531713984,12:08:33.984,AI/USDT:USDT,0.1338,95.0,0.13379,374.0,0.13397,32.0,0.13398,32.0
1753531714104,12:08:34.104,AI/USDT:USDT,0.1338,95.0,0.13379,374.0,0.13397,32.0,0.13398,32.0
1753531714922,12:08:34.922,AI/USDT:USDT,0.1338,95.0,0.13379,374.0,0.13397,32.0,0.13398,32.0
1753531715014,12:08:35.014,AI/USDT:USDT,0.13381,95.0,0.13379,469.0,0.13397,32.0,0.13398,32.0
1753531715124,12:08:35.124,AI/USDT:USDT,0.13381,95.0,0.1338,374.0,0.13397,32.0,0.13398,32.0
1753531715220,12:08:35.220,AI/USDT:USDT,0.13379,95.0,0.13378,32.0,0.13397,32.0,0.13398,32.0
1753531715419,12:08:35.419,AI/USDT:USDT,0.13381,95.0,0.1338,2242.0,0.134,95.0,0.13424,250.0
1753531715459,12:08:35.459,AI/USDT:USDT,0.13382,95.0,0.13381,118.0,0.134,95.0,0.13424,250.0
1753531715606,12:08:35.606,AI/USDT:USDT,0.13382,95.0,0.13381,23.0,0.134,95.0,0.13424,250.0
1753531715710,12:08:35.710,AI/USDT:USDT,0.13382,95.0,0.13381,23.0,0.134,95.0,0.13424,250.0
1753531715742,12:08:35.742,AI/USDT:USDT,0.13382,95.0,0.13381,23.0,0.134,95.0,0.13424,250.0
1753531716157,12:08:36.157,AI/USDT:USDT,0.13382,95.0,0.13381,23.0,0.134,95.0,0.13424,250.0
1753531716277,12:08:36.277,AI/USDT:USDT,0.13382,95.0,0.13381,23.0,0.134,95.0,0.13424,250.0
1753531716575,12:08:36.575,AI/USDT:USDT,0.13382,95.0,0.13381,23.0,0.134,95.0,0.13424,250.0
1753531716654,12:08:36.654,AI/USDT:USDT,0.13382,95.0,0.13381,23.0,0.134,95.0,0.13424,250.0
1753531716923,12:08:36.923,AI/USDT:USDT,0.13381,23.0,0.13379,95.0,0.134,95.0,0.13424,250.0
1753531717004,12:08:37.004,AI/USDT:USDT,0.13379,95.0,0.13367,148.0,0.134,95.0,0.13424,250.0
1753531717050,12:08:37.050,AI/USDT:USDT,0.13379,95.0,0.13367,148.0,0.134,95.0,0.13424,250.0
1753531717168,12:08:37.168,AI/USDT:USDT,0.13379,95.0,0.13367,148.0,0.134,95.0,0.13424,250.0
1753531717275,12:08:37.275,AI/USDT:USDT,0.13379,95.0,0.13367,148.0,0.134,95.0,0.13424,250.0
1753531717830,12:08:37.830,AI/USDT:USDT,0.13379,95.0,0.13367,148.0,0.134,95.0,0.13424,250.0
1753531717914,12:08:37.914,AI/USDT:USDT,0.13379,95.0,0.13367,148.0,0.134,95.0,0.13424,250.0
1753531718088,12:08:38.088,AI/USDT:USDT,0.13379,95.0,0.13367,148.0,0.134,95.0,0.13424,250.0
1753531718231,12:08:38.231,AI/USDT:USDT,0.13379,95.0,0.13367,148.0,0.134,95.0,0.13424,250.0
1753531718318,12:08:38.318,AI/USDT:USDT,0.13379,95.0,0.13367,148.0,0.134,95.0,0.13424,250.0
1753531718405,12:08:38.405,AI/USDT:USDT,0.13379,95.0,0.13367,148.0,0.134,95.0,0.13424,250.0
1753531718581,12:08:38.581,AI/USDT:USDT,0.13379,95.0,0.13367,148.0,0.134,95.0,0.13424,250.0
1753531719026,12:08:39.026,AI/USDT:USDT,0.13369,95.0,0.13368,2244.0,0.134,95.0,0.13424,250.0
1753531719102,12:08:39.102,AI/USDT:USDT,0.13372,95.0,0.13371,148.0,0.13398,95.0,0.13399,8242.0
1753531719158,12:08:39.158,AI/USDT:USDT,0.13372,95.0,0.13371,148.0,0.13397,95.0,0.13398,3.0
1753531719244,12:08:39.244,AI/USDT:USDT,0.13372,95.0,0.13371,148.0,0.13397,95.0,0.13398,3.0
1753531719464,12:08:39.464,AI/USDT:USDT,0.13372,95.0,0.13371,148.0,0.13397,95.0,0.13398,3.0
1753531719604,12:08:39.604,AI/USDT:USDT,0.13372,95.0,0.13371,148.0,0.13397,95.0,0.13398,3.0
1753531719955,12:08:39.955,AI/USDT:USDT,0.13372,95.0,0.13371,148.0,0.13397,95.0,0.13398,3.0
1753531720209,12:08:40.209,AI/USDT:USDT,0.13372,95.0,0.13371,148.0,0.13397,95.0,0.13398,3.0
1753531720372,12:08:40.372,AI/USDT:USDT,0.13372,95.0,0.13371,148.0,0.13397,95.0,0.13398,3.0
1753531721096,12:08:41.096,AI/USDT:USDT,0.13372,95.0,0.13371,148.0,0.13397,95.0,0.13398,3.0
1753531721463,12:08:41.463,AI/USDT:USDT,0.13372,95.0,0.13371,148.0,0.13397,95.0,0.13398,3.0
1753531721922,12:08:41.922,AI/USDT:USDT,0.13372,95.0,0.13371,148.0,0.13397,95.0,0.13398,3.0
1753531721940,12:08:41.940,AI/USDT:USDT,0.13372,95.0,0.13371,148.0,0.13397,95.0,0.13398,3.0
1753531722078,12:08:42.078,AI/USDT:USDT,0.13372,95.0,0.13371,148.0,0.13397,95.0,0.13398,3.0
1753531723131,12:08:43.131,AI/USDT:USDT,0.13372,95.0,0.13371,148.0,0.13397,95.0,0.13398,3.0
1753531723134,12:08:43.134,AI/USDT:USDT,0.13372,95.0,0.13371,148.0,0.13397,95.0,0.13398,3.0
1753531724199,12:08:44.199,AI/USDT:USDT,0.13372,95.0,0.13371,148.0,0.13397,95.0,0.13398,3.0
1753531724400,12:08:44.400,AI/USDT:USDT,0.13372,95.0,0.13371,148.0,0.13397,95.0,0.13398,3.0
1753531724786,12:08:44.786,AI/USDT:USDT,0.13373,92.0,0.13372,2338.0,0.13397,95.0,0.13398,3.0
1753531724860,12:08:44.860,AI/USDT:USDT,0.13375,92.0,0.13374,148.0,0.13397,95.0,0.13398,3.0
1753531724975,12:08:44.975,AI/USDT:USDT,0.13375,92.0,0.13374,148.0,0.13397,95.0,0.13398,3.0
1753531725743,12:08:45.743,AI/USDT:USDT,0.13375,92.0,0.13374,148.0,0.13397,95.0,0.13398,3.0
1753531725842,12:08:45.842,AI/USDT:USDT,0.13375,92.0,0.13374,148.0,0.13397,95.0,0.13399,3.0
1753531726341,12:08:46.341,AI/USDT:USDT,0.13375,92.0,0.13374,148.0,0.13397,95.0,0.13399,3.0
1753531727154,12:08:47.154,AI/USDT:USDT,0.13375,92.0,0.13374,148.0,0.13397,95.0,0.13399,3.0
1753531727973,12:08:47.973,AI/USDT:USDT,0.13375,92.0,0.13374,148.0,0.13397,95.0,0.13399,3.0
1753531728158,12:08:48.158,AI/USDT:USDT,0.13375,92.0,0.13374,148.0,0.13397,95.0,0.13399,3.0
1753531728475,12:08:48.475,AI/USDT:USDT,0.13375,92.0,0.13374,148.0,0.13397,95.0,0.13399,3.0
1753531729132,12:08:49.132,AI/USDT:USDT,0.13375,92.0,0.13374,148.0,0.13397,95.0,0.13399,3.0
1753531729174,12:08:49.174,AI/USDT:USDT,0.13375,92.0,0.13374,148.0,0.13397,95.0,0.13399,3.0
1753531729927,12:08:49.927,AI/USDT:USDT,0.13375,92.0,0.13374,148.0,0.13397,95.0,0.13399,3.0
1753531730029,12:08:50.029,AI/USDT:USDT,0.13375,92.0,0.13374,148.0,0.13397,95.0,0.13399,3.0
1753531730600,12:08:50.600,AI/USDT:USDT,0.13375,92.0,0.13374,148.0,0.13397,95.0,0.13399,3.0
1753531731202,12:08:51.202,AI/USDT:USDT,0.13375,92.0,0.13374,148.0,0.13397,95.0,0.13399,3.0
1753531732018,12:08:52.018,AI/USDT:USDT,0.13375,92.0,0.13374,148.0,0.13397,95.0,0.13399,3.0
1753531732118,12:08:52.118,AI/USDT:USDT,0.13371,148.0,0.1337,95.0,0.13395,94.0,0.13396,2239.0
1753531732230,12:08:52.230,AI/USDT:USDT,0.13372,94.0,0.1337,95.0,0.13388,94.0,0.13389,29.0
1753531732301,12:08:52.301,AI/USDT:USDT,0.1337,95.0,0.13367,148.0,0.13388,94.0,0.13389,29.0
1753531732339,12:08:52.339,AI/USDT:USDT,0.1337,95.0,0.13367,148.0,0.13388,94.0,0.13389,29.0
1753531732448,12:08:52.448,AI/USDT:USDT,0.1337,95.0,0.13367,148.0,0.13388,94.0,0.13389,29.0
1753531732759,12:08:52.759,AI/USDT:USDT,0.1337,95.0,0.13368,148.0,0.13388,94.0,0.13389,29.0
1753531733112,12:08:53.112,AI/USDT:USDT,0.13371,94.0,0.1337,64.0,0.13389,29.0,0.1339,31.0
1753531733169,12:08:53.169,AI/USDT:USDT,0.13371,94.0,0.1337,64.0,0.13389,29.0,0.1339,31.0
1753531733301,12:08:53.301,AI/USDT:USDT,0.13371,94.0,0.1337,212.0,0.13389,29.0,0.1339,31.0
1753531733366,12:08:53.366,AI/USDT:USDT,0.13371,94.0,0.1337,212.0,0.13389,29.0,0.1339,31.0
1753531733466,12:08:53.466,AI/USDT:USDT,0.13371,94.0,0.1337,212.0,0.13389,29.0,0.1339,31.0
1753531733582,12:08:53.582,AI/USDT:USDT,0.13371,94.0,0.1337,212.0,0.13389,29.0,0.1339,31.0
1753531733767,12:08:53.767,AI/USDT:USDT,0.13371,94.0,0.1337,212.0,0.13389,29.0,0.1339,31.0
1753531734134,12:08:54.134,AI/USDT:USDT,0.13371,94.0,0.1337,212.0,0.13389,29.0,0.1339,31.0
1753531734628,12:08:54.628,AI/USDT:USDT,0.13371,94.0,0.1337,64.0,0.13389,123.0,0.1339,31.0
1753531734885,12:08:54.885,AI/USDT:USDT,0.13371,94.0,0.1337,64.0,0.13389,123.0,0.1339,31.0
1753531735208,12:08:55.208,AI/USDT:USDT,0.13371,94.0,0.1337,212.0,0.13388,94.0,0.13389,29.0
1753531735314,12:08:55.314,AI/USDT:USDT,0.13371,94.0,0.1337,64.0,0.13388,94.0,0.13389,29.0
1753531735350,12:08:55.350,AI/USDT:USDT,0.13371,94.0,0.1337,64.0,0.13388,94.0,0.13389,29.0
1753531736165,12:08:56.165,AI/USDT:USDT,0.13371,94.0,0.1337,64.0,0.13388,94.0,0.13389,29.0
1753531736579,12:08:56.579,AI/USDT:USDT,0.13371,94.0,0.1337,64.0,0.13388,94.0,0.13389,29.0
1753531736703,12:08:56.703,AI/USDT:USDT,0.13371,94.0,0.1337,64.0,0.13388,94.0,0.13389,29.0
1753531737030,12:08:57.030,AI/USDT:USDT,0.13371,94.0,0.1337,64.0,0.13388,94.0,0.13389,29.0
1753531739034,12:08:59.034,AI/USDT:USDT,0.13371,94.0,0.1337,64.0,0.13388,94.0,0.13389,29.0
1753531739194,12:08:59.194,AI/USDT:USDT,0.13371,94.0,0.1337,64.0,0.13388,94.0,0.13389,29.0
1753531739595,12:08:59.595,AI/USDT:USDT,0.13371,94.0,0.1337,64.0,0.13388,94.0,0.13389,29.0
1753531740019,12:09:00.019,AI/USDT:USDT,0.13371,94.0,0.1337,64.0,0.13388,94.0,0.13389,29.0
1753531740038,12:09:00.038,AI/USDT:USDT,0.13371,94.0,0.1337,64.0,0.13388,94.0,0.13389,29.0
1753531741307,12:09:01.307,AI/USDT:USDT,0.13371,94.0,0.1337,64.0,0.13388,94.0,0.13389,29.0
1753531742318,12:09:02.318,AI/USDT:USDT,0.13371,94.0,0.1337,64.0,0.13388,94.0,0.13389,29.0
1753531742708,12:09:02.708,AI/USDT:USDT,0.13371,94.0,0.1337,64.0,0.13388,94.0,0.13389,29.0
1753531742816,12:09:02.816,AI/USDT:USDT,0.13371,94.0,0.1337,64.0,0.13388,94.0,0.13389,29.0
1753531742975,12:09:02.975,AI/USDT:USDT,0.13371,94.0,0.1337,64.0,0.13388,94.0,0.13389,29.0
1753531745675,12:09:05.675,AI/USDT:USDT,0.13371,94.0,0.1337,64.0,0.13388,94.0,0.13389,29.0
1753531746578,12:09:06.578,AI/USDT:USDT,0.13371,94.0,0.1337,64.0,0.13388,94.0,0.13389,29.0
1753531746932,12:09:06.932,AI/USDT:USDT,0.13371,94.0,0.1337,64.0,0.13388,94.0,0.13389,29.0
1753531747027,12:09:07.027,AI/USDT:USDT,0.13371,94.0,0.1337,64.0,0.13388,94.0,0.13389,29.0
1753531747038,12:09:07.038,AI/USDT:USDT,0.13371,94.0,0.1337,64.0,0.13388,94.0,0.13389,29.0
1753531747920,12:09:07.920,AI/USDT:USDT,0.13371,94.0,0.1337,64.0,0.13388,94.0,0.13389,29.0
1753531747938,12:09:07.938,AI/USDT:USDT,0.13371,94.0,0.1337,64.0,0.13388,94.0,0.13389,29.0
1753531750024,12:09:10.024,AI/USDT:USDT,0.13371,94.0,0.1337,64.0,0.13388,94.0,0.13389,29.0
1753531750038,12:09:10.038,AI/USDT:USDT,0.13371,94.0,0.1337,64.0,0.13388,94.0,0.13389,29.0
1753531750258,12:09:10.258,AI/USDT:USDT,0.13371,94.0,0.1337,64.0,0.13388,94.0,0.13389,29.0
1753531750899,12:09:10.899,AI/USDT:USDT,0.1337,64.0,0.13357,241.0,0.13388,94.0,0.13389,29.0
1753531751017,12:09:11.017,AI/USDT:USDT,0.1337,64.0,0.13357,241.0,0.13388,94.0,0.13389,29.0
1753531751103,12:09:11.103,AI/USDT:USDT,0.1337,64.0,0.13357,241.0,0.13388,94.0,0.13389,29.0
1753531751139,12:09:11.139,AI/USDT:USDT,0.1337,64.0,0.13357,241.0,0.13388,94.0,0.13389,29.0
1753531751497,12:09:11.497,AI/USDT:USDT,0.1337,64.0,0.13357,241.0,0.13388,94.0,0.13389,29.0
1753531751695,12:09:11.695,AI/USDT:USDT,0.13358,94.0,0.13357,2394.0,0.13387,94.0,0.13388,2240.0
1753531751800,12:09:11.800,AI/USDT:USDT,0.13361,94.0,0.1336,148.0,0.13386,94.0,0.13387,3.0
1753531751922,12:09:11.922,AI/USDT:USDT,0.13361,94.0,0.1336,148.0,0.13386,94.0,0.13387,3.0
1753531751983,12:09:11.983,AI/USDT:USDT,0.13361,94.0,0.1336,148.0,0.13386,94.0,0.13387,3.0
1753531752869,12:09:12.869,AI/USDT:USDT,0.13361,94.0,0.1336,148.0,0.13386,94.0,0.13387,3.0
1753531753423,12:09:13.423,AI/USDT:USDT,0.13361,94.0,0.1336,148.0,0.13386,94.0,0.13387,3.0
1753531754118,12:09:14.118,AI/USDT:USDT,0.13361,94.0,0.1336,148.0,0.13386,94.0,0.13387,3.0
1753531754287,12:09:14.287,AI/USDT:USDT,0.13361,94.0,0.1336,148.0,0.13386,94.0,0.13387,3.0
1753531755124,12:09:15.124,AI/USDT:USDT,0.13361,94.0,0.1336,148.0,0.13386,94.0,0.13387,3.0
1753531755166,12:09:15.166,AI/USDT:USDT,0.13361,94.0,0.1336,148.0,0.13386,94.0,0.13387,3.0
1753531755922,12:09:15.922,AI/USDT:USDT,0.13363,148.0,0.13362,94.0,0.13386,94.0,0.13387,3.0
1753531755989,12:09:15.989,AI/USDT:USDT,0.13364,94.0,0.13363,148.0,0.13386,94.0,0.13387,3.0
1753531756119,12:09:16.119,AI/USDT:USDT,0.13364,94.0,0.13363,148.0,0.13386,94.0,0.13387,3.0
1753531756230,12:09:16.230,AI/USDT:USDT,0.13364,94.0,0.13363,148.0,0.13386,94.0,0.13387,3.0
1753531756245,12:09:16.245,AI/USDT:USDT,0.13364,94.0,0.13363,148.0,0.13386,94.0,0.13387,3.0
1753531756410,12:09:16.410,AI/USDT:USDT,0.13364,94.0,0.13363,148.0,0.13386,94.0,0.13387,3.0
1753531757118,12:09:17.118,AI/USDT:USDT,0.13364,94.0,0.13363,148.0,0.13386,94.0,0.13387,3.0
1753531757232,12:09:17.232,AI/USDT:USDT,0.13364,94.0,0.13363,148.0,0.13386,94.0,0.13387,3.0
1753531758372,12:09:18.372,AI/USDT:USDT,0.13364,94.0,0.13363,148.0,0.13386,94.0,0.13387,3.0
1753531758797,12:09:18.797,AI/USDT:USDT,0.13364,94.0,0.13363,148.0,0.13386,94.0,0.13387,3.0
1753531759254,12:09:19.254,AI/USDT:USDT,0.13364,94.0,0.13363,148.0,0.13386,94.0,0.13387,3.0
1753531759424,12:09:19.424,AI/USDT:USDT,0.13364,94.0,0.13363,148.0,0.13386,94.0,0.13387,3.0
1753531759928,12:09:19.928,AI/USDT:USDT,0.1336,148.0,0.13359,94.0,0.13383,94.0,0.13384,2241.0
1753531760027,12:09:20.027,AI/USDT:USDT,0.13361,94.0,0.1336,148.0,0.13382,94.0,0.13383,2244.0
1753531760078,12:09:20.078,AI/USDT:USDT,0.13361,94.0,0.1336,148.0,0.13382,94.0,0.13383,2244.0
1753531760328,12:09:20.328,AI/USDT:USDT,0.13361,94.0,0.1336,148.0,0.13382,94.0,0.13383,2244.0
1753531760354,12:09:20.354,AI/USDT:USDT,0.13361,94.0,0.1336,148.0,0.13382,94.0,0.13383,2244.0
1753531760506,12:09:20.506,AI/USDT:USDT,0.13361,94.0,0.1336,148.0,0.13382,94.0,0.13383,2244.0
1753531760575,12:09:20.575,AI/USDT:USDT,0.13361,94.0,0.13355,148.0,0.13382,94.0,0.13383,2244.0
1753531760777,12:09:20.777,AI/USDT:USDT,0.13361,94.0,0.13355,148.0,0.13382,94.0,0.13383,2244.0
1753531760906,12:09:20.906,AI/USDT:USDT,0.13361,94.0,0.13355,148.0,0.13382,94.0,0.13383,2244.0
1753531761966,12:09:21.966,AI/USDT:USDT,0.13361,94.0,0.13355,148.0,0.13382,94.0,0.13383,2244.0
1753531762128,12:09:22.128,AI/USDT:USDT,0.13362,95.0,0.13361,2245.0,0.13382,94.0,0.13383,2244.0
1753531762220,12:09:22.220,AI/USDT:USDT,0.13362,118.0,0.13355,148.0,0.13382,94.0,0.13383,2244.0
1753531762317,12:09:22.317,AI/USDT:USDT,0.13363,95.0,0.13355,148.0,0.13382,94.0,0.13383,2244.0
1753531762416,12:09:22.416,AI/USDT:USDT,0.13363,95.0,0.13355,148.0,0.13382,94.0,0.13383,2244.0
1753531762442,12:09:22.442,AI/USDT:USDT,0.13363,95.0,0.13355,148.0,0.13382,94.0,0.13383,2244.0
1753531762621,12:09:22.621,AI/USDT:USDT,0.13364,243.0,0.13363,2340.0,0.13383,3.0,0.13387,94.0
1753531762719,12:09:22.719,AI/USDT:USDT,0.13369,95.0,0.13368,148.0,0.13415,95.0,0.13416,2236.0
1753531762814,12:09:22.814,AI/USDT:USDT,0.13371,95.0,0.1337,148.0,0.13407,95.0,0.13408,2237.0
1753531762921,12:09:22.921,AI/USDT:USDT,0.13372,148.0,0.13371,95.0,0.13399,95.0,0.134,2238.0
1753531763024,12:09:23.024,AI/USDT:USDT,0.13372,148.0,0.13371,95.0,0.13394,2334.0,0.13395,497.0
1753531763082,12:09:23.082,AI/USDT:USDT,0.13371,95.0,0.1337,148.0,0.13391,95.0,0.13392,2240.0
1753531763187,12:09:23.187,AI/USDT:USDT,0.13371,95.0,0.1337,148.0,0.1339,95.0,0.13391,98.0
1753531763305,12:09:23.305,AI/USDT:USDT,0.13371,95.0,0.1337,148.0,0.1339,95.0,0.13391,3.0
1753531763424,12:09:23.424,AI/USDT:USDT,0.13371,95.0,0.1337,148.0,0.1339,95.0,0.13391,3.0
1753531763438,12:09:23.438,AI/USDT:USDT,0.13371,95.0,0.1337,148.0,0.1339,95.0,0.13391,3.0
1753531763597,12:09:23.597,AI/USDT:USDT,0.13371,95.0,0.1337,148.0,0.1339,95.0,0.13391,3.0
1753531763638,12:09:23.638,AI/USDT:USDT,0.13371,95.0,0.1337,148.0,0.1339,95.0,0.13391,3.0
1753531763754,12:09:23.754,AI/USDT:USDT,0.13371,95.0,0.1337,148.0,0.13389,95.0,0.1339,2240.0
1753531763892,12:09:23.892,AI/USDT:USDT,0.13369,159.0,0.13367,243.0,0.13386,95.0,0.13387,28.0
1753531764006,12:09:24.006,AI/USDT:USDT,0.13369,159.0,0.13367,243.0,0.13386,95.0,0.13387,28.0
1753531764285,12:09:24.285,AI/USDT:USDT,0.13369,159.0,0.13367,243.0,0.13386,95.0,0.13387,28.0
1753531764729,12:09:24.729,AI/USDT:USDT,0.13367,148.0,0.13365,95.0,0.13386,95.0,0.13387,28.0
1753531764800,12:09:24.800,AI/USDT:USDT,0.13365,95.0,0.13364,148.0,0.13386,95.0,0.13387,28.0
1753531764928,12:09:24.928,AI/USDT:USDT,0.13365,95.0,0.13364,148.0,0.13386,95.0,0.13387,28.0
1753531765029,12:09:25.029,AI/USDT:USDT,0.13365,95.0,0.13355,148.0,0.13386,95.0,0.13387,28.0
1753531765098,12:09:25.098,AI/USDT:USDT,0.13365,95.0,0.13355,148.0,0.13386,95.0,0.13387,28.0
1753531765167,12:09:25.167,AI/USDT:USDT,0.13365,95.0,0.13355,148.0,0.13386,95.0,0.13387,28.0
1753531765720,12:09:25.720,AI/USDT:USDT,0.13365,95.0,0.13355,148.0,0.13386,95.0,0.13387,28.0
1753531765992,12:09:25.992,AI/USDT:USDT,0.13365,95.0,0.13355,148.0,0.13386,95.0,0.13387,28.0
1753531766050,12:09:26.050,AI/USDT:USDT,0.13365,95.0,0.13355,148.0,0.13386,95.0,0.13387,28.0
1753531766154,12:09:26.154,AI/USDT:USDT,0.13366,95.0,0.13365,32.0,0.13386,95.0,0.13387,28.0
1753531766416,12:09:26.416,AI/USDT:USDT,0.13366,95.0,0.13365,180.0,0.13386,95.0,0.13387,28.0
1753531766498,12:09:26.498,AI/USDT:USDT,0.13366,95.0,0.13365,180.0,0.13386,95.0,0.13387,28.0
1753531766573,12:09:26.573,AI/USDT:USDT,0.13366,95.0,0.13365,180.0,0.13386,95.0,0.13387,28.0
1753531766700,12:09:26.700,AI/USDT:USDT,0.13366,95.0,0.13365,180.0,0.13386,95.0,0.13387,28.0
1753531766913,12:09:26.913,AI/USDT:USDT,0.13366,95.0,0.13365,180.0,0.13386,95.0,0.13387,28.0
1753531767015,12:09:27.015,AI/USDT:USDT,0.13366,127.0,0.13365,180.0,0.13376,1524.0,0.13378,71.0
1753531767054,12:09:27.054,AI/USDT:USDT,0.13366,95.0,0.13365,32.0,0.13375,3.0,0.13376,1524.0
1753531767239,12:09:27.239,AI/USDT:USDT,0.13366,95.0,0.13365,32.0,0.13375,3.0,0.13376,1524.0
1753531767518,12:09:27.518,AI/USDT:USDT,0.13355,148.0,0.13354,92.0,0.13375,3.0,0.13376,1524.0
1753531767592,12:09:27.592,AI/USDT:USDT,0.13358,95.0,0.13357,127.0,0.13375,3.0,0.13376,1524.0
1753531767710,12:09:27.710,AI/USDT:USDT,0.13358,95.0,0.13357,127.0,0.13375,3.0,0.13376,1524.0
1753531767826,12:09:27.826,AI/USDT:USDT,0.13358,95.0,0.13357,32.0,0.13375,3.0,0.13376,1524.0
1753531767906,12:09:27.906,AI/USDT:USDT,0.13358,95.0,0.13357,32.0,0.13374,95.0,0.13375,3.0
1753531767974,12:09:27.974,AI/USDT:USDT,0.13358,95.0,0.13357,32.0,0.13374,95.0,0.13375,3.0
1753531768129,12:09:28.129,AI/USDT:USDT,0.13358,95.0,0.13357,32.0,0.13374,95.0,0.13375,3.0
1753531768450,12:09:28.450,AI/USDT:USDT,0.13358,95.0,0.13357,32.0,0.13374,95.0,0.13375,3.0
1753531768686,12:09:28.686,AI/USDT:USDT,0.13358,95.0,0.13357,32.0,0.13374,95.0,0.13375,3.0
1753531768952,12:09:28.952,AI/USDT:USDT,0.13358,95.0,0.13357,32.0,0.13374,95.0,0.13375,3.0
1753531769064,12:09:29.064,AI/USDT:USDT,0.13358,95.0,0.13357,32.0,0.13374,95.0,0.13375,3.0
1753531769572,12:09:29.572,AI/USDT:USDT,0.13358,95.0,0.13357,32.0,0.13374,95.0,0.13375,3.0
1753531769674,12:09:29.674,AI/USDT:USDT,0.13358,95.0,0.13357,32.0,0.13374,95.0,0.13375,3.0
1753531771184,12:09:31.184,AI/USDT:USDT,0.13358,95.0,0.13357,32.0,0.13374,95.0,0.13375,3.0
1753531771520,12:09:31.520,AI/USDT:USDT,0.13358,95.0,0.13357,32.0,0.13374,95.0,0.13375,3.0
1753531771630,12:09:31.630,AI/USDT:USDT,0.13358,95.0,0.13357,32.0,0.13375,3.0,0.13376,1524.0
1753531771677,12:09:31.677,AI/USDT:USDT,0.13358,95.0,0.13357,32.0,0.13375,3.0,0.13376,1524.0
1753531771776,12:09:31.776,AI/USDT:USDT,0.13358,95.0,0.13357,32.0,0.13375,3.0,0.13376,1524.0
1753531772202,12:09:32.202,AI/USDT:USDT,0.13358,95.0,0.13357,32.0,0.13375,3.0,0.13376,1524.0
1753531772623,12:09:32.623,AI/USDT:USDT,0.13358,95.0,0.13357,32.0,0.13375,3.0,0.13376,1524.0
1753531772642,12:09:32.642,AI/USDT:USDT,0.13358,95.0,0.13357,32.0,0.13375,3.0,0.13376,1524.0
1753531772755,12:09:32.755,AI/USDT:USDT,0.13358,95.0,0.13357,32.0,0.13375,3.0,0.13376,1524.0
1753531772886,12:09:32.886,AI/USDT:USDT,0.13358,95.0,0.13357,32.0,0.13374,94.0,0.13375,3.0
1753531773124,12:09:33.124,AI/USDT:USDT,0.13357,32.0,0.13356,32.0,0.13374,94.0,0.13375,3.0
1753531773220,12:09:33.220,AI/USDT:USDT,0.13351,94.0,0.13345,148.0,0.13374,94.0,0.13375,3.0
1753531773324,12:09:33.324,AI/USDT:USDT,0.13351,94.0,0.13345,148.0,0.13374,94.0,0.13375,3.0
1753531773414,12:09:33.414,AI/USDT:USDT,0.13351,94.0,0.13345,148.0,0.13374,94.0,0.13375,3.0
1753531773526,12:09:33.526,AI/USDT:USDT,0.13351,242.0,0.13344,344.0,0.13374,94.0,0.13375,3.0
1753531773630,12:09:33.630,AI/USDT:USDT,0.13352,94.0,0.13351,148.0,0.13374,94.0,0.13375,3.0
1753531773650,12:09:33.650,AI/USDT:USDT,0.13352,94.0,0.13351,148.0,0.13374,94.0,0.13375,3.0
1753531773923,12:09:33.923,AI/USDT:USDT,0.13352,94.0,0.13351,148.0,0.13374,94.0,0.13375,3.0
1753531774118,12:09:34.118,AI/USDT:USDT,0.13352,94.0,0.13351,148.0,0.13374,94.0,0.13375,3.0
1753531774295,12:09:34.295,AI/USDT:USDT,0.13352,94.0,0.13351,148.0,0.13374,94.0,0.13375,3.0
1753531774727,12:09:34.727,AI/USDT:USDT,0.13353,94.0,0.13351,148.0,0.13375,3.0,0.13376,1524.0
1753531774732,12:09:34.732,AI/USDT:USDT,0.13353,94.0,0.13351,148.0,0.13375,3.0,0.13376,1524.0
1753531774885,12:09:34.885,AI/USDT:USDT,0.13353,94.0,0.13351,148.0,0.13375,3.0,0.13376,1524.0
1753531775218,12:09:35.218,AI/USDT:USDT,0.13353,94.0,0.13351,148.0,0.13375,3.0,0.13376,1524.0
1753531775604,12:09:35.604,AI/USDT:USDT,0.13353,94.0,0.13351,148.0,0.13375,97.0,0.13376,1524.0
1753531775643,12:09:35.643,AI/USDT:USDT,0.13353,94.0,0.13351,148.0,0.13375,97.0,0.13376,1524.0
1753531775958,12:09:35.958,AI/USDT:USDT,0.13353,94.0,0.13351,148.0,0.13375,3.0,0.13376,1524.0
1753531776057,12:09:36.057,AI/USDT:USDT,0.13354,94.0,0.13353,2247.0,0.13375,3.0,0.13376,1524.0
1753531776195,12:09:36.195,AI/USDT:USDT,0.13355,94.0,0.13354,171.0,0.13375,3.0,0.13376,1524.0
1753531776245,12:09:36.245,AI/USDT:USDT,0.13355,94.0,0.13354,148.0,0.13375,3.0,0.13376,1524.0
1753531776523,12:09:36.523,AI/USDT:USDT,0.13356,94.0,0.13355,2246.0,0.13375,3.0,0.13376,1524.0
1753531776631,12:09:36.631,AI/USDT:USDT,0.13358,94.0,0.13357,32.0,0.13375,3.0,0.13376,1524.0
1753531776895,12:09:36.895,AI/USDT:USDT,0.13358,94.0,0.13357,32.0,0.13375,3.0,0.13376,1524.0
1753531777278,12:09:37.278,AI/USDT:USDT,0.13358,94.0,0.13357,32.0,0.13375,3.0,0.13376,1524.0
1753531777608,12:09:37.608,AI/USDT:USDT,0.13358,94.0,0.13357,32.0,0.13388,95.0,0.13389,2240.0
1753531777731,12:09:37.731,AI/USDT:USDT,0.13361,94.0,0.13359,148.0,0.13388,95.0,0.13389,2240.0
1753531777800,12:09:37.800,AI/USDT:USDT,0.13363,94.0,0.13362,148.0,0.13388,95.0,0.13389,2240.0
1753531777838,12:09:37.838,AI/USDT:USDT,0.13363,94.0,0.13362,148.0,0.13388,95.0,0.13389,2240.0
1753531778014,12:09:38.014,AI/USDT:USDT,0.13364,94.0,0.13363,94.0,0.13388,95.0,0.13389,2240.0
1753531778054,12:09:38.054,AI/USDT:USDT,0.13366,94.0,0.13365,148.0,0.13388,95.0,0.13389,2240.0
1753531778188,12:09:38.188,AI/USDT:USDT,0.13366,94.0,0.13365,148.0,0.13388,95.0,0.13389,2240.0
1753531778292,12:09:38.292,AI/USDT:USDT,0.13366,94.0,0.13365,148.0,0.13388,95.0,0.13389,2240.0
1753531778569,12:09:38.569,AI/USDT:USDT,0.13366,94.0,0.13365,148.0,0.13388,95.0,0.13389,2240.0
1753531778673,12:09:38.673,AI/USDT:USDT,0.13366,94.0,0.13365,148.0,0.13388,95.0,0.13389,2240.0
1753531778738,12:09:38.738,AI/USDT:USDT,0.13366,94.0,0.13365,148.0,0.13388,95.0,0.13389,2240.0
1753531778925,12:09:38.925,AI/USDT:USDT,0.13366,94.0,0.13365,148.0,0.13389,2240.0,0.13407,95.0
1753531779018,12:09:39.018,AI/USDT:USDT,0.13367,242.0,0.13366,374.0,0.13389,2240.0,0.13407,95.0
1753531779080,12:09:39.080,AI/USDT:USDT,0.13368,94.0,0.13365,148.0,0.13389,2240.0,0.13407,95.0
1753531779264,12:09:39.264,AI/USDT:USDT,0.13368,94.0,0.13365,148.0,0.13389,2240.0,0.13407,95.0
1753531779586,12:09:39.586,AI/USDT:USDT,0.13368,94.0,0.13365,148.0,0.13389,2240.0,0.13407,95.0
1753531779808,12:09:39.808,AI/USDT:USDT,0.13368,94.0,0.13362,148.0,0.13389,2240.0,0.13409,95.0
1753531780074,12:09:40.074,AI/USDT:USDT,0.13368,94.0,0.13362,148.0,0.13389,2240.0,0.13409,95.0
1753531780285,12:09:40.285,AI/USDT:USDT,0.13368,94.0,0.13362,148.0,0.13389,2240.0,0.13409,95.0
1753531781024,12:09:41.024,AI/USDT:USDT,0.13369,96.0,0.13368,374.0,0.13389,2240.0,0.13409,95.0
1753531781100,12:09:41.100,AI/USDT:USDT,0.13371,96.0,0.1337,148.0,0.13405,96.0,0.13406,2237.0
1753531781217,12:09:41.217,AI/USDT:USDT,0.13374,148.0,0.13373,96.0,0.13399,96.0,0.134,2238.0
1753531781329,12:09:41.329,AI/USDT:USDT,0.13375,244.0,0.13373,96.0,0.13397,96.0,0.13398,2239.0
1753531781354,12:09:41.354,AI/USDT:USDT,0.13376,96.0,0.13375,148.0,0.13397,96.0,0.13398,2239.0
1753531781494,12:09:41.494,AI/USDT:USDT,0.13376,96.0,0.13375,148.0,0.13397,96.0,0.13398,2239.0
1753531781625,12:09:41.625,AI/USDT:USDT,0.13376,96.0,0.13375,148.0,0.13397,96.0,0.13398,2239.0
1753531781802,12:09:41.802,AI/USDT:USDT,0.13376,96.0,0.13375,148.0,0.13397,96.0,0.13398,2239.0
1753531781925,12:09:41.925,AI/USDT:USDT,0.13376,96.0,0.13375,148.0,0.13397,96.0,0.13398,2239.0
1753531782331,12:09:42.331,AI/USDT:USDT,0.13348,94.0,0.13344,94.0,0.13396,2239.0,0.13397,96.0
1753531782426,12:09:42.426,AI/USDT:USDT,0.1335,96.0,0.13344,94.0,0.13387,2336.0,0.13388,156.0
1753531782522,12:09:42.522,AI/USDT:USDT,0.13352,380.0,0.1335,96.0,0.13379,2398.0,0.1338,96.0
1753531782626,12:09:42.626,AI/USDT:USDT,0.13353,380.0,0.1335,96.0,0.13371,252.0,0.13372,2243.0
1753531782714,12:09:42.714,AI/USDT:USDT,0.13353,383.0,0.1335,96.0,0.13365,96.0,0.13366,28.0
1753531782828,12:09:42.828,AI/USDT:USDT,0.13353,380.0,0.1335,96.0,0.13365,96.0,0.13366,207.0
1753531782918,12:09:42.918,AI/USDT:USDT,0.13353,380.0,0.13351,32.0,0.13365,96.0,0.13366,207.0
1753531782935,12:09:42.935,AI/USDT:USDT,0.13353,380.0,0.13351,32.0,0.13365,96.0,0.13366,207.0
1753531783314,12:09:43.314,AI/USDT:USDT,0.13344,94.0,0.13342,95.0,0.13365,96.0,0.13366,207.0
1753531783418,12:09:43.418,AI/USDT:USDT,0.1334,94.0,0.13333,250.0,0.13365,96.0,0.13366,207.0
1753531783519,12:09:43.519,AI/USDT:USDT,0.13344,3.0,0.1334,94.0,0.13365,96.0,0.13366,207.0
1753531783699,12:09:43.699,AI/USDT:USDT,0.1334,94.0,0.13333,250.0,0.13365,96.0,0.13366,207.0
1753531783814,12:09:43.814,AI/USDT:USDT,0.13342,380.0,0.13341,32.0,0.13364,156.0,0.13365,96.0
1753531783914,12:09:43.914,AI/USDT:USDT,0.13345,380.0,0.13342,96.0,0.13364,156.0,0.13365,96.0
1753531783974,12:09:43.974,AI/USDT:USDT,0.13347,380.0,0.13342,96.0,0.13364,156.0,0.13365,96.0
1753531784094,12:09:44.094,AI/USDT:USDT,0.13347,412.0,0.13345,32.0,0.13364,156.0,0.13365,96.0
1753531784153,12:09:44.153,AI/USDT:USDT,0.13349,380.0,0.13347,32.0,0.13364,156.0,0.13366,28.0
1753531784266,12:09:44.266,AI/USDT:USDT,0.13351,380.0,0.1335,380.0,0.13366,28.0,0.13368,156.0
1753531784393,12:09:44.393,AI/USDT:USDT,0.13354,380.0,0.13347,32.0,0.13366,28.0,0.13368,156.0
1753531784567,12:09:44.567,AI/USDT:USDT,0.13354,380.0,0.13347,32.0,0.13366,28.0,0.13368,156.0
1753531784992,12:09:44.992,AI/USDT:USDT,0.13354,380.0,0.13347,32.0,0.13366,28.0,0.13368,156.0
1753531785125,12:09:45.125,AI/USDT:USDT,0.13349,380.0,0.13347,128.0,0.13364,156.0,0.13365,96.0
1753531785139,12:09:45.139,AI/USDT:USDT,0.13349,380.0,0.13347,128.0,0.13364,156.0,0.13365,96.0
1753531785431,12:09:45.431,AI/USDT:USDT,0.13349,380.0,0.13347,128.0,0.13364,156.0,0.13365,96.0
1753531785830,12:09:45.830,AI/USDT:USDT,0.13353,380.0,0.13347,128.0,0.13364,156.0,0.13365,96.0
1753531786189,12:09:46.189,AI/USDT:USDT,0.13353,380.0,0.13347,128.0,0.13364,156.0,0.13365,96.0
1753531786248,12:09:46.248,AI/USDT:USDT,0.13353,380.0,0.13347,128.0,0.13364,156.0,0.13365,96.0
1753531787051,12:09:47.051,AI/USDT:USDT,0.13353,380.0,0.13347,128.0,0.13364,185.0,0.13365,131.0
1753531787228,12:09:47.228,AI/USDT:USDT,0.13353,380.0,0.13347,128.0,0.13364,185.0,0.13365,131.0
1753531787253,12:09:47.253,AI/USDT:USDT,0.13353,380.0,0.13347,128.0,0.13364,185.0,0.13365,131.0
1753531787342,12:09:47.342,AI/USDT:USDT,0.13353,380.0,0.1335,32.0,0.13364,185.0,0.13365,131.0
1753531787466,12:09:47.466,AI/USDT:USDT,0.13353,380.0,0.1335,32.0,0.13364,185.0,0.13365,131.0
1753531787816,12:09:47.816,AI/USDT:USDT,0.13353,380.0,0.1335,32.0,0.13364,185.0,0.13365,35.0
1753531787838,12:09:47.838,AI/USDT:USDT,0.13353,380.0,0.1335,32.0,0.13364,185.0,0.13365,35.0
1753531788060,12:09:48.060,AI/USDT:USDT,0.13353,380.0,0.1335,32.0,0.13364,185.0,0.13365,35.0
1753531788308,12:09:48.308,AI/USDT:USDT,0.13353,380.0,0.13352,32.0,0.13364,185.0,0.13365,35.0
1753531788338,12:09:48.338,AI/USDT:USDT,0.13353,380.0,0.13352,32.0,0.13364,185.0,0.13365,35.0
1753531788814,12:09:48.814,AI/USDT:USDT,0.13359,380.0,0.13355,186.0,0.13368,32.0,0.13377,154.0
1753531789112,12:09:49.112,AI/USDT:USDT,0.13359,380.0,0.13355,186.0,0.13368,32.0,0.13377,154.0
1753531789448,12:09:49.448,AI/USDT:USDT,0.13359,380.0,0.13355,186.0,0.13368,32.0,0.13377,154.0
1753531789533,12:09:49.533,AI/USDT:USDT,0.13359,380.0,0.13355,186.0,0.13368,32.0,0.13377,154.0
1753531790431,12:09:50.431,AI/USDT:USDT,0.13359,380.0,0.13355,186.0,0.13368,32.0,0.13371,32.0
1753531790441,12:09:50.441,AI/USDT:USDT,0.13359,380.0,0.13355,186.0,0.13368,32.0,0.13371,32.0
1753531791173,12:09:51.173,AI/USDT:USDT,0.13359,380.0,0.13357,32.0,0.13368,32.0,0.13371,32.0
1753531791489,12:09:51.489,AI/USDT:USDT,0.13359,380.0,0.13355,32.0,0.13367,277.0,0.13368,68.0
1753531791591,12:09:51.591,AI/USDT:USDT,0.13359,380.0,0.13355,32.0,0.13367,277.0,0.13368,68.0
1753531792015,12:09:52.015,AI/USDT:USDT,0.13359,380.0,0.13355,32.0,0.13367,277.0,0.13368,68.0
1753531792561,12:09:52.561,AI/USDT:USDT,0.13359,380.0,0.13355,32.0,0.13367,277.0,0.13368,68.0
1753531792638,12:09:52.638,AI/USDT:USDT,0.13359,380.0,0.13355,32.0,0.13367,277.0,0.13368,68.0
1753531793397,12:09:53.397,AI/USDT:USDT,0.13359,380.0,0.13355,32.0,0.13367,277.0,0.13368,68.0
1753531793445,12:09:53.445,AI/USDT:USDT,0.13359,380.0,0.13355,32.0,0.13367,277.0,0.13368,68.0
1753531793564,12:09:53.564,AI/USDT:USDT,0.13359,380.0,0.13355,32.0,0.13367,277.0,0.13368,68.0
1753531794117,12:09:54.117,AI/USDT:USDT,0.13359,380.0,0.13355,32.0,0.13367,182.0,0.13368,68.0
1753531794614,12:09:54.614,AI/USDT:USDT,0.13359,380.0,0.13355,32.0,0.13367,182.0,0.13368,68.0
1753531794708,12:09:54.708,AI/USDT:USDT,0.13359,380.0,0.13355,32.0,0.13367,182.0,0.13368,68.0
1753531795265,12:09:55.265,AI/USDT:USDT,0.13359,380.0,0.13357,32.0,0.13367,182.0,0.13368,68.0
1753531796084,12:09:56.084,AI/USDT:USDT,0.13359,412.0,0.13358,32.0,0.13367,182.0,0.13368,68.0
1753531796850,12:09:56.850,AI/USDT:USDT,0.13359,412.0,0.13358,32.0,0.13367,182.0,0.13368,68.0
1753531797319,12:09:57.319,AI/USDT:USDT,0.13359,412.0,0.13358,32.0,0.13367,182.0,0.13368,68.0
1753531797339,12:09:57.339,AI/USDT:USDT,0.13359,412.0,0.13358,32.0,0.13367,182.0,0.13368,68.0
1753531797714,12:09:57.714,AI/USDT:USDT,0.13359,412.0,0.13358,32.0,0.13367,182.0,0.13368,68.0
1753531798729,12:09:58.729,AI/USDT:USDT,0.13359,192.0,0.13358,32.0,0.13367,182.0,0.13368,68.0
1753531799029,12:09:59.029,AI/USDT:USDT,0.13361,246.0,0.13359,32.0,0.13367,182.0,0.13368,36.0
1753531799333,12:09:59.333,AI/USDT:USDT,0.13361,246.0,0.13359,32.0,0.13367,182.0,0.13368,36.0
1753531799454,12:09:59.454,AI/USDT:USDT,0.13361,52.0,0.13359,32.0,0.13367,182.0,0.13368,36.0
1753531799542,12:09:59.542,AI/USDT:USDT,0.13359,26.0,0.13358,32.0,0.13367,182.0,0.13368,36.0
1753531799746,12:09:59.746,AI/USDT:USDT,0.13359,26.0,0.13358,32.0,0.13367,182.0,0.13368,36.0
1753531800161,12:10:00.161,AI/USDT:USDT,0.13359,26.0,0.13358,32.0,0.13367,182.0,0.13368,36.0
1753531800322,12:10:00.322,AI/USDT:USDT,0.13359,122.0,0.13358,32.0,0.13369,32.0,0.13391,96.0
1753531800415,12:10:00.415,AI/USDT:USDT,0.13364,380.0,0.13363,154.0,0.13385,96.0,0.13386,2241.0
1753531800523,12:10:00.523,AI/USDT:USDT,0.13365,380.0,0.1336,154.0,0.13378,2242.0,0.13379,96.0
1753531800631,12:10:00.631,AI/USDT:USDT,0.13366,380.0,0.13359,250.0,0.13376,96.0,0.13377,85.0
1753531800731,12:10:00.731,AI/USDT:USDT,0.13366,380.0,0.13359,250.0,0.13376,96.0,0.13377,85.0
1753531800827,12:10:00.827,AI/USDT:USDT,0.13366,380.0,0.13359,250.0,0.13376,96.0,0.13377,85.0
1753531801008,12:10:01.008,AI/USDT:USDT,0.13366,380.0,0.13359,250.0,0.13376,96.0,0.13377,85.0
1753531801099,12:10:01.099,AI/USDT:USDT,0.13366,380.0,0.13359,250.0,0.13376,96.0,0.13377,85.0
1753531801517,12:10:01.517,AI/USDT:USDT,0.13366,380.0,0.13359,250.0,0.13376,96.0,0.13377,85.0
1753531802227,12:10:02.227,AI/USDT:USDT,0.13366,380.0,0.13359,250.0,0.13376,96.0,0.13377,85.0
1753531802346,12:10:02.346,AI/USDT:USDT,0.13366,380.0,0.13359,250.0,0.13376,96.0,0.13377,85.0
1753531802459,12:10:02.459,AI/USDT:USDT,0.13366,380.0,0.13359,250.0,0.13376,96.0,0.13377,85.0
1753531803212,12:10:03.212,AI/USDT:USDT,0.13366,380.0,0.13359,250.0,0.13376,96.0,0.13377,85.0
1753531805331,12:10:05.331,AI/USDT:USDT,0.13366,380.0,0.13359,250.0,0.13376,96.0,0.13377,85.0
1753531805406,12:10:05.406,AI/USDT:USDT,0.13366,380.0,0.13359,250.0,0.13376,96.0,0.13377,85.0
1753531805512,12:10:05.512,AI/USDT:USDT,0.13366,380.0,0.13359,250.0,0.13376,96.0,0.13377,85.0
1753531806327,12:10:06.327,AI/USDT:USDT,0.13366,380.0,0.13364,37.0,0.13372,1.0,0.13373,74.0
1753531806336,12:10:06.336,AI/USDT:USDT,0.13366,380.0,0.13364,37.0,0.13372,1.0,0.13373,74.0
1753531806523,12:10:06.523,AI/USDT:USDT,0.13367,380.0,0.13366,380.0,0.13373,74.0,0.13374,74.0
1753531806561,12:10:06.561,AI/USDT:USDT,0.13368,380.0,0.13366,37.0,0.13373,74.0,0.13374,74.0
1753531806669,12:10:06.669,AI/USDT:USDT,0.13368,380.0,0.13366,37.0,0.13373,74.0,0.13374,74.0
1753531806814,12:10:06.814,AI/USDT:USDT,0.13371,380.0,0.1337,380.0,0.13377,23.0,0.13378,2242.0
1753531806854,12:10:06.854,AI/USDT:USDT,0.13372,380.0,0.1337,37.0,0.13377,23.0,0.13378,2242.0
1753531806944,12:10:06.944,AI/USDT:USDT,0.13372,380.0,0.1337,37.0,0.13377,23.0,0.13378,2242.0
1753531807092,12:10:07.092,AI/USDT:USDT,0.13372,380.0,0.1337,37.0,0.13377,23.0,0.13378,2242.0
1753531807253,12:10:07.253,AI/USDT:USDT,0.13372,380.0,0.1337,37.0,0.13377,23.0,0.13378,2242.0
1753531807451,12:10:07.451,AI/USDT:USDT,0.13372,380.0,0.1337,37.0,0.13377,23.0,0.13378,2242.0
1753531807909,12:10:07.909,AI/USDT:USDT,0.13372,380.0,0.1337,37.0,0.13377,23.0,0.13378,2242.0
1753531808323,12:10:08.323,AI/USDT:USDT,0.13372,380.0,0.1337,37.0,0.13377,23.0,0.13378,2242.0
1753531809577,12:10:09.577,AI/USDT:USDT,0.13372,380.0,0.1337,37.0,0.13377,23.0,0.13378,2242.0
1753531809656,12:10:09.656,AI/USDT:USDT,0.13372,380.0,0.1337,37.0,0.13377,23.0,0.13378,2242.0
1753531809777,12:10:09.777,AI/USDT:USDT,0.13372,380.0,0.13369,37.0,0.13377,23.0,0.13378,2242.0
1753531810218,12:10:10.218,AI/USDT:USDT,0.13372,380.0,0.13369,37.0,0.13377,23.0,0.13378,2242.0
1753531810663,12:10:10.663,AI/USDT:USDT,0.13372,380.0,0.13369,37.0,0.13377,23.0,0.13378,2242.0
1753531811206,12:10:11.206,AI/USDT:USDT,0.13372,380.0,0.13369,37.0,0.13377,23.0,0.13378,2242.0
1753531811235,12:10:11.235,AI/USDT:USDT,0.13372,380.0,0.13369,37.0,0.13377,23.0,0.13378,2242.0
1753531811714,12:10:11.714,AI/USDT:USDT,0.13372,380.0,0.1337,37.0,0.13377,23.0,0.13378,2242.0
1753531811929,12:10:11.929,AI/USDT:USDT,0.13376,380.0,0.13374,37.0,0.13377,23.0,0.13397,96.0
1753531812022,12:10:12.022,AI/USDT:USDT,0.13376,380.0,0.13369,154.0,0.13394,2239.0,0.13395,93.0
1753531812095,12:10:12.095,AI/USDT:USDT,0.13379,380.0,0.13369,154.0,0.13387,93.0,0.13388,2240.0
1753531812213,12:10:12.213,AI/USDT:USDT,0.13379,48.0,0.13369,154.0,0.13385,93.0,0.13386,2303.0
1753531812242,12:10:12.242,AI/USDT:USDT,0.13379,48.0,0.13368,93.0,0.13385,116.0,0.13386,2303.0
1753531812417,12:10:12.417,AI/USDT:USDT,0.13379,15.0,0.13368,93.0,0.13385,116.0,0.13386,2303.0
1753531812440,12:10:12.440,AI/USDT:USDT,0.13379,15.0,0.13368,93.0,0.13385,116.0,0.13386,2303.0
1753531812916,12:10:12.916,AI/USDT:USDT,0.13369,380.0,0.13368,93.0,0.13384,93.0,0.13385,23.0
1753531813014,12:10:13.014,AI/USDT:USDT,0.13373,380.0,0.13371,37.0,0.13384,93.0,0.13385,23.0
1753531813114,12:10:13.114,AI/USDT:USDT,0.13378,380.0,0.13377,380.0,0.13385,23.0,0.13386,2303.0
1753531813230,12:10:13.230,AI/USDT:USDT,0.13361,380.0,0.1336,247.0,0.13384,93.0,0.13385,23.0
1753531813294,12:10:13.294,AI/USDT:USDT,0.13364,380.0,0.13363,247.0,0.13384,93.0,0.13385,25.0
1753531813655,12:10:13.655,AI/USDT:USDT,0.13364,380.0,0.13363,247.0,0.13384,93.0,0.13385,25.0
1753531813819,12:10:13.819,AI/USDT:USDT,0.13364,380.0,0.13363,247.0,0.13384,93.0,0.13385,25.0
1753531814931,12:10:14.931,AI/USDT:USDT,0.13364,380.0,0.13363,247.0,0.13384,2334.0,0.13385,25.0
1753531815028,12:10:15.028,AI/USDT:USDT,0.13367,380.0,0.13365,191.0,0.13382,93.0,0.13383,2266.0
1753531815036,12:10:15.036,AI/USDT:USDT,0.13367,380.0,0.13365,191.0,0.13382,93.0,0.13383,2266.0
1753531815162,12:10:15.162,AI/USDT:USDT,0.13367,380.0,0.13365,191.0,0.13382,93.0,0.13383,2266.0
1753531815274,12:10:15.274,AI/USDT:USDT,0.13367,380.0,0.13365,191.0,0.13382,93.0,0.13383,2266.0
1753531815953,12:10:15.953,AI/USDT:USDT,0.13367,380.0,0.13365,191.0,0.13382,93.0,0.13383,2266.0
1753531816120,12:10:16.120,AI/USDT:USDT,0.13368,380.0,0.13367,380.0,0.13381,124.0,0.13382,31.0
1753531816219,12:10:16.219,AI/USDT:USDT,0.13373,380.0,0.13372,380.0,0.1338,93.0,0.13381,31.0
1753531816314,12:10:16.314,AI/USDT:USDT,0.13369,37.0,0.13368,37.0,0.1338,93.0,0.13381,31.0
1753531816387,12:10:16.387,AI/USDT:USDT,0.13369,37.0,0.13368,37.0,0.1338,93.0,0.13381,31.0
1753531816917,12:10:16.917,AI/USDT:USDT,0.13363,380.0,0.13362,380.0,0.1338,93.0,0.13381,31.0
1753531816967,12:10:16.967,AI/USDT:USDT,0.13364,380.0,0.13361,247.0,0.1338,93.0,0.13381,31.0
1753531817051,12:10:17.051,AI/USDT:USDT,0.13364,417.0,0.13361,247.0,0.1338,93.0,0.13381,31.0
1753531817140,12:10:17.140,AI/USDT:USDT,0.13364,417.0,0.13361,247.0,0.1338,93.0,0.13381,31.0
1753531817318,12:10:17.318,AI/USDT:USDT,0.13364,454.0,0.13361,247.0,0.13379,93.0,0.1338,2242.0
1753531817394,12:10:17.394,AI/USDT:USDT,0.13367,380.0,0.13364,74.0,0.13378,93.0,0.13379,25.0
1753531817602,12:10:17.602,AI/USDT:USDT,0.13367,380.0,0.13364,74.0,0.13378,93.0,0.13379,25.0
1753531817802,12:10:17.802,AI/USDT:USDT,0.13367,380.0,0.13364,74.0,0.13378,93.0,0.13379,25.0
1753531818078,12:10:18.078,AI/USDT:USDT,0.13367,380.0,0.13364,74.0,0.13378,124.0,0.13379,69.0
1753531818195,12:10:18.195,AI/USDT:USDT,0.13367,380.0,0.13364,74.0,0.13378,124.0,0.13379,69.0
1753531818380,12:10:18.380,AI/USDT:USDT,0.13367,380.0,0.13364,74.0,0.13378,124.0,0.13379,69.0
1753531819012,12:10:19.012,AI/USDT:USDT,0.13367,380.0,0.13364,74.0,0.13378,124.0,0.13379,69.0
1753531819122,12:10:19.122,AI/USDT:USDT,0.13367,380.0,0.13364,74.0,0.13378,124.0,0.13379,69.0
1753531819344,12:10:19.344,AI/USDT:USDT,0.13367,380.0,0.13364,74.0,0.13378,124.0,0.13379,69.0
1753531820114,12:10:20.114,AI/USDT:USDT,0.13369,380.0,0.13368,380.0,0.13377,124.0,0.13378,168.0
1753531820228,12:10:20.228,AI/USDT:USDT,0.13372,380.0,0.13364,228.0,0.13377,31.0,0.13378,168.0
1753531820613,12:10:20.613,AI/USDT:USDT,0.13372,380.0,0.13364,228.0,0.13377,31.0,0.13378,168.0
1753531820647,12:10:20.647,AI/USDT:USDT,0.13372,380.0,0.13364,228.0,0.13377,31.0,0.13378,168.0
1753531821715,12:10:21.715,AI/USDT:USDT,0.13368,380.0,0.13367,380.0,0.13376,94.0,0.13377,31.0
1753531821801,12:10:21.801,AI/USDT:USDT,0.1337,380.0,0.13368,37.0,0.13377,31.0,0.13378,75.0
1753531821870,12:10:21.870,AI/USDT:USDT,0.1337,380.0,0.13368,37.0,0.13377,31.0,0.13378,75.0
1753531822350,12:10:22.350,AI/USDT:USDT,0.1337,380.0,0.13368,37.0,0.13377,31.0,0.13378,75.0
1753531822616,12:10:22.616,AI/USDT:USDT,0.1337,380.0,0.13368,37.0,0.13377,125.0,0.13378,75.0
1753531823088,12:10:23.088,AI/USDT:USDT,0.1337,380.0,0.13368,37.0,0.13377,125.0,0.13378,75.0
1753531823200,12:10:23.200,AI/USDT:USDT,0.1337,380.0,0.13368,37.0,0.13377,125.0,0.13378,75.0
1753531823503,12:10:23.503,AI/USDT:USDT,0.1337,380.0,0.13368,37.0,0.13377,125.0,0.13378,75.0
1753531823621,12:10:23.621,AI/USDT:USDT,0.1337,160.0,0.13368,37.0,0.13376,94.0,0.13377,94.0
1753531823783,12:10:23.783,AI/USDT:USDT,0.1337,48.0,0.13368,37.0,0.13376,94.0,0.13378,31.0
1753531823925,12:10:23.925,AI/USDT:USDT,0.1337,48.0,0.13368,37.0,0.13376,94.0,0.13378,68.0
1753531824013,12:10:24.013,AI/USDT:USDT,0.1337,15.0,0.13368,37.0,0.13376,94.0,0.13378,68.0
1753531824297,12:10:24.297,AI/USDT:USDT,0.13368,37.0,0.13367,37.0,0.13376,94.0,0.13378,68.0
1753531824344,12:10:24.344,AI/USDT:USDT,0.13368,37.0,0.13367,37.0,0.13376,94.0,0.13378,68.0
1753531824484,12:10:24.484,AI/USDT:USDT,0.13368,37.0,0.13367,37.0,0.13376,94.0,0.13378,68.0
1753531824758,12:10:24.758,AI/USDT:USDT,0.13368,37.0,0.13367,37.0,0.13376,94.0,0.13378,68.0
1753531825727,12:10:25.727,AI/USDT:USDT,0.13368,37.0,0.13367,37.0,0.13378,68.0,0.13379,163.0
1753531825773,12:10:25.773,AI/USDT:USDT,0.13371,417.0,0.1337,37.0,0.13379,2267.0,0.1338,37.0
1753531825897,12:10:25.897,AI/USDT:USDT,0.13372,380.0,0.13371,37.0,0.13379,2267.0,0.1338,74.0
1753531825979,12:10:25.979,AI/USDT:USDT,0.13372,380.0,0.13371,37.0,0.13379,2267.0,0.1338,74.0
1753531826097,12:10:26.097,AI/USDT:USDT,0.13374,380.0,0.13372,37.0,0.13378,4.0,0.13379,2267.0
1753531826405,12:10:26.405,AI/USDT:USDT,0.13374,380.0,0.13372,37.0,0.13378,4.0,0.13379,2267.0
1753531826450,12:10:26.450,AI/USDT:USDT,0.13374,160.0,0.13371,37.0,0.13378,4.0,0.13379,2267.0
1753531826631,12:10:26.631,AI/USDT:USDT,0.13374,48.0,0.13371,37.0,0.13378,4.0,0.13379,2267.0
1753531826727,12:10:26.727,AI/USDT:USDT,0.13374,48.0,0.13371,37.0,0.13378,4.0,0.13379,2267.0
1753531826730,12:10:26.730,AI/USDT:USDT,0.13374,48.0,0.13371,37.0,0.13378,4.0,0.13379,2267.0
1753531827019,12:10:27.019,AI/USDT:USDT,0.13361,93.0,0.13344,154.0,0.13378,35.0,0.13379,2311.0
1753531827044,12:10:27.044,AI/USDT:USDT,0.13361,93.0,0.13344,154.0,0.13378,35.0,0.13379,2311.0
1753531827228,12:10:27.228,AI/USDT:USDT,0.13361,93.0,0.13344,154.0,0.13378,35.0,0.13379,2311.0
1753531827528,12:10:27.528,AI/USDT:USDT,0.13361,93.0,0.13344,154.0,0.13378,35.0,0.13379,2311.0
1753531827557,12:10:27.557,AI/USDT:USDT,0.13361,93.0,0.13344,154.0,0.13378,35.0,0.13379,2311.0
1753531827660,12:10:27.660,AI/USDT:USDT,0.13361,93.0,0.13344,154.0,0.13378,35.0,0.13379,2311.0
1753531828078,12:10:28.078,AI/USDT:USDT,0.13361,93.0,0.13344,154.0,0.13378,35.0,0.13379,2311.0
1753531828178,12:10:28.178,AI/USDT:USDT,0.13361,93.0,0.13344,154.0,0.13378,35.0,0.13379,2311.0
1753531828509,12:10:28.509,AI/USDT:USDT,0.13361,93.0,0.13344,154.0,0.13378,35.0,0.13379,2311.0
1753531828756,12:10:28.756,AI/USDT:USDT,0.13361,93.0,0.13344,154.0,0.13378,35.0,0.13379,2311.0
1753531829220,12:10:29.220,AI/USDT:USDT,0.13364,325.0,0.13363,325.0,0.13378,129.0,0.13379,2311.0
1753531829316,12:10:29.316,AI/USDT:USDT,0.13369,325.0,0.13368,325.0,0.13378,35.0,0.13379,2311.0
1753531829354,12:10:29.354,AI/USDT:USDT,0.1337,325.0,0.13367,94.0,0.13378,35.0,0.13379,2311.0
1753531829869,12:10:29.869,AI/USDT:USDT,0.1337,325.0,0.13367,94.0,0.13378,35.0,0.13379,2311.0
1753531829999,12:10:29.999,AI/USDT:USDT,0.1337,325.0,0.13367,94.0,0.13378,35.0,0.13379,2311.0
1753531830179,12:10:30.179,AI/USDT:USDT,0.1337,325.0,0.13367,94.0,0.13378,35.0,0.13379,2311.0
1753531830258,12:10:30.258,AI/USDT:USDT,0.1337,325.0,0.13367,94.0,0.13378,35.0,0.13379,2311.0
1753531830889,12:10:30.889,AI/USDT:USDT,0.1337,325.0,0.13366,74.0,0.13378,35.0,0.13379,2311.0
1753531830984,12:10:30.984,AI/USDT:USDT,0.1337,325.0,0.13366,74.0,0.13378,35.0,0.13379,2311.0
1753531831336,12:10:31.336,AI/USDT:USDT,0.13371,325.0,0.13366,74.0,0.13378,35.0,0.13379,2311.0
1753531831587,12:10:31.587,AI/USDT:USDT,0.13371,325.0,0.13367,95.0,0.13378,35.0,0.13379,2311.0
1753531832749,12:10:32.749,AI/USDT:USDT,0.13371,325.0,0.13367,95.0,0.13378,35.0,0.13379,2311.0
1753531833021,12:10:33.021,AI/USDT:USDT,0.13371,325.0,0.13367,95.0,0.13378,35.0,0.13379,2311.0
1753531833223,12:10:33.223,AI/USDT:USDT,0.13371,325.0,0.13367,95.0,0.13378,35.0,0.13379,2311.0
1753531833627,12:10:33.627,AI/USDT:USDT,0.13371,325.0,0.13366,74.0,0.13378,130.0,0.13379,2311.0
1753531833956,12:10:33.956,AI/USDT:USDT,0.13371,325.0,0.13366,74.0,0.13378,130.0,0.13379,2311.0
1753531834162,12:10:34.162,AI/USDT:USDT,0.13371,325.0,0.13367,95.0,0.13378,35.0,0.13379,2311.0
1753531834939,12:10:34.939,AI/USDT:USDT,0.13371,325.0,0.13367,95.0,0.13378,35.0,0.13379,2311.0
1753531835182,12:10:35.182,AI/USDT:USDT,0.13371,325.0,0.13366,74.0,0.13378,35.0,0.13379,2311.0
1753531835721,12:10:35.721,AI/USDT:USDT,0.13371,325.0,0.13366,74.0,0.13378,35.0,0.13379,2311.0
1753531835928,12:10:35.928,AI/USDT:USDT,0.13371,325.0,0.13366,74.0,0.13378,35.0,0.13379,2311.0
1753531836494,12:10:36.494,AI/USDT:USDT,0.13371,325.0,0.13366,37.0,0.13378,35.0,0.13379,2311.0
1753531836918,12:10:36.918,AI/USDT:USDT,0.13371,325.0,0.13366,37.0,0.13378,35.0,0.13379,2311.0
1753531836934,12:10:36.934,AI/USDT:USDT,0.13371,325.0,0.13366,37.0,0.13378,35.0,0.13379,2311.0
1753531837104,12:10:37.104,AI/USDT:USDT,0.13362,325.0,0.13361,93.0,0.13377,95.0,0.13378,35.0
1753531837138,12:10:37.138,AI/USDT:USDT,0.13362,325.0,0.13361,93.0,0.13377,95.0,0.13378,31.0
1753531837318,12:10:37.318,AI/USDT:USDT,0.13362,325.0,0.13361,93.0,0.13377,95.0,0.13378,31.0
1753531837400,12:10:37.400,AI/USDT:USDT,0.13362,325.0,0.13361,93.0,0.13377,95.0,0.13378,31.0
1753531837906,12:10:37.906,AI/USDT:USDT,0.13362,325.0,0.13361,93.0,0.13377,95.0,0.13378,31.0
1753531838229,12:10:38.229,AI/USDT:USDT,0.13362,325.0,0.13361,93.0,0.13377,95.0,0.13378,31.0
1753531839442,12:10:39.442,AI/USDT:USDT,0.13362,325.0,0.13361,93.0,0.13377,95.0,0.13378,31.0
1753531839955,12:10:39.955,AI/USDT:USDT,0.13362,325.0,0.13361,93.0,0.13377,95.0,0.13378,31.0
1753531841174,12:10:41.174,AI/USDT:USDT,0.13362,325.0,0.13361,93.0,0.13377,95.0,0.13378,31.0
1753531841409,12:10:41.409,AI/USDT:USDT,0.13362,325.0,0.13361,93.0,0.13377,95.0,0.13378,31.0
1753531841466,12:10:41.466,AI/USDT:USDT,0.13362,325.0,0.13361,93.0,0.13377,95.0,0.13378,31.0
1753531841566,12:10:41.566,AI/USDT:USDT,0.13362,325.0,0.13361,93.0,0.13377,95.0,0.13378,31.0
1753531841776,12:10:41.776,AI/USDT:USDT,0.13362,325.0,0.13361,93.0,0.13377,95.0,0.13378,31.0
1753531841861,12:10:41.861,AI/USDT:USDT,0.13362,325.0,0.13361,93.0,0.13377,95.0,0.13378,31.0
1753531842361,12:10:42.361,AI/USDT:USDT,0.13365,325.0,0.13363,94.0,0.13378,31.0,0.13379,2311.0
1753531842465,12:10:42.465,AI/USDT:USDT,0.13365,325.0,0.13363,94.0,0.13378,31.0,0.13379,2311.0
1753531842692,12:10:42.692,AI/USDT:USDT,0.13365,325.0,0.13363,94.0,0.13378,31.0,0.13379,2311.0
1753531842761,12:10:42.761,AI/USDT:USDT,0.13365,325.0,0.13363,94.0,0.13378,125.0,0.13379,2311.0
1753531842854,12:10:42.854,AI/USDT:USDT,0.13365,325.0,0.13363,94.0,0.13378,125.0,0.13379,2311.0
1753531843110,12:10:43.110,AI/USDT:USDT,0.13365,325.0,0.13363,94.0,0.13377,94.0,0.13378,31.0
1753531843705,12:10:43.705,AI/USDT:USDT,0.13365,325.0,0.13363,94.0,0.13377,94.0,0.13378,31.0
1753531843928,12:10:43.928,AI/USDT:USDT,0.13365,325.0,0.13363,94.0,0.13377,94.0,0.13378,31.0
1753531844525,12:10:44.525,AI/USDT:USDT,0.13366,94.0,0.13363,248.0,0.13378,31.0,0.13379,2311.0
1753531844828,12:10:44.828,AI/USDT:USDT,0.13366,94.0,0.13363,248.0,0.13378,31.0,0.13379,2311.0
1753531844835,12:10:44.835,AI/USDT:USDT,0.13366,94.0,0.13363,248.0,0.13378,31.0,0.13379,2311.0
1753531844973,12:10:44.973,AI/USDT:USDT,0.13366,94.0,0.13363,248.0,0.13378,31.0,0.13379,2311.0
1753531845162,12:10:45.162,AI/USDT:USDT,0.13366,94.0,0.13363,248.0,0.13378,31.0,0.13379,2311.0
1753531845459,12:10:45.459,AI/USDT:USDT,0.13366,94.0,0.13363,248.0,0.13378,31.0,0.13379,2311.0
1753531845817,12:10:45.817,AI/USDT:USDT,0.13366,94.0,0.13363,248.0,0.13378,31.0,0.13379,2311.0
1753531845846,12:10:45.846,AI/USDT:USDT,0.13366,94.0,0.13363,248.0,0.13378,31.0,0.13379,2311.0
1753531846805,12:10:46.805,AI/USDT:USDT,0.13366,94.0,0.13363,248.0,0.13378,31.0,0.13379,2311.0
1753531847971,12:10:47.971,AI/USDT:USDT,0.13366,94.0,0.13363,248.0,0.13378,31.0,0.13379,2311.0
1753531850123,12:10:50.123,AI/USDT:USDT,0.13366,94.0,0.13363,248.0,0.13378,31.0,0.13379,2311.0
1753531851775,12:10:51.775,AI/USDT:USDT,0.13366,94.0,0.13363,248.0,0.13378,31.0,0.13379,2311.0
1753531851894,12:10:51.894,AI/USDT:USDT,0.13366,94.0,0.13363,248.0,0.13378,31.0,0.13379,2311.0
1753531852250,12:10:52.250,AI/USDT:USDT,0.13366,94.0,0.13363,248.0,0.13378,31.0,0.13379,2311.0
1753531852739,12:10:52.739,AI/USDT:USDT,0.13366,94.0,0.13363,248.0,0.13378,31.0,0.13379,2311.0
1753531853327,12:10:53.327,AI/USDT:USDT,0.13368,420.0,0.13367,362.0,0.13378,60.0,0.13379,69.0
1753531853421,12:10:53.421,AI/USDT:USDT,0.13374,479.0,0.13373,325.0,0.13396,95.0,0.13397,2239.0
1753531853518,12:10:53.518,AI/USDT:USDT,0.13374,325.0,0.13371,154.0,0.13388,95.0,0.13389,2240.0
1753531853623,12:10:53.623,AI/USDT:USDT,0.13374,325.0,0.13373,37.0,0.13384,95.0,0.13385,29.0
1753531853638,12:10:53.638,AI/USDT:USDT,0.13374,325.0,0.13373,37.0,0.13384,95.0,0.13385,29.0
1753531854390,12:10:54.390,AI/USDT:USDT,0.13374,325.0,0.13373,37.0,0.13384,95.0,0.13385,29.0
1753531854436,12:10:54.436,AI/USDT:USDT,0.13374,325.0,0.13373,37.0,0.13384,95.0,0.13385,29.0
1753531854850,12:10:54.850,AI/USDT:USDT,0.13374,325.0,0.13373,37.0,0.13384,95.0,0.13385,29.0
1753531855520,12:10:55.520,AI/USDT:USDT,0.13364,154.0,0.13361,93.0,0.13382,95.0,0.13383,2241.0
1753531855616,12:10:55.616,AI/USDT:USDT,0.13361,247.0,0.13343,250.0,0.13379,2242.0,0.1338,95.0
1753531855694,12:10:55.694,AI/USDT:USDT,0.13363,380.0,0.13361,93.0,0.13375,2300.0,0.13376,95.0
1753531855801,12:10:55.801,AI/USDT:USDT,0.13366,380.0,0.13362,37.0,0.13374,25.0,0.13375,2300.0
1753531855870,12:10:55.870,AI/USDT:USDT,0.13366,380.0,0.13362,37.0,0.13374,25.0,0.13375,2300.0
1753531855966,12:10:55.966,AI/USDT:USDT,0.13366,380.0,0.13362,37.0,0.13374,25.0,0.13375,2300.0
1753531856088,12:10:56.088,AI/USDT:USDT,0.13366,380.0,0.13362,37.0,0.13374,25.0,0.13375,2300.0
1753531856528,12:10:56.528,AI/USDT:USDT,0.13362,95.0,0.1336,95.0,0.13374,25.0,0.13375,2300.0
1753531856622,12:10:56.622,AI/USDT:USDT,0.1336,95.0,0.13344,154.0,0.13374,25.0,0.13375,2300.0
1753531856827,12:10:56.827,AI/USDT:USDT,0.1336,95.0,0.13344,154.0,0.13374,25.0,0.13375,2300.0
1753531856926,12:10:56.926,AI/USDT:USDT,0.1336,95.0,0.13344,154.0,0.13374,25.0,0.13375,2300.0
1753531858650,12:10:58.650,AI/USDT:USDT,0.1336,95.0,0.13344,154.0,0.13374,25.0,0.13375,2300.0
1753531860066,12:11:00.066,AI/USDT:USDT,0.1336,95.0,0.13344,154.0,0.13374,25.0,0.13375,2300.0
1753531860219,12:11:00.219,AI/USDT:USDT,0.1336,95.0,0.13344,154.0,0.13374,25.0,0.13375,2300.0
1753531860819,12:11:00.819,AI/USDT:USDT,0.1336,95.0,0.13344,154.0,0.13374,25.0,0.13375,2300.0
1753531861297,12:11:01.297,AI/USDT:USDT,0.1336,95.0,0.13344,154.0,0.13374,25.0,0.13375,2300.0
1753531861418,12:11:01.418,AI/USDT:USDT,0.13368,380.0,0.13367,380.0,0.13374,25.0,0.13375,2300.0
1753531861460,12:11:01.460,AI/USDT:USDT,0.13368,380.0,0.13365,37.0,0.13374,25.0,0.13375,2300.0
1753531861671,12:11:01.671,AI/USDT:USDT,0.13368,380.0,0.13365,74.0,0.13374,25.0,0.13375,2300.0
1753531861811,12:11:01.811,AI/USDT:USDT,0.13368,380.0,0.13366,93.0,0.13374,25.0,0.13375,29.0
1753531861839,12:11:01.839,AI/USDT:USDT,0.13368,380.0,0.13366,93.0,0.13375,29.0,0.13382,95.0
1753531862223,12:11:02.223,AI/USDT:USDT,0.13369,454.0,0.13368,154.0,0.13382,26.0,0.13386,95.0
1753531862283,12:11:02.283,AI/USDT:USDT,0.1337,380.0,0.13369,74.0,0.13382,53.0,0.13386,95.0
1753531862378,12:11:02.378,AI/USDT:USDT,0.1337,380.0,0.13369,74.0,0.13382,146.0,0.13386,95.0
1753531862440,12:11:02.440,AI/USDT:USDT,0.1337,380.0,0.13369,74.0,0.13382,146.0,0.13386,95.0
1753531862607,12:11:02.607,AI/USDT:USDT,0.1337,380.0,0.13369,74.0,0.13382,146.0,0.13386,95.0
1753531862908,12:11:02.908,AI/USDT:USDT,0.1337,380.0,0.13369,74.0,0.13382,146.0,0.1339,95.0
1753531862940,12:11:02.940,AI/USDT:USDT,0.1337,380.0,0.13369,74.0,0.13382,146.0,0.1339,95.0
1753531863221,12:11:03.221,AI/USDT:USDT,0.13373,454.0,0.13372,228.0,0.13382,27.0,0.1339,95.0
1753531863245,12:11:03.245,AI/USDT:USDT,0.13374,380.0,0.13373,74.0,0.13382,27.0,0.1339,95.0
1753531863430,12:11:03.430,AI/USDT:USDT,0.13374,380.0,0.13373,74.0,0.13382,27.0,0.1339,95.0
1753531863617,12:11:03.617,AI/USDT:USDT,0.13374,380.0,0.13373,74.0,0.13382,27.0,0.1339,95.0
1753531863845,12:11:03.845,AI/USDT:USDT,0.13374,380.0,0.13373,74.0,0.13382,27.0,0.1339,95.0
1753531864260,12:11:04.260,AI/USDT:USDT,0.13374,380.0,0.13373,74.0,0.13382,27.0,0.1339,95.0
1753531864494,12:11:04.494,AI/USDT:USDT,0.13374,380.0,0.13373,74.0,0.13382,27.0,0.1339,95.0
1753531864729,12:11:04.729,AI/USDT:USDT,0.13374,380.0,0.13373,74.0,0.13382,27.0,0.1339,95.0
1753531864732,12:11:04.732,AI/USDT:USDT,0.13374,380.0,0.13373,74.0,0.13382,27.0,0.13385,37.0
1753531865080,12:11:05.080,AI/USDT:USDT,0.13375,380.0,0.13374,154.0,0.13382,27.0,0.13385,37.0
1753531865228,12:11:05.228,AI/USDT:USDT,0.13376,380.0,0.13374,154.0,0.13382,27.0,0.13385,37.0
1753531865506,12:11:05.506,AI/USDT:USDT,0.13376,380.0,0.13374,154.0,0.13382,27.0,0.13385,37.0
1753531865924,12:11:05.924,AI/USDT:USDT,0.13376,380.0,0.13374,154.0,0.13382,27.0,0.13385,37.0
1753531866273,12:11:06.273,AI/USDT:USDT,0.13376,380.0,0.13374,154.0,0.13382,27.0,0.13385,37.0
1753531866349,12:11:06.349,AI/USDT:USDT,0.13376,380.0,0.13374,154.0,0.13382,27.0,0.13385,37.0
1753531866920,12:11:06.920,AI/USDT:USDT,0.13376,380.0,0.13374,154.0,0.13382,27.0,0.13383,1.0
1753531867020,12:11:07.020,AI/USDT:USDT,0.13376,380.0,0.13374,154.0,0.13382,27.0,0.13385,37.0
1753531867218,12:11:07.218,AI/USDT:USDT,0.13377,380.0,0.13376,154.0,0.13382,27.0,0.13385,37.0
1753531867319,12:11:07.319,AI/USDT:USDT,0.1338,380.0,0.13377,37.0,0.13386,2278.0,0.13389,37.0
1753531867390,12:11:07.390,AI/USDT:USDT,0.1338,114.0,0.13373,191.0,0.13385,51.0,0.13386,2327.0
1753531867487,12:11:07.487,AI/USDT:USDT,0.13372,93.0,0.13365,154.0,0.13385,51.0,0.13386,2327.0
1753531867578,12:11:07.578,AI/USDT:USDT,0.13372,93.0,0.13365,154.0,0.13385,51.0,0.13386,2327.0
1753531867717,12:11:07.717,AI/USDT:USDT,0.13372,93.0,0.13365,154.0,0.13385,51.0,0.13386,2327.0
1753531867734,12:11:07.734,AI/USDT:USDT,0.13372,93.0,0.13365,154.0,0.13385,51.0,0.13386,2327.0
1753531868231,12:11:08.231,AI/USDT:USDT,0.13373,112.0,0.13372,93.0,0.13385,51.0,0.13386,2327.0
1753531868314,12:11:08.314,AI/USDT:USDT,0.13379,112.0,0.13378,112.0,0.13385,51.0,0.13386,2327.0
1753531868423,12:11:08.423,AI/USDT:USDT,0.13379,112.0,0.13373,284.0,0.13385,51.0,0.13386,2327.0
1753531868619,12:11:08.619,AI/USDT:USDT,0.13379,112.0,0.13373,284.0,0.13385,51.0,0.13386,2327.0
1753531868894,12:11:08.894,AI/USDT:USDT,0.13379,34.0,0.13377,37.0,0.13385,51.0,0.13386,2290.0
1753531868991,12:11:08.991,AI/USDT:USDT,0.13379,34.0,0.13377,37.0,0.13385,51.0,0.13386,2290.0
1753531869294,12:11:09.294,AI/USDT:USDT,0.13379,34.0,0.13377,37.0,0.13385,51.0,0.13386,2290.0
1753531869380,12:11:09.380,AI/USDT:USDT,0.13379,34.0,0.13377,37.0,0.13385,51.0,0.13386,2290.0
1753531869474,12:11:09.474,AI/USDT:USDT,0.13373,93.0,0.13361,154.0,0.13385,51.0,0.13386,2290.0
1753531869580,12:11:09.580,AI/USDT:USDT,0.13373,93.0,0.13361,154.0,0.13385,51.0,0.13386,2290.0
1753531869674,12:11:09.674,AI/USDT:USDT,0.13373,93.0,0.13361,154.0,0.13385,51.0,0.13386,2290.0
1753531869767,12:11:09.767,AI/USDT:USDT,0.13373,130.0,0.13361,154.0,0.13385,51.0,0.13386,2290.0
1753531870088,12:11:10.088,AI/USDT:USDT,0.13373,130.0,0.13361,154.0,0.13385,51.0,0.13386,2290.0
1753531870356,12:11:10.356,AI/USDT:USDT,0.13373,130.0,0.13361,154.0,0.13385,51.0,0.13386,2290.0
1753531870504,12:11:10.504,AI/USDT:USDT,0.13373,130.0,0.13361,154.0,0.13385,51.0,0.13386,2290.0
1753531870554,12:11:10.554,AI/USDT:USDT,0.13373,130.0,0.13361,154.0,0.13385,51.0,0.13386,2290.0
1753531870682,12:11:10.682,AI/USDT:USDT,0.13373,130.0,0.13361,154.0,0.13385,51.0,0.13386,2290.0
1753531871325,12:11:11.325,AI/USDT:USDT,0.13373,130.0,0.13361,154.0,0.13385,51.0,0.13386,2290.0
1753531871418,12:11:11.418,AI/USDT:USDT,0.13373,130.0,0.13361,154.0,0.13385,51.0,0.13386,2290.0
1753531871527,12:11:11.527,AI/USDT:USDT,0.13373,130.0,0.13361,154.0,0.13385,51.0,0.13386,2290.0
1753531871695,12:11:11.695,AI/USDT:USDT,0.13373,130.0,0.13361,154.0,0.13385,51.0,0.13386,2290.0
1753531872095,12:11:12.095,AI/USDT:USDT,0.13373,130.0,0.13361,154.0,0.13385,51.0,0.13386,2290.0
1753531872140,12:11:12.140,AI/USDT:USDT,0.13373,130.0,0.13361,154.0,0.13385,51.0,0.13386,2290.0
1753531872516,12:11:12.516,AI/USDT:USDT,0.13373,130.0,0.13361,154.0,0.13385,51.0,0.13386,2290.0
1753531872555,12:11:12.555,AI/USDT:USDT,0.13373,130.0,0.13361,154.0,0.13385,51.0,0.13386,2290.0
1753531872760,12:11:12.760,AI/USDT:USDT,0.13373,167.0,0.13361,154.0,0.13385,51.0,0.13386,49.0
1753531872843,12:11:12.843,AI/USDT:USDT,0.13373,167.0,0.13361,154.0,0.13385,26.0,0.13386,49.0
1753531873019,12:11:13.019,AI/USDT:USDT,0.13373,167.0,0.13361,154.0,0.13385,26.0,0.13386,49.0
1753531873374,12:11:13.374,AI/USDT:USDT,0.13373,167.0,0.13361,154.0,0.13385,26.0,0.13386,49.0
1753531873505,12:11:13.505,AI/USDT:USDT,0.13373,167.0,0.13361,154.0,0.13385,26.0,0.13386,49.0
1753531873547,12:11:13.547,AI/USDT:USDT,0.13373,167.0,0.13361,154.0,0.13385,26.0,0.13386,49.0
1753531873930,12:11:13.930,AI/USDT:USDT,0.13373,167.0,0.13361,154.0,0.13385,26.0,0.13386,49.0
1753531874190,12:11:14.190,AI/USDT:USDT,0.13373,167.0,0.13361,154.0,0.13385,26.0,0.13386,49.0
1753531874493,12:11:14.493,AI/USDT:USDT,0.13373,167.0,0.13361,154.0,0.13385,26.0,0.13386,49.0
1753531874538,12:11:14.538,AI/USDT:USDT,0.13373,167.0,0.13361,154.0,0.13385,26.0,0.13386,49.0
1753531875484,12:11:15.484,AI/USDT:USDT,0.13373,167.0,0.13361,154.0,0.13385,26.0,0.13386,49.0
1753531875692,12:11:15.692,AI/USDT:USDT,0.13373,167.0,0.13361,154.0,0.13385,26.0,0.13386,49.0
1753531875848,12:11:15.848,AI/USDT:USDT,0.13373,167.0,0.13361,154.0,0.13385,26.0,0.13386,49.0
1753531876209,12:11:16.209,AI/USDT:USDT,0.13373,167.0,0.13361,154.0,0.13385,26.0,0.13386,49.0
1753531876249,12:11:16.249,AI/USDT:USDT,0.13373,167.0,0.13361,154.0,0.13385,26.0,0.13386,49.0
1753531876477,12:11:16.477,AI/USDT:USDT,0.13373,167.0,0.13361,154.0,0.13385,26.0,0.13386,49.0
1753531876618,12:11:16.618,AI/USDT:USDT,0.13373,74.0,0.13361,154.0,0.13384,96.0,0.13385,26.0
1753531876710,12:11:16.710,AI/USDT:USDT,0.13373,74.0,0.13361,154.0,0.13384,96.0,0.13385,26.0
1753531876804,12:11:16.804,AI/USDT:USDT,0.13373,74.0,0.13361,154.0,0.13384,96.0,0.13385,26.0
1753531877025,12:11:17.025,AI/USDT:USDT,0.13373,74.0,0.13361,154.0,0.13384,96.0,0.13385,26.0
1753531877114,12:11:17.114,AI/USDT:USDT,0.13373,74.0,0.13361,154.0,0.13384,96.0,0.13385,26.0
1753531877465,12:11:17.465,AI/USDT:USDT,0.13373,74.0,0.13361,154.0,0.13384,96.0,0.13385,26.0
1753531877570,12:11:17.570,AI/USDT:USDT,0.13373,74.0,0.13361,154.0,0.13384,96.0,0.13385,26.0
1753531877828,12:11:17.828,AI/USDT:USDT,0.13373,74.0,0.13347,154.0,0.13384,96.0,0.13385,26.0
1753531877838,12:11:17.838,AI/USDT:USDT,0.13373,74.0,0.13347,154.0,0.13384,96.0,0.13385,26.0
1753531878116,12:11:18.116,AI/USDT:USDT,0.13347,154.0,0.13346,96.0,0.13384,96.0,0.13385,26.0
1753531878155,12:11:18.155,AI/USDT:USDT,0.13349,250.0,0.13348,2247.0,0.13384,96.0,0.13385,26.0
1753531878315,12:11:18.315,AI/USDT:USDT,0.13352,2246.0,0.13351,404.0,0.13384,96.0,0.13385,26.0
1753531878336,12:11:18.336,AI/USDT:USDT,0.13352,2246.0,0.13351,404.0,0.13384,96.0,0.13385,26.0
1753531878460,12:11:18.460,AI/USDT:USDT,0.13352,2247.0,0.13351,404.0,0.13384,96.0,0.13385,26.0
1753531878613,12:11:18.613,AI/USDT:USDT,0.13352,2247.0,0.13351,404.0,0.13384,96.0,0.13385,26.0
1753531878776,12:11:18.776,AI/USDT:USDT,0.13354,2246.0,0.13353,2621.0,0.13384,96.0,0.13385,26.0
1753531878964,12:11:18.964,AI/USDT:USDT,0.13356,2246.0,0.13355,250.0,0.13384,96.0,0.13385,26.0
1753531879053,12:11:19.053,AI/USDT:USDT,0.13356,2246.0,0.13355,250.0,0.13384,96.0,0.13385,26.0
1753531879171,12:11:19.171,AI/USDT:USDT,0.13356,2246.0,0.13355,250.0,0.13384,96.0,0.13385,26.0
1753531879366,12:11:19.366,AI/USDT:USDT,0.13356,2246.0,0.13355,250.0,0.13384,96.0,0.13385,26.0
1753531879437,12:11:19.437,AI/USDT:USDT,0.13356,2246.0,0.13355,250.0,0.13384,96.0,0.13385,26.0
1753531879649,12:11:19.649,AI/USDT:USDT,0.13356,2246.0,0.13355,250.0,0.13384,96.0,0.13385,26.0
1753531879782,12:11:19.782,AI/USDT:USDT,0.13356,2246.0,0.13355,250.0,0.13384,96.0,0.13385,26.0
1753531879955,12:11:19.955,AI/USDT:USDT,0.13356,2246.0,0.13355,250.0,0.13384,96.0,0.13385,26.0
1753531880120,12:11:20.120,AI/USDT:USDT,0.13356,2246.0,0.13355,250.0,0.13384,96.0,0.13385,26.0
1753531880195,12:11:20.195,AI/USDT:USDT,0.13356,2246.0,0.13355,250.0,0.13384,96.0,0.13385,26.0
1753531880427,12:11:20.427,AI/USDT:USDT,0.13356,2246.0,0.13355,250.0,0.13384,96.0,0.13385,26.0
1753531880564,12:11:20.564,AI/USDT:USDT,0.13356,2246.0,0.13355,250.0,0.13384,96.0,0.13385,26.0
1753531881211,12:11:21.211,AI/USDT:USDT,0.13356,2246.0,0.13355,250.0,0.13384,96.0,0.13385,26.0
1753531881769,12:11:21.769,AI/USDT:USDT,0.13356,2246.0,0.13355,250.0,0.13384,96.0,0.13385,26.0
1753531882089,12:11:22.089,AI/USDT:USDT,0.13356,2246.0,0.13355,250.0,0.13384,96.0,0.13385,26.0
1753531882404,12:11:22.404,AI/USDT:USDT,0.13356,2246.0,0.13355,250.0,0.13384,96.0,0.13385,26.0
1753531883023,12:11:23.023,AI/USDT:USDT,0.13356,2246.0,0.13355,250.0,0.13384,96.0,0.13385,26.0
1753531883244,12:11:23.244,AI/USDT:USDT,0.13356,2246.0,0.13355,250.0,0.13384,96.0,0.13385,26.0
1753531883417,12:11:23.417,AI/USDT:USDT,0.13356,2246.0,0.13355,250.0,0.13384,96.0,0.13385,26.0
1753531883435,12:11:23.435,AI/USDT:USDT,0.13356,2246.0,0.13355,250.0,0.13384,96.0,0.13385,26.0
1753531883678,12:11:23.678,AI/USDT:USDT,0.13356,2246.0,0.13355,250.0,0.13384,96.0,0.13385,26.0
1753531884106,12:11:24.106,AI/USDT:USDT,0.13356,2246.0,0.13355,250.0,0.13384,96.0,0.13385,26.0
1753531884243,12:11:24.243,AI/USDT:USDT,0.13356,2246.0,0.13355,250.0,0.13384,96.0,0.13385,26.0
1753531884382,12:11:24.382,AI/USDT:USDT,0.13356,2246.0,0.13355,250.0,0.13384,96.0,0.13385,26.0
1753531884440,12:11:24.440,AI/USDT:USDT,0.13356,2246.0,0.13355,250.0,0.13384,96.0,0.13385,26.0
1753531885329,12:11:25.329,AI/USDT:USDT,0.13356,2246.0,0.13355,250.0,0.13384,96.0,0.13385,26.0
1753531885371,12:11:25.371,AI/USDT:USDT,0.13356,2246.0,0.13355,250.0,0.13384,96.0,0.13385,26.0
1753531885574,12:11:25.574,AI/USDT:USDT,0.13356,2246.0,0.13355,250.0,0.13384,96.0,0.13385,26.0
1753531886156,12:11:26.156,AI/USDT:USDT,0.13356,2246.0,0.13355,250.0,0.13384,96.0,0.13385,26.0
1753531886384,12:11:26.384,AI/USDT:USDT,0.13356,2246.0,0.13355,250.0,0.13384,96.0,0.13385,26.0
1753531887378,12:11:27.378,AI/USDT:USDT,0.13356,2246.0,0.13355,250.0,0.13384,96.0,0.13385,26.0
1753531888197,12:11:28.197,AI/USDT:USDT,0.13356,2246.0,0.13355,250.0,0.13384,96.0,0.13385,26.0
1753531888534,12:11:28.534,AI/USDT:USDT,0.13356,2246.0,0.13355,250.0,0.13384,96.0,0.13385,26.0
1753531889001,12:11:29.001,AI/USDT:USDT,0.13357,2493.0,0.13356,2246.0,0.13384,96.0,0.13385,26.0
1753531889326,12:11:29.326,AI/USDT:USDT,0.13357,2493.0,0.13356,2246.0,0.13384,96.0,0.13385,26.0
