timestamp,time,symbol,bid1_price,bid1_volume,bid2_price,bid2_volume,ask1_price,ask1_volume,ask2_price,ask2_volume
1753531608000,12:06:48.000,BB/USDT:USDT,0.11129,44.0,0.11123,9.0,0.1114,562.0,0.11141,22.0
1753531609000,12:06:49.000,BB/USDT:USDT,0.11129,44.0,0.11123,9.0,0.1114,562.0,0.11141,22.0
1753531609160,12:06:49.160,BB/USDT:USDT,0.11129,44.0,0.11123,9.0,0.1114,562.0,0.11141,22.0
1753531609270,12:06:49.270,BB/USDT:USDT,0.11129,44.0,0.11123,9.0,0.1114,561.0,0.11141,22.0
1753531609421,12:06:49.421,BB/USDT:USDT,0.11129,44.0,0.11123,9.0,0.1114,553.0,0.11141,22.0
1753531609960,12:06:49.960,BB/USDT:USDT,0.11129,44.0,0.11123,9.0,0.1114,553.0,0.11141,22.0
1753531610232,12:06:50.232,BB/USDT:USDT,0.1113,44.0,0.11125,9.0,0.11139,183.0,0.1114,609.0
1753531610277,12:06:50.277,BB/USDT:USDT,0.1113,44.0,0.11125,9.0,0.11138,294.0,0.11139,200.0
1753531610798,12:06:50.798,BB/USDT:USDT,0.1113,44.0,0.11125,9.0,0.11138,384.0,0.11139,200.0
1753531610889,12:06:50.889,BB/USDT:USDT,0.1113,44.0,0.11125,9.0,0.11138,474.0,0.11139,200.0
1753531611233,12:06:51.233,BB/USDT:USDT,0.1113,44.0,0.11125,9.0,0.11138,474.0,0.11139,200.0
1753531611282,12:06:51.282,BB/USDT:USDT,0.1113,44.0,0.11125,9.0,0.11138,474.0,0.11139,200.0
1753531611466,12:06:51.466,BB/USDT:USDT,0.1113,44.0,0.11125,9.0,0.11138,474.0,0.11139,200.0
1753531612099,12:06:52.099,BB/USDT:USDT,0.1113,44.0,0.11125,9.0,0.11138,474.0,0.11139,200.0
1753531612168,12:06:52.168,BB/USDT:USDT,0.1113,44.0,0.11125,9.0,0.11138,474.0,0.11139,200.0
1753531612285,12:06:52.285,BB/USDT:USDT,0.1113,44.0,0.11125,9.0,0.11138,474.0,0.11139,200.0
1753531612842,12:06:52.842,BB/USDT:USDT,0.1113,44.0,0.11125,9.0,0.11138,474.0,0.11139,90.0
1753531613520,12:06:53.520,BB/USDT:USDT,0.1113,44.0,0.11125,9.0,0.11138,564.0,0.1114,22.0
1753531613624,12:06:53.624,BB/USDT:USDT,0.11125,9.0,0.1112,6.0,0.11138,564.0,0.1114,30.0
1753531613689,12:06:53.689,BB/USDT:USDT,0.11125,9.0,0.1112,6.0,0.11138,564.0,0.1114,30.0
1753531614240,12:06:54.240,BB/USDT:USDT,0.11125,9.0,0.1112,6.0,0.11138,564.0,0.1114,30.0
1753531614602,12:06:54.602,BB/USDT:USDT,0.11125,9.0,0.1112,6.0,0.11138,564.0,0.1114,22.0
1753531615167,12:06:55.167,BB/USDT:USDT,0.11125,9.0,0.1112,6.0,0.11138,564.0,0.1114,22.0
1753531615287,12:06:55.287,BB/USDT:USDT,0.11125,9.0,0.1112,6.0,0.11138,564.0,0.1114,22.0
1753531615749,12:06:55.749,BB/USDT:USDT,0.11125,9.0,0.1112,6.0,0.11138,564.0,0.1114,22.0
1753531616423,12:06:56.423,BB/USDT:USDT,0.11125,9.0,0.1112,6.0,0.11138,564.0,0.1114,22.0
1753531616675,12:06:56.675,BB/USDT:USDT,0.11125,9.0,0.1112,6.0,0.11138,564.0,0.1114,22.0
1753531617429,12:06:57.429,BB/USDT:USDT,0.11125,9.0,0.1112,6.0,0.11138,572.0,0.1114,22.0
1753531617510,12:06:57.510,BB/USDT:USDT,0.1112,6.0,0.11117,236.0,0.11138,572.0,0.1114,22.0
1753531617709,12:06:57.709,BB/USDT:USDT,0.1112,6.0,0.11117,236.0,0.11138,572.0,0.1114,22.0
1753531618452,12:06:58.452,BB/USDT:USDT,0.1112,6.0,0.11117,236.0,0.11138,564.0,0.1114,22.0
1753531618544,12:06:58.544,BB/USDT:USDT,0.1112,6.0,0.11117,236.0,0.11138,564.0,0.1114,22.0
1753531620268,12:07:00.268,BB/USDT:USDT,0.1112,6.0,0.11117,236.0,0.11138,564.0,0.1114,22.0
1753531620809,12:07:00.809,BB/USDT:USDT,0.11126,44.0,0.1112,15.0,0.11136,25.0,0.11137,123.0
1753531621100,12:07:01.100,BB/USDT:USDT,0.11126,44.0,0.1112,15.0,0.11136,205.0,0.11137,123.0
1753531622828,12:07:02.828,BB/USDT:USDT,0.1112,15.0,0.11115,50.0,0.11135,314.0,0.11136,205.0
1753531623432,12:07:03.432,BB/USDT:USDT,0.1112,6.0,0.11115,50.0,0.1113,433.0,0.11131,45.0
1753531623529,12:07:03.529,BB/USDT:USDT,0.1112,6.0,0.11115,50.0,0.11129,269.0,0.1113,222.0
1753531624026,12:07:04.026,BB/USDT:USDT,0.1112,6.0,0.11115,50.0,0.11125,269.0,0.11126,173.0
1753531624099,12:07:04.099,BB/USDT:USDT,0.1112,6.0,0.11115,50.0,0.11124,115.0,0.11125,291.0
1753531624216,12:07:04.216,BB/USDT:USDT,0.1112,6.0,0.11115,50.0,0.11124,115.0,0.11125,291.0
1753531624332,12:07:04.332,BB/USDT:USDT,0.1112,6.0,0.11115,50.0,0.11124,115.0,0.11125,291.0
1753531624420,12:07:04.420,BB/USDT:USDT,0.1112,6.0,0.11115,50.0,0.11124,115.0,0.11125,291.0
1753531624517,12:07:04.517,BB/USDT:USDT,0.1112,6.0,0.11115,50.0,0.11124,115.0,0.11125,291.0
1753531624633,12:07:04.633,BB/USDT:USDT,0.1112,6.0,0.11115,50.0,0.11124,70.0,0.11125,291.0
1753531624653,12:07:04.653,BB/USDT:USDT,0.1112,6.0,0.11115,50.0,0.11124,70.0,0.11125,291.0
1753531624821,12:07:04.821,BB/USDT:USDT,0.1112,6.0,0.11115,50.0,0.11124,70.0,0.11125,291.0
1753531624960,12:07:04.960,BB/USDT:USDT,0.1112,6.0,0.11115,50.0,0.11124,70.0,0.11125,291.0
1753531625106,12:07:05.106,BB/USDT:USDT,0.1112,6.0,0.11115,50.0,0.11124,70.0,0.11125,291.0
1753531625423,12:07:05.423,BB/USDT:USDT,0.1112,6.0,0.11115,50.0,0.11124,70.0,0.11125,291.0
1753531626120,12:07:06.120,BB/USDT:USDT,0.1112,6.0,0.11115,50.0,0.11124,70.0,0.11125,291.0
1753531626177,12:07:06.177,BB/USDT:USDT,0.1112,6.0,0.11115,50.0,0.11124,115.0,0.11125,291.0
1753531626260,12:07:06.260,BB/USDT:USDT,0.1112,6.0,0.11115,50.0,0.11124,115.0,0.11125,291.0
1753531626365,12:07:06.365,BB/USDT:USDT,0.1112,6.0,0.11115,50.0,0.11124,115.0,0.11125,291.0
1753531626625,12:07:06.625,BB/USDT:USDT,0.1112,6.0,0.11115,50.0,0.11124,205.0,0.11125,291.0
1753531626696,12:07:06.696,BB/USDT:USDT,0.1112,6.0,0.11115,50.0,0.11124,205.0,0.11125,291.0
1753531627094,12:07:07.094,BB/USDT:USDT,0.1112,6.0,0.11115,50.0,0.11124,115.0,0.11125,291.0
1753531627168,12:07:07.168,BB/USDT:USDT,0.1112,6.0,0.11115,50.0,0.11124,205.0,0.11125,291.0
1753531627479,12:07:07.479,BB/USDT:USDT,0.1112,6.0,0.11115,50.0,0.11124,205.0,0.11125,291.0
1753531627788,12:07:07.788,BB/USDT:USDT,0.1112,6.0,0.11115,50.0,0.11124,205.0,0.11125,291.0
1753531627998,12:07:07.998,BB/USDT:USDT,0.1112,6.0,0.11115,50.0,0.11124,250.0,0.11125,291.0
1753531628119,12:07:08.119,BB/USDT:USDT,0.1112,6.0,0.11115,50.0,0.11124,250.0,0.11125,291.0
1753531628137,12:07:08.137,BB/USDT:USDT,0.1112,6.0,0.11115,50.0,0.11124,250.0,0.11125,291.0
1753531628331,12:07:08.331,BB/USDT:USDT,0.11115,50.0,0.11105,50.0,0.11124,576.0,0.11125,22.0
1753531628375,12:07:08.375,BB/USDT:USDT,0.11115,50.0,0.11105,50.0,0.11124,576.0,0.11125,22.0
1753531628457,12:07:08.457,BB/USDT:USDT,0.11115,50.0,0.11105,359.0,0.11124,576.0,0.11125,22.0
1753531628756,12:07:08.756,BB/USDT:USDT,0.11115,50.0,0.11105,359.0,0.11124,576.0,0.11125,22.0
1753531629007,12:07:09.007,BB/USDT:USDT,0.11115,50.0,0.11105,359.0,0.11124,576.0,0.11125,22.0
1753531629233,12:07:09.233,BB/USDT:USDT,0.11115,50.0,0.11105,359.0,0.11124,576.0,0.11125,22.0
1753531629778,12:07:09.778,BB/USDT:USDT,0.11115,50.0,0.11105,359.0,0.11124,576.0,0.11125,22.0
1753531630311,12:07:10.311,BB/USDT:USDT,0.11115,50.0,0.11105,359.0,0.11124,576.0,0.11125,22.0
1753531631417,12:07:11.417,BB/USDT:USDT,0.11115,50.0,0.11105,359.0,0.11124,576.0,0.11125,22.0
1753531631525,12:07:11.525,BB/USDT:USDT,0.11115,50.0,0.11105,359.0,0.11124,576.0,0.11125,22.0
1753531631933,12:07:11.933,BB/USDT:USDT,0.11115,50.0,0.11105,359.0,0.11123,404.0,0.11124,25.0
1753531631940,12:07:11.940,BB/USDT:USDT,0.11115,50.0,0.11105,359.0,0.11122,3.0,0.11123,449.0
1753531632431,12:07:12.431,BB/USDT:USDT,0.11115,50.0,0.11105,359.0,0.11122,3.0,0.11123,449.0
1753531632516,12:07:12.516,BB/USDT:USDT,0.11115,50.0,0.11105,359.0,0.11122,3.0,0.11123,449.0
1753531633514,12:07:13.514,BB/USDT:USDT,0.11115,50.0,0.11105,359.0,0.11122,3.0,0.11123,449.0
1753531634123,12:07:14.123,BB/USDT:USDT,0.11105,359.0,0.11104,852.0,0.11122,317.0,0.11123,180.0
1753531634324,12:07:14.324,BB/USDT:USDT,0.11105,359.0,0.11104,852.0,0.11122,317.0,0.11123,180.0
1753531634371,12:07:14.371,BB/USDT:USDT,0.11105,359.0,0.11104,852.0,0.11122,317.0,0.11123,180.0
1753531634519,12:07:14.519,BB/USDT:USDT,0.11106,44.0,0.11105,359.0,0.11121,269.0,0.11122,48.0
1753531634617,12:07:14.617,BB/USDT:USDT,0.11111,44.0,0.11105,359.0,0.1112,25.0,0.11121,269.0
1753531634933,12:07:14.933,BB/USDT:USDT,0.11107,44.0,0.11105,50.0,0.1112,283.0,0.11122,45.0
1753531635020,12:07:15.020,BB/USDT:USDT,0.11112,44.0,0.11105,50.0,0.1112,429.0,0.11122,45.0
1753531635296,12:07:15.296,BB/USDT:USDT,0.11112,44.0,0.11105,50.0,0.1112,429.0,0.11122,45.0
1753531635676,12:07:15.676,BB/USDT:USDT,0.11112,44.0,0.11105,50.0,0.1112,429.0,0.11122,45.0
1753531635932,12:07:15.932,BB/USDT:USDT,0.11119,44.0,0.11113,44.0,0.1112,93.0,0.11131,22.0
1753531636027,12:07:16.027,BB/USDT:USDT,0.1112,44.0,0.11114,9.0,0.11128,314.0,0.11129,105.0
1753531636122,12:07:16.122,BB/USDT:USDT,0.11114,9.0,0.11105,247.0,0.11127,294.0,0.11128,53.0
1753531636158,12:07:16.158,BB/USDT:USDT,0.11114,9.0,0.11105,247.0,0.11127,294.0,0.11128,53.0
1753531637127,12:07:17.127,BB/USDT:USDT,0.11114,9.0,0.11105,247.0,0.11127,294.0,0.11128,45.0
1753531637216,12:07:17.216,BB/USDT:USDT,0.11114,9.0,0.11105,247.0,0.11127,294.0,0.11128,45.0
1753531637598,12:07:17.598,BB/USDT:USDT,0.11114,9.0,0.11105,247.0,0.11127,294.0,0.11128,45.0
1753531637792,12:07:17.792,BB/USDT:USDT,0.11114,9.0,0.11105,247.0,0.11127,294.0,0.11128,45.0
1753531638016,12:07:18.016,BB/USDT:USDT,0.11114,9.0,0.11105,247.0,0.11127,294.0,0.11128,45.0
1753531638119,12:07:18.119,BB/USDT:USDT,0.11114,9.0,0.11105,247.0,0.11126,269.0,0.11127,25.0
1753531638177,12:07:18.177,BB/USDT:USDT,0.11115,44.0,0.11105,247.0,0.11125,25.0,0.11126,280.0
1753531638999,12:07:18.999,BB/USDT:USDT,0.11115,44.0,0.11105,247.0,0.11125,25.0,0.11126,280.0
1753531639069,12:07:19.069,BB/USDT:USDT,0.11115,44.0,0.11105,247.0,0.11125,25.0,0.11126,280.0
1753531639224,12:07:19.224,BB/USDT:USDT,0.11115,44.0,0.11105,247.0,0.11125,160.0,0.11126,280.0
1753531639237,12:07:19.237,BB/USDT:USDT,0.11115,44.0,0.11105,247.0,0.11125,160.0,0.11126,280.0
1753531639543,12:07:19.543,BB/USDT:USDT,0.11115,44.0,0.11105,247.0,0.11125,250.0,0.11126,280.0
1753531639932,12:07:19.932,BB/USDT:USDT,0.11115,44.0,0.11105,247.0,0.11125,250.0,0.11126,280.0
1753531639939,12:07:19.939,BB/USDT:USDT,0.11115,44.0,0.11105,247.0,0.11125,250.0,0.11126,280.0
1753531640091,12:07:20.091,BB/USDT:USDT,0.11115,44.0,0.11105,247.0,0.11125,250.0,0.11126,280.0
1753531641116,12:07:21.116,BB/USDT:USDT,0.11115,44.0,0.11105,247.0,0.11125,250.0,0.11126,280.0
1753531641422,12:07:21.422,BB/USDT:USDT,0.11115,44.0,0.11105,247.0,0.11125,160.0,0.11126,280.0
1753531641631,12:07:21.631,BB/USDT:USDT,0.11115,44.0,0.11105,247.0,0.11125,160.0,0.11126,280.0
1753531641867,12:07:21.867,BB/USDT:USDT,0.11115,44.0,0.11105,247.0,0.11125,160.0,0.11126,280.0
1753531642006,12:07:22.006,BB/USDT:USDT,0.11115,44.0,0.11105,247.0,0.11125,160.0,0.11126,280.0
1753531642128,12:07:22.128,BB/USDT:USDT,0.11115,44.0,0.11105,247.0,0.11125,160.0,0.11126,280.0
1753531642676,12:07:22.676,BB/USDT:USDT,0.11115,66.0,0.11105,247.0,0.11125,25.0,0.11126,280.0
1753531643021,12:07:23.021,BB/USDT:USDT,0.11115,66.0,0.11105,247.0,0.11125,3.0,0.11126,269.0
1753531643127,12:07:23.127,BB/USDT:USDT,0.1112,44.0,0.11115,22.0,0.11125,3.0,0.11126,269.0
1753531643266,12:07:23.266,BB/USDT:USDT,0.1112,44.0,0.11115,22.0,0.11125,3.0,0.11126,269.0
1753531644232,12:07:24.232,BB/USDT:USDT,0.11115,11.0,0.11105,247.0,0.11125,48.0,0.11126,269.0
1753531644317,12:07:24.317,BB/USDT:USDT,0.11119,44.0,0.11118,44.0,0.11125,3.0,0.11126,269.0
1753531644382,12:07:24.382,BB/USDT:USDT,0.11119,44.0,0.11115,22.0,0.11125,3.0,0.11126,269.0
1753531644489,12:07:24.489,BB/USDT:USDT,0.11119,44.0,0.11115,22.0,0.11125,3.0,0.11126,269.0
1753531645495,12:07:25.495,BB/USDT:USDT,0.11119,44.0,0.11115,11.0,0.11125,3.0,0.11126,269.0
1753531646375,12:07:26.375,BB/USDT:USDT,0.11119,44.0,0.11115,11.0,0.11125,3.0,0.11126,269.0
1753531646615,12:07:26.615,BB/USDT:USDT,0.11119,44.0,0.11117,11.0,0.11125,3.0,0.11126,269.0
1753531646702,12:07:26.702,BB/USDT:USDT,0.11119,44.0,0.11118,11.0,0.11125,3.0,0.11126,269.0
1753531647011,12:07:27.011,BB/USDT:USDT,0.11119,44.0,0.11118,11.0,0.11125,3.0,0.11126,291.0
1753531647122,12:07:27.122,BB/USDT:USDT,0.11119,44.0,0.11118,11.0,0.11125,3.0,0.11126,291.0
1753531647233,12:07:27.233,BB/USDT:USDT,0.11119,44.0,0.11118,11.0,0.11125,3.0,0.11126,269.0
1753531648500,12:07:28.500,BB/USDT:USDT,0.11119,44.0,0.11118,11.0,0.11125,3.0,0.11126,269.0
1753531648918,12:07:28.918,BB/USDT:USDT,0.11113,9.0,0.11105,489.0,0.11125,48.0,0.11126,269.0
1753531648970,12:07:28.970,BB/USDT:USDT,0.11113,9.0,0.11105,489.0,0.11125,138.0,0.11126,269.0
1753531649623,12:07:29.623,BB/USDT:USDT,0.11113,9.0,0.11105,489.0,0.11125,138.0,0.11126,269.0
1753531650519,12:07:30.519,BB/USDT:USDT,0.11118,44.0,0.11105,489.0,0.11125,93.0,0.11126,269.0
1753531650567,12:07:30.567,BB/USDT:USDT,0.11118,44.0,0.11112,9.0,0.11125,93.0,0.11126,269.0
1753531650942,12:07:30.942,BB/USDT:USDT,0.11112,9.0,0.11105,247.0,0.11125,362.0,0.11127,22.0
1753531651197,12:07:31.197,BB/USDT:USDT,0.11112,9.0,0.11105,247.0,0.11125,452.0,0.11127,22.0
1753531652023,12:07:32.023,BB/USDT:USDT,0.11112,9.0,0.11105,247.0,0.11125,497.0,0.11127,22.0
1753531652105,12:07:32.105,BB/USDT:USDT,0.11112,9.0,0.11105,247.0,0.11125,497.0,0.11127,22.0
1753531652924,12:07:32.924,BB/USDT:USDT,0.11114,44.0,0.11113,44.0,0.11125,497.0,0.11127,22.0
1753531653017,12:07:33.017,BB/USDT:USDT,0.11118,44.0,0.11105,247.0,0.11125,497.0,0.11127,22.0
1753531653082,12:07:33.082,BB/USDT:USDT,0.11118,44.0,0.11112,9.0,0.11125,497.0,0.11127,22.0
1753531654081,12:07:34.081,BB/USDT:USDT,0.11118,44.0,0.11112,9.0,0.11125,504.0,0.11127,22.0
1753531654910,12:07:34.910,BB/USDT:USDT,0.11118,44.0,0.11112,9.0,0.11125,504.0,0.11127,22.0
1753531655008,12:07:35.008,BB/USDT:USDT,0.11118,44.0,0.11112,9.0,0.11125,470.0,0.11127,22.0
1753531655174,12:07:35.174,BB/USDT:USDT,0.11118,44.0,0.11112,9.0,0.11125,407.0,0.11127,22.0
1753531655556,12:07:35.556,BB/USDT:USDT,0.11112,9.0,0.11105,247.0,0.11125,407.0,0.11127,22.0
1753531655696,12:07:35.696,BB/USDT:USDT,0.11112,9.0,0.11105,247.0,0.11125,468.0,0.11127,22.0
1753531656230,12:07:36.230,BB/USDT:USDT,0.11112,9.0,0.11105,247.0,0.11125,468.0,0.11126,22.0
1753531657050,12:07:37.050,BB/USDT:USDT,0.11112,9.0,0.11105,247.0,0.11125,468.0,0.11126,22.0
1753531657808,12:07:37.808,BB/USDT:USDT,0.11112,9.0,0.11105,247.0,0.11125,514.0,0.11127,22.0
1753531657837,12:07:37.837,BB/USDT:USDT,0.11112,9.0,0.11105,247.0,0.11125,513.0,0.11127,22.0
1753531659014,12:07:39.014,BB/USDT:USDT,0.11112,9.0,0.11105,247.0,0.11125,513.0,0.11127,22.0
1753531659173,12:07:39.173,BB/USDT:USDT,0.11112,9.0,0.11105,247.0,0.11125,407.0,0.11127,22.0
1753531660421,12:07:40.421,BB/USDT:USDT,0.11112,9.0,0.11105,247.0,0.11125,452.0,0.11127,22.0
1753531661019,12:07:41.019,BB/USDT:USDT,0.11112,9.0,0.11105,247.0,0.11125,512.0,0.11126,22.0
1753531662426,12:07:42.426,BB/USDT:USDT,0.11112,9.0,0.11105,247.0,0.11125,557.0,0.11126,22.0
1753531662516,12:07:42.516,BB/USDT:USDT,0.11112,9.0,0.11105,247.0,0.11125,557.0,0.11126,22.0
1753531662616,12:07:42.616,BB/USDT:USDT,0.11117,44.0,0.11114,11.0,0.11125,557.0,0.11126,22.0
1753531662754,12:07:42.754,BB/USDT:USDT,0.11117,44.0,0.11114,11.0,0.11125,557.0,0.11127,22.0
1753531663394,12:07:43.394,BB/USDT:USDT,0.11117,44.0,0.11114,11.0,0.11125,317.0,0.11127,22.0
1753531663530,12:07:43.530,BB/USDT:USDT,0.11117,44.0,0.11114,11.0,0.11125,362.0,0.11127,22.0
1753531663624,12:07:43.624,BB/USDT:USDT,0.11117,44.0,0.11114,11.0,0.11125,452.0,0.11127,22.0
1753531663728,12:07:43.728,BB/USDT:USDT,0.11114,11.0,0.11105,247.0,0.11125,542.0,0.11127,22.0
1753531664129,12:07:44.129,BB/USDT:USDT,0.11114,22.0,0.11105,247.0,0.11125,407.0,0.11127,22.0
1753531664197,12:07:44.197,BB/USDT:USDT,0.11118,44.0,0.11114,22.0,0.11125,407.0,0.11127,22.0
1753531664330,12:07:44.330,BB/USDT:USDT,0.11118,44.0,0.11114,22.0,0.11125,407.0,0.11127,22.0
1753531664412,12:07:44.412,BB/USDT:USDT,0.11118,44.0,0.11114,22.0,0.11125,407.0,0.11127,22.0
1753531664796,12:07:44.796,BB/USDT:USDT,0.11114,22.0,0.11105,247.0,0.11125,407.0,0.11127,22.0
1753531664884,12:07:44.884,BB/USDT:USDT,0.11114,22.0,0.11105,247.0,0.11125,317.0,0.11127,22.0
1753531665324,12:07:45.324,BB/USDT:USDT,0.11114,22.0,0.11105,247.0,0.11125,362.0,0.11127,22.0
1753531665376,12:07:45.376,BB/USDT:USDT,0.11114,22.0,0.11105,247.0,0.11125,452.0,0.11127,22.0
1753531665561,12:07:45.561,BB/USDT:USDT,0.11114,22.0,0.11105,247.0,0.11125,452.0,0.11127,22.0
1753531665659,12:07:45.659,BB/USDT:USDT,0.11114,22.0,0.11105,247.0,0.11125,497.0,0.11127,22.0
1753531665824,12:07:45.824,BB/USDT:USDT,0.11114,22.0,0.11105,247.0,0.11125,407.0,0.11127,22.0
1753531665926,12:07:45.926,BB/USDT:USDT,0.11114,22.0,0.11105,247.0,0.11125,369.0,0.11127,22.0
1753531665975,12:07:45.975,BB/USDT:USDT,0.11114,22.0,0.11105,247.0,0.11125,414.0,0.11127,22.0
1753531666122,12:07:46.122,BB/USDT:USDT,0.11114,22.0,0.11105,247.0,0.11125,504.0,0.11127,22.0
1753531666626,12:07:46.626,BB/USDT:USDT,0.11114,22.0,0.11105,247.0,0.11125,414.0,0.11127,22.0
1753531666671,12:07:46.671,BB/USDT:USDT,0.11114,22.0,0.11105,247.0,0.11125,272.0,0.11127,22.0
1753531666770,12:07:46.770,BB/USDT:USDT,0.11114,22.0,0.11105,247.0,0.11125,272.0,0.11127,11.0
1753531666837,12:07:46.837,BB/USDT:USDT,0.11114,22.0,0.11105,247.0,0.11125,272.0,0.11127,11.0
1753531667097,12:07:47.097,BB/USDT:USDT,0.11114,22.0,0.11105,247.0,0.11125,272.0,0.11127,11.0
1753531667222,12:07:47.222,BB/USDT:USDT,0.11114,22.0,0.11105,247.0,0.11125,283.0,0.11127,11.0
1753531667320,12:07:47.320,BB/USDT:USDT,0.11114,22.0,0.11105,247.0,0.11125,418.0,0.11127,11.0
1753531667373,12:07:47.373,BB/USDT:USDT,0.11114,22.0,0.11105,247.0,0.11125,463.0,0.11127,11.0
1753531667528,12:07:47.528,BB/USDT:USDT,0.11114,22.0,0.11105,247.0,0.11125,508.0,0.11127,11.0
1753531667829,12:07:47.829,BB/USDT:USDT,0.11114,22.0,0.11105,247.0,0.11125,418.0,0.11127,11.0
1753531667880,12:07:47.880,BB/USDT:USDT,0.11114,22.0,0.11105,247.0,0.11125,328.0,0.11127,11.0
1753531668020,12:07:48.020,BB/USDT:USDT,0.11114,11.0,0.11105,247.0,0.11125,418.0,0.11127,11.0
1753531668102,12:07:48.102,BB/USDT:USDT,0.11114,11.0,0.11105,247.0,0.11125,508.0,0.11127,11.0
1753531668624,12:07:48.624,BB/USDT:USDT,0.11114,11.0,0.11105,247.0,0.11125,418.0,0.11127,11.0
1753531668819,12:07:48.819,BB/USDT:USDT,0.11114,11.0,0.11105,247.0,0.11125,508.0,0.11127,11.0
1753531669927,12:07:49.927,BB/USDT:USDT,0.11114,11.0,0.11105,247.0,0.11125,418.0,0.11127,11.0
1753531670024,12:07:50.024,BB/USDT:USDT,0.11116,44.0,0.11114,11.0,0.11125,463.0,0.11127,11.0
1753531670056,12:07:50.056,BB/USDT:USDT,0.11116,44.0,0.11105,247.0,0.11125,463.0,0.11127,11.0
1753531670222,12:07:50.222,BB/USDT:USDT,0.11116,44.0,0.11105,247.0,0.11125,515.0,0.11127,11.0
1753531672120,12:07:52.120,BB/USDT:USDT,0.11105,247.0,0.11104,852.0,0.11125,515.0,0.11127,11.0
1753531672327,12:07:52.327,BB/USDT:USDT,0.11105,247.0,0.11104,852.0,0.11125,570.0,0.11127,11.0
1753531672724,12:07:52.724,BB/USDT:USDT,0.11105,247.0,0.11104,852.0,0.11125,570.0,0.11137,235.0
1753531672826,12:07:52.826,BB/USDT:USDT,0.11105,247.0,0.11104,852.0,0.11125,515.0,0.11137,235.0
1753531673804,12:07:53.804,BB/USDT:USDT,0.11105,247.0,0.11104,852.0,0.11125,560.0,0.11137,235.0
1753531674114,12:07:54.114,BB/USDT:USDT,0.11105,247.0,0.11104,852.0,0.11125,560.0,0.11137,235.0
1753531674730,12:07:54.730,BB/USDT:USDT,0.11105,247.0,0.11104,852.0,0.11125,470.0,0.11137,235.0
1753531674823,12:07:54.823,BB/USDT:USDT,0.11105,247.0,0.11104,852.0,0.11125,560.0,0.11137,235.0
1753531674839,12:07:54.839,BB/USDT:USDT,0.11105,247.0,0.11104,852.0,0.11125,560.0,0.11137,235.0
1753531675319,12:07:55.319,BB/USDT:USDT,0.11111,44.0,0.1111,44.0,0.11125,560.0,0.11137,235.0
1753531675419,12:07:55.419,BB/USDT:USDT,0.11116,44.0,0.11115,44.0,0.11125,571.0,0.11137,235.0
1753531675457,12:07:55.457,BB/USDT:USDT,0.11117,44.0,0.11105,247.0,0.11125,571.0,0.11137,235.0
1753531675578,12:07:55.578,BB/USDT:USDT,0.11117,44.0,0.11105,247.0,0.11125,571.0,0.11137,235.0
1753531675825,12:07:55.825,BB/USDT:USDT,0.11117,44.0,0.11105,247.0,0.11125,571.0,0.11137,235.0
1753531675838,12:07:55.838,BB/USDT:USDT,0.11117,44.0,0.11105,247.0,0.11125,571.0,0.11137,235.0
1753531676021,12:07:56.021,BB/USDT:USDT,0.11105,247.0,0.11104,852.0,0.11125,560.0,0.11137,235.0
1753531676921,12:07:56.921,BB/USDT:USDT,0.11105,247.0,0.11104,852.0,0.11125,515.0,0.11137,235.0
1753531676997,12:07:56.997,BB/USDT:USDT,0.11105,247.0,0.11104,852.0,0.11125,560.0,0.11137,235.0
1753531677896,12:07:57.896,BB/USDT:USDT,0.11105,247.0,0.11104,852.0,0.11125,425.0,0.11137,235.0
1753531678131,12:07:58.131,BB/USDT:USDT,0.11105,247.0,0.11104,852.0,0.11125,524.0,0.11137,235.0
1753531678183,12:07:58.183,BB/USDT:USDT,0.11105,247.0,0.11104,852.0,0.11125,580.0,0.11137,235.0
1753531680096,12:08:00.096,BB/USDT:USDT,0.11105,247.0,0.11104,852.0,0.11125,425.0,0.11137,235.0
1753531680196,12:08:00.196,BB/USDT:USDT,0.11105,247.0,0.11104,852.0,0.11125,470.0,0.11137,235.0
1753531680833,12:08:00.833,BB/USDT:USDT,0.11105,247.0,0.11104,852.0,0.11125,470.0,0.11137,235.0
1753531680922,12:08:00.922,BB/USDT:USDT,0.11105,247.0,0.11104,852.0,0.11125,560.0,0.11137,235.0
1753531681578,12:08:01.578,BB/USDT:USDT,0.11107,44.0,0.11106,50.0,0.11125,560.0,0.11137,235.0
1753531681657,12:08:01.657,BB/USDT:USDT,0.11107,44.0,0.11106,50.0,0.11125,560.0,0.11137,235.0
1753531681920,12:08:01.920,BB/USDT:USDT,0.11107,44.0,0.11106,50.0,0.11125,425.0,0.11137,235.0
1753531681937,12:08:01.937,BB/USDT:USDT,0.11107,44.0,0.11106,50.0,0.11125,515.0,0.11137,235.0
1753531682058,12:08:02.058,BB/USDT:USDT,0.11107,44.0,0.11106,50.0,0.11125,560.0,0.11137,235.0
1753531682697,12:08:02.697,BB/USDT:USDT,0.11107,44.0,0.11106,50.0,0.11125,560.0,0.11137,235.0
1753531682795,12:08:02.795,BB/USDT:USDT,0.11107,44.0,0.11106,50.0,0.11125,425.0,0.11137,235.0
1753531683120,12:08:03.120,BB/USDT:USDT,0.11107,44.0,0.11106,50.0,0.11124,269.0,0.11125,246.0
1753531683198,12:08:03.198,BB/USDT:USDT,0.11108,44.0,0.11106,50.0,0.11123,3.0,0.11124,269.0
1753531683256,12:08:03.256,BB/USDT:USDT,0.11108,44.0,0.11106,50.0,0.11123,3.0,0.11124,269.0
1753531683382,12:08:03.382,BB/USDT:USDT,0.11108,44.0,0.11106,50.0,0.11123,53.0,0.11124,269.0
1753531684329,12:08:04.329,BB/USDT:USDT,0.11108,44.0,0.11106,50.0,0.11123,98.0,0.11124,269.0
1753531684335,12:08:04.335,BB/USDT:USDT,0.11108,44.0,0.11106,50.0,0.11123,143.0,0.11124,269.0
1753531684814,12:08:04.814,BB/USDT:USDT,0.11108,44.0,0.11106,50.0,0.11123,143.0,0.11124,269.0
1753531685112,12:08:05.112,BB/USDT:USDT,0.11108,44.0,0.11106,50.0,0.11123,143.0,0.11124,269.0
1753531686124,12:08:06.124,BB/USDT:USDT,0.11108,44.0,0.11106,50.0,0.11123,213.0,0.11124,269.0
1753531686230,12:08:06.230,BB/USDT:USDT,0.11109,44.0,0.11106,50.0,0.11123,3.0,0.11124,269.0
1753531686316,12:08:06.316,BB/USDT:USDT,0.11109,44.0,0.11106,50.0,0.11123,3.0,0.11124,269.0
1753531686704,12:08:06.704,BB/USDT:USDT,0.11109,44.0,0.11106,50.0,0.11123,3.0,0.11124,269.0
1753531686957,12:08:06.957,BB/USDT:USDT,0.11109,44.0,0.11106,50.0,0.11123,3.0,0.11124,269.0
1753531687133,12:08:07.133,BB/USDT:USDT,0.11109,44.0,0.11106,50.0,0.11123,3.0,0.11124,269.0
1753531687918,12:08:07.918,BB/USDT:USDT,0.11109,44.0,0.11106,50.0,0.11123,3.0,0.11124,269.0
1753531687951,12:08:07.951,BB/USDT:USDT,0.11109,44.0,0.11106,50.0,0.11123,3.0,0.11124,269.0
1753531689111,12:08:09.111,BB/USDT:USDT,0.11109,44.0,0.11106,50.0,0.11123,3.0,0.11124,269.0
1753531691406,12:08:11.406,BB/USDT:USDT,0.11109,44.0,0.11106,50.0,0.11123,3.0,0.11124,269.0
1753531691479,12:08:11.479,BB/USDT:USDT,0.11109,44.0,0.11106,50.0,0.11123,3.0,0.11124,269.0
1753531691610,12:08:11.610,BB/USDT:USDT,0.11109,44.0,0.11106,50.0,0.11123,3.0,0.11124,269.0
1753531691695,12:08:11.695,BB/USDT:USDT,0.11109,44.0,0.11106,50.0,0.11123,3.0,0.11124,269.0
1753531693349,12:08:13.349,BB/USDT:USDT,0.11109,44.0,0.11106,50.0,0.11123,3.0,0.11124,269.0
1753531693459,12:08:13.459,BB/USDT:USDT,0.11109,44.0,0.11106,50.0,0.11123,3.0,0.11124,269.0
1753531693720,12:08:13.720,BB/USDT:USDT,0.11109,44.0,0.11106,50.0,0.11123,3.0,0.11124,269.0
1753531694004,12:08:14.004,BB/USDT:USDT,0.11109,44.0,0.11106,50.0,0.11123,3.0,0.11124,269.0
1753531694540,12:08:14.540,BB/USDT:USDT,0.11109,44.0,0.11106,50.0,0.11123,3.0,0.11124,269.0
1753531695762,12:08:15.762,BB/USDT:USDT,0.11109,44.0,0.11106,50.0,0.11123,3.0,0.11124,269.0
1753531696581,12:08:16.581,BB/USDT:USDT,0.11109,44.0,0.11106,50.0,0.11123,3.0,0.11124,269.0
1753531699612,12:08:19.612,BB/USDT:USDT,0.11109,44.0,0.11106,50.0,0.11123,3.0,0.11124,269.0
1753531699786,12:08:19.786,BB/USDT:USDT,0.11109,44.0,0.11106,50.0,0.11123,3.0,0.11124,269.0
1753531700663,12:08:20.663,BB/USDT:USDT,0.11109,44.0,0.11106,50.0,0.11123,3.0,0.11124,269.0
1753531701818,12:08:21.818,BB/USDT:USDT,0.11115,44.0,0.11114,44.0,0.11123,3.0,0.11124,269.0
1753531701839,12:08:21.839,BB/USDT:USDT,0.11115,44.0,0.11112,11.0,0.11123,3.0,0.11124,269.0
1753531702095,12:08:22.095,BB/USDT:USDT,0.11115,44.0,0.11112,11.0,0.11123,3.0,0.11124,280.0
1753531702693,12:08:22.693,BB/USDT:USDT,0.11115,44.0,0.11112,11.0,0.11123,3.0,0.11124,280.0
1753531704759,12:08:24.759,BB/USDT:USDT,0.11115,44.0,0.11112,11.0,0.11123,3.0,0.11124,280.0
1753531705562,12:08:25.562,BB/USDT:USDT,0.11115,44.0,0.11112,11.0,0.11123,3.0,0.11124,280.0
1753531706319,12:08:26.319,BB/USDT:USDT,0.11115,44.0,0.11112,11.0,0.11123,3.0,0.11124,280.0
1753531706376,12:08:26.376,BB/USDT:USDT,0.11117,44.0,0.11115,11.0,0.11123,3.0,0.11124,269.0
1753531706821,12:08:26.821,BB/USDT:USDT,0.11117,44.0,0.11115,11.0,0.11123,3.0,0.11124,269.0
1753531706896,12:08:26.896,BB/USDT:USDT,0.11117,44.0,0.11115,11.0,0.11123,3.0,0.11124,269.0
1753531708380,12:08:28.380,BB/USDT:USDT,0.11117,44.0,0.11115,11.0,0.11123,3.0,0.11124,269.0
1753531710324,12:08:30.324,BB/USDT:USDT,0.11118,11.0,0.11117,11.0,0.11123,3.0,0.11124,269.0
1753531710428,12:08:30.428,BB/USDT:USDT,0.11119,55.0,0.11118,22.0,0.11123,3.0,0.11138,22.0
1753531710479,12:08:30.479,BB/USDT:USDT,0.11123,44.0,0.11118,11.0,0.11136,291.0,0.11137,53.0
1753531710633,12:08:30.633,BB/USDT:USDT,0.11123,44.0,0.11118,11.0,0.11133,269.0,0.11134,426.0
1753531710693,12:08:30.693,BB/USDT:USDT,0.11123,44.0,0.11118,20.0,0.11131,269.0,0.11132,48.0
1753531710830,12:08:30.830,BB/USDT:USDT,0.11118,20.0,0.11117,11.0,0.1113,36.0,0.11131,280.0
1753531710837,12:08:30.837,BB/USDT:USDT,0.11118,20.0,0.11117,11.0,0.1113,36.0,0.11131,280.0
1753531711177,12:08:31.177,BB/USDT:USDT,0.11118,20.0,0.11117,11.0,0.1113,36.0,0.11131,280.0
1753531711403,12:08:31.403,BB/USDT:USDT,0.11118,20.0,0.11117,11.0,0.1113,47.0,0.11131,280.0
1753531711586,12:08:31.586,BB/USDT:USDT,0.11118,20.0,0.11117,11.0,0.1113,47.0,0.11131,280.0
1753531711720,12:08:31.720,BB/USDT:USDT,0.11118,20.0,0.11117,11.0,0.1113,47.0,0.11131,280.0
1753531711840,12:08:31.840,BB/USDT:USDT,0.11118,20.0,0.11117,11.0,0.1113,47.0,0.11131,280.0
1753531712568,12:08:32.568,BB/USDT:USDT,0.11118,20.0,0.11117,11.0,0.1113,47.0,0.11131,280.0
1753531712668,12:08:32.668,BB/USDT:USDT,0.11118,20.0,0.11117,11.0,0.1113,47.0,0.11131,280.0
1753531713784,12:08:33.784,BB/USDT:USDT,0.11118,20.0,0.11117,11.0,0.1113,47.0,0.11131,280.0
1753531714124,12:08:34.124,BB/USDT:USDT,0.11118,20.0,0.11117,11.0,0.1113,182.0,0.11131,280.0
1753531714228,12:08:34.228,BB/USDT:USDT,0.11118,9.0,0.11112,9.0,0.1113,182.0,0.11131,280.0
1753531714328,12:08:34.328,BB/USDT:USDT,0.11112,9.0,0.11106,50.0,0.1113,272.0,0.11131,280.0
1753531714336,12:08:34.336,BB/USDT:USDT,0.11112,9.0,0.11106,50.0,0.1113,272.0,0.11131,280.0
1753531714601,12:08:34.601,BB/USDT:USDT,0.11112,9.0,0.11106,50.0,0.1113,272.0,0.11131,280.0
1753531714652,12:08:34.652,BB/USDT:USDT,0.11112,9.0,0.11106,50.0,0.1113,272.0,0.11131,280.0
1753531714817,12:08:34.817,BB/USDT:USDT,0.11113,44.0,0.11112,9.0,0.11129,50.0,0.1113,272.0
1753531714922,12:08:34.922,BB/USDT:USDT,0.11118,44.0,0.11117,44.0,0.11128,90.0,0.11129,50.0
1753531715022,12:08:35.022,BB/USDT:USDT,0.1112,44.0,0.11114,9.0,0.11128,90.0,0.11129,50.0
1753531715214,12:08:35.214,BB/USDT:USDT,0.11114,9.0,0.11106,50.0,0.11128,90.0,0.11129,50.0
1753531715260,12:08:35.260,BB/USDT:USDT,0.11114,9.0,0.11106,50.0,0.11128,90.0,0.11129,50.0
1753531715439,12:08:35.439,BB/USDT:USDT,0.11114,9.0,0.11106,50.0,0.11128,90.0,0.11129,50.0
1753531715585,12:08:35.585,BB/USDT:USDT,0.11114,9.0,0.11106,50.0,0.11128,404.0,0.11129,50.0
1753531715855,12:08:35.855,BB/USDT:USDT,0.11114,9.0,0.11106,50.0,0.11128,404.0,0.11129,50.0
1753531716294,12:08:36.294,BB/USDT:USDT,0.11114,9.0,0.11106,50.0,0.11128,449.0,0.11129,50.0
1753531716716,12:08:36.716,BB/USDT:USDT,0.11114,9.0,0.11106,50.0,0.11128,449.0,0.11129,50.0
1753531716737,12:08:36.737,BB/USDT:USDT,0.11114,9.0,0.11106,50.0,0.11128,450.0,0.11129,50.0
1753531716922,12:08:36.922,BB/USDT:USDT,0.11114,9.0,0.11106,50.0,0.11128,450.0,0.11129,50.0
1753531716958,12:08:36.958,BB/USDT:USDT,0.11114,9.0,0.11106,50.0,0.11128,494.0,0.11129,50.0
1753531717147,12:08:37.147,BB/USDT:USDT,0.11114,9.0,0.11106,50.0,0.11128,494.0,0.11129,50.0
1753531717441,12:08:37.441,BB/USDT:USDT,0.11114,9.0,0.11106,50.0,0.11128,540.0,0.11129,50.0
1753531717621,12:08:37.621,BB/USDT:USDT,0.11114,9.0,0.11106,50.0,0.11128,540.0,0.11129,50.0
1753531717827,12:08:37.827,BB/USDT:USDT,0.11106,50.0,0.11105,247.0,0.11127,269.0,0.11128,271.0
1753531717933,12:08:37.933,BB/USDT:USDT,0.11114,44.0,0.11113,44.0,0.11126,98.0,0.11127,291.0
1753531717956,12:08:37.956,BB/USDT:USDT,0.11115,44.0,0.11106,50.0,0.11126,120.0,0.11127,291.0
1753531718502,12:08:38.502,BB/USDT:USDT,0.11115,44.0,0.11106,50.0,0.11126,389.0,0.11127,22.0
1753531718561,12:08:38.561,BB/USDT:USDT,0.11115,44.0,0.11106,50.0,0.11126,434.0,0.11127,22.0
1753531718762,12:08:38.762,BB/USDT:USDT,0.11115,44.0,0.11106,50.0,0.11126,434.0,0.11127,22.0
1753531719102,12:08:39.102,BB/USDT:USDT,0.11106,50.0,0.11105,247.0,0.11125,269.0,0.11126,165.0
1753531719209,12:08:39.209,BB/USDT:USDT,0.11106,50.0,0.11105,247.0,0.11124,3.0,0.11125,269.0
1753531719328,12:08:39.328,BB/USDT:USDT,0.11106,50.0,0.11105,247.0,0.11124,317.0,0.11126,117.0
1753531719430,12:08:39.430,BB/USDT:USDT,0.11106,50.0,0.11105,247.0,0.11124,362.0,0.11126,117.0
1753531719488,12:08:39.488,BB/USDT:USDT,0.11106,50.0,0.11105,247.0,0.11124,407.0,0.11126,117.0
1753531719595,12:08:39.595,BB/USDT:USDT,0.11106,50.0,0.11105,247.0,0.11124,407.0,0.11126,117.0
1753531720025,12:08:40.025,BB/USDT:USDT,0.1111,44.0,0.11109,44.0,0.11124,452.0,0.11126,117.0
1753531720121,12:08:40.121,BB/USDT:USDT,0.11115,44.0,0.11111,11.0,0.11124,362.0,0.11126,117.0
1753531720174,12:08:40.174,BB/USDT:USDT,0.11115,44.0,0.11111,11.0,0.11124,317.0,0.11126,117.0
1753531720272,12:08:40.272,BB/USDT:USDT,0.11115,44.0,0.11111,11.0,0.11124,362.0,0.11126,117.0
1753531720418,12:08:40.418,BB/USDT:USDT,0.11111,11.0,0.11106,50.0,0.11124,362.0,0.11126,117.0
1753531720488,12:08:40.488,BB/USDT:USDT,0.11111,11.0,0.11106,50.0,0.11124,362.0,0.11126,117.0
1753531720740,12:08:40.740,BB/USDT:USDT,0.11111,11.0,0.11106,50.0,0.11124,362.0,0.11126,67.0
1753531721188,12:08:41.188,BB/USDT:USDT,0.11106,50.0,0.11105,247.0,0.11123,269.0,0.11124,183.0
1753531721320,12:08:41.320,BB/USDT:USDT,0.11106,50.0,0.11105,247.0,0.11122,3.0,0.11123,269.0
1753531721344,12:08:41.344,BB/USDT:USDT,0.11106,50.0,0.11105,247.0,0.11122,3.0,0.11123,269.0
1753531721669,12:08:41.669,BB/USDT:USDT,0.11106,50.0,0.11105,247.0,0.11122,3.0,0.11123,269.0
1753531722100,12:08:42.100,BB/USDT:USDT,0.11106,50.0,0.11105,247.0,0.11122,48.0,0.11123,269.0
1753531722750,12:08:42.750,BB/USDT:USDT,0.11106,50.0,0.11105,247.0,0.11122,48.0,0.11123,269.0
1753531722890,12:08:42.890,BB/USDT:USDT,0.11106,50.0,0.11105,247.0,0.11122,48.0,0.11123,269.0
1753531723102,12:08:43.102,BB/USDT:USDT,0.11106,50.0,0.11105,247.0,0.11122,93.0,0.11123,269.0
1753531723717,12:08:43.717,BB/USDT:USDT,0.11106,50.0,0.11105,247.0,0.11122,93.0,0.11123,269.0
1753531723855,12:08:43.855,BB/USDT:USDT,0.11106,50.0,0.11105,247.0,0.11122,93.0,0.11123,269.0
1753531724163,12:08:44.163,BB/USDT:USDT,0.11106,50.0,0.11105,247.0,0.11122,138.0,0.11123,269.0
1753531724321,12:08:44.321,BB/USDT:USDT,0.11106,50.0,0.11105,247.0,0.11122,138.0,0.11123,269.0
1753531724338,12:08:44.338,BB/USDT:USDT,0.11106,50.0,0.11105,247.0,0.11122,138.0,0.11123,269.0
1753531724479,12:08:44.479,BB/USDT:USDT,0.11106,50.0,0.11105,247.0,0.11122,183.0,0.11123,269.0
1753531724540,12:08:44.540,BB/USDT:USDT,0.11106,50.0,0.11105,247.0,0.11122,183.0,0.11123,269.0
1753531725705,12:08:45.705,BB/USDT:USDT,0.11106,50.0,0.11105,247.0,0.11122,93.0,0.11123,269.0
1753531725763,12:08:45.763,BB/USDT:USDT,0.11106,50.0,0.11105,247.0,0.11122,93.0,0.11123,269.0
1753531726183,12:08:46.183,BB/USDT:USDT,0.11106,50.0,0.11105,247.0,0.11122,93.0,0.11123,269.0
1753531727228,12:08:47.228,BB/USDT:USDT,0.11106,50.0,0.11105,247.0,0.11122,154.0,0.11123,269.0
1753531727520,12:08:47.520,BB/USDT:USDT,0.11106,50.0,0.11105,247.0,0.11122,199.0,0.11123,269.0
1753531727572,12:08:47.572,BB/USDT:USDT,0.11106,50.0,0.11105,247.0,0.11122,199.0,0.11123,269.0
1753531727661,12:08:47.661,BB/USDT:USDT,0.11106,50.0,0.11105,247.0,0.11122,199.0,0.11123,269.0
1753531727815,12:08:47.815,BB/USDT:USDT,0.11106,50.0,0.11105,247.0,0.11122,199.0,0.11123,269.0
1753531728026,12:08:48.026,BB/USDT:USDT,0.11106,50.0,0.11105,247.0,0.11122,513.0,0.11139,22.0
1753531728169,12:08:48.169,BB/USDT:USDT,0.11106,50.0,0.11105,247.0,0.11122,513.0,0.11139,22.0
1753531728488,12:08:48.488,BB/USDT:USDT,0.11106,50.0,0.11105,247.0,0.11122,558.0,0.11139,22.0
1753531728620,12:08:48.620,BB/USDT:USDT,0.11106,50.0,0.11105,247.0,0.11122,452.0,0.11139,22.0
1753531728650,12:08:48.650,BB/USDT:USDT,0.11106,50.0,0.11105,247.0,0.11122,452.0,0.11139,22.0
1753531728825,12:08:48.825,BB/USDT:USDT,0.11106,50.0,0.11105,247.0,0.11122,497.0,0.11139,22.0
1753531729318,12:08:49.318,BB/USDT:USDT,0.11106,50.0,0.11105,247.0,0.11122,542.0,0.11139,22.0
1753531729916,12:08:49.916,BB/USDT:USDT,0.11106,50.0,0.11105,247.0,0.11122,542.0,0.11136,238.0
1753531730029,12:08:50.029,BB/USDT:USDT,0.11107,44.0,0.11106,50.0,0.11121,269.0,0.11122,183.0
1753531730116,12:08:50.116,BB/USDT:USDT,0.11112,44.0,0.11106,50.0,0.1112,25.0,0.11121,269.0
1753531730226,12:08:50.226,BB/USDT:USDT,0.11112,44.0,0.11106,50.0,0.1112,83.0,0.11121,269.0
1753531730298,12:08:50.298,BB/USDT:USDT,0.11112,44.0,0.11106,50.0,0.1112,83.0,0.11121,269.0
1753531730419,12:08:50.419,BB/USDT:USDT,0.11114,44.0,0.11113,44.0,0.1112,3.0,0.11121,269.0
1753531730478,12:08:50.478,BB/USDT:USDT,0.11114,44.0,0.11106,50.0,0.1112,3.0,0.11121,280.0
1753531730725,12:08:50.725,BB/USDT:USDT,0.11114,44.0,0.11106,50.0,0.1112,3.0,0.11121,280.0
1753531730898,12:08:50.898,BB/USDT:USDT,0.11106,50.0,0.11105,50.0,0.1112,22.0,0.11121,291.0
1753531731006,12:08:51.006,BB/USDT:USDT,0.11106,50.0,0.11105,50.0,0.1112,22.0,0.11121,291.0
1753531731146,12:08:51.146,BB/USDT:USDT,0.11106,50.0,0.11105,50.0,0.1112,22.0,0.11121,291.0
1753531731622,12:08:51.622,BB/USDT:USDT,0.11105,306.0,0.11104,852.0,0.1112,22.0,0.11121,291.0
1753531731917,12:08:51.917,BB/USDT:USDT,0.11108,44.0,0.11107,44.0,0.1112,14.0,0.11121,291.0
1753531731996,12:08:51.996,BB/USDT:USDT,0.11112,44.0,0.11105,306.0,0.1112,14.0,0.11121,291.0
1753531732176,12:08:52.176,BB/USDT:USDT,0.11112,44.0,0.11105,306.0,0.1112,14.0,0.11121,291.0
1753531732385,12:08:52.385,BB/USDT:USDT,0.11112,44.0,0.11105,306.0,0.1112,14.0,0.11121,291.0
1753531733026,12:08:53.026,BB/USDT:USDT,0.11112,44.0,0.11105,306.0,0.1112,59.0,0.11121,291.0
1753531733615,12:08:53.615,BB/USDT:USDT,0.11112,44.0,0.11105,306.0,0.1112,59.0,0.11121,291.0
1753531734104,12:08:54.104,BB/USDT:USDT,0.11112,44.0,0.11105,306.0,0.1112,59.0,0.11121,291.0
1753531734617,12:08:54.617,BB/USDT:USDT,0.11112,44.0,0.11105,306.0,0.1112,59.0,0.11121,291.0
1753531734840,12:08:54.840,BB/USDT:USDT,0.11112,44.0,0.11105,306.0,0.1112,59.0,0.11121,291.0
1753531735133,12:08:55.133,BB/USDT:USDT,0.11112,44.0,0.11105,306.0,0.1112,59.0,0.11121,291.0
1753531735136,12:08:55.136,BB/USDT:USDT,0.11112,44.0,0.11105,306.0,0.1112,59.0,0.11121,291.0
1753531736134,12:08:56.134,BB/USDT:USDT,0.11112,44.0,0.11105,306.0,0.1112,59.0,0.11121,291.0
1753531736135,12:08:56.135,BB/USDT:USDT,0.11112,44.0,0.11105,306.0,0.1112,59.0,0.11121,291.0
1753531736872,12:08:56.872,BB/USDT:USDT,0.11112,44.0,0.11105,306.0,0.1112,59.0,0.11121,291.0
1753531738318,12:08:58.318,BB/USDT:USDT,0.11113,44.0,0.11112,44.0,0.1112,14.0,0.11121,291.0
1753531738336,12:08:58.336,BB/USDT:USDT,0.11113,44.0,0.11105,306.0,0.1112,14.0,0.11121,291.0
1753531738528,12:08:58.528,BB/USDT:USDT,0.11113,44.0,0.11105,306.0,0.1112,14.0,0.11121,291.0
1753531738536,12:08:58.536,BB/USDT:USDT,0.11113,44.0,0.11105,306.0,0.1112,14.0,0.11121,291.0
1753531740420,12:09:00.420,BB/USDT:USDT,0.11113,44.0,0.11105,306.0,0.1112,14.0,0.11121,291.0
1753531740521,12:09:00.521,BB/USDT:USDT,0.11105,306.0,0.11104,852.0,0.1112,14.0,0.11121,291.0
1753531741030,12:09:01.030,BB/USDT:USDT,0.11105,50.0,0.11104,852.0,0.1112,14.0,0.11121,291.0
1753531741096,12:09:01.096,BB/USDT:USDT,0.11105,50.0,0.11104,852.0,0.1112,14.0,0.11121,291.0
1753531741157,12:09:01.157,BB/USDT:USDT,0.11105,50.0,0.11104,852.0,0.1112,14.0,0.11121,291.0
1753531741511,12:09:01.511,BB/USDT:USDT,0.11105,50.0,0.11104,852.0,0.1112,14.0,0.11121,291.0
1753531741565,12:09:01.565,BB/USDT:USDT,0.11105,50.0,0.11104,852.0,0.1112,14.0,0.11121,291.0
1753531741759,12:09:01.759,BB/USDT:USDT,0.11105,50.0,0.11104,852.0,0.1112,14.0,0.11121,291.0
1753531742012,12:09:02.012,BB/USDT:USDT,0.11105,50.0,0.11104,852.0,0.1112,14.0,0.11121,291.0
1753531742235,12:09:02.235,BB/USDT:USDT,0.11105,50.0,0.11104,852.0,0.1112,14.0,0.11121,291.0
1753531742419,12:09:02.419,BB/USDT:USDT,0.11105,50.0,0.11104,852.0,0.1112,14.0,0.11121,291.0
1753531742436,12:09:02.436,BB/USDT:USDT,0.11105,50.0,0.11104,852.0,0.1112,14.0,0.11121,291.0
1753531742600,12:09:02.600,BB/USDT:USDT,0.11105,50.0,0.11104,852.0,0.1112,14.0,0.11121,291.0
1753531743129,12:09:03.129,BB/USDT:USDT,0.11105,50.0,0.11104,852.0,0.11119,269.0,0.1112,14.0
1753531743228,12:09:03.228,BB/USDT:USDT,0.11105,50.0,0.11104,852.0,0.11117,269.0,0.11118,3.0
1753531743274,12:09:03.274,BB/USDT:USDT,0.11105,50.0,0.11104,852.0,0.11116,283.0,0.11119,22.0
1753531743432,12:09:03.432,BB/USDT:USDT,0.11105,50.0,0.11104,852.0,0.11116,283.0,0.11119,22.0
1753531743852,12:09:03.852,BB/USDT:USDT,0.11105,50.0,0.11104,852.0,0.11116,283.0,0.11119,22.0
1753531744280,12:09:04.280,BB/USDT:USDT,0.11105,50.0,0.11104,852.0,0.11116,283.0,0.11133,22.0
1753531744473,12:09:04.473,BB/USDT:USDT,0.11105,50.0,0.11104,852.0,0.11116,283.0,0.11132,50.0
1753531744580,12:09:04.580,BB/USDT:USDT,0.11105,50.0,0.11104,852.0,0.11116,283.0,0.11132,50.0
1753531744678,12:09:04.678,BB/USDT:USDT,0.11105,50.0,0.11104,852.0,0.11116,283.0,0.11132,50.0
1753531745137,12:09:05.137,BB/USDT:USDT,0.11105,50.0,0.11104,852.0,0.11116,283.0,0.11132,50.0
1753531745477,12:09:05.477,BB/USDT:USDT,0.11105,50.0,0.11104,852.0,0.11116,283.0,0.11132,50.0
1753531745718,12:09:05.718,BB/USDT:USDT,0.11105,50.0,0.11104,852.0,0.11116,283.0,0.11132,50.0
1753531745900,12:09:05.900,BB/USDT:USDT,0.11105,50.0,0.11104,852.0,0.11116,283.0,0.11132,50.0
1753531746029,12:09:06.029,BB/USDT:USDT,0.11105,50.0,0.11104,852.0,0.11116,283.0,0.11132,290.0
1753531746218,12:09:06.218,BB/USDT:USDT,0.11105,50.0,0.11104,852.0,0.11116,283.0,0.11132,515.0
1753531746318,12:09:06.318,BB/USDT:USDT,0.11105,50.0,0.11104,852.0,0.11116,283.0,0.11132,515.0
1753531746450,12:09:06.450,BB/USDT:USDT,0.11105,50.0,0.11104,852.0,0.11116,283.0,0.11132,515.0
1753531746831,12:09:06.831,BB/USDT:USDT,0.11104,852.0,0.111,20.0,0.11116,283.0,0.11132,515.0
1753531746898,12:09:06.898,BB/USDT:USDT,0.11104,852.0,0.111,20.0,0.11116,283.0,0.11132,515.0
1753531747028,12:09:07.028,BB/USDT:USDT,0.11104,852.0,0.111,20.0,0.11116,283.0,0.11132,515.0
1753531747068,12:09:07.068,BB/USDT:USDT,0.11104,852.0,0.111,20.0,0.11116,283.0,0.11132,515.0
1753531747134,12:09:07.134,BB/USDT:USDT,0.11104,852.0,0.111,20.0,0.11116,283.0,0.11132,515.0
1753531747525,12:09:07.525,BB/USDT:USDT,0.11104,852.0,0.111,20.0,0.11115,190.0,0.11116,636.0
1753531747558,12:09:07.558,BB/USDT:USDT,0.11106,44.0,0.11104,852.0,0.11114,3.0,0.11115,11.0
1753531747730,12:09:07.730,BB/USDT:USDT,0.11106,44.0,0.11104,852.0,0.11114,3.0,0.11115,11.0
1753531748016,12:09:08.016,BB/USDT:USDT,0.11106,44.0,0.11104,852.0,0.11114,3.0,0.11115,11.0
1753531748115,12:09:08.115,BB/USDT:USDT,0.11106,44.0,0.11104,852.0,0.11114,3.0,0.11115,11.0
1753531748142,12:09:08.142,BB/USDT:USDT,0.11106,44.0,0.11104,852.0,0.11114,3.0,0.11115,11.0
1753531748816,12:09:08.816,BB/USDT:USDT,0.11106,55.0,0.11104,852.0,0.11114,3.0,0.11115,11.0
1753531748837,12:09:08.837,BB/USDT:USDT,0.11106,55.0,0.11104,852.0,0.11114,3.0,0.11115,11.0
1753531749024,12:09:09.024,BB/USDT:USDT,0.11106,55.0,0.11104,852.0,0.11114,3.0,0.11115,11.0
1753531749195,12:09:09.195,BB/USDT:USDT,0.11106,55.0,0.11104,852.0,0.11114,3.0,0.11115,11.0
1753531749610,12:09:09.610,BB/USDT:USDT,0.11106,55.0,0.11104,852.0,0.11114,3.0,0.11115,11.0
1753531749660,12:09:09.660,BB/USDT:USDT,0.11106,55.0,0.11104,852.0,0.11114,3.0,0.11115,11.0
1753531749759,12:09:09.759,BB/USDT:USDT,0.11106,55.0,0.11104,852.0,0.11114,3.0,0.11115,11.0
1753531749843,12:09:09.843,BB/USDT:USDT,0.11106,55.0,0.11104,852.0,0.11114,3.0,0.11115,11.0
1753531750027,12:09:10.027,BB/USDT:USDT,0.11106,55.0,0.11104,852.0,0.11114,3.0,0.11115,11.0
1753531750036,12:09:10.036,BB/USDT:USDT,0.11106,55.0,0.11104,852.0,0.11114,3.0,0.11115,11.0
1753531750922,12:09:10.922,BB/USDT:USDT,0.11106,44.0,0.11104,852.0,0.11114,272.0,0.11115,11.0
1753531751030,12:09:11.030,BB/USDT:USDT,0.111,20.0,0.11086,240.0,0.11113,50.0,0.11114,272.0
1753531751122,12:09:11.122,BB/USDT:USDT,0.111,20.0,0.11087,50.0,0.1111,33.0,0.11111,281.0
1753531751228,12:09:11.228,BB/USDT:USDT,0.11101,44.0,0.111,31.0,0.11111,270.0,0.11113,8.0
1753531751321,12:09:11.321,BB/USDT:USDT,0.11106,44.0,0.11104,11.0,0.11111,270.0,0.11113,8.0
1753531751416,12:09:11.416,BB/USDT:USDT,0.11109,44.0,0.11103,11.0,0.11113,8.0,0.11114,11.0
1753531751440,12:09:11.440,BB/USDT:USDT,0.11109,44.0,0.11103,11.0,0.11113,8.0,0.11114,11.0
1753531751619,12:09:11.619,BB/USDT:USDT,0.11109,44.0,0.11103,11.0,0.11113,8.0,0.11114,11.0
1753531751796,12:09:11.796,BB/USDT:USDT,0.11109,44.0,0.11107,11.0,0.11113,8.0,0.11124,22.0
1753531751843,12:09:11.843,BB/USDT:USDT,0.1111,44.0,0.11107,11.0,0.11113,8.0,0.11124,22.0
1753531752083,12:09:12.083,BB/USDT:USDT,0.1111,44.0,0.11107,11.0,0.11113,8.0,0.11124,22.0
1753531752216,12:09:12.216,BB/USDT:USDT,0.11113,44.0,0.11106,11.0,0.11123,291.0,0.11124,22.0
1753531752239,12:09:12.239,BB/USDT:USDT,0.11113,44.0,0.11106,11.0,0.11123,299.0,0.11124,22.0
1753531752350,12:09:12.350,BB/USDT:USDT,0.11113,44.0,0.11106,11.0,0.11121,269.0,0.11122,58.0
1753531752497,12:09:12.497,BB/USDT:USDT,0.11113,44.0,0.11106,11.0,0.1112,316.0,0.11121,11.0
1753531753005,12:09:13.005,BB/USDT:USDT,0.11113,44.0,0.11106,11.0,0.11119,22.0,0.1112,316.0
1753531753041,12:09:13.041,BB/USDT:USDT,0.11113,44.0,0.11106,11.0,0.11119,22.0,0.1112,280.0
1753531753230,12:09:13.230,BB/USDT:USDT,0.11113,44.0,0.11106,11.0,0.11119,22.0,0.1112,280.0
1753531753282,12:09:13.282,BB/USDT:USDT,0.11113,44.0,0.11106,11.0,0.11119,22.0,0.1112,280.0
1753531754007,12:09:14.007,BB/USDT:USDT,0.11113,44.0,0.11106,11.0,0.11119,22.0,0.1112,280.0
1753531755362,12:09:15.362,BB/USDT:USDT,0.11113,44.0,0.11106,11.0,0.11119,22.0,0.1112,280.0
1753531755924,12:09:15.924,BB/USDT:USDT,0.111,20.0,0.11091,50.0,0.11116,269.0,0.11117,72.0
1753531755965,12:09:15.965,BB/USDT:USDT,0.111,20.0,0.11091,50.0,0.11116,291.0,0.11123,8.0
1753531756060,12:09:16.060,BB/USDT:USDT,0.111,20.0,0.11091,50.0,0.11116,291.0,0.11123,8.0
1753531756138,12:09:16.138,BB/USDT:USDT,0.111,20.0,0.11091,50.0,0.11116,291.0,0.11123,8.0
1753531756376,12:09:16.376,BB/USDT:USDT,0.111,20.0,0.11087,50.0,0.11116,291.0,0.11123,8.0
1753531756556,12:09:16.556,BB/USDT:USDT,0.111,20.0,0.11087,50.0,0.11116,291.0,0.11123,8.0
1753531756918,12:09:16.918,BB/USDT:USDT,0.111,20.0,0.11087,50.0,0.11116,291.0,0.11129,203.0
1753531756978,12:09:16.978,BB/USDT:USDT,0.111,20.0,0.11087,50.0,0.11116,291.0,0.11128,3.0
1753531757045,12:09:17.045,BB/USDT:USDT,0.111,20.0,0.11087,50.0,0.11116,291.0,0.11128,3.0
1753531757328,12:09:17.328,BB/USDT:USDT,0.111,20.0,0.11087,50.0,0.11115,50.0,0.11116,291.0
1753531757398,12:09:17.398,BB/USDT:USDT,0.11101,44.0,0.111,20.0,0.11114,280.0,0.11115,61.0
1753531757506,12:09:17.506,BB/USDT:USDT,0.11101,44.0,0.111,20.0,0.11114,280.0,0.11115,61.0
1753531757828,12:09:17.828,BB/USDT:USDT,0.11101,44.0,0.111,20.0,0.11114,280.0,0.11115,61.0
1753531758076,12:09:18.076,BB/USDT:USDT,0.11101,44.0,0.111,20.0,0.11114,280.0,0.11115,61.0
1753531758207,12:09:18.207,BB/USDT:USDT,0.11101,44.0,0.111,20.0,0.11114,280.0,0.11115,61.0
1753531758317,12:09:18.317,BB/USDT:USDT,0.11101,44.0,0.111,20.0,0.11114,280.0,0.11115,11.0
1753531759062,12:09:19.062,BB/USDT:USDT,0.11101,44.0,0.111,20.0,0.11114,326.0,0.11115,11.0
1753531759216,12:09:19.216,BB/USDT:USDT,0.11106,44.0,0.11105,44.0,0.11114,326.0,0.11115,11.0
1753531759306,12:09:19.306,BB/USDT:USDT,0.11106,44.0,0.111,20.0,0.11114,326.0,0.11115,33.0
1753531759474,12:09:19.474,BB/USDT:USDT,0.11106,44.0,0.111,20.0,0.11114,326.0,0.11115,33.0
1753531759622,12:09:19.622,BB/USDT:USDT,0.11106,44.0,0.111,20.0,0.11114,326.0,0.11115,33.0
1753531759817,12:09:19.817,BB/USDT:USDT,0.11106,44.0,0.111,20.0,0.11114,326.0,0.11115,33.0
1753531759926,12:09:19.926,BB/USDT:USDT,0.111,20.0,0.11087,50.0,0.11114,302.0,0.11115,11.0
1753531760155,12:09:20.155,BB/USDT:USDT,0.111,20.0,0.11087,50.0,0.11114,302.0,0.11115,11.0
1753531760319,12:09:20.319,BB/USDT:USDT,0.11103,44.0,0.11102,22.0,0.11114,325.0,0.11115,11.0
1753531760749,12:09:20.749,BB/USDT:USDT,0.11103,44.0,0.11102,22.0,0.11114,325.0,0.11115,11.0
1753531761418,12:09:21.418,BB/USDT:USDT,0.11103,44.0,0.11102,22.0,0.11114,325.0,0.11115,11.0
1753531761468,12:09:21.468,BB/USDT:USDT,0.11103,44.0,0.11102,22.0,0.11114,280.0,0.11115,11.0
1753531761750,12:09:21.750,BB/USDT:USDT,0.11103,44.0,0.11102,22.0,0.11114,280.0,0.11115,11.0
1753531763873,12:09:23.873,BB/USDT:USDT,0.11103,44.0,0.11102,22.0,0.11114,280.0,0.11115,11.0
1753531764003,12:09:24.003,BB/USDT:USDT,0.11103,44.0,0.11102,22.0,0.11114,280.0,0.11115,11.0
1753531764518,12:09:24.518,BB/USDT:USDT,0.11105,44.0,0.11104,44.0,0.11114,280.0,0.11115,11.0
1753531764617,12:09:24.617,BB/USDT:USDT,0.11109,44.0,0.11105,11.0,0.11114,280.0,0.11126,22.0
1753531764697,12:09:24.697,BB/USDT:USDT,0.111,20.0,0.11087,50.0,0.11114,291.0,0.11115,11.0
1753531764885,12:09:24.885,BB/USDT:USDT,0.111,20.0,0.11087,50.0,0.11114,313.0,0.11115,11.0
1753531764996,12:09:24.996,BB/USDT:USDT,0.111,20.0,0.11087,50.0,0.11114,313.0,0.11115,11.0
1753531765297,12:09:25.297,BB/USDT:USDT,0.111,20.0,0.11087,50.0,0.11114,313.0,0.11115,11.0
1753531765362,12:09:25.362,BB/USDT:USDT,0.111,20.0,0.11087,50.0,0.11114,313.0,0.11115,11.0
1753531765877,12:09:25.877,BB/USDT:USDT,0.111,20.0,0.11087,50.0,0.11114,313.0,0.11115,11.0
1753531766033,12:09:26.033,BB/USDT:USDT,0.111,20.0,0.11087,50.0,0.11114,313.0,0.11115,11.0
1753531766228,12:09:26.228,BB/USDT:USDT,0.111,20.0,0.11087,50.0,0.11114,313.0,0.11115,11.0
1753531766383,12:09:26.383,BB/USDT:USDT,0.111,20.0,0.11087,50.0,0.11114,359.0,0.11115,11.0
1753531766533,12:09:26.533,BB/USDT:USDT,0.111,20.0,0.11087,50.0,0.11114,358.0,0.11115,11.0
1753531766556,12:09:26.556,BB/USDT:USDT,0.111,20.0,0.11087,50.0,0.11114,358.0,0.11115,11.0
1753531766671,12:09:26.671,BB/USDT:USDT,0.111,20.0,0.11087,50.0,0.11114,358.0,0.11115,11.0
1753531766829,12:09:26.829,BB/USDT:USDT,0.11102,44.0,0.11101,44.0,0.11114,337.0,0.11115,11.0
1753531766911,12:09:26.911,BB/USDT:USDT,0.11106,44.0,0.111,20.0,0.11114,291.0,0.11115,11.0
1753531766954,12:09:26.954,BB/USDT:USDT,0.11106,44.0,0.111,20.0,0.11114,299.0,0.11115,11.0
1753531767217,12:09:27.217,BB/USDT:USDT,0.11106,44.0,0.111,20.0,0.11114,299.0,0.11115,11.0
1753531767344,12:09:27.344,BB/USDT:USDT,0.111,20.0,0.11087,50.0,0.11114,299.0,0.11115,11.0
1753531767529,12:09:27.529,BB/USDT:USDT,0.111,20.0,0.11087,50.0,0.11114,299.0,0.11115,11.0
1753531767630,12:09:27.630,BB/USDT:USDT,0.111,20.0,0.11087,50.0,0.11112,269.0,0.11113,22.0
1753531767729,12:09:27.729,BB/USDT:USDT,0.111,20.0,0.11087,50.0,0.11112,269.0,0.11113,22.0
1753531767736,12:09:27.736,BB/USDT:USDT,0.111,20.0,0.11087,50.0,0.11112,269.0,0.11113,22.0
1753531767916,12:09:27.916,BB/USDT:USDT,0.111,20.0,0.11087,50.0,0.11112,270.0,0.11113,22.0
1753531767977,12:09:27.977,BB/USDT:USDT,0.111,20.0,0.11087,50.0,0.11112,270.0,0.11113,22.0
1753531768054,12:09:28.054,BB/USDT:USDT,0.111,20.0,0.11087,50.0,0.11112,315.0,0.11113,22.0
1753531768205,12:09:28.205,BB/USDT:USDT,0.111,20.0,0.11085,50.0,0.11112,314.0,0.11113,22.0
1753531768236,12:09:28.236,BB/USDT:USDT,0.111,20.0,0.11085,50.0,0.11112,315.0,0.11113,22.0
1753531768612,12:09:28.612,BB/USDT:USDT,0.111,20.0,0.11085,50.0,0.11112,359.0,0.11113,22.0
1753531768736,12:09:28.736,BB/USDT:USDT,0.111,20.0,0.11085,50.0,0.11112,360.0,0.11113,22.0
1753531769029,12:09:29.029,BB/USDT:USDT,0.111,20.0,0.11085,50.0,0.11112,360.0,0.11113,22.0
1753531769063,12:09:29.063,BB/USDT:USDT,0.111,20.0,0.11085,50.0,0.11112,360.0,0.11113,22.0
1753531769570,12:09:29.570,BB/USDT:USDT,0.111,20.0,0.11085,50.0,0.11112,360.0,0.11113,22.0
1753531769716,12:09:29.716,BB/USDT:USDT,0.111,20.0,0.11085,50.0,0.11112,360.0,0.11113,22.0
1753531769829,12:09:29.829,BB/USDT:USDT,0.111,20.0,0.11085,50.0,0.11112,360.0,0.11113,22.0
1753531769922,12:09:29.922,BB/USDT:USDT,0.111,20.0,0.11085,50.0,0.11112,360.0,0.11113,22.0
1753531770033,12:09:30.033,BB/USDT:USDT,0.111,20.0,0.11085,50.0,0.11112,405.0,0.11113,22.0
1753531770096,12:09:30.096,BB/USDT:USDT,0.111,20.0,0.11085,50.0,0.11112,450.0,0.11113,22.0
1753531770197,12:09:30.197,BB/USDT:USDT,0.111,20.0,0.11085,50.0,0.11112,407.0,0.11113,22.0
1753531770308,12:09:30.308,BB/USDT:USDT,0.111,20.0,0.11085,50.0,0.11112,405.0,0.11113,22.0
1753531770488,12:09:30.488,BB/USDT:USDT,0.111,20.0,0.11085,50.0,0.11112,405.0,0.11113,22.0
1753531770719,12:09:30.719,BB/USDT:USDT,0.111,20.0,0.11085,50.0,0.11112,405.0,0.11113,22.0
1753531771102,12:09:31.102,BB/USDT:USDT,0.111,20.0,0.11085,50.0,0.11112,495.0,0.11113,22.0
1753531771216,12:09:31.216,BB/USDT:USDT,0.111,20.0,0.11085,50.0,0.1111,314.0,0.11111,25.0
1753531771533,12:09:31.533,BB/USDT:USDT,0.111,20.0,0.11085,50.0,0.1111,314.0,0.11111,25.0
1753531771631,12:09:31.631,BB/USDT:USDT,0.111,20.0,0.11085,50.0,0.1111,314.0,0.11111,25.0
1753531771671,12:09:31.671,BB/USDT:USDT,0.111,20.0,0.11085,50.0,0.1111,314.0,0.11111,25.0
1753531771857,12:09:31.857,BB/USDT:USDT,0.111,20.0,0.11085,50.0,0.1111,314.0,0.11111,25.0
1753531772024,12:09:32.024,BB/USDT:USDT,0.111,20.0,0.11098,11.0,0.1111,314.0,0.11111,22.0
1753531772176,12:09:32.176,BB/USDT:USDT,0.111,20.0,0.11098,11.0,0.1111,314.0,0.11111,22.0
1753531772425,12:09:32.425,BB/USDT:USDT,0.111,20.0,0.11098,11.0,0.1111,314.0,0.11111,22.0
1753531772434,12:09:32.434,BB/USDT:USDT,0.111,20.0,0.11098,11.0,0.1111,314.0,0.11111,22.0
1753531772592,12:09:32.592,BB/USDT:USDT,0.111,20.0,0.11098,11.0,0.1111,314.0,0.11111,22.0
1753531772929,12:09:32.929,BB/USDT:USDT,0.111,20.0,0.11085,50.0,0.1111,314.0,0.11111,22.0
1753531772978,12:09:32.978,BB/USDT:USDT,0.111,20.0,0.11085,50.0,0.1111,314.0,0.11111,22.0
1753531773114,12:09:33.114,BB/USDT:USDT,0.111,20.0,0.11085,50.0,0.1111,359.0,0.11111,22.0
1753531773225,12:09:33.225,BB/USDT:USDT,0.11085,50.0,0.11082,50.0,0.1111,359.0,0.11111,22.0
1753531773333,12:09:33.333,BB/USDT:USDT,0.11085,50.0,0.11082,50.0,0.1111,359.0,0.11111,22.0
1753531773417,12:09:33.417,BB/USDT:USDT,0.11085,50.0,0.11082,50.0,0.1111,359.0,0.11111,22.0
1753531773529,12:09:33.529,BB/USDT:USDT,0.11085,50.0,0.11082,50.0,0.1111,359.0,0.11111,22.0
1753531773616,12:09:33.616,BB/USDT:USDT,0.11085,50.0,0.11082,50.0,0.1111,359.0,0.11111,22.0
1753531774011,12:09:34.011,BB/USDT:USDT,0.11085,50.0,0.11082,50.0,0.1111,359.0,0.11111,22.0
1753531774039,12:09:34.039,BB/USDT:USDT,0.11085,50.0,0.11082,50.0,0.1111,359.0,0.11111,22.0
1753531774199,12:09:34.199,BB/USDT:USDT,0.11081,50.0,0.1108,6.0,0.1111,438.0,0.11111,22.0
1753531774292,12:09:34.292,BB/USDT:USDT,0.11081,50.0,0.1108,6.0,0.1111,528.0,0.11111,22.0
1753531774626,12:09:34.626,BB/USDT:USDT,0.11081,50.0,0.1108,6.0,0.1111,573.0,0.11111,22.0
1753531774682,12:09:34.682,BB/USDT:USDT,0.11081,50.0,0.1108,6.0,0.1111,573.0,0.11111,22.0
1753531775128,12:09:35.128,BB/USDT:USDT,0.11081,50.0,0.1108,6.0,0.1111,573.0,0.11111,22.0
1753531775389,12:09:35.389,BB/USDT:USDT,0.11081,50.0,0.1108,6.0,0.1111,573.0,0.11111,22.0
1753531775669,12:09:35.669,BB/USDT:USDT,0.11081,50.0,0.1108,6.0,0.1111,573.0,0.11111,22.0
1753531776116,12:09:36.116,BB/USDT:USDT,0.11081,50.0,0.1108,6.0,0.1111,303.0,0.11111,11.0
1753531776141,12:09:36.141,BB/USDT:USDT,0.11081,50.0,0.1108,6.0,0.1111,303.0,0.11111,11.0
1753531776385,12:09:36.385,BB/USDT:USDT,0.11081,50.0,0.1108,6.0,0.1111,303.0,0.11111,11.0
1753531776819,12:09:36.819,BB/USDT:USDT,0.11081,50.0,0.1108,6.0,0.1111,303.0,0.11111,11.0
1753531776890,12:09:36.890,BB/USDT:USDT,0.11081,50.0,0.1108,6.0,0.1111,303.0,0.11111,11.0
1753531777105,12:09:37.105,BB/USDT:USDT,0.11081,50.0,0.1108,6.0,0.1111,303.0,0.11111,11.0
1753531777724,12:09:37.724,BB/USDT:USDT,0.11081,50.0,0.1108,6.0,0.1111,303.0,0.11111,11.0
1753531778094,12:09:38.094,BB/USDT:USDT,0.11081,50.0,0.1108,6.0,0.1111,303.0,0.11111,11.0
1753531778219,12:09:38.219,BB/USDT:USDT,0.11081,50.0,0.1108,6.0,0.1111,303.0,0.11111,11.0
1753531778929,12:09:38.929,BB/USDT:USDT,0.11081,50.0,0.1108,6.0,0.1111,303.0,0.11111,11.0
1753531779184,12:09:39.184,BB/USDT:USDT,0.11081,50.0,0.1108,6.0,0.1111,303.0,0.11111,11.0
1753531779423,12:09:39.423,BB/USDT:USDT,0.11081,50.0,0.1108,6.0,0.1111,348.0,0.11111,11.0
1753531779476,12:09:39.476,BB/USDT:USDT,0.11081,50.0,0.1108,6.0,0.1111,303.0,0.11111,11.0
1753531779557,12:09:39.557,BB/USDT:USDT,0.11081,50.0,0.1108,6.0,0.1111,303.0,0.11111,11.0
1753531779760,12:09:39.760,BB/USDT:USDT,0.11081,50.0,0.1108,6.0,0.1111,303.0,0.11111,11.0
1753531779883,12:09:39.883,BB/USDT:USDT,0.11081,50.0,0.1108,6.0,0.1111,303.0,0.11111,11.0
1753531779948,12:09:39.948,BB/USDT:USDT,0.11081,50.0,0.1108,6.0,0.1111,303.0,0.11111,11.0
1753531780130,12:09:40.130,BB/USDT:USDT,0.11081,50.0,0.1108,6.0,0.1111,438.0,0.11111,11.0
1753531780169,12:09:40.169,BB/USDT:USDT,0.11081,50.0,0.1108,6.0,0.1111,348.0,0.11111,11.0
1753531781033,12:09:41.033,BB/USDT:USDT,0.11082,364.0,0.11081,50.0,0.1111,438.0,0.11111,11.0
1753531781123,12:09:41.123,BB/USDT:USDT,0.11085,50.0,0.11084,320.0,0.1111,281.0,0.11111,11.0
1753531781143,12:09:41.143,BB/USDT:USDT,0.11085,50.0,0.11084,320.0,0.1111,281.0,0.11111,11.0
1753531781286,12:09:41.286,BB/USDT:USDT,0.11085,320.0,0.11084,50.0,0.1111,281.0,0.11111,11.0
1753531781582,12:09:41.582,BB/USDT:USDT,0.11085,320.0,0.11084,50.0,0.1111,281.0,0.11111,11.0
1753531781730,12:09:41.730,BB/USDT:USDT,0.11085,320.0,0.11084,50.0,0.1111,281.0,0.11111,11.0
1753531781812,12:09:41.812,BB/USDT:USDT,0.11085,320.0,0.11084,50.0,0.1111,281.0,0.11111,11.0
1753531782009,12:09:42.009,BB/USDT:USDT,0.11085,320.0,0.11084,50.0,0.1111,281.0,0.11111,11.0
1753531782092,12:09:42.092,BB/USDT:USDT,0.11085,320.0,0.11081,290.0,0.1111,281.0,0.11111,11.0
1753531782296,12:09:42.296,BB/USDT:USDT,0.11087,50.0,0.11086,270.0,0.1111,281.0,0.11111,11.0
1753531782632,12:09:42.632,BB/USDT:USDT,0.11087,50.0,0.11086,270.0,0.1111,281.0,0.11111,11.0
1753531782728,12:09:42.728,BB/USDT:USDT,0.11088,94.0,0.11087,50.0,0.1111,303.0,0.11111,11.0
1753531782757,12:09:42.757,BB/USDT:USDT,0.11088,94.0,0.11087,50.0,0.1111,281.0,0.11111,11.0
1753531783183,12:09:43.183,BB/USDT:USDT,0.11088,94.0,0.11087,50.0,0.1111,281.0,0.11111,11.0
1753531783657,12:09:43.657,BB/USDT:USDT,0.11088,94.0,0.11087,50.0,0.1111,281.0,0.11111,11.0
1753531783744,12:09:43.744,BB/USDT:USDT,0.11088,94.0,0.11087,50.0,0.1111,281.0,0.11111,11.0
1753531783850,12:09:43.850,BB/USDT:USDT,0.11088,94.0,0.11087,50.0,0.1111,281.0,0.11111,11.0
1753531784033,12:09:44.033,BB/USDT:USDT,0.11088,44.0,0.11087,50.0,0.1111,281.0,0.11111,11.0
1753531784329,12:09:44.329,BB/USDT:USDT,0.11088,44.0,0.11087,50.0,0.1111,281.0,0.11111,11.0
1753531785016,12:09:45.016,BB/USDT:USDT,0.11088,94.0,0.11087,50.0,0.1111,281.0,0.11111,11.0
1753531785320,12:09:45.320,BB/USDT:USDT,0.11088,94.0,0.11087,50.0,0.1111,281.0,0.11111,11.0
1753531786832,12:09:46.832,BB/USDT:USDT,0.11091,364.0,0.1109,364.0,0.11126,269.0,0.11127,70.0
1753531786919,12:09:46.919,BB/USDT:USDT,0.11094,44.0,0.11093,270.0,0.11126,367.0,0.11127,88.0
1753531787010,12:09:47.010,BB/USDT:USDT,0.11094,44.0,0.11093,270.0,0.11126,368.0,0.11127,70.0
1753531787130,12:09:47.130,BB/USDT:USDT,0.11094,44.0,0.11093,270.0,0.11126,367.0,0.11127,70.0
1753531787159,12:09:47.159,BB/USDT:USDT,0.11094,44.0,0.11093,270.0,0.11126,368.0,0.11127,70.0
1753531787260,12:09:47.260,BB/USDT:USDT,0.11094,44.0,0.11093,270.0,0.11126,368.0,0.11127,70.0
1753531787376,12:09:47.376,BB/USDT:USDT,0.11096,44.0,0.11093,270.0,0.11124,291.0,0.11125,36.0
1753531787516,12:09:47.516,BB/USDT:USDT,0.11097,44.0,0.11093,270.0,0.11122,336.0,0.11123,36.0
1753531787573,12:09:47.573,BB/USDT:USDT,0.11099,44.0,0.11093,270.0,0.1112,347.0,0.11121,81.0
1753531787733,12:09:47.733,BB/USDT:USDT,0.11102,44.0,0.11093,270.0,0.11118,336.0,0.11119,47.0
1753531787810,12:09:47.810,BB/USDT:USDT,0.11104,44.0,0.11093,270.0,0.11118,336.0,0.11119,11.0
1753531787884,12:09:47.884,BB/USDT:USDT,0.11104,44.0,0.11093,270.0,0.11118,381.0,0.11119,11.0
1753531787986,12:09:47.986,BB/USDT:USDT,0.11104,44.0,0.11094,50.0,0.11118,381.0,0.11119,11.0
1753531788297,12:09:48.297,BB/USDT:USDT,0.11104,44.0,0.11094,50.0,0.11118,381.0,0.11119,11.0
1753531788976,12:09:48.976,BB/USDT:USDT,0.11104,44.0,0.11094,50.0,0.11118,381.0,0.11119,11.0
1753531789335,12:09:49.335,BB/USDT:USDT,0.11104,44.0,0.11094,50.0,0.11118,382.0,0.11119,11.0
1753531789405,12:09:49.405,BB/USDT:USDT,0.11094,50.0,0.11093,270.0,0.11118,382.0,0.11119,11.0
1753531789440,12:09:49.440,BB/USDT:USDT,0.11094,50.0,0.11093,270.0,0.11118,389.0,0.11119,11.0
1753531789558,12:09:49.558,BB/USDT:USDT,0.11094,50.0,0.11093,270.0,0.11118,389.0,0.11119,11.0
1753531789660,12:09:49.660,BB/USDT:USDT,0.11094,50.0,0.11093,270.0,0.11118,435.0,0.11119,11.0
1753531789836,12:09:49.836,BB/USDT:USDT,0.11094,50.0,0.11093,270.0,0.11118,434.0,0.11119,11.0
1753531790175,12:09:50.175,BB/USDT:USDT,0.11094,50.0,0.11093,270.0,0.11118,479.0,0.11119,11.0
1753531790335,12:09:50.335,BB/USDT:USDT,0.11094,50.0,0.11093,270.0,0.11118,480.0,0.11119,11.0
1753531790490,12:09:50.490,BB/USDT:USDT,0.11094,50.0,0.11093,270.0,0.11118,472.0,0.11119,11.0
1753531790622,12:09:50.622,BB/USDT:USDT,0.11094,50.0,0.11093,270.0,0.11118,483.0,0.11119,11.0
1753531790666,12:09:50.666,BB/USDT:USDT,0.11094,50.0,0.11093,270.0,0.11118,483.0,0.11119,11.0
1753531790859,12:09:50.859,BB/USDT:USDT,0.11094,50.0,0.11093,270.0,0.11118,483.0,0.11119,11.0
1753531791377,12:09:51.377,BB/USDT:USDT,0.11094,50.0,0.11093,270.0,0.11118,381.0,0.11119,11.0
1753531791476,12:09:51.476,BB/USDT:USDT,0.11094,50.0,0.11093,270.0,0.11118,433.0,0.11119,11.0
1753531791576,12:09:51.576,BB/USDT:USDT,0.11094,50.0,0.11093,270.0,0.11118,433.0,0.11119,11.0
1753531791696,12:09:51.696,BB/USDT:USDT,0.11094,50.0,0.11093,270.0,0.11118,433.0,0.11119,11.0
1753531791738,12:09:51.738,BB/USDT:USDT,0.11094,50.0,0.11093,270.0,0.11118,478.0,0.11119,11.0
1753531791860,12:09:51.860,BB/USDT:USDT,0.11094,50.0,0.11093,270.0,0.11118,523.0,0.11119,11.0
1753531792424,12:09:52.424,BB/USDT:USDT,0.11094,50.0,0.11093,270.0,0.11118,501.0,0.11119,11.0
1753531792514,12:09:52.514,BB/USDT:USDT,0.11094,50.0,0.11093,270.0,0.11118,501.0,0.11119,11.0
1753531792572,12:09:52.572,BB/USDT:USDT,0.11094,50.0,0.11093,270.0,0.11118,359.0,0.11119,11.0
1753531792640,12:09:52.640,BB/USDT:USDT,0.11094,50.0,0.11093,270.0,0.11118,359.0,0.11119,11.0
1753531793122,12:09:53.122,BB/USDT:USDT,0.11094,50.0,0.11093,270.0,0.11118,404.0,0.11119,11.0
1753531793230,12:09:53.230,BB/USDT:USDT,0.11094,50.0,0.11093,270.0,0.11118,494.0,0.11119,11.0
1753531793843,12:09:53.843,BB/USDT:USDT,0.11094,50.0,0.11093,270.0,0.11118,494.0,0.11119,11.0
1753531795120,12:09:55.120,BB/USDT:USDT,0.11094,50.0,0.11093,270.0,0.11118,539.0,0.11119,11.0
1753531795618,12:09:55.618,BB/USDT:USDT,0.11094,50.0,0.11093,270.0,0.11118,494.0,0.11119,11.0
1753531795986,12:09:55.986,BB/USDT:USDT,0.11094,50.0,0.11093,270.0,0.11118,494.0,0.11119,11.0
1753531796257,12:09:56.257,BB/USDT:USDT,0.11094,50.0,0.11093,270.0,0.11118,494.0,0.11119,11.0
1753531796678,12:09:56.678,BB/USDT:USDT,0.11094,50.0,0.11093,270.0,0.11118,359.0,0.11119,11.0
1753531797714,12:09:57.714,BB/USDT:USDT,0.11094,50.0,0.11093,270.0,0.11118,494.0,0.11119,11.0
1753531798119,12:09:58.119,BB/USDT:USDT,0.11094,50.0,0.11093,270.0,0.11118,516.0,0.11119,11.0
1753531798216,12:09:58.216,BB/USDT:USDT,0.11094,50.0,0.11093,270.0,0.11118,381.0,0.11119,11.0
1753531798292,12:09:58.292,BB/USDT:USDT,0.11094,50.0,0.11093,270.0,0.11118,359.0,0.11119,11.0
1753531798830,12:09:58.830,BB/USDT:USDT,0.11094,50.0,0.11093,270.0,0.11118,336.0,0.11119,11.0
1753531798920,12:09:58.920,BB/USDT:USDT,0.11094,50.0,0.11093,270.0,0.11118,336.0,0.11119,11.0
1753531798950,12:09:58.950,BB/USDT:USDT,0.11094,50.0,0.11093,270.0,0.11118,314.0,0.11119,11.0
1753531799317,12:09:59.317,BB/USDT:USDT,0.11098,44.0,0.11097,44.0,0.11118,314.0,0.11119,11.0
1753531799416,12:09:59.416,BB/USDT:USDT,0.11104,44.0,0.11101,22.0,0.11118,347.0,0.11119,11.0
1753531799517,12:09:59.517,BB/USDT:USDT,0.11106,44.0,0.11101,22.0,0.11118,333.0,0.11119,11.0
1753531799923,12:09:59.923,BB/USDT:USDT,0.11084,50.0,0.11082,50.0,0.11116,269.0,0.11117,22.0
1753531800020,12:10:00.020,BB/USDT:USDT,0.11088,44.0,0.11081,50.0,0.11114,291.0,0.11115,81.0
1753531800061,12:10:00.061,BB/USDT:USDT,0.11088,44.0,0.11081,50.0,0.11114,291.0,0.11115,45.0
1753531800176,12:10:00.176,BB/USDT:USDT,0.11088,44.0,0.11081,50.0,0.11114,291.0,0.11115,45.0
1753531800275,12:10:00.275,BB/USDT:USDT,0.11088,44.0,0.11081,50.0,0.11114,336.0,0.11115,45.0
1753531800523,12:10:00.523,BB/USDT:USDT,0.11088,44.0,0.11081,50.0,0.11114,336.0,0.11115,45.0
1753531800536,12:10:00.536,BB/USDT:USDT,0.11088,44.0,0.11081,50.0,0.11114,336.0,0.11115,45.0
1753531800676,12:10:00.676,BB/USDT:USDT,0.11088,44.0,0.11081,50.0,0.11114,336.0,0.11115,45.0
1753531800756,12:10:00.756,BB/USDT:USDT,0.11088,44.0,0.11081,50.0,0.11114,336.0,0.11115,45.0
1753531800903,12:10:00.903,BB/USDT:USDT,0.11081,50.0,0.1108,56.0,0.11114,291.0,0.11115,45.0
1753531801007,12:10:01.007,BB/USDT:USDT,0.11081,50.0,0.1108,56.0,0.11114,344.0,0.11115,45.0
1753531801126,12:10:01.126,BB/USDT:USDT,0.11081,50.0,0.1108,56.0,0.11114,344.0,0.11115,45.0
1753531801231,12:10:01.231,BB/USDT:USDT,0.11081,50.0,0.1108,56.0,0.11114,344.0,0.11115,45.0
1753531801283,12:10:01.283,BB/USDT:USDT,0.11081,50.0,0.1108,56.0,0.11114,344.0,0.11115,45.0
1753531801617,12:10:01.617,BB/USDT:USDT,0.11086,44.0,0.11081,50.0,0.11114,344.0,0.11115,45.0
1753531801731,12:10:01.731,BB/USDT:USDT,0.11086,44.0,0.11081,50.0,0.11114,344.0,0.11115,45.0
1753531801827,12:10:01.827,BB/USDT:USDT,0.11086,44.0,0.11081,50.0,0.11114,344.0,0.11115,45.0
1753531801838,12:10:01.838,BB/USDT:USDT,0.11086,44.0,0.11081,50.0,0.11114,344.0,0.11115,45.0
1753531801988,12:10:01.988,BB/USDT:USDT,0.11086,44.0,0.11081,50.0,0.11114,336.0,0.11115,45.0
1753531802035,12:10:02.035,BB/USDT:USDT,0.11086,44.0,0.11081,50.0,0.11114,337.0,0.11115,45.0
1753531802233,12:10:02.233,BB/USDT:USDT,0.11086,44.0,0.11081,50.0,0.11114,337.0,0.11115,45.0
1753531802410,12:10:02.410,BB/USDT:USDT,0.11086,44.0,0.11081,50.0,0.11114,382.0,0.11115,45.0
1753531802459,12:10:02.459,BB/USDT:USDT,0.11086,44.0,0.11081,50.0,0.11114,382.0,0.11115,45.0
1753531802535,12:10:02.535,BB/USDT:USDT,0.11086,44.0,0.11081,50.0,0.11114,381.0,0.11115,45.0
1753531802815,12:10:02.815,BB/USDT:USDT,0.11086,44.0,0.11081,50.0,0.11114,381.0,0.11115,45.0
1753531802884,12:10:02.884,BB/USDT:USDT,0.11086,44.0,0.11081,50.0,0.11114,381.0,0.11115,45.0
1753531803124,12:10:03.124,BB/USDT:USDT,0.11086,44.0,0.11081,50.0,0.11114,426.0,0.11118,217.0
1753531803202,12:10:03.202,BB/USDT:USDT,0.11086,44.0,0.11081,50.0,0.11114,584.0,0.11118,217.0
1753531803316,12:10:03.316,BB/USDT:USDT,0.11086,44.0,0.11081,50.0,0.11112,291.0,0.11114,268.0
1753531803360,12:10:03.360,BB/USDT:USDT,0.11086,44.0,0.11081,50.0,0.1111,270.0,0.11111,58.0
1753531803468,12:10:03.468,BB/USDT:USDT,0.11086,44.0,0.11081,50.0,0.11108,292.0,0.11109,36.0
1753531803593,12:10:03.593,BB/USDT:USDT,0.11086,44.0,0.11081,50.0,0.11106,303.0,0.11107,47.0
1753531803642,12:10:03.642,BB/USDT:USDT,0.11086,44.0,0.11081,50.0,0.11105,36.0,0.11106,303.0
1753531803823,12:10:03.823,BB/USDT:USDT,0.11086,44.0,0.11081,50.0,0.11104,292.0,0.11105,36.0
1753531803847,12:10:03.847,BB/USDT:USDT,0.11086,44.0,0.11081,50.0,0.11103,36.0,0.11104,392.0
1753531804133,12:10:04.133,BB/USDT:USDT,0.11086,44.0,0.11081,50.0,0.11102,342.0,0.11103,106.0
1753531804180,12:10:04.180,BB/USDT:USDT,0.11086,44.0,0.11081,50.0,0.111,303.0,0.11101,47.0
1753531804302,12:10:04.302,BB/USDT:USDT,0.11086,44.0,0.11081,50.0,0.11099,306.0,0.111,33.0
1753531804528,12:10:04.528,BB/USDT:USDT,0.11086,44.0,0.11081,50.0,0.11099,306.0,0.111,33.0
1753531804637,12:10:04.637,BB/USDT:USDT,0.11086,44.0,0.11081,50.0,0.11099,306.0,0.111,33.0
1753531804798,12:10:04.798,BB/USDT:USDT,0.11086,44.0,0.11081,50.0,0.11099,306.0,0.111,33.0
1753531804950,12:10:04.950,BB/USDT:USDT,0.11086,44.0,0.11081,50.0,0.11099,306.0,0.111,33.0
1753531805323,12:10:05.323,BB/USDT:USDT,0.11086,44.0,0.11081,50.0,0.11099,306.0,0.111,33.0
1753531805336,12:10:05.336,BB/USDT:USDT,0.11086,44.0,0.11081,50.0,0.11099,306.0,0.111,33.0
1753531805798,12:10:05.798,BB/USDT:USDT,0.11086,44.0,0.11081,50.0,0.11099,306.0,0.111,33.0
1753531806083,12:10:06.083,BB/USDT:USDT,0.11086,44.0,0.11081,50.0,0.11099,404.0,0.111,33.0
1753531806231,12:10:06.231,BB/USDT:USDT,0.11086,44.0,0.11081,50.0,0.11093,1.0,0.11094,11.0
1753531806319,12:10:06.319,BB/USDT:USDT,0.11086,44.0,0.11083,11.0,0.11093,36.0,0.11094,11.0
1753531806364,12:10:06.364,BB/USDT:USDT,0.11086,44.0,0.11083,11.0,0.11093,36.0,0.11094,11.0
1753531806503,12:10:06.503,BB/USDT:USDT,0.11086,44.0,0.11083,11.0,0.11093,36.0,0.11094,11.0
1753531806622,12:10:06.622,BB/USDT:USDT,0.11086,44.0,0.11083,11.0,0.11093,36.0,0.11094,11.0
1753531806731,12:10:06.731,BB/USDT:USDT,0.1109,44.0,0.11089,44.0,0.11109,360.0,0.1111,22.0
1753531806816,12:10:06.816,BB/USDT:USDT,0.11091,44.0,0.11083,11.0,0.11109,423.0,0.1111,22.0
1753531806846,12:10:06.846,BB/USDT:USDT,0.11091,44.0,0.11083,11.0,0.11109,423.0,0.1111,22.0
1753531806978,12:10:06.978,BB/USDT:USDT,0.11091,44.0,0.11083,11.0,0.11109,423.0,0.1111,22.0
1753531807046,12:10:07.046,BB/USDT:USDT,0.11091,44.0,0.11083,11.0,0.11109,423.0,0.1111,22.0
1753531807207,12:10:07.207,BB/USDT:USDT,0.11091,44.0,0.11083,11.0,0.11109,514.0,0.1111,22.0
1753531807279,12:10:07.279,BB/USDT:USDT,0.11091,44.0,0.11083,11.0,0.11109,514.0,0.1111,22.0
1753531807518,12:10:07.518,BB/USDT:USDT,0.11091,44.0,0.11083,11.0,0.11109,469.0,0.1111,22.0
1753531807805,12:10:07.805,BB/USDT:USDT,0.11091,44.0,0.11083,11.0,0.11109,451.0,0.1111,22.0
1753531807840,12:10:07.840,BB/USDT:USDT,0.11091,44.0,0.11083,11.0,0.11109,459.0,0.1111,22.0
1753531808096,12:10:08.096,BB/USDT:USDT,0.11091,44.0,0.11083,11.0,0.11109,459.0,0.1111,22.0
1753531808267,12:10:08.267,BB/USDT:USDT,0.11091,44.0,0.11083,11.0,0.11109,459.0,0.1111,22.0
1753531808563,12:10:08.563,BB/USDT:USDT,0.11091,44.0,0.11083,11.0,0.11109,459.0,0.1111,22.0
1753531808734,12:10:08.734,BB/USDT:USDT,0.11091,44.0,0.11083,11.0,0.11109,459.0,0.1111,22.0
1753531808748,12:10:08.748,BB/USDT:USDT,0.11091,44.0,0.11083,11.0,0.11109,459.0,0.1111,22.0
1753531808900,12:10:08.900,BB/USDT:USDT,0.11091,44.0,0.11083,11.0,0.11109,450.0,0.1111,22.0
1753531809121,12:10:09.121,BB/USDT:USDT,0.11091,44.0,0.11083,11.0,0.11109,450.0,0.1111,22.0
1753531809216,12:10:09.216,BB/USDT:USDT,0.11091,44.0,0.11083,11.0,0.11109,450.0,0.1111,22.0
1753531809738,12:10:09.738,BB/USDT:USDT,0.11091,44.0,0.11083,11.0,0.11109,450.0,0.1111,22.0
1753531809939,12:10:09.939,BB/USDT:USDT,0.11091,44.0,0.11083,11.0,0.11109,450.0,0.1111,22.0
1753531810539,12:10:10.539,BB/USDT:USDT,0.11091,44.0,0.11083,11.0,0.11109,450.0,0.1111,22.0
1753531810731,12:10:10.731,BB/USDT:USDT,0.11091,44.0,0.11081,50.0,0.11109,458.0,0.1111,22.0
1753531810797,12:10:10.797,BB/USDT:USDT,0.11091,44.0,0.11081,50.0,0.11109,458.0,0.1111,22.0
1753531810858,12:10:10.858,BB/USDT:USDT,0.11091,44.0,0.11081,50.0,0.11109,458.0,0.1111,22.0
1753531811055,12:10:11.055,BB/USDT:USDT,0.11091,44.0,0.11081,50.0,0.11109,458.0,0.1111,22.0
1753531811206,12:10:11.206,BB/USDT:USDT,0.11091,44.0,0.11081,50.0,0.11109,458.0,0.1111,22.0
1753531811730,12:10:11.730,BB/USDT:USDT,0.11091,44.0,0.11081,50.0,0.11109,450.0,0.1111,22.0
1753531811870,12:10:11.870,BB/USDT:USDT,0.11091,44.0,0.11081,50.0,0.11109,450.0,0.1111,22.0
1753531812704,12:10:12.704,BB/USDT:USDT,0.11091,44.0,0.11081,50.0,0.11109,450.0,0.1111,22.0
1753531812988,12:10:12.988,BB/USDT:USDT,0.11091,44.0,0.11081,50.0,0.11109,450.0,0.1111,22.0
1753531813261,12:10:13.261,BB/USDT:USDT,0.11091,44.0,0.11081,50.0,0.11109,458.0,0.1111,22.0
1753531813926,12:10:13.926,BB/USDT:USDT,0.11091,44.0,0.11081,50.0,0.11109,458.0,0.1111,22.0
1753531814293,12:10:14.293,BB/USDT:USDT,0.11091,44.0,0.11081,50.0,0.11109,450.0,0.1111,22.0
1753531814904,12:10:14.904,BB/USDT:USDT,0.11091,44.0,0.11081,50.0,0.11109,450.0,0.1111,22.0
1753531815107,12:10:15.107,BB/USDT:USDT,0.11091,44.0,0.11081,50.0,0.11109,450.0,0.1111,22.0
1753531815632,12:10:15.632,BB/USDT:USDT,0.11096,44.0,0.11095,55.0,0.11109,270.0,0.1111,22.0
1753531815703,12:10:15.703,BB/USDT:USDT,0.11099,44.0,0.11095,11.0,0.11109,278.0,0.1111,33.0
1753531815817,12:10:15.817,BB/USDT:USDT,0.11099,55.0,0.11095,11.0,0.11109,300.0,0.1111,11.0
1753531815924,12:10:15.924,BB/USDT:USDT,0.11099,66.0,0.11098,11.0,0.11109,300.0,0.1111,11.0
1753531816005,12:10:16.005,BB/USDT:USDT,0.11099,66.0,0.11098,11.0,0.11109,300.0,0.1111,11.0
1753531816320,12:10:16.320,BB/USDT:USDT,0.11099,66.0,0.11098,11.0,0.11109,278.0,0.1111,11.0
1753531816661,12:10:16.661,BB/USDT:USDT,0.11099,66.0,0.11098,11.0,0.11109,270.0,0.1111,11.0
1753531816793,12:10:16.793,BB/USDT:USDT,0.11099,66.0,0.11098,11.0,0.11109,278.0,0.1111,11.0
1753531817130,12:10:17.130,BB/USDT:USDT,0.11099,66.0,0.11098,11.0,0.11108,22.0,0.11109,278.0
1753531817228,12:10:17.228,BB/USDT:USDT,0.11099,55.0,0.11081,50.0,0.11108,22.0,0.11109,278.0
1753531817259,12:10:17.259,BB/USDT:USDT,0.11099,44.0,0.11081,50.0,0.11108,22.0,0.11109,278.0
1753531817531,12:10:17.531,BB/USDT:USDT,0.11082,270.0,0.11081,50.0,0.11108,22.0,0.11109,278.0
1753531817542,12:10:17.542,BB/USDT:USDT,0.11083,50.0,0.11082,270.0,0.11108,22.0,0.11109,278.0
1753531817856,12:10:17.856,BB/USDT:USDT,0.11083,50.0,0.11082,270.0,0.11108,22.0,0.11109,270.0
1753531819176,12:10:19.176,BB/USDT:USDT,0.11083,50.0,0.11082,270.0,0.11108,22.0,0.11109,270.0
1753531819356,12:10:19.356,BB/USDT:USDT,0.11083,50.0,0.11082,270.0,0.11108,22.0,0.11109,270.0
1753531819627,12:10:19.627,BB/USDT:USDT,0.11083,50.0,0.11082,270.0,0.11108,72.0,0.11109,270.0
1753531820192,12:10:20.192,BB/USDT:USDT,0.11083,320.0,0.11081,50.0,0.11108,72.0,0.11109,270.0
1753531820278,12:10:20.278,BB/USDT:USDT,0.11083,320.0,0.11081,50.0,0.11108,72.0,0.11109,270.0
1753531820615,12:10:20.615,BB/USDT:USDT,0.11083,270.0,0.11081,50.0,0.11108,72.0,0.11109,270.0
1753531820797,12:10:20.797,BB/USDT:USDT,0.11083,270.0,0.11081,50.0,0.11108,72.0,0.11109,270.0
1753531821113,12:10:21.113,BB/USDT:USDT,0.11083,270.0,0.11081,50.0,0.11108,72.0,0.11109,270.0
1753531821503,12:10:21.503,BB/USDT:USDT,0.11083,270.0,0.11081,50.0,0.11108,72.0,0.11109,270.0
1753531821895,12:10:21.895,BB/USDT:USDT,0.11083,270.0,0.11081,50.0,0.11108,342.0,0.1111,11.0
1753531822620,12:10:22.620,BB/USDT:USDT,0.11086,44.0,0.11085,44.0,0.11107,72.0,0.11108,270.0
1753531822640,12:10:22.640,BB/USDT:USDT,0.11086,44.0,0.11083,270.0,0.11107,72.0,0.11108,270.0
1753531823239,12:10:23.239,BB/USDT:USDT,0.11086,44.0,0.11083,270.0,0.11107,72.0,0.11108,270.0
1753531823633,12:10:23.633,BB/USDT:USDT,0.11086,44.0,0.11083,270.0,0.11107,72.0,0.11108,270.0
1753531823636,12:10:23.636,BB/USDT:USDT,0.11086,44.0,0.11083,270.0,0.11107,72.0,0.11108,270.0
1753531825018,12:10:25.018,BB/USDT:USDT,0.11086,44.0,0.11083,270.0,0.11107,72.0,0.11108,270.0
1753531825318,12:10:25.318,BB/USDT:USDT,0.11086,44.0,0.11083,270.0,0.11107,72.0,0.11108,270.0
1753531826776,12:10:26.776,BB/USDT:USDT,0.11086,44.0,0.11083,270.0,0.11107,72.0,0.11108,270.0
1753531828218,12:10:28.218,BB/USDT:USDT,0.11086,44.0,0.11083,270.0,0.11107,50.0,0.11108,270.0
1753531828457,12:10:28.457,BB/USDT:USDT,0.11086,44.0,0.11083,270.0,0.11107,72.0,0.11108,270.0
1753531829240,12:10:29.240,BB/USDT:USDT,0.11086,44.0,0.11083,270.0,0.11107,72.0,0.11108,270.0
1753531829460,12:10:29.460,BB/USDT:USDT,0.11086,44.0,0.11083,270.0,0.11107,72.0,0.11108,270.0
1753531829740,12:10:29.740,BB/USDT:USDT,0.11086,44.0,0.11083,270.0,0.11107,72.0,0.11108,270.0
1753531832054,12:10:32.054,BB/USDT:USDT,0.11086,44.0,0.11083,270.0,0.11107,72.0,0.11108,270.0
1753531833604,12:10:33.604,BB/USDT:USDT,0.11086,44.0,0.11083,270.0,0.11107,72.0,0.11108,270.0
1753531834717,12:10:34.717,BB/USDT:USDT,0.11086,44.0,0.11083,270.0,0.11107,72.0,0.11108,270.0
1753531834756,12:10:34.756,BB/USDT:USDT,0.11086,44.0,0.11083,270.0,0.11107,72.0,0.11108,270.0
1753531835182,12:10:35.182,BB/USDT:USDT,0.11086,44.0,0.11083,270.0,0.11107,72.0,0.11108,270.0
1753531835447,12:10:35.447,BB/USDT:USDT,0.11086,44.0,0.11083,270.0,0.11107,72.0,0.11108,270.0
1753531836447,12:10:36.447,BB/USDT:USDT,0.11086,44.0,0.11083,270.0,0.11107,72.0,0.11108,270.0
1753531837219,12:10:37.219,BB/USDT:USDT,0.11086,44.0,0.11083,270.0,0.11107,72.0,0.11108,270.0
1753531837326,12:10:37.326,BB/USDT:USDT,0.11086,44.0,0.11083,270.0,0.11107,342.0,0.11108,8.0
1753531838323,12:10:38.323,BB/USDT:USDT,0.11086,44.0,0.11083,270.0,0.11107,342.0,0.11108,8.0
1753531838418,12:10:38.418,BB/USDT:USDT,0.11086,44.0,0.11083,270.0,0.11106,50.0,0.11107,292.0
1753531838503,12:10:38.503,BB/USDT:USDT,0.11088,44.0,0.11083,270.0,0.11106,207.0,0.11107,270.0
1753531838606,12:10:38.606,BB/USDT:USDT,0.11088,44.0,0.11083,270.0,0.11106,162.0,0.11107,270.0
1753531839403,12:10:39.403,BB/USDT:USDT,0.11088,44.0,0.11083,270.0,0.11106,162.0,0.11107,270.0
1753531839442,12:10:39.442,BB/USDT:USDT,0.11088,44.0,0.11083,270.0,0.11106,162.0,0.11107,270.0
1753531840398,12:10:40.398,BB/USDT:USDT,0.11088,44.0,0.11083,270.0,0.11106,162.0,0.11107,270.0
1753531840726,12:10:40.726,BB/USDT:USDT,0.11088,44.0,0.11083,270.0,0.11106,162.0,0.11107,270.0
1753531841380,12:10:41.380,BB/USDT:USDT,0.11088,44.0,0.11083,270.0,0.11106,162.0,0.11107,270.0
1753531841728,12:10:41.728,BB/USDT:USDT,0.11088,44.0,0.11083,270.0,0.11106,72.0,0.11107,270.0
1753531842006,12:10:42.006,BB/USDT:USDT,0.11088,44.0,0.11083,270.0,0.11106,72.0,0.11107,270.0
1753531842896,12:10:42.896,BB/USDT:USDT,0.11088,44.0,0.11083,270.0,0.11106,72.0,0.11107,270.0
1753531843358,12:10:43.358,BB/USDT:USDT,0.11088,44.0,0.11083,270.0,0.11106,72.0,0.11107,270.0
1753531844293,12:10:44.293,BB/USDT:USDT,0.11088,44.0,0.11083,270.0,0.11106,72.0,0.11107,270.0
1753531845014,12:10:45.014,BB/USDT:USDT,0.11088,44.0,0.11083,270.0,0.11106,72.0,0.11107,270.0
1753531845359,12:10:45.359,BB/USDT:USDT,0.11088,44.0,0.11084,50.0,0.11106,72.0,0.11107,270.0
1753531845716,12:10:45.716,BB/USDT:USDT,0.11088,44.0,0.11084,50.0,0.11106,50.0,0.11107,270.0
1753531845803,12:10:45.803,BB/USDT:USDT,0.11088,44.0,0.11084,50.0,0.11106,50.0,0.11107,270.0
1753531846325,12:10:46.325,BB/USDT:USDT,0.11088,44.0,0.11084,50.0,0.11106,50.0,0.11107,270.0
1753531847316,12:10:47.316,BB/USDT:USDT,0.11088,44.0,0.11084,50.0,0.11106,50.0,0.11107,270.0
1753531848004,12:10:48.004,BB/USDT:USDT,0.11088,44.0,0.11084,50.0,0.11106,50.0,0.11107,270.0
1753531848328,12:10:48.328,BB/USDT:USDT,0.11088,44.0,0.11084,50.0,0.11106,50.0,0.11107,270.0
1753531848359,12:10:48.359,BB/USDT:USDT,0.11088,44.0,0.11084,50.0,0.11106,50.0,0.11107,270.0
1753531848476,12:10:48.476,BB/USDT:USDT,0.11088,44.0,0.11084,50.0,0.11106,50.0,0.11107,270.0
1753531848540,12:10:48.540,BB/USDT:USDT,0.11088,44.0,0.11084,50.0,0.11106,50.0,0.11107,270.0
1753531849291,12:10:49.291,BB/USDT:USDT,0.11088,44.0,0.11084,50.0,0.11106,50.0,0.11107,270.0
1753531850169,12:10:50.169,BB/USDT:USDT,0.11088,44.0,0.11084,50.0,0.11106,50.0,0.11107,270.0
1753531850583,12:10:50.583,BB/USDT:USDT,0.11088,44.0,0.11084,50.0,0.11106,50.0,0.11107,270.0
1753531851230,12:10:51.230,BB/USDT:USDT,0.11088,44.0,0.11084,50.0,0.11106,50.0,0.11107,270.0
1753531851730,12:10:51.730,BB/USDT:USDT,0.11088,44.0,0.11084,50.0,0.11106,50.0,0.11107,270.0
1753531851737,12:10:51.737,BB/USDT:USDT,0.11088,44.0,0.11084,50.0,0.11106,50.0,0.11107,270.0
1753531852297,12:10:52.297,BB/USDT:USDT,0.11088,44.0,0.11084,50.0,0.11106,50.0,0.11107,270.0
1753531852340,12:10:52.340,BB/USDT:USDT,0.11088,44.0,0.11084,50.0,0.11106,50.0,0.11107,270.0
1753531853300,12:10:53.300,BB/USDT:USDT,0.11088,44.0,0.11084,50.0,0.11106,50.0,0.11107,270.0
1753531857016,12:10:57.016,BB/USDT:USDT,0.11092,44.0,0.11091,55.0,0.11106,50.0,0.11107,270.0
1753531857083,12:10:57.083,BB/USDT:USDT,0.11092,55.0,0.11091,11.0,0.11106,58.0,0.11107,270.0
1753531857217,12:10:57.217,BB/USDT:USDT,0.11092,55.0,0.11091,11.0,0.11106,58.0,0.11107,270.0
1753531857843,12:10:57.843,BB/USDT:USDT,0.11092,55.0,0.11091,11.0,0.11106,58.0,0.11107,270.0
1753531858027,12:10:58.027,BB/USDT:USDT,0.11092,55.0,0.11091,11.0,0.11106,58.0,0.11126,50.0
1753531858124,12:10:58.124,BB/USDT:USDT,0.11092,55.0,0.11091,11.0,0.11106,50.0,0.11126,50.0
1753531858225,12:10:58.225,BB/USDT:USDT,0.11094,44.0,0.11093,44.0,0.11125,269.0,0.11126,95.0
1753531858322,12:10:58.322,BB/USDT:USDT,0.11101,44.0,0.111,44.0,0.11125,479.0,0.11126,95.0
1753531858376,12:10:58.376,BB/USDT:USDT,0.11102,44.0,0.11092,11.0,0.11125,489.0,0.11126,95.0
1753531858522,12:10:58.522,BB/USDT:USDT,0.11102,44.0,0.11092,11.0,0.11125,489.0,0.11126,95.0
1753531858588,12:10:58.588,BB/USDT:USDT,0.11102,44.0,0.11092,11.0,0.11125,518.0,0.11126,95.0
1753531858719,12:10:58.719,BB/USDT:USDT,0.11102,44.0,0.11092,11.0,0.11125,518.0,0.11126,95.0
1753531858793,12:10:58.793,BB/USDT:USDT,0.11102,44.0,0.11092,11.0,0.11125,518.0,0.11126,95.0
1753531859096,12:10:59.096,BB/USDT:USDT,0.11102,44.0,0.11092,11.0,0.11125,518.0,0.11126,95.0
1753531859196,12:10:59.196,BB/USDT:USDT,0.11102,44.0,0.11092,11.0,0.11125,518.0,0.11126,45.0
1753531859323,12:10:59.323,BB/USDT:USDT,0.11105,44.0,0.11104,44.0,0.11125,555.0,0.11126,45.0
1753531859417,12:10:59.417,BB/USDT:USDT,0.11084,50.0,0.11083,270.0,0.11125,546.0,0.11126,45.0
1753531859519,12:10:59.519,BB/USDT:USDT,0.11089,44.0,0.11088,320.0,0.11125,591.0,0.11126,45.0
1753531859557,12:10:59.557,BB/USDT:USDT,0.11089,44.0,0.11088,320.0,0.11125,591.0,0.11126,45.0
1753531859879,12:10:59.879,BB/USDT:USDT,0.11089,44.0,0.11088,320.0,0.11125,591.0,0.11126,45.0
1753531859998,12:10:59.998,BB/USDT:USDT,0.11089,44.0,0.11088,320.0,0.11125,591.0,0.11126,45.0
1753531860124,12:11:00.124,BB/USDT:USDT,0.11089,44.0,0.11088,320.0,0.11125,591.0,0.11126,45.0
1753531860168,12:11:00.168,BB/USDT:USDT,0.11089,44.0,0.11088,270.0,0.11125,591.0,0.11126,45.0
1753531860301,12:11:00.301,BB/USDT:USDT,0.11089,44.0,0.11088,270.0,0.11125,591.0,0.11126,45.0
1753531860414,12:11:00.414,BB/USDT:USDT,0.11089,44.0,0.11088,270.0,0.11125,583.0,0.11126,45.0
1753531860556,12:11:00.556,BB/USDT:USDT,0.11089,44.0,0.11088,270.0,0.11125,583.0,0.11126,45.0
1753531861132,12:11:01.132,BB/USDT:USDT,0.11089,44.0,0.11088,270.0,0.11125,583.0,0.11126,45.0
1753531861159,12:11:01.159,BB/USDT:USDT,0.11089,94.0,0.11088,270.0,0.11125,583.0,0.11126,45.0
1753531861333,12:11:01.333,BB/USDT:USDT,0.11095,44.0,0.11094,44.0,0.11123,291.0,0.11125,157.0
1753531861420,12:11:01.420,BB/USDT:USDT,0.11101,44.0,0.111,44.0,0.11123,291.0,0.11125,157.0
1753531861516,12:11:01.516,BB/USDT:USDT,0.11105,44.0,0.1109,50.0,0.11123,299.0,0.11125,157.0
1753531861620,12:11:01.620,BB/USDT:USDT,0.11106,44.0,0.1109,50.0,0.11123,300.0,0.11125,112.0
1753531861703,12:11:01.703,BB/USDT:USDT,0.11106,44.0,0.1109,50.0,0.11123,299.0,0.11125,112.0
1753531861811,12:11:01.811,BB/USDT:USDT,0.11106,44.0,0.1109,50.0,0.11123,322.0,0.11125,112.0
1753531861914,12:11:01.914,BB/USDT:USDT,0.11106,44.0,0.1109,50.0,0.11123,322.0,0.11125,112.0
1753531861937,12:11:01.937,BB/USDT:USDT,0.11106,44.0,0.1109,50.0,0.11123,322.0,0.11125,112.0
1753531862103,12:11:02.103,BB/USDT:USDT,0.11106,44.0,0.1109,50.0,0.11123,322.0,0.11125,112.0
1753531862144,12:11:02.144,BB/USDT:USDT,0.11106,44.0,0.1109,50.0,0.11123,322.0,0.11125,112.0
1753531862298,12:11:02.298,BB/USDT:USDT,0.11106,44.0,0.1109,50.0,0.11123,322.0,0.11125,112.0
1753531862431,12:11:02.431,BB/USDT:USDT,0.11106,44.0,0.1109,50.0,0.11123,367.0,0.11125,112.0
1753531862493,12:11:02.493,BB/USDT:USDT,0.11106,44.0,0.1109,50.0,0.11123,449.0,0.11125,67.0
1753531862817,12:11:02.817,BB/USDT:USDT,0.11106,44.0,0.1109,50.0,0.11123,449.0,0.11125,67.0
1753531863005,12:11:03.005,BB/USDT:USDT,0.11106,44.0,0.1109,50.0,0.11123,449.0,0.11124,22.0
1753531863116,12:11:03.116,BB/USDT:USDT,0.11106,44.0,0.1109,50.0,0.11123,449.0,0.11124,22.0
1753531863136,12:11:03.136,BB/USDT:USDT,0.11106,44.0,0.11089,50.0,0.11123,449.0,0.11124,22.0
1753531863401,12:11:03.401,BB/USDT:USDT,0.11106,44.0,0.11089,50.0,0.11123,449.0,0.11124,22.0
1753531864125,12:11:04.125,BB/USDT:USDT,0.11106,44.0,0.11089,50.0,0.11123,449.0,0.11124,22.0
1753531864229,12:11:04.229,BB/USDT:USDT,0.11106,44.0,0.11089,50.0,0.11123,450.0,0.11124,22.0
1753531864240,12:11:04.240,BB/USDT:USDT,0.11106,44.0,0.11089,50.0,0.11123,450.0,0.11124,22.0
1753531864345,12:11:04.345,BB/USDT:USDT,0.11106,44.0,0.11089,50.0,0.11123,450.0,0.11124,22.0
1753531864530,12:11:04.530,BB/USDT:USDT,0.11106,44.0,0.11089,50.0,0.11123,450.0,0.11124,22.0
1753531864597,12:11:04.597,BB/USDT:USDT,0.11106,44.0,0.11089,50.0,0.11123,449.0,0.11124,22.0
1753531864666,12:11:04.666,BB/USDT:USDT,0.11106,44.0,0.11089,50.0,0.11123,498.0,0.11124,22.0
1753531864793,12:11:04.793,BB/USDT:USDT,0.11106,44.0,0.11089,50.0,0.11123,506.0,0.11124,22.0
1753531865133,12:11:05.133,BB/USDT:USDT,0.11106,44.0,0.11089,50.0,0.11123,507.0,0.11124,22.0
1753531865234,12:11:05.234,BB/USDT:USDT,0.11106,44.0,0.11089,50.0,0.11123,506.0,0.11124,22.0
1753531865341,12:11:05.341,BB/USDT:USDT,0.11106,44.0,0.11089,50.0,0.11123,507.0,0.11124,22.0
1753531865540,12:11:05.540,BB/USDT:USDT,0.11106,44.0,0.11089,50.0,0.11123,565.0,0.11124,22.0
1753531865805,12:11:05.805,BB/USDT:USDT,0.11106,44.0,0.11089,50.0,0.11123,557.0,0.11124,22.0
1753531866043,12:11:06.043,BB/USDT:USDT,0.11106,44.0,0.11089,50.0,0.11123,557.0,0.11124,22.0
1753531866355,12:11:06.355,BB/USDT:USDT,0.11106,44.0,0.11089,50.0,0.11123,557.0,0.11124,22.0
1753531866435,12:11:06.435,BB/USDT:USDT,0.11106,44.0,0.11089,50.0,0.11123,558.0,0.11124,22.0
1753531866535,12:11:06.535,BB/USDT:USDT,0.11106,44.0,0.11089,50.0,0.11123,557.0,0.11124,22.0
1753531866796,12:11:06.796,BB/USDT:USDT,0.11106,44.0,0.11089,50.0,0.11123,557.0,0.11124,22.0
1753531866859,12:11:06.859,BB/USDT:USDT,0.11106,44.0,0.11089,50.0,0.11123,557.0,0.11124,22.0
1753531867534,12:11:07.534,BB/USDT:USDT,0.11106,44.0,0.11089,50.0,0.11123,558.0,0.11124,22.0
1753531867676,12:11:07.676,BB/USDT:USDT,0.11106,44.0,0.11089,50.0,0.11123,557.0,0.11124,22.0
1753531867741,12:11:07.741,BB/USDT:USDT,0.11106,44.0,0.11089,50.0,0.11123,557.0,0.11124,22.0
1753531867966,12:11:07.966,BB/USDT:USDT,0.11106,44.0,0.11089,50.0,0.11123,565.0,0.11124,22.0
1753531868318,12:11:08.318,BB/USDT:USDT,0.11106,44.0,0.11089,50.0,0.11123,565.0,0.11124,22.0
1753531868486,12:11:08.486,BB/USDT:USDT,0.11106,44.0,0.11089,50.0,0.11123,565.0,0.11124,22.0
1753531868879,12:11:08.879,BB/USDT:USDT,0.11106,44.0,0.11089,50.0,0.11123,565.0,0.11124,22.0
1753531868998,12:11:08.998,BB/USDT:USDT,0.11106,44.0,0.11089,50.0,0.11123,557.0,0.11124,22.0
1753531869435,12:11:09.435,BB/USDT:USDT,0.11106,44.0,0.11089,50.0,0.11123,558.0,0.11124,22.0
1753531869535,12:11:09.535,BB/USDT:USDT,0.11106,44.0,0.11089,50.0,0.11123,557.0,0.11124,22.0
1753531870097,12:11:10.097,BB/USDT:USDT,0.11106,44.0,0.11089,50.0,0.11123,557.0,0.11124,22.0
1753531870233,12:11:10.233,BB/USDT:USDT,0.1109,270.0,0.11089,50.0,0.11123,557.0,0.11124,22.0
1753531870316,12:11:10.316,BB/USDT:USDT,0.11095,44.0,0.11094,44.0,0.11123,557.0,0.11124,22.0
1753531870416,12:11:10.416,BB/USDT:USDT,0.111,44.0,0.11099,44.0,0.11123,557.0,0.11124,22.0
1753531870512,12:11:10.512,BB/USDT:USDT,0.11103,44.0,0.11093,50.0,0.11123,565.0,0.11124,22.0
1753531870619,12:11:10.619,BB/USDT:USDT,0.11103,44.0,0.11093,50.0,0.11123,565.0,0.11124,22.0
1753531870640,12:11:10.640,BB/USDT:USDT,0.11103,44.0,0.11093,50.0,0.11123,565.0,0.11124,22.0
1753531870740,12:11:10.740,BB/USDT:USDT,0.11103,44.0,0.11093,50.0,0.11123,565.0,0.11124,22.0
1753531871064,12:11:11.064,BB/USDT:USDT,0.11103,44.0,0.11093,50.0,0.11123,565.0,0.11124,22.0
1753531871476,12:11:11.476,BB/USDT:USDT,0.11103,44.0,0.11093,50.0,0.11123,557.0,0.11124,22.0
1753531871576,12:11:11.576,BB/USDT:USDT,0.11103,44.0,0.11093,50.0,0.11123,557.0,0.11124,22.0
1753531871641,12:11:11.641,BB/USDT:USDT,0.11103,44.0,0.11093,50.0,0.11123,557.0,0.11124,22.0
1753531872131,12:11:12.131,BB/USDT:USDT,0.11103,44.0,0.11093,50.0,0.11123,557.0,0.11124,22.0
1753531872597,12:11:12.597,BB/USDT:USDT,0.11103,44.0,0.11093,50.0,0.11123,557.0,0.11124,22.0
1753531872726,12:11:12.726,BB/USDT:USDT,0.11103,44.0,0.11093,50.0,0.11123,557.0,0.11124,22.0
1753531872748,12:11:12.748,BB/USDT:USDT,0.11103,44.0,0.11093,50.0,0.11123,557.0,0.11124,22.0
1753531872949,12:11:12.949,BB/USDT:USDT,0.11103,44.0,0.11093,50.0,0.11123,557.0,0.11124,22.0
1753531874879,12:11:14.879,BB/USDT:USDT,0.11103,44.0,0.11093,50.0,0.11123,557.0,0.11124,22.0
1753531876212,12:11:16.212,BB/USDT:USDT,0.11103,44.0,0.11093,50.0,0.11123,557.0,0.11124,22.0
1753531876401,12:11:16.401,BB/USDT:USDT,0.11103,44.0,0.11093,50.0,0.11123,557.0,0.11124,22.0
1753531876461,12:11:16.461,BB/USDT:USDT,0.11103,44.0,0.11093,50.0,0.11123,557.0,0.11124,22.0
1753531876542,12:11:16.542,BB/USDT:USDT,0.11103,44.0,0.11093,50.0,0.11123,557.0,0.11124,22.0
1753531876692,12:11:16.692,BB/USDT:USDT,0.11103,44.0,0.11093,50.0,0.11123,355.0,0.11124,22.0
1753531876740,12:11:16.740,BB/USDT:USDT,0.11103,44.0,0.11093,50.0,0.11123,355.0,0.11124,22.0
1753531877030,12:11:17.030,BB/USDT:USDT,0.11103,44.0,0.11093,50.0,0.11123,355.0,0.11124,22.0
1753531877050,12:11:17.050,BB/USDT:USDT,0.11103,44.0,0.11093,50.0,0.11123,355.0,0.11124,22.0
1753531877763,12:11:17.763,BB/USDT:USDT,0.11103,44.0,0.11093,50.0,0.11123,567.0,0.11124,22.0
1753531877846,12:11:17.846,BB/USDT:USDT,0.11103,44.0,0.11093,50.0,0.11123,567.0,0.11124,22.0
1753531879070,12:11:19.070,BB/USDT:USDT,0.11103,44.0,0.11093,50.0,0.11123,567.0,0.11124,22.0
1753531879334,12:11:19.334,BB/USDT:USDT,0.11103,44.0,0.11093,50.0,0.11123,568.0,0.11124,22.0
1753531879534,12:11:19.534,BB/USDT:USDT,0.11103,44.0,0.11093,50.0,0.11123,567.0,0.11124,22.0
1753531880335,12:11:20.335,BB/USDT:USDT,0.11103,44.0,0.11093,50.0,0.11123,568.0,0.11124,22.0
1753531880534,12:11:20.534,BB/USDT:USDT,0.11103,44.0,0.11093,50.0,0.11123,567.0,0.11124,22.0
1753531881317,12:11:21.317,BB/USDT:USDT,0.11107,44.0,0.11106,44.0,0.11121,291.0,0.11122,448.0
1753531881359,12:11:21.359,BB/USDT:USDT,0.11108,44.0,0.11093,50.0,0.11121,310.0,0.11122,462.0
1753531881442,12:11:21.442,BB/USDT:USDT,0.11108,44.0,0.11093,50.0,0.11121,421.0,0.11122,473.0
1753531881927,12:11:21.927,BB/USDT:USDT,0.11108,44.0,0.11093,50.0,0.11121,421.0,0.11122,473.0
1753531881936,12:11:21.936,BB/USDT:USDT,0.11108,44.0,0.11093,50.0,0.11121,421.0,0.11122,473.0
1753531882399,12:11:22.399,BB/USDT:USDT,0.11108,44.0,0.11093,50.0,0.11121,413.0,0.11122,473.0
1753531882721,12:11:22.721,BB/USDT:USDT,0.11108,44.0,0.11093,50.0,0.11121,413.0,0.11122,473.0
1753531883143,12:11:23.143,BB/USDT:USDT,0.11108,44.0,0.11093,50.0,0.11121,413.0,0.11122,473.0
1753531883405,12:11:23.405,BB/USDT:USDT,0.11108,44.0,0.11093,50.0,0.11121,413.0,0.11122,473.0
1753531883458,12:11:23.458,BB/USDT:USDT,0.11108,44.0,0.11093,50.0,0.11121,413.0,0.11122,473.0
1753531883962,12:11:23.962,BB/USDT:USDT,0.11108,44.0,0.11093,50.0,0.11121,413.0,0.11122,473.0
1753531884404,12:11:24.404,BB/USDT:USDT,0.11108,44.0,0.11093,50.0,0.11121,560.0,0.11122,25.0
1753531884469,12:11:24.469,BB/USDT:USDT,0.11093,50.0,0.11085,50.0,0.11121,560.0,0.11122,22.0
1753531884626,12:11:24.626,BB/USDT:USDT,0.11096,44.0,0.11095,44.0,0.11119,291.0,0.11121,273.0
1753531884733,12:11:24.733,BB/USDT:USDT,0.11101,44.0,0.11085,50.0,0.11119,602.0,0.11121,273.0
1753531884818,12:11:24.818,BB/USDT:USDT,0.11106,44.0,0.11085,50.0,0.11117,460.0,0.11118,11.0
1753531884901,12:11:24.901,BB/USDT:USDT,0.11106,44.0,0.11085,50.0,0.11117,460.0,0.11118,11.0
1753531885200,12:11:25.200,BB/USDT:USDT,0.11106,44.0,0.11085,50.0,0.11117,460.0,0.11118,11.0
1753531885587,12:11:25.587,BB/USDT:USDT,0.11106,44.0,0.11085,50.0,0.11117,460.0,0.11118,11.0
1753531885793,12:11:25.793,BB/USDT:USDT,0.11106,44.0,0.11085,50.0,0.11117,460.0,0.11118,11.0
1753531886018,12:11:26.018,BB/USDT:USDT,0.11106,44.0,0.11085,50.0,0.11117,460.0,0.11118,11.0
1753531886819,12:11:26.819,BB/USDT:USDT,0.11106,44.0,0.11085,50.0,0.11117,460.0,0.11118,11.0
1753531887591,12:11:27.591,BB/USDT:USDT,0.11106,44.0,0.11085,50.0,0.11117,460.0,0.11118,11.0
1753531887640,12:11:27.640,BB/USDT:USDT,0.11106,44.0,0.11085,50.0,0.11117,460.0,0.11118,11.0
1753531887798,12:11:27.798,BB/USDT:USDT,0.11106,44.0,0.11085,50.0,0.11117,460.0,0.11118,11.0
1753531888040,12:11:28.040,BB/USDT:USDT,0.11106,44.0,0.11085,50.0,0.11117,460.0,0.11118,11.0
1753531888384,12:11:28.384,BB/USDT:USDT,0.11106,44.0,0.11085,50.0,0.11116,239.0,0.11117,795.0
1753531888456,12:11:28.456,BB/USDT:USDT,0.11106,44.0,0.11085,50.0,0.11115,269.0,0.11116,25.0
1753531888540,12:11:28.540,BB/USDT:USDT,0.11106,44.0,0.11085,50.0,0.11115,269.0,0.11116,22.0
1753531888756,12:11:28.756,BB/USDT:USDT,0.11106,44.0,0.11085,50.0,0.11115,269.0,0.11116,22.0
1753531888874,12:11:28.874,BB/USDT:USDT,0.11106,44.0,0.11085,50.0,0.11115,581.0,0.11116,22.0
1753531888940,12:11:28.940,BB/USDT:USDT,0.11106,44.0,0.11085,50.0,0.11115,581.0,0.11116,25.0
1753531889422,12:11:29.422,BB/USDT:USDT,0.11106,44.0,0.11085,50.0,0.11115,581.0,0.11116,25.0
1753531889891,12:11:29.891,BB/USDT:USDT,0.11106,44.0,0.11085,50.0,0.11115,581.0,0.11116,25.0
1753531890097,12:11:30.097,BB/USDT:USDT,0.11106,44.0,0.11085,50.0,0.11114,181.0,0.11115,603.0
1753531890516,12:11:30.516,BB/USDT:USDT,0.11106,44.0,0.11085,50.0,0.11114,269.0,0.11115,22.0
1753531890556,12:11:30.556,BB/USDT:USDT,0.11106,44.0,0.11085,50.0,0.11114,269.0,0.11115,22.0
1753531890920,12:11:30.920,BB/USDT:USDT,0.11106,44.0,0.11085,50.0,0.11114,269.0,0.11115,22.0
1753531891719,12:11:31.719,BB/USDT:USDT,0.11106,44.0,0.11085,50.0,0.11114,269.0,0.11115,22.0
1753531892005,12:11:32.005,BB/USDT:USDT,0.11106,44.0,0.11085,50.0,0.11114,269.0,0.11116,22.0
1753531892629,12:11:32.629,BB/USDT:USDT,0.11085,50.0,0.11084,237.0,0.11114,314.0,0.11116,22.0
1753531892730,12:11:32.730,BB/USDT:USDT,0.11085,320.0,0.11084,237.0,0.11114,359.0,0.11116,22.0
1753531892816,12:11:32.816,BB/USDT:USDT,0.11085,320.0,0.11084,237.0,0.11114,359.0,0.11116,22.0
1753531892925,12:11:32.925,BB/USDT:USDT,0.11085,320.0,0.11084,237.0,0.11114,480.0,0.11116,22.0
1753531892999,12:11:32.999,BB/USDT:USDT,0.11085,320.0,0.11084,237.0,0.11114,480.0,0.11116,22.0
1753531893121,12:11:33.121,BB/USDT:USDT,0.11085,320.0,0.11084,237.0,0.11114,480.0,0.11116,22.0
1753531893233,12:11:33.233,BB/USDT:USDT,0.11087,94.0,0.11086,50.0,0.11112,291.0,0.11114,446.0
1753531893236,12:11:33.236,BB/USDT:USDT,0.11087,94.0,0.11086,50.0,0.11112,291.0,0.11114,446.0
1753531893340,12:11:33.340,BB/USDT:USDT,0.11087,94.0,0.11086,50.0,0.11112,291.0,0.11114,454.0
1753531894219,12:11:34.219,BB/USDT:USDT,0.11087,94.0,0.11086,50.0,0.11112,291.0,0.11114,454.0
1753531894294,12:11:34.294,BB/USDT:USDT,0.11087,94.0,0.11086,50.0,0.11112,291.0,0.11114,454.0
1753531894359,12:11:34.359,BB/USDT:USDT,0.11087,94.0,0.11086,50.0,0.11112,291.0,0.11114,446.0
1753531894779,12:11:34.779,BB/USDT:USDT,0.11087,44.0,0.11086,50.0,0.11112,291.0,0.11114,446.0
1753531895030,12:11:35.030,BB/USDT:USDT,0.11087,44.0,0.11086,50.0,0.11112,291.0,0.11114,446.0
1753531895097,12:11:35.097,BB/USDT:USDT,0.11087,44.0,0.11086,50.0,0.11112,291.0,0.11114,446.0
1753531895320,12:11:35.320,BB/USDT:USDT,0.11087,44.0,0.11086,50.0,0.11112,291.0,0.11114,446.0
1753531895407,12:11:35.407,BB/USDT:USDT,0.11087,44.0,0.11086,50.0,0.11112,291.0,0.11114,446.0
1753531895510,12:11:35.510,BB/USDT:USDT,0.11087,44.0,0.11086,50.0,0.11112,291.0,0.11114,446.0
1753531895772,12:11:35.772,BB/USDT:USDT,0.11087,94.0,0.11086,50.0,0.11112,291.0,0.11114,356.0
1753531895856,12:11:35.856,BB/USDT:USDT,0.11087,94.0,0.11086,50.0,0.11112,291.0,0.11114,356.0
1753531896017,12:11:36.017,BB/USDT:USDT,0.11087,94.0,0.11086,50.0,0.11112,403.0,0.11113,22.0
1753531896221,12:11:36.221,BB/USDT:USDT,0.11087,94.0,0.11086,50.0,0.11112,403.0,0.11113,22.0
1753531896326,12:11:36.326,BB/USDT:USDT,0.11087,94.0,0.11086,50.0,0.11112,403.0,0.11113,22.0
1753531896426,12:11:36.426,BB/USDT:USDT,0.11088,191.0,0.11087,636.0,0.11112,269.0,0.11131,22.0
1753531896530,12:11:36.530,BB/USDT:USDT,0.11092,44.0,0.1109,50.0,0.11112,314.0,0.11131,22.0
1753531896600,12:11:36.600,BB/USDT:USDT,0.11092,44.0,0.1109,50.0,0.11112,269.0,0.11131,22.0
1753531896732,12:11:36.732,BB/USDT:USDT,0.11092,44.0,0.1109,50.0,0.11112,269.0,0.11131,22.0
1753531896797,12:11:36.797,BB/USDT:USDT,0.11092,44.0,0.1109,50.0,0.11112,269.0,0.11131,22.0
1753531896840,12:11:36.840,BB/USDT:USDT,0.11092,44.0,0.1109,50.0,0.11112,269.0,0.11131,22.0
1753531897212,12:11:37.212,BB/USDT:USDT,0.11092,44.0,0.1109,50.0,0.11112,404.0,0.11131,22.0
1753531897430,12:11:37.430,BB/USDT:USDT,0.11092,44.0,0.1109,50.0,0.11112,404.0,0.11131,22.0
1753531897436,12:11:37.436,BB/USDT:USDT,0.11092,44.0,0.1109,50.0,0.11112,404.0,0.11131,22.0
1753531897566,12:11:37.566,BB/USDT:USDT,0.11092,44.0,0.1109,50.0,0.11112,404.0,0.11131,22.0
1753531897756,12:11:37.756,BB/USDT:USDT,0.11092,44.0,0.11086,50.0,0.11112,404.0,0.11131,22.0
1753531897876,12:11:37.876,BB/USDT:USDT,0.11092,44.0,0.11086,50.0,0.11112,404.0,0.11131,25.0
1753531898003,12:11:38.003,BB/USDT:USDT,0.11092,44.0,0.11086,50.0,0.11112,404.0,0.11131,22.0
1753531898516,12:11:38.516,BB/USDT:USDT,0.11092,44.0,0.11086,50.0,0.11112,404.0,0.11131,22.0
1753531898540,12:11:38.540,BB/USDT:USDT,0.11092,44.0,0.11086,50.0,0.11112,404.0,0.11131,22.0
1753531898812,12:11:38.812,BB/USDT:USDT,0.11092,44.0,0.11086,50.0,0.11112,404.0,0.11131,22.0
1753531899230,12:11:39.230,BB/USDT:USDT,0.11092,44.0,0.11086,50.0,0.11112,404.0,0.11131,22.0
1753531899723,12:11:39.723,BB/USDT:USDT,0.11092,44.0,0.11086,50.0,0.11112,404.0,0.11131,22.0
1753531900116,12:11:40.116,BB/USDT:USDT,0.11092,44.0,0.11086,50.0,0.11112,404.0,0.11131,22.0
1753531900140,12:11:40.140,BB/USDT:USDT,0.11092,44.0,0.11086,50.0,0.11112,404.0,0.11131,22.0
1753531900623,12:11:40.623,BB/USDT:USDT,0.11092,44.0,0.11086,50.0,0.11112,404.0,0.11131,22.0
1753531900640,12:11:40.640,BB/USDT:USDT,0.11092,44.0,0.11086,50.0,0.11112,404.0,0.11131,22.0
1753531900796,12:11:40.796,BB/USDT:USDT,0.11092,44.0,0.11086,50.0,0.11112,404.0,0.11131,22.0
1753531901258,12:11:41.258,BB/USDT:USDT,0.11092,44.0,0.11086,50.0,0.11112,404.0,0.11131,22.0
1753531901482,12:11:41.482,BB/USDT:USDT,0.11092,44.0,0.11086,50.0,0.11112,449.0,0.11131,22.0
1753531902657,12:11:42.657,BB/USDT:USDT,0.11092,44.0,0.11086,50.0,0.11112,449.0,0.11131,22.0
1753531902736,12:11:42.736,BB/USDT:USDT,0.11092,44.0,0.11086,50.0,0.11112,449.0,0.11131,22.0
1753531903676,12:11:43.676,BB/USDT:USDT,0.11092,44.0,0.11086,50.0,0.11112,449.0,0.11131,22.0
1753531904321,12:11:44.321,BB/USDT:USDT,0.11092,44.0,0.11086,50.0,0.11112,449.0,0.11131,22.0
1753531904662,12:11:44.662,BB/USDT:USDT,0.11092,44.0,0.11086,50.0,0.11112,449.0,0.11131,22.0
1753531904876,12:11:44.876,BB/USDT:USDT,0.11092,44.0,0.11086,50.0,0.11112,449.0,0.11131,22.0
1753531904944,12:11:44.944,BB/USDT:USDT,0.11092,44.0,0.11086,50.0,0.11112,449.0,0.11131,22.0
1753531905506,12:11:45.506,BB/USDT:USDT,0.11092,44.0,0.11086,50.0,0.11112,269.0,0.11131,22.0
1753531905567,12:11:45.567,BB/USDT:USDT,0.11092,44.0,0.11086,50.0,0.11112,359.0,0.11131,22.0
1753531905718,12:11:45.718,BB/USDT:USDT,0.11092,44.0,0.11086,50.0,0.11112,359.0,0.11131,22.0
1753531905799,12:11:45.799,BB/USDT:USDT,0.11092,44.0,0.11086,50.0,0.11112,314.0,0.11131,22.0
1753531905841,12:11:45.841,BB/USDT:USDT,0.11092,44.0,0.11086,50.0,0.11112,314.0,0.11131,22.0
1753531906331,12:11:46.331,BB/USDT:USDT,0.11092,44.0,0.11086,50.0,0.11112,314.0,0.11131,22.0
1753531906381,12:11:46.381,BB/USDT:USDT,0.11092,44.0,0.11086,50.0,0.11112,269.0,0.11131,22.0
1753531906533,12:11:46.533,BB/USDT:USDT,0.11092,44.0,0.11086,50.0,0.11112,269.0,0.11131,22.0
1753531906535,12:11:46.535,BB/USDT:USDT,0.11092,44.0,0.11086,50.0,0.11112,269.0,0.11131,22.0
1753531906650,12:11:46.650,BB/USDT:USDT,0.11092,584.0,0.11086,50.0,0.11112,269.0,0.11131,22.0
1753531907022,12:11:47.022,BB/USDT:USDT,0.11092,584.0,0.11086,50.0,0.11112,269.0,0.11131,22.0
1753531907728,12:11:47.728,BB/USDT:USDT,0.11092,584.0,0.11086,50.0,0.11112,269.0,0.11131,22.0
1753531908003,12:11:48.003,BB/USDT:USDT,0.11092,584.0,0.11086,50.0,0.11112,269.0,0.11131,22.0
1753531908982,12:11:48.982,BB/USDT:USDT,0.11092,584.0,0.11086,50.0,0.11112,269.0,0.11131,22.0
1753531909155,12:11:49.155,BB/USDT:USDT,0.11092,584.0,0.11086,50.0,0.11112,269.0,0.11131,22.0
1753531909619,12:11:49.619,BB/USDT:USDT,0.11094,44.0,0.11093,50.0,0.11112,269.0,0.1113,50.0
1753531909717,12:11:49.717,BB/USDT:USDT,0.11099,44.0,0.11098,55.0,0.11112,269.0,0.1113,50.0
1753531909816,12:11:49.816,BB/USDT:USDT,0.11104,44.0,0.11103,44.0,0.11112,277.0,0.11114,11.0
1753531909876,12:11:49.876,BB/USDT:USDT,0.11106,44.0,0.11098,11.0,0.11112,277.0,0.11114,11.0
1753531910029,12:11:50.029,BB/USDT:USDT,0.11106,44.0,0.11098,11.0,0.11112,277.0,0.11114,11.0
1753531910320,12:11:50.320,BB/USDT:USDT,0.11107,44.0,0.11105,11.0,0.11112,8.0,0.11114,11.0
1753531910402,12:11:50.402,BB/USDT:USDT,0.11107,44.0,0.11105,11.0,0.11112,8.0,0.1113,50.0
1753531910601,12:11:50.601,BB/USDT:USDT,0.11107,44.0,0.11105,11.0,0.11112,8.0,0.1113,50.0
1753531910823,12:11:50.823,BB/USDT:USDT,0.1111,44.0,0.11109,44.0,0.11127,269.0,0.11128,72.0
1753531910927,12:11:50.927,BB/USDT:USDT,0.1111,44.0,0.11104,11.0,0.11127,377.0,0.11128,50.0
1753531911033,12:11:51.033,BB/USDT:USDT,0.1111,44.0,0.11104,11.0,0.11127,377.0,0.11128,50.0
1753531911069,12:11:51.069,BB/USDT:USDT,0.1111,44.0,0.11104,11.0,0.11127,377.0,0.11128,50.0
1753531911286,12:11:51.286,BB/USDT:USDT,0.1111,44.0,0.11104,11.0,0.11127,377.0,0.11128,50.0
1753531911431,12:11:51.431,BB/USDT:USDT,0.1111,44.0,0.11086,50.0,0.11127,377.0,0.11128,50.0
1753531911441,12:11:51.441,BB/USDT:USDT,0.1111,44.0,0.11086,50.0,0.11127,377.0,0.11128,50.0
1753531911593,12:11:51.593,BB/USDT:USDT,0.1111,44.0,0.11086,50.0,0.11127,422.0,0.11128,50.0
1753531911782,12:11:51.782,BB/USDT:USDT,0.1111,44.0,0.11086,50.0,0.11127,422.0,0.11128,50.0
1753531911894,12:11:51.894,BB/USDT:USDT,0.1111,44.0,0.11086,50.0,0.11127,404.0,0.11128,50.0
1753531912012,12:11:52.012,BB/USDT:USDT,0.1111,44.0,0.11086,50.0,0.11127,412.0,0.11128,50.0
1753531912079,12:11:52.079,BB/USDT:USDT,0.1111,44.0,0.11086,50.0,0.11127,502.0,0.11128,50.0
1753531912166,12:11:52.166,BB/USDT:USDT,0.1111,44.0,0.11086,50.0,0.11127,502.0,0.11128,50.0
1753531912237,12:11:52.237,BB/USDT:USDT,0.1111,44.0,0.11086,50.0,0.11127,502.0,0.11128,50.0
1753531912522,12:11:52.522,BB/USDT:USDT,0.1111,44.0,0.11086,50.0,0.11127,547.0,0.11128,50.0
1753531912624,12:11:52.624,BB/USDT:USDT,0.11111,44.0,0.1111,44.0,0.11123,269.0,0.11124,72.0
1753531912673,12:11:52.673,BB/USDT:USDT,0.11113,44.0,0.11086,50.0,0.11123,381.0,0.11124,50.0
1753531912791,12:11:52.791,BB/USDT:USDT,0.11113,44.0,0.11086,50.0,0.11123,381.0,0.11124,50.0
1753531913028,12:11:53.028,BB/USDT:USDT,0.11113,44.0,0.11086,50.0,0.11123,381.0,0.11124,50.0
1753531913063,12:11:53.063,BB/USDT:USDT,0.11113,44.0,0.11086,50.0,0.11123,381.0,0.11124,50.0
