timestamp,time,symbol,bid1_price,bid1_volume,bid2_price,bid2_volume,ask1_price,ask1_volume,ask2_price,ask2_volume
1753520626000,09:03:46.000,AI16Z/USDT:USDT,0.1519,2952.0,0.1518,15619.0,0.152,4741.0,0.1521,13620.0
1753520626428,09:03:46.428,AI16Z/USDT:USDT,0.1519,3081.0,0.1518,16291.0,0.152,4741.0,0.1521,13620.0
1753520626604,09:03:46.604,AI16Z/USDT:USDT,0.1519,3081.0,0.1518,16291.0,0.152,4741.0,0.1521,13620.0
1753520626687,09:03:46.687,AI16Z/USDT:USDT,0.1519,3180.0,0.1518,14567.0,0.152,4741.0,0.1521,13620.0
1753520626772,09:03:46.772,AI16Z/USDT:USDT,0.1519,3180.0,0.1518,14747.0,0.152,2541.0,0.1521,13440.0
1753520626861,09:03:46.861,AI16Z/USDT:USDT,0.1519,3180.0,0.1518,14747.0,0.152,2443.0,0.1521,13794.0
1753520627216,09:03:47.216,AI16Z/USDT:USDT,0.1519,3180.0,0.1518,14747.0,0.152,4043.0,0.1521,13794.0
1753520627635,09:03:47.635,AI16Z/USDT:USDT,0.1519,3081.0,0.1518,14747.0,0.152,4043.0,0.1521,13794.0
1753520628057,09:03:48.057,AI16Z/USDT:USDT,0.1519,2952.0,0.1518,14747.0,0.152,4043.0,0.1521,13794.0
1753520628204,09:03:48.204,AI16Z/USDT:USDT,0.1519,2952.0,0.1518,14747.0,0.152,4843.0,0.1521,13794.0
1753520628208,09:03:48.208,AI16Z/USDT:USDT,0.1519,2952.0,0.1518,14567.0,0.152,4843.0,0.1521,13974.0
1753520628529,09:03:48.529,AI16Z/USDT:USDT,0.1519,752.0,0.1518,14567.0,0.152,4843.0,0.1521,13974.0
1753520628775,09:03:48.775,AI16Z/USDT:USDT,0.1519,752.0,0.1518,14567.0,0.152,4843.0,0.1521,13974.0
1753520629193,09:03:49.193,AI16Z/USDT:USDT,0.1519,2152.0,0.1518,14567.0,0.152,4843.0,0.1521,13974.0
1753520629300,09:03:49.300,AI16Z/USDT:USDT,0.1519,2152.0,0.1518,14567.0,0.152,4843.0,0.1521,13974.0
1753520629373,09:03:49.373,AI16Z/USDT:USDT,0.1519,2152.0,0.1518,14567.0,0.152,4843.0,0.1521,13974.0
1753520629595,09:03:49.595,AI16Z/USDT:USDT,0.1519,2152.0,0.1518,14567.0,0.152,4043.0,0.1521,13974.0
1753520629715,09:03:49.715,AI16Z/USDT:USDT,0.1519,752.0,0.1518,14567.0,0.152,4043.0,0.1521,13974.0
1753520630007,09:03:50.007,AI16Z/USDT:USDT,0.1519,752.0,0.1518,14567.0,0.152,4043.0,0.1521,13974.0
1753520630199,09:03:50.199,AI16Z/USDT:USDT,0.1519,2881.0,0.1518,14567.0,0.152,4043.0,0.1521,13974.0
1753520630247,09:03:50.247,AI16Z/USDT:USDT,0.1519,4218.0,0.1518,14567.0,0.152,3944.0,0.1521,13974.0
1753520630559,09:03:50.559,AI16Z/USDT:USDT,0.1519,2881.0,0.1518,14567.0,0.152,3944.0,0.1521,13974.0
1753520630823,09:03:50.823,AI16Z/USDT:USDT,0.1519,4218.0,0.1518,14567.0,0.152,3944.0,0.1521,13794.0
1753520630959,09:03:50.959,AI16Z/USDT:USDT,0.1519,4218.0,0.1518,14567.0,0.152,3944.0,0.1521,13794.0
1753520631027,09:03:51.027,AI16Z/USDT:USDT,0.1519,2218.0,0.1518,14567.0,0.152,3944.0,0.1521,13794.0
1753520631181,09:03:51.181,AI16Z/USDT:USDT,0.1519,752.0,0.1518,14567.0,0.152,4744.0,0.1521,13974.0
1753520631619,09:03:51.619,AI16Z/USDT:USDT,0.1519,881.0,0.1518,14567.0,0.152,4744.0,0.1521,13974.0
1753520631809,09:03:51.809,AI16Z/USDT:USDT,0.1519,881.0,0.1518,14567.0,0.152,2344.0,0.1521,13974.0
1753520631957,09:03:51.957,AI16Z/USDT:USDT,0.1519,881.0,0.1518,14567.0,0.152,2344.0,0.1521,13974.0
1753520632160,09:03:52.160,AI16Z/USDT:USDT,0.1519,3081.0,0.1518,14567.0,0.152,4544.0,0.1521,13974.0
1753520632374,09:03:52.374,AI16Z/USDT:USDT,0.1519,3081.0,0.1518,14567.0,0.152,4544.0,0.1521,13974.0
1753520632600,09:03:52.600,AI16Z/USDT:USDT,0.1519,4418.0,0.1518,14567.0,0.152,4544.0,0.1521,13974.0
1753520633619,09:03:53.619,AI16Z/USDT:USDT,0.1519,3081.0,0.1518,14567.0,0.152,4544.0,0.1521,13974.0
1753520634100,09:03:54.100,AI16Z/USDT:USDT,0.1519,3081.0,0.1518,14567.0,0.152,4544.0,0.1521,13974.0
1753520634127,09:03:54.127,AI16Z/USDT:USDT,0.1519,4418.0,0.1518,14567.0,0.152,4544.0,0.1521,13974.0
1753520635005,09:03:55.005,AI16Z/USDT:USDT,0.1519,4418.0,0.1518,14567.0,0.152,4544.0,0.1521,13974.0
1753520636347,09:03:56.347,AI16Z/USDT:USDT,0.1519,2952.0,0.1518,14567.0,0.152,4544.0,0.1521,13974.0
1753520636900,09:03:56.900,AI16Z/USDT:USDT,0.1519,752.0,0.1518,11837.0,0.152,4673.0,0.1521,13974.0
1753520636998,09:03:56.998,AI16Z/USDT:USDT,0.1519,752.0,0.1518,13898.0,0.152,6010.0,0.1521,13974.0
1753520637079,09:03:57.079,AI16Z/USDT:USDT,0.1519,752.0,0.1518,13898.0,0.152,4673.0,0.1521,13974.0
1753520637341,09:03:57.341,AI16Z/USDT:USDT,0.1519,881.0,0.1518,14570.0,0.152,4544.0,0.1521,13974.0
1753520637747,09:03:57.747,AI16Z/USDT:USDT,0.1519,881.0,0.1518,23876.0,0.152,4544.0,0.1521,13974.0
1753520637939,09:03:57.939,AI16Z/USDT:USDT,0.1519,2218.0,0.1518,23876.0,0.152,4544.0,0.1521,13974.0
1753520638093,09:03:58.093,AI16Z/USDT:USDT,0.1519,4018.0,0.1518,23876.0,0.152,4544.0,0.1521,13974.0
1753520638699,09:03:58.699,AI16Z/USDT:USDT,0.1519,2681.0,0.1518,23876.0,0.152,4544.0,0.1521,13974.0
1753520638900,09:03:58.900,AI16Z/USDT:USDT,0.1519,2681.0,0.1518,23876.0,0.152,4544.0,0.1521,13974.0
1753520638908,09:03:58.908,AI16Z/USDT:USDT,0.1519,2681.0,0.1518,25679.0,0.152,4544.0,0.1521,18072.0
1753520639095,09:03:59.095,AI16Z/USDT:USDT,0.1519,2681.0,0.1518,25859.0,0.152,2344.0,0.1521,17892.0
1753520639180,09:03:59.180,AI16Z/USDT:USDT,0.1519,4018.0,0.1518,25859.0,0.152,2344.0,0.1521,17892.0
1753520640087,09:04:00.087,AI16Z/USDT:USDT,0.1519,4618.0,0.1518,25859.0,0.152,3944.0,0.1521,17892.0
1753520640275,09:04:00.275,AI16Z/USDT:USDT,0.1519,4618.0,0.1518,25859.0,0.152,2344.0,0.1521,17892.0
1753520640499,09:04:00.499,AI16Z/USDT:USDT,0.1519,5286.0,0.1518,26292.0,0.152,2059.0,0.1521,16552.0
1753520640584,09:04:00.584,AI16Z/USDT:USDT,0.1519,6005.0,0.1518,26951.0,0.152,2059.0,0.1521,16552.0
1753520641010,09:04:01.010,AI16Z/USDT:USDT,0.1519,6005.0,0.1518,26951.0,0.152,2059.0,0.1521,16552.0
1753520641229,09:04:01.229,AI16Z/USDT:USDT,0.1519,5337.0,0.1518,26951.0,0.152,2059.0,0.1521,16552.0
1753520641374,09:04:01.374,AI16Z/USDT:USDT,0.1519,5337.0,0.1518,26951.0,0.152,2059.0,0.1521,16552.0
1753520641591,09:04:01.591,AI16Z/USDT:USDT,0.1519,5337.0,0.1518,26951.0,0.152,2059.0,0.1521,16552.0
1753520641716,09:04:01.716,AI16Z/USDT:USDT,0.1519,6005.0,0.1518,26951.0,0.152,2059.0,0.1521,16552.0
1753520642004,09:04:02.004,AI16Z/USDT:USDT,0.1519,5337.0,0.1518,26951.0,0.152,2059.0,0.1521,16552.0
1753520642272,09:04:02.272,AI16Z/USDT:USDT,0.1519,6005.0,0.1518,26951.0,0.152,2059.0,0.1521,16552.0
1753520642507,09:04:02.507,AI16Z/USDT:USDT,0.1519,5337.0,0.1518,26951.0,0.152,2059.0,0.1521,16552.0
1753520643701,09:04:03.701,AI16Z/USDT:USDT,0.1519,5337.0,0.1518,26951.0,0.152,2059.0,0.1521,16552.0
1753520643971,09:04:03.971,AI16Z/USDT:USDT,0.1519,5337.0,0.1518,26951.0,0.152,2059.0,0.1521,16552.0
1753520644227,09:04:04.227,AI16Z/USDT:USDT,0.1519,4737.0,0.1518,26951.0,0.152,2059.0,0.1521,16552.0
1753520644374,09:04:04.374,AI16Z/USDT:USDT,0.1519,4737.0,0.1518,26951.0,0.152,2059.0,0.1521,16552.0
1753520644504,09:04:04.504,AI16Z/USDT:USDT,0.1519,752.0,0.1518,25361.0,0.152,3396.0,0.1521,17418.0
1753520644623,09:04:04.623,AI16Z/USDT:USDT,0.1519,2218.0,0.1518,25361.0,0.152,2059.0,0.1521,17418.0
1753520645015,09:04:05.015,AI16Z/USDT:USDT,0.1519,2681.0,0.1518,25361.0,0.152,4459.0,0.1521,17418.0
1753520645267,09:04:05.267,AI16Z/USDT:USDT,0.1519,752.0,0.1518,25361.0,0.152,4459.0,0.1521,17418.0
1753520646347,09:04:06.347,AI16Z/USDT:USDT,0.1519,752.0,0.1518,25361.0,0.152,4588.0,0.1521,17418.0
1753520646787,09:04:06.787,AI16Z/USDT:USDT,0.1519,752.0,0.1518,25361.0,0.152,4459.0,0.1521,17418.0
1753520647004,09:04:07.004,AI16Z/USDT:USDT,0.1519,2352.0,0.1518,25361.0,0.152,4459.0,0.1521,17418.0
1753520647004,09:04:07.004,AI16Z/USDT:USDT,0.1519,2352.0,0.1518,25361.0,0.152,4459.0,0.1521,17418.0
1753520647372,09:04:07.372,AI16Z/USDT:USDT,0.1519,2352.0,0.1518,25361.0,0.152,4459.0,0.1521,17418.0
1753520647731,09:04:07.731,AI16Z/USDT:USDT,0.1519,752.0,0.1518,25361.0,0.152,4459.0,0.1521,17418.0
1753520647982,09:04:07.982,AI16Z/USDT:USDT,0.1519,1952.0,0.1518,25361.0,0.152,4459.0,0.1521,17418.0
1753520648006,09:04:08.006,AI16Z/USDT:USDT,0.1519,1952.0,0.1518,25361.0,0.152,4459.0,0.1521,17418.0
1753520648382,09:04:08.382,AI16Z/USDT:USDT,0.1519,22.0,0.1518,25361.0,0.152,4459.0,0.1521,17418.0
1753520648501,09:04:08.501,AI16Z/USDT:USDT,0.1519,781.0,0.1518,25361.0,0.152,4459.0,0.1521,17418.0
1753520648572,09:04:08.572,AI16Z/USDT:USDT,0.1519,781.0,0.1518,25361.0,0.152,4459.0,0.1521,17418.0
1753520649004,09:04:09.004,AI16Z/USDT:USDT,0.1519,2581.0,0.1518,25361.0,0.152,4459.0,0.1521,17418.0
1753520649950,09:04:09.950,AI16Z/USDT:USDT,0.1519,22.0,0.1518,25361.0,0.152,4459.0,0.1521,17418.0
1753520650068,09:04:10.068,AI16Z/USDT:USDT,0.1519,22.0,0.1518,25361.0,0.152,4588.0,0.1521,17418.0
1753520650171,09:04:10.171,AI16Z/USDT:USDT,0.1519,22.0,0.1518,25361.0,0.152,6024.0,0.1521,17418.0
1753520650587,09:04:10.587,AI16Z/USDT:USDT,0.1519,22.0,0.1518,25361.0,0.152,6378.0,0.1521,17064.0
1753520650629,09:04:10.629,AI16Z/USDT:USDT,0.1519,22.0,0.1518,25361.0,0.152,6476.0,0.1521,17064.0
1753520651481,09:04:11.481,AI16Z/USDT:USDT,0.1519,22.0,0.1518,25361.0,0.152,6476.0,0.1521,17064.0
1753520653301,09:04:13.301,AI16Z/USDT:USDT,0.1519,22.0,0.1518,25361.0,0.152,6476.0,0.1521,17064.0
1753520653339,09:04:13.339,AI16Z/USDT:USDT,0.1519,22.0,0.1518,25361.0,0.152,6476.0,0.1521,17064.0
1753520654687,09:04:14.687,AI16Z/USDT:USDT,0.1519,13.0,0.1518,25361.0,0.152,6476.0,0.1521,17064.0
1753520654800,09:04:14.800,AI16Z/USDT:USDT,0.1518,11726.0,0.1517,22649.0,0.152,9599.0,0.1521,17064.0
1753520654887,09:04:14.887,AI16Z/USDT:USDT,0.1518,10938.0,0.1517,20045.0,0.1519,759.0,0.152,9594.0
1753520654948,09:04:14.948,AI16Z/USDT:USDT,0.1518,10938.0,0.1517,20045.0,0.1519,770.0,0.152,9570.0
1753520655067,09:04:15.067,AI16Z/USDT:USDT,0.1518,9916.0,0.1517,20399.0,0.1519,770.0,0.152,9570.0
1753520655196,09:04:15.196,AI16Z/USDT:USDT,0.1518,9916.0,0.1517,20399.0,0.1519,770.0,0.152,9570.0
1753520655503,09:04:15.503,AI16Z/USDT:USDT,0.1518,6798.0,0.1517,20399.0,0.1519,770.0,0.152,9570.0
1753520656027,09:04:16.027,AI16Z/USDT:USDT,0.1518,6798.0,0.1517,20399.0,0.1519,770.0,0.152,9570.0
1753520656151,09:04:16.151,AI16Z/USDT:USDT,0.1518,6798.0,0.1517,20399.0,0.1519,11.0,0.152,9570.0
1753520656374,09:04:16.374,AI16Z/USDT:USDT,0.1518,6897.0,0.1517,20399.0,0.1519,11.0,0.152,9570.0
1753520656412,09:04:16.412,AI16Z/USDT:USDT,0.1518,6897.0,0.1517,20399.0,0.1519,11.0,0.152,9570.0
1753520656985,09:04:16.985,AI16Z/USDT:USDT,0.1518,6897.0,0.1517,20399.0,0.1519,11.0,0.152,9570.0
1753520657261,09:04:17.261,AI16Z/USDT:USDT,0.1518,6798.0,0.1517,20399.0,0.1519,11.0,0.152,9570.0
1753520657492,09:04:17.492,AI16Z/USDT:USDT,0.1518,6700.0,0.1517,20399.0,0.1519,2205.0,0.152,9472.0
1753520657510,09:04:17.510,AI16Z/USDT:USDT,0.1518,6798.0,0.1517,20399.0,0.1519,770.0,0.152,9472.0
1753520657633,09:04:17.633,AI16Z/USDT:USDT,0.1518,6798.0,0.1517,20399.0,0.1519,770.0,0.152,9472.0
1753520657747,09:04:17.747,AI16Z/USDT:USDT,0.1518,6798.0,0.1517,20399.0,0.1519,770.0,0.152,9472.0
1753520657879,09:04:17.879,AI16Z/USDT:USDT,0.1518,6897.0,0.1517,20399.0,0.1519,11.0,0.152,9472.0
1753520657956,09:04:17.956,AI16Z/USDT:USDT,0.1518,6897.0,0.1517,20399.0,0.1519,770.0,0.152,9472.0
1753520658101,09:04:18.101,AI16Z/USDT:USDT,0.1518,6897.0,0.1517,20399.0,0.1519,11.0,0.152,9472.0
1753520658270,09:04:18.270,AI16Z/USDT:USDT,0.1518,6798.0,0.1517,20399.0,0.1519,11.0,0.152,9472.0
1753520658449,09:04:18.449,AI16Z/USDT:USDT,0.1518,6798.0,0.1517,20399.0,0.1519,11.0,0.152,9472.0
1753520659004,09:04:19.004,AI16Z/USDT:USDT,0.1518,6897.0,0.1517,20411.0,0.1519,11.0,0.152,9472.0
1753520659016,09:04:19.016,AI16Z/USDT:USDT,0.1518,7565.0,0.1517,20411.0,0.1519,11.0,0.152,9484.0
1753520659372,09:04:19.372,AI16Z/USDT:USDT,0.1518,7565.0,0.1517,20411.0,0.1519,11.0,0.152,9484.0
1753520659491,09:04:19.491,AI16Z/USDT:USDT,0.1518,7919.0,0.1517,20057.0,0.1519,11.0,0.152,9484.0
1753520661453,09:04:21.453,AI16Z/USDT:USDT,0.1518,10881.0,0.1517,20057.0,0.1519,11.0,0.152,9484.0
1753520661507,09:04:21.507,AI16Z/USDT:USDT,0.1518,10881.0,0.1517,20057.0,0.1519,11.0,0.152,9484.0
1753520662372,09:04:22.372,AI16Z/USDT:USDT,0.1519,738.0,0.1518,13925.0,0.152,6505.0,0.1521,17345.0
1753520662477,09:04:22.477,AI16Z/USDT:USDT,0.1519,1304.0,0.1518,23231.0,0.152,6505.0,0.1521,17345.0
1753520662527,09:04:22.527,AI16Z/USDT:USDT,0.1519,1304.0,0.1518,23231.0,0.152,6505.0,0.1521,17345.0
1753520662901,09:04:22.901,AI16Z/USDT:USDT,0.1519,1304.0,0.1518,23231.0,0.152,6505.0,0.1521,17345.0
1753520663625,09:04:23.625,AI16Z/USDT:USDT,0.1519,566.0,0.1518,23231.0,0.152,6505.0,0.1521,17345.0
1753520663887,09:04:23.887,AI16Z/USDT:USDT,0.1519,566.0,0.1518,23231.0,0.152,6505.0,0.1521,17345.0
1753520664812,09:04:24.812,AI16Z/USDT:USDT,0.1519,566.0,0.1518,23231.0,0.152,6505.0,0.1521,17345.0
1753520665372,09:04:25.372,AI16Z/USDT:USDT,0.1519,566.0,0.1518,23231.0,0.152,6505.0,0.1521,17345.0
1753520666437,09:04:26.437,AI16Z/USDT:USDT,0.1519,566.0,0.1518,23231.0,0.152,6505.0,0.1521,17345.0
1753520666705,09:04:26.705,AI16Z/USDT:USDT,0.1519,566.0,0.1518,18147.0,0.152,6505.0,0.1521,17345.0
1753520666708,09:04:26.708,AI16Z/USDT:USDT,0.1519,566.0,0.1518,18147.0,0.152,6505.0,0.1521,17345.0
1753520666933,09:04:26.933,AI16Z/USDT:USDT,0.1519,566.0,0.1518,18049.0,0.152,6505.0,0.1521,17345.0
1753520667074,09:04:27.074,AI16Z/USDT:USDT,0.1519,548.0,0.1518,18049.0,0.152,6527.0,0.1521,17345.0
1753520667177,09:04:27.177,AI16Z/USDT:USDT,0.1519,503.0,0.1518,18049.0,0.152,6531.0,0.1521,17345.0
1753520667234,09:04:27.234,AI16Z/USDT:USDT,0.1519,485.0,0.1518,18049.0,0.152,6531.0,0.1521,17345.0
1753520667473,09:04:27.473,AI16Z/USDT:USDT,0.1519,485.0,0.1518,18049.0,0.152,6546.0,0.1521,17345.0
1753520667596,09:04:27.596,AI16Z/USDT:USDT,0.1519,413.0,0.1518,17695.0,0.152,6531.0,0.1521,17345.0
1753520667704,09:04:27.704,AI16Z/USDT:USDT,0.1519,366.0,0.1518,17695.0,0.152,6534.0,0.1521,17345.0
1753520667725,09:04:27.725,AI16Z/USDT:USDT,0.1519,348.0,0.1518,17695.0,0.152,6534.0,0.1521,17345.0
1753520667807,09:04:27.807,AI16Z/USDT:USDT,0.1519,339.0,0.1518,17695.0,0.152,6534.0,0.1521,17345.0
1753520668561,09:04:28.561,AI16Z/USDT:USDT,0.1519,339.0,0.1518,17695.0,0.152,6531.0,0.1521,17345.0
1753520668607,09:04:28.607,AI16Z/USDT:USDT,0.1519,339.0,0.1518,17695.0,0.152,6531.0,0.1521,17345.0
1753520669018,09:04:29.018,AI16Z/USDT:USDT,0.1519,339.0,0.1518,17695.0,0.152,6531.0,0.1521,17345.0
1753520669519,09:04:29.519,AI16Z/USDT:USDT,0.1519,339.0,0.1518,17707.0,0.152,6531.0,0.1521,17345.0
1753520671373,09:04:31.373,AI16Z/USDT:USDT,0.1519,339.0,0.1518,17707.0,0.152,6531.0,0.1521,17345.0
1753520672503,09:04:32.503,AI16Z/USDT:USDT,0.1519,339.0,0.1518,17707.0,0.152,6531.0,0.1521,17345.0
1753520674372,09:04:34.372,AI16Z/USDT:USDT,0.1519,339.0,0.1518,17707.0,0.152,6531.0,0.1521,17345.0
1753520675395,09:04:35.395,AI16Z/USDT:USDT,0.1519,339.0,0.1518,22791.0,0.152,6531.0,0.1521,17345.0
1753520676059,09:04:36.059,AI16Z/USDT:USDT,0.1519,437.0,0.1518,22791.0,0.152,6531.0,0.1521,17345.0
1753520676107,09:04:36.107,AI16Z/USDT:USDT,0.1519,437.0,0.1518,22791.0,0.152,6531.0,0.1521,17345.0
1753520676576,09:04:36.576,AI16Z/USDT:USDT,0.1519,437.0,0.1518,22791.0,0.152,6432.0,0.1521,17345.0
1753520676898,09:04:36.898,AI16Z/USDT:USDT,0.1519,437.0,0.1518,22791.0,0.152,6628.0,0.1521,17345.0
1753520677302,09:04:37.302,AI16Z/USDT:USDT,0.1519,339.0,0.1518,22791.0,0.152,6531.0,0.1521,17345.0
1753520677312,09:04:37.312,AI16Z/USDT:USDT,0.1519,339.0,0.1518,22791.0,0.152,6727.0,0.1521,17345.0
1753520678446,09:04:38.446,AI16Z/USDT:USDT,0.1519,339.0,0.1518,22791.0,0.152,6727.0,0.1521,17345.0
1753520679227,09:04:39.227,AI16Z/USDT:USDT,0.1519,339.0,0.1518,22791.0,0.152,6531.0,0.1521,17345.0
1753520680372,09:04:40.372,AI16Z/USDT:USDT,0.1519,339.0,0.1518,22791.0,0.152,6531.0,0.1521,17345.0
1753520681101,09:04:41.101,AI16Z/USDT:USDT,0.1519,437.0,0.1518,22791.0,0.152,6531.0,0.1521,17345.0
1753520681188,09:04:41.188,AI16Z/USDT:USDT,0.1519,339.0,0.1518,22791.0,0.152,6531.0,0.1521,17345.0
1753520682101,09:04:42.101,AI16Z/USDT:USDT,0.1519,339.0,0.1518,22791.0,0.152,6531.0,0.1521,17345.0
1753520682205,09:04:42.205,AI16Z/USDT:USDT,0.1519,437.0,0.1518,22791.0,0.152,6531.0,0.1521,17345.0
1753520683177,09:04:43.177,AI16Z/USDT:USDT,0.1519,339.0,0.1518,22791.0,0.152,6531.0,0.1521,17345.0
1753520683208,09:04:43.208,AI16Z/USDT:USDT,0.1519,339.0,0.1518,22791.0,0.152,6531.0,0.1521,17345.0
1753520683766,09:04:43.766,AI16Z/USDT:USDT,0.1519,437.0,0.1518,23463.0,0.152,6531.0,0.1521,17345.0
1753520684161,09:04:44.161,AI16Z/USDT:USDT,0.1519,339.0,0.1518,23463.0,0.152,6531.0,0.1521,17345.0
1753520685866,09:04:45.866,AI16Z/USDT:USDT,0.1519,437.0,0.1518,23463.0,0.152,6531.0,0.1521,17345.0
1753520685911,09:04:45.911,AI16Z/USDT:USDT,0.1519,536.0,0.1518,23463.0,0.152,6433.0,0.1521,17345.0
1753520686065,09:04:46.065,AI16Z/USDT:USDT,0.1519,437.0,0.1518,23463.0,0.152,6531.0,0.1521,17345.0
1753520686397,09:04:46.397,AI16Z/USDT:USDT,0.1519,437.0,0.1518,23463.0,0.152,6531.0,0.1521,17345.0
1753520686550,09:04:46.550,AI16Z/USDT:USDT,0.1519,1936.0,0.1518,23463.0,0.152,6531.0,0.1521,17345.0
1753520686902,09:04:46.902,AI16Z/USDT:USDT,0.1519,1936.0,0.1518,23463.0,0.152,6531.0,0.1521,17345.0
1753520687051,09:04:47.051,AI16Z/USDT:USDT,0.1519,1936.0,0.1518,23463.0,0.152,6433.0,0.1521,17345.0
1753520687196,09:04:47.196,AI16Z/USDT:USDT,0.1519,1936.0,0.1518,23463.0,0.152,6531.0,0.1521,17345.0
1753520687495,09:04:47.495,AI16Z/USDT:USDT,0.1519,1936.0,0.1518,23463.0,0.152,4032.0,0.1521,17345.0
1753520687598,09:04:47.598,AI16Z/USDT:USDT,0.1519,2936.0,0.1518,23463.0,0.152,5531.0,0.1521,17345.0
1753520688595,09:04:48.595,AI16Z/USDT:USDT,0.1519,1837.0,0.1518,23463.0,0.152,6531.0,0.1521,17345.0
1753520688759,09:04:48.759,AI16Z/USDT:USDT,0.1519,1936.0,0.1518,23463.0,0.152,6334.0,0.1521,17345.0
1753520689304,09:04:49.304,AI16Z/USDT:USDT,0.1519,1936.0,0.1518,23463.0,0.152,6531.0,0.1521,17345.0
1753520689397,09:04:49.397,AI16Z/USDT:USDT,0.1519,1936.0,0.1518,23463.0,0.152,6531.0,0.1521,17345.0
1753520689473,09:04:49.473,AI16Z/USDT:USDT,0.1519,536.0,0.1518,23463.0,0.152,6531.0,0.1521,17345.0
1753520689993,09:04:49.993,AI16Z/USDT:USDT,0.1519,437.0,0.1518,23463.0,0.152,6531.0,0.1521,17345.0
1753520690101,09:04:50.101,AI16Z/USDT:USDT,0.1519,1073.0,0.1518,23463.0,0.152,6531.0,0.1521,17345.0
1753520690505,09:04:50.505,AI16Z/USDT:USDT,0.1519,2371.0,0.1518,23463.0,0.152,6531.0,0.1521,17345.0
1753520691082,09:04:51.082,AI16Z/USDT:USDT,0.1519,2273.0,0.1518,23463.0,0.152,6531.0,0.1521,17345.0
1753520691316,09:04:51.316,AI16Z/USDT:USDT,0.1519,1073.0,0.1518,23463.0,0.152,6531.0,0.1521,17345.0
1753520691459,09:04:51.459,AI16Z/USDT:USDT,0.1519,339.0,0.1518,23463.0,0.152,6531.0,0.1521,17345.0
1753520691702,09:04:51.702,AI16Z/USDT:USDT,0.1519,339.0,0.1518,23463.0,0.152,6531.0,0.1521,17345.0
1753520692371,09:04:52.371,AI16Z/USDT:USDT,0.1519,339.0,0.1518,23463.0,0.152,6531.0,0.1521,17345.0
1753520692984,09:04:52.984,AI16Z/USDT:USDT,0.1519,339.0,0.1518,23463.0,0.152,6531.0,0.1521,17345.0
1753520693271,09:04:53.271,AI16Z/USDT:USDT,0.1519,437.0,0.1518,23463.0,0.152,6432.0,0.1521,17345.0
1753520693400,09:04:53.400,AI16Z/USDT:USDT,0.1519,437.0,0.1518,23463.0,0.152,6334.0,0.1521,17345.0
1753520693499,09:04:53.499,AI16Z/USDT:USDT,0.1519,1637.0,0.1518,23463.0,0.152,6432.0,0.1521,17345.0
1753520693946,09:04:53.946,AI16Z/USDT:USDT,0.1519,1637.0,0.1518,23463.0,0.152,6334.0,0.1521,17345.0
1753520695038,09:04:55.038,AI16Z/USDT:USDT,0.1519,1539.0,0.1518,23463.0,0.152,6531.0,0.1521,17345.0
1753520695372,09:04:55.372,AI16Z/USDT:USDT,0.1519,1539.0,0.1518,23463.0,0.152,6531.0,0.1521,17345.0
1753520695410,09:04:55.410,AI16Z/USDT:USDT,0.1519,339.0,0.1518,23463.0,0.152,6531.0,0.1521,17345.0
1753520695771,09:04:55.771,AI16Z/USDT:USDT,0.1519,1073.0,0.1518,23463.0,0.152,6531.0,0.1521,17345.0
1753520696247,09:04:56.247,AI16Z/USDT:USDT,0.1519,1270.0,0.1518,23463.0,0.152,6531.0,0.1521,17345.0
1753520696396,09:04:56.396,AI16Z/USDT:USDT,0.1519,1172.0,0.1518,23463.0,0.152,6531.0,0.1521,17345.0
1753520696503,09:04:56.503,AI16Z/USDT:USDT,0.1519,2372.0,0.1518,23463.0,0.152,6531.0,0.1521,17345.0
1753520696782,09:04:56.782,AI16Z/USDT:USDT,0.1519,2273.0,0.1518,23463.0,0.152,6531.0,0.1521,17345.0
1753520697152,09:04:57.152,AI16Z/USDT:USDT,0.1519,1073.0,0.1518,23463.0,0.152,6531.0,0.1521,17345.0
1753520697735,09:04:57.735,AI16Z/USDT:USDT,0.1519,339.0,0.1518,23463.0,0.152,6531.0,0.1521,17345.0
1753520698372,09:04:58.372,AI16Z/USDT:USDT,0.1519,339.0,0.1518,23463.0,0.152,6531.0,0.1521,17345.0
1753520701386,09:05:01.386,AI16Z/USDT:USDT,0.1519,1438.0,0.1518,23463.0,0.152,6531.0,0.1521,17345.0
1753520701409,09:05:01.409,AI16Z/USDT:USDT,0.1519,1438.0,0.1518,23463.0,0.152,6531.0,0.1521,17345.0
1753520701505,09:05:01.505,AI16Z/USDT:USDT,0.1519,1339.0,0.1518,23463.0,0.152,6531.0,0.1521,17345.0
1753520701612,09:05:01.612,AI16Z/USDT:USDT,0.1519,339.0,0.1518,23463.0,0.152,6531.0,0.1521,17345.0
1753520702079,09:05:02.079,AI16Z/USDT:USDT,0.1519,339.0,0.1518,23463.0,0.152,6531.0,0.1521,17345.0
1753520702839,09:05:02.839,AI16Z/USDT:USDT,0.1519,1089.0,0.1518,23463.0,0.152,6531.0,0.1521,17345.0
1753520702919,09:05:02.919,AI16Z/USDT:USDT,0.1519,1185.0,0.1518,23463.0,0.152,6531.0,0.1521,17345.0
1753520703063,09:05:03.063,AI16Z/USDT:USDT,0.1519,1185.0,0.1518,23463.0,0.152,6531.0,0.1521,17345.0
1753520703130,09:05:03.130,AI16Z/USDT:USDT,0.1519,1185.0,0.1518,23463.0,0.152,6334.0,0.1521,17345.0
1753520703298,09:05:03.298,AI16Z/USDT:USDT,0.1519,1185.0,0.1518,23463.0,0.152,6430.0,0.1521,17345.0
1753520703364,09:05:03.364,AI16Z/USDT:USDT,0.1519,3385.0,0.1518,23463.0,0.152,6430.0,0.1521,17345.0
1753520703766,09:05:03.766,AI16Z/USDT:USDT,0.1519,1089.0,0.1518,23463.0,0.152,6430.0,0.1521,17345.0
1753520704347,09:05:04.347,AI16Z/USDT:USDT,0.1519,2689.0,0.1518,23463.0,0.152,6430.0,0.1521,17345.0
1753520704408,09:05:04.408,AI16Z/USDT:USDT,0.1519,2689.0,0.1518,23463.0,0.152,6430.0,0.1521,17345.0
1753520705125,09:05:05.125,AI16Z/USDT:USDT,0.1519,1089.0,0.1518,23463.0,0.152,6430.0,0.1521,17345.0
1753520705212,09:05:05.212,AI16Z/USDT:USDT,0.1519,339.0,0.1518,15417.0,0.152,6430.0,0.1521,17345.0
1753520705675,09:05:05.675,AI16Z/USDT:USDT,0.1519,321.0,0.1518,12274.0,0.152,6430.0,0.1521,17345.0
1753520705764,09:05:05.764,AI16Z/USDT:USDT,0.1519,267.0,0.1518,12274.0,0.152,6438.0,0.1521,17345.0
1753520705870,09:05:05.870,AI16Z/USDT:USDT,0.1519,175.0,0.1518,12274.0,0.152,6438.0,0.1521,17345.0
1753520705926,09:05:05.926,AI16Z/USDT:USDT,0.1519,175.0,0.1518,12274.0,0.152,6438.0,0.1521,17345.0
1753520706252,09:05:06.252,AI16Z/USDT:USDT,0.1519,175.0,0.1518,12274.0,0.152,6533.0,0.1521,17345.0
1753520706380,09:05:06.380,AI16Z/USDT:USDT,0.1519,157.0,0.1518,12274.0,0.152,6533.0,0.1521,17345.0
1753520706481,09:05:06.481,AI16Z/USDT:USDT,0.1519,139.0,0.1518,12274.0,0.152,6533.0,0.1521,17345.0
1753520706647,09:05:06.647,AI16Z/USDT:USDT,0.1519,139.0,0.1518,12274.0,0.152,6533.0,0.1521,17345.0
1753520706718,09:05:06.718,AI16Z/USDT:USDT,0.1519,139.0,0.1518,12274.0,0.152,6533.0,0.1521,17345.0
1753520707503,09:05:07.503,AI16Z/USDT:USDT,0.1519,139.0,0.1518,12274.0,0.152,6533.0,0.1521,17345.0
1753520708080,09:05:08.080,AI16Z/USDT:USDT,0.1519,139.0,0.1518,12274.0,0.152,6533.0,0.1521,17345.0
1753520709798,09:05:09.798,AI16Z/USDT:USDT,0.1519,130.0,0.1518,12274.0,0.152,6533.0,0.1521,17345.0
1753520709892,09:05:09.892,AI16Z/USDT:USDT,0.1519,103.0,0.1518,12274.0,0.152,6533.0,0.1521,17345.0
1753520711078,09:05:11.078,AI16Z/USDT:USDT,0.1519,103.0,0.1518,12274.0,0.152,6533.0,0.1521,17345.0
1753520712303,09:05:12.303,AI16Z/USDT:USDT,0.1519,103.0,0.1518,12274.0,0.152,6533.0,0.1521,17345.0
1753520712890,09:05:12.890,AI16Z/USDT:USDT,0.1518,3173.0,0.1517,18258.0,0.1519,7015.0,0.152,10912.0
1753520712984,09:05:12.984,AI16Z/USDT:USDT,0.1518,1573.0,0.1517,20109.0,0.1519,8545.0,0.152,10783.0
1753520713104,09:05:13.104,AI16Z/USDT:USDT,0.1518,1573.0,0.1517,20109.0,0.1519,7017.0,0.152,10783.0
1753520713183,09:05:13.183,AI16Z/USDT:USDT,0.1518,1573.0,0.1517,20109.0,0.1519,7017.0,0.152,10783.0
1753520713249,09:05:13.249,AI16Z/USDT:USDT,0.1518,799.0,0.1517,19755.0,0.1519,7208.0,0.152,10783.0
1753520713390,09:05:13.390,AI16Z/USDT:USDT,0.1518,799.0,0.1517,19194.0,0.1519,8545.0,0.152,11455.0
1753520713410,09:05:13.410,AI16Z/USDT:USDT,0.1518,56.0,0.1517,19194.0,0.1519,8545.0,0.152,11455.0
1753520713546,09:05:13.546,AI16Z/USDT:USDT,0.1518,56.0,0.1517,17142.0,0.1519,8545.0,0.152,11455.0
1753520713620,09:05:13.620,AI16Z/USDT:USDT,0.1518,56.0,0.1517,17142.0,0.1519,8578.0,0.152,11455.0
1753520713778,09:05:13.778,AI16Z/USDT:USDT,0.1518,47.0,0.1517,14024.0,0.1519,8578.0,0.152,11455.0
1753520713901,09:05:13.901,AI16Z/USDT:USDT,0.1518,2.0,0.1517,13352.0,0.1519,8578.0,0.152,11619.0
1753520713952,09:05:13.952,AI16Z/USDT:USDT,0.1518,2.0,0.1517,13352.0,0.1519,8578.0,0.152,11634.0
1753520714081,09:05:14.081,AI16Z/USDT:USDT,0.1518,2.0,0.1517,13352.0,0.1519,8578.0,0.152,11637.0
1753520714195,09:05:14.195,AI16Z/USDT:USDT,0.1518,2.0,0.1517,13352.0,0.1519,8578.0,0.152,11664.0
1753520714584,09:05:14.584,AI16Z/USDT:USDT,0.1518,2.0,0.1517,13352.0,0.1519,9004.0,0.152,11664.0
1753520715054,09:05:15.054,AI16Z/USDT:USDT,0.1518,2.0,0.1517,13352.0,0.1519,9004.0,0.152,11664.0
1753520715282,09:05:15.282,AI16Z/USDT:USDT,0.1518,2.0,0.1517,13364.0,0.1519,9004.0,0.152,11664.0
1753520715308,09:05:15.308,AI16Z/USDT:USDT,0.1518,2.0,0.1517,13364.0,0.1519,9004.0,0.152,11664.0
1753520717102,09:05:17.102,AI16Z/USDT:USDT,0.1518,2.0,0.1517,13364.0,0.1519,9004.0,0.152,11664.0
1753520717207,09:05:17.207,AI16Z/USDT:USDT,0.1518,2.0,0.1517,13364.0,0.1519,9004.0,0.152,11664.0
1753520718527,09:05:18.527,AI16Z/USDT:USDT,0.1518,2.0,0.1517,13364.0,0.1519,9004.0,0.152,11664.0
1753520718701,09:05:18.701,AI16Z/USDT:USDT,0.1518,2.0,0.1517,3381.0,0.1519,12327.0,0.152,11303.0
1753520718783,09:05:18.783,AI16Z/USDT:USDT,0.1518,2.0,0.1517,3369.0,0.1519,12615.0,0.152,11015.0
1753520718835,09:05:18.835,AI16Z/USDT:USDT,0.1518,2.0,0.1517,12675.0,0.1519,12615.0,0.152,11015.0
1753520719003,09:05:19.003,AI16Z/USDT:USDT,0.1518,2.0,0.1517,12675.0,0.1519,12615.0,0.152,11015.0
1753520719198,09:05:19.198,AI16Z/USDT:USDT,0.1518,2.0,0.1517,10275.0,0.1519,12615.0,0.152,11015.0
1753520719460,09:05:19.460,AI16Z/USDT:USDT,0.1518,2.0,0.1517,969.0,0.1519,12629.0,0.152,11259.0
1753520719509,09:05:19.509,AI16Z/USDT:USDT,0.1518,2.0,0.1517,969.0,0.1519,12629.0,0.152,11259.0
1753520719901,09:05:19.901,AI16Z/USDT:USDT,0.1518,2.0,0.1517,225.0,0.1519,12629.0,0.152,11715.0
1753520719944,09:05:19.944,AI16Z/USDT:USDT,0.1518,2.0,0.1517,225.0,0.1519,12642.0,0.152,11715.0
1753520720079,09:05:20.079,AI16Z/USDT:USDT,0.1518,2.0,0.1517,225.0,0.1519,12642.0,0.152,11715.0
1753520720198,09:05:20.198,AI16Z/USDT:USDT,0.1518,2.0,0.1517,1225.0,0.1519,12642.0,0.152,11715.0
1753520720409,09:05:20.409,AI16Z/USDT:USDT,0.1518,2.0,0.1517,225.0,0.1519,12642.0,0.152,11715.0
1753520720521,09:05:20.521,AI16Z/USDT:USDT,0.1518,2.0,0.1517,225.0,0.1519,12632.0,0.152,11715.0
1753520721156,09:05:21.156,AI16Z/USDT:USDT,0.1518,2.0,0.1517,1225.0,0.1519,12632.0,0.152,11715.0
1753520721317,09:05:21.317,AI16Z/USDT:USDT,0.1518,2.0,0.1517,225.0,0.1519,12632.0,0.152,11715.0
1753520721601,09:05:21.601,AI16Z/USDT:USDT,0.1518,2.0,0.1517,225.0,0.1519,13304.0,0.152,11715.0
1753520721699,09:05:21.699,AI16Z/USDT:USDT,0.1518,2.0,0.1517,225.0,0.1519,13649.0,0.152,11485.0
1753520721759,09:05:21.759,AI16Z/USDT:USDT,0.1518,2.0,0.1517,225.0,0.1519,13649.0,0.152,11654.0
1753520722015,09:05:22.015,AI16Z/USDT:USDT,0.1518,2.0,0.1517,225.0,0.1519,13649.0,0.152,11654.0
1753520722859,09:05:22.859,AI16Z/USDT:USDT,0.1518,2.0,0.1517,225.0,0.1519,13649.0,0.152,11654.0
1753520723802,09:05:23.802,AI16Z/USDT:USDT,0.1518,2.0,0.1517,225.0,0.1519,13649.0,0.152,11654.0
1753520723902,09:05:23.902,AI16Z/USDT:USDT,0.1518,2.0,0.1517,225.0,0.1519,13649.0,0.152,11654.0
1753520723942,09:05:23.942,AI16Z/USDT:USDT,0.1518,2.0,0.1517,225.0,0.1519,13649.0,0.152,11642.0
1753520724123,09:05:24.123,AI16Z/USDT:USDT,0.1518,2.0,0.1517,225.0,0.1519,13649.0,0.152,11642.0
1753520724302,09:05:24.302,AI16Z/USDT:USDT,0.1518,2.0,0.1517,225.0,0.1519,13649.0,0.152,11932.0
1753520724504,09:05:24.504,AI16Z/USDT:USDT,0.1518,2.0,0.1517,225.0,0.1519,13661.0,0.152,11932.0
1753520724887,09:05:24.887,AI16Z/USDT:USDT,0.1518,2.0,0.1517,225.0,0.1519,12759.0,0.152,12162.0
1753520725112,09:05:25.112,AI16Z/USDT:USDT,0.1518,2.0,0.1517,1625.0,0.1519,12759.0,0.152,12162.0
1753520725502,09:05:25.502,AI16Z/USDT:USDT,0.1516,4918.0,0.1515,18862.0,0.1517,2052.0,0.1518,13670.0
1753520725578,09:05:25.578,AI16Z/USDT:USDT,0.1516,6810.0,0.1515,20914.0,0.1517,2088.0,0.1518,13670.0
1753520725800,09:05:25.800,AI16Z/USDT:USDT,0.1517,1495.0,0.1516,10349.0,0.1518,5970.0,0.1519,24713.0
1753520725867,09:05:25.867,AI16Z/USDT:USDT,0.1517,1499.0,0.1516,18840.0,0.1518,7308.0,0.1519,23667.0
1753520726004,09:05:26.004,AI16Z/USDT:USDT,0.1517,736.0,0.1516,18840.0,0.1518,9456.0,0.1519,23667.0
1753520726086,09:05:26.086,AI16Z/USDT:USDT,0.1517,736.0,0.1516,18840.0,0.1518,9360.0,0.1519,23667.0
1753520726178,09:05:26.178,AI16Z/USDT:USDT,0.1516,9625.0,0.1515,20914.0,0.1518,15835.0,0.1519,23667.0
1753520726300,09:05:26.300,AI16Z/USDT:USDT,0.1516,9144.0,0.1515,16489.0,0.1517,2069.0,0.1518,13831.0
1753520726402,09:05:26.402,AI16Z/USDT:USDT,0.1516,2324.0,0.1515,11465.0,0.1517,5870.0,0.1518,13678.0
1753520726483,09:05:26.483,AI16Z/USDT:USDT,0.1516,2324.0,0.1515,10961.0,0.1517,7207.0,0.1518,13678.0
1753520726528,09:05:26.528,AI16Z/USDT:USDT,0.1516,724.0,0.1515,10961.0,0.1517,6556.0,0.1518,13678.0
1753520726900,09:05:26.900,AI16Z/USDT:USDT,0.1516,724.0,0.1515,10961.0,0.1517,8741.0,0.1518,13678.0
1753520727090,09:05:27.090,AI16Z/USDT:USDT,0.1516,1924.0,0.1515,10961.0,0.1517,8550.0,0.1518,13678.0
1753520727109,09:05:27.109,AI16Z/USDT:USDT,0.1516,1924.0,0.1515,10961.0,0.1517,6556.0,0.1518,13678.0
1753520727244,09:05:27.244,AI16Z/USDT:USDT,0.1516,1924.0,0.1515,10961.0,0.1517,6556.0,0.1518,13678.0
1753520727481,09:05:27.481,AI16Z/USDT:USDT,0.1516,1924.0,0.1515,10974.0,0.1517,6556.0,0.1518,13678.0
1753520727905,09:05:27.905,AI16Z/USDT:USDT,0.1516,1924.0,0.1515,10974.0,0.1517,6202.0,0.1518,14018.0
1753520728001,09:05:28.001,AI16Z/USDT:USDT,0.1516,1924.0,0.1515,10974.0,0.1517,6556.0,0.1518,13664.0
1753520728022,09:05:28.022,AI16Z/USDT:USDT,0.1516,1924.0,0.1515,10974.0,0.1517,6556.0,0.1518,13664.0
1753520728268,09:05:28.268,AI16Z/USDT:USDT,0.1516,724.0,0.1515,10974.0,0.1517,6651.0,0.1518,13678.0
1753520728325,09:05:28.325,AI16Z/USDT:USDT,0.1516,724.0,0.1515,10974.0,0.1517,6556.0,0.1518,13678.0
1753520728409,09:05:28.409,AI16Z/USDT:USDT,0.1516,724.0,0.1515,10974.0,0.1517,6556.0,0.1518,13678.0
1753520728916,09:05:28.916,AI16Z/USDT:USDT,0.1516,724.0,0.1515,10974.0,0.1517,6556.0,0.1518,13678.0
1753520729199,09:05:29.199,AI16Z/USDT:USDT,0.1516,724.0,0.1515,10974.0,0.1517,6747.0,0.1518,14350.0
1753520729242,09:05:29.242,AI16Z/USDT:USDT,0.1516,724.0,0.1515,10713.0,0.1517,6747.0,0.1518,14350.0
1753520729314,09:05:29.314,AI16Z/USDT:USDT,0.1516,724.0,0.1515,10713.0,0.1517,6747.0,0.1518,14350.0
1753520729651,09:05:29.651,AI16Z/USDT:USDT,0.1516,724.0,0.1515,10713.0,0.1517,6556.0,0.1518,14350.0
1753520729709,09:05:29.709,AI16Z/USDT:USDT,0.1516,724.0,0.1515,10713.0,0.1517,6652.0,0.1518,14350.0
1753520729898,09:05:29.898,AI16Z/USDT:USDT,0.1516,724.0,0.1515,10713.0,0.1517,6747.0,0.1518,14350.0
1753520730062,09:05:30.062,AI16Z/USDT:USDT,0.1516,724.0,0.1515,13113.0,0.1517,6747.0,0.1518,14350.0
1753520730704,09:05:30.704,AI16Z/USDT:USDT,0.1516,724.0,0.1515,13113.0,0.1517,6652.0,0.1518,14350.0
1753520731096,09:05:31.096,AI16Z/USDT:USDT,0.1516,1820.0,0.1515,13113.0,0.1517,6652.0,0.1518,14350.0
1753520731702,09:05:31.702,AI16Z/USDT:USDT,0.1515,3444.0,0.1514,7539.0,0.1516,2324.0,0.1517,8752.0
1753520731802,09:05:31.802,AI16Z/USDT:USDT,0.1515,6360.0,0.1514,20347.0,0.1516,2053.0,0.1517,6700.0
1753520731886,09:05:31.886,AI16Z/USDT:USDT,0.1515,6360.0,0.1514,20347.0,0.1516,2053.0,0.1517,6700.0
1753520732079,09:05:32.079,AI16Z/USDT:USDT,0.1515,8760.0,0.1514,20347.0,0.1516,2053.0,0.1517,6700.0
1753520732188,09:05:32.188,AI16Z/USDT:USDT,0.1515,9428.0,0.1514,20347.0,0.1516,2053.0,0.1517,6700.0
1753520732224,09:05:32.224,AI16Z/USDT:USDT,0.1515,8760.0,0.1514,20347.0,0.1516,2053.0,0.1517,6700.0
1753520732582,09:05:32.582,AI16Z/USDT:USDT,0.1515,8664.0,0.1514,20347.0,0.1516,2053.0,0.1517,6700.0
1753520733095,09:05:33.095,AI16Z/USDT:USDT,0.1515,8760.0,0.1514,20347.0,0.1516,2053.0,0.1517,6700.0
1753520733459,09:05:33.459,AI16Z/USDT:USDT,0.1515,8760.0,0.1514,20347.0,0.1516,2053.0,0.1517,6700.0
1753520733923,09:05:33.923,AI16Z/USDT:USDT,0.1515,8664.0,0.1514,20347.0,0.1516,2053.0,0.1517,6700.0
1753520734592,09:05:34.592,AI16Z/USDT:USDT,0.1515,8664.0,0.1514,20347.0,0.1516,2053.0,0.1517,6700.0
1753520734669,09:05:34.669,AI16Z/USDT:USDT,0.1515,3984.0,0.1514,9949.0,0.1516,2182.0,0.1517,6700.0
1753520734799,09:05:34.799,AI16Z/USDT:USDT,0.1515,4079.0,0.1514,9949.0,0.1516,2053.0,0.1517,6700.0
1753520735001,09:05:35.001,AI16Z/USDT:USDT,0.1515,6479.0,0.1514,9949.0,0.1516,3453.0,0.1517,6700.0
1753520735088,09:05:35.088,AI16Z/USDT:USDT,0.1515,1022.0,0.1514,12530.0,0.1516,5464.0,0.1517,10160.0
1753520735179,09:05:35.179,AI16Z/USDT:USDT,0.1515,1117.0,0.1514,12381.0,0.1516,5273.0,0.1517,10160.0
1753520735659,09:05:35.659,AI16Z/USDT:USDT,0.1515,1117.0,0.1514,12381.0,0.1516,5273.0,0.1517,10160.0
1753520735993,09:05:35.993,AI16Z/USDT:USDT,0.1515,3022.0,0.1514,12381.0,0.1516,6273.0,0.1517,10160.0
1753520736027,09:05:36.027,AI16Z/USDT:USDT,0.1515,3117.0,0.1514,12381.0,0.1516,5273.0,0.1517,10160.0
1753520736189,09:05:36.189,AI16Z/USDT:USDT,0.1515,3213.0,0.1514,12381.0,0.1516,2536.0,0.1517,10160.0
1753520736303,09:05:36.303,AI16Z/USDT:USDT,0.1515,3213.0,0.1514,12575.0,0.1516,2536.0,0.1517,9308.0
1753520736329,09:05:36.329,AI16Z/USDT:USDT,0.1515,3213.0,0.1514,12575.0,0.1516,2407.0,0.1517,9308.0
1753520736499,09:05:36.499,AI16Z/USDT:USDT,0.1515,4570.0,0.1514,12915.0,0.1517,9859.0,0.1518,14975.0
1753520736512,09:05:36.512,AI16Z/USDT:USDT,0.1515,4570.0,0.1514,12915.0,0.1517,9856.0,0.1518,14975.0
1753520736700,09:05:36.700,AI16Z/USDT:USDT,0.1515,8296.0,0.1514,12915.0,0.1516,2053.0,0.1517,9856.0
1753520736759,09:05:36.759,AI16Z/USDT:USDT,0.1515,7628.0,0.1514,12915.0,0.1516,3.0,0.1517,11909.0
1753520736858,09:05:36.858,AI16Z/USDT:USDT,0.1515,7628.0,0.1514,12915.0,0.1516,3.0,0.1517,11909.0
1753520736978,09:05:36.978,AI16Z/USDT:USDT,0.1515,8028.0,0.1514,12915.0,0.1516,3.0,0.1517,11909.0
1753520737063,09:05:37.063,AI16Z/USDT:USDT,0.1515,8028.0,0.1514,12915.0,0.1516,3.0,0.1517,11909.0
1753520737199,09:05:37.199,AI16Z/USDT:USDT,0.1515,8696.0,0.1514,12915.0,0.1516,3.0,0.1517,11909.0
1753520737209,09:05:37.209,AI16Z/USDT:USDT,0.1515,8696.0,0.1514,12915.0,0.1516,3.0,0.1517,11909.0
1753520737474,09:05:37.474,AI16Z/USDT:USDT,0.1515,8028.0,0.1514,12915.0,0.1516,3.0,0.1517,11909.0
1753520737709,09:05:37.709,AI16Z/USDT:USDT,0.1515,8028.0,0.1514,12915.0,0.1516,3.0,0.1517,11909.0
1753520737881,09:05:37.881,AI16Z/USDT:USDT,0.1515,8028.0,0.1514,12915.0,0.1516,3.0,0.1517,11909.0
1753520738087,09:05:38.087,AI16Z/USDT:USDT,0.1515,8028.0,0.1514,12915.0,0.1516,3.0,0.1517,11909.0
1753520738181,09:05:38.181,AI16Z/USDT:USDT,0.1515,9050.0,0.1514,12561.0,0.1516,3.0,0.1517,11909.0
1753520738918,09:05:38.918,AI16Z/USDT:USDT,0.1515,8286.0,0.1514,12561.0,0.1516,3.0,0.1517,11909.0
1753520739102,09:05:39.102,AI16Z/USDT:USDT,0.1515,8382.0,0.1514,12574.0,0.1516,3.0,0.1517,11909.0
1753520739209,09:05:39.209,AI16Z/USDT:USDT,0.1515,8382.0,0.1514,12574.0,0.1516,3.0,0.1517,11909.0
1753520739710,09:05:39.710,AI16Z/USDT:USDT,0.1515,8382.0,0.1514,12574.0,0.1516,3.0,0.1517,11909.0
1753520741103,09:05:41.103,AI16Z/USDT:USDT,0.1515,8382.0,0.1514,12574.0,0.1516,3.0,0.1517,11909.0
1753520741127,09:05:41.127,AI16Z/USDT:USDT,0.1515,9050.0,0.1514,12574.0,0.1516,3.0,0.1517,11909.0
1753520741578,09:05:41.578,AI16Z/USDT:USDT,0.1515,9050.0,0.1514,12639.0,0.1516,3.0,0.1517,11909.0
1753520741648,09:05:41.648,AI16Z/USDT:USDT,0.1515,9050.0,0.1514,13763.0,0.1516,3.0,0.1517,11555.0
1753520742002,09:05:42.002,AI16Z/USDT:USDT,0.1515,8382.0,0.1514,13763.0,0.1516,3.0,0.1517,11555.0
1753520743481,09:05:43.481,AI16Z/USDT:USDT,0.1515,8286.0,0.1514,13763.0,0.1516,3.0,0.1517,11555.0
1753520743678,09:05:43.678,AI16Z/USDT:USDT,0.1515,8382.0,0.1514,13763.0,0.1516,3.0,0.1517,11555.0
1753520744104,09:05:44.104,AI16Z/USDT:USDT,0.1515,8382.0,0.1514,13763.0,0.1516,3.0,0.1517,11555.0
1753520744107,09:05:44.107,AI16Z/USDT:USDT,0.1515,8382.0,0.1514,13763.0,0.1516,3.0,0.1517,11555.0
1753520744698,09:05:44.698,AI16Z/USDT:USDT,0.1515,9050.0,0.1514,13763.0,0.1516,3.0,0.1517,11567.0
1753520744963,09:05:44.963,AI16Z/USDT:USDT,0.1515,8382.0,0.1514,13763.0,0.1516,3.0,0.1517,11567.0
1753520745903,09:05:45.903,AI16Z/USDT:USDT,0.1515,8382.0,0.1514,13763.0,0.1516,3.0,0.1517,11567.0
1753520747003,09:05:47.003,AI16Z/USDT:USDT,0.1514,8566.0,0.1513,10642.0,0.1516,3324.0,0.1517,11567.0
1753520747102,09:05:47.102,AI16Z/USDT:USDT,0.1514,2809.0,0.1513,10441.0,0.1515,5185.0,0.1516,7252.0
1753520747203,09:05:47.203,AI16Z/USDT:USDT,0.1514,402.0,0.1513,1787.0,0.1515,1385.0,0.1516,7390.0
1753520747303,09:05:47.303,AI16Z/USDT:USDT,0.1514,968.0,0.1513,5316.0,0.1515,7184.0,0.1516,9813.0
1753520747402,09:05:47.402,AI16Z/USDT:USDT,0.1514,3089.0,0.1513,5872.0,0.1515,5105.0,0.1516,11422.0
1753520747502,09:05:47.502,AI16Z/USDT:USDT,0.1514,4046.0,0.1513,7151.0,0.1516,11486.0,0.1517,10377.0
1753520747591,09:05:47.591,AI16Z/USDT:USDT,0.1514,4046.0,0.1513,9281.0,0.1516,12158.0,0.1517,10377.0
1753520747691,09:05:47.691,AI16Z/USDT:USDT,0.1514,3782.0,0.1513,9281.0,0.1515,1954.0,0.1516,11804.0
1753520747798,09:05:47.798,AI16Z/USDT:USDT,0.1514,3581.0,0.1513,9281.0,0.1515,1954.0,0.1516,13704.0
1753520747903,09:05:47.903,AI16Z/USDT:USDT,0.1514,5581.0,0.1513,9268.0,0.1515,1954.0,0.1516,13704.0
1753520747994,09:05:47.994,AI16Z/USDT:USDT,0.1514,5581.0,0.1513,9268.0,0.1515,1954.0,0.1516,13704.0
1753520748091,09:05:48.091,AI16Z/USDT:USDT,0.1514,5581.0,0.1513,12130.0,0.1515,1955.0,0.1516,13690.0
1753520748175,09:05:48.175,AI16Z/USDT:USDT,0.1514,5676.0,0.1513,13470.0,0.1515,1.0,0.1516,13372.0
1753520748303,09:05:48.303,AI16Z/USDT:USDT,0.1514,5774.0,0.1513,13470.0,0.1515,1.0,0.1516,13372.0
1753520748367,09:05:48.367,AI16Z/USDT:USDT,0.1514,5774.0,0.1513,13470.0,0.1515,1.0,0.1516,14044.0
1753520748471,09:05:48.471,AI16Z/USDT:USDT,0.1514,5903.0,0.1513,13470.0,0.1515,1.0,0.1516,13772.0
1753520748627,09:05:48.627,AI16Z/USDT:USDT,0.1514,5903.0,0.1513,13470.0,0.1515,1.0,0.1516,13772.0
1753520748741,09:05:48.741,AI16Z/USDT:USDT,0.1514,5807.0,0.1513,13470.0,0.1515,1.0,0.1516,13772.0
1753520748875,09:05:48.875,AI16Z/USDT:USDT,0.1514,6112.0,0.1513,13470.0,0.1515,1.0,0.1516,13772.0
1753520748934,09:05:48.934,AI16Z/USDT:USDT,0.1514,6207.0,0.1513,13470.0,0.1515,1.0,0.1516,13772.0
1753520749172,09:05:49.172,AI16Z/USDT:USDT,0.1514,5983.0,0.1513,13483.0,0.1515,1.0,0.1516,13772.0
1753520749258,09:05:49.258,AI16Z/USDT:USDT,0.1514,6079.0,0.1513,13483.0,0.1515,1.0,0.1516,13772.0
1753520749389,09:05:49.389,AI16Z/USDT:USDT,0.1514,6208.0,0.1513,13483.0,0.1515,1.0,0.1516,13772.0
1753520750003,09:05:50.003,AI16Z/USDT:USDT,0.1514,6208.0,0.1513,13483.0,0.1515,1.0,0.1516,13772.0
1753520750097,09:05:50.097,AI16Z/USDT:USDT,0.1514,6208.0,0.1513,13483.0,0.1515,1.0,0.1516,13772.0
1753520750187,09:05:50.187,AI16Z/USDT:USDT,0.1514,6208.0,0.1513,13483.0,0.1515,1.0,0.1516,13772.0
1753520750480,09:05:50.480,AI16Z/USDT:USDT,0.1514,6208.0,0.1513,13483.0,0.1515,1.0,0.1516,13772.0
1753520750601,09:05:50.601,AI16Z/USDT:USDT,0.1514,6876.0,0.1513,13483.0,0.1515,1.0,0.1516,13772.0
1753520750872,09:05:50.872,AI16Z/USDT:USDT,0.1514,6208.0,0.1513,13483.0,0.1515,1.0,0.1516,13772.0
1753520751503,09:05:51.503,AI16Z/USDT:USDT,0.1514,6208.0,0.1513,13483.0,0.1515,1.0,0.1516,13772.0
1753520753082,09:05:53.082,AI16Z/USDT:USDT,0.1514,6208.0,0.1513,13483.0,0.1515,1.0,0.1516,13772.0
1753520753590,09:05:53.590,AI16Z/USDT:USDT,0.1514,6927.0,0.1513,23448.0,0.1515,1.0,0.1516,13772.0
1753520753620,09:05:53.620,AI16Z/USDT:USDT,0.1514,6927.0,0.1513,25236.0,0.1515,1.0,0.1516,13772.0
1753520754470,09:05:54.470,AI16Z/USDT:USDT,0.1514,6927.0,0.1513,25236.0,0.1515,1.0,0.1516,13772.0
1753520755079,09:05:55.079,AI16Z/USDT:USDT,0.1514,6927.0,0.1513,25301.0,0.1515,1.0,0.1516,13772.0
1753520756088,09:05:56.088,AI16Z/USDT:USDT,0.1514,6992.0,0.1513,25236.0,0.1515,1.0,0.1516,13772.0
1753520756305,09:05:56.305,AI16Z/USDT:USDT,0.1514,6992.0,0.1513,25236.0,0.1515,1.0,0.1516,13772.0
1753520756771,09:05:56.771,AI16Z/USDT:USDT,0.1514,6992.0,0.1513,25236.0,0.1515,1.0,0.1516,13772.0
1753520756834,09:05:56.834,AI16Z/USDT:USDT,0.1514,6992.0,0.1513,25236.0,0.1515,1.0,0.1516,13772.0
1753520756954,09:05:56.954,AI16Z/USDT:USDT,0.1514,7660.0,0.1513,25236.0,0.1515,1.0,0.1516,13772.0
1753520757093,09:05:57.093,AI16Z/USDT:USDT,0.1514,7691.0,0.1513,25301.0,0.1515,1.0,0.1516,13772.0
1753520757199,09:05:57.199,AI16Z/USDT:USDT,0.1514,7023.0,0.1513,25301.0,0.1515,1.0,0.1516,13772.0
1753520758058,09:05:58.058,AI16Z/USDT:USDT,0.1514,7023.0,0.1513,25301.0,0.1515,1.0,0.1516,13772.0
1753520758124,09:05:58.124,AI16Z/USDT:USDT,0.1514,7023.0,0.1513,25301.0,0.1515,1.0,0.1516,13772.0
1753520758223,09:05:58.223,AI16Z/USDT:USDT,0.1514,7023.0,0.1513,25301.0,0.1515,1.0,0.1516,13772.0
1753520758558,09:05:58.558,AI16Z/USDT:USDT,0.1514,7023.0,0.1513,25301.0,0.1515,1.0,0.1516,13784.0
1753520758723,09:05:58.723,AI16Z/USDT:USDT,0.1514,7023.0,0.1513,25301.0,0.1515,1.0,0.1516,13784.0
1753520759079,09:05:59.079,AI16Z/USDT:USDT,0.1514,7023.0,0.1513,25301.0,0.1515,1.0,0.1516,13784.0
1753520759381,09:05:59.381,AI16Z/USDT:USDT,0.1514,7023.0,0.1513,25301.0,0.1515,1.0,0.1516,13784.0
1753520759449,09:05:59.449,AI16Z/USDT:USDT,0.1514,7023.0,0.1513,25301.0,0.1515,1.0,0.1516,13784.0
1753520759967,09:05:59.967,AI16Z/USDT:USDT,0.1514,7023.0,0.1513,25301.0,0.1515,1.0,0.1516,13784.0
1753520760104,09:06:00.104,AI16Z/USDT:USDT,0.1514,1489.0,0.1513,24629.0,0.1515,1.0,0.1516,13784.0
1753520760133,09:06:00.133,AI16Z/USDT:USDT,0.1514,1489.0,0.1513,24629.0,0.1515,1.0,0.1516,13784.0
1753520760428,09:06:00.428,AI16Z/USDT:USDT,0.1514,2955.0,0.1513,24629.0,0.1515,1.0,0.1516,13784.0
1753520760596,09:06:00.596,AI16Z/USDT:USDT,0.1514,3050.0,0.1513,24629.0,0.1515,1.0,0.1516,13784.0
1753520760712,09:06:00.712,AI16Z/USDT:USDT,0.1514,5450.0,0.1513,24629.0,0.1515,1.0,0.1516,13784.0
1753520761104,09:06:01.104,AI16Z/USDT:USDT,0.1514,5450.0,0.1513,24629.0,0.1515,1.0,0.1516,13784.0
1753520761223,09:06:01.223,AI16Z/USDT:USDT,0.1514,5450.0,0.1513,24629.0,0.1515,1.0,0.1516,13784.0
1753520761640,09:06:01.640,AI16Z/USDT:USDT,0.1514,4018.0,0.1513,24629.0,0.1515,1.0,0.1516,13784.0
1753520761724,09:06:01.724,AI16Z/USDT:USDT,0.1514,4018.0,0.1513,24629.0,0.1515,1.0,0.1516,13784.0
1753520761886,09:06:01.886,AI16Z/USDT:USDT,0.1514,4113.0,0.1513,24629.0,0.1515,1.0,0.1516,13784.0
1753520761988,09:06:01.988,AI16Z/USDT:USDT,0.1514,3889.0,0.1513,24629.0,0.1515,1.0,0.1516,13784.0
1753520762080,09:06:02.080,AI16Z/USDT:USDT,0.1514,3984.0,0.1513,24629.0,0.1515,1.0,0.1516,13784.0
1753520762280,09:06:02.280,AI16Z/USDT:USDT,0.1514,4113.0,0.1513,24629.0,0.1515,1.0,0.1516,13784.0
1753520762516,09:06:02.516,AI16Z/USDT:USDT,0.1514,4209.0,0.1513,24629.0,0.1515,1.0,0.1516,13784.0
1753520762769,09:06:02.769,AI16Z/USDT:USDT,0.1514,4209.0,0.1513,24629.0,0.1515,1.0,0.1516,13784.0
1753520763430,09:06:03.430,AI16Z/USDT:USDT,0.1514,4209.0,0.1513,24629.0,0.1515,1.0,0.1516,13784.0
1753520763522,09:06:03.522,AI16Z/USDT:USDT,0.1514,4209.0,0.1513,24629.0,0.1515,1.0,0.1516,13784.0
1753520763802,09:06:03.802,AI16Z/USDT:USDT,0.1514,3983.0,0.1513,16042.0,0.1515,1.0,0.1516,13784.0
1753520763902,09:06:03.902,AI16Z/USDT:USDT,0.1514,4078.0,0.1513,16042.0,0.1515,1.0,0.1516,13811.0
1753520764195,09:06:04.195,AI16Z/USDT:USDT,0.1514,3949.0,0.1513,16341.0,0.1515,1.0,0.1516,13811.0
1753520765080,09:06:05.080,AI16Z/USDT:USDT,0.1514,3949.0,0.1513,16341.0,0.1515,1.0,0.1516,13811.0
1753520765115,09:06:05.115,AI16Z/USDT:USDT,0.1514,3949.0,0.1513,16341.0,0.1515,1.0,0.1516,13811.0
1753520765338,09:06:05.338,AI16Z/USDT:USDT,0.1514,4045.0,0.1513,16341.0,0.1515,1.0,0.1516,13811.0
1753520765903,09:06:05.903,AI16Z/USDT:USDT,0.1514,4045.0,0.1513,16341.0,0.1515,1.0,0.1516,13811.0
1753520766256,09:06:06.256,AI16Z/USDT:USDT,0.1514,3949.0,0.1513,16341.0,0.1515,1.0,0.1516,13811.0
1753520766488,09:06:06.488,AI16Z/USDT:USDT,0.1514,3949.0,0.1513,16327.0,0.1515,1.0,0.1516,13811.0
1753520766562,09:06:06.562,AI16Z/USDT:USDT,0.1514,6841.0,0.1513,15668.0,0.1516,13125.0,0.1517,11109.0
1753520766693,09:06:06.693,AI16Z/USDT:USDT,0.1514,6838.0,0.1513,15668.0,0.1516,13125.0,0.1517,11109.0
1753520766927,09:06:06.927,AI16Z/USDT:USDT,0.1514,6838.0,0.1513,15668.0,0.1516,13125.0,0.1517,11109.0
1753520767008,09:06:07.008,AI16Z/USDT:USDT,0.1514,6838.0,0.1513,15668.0,0.1516,13125.0,0.1517,11109.0
1753520767180,09:06:07.180,AI16Z/USDT:USDT,0.1514,6838.0,0.1513,15655.0,0.1516,13125.0,0.1517,11109.0
1753520767518,09:06:07.518,AI16Z/USDT:USDT,0.1514,6838.0,0.1513,15655.0,0.1516,13125.0,0.1517,11109.0
1753520767681,09:06:07.681,AI16Z/USDT:USDT,0.1514,6851.0,0.1513,15655.0,0.1516,13125.0,0.1517,11109.0
1753520767915,09:06:07.915,AI16Z/USDT:USDT,0.1514,6851.0,0.1513,15655.0,0.1516,13125.0,0.1517,11109.0
1753520769531,09:06:09.531,AI16Z/USDT:USDT,0.1514,6851.0,0.1513,15655.0,0.1516,13125.0,0.1517,11109.0
1753520769619,09:06:09.619,AI16Z/USDT:USDT,0.1514,6851.0,0.1513,15655.0,0.1516,13125.0,0.1517,11109.0
1753520770267,09:06:10.267,AI16Z/USDT:USDT,0.1514,6851.0,0.1513,15655.0,0.1516,13125.0,0.1517,11224.0
1753520770307,09:06:10.307,AI16Z/USDT:USDT,0.1514,6851.0,0.1513,15655.0,0.1516,13125.0,0.1517,11224.0
1753520770704,09:06:10.704,AI16Z/USDT:USDT,0.1514,6851.0,0.1513,15655.0,0.1516,13125.0,0.1517,11224.0
1753520771105,09:06:11.105,AI16Z/USDT:USDT,0.1514,6851.0,0.1513,15655.0,0.1516,13125.0,0.1517,11224.0
1753520771128,09:06:11.128,AI16Z/USDT:USDT,0.1514,9514.0,0.1513,15655.0,0.1516,13125.0,0.1517,11224.0
1753520771729,09:06:11.729,AI16Z/USDT:USDT,0.1514,9514.0,0.1513,16327.0,0.1516,13125.0,0.1517,11224.0
1753520771990,09:06:11.990,AI16Z/USDT:USDT,0.1514,9514.0,0.1513,16327.0,0.1516,13125.0,0.1517,12053.0
1753520772103,09:06:12.103,AI16Z/USDT:USDT,0.1515,2200.0,0.1514,10756.0,0.1516,4432.0,0.1517,12053.0
1753520772203,09:06:12.203,AI16Z/USDT:USDT,0.1515,204.0,0.1514,9419.0,0.1516,4623.0,0.1517,12066.0
1753520772225,09:06:12.225,AI16Z/USDT:USDT,0.1515,963.0,0.1514,9419.0,0.1516,6747.0,0.1517,12066.0
1753520772363,09:06:12.363,AI16Z/USDT:USDT,0.1515,963.0,0.1514,9419.0,0.1516,6747.0,0.1517,12066.0
1753520772449,09:06:12.449,AI16Z/USDT:USDT,0.1515,204.0,0.1514,9419.0,0.1516,7419.0,0.1517,12066.0
1753520772577,09:06:12.577,AI16Z/USDT:USDT,0.1515,204.0,0.1514,9419.0,0.1516,9819.0,0.1517,12066.0
1753520772665,09:06:12.665,AI16Z/USDT:USDT,0.1515,168.0,0.1514,9419.0,0.1516,9819.0,0.1517,12066.0
1753520772803,09:06:12.803,AI16Z/USDT:USDT,0.1514,5950.0,0.1513,13891.0,0.1515,759.0,0.1516,12435.0
1753520772893,09:06:12.893,AI16Z/USDT:USDT,0.1514,8862.0,0.1513,13879.0,0.1515,3.0,0.1516,12435.0
1753520772916,09:06:12.916,AI16Z/USDT:USDT,0.1514,8958.0,0.1513,13879.0,0.1515,3.0,0.1516,12435.0
1753520773100,09:06:13.100,AI16Z/USDT:USDT,0.1514,8385.0,0.1513,13879.0,0.1515,3.0,0.1516,12435.0
1753520773182,09:06:13.182,AI16Z/USDT:USDT,0.1514,8289.0,0.1513,13879.0,0.1515,762.0,0.1516,12435.0
1753520773210,09:06:13.210,AI16Z/USDT:USDT,0.1514,8289.0,0.1513,13879.0,0.1515,762.0,0.1516,12435.0
1753520773702,09:06:13.702,AI16Z/USDT:USDT,0.1514,8289.0,0.1513,14551.0,0.1515,3.0,0.1516,11763.0
1753520773714,09:06:13.714,AI16Z/USDT:USDT,0.1514,8289.0,0.1513,14551.0,0.1515,3.0,0.1516,11763.0
1753520774081,09:06:14.081,AI16Z/USDT:USDT,0.1514,8289.0,0.1513,14551.0,0.1515,3.0,0.1516,11763.0
1753520774146,09:06:14.146,AI16Z/USDT:USDT,0.1514,8289.0,0.1513,14551.0,0.1515,3.0,0.1516,11763.0
1753520774274,09:06:14.274,AI16Z/USDT:USDT,0.1514,8289.0,0.1513,14551.0,0.1515,3.0,0.1516,12435.0
1753520774588,09:06:14.588,AI16Z/USDT:USDT,0.1514,8385.0,0.1513,14551.0,0.1515,3.0,0.1516,12435.0
1753520775167,09:06:15.167,AI16Z/USDT:USDT,0.1514,8289.0,0.1513,14551.0,0.1515,3.0,0.1516,12435.0
1753520775504,09:06:15.504,AI16Z/USDT:USDT,0.1514,8289.0,0.1513,14551.0,0.1515,3.0,0.1516,12435.0
1753520775508,09:06:15.508,AI16Z/USDT:USDT,0.1514,8289.0,0.1513,14551.0,0.1515,3.0,0.1516,12435.0
1753520776153,09:06:16.153,AI16Z/USDT:USDT,0.1514,8289.0,0.1513,14551.0,0.1515,3.0,0.1516,12435.0
1753520777543,09:06:17.543,AI16Z/USDT:USDT,0.1514,8957.0,0.1513,14551.0,0.1515,3.0,0.1516,12435.0
1753520777607,09:06:17.607,AI16Z/USDT:USDT,0.1514,8957.0,0.1513,14551.0,0.1515,3.0,0.1516,12435.0
1753520777779,09:06:17.779,AI16Z/USDT:USDT,0.1514,9053.0,0.1513,14551.0,0.1515,3.0,0.1516,12435.0
1753520777942,09:06:17.942,AI16Z/USDT:USDT,0.1514,8289.0,0.1513,14551.0,0.1515,3.0,0.1516,12435.0
1753520778690,09:06:18.690,AI16Z/USDT:USDT,0.1514,9053.0,0.1513,14551.0,0.1515,3.0,0.1516,7400.0
1753520778784,09:06:18.784,AI16Z/USDT:USDT,0.1514,14235.0,0.1513,15068.0,0.1516,2895.0,0.1517,15483.0
1753520778902,09:06:18.902,AI16Z/USDT:USDT,0.1515,108.0,0.1514,14140.0,0.1516,799.0,0.1517,17252.0
1753520779004,09:06:19.004,AI16Z/USDT:USDT,0.1514,14140.0,0.1513,15080.0,0.1516,9243.0,0.1517,17606.0
1753520779091,09:06:19.091,AI16Z/USDT:USDT,0.1514,13192.0,0.1513,14486.0,0.1516,8048.0,0.1517,17606.0
1753520779150,09:06:19.150,AI16Z/USDT:USDT,0.1514,13096.0,0.1513,14474.0,0.1516,9074.0,0.1517,17252.0
1753520779490,09:06:19.490,AI16Z/USDT:USDT,0.1514,12742.0,0.1513,14828.0,0.1516,8402.0,0.1517,17252.0
1753520779849,09:06:19.849,AI16Z/USDT:USDT,0.1514,12741.0,0.1513,14828.0,0.1516,8402.0,0.1517,17252.0
1753520780086,09:06:20.086,AI16Z/USDT:USDT,0.1514,12741.0,0.1513,14828.0,0.1516,8402.0,0.1517,17252.0
1753520780305,09:06:20.305,AI16Z/USDT:USDT,0.1514,12741.0,0.1513,14828.0,0.1516,8402.0,0.1517,17252.0
1753520780485,09:06:20.485,AI16Z/USDT:USDT,0.1514,12970.0,0.1513,14763.0,0.1516,8402.0,0.1517,17252.0
1753520781103,09:06:21.103,AI16Z/USDT:USDT,0.1515,2874.0,0.1514,12741.0,0.1516,4122.0,0.1517,15129.0
1753520781168,09:06:21.168,AI16Z/USDT:USDT,0.1515,3066.0,0.1514,13460.0,0.1516,3771.0,0.1517,17605.0
1753520781293,09:06:21.293,AI16Z/USDT:USDT,0.1515,3066.0,0.1514,13654.0,0.1516,815.0,0.1517,17021.0
1753520781388,09:06:21.388,AI16Z/USDT:USDT,0.1515,5200.0,0.1514,14326.0,0.1516,70.0,0.1517,16852.0
1753520781477,09:06:21.477,AI16Z/USDT:USDT,0.1515,5800.0,0.1514,14326.0,0.1516,70.0,0.1517,16852.0
1753520782004,09:06:22.004,AI16Z/USDT:USDT,0.1515,5132.0,0.1514,14326.0,0.1516,70.0,0.1517,16852.0
1753520782004,09:06:22.004,AI16Z/USDT:USDT,0.1515,5132.0,0.1514,14326.0,0.1516,70.0,0.1517,16852.0
1753520782136,09:06:22.136,AI16Z/USDT:USDT,0.1515,5132.0,0.1514,14326.0,0.1516,815.0,0.1517,16852.0
1753520782206,09:06:22.206,AI16Z/USDT:USDT,0.1515,5132.0,0.1514,14326.0,0.1516,70.0,0.1517,16852.0
1753520782718,09:06:22.718,AI16Z/USDT:USDT,0.1515,5800.0,0.1514,14326.0,0.1516,70.0,0.1517,16852.0
1753520783081,09:06:23.081,AI16Z/USDT:USDT,0.1515,5132.0,0.1514,14326.0,0.1516,70.0,0.1517,16852.0
1753520783431,09:06:23.431,AI16Z/USDT:USDT,0.1515,5132.0,0.1514,14326.0,0.1516,70.0,0.1517,16852.0
1753520784187,09:06:24.187,AI16Z/USDT:USDT,0.1515,5800.0,0.1514,14326.0,0.1516,70.0,0.1517,16852.0
1753520784207,09:06:24.207,AI16Z/USDT:USDT,0.1515,5800.0,0.1514,14326.0,0.1516,70.0,0.1517,16852.0
1753520784819,09:06:24.819,AI16Z/USDT:USDT,0.1515,5132.0,0.1514,14326.0,0.1516,70.0,0.1517,16852.0
1753520785104,09:06:25.104,AI16Z/USDT:USDT,0.1515,5036.0,0.1514,14312.0,0.1516,70.0,0.1517,16852.0
1753520785222,09:06:25.222,AI16Z/USDT:USDT,0.1515,5036.0,0.1514,14312.0,0.1516,70.0,0.1517,16852.0
1753520785341,09:06:25.341,AI16Z/USDT:USDT,0.1515,5800.0,0.1514,14312.0,0.1516,70.0,0.1517,16852.0
1753520785504,09:06:25.504,AI16Z/USDT:USDT,0.1516,5552.0,0.1515,12717.0,0.1517,2673.0,0.1518,24973.0
1753520785591,09:06:25.591,AI16Z/USDT:USDT,0.1516,6529.0,0.1515,13170.0,0.1517,769.0,0.1518,12900.0
1753520785690,09:06:25.690,AI16Z/USDT:USDT,0.1516,7866.0,0.1515,13170.0,0.1517,756.0,0.1518,12156.0
1753520785790,09:06:25.790,AI16Z/USDT:USDT,0.1516,7866.0,0.1515,13170.0,0.1517,756.0,0.1518,14275.0
1753520785868,09:06:25.868,AI16Z/USDT:USDT,0.1516,10576.0,0.1515,13188.0,0.1517,11.0,0.1518,14275.0
1753520786079,09:06:26.079,AI16Z/USDT:USDT,0.1516,10576.0,0.1515,13188.0,0.1517,11.0,0.1518,14275.0
1753520786173,09:06:26.173,AI16Z/USDT:USDT,0.1516,10576.0,0.1515,13188.0,0.1517,11.0,0.1518,14287.0
1753520786248,09:06:26.248,AI16Z/USDT:USDT,0.1516,7198.0,0.1515,13188.0,0.1517,756.0,0.1518,14287.0
1753520786392,09:06:26.392,AI16Z/USDT:USDT,0.1516,7198.0,0.1515,13188.0,0.1517,756.0,0.1518,14287.0
1753520786491,09:06:26.491,AI16Z/USDT:USDT,0.1516,7598.0,0.1515,13188.0,0.1517,11.0,0.1518,14287.0
1753520786562,09:06:26.562,AI16Z/USDT:USDT,0.1516,7598.0,0.1515,13188.0,0.1517,11.0,0.1518,14287.0
1753520786673,09:06:26.673,AI16Z/USDT:USDT,0.1516,7598.0,0.1515,13188.0,0.1517,11.0,0.1518,14287.0
1753520786971,09:06:26.971,AI16Z/USDT:USDT,0.1516,8266.0,0.1515,13188.0,0.1517,11.0,0.1518,14287.0
1753520787097,09:06:27.097,AI16Z/USDT:USDT,0.1516,8266.0,0.1515,13188.0,0.1517,11.0,0.1518,14287.0
1753520787407,09:06:27.407,AI16Z/USDT:USDT,0.1516,8266.0,0.1515,13188.0,0.1517,11.0,0.1518,14287.0
1753520787671,09:06:27.671,AI16Z/USDT:USDT,0.1516,7598.0,0.1515,13188.0,0.1517,11.0,0.1518,14287.0
1753520787708,09:06:27.708,AI16Z/USDT:USDT,0.1516,7598.0,0.1515,13188.0,0.1517,11.0,0.1518,14287.0
1753520788034,09:06:28.034,AI16Z/USDT:USDT,0.1516,7598.0,0.1515,13188.0,0.1517,11.0,0.1518,14287.0
1753520788797,09:06:28.797,AI16Z/USDT:USDT,0.1516,7598.0,0.1515,13188.0,0.1517,755.0,0.1518,14287.0
1753520788855,09:06:28.855,AI16Z/USDT:USDT,0.1516,8266.0,0.1515,13188.0,0.1517,11.0,0.1518,14287.0
1753520789088,09:06:29.088,AI16Z/USDT:USDT,0.1516,7598.0,0.1515,13188.0,0.1517,755.0,0.1518,14287.0
1753520789515,09:06:29.515,AI16Z/USDT:USDT,0.1516,7598.0,0.1515,13188.0,0.1517,755.0,0.1518,14287.0
1753520789939,09:06:29.939,AI16Z/USDT:USDT,0.1516,7533.0,0.1515,13188.0,0.1517,755.0,0.1518,14287.0
1753520790704,09:06:30.704,AI16Z/USDT:USDT,0.1516,7533.0,0.1515,13188.0,0.1517,755.0,0.1518,14287.0
1753520791002,09:06:31.002,AI16Z/USDT:USDT,0.1516,8266.0,0.1515,13188.0,0.1517,755.0,0.1518,14287.0
1753520791041,09:06:31.041,AI16Z/USDT:USDT,0.1516,8266.0,0.1515,13188.0,0.1517,755.0,0.1518,14287.0
1753520791174,09:06:31.174,AI16Z/USDT:USDT,0.1516,8266.0,0.1515,13860.0,0.1517,11.0,0.1518,14287.0
1753520791247,09:06:31.247,AI16Z/USDT:USDT,0.1516,8985.0,0.1515,23106.0,0.1517,11.0,0.1518,14287.0
1753520791467,09:06:31.467,AI16Z/USDT:USDT,0.1516,8985.0,0.1515,23106.0,0.1517,13.0,0.1518,14287.0
1753520791675,09:06:31.675,AI16Z/USDT:USDT,0.1516,8985.0,0.1515,23119.0,0.1517,13.0,0.1518,14287.0
1753520791999,09:06:31.999,AI16Z/USDT:USDT,0.1516,8252.0,0.1515,23119.0,0.1517,757.0,0.1518,14287.0
1753520792079,09:06:32.079,AI16Z/USDT:USDT,0.1516,8252.0,0.1515,23119.0,0.1517,757.0,0.1518,14287.0
1753520792174,09:06:32.174,AI16Z/USDT:USDT,0.1516,8252.0,0.1515,23119.0,0.1517,757.0,0.1518,14287.0
1753520793397,09:06:33.397,AI16Z/USDT:USDT,0.1516,8252.0,0.1515,23119.0,0.1517,2.0,0.1518,14287.0
1753520793498,09:06:33.498,AI16Z/USDT:USDT,0.1516,11251.0,0.1515,23130.0,0.1518,14287.0,0.1519,14257.0
1753520793578,09:06:33.578,AI16Z/USDT:USDT,0.1516,11249.0,0.1515,23129.0,0.1518,11827.0,0.1519,14257.0
1753520794860,09:06:34.860,AI16Z/USDT:USDT,0.1516,8154.0,0.1515,22457.0,0.1517,744.0,0.1518,11827.0
1753520794912,09:06:34.912,AI16Z/USDT:USDT,0.1516,8157.0,0.1515,22457.0,0.1517,744.0,0.1518,11827.0
1753520795054,09:06:35.054,AI16Z/USDT:USDT,0.1516,8825.0,0.1515,23129.0,0.1518,11155.0,0.1519,14257.0
1753520795113,09:06:35.113,AI16Z/USDT:USDT,0.1516,8822.0,0.1515,23129.0,0.1518,11155.0,0.1519,14257.0
1753520795383,09:06:35.383,AI16Z/USDT:USDT,0.1516,8822.0,0.1515,23129.0,0.1518,11155.0,0.1519,14257.0
1753520795504,09:06:35.504,AI16Z/USDT:USDT,0.1516,8822.0,0.1515,23129.0,0.1518,11155.0,0.1519,14257.0
1753520796290,09:06:36.290,AI16Z/USDT:USDT,0.1516,8822.0,0.1515,23129.0,0.1518,11155.0,0.1519,14257.0
1753520796327,09:06:36.327,AI16Z/USDT:USDT,0.1516,11232.0,0.1515,23129.0,0.1518,11155.0,0.1519,11729.0
1753520796444,09:06:36.444,AI16Z/USDT:USDT,0.1516,11232.0,0.1515,23129.0,0.1518,11155.0,0.1519,11729.0
1753520796582,09:06:36.582,AI16Z/USDT:USDT,0.1516,11232.0,0.1515,23129.0,0.1518,9554.0,0.1519,11729.0
1753520796903,09:06:36.903,AI16Z/USDT:USDT,0.1517,1800.0,0.1516,11232.0,0.1518,7716.0,0.1519,11729.0
1753520796956,09:06:36.956,AI16Z/USDT:USDT,0.1517,1803.0,0.1516,19724.0,0.1518,7716.0,0.1519,11729.0
1753520797013,09:06:37.013,AI16Z/USDT:USDT,0.1517,1803.0,0.1516,19724.0,0.1518,7716.0,0.1519,11729.0
1753520797233,09:06:37.233,AI16Z/USDT:USDT,0.1517,1803.0,0.1516,19724.0,0.1518,7716.0,0.1519,11729.0
1753520797333,09:06:37.333,AI16Z/USDT:USDT,0.1517,1803.0,0.1516,19724.0,0.1518,7716.0,0.1519,13819.0
1753520797503,09:06:37.503,AI16Z/USDT:USDT,0.1517,1803.0,0.1516,19724.0,0.1518,7907.0,0.1519,13819.0
1753520797558,09:06:37.558,AI16Z/USDT:USDT,0.1517,3.0,0.1516,19724.0,0.1518,7907.0,0.1519,13819.0
1753520797786,09:06:37.786,AI16Z/USDT:USDT,0.1517,3.0,0.1516,19724.0,0.1518,7812.0,0.1519,13819.0
1753520798087,09:06:38.087,AI16Z/USDT:USDT,0.1517,98.0,0.1516,19724.0,0.1518,7812.0,0.1519,13819.0
1753520798329,09:06:38.329,AI16Z/USDT:USDT,0.1517,3.0,0.1516,19724.0,0.1518,7907.0,0.1519,13819.0
1753520799253,09:06:39.253,AI16Z/USDT:USDT,0.1517,3.0,0.1516,19724.0,0.1518,7907.0,0.1519,13819.0
1753520799411,09:06:39.411,AI16Z/USDT:USDT,0.1517,3.0,0.1516,19724.0,0.1518,7907.0,0.1519,13819.0
1753520801105,09:06:41.105,AI16Z/USDT:USDT,0.1517,3.0,0.1516,18387.0,0.1518,7907.0,0.1519,13819.0
1753520801117,09:06:41.117,AI16Z/USDT:USDT,0.1517,3.0,0.1516,18387.0,0.1518,7907.0,0.1519,13819.0
1753520801552,09:06:41.552,AI16Z/USDT:USDT,0.1517,3.0,0.1516,18399.0,0.1518,7907.0,0.1519,13819.0
1753520801694,09:06:41.694,AI16Z/USDT:USDT,0.1517,3.0,0.1516,18399.0,0.1518,7907.0,0.1519,13819.0
1753520802078,09:06:42.078,AI16Z/USDT:USDT,0.1516,13972.0,0.1515,14804.0,0.1517,2735.0,0.1518,12727.0
1753520802180,09:06:42.180,AI16Z/USDT:USDT,0.1516,5386.0,0.1515,23391.0,0.1517,2742.0,0.1518,12727.0
1753520802239,09:06:42.239,AI16Z/USDT:USDT,0.1516,5386.0,0.1515,23391.0,0.1517,2745.0,0.1518,12727.0
1753520802403,09:06:42.403,AI16Z/USDT:USDT,0.1516,5386.0,0.1515,23391.0,0.1517,745.0,0.1518,12727.0
1753520802406,09:06:42.406,AI16Z/USDT:USDT,0.1516,5481.0,0.1515,23391.0,0.1517,745.0,0.1518,12727.0
1753520802658,09:06:42.658,AI16Z/USDT:USDT,0.1516,6818.0,0.1515,23391.0,0.1517,745.0,0.1518,12727.0
1753520803006,09:06:43.006,AI16Z/USDT:USDT,0.1516,6818.0,0.1515,23391.0,0.1517,745.0,0.1518,12727.0
1753520803171,09:06:43.171,AI16Z/USDT:USDT,0.1516,5481.0,0.1515,23391.0,0.1517,745.0,0.1518,12727.0
1753520803235,09:06:43.235,AI16Z/USDT:USDT,0.1516,5481.0,0.1515,23391.0,0.1517,2441.0,0.1518,12631.0
1753520803331,09:06:43.331,AI16Z/USDT:USDT,0.1516,5577.0,0.1515,23391.0,0.1517,745.0,0.1518,12631.0
1753520803584,09:06:43.584,AI16Z/USDT:USDT,0.1516,5481.0,0.1515,23391.0,0.1517,745.0,0.1518,12631.0
1753520803660,09:06:43.660,AI16Z/USDT:USDT,0.1516,6914.0,0.1515,23391.0,0.1517,745.0,0.1518,12631.0
1753520804002,09:06:44.002,AI16Z/USDT:USDT,0.1516,6914.0,0.1515,23391.0,0.1517,745.0,0.1518,12631.0
1753520804078,09:06:44.078,AI16Z/USDT:USDT,0.1516,6914.0,0.1515,23391.0,0.1517,745.0,0.1518,12631.0
1753520804387,09:06:44.387,AI16Z/USDT:USDT,0.1516,6818.0,0.1515,23391.0,0.1517,745.0,0.1518,12631.0
1753520804602,09:06:44.602,AI16Z/USDT:USDT,0.1516,7582.0,0.1515,23391.0,0.1517,745.0,0.1518,12536.0
1753520804684,09:06:44.684,AI16Z/USDT:USDT,0.1516,7582.0,0.1515,23391.0,0.1517,10.0,0.1518,12536.0
1753520804740,09:06:44.740,AI16Z/USDT:USDT,0.1516,7582.0,0.1515,23391.0,0.1517,745.0,0.1518,12536.0
1753520805165,09:06:45.165,AI16Z/USDT:USDT,0.1516,7582.0,0.1515,23391.0,0.1517,745.0,0.1518,12536.0
1753520805802,09:06:45.802,AI16Z/USDT:USDT,0.1516,6914.0,0.1515,23391.0,0.1517,745.0,0.1518,12536.0
1753520805904,09:06:45.904,AI16Z/USDT:USDT,0.1516,6818.0,0.1515,23391.0,0.1517,745.0,0.1518,12536.0
1753520805959,09:06:45.959,AI16Z/USDT:USDT,0.1516,6914.0,0.1515,27913.0,0.1517,745.0,0.1518,12536.0
1753520806320,09:06:46.320,AI16Z/USDT:USDT,0.1516,6914.0,0.1515,27926.0,0.1517,745.0,0.1518,12536.0
1753520806680,09:06:46.680,AI16Z/USDT:USDT,0.1516,6818.0,0.1515,27926.0,0.1517,745.0,0.1518,12536.0
1753520806709,09:06:46.709,AI16Z/USDT:USDT,0.1516,6914.0,0.1515,27926.0,0.1517,745.0,0.1518,12536.0
1753520807078,09:06:47.078,AI16Z/USDT:USDT,0.1516,6914.0,0.1515,27926.0,0.1517,745.0,0.1518,12536.0
1753520807603,09:06:47.603,AI16Z/USDT:USDT,0.1516,6914.0,0.1515,27926.0,0.1517,745.0,0.1518,12536.0
1753520807624,09:06:47.624,AI16Z/USDT:USDT,0.1516,6818.0,0.1515,27926.0,0.1517,745.0,0.1518,12536.0
1753520807799,09:06:47.799,AI16Z/USDT:USDT,0.1516,3481.0,0.1515,27926.0,0.1517,936.0,0.1518,12536.0
1753520807901,09:06:47.901,AI16Z/USDT:USDT,0.1516,4818.0,0.1515,27926.0,0.1517,745.0,0.1518,13208.0
1753520807931,09:06:47.931,AI16Z/USDT:USDT,0.1516,4914.0,0.1515,27926.0,0.1517,745.0,0.1518,13208.0
1753520808176,09:06:48.176,AI16Z/USDT:USDT,0.1516,6914.0,0.1515,27926.0,0.1517,745.0,0.1518,13208.0
1753520808380,09:06:48.380,AI16Z/USDT:USDT,0.1516,5481.0,0.1515,27926.0,0.1517,745.0,0.1518,13208.0
1753520808490,09:06:48.490,AI16Z/USDT:USDT,0.1516,5577.0,0.1515,27926.0,0.1517,745.0,0.1518,13208.0
1753520808634,09:06:48.634,AI16Z/USDT:USDT,0.1516,5481.0,0.1515,27926.0,0.1517,840.0,0.1518,13208.0
1753520808709,09:06:48.709,AI16Z/USDT:USDT,0.1516,5481.0,0.1515,27926.0,0.1517,936.0,0.1518,13208.0
1753520809002,09:06:49.002,AI16Z/USDT:USDT,0.1516,5577.0,0.1515,27926.0,0.1517,745.0,0.1518,13208.0
1753520809167,09:06:49.167,AI16Z/USDT:USDT,0.1516,5577.0,0.1515,27926.0,0.1517,2736.0,0.1518,13208.0
1753520809367,09:06:49.367,AI16Z/USDT:USDT,0.1516,3482.0,0.1515,27926.0,0.1517,2736.0,0.1518,13208.0
1753520809441,09:06:49.441,AI16Z/USDT:USDT,0.1516,3386.0,0.1515,27926.0,0.1517,2736.0,0.1518,13208.0
1753520809520,09:06:49.520,AI16Z/USDT:USDT,0.1516,3482.0,0.1515,27926.0,0.1517,2736.0,0.1518,13208.0
1753520809888,09:06:49.888,AI16Z/USDT:USDT,0.1516,3577.0,0.1515,27926.0,0.1517,2545.0,0.1518,13208.0
1753520810004,09:06:50.004,AI16Z/USDT:USDT,0.1516,4914.0,0.1515,27926.0,0.1517,745.0,0.1518,13208.0
1753520810187,09:06:50.187,AI16Z/USDT:USDT,0.1516,7582.0,0.1515,27926.0,0.1517,745.0,0.1518,13208.0
1753520810705,09:06:50.705,AI16Z/USDT:USDT,0.1516,6914.0,0.1515,27926.0,0.1517,745.0,0.1518,13208.0
1753520810708,09:06:50.708,AI16Z/USDT:USDT,0.1516,6914.0,0.1515,27926.0,0.1517,745.0,0.1518,13208.0
1753520811819,09:06:51.819,AI16Z/USDT:USDT,0.1516,6914.0,0.1515,27926.0,0.1517,840.0,0.1518,13208.0
1753520812005,09:06:52.005,AI16Z/USDT:USDT,0.1516,18.0,0.1515,26415.0,0.1517,3020.0,0.1518,13244.0
1753520812101,09:06:52.101,AI16Z/USDT:USDT,0.1516,18.0,0.1515,25772.0,0.1517,3020.0,0.1518,13244.0
1753520812145,09:06:52.145,AI16Z/USDT:USDT,0.1516,18.0,0.1515,27871.0,0.1517,5420.0,0.1518,13244.0
1753520813078,09:06:53.078,AI16Z/USDT:USDT,0.1516,18.0,0.1515,27871.0,0.1517,5420.0,0.1518,13244.0
1753520813204,09:06:53.204,AI16Z/USDT:USDT,0.1515,10334.0,0.1514,31029.0,0.1516,736.0,0.1517,9218.0
1753520813304,09:06:53.304,AI16Z/USDT:USDT,0.1515,9648.0,0.1514,25128.0,0.1516,752.0,0.1517,9211.0
1753520813398,09:06:53.398,AI16Z/USDT:USDT,0.1515,2098.0,0.1514,25128.0,0.1516,3854.0,0.1517,11955.0
1753520813499,09:06:53.499,AI16Z/USDT:USDT,0.1514,11781.0,0.1513,16056.0,0.1516,5739.0,0.1517,11781.0
1753520813594,09:06:53.594,AI16Z/USDT:USDT,0.1514,9902.0,0.1513,16429.0,0.1516,7837.0,0.1517,11778.0
1753520813647,09:06:53.647,AI16Z/USDT:USDT,0.1514,12129.0,0.1513,16429.0,0.1516,7837.0,0.1517,11778.0
1753520813787,09:06:53.787,AI16Z/USDT:USDT,0.1514,12129.0,0.1513,16429.0,0.1516,7837.0,0.1517,11778.0
1753520814008,09:06:54.008,AI16Z/USDT:USDT,0.1514,12129.0,0.1513,16429.0,0.1516,7837.0,0.1517,11778.0
1753520814109,09:06:54.109,AI16Z/USDT:USDT,0.1514,12129.0,0.1513,16429.0,0.1516,10237.0,0.1517,11778.0
1753520814347,09:06:54.347,AI16Z/USDT:USDT,0.1514,12129.0,0.1513,16429.0,0.1516,10237.0,0.1517,14498.0
1753520814452,09:06:54.452,AI16Z/USDT:USDT,0.1514,12129.0,0.1513,16429.0,0.1516,10237.0,0.1517,14498.0
1753520815486,09:06:55.486,AI16Z/USDT:USDT,0.1514,12129.0,0.1513,16429.0,0.1516,10237.0,0.1517,14498.0
1753520816087,09:06:56.087,AI16Z/USDT:USDT,0.1514,12129.0,0.1513,13888.0,0.1516,10237.0,0.1517,14498.0
1753520816112,09:06:56.112,AI16Z/USDT:USDT,0.1514,10833.0,0.1513,13876.0,0.1516,10237.0,0.1517,14498.0
1753520816993,09:06:56.993,AI16Z/USDT:USDT,0.1514,8846.0,0.1513,13876.0,0.1515,736.0,0.1516,10237.0
1753520817022,09:06:57.022,AI16Z/USDT:USDT,0.1514,9408.0,0.1513,14173.0,0.1515,739.0,0.1516,10221.0
1753520817188,09:06:57.188,AI16Z/USDT:USDT,0.1514,9313.0,0.1513,14173.0,0.1515,3.0,0.1516,10221.0
1753520817362,09:06:57.362,AI16Z/USDT:USDT,0.1514,9408.0,0.1513,14173.0,0.1515,739.0,0.1516,10221.0
1753520818003,09:06:58.003,AI16Z/USDT:USDT,0.1514,9408.0,0.1513,14173.0,0.1515,739.0,0.1516,10221.0
1753520818081,09:06:58.081,AI16Z/USDT:USDT,0.1514,9523.0,0.1513,14173.0,0.1515,739.0,0.1516,10221.0
1753520818126,09:06:58.126,AI16Z/USDT:USDT,0.1514,9523.0,0.1513,14173.0,0.1515,739.0,0.1516,10221.0
1753520818473,09:06:58.473,AI16Z/USDT:USDT,0.1514,9523.0,0.1513,14173.0,0.1515,3.0,0.1516,10221.0
1753520818705,09:06:58.705,AI16Z/USDT:USDT,0.1514,9619.0,0.1513,14173.0,0.1515,3.0,0.1516,10221.0
1753520818710,09:06:58.710,AI16Z/USDT:USDT,0.1514,10287.0,0.1513,14173.0,0.1515,3.0,0.1516,10221.0
1753520818837,09:06:58.837,AI16Z/USDT:USDT,0.1514,9523.0,0.1513,14173.0,0.1515,3.0,0.1516,10221.0
1753520818952,09:06:58.952,AI16Z/USDT:USDT,0.1514,9428.0,0.1513,14173.0,0.1515,3.0,0.1516,10221.0
1753520819079,09:06:59.079,AI16Z/USDT:USDT,0.1514,9428.0,0.1513,14173.0,0.1515,3.0,0.1516,10221.0
1753520819351,09:06:59.351,AI16Z/USDT:USDT,0.1514,9523.0,0.1513,14173.0,0.1515,3.0,0.1516,10221.0
1753520819463,09:06:59.463,AI16Z/USDT:USDT,0.1514,9428.0,0.1513,14173.0,0.1515,3.0,0.1516,10221.0
1753520819590,09:06:59.590,AI16Z/USDT:USDT,0.1514,9523.0,0.1513,14173.0,0.1515,3.0,0.1516,10893.0
1753520820202,09:07:00.202,AI16Z/USDT:USDT,0.1514,10338.0,0.1513,23419.0,0.1515,3.0,0.1516,10893.0
1753520820300,09:07:00.300,AI16Z/USDT:USDT,0.1514,10243.0,0.1513,23419.0,0.1515,768.0,0.1516,10893.0
1753520820308,09:07:00.308,AI16Z/USDT:USDT,0.1514,10147.0,0.1513,23419.0,0.1515,768.0,0.1516,10893.0
1753520820443,09:07:00.443,AI16Z/USDT:USDT,0.1514,10147.0,0.1513,23419.0,0.1515,3.0,0.1516,10893.0
1753520820693,09:07:00.693,AI16Z/USDT:USDT,0.1514,10147.0,0.1513,23419.0,0.1515,768.0,0.1516,10893.0
1753520820750,09:07:00.750,AI16Z/USDT:USDT,0.1514,9462.0,0.1513,23419.0,0.1515,98.0,0.1516,10798.0
1753520820870,09:07:00.870,AI16Z/USDT:USDT,0.1514,9347.0,0.1513,23419.0,0.1515,98.0,0.1516,10798.0
1753520820965,09:07:00.965,AI16Z/USDT:USDT,0.1514,9347.0,0.1513,23419.0,0.1515,863.0,0.1516,10798.0
1753520821033,09:07:01.033,AI16Z/USDT:USDT,0.1514,9347.0,0.1513,23419.0,0.1515,2759.0,0.1516,10798.0
1753520821376,09:07:01.376,AI16Z/USDT:USDT,0.1514,6533.0,0.1513,23419.0,0.1515,2759.0,0.1516,13612.0
1753520821476,09:07:01.476,AI16Z/USDT:USDT,0.1514,6533.0,0.1513,22747.0,0.1515,2759.0,0.1516,13612.0
1753520821623,09:07:01.623,AI16Z/USDT:USDT,0.1514,6533.0,0.1513,22747.0,0.1515,959.0,0.1516,13612.0
1753520821802,09:07:01.802,AI16Z/USDT:USDT,0.1514,2035.0,0.1513,21620.0,0.1515,2425.0,0.1516,13792.0
1753520821887,09:07:01.887,AI16Z/USDT:USDT,0.1514,2022.0,0.1513,20151.0,0.1515,2779.0,0.1516,13438.0
1753520822004,09:07:02.004,AI16Z/USDT:USDT,0.1514,1308.0,0.1513,22242.0,0.1515,2779.0,0.1516,13438.0
1753520822078,09:07:02.078,AI16Z/USDT:USDT,0.1514,1308.0,0.1513,22242.0,0.1515,5179.0,0.1516,13438.0
1753520822570,09:07:02.570,AI16Z/USDT:USDT,0.1514,1308.0,0.1513,22242.0,0.1515,5179.0,0.1516,13438.0
1753520823467,09:07:03.467,AI16Z/USDT:USDT,0.1514,589.0,0.1513,21583.0,0.1515,5179.0,0.1516,13438.0
1753520823863,09:07:03.863,AI16Z/USDT:USDT,0.1514,589.0,0.1513,21595.0,0.1515,5179.0,0.1516,13438.0
1753520824265,09:07:04.265,AI16Z/USDT:USDT,0.1514,589.0,0.1513,21595.0,0.1515,5179.0,0.1516,13438.0
1753520824363,09:07:04.363,AI16Z/USDT:USDT,0.1514,589.0,0.1513,21595.0,0.1515,5179.0,0.1516,13438.0
1753520824905,09:07:04.905,AI16Z/USDT:USDT,0.1514,1354.0,0.1513,21595.0,0.1515,2779.0,0.1516,13438.0
1753520824986,09:07:04.986,AI16Z/USDT:USDT,0.1514,3754.0,0.1513,21595.0,0.1515,4379.0,0.1516,13438.0
1753520825006,09:07:05.006,AI16Z/USDT:USDT,0.1514,3754.0,0.1513,21595.0,0.1515,4379.0,0.1516,13438.0
1753520825302,09:07:05.302,AI16Z/USDT:USDT,0.1514,3754.0,0.1513,21840.0,0.1515,2105.0,0.1516,13612.0
1753520825377,09:07:05.377,AI16Z/USDT:USDT,0.1514,5461.0,0.1513,23171.0,0.1515,768.0,0.1516,10842.0
1753520825474,09:07:05.474,AI16Z/USDT:USDT,0.1514,5461.0,0.1513,23171.0,0.1515,768.0,0.1516,12930.0
1753520825902,09:07:05.902,AI16Z/USDT:USDT,0.1514,5461.0,0.1513,23171.0,0.1515,3.0,0.1516,12930.0
1753520826094,09:07:06.094,AI16Z/USDT:USDT,0.1514,5461.0,0.1513,23171.0,0.1515,768.0,0.1516,12930.0
1753520826160,09:07:06.160,AI16Z/USDT:USDT,0.1514,5461.0,0.1513,23171.0,0.1515,3.0,0.1516,12930.0
1753520826401,09:07:06.401,AI16Z/USDT:USDT,0.1514,5461.0,0.1513,23171.0,0.1515,3.0,0.1516,12930.0
1753520826649,09:07:06.649,AI16Z/USDT:USDT,0.1514,5461.0,0.1513,23171.0,0.1515,3.0,0.1516,12930.0
1753520826904,09:07:06.904,AI16Z/USDT:USDT,0.1514,5461.0,0.1513,23525.0,0.1515,3.0,0.1516,12930.0
1753520826908,09:07:06.908,AI16Z/USDT:USDT,0.1514,5461.0,0.1513,23525.0,0.1515,3.0,0.1516,12930.0
1753520827150,09:07:07.150,AI16Z/USDT:USDT,0.1514,5461.0,0.1513,23525.0,0.1515,3.0,0.1516,12930.0
1753520827664,09:07:07.664,AI16Z/USDT:USDT,0.1514,4793.0,0.1513,23525.0,0.1515,3.0,0.1516,12930.0
1753520827719,09:07:07.719,AI16Z/USDT:USDT,0.1514,4793.0,0.1513,23525.0,0.1515,3.0,0.1516,12930.0
1753520828004,09:07:08.004,AI16Z/USDT:USDT,0.1514,4793.0,0.1513,23525.0,0.1515,3.0,0.1516,12930.0
1753520828082,09:07:08.082,AI16Z/USDT:USDT,0.1514,4793.0,0.1513,23525.0,0.1515,3.0,0.1516,12930.0
1753520828391,09:07:08.391,AI16Z/USDT:USDT,0.1514,4793.0,0.1513,23525.0,0.1515,3.0,0.1516,12930.0
1753520828448,09:07:08.448,AI16Z/USDT:USDT,0.1514,5461.0,0.1513,23525.0,0.1515,3.0,0.1516,12930.0
1753520828532,09:07:08.532,AI16Z/USDT:USDT,0.1514,5461.0,0.1513,23525.0,0.1515,3.0,0.1516,12865.0
1753520828891,09:07:08.891,AI16Z/USDT:USDT,0.1514,5461.0,0.1513,23525.0,0.1515,3.0,0.1516,12878.0
1753520829196,09:07:09.196,AI16Z/USDT:USDT,0.1514,5461.0,0.1513,23525.0,0.1515,3.0,0.1516,12325.0
1753520829301,09:07:09.301,AI16Z/USDT:USDT,0.1514,7910.0,0.1513,13925.0,0.1515,3.0,0.1516,3557.0
1753520829392,09:07:09.392,AI16Z/USDT:USDT,0.1515,4467.0,0.1514,11353.0,0.1516,3515.0,0.1517,14253.0
1753520829499,09:07:09.499,AI16Z/USDT:USDT,0.1515,8413.0,0.1514,10794.0,0.1516,46.0,0.1517,13904.0
1753520829578,09:07:09.578,AI16Z/USDT:USDT,0.1515,7745.0,0.1514,10794.0,0.1516,808.0,0.1517,15988.0
1753520829704,09:07:09.704,AI16Z/USDT:USDT,0.1515,7745.0,0.1514,11513.0,0.1516,808.0,0.1517,15988.0
1753520829730,09:07:09.730,AI16Z/USDT:USDT,0.1515,6313.0,0.1514,11513.0,0.1516,808.0,0.1517,15988.0
1753520830011,09:07:10.011,AI16Z/USDT:USDT,0.1515,6313.0,0.1514,11513.0,0.1516,808.0,0.1517,15988.0
1753520830167,09:07:10.167,AI16Z/USDT:USDT,0.1515,6313.0,0.1514,11513.0,0.1516,808.0,0.1517,15988.0
1753520830397,09:07:10.397,AI16Z/USDT:USDT,0.1515,6885.0,0.1514,11513.0,0.1516,808.0,0.1517,15988.0
1753520830559,09:07:10.559,AI16Z/USDT:USDT,0.1515,7076.0,0.1514,11513.0,0.1516,808.0,0.1517,15988.0
1753520831004,09:07:11.004,AI16Z/USDT:USDT,0.1515,7076.0,0.1514,11513.0,0.1516,808.0,0.1517,15988.0
1753520831079,09:07:11.079,AI16Z/USDT:USDT,0.1515,7076.0,0.1514,11513.0,0.1516,808.0,0.1517,15988.0
1753520831248,09:07:11.248,AI16Z/USDT:USDT,0.1515,7076.0,0.1514,11513.0,0.1516,46.0,0.1517,15988.0
1753520831548,09:07:11.548,AI16Z/USDT:USDT,0.1515,6408.0,0.1514,11513.0,0.1516,46.0,0.1517,15988.0
1753520831795,09:07:11.795,AI16Z/USDT:USDT,0.1515,6408.0,0.1514,11513.0,0.1516,46.0,0.1517,15988.0
1753520831956,09:07:11.956,AI16Z/USDT:USDT,0.1515,6217.0,0.1514,11513.0,0.1516,808.0,0.1517,15988.0
1753520832559,09:07:12.559,AI16Z/USDT:USDT,0.1515,6408.0,0.1514,11513.0,0.1516,808.0,0.1517,16000.0
1753520832926,09:07:12.926,AI16Z/USDT:USDT,0.1515,6217.0,0.1514,11513.0,0.1516,808.0,0.1517,16000.0
1753520833047,09:07:13.047,AI16Z/USDT:USDT,0.1515,6217.0,0.1514,11513.0,0.1516,903.0,0.1517,16000.0
1753520833584,09:07:13.584,AI16Z/USDT:USDT,0.1515,6312.0,0.1514,11513.0,0.1516,808.0,0.1517,16000.0
1753520833621,09:07:13.621,AI16Z/USDT:USDT,0.1515,6217.0,0.1514,11513.0,0.1516,903.0,0.1517,16000.0
1753520833886,09:07:13.886,AI16Z/USDT:USDT,0.1515,6217.0,0.1514,11513.0,0.1516,2103.0,0.1517,16000.0
1753520834081,09:07:14.081,AI16Z/USDT:USDT,0.1515,6217.0,0.1514,11513.0,0.1516,2103.0,0.1517,16000.0
1753520834258,09:07:14.258,AI16Z/USDT:USDT,0.1515,6217.0,0.1514,11513.0,0.1516,2103.0,0.1517,16672.0
1753520834505,09:07:14.505,AI16Z/USDT:USDT,0.1515,4953.0,0.1514,11513.0,0.1516,2103.0,0.1517,16672.0
1753520834705,09:07:14.705,AI16Z/USDT:USDT,0.1515,4953.0,0.1514,12172.0,0.1516,2103.0,0.1517,16672.0
1753520834711,09:07:14.711,AI16Z/USDT:USDT,0.1515,5672.0,0.1514,20759.0,0.1516,2103.0,0.1517,16672.0
1753520834875,09:07:14.875,AI16Z/USDT:USDT,0.1515,6672.0,0.1514,20759.0,0.1516,2103.0,0.1517,16672.0
1753520835073,09:07:15.073,AI16Z/USDT:USDT,0.1515,6863.0,0.1514,20759.0,0.1516,2103.0,0.1517,16672.0
1753520835360,09:07:15.360,AI16Z/USDT:USDT,0.1515,6672.0,0.1514,20759.0,0.1516,2103.0,0.1517,16672.0
1753520835443,09:07:15.443,AI16Z/USDT:USDT,0.1515,6672.0,0.1514,20759.0,0.1516,2103.0,0.1517,16672.0
1753520835681,09:07:15.681,AI16Z/USDT:USDT,0.1515,6767.0,0.1514,20759.0,0.1516,2103.0,0.1517,16672.0
1753520836389,09:07:16.389,AI16Z/USDT:USDT,0.1515,6767.0,0.1514,20759.0,0.1516,2103.0,0.1517,16672.0
1753520836407,09:07:16.407,AI16Z/USDT:USDT,0.1515,6767.0,0.1514,20759.0,0.1516,2103.0,0.1517,16672.0
1753520836768,09:07:16.768,AI16Z/USDT:USDT,0.1515,5430.0,0.1514,20759.0,0.1516,903.0,0.1517,16672.0
1753520836812,09:07:16.812,AI16Z/USDT:USDT,0.1515,5430.0,0.1514,20759.0,0.1516,903.0,0.1517,16672.0
1753520837080,09:07:17.080,AI16Z/USDT:USDT,0.1515,5335.0,0.1514,20759.0,0.1516,903.0,0.1517,16672.0
1753520837313,09:07:17.313,AI16Z/USDT:USDT,0.1515,5335.0,0.1514,20772.0,0.1516,903.0,0.1517,16672.0
1753520837497,09:07:17.497,AI16Z/USDT:USDT,0.1515,5430.0,0.1514,20772.0,0.1516,903.0,0.1517,16672.0
1753520837582,09:07:17.582,AI16Z/USDT:USDT,0.1515,5335.0,0.1514,20772.0,0.1516,903.0,0.1517,16672.0
1753520837616,09:07:17.616,AI16Z/USDT:USDT,0.1515,5430.0,0.1514,20772.0,0.1516,903.0,0.1517,16672.0
1753520837843,09:07:17.843,AI16Z/USDT:USDT,0.1515,5335.0,0.1514,20772.0,0.1516,2103.0,0.1517,16672.0
1753520837950,09:07:17.950,AI16Z/USDT:USDT,0.1515,5335.0,0.1514,20772.0,0.1516,903.0,0.1517,16672.0
1753520838302,09:07:18.302,AI16Z/USDT:USDT,0.1515,5430.0,0.1514,20772.0,0.1516,903.0,0.1517,16672.0
1753520838423,09:07:18.423,AI16Z/USDT:USDT,0.1515,6194.0,0.1514,20772.0,0.1516,808.0,0.1517,16672.0
1753520838557,09:07:18.557,AI16Z/USDT:USDT,0.1515,6194.0,0.1514,20772.0,0.1516,808.0,0.1517,16672.0
1753520838837,09:07:18.837,AI16Z/USDT:USDT,0.1515,6194.0,0.1514,20772.0,0.1516,1234.0,0.1517,16672.0
1753520839013,09:07:19.013,AI16Z/USDT:USDT,0.1515,5335.0,0.1514,20772.0,0.1516,1329.0,0.1517,16672.0
1753520839161,09:07:19.161,AI16Z/USDT:USDT,0.1515,5526.0,0.1514,20772.0,0.1516,1234.0,0.1517,16672.0
1753520839304,09:07:19.304,AI16Z/USDT:USDT,0.1515,5526.0,0.1514,20772.0,0.1516,1234.0,0.1517,16672.0
1753520839307,09:07:19.307,AI16Z/USDT:USDT,0.1515,5430.0,0.1514,20772.0,0.1516,1329.0,0.1517,16672.0
1753520839428,09:07:19.428,AI16Z/USDT:USDT,0.1515,5526.0,0.1514,20772.0,0.1516,1234.0,0.1517,16672.0
1753520839864,09:07:19.864,AI16Z/USDT:USDT,0.1515,5431.0,0.1514,20772.0,0.1516,3434.0,0.1517,16672.0
1753520840078,09:07:20.078,AI16Z/USDT:USDT,0.1515,5431.0,0.1514,20772.0,0.1516,3434.0,0.1517,16672.0
1753520840170,09:07:20.170,AI16Z/USDT:USDT,0.1515,5335.0,0.1514,20772.0,0.1516,3434.0,0.1517,16672.0
1753520840726,09:07:20.726,AI16Z/USDT:USDT,0.1515,5335.0,0.1514,20772.0,0.1516,1234.0,0.1517,16672.0
1753520841499,09:07:21.499,AI16Z/USDT:USDT,0.1515,5335.0,0.1514,20772.0,0.1516,1234.0,0.1517,16672.0
1753520841796,09:07:21.796,AI16Z/USDT:USDT,0.1515,5431.0,0.1514,20772.0,0.1516,2234.0,0.1517,16672.0
1753520841962,09:07:21.962,AI16Z/USDT:USDT,0.1515,5335.0,0.1514,20772.0,0.1516,2234.0,0.1517,16672.0
1753520842504,09:07:22.504,AI16Z/USDT:USDT,0.1515,5335.0,0.1514,20772.0,0.1516,1234.0,0.1517,16672.0
1753520842508,09:07:22.508,AI16Z/USDT:USDT,0.1515,5335.0,0.1514,20772.0,0.1516,1234.0,0.1517,16672.0
1753520842765,09:07:22.765,AI16Z/USDT:USDT,0.1515,6099.0,0.1514,20772.0,0.1516,1234.0,0.1517,16672.0
1753520843079,09:07:23.079,AI16Z/USDT:USDT,0.1515,6099.0,0.1514,20772.0,0.1516,1234.0,0.1517,16672.0
1753520843777,09:07:23.777,AI16Z/USDT:USDT,0.1515,5335.0,0.1514,20772.0,0.1516,2434.0,0.1517,16672.0
1753520843868,09:07:23.868,AI16Z/USDT:USDT,0.1515,5431.0,0.1514,20772.0,0.1516,1234.0,0.1517,16672.0
1753520844104,09:07:24.104,AI16Z/USDT:USDT,0.1515,5431.0,0.1514,20772.0,0.1516,1234.0,0.1517,16672.0
1753520844147,09:07:24.147,AI16Z/USDT:USDT,0.1515,5431.0,0.1514,20772.0,0.1516,1234.0,0.1517,16672.0
1753520845255,09:07:25.255,AI16Z/USDT:USDT,0.1515,5431.0,0.1514,20772.0,0.1516,1234.0,0.1517,16672.0
1753520845847,09:07:25.847,AI16Z/USDT:USDT,0.1515,5431.0,0.1514,20759.0,0.1516,1234.0,0.1517,16672.0
1753520845907,09:07:25.907,AI16Z/USDT:USDT,0.1515,5431.0,0.1514,20759.0,0.1516,1234.0,0.1517,16672.0
1753520846080,09:07:26.080,AI16Z/USDT:USDT,0.1515,5431.0,0.1514,20759.0,0.1516,1234.0,0.1517,16672.0
1753520846328,09:07:26.328,AI16Z/USDT:USDT,0.1515,5443.0,0.1514,20759.0,0.1516,1234.0,0.1517,16672.0
1753520846744,09:07:26.744,AI16Z/USDT:USDT,0.1515,5443.0,0.1514,20759.0,0.1516,2634.0,0.1517,16672.0
1753520846936,09:07:26.936,AI16Z/USDT:USDT,0.1515,5443.0,0.1514,20759.0,0.1516,1234.0,0.1517,16672.0
1753520847448,09:07:27.448,AI16Z/USDT:USDT,0.1515,5443.0,0.1514,20759.0,0.1516,1234.0,0.1517,16672.0
1753520847767,09:07:27.767,AI16Z/USDT:USDT,0.1515,5443.0,0.1514,20759.0,0.1516,1234.0,0.1517,16672.0
1753520847856,09:07:27.856,AI16Z/USDT:USDT,0.1515,6111.0,0.1514,20759.0,0.1516,1234.0,0.1517,16672.0
1753520847948,09:07:27.948,AI16Z/USDT:USDT,0.1515,6111.0,0.1514,21061.0,0.1516,1234.0,0.1517,16672.0
1753520848021,09:07:28.021,AI16Z/USDT:USDT,0.1515,6111.0,0.1514,21061.0,0.1516,1234.0,0.1517,16672.0
1753520848116,09:07:28.116,AI16Z/USDT:USDT,0.1515,5443.0,0.1514,21061.0,0.1516,1234.0,0.1517,16672.0
1753520848314,09:07:28.314,AI16Z/USDT:USDT,0.1515,5347.0,0.1514,21061.0,0.1516,1234.0,0.1517,16672.0
1753520848904,09:07:28.904,AI16Z/USDT:USDT,0.1515,5347.0,0.1514,21061.0,0.1516,1234.0,0.1517,16672.0
1753520848927,09:07:28.927,AI16Z/USDT:USDT,0.1515,5347.0,0.1514,24306.0,0.1516,1234.0,0.1517,16672.0
1753520849741,09:07:29.741,AI16Z/USDT:USDT,0.1515,5347.0,0.1514,24306.0,0.1516,2634.0,0.1517,16672.0
1753520849914,09:07:29.914,AI16Z/USDT:USDT,0.1515,5347.0,0.1514,24306.0,0.1516,1234.0,0.1517,16672.0
1753520851208,09:07:31.208,AI16Z/USDT:USDT,0.1515,6015.0,0.1514,24306.0,0.1516,1234.0,0.1517,16672.0
1753520852083,09:07:32.083,AI16Z/USDT:USDT,0.1515,6015.0,0.1514,24306.0,0.1516,1234.0,0.1517,16672.0
1753520852519,09:07:32.519,AI16Z/USDT:USDT,0.1515,5347.0,0.1514,24306.0,0.1516,1234.0,0.1517,16672.0
1753520852674,09:07:32.674,AI16Z/USDT:USDT,0.1515,5347.0,0.1514,24306.0,0.1516,2434.0,0.1517,16672.0
1753520853068,09:07:33.068,AI16Z/USDT:USDT,0.1515,5347.0,0.1514,24306.0,0.1516,1234.0,0.1517,16672.0
1753520853148,09:07:33.148,AI16Z/USDT:USDT,0.1515,6015.0,0.1514,24306.0,0.1516,1234.0,0.1517,16672.0
1753520853410,09:07:33.410,AI16Z/USDT:USDT,0.1515,5347.0,0.1514,24306.0,0.1516,1234.0,0.1517,16672.0
1753520853704,09:07:33.704,AI16Z/USDT:USDT,0.1515,5347.0,0.1514,24306.0,0.1516,1234.0,0.1517,16672.0
1753520853727,09:07:33.727,AI16Z/USDT:USDT,0.1515,5347.0,0.1514,24306.0,0.1516,1234.0,0.1517,13952.0
1753520854907,09:07:34.907,AI16Z/USDT:USDT,0.1515,6015.0,0.1514,24306.0,0.1516,1234.0,0.1517,13952.0
1753520855078,09:07:35.078,AI16Z/USDT:USDT,0.1515,6015.0,0.1514,24306.0,0.1516,1234.0,0.1517,13952.0
1753520855242,09:07:35.242,AI16Z/USDT:USDT,0.1515,5347.0,0.1514,24306.0,0.1516,1234.0,0.1517,13952.0
1753520855307,09:07:35.307,AI16Z/USDT:USDT,0.1515,5347.0,0.1514,24306.0,0.1516,1234.0,0.1517,13952.0
1753520856301,09:07:36.301,AI16Z/USDT:USDT,0.1515,5347.0,0.1514,24306.0,0.1516,472.0,0.1517,13952.0
1753520856704,09:07:36.704,AI16Z/USDT:USDT,0.1515,5347.0,0.1514,23634.0,0.1516,472.0,0.1517,13952.0
1753520856805,09:07:36.805,AI16Z/USDT:USDT,0.1515,15.0,0.1514,17029.0,0.1516,5863.0,0.1517,14296.0
1753520856900,09:07:36.900,AI16Z/USDT:USDT,0.1514,12527.0,0.1513,26983.0,0.1516,11817.0,0.1517,14296.0
1753520857006,09:07:37.006,AI16Z/USDT:USDT,0.1514,12527.0,0.1513,23480.0,0.1516,11825.0,0.1517,14296.0
1753520857100,09:07:37.100,AI16Z/USDT:USDT,0.1514,8170.0,0.1513,23468.0,0.1515,757.0,0.1516,12515.0
1753520857113,09:07:37.113,AI16Z/USDT:USDT,0.1514,8170.0,0.1513,23468.0,0.1515,760.0,0.1516,12505.0
1753520857267,09:07:37.267,AI16Z/USDT:USDT,0.1514,8265.0,0.1513,23468.0,0.1515,760.0,0.1516,12505.0
1753520857404,09:07:37.404,AI16Z/USDT:USDT,0.1514,8170.0,0.1513,23468.0,0.1515,855.0,0.1516,12505.0
1753520857796,09:07:37.796,AI16Z/USDT:USDT,0.1514,5356.0,0.1513,23468.0,0.1515,855.0,0.1516,12505.0
1753520858081,09:07:38.081,AI16Z/USDT:USDT,0.1514,5356.0,0.1513,23468.0,0.1515,855.0,0.1516,12505.0
1753520858504,09:07:38.504,AI16Z/USDT:USDT,0.1514,5356.0,0.1513,23468.0,0.1515,855.0,0.1516,12505.0
1753520858591,09:07:38.591,AI16Z/USDT:USDT,0.1514,5356.0,0.1513,21815.0,0.1515,855.0,0.1516,12505.0
1753520858799,09:07:38.799,AI16Z/USDT:USDT,0.1514,5356.0,0.1513,21828.0,0.1515,855.0,0.1516,12505.0
1753520859004,09:07:39.004,AI16Z/USDT:USDT,0.1514,5547.0,0.1513,21828.0,0.1515,760.0,0.1516,12505.0
1753520859099,09:07:39.099,AI16Z/USDT:USDT,0.1514,759.0,0.1513,6707.0,0.1515,4018.0,0.1516,12603.0
1753520859200,09:07:39.200,AI16Z/USDT:USDT,0.1513,5013.0,0.1512,12234.0,0.1514,756.0,0.1515,9789.0
1753520859304,09:07:39.304,AI16Z/USDT:USDT,0.1513,6749.0,0.1512,12040.0,0.1515,12189.0,0.1516,12261.0
1753520859387,09:07:39.387,AI16Z/USDT:USDT,0.1513,5986.0,0.1512,12040.0,0.1515,12186.0,0.1516,15007.0
1753520859498,09:07:39.498,AI16Z/USDT:USDT,0.1513,5986.0,0.1512,12040.0,0.1515,12186.0,0.1516,15007.0
1753520859596,09:07:39.596,AI16Z/USDT:USDT,0.1513,10374.0,0.1512,12040.0,0.1515,12186.0,0.1516,15007.0
1753520859608,09:07:39.608,AI16Z/USDT:USDT,0.1513,10374.0,0.1512,12040.0,0.1515,12186.0,0.1516,15007.0
1753520859717,09:07:39.717,AI16Z/USDT:USDT,0.1513,10374.0,0.1512,12040.0,0.1515,12186.0,0.1516,15007.0
1753520860759,09:07:40.759,AI16Z/USDT:USDT,0.1513,10374.0,0.1512,12040.0,0.1515,12186.0,0.1516,15007.0
1753520861004,09:07:41.004,AI16Z/USDT:USDT,0.1513,10374.0,0.1512,12332.0,0.1515,12186.0,0.1516,15007.0
1753520861079,09:07:41.079,AI16Z/USDT:USDT,0.1513,10374.0,0.1512,14814.0,0.1515,12186.0,0.1516,15007.0
1753520861502,09:07:41.502,AI16Z/USDT:USDT,0.1513,9021.0,0.1512,14814.0,0.1514,851.0,0.1515,14809.0
1753520861599,09:07:41.599,AI16Z/USDT:USDT,0.1513,5295.0,0.1512,14814.0,0.1514,2054.0,0.1515,14809.0
1753520861608,09:07:41.608,AI16Z/USDT:USDT,0.1513,5295.0,0.1512,14814.0,0.1514,2150.0,0.1515,14809.0
1753520861799,09:07:41.799,AI16Z/USDT:USDT,0.1513,5295.0,0.1512,14814.0,0.1514,2150.0,0.1515,14809.0
1753520862176,09:07:42.176,AI16Z/USDT:USDT,0.1513,5295.0,0.1512,14814.0,0.1514,950.0,0.1515,14809.0
1753520862300,09:07:42.300,AI16Z/USDT:USDT,0.1513,5295.0,0.1512,14814.0,0.1514,854.0,0.1515,14809.0
1753520862384,09:07:42.384,AI16Z/USDT:USDT,0.1513,5295.0,0.1512,14665.0,0.1514,854.0,0.1515,14809.0
1753520862518,09:07:42.518,AI16Z/USDT:USDT,0.1513,5295.0,0.1512,14665.0,0.1514,854.0,0.1515,14809.0
1753520862870,09:07:42.870,AI16Z/USDT:USDT,0.1513,5615.0,0.1512,15337.0,0.1514,3.0,0.1515,14809.0
1753520863002,09:07:43.002,AI16Z/USDT:USDT,0.1513,5615.0,0.1512,15337.0,0.1514,3.0,0.1515,14809.0
1753520863025,09:07:43.025,AI16Z/USDT:USDT,0.1513,5615.0,0.1512,15337.0,0.1514,3.0,0.1515,14809.0
1753520863145,09:07:43.145,AI16Z/USDT:USDT,0.1513,5615.0,0.1512,15337.0,0.1514,3.0,0.1515,14809.0
1753520863282,09:07:43.282,AI16Z/USDT:USDT,0.1513,6283.0,0.1512,15337.0,0.1514,3.0,0.1515,14809.0
1753520863646,09:07:43.646,AI16Z/USDT:USDT,0.1513,6283.0,0.1512,15337.0,0.1514,3.0,0.1515,14809.0
1753520864080,09:07:44.080,AI16Z/USDT:USDT,0.1513,5615.0,0.1512,15337.0,0.1514,3.0,0.1515,14809.0
1753520864401,09:07:44.401,AI16Z/USDT:USDT,0.1514,4367.0,0.1513,6092.0,0.1515,14328.0,0.1516,15291.0
1753520864430,09:07:44.430,AI16Z/USDT:USDT,0.1514,4370.0,0.1513,10314.0,0.1515,14329.0,0.1516,15291.0
1753520864527,09:07:44.527,AI16Z/USDT:USDT,0.1514,4370.0,0.1513,12781.0,0.1515,14329.0,0.1516,15291.0
1753520864648,09:07:44.648,AI16Z/USDT:USDT,0.1514,4352.0,0.1513,12781.0,0.1515,14329.0,0.1516,15291.0
1753520865154,09:07:45.154,AI16Z/USDT:USDT,0.1514,4352.0,0.1513,12781.0,0.1515,14329.0,0.1516,15291.0
1753520865307,09:07:45.307,AI16Z/USDT:USDT,0.1514,4352.0,0.1513,12781.0,0.1515,14329.0,0.1516,15291.0
1753520865432,09:07:45.432,AI16Z/USDT:USDT,0.1514,4352.0,0.1513,12781.0,0.1515,14329.0,0.1516,15291.0
1753520865696,09:07:45.696,AI16Z/USDT:USDT,0.1514,4254.0,0.1513,12781.0,0.1515,14329.0,0.1516,15291.0
1753520865910,09:07:45.910,AI16Z/USDT:USDT,0.1514,4254.0,0.1513,10314.0,0.1515,14329.0,0.1516,15291.0
1753520866016,09:07:46.016,AI16Z/USDT:USDT,0.1514,4254.0,0.1513,10314.0,0.1515,14349.0,0.1516,15291.0
1753520866251,09:07:46.251,AI16Z/USDT:USDT,0.1514,4236.0,0.1513,10314.0,0.1515,14349.0,0.1516,15291.0
1753520866308,09:07:46.308,AI16Z/USDT:USDT,0.1514,4236.0,0.1513,12716.0,0.1515,14349.0,0.1516,15291.0
1753520866483,09:07:46.483,AI16Z/USDT:USDT,0.1514,4218.0,0.1513,12716.0,0.1515,14349.0,0.1516,15291.0
1753520866978,09:07:46.978,AI16Z/USDT:USDT,0.1514,4218.0,0.1513,12716.0,0.1515,14349.0,0.1516,15291.0
1753520868294,09:07:48.294,AI16Z/USDT:USDT,0.1514,4218.0,0.1513,12716.0,0.1515,14349.0,0.1516,15291.0
1753520868794,09:07:48.794,AI16Z/USDT:USDT,0.1514,4218.0,0.1513,12716.0,0.1515,14349.0,0.1516,15291.0
1753520868816,09:07:48.816,AI16Z/USDT:USDT,0.1514,4218.0,0.1513,12716.0,0.1515,14349.0,0.1516,15291.0
1753520869686,09:07:49.686,AI16Z/USDT:USDT,0.1514,4218.0,0.1513,12716.0,0.1515,14352.0,0.1516,15291.0
1753520869707,09:07:49.707,AI16Z/USDT:USDT,0.1514,4218.0,0.1513,12716.0,0.1515,14352.0,0.1516,15291.0
1753520870105,09:07:50.105,AI16Z/USDT:USDT,0.1514,4218.0,0.1513,12716.0,0.1515,14352.0,0.1516,15291.0
1753520870106,09:07:50.106,AI16Z/USDT:USDT,0.1514,4218.0,0.1513,12716.0,0.1515,14352.0,0.1516,15291.0
1753520870294,09:07:50.294,AI16Z/USDT:USDT,0.1514,4218.0,0.1513,12716.0,0.1515,14352.0,0.1516,15291.0
1753520870307,09:07:50.307,AI16Z/USDT:USDT,0.1514,4218.0,0.1513,12716.0,0.1515,14352.0,0.1516,15291.0
1753520870492,09:07:50.492,AI16Z/USDT:USDT,0.1514,4218.0,0.1513,12716.0,0.1515,14088.0,0.1516,15291.0
1753520870601,09:07:50.601,AI16Z/USDT:USDT,0.1514,4218.0,0.1513,12716.0,0.1515,14085.0,0.1516,15291.0
1753520870665,09:07:50.665,AI16Z/USDT:USDT,0.1514,4218.0,0.1513,12716.0,0.1515,9150.0,0.1516,15291.0
1753520870795,09:07:50.795,AI16Z/USDT:USDT,0.1514,4218.0,0.1513,16095.0,0.1515,7717.0,0.1516,15581.0
1753520871070,09:07:51.070,AI16Z/USDT:USDT,0.1514,4218.0,0.1513,16095.0,0.1515,7813.0,0.1516,15581.0
1753520871366,09:07:51.366,AI16Z/USDT:USDT,0.1514,4218.0,0.1513,16095.0,0.1515,7813.0,0.1516,15581.0
1753520871615,09:07:51.615,AI16Z/USDT:USDT,0.1514,4218.0,0.1513,16095.0,0.1515,7813.0,0.1516,15581.0
1753520873669,09:07:53.669,AI16Z/USDT:USDT,0.1514,4218.0,0.1513,16095.0,0.1515,7813.0,0.1516,15569.0
1753520873709,09:07:53.709,AI16Z/USDT:USDT,0.1514,4218.0,0.1513,16095.0,0.1515,7813.0,0.1516,15569.0
1753520874153,09:07:54.153,AI16Z/USDT:USDT,0.1514,4218.0,0.1513,16095.0,0.1515,7825.0,0.1516,15569.0
1753520874304,09:07:54.304,AI16Z/USDT:USDT,0.1514,4218.0,0.1513,16095.0,0.1515,7729.0,0.1516,15569.0
1753520874429,09:07:54.429,AI16Z/USDT:USDT,0.1514,5818.0,0.1513,16095.0,0.1515,7729.0,0.1516,15569.0
1753520874598,09:07:54.598,AI16Z/USDT:USDT,0.1514,5913.0,0.1513,16095.0,0.1515,7729.0,0.1516,15569.0
1753520874905,09:07:54.905,AI16Z/USDT:USDT,0.1514,5913.0,0.1513,16095.0,0.1515,7729.0,0.1516,15569.0
1753520874907,09:07:54.907,AI16Z/USDT:USDT,0.1514,5913.0,0.1513,16095.0,0.1515,7729.0,0.1516,15569.0
1753520875010,09:07:55.010,AI16Z/USDT:USDT,0.1514,5818.0,0.1513,16095.0,0.1515,7825.0,0.1516,15569.0
1753520875276,09:07:55.276,AI16Z/USDT:USDT,0.1514,6009.0,0.1513,16095.0,0.1515,7825.0,0.1516,15569.0
1753520875599,09:07:55.599,AI16Z/USDT:USDT,0.1514,6009.0,0.1513,14436.0,0.1515,789.0,0.1516,15729.0
1753520875701,09:07:55.701,AI16Z/USDT:USDT,0.1514,6009.0,0.1513,15155.0,0.1515,2859.0,0.1516,15729.0
1753520876004,09:07:56.004,AI16Z/USDT:USDT,0.1514,6009.0,0.1513,15155.0,0.1515,2859.0,0.1516,15729.0
1753520876078,09:07:56.078,AI16Z/USDT:USDT,0.1514,6009.0,0.1513,15155.0,0.1515,2859.0,0.1516,15729.0
1753520876472,09:07:56.472,AI16Z/USDT:USDT,0.1514,3388.0,0.1513,15155.0,0.1515,4379.0,0.1516,15743.0
1753520876701,09:07:56.701,AI16Z/USDT:USDT,0.1514,3388.0,0.1513,14975.0,0.1515,4379.0,0.1516,15743.0
1753520876802,09:07:56.802,AI16Z/USDT:USDT,0.1514,5617.0,0.1513,15155.0,0.1515,789.0,0.1516,17141.0
1753520876879,09:07:56.879,AI16Z/USDT:USDT,0.1514,5617.0,0.1513,15155.0,0.1515,777.0,0.1516,16579.0
1753520877003,09:07:57.003,AI16Z/USDT:USDT,0.1514,4949.0,0.1513,15155.0,0.1515,777.0,0.1516,16579.0
1753520877502,09:07:57.502,AI16Z/USDT:USDT,0.1514,5617.0,0.1513,15155.0,0.1515,777.0,0.1516,16579.0
1753520878168,09:07:58.168,AI16Z/USDT:USDT,0.1514,5617.0,0.1513,15155.0,0.1515,777.0,0.1516,16579.0
1753520879079,09:07:59.079,AI16Z/USDT:USDT,0.1514,5617.0,0.1513,15155.0,0.1515,777.0,0.1516,16579.0
1753520879381,09:07:59.381,AI16Z/USDT:USDT,0.1514,5617.0,0.1513,15155.0,0.1515,777.0,0.1516,16592.0
1753520879586,09:07:59.586,AI16Z/USDT:USDT,0.1514,5617.0,0.1513,15155.0,0.1515,777.0,0.1516,16592.0
1753520879664,09:07:59.664,AI16Z/USDT:USDT,0.1514,5617.0,0.1513,15155.0,0.1515,777.0,0.1516,16578.0
1753520879708,09:07:59.708,AI16Z/USDT:USDT,0.1514,5617.0,0.1513,15155.0,0.1515,777.0,0.1516,16578.0
1753520880779,09:08:00.779,AI16Z/USDT:USDT,0.1514,4949.0,0.1513,15155.0,0.1515,777.0,0.1516,16578.0
1753520881732,09:08:01.732,AI16Z/USDT:USDT,0.1514,4949.0,0.1513,15220.0,0.1515,777.0,0.1516,16578.0
1753520882078,09:08:02.078,AI16Z/USDT:USDT,0.1514,4949.0,0.1513,15220.0,0.1515,777.0,0.1516,16578.0
1753520883927,09:08:03.927,AI16Z/USDT:USDT,0.1514,5668.0,0.1513,24466.0,0.1515,777.0,0.1516,16578.0
1753520884505,09:08:04.505,AI16Z/USDT:USDT,0.1514,5668.0,0.1513,24466.0,0.1515,777.0,0.1516,16578.0
1753520884509,09:08:04.509,AI16Z/USDT:USDT,0.1514,5572.0,0.1513,24466.0,0.1515,777.0,0.1516,16578.0
1753520884656,09:08:04.656,AI16Z/USDT:USDT,0.1514,5477.0,0.1513,24466.0,0.1515,873.0,0.1516,17250.0
1753520884787,09:08:04.787,AI16Z/USDT:USDT,0.1514,2492.0,0.1513,17972.0,0.1515,1002.0,0.1516,17264.0
1753520884846,09:08:04.846,AI16Z/USDT:USDT,0.1514,2492.0,0.1513,18433.0,0.1515,1002.0,0.1516,17264.0
1753520884946,09:08:04.946,AI16Z/USDT:USDT,0.1514,4561.0,0.1513,18433.0,0.1515,1002.0,0.1516,17264.0
1753520885005,09:08:05.005,AI16Z/USDT:USDT,0.1514,4561.0,0.1513,18433.0,0.1515,1002.0,0.1516,17264.0
1753520885388,09:08:05.388,AI16Z/USDT:USDT,0.1514,4561.0,0.1513,14211.0,0.1515,3402.0,0.1516,17264.0
1753520885598,09:08:05.598,AI16Z/USDT:USDT,0.1514,4690.0,0.1513,14883.0,0.1515,3273.0,0.1516,17264.0
1753520885696,09:08:05.696,AI16Z/USDT:USDT,0.1514,6027.0,0.1513,14962.0,0.1515,777.0,0.1516,16592.0
1753520885798,09:08:05.798,AI16Z/USDT:USDT,0.1514,4690.0,0.1513,15681.0,0.1515,777.0,0.1516,17264.0
1753520885894,09:08:05.894,AI16Z/USDT:USDT,0.1514,4561.0,0.1513,14930.0,0.1515,777.0,0.1516,17264.0
1753520885993,09:08:05.993,AI16Z/USDT:USDT,0.1514,4690.0,0.1513,14290.0,0.1515,777.0,0.1516,17264.0
1753520886298,09:08:06.298,AI16Z/USDT:USDT,0.1514,5290.0,0.1513,14290.0,0.1515,2777.0,0.1516,17264.0
1753520886367,09:08:06.367,AI16Z/USDT:USDT,0.1514,5161.0,0.1513,11682.0,0.1515,2906.0,0.1516,17264.0
1753520886429,09:08:06.429,AI16Z/USDT:USDT,0.1514,1905.0,0.1513,12401.0,0.1515,3306.0,0.1516,17264.0
1753520886511,09:08:06.511,AI16Z/USDT:USDT,0.1514,1905.0,0.1513,11682.0,0.1515,3308.0,0.1516,17264.0
1753520886766,09:08:06.766,AI16Z/USDT:USDT,0.1514,1905.0,0.1513,11502.0,0.1515,4999.0,0.1516,17090.0
1753520886938,09:08:06.938,AI16Z/USDT:USDT,0.1514,1905.0,0.1513,11502.0,0.1515,3662.0,0.1516,17090.0
1753520887008,09:08:07.008,AI16Z/USDT:USDT,0.1514,1905.0,0.1513,11502.0,0.1515,3662.0,0.1516,17090.0
1753520888078,09:08:08.078,AI16Z/USDT:USDT,0.1514,1905.0,0.1513,11502.0,0.1515,3662.0,0.1516,17090.0
1753520888541,09:08:08.541,AI16Z/USDT:USDT,0.1513,13571.0,0.1512,18344.0,0.1515,8301.0,0.1516,17090.0
1753520888637,09:08:08.637,AI16Z/USDT:USDT,0.1513,13571.0,0.1512,14841.0,0.1515,8298.0,0.1516,17090.0
1753520888787,09:08:08.787,AI16Z/USDT:USDT,0.1513,13571.0,0.1512,14841.0,0.1515,8298.0,0.1516,17090.0
1753520889308,09:08:09.308,AI16Z/USDT:USDT,0.1513,13571.0,0.1512,14841.0,0.1515,8298.0,0.1516,17090.0
1753520889843,09:08:09.843,AI16Z/USDT:USDT,0.1513,13571.0,0.1512,14841.0,0.1515,8298.0,0.1516,17090.0
1753520890392,09:08:10.392,AI16Z/USDT:USDT,0.1513,13571.0,0.1512,14841.0,0.1515,8494.0,0.1516,17090.0
1753520891003,09:08:11.003,AI16Z/USDT:USDT,0.1513,13571.0,0.1512,14841.0,0.1515,8494.0,0.1516,17090.0
1753520891077,09:08:11.077,AI16Z/USDT:USDT,0.1513,13571.0,0.1512,14841.0,0.1515,8494.0,0.1516,17090.0
1753520891180,09:08:11.180,AI16Z/USDT:USDT,0.1513,13571.0,0.1512,14841.0,0.1515,8494.0,0.1516,17090.0
1753520892602,09:08:12.602,AI16Z/USDT:USDT,0.1513,14290.0,0.1512,24087.0,0.1515,8494.0,0.1516,17090.0
1753520892607,09:08:12.607,AI16Z/USDT:USDT,0.1513,14290.0,0.1512,24087.0,0.1515,8494.0,0.1516,17090.0
1753520893587,09:08:13.587,AI16Z/USDT:USDT,0.1513,14290.0,0.1512,24087.0,0.1515,8298.0,0.1516,17090.0
1753520893678,09:08:13.678,AI16Z/USDT:USDT,0.1513,14290.0,0.1512,24087.0,0.1515,8494.0,0.1516,17090.0
1753520893789,09:08:13.789,AI16Z/USDT:USDT,0.1513,10946.0,0.1512,24075.0,0.1514,1940.0,0.1515,8494.0
1753520893847,09:08:13.847,AI16Z/USDT:USDT,0.1513,7990.0,0.1512,24075.0,0.1514,1943.0,0.1515,11288.0
1753520893931,09:08:13.931,AI16Z/USDT:USDT,0.1513,7271.0,0.1512,24794.0,0.1514,1943.0,0.1515,11288.0
1753520894081,09:08:14.081,AI16Z/USDT:USDT,0.1513,7271.0,0.1512,24794.0,0.1514,1943.0,0.1515,11288.0
1753520894109,09:08:14.109,AI16Z/USDT:USDT,0.1513,7271.0,0.1512,24794.0,0.1514,1943.0,0.1515,11288.0
1753520894206,09:08:14.206,AI16Z/USDT:USDT,0.1513,8071.0,0.1512,24794.0,0.1514,3143.0,0.1515,11288.0
1753520894554,09:08:14.554,AI16Z/USDT:USDT,0.1513,8167.0,0.1512,24794.0,0.1514,3143.0,0.1515,11288.0
1753520894608,09:08:14.608,AI16Z/USDT:USDT,0.1513,8167.0,0.1512,24794.0,0.1514,3143.0,0.1515,11288.0
1753520894872,09:08:14.872,AI16Z/USDT:USDT,0.1513,8071.0,0.1512,24794.0,0.1514,3143.0,0.1515,11092.0
