timestamp,time,symbol,bid1_price,bid1_volume,bid2_price,bid2_volume,ask1_price,ask1_volume,ask2_price,ask2_volume
1753531624000,12:07:04.000,BNB/USDT:USDT,780.75,2292.0,780.7,10.0,780.8,764.0,780.9,1627.0
1753531625109,12:07:05.109,BNB/USDT:USDT,780.75,2292.0,780.7,10.0,780.8,764.0,780.9,1703.0
1753531625127,12:07:05.127,BNB/USDT:USDT,780.75,2292.0,780.7,10.0,780.8,764.0,780.9,1703.0
1753531626085,12:07:06.085,BNB/USDT:USDT,780.7,2302.0,780.65,400.0,780.75,957.0,780.8,627.0
1753531626157,12:07:06.157,BNB/USDT:USDT,780.7,2302.0,780.65,400.0,780.75,957.0,780.8,627.0
1753531626303,12:07:06.303,BNB/USDT:USDT,780.7,2302.0,780.65,400.0,780.75,957.0,780.8,627.0
1753531626405,12:07:06.405,BNB/USDT:USDT,780.7,2302.0,780.65,400.0,780.75,957.0,780.8,627.0
1753531626486,12:07:06.486,BNB/USDT:USDT,780.7,2302.0,780.65,400.0,780.75,957.0,780.8,551.0
1753531626571,12:07:06.571,BNB/USDT:USDT,780.7,2302.0,780.65,400.0,780.75,957.0,780.8,551.0
1753531626626,12:07:06.626,BNB/USDT:USDT,780.7,2302.0,780.65,400.0,780.75,957.0,780.8,551.0
1753531626806,12:07:06.806,BNB/USDT:USDT,780.7,2302.0,780.65,400.0,780.75,193.0,780.8,551.0
1753531626894,12:07:06.894,BNB/USDT:USDT,780.7,2302.0,780.65,400.0,780.75,193.0,780.8,551.0
1753531627187,12:07:07.187,BNB/USDT:USDT,780.75,2292.0,780.7,10.0,780.8,764.0,780.9,1703.0
1753531627300,12:07:07.300,BNB/USDT:USDT,780.75,2292.0,780.7,10.0,780.8,764.0,780.9,1703.0
1753531627418,12:07:07.418,BNB/USDT:USDT,780.75,2292.0,780.7,86.0,780.8,764.0,780.9,1627.0
1753531627516,12:07:07.516,BNB/USDT:USDT,780.75,2292.0,780.7,86.0,780.8,764.0,780.9,1627.0
1753531627575,12:07:07.575,BNB/USDT:USDT,780.75,2292.0,780.7,10.0,780.8,764.0,780.9,1627.0
1753531627654,12:07:07.654,BNB/USDT:USDT,780.75,2292.0,780.7,10.0,780.8,764.0,780.9,1627.0
1753531627796,12:07:07.796,BNB/USDT:USDT,780.75,2292.0,780.7,10.0,780.8,764.0,780.9,1627.0
1753531627882,12:07:07.882,BNB/USDT:USDT,780.75,2292.0,780.7,10.0,780.8,764.0,780.9,1627.0
1753531627934,12:07:07.934,BNB/USDT:USDT,780.75,2292.0,780.7,10.0,780.8,764.0,780.9,1627.0
1753531628060,12:07:08.060,BNB/USDT:USDT,780.75,2292.0,780.7,10.0,780.8,764.0,780.9,1627.0
1753531628212,12:07:08.212,BNB/USDT:USDT,780.7,2302.0,780.65,618.0,780.75,764.0,780.9,1627.0
1753531628314,12:07:08.314,BNB/USDT:USDT,780.75,2292.0,780.7,10.0,780.8,764.0,780.9,1099.0
1753531628405,12:07:08.405,BNB/USDT:USDT,780.75,2292.0,780.7,10.0,780.8,764.0,780.9,1627.0
1753531628517,12:07:08.517,BNB/USDT:USDT,780.75,2292.0,780.7,10.0,780.8,764.0,780.9,1627.0
1753531628595,12:07:08.595,BNB/USDT:USDT,780.75,2292.0,780.7,10.0,780.8,764.0,780.9,1627.0
1753531628799,12:07:08.799,BNB/USDT:USDT,780.75,2292.0,780.7,10.0,780.8,764.0,780.9,1627.0
1753531628905,12:07:08.905,BNB/USDT:USDT,780.75,2292.0,780.7,10.0,780.8,764.0,780.9,1627.0
1753531628964,12:07:08.964,BNB/USDT:USDT,780.75,2292.0,780.7,10.0,780.8,764.0,780.9,1627.0
1753531629093,12:07:09.093,BNB/USDT:USDT,780.75,2292.0,780.7,10.0,780.8,764.0,780.9,1627.0
1753531629195,12:07:09.195,BNB/USDT:USDT,780.75,2292.0,780.7,10.0,780.8,764.0,780.9,1627.0
1753531629306,12:07:09.306,BNB/USDT:USDT,780.7,2302.0,780.65,694.0,780.85,1760.0,780.9,1099.0
1753531629420,12:07:09.420,BNB/USDT:USDT,780.7,2302.0,780.65,694.0,780.75,193.0,780.85,1760.0
1753531629523,12:07:09.523,BNB/USDT:USDT,780.7,2302.0,780.65,694.0,780.75,193.0,780.85,1760.0
1753531629588,12:07:09.588,BNB/USDT:USDT,780.7,2302.0,780.65,694.0,780.75,193.0,780.85,1760.0
1753531629693,12:07:09.693,BNB/USDT:USDT,780.7,2302.0,780.65,694.0,780.75,193.0,780.85,1760.0
1753531629884,12:07:09.884,BNB/USDT:USDT,780.7,2302.0,780.65,694.0,780.75,193.0,780.85,1760.0
1753531629988,12:07:09.988,BNB/USDT:USDT,780.7,2302.0,780.65,694.0,780.75,193.0,780.85,1760.0
1753531630081,12:07:10.081,BNB/USDT:USDT,780.7,2302.0,780.65,694.0,780.75,193.0,780.85,1760.0
1753531630222,12:07:10.222,BNB/USDT:USDT,780.7,2302.0,780.65,694.0,780.75,193.0,780.85,1760.0
1753531630317,12:07:10.317,BNB/USDT:USDT,780.7,2302.0,780.65,694.0,780.75,193.0,780.85,1760.0
1753531630407,12:07:10.407,BNB/USDT:USDT,780.7,2302.0,780.65,694.0,780.75,193.0,780.85,1760.0
1753531630586,12:07:10.586,BNB/USDT:USDT,780.7,2302.0,780.65,694.0,780.75,193.0,780.85,1760.0
1753531630713,12:07:10.713,BNB/USDT:USDT,780.7,2302.0,780.65,694.0,780.8,764.0,780.9,1099.0
1753531630816,12:07:10.816,BNB/USDT:USDT,780.75,2292.0,780.7,10.0,780.8,764.0,780.9,1627.0
1753531630921,12:07:10.921,BNB/USDT:USDT,780.75,2292.0,780.7,10.0,780.8,764.0,780.9,1627.0
1753531631005,12:07:11.005,BNB/USDT:USDT,780.75,2292.0,780.7,10.0,780.8,764.0,780.9,1627.0
1753531631077,12:07:11.077,BNB/USDT:USDT,780.75,2292.0,780.7,10.0,780.8,764.0,780.9,1627.0
1753531631192,12:07:11.192,BNB/USDT:USDT,780.75,2292.0,780.7,10.0,780.8,764.0,780.9,1627.0
1753531631305,12:07:11.305,BNB/USDT:USDT,780.75,2292.0,780.7,10.0,780.8,764.0,780.9,1703.0
1753531631386,12:07:11.386,BNB/USDT:USDT,780.75,2292.0,780.7,10.0,780.8,764.0,780.9,798.0
1753531631646,12:07:11.646,BNB/USDT:USDT,780.75,2292.0,780.7,10.0,780.8,764.0,780.9,798.0
1753531631839,12:07:11.839,BNB/USDT:USDT,780.75,2292.0,780.7,10.0,780.8,764.0,780.9,722.0
1753531631928,12:07:11.928,BNB/USDT:USDT,780.75,2292.0,780.7,10.0,780.8,764.0,780.9,722.0
1753531632060,12:07:12.060,BNB/USDT:USDT,780.75,2292.0,780.7,10.0,780.8,764.0,780.9,722.0
1753531632406,12:07:12.406,BNB/USDT:USDT,780.75,2292.0,780.7,10.0,780.8,764.0,780.9,152.0
1753531632475,12:07:12.475,BNB/USDT:USDT,780.75,2292.0,780.7,10.0,780.8,764.0,780.9,1666.0
1753531633205,12:07:13.205,BNB/USDT:USDT,780.8,2292.0,780.7,10.0,780.85,764.0,780.9,604.0
1753531633305,12:07:13.305,BNB/USDT:USDT,780.8,2292.0,780.7,10.0,780.85,764.0,780.9,604.0
1753531633397,12:07:13.397,BNB/USDT:USDT,780.8,2292.0,780.7,10.0,780.85,764.0,780.9,604.0
1753531633518,12:07:13.518,BNB/USDT:USDT,780.8,2292.0,780.7,10.0,780.85,764.0,780.9,604.0
1753531633582,12:07:13.582,BNB/USDT:USDT,780.8,2292.0,780.7,10.0,780.85,764.0,780.9,604.0
1753531633722,12:07:13.722,BNB/USDT:USDT,780.8,2292.0,780.7,10.0,780.85,764.0,780.9,604.0
1753531633816,12:07:13.816,BNB/USDT:USDT,780.8,2292.0,780.7,10.0,780.85,764.0,780.9,604.0
1753531634005,12:07:14.005,BNB/USDT:USDT,780.75,2292.0,780.7,10.0,780.8,193.0,780.85,764.0
1753531634102,12:07:14.102,BNB/USDT:USDT,780.75,2292.0,780.7,10.0,780.8,193.0,780.85,764.0
1753531634145,12:07:14.145,BNB/USDT:USDT,780.75,2292.0,780.7,10.0,780.8,193.0,780.85,764.0
1753531634227,12:07:14.227,BNB/USDT:USDT,780.75,2292.0,780.7,10.0,780.8,193.0,780.85,764.0
1753531634412,12:07:14.412,BNB/USDT:USDT,780.75,2292.0,780.7,10.0,780.8,193.0,780.85,764.0
1753531634507,12:07:14.507,BNB/USDT:USDT,780.75,2292.0,780.7,10.0,780.8,269.0,780.85,840.0
1753531634606,12:07:14.606,BNB/USDT:USDT,780.75,2292.0,780.7,10.0,780.8,269.0,780.85,840.0
1753531634648,12:07:14.648,BNB/USDT:USDT,780.75,2292.0,780.7,10.0,780.8,269.0,780.85,840.0
1753531634741,12:07:14.741,BNB/USDT:USDT,780.75,2292.0,780.7,10.0,780.8,1033.0,780.85,76.0
1753531634913,12:07:14.913,BNB/USDT:USDT,780.7,2302.0,780.6,542.0,780.75,957.0,780.8,1062.0
1753531635020,12:07:15.020,BNB/USDT:USDT,780.7,2302.0,780.6,542.0,780.75,957.0,780.8,1613.0
1753531635093,12:07:15.093,BNB/USDT:USDT,780.7,2302.0,780.6,400.0,780.75,957.0,780.8,1613.0
1753531635213,12:07:15.213,BNB/USDT:USDT,780.7,2302.0,780.6,400.0,780.75,957.0,780.8,1613.0
1753531635302,12:07:15.302,BNB/USDT:USDT,780.7,2302.0,780.6,476.0,780.75,957.0,780.8,1613.0
1753531635386,12:07:15.386,BNB/USDT:USDT,780.7,2302.0,780.6,476.0,780.75,957.0,780.8,1613.0
1753531635507,12:07:15.507,BNB/USDT:USDT,780.7,2302.0,780.6,476.0,780.75,957.0,780.8,627.0
1753531635573,12:07:15.573,BNB/USDT:USDT,780.7,2302.0,780.6,476.0,780.75,957.0,780.8,627.0
1753531635667,12:07:15.667,BNB/USDT:USDT,780.7,2302.0,780.6,552.0,780.75,957.0,780.8,627.0
1753531635754,12:07:15.754,BNB/USDT:USDT,780.7,2302.0,780.6,552.0,780.75,957.0,780.8,627.0
1753531635917,12:07:15.917,BNB/USDT:USDT,780.7,2302.0,780.6,400.0,780.75,957.0,780.8,551.0
1753531635985,12:07:15.985,BNB/USDT:USDT,780.7,2302.0,780.6,400.0,780.75,957.0,780.8,551.0
1753531636118,12:07:16.118,BNB/USDT:USDT,780.7,2302.0,780.6,400.0,780.75,957.0,780.8,551.0
1753531636128,12:07:16.128,BNB/USDT:USDT,780.7,2302.0,780.6,400.0,780.75,957.0,780.8,551.0
1753531636316,12:07:16.316,BNB/USDT:USDT,780.7,2302.0,780.6,400.0,780.75,957.0,780.8,551.0
1753531636386,12:07:16.386,BNB/USDT:USDT,780.7,2302.0,780.6,400.0,780.75,957.0,780.8,551.0
1753531636477,12:07:16.477,BNB/USDT:USDT,780.7,2302.0,780.6,400.0,780.75,957.0,780.8,551.0
1753531636620,12:07:16.620,BNB/USDT:USDT,780.7,10.0,780.6,400.0,780.75,1033.0,780.8,627.0
1753531636716,12:07:16.716,BNB/USDT:USDT,780.7,10.0,780.6,400.0,780.75,1109.0,780.8,703.0
1753531636822,12:07:16.822,BNB/USDT:USDT,780.7,10.0,780.6,400.0,780.75,1109.0,780.8,703.0
1753531636870,12:07:16.870,BNB/USDT:USDT,780.7,10.0,780.6,400.0,780.75,1109.0,780.8,703.0
1753531637008,12:07:17.008,BNB/USDT:USDT,780.7,10.0,780.6,400.0,780.75,1109.0,780.8,703.0
1753531637046,12:07:17.046,BNB/USDT:USDT,780.7,10.0,780.6,400.0,780.75,1109.0,780.8,703.0
1753531637218,12:07:17.218,BNB/USDT:USDT,780.7,10.0,780.6,400.0,780.75,1109.0,780.8,703.0
1753531637285,12:07:17.285,BNB/USDT:USDT,780.7,10.0,780.6,400.0,780.75,1109.0,780.8,703.0
1753531637383,12:07:17.383,BNB/USDT:USDT,780.7,10.0,780.6,400.0,780.75,1109.0,780.8,703.0
1753531637436,12:07:17.436,BNB/USDT:USDT,780.7,10.0,780.6,400.0,780.75,1109.0,780.8,703.0
1753531637652,12:07:17.652,BNB/USDT:USDT,780.7,10.0,780.6,400.0,780.75,1109.0,780.8,703.0
1753531637906,12:07:17.906,BNB/USDT:USDT,780.7,10.0,780.6,400.0,780.75,1109.0,780.8,703.0
1753531638018,12:07:18.018,BNB/USDT:USDT,780.7,10.0,780.6,400.0,780.75,1109.0,780.8,703.0
1753531638114,12:07:18.114,BNB/USDT:USDT,780.7,10.0,780.6,400.0,780.75,1109.0,780.8,703.0
1753531638171,12:07:18.171,BNB/USDT:USDT,780.7,10.0,780.6,400.0,780.75,1109.0,780.8,703.0
1753531638285,12:07:18.285,BNB/USDT:USDT,780.7,10.0,780.6,400.0,780.75,1109.0,780.8,703.0
1753531638474,12:07:18.474,BNB/USDT:USDT,780.7,10.0,780.6,400.0,780.75,1109.0,780.8,703.0
1753531639509,12:07:19.509,BNB/USDT:USDT,780.7,10.0,780.6,400.0,780.75,1033.0,780.8,627.0
1753531639532,12:07:19.532,BNB/USDT:USDT,780.7,10.0,780.6,400.0,780.75,1033.0,780.8,627.0
1753531639707,12:07:19.707,BNB/USDT:USDT,780.7,10.0,780.6,400.0,780.75,1033.0,780.8,627.0
1753531639865,12:07:19.865,BNB/USDT:USDT,780.7,10.0,780.6,400.0,780.75,1033.0,780.8,627.0
1753531639926,12:07:19.926,BNB/USDT:USDT,780.7,10.0,780.6,400.0,780.75,1033.0,780.8,627.0
1753531640084,12:07:20.084,BNB/USDT:USDT,780.7,10.0,780.6,400.0,780.75,1109.0,780.8,703.0
1753531640218,12:07:20.218,BNB/USDT:USDT,780.7,10.0,780.6,400.0,780.75,1109.0,780.8,703.0
1753531640265,12:07:20.265,BNB/USDT:USDT,780.7,10.0,780.6,400.0,780.75,1109.0,780.8,703.0
1753531640409,12:07:20.409,BNB/USDT:USDT,780.7,10.0,780.6,400.0,780.75,1109.0,780.8,703.0
1753531640798,12:07:20.798,BNB/USDT:USDT,780.7,10.0,780.6,400.0,780.75,1033.0,780.8,627.0
1753531641013,12:07:21.013,BNB/USDT:USDT,780.7,10.0,780.6,400.0,780.75,1033.0,780.8,627.0
1753531641042,12:07:21.042,BNB/USDT:USDT,780.7,10.0,780.6,400.0,780.75,1033.0,780.8,627.0
1753531641351,12:07:21.351,BNB/USDT:USDT,780.7,10.0,780.6,400.0,780.75,1033.0,780.8,627.0
1753531641475,12:07:21.475,BNB/USDT:USDT,780.7,10.0,780.6,400.0,780.75,1033.0,780.8,627.0
1753531641606,12:07:21.606,BNB/USDT:USDT,780.7,10.0,780.6,400.0,780.75,1033.0,780.8,627.0
1753531641696,12:07:21.696,BNB/USDT:USDT,780.7,10.0,780.6,400.0,780.75,1033.0,780.8,627.0
1753531642004,12:07:22.004,BNB/USDT:USDT,780.7,10.0,780.6,400.0,780.75,1033.0,780.8,627.0
1753531642100,12:07:22.100,BNB/USDT:USDT,780.7,10.0,780.6,400.0,780.75,1033.0,780.8,627.0
1753531642300,12:07:22.300,BNB/USDT:USDT,780.7,10.0,780.6,400.0,780.75,1033.0,780.8,627.0
1753531642385,12:07:22.385,BNB/USDT:USDT,780.7,10.0,780.6,400.0,780.75,1033.0,780.8,627.0
1753531642498,12:07:22.498,BNB/USDT:USDT,780.7,10.0,780.6,400.0,780.75,1033.0,780.8,627.0
1753531642764,12:07:22.764,BNB/USDT:USDT,780.7,10.0,780.6,400.0,780.75,1033.0,780.8,627.0
1753531643405,12:07:23.405,BNB/USDT:USDT,780.7,10.0,780.6,400.0,780.75,1033.0,780.8,627.0
1753531644000,12:07:24.000,BNB/USDT:USDT,780.7,10.0,780.6,400.0,780.75,1033.0,780.8,627.0
1753531644283,12:07:24.283,BNB/USDT:USDT,780.7,10.0,780.6,400.0,780.75,1033.0,780.8,627.0
1753531644475,12:07:24.475,BNB/USDT:USDT,780.7,10.0,780.6,400.0,780.75,1033.0,780.8,627.0
1753531644545,12:07:24.545,BNB/USDT:USDT,780.7,10.0,780.6,400.0,780.75,1033.0,780.8,627.0
1753531645020,12:07:25.020,BNB/USDT:USDT,780.7,10.0,780.6,400.0,780.75,1033.0,780.8,627.0
1753531645035,12:07:25.035,BNB/USDT:USDT,780.7,10.0,780.6,400.0,780.75,1033.0,780.8,627.0
1753531645136,12:07:25.136,BNB/USDT:USDT,780.7,10.0,780.6,400.0,780.75,1033.0,780.8,627.0
1753531645303,12:07:25.303,BNB/USDT:USDT,780.7,10.0,780.6,400.0,780.75,1033.0,780.8,627.0
1753531645509,12:07:25.509,BNB/USDT:USDT,780.7,10.0,780.6,400.0,780.75,1033.0,780.8,627.0
1753531645593,12:07:25.593,BNB/USDT:USDT,780.7,10.0,780.6,400.0,780.75,1109.0,780.8,703.0
1753531645705,12:07:25.705,BNB/USDT:USDT,780.7,10.0,780.6,400.0,780.75,1109.0,780.8,703.0
1753531646007,12:07:26.007,BNB/USDT:USDT,780.7,10.0,780.6,400.0,780.75,1109.0,780.8,1826.0
1753531646047,12:07:26.047,BNB/USDT:USDT,780.7,10.0,780.6,400.0,780.75,2103.0,780.8,1826.0
1753531646580,12:07:26.580,BNB/USDT:USDT,780.7,10.0,780.6,400.0,780.75,2103.0,780.8,1826.0
1753531646702,12:07:26.702,BNB/USDT:USDT,780.7,10.0,780.6,400.0,780.75,2103.0,780.8,1826.0
1753531646886,12:07:26.886,BNB/USDT:USDT,780.7,10.0,780.6,400.0,780.75,2103.0,780.8,1826.0
1753531647005,12:07:27.005,BNB/USDT:USDT,780.7,10.0,780.6,400.0,780.75,2103.0,780.8,1826.0
1753531647208,12:07:27.208,BNB/USDT:USDT,780.7,10.0,780.6,400.0,780.75,2103.0,780.8,1826.0
1753531647314,12:07:27.314,BNB/USDT:USDT,780.7,10.0,780.6,400.0,780.75,2103.0,780.8,1826.0
1753531647514,12:07:27.514,BNB/USDT:USDT,780.7,10.0,780.6,400.0,780.75,2103.0,780.8,1826.0
1753531647594,12:07:27.594,BNB/USDT:USDT,780.7,10.0,780.6,400.0,780.75,2103.0,780.8,1826.0
1753531647688,12:07:27.688,BNB/USDT:USDT,780.7,10.0,780.6,400.0,780.75,2103.0,780.8,1826.0
1753531647919,12:07:27.919,BNB/USDT:USDT,780.7,10.0,780.6,400.0,780.75,2027.0,780.8,1750.0
1753531648117,12:07:28.117,BNB/USDT:USDT,780.7,10.0,780.6,400.0,780.75,2027.0,780.8,1750.0
1753531648208,12:07:28.208,BNB/USDT:USDT,780.7,10.0,780.6,400.0,780.75,1951.0,780.8,1674.0
1753531648301,12:07:28.301,BNB/USDT:USDT,780.7,10.0,780.6,400.0,780.75,1951.0,780.8,1674.0
1753531648512,12:07:28.512,BNB/USDT:USDT,780.7,10.0,780.6,400.0,780.75,1951.0,780.8,1674.0
1753531648541,12:07:28.541,BNB/USDT:USDT,780.7,10.0,780.6,400.0,780.75,1951.0,780.8,1674.0
1753531648634,12:07:28.634,BNB/USDT:USDT,780.7,10.0,780.6,400.0,780.75,1951.0,780.8,1674.0
1753531648736,12:07:28.736,BNB/USDT:USDT,780.7,10.0,780.6,400.0,780.75,1951.0,780.8,1674.0
1753531649125,12:07:29.125,BNB/USDT:USDT,780.7,10.0,780.6,400.0,780.75,1951.0,780.8,1674.0
1753531650021,12:07:30.021,BNB/USDT:USDT,780.7,10.0,780.6,400.0,780.75,2027.0,780.8,1750.0
1753531650047,12:07:30.047,BNB/USDT:USDT,780.7,10.0,780.6,400.0,780.75,2027.0,780.8,1750.0
1753531650220,12:07:30.220,BNB/USDT:USDT,780.7,10.0,780.6,400.0,780.75,2103.0,780.8,1826.0
1753531650237,12:07:30.237,BNB/USDT:USDT,780.7,10.0,780.6,400.0,780.75,2103.0,780.8,1826.0
1753531650393,12:07:30.393,BNB/USDT:USDT,780.7,10.0,780.6,400.0,780.75,2103.0,780.8,1826.0
1753531650443,12:07:30.443,BNB/USDT:USDT,780.7,10.0,780.6,400.0,780.75,2103.0,780.8,1826.0
1753531650572,12:07:30.572,BNB/USDT:USDT,780.7,10.0,780.6,400.0,780.75,2103.0,780.8,1826.0
1753531651021,12:07:31.021,BNB/USDT:USDT,780.7,10.0,780.55,20.0,780.75,2103.0,780.8,5028.0
1753531651034,12:07:31.034,BNB/USDT:USDT,780.7,10.0,780.55,20.0,780.75,2103.0,780.8,5028.0
1753531651185,12:07:31.185,BNB/USDT:USDT,780.7,10.0,780.55,20.0,780.75,2103.0,780.8,5028.0
1753531651279,12:07:31.279,BNB/USDT:USDT,780.7,10.0,780.55,20.0,780.75,2503.0,780.8,5028.0
1753531651514,12:07:31.514,BNB/USDT:USDT,780.7,10.0,780.55,20.0,780.75,2503.0,780.8,5028.0
1753531652011,12:07:32.011,BNB/USDT:USDT,780.7,10.0,780.55,20.0,780.75,2503.0,780.8,5028.0
1753531652207,12:07:32.207,BNB/USDT:USDT,780.7,10.0,780.55,20.0,780.75,2503.0,780.8,5028.0
1753531652367,12:07:32.367,BNB/USDT:USDT,780.7,10.0,780.55,20.0,780.75,2503.0,780.8,5028.0
1753531653016,12:07:33.016,BNB/USDT:USDT,780.7,10.0,780.55,20.0,780.75,2503.0,780.8,5028.0
1753531653026,12:07:33.026,BNB/USDT:USDT,780.7,10.0,780.55,20.0,780.75,2503.0,780.8,5028.0
1753531653193,12:07:33.193,BNB/USDT:USDT,780.7,10.0,780.55,20.0,780.75,2503.0,780.8,5028.0
1753531653475,12:07:33.475,BNB/USDT:USDT,780.7,10.0,780.55,20.0,780.75,2503.0,780.8,5028.0
1753531653595,12:07:33.595,BNB/USDT:USDT,780.7,10.0,780.55,20.0,780.75,2503.0,780.8,5028.0
1753531653824,12:07:33.824,BNB/USDT:USDT,780.7,10.0,780.55,20.0,780.75,2503.0,780.8,5028.0
1753531653854,12:07:33.854,BNB/USDT:USDT,780.7,10.0,780.55,20.0,780.75,2503.0,780.8,5028.0
1753531654155,12:07:34.155,BNB/USDT:USDT,780.7,10.0,780.55,20.0,780.75,2503.0,780.8,5028.0
1753531654408,12:07:34.408,BNB/USDT:USDT,780.7,10.0,780.55,20.0,780.75,2503.0,780.8,5028.0
1753531654517,12:07:34.517,BNB/USDT:USDT,780.7,10.0,780.55,20.0,780.75,2524.0,780.8,4952.0
1753531654605,12:07:34.605,BNB/USDT:USDT,780.7,10.0,780.55,20.0,780.75,2503.0,780.8,5028.0
1753531654687,12:07:34.687,BNB/USDT:USDT,780.7,10.0,780.55,20.0,780.75,2503.0,780.8,5028.0
1753531654782,12:07:34.782,BNB/USDT:USDT,780.7,10.0,780.55,20.0,780.75,2503.0,780.8,5028.0
1753531654898,12:07:34.898,BNB/USDT:USDT,780.7,10.0,780.55,20.0,780.75,2503.0,780.8,5028.0
1753531655004,12:07:35.004,BNB/USDT:USDT,780.7,10.0,780.55,20.0,780.75,2503.0,780.8,5028.0
1753531655112,12:07:35.112,BNB/USDT:USDT,780.7,10.0,780.55,20.0,780.75,2503.0,780.8,5028.0
1753531655162,12:07:35.162,BNB/USDT:USDT,780.7,10.0,780.55,20.0,780.75,2503.0,780.8,5028.0
1753531655252,12:07:35.252,BNB/USDT:USDT,780.7,10.0,780.55,20.0,780.75,2503.0,780.8,5028.0
1753531655358,12:07:35.358,BNB/USDT:USDT,780.7,10.0,780.55,20.0,780.75,2503.0,780.8,5028.0
1753531655496,12:07:35.496,BNB/USDT:USDT,780.7,10.0,780.55,20.0,780.75,2503.0,780.8,5028.0
1753531655612,12:07:35.612,BNB/USDT:USDT,780.7,10.0,780.55,20.0,780.75,2645.0,780.8,5028.0
1753531655722,12:07:35.722,BNB/USDT:USDT,780.7,10.0,780.55,20.0,780.75,2645.0,780.8,5028.0
1753531655814,12:07:35.814,BNB/USDT:USDT,780.7,10.0,780.55,20.0,780.75,2645.0,780.8,5028.0
1753531655826,12:07:35.826,BNB/USDT:USDT,780.7,10.0,780.55,20.0,780.75,2645.0,780.8,5028.0
1753531656023,12:07:36.023,BNB/USDT:USDT,780.7,10.0,780.55,20.0,780.75,2645.0,780.8,5028.0
1753531656040,12:07:36.040,BNB/USDT:USDT,780.7,10.0,780.55,20.0,780.75,2645.0,780.8,5028.0
1753531656220,12:07:36.220,BNB/USDT:USDT,780.55,20.0,780.5,400.0,780.6,957.0,780.65,152.0
1753531656311,12:07:36.311,BNB/USDT:USDT,780.55,20.0,780.5,400.0,780.6,957.0,780.65,798.0
1753531656384,12:07:36.384,BNB/USDT:USDT,780.55,20.0,780.5,400.0,780.6,957.0,780.65,798.0
1753531656490,12:07:36.490,BNB/USDT:USDT,780.55,20.0,780.5,400.0,780.6,957.0,780.65,798.0
1753531656594,12:07:36.594,BNB/USDT:USDT,780.55,20.0,780.5,400.0,780.6,957.0,780.65,798.0
1753531656719,12:07:36.719,BNB/USDT:USDT,780.55,20.0,780.45,400.0,780.6,1958.0,780.65,798.0
1753531656808,12:07:36.808,BNB/USDT:USDT,780.55,20.0,780.45,400.0,780.6,1958.0,780.65,798.0
1753531656910,12:07:36.910,BNB/USDT:USDT,780.55,20.0,780.45,400.0,780.6,1958.0,780.65,798.0
1753531657006,12:07:37.006,BNB/USDT:USDT,780.55,20.0,780.45,400.0,780.6,1958.0,780.65,798.0
1753531657108,12:07:37.108,BNB/USDT:USDT,780.55,20.0,780.45,400.0,780.6,1958.0,780.65,798.0
1753531657192,12:07:37.192,BNB/USDT:USDT,780.55,20.0,780.45,400.0,780.6,1958.0,780.65,798.0
1753531657306,12:07:37.306,BNB/USDT:USDT,780.55,20.0,780.45,400.0,780.6,1958.0,780.65,798.0
1753531657386,12:07:37.386,BNB/USDT:USDT,780.55,20.0,780.45,400.0,780.6,1958.0,780.65,1363.0
1753531657521,12:07:37.521,BNB/USDT:USDT,780.55,20.0,780.45,400.0,780.6,1958.0,780.65,1363.0
1753531657584,12:07:37.584,BNB/USDT:USDT,780.55,20.0,780.45,400.0,780.6,1958.0,780.65,1363.0
1753531657720,12:07:37.720,BNB/USDT:USDT,780.55,10.0,780.45,400.0,780.6,1958.0,780.65,1211.0
1753531657818,12:07:37.818,BNB/USDT:USDT,780.55,10.0,780.45,400.0,780.6,1958.0,780.65,1211.0
1753531657908,12:07:37.908,BNB/USDT:USDT,780.55,10.0,780.45,400.0,780.6,1958.0,780.65,1211.0
1753531658006,12:07:38.006,BNB/USDT:USDT,780.55,10.0,780.45,400.0,780.6,1958.0,780.65,1211.0
1753531658108,12:07:38.108,BNB/USDT:USDT,780.55,10.0,780.45,400.0,780.6,1958.0,780.65,1211.0
1753531658161,12:07:38.161,BNB/USDT:USDT,780.55,10.0,780.45,400.0,780.6,1958.0,780.65,1211.0
1753531658280,12:07:38.280,BNB/USDT:USDT,780.55,10.0,780.45,400.0,780.6,1958.0,780.65,1211.0
1753531658350,12:07:38.350,BNB/USDT:USDT,780.55,10.0,780.45,400.0,780.6,1958.0,780.65,1211.0
1753531658509,12:07:38.509,BNB/USDT:USDT,780.55,10.0,780.45,400.0,780.6,1958.0,780.65,1211.0
1753531658617,12:07:38.617,BNB/USDT:USDT,780.55,10.0,780.45,400.0,780.6,2110.0,780.65,1389.0
1753531658696,12:07:38.696,BNB/USDT:USDT,780.55,10.0,780.45,400.0,780.6,2110.0,780.65,1389.0
1753531658788,12:07:38.788,BNB/USDT:USDT,780.55,10.0,780.45,400.0,780.6,2110.0,780.65,1389.0
1753531658831,12:07:38.831,BNB/USDT:USDT,780.55,10.0,780.45,400.0,780.6,2110.0,780.65,1389.0
1753531659011,12:07:39.011,BNB/USDT:USDT,780.55,10.0,780.45,400.0,780.6,2110.0,780.65,1389.0
1753531659109,12:07:39.109,BNB/USDT:USDT,780.55,10.0,780.45,400.0,780.6,2110.0,780.65,1389.0
1753531659211,12:07:39.211,BNB/USDT:USDT,780.55,10.0,780.45,400.0,780.6,2110.0,780.65,1389.0
1753531659302,12:07:39.302,BNB/USDT:USDT,780.55,10.0,780.45,400.0,780.6,2110.0,780.65,1389.0
1753531659514,12:07:39.514,BNB/USDT:USDT,780.55,10.0,780.45,400.0,780.6,2110.0,780.65,1389.0
1753531659601,12:07:39.601,BNB/USDT:USDT,780.55,10.0,780.45,400.0,780.6,2110.0,780.65,1389.0
1753531659904,12:07:39.904,BNB/USDT:USDT,780.55,10.0,780.45,400.0,780.6,2110.0,780.65,1389.0
1753531660113,12:07:40.113,BNB/USDT:USDT,780.55,10.0,780.45,400.0,780.6,2110.0,780.65,1389.0
1753531660126,12:07:40.126,BNB/USDT:USDT,780.55,10.0,780.45,400.0,780.6,2110.0,780.65,1389.0
1753531660385,12:07:40.385,BNB/USDT:USDT,780.55,10.0,780.45,400.0,780.6,2110.0,780.65,1389.0
1753531660537,12:07:40.537,BNB/USDT:USDT,780.55,10.0,780.45,400.0,780.6,2110.0,780.65,1389.0
1753531660714,12:07:40.714,BNB/USDT:USDT,780.55,10.0,780.45,400.0,780.6,2110.0,780.65,1389.0
1753531661048,12:07:41.048,BNB/USDT:USDT,780.55,10.0,780.45,400.0,780.6,2100.0,780.65,1389.0
1753531661316,12:07:41.316,BNB/USDT:USDT,780.55,10.0,780.45,400.0,780.6,2100.0,780.65,1389.0
1753531661616,12:07:41.616,BNB/USDT:USDT,780.55,10.0,780.45,400.0,780.6,2100.0,780.65,1389.0
1753531661690,12:07:41.690,BNB/USDT:USDT,780.55,10.0,780.45,400.0,780.6,2100.0,780.65,1389.0
1753531661964,12:07:41.964,BNB/USDT:USDT,780.55,10.0,780.45,400.0,780.6,2100.0,780.65,1389.0
1753531662108,12:07:42.108,BNB/USDT:USDT,780.55,10.0,780.45,400.0,780.6,2100.0,780.65,1389.0
1753531662141,12:07:42.141,BNB/USDT:USDT,780.55,10.0,780.45,400.0,780.6,2100.0,780.65,1389.0
1753531662406,12:07:42.406,BNB/USDT:USDT,780.45,2692.0,780.4,151.0,780.5,947.0,780.55,646.0
1753531662486,12:07:42.486,BNB/USDT:USDT,780.45,2692.0,780.4,151.0,780.5,947.0,780.55,646.0
1753531662621,12:07:42.621,BNB/USDT:USDT,780.45,2692.0,780.4,151.0,780.5,947.0,780.55,646.0
1753531662684,12:07:42.684,BNB/USDT:USDT,780.45,2692.0,780.4,151.0,780.5,947.0,780.55,646.0
1753531662787,12:07:42.787,BNB/USDT:USDT,780.45,2692.0,780.4,151.0,780.5,947.0,780.55,646.0
1753531663123,12:07:43.123,BNB/USDT:USDT,780.45,2692.0,780.4,151.0,780.5,193.0,780.55,646.0
1753531663216,12:07:43.216,BNB/USDT:USDT,780.45,2691.0,780.4,151.0,780.5,947.0,780.55,646.0
1753531663300,12:07:43.300,BNB/USDT:USDT,780.4,75.0,780.35,11114.0,780.5,947.0,780.55,646.0
1753531663408,12:07:43.408,BNB/USDT:USDT,780.4,75.0,780.35,11684.0,780.5,947.0,780.55,682.0
1753531663519,12:07:43.519,BNB/USDT:USDT,780.4,1227.0,780.35,10768.0,780.55,2974.0,780.65,646.0
1753531663612,12:07:43.612,BNB/USDT:USDT,780.4,1207.0,780.35,10794.0,780.55,2292.0,780.65,646.0
1753531663674,12:07:43.674,BNB/USDT:USDT,780.4,1207.0,780.35,10794.0,780.55,2292.0,780.6,36.0
1753531663798,12:07:43.798,BNB/USDT:USDT,780.4,1207.0,780.35,10794.0,780.55,2292.0,780.6,36.0
1753531663854,12:07:43.854,BNB/USDT:USDT,780.4,1207.0,780.35,10794.0,780.55,2292.0,780.6,36.0
1753531664005,12:07:44.005,BNB/USDT:USDT,780.4,1207.0,780.35,10794.0,780.55,2292.0,780.6,36.0
1753531664120,12:07:44.120,BNB/USDT:USDT,780.4,1207.0,780.35,10794.0,780.55,2292.0,780.6,36.0
1753531664214,12:07:44.214,BNB/USDT:USDT,780.4,1607.0,780.35,10794.0,780.6,2328.0,780.65,646.0
1753531664305,12:07:44.305,BNB/USDT:USDT,780.4,1607.0,780.35,10794.0,780.6,2328.0,780.65,646.0
1753531664378,12:07:44.378,BNB/USDT:USDT,780.4,1607.0,780.35,10794.0,780.6,2328.0,780.65,646.0
1753531664446,12:07:44.446,BNB/USDT:USDT,780.4,1607.0,780.35,10794.0,780.6,2328.0,780.65,646.0
1753531664583,12:07:44.583,BNB/USDT:USDT,780.4,1607.0,780.35,10794.0,780.6,2328.0,780.65,646.0
1753531664642,12:07:44.642,BNB/USDT:USDT,780.4,1607.0,780.35,10794.0,780.6,2328.0,780.65,646.0
1753531664806,12:07:44.806,BNB/USDT:USDT,780.4,1607.0,780.35,10794.0,780.6,2328.0,780.65,646.0
1753531664923,12:07:44.923,BNB/USDT:USDT,780.55,20.0,780.4,1607.0,780.6,2328.0,780.65,646.0
1753531665013,12:07:45.013,BNB/USDT:USDT,780.55,20.0,780.45,400.0,780.6,2292.0,780.65,682.0
1753531665120,12:07:45.120,BNB/USDT:USDT,780.55,20.0,780.45,400.0,780.6,2292.0,780.65,758.0
1753531665223,12:07:45.223,BNB/USDT:USDT,780.55,20.0,780.45,400.0,780.6,2292.0,780.65,758.0
1753531665246,12:07:45.246,BNB/USDT:USDT,780.55,20.0,780.45,400.0,780.6,2292.0,780.65,758.0
1753531665403,12:07:45.403,BNB/USDT:USDT,780.55,20.0,780.45,400.0,780.6,2292.0,780.65,758.0
1753531665507,12:07:45.507,BNB/USDT:USDT,780.55,20.0,780.45,400.0,780.6,2292.0,780.65,758.0
1753531665558,12:07:45.558,BNB/USDT:USDT,780.55,20.0,780.45,400.0,780.6,2292.0,780.65,758.0
1753531665658,12:07:45.658,BNB/USDT:USDT,780.55,20.0,780.45,400.0,780.6,2292.0,780.65,758.0
1753531665817,12:07:45.817,BNB/USDT:USDT,780.55,20.0,780.45,400.0,780.6,2282.0,780.65,758.0
1753531665893,12:07:45.893,BNB/USDT:USDT,780.55,20.0,780.45,400.0,780.6,2282.0,780.65,758.0
1753531665986,12:07:45.986,BNB/USDT:USDT,780.55,20.0,780.45,400.0,780.6,2282.0,780.65,758.0
1753531666100,12:07:46.100,BNB/USDT:USDT,780.55,20.0,780.45,400.0,780.6,2282.0,780.65,758.0
1753531666161,12:07:46.161,BNB/USDT:USDT,780.55,20.0,780.45,400.0,780.6,2282.0,780.65,758.0
1753531666252,12:07:46.252,BNB/USDT:USDT,780.55,20.0,780.45,400.0,780.6,2282.0,780.65,758.0
1753531666417,12:07:46.417,BNB/USDT:USDT,780.55,20.0,780.45,476.0,780.6,2282.0,780.65,682.0
1753531666507,12:07:46.507,BNB/USDT:USDT,780.55,20.0,780.45,618.0,780.6,2292.0,780.65,682.0
1753531666556,12:07:46.556,BNB/USDT:USDT,780.55,20.0,780.45,618.0,780.6,2292.0,780.65,682.0
1753531666668,12:07:46.668,BNB/USDT:USDT,780.55,20.0,780.45,618.0,780.6,2292.0,780.65,682.0
1753531666811,12:07:46.811,BNB/USDT:USDT,780.55,20.0,780.45,618.0,780.6,2292.0,780.65,682.0
1753531666900,12:07:46.900,BNB/USDT:USDT,780.55,20.0,780.45,542.0,780.6,2292.0,780.65,758.0
1753531666988,12:07:46.988,BNB/USDT:USDT,780.55,20.0,780.45,542.0,780.6,2292.0,780.65,758.0
1753531667109,12:07:47.109,BNB/USDT:USDT,780.55,20.0,780.45,542.0,780.6,2292.0,780.65,758.0
1753531667210,12:07:47.210,BNB/USDT:USDT,780.55,20.0,780.45,542.0,780.6,2292.0,780.65,758.0
1753531667319,12:07:47.319,BNB/USDT:USDT,780.55,10.0,780.45,542.0,780.6,2292.0,780.65,758.0
1753531667414,12:07:47.414,BNB/USDT:USDT,780.55,10.0,780.45,542.0,780.6,2292.0,780.65,758.0
1753531667490,12:07:47.490,BNB/USDT:USDT,780.55,10.0,780.45,542.0,780.6,2292.0,780.65,758.0
1753531667595,12:07:47.595,BNB/USDT:USDT,780.55,10.0,780.45,542.0,780.6,2292.0,780.65,758.0
1753531667707,12:07:47.707,BNB/USDT:USDT,780.55,10.0,780.45,400.0,780.6,2292.0,780.65,758.0
1753531667820,12:07:47.820,BNB/USDT:USDT,780.55,10.0,780.45,400.0,780.6,2292.0,780.65,758.0
1753531667916,12:07:47.916,BNB/USDT:USDT,780.55,10.0,780.45,400.0,780.6,2292.0,780.65,758.0
1753531668104,12:07:48.104,BNB/USDT:USDT,780.55,10.0,780.45,400.0,780.6,2292.0,780.65,758.0
1753531668293,12:07:48.293,BNB/USDT:USDT,780.55,10.0,780.45,400.0,780.6,2292.0,780.65,758.0
1753531668417,12:07:48.417,BNB/USDT:USDT,780.55,10.0,780.45,400.0,780.6,2292.0,780.65,682.0
1753531668502,12:07:48.502,BNB/USDT:USDT,780.55,10.0,780.45,400.0,780.6,2292.0,780.65,682.0
1753531668593,12:07:48.593,BNB/USDT:USDT,780.55,10.0,780.45,400.0,780.6,2292.0,780.65,682.0
1753531668641,12:07:48.641,BNB/USDT:USDT,780.55,10.0,780.45,400.0,780.6,2292.0,780.65,682.0
1753531668781,12:07:48.781,BNB/USDT:USDT,780.55,10.0,780.45,400.0,780.6,2292.0,780.65,682.0
1753531668914,12:07:48.914,BNB/USDT:USDT,780.55,10.0,780.45,400.0,780.6,2292.0,780.65,682.0
1753531669007,12:07:49.007,BNB/USDT:USDT,780.55,10.0,780.45,400.0,780.6,2292.0,780.65,682.0
1753531669115,12:07:49.115,BNB/USDT:USDT,780.55,10.0,780.45,400.0,780.6,2292.0,780.65,682.0
1753531669222,12:07:49.222,BNB/USDT:USDT,780.55,10.0,780.45,400.0,780.6,2292.0,780.65,682.0
1753531669372,12:07:49.372,BNB/USDT:USDT,780.55,10.0,780.45,400.0,780.6,2292.0,780.65,682.0
1753531669517,12:07:49.517,BNB/USDT:USDT,780.55,10.0,780.45,400.0,780.6,2292.0,780.65,682.0
1753531669570,12:07:49.570,BNB/USDT:USDT,780.55,10.0,780.45,400.0,780.6,2292.0,780.65,682.0
1753531669684,12:07:49.684,BNB/USDT:USDT,780.55,10.0,780.45,400.0,780.6,2292.0,780.65,682.0
1753531669799,12:07:49.799,BNB/USDT:USDT,780.55,10.0,780.45,400.0,780.6,2292.0,780.65,682.0
1753531669863,12:07:49.863,BNB/USDT:USDT,780.55,10.0,780.45,400.0,780.6,2292.0,780.65,682.0
1753531670012,12:07:50.012,BNB/USDT:USDT,780.55,10.0,780.45,400.0,780.6,2292.0,780.65,682.0
1753531670120,12:07:50.120,BNB/USDT:USDT,780.55,10.0,780.45,400.0,780.6,2292.0,780.65,682.0
1753531670268,12:07:50.268,BNB/USDT:USDT,780.55,10.0,780.45,400.0,780.6,2292.0,780.65,682.0
1753531670328,12:07:50.328,BNB/USDT:USDT,780.55,10.0,780.45,400.0,780.6,2292.0,780.65,682.0
1753531670456,12:07:50.456,BNB/USDT:USDT,780.55,10.0,780.45,400.0,780.6,2292.0,780.65,682.0
1753531670577,12:07:50.577,BNB/USDT:USDT,780.55,10.0,780.45,400.0,780.6,2292.0,780.65,682.0
1753531670692,12:07:50.692,BNB/USDT:USDT,780.55,10.0,780.45,400.0,780.6,2282.0,780.65,682.0
1753531670784,12:07:50.784,BNB/USDT:USDT,780.55,10.0,780.45,400.0,780.6,2282.0,780.65,682.0
1753531670914,12:07:50.914,BNB/USDT:USDT,780.55,10.0,780.45,400.0,780.6,2282.0,780.65,682.0
1753531671020,12:07:51.020,BNB/USDT:USDT,780.55,10.0,780.45,400.0,780.6,2282.0,780.65,682.0
1753531671120,12:07:51.120,BNB/USDT:USDT,780.55,10.0,780.45,400.0,780.6,2434.0,780.65,834.0
1753531671222,12:07:51.222,BNB/USDT:USDT,780.55,10.0,780.45,400.0,780.6,2434.0,780.65,834.0
1753531671306,12:07:51.306,BNB/USDT:USDT,780.55,10.0,780.45,400.0,780.6,2434.0,780.65,834.0
1753531671405,12:07:51.405,BNB/USDT:USDT,780.55,10.0,780.45,400.0,780.6,2434.0,780.65,834.0
1753531671521,12:07:51.521,BNB/USDT:USDT,780.55,10.0,780.45,400.0,780.6,2434.0,780.65,834.0
1753531671585,12:07:51.585,BNB/USDT:USDT,780.55,10.0,780.45,400.0,780.6,2434.0,780.65,834.0
1753531671706,12:07:51.706,BNB/USDT:USDT,780.55,10.0,780.45,400.0,780.6,2434.0,780.65,834.0
1753531671782,12:07:51.782,BNB/USDT:USDT,780.55,10.0,780.45,400.0,780.6,2434.0,780.65,834.0
1753531671885,12:07:51.885,BNB/USDT:USDT,780.55,10.0,780.45,400.0,780.6,2434.0,780.65,834.0
1753531672020,12:07:52.020,BNB/USDT:USDT,780.45,430.0,780.4,4532.0,780.6,2358.0,780.65,758.0
1753531672089,12:07:52.089,BNB/USDT:USDT,780.5,30.0,780.45,400.0,780.55,2485.0,780.65,834.0
1753531672175,12:07:52.175,BNB/USDT:USDT,780.5,30.0,780.45,400.0,780.55,2485.0,780.65,834.0
1753531672263,12:07:52.263,BNB/USDT:USDT,780.5,30.0,780.45,400.0,780.55,2485.0,780.65,834.0
1753531672406,12:07:52.406,BNB/USDT:USDT,780.5,30.0,780.45,400.0,780.55,2485.0,780.65,834.0
1753531672511,12:07:52.511,BNB/USDT:USDT,780.5,30.0,780.45,400.0,780.55,2485.0,780.65,834.0
1753531672615,12:07:52.615,BNB/USDT:USDT,780.5,30.0,780.45,400.0,780.55,2485.0,780.65,834.0
1753531672817,12:07:52.817,BNB/USDT:USDT,780.5,30.0,780.45,400.0,780.55,2485.0,780.65,834.0
1753531672874,12:07:52.874,BNB/USDT:USDT,780.5,30.0,780.45,400.0,780.55,2485.0,780.65,834.0
1753531672964,12:07:52.964,BNB/USDT:USDT,780.5,30.0,780.45,400.0,780.55,2485.0,780.65,834.0
1753531673089,12:07:53.089,BNB/USDT:USDT,780.5,30.0,780.45,400.0,780.55,2485.0,780.65,834.0
1753531673173,12:07:53.173,BNB/USDT:USDT,780.5,30.0,780.45,400.0,780.55,2485.0,780.65,834.0
1753531673320,12:07:53.320,BNB/USDT:USDT,780.5,30.0,780.45,400.0,780.55,2485.0,780.65,834.0
1753531673417,12:07:53.417,BNB/USDT:USDT,780.5,30.0,780.45,400.0,780.55,2485.0,780.65,834.0
1753531673498,12:07:53.498,BNB/USDT:USDT,780.5,30.0,780.45,400.0,780.55,2485.0,780.65,834.0
1753531673555,12:07:53.555,BNB/USDT:USDT,780.5,30.0,780.45,400.0,780.55,2485.0,780.65,834.0
1753531673640,12:07:53.640,BNB/USDT:USDT,780.5,30.0,780.45,400.0,780.55,2485.0,780.65,834.0
1753531673787,12:07:53.787,BNB/USDT:USDT,780.5,30.0,780.45,400.0,780.55,2485.0,780.65,834.0
1753531674006,12:07:54.006,BNB/USDT:USDT,780.5,30.0,780.45,400.0,780.55,2485.0,780.65,834.0
1753531674060,12:07:54.060,BNB/USDT:USDT,780.5,30.0,780.45,400.0,780.55,2485.0,780.65,834.0
1753531674125,12:07:54.125,BNB/USDT:USDT,780.5,30.0,780.45,400.0,780.55,2485.0,780.65,834.0
1753531674260,12:07:54.260,BNB/USDT:USDT,780.5,30.0,780.45,400.0,780.55,2485.0,780.65,834.0
1753531674400,12:07:54.400,BNB/USDT:USDT,780.5,30.0,780.45,400.0,780.55,2485.0,780.65,834.0
1753531674505,12:07:54.505,BNB/USDT:USDT,780.5,10.0,780.45,400.0,780.55,2485.0,780.65,834.0
1753531674607,12:07:54.607,BNB/USDT:USDT,780.5,10.0,780.45,400.0,780.55,2485.0,780.65,834.0
1753531674796,12:07:54.796,BNB/USDT:USDT,780.5,10.0,780.45,400.0,780.55,2485.0,780.65,834.0
1753531674904,12:07:54.904,BNB/USDT:USDT,780.5,10.0,780.45,400.0,780.55,2485.0,780.65,834.0
1753531674953,12:07:54.953,BNB/USDT:USDT,780.5,10.0,780.45,400.0,780.55,2485.0,780.65,834.0
1753531675118,12:07:55.118,BNB/USDT:USDT,780.5,10.0,780.45,400.0,780.55,2485.0,780.65,834.0
1753531675170,12:07:55.170,BNB/USDT:USDT,780.5,10.0,780.45,400.0,780.55,2485.0,780.65,860.0
1753531675284,12:07:55.284,BNB/USDT:USDT,780.5,10.0,780.45,400.0,780.55,2485.0,780.65,860.0
1753531675407,12:07:55.407,BNB/USDT:USDT,780.5,10.0,780.45,400.0,780.55,2475.0,780.65,860.0
1753531675517,12:07:55.517,BNB/USDT:USDT,780.5,10.0,780.45,400.0,780.55,2475.0,780.65,860.0
1753531675623,12:07:55.623,BNB/USDT:USDT,780.5,10.0,780.45,400.0,780.55,2475.0,780.65,834.0
1753531675720,12:07:55.720,BNB/USDT:USDT,780.5,10.0,780.45,400.0,780.55,2475.0,780.65,834.0
1753531675916,12:07:55.916,BNB/USDT:USDT,780.5,10.0,780.45,400.0,780.55,2455.0,780.65,834.0
1753531676008,12:07:56.008,BNB/USDT:USDT,780.5,10.0,780.45,400.0,780.55,2455.0,780.65,834.0
1753531676117,12:07:56.117,BNB/USDT:USDT,780.45,400.0,780.4,3446.0,780.5,193.0,780.55,627.0
1753531676206,12:07:56.206,BNB/USDT:USDT,780.45,400.0,780.4,3446.0,780.5,193.0,780.55,627.0
1753531676305,12:07:56.305,BNB/USDT:USDT,780.45,400.0,780.4,3446.0,780.5,193.0,780.55,627.0
1753531676408,12:07:56.408,BNB/USDT:USDT,780.45,400.0,780.4,3446.0,780.5,193.0,780.55,551.0
1753531676501,12:07:56.501,BNB/USDT:USDT,780.45,400.0,780.4,3446.0,780.5,193.0,780.55,551.0
1753531676557,12:07:56.557,BNB/USDT:USDT,780.45,400.0,780.4,3446.0,780.5,193.0,780.55,551.0
1753531676672,12:07:56.672,BNB/USDT:USDT,780.45,400.0,780.4,3446.0,780.5,193.0,780.55,551.0
1753531676799,12:07:56.799,BNB/USDT:USDT,780.45,390.0,780.4,3446.0,780.5,193.0,780.55,551.0
1753531676878,12:07:56.878,BNB/USDT:USDT,780.45,390.0,780.4,3446.0,780.5,193.0,780.55,551.0
1753531676985,12:07:56.985,BNB/USDT:USDT,780.45,390.0,780.4,3446.0,780.5,193.0,780.55,551.0
1753531677111,12:07:57.111,BNB/USDT:USDT,780.45,390.0,780.4,3446.0,780.5,193.0,780.55,551.0
1753531677161,12:07:57.161,BNB/USDT:USDT,780.45,390.0,780.4,3446.0,780.5,193.0,780.55,551.0
1753531677306,12:07:57.306,BNB/USDT:USDT,780.45,390.0,780.4,3446.0,780.5,193.0,780.55,551.0
1753531677377,12:07:57.377,BNB/USDT:USDT,780.45,390.0,780.4,3446.0,780.5,193.0,780.55,551.0
1753531677506,12:07:57.506,BNB/USDT:USDT,780.45,390.0,780.4,3446.0,780.5,193.0,780.55,551.0
1753531677615,12:07:57.615,BNB/USDT:USDT,780.45,390.0,780.4,3446.0,780.5,193.0,780.55,551.0
1753531677719,12:07:57.719,BNB/USDT:USDT,780.45,390.0,780.4,3446.0,780.55,2843.0,780.65,36.0
1753531677800,12:07:57.800,BNB/USDT:USDT,780.45,390.0,780.4,3446.0,780.55,2292.0,780.65,646.0
1753531677923,12:07:57.923,BNB/USDT:USDT,780.45,390.0,780.4,3446.0,780.55,2292.0,780.6,36.0
1753531678015,12:07:58.015,BNB/USDT:USDT,780.45,390.0,780.4,3446.0,780.5,2292.0,780.6,36.0
1753531678118,12:07:58.118,BNB/USDT:USDT,780.45,390.0,780.4,3446.0,780.5,2292.0,780.6,1760.0
1753531678206,12:07:58.206,BNB/USDT:USDT,780.45,390.0,780.4,3446.0,780.5,2292.0,780.55,528.0
1753531678313,12:07:58.313,BNB/USDT:USDT,780.45,390.0,780.4,3446.0,780.5,2292.0,780.55,528.0
1753531678401,12:07:58.401,BNB/USDT:USDT,780.45,390.0,780.4,3446.0,780.5,2292.0,780.55,528.0
1753531678500,12:07:58.500,BNB/USDT:USDT,780.45,390.0,780.4,3446.0,780.5,2292.0,780.55,528.0
1753531678580,12:07:58.580,BNB/USDT:USDT,780.45,390.0,780.4,3446.0,780.5,2292.0,780.55,528.0
1753531678689,12:07:58.689,BNB/USDT:USDT,780.45,390.0,780.4,3446.0,780.5,2292.0,780.55,528.0
1753531678737,12:07:58.737,BNB/USDT:USDT,780.45,390.0,780.4,3446.0,780.5,2292.0,780.55,528.0
1753531678906,12:07:58.906,BNB/USDT:USDT,780.45,466.0,780.4,3446.0,780.55,2292.0,780.65,1644.0
1753531679013,12:07:59.013,BNB/USDT:USDT,780.45,466.0,780.4,3446.0,780.55,2292.0,780.65,1644.0
1753531679105,12:07:59.105,BNB/USDT:USDT,780.45,466.0,780.4,3446.0,780.55,2292.0,780.65,1644.0
1753531679218,12:07:59.218,BNB/USDT:USDT,780.45,466.0,780.4,3446.0,780.55,2292.0,780.65,1568.0
1753531679284,12:07:59.284,BNB/USDT:USDT,780.45,466.0,780.4,3446.0,780.55,2292.0,780.65,1568.0
1753531679394,12:07:59.394,BNB/USDT:USDT,780.45,446.0,780.4,3446.0,780.55,2292.0,780.65,1568.0
1753531679510,12:07:59.510,BNB/USDT:USDT,780.45,370.0,780.4,3446.0,780.55,2292.0,780.65,1568.0
1753531679588,12:07:59.588,BNB/USDT:USDT,780.45,1566.0,780.4,3598.0,780.6,2292.0,780.65,36.0
1753531679705,12:07:59.705,BNB/USDT:USDT,780.45,1566.0,780.4,3598.0,780.6,2292.0,780.65,36.0
1753531679802,12:07:59.802,BNB/USDT:USDT,780.45,1566.0,780.4,3598.0,780.6,2292.0,780.65,564.0
1753531679866,12:07:59.866,BNB/USDT:USDT,780.45,1566.0,780.4,3598.0,780.6,2292.0,780.65,564.0
1753531679988,12:07:59.988,BNB/USDT:USDT,780.45,1566.0,780.4,3598.0,780.6,2292.0,780.65,716.0
1753531680092,12:08:00.092,BNB/USDT:USDT,780.45,1566.0,780.4,3598.0,780.6,2292.0,780.65,716.0
1753531680222,12:08:00.222,BNB/USDT:USDT,780.45,1566.0,780.4,3598.0,780.6,2292.0,780.65,716.0
1753531680320,12:08:00.320,BNB/USDT:USDT,780.45,1490.0,780.4,3446.0,780.6,2282.0,780.65,716.0
1753531680332,12:08:00.332,BNB/USDT:USDT,780.45,1490.0,780.4,3446.0,780.6,2282.0,780.65,716.0
1753531680489,12:08:00.489,BNB/USDT:USDT,780.45,1490.0,780.4,3522.0,780.6,2282.0,780.65,716.0
1753531680569,12:08:00.569,BNB/USDT:USDT,780.45,1490.0,780.4,3522.0,780.6,2282.0,780.65,716.0
1753531680720,12:08:00.720,BNB/USDT:USDT,780.45,1490.0,780.4,3522.0,780.6,2282.0,780.65,716.0
1753531680804,12:08:00.804,BNB/USDT:USDT,780.55,20.0,780.45,1490.0,780.6,2282.0,780.65,716.0
1753531680968,12:08:00.968,BNB/USDT:USDT,780.55,20.0,780.45,1490.0,780.6,2282.0,780.65,640.0
1753531681061,12:08:01.061,BNB/USDT:USDT,780.55,20.0,780.45,1490.0,780.6,2282.0,780.65,640.0
1753531681165,12:08:01.165,BNB/USDT:USDT,780.55,20.0,780.45,1490.0,780.6,2282.0,780.65,640.0
1753531681388,12:08:01.388,BNB/USDT:USDT,780.55,20.0,780.45,1490.0,780.6,2282.0,780.65,640.0
1753531681478,12:08:01.478,BNB/USDT:USDT,780.55,20.0,780.45,1490.0,780.6,2282.0,780.65,640.0
1753531681591,12:08:01.591,BNB/USDT:USDT,780.55,20.0,780.45,1490.0,780.6,2282.0,780.65,640.0
1753531681687,12:08:01.687,BNB/USDT:USDT,780.55,10.0,780.45,1490.0,780.6,2282.0,780.65,640.0
1753531682006,12:08:02.006,BNB/USDT:USDT,780.55,10.0,780.45,1490.0,780.6,2282.0,780.65,640.0
1753531682044,12:08:02.044,BNB/USDT:USDT,780.55,10.0,780.45,1348.0,780.6,2282.0,780.65,640.0
1753531682305,12:08:02.305,BNB/USDT:USDT,780.55,10.0,780.45,1348.0,780.6,2358.0,780.65,716.0
1753531682407,12:08:02.407,BNB/USDT:USDT,780.55,10.0,780.45,1348.0,780.6,2358.0,780.65,716.0
1753531682509,12:08:02.509,BNB/USDT:USDT,780.55,10.0,780.45,1348.0,780.6,2358.0,780.65,716.0
1753531682607,12:08:02.607,BNB/USDT:USDT,780.55,10.0,780.45,1348.0,780.6,2358.0,780.65,716.0
1753531682744,12:08:02.744,BNB/USDT:USDT,780.55,10.0,780.45,1348.0,780.6,2358.0,780.65,716.0
1753531682853,12:08:02.853,BNB/USDT:USDT,780.55,10.0,780.45,1348.0,780.6,2358.0,780.65,716.0
1753531683013,12:08:03.013,BNB/USDT:USDT,780.55,10.0,780.45,370.0,780.6,2358.0,780.65,716.0
1753531683119,12:08:03.119,BNB/USDT:USDT,780.55,10.0,780.45,370.0,780.6,2358.0,780.65,716.0
1753531683475,12:08:03.475,BNB/USDT:USDT,780.55,10.0,780.45,370.0,780.6,2358.0,780.65,716.0
1753531683547,12:08:03.547,BNB/USDT:USDT,780.55,10.0,780.45,370.0,780.6,2358.0,780.65,716.0
1753531684008,12:08:04.008,BNB/USDT:USDT,780.55,10.0,780.45,370.0,780.6,2358.0,780.65,716.0
1753531684108,12:08:04.108,BNB/USDT:USDT,780.55,10.0,780.45,370.0,780.6,2358.0,780.65,716.0
1753531684209,12:08:04.209,BNB/USDT:USDT,780.55,10.0,780.45,370.0,780.6,2358.0,780.65,716.0
1753531684368,12:08:04.368,BNB/USDT:USDT,780.55,10.0,780.45,370.0,780.6,2358.0,780.65,716.0
1753531684499,12:08:04.499,BNB/USDT:USDT,780.55,10.0,780.45,370.0,780.6,2358.0,780.65,716.0
1753531684620,12:08:04.620,BNB/USDT:USDT,780.55,10.0,780.45,370.0,780.6,2282.0,780.65,640.0
1753531684704,12:08:04.704,BNB/USDT:USDT,780.55,10.0,780.45,446.0,780.6,2282.0,780.65,640.0
1753531684901,12:08:04.901,BNB/USDT:USDT,780.55,10.0,780.45,446.0,780.6,2282.0,780.65,640.0
1753531685005,12:08:05.005,BNB/USDT:USDT,780.55,10.0,780.45,446.0,780.6,2282.0,780.65,640.0
1753531685073,12:08:05.073,BNB/USDT:USDT,780.55,10.0,780.45,446.0,780.6,2272.0,780.65,640.0
1753531685190,12:08:05.190,BNB/USDT:USDT,780.55,10.0,780.45,370.0,780.6,2272.0,780.65,640.0
1753531685374,12:08:05.374,BNB/USDT:USDT,780.55,10.0,780.45,370.0,780.6,2272.0,780.65,640.0
1753531686013,12:08:06.013,BNB/USDT:USDT,780.55,10.0,780.45,370.0,780.6,2272.0,780.65,640.0
1753531686026,12:08:06.026,BNB/USDT:USDT,780.55,10.0,780.45,370.0,780.6,2272.0,780.65,640.0
1753531686213,12:08:06.213,BNB/USDT:USDT,780.55,10.0,780.45,370.0,780.6,2272.0,780.65,640.0
1753531686511,12:08:06.511,BNB/USDT:USDT,780.5,30.0,780.45,370.0,780.55,193.0,780.6,2272.0
1753531686611,12:08:06.611,BNB/USDT:USDT,780.5,30.0,780.45,370.0,780.55,193.0,780.6,2272.0
1753531686879,12:08:06.879,BNB/USDT:USDT,780.5,30.0,780.45,370.0,780.55,193.0,780.6,2272.0
1753531686951,12:08:06.951,BNB/USDT:USDT,780.5,30.0,780.45,370.0,780.55,193.0,780.6,2272.0
1753531687214,12:08:07.214,BNB/USDT:USDT,780.5,10.0,780.45,370.0,780.55,2485.0,780.65,1618.0
1753531687296,12:08:07.296,BNB/USDT:USDT,780.5,10.0,780.45,370.0,780.55,2485.0,780.65,1618.0
1753531687497,12:08:07.497,BNB/USDT:USDT,780.5,10.0,780.45,370.0,780.55,2485.0,780.65,1618.0
1753531687645,12:08:07.645,BNB/USDT:USDT,780.5,10.0,780.45,370.0,780.55,2485.0,780.65,1618.0
1753531688123,12:08:08.123,BNB/USDT:USDT,780.7,1634.0,780.65,298.0,780.8,1352.0,780.9,646.0
1753531688221,12:08:08.221,BNB/USDT:USDT,780.85,1703.0,780.8,76.0,780.9,36.0,781.0,1758.0
1753531688317,12:08:08.317,BNB/USDT:USDT,780.95,1485.0,780.85,218.0,781.0,1571.0,781.05,1356.0
1753531688420,12:08:08.420,BNB/USDT:USDT,780.95,1485.0,780.85,1196.0,781.0,1571.0,781.05,1356.0
1753531688506,12:08:08.506,BNB/USDT:USDT,780.95,1485.0,780.85,1272.0,781.0,1571.0,781.05,1356.0
1753531688610,12:08:08.610,BNB/USDT:USDT,780.9,1485.0,780.85,1272.0,781.0,1571.0,781.05,1356.0
1753531688719,12:08:08.719,BNB/USDT:USDT,780.95,1485.0,780.9,34.0,781.0,1571.0,781.05,1356.0
1753531688811,12:08:08.811,BNB/USDT:USDT,780.95,1485.0,780.85,1196.0,781.0,1571.0,781.05,1356.0
1753531689003,12:08:09.003,BNB/USDT:USDT,780.95,1485.0,780.85,1272.0,781.0,1571.0,781.05,1356.0
1753531689123,12:08:09.123,BNB/USDT:USDT,780.95,1485.0,780.85,1272.0,781.0,1571.0,781.05,1356.0
1753531689206,12:08:09.206,BNB/USDT:USDT,780.95,1485.0,780.85,1272.0,781.0,1571.0,781.05,1356.0
1753531689313,12:08:09.313,BNB/USDT:USDT,780.95,1485.0,780.85,1272.0,781.05,1575.0,781.1,1261.0
1753531689406,12:08:09.406,BNB/USDT:USDT,780.95,1485.0,780.9,34.0,781.0,1571.0,781.05,650.0
1753531689512,12:08:09.512,BNB/USDT:USDT,780.95,1485.0,780.85,1272.0,781.0,1571.0,781.05,650.0
1753531689621,12:08:09.621,BNB/USDT:USDT,780.95,1485.0,780.85,1272.0,781.05,2221.0,781.1,646.0
1753531689682,12:08:09.682,BNB/USDT:USDT,780.95,1485.0,780.9,34.0,781.05,1575.0,781.1,646.0
1753531689806,12:08:09.806,BNB/USDT:USDT,780.95,1485.0,780.9,34.0,781.05,1571.0,781.1,650.0
1753531689881,12:08:09.881,BNB/USDT:USDT,780.95,1485.0,780.9,34.0,781.05,1571.0,781.1,650.0
1753531690018,12:08:10.018,BNB/USDT:USDT,780.95,1485.0,780.9,34.0,781.05,1647.0,781.1,726.0
1753531690179,12:08:10.179,BNB/USDT:USDT,780.95,1485.0,780.9,34.0,781.05,1647.0,781.1,726.0
1753531690285,12:08:10.285,BNB/USDT:USDT,780.95,1485.0,780.9,34.0,781.05,1647.0,781.1,80.0
1753531690509,12:08:10.509,BNB/USDT:USDT,780.95,1485.0,780.9,34.0,781.05,1647.0,781.1,80.0
1753531690581,12:08:10.581,BNB/USDT:USDT,780.95,1485.0,780.9,34.0,781.05,1571.0,781.1,4.0
1753531690668,12:08:10.668,BNB/USDT:USDT,780.95,1485.0,780.9,34.0,781.05,1571.0,781.1,4.0
1753531690854,12:08:10.854,BNB/USDT:USDT,781.0,1485.0,780.9,1025.0,781.05,1571.0,781.1,4.0
1753531691005,12:08:11.005,BNB/USDT:USDT,781.0,1485.0,780.9,991.0,781.05,1571.0,781.1,4.0
1753531691120,12:08:11.120,BNB/USDT:USDT,781.0,1485.0,780.9,991.0,781.05,1571.0,781.1,4.0
1753531691208,12:08:11.208,BNB/USDT:USDT,781.0,1485.0,780.9,991.0,781.05,1571.0,781.1,4.0
1753531691320,12:08:11.320,BNB/USDT:USDT,780.95,1485.0,780.9,1133.0,781.0,335.0,781.05,1571.0
1753531691415,12:08:11.415,BNB/USDT:USDT,780.95,1485.0,780.9,1133.0,781.0,335.0,781.05,2099.0
1753531691453,12:08:11.453,BNB/USDT:USDT,780.95,1485.0,780.9,1133.0,781.0,335.0,781.05,2099.0
1753531691530,12:08:11.530,BNB/USDT:USDT,780.95,1485.0,780.9,1133.0,781.0,335.0,781.05,2099.0
1753531691723,12:08:11.723,BNB/USDT:USDT,780.95,1485.0,780.9,1133.0,781.0,335.0,781.05,2099.0
1753531691823,12:08:11.823,BNB/USDT:USDT,780.95,1485.0,780.9,1133.0,781.0,335.0,781.05,2099.0
1753531691861,12:08:11.861,BNB/USDT:USDT,780.95,1485.0,780.9,1133.0,781.0,335.0,781.05,2099.0
1753531692015,12:08:12.015,BNB/USDT:USDT,780.95,1485.0,780.9,1133.0,781.0,335.0,781.05,2099.0
1753531692088,12:08:12.088,BNB/USDT:USDT,780.95,1485.0,780.9,1133.0,781.0,335.0,781.05,2099.0
1753531692193,12:08:12.193,BNB/USDT:USDT,780.95,1485.0,780.9,1133.0,781.0,142.0,781.05,2217.0
1753531692282,12:08:12.282,BNB/USDT:USDT,780.95,1485.0,780.9,1133.0,781.0,142.0,781.05,2217.0
1753531692381,12:08:12.381,BNB/USDT:USDT,780.95,1485.0,780.9,1133.0,781.0,142.0,781.05,2217.0
1753531692512,12:08:12.512,BNB/USDT:USDT,780.95,1485.0,780.9,1133.0,781.0,142.0,781.05,2217.0
1753531692549,12:08:12.549,BNB/USDT:USDT,780.95,1485.0,780.9,142.0,781.0,142.0,781.05,2217.0
1753531692685,12:08:12.685,BNB/USDT:USDT,780.95,1485.0,780.9,142.0,781.0,142.0,781.05,2293.0
1753531692783,12:08:12.783,BNB/USDT:USDT,780.95,1485.0,780.9,142.0,781.0,142.0,781.05,2293.0
1753531692848,12:08:12.848,BNB/USDT:USDT,780.95,1485.0,780.9,142.0,781.0,142.0,781.05,2293.0
1753531693070,12:08:13.070,BNB/USDT:USDT,780.95,1485.0,780.9,142.0,781.0,142.0,781.05,2293.0
1753531693219,12:08:13.219,BNB/USDT:USDT,780.95,1485.0,780.9,142.0,781.0,142.0,781.05,2293.0
1753531693320,12:08:13.320,BNB/USDT:USDT,780.95,1485.0,780.9,142.0,781.0,142.0,781.05,2293.0
1753531693423,12:08:13.423,BNB/USDT:USDT,780.95,1485.0,780.9,142.0,781.0,1713.0,781.05,722.0
1753531693485,12:08:13.485,BNB/USDT:USDT,780.95,1485.0,780.9,142.0,781.0,1713.0,781.05,722.0
1753531693606,12:08:13.606,BNB/USDT:USDT,780.95,1485.0,780.9,142.0,781.0,1713.0,781.05,722.0
1753531693720,12:08:13.720,BNB/USDT:USDT,780.95,1485.0,780.9,142.0,781.0,1713.0,781.05,722.0
1753531693813,12:08:13.813,BNB/USDT:USDT,780.95,1485.0,780.9,142.0,781.0,1713.0,781.05,722.0
1753531693906,12:08:13.906,BNB/USDT:USDT,780.9,1485.0,780.85,142.0,780.95,142.0,781.0,1571.0
1753531694007,12:08:14.007,BNB/USDT:USDT,780.95,1485.0,780.85,142.0,781.0,1571.0,781.05,722.0
1753531694122,12:08:14.122,BNB/USDT:USDT,780.95,1485.0,780.85,1133.0,781.0,1571.0,781.05,722.0
1753531694175,12:08:14.175,BNB/USDT:USDT,780.95,1485.0,780.85,1133.0,781.0,1571.0,781.05,722.0
1753531694306,12:08:14.306,BNB/USDT:USDT,780.95,1485.0,780.85,1133.0,781.0,1571.0,781.05,722.0
1753531694394,12:08:14.394,BNB/USDT:USDT,780.95,1485.0,780.85,1133.0,781.0,1571.0,781.05,722.0
1753531694810,12:08:14.810,BNB/USDT:USDT,780.95,1485.0,780.9,76.0,781.0,1571.0,781.05,722.0
1753531695024,12:08:15.024,BNB/USDT:USDT,781.05,1776.0,781.0,2354.0,781.1,4.0,781.25,1757.0
1753531695120,12:08:15.120,BNB/USDT:USDT,781.15,1485.0,781.05,1779.0,781.2,1571.0,781.25,4.0
1753531695206,12:08:15.206,BNB/USDT:USDT,781.15,1485.0,781.05,1779.0,781.2,1716.0,781.3,607.0
1753531695306,12:08:15.306,BNB/USDT:USDT,781.15,1485.0,781.05,1779.0,781.2,1716.0,781.3,607.0
1753531695786,12:08:15.786,BNB/USDT:USDT,781.15,1485.0,781.05,1779.0,781.2,1716.0,781.3,607.0
1753531695826,12:08:15.826,BNB/USDT:USDT,781.15,1485.0,781.05,1779.0,781.2,1716.0,781.3,607.0
1753531695942,12:08:15.942,BNB/USDT:USDT,781.15,1485.0,781.05,1779.0,781.2,1716.0,781.3,1598.0
1753531696091,12:08:16.091,BNB/USDT:USDT,781.1,1485.0,781.05,788.0,781.2,1716.0,781.3,1598.0
1753531696224,12:08:16.224,BNB/USDT:USDT,781.0,34.0,780.9,400.0,781.05,2897.0,781.1,26.0
1753531696306,12:08:16.306,BNB/USDT:USDT,780.9,1885.0,780.85,1675.0,780.95,1571.0,781.05,1326.0
1753531696409,12:08:16.409,BNB/USDT:USDT,780.9,1885.0,780.85,1675.0,780.95,1571.0,781.05,991.0
1753531696486,12:08:16.486,BNB/USDT:USDT,780.9,1885.0,780.85,1675.0,780.95,1571.0,781.05,2213.0
1753531696585,12:08:16.585,BNB/USDT:USDT,780.9,1885.0,780.85,1675.0,780.95,1571.0,781.05,2213.0
1753531696680,12:08:16.680,BNB/USDT:USDT,780.9,1885.0,780.85,1675.0,780.95,1571.0,781.05,2213.0
1753531696813,12:08:16.813,BNB/USDT:USDT,780.9,1885.0,780.85,1675.0,780.95,1571.0,781.05,2213.0
1753531697003,12:08:17.003,BNB/USDT:USDT,780.9,1885.0,780.85,1675.0,780.95,1571.0,781.05,2213.0
1753531697049,12:08:17.049,BNB/USDT:USDT,780.9,1885.0,780.85,1675.0,780.95,1571.0,781.05,2213.0
1753531697202,12:08:17.202,BNB/USDT:USDT,780.9,1885.0,780.85,1675.0,780.95,1571.0,781.05,2213.0
1753531697336,12:08:17.336,BNB/USDT:USDT,780.9,1885.0,780.85,1675.0,780.95,1571.0,781.05,2213.0
1753531697506,12:08:17.506,BNB/USDT:USDT,780.9,1885.0,780.85,1675.0,780.95,1571.0,781.05,2213.0
1753531697543,12:08:17.543,BNB/USDT:USDT,780.9,1885.0,780.85,1675.0,780.95,1571.0,781.05,2213.0
1753531697772,12:08:17.772,BNB/USDT:USDT,780.9,1885.0,780.85,1675.0,780.95,1571.0,781.05,2213.0
1753531697875,12:08:17.875,BNB/USDT:USDT,780.9,1885.0,780.85,1675.0,780.95,1571.0,781.05,2213.0
1753531698008,12:08:18.008,BNB/USDT:USDT,780.9,1885.0,780.85,1675.0,780.95,1571.0,781.05,2213.0
1753531698108,12:08:18.108,BNB/USDT:USDT,780.9,2027.0,780.85,1675.0,781.0,1571.0,781.05,4.0
1753531698217,12:08:18.217,BNB/USDT:USDT,780.9,1919.0,780.85,1675.0,780.95,1571.0,781.05,1270.0
1753531698311,12:08:18.311,BNB/USDT:USDT,780.9,1885.0,780.85,1709.0,780.95,1571.0,781.05,1274.0
1753531698404,12:08:18.404,BNB/USDT:USDT,780.9,1885.0,780.85,1709.0,780.95,1571.0,781.05,1274.0
1753531698521,12:08:18.521,BNB/USDT:USDT,780.9,1885.0,780.85,1709.0,781.0,1571.0,781.05,1274.0
1753531698598,12:08:18.598,BNB/USDT:USDT,780.9,1885.0,780.85,1675.0,781.0,1571.0,781.05,1270.0
1753531698633,12:08:18.633,BNB/USDT:USDT,780.9,1885.0,780.85,1675.0,781.0,1571.0,781.05,1270.0
1753531698822,12:08:18.822,BNB/USDT:USDT,780.9,1885.0,780.85,1675.0,781.0,1571.0,781.05,1270.0
1753531698915,12:08:18.915,BNB/USDT:USDT,780.9,1885.0,780.85,1675.0,781.0,1571.0,781.05,1270.0
1753531699010,12:08:19.010,BNB/USDT:USDT,780.9,1885.0,780.85,1675.0,781.0,1571.0,781.05,1270.0
1753531699056,12:08:19.056,BNB/USDT:USDT,780.9,1885.0,780.85,1675.0,781.0,1571.0,781.05,1270.0
1753531699157,12:08:19.157,BNB/USDT:USDT,780.9,1885.0,780.85,1675.0,781.0,1571.0,781.05,1270.0
1753531699270,12:08:19.270,BNB/USDT:USDT,780.9,1885.0,780.85,1675.0,781.0,1571.0,781.05,1270.0
1753531699376,12:08:19.376,BNB/USDT:USDT,780.9,1885.0,780.85,1675.0,781.0,1571.0,781.05,1270.0
1753531699496,12:08:19.496,BNB/USDT:USDT,780.9,1885.0,780.85,1675.0,780.95,1571.0,781.05,1270.0
1753531699578,12:08:19.578,BNB/USDT:USDT,780.9,1913.0,780.85,1675.0,780.95,1571.0,781.05,1274.0
1753531699709,12:08:19.709,BNB/USDT:USDT,780.9,1913.0,780.85,1675.0,780.95,1571.0,781.05,1274.0
1753531699769,12:08:19.769,BNB/USDT:USDT,780.9,1913.0,780.85,1675.0,780.95,1571.0,781.05,1274.0
1753531699911,12:08:19.911,BNB/USDT:USDT,780.9,1913.0,780.85,1675.0,780.95,1571.0,781.05,1274.0
1753531700021,12:08:20.021,BNB/USDT:USDT,780.9,1913.0,780.85,1675.0,780.95,1764.0,781.05,650.0
1753531700106,12:08:20.106,BNB/USDT:USDT,780.9,1913.0,780.85,1675.0,780.95,193.0,781.05,1274.0
1753531700198,12:08:20.198,BNB/USDT:USDT,780.9,1913.0,780.85,1675.0,780.95,1764.0,781.05,1274.0
1753531700325,12:08:20.325,BNB/USDT:USDT,780.9,1913.0,780.85,1675.0,780.95,1764.0,781.05,1274.0
1753531700512,12:08:20.512,BNB/USDT:USDT,780.9,1913.0,780.85,1675.0,780.95,1764.0,781.05,1274.0
1753531700623,12:08:20.623,BNB/USDT:USDT,780.9,1913.0,780.85,1675.0,780.95,1764.0,781.05,1274.0
1753531700666,12:08:20.666,BNB/USDT:USDT,780.9,1913.0,780.85,1675.0,780.95,1764.0,781.05,1274.0
1753531700793,12:08:20.793,BNB/USDT:USDT,780.9,1913.0,780.85,1675.0,780.95,1764.0,781.05,1274.0
1753531700888,12:08:20.888,BNB/USDT:USDT,780.9,1913.0,780.85,1675.0,780.95,1764.0,781.05,1274.0
1753531701021,12:08:21.021,BNB/USDT:USDT,780.9,28.0,780.85,142.0,780.95,1764.0,781.05,1426.0
1753531701118,12:08:21.118,BNB/USDT:USDT,780.8,1222.0,780.75,5211.0,780.9,1764.0,780.95,1353.0
1753531701213,12:08:21.213,BNB/USDT:USDT,780.85,1485.0,780.8,1222.0,780.9,1764.0,781.0,4510.0
1753531701323,12:08:21.323,BNB/USDT:USDT,780.85,1627.0,780.8,1080.0,780.9,335.0,780.95,4.0
1753531701401,12:08:21.401,BNB/USDT:USDT,780.85,1627.0,780.8,1080.0,780.9,193.0,780.95,4.0
1753531701519,12:08:21.519,BNB/USDT:USDT,780.85,1627.0,780.8,1080.0,780.9,193.0,780.95,4.0
1753531701571,12:08:21.571,BNB/USDT:USDT,780.85,1627.0,780.8,1080.0,780.9,193.0,780.95,4.0
1753531701721,12:08:21.721,BNB/USDT:USDT,780.85,1627.0,780.8,1080.0,780.9,193.0,780.95,4.0
1753531701790,12:08:21.790,BNB/USDT:USDT,780.9,1627.0,780.85,76.0,780.95,197.0,781.05,1756.0
1753531701899,12:08:21.899,BNB/USDT:USDT,780.9,1755.0,780.85,76.0,780.95,193.0,781.0,4.0
1753531702023,12:08:22.023,BNB/USDT:USDT,780.9,1755.0,780.85,76.0,780.95,193.0,781.0,4.0
1753531702109,12:08:22.109,BNB/USDT:USDT,780.9,1613.0,780.8,1080.0,780.95,1764.0,781.0,4.0
1753531702188,12:08:22.188,BNB/USDT:USDT,780.9,1485.0,780.8,1080.0,780.95,1764.0,781.0,4.0
1753531702309,12:08:22.309,BNB/USDT:USDT,780.9,1485.0,780.8,1080.0,780.95,1764.0,781.0,4.0
1753531702420,12:08:22.420,BNB/USDT:USDT,780.9,1485.0,780.8,1156.0,780.95,1764.0,781.0,4.0
1753531702479,12:08:22.479,BNB/USDT:USDT,780.9,1485.0,780.8,1156.0,780.95,1764.0,781.0,4.0
1753531702586,12:08:22.586,BNB/USDT:USDT,780.9,1485.0,780.8,1156.0,780.95,1764.0,781.0,4.0
1753531702720,12:08:22.720,BNB/USDT:USDT,780.9,1485.0,780.8,1156.0,780.95,1764.0,781.0,4.0
1753531702813,12:08:22.813,BNB/USDT:USDT,780.9,1485.0,780.8,1156.0,780.95,1764.0,781.0,4.0
1753531702921,12:08:22.921,BNB/USDT:USDT,780.9,1485.0,780.8,1156.0,780.95,1764.0,781.0,4.0
1753531703106,12:08:23.106,BNB/USDT:USDT,780.9,1485.0,780.8,1080.0,780.95,1764.0,781.0,4.0
1753531703150,12:08:23.150,BNB/USDT:USDT,780.9,1485.0,780.8,1080.0,780.95,1764.0,781.0,4.0
1753531703305,12:08:23.305,BNB/USDT:USDT,780.9,1485.0,780.8,1080.0,780.95,1764.0,781.0,4.0
1753531703407,12:08:23.407,BNB/USDT:USDT,780.9,1485.0,780.8,1080.0,780.95,1764.0,781.0,4.0
1753531703519,12:08:23.519,BNB/USDT:USDT,780.9,1485.0,780.8,1080.0,780.95,1764.0,781.0,4.0
1753531703568,12:08:23.568,BNB/USDT:USDT,780.9,1485.0,780.8,1080.0,780.95,1764.0,781.0,4.0
1753531703654,12:08:23.654,BNB/USDT:USDT,780.9,1485.0,780.8,1080.0,780.95,1764.0,781.0,4.0
1753531704000,12:08:24.000,BNB/USDT:USDT,780.9,1485.0,780.8,1080.0,780.95,1764.0,781.0,4.0
1753531704115,12:08:24.115,BNB/USDT:USDT,780.9,1485.0,780.8,1156.0,780.95,1764.0,781.0,4.0
1753531704214,12:08:24.214,BNB/USDT:USDT,780.9,1485.0,780.8,1156.0,780.95,1764.0,781.0,4.0
1753531704226,12:08:24.226,BNB/USDT:USDT,780.9,1485.0,780.8,1156.0,780.95,1764.0,781.0,4.0
1753531704336,12:08:24.336,BNB/USDT:USDT,780.9,1485.0,780.8,1156.0,780.95,1764.0,781.0,4.0
1753531704442,12:08:24.442,BNB/USDT:USDT,780.9,1485.0,780.8,1156.0,780.95,1764.0,781.0,4.0
1753531704569,12:08:24.569,BNB/USDT:USDT,780.9,1485.0,780.8,1156.0,780.95,1764.0,781.0,4.0
1753531704919,12:08:24.919,BNB/USDT:USDT,780.9,1485.0,780.85,76.0,780.95,193.0,781.0,4.0
1753531705009,12:08:25.009,BNB/USDT:USDT,780.9,1485.0,780.85,76.0,780.95,1764.0,781.0,4.0
1753531705100,12:08:25.100,BNB/USDT:USDT,780.9,1485.0,780.8,1156.0,780.95,1764.0,781.0,4.0
1753531705156,12:08:25.156,BNB/USDT:USDT,780.9,1485.0,780.8,1156.0,780.95,1764.0,781.0,4.0
1753531705269,12:08:25.269,BNB/USDT:USDT,780.9,1485.0,780.8,1284.0,780.95,1764.0,781.0,4.0
1753531705366,12:08:25.366,BNB/USDT:USDT,780.9,1485.0,780.8,1284.0,780.95,1764.0,781.0,4.0
1753531705522,12:08:25.522,BNB/USDT:USDT,780.9,1485.0,780.85,76.0,780.95,1764.0,781.0,4.0
1753531705566,12:08:25.566,BNB/USDT:USDT,780.9,1485.0,780.85,76.0,780.95,1764.0,781.0,4.0
1753531705721,12:08:25.721,BNB/USDT:USDT,780.9,1485.0,780.85,76.0,780.95,1764.0,781.0,4.0
1753531705777,12:08:25.777,BNB/USDT:USDT,780.9,1485.0,780.85,76.0,780.95,1764.0,781.0,4.0
1753531705894,12:08:25.894,BNB/USDT:USDT,780.9,1485.0,780.85,76.0,780.95,1764.0,781.0,4.0
1753531706119,12:08:26.119,BNB/USDT:USDT,780.9,1485.0,780.85,76.0,780.95,1764.0,781.0,4.0
1753531706175,12:08:26.175,BNB/USDT:USDT,780.9,1485.0,780.85,76.0,780.95,1764.0,781.0,4.0
1753531706286,12:08:26.286,BNB/USDT:USDT,780.9,1485.0,780.85,204.0,780.95,193.0,781.0,4.0
1753531706415,12:08:26.415,BNB/USDT:USDT,780.9,1485.0,780.85,204.0,780.95,193.0,781.0,4.0
1753531706496,12:08:26.496,BNB/USDT:USDT,780.9,1485.0,780.85,204.0,780.95,193.0,781.0,4.0
1753531706621,12:08:26.621,BNB/USDT:USDT,780.9,1485.0,780.85,204.0,780.95,193.0,781.0,4.0
1753531706711,12:08:26.711,BNB/USDT:USDT,780.9,1485.0,780.8,1156.0,780.95,1764.0,781.0,4.0
1753531706763,12:08:26.763,BNB/USDT:USDT,780.9,1485.0,780.8,1156.0,780.95,1764.0,781.0,4.0
1753531706866,12:08:26.866,BNB/USDT:USDT,780.9,1485.0,780.8,1156.0,780.95,1764.0,781.0,4.0
1753531707019,12:08:27.019,BNB/USDT:USDT,780.9,1485.0,780.8,1156.0,780.95,1764.0,781.0,4.0
1753531707223,12:08:27.223,BNB/USDT:USDT,780.9,1485.0,780.8,1156.0,780.95,1764.0,781.0,4.0
1753531707233,12:08:27.233,BNB/USDT:USDT,780.9,1485.0,780.8,1156.0,780.95,1764.0,781.0,4.0
1753531707399,12:08:27.399,BNB/USDT:USDT,780.9,1613.0,780.8,1156.0,780.95,1764.0,781.0,4.0
1753531707482,12:08:27.482,BNB/USDT:USDT,780.9,1485.0,780.8,1156.0,780.95,1764.0,781.0,4.0
1753531707615,12:08:27.615,BNB/USDT:USDT,780.9,1485.0,780.8,1284.0,780.95,1764.0,781.0,4.0
1753531707784,12:08:27.784,BNB/USDT:USDT,780.9,1485.0,780.8,1284.0,780.95,1764.0,781.0,4.0
1753531708028,12:08:28.028,BNB/USDT:USDT,780.9,1485.0,780.8,1284.0,780.95,1764.0,781.0,4.0
1753531708188,12:08:28.188,BNB/USDT:USDT,780.9,1485.0,780.8,1156.0,780.95,1764.0,781.0,4.0
1753531708306,12:08:28.306,BNB/USDT:USDT,780.9,485.0,780.8,1284.0,780.95,1764.0,781.0,4.0
1753531708403,12:08:28.403,BNB/USDT:USDT,780.9,485.0,780.8,1284.0,780.95,1764.0,781.0,4.0
1753531708458,12:08:28.458,BNB/USDT:USDT,780.9,485.0,780.8,1284.0,780.95,1764.0,781.0,4.0
1753531708599,12:08:28.599,BNB/USDT:USDT,780.9,485.0,780.8,1284.0,780.95,1764.0,781.0,4.0
1753531708636,12:08:28.636,BNB/USDT:USDT,780.9,485.0,780.8,1284.0,780.95,1764.0,781.0,4.0
1753531708728,12:08:28.728,BNB/USDT:USDT,780.9,485.0,780.8,1284.0,780.95,1764.0,781.0,4.0
1753531709016,12:08:29.016,BNB/USDT:USDT,780.9,485.0,780.8,1284.0,780.95,1764.0,781.0,4.0
1753531709082,12:08:29.082,BNB/USDT:USDT,780.9,485.0,780.8,1284.0,780.95,1764.0,781.0,4.0
1753531709215,12:08:29.215,BNB/USDT:USDT,780.9,485.0,780.8,1284.0,780.95,193.0,781.0,4.0
1753531709276,12:08:29.276,BNB/USDT:USDT,780.9,485.0,780.8,1284.0,780.95,193.0,781.0,4.0
1753531709370,12:08:29.370,BNB/USDT:USDT,780.9,485.0,780.8,1284.0,780.95,193.0,781.0,4.0
1753531709447,12:08:29.447,BNB/USDT:USDT,780.9,485.0,780.8,1284.0,780.95,193.0,781.0,4.0
1753531709543,12:08:29.543,BNB/USDT:USDT,780.9,485.0,780.8,1284.0,780.95,193.0,781.0,4.0
1753531709763,12:08:29.763,BNB/USDT:USDT,780.9,485.0,780.8,1208.0,780.95,193.0,781.0,4.0
1753531709865,12:08:29.865,BNB/USDT:USDT,780.9,485.0,780.8,1208.0,780.95,193.0,781.0,4.0
1753531709984,12:08:29.984,BNB/USDT:USDT,780.9,485.0,780.8,1208.0,780.95,193.0,781.0,4.0
1753531710103,12:08:30.103,BNB/USDT:USDT,780.9,485.0,780.8,1208.0,780.95,193.0,781.0,4.0
1753531710220,12:08:30.220,BNB/USDT:USDT,780.9,485.0,780.8,1208.0,780.95,193.0,781.0,4.0
1753531710320,12:08:30.320,BNB/USDT:USDT,780.95,485.0,780.85,1093.0,781.0,2296.0,781.1,4503.0
1753531710386,12:08:30.386,BNB/USDT:USDT,780.95,485.0,780.85,1093.0,781.0,2292.0,781.05,4.0
1753531710507,12:08:30.507,BNB/USDT:USDT,780.95,485.0,780.9,128.0,781.0,2292.0,781.15,1050.0
1753531710585,12:08:30.585,BNB/USDT:USDT,780.95,485.0,780.85,1093.0,781.0,2292.0,781.15,1050.0
1753531710685,12:08:30.685,BNB/USDT:USDT,780.95,485.0,780.85,1093.0,781.0,2292.0,781.15,1050.0
1753531710794,12:08:30.794,BNB/USDT:USDT,780.95,485.0,780.9,76.0,781.0,2292.0,781.1,3510.0
1753531710895,12:08:30.895,BNB/USDT:USDT,780.95,485.0,780.85,1093.0,781.0,2292.0,781.05,4.0
1753531711001,12:08:31.001,BNB/USDT:USDT,780.95,485.0,780.85,1093.0,781.0,2292.0,781.05,4.0
1753531711101,12:08:31.101,BNB/USDT:USDT,780.95,485.0,780.85,1169.0,781.0,2292.0,781.05,4.0
1753531711134,12:08:31.134,BNB/USDT:USDT,780.95,485.0,780.85,1169.0,781.0,2292.0,781.05,4.0
1753531711316,12:08:31.316,BNB/USDT:USDT,780.95,485.0,780.85,1169.0,781.0,2292.0,781.05,4.0
1753531711369,12:08:31.369,BNB/USDT:USDT,780.95,485.0,780.85,1169.0,781.0,2292.0,781.05,4.0
1753531711501,12:08:31.501,BNB/USDT:USDT,780.95,485.0,780.85,1169.0,781.0,2292.0,781.05,4.0
1753531711599,12:08:31.599,BNB/USDT:USDT,780.95,485.0,780.85,1169.0,781.0,2292.0,781.05,4.0
1753531711687,12:08:31.687,BNB/USDT:USDT,780.95,485.0,780.85,1169.0,781.0,2292.0,781.05,4.0
1753531711806,12:08:31.806,BNB/USDT:USDT,780.95,485.0,780.85,1169.0,781.0,2292.0,781.05,4.0
1753531711921,12:08:31.921,BNB/USDT:USDT,781.0,485.0,780.95,76.0,781.05,2296.0,781.15,1046.0
1753531712006,12:08:32.006,BNB/USDT:USDT,781.0,485.0,780.95,76.0,781.05,2292.0,781.15,1837.0
1753531712082,12:08:32.082,BNB/USDT:USDT,781.0,485.0,780.95,76.0,781.05,2292.0,781.15,1837.0
1753531712221,12:08:32.221,BNB/USDT:USDT,781.0,485.0,780.9,434.0,781.05,2292.0,781.15,1913.0
1753531712343,12:08:32.343,BNB/USDT:USDT,781.0,485.0,780.9,434.0,781.05,2292.0,781.15,1913.0
1753531712509,12:08:32.509,BNB/USDT:USDT,781.0,485.0,780.9,434.0,781.05,2292.0,781.15,1913.0
1753531712555,12:08:32.555,BNB/USDT:USDT,781.0,485.0,780.9,434.0,781.05,2292.0,781.1,76.0
1753531712723,12:08:32.723,BNB/USDT:USDT,781.0,485.0,780.9,434.0,781.05,2292.0,781.1,76.0
1753531712820,12:08:32.820,BNB/USDT:USDT,781.0,485.0,780.9,434.0,781.05,2292.0,781.1,76.0
1753531712911,12:08:32.911,BNB/USDT:USDT,781.0,485.0,780.9,434.0,781.05,2292.0,781.1,76.0
1753531712986,12:08:32.986,BNB/USDT:USDT,781.0,485.0,780.9,434.0,781.05,2292.0,781.1,76.0
1753531713093,12:08:33.093,BNB/USDT:USDT,781.0,485.0,780.9,434.0,781.05,2292.0,781.1,76.0
1753531713156,12:08:33.156,BNB/USDT:USDT,781.0,485.0,780.9,434.0,781.05,2292.0,781.1,76.0
1753531713320,12:08:33.320,BNB/USDT:USDT,780.95,485.0,780.9,576.0,781.0,193.0,781.05,2292.0
1753531713330,12:08:33.330,BNB/USDT:USDT,780.95,485.0,780.9,576.0,781.0,193.0,781.05,2292.0
1753531713479,12:08:33.479,BNB/USDT:USDT,780.95,485.0,780.9,576.0,781.0,193.0,781.05,2292.0
1753531713605,12:08:33.605,BNB/USDT:USDT,780.95,485.0,780.9,576.0,781.0,193.0,781.05,2292.0
1753531713806,12:08:33.806,BNB/USDT:USDT,780.95,485.0,780.9,434.0,781.0,2485.0,781.05,646.0
1753531713830,12:08:33.830,BNB/USDT:USDT,780.95,485.0,780.9,434.0,781.0,2485.0,781.05,650.0
1753531714000,12:08:34.000,BNB/USDT:USDT,780.95,485.0,780.9,434.0,781.0,2485.0,781.05,650.0
1753531714224,12:08:34.224,BNB/USDT:USDT,780.95,485.0,780.9,434.0,781.0,2485.0,781.05,650.0
1753531714742,12:08:34.742,BNB/USDT:USDT,780.95,485.0,780.9,434.0,781.0,2485.0,781.05,650.0
1753531715004,12:08:35.004,BNB/USDT:USDT,780.95,485.0,780.9,434.0,781.0,2485.0,781.05,650.0
1753531715095,12:08:35.095,BNB/USDT:USDT,780.95,485.0,780.9,434.0,781.0,2485.0,781.05,650.0
1753531715189,12:08:35.189,BNB/USDT:USDT,780.9,919.0,780.8,1046.0,780.95,2292.0,781.0,76.0
1753531715306,12:08:35.306,BNB/USDT:USDT,780.9,885.0,780.85,76.0,780.95,2292.0,781.05,1281.0
1753531715417,12:08:35.417,BNB/USDT:USDT,780.9,885.0,780.85,76.0,780.95,2292.0,781.05,1281.0
1753531715426,12:08:35.426,BNB/USDT:USDT,780.9,885.0,780.85,76.0,780.95,2292.0,781.05,1281.0
1753531715606,12:08:35.606,BNB/USDT:USDT,780.9,885.0,780.8,1080.0,780.95,2292.0,781.05,1281.0
1753531715718,12:08:35.718,BNB/USDT:USDT,780.9,885.0,780.8,1080.0,780.95,2292.0,781.05,1281.0
1753531715760,12:08:35.760,BNB/USDT:USDT,780.9,885.0,780.8,1080.0,780.95,2292.0,781.05,1281.0
1753531716012,12:08:36.012,BNB/USDT:USDT,780.9,885.0,780.8,1080.0,780.95,2292.0,781.05,1281.0
1753531716116,12:08:36.116,BNB/USDT:USDT,780.9,885.0,780.85,76.0,780.95,2292.0,781.05,1281.0
1753531716201,12:08:36.201,BNB/USDT:USDT,780.9,885.0,780.85,76.0,780.95,2292.0,781.05,1281.0
1753531716320,12:08:36.320,BNB/USDT:USDT,780.9,885.0,780.85,76.0,780.95,2292.0,781.05,1281.0
1753531716336,12:08:36.336,BNB/USDT:USDT,780.9,885.0,780.85,76.0,780.95,2292.0,781.05,1281.0
1753531716520,12:08:36.520,BNB/USDT:USDT,780.9,885.0,780.85,76.0,780.95,2292.0,781.05,1281.0
1753531716616,12:08:36.616,BNB/USDT:USDT,780.85,1042.0,780.8,1222.0,780.9,2292.0,781.0,76.0
1753531716707,12:08:36.707,BNB/USDT:USDT,780.85,485.0,780.8,652.0,780.9,2292.0,781.0,1493.0
1753531716765,12:08:36.765,BNB/USDT:USDT,780.85,485.0,780.8,652.0,780.9,2292.0,780.95,4.0
1753531716907,12:08:36.907,BNB/USDT:USDT,780.85,485.0,780.8,652.0,780.9,2292.0,780.95,4.0
1753531717017,12:08:37.017,BNB/USDT:USDT,780.85,485.0,780.8,652.0,780.9,2292.0,780.95,4.0
1753531717083,12:08:37.083,BNB/USDT:USDT,780.85,485.0,780.8,652.0,780.9,2292.0,780.95,4.0
1753531717212,12:08:37.212,BNB/USDT:USDT,780.85,485.0,780.8,652.0,780.9,2292.0,780.95,4.0
1753531717312,12:08:37.312,BNB/USDT:USDT,780.85,485.0,780.8,576.0,780.9,2292.0,780.95,4.0
1753531717349,12:08:37.349,BNB/USDT:USDT,780.85,485.0,780.8,576.0,780.9,2292.0,780.95,4.0
1753531717603,12:08:37.603,BNB/USDT:USDT,780.85,485.0,780.8,576.0,780.9,2292.0,780.95,4.0
1753531717819,12:08:37.819,BNB/USDT:USDT,780.85,485.0,780.8,576.0,780.9,2292.0,780.95,4.0
1753531717975,12:08:37.975,BNB/USDT:USDT,780.85,485.0,780.8,576.0,780.9,2292.0,780.95,4.0
1753531718048,12:08:38.048,BNB/USDT:USDT,780.85,485.0,780.8,576.0,780.9,2292.0,780.95,4.0
1753531718206,12:08:38.206,BNB/USDT:USDT,780.85,485.0,780.8,576.0,780.9,2292.0,780.95,4.0
1753531718316,12:08:38.316,BNB/USDT:USDT,780.85,485.0,780.8,576.0,780.9,2292.0,780.95,4.0
1753531718416,12:08:38.416,BNB/USDT:USDT,780.85,485.0,780.8,576.0,780.9,2292.0,780.95,4.0
1753531718503,12:08:38.503,BNB/USDT:USDT,780.85,485.0,780.8,576.0,780.9,2292.0,780.95,4.0
1753531718615,12:08:38.615,BNB/USDT:USDT,780.85,485.0,780.8,576.0,780.9,2292.0,780.95,4.0
1753531718705,12:08:38.705,BNB/USDT:USDT,780.85,485.0,780.8,576.0,780.9,2292.0,780.95,4.0
1753531718877,12:08:38.877,BNB/USDT:USDT,780.85,485.0,780.8,576.0,780.9,2292.0,780.95,4.0
1753531719022,12:08:39.022,BNB/USDT:USDT,780.75,4271.0,780.7,9947.0,780.8,2434.0,780.85,142.0
1753531719120,12:08:39.120,BNB/USDT:USDT,780.75,2.0,780.7,10.0,780.8,2368.0,780.85,102.0
1753531719217,12:08:39.217,BNB/USDT:USDT,780.7,10.0,780.65,2.0,780.75,2292.0,780.8,152.0
1753531719308,12:08:39.308,BNB/USDT:USDT,780.7,10.0,780.6,2.0,780.75,2437.0,780.8,177.0
1753531719406,12:08:39.406,BNB/USDT:USDT,780.7,10.0,780.6,2.0,780.75,2437.0,780.8,177.0
1753531719519,12:08:39.519,BNB/USDT:USDT,780.7,495.0,780.6,1130.0,780.75,145.0,780.8,25.0
1753531719562,12:08:39.562,BNB/USDT:USDT,780.7,495.0,780.6,1130.0,780.75,145.0,780.8,25.0
1753531719685,12:08:39.685,BNB/USDT:USDT,780.7,495.0,780.6,1054.0,780.75,145.0,780.8,25.0
1753531719770,12:08:39.770,BNB/USDT:USDT,780.7,10.0,780.6,1120.0,780.75,2513.0,780.8,101.0
1753531720009,12:08:40.009,BNB/USDT:USDT,780.7,495.0,780.6,1120.0,780.75,2513.0,780.8,747.0
1753531720053,12:08:40.053,BNB/USDT:USDT,780.7,495.0,780.6,1120.0,780.75,2517.0,780.8,747.0
1753531720159,12:08:40.159,BNB/USDT:USDT,780.7,495.0,780.6,1120.0,780.75,2517.0,780.8,747.0
1753531720245,12:08:40.245,BNB/USDT:USDT,780.7,495.0,780.6,1120.0,780.75,2517.0,780.8,747.0
1753531720385,12:08:40.385,BNB/USDT:USDT,780.7,10.0,780.6,1120.0,780.75,2517.0,780.8,747.0
1753531720445,12:08:40.445,BNB/USDT:USDT,780.7,10.0,780.6,1120.0,780.75,2517.0,780.8,747.0
1753531720536,12:08:40.536,BNB/USDT:USDT,780.7,10.0,780.6,1120.0,780.75,2517.0,780.8,747.0
1753531720765,12:08:40.765,BNB/USDT:USDT,780.7,10.0,780.6,1120.0,780.75,2517.0,780.8,747.0
1753531721007,12:08:41.007,BNB/USDT:USDT,780.7,10.0,780.6,2.0,780.75,2517.0,780.8,747.0
1753531721046,12:08:41.046,BNB/USDT:USDT,780.7,10.0,780.55,164.0,780.75,2593.0,780.8,823.0
1753531721355,12:08:41.355,BNB/USDT:USDT,780.7,10.0,780.55,164.0,780.75,2593.0,780.8,823.0
1753531721645,12:08:41.645,BNB/USDT:USDT,780.7,10.0,780.55,164.0,780.75,2517.0,780.8,747.0
1753531721818,12:08:41.818,BNB/USDT:USDT,780.7,10.0,780.55,164.0,780.75,2517.0,780.8,747.0
1753531722014,12:08:42.014,BNB/USDT:USDT,780.7,10.0,780.55,164.0,780.75,2517.0,780.8,747.0
1753531722066,12:08:42.066,BNB/USDT:USDT,780.7,10.0,780.55,164.0,780.75,2593.0,780.8,823.0
1753531722186,12:08:42.186,BNB/USDT:USDT,780.7,10.0,780.55,164.0,780.75,2593.0,780.8,823.0
1753531722309,12:08:42.309,BNB/USDT:USDT,780.7,10.0,780.55,164.0,780.75,2593.0,780.8,823.0
1753531722508,12:08:42.508,BNB/USDT:USDT,780.7,10.0,780.55,164.0,780.75,2517.0,780.8,747.0
1753531723180,12:08:43.180,BNB/USDT:USDT,780.7,10.0,780.55,164.0,780.75,2517.0,780.8,747.0
1753531723288,12:08:43.288,BNB/USDT:USDT,780.7,10.0,780.55,164.0,780.75,2517.0,780.8,747.0
1753531723327,12:08:43.327,BNB/USDT:USDT,780.7,10.0,780.55,164.0,780.75,2593.0,780.8,823.0
1753531723506,12:08:43.506,BNB/USDT:USDT,780.7,10.0,780.55,164.0,780.75,2517.0,780.8,747.0
1753531723573,12:08:43.573,BNB/USDT:USDT,780.7,10.0,780.55,164.0,780.75,2517.0,780.8,747.0
1753531723770,12:08:43.770,BNB/USDT:USDT,780.7,10.0,780.55,164.0,780.75,2517.0,780.8,747.0
1753531724006,12:08:44.006,BNB/USDT:USDT,780.7,10.0,780.55,164.0,780.75,2517.0,780.8,747.0
1753531724089,12:08:44.089,BNB/USDT:USDT,780.7,10.0,780.55,164.0,780.75,2517.0,780.8,747.0
1753531724213,12:08:44.213,BNB/USDT:USDT,780.7,10.0,780.55,164.0,780.75,2517.0,780.8,747.0
1753531724246,12:08:44.246,BNB/USDT:USDT,780.7,10.0,780.55,164.0,780.75,2517.0,780.8,747.0
1753531724585,12:08:44.585,BNB/USDT:USDT,780.7,10.0,780.55,164.0,780.75,2517.0,780.8,747.0
1753531724856,12:08:44.856,BNB/USDT:USDT,780.7,10.0,780.55,164.0,780.75,2517.0,780.8,747.0
1753531725071,12:08:45.071,BNB/USDT:USDT,780.7,10.0,780.55,164.0,780.75,2517.0,780.8,747.0
1753531725224,12:08:45.224,BNB/USDT:USDT,780.7,10.0,780.55,164.0,780.75,2517.0,780.8,747.0
1753531725271,12:08:45.271,BNB/USDT:USDT,780.7,10.0,780.55,164.0,780.75,2517.0,780.8,747.0
1753531725474,12:08:45.474,BNB/USDT:USDT,780.7,10.0,780.55,164.0,780.75,2517.0,780.8,747.0
1753531725750,12:08:45.750,BNB/USDT:USDT,780.7,495.0,780.55,164.0,780.75,2441.0,780.8,671.0
1753531725842,12:08:45.842,BNB/USDT:USDT,780.7,495.0,780.55,164.0,780.75,2441.0,780.8,671.0
1753531725982,12:08:45.982,BNB/USDT:USDT,780.7,495.0,780.55,164.0,780.75,2441.0,780.8,671.0
1753531726465,12:08:46.465,BNB/USDT:USDT,780.7,10.0,780.6,976.0,780.75,2441.0,780.8,671.0
1753531726589,12:08:46.589,BNB/USDT:USDT,780.7,495.0,780.65,2.0,780.75,2441.0,780.8,671.0
1753531726806,12:08:46.806,BNB/USDT:USDT,780.7,495.0,780.65,2.0,780.75,2441.0,780.8,671.0
1753531726826,12:08:46.826,BNB/USDT:USDT,780.7,495.0,780.65,2.0,780.75,2441.0,780.8,671.0
1753531727073,12:08:47.073,BNB/USDT:USDT,780.7,495.0,780.65,2.0,780.75,2441.0,780.8,671.0
1753531727918,12:08:47.918,BNB/USDT:USDT,780.7,495.0,780.65,2.0,780.75,2441.0,780.8,671.0
1753531728275,12:08:48.275,BNB/USDT:USDT,780.7,495.0,780.65,2.0,780.75,2441.0,780.8,671.0
1753531728416,12:08:48.416,BNB/USDT:USDT,780.7,495.0,780.65,2.0,780.75,2441.0,780.8,671.0
1753531728509,12:08:48.509,BNB/USDT:USDT,780.7,495.0,780.65,2.0,780.75,2441.0,780.8,671.0
1753531728619,12:08:48.619,BNB/USDT:USDT,780.7,495.0,780.65,2.0,780.75,2441.0,780.8,671.0
1753531729064,12:08:49.064,BNB/USDT:USDT,780.7,495.0,780.65,2.0,780.75,2441.0,780.8,671.0
1753531729369,12:08:49.369,BNB/USDT:USDT,780.7,495.0,780.65,2.0,780.75,2441.0,780.8,671.0
1753531729586,12:08:49.586,BNB/USDT:USDT,780.7,495.0,780.65,2.0,780.75,2441.0,780.8,671.0
1753531729802,12:08:49.802,BNB/USDT:USDT,780.7,495.0,780.65,2.0,780.75,2441.0,780.8,671.0
1753531729852,12:08:49.852,BNB/USDT:USDT,780.7,495.0,780.65,2.0,780.75,2441.0,780.8,671.0
1753531730114,12:08:50.114,BNB/USDT:USDT,780.7,10.0,780.65,2.0,780.75,2517.0,780.8,747.0
1753531730129,12:08:50.129,BNB/USDT:USDT,780.7,10.0,780.65,2.0,780.75,2593.0,780.8,823.0
1753531730309,12:08:50.309,BNB/USDT:USDT,780.7,10.0,780.65,2.0,780.75,2593.0,780.8,823.0
1753531730365,12:08:50.365,BNB/USDT:USDT,780.7,10.0,780.65,2.0,780.75,2593.0,780.8,823.0
1753531730514,12:08:50.514,BNB/USDT:USDT,780.7,10.0,780.65,2.0,780.75,2593.0,780.8,823.0
1753531730592,12:08:50.592,BNB/USDT:USDT,780.7,10.0,780.55,564.0,780.75,2593.0,780.8,823.0
1753531730687,12:08:50.687,BNB/USDT:USDT,780.7,10.0,780.55,564.0,780.75,2593.0,780.8,823.0
1753531730855,12:08:50.855,BNB/USDT:USDT,780.7,10.0,780.55,564.0,780.75,2593.0,780.8,823.0
1753531731014,12:08:51.014,BNB/USDT:USDT,780.7,10.0,780.55,564.0,780.75,2593.0,780.8,823.0
1753531731116,12:08:51.116,BNB/USDT:USDT,780.7,10.0,780.55,564.0,780.75,2593.0,780.8,823.0
1753531731162,12:08:51.162,BNB/USDT:USDT,780.7,10.0,780.55,564.0,780.75,2593.0,780.8,823.0
1753531731310,12:08:51.310,BNB/USDT:USDT,780.7,10.0,780.55,564.0,780.75,2517.0,780.8,747.0
1753531731388,12:08:51.388,BNB/USDT:USDT,780.7,10.0,780.55,564.0,780.75,2517.0,780.8,747.0
1753531731426,12:08:51.426,BNB/USDT:USDT,780.7,10.0,780.55,564.0,780.75,2517.0,780.8,747.0
1753531731530,12:08:51.530,BNB/USDT:USDT,780.7,10.0,780.55,564.0,780.75,2517.0,780.8,747.0
1753531731846,12:08:51.846,BNB/USDT:USDT,780.7,10.0,780.55,564.0,780.75,2517.0,780.8,747.0
1753531731933,12:08:51.933,BNB/USDT:USDT,780.7,10.0,780.55,564.0,780.75,2517.0,780.8,747.0
1753531732206,12:08:52.206,BNB/USDT:USDT,780.7,10.0,780.55,564.0,780.75,2517.0,780.8,747.0
1753531732271,12:08:52.271,BNB/USDT:USDT,780.7,10.0,780.55,564.0,780.75,2517.0,780.8,747.0
1753531732414,12:08:52.414,BNB/USDT:USDT,780.7,10.0,780.55,564.0,780.75,2517.0,780.8,747.0
1753531732806,12:08:52.806,BNB/USDT:USDT,780.7,10.0,780.55,564.0,780.75,2517.0,780.8,747.0
1753531732835,12:08:52.835,BNB/USDT:USDT,780.7,10.0,780.55,564.0,780.75,2517.0,780.8,747.0
1753531733199,12:08:53.199,BNB/USDT:USDT,780.7,10.0,780.55,564.0,780.75,2517.0,780.8,747.0
1753531733348,12:08:53.348,BNB/USDT:USDT,780.7,10.0,780.55,564.0,780.75,2517.0,780.8,747.0
1753531733532,12:08:53.532,BNB/USDT:USDT,780.7,10.0,780.55,564.0,780.75,2517.0,780.8,747.0
1753531733646,12:08:53.646,BNB/USDT:USDT,780.7,10.0,780.55,564.0,780.75,2517.0,780.8,747.0
1753531734170,12:08:54.170,BNB/USDT:USDT,780.7,10.0,780.55,564.0,780.75,2517.0,780.8,747.0
1753531734321,12:08:54.321,BNB/USDT:USDT,780.7,10.0,780.55,564.0,780.75,2517.0,780.8,747.0
1753531734362,12:08:54.362,BNB/USDT:USDT,780.7,10.0,780.55,564.0,780.75,2517.0,780.8,747.0
1753531734475,12:08:54.475,BNB/USDT:USDT,780.7,10.0,780.55,564.0,780.75,2517.0,780.8,747.0
1753531734566,12:08:54.566,BNB/USDT:USDT,780.7,10.0,780.55,564.0,780.75,2517.0,780.8,747.0
1753531734668,12:08:54.668,BNB/USDT:USDT,780.7,10.0,780.55,564.0,780.75,2517.0,780.8,747.0
1753531734887,12:08:54.887,BNB/USDT:USDT,780.7,10.0,780.55,564.0,780.75,2517.0,780.8,747.0
1753531734995,12:08:54.995,BNB/USDT:USDT,780.7,10.0,780.55,564.0,780.75,2517.0,780.8,747.0
1753531735410,12:08:55.410,BNB/USDT:USDT,780.7,10.0,780.55,564.0,780.75,2441.0,780.8,671.0
1753531735512,12:08:55.512,BNB/USDT:USDT,780.7,10.0,780.55,564.0,780.75,2441.0,780.8,671.0
1753531735821,12:08:55.821,BNB/USDT:USDT,780.7,10.0,780.55,564.0,780.75,2441.0,780.8,671.0
1753531736272,12:08:56.272,BNB/USDT:USDT,780.7,10.0,780.55,564.0,780.75,2441.0,780.8,671.0
1753531736597,12:08:56.597,BNB/USDT:USDT,780.7,10.0,780.55,564.0,780.75,2517.0,780.8,747.0
1753531736817,12:08:56.817,BNB/USDT:USDT,780.7,10.0,780.55,564.0,780.75,2517.0,780.8,747.0
1753531737014,12:08:57.014,BNB/USDT:USDT,780.7,10.0,780.55,564.0,780.75,2441.0,780.8,671.0
1753531737323,12:08:57.323,BNB/USDT:USDT,780.7,10.0,780.55,564.0,780.75,2441.0,780.8,671.0
1753531737479,12:08:57.479,BNB/USDT:USDT,780.7,10.0,780.55,564.0,780.75,2441.0,780.8,671.0
1753531738010,12:08:58.010,BNB/USDT:USDT,780.7,10.0,780.55,564.0,780.75,2441.0,780.8,671.0
1753531738310,12:08:58.310,BNB/USDT:USDT,780.7,10.0,780.55,564.0,780.75,2441.0,780.8,671.0
1753531738405,12:08:58.405,BNB/USDT:USDT,780.7,10.0,780.55,564.0,780.75,2441.0,780.8,671.0
1753531738547,12:08:58.547,BNB/USDT:USDT,780.7,10.0,780.55,564.0,780.75,2441.0,780.8,671.0
1753531738635,12:08:58.635,BNB/USDT:USDT,780.7,10.0,780.55,564.0,780.75,2441.0,780.8,671.0
1753531738819,12:08:58.819,BNB/USDT:USDT,780.7,10.0,780.55,564.0,780.75,2441.0,780.8,671.0
1753531738827,12:08:58.827,BNB/USDT:USDT,780.7,10.0,780.55,564.0,780.75,2441.0,780.8,671.0
1753531738984,12:08:58.984,BNB/USDT:USDT,780.7,10.0,780.55,564.0,780.75,2441.0,780.8,671.0
1753531739026,12:08:59.026,BNB/USDT:USDT,780.7,10.0,780.55,564.0,780.75,2441.0,780.8,671.0
1753531739126,12:08:59.126,BNB/USDT:USDT,780.7,10.0,780.55,564.0,780.75,2441.0,780.8,671.0
1753531739272,12:08:59.272,BNB/USDT:USDT,780.7,10.0,780.55,564.0,780.75,2441.0,780.8,671.0
1753531739742,12:08:59.742,BNB/USDT:USDT,780.7,10.0,780.55,564.0,780.75,2441.0,780.8,671.0
1753531739840,12:08:59.840,BNB/USDT:USDT,780.7,10.0,780.55,564.0,780.75,2441.0,780.8,671.0
1753531740149,12:09:00.149,BNB/USDT:USDT,780.7,10.0,780.55,564.0,780.75,2441.0,780.8,671.0
1753531740321,12:09:00.321,BNB/USDT:USDT,780.7,10.0,780.55,564.0,780.75,2441.0,780.8,671.0
1753531740479,12:09:00.479,BNB/USDT:USDT,780.7,10.0,780.55,564.0,780.75,2441.0,780.8,671.0
1753531740613,12:09:00.613,BNB/USDT:USDT,780.7,10.0,780.55,564.0,780.75,2441.0,780.8,671.0
1753531741821,12:09:01.821,BNB/USDT:USDT,780.7,10.0,780.55,564.0,780.75,2441.0,780.8,671.0
1753531741845,12:09:01.845,BNB/USDT:USDT,780.7,10.0,780.55,564.0,780.75,2441.0,780.8,671.0
1753531741995,12:09:01.995,BNB/USDT:USDT,780.7,10.0,780.55,564.0,780.75,2441.0,780.8,671.0
1753531742539,12:09:02.539,BNB/USDT:USDT,780.7,10.0,780.55,564.0,780.75,2441.0,780.8,671.0
1753531742740,12:09:02.740,BNB/USDT:USDT,780.7,10.0,780.55,564.0,780.75,2441.0,780.8,671.0
1753531743047,12:09:03.047,BNB/USDT:USDT,780.7,10.0,780.55,564.0,780.75,2441.0,780.8,671.0
1753531743144,12:09:03.144,BNB/USDT:USDT,780.7,10.0,780.55,564.0,780.75,2441.0,780.8,671.0
1753531743336,12:09:03.336,BNB/USDT:USDT,780.7,10.0,780.55,564.0,780.75,2441.0,780.8,671.0
1753531743479,12:09:03.479,BNB/USDT:USDT,780.7,10.0,780.55,564.0,780.75,2441.0,780.8,671.0
1753531743771,12:09:03.771,BNB/USDT:USDT,780.7,10.0,780.55,564.0,780.75,2441.0,780.8,671.0
1753531743830,12:09:03.830,BNB/USDT:USDT,780.7,10.0,780.55,564.0,780.75,2441.0,780.8,671.0
1753531744105,12:09:04.105,BNB/USDT:USDT,780.7,10.0,780.55,564.0,780.75,2441.0,780.8,671.0
1753531744263,12:09:04.263,BNB/USDT:USDT,780.7,10.0,780.55,564.0,780.75,2441.0,780.8,671.0
1753531744480,12:09:04.480,BNB/USDT:USDT,780.7,10.0,780.55,564.0,780.75,2441.0,780.8,671.0
1753531744562,12:09:04.562,BNB/USDT:USDT,780.7,495.0,780.55,564.0,780.75,2441.0,780.8,671.0
1753531744701,12:09:04.701,BNB/USDT:USDT,780.7,495.0,780.6,1003.0,780.75,2441.0,780.8,671.0
1753531744806,12:09:04.806,BNB/USDT:USDT,780.7,495.0,780.65,2.0,780.75,2441.0,780.8,671.0
1753531744836,12:09:04.836,BNB/USDT:USDT,780.7,495.0,780.65,2.0,780.75,2441.0,780.8,671.0
1753531745601,12:09:05.601,BNB/USDT:USDT,780.7,10.0,780.65,2.0,780.75,2441.0,780.8,671.0
1753531745716,12:09:05.716,BNB/USDT:USDT,780.7,10.0,780.65,2.0,780.75,2517.0,780.8,747.0
1753531746129,12:09:06.129,BNB/USDT:USDT,780.7,10.0,780.65,2.0,780.75,2517.0,780.8,747.0
1753531746230,12:09:06.230,BNB/USDT:USDT,780.7,10.0,780.55,564.0,780.75,2517.0,780.8,747.0
1753531746338,12:09:06.338,BNB/USDT:USDT,780.7,10.0,780.55,564.0,780.75,2517.0,780.8,747.0
1753531746845,12:09:06.845,BNB/USDT:USDT,780.7,10.0,780.55,564.0,780.75,2517.0,780.8,747.0
1753531746973,12:09:06.973,BNB/USDT:USDT,780.7,10.0,780.55,564.0,780.75,2593.0,780.8,823.0
1753531747355,12:09:07.355,BNB/USDT:USDT,780.7,10.0,780.55,564.0,780.75,2593.0,780.8,823.0
1753531747844,12:09:07.844,BNB/USDT:USDT,780.7,10.0,780.55,564.0,780.75,2593.0,780.8,823.0
1753531747942,12:09:07.942,BNB/USDT:USDT,780.7,10.0,780.55,564.0,780.75,2593.0,780.8,823.0
1753531748037,12:09:08.037,BNB/USDT:USDT,780.7,10.0,780.55,564.0,780.75,2593.0,780.8,823.0
1753531748141,12:09:08.141,BNB/USDT:USDT,780.7,10.0,780.55,564.0,780.75,2593.0,780.8,823.0
1753531748237,12:09:08.237,BNB/USDT:USDT,780.7,10.0,780.55,564.0,780.75,2593.0,780.8,823.0
1753531748406,12:09:08.406,BNB/USDT:USDT,780.7,10.0,780.55,564.0,780.75,2441.0,780.8,671.0
1753531748571,12:09:08.571,BNB/USDT:USDT,780.7,10.0,780.55,564.0,780.75,2441.0,780.8,671.0
1753531748746,12:09:08.746,BNB/USDT:USDT,780.7,10.0,780.55,564.0,780.75,2441.0,780.8,671.0
1753531748857,12:09:08.857,BNB/USDT:USDT,780.7,10.0,780.55,564.0,780.75,2441.0,780.8,671.0
1753531749149,12:09:09.149,BNB/USDT:USDT,780.7,10.0,780.55,564.0,780.75,2441.0,780.8,671.0
1753531749253,12:09:09.253,BNB/USDT:USDT,780.7,10.0,780.55,564.0,780.75,2441.0,780.8,671.0
1753531749406,12:09:09.406,BNB/USDT:USDT,780.7,10.0,780.55,564.0,780.75,2441.0,780.8,671.0
1753531749471,12:09:09.471,BNB/USDT:USDT,780.7,10.0,780.55,564.0,780.75,2517.0,780.8,747.0
1753531749590,12:09:09.590,BNB/USDT:USDT,780.7,10.0,780.55,564.0,780.75,2593.0,780.8,823.0
1753531749700,12:09:09.700,BNB/USDT:USDT,780.7,10.0,780.55,564.0,780.75,2593.0,780.8,823.0
1753531749783,12:09:09.783,BNB/USDT:USDT,780.7,10.0,780.55,564.0,780.75,2593.0,780.8,823.0
1753531749910,12:09:09.910,BNB/USDT:USDT,780.7,10.0,780.55,564.0,780.75,2593.0,780.8,823.0
1753531750006,12:09:10.006,BNB/USDT:USDT,780.7,10.0,780.55,564.0,780.75,2593.0,780.8,823.0
1753531750120,12:09:10.120,BNB/USDT:USDT,780.7,10.0,780.55,564.0,780.75,2593.0,780.8,823.0
1753531750166,12:09:10.166,BNB/USDT:USDT,780.7,10.0,780.55,564.0,780.75,2593.0,780.8,823.0
1753531750299,12:09:10.299,BNB/USDT:USDT,780.7,10.0,780.55,564.0,780.75,2593.0,780.8,823.0
1753531750361,12:09:10.361,BNB/USDT:USDT,780.7,10.0,780.55,564.0,780.75,2593.0,780.8,823.0
1753531750520,12:09:10.520,BNB/USDT:USDT,780.7,10.0,780.55,564.0,780.75,2593.0,780.8,823.0
1753531750564,12:09:10.564,BNB/USDT:USDT,780.7,10.0,780.55,564.0,780.75,2593.0,780.8,823.0
1753531750714,12:09:10.714,BNB/USDT:USDT,780.7,10.0,780.55,564.0,780.75,2593.0,780.8,823.0
1753531750914,12:09:10.914,BNB/USDT:USDT,780.7,10.0,780.55,422.0,780.75,2593.0,780.8,823.0
1753531751018,12:09:11.018,BNB/USDT:USDT,780.7,10.0,780.55,422.0,780.75,2593.0,780.8,2398.0
1753531751117,12:09:11.117,BNB/USDT:USDT,780.7,10.0,780.55,422.0,780.75,2593.0,780.8,2398.0
1753531751193,12:09:11.193,BNB/USDT:USDT,780.7,10.0,780.55,422.0,780.75,2993.0,780.8,2798.0
1753531751312,12:09:11.312,BNB/USDT:USDT,780.7,10.0,780.55,422.0,780.75,2993.0,780.8,2798.0
1753531751388,12:09:11.388,BNB/USDT:USDT,780.7,10.0,780.55,422.0,780.75,2993.0,780.8,2798.0
1753531751454,12:09:11.454,BNB/USDT:USDT,780.7,10.0,780.55,422.0,780.75,2993.0,780.8,2798.0
1753531751607,12:09:11.607,BNB/USDT:USDT,780.7,10.0,780.55,422.0,780.75,2993.0,780.8,2798.0
1753531751715,12:09:11.715,BNB/USDT:USDT,780.7,10.0,780.55,422.0,780.75,2993.0,780.8,2798.0
1753531751806,12:09:11.806,BNB/USDT:USDT,780.7,10.0,780.55,422.0,780.75,2993.0,780.8,2798.0
1753531751866,12:09:11.866,BNB/USDT:USDT,780.7,10.0,780.55,422.0,780.75,2993.0,780.8,2798.0
1753531752005,12:09:12.005,BNB/USDT:USDT,780.7,10.0,780.55,422.0,780.75,2993.0,780.8,2798.0
1753531752065,12:09:12.065,BNB/USDT:USDT,780.7,10.0,780.55,422.0,780.75,2993.0,780.8,2798.0
1753531752219,12:09:12.219,BNB/USDT:USDT,780.7,10.0,780.55,422.0,780.75,2993.0,780.8,2798.0
1753531752271,12:09:12.271,BNB/USDT:USDT,780.7,10.0,780.55,422.0,780.75,2993.0,780.8,2798.0
1753531752362,12:09:12.362,BNB/USDT:USDT,780.7,10.0,780.55,422.0,780.75,2993.0,780.8,2798.0
1753531752465,12:09:12.465,BNB/USDT:USDT,780.7,10.0,780.55,422.0,780.75,2993.0,780.8,2798.0
1753531752590,12:09:12.590,BNB/USDT:USDT,780.7,10.0,780.55,422.0,780.75,2993.0,780.8,2798.0
1753531752655,12:09:12.655,BNB/USDT:USDT,780.7,10.0,780.55,422.0,780.75,2993.0,780.8,2798.0
1753531752805,12:09:12.805,BNB/USDT:USDT,780.7,10.0,780.55,422.0,780.75,2993.0,780.8,2798.0
1753531752849,12:09:12.849,BNB/USDT:USDT,780.7,10.0,780.55,422.0,780.75,2993.0,780.8,2798.0
1753531753015,12:09:13.015,BNB/USDT:USDT,780.7,10.0,780.55,422.0,780.75,2993.0,780.8,2798.0
1753531753119,12:09:13.119,BNB/USDT:USDT,780.7,10.0,780.55,422.0,780.75,2993.0,780.8,2798.0
1753531753163,12:09:13.163,BNB/USDT:USDT,780.7,10.0,780.55,422.0,780.75,2993.0,780.8,2798.0
1753531753259,12:09:13.259,BNB/USDT:USDT,780.7,10.0,780.55,422.0,780.75,2993.0,780.8,2798.0
1753531753405,12:09:13.405,BNB/USDT:USDT,780.7,10.0,780.55,422.0,780.75,2993.0,780.8,2798.0
1753531753492,12:09:13.492,BNB/USDT:USDT,780.7,10.0,780.55,422.0,780.75,2993.0,780.8,2798.0
1753531753548,12:09:13.548,BNB/USDT:USDT,780.7,10.0,780.55,422.0,780.75,2993.0,780.8,2798.0
1753531753686,12:09:13.686,BNB/USDT:USDT,780.7,10.0,780.55,422.0,780.75,2993.0,780.8,2798.0
1753531753763,12:09:13.763,BNB/USDT:USDT,780.7,10.0,780.55,422.0,780.75,2993.0,780.8,2798.0
1753531753863,12:09:13.863,BNB/USDT:USDT,780.7,10.0,780.55,422.0,780.75,2993.0,780.8,2798.0
1753531754003,12:09:14.003,BNB/USDT:USDT,780.7,10.0,780.55,422.0,780.75,2993.0,780.8,2798.0
1753531754120,12:09:14.120,BNB/USDT:USDT,780.7,10.0,780.55,422.0,780.75,2993.0,780.8,2798.0
1753531754136,12:09:14.136,BNB/USDT:USDT,780.7,10.0,780.55,422.0,780.75,2993.0,780.8,2798.0
1753531754256,12:09:14.256,BNB/USDT:USDT,780.7,10.0,780.55,422.0,780.75,2993.0,780.8,2798.0
1753531754324,12:09:14.324,BNB/USDT:USDT,780.7,10.0,780.55,422.0,780.75,2993.0,780.8,2798.0
1753531754447,12:09:14.447,BNB/USDT:USDT,780.7,10.0,780.55,422.0,780.75,2993.0,780.8,2798.0
1753531754601,12:09:14.601,BNB/USDT:USDT,780.7,10.0,780.55,422.0,780.75,2993.0,780.8,2798.0
1753531754762,12:09:14.762,BNB/USDT:USDT,780.7,10.0,780.55,422.0,780.75,2993.0,780.8,2798.0
1753531754887,12:09:14.887,BNB/USDT:USDT,780.7,10.0,780.55,422.0,780.75,2993.0,780.8,2798.0
1753531755006,12:09:15.006,BNB/USDT:USDT,780.7,10.0,780.55,422.0,780.75,2993.0,780.8,2798.0
1753531755110,12:09:15.110,BNB/USDT:USDT,780.7,10.0,780.55,422.0,780.75,2993.0,780.8,2798.0
1753531755218,12:09:15.218,BNB/USDT:USDT,780.7,10.0,780.55,422.0,780.75,2993.0,780.8,2798.0
1753531755322,12:09:15.322,BNB/USDT:USDT,780.7,10.0,780.55,422.0,780.75,2993.0,780.8,2798.0
1753531755395,12:09:15.395,BNB/USDT:USDT,780.7,10.0,780.55,422.0,780.75,2993.0,780.8,2798.0
1753531755497,12:09:15.497,BNB/USDT:USDT,780.7,10.0,780.55,422.0,780.75,2993.0,780.8,2798.0
1753531755598,12:09:15.598,BNB/USDT:USDT,780.7,10.0,780.55,422.0,780.75,2993.0,780.8,2798.0
1753531755687,12:09:15.687,BNB/USDT:USDT,780.7,10.0,780.55,422.0,780.75,2993.0,780.8,2798.0
1753531755729,12:09:15.729,BNB/USDT:USDT,780.7,10.0,780.55,422.0,780.75,2993.0,780.8,2798.0
1753531755844,12:09:15.844,BNB/USDT:USDT,780.7,10.0,780.55,422.0,780.75,2993.0,780.8,2798.0
1753531755968,12:09:15.968,BNB/USDT:USDT,780.7,10.0,780.55,422.0,780.75,2993.0,780.8,2798.0
1753531756110,12:09:16.110,BNB/USDT:USDT,780.7,10.0,780.55,22.0,780.75,2993.0,780.8,2798.0
1753531756186,12:09:16.186,BNB/USDT:USDT,780.7,10.0,780.55,20.0,780.75,2993.0,780.8,2798.0
1753531756874,12:09:16.874,BNB/USDT:USDT,780.7,10.0,780.55,20.0,780.75,2993.0,780.8,2798.0
1753531757106,12:09:17.106,BNB/USDT:USDT,780.7,10.0,780.55,20.0,780.75,2993.0,780.8,2798.0
1753531757265,12:09:17.265,BNB/USDT:USDT,780.7,10.0,780.55,20.0,780.75,2993.0,780.8,2798.0
1753531757628,12:09:17.628,BNB/USDT:USDT,780.7,10.0,780.55,20.0,780.75,2993.0,780.8,2798.0
1753531757732,12:09:17.732,BNB/USDT:USDT,780.7,10.0,780.55,20.0,780.75,2993.0,780.8,2798.0
1753531758004,12:09:18.004,BNB/USDT:USDT,780.7,10.0,780.55,20.0,780.75,2993.0,780.8,2798.0
1753531758046,12:09:18.046,BNB/USDT:USDT,780.7,10.0,780.55,20.0,780.75,2993.0,780.8,2798.0
1753531758170,12:09:18.170,BNB/USDT:USDT,780.7,10.0,780.55,20.0,780.75,2993.0,780.8,2798.0
1753531758264,12:09:18.264,BNB/USDT:USDT,780.7,10.0,780.55,20.0,780.75,2993.0,780.8,2798.0
1753531758373,12:09:18.373,BNB/USDT:USDT,780.7,10.0,780.55,20.0,780.75,2993.0,780.8,2798.0
1753531758586,12:09:18.586,BNB/USDT:USDT,780.7,10.0,780.55,20.0,780.75,2993.0,780.8,2798.0
1753531758785,12:09:18.785,BNB/USDT:USDT,780.7,10.0,780.55,20.0,780.75,2917.0,780.8,2722.0
1753531758862,12:09:18.862,BNB/USDT:USDT,780.7,10.0,780.55,20.0,780.75,2917.0,780.8,2722.0
1753531759018,12:09:19.018,BNB/USDT:USDT,780.7,10.0,780.55,20.0,780.75,2993.0,780.8,2798.0
1753531759085,12:09:19.085,BNB/USDT:USDT,780.7,10.0,780.55,20.0,780.75,2993.0,780.8,2798.0
1753531759206,12:09:19.206,BNB/USDT:USDT,780.7,10.0,780.55,20.0,780.75,2993.0,780.8,2798.0
1753531759403,12:09:19.403,BNB/USDT:USDT,780.7,10.0,780.55,20.0,780.75,2993.0,780.8,2798.0
1753531759496,12:09:19.496,BNB/USDT:USDT,780.7,10.0,780.55,20.0,780.75,2993.0,780.8,2798.0
1753531759546,12:09:19.546,BNB/USDT:USDT,780.7,10.0,780.55,20.0,780.75,2993.0,780.8,2798.0
1753531759649,12:09:19.649,BNB/USDT:USDT,780.7,10.0,780.55,20.0,780.75,2993.0,780.8,2798.0
1753531759806,12:09:19.806,BNB/USDT:USDT,780.7,10.0,780.55,20.0,780.75,2993.0,780.8,2798.0
1753531759882,12:09:19.882,BNB/USDT:USDT,780.7,10.0,780.55,20.0,780.75,2993.0,780.8,2798.0
1753531760004,12:09:20.004,BNB/USDT:USDT,780.7,10.0,780.55,20.0,780.75,2993.0,780.8,2798.0
1753531760025,12:09:20.025,BNB/USDT:USDT,780.7,10.0,780.55,20.0,780.75,2993.0,780.8,2798.0
1753531760307,12:09:20.307,BNB/USDT:USDT,780.7,10.0,780.55,20.0,780.75,2993.0,780.8,2798.0
1753531760423,12:09:20.423,BNB/USDT:USDT,780.55,20.0,780.5,2.0,780.6,2627.0,780.7,5535.0
1753531760518,12:09:20.518,BNB/USDT:USDT,780.55,20.0,780.5,2.0,780.6,2627.0,780.65,1772.0
1753531760530,12:09:20.530,BNB/USDT:USDT,780.55,20.0,780.5,2.0,780.6,2627.0,780.65,1737.0
1753531760671,12:09:20.671,BNB/USDT:USDT,780.55,20.0,780.5,2.0,780.6,2627.0,780.65,1737.0
1753531760727,12:09:20.727,BNB/USDT:USDT,780.55,20.0,780.5,2.0,780.6,2627.0,780.65,1737.0
1753531760923,12:09:20.923,BNB/USDT:USDT,780.55,20.0,780.5,2.0,780.6,2627.0,780.65,1813.0
1753531761005,12:09:21.005,BNB/USDT:USDT,780.55,20.0,780.5,2.0,780.6,2627.0,780.65,1813.0
1753531761057,12:09:21.057,BNB/USDT:USDT,780.55,20.0,780.5,2.0,780.6,2627.0,780.65,1813.0
1753531761148,12:09:21.148,BNB/USDT:USDT,780.55,20.0,780.5,2.0,780.6,2627.0,780.65,1813.0
1753531761282,12:09:21.282,BNB/USDT:USDT,780.55,20.0,780.5,2.0,780.6,2627.0,780.65,1813.0
1753531761397,12:09:21.397,BNB/USDT:USDT,780.55,20.0,780.5,2.0,780.6,2627.0,780.65,1813.0
1753531761509,12:09:21.509,BNB/USDT:USDT,780.55,20.0,780.5,2.0,780.6,2627.0,780.65,1813.0
1753531761560,12:09:21.560,BNB/USDT:USDT,780.55,20.0,780.5,2.0,780.6,2627.0,780.65,1813.0
1753531761715,12:09:21.715,BNB/USDT:USDT,780.55,20.0,780.5,2.0,780.6,2627.0,780.65,1813.0
1753531761774,12:09:21.774,BNB/USDT:USDT,780.55,20.0,780.5,2.0,780.6,2627.0,780.65,1813.0
1753531761856,12:09:21.856,BNB/USDT:USDT,780.55,20.0,780.5,2.0,780.6,2627.0,780.65,1813.0
1753531762009,12:09:22.009,BNB/USDT:USDT,780.55,20.0,780.5,2.0,780.6,2627.0,780.65,1813.0
1753531762066,12:09:22.066,BNB/USDT:USDT,780.55,20.0,780.5,2.0,780.6,2627.0,780.65,1813.0
1753531762195,12:09:22.195,BNB/USDT:USDT,780.55,20.0,780.5,2.0,780.6,2627.0,780.65,1813.0
1753531762422,12:09:22.422,BNB/USDT:USDT,780.55,20.0,780.5,2.0,780.6,2627.0,780.65,1813.0
1753531762520,12:09:22.520,BNB/USDT:USDT,780.55,20.0,780.5,2.0,780.6,2627.0,780.65,1813.0
1753531762572,12:09:22.572,BNB/USDT:USDT,780.55,20.0,780.5,2.0,780.6,2627.0,780.65,1813.0
1753531762640,12:09:22.640,BNB/USDT:USDT,780.55,20.0,780.5,2.0,780.6,2627.0,780.65,1813.0
1753531762770,12:09:22.770,BNB/USDT:USDT,780.55,20.0,780.5,2.0,780.6,2627.0,780.65,1813.0
1753531762914,12:09:22.914,BNB/USDT:USDT,780.55,20.0,780.5,2.0,780.6,2627.0,780.65,1737.0
1753531763020,12:09:23.020,BNB/USDT:USDT,780.55,20.0,780.5,2.0,780.6,2627.0,780.65,1737.0
1753531763106,12:09:23.106,BNB/USDT:USDT,780.55,20.0,780.5,2.0,780.6,2627.0,780.65,1737.0
1753531763221,12:09:23.221,BNB/USDT:USDT,780.55,10.0,780.5,2.0,780.6,2627.0,780.65,1737.0
1753531763278,12:09:23.278,BNB/USDT:USDT,780.55,10.0,780.5,2.0,780.6,2627.0,780.65,1737.0
1753531763399,12:09:23.399,BNB/USDT:USDT,780.55,10.0,780.5,2.0,780.6,2627.0,780.65,1737.0
1753531763486,12:09:23.486,BNB/USDT:USDT,780.55,10.0,780.5,2.0,780.6,2627.0,780.65,1737.0
1753531763611,12:09:23.611,BNB/USDT:USDT,780.55,10.0,780.5,2.0,780.6,2627.0,780.65,1737.0
1753531763705,12:09:23.705,BNB/USDT:USDT,780.55,10.0,780.5,2.0,780.6,2627.0,780.65,1737.0
1753531763831,12:09:23.831,BNB/USDT:USDT,780.55,10.0,780.5,2.0,780.6,2627.0,780.65,1737.0
1753531763941,12:09:23.941,BNB/USDT:USDT,780.55,10.0,780.5,2.0,780.6,2627.0,780.65,1737.0
1753531764041,12:09:24.041,BNB/USDT:USDT,780.55,10.0,780.5,2.0,780.6,2627.0,780.65,1737.0
1753531764136,12:09:24.136,BNB/USDT:USDT,780.55,10.0,780.5,2.0,780.6,2627.0,780.65,1737.0
1753531764259,12:09:24.259,BNB/USDT:USDT,780.55,10.0,780.5,2.0,780.6,2627.0,780.65,1737.0
1753531764389,12:09:24.389,BNB/USDT:USDT,780.55,10.0,780.5,2.0,780.6,2627.0,780.65,1737.0
1753531764717,12:09:24.717,BNB/USDT:USDT,780.55,10.0,780.5,2.0,780.6,2703.0,780.65,1813.0
1753531764815,12:09:24.815,BNB/USDT:USDT,780.55,10.0,780.5,2.0,780.6,2703.0,780.65,1813.0
1753531764918,12:09:24.918,BNB/USDT:USDT,780.55,10.0,780.5,2.0,780.6,2703.0,780.65,2649.0
1753531765019,12:09:25.019,BNB/USDT:USDT,780.55,10.0,780.5,2.0,780.6,2703.0,780.65,2649.0
1753531765112,12:09:25.112,BNB/USDT:USDT,780.55,10.0,780.5,2.0,780.6,2703.0,780.65,2649.0
1753531765208,12:09:25.208,BNB/USDT:USDT,780.55,10.0,780.5,2.0,780.6,2703.0,780.65,2649.0
1753531765306,12:09:25.306,BNB/USDT:USDT,780.55,10.0,780.5,2.0,780.6,2703.0,780.65,2649.0
1753531765389,12:09:25.389,BNB/USDT:USDT,780.55,10.0,780.5,2.0,780.6,2703.0,780.65,2649.0
1753531765514,12:09:25.514,BNB/USDT:USDT,780.55,10.0,780.5,2.0,780.6,2703.0,780.65,2649.0
1753531765611,12:09:25.611,BNB/USDT:USDT,780.55,10.0,780.5,2.0,780.6,2703.0,780.65,1813.0
1753531765712,12:09:25.712,BNB/USDT:USDT,780.55,10.0,780.5,2.0,780.6,2703.0,780.65,1813.0
1753531765774,12:09:25.774,BNB/USDT:USDT,780.55,10.0,780.5,2.0,780.6,2703.0,780.65,1813.0
1753531765915,12:09:25.915,BNB/USDT:USDT,780.55,10.0,780.5,2.0,780.6,2703.0,780.65,1813.0
1753531766005,12:09:26.005,BNB/USDT:USDT,780.55,10.0,780.5,2.0,780.6,2703.0,780.65,1813.0
1753531766048,12:09:26.048,BNB/USDT:USDT,780.55,10.0,780.5,2.0,780.6,2703.0,780.65,1813.0
1753531766214,12:09:26.214,BNB/USDT:USDT,780.55,10.0,780.5,2.0,780.6,2703.0,780.65,1813.0
1753531766259,12:09:26.259,BNB/USDT:USDT,780.55,10.0,780.5,2.0,780.6,2703.0,780.65,1813.0
1753531766522,12:09:26.522,BNB/USDT:USDT,780.55,10.0,780.5,2.0,780.6,2703.0,780.65,1813.0
1753531766606,12:09:26.606,BNB/USDT:USDT,780.55,10.0,780.5,2.0,780.6,2693.0,780.65,1813.0
1753531766703,12:09:26.703,BNB/USDT:USDT,780.55,10.0,780.5,2.0,780.6,2693.0,780.65,1813.0
1753531766758,12:09:26.758,BNB/USDT:USDT,780.55,10.0,780.5,2.0,780.6,2693.0,780.65,1813.0
1753531766887,12:09:26.887,BNB/USDT:USDT,780.55,10.0,780.5,2.0,780.6,2693.0,780.65,1813.0
1753531766954,12:09:26.954,BNB/USDT:USDT,780.55,10.0,780.5,2.0,780.6,2693.0,780.65,1813.0
1753531767047,12:09:27.047,BNB/USDT:USDT,780.55,10.0,780.5,2.0,780.6,2693.0,780.65,1813.0
1753531767245,12:09:27.245,BNB/USDT:USDT,780.55,10.0,780.5,2.0,780.6,2693.0,780.65,1813.0
1753531767409,12:09:27.409,BNB/USDT:USDT,780.55,10.0,780.5,2.0,780.6,2693.0,780.65,1813.0
1753531767721,12:09:27.721,BNB/USDT:USDT,780.5,2.0,780.45,63.0,780.55,3781.0,780.6,694.0
1753531767817,12:09:27.817,BNB/USDT:USDT,780.4,55.0,780.3,401.0,780.45,2485.0,780.5,1013.0
1753531767908,12:09:27.908,BNB/USDT:USDT,780.4,55.0,780.35,2.0,780.45,2485.0,780.5,1013.0
1753531768018,12:09:28.018,BNB/USDT:USDT,780.4,55.0,780.35,2.0,780.45,2637.0,780.5,1165.0
1753531768123,12:09:28.123,BNB/USDT:USDT,780.4,45.0,780.3,1.0,780.45,2637.0,780.5,1165.0
1753531768218,12:09:28.218,BNB/USDT:USDT,780.4,45.0,780.3,1.0,780.45,2637.0,780.5,1165.0
1753531768286,12:09:28.286,BNB/USDT:USDT,780.4,45.0,780.3,1.0,780.45,2637.0,780.5,2485.0
1753531768420,12:09:28.420,BNB/USDT:USDT,780.4,45.0,780.3,1.0,780.45,2637.0,780.5,2485.0
1753531768513,12:09:28.513,BNB/USDT:USDT,780.4,45.0,780.3,1.0,780.45,2637.0,780.5,2485.0
1753531768528,12:09:28.528,BNB/USDT:USDT,780.4,45.0,780.3,1.0,780.45,2637.0,780.5,2485.0
1753531768670,12:09:28.670,BNB/USDT:USDT,780.4,45.0,780.3,1.0,780.45,2637.0,780.5,2485.0
1753531768730,12:09:28.730,BNB/USDT:USDT,780.4,25.0,780.3,1.0,780.45,2637.0,780.5,2485.0
1753531768899,12:09:28.899,BNB/USDT:USDT,780.4,25.0,780.3,1.0,780.45,2637.0,780.5,2485.0
1753531769011,12:09:29.011,BNB/USDT:USDT,780.4,25.0,780.3,1.0,780.45,2637.0,780.5,2485.0
1753531769285,12:09:29.285,BNB/USDT:USDT,780.4,25.0,780.3,1.0,780.45,2561.0,780.5,2409.0
1753531769358,12:09:29.358,BNB/USDT:USDT,780.4,25.0,780.3,1.0,780.45,2561.0,780.5,2409.0
1753531769493,12:09:29.493,BNB/USDT:USDT,780.4,25.0,780.3,1.0,780.45,2561.0,780.5,2409.0
1753531769794,12:09:29.794,BNB/USDT:USDT,780.4,25.0,780.3,1.0,780.45,2561.0,780.5,2409.0
1753531769867,12:09:29.867,BNB/USDT:USDT,780.4,25.0,780.3,1.0,780.45,2637.0,780.5,2485.0
1753531769996,12:09:29.996,BNB/USDT:USDT,780.4,25.0,780.3,1.0,780.45,2637.0,780.5,2485.0
1753531770074,12:09:30.074,BNB/USDT:USDT,780.4,25.0,780.3,1.0,780.45,2617.0,780.5,2485.0
1753531770181,12:09:30.181,BNB/USDT:USDT,780.4,25.0,780.3,1.0,780.45,2646.0,780.5,2485.0
1753531770407,12:09:30.407,BNB/USDT:USDT,780.4,25.0,780.3,1.0,780.45,2646.0,780.5,2485.0
1753531770475,12:09:30.475,BNB/USDT:USDT,780.4,25.0,780.3,1.0,780.45,2646.0,780.5,2485.0
1753531771009,12:09:31.009,BNB/USDT:USDT,780.4,25.0,780.3,1.0,780.45,2646.0,780.5,2485.0
1753531771098,12:09:31.098,BNB/USDT:USDT,780.4,25.0,780.3,1.0,780.45,2646.0,780.5,2485.0
1753531771407,12:09:31.407,BNB/USDT:USDT,780.4,25.0,780.3,1.0,780.45,2646.0,780.5,2485.0
1753531771483,12:09:31.483,BNB/USDT:USDT,780.4,25.0,780.3,1.0,780.45,2636.0,780.5,2485.0
1753531771762,12:09:31.762,BNB/USDT:USDT,780.4,25.0,780.3,1.0,780.45,2636.0,780.5,2485.0
1753531771922,12:09:31.922,BNB/USDT:USDT,780.4,25.0,780.3,1.0,780.45,2733.0,780.5,2485.0
