timestamp,time,symbol,bid1_price,bid1_volume,bid2_price,bid2_volume,ask1_price,ask1_volume,ask2_price,ask2_volume
1753531562000,12:06:02.000,ALGO/USDT:USDT,0.26956,121.0,0.26955,113.0,0.26973,121.0,0.26974,50.0
1753531562344,12:06:02.344,ALGO/USDT:USDT,0.26956,121.0,0.26955,113.0,0.26973,121.0,0.26974,50.0
1753531562866,12:06:02.866,ALGO/USDT:USDT,0.26956,121.0,0.26955,113.0,0.26973,121.0,0.26974,50.0
1753531563025,12:06:03.025,ALGO/USDT:USDT,0.26956,121.0,0.26955,113.0,0.26973,121.0,0.26974,50.0
1753531563884,12:06:03.884,ALGO/USDT:USDT,0.26956,121.0,0.26955,113.0,0.26972,121.0,0.26973,2.0
1753531564263,12:06:04.263,ALGO/USDT:USDT,0.26956,121.0,0.26955,113.0,0.26972,121.0,0.26973,2.0
1753531565183,12:06:05.183,ALGO/USDT:USDT,0.26956,121.0,0.26955,113.0,0.26972,121.0,0.26973,114.0
1753531565218,12:06:05.218,ALGO/USDT:USDT,0.26956,121.0,0.26955,113.0,0.26972,121.0,0.26973,114.0
1753531565720,12:06:05.720,ALGO/USDT:USDT,0.26956,121.0,0.26955,113.0,0.26972,121.0,0.26973,114.0
1753531566223,12:06:06.223,ALGO/USDT:USDT,0.26956,121.0,0.26955,113.0,0.26972,121.0,0.26973,114.0
1753531566540,12:06:06.540,ALGO/USDT:USDT,0.26956,121.0,0.26955,113.0,0.26972,121.0,0.26973,114.0
1753531566670,12:06:06.670,ALGO/USDT:USDT,0.26956,121.0,0.26955,113.0,0.26972,121.0,0.26973,114.0
1753531567192,12:06:07.192,ALGO/USDT:USDT,0.26956,121.0,0.26955,113.0,0.26972,121.0,0.26973,114.0
1753531567258,12:06:07.258,ALGO/USDT:USDT,0.26956,121.0,0.26955,113.0,0.26972,121.0,0.26973,114.0
1753531568698,12:06:08.698,ALGO/USDT:USDT,0.26956,121.0,0.26955,113.0,0.26972,123.0,0.26973,112.0
1753531568769,12:06:08.769,ALGO/USDT:USDT,0.26956,121.0,0.26955,113.0,0.26972,123.0,0.26973,112.0
1753531569018,12:06:09.018,ALGO/USDT:USDT,0.26956,121.0,0.26955,113.0,0.26972,123.0,0.26973,112.0
1753531569328,12:06:09.328,ALGO/USDT:USDT,0.26956,121.0,0.26955,113.0,0.26972,123.0,0.26973,112.0
1753531569630,12:06:09.630,ALGO/USDT:USDT,0.26956,121.0,0.26955,113.0,0.26972,121.0,0.26973,112.0
1753531569793,12:06:09.793,ALGO/USDT:USDT,0.26956,121.0,0.26955,113.0,0.26972,121.0,0.26973,112.0
1753531569827,12:06:09.827,ALGO/USDT:USDT,0.26956,121.0,0.26955,113.0,0.26972,121.0,0.26973,112.0
1753531570024,12:06:10.024,ALGO/USDT:USDT,0.26956,121.0,0.26955,113.0,0.26974,50.0,0.26975,52.0
1753531570120,12:06:10.120,ALGO/USDT:USDT,0.26957,127.0,0.26956,222.0,0.26974,50.0,0.26975,52.0
1753531570960,12:06:10.960,ALGO/USDT:USDT,0.26957,127.0,0.26955,113.0,0.26979,177.0,0.2698,277.0
1753531571077,12:06:11.077,ALGO/USDT:USDT,0.26957,127.0,0.26955,113.0,0.26978,127.0,0.26979,50.0
1753531571900,12:06:11.900,ALGO/USDT:USDT,0.26957,127.0,0.26955,113.0,0.26979,177.0,0.2698,277.0
1753531571913,12:06:11.913,ALGO/USDT:USDT,0.26957,127.0,0.26955,113.0,0.26979,177.0,0.2698,277.0
1753531572041,12:06:12.041,ALGO/USDT:USDT,0.26956,127.0,0.26954,2.0,0.26978,127.0,0.26979,50.0
1753531572250,12:06:12.250,ALGO/USDT:USDT,0.26956,127.0,0.26954,2.0,0.26978,127.0,0.26979,50.0
1753531572486,12:06:12.486,ALGO/USDT:USDT,0.26956,349.0,0.26954,2.0,0.26979,50.0,0.2698,277.0
1753531572588,12:06:12.588,ALGO/USDT:USDT,0.26958,127.0,0.26957,127.0,0.26979,50.0,0.2698,277.0
1753531572816,12:06:12.816,ALGO/USDT:USDT,0.26957,127.0,0.26949,248.0,0.26979,50.0,0.2698,277.0
1753531572912,12:06:12.912,ALGO/USDT:USDT,0.26957,127.0,0.26949,248.0,0.26979,50.0,0.2698,277.0
1753531573418,12:06:13.418,ALGO/USDT:USDT,0.26957,127.0,0.26949,248.0,0.26978,127.0,0.26979,50.0
1753531573525,12:06:13.525,ALGO/USDT:USDT,0.26957,127.0,0.26949,248.0,0.26978,127.0,0.26979,50.0
1753531573865,12:06:13.865,ALGO/USDT:USDT,0.26957,127.0,0.26949,248.0,0.26978,127.0,0.26979,50.0
1753531575792,12:06:15.792,ALGO/USDT:USDT,0.26957,127.0,0.26949,248.0,0.26979,50.0,0.2698,277.0
1753531575859,12:06:15.859,ALGO/USDT:USDT,0.26957,127.0,0.26949,248.0,0.26979,50.0,0.26983,127.0
1753531575920,12:06:15.920,ALGO/USDT:USDT,0.26957,127.0,0.26949,248.0,0.26979,50.0,0.26983,127.0
1753531576826,12:06:16.826,ALGO/USDT:USDT,0.26958,127.0,0.26957,112.0,0.26979,50.0,0.26983,127.0
1753531577423,12:06:17.423,ALGO/USDT:USDT,0.26958,127.0,0.26957,112.0,0.26979,50.0,0.26983,127.0
1753531577505,12:06:17.505,ALGO/USDT:USDT,0.26958,127.0,0.26957,112.0,0.26979,50.0,0.26983,127.0
1753531577793,12:06:17.793,ALGO/USDT:USDT,0.26958,127.0,0.26957,112.0,0.26979,50.0,0.26983,127.0
1753531577950,12:06:17.950,ALGO/USDT:USDT,0.26958,127.0,0.26957,112.0,0.26979,50.0,0.26983,127.0
1753531578308,12:06:18.308,ALGO/USDT:USDT,0.26958,127.0,0.26957,112.0,0.26979,50.0,0.26983,127.0
1753531578803,12:06:18.803,ALGO/USDT:USDT,0.26958,127.0,0.26957,112.0,0.26979,50.0,0.26983,127.0
1753531579267,12:06:19.267,ALGO/USDT:USDT,0.26958,127.0,0.26957,112.0,0.26979,50.0,0.26983,127.0
1753531579666,12:06:19.666,ALGO/USDT:USDT,0.26958,127.0,0.26957,112.0,0.26979,50.0,0.26983,127.0
1753531579704,12:06:19.704,ALGO/USDT:USDT,0.26958,127.0,0.26957,112.0,0.26979,174.0,0.26983,127.0
1753531580176,12:06:20.176,ALGO/USDT:USDT,0.26958,127.0,0.26957,112.0,0.26979,174.0,0.26983,127.0
1753531580486,12:06:20.486,ALGO/USDT:USDT,0.26958,127.0,0.26957,112.0,0.26979,174.0,0.26983,127.0
1753531581860,12:06:21.860,ALGO/USDT:USDT,0.26958,127.0,0.26957,112.0,0.26978,124.0,0.26983,127.0
1753531581960,12:06:21.960,ALGO/USDT:USDT,0.26958,127.0,0.26957,112.0,0.26983,127.0,0.26985,233.0
1753531582225,12:06:22.225,ALGO/USDT:USDT,0.26958,127.0,0.26957,112.0,0.26983,127.0,0.26985,233.0
1753531582371,12:06:22.371,ALGO/USDT:USDT,0.26958,127.0,0.26957,112.0,0.26983,127.0,0.26985,233.0
1753531582889,12:06:22.889,ALGO/USDT:USDT,0.26958,127.0,0.26957,112.0,0.26983,127.0,0.26985,233.0
1753531583365,12:06:23.365,ALGO/USDT:USDT,0.26958,127.0,0.26957,112.0,0.26982,124.0,0.26983,277.0
1753531583404,12:06:23.404,ALGO/USDT:USDT,0.26958,127.0,0.26957,112.0,0.26982,124.0,0.26983,277.0
1753531584363,12:06:24.363,ALGO/USDT:USDT,0.26958,127.0,0.26957,112.0,0.26982,124.0,0.26983,277.0
1753531584908,12:06:24.908,ALGO/USDT:USDT,0.26958,127.0,0.26957,112.0,0.26982,124.0,0.26983,277.0
1753531585397,12:06:25.397,ALGO/USDT:USDT,0.26958,127.0,0.26957,112.0,0.26982,124.0,0.26983,277.0
1753531586454,12:06:26.454,ALGO/USDT:USDT,0.26958,127.0,0.26957,112.0,0.26982,124.0,0.26983,277.0
1753531587026,12:06:27.026,ALGO/USDT:USDT,0.26958,127.0,0.26957,112.0,0.26982,124.0,0.26983,277.0
1753531587120,12:06:27.120,ALGO/USDT:USDT,0.26958,127.0,0.26957,112.0,0.26982,124.0,0.26983,277.0
1753531587919,12:06:27.919,ALGO/USDT:USDT,0.26958,127.0,0.26957,112.0,0.26982,124.0,0.26983,277.0
1753531588459,12:06:28.459,ALGO/USDT:USDT,0.26958,127.0,0.26957,112.0,0.26982,124.0,0.26983,277.0
1753531589275,12:06:29.275,ALGO/USDT:USDT,0.26958,127.0,0.26957,112.0,0.26982,124.0,0.26983,277.0
1753531590514,12:06:30.514,ALGO/USDT:USDT,0.26958,127.0,0.26957,112.0,0.26982,124.0,0.26983,277.0
1753531591026,12:06:31.026,ALGO/USDT:USDT,0.26958,127.0,0.26957,112.0,0.26982,124.0,0.26983,277.0
1753531591143,12:06:31.143,ALGO/USDT:USDT,0.26958,127.0,0.26957,112.0,0.26982,124.0,0.26983,277.0
1753531591825,12:06:31.825,ALGO/USDT:USDT,0.26958,127.0,0.26957,112.0,0.26982,124.0,0.26983,277.0
1753531591904,12:06:31.904,ALGO/USDT:USDT,0.26958,127.0,0.26957,112.0,0.26982,124.0,0.26983,277.0
1753531593487,12:06:33.487,ALGO/USDT:USDT,0.26958,127.0,0.26957,112.0,0.26981,277.0,0.26982,124.0
1753531593590,12:06:33.590,ALGO/USDT:USDT,0.26958,127.0,0.26957,112.0,0.2698,124.0,0.26981,277.0
1753531593874,12:06:33.874,ALGO/USDT:USDT,0.26958,127.0,0.26957,112.0,0.2698,124.0,0.26981,277.0
1753531594084,12:06:34.084,ALGO/USDT:USDT,0.26958,127.0,0.26957,112.0,0.2698,124.0,0.26981,277.0
1753531595942,12:06:35.942,ALGO/USDT:USDT,0.26958,127.0,0.26957,112.0,0.2698,124.0,0.26981,277.0
1753531596003,12:06:36.003,ALGO/USDT:USDT,0.26958,127.0,0.26957,112.0,0.2698,124.0,0.26981,277.0
1753531596424,12:06:36.424,ALGO/USDT:USDT,0.26958,127.0,0.26957,112.0,0.2698,124.0,0.26981,277.0
1753531596644,12:06:36.644,ALGO/USDT:USDT,0.26958,127.0,0.26957,112.0,0.2698,124.0,0.26981,277.0
1753531596940,12:06:36.940,ALGO/USDT:USDT,0.26958,127.0,0.26957,112.0,0.2698,124.0,0.26981,277.0
1753531597546,12:06:37.546,ALGO/USDT:USDT,0.26958,127.0,0.26957,112.0,0.2698,124.0,0.26981,734.0
1753531597604,12:06:37.604,ALGO/USDT:USDT,0.26958,127.0,0.26957,112.0,0.2698,124.0,0.26981,734.0
1753531597934,12:06:37.934,ALGO/USDT:USDT,0.26958,127.0,0.26957,112.0,0.2698,124.0,0.26981,734.0
1753531598129,12:06:38.129,ALGO/USDT:USDT,0.26958,127.0,0.26957,112.0,0.2698,124.0,0.26981,734.0
1753531598232,12:06:38.232,ALGO/USDT:USDT,0.26958,127.0,0.26957,112.0,0.2698,124.0,0.26981,734.0
1753531598455,12:06:38.455,ALGO/USDT:USDT,0.26958,127.0,0.26957,112.0,0.2698,124.0,0.26981,734.0
1753531598923,12:06:38.923,ALGO/USDT:USDT,0.26958,127.0,0.26957,112.0,0.2698,124.0,0.26981,734.0
1753531599460,12:06:39.460,ALGO/USDT:USDT,0.26958,127.0,0.26957,112.0,0.2698,124.0,0.26981,734.0
1753531599977,12:06:39.977,ALGO/USDT:USDT,0.26958,127.0,0.26957,112.0,0.2698,124.0,0.26981,734.0
1753531600192,12:06:40.192,ALGO/USDT:USDT,0.26958,127.0,0.26957,112.0,0.26982,124.0,0.26985,233.0
1753531600204,12:06:40.204,ALGO/USDT:USDT,0.26958,127.0,0.26957,112.0,0.26982,124.0,0.26985,233.0
1753531600518,12:06:40.518,ALGO/USDT:USDT,0.26958,127.0,0.26957,112.0,0.26982,124.0,0.26985,233.0
1753531601424,12:06:41.424,ALGO/USDT:USDT,0.26958,127.0,0.26957,112.0,0.26982,124.0,0.26985,233.0
1753531601547,12:06:41.547,ALGO/USDT:USDT,0.26958,127.0,0.26957,112.0,0.26982,124.0,0.26985,233.0
1753531602029,12:06:42.029,ALGO/USDT:USDT,0.26958,127.0,0.26957,112.0,0.26982,124.0,0.26985,233.0
1753531603310,12:06:43.310,ALGO/USDT:USDT,0.26958,127.0,0.26957,112.0,0.26982,124.0,0.26985,233.0
1753531603996,12:06:43.996,ALGO/USDT:USDT,0.26958,127.0,0.26957,112.0,0.26982,124.0,0.26985,233.0
1753531604089,12:06:44.089,ALGO/USDT:USDT,0.26958,127.0,0.26957,112.0,0.26982,401.0,0.26985,233.0
1753531604188,12:06:44.188,ALGO/USDT:USDT,0.26958,129.0,0.26957,112.0,0.26978,122.0,0.26979,172.0
1753531604226,12:06:44.226,ALGO/USDT:USDT,0.26959,122.0,0.26958,2.0,0.26977,122.0,0.26978,116.0
1753531604397,12:06:44.397,ALGO/USDT:USDT,0.26959,122.0,0.26957,112.0,0.26977,122.0,0.26978,116.0
1753531604569,12:06:44.569,ALGO/USDT:USDT,0.26959,122.0,0.26957,112.0,0.26975,122.0,0.26976,50.0
1753531605093,12:06:45.093,ALGO/USDT:USDT,0.26959,122.0,0.26958,4.0,0.26975,122.0,0.26976,50.0
1753531605282,12:06:45.282,ALGO/USDT:USDT,0.26959,122.0,0.26958,4.0,0.26975,122.0,0.26976,54.0
1753531605535,12:06:45.535,ALGO/USDT:USDT,0.26959,122.0,0.26958,4.0,0.26975,122.0,0.26976,54.0
1753531605967,12:06:45.967,ALGO/USDT:USDT,0.26959,122.0,0.26958,4.0,0.26975,122.0,0.26976,54.0
1753531606225,12:06:46.225,ALGO/USDT:USDT,0.26959,122.0,0.26958,4.0,0.26975,122.0,0.26976,54.0
1753531606386,12:06:46.386,ALGO/USDT:USDT,0.26959,122.0,0.26958,4.0,0.26975,122.0,0.26976,54.0
1753531606497,12:06:46.497,ALGO/USDT:USDT,0.26959,122.0,0.26958,4.0,0.26975,122.0,0.26976,54.0
1753531606893,12:06:46.893,ALGO/USDT:USDT,0.26959,122.0,0.26958,4.0,0.26975,122.0,0.26976,52.0
1753531607529,12:06:47.529,ALGO/USDT:USDT,0.26959,122.0,0.26958,4.0,0.26974,122.0,0.26975,50.0
1753531607604,12:06:47.604,ALGO/USDT:USDT,0.26959,122.0,0.26958,4.0,0.26974,122.0,0.26975,50.0
1753531609384,12:06:49.384,ALGO/USDT:USDT,0.26959,122.0,0.26958,4.0,0.26974,122.0,0.26975,50.0
1753531609542,12:06:49.542,ALGO/USDT:USDT,0.26959,122.0,0.26958,4.0,0.26974,122.0,0.26975,50.0
1753531610033,12:06:50.033,ALGO/USDT:USDT,0.26959,122.0,0.26958,4.0,0.26974,122.0,0.26975,50.0
1753531610381,12:06:50.381,ALGO/USDT:USDT,0.26959,122.0,0.26957,112.0,0.26974,124.0,0.26975,50.0
1753531610450,12:06:50.450,ALGO/USDT:USDT,0.26959,122.0,0.26958,2.0,0.26974,124.0,0.26975,50.0
1753531610514,12:06:50.514,ALGO/USDT:USDT,0.26959,122.0,0.26958,4.0,0.26974,124.0,0.26975,50.0
1753531611026,12:06:51.026,ALGO/USDT:USDT,0.26959,122.0,0.26958,4.0,0.26974,124.0,0.26975,50.0
1753531611721,12:06:51.721,ALGO/USDT:USDT,0.26959,122.0,0.26958,4.0,0.26974,124.0,0.26975,50.0
1753531612101,12:06:52.101,ALGO/USDT:USDT,0.26959,122.0,0.26958,4.0,0.26974,124.0,0.26975,50.0
1753531612977,12:06:52.977,ALGO/USDT:USDT,0.26959,122.0,0.26958,4.0,0.26975,50.0,0.26976,50.0
1753531613445,12:06:53.445,ALGO/USDT:USDT,0.26959,122.0,0.26958,4.0,0.26975,124.0,0.26976,50.0
1753531613543,12:06:53.543,ALGO/USDT:USDT,0.26959,122.0,0.26958,4.0,0.26975,124.0,0.26976,50.0
1753531614037,12:06:54.037,ALGO/USDT:USDT,0.26959,122.0,0.26958,4.0,0.26975,124.0,0.26976,50.0
1753531614233,12:06:54.233,ALGO/USDT:USDT,0.26959,122.0,0.26958,4.0,0.26975,124.0,0.26976,50.0
1753531614552,12:06:54.552,ALGO/USDT:USDT,0.26959,122.0,0.26958,4.0,0.26975,124.0,0.26976,50.0
1753531614862,12:06:54.862,ALGO/USDT:USDT,0.26959,122.0,0.26958,4.0,0.26975,124.0,0.26976,50.0
1753531615825,12:06:55.825,ALGO/USDT:USDT,0.26959,122.0,0.26958,4.0,0.26975,124.0,0.26976,50.0
1753531617352,12:06:57.352,ALGO/USDT:USDT,0.26959,122.0,0.26958,4.0,0.26974,124.0,0.26975,2.0
1753531617797,12:06:57.797,ALGO/USDT:USDT,0.26959,122.0,0.26958,4.0,0.26974,124.0,0.26975,2.0
1753531618173,12:06:58.173,ALGO/USDT:USDT,0.26959,122.0,0.26958,4.0,0.26974,124.0,0.26975,2.0
1753531618438,12:06:58.438,ALGO/USDT:USDT,0.26959,122.0,0.26958,4.0,0.26974,124.0,0.26975,2.0
1753531620625,12:07:00.625,ALGO/USDT:USDT,0.26959,122.0,0.26958,4.0,0.26974,124.0,0.26975,2.0
1753531621483,12:07:01.483,ALGO/USDT:USDT,0.26959,122.0,0.26958,4.0,0.26974,124.0,0.26975,2.0
1753531622801,12:07:02.801,ALGO/USDT:USDT,0.26957,112.0,0.26956,126.0,0.26973,126.0,0.26974,2.0
1753531622810,12:07:02.810,ALGO/USDT:USDT,0.26957,126.0,0.26949,248.0,0.26973,126.0,0.26974,2.0
1753531622909,12:07:02.909,ALGO/USDT:USDT,0.26957,126.0,0.26949,248.0,0.26973,126.0,0.26974,2.0
1753531623536,12:07:03.536,ALGO/USDT:USDT,0.26957,126.0,0.26949,248.0,0.26973,126.0,0.26974,2.0
1753531625093,12:07:05.093,ALGO/USDT:USDT,0.26957,126.0,0.26949,248.0,0.26973,126.0,0.26974,2.0
1753531625425,12:07:05.425,ALGO/USDT:USDT,0.26957,126.0,0.26949,248.0,0.26973,126.0,0.26974,2.0
1753531625914,12:07:05.914,ALGO/USDT:USDT,0.26957,126.0,0.26949,248.0,0.26973,126.0,0.26974,2.0
1753531626232,12:07:06.232,ALGO/USDT:USDT,0.26957,126.0,0.26949,248.0,0.26973,126.0,0.26974,2.0
1753531626409,12:07:06.409,ALGO/USDT:USDT,0.26958,126.0,0.26957,111.0,0.26973,126.0,0.26974,2.0
1753531626541,12:07:06.541,ALGO/USDT:USDT,0.26958,126.0,0.26957,111.0,0.26973,126.0,0.26974,2.0
1753531626997,12:07:06.997,ALGO/USDT:USDT,0.26959,126.0,0.26958,128.0,0.26973,126.0,0.26976,50.0
1753531627151,12:07:07.151,ALGO/USDT:USDT,0.26959,126.0,0.26958,2.0,0.26973,126.0,0.26976,50.0
1753531627270,12:07:07.270,ALGO/USDT:USDT,0.26959,126.0,0.26958,2.0,0.26972,126.0,0.26973,128.0
1753531627470,12:07:07.470,ALGO/USDT:USDT,0.26959,126.0,0.26958,2.0,0.26972,126.0,0.26973,2.0
1753531627585,12:07:07.585,ALGO/USDT:USDT,0.26959,126.0,0.26957,111.0,0.26972,126.0,0.26973,4.0
1753531627779,12:07:07.779,ALGO/USDT:USDT,0.26959,126.0,0.26957,111.0,0.26972,126.0,0.26973,4.0
1753531627973,12:07:07.973,ALGO/USDT:USDT,0.26959,126.0,0.26958,2.0,0.26972,126.0,0.26973,4.0
1753531628094,12:07:08.094,ALGO/USDT:USDT,0.26959,126.0,0.26958,2.0,0.26972,126.0,0.26973,4.0
1753531628422,12:07:08.422,ALGO/USDT:USDT,0.26959,126.0,0.26958,2.0,0.26972,126.0,0.26973,2.0
1753531628602,12:07:08.602,ALGO/USDT:USDT,0.26959,126.0,0.26958,2.0,0.26972,126.0,0.26973,2.0
1753531629011,12:07:09.011,ALGO/USDT:USDT,0.26959,126.0,0.26958,2.0,0.26972,126.0,0.26973,2.0
1753531629164,12:07:09.164,ALGO/USDT:USDT,0.26959,126.0,0.26958,2.0,0.26972,126.0,0.26973,2.0
1753531629294,12:07:09.294,ALGO/USDT:USDT,0.26959,126.0,0.26958,2.0,0.26972,126.0,0.26973,4.0
1753531629382,12:07:09.382,ALGO/USDT:USDT,0.26959,126.0,0.26958,2.0,0.26972,126.0,0.26973,4.0
1753531629404,12:07:09.404,ALGO/USDT:USDT,0.26959,126.0,0.26958,2.0,0.26972,126.0,0.26973,4.0
1753531630244,12:07:10.244,ALGO/USDT:USDT,0.26959,126.0,0.26958,2.0,0.26972,126.0,0.26973,4.0
1753531630304,12:07:10.304,ALGO/USDT:USDT,0.26959,126.0,0.26958,2.0,0.26972,126.0,0.26973,4.0
1753531630697,12:07:10.697,ALGO/USDT:USDT,0.26959,126.0,0.26958,2.0,0.26972,126.0,0.26973,4.0
1753531630989,12:07:10.989,ALGO/USDT:USDT,0.26959,126.0,0.26958,4.0,0.26972,126.0,0.26976,50.0
1753531631462,12:07:11.462,ALGO/USDT:USDT,0.26959,126.0,0.26958,4.0,0.26972,126.0,0.26976,50.0
1753531631975,12:07:11.975,ALGO/USDT:USDT,0.26959,126.0,0.26958,4.0,0.26971,123.0,0.26972,2.0
1753531633164,12:07:13.164,ALGO/USDT:USDT,0.26959,126.0,0.26958,4.0,0.26976,50.0,0.26977,172.0
1753531633247,12:07:13.247,ALGO/USDT:USDT,0.2696,123.0,0.26959,50.0,0.26976,50.0,0.26979,122.0
1753531633394,12:07:13.394,ALGO/USDT:USDT,0.2696,123.0,0.26959,50.0,0.26976,50.0,0.26979,122.0
1753531633969,12:07:13.969,ALGO/USDT:USDT,0.2696,123.0,0.26959,50.0,0.26976,50.0,0.26979,122.0
1753531634245,12:07:14.245,ALGO/USDT:USDT,0.26962,123.0,0.26961,50.0,0.26976,50.0,0.26979,122.0
1753531634892,12:07:14.892,ALGO/USDT:USDT,0.26962,123.0,0.26961,50.0,0.26975,123.0,0.26976,52.0
1753531634942,12:07:14.942,ALGO/USDT:USDT,0.26962,123.0,0.26961,50.0,0.26975,123.0,0.26976,54.0
1753531635061,12:07:15.061,ALGO/USDT:USDT,0.26962,123.0,0.26961,50.0,0.26975,123.0,0.26976,54.0
1753531635200,12:07:15.200,ALGO/USDT:USDT,0.26962,123.0,0.26961,50.0,0.26975,123.0,0.26976,2.0
1753531635781,12:07:15.781,ALGO/USDT:USDT,0.26962,123.0,0.26961,50.0,0.26975,123.0,0.26976,2.0
1753531636614,12:07:16.614,ALGO/USDT:USDT,0.26962,123.0,0.26961,50.0,0.26975,123.0,0.26976,2.0
1753531636884,12:07:16.884,ALGO/USDT:USDT,0.26963,123.0,0.26962,127.0,0.26976,2.0,0.26979,122.0
1753531636977,12:07:16.977,ALGO/USDT:USDT,0.26963,123.0,0.26962,4.0,0.26976,2.0,0.26979,122.0
1753531637014,12:07:17.014,ALGO/USDT:USDT,0.26963,123.0,0.26962,4.0,0.26976,2.0,0.26979,122.0
1753531637178,12:07:17.178,ALGO/USDT:USDT,0.26963,123.0,0.26962,4.0,0.26975,123.0,0.26976,2.0
1753531637575,12:07:17.575,ALGO/USDT:USDT,0.26963,123.0,0.26962,4.0,0.26975,123.0,0.26976,2.0
1753531637809,12:07:17.809,ALGO/USDT:USDT,0.26963,123.0,0.26962,4.0,0.26975,123.0,0.26976,2.0
1753531638085,12:07:18.085,ALGO/USDT:USDT,0.26963,123.0,0.26962,4.0,0.26975,123.0,0.26976,2.0
1753531638185,12:07:18.185,ALGO/USDT:USDT,0.26962,123.0,0.26961,4.0,0.26975,123.0,0.26976,2.0
1753531638230,12:07:18.230,ALGO/USDT:USDT,0.26958,123.0,0.2695,50.0,0.26974,123.0,0.26975,234.0
1753531638378,12:07:18.378,ALGO/USDT:USDT,0.26958,123.0,0.2695,50.0,0.26974,123.0,0.26975,111.0
1753531638488,12:07:18.488,ALGO/USDT:USDT,0.26958,123.0,0.2695,50.0,0.26974,123.0,0.26975,111.0
1753531638540,12:07:18.540,ALGO/USDT:USDT,0.26958,123.0,0.2695,50.0,0.26974,123.0,0.26975,111.0
1753531638612,12:07:18.612,ALGO/USDT:USDT,0.26958,123.0,0.2695,50.0,0.26974,123.0,0.26975,111.0
1753531638856,12:07:18.856,ALGO/USDT:USDT,0.26958,123.0,0.2695,50.0,0.26974,123.0,0.26975,111.0
1753531639156,12:07:19.156,ALGO/USDT:USDT,0.26958,123.0,0.2695,50.0,0.26974,123.0,0.26975,111.0
1753531639825,12:07:19.825,ALGO/USDT:USDT,0.26958,123.0,0.2695,50.0,0.26974,123.0,0.26975,111.0
1753531640435,12:07:20.435,ALGO/USDT:USDT,0.26958,123.0,0.2695,50.0,0.26974,123.0,0.26975,111.0
1753531640504,12:07:20.504,ALGO/USDT:USDT,0.26958,123.0,0.2695,50.0,0.26974,123.0,0.26975,111.0
1753531641160,12:07:21.160,ALGO/USDT:USDT,0.26958,123.0,0.2695,50.0,0.26974,123.0,0.26975,111.0
1753531641714,12:07:21.714,ALGO/USDT:USDT,0.26958,123.0,0.2695,50.0,0.26974,123.0,0.26975,111.0
1753531641824,12:07:21.824,ALGO/USDT:USDT,0.26959,124.0,0.26958,2.0,0.26974,123.0,0.26975,111.0
1753531641907,12:07:21.907,ALGO/USDT:USDT,0.2696,124.0,0.26959,235.0,0.26974,123.0,0.26975,111.0
1753531642061,12:07:22.061,ALGO/USDT:USDT,0.2696,124.0,0.26959,111.0,0.26974,123.0,0.26975,111.0
1753531642465,12:07:22.465,ALGO/USDT:USDT,0.2696,124.0,0.26959,111.0,0.26974,123.0,0.26975,111.0
1753531642806,12:07:22.806,ALGO/USDT:USDT,0.2696,126.0,0.26959,111.0,0.26974,123.0,0.26975,111.0
1753531643424,12:07:23.424,ALGO/USDT:USDT,0.26961,124.0,0.2696,126.0,0.26974,123.0,0.26975,111.0
1753531643575,12:07:23.575,ALGO/USDT:USDT,0.26961,124.0,0.2696,2.0,0.26974,123.0,0.26975,111.0
1753531643615,12:07:23.615,ALGO/USDT:USDT,0.26961,124.0,0.2696,2.0,0.26974,123.0,0.26975,111.0
1753531643864,12:07:23.864,ALGO/USDT:USDT,0.26961,124.0,0.2696,2.0,0.26974,123.0,0.26975,111.0
1753531643904,12:07:23.904,ALGO/USDT:USDT,0.26961,124.0,0.2696,2.0,0.26974,123.0,0.26975,111.0
1753531644012,12:07:24.012,ALGO/USDT:USDT,0.26961,124.0,0.2696,2.0,0.26974,123.0,0.26975,111.0
1753531644265,12:07:24.265,ALGO/USDT:USDT,0.26961,124.0,0.2696,2.0,0.26974,123.0,0.26976,2.0
1753531644482,12:07:24.482,ALGO/USDT:USDT,0.26961,124.0,0.2696,2.0,0.26974,123.0,0.26976,2.0
1753531644626,12:07:24.626,ALGO/USDT:USDT,0.26961,124.0,0.2696,2.0,0.26974,123.0,0.26976,2.0
1753531645244,12:07:25.244,ALGO/USDT:USDT,0.26961,124.0,0.2696,2.0,0.26976,124.0,0.26979,122.0
1753531645387,12:07:25.387,ALGO/USDT:USDT,0.26961,124.0,0.2696,2.0,0.26979,122.0,0.2698,50.0
1753531646078,12:07:26.078,ALGO/USDT:USDT,0.26961,124.0,0.2696,2.0,0.26979,122.0,0.26985,233.0
1753531646114,12:07:26.114,ALGO/USDT:USDT,0.26961,124.0,0.2696,2.0,0.26979,122.0,0.26985,233.0
1753531646364,12:07:26.364,ALGO/USDT:USDT,0.26961,124.0,0.2696,2.0,0.26979,122.0,0.26985,233.0
1753531646858,12:07:26.858,ALGO/USDT:USDT,0.2696,124.0,0.26959,111.0,0.26979,122.0,0.26985,233.0
1753531646997,12:07:26.997,ALGO/USDT:USDT,0.2696,124.0,0.26958,124.0,0.26979,122.0,0.26985,233.0
1753531647087,12:07:27.087,ALGO/USDT:USDT,0.26958,124.0,0.2695,50.0,0.26976,124.0,0.26977,174.0
1753531647240,12:07:27.240,ALGO/USDT:USDT,0.26958,124.0,0.2695,50.0,0.26976,124.0,0.26977,50.0
1753531647699,12:07:27.699,ALGO/USDT:USDT,0.26958,124.0,0.2695,50.0,0.26976,124.0,0.26977,50.0
1753531647946,12:07:27.946,ALGO/USDT:USDT,0.26958,124.0,0.2695,50.0,0.26976,124.0,0.26977,50.0
1753531648011,12:07:28.011,ALGO/USDT:USDT,0.26958,124.0,0.2695,50.0,0.26976,124.0,0.26977,50.0
1753531648584,12:07:28.584,ALGO/USDT:USDT,0.26958,124.0,0.2695,50.0,0.26976,124.0,0.26978,50.0
1753531648878,12:07:28.878,ALGO/USDT:USDT,0.26958,124.0,0.2695,50.0,0.26976,124.0,0.26978,50.0
1753531649144,12:07:29.144,ALGO/USDT:USDT,0.26959,124.0,0.26958,110.0,0.26974,124.0,0.26975,4.0
1753531649425,12:07:29.425,ALGO/USDT:USDT,0.26959,124.0,0.26958,110.0,0.26974,124.0,0.26975,4.0
1753531649737,12:07:29.737,ALGO/USDT:USDT,0.26959,124.0,0.26958,110.0,0.26974,124.0,0.26975,4.0
1753531650011,12:07:30.011,ALGO/USDT:USDT,0.26959,124.0,0.26958,110.0,0.26974,124.0,0.26975,4.0
1753531650158,12:07:30.158,ALGO/USDT:USDT,0.26959,124.0,0.26958,110.0,0.26974,124.0,0.26975,4.0
1753531651258,12:07:31.258,ALGO/USDT:USDT,0.26959,124.0,0.26958,110.0,0.26974,124.0,0.26975,4.0
1753531651305,12:07:31.305,ALGO/USDT:USDT,0.26959,124.0,0.26958,110.0,0.26974,124.0,0.26975,4.0
1753531651687,12:07:31.687,ALGO/USDT:USDT,0.26959,124.0,0.26958,110.0,0.26974,124.0,0.26975,4.0
1753531652266,12:07:32.266,ALGO/USDT:USDT,0.26953,121.0,0.2695,50.0,0.26974,124.0,0.26975,4.0
1753531652344,12:07:32.344,ALGO/USDT:USDT,0.26953,121.0,0.2695,50.0,0.26974,124.0,0.26975,4.0
1753531652405,12:07:32.405,ALGO/USDT:USDT,0.26953,121.0,0.2695,50.0,0.26974,124.0,0.26975,4.0
1753531652566,12:07:32.566,ALGO/USDT:USDT,0.26953,121.0,0.2695,50.0,0.26974,124.0,0.26975,4.0
1753531653523,12:07:33.523,ALGO/USDT:USDT,0.26953,121.0,0.2695,50.0,0.26974,124.0,0.26975,4.0
1753531654023,12:07:34.023,ALGO/USDT:USDT,0.26953,121.0,0.2695,50.0,0.26974,124.0,0.26975,4.0
1753531654227,12:07:34.227,ALGO/USDT:USDT,0.26953,121.0,0.2695,50.0,0.26974,124.0,0.26975,4.0
1753531654999,12:07:34.999,ALGO/USDT:USDT,0.26951,121.0,0.2695,171.0,0.2697,121.0,0.26971,77.0
1753531655093,12:07:35.093,ALGO/USDT:USDT,0.26951,121.0,0.2695,171.0,0.2697,121.0,0.26971,77.0
1753531655195,12:07:35.195,ALGO/USDT:USDT,0.26951,121.0,0.2695,50.0,0.2697,121.0,0.26971,77.0
1753531655284,12:07:35.284,ALGO/USDT:USDT,0.26951,121.0,0.2695,50.0,0.2697,121.0,0.26971,77.0
1753531655347,12:07:35.347,ALGO/USDT:USDT,0.26951,121.0,0.2695,50.0,0.2697,121.0,0.26971,77.0
1753531655587,12:07:35.587,ALGO/USDT:USDT,0.26935,124.0,0.26934,83.0,0.2697,121.0,0.26971,77.0
1753531655689,12:07:35.689,ALGO/USDT:USDT,0.26935,124.0,0.26934,83.0,0.26969,121.0,0.2697,277.0
1753531655710,12:07:35.710,ALGO/USDT:USDT,0.26935,124.0,0.26934,83.0,0.26969,121.0,0.2697,277.0
1753531655809,12:07:35.809,ALGO/USDT:USDT,0.26935,124.0,0.26934,83.0,0.26968,121.0,0.26969,83.0
1753531655988,12:07:35.988,ALGO/USDT:USDT,0.26937,171.0,0.26936,50.0,0.26968,121.0,0.26969,83.0
1753531656067,12:07:36.067,ALGO/USDT:USDT,0.26939,121.0,0.26938,50.0,0.26968,121.0,0.26969,83.0
1753531656196,12:07:36.196,ALGO/USDT:USDT,0.26939,121.0,0.26938,50.0,0.26968,121.0,0.26969,83.0
1753531656290,12:07:36.290,ALGO/USDT:USDT,0.26939,121.0,0.26938,50.0,0.26968,121.0,0.26969,83.0
1753531656387,12:07:36.387,ALGO/USDT:USDT,0.26939,121.0,0.26938,50.0,0.26966,121.0,0.26967,277.0
1753531656453,12:07:36.453,ALGO/USDT:USDT,0.26939,121.0,0.26938,50.0,0.26965,121.0,0.26966,232.0
1753531656586,12:07:36.586,ALGO/USDT:USDT,0.26939,121.0,0.26938,50.0,0.26965,121.0,0.26966,194.0
1753531656686,12:07:36.686,ALGO/USDT:USDT,0.26939,121.0,0.26938,50.0,0.26964,121.0,0.26965,277.0
1753531656792,12:07:36.792,ALGO/USDT:USDT,0.26939,121.0,0.26938,50.0,0.26964,121.0,0.26965,277.0
1753531656897,12:07:36.897,ALGO/USDT:USDT,0.26939,121.0,0.26938,50.0,0.26964,121.0,0.26965,277.0
1753531657387,12:07:37.387,ALGO/USDT:USDT,0.26939,121.0,0.26938,50.0,0.26964,121.0,0.26965,277.0
1753531657685,12:07:37.685,ALGO/USDT:USDT,0.26939,121.0,0.26938,50.0,0.26964,121.0,0.26965,277.0
1753531657767,12:07:37.767,ALGO/USDT:USDT,0.26939,121.0,0.26938,50.0,0.26964,121.0,0.26965,277.0
1753531657945,12:07:37.945,ALGO/USDT:USDT,0.26939,121.0,0.26937,50.0,0.26964,121.0,0.26965,277.0
1753531659031,12:07:39.031,ALGO/USDT:USDT,0.26939,121.0,0.26937,50.0,0.26964,121.0,0.26965,277.0
1753531660059,12:07:40.059,ALGO/USDT:USDT,0.26939,121.0,0.26937,50.0,0.26964,121.0,0.26965,277.0
1753531660401,12:07:40.401,ALGO/USDT:USDT,0.26939,121.0,0.26937,50.0,0.26964,121.0,0.26965,277.0
1753531660575,12:07:40.575,ALGO/USDT:USDT,0.26939,121.0,0.26937,50.0,0.26964,121.0,0.26965,277.0
1753531661085,12:07:41.085,ALGO/USDT:USDT,0.26939,121.0,0.26937,50.0,0.26964,121.0,0.26965,277.0
1753531661111,12:07:41.111,ALGO/USDT:USDT,0.26939,121.0,0.26937,50.0,0.26964,121.0,0.26965,277.0
1753531661592,12:07:41.592,ALGO/USDT:USDT,0.26939,121.0,0.26937,50.0,0.26964,121.0,0.26965,277.0
1753531661899,12:07:41.899,ALGO/USDT:USDT,0.26939,121.0,0.26936,50.0,0.26964,121.0,0.26965,277.0
1753531661953,12:07:41.953,ALGO/USDT:USDT,0.26939,121.0,0.26936,50.0,0.26964,121.0,0.26965,277.0
1753531662010,12:07:42.010,ALGO/USDT:USDT,0.26939,121.0,0.26936,50.0,0.26964,121.0,0.26965,277.0
1753531662137,12:07:42.137,ALGO/USDT:USDT,0.26939,121.0,0.26936,50.0,0.26964,121.0,0.26965,277.0
1753531662404,12:07:42.404,ALGO/USDT:USDT,0.26939,121.0,0.26936,50.0,0.26964,121.0,0.26965,277.0
1753531663030,12:07:43.030,ALGO/USDT:USDT,0.26939,121.0,0.26936,50.0,0.26963,126.0,0.26964,83.0
1753531663156,12:07:43.156,ALGO/USDT:USDT,0.26939,121.0,0.26936,50.0,0.26963,126.0,0.26964,83.0
1753531663259,12:07:43.259,ALGO/USDT:USDT,0.26939,121.0,0.26936,50.0,0.26963,126.0,0.26964,83.0
1753531663364,12:07:43.364,ALGO/USDT:USDT,0.26939,121.0,0.26936,50.0,0.26963,126.0,0.26965,277.0
1753531664158,12:07:44.158,ALGO/USDT:USDT,0.26939,121.0,0.26936,50.0,0.26963,126.0,0.26965,277.0
1753531664570,12:07:44.570,ALGO/USDT:USDT,0.26939,121.0,0.26936,50.0,0.26963,126.0,0.26965,277.0
1753531664827,12:07:44.827,ALGO/USDT:USDT,0.26939,121.0,0.26936,50.0,0.26963,126.0,0.26965,277.0
1753531664904,12:07:44.904,ALGO/USDT:USDT,0.26939,121.0,0.26936,50.0,0.26963,126.0,0.26965,277.0
1753531665175,12:07:45.175,ALGO/USDT:USDT,0.26939,121.0,0.26936,50.0,0.26963,126.0,0.26965,277.0
1753531665665,12:07:45.665,ALGO/USDT:USDT,0.26939,121.0,0.26936,50.0,0.26962,126.0,0.26963,457.0
1753531665786,12:07:45.786,ALGO/USDT:USDT,0.26939,121.0,0.26936,50.0,0.26962,126.0,0.26963,457.0
1753531665872,12:07:45.872,ALGO/USDT:USDT,0.26939,121.0,0.26936,50.0,0.26962,126.0,0.26963,457.0
1753531666084,12:07:46.084,ALGO/USDT:USDT,0.26939,121.0,0.26936,50.0,0.26962,263.0,0.26963,457.0
1753531666198,12:07:46.198,ALGO/USDT:USDT,0.26939,121.0,0.26936,50.0,0.26961,126.0,0.26962,137.0
1753531666612,12:07:46.612,ALGO/USDT:USDT,0.26939,121.0,0.26936,50.0,0.26961,126.0,0.26962,137.0
1753531666785,12:07:46.785,ALGO/USDT:USDT,0.26939,121.0,0.26936,50.0,0.26961,126.0,0.26962,137.0
1753531667453,12:07:47.453,ALGO/USDT:USDT,0.26939,121.0,0.26936,50.0,0.26961,126.0,0.26962,137.0
1753531667754,12:07:47.754,ALGO/USDT:USDT,0.26939,121.0,0.26936,50.0,0.26961,126.0,0.26962,137.0
1753531668282,12:07:48.282,ALGO/USDT:USDT,0.26939,121.0,0.26936,50.0,0.26961,126.0,0.26962,137.0
1753531668544,12:07:48.544,ALGO/USDT:USDT,0.26939,121.0,0.26936,50.0,0.26961,126.0,0.26962,137.0
1753531668738,12:07:48.738,ALGO/USDT:USDT,0.26939,121.0,0.26936,50.0,0.26961,126.0,0.26962,137.0
1753531668821,12:07:48.821,ALGO/USDT:USDT,0.26939,121.0,0.26936,50.0,0.26961,126.0,0.26962,137.0
1753531668964,12:07:48.964,ALGO/USDT:USDT,0.26939,121.0,0.26936,127.0,0.26961,126.0,0.26965,277.0
1753531669024,12:07:49.024,ALGO/USDT:USDT,0.26939,121.0,0.26936,127.0,0.26961,126.0,0.26965,277.0
1753531669258,12:07:49.258,ALGO/USDT:USDT,0.26939,121.0,0.26936,50.0,0.26961,126.0,0.26965,277.0
1753531669344,12:07:49.344,ALGO/USDT:USDT,0.26939,121.0,0.26936,50.0,0.26961,126.0,0.26965,277.0
1753531669627,12:07:49.627,ALGO/USDT:USDT,0.26939,121.0,0.26936,50.0,0.26961,126.0,0.26965,277.0
1753531669966,12:07:49.966,ALGO/USDT:USDT,0.26939,121.0,0.26936,50.0,0.26961,126.0,0.26965,277.0
1753531670004,12:07:50.004,ALGO/USDT:USDT,0.26939,121.0,0.26936,50.0,0.26961,126.0,0.26965,277.0
1753531671198,12:07:51.198,ALGO/USDT:USDT,0.26939,121.0,0.26936,50.0,0.26961,126.0,0.26965,277.0
1753531672383,12:07:52.383,ALGO/USDT:USDT,0.26939,121.0,0.26936,50.0,0.26961,126.0,0.26965,277.0
1753531672415,12:07:52.415,ALGO/USDT:USDT,0.26939,121.0,0.26936,50.0,0.26961,126.0,0.26965,277.0
1753531672844,12:07:52.844,ALGO/USDT:USDT,0.26939,121.0,0.26936,50.0,0.26961,126.0,0.26965,277.0
1753531673176,12:07:53.176,ALGO/USDT:USDT,0.26939,121.0,0.26936,50.0,0.26961,126.0,0.26965,277.0
1753531673592,12:07:53.592,ALGO/USDT:USDT,0.26939,121.0,0.26936,50.0,0.26961,126.0,0.26965,277.0
1753531674077,12:07:54.077,ALGO/USDT:USDT,0.26939,121.0,0.26936,50.0,0.26961,126.0,0.26965,277.0
1753531674167,12:07:54.167,ALGO/USDT:USDT,0.26939,121.0,0.26936,50.0,0.26961,126.0,0.26965,277.0
1753531674477,12:07:54.477,ALGO/USDT:USDT,0.26939,121.0,0.26936,50.0,0.26961,126.0,0.26965,277.0
1753531674660,12:07:54.660,ALGO/USDT:USDT,0.26939,121.0,0.26936,50.0,0.26961,126.0,0.26965,277.0
1753531675184,12:07:55.184,ALGO/USDT:USDT,0.26939,121.0,0.26936,50.0,0.26961,126.0,0.26964,457.0
1753531675228,12:07:55.228,ALGO/USDT:USDT,0.26939,121.0,0.26936,50.0,0.26961,126.0,0.26964,457.0
1753531675329,12:07:55.329,ALGO/USDT:USDT,0.26939,121.0,0.26936,50.0,0.26961,126.0,0.26964,457.0
1753531675665,12:07:55.665,ALGO/USDT:USDT,0.26939,121.0,0.26936,50.0,0.26961,126.0,0.26964,457.0
1753531676169,12:07:56.169,ALGO/USDT:USDT,0.26939,121.0,0.26936,50.0,0.26961,126.0,0.26964,457.0
1753531676994,12:07:56.994,ALGO/USDT:USDT,0.26939,121.0,0.26936,50.0,0.26961,126.0,0.26964,457.0
1753531677178,12:07:57.178,ALGO/USDT:USDT,0.26939,121.0,0.26936,50.0,0.26961,126.0,0.26964,457.0
1753531677730,12:07:57.730,ALGO/USDT:USDT,0.26939,121.0,0.26936,50.0,0.26961,126.0,0.26964,457.0
1753531678260,12:07:58.260,ALGO/USDT:USDT,0.26939,121.0,0.26936,50.0,0.26961,126.0,0.26964,457.0
1753531678426,12:07:58.426,ALGO/USDT:USDT,0.26939,121.0,0.26936,50.0,0.26961,126.0,0.26964,457.0
1753531678613,12:07:58.613,ALGO/USDT:USDT,0.26939,121.0,0.26936,50.0,0.26961,126.0,0.26964,457.0
1753531678743,12:07:58.743,ALGO/USDT:USDT,0.26939,121.0,0.26936,50.0,0.26961,126.0,0.26964,457.0
1753531679226,12:07:59.226,ALGO/USDT:USDT,0.26939,121.0,0.26936,50.0,0.26961,126.0,0.26964,457.0
1753531679564,12:07:59.564,ALGO/USDT:USDT,0.26939,121.0,0.26936,50.0,0.26961,126.0,0.26964,457.0
1753531679685,12:07:59.685,ALGO/USDT:USDT,0.26939,121.0,0.26936,50.0,0.26961,126.0,0.26964,457.0
1753531679715,12:07:59.715,ALGO/USDT:USDT,0.26939,121.0,0.26936,50.0,0.26961,126.0,0.26964,457.0
1753531680184,12:08:00.184,ALGO/USDT:USDT,0.26939,121.0,0.26936,50.0,0.26961,126.0,0.26965,277.0
1753531680263,12:08:00.263,ALGO/USDT:USDT,0.26939,121.0,0.26936,50.0,0.26961,126.0,0.26965,277.0
1753531680366,12:08:00.366,ALGO/USDT:USDT,0.26939,121.0,0.26936,50.0,0.26961,126.0,0.26965,277.0
1753531680780,12:08:00.780,ALGO/USDT:USDT,0.26939,121.0,0.26936,50.0,0.26961,126.0,0.26965,277.0
1753531681025,12:08:01.025,ALGO/USDT:USDT,0.26939,121.0,0.26936,50.0,0.26961,126.0,0.26965,277.0
1753531681200,12:08:01.200,ALGO/USDT:USDT,0.26939,121.0,0.26936,50.0,0.26961,126.0,0.26965,277.0
1753531681549,12:08:01.549,ALGO/USDT:USDT,0.26939,121.0,0.26936,127.0,0.26961,126.0,0.26965,277.0
1753531682391,12:08:02.391,ALGO/USDT:USDT,0.26939,121.0,0.26936,127.0,0.26961,126.0,0.26965,277.0
1753531682409,12:08:02.409,ALGO/USDT:USDT,0.26939,121.0,0.26936,127.0,0.26961,126.0,0.26965,277.0
1753531682505,12:08:02.505,ALGO/USDT:USDT,0.26939,121.0,0.26936,127.0,0.26961,126.0,0.26965,277.0
1753531683930,12:08:03.930,ALGO/USDT:USDT,0.26939,121.0,0.26936,50.0,0.26961,126.0,0.26965,277.0
1753531684044,12:08:04.044,ALGO/USDT:USDT,0.26939,121.0,0.26936,50.0,0.26961,126.0,0.26965,277.0
1753531684104,12:08:04.104,ALGO/USDT:USDT,0.26939,121.0,0.26936,50.0,0.26961,126.0,0.26965,277.0
1753531684585,12:08:04.585,ALGO/USDT:USDT,0.26939,121.0,0.26936,50.0,0.26961,126.0,0.26965,277.0
1753531684706,12:08:04.706,ALGO/USDT:USDT,0.26939,121.0,0.26936,50.0,0.26961,126.0,0.26965,277.0
1753531685025,12:08:05.025,ALGO/USDT:USDT,0.26939,121.0,0.26936,50.0,0.26961,126.0,0.26965,277.0
1753531685335,12:08:05.335,ALGO/USDT:USDT,0.26939,121.0,0.26936,50.0,0.26961,126.0,0.26965,277.0
1753531686379,12:08:06.379,ALGO/USDT:USDT,0.26939,121.0,0.26936,50.0,0.26961,126.0,0.26965,277.0
1753531687300,12:08:07.300,ALGO/USDT:USDT,0.26939,121.0,0.26936,50.0,0.26961,126.0,0.26965,277.0
1753531687385,12:08:07.385,ALGO/USDT:USDT,0.26939,121.0,0.26936,50.0,0.26961,126.0,0.26965,277.0
1753531687441,12:08:07.441,ALGO/USDT:USDT,0.26939,121.0,0.26936,50.0,0.26961,126.0,0.26965,277.0
1753531687504,12:08:07.504,ALGO/USDT:USDT,0.26939,121.0,0.26936,50.0,0.26961,126.0,0.26965,277.0
1753531688316,12:08:08.316,ALGO/USDT:USDT,0.26939,121.0,0.26936,50.0,0.26961,126.0,0.26965,277.0
1753531688442,12:08:08.442,ALGO/USDT:USDT,0.26939,121.0,0.26936,50.0,0.26961,126.0,0.26965,277.0
1753531688827,12:08:08.827,ALGO/USDT:USDT,0.26939,121.0,0.26936,50.0,0.26961,126.0,0.26965,277.0
1753531689006,12:08:09.006,ALGO/USDT:USDT,0.26939,121.0,0.26936,50.0,0.26961,126.0,0.26965,277.0
1753531689587,12:08:09.587,ALGO/USDT:USDT,0.26939,121.0,0.26937,77.0,0.26961,126.0,0.26965,277.0
1753531689695,12:08:09.695,ALGO/USDT:USDT,0.26939,121.0,0.26937,77.0,0.26966,124.0,0.26968,128.0
1753531689726,12:08:09.726,ALGO/USDT:USDT,0.2694,124.0,0.26939,222.0,0.26966,124.0,0.26968,128.0
1753531689845,12:08:09.845,ALGO/USDT:USDT,0.2694,124.0,0.26939,222.0,0.26968,121.0,0.26971,7.0
1753531689905,12:08:09.905,ALGO/USDT:USDT,0.2694,124.0,0.26939,222.0,0.26968,121.0,0.26971,7.0
1753531690009,12:08:10.009,ALGO/USDT:USDT,0.2694,124.0,0.26939,222.0,0.26968,121.0,0.26971,7.0
1753531690237,12:08:10.237,ALGO/USDT:USDT,0.2694,124.0,0.26939,222.0,0.26968,121.0,0.26971,7.0
1753531691191,12:08:11.191,ALGO/USDT:USDT,0.2694,124.0,0.26939,222.0,0.26968,121.0,0.26971,7.0
1753531691236,12:08:11.236,ALGO/USDT:USDT,0.2694,124.0,0.26939,222.0,0.26968,121.0,0.26971,7.0
1753531691456,12:08:11.456,ALGO/USDT:USDT,0.2694,124.0,0.26939,222.0,0.26968,121.0,0.26971,7.0
1753531691584,12:08:11.584,ALGO/USDT:USDT,0.2694,124.0,0.26939,222.0,0.26968,121.0,0.26971,7.0
1753531691787,12:08:11.787,ALGO/USDT:USDT,0.2694,124.0,0.26939,222.0,0.26968,121.0,0.26971,7.0
1753531692114,12:08:12.114,ALGO/USDT:USDT,0.2694,124.0,0.26937,77.0,0.26968,121.0,0.26971,7.0
1753531692803,12:08:12.803,ALGO/USDT:USDT,0.2694,124.0,0.26937,77.0,0.26968,121.0,0.26971,7.0
1753531693335,12:08:13.335,ALGO/USDT:USDT,0.2694,124.0,0.26937,77.0,0.26968,121.0,0.26971,7.0
1753531693628,12:08:13.628,ALGO/USDT:USDT,0.2694,124.0,0.26937,77.0,0.26968,121.0,0.26971,7.0
1753531693889,12:08:13.889,ALGO/USDT:USDT,0.26941,228.0,0.2694,222.0,0.26966,124.0,0.26967,277.0
1753531693924,12:08:13.924,ALGO/USDT:USDT,0.26942,124.0,0.26937,77.0,0.26964,124.0,0.26965,277.0
1753531694048,12:08:14.048,ALGO/USDT:USDT,0.26942,124.0,0.26937,77.0,0.26961,124.0,0.26962,2.0
1753531694185,12:08:14.185,ALGO/USDT:USDT,0.26943,124.0,0.26942,2.0,0.26961,124.0,0.26962,2.0
1753531694282,12:08:14.282,ALGO/USDT:USDT,0.26943,124.0,0.26942,2.0,0.26961,124.0,0.26962,2.0
1753531694321,12:08:14.321,ALGO/USDT:USDT,0.26943,124.0,0.26942,2.0,0.26961,124.0,0.26962,2.0
1753531695024,12:08:15.024,ALGO/USDT:USDT,0.26943,124.0,0.26942,2.0,0.26961,124.0,0.26962,2.0
1753531695168,12:08:15.168,ALGO/USDT:USDT,0.26943,124.0,0.26942,2.0,0.26961,124.0,0.26962,2.0
1753531695364,12:08:15.364,ALGO/USDT:USDT,0.26943,124.0,0.26942,2.0,0.26961,124.0,0.26962,2.0
1753531695525,12:08:15.525,ALGO/USDT:USDT,0.26944,124.0,0.26943,233.0,0.26961,124.0,0.26962,2.0
1753531695678,12:08:15.678,ALGO/USDT:USDT,0.26944,124.0,0.26943,109.0,0.26961,124.0,0.26962,2.0
1753531695862,12:08:15.862,ALGO/USDT:USDT,0.26944,124.0,0.26943,109.0,0.26961,124.0,0.26962,2.0
1753531695914,12:08:15.914,ALGO/USDT:USDT,0.26944,124.0,0.26943,109.0,0.26961,124.0,0.26962,2.0
1753531696009,12:08:16.009,ALGO/USDT:USDT,0.26944,124.0,0.26943,109.0,0.26961,124.0,0.26962,2.0
1753531696284,12:08:16.284,ALGO/USDT:USDT,0.26944,124.0,0.26943,109.0,0.26961,124.0,0.26962,2.0
1753531696326,12:08:16.326,ALGO/USDT:USDT,0.26944,124.0,0.26943,109.0,0.26961,124.0,0.26962,2.0
1753531696488,12:08:16.488,ALGO/USDT:USDT,0.26944,124.0,0.26943,109.0,0.26961,124.0,0.26962,2.0
1753531696593,12:08:16.593,ALGO/USDT:USDT,0.26944,124.0,0.26943,109.0,0.26961,124.0,0.26962,2.0
1753531696602,12:08:16.602,ALGO/USDT:USDT,0.26944,124.0,0.26943,109.0,0.26961,124.0,0.26962,2.0
1753531696849,12:08:16.849,ALGO/USDT:USDT,0.26944,124.0,0.26943,109.0,0.26961,124.0,0.26962,2.0
1753531696913,12:08:16.913,ALGO/USDT:USDT,0.26944,124.0,0.26943,109.0,0.26961,124.0,0.26962,2.0
1753531697331,12:08:17.331,ALGO/USDT:USDT,0.26944,124.0,0.26943,109.0,0.26961,124.0,0.26962,2.0
1753531697668,12:08:17.668,ALGO/USDT:USDT,0.26944,124.0,0.26943,109.0,0.26961,124.0,0.26962,2.0
1753531698035,12:08:18.035,ALGO/USDT:USDT,0.26944,124.0,0.26943,109.0,0.26961,124.0,0.26962,2.0
1753531698224,12:08:18.224,ALGO/USDT:USDT,0.26944,124.0,0.26943,109.0,0.26961,124.0,0.26962,2.0
1753531698375,12:08:18.375,ALGO/USDT:USDT,0.26944,124.0,0.26943,109.0,0.26961,124.0,0.26962,2.0
1753531698427,12:08:18.427,ALGO/USDT:USDT,0.26944,124.0,0.26943,109.0,0.26961,124.0,0.26962,2.0
1753531698533,12:08:18.533,ALGO/USDT:USDT,0.26944,124.0,0.26943,109.0,0.26961,124.0,0.26962,2.0
1753531698886,12:08:18.886,ALGO/USDT:USDT,0.26944,124.0,0.26943,109.0,0.26961,124.0,0.26962,2.0
1753531698912,12:08:18.912,ALGO/USDT:USDT,0.26944,124.0,0.26943,109.0,0.26961,124.0,0.26962,2.0
1753531699016,12:08:19.016,ALGO/USDT:USDT,0.26944,124.0,0.26943,109.0,0.26961,124.0,0.26962,2.0
1753531699284,12:08:19.284,ALGO/USDT:USDT,0.26945,124.0,0.26944,2.0,0.26961,124.0,0.26962,2.0
1753531699414,12:08:19.414,ALGO/USDT:USDT,0.26945,124.0,0.26944,2.0,0.26961,124.0,0.26962,2.0
1753531699580,12:08:19.580,ALGO/USDT:USDT,0.26945,124.0,0.26943,109.0,0.26961,124.0,0.26962,2.0
1753531699924,12:08:19.924,ALGO/USDT:USDT,0.26945,124.0,0.26943,109.0,0.26961,124.0,0.26962,2.0
1753531700664,12:08:20.664,ALGO/USDT:USDT,0.26945,124.0,0.26943,109.0,0.26961,124.0,0.26962,2.0
1753531700704,12:08:20.704,ALGO/USDT:USDT,0.26945,124.0,0.26943,109.0,0.26961,124.0,0.26962,2.0
1753531700982,12:08:20.982,ALGO/USDT:USDT,0.26945,124.0,0.26943,109.0,0.26961,124.0,0.26962,2.0
1753531701460,12:08:21.460,ALGO/USDT:USDT,0.26945,124.0,0.26943,109.0,0.26961,124.0,0.26962,2.0
1753531701585,12:08:21.585,ALGO/USDT:USDT,0.26945,124.0,0.26943,109.0,0.26961,124.0,0.26962,2.0
1753531701799,12:08:21.799,ALGO/USDT:USDT,0.26947,127.0,0.26946,2.0,0.26962,2.0,0.26963,279.0
1753531701877,12:08:21.877,ALGO/USDT:USDT,0.26947,127.0,0.26946,2.0,0.26962,129.0,0.26963,279.0
1753531701939,12:08:21.939,ALGO/USDT:USDT,0.26947,127.0,0.26946,2.0,0.26962,129.0,0.26963,279.0
1753531702042,12:08:22.042,ALGO/USDT:USDT,0.26947,127.0,0.26946,2.0,0.26961,127.0,0.26962,2.0
1753531702432,12:08:22.432,ALGO/USDT:USDT,0.26947,127.0,0.26946,2.0,0.26961,127.0,0.26962,2.0
1753531703127,12:08:23.127,ALGO/USDT:USDT,0.26947,127.0,0.26943,109.0,0.26961,127.0,0.26962,2.0
1753531703257,12:08:23.257,ALGO/USDT:USDT,0.26947,127.0,0.26943,109.0,0.26961,127.0,0.26962,2.0
1753531703304,12:08:23.304,ALGO/USDT:USDT,0.26947,127.0,0.26943,109.0,0.26961,127.0,0.26962,2.0
1753531703797,12:08:23.797,ALGO/USDT:USDT,0.26944,127.0,0.26936,50.0,0.26959,127.0,0.2696,277.0
1753531703806,12:08:23.806,ALGO/USDT:USDT,0.26944,127.0,0.26936,50.0,0.26959,127.0,0.2696,277.0
1753531703993,12:08:23.993,ALGO/USDT:USDT,0.26944,127.0,0.26936,50.0,0.26957,129.0,0.26958,4.0
1753531704078,12:08:24.078,ALGO/USDT:USDT,0.26944,127.0,0.26937,77.0,0.26956,127.0,0.26957,2.0
1753531704178,12:08:24.178,ALGO/USDT:USDT,0.26944,127.0,0.26937,77.0,0.26956,127.0,0.26957,2.0
1753531704244,12:08:24.244,ALGO/USDT:USDT,0.26944,127.0,0.26937,77.0,0.26956,127.0,0.26957,2.0
1753531704364,12:08:24.364,ALGO/USDT:USDT,0.26944,127.0,0.26937,77.0,0.26956,127.0,0.26957,2.0
1753531704502,12:08:24.502,ALGO/USDT:USDT,0.26944,127.0,0.26937,77.0,0.26956,127.0,0.26957,2.0
1753531704540,12:08:24.540,ALGO/USDT:USDT,0.26944,127.0,0.26937,77.0,0.26956,127.0,0.26957,2.0
1753531704721,12:08:24.721,ALGO/USDT:USDT,0.26944,127.0,0.26937,77.0,0.26956,127.0,0.26957,2.0
1753531704821,12:08:24.821,ALGO/USDT:USDT,0.26944,127.0,0.26937,77.0,0.26956,127.0,0.26957,2.0
1753531706044,12:08:26.044,ALGO/USDT:USDT,0.26944,127.0,0.26937,77.0,0.26956,127.0,0.26957,2.0
1753531706823,12:08:26.823,ALGO/USDT:USDT,0.26944,127.0,0.26937,77.0,0.26956,127.0,0.26957,2.0
1753531707607,12:08:27.607,ALGO/USDT:USDT,0.26944,127.0,0.26937,77.0,0.26956,127.0,0.26957,2.0
1753531708027,12:08:28.027,ALGO/USDT:USDT,0.26944,127.0,0.26937,77.0,0.26956,127.0,0.26957,2.0
1753531708412,12:08:28.412,ALGO/USDT:USDT,0.26944,127.0,0.26937,77.0,0.26956,127.0,0.26957,2.0
1753531708683,12:08:28.683,ALGO/USDT:USDT,0.26944,127.0,0.26937,77.0,0.26956,127.0,0.26957,2.0
1753531708983,12:08:28.983,ALGO/USDT:USDT,0.26944,127.0,0.26937,77.0,0.26956,127.0,0.26957,2.0
1753531709292,12:08:29.292,ALGO/USDT:USDT,0.26944,127.0,0.26937,77.0,0.26956,127.0,0.26957,2.0
1753531709350,12:08:29.350,ALGO/USDT:USDT,0.26944,127.0,0.26937,77.0,0.26956,127.0,0.26957,2.0
1753531709448,12:08:29.448,ALGO/USDT:USDT,0.26944,127.0,0.26937,77.0,0.26956,127.0,0.26957,2.0
1753531709614,12:08:29.614,ALGO/USDT:USDT,0.26944,127.0,0.26937,77.0,0.26956,127.0,0.26957,2.0
1753531710288,12:08:30.288,ALGO/USDT:USDT,0.26945,126.0,0.26944,2.0,0.26957,2.0,0.26958,2.0
1753531710352,12:08:30.352,ALGO/USDT:USDT,0.26945,126.0,0.26944,2.0,0.26957,2.0,0.26958,2.0
1753531710595,12:08:30.595,ALGO/USDT:USDT,0.26945,126.0,0.26944,2.0,0.26957,2.0,0.26958,2.0
1753531710901,12:08:30.901,ALGO/USDT:USDT,0.26945,126.0,0.26944,2.0,0.26957,2.0,0.26958,2.0
1753531711059,12:08:31.059,ALGO/USDT:USDT,0.26945,126.0,0.26944,4.0,0.26957,2.0,0.26958,2.0
1753531711115,12:08:31.115,ALGO/USDT:USDT,0.26945,126.0,0.26944,4.0,0.26957,2.0,0.26958,2.0
1753531711593,12:08:31.593,ALGO/USDT:USDT,0.26945,126.0,0.26944,2.0,0.26966,124.0,0.26967,277.0
1753531711605,12:08:31.605,ALGO/USDT:USDT,0.26945,126.0,0.26944,2.0,0.26966,124.0,0.26967,277.0
1753531711807,12:08:31.807,ALGO/USDT:USDT,0.26945,126.0,0.26944,2.0,0.26966,124.0,0.26967,277.0
1753531712827,12:08:32.827,ALGO/USDT:USDT,0.26945,126.0,0.26944,2.0,0.26966,124.0,0.26967,277.0
1753531713384,12:08:33.384,ALGO/USDT:USDT,0.26945,126.0,0.26944,2.0,0.26965,126.0,0.26966,50.0
1753531713425,12:08:33.425,ALGO/USDT:USDT,0.26945,126.0,0.26944,2.0,0.26965,126.0,0.26966,50.0
1753531714007,12:08:34.007,ALGO/USDT:USDT,0.26945,126.0,0.26942,112.0,0.26965,126.0,0.26966,50.0
1753531714385,12:08:34.385,ALGO/USDT:USDT,0.26945,126.0,0.26942,112.0,0.26962,126.0,0.26963,52.0
1753531714405,12:08:34.405,ALGO/USDT:USDT,0.26945,126.0,0.26942,112.0,0.26962,126.0,0.26963,114.0
1753531714642,12:08:34.642,ALGO/USDT:USDT,0.26945,126.0,0.26942,112.0,0.26962,126.0,0.26963,114.0
1753531715184,12:08:35.184,ALGO/USDT:USDT,0.26945,126.0,0.26942,112.0,0.26962,126.0,0.26963,114.0
1753531715298,12:08:35.298,ALGO/USDT:USDT,0.26945,126.0,0.26942,112.0,0.26962,176.0,0.26963,114.0
1753531715350,12:08:35.350,ALGO/USDT:USDT,0.26945,126.0,0.26942,112.0,0.2696,126.0,0.26961,128.0
1753531715497,12:08:35.497,ALGO/USDT:USDT,0.26945,126.0,0.26942,112.0,0.2696,126.0,0.26961,2.0
1753531715531,12:08:35.531,ALGO/USDT:USDT,0.26941,126.0,0.26937,77.0,0.2696,126.0,0.26961,2.0
1753531716336,12:08:36.336,ALGO/USDT:USDT,0.26941,126.0,0.26937,77.0,0.2696,126.0,0.26961,2.0
1753531716584,12:08:36.584,ALGO/USDT:USDT,0.26938,126.0,0.26936,50.0,0.26959,126.0,0.2696,277.0
1753531716699,12:08:36.699,ALGO/USDT:USDT,0.26938,126.0,0.26936,50.0,0.26959,126.0,0.2696,277.0
1753531716766,12:08:36.766,ALGO/USDT:USDT,0.26938,126.0,0.26936,50.0,0.26959,126.0,0.2696,277.0
1753531716838,12:08:36.838,ALGO/USDT:USDT,0.26938,126.0,0.26936,50.0,0.26959,126.0,0.2696,277.0
1753531716969,12:08:36.969,ALGO/USDT:USDT,0.26937,126.0,0.26936,176.0,0.26959,126.0,0.2696,277.0
1753531717084,12:08:37.084,ALGO/USDT:USDT,0.26937,126.0,0.26936,176.0,0.26959,126.0,0.2696,277.0
1753531717173,12:08:37.173,ALGO/USDT:USDT,0.26937,126.0,0.26936,50.0,0.26959,126.0,0.2696,277.0
1753531717284,12:08:37.284,ALGO/USDT:USDT,0.26937,126.0,0.26932,77.0,0.26959,126.0,0.2696,277.0
1753531717382,12:08:37.382,ALGO/USDT:USDT,0.26937,126.0,0.26934,111.0,0.26959,126.0,0.2696,277.0
1753531717495,12:08:37.495,ALGO/USDT:USDT,0.26933,126.0,0.26926,124.0,0.26959,126.0,0.2696,277.0
1753531717591,12:08:37.591,ALGO/USDT:USDT,0.26926,124.0,0.26925,405.0,0.26959,126.0,0.2696,277.0
1753531717685,12:08:37.685,ALGO/USDT:USDT,0.26926,124.0,0.26925,405.0,0.26957,126.0,0.26958,277.0
1753531717705,12:08:37.705,ALGO/USDT:USDT,0.26926,124.0,0.26925,405.0,0.26957,126.0,0.26958,277.0
1753531718087,12:08:38.087,ALGO/USDT:USDT,0.26926,124.0,0.26925,405.0,0.26957,209.0,0.26958,277.0
1753531718188,12:08:38.188,ALGO/USDT:USDT,0.26926,124.0,0.26924,121.0,0.26955,126.0,0.26956,83.0
1753531718299,12:08:38.299,ALGO/USDT:USDT,0.26922,176.0,0.26921,50.0,0.26955,126.0,0.26956,83.0
1753531718372,12:08:38.372,ALGO/USDT:USDT,0.26924,126.0,0.26923,86.0,0.26954,126.0,0.26955,239.0
1753531718491,12:08:38.491,ALGO/USDT:USDT,0.26924,126.0,0.26923,86.0,0.26954,126.0,0.26955,113.0
1753531718504,12:08:38.504,ALGO/USDT:USDT,0.26924,126.0,0.26923,86.0,0.26954,126.0,0.26955,113.0
1753531718604,12:08:38.604,ALGO/USDT:USDT,0.26924,126.0,0.26923,86.0,0.26954,126.0,0.26955,113.0
1753531718907,12:08:38.907,ALGO/USDT:USDT,0.26924,126.0,0.26923,86.0,0.26954,126.0,0.26955,113.0
1753531719035,12:08:39.035,ALGO/USDT:USDT,0.26924,126.0,0.26923,86.0,0.26954,126.0,0.26955,113.0
1753531719488,12:08:39.488,ALGO/USDT:USDT,0.26924,126.0,0.26923,86.0,0.26954,126.0,0.26955,113.0
1753531719645,12:08:39.645,ALGO/USDT:USDT,0.26924,126.0,0.26923,86.0,0.26954,126.0,0.26955,113.0
1753531719964,12:08:39.964,ALGO/USDT:USDT,0.26924,126.0,0.26923,86.0,0.26954,126.0,0.26955,113.0
1753531720132,12:08:40.132,ALGO/USDT:USDT,0.26924,126.0,0.26923,86.0,0.26954,126.0,0.26955,113.0
1753531720275,12:08:40.275,ALGO/USDT:USDT,0.26924,126.0,0.26923,86.0,0.26954,126.0,0.26955,113.0
1753531720388,12:08:40.388,ALGO/USDT:USDT,0.26924,126.0,0.26923,86.0,0.26954,126.0,0.26955,113.0
1753531720695,12:08:40.695,ALGO/USDT:USDT,0.26924,126.0,0.26923,86.0,0.26954,126.0,0.26955,113.0
1753531720704,12:08:40.704,ALGO/USDT:USDT,0.26924,126.0,0.26923,86.0,0.26954,126.0,0.26955,113.0
1753531720884,12:08:40.884,ALGO/USDT:USDT,0.26924,126.0,0.26923,86.0,0.26954,126.0,0.26955,113.0
1753531720999,12:08:40.999,ALGO/USDT:USDT,0.26924,126.0,0.26922,238.0,0.26954,126.0,0.26955,113.0
1753531721064,12:08:41.064,ALGO/USDT:USDT,0.26924,126.0,0.26922,238.0,0.26954,126.0,0.26955,113.0
1753531721243,12:08:41.243,ALGO/USDT:USDT,0.26924,126.0,0.26922,238.0,0.26954,126.0,0.26955,113.0
1753531721336,12:08:41.336,ALGO/USDT:USDT,0.26924,126.0,0.26922,238.0,0.26954,126.0,0.26955,113.0
1753531721485,12:08:41.485,ALGO/USDT:USDT,0.26924,126.0,0.26922,238.0,0.26953,243.0,0.26954,277.0
1753531721504,12:08:41.504,ALGO/USDT:USDT,0.26924,126.0,0.26922,238.0,0.26952,122.0,0.26953,205.0
1753531721658,12:08:41.658,ALGO/USDT:USDT,0.26924,126.0,0.26922,238.0,0.26952,122.0,0.26953,83.0
1753531721771,12:08:41.771,ALGO/USDT:USDT,0.26924,126.0,0.26922,238.0,0.26952,122.0,0.26953,83.0
1753531721866,12:08:41.866,ALGO/USDT:USDT,0.26924,126.0,0.26922,238.0,0.26952,122.0,0.26953,83.0
1753531721985,12:08:41.985,ALGO/USDT:USDT,0.26924,126.0,0.26922,238.0,0.26952,122.0,0.26953,83.0
1753531722014,12:08:42.014,ALGO/USDT:USDT,0.26924,126.0,0.26922,238.0,0.26952,122.0,0.26953,83.0
1753531722155,12:08:42.155,ALGO/USDT:USDT,0.26924,126.0,0.26922,238.0,0.26952,122.0,0.26953,83.0
1753531722471,12:08:42.471,ALGO/USDT:USDT,0.26924,126.0,0.26922,238.0,0.26952,122.0,0.26953,83.0
1753531723009,12:08:43.009,ALGO/USDT:USDT,0.26924,126.0,0.26922,238.0,0.26952,122.0,0.26953,83.0
1753531723512,12:08:43.512,ALGO/USDT:USDT,0.26924,126.0,0.26922,238.0,0.26952,122.0,0.26953,83.0
1753531724485,12:08:44.485,ALGO/USDT:USDT,0.26924,126.0,0.26922,238.0,0.26952,122.0,0.26953,83.0
1753531724984,12:08:44.984,ALGO/USDT:USDT,0.26924,126.0,0.26922,238.0,0.26952,122.0,0.26953,83.0
1753531725050,12:08:45.050,ALGO/USDT:USDT,0.26924,126.0,0.26922,238.0,0.26952,122.0,0.26953,83.0
1753531725186,12:08:45.186,ALGO/USDT:USDT,0.26924,126.0,0.26922,238.0,0.26952,122.0,0.26953,83.0
1753531726042,12:08:46.042,ALGO/USDT:USDT,0.26924,126.0,0.26922,238.0,0.26952,122.0,0.26953,83.0
1753531726397,12:08:46.397,ALGO/USDT:USDT,0.26924,126.0,0.26922,238.0,0.26952,122.0,0.26953,83.0
1753531726424,12:08:46.424,ALGO/USDT:USDT,0.26924,126.0,0.26922,238.0,0.26952,122.0,0.26955,113.0
1753531726526,12:08:46.526,ALGO/USDT:USDT,0.26924,126.0,0.26922,238.0,0.26952,122.0,0.26955,113.0
1753531727227,12:08:47.227,ALGO/USDT:USDT,0.26924,126.0,0.26922,238.0,0.26952,122.0,0.26955,113.0
1753531727304,12:08:47.304,ALGO/USDT:USDT,0.26924,126.0,0.26922,238.0,0.26952,122.0,0.26955,113.0
1753531727821,12:08:47.821,ALGO/USDT:USDT,0.26924,126.0,0.26922,238.0,0.26952,122.0,0.26955,113.0
1753531728626,12:08:48.626,ALGO/USDT:USDT,0.26924,126.0,0.26922,238.0,0.26952,122.0,0.26955,113.0
1753531728849,12:08:48.849,ALGO/USDT:USDT,0.26924,126.0,0.26922,238.0,0.26952,122.0,0.26955,113.0
1753531729460,12:08:49.460,ALGO/USDT:USDT,0.26924,126.0,0.26922,238.0,0.26952,122.0,0.26955,113.0
1753531729879,12:08:49.879,ALGO/USDT:USDT,0.26924,126.0,0.26922,238.0,0.26952,122.0,0.26955,113.0
1753531730227,12:08:50.227,ALGO/USDT:USDT,0.26924,126.0,0.26922,238.0,0.26952,122.0,0.26955,113.0
1753531730394,12:08:50.394,ALGO/USDT:USDT,0.26924,126.0,0.26922,238.0,0.26952,122.0,0.26955,113.0
1753531730770,12:08:50.770,ALGO/USDT:USDT,0.26924,126.0,0.26922,238.0,0.26951,124.0,0.26952,457.0
1753531730896,12:08:50.896,ALGO/USDT:USDT,0.26924,126.0,0.26922,238.0,0.26951,124.0,0.26952,457.0
1753531731365,12:08:51.365,ALGO/USDT:USDT,0.26924,126.0,0.26922,238.0,0.26951,124.0,0.26952,457.0
1753531731680,12:08:51.680,ALGO/USDT:USDT,0.26924,126.0,0.26922,238.0,0.26951,124.0,0.26952,457.0
1753531731724,12:08:51.724,ALGO/USDT:USDT,0.26924,126.0,0.26922,238.0,0.26951,124.0,0.26952,457.0
1753531731884,12:08:51.884,ALGO/USDT:USDT,0.26924,126.0,0.26922,238.0,0.26951,124.0,0.26952,457.0
1753531732028,12:08:52.028,ALGO/USDT:USDT,0.26924,126.0,0.26922,238.0,0.26951,124.0,0.26952,457.0
1753531732194,12:08:52.194,ALGO/USDT:USDT,0.26924,126.0,0.26922,238.0,0.26951,124.0,0.26952,457.0
1753531732919,12:08:52.919,ALGO/USDT:USDT,0.26924,126.0,0.26922,238.0,0.26951,124.0,0.26952,457.0
1753531733936,12:08:53.936,ALGO/USDT:USDT,0.26924,126.0,0.26922,238.0,0.26951,124.0,0.26952,457.0
1753531734942,12:08:54.942,ALGO/USDT:USDT,0.26924,126.0,0.26922,238.0,0.26951,124.0,0.26952,457.0
1753531736828,12:08:56.828,ALGO/USDT:USDT,0.26924,126.0,0.26922,238.0,0.26951,124.0,0.26952,457.0
1753531737041,12:08:57.041,ALGO/USDT:USDT,0.26924,126.0,0.26922,238.0,0.26951,124.0,0.26952,457.0
1753531737577,12:08:57.577,ALGO/USDT:USDT,0.26924,126.0,0.26922,238.0,0.26951,124.0,0.26952,457.0
1753531738577,12:08:58.577,ALGO/USDT:USDT,0.26924,126.0,0.26922,238.0,0.26951,124.0,0.26952,457.0
1753531738706,12:08:58.706,ALGO/USDT:USDT,0.26924,126.0,0.26922,238.0,0.26951,124.0,0.26952,457.0
1753531739151,12:08:59.151,ALGO/USDT:USDT,0.26922,126.0,0.26921,50.0,0.2695,124.0,0.26951,137.0
1753531739211,12:08:59.211,ALGO/USDT:USDT,0.26922,126.0,0.26921,50.0,0.2695,124.0,0.26951,137.0
1753531739305,12:08:59.305,ALGO/USDT:USDT,0.26922,126.0,0.26921,50.0,0.2695,124.0,0.26951,137.0
1753531740799,12:09:00.799,ALGO/USDT:USDT,0.26923,126.0,0.26922,234.0,0.2695,124.0,0.26951,137.0
1753531740850,12:09:00.850,ALGO/USDT:USDT,0.26923,126.0,0.26922,234.0,0.2695,124.0,0.26951,137.0
1753531740945,12:09:00.945,ALGO/USDT:USDT,0.26923,126.0,0.26922,108.0,0.2695,124.0,0.26951,137.0
1753531741589,12:09:01.589,ALGO/USDT:USDT,0.26923,126.0,0.26922,108.0,0.2695,124.0,0.26951,137.0
1753531741628,12:09:01.628,ALGO/USDT:USDT,0.26923,126.0,0.26922,108.0,0.2695,124.0,0.26951,137.0
1753531742097,12:09:02.097,ALGO/USDT:USDT,0.26923,126.0,0.26922,108.0,0.2695,124.0,0.26951,137.0
1753531742222,12:09:02.222,ALGO/USDT:USDT,0.26923,126.0,0.26922,108.0,0.2695,124.0,0.26951,137.0
1753531742532,12:09:02.532,ALGO/USDT:USDT,0.26923,126.0,0.26922,108.0,0.2695,124.0,0.26951,137.0
1753531742844,12:09:02.844,ALGO/USDT:USDT,0.26923,126.0,0.26922,108.0,0.2695,124.0,0.26951,137.0
1753531743153,12:09:03.153,ALGO/USDT:USDT,0.26923,126.0,0.26922,108.0,0.2695,124.0,0.26951,137.0
1753531745984,12:09:05.984,ALGO/USDT:USDT,0.26923,126.0,0.26922,108.0,0.2695,124.0,0.26951,137.0
1753531746429,12:09:06.429,ALGO/USDT:USDT,0.26923,126.0,0.26922,108.0,0.2695,124.0,0.26951,137.0
1753531747029,12:09:07.029,ALGO/USDT:USDT,0.26923,126.0,0.26922,108.0,0.2695,124.0,0.26951,137.0
1753531748513,12:09:08.513,ALGO/USDT:USDT,0.26923,126.0,0.26922,108.0,0.2695,124.0,0.26951,137.0
1753531749028,12:09:09.028,ALGO/USDT:USDT,0.26923,126.0,0.26922,108.0,0.2695,124.0,0.26951,137.0
1753531750042,12:09:10.042,ALGO/USDT:USDT,0.26923,126.0,0.26922,108.0,0.2695,124.0,0.26951,137.0
1753531751245,12:09:11.245,ALGO/USDT:USDT,0.26923,126.0,0.26922,108.0,0.2695,124.0,0.26951,137.0
1753531751304,12:09:11.304,ALGO/USDT:USDT,0.26923,126.0,0.26922,108.0,0.2695,124.0,0.26951,137.0
1753531751532,12:09:11.532,ALGO/USDT:USDT,0.26923,126.0,0.26922,108.0,0.2695,124.0,0.26951,137.0
1753531752420,12:09:12.420,ALGO/USDT:USDT,0.26923,126.0,0.26922,108.0,0.2695,124.0,0.26951,137.0
1753531753682,12:09:13.682,ALGO/USDT:USDT,0.26923,126.0,0.26922,108.0,0.2695,124.0,0.26951,137.0
1753531753992,12:09:13.992,ALGO/USDT:USDT,0.26923,126.0,0.26922,108.0,0.2695,124.0,0.26951,137.0
1753531754690,12:09:14.690,ALGO/USDT:USDT,0.26922,127.0,0.26921,50.0,0.2695,124.0,0.26951,277.0
1753531754800,12:09:14.800,ALGO/USDT:USDT,0.26922,127.0,0.26921,50.0,0.26948,264.0,0.26949,457.0
1753531754834,12:09:14.834,ALGO/USDT:USDT,0.26923,127.0,0.26921,50.0,0.26947,127.0,0.26948,245.0
1753531754906,12:09:14.906,ALGO/USDT:USDT,0.26923,127.0,0.26922,113.0,0.26947,127.0,0.26948,245.0
1753531755191,12:09:15.191,ALGO/USDT:USDT,0.26923,127.0,0.26922,113.0,0.26946,127.0,0.26947,127.0
1753531755281,12:09:15.281,ALGO/USDT:USDT,0.26923,127.0,0.26922,113.0,0.26946,127.0,0.26947,127.0
1753531755389,12:09:15.389,ALGO/USDT:USDT,0.26923,127.0,0.26922,113.0,0.26946,127.0,0.26948,108.0
1753531755404,12:09:15.404,ALGO/USDT:USDT,0.26923,127.0,0.26922,113.0,0.26946,127.0,0.26948,108.0
1753531755634,12:09:15.634,ALGO/USDT:USDT,0.26923,127.0,0.26922,113.0,0.26946,127.0,0.26948,108.0
1753531755704,12:09:15.704,ALGO/USDT:USDT,0.26923,127.0,0.26922,113.0,0.26946,127.0,0.26948,108.0
1753531755998,12:09:15.998,ALGO/USDT:USDT,0.26923,127.0,0.26922,113.0,0.26946,127.0,0.26948,108.0
1753531756194,12:09:16.194,ALGO/USDT:USDT,0.26923,127.0,0.26922,113.0,0.26946,127.0,0.26948,108.0
1753531756243,12:09:16.243,ALGO/USDT:USDT,0.26923,127.0,0.26922,113.0,0.26946,127.0,0.26948,108.0
1753531756457,12:09:16.457,ALGO/USDT:USDT,0.26923,127.0,0.26922,113.0,0.26946,127.0,0.26948,108.0
1753531756532,12:09:16.532,ALGO/USDT:USDT,0.26923,127.0,0.26922,113.0,0.26946,127.0,0.26948,108.0
1753531756604,12:09:16.604,ALGO/USDT:USDT,0.26923,127.0,0.26922,113.0,0.26946,127.0,0.26948,108.0
1753531756851,12:09:16.851,ALGO/USDT:USDT,0.26923,127.0,0.26922,113.0,0.26946,127.0,0.26948,108.0
1753531756924,12:09:16.924,ALGO/USDT:USDT,0.26923,127.0,0.26922,113.0,0.26946,127.0,0.26948,108.0
1753531757005,12:09:17.005,ALGO/USDT:USDT,0.26923,127.0,0.26922,113.0,0.26946,127.0,0.26948,108.0
1753531757444,12:09:17.444,ALGO/USDT:USDT,0.26923,127.0,0.26922,113.0,0.26946,127.0,0.26948,108.0
1753531757984,12:09:17.984,ALGO/USDT:USDT,0.26923,127.0,0.26922,113.0,0.26946,127.0,0.26948,108.0
1753531758099,12:09:18.099,ALGO/USDT:USDT,0.26923,127.0,0.26922,113.0,0.26946,127.0,0.26948,108.0
1753531758104,12:09:18.104,ALGO/USDT:USDT,0.26923,127.0,0.26922,113.0,0.26946,127.0,0.26948,108.0
1753531758537,12:09:18.537,ALGO/USDT:USDT,0.26923,127.0,0.26922,113.0,0.26946,127.0,0.26948,108.0
1753531758717,12:09:18.717,ALGO/USDT:USDT,0.26923,127.0,0.26922,113.0,0.26946,127.0,0.26948,108.0
1753531758804,12:09:18.804,ALGO/USDT:USDT,0.26923,127.0,0.26922,113.0,0.26946,127.0,0.26948,108.0
1753531759025,12:09:19.025,ALGO/USDT:USDT,0.26923,127.0,0.26922,113.0,0.26946,127.0,0.26948,108.0
1753531759110,12:09:19.110,ALGO/USDT:USDT,0.26923,127.0,0.26922,113.0,0.26946,127.0,0.26948,108.0
1753531760070,12:09:20.070,ALGO/USDT:USDT,0.26923,127.0,0.26922,113.0,0.26946,127.0,0.26948,108.0
1753531760669,12:09:20.669,ALGO/USDT:USDT,0.26923,127.0,0.26922,113.0,0.26946,127.0,0.26948,108.0
1753531760971,12:09:20.971,ALGO/USDT:USDT,0.26923,127.0,0.26922,113.0,0.26946,127.0,0.26948,108.0
1753531761120,12:09:21.120,ALGO/USDT:USDT,0.26923,127.0,0.26922,113.0,0.26946,127.0,0.26948,108.0
1753531762252,12:09:22.252,ALGO/USDT:USDT,0.26923,127.0,0.26922,113.0,0.26946,127.0,0.26948,108.0
1753531763345,12:09:23.345,ALGO/USDT:USDT,0.26923,127.0,0.26922,113.0,0.26946,127.0,0.26948,108.0
1753531763404,12:09:23.404,ALGO/USDT:USDT,0.26923,127.0,0.26922,113.0,0.26946,127.0,0.26948,108.0
1753531764255,12:09:24.255,ALGO/USDT:USDT,0.26923,127.0,0.26922,112.0,0.26946,127.0,0.26948,108.0
1753531764362,12:09:24.362,ALGO/USDT:USDT,0.26923,127.0,0.26922,112.0,0.26946,127.0,0.26948,108.0
1753531764699,12:09:24.699,ALGO/USDT:USDT,0.26923,124.0,0.26922,112.0,0.26946,127.0,0.26948,108.0
1753531764800,12:09:24.800,ALGO/USDT:USDT,0.26923,124.0,0.26922,112.0,0.26945,245.0,0.26946,404.0
1753531764864,12:09:24.864,ALGO/USDT:USDT,0.26923,124.0,0.26922,112.0,0.26944,124.0,0.26945,121.0
1753531764909,12:09:24.909,ALGO/USDT:USDT,0.26923,124.0,0.26922,112.0,0.26944,124.0,0.26945,121.0
1753531765072,12:09:25.072,ALGO/USDT:USDT,0.26923,124.0,0.26922,112.0,0.26944,124.0,0.26945,121.0
1753531765297,12:09:25.297,ALGO/USDT:USDT,0.26923,124.0,0.26922,112.0,0.26944,124.0,0.26945,121.0
1753531765386,12:09:25.386,ALGO/USDT:USDT,0.26923,124.0,0.26922,112.0,0.26944,124.0,0.26945,121.0
1753531765404,12:09:25.404,ALGO/USDT:USDT,0.26923,124.0,0.26922,112.0,0.26944,124.0,0.26945,121.0
1753531765614,12:09:25.614,ALGO/USDT:USDT,0.26923,124.0,0.26922,112.0,0.26944,124.0,0.26946,404.0
1753531765725,12:09:25.725,ALGO/USDT:USDT,0.26923,124.0,0.26922,112.0,0.26944,124.0,0.26946,404.0
1753531765829,12:09:25.829,ALGO/USDT:USDT,0.26923,124.0,0.26922,112.0,0.26944,124.0,0.26946,404.0
1753531766281,12:09:26.281,ALGO/USDT:USDT,0.26923,124.0,0.26922,112.0,0.26944,124.0,0.26946,404.0
1753531766774,12:09:26.774,ALGO/USDT:USDT,0.26923,124.0,0.26922,112.0,0.26944,124.0,0.26946,404.0
1753531766891,12:09:26.891,ALGO/USDT:USDT,0.26923,124.0,0.26922,114.0,0.26941,124.0,0.26942,2.0
1753531766985,12:09:26.985,ALGO/USDT:USDT,0.26922,2.0,0.2692,126.0,0.26941,124.0,0.26942,2.0
1753531767100,12:09:27.100,ALGO/USDT:USDT,0.26922,2.0,0.26916,124.0,0.26941,124.0,0.26942,2.0
1753531767190,12:09:27.190,ALGO/USDT:USDT,0.26922,2.0,0.26914,126.0,0.26941,124.0,0.26942,2.0
1753531767301,12:09:27.301,ALGO/USDT:USDT,0.26922,2.0,0.26914,126.0,0.26941,124.0,0.26942,2.0
1753531767367,12:09:27.367,ALGO/USDT:USDT,0.26922,2.0,0.26914,126.0,0.26941,124.0,0.26942,2.0
1753531767497,12:09:27.497,ALGO/USDT:USDT,0.26913,124.0,0.26912,109.0,0.2694,124.0,0.26942,2.0
1753531767560,12:09:27.560,ALGO/USDT:USDT,0.26913,124.0,0.26912,109.0,0.2694,124.0,0.26941,108.0
1753531767797,12:09:27.797,ALGO/USDT:USDT,0.26913,124.0,0.26912,109.0,0.2694,124.0,0.26941,108.0
1753531767958,12:09:27.958,ALGO/USDT:USDT,0.26913,124.0,0.2691,123.0,0.26939,124.0,0.2694,277.0
1753531768085,12:09:28.085,ALGO/USDT:USDT,0.26913,124.0,0.2691,123.0,0.26938,124.0,0.26939,207.0
1753531768192,12:09:28.192,ALGO/USDT:USDT,0.26913,124.0,0.2691,123.0,0.26935,126.0,0.26937,277.0
1753531768269,12:09:28.269,ALGO/USDT:USDT,0.26914,124.0,0.26913,126.0,0.26933,124.0,0.26934,2.0
1753531768359,12:09:28.359,ALGO/USDT:USDT,0.26914,124.0,0.26913,126.0,0.26933,124.0,0.26934,2.0
1753531768420,12:09:28.420,ALGO/USDT:USDT,0.26914,124.0,0.26913,2.0,0.26933,124.0,0.26934,2.0
1753531768618,12:09:28.618,ALGO/USDT:USDT,0.26914,124.0,0.26913,2.0,0.26933,124.0,0.26934,2.0
1753531769020,12:09:29.020,ALGO/USDT:USDT,0.26914,124.0,0.26913,2.0,0.26933,124.0,0.26934,2.0
1753531769256,12:09:29.256,ALGO/USDT:USDT,0.26914,124.0,0.26913,2.0,0.26933,124.0,0.26934,2.0
1753531769593,12:09:29.593,ALGO/USDT:USDT,0.26914,124.0,0.26913,2.0,0.26933,124.0,0.26934,2.0
1753531769684,12:09:29.684,ALGO/USDT:USDT,0.26914,124.0,0.26913,2.0,0.26933,124.0,0.26934,2.0
1753531769736,12:09:29.736,ALGO/USDT:USDT,0.26914,124.0,0.26913,2.0,0.26933,124.0,0.26934,2.0
1753531769838,12:09:29.838,ALGO/USDT:USDT,0.26914,124.0,0.26913,2.0,0.26933,124.0,0.26934,2.0
1753531770004,12:09:30.004,ALGO/USDT:USDT,0.26914,124.0,0.26913,2.0,0.26933,124.0,0.26934,2.0
1753531770196,12:09:30.196,ALGO/USDT:USDT,0.26914,124.0,0.26913,2.0,0.26933,124.0,0.26934,2.0
1753531770306,12:09:30.306,ALGO/USDT:USDT,0.26914,124.0,0.26913,2.0,0.26933,124.0,0.26934,2.0
1753531770481,12:09:30.481,ALGO/USDT:USDT,0.26914,124.0,0.2691,123.0,0.26932,125.0,0.26933,2.0
1753531770579,12:09:30.579,ALGO/USDT:USDT,0.26911,125.0,0.2691,123.0,0.26932,125.0,0.26933,2.0
1753531770655,12:09:30.655,ALGO/USDT:USDT,0.26911,125.0,0.2691,123.0,0.26932,125.0,0.26933,2.0
1753531770726,12:09:30.726,ALGO/USDT:USDT,0.26911,125.0,0.2691,1.0,0.26932,125.0,0.26933,2.0
1753531771012,12:09:31.012,ALGO/USDT:USDT,0.26911,125.0,0.2691,1.0,0.26932,125.0,0.26933,2.0
1753531771378,12:09:31.378,ALGO/USDT:USDT,0.26911,125.0,0.2691,1.0,0.26932,125.0,0.26934,110.0
1753531771740,12:09:31.740,ALGO/USDT:USDT,0.26911,125.0,0.2691,1.0,0.26932,125.0,0.26934,110.0
1753531771829,12:09:31.829,ALGO/USDT:USDT,0.26911,125.0,0.2691,1.0,0.26932,125.0,0.26934,110.0
1753531771904,12:09:31.904,ALGO/USDT:USDT,0.26911,125.0,0.2691,1.0,0.26932,125.0,0.26934,110.0
1753531772045,12:09:32.045,ALGO/USDT:USDT,0.26911,125.0,0.2691,1.0,0.26932,125.0,0.26934,110.0
1753531772124,12:09:32.124,ALGO/USDT:USDT,0.26911,125.0,0.2691,1.0,0.26932,125.0,0.26934,110.0
1753531772423,12:09:32.423,ALGO/USDT:USDT,0.26911,125.0,0.2691,1.0,0.26932,125.0,0.26934,110.0
1753531772785,12:09:32.785,ALGO/USDT:USDT,0.26913,125.0,0.26912,2.0,0.26932,125.0,0.26934,110.0
1753531772898,12:09:32.898,ALGO/USDT:USDT,0.2691,1.0,0.26904,124.0,0.26932,125.0,0.26934,110.0
1753531772990,12:09:32.990,ALGO/USDT:USDT,0.2691,1.0,0.26904,124.0,0.26931,125.0,0.26932,2.0
1753531773097,12:09:33.097,ALGO/USDT:USDT,0.2691,1.0,0.26904,124.0,0.26931,125.0,0.26932,2.0
1753531773199,12:09:33.199,ALGO/USDT:USDT,0.269,125.0,0.26898,199.0,0.26909,17.0,0.26931,402.0
1753531773294,12:09:33.294,ALGO/USDT:USDT,0.269,125.0,0.26898,199.0,0.26929,125.0,0.2693,121.0
1753531773381,12:09:33.381,ALGO/USDT:USDT,0.269,125.0,0.26898,124.0,0.26927,125.0,0.26928,277.0
1753531773490,12:09:33.490,ALGO/USDT:USDT,0.269,125.0,0.26898,124.0,0.26925,125.0,0.26926,277.0
1753531773585,12:09:33.585,ALGO/USDT:USDT,0.269,125.0,0.26898,124.0,0.26923,125.0,0.26924,277.0
1753531773701,12:09:33.701,ALGO/USDT:USDT,0.269,125.0,0.26898,124.0,0.26923,125.0,0.26924,277.0
1753531773704,12:09:33.704,ALGO/USDT:USDT,0.269,125.0,0.26898,124.0,0.26923,125.0,0.26924,277.0
1753531773843,12:09:33.843,ALGO/USDT:USDT,0.269,125.0,0.26898,124.0,0.26923,125.0,0.26924,277.0
1753531773968,12:09:33.968,ALGO/USDT:USDT,0.269,125.0,0.26898,124.0,0.26927,125.0,0.26929,4.0
1753531774016,12:09:34.016,ALGO/USDT:USDT,0.269,125.0,0.26898,124.0,0.26927,125.0,0.26929,4.0
1753531774163,12:09:34.163,ALGO/USDT:USDT,0.269,125.0,0.26898,124.0,0.26927,125.0,0.26929,4.0
1753531774399,12:09:34.399,ALGO/USDT:USDT,0.269,125.0,0.26898,124.0,0.26927,125.0,0.26929,4.0
1753531774427,12:09:34.427,ALGO/USDT:USDT,0.269,125.0,0.26898,124.0,0.26927,125.0,0.2693,128.0
1753531774660,12:09:34.660,ALGO/USDT:USDT,0.269,125.0,0.26898,124.0,0.26926,125.0,0.2693,128.0
1753531775112,12:09:35.112,ALGO/USDT:USDT,0.269,125.0,0.26898,124.0,0.26926,125.0,0.2693,128.0
1753531775749,12:09:35.749,ALGO/USDT:USDT,0.269,125.0,0.26898,124.0,0.26926,125.0,0.2693,128.0
1753531776066,12:09:36.066,ALGO/USDT:USDT,0.269,125.0,0.26898,124.0,0.26926,125.0,0.2693,128.0
1753531776301,12:09:36.301,ALGO/USDT:USDT,0.269,125.0,0.26898,124.0,0.26926,125.0,0.2693,7.0
1753531776388,12:09:36.388,ALGO/USDT:USDT,0.269,125.0,0.26898,124.0,0.26926,125.0,0.2693,7.0
1753531776457,12:09:36.457,ALGO/USDT:USDT,0.269,125.0,0.26898,124.0,0.26926,125.0,0.2693,7.0
1753531776585,12:09:36.585,ALGO/USDT:USDT,0.269,125.0,0.26898,124.0,0.26929,125.0,0.2693,7.0
1753531776615,12:09:36.615,ALGO/USDT:USDT,0.269,125.0,0.26898,124.0,0.26929,125.0,0.26931,125.0
1753531776797,12:09:36.797,ALGO/USDT:USDT,0.269,125.0,0.26898,124.0,0.26931,125.0,0.26934,115.0
1753531776805,12:09:36.805,ALGO/USDT:USDT,0.269,125.0,0.26898,124.0,0.26931,125.0,0.26934,115.0
1753531777026,12:09:37.026,ALGO/USDT:USDT,0.269,125.0,0.26898,124.0,0.26931,125.0,0.26934,115.0
1753531777640,12:09:37.640,ALGO/USDT:USDT,0.269,125.0,0.26898,124.0,0.26931,125.0,0.26934,115.0
1753531777746,12:09:37.746,ALGO/USDT:USDT,0.26901,125.0,0.269,108.0,0.26931,125.0,0.26934,115.0
1753531777874,12:09:37.874,ALGO/USDT:USDT,0.26901,125.0,0.269,108.0,0.26931,125.0,0.26934,115.0
1753531777925,12:09:37.925,ALGO/USDT:USDT,0.26901,125.0,0.269,108.0,0.26931,125.0,0.26934,115.0
1753531778098,12:09:38.098,ALGO/USDT:USDT,0.26901,125.0,0.269,108.0,0.26931,125.0,0.26934,115.0
1753531778296,12:09:38.296,ALGO/USDT:USDT,0.26901,125.0,0.269,108.0,0.26931,125.0,0.26934,115.0
1753531778564,12:09:38.564,ALGO/USDT:USDT,0.26901,125.0,0.269,108.0,0.26931,125.0,0.26934,115.0
1753531778604,12:09:38.604,ALGO/USDT:USDT,0.26901,125.0,0.269,108.0,0.26931,125.0,0.26934,115.0
1753531778920,12:09:38.920,ALGO/USDT:USDT,0.26901,125.0,0.269,108.0,0.26931,125.0,0.26934,115.0
1753531779184,12:09:39.184,ALGO/USDT:USDT,0.26901,125.0,0.269,108.0,0.26931,125.0,0.26934,115.0
1753531779226,12:09:39.226,ALGO/USDT:USDT,0.26901,125.0,0.269,108.0,0.26931,125.0,0.26934,115.0
1753531779391,12:09:39.391,ALGO/USDT:USDT,0.26901,125.0,0.269,108.0,0.26933,127.0,0.26934,115.0
1753531779416,12:09:39.416,ALGO/USDT:USDT,0.26901,125.0,0.269,108.0,0.26933,127.0,0.26934,108.0
1753531779537,12:09:39.537,ALGO/USDT:USDT,0.26901,125.0,0.269,108.0,0.26933,127.0,0.26934,108.0
1753531779959,12:09:39.959,ALGO/USDT:USDT,0.26901,125.0,0.269,108.0,0.26934,127.0,0.26937,7.0
1753531780053,12:09:40.053,ALGO/USDT:USDT,0.26901,125.0,0.269,108.0,0.26934,127.0,0.26937,7.0
1753531780152,12:09:40.152,ALGO/USDT:USDT,0.26901,125.0,0.269,108.0,0.26934,127.0,0.26937,7.0
1753531780286,12:09:40.286,ALGO/USDT:USDT,0.26915,127.0,0.26914,81.0,0.26939,234.0,0.26946,277.0
1753531780385,12:09:40.385,ALGO/USDT:USDT,0.26915,127.0,0.26914,81.0,0.26943,127.0,0.26946,277.0
1753531780425,12:09:40.425,ALGO/USDT:USDT,0.26915,127.0,0.26914,81.0,0.26943,127.0,0.26946,277.0
1753531780585,12:09:40.585,ALGO/USDT:USDT,0.26915,127.0,0.26914,81.0,0.26943,127.0,0.26946,277.0
1753531780646,12:09:40.646,ALGO/USDT:USDT,0.26915,127.0,0.26914,81.0,0.26943,127.0,0.26946,277.0
1753531780880,12:09:40.880,ALGO/USDT:USDT,0.26915,127.0,0.26914,81.0,0.26943,127.0,0.26946,277.0
1753531780964,12:09:40.964,ALGO/USDT:USDT,0.26915,127.0,0.26914,81.0,0.26943,127.0,0.26946,277.0
1753531781052,12:09:41.052,ALGO/USDT:USDT,0.26915,127.0,0.26914,81.0,0.26945,127.0,0.26946,277.0
1753531781590,12:09:41.590,ALGO/USDT:USDT,0.26918,127.0,0.26917,50.0,0.26945,127.0,0.26946,277.0
1753531781608,12:09:41.608,ALGO/USDT:USDT,0.26918,127.0,0.26917,50.0,0.26945,127.0,0.26946,277.0
1753531781789,12:09:41.789,ALGO/USDT:USDT,0.26918,127.0,0.26917,50.0,0.26945,23.0,0.26946,277.0
1753531781875,12:09:41.875,ALGO/USDT:USDT,0.26918,127.0,0.26917,50.0,0.26945,23.0,0.26946,277.0
1753531781992,12:09:41.992,ALGO/USDT:USDT,0.26918,127.0,0.26917,50.0,0.26945,23.0,0.26946,277.0
1753531782200,12:09:42.200,ALGO/USDT:USDT,0.26918,127.0,0.26917,50.0,0.26945,23.0,0.26946,277.0
1753531782298,12:09:42.298,ALGO/USDT:USDT,0.26918,127.0,0.26917,50.0,0.26945,23.0,0.26946,277.0
1753531782598,12:09:42.598,ALGO/USDT:USDT,0.26932,127.0,0.26925,2.0,0.26945,136.0,0.26946,277.0
1753531782643,12:09:42.643,ALGO/USDT:USDT,0.26932,127.0,0.26925,2.0,0.26945,140.0,0.26946,277.0
1753531782727,12:09:42.727,ALGO/USDT:USDT,0.26932,127.0,0.26925,2.0,0.26945,140.0,0.26946,277.0
1753531783029,12:09:43.029,ALGO/USDT:USDT,0.26932,127.0,0.26925,2.0,0.26945,140.0,0.26946,277.0
1753531783152,12:09:43.152,ALGO/USDT:USDT,0.26932,127.0,0.26927,2.0,0.26945,140.0,0.26946,277.0
1753531783231,12:09:43.231,ALGO/USDT:USDT,0.26932,127.0,0.26918,236.0,0.26944,127.0,0.26945,142.0
1753531783371,12:09:43.371,ALGO/USDT:USDT,0.26928,127.0,0.26918,236.0,0.26944,127.0,0.26945,142.0
1753531783432,12:09:43.432,ALGO/USDT:USDT,0.26928,127.0,0.26918,236.0,0.26944,127.0,0.26945,142.0
1753531783584,12:09:43.584,ALGO/USDT:USDT,0.26926,127.0,0.26918,236.0,0.2694,127.0,0.26941,52.0
1753531783661,12:09:43.661,ALGO/USDT:USDT,0.26926,127.0,0.26918,236.0,0.2694,127.0,0.26941,52.0
1753531783737,12:09:43.737,ALGO/USDT:USDT,0.26926,127.0,0.26922,2.0,0.2694,127.0,0.26941,52.0
1753531784001,12:09:44.001,ALGO/USDT:USDT,0.26926,127.0,0.26922,2.0,0.2694,127.0,0.26941,52.0
1753531784099,12:09:44.099,ALGO/USDT:USDT,0.26926,127.0,0.26922,4.0,0.2694,127.0,0.26941,52.0
1753531784239,12:09:44.239,ALGO/USDT:USDT,0.26926,127.0,0.26922,4.0,0.2694,127.0,0.26941,52.0
1753531784420,12:09:44.420,ALGO/USDT:USDT,0.26926,127.0,0.26922,4.0,0.2694,127.0,0.26941,52.0
1753531784579,12:09:44.579,ALGO/USDT:USDT,0.26926,127.0,0.26922,4.0,0.2694,127.0,0.26941,52.0
1753531784741,12:09:44.741,ALGO/USDT:USDT,0.26926,127.0,0.26922,4.0,0.2694,127.0,0.26941,52.0
1753531784832,12:09:44.832,ALGO/USDT:USDT,0.26926,127.0,0.26922,4.0,0.2694,127.0,0.26941,52.0
1753531784939,12:09:44.939,ALGO/USDT:USDT,0.26926,127.0,0.26922,4.0,0.2694,127.0,0.26941,52.0
1753531785343,12:09:45.343,ALGO/USDT:USDT,0.26926,127.0,0.26922,4.0,0.2694,127.0,0.26941,52.0
1753531785506,12:09:45.506,ALGO/USDT:USDT,0.26926,127.0,0.26922,4.0,0.2694,127.0,0.26941,2.0
1753531786004,12:09:46.004,ALGO/USDT:USDT,0.26926,127.0,0.26922,4.0,0.2694,127.0,0.26941,2.0
1753531786137,12:09:46.137,ALGO/USDT:USDT,0.26926,127.0,0.26922,4.0,0.2694,127.0,0.26941,2.0
1753531786209,12:09:46.209,ALGO/USDT:USDT,0.26926,127.0,0.26922,4.0,0.2694,127.0,0.26941,2.0
1753531786349,12:09:46.349,ALGO/USDT:USDT,0.26926,127.0,0.26922,4.0,0.26942,177.0,0.26944,50.0
1753531786495,12:09:46.495,ALGO/USDT:USDT,0.26926,127.0,0.26922,4.0,0.26942,127.0,0.26944,50.0
1753531786519,12:09:46.519,ALGO/USDT:USDT,0.26926,127.0,0.26922,4.0,0.26944,177.0,0.26945,73.0
1753531786696,12:09:46.696,ALGO/USDT:USDT,0.26926,127.0,0.26922,4.0,0.26943,127.0,0.26944,50.0
1753531786771,12:09:46.771,ALGO/USDT:USDT,0.26926,127.0,0.26922,4.0,0.26943,127.0,0.26944,50.0
1753531786985,12:09:46.985,ALGO/USDT:USDT,0.26926,127.0,0.26922,4.0,0.26943,127.0,0.26944,50.0
1753531787058,12:09:47.058,ALGO/USDT:USDT,0.26926,127.0,0.26922,4.0,0.26943,127.0,0.26944,50.0
1753531787184,12:09:47.184,ALGO/USDT:USDT,0.26926,127.0,0.26922,4.0,0.26942,127.0,0.26943,129.0
1753531787374,12:09:47.374,ALGO/USDT:USDT,0.26926,127.0,0.26922,4.0,0.26942,127.0,0.26943,2.0
1753531787478,12:09:47.478,ALGO/USDT:USDT,0.26926,127.0,0.26922,4.0,0.26942,127.0,0.26943,2.0
1753531787693,12:09:47.693,ALGO/USDT:USDT,0.26926,127.0,0.26922,4.0,0.26943,2.0,0.26945,50.0
1753531787848,12:09:47.848,ALGO/USDT:USDT,0.26926,127.0,0.26922,4.0,0.26943,2.0,0.26945,50.0
1753531787946,12:09:47.946,ALGO/USDT:USDT,0.26926,127.0,0.26922,4.0,0.26945,50.0,0.26946,111.0
1753531788012,12:09:48.012,ALGO/USDT:USDT,0.26926,127.0,0.26922,4.0,0.26945,50.0,0.26946,111.0
1753531788164,12:09:48.164,ALGO/USDT:USDT,0.26926,127.0,0.26922,4.0,0.26945,50.0,0.26946,111.0
1753531788297,12:09:48.297,ALGO/USDT:USDT,0.26926,127.0,0.26922,4.0,0.26945,50.0,0.26946,111.0
1753531788344,12:09:48.344,ALGO/USDT:USDT,0.26926,127.0,0.26922,4.0,0.26945,177.0,0.26946,111.0
1753531788473,12:09:48.473,ALGO/USDT:USDT,0.26926,127.0,0.26922,4.0,0.26945,177.0,0.26946,111.0
1753531788725,12:09:48.725,ALGO/USDT:USDT,0.26926,127.0,0.26922,4.0,0.26945,177.0,0.26946,111.0
1753531788897,12:09:48.897,ALGO/USDT:USDT,0.26926,127.0,0.26922,4.0,0.26945,177.0,0.26946,111.0
1753531789044,12:09:49.044,ALGO/USDT:USDT,0.26926,127.0,0.26922,4.0,0.26944,129.0,0.26945,50.0
1753531789179,12:09:49.179,ALGO/USDT:USDT,0.26926,127.0,0.26922,4.0,0.26943,127.0,0.26944,2.0
1753531789557,12:09:49.557,ALGO/USDT:USDT,0.26926,127.0,0.26922,4.0,0.26943,127.0,0.26944,2.0
1753531789972,12:09:49.972,ALGO/USDT:USDT,0.26926,127.0,0.26922,4.0,0.26943,127.0,0.26944,2.0
1753531790004,12:09:50.004,ALGO/USDT:USDT,0.26926,127.0,0.26922,4.0,0.26943,127.0,0.26944,2.0
1753531790163,12:09:50.163,ALGO/USDT:USDT,0.26926,127.0,0.26922,4.0,0.26943,127.0,0.26944,2.0
1753531790451,12:09:50.451,ALGO/USDT:USDT,0.26926,127.0,0.26922,4.0,0.26944,2.0,0.26945,173.0
1753531790559,12:09:50.559,ALGO/USDT:USDT,0.26926,127.0,0.26922,4.0,0.26944,2.0,0.26945,173.0
1753531790629,12:09:50.629,ALGO/USDT:USDT,0.26926,127.0,0.26922,4.0,0.26944,2.0,0.26945,173.0
1753531790793,12:09:50.793,ALGO/USDT:USDT,0.26926,127.0,0.26922,4.0,0.26944,125.0,0.26945,173.0
1753531790906,12:09:50.906,ALGO/USDT:USDT,0.26926,127.0,0.26922,4.0,0.26944,125.0,0.26945,50.0
1753531791085,12:09:51.085,ALGO/USDT:USDT,0.26926,127.0,0.26922,4.0,0.26944,2.0,0.26945,173.0
1753531791151,12:09:51.151,ALGO/USDT:USDT,0.26926,127.0,0.26922,4.0,0.26944,2.0,0.26945,173.0
1753531791294,12:09:51.294,ALGO/USDT:USDT,0.26926,127.0,0.26922,4.0,0.26944,125.0,0.26945,50.0
1753531791324,12:09:51.324,ALGO/USDT:USDT,0.26926,127.0,0.26922,4.0,0.26943,123.0,0.26944,2.0
1753531791455,12:09:51.455,ALGO/USDT:USDT,0.26926,127.0,0.26922,2.0,0.26943,123.0,0.26944,2.0
1753531791584,12:09:51.584,ALGO/USDT:USDT,0.26928,123.0,0.26927,2.0,0.26944,2.0,0.26945,173.0
1753531791664,12:09:51.664,ALGO/USDT:USDT,0.26928,123.0,0.26927,2.0,0.26943,123.0,0.26944,2.0
1753531791775,12:09:51.775,ALGO/USDT:USDT,0.26928,123.0,0.26927,2.0,0.26943,146.0,0.26944,2.0
1753531792008,12:09:52.008,ALGO/USDT:USDT,0.26928,123.0,0.26927,2.0,0.26943,146.0,0.26944,2.0
1753531792429,12:09:52.429,ALGO/USDT:USDT,0.26928,123.0,0.26927,2.0,0.26943,146.0,0.26944,2.0
1753531792645,12:09:52.645,ALGO/USDT:USDT,0.26929,123.0,0.26928,236.0,0.26943,146.0,0.26944,2.0
1753531792798,12:09:52.798,ALGO/USDT:USDT,0.26929,123.0,0.26928,113.0,0.26943,146.0,0.26944,2.0
1753531792822,12:09:52.822,ALGO/USDT:USDT,0.26929,123.0,0.26928,113.0,0.26943,146.0,0.26944,2.0
1753531793007,12:09:53.007,ALGO/USDT:USDT,0.26929,123.0,0.26928,113.0,0.26943,146.0,0.26944,2.0
1753531793417,12:09:53.417,ALGO/USDT:USDT,0.26929,123.0,0.26928,113.0,0.26943,146.0,0.26944,2.0
1753531793504,12:09:53.504,ALGO/USDT:USDT,0.26929,123.0,0.26928,113.0,0.26943,146.0,0.26944,2.0
1753531793741,12:09:53.741,ALGO/USDT:USDT,0.26929,123.0,0.26928,113.0,0.26943,146.0,0.26944,2.0
1753531794393,12:09:54.393,ALGO/USDT:USDT,0.26929,123.0,0.26928,113.0,0.26943,146.0,0.26944,2.0
1753531794761,12:09:54.761,ALGO/USDT:USDT,0.26929,123.0,0.26928,113.0,0.26943,146.0,0.26944,2.0
1753531795285,12:09:55.285,ALGO/USDT:USDT,0.26929,123.0,0.26928,113.0,0.26943,146.0,0.26944,2.0
1753531796520,12:09:56.520,ALGO/USDT:USDT,0.26929,123.0,0.26928,113.0,0.26943,23.0,0.26944,2.0
1753531796611,12:09:56.611,ALGO/USDT:USDT,0.26929,123.0,0.26928,113.0,0.26943,23.0,0.26944,2.0
1753531796762,12:09:56.762,ALGO/USDT:USDT,0.26929,123.0,0.26928,113.0,0.26943,23.0,0.26944,2.0
1753531796860,12:09:56.860,ALGO/USDT:USDT,0.26929,123.0,0.26928,113.0,0.26943,23.0,0.26944,2.0
1753531797348,12:09:57.348,ALGO/USDT:USDT,0.26929,123.0,0.26928,113.0,0.26943,23.0,0.26944,2.0
1753531797481,12:09:57.481,ALGO/USDT:USDT,0.26929,123.0,0.26928,113.0,0.26943,23.0,0.26944,2.0
1753531797564,12:09:57.564,ALGO/USDT:USDT,0.26929,123.0,0.26928,113.0,0.26943,23.0,0.26944,2.0
1753531797678,12:09:57.678,ALGO/USDT:USDT,0.26929,123.0,0.26928,113.0,0.26943,23.0,0.26944,2.0
1753531797820,12:09:57.820,ALGO/USDT:USDT,0.26929,123.0,0.26928,113.0,0.26943,23.0,0.26944,2.0
1753531798032,12:09:58.032,ALGO/USDT:USDT,0.26929,123.0,0.26928,113.0,0.26943,23.0,0.26944,2.0
1753531798398,12:09:58.398,ALGO/USDT:USDT,0.26929,123.0,0.26928,113.0,0.26943,23.0,0.26944,2.0
1753531798442,12:09:58.442,ALGO/USDT:USDT,0.26929,123.0,0.26928,113.0,0.26943,23.0,0.26949,50.0
1753531798669,12:09:58.669,ALGO/USDT:USDT,0.26929,123.0,0.26928,113.0,0.26943,23.0,0.26949,50.0
1753531798785,12:09:58.785,ALGO/USDT:USDT,0.26929,123.0,0.26928,113.0,0.26943,23.0,0.26949,50.0
1753531798812,12:09:58.812,ALGO/USDT:USDT,0.26929,123.0,0.26928,113.0,0.26943,25.0,0.26949,50.0
1753531798978,12:09:58.978,ALGO/USDT:USDT,0.26929,123.0,0.26928,113.0,0.26943,25.0,0.26949,50.0
1753531799004,12:09:59.004,ALGO/USDT:USDT,0.26929,123.0,0.26928,113.0,0.26943,25.0,0.26949,50.0
1753531799385,12:09:59.385,ALGO/USDT:USDT,0.26929,123.0,0.26928,113.0,0.26943,25.0,0.26949,50.0
1753531799717,12:09:59.717,ALGO/USDT:USDT,0.26929,123.0,0.26928,113.0,0.26943,25.0,0.26949,50.0
1753531800413,12:10:00.413,ALGO/USDT:USDT,0.26929,123.0,0.26928,113.0,0.26943,25.0,0.26949,50.0
1753531800675,12:10:00.675,ALGO/USDT:USDT,0.26929,123.0,0.26928,113.0,0.26943,25.0,0.26949,50.0
1753531801265,12:10:01.265,ALGO/USDT:USDT,0.26929,123.0,0.26928,113.0,0.26943,138.0,0.26949,50.0
1753531801715,12:10:01.715,ALGO/USDT:USDT,0.26929,123.0,0.26928,113.0,0.26943,138.0,0.26949,50.0
1753531802070,12:10:02.070,ALGO/USDT:USDT,0.26929,123.0,0.26928,113.0,0.26943,136.0,0.26949,50.0
1753531802189,12:10:02.189,ALGO/USDT:USDT,0.26929,123.0,0.26928,113.0,0.26943,23.0,0.26949,50.0
1753531802231,12:10:02.231,ALGO/USDT:USDT,0.26929,123.0,0.26928,113.0,0.26943,23.0,0.26949,50.0
1753531803131,12:10:03.131,ALGO/USDT:USDT,0.26929,123.0,0.26928,113.0,0.26943,148.0,0.26949,50.0
1753531803297,12:10:03.297,ALGO/USDT:USDT,0.26929,123.0,0.26928,113.0,0.26943,148.0,0.26949,50.0
1753531803398,12:10:03.398,ALGO/USDT:USDT,0.26929,123.0,0.26928,113.0,0.26942,121.0,0.26943,27.0
1753531803436,12:10:03.436,ALGO/USDT:USDT,0.26926,127.0,0.26921,111.0,0.26942,121.0,0.26943,27.0
1753531803769,12:10:03.769,ALGO/USDT:USDT,0.26926,127.0,0.26921,111.0,0.26942,121.0,0.26943,27.0
1753531804299,12:10:04.299,ALGO/USDT:USDT,0.26926,127.0,0.26921,111.0,0.26942,121.0,0.26943,27.0
1753531804562,12:10:04.562,ALGO/USDT:USDT,0.26926,127.0,0.26921,111.0,0.26942,121.0,0.26943,27.0
1753531804779,12:10:04.779,ALGO/USDT:USDT,0.26926,127.0,0.26921,111.0,0.26942,121.0,0.26943,27.0
1753531805094,12:10:05.094,ALGO/USDT:USDT,0.26926,127.0,0.26921,111.0,0.26942,121.0,0.26943,27.0
1753531805171,12:10:05.171,ALGO/USDT:USDT,0.26926,127.0,0.26921,111.0,0.26942,121.0,0.26943,27.0
1753531805297,12:10:05.297,ALGO/USDT:USDT,0.26926,127.0,0.26921,111.0,0.26942,121.0,0.26943,27.0
1753531805390,12:10:05.390,ALGO/USDT:USDT,0.26926,127.0,0.26921,111.0,0.26942,121.0,0.26943,27.0
1753531805594,12:10:05.594,ALGO/USDT:USDT,0.26926,127.0,0.26921,111.0,0.26942,121.0,0.26943,136.0
1753531805827,12:10:05.827,ALGO/USDT:USDT,0.26926,127.0,0.26921,111.0,0.26942,121.0,0.26943,136.0
1753531806099,12:10:06.099,ALGO/USDT:USDT,0.26926,127.0,0.26921,111.0,0.26942,121.0,0.26943,134.0
1753531806104,12:10:06.104,ALGO/USDT:USDT,0.26926,127.0,0.26921,111.0,0.26942,121.0,0.26943,134.0
1753531806278,12:10:06.278,ALGO/USDT:USDT,0.26926,127.0,0.26921,111.0,0.26943,134.0,0.26949,50.0
1753531806338,12:10:06.338,ALGO/USDT:USDT,0.26926,127.0,0.26921,111.0,0.26943,134.0,0.26949,50.0
1753531806585,12:10:06.585,ALGO/USDT:USDT,0.26926,127.0,0.26921,111.0,0.26943,134.0,0.26949,50.0
1753531806886,12:10:06.886,ALGO/USDT:USDT,0.26926,127.0,0.26921,111.0,0.26943,134.0,0.26949,50.0
1753531807030,12:10:07.030,ALGO/USDT:USDT,0.26926,127.0,0.26921,111.0,0.26943,134.0,0.26949,50.0
1753531807104,12:10:07.104,ALGO/USDT:USDT,0.26926,127.0,0.26921,111.0,0.26943,134.0,0.26949,50.0
1753531807204,12:10:07.204,ALGO/USDT:USDT,0.26926,127.0,0.26921,111.0,0.26943,134.0,0.26949,50.0
1753531807304,12:10:07.304,ALGO/USDT:USDT,0.26926,127.0,0.26921,111.0,0.26943,132.0,0.26949,50.0
1753531807836,12:10:07.836,ALGO/USDT:USDT,0.26926,127.0,0.26921,111.0,0.26943,132.0,0.26949,50.0
1753531808353,12:10:08.353,ALGO/USDT:USDT,0.26926,127.0,0.26921,111.0,0.26943,132.0,0.26949,50.0
1753531808895,12:10:08.895,ALGO/USDT:USDT,0.26932,121.0,0.26931,81.0,0.26943,132.0,0.26949,50.0
1753531808932,12:10:08.932,ALGO/USDT:USDT,0.26932,121.0,0.26931,81.0,0.26943,132.0,0.26949,50.0
1753531809016,12:10:09.016,ALGO/USDT:USDT,0.26932,121.0,0.26931,81.0,0.26943,132.0,0.26949,50.0
1753531809210,12:10:09.210,ALGO/USDT:USDT,0.26932,121.0,0.26931,81.0,0.26943,132.0,0.26949,50.0
1753531809374,12:10:09.374,ALGO/USDT:USDT,0.26932,121.0,0.26931,81.0,0.26943,132.0,0.26949,50.0
1753531809412,12:10:09.412,ALGO/USDT:USDT,0.26932,121.0,0.26931,81.0,0.26943,132.0,0.26949,50.0
1753531809731,12:10:09.731,ALGO/USDT:USDT,0.26932,121.0,0.26931,81.0,0.26943,132.0,0.26949,50.0
1753531809839,12:10:09.839,ALGO/USDT:USDT,0.26932,121.0,0.26931,81.0,0.26943,132.0,0.26949,50.0
1753531809949,12:10:09.949,ALGO/USDT:USDT,0.26932,121.0,0.26931,81.0,0.26943,132.0,0.26949,50.0
1753531810050,12:10:10.050,ALGO/USDT:USDT,0.26932,121.0,0.26931,81.0,0.26943,132.0,0.26949,50.0
1753531810192,12:10:10.192,ALGO/USDT:USDT,0.26932,121.0,0.26931,81.0,0.26943,132.0,0.26949,50.0
1753531810231,12:10:10.231,ALGO/USDT:USDT,0.26932,121.0,0.26931,81.0,0.26943,132.0,0.26952,50.0
1753531810360,12:10:10.360,ALGO/USDT:USDT,0.26932,121.0,0.26931,81.0,0.26943,132.0,0.26951,126.0
1753531810589,12:10:10.589,ALGO/USDT:USDT,0.26932,121.0,0.26931,81.0,0.26943,23.0,0.26952,50.0
1753531810671,12:10:10.671,ALGO/USDT:USDT,0.26932,121.0,0.26931,81.0,0.26943,23.0,0.26952,50.0
1753531810744,12:10:10.744,ALGO/USDT:USDT,0.26932,121.0,0.26931,81.0,0.26952,50.0,0.26953,277.0
1753531810848,12:10:10.848,ALGO/USDT:USDT,0.26932,121.0,0.26931,81.0,0.26952,50.0,0.26953,277.0
1753531810981,12:10:10.981,ALGO/USDT:USDT,0.26932,121.0,0.26931,81.0,0.26952,50.0,0.26953,277.0
1753531811061,12:10:11.061,ALGO/USDT:USDT,0.26932,121.0,0.26931,192.0,0.26951,126.0,0.26952,50.0
1753531811109,12:10:11.109,ALGO/USDT:USDT,0.26932,121.0,0.26931,192.0,0.26951,126.0,0.26952,50.0
1753531811261,12:10:11.261,ALGO/USDT:USDT,0.26932,121.0,0.26931,192.0,0.26952,50.0,0.26953,389.0
1753531811337,12:10:11.337,ALGO/USDT:USDT,0.26932,121.0,0.26931,192.0,0.26951,126.0,0.26952,50.0
1753531811780,12:10:11.780,ALGO/USDT:USDT,0.26932,121.0,0.26931,192.0,0.26951,149.0,0.26952,50.0
1753531811830,12:10:11.830,ALGO/USDT:USDT,0.26932,121.0,0.26931,192.0,0.26951,149.0,0.26952,50.0
1753531812178,12:10:12.178,ALGO/USDT:USDT,0.26932,121.0,0.26931,81.0,0.2695,126.0,0.26951,23.0
1753531812373,12:10:12.373,ALGO/USDT:USDT,0.26932,121.0,0.26931,81.0,0.2695,126.0,0.26951,23.0
1753531812582,12:10:12.582,ALGO/USDT:USDT,0.26932,121.0,0.26931,81.0,0.26951,23.0,0.26952,50.0
1753531812694,12:10:12.694,ALGO/USDT:USDT,0.26932,121.0,0.26931,81.0,0.26951,23.0,0.26952,50.0
1753531812787,12:10:12.787,ALGO/USDT:USDT,0.26932,121.0,0.26931,81.0,0.26951,23.0,0.26952,50.0
1753531812844,12:10:12.844,ALGO/USDT:USDT,0.26932,121.0,0.26931,81.0,0.26951,23.0,0.26952,50.0
1753531812918,12:10:12.918,ALGO/USDT:USDT,0.26932,121.0,0.26931,81.0,0.26951,23.0,0.26952,50.0
1753531813010,12:10:13.010,ALGO/USDT:USDT,0.26932,121.0,0.26931,81.0,0.26951,23.0,0.26952,50.0
1753531813194,12:10:13.194,ALGO/USDT:USDT,0.26932,121.0,0.26931,81.0,0.26951,23.0,0.26959,126.0
1753531813250,12:10:13.250,ALGO/USDT:USDT,0.26932,121.0,0.26931,81.0,0.26951,23.0,0.26959,126.0
1753531813313,12:10:13.313,ALGO/USDT:USDT,0.26932,121.0,0.26931,81.0,0.26951,23.0,0.26959,126.0
1753531813679,12:10:13.679,ALGO/USDT:USDT,0.26932,121.0,0.26931,81.0,0.26951,23.0,0.26959,126.0
1753531813951,12:10:13.951,ALGO/USDT:USDT,0.26932,121.0,0.26931,190.0,0.26951,23.0,0.26953,113.0
1753531814352,12:10:14.352,ALGO/USDT:USDT,0.26932,121.0,0.26931,190.0,0.26951,23.0,0.26953,113.0
1753531814876,12:10:14.876,ALGO/USDT:USDT,0.26932,121.0,0.26931,79.0,0.2695,126.0,0.26951,23.0
1753531814967,12:10:14.967,ALGO/USDT:USDT,0.26932,121.0,0.26931,79.0,0.2695,126.0,0.26951,23.0
1753531815275,12:10:15.275,ALGO/USDT:USDT,0.26932,121.0,0.26931,79.0,0.2695,126.0,0.26951,23.0
1753531815408,12:10:15.408,ALGO/USDT:USDT,0.26932,121.0,0.26931,79.0,0.2695,126.0,0.26951,23.0
1753531815689,12:10:15.689,ALGO/USDT:USDT,0.26932,121.0,0.26931,79.0,0.2695,126.0,0.26951,23.0
1753531816005,12:10:16.005,ALGO/USDT:USDT,0.26932,121.0,0.26931,79.0,0.2695,126.0,0.26951,23.0
1753531816380,12:10:16.380,ALGO/USDT:USDT,0.26932,121.0,0.26931,79.0,0.2695,126.0,0.26951,23.0
1753531816584,12:10:16.584,ALGO/USDT:USDT,0.26932,121.0,0.26931,79.0,0.2695,126.0,0.26951,23.0
1753531816630,12:10:16.630,ALGO/USDT:USDT,0.26932,121.0,0.26931,79.0,0.2695,126.0,0.26951,23.0
1753531816775,12:10:16.775,ALGO/USDT:USDT,0.26932,121.0,0.26931,79.0,0.2695,126.0,0.26953,113.0
1753531817594,12:10:17.594,ALGO/USDT:USDT,0.26932,121.0,0.26931,2.0,0.2695,126.0,0.26953,113.0
1753531817604,12:10:17.604,ALGO/USDT:USDT,0.26932,121.0,0.26931,2.0,0.2695,126.0,0.26953,113.0
1753531817741,12:10:17.741,ALGO/USDT:USDT,0.26932,121.0,0.26931,2.0,0.2695,126.0,0.26953,113.0
1753531818507,12:10:18.507,ALGO/USDT:USDT,0.26932,121.0,0.26931,2.0,0.2695,126.0,0.26953,113.0
1753531818684,12:10:18.684,ALGO/USDT:USDT,0.26932,121.0,0.26931,79.0,0.2695,126.0,0.26953,113.0
1753531818790,12:10:18.790,ALGO/USDT:USDT,0.26932,121.0,0.26931,79.0,0.2695,126.0,0.26953,113.0
1753531818966,12:10:18.966,ALGO/USDT:USDT,0.26932,121.0,0.26931,79.0,0.2695,126.0,0.26953,113.0
1753531819021,12:10:19.021,ALGO/USDT:USDT,0.26932,121.0,0.26931,79.0,0.2695,126.0,0.26953,113.0
1753531819920,12:10:19.920,ALGO/USDT:USDT,0.26932,121.0,0.26931,79.0,0.2695,126.0,0.26953,113.0
1753531820219,12:10:20.219,ALGO/USDT:USDT,0.26932,121.0,0.26931,79.0,0.2695,126.0,0.26953,113.0
1753531820923,12:10:20.923,ALGO/USDT:USDT,0.26932,121.0,0.26931,79.0,0.2695,126.0,0.26953,113.0
1753531821302,12:10:21.302,ALGO/USDT:USDT,0.26932,121.0,0.26931,79.0,0.2695,126.0,0.26953,113.0
1753531821431,12:10:21.431,ALGO/USDT:USDT,0.26932,121.0,0.26931,79.0,0.2695,126.0,0.26953,113.0
1753531821766,12:10:21.766,ALGO/USDT:USDT,0.26932,121.0,0.26931,79.0,0.2695,126.0,0.26953,113.0
1753531822363,12:10:22.363,ALGO/USDT:USDT,0.26932,121.0,0.2693,109.0,0.2695,126.0,0.26953,113.0
1753531822476,12:10:22.476,ALGO/USDT:USDT,0.26932,121.0,0.2693,109.0,0.2695,126.0,0.26953,113.0
1753531822544,12:10:22.544,ALGO/USDT:USDT,0.26932,121.0,0.2693,109.0,0.2695,126.0,0.26953,113.0
1753531822812,12:10:22.812,ALGO/USDT:USDT,0.26932,121.0,0.2693,109.0,0.2695,126.0,0.26953,113.0
1753531822940,12:10:22.940,ALGO/USDT:USDT,0.26932,121.0,0.2693,109.0,0.2695,126.0,0.26953,113.0
1753531823008,12:10:23.008,ALGO/USDT:USDT,0.26932,121.0,0.2693,109.0,0.2695,126.0,0.26953,113.0
1753531823150,12:10:23.150,ALGO/USDT:USDT,0.26932,121.0,0.26931,77.0,0.2695,126.0,0.26953,113.0
1753531823285,12:10:23.285,ALGO/USDT:USDT,0.26932,121.0,0.26931,77.0,0.2695,126.0,0.26953,113.0
1753531823499,12:10:23.499,ALGO/USDT:USDT,0.26932,121.0,0.2693,109.0,0.2695,126.0,0.26953,113.0
1753531823572,12:10:23.572,ALGO/USDT:USDT,0.26932,121.0,0.26931,77.0,0.2695,126.0,0.26953,113.0
1753531823620,12:10:23.620,ALGO/USDT:USDT,0.26932,121.0,0.26931,77.0,0.2695,126.0,0.26953,113.0
1753531823962,12:10:23.962,ALGO/USDT:USDT,0.26932,121.0,0.26931,77.0,0.2695,126.0,0.26953,113.0
1753531824283,12:10:24.283,ALGO/USDT:USDT,0.26932,121.0,0.26931,77.0,0.2695,126.0,0.26953,113.0
1753531824515,12:10:24.515,ALGO/USDT:USDT,0.26932,121.0,0.26931,77.0,0.2695,126.0,0.26953,113.0
1753531824732,12:10:24.732,ALGO/USDT:USDT,0.26932,121.0,0.26931,77.0,0.2695,126.0,0.26953,113.0
1753531825005,12:10:25.005,ALGO/USDT:USDT,0.26932,121.0,0.26931,77.0,0.2695,126.0,0.26953,113.0
1753531825774,12:10:25.774,ALGO/USDT:USDT,0.26932,121.0,0.26931,77.0,0.26958,126.0,0.2696,277.0
1753531825827,12:10:25.827,ALGO/USDT:USDT,0.26932,121.0,0.26931,77.0,0.26957,126.0,0.26958,110.0
1753531825904,12:10:25.904,ALGO/USDT:USDT,0.26932,121.0,0.26931,77.0,0.26957,126.0,0.26958,110.0
1753531826051,12:10:26.051,ALGO/USDT:USDT,0.26932,121.0,0.26931,77.0,0.26957,126.0,0.26958,110.0
1753531826250,12:10:26.250,ALGO/USDT:USDT,0.26932,121.0,0.26931,77.0,0.26957,126.0,0.26958,110.0
1753531826321,12:10:26.321,ALGO/USDT:USDT,0.26932,121.0,0.26931,77.0,0.26957,126.0,0.26958,110.0
1753531826886,12:10:26.886,ALGO/USDT:USDT,0.26932,121.0,0.26931,77.0,0.26957,126.0,0.26958,110.0
1753531827192,12:10:27.192,ALGO/USDT:USDT,0.26932,121.0,0.2693,111.0,0.26957,126.0,0.26958,110.0
1753531827252,12:10:27.252,ALGO/USDT:USDT,0.26932,121.0,0.2693,111.0,0.26957,126.0,0.26958,110.0
1753531827359,12:10:27.359,ALGO/USDT:USDT,0.26932,121.0,0.2693,111.0,0.26957,126.0,0.26958,110.0
1753531827431,12:10:27.431,ALGO/USDT:USDT,0.26932,121.0,0.26931,77.0,0.26957,126.0,0.26958,110.0
1753531827752,12:10:27.752,ALGO/USDT:USDT,0.26932,121.0,0.26931,77.0,0.26957,126.0,0.26958,110.0
1753531827842,12:10:27.842,ALGO/USDT:USDT,0.26932,121.0,0.26931,77.0,0.26957,126.0,0.26958,110.0
1753531827968,12:10:27.968,ALGO/USDT:USDT,0.26932,121.0,0.26931,77.0,0.26957,126.0,0.26958,110.0
1753531828176,12:10:28.176,ALGO/USDT:USDT,0.26932,121.0,0.26931,77.0,0.26957,126.0,0.26958,110.0
1753531828214,12:10:28.214,ALGO/USDT:USDT,0.26932,121.0,0.26931,77.0,0.26957,126.0,0.26958,110.0
1753531829245,12:10:29.245,ALGO/USDT:USDT,0.26932,121.0,0.26931,77.0,0.26957,126.0,0.26958,110.0
1753531829304,12:10:29.304,ALGO/USDT:USDT,0.26932,121.0,0.26931,77.0,0.26957,126.0,0.26958,110.0
1753531830000,12:10:30.000,ALGO/USDT:USDT,0.26932,121.0,0.26931,77.0,0.26957,126.0,0.26958,110.0
1753531831031,12:10:31.031,ALGO/USDT:USDT,0.26932,121.0,0.26931,77.0,0.26957,126.0,0.26958,110.0
1753531833358,12:10:33.358,ALGO/USDT:USDT,0.26932,121.0,0.26931,77.0,0.26957,126.0,0.26958,110.0
1753531833570,12:10:33.570,ALGO/USDT:USDT,0.26932,121.0,0.2693,111.0,0.26955,127.0,0.26956,83.0
1753531833668,12:10:33.668,ALGO/USDT:USDT,0.26932,121.0,0.2693,111.0,0.26955,127.0,0.26956,83.0
1753531834685,12:10:34.685,ALGO/USDT:USDT,0.26932,121.0,0.2693,111.0,0.26954,127.0,0.26955,277.0
1753531834828,12:10:34.828,ALGO/USDT:USDT,0.26932,121.0,0.2693,111.0,0.26954,127.0,0.26955,277.0
1753531835844,12:10:35.844,ALGO/USDT:USDT,0.26932,121.0,0.2693,111.0,0.26954,127.0,0.26955,277.0
1753531837088,12:10:37.088,ALGO/USDT:USDT,0.26932,121.0,0.2693,111.0,0.26952,129.0,0.26953,277.0
1753531837195,12:10:37.195,ALGO/USDT:USDT,0.26926,127.0,0.26921,111.0,0.2695,127.0,0.26951,279.0
1753531837299,12:10:37.299,ALGO/USDT:USDT,0.26926,127.0,0.26921,111.0,0.26948,127.0,0.26949,83.0
1753531837394,12:10:37.394,ALGO/USDT:USDT,0.26926,127.0,0.26921,111.0,0.26948,127.0,0.26949,83.0
1753531837416,12:10:37.416,ALGO/USDT:USDT,0.26926,127.0,0.26921,111.0,0.26948,127.0,0.26949,83.0
1753531837787,12:10:37.787,ALGO/USDT:USDT,0.26926,127.0,0.26921,111.0,0.26948,127.0,0.26949,83.0
1753531837816,12:10:37.816,ALGO/USDT:USDT,0.26926,127.0,0.26921,111.0,0.26947,127.0,0.26948,109.0
1753531837905,12:10:37.905,ALGO/USDT:USDT,0.26926,127.0,0.26921,111.0,0.26947,127.0,0.26948,109.0
1753531838189,12:10:38.189,ALGO/USDT:USDT,0.26926,127.0,0.26921,111.0,0.26946,127.0,0.26947,2.0
1753531838220,12:10:38.220,ALGO/USDT:USDT,0.26926,127.0,0.26921,111.0,0.26946,127.0,0.26947,2.0
1753531838693,12:10:38.693,ALGO/USDT:USDT,0.26926,127.0,0.26921,111.0,0.26946,127.0,0.26947,2.0
1753531839006,12:10:39.006,ALGO/USDT:USDT,0.26926,127.0,0.26921,111.0,0.26946,127.0,0.26947,2.0
1753531839222,12:10:39.222,ALGO/USDT:USDT,0.26922,127.0,0.26918,127.0,0.26946,127.0,0.26947,2.0
1753531839398,12:10:39.398,ALGO/USDT:USDT,0.26918,127.0,0.26916,50.0,0.26946,127.0,0.26947,2.0
1753531839501,12:10:39.501,ALGO/USDT:USDT,0.26918,127.0,0.26916,50.0,0.26946,127.0,0.26947,2.0
1753531839594,12:10:39.594,ALGO/USDT:USDT,0.26918,127.0,0.26916,50.0,0.26946,127.0,0.26947,2.0
1753531839604,12:10:39.604,ALGO/USDT:USDT,0.26918,127.0,0.26916,50.0,0.26946,127.0,0.26947,2.0
1753531839864,12:10:39.864,ALGO/USDT:USDT,0.26918,127.0,0.26916,50.0,0.26944,124.0,0.26945,83.0
1753531839964,12:10:39.964,ALGO/USDT:USDT,0.26918,127.0,0.26916,50.0,0.26944,124.0,0.26945,83.0
1753531840013,12:10:40.013,ALGO/USDT:USDT,0.26918,127.0,0.26916,50.0,0.26944,124.0,0.26945,83.0
1753531840196,12:10:40.196,ALGO/USDT:USDT,0.26918,127.0,0.26916,50.0,0.26944,124.0,0.26945,83.0
1753531840225,12:10:40.225,ALGO/USDT:USDT,0.26918,127.0,0.26916,50.0,0.26944,124.0,0.26947,172.0
1753531840660,12:10:40.660,ALGO/USDT:USDT,0.26918,127.0,0.26916,50.0,0.26944,124.0,0.26947,172.0
1753531840980,12:10:40.980,ALGO/USDT:USDT,0.26918,127.0,0.26916,50.0,0.26944,124.0,0.26947,172.0
1753531841489,12:10:41.489,ALGO/USDT:USDT,0.26919,124.0,0.26918,238.0,0.26944,124.0,0.26947,172.0
1753531841590,12:10:41.590,ALGO/USDT:USDT,0.26919,124.0,0.26918,111.0,0.26944,124.0,0.26947,172.0
1753531841696,12:10:41.696,ALGO/USDT:USDT,0.26919,124.0,0.26918,111.0,0.26944,124.0,0.26947,2.0
1753531841769,12:10:41.769,ALGO/USDT:USDT,0.26919,124.0,0.26918,111.0,0.26944,124.0,0.26948,109.0
1753531841886,12:10:41.886,ALGO/USDT:USDT,0.26919,124.0,0.26918,111.0,0.26944,124.0,0.26948,109.0
1753531842014,12:10:42.014,ALGO/USDT:USDT,0.26919,124.0,0.26918,111.0,0.26944,124.0,0.26948,109.0
1753531842588,12:10:42.588,ALGO/USDT:USDT,0.26917,124.0,0.26916,50.0,0.26944,124.0,0.2695,7.0
1753531842616,12:10:42.616,ALGO/USDT:USDT,0.26917,124.0,0.26916,50.0,0.26944,124.0,0.2695,7.0
1753531842704,12:10:42.704,ALGO/USDT:USDT,0.26917,124.0,0.26916,50.0,0.26944,124.0,0.2695,7.0
1753531842888,12:10:42.888,ALGO/USDT:USDT,0.2692,124.0,0.26919,50.0,0.26944,124.0,0.2695,7.0
1753531842908,12:10:42.908,ALGO/USDT:USDT,0.26921,124.0,0.2692,50.0,0.26944,124.0,0.2695,7.0
1753531843130,12:10:43.130,ALGO/USDT:USDT,0.26921,124.0,0.2692,50.0,0.26944,124.0,0.2695,7.0
1753531843263,12:10:43.263,ALGO/USDT:USDT,0.26921,124.0,0.2692,50.0,0.26944,124.0,0.2695,7.0
1753531843700,12:10:43.700,ALGO/USDT:USDT,0.26921,124.0,0.2692,50.0,0.26944,124.0,0.2695,7.0
1753531844088,12:10:44.088,ALGO/USDT:USDT,0.26921,124.0,0.2692,50.0,0.26944,124.0,0.2695,7.0
1753531844498,12:10:44.498,ALGO/USDT:USDT,0.26921,124.0,0.2692,50.0,0.26949,124.0,0.26952,127.0
1753531844561,12:10:44.561,ALGO/USDT:USDT,0.26921,124.0,0.2692,50.0,0.26949,124.0,0.26952,127.0
1753531844679,12:10:44.679,ALGO/USDT:USDT,0.26922,124.0,0.26921,111.0,0.26952,127.0,0.2696,7.0
1753531844722,12:10:44.722,ALGO/USDT:USDT,0.26922,124.0,0.26919,50.0,0.26952,127.0,0.2696,7.0
1753531844837,12:10:44.837,ALGO/USDT:USDT,0.26922,124.0,0.26918,50.0,0.26952,127.0,0.2696,7.0
1753531844959,12:10:44.959,ALGO/USDT:USDT,0.26922,124.0,0.26918,50.0,0.26952,127.0,0.2696,7.0
1753531845006,12:10:45.006,ALGO/USDT:USDT,0.26922,124.0,0.26918,50.0,0.26952,127.0,0.2696,7.0
1753531845259,12:10:45.259,ALGO/USDT:USDT,0.26922,124.0,0.26918,50.0,0.26952,127.0,0.2696,7.0
1753531845431,12:10:45.431,ALGO/USDT:USDT,0.26922,124.0,0.26918,50.0,0.26952,127.0,0.2696,7.0
1753531845594,12:10:45.594,ALGO/USDT:USDT,0.26932,124.0,0.26931,79.0,0.26952,2.0,0.26953,2.0
1753531845644,12:10:45.644,ALGO/USDT:USDT,0.26932,124.0,0.26931,79.0,0.26951,124.0,0.26952,126.0
1753531845788,12:10:45.788,ALGO/USDT:USDT,0.26932,124.0,0.26931,79.0,0.26951,124.0,0.26952,2.0
1753531845981,12:10:45.981,ALGO/USDT:USDT,0.26932,124.0,0.26931,79.0,0.26951,124.0,0.26952,2.0
1753531846095,12:10:46.095,ALGO/USDT:USDT,0.26932,124.0,0.26931,79.0,0.26952,2.0,0.26954,124.0
1753531846209,12:10:46.209,ALGO/USDT:USDT,0.26932,124.0,0.26931,79.0,0.26952,2.0,0.26954,124.0
1753531846372,12:10:46.372,ALGO/USDT:USDT,0.26932,124.0,0.26931,79.0,0.26952,2.0,0.26953,2.0
1753531846475,12:10:46.475,ALGO/USDT:USDT,0.26932,124.0,0.26931,79.0,0.26952,126.0,0.26953,2.0
1753531846510,12:10:46.510,ALGO/USDT:USDT,0.26932,124.0,0.26931,79.0,0.26952,126.0,0.26953,2.0
1753531846887,12:10:46.887,ALGO/USDT:USDT,0.26932,124.0,0.26931,79.0,0.26952,126.0,0.26954,124.0
1753531847001,12:10:47.001,ALGO/USDT:USDT,0.26932,124.0,0.26931,79.0,0.26956,124.0,0.2696,7.0
1753531847099,12:10:47.099,ALGO/USDT:USDT,0.26932,124.0,0.26931,79.0,0.26956,124.0,0.2696,7.0
1753531848191,12:10:48.191,ALGO/USDT:USDT,0.26932,124.0,0.26931,79.0,0.26956,124.0,0.2696,7.0
1753531848266,12:10:48.266,ALGO/USDT:USDT,0.26932,124.0,0.26931,79.0,0.26956,124.0,0.2696,7.0
1753531848596,12:10:48.596,ALGO/USDT:USDT,0.26932,124.0,0.26931,79.0,0.26956,124.0,0.2696,7.0
1753531850044,12:10:50.044,ALGO/USDT:USDT,0.26932,124.0,0.26931,79.0,0.26956,124.0,0.2696,7.0
1753531850244,12:10:50.244,ALGO/USDT:USDT,0.26932,124.0,0.26931,79.0,0.26956,124.0,0.26959,277.0
1753531850637,12:10:50.637,ALGO/USDT:USDT,0.26932,124.0,0.26931,79.0,0.26956,124.0,0.26959,277.0
1753531853424,12:10:53.424,ALGO/USDT:USDT,0.26932,124.0,0.26931,79.0,0.26956,124.0,0.26959,277.0
1753531853765,12:10:53.765,ALGO/USDT:USDT,0.26932,124.0,0.26931,79.0,0.26956,124.0,0.26959,277.0
1753531853910,12:10:53.910,ALGO/USDT:USDT,0.26932,124.0,0.26931,79.0,0.26956,124.0,0.26959,277.0
1753531855042,12:10:55.042,ALGO/USDT:USDT,0.26932,124.0,0.26931,79.0,0.26956,124.0,0.26959,277.0
1753531855104,12:10:55.104,ALGO/USDT:USDT,0.26932,124.0,0.26931,79.0,0.26956,124.0,0.26959,277.0
1753531855433,12:10:55.433,ALGO/USDT:USDT,0.26932,124.0,0.26931,79.0,0.26956,124.0,0.26959,277.0
1753531855696,12:10:55.696,ALGO/USDT:USDT,0.26932,124.0,0.26931,79.0,0.26956,124.0,0.26959,277.0
1753531855703,12:10:55.703,ALGO/USDT:USDT,0.26932,124.0,0.26931,79.0,0.26956,124.0,0.26959,277.0
1753531855967,12:10:55.967,ALGO/USDT:USDT,0.26932,124.0,0.26931,79.0,0.26956,124.0,0.26959,277.0
1753531856101,12:10:56.101,ALGO/USDT:USDT,0.26932,124.0,0.26931,79.0,0.26956,124.0,0.26959,277.0
1753531856104,12:10:56.104,ALGO/USDT:USDT,0.26932,124.0,0.26931,79.0,0.26956,124.0,0.26959,277.0
1753531856983,12:10:56.983,ALGO/USDT:USDT,0.26932,124.0,0.26931,79.0,0.26956,124.0,0.26959,277.0
1753531857164,12:10:57.164,ALGO/USDT:USDT,0.26932,124.0,0.26931,79.0,0.26956,124.0,0.26959,277.0
1753531857276,12:10:57.276,ALGO/USDT:USDT,0.26932,124.0,0.26931,79.0,0.26956,124.0,0.26959,277.0
