timestamp,time,symbol,bid1_price,bid1_volume,bid2_price,bid2_volume,ask1_price,ask1_volume,ask2_price,ask2_volume
1753531588000,12:06:28.000,AXS/USDT:USDT,2.59,946.0,2.589,14239.0,2.591,6.0,2.592,1763.0
1753531589221,12:06:29.221,AXS/USDT:USDT,2.59,946.0,2.589,14239.0,2.591,918.0,2.592,1763.0
1753531589520,12:06:29.520,AXS/USDT:USDT,2.59,946.0,2.589,14239.0,2.591,6.0,2.592,1763.0
1753531590121,12:06:30.121,AXS/USDT:USDT,2.59,946.0,2.589,14239.0,2.591,918.0,2.592,1763.0
1753531590241,12:06:30.241,AXS/USDT:USDT,2.59,946.0,2.589,14239.0,2.591,918.0,2.592,1763.0
1753531590725,12:06:30.725,AXS/USDT:USDT,2.59,913.0,2.589,14239.0,2.591,918.0,2.592,1763.0
1753531590803,12:06:30.803,AXS/USDT:USDT,2.59,1.0,2.589,14239.0,2.591,918.0,2.592,1763.0
1753531592335,12:06:32.335,AXS/USDT:USDT,2.59,1.0,2.589,14239.0,2.591,918.0,2.592,1763.0
1753531592350,12:06:32.350,AXS/USDT:USDT,2.59,1.0,2.589,14239.0,2.591,918.0,2.592,1763.0
1753531595042,12:06:35.042,AXS/USDT:USDT,2.59,1.0,2.589,14239.0,2.591,918.0,2.592,1763.0
1753531598517,12:06:38.517,AXS/USDT:USDT,2.59,1.0,2.589,14239.0,2.591,918.0,2.592,1763.0
1753531598770,12:06:38.770,AXS/USDT:USDT,2.59,1.0,2.589,14239.0,2.591,918.0,2.592,1763.0
1753531599842,12:06:39.842,AXS/USDT:USDT,2.59,1.0,2.589,14239.0,2.591,918.0,2.592,1763.0
1753531600139,12:06:40.139,AXS/USDT:USDT,2.59,948.0,2.589,14239.0,2.591,6.0,2.592,1763.0
1753531600287,12:06:40.287,AXS/USDT:USDT,2.59,948.0,2.589,14239.0,2.591,6.0,2.592,1763.0
1753531600637,12:06:40.637,AXS/USDT:USDT,2.59,948.0,2.589,14239.0,2.591,6.0,2.592,1763.0
1753531600747,12:06:40.747,AXS/USDT:USDT,2.59,948.0,2.589,14239.0,2.591,6.0,2.592,1763.0
1753531602221,12:06:42.221,AXS/USDT:USDT,2.59,948.0,2.589,14239.0,2.591,953.0,2.592,1763.0
1753531603911,12:06:43.911,AXS/USDT:USDT,2.59,1.0,2.589,14239.0,2.591,953.0,2.592,1763.0
1753531604642,12:06:44.642,AXS/USDT:USDT,2.59,1.0,2.589,14239.0,2.591,953.0,2.592,1763.0
1753531608918,12:06:48.918,AXS/USDT:USDT,2.589,9608.0,2.588,5174.0,2.59,946.0,2.591,1282.0
1753531608970,12:06:48.970,AXS/USDT:USDT,2.589,9608.0,2.588,5174.0,2.59,946.0,2.591,1282.0
1753531609260,12:06:49.260,AXS/USDT:USDT,2.588,14785.0,2.587,26123.0,2.59,946.0,2.591,1282.0
1753531609442,12:06:49.442,AXS/USDT:USDT,2.588,12949.0,2.587,20004.0,2.59,946.0,2.591,1276.0
1753531609643,12:06:49.643,AXS/USDT:USDT,2.588,12949.0,2.587,20004.0,2.59,946.0,2.591,1276.0
1753531609895,12:06:49.895,AXS/USDT:USDT,2.588,12949.0,2.587,20004.0,2.59,946.0,2.591,1276.0
1753531610004,12:06:50.004,AXS/USDT:USDT,2.588,12949.0,2.587,20004.0,2.59,946.0,2.591,1276.0
1753531610219,12:06:50.219,AXS/USDT:USDT,2.589,946.0,2.588,12949.0,2.59,946.0,2.591,1276.0
1753531610258,12:06:50.258,AXS/USDT:USDT,2.589,946.0,2.588,12949.0,2.59,952.0,2.591,1276.0
1753531610642,12:06:50.642,AXS/USDT:USDT,2.589,946.0,2.588,12949.0,2.59,952.0,2.591,947.0
1753531610650,12:06:50.650,AXS/USDT:USDT,2.589,946.0,2.588,11331.0,2.59,952.0,2.591,947.0
1753531610989,12:06:50.989,AXS/USDT:USDT,2.589,946.0,2.588,11331.0,2.59,952.0,2.591,1744.0
1753531611335,12:06:51.335,AXS/USDT:USDT,2.589,946.0,2.588,11331.0,2.59,952.0,2.591,1744.0
1753531611429,12:06:51.429,AXS/USDT:USDT,2.589,946.0,2.588,11331.0,2.59,952.0,2.591,947.0
1753531611683,12:06:51.683,AXS/USDT:USDT,2.589,946.0,2.588,11331.0,2.59,952.0,2.591,947.0
1753531612004,12:06:52.004,AXS/USDT:USDT,2.589,946.0,2.588,11331.0,2.59,952.0,2.591,947.0
1753531613047,12:06:53.047,AXS/USDT:USDT,2.589,946.0,2.588,11331.0,2.59,6.0,2.591,947.0
1753531613201,12:06:53.201,AXS/USDT:USDT,2.589,946.0,2.588,11331.0,2.59,6.0,2.591,947.0
1753531613932,12:06:53.932,AXS/USDT:USDT,2.589,946.0,2.588,11331.0,2.59,6.0,2.591,947.0
1753531614107,12:06:54.107,AXS/USDT:USDT,2.589,946.0,2.588,11331.0,2.59,6.0,2.591,947.0
1753531614242,12:06:54.242,AXS/USDT:USDT,2.589,946.0,2.588,11331.0,2.59,6.0,2.591,947.0
1753531614943,12:06:54.943,AXS/USDT:USDT,2.589,946.0,2.588,11331.0,2.59,6.0,2.591,947.0
1753531619044,12:06:59.044,AXS/USDT:USDT,2.589,946.0,2.588,11331.0,2.59,6.0,2.591,947.0
1753531619911,12:06:59.911,AXS/USDT:USDT,2.589,946.0,2.588,11331.0,2.59,6.0,2.591,947.0
1753531620736,12:07:00.736,AXS/USDT:USDT,2.589,946.0,2.588,11331.0,2.59,6.0,2.591,947.0
1753531620750,12:07:00.750,AXS/USDT:USDT,2.589,946.0,2.588,14785.0,2.59,6.0,2.591,947.0
1753531622999,12:07:02.999,AXS/USDT:USDT,2.589,946.0,2.588,13988.0,2.59,6.0,2.591,947.0
1753531623139,12:07:03.139,AXS/USDT:USDT,2.589,946.0,2.588,14785.0,2.59,6.0,2.591,947.0
1753531623842,12:07:03.842,AXS/USDT:USDT,2.589,946.0,2.588,14785.0,2.59,6.0,2.591,947.0
1753531624010,12:07:04.010,AXS/USDT:USDT,2.589,946.0,2.588,14785.0,2.59,6.0,2.591,947.0
1753531624928,12:07:04.928,AXS/USDT:USDT,2.589,946.0,2.588,14785.0,2.59,6.0,2.591,947.0
1753531626013,12:07:06.013,AXS/USDT:USDT,2.589,946.0,2.588,14785.0,2.59,6.0,2.591,947.0
1753531626360,12:07:06.360,AXS/USDT:USDT,2.589,946.0,2.588,14785.0,2.59,6.0,2.591,947.0
1753531627583,12:07:07.583,AXS/USDT:USDT,2.588,14785.0,2.587,26123.0,2.59,6.0,2.591,947.0
1753531627725,12:07:07.725,AXS/USDT:USDT,2.588,11331.0,2.587,15556.0,2.59,6.0,2.591,947.0
1753531627884,12:07:07.884,AXS/USDT:USDT,2.588,11331.0,2.587,15556.0,2.59,954.0,2.591,947.0
1753531628039,12:07:08.039,AXS/USDT:USDT,2.589,3399.0,2.588,11331.0,2.591,947.0,2.592,2637.0
1753531628070,12:07:08.070,AXS/USDT:USDT,2.589,3399.0,2.588,18439.0,2.591,947.0,2.592,2560.0
1753531628179,12:07:08.179,AXS/USDT:USDT,2.589,3399.0,2.588,18439.0,2.591,947.0,2.592,2560.0
1753531628642,12:07:08.642,AXS/USDT:USDT,2.589,3399.0,2.588,18439.0,2.591,947.0,2.592,2560.0
1753531628995,12:07:08.995,AXS/USDT:USDT,2.589,3399.0,2.588,18439.0,2.591,947.0,2.592,2560.0
1753531630816,12:07:10.816,AXS/USDT:USDT,2.589,3399.0,2.588,18439.0,2.591,947.0,2.592,2560.0
1753531633445,12:07:13.445,AXS/USDT:USDT,2.589,3399.0,2.588,18439.0,2.591,947.0,2.592,2560.0
1753531634946,12:07:14.946,AXS/USDT:USDT,2.589,1611.0,2.588,8031.0,2.59,906.0,2.591,1744.0
1753531635040,12:07:15.040,AXS/USDT:USDT,2.588,13175.0,2.587,26123.0,2.59,912.0,2.591,2073.0
1753531635115,12:07:15.115,AXS/USDT:USDT,2.588,13175.0,2.587,26123.0,2.59,906.0,2.591,2073.0
1753531635230,12:07:15.230,AXS/USDT:USDT,2.588,12133.0,2.587,20004.0,2.59,906.0,2.591,2073.0
1753531635451,12:07:15.451,AXS/USDT:USDT,2.588,12133.0,2.587,20004.0,2.59,906.0,2.591,2073.0
1753531635918,12:07:15.918,AXS/USDT:USDT,2.588,12133.0,2.587,20004.0,2.59,906.0,2.591,2073.0
1753531636287,12:07:16.287,AXS/USDT:USDT,2.588,12133.0,2.587,20004.0,2.59,906.0,2.591,2073.0
1753531636503,12:07:16.503,AXS/USDT:USDT,2.588,12133.0,2.587,20004.0,2.59,906.0,2.591,2073.0
1753531638242,12:07:18.242,AXS/USDT:USDT,2.588,12133.0,2.587,20004.0,2.59,906.0,2.591,2073.0
1753531639986,12:07:19.986,AXS/USDT:USDT,2.588,12133.0,2.587,20004.0,2.59,906.0,2.591,2073.0
1753531640069,12:07:20.069,AXS/USDT:USDT,2.588,12133.0,2.587,20004.0,2.59,906.0,2.591,2073.0
1753531643043,12:07:23.043,AXS/USDT:USDT,2.588,12133.0,2.587,20004.0,2.59,906.0,2.591,2073.0
1753531643904,12:07:23.904,AXS/USDT:USDT,2.588,12133.0,2.587,20004.0,2.59,906.0,2.591,2073.0
1753531645002,12:07:25.002,AXS/USDT:USDT,2.588,12133.0,2.587,20004.0,2.59,906.0,2.591,2073.0
1753531646864,12:07:26.864,AXS/USDT:USDT,2.588,11210.0,2.587,20004.0,2.59,906.0,2.591,2073.0
1753531647007,12:07:27.007,AXS/USDT:USDT,2.588,11210.0,2.587,20004.0,2.59,906.0,2.591,2073.0
1753531647842,12:07:27.842,AXS/USDT:USDT,2.588,11210.0,2.587,20004.0,2.59,906.0,2.591,2073.0
1753531647870,12:07:27.870,AXS/USDT:USDT,2.588,9592.0,2.587,2800.0,2.59,906.0,2.591,2073.0
1753531648036,12:07:28.036,AXS/USDT:USDT,2.587,12398.0,2.586,15258.0,2.59,906.0,2.591,2150.0
1753531648071,12:07:28.071,AXS/USDT:USDT,2.587,10544.0,2.586,10810.0,2.589,6.0,2.59,906.0
1753531648222,12:07:28.222,AXS/USDT:USDT,2.587,10544.0,2.586,10810.0,2.589,6.0,2.59,906.0
1753531648371,12:07:28.371,AXS/USDT:USDT,2.587,10544.0,2.586,10810.0,2.589,928.0,2.59,906.0
1753531648523,12:07:28.523,AXS/USDT:USDT,2.587,10544.0,2.586,10810.0,2.59,906.0,2.591,2150.0
1753531648556,12:07:28.556,AXS/USDT:USDT,2.587,10544.0,2.586,10810.0,2.589,6.0,2.59,906.0
1753531648675,12:07:28.675,AXS/USDT:USDT,2.587,10544.0,2.586,10810.0,2.589,6.0,2.59,906.0
1753531648827,12:07:28.827,AXS/USDT:USDT,2.587,10544.0,2.586,10810.0,2.589,928.0,2.59,906.0
1753531648869,12:07:28.869,AXS/USDT:USDT,2.587,10544.0,2.586,4738.0,2.589,922.0,2.59,906.0
1753531649005,12:07:29.005,AXS/USDT:USDT,2.587,10544.0,2.586,4738.0,2.59,906.0,2.591,2150.0
1753531649134,12:07:29.134,AXS/USDT:USDT,2.587,10544.0,2.586,4738.0,2.589,928.0,2.59,1406.0
1753531649154,12:07:29.154,AXS/USDT:USDT,2.587,10544.0,2.586,4738.0,2.589,922.0,2.59,1406.0
1753531649475,12:07:29.475,AXS/USDT:USDT,2.587,10544.0,2.586,4738.0,2.589,922.0,2.59,1406.0
1753531649830,12:07:29.830,AXS/USDT:USDT,2.587,10544.0,2.586,4738.0,2.589,922.0,2.59,2201.0
1753531650352,12:07:30.352,AXS/USDT:USDT,2.587,10544.0,2.586,4738.0,2.589,922.0,2.59,2201.0
1753531652319,12:07:32.319,AXS/USDT:USDT,2.587,10544.0,2.586,4738.0,2.589,922.0,2.59,2201.0
1753531652644,12:07:32.644,AXS/USDT:USDT,2.587,10544.0,2.586,4738.0,2.589,922.0,2.59,2201.0
1753531652650,12:07:32.650,AXS/USDT:USDT,2.587,10544.0,2.586,4738.0,2.589,922.0,2.59,2201.0
1753531652788,12:07:32.788,AXS/USDT:USDT,2.587,10544.0,2.586,4738.0,2.589,922.0,2.59,2201.0
1753531652885,12:07:32.885,AXS/USDT:USDT,2.587,10544.0,2.586,4738.0,2.589,922.0,2.59,2201.0
1753531653753,12:07:33.753,AXS/USDT:USDT,2.587,10544.0,2.586,4738.0,2.589,922.0,2.59,2201.0
1753531655034,12:07:35.034,AXS/USDT:USDT,2.587,10555.0,2.586,4738.0,2.589,922.0,2.59,2201.0
1753531655050,12:07:35.050,AXS/USDT:USDT,2.587,10555.0,2.586,4738.0,2.589,922.0,2.59,2201.0
1753531655441,12:07:35.441,AXS/USDT:USDT,2.587,10555.0,2.586,1772.0,2.589,1719.0,2.59,2530.0
1753531655538,12:07:35.538,AXS/USDT:USDT,2.587,9609.0,2.586,1772.0,2.588,867.0,2.589,922.0
1753531655623,12:07:35.623,AXS/USDT:USDT,2.586,1772.0,2.585,19837.0,2.588,873.0,2.589,922.0
1753531655691,12:07:35.691,AXS/USDT:USDT,2.586,10549.0,2.585,15389.0,2.589,922.0,2.59,2607.0
1753531655770,12:07:35.770,AXS/USDT:USDT,2.586,10549.0,2.585,15389.0,2.588,6.0,2.589,922.0
1753531655853,12:07:35.853,AXS/USDT:USDT,2.586,10549.0,2.585,15389.0,2.588,6.0,2.589,922.0
1753531656042,12:07:36.042,AXS/USDT:USDT,2.586,10549.0,2.585,15389.0,2.588,913.0,2.589,922.0
1753531656054,12:07:36.054,AXS/USDT:USDT,2.586,10549.0,2.585,15389.0,2.588,907.0,2.589,922.0
1753531656148,12:07:36.148,AXS/USDT:USDT,2.586,10549.0,2.585,15389.0,2.589,922.0,2.59,2607.0
1753531656300,12:07:36.300,AXS/USDT:USDT,2.586,10549.0,2.585,15389.0,2.588,6.0,2.589,922.0
1753531656530,12:07:36.530,AXS/USDT:USDT,2.586,10549.0,2.585,15389.0,2.588,6.0,2.589,1719.0
1753531656605,12:07:36.605,AXS/USDT:USDT,2.586,10549.0,2.585,15389.0,2.588,913.0,2.589,1719.0
1753531656678,12:07:36.678,AXS/USDT:USDT,2.586,10549.0,2.585,15389.0,2.588,907.0,2.589,1719.0
1753531656874,12:07:36.874,AXS/USDT:USDT,2.586,10549.0,2.585,15389.0,2.588,907.0,2.589,1719.0
1753531657009,12:07:37.009,AXS/USDT:USDT,2.586,10549.0,2.585,15389.0,2.588,907.0,2.589,1719.0
1753531657444,12:07:37.444,AXS/USDT:USDT,2.586,10549.0,2.585,15389.0,2.588,907.0,2.589,1719.0
1753531657615,12:07:37.615,AXS/USDT:USDT,2.586,10549.0,2.585,15389.0,2.588,907.0,2.589,1719.0
1753531657665,12:07:37.665,AXS/USDT:USDT,2.586,10549.0,2.585,15389.0,2.588,907.0,2.589,1719.0
1753531657874,12:07:37.874,AXS/USDT:USDT,2.586,10549.0,2.585,15389.0,2.588,907.0,2.589,1719.0
1753531658234,12:07:38.234,AXS/USDT:USDT,2.586,10549.0,2.585,15389.0,2.588,907.0,2.589,1719.0
1753531658454,12:07:38.454,AXS/USDT:USDT,2.586,10549.0,2.585,15389.0,2.588,907.0,2.589,1719.0
1753531658834,12:07:38.834,AXS/USDT:USDT,2.586,10549.0,2.585,15389.0,2.588,907.0,2.589,1719.0
1753531658848,12:07:38.848,AXS/USDT:USDT,2.586,10549.0,2.585,15389.0,2.588,907.0,2.589,1719.0
1753531659043,12:07:39.043,AXS/USDT:USDT,2.586,10549.0,2.585,15389.0,2.588,907.0,2.589,2048.0
1753531659076,12:07:39.076,AXS/USDT:USDT,2.586,10549.0,2.585,15389.0,2.588,907.0,2.589,2048.0
1753531659198,12:07:39.198,AXS/USDT:USDT,2.586,10549.0,2.585,15389.0,2.588,907.0,2.589,2048.0
1753531659459,12:07:39.459,AXS/USDT:USDT,2.586,10549.0,2.585,15389.0,2.588,907.0,2.589,2048.0
1753531660013,12:07:40.013,AXS/USDT:USDT,2.586,10549.0,2.585,15389.0,2.588,907.0,2.589,2048.0
1753531660426,12:07:40.426,AXS/USDT:USDT,2.586,10549.0,2.585,15389.0,2.588,907.0,2.589,2048.0
1753531660506,12:07:40.506,AXS/USDT:USDT,2.586,10549.0,2.585,15389.0,2.588,907.0,2.589,2048.0
1753531660847,12:07:40.847,AXS/USDT:USDT,2.586,10549.0,2.585,15389.0,2.588,907.0,2.589,2048.0
1753531660871,12:07:40.871,AXS/USDT:USDT,2.586,10549.0,2.585,15389.0,2.588,907.0,2.589,2048.0
1753531661233,12:07:41.233,AXS/USDT:USDT,2.586,10549.0,2.585,15389.0,2.588,907.0,2.589,2048.0
1753531662035,12:07:42.035,AXS/USDT:USDT,2.586,10549.0,2.585,19837.0,2.588,907.0,2.589,2048.0
1753531662050,12:07:42.050,AXS/USDT:USDT,2.586,12179.0,2.585,19837.0,2.588,907.0,2.589,2048.0
1753531662247,12:07:42.247,AXS/USDT:USDT,2.586,12179.0,2.585,19837.0,2.588,907.0,2.589,2048.0
1753531662409,12:07:42.409,AXS/USDT:USDT,2.586,12179.0,2.585,19837.0,2.588,907.0,2.589,2048.0
1753531662908,12:07:42.908,AXS/USDT:USDT,2.586,12179.0,2.585,19837.0,2.588,907.0,2.589,2048.0
1753531663021,12:07:43.021,AXS/USDT:USDT,2.586,12976.0,2.585,19837.0,2.588,907.0,2.589,2048.0
1753531663107,12:07:43.107,AXS/USDT:USDT,2.586,12179.0,2.585,19837.0,2.588,907.0,2.589,2048.0
1753531663368,12:07:43.368,AXS/USDT:USDT,2.586,12179.0,2.585,19837.0,2.588,907.0,2.589,2048.0
1753531664062,12:07:44.062,AXS/USDT:USDT,2.586,12179.0,2.585,19837.0,2.588,907.0,2.589,2048.0
1753531665457,12:07:45.457,AXS/USDT:USDT,2.586,12179.0,2.585,19837.0,2.588,907.0,2.589,2048.0
1753531666389,12:07:46.389,AXS/USDT:USDT,2.587,935.0,2.586,12179.0,2.588,907.0,2.589,2048.0
1753531666470,12:07:46.470,AXS/USDT:USDT,2.587,935.0,2.586,13811.0,2.588,913.0,2.589,2048.0
1753531667046,12:07:47.046,AXS/USDT:USDT,2.587,935.0,2.586,13811.0,2.588,913.0,2.589,2048.0
1753531670902,12:07:50.902,AXS/USDT:USDT,2.587,935.0,2.586,13811.0,2.588,6.0,2.589,2048.0
1753531671103,12:07:51.103,AXS/USDT:USDT,2.587,935.0,2.586,13811.0,2.588,941.0,2.589,2048.0
1753531671843,12:07:51.843,AXS/USDT:USDT,2.587,935.0,2.586,13811.0,2.588,941.0,2.589,2048.0
1753531672952,12:07:52.952,AXS/USDT:USDT,2.587,935.0,2.586,13811.0,2.588,941.0,2.589,2048.0
1753531674097,12:07:54.097,AXS/USDT:USDT,2.586,13811.0,2.585,25956.0,2.588,941.0,2.589,2048.0
1753531674170,12:07:54.170,AXS/USDT:USDT,2.586,12179.0,2.585,19837.0,2.588,935.0,2.589,2048.0
1753531674754,12:07:54.754,AXS/USDT:USDT,2.586,12179.0,2.585,19837.0,2.588,935.0,2.589,2048.0
1753531675191,12:07:55.191,AXS/USDT:USDT,2.586,12179.0,2.585,19837.0,2.588,935.0,2.589,2048.0
1753531676643,12:07:56.643,AXS/USDT:USDT,2.586,12179.0,2.585,19837.0,2.588,935.0,2.589,2048.0
1753531676649,12:07:56.649,AXS/USDT:USDT,2.586,12179.0,2.585,19837.0,2.588,935.0,2.589,2048.0
1753531677011,12:07:57.011,AXS/USDT:USDT,2.586,12179.0,2.585,19837.0,2.588,935.0,2.589,2048.0
1753531679604,12:07:59.604,AXS/USDT:USDT,2.586,12179.0,2.585,19837.0,2.588,935.0,2.589,2048.0
1753531680008,12:08:00.008,AXS/USDT:USDT,2.587,919.0,2.586,12179.0,2.588,935.0,2.589,2048.0
1753531680054,12:08:00.054,AXS/USDT:USDT,2.587,919.0,2.586,12179.0,2.588,941.0,2.589,2048.0
1753531680190,12:08:00.190,AXS/USDT:USDT,2.587,919.0,2.586,13811.0,2.588,941.0,2.589,2048.0
1753531680644,12:08:00.644,AXS/USDT:USDT,2.586,13811.0,2.585,25956.0,2.588,941.0,2.589,2048.0
1753531680670,12:08:00.670,AXS/USDT:USDT,2.586,12179.0,2.585,19837.0,2.588,935.0,2.589,2048.0
1753531681445,12:08:01.445,AXS/USDT:USDT,2.586,12179.0,2.585,19837.0,2.588,935.0,2.589,2048.0
1753531681645,12:08:01.645,AXS/USDT:USDT,2.587,919.0,2.586,12179.0,2.588,935.0,2.589,2048.0
1753531681670,12:08:01.670,AXS/USDT:USDT,2.587,919.0,2.586,13811.0,2.588,941.0,2.589,2048.0
1753531682003,12:08:02.003,AXS/USDT:USDT,2.586,13811.0,2.585,25956.0,2.588,941.0,2.589,2048.0
1753531682069,12:08:02.069,AXS/USDT:USDT,2.586,12179.0,2.585,19837.0,2.588,935.0,2.589,2048.0
1753531684610,12:08:04.610,AXS/USDT:USDT,2.587,913.0,2.586,12179.0,2.588,935.0,2.589,2048.0
1753531684673,12:08:04.673,AXS/USDT:USDT,2.587,913.0,2.586,13811.0,2.588,941.0,2.589,2048.0
1753531685634,12:08:05.634,AXS/USDT:USDT,2.587,913.0,2.586,11346.0,2.588,6.0,2.589,922.0
1753531685705,12:08:05.705,AXS/USDT:USDT,2.587,913.0,2.586,11346.0,2.588,6.0,2.589,922.0
1753531685834,12:08:05.834,AXS/USDT:USDT,2.587,913.0,2.586,11346.0,2.588,6.0,2.589,922.0
1753531686244,12:08:06.244,AXS/USDT:USDT,2.587,913.0,2.586,11346.0,2.588,6.0,2.589,922.0
1753531686630,12:08:06.630,AXS/USDT:USDT,2.587,913.0,2.586,11346.0,2.588,6.0,2.589,922.0
1753531687030,12:08:07.030,AXS/USDT:USDT,2.587,913.0,2.586,11346.0,2.588,6.0,2.589,922.0
1753531688046,12:08:08.046,AXS/USDT:USDT,2.587,913.0,2.586,11346.0,2.588,6.0,2.589,922.0
1753531688208,12:08:08.208,AXS/USDT:USDT,2.587,913.0,2.586,11346.0,2.588,6.0,2.589,922.0
1753531690593,12:08:10.593,AXS/USDT:USDT,2.587,913.0,2.586,11346.0,2.588,6.0,2.589,922.0
1753531691044,12:08:11.044,AXS/USDT:USDT,2.587,913.0,2.586,11346.0,2.588,6.0,2.589,922.0
1753531691231,12:08:11.231,AXS/USDT:USDT,2.587,913.0,2.586,11346.0,2.588,6.0,2.589,922.0
1753531691261,12:08:11.261,AXS/USDT:USDT,2.587,913.0,2.586,11346.0,2.588,6.0,2.589,922.0
1753531693014,12:08:13.014,AXS/USDT:USDT,2.587,913.0,2.586,11346.0,2.588,6.0,2.589,922.0
1753531693136,12:08:13.136,AXS/USDT:USDT,2.587,913.0,2.586,15794.0,2.588,6.0,2.589,922.0
1753531693198,12:08:13.198,AXS/USDT:USDT,2.587,913.0,2.586,18465.0,2.588,6.0,2.589,922.0
1753531693834,12:08:13.834,AXS/USDT:USDT,2.587,913.0,2.586,18465.0,2.588,6.0,2.589,922.0
1753531695844,12:08:15.844,AXS/USDT:USDT,2.587,913.0,2.586,18465.0,2.588,6.0,2.589,922.0
1753531698390,12:08:18.390,AXS/USDT:USDT,2.587,913.0,2.586,12976.0,2.588,6.0,2.589,922.0
1753531698719,12:08:18.719,AXS/USDT:USDT,2.587,913.0,2.586,12976.0,2.588,6.0,2.589,922.0
1753531700646,12:08:20.646,AXS/USDT:USDT,2.587,913.0,2.586,12976.0,2.588,944.0,2.589,922.0
1753531700718,12:08:20.718,AXS/USDT:USDT,2.587,913.0,2.586,12976.0,2.588,944.0,2.589,922.0
1753531700780,12:08:20.780,AXS/USDT:USDT,2.586,12976.0,2.585,19837.0,2.588,944.0,2.589,922.0
1753531700920,12:08:20.920,AXS/USDT:USDT,2.587,3404.0,2.586,11346.0,2.589,922.0,2.59,2530.0
1753531701123,12:08:21.123,AXS/USDT:USDT,2.587,3404.0,2.586,11346.0,2.589,922.0,2.59,2530.0
1753531702042,12:08:22.042,AXS/USDT:USDT,2.587,3404.0,2.586,11346.0,2.589,922.0,2.59,2530.0
1753531702339,12:08:22.339,AXS/USDT:USDT,2.587,3404.0,2.586,11346.0,2.589,922.0,2.59,2530.0
1753531702395,12:08:22.395,AXS/USDT:USDT,2.587,3404.0,2.586,11346.0,2.589,922.0,2.59,2530.0
1753531705444,12:08:25.444,AXS/USDT:USDT,2.587,3404.0,2.586,11346.0,2.589,922.0,2.59,2530.0
1753531705626,12:08:25.626,AXS/USDT:USDT,2.587,3404.0,2.586,11346.0,2.589,922.0,2.59,2530.0
1753531710245,12:08:30.245,AXS/USDT:USDT,2.587,3404.0,2.586,11346.0,2.589,922.0,2.59,2530.0
1753531710250,12:08:30.250,AXS/USDT:USDT,2.587,3404.0,2.586,11346.0,2.589,922.0,2.59,2530.0
1753531712007,12:08:32.007,AXS/USDT:USDT,2.587,3404.0,2.586,11346.0,2.589,922.0,2.59,2530.0
1753531713430,12:08:33.430,AXS/USDT:USDT,2.587,3404.0,2.586,18465.0,2.589,922.0,2.59,2530.0
1753531715045,12:08:35.045,AXS/USDT:USDT,2.587,3404.0,2.586,18465.0,2.589,922.0,2.59,2530.0
1753531715155,12:08:35.155,AXS/USDT:USDT,2.587,3404.0,2.586,18465.0,2.589,922.0,2.59,2530.0
1753531716014,12:08:36.014,AXS/USDT:USDT,2.587,3404.0,2.586,18465.0,2.589,922.0,2.59,2530.0
1753531716641,12:08:36.641,AXS/USDT:USDT,2.586,13220.0,2.585,25956.0,2.588,943.0,2.589,2048.0
1753531716670,12:08:36.670,AXS/USDT:USDT,2.586,12179.0,2.585,19837.0,2.588,943.0,2.589,2048.0
1753531716832,12:08:36.832,AXS/USDT:USDT,2.586,12179.0,2.585,19837.0,2.588,943.0,2.589,2048.0
1753531718868,12:08:38.868,AXS/USDT:USDT,2.586,12179.0,2.585,19837.0,2.588,943.0,2.589,2048.0
1753531719146,12:08:39.146,AXS/USDT:USDT,2.585,15389.0,2.584,56999.0,2.588,943.0,2.589,2048.0
1753531719234,12:08:39.234,AXS/USDT:USDT,2.586,9606.0,2.585,15389.0,2.587,6.0,2.588,943.0
1753531719324,12:08:39.324,AXS/USDT:USDT,2.586,9606.0,2.585,15389.0,2.587,6.0,2.588,943.0
1753531719446,12:08:39.446,AXS/USDT:USDT,2.586,9606.0,2.585,15389.0,2.587,6.0,2.588,943.0
1753531719494,12:08:39.494,AXS/USDT:USDT,2.586,9606.0,2.585,15389.0,2.587,6.0,2.588,943.0
1753531719845,12:08:39.845,AXS/USDT:USDT,2.586,9606.0,2.585,15389.0,2.587,6.0,2.588,943.0
1753531719926,12:08:39.926,AXS/USDT:USDT,2.586,9606.0,2.585,15389.0,2.587,6.0,2.588,943.0
1753531720101,12:08:40.101,AXS/USDT:USDT,2.586,9606.0,2.585,15389.0,2.587,6.0,2.588,943.0
1753531720192,12:08:40.192,AXS/USDT:USDT,2.586,9606.0,2.585,15389.0,2.587,6.0,2.588,943.0
1753531720342,12:08:40.342,AXS/USDT:USDT,2.586,9606.0,2.585,15389.0,2.587,949.0,2.588,943.0
1753531720361,12:08:40.361,AXS/USDT:USDT,2.586,9606.0,2.585,15389.0,2.587,949.0,2.588,943.0
1753531721027,12:08:41.027,AXS/USDT:USDT,2.586,9606.0,2.585,15389.0,2.587,949.0,2.588,943.0
1753531721323,12:08:41.323,AXS/USDT:USDT,2.586,9606.0,2.585,15389.0,2.587,949.0,2.588,943.0
1753531721563,12:08:41.563,AXS/USDT:USDT,2.585,24997.0,2.584,49464.0,2.587,949.0,2.588,943.0
1753531721732,12:08:41.732,AXS/USDT:USDT,2.585,24997.0,2.584,48014.0,2.588,943.0,2.589,2125.0
1753531721823,12:08:41.823,AXS/USDT:USDT,2.585,24997.0,2.584,48014.0,2.587,949.0,2.588,1443.0
1753531721854,12:08:41.854,AXS/USDT:USDT,2.585,24997.0,2.584,48014.0,2.587,943.0,2.588,1443.0
1753531722030,12:08:42.030,AXS/USDT:USDT,2.585,24997.0,2.584,48014.0,2.587,943.0,2.588,2231.0
1753531723387,12:08:43.387,AXS/USDT:USDT,2.585,24997.0,2.584,48014.0,2.587,943.0,2.588,2231.0
1753531723752,12:08:43.752,AXS/USDT:USDT,2.585,24997.0,2.584,48014.0,2.587,943.0,2.588,2231.0
1753531724644,12:08:44.644,AXS/USDT:USDT,2.585,24997.0,2.584,1706.0,2.587,943.0,2.588,2231.0
1753531724650,12:08:44.650,AXS/USDT:USDT,2.585,10593.0,2.584,1706.0,2.587,943.0,2.588,2231.0
1753531725776,12:08:45.776,AXS/USDT:USDT,2.586,905.0,2.585,10593.0,2.587,943.0,2.588,2231.0
1753531725855,12:08:45.855,AXS/USDT:USDT,2.586,905.0,2.585,10593.0,2.587,949.0,2.588,2231.0
1753531726348,12:08:46.348,AXS/USDT:USDT,2.585,10593.0,2.584,1706.0,2.587,949.0,2.588,2231.0
1753531726353,12:08:46.353,AXS/USDT:USDT,2.585,10593.0,2.584,1706.0,2.587,943.0,2.588,2231.0
1753531726605,12:08:46.605,AXS/USDT:USDT,2.585,10593.0,2.584,1706.0,2.587,943.0,2.588,2231.0
1753531727289,12:08:47.289,AXS/USDT:USDT,2.585,10593.0,2.584,1706.0,2.587,943.0,2.588,2231.0
1753531727819,12:08:47.819,AXS/USDT:USDT,2.585,10593.0,2.584,1706.0,2.587,943.0,2.588,2231.0
1753531728016,12:08:48.016,AXS/USDT:USDT,2.586,905.0,2.585,10593.0,2.587,943.0,2.588,2231.0
1753531728054,12:08:48.054,AXS/USDT:USDT,2.586,905.0,2.585,10593.0,2.587,949.0,2.588,2231.0
1753531728417,12:08:48.417,AXS/USDT:USDT,2.586,905.0,2.585,10593.0,2.587,949.0,2.588,2231.0
1753531729445,12:08:49.445,AXS/USDT:USDT,2.586,905.0,2.585,10593.0,2.587,949.0,2.588,2231.0
1753531729450,12:08:49.450,AXS/USDT:USDT,2.586,905.0,2.585,10593.0,2.587,949.0,2.588,2231.0
1753531729824,12:08:49.824,AXS/USDT:USDT,2.585,10593.0,2.584,1706.0,2.587,949.0,2.588,2231.0
1753531729918,12:08:49.918,AXS/USDT:USDT,2.585,10593.0,2.584,1706.0,2.587,943.0,2.588,2231.0
1753531731654,12:08:51.654,AXS/USDT:USDT,2.585,10593.0,2.584,1706.0,2.587,943.0,2.588,2231.0
1753531731933,12:08:51.933,AXS/USDT:USDT,2.585,10593.0,2.584,1706.0,2.587,943.0,2.588,2231.0
1753531733468,12:08:53.468,AXS/USDT:USDT,2.585,10593.0,2.584,1706.0,2.587,943.0,2.588,2231.0
1753531733711,12:08:53.711,AXS/USDT:USDT,2.585,12439.0,2.584,8808.0,2.587,943.0,2.588,2560.0
1753531734245,12:08:54.245,AXS/USDT:USDT,2.585,12439.0,2.584,8808.0,2.587,943.0,2.588,2560.0
1753531738931,12:08:58.931,AXS/USDT:USDT,2.585,12439.0,2.584,8808.0,2.587,943.0,2.588,2560.0
1753531739045,12:08:59.045,AXS/USDT:USDT,2.585,12439.0,2.584,8808.0,2.587,943.0,2.588,2560.0
1753531739165,12:08:59.165,AXS/USDT:USDT,2.585,12439.0,2.584,8808.0,2.587,943.0,2.588,2560.0
1753531739432,12:08:59.432,AXS/USDT:USDT,2.585,12439.0,2.584,8808.0,2.587,943.0,2.588,2560.0
1753531741683,12:09:01.683,AXS/USDT:USDT,2.585,12439.0,2.584,8808.0,2.587,943.0,2.588,2560.0
1753531743845,12:09:03.845,AXS/USDT:USDT,2.585,12439.0,2.584,8808.0,2.587,943.0,2.588,2560.0
1753531748645,12:09:08.645,AXS/USDT:USDT,2.585,12439.0,2.584,8808.0,2.587,943.0,2.588,2560.0
1753531748994,12:09:08.994,AXS/USDT:USDT,2.585,12439.0,2.584,8808.0,2.587,943.0,2.588,2560.0
1753531750724,12:09:10.724,AXS/USDT:USDT,2.585,12439.0,2.584,8808.0,2.587,943.0,2.588,2560.0
1753531751005,12:09:11.005,AXS/USDT:USDT,2.585,12439.0,2.584,8808.0,2.587,943.0,2.588,2560.0
1753531751128,12:09:11.128,AXS/USDT:USDT,2.585,12439.0,2.584,8808.0,2.587,943.0,2.588,2560.0
1753531751190,12:09:11.190,AXS/USDT:USDT,2.585,12439.0,2.584,8808.0,2.587,943.0,2.588,2560.0
1753531751380,12:09:11.380,AXS/USDT:USDT,2.585,12439.0,2.584,8808.0,2.587,943.0,2.588,2560.0
1753531752346,12:09:12.346,AXS/USDT:USDT,2.585,11530.0,2.584,3563.0,2.587,2069.0,2.588,2231.0
1753531752444,12:09:12.444,AXS/USDT:USDT,2.585,9684.0,2.584,3563.0,2.586,909.0,2.587,2069.0
1753531752454,12:09:12.454,AXS/USDT:USDT,2.585,9684.0,2.584,3563.0,2.586,915.0,2.587,2069.0
1753531752701,12:09:12.701,AXS/USDT:USDT,2.585,9684.0,2.584,3563.0,2.586,915.0,2.587,2069.0
1753531753003,12:09:13.003,AXS/USDT:USDT,2.585,9684.0,2.584,4360.0,2.586,915.0,2.587,2069.0
1753531753445,12:09:13.445,AXS/USDT:USDT,2.585,9684.0,2.584,4360.0,2.586,915.0,2.587,2069.0
1753531753507,12:09:13.507,AXS/USDT:USDT,2.585,9684.0,2.584,3563.0,2.586,915.0,2.587,2069.0
1753531754432,12:09:14.432,AXS/USDT:USDT,2.585,9684.0,2.584,3563.0,2.586,915.0,2.587,2069.0
1753531756547,12:09:16.547,AXS/USDT:USDT,2.585,9684.0,2.584,3563.0,2.586,915.0,2.587,2069.0
1753531756850,12:09:16.850,AXS/USDT:USDT,2.585,9684.0,2.584,3563.0,2.586,915.0,2.587,2069.0
1753531757444,12:09:17.444,AXS/USDT:USDT,2.585,76.0,2.584,13165.0,2.586,915.0,2.587,2069.0
1753531757473,12:09:17.473,AXS/USDT:USDT,2.585,76.0,2.584,13165.0,2.586,915.0,2.587,2069.0
1753531758246,12:09:18.246,AXS/USDT:USDT,2.585,76.0,2.584,13165.0,2.586,915.0,2.587,2069.0
1753531758367,12:09:18.367,AXS/USDT:USDT,2.585,76.0,2.584,13165.0,2.586,915.0,2.587,2069.0
1753531758502,12:09:18.502,AXS/USDT:USDT,2.585,76.0,2.584,13165.0,2.586,915.0,2.587,2069.0
1753531759302,12:09:19.302,AXS/USDT:USDT,2.585,76.0,2.584,13165.0,2.586,915.0,2.587,2069.0
1753531759590,12:09:19.590,AXS/USDT:USDT,2.585,76.0,2.584,13165.0,2.586,915.0,2.587,2069.0
1753531760573,12:09:20.573,AXS/USDT:USDT,2.585,76.0,2.584,13165.0,2.586,915.0,2.587,2069.0
1753531762417,12:09:22.417,AXS/USDT:USDT,2.585,76.0,2.584,13165.0,2.586,915.0,2.587,2069.0
1753531763046,12:09:23.046,AXS/USDT:USDT,2.585,76.0,2.584,13165.0,2.586,915.0,2.587,2069.0
1753531763371,12:09:23.371,AXS/USDT:USDT,2.585,76.0,2.584,13165.0,2.586,915.0,2.587,2069.0
1753531763639,12:09:23.639,AXS/USDT:USDT,2.583,17301.0,2.582,3855.0,2.585,947.0,2.586,1415.0
1753531763670,12:09:23.670,AXS/USDT:USDT,2.583,929.0,2.582,3058.0,2.585,947.0,2.586,1409.0
1753531763790,12:09:23.790,AXS/USDT:USDT,2.583,4332.0,2.582,13458.0,2.585,947.0,2.586,1409.0
1753531764043,12:09:24.043,AXS/USDT:USDT,2.583,4332.0,2.582,13458.0,2.585,947.0,2.586,1409.0
1753531764396,12:09:24.396,AXS/USDT:USDT,2.583,4332.0,2.582,13458.0,2.585,947.0,2.586,1409.0
1753531764528,12:09:24.528,AXS/USDT:USDT,2.583,4332.0,2.582,13458.0,2.585,947.0,2.586,1409.0
1753531764550,12:09:24.550,AXS/USDT:USDT,2.583,4332.0,2.582,13458.0,2.585,947.0,2.586,2203.0
1753531764732,12:09:24.732,AXS/USDT:USDT,2.583,929.0,2.582,13458.0,2.585,947.0,2.586,2203.0
1753531764818,12:09:24.818,AXS/USDT:USDT,2.583,929.0,2.582,11344.0,2.585,947.0,2.586,2203.0
1753531764942,12:09:24.942,AXS/USDT:USDT,2.583,4332.0,2.582,11344.0,2.585,947.0,2.586,2203.0
1753531764985,12:09:24.985,AXS/USDT:USDT,2.583,4332.0,2.582,11344.0,2.585,947.0,2.586,2203.0
1753531765178,12:09:25.178,AXS/USDT:USDT,2.583,4332.0,2.582,11344.0,2.585,947.0,2.586,2203.0
1753531765296,12:09:25.296,AXS/USDT:USDT,2.583,4332.0,2.582,11344.0,2.585,947.0,2.586,2203.0
1753531765746,12:09:25.746,AXS/USDT:USDT,2.583,4332.0,2.582,11344.0,2.585,947.0,2.586,2203.0
1753531765790,12:09:25.790,AXS/USDT:USDT,2.583,4332.0,2.582,11344.0,2.585,947.0,2.586,2203.0
1753531766030,12:09:26.030,AXS/USDT:USDT,2.583,4332.0,2.582,13158.0,2.585,947.0,2.586,2203.0
1753531766052,12:09:26.052,AXS/USDT:USDT,2.583,4332.0,2.582,13158.0,2.585,947.0,2.586,2203.0
1753531766212,12:09:26.212,AXS/USDT:USDT,2.583,4332.0,2.582,13158.0,2.585,947.0,2.586,2203.0
1753531766292,12:09:26.292,AXS/USDT:USDT,2.583,4332.0,2.582,13158.0,2.585,947.0,2.586,2203.0
1753531766546,12:09:26.546,AXS/USDT:USDT,2.583,4332.0,2.582,13158.0,2.585,947.0,2.586,2203.0
1753531766609,12:09:26.609,AXS/USDT:USDT,2.583,4332.0,2.582,13158.0,2.585,947.0,2.586,2203.0
1753531767444,12:09:27.444,AXS/USDT:USDT,2.583,4332.0,2.582,13158.0,2.585,947.0,2.586,2203.0
1753531767506,12:09:27.506,AXS/USDT:USDT,2.583,4332.0,2.582,13158.0,2.585,947.0,2.586,2203.0
1753531767746,12:09:27.746,AXS/USDT:USDT,2.582,10547.0,2.581,2772.0,2.584,947.0,2.585,1744.0
1753531767827,12:09:27.827,AXS/USDT:USDT,2.582,10547.0,2.581,929.0,2.584,947.0,2.585,1744.0
1753531767930,12:09:27.930,AXS/USDT:USDT,2.582,10547.0,2.581,929.0,2.584,947.0,2.585,1821.0
1753531768032,12:09:28.032,AXS/USDT:USDT,2.582,10547.0,2.581,929.0,2.584,947.0,2.585,1821.0
1753531768110,12:09:28.110,AXS/USDT:USDT,2.582,10547.0,2.581,929.0,2.584,947.0,2.585,1821.0
1753531768646,12:09:28.646,AXS/USDT:USDT,2.582,10547.0,2.581,929.0,2.584,947.0,2.585,1821.0
1753531768727,12:09:28.727,AXS/USDT:USDT,2.582,10547.0,2.581,929.0,2.584,947.0,2.585,1821.0
1753531769004,12:09:29.004,AXS/USDT:USDT,2.582,10547.0,2.581,929.0,2.584,947.0,2.585,1821.0
1753531769254,12:09:29.254,AXS/USDT:USDT,2.582,10547.0,2.581,929.0,2.584,947.0,2.585,1821.0
1753531769642,12:09:29.642,AXS/USDT:USDT,2.582,10547.0,2.581,929.0,2.584,947.0,2.585,1821.0
1753531770004,12:09:30.004,AXS/USDT:USDT,2.583,947.0,2.582,10547.0,2.584,947.0,2.585,1744.0
1753531770070,12:09:30.070,AXS/USDT:USDT,2.582,10547.0,2.581,929.0,2.584,953.0,2.585,1744.0
1753531770195,12:09:30.195,AXS/USDT:USDT,2.582,10547.0,2.581,929.0,2.584,947.0,2.585,1744.0
1753531770368,12:09:30.368,AXS/USDT:USDT,2.582,10547.0,2.581,929.0,2.584,947.0,2.585,1744.0
1753531770565,12:09:30.565,AXS/USDT:USDT,2.582,10547.0,2.581,929.0,2.584,947.0,2.585,1744.0
1753531770724,12:09:30.724,AXS/USDT:USDT,2.582,10547.0,2.581,929.0,2.584,947.0,2.585,1744.0
1753531771042,12:09:31.042,AXS/USDT:USDT,2.582,10547.0,2.581,929.0,2.584,947.0,2.585,1744.0
1753531771442,12:09:31.442,AXS/USDT:USDT,2.583,947.0,2.582,10547.0,2.584,947.0,2.585,1744.0
1753531771455,12:09:31.455,AXS/USDT:USDT,2.583,947.0,2.582,10547.0,2.584,953.0,2.585,1744.0
1753531771969,12:09:31.969,AXS/USDT:USDT,2.582,10547.0,2.581,929.0,2.584,953.0,2.585,1744.0
1753531772054,12:09:32.054,AXS/USDT:USDT,2.582,10547.0,2.581,929.0,2.584,947.0,2.585,1744.0
1753531772169,12:09:32.169,AXS/USDT:USDT,2.583,947.0,2.582,10547.0,2.584,947.0,2.585,1744.0
1753531772320,12:09:32.320,AXS/USDT:USDT,2.582,10547.0,2.581,929.0,2.584,953.0,2.585,1744.0
1753531772408,12:09:32.408,AXS/USDT:USDT,2.582,10547.0,2.581,929.0,2.584,947.0,2.585,1744.0
1753531772514,12:09:32.514,AXS/USDT:USDT,2.582,10547.0,2.581,929.0,2.584,947.0,2.585,1744.0
1753531772705,12:09:32.705,AXS/USDT:USDT,2.583,947.0,2.582,10547.0,2.584,947.0,2.585,1744.0
1753531772771,12:09:32.771,AXS/USDT:USDT,2.583,947.0,2.582,10547.0,2.584,953.0,2.585,1744.0
1753531772891,12:09:32.891,AXS/USDT:USDT,2.582,10547.0,2.581,2980.0,2.584,953.0,2.585,1744.0
1753531773045,12:09:33.045,AXS/USDT:USDT,2.582,9603.0,2.581,2980.0,2.584,951.0,2.585,1821.0
1753531773143,12:09:33.143,AXS/USDT:USDT,2.582,9603.0,2.581,929.0,2.584,947.0,2.585,1821.0
1753531773233,12:09:33.233,AXS/USDT:USDT,2.581,929.0,2.58,20361.0,2.584,947.0,2.585,2150.0
1753531773340,12:09:33.340,AXS/USDT:USDT,2.581,12534.0,2.58,20361.0,2.583,927.0,2.584,947.0
1753531773429,12:09:33.429,AXS/USDT:USDT,2.581,12534.0,2.58,20361.0,2.583,927.0,2.584,1447.0
1753531773513,12:09:33.513,AXS/USDT:USDT,2.581,10684.0,2.58,15913.0,2.583,927.0,2.584,2242.0
1753531773596,12:09:33.596,AXS/USDT:USDT,2.581,10684.0,2.58,15913.0,2.583,927.0,2.584,2242.0
1753531773671,12:09:33.671,AXS/USDT:USDT,2.582,921.0,2.581,10684.0,2.583,927.0,2.584,2242.0
1753531773776,12:09:33.776,AXS/USDT:USDT,2.582,921.0,2.581,10684.0,2.583,6.0,2.584,2242.0
1753531773922,12:09:33.922,AXS/USDT:USDT,2.582,921.0,2.581,10684.0,2.583,2.0,2.584,2242.0
1753531774003,12:09:34.003,AXS/USDT:USDT,2.582,921.0,2.581,10684.0,2.583,6.0,2.584,2242.0
1753531774202,12:09:34.202,AXS/USDT:USDT,2.582,921.0,2.581,10684.0,2.583,927.0,2.584,2242.0
1753531774275,12:09:34.275,AXS/USDT:USDT,2.582,921.0,2.581,10684.0,2.583,927.0,2.584,2242.0
1753531774447,12:09:34.447,AXS/USDT:USDT,2.582,921.0,2.581,10684.0,2.583,927.0,2.584,2242.0
1753531774544,12:09:34.544,AXS/USDT:USDT,2.582,921.0,2.581,10684.0,2.583,6.0,2.584,2242.0
1753531774604,12:09:34.604,AXS/USDT:USDT,2.582,921.0,2.581,10684.0,2.583,6.0,2.584,2242.0
1753531774669,12:09:34.669,AXS/USDT:USDT,2.582,921.0,2.581,10684.0,2.583,6.0,2.584,2242.0
1753531775025,12:09:35.025,AXS/USDT:USDT,2.582,921.0,2.581,10684.0,2.583,6.0,2.584,2242.0
1753531775403,12:09:35.403,AXS/USDT:USDT,2.582,921.0,2.581,10684.0,2.583,6.0,2.584,2242.0
1753531776010,12:09:36.010,AXS/USDT:USDT,2.582,921.0,2.581,10684.0,2.583,6.0,2.584,2242.0
1753531776645,12:09:36.645,AXS/USDT:USDT,2.582,921.0,2.581,10684.0,2.583,6.0,2.584,2242.0
1753531776736,12:09:36.736,AXS/USDT:USDT,2.582,921.0,2.581,10684.0,2.583,6.0,2.584,2242.0
1753531776798,12:09:36.798,AXS/USDT:USDT,2.582,921.0,2.581,10684.0,2.583,6.0,2.584,2242.0
1753531777244,12:09:37.244,AXS/USDT:USDT,2.582,922.0,2.581,10684.0,2.583,6.0,2.584,2242.0
1753531777334,12:09:37.334,AXS/USDT:USDT,2.582,921.0,2.581,10684.0,2.583,6.0,2.584,2242.0
1753531777635,12:09:37.635,AXS/USDT:USDT,2.582,922.0,2.581,10684.0,2.583,6.0,2.584,1295.0
1753531777744,12:09:37.744,AXS/USDT:USDT,2.582,922.0,2.581,10684.0,2.583,6.0,2.584,1295.0
1753531777973,12:09:37.973,AXS/USDT:USDT,2.582,922.0,2.581,10684.0,2.583,6.0,2.584,1295.0
1753531778239,12:09:38.239,AXS/USDT:USDT,2.582,922.0,2.581,10684.0,2.583,6.0,2.584,1295.0
1753531778301,12:09:38.301,AXS/USDT:USDT,2.582,922.0,2.581,10684.0,2.583,6.0,2.584,1295.0
1753531778423,12:09:38.423,AXS/USDT:USDT,2.582,922.0,2.581,10684.0,2.583,6.0,2.584,1295.0
1753531778562,12:09:38.562,AXS/USDT:USDT,2.582,922.0,2.581,10684.0,2.583,6.0,2.584,795.0
1753531779033,12:09:39.033,AXS/USDT:USDT,2.582,922.0,2.581,10684.0,2.583,6.0,2.584,795.0
1753531779344,12:09:39.344,AXS/USDT:USDT,2.582,922.0,2.581,10684.0,2.583,6.0,2.585,2244.0
1753531779419,12:09:39.419,AXS/USDT:USDT,2.583,921.0,2.582,4924.0,2.584,6.0,2.585,1447.0
1753531779535,12:09:39.535,AXS/USDT:USDT,2.583,10684.0,2.582,1718.0,2.584,6.0,2.585,1447.0
1753531780397,12:09:40.397,AXS/USDT:USDT,2.583,10684.0,2.582,1718.0,2.584,6.0,2.585,1447.0
1753531780459,12:09:40.459,AXS/USDT:USDT,2.583,10684.0,2.582,1718.0,2.584,6.0,2.585,1447.0
1753531780704,12:09:40.704,AXS/USDT:USDT,2.583,10684.0,2.582,1718.0,2.584,6.0,2.585,1447.0
1753531781043,12:09:41.043,AXS/USDT:USDT,2.583,10684.0,2.582,1718.0,2.584,6.0,2.586,2203.0
1753531781136,12:09:41.136,AXS/USDT:USDT,2.584,921.0,2.583,10685.0,2.585,6.0,2.586,1409.0
1753531781236,12:09:41.236,AXS/USDT:USDT,2.584,921.0,2.583,12534.0,2.585,6.0,2.586,1409.0
1753531781339,12:09:41.339,AXS/USDT:USDT,2.584,921.0,2.583,12534.0,2.585,6.0,2.586,1409.0
1753531781431,12:09:41.431,AXS/USDT:USDT,2.584,921.0,2.583,12534.0,2.585,6.0,2.586,1409.0
1753531781536,12:09:41.536,AXS/USDT:USDT,2.584,921.0,2.583,12534.0,2.585,6.0,2.586,1409.0
1753531781557,12:09:41.557,AXS/USDT:USDT,2.584,921.0,2.583,12534.0,2.585,6.0,2.586,1409.0
1753531782006,12:09:42.006,AXS/USDT:USDT,2.584,921.0,2.583,12534.0,2.585,6.0,2.586,1409.0
1753531782485,12:09:42.485,AXS/USDT:USDT,2.584,921.0,2.583,12534.0,2.585,6.0,2.586,1409.0
1753531783246,12:09:43.246,AXS/USDT:USDT,2.584,921.0,2.583,12534.0,2.585,6.0,2.586,1409.0
1753531783312,12:09:43.312,AXS/USDT:USDT,2.584,921.0,2.583,12534.0,2.585,6.0,2.586,1409.0
1753531783422,12:09:43.422,AXS/USDT:USDT,2.584,921.0,2.583,12534.0,2.585,937.0,2.586,1409.0
1753531783624,12:09:43.624,AXS/USDT:USDT,2.584,921.0,2.583,12534.0,2.585,937.0,2.586,1409.0
1753531783674,12:09:43.674,AXS/USDT:USDT,2.583,12534.0,2.582,7046.0,2.585,937.0,2.586,1409.0
1753531783818,12:09:43.818,AXS/USDT:USDT,2.583,10684.0,2.582,3823.0,2.585,931.0,2.586,1409.0
1753531784006,12:09:44.006,AXS/USDT:USDT,2.583,10684.0,2.582,3823.0,2.585,931.0,2.586,1409.0
1753531784265,12:09:44.265,AXS/USDT:USDT,2.583,10684.0,2.582,3823.0,2.585,931.0,2.586,1409.0
1753531785545,12:09:45.545,AXS/USDT:USDT,2.584,931.0,2.583,10684.0,2.585,931.0,2.586,1409.0
1753531785616,12:09:45.616,AXS/USDT:USDT,2.584,931.0,2.583,10684.0,2.585,6.0,2.586,1409.0
1753531785830,12:09:45.830,AXS/USDT:USDT,2.584,931.0,2.583,10684.0,2.585,6.0,2.586,1409.0
1753531786230,12:09:46.230,AXS/USDT:USDT,2.584,931.0,2.583,10684.0,2.585,6.0,2.586,1409.0
1753531788047,12:09:48.047,AXS/USDT:USDT,2.584,931.0,2.583,10684.0,2.585,6.0,2.586,1409.0
1753531788443,12:09:48.443,AXS/USDT:USDT,2.584,931.0,2.583,10684.0,2.585,6.0,2.586,1409.0
1753531789502,12:09:49.502,AXS/USDT:USDT,2.584,931.0,2.583,10684.0,2.585,6.0,2.586,1409.0
1753531790240,12:09:50.240,AXS/USDT:USDT,2.584,931.0,2.583,10684.0,2.585,6.0,2.586,1409.0
1753531790251,12:09:50.251,AXS/USDT:USDT,2.584,931.0,2.583,10684.0,2.585,6.0,2.586,1409.0
1753531790739,12:09:50.739,AXS/USDT:USDT,2.584,931.0,2.583,10684.0,2.585,6.0,2.586,1409.0
1753531791146,12:09:51.146,AXS/USDT:USDT,2.584,931.0,2.583,10684.0,2.585,6.0,2.586,1409.0
1753531791435,12:09:51.435,AXS/USDT:USDT,2.584,931.0,2.583,10684.0,2.585,937.0,2.586,1409.0
1753531791546,12:09:51.546,AXS/USDT:USDT,2.584,931.0,2.583,15132.0,2.585,6.0,2.586,1409.0
1753531791597,12:09:51.597,AXS/USDT:USDT,2.584,931.0,2.583,18023.0,2.585,6.0,2.586,2203.0
1753531792845,12:09:52.845,AXS/USDT:USDT,2.584,931.0,2.583,18023.0,2.585,6.0,2.586,2203.0
1753531792848,12:09:52.848,AXS/USDT:USDT,2.584,931.0,2.583,18023.0,2.585,6.0,2.586,2203.0
1753531793284,12:09:53.284,AXS/USDT:USDT,2.584,931.0,2.583,18023.0,2.585,6.0,2.586,2203.0
1753531793469,12:09:53.469,AXS/USDT:USDT,2.584,931.0,2.583,18023.0,2.585,6.0,2.586,2203.0
1753531794502,12:09:54.502,AXS/USDT:USDT,2.584,931.0,2.583,18023.0,2.585,6.0,2.586,2203.0
1753531797647,12:09:57.647,AXS/USDT:USDT,2.584,931.0,2.583,18023.0,2.585,6.0,2.586,2203.0
1753531797814,12:09:57.814,AXS/USDT:USDT,2.584,931.0,2.583,18023.0,2.585,6.0,2.586,2203.0
1753531800456,12:10:00.456,AXS/USDT:USDT,2.584,931.0,2.583,18023.0,2.585,6.0,2.586,2203.0
1753531800887,12:10:00.887,AXS/USDT:USDT,2.584,931.0,2.583,18023.0,2.585,6.0,2.586,2203.0
1753531801028,12:10:01.028,AXS/USDT:USDT,2.584,931.0,2.583,18023.0,2.585,6.0,2.586,2203.0
1753531801191,12:10:01.191,AXS/USDT:USDT,2.584,931.0,2.583,18023.0,2.585,6.0,2.586,2203.0
1753531801590,12:10:01.590,AXS/USDT:USDT,2.584,931.0,2.583,18023.0,2.585,6.0,2.586,2203.0
1753531801868,12:10:01.868,AXS/USDT:USDT,2.584,931.0,2.583,18023.0,2.585,6.0,2.586,1409.0
1753531802447,12:10:02.447,AXS/USDT:USDT,2.584,931.0,2.583,18023.0,2.585,6.0,2.586,1409.0
1753531803897,12:10:03.897,AXS/USDT:USDT,2.584,931.0,2.583,18023.0,2.585,6.0,2.586,1409.0
1753531806490,12:10:06.490,AXS/USDT:USDT,2.584,931.0,2.583,18023.0,2.585,6.0,2.586,1409.0
1753531806845,12:10:06.845,AXS/USDT:USDT,2.584,2889.0,2.583,13575.0,2.585,6.0,2.586,500.0
1753531806884,12:10:06.884,AXS/USDT:USDT,2.584,4050.0,2.583,13575.0,2.585,6.0,2.586,500.0
1753531807017,12:10:07.017,AXS/USDT:USDT,2.584,4050.0,2.583,13575.0,2.585,6.0,2.586,500.0
1753531807247,12:10:07.247,AXS/USDT:USDT,2.584,4050.0,2.583,13575.0,2.585,6.0,2.586,500.0
1753531807249,12:10:07.249,AXS/USDT:USDT,2.584,4050.0,2.583,13575.0,2.585,6.0,2.586,500.0
1753531807488,12:10:07.488,AXS/USDT:USDT,2.584,4050.0,2.583,13575.0,2.585,6.0,2.586,500.0
1753531807600,12:10:07.600,AXS/USDT:USDT,2.584,3253.0,2.583,13575.0,2.585,6.0,2.586,500.0
1753531807682,12:10:07.682,AXS/USDT:USDT,2.584,3253.0,2.583,13575.0,2.585,6.0,2.586,500.0
1753531807783,12:10:07.783,AXS/USDT:USDT,2.584,3253.0,2.583,13575.0,2.585,6.0,2.586,500.0
1753531807924,12:10:07.924,AXS/USDT:USDT,2.584,3253.0,2.583,13575.0,2.585,6.0,2.586,500.0
1753531808836,12:10:08.836,AXS/USDT:USDT,2.584,4050.0,2.583,13575.0,2.585,6.0,2.587,1443.0
1753531809034,12:10:09.034,AXS/USDT:USDT,2.584,4051.0,2.583,13575.0,2.585,6.0,2.587,1443.0
1753531809217,12:10:09.217,AXS/USDT:USDT,2.584,4051.0,2.583,13575.0,2.585,6.0,2.587,1443.0
1753531809537,12:10:09.537,AXS/USDT:USDT,2.585,10686.0,2.584,1729.0,2.586,6.0,2.587,1443.0
1753531809633,12:10:09.633,AXS/USDT:USDT,2.585,10686.0,2.584,1728.0,2.586,6.0,2.587,1443.0
1753531809701,12:10:09.701,AXS/USDT:USDT,2.585,10686.0,2.584,1728.0,2.586,6.0,2.587,1443.0
1753531809822,12:10:09.822,AXS/USDT:USDT,2.585,10686.0,2.584,1728.0,2.586,6.0,2.587,1443.0
1753531810504,12:10:10.504,AXS/USDT:USDT,2.585,10686.0,2.584,1728.0,2.586,6.0,2.587,1443.0
1753531811008,12:10:11.008,AXS/USDT:USDT,2.585,10686.0,2.584,1728.0,2.586,6.0,2.587,1443.0
1753531811321,12:10:11.321,AXS/USDT:USDT,2.585,10686.0,2.584,1728.0,2.586,6.0,2.587,1443.0
1753531811698,12:10:11.698,AXS/USDT:USDT,2.585,10686.0,2.584,1728.0,2.586,6.0,2.587,1443.0
1753531811873,12:10:11.873,AXS/USDT:USDT,2.585,10686.0,2.584,1728.0,2.586,6.0,2.587,1443.0
1753531812050,12:10:12.050,AXS/USDT:USDT,2.585,10686.0,2.584,1728.0,2.586,6.0,2.587,1443.0
1753531812837,12:10:12.837,AXS/USDT:USDT,2.585,911.0,2.584,3253.0,2.586,6.0,2.587,1443.0
1753531812897,12:10:12.897,AXS/USDT:USDT,2.585,10681.0,2.584,3253.0,2.586,6.0,2.587,1443.0
1753531813020,12:10:13.020,AXS/USDT:USDT,2.585,10681.0,2.584,3253.0,2.586,6.0,2.587,1443.0
1753531813313,12:10:13.313,AXS/USDT:USDT,2.585,10681.0,2.584,3253.0,2.586,6.0,2.587,1443.0
1753531813767,12:10:13.767,AXS/USDT:USDT,2.585,10681.0,2.584,3253.0,2.586,6.0,2.587,1443.0
1753531814055,12:10:14.055,AXS/USDT:USDT,2.585,10681.0,2.584,3253.0,2.586,6.0,2.587,1443.0
1753531814855,12:10:14.855,AXS/USDT:USDT,2.585,9770.0,2.584,3253.0,2.586,933.0,2.587,1443.0
1753531815012,12:10:15.012,AXS/USDT:USDT,2.585,9770.0,2.584,3253.0,2.586,933.0,2.587,1443.0
1753531815092,12:10:15.092,AXS/USDT:USDT,2.585,9770.0,2.584,3253.0,2.586,6.0,2.587,1443.0
1753531815212,12:10:15.212,AXS/USDT:USDT,2.585,9770.0,2.584,3253.0,2.586,6.0,2.587,1443.0
1753531815349,12:10:15.349,AXS/USDT:USDT,2.585,9770.0,2.584,3253.0,2.586,6.0,2.587,1443.0
1753531816299,12:10:16.299,AXS/USDT:USDT,2.584,3253.0,2.583,921.0,2.586,933.0,2.587,2240.0
1753531816416,12:10:16.416,AXS/USDT:USDT,2.584,9771.0,2.583,921.0,2.586,927.0,2.587,2317.0
1753531816689,12:10:16.689,AXS/USDT:USDT,2.584,9771.0,2.583,921.0,2.586,927.0,2.587,2317.0
1753531816847,12:10:16.847,AXS/USDT:USDT,2.584,9771.0,2.583,921.0,2.586,927.0,2.587,2317.0
1753531816858,12:10:16.858,AXS/USDT:USDT,2.584,9771.0,2.583,921.0,2.586,927.0,2.587,2317.0
1753531818153,12:10:18.153,AXS/USDT:USDT,2.584,9771.0,2.583,921.0,2.586,927.0,2.587,2317.0
1753531818340,12:10:18.340,AXS/USDT:USDT,2.584,9771.0,2.583,921.0,2.586,927.0,2.587,2317.0
1753531819483,12:10:19.483,AXS/USDT:USDT,2.584,9771.0,2.583,921.0,2.586,927.0,2.587,2317.0
1753531820146,12:10:20.146,AXS/USDT:USDT,2.584,9771.0,2.583,921.0,2.586,927.0,2.587,2317.0
1753531820596,12:10:20.596,AXS/USDT:USDT,2.584,11382.0,2.583,5369.0,2.586,927.0,2.587,2646.0
1753531820650,12:10:20.650,AXS/USDT:USDT,2.584,11382.0,2.583,10720.0,2.586,927.0,2.587,2646.0
1753531821646,12:10:21.646,AXS/USDT:USDT,2.584,11382.0,2.583,10720.0,2.586,927.0,2.587,2646.0
1753531821650,12:10:21.650,AXS/USDT:USDT,2.584,11382.0,2.583,10720.0,2.586,927.0,2.587,2646.0
1753531822189,12:10:22.189,AXS/USDT:USDT,2.584,11382.0,2.583,10720.0,2.586,927.0,2.587,2646.0
1753531822696,12:10:22.696,AXS/USDT:USDT,2.584,11382.0,2.583,10720.0,2.586,927.0,2.587,2646.0
1753531822809,12:10:22.809,AXS/USDT:USDT,2.584,11382.0,2.583,10720.0,2.586,927.0,2.587,2646.0
1753531824982,12:10:24.982,AXS/USDT:USDT,2.584,11382.0,2.583,10720.0,2.586,927.0,2.587,2646.0
1753531825741,12:10:25.741,AXS/USDT:USDT,2.585,905.0,2.584,11382.0,2.587,2569.0,2.588,1972.0
1753531825790,12:10:25.790,AXS/USDT:USDT,2.585,3836.0,2.584,13813.0,2.587,1772.0,2.588,1972.0
1753531826027,12:10:26.027,AXS/USDT:USDT,2.585,3836.0,2.584,13813.0,2.587,1772.0,2.588,1972.0
1753531826447,12:10:26.447,AXS/USDT:USDT,2.585,3836.0,2.584,13813.0,2.587,1772.0,2.588,1972.0
1753531826448,12:10:26.448,AXS/USDT:USDT,2.585,3836.0,2.584,13813.0,2.587,1772.0,2.588,1972.0
1753531827290,12:10:27.290,AXS/USDT:USDT,2.585,3836.0,2.584,13813.0,2.587,1772.0,2.588,1972.0
1753531829639,12:10:29.639,AXS/USDT:USDT,2.585,3836.0,2.584,13813.0,2.587,2565.0,2.588,2643.0
1753531830942,12:10:30.942,AXS/USDT:USDT,2.585,3836.0,2.584,13813.0,2.587,2565.0,2.588,1972.0
1753531831036,12:10:31.036,AXS/USDT:USDT,2.585,3836.0,2.584,13813.0,2.587,1772.0,2.588,1972.0
1753531831050,12:10:31.050,AXS/USDT:USDT,2.585,3836.0,2.584,13813.0,2.587,1772.0,2.588,2839.0
1753531831247,12:10:31.247,AXS/USDT:USDT,2.585,3836.0,2.584,13813.0,2.587,1772.0,2.588,2839.0
1753531831257,12:10:31.257,AXS/USDT:USDT,2.585,3836.0,2.584,13813.0,2.587,1772.0,2.588,2839.0
1753531833208,12:10:33.208,AXS/USDT:USDT,2.585,3836.0,2.584,13813.0,2.587,1772.0,2.588,2839.0
1753531833620,12:10:33.620,AXS/USDT:USDT,2.584,13813.0,2.583,15003.0,2.586,939.0,2.587,1772.0
1753531833710,12:10:33.710,AXS/USDT:USDT,2.584,12179.0,2.583,10281.0,2.586,939.0,2.587,1772.0
1753531834738,12:10:34.738,AXS/USDT:USDT,2.584,12179.0,2.583,10281.0,2.586,939.0,2.587,2569.0
1753531834919,12:10:34.919,AXS/USDT:USDT,2.584,12179.0,2.583,10281.0,2.586,939.0,2.587,2569.0
1753531835224,12:10:35.224,AXS/USDT:USDT,2.584,11382.0,2.583,10281.0,2.586,939.0,2.587,2569.0
1753531836046,12:10:36.046,AXS/USDT:USDT,2.584,11382.0,2.583,10281.0,2.586,939.0,2.587,2569.0
1753531836140,12:10:36.140,AXS/USDT:USDT,2.584,11382.0,2.583,10281.0,2.586,939.0,2.587,2569.0
1753531837044,12:10:37.044,AXS/USDT:USDT,2.584,11382.0,2.583,10281.0,2.586,939.0,2.587,2569.0
1753531837069,12:10:37.069,AXS/USDT:USDT,2.584,11382.0,2.583,10281.0,2.586,939.0,2.587,2569.0
1753531837986,12:10:37.986,AXS/USDT:USDT,2.584,11382.0,2.583,10281.0,2.586,939.0,2.587,2569.0
1753531839010,12:10:39.010,AXS/USDT:USDT,2.584,11382.0,2.583,10281.0,2.586,939.0,2.587,2569.0
1753531840441,12:10:40.441,AXS/USDT:USDT,2.584,11382.0,2.583,10281.0,2.586,939.0,2.587,2569.0
1753531840621,12:10:40.621,AXS/USDT:USDT,2.584,11382.0,2.583,10281.0,2.586,939.0,2.587,2569.0
1753531840848,12:10:40.848,AXS/USDT:USDT,2.584,11382.0,2.583,10281.0,2.586,939.0,2.587,2569.0
1753531841068,12:10:41.068,AXS/USDT:USDT,2.584,11382.0,2.583,10281.0,2.586,939.0,2.587,2569.0
1753531841397,12:10:41.397,AXS/USDT:USDT,2.584,11382.0,2.583,10281.0,2.586,939.0,2.587,2569.0
1753531841588,12:10:41.588,AXS/USDT:USDT,2.584,11382.0,2.583,10281.0,2.586,939.0,2.587,2569.0
1753531841702,12:10:41.702,AXS/USDT:USDT,2.584,12179.0,2.583,10281.0,2.586,939.0,2.587,2569.0
1753531841788,12:10:41.788,AXS/USDT:USDT,2.584,11382.0,2.583,10281.0,2.586,939.0,2.587,2569.0
1753531841928,12:10:41.928,AXS/USDT:USDT,2.584,11382.0,2.583,10281.0,2.586,939.0,2.587,2569.0
1753531842013,12:10:42.013,AXS/USDT:USDT,2.584,11382.0,2.583,10281.0,2.586,939.0,2.587,2569.0
1753531842344,12:10:42.344,AXS/USDT:USDT,2.584,11382.0,2.583,10281.0,2.586,939.0,2.587,2569.0
1753531844013,12:10:44.013,AXS/USDT:USDT,2.584,11382.0,2.583,10281.0,2.586,939.0,2.587,2569.0
1753531844513,12:10:44.513,AXS/USDT:USDT,2.585,942.0,2.584,11382.0,2.586,939.0,2.587,2569.0
1753531844572,12:10:44.572,AXS/USDT:USDT,2.585,942.0,2.584,13016.0,2.586,945.0,2.587,2569.0
1753531845490,12:10:45.490,AXS/USDT:USDT,2.585,942.0,2.584,13813.0,2.586,6.0,2.587,2569.0
1753531845646,12:10:45.646,AXS/USDT:USDT,2.585,942.0,2.584,13813.0,2.586,6.0,2.587,1772.0
1753531845648,12:10:45.648,AXS/USDT:USDT,2.585,942.0,2.584,13813.0,2.586,6.0,2.587,1772.0
1753531846010,12:10:46.010,AXS/USDT:USDT,2.585,942.0,2.584,13813.0,2.586,6.0,2.587,1772.0
1753531846889,12:10:46.889,AXS/USDT:USDT,2.585,942.0,2.584,12179.0,2.586,6.0,2.587,1443.0
1753531847027,12:10:47.027,AXS/USDT:USDT,2.585,942.0,2.584,12179.0,2.586,6.0,2.587,1443.0
1753531847051,12:10:47.051,AXS/USDT:USDT,2.585,942.0,2.584,12179.0,2.586,6.0,2.587,1443.0
1753531848010,12:10:48.010,AXS/USDT:USDT,2.585,942.0,2.584,12179.0,2.586,6.0,2.587,1443.0
1753531850446,12:10:50.446,AXS/USDT:USDT,2.585,942.0,2.584,12179.0,2.586,6.0,2.587,1443.0
1753531850448,12:10:50.448,AXS/USDT:USDT,2.585,942.0,2.584,12179.0,2.586,6.0,2.587,1443.0
1753531855039,12:10:55.039,AXS/USDT:USDT,2.585,942.0,2.584,12179.0,2.586,6.0,2.587,1443.0
1753531855247,12:10:55.247,AXS/USDT:USDT,2.585,942.0,2.584,12179.0,2.586,6.0,2.587,1443.0
1753531855341,12:10:55.341,AXS/USDT:USDT,2.585,942.0,2.584,12179.0,2.586,6.0,2.587,1443.0
1753531855349,12:10:55.349,AXS/USDT:USDT,2.585,942.0,2.584,10568.0,2.586,6.0,2.587,1443.0
1753531856980,12:10:56.980,AXS/USDT:USDT,2.585,942.0,2.584,10568.0,2.586,6.0,2.587,1443.0
1753531857617,12:10:57.617,AXS/USDT:USDT,2.585,942.0,2.584,10568.0,2.586,6.0,2.587,1443.0
1753531858522,12:10:58.522,AXS/USDT:USDT,2.585,942.0,2.584,10568.0,2.586,6.0,2.587,1443.0
1753531858600,12:10:58.600,AXS/USDT:USDT,2.585,942.0,2.584,10568.0,2.586,6.0,2.587,1443.0
1753531859101,12:10:59.101,AXS/USDT:USDT,2.585,942.0,2.584,10568.0,2.586,6.0,2.587,1443.0
1753531860047,12:11:00.047,AXS/USDT:USDT,2.585,942.0,2.584,10568.0,2.586,6.0,2.587,1443.0
1753531860048,12:11:00.048,AXS/USDT:USDT,2.585,942.0,2.584,10568.0,2.586,6.0,2.587,1443.0
1753531860808,12:11:00.808,AXS/USDT:USDT,2.585,942.0,2.584,10568.0,2.586,6.0,2.587,1443.0
1753531861027,12:11:01.027,AXS/USDT:USDT,2.585,942.0,2.584,10568.0,2.586,6.0,2.587,1443.0
1753531861130,12:11:01.130,AXS/USDT:USDT,2.585,942.0,2.584,17668.0,2.586,6.0,2.587,1443.0
1753531861900,12:11:01.900,AXS/USDT:USDT,2.585,942.0,2.584,17668.0,2.586,6.0,2.587,1443.0
1753531863412,12:11:03.412,AXS/USDT:USDT,2.585,942.0,2.584,17668.0,2.586,6.0,2.587,1443.0
1753531864847,12:11:04.847,AXS/USDT:USDT,2.585,942.0,2.584,17668.0,2.586,6.0,2.587,1443.0
1753531864848,12:11:04.848,AXS/USDT:USDT,2.585,942.0,2.584,17668.0,2.586,6.0,2.587,1443.0
1753531866538,12:11:06.538,AXS/USDT:USDT,2.585,942.0,2.584,17668.0,2.586,6.0,2.587,1443.0
1753531869000,12:11:09.000,AXS/USDT:USDT,2.585,942.0,2.584,17668.0,2.586,6.0,2.587,1443.0
1753531869647,12:11:09.647,AXS/USDT:USDT,2.585,942.0,2.584,17668.0,2.586,6.0,2.587,1443.0
1753531869670,12:11:09.670,AXS/USDT:USDT,2.585,942.0,2.584,17668.0,2.586,6.0,2.587,1443.0
1753531873640,12:11:13.640,AXS/USDT:USDT,2.585,942.0,2.584,17668.0,2.586,6.0,2.588,2716.0
1753531873730,12:11:13.730,AXS/USDT:USDT,2.586,10714.0,2.585,3264.0,2.587,6.0,2.588,2310.0
1753531873840,12:11:13.840,AXS/USDT:USDT,2.586,9771.0,2.585,942.0,2.587,949.0,2.588,2310.0
1753531874041,12:11:14.041,AXS/USDT:USDT,2.586,9771.0,2.585,942.0,2.587,949.0,2.588,2310.0
1753531874326,12:11:14.326,AXS/USDT:USDT,2.586,9771.0,2.585,942.0,2.587,949.0,2.588,2310.0
1753531874447,12:11:14.447,AXS/USDT:USDT,2.586,9771.0,2.585,942.0,2.587,949.0,2.588,2310.0
1753531874546,12:11:14.546,AXS/USDT:USDT,2.585,942.0,2.584,1613.0,2.587,949.0,2.588,2333.0
1753531874570,12:11:14.570,AXS/USDT:USDT,2.585,10753.0,2.584,797.0,2.587,943.0,2.588,2410.0
1753531874863,12:11:14.863,AXS/USDT:USDT,2.585,10753.0,2.584,797.0,2.587,943.0,2.588,2410.0
1753531875007,12:11:15.007,AXS/USDT:USDT,2.586,943.0,2.585,10753.0,2.587,943.0,2.588,2333.0
1753531875061,12:11:15.061,AXS/USDT:USDT,2.586,943.0,2.585,10753.0,2.587,949.0,2.588,2333.0
1753531875280,12:11:15.280,AXS/USDT:USDT,2.586,943.0,2.585,10753.0,2.587,949.0,2.588,2333.0
1753531876361,12:11:16.361,AXS/USDT:USDT,2.585,10753.0,2.584,797.0,2.587,949.0,2.588,2410.0
1753531876512,12:11:16.512,AXS/USDT:USDT,2.585,10753.0,2.584,797.0,2.587,943.0,2.588,2410.0
1753531877003,12:11:17.003,AXS/USDT:USDT,2.585,10753.0,2.584,797.0,2.587,943.0,2.588,2410.0
1753531877103,12:11:17.103,AXS/USDT:USDT,2.585,10753.0,2.584,797.0,2.587,943.0,2.588,2410.0
1753531877851,12:11:17.851,AXS/USDT:USDT,2.585,10753.0,2.584,797.0,2.587,943.0,2.588,2410.0
1753531878055,12:11:18.055,AXS/USDT:USDT,2.585,10753.0,2.584,797.0,2.587,943.0,2.588,2410.0
1753531878274,12:11:18.274,AXS/USDT:USDT,2.585,10753.0,2.584,797.0,2.587,943.0,2.588,2410.0
1753531878638,12:11:18.638,AXS/USDT:USDT,2.585,10753.0,2.584,797.0,2.587,943.0,2.588,2410.0
1753531879247,12:11:19.247,AXS/USDT:USDT,2.585,10753.0,2.584,797.0,2.587,943.0,2.588,2410.0
1753531879249,12:11:19.249,AXS/USDT:USDT,2.585,10753.0,2.584,797.0,2.587,943.0,2.588,2410.0
1753531881390,12:11:21.390,AXS/USDT:USDT,2.585,12327.0,2.584,5245.0,2.587,943.0,2.588,2739.0
1753531881450,12:11:21.450,AXS/USDT:USDT,2.585,12327.0,2.584,7897.0,2.587,943.0,2.588,2739.0
1753531881692,12:11:21.692,AXS/USDT:USDT,2.585,12327.0,2.584,7897.0,2.587,943.0,2.588,2739.0
1753531881769,12:11:21.769,AXS/USDT:USDT,2.585,14649.0,2.584,7897.0,2.587,943.0,2.588,2739.0
1753531883167,12:11:23.167,AXS/USDT:USDT,2.585,14649.0,2.584,7897.0,2.587,943.0,2.588,2739.0
1753531883736,12:11:23.736,AXS/USDT:USDT,2.585,14649.0,2.584,7897.0,2.587,943.0,2.588,2739.0
1753531884047,12:11:24.047,AXS/USDT:USDT,2.585,14649.0,2.584,7897.0,2.587,943.0,2.588,2739.0
1753531884070,12:11:24.070,AXS/USDT:USDT,2.585,14649.0,2.584,7897.0,2.587,943.0,2.588,2739.0
1753531884240,12:11:24.240,AXS/USDT:USDT,2.585,14649.0,2.584,7897.0,2.587,943.0,2.588,2739.0
1753531884538,12:11:24.538,AXS/USDT:USDT,2.585,14649.0,2.584,7897.0,2.587,943.0,2.588,2739.0
1753531887045,12:11:27.045,AXS/USDT:USDT,2.585,14649.0,2.584,7897.0,2.587,943.0,2.588,2739.0
1753531888847,12:11:28.847,AXS/USDT:USDT,2.585,14649.0,2.584,7897.0,2.587,943.0,2.588,2739.0
1753531888849,12:11:28.849,AXS/USDT:USDT,2.585,14649.0,2.584,7897.0,2.587,943.0,2.588,2739.0
1753531889319,12:11:29.319,AXS/USDT:USDT,2.585,14649.0,2.584,7897.0,2.587,943.0,2.588,2739.0
1753531890942,12:11:30.942,AXS/USDT:USDT,2.585,14649.0,2.584,7897.0,2.587,943.0,2.588,2739.0
1753531892636,12:11:32.636,AXS/USDT:USDT,2.585,13707.0,2.584,7897.0,2.587,943.0,2.588,2739.0
1753531893122,12:11:33.122,AXS/USDT:USDT,2.585,10972.0,2.584,914.0,2.586,914.0,2.587,2240.0
1753531893215,12:11:33.215,AXS/USDT:USDT,2.585,9811.0,2.584,914.0,2.586,920.0,2.587,2240.0
1753531893487,12:11:33.487,AXS/USDT:USDT,2.585,9811.0,2.584,914.0,2.586,920.0,2.587,2240.0
1753531893647,12:11:33.647,AXS/USDT:USDT,2.585,9811.0,2.584,914.0,2.586,920.0,2.587,2240.0
1753531893649,12:11:33.649,AXS/USDT:USDT,2.585,9811.0,2.584,914.0,2.586,920.0,2.587,2240.0
1753531893909,12:11:33.909,AXS/USDT:USDT,2.585,9811.0,2.584,914.0,2.586,920.0,2.587,2240.0
1753531894921,12:11:34.921,AXS/USDT:USDT,2.585,9811.0,2.584,914.0,2.586,920.0,2.587,2240.0
1753531896012,12:11:36.012,AXS/USDT:USDT,2.585,9811.0,2.584,914.0,2.586,920.0,2.587,2240.0
1753531896329,12:11:36.329,AXS/USDT:USDT,2.585,9811.0,2.584,914.0,2.586,6.0,2.587,2240.0
1753531896393,12:11:36.393,AXS/USDT:USDT,2.585,9811.0,2.584,1711.0,2.586,6.0,2.587,1443.0
1753531896548,12:11:36.548,AXS/USDT:USDT,2.585,9811.0,2.584,1711.0,2.586,6.0,2.587,1443.0
1753531896744,12:11:36.744,AXS/USDT:USDT,2.585,9811.0,2.584,1711.0,2.586,6.0,2.587,1443.0
1753531897534,12:11:37.534,AXS/USDT:USDT,2.584,914.0,2.583,17093.0,2.586,920.0,2.587,2317.0
1753531897641,12:11:37.641,AXS/USDT:USDT,2.585,9851.0,2.584,914.0,2.586,914.0,2.587,2317.0
1753531897662,12:11:37.662,AXS/USDT:USDT,2.585,9851.0,2.584,914.0,2.586,920.0,2.587,2240.0
1753531897947,12:11:37.947,AXS/USDT:USDT,2.584,10766.0,2.583,17093.0,2.586,920.0,2.587,2240.0
1753531898010,12:11:38.010,AXS/USDT:USDT,2.584,10766.0,2.583,17093.0,2.586,914.0,2.587,2317.0
1753531898449,12:11:38.449,AXS/USDT:USDT,2.584,10766.0,2.583,17093.0,2.586,914.0,2.587,2317.0
1753531899016,12:11:39.016,AXS/USDT:USDT,2.584,10766.0,2.583,17093.0,2.586,914.0,2.587,2317.0
1753531899173,12:11:39.173,AXS/USDT:USDT,2.584,10766.0,2.583,17093.0,2.586,914.0,2.587,2317.0
1753531901671,12:11:41.671,AXS/USDT:USDT,2.584,12377.0,2.583,21541.0,2.586,914.0,2.587,2646.0
1753531902244,12:11:42.244,AXS/USDT:USDT,2.584,12377.0,2.583,21541.0,2.586,914.0,2.587,1849.0
1753531902289,12:11:42.289,AXS/USDT:USDT,2.584,12377.0,2.583,21541.0,2.586,914.0,2.587,1849.0
1753531903027,12:11:43.027,AXS/USDT:USDT,2.584,12377.0,2.583,21541.0,2.586,914.0,2.587,2646.0
1753531903141,12:11:43.141,AXS/USDT:USDT,2.584,12377.0,2.583,21541.0,2.586,914.0,2.587,2646.0
1753531903249,12:11:43.249,AXS/USDT:USDT,2.584,12377.0,2.583,21541.0,2.586,914.0,2.587,2646.0
1753531904966,12:11:44.966,AXS/USDT:USDT,2.584,12377.0,2.583,21541.0,2.586,914.0,2.587,2646.0
1753531906332,12:11:46.332,AXS/USDT:USDT,2.585,938.0,2.584,12377.0,2.586,914.0,2.587,3362.0
1753531906386,12:11:46.386,AXS/USDT:USDT,2.585,938.0,2.584,13174.0,2.586,6.0,2.587,1772.0
1753531907172,12:11:47.172,AXS/USDT:USDT,2.585,938.0,2.584,13174.0,2.586,6.0,2.587,1772.0
1753531907470,12:11:47.470,AXS/USDT:USDT,2.585,938.0,2.584,16827.0,2.586,6.0,2.587,1443.0
1753531907577,12:11:47.577,AXS/USDT:USDT,2.585,938.0,2.584,16827.0,2.586,6.0,2.587,1443.0
1753531908012,12:11:48.012,AXS/USDT:USDT,2.585,938.0,2.584,16827.0,2.586,6.0,2.587,1443.0
1753531908049,12:11:48.049,AXS/USDT:USDT,2.585,938.0,2.584,16827.0,2.586,6.0,2.587,1443.0
1753531908150,12:11:48.150,AXS/USDT:USDT,2.585,938.0,2.584,16827.0,2.586,6.0,2.587,1443.0
1753531908455,12:11:48.455,AXS/USDT:USDT,2.585,938.0,2.584,16827.0,2.586,6.0,2.587,1443.0
1753531908837,12:11:48.837,AXS/USDT:USDT,2.585,938.0,2.584,16827.0,2.586,6.0,2.587,1443.0
1753531909814,12:11:49.814,AXS/USDT:USDT,2.585,938.0,2.584,16827.0,2.586,6.0,2.587,1443.0
1753531910649,12:11:50.649,AXS/USDT:USDT,2.585,938.0,2.584,16827.0,2.586,6.0,2.587,1443.0
1753531910794,12:11:50.794,AXS/USDT:USDT,2.585,938.0,2.584,16827.0,2.586,6.0,2.587,1443.0
1753531910870,12:11:50.870,AXS/USDT:USDT,2.585,938.0,2.584,16827.0,2.586,6.0,2.587,943.0
1753531911064,12:11:51.064,AXS/USDT:USDT,2.585,938.0,2.584,16827.0,2.586,6.0,2.587,943.0
1753531911738,12:11:51.738,AXS/USDT:USDT,2.585,3260.0,2.584,16827.0,2.586,6.0,2.587,943.0
1753531911998,12:11:51.998,AXS/USDT:USDT,2.585,3260.0,2.584,16827.0,2.586,6.0,2.587,943.0
1753531912062,12:11:52.062,AXS/USDT:USDT,2.585,3260.0,2.584,16827.0,2.586,6.0,2.587,943.0
1753531912436,12:11:52.436,AXS/USDT:USDT,2.585,3260.0,2.584,16827.0,2.586,6.0,2.587,943.0
1753531912849,12:11:52.849,AXS/USDT:USDT,2.585,3260.0,2.584,16827.0,2.586,6.0,2.587,943.0
1753531915007,12:11:55.007,AXS/USDT:USDT,2.585,3260.0,2.584,16827.0,2.586,6.0,2.587,943.0
1753531915536,12:11:55.536,AXS/USDT:USDT,2.585,3260.0,2.584,17811.0,2.586,6.0,2.587,943.0
1753531915880,12:11:55.880,AXS/USDT:USDT,2.585,3260.0,2.584,17811.0,2.586,6.0,2.588,1443.0
1753531916030,12:11:56.030,AXS/USDT:USDT,2.586,10736.0,2.585,3326.0,2.587,6.0,2.588,1443.0
1753531916095,12:11:56.095,AXS/USDT:USDT,2.586,10736.0,2.585,3326.0,2.587,6.0,2.588,1443.0
1753531916371,12:11:56.371,AXS/USDT:USDT,2.586,10736.0,2.585,3326.0,2.587,6.0,2.588,1443.0
1753531917561,12:11:57.561,AXS/USDT:USDT,2.586,10736.0,2.585,3326.0,2.587,6.0,2.588,1443.0
1753531917649,12:11:57.649,AXS/USDT:USDT,2.586,10736.0,2.585,3326.0,2.587,6.0,2.588,1443.0
1753531921457,12:12:01.457,AXS/USDT:USDT,2.586,10736.0,2.585,3326.0,2.587,6.0,2.588,1443.0
1753531921830,12:12:01.830,AXS/USDT:USDT,2.586,10736.0,2.585,3326.0,2.587,6.0,2.588,1443.0
1753531922003,12:12:02.003,AXS/USDT:USDT,2.586,10736.0,2.585,3326.0,2.587,6.0,2.588,1443.0
1753531922525,12:12:02.525,AXS/USDT:USDT,2.586,10736.0,2.585,3326.0,2.587,6.0,2.588,1443.0
1753531923428,12:12:03.428,AXS/USDT:USDT,2.586,10736.0,2.585,3326.0,2.587,6.0,2.588,1443.0
1753531923585,12:12:03.585,AXS/USDT:USDT,2.586,10736.0,2.585,3326.0,2.587,6.0,2.588,1443.0
1753531923872,12:12:03.872,AXS/USDT:USDT,2.586,10736.0,2.585,3326.0,2.587,944.0,2.588,1443.0
1753531924005,12:12:04.005,AXS/USDT:USDT,2.586,10736.0,2.585,3326.0,2.587,944.0,2.588,2231.0
1753531924789,12:12:04.789,AXS/USDT:USDT,2.586,10736.0,2.585,3326.0,2.587,6.0,2.588,2231.0
1753531924938,12:12:04.938,AXS/USDT:USDT,2.586,10736.0,2.585,3326.0,2.587,6.0,2.588,1443.0
1753531925009,12:12:05.009,AXS/USDT:USDT,2.586,10736.0,2.585,3326.0,2.587,6.0,2.588,1443.0
1753531927006,12:12:07.006,AXS/USDT:USDT,2.586,10736.0,2.585,3326.0,2.587,6.0,2.588,1443.0
1753531927250,12:12:07.250,AXS/USDT:USDT,2.586,10736.0,2.585,3326.0,2.587,6.0,2.588,1443.0
1753531927383,12:12:07.383,AXS/USDT:USDT,2.586,10736.0,2.585,3326.0,2.587,6.0,2.588,1443.0
1753531927556,12:12:07.556,AXS/USDT:USDT,2.586,10736.0,2.585,3326.0,2.587,6.0,2.588,1443.0
1753531930230,12:12:10.230,AXS/USDT:USDT,2.586,10736.0,2.585,3326.0,2.587,944.0,2.588,1443.0
1753531930331,12:12:10.331,AXS/USDT:USDT,2.585,938.0,2.584,7959.0,2.587,944.0,2.588,2231.0
1753531930441,12:12:10.441,AXS/USDT:USDT,2.585,938.0,2.584,6159.0,2.587,944.0,2.588,2231.0
1753531930500,12:12:10.500,AXS/USDT:USDT,2.586,9786.0,2.585,3326.0,2.587,942.0,2.588,2231.0
1753531930647,12:12:10.647,AXS/USDT:USDT,2.585,3326.0,2.584,7319.0,2.587,942.0,2.588,2560.0
1753531930649,12:12:10.649,AXS/USDT:USDT,2.585,13112.0,2.584,7319.0,2.587,942.0,2.588,2560.0
1753531931007,12:12:11.007,AXS/USDT:USDT,2.585,13112.0,2.584,7319.0,2.587,942.0,2.588,2560.0
1753531931161,12:12:11.161,AXS/USDT:USDT,2.585,13112.0,2.584,7319.0,2.587,942.0,2.588,2637.0
1753531931403,12:12:11.403,AXS/USDT:USDT,2.585,13112.0,2.584,7319.0,2.587,938.0,2.588,2637.0
1753531931494,12:12:11.494,AXS/USDT:USDT,2.585,13112.0,2.584,7319.0,2.587,938.0,2.588,2637.0
1753531932033,12:12:12.033,AXS/USDT:USDT,2.585,13112.0,2.584,7319.0,2.587,938.0,2.588,2637.0
1753531932070,12:12:12.070,AXS/USDT:USDT,2.585,12469.0,2.584,6975.0,2.587,938.0,2.588,2637.0
1753531933006,12:12:13.006,AXS/USDT:USDT,2.585,12469.0,2.584,6975.0,2.587,938.0,2.588,2637.0
1753531933416,12:12:13.416,AXS/USDT:USDT,2.585,11531.0,2.584,1711.0,2.587,1735.0,2.588,2637.0
1753531933490,12:12:13.490,AXS/USDT:USDT,2.585,9786.0,2.584,914.0,2.587,1735.0,2.588,2637.0
1753531933622,12:12:13.622,AXS/USDT:USDT,2.585,9786.0,2.584,914.0,2.587,2235.0,2.588,2637.0
1753531933839,12:12:13.839,AXS/USDT:USDT,2.585,9786.0,2.584,914.0,2.587,2235.0,2.588,2637.0
1753531934006,12:12:14.006,AXS/USDT:USDT,2.585,9786.0,2.584,914.0,2.587,2235.0,2.588,2637.0
1753531934227,12:12:14.227,AXS/USDT:USDT,2.584,10712.0,2.583,17093.0,2.587,2235.0,2.588,2637.0
1753531934319,12:12:14.319,AXS/USDT:USDT,2.584,10712.0,2.583,17093.0,2.587,2235.0,2.588,2643.0
1753531935330,12:12:15.330,AXS/USDT:USDT,2.584,10712.0,2.583,17093.0,2.587,2235.0,2.588,2643.0
1753531935411,12:12:15.411,AXS/USDT:USDT,2.585,948.0,2.584,10712.0,2.587,2235.0,2.588,2643.0
1753531935470,12:12:15.470,AXS/USDT:USDT,2.585,4105.0,2.584,11509.0,2.587,1438.0,2.588,2643.0
1753531935556,12:12:15.556,AXS/USDT:USDT,2.585,4105.0,2.584,11509.0,2.587,1438.0,2.588,2637.0
1753531936013,12:12:16.013,AXS/USDT:USDT,2.585,4105.0,2.584,11509.0,2.587,1438.0,2.588,2637.0
1753531936746,12:12:16.746,AXS/USDT:USDT,2.585,4105.0,2.584,11509.0,2.587,938.0,2.588,2637.0
1753531936775,12:12:16.775,AXS/USDT:USDT,2.585,4105.0,2.584,11509.0,2.587,938.0,2.588,2637.0
1753531936850,12:12:16.850,AXS/USDT:USDT,2.585,4105.0,2.584,11509.0,2.587,938.0,2.588,2637.0
1753531937489,12:12:17.489,AXS/USDT:USDT,2.585,4105.0,2.584,11509.0,2.587,938.0,2.588,2637.0
1753531939311,12:12:19.311,AXS/USDT:USDT,2.585,4105.0,2.584,13660.0,2.587,938.0,2.588,2637.0
1753531940522,12:12:20.522,AXS/USDT:USDT,2.586,948.0,2.585,4105.0,2.587,938.0,2.588,2560.0
1753531940644,12:12:20.644,AXS/USDT:USDT,2.586,948.0,2.585,4105.0,2.587,938.0,2.588,2560.0
1753531940713,12:12:20.713,AXS/USDT:USDT,2.586,948.0,2.585,4105.0,2.588,2231.0,2.589,2625.0
1753531940811,12:12:20.811,AXS/USDT:USDT,2.586,10747.0,2.585,1839.0,2.588,2231.0,2.589,2625.0
1753531941650,12:12:21.650,AXS/USDT:USDT,2.586,10747.0,2.585,1839.0,2.588,2231.0,2.589,2625.0
1753531941812,12:12:21.812,AXS/USDT:USDT,2.586,10747.0,2.585,1839.0,2.588,2231.0,2.589,2625.0
1753531942003,12:12:22.003,AXS/USDT:USDT,2.586,10747.0,2.585,1839.0,2.588,2231.0,2.589,2625.0
1753531942995,12:12:22.995,AXS/USDT:USDT,2.586,10747.0,2.585,1839.0,2.588,1443.0,2.589,2625.0
1753531943220,12:12:23.220,AXS/USDT:USDT,2.586,10747.0,2.585,1839.0,2.588,1443.0,2.589,2625.0
1753531944222,12:12:24.222,AXS/USDT:USDT,2.587,934.0,2.586,10747.0,2.588,943.0,2.589,2548.0
1753531944280,12:12:24.280,AXS/USDT:USDT,2.587,4158.0,2.586,10747.0,2.589,2548.0,2.59,3513.0
1753531944444,12:12:24.444,AXS/USDT:USDT,2.587,4158.0,2.586,10747.0,2.589,2548.0,2.59,3513.0
1753531944539,12:12:24.539,AXS/USDT:USDT,2.587,4158.0,2.586,10747.0,2.589,2548.0,2.59,3513.0
1753531944640,12:12:24.640,AXS/USDT:USDT,2.587,4158.0,2.586,10747.0,2.589,2548.0,2.59,3513.0
1753531944654,12:12:24.654,AXS/USDT:USDT,2.587,4158.0,2.586,10747.0,2.589,2548.0,2.59,3513.0
1753531944883,12:12:24.883,AXS/USDT:USDT,2.587,4158.0,2.586,10747.0,2.589,2548.0,2.59,3513.0
1753531945139,12:12:25.139,AXS/USDT:USDT,2.587,4158.0,2.586,10747.0,2.589,2548.0,2.59,3513.0
1753531945199,12:12:25.199,AXS/USDT:USDT,2.587,4158.0,2.586,10747.0,2.589,2548.0,2.59,3513.0
1753531945231,12:12:25.231,AXS/USDT:USDT,2.587,4158.0,2.586,10747.0,2.589,2548.0,2.59,3513.0
1753531945406,12:12:25.406,AXS/USDT:USDT,2.587,4158.0,2.586,10747.0,2.589,1751.0,2.59,3513.0
1753531945531,12:12:25.531,AXS/USDT:USDT,2.587,4158.0,2.586,11571.0,2.589,1422.0,2.59,3390.0
1753531945614,12:12:25.614,AXS/USDT:USDT,2.588,934.0,2.587,4158.0,2.589,922.0,2.59,3390.0
1753531945723,12:12:25.723,AXS/USDT:USDT,2.588,934.0,2.587,4158.0,2.589,922.0,2.59,3313.0
1753531945856,12:12:25.856,AXS/USDT:USDT,2.588,934.0,2.587,4158.0,2.589,922.0,2.59,3313.0
1753531946008,12:12:26.008,AXS/USDT:USDT,2.588,934.0,2.587,4158.0,2.589,922.0,2.59,3313.0
1753531946144,12:12:26.144,AXS/USDT:USDT,2.588,934.0,2.587,4158.0,2.589,922.0,2.59,3313.0
1753531946451,12:12:26.451,AXS/USDT:USDT,2.588,934.0,2.587,4158.0,2.589,922.0,2.59,3313.0
1753531946618,12:12:26.618,AXS/USDT:USDT,2.588,934.0,2.587,4158.0,2.589,922.0,2.59,3313.0
1753531946742,12:12:26.742,AXS/USDT:USDT,2.588,934.0,2.587,4158.0,2.589,922.0,2.59,3313.0
1753531946836,12:12:26.836,AXS/USDT:USDT,2.588,934.0,2.587,4158.0,2.589,922.0,2.59,3313.0
1753531947154,12:12:27.154,AXS/USDT:USDT,2.588,934.0,2.587,4158.0,2.589,922.0,2.59,3313.0
1753531947401,12:12:27.401,AXS/USDT:USDT,2.587,4158.0,2.586,11571.0,2.589,922.0,2.59,3390.0
1753531947754,12:12:27.754,AXS/USDT:USDT,2.587,4158.0,2.586,11571.0,2.589,922.0,2.59,3390.0
1753531947922,12:12:27.922,AXS/USDT:USDT,2.587,4158.0,2.586,11571.0,2.589,922.0,2.59,3390.0
1753531948282,12:12:28.282,AXS/USDT:USDT,2.587,4158.0,2.586,11571.0,2.589,922.0,2.59,3390.0
1753531949599,12:12:29.599,AXS/USDT:USDT,2.587,4158.0,2.586,11571.0,2.589,922.0,2.59,3390.0
1753531950396,12:12:30.396,AXS/USDT:USDT,2.587,4158.0,2.586,11571.0,2.589,922.0,2.59,3390.0
1753531950461,12:12:30.461,AXS/USDT:USDT,2.587,4158.0,2.586,11571.0,2.589,922.0,2.59,3390.0
1753531950553,12:12:30.553,AXS/USDT:USDT,2.587,4158.0,2.586,11571.0,2.589,922.0,2.59,3390.0
1753531950680,12:12:30.680,AXS/USDT:USDT,2.587,4158.0,2.586,11571.0,2.589,922.0,2.59,3390.0
1753531950753,12:12:30.753,AXS/USDT:USDT,2.587,4158.0,2.586,11571.0,2.589,922.0,2.59,3390.0
1753531951251,12:12:31.251,AXS/USDT:USDT,2.587,4158.0,2.586,11571.0,2.589,922.0,2.59,3390.0
1753531952007,12:12:32.007,AXS/USDT:USDT,2.587,4158.0,2.586,11571.0,2.589,922.0,2.59,3390.0
1753531954873,12:12:34.873,AXS/USDT:USDT,2.587,4158.0,2.586,11571.0,2.589,922.0,2.59,3390.0
1753531955395,12:12:35.395,AXS/USDT:USDT,2.587,4158.0,2.586,11571.0,2.589,922.0,2.59,3390.0
1753531955734,12:12:35.734,AXS/USDT:USDT,2.588,936.0,2.587,4158.0,2.59,3313.0,2.591,19777.0
1753531955811,12:12:35.811,AXS/USDT:USDT,2.588,936.0,2.587,4955.0,2.59,1412.0,2.591,6280.0
1753531955891,12:12:35.891,AXS/USDT:USDT,2.588,936.0,2.587,4955.0,2.59,1406.0,2.591,6286.0
1753531956030,12:12:36.030,AXS/USDT:USDT,2.588,10747.0,2.587,1731.0,2.59,1406.0,2.591,6286.0
1753531956110,12:12:36.110,AXS/USDT:USDT,2.588,4399.0,2.587,11542.0,2.59,1406.0,2.591,6286.0
1753531956370,12:12:36.370,AXS/USDT:USDT,2.588,4399.0,2.587,11542.0,2.59,2306.0,2.591,6786.0
1753531956545,12:12:36.545,AXS/USDT:USDT,2.588,4399.0,2.587,11542.0,2.59,2306.0,2.591,6786.0
1753531956577,12:12:36.577,AXS/USDT:USDT,2.588,4399.0,2.587,11542.0,2.59,2306.0,2.591,6114.0
1753531956710,12:12:36.710,AXS/USDT:USDT,2.588,4399.0,2.587,10745.0,2.59,2306.0,2.591,6443.0
1753531956821,12:12:36.821,AXS/USDT:USDT,2.588,4399.0,2.587,10745.0,2.59,2306.0,2.591,6443.0
1753531957530,12:12:37.530,AXS/USDT:USDT,2.588,4399.0,2.587,10745.0,2.59,2306.0,2.591,6443.0
1753531957785,12:12:37.785,AXS/USDT:USDT,2.588,3463.0,2.587,10745.0,2.59,2306.0,2.591,6443.0
1753531957867,12:12:37.867,AXS/USDT:USDT,2.588,3463.0,2.587,10745.0,2.59,2306.0,2.591,6443.0
1753531958054,12:12:38.054,AXS/USDT:USDT,2.588,3463.0,2.587,10745.0,2.59,2306.0,2.591,6443.0
1753531958290,12:12:38.290,AXS/USDT:USDT,2.588,3463.0,2.587,10745.0,2.59,2306.0,2.591,6443.0
1753531958375,12:12:38.375,AXS/USDT:USDT,2.587,10745.0,2.585,2001.0,2.59,2306.0,2.591,6443.0
1753531958450,12:12:38.450,AXS/USDT:USDT,2.587,10745.0,2.585,2001.0,2.59,2306.0,2.591,6443.0
1753531958550,12:12:38.550,AXS/USDT:USDT,2.587,10745.0,2.585,2001.0,2.59,2306.0,2.591,6443.0
1753531958669,12:12:38.669,AXS/USDT:USDT,2.587,10745.0,2.585,2001.0,2.59,2306.0,2.591,6443.0
1753531958770,12:12:38.770,AXS/USDT:USDT,2.587,4116.0,2.586,10607.0,2.59,2306.0,2.591,6443.0
1753531960006,12:12:40.006,AXS/USDT:USDT,2.587,4116.0,2.586,10607.0,2.59,2306.0,2.591,6443.0
1753531960171,12:12:40.171,AXS/USDT:USDT,2.587,4116.0,2.586,10607.0,2.59,2306.0,2.591,6443.0
1753531960411,12:12:40.411,AXS/USDT:USDT,2.587,4116.0,2.586,10607.0,2.59,2306.0,2.591,6443.0
1753531960611,12:12:40.611,AXS/USDT:USDT,2.587,4116.0,2.586,10607.0,2.59,2306.0,2.591,6443.0
1753531960839,12:12:40.839,AXS/USDT:USDT,2.587,4116.0,2.586,10607.0,2.59,2306.0,2.591,6443.0
1753531961058,12:12:41.058,AXS/USDT:USDT,2.587,4116.0,2.586,10607.0,2.59,2635.0,2.591,6114.0
1753531961412,12:12:41.412,AXS/USDT:USDT,2.587,4116.0,2.586,10607.0,2.59,2635.0,2.591,6114.0
1753531961934,12:12:41.934,AXS/USDT:USDT,2.587,4116.0,2.586,10607.0,2.59,2635.0,2.591,6114.0
1753531962005,12:12:42.005,AXS/USDT:USDT,2.587,4116.0,2.586,10607.0,2.59,2635.0,2.591,6114.0
1753531962890,12:12:42.890,AXS/USDT:USDT,2.587,4116.0,2.586,10607.0,2.59,2635.0,2.591,6114.0
1753531963897,12:12:43.897,AXS/USDT:USDT,2.588,938.0,2.587,4116.0,2.59,2635.0,2.591,6114.0
1753531967651,12:12:47.651,AXS/USDT:USDT,2.588,938.0,2.587,4116.0,2.59,2635.0,2.591,6114.0
1753531968543,12:12:48.543,AXS/USDT:USDT,2.587,4116.0,2.586,10607.0,2.59,2635.0,2.591,6114.0
1753531968549,12:12:48.549,AXS/USDT:USDT,2.587,4116.0,2.586,10607.0,2.59,2635.0,2.591,6114.0
1753531972451,12:12:52.451,AXS/USDT:USDT,2.587,4116.0,2.586,10607.0,2.59,2635.0,2.591,6114.0
1753531974096,12:12:54.096,AXS/USDT:USDT,2.587,4116.0,2.586,11431.0,2.59,3505.0,2.591,10061.0
1753531974602,12:12:54.602,AXS/USDT:USDT,2.587,4116.0,2.586,11431.0,2.59,3505.0,2.591,10061.0
1753531975550,12:12:55.550,AXS/USDT:USDT,2.587,4116.0,2.586,11431.0,2.59,3505.0,2.591,10061.0
1753531977252,12:12:57.252,AXS/USDT:USDT,2.587,4116.0,2.586,11431.0,2.59,3505.0,2.591,10061.0
1753531977594,12:12:57.594,AXS/USDT:USDT,2.587,4116.0,2.586,11431.0,2.59,3505.0,2.591,10061.0
1753531978013,12:12:58.013,AXS/USDT:USDT,2.587,4116.0,2.586,11431.0,2.59,3505.0,2.591,10061.0
1753531981879,12:13:01.879,AXS/USDT:USDT,2.587,4116.0,2.586,11431.0,2.59,3505.0,2.591,10061.0
1753531982051,12:13:02.051,AXS/USDT:USDT,2.587,4116.0,2.586,11431.0,2.59,3505.0,2.591,10061.0
1753531984926,12:13:04.926,AXS/USDT:USDT,2.588,947.0,2.587,4116.0,2.59,3505.0,2.591,10061.0
1753531986853,12:13:06.853,AXS/USDT:USDT,2.588,947.0,2.587,4116.0,2.59,3505.0,2.591,10061.0
1753531990007,12:13:10.007,AXS/USDT:USDT,2.588,947.0,2.587,4116.0,2.59,3505.0,2.591,10061.0
1753531990901,12:13:10.901,AXS/USDT:USDT,2.587,4116.0,2.586,11431.0,2.589,947.0,2.59,3582.0
1753531991010,12:13:11.010,AXS/USDT:USDT,2.587,4116.0,2.586,11431.0,2.589,947.0,2.59,3582.0
1753531991715,12:13:11.715,AXS/USDT:USDT,2.587,4116.0,2.586,11431.0,2.589,947.0,2.59,3582.0
1753531992215,12:13:12.215,AXS/USDT:USDT,2.587,4116.0,2.586,11431.0,2.589,947.0,2.59,3582.0
1753531996454,12:13:16.454,AXS/USDT:USDT,2.587,4116.0,2.586,11431.0,2.589,947.0,2.59,3582.0
1753531997230,12:13:17.230,AXS/USDT:USDT,2.587,4116.0,2.586,11431.0,2.589,947.0,2.59,3582.0
1753531997716,12:13:17.716,AXS/USDT:USDT,2.587,4116.0,2.586,11431.0,2.589,947.0,2.59,3582.0
1753531999114,12:13:19.114,AXS/USDT:USDT,2.588,918.0,2.587,4116.0,2.589,947.0,2.59,3505.0
1753532000435,12:13:20.435,AXS/USDT:USDT,2.587,4116.0,2.586,11431.0,2.589,947.0,2.59,3505.0
1753532000461,12:13:20.461,AXS/USDT:USDT,2.587,4116.0,2.586,11431.0,2.589,947.0,2.59,3582.0
1753532001252,12:13:21.252,AXS/USDT:USDT,2.587,4116.0,2.586,11431.0,2.589,947.0,2.59,3582.0
1753532003810,12:13:23.810,AXS/USDT:USDT,2.587,4116.0,2.586,11431.0,2.589,947.0,2.59,3582.0
1753532004407,12:13:24.407,AXS/USDT:USDT,2.586,9810.0,2.585,15771.0,2.588,916.0,2.589,1744.0
1753532004500,12:13:24.500,AXS/USDT:USDT,2.586,9810.0,2.585,15771.0,2.588,916.0,2.589,2150.0
1753532004630,12:13:24.630,AXS/USDT:USDT,2.586,9810.0,2.585,15771.0,2.588,916.0,2.589,2150.0
1753532004654,12:13:24.654,AXS/USDT:USDT,2.586,9810.0,2.585,15771.0,2.588,916.0,2.589,2150.0
1753532004978,12:13:24.978,AXS/USDT:USDT,2.586,10607.0,2.585,15771.0,2.588,916.0,2.589,2150.0
1753532005369,12:13:25.369,AXS/USDT:USDT,2.586,10607.0,2.585,15771.0,2.588,916.0,2.589,2150.0
1753532005620,12:13:25.620,AXS/USDT:USDT,2.587,916.0,2.586,10607.0,2.588,916.0,2.589,2073.0
1753532005782,12:13:25.782,AXS/USDT:USDT,2.587,916.0,2.586,10607.0,2.588,916.0,2.589,2073.0
1753532006052,12:13:26.052,AXS/USDT:USDT,2.587,916.0,2.586,10607.0,2.588,916.0,2.589,2073.0
1753532006203,12:13:26.203,AXS/USDT:USDT,2.587,4098.0,2.586,10607.0,2.589,1276.0,2.59,3253.0
1753532006322,12:13:26.322,AXS/USDT:USDT,2.587,4098.0,2.586,10607.0,2.589,1276.0,2.59,3253.0
1753532007110,12:13:27.110,AXS/USDT:USDT,2.587,916.0,2.586,10607.0,2.588,916.0,2.589,1276.0
1753532007244,12:13:27.244,AXS/USDT:USDT,2.586,10607.0,2.585,15771.0,2.588,916.0,2.589,1353.0
1753532007422,12:13:27.422,AXS/USDT:USDT,2.586,10607.0,2.585,15771.0,2.588,916.0,2.589,1353.0
1753532007811,12:13:27.811,AXS/USDT:USDT,2.586,10607.0,2.585,15771.0,2.588,916.0,2.589,1353.0
1753532008241,12:13:28.241,AXS/USDT:USDT,2.587,916.0,2.586,10607.0,2.588,916.0,2.589,1276.0
1753532008311,12:13:28.311,AXS/USDT:USDT,2.587,4098.0,2.586,10607.0,2.589,1276.0,2.59,3253.0
1753532008407,12:13:28.407,AXS/USDT:USDT,2.587,4098.0,2.586,10607.0,2.589,1276.0,2.59,3253.0
1753532008656,12:13:28.656,AXS/USDT:USDT,2.587,4098.0,2.586,10607.0,2.589,1276.0,2.59,3253.0
1753532010870,12:13:30.870,AXS/USDT:USDT,2.587,4098.0,2.586,10607.0,2.589,1276.0,2.59,3253.0
1753532011010,12:13:31.010,AXS/USDT:USDT,2.587,916.0,2.586,10607.0,2.588,916.0,2.589,1276.0
1753532011138,12:13:31.138,AXS/USDT:USDT,2.587,916.0,2.586,10607.0,2.588,916.0,2.589,1276.0
1753532011381,12:13:31.381,AXS/USDT:USDT,2.586,10607.0,2.585,2001.0,2.588,916.0,2.589,1353.0
1753532011478,12:13:31.478,AXS/USDT:USDT,2.586,9810.0,2.585,2001.0,2.588,916.0,2.589,2150.0
1753532011646,12:13:31.646,AXS/USDT:USDT,2.586,916.0,2.585,2001.0,2.588,916.0,2.589,2150.0
1753532011730,12:13:31.730,AXS/USDT:USDT,2.586,916.0,2.585,948.0,2.588,1245.0,2.589,1821.0
1753532011837,12:13:31.837,AXS/USDT:USDT,2.586,916.0,2.585,10673.0,2.587,916.0,2.588,1245.0
1753532011908,12:13:31.908,AXS/USDT:USDT,2.586,916.0,2.585,10673.0,2.587,916.0,2.588,1245.0
1753532012010,12:13:32.010,AXS/USDT:USDT,2.586,916.0,2.585,10673.0,2.587,916.0,2.588,1245.0
1753532012094,12:13:32.094,AXS/USDT:USDT,2.586,916.0,2.585,10673.0,2.587,916.0,2.588,1245.0
1753532012326,12:13:32.326,AXS/USDT:USDT,2.586,916.0,2.585,10673.0,2.587,916.0,2.588,1245.0
1753532012747,12:13:32.747,AXS/USDT:USDT,2.586,916.0,2.585,10673.0,2.587,916.0,2.588,1245.0
1753532012755,12:13:32.755,AXS/USDT:USDT,2.586,916.0,2.585,10673.0,2.587,916.0,2.588,1245.0
1753532012862,12:13:32.862,AXS/USDT:USDT,2.585,10673.0,2.584,16962.0,2.587,916.0,2.588,1322.0
1753532012978,12:13:32.978,AXS/USDT:USDT,2.585,10673.0,2.584,16962.0,2.587,916.0,2.588,993.0
1753532013145,12:13:33.145,AXS/USDT:USDT,2.585,10673.0,2.584,16962.0,2.587,916.0,2.588,993.0
1753532013831,12:13:33.831,AXS/USDT:USDT,2.585,10673.0,2.584,16962.0,2.587,916.0,2.588,993.0
1753532013941,12:13:33.941,AXS/USDT:USDT,2.586,908.0,2.585,10673.0,2.587,916.0,2.588,993.0
1753532013990,12:13:33.990,AXS/USDT:USDT,2.586,908.0,2.585,10673.0,2.588,916.0,2.589,2150.0
1753532014063,12:13:34.063,AXS/USDT:USDT,2.586,908.0,2.585,10673.0,2.588,916.0,2.589,2150.0
1753532014247,12:13:34.247,AXS/USDT:USDT,2.586,908.0,2.585,10673.0,2.588,916.0,2.589,2150.0
1753532014313,12:13:34.313,AXS/USDT:USDT,2.586,908.0,2.585,10673.0,2.588,916.0,2.589,2150.0
1753532014423,12:13:34.423,AXS/USDT:USDT,2.586,908.0,2.585,10673.0,2.588,916.0,2.589,2150.0
1753532014519,12:13:34.519,AXS/USDT:USDT,2.586,908.0,2.585,10673.0,2.588,916.0,2.589,2150.0
1753532014623,12:13:34.623,AXS/USDT:USDT,2.586,908.0,2.585,10673.0,2.588,916.0,2.589,2150.0
1753532015528,12:13:35.528,AXS/USDT:USDT,2.586,908.0,2.585,10673.0,2.588,916.0,2.589,2150.0
1753532015652,12:13:35.652,AXS/USDT:USDT,2.586,908.0,2.585,10673.0,2.588,916.0,2.589,2150.0
1753532016292,12:13:36.292,AXS/USDT:USDT,2.586,908.0,2.585,10673.0,2.588,916.0,2.589,2150.0
1753532016435,12:13:36.435,AXS/USDT:USDT,2.586,908.0,2.585,10673.0,2.588,916.0,2.589,2150.0
1753532016640,12:13:36.640,AXS/USDT:USDT,2.586,908.0,2.585,10673.0,2.588,916.0,2.589,2150.0
1753532016714,12:13:36.714,AXS/USDT:USDT,2.586,908.0,2.585,10673.0,2.588,916.0,2.589,2150.0
1753532016849,12:13:36.849,AXS/USDT:USDT,2.586,908.0,2.585,10673.0,2.588,916.0,2.589,2150.0
1753532019747,12:13:39.747,AXS/USDT:USDT,2.586,908.0,2.585,10673.0,2.588,916.0,2.589,1821.0
1753532019772,12:13:39.772,AXS/USDT:USDT,2.586,4110.0,2.585,10673.0,2.588,916.0,2.589,1821.0
1753532020452,12:13:40.452,AXS/USDT:USDT,2.586,4110.0,2.585,10673.0,2.588,916.0,2.589,1821.0
1753532021007,12:13:41.007,AXS/USDT:USDT,2.586,4110.0,2.585,10673.0,2.588,916.0,2.589,1821.0
1753532023009,12:13:43.009,AXS/USDT:USDT,2.586,4110.0,2.585,10673.0,2.588,916.0,2.589,1821.0
1753532024767,12:13:44.767,AXS/USDT:USDT,2.586,4110.0,2.585,10673.0,2.588,916.0,2.589,1821.0
1753532025252,12:13:45.252,AXS/USDT:USDT,2.586,4110.0,2.585,10673.0,2.588,916.0,2.589,1821.0
1753532026741,12:13:46.741,AXS/USDT:USDT,2.586,4110.0,2.585,10673.0,2.588,916.0,2.589,1821.0
1753532027637,12:13:47.637,AXS/USDT:USDT,2.586,4110.0,2.585,10673.0,2.588,916.0,2.589,1821.0
1753532029091,12:13:49.091,AXS/USDT:USDT,2.586,4110.0,2.585,11726.0,2.588,916.0,2.589,2150.0
1753532030053,12:13:50.053,AXS/USDT:USDT,2.586,4110.0,2.585,11726.0,2.588,916.0,2.589,2150.0
1753532034858,12:13:54.858,AXS/USDT:USDT,2.586,4110.0,2.585,11726.0,2.588,916.0,2.589,2150.0
1753532035406,12:13:55.406,AXS/USDT:USDT,2.587,920.0,2.586,4110.0,2.588,916.0,2.589,2073.0
1753532036418,12:13:56.418,AXS/USDT:USDT,2.587,920.0,2.586,4907.0,2.588,916.0,2.589,1276.0
1753532036486,12:13:56.486,AXS/USDT:USDT,2.587,920.0,2.586,4907.0,2.588,916.0,2.589,1276.0
1753532036619,12:13:56.619,AXS/USDT:USDT,2.587,920.0,2.586,4907.0,2.589,1276.0,2.59,3230.0
1753532036965,12:13:56.965,AXS/USDT:USDT,2.587,920.0,2.586,4907.0,2.588,920.0,2.589,1276.0
1753532037326,12:13:57.326,AXS/USDT:USDT,2.587,920.0,2.586,4110.0,2.588,920.0,2.589,1276.0
1753532037372,12:13:57.372,AXS/USDT:USDT,2.587,920.0,2.586,4110.0,2.588,920.0,2.589,1276.0
1753532037467,12:13:57.467,AXS/USDT:USDT,2.587,920.0,2.586,4907.0,2.588,920.0,2.589,1276.0
1753532038011,12:13:58.011,AXS/USDT:USDT,2.587,920.0,2.586,4907.0,2.588,920.0,2.589,1276.0
1753532038531,12:13:58.531,AXS/USDT:USDT,2.587,920.0,2.586,4907.0,2.588,920.0,2.589,1276.0
1753532039017,12:13:59.017,AXS/USDT:USDT,2.586,4110.0,2.585,11726.0,2.588,920.0,2.589,1353.0
1753532039337,12:13:59.337,AXS/USDT:USDT,2.586,4907.0,2.585,11726.0,2.588,920.0,2.589,1353.0
1753532039653,12:13:59.653,AXS/USDT:USDT,2.586,4907.0,2.585,11726.0,2.588,920.0,2.589,1353.0
1753532040737,12:14:00.737,AXS/USDT:USDT,2.586,4907.0,2.585,11726.0,2.588,920.0,2.589,2150.0
1753532040882,12:14:00.882,AXS/USDT:USDT,2.587,920.0,2.586,4907.0,2.588,920.0,2.589,2073.0
1753532041061,12:14:01.061,AXS/USDT:USDT,2.586,4907.0,2.585,11726.0,2.588,920.0,2.589,2150.0
1753532041226,12:14:01.226,AXS/USDT:USDT,2.587,920.0,2.586,4907.0,2.588,920.0,2.589,2073.0
1753532042117,12:14:02.117,AXS/USDT:USDT,2.587,920.0,2.586,4907.0,2.588,920.0,2.589,2073.0
1753532042427,12:14:02.427,AXS/USDT:USDT,2.587,920.0,2.586,11444.0,2.588,920.0,2.589,2073.0
1753532042533,12:14:02.533,AXS/USDT:USDT,2.587,920.0,2.586,1705.0,2.588,920.0,2.589,2073.0
1753532042633,12:14:02.633,AXS/USDT:USDT,2.587,920.0,2.586,11443.0,2.588,920.0,2.589,2073.0
1753532042941,12:14:02.941,AXS/USDT:USDT,2.586,11443.0,2.585,2001.0,2.588,920.0,2.589,2150.0
1753532044537,12:14:04.537,AXS/USDT:USDT,2.586,11443.0,2.585,2001.0,2.588,920.0,2.589,2150.0
1753532045581,12:14:05.581,AXS/USDT:USDT,2.587,908.0,2.586,11443.0,2.588,920.0,2.589,2073.0
1753532046041,12:14:06.041,AXS/USDT:USDT,2.586,11443.0,2.585,2001.0,2.588,920.0,2.589,2150.0
1753532049270,12:14:09.270,AXS/USDT:USDT,2.586,11443.0,2.585,2001.0,2.588,920.0,2.589,2150.0
1753532050141,12:14:10.141,AXS/USDT:USDT,2.587,908.0,2.586,11443.0,2.588,920.0,2.589,2073.0
1753532050541,12:14:10.541,AXS/USDT:USDT,2.587,908.0,2.586,11443.0,2.588,920.0,2.589,2073.0
1753532052000,12:14:12.000,AXS/USDT:USDT,2.586,11443.0,2.585,2001.0,2.588,920.0,2.589,2150.0
1753532053561,12:14:13.561,AXS/USDT:USDT,2.587,928.0,2.586,11443.0,2.588,920.0,2.589,2073.0
1753532054053,12:14:14.053,AXS/USDT:USDT,2.587,928.0,2.586,11443.0,2.588,920.0,2.589,2073.0
1753532054641,12:14:14.641,AXS/USDT:USDT,2.586,11443.0,2.585,2001.0,2.588,920.0,2.589,2150.0
1753532058196,12:14:18.196,AXS/USDT:USDT,2.586,11443.0,2.585,2001.0,2.588,920.0,2.589,2150.0
1753532058880,12:14:18.880,AXS/USDT:USDT,2.587,928.0,2.586,11443.0,2.588,920.0,2.589,2073.0
1753532059834,12:14:19.834,AXS/USDT:USDT,2.587,928.0,2.586,11443.0,2.588,920.0,2.589,2073.0
1753532063571,12:14:23.571,AXS/USDT:USDT,2.587,928.0,2.586,11443.0,2.589,2073.0,2.59,3230.0
1753532063653,12:14:23.653,AXS/USDT:USDT,2.587,928.0,2.586,11443.0,2.589,2073.0,2.59,3230.0
1753532063755,12:14:23.755,AXS/USDT:USDT,2.587,929.0,2.586,11443.0,2.589,2073.0,2.59,3230.0
1753532064783,12:14:24.783,AXS/USDT:USDT,2.587,929.0,2.586,11443.0,2.588,943.0,2.589,2073.0
1753532066680,12:14:26.680,AXS/USDT:USDT,2.587,929.0,2.586,11443.0,2.588,943.0,2.589,2073.0
1753532068209,12:14:28.209,AXS/USDT:USDT,2.587,929.0,2.586,11443.0,2.588,943.0,2.589,2073.0
1753532068455,12:14:28.455,AXS/USDT:USDT,2.587,929.0,2.586,11443.0,2.588,943.0,2.589,2073.0
1753532068931,12:14:28.931,AXS/USDT:USDT,2.587,929.0,2.586,11443.0,2.589,2073.0,2.59,3230.0
1753532069159,12:14:29.159,AXS/USDT:USDT,2.587,929.0,2.586,11443.0,2.589,2073.0,2.59,3230.0
1753532072916,12:14:32.916,AXS/USDT:USDT,2.587,929.0,2.586,11443.0,2.589,1276.0,2.59,3230.0
1753532073205,12:14:33.205,AXS/USDT:USDT,2.587,929.0,2.586,11443.0,2.588,908.0,2.589,1276.0
1753532073265,12:14:33.265,AXS/USDT:USDT,2.587,1.0,2.586,11443.0,2.588,908.0,2.589,1353.0
1753532073619,12:14:33.619,AXS/USDT:USDT,2.587,1.0,2.586,11443.0,2.588,908.0,2.589,1353.0
1753532074640,12:14:34.640,AXS/USDT:USDT,2.587,909.0,2.586,11443.0,2.588,908.0,2.589,1276.0
1753532074837,12:14:34.837,AXS/USDT:USDT,2.587,909.0,2.586,11443.0,2.588,908.0,2.589,1276.0
1753532075575,12:14:35.575,AXS/USDT:USDT,2.587,909.0,2.586,11443.0,2.589,1276.0,2.59,3230.0
1753532075655,12:14:35.655,AXS/USDT:USDT,2.587,909.0,2.586,11443.0,2.589,1276.0,2.59,3230.0
1753532076069,12:14:36.069,AXS/USDT:USDT,2.587,909.0,2.586,11443.0,2.589,1276.0,2.59,3230.0
1753532076675,12:14:36.675,AXS/USDT:USDT,2.587,909.0,2.586,11443.0,2.589,1276.0,2.59,3230.0
1753532077939,12:14:37.939,AXS/USDT:USDT,2.587,1.0,2.586,11443.0,2.588,908.0,2.589,1276.0
1753532077960,12:14:37.960,AXS/USDT:USDT,2.587,1.0,2.586,11443.0,2.588,908.0,2.589,1353.0
1753532078056,12:14:38.056,AXS/USDT:USDT,2.587,1.0,2.586,11443.0,2.588,908.0,2.589,1353.0
1753532078435,12:14:38.435,AXS/USDT:USDT,2.587,1.0,2.586,4104.0,2.588,908.0,2.589,2150.0
1753532078455,12:14:38.455,AXS/USDT:USDT,2.586,4105.0,2.585,11707.0,2.588,908.0,2.589,2150.0
1753532078748,12:14:38.748,AXS/USDT:USDT,2.586,4105.0,2.585,11707.0,2.588,908.0,2.589,2150.0
1753532079012,12:14:39.012,AXS/USDT:USDT,2.586,4105.0,2.585,11707.0,2.588,908.0,2.589,2150.0
1753532079423,12:14:39.423,AXS/USDT:USDT,2.586,4105.0,2.585,11707.0,2.588,908.0,2.589,2150.0
1753532080615,12:14:40.615,AXS/USDT:USDT,2.586,4902.0,2.585,11707.0,2.588,908.0,2.589,1353.0
1753532080867,12:14:40.867,AXS/USDT:USDT,2.586,4902.0,2.585,11707.0,2.588,908.0,2.589,2150.0
1753532081155,12:14:41.155,AXS/USDT:USDT,2.586,4105.0,2.585,11707.0,2.588,908.0,2.589,2150.0
1753532081389,12:14:41.389,AXS/USDT:USDT,2.586,4105.0,2.585,11707.0,2.588,908.0,2.589,2150.0
1753532082581,12:14:42.581,AXS/USDT:USDT,2.587,908.0,2.586,4105.0,2.588,908.0,2.589,2073.0
1753532082934,12:14:42.934,AXS/USDT:USDT,2.587,908.0,2.586,4105.0,2.589,2073.0,2.59,3230.0
1753532083906,12:14:43.906,AXS/USDT:USDT,2.587,908.0,2.586,4902.0,2.589,2073.0,2.59,3230.0
1753532084152,12:14:44.152,AXS/USDT:USDT,2.587,908.0,2.586,4902.0,2.589,2073.0,2.59,3230.0
1753532084380,12:14:44.380,AXS/USDT:USDT,2.587,908.0,2.586,4902.0,2.588,945.0,2.589,2073.0
1753532084461,12:14:44.461,AXS/USDT:USDT,2.586,4902.0,2.585,11707.0,2.588,945.0,2.589,2150.0
1753532084565,12:14:44.565,AXS/USDT:USDT,2.586,4902.0,2.585,11707.0,2.588,945.0,2.589,2150.0
1753532087108,12:14:47.108,AXS/USDT:USDT,2.586,4105.0,2.585,11707.0,2.588,945.0,2.589,2150.0
1753532087387,12:14:47.387,AXS/USDT:USDT,2.586,4105.0,2.585,11707.0,2.588,945.0,2.589,2150.0
1753532087655,12:14:47.655,AXS/USDT:USDT,2.586,4105.0,2.585,11707.0,2.588,945.0,2.589,2150.0
1753532089620,12:14:49.620,AXS/USDT:USDT,2.586,4902.0,2.585,11707.0,2.588,945.0,2.589,1353.0
1753532089747,12:14:49.747,AXS/USDT:USDT,2.587,945.0,2.586,4902.0,2.588,945.0,2.589,1276.0
1753532090006,12:14:50.006,AXS/USDT:USDT,2.587,945.0,2.586,4902.0,2.588,945.0,2.589,1276.0
1753532090827,12:14:50.827,AXS/USDT:USDT,2.587,945.0,2.586,4902.0,2.589,1276.0,2.59,3230.0
1753532091764,12:14:51.764,AXS/USDT:USDT,2.587,945.0,2.586,4902.0,2.588,945.0,2.589,1276.0
1753532091893,12:14:51.893,AXS/USDT:USDT,2.587,945.0,2.586,4902.0,2.588,945.0,2.589,1276.0
1753532092305,12:14:52.305,AXS/USDT:USDT,2.587,945.0,2.586,4902.0,2.588,945.0,2.589,1276.0
1753532092455,12:14:52.455,AXS/USDT:USDT,2.587,945.0,2.586,4902.0,2.588,945.0,2.589,1276.0
1753532093047,12:14:53.047,AXS/USDT:USDT,2.587,945.0,2.586,4902.0,2.588,945.0,2.589,1276.0
1753532095725,12:14:55.725,AXS/USDT:USDT,2.587,945.0,2.586,4902.0,2.589,1276.0,2.59,3230.0
1753532096542,12:14:56.542,AXS/USDT:USDT,2.587,945.0,2.586,4902.0,2.589,1276.0,2.59,3230.0
1753532096732,12:14:56.732,AXS/USDT:USDT,2.587,945.0,2.586,4902.0,2.589,1276.0,2.59,3230.0
1753532097254,12:14:57.254,AXS/USDT:USDT,2.587,945.0,2.586,4902.0,2.589,1276.0,2.59,3230.0
1753532102055,12:15:02.055,AXS/USDT:USDT,2.587,945.0,2.586,4902.0,2.589,1276.0,2.59,3230.0
1753532103086,12:15:03.086,AXS/USDT:USDT,2.587,945.0,2.586,4902.0,2.589,1276.0,2.59,3230.0
1753532103861,12:15:03.861,AXS/USDT:USDT,2.587,945.0,2.586,4902.0,2.589,1276.0,2.59,3230.0
1753532104742,12:15:04.742,AXS/USDT:USDT,2.587,945.0,2.586,4902.0,2.588,940.0,2.589,1276.0
1753532104794,12:15:04.794,AXS/USDT:USDT,2.587,945.0,2.586,4902.0,2.588,940.0,2.589,1276.0
1753532105208,12:15:05.208,AXS/USDT:USDT,2.587,945.0,2.586,4902.0,2.588,940.0,2.589,1276.0
1753532105638,12:15:05.638,AXS/USDT:USDT,2.587,945.0,2.586,4902.0,2.589,1276.0,2.59,3230.0
1753532106024,12:15:06.024,AXS/USDT:USDT,2.587,945.0,2.586,4902.0,2.589,1276.0,2.59,3230.0
1753532106438,12:15:06.438,AXS/USDT:USDT,2.587,945.0,2.586,4902.0,2.589,1276.0,2.59,3230.0
1753532114727,12:15:14.727,AXS/USDT:USDT,2.587,945.0,2.586,4902.0,2.589,1276.0,2.59,3230.0
1753532115193,12:15:15.193,AXS/USDT:USDT,2.587,945.0,2.586,4902.0,2.589,1276.0,2.59,3230.0
1753532116046,12:15:16.046,AXS/USDT:USDT,2.587,945.0,2.586,4902.0,2.589,1276.0,2.59,3230.0
1753532119846,12:15:19.846,AXS/USDT:USDT,2.587,945.0,2.586,4902.0,2.589,1276.0,2.59,3230.0
1753532120308,12:15:20.308,AXS/USDT:USDT,2.587,945.0,2.586,4902.0,2.589,1276.0,2.59,3230.0
1753532121762,12:15:21.762,AXS/USDT:USDT,2.587,945.0,2.586,4902.0,2.589,947.0,2.59,3559.0
1753532122009,12:15:22.009,AXS/USDT:USDT,2.587,945.0,2.586,4902.0,2.589,947.0,2.59,3559.0
1753532123255,12:15:23.255,AXS/USDT:USDT,2.587,945.0,2.586,4902.0,2.589,947.0,2.59,3559.0
1753532124145,12:15:24.145,AXS/USDT:USDT,2.587,945.0,2.586,4902.0,2.59,1812.0,2.591,10656.0
1753532124242,12:15:24.242,AXS/USDT:USDT,2.587,945.0,2.586,4902.0,2.59,906.0,2.591,5317.0
1753532124342,12:15:24.342,AXS/USDT:USDT,2.589,931.0,2.588,797.0,2.591,4817.0,2.592,26961.0
1753532124424,12:15:24.424,AXS/USDT:USDT,2.589,931.0,2.588,797.0,2.591,1030.0,2.592,17859.0
1753532124545,12:15:24.545,AXS/USDT:USDT,2.589,931.0,2.588,1777.0,2.591,4186.0,2.592,25266.0
1753532124646,12:15:24.646,AXS/USDT:USDT,2.589,931.0,2.588,797.0,2.591,4186.0,2.592,11709.0
1753532124723,12:15:24.723,AXS/USDT:USDT,2.589,931.0,2.588,797.0,2.591,4186.0,2.592,11709.0
1753532124799,12:15:24.799,AXS/USDT:USDT,2.589,931.0,2.588,797.0,2.591,4186.0,2.592,11709.0
1753532125134,12:15:25.134,AXS/USDT:USDT,2.589,931.0,2.588,797.0,2.59,931.0,2.591,4186.0
1753532125150,12:15:25.150,AXS/USDT:USDT,2.589,931.0,2.588,797.0,2.59,931.0,2.591,4186.0
1753532125330,12:15:25.330,AXS/USDT:USDT,2.589,931.0,2.588,4033.0,2.59,931.0,2.591,4186.0
1753532125390,12:15:25.390,AXS/USDT:USDT,2.589,931.0,2.588,4033.0,2.59,931.0,2.591,4186.0
1753532125475,12:15:25.475,AXS/USDT:USDT,2.589,931.0,2.588,4033.0,2.591,4186.0,2.592,11709.0
1753532125640,12:15:25.640,AXS/USDT:USDT,2.589,931.0,2.588,4033.0,2.59,931.0,2.591,4186.0
1753532125695,12:15:25.695,AXS/USDT:USDT,2.589,931.0,2.588,4034.0,2.59,931.0,2.591,4186.0
1753532125890,12:15:25.890,AXS/USDT:USDT,2.588,3237.0,2.587,10786.0,2.59,931.0,2.591,5060.0
1753532126136,12:15:26.136,AXS/USDT:USDT,2.588,3237.0,2.587,10786.0,2.59,931.0,2.591,5060.0
1753532126603,12:15:26.603,AXS/USDT:USDT,2.588,4168.0,2.587,10786.0,2.59,931.0,2.591,5060.0
1753532126725,12:15:26.725,AXS/USDT:USDT,2.588,932.0,2.587,10786.0,2.59,931.0,2.591,5060.0
1753532126955,12:15:26.955,AXS/USDT:USDT,2.588,932.0,2.587,10786.0,2.59,931.0,2.591,5060.0
1753532127524,12:15:27.524,AXS/USDT:USDT,2.588,932.0,2.587,10786.0,2.59,931.0,2.591,5060.0
1753532127837,12:15:27.837,AXS/USDT:USDT,2.588,932.0,2.587,10786.0,2.59,931.0,2.591,5060.0
1753532128008,12:15:28.008,AXS/USDT:USDT,2.588,932.0,2.587,10786.0,2.59,931.0,2.591,5060.0
1753532128177,12:15:28.177,AXS/USDT:USDT,2.588,932.0,2.587,10786.0,2.59,931.0,2.591,5060.0
1753532128774,12:15:28.774,AXS/USDT:USDT,2.588,932.0,2.587,10786.0,2.59,931.0,2.591,5060.0
1753532129070,12:15:29.070,AXS/USDT:USDT,2.588,932.0,2.587,10786.0,2.59,931.0,2.591,5060.0
1753532129499,12:15:29.499,AXS/USDT:USDT,2.588,932.0,2.587,10786.0,2.59,931.0,2.591,5060.0
1753532129807,12:15:29.807,AXS/USDT:USDT,2.588,932.0,2.587,10786.0,2.59,931.0,2.591,5060.0
1753532130450,12:15:30.450,AXS/USDT:USDT,2.588,932.0,2.587,10786.0,2.59,931.0,2.591,5389.0
1753532130622,12:15:30.622,AXS/USDT:USDT,2.588,932.0,2.587,10786.0,2.59,931.0,2.591,5389.0
1753532131669,12:15:31.669,AXS/USDT:USDT,2.588,932.0,2.587,10786.0,2.59,931.0,2.591,5389.0
1753532132042,12:15:32.042,AXS/USDT:USDT,2.589,931.0,2.588,932.0,2.59,931.0,2.591,2156.0
1753532132143,12:15:32.143,AXS/USDT:USDT,2.589,931.0,2.588,4965.0,2.591,953.0,2.592,10852.0
1753532132227,12:15:32.227,AXS/USDT:USDT,2.589,931.0,2.588,4965.0,2.591,953.0,2.592,10852.0
1753532132297,12:15:32.297,AXS/USDT:USDT,2.589,931.0,2.588,4965.0,2.591,1857.0,2.592,10852.0
1753532132370,12:15:32.370,AXS/USDT:USDT,2.589,931.0,2.588,4965.0,2.591,3445.0,2.592,11664.0
1753532132794,12:15:32.794,AXS/USDT:USDT,2.589,931.0,2.588,4965.0,2.591,3445.0,2.592,11664.0
1753532133012,12:15:33.012,AXS/USDT:USDT,2.589,931.0,2.588,4965.0,2.591,3445.0,2.592,11664.0
1753532133149,12:15:33.149,AXS/USDT:USDT,2.589,931.0,2.588,4965.0,2.591,3445.0,2.592,11664.0
1753532133470,12:15:33.470,AXS/USDT:USDT,2.589,931.0,2.588,4965.0,2.591,3445.0,2.592,11664.0
1753532133866,12:15:33.866,AXS/USDT:USDT,2.589,931.0,2.588,4965.0,2.591,3445.0,2.592,11664.0
1753532134198,12:15:34.198,AXS/USDT:USDT,2.589,931.0,2.588,4965.0,2.59,938.0,2.591,3445.0
1753532134270,12:15:34.270,AXS/USDT:USDT,2.589,931.0,2.588,4965.0,2.59,938.0,2.591,3445.0
1753532134370,12:15:34.370,AXS/USDT:USDT,2.589,931.0,2.588,4965.0,2.59,938.0,2.591,3445.0
1753532134504,12:15:34.504,AXS/USDT:USDT,2.589,931.0,2.588,4965.0,2.59,938.0,2.591,3445.0
1753532135841,12:15:35.841,AXS/USDT:USDT,2.589,931.0,2.588,4965.0,2.59,938.0,2.591,3445.0
1753532135989,12:15:35.989,AXS/USDT:USDT,2.589,931.0,2.588,4965.0,2.59,938.0,2.591,3445.0
1753532136144,12:15:36.144,AXS/USDT:USDT,2.589,931.0,2.588,4965.0,2.59,938.0,2.591,3445.0
1753532136530,12:15:36.530,AXS/USDT:USDT,2.589,931.0,2.588,4965.0,2.59,938.0,2.591,3445.0
1753532136943,12:15:36.943,AXS/USDT:USDT,2.588,4965.0,2.587,10786.0,2.59,938.0,2.591,3445.0
1753532137014,12:15:37.014,AXS/USDT:USDT,2.588,4965.0,2.587,11838.0,2.59,2394.0,2.591,7346.0
1753532137102,12:15:37.102,AXS/USDT:USDT,2.589,938.0,2.588,4965.0,2.59,938.0,2.591,7269.0
1753532137208,12:15:37.208,AXS/USDT:USDT,2.589,938.0,2.588,4965.0,2.59,938.0,2.591,7269.0
1753532137435,12:15:37.435,AXS/USDT:USDT,2.589,938.0,2.588,4965.0,2.59,938.0,2.591,7269.0
1753532137515,12:15:37.515,AXS/USDT:USDT,2.589,938.0,2.588,4965.0,2.59,938.0,2.591,7269.0
1753532138009,12:15:38.009,AXS/USDT:USDT,2.589,938.0,2.588,4965.0,2.59,938.0,2.591,7269.0
1753532138610,12:15:38.610,AXS/USDT:USDT,2.589,938.0,2.588,4965.0,2.59,938.0,2.591,7269.0
1753532138655,12:15:38.655,AXS/USDT:USDT,2.589,938.0,2.588,4965.0,2.59,938.0,2.591,7269.0
1753532138830,12:15:38.830,AXS/USDT:USDT,2.589,938.0,2.588,4965.0,2.59,938.0,2.591,7269.0
1753532138849,12:15:38.849,AXS/USDT:USDT,2.589,938.0,2.588,4965.0,2.59,938.0,2.591,7269.0
1753532140008,12:15:40.008,AXS/USDT:USDT,2.589,938.0,2.588,4965.0,2.59,938.0,2.591,7269.0
1753532140202,12:15:40.202,AXS/USDT:USDT,2.589,938.0,2.588,4965.0,2.59,938.0,2.591,7269.0
1753532140410,12:15:40.410,AXS/USDT:USDT,2.589,938.0,2.588,4965.0,2.59,938.0,2.591,4777.0
1753532140596,12:15:40.596,AXS/USDT:USDT,2.589,938.0,2.588,4965.0,2.59,938.0,2.591,4777.0
1753532142009,12:15:42.009,AXS/USDT:USDT,2.589,938.0,2.588,4965.0,2.59,938.0,2.591,4777.0
1753532143471,12:15:43.471,AXS/USDT:USDT,2.589,938.0,2.588,4965.0,2.59,938.0,2.591,4777.0
1753532143742,12:15:43.742,AXS/USDT:USDT,2.588,4965.0,2.587,11838.0,2.59,2371.0,2.591,4777.0
1753532143761,12:15:43.761,AXS/USDT:USDT,2.588,4965.0,2.587,11838.0,2.59,2371.0,2.591,4854.0
1753532144679,12:15:44.679,AXS/USDT:USDT,2.588,4965.0,2.587,11838.0,2.59,2371.0,2.591,4854.0
1753532144804,12:15:44.804,AXS/USDT:USDT,2.588,4965.0,2.587,11838.0,2.59,2371.0,2.591,4854.0
1753532144873,12:15:44.873,AXS/USDT:USDT,2.588,4965.0,2.587,11838.0,2.59,2371.0,2.591,4854.0
1753532145793,12:15:45.793,AXS/USDT:USDT,2.588,4965.0,2.587,11838.0,2.59,2371.0,2.591,4854.0
1753532146521,12:15:46.521,AXS/USDT:USDT,2.589,918.0,2.588,4965.0,2.59,938.0,2.591,4777.0
1753532146553,12:15:46.553,AXS/USDT:USDT,2.589,918.0,2.588,4965.0,2.59,938.0,2.591,4777.0
1753532148146,12:15:48.146,AXS/USDT:USDT,2.589,918.0,2.588,4965.0,2.591,953.0,2.592,10125.0
1753532148150,12:15:48.150,AXS/USDT:USDT,2.589,918.0,2.588,4965.0,2.591,2404.0,2.592,7392.0
1753532148258,12:15:48.258,AXS/USDT:USDT,2.589,918.0,2.588,4965.0,2.591,2404.0,2.592,7392.0
1753532148376,12:15:48.376,AXS/USDT:USDT,2.589,918.0,2.588,4965.0,2.59,918.0,2.591,2404.0
1753532148470,12:15:48.470,AXS/USDT:USDT,2.589,918.0,2.588,4965.0,2.59,918.0,2.591,4448.0
1753532149424,12:15:49.424,AXS/USDT:USDT,2.589,918.0,2.588,4965.0,2.591,4448.0,2.592,3897.0
1753532149470,12:15:49.470,AXS/USDT:USDT,2.589,918.0,2.588,4965.0,2.591,2404.0,2.592,7392.0
1753532149705,12:15:49.705,AXS/USDT:USDT,2.589,918.0,2.588,4965.0,2.591,2404.0,2.592,7392.0
1753532150922,12:15:50.922,AXS/USDT:USDT,2.589,918.0,2.588,4965.0,2.591,953.0,2.592,5502.0
1753532150954,12:15:50.954,AXS/USDT:USDT,2.589,918.0,2.588,4965.0,2.591,947.0,2.592,5508.0
1753532151074,12:15:51.074,AXS/USDT:USDT,2.589,918.0,2.588,4965.0,2.591,947.0,2.592,5508.0
1753532151210,12:15:51.210,AXS/USDT:USDT,2.59,918.0,2.589,10720.0,2.591,947.0,2.592,1752.0
1753532151325,12:15:51.325,AXS/USDT:USDT,2.59,919.0,2.589,10720.0,2.591,947.0,2.592,1752.0
1753532151445,12:15:51.445,AXS/USDT:USDT,2.59,919.0,2.589,10720.0,2.591,947.0,2.592,1752.0
1753532151511,12:15:51.511,AXS/USDT:USDT,2.59,919.0,2.589,10720.0,2.591,947.0,2.592,1752.0
1753532152009,12:15:52.009,AXS/USDT:USDT,2.59,919.0,2.589,10720.0,2.591,947.0,2.592,1752.0
1753532152140,12:15:52.140,AXS/USDT:USDT,2.59,4135.0,2.589,10720.0,2.592,1752.0,2.593,18473.0
1753532152233,12:15:52.233,AXS/USDT:USDT,2.59,4135.0,2.589,10720.0,2.592,3600.0,2.593,13410.0
1753532152670,12:15:52.670,AXS/USDT:USDT,2.59,4135.0,2.589,10720.0,2.592,940.0,2.593,6534.0
1753532152762,12:15:52.762,AXS/USDT:USDT,2.59,4135.0,2.589,10720.0,2.592,934.0,2.593,6540.0
1753532154456,12:15:54.456,AXS/USDT:USDT,2.59,4135.0,2.589,10720.0,2.592,934.0,2.593,6540.0
1753532154562,12:15:54.562,AXS/USDT:USDT,2.59,4135.0,2.589,10720.0,2.592,934.0,2.593,6540.0
1753532154725,12:15:54.725,AXS/USDT:USDT,2.59,4135.0,2.589,10720.0,2.592,934.0,2.593,6540.0
1753532155040,12:15:55.040,AXS/USDT:USDT,2.591,909.0,2.59,4932.0,2.592,934.0,2.593,5666.0
1753532155090,12:15:55.090,AXS/USDT:USDT,2.591,909.0,2.59,4932.0,2.592,934.0,2.593,5337.0
1753532155176,12:15:55.176,AXS/USDT:USDT,2.591,909.0,2.59,4932.0,2.592,934.0,2.593,6134.0
1753532155377,12:15:55.377,AXS/USDT:USDT,2.591,909.0,2.59,4932.0,2.592,934.0,2.593,6134.0
1753532155749,12:15:55.749,AXS/USDT:USDT,2.591,909.0,2.59,4932.0,2.592,934.0,2.593,6134.0
1753532155980,12:15:55.980,AXS/USDT:USDT,2.591,909.0,2.59,4932.0,2.592,934.0,2.593,6134.0
1753532156090,12:15:56.090,AXS/USDT:USDT,2.591,909.0,2.59,4932.0,2.592,934.0,2.593,6134.0
1753532156195,12:15:56.195,AXS/USDT:USDT,2.591,909.0,2.59,4932.0,2.592,934.0,2.593,6134.0
1753532156564,12:15:56.564,AXS/USDT:USDT,2.591,909.0,2.59,4932.0,2.592,934.0,2.593,6134.0
1753532156721,12:15:56.721,AXS/USDT:USDT,2.59,4932.0,2.589,11778.0,2.592,934.0,2.593,6211.0
1753532157011,12:15:57.011,AXS/USDT:USDT,2.59,4932.0,2.589,11778.0,2.592,934.0,2.593,6211.0
1753532157077,12:15:57.077,AXS/USDT:USDT,2.59,4932.0,2.589,11778.0,2.592,934.0,2.593,6211.0
1753532157424,12:15:57.424,AXS/USDT:USDT,2.59,4932.0,2.589,11778.0,2.592,934.0,2.593,6211.0
1753532157503,12:15:57.503,AXS/USDT:USDT,2.59,4932.0,2.589,11778.0,2.592,934.0,2.593,6211.0
1753532157730,12:15:57.730,AXS/USDT:USDT,2.59,4932.0,2.589,11778.0,2.592,934.0,2.593,6211.0
1753532158005,12:15:58.005,AXS/USDT:USDT,2.59,4932.0,2.589,11778.0,2.592,934.0,2.593,6211.0
1753532158772,12:15:58.772,AXS/USDT:USDT,2.59,4932.0,2.589,11778.0,2.592,934.0,2.593,6211.0
1753532159311,12:15:59.311,AXS/USDT:USDT,2.59,4932.0,2.589,11778.0,2.592,934.0,2.593,6211.0
1753532159811,12:15:59.811,AXS/USDT:USDT,2.59,4932.0,2.589,11778.0,2.592,934.0,2.593,6211.0
1753532160377,12:16:00.377,AXS/USDT:USDT,2.59,4135.0,2.589,11778.0,2.592,934.0,2.593,6211.0
1753532160878,12:16:00.878,AXS/USDT:USDT,2.59,4135.0,2.589,11778.0,2.592,934.0,2.593,6211.0
