timestamp,time,symbol,bid1_price,bid1_volume,bid2_price,bid2_volume,ask1_price,ask1_volume,ask2_price,ask2_volume
1753531536000,12:05:36.000,AAVE/USDT:USDT,295.96,17.0,295.93,94.0,296.0,80.0,296.02,98.0
1753531536192,12:05:36.192,AAVE/USDT:USDT,295.93,115.0,295.92,98.0,295.97,80.0,295.99,196.0
1753531536282,12:05:36.282,AAVE/USDT:USDT,295.91,2.0,295.89,5.0,295.92,80.0,295.95,152.0
1753531536381,12:05:36.381,AAVE/USDT:USDT,295.91,2.0,295.89,5.0,295.92,80.0,295.95,116.0
1753531536784,12:05:36.784,AAVE/USDT:USDT,295.91,2.0,295.89,5.0,295.94,80.0,295.95,36.0
1753531536882,12:05:36.882,AAVE/USDT:USDT,295.91,2.0,295.89,5.0,295.95,36.0,295.96,70.0
1753531536902,12:05:36.902,AAVE/USDT:USDT,295.91,2.0,295.89,5.0,295.95,36.0,295.96,70.0
1753531537085,12:05:37.085,AAVE/USDT:USDT,295.91,2.0,295.89,5.0,295.95,116.0,295.96,70.0
1753531537157,12:05:37.157,AAVE/USDT:USDT,295.91,2.0,295.89,5.0,295.95,116.0,295.96,70.0
1753531537205,12:05:37.205,AAVE/USDT:USDT,295.91,2.0,295.89,5.0,295.94,80.0,295.95,116.0
1753531537357,12:05:37.357,AAVE/USDT:USDT,295.91,2.0,295.89,5.0,295.94,80.0,295.95,116.0
1753531537401,12:05:37.401,AAVE/USDT:USDT,295.91,2.0,295.89,5.0,295.94,80.0,295.95,116.0
1753531537576,12:05:37.576,AAVE/USDT:USDT,295.91,2.0,295.89,5.0,295.94,80.0,295.95,116.0
1753531538206,12:05:38.206,AAVE/USDT:USDT,295.91,2.0,295.89,5.0,295.92,80.0,295.94,80.0
1753531538496,12:05:38.496,AAVE/USDT:USDT,295.91,2.0,295.89,5.0,295.92,80.0,295.94,80.0
1753531538543,12:05:38.543,AAVE/USDT:USDT,295.91,2.0,295.89,5.0,295.92,80.0,295.94,178.0
1753531538639,12:05:38.639,AAVE/USDT:USDT,295.91,2.0,295.89,5.0,295.92,80.0,295.94,178.0
1753531538982,12:05:38.982,AAVE/USDT:USDT,295.91,2.0,295.89,5.0,295.92,80.0,295.94,80.0
1753531539061,12:05:39.061,AAVE/USDT:USDT,295.91,2.0,295.89,5.0,295.92,80.0,295.94,80.0
1753531539198,12:05:39.198,AAVE/USDT:USDT,295.91,2.0,295.89,5.0,295.92,80.0,295.94,178.0
1753531539283,12:05:39.283,AAVE/USDT:USDT,295.91,2.0,295.89,5.0,295.92,80.0,295.94,178.0
1753531539713,12:05:39.713,AAVE/USDT:USDT,295.91,2.0,295.89,5.0,295.92,80.0,295.93,80.0
1753531539876,12:05:39.876,AAVE/USDT:USDT,295.91,2.0,295.89,5.0,295.92,80.0,295.93,80.0
1753531540336,12:05:40.336,AAVE/USDT:USDT,295.91,2.0,295.89,5.0,295.92,178.0,295.93,80.0
1753531540443,12:05:40.443,AAVE/USDT:USDT,295.91,2.0,295.89,5.0,295.92,80.0,295.93,80.0
1753531541541,12:05:41.541,AAVE/USDT:USDT,295.91,2.0,295.89,5.0,295.92,80.0,295.93,80.0
1753531542182,12:05:42.182,AAVE/USDT:USDT,295.92,17.0,295.91,2.0,295.95,70.0,295.96,70.0
1753531542266,12:05:42.266,AAVE/USDT:USDT,295.92,17.0,295.91,2.0,295.94,80.0,295.95,70.0
1753531542788,12:05:42.788,AAVE/USDT:USDT,295.91,2.0,295.89,5.0,295.93,80.0,295.94,80.0
1753531542897,12:05:42.897,AAVE/USDT:USDT,295.91,2.0,295.89,5.0,295.93,80.0,295.94,80.0
1753531543049,12:05:43.049,AAVE/USDT:USDT,295.91,2.0,295.89,5.0,295.94,80.0,295.95,70.0
1753531543296,12:05:43.296,AAVE/USDT:USDT,295.91,2.0,295.89,5.0,295.94,80.0,295.95,70.0
1753531543312,12:05:43.312,AAVE/USDT:USDT,295.91,2.0,295.89,5.0,295.94,80.0,295.95,70.0
1753531543442,12:05:43.442,AAVE/USDT:USDT,295.91,2.0,295.89,5.0,295.94,80.0,295.95,70.0
1753531543505,12:05:43.505,AAVE/USDT:USDT,295.91,2.0,295.89,5.0,295.93,80.0,295.94,80.0
1753531543726,12:05:43.726,AAVE/USDT:USDT,295.91,2.0,295.89,5.0,295.93,80.0,295.94,80.0
1753531544032,12:05:44.032,AAVE/USDT:USDT,295.91,2.0,295.89,5.0,295.93,80.0,295.94,80.0
1753531544560,12:05:44.560,AAVE/USDT:USDT,295.91,2.0,295.89,5.0,295.93,80.0,295.94,154.0
1753531544683,12:05:44.683,AAVE/USDT:USDT,295.91,2.0,295.89,5.0,295.94,80.0,295.95,70.0
1753531544981,12:05:44.981,AAVE/USDT:USDT,295.91,2.0,295.89,5.0,295.93,80.0,295.94,80.0
1753531545752,12:05:45.752,AAVE/USDT:USDT,295.91,2.0,295.89,5.0,295.95,168.0,295.96,70.0
1753531545859,12:05:45.859,AAVE/USDT:USDT,295.91,2.0,295.89,5.0,295.95,168.0,295.96,70.0
1753531545940,12:05:45.940,AAVE/USDT:USDT,295.91,2.0,295.89,5.0,295.95,70.0,295.96,70.0
1753531546052,12:05:46.052,AAVE/USDT:USDT,295.91,2.0,295.89,5.0,295.95,70.0,295.96,70.0
1753531546177,12:05:46.177,AAVE/USDT:USDT,295.91,2.0,295.89,5.0,295.95,70.0,295.96,70.0
1753531546428,12:05:46.428,AAVE/USDT:USDT,295.91,2.0,295.89,5.0,295.95,168.0,295.96,70.0
1753531546502,12:05:46.502,AAVE/USDT:USDT,295.91,2.0,295.89,5.0,295.95,168.0,295.96,70.0
1753531546695,12:05:46.695,AAVE/USDT:USDT,295.91,2.0,295.89,5.0,295.95,168.0,295.96,70.0
1753531546702,12:05:46.702,AAVE/USDT:USDT,295.91,2.0,295.89,5.0,295.95,168.0,295.96,70.0
1753531546803,12:05:46.803,AAVE/USDT:USDT,295.91,2.0,295.89,5.0,295.95,168.0,295.96,70.0
1753531546947,12:05:46.947,AAVE/USDT:USDT,295.91,2.0,295.89,5.0,295.95,70.0,295.96,168.0
1753531547402,12:05:47.402,AAVE/USDT:USDT,295.91,2.0,295.89,5.0,295.94,80.0,295.95,143.0
1753531547570,12:05:47.570,AAVE/USDT:USDT,295.91,2.0,295.89,5.0,295.94,80.0,295.95,143.0
1753531548413,12:05:48.413,AAVE/USDT:USDT,295.91,2.0,295.89,5.0,295.93,98.0,295.94,80.0
1753531548606,12:05:48.606,AAVE/USDT:USDT,295.91,2.0,295.89,5.0,295.93,98.0,295.94,80.0
1753531548998,12:05:48.998,AAVE/USDT:USDT,295.87,17.0,295.86,5.0,295.93,98.0,295.94,80.0
1753531549094,12:05:49.094,AAVE/USDT:USDT,295.88,17.0,295.86,5.0,295.92,84.0,295.93,98.0
1753531549105,12:05:49.105,AAVE/USDT:USDT,295.88,17.0,295.86,5.0,295.92,80.0,295.93,98.0
1753531549265,12:05:49.265,AAVE/USDT:USDT,295.88,17.0,295.86,5.0,295.92,80.0,295.93,98.0
1753531549482,12:05:49.482,AAVE/USDT:USDT,295.88,17.0,295.86,5.0,295.92,267.0,295.93,342.0
1753531549568,12:05:49.568,AAVE/USDT:USDT,295.88,17.0,295.86,5.0,295.91,98.0,295.92,267.0
1753531550161,12:05:50.161,AAVE/USDT:USDT,295.89,17.0,295.86,5.0,295.92,36.0,295.93,168.0
1753531550285,12:05:50.285,AAVE/USDT:USDT,295.89,17.0,295.86,5.0,295.92,36.0,295.93,168.0
1753531550589,12:05:50.589,AAVE/USDT:USDT,295.89,17.0,295.86,5.0,295.92,134.0,295.93,70.0
1753531551282,12:05:51.282,AAVE/USDT:USDT,295.89,17.0,295.86,5.0,295.92,134.0,295.93,70.0
1753531551503,12:05:51.503,AAVE/USDT:USDT,295.89,17.0,295.86,5.0,295.92,36.0,295.93,70.0
1753531551668,12:05:51.668,AAVE/USDT:USDT,295.89,17.0,295.86,5.0,295.92,36.0,295.93,168.0
1753531552744,12:05:52.744,AAVE/USDT:USDT,295.86,5.0,295.84,1.0,295.87,80.0,295.88,224.0
1753531552811,12:05:52.811,AAVE/USDT:USDT,295.86,5.0,295.84,1.0,295.87,80.0,295.88,224.0
1753531553484,12:05:53.484,AAVE/USDT:USDT,295.86,5.0,295.84,1.0,295.87,160.0,295.88,228.0
1753531553598,12:05:53.598,AAVE/USDT:USDT,295.8,20.0,295.78,53.0,295.81,80.0,295.82,160.0
1753531553688,12:05:53.688,AAVE/USDT:USDT,295.8,20.0,295.78,53.0,295.81,80.0,295.82,80.0
1753531553782,12:05:53.782,AAVE/USDT:USDT,295.8,20.0,295.78,53.0,295.81,80.0,295.82,80.0
1753531553867,12:05:53.867,AAVE/USDT:USDT,295.8,20.0,295.78,53.0,295.82,80.0,295.83,36.0
1753531553998,12:05:53.998,AAVE/USDT:USDT,295.8,20.0,295.78,53.0,295.82,80.0,295.83,36.0
1753531554092,12:05:54.092,AAVE/USDT:USDT,295.8,20.0,295.78,53.0,295.83,36.0,295.84,230.0
1753531554114,12:05:54.114,AAVE/USDT:USDT,295.8,20.0,295.78,151.0,295.83,38.0,295.84,230.0
1753531554698,12:05:54.698,AAVE/USDT:USDT,295.81,17.0,295.8,20.0,295.84,74.0,295.85,190.0
1753531554775,12:05:54.775,AAVE/USDT:USDT,295.81,17.0,295.8,20.0,295.84,74.0,295.85,190.0
1753531555641,12:05:55.641,AAVE/USDT:USDT,295.8,20.0,295.78,53.0,295.84,74.0,295.85,190.0
1753531555744,12:05:55.744,AAVE/USDT:USDT,295.8,20.0,295.78,53.0,295.84,74.0,295.85,190.0
1753531556053,12:05:56.053,AAVE/USDT:USDT,295.8,20.0,295.78,53.0,295.84,74.0,295.85,190.0
1753531556166,12:05:56.166,AAVE/USDT:USDT,295.8,20.0,295.78,53.0,295.84,74.0,295.85,190.0
1753531556201,12:05:56.201,AAVE/USDT:USDT,295.8,20.0,295.78,53.0,295.84,74.0,295.85,190.0
1753531556321,12:05:56.321,AAVE/USDT:USDT,295.8,20.0,295.78,53.0,295.84,74.0,295.85,89.0
1753531557377,12:05:57.377,AAVE/USDT:USDT,295.8,20.0,295.78,154.0,295.83,38.0,295.84,144.0
1753531557402,12:05:57.402,AAVE/USDT:USDT,295.8,20.0,295.78,154.0,295.83,38.0,295.84,144.0
1753531557909,12:05:57.909,AAVE/USDT:USDT,295.8,20.0,295.78,154.0,295.83,38.0,295.84,144.0
1753531558021,12:05:58.021,AAVE/USDT:USDT,295.8,20.0,295.78,154.0,295.83,38.0,295.84,144.0
1753531558197,12:05:58.197,AAVE/USDT:USDT,295.8,20.0,295.78,154.0,295.83,38.0,295.84,144.0
1753531558289,12:05:58.289,AAVE/USDT:USDT,295.8,20.0,295.78,154.0,295.83,38.0,295.84,144.0
1753531558340,12:05:58.340,AAVE/USDT:USDT,295.8,20.0,295.78,154.0,295.83,38.0,295.84,144.0
1753531558512,12:05:58.512,AAVE/USDT:USDT,295.8,20.0,295.78,154.0,295.83,38.0,295.84,144.0
1753531558601,12:05:58.601,AAVE/USDT:USDT,295.8,20.0,295.78,154.0,295.83,38.0,295.84,144.0
1753531558721,12:05:58.721,AAVE/USDT:USDT,295.8,20.0,295.78,154.0,295.83,38.0,295.84,144.0
1753531559026,12:05:59.026,AAVE/USDT:USDT,295.8,20.0,295.78,154.0,295.83,38.0,295.84,144.0
1753531559498,12:05:59.498,AAVE/USDT:USDT,295.8,20.0,295.78,154.0,295.83,38.0,295.84,144.0
1753531559620,12:05:59.620,AAVE/USDT:USDT,295.8,20.0,295.78,154.0,295.83,38.0,295.84,144.0
1753531560695,12:06:00.695,AAVE/USDT:USDT,295.82,25.0,295.8,121.0,295.83,2.0,295.87,82.0
1753531560796,12:06:00.796,AAVE/USDT:USDT,295.85,34.0,295.8,121.0,295.86,4.0,295.87,82.0
1753531560886,12:06:00.886,AAVE/USDT:USDT,295.86,17.0,295.8,222.0,295.87,82.0,295.9,194.0
1753531560995,12:06:00.995,AAVE/USDT:USDT,295.86,17.0,295.8,222.0,295.87,82.0,295.89,105.0
1753531561037,12:06:01.037,AAVE/USDT:USDT,295.86,17.0,295.8,222.0,295.87,82.0,295.89,103.0
1753531561120,12:06:01.120,AAVE/USDT:USDT,295.86,17.0,295.8,222.0,295.87,82.0,295.89,103.0
1753531561288,12:06:01.288,AAVE/USDT:USDT,295.86,17.0,295.8,222.0,295.87,82.0,295.89,175.0
1753531561370,12:06:01.370,AAVE/USDT:USDT,295.81,101.0,295.8,20.0,295.87,82.0,295.89,261.0
1753531561467,12:06:01.467,AAVE/USDT:USDT,295.81,101.0,295.8,20.0,295.87,82.0,295.89,261.0
1753531562321,12:06:02.321,AAVE/USDT:USDT,295.81,34.0,295.8,20.0,295.86,4.0,295.87,108.0
1753531562629,12:06:02.629,AAVE/USDT:USDT,295.81,34.0,295.8,20.0,295.86,4.0,295.87,108.0
1753531562748,12:06:02.748,AAVE/USDT:USDT,295.81,34.0,295.8,20.0,295.86,4.0,295.87,108.0
1753531563364,12:06:03.364,AAVE/USDT:USDT,295.83,17.0,295.82,101.0,295.86,4.0,295.87,33.0
1753531563481,12:06:03.481,AAVE/USDT:USDT,295.81,17.0,295.8,121.0,295.85,80.0,295.87,197.0
1753531563566,12:06:03.566,AAVE/USDT:USDT,295.81,17.0,295.8,121.0,295.85,80.0,295.87,193.0
1753531563674,12:06:03.674,AAVE/USDT:USDT,295.82,17.0,295.8,20.0,295.85,80.0,295.87,193.0
1753531563786,12:06:03.786,AAVE/USDT:USDT,295.82,17.0,295.8,20.0,295.85,80.0,295.87,193.0
1753531563893,12:06:03.893,AAVE/USDT:USDT,295.8,20.0,295.78,154.0,295.85,80.0,295.86,253.0
1753531563982,12:06:03.982,AAVE/USDT:USDT,295.8,20.0,295.78,154.0,295.84,2.0,295.85,156.0
1753531564072,12:06:04.072,AAVE/USDT:USDT,295.8,20.0,295.78,154.0,295.84,4.0,295.85,156.0
1753531564741,12:06:04.741,AAVE/USDT:USDT,295.82,17.0,295.8,20.0,295.86,4.0,295.87,193.0
1753531564818,12:06:04.818,AAVE/USDT:USDT,295.82,17.0,295.8,20.0,295.86,4.0,295.87,193.0
1753531565497,12:06:05.497,AAVE/USDT:USDT,295.84,17.0,295.8,20.0,295.89,103.0,295.9,194.0
1753531565588,12:06:05.588,AAVE/USDT:USDT,295.84,17.0,295.8,20.0,295.89,181.0,295.9,266.0
1753531565799,12:06:05.799,AAVE/USDT:USDT,295.81,17.0,295.8,20.0,295.86,80.0,295.87,80.0
1753531565867,12:06:05.867,AAVE/USDT:USDT,295.81,17.0,295.8,20.0,295.85,2.0,295.86,80.0
1753531565998,12:06:05.998,AAVE/USDT:USDT,295.82,25.0,295.81,34.0,295.84,179.0,295.85,169.0
1753531566088,12:06:06.088,AAVE/USDT:USDT,295.84,17.0,295.8,119.0,295.88,99.0,295.89,116.0
1753531566175,12:06:06.175,AAVE/USDT:USDT,295.84,17.0,295.8,119.0,295.88,99.0,295.89,116.0
1753531566263,12:06:06.263,AAVE/USDT:USDT,295.84,17.0,295.8,119.0,295.88,99.0,295.89,188.0
1753531566361,12:06:06.361,AAVE/USDT:USDT,295.84,17.0,295.8,119.0,295.88,99.0,295.89,188.0
1753531566896,12:06:06.896,AAVE/USDT:USDT,295.84,17.0,295.8,119.0,295.89,188.0,295.9,367.0
1753531566990,12:06:06.990,AAVE/USDT:USDT,295.8,119.0,295.78,53.0,295.86,259.0,295.87,179.0
1753531567182,12:06:07.182,AAVE/USDT:USDT,295.8,20.0,295.78,53.0,295.82,2.0,295.83,74.0
1753531567285,12:06:07.285,AAVE/USDT:USDT,295.8,20.0,295.78,53.0,295.83,80.0,295.84,146.0
1753531568806,12:06:08.806,AAVE/USDT:USDT,295.8,20.0,295.78,53.0,295.84,103.0,295.85,160.0
1753531568905,12:06:08.905,AAVE/USDT:USDT,295.8,20.0,295.78,53.0,295.84,99.0,295.85,160.0
1753531569098,12:06:09.098,AAVE/USDT:USDT,295.8,20.0,295.78,53.0,295.84,168.0,295.85,229.0
1753531569106,12:06:09.106,AAVE/USDT:USDT,295.8,20.0,295.78,53.0,295.83,99.0,295.84,69.0
1753531569274,12:06:09.274,AAVE/USDT:USDT,295.8,20.0,295.78,53.0,295.84,69.0,295.85,229.0
1753531569591,12:06:09.591,AAVE/USDT:USDT,295.82,17.0,295.8,20.0,295.85,69.0,295.86,264.0
1753531569697,12:06:09.697,AAVE/USDT:USDT,295.82,17.0,295.8,20.0,295.85,69.0,295.86,264.0
1753531569780,12:06:09.780,AAVE/USDT:USDT,295.82,17.0,295.8,20.0,295.85,69.0,295.86,264.0
1753531569824,12:06:09.824,AAVE/USDT:USDT,295.82,17.0,295.8,20.0,295.85,69.0,295.86,264.0
1753531570042,12:06:10.042,AAVE/USDT:USDT,295.82,17.0,295.8,20.0,295.85,69.0,295.86,165.0
1753531570190,12:06:10.190,AAVE/USDT:USDT,295.8,20.0,295.78,152.0,295.84,160.0,295.85,102.0
1753531571358,12:06:11.358,AAVE/USDT:USDT,295.8,20.0,295.78,152.0,295.84,4.0,295.85,78.0
1753531571553,12:06:11.553,AAVE/USDT:USDT,295.8,20.0,295.78,152.0,295.84,4.0,295.85,78.0
1753531571642,12:06:11.642,AAVE/USDT:USDT,295.8,20.0,295.78,152.0,295.84,4.0,295.85,78.0
1753531571782,12:06:11.782,AAVE/USDT:USDT,295.83,17.0,295.82,17.0,295.84,4.0,295.85,78.0
1753531571828,12:06:11.828,AAVE/USDT:USDT,295.83,17.0,295.8,20.0,295.85,78.0,295.86,95.0
1753531571977,12:06:11.977,AAVE/USDT:USDT,295.83,17.0,295.8,20.0,295.85,78.0,295.86,95.0
1753531572096,12:06:12.096,AAVE/USDT:USDT,295.83,17.0,295.8,20.0,295.85,78.0,295.86,95.0
1753531572102,12:06:12.102,AAVE/USDT:USDT,295.83,17.0,295.8,20.0,295.85,78.0,295.86,95.0
1753531572266,12:06:12.266,AAVE/USDT:USDT,295.83,17.0,295.8,20.0,295.85,78.0,295.86,95.0
1753531572491,12:06:12.491,AAVE/USDT:USDT,295.83,9.0,295.8,20.0,295.85,9.0,295.88,161.0
1753531572581,12:06:12.581,AAVE/USDT:USDT,295.84,17.0,295.82,99.0,295.85,9.0,295.87,4.0
1753531573181,12:06:13.181,AAVE/USDT:USDT,295.84,17.0,295.8,119.0,295.85,9.0,295.86,2.0
1753531573218,12:06:13.218,AAVE/USDT:USDT,295.84,17.0,295.8,119.0,295.85,9.0,295.86,2.0
1753531573765,12:06:13.765,AAVE/USDT:USDT,295.84,34.0,295.8,119.0,295.85,9.0,295.86,2.0
1753531573898,12:06:13.898,AAVE/USDT:USDT,295.84,17.0,295.8,119.0,295.85,9.0,295.86,2.0
1753531573921,12:06:13.921,AAVE/USDT:USDT,295.84,17.0,295.8,119.0,295.85,9.0,295.86,2.0
1753531574022,12:06:14.022,AAVE/USDT:USDT,295.84,17.0,295.8,119.0,295.85,9.0,295.86,2.0
1753531574298,12:06:14.298,AAVE/USDT:USDT,295.8,119.0,295.79,200.0,295.85,9.0,295.86,2.0
1753531575361,12:06:15.361,AAVE/USDT:USDT,295.8,121.0,295.78,152.0,295.85,9.0,295.86,4.0
1753531575465,12:06:15.465,AAVE/USDT:USDT,295.8,121.0,295.78,152.0,295.85,9.0,295.86,4.0
1753531575796,12:06:15.796,AAVE/USDT:USDT,295.81,101.0,295.8,28.0,295.85,9.0,295.86,4.0
1753531575895,12:06:15.895,AAVE/USDT:USDT,295.84,17.0,295.81,101.0,295.85,9.0,295.86,4.0
1753531575962,12:06:15.962,AAVE/USDT:USDT,295.84,17.0,295.81,101.0,295.85,9.0,295.89,4.0
1753531576070,12:06:16.070,AAVE/USDT:USDT,295.84,17.0,295.81,101.0,295.85,9.0,295.89,4.0
1753531576154,12:06:16.154,AAVE/USDT:USDT,295.84,17.0,295.81,101.0,295.85,9.0,295.89,4.0
1753531576297,12:06:16.297,AAVE/USDT:USDT,295.81,101.0,295.8,20.0,295.85,9.0,295.87,69.0
1753531577010,12:06:17.010,AAVE/USDT:USDT,295.81,101.0,295.8,20.0,295.85,9.0,295.86,4.0
1753531577381,12:06:17.381,AAVE/USDT:USDT,295.84,34.0,295.81,101.0,295.85,9.0,295.86,4.0
1753531577455,12:06:17.455,AAVE/USDT:USDT,295.84,34.0,295.81,101.0,295.85,9.0,295.86,2.0
1753531577585,12:06:17.585,AAVE/USDT:USDT,295.84,34.0,295.81,101.0,295.85,9.0,295.86,2.0
1753531577679,12:06:17.679,AAVE/USDT:USDT,295.84,34.0,295.81,101.0,295.85,9.0,295.86,2.0
1753531577800,12:06:17.800,AAVE/USDT:USDT,295.81,101.0,295.8,20.0,295.85,9.0,295.86,2.0
1753531578022,12:06:18.022,AAVE/USDT:USDT,295.8,20.0,295.78,152.0,295.85,9.0,295.86,4.0
1753531578132,12:06:18.132,AAVE/USDT:USDT,295.8,20.0,295.78,152.0,295.85,9.0,295.86,4.0
1753531578699,12:06:18.699,AAVE/USDT:USDT,295.8,20.0,295.78,53.0,295.85,110.0,295.86,4.0
1753531578999,12:06:18.999,AAVE/USDT:USDT,295.83,17.0,295.8,20.0,295.85,9.0,295.86,4.0
1753531579046,12:06:19.046,AAVE/USDT:USDT,295.83,17.0,295.8,20.0,295.84,2.0,295.85,9.0
1753531579190,12:06:19.190,AAVE/USDT:USDT,295.83,17.0,295.8,20.0,295.85,9.0,295.86,4.0
1753531579599,12:06:19.599,AAVE/USDT:USDT,295.83,17.0,295.8,20.0,295.85,9.0,295.86,4.0
1753531579793,12:06:19.793,AAVE/USDT:USDT,295.83,17.0,295.8,20.0,295.85,9.0,295.86,4.0
1753531580096,12:06:20.096,AAVE/USDT:USDT,295.83,17.0,295.8,121.0,295.85,9.0,295.86,4.0
1753531580101,12:06:20.101,AAVE/USDT:USDT,295.83,17.0,295.8,121.0,295.85,9.0,295.86,4.0
1753531580212,12:06:20.212,AAVE/USDT:USDT,295.83,17.0,295.8,121.0,295.85,9.0,295.86,4.0
1753531580699,12:06:20.699,AAVE/USDT:USDT,295.83,17.0,295.8,121.0,295.85,9.0,295.86,4.0
1753531580850,12:06:20.850,AAVE/USDT:USDT,295.83,17.0,295.8,121.0,295.85,9.0,295.86,4.0
1753531581485,12:06:21.485,AAVE/USDT:USDT,295.83,17.0,295.8,20.0,295.85,9.0,295.86,4.0
1753531581678,12:06:21.678,AAVE/USDT:USDT,295.83,17.0,295.8,20.0,295.85,9.0,295.86,4.0
1753531581857,12:06:21.857,AAVE/USDT:USDT,295.83,17.0,295.8,20.0,295.85,110.0,295.86,4.0
1753531581905,12:06:21.905,AAVE/USDT:USDT,295.83,17.0,295.8,20.0,295.85,110.0,295.87,170.0
1753531582097,12:06:22.097,AAVE/USDT:USDT,295.8,20.0,295.78,53.0,295.84,160.0,295.85,110.0
1753531582194,12:06:22.194,AAVE/USDT:USDT,295.8,12.0,295.78,53.0,295.81,160.0,295.83,174.0
1753531582289,12:06:22.289,AAVE/USDT:USDT,295.8,12.0,295.78,53.0,295.81,80.0,295.82,2.0
1753531582344,12:06:22.344,AAVE/USDT:USDT,295.8,12.0,295.78,53.0,295.82,2.0,295.83,174.0
1753531582898,12:06:22.898,AAVE/USDT:USDT,295.8,12.0,295.78,53.0,295.82,80.0,295.83,174.0
1753531582899,12:06:22.899,AAVE/USDT:USDT,295.8,12.0,295.78,53.0,295.82,80.0,295.83,174.0
1753531583196,12:06:23.196,AAVE/USDT:USDT,295.8,12.0,295.78,53.0,295.82,80.0,295.83,174.0
1753531583216,12:06:23.216,AAVE/USDT:USDT,295.8,12.0,295.78,53.0,295.82,80.0,295.83,174.0
1753531583327,12:06:23.327,AAVE/USDT:USDT,295.8,12.0,295.78,53.0,295.82,80.0,295.83,174.0
1753531583499,12:06:23.499,AAVE/USDT:USDT,295.8,12.0,295.78,53.0,295.83,174.0,295.84,415.0
1753531583698,12:06:23.698,AAVE/USDT:USDT,295.8,12.0,295.78,53.0,295.83,80.0,295.84,160.0
1753531583784,12:06:23.784,AAVE/USDT:USDT,295.8,12.0,295.78,53.0,295.83,80.0,295.84,80.0
1753531584373,12:06:24.373,AAVE/USDT:USDT,295.8,12.0,295.78,53.0,295.83,80.0,295.84,80.0
1753531584422,12:06:24.422,AAVE/USDT:USDT,295.8,12.0,295.78,53.0,295.83,80.0,295.84,80.0
1753531584598,12:06:24.598,AAVE/USDT:USDT,295.8,12.0,295.78,53.0,295.83,80.0,295.84,80.0
1753531585687,12:06:25.687,AAVE/USDT:USDT,295.8,12.0,295.78,53.0,295.83,69.0,295.84,175.0
1753531585819,12:06:25.819,AAVE/USDT:USDT,295.8,12.0,295.78,53.0,295.83,69.0,295.84,175.0
1753531586391,12:06:26.391,AAVE/USDT:USDT,295.8,12.0,295.78,53.0,295.83,69.0,295.84,175.0
1753531586743,12:06:26.743,AAVE/USDT:USDT,295.8,12.0,295.78,53.0,295.83,69.0,295.84,175.0
1753531586856,12:06:26.856,AAVE/USDT:USDT,295.8,12.0,295.78,53.0,295.83,167.0,295.84,175.0
1753531586913,12:06:26.913,AAVE/USDT:USDT,295.8,12.0,295.78,53.0,295.82,98.0,295.83,167.0
1753531587064,12:06:27.064,AAVE/USDT:USDT,295.8,12.0,295.78,53.0,295.82,98.0,295.83,69.0
1753531587201,12:06:27.201,AAVE/USDT:USDT,295.8,12.0,295.78,53.0,295.82,98.0,295.83,69.0
1753531587525,12:06:27.525,AAVE/USDT:USDT,295.8,12.0,295.78,53.0,295.83,69.0,295.84,175.0
1753531587615,12:06:27.615,AAVE/USDT:USDT,295.8,12.0,295.78,53.0,295.83,69.0,295.84,175.0
1753531588031,12:06:28.031,AAVE/USDT:USDT,295.8,12.0,295.78,53.0,295.84,80.0,295.85,110.0
1753531588198,12:06:28.198,AAVE/USDT:USDT,295.8,12.0,295.78,53.0,295.82,160.0,295.83,183.0
1753531588689,12:06:28.689,AAVE/USDT:USDT,295.8,12.0,295.78,53.0,295.82,178.0,295.83,183.0
1753531588737,12:06:28.737,AAVE/USDT:USDT,295.8,12.0,295.78,53.0,295.82,94.0,295.83,113.0
1753531588847,12:06:28.847,AAVE/USDT:USDT,295.8,12.0,295.78,53.0,295.81,80.0,295.82,94.0
1753531588996,12:06:28.996,AAVE/USDT:USDT,295.8,12.0,295.78,53.0,295.81,80.0,295.82,94.0
1753531589001,12:06:29.001,AAVE/USDT:USDT,295.8,12.0,295.78,53.0,295.81,80.0,295.82,94.0
1753531589269,12:06:29.269,AAVE/USDT:USDT,295.8,12.0,295.78,53.0,295.81,80.0,295.82,94.0
1753531589396,12:06:29.396,AAVE/USDT:USDT,295.8,12.0,295.78,53.0,295.83,113.0,295.84,219.0
1753531590098,12:06:30.098,AAVE/USDT:USDT,295.8,12.0,295.78,53.0,295.81,178.0,295.83,112.0
1753531590197,12:06:30.197,AAVE/USDT:USDT,295.8,12.0,295.78,53.0,295.81,80.0,295.82,2.0
1753531591185,12:06:31.185,AAVE/USDT:USDT,295.8,12.0,295.78,53.0,295.81,178.0,295.82,2.0
1753531591296,12:06:31.296,AAVE/USDT:USDT,295.77,12.0,295.75,10.0,295.78,80.0,295.79,98.0
1753531591387,12:06:31.387,AAVE/USDT:USDT,295.77,12.0,295.75,10.0,295.78,80.0,295.79,98.0
1753531591441,12:06:31.441,AAVE/USDT:USDT,295.77,12.0,295.75,10.0,295.78,80.0,295.79,98.0
1753531591662,12:06:31.662,AAVE/USDT:USDT,295.77,12.0,295.75,10.0,295.78,80.0,295.79,98.0
1753531591776,12:06:31.776,AAVE/USDT:USDT,295.77,12.0,295.75,10.0,295.78,80.0,295.79,98.0
1753531591839,12:06:31.839,AAVE/USDT:USDT,295.77,12.0,295.75,10.0,295.78,80.0,295.8,80.0
1753531591950,12:06:31.950,AAVE/USDT:USDT,295.77,12.0,295.75,10.0,295.78,80.0,295.79,2.0
1753531592009,12:06:32.009,AAVE/USDT:USDT,295.77,12.0,295.75,10.0,295.78,80.0,295.79,2.0
1753531592102,12:06:32.102,AAVE/USDT:USDT,295.77,12.0,295.75,10.0,295.78,80.0,295.79,2.0
1753531593099,12:06:33.099,AAVE/USDT:USDT,295.77,12.0,295.75,10.0,295.78,80.0,295.79,152.0
1753531593105,12:06:33.105,AAVE/USDT:USDT,295.77,12.0,295.75,10.0,295.78,80.0,295.79,150.0
1753531593245,12:06:33.245,AAVE/USDT:USDT,295.77,12.0,295.75,10.0,295.78,80.0,295.79,150.0
1753531593394,12:06:33.394,AAVE/USDT:USDT,295.77,12.0,295.75,10.0,295.78,178.0,295.79,150.0
1753531593682,12:06:33.682,AAVE/USDT:USDT,295.77,12.0,295.75,10.0,295.78,178.0,295.79,150.0
1753531593772,12:06:33.772,AAVE/USDT:USDT,295.77,12.0,295.75,10.0,295.78,178.0,295.79,150.0
1753531593816,12:06:33.816,AAVE/USDT:USDT,295.77,12.0,295.75,10.0,295.78,178.0,295.79,150.0
1753531594093,12:06:34.093,AAVE/USDT:USDT,295.77,12.0,295.75,10.0,295.78,80.0,295.79,83.0
1753531596161,12:06:36.161,AAVE/USDT:USDT,295.77,6.0,295.75,10.0,295.78,112.0,295.79,178.0
1753531596203,12:06:36.203,AAVE/USDT:USDT,295.77,6.0,295.75,10.0,295.78,112.0,295.79,178.0
1753531596607,12:06:36.607,AAVE/USDT:USDT,295.77,6.0,295.75,10.0,295.78,112.0,295.79,178.0
1753531596861,12:06:36.861,AAVE/USDT:USDT,295.77,6.0,295.75,10.0,295.78,112.0,295.79,178.0
1753531597296,12:06:37.296,AAVE/USDT:USDT,295.77,6.0,295.75,10.0,295.78,112.0,295.79,178.0
1753531597901,12:06:37.901,AAVE/USDT:USDT,295.77,6.0,295.75,10.0,295.78,112.0,295.79,178.0
1753531598022,12:06:38.022,AAVE/USDT:USDT,295.77,6.0,295.75,10.0,295.78,112.0,295.79,178.0
1753531598232,12:06:38.232,AAVE/USDT:USDT,295.77,6.0,295.75,10.0,295.78,112.0,295.79,178.0
1753531598580,12:06:38.580,AAVE/USDT:USDT,295.77,6.0,295.75,10.0,295.78,130.0,295.79,80.0
1753531598806,12:06:38.806,AAVE/USDT:USDT,295.77,6.0,295.75,10.0,295.78,130.0,295.79,80.0
1753531599606,12:06:39.606,AAVE/USDT:USDT,295.77,6.0,295.75,10.0,295.78,130.0,295.79,80.0
1753531599988,12:06:39.988,AAVE/USDT:USDT,295.77,6.0,295.75,10.0,295.79,178.0,295.81,106.0
1753531600053,12:06:40.053,AAVE/USDT:USDT,295.77,6.0,295.75,10.0,295.78,258.0,295.79,80.0
1753531600193,12:06:40.193,AAVE/USDT:USDT,295.77,14.0,295.76,46.0,295.83,98.0,295.85,107.0
1753531600298,12:06:40.298,AAVE/USDT:USDT,295.78,264.0,295.77,18.0,295.82,4.0,295.85,107.0
1753531600842,12:06:40.842,AAVE/USDT:USDT,295.8,246.0,295.77,6.0,295.83,112.0,295.85,107.0
1753531600975,12:06:40.975,AAVE/USDT:USDT,295.82,246.0,295.78,98.0,295.85,9.0,295.87,195.0
1753531601582,12:06:41.582,AAVE/USDT:USDT,295.82,229.0,295.78,98.0,295.85,107.0,295.86,4.0
1753531601645,12:06:41.645,AAVE/USDT:USDT,295.82,229.0,295.78,98.0,295.85,107.0,295.87,195.0
1753531601757,12:06:41.757,AAVE/USDT:USDT,295.82,229.0,295.78,168.0,295.85,107.0,295.87,195.0
1753531601881,12:06:41.881,AAVE/USDT:USDT,295.82,229.0,295.78,168.0,295.85,107.0,295.87,195.0
1753531601986,12:06:41.986,AAVE/USDT:USDT,295.82,229.0,295.78,70.0,295.84,80.0,295.85,107.0
1753531602042,12:06:42.042,AAVE/USDT:USDT,295.82,229.0,295.77,6.0,295.84,80.0,295.85,107.0
1753531602191,12:06:42.191,AAVE/USDT:USDT,295.82,229.0,295.77,6.0,295.84,431.0,295.85,76.0
1753531602296,12:06:42.296,AAVE/USDT:USDT,295.78,17.0,295.77,6.0,295.81,80.0,295.82,205.0
1753531602397,12:06:42.397,AAVE/USDT:USDT,295.8,34.0,295.77,6.0,295.81,2.0,295.83,81.0
1753531602471,12:06:42.471,AAVE/USDT:USDT,295.8,34.0,295.77,6.0,295.83,85.0,295.84,271.0
1753531602513,12:06:42.513,AAVE/USDT:USDT,295.8,34.0,295.77,6.0,295.83,83.0,295.84,271.0
1753531603738,12:06:43.738,AAVE/USDT:USDT,295.81,17.0,295.77,6.0,295.84,173.0,295.85,174.0
1753531603982,12:06:43.982,AAVE/USDT:USDT,295.77,6.0,295.75,10.0,295.8,178.0,295.83,160.0
1753531604085,12:06:44.085,AAVE/USDT:USDT,295.77,6.0,295.75,10.0,295.8,80.0,295.82,98.0
1753531604170,12:06:44.170,AAVE/USDT:USDT,295.77,6.0,295.75,10.0,295.8,80.0,295.81,4.0
1753531604281,12:06:44.281,AAVE/USDT:USDT,295.77,6.0,295.75,10.0,295.78,80.0,295.79,98.0
1753531604387,12:06:44.387,AAVE/USDT:USDT,295.77,6.0,295.75,10.0,295.78,180.0,295.79,98.0
1753531604481,12:06:44.481,AAVE/USDT:USDT,295.77,6.0,295.75,10.0,295.78,180.0,295.79,98.0
1753531604539,12:06:44.539,AAVE/USDT:USDT,295.77,6.0,295.75,10.0,295.78,180.0,295.8,67.0
1753531604608,12:06:44.608,AAVE/USDT:USDT,295.77,6.0,295.75,10.0,295.78,180.0,295.8,67.0
1753531604797,12:06:44.797,AAVE/USDT:USDT,295.77,6.0,295.75,10.0,295.78,180.0,295.8,67.0
1753531604815,12:06:44.815,AAVE/USDT:USDT,295.77,6.0,295.75,10.0,295.78,180.0,295.8,67.0
1753531605609,12:06:45.609,AAVE/USDT:USDT,295.77,6.0,295.75,10.0,295.78,180.0,295.8,67.0
1753531605828,12:06:45.828,AAVE/USDT:USDT,295.77,6.0,295.75,10.0,295.78,180.0,295.8,67.0
1753531606041,12:06:46.041,AAVE/USDT:USDT,295.77,6.0,295.75,10.0,295.78,180.0,295.8,67.0
1753531606149,12:06:46.149,AAVE/USDT:USDT,295.77,6.0,295.75,10.0,295.78,100.0,295.8,67.0
1753531606260,12:06:46.260,AAVE/USDT:USDT,295.77,6.0,295.75,10.0,295.78,100.0,295.8,67.0
1753531606499,12:06:46.499,AAVE/USDT:USDT,295.78,17.0,295.77,6.0,295.8,100.0,295.81,104.0
1753531606599,12:06:46.599,AAVE/USDT:USDT,295.78,17.0,295.77,6.0,295.8,100.0,295.81,100.0
1753531606645,12:06:46.645,AAVE/USDT:USDT,295.78,17.0,295.77,6.0,295.8,100.0,295.83,160.0
1753531608641,12:06:48.641,AAVE/USDT:USDT,295.79,17.0,295.77,6.0,295.8,132.0,295.81,71.0
1753531608705,12:06:48.705,AAVE/USDT:USDT,295.79,17.0,295.77,6.0,295.8,132.0,295.81,71.0
1753531609082,12:06:49.082,AAVE/USDT:USDT,295.79,17.0,295.77,6.0,295.8,100.0,295.81,4.0
1753531609661,12:06:49.661,AAVE/USDT:USDT,295.73,17.0,295.69,349.0,295.77,100.0,295.79,4.0
1753531609721,12:06:49.721,AAVE/USDT:USDT,295.73,17.0,295.69,349.0,295.77,100.0,295.79,4.0
1753531609983,12:06:49.983,AAVE/USDT:USDT,295.73,17.0,295.69,349.0,295.77,100.0,295.79,4.0
1753531610273,12:06:50.273,AAVE/USDT:USDT,295.78,17.0,295.74,17.0,295.79,4.0,295.81,100.0
1753531610741,12:06:50.741,AAVE/USDT:USDT,295.78,17.0,295.74,17.0,295.81,100.0,295.82,4.0
1753531610861,12:06:50.861,AAVE/USDT:USDT,295.78,17.0,295.74,17.0,295.81,100.0,295.82,4.0
1753531610961,12:06:50.961,AAVE/USDT:USDT,295.78,17.0,295.74,17.0,295.81,100.0,295.82,4.0
1753531611698,12:06:51.698,AAVE/USDT:USDT,295.78,17.0,295.74,17.0,295.81,100.0,295.82,4.0
1753531612298,12:06:52.298,AAVE/USDT:USDT,295.78,17.0,295.74,17.0,295.81,99.0,295.82,4.0
1753531612328,12:06:52.328,AAVE/USDT:USDT,295.78,17.0,295.74,17.0,295.81,99.0,295.82,4.0
1753531612402,12:06:52.402,AAVE/USDT:USDT,295.78,17.0,295.74,17.0,295.81,99.0,295.82,4.0
1753531612892,12:06:52.892,AAVE/USDT:USDT,295.74,17.0,295.72,182.0,295.81,99.0,295.82,4.0
1753531613301,12:06:53.301,AAVE/USDT:USDT,295.77,34.0,295.74,100.0,295.82,104.0,295.83,80.0
1753531613554,12:06:53.554,AAVE/USDT:USDT,295.77,34.0,295.72,382.0,295.82,104.0,295.83,80.0
1753531613692,12:06:53.692,AAVE/USDT:USDT,295.78,17.0,295.72,300.0,295.81,180.0,295.82,104.0
1753531613765,12:06:53.765,AAVE/USDT:USDT,295.78,17.0,295.72,300.0,295.81,180.0,295.83,80.0
1753531613838,12:06:53.838,AAVE/USDT:USDT,295.78,17.0,295.72,300.0,295.81,180.0,295.83,80.0
1753531614618,12:06:54.618,AAVE/USDT:USDT,295.78,17.0,295.73,200.0,295.81,180.0,295.83,80.0
1753531614799,12:06:54.799,AAVE/USDT:USDT,295.73,100.0,295.72,100.0,295.81,180.0,295.83,80.0
1753531614890,12:06:54.890,AAVE/USDT:USDT,295.78,17.0,295.72,200.0,295.8,4.0,295.81,180.0
1753531614962,12:06:54.962,AAVE/USDT:USDT,295.78,17.0,295.72,300.0,295.8,2.0,295.81,180.0
1753531615083,12:06:55.083,AAVE/USDT:USDT,295.78,17.0,295.72,300.0,295.8,2.0,295.81,180.0
1753531615341,12:06:55.341,AAVE/USDT:USDT,295.78,17.0,295.72,300.0,295.81,80.0,295.82,99.0
1753531615405,12:06:55.405,AAVE/USDT:USDT,295.78,17.0,295.72,300.0,295.81,82.0,295.82,99.0
1753531615736,12:06:55.736,AAVE/USDT:USDT,295.78,17.0,295.72,300.0,295.81,82.0,295.82,99.0
1753531616155,12:06:56.155,AAVE/USDT:USDT,295.78,17.0,295.72,300.0,295.81,82.0,295.83,80.0
1753531616260,12:06:56.260,AAVE/USDT:USDT,295.78,17.0,295.72,300.0,295.81,80.0,295.83,183.0
1753531616841,12:06:56.841,AAVE/USDT:USDT,295.78,17.0,295.72,300.0,295.81,80.0,295.83,183.0
1753531617098,12:06:57.098,AAVE/USDT:USDT,295.78,17.0,295.72,300.0,295.81,80.0,295.83,183.0
1753531617100,12:06:57.100,AAVE/USDT:USDT,295.78,17.0,295.72,300.0,295.81,80.0,295.83,183.0
1753531617388,12:06:57.388,AAVE/USDT:USDT,295.73,134.0,295.72,100.0,295.81,179.0,295.83,183.0
1753531617471,12:06:57.471,AAVE/USDT:USDT,295.78,17.0,295.73,99.0,295.8,4.0,295.81,179.0
1753531617524,12:06:57.524,AAVE/USDT:USDT,295.78,17.0,295.73,99.0,295.8,2.0,295.81,179.0
1753531617619,12:06:57.619,AAVE/USDT:USDT,295.78,17.0,295.73,99.0,295.8,2.0,295.81,179.0
1753531618055,12:06:58.055,AAVE/USDT:USDT,295.78,17.0,295.73,99.0,295.8,2.0,295.81,179.0
1753531618294,12:06:58.294,AAVE/USDT:USDT,295.78,17.0,295.73,99.0,295.8,2.0,295.81,80.0
1753531618561,12:06:58.561,AAVE/USDT:USDT,295.79,17.0,295.73,299.0,295.82,80.0,295.83,261.0
1753531618637,12:06:58.637,AAVE/USDT:USDT,295.79,17.0,295.73,299.0,295.82,80.0,295.83,261.0
1753531619181,12:06:59.181,AAVE/USDT:USDT,295.78,17.0,295.74,17.0,295.81,80.0,295.82,82.0
1753531619210,12:06:59.210,AAVE/USDT:USDT,295.78,17.0,295.74,17.0,295.81,80.0,295.82,82.0
1753531619390,12:06:59.390,AAVE/USDT:USDT,295.78,17.0,295.74,17.0,295.82,82.0,295.83,179.0
1753531619490,12:06:59.490,AAVE/USDT:USDT,295.78,17.0,295.74,17.0,295.82,4.0,295.83,179.0
1753531621551,12:07:01.551,AAVE/USDT:USDT,295.78,17.0,295.74,17.0,295.82,181.0,295.83,223.0
1753531621699,12:07:01.699,AAVE/USDT:USDT,295.72,17.0,295.7,116.0,295.79,160.0,295.8,463.0
1753531621787,12:07:01.787,AAVE/USDT:USDT,295.74,17.0,295.7,99.0,295.79,175.0,295.8,303.0
1753531621898,12:07:01.898,AAVE/USDT:USDT,295.74,17.0,295.7,99.0,295.79,95.0,295.8,303.0
1753531621990,12:07:01.990,AAVE/USDT:USDT,295.74,17.0,295.7,99.0,295.79,95.0,295.8,233.0
1753531622122,12:07:02.122,AAVE/USDT:USDT,295.74,17.0,295.7,99.0,295.79,95.0,295.8,233.0
1753531622398,12:07:02.398,AAVE/USDT:USDT,295.71,17.0,295.69,99.0,295.76,80.0,295.77,131.0
1753531622496,12:07:02.496,AAVE/USDT:USDT,295.74,17.0,295.69,99.0,295.75,80.0,295.76,84.0
1753531622596,12:07:02.596,AAVE/USDT:USDT,295.67,180.0,295.66,83.0,295.75,80.0,295.76,82.0
1753531623267,12:07:03.267,AAVE/USDT:USDT,295.68,25.0,295.66,100.0,295.75,168.0,295.76,145.0
1753531623375,12:07:03.375,AAVE/USDT:USDT,295.68,124.0,295.66,100.0,295.75,168.0,295.76,145.0
1753531624098,12:07:04.098,AAVE/USDT:USDT,295.69,17.0,295.66,100.0,295.72,80.0,295.73,68.0
1753531624181,12:07:04.181,AAVE/USDT:USDT,295.69,17.0,295.66,100.0,295.71,80.0,295.73,72.0
1753531624241,12:07:04.241,AAVE/USDT:USDT,295.69,17.0,295.66,100.0,295.73,4.0,295.74,258.0
1753531624378,12:07:04.378,AAVE/USDT:USDT,295.69,17.0,295.66,100.0,295.73,4.0,295.74,258.0
1753531624402,12:07:04.402,AAVE/USDT:USDT,295.69,17.0,295.66,100.0,295.73,4.0,295.74,258.0
1753531624598,12:07:04.598,AAVE/USDT:USDT,295.66,1.0,295.64,5.0,295.7,80.0,295.71,219.0
1753531624692,12:07:04.692,AAVE/USDT:USDT,295.66,1.0,295.64,5.0,295.7,84.0,295.71,70.0
1753531624781,12:07:04.781,AAVE/USDT:USDT,295.66,1.0,295.64,5.0,295.7,80.0,295.71,74.0
1753531624842,12:07:04.842,AAVE/USDT:USDT,295.66,1.0,295.64,5.0,295.7,80.0,295.71,74.0
1753531625390,12:07:05.390,AAVE/USDT:USDT,295.67,17.0,295.66,102.0,295.72,4.0,295.73,80.0
1753531625464,12:07:05.464,AAVE/USDT:USDT,295.68,17.0,295.66,102.0,295.73,105.0,295.74,222.0
1753531626082,12:07:06.082,AAVE/USDT:USDT,295.66,1.0,295.64,5.0,295.67,230.0,295.68,163.0
1753531626190,12:07:06.190,AAVE/USDT:USDT,295.66,1.0,295.64,5.0,295.67,230.0,295.68,165.0
1753531626261,12:07:06.261,AAVE/USDT:USDT,295.66,1.0,295.64,5.0,295.67,230.0,295.68,165.0
1753531626365,12:07:06.365,AAVE/USDT:USDT,295.66,1.0,295.64,5.0,295.67,80.0,295.68,165.0
1753531626485,12:07:06.485,AAVE/USDT:USDT,295.66,1.0,295.64,5.0,295.67,80.0,295.68,165.0
1753531626595,12:07:06.595,AAVE/USDT:USDT,295.66,1.0,295.64,5.0,295.68,165.0,295.69,271.0
1753531626699,12:07:06.699,AAVE/USDT:USDT,295.66,1.0,295.64,5.0,295.68,163.0,295.69,271.0
1753531626779,12:07:06.779,AAVE/USDT:USDT,295.66,1.0,295.64,5.0,295.68,163.0,295.69,271.0
1753531626855,12:07:06.855,AAVE/USDT:USDT,295.66,1.0,295.64,5.0,295.68,163.0,295.69,271.0
1753531627295,12:07:07.295,AAVE/USDT:USDT,295.67,17.0,295.66,1.0,295.7,165.0,295.71,544.0
1753531627397,12:07:07.397,AAVE/USDT:USDT,295.67,17.0,295.66,1.0,295.7,165.0,295.71,544.0
1753531627484,12:07:07.484,AAVE/USDT:USDT,295.67,17.0,295.66,1.0,295.7,165.0,295.71,544.0
1753531627577,12:07:07.577,AAVE/USDT:USDT,295.67,17.0,295.66,1.0,295.7,165.0,295.71,544.0
1753531627646,12:07:07.646,AAVE/USDT:USDT,295.67,17.0,295.66,1.0,295.7,165.0,295.71,544.0
1753531628081,12:07:08.081,AAVE/USDT:USDT,295.67,17.0,295.66,1.0,295.7,165.0,295.71,544.0
1753531628134,12:07:08.134,AAVE/USDT:USDT,295.67,17.0,295.66,1.0,295.7,165.0,295.71,544.0
1753531628282,12:07:08.282,AAVE/USDT:USDT,295.69,17.0,295.66,1.0,295.7,2.0,295.73,101.0
1753531628384,12:07:08.384,AAVE/USDT:USDT,295.66,1.0,295.64,5.0,295.73,136.0,295.74,133.0
1753531628480,12:07:08.480,AAVE/USDT:USDT,295.66,1.0,295.64,5.0,295.73,172.0,295.74,206.0
1753531628501,12:07:08.501,AAVE/USDT:USDT,295.66,1.0,295.64,5.0,295.73,172.0,295.74,206.0
1753531628697,12:07:08.697,AAVE/USDT:USDT,295.66,1.0,295.64,5.0,295.7,69.0,295.71,238.0
1753531628777,12:07:08.777,AAVE/USDT:USDT,295.66,1.0,295.64,5.0,295.7,174.0,295.71,238.0
1753531628896,12:07:08.896,AAVE/USDT:USDT,295.66,1.0,295.64,5.0,295.7,172.0,295.71,238.0
1753531628969,12:07:08.969,AAVE/USDT:USDT,295.66,1.0,295.64,5.0,295.7,172.0,295.71,332.0
1753531629002,12:07:09.002,AAVE/USDT:USDT,295.66,1.0,295.64,5.0,295.7,172.0,295.71,332.0
1753531629381,12:07:09.381,AAVE/USDT:USDT,295.66,1.0,295.64,5.0,295.69,80.0,295.7,172.0
1753531629482,12:07:09.482,AAVE/USDT:USDT,295.66,1.0,295.64,5.0,295.68,111.0,295.69,166.0
1753531629589,12:07:09.589,AAVE/USDT:USDT,295.66,1.0,295.64,5.0,295.68,111.0,295.69,166.0
1753531629694,12:07:09.694,AAVE/USDT:USDT,295.66,1.0,295.64,5.0,295.68,31.0,295.69,166.0
1753531629705,12:07:09.705,AAVE/USDT:USDT,295.66,1.0,295.64,5.0,295.68,33.0,295.69,166.0
1753531630027,12:07:10.027,AAVE/USDT:USDT,295.66,1.0,295.64,5.0,295.68,33.0,295.69,65.0
1753531630197,12:07:10.197,AAVE/USDT:USDT,295.64,2.0,295.62,9.0,295.67,80.0,295.68,292.0
1753531630261,12:07:10.261,AAVE/USDT:USDT,295.64,2.0,295.62,9.0,295.66,80.0,295.67,191.0
1753531630398,12:07:10.398,AAVE/USDT:USDT,295.64,2.0,295.62,9.0,295.67,189.0,295.68,292.0
1753531630473,12:07:10.473,AAVE/USDT:USDT,295.64,2.0,295.62,9.0,295.68,191.0,295.69,138.0
1753531630581,12:07:10.581,AAVE/USDT:USDT,295.64,2.0,295.62,9.0,295.67,80.0,295.68,191.0
1753531630612,12:07:10.612,AAVE/USDT:USDT,295.64,2.0,295.62,9.0,295.67,82.0,295.68,191.0
1753531630749,12:07:10.749,AAVE/USDT:USDT,295.64,2.0,295.62,9.0,295.67,82.0,295.68,191.0
1753531630874,12:07:10.874,AAVE/USDT:USDT,295.64,2.0,295.62,9.0,295.67,82.0,295.68,191.0
1753531630993,12:07:10.993,AAVE/USDT:USDT,295.64,2.0,295.62,9.0,295.67,2.0,295.68,31.0
1753531631049,12:07:11.049,AAVE/USDT:USDT,295.64,2.0,295.62,9.0,295.68,31.0,295.69,69.0
1753531631170,12:07:11.170,AAVE/USDT:USDT,295.64,2.0,295.62,9.0,295.68,111.0,295.69,69.0
1753531631203,12:07:11.203,AAVE/USDT:USDT,295.64,2.0,295.62,9.0,295.68,111.0,295.69,69.0
1753531631301,12:07:11.301,AAVE/USDT:USDT,295.64,2.0,295.62,9.0,295.68,111.0,295.69,69.0
1753531631499,12:07:11.499,AAVE/USDT:USDT,295.64,2.0,295.62,9.0,295.68,111.0,295.69,69.0
1753531631501,12:07:11.501,AAVE/USDT:USDT,295.64,2.0,295.62,9.0,295.68,111.0,295.69,69.0
1753531631833,12:07:11.833,AAVE/USDT:USDT,295.64,2.0,295.62,9.0,295.68,111.0,295.69,69.0
1753531631936,12:07:11.936,AAVE/USDT:USDT,295.64,2.0,295.62,9.0,295.68,111.0,295.69,69.0
1753531632062,12:07:12.062,AAVE/USDT:USDT,295.64,2.0,295.62,9.0,295.68,111.0,295.69,69.0
1753531632197,12:07:12.197,AAVE/USDT:USDT,295.64,2.0,295.62,9.0,295.67,160.0,295.68,111.0
1753531632249,12:07:12.249,AAVE/USDT:USDT,295.64,2.0,295.62,9.0,295.67,162.0,295.68,180.0
1753531632564,12:07:12.564,AAVE/USDT:USDT,295.64,2.0,295.62,9.0,295.67,162.0,295.68,180.0
1753531632658,12:07:12.658,AAVE/USDT:USDT,295.64,2.0,295.62,9.0,295.67,162.0,295.68,180.0
1753531632787,12:07:12.787,AAVE/USDT:USDT,295.64,2.0,295.62,9.0,295.67,82.0,295.68,180.0
1753531633195,12:07:13.195,AAVE/USDT:USDT,295.66,34.0,295.65,118.0,295.67,2.0,295.7,69.0
1753531633282,12:07:13.282,AAVE/USDT:USDT,295.66,17.0,295.64,2.0,295.7,4.0,295.71,94.0
1753531633387,12:07:13.387,AAVE/USDT:USDT,295.66,17.0,295.64,2.0,295.71,98.0,295.72,183.0
1753531633478,12:07:13.478,AAVE/USDT:USDT,295.66,17.0,295.64,2.0,295.71,199.0,295.72,82.0
1753531633505,12:07:13.505,AAVE/USDT:USDT,295.66,17.0,295.64,2.0,295.71,197.0,295.72,82.0
1753531633657,12:07:13.657,AAVE/USDT:USDT,295.66,17.0,295.64,2.0,295.7,80.0,295.71,197.0
1753531633707,12:07:13.707,AAVE/USDT:USDT,295.66,17.0,295.64,2.0,295.7,82.0,295.71,197.0
1753531633897,12:07:13.897,AAVE/USDT:USDT,295.66,17.0,295.64,2.0,295.7,183.0,295.71,96.0
1753531633998,12:07:13.998,AAVE/USDT:USDT,295.66,17.0,295.64,2.0,295.7,183.0,295.71,105.0
1753531634194,12:07:14.194,AAVE/USDT:USDT,295.66,17.0,295.64,2.0,295.7,103.0,295.71,105.0
1753531634306,12:07:14.306,AAVE/USDT:USDT,295.66,17.0,295.64,2.0,295.7,4.0,295.71,103.0
1753531634482,12:07:14.482,AAVE/USDT:USDT,295.68,17.0,295.64,2.0,295.71,107.0,295.72,183.0
1753531634561,12:07:14.561,AAVE/USDT:USDT,295.68,17.0,295.64,2.0,295.71,105.0,295.72,183.0
1753531634730,12:07:14.730,AAVE/USDT:USDT,295.68,17.0,295.64,2.0,295.71,105.0,295.72,183.0
1753531634897,12:07:14.897,AAVE/USDT:USDT,295.64,2.0,295.62,9.0,295.7,80.0,295.71,203.0
1753531634986,12:07:14.986,AAVE/USDT:USDT,295.64,2.0,295.62,9.0,295.68,129.0,295.69,182.0
1753531635093,12:07:15.093,AAVE/USDT:USDT,295.64,2.0,295.62,9.0,295.68,129.0,295.69,178.0
1753531635154,12:07:15.154,AAVE/USDT:USDT,295.64,2.0,295.62,9.0,295.68,98.0,295.69,113.0
1753531635203,12:07:15.203,AAVE/USDT:USDT,295.64,2.0,295.62,9.0,295.68,98.0,295.69,113.0
1753531635551,12:07:15.551,AAVE/USDT:USDT,295.64,2.0,295.62,9.0,295.68,98.0,295.69,113.0
1753531635654,12:07:15.654,AAVE/USDT:USDT,295.64,2.0,295.62,9.0,295.68,98.0,295.69,113.0
1753531636091,12:07:16.091,AAVE/USDT:USDT,295.64,2.0,295.62,9.0,295.65,160.0,295.66,110.0
1753531636167,12:07:16.167,AAVE/USDT:USDT,295.64,2.0,295.62,9.0,295.65,160.0,295.66,110.0
1753531636299,12:07:16.299,AAVE/USDT:USDT,295.64,2.0,295.62,9.0,295.65,160.0,295.66,110.0
1753531636390,12:07:16.390,AAVE/USDT:USDT,295.64,2.0,295.62,9.0,295.65,160.0,295.66,110.0
1753531636497,12:07:16.497,AAVE/USDT:USDT,295.64,2.0,295.62,9.0,295.65,80.0,295.66,110.0
1753531636525,12:07:16.525,AAVE/USDT:USDT,295.64,2.0,295.62,9.0,295.65,80.0,295.67,138.0
1753531636632,12:07:16.632,AAVE/USDT:USDT,295.64,2.0,295.62,9.0,295.65,80.0,295.66,2.0
1753531636981,12:07:16.981,AAVE/USDT:USDT,295.64,2.0,295.62,9.0,295.66,2.0,295.67,138.0
1753531637084,12:07:17.084,AAVE/USDT:USDT,295.66,17.0,295.64,2.0,295.67,138.0,295.68,98.0
1753531637136,12:07:17.136,AAVE/USDT:USDT,295.66,17.0,295.64,2.0,295.67,138.0,295.68,98.0
1753531637299,12:07:17.299,AAVE/USDT:USDT,295.58,98.0,295.57,198.0,295.67,138.0,295.68,98.0
1753531637398,12:07:17.398,AAVE/USDT:USDT,295.6,17.0,295.59,17.0,295.65,79.0,295.66,102.0
1753531637480,12:07:17.480,AAVE/USDT:USDT,295.6,17.0,295.57,98.0,295.64,2.0,295.66,98.0
1753531637582,12:07:17.582,AAVE/USDT:USDT,295.6,17.0,295.57,98.0,295.65,4.0,295.66,98.0
1753531637677,12:07:17.677,AAVE/USDT:USDT,295.6,17.0,295.57,98.0,295.65,102.0,295.67,138.0
1753531637705,12:07:17.705,AAVE/USDT:USDT,295.6,17.0,295.57,98.0,295.65,100.0,295.67,138.0
1753531637885,12:07:17.885,AAVE/USDT:USDT,295.6,17.0,295.57,98.0,295.65,100.0,295.67,138.0
1753531637959,12:07:17.959,AAVE/USDT:USDT,295.6,17.0,295.56,337.0,295.65,100.0,295.67,138.0
1753531638097,12:07:18.097,AAVE/USDT:USDT,295.61,17.0,295.55,301.0,295.64,178.0,295.65,75.0
1753531638189,12:07:18.189,AAVE/USDT:USDT,295.61,17.0,295.55,301.0,295.64,98.0,295.65,73.0
1753531638203,12:07:18.203,AAVE/USDT:USDT,295.61,17.0,295.55,301.0,295.64,98.0,295.65,73.0
1753531638310,12:07:18.310,AAVE/USDT:USDT,295.61,17.0,295.55,301.0,295.64,98.0,295.65,73.0
1753531638464,12:07:18.464,AAVE/USDT:USDT,295.61,17.0,295.55,301.0,295.64,98.0,295.65,73.0
1753531638608,12:07:18.608,AAVE/USDT:USDT,295.61,17.0,295.55,301.0,295.64,98.0,295.65,73.0
1753531638783,12:07:18.783,AAVE/USDT:USDT,295.61,17.0,295.55,365.0,295.65,171.0,295.66,91.0
1753531638879,12:07:18.879,AAVE/USDT:USDT,295.61,17.0,295.56,100.0,295.65,171.0,295.66,91.0
1753531638942,12:07:18.942,AAVE/USDT:USDT,295.61,17.0,295.56,100.0,295.65,171.0,295.66,91.0
1753531639045,12:07:19.045,AAVE/USDT:USDT,295.61,17.0,295.56,100.0,295.65,171.0,295.66,91.0
1753531639453,12:07:19.453,AAVE/USDT:USDT,295.61,17.0,295.56,100.0,295.65,171.0,295.66,91.0
1753531639694,12:07:19.694,AAVE/USDT:USDT,295.61,17.0,295.56,100.0,295.65,171.0,295.66,91.0
1753531639702,12:07:19.702,AAVE/USDT:USDT,295.61,17.0,295.56,100.0,295.65,171.0,295.66,91.0
1753531640489,12:07:20.489,AAVE/USDT:USDT,295.56,34.0,295.53,98.0,295.64,160.0,295.65,98.0
1753531640570,12:07:20.570,AAVE/USDT:USDT,295.58,17.0,295.53,198.0,295.63,102.0,295.64,80.0
1753531640641,12:07:20.641,AAVE/USDT:USDT,295.58,17.0,295.54,89.0,295.63,100.0,295.64,80.0
1753531640990,12:07:20.990,AAVE/USDT:USDT,295.58,17.0,295.54,89.0,295.63,100.0,295.64,80.0
1753531641099,12:07:21.099,AAVE/USDT:USDT,295.58,17.0,295.54,89.0,295.63,100.0,295.64,80.0
1753531641101,12:07:21.101,AAVE/USDT:USDT,295.58,17.0,295.54,89.0,295.63,100.0,295.64,80.0
1753531641389,12:07:21.389,AAVE/USDT:USDT,295.58,17.0,295.54,89.0,295.63,100.0,295.64,80.0
1753531641441,12:07:21.441,AAVE/USDT:USDT,295.58,17.0,295.54,89.0,295.63,100.0,295.64,80.0
1753531641582,12:07:21.582,AAVE/USDT:USDT,295.56,17.0,295.55,98.0,295.63,2.0,295.64,80.0
1753531641680,12:07:21.680,AAVE/USDT:USDT,295.61,17.0,295.56,98.0,295.63,4.0,295.64,80.0
1753531641764,12:07:21.764,AAVE/USDT:USDT,295.61,17.0,295.56,297.0,295.64,80.0,295.65,98.0
1753531641841,12:07:21.841,AAVE/USDT:USDT,295.61,17.0,295.56,297.0,295.64,80.0,295.65,98.0
1753531641939,12:07:21.939,AAVE/USDT:USDT,295.61,17.0,295.56,297.0,295.64,80.0,295.65,98.0
1753531642070,12:07:22.070,AAVE/USDT:USDT,295.61,17.0,295.56,297.0,295.64,80.0,295.65,98.0
1753531642181,12:07:22.181,AAVE/USDT:USDT,295.64,25.0,295.62,17.0,295.65,98.0,295.67,138.0
1753531642283,12:07:22.283,AAVE/USDT:USDT,295.64,25.0,295.57,100.0,295.65,98.0,295.66,2.0
1753531642348,12:07:22.348,AAVE/USDT:USDT,295.64,25.0,295.57,100.0,295.65,98.0,295.66,2.0
1753531642492,12:07:22.492,AAVE/USDT:USDT,295.64,25.0,295.57,100.0,295.65,98.0,295.66,2.0
1753531642595,12:07:22.595,AAVE/USDT:USDT,295.64,25.0,295.57,100.0,295.65,98.0,295.66,2.0
1753531642697,12:07:22.697,AAVE/USDT:USDT,295.64,25.0,295.57,199.0,295.66,2.0,295.67,138.0
1753531642717,12:07:22.717,AAVE/USDT:USDT,295.64,25.0,295.57,199.0,295.67,138.0,295.68,180.0
1753531642882,12:07:22.882,AAVE/USDT:USDT,295.64,25.0,295.57,199.0,295.66,178.0,295.67,138.0
1753531642980,12:07:22.980,AAVE/USDT:USDT,295.64,25.0,295.57,199.0,295.65,80.0,295.66,178.0
1753531643020,12:07:23.020,AAVE/USDT:USDT,295.64,25.0,295.57,199.0,295.65,80.0,295.66,178.0
1753531643281,12:07:23.281,AAVE/USDT:USDT,295.64,25.0,295.57,199.0,295.66,80.0,295.67,138.0
1753531643484,12:07:23.484,AAVE/USDT:USDT,295.64,25.0,295.57,199.0,295.66,80.0,295.67,138.0
1753531643649,12:07:23.649,AAVE/USDT:USDT,295.64,25.0,295.57,199.0,295.67,138.0,295.68,180.0
1753531643852,12:07:23.852,AAVE/USDT:USDT,295.64,25.0,295.57,199.0,295.67,138.0,295.68,180.0
1753531643994,12:07:23.994,AAVE/USDT:USDT,295.64,25.0,295.57,199.0,295.67,138.0,295.68,180.0
1753531644009,12:07:24.009,AAVE/USDT:USDT,295.64,25.0,295.57,199.0,295.67,138.0,295.68,180.0
1753531644128,12:07:24.128,AAVE/USDT:USDT,295.64,25.0,295.57,199.0,295.66,80.0,295.67,138.0
1753531644269,12:07:24.269,AAVE/USDT:USDT,295.64,25.0,295.57,199.0,295.66,80.0,295.67,138.0
1753531644381,12:07:24.381,AAVE/USDT:USDT,295.6,17.0,295.56,98.0,295.65,80.0,295.66,80.0
1753531644467,12:07:24.467,AAVE/USDT:USDT,295.62,17.0,295.57,64.0,295.64,2.0,295.65,80.0
1753531644516,12:07:24.516,AAVE/USDT:USDT,295.62,17.0,295.57,64.0,295.65,80.0,295.66,179.0
1753531644686,12:07:24.686,AAVE/USDT:USDT,295.64,25.0,295.58,99.0,295.65,80.0,295.66,179.0
1753531644728,12:07:24.728,AAVE/USDT:USDT,295.64,25.0,295.58,99.0,295.65,80.0,295.66,179.0
1753531644833,12:07:24.833,AAVE/USDT:USDT,295.64,25.0,295.58,99.0,295.66,80.0,295.67,138.0
1753531644941,12:07:24.941,AAVE/USDT:USDT,295.64,25.0,295.58,99.0,295.66,80.0,295.67,138.0
1753531645108,12:07:25.108,AAVE/USDT:USDT,295.64,25.0,295.58,99.0,295.66,80.0,295.67,138.0
1753531645297,12:07:25.297,AAVE/USDT:USDT,295.64,25.0,295.58,99.0,295.67,138.0,295.68,180.0
1753531645382,12:07:25.382,AAVE/USDT:USDT,295.66,17.0,295.6,99.0,295.67,138.0,295.69,99.0
1753531645495,12:07:25.495,AAVE/USDT:USDT,295.66,17.0,295.59,200.0,295.67,80.0,295.68,101.0
1753531645561,12:07:25.561,AAVE/USDT:USDT,295.66,17.0,295.59,200.0,295.67,80.0,295.68,164.0
1753531645899,12:07:25.899,AAVE/USDT:USDT,295.66,17.0,295.59,200.0,295.67,80.0,295.68,164.0
1753531645901,12:07:25.901,AAVE/USDT:USDT,295.66,17.0,295.59,200.0,295.67,80.0,295.68,164.0
1753531646182,12:07:26.182,AAVE/USDT:USDT,295.66,17.0,295.59,200.0,295.67,80.0,295.68,164.0
1753531646201,12:07:26.201,AAVE/USDT:USDT,295.66,17.0,295.59,200.0,295.67,80.0,295.68,164.0
1753531646495,12:07:26.495,AAVE/USDT:USDT,295.6,17.0,295.58,99.0,295.66,80.0,295.67,179.0
1753531646592,12:07:26.592,AAVE/USDT:USDT,295.62,17.0,295.58,99.0,295.65,4.0,295.66,80.0
1753531646657,12:07:26.657,AAVE/USDT:USDT,295.62,17.0,295.58,99.0,295.65,2.0,295.66,80.0
1753531646772,12:07:26.772,AAVE/USDT:USDT,295.62,17.0,295.58,99.0,295.65,101.0,295.66,80.0
1753531646897,12:07:26.897,AAVE/USDT:USDT,295.57,17.0,295.52,107.0,295.61,80.0,295.62,274.0
1753531646997,12:07:26.997,AAVE/USDT:USDT,295.58,131.0,295.55,26.0,295.61,80.0,295.62,179.0
1753531647094,12:07:27.094,AAVE/USDT:USDT,295.58,131.0,295.54,99.0,295.61,80.0,295.62,179.0
1753531647183,12:07:27.183,AAVE/USDT:USDT,295.58,131.0,295.54,99.0,295.62,179.0,295.64,167.0
1753531647281,12:07:27.281,AAVE/USDT:USDT,295.58,131.0,295.54,99.0,295.62,179.0,295.64,101.0
1753531647398,12:07:27.398,AAVE/USDT:USDT,295.53,116.0,295.52,13.0,295.58,69.0,295.59,229.0
1753531647499,12:07:27.499,AAVE/USDT:USDT,295.53,17.0,295.52,13.0,295.58,73.0,295.59,149.0
1753531647582,12:07:27.582,AAVE/USDT:USDT,295.53,16.0,295.52,13.0,295.58,4.0,295.59,149.0
1753531647687,12:07:27.687,AAVE/USDT:USDT,295.53,16.0,295.52,13.0,295.59,153.0,295.6,479.0
1753531647798,12:07:27.798,AAVE/USDT:USDT,295.54,17.0,295.53,99.0,295.59,122.0,295.6,334.0
1753531647861,12:07:27.861,AAVE/USDT:USDT,295.58,17.0,295.52,13.0,295.59,4.0,295.6,334.0
1753531647982,12:07:27.982,AAVE/USDT:USDT,295.58,17.0,295.53,17.0,295.6,334.0,295.61,898.0
1753531648057,12:07:28.057,AAVE/USDT:USDT,295.58,17.0,295.53,17.0,295.6,334.0,295.61,898.0
1753531648101,12:07:28.101,AAVE/USDT:USDT,295.58,17.0,295.53,17.0,295.6,334.0,295.61,898.0
1753531648242,12:07:28.242,AAVE/USDT:USDT,295.58,17.0,295.53,17.0,295.6,334.0,295.61,898.0
1753531648341,12:07:28.341,AAVE/USDT:USDT,295.58,17.0,295.53,17.0,295.6,112.0,295.61,898.0
1753531648462,12:07:28.462,AAVE/USDT:USDT,295.58,17.0,295.53,17.0,295.6,112.0,295.61,898.0
1753531648514,12:07:28.514,AAVE/USDT:USDT,295.58,17.0,295.53,17.0,295.6,112.0,295.61,898.0
1753531649083,12:07:29.083,AAVE/USDT:USDT,295.58,17.0,295.53,17.0,295.6,112.0,295.61,898.0
1753531649101,12:07:29.101,AAVE/USDT:USDT,295.58,17.0,295.53,17.0,295.6,112.0,295.61,898.0
1753531649282,12:07:29.282,AAVE/USDT:USDT,295.58,17.0,295.53,17.0,295.6,112.0,295.61,898.0
1753531649321,12:07:29.321,AAVE/USDT:USDT,295.58,17.0,295.53,17.0,295.6,112.0,295.61,898.0
1753531649627,12:07:29.627,AAVE/USDT:USDT,295.58,17.0,295.53,17.0,295.6,112.0,295.61,898.0
1753531649797,12:07:29.797,AAVE/USDT:USDT,295.58,17.0,295.53,17.0,295.6,112.0,295.61,898.0
1753531649981,12:07:29.981,AAVE/USDT:USDT,295.58,17.0,295.53,17.0,295.6,112.0,295.61,898.0
1753531650082,12:07:30.082,AAVE/USDT:USDT,295.55,17.0,295.54,17.0,295.59,146.0,295.6,194.0
1753531650147,12:07:30.147,AAVE/USDT:USDT,295.56,17.0,295.53,99.0,295.59,150.0,295.6,194.0
1753531650244,12:07:30.244,AAVE/USDT:USDT,295.56,17.0,295.53,99.0,295.59,82.0,295.6,194.0
1753531650359,12:07:30.359,AAVE/USDT:USDT,295.56,17.0,295.53,99.0,295.59,82.0,295.6,194.0
1753531650503,12:07:30.503,AAVE/USDT:USDT,295.56,17.0,295.53,99.0,295.59,82.0,295.6,194.0
1753531650657,12:07:30.657,AAVE/USDT:USDT,295.57,17.0,295.53,99.0,295.59,2.0,295.6,194.0
1753531650738,12:07:30.738,AAVE/USDT:USDT,295.57,17.0,295.53,99.0,295.6,194.0,295.61,980.0
1753531650889,12:07:30.889,AAVE/USDT:USDT,295.57,17.0,295.52,13.0,295.6,194.0,295.61,980.0
1753531650924,12:07:30.924,AAVE/USDT:USDT,295.57,17.0,295.52,13.0,295.6,194.0,295.61,1053.0
1753531651021,12:07:31.021,AAVE/USDT:USDT,295.57,17.0,295.52,13.0,295.6,194.0,295.61,1053.0
1753531651109,12:07:31.109,AAVE/USDT:USDT,295.57,17.0,295.52,13.0,295.6,194.0,295.61,1053.0
1753531651201,12:07:31.201,AAVE/USDT:USDT,295.57,17.0,295.52,13.0,295.6,194.0,295.61,1053.0
1753531651342,12:07:31.342,AAVE/USDT:USDT,295.57,17.0,295.52,13.0,295.6,194.0,295.61,1053.0
1753531651581,12:07:31.581,AAVE/USDT:USDT,295.57,17.0,295.52,13.0,295.6,194.0,295.61,1053.0
1753531651699,12:07:31.699,AAVE/USDT:USDT,295.57,17.0,295.52,13.0,295.6,194.0,295.61,1053.0
1753531651789,12:07:31.789,AAVE/USDT:USDT,295.52,112.0,295.51,109.0,295.59,80.0,295.6,194.0
1753531651897,12:07:31.897,AAVE/USDT:USDT,295.56,17.0,295.52,112.0,295.59,4.0,295.6,194.0
1753531651942,12:07:31.942,AAVE/USDT:USDT,295.56,17.0,295.52,112.0,295.59,2.0,295.6,194.0
1753531652161,12:07:32.161,AAVE/USDT:USDT,295.56,17.0,295.52,112.0,295.59,2.0,295.6,194.0
1753531652782,12:07:32.782,AAVE/USDT:USDT,295.56,17.0,295.52,112.0,295.59,2.0,295.6,194.0
1753531652802,12:07:32.802,AAVE/USDT:USDT,295.56,17.0,295.52,112.0,295.59,2.0,295.6,194.0
1753531652978,12:07:32.978,AAVE/USDT:USDT,295.56,17.0,295.52,112.0,295.59,2.0,295.6,194.0
1753531653023,12:07:33.023,AAVE/USDT:USDT,295.56,17.0,295.52,112.0,295.59,2.0,295.6,194.0
1753531653261,12:07:33.261,AAVE/USDT:USDT,295.56,17.0,295.52,112.0,295.59,2.0,295.6,194.0
1753531653699,12:07:33.699,AAVE/USDT:USDT,295.56,17.0,295.55,17.0,295.59,2.0,295.6,194.0
1753531653740,12:07:33.740,AAVE/USDT:USDT,295.57,17.0,295.52,112.0,295.59,2.0,295.6,194.0
1753531653847,12:07:33.847,AAVE/USDT:USDT,295.57,17.0,295.52,112.0,295.6,194.0,295.61,1062.0
1753531654198,12:07:34.198,AAVE/USDT:USDT,295.53,17.0,295.52,112.0,295.59,146.0,295.6,194.0
1753531654298,12:07:34.298,AAVE/USDT:USDT,295.53,116.0,295.52,112.0,295.59,84.0,295.6,194.0
1753531654381,12:07:34.381,AAVE/USDT:USDT,295.55,17.0,295.53,99.0,295.59,84.0,295.6,194.0
1753531654460,12:07:34.460,AAVE/USDT:USDT,295.55,17.0,295.53,99.0,295.59,4.0,295.6,194.0
1753531654519,12:07:34.519,AAVE/USDT:USDT,295.55,17.0,295.53,99.0,295.59,4.0,295.6,194.0
1753531654614,12:07:34.614,AAVE/USDT:USDT,295.55,17.0,295.53,99.0,295.59,4.0,295.6,194.0
1753531654874,12:07:34.874,AAVE/USDT:USDT,295.57,17.0,295.53,99.0,295.59,4.0,295.6,194.0
1753531654979,12:07:34.979,AAVE/USDT:USDT,295.57,17.0,295.53,99.0,295.6,194.0,295.61,1062.0
1753531655075,12:07:35.075,AAVE/USDT:USDT,295.57,17.0,295.53,99.0,295.6,194.0,295.61,1062.0
1753531655102,12:07:35.102,AAVE/USDT:USDT,295.57,17.0,295.53,99.0,295.6,194.0,295.61,1062.0
1753531655237,12:07:35.237,AAVE/USDT:USDT,295.57,17.0,295.53,99.0,295.59,80.0,295.6,194.0
1753531655383,12:07:35.383,AAVE/USDT:USDT,295.53,17.0,295.52,13.0,295.58,80.0,295.59,80.0
1753531655498,12:07:35.498,AAVE/USDT:USDT,295.53,17.0,295.52,13.0,295.58,80.0,295.59,84.0
1753531655576,12:07:35.576,AAVE/USDT:USDT,295.53,17.0,295.52,13.0,295.58,179.0,295.59,84.0
1753531655689,12:07:35.689,AAVE/USDT:USDT,295.53,17.0,295.52,13.0,295.57,181.0,295.59,80.0
1753531655781,12:07:35.781,AAVE/USDT:USDT,295.53,17.0,295.52,13.0,295.57,179.0,295.59,80.0
1753531655832,12:07:35.832,AAVE/USDT:USDT,295.53,17.0,295.52,13.0,295.57,179.0,295.59,80.0
1753531655922,12:07:35.922,AAVE/USDT:USDT,295.53,17.0,295.52,13.0,295.57,179.0,295.59,80.0
1753531656040,12:07:36.040,AAVE/USDT:USDT,295.53,17.0,295.52,13.0,295.57,179.0,295.59,80.0
1753531656194,12:07:36.194,AAVE/USDT:USDT,295.52,13.0,295.51,10.0,295.56,136.0,295.57,216.0
1753531656289,12:07:36.289,AAVE/USDT:USDT,295.52,13.0,295.51,10.0,295.53,80.0,295.55,99.0
1753531656344,12:07:36.344,AAVE/USDT:USDT,295.52,13.0,295.51,10.0,295.53,80.0,295.55,99.0
1753531656500,12:07:36.500,AAVE/USDT:USDT,295.52,13.0,295.51,10.0,295.55,80.0,295.56,173.0
1753531656523,12:07:36.523,AAVE/USDT:USDT,295.52,13.0,295.51,10.0,295.55,80.0,295.56,171.0
1753531656662,12:07:36.662,AAVE/USDT:USDT,295.52,13.0,295.51,10.0,295.55,179.0,295.56,72.0
1753531656783,12:07:36.783,AAVE/USDT:USDT,295.52,13.0,295.51,10.0,295.55,179.0,295.56,70.0
1753531656862,12:07:36.862,AAVE/USDT:USDT,295.52,13.0,295.51,10.0,295.55,179.0,295.57,37.0
1753531656967,12:07:36.967,AAVE/USDT:USDT,295.52,13.0,295.51,10.0,295.55,99.0,295.59,80.0
1753531657094,12:07:37.094,AAVE/USDT:USDT,295.52,13.0,295.51,10.0,295.57,191.0,295.58,371.0
1753531657195,12:07:37.195,AAVE/USDT:USDT,295.52,13.0,295.51,10.0,295.56,101.0,295.57,264.0
1753531657221,12:07:37.221,AAVE/USDT:USDT,295.52,13.0,295.51,10.0,295.56,182.0,295.57,264.0
1753531657306,12:07:37.306,AAVE/USDT:USDT,295.52,13.0,295.51,10.0,295.56,178.0,295.57,264.0
1753531657538,12:07:37.538,AAVE/USDT:USDT,295.52,13.0,295.51,10.0,295.56,178.0,295.57,264.0
1753531657692,12:07:37.692,AAVE/USDT:USDT,295.52,13.0,295.51,10.0,295.56,79.0,295.57,191.0
1753531657766,12:07:37.766,AAVE/USDT:USDT,295.52,12.0,295.51,10.0,295.56,103.0,295.57,111.0
1753531657898,12:07:37.898,AAVE/USDT:USDT,295.52,12.0,295.51,10.0,295.56,103.0,295.57,111.0
1753531657901,12:07:37.901,AAVE/USDT:USDT,295.52,12.0,295.51,10.0,295.56,103.0,295.57,111.0
1753531658024,12:07:38.024,AAVE/USDT:USDT,295.52,12.0,295.51,10.0,295.56,103.0,295.57,111.0
1753531658118,12:07:38.118,AAVE/USDT:USDT,295.52,12.0,295.51,10.0,295.56,103.0,295.57,184.0
1753531658289,12:07:38.289,AAVE/USDT:USDT,295.52,12.0,295.51,10.0,295.56,103.0,295.57,184.0
1753531658358,12:07:38.358,AAVE/USDT:USDT,295.52,12.0,295.51,10.0,295.56,103.0,295.57,184.0
1753531658451,12:07:38.451,AAVE/USDT:USDT,295.52,12.0,295.51,10.0,295.56,103.0,295.57,184.0
1753531658641,12:07:38.641,AAVE/USDT:USDT,295.52,12.0,295.51,10.0,295.56,135.0,295.57,273.0
1753531658704,12:07:38.704,AAVE/USDT:USDT,295.52,12.0,295.51,10.0,295.56,135.0,295.57,273.0
1753531658801,12:07:38.801,AAVE/USDT:USDT,295.52,12.0,295.51,10.0,295.56,135.0,295.57,273.0
1753531658942,12:07:38.942,AAVE/USDT:USDT,295.52,12.0,295.51,10.0,295.56,135.0,295.57,273.0
1753531659086,12:07:39.086,AAVE/USDT:USDT,295.52,12.0,295.51,10.0,295.56,4.0,295.57,184.0
1753531659141,12:07:39.141,AAVE/USDT:USDT,295.52,12.0,295.51,10.0,295.56,4.0,295.57,184.0
1753531659253,12:07:39.253,AAVE/USDT:USDT,295.52,12.0,295.51,10.0,295.56,4.0,295.57,184.0
1753531659873,12:07:39.873,AAVE/USDT:USDT,295.52,12.0,295.51,10.0,295.56,4.0,295.57,184.0
1753531659902,12:07:39.902,AAVE/USDT:USDT,295.52,12.0,295.51,10.0,295.56,4.0,295.57,184.0
1753531660181,12:07:40.181,AAVE/USDT:USDT,295.54,17.0,295.52,12.0,295.56,36.0,295.57,273.0
1753531660279,12:07:40.279,AAVE/USDT:USDT,295.52,12.0,295.51,10.0,295.56,178.0,295.57,273.0
1753531660348,12:07:40.348,AAVE/USDT:USDT,295.52,12.0,295.51,10.0,295.56,32.0,295.57,273.0
1753531660406,12:07:40.406,AAVE/USDT:USDT,295.52,12.0,295.51,10.0,295.56,36.0,295.57,273.0
1753531660545,12:07:40.545,AAVE/USDT:USDT,295.52,12.0,295.51,10.0,295.56,36.0,295.57,273.0
1753531660652,12:07:40.652,AAVE/USDT:USDT,295.52,12.0,295.51,10.0,295.56,36.0,295.57,273.0
1753531660781,12:07:40.781,AAVE/USDT:USDT,295.52,12.0,295.51,10.0,295.54,80.0,295.56,116.0
1753531660858,12:07:40.858,AAVE/USDT:USDT,295.52,12.0,295.51,10.0,295.53,80.0,295.56,116.0
1753531660928,12:07:40.928,AAVE/USDT:USDT,295.52,12.0,295.51,10.0,295.53,80.0,295.55,99.0
1753531661098,12:07:41.098,AAVE/USDT:USDT,295.44,116.0,295.43,109.0,295.5,82.0,295.51,434.0
1753531661197,12:07:41.197,AAVE/USDT:USDT,295.49,17.0,295.44,116.0,295.5,4.0,295.51,193.0
1753531661287,12:07:41.287,AAVE/USDT:USDT,295.49,17.0,295.44,116.0,295.51,195.0,295.52,642.0
1753531661398,12:07:41.398,AAVE/USDT:USDT,295.44,106.0,295.43,10.0,295.51,193.0,295.52,642.0
1753531661499,12:07:41.499,AAVE/USDT:USDT,295.44,106.0,295.43,10.0,295.51,197.0,295.52,642.0
1753531661582,12:07:41.582,AAVE/USDT:USDT,295.44,106.0,295.43,10.0,295.51,197.0,295.52,642.0
1753531661681,12:07:41.681,AAVE/USDT:USDT,295.44,106.0,295.43,10.0,295.51,197.0,295.52,642.0
1753531661794,12:07:41.794,AAVE/USDT:USDT,295.44,106.0,295.43,10.0,295.51,197.0,295.52,642.0
1753531661802,12:07:41.802,AAVE/USDT:USDT,295.44,106.0,295.43,10.0,295.51,197.0,295.52,642.0
1753531662098,12:07:42.098,AAVE/USDT:USDT,295.5,17.0,295.45,99.0,295.51,4.0,295.52,642.0
1753531662192,12:07:42.192,AAVE/USDT:USDT,295.5,17.0,295.45,99.0,295.52,642.0,295.53,1648.0
1753531662218,12:07:42.218,AAVE/USDT:USDT,295.5,17.0,295.45,99.0,295.52,642.0,295.53,1648.0
1753531662445,12:07:42.445,AAVE/USDT:USDT,295.5,17.0,295.45,99.0,295.52,642.0,295.53,1648.0
1753531662581,12:07:42.581,AAVE/USDT:USDT,295.51,17.0,295.45,99.0,295.53,1648.0,295.54,140.0
1753531662682,12:07:42.682,AAVE/USDT:USDT,295.51,17.0,295.45,99.0,295.53,1648.0,295.54,140.0
1753531662701,12:07:42.701,AAVE/USDT:USDT,295.51,17.0,295.45,99.0,295.53,1648.0,295.54,140.0
1753531662897,12:07:42.897,AAVE/USDT:USDT,295.53,17.0,295.45,99.0,295.54,140.0,295.55,82.0
1753531662986,12:07:42.986,AAVE/USDT:USDT,295.53,17.0,295.45,99.0,295.54,1789.0,295.55,82.0
1753531663042,12:07:43.042,AAVE/USDT:USDT,295.53,17.0,295.45,99.0,295.54,1789.0,295.55,162.0
1753531663120,12:07:43.120,AAVE/USDT:USDT,295.53,17.0,295.45,99.0,295.54,1789.0,295.55,162.0
1753531663262,12:07:43.262,AAVE/USDT:USDT,295.53,17.0,295.45,99.0,295.54,1789.0,295.55,162.0
1753531663394,12:07:43.394,AAVE/USDT:USDT,295.53,17.0,295.45,99.0,295.54,1789.0,295.55,162.0
1753531663492,12:07:43.492,AAVE/USDT:USDT,295.53,17.0,295.45,99.0,295.54,1695.0,295.55,162.0
1753531663549,12:07:43.549,AAVE/USDT:USDT,295.53,17.0,295.45,99.0,295.54,1695.0,295.55,162.0
1753531663897,12:07:43.897,AAVE/USDT:USDT,295.43,109.0,295.42,10.0,295.53,824.0,295.54,1695.0
1753531663999,12:07:43.999,AAVE/USDT:USDT,295.46,17.0,295.43,109.0,295.49,80.0,295.5,80.0
1753531664055,12:07:44.055,AAVE/USDT:USDT,295.46,17.0,295.43,109.0,295.49,80.0,295.5,80.0
1753531664161,12:07:44.161,AAVE/USDT:USDT,295.46,17.0,295.43,109.0,295.49,80.0,295.5,80.0
1753531664283,12:07:44.283,AAVE/USDT:USDT,295.46,17.0,295.43,109.0,295.49,80.0,295.5,80.0
1753531664364,12:07:44.364,AAVE/USDT:USDT,295.46,17.0,295.43,109.0,295.5,80.0,295.51,170.0
1753531664476,12:07:44.476,AAVE/USDT:USDT,295.46,17.0,295.43,109.0,295.5,80.0,295.51,170.0
1753531664502,12:07:44.502,AAVE/USDT:USDT,295.46,17.0,295.43,109.0,295.5,80.0,295.51,170.0
1753531664606,12:07:44.606,AAVE/USDT:USDT,295.46,17.0,295.43,109.0,295.49,80.0,295.51,170.0
1753531664899,12:07:44.899,AAVE/USDT:USDT,295.46,17.0,295.43,109.0,295.49,80.0,295.51,170.0
1753531664992,12:07:44.992,AAVE/USDT:USDT,295.47,17.0,295.43,109.0,295.51,80.0,295.52,84.0
1753531665098,12:07:45.098,AAVE/USDT:USDT,295.47,17.0,295.43,109.0,295.51,80.0,295.52,84.0
1753531665226,12:07:45.226,AAVE/USDT:USDT,295.47,17.0,295.43,109.0,295.51,80.0,295.52,84.0
1753531665385,12:07:45.385,AAVE/USDT:USDT,295.47,17.0,295.43,109.0,295.5,96.0,295.51,241.0
1753531665650,12:07:45.650,AAVE/USDT:USDT,295.49,17.0,295.43,109.0,295.51,241.0,295.52,4.0
1753531665762,12:07:45.762,AAVE/USDT:USDT,295.49,17.0,295.43,109.0,295.51,241.0,295.52,4.0
1753531665841,12:07:45.841,AAVE/USDT:USDT,295.49,17.0,295.43,109.0,295.51,241.0,295.52,4.0
1753531665991,12:07:45.991,AAVE/USDT:USDT,295.43,109.0,295.42,10.0,295.5,152.0,295.51,241.0
1753531666058,12:07:46.058,AAVE/USDT:USDT,295.43,109.0,295.42,10.0,295.5,156.0,295.51,241.0
1753531666192,12:07:46.192,AAVE/USDT:USDT,295.43,109.0,295.42,10.0,295.5,156.0,295.51,241.0
1753531666286,12:07:46.286,AAVE/USDT:USDT,295.43,109.0,295.42,10.0,295.5,76.0,295.51,241.0
1753531666396,12:07:46.396,AAVE/USDT:USDT,295.49,34.0,295.44,134.0,295.5,72.0,295.51,4.0
1753531666456,12:07:46.456,AAVE/USDT:USDT,295.5,25.0,295.44,99.0,295.52,4.0,295.53,509.0
1753531666592,12:07:46.592,AAVE/USDT:USDT,295.5,25.0,295.44,99.0,295.53,509.0,295.54,1743.0
1753531666661,12:07:46.661,AAVE/USDT:USDT,295.5,25.0,295.44,99.0,295.53,509.0,295.54,1743.0
1753531666768,12:07:46.768,AAVE/USDT:USDT,295.5,25.0,295.44,99.0,295.53,509.0,295.54,1743.0
1753531667076,12:07:47.076,AAVE/USDT:USDT,295.5,25.0,295.44,99.0,295.53,509.0,295.54,1743.0
1753531667102,12:07:47.102,AAVE/USDT:USDT,295.5,25.0,295.44,99.0,295.53,509.0,295.54,1743.0
1753531667529,12:07:47.529,AAVE/USDT:USDT,295.5,25.0,295.44,99.0,295.52,80.0,295.53,509.0
1753531667670,12:07:47.670,AAVE/USDT:USDT,295.44,99.0,295.43,10.0,295.52,80.0,295.53,509.0
1753531667784,12:07:47.784,AAVE/USDT:USDT,295.47,17.0,295.44,99.0,295.51,80.0,295.52,84.0
1753531667840,12:07:47.840,AAVE/USDT:USDT,295.47,17.0,295.44,99.0,295.51,80.0,295.52,84.0
1753531668056,12:07:48.056,AAVE/USDT:USDT,295.47,17.0,295.44,99.0,295.51,80.0,295.52,84.0
1753531668590,12:07:48.590,AAVE/USDT:USDT,295.49,17.0,295.44,99.0,295.52,4.0,295.53,509.0
1753531668667,12:07:48.667,AAVE/USDT:USDT,295.49,17.0,295.44,99.0,295.52,2.0,295.53,509.0
1753531668868,12:07:48.868,AAVE/USDT:USDT,295.49,17.0,295.44,197.0,295.52,2.0,295.53,509.0
1753531668957,12:07:48.957,AAVE/USDT:USDT,295.49,17.0,295.44,295.0,295.52,2.0,295.53,509.0
1753531669197,12:07:49.197,AAVE/USDT:USDT,295.51,34.0,295.47,99.0,295.52,2.0,295.56,99.0
1753531669287,12:07:49.287,AAVE/USDT:USDT,295.56,17.0,295.48,98.0,295.57,1801.0,295.58,103.0
1753531669381,12:07:49.381,AAVE/USDT:USDT,295.56,17.0,295.48,196.0,295.57,1801.0,295.58,99.0
1753531669496,12:07:49.496,AAVE/USDT:USDT,295.56,17.0,295.48,196.0,295.57,1801.0,295.58,99.0
1753531669581,12:07:49.581,AAVE/USDT:USDT,295.56,17.0,295.48,196.0,295.57,1801.0,295.58,99.0
1753531669681,12:07:49.681,AAVE/USDT:USDT,295.56,17.0,295.48,196.0,295.57,1801.0,295.58,99.0
1753531669781,12:07:49.781,AAVE/USDT:USDT,295.56,17.0,295.48,196.0,295.57,1801.0,295.58,99.0
1753531669842,12:07:49.842,AAVE/USDT:USDT,295.56,17.0,295.48,196.0,295.57,1801.0,295.58,99.0
1753531669922,12:07:49.922,AAVE/USDT:USDT,295.56,17.0,295.48,196.0,295.57,1801.0,295.58,99.0
1753531670082,12:07:50.082,AAVE/USDT:USDT,295.56,17.0,295.48,196.0,295.57,1801.0,295.58,99.0
1753531670185,12:07:50.185,AAVE/USDT:USDT,295.51,17.0,295.44,295.0,295.55,186.0,295.56,620.0
1753531670275,12:07:50.275,AAVE/USDT:USDT,295.51,17.0,295.44,295.0,295.55,190.0,295.56,693.0
1753531670382,12:07:50.382,AAVE/USDT:USDT,295.51,17.0,295.44,295.0,295.55,190.0,295.56,693.0
1753531670477,12:07:50.477,AAVE/USDT:USDT,295.51,17.0,295.44,295.0,295.55,222.0,295.56,782.0
1753531670542,12:07:50.542,AAVE/USDT:USDT,295.51,17.0,295.44,295.0,295.55,222.0,295.56,782.0
1753531670988,12:07:50.988,AAVE/USDT:USDT,295.54,34.0,295.48,255.0,295.55,4.0,295.56,540.0
1753531671096,12:07:51.096,AAVE/USDT:USDT,295.55,17.0,295.48,295.0,295.57,1650.0,295.59,99.0
1753531671186,12:07:51.186,AAVE/USDT:USDT,295.55,17.0,295.48,295.0,295.57,1650.0,295.59,99.0
1753531671201,12:07:51.201,AAVE/USDT:USDT,295.55,17.0,295.48,295.0,295.57,1650.0,295.59,99.0
1753531671389,12:07:51.389,AAVE/USDT:USDT,295.55,17.0,295.48,295.0,295.57,1650.0,295.59,99.0
1753531671490,12:07:51.490,AAVE/USDT:USDT,295.55,17.0,295.48,295.0,295.57,1650.0,295.59,99.0
1753531671542,12:07:51.542,AAVE/USDT:USDT,295.55,17.0,295.48,295.0,295.57,1650.0,295.59,252.0
1753531671608,12:07:51.608,AAVE/USDT:USDT,295.55,17.0,295.48,295.0,295.57,1650.0,295.59,252.0
1753531671701,12:07:51.701,AAVE/USDT:USDT,295.55,17.0,295.48,295.0,295.57,1650.0,295.59,252.0
1753531672021,12:07:52.021,AAVE/USDT:USDT,295.55,17.0,295.48,295.0,295.57,1650.0,295.59,252.0
1753531672397,12:07:52.397,AAVE/USDT:USDT,295.55,17.0,295.48,295.0,295.57,1650.0,295.59,252.0
1753531672563,12:07:52.563,AAVE/USDT:USDT,295.55,17.0,295.48,295.0,295.57,1650.0,295.59,252.0
1753531672601,12:07:52.601,AAVE/USDT:USDT,295.55,17.0,295.48,295.0,295.57,1650.0,295.59,252.0
1753531672721,12:07:52.721,AAVE/USDT:USDT,295.55,17.0,295.48,295.0,295.57,1650.0,295.59,99.0
1753531673296,12:07:53.296,AAVE/USDT:USDT,295.55,17.0,295.48,295.0,295.57,1650.0,295.59,99.0
1753531673361,12:07:53.361,AAVE/USDT:USDT,295.55,17.0,295.48,295.0,295.57,1650.0,295.6,176.0
1753531673481,12:07:53.481,AAVE/USDT:USDT,295.55,17.0,295.48,295.0,295.57,1650.0,295.59,99.0
1753531674097,12:07:54.097,AAVE/USDT:USDT,295.53,17.0,295.51,35.0,295.56,495.0,295.57,1650.0
1753531674161,12:07:54.161,AAVE/USDT:USDT,295.55,17.0,295.5,158.0,295.57,1650.0,295.6,94.0
1753531674263,12:07:54.263,AAVE/USDT:USDT,295.55,17.0,295.5,158.0,295.57,1650.0,295.6,94.0
1753531674353,12:07:54.353,AAVE/USDT:USDT,295.55,17.0,295.5,158.0,295.57,1650.0,295.6,94.0
1753531674425,12:07:54.425,AAVE/USDT:USDT,295.55,17.0,295.5,158.0,295.57,1650.0,295.6,94.0
1753531674546,12:07:54.546,AAVE/USDT:USDT,295.56,17.0,295.5,158.0,295.57,1650.0,295.6,94.0
1753531674663,12:07:54.663,AAVE/USDT:USDT,295.56,17.0,295.5,99.0,295.57,1650.0,295.59,82.0
1753531674761,12:07:54.761,AAVE/USDT:USDT,295.56,17.0,295.5,99.0,295.57,1650.0,295.59,82.0
1753531674841,12:07:54.841,AAVE/USDT:USDT,295.56,17.0,295.5,99.0,295.57,1650.0,295.59,82.0
1753531675142,12:07:55.142,AAVE/USDT:USDT,295.56,17.0,295.5,99.0,295.57,1650.0,295.59,179.0
1753531675203,12:07:55.203,AAVE/USDT:USDT,295.56,17.0,295.5,99.0,295.57,1650.0,295.59,179.0
1753531675461,12:07:55.461,AAVE/USDT:USDT,295.56,17.0,295.5,99.0,295.57,1650.0,295.59,179.0
1753531675573,12:07:55.573,AAVE/USDT:USDT,295.56,17.0,295.5,99.0,295.57,1650.0,295.59,179.0
1753531675657,12:07:55.657,AAVE/USDT:USDT,295.56,17.0,295.5,99.0,295.57,1650.0,295.59,179.0
1753531675762,12:07:55.762,AAVE/USDT:USDT,295.56,17.0,295.5,99.0,295.57,1650.0,295.59,179.0
1753531676935,12:07:56.935,AAVE/USDT:USDT,295.56,17.0,295.5,99.0,295.57,1650.0,295.59,179.0
1753531677072,12:07:57.072,AAVE/USDT:USDT,295.56,17.0,295.5,99.0,295.57,1650.0,295.59,179.0
1753531677642,12:07:57.642,AAVE/USDT:USDT,295.56,17.0,295.5,157.0,295.57,1650.0,295.59,179.0
1753531677701,12:07:57.701,AAVE/USDT:USDT,295.56,17.0,295.5,157.0,295.57,1650.0,295.59,179.0
1753531677967,12:07:57.967,AAVE/USDT:USDT,295.56,17.0,295.5,157.0,295.57,1650.0,295.59,82.0
1753531678022,12:07:58.022,AAVE/USDT:USDT,295.56,17.0,295.5,157.0,295.57,1650.0,295.59,82.0
1753531678182,12:07:58.182,AAVE/USDT:USDT,295.56,17.0,295.5,157.0,295.57,1650.0,295.59,82.0
1753531678588,12:07:58.588,AAVE/USDT:USDT,295.56,17.0,295.5,157.0,295.57,1650.0,295.59,82.0
1753531678698,12:07:58.698,AAVE/USDT:USDT,295.5,157.0,295.48,181.0,295.56,495.0,295.57,1650.0
1753531678788,12:07:58.788,AAVE/USDT:USDT,295.54,34.0,295.51,97.0,295.55,4.0,295.59,82.0
1753531678881,12:07:58.881,AAVE/USDT:USDT,295.58,17.0,295.51,97.0,295.59,82.0,295.6,699.0
1753531678976,12:07:58.976,AAVE/USDT:USDT,295.58,17.0,295.51,97.0,295.59,82.0,295.6,695.0
1753531679189,12:07:59.189,AAVE/USDT:USDT,295.59,17.0,295.51,97.0,295.6,94.0,295.61,1649.0
1753531679274,12:07:59.274,AAVE/USDT:USDT,295.59,17.0,295.51,97.0,295.6,94.0,295.61,1649.0
1753531679333,12:07:59.333,AAVE/USDT:USDT,295.59,17.0,295.51,97.0,295.6,94.0,295.61,1649.0
1753531679584,12:07:59.584,AAVE/USDT:USDT,295.59,17.0,295.54,117.0,295.61,1649.0,295.64,4.0
1753531679694,12:07:59.694,AAVE/USDT:USDT,295.59,17.0,295.54,117.0,295.61,1649.0,295.64,4.0
1753531679787,12:07:59.787,AAVE/USDT:USDT,295.59,17.0,295.54,117.0,295.61,1649.0,295.64,4.0
1753531679888,12:07:59.888,AAVE/USDT:USDT,295.59,17.0,295.54,117.0,295.61,1649.0,295.64,4.0
1753531679998,12:07:59.998,AAVE/USDT:USDT,295.6,17.0,295.54,312.0,295.64,528.0,295.65,1746.0
1753531680093,12:08:00.093,AAVE/USDT:USDT,295.6,17.0,295.54,410.0,295.64,528.0,295.65,1746.0
1753531680192,12:08:00.192,AAVE/USDT:USDT,295.62,17.0,295.54,293.0,295.64,679.0,295.65,1746.0
1753531680293,12:08:00.293,AAVE/USDT:USDT,295.62,17.0,295.54,293.0,295.64,679.0,295.65,1746.0
1753531680394,12:08:00.394,AAVE/USDT:USDT,295.62,17.0,295.54,293.0,295.64,679.0,295.65,1746.0
1753531680401,12:08:00.401,AAVE/USDT:USDT,295.62,17.0,295.54,293.0,295.64,679.0,295.65,1746.0
1753531680574,12:08:00.574,AAVE/USDT:USDT,295.62,17.0,295.54,293.0,295.64,679.0,295.65,1746.0
1753531680681,12:08:00.681,AAVE/USDT:USDT,295.62,17.0,295.54,293.0,295.64,679.0,295.65,1746.0
1753531680747,12:08:00.747,AAVE/USDT:USDT,295.62,17.0,295.54,293.0,295.64,679.0,295.65,1746.0
1753531681080,12:08:01.080,AAVE/USDT:USDT,295.62,17.0,295.54,293.0,295.64,679.0,295.65,1746.0
1753531681188,12:08:01.188,AAVE/USDT:USDT,295.63,25.0,295.55,98.0,295.64,155.0,295.65,1746.0
1753531681241,12:08:01.241,AAVE/USDT:USDT,295.63,25.0,295.55,196.0,295.64,155.0,295.65,1746.0
1753531681399,12:08:01.399,AAVE/USDT:USDT,295.54,97.0,295.53,145.0,295.63,97.0,295.64,679.0
1753531681464,12:08:01.464,AAVE/USDT:USDT,295.58,17.0,295.54,97.0,295.63,150.0,295.64,679.0
1753531681596,12:08:01.596,AAVE/USDT:USDT,295.59,17.0,295.54,97.0,295.63,4.0,295.64,679.0
1753531681669,12:08:01.669,AAVE/USDT:USDT,295.59,17.0,295.54,293.0,295.63,4.0,295.64,679.0
1753531681798,12:08:01.798,AAVE/USDT:USDT,295.54,97.0,295.53,145.0,295.63,181.0,295.64,679.0
1753531681820,12:08:01.820,AAVE/USDT:USDT,295.54,97.0,295.53,145.0,295.63,181.0,295.64,679.0
1753531681930,12:08:01.930,AAVE/USDT:USDT,295.57,17.0,295.54,97.0,295.62,97.0,295.63,84.0
1753531682082,12:08:02.082,AAVE/USDT:USDT,295.58,17.0,295.57,17.0,295.62,44.0,295.63,274.0
1753531682180,12:08:02.180,AAVE/USDT:USDT,295.58,17.0,295.54,97.0,295.62,44.0,295.63,274.0
1753531682285,12:08:02.285,AAVE/USDT:USDT,295.58,17.0,295.54,97.0,295.62,44.0,295.63,274.0
1753531682389,12:08:02.389,AAVE/USDT:USDT,295.6,17.0,295.55,98.0,295.63,84.0,295.64,679.0
1753531682494,12:08:02.494,AAVE/USDT:USDT,295.6,17.0,295.55,98.0,295.63,82.0,295.64,679.0
1753531682525,12:08:02.525,AAVE/USDT:USDT,295.6,17.0,295.55,196.0,295.63,82.0,295.64,679.0
1753531682698,12:08:02.698,AAVE/USDT:USDT,295.55,196.0,295.54,97.0,295.63,82.0,295.64,679.0
1753531682753,12:08:02.753,AAVE/USDT:USDT,295.57,17.0,295.53,164.0,295.61,222.0,295.62,520.0
1753531682885,12:08:02.885,AAVE/USDT:USDT,295.57,17.0,295.53,164.0,295.61,226.0,295.62,680.0
1753531682925,12:08:02.925,AAVE/USDT:USDT,295.57,17.0,295.53,82.0,295.61,226.0,295.62,680.0
1753531683022,12:08:03.022,AAVE/USDT:USDT,295.58,17.0,295.53,82.0,295.61,226.0,295.62,680.0
1753531683161,12:08:03.161,AAVE/USDT:USDT,295.58,17.0,295.53,82.0,295.61,224.0,295.62,680.0
1753531683396,12:08:03.396,AAVE/USDT:USDT,295.58,17.0,295.53,82.0,295.61,224.0,295.62,680.0
1753531683465,12:08:03.465,AAVE/USDT:USDT,295.58,17.0,295.53,82.0,295.61,158.0,295.62,522.0
1753531683544,12:08:03.544,AAVE/USDT:USDT,295.58,17.0,295.53,82.0,295.61,158.0,295.62,522.0
1753531683741,12:08:03.741,AAVE/USDT:USDT,295.58,17.0,295.53,82.0,295.61,158.0,295.62,522.0
1753531683801,12:08:03.801,AAVE/USDT:USDT,295.58,17.0,295.53,82.0,295.61,158.0,295.62,522.0
1753531683997,12:08:03.997,AAVE/USDT:USDT,295.52,34.0,295.51,97.0,295.58,146.0,295.59,73.0
1753531684086,12:08:04.086,AAVE/USDT:USDT,295.54,17.0,295.5,97.0,295.56,80.0,295.58,66.0
1753531684177,12:08:04.177,AAVE/USDT:USDT,295.54,17.0,295.5,97.0,295.58,66.0,295.59,77.0
1753531684266,12:08:04.266,AAVE/USDT:USDT,295.54,17.0,295.5,97.0,295.58,66.0,295.59,77.0
1753531684389,12:08:04.389,AAVE/USDT:USDT,295.55,17.0,295.5,97.0,295.59,77.0,295.6,243.0
1753531684483,12:08:04.483,AAVE/USDT:USDT,295.56,17.0,295.55,17.0,295.6,150.0,295.61,156.0
1753531684578,12:08:04.578,AAVE/USDT:USDT,295.57,17.0,295.5,293.0,295.6,66.0,295.61,160.0
1753531684681,12:08:04.681,AAVE/USDT:USDT,295.58,17.0,295.54,160.0,295.61,160.0,295.62,440.0
1753531684781,12:08:04.781,AAVE/USDT:USDT,295.55,17.0,295.54,63.0,295.59,85.0,295.6,352.0
1753531684812,12:08:04.812,AAVE/USDT:USDT,295.55,17.0,295.54,63.0,295.59,89.0,295.6,352.0
1753531685039,12:08:05.039,AAVE/USDT:USDT,295.55,17.0,295.54,63.0,295.59,89.0,295.6,282.0
1753531685196,12:08:05.196,AAVE/USDT:USDT,295.55,17.0,295.54,63.0,295.59,89.0,295.6,282.0
1753531685261,12:08:05.261,AAVE/USDT:USDT,295.55,17.0,295.54,63.0,295.59,89.0,295.6,282.0
1753531685490,12:08:05.490,AAVE/USDT:USDT,295.58,17.0,295.54,63.0,295.59,4.0,295.6,136.0
1753531685561,12:08:05.561,AAVE/USDT:USDT,295.58,17.0,295.54,63.0,295.6,136.0,295.61,160.0
1753531685638,12:08:05.638,AAVE/USDT:USDT,295.58,17.0,295.54,63.0,295.6,136.0,295.61,160.0
1753531685820,12:08:05.820,AAVE/USDT:USDT,295.58,17.0,295.53,162.0,295.6,136.0,295.61,160.0
1753531686087,12:08:06.087,AAVE/USDT:USDT,295.58,17.0,295.53,162.0,295.6,136.0,295.61,242.0
1753531686194,12:08:06.194,AAVE/USDT:USDT,295.58,17.0,295.53,162.0,295.6,136.0,295.61,238.0
1753531686221,12:08:06.221,AAVE/USDT:USDT,295.58,17.0,295.53,162.0,295.6,136.0,295.61,238.0
1753531686496,12:08:06.496,AAVE/USDT:USDT,295.53,162.0,295.52,98.0,295.6,136.0,295.61,238.0
1753531686557,12:08:06.557,AAVE/USDT:USDT,295.53,162.0,295.52,98.0,295.6,136.0,295.61,238.0
1753531686654,12:08:06.654,AAVE/USDT:USDT,295.55,17.0,295.53,65.0,295.6,136.0,295.61,238.0
1753531686781,12:08:06.781,AAVE/USDT:USDT,295.55,17.0,295.53,65.0,295.6,136.0,295.61,238.0
1753531686892,12:08:06.892,AAVE/USDT:USDT,295.55,17.0,295.53,65.0,295.6,140.0,295.61,238.0
1753531687062,12:08:07.062,AAVE/USDT:USDT,295.55,17.0,295.53,65.0,295.6,140.0,295.61,238.0
1753531687161,12:08:07.161,AAVE/USDT:USDT,295.55,17.0,295.53,65.0,295.6,140.0,295.61,238.0
1753531687299,12:08:07.299,AAVE/USDT:USDT,295.57,17.0,295.53,162.0,295.6,140.0,295.61,238.0
1753531687391,12:08:07.391,AAVE/USDT:USDT,295.57,17.0,295.53,162.0,295.6,138.0,295.61,238.0
1753531687652,12:08:07.652,AAVE/USDT:USDT,295.57,17.0,295.53,162.0,295.6,138.0,295.61,238.0
1753531687716,12:08:07.716,AAVE/USDT:USDT,295.57,17.0,295.53,162.0,295.6,138.0,295.61,238.0
1753531688197,12:08:08.197,AAVE/USDT:USDT,295.57,17.0,295.53,162.0,295.6,138.0,295.61,238.0
1753531688296,12:08:08.296,AAVE/USDT:USDT,295.59,17.0,295.55,97.0,295.6,2.0,295.62,66.0
1753531688380,12:08:08.380,AAVE/USDT:USDT,295.6,17.0,295.55,97.0,295.62,66.0,295.63,4.0
1753531688447,12:08:08.447,AAVE/USDT:USDT,295.6,17.0,295.55,97.0,295.62,66.0,295.63,4.0
1753531688535,12:08:08.535,AAVE/USDT:USDT,295.6,17.0,295.55,97.0,295.62,66.0,295.63,4.0
1753531688837,12:08:08.837,AAVE/USDT:USDT,295.6,17.0,295.55,97.0,295.62,66.0,295.63,4.0
1753531688902,12:08:08.902,AAVE/USDT:USDT,295.6,17.0,295.55,97.0,295.62,66.0,295.63,4.0
1753531689003,12:08:09.003,AAVE/USDT:USDT,295.6,17.0,295.55,97.0,295.62,66.0,295.63,4.0
1753531689146,12:08:09.146,AAVE/USDT:USDT,295.6,17.0,295.55,97.0,295.62,66.0,295.63,4.0
1753531689260,12:08:09.260,AAVE/USDT:USDT,295.6,17.0,295.55,97.0,295.62,66.0,295.63,4.0
1753531689349,12:08:09.349,AAVE/USDT:USDT,295.6,17.0,295.55,97.0,295.62,66.0,295.63,4.0
1753531689499,12:08:09.499,AAVE/USDT:USDT,295.54,35.0,295.53,97.0,295.61,66.0,295.62,66.0
1753531689579,12:08:09.579,AAVE/USDT:USDT,295.59,17.0,295.54,97.0,295.61,66.0,295.62,66.0
1753531689683,12:08:09.683,AAVE/USDT:USDT,295.59,17.0,295.54,97.0,295.61,66.0,295.62,66.0
1753531689795,12:08:09.795,AAVE/USDT:USDT,295.62,17.0,295.55,98.0,295.63,70.0,295.64,618.0
1753531689891,12:08:09.891,AAVE/USDT:USDT,295.62,17.0,295.55,196.0,295.63,66.0,295.64,618.0
1753531689928,12:08:09.928,AAVE/USDT:USDT,295.62,17.0,295.55,196.0,295.63,66.0,295.64,618.0
1753531690027,12:08:10.027,AAVE/USDT:USDT,295.62,17.0,295.55,196.0,295.63,66.0,295.64,618.0
1753531690178,12:08:10.178,AAVE/USDT:USDT,295.62,17.0,295.55,196.0,295.63,66.0,295.64,618.0
1753531690293,12:08:10.293,AAVE/USDT:USDT,295.61,17.0,295.54,293.0,295.62,80.0,295.63,163.0
1753531690358,12:08:10.358,AAVE/USDT:USDT,295.61,17.0,295.54,293.0,295.62,80.0,295.63,165.0
1753531690596,12:08:10.596,AAVE/USDT:USDT,295.61,17.0,295.54,293.0,295.63,68.0,295.64,618.0
1753531690675,12:08:10.675,AAVE/USDT:USDT,295.61,17.0,295.54,293.0,295.63,66.0,295.64,618.0
1753531690985,12:08:10.985,AAVE/USDT:USDT,295.63,17.0,295.61,17.0,295.64,618.0,295.65,1731.0
1753531691058,12:08:11.058,AAVE/USDT:USDT,295.63,17.0,295.55,196.0,295.64,94.0,295.65,1731.0
1753531691142,12:08:11.142,AAVE/USDT:USDT,295.63,17.0,295.55,196.0,295.64,94.0,295.65,1731.0
1753531691280,12:08:11.280,AAVE/USDT:USDT,295.54,97.0,295.53,82.0,295.64,710.0,295.65,1731.0
1753531691391,12:08:11.391,AAVE/USDT:USDT,295.6,17.0,295.55,97.0,295.63,150.0,295.64,613.0
1753531691483,12:08:11.483,AAVE/USDT:USDT,295.6,17.0,295.55,293.0,295.63,68.0,295.64,613.0
1753531691537,12:08:11.537,AAVE/USDT:USDT,295.6,17.0,295.55,293.0,295.63,68.0,295.64,613.0
1753531691852,12:08:11.852,AAVE/USDT:USDT,295.6,17.0,295.55,293.0,295.63,68.0,295.64,613.0
1753531692172,12:08:12.172,AAVE/USDT:USDT,295.6,17.0,295.55,293.0,295.63,68.0,295.64,613.0
1753531692253,12:08:12.253,AAVE/USDT:USDT,295.6,17.0,295.55,293.0,295.63,68.0,295.64,613.0
1753531692387,12:08:12.387,AAVE/USDT:USDT,295.6,17.0,295.55,293.0,295.61,80.0,295.62,80.0
1753531692406,12:08:12.406,AAVE/USDT:USDT,295.6,17.0,295.55,293.0,295.61,80.0,295.62,80.0
1753531692669,12:08:12.669,AAVE/USDT:USDT,295.6,17.0,295.55,293.0,295.61,80.0,295.62,80.0
1753531692961,12:08:12.961,AAVE/USDT:USDT,295.6,17.0,295.55,293.0,295.62,80.0,295.63,70.0
1753531693089,12:08:13.089,AAVE/USDT:USDT,295.6,17.0,295.55,293.0,295.62,80.0,295.63,70.0
1753531693181,12:08:13.181,AAVE/USDT:USDT,295.6,17.0,295.55,293.0,295.62,80.0,295.63,70.0
1753531693244,12:08:13.244,AAVE/USDT:USDT,295.6,17.0,295.55,293.0,295.62,80.0,295.63,79.0
1753531693302,12:08:13.302,AAVE/USDT:USDT,295.6,17.0,295.55,293.0,295.62,80.0,295.63,79.0
1753531693402,12:08:13.402,AAVE/USDT:USDT,295.6,17.0,295.55,293.0,295.62,80.0,295.63,79.0
1753531693683,12:08:13.683,AAVE/USDT:USDT,295.6,17.0,295.55,293.0,295.62,80.0,295.63,79.0
1753531693897,12:08:13.897,AAVE/USDT:USDT,295.57,17.0,295.53,97.0,295.61,199.0,295.62,296.0
1753531693950,12:08:13.950,AAVE/USDT:USDT,295.57,17.0,295.53,97.0,295.61,199.0,295.62,296.0
1753531694089,12:08:14.089,AAVE/USDT:USDT,295.57,17.0,295.53,97.0,295.61,155.0,295.62,80.0
1753531694112,12:08:14.112,AAVE/USDT:USDT,295.57,17.0,295.53,97.0,295.61,70.0,295.62,80.0
1753531694206,12:08:14.206,AAVE/USDT:USDT,295.57,17.0,295.53,97.0,295.61,66.0,295.62,84.0
1753531694340,12:08:14.340,AAVE/USDT:USDT,295.57,17.0,295.53,97.0,295.61,66.0,295.62,84.0
1753531694625,12:08:14.625,AAVE/USDT:USDT,295.57,17.0,295.53,97.0,295.61,66.0,295.62,84.0
1753531695021,12:08:15.021,AAVE/USDT:USDT,295.57,17.0,295.53,97.0,295.61,66.0,295.62,4.0
1753531695184,12:08:15.184,AAVE/USDT:USDT,295.57,17.0,295.53,97.0,295.61,66.0,295.63,79.0
1753531695331,12:08:15.331,AAVE/USDT:USDT,295.57,17.0,295.53,97.0,295.61,66.0,295.63,79.0
1753531695554,12:08:15.554,AAVE/USDT:USDT,295.57,17.0,295.53,97.0,295.61,66.0,295.63,180.0
1753531695667,12:08:15.667,AAVE/USDT:USDT,295.58,17.0,295.53,195.0,295.61,66.0,295.63,180.0
1753531695792,12:08:15.792,AAVE/USDT:USDT,295.58,17.0,295.53,293.0,295.61,66.0,295.63,180.0
1753531695823,12:08:15.823,AAVE/USDT:USDT,295.58,17.0,295.53,293.0,295.61,66.0,295.63,180.0
1753531695969,12:08:15.969,AAVE/USDT:USDT,295.58,17.0,295.53,293.0,295.61,66.0,295.63,180.0
1753531696293,12:08:16.293,AAVE/USDT:USDT,295.58,17.0,295.53,293.0,295.61,66.0,295.63,180.0
1753531696383,12:08:16.383,AAVE/USDT:USDT,295.58,17.0,295.53,293.0,295.61,66.0,295.63,180.0
1753531696402,12:08:16.402,AAVE/USDT:USDT,295.58,17.0,295.53,293.0,295.61,66.0,295.63,180.0
1753531696687,12:08:16.687,AAVE/USDT:USDT,295.55,17.0,295.54,101.0,295.61,66.0,295.63,180.0
1753531696796,12:08:16.796,AAVE/USDT:USDT,295.59,17.0,295.54,199.0,295.61,66.0,295.63,180.0
1753531696837,12:08:16.837,AAVE/USDT:USDT,295.59,17.0,295.54,199.0,295.61,66.0,295.63,180.0
1753531698066,12:08:18.066,AAVE/USDT:USDT,295.59,17.0,295.54,199.0,295.61,66.0,295.63,180.0
1753531698189,12:08:18.189,AAVE/USDT:USDT,295.59,17.0,295.54,199.0,295.61,66.0,295.63,180.0
1753531698595,12:08:18.595,AAVE/USDT:USDT,295.6,17.0,295.54,199.0,295.63,79.0,295.64,613.0
1753531698629,12:08:18.629,AAVE/USDT:USDT,295.6,17.0,295.55,99.0,295.63,77.0,295.64,613.0
1753531698736,12:08:18.736,AAVE/USDT:USDT,295.6,17.0,295.55,197.0,295.62,101.0,295.63,77.0
1753531698842,12:08:18.842,AAVE/USDT:USDT,295.6,17.0,295.55,197.0,295.62,101.0,295.63,75.0
1753531699011,12:08:19.011,AAVE/USDT:USDT,295.6,17.0,295.55,197.0,295.62,101.0,295.63,75.0
1753531699171,12:08:19.171,AAVE/USDT:USDT,295.6,17.0,295.55,197.0,295.62,101.0,295.63,75.0
1753531699239,12:08:19.239,AAVE/USDT:USDT,295.6,17.0,295.55,197.0,295.62,101.0,295.63,75.0
1753531699421,12:08:19.421,AAVE/USDT:USDT,295.6,17.0,295.55,197.0,295.62,66.0,295.63,75.0
1753531699506,12:08:19.506,AAVE/USDT:USDT,295.6,17.0,295.55,197.0,295.62,167.0,295.63,79.0
1753531699691,12:08:19.691,AAVE/USDT:USDT,295.52,183.0,295.5,298.0,295.62,167.0,295.63,75.0
1753531699781,12:08:19.781,AAVE/USDT:USDT,295.58,17.0,295.52,101.0,295.61,145.0,295.62,189.0
1753531699896,12:08:19.896,AAVE/USDT:USDT,295.58,17.0,295.52,101.0,295.6,101.0,295.61,145.0
1753531699984,12:08:19.984,AAVE/USDT:USDT,295.53,17.0,295.5,216.0,295.59,161.0,295.6,317.0
1753531700097,12:08:20.097,AAVE/USDT:USDT,295.51,17.0,295.48,218.0,295.55,146.0,295.56,146.0
1753531700198,12:08:20.198,AAVE/USDT:USDT,295.47,17.0,295.43,132.0,295.51,247.0,295.52,80.0
1753531700297,12:08:20.297,AAVE/USDT:USDT,295.47,17.0,295.43,10.0,295.51,66.0,295.53,145.0
1753531700384,12:08:20.384,AAVE/USDT:USDT,295.51,25.0,295.5,17.0,295.52,4.0,295.55,80.0
1753531700483,12:08:20.483,AAVE/USDT:USDT,295.52,17.0,295.45,101.0,295.54,95.0,295.55,185.0
1753531700582,12:08:20.582,AAVE/USDT:USDT,295.52,17.0,295.45,101.0,295.54,95.0,295.55,101.0
1753531700698,12:08:20.698,AAVE/USDT:USDT,295.46,17.0,295.45,101.0,295.53,101.0,295.54,95.0
1753531700781,12:08:20.781,AAVE/USDT:USDT,295.46,17.0,295.45,101.0,295.53,105.0,295.54,95.0
1753531700882,12:08:20.882,AAVE/USDT:USDT,295.48,17.0,295.47,17.0,295.52,80.0,295.53,105.0
1753531700975,12:08:20.975,AAVE/USDT:USDT,295.48,17.0,295.44,101.0,295.51,80.0,295.52,80.0
1753531701042,12:08:21.042,AAVE/USDT:USDT,295.48,17.0,295.44,101.0,295.51,80.0,295.52,80.0
1753531701118,12:08:21.118,AAVE/USDT:USDT,295.48,17.0,295.44,101.0,295.51,80.0,295.52,80.0
1753531701213,12:08:21.213,AAVE/USDT:USDT,295.48,17.0,295.44,101.0,295.51,80.0,295.52,80.0
1753531701378,12:08:21.378,AAVE/USDT:USDT,295.48,17.0,295.44,101.0,295.51,80.0,295.52,80.0
1753531701588,12:08:21.588,AAVE/USDT:USDT,295.52,17.0,295.44,101.0,295.53,4.0,295.54,95.0
1753531701666,12:08:21.666,AAVE/USDT:USDT,295.53,17.0,295.44,199.0,295.54,95.0,295.55,4.0
1753531701794,12:08:21.794,AAVE/USDT:USDT,295.54,17.0,295.46,229.0,295.55,2.0,295.57,1742.0
1753531701899,12:08:21.899,AAVE/USDT:USDT,295.48,17.0,295.47,101.0,295.53,66.0,295.54,146.0
1753531701989,12:08:21.989,AAVE/USDT:USDT,295.48,17.0,295.47,101.0,295.53,84.0,295.55,221.0
1753531702098,12:08:22.098,AAVE/USDT:USDT,295.48,17.0,295.44,101.0,295.52,80.0,295.53,181.0
1753531702186,12:08:22.186,AAVE/USDT:USDT,295.48,17.0,295.44,101.0,295.52,4.0,295.53,101.0
1753531702262,12:08:22.262,AAVE/USDT:USDT,295.48,17.0,295.44,101.0,295.53,101.0,295.54,4.0
1753531702362,12:08:22.362,AAVE/USDT:USDT,295.48,17.0,295.44,101.0,295.52,81.0,295.53,270.0
1753531702421,12:08:22.421,AAVE/USDT:USDT,295.48,17.0,295.44,101.0,295.52,85.0,295.53,270.0
1753531702684,12:08:22.684,AAVE/USDT:USDT,295.48,17.0,295.44,101.0,295.52,85.0,295.53,270.0
1753531702721,12:08:22.721,AAVE/USDT:USDT,295.48,17.0,295.44,101.0,295.52,85.0,295.53,270.0
1753531702903,12:08:22.903,AAVE/USDT:USDT,295.48,17.0,295.44,101.0,295.52,85.0,295.53,270.0
1753531703289,12:08:23.289,AAVE/USDT:USDT,295.47,17.0,295.43,10.0,295.51,146.0,295.52,105.0
1753531703388,12:08:23.388,AAVE/USDT:USDT,295.47,17.0,295.43,10.0,295.5,80.0,295.51,146.0
1753531703498,12:08:23.498,AAVE/USDT:USDT,295.47,17.0,295.43,10.0,295.5,2.0,295.51,146.0
1753531703508,12:08:23.508,AAVE/USDT:USDT,295.47,17.0,295.43,10.0,295.51,150.0,295.52,101.0
1753531703796,12:08:23.796,AAVE/USDT:USDT,295.44,17.0,295.43,111.0,295.49,287.0,295.5,374.0
1753531703898,12:08:23.898,AAVE/USDT:USDT,295.53,17.0,295.52,17.0,295.55,141.0,295.56,779.0
1753531703995,12:08:23.995,AAVE/USDT:USDT,295.53,17.0,295.46,101.0,295.54,66.0,295.55,141.0
1753531704096,12:08:24.096,AAVE/USDT:USDT,295.53,17.0,295.46,101.0,295.54,66.0,295.55,143.0
1753531704181,12:08:24.181,AAVE/USDT:USDT,295.53,17.0,295.46,101.0,295.54,66.0,295.55,143.0
1753531704242,12:08:24.242,AAVE/USDT:USDT,295.53,17.0,295.46,101.0,295.54,66.0,295.55,143.0
1753531704621,12:08:24.621,AAVE/USDT:USDT,295.53,17.0,295.46,101.0,295.54,440.0,295.55,143.0
1753531704776,12:08:24.776,AAVE/USDT:USDT,295.53,17.0,295.46,101.0,295.54,440.0,295.55,143.0
1753531704861,12:08:24.861,AAVE/USDT:USDT,295.53,17.0,295.46,101.0,295.54,374.0,295.55,68.0
1753531705141,12:08:25.141,AAVE/USDT:USDT,295.53,17.0,295.46,101.0,295.54,374.0,295.55,225.0
1753531705295,12:08:25.295,AAVE/USDT:USDT,295.47,35.0,295.46,101.0,295.53,112.0,295.54,374.0
1753531705397,12:08:25.397,AAVE/USDT:USDT,295.52,17.0,295.46,101.0,295.54,374.0,295.55,225.0
1753531705484,12:08:25.484,AAVE/USDT:USDT,295.52,17.0,295.46,101.0,295.53,4.0,295.54,374.0
1753531705590,12:08:25.590,AAVE/USDT:USDT,295.53,17.0,295.46,101.0,295.54,374.0,295.55,82.0
1753531705606,12:08:25.606,AAVE/USDT:USDT,295.53,17.0,295.46,101.0,295.54,374.0,295.55,84.0
1753531705731,12:08:25.731,AAVE/USDT:USDT,295.53,17.0,295.46,101.0,295.54,374.0,295.55,84.0
1753531705999,12:08:25.999,AAVE/USDT:USDT,295.53,17.0,295.46,101.0,295.54,374.0,295.55,84.0
1753531706022,12:08:26.022,AAVE/USDT:USDT,295.53,17.0,295.46,101.0,295.54,374.0,295.55,153.0
1753531706103,12:08:26.103,AAVE/USDT:USDT,295.53,17.0,295.46,101.0,295.54,374.0,295.55,153.0
1753531707022,12:08:27.022,AAVE/USDT:USDT,295.53,17.0,295.46,101.0,295.54,374.0,295.55,153.0
1753531707101,12:08:27.101,AAVE/USDT:USDT,295.53,17.0,295.46,101.0,295.54,374.0,295.55,153.0
1753531707294,12:08:27.294,AAVE/USDT:USDT,295.52,17.0,295.44,101.0,295.53,112.0,295.54,374.0
1753531707344,12:08:27.344,AAVE/USDT:USDT,295.52,17.0,295.44,297.0,295.53,80.0,295.54,374.0
1753531707407,12:08:27.407,AAVE/USDT:USDT,295.52,17.0,295.44,297.0,295.53,80.0,295.54,374.0
1753531707538,12:08:27.538,AAVE/USDT:USDT,295.52,17.0,295.44,297.0,295.53,80.0,295.54,374.0
1753531707688,12:08:27.688,AAVE/USDT:USDT,295.52,17.0,295.44,297.0,295.54,374.0,295.55,151.0
1753531707702,12:08:27.702,AAVE/USDT:USDT,295.52,17.0,295.44,297.0,295.54,374.0,295.55,82.0
1753531708099,12:08:28.099,AAVE/USDT:USDT,295.44,101.0,295.43,75.0,295.53,258.0,295.54,374.0
1753531708155,12:08:28.155,AAVE/USDT:USDT,295.48,17.0,295.45,100.0,295.52,4.0,295.53,258.0
1753531708289,12:08:28.289,AAVE/USDT:USDT,295.48,17.0,295.45,100.0,295.52,4.0,295.53,178.0
1753531708314,12:08:28.314,AAVE/USDT:USDT,295.48,17.0,295.45,100.0,295.52,4.0,295.53,178.0
1753531708443,12:08:28.443,AAVE/USDT:USDT,295.48,17.0,295.45,100.0,295.52,4.0,295.53,112.0
1753531708557,12:08:28.557,AAVE/USDT:USDT,295.51,17.0,295.45,100.0,295.53,116.0,295.54,374.0
1753531708625,12:08:28.625,AAVE/USDT:USDT,295.51,17.0,295.45,100.0,295.53,112.0,295.54,374.0
1753531708798,12:08:28.798,AAVE/USDT:USDT,295.5,17.0,295.45,100.0,295.52,302.0,295.53,112.0
1753531708865,12:08:28.865,AAVE/USDT:USDT,295.5,17.0,295.45,100.0,295.52,302.0,295.53,112.0
1753531708902,12:08:28.902,AAVE/USDT:USDT,295.5,17.0,295.45,100.0,295.52,302.0,295.53,112.0
1753531709182,12:08:29.182,AAVE/USDT:USDT,295.5,17.0,295.45,100.0,295.52,302.0,295.53,112.0
1753531709284,12:08:29.284,AAVE/USDT:USDT,295.5,17.0,295.45,100.0,295.52,302.0,295.53,112.0
1753531709386,12:08:29.386,AAVE/USDT:USDT,295.46,34.0,295.45,100.0,295.51,91.0,295.52,302.0
1753531709472,12:08:29.472,AAVE/USDT:USDT,295.46,134.0,295.45,100.0,295.51,95.0,295.52,302.0
1753531709623,12:08:29.623,AAVE/USDT:USDT,295.46,134.0,295.43,75.0,295.51,95.0,295.52,302.0
1753531709706,12:08:29.706,AAVE/USDT:USDT,295.46,134.0,295.43,75.0,295.51,95.0,295.52,302.0
1753531709845,12:08:29.845,AAVE/USDT:USDT,295.46,134.0,295.43,75.0,295.51,95.0,295.52,302.0
1753531710087,12:08:30.087,AAVE/USDT:USDT,295.46,34.0,295.44,100.0,295.51,95.0,295.52,302.0
1753531710187,12:08:30.187,AAVE/USDT:USDT,295.49,17.0,295.44,100.0,295.51,95.0,295.52,302.0
1753531710297,12:08:30.297,AAVE/USDT:USDT,295.53,17.0,295.51,34.0,295.54,374.0,295.55,188.0
1753531710373,12:08:30.373,AAVE/USDT:USDT,295.55,17.0,295.47,100.0,295.57,1648.0,295.58,195.0
1753531710461,12:08:30.461,AAVE/USDT:USDT,295.55,17.0,295.47,100.0,295.56,374.0,295.57,1648.0
1753531710583,12:08:30.583,AAVE/USDT:USDT,295.55,17.0,295.47,100.0,295.56,374.0,295.57,1648.0
1753531710686,12:08:30.686,AAVE/USDT:USDT,295.55,17.0,295.47,198.0,295.56,374.0,295.57,1731.0
1753531710741,12:08:30.741,AAVE/USDT:USDT,295.55,17.0,295.47,296.0,295.56,374.0,295.57,1731.0
1753531710821,12:08:30.821,AAVE/USDT:USDT,295.55,17.0,295.47,296.0,295.56,374.0,295.57,1731.0
1753531711182,12:08:31.182,AAVE/USDT:USDT,295.55,17.0,295.47,296.0,295.56,374.0,295.57,1731.0
1753531711385,12:08:31.385,AAVE/USDT:USDT,295.5,17.0,295.49,17.0,295.55,112.0,295.56,868.0
1753531711491,12:08:31.491,AAVE/USDT:USDT,295.51,17.0,295.47,100.0,295.55,116.0,295.56,868.0
1753531711574,12:08:31.574,AAVE/USDT:USDT,295.45,165.0,295.44,281.0,295.54,98.0,295.55,116.0
1753531711663,12:08:31.663,AAVE/USDT:USDT,295.46,135.0,295.45,165.0,295.53,4.0,295.54,98.0
1753531711794,12:08:31.794,AAVE/USDT:USDT,295.5,17.0,295.46,100.0,295.53,4.0,295.54,98.0
1753531711897,12:08:31.897,AAVE/USDT:USDT,295.52,17.0,295.46,100.0,295.53,2.0,295.56,494.0
1753531711981,12:08:31.981,AAVE/USDT:USDT,295.54,17.0,295.47,98.0,295.55,4.0,295.56,494.0
1753531712082,12:08:32.082,AAVE/USDT:USDT,295.54,17.0,295.47,98.0,295.56,494.0,295.57,1648.0
1753531712173,12:08:32.173,AAVE/USDT:USDT,295.54,17.0,295.47,196.0,295.56,494.0,295.57,1742.0
1753531712249,12:08:32.249,AAVE/USDT:USDT,295.54,17.0,295.47,196.0,295.56,494.0,295.57,1824.0
1753531712361,12:08:32.361,AAVE/USDT:USDT,295.54,17.0,295.47,196.0,295.56,494.0,295.57,1824.0
1753531713259,12:08:33.259,AAVE/USDT:USDT,295.54,17.0,295.47,196.0,295.56,494.0,295.57,1824.0
1753531713307,12:08:33.307,AAVE/USDT:USDT,295.54,17.0,295.47,196.0,295.56,494.0,295.57,1824.0
1753531713457,12:08:33.457,AAVE/USDT:USDT,295.54,17.0,295.47,196.0,295.56,494.0,295.57,1903.0
1753531713501,12:08:33.501,AAVE/USDT:USDT,295.54,17.0,295.47,196.0,295.56,494.0,295.57,1903.0
1753531713639,12:08:33.639,AAVE/USDT:USDT,295.54,17.0,295.48,196.0,295.56,494.0,295.57,1903.0
1753531713778,12:08:33.778,AAVE/USDT:USDT,295.54,17.0,295.48,196.0,295.55,100.0,295.56,494.0
1753531713897,12:08:33.897,AAVE/USDT:USDT,295.44,182.0,295.43,214.0,295.55,100.0,295.56,494.0
1753531713998,12:08:33.998,AAVE/USDT:USDT,295.51,17.0,295.5,17.0,295.53,100.0,295.54,4.0
1753531714021,12:08:34.021,AAVE/USDT:USDT,295.52,17.0,295.46,100.0,295.54,225.0,295.55,100.0
1753531714196,12:08:34.196,AAVE/USDT:USDT,295.52,17.0,295.46,100.0,295.54,225.0,295.55,100.0
1753531714299,12:08:34.299,AAVE/USDT:USDT,295.52,17.0,295.46,100.0,295.54,225.0,295.55,100.0
1753531714299,12:08:34.299,AAVE/USDT:USDT,295.52,17.0,295.46,100.0,295.54,225.0,295.55,100.0
1753531714748,12:08:34.748,AAVE/USDT:USDT,295.52,17.0,295.46,100.0,295.54,225.0,295.55,100.0
1753531715182,12:08:35.182,AAVE/USDT:USDT,295.52,17.0,295.45,180.0,295.53,101.0,295.54,225.0
1753531715285,12:08:35.285,AAVE/USDT:USDT,295.46,35.0,295.44,182.0,295.53,169.0,295.54,225.0
1753531715391,12:08:35.391,AAVE/USDT:USDT,295.51,17.0,295.44,100.0,295.52,4.0,295.53,169.0
1753531715421,12:08:35.421,AAVE/USDT:USDT,295.51,17.0,295.44,100.0,295.53,68.0,295.54,225.0
1753531715598,12:08:35.598,AAVE/USDT:USDT,295.46,17.0,295.45,17.0,295.51,101.0,295.52,101.0
1753531715685,12:08:35.685,AAVE/USDT:USDT,295.49,17.0,295.43,306.0,295.5,2.0,295.52,101.0
1753531715793,12:08:35.793,AAVE/USDT:USDT,295.49,17.0,295.44,97.0,295.51,2.0,295.53,169.0
1753531715861,12:08:35.861,AAVE/USDT:USDT,295.49,17.0,295.44,97.0,295.52,4.0,295.53,169.0
1753531715932,12:08:35.932,AAVE/USDT:USDT,295.49,17.0,295.44,97.0,295.52,103.0,295.53,169.0
1753531716082,12:08:36.082,AAVE/USDT:USDT,295.49,17.0,295.44,97.0,295.52,101.0,295.53,68.0
1753531716259,12:08:36.259,AAVE/USDT:USDT,295.49,17.0,295.44,97.0,295.52,101.0,295.53,68.0
1753531716542,12:08:36.542,AAVE/USDT:USDT,295.49,17.0,295.44,97.0,295.51,101.0,295.52,43.0
1753531716604,12:08:36.604,AAVE/USDT:USDT,295.49,17.0,295.44,97.0,295.51,101.0,295.52,43.0
1753531716779,12:08:36.779,AAVE/USDT:USDT,295.45,17.0,295.44,35.0,295.51,101.0,295.52,43.0
1753531716832,12:08:36.832,AAVE/USDT:USDT,295.47,17.0,295.43,10.0,295.5,105.0,295.52,43.0
1753531716980,12:08:36.980,AAVE/USDT:USDT,295.47,17.0,295.43,10.0,295.5,101.0,295.52,43.0
1753531717093,12:08:37.093,AAVE/USDT:USDT,295.47,17.0,295.43,10.0,295.5,101.0,295.52,43.0
1753531717178,12:08:37.178,AAVE/USDT:USDT,295.47,17.0,295.43,10.0,295.5,101.0,295.52,43.0
1753531717375,12:08:37.375,AAVE/USDT:USDT,295.47,17.0,295.43,10.0,295.5,101.0,295.53,68.0
1753531717492,12:08:37.492,AAVE/USDT:USDT,295.43,10.0,295.42,158.0,295.5,101.0,295.53,68.0
1753531717598,12:08:37.598,AAVE/USDT:USDT,295.47,17.0,295.43,10.0,295.49,4.0,295.51,101.0
1753531717626,12:08:37.626,AAVE/USDT:USDT,295.47,17.0,295.43,10.0,295.5,105.0,295.51,183.0
1753531717774,12:08:37.774,AAVE/USDT:USDT,295.47,17.0,295.43,10.0,295.5,101.0,295.51,82.0
1753531718021,12:08:38.021,AAVE/USDT:USDT,295.47,17.0,295.43,10.0,295.5,101.0,295.51,82.0
1753531718177,12:08:38.177,AAVE/USDT:USDT,295.47,17.0,295.43,10.0,295.5,101.0,295.51,82.0
1753531718281,12:08:38.281,AAVE/USDT:USDT,295.48,17.0,295.43,10.0,295.51,82.0,295.52,162.0
1753531718338,12:08:38.338,AAVE/USDT:USDT,295.48,17.0,295.43,10.0,295.51,82.0,295.52,162.0
1753531718449,12:08:38.449,AAVE/USDT:USDT,295.48,17.0,295.43,10.0,295.5,101.0,295.51,82.0
1753531718844,12:08:38.844,AAVE/USDT:USDT,295.48,17.0,295.43,10.0,295.5,101.0,295.51,82.0
1753531719082,12:08:39.082,AAVE/USDT:USDT,295.46,17.0,295.44,35.0,295.5,101.0,295.51,82.0
1753531719188,12:08:39.188,AAVE/USDT:USDT,295.43,10.0,295.42,10.0,295.5,101.0,295.51,82.0
1753531719283,12:08:39.283,AAVE/USDT:USDT,295.46,17.0,295.43,10.0,295.49,4.0,295.5,101.0
1753531719372,12:08:39.372,AAVE/USDT:USDT,295.46,17.0,295.43,10.0,295.49,2.0,295.5,101.0
1753531719478,12:08:39.478,AAVE/USDT:USDT,295.46,17.0,295.43,10.0,295.49,2.0,295.51,183.0
1753531719580,12:08:39.580,AAVE/USDT:USDT,295.46,17.0,295.43,10.0,295.5,4.0,295.51,183.0
1753531719697,12:08:39.697,AAVE/USDT:USDT,295.49,25.0,295.43,10.0,295.5,105.0,295.51,183.0
1753531719795,12:08:39.795,AAVE/USDT:USDT,295.49,25.0,295.43,10.0,295.5,101.0,295.51,82.0
1753531719896,12:08:39.896,AAVE/USDT:USDT,295.49,25.0,295.43,10.0,295.5,101.0,295.51,82.0
1753531719999,12:08:39.999,AAVE/USDT:USDT,295.49,25.0,295.43,10.0,295.5,101.0,295.51,82.0
1753531720125,12:08:40.125,AAVE/USDT:USDT,295.49,25.0,295.43,10.0,295.5,101.0,295.51,82.0
1753531720294,12:08:40.294,AAVE/USDT:USDT,295.43,10.0,295.42,10.0,295.48,181.0,295.49,216.0
1753531720388,12:08:40.388,AAVE/USDT:USDT,295.43,10.0,295.42,10.0,295.46,66.0,295.47,103.0
1753531720481,12:08:40.481,AAVE/USDT:USDT,295.43,10.0,295.42,10.0,295.47,2.0,295.48,80.0
1753531720582,12:08:40.582,AAVE/USDT:USDT,295.43,10.0,295.42,10.0,295.47,103.0,295.48,80.0
1753531720601,12:08:40.601,AAVE/USDT:USDT,295.43,10.0,295.42,10.0,295.47,103.0,295.48,80.0
1753531720769,12:08:40.769,AAVE/USDT:USDT,295.43,10.0,295.42,10.0,295.47,103.0,295.49,146.0
1753531720884,12:08:40.884,AAVE/USDT:USDT,295.43,10.0,295.42,10.0,295.47,103.0,295.49,146.0
1753531720997,12:08:40.997,AAVE/USDT:USDT,295.43,10.0,295.42,10.0,295.46,146.0,295.47,148.0
1753531721095,12:08:41.095,AAVE/USDT:USDT,295.43,10.0,295.42,10.0,295.44,80.0,295.45,181.0
1753531721155,12:08:41.155,AAVE/USDT:USDT,295.43,10.0,295.42,10.0,295.44,101.0,295.45,80.0
1753531721261,12:08:41.261,AAVE/USDT:USDT,295.43,10.0,295.42,10.0,295.44,101.0,295.45,80.0
1753531721372,12:08:41.372,AAVE/USDT:USDT,295.43,10.0,295.42,10.0,295.46,101.0,295.47,47.0
1753531721786,12:08:41.786,AAVE/USDT:USDT,295.43,10.0,295.42,10.0,295.46,101.0,295.47,47.0
1753531721940,12:08:41.940,AAVE/USDT:USDT,295.43,10.0,295.42,10.0,295.47,47.0,295.48,214.0
1753531722089,12:08:42.089,AAVE/USDT:USDT,295.46,17.0,295.43,10.0,295.47,105.0,295.49,174.0
1753531722112,12:08:42.112,AAVE/USDT:USDT,295.46,17.0,295.43,10.0,295.47,101.0,295.48,2.0
1753531722262,12:08:42.262,AAVE/USDT:USDT,295.46,17.0,295.43,10.0,295.47,101.0,295.48,2.0
1753531722353,12:08:42.353,AAVE/USDT:USDT,295.46,17.0,295.43,10.0,295.48,2.0,295.49,174.0
1753531722418,12:08:42.418,AAVE/USDT:USDT,295.46,17.0,295.43,10.0,295.49,174.0,295.5,101.0
1753531722575,12:08:42.575,AAVE/USDT:USDT,295.46,17.0,295.43,10.0,295.49,174.0,295.5,101.0
1753531722690,12:08:42.690,AAVE/USDT:USDT,295.46,17.0,295.43,10.0,295.49,94.0,295.51,183.0
1753531722716,12:08:42.716,AAVE/USDT:USDT,295.46,17.0,295.43,10.0,295.49,94.0,295.51,183.0
1753531722988,12:08:42.988,AAVE/USDT:USDT,295.46,17.0,295.43,10.0,295.49,94.0,295.51,183.0
1753531723005,12:08:43.005,AAVE/USDT:USDT,295.46,17.0,295.43,10.0,295.49,94.0,295.51,183.0
1753531723275,12:08:43.275,AAVE/USDT:USDT,295.46,17.0,295.43,10.0,295.48,101.0,295.49,94.0
1753531723325,12:08:43.325,AAVE/USDT:USDT,295.43,10.0,295.42,10.0,295.48,101.0,295.49,94.0
1753531723480,12:08:43.480,AAVE/USDT:USDT,295.45,6.0,295.43,10.0,295.47,103.0,295.49,94.0
1753531723596,12:08:43.596,AAVE/USDT:USDT,295.45,6.0,295.43,10.0,295.49,195.0,295.51,183.0
1753531723797,12:08:43.797,AAVE/USDT:USDT,295.45,6.0,295.43,10.0,295.49,195.0,295.51,183.0
1753531723889,12:08:43.889,AAVE/USDT:USDT,295.45,6.0,295.43,10.0,295.49,195.0,295.51,183.0
1753531724085,12:08:44.085,AAVE/USDT:USDT,295.46,17.0,295.43,10.0,295.49,94.0,295.51,183.0
1753531724121,12:08:44.121,AAVE/USDT:USDT,295.46,17.0,295.43,10.0,295.49,94.0,295.51,183.0
1753531724309,12:08:44.309,AAVE/USDT:USDT,295.46,17.0,295.43,10.0,295.49,94.0,295.51,183.0
1753531724727,12:08:44.727,AAVE/USDT:USDT,295.46,17.0,295.43,10.0,295.49,94.0,295.51,183.0
1753531725100,12:08:45.100,AAVE/USDT:USDT,295.46,17.0,295.43,10.0,295.48,80.0,295.49,94.0
1753531725140,12:08:45.140,AAVE/USDT:USDT,295.46,17.0,295.43,10.0,295.48,80.0,295.49,94.0
