timestamp,time,symbol,bid1_price,bid1_volume,bid2_price,bid2_volume,ask1_price,ask1_volume,ask2_price,ask2_volume
1753531562000,12:06:02.000,ALT/USDT:USDT,0.03407,322.0,0.03404,6056.0,0.03409,87233.0,0.0341,63374.0
1753531562640,12:06:02.640,ALT/USDT:USDT,0.03407,322.0,0.03404,6056.0,0.03409,87233.0,0.0341,63374.0
1753531563060,12:06:03.060,ALT/USDT:USDT,0.03407,322.0,0.03404,6056.0,0.03409,87233.0,0.0341,63374.0
1753531563351,12:06:03.351,ALT/USDT:USDT,0.03407,322.0,0.03404,6056.0,0.03409,87233.0,0.0341,63374.0
1753531563499,12:06:03.499,ALT/USDT:USDT,0.03407,322.0,0.03404,6056.0,0.03409,87233.0,0.0341,63374.0
1753531563649,12:06:03.649,ALT/USDT:USDT,0.03407,322.0,0.03404,6056.0,0.03409,87233.0,0.0341,63374.0
1753531563732,12:06:03.732,ALT/USDT:USDT,0.03407,322.0,0.03404,6056.0,0.03409,87233.0,0.0341,63374.0
1753531563883,12:06:03.883,ALT/USDT:USDT,0.03407,322.0,0.03404,6056.0,0.03409,87233.0,0.0341,63374.0
1753531563918,12:06:03.918,ALT/USDT:USDT,0.03407,322.0,0.03404,6056.0,0.03409,87233.0,0.0341,63374.0
1753531564101,12:06:04.101,ALT/USDT:USDT,0.03407,322.0,0.03404,6056.0,0.03409,87233.0,0.0341,63374.0
1753531564700,12:06:04.700,ALT/USDT:USDT,0.03407,322.0,0.03404,6056.0,0.03409,87233.0,0.0341,63374.0
1753531564865,12:06:04.865,ALT/USDT:USDT,0.03407,322.0,0.03404,6056.0,0.03409,87233.0,0.0341,63374.0
1753531565167,12:06:05.167,ALT/USDT:USDT,0.03407,322.0,0.03404,6056.0,0.03409,87233.0,0.0341,63374.0
1753531565302,12:06:05.302,ALT/USDT:USDT,0.03407,322.0,0.03404,6056.0,0.03409,87233.0,0.0341,63374.0
1753531565614,12:06:05.614,ALT/USDT:USDT,0.03407,322.0,0.03404,6056.0,0.03409,87233.0,0.0341,63374.0
1753531565745,12:06:05.745,ALT/USDT:USDT,0.03407,322.0,0.03404,6056.0,0.03409,87233.0,0.0341,63374.0
1753531566201,12:06:06.201,ALT/USDT:USDT,0.03407,322.0,0.03404,6056.0,0.03409,87233.0,0.0341,63374.0
1753531566232,12:06:06.232,ALT/USDT:USDT,0.03407,322.0,0.03404,6056.0,0.03409,87233.0,0.0341,63374.0
1753531566653,12:06:06.653,ALT/USDT:USDT,0.03407,322.0,0.03404,6056.0,0.03409,87233.0,0.0341,63374.0
1753531566803,12:06:06.803,ALT/USDT:USDT,0.03407,322.0,0.03404,6056.0,0.03409,87233.0,0.0341,63374.0
1753531566978,12:06:06.978,ALT/USDT:USDT,0.03407,322.0,0.03404,6056.0,0.03409,82013.0,0.0341,63374.0
1753531567109,12:06:07.109,ALT/USDT:USDT,0.03407,322.0,0.03404,6056.0,0.03409,82013.0,0.0341,63374.0
1753531567246,12:06:07.246,ALT/USDT:USDT,0.03407,322.0,0.03404,6056.0,0.03409,82013.0,0.0341,63374.0
1753531568753,12:06:08.753,ALT/USDT:USDT,0.03407,322.0,0.03404,6056.0,0.03409,84757.0,0.0341,63374.0
1753531568903,12:06:08.903,ALT/USDT:USDT,0.03407,322.0,0.03404,6056.0,0.03409,84757.0,0.0341,63374.0
1753531569367,12:06:09.367,ALT/USDT:USDT,0.03407,322.0,0.03404,6056.0,0.03409,84757.0,0.0341,63374.0
1753531569504,12:06:09.504,ALT/USDT:USDT,0.03407,322.0,0.03404,6056.0,0.03409,84757.0,0.0341,63374.0
1753531569615,12:06:09.615,ALT/USDT:USDT,0.03407,322.0,0.03404,6056.0,0.03409,84757.0,0.0341,63374.0
1753531569804,12:06:09.804,ALT/USDT:USDT,0.03407,322.0,0.03404,6056.0,0.03409,84757.0,0.0341,63374.0
1753531569955,12:06:09.955,ALT/USDT:USDT,0.03407,322.0,0.03404,6056.0,0.03409,84757.0,0.0341,63374.0
1753531570069,12:06:10.069,ALT/USDT:USDT,0.03407,322.0,0.03404,6056.0,0.03409,82013.0,0.0341,63374.0
1753531570711,12:06:10.711,ALT/USDT:USDT,0.03407,322.0,0.03404,6056.0,0.03409,82013.0,0.0341,63374.0
1753531571121,12:06:11.121,ALT/USDT:USDT,0.03407,322.0,0.03404,6056.0,0.03409,82013.0,0.0341,63374.0
1753531571834,12:06:11.834,ALT/USDT:USDT,0.03407,322.0,0.03404,6056.0,0.03409,82013.0,0.0341,63374.0
1753531572779,12:06:12.779,ALT/USDT:USDT,0.03407,322.0,0.03404,6056.0,0.03409,82013.0,0.0341,63374.0
1753531573218,12:06:13.218,ALT/USDT:USDT,0.03407,322.0,0.03404,6056.0,0.03409,82013.0,0.0341,63374.0
1753531573485,12:06:13.485,ALT/USDT:USDT,0.03407,322.0,0.03404,6056.0,0.03409,82013.0,0.0341,63374.0
1753531574802,12:06:14.802,ALT/USDT:USDT,0.03407,322.0,0.03404,6056.0,0.03409,82013.0,0.0341,63374.0
1753531574869,12:06:14.869,ALT/USDT:USDT,0.03407,322.0,0.03404,6056.0,0.03409,82013.0,0.0341,63374.0
1753531575810,12:06:15.810,ALT/USDT:USDT,0.03407,322.0,0.03404,6056.0,0.03409,8800.0,0.0341,63374.0
1753531575881,12:06:15.881,ALT/USDT:USDT,0.03408,6056.0,0.03407,322.0,0.0341,63374.0,0.03411,226509.0
1753531575945,12:06:15.945,ALT/USDT:USDT,0.03408,6056.0,0.03404,6056.0,0.03409,72951.0,0.0341,63374.0
1753531576018,12:06:16.018,ALT/USDT:USDT,0.03408,6056.0,0.03405,12.0,0.03409,73653.0,0.0341,63374.0
1753531576216,12:06:16.216,ALT/USDT:USDT,0.03408,6056.0,0.03405,12.0,0.03409,73653.0,0.0341,63374.0
1753531577574,12:06:17.574,ALT/USDT:USDT,0.03408,6056.0,0.03405,12.0,0.03409,73653.0,0.03411,15262.0
1753531577618,12:06:17.618,ALT/USDT:USDT,0.03408,6056.0,0.03405,12.0,0.03409,72951.0,0.0341,702.0
1753531578917,12:06:18.917,ALT/USDT:USDT,0.03408,6056.0,0.03405,12.0,0.03409,72951.0,0.0341,702.0
1753531579883,12:06:19.883,ALT/USDT:USDT,0.03408,6056.0,0.03405,12.0,0.03409,72951.0,0.0341,702.0
1753531580222,12:06:20.222,ALT/USDT:USDT,0.03408,6056.0,0.03405,12.0,0.03409,72951.0,0.0341,702.0
1753531583189,12:06:23.189,ALT/USDT:USDT,0.03408,6056.0,0.03405,12.0,0.03409,72951.0,0.0341,702.0
1753531583626,12:06:23.626,ALT/USDT:USDT,0.03408,6056.0,0.03405,12.0,0.03409,72951.0,0.0341,702.0
1753531584683,12:06:24.683,ALT/USDT:USDT,0.03408,6056.0,0.03405,12.0,0.03409,72951.0,0.0341,702.0
1753531588797,12:06:28.797,ALT/USDT:USDT,0.03408,6056.0,0.03405,12.0,0.03409,72951.0,0.0341,702.0
1753531589484,12:06:29.484,ALT/USDT:USDT,0.03408,6056.0,0.03405,12.0,0.03409,72951.0,0.0341,702.0
1753531591339,12:06:31.339,ALT/USDT:USDT,0.03407,6056.0,0.03405,12.0,0.03409,72951.0,0.0341,702.0
1753531591425,12:06:31.425,ALT/USDT:USDT,0.03407,6056.0,0.03404,6056.0,0.03409,72951.0,0.03411,15262.0
1753531591967,12:06:31.967,ALT/USDT:USDT,0.03407,6056.0,0.03404,6056.0,0.03409,72951.0,0.03411,15262.0
1753531592430,12:06:32.430,ALT/USDT:USDT,0.03407,6056.0,0.03404,6056.0,0.03409,72951.0,0.03411,15262.0
1753531593091,12:06:33.091,ALT/USDT:USDT,0.03405,12.0,0.03404,6056.0,0.03407,702.0,0.03408,21885.0
1753531593134,12:06:33.134,ALT/USDT:USDT,0.03405,12.0,0.03404,6056.0,0.03407,702.0,0.03408,21885.0
1753531593307,12:06:33.307,ALT/USDT:USDT,0.03405,12.0,0.03404,6056.0,0.03407,702.0,0.03408,21885.0
1753531593371,12:06:33.371,ALT/USDT:USDT,0.03405,12.0,0.03404,6056.0,0.03407,702.0,0.03408,21885.0
1753531593471,12:06:33.471,ALT/USDT:USDT,0.03405,12.0,0.03404,6056.0,0.03407,702.0,0.03408,21885.0
1753531593679,12:06:33.679,ALT/USDT:USDT,0.03405,12.0,0.03404,6056.0,0.03407,702.0,0.03408,21885.0
1753531593795,12:06:33.795,ALT/USDT:USDT,0.03405,12.0,0.03404,6056.0,0.03407,702.0,0.03408,21885.0
1753531593899,12:06:33.899,ALT/USDT:USDT,0.03405,12.0,0.03404,6056.0,0.03407,702.0,0.03408,21885.0
1753531594284,12:06:34.284,ALT/USDT:USDT,0.03405,12.0,0.03404,6056.0,0.03407,702.0,0.03408,21885.0
1753531594327,12:06:34.327,ALT/USDT:USDT,0.03405,12.0,0.03404,6056.0,0.03407,702.0,0.03408,21885.0
1753531596882,12:06:36.882,ALT/USDT:USDT,0.03405,12.0,0.03404,6056.0,0.03407,702.0,0.03408,21885.0
1753531597023,12:06:37.023,ALT/USDT:USDT,0.03405,12.0,0.03404,6056.0,0.03407,702.0,0.03408,21885.0
1753531597154,12:06:37.154,ALT/USDT:USDT,0.03405,12.0,0.03404,6056.0,0.03407,702.0,0.03408,21885.0
1753531597436,12:06:37.436,ALT/USDT:USDT,0.03405,12.0,0.03404,6056.0,0.03407,702.0,0.03408,21885.0
1753531598640,12:06:38.640,ALT/USDT:USDT,0.03405,12.0,0.03404,6056.0,0.03407,702.0,0.03408,21885.0
1753531598829,12:06:38.829,ALT/USDT:USDT,0.03405,12.0,0.03404,6056.0,0.03407,702.0,0.03408,21885.0
1753531599084,12:06:39.084,ALT/USDT:USDT,0.03405,12.0,0.03404,6056.0,0.03407,702.0,0.03408,21885.0
1753531599988,12:06:39.988,ALT/USDT:USDT,0.03405,12.0,0.03404,6056.0,0.03407,702.0,0.03408,21885.0
1753531600164,12:06:40.164,ALT/USDT:USDT,0.03405,12.0,0.03404,6056.0,0.03407,702.0,0.03409,72951.0
1753531600259,12:06:40.259,ALT/USDT:USDT,0.03405,12.0,0.03404,6056.0,0.03407,6689.0,0.03408,22587.0
1753531600318,12:06:40.318,ALT/USDT:USDT,0.03405,12.0,0.03404,6056.0,0.03407,6689.0,0.03408,21885.0
1753531601494,12:06:41.494,ALT/USDT:USDT,0.03405,12.0,0.03404,6056.0,0.03408,21885.0,0.03409,72951.0
1753531601527,12:06:41.527,ALT/USDT:USDT,0.03405,12.0,0.03404,6056.0,0.03407,702.0,0.03408,21885.0
1753531601693,12:06:41.693,ALT/USDT:USDT,0.03405,12.0,0.03404,6056.0,0.03407,702.0,0.03408,21885.0
1753531601770,12:06:41.770,ALT/USDT:USDT,0.03405,12.0,0.03404,6056.0,0.03407,702.0,0.03408,21885.0
1753531601911,12:06:41.911,ALT/USDT:USDT,0.03405,12.0,0.03404,6056.0,0.03407,702.0,0.03408,21885.0
1753531602380,12:06:42.380,ALT/USDT:USDT,0.03405,12.0,0.03404,6056.0,0.03407,702.0,0.03408,21885.0
1753531602799,12:06:42.799,ALT/USDT:USDT,0.03405,12.0,0.03404,6056.0,0.03407,702.0,0.03408,21885.0
1753531603128,12:06:43.128,ALT/USDT:USDT,0.03405,12.0,0.03404,6056.0,0.03407,702.0,0.03408,21885.0
1753531603893,12:06:43.893,ALT/USDT:USDT,0.03405,12.0,0.03404,6056.0,0.03407,702.0,0.03408,21885.0
1753531604068,12:06:44.068,ALT/USDT:USDT,0.03405,12.0,0.03404,6056.0,0.03407,702.0,0.03408,21885.0
1753531604196,12:06:44.196,ALT/USDT:USDT,0.03405,12.0,0.03404,6056.0,0.03407,702.0,0.03408,21885.0
1753531604345,12:06:44.345,ALT/USDT:USDT,0.03405,12.0,0.03404,6056.0,0.03407,702.0,0.03408,21885.0
1753531604592,12:06:44.592,ALT/USDT:USDT,0.03405,12.0,0.03404,6056.0,0.03407,702.0,0.03408,21885.0
1753531604932,12:06:44.932,ALT/USDT:USDT,0.03405,12.0,0.03404,6056.0,0.03407,702.0,0.03408,21885.0
1753531605020,12:06:45.020,ALT/USDT:USDT,0.03405,12.0,0.03404,6056.0,0.03407,702.0,0.03408,21885.0
1753531605584,12:06:45.584,ALT/USDT:USDT,0.03405,12.0,0.03404,6056.0,0.03407,702.0,0.03408,21885.0
1753531608575,12:06:48.575,ALT/USDT:USDT,0.03405,12.0,0.03404,6056.0,0.03407,702.0,0.03408,21885.0
1753531608684,12:06:48.684,ALT/USDT:USDT,0.03405,12.0,0.03404,6056.0,0.03407,702.0,0.03408,21885.0
1753531608723,12:06:48.723,ALT/USDT:USDT,0.03405,12.0,0.03404,6056.0,0.03407,702.0,0.03408,21885.0
1753531609006,12:06:49.006,ALT/USDT:USDT,0.03405,12.0,0.03404,6056.0,0.03407,702.0,0.03408,21885.0
1753531609273,12:06:49.273,ALT/USDT:USDT,0.03405,12.0,0.03404,6056.0,0.03407,702.0,0.03408,21885.0
1753531609596,12:06:49.596,ALT/USDT:USDT,0.03405,12.0,0.03404,6056.0,0.03407,702.0,0.03408,21885.0
1753531609636,12:06:49.636,ALT/USDT:USDT,0.03405,12.0,0.03404,6056.0,0.03407,702.0,0.03408,21885.0
1753531610454,12:06:50.454,ALT/USDT:USDT,0.03405,12.0,0.03404,6056.0,0.03407,702.0,0.03408,21885.0
1753531610602,12:06:50.602,ALT/USDT:USDT,0.03405,12.0,0.03404,6056.0,0.03407,702.0,0.03408,21885.0
1753531611063,12:06:51.063,ALT/USDT:USDT,0.03405,12.0,0.03404,6056.0,0.03407,702.0,0.03408,21885.0
1753531612036,12:06:52.036,ALT/USDT:USDT,0.03405,12.0,0.03404,6056.0,0.03407,702.0,0.03408,21885.0
1753531613485,12:06:53.485,ALT/USDT:USDT,0.03405,12.0,0.03404,6056.0,0.03407,702.0,0.03408,21885.0
1753531613585,12:06:53.585,ALT/USDT:USDT,0.03405,12.0,0.03404,6056.0,0.03407,702.0,0.03408,21885.0
1753531613622,12:06:53.622,ALT/USDT:USDT,0.03405,12.0,0.03404,6056.0,0.03407,702.0,0.03408,21885.0
1753531614594,12:06:54.594,ALT/USDT:USDT,0.03405,12.0,0.03404,6056.0,0.03407,702.0,0.03408,21885.0
1753531614625,12:06:54.625,ALT/USDT:USDT,0.03405,12.0,0.03404,6056.0,0.03407,702.0,0.03408,21885.0
1753531614722,12:06:54.722,ALT/USDT:USDT,0.03405,12.0,0.03404,6056.0,0.03407,702.0,0.03408,21885.0
1753531615022,12:06:55.022,ALT/USDT:USDT,0.03405,12.0,0.03404,6056.0,0.03407,702.0,0.03408,21885.0
1753531615297,12:06:55.297,ALT/USDT:USDT,0.03405,12.0,0.03404,6056.0,0.03407,702.0,0.03408,21885.0
1753531616097,12:06:56.097,ALT/USDT:USDT,0.03405,12.0,0.03404,6056.0,0.03407,702.0,0.03408,21885.0
1753531616609,12:06:56.609,ALT/USDT:USDT,0.03405,12.0,0.03404,6056.0,0.03407,702.0,0.03408,21885.0
1753531617025,12:06:57.025,ALT/USDT:USDT,0.03405,12.0,0.03404,6056.0,0.03407,702.0,0.03408,21885.0
1753531617617,12:06:57.617,ALT/USDT:USDT,0.03405,12.0,0.03404,6056.0,0.03407,702.0,0.03408,21885.0
1753531618285,12:06:58.285,ALT/USDT:USDT,0.03405,12.0,0.03404,6056.0,0.03407,702.0,0.03408,21885.0
1753531618621,12:06:58.621,ALT/USDT:USDT,0.03405,12.0,0.03404,6056.0,0.03407,702.0,0.03408,21885.0
1753531619000,12:06:59.000,ALT/USDT:USDT,0.03405,12.0,0.03404,6056.0,0.03407,702.0,0.03408,21885.0
1753531619630,12:06:59.630,ALT/USDT:USDT,0.03405,12.0,0.03404,6056.0,0.03407,702.0,0.03408,21885.0
1753531620032,12:07:00.032,ALT/USDT:USDT,0.03405,12.0,0.03404,6056.0,0.03407,702.0,0.03408,21885.0
1753531621637,12:07:01.637,ALT/USDT:USDT,0.03405,12.0,0.03404,6056.0,0.03407,702.0,0.03408,21885.0
1753531623101,12:07:03.101,ALT/USDT:USDT,0.03405,12.0,0.03404,6056.0,0.03407,702.0,0.03408,21885.0
1753531623641,12:07:03.641,ALT/USDT:USDT,0.03405,12.0,0.03404,6056.0,0.03407,702.0,0.03408,21885.0
1753531624035,12:07:04.035,ALT/USDT:USDT,0.03405,12.0,0.03404,6056.0,0.03407,702.0,0.03408,21885.0
1753531624648,12:07:04.648,ALT/USDT:USDT,0.03405,12.0,0.03404,6056.0,0.03407,702.0,0.03408,21885.0
1753531625008,12:07:05.008,ALT/USDT:USDT,0.03405,12.0,0.03404,6056.0,0.03407,702.0,0.03408,21885.0
1753531626044,12:07:06.044,ALT/USDT:USDT,0.03405,12.0,0.03404,6056.0,0.03407,702.0,0.03408,21885.0
1753531626649,12:07:06.649,ALT/USDT:USDT,0.03405,12.0,0.03404,6056.0,0.03407,702.0,0.03408,21885.0
1753531627657,12:07:07.657,ALT/USDT:USDT,0.03405,12.0,0.03404,6056.0,0.03407,702.0,0.03408,21885.0
1753531627884,12:07:07.884,ALT/USDT:USDT,0.03405,12.0,0.03404,6056.0,0.03407,702.0,0.03408,21885.0
1753531628035,12:07:08.035,ALT/USDT:USDT,0.03405,12.0,0.03404,6056.0,0.03407,702.0,0.03408,21885.0
1753531628694,12:07:08.694,ALT/USDT:USDT,0.03405,12.0,0.03404,6056.0,0.03407,702.0,0.03408,21885.0
1753531629014,12:07:09.014,ALT/USDT:USDT,0.03405,12.0,0.03404,6056.0,0.03407,702.0,0.03408,21885.0
1753531630947,12:07:10.947,ALT/USDT:USDT,0.03405,12.0,0.03404,6056.0,0.03407,702.0,0.03408,21885.0
1753531632685,12:07:12.685,ALT/USDT:USDT,0.03405,12.0,0.03404,6056.0,0.03407,702.0,0.03408,21885.0
1753531632786,12:07:12.786,ALT/USDT:USDT,0.03405,12.0,0.03404,6056.0,0.03407,702.0,0.03408,21885.0
1753531632997,12:07:12.997,ALT/USDT:USDT,0.03405,12.0,0.03404,6056.0,0.03407,702.0,0.03408,21885.0
1753531634032,12:07:14.032,ALT/USDT:USDT,0.03405,12.0,0.03404,6056.0,0.03407,702.0,0.03408,21885.0
1753531634750,12:07:14.750,ALT/USDT:USDT,0.03405,12.0,0.03404,6056.0,0.03407,702.0,0.03408,21885.0
1753531634887,12:07:14.887,ALT/USDT:USDT,0.03405,12.0,0.03404,6056.0,0.03407,702.0,0.03408,21885.0
1753531634942,12:07:14.942,ALT/USDT:USDT,0.03405,12.0,0.03404,6056.0,0.03407,702.0,0.03408,21885.0
1753531635230,12:07:15.230,ALT/USDT:USDT,0.03405,12.0,0.03404,6056.0,0.03407,702.0,0.03408,21885.0
1753531635692,12:07:15.692,ALT/USDT:USDT,0.03405,12.0,0.03404,6056.0,0.03407,702.0,0.03408,21885.0
1753531635726,12:07:15.726,ALT/USDT:USDT,0.03405,12.0,0.03404,6056.0,0.03407,702.0,0.03408,21885.0
1753531636008,12:07:16.008,ALT/USDT:USDT,0.03405,12.0,0.03404,6056.0,0.03407,702.0,0.03408,21885.0
1753531636761,12:07:16.761,ALT/USDT:USDT,0.03405,12.0,0.03404,6056.0,0.03407,702.0,0.03408,21885.0
1753531637263,12:07:17.263,ALT/USDT:USDT,0.03405,12.0,0.03404,6056.0,0.03407,702.0,0.03408,21885.0
1753531637485,12:07:17.485,ALT/USDT:USDT,0.03405,12.0,0.03404,6056.0,0.03407,702.0,0.03408,21885.0
1753531639182,12:07:19.182,ALT/USDT:USDT,0.03405,12.0,0.03404,6056.0,0.03407,702.0,0.03408,21885.0
1753531641029,12:07:21.029,ALT/USDT:USDT,0.03405,12.0,0.03404,6056.0,0.03407,702.0,0.03408,21885.0
1753531641261,12:07:21.261,ALT/USDT:USDT,0.03405,12.0,0.03404,6056.0,0.03407,702.0,0.03408,21885.0
1753531641766,12:07:21.766,ALT/USDT:USDT,0.03405,12.0,0.03404,6056.0,0.03407,702.0,0.03408,21885.0
1753531642285,12:07:22.285,ALT/USDT:USDT,0.03405,12.0,0.03404,6056.0,0.03407,702.0,0.03408,21885.0
1753531642592,12:07:22.592,ALT/USDT:USDT,0.03405,12.0,0.03404,6056.0,0.03407,702.0,0.03408,21885.0
1753531642745,12:07:22.745,ALT/USDT:USDT,0.03405,12.0,0.03404,6056.0,0.03407,702.0,0.03408,21885.0
1753531644907,12:07:24.907,ALT/USDT:USDT,0.03405,12.0,0.03404,6056.0,0.03407,702.0,0.03408,21885.0
1753531645175,12:07:25.175,ALT/USDT:USDT,0.03405,12.0,0.03404,6056.0,0.03407,702.0,0.03408,21885.0
1753531645249,12:07:25.249,ALT/USDT:USDT,0.03405,12.0,0.03404,6056.0,0.03407,702.0,0.03408,21885.0
1753531647094,12:07:27.094,ALT/USDT:USDT,0.03405,12.0,0.03404,6056.0,0.03407,702.0,0.03408,21885.0
1753531651885,12:07:31.885,ALT/USDT:USDT,0.03405,12.0,0.03404,6056.0,0.03407,702.0,0.03408,21885.0
1753531651957,12:07:31.957,ALT/USDT:USDT,0.03405,12.0,0.03404,6056.0,0.03407,702.0,0.03408,21885.0
1753531652740,12:07:32.740,ALT/USDT:USDT,0.03405,12.0,0.03404,6056.0,0.03407,702.0,0.03408,21885.0
1753531653062,12:07:33.062,ALT/USDT:USDT,0.03405,12.0,0.03404,6056.0,0.03407,702.0,0.03408,21885.0
1753531653153,12:07:33.153,ALT/USDT:USDT,0.03405,12.0,0.03404,6056.0,0.03407,702.0,0.03408,21885.0
1753531653999,12:07:33.999,ALT/USDT:USDT,0.03405,12.0,0.03404,6056.0,0.03407,702.0,0.03408,21885.0
1753531654016,12:07:34.016,ALT/USDT:USDT,0.03405,12.0,0.03404,6056.0,0.03407,702.0,0.03408,21885.0
1753531655003,12:07:35.003,ALT/USDT:USDT,0.03405,12.0,0.03404,6056.0,0.03407,702.0,0.03408,21885.0
1753531655026,12:07:35.026,ALT/USDT:USDT,0.03405,12.0,0.03404,6056.0,0.03407,702.0,0.03408,21885.0
1753531655465,12:07:35.465,ALT/USDT:USDT,0.03405,12.0,0.03403,29.0,0.03407,702.0,0.03408,27941.0
1753531655592,12:07:35.592,ALT/USDT:USDT,0.03403,41.0,0.03402,21481.0,0.03407,702.0,0.03408,21885.0
1753531655693,12:07:35.693,ALT/USDT:USDT,0.03404,323.0,0.03403,41.0,0.03407,702.0,0.03408,27941.0
1753531655767,12:07:35.767,ALT/USDT:USDT,0.03404,323.0,0.03403,29.0,0.03407,702.0,0.03408,27941.0
1753531656005,12:07:36.005,ALT/USDT:USDT,0.03404,323.0,0.03403,29.0,0.03407,702.0,0.03408,27941.0
1753531656198,12:07:36.198,ALT/USDT:USDT,0.03404,323.0,0.03403,29.0,0.03407,702.0,0.03408,27941.0
1753531656215,12:07:36.215,ALT/USDT:USDT,0.03404,323.0,0.03403,29.0,0.03407,702.0,0.03408,27941.0
1753531656703,12:07:36.703,ALT/USDT:USDT,0.03404,323.0,0.03403,29.0,0.03407,702.0,0.03408,27941.0
1753531658443,12:07:38.443,ALT/USDT:USDT,0.03404,323.0,0.03403,29.0,0.03407,702.0,0.03408,27941.0
1753531660451,12:07:40.451,ALT/USDT:USDT,0.03404,323.0,0.03403,29.0,0.03407,702.0,0.03408,27941.0
1753531660599,12:07:40.599,ALT/USDT:USDT,0.03404,323.0,0.03403,29.0,0.03407,702.0,0.03408,27941.0
1753531661485,12:07:41.485,ALT/USDT:USDT,0.03404,323.0,0.03403,29.0,0.03407,702.0,0.03408,27941.0
1753531661833,12:07:41.833,ALT/USDT:USDT,0.03404,323.0,0.03403,29.0,0.03407,702.0,0.03408,27941.0
1753531663376,12:07:43.376,ALT/USDT:USDT,0.03404,323.0,0.03403,29.0,0.03407,702.0,0.03408,27941.0
1753531665605,12:07:45.605,ALT/USDT:USDT,0.03404,323.0,0.03403,29.0,0.03407,702.0,0.03408,27941.0
1753531665813,12:07:45.813,ALT/USDT:USDT,0.03404,323.0,0.03403,29.0,0.03407,702.0,0.03408,27941.0
1753531665928,12:07:45.928,ALT/USDT:USDT,0.03404,323.0,0.03403,29.0,0.03407,702.0,0.03408,27941.0
1753531666286,12:07:46.286,ALT/USDT:USDT,0.03404,323.0,0.03403,29.0,0.03407,702.0,0.03408,27941.0
1753531666648,12:07:46.648,ALT/USDT:USDT,0.03404,323.0,0.03403,29.0,0.03407,702.0,0.03408,27941.0
1753531666807,12:07:46.807,ALT/USDT:USDT,0.03404,323.0,0.03403,29.0,0.03407,702.0,0.03408,27941.0
1753531667241,12:07:47.241,ALT/USDT:USDT,0.03404,323.0,0.03403,29.0,0.03407,702.0,0.03408,27941.0
1753531667596,12:07:47.596,ALT/USDT:USDT,0.03404,323.0,0.03403,29.0,0.03407,702.0,0.03408,21885.0
1753531667650,12:07:47.650,ALT/USDT:USDT,0.03404,323.0,0.03403,29.0,0.03407,702.0,0.03408,21885.0
1753531669071,12:07:49.071,ALT/USDT:USDT,0.03404,323.0,0.03403,29.0,0.03407,702.0,0.03408,21885.0
1753531669345,12:07:49.345,ALT/USDT:USDT,0.03404,323.0,0.03403,29.0,0.03407,702.0,0.03408,21885.0
1753531669449,12:07:49.449,ALT/USDT:USDT,0.03404,323.0,0.03403,29.0,0.03407,702.0,0.03408,21885.0
1753531670497,12:07:50.497,ALT/USDT:USDT,0.03404,323.0,0.03403,29.0,0.03407,702.0,0.03408,21885.0
1753531670964,12:07:50.964,ALT/USDT:USDT,0.03404,323.0,0.03403,29.0,0.03407,702.0,0.03408,21885.0
1753531671091,12:07:51.091,ALT/USDT:USDT,0.03404,323.0,0.03403,29.0,0.03407,702.0,0.03408,21885.0
1753531671461,12:07:51.461,ALT/USDT:USDT,0.03404,323.0,0.03403,29.0,0.03407,702.0,0.03408,21885.0
1753531671704,12:07:51.704,ALT/USDT:USDT,0.03404,323.0,0.03403,29.0,0.03407,1651.0,0.03408,21885.0
1753531672202,12:07:52.202,ALT/USDT:USDT,0.03404,323.0,0.03403,29.0,0.03407,1651.0,0.03408,21885.0
1753531672468,12:07:52.468,ALT/USDT:USDT,0.03404,323.0,0.03403,29.0,0.03407,1651.0,0.03408,21885.0
1753531673009,12:07:53.009,ALT/USDT:USDT,0.03404,323.0,0.03403,29.0,0.03407,1651.0,0.03408,21885.0
1753531674307,12:07:54.307,ALT/USDT:USDT,0.03404,323.0,0.03403,29.0,0.03407,1651.0,0.03408,21885.0
1753531675370,12:07:55.370,ALT/USDT:USDT,0.03404,323.0,0.03403,29.0,0.03407,1651.0,0.03408,21885.0
1753531675762,12:07:55.762,ALT/USDT:USDT,0.03404,323.0,0.03403,29.0,0.03407,1651.0,0.03408,21885.0
1753531675887,12:07:55.887,ALT/USDT:USDT,0.03404,323.0,0.03403,29.0,0.03407,1651.0,0.03408,21885.0
1753531676418,12:07:56.418,ALT/USDT:USDT,0.03404,323.0,0.03403,29.0,0.03407,1651.0,0.03408,21885.0
1753531676968,12:07:56.968,ALT/USDT:USDT,0.03404,323.0,0.03403,29.0,0.03407,1651.0,0.03408,21885.0
1753531678087,12:07:58.087,ALT/USDT:USDT,0.03404,323.0,0.03403,29.0,0.03407,1651.0,0.03408,21885.0
1753531678429,12:07:58.429,ALT/USDT:USDT,0.03404,323.0,0.03403,29.0,0.03407,1651.0,0.03408,21885.0
1753531679096,12:07:59.096,ALT/USDT:USDT,0.03404,323.0,0.03403,29.0,0.03407,1651.0,0.03408,21885.0
1753531680693,12:08:00.693,ALT/USDT:USDT,0.03404,323.0,0.03403,29.0,0.03407,1651.0,0.03408,21885.0
1753531681257,12:08:01.257,ALT/USDT:USDT,0.03404,323.0,0.03403,29.0,0.03407,1651.0,0.03408,21885.0
1753531681348,12:08:01.348,ALT/USDT:USDT,0.03404,323.0,0.03403,29.0,0.03407,1651.0,0.03408,21885.0
1753531681866,12:08:01.866,ALT/USDT:USDT,0.03404,323.0,0.03403,29.0,0.03407,1651.0,0.03408,21885.0
1753531682629,12:08:02.629,ALT/USDT:USDT,0.03404,323.0,0.03403,29.0,0.03407,1651.0,0.03408,21885.0
1753531682990,12:08:02.990,ALT/USDT:USDT,0.03404,323.0,0.03403,29.0,0.03407,1651.0,0.03408,21885.0
1753531684005,12:08:04.005,ALT/USDT:USDT,0.03404,323.0,0.03403,29.0,0.03407,1651.0,0.03408,21885.0
1753531684433,12:08:04.433,ALT/USDT:USDT,0.03404,323.0,0.03403,29.0,0.03407,1651.0,0.03408,21885.0
1753531684663,12:08:04.663,ALT/USDT:USDT,0.03404,323.0,0.03403,29.0,0.03407,1651.0,0.03408,21885.0
1753531684764,12:08:04.764,ALT/USDT:USDT,0.03404,323.0,0.03403,29.0,0.03407,702.0,0.03408,21885.0
1753531685018,12:08:05.018,ALT/USDT:USDT,0.03404,323.0,0.03403,29.0,0.03407,702.0,0.03408,21885.0
1753531685390,12:08:05.390,ALT/USDT:USDT,0.03404,323.0,0.03403,29.0,0.03407,702.0,0.03408,21885.0
1753531685486,12:08:05.486,ALT/USDT:USDT,0.03404,323.0,0.03403,29.0,0.03407,702.0,0.03408,21885.0
1753531685695,12:08:05.695,ALT/USDT:USDT,0.03404,323.0,0.03403,29.0,0.03407,702.0,0.03408,21885.0
1753531686047,12:08:06.047,ALT/USDT:USDT,0.03404,323.0,0.03403,29.0,0.03407,702.0,0.03408,21885.0
1753531686414,12:08:06.414,ALT/USDT:USDT,0.03404,323.0,0.03403,29.0,0.03407,702.0,0.03408,21885.0
1753531687098,12:08:07.098,ALT/USDT:USDT,0.03404,323.0,0.03403,29.0,0.03407,702.0,0.03408,21885.0
1753531687694,12:08:07.694,ALT/USDT:USDT,0.03404,323.0,0.03403,29.0,0.03407,702.0,0.03408,21885.0
1753531687985,12:08:07.985,ALT/USDT:USDT,0.03404,323.0,0.03403,29.0,0.03407,702.0,0.03408,21885.0
1753531688351,12:08:08.351,ALT/USDT:USDT,0.03404,323.0,0.03403,29.0,0.03407,702.0,0.03408,21885.0
1753531688518,12:08:08.518,ALT/USDT:USDT,0.03404,323.0,0.03403,29.0,0.03407,702.0,0.03408,21885.0
1753531688815,12:08:08.815,ALT/USDT:USDT,0.03404,323.0,0.03403,29.0,0.03407,702.0,0.03408,21885.0
1753531689399,12:08:09.399,ALT/USDT:USDT,0.03404,323.0,0.03403,29.0,0.03407,702.0,0.03408,21885.0
1753531690177,12:08:10.177,ALT/USDT:USDT,0.03404,323.0,0.03403,29.0,0.03407,702.0,0.03408,21885.0
1753531690286,12:08:10.286,ALT/USDT:USDT,0.03404,323.0,0.03403,29.0,0.03407,702.0,0.03408,21885.0
1753531690610,12:08:10.610,ALT/USDT:USDT,0.03404,323.0,0.03403,29.0,0.03407,702.0,0.03408,21885.0
1753531691066,12:08:11.066,ALT/USDT:USDT,0.03404,323.0,0.03403,29.0,0.03407,702.0,0.03408,21885.0
1753531692053,12:08:12.053,ALT/USDT:USDT,0.03404,323.0,0.03403,29.0,0.03407,702.0,0.03408,21885.0
1753531692438,12:08:12.438,ALT/USDT:USDT,0.03404,323.0,0.03403,29.0,0.03407,702.0,0.03408,21885.0
1753531693182,12:08:13.182,ALT/USDT:USDT,0.03404,323.0,0.03403,29.0,0.03407,702.0,0.03408,21885.0
1753531693647,12:08:13.647,ALT/USDT:USDT,0.03404,323.0,0.03403,29.0,0.03407,702.0,0.03408,21885.0
1753531694430,12:08:14.430,ALT/USDT:USDT,0.03404,323.0,0.03403,29.0,0.03407,702.0,0.03408,21885.0
1753531695003,12:08:15.003,ALT/USDT:USDT,0.03404,323.0,0.03403,29.0,0.03407,702.0,0.03408,21885.0
1753531695086,12:08:15.086,ALT/USDT:USDT,0.03404,323.0,0.03403,29.0,0.03407,702.0,0.03408,21885.0
1753531695166,12:08:15.166,ALT/USDT:USDT,0.03404,323.0,0.03403,29.0,0.03407,702.0,0.03408,21885.0
1753531697233,12:08:17.233,ALT/USDT:USDT,0.03404,323.0,0.03403,29.0,0.03407,702.0,0.03408,21885.0
1753531697385,12:08:17.385,ALT/USDT:USDT,0.03404,323.0,0.03403,29.0,0.03407,702.0,0.03408,21885.0
1753531697494,12:08:17.494,ALT/USDT:USDT,0.03404,323.0,0.03403,29.0,0.03407,702.0,0.03408,21885.0
1753531697513,12:08:17.513,ALT/USDT:USDT,0.03404,323.0,0.03403,29.0,0.03407,702.0,0.03408,21885.0
1753531698045,12:08:18.045,ALT/USDT:USDT,0.03404,323.0,0.03403,29.0,0.03407,702.0,0.03408,21885.0
1753531699886,12:08:19.886,ALT/USDT:USDT,0.03404,323.0,0.03403,29.0,0.03407,702.0,0.03408,21885.0
1753531700122,12:08:20.122,ALT/USDT:USDT,0.03404,323.0,0.03403,29.0,0.03407,702.0,0.03408,21885.0
1753531701068,12:08:21.068,ALT/USDT:USDT,0.03404,323.0,0.03403,29.0,0.03407,702.0,0.03408,21885.0
1753531701895,12:08:21.895,ALT/USDT:USDT,0.03404,323.0,0.03403,29.0,0.03407,702.0,0.03408,21885.0
1753531703899,12:08:23.899,ALT/USDT:USDT,0.03404,323.0,0.03403,29.0,0.03407,702.0,0.03408,21885.0
1753531704153,12:08:24.153,ALT/USDT:USDT,0.03404,323.0,0.03403,29.0,0.03407,702.0,0.03408,21885.0
1753531704693,12:08:24.693,ALT/USDT:USDT,0.03404,323.0,0.03403,29.0,0.03407,702.0,0.03408,21885.0
1753531705025,12:08:25.025,ALT/USDT:USDT,0.03404,323.0,0.03403,29.0,0.03407,702.0,0.03408,21885.0
1753531707400,12:08:27.400,ALT/USDT:USDT,0.03404,323.0,0.03403,29.0,0.03407,702.0,0.03408,21885.0
1753531707413,12:08:27.413,ALT/USDT:USDT,0.03404,323.0,0.03403,29.0,0.03407,702.0,0.03408,21885.0
1753531709493,12:08:29.493,ALT/USDT:USDT,0.03404,323.0,0.03403,29.0,0.03407,702.0,0.03408,21885.0
1753531710232,12:08:30.232,ALT/USDT:USDT,0.03404,323.0,0.03403,29.0,0.03407,702.0,0.03408,21885.0
1753531711743,12:08:31.743,ALT/USDT:USDT,0.03404,323.0,0.03403,29.0,0.03407,702.0,0.03408,21885.0
1753531714287,12:08:34.287,ALT/USDT:USDT,0.03404,323.0,0.03403,29.0,0.03407,702.0,0.03408,21885.0
1753531715302,12:08:35.302,ALT/USDT:USDT,0.03404,323.0,0.03403,29.0,0.03407,702.0,0.03408,30969.0
1753531715399,12:08:35.399,ALT/USDT:USDT,0.03404,323.0,0.03403,29.0,0.03407,702.0,0.03408,30969.0
1753531715474,12:08:35.474,ALT/USDT:USDT,0.03404,323.0,0.03403,29.0,0.03407,702.0,0.03408,30969.0
1753531715582,12:08:35.582,ALT/USDT:USDT,0.03404,323.0,0.03403,29.0,0.03407,1769.0,0.03408,30969.0
1753531715807,12:08:35.807,ALT/USDT:USDT,0.03404,323.0,0.03403,29.0,0.03406,72917.0,0.03407,702.0
1753531715900,12:08:35.900,ALT/USDT:USDT,0.03404,323.0,0.03403,29.0,0.03406,72917.0,0.03408,9084.0
1753531716460,12:08:36.460,ALT/USDT:USDT,0.03404,323.0,0.03403,29.0,0.03406,72917.0,0.03408,9084.0
1753531716550,12:08:36.550,ALT/USDT:USDT,0.03404,323.0,0.03403,29.0,0.03406,72917.0,0.03408,9084.0
1753531716737,12:08:36.737,ALT/USDT:USDT,0.03404,323.0,0.03403,29.0,0.03406,72917.0,0.03408,9084.0
1753531716888,12:08:36.888,ALT/USDT:USDT,0.03404,323.0,0.03403,29.0,0.03406,72917.0,0.03408,9084.0
1753531717048,12:08:37.048,ALT/USDT:USDT,0.03404,323.0,0.03403,29.0,0.03406,72917.0,0.03408,9084.0
1753531717192,12:08:37.192,ALT/USDT:USDT,0.03404,323.0,0.03403,29.0,0.03406,72917.0,0.03408,9084.0
1753531717338,12:08:37.338,ALT/USDT:USDT,0.03404,323.0,0.03403,29.0,0.03406,72917.0,0.03408,9084.0
1753531717648,12:08:37.648,ALT/USDT:USDT,0.03404,323.0,0.03403,29.0,0.03406,72917.0,0.03408,9084.0
1753531718086,12:08:38.086,ALT/USDT:USDT,0.03404,323.0,0.03403,29.0,0.03406,72917.0,0.03408,9084.0
1753531718236,12:08:38.236,ALT/USDT:USDT,0.03404,323.0,0.03403,29.0,0.03406,72917.0,0.03408,9084.0
1753531718386,12:08:38.386,ALT/USDT:USDT,0.03404,323.0,0.03403,29.0,0.03406,72917.0,0.03408,9084.0
1753531718547,12:08:38.547,ALT/USDT:USDT,0.03404,323.0,0.03403,29.0,0.03406,72917.0,0.03408,9084.0
1753531718697,12:08:38.697,ALT/USDT:USDT,0.03404,323.0,0.03403,29.0,0.03406,72917.0,0.03408,9084.0
1753531718840,12:08:38.840,ALT/USDT:USDT,0.03404,323.0,0.03403,29.0,0.03406,72917.0,0.03408,9084.0
1753531719089,12:08:39.089,ALT/USDT:USDT,0.03404,323.0,0.03403,29.0,0.03406,72917.0,0.03408,9084.0
1753531719133,12:08:39.133,ALT/USDT:USDT,0.03404,323.0,0.03403,29.0,0.03406,72917.0,0.03408,9084.0
1753531719289,12:08:39.289,ALT/USDT:USDT,0.03404,323.0,0.03403,29.0,0.03406,72917.0,0.03408,9084.0
1753531719438,12:08:39.438,ALT/USDT:USDT,0.03404,323.0,0.03403,29.0,0.03406,72917.0,0.03408,9084.0
1753531719600,12:08:39.600,ALT/USDT:USDT,0.03404,323.0,0.03403,29.0,0.03406,72917.0,0.03408,9084.0
1753531719801,12:08:39.801,ALT/USDT:USDT,0.03404,323.0,0.03403,29.0,0.03406,72917.0,0.03408,9084.0
1753531719890,12:08:39.890,ALT/USDT:USDT,0.03404,323.0,0.03403,29.0,0.03406,72917.0,0.03408,9084.0
1753531720048,12:08:40.048,ALT/USDT:USDT,0.03404,323.0,0.03403,29.0,0.03406,72917.0,0.03408,9084.0
1753531720201,12:08:40.201,ALT/USDT:USDT,0.03404,323.0,0.03403,29.0,0.03406,72917.0,0.03408,9084.0
1753531720338,12:08:40.338,ALT/USDT:USDT,0.03404,323.0,0.03403,29.0,0.03406,72917.0,0.03408,9084.0
1753531720489,12:08:40.489,ALT/USDT:USDT,0.03404,323.0,0.03403,29.0,0.03406,72917.0,0.03408,9084.0
1753531720644,12:08:40.644,ALT/USDT:USDT,0.03404,323.0,0.03403,29.0,0.03406,72917.0,0.03408,9084.0
1753531720789,12:08:40.789,ALT/USDT:USDT,0.03404,323.0,0.03403,29.0,0.03406,72917.0,0.03408,9084.0
1753531721007,12:08:41.007,ALT/USDT:USDT,0.03404,323.0,0.03403,29.0,0.03406,72917.0,0.03408,9084.0
1753531721099,12:08:41.099,ALT/USDT:USDT,0.03404,323.0,0.03403,29.0,0.03406,72917.0,0.03408,9084.0
1753531721239,12:08:41.239,ALT/USDT:USDT,0.03404,323.0,0.03403,29.0,0.03406,72917.0,0.03408,9084.0
1753531721393,12:08:41.393,ALT/USDT:USDT,0.03404,323.0,0.03403,29.0,0.03406,72917.0,0.03408,9084.0
1753531721688,12:08:41.688,ALT/USDT:USDT,0.03404,323.0,0.03403,29.0,0.03406,72917.0,0.03408,9084.0
1753531721909,12:08:41.909,ALT/USDT:USDT,0.03404,323.0,0.03403,29.0,0.03406,72917.0,0.03408,9084.0
1753531721913,12:08:41.913,ALT/USDT:USDT,0.03404,323.0,0.03403,29.0,0.03406,72917.0,0.03408,15785.0
1753531722045,12:08:42.045,ALT/USDT:USDT,0.03404,323.0,0.03403,29.0,0.03406,72917.0,0.03408,15785.0
1753531722150,12:08:42.150,ALT/USDT:USDT,0.03404,323.0,0.03403,29.0,0.03406,72917.0,0.03408,15785.0
1753531722289,12:08:42.289,ALT/USDT:USDT,0.03404,323.0,0.03403,29.0,0.03406,72917.0,0.03408,15785.0
1753531722447,12:08:42.447,ALT/USDT:USDT,0.03404,323.0,0.03403,29.0,0.03406,72917.0,0.03408,15785.0
1753531722601,12:08:42.601,ALT/USDT:USDT,0.03404,323.0,0.03403,29.0,0.03406,72917.0,0.03408,15785.0
1753531722751,12:08:42.751,ALT/USDT:USDT,0.03404,323.0,0.03403,29.0,0.03406,72917.0,0.03408,15785.0
1753531722889,12:08:42.889,ALT/USDT:USDT,0.03404,323.0,0.03403,29.0,0.03406,72917.0,0.03408,15785.0
1753531723004,12:08:43.004,ALT/USDT:USDT,0.03404,323.0,0.03403,29.0,0.03406,72917.0,0.03408,15785.0
1753531723039,12:08:43.039,ALT/USDT:USDT,0.03404,323.0,0.03403,29.0,0.03406,72917.0,0.03408,15785.0
1753531723352,12:08:43.352,ALT/USDT:USDT,0.03404,323.0,0.03403,29.0,0.03406,72917.0,0.03408,15785.0
1753531723488,12:08:43.488,ALT/USDT:USDT,0.03404,323.0,0.03403,29.0,0.03406,72917.0,0.03408,15785.0
1753531723890,12:08:43.890,ALT/USDT:USDT,0.03404,323.0,0.03403,29.0,0.03406,72917.0,0.03408,15785.0
1753531723941,12:08:43.941,ALT/USDT:USDT,0.03404,323.0,0.03403,29.0,0.03406,72917.0,0.03408,15785.0
1753531724099,12:08:44.099,ALT/USDT:USDT,0.03404,323.0,0.03403,29.0,0.03406,72917.0,0.03408,15785.0
1753531724239,12:08:44.239,ALT/USDT:USDT,0.03404,323.0,0.03403,29.0,0.03406,72917.0,0.03408,15785.0
1753531724540,12:08:44.540,ALT/USDT:USDT,0.03404,323.0,0.03403,29.0,0.03406,72917.0,0.03408,15785.0
1753531724849,12:08:44.849,ALT/USDT:USDT,0.03404,323.0,0.03403,29.0,0.03406,72917.0,0.03408,15785.0
1753531725154,12:08:45.154,ALT/USDT:USDT,0.03404,323.0,0.03403,29.0,0.03406,72917.0,0.03408,15785.0
1753531725295,12:08:45.295,ALT/USDT:USDT,0.03404,323.0,0.03403,29.0,0.03406,72917.0,0.03408,15785.0
1753531725441,12:08:45.441,ALT/USDT:USDT,0.03404,323.0,0.03403,29.0,0.03406,72917.0,0.03408,15785.0
1753531725590,12:08:45.590,ALT/USDT:USDT,0.03404,323.0,0.03403,29.0,0.03406,72917.0,0.03408,15785.0
1753531725685,12:08:45.685,ALT/USDT:USDT,0.03404,323.0,0.03403,29.0,0.03406,72917.0,0.03408,15785.0
1753531725755,12:08:45.755,ALT/USDT:USDT,0.03404,323.0,0.03403,29.0,0.03406,72917.0,0.03408,15785.0
1753531725890,12:08:45.890,ALT/USDT:USDT,0.03404,323.0,0.03403,29.0,0.03406,72917.0,0.03408,15785.0
1753531726503,12:08:46.503,ALT/USDT:USDT,0.03404,323.0,0.03403,29.0,0.03406,72917.0,0.03408,15785.0
1753531726640,12:08:46.640,ALT/USDT:USDT,0.03404,323.0,0.03403,29.0,0.03406,72917.0,0.03408,15785.0
1753531726791,12:08:46.791,ALT/USDT:USDT,0.03404,323.0,0.03403,29.0,0.03406,72917.0,0.03408,15785.0
1753531726940,12:08:46.940,ALT/USDT:USDT,0.03404,323.0,0.03403,29.0,0.03406,72917.0,0.03408,15785.0
1753531727042,12:08:47.042,ALT/USDT:USDT,0.03404,323.0,0.03403,29.0,0.03406,72917.0,0.03408,15785.0
1753531727196,12:08:47.196,ALT/USDT:USDT,0.03404,323.0,0.03403,29.0,0.03406,72917.0,0.03408,15785.0
1753531727254,12:08:47.254,ALT/USDT:USDT,0.03404,323.0,0.03403,29.0,0.03406,72917.0,0.03408,15785.0
1753531727541,12:08:47.541,ALT/USDT:USDT,0.03404,323.0,0.03403,29.0,0.03406,72917.0,0.03408,15785.0
1753531727697,12:08:47.697,ALT/USDT:USDT,0.03404,323.0,0.03403,29.0,0.03406,72917.0,0.03408,15785.0
1753531727842,12:08:47.842,ALT/USDT:USDT,0.03404,323.0,0.03403,29.0,0.03406,72917.0,0.03408,15785.0
1753531727990,12:08:47.990,ALT/USDT:USDT,0.03404,323.0,0.03403,29.0,0.03406,72917.0,0.03408,15785.0
1753531728166,12:08:48.166,ALT/USDT:USDT,0.03404,323.0,0.03403,29.0,0.03406,72917.0,0.03408,15785.0
1753531728292,12:08:48.292,ALT/USDT:USDT,0.03404,323.0,0.03403,29.0,0.03406,72917.0,0.03408,15785.0
1753531728455,12:08:48.455,ALT/USDT:USDT,0.03404,323.0,0.03403,29.0,0.03406,72917.0,0.03408,15785.0
1753531728592,12:08:48.592,ALT/USDT:USDT,0.03404,323.0,0.03403,29.0,0.03406,72917.0,0.03408,15785.0
1753531728687,12:08:48.687,ALT/USDT:USDT,0.03404,323.0,0.03403,29.0,0.03406,72917.0,0.03408,15785.0
1753531728741,12:08:48.741,ALT/USDT:USDT,0.03404,323.0,0.03403,29.0,0.03406,72917.0,0.03408,15785.0
1753531728892,12:08:48.892,ALT/USDT:USDT,0.03404,323.0,0.03403,29.0,0.03406,72917.0,0.03408,15785.0
1753531729054,12:08:49.054,ALT/USDT:USDT,0.03404,323.0,0.03403,29.0,0.03406,72917.0,0.03408,15785.0
1753531729193,12:08:49.193,ALT/USDT:USDT,0.03404,323.0,0.03403,29.0,0.03406,72917.0,0.03408,15785.0
1753531729227,12:08:49.227,ALT/USDT:USDT,0.03404,323.0,0.03403,29.0,0.03406,72917.0,0.03408,15785.0
1753531729615,12:08:49.615,ALT/USDT:USDT,0.03404,323.0,0.03403,29.0,0.03406,72917.0,0.03408,15785.0
1753531730405,12:08:50.405,ALT/USDT:USDT,0.03404,323.0,0.03403,29.0,0.03406,72917.0,0.03408,15785.0
1753531730589,12:08:50.589,ALT/USDT:USDT,0.03404,323.0,0.03403,29.0,0.03406,72917.0,0.03408,15785.0
1753531730705,12:08:50.705,ALT/USDT:USDT,0.03404,323.0,0.03403,29.0,0.03406,72917.0,0.03408,15785.0
1753531730845,12:08:50.845,ALT/USDT:USDT,0.03404,323.0,0.03403,29.0,0.03406,72917.0,0.03408,15785.0
1753531731008,12:08:51.008,ALT/USDT:USDT,0.03404,323.0,0.03403,29.0,0.03406,72917.0,0.03408,15785.0
1753531731306,12:08:51.306,ALT/USDT:USDT,0.03404,323.0,0.03403,29.0,0.03406,72917.0,0.03408,15785.0
1753531731595,12:08:51.595,ALT/USDT:USDT,0.03404,323.0,0.03403,29.0,0.03406,72917.0,0.03408,15785.0
1753531731801,12:08:51.801,ALT/USDT:USDT,0.03404,323.0,0.03403,29.0,0.03406,72917.0,0.03408,15785.0
1753531731813,12:08:51.813,ALT/USDT:USDT,0.03404,323.0,0.03403,29.0,0.03406,72917.0,0.03408,15785.0
1753531732356,12:08:52.356,ALT/USDT:USDT,0.03404,323.0,0.03403,29.0,0.03406,72917.0,0.03408,15785.0
1753531732505,12:08:52.505,ALT/USDT:USDT,0.03404,323.0,0.03403,29.0,0.03406,72917.0,0.03408,15785.0
1753531732804,12:08:52.804,ALT/USDT:USDT,0.03404,323.0,0.03403,29.0,0.03406,72917.0,0.03408,15785.0
1753531733100,12:08:53.100,ALT/USDT:USDT,0.03404,323.0,0.03403,29.0,0.03406,72917.0,0.03408,15785.0
1753531733248,12:08:53.248,ALT/USDT:USDT,0.03404,323.0,0.03403,29.0,0.03406,72917.0,0.03408,15785.0
1753531733396,12:08:53.396,ALT/USDT:USDT,0.03404,323.0,0.03403,29.0,0.03406,72917.0,0.03408,15785.0
1753531733488,12:08:53.488,ALT/USDT:USDT,0.03404,323.0,0.03403,29.0,0.03406,72917.0,0.03408,15785.0
1753531733556,12:08:53.556,ALT/USDT:USDT,0.03404,323.0,0.03403,29.0,0.03406,72917.0,0.03408,15785.0
1753531733705,12:08:53.705,ALT/USDT:USDT,0.03404,323.0,0.03403,29.0,0.03406,72917.0,0.03408,15785.0
1753531733823,12:08:53.823,ALT/USDT:USDT,0.03404,323.0,0.03403,29.0,0.03406,72917.0,0.03408,15785.0
1753531733993,12:08:53.993,ALT/USDT:USDT,0.03404,323.0,0.03403,29.0,0.03406,72917.0,0.03408,15785.0
1753531734208,12:08:54.208,ALT/USDT:USDT,0.03404,323.0,0.03403,29.0,0.03406,72917.0,0.03408,15785.0
1753531734306,12:08:54.306,ALT/USDT:USDT,0.03404,323.0,0.03403,29.0,0.03406,72917.0,0.03408,15785.0
1753531734458,12:08:54.458,ALT/USDT:USDT,0.03404,323.0,0.03403,29.0,0.03406,72917.0,0.03408,15785.0
1753531734597,12:08:54.597,ALT/USDT:USDT,0.03404,323.0,0.03403,29.0,0.03406,72917.0,0.03408,15785.0
1753531734758,12:08:54.758,ALT/USDT:USDT,0.03404,323.0,0.03403,29.0,0.03406,72917.0,0.03408,15785.0
1753531734904,12:08:54.904,ALT/USDT:USDT,0.03404,323.0,0.03403,29.0,0.03406,72917.0,0.03408,15785.0
1753531735049,12:08:55.049,ALT/USDT:USDT,0.03404,323.0,0.03403,29.0,0.03406,72917.0,0.03408,15785.0
1753531735346,12:08:55.346,ALT/USDT:USDT,0.03404,323.0,0.03403,29.0,0.03406,72917.0,0.03408,15785.0
1753531735496,12:08:55.496,ALT/USDT:USDT,0.03404,323.0,0.03403,29.0,0.03406,72917.0,0.03408,15785.0
1753531735660,12:08:55.660,ALT/USDT:USDT,0.03404,323.0,0.03403,29.0,0.03406,72917.0,0.03408,15785.0
1753531735797,12:08:55.797,ALT/USDT:USDT,0.03404,323.0,0.03403,29.0,0.03406,72917.0,0.03408,15785.0
1753531736113,12:08:56.113,ALT/USDT:USDT,0.03404,323.0,0.03403,29.0,0.03406,72917.0,0.03408,15785.0
1753531736294,12:08:56.294,ALT/USDT:USDT,0.03404,323.0,0.03403,29.0,0.03406,83221.0,0.03408,16822.0
1753531736394,12:08:56.394,ALT/USDT:USDT,0.03404,323.0,0.03403,29.0,0.03406,112324.0,0.03408,16822.0
1753531736817,12:08:56.817,ALT/USDT:USDT,0.03404,323.0,0.03403,29.0,0.03406,112324.0,0.03408,16822.0
1753531737002,12:08:57.002,ALT/USDT:USDT,0.03404,323.0,0.03403,29.0,0.03406,112324.0,0.03408,16822.0
1753531737035,12:08:57.035,ALT/USDT:USDT,0.03404,323.0,0.03403,29.0,0.03406,112324.0,0.03408,16822.0
1753531738010,12:08:58.010,ALT/USDT:USDT,0.03404,323.0,0.03403,29.0,0.03406,112324.0,0.03408,16822.0
1753531738253,12:08:58.253,ALT/USDT:USDT,0.03404,323.0,0.03403,29.0,0.03406,112324.0,0.03408,16822.0
1753531739701,12:08:59.701,ALT/USDT:USDT,0.03404,323.0,0.03403,29.0,0.03406,112324.0,0.03408,16822.0
1753531740480,12:09:00.480,ALT/USDT:USDT,0.03404,323.0,0.03403,29.0,0.03406,112324.0,0.03408,16822.0
1753531740877,12:09:00.877,ALT/USDT:USDT,0.03404,323.0,0.03403,29.0,0.03406,112324.0,0.03408,16822.0
1753531743927,12:09:03.927,ALT/USDT:USDT,0.03404,323.0,0.03403,29.0,0.03406,84136.0,0.03408,15785.0
1753531744101,12:09:04.101,ALT/USDT:USDT,0.03404,323.0,0.03403,29.0,0.03406,83221.0,0.03408,15785.0
1753531744207,12:09:04.207,ALT/USDT:USDT,0.03404,323.0,0.03403,29.0,0.03406,83515.0,0.03408,15785.0
1753531744221,12:09:04.221,ALT/USDT:USDT,0.03404,323.0,0.03403,29.0,0.03406,83221.0,0.03408,15785.0
1753531744362,12:09:04.362,ALT/USDT:USDT,0.03404,323.0,0.03403,29.0,0.03406,83221.0,0.03408,15785.0
1753531744505,12:09:04.505,ALT/USDT:USDT,0.03404,323.0,0.03403,29.0,0.03406,83221.0,0.03408,15785.0
1753531744663,12:09:04.663,ALT/USDT:USDT,0.03404,323.0,0.03403,29.0,0.03406,83221.0,0.03408,15785.0
1753531744800,12:09:04.800,ALT/USDT:USDT,0.03404,323.0,0.03403,29.0,0.03406,83221.0,0.03408,15785.0
1753531744956,12:09:04.956,ALT/USDT:USDT,0.03404,323.0,0.03403,29.0,0.03406,83221.0,0.03408,15785.0
1753531745102,12:09:05.102,ALT/USDT:USDT,0.03404,323.0,0.03403,29.0,0.03406,83221.0,0.03408,15785.0
1753531745244,12:09:05.244,ALT/USDT:USDT,0.03404,323.0,0.03403,29.0,0.03406,83613.0,0.03408,15785.0
1753531745406,12:09:05.406,ALT/USDT:USDT,0.03404,323.0,0.03403,29.0,0.03406,83613.0,0.03408,15785.0
1753531745919,12:09:05.919,ALT/USDT:USDT,0.03404,323.0,0.03403,29.0,0.03406,83613.0,0.03408,15785.0
1753531746020,12:09:06.020,ALT/USDT:USDT,0.03404,323.0,0.03403,29.0,0.03406,83613.0,0.03408,15785.0
1753531746900,12:09:06.900,ALT/USDT:USDT,0.03404,323.0,0.03403,29.0,0.03406,83613.0,0.03408,15785.0
1753531747449,12:09:07.449,ALT/USDT:USDT,0.03404,323.0,0.03403,29.0,0.03406,83613.0,0.03408,15785.0
1753531747645,12:09:07.645,ALT/USDT:USDT,0.03404,323.0,0.03403,29.0,0.03406,83613.0,0.03408,15785.0
1753531748105,12:09:08.105,ALT/USDT:USDT,0.03404,323.0,0.03403,29.0,0.03406,83613.0,0.03408,15785.0
1753531749288,12:09:09.288,ALT/USDT:USDT,0.03404,323.0,0.03403,29.0,0.03406,83613.0,0.03408,15785.0
1753531751225,12:09:11.225,ALT/USDT:USDT,0.03404,323.0,0.03403,29.0,0.03406,82116.0,0.03408,15785.0
1753531751350,12:09:11.350,ALT/USDT:USDT,0.03404,323.0,0.03403,29.0,0.03406,86460.0,0.03408,15785.0
1753531752526,12:09:12.526,ALT/USDT:USDT,0.03404,323.0,0.03403,29.0,0.03406,86460.0,0.03408,15785.0
1753531754094,12:09:14.094,ALT/USDT:USDT,0.03404,323.0,0.03403,29.0,0.03406,86460.0,0.03408,78401.0
1753531757234,12:09:17.234,ALT/USDT:USDT,0.03404,323.0,0.03403,29.0,0.03406,114706.0,0.03408,78401.0
1753531757403,12:09:17.403,ALT/USDT:USDT,0.03404,323.0,0.03403,29.0,0.03406,114706.0,0.03408,78401.0
1753531757604,12:09:17.604,ALT/USDT:USDT,0.03404,323.0,0.03403,29.0,0.03406,114706.0,0.03408,78401.0
1753531757817,12:09:17.817,ALT/USDT:USDT,0.03404,323.0,0.03403,29.0,0.03406,114706.0,0.03408,78401.0
1753531758277,12:09:18.277,ALT/USDT:USDT,0.03404,323.0,0.03403,29.0,0.03406,121741.0,0.03408,78401.0
1753531758888,12:09:18.888,ALT/USDT:USDT,0.03404,323.0,0.03403,29.0,0.03406,121741.0,0.03408,78401.0
1753531760260,12:09:20.260,ALT/USDT:USDT,0.03404,323.0,0.03403,29.0,0.03406,122752.0,0.03408,78401.0
1753531760677,12:09:20.677,ALT/USDT:USDT,0.03404,323.0,0.03403,29.0,0.03406,122752.0,0.03408,82093.0
1753531762309,12:09:22.309,ALT/USDT:USDT,0.03403,29.0,0.03402,41.0,0.03404,72985.0,0.03405,28092.0
1753531762382,12:09:22.382,ALT/USDT:USDT,0.03403,29.0,0.03402,41.0,0.03404,79225.0,0.03405,28092.0
1753531762594,12:09:22.594,ALT/USDT:USDT,0.03403,29.0,0.03402,41.0,0.03404,79225.0,0.03405,28092.0
1753531763485,12:09:23.485,ALT/USDT:USDT,0.03403,29.0,0.03402,41.0,0.03404,84800.0,0.03405,28092.0
1753531763517,12:09:23.517,ALT/USDT:USDT,0.03403,29.0,0.03402,41.0,0.03404,84800.0,0.03405,28092.0
1753531763688,12:09:23.688,ALT/USDT:USDT,0.03403,29.0,0.03402,41.0,0.03404,84800.0,0.03405,28092.0
1753531764008,12:09:24.008,ALT/USDT:USDT,0.03403,29.0,0.03402,41.0,0.03404,84800.0,0.03405,28092.0
1753531764242,12:09:24.242,ALT/USDT:USDT,0.03403,29.0,0.03402,41.0,0.03404,82998.0,0.03405,28092.0
1753531764335,12:09:24.335,ALT/USDT:USDT,0.03403,29.0,0.03402,41.0,0.03404,82998.0,0.03405,28092.0
1753531764673,12:09:24.673,ALT/USDT:USDT,0.03403,29.0,0.03402,41.0,0.03404,82998.0,0.03405,28092.0
1753531765104,12:09:25.104,ALT/USDT:USDT,0.03403,29.0,0.03402,41.0,0.03404,82998.0,0.03405,28092.0
1753531765296,12:09:25.296,ALT/USDT:USDT,0.03403,29.0,0.03402,41.0,0.03404,82998.0,0.03405,28092.0
1753531765405,12:09:25.405,ALT/USDT:USDT,0.03403,29.0,0.03402,41.0,0.03404,82998.0,0.03405,28092.0
1753531766335,12:09:26.335,ALT/USDT:USDT,0.03403,29.0,0.03402,41.0,0.03404,82998.0,0.03405,28092.0
1753531766652,12:09:26.652,ALT/USDT:USDT,0.03403,29.0,0.03402,41.0,0.03404,82998.0,0.03405,28092.0
1753531768058,12:09:28.058,ALT/USDT:USDT,0.03403,29.0,0.03402,41.0,0.03404,82998.0,0.03405,28092.0
1753531768155,12:09:28.155,ALT/USDT:USDT,0.03403,29.0,0.03402,41.0,0.03404,82998.0,0.03405,28092.0
1753531768280,12:09:28.280,ALT/USDT:USDT,0.03403,29.0,0.03402,41.0,0.03404,82998.0,0.03405,28092.0
1753531768490,12:09:28.490,ALT/USDT:USDT,0.03403,29.0,0.03402,41.0,0.03404,82998.0,0.03405,28092.0
1753531769354,12:09:29.354,ALT/USDT:USDT,0.03403,29.0,0.03402,41.0,0.03404,75960.0,0.03405,28092.0
1753531769478,12:09:29.478,ALT/USDT:USDT,0.03403,29.0,0.03402,41.0,0.03404,75960.0,0.03405,28092.0
1753531770002,12:09:30.002,ALT/USDT:USDT,0.03403,29.0,0.03402,41.0,0.03404,75960.0,0.03405,28092.0
1753531771801,12:09:31.801,ALT/USDT:USDT,0.03403,29.0,0.03402,41.0,0.03404,82990.0,0.03405,28092.0
1753531772859,12:09:32.859,ALT/USDT:USDT,0.03403,29.0,0.03402,41.0,0.03404,82990.0,0.03405,28092.0
1753531772978,12:09:32.978,ALT/USDT:USDT,0.03403,29.0,0.03402,41.0,0.03404,82990.0,0.03405,28092.0
1753531773037,12:09:33.037,ALT/USDT:USDT,0.03403,29.0,0.03402,41.0,0.03404,82990.0,0.03405,28092.0
1753531773177,12:09:33.177,ALT/USDT:USDT,0.03403,29.0,0.03402,41.0,0.03404,82990.0,0.03405,28092.0
1753531773297,12:09:33.297,ALT/USDT:USDT,0.03402,41.0,0.03398,6056.0,0.03404,82990.0,0.03405,28092.0
1753531773400,12:09:33.400,ALT/USDT:USDT,0.03402,41.0,0.03399,12.0,0.03404,75549.0,0.03405,28092.0
1753531773500,12:09:33.500,ALT/USDT:USDT,0.03402,41.0,0.03399,12.0,0.03404,75549.0,0.03405,28092.0
1753531773586,12:09:33.586,ALT/USDT:USDT,0.03402,41.0,0.03399,12.0,0.03404,84362.0,0.03405,19282.0
1753531773809,12:09:33.809,ALT/USDT:USDT,0.03402,29.0,0.03399,12.0,0.03403,8815.0,0.03404,84070.0
1753531773839,12:09:33.839,ALT/USDT:USDT,0.03402,29.0,0.03399,12.0,0.03403,13159.0,0.03404,72985.0
1753531773979,12:09:33.979,ALT/USDT:USDT,0.03402,29.0,0.03399,12.0,0.03403,16872.0,0.03404,72985.0
1753531774066,12:09:34.066,ALT/USDT:USDT,0.03402,29.0,0.03399,12.0,0.03403,20892.0,0.03404,72985.0
1753531774133,12:09:34.133,ALT/USDT:USDT,0.03402,29.0,0.03399,12.0,0.03403,20892.0,0.03404,72985.0
1753531774215,12:09:34.215,ALT/USDT:USDT,0.03402,29.0,0.03399,12.0,0.03403,21186.0,0.03404,72985.0
1753531774356,12:09:34.356,ALT/USDT:USDT,0.03402,29.0,0.03399,12.0,0.03403,21186.0,0.03404,72985.0
1753531774596,12:09:34.596,ALT/USDT:USDT,0.03402,29.0,0.03399,12.0,0.03403,10229.0,0.03404,72985.0
1753531774670,12:09:34.670,ALT/USDT:USDT,0.03402,29.0,0.03399,12.0,0.03403,10106.0,0.03404,72985.0
1753531774767,12:09:34.767,ALT/USDT:USDT,0.03402,29.0,0.03399,12.0,0.03403,11575.0,0.03404,72985.0
1753531774974,12:09:34.974,ALT/USDT:USDT,0.03402,29.0,0.03399,12.0,0.03403,11281.0,0.03404,72985.0
1753531775711,12:09:35.711,ALT/USDT:USDT,0.03402,29.0,0.03399,12.0,0.03403,11575.0,0.03404,72985.0
1753531776178,12:09:36.178,ALT/USDT:USDT,0.03402,29.0,0.03399,12.0,0.03403,11281.0,0.03404,72985.0
1753531776312,12:09:36.312,ALT/USDT:USDT,0.03402,29.0,0.03399,12.0,0.03403,11575.0,0.03404,72985.0
1753531776480,12:09:36.480,ALT/USDT:USDT,0.03402,29.0,0.03399,12.0,0.03403,11281.0,0.03404,72985.0
1753531776526,12:09:36.526,ALT/USDT:USDT,0.03402,29.0,0.03399,12.0,0.03403,9518.0,0.03404,72985.0
1753531776619,12:09:36.619,ALT/USDT:USDT,0.03402,29.0,0.03399,12.0,0.03403,9518.0,0.03404,72985.0
1753531776770,12:09:36.770,ALT/USDT:USDT,0.03402,29.0,0.03399,12.0,0.03403,9518.0,0.03404,72985.0
1753531776920,12:09:36.920,ALT/USDT:USDT,0.03402,29.0,0.03399,12.0,0.03403,9518.0,0.03404,72985.0
1753531777216,12:09:37.216,ALT/USDT:USDT,0.03402,29.0,0.03399,12.0,0.03403,10892.0,0.03404,72985.0
1753531777504,12:09:37.504,ALT/USDT:USDT,0.03402,29.0,0.03399,12.0,0.03403,10892.0,0.03404,72985.0
1753531777706,12:09:37.706,ALT/USDT:USDT,0.03402,29.0,0.03399,12.0,0.03403,10892.0,0.03404,72985.0
1753531777715,12:09:37.715,ALT/USDT:USDT,0.03402,29.0,0.03399,12.0,0.03403,10892.0,0.03404,72985.0
1753531778094,12:09:38.094,ALT/USDT:USDT,0.03402,29.0,0.03399,12.0,0.03403,10892.0,0.03404,72985.0
1753531778404,12:09:38.404,ALT/USDT:USDT,0.03402,29.0,0.03399,12.0,0.03403,10892.0,0.03404,72985.0
1753531778936,12:09:38.936,ALT/USDT:USDT,0.03402,29.0,0.03399,12.0,0.03403,2077.0,0.03405,10198.0
1753531779101,12:09:39.101,ALT/USDT:USDT,0.03402,29.0,0.03399,12.0,0.03403,75592.0,0.03404,703.0
1753531779118,12:09:39.118,ALT/USDT:USDT,0.03402,29.0,0.03399,12.0,0.03403,75592.0,0.03406,703.0
1753531779262,12:09:39.262,ALT/USDT:USDT,0.03402,29.0,0.03399,12.0,0.03403,75592.0,0.03406,703.0
1753531780068,12:09:40.068,ALT/USDT:USDT,0.03402,29.0,0.03399,1049.0,0.03403,61418.0,0.03406,703.0
1753531780120,12:09:40.120,ALT/USDT:USDT,0.03402,29.0,0.03399,1049.0,0.03403,61418.0,0.03407,1293.0
1753531780284,12:09:40.284,ALT/USDT:USDT,0.03402,29.0,0.03399,1049.0,0.03403,61418.0,0.03407,1293.0
1753531780366,12:09:40.366,ALT/USDT:USDT,0.03402,29.0,0.03399,1049.0,0.03403,62367.0,0.03407,1293.0
1753531780418,12:09:40.418,ALT/USDT:USDT,0.03402,29.0,0.03399,1049.0,0.03403,62367.0,0.03407,1293.0
1753531780599,12:09:40.599,ALT/USDT:USDT,0.03402,29.0,0.03399,1049.0,0.03403,58469.0,0.03407,1293.0
1753531780620,12:09:40.620,ALT/USDT:USDT,0.03402,29.0,0.03399,1037.0,0.03403,58469.0,0.03407,1293.0
1753531780718,12:09:40.718,ALT/USDT:USDT,0.03402,29.0,0.03399,1037.0,0.03403,58469.0,0.03407,1293.0
1753531780890,12:09:40.890,ALT/USDT:USDT,0.03402,29.0,0.03399,1037.0,0.03405,24078.0,0.03406,80259.0
1753531780990,12:09:40.990,ALT/USDT:USDT,0.03402,29.0,0.03399,1037.0,0.03404,75855.0,0.03407,8805.0
1753531781039,12:09:41.039,ALT/USDT:USDT,0.03402,29.0,0.03399,1037.0,0.03404,75855.0,0.03407,8805.0
1753531781116,12:09:41.116,ALT/USDT:USDT,0.03402,29.0,0.03399,1037.0,0.03404,74906.0,0.03407,8805.0
1753531781595,12:09:41.595,ALT/USDT:USDT,0.03402,29.0,0.03399,10121.0,0.03404,74906.0,0.03407,8805.0
1753531781638,12:09:41.638,ALT/USDT:USDT,0.03402,29.0,0.03399,10133.0,0.03404,74906.0,0.03407,8805.0
1753531781719,12:09:41.719,ALT/USDT:USDT,0.03402,29.0,0.03399,10133.0,0.03404,74906.0,0.03407,8805.0
1753531781821,12:09:41.821,ALT/USDT:USDT,0.03402,29.0,0.03399,10133.0,0.03404,74906.0,0.03407,8805.0
1753531782298,12:09:42.298,ALT/USDT:USDT,0.03402,29.0,0.034,1037.0,0.03404,22956.0,0.03405,74175.0
1753531782450,12:09:42.450,ALT/USDT:USDT,0.03402,29.0,0.034,1037.0,0.03404,22956.0,0.03405,74175.0
1753531782807,12:09:42.807,ALT/USDT:USDT,0.03402,29.0,0.03399,10133.0,0.03404,22956.0,0.03405,74175.0
1753531782896,12:09:42.896,ALT/USDT:USDT,0.03402,29.0,0.03399,10133.0,0.03404,22956.0,0.03405,74175.0
1753531782918,12:09:42.918,ALT/USDT:USDT,0.03402,29.0,0.03399,10133.0,0.03404,22956.0,0.03405,74175.0
1753531783017,12:09:43.017,ALT/USDT:USDT,0.03402,29.0,0.03399,10133.0,0.03404,22956.0,0.03405,74175.0
1753531783122,12:09:43.122,ALT/USDT:USDT,0.03402,29.0,0.03399,10133.0,0.03404,22956.0,0.03405,74175.0
1753531783220,12:09:43.220,ALT/USDT:USDT,0.03402,29.0,0.03399,10133.0,0.03404,22956.0,0.03405,74175.0
1753531783408,12:09:43.408,ALT/USDT:USDT,0.03402,29.0,0.03399,12.0,0.03404,703.0,0.03407,8805.0
1753531783506,12:09:43.506,ALT/USDT:USDT,0.03402,29.0,0.03398,7093.0,0.03404,22271.0,0.03405,74236.0
1753531783568,12:09:43.568,ALT/USDT:USDT,0.03402,29.0,0.03398,7093.0,0.03403,411.0,0.03404,22271.0
1753531783670,12:09:43.670,ALT/USDT:USDT,0.03402,29.0,0.03398,7093.0,0.03403,703.0,0.03404,22271.0
1753531785558,12:09:45.558,ALT/USDT:USDT,0.03402,29.0,0.03398,7093.0,0.03403,703.0,0.03404,22271.0
1753531785807,12:09:45.807,ALT/USDT:USDT,0.03402,29.0,0.03398,7093.0,0.03403,703.0,0.03404,22271.0
1753531785812,12:09:45.812,ALT/USDT:USDT,0.03402,29.0,0.03398,7093.0,0.03403,703.0,0.03404,22271.0
1753531786003,12:09:46.003,ALT/USDT:USDT,0.03402,29.0,0.03398,7093.0,0.03403,703.0,0.03404,22271.0
1753531786589,12:09:46.589,ALT/USDT:USDT,0.03402,29.0,0.03398,7093.0,0.03403,703.0,0.03404,22271.0
1753531786694,12:09:46.694,ALT/USDT:USDT,0.03402,29.0,0.03398,7093.0,0.03403,703.0,0.03404,22271.0
1753531786910,12:09:46.910,ALT/USDT:USDT,0.03402,29.0,0.03398,7093.0,0.03403,703.0,0.03404,22271.0
1753531787146,12:09:47.146,ALT/USDT:USDT,0.03402,29.0,0.03398,7093.0,0.03403,703.0,0.03404,22271.0
1753531787694,12:09:47.694,ALT/USDT:USDT,0.03402,29.0,0.03398,7093.0,0.03403,703.0,0.03404,22271.0
1753531787818,12:09:47.818,ALT/USDT:USDT,0.03402,29.0,0.03398,7093.0,0.03403,703.0,0.03404,22271.0
1753531788007,12:09:48.007,ALT/USDT:USDT,0.03402,29.0,0.03398,7093.0,0.03403,703.0,0.03404,22271.0
1753531788044,12:09:48.044,ALT/USDT:USDT,0.03402,29.0,0.03398,7093.0,0.03403,703.0,0.03404,22271.0
1753531789003,12:09:49.003,ALT/USDT:USDT,0.03402,29.0,0.03398,7093.0,0.03403,703.0,0.03404,22271.0
1753531791451,12:09:51.451,ALT/USDT:USDT,0.03402,29.0,0.03398,6056.0,0.03403,703.0,0.03404,22271.0
1753531791775,12:09:51.775,ALT/USDT:USDT,0.03402,29.0,0.03398,6056.0,0.03403,1652.0,0.03404,22271.0
1753531791868,12:09:51.868,ALT/USDT:USDT,0.03402,29.0,0.03398,6056.0,0.03403,1652.0,0.03404,22271.0
1753531792495,12:09:52.495,ALT/USDT:USDT,0.03402,29.0,0.03398,6056.0,0.03403,1652.0,0.03404,22271.0
1753531792514,12:09:52.514,ALT/USDT:USDT,0.03402,29.0,0.03398,6056.0,0.03403,1652.0,0.03404,22271.0
1753531792806,12:09:52.806,ALT/USDT:USDT,0.03402,29.0,0.03398,6056.0,0.03403,1652.0,0.03404,22271.0
1753531793025,12:09:53.025,ALT/USDT:USDT,0.03402,29.0,0.03398,6056.0,0.03403,1652.0,0.03404,22271.0
1753531793241,12:09:53.241,ALT/USDT:USDT,0.03402,29.0,0.03398,6056.0,0.03403,1652.0,0.03404,22271.0
1753531794247,12:09:54.247,ALT/USDT:USDT,0.03402,29.0,0.03398,6056.0,0.03403,1652.0,0.03404,22271.0
1753531794627,12:09:54.627,ALT/USDT:USDT,0.03402,29.0,0.03398,6056.0,0.03403,1652.0,0.03404,22271.0
1753531795428,12:09:55.428,ALT/USDT:USDT,0.03402,29.0,0.03398,6056.0,0.03403,1652.0,0.03404,22271.0
1753531795826,12:09:55.826,ALT/USDT:USDT,0.03402,29.0,0.03398,6056.0,0.03403,1652.0,0.03404,22271.0
1753531795921,12:09:55.921,ALT/USDT:USDT,0.03402,29.0,0.03398,6056.0,0.03403,1652.0,0.03404,22271.0
1753531796430,12:09:56.430,ALT/USDT:USDT,0.03402,29.0,0.03398,6056.0,0.03403,1652.0,0.03404,22271.0
1753531796821,12:09:56.821,ALT/USDT:USDT,0.03402,29.0,0.03398,6056.0,0.03403,1652.0,0.03404,22271.0
1753531797198,12:09:57.198,ALT/USDT:USDT,0.03402,29.0,0.03398,6056.0,0.03403,1652.0,0.03404,22271.0
1753531797295,12:09:57.295,ALT/USDT:USDT,0.03402,29.0,0.03398,6056.0,0.03403,1652.0,0.03404,22271.0
1753531797588,12:09:57.588,ALT/USDT:USDT,0.03402,29.0,0.03398,6056.0,0.03403,1652.0,0.03404,22271.0
1753531798028,12:09:58.028,ALT/USDT:USDT,0.03402,29.0,0.03398,6056.0,0.03403,1652.0,0.03404,22271.0
1753531798383,12:09:58.383,ALT/USDT:USDT,0.03402,29.0,0.03398,7093.0,0.03403,1652.0,0.03404,22271.0
1753531798608,12:09:58.608,ALT/USDT:USDT,0.03402,29.0,0.03398,7093.0,0.03403,703.0,0.03404,22271.0
1753531798801,12:09:58.801,ALT/USDT:USDT,0.03402,29.0,0.03398,7093.0,0.03403,703.0,0.03404,22271.0
1753531799842,12:09:59.842,ALT/USDT:USDT,0.03402,29.0,0.03398,7093.0,0.03403,703.0,0.03404,22271.0
1753531800212,12:10:00.212,ALT/USDT:USDT,0.03402,29.0,0.03398,7093.0,0.03403,703.0,0.03404,22271.0
1753531801205,12:10:01.205,ALT/USDT:USDT,0.03402,29.0,0.03398,7093.0,0.03403,3131.0,0.03404,22271.0
1753531801830,12:10:01.830,ALT/USDT:USDT,0.03402,29.0,0.03398,7093.0,0.03403,3131.0,0.03404,22271.0
1753531801979,12:10:01.979,ALT/USDT:USDT,0.03402,29.0,0.03398,7093.0,0.03403,3131.0,0.03404,22271.0
1753531802095,12:10:02.095,ALT/USDT:USDT,0.03402,29.0,0.03398,7093.0,0.03403,3131.0,0.03404,22271.0
1753531802885,12:10:02.885,ALT/USDT:USDT,0.03402,29.0,0.03398,7093.0,0.03403,3131.0,0.03404,22271.0
1753531804093,12:10:04.093,ALT/USDT:USDT,0.03402,29.0,0.03398,7093.0,0.03403,3131.0,0.03404,22271.0
1753531804418,12:10:04.418,ALT/USDT:USDT,0.03402,29.0,0.03398,7093.0,0.03403,3131.0,0.03404,22271.0
1753531805114,12:10:05.114,ALT/USDT:USDT,0.03402,29.0,0.03398,7093.0,0.03403,3131.0,0.03404,22271.0
1753531805389,12:10:05.389,ALT/USDT:USDT,0.03402,29.0,0.03398,7093.0,0.03403,3131.0,0.03404,22271.0
1753531806417,12:10:06.417,ALT/USDT:USDT,0.03402,29.0,0.03398,7093.0,0.03403,3131.0,0.03404,22271.0
1753531806894,12:10:06.894,ALT/USDT:USDT,0.03402,29.0,0.03398,7093.0,0.03403,3131.0,0.03404,22271.0
1753531808126,12:10:08.126,ALT/USDT:USDT,0.03402,29.0,0.03398,7093.0,0.03403,3131.0,0.03404,22271.0
1753531808607,12:10:08.607,ALT/USDT:USDT,0.03402,29.0,0.03398,7093.0,0.03403,3131.0,0.03404,22271.0
1753531808880,12:10:08.880,ALT/USDT:USDT,0.03402,29.0,0.03399,9084.0,0.03403,3131.0,0.03404,22271.0
1753531809483,12:10:09.483,ALT/USDT:USDT,0.03402,29.0,0.03399,9096.0,0.03403,3131.0,0.03404,22271.0
1753531809519,12:10:09.519,ALT/USDT:USDT,0.03402,29.0,0.03399,9096.0,0.03403,3131.0,0.03404,22271.0
1753531809682,12:10:09.682,ALT/USDT:USDT,0.03402,29.0,0.03399,9096.0,0.03403,3131.0,0.03404,22271.0
1753531809807,12:10:09.807,ALT/USDT:USDT,0.03402,29.0,0.03399,9096.0,0.03403,3131.0,0.03404,22271.0
1753531809890,12:10:09.890,ALT/USDT:USDT,0.03402,29.0,0.03399,9096.0,0.03403,703.0,0.03405,74236.0
1753531809918,12:10:09.918,ALT/USDT:USDT,0.03402,29.0,0.03399,9096.0,0.03404,22974.0,0.03405,74236.0
1753531810025,12:10:10.025,ALT/USDT:USDT,0.03402,29.0,0.03399,9096.0,0.03404,22974.0,0.03405,74236.0
1753531810118,12:10:10.118,ALT/USDT:USDT,0.03402,29.0,0.03399,9096.0,0.03404,22974.0,0.03405,74236.0
1753531810218,12:10:10.218,ALT/USDT:USDT,0.03402,29.0,0.03399,9096.0,0.03404,22974.0,0.03405,74236.0
1753531810318,12:10:10.318,ALT/USDT:USDT,0.03402,29.0,0.03399,9096.0,0.03404,22974.0,0.03405,74236.0
1753531810425,12:10:10.425,ALT/USDT:USDT,0.03402,29.0,0.03399,9096.0,0.03404,22974.0,0.03405,74236.0
1753531810517,12:10:10.517,ALT/USDT:USDT,0.03402,29.0,0.03399,9096.0,0.03404,22974.0,0.03405,74236.0
1753531810617,12:10:10.617,ALT/USDT:USDT,0.03402,29.0,0.03399,9096.0,0.03404,22974.0,0.03405,74236.0
1753531810718,12:10:10.718,ALT/USDT:USDT,0.03402,29.0,0.03399,9096.0,0.03404,22974.0,0.03405,74236.0
1753531810894,12:10:10.894,ALT/USDT:USDT,0.03402,29.0,0.03399,9096.0,0.03404,22974.0,0.03405,74236.0
1753531810948,12:10:10.948,ALT/USDT:USDT,0.03402,29.0,0.03399,9096.0,0.03404,22974.0,0.03405,74236.0
1753531811018,12:10:11.018,ALT/USDT:USDT,0.03402,29.0,0.03399,9096.0,0.03404,22974.0,0.03405,74236.0
1753531811118,12:10:11.118,ALT/USDT:USDT,0.03402,29.0,0.03399,9096.0,0.03404,22974.0,0.03405,74236.0
1753531811217,12:10:11.217,ALT/USDT:USDT,0.03402,29.0,0.03399,9096.0,0.03404,22974.0,0.03405,74236.0
1753531811317,12:10:11.317,ALT/USDT:USDT,0.03402,29.0,0.03399,9096.0,0.03404,22974.0,0.03405,74236.0
1753531811418,12:10:11.418,ALT/USDT:USDT,0.03402,29.0,0.03399,9096.0,0.03404,22974.0,0.03405,74236.0
1753531811517,12:10:11.517,ALT/USDT:USDT,0.03402,29.0,0.03399,9096.0,0.03404,22974.0,0.03405,74236.0
1753531811695,12:10:11.695,ALT/USDT:USDT,0.03402,29.0,0.03399,9096.0,0.03404,22974.0,0.03405,74236.0
1753531811717,12:10:11.717,ALT/USDT:USDT,0.03402,29.0,0.03399,9096.0,0.03404,22974.0,0.03405,74236.0
1753531811817,12:10:11.817,ALT/USDT:USDT,0.03402,29.0,0.03399,9096.0,0.03404,22974.0,0.03405,74236.0
1753531812004,12:10:12.004,ALT/USDT:USDT,0.03402,29.0,0.03399,9096.0,0.03404,22974.0,0.03405,74236.0
1753531812018,12:10:12.018,ALT/USDT:USDT,0.03402,29.0,0.03399,9096.0,0.03404,22974.0,0.03405,74236.0
1753531812117,12:10:12.117,ALT/USDT:USDT,0.03402,29.0,0.03399,9096.0,0.03404,22974.0,0.03405,74236.0
1753531812218,12:10:12.218,ALT/USDT:USDT,0.03402,29.0,0.03399,9096.0,0.03404,22974.0,0.03405,74236.0
1753531812318,12:10:12.318,ALT/USDT:USDT,0.03402,29.0,0.03399,9096.0,0.03404,22974.0,0.03405,74236.0
1753531812417,12:10:12.417,ALT/USDT:USDT,0.03402,29.0,0.03399,9096.0,0.03404,22974.0,0.03405,74236.0
1753531812517,12:10:12.517,ALT/USDT:USDT,0.03402,29.0,0.03399,9096.0,0.03404,22974.0,0.03405,74236.0
1753531812617,12:10:12.617,ALT/USDT:USDT,0.03402,29.0,0.03399,9096.0,0.03404,22974.0,0.03405,74236.0
1753531812717,12:10:12.717,ALT/USDT:USDT,0.03402,29.0,0.03399,9096.0,0.03404,22974.0,0.03405,74236.0
1753531812828,12:10:12.828,ALT/USDT:USDT,0.03402,29.0,0.03399,9096.0,0.03404,703.0,0.03405,74236.0
1753531812917,12:10:12.917,ALT/USDT:USDT,0.03402,29.0,0.03399,9096.0,0.03404,703.0,0.03405,74236.0
1753531813018,12:10:13.018,ALT/USDT:USDT,0.03402,29.0,0.03399,9096.0,0.03404,703.0,0.03405,74236.0
1753531813117,12:10:13.117,ALT/USDT:USDT,0.03402,29.0,0.03399,9096.0,0.03404,703.0,0.03405,74236.0
1753531813217,12:10:13.217,ALT/USDT:USDT,0.03402,29.0,0.03399,9096.0,0.03404,703.0,0.03405,74236.0
1753531813317,12:10:13.317,ALT/USDT:USDT,0.03402,29.0,0.03399,9096.0,0.03404,703.0,0.03405,74236.0
1753531813417,12:10:13.417,ALT/USDT:USDT,0.03402,29.0,0.03399,9096.0,0.03404,703.0,0.03405,74236.0
1753531813556,12:10:13.556,ALT/USDT:USDT,0.03402,29.0,0.03399,10133.0,0.03404,703.0,0.03405,74236.0
1753531813678,12:10:13.678,ALT/USDT:USDT,0.03402,29.0,0.03399,10133.0,0.03404,703.0,0.03405,74236.0
1753531813717,12:10:13.717,ALT/USDT:USDT,0.03402,29.0,0.03399,10133.0,0.03404,703.0,0.03405,74236.0
1753531813817,12:10:13.817,ALT/USDT:USDT,0.03402,29.0,0.03399,10133.0,0.03404,703.0,0.03405,74236.0
1753531813918,12:10:13.918,ALT/USDT:USDT,0.03402,29.0,0.03399,10133.0,0.03404,703.0,0.03405,74236.0
1753531814018,12:10:14.018,ALT/USDT:USDT,0.03402,29.0,0.03399,10133.0,0.03404,703.0,0.03405,74236.0
1753531814123,12:10:14.123,ALT/USDT:USDT,0.03402,29.0,0.03399,10133.0,0.03404,703.0,0.03405,74236.0
1753531814217,12:10:14.217,ALT/USDT:USDT,0.03402,29.0,0.03399,10133.0,0.03404,703.0,0.03405,74236.0
1753531814318,12:10:14.318,ALT/USDT:USDT,0.03402,29.0,0.03399,10133.0,0.03404,703.0,0.03405,74236.0
1753531814418,12:10:14.418,ALT/USDT:USDT,0.03402,29.0,0.03399,10133.0,0.03404,703.0,0.03405,74236.0
1753531814517,12:10:14.517,ALT/USDT:USDT,0.03402,29.0,0.03399,10133.0,0.03404,703.0,0.03405,74236.0
1753531814618,12:10:14.618,ALT/USDT:USDT,0.03402,29.0,0.03399,10133.0,0.03404,703.0,0.03405,74236.0
1753531814717,12:10:14.717,ALT/USDT:USDT,0.03402,29.0,0.03399,10133.0,0.03404,703.0,0.03405,74236.0
1753531814904,12:10:14.904,ALT/USDT:USDT,0.03402,29.0,0.03399,9096.0,0.03404,703.0,0.03405,74236.0
1753531814939,12:10:14.939,ALT/USDT:USDT,0.03402,29.0,0.03399,9096.0,0.03404,703.0,0.03405,74236.0
1753531815025,12:10:15.025,ALT/USDT:USDT,0.03402,29.0,0.03399,9096.0,0.03404,703.0,0.03405,74236.0
1753531815117,12:10:15.117,ALT/USDT:USDT,0.03402,29.0,0.03399,9096.0,0.03404,703.0,0.03405,74236.0
1753531815240,12:10:15.240,ALT/USDT:USDT,0.03402,29.0,0.03399,9096.0,0.03404,703.0,0.03405,74236.0
1753531815317,12:10:15.317,ALT/USDT:USDT,0.03402,29.0,0.03399,9096.0,0.03404,703.0,0.03405,74236.0
1753531815418,12:10:15.418,ALT/USDT:USDT,0.03402,29.0,0.03399,9096.0,0.03404,703.0,0.03405,74236.0
1753531815517,12:10:15.517,ALT/USDT:USDT,0.03402,29.0,0.03399,9096.0,0.03404,703.0,0.03405,74236.0
1753531815618,12:10:15.618,ALT/USDT:USDT,0.03402,29.0,0.03399,9096.0,0.03404,703.0,0.03405,74236.0
1753531815717,12:10:15.717,ALT/USDT:USDT,0.03402,29.0,0.03399,9096.0,0.03404,703.0,0.03405,74236.0
1753531815817,12:10:15.817,ALT/USDT:USDT,0.03402,29.0,0.03399,9096.0,0.03404,703.0,0.03405,74236.0
1753531815967,12:10:15.967,ALT/USDT:USDT,0.03402,29.0,0.03399,9096.0,0.03404,703.0,0.03405,74236.0
1753531816017,12:10:16.017,ALT/USDT:USDT,0.03402,29.0,0.03399,9096.0,0.03404,703.0,0.03405,74236.0
1753531816117,12:10:16.117,ALT/USDT:USDT,0.03402,29.0,0.03399,9096.0,0.03404,703.0,0.03405,74236.0
1753531816217,12:10:16.217,ALT/USDT:USDT,0.03402,29.0,0.03399,9096.0,0.03404,703.0,0.03405,74236.0
1753531816370,12:10:16.370,ALT/USDT:USDT,0.03402,29.0,0.03399,9096.0,0.03404,703.0,0.03405,74236.0
1753531816495,12:10:16.495,ALT/USDT:USDT,0.03402,29.0,0.03399,9096.0,0.03404,703.0,0.03405,74236.0
1753531816518,12:10:16.518,ALT/USDT:USDT,0.03402,29.0,0.03399,9096.0,0.03404,703.0,0.03405,74236.0
1753531816624,12:10:16.624,ALT/USDT:USDT,0.03402,29.0,0.03399,9096.0,0.03404,703.0,0.03405,74236.0
1753531816717,12:10:16.717,ALT/USDT:USDT,0.03402,29.0,0.03399,9096.0,0.03404,703.0,0.03405,74236.0
1753531816817,12:10:16.817,ALT/USDT:USDT,0.03402,29.0,0.03399,9096.0,0.03404,703.0,0.03405,74236.0
1753531816918,12:10:16.918,ALT/USDT:USDT,0.03402,29.0,0.03399,9096.0,0.03404,703.0,0.03405,74236.0
1753531817017,12:10:17.017,ALT/USDT:USDT,0.03402,29.0,0.03399,9096.0,0.03404,703.0,0.03405,74236.0
1753531817118,12:10:17.118,ALT/USDT:USDT,0.03402,29.0,0.03399,9096.0,0.03404,703.0,0.03405,74236.0
1753531817217,12:10:17.217,ALT/USDT:USDT,0.03402,29.0,0.03399,9096.0,0.03404,703.0,0.03405,74236.0
1753531817317,12:10:17.317,ALT/USDT:USDT,0.03402,29.0,0.03399,9096.0,0.03404,703.0,0.03405,74236.0
1753531817417,12:10:17.417,ALT/USDT:USDT,0.03402,29.0,0.03399,9096.0,0.03404,703.0,0.03405,74236.0
1753531817517,12:10:17.517,ALT/USDT:USDT,0.03402,29.0,0.03399,9096.0,0.03404,703.0,0.03405,74236.0
1753531817617,12:10:17.617,ALT/USDT:USDT,0.03402,29.0,0.03399,9096.0,0.03404,703.0,0.03405,74236.0
1753531817718,12:10:17.718,ALT/USDT:USDT,0.03402,29.0,0.03399,9096.0,0.03404,703.0,0.03405,74236.0
1753531817818,12:10:17.818,ALT/USDT:USDT,0.03402,29.0,0.03399,9096.0,0.03404,703.0,0.03405,74236.0
1753531817919,12:10:17.919,ALT/USDT:USDT,0.03402,29.0,0.03399,9096.0,0.03404,703.0,0.03405,74236.0
1753531818018,12:10:18.018,ALT/USDT:USDT,0.03402,29.0,0.03399,9096.0,0.03404,703.0,0.03405,74236.0
1753531818206,12:10:18.206,ALT/USDT:USDT,0.03402,29.0,0.03399,9096.0,0.03404,703.0,0.03405,74236.0
1753531818223,12:10:18.223,ALT/USDT:USDT,0.03402,29.0,0.03399,9096.0,0.03404,703.0,0.03405,74236.0
1753531818323,12:10:18.323,ALT/USDT:USDT,0.03402,29.0,0.03399,9096.0,0.03404,703.0,0.03405,74236.0
1753531818418,12:10:18.418,ALT/USDT:USDT,0.03402,29.0,0.03399,9096.0,0.03404,703.0,0.03405,74236.0
1753531818589,12:10:18.589,ALT/USDT:USDT,0.03402,29.0,0.03399,9096.0,0.03404,703.0,0.03405,74236.0
1753531818622,12:10:18.622,ALT/USDT:USDT,0.03402,29.0,0.03399,9096.0,0.03404,703.0,0.03405,74236.0
1753531818718,12:10:18.718,ALT/USDT:USDT,0.03402,29.0,0.03399,9096.0,0.03404,703.0,0.03405,74236.0
1753531818817,12:10:18.817,ALT/USDT:USDT,0.03402,29.0,0.03399,9096.0,0.03404,703.0,0.03405,74236.0
1753531818974,12:10:18.974,ALT/USDT:USDT,0.03402,29.0,0.03399,9096.0,0.03404,703.0,0.03405,74236.0
1753531819084,12:10:19.084,ALT/USDT:USDT,0.03402,29.0,0.03399,9096.0,0.03404,703.0,0.03405,74236.0
1753531819182,12:10:19.182,ALT/USDT:USDT,0.03402,29.0,0.03399,9096.0,0.03404,703.0,0.03405,74236.0
1753531819243,12:10:19.243,ALT/USDT:USDT,0.03402,29.0,0.03399,9096.0,0.03404,703.0,0.03405,74236.0
1753531819317,12:10:19.317,ALT/USDT:USDT,0.03402,29.0,0.03399,9096.0,0.03404,703.0,0.03405,74236.0
1753531819418,12:10:19.418,ALT/USDT:USDT,0.03402,29.0,0.03399,9096.0,0.03404,703.0,0.03405,74236.0
1753531819519,12:10:19.519,ALT/USDT:USDT,0.03402,29.0,0.03399,9096.0,0.03404,703.0,0.03405,74236.0
1753531819617,12:10:19.617,ALT/USDT:USDT,0.03402,29.0,0.03399,9096.0,0.03404,703.0,0.03405,74236.0
1753531819717,12:10:19.717,ALT/USDT:USDT,0.03402,29.0,0.03399,9096.0,0.03404,703.0,0.03405,74236.0
1753531819817,12:10:19.817,ALT/USDT:USDT,0.03402,29.0,0.03399,9096.0,0.03404,703.0,0.03405,74236.0
1753531819917,12:10:19.917,ALT/USDT:USDT,0.03402,29.0,0.03399,9096.0,0.03404,703.0,0.03405,74236.0
1753531820018,12:10:20.018,ALT/USDT:USDT,0.03402,29.0,0.03399,9096.0,0.03404,703.0,0.03405,74236.0
1753531820117,12:10:20.117,ALT/USDT:USDT,0.03402,29.0,0.03399,9096.0,0.03404,703.0,0.03405,74236.0
1753531820218,12:10:20.218,ALT/USDT:USDT,0.03402,29.0,0.03399,9096.0,0.03404,703.0,0.03405,74236.0
1753531820317,12:10:20.317,ALT/USDT:USDT,0.03402,29.0,0.03399,9096.0,0.03404,703.0,0.03405,74236.0
1753531820422,12:10:20.422,ALT/USDT:USDT,0.03402,29.0,0.03399,9096.0,0.03404,703.0,0.03405,74236.0
1753531820517,12:10:20.517,ALT/USDT:USDT,0.03402,29.0,0.03399,9096.0,0.03404,703.0,0.03405,74236.0
1753531820617,12:10:20.617,ALT/USDT:USDT,0.03402,29.0,0.03399,9096.0,0.03404,703.0,0.03405,74236.0
1753531820717,12:10:20.717,ALT/USDT:USDT,0.03402,29.0,0.03399,9096.0,0.03404,703.0,0.03405,74236.0
1753531820823,12:10:20.823,ALT/USDT:USDT,0.03402,29.0,0.03399,9096.0,0.03404,703.0,0.03405,74236.0
1753531820917,12:10:20.917,ALT/USDT:USDT,0.03402,29.0,0.03399,9096.0,0.03404,703.0,0.03405,74236.0
1753531821017,12:10:21.017,ALT/USDT:USDT,0.03402,29.0,0.03399,9096.0,0.03404,703.0,0.03405,74236.0
1753531821197,12:10:21.197,ALT/USDT:USDT,0.03402,29.0,0.03399,9096.0,0.03404,703.0,0.03405,74236.0
1753531821295,12:10:21.295,ALT/USDT:USDT,0.03402,29.0,0.03399,9096.0,0.03404,703.0,0.03405,74236.0
1753531821319,12:10:21.319,ALT/USDT:USDT,0.03402,29.0,0.03399,9096.0,0.03404,703.0,0.03405,74236.0
1753531821417,12:10:21.417,ALT/USDT:USDT,0.03402,29.0,0.03399,9096.0,0.03404,703.0,0.03405,74236.0
1753531821518,12:10:21.518,ALT/USDT:USDT,0.03402,29.0,0.03399,9096.0,0.03404,703.0,0.03405,74236.0
1753531821623,12:10:21.623,ALT/USDT:USDT,0.03402,29.0,0.03399,9096.0,0.03404,703.0,0.03405,74236.0
1753531821717,12:10:21.717,ALT/USDT:USDT,0.03402,29.0,0.03399,9096.0,0.03404,703.0,0.03405,74236.0
1753531821817,12:10:21.817,ALT/USDT:USDT,0.03402,29.0,0.03399,9096.0,0.03404,703.0,0.03405,74236.0
1753531821917,12:10:21.917,ALT/USDT:USDT,0.03402,29.0,0.03399,9096.0,0.03404,703.0,0.03405,74236.0
1753531822023,12:10:22.023,ALT/USDT:USDT,0.03402,29.0,0.03399,9096.0,0.03404,703.0,0.03405,74236.0
1753531822118,12:10:22.118,ALT/USDT:USDT,0.03402,29.0,0.03399,9096.0,0.03404,703.0,0.03405,74236.0
1753531822218,12:10:22.218,ALT/USDT:USDT,0.03402,29.0,0.03399,9096.0,0.03404,703.0,0.03405,74236.0
1753531822318,12:10:22.318,ALT/USDT:USDT,0.03402,29.0,0.03399,9096.0,0.03404,703.0,0.03405,74236.0
1753531822417,12:10:22.417,ALT/USDT:USDT,0.03402,29.0,0.03399,9096.0,0.03404,703.0,0.03405,74236.0
1753531822519,12:10:22.519,ALT/USDT:USDT,0.03402,29.0,0.03399,9096.0,0.03404,703.0,0.03405,74236.0
1753531822618,12:10:22.618,ALT/USDT:USDT,0.03402,29.0,0.03399,9096.0,0.03404,703.0,0.03405,74236.0
1753531822718,12:10:22.718,ALT/USDT:USDT,0.03402,29.0,0.03399,9096.0,0.03404,703.0,0.03405,74236.0
1753531822824,12:10:22.824,ALT/USDT:USDT,0.03402,29.0,0.03399,9096.0,0.03404,703.0,0.03405,74236.0
1753531822939,12:10:22.939,ALT/USDT:USDT,0.03402,29.0,0.03399,9096.0,0.03404,703.0,0.03405,74236.0
1753531823048,12:10:23.048,ALT/USDT:USDT,0.03402,29.0,0.03399,9096.0,0.03404,703.0,0.03405,74236.0
1753531823128,12:10:23.128,ALT/USDT:USDT,0.03402,29.0,0.03399,9096.0,0.03404,703.0,0.03405,74236.0
1753531823276,12:10:23.276,ALT/USDT:USDT,0.03402,29.0,0.03399,9096.0,0.03404,703.0,0.03405,74236.0
1753531823333,12:10:23.333,ALT/USDT:USDT,0.03402,29.0,0.03399,9096.0,0.03404,703.0,0.03405,74236.0
1753531823417,12:10:23.417,ALT/USDT:USDT,0.03402,29.0,0.03399,9096.0,0.03404,703.0,0.03405,74236.0
1753531823518,12:10:23.518,ALT/USDT:USDT,0.03402,29.0,0.03399,9096.0,0.03404,703.0,0.03405,74236.0
1753531823618,12:10:23.618,ALT/USDT:USDT,0.03402,29.0,0.03399,9096.0,0.03404,703.0,0.03405,74236.0
1753531823717,12:10:23.717,ALT/USDT:USDT,0.03402,29.0,0.03399,9096.0,0.03404,703.0,0.03405,74236.0
1753531823818,12:10:23.818,ALT/USDT:USDT,0.03402,29.0,0.03399,9096.0,0.03404,703.0,0.03405,74236.0
1753531823923,12:10:23.923,ALT/USDT:USDT,0.03402,29.0,0.03399,9096.0,0.03404,703.0,0.03405,74236.0
1753531824019,12:10:24.019,ALT/USDT:USDT,0.03402,29.0,0.03399,9096.0,0.03404,703.0,0.03405,74236.0
1753531824199,12:10:24.199,ALT/USDT:USDT,0.03402,29.0,0.03399,9096.0,0.03404,703.0,0.03405,74236.0
1753531824218,12:10:24.218,ALT/USDT:USDT,0.03402,29.0,0.03399,9096.0,0.03404,703.0,0.03405,74236.0
1753531824317,12:10:24.317,ALT/USDT:USDT,0.03402,29.0,0.03399,9096.0,0.03404,703.0,0.03405,74236.0
1753531824417,12:10:24.417,ALT/USDT:USDT,0.03402,29.0,0.03399,9096.0,0.03404,703.0,0.03405,74236.0
1753531824607,12:10:24.607,ALT/USDT:USDT,0.03402,29.0,0.03399,9096.0,0.03404,703.0,0.03405,74236.0
1753531824617,12:10:24.617,ALT/USDT:USDT,0.03402,29.0,0.03399,9096.0,0.03404,703.0,0.03405,74236.0
1753531824718,12:10:24.718,ALT/USDT:USDT,0.03402,29.0,0.03399,9096.0,0.03404,703.0,0.03405,74236.0
1753531824817,12:10:24.817,ALT/USDT:USDT,0.03402,29.0,0.03399,9096.0,0.03404,703.0,0.03405,74236.0
1753531824917,12:10:24.917,ALT/USDT:USDT,0.03402,29.0,0.03399,9096.0,0.03404,703.0,0.03405,74236.0
1753531825018,12:10:25.018,ALT/USDT:USDT,0.03402,29.0,0.03399,9096.0,0.03404,703.0,0.03405,74236.0
1753531825117,12:10:25.117,ALT/USDT:USDT,0.03402,29.0,0.03399,9096.0,0.03404,703.0,0.03405,74236.0
1753531825217,12:10:25.217,ALT/USDT:USDT,0.03402,29.0,0.03399,9096.0,0.03404,703.0,0.03405,74236.0
1753531825319,12:10:25.319,ALT/USDT:USDT,0.03402,29.0,0.03399,9096.0,0.03404,703.0,0.03405,74236.0
1753531825417,12:10:25.417,ALT/USDT:USDT,0.03402,29.0,0.03399,9096.0,0.03404,703.0,0.03405,74236.0
1753531825608,12:10:25.608,ALT/USDT:USDT,0.03402,29.0,0.03399,9096.0,0.03404,703.0,0.03405,74236.0
1753531826095,12:10:26.095,ALT/USDT:USDT,0.03402,29.0,0.03399,9096.0,0.03404,703.0,0.03405,74236.0
1753531826118,12:10:26.118,ALT/USDT:USDT,0.03402,29.0,0.03399,9096.0,0.03404,703.0,0.03405,74236.0
1753531826218,12:10:26.218,ALT/USDT:USDT,0.03402,29.0,0.03399,9096.0,0.03404,703.0,0.03405,74236.0
1753531826317,12:10:26.317,ALT/USDT:USDT,0.03402,29.0,0.03399,9096.0,0.03404,703.0,0.03405,74236.0
1753531826425,12:10:26.425,ALT/USDT:USDT,0.03402,29.0,0.03399,9096.0,0.03404,703.0,0.03405,74236.0
1753531826523,12:10:26.523,ALT/USDT:USDT,0.03402,29.0,0.03399,9096.0,0.03404,703.0,0.03405,74236.0
1753531826617,12:10:26.617,ALT/USDT:USDT,0.03402,29.0,0.03399,9096.0,0.03404,703.0,0.03405,74236.0
1753531826717,12:10:26.717,ALT/USDT:USDT,0.03402,29.0,0.03399,9096.0,0.03404,703.0,0.03405,74236.0
1753531826817,12:10:26.817,ALT/USDT:USDT,0.03402,29.0,0.03399,9096.0,0.03404,703.0,0.03405,74236.0
1753531826984,12:10:26.984,ALT/USDT:USDT,0.03402,29.0,0.03399,9096.0,0.03404,703.0,0.03405,74236.0
1753531827018,12:10:27.018,ALT/USDT:USDT,0.03402,29.0,0.03399,9096.0,0.03404,703.0,0.03405,74236.0
1753531827117,12:10:27.117,ALT/USDT:USDT,0.03402,29.0,0.03399,9096.0,0.03404,703.0,0.03405,74236.0
1753531827217,12:10:27.217,ALT/USDT:USDT,0.03402,29.0,0.03399,9096.0,0.03404,703.0,0.03405,74236.0
1753531827397,12:10:27.397,ALT/USDT:USDT,0.03402,29.0,0.03399,9096.0,0.03404,703.0,0.03405,74236.0
1753531827417,12:10:27.417,ALT/USDT:USDT,0.03402,29.0,0.03399,9096.0,0.03404,703.0,0.03405,74236.0
1753531827517,12:10:27.517,ALT/USDT:USDT,0.03402,29.0,0.03399,9096.0,0.03404,703.0,0.03405,74236.0
1753531827617,12:10:27.617,ALT/USDT:USDT,0.03402,29.0,0.03399,9096.0,0.03404,703.0,0.03405,74236.0
1753531827717,12:10:27.717,ALT/USDT:USDT,0.03402,29.0,0.03399,9096.0,0.03404,703.0,0.03405,74236.0
1753531827818,12:10:27.818,ALT/USDT:USDT,0.03402,29.0,0.03399,9096.0,0.03404,703.0,0.03405,74236.0
1753531827995,12:10:27.995,ALT/USDT:USDT,0.03402,29.0,0.03399,9096.0,0.03404,703.0,0.03405,74236.0
1753531828017,12:10:28.017,ALT/USDT:USDT,0.03402,29.0,0.03399,9096.0,0.03404,703.0,0.03405,74236.0
1753531828183,12:10:28.183,ALT/USDT:USDT,0.03402,29.0,0.03399,9096.0,0.03404,703.0,0.03405,74236.0
1753531828223,12:10:28.223,ALT/USDT:USDT,0.03402,29.0,0.03399,9096.0,0.03404,703.0,0.03405,74236.0
1753531828318,12:10:28.318,ALT/USDT:USDT,0.03402,29.0,0.03399,9096.0,0.03404,703.0,0.03405,74236.0
1753531828417,12:10:28.417,ALT/USDT:USDT,0.03402,29.0,0.03399,9096.0,0.03404,703.0,0.03405,74236.0
1753531828519,12:10:28.519,ALT/USDT:USDT,0.03402,29.0,0.03399,9096.0,0.03404,703.0,0.03405,74236.0
1753531828617,12:10:28.617,ALT/USDT:USDT,0.03402,29.0,0.03399,9096.0,0.03404,703.0,0.03405,74236.0
1753531828717,12:10:28.717,ALT/USDT:USDT,0.03402,29.0,0.03399,9096.0,0.03404,703.0,0.03405,74236.0
1753531828823,12:10:28.823,ALT/USDT:USDT,0.03402,29.0,0.03399,9096.0,0.03404,703.0,0.03405,74236.0
1753531829003,12:10:29.003,ALT/USDT:USDT,0.03402,29.0,0.03399,9096.0,0.03404,703.0,0.03405,74236.0
1753531829017,12:10:29.017,ALT/USDT:USDT,0.03402,29.0,0.03399,9096.0,0.03404,703.0,0.03405,74236.0
1753531829117,12:10:29.117,ALT/USDT:USDT,0.03402,29.0,0.03399,9096.0,0.03404,703.0,0.03405,74236.0
1753531829217,12:10:29.217,ALT/USDT:USDT,0.03402,29.0,0.03399,9096.0,0.03404,703.0,0.03405,74236.0
1753531829317,12:10:29.317,ALT/USDT:USDT,0.03402,29.0,0.03399,9096.0,0.03404,703.0,0.03405,74236.0
1753531829420,12:10:29.420,ALT/USDT:USDT,0.03402,29.0,0.03399,9096.0,0.03404,703.0,0.03405,74236.0
1753531829517,12:10:29.517,ALT/USDT:USDT,0.03402,29.0,0.03399,9096.0,0.03404,703.0,0.03405,74236.0
1753531829617,12:10:29.617,ALT/USDT:USDT,0.03402,29.0,0.03399,9096.0,0.03404,703.0,0.03405,74236.0
1753531829717,12:10:29.717,ALT/USDT:USDT,0.03402,29.0,0.03399,9096.0,0.03404,703.0,0.03405,74236.0
1753531829817,12:10:29.817,ALT/USDT:USDT,0.03402,29.0,0.03399,9096.0,0.03404,703.0,0.03405,74236.0
1753531829917,12:10:29.917,ALT/USDT:USDT,0.03402,29.0,0.03399,9096.0,0.03404,703.0,0.03405,74236.0
1753531830039,12:10:30.039,ALT/USDT:USDT,0.03402,29.0,0.03399,9096.0,0.03404,703.0,0.03405,74236.0
1753531830190,12:10:30.190,ALT/USDT:USDT,0.03402,29.0,0.03399,9096.0,0.03404,703.0,0.03405,74236.0
1753531830217,12:10:30.217,ALT/USDT:USDT,0.03402,29.0,0.03399,9096.0,0.03404,703.0,0.03405,74236.0
1753531830319,12:10:30.319,ALT/USDT:USDT,0.03402,29.0,0.03399,9096.0,0.03404,703.0,0.03405,74236.0
1753531830419,12:10:30.419,ALT/USDT:USDT,0.03402,29.0,0.03399,9096.0,0.03404,703.0,0.03405,74236.0
1753531830518,12:10:30.518,ALT/USDT:USDT,0.03402,29.0,0.03399,9096.0,0.03404,703.0,0.03405,74236.0
1753531830617,12:10:30.617,ALT/USDT:USDT,0.03402,29.0,0.03399,9096.0,0.03404,703.0,0.03405,74236.0
1753531830717,12:10:30.717,ALT/USDT:USDT,0.03402,29.0,0.03399,9096.0,0.03404,703.0,0.03405,74236.0
1753531830895,12:10:30.895,ALT/USDT:USDT,0.03402,29.0,0.03399,9096.0,0.03404,703.0,0.03405,74236.0
1753531830924,12:10:30.924,ALT/USDT:USDT,0.03402,29.0,0.03399,9096.0,0.03404,703.0,0.03405,74236.0
1753531831027,12:10:31.027,ALT/USDT:USDT,0.03402,29.0,0.03399,9096.0,0.03404,703.0,0.03405,74236.0
1753531831117,12:10:31.117,ALT/USDT:USDT,0.03402,29.0,0.03399,9096.0,0.03404,703.0,0.03405,74236.0
1753531831218,12:10:31.218,ALT/USDT:USDT,0.03402,29.0,0.03399,9096.0,0.03404,703.0,0.03405,74236.0
1753531831317,12:10:31.317,ALT/USDT:USDT,0.03402,29.0,0.03399,9096.0,0.03404,703.0,0.03405,74236.0
1753531831418,12:10:31.418,ALT/USDT:USDT,0.03402,29.0,0.03399,9096.0,0.03404,703.0,0.03405,74236.0
1753531831517,12:10:31.517,ALT/USDT:USDT,0.03402,29.0,0.03399,9096.0,0.03404,703.0,0.03405,74236.0
1753531831617,12:10:31.617,ALT/USDT:USDT,0.03402,29.0,0.03399,9096.0,0.03404,703.0,0.03405,74236.0
1753531831718,12:10:31.718,ALT/USDT:USDT,0.03402,29.0,0.03399,9096.0,0.03404,703.0,0.03405,74236.0
1753531831818,12:10:31.818,ALT/USDT:USDT,0.03402,29.0,0.03399,9096.0,0.03404,703.0,0.03405,74236.0
1753531831917,12:10:31.917,ALT/USDT:USDT,0.03402,29.0,0.03399,9096.0,0.03404,703.0,0.03405,74236.0
1753531832017,12:10:32.017,ALT/USDT:USDT,0.03402,29.0,0.03399,9096.0,0.03404,703.0,0.03405,74236.0
1753531832118,12:10:32.118,ALT/USDT:USDT,0.03402,29.0,0.03399,9096.0,0.03404,703.0,0.03405,74236.0
1753531832218,12:10:32.218,ALT/USDT:USDT,0.03402,29.0,0.03399,9096.0,0.03404,703.0,0.03405,74236.0
1753531832317,12:10:32.317,ALT/USDT:USDT,0.03402,29.0,0.03399,9096.0,0.03404,703.0,0.03405,74236.0
1753531832418,12:10:32.418,ALT/USDT:USDT,0.03402,29.0,0.03399,9096.0,0.03404,703.0,0.03405,74236.0
1753531832518,12:10:32.518,ALT/USDT:USDT,0.03402,29.0,0.03399,9096.0,0.03404,703.0,0.03405,74236.0
1753531832623,12:10:32.623,ALT/USDT:USDT,0.03402,29.0,0.03399,9096.0,0.03404,703.0,0.03405,74236.0
1753531832717,12:10:32.717,ALT/USDT:USDT,0.03402,29.0,0.03399,9096.0,0.03404,703.0,0.03405,74236.0
1753531832818,12:10:32.818,ALT/USDT:USDT,0.03402,29.0,0.03399,9096.0,0.03404,703.0,0.03405,74236.0
1753531832924,12:10:32.924,ALT/USDT:USDT,0.03402,29.0,0.03399,9096.0,0.03404,703.0,0.03405,74236.0
1753531833017,12:10:33.017,ALT/USDT:USDT,0.03402,29.0,0.03399,9096.0,0.03404,703.0,0.03405,74236.0
1753531833118,12:10:33.118,ALT/USDT:USDT,0.03402,29.0,0.03399,9096.0,0.03404,703.0,0.03405,74236.0
1753531833219,12:10:33.219,ALT/USDT:USDT,0.03402,29.0,0.03399,9096.0,0.03404,703.0,0.03405,74236.0
1753531833317,12:10:33.317,ALT/USDT:USDT,0.03402,29.0,0.03399,9096.0,0.03404,703.0,0.03405,74236.0
1753531833417,12:10:33.417,ALT/USDT:USDT,0.03402,29.0,0.03399,9096.0,0.03404,703.0,0.03405,74236.0
1753531833520,12:10:33.520,ALT/USDT:USDT,0.03402,29.0,0.03399,9096.0,0.03404,703.0,0.03405,74236.0
1753531833620,12:10:33.620,ALT/USDT:USDT,0.03402,29.0,0.03399,9096.0,0.03404,703.0,0.03405,74236.0
1753531833732,12:10:33.732,ALT/USDT:USDT,0.03402,29.0,0.03399,9096.0,0.03404,703.0,0.03405,74236.0
1753531833820,12:10:33.820,ALT/USDT:USDT,0.03402,29.0,0.03399,9096.0,0.03404,703.0,0.03405,74236.0
1753531833920,12:10:33.920,ALT/USDT:USDT,0.03402,29.0,0.03399,9096.0,0.03404,703.0,0.03405,74236.0
1753531834018,12:10:34.018,ALT/USDT:USDT,0.03402,29.0,0.03399,9096.0,0.03404,703.0,0.03405,74236.0
1753531834118,12:10:34.118,ALT/USDT:USDT,0.03402,29.0,0.03399,9096.0,0.03404,703.0,0.03405,74236.0
1753531834232,12:10:34.232,ALT/USDT:USDT,0.03402,29.0,0.03399,9096.0,0.03404,703.0,0.03405,74236.0
1753531834323,12:10:34.323,ALT/USDT:USDT,0.03402,29.0,0.03399,9096.0,0.03404,703.0,0.03405,74236.0
1753531834418,12:10:34.418,ALT/USDT:USDT,0.03402,29.0,0.03399,9096.0,0.03404,703.0,0.03405,74236.0
1753531834518,12:10:34.518,ALT/USDT:USDT,0.03402,29.0,0.03399,9096.0,0.03404,703.0,0.03405,74236.0
1753531834617,12:10:34.617,ALT/USDT:USDT,0.03402,29.0,0.03399,9096.0,0.03404,703.0,0.03405,74236.0
1753531834720,12:10:34.720,ALT/USDT:USDT,0.03402,29.0,0.03399,9096.0,0.03404,703.0,0.03405,74236.0
1753531834817,12:10:34.817,ALT/USDT:USDT,0.03402,29.0,0.03399,9096.0,0.03404,703.0,0.03405,74236.0
1753531834938,12:10:34.938,ALT/USDT:USDT,0.03402,29.0,0.03399,9096.0,0.03404,703.0,0.03405,74236.0
1753531835058,12:10:35.058,ALT/USDT:USDT,0.03402,29.0,0.03399,9096.0,0.03404,703.0,0.03405,74236.0
1753531835117,12:10:35.117,ALT/USDT:USDT,0.03402,29.0,0.03399,9096.0,0.03404,703.0,0.03405,74236.0
1753531835217,12:10:35.217,ALT/USDT:USDT,0.03402,29.0,0.03399,9096.0,0.03404,703.0,0.03405,74236.0
1753531835318,12:10:35.318,ALT/USDT:USDT,0.03402,29.0,0.03399,9096.0,0.03404,703.0,0.03405,74236.0
1753531835417,12:10:35.417,ALT/USDT:USDT,0.03402,29.0,0.03399,9096.0,0.03404,703.0,0.03405,74236.0
1753531835517,12:10:35.517,ALT/USDT:USDT,0.03402,29.0,0.03399,9096.0,0.03404,703.0,0.03405,74236.0
1753531835695,12:10:35.695,ALT/USDT:USDT,0.03402,29.0,0.03399,9096.0,0.03404,703.0,0.03405,74236.0
1753531835717,12:10:35.717,ALT/USDT:USDT,0.03402,29.0,0.03399,9096.0,0.03404,703.0,0.03405,74236.0
1753531835817,12:10:35.817,ALT/USDT:USDT,0.03402,29.0,0.03399,9096.0,0.03404,703.0,0.03405,74236.0
1753531835921,12:10:35.921,ALT/USDT:USDT,0.03402,29.0,0.03399,9096.0,0.03404,703.0,0.03405,74236.0
1753531836017,12:10:36.017,ALT/USDT:USDT,0.03402,29.0,0.03399,9096.0,0.03404,703.0,0.03405,74236.0
1753531836117,12:10:36.117,ALT/USDT:USDT,0.03402,29.0,0.03399,9096.0,0.03404,703.0,0.03405,74236.0
1753531836218,12:10:36.218,ALT/USDT:USDT,0.03402,29.0,0.03399,9096.0,0.03404,703.0,0.03405,74236.0
1753531836317,12:10:36.317,ALT/USDT:USDT,0.03402,29.0,0.03399,9096.0,0.03404,703.0,0.03405,74236.0
1753531836417,12:10:36.417,ALT/USDT:USDT,0.03402,29.0,0.03399,9096.0,0.03404,703.0,0.03405,74236.0
1753531836519,12:10:36.519,ALT/USDT:USDT,0.03402,29.0,0.03399,9096.0,0.03404,703.0,0.03405,74236.0
1753531836617,12:10:36.617,ALT/USDT:USDT,0.03402,29.0,0.03399,9096.0,0.03404,703.0,0.03405,74236.0
1753531836717,12:10:36.717,ALT/USDT:USDT,0.03402,29.0,0.03399,9096.0,0.03404,703.0,0.03405,74236.0
1753531836820,12:10:36.820,ALT/USDT:USDT,0.03402,29.0,0.03399,9096.0,0.03404,703.0,0.03405,74236.0
1753531836917,12:10:36.917,ALT/USDT:USDT,0.03402,29.0,0.03399,9096.0,0.03404,703.0,0.03405,74236.0
1753531837018,12:10:37.018,ALT/USDT:USDT,0.03402,29.0,0.03399,9096.0,0.03404,703.0,0.03405,74236.0
1753531837173,12:10:37.173,ALT/USDT:USDT,0.03402,29.0,0.03399,9096.0,0.03404,703.0,0.03405,74236.0
1753531837267,12:10:37.267,ALT/USDT:USDT,0.03402,29.0,0.03399,9096.0,0.03404,703.0,0.03405,74236.0
1753531837394,12:10:37.394,ALT/USDT:USDT,0.03402,29.0,0.03399,12.0,0.03404,703.0,0.03405,74236.0
1753531837438,12:10:37.438,ALT/USDT:USDT,0.03402,29.0,0.03398,6068.0,0.03404,29030.0,0.03405,74236.0
1753531837546,12:10:37.546,ALT/USDT:USDT,0.03402,29.0,0.03398,6068.0,0.03404,29030.0,0.03405,74236.0
1753531837618,12:10:37.618,ALT/USDT:USDT,0.03402,29.0,0.03398,6068.0,0.03404,29030.0,0.03405,74236.0
1753531837718,12:10:37.718,ALT/USDT:USDT,0.03402,29.0,0.03398,6068.0,0.03404,29030.0,0.03405,74236.0
1753531837818,12:10:37.818,ALT/USDT:USDT,0.03402,29.0,0.03398,6068.0,0.03404,29030.0,0.03405,74236.0
1753531837920,12:10:37.920,ALT/USDT:USDT,0.03402,29.0,0.03398,6068.0,0.03404,29030.0,0.03405,74236.0
1753531838021,12:10:38.021,ALT/USDT:USDT,0.03402,29.0,0.03398,6068.0,0.03404,29030.0,0.03405,74236.0
1753531838117,12:10:38.117,ALT/USDT:USDT,0.03402,29.0,0.03398,6068.0,0.03404,29030.0,0.03405,74236.0
1753531838217,12:10:38.217,ALT/USDT:USDT,0.03402,29.0,0.03398,6068.0,0.03404,29030.0,0.03405,74236.0
1753531838318,12:10:38.318,ALT/USDT:USDT,0.03402,29.0,0.03398,6068.0,0.03404,29030.0,0.03405,74236.0
1753531838417,12:10:38.417,ALT/USDT:USDT,0.03402,29.0,0.03398,6068.0,0.03404,29030.0,0.03405,74236.0
1753531838517,12:10:38.517,ALT/USDT:USDT,0.03402,29.0,0.03398,6068.0,0.03404,29030.0,0.03405,74236.0
1753531838619,12:10:38.619,ALT/USDT:USDT,0.03402,29.0,0.03398,6068.0,0.03404,29030.0,0.03405,74236.0
1753531838717,12:10:38.717,ALT/USDT:USDT,0.03402,29.0,0.03398,6068.0,0.03404,29030.0,0.03405,74236.0
1753531838818,12:10:38.818,ALT/USDT:USDT,0.03402,29.0,0.03398,6068.0,0.03404,29030.0,0.03405,74236.0
1753531838927,12:10:38.927,ALT/USDT:USDT,0.03402,29.0,0.03398,6068.0,0.03404,29030.0,0.03405,74236.0
1753531839018,12:10:39.018,ALT/USDT:USDT,0.03402,29.0,0.03398,6068.0,0.03404,29030.0,0.03405,74236.0
1753531839178,12:10:39.178,ALT/USDT:USDT,0.03402,29.0,0.03398,6068.0,0.03404,29030.0,0.03405,74236.0
1753531839219,12:10:39.219,ALT/USDT:USDT,0.03402,29.0,0.03398,6068.0,0.03404,29030.0,0.03405,74236.0
1753531839320,12:10:39.320,ALT/USDT:USDT,0.03402,29.0,0.03398,6068.0,0.03404,29030.0,0.03405,74236.0
1753531839421,12:10:39.421,ALT/USDT:USDT,0.03402,29.0,0.03398,6068.0,0.03404,29030.0,0.03405,74236.0
1753531839519,12:10:39.519,ALT/USDT:USDT,0.03402,29.0,0.03398,6068.0,0.03404,29030.0,0.03405,74236.0
1753531839642,12:10:39.642,ALT/USDT:USDT,0.03402,29.0,0.03398,6068.0,0.03404,29030.0,0.03405,74236.0
1753531839717,12:10:39.717,ALT/USDT:USDT,0.03402,29.0,0.03398,6068.0,0.03404,29030.0,0.03405,74236.0
1753531839817,12:10:39.817,ALT/USDT:USDT,0.03402,29.0,0.03398,6068.0,0.03404,29030.0,0.03405,74236.0
1753531840002,12:10:40.002,ALT/USDT:USDT,0.03402,29.0,0.03398,6068.0,0.03404,29030.0,0.03405,74236.0
1753531840021,12:10:40.021,ALT/USDT:USDT,0.03402,29.0,0.03398,6068.0,0.03404,29030.0,0.03405,74236.0
1753531840117,12:10:40.117,ALT/USDT:USDT,0.03402,29.0,0.03398,6068.0,0.03404,29030.0,0.03405,74236.0
1753531840307,12:10:40.307,ALT/USDT:USDT,0.03402,29.0,0.03398,6068.0,0.03404,29030.0,0.03405,74236.0
1753531840403,12:10:40.403,ALT/USDT:USDT,0.03402,29.0,0.03398,6068.0,0.03404,29030.0,0.03405,74236.0
1753531840495,12:10:40.495,ALT/USDT:USDT,0.03402,29.0,0.03398,6068.0,0.03404,29030.0,0.03405,74236.0
1753531840557,12:10:40.557,ALT/USDT:USDT,0.03402,29.0,0.03398,6068.0,0.03404,29030.0,0.03405,74236.0
1753531840704,12:10:40.704,ALT/USDT:USDT,0.03402,29.0,0.03398,6068.0,0.03404,29030.0,0.03405,74236.0
1753531840719,12:10:40.719,ALT/USDT:USDT,0.03402,29.0,0.03398,6068.0,0.03404,29030.0,0.03405,74236.0
1753531840856,12:10:40.856,ALT/USDT:USDT,0.03402,29.0,0.03398,6068.0,0.03404,29030.0,0.03405,74236.0
1753531841005,12:10:41.005,ALT/USDT:USDT,0.03402,29.0,0.03398,6068.0,0.03404,29030.0,0.03405,74236.0
1753531841017,12:10:41.017,ALT/USDT:USDT,0.03402,29.0,0.03398,6068.0,0.03404,29030.0,0.03405,74236.0
1753531841156,12:10:41.156,ALT/USDT:USDT,0.03402,29.0,0.03398,6068.0,0.03404,29030.0,0.03405,74236.0
1753531841306,12:10:41.306,ALT/USDT:USDT,0.03402,29.0,0.03398,6068.0,0.03404,29030.0,0.03405,74236.0
1753531841317,12:10:41.317,ALT/USDT:USDT,0.03402,29.0,0.03398,6068.0,0.03404,29030.0,0.03405,74236.0
1753531841457,12:10:41.457,ALT/USDT:USDT,0.03402,29.0,0.03398,6068.0,0.03404,29030.0,0.03405,74236.0
1753531841606,12:10:41.606,ALT/USDT:USDT,0.03402,29.0,0.03398,6068.0,0.03404,29030.0,0.03405,74236.0
1753531841655,12:10:41.655,ALT/USDT:USDT,0.03402,29.0,0.03398,6068.0,0.03404,6759.0,0.03405,74236.0
1753531841767,12:10:41.767,ALT/USDT:USDT,0.03402,29.0,0.03398,6068.0,0.03404,6759.0,0.03405,74236.0
1753531841834,12:10:41.834,ALT/USDT:USDT,0.03402,29.0,0.03398,6068.0,0.03404,29030.0,0.03405,74236.0
1753531842006,12:10:42.006,ALT/USDT:USDT,0.03402,29.0,0.03398,6068.0,0.03404,29030.0,0.03405,74236.0
1753531842056,12:10:42.056,ALT/USDT:USDT,0.03402,29.0,0.03398,6068.0,0.03404,29030.0,0.03405,74236.0
1753531842204,12:10:42.204,ALT/USDT:USDT,0.03402,29.0,0.03398,6068.0,0.03404,29030.0,0.03405,74236.0
1753531842251,12:10:42.251,ALT/USDT:USDT,0.03402,29.0,0.03398,6068.0,0.03404,29030.0,0.03405,74236.0
1753531842369,12:10:42.369,ALT/USDT:USDT,0.03402,29.0,0.03398,6068.0,0.03404,29030.0,0.03405,74236.0
1753531842505,12:10:42.505,ALT/USDT:USDT,0.03402,29.0,0.03398,6068.0,0.03404,29030.0,0.03405,74236.0
1753531842518,12:10:42.518,ALT/USDT:USDT,0.03402,29.0,0.03398,6068.0,0.03404,29030.0,0.03405,74236.0
1753531842656,12:10:42.656,ALT/USDT:USDT,0.03402,29.0,0.03398,6068.0,0.03404,29030.0,0.03405,74236.0
1753531842719,12:10:42.719,ALT/USDT:USDT,0.03402,29.0,0.03398,6068.0,0.03404,29030.0,0.03405,74236.0
1753531842819,12:10:42.819,ALT/USDT:USDT,0.03402,29.0,0.03398,6068.0,0.03404,29030.0,0.03405,74236.0
1753531843003,12:10:43.003,ALT/USDT:USDT,0.03402,29.0,0.03398,6068.0,0.03404,29030.0,0.03405,74236.0
1753531843070,12:10:43.070,ALT/USDT:USDT,0.03402,29.0,0.03398,6068.0,0.03404,29030.0,0.03405,74236.0
1753531843118,12:10:43.118,ALT/USDT:USDT,0.03402,29.0,0.03398,6068.0,0.03404,29030.0,0.03405,74236.0
1753531843267,12:10:43.267,ALT/USDT:USDT,0.03402,29.0,0.03398,6068.0,0.03404,29030.0,0.03405,74236.0
1753531843404,12:10:43.404,ALT/USDT:USDT,0.03402,29.0,0.03398,6068.0,0.03404,29030.0,0.03405,74236.0
1753531843418,12:10:43.418,ALT/USDT:USDT,0.03402,29.0,0.03398,6068.0,0.03404,29030.0,0.03405,74236.0
1753531843556,12:10:43.556,ALT/USDT:USDT,0.03402,29.0,0.03398,6068.0,0.03404,29030.0,0.03405,74236.0
1753531843706,12:10:43.706,ALT/USDT:USDT,0.03402,29.0,0.03398,6068.0,0.03404,29030.0,0.03405,74236.0
1753531843717,12:10:43.717,ALT/USDT:USDT,0.03402,29.0,0.03398,6068.0,0.03404,29030.0,0.03405,74236.0
1753531843857,12:10:43.857,ALT/USDT:USDT,0.03402,29.0,0.03398,6068.0,0.03404,29030.0,0.03405,74236.0
1753531844007,12:10:44.007,ALT/USDT:USDT,0.03402,29.0,0.03398,6068.0,0.03404,29324.0,0.03405,74236.0
1753531844035,12:10:44.035,ALT/USDT:USDT,0.03402,29.0,0.03398,6068.0,0.03404,29030.0,0.03405,74236.0
1753531844159,12:10:44.159,ALT/USDT:USDT,0.03402,29.0,0.03398,6068.0,0.03404,29030.0,0.03405,74236.0
1753531844305,12:10:44.305,ALT/USDT:USDT,0.03402,29.0,0.03398,6068.0,0.03404,29030.0,0.03405,74236.0
1753531844318,12:10:44.318,ALT/USDT:USDT,0.03402,29.0,0.03398,6068.0,0.03404,29030.0,0.03405,74236.0
1753531844505,12:10:44.505,ALT/USDT:USDT,0.03402,29.0,0.03398,6068.0,0.03404,6759.0,0.03405,74236.0
1753531844558,12:10:44.558,ALT/USDT:USDT,0.03402,29.0,0.03398,6068.0,0.03404,6759.0,0.03405,74236.0
1753531844644,12:10:44.644,ALT/USDT:USDT,0.03402,29.0,0.03398,6068.0,0.03404,29030.0,0.03405,74236.0
1753531844721,12:10:44.721,ALT/USDT:USDT,0.03402,29.0,0.03398,6068.0,0.03404,29030.0,0.03405,74236.0
1753531844817,12:10:44.817,ALT/USDT:USDT,0.03402,29.0,0.03398,6068.0,0.03404,29030.0,0.03405,74236.0
1753531845006,12:10:45.006,ALT/USDT:USDT,0.03402,29.0,0.03398,6068.0,0.03404,29030.0,0.03405,74236.0
1753531845130,12:10:45.130,ALT/USDT:USDT,0.03402,29.0,0.03398,6068.0,0.03404,29030.0,0.03405,74236.0
1753531845296,12:10:45.296,ALT/USDT:USDT,0.03402,29.0,0.03398,6068.0,0.03404,29030.0,0.03405,74236.0
1753531845331,12:10:45.331,ALT/USDT:USDT,0.03402,29.0,0.03398,6068.0,0.03404,29030.0,0.03405,74236.0
1753531845418,12:10:45.418,ALT/USDT:USDT,0.03402,29.0,0.03398,6068.0,0.03404,29030.0,0.03405,74236.0
1753531845517,12:10:45.517,ALT/USDT:USDT,0.03402,29.0,0.03398,6068.0,0.03404,29030.0,0.03405,74236.0
1753531845639,12:10:45.639,ALT/USDT:USDT,0.03402,29.0,0.03398,6068.0,0.03404,29030.0,0.03405,74236.0
1753531845717,12:10:45.717,ALT/USDT:USDT,0.03402,29.0,0.03398,6068.0,0.03404,29030.0,0.03405,74236.0
1753531845817,12:10:45.817,ALT/USDT:USDT,0.03402,29.0,0.03398,6068.0,0.03404,29030.0,0.03405,74236.0
1753531845917,12:10:45.917,ALT/USDT:USDT,0.03402,29.0,0.03398,6068.0,0.03404,29030.0,0.03405,74236.0
1753531846018,12:10:46.018,ALT/USDT:USDT,0.03402,29.0,0.03398,6068.0,0.03404,29030.0,0.03405,74236.0
1753531846117,12:10:46.117,ALT/USDT:USDT,0.03402,29.0,0.03398,6068.0,0.03404,29030.0,0.03405,74236.0
1753531846218,12:10:46.218,ALT/USDT:USDT,0.03402,29.0,0.03398,6068.0,0.03404,29030.0,0.03405,74236.0
1753531846319,12:10:46.319,ALT/USDT:USDT,0.03402,29.0,0.03398,6068.0,0.03404,29030.0,0.03405,74236.0
1753531846418,12:10:46.418,ALT/USDT:USDT,0.03402,29.0,0.03398,6068.0,0.03404,29030.0,0.03405,74236.0
1753531846525,12:10:46.525,ALT/USDT:USDT,0.03402,29.0,0.03398,6068.0,0.03403,2463.0,0.03404,29030.0
1753531846624,12:10:46.624,ALT/USDT:USDT,0.03402,29.0,0.03398,6068.0,0.03403,2463.0,0.03404,29030.0
1753531846717,12:10:46.717,ALT/USDT:USDT,0.03402,29.0,0.03398,6068.0,0.03403,2463.0,0.03404,29030.0
1753531846818,12:10:46.818,ALT/USDT:USDT,0.03402,29.0,0.03398,6068.0,0.03403,2463.0,0.03404,29030.0
1753531846924,12:10:46.924,ALT/USDT:USDT,0.03402,29.0,0.03398,6068.0,0.03403,2463.0,0.03404,29030.0
1753531847020,12:10:47.020,ALT/USDT:USDT,0.03402,29.0,0.03398,6068.0,0.03403,2463.0,0.03404,29030.0
1753531847117,12:10:47.117,ALT/USDT:USDT,0.03402,29.0,0.03398,6068.0,0.03403,2463.0,0.03404,29030.0
1753531847218,12:10:47.218,ALT/USDT:USDT,0.03402,29.0,0.03398,6068.0,0.03403,2463.0,0.03404,29030.0
1753531847318,12:10:47.318,ALT/USDT:USDT,0.03402,29.0,0.03398,6068.0,0.03403,2463.0,0.03404,29030.0
1753531847417,12:10:47.417,ALT/USDT:USDT,0.03402,29.0,0.03398,6068.0,0.03403,2463.0,0.03404,29030.0
1753531847517,12:10:47.517,ALT/USDT:USDT,0.03402,29.0,0.03398,6068.0,0.03403,2463.0,0.03404,29030.0
1753531847617,12:10:47.617,ALT/USDT:USDT,0.03402,29.0,0.03398,6068.0,0.03403,2463.0,0.03404,29030.0
1753531847717,12:10:47.717,ALT/USDT:USDT,0.03402,29.0,0.03398,6068.0,0.03403,2463.0,0.03404,29030.0
1753531847820,12:10:47.820,ALT/USDT:USDT,0.03402,29.0,0.03398,6068.0,0.03403,2463.0,0.03404,29030.0
1753531847917,12:10:47.917,ALT/USDT:USDT,0.03402,29.0,0.03398,6068.0,0.03403,2463.0,0.03404,29030.0
1753531848018,12:10:48.018,ALT/USDT:USDT,0.03402,29.0,0.03398,6068.0,0.03403,2463.0,0.03404,29030.0
1753531848120,12:10:48.120,ALT/USDT:USDT,0.03402,29.0,0.03398,6068.0,0.03403,2463.0,0.03404,29030.0
1753531848219,12:10:48.219,ALT/USDT:USDT,0.03402,29.0,0.03398,6068.0,0.03403,2463.0,0.03404,29030.0
1753531848317,12:10:48.317,ALT/USDT:USDT,0.03402,29.0,0.03398,6068.0,0.03403,2463.0,0.03404,29030.0
1753531848420,12:10:48.420,ALT/USDT:USDT,0.03402,29.0,0.03398,6068.0,0.03403,2463.0,0.03404,29030.0
1753531848517,12:10:48.517,ALT/USDT:USDT,0.03402,29.0,0.03398,6068.0,0.03403,2463.0,0.03404,29030.0
1753531848619,12:10:48.619,ALT/USDT:USDT,0.03402,29.0,0.03398,6068.0,0.03403,2463.0,0.03404,29030.0
1753531848718,12:10:48.718,ALT/USDT:USDT,0.03402,29.0,0.03398,6068.0,0.03403,2463.0,0.03404,29030.0
1753531848817,12:10:48.817,ALT/USDT:USDT,0.03402,29.0,0.03398,6068.0,0.03403,2463.0,0.03404,29030.0
1753531848922,12:10:48.922,ALT/USDT:USDT,0.03402,29.0,0.03398,6068.0,0.03403,2463.0,0.03404,29030.0
1753531849123,12:10:49.123,ALT/USDT:USDT,0.03402,29.0,0.03398,6068.0,0.03403,2463.0,0.03404,29030.0
1753531849252,12:10:49.252,ALT/USDT:USDT,0.03402,29.0,0.03398,6068.0,0.03403,2463.0,0.03404,29030.0
1753531849317,12:10:49.317,ALT/USDT:USDT,0.03402,29.0,0.03398,6068.0,0.03403,2463.0,0.03404,29030.0
1753531849418,12:10:49.418,ALT/USDT:USDT,0.03402,29.0,0.03398,6068.0,0.03403,2463.0,0.03404,29030.0
1753531849518,12:10:49.518,ALT/USDT:USDT,0.03402,29.0,0.03398,6068.0,0.03403,2463.0,0.03404,29030.0
1753531849620,12:10:49.620,ALT/USDT:USDT,0.03402,29.0,0.03398,6068.0,0.03403,2463.0,0.03404,29030.0
1753531849717,12:10:49.717,ALT/USDT:USDT,0.03402,29.0,0.03398,6068.0,0.03403,2463.0,0.03404,29030.0
1753531849819,12:10:49.819,ALT/USDT:USDT,0.03402,29.0,0.03398,6068.0,0.03403,2463.0,0.03404,29030.0
1753531849918,12:10:49.918,ALT/USDT:USDT,0.03402,29.0,0.03398,6068.0,0.03403,2463.0,0.03404,29030.0
1753531850099,12:10:50.099,ALT/USDT:USDT,0.03402,29.0,0.03398,6068.0,0.03403,2463.0,0.03404,6759.0
1753531850133,12:10:50.133,ALT/USDT:USDT,0.03402,29.0,0.03398,6056.0,0.03403,2463.0,0.03404,80670.0
1753531850220,12:10:50.220,ALT/USDT:USDT,0.03402,29.0,0.03398,6056.0,0.03403,3166.0,0.03404,80670.0
1753531851037,12:10:51.037,ALT/USDT:USDT,0.03402,29.0,0.03398,6056.0,0.03403,3166.0,0.03404,80670.0
1753531851452,12:10:51.452,ALT/USDT:USDT,0.03402,29.0,0.03398,6056.0,0.03403,3166.0,0.03404,80670.0
1753531852188,12:10:52.188,ALT/USDT:USDT,0.03402,29.0,0.03398,6056.0,0.03403,3166.0,0.03404,80670.0
1753531852318,12:10:52.318,ALT/USDT:USDT,0.03402,29.0,0.03398,6056.0,0.03403,3166.0,0.03404,80670.0
1753531854801,12:10:54.801,ALT/USDT:USDT,0.03402,29.0,0.03398,6056.0,0.03403,3166.0,0.03404,80670.0
1753531855223,12:10:55.223,ALT/USDT:USDT,0.03402,29.0,0.03398,6056.0,0.03403,3166.0,0.03404,80670.0
1753531855317,12:10:55.317,ALT/USDT:USDT,0.03402,29.0,0.03398,6056.0,0.03403,3166.0,0.03404,80670.0
1753531856422,12:10:56.422,ALT/USDT:USDT,0.03402,29.0,0.03398,6056.0,0.03403,3166.0,0.03404,80670.0
1753531857880,12:10:57.880,ALT/USDT:USDT,0.03402,29.0,0.03398,6056.0,0.03403,3166.0,0.03404,80670.0
1753531859118,12:10:59.118,ALT/USDT:USDT,0.03402,29.0,0.03399,9084.0,0.03403,3166.0,0.03404,74614.0
1753531859258,12:10:59.258,ALT/USDT:USDT,0.03402,29.0,0.03399,9096.0,0.03403,3166.0,0.03404,74614.0
1753531859378,12:10:59.378,ALT/USDT:USDT,0.03402,29.0,0.03399,9096.0,0.03403,3166.0,0.03404,74614.0
1753531859418,12:10:59.418,ALT/USDT:USDT,0.03402,29.0,0.03399,9096.0,0.03403,3166.0,0.03404,74614.0
1753531859519,12:10:59.519,ALT/USDT:USDT,0.03402,29.0,0.03399,9096.0,0.03403,3166.0,0.03404,74614.0
1753531859618,12:10:59.618,ALT/USDT:USDT,0.03402,29.0,0.03399,9096.0,0.03403,3166.0,0.03404,74614.0
1753531859718,12:10:59.718,ALT/USDT:USDT,0.03402,29.0,0.03399,9096.0,0.03403,3166.0,0.03404,74614.0
1753531859819,12:10:59.819,ALT/USDT:USDT,0.03402,29.0,0.03399,9096.0,0.03403,3166.0,0.03404,74614.0
1753531859920,12:10:59.920,ALT/USDT:USDT,0.03402,29.0,0.03399,9096.0,0.03403,3166.0,0.03404,74614.0
1753531860017,12:11:00.017,ALT/USDT:USDT,0.03402,29.0,0.03399,9096.0,0.03403,3166.0,0.03404,74614.0
1753531860118,12:11:00.118,ALT/USDT:USDT,0.03402,29.0,0.03399,9096.0,0.03403,3166.0,0.03404,74614.0
1753531860219,12:11:00.219,ALT/USDT:USDT,0.03402,29.0,0.03399,9096.0,0.03403,3166.0,0.03404,74614.0
1753531860318,12:11:00.318,ALT/USDT:USDT,0.03402,29.0,0.03399,9096.0,0.03403,3166.0,0.03404,74614.0
1753531860431,12:11:00.431,ALT/USDT:USDT,0.03402,29.0,0.03399,9096.0,0.03403,3166.0,0.03404,74614.0
1753531860517,12:11:00.517,ALT/USDT:USDT,0.03402,29.0,0.03399,9096.0,0.03403,3166.0,0.03404,74614.0
