timestamp,time,symbol,bid1_price,bid1_volume,bid2_price,bid2_volume,ask1_price,ask1_volume,ask2_price,ask2_volume
1753531576000,12:06:16.000,ATH/USDT:USDT,0.03423,22.0,0.03422,23.0,0.03426,77.0,0.03427,113.0
1753531576345,12:06:16.345,ATH/USDT:USDT,0.03423,22.0,0.03422,23.0,0.03426,77.0,0.03427,113.0
1753531577007,12:06:17.007,ATH/USDT:USDT,0.03423,22.0,0.03422,23.0,0.03426,77.0,0.03427,113.0
1753531577400,12:06:17.400,ATH/USDT:USDT,0.03423,22.0,0.03422,23.0,0.03426,77.0,0.03427,113.0
1753531577425,12:06:17.425,ATH/USDT:USDT,0.03423,22.0,0.03422,23.0,0.03426,77.0,0.03427,113.0
1753531578841,12:06:18.841,ATH/USDT:USDT,0.03423,22.0,0.03422,23.0,0.03426,77.0,0.03427,113.0
1753531579122,12:06:19.122,ATH/USDT:USDT,0.03423,22.0,0.03422,23.0,0.03426,77.0,0.03427,113.0
1753531579127,12:06:19.127,ATH/USDT:USDT,0.03423,22.0,0.03422,23.0,0.03426,77.0,0.03427,113.0
1753531581696,12:06:21.696,ATH/USDT:USDT,0.03423,38.0,0.03422,23.0,0.03426,77.0,0.03427,113.0
1753531582004,12:06:22.004,ATH/USDT:USDT,0.03423,38.0,0.03422,23.0,0.03426,77.0,0.03427,113.0
1753531582182,12:06:22.182,ATH/USDT:USDT,0.03423,38.0,0.03422,23.0,0.03426,77.0,0.03427,113.0
1753531583004,12:06:23.004,ATH/USDT:USDT,0.03423,38.0,0.03422,23.0,0.03426,77.0,0.03427,113.0
1753531587421,12:06:27.421,ATH/USDT:USDT,0.03423,38.0,0.03422,22.0,0.03426,77.0,0.03427,113.0
1753531593407,12:06:33.407,ATH/USDT:USDT,0.03423,16.0,0.03422,22.0,0.03425,23.0,0.03426,77.0
1753531598016,12:06:38.016,ATH/USDT:USDT,0.03423,16.0,0.03422,22.0,0.03425,23.0,0.03426,77.0
1753531598027,12:06:38.027,ATH/USDT:USDT,0.03423,16.0,0.03422,22.0,0.03425,23.0,0.03426,77.0
1753531598656,12:06:38.656,ATH/USDT:USDT,0.03423,16.0,0.03422,22.0,0.03425,23.0,0.03426,77.0
1753531598783,12:06:38.783,ATH/USDT:USDT,0.03423,16.0,0.03422,22.0,0.03425,23.0,0.03426,77.0
1753531599749,12:06:39.749,ATH/USDT:USDT,0.03423,12.0,0.03422,22.0,0.03425,23.0,0.03426,77.0
1753531600196,12:06:40.196,ATH/USDT:USDT,0.03423,13.0,0.03422,22.0,0.03426,77.0,0.03427,262.0
1753531600509,12:06:40.509,ATH/USDT:USDT,0.03423,12.0,0.03422,22.0,0.03426,77.0,0.03427,262.0
1753531600920,12:06:40.920,ATH/USDT:USDT,0.03423,12.0,0.03422,22.0,0.03426,77.0,0.03427,262.0
1753531601367,12:06:41.367,ATH/USDT:USDT,0.03423,12.0,0.03422,22.0,0.03426,77.0,0.03427,262.0
1753531601523,12:06:41.523,ATH/USDT:USDT,0.03423,12.0,0.03422,22.0,0.03426,77.0,0.03427,262.0
1753531601676,12:06:41.676,ATH/USDT:USDT,0.03423,12.0,0.03422,22.0,0.03426,77.0,0.03427,262.0
1753531601768,12:06:41.768,ATH/USDT:USDT,0.03422,22.0,0.03421,318.0,0.03426,77.0,0.03427,262.0
1753531601984,12:06:41.984,ATH/USDT:USDT,0.03422,22.0,0.03421,318.0,0.03426,77.0,0.03427,262.0
1753531602047,12:06:42.047,ATH/USDT:USDT,0.03422,22.0,0.03421,318.0,0.03426,77.0,0.03427,262.0
1753531602207,12:06:42.207,ATH/USDT:USDT,0.03422,22.0,0.03421,318.0,0.03426,77.0,0.03427,262.0
1753531602399,12:06:42.399,ATH/USDT:USDT,0.03422,22.0,0.03421,318.0,0.03426,77.0,0.03427,262.0
1753531603006,12:06:43.006,ATH/USDT:USDT,0.03422,22.0,0.03421,318.0,0.03426,77.0,0.03427,262.0
1753531603970,12:06:43.970,ATH/USDT:USDT,0.03422,22.0,0.03421,318.0,0.03425,22.0,0.03426,77.0
1753531604048,12:06:44.048,ATH/USDT:USDT,0.03422,22.0,0.03421,318.0,0.03425,22.0,0.03426,77.0
1753531606487,12:06:46.487,ATH/USDT:USDT,0.03422,22.0,0.03421,318.0,0.03425,22.0,0.03426,77.0
1753531607267,12:06:47.267,ATH/USDT:USDT,0.03422,22.0,0.03421,318.0,0.03425,22.0,0.03426,77.0
1753531609147,12:06:49.147,ATH/USDT:USDT,0.03422,22.0,0.03421,318.0,0.03425,22.0,0.03426,77.0
1753531612999,12:06:52.999,ATH/USDT:USDT,0.03422,22.0,0.03421,318.0,0.03426,77.0,0.03427,262.0
1753531622711,12:07:02.711,ATH/USDT:USDT,0.03422,22.0,0.03421,318.0,0.03426,77.0,0.03427,262.0
1753531622822,12:07:02.822,ATH/USDT:USDT,0.03422,22.0,0.03421,318.0,0.03425,22.0,0.03426,77.0
1753531622830,12:07:02.830,ATH/USDT:USDT,0.03422,22.0,0.03421,340.0,0.03425,22.0,0.03426,77.0
1753531624005,12:07:04.005,ATH/USDT:USDT,0.03422,22.0,0.03421,340.0,0.03425,22.0,0.03426,77.0
1753531624028,12:07:04.028,ATH/USDT:USDT,0.03422,22.0,0.03421,340.0,0.03425,22.0,0.03426,77.0
1753531627587,12:07:07.587,ATH/USDT:USDT,0.03422,22.0,0.03421,340.0,0.03425,22.0,0.03426,77.0
1753531629005,12:07:09.005,ATH/USDT:USDT,0.03422,22.0,0.03421,340.0,0.03425,22.0,0.03426,77.0
1753531629027,12:07:09.027,ATH/USDT:USDT,0.03422,22.0,0.03421,340.0,0.03425,22.0,0.03426,77.0
1753531631138,12:07:11.138,ATH/USDT:USDT,0.03422,22.0,0.03421,340.0,0.03426,77.0,0.03427,262.0
1753531632060,12:07:12.060,ATH/USDT:USDT,0.03422,22.0,0.03421,340.0,0.03426,77.0,0.03427,262.0
1753531634774,12:07:14.774,ATH/USDT:USDT,0.03422,22.0,0.03421,340.0,0.03426,77.0,0.03427,262.0
1753531634908,12:07:14.908,ATH/USDT:USDT,0.03422,22.0,0.03421,340.0,0.03426,77.0,0.03427,262.0
1753531634939,12:07:14.939,ATH/USDT:USDT,0.03422,22.0,0.03421,340.0,0.03426,77.0,0.03427,262.0
1753531636005,12:07:16.005,ATH/USDT:USDT,0.03422,22.0,0.03421,340.0,0.03426,77.0,0.03427,262.0
1753531636027,12:07:16.027,ATH/USDT:USDT,0.03422,22.0,0.03421,340.0,0.03426,77.0,0.03427,262.0
1753531637609,12:07:17.609,ATH/USDT:USDT,0.03422,22.0,0.03421,61.0,0.03425,50.0,0.03426,77.0
1753531637777,12:07:17.777,ATH/USDT:USDT,0.03422,22.0,0.03421,61.0,0.03425,50.0,0.03426,77.0
1753531637834,12:07:17.834,ATH/USDT:USDT,0.03422,22.0,0.03421,89.0,0.03425,50.0,0.03426,77.0
1753531638068,12:07:18.068,ATH/USDT:USDT,0.03422,22.0,0.03421,89.0,0.03425,50.0,0.03426,77.0
1753531638367,12:07:18.367,ATH/USDT:USDT,0.03422,22.0,0.03421,89.0,0.03425,50.0,0.03426,77.0
1753531644007,12:07:24.007,ATH/USDT:USDT,0.03422,22.0,0.03421,89.0,0.03425,50.0,0.03426,77.0
1753531646661,12:07:26.661,ATH/USDT:USDT,0.03422,22.0,0.03421,89.0,0.03425,50.0,0.03426,77.0
1753531652590,12:07:32.590,ATH/USDT:USDT,0.03422,22.0,0.03421,89.0,0.03425,50.0,0.03426,77.0
1753531652672,12:07:32.672,ATH/USDT:USDT,0.03422,22.0,0.03421,89.0,0.03425,50.0,0.03426,77.0
1753531652789,12:07:32.789,ATH/USDT:USDT,0.03421,89.0,0.0342,365.0,0.03425,50.0,0.03426,77.0
1753531652848,12:07:32.848,ATH/USDT:USDT,0.03421,89.0,0.0342,365.0,0.03425,50.0,0.03426,77.0
1753531654003,12:07:34.003,ATH/USDT:USDT,0.03421,89.0,0.0342,365.0,0.03425,50.0,0.03426,77.0
1753531654326,12:07:34.326,ATH/USDT:USDT,0.03421,89.0,0.0342,365.0,0.03425,50.0,0.03426,77.0
1753531655523,12:07:35.523,ATH/USDT:USDT,0.03421,89.0,0.0342,365.0,0.03424,22.0,0.03425,50.0
1753531655611,12:07:35.611,ATH/USDT:USDT,0.03421,21.0,0.0342,343.0,0.03424,22.0,0.03425,50.0
1753531655714,12:07:35.714,ATH/USDT:USDT,0.0342,22.0,0.03419,117.0,0.03424,22.0,0.03425,50.0
1753531655807,12:07:35.807,ATH/USDT:USDT,0.0342,22.0,0.03419,117.0,0.03423,22.0,0.03424,62.0
1753531655885,12:07:35.885,ATH/USDT:USDT,0.0342,22.0,0.03419,117.0,0.03423,22.0,0.03424,62.0
1753531656005,12:07:36.005,ATH/USDT:USDT,0.0342,22.0,0.03419,117.0,0.03423,22.0,0.03424,62.0
1753531656087,12:07:36.087,ATH/USDT:USDT,0.0342,22.0,0.03419,117.0,0.03423,23.0,0.03424,62.0
1753531656306,12:07:36.306,ATH/USDT:USDT,0.0342,22.0,0.03419,117.0,0.03423,23.0,0.03424,62.0
1753531656717,12:07:36.717,ATH/USDT:USDT,0.0342,1.0,0.03419,117.0,0.03422,23.0,0.03423,50.0
1753531656820,12:07:36.820,ATH/USDT:USDT,0.0342,1.0,0.03418,21.0,0.03421,24.0,0.03422,24.0
1753531656915,12:07:36.915,ATH/USDT:USDT,0.0342,1.0,0.03418,21.0,0.03421,24.0,0.03422,24.0
1753531657021,12:07:37.021,ATH/USDT:USDT,0.0342,1.0,0.03418,21.0,0.03421,24.0,0.03422,24.0
1753531657122,12:07:37.122,ATH/USDT:USDT,0.03417,21.0,0.03416,109.0,0.0342,22.0,0.03421,51.0
1753531657213,12:07:37.213,ATH/USDT:USDT,0.03416,22.0,0.03415,199.0,0.0342,22.0,0.03421,50.0
1753531657309,12:07:37.309,ATH/USDT:USDT,0.03417,23.0,0.03416,22.0,0.0342,22.0,0.03421,50.0
1753531657343,12:07:37.343,ATH/USDT:USDT,0.03417,22.0,0.03416,22.0,0.0342,23.0,0.03421,50.0
1753531657489,12:07:37.489,ATH/USDT:USDT,0.03416,22.0,0.03415,199.0,0.0342,22.0,0.03421,50.0
1753531657540,12:07:37.540,ATH/USDT:USDT,0.03416,22.0,0.03415,199.0,0.0342,22.0,0.03421,50.0
1753531657714,12:07:37.714,ATH/USDT:USDT,0.03416,22.0,0.03415,199.0,0.0342,22.0,0.03421,50.0
1753531657727,12:07:37.727,ATH/USDT:USDT,0.03416,22.0,0.03415,199.0,0.0342,22.0,0.03421,50.0
1753531657827,12:07:37.827,ATH/USDT:USDT,0.03416,82.0,0.03415,199.0,0.0342,22.0,0.03421,50.0
1753531657988,12:07:37.988,ATH/USDT:USDT,0.03417,23.0,0.03416,82.0,0.0342,23.0,0.03421,50.0
1753531658075,12:07:38.075,ATH/USDT:USDT,0.03417,24.0,0.03416,82.0,0.0342,24.0,0.03421,50.0
1753531658313,12:07:38.313,ATH/USDT:USDT,0.03417,24.0,0.03416,82.0,0.0342,24.0,0.03421,50.0
1753531658339,12:07:38.339,ATH/USDT:USDT,0.03417,24.0,0.03416,82.0,0.0342,24.0,0.03421,50.0
1753531658813,12:07:38.813,ATH/USDT:USDT,0.03417,24.0,0.03416,82.0,0.0342,24.0,0.03421,50.0
1753531658868,12:07:38.868,ATH/USDT:USDT,0.03417,24.0,0.03416,82.0,0.0342,24.0,0.03421,50.0
1753531659007,12:07:39.007,ATH/USDT:USDT,0.03417,24.0,0.03416,82.0,0.0342,24.0,0.03421,50.0
1753531659105,12:07:39.105,ATH/USDT:USDT,0.03417,24.0,0.03416,82.0,0.0342,24.0,0.03421,50.0
1753531659313,12:07:39.313,ATH/USDT:USDT,0.03417,24.0,0.03416,82.0,0.0342,24.0,0.03421,108.0
1753531659473,12:07:39.473,ATH/USDT:USDT,0.03417,24.0,0.03416,82.0,0.0342,24.0,0.03421,108.0
1753531659637,12:07:39.637,ATH/USDT:USDT,0.03417,24.0,0.03416,82.0,0.0342,24.0,0.03421,108.0
1753531659741,12:07:39.741,ATH/USDT:USDT,0.03417,24.0,0.03416,82.0,0.0342,24.0,0.03421,108.0
1753531659974,12:07:39.974,ATH/USDT:USDT,0.03417,24.0,0.03416,82.0,0.0342,24.0,0.03421,108.0
1753531660089,12:07:40.089,ATH/USDT:USDT,0.03417,24.0,0.03416,82.0,0.0342,24.0,0.03421,108.0
1753531660194,12:07:40.194,ATH/USDT:USDT,0.03417,24.0,0.03416,82.0,0.0342,24.0,0.03421,108.0
1753531660360,12:07:40.360,ATH/USDT:USDT,0.03417,24.0,0.03416,82.0,0.0342,24.0,0.03421,108.0
1753531661408,12:07:41.408,ATH/USDT:USDT,0.03417,24.0,0.03416,82.0,0.0342,23.0,0.03421,108.0
1753531661470,12:07:41.470,ATH/USDT:USDT,0.03417,24.0,0.03416,82.0,0.0342,23.0,0.03421,108.0
1753531661543,12:07:41.543,ATH/USDT:USDT,0.03417,24.0,0.03416,82.0,0.0342,23.0,0.03421,108.0
1753531662579,12:07:42.579,ATH/USDT:USDT,0.03417,24.0,0.03416,82.0,0.0342,24.0,0.03421,108.0
1753531662672,12:07:42.672,ATH/USDT:USDT,0.03417,24.0,0.03416,82.0,0.0342,24.0,0.03421,108.0
1753531662800,12:07:42.800,ATH/USDT:USDT,0.03417,24.0,0.03416,82.0,0.0342,24.0,0.03421,108.0
1753531663407,12:07:43.407,ATH/USDT:USDT,0.03417,24.0,0.03416,312.0,0.0342,23.0,0.03421,108.0
1753531663427,12:07:43.427,ATH/USDT:USDT,0.03417,24.0,0.03416,312.0,0.0342,23.0,0.03421,108.0
1753531664430,12:07:44.430,ATH/USDT:USDT,0.03417,24.0,0.03416,312.0,0.0342,23.0,0.03421,108.0
1753531664889,12:07:44.889,ATH/USDT:USDT,0.03417,24.0,0.03416,312.0,0.0342,23.0,0.03421,108.0
1753531664987,12:07:44.987,ATH/USDT:USDT,0.03417,24.0,0.03416,312.0,0.0342,23.0,0.03421,108.0
1753531665197,12:07:45.197,ATH/USDT:USDT,0.03417,24.0,0.03416,312.0,0.03421,108.0,0.03422,62.0
1753531665227,12:07:45.227,ATH/USDT:USDT,0.03417,24.0,0.03416,312.0,0.03421,108.0,0.03422,62.0
1753531665340,12:07:45.340,ATH/USDT:USDT,0.03417,24.0,0.03416,312.0,0.03421,108.0,0.03422,62.0
1753531665754,12:07:45.754,ATH/USDT:USDT,0.03418,22.0,0.03417,23.0,0.03421,108.0,0.03422,62.0
1753531665847,12:07:45.847,ATH/USDT:USDT,0.03418,22.0,0.03417,235.0,0.03421,108.0,0.03422,62.0
1753531665993,12:07:45.993,ATH/USDT:USDT,0.03418,22.0,0.03417,235.0,0.03421,108.0,0.03422,62.0
1753531666110,12:07:46.110,ATH/USDT:USDT,0.03417,234.0,0.03416,765.0,0.03421,109.0,0.03422,62.0
1753531666172,12:07:46.172,ATH/USDT:USDT,0.03417,22.0,0.03416,312.0,0.03421,109.0,0.03422,62.0
1753531667014,12:07:47.014,ATH/USDT:USDT,0.03417,22.0,0.03416,312.0,0.03421,109.0,0.03422,62.0
1753531667028,12:07:47.028,ATH/USDT:USDT,0.03417,22.0,0.03416,312.0,0.03421,109.0,0.03422,62.0
1753531667418,12:07:47.418,ATH/USDT:USDT,0.03417,22.0,0.03416,312.0,0.03421,109.0,0.03422,62.0
1753531668751,12:07:48.751,ATH/USDT:USDT,0.03417,23.0,0.03416,312.0,0.0342,23.0,0.03421,108.0
1753531669013,12:07:49.013,ATH/USDT:USDT,0.03417,23.0,0.03416,312.0,0.0342,23.0,0.03421,108.0
1753531669806,12:07:49.806,ATH/USDT:USDT,0.03417,23.0,0.03416,312.0,0.0342,22.0,0.03421,108.0
1753531669832,12:07:49.832,ATH/USDT:USDT,0.03417,23.0,0.03416,312.0,0.0342,22.0,0.03421,108.0
1753531670030,12:07:50.030,ATH/USDT:USDT,0.03417,23.0,0.03416,312.0,0.0342,22.0,0.03421,108.0
1753531671521,12:07:51.521,ATH/USDT:USDT,0.03417,23.0,0.03416,312.0,0.0342,22.0,0.03421,108.0
1753531671618,12:07:51.618,ATH/USDT:USDT,0.03416,312.0,0.03415,794.0,0.0342,22.0,0.03421,108.0
1753531671717,12:07:51.717,ATH/USDT:USDT,0.03416,22.0,0.03415,267.0,0.0342,22.0,0.03421,172.0
1753531671854,12:07:51.854,ATH/USDT:USDT,0.03416,22.0,0.03415,267.0,0.0342,22.0,0.03421,172.0
1753531672084,12:07:52.084,ATH/USDT:USDT,0.03416,22.0,0.03415,267.0,0.0342,22.0,0.03421,172.0
1753531672263,12:07:52.263,ATH/USDT:USDT,0.03416,22.0,0.03415,267.0,0.0342,22.0,0.03421,172.0
1753531674607,12:07:54.607,ATH/USDT:USDT,0.03416,22.0,0.03415,267.0,0.0342,22.0,0.03421,172.0
1753531674679,12:07:54.679,ATH/USDT:USDT,0.03416,22.0,0.03415,267.0,0.0342,22.0,0.03421,172.0
1753531675148,12:07:55.148,ATH/USDT:USDT,0.03416,22.0,0.03415,267.0,0.0342,22.0,0.03421,321.0
1753531675977,12:07:55.977,ATH/USDT:USDT,0.03416,22.0,0.03415,267.0,0.0342,22.0,0.03421,321.0
1753531676487,12:07:56.487,ATH/USDT:USDT,0.03416,22.0,0.03415,267.0,0.0342,22.0,0.03421,321.0
1753531677467,12:07:57.467,ATH/USDT:USDT,0.03416,22.0,0.03415,267.0,0.0342,22.0,0.03421,321.0
1753531678295,12:07:58.295,ATH/USDT:USDT,0.03416,22.0,0.03415,267.0,0.0342,22.0,0.03421,172.0
1753531679287,12:07:59.287,ATH/USDT:USDT,0.03416,22.0,0.03415,267.0,0.0342,22.0,0.03421,172.0
1753531679617,12:07:59.617,ATH/USDT:USDT,0.03416,22.0,0.03415,267.0,0.0342,22.0,0.03421,172.0
1753531679627,12:07:59.627,ATH/USDT:USDT,0.03416,22.0,0.03415,267.0,0.0342,22.0,0.03421,172.0
1753531680684,12:08:00.684,ATH/USDT:USDT,0.03416,22.0,0.03415,267.0,0.0342,22.0,0.03421,172.0
1753531682023,12:08:02.023,ATH/USDT:USDT,0.03416,22.0,0.03415,267.0,0.0342,22.0,0.03421,172.0
1753531682027,12:08:02.027,ATH/USDT:USDT,0.03416,22.0,0.03415,267.0,0.0342,22.0,0.03421,172.0
1753531682271,12:08:02.271,ATH/USDT:USDT,0.03416,22.0,0.03415,267.0,0.0342,22.0,0.03421,321.0
1753531682414,12:08:02.414,ATH/USDT:USDT,0.03416,22.0,0.03415,267.0,0.0342,22.0,0.03421,321.0
1753531683007,12:08:03.007,ATH/USDT:USDT,0.03416,22.0,0.03415,267.0,0.0342,22.0,0.03421,321.0
1753531683027,12:08:03.027,ATH/USDT:USDT,0.03416,22.0,0.03415,267.0,0.0342,22.0,0.03421,321.0
1753531683792,12:08:03.792,ATH/USDT:USDT,0.03416,22.0,0.03415,267.0,0.0342,22.0,0.03421,172.0
1753531684091,12:08:04.091,ATH/USDT:USDT,0.03416,22.0,0.03415,239.0,0.0342,22.0,0.03421,172.0
1753531684403,12:08:04.403,ATH/USDT:USDT,0.03416,22.0,0.03415,267.0,0.0342,22.0,0.03421,172.0
1753531684523,12:08:04.523,ATH/USDT:USDT,0.03416,22.0,0.03415,267.0,0.0342,22.0,0.03421,172.0
1753531684810,12:08:04.810,ATH/USDT:USDT,0.03416,22.0,0.03415,267.0,0.0342,22.0,0.03421,172.0
1753531685403,12:08:05.403,ATH/USDT:USDT,0.03416,22.0,0.03415,267.0,0.0342,22.0,0.03421,172.0
1753531692306,12:08:12.306,ATH/USDT:USDT,0.03416,22.0,0.03415,326.0,0.0342,22.0,0.03421,172.0
1753531692697,12:08:12.697,ATH/USDT:USDT,0.03416,22.0,0.03415,326.0,0.0342,22.0,0.03421,172.0
1753531694007,12:08:14.007,ATH/USDT:USDT,0.03416,22.0,0.03415,326.0,0.0342,22.0,0.03421,172.0
1753531695147,12:08:15.147,ATH/USDT:USDT,0.03416,22.0,0.03415,326.0,0.0342,22.0,0.03421,172.0
1753531696081,12:08:16.081,ATH/USDT:USDT,0.03416,22.0,0.03415,326.0,0.0342,22.0,0.03421,172.0
1753531698808,12:08:18.808,ATH/USDT:USDT,0.03416,22.0,0.03415,326.0,0.0342,22.0,0.03421,172.0
1753531701007,12:08:21.007,ATH/USDT:USDT,0.03416,22.0,0.03415,326.0,0.0342,22.0,0.03421,172.0
1753531701223,12:08:21.223,ATH/USDT:USDT,0.03416,22.0,0.03415,326.0,0.03419,21.0,0.0342,62.0
1753531701273,12:08:21.273,ATH/USDT:USDT,0.03415,131.0,0.03414,397.0,0.03419,21.0,0.0342,62.0
1753531701332,12:08:21.332,ATH/USDT:USDT,0.03415,131.0,0.03414,397.0,0.03419,21.0,0.0342,62.0
1753531701519,12:08:21.519,ATH/USDT:USDT,0.03416,21.0,0.03415,131.0,0.0342,62.0,0.03421,172.0
1753531701567,12:08:21.567,ATH/USDT:USDT,0.03416,21.0,0.03415,336.0,0.0342,62.0,0.03421,172.0
1753531701691,12:08:21.691,ATH/USDT:USDT,0.03416,21.0,0.03415,336.0,0.0342,62.0,0.03421,172.0
1753531701752,12:08:21.752,ATH/USDT:USDT,0.03416,21.0,0.03415,336.0,0.0342,62.0,0.03421,172.0
1753531702005,12:08:22.005,ATH/USDT:USDT,0.03416,21.0,0.03415,336.0,0.0342,62.0,0.03421,172.0
1753531702028,12:08:22.028,ATH/USDT:USDT,0.03416,21.0,0.03415,336.0,0.0342,62.0,0.03421,172.0
1753531702196,12:08:22.196,ATH/USDT:USDT,0.03416,21.0,0.03415,336.0,0.0342,62.0,0.03421,321.0
1753531703007,12:08:23.007,ATH/USDT:USDT,0.03416,21.0,0.03415,336.0,0.0342,62.0,0.03421,321.0
1753531703067,12:08:23.067,ATH/USDT:USDT,0.03416,21.0,0.03415,336.0,0.0342,62.0,0.03421,321.0
1753531703214,12:08:23.214,ATH/USDT:USDT,0.03416,21.0,0.03415,336.0,0.0342,62.0,0.03421,321.0
1753531703318,12:08:23.318,ATH/USDT:USDT,0.03416,21.0,0.03415,336.0,0.0342,62.0,0.03421,321.0
1753531704143,12:08:24.143,ATH/USDT:USDT,0.03416,21.0,0.03415,336.0,0.0342,62.0,0.03421,321.0
1753531704238,12:08:24.238,ATH/USDT:USDT,0.03416,21.0,0.03415,336.0,0.0342,62.0,0.03421,321.0
1753531704556,12:08:24.556,ATH/USDT:USDT,0.03416,21.0,0.03415,336.0,0.0342,62.0,0.03421,321.0
1753531705292,12:08:25.292,ATH/USDT:USDT,0.03416,21.0,0.03415,336.0,0.0342,62.0,0.03421,172.0
1753531706909,12:08:26.909,ATH/USDT:USDT,0.03416,21.0,0.03415,336.0,0.0342,62.0,0.03421,172.0
1753531707410,12:08:27.410,ATH/USDT:USDT,0.03416,21.0,0.03415,336.0,0.0342,62.0,0.03421,258.0
1753531715608,12:08:35.608,ATH/USDT:USDT,0.03415,336.0,0.03414,828.0,0.03419,23.0,0.0342,62.0
1753531715648,12:08:35.648,ATH/USDT:USDT,0.03415,131.0,0.03414,355.0,0.03419,23.0,0.0342,62.0
1753531716547,12:08:36.547,ATH/USDT:USDT,0.03415,131.0,0.03414,355.0,0.03419,23.0,0.0342,62.0
1753531716713,12:08:36.713,ATH/USDT:USDT,0.03415,131.0,0.03414,355.0,0.03419,23.0,0.0342,62.0
1753531717170,12:08:37.170,ATH/USDT:USDT,0.03415,131.0,0.03414,355.0,0.03419,23.0,0.0342,62.0
1753531717410,12:08:37.410,ATH/USDT:USDT,0.03415,131.0,0.03414,355.0,0.03419,23.0,0.0342,62.0
1753531717910,12:08:37.910,ATH/USDT:USDT,0.03415,131.0,0.03414,442.0,0.03419,23.0,0.0342,62.0
1753531718007,12:08:38.007,ATH/USDT:USDT,0.03415,131.0,0.03414,442.0,0.03419,23.0,0.0342,62.0
1753531718507,12:08:38.507,ATH/USDT:USDT,0.03415,131.0,0.03414,442.0,0.03419,23.0,0.0342,62.0
1753531719004,12:08:39.004,ATH/USDT:USDT,0.03415,131.0,0.03414,355.0,0.03419,23.0,0.0342,62.0
1753531719030,12:08:39.030,ATH/USDT:USDT,0.03415,131.0,0.03414,355.0,0.03419,23.0,0.0342,62.0
1753531720716,12:08:40.716,ATH/USDT:USDT,0.03415,131.0,0.03414,355.0,0.03419,23.0,0.0342,62.0
1753531720825,12:08:40.825,ATH/USDT:USDT,0.03415,131.0,0.03414,355.0,0.03419,23.0,0.0342,62.0
1753531721208,12:08:41.208,ATH/USDT:USDT,0.03415,50.0,0.03414,355.0,0.03418,23.0,0.03419,79.0
1753531721307,12:08:41.307,ATH/USDT:USDT,0.03414,22.0,0.03413,183.0,0.03418,24.0,0.03419,107.0
1753531721423,12:08:41.423,ATH/USDT:USDT,0.03414,22.0,0.03413,127.0,0.03418,24.0,0.03419,107.0
1753531721514,12:08:41.514,ATH/USDT:USDT,0.03414,22.0,0.03413,127.0,0.03418,24.0,0.03419,107.0
1753531721541,12:08:41.541,ATH/USDT:USDT,0.03414,22.0,0.03413,127.0,0.03418,24.0,0.03419,107.0
1753531722089,12:08:42.089,ATH/USDT:USDT,0.03414,22.0,0.03413,127.0,0.03418,24.0,0.03419,107.0
1753531722808,12:08:42.808,ATH/USDT:USDT,0.03414,22.0,0.03413,127.0,0.03418,24.0,0.03419,107.0
1753531723006,12:08:43.006,ATH/USDT:USDT,0.03414,22.0,0.03413,127.0,0.03418,24.0,0.03419,107.0
1753531723106,12:08:43.106,ATH/USDT:USDT,0.03414,22.0,0.03413,127.0,0.03418,24.0,0.03419,107.0
1753531723829,12:08:43.829,ATH/USDT:USDT,0.03414,22.0,0.03413,127.0,0.03418,24.0,0.03419,107.0
1753531723960,12:08:43.960,ATH/USDT:USDT,0.03414,22.0,0.03413,127.0,0.03418,24.0,0.03419,107.0
1753531725707,12:08:45.707,ATH/USDT:USDT,0.03414,22.0,0.03413,127.0,0.03418,24.0,0.03419,107.0
1753531725820,12:08:45.820,ATH/USDT:USDT,0.03415,24.0,0.03414,82.0,0.03418,1.0,0.03419,107.0
1753531725827,12:08:45.827,ATH/USDT:USDT,0.03415,24.0,0.03414,82.0,0.03418,1.0,0.03419,107.0
1753531726007,12:08:46.007,ATH/USDT:USDT,0.03415,24.0,0.03414,82.0,0.03418,1.0,0.03419,107.0
1753531726101,12:08:46.101,ATH/USDT:USDT,0.03415,23.0,0.03414,82.0,0.03418,2.0,0.03419,107.0
1753531726180,12:08:46.180,ATH/USDT:USDT,0.03415,23.0,0.03414,82.0,0.03418,2.0,0.03419,107.0
1753531726299,12:08:46.299,ATH/USDT:USDT,0.03415,23.0,0.03414,82.0,0.03418,2.0,0.03419,107.0
1753531726506,12:08:46.506,ATH/USDT:USDT,0.03415,24.0,0.03414,82.0,0.03418,2.0,0.03419,107.0
1753531726965,12:08:46.965,ATH/USDT:USDT,0.03415,24.0,0.03414,82.0,0.03418,2.0,0.03419,107.0
1753531728291,12:08:48.291,ATH/USDT:USDT,0.03415,22.0,0.03414,82.0,0.03418,2.0,0.03419,107.0
1753531730087,12:08:50.087,ATH/USDT:USDT,0.03415,22.0,0.03414,295.0,0.03418,2.0,0.03419,107.0
1753531730236,12:08:50.236,ATH/USDT:USDT,0.03415,22.0,0.03414,295.0,0.03418,2.0,0.03419,107.0
1753531733395,12:08:53.395,ATH/USDT:USDT,0.03415,22.0,0.03414,295.0,0.03418,2.0,0.03419,107.0
1753531740291,12:09:00.291,ATH/USDT:USDT,0.03415,23.0,0.03414,295.0,0.03418,2.0,0.03419,107.0
1753531740673,12:09:00.673,ATH/USDT:USDT,0.03415,22.0,0.03414,295.0,0.03418,2.0,0.03419,107.0
1753531740807,12:09:00.807,ATH/USDT:USDT,0.03414,273.0,0.03413,1047.0,0.03418,24.0,0.03419,107.0
1753531740876,12:09:00.876,ATH/USDT:USDT,0.03414,22.0,0.03413,614.0,0.03418,24.0,0.03419,107.0
1753531741023,12:09:01.023,ATH/USDT:USDT,0.03413,50.0,0.03412,43.0,0.03417,22.0,0.03418,22.0
1753531741115,12:09:01.115,ATH/USDT:USDT,0.03412,71.0,0.03411,661.0,0.03417,28.0,0.03418,22.0
1753531741212,12:09:01.212,ATH/USDT:USDT,0.03412,71.0,0.03411,224.0,0.03417,28.0,0.03418,22.0
1753531741237,12:09:01.237,ATH/USDT:USDT,0.03412,71.0,0.03411,224.0,0.03417,50.0,0.03418,22.0
1753531741424,12:09:01.424,ATH/USDT:USDT,0.03411,79.0,0.0341,49.0,0.03415,50.0,0.03416,62.0
1753531741503,12:09:01.503,ATH/USDT:USDT,0.03411,22.0,0.0341,49.0,0.03415,50.0,0.03416,62.0
1753531741590,12:09:01.590,ATH/USDT:USDT,0.0341,21.0,0.03409,199.0,0.03415,50.0,0.03416,62.0
1753531741695,12:09:01.695,ATH/USDT:USDT,0.0341,21.0,0.03409,50.0,0.03415,50.0,0.03416,62.0
1753531741800,12:09:01.800,ATH/USDT:USDT,0.0341,61.0,0.03409,199.0,0.03415,50.0,0.03416,62.0
1753531742007,12:09:02.007,ATH/USDT:USDT,0.0341,61.0,0.03409,199.0,0.03415,50.0,0.03416,62.0
1753531742095,12:09:02.095,ATH/USDT:USDT,0.0341,61.0,0.03409,256.0,0.03415,50.0,0.03416,62.0
1753531742167,12:09:02.167,ATH/USDT:USDT,0.0341,61.0,0.03409,256.0,0.03415,50.0,0.03416,62.0
1753531742291,12:09:02.291,ATH/USDT:USDT,0.0341,61.0,0.03409,256.0,0.03415,50.0,0.03416,62.0
1753531742648,12:09:02.648,ATH/USDT:USDT,0.0341,138.0,0.03409,256.0,0.03415,50.0,0.03416,120.0
1753531743756,12:09:03.756,ATH/USDT:USDT,0.0341,138.0,0.03409,256.0,0.03415,50.0,0.03416,120.0
1753531743932,12:09:03.932,ATH/USDT:USDT,0.0341,138.0,0.03409,256.0,0.03415,50.0,0.03416,120.0
1753531744222,12:09:04.222,ATH/USDT:USDT,0.03411,22.0,0.0341,138.0,0.03415,50.0,0.03416,120.0
1753531744243,12:09:04.243,ATH/USDT:USDT,0.03411,22.0,0.0341,138.0,0.03415,50.0,0.03416,120.0
1753531744385,12:09:04.385,ATH/USDT:USDT,0.03411,22.0,0.0341,138.0,0.03415,50.0,0.03416,120.0
1753531745007,12:09:05.007,ATH/USDT:USDT,0.03411,22.0,0.0341,138.0,0.03415,50.0,0.03416,120.0
1753531745422,12:09:05.422,ATH/USDT:USDT,0.03406,81.0,0.03405,40.0,0.03412,50.0,0.03413,149.0
1753531745513,12:09:05.513,ATH/USDT:USDT,0.03406,28.0,0.03405,22.0,0.03409,1.0,0.03411,183.0
1753531745607,12:09:05.607,ATH/USDT:USDT,0.03406,28.0,0.03405,22.0,0.03408,2.0,0.03409,1.0
1753531745721,12:09:05.721,ATH/USDT:USDT,0.03406,68.0,0.03405,64.0,0.03407,1.0,0.03411,229.0
1753531745804,12:09:05.804,ATH/USDT:USDT,0.03406,89.0,0.03405,62.0,0.03411,80.0,0.03412,50.0
1753531745907,12:09:05.907,ATH/USDT:USDT,0.03406,89.0,0.03405,62.0,0.03411,80.0,0.03412,50.0
1753531746007,12:09:06.007,ATH/USDT:USDT,0.03406,89.0,0.03405,62.0,0.03411,80.0,0.03412,50.0
1753531746078,12:09:06.078,ATH/USDT:USDT,0.03406,89.0,0.03405,62.0,0.03411,80.0,0.03412,50.0
1753531746304,12:09:06.304,ATH/USDT:USDT,0.03406,89.0,0.03405,62.0,0.03411,81.0,0.03412,50.0
1753531746409,12:09:06.409,ATH/USDT:USDT,0.03406,90.0,0.03405,62.0,0.03411,81.0,0.03412,50.0
1753531746525,12:09:06.525,ATH/USDT:USDT,0.03406,90.0,0.03405,62.0,0.03411,82.0,0.03412,50.0
1753531746709,12:09:06.709,ATH/USDT:USDT,0.03406,90.0,0.03405,62.0,0.03411,82.0,0.03412,90.0
1753531746727,12:09:06.727,ATH/USDT:USDT,0.03406,91.0,0.03405,62.0,0.03411,82.0,0.03412,90.0
1753531747025,12:09:07.025,ATH/USDT:USDT,0.03406,62.0,0.03405,62.0,0.0341,28.0,0.03411,231.0
1753531747107,12:09:07.107,ATH/USDT:USDT,0.03405,62.0,0.03404,90.0,0.03409,2.0,0.0341,239.0
1753531747177,12:09:07.177,ATH/USDT:USDT,0.03406,97.0,0.03405,62.0,0.03409,2.0,0.0341,62.0
1753531747296,12:09:07.296,ATH/USDT:USDT,0.03406,97.0,0.03405,62.0,0.03409,2.0,0.0341,62.0
1753531747698,12:09:07.698,ATH/USDT:USDT,0.03406,97.0,0.03405,62.0,0.03409,2.0,0.0341,62.0
1753531748009,12:09:08.009,ATH/USDT:USDT,0.03406,97.0,0.03405,62.0,0.03409,2.0,0.0341,62.0
1753531748111,12:09:08.111,ATH/USDT:USDT,0.03406,97.0,0.03405,62.0,0.03409,2.0,0.0341,62.0
1753531748212,12:09:08.212,ATH/USDT:USDT,0.03406,98.0,0.03405,62.0,0.03409,2.0,0.0341,62.0
1753531748319,12:09:08.319,ATH/USDT:USDT,0.03406,99.0,0.03405,62.0,0.0341,40.0,0.03411,120.0
1753531748371,12:09:08.371,ATH/USDT:USDT,0.03407,7.0,0.03406,92.0,0.0341,42.0,0.03411,120.0
1753531748425,12:09:08.425,ATH/USDT:USDT,0.03407,7.0,0.03406,92.0,0.0341,42.0,0.03411,120.0
1753531748621,12:09:08.621,ATH/USDT:USDT,0.03407,7.0,0.03406,92.0,0.0341,2.0,0.03411,80.0
1753531748939,12:09:08.939,ATH/USDT:USDT,0.03407,7.0,0.03406,92.0,0.0341,2.0,0.03411,80.0
1753531749120,12:09:09.120,ATH/USDT:USDT,0.03407,7.0,0.03406,52.0,0.0341,2.0,0.03411,80.0
1753531749177,12:09:09.177,ATH/USDT:USDT,0.03407,7.0,0.03406,52.0,0.0341,2.0,0.03411,80.0
1753531749346,12:09:09.346,ATH/USDT:USDT,0.03407,7.0,0.03406,52.0,0.0341,2.0,0.03411,80.0
1753531749593,12:09:09.593,ATH/USDT:USDT,0.03407,7.0,0.03406,52.0,0.0341,1.0,0.03411,22.0
1753531750123,12:09:10.123,ATH/USDT:USDT,0.03407,7.0,0.03406,52.0,0.0341,1.0,0.03411,22.0
1753531750156,12:09:10.156,ATH/USDT:USDT,0.03407,7.0,0.03406,52.0,0.0341,1.0,0.03411,22.0
1753531750364,12:09:10.364,ATH/USDT:USDT,0.03407,7.0,0.03406,52.0,0.0341,1.0,0.03411,22.0
1753531750807,12:09:10.807,ATH/USDT:USDT,0.03407,7.0,0.03406,52.0,0.0341,1.0,0.03411,22.0
1753531750915,12:09:10.915,ATH/USDT:USDT,0.03407,7.0,0.03406,52.0,0.03411,23.0,0.03412,50.0
1753531750988,12:09:10.988,ATH/USDT:USDT,0.03408,35.0,0.03407,22.0,0.03411,23.0,0.03412,50.0
1753531751428,12:09:11.428,ATH/USDT:USDT,0.03408,35.0,0.03407,22.0,0.03411,23.0,0.03412,50.0
1753531751578,12:09:11.578,ATH/USDT:USDT,0.03408,36.0,0.03407,22.0,0.03411,23.0,0.03412,50.0
1753531751794,12:09:11.794,ATH/USDT:USDT,0.03408,52.0,0.03407,22.0,0.03411,23.0,0.03412,50.0
1753531751827,12:09:11.827,ATH/USDT:USDT,0.03408,52.0,0.03407,22.0,0.03411,23.0,0.03412,50.0
1753531751941,12:09:11.941,ATH/USDT:USDT,0.03408,52.0,0.03407,22.0,0.03411,23.0,0.03412,50.0
1753531752035,12:09:12.035,ATH/USDT:USDT,0.03408,53.0,0.03407,22.0,0.03411,22.0,0.03412,50.0
1753531752128,12:09:12.128,ATH/USDT:USDT,0.03408,52.0,0.03407,22.0,0.03411,22.0,0.03412,50.0
1753531752735,12:09:12.735,ATH/USDT:USDT,0.03408,53.0,0.03407,22.0,0.03411,22.0,0.03412,50.0
1753531753718,12:09:13.718,ATH/USDT:USDT,0.03408,52.0,0.03407,22.0,0.03411,22.0,0.03412,22.0
1753531753795,12:09:13.795,ATH/USDT:USDT,0.03408,53.0,0.03407,22.0,0.03411,1.0,0.03412,22.0
1753531753828,12:09:13.828,ATH/USDT:USDT,0.03408,53.0,0.03407,22.0,0.03411,2.0,0.03412,22.0
1753531754406,12:09:14.406,ATH/USDT:USDT,0.03408,52.0,0.03407,22.0,0.03411,2.0,0.03412,22.0
1753531754870,12:09:14.870,ATH/USDT:USDT,0.03408,53.0,0.03407,22.0,0.03412,22.0,0.03413,298.0
1753531754990,12:09:14.990,ATH/USDT:USDT,0.0341,7.0,0.03408,44.0,0.03412,24.0,0.03413,298.0
1753531755121,12:09:15.121,ATH/USDT:USDT,0.0341,7.0,0.03408,44.0,0.03412,24.0,0.03413,298.0
1753531755215,12:09:15.215,ATH/USDT:USDT,0.0341,7.0,0.03408,44.0,0.03412,24.0,0.03413,298.0
1753531755242,12:09:15.242,ATH/USDT:USDT,0.0341,7.0,0.03408,44.0,0.03412,24.0,0.03413,298.0
1753531755445,12:09:15.445,ATH/USDT:USDT,0.0341,7.0,0.03408,44.0,0.03412,24.0,0.03413,298.0
1753531756685,12:09:16.685,ATH/USDT:USDT,0.0341,7.0,0.03408,44.0,0.03412,24.0,0.03413,298.0
1753531756787,12:09:16.787,ATH/USDT:USDT,0.0341,7.0,0.03408,28.0,0.03412,24.0,0.03413,298.0
1753531757069,12:09:17.069,ATH/USDT:USDT,0.0341,7.0,0.03408,28.0,0.03412,24.0,0.03413,298.0
1753531758520,12:09:18.520,ATH/USDT:USDT,0.0341,7.0,0.03408,50.0,0.03412,23.0,0.03413,235.0
1753531758587,12:09:18.587,ATH/USDT:USDT,0.0341,7.0,0.03408,50.0,0.03412,24.0,0.03413,235.0
1753531758634,12:09:18.634,ATH/USDT:USDT,0.0341,7.0,0.03408,50.0,0.03412,24.0,0.03413,235.0
1753531759007,12:09:19.007,ATH/USDT:USDT,0.0341,7.0,0.03408,50.0,0.03412,24.0,0.03413,235.0
1753531759027,12:09:19.027,ATH/USDT:USDT,0.0341,7.0,0.03408,50.0,0.03412,24.0,0.03413,235.0
1753531759688,12:09:19.688,ATH/USDT:USDT,0.0341,7.0,0.03408,50.0,0.03412,24.0,0.03413,235.0
1753531759729,12:09:19.729,ATH/USDT:USDT,0.0341,7.0,0.03408,50.0,0.03412,24.0,0.03413,235.0
1753531759864,12:09:19.864,ATH/USDT:USDT,0.0341,7.0,0.03408,28.0,0.03412,24.0,0.03413,235.0
1753531759941,12:09:19.941,ATH/USDT:USDT,0.0341,7.0,0.03408,28.0,0.03412,24.0,0.03413,235.0
1753531760172,12:09:20.172,ATH/USDT:USDT,0.0341,7.0,0.03408,28.0,0.03412,24.0,0.03413,235.0
1753531760591,12:09:20.591,ATH/USDT:USDT,0.0341,7.0,0.03407,22.0,0.03412,24.0,0.03413,235.0
1753531761530,12:09:21.530,ATH/USDT:USDT,0.0341,7.0,0.03407,22.0,0.03412,24.0,0.03413,235.0
1753531761791,12:09:21.791,ATH/USDT:USDT,0.0341,23.0,0.03407,22.0,0.03412,24.0,0.03413,235.0
1753531762134,12:09:22.134,ATH/USDT:USDT,0.0341,23.0,0.03407,22.0,0.03412,24.0,0.03413,235.0
1753531763017,12:09:23.017,ATH/USDT:USDT,0.0341,23.0,0.03407,22.0,0.03412,24.0,0.03413,235.0
1753531763519,12:09:23.519,ATH/USDT:USDT,0.0341,23.0,0.03407,22.0,0.03412,24.0,0.03413,235.0
1753531763527,12:09:23.527,ATH/USDT:USDT,0.0341,23.0,0.03407,22.0,0.03412,24.0,0.03413,235.0
1753531764718,12:09:24.718,ATH/USDT:USDT,0.03406,50.0,0.03405,305.0,0.03411,23.0,0.03412,22.0
1753531764792,12:09:24.792,ATH/USDT:USDT,0.03408,7.0,0.03406,50.0,0.03411,23.0,0.03412,22.0
1753531765024,12:09:25.024,ATH/USDT:USDT,0.03408,7.0,0.03406,50.0,0.03411,23.0,0.03412,22.0
1753531765060,12:09:25.060,ATH/USDT:USDT,0.03408,7.0,0.03406,50.0,0.03411,24.0,0.03412,22.0
1753531765296,12:09:25.296,ATH/USDT:USDT,0.03408,7.0,0.03406,50.0,0.03411,24.0,0.03412,22.0
1753531765358,12:09:25.358,ATH/USDT:USDT,0.03408,7.0,0.03406,50.0,0.03411,24.0,0.03412,22.0
1753531766006,12:09:26.006,ATH/USDT:USDT,0.03408,7.0,0.03406,50.0,0.03411,24.0,0.03412,22.0
1753531766226,12:09:26.226,ATH/USDT:USDT,0.03408,7.0,0.03406,50.0,0.03411,24.0,0.03412,22.0
1753531767006,12:09:27.006,ATH/USDT:USDT,0.03408,7.0,0.03406,50.0,0.03411,24.0,0.03412,22.0
1753531767523,12:09:27.523,ATH/USDT:USDT,0.03408,7.0,0.03406,72.0,0.03411,24.0,0.03412,22.0
1753531767527,12:09:27.527,ATH/USDT:USDT,0.03408,7.0,0.03406,72.0,0.03411,24.0,0.03412,22.0
1753531767915,12:09:27.915,ATH/USDT:USDT,0.03408,7.0,0.03406,50.0,0.03411,24.0,0.03412,22.0
1753531767929,12:09:27.929,ATH/USDT:USDT,0.03408,7.0,0.03406,50.0,0.03411,24.0,0.03412,22.0
1753531769111,12:09:29.111,ATH/USDT:USDT,0.03408,7.0,0.03406,50.0,0.03411,24.0,0.03412,22.0
1753531769162,12:09:29.162,ATH/USDT:USDT,0.03408,7.0,0.03406,50.0,0.03411,24.0,0.03412,22.0
1753531769914,12:09:29.914,ATH/USDT:USDT,0.03408,7.0,0.03406,72.0,0.03411,24.0,0.03412,22.0
1753531770011,12:09:30.011,ATH/USDT:USDT,0.03408,7.0,0.03406,294.0,0.03411,24.0,0.03412,22.0
1753531770221,12:09:30.221,ATH/USDT:USDT,0.03408,7.0,0.03407,22.0,0.03411,24.0,0.03412,22.0
1753531770637,12:09:30.637,ATH/USDT:USDT,0.03408,7.0,0.03406,294.0,0.03411,24.0,0.03412,22.0
1753531771007,12:09:31.007,ATH/USDT:USDT,0.03408,7.0,0.03406,294.0,0.03411,24.0,0.03412,22.0
1753531772920,12:09:32.920,ATH/USDT:USDT,0.03408,7.0,0.03406,294.0,0.03411,24.0,0.03412,22.0
1753531773023,12:09:33.023,ATH/USDT:USDT,0.03408,7.0,0.03406,50.0,0.0341,22.0,0.03411,52.0
1753531773108,12:09:33.108,ATH/USDT:USDT,0.03408,7.0,0.03406,28.0,0.0341,24.0,0.03411,50.0
1753531773222,12:09:33.222,ATH/USDT:USDT,0.03404,50.0,0.03403,526.0,0.03409,22.0,0.0341,172.0
1753531773323,12:09:33.323,ATH/USDT:USDT,0.03406,7.0,0.03404,50.0,0.03409,22.0,0.0341,171.0
1753531773419,12:09:33.419,ATH/USDT:USDT,0.03406,7.0,0.03404,50.0,0.03409,22.0,0.0341,171.0
1753531773519,12:09:33.519,ATH/USDT:USDT,0.03406,7.0,0.03404,50.0,0.03409,22.0,0.0341,171.0
1753531773582,12:09:33.582,ATH/USDT:USDT,0.03406,7.0,0.03404,50.0,0.03409,22.0,0.0341,171.0
1753531773683,12:09:33.683,ATH/USDT:USDT,0.03406,7.0,0.03404,50.0,0.03409,22.0,0.0341,171.0
1753531773745,12:09:33.745,ATH/USDT:USDT,0.03406,7.0,0.03404,50.0,0.03409,22.0,0.0341,171.0
1753531774008,12:09:34.008,ATH/USDT:USDT,0.03406,7.0,0.03404,50.0,0.03409,22.0,0.0341,171.0
1753531774091,12:09:34.091,ATH/USDT:USDT,0.03406,7.0,0.03404,50.0,0.03409,24.0,0.0341,171.0
1753531774171,12:09:34.171,ATH/USDT:USDT,0.03406,7.0,0.03404,50.0,0.03409,24.0,0.0341,171.0
1753531774250,12:09:34.250,ATH/USDT:USDT,0.03406,7.0,0.03404,50.0,0.03409,24.0,0.0341,171.0
1753531774847,12:09:34.847,ATH/USDT:USDT,0.03406,7.0,0.03404,50.0,0.03409,24.0,0.0341,171.0
1753531775168,12:09:35.168,ATH/USDT:USDT,0.03406,7.0,0.03404,50.0,0.03409,24.0,0.0341,171.0
1753531776163,12:09:36.163,ATH/USDT:USDT,0.03406,7.0,0.03404,50.0,0.03409,24.0,0.0341,171.0
1753531776522,12:09:36.522,ATH/USDT:USDT,0.03406,7.0,0.03404,50.0,0.03409,22.0,0.0341,171.0
1753531776567,12:09:36.567,ATH/USDT:USDT,0.03406,7.0,0.03404,50.0,0.0341,171.0,0.03411,257.0
1753531777007,12:09:37.007,ATH/USDT:USDT,0.03406,7.0,0.03404,50.0,0.0341,171.0,0.03411,257.0
1753531777888,12:09:37.888,ATH/USDT:USDT,0.03406,7.0,0.03404,50.0,0.0341,171.0,0.03411,257.0
1753531778007,12:09:38.007,ATH/USDT:USDT,0.03406,7.0,0.03404,50.0,0.0341,171.0,0.03411,257.0
1753531778311,12:09:38.311,ATH/USDT:USDT,0.03406,35.0,0.03405,44.0,0.0341,22.0,0.03411,257.0
1753531778327,12:09:38.327,ATH/USDT:USDT,0.03406,35.0,0.03405,44.0,0.0341,22.0,0.03411,257.0
1753531778931,12:09:38.931,ATH/USDT:USDT,0.03406,35.0,0.03405,44.0,0.03411,257.0,0.03412,93.0
1753531779065,12:09:39.065,ATH/USDT:USDT,0.03408,7.0,0.03406,50.0,0.03411,258.0,0.03412,93.0
1753531780013,12:09:40.013,ATH/USDT:USDT,0.03408,7.0,0.03406,72.0,0.03411,230.0,0.03412,93.0
1753531780034,12:09:40.034,ATH/USDT:USDT,0.03408,8.0,0.03406,72.0,0.03411,230.0,0.03412,93.0
1753531780195,12:09:40.195,ATH/USDT:USDT,0.03408,7.0,0.03406,72.0,0.03411,231.0,0.03412,93.0
1753531780310,12:09:40.310,ATH/USDT:USDT,0.03408,8.0,0.03406,72.0,0.03411,81.0,0.03412,93.0
1753531780326,12:09:40.326,ATH/USDT:USDT,0.03408,8.0,0.03406,72.0,0.03411,81.0,0.03412,93.0
1753531780890,12:09:40.890,ATH/USDT:USDT,0.03408,8.0,0.03406,72.0,0.03411,81.0,0.03412,93.0
1753531780994,12:09:40.994,ATH/USDT:USDT,0.03408,7.0,0.03407,44.0,0.03412,93.0,0.03413,235.0
1753531781105,12:09:41.105,ATH/USDT:USDT,0.03408,7.0,0.03407,44.0,0.03412,93.0,0.03413,235.0
1753531781141,12:09:41.141,ATH/USDT:USDT,0.03408,7.0,0.03407,44.0,0.03412,22.0,0.03413,235.0
1753531781394,12:09:41.394,ATH/USDT:USDT,0.03408,35.0,0.03407,44.0,0.03412,22.0,0.03413,235.0
1753531781522,12:09:41.522,ATH/USDT:USDT,0.03408,35.0,0.03407,44.0,0.03412,22.0,0.03413,235.0
1753531781528,12:09:41.528,ATH/USDT:USDT,0.03408,35.0,0.03407,44.0,0.03412,22.0,0.03413,235.0
1753531782004,12:09:42.004,ATH/USDT:USDT,0.03408,35.0,0.03407,44.0,0.03412,22.0,0.03413,235.0
1753531782027,12:09:42.027,ATH/USDT:USDT,0.03408,35.0,0.03407,44.0,0.03412,22.0,0.03413,235.0
1753531782188,12:09:42.188,ATH/USDT:USDT,0.03408,57.0,0.03407,82.0,0.03412,22.0,0.03413,235.0
1753531782386,12:09:42.386,ATH/USDT:USDT,0.03408,57.0,0.03407,82.0,0.03412,22.0,0.03413,207.0
1753531783006,12:09:43.006,ATH/USDT:USDT,0.03408,57.0,0.03407,82.0,0.03412,22.0,0.03413,207.0
1753531783316,12:09:43.316,ATH/USDT:USDT,0.03408,57.0,0.03407,82.0,0.03412,22.0,0.03413,207.0
1753531783408,12:09:43.408,ATH/USDT:USDT,0.03408,57.0,0.03407,22.0,0.03412,22.0,0.03413,235.0
1753531783709,12:09:43.709,ATH/USDT:USDT,0.03408,35.0,0.03407,44.0,0.03412,22.0,0.03413,235.0
1753531783733,12:09:43.733,ATH/USDT:USDT,0.03408,35.0,0.03407,537.0,0.03412,22.0,0.03413,235.0
1753531784007,12:09:44.007,ATH/USDT:USDT,0.03408,35.0,0.03407,537.0,0.03412,22.0,0.03413,235.0
1753531784530,12:09:44.530,ATH/USDT:USDT,0.03408,35.0,0.03407,537.0,0.03412,22.0,0.03413,235.0
1753531786419,12:09:46.419,ATH/USDT:USDT,0.03408,35.0,0.03407,537.0,0.03412,22.0,0.03413,235.0
1753531786613,12:09:46.613,ATH/USDT:USDT,0.03408,35.0,0.03407,257.0,0.03412,22.0,0.03413,235.0
1753531786627,12:09:46.627,ATH/USDT:USDT,0.03408,35.0,0.03407,257.0,0.03412,22.0,0.03413,235.0
1753531788164,12:09:48.164,ATH/USDT:USDT,0.03408,35.0,0.03407,257.0,0.03412,22.0,0.03413,235.0
1753531790707,12:09:50.707,ATH/USDT:USDT,0.03408,57.0,0.03407,235.0,0.03412,22.0,0.03413,235.0
1753531790815,12:09:50.815,ATH/USDT:USDT,0.03408,57.0,0.03407,235.0,0.03412,22.0,0.03413,235.0
1753531790828,12:09:50.828,ATH/USDT:USDT,0.03408,57.0,0.03407,235.0,0.03412,22.0,0.03413,235.0
1753531792371,12:09:52.371,ATH/USDT:USDT,0.03408,57.0,0.03407,235.0,0.03412,22.0,0.03413,235.0
1753531792820,12:09:52.820,ATH/USDT:USDT,0.03408,57.0,0.03407,235.0,0.03412,22.0,0.03413,235.0
1753531792840,12:09:52.840,ATH/USDT:USDT,0.03408,57.0,0.03407,235.0,0.03412,22.0,0.03413,235.0
1753531793257,12:09:53.257,ATH/USDT:USDT,0.03408,57.0,0.03407,235.0,0.03412,22.0,0.03413,235.0
1753531794507,12:09:54.507,ATH/USDT:USDT,0.03408,35.0,0.03407,257.0,0.03412,22.0,0.03413,235.0
1753531794877,12:09:54.877,ATH/USDT:USDT,0.03408,35.0,0.03407,257.0,0.03412,22.0,0.03413,235.0
1753531796207,12:09:56.207,ATH/USDT:USDT,0.03408,35.0,0.03407,257.0,0.03412,22.0,0.03413,235.0
1753531798507,12:09:58.507,ATH/USDT:USDT,0.03408,35.0,0.03407,257.0,0.03413,207.0,0.03414,266.0
1753531798604,12:09:58.604,ATH/USDT:USDT,0.03408,28.0,0.03407,257.0,0.03413,207.0,0.03414,266.0
1753531798724,12:09:58.724,ATH/USDT:USDT,0.03408,28.0,0.03407,257.0,0.03413,207.0,0.03414,266.0
1753531798798,12:09:58.798,ATH/USDT:USDT,0.03408,28.0,0.03407,257.0,0.03413,207.0,0.03414,266.0
1753531799007,12:09:59.007,ATH/USDT:USDT,0.03408,28.0,0.03407,257.0,0.03413,207.0,0.03414,266.0
1753531799105,12:09:59.105,ATH/USDT:USDT,0.03408,28.0,0.03407,257.0,0.03413,207.0,0.03414,266.0
1753531799307,12:09:59.307,ATH/USDT:USDT,0.03408,28.0,0.03407,315.0,0.03413,207.0,0.03414,266.0
1753531800306,12:10:00.306,ATH/USDT:USDT,0.0341,29.0,0.03408,49.0,0.03413,59.0,0.03414,171.0
1753531800417,12:10:00.417,ATH/USDT:USDT,0.0341,28.0,0.03409,493.0,0.03414,171.0,0.03415,176.0
1753531800518,12:10:00.518,ATH/USDT:USDT,0.0341,28.0,0.03409,515.0,0.03414,320.0,0.03415,176.0
1753531800527,12:10:00.527,ATH/USDT:USDT,0.0341,28.0,0.03409,515.0,0.03414,320.0,0.03415,176.0
1753531801182,12:10:01.182,ATH/USDT:USDT,0.0341,28.0,0.03409,515.0,0.03414,320.0,0.03415,176.0
1753531801314,12:10:01.314,ATH/USDT:USDT,0.0341,28.0,0.03409,515.0,0.03414,320.0,0.03415,176.0
1753531801604,12:10:01.604,ATH/USDT:USDT,0.0341,28.0,0.03409,515.0,0.03414,320.0,0.03415,176.0
1753531801770,12:10:01.770,ATH/USDT:USDT,0.0341,28.0,0.03409,515.0,0.03414,320.0,0.03415,176.0
1753531802507,12:10:02.507,ATH/USDT:USDT,0.0341,28.0,0.03409,235.0,0.03414,320.0,0.03415,176.0
1753531802528,12:10:02.528,ATH/USDT:USDT,0.0341,28.0,0.03409,235.0,0.03414,320.0,0.03415,176.0
1753531803332,12:10:03.332,ATH/USDT:USDT,0.0341,28.0,0.03409,235.0,0.03414,320.0,0.03415,176.0
1753531804379,12:10:04.379,ATH/USDT:USDT,0.0341,28.0,0.03409,235.0,0.03414,171.0,0.03415,176.0
1753531804515,12:10:04.515,ATH/USDT:USDT,0.0341,28.0,0.03409,235.0,0.03414,171.0,0.03415,176.0
1753531804593,12:10:04.593,ATH/USDT:USDT,0.03409,235.0,0.03408,1316.0,0.03414,171.0,0.03415,176.0
1753531804647,12:10:04.647,ATH/USDT:USDT,0.03409,22.0,0.03408,320.0,0.03414,171.0,0.03415,176.0
1753531804791,12:10:04.791,ATH/USDT:USDT,0.0341,28.0,0.03409,22.0,0.03414,171.0,0.03415,176.0
1753531805006,12:10:05.006,ATH/USDT:USDT,0.0341,28.0,0.03409,22.0,0.03414,171.0,0.03415,176.0
1753531805027,12:10:05.027,ATH/USDT:USDT,0.0341,28.0,0.03409,22.0,0.03414,171.0,0.03415,176.0
1753531806416,12:10:06.416,ATH/USDT:USDT,0.0341,28.0,0.03409,22.0,0.03414,171.0,0.03415,176.0
1753531806775,12:10:06.775,ATH/USDT:USDT,0.0341,28.0,0.03409,43.0,0.03414,171.0,0.03415,176.0
1753531806904,12:10:06.904,ATH/USDT:USDT,0.0341,28.0,0.03409,43.0,0.03414,171.0,0.03415,176.0
1753531807430,12:10:07.430,ATH/USDT:USDT,0.0341,28.0,0.03409,43.0,0.03414,171.0,0.03415,176.0
1753531808095,12:10:08.095,ATH/USDT:USDT,0.0341,28.0,0.03409,43.0,0.03414,22.0,0.03415,148.0
1753531808132,12:10:08.132,ATH/USDT:USDT,0.0341,28.0,0.03409,43.0,0.03414,22.0,0.03415,297.0
1753531808468,12:10:08.468,ATH/USDT:USDT,0.0341,28.0,0.03409,536.0,0.03414,22.0,0.03415,297.0
1753531808583,12:10:08.583,ATH/USDT:USDT,0.0341,28.0,0.03409,536.0,0.03414,22.0,0.03415,297.0
1753531808776,12:10:08.776,ATH/USDT:USDT,0.0341,28.0,0.03409,536.0,0.03415,297.0,0.03416,290.0
1753531809267,12:10:09.267,ATH/USDT:USDT,0.0341,28.0,0.03409,536.0,0.03415,297.0,0.03416,290.0
1753531809347,12:10:09.347,ATH/USDT:USDT,0.0341,28.0,0.03409,536.0,0.03415,229.0,0.03416,204.0
1753531809655,12:10:09.655,ATH/USDT:USDT,0.0341,28.0,0.03409,536.0,0.03415,229.0,0.03416,204.0
1753531810342,12:10:10.342,ATH/USDT:USDT,0.0341,28.0,0.03409,536.0,0.03415,229.0,0.03416,204.0
1753531810792,12:10:10.792,ATH/USDT:USDT,0.0341,50.0,0.03409,234.0,0.03415,229.0,0.03416,140.0
1753531810881,12:10:10.881,ATH/USDT:USDT,0.0341,50.0,0.03409,234.0,0.03415,229.0,0.03416,140.0
1753531810957,12:10:10.957,ATH/USDT:USDT,0.0341,50.0,0.03409,234.0,0.03415,171.0,0.03416,140.0
1753531811156,12:10:11.156,ATH/USDT:USDT,0.0341,50.0,0.03409,234.0,0.03415,171.0,0.03416,140.0
1753531811442,12:10:11.442,ATH/USDT:USDT,0.0341,50.0,0.03409,234.0,0.03415,171.0,0.03416,140.0
1753531811912,12:10:11.912,ATH/USDT:USDT,0.0341,50.0,0.03409,234.0,0.03415,171.0,0.03416,140.0
1753531812007,12:10:12.007,ATH/USDT:USDT,0.0341,50.0,0.03409,234.0,0.03415,171.0,0.03416,140.0
1753531812027,12:10:12.027,ATH/USDT:USDT,0.0341,50.0,0.03409,234.0,0.03415,171.0,0.03416,140.0
1753531812215,12:10:12.215,ATH/USDT:USDT,0.0341,50.0,0.03409,234.0,0.03415,171.0,0.03416,140.0
1753531812706,12:10:12.706,ATH/USDT:USDT,0.0341,50.0,0.03409,234.0,0.03415,171.0,0.03416,140.0
1753531812727,12:10:12.727,ATH/USDT:USDT,0.0341,50.0,0.03409,234.0,0.03415,171.0,0.03416,140.0
1753531813795,12:10:13.795,ATH/USDT:USDT,0.0341,50.0,0.03409,234.0,0.03415,171.0,0.03416,140.0
1753531814005,12:10:14.005,ATH/USDT:USDT,0.0341,50.0,0.03409,234.0,0.03415,171.0,0.03416,140.0
1753531814195,12:10:14.195,ATH/USDT:USDT,0.0341,50.0,0.03409,234.0,0.03415,171.0,0.03416,140.0
1753531814920,12:10:14.920,ATH/USDT:USDT,0.0341,50.0,0.03409,234.0,0.03414,59.0,0.03415,171.0
1753531815067,12:10:15.067,ATH/USDT:USDT,0.0341,50.0,0.03409,234.0,0.03414,59.0,0.03415,171.0
1753531816298,12:10:16.298,ATH/USDT:USDT,0.0341,50.0,0.03409,234.0,0.03414,59.0,0.03415,171.0
1753531816363,12:10:16.363,ATH/USDT:USDT,0.0341,50.0,0.03409,234.0,0.03414,59.0,0.03415,171.0
1753531816799,12:10:16.799,ATH/USDT:USDT,0.0341,50.0,0.03409,234.0,0.03414,59.0,0.03415,171.0
1753531817007,12:10:17.007,ATH/USDT:USDT,0.0341,50.0,0.03409,234.0,0.03414,59.0,0.03415,171.0
1753531817129,12:10:17.129,ATH/USDT:USDT,0.0341,50.0,0.03409,234.0,0.03414,59.0,0.03415,171.0
1753531818002,12:10:18.002,ATH/USDT:USDT,0.0341,50.0,0.03409,234.0,0.03414,59.0,0.03415,171.0
1753531818569,12:10:18.569,ATH/USDT:USDT,0.0341,50.0,0.03409,234.0,0.03414,59.0,0.03415,171.0
1753531819002,12:10:19.002,ATH/USDT:USDT,0.0341,50.0,0.03409,234.0,0.03414,59.0,0.03415,171.0
1753531819573,12:10:19.573,ATH/USDT:USDT,0.0341,50.0,0.03409,234.0,0.03414,59.0,0.03415,171.0
1753531819901,12:10:19.901,ATH/USDT:USDT,0.0341,50.0,0.03409,291.0,0.03414,59.0,0.03415,171.0
1753531825719,12:10:25.719,ATH/USDT:USDT,0.0341,50.0,0.03409,291.0,0.03414,59.0,0.03415,171.0
1753531828181,12:10:28.181,ATH/USDT:USDT,0.0341,50.0,0.03409,291.0,0.03414,59.0,0.03415,171.0
1753531830962,12:10:30.962,ATH/USDT:USDT,0.0341,50.0,0.03409,291.0,0.03414,59.0,0.03415,22.0
1753531831028,12:10:31.028,ATH/USDT:USDT,0.0341,50.0,0.03409,291.0,0.03414,59.0,0.03415,22.0
1753531831510,12:10:31.510,ATH/USDT:USDT,0.03411,22.0,0.0341,28.0,0.03414,60.0,0.03416,80.0
1753531831547,12:10:31.547,ATH/USDT:USDT,0.03411,23.0,0.0341,530.0,0.03414,60.0,0.03416,80.0
1753531832007,12:10:32.007,ATH/USDT:USDT,0.03411,23.0,0.0341,530.0,0.03414,60.0,0.03416,80.0
1753531832119,12:10:32.119,ATH/USDT:USDT,0.03411,23.0,0.0341,530.0,0.03414,60.0,0.03416,80.0
1753531832207,12:10:32.207,ATH/USDT:USDT,0.03412,28.0,0.03411,22.0,0.03414,61.0,0.03416,80.0
1753531832248,12:10:32.248,ATH/USDT:USDT,0.03412,28.0,0.03411,229.0,0.03414,60.0,0.03416,80.0
1753531832330,12:10:32.330,ATH/USDT:USDT,0.03412,28.0,0.03411,229.0,0.03414,60.0,0.03416,80.0
1753531832518,12:10:32.518,ATH/USDT:USDT,0.03412,28.0,0.03411,229.0,0.03416,80.0,0.03417,380.0
1753531832602,12:10:32.602,ATH/USDT:USDT,0.03412,28.0,0.03411,229.0,0.03416,80.0,0.03417,380.0
1753531832723,12:10:32.723,ATH/USDT:USDT,0.03412,28.0,0.03411,229.0,0.03416,80.0,0.03417,380.0
1753531832790,12:10:32.790,ATH/USDT:USDT,0.03412,28.0,0.03411,229.0,0.03416,80.0,0.03417,380.0
1753531833509,12:10:33.509,ATH/USDT:USDT,0.03412,28.0,0.03411,229.0,0.03416,80.0,0.03417,380.0
1753531833563,12:10:33.563,ATH/USDT:USDT,0.03412,28.0,0.03411,229.0,0.03416,80.0,0.03417,380.0
1753531833700,12:10:33.700,ATH/USDT:USDT,0.03411,229.0,0.0341,1191.0,0.03416,80.0,0.03417,380.0
1753531833748,12:10:33.748,ATH/USDT:USDT,0.03411,22.0,0.0341,530.0,0.03416,80.0,0.03417,380.0
1753531833983,12:10:33.983,ATH/USDT:USDT,0.03411,22.0,0.0341,530.0,0.03416,80.0,0.03417,380.0
1753531834031,12:10:34.031,ATH/USDT:USDT,0.03411,22.0,0.0341,530.0,0.03416,80.0,0.03417,380.0
1753531834231,12:10:34.231,ATH/USDT:USDT,0.03412,28.0,0.03411,22.0,0.03416,80.0,0.03417,380.0
1753531834398,12:10:34.398,ATH/USDT:USDT,0.03412,28.0,0.03411,229.0,0.03416,80.0,0.03417,380.0
1753531837048,12:10:37.048,ATH/USDT:USDT,0.03412,28.0,0.03411,207.0,0.03416,80.0,0.03417,380.0
1753531837216,12:10:37.216,ATH/USDT:USDT,0.03411,207.0,0.0341,1014.0,0.03416,80.0,0.03417,380.0
1753531837250,12:10:37.250,ATH/USDT:USDT,0.0341,514.0,0.03409,2080.0,0.03416,80.0,0.03417,380.0
1753531837348,12:10:37.348,ATH/USDT:USDT,0.0341,50.0,0.03409,486.0,0.03416,80.0,0.03417,380.0
1753531837441,12:10:37.441,ATH/USDT:USDT,0.0341,50.0,0.03409,486.0,0.03416,80.0,0.03417,380.0
1753531837625,12:10:37.625,ATH/USDT:USDT,0.0341,50.0,0.03409,486.0,0.03415,149.0,0.03416,80.0
1753531838041,12:10:38.041,ATH/USDT:USDT,0.0341,50.0,0.03409,486.0,0.03415,149.0,0.03416,80.0
1753531840299,12:10:40.299,ATH/USDT:USDT,0.0341,28.0,0.03409,487.0,0.03415,177.0,0.03416,80.0
1753531840467,12:10:40.467,ATH/USDT:USDT,0.0341,28.0,0.03409,487.0,0.03415,177.0,0.03416,80.0
1753531840593,12:10:40.593,ATH/USDT:USDT,0.0341,28.0,0.03409,487.0,0.03415,149.0,0.03416,80.0
1753531840904,12:10:40.904,ATH/USDT:USDT,0.0341,28.0,0.03409,487.0,0.03415,149.0,0.03416,80.0
1753531841004,12:10:41.004,ATH/USDT:USDT,0.0341,28.0,0.03409,487.0,0.03415,149.0,0.03416,166.0
1753531841200,12:10:41.200,ATH/USDT:USDT,0.0341,28.0,0.03409,487.0,0.03415,177.0,0.03416,166.0
1753531841300,12:10:41.300,ATH/USDT:USDT,0.0341,28.0,0.03409,487.0,0.03415,177.0,0.03416,166.0
1753531841702,12:10:41.702,ATH/USDT:USDT,0.0341,28.0,0.03409,487.0,0.03415,177.0,0.03416,80.0
1753531842721,12:10:42.721,ATH/USDT:USDT,0.0341,28.0,0.03409,487.0,0.03414,56.0,0.03415,177.0
1753531842767,12:10:42.767,ATH/USDT:USDT,0.0341,28.0,0.03409,487.0,0.03414,56.0,0.03415,177.0
1753531842894,12:10:42.894,ATH/USDT:USDT,0.0341,28.0,0.03409,487.0,0.03414,56.0,0.03415,177.0
1753531843102,12:10:43.102,ATH/USDT:USDT,0.0341,28.0,0.03409,487.0,0.03414,56.0,0.03415,198.0
1753531843321,12:10:43.321,ATH/USDT:USDT,0.0341,28.0,0.03409,487.0,0.03414,56.0,0.03415,198.0
1753531843418,12:10:43.418,ATH/USDT:USDT,0.0341,28.0,0.03409,487.0,0.03414,56.0,0.03415,198.0
1753531844522,12:10:44.522,ATH/USDT:USDT,0.0341,28.0,0.03409,487.0,0.03414,56.0,0.03415,198.0
1753531844562,12:10:44.562,ATH/USDT:USDT,0.0341,28.0,0.03409,487.0,0.03414,56.0,0.03415,170.0
1753531844646,12:10:44.646,ATH/USDT:USDT,0.0341,28.0,0.03409,487.0,0.03414,56.0,0.03415,170.0
1753531846921,12:10:46.921,ATH/USDT:USDT,0.0341,50.0,0.03409,465.0,0.03414,56.0,0.03415,170.0
1753531846927,12:10:46.927,ATH/USDT:USDT,0.0341,50.0,0.03409,465.0,0.03414,56.0,0.03415,170.0
1753531853212,12:10:53.212,ATH/USDT:USDT,0.0341,50.0,0.03409,465.0,0.03414,56.0,0.03415,170.0
1753531858212,12:10:58.212,ATH/USDT:USDT,0.03412,30.0,0.03411,22.0,0.03415,1.0,0.03416,80.0
1753531858267,12:10:58.267,ATH/USDT:USDT,0.03412,29.0,0.03411,229.0,0.03416,80.0,0.03417,352.0
1753531858351,12:10:58.351,ATH/USDT:USDT,0.03412,29.0,0.03411,229.0,0.03416,80.0,0.03417,352.0
1753531858441,12:10:58.441,ATH/USDT:USDT,0.03412,29.0,0.03411,229.0,0.03416,80.0,0.03417,352.0
1753531858623,12:10:58.623,ATH/USDT:USDT,0.03412,29.0,0.03411,229.0,0.03416,80.0,0.03417,352.0
1753531859267,12:10:59.267,ATH/USDT:USDT,0.03412,29.0,0.03411,229.0,0.03416,80.0,0.03417,352.0
1753531859442,12:10:59.442,ATH/USDT:USDT,0.03412,29.0,0.03411,229.0,0.03416,80.0,0.03417,352.0
1753531860887,12:11:00.887,ATH/USDT:USDT,0.03412,29.0,0.03411,229.0,0.03416,80.0,0.03417,352.0
1753531863007,12:11:03.007,ATH/USDT:USDT,0.03412,29.0,0.03411,229.0,0.03416,80.0,0.03417,352.0
1753531863608,12:11:03.608,ATH/USDT:USDT,0.03412,28.0,0.03411,229.0,0.03416,80.0,0.03417,352.0
1753531864610,12:11:04.610,ATH/USDT:USDT,0.03411,229.0,0.0341,964.0,0.03416,80.0,0.03417,352.0
1753531864691,12:11:04.691,ATH/USDT:USDT,0.0341,50.0,0.03409,340.0,0.03416,80.0,0.03417,352.0
1753531865506,12:11:05.506,ATH/USDT:USDT,0.0341,50.0,0.03409,340.0,0.03415,149.0,0.03416,80.0
1753531865910,12:11:05.910,ATH/USDT:USDT,0.0341,50.0,0.03409,340.0,0.03415,149.0,0.03416,80.0
1753531866008,12:11:06.008,ATH/USDT:USDT,0.0341,50.0,0.03409,340.0,0.03415,149.0,0.03416,80.0
1753531866334,12:11:06.334,ATH/USDT:USDT,0.0341,50.0,0.03409,340.0,0.03415,149.0,0.03416,80.0
1753531869324,12:11:09.324,ATH/USDT:USDT,0.0341,50.0,0.03409,340.0,0.03415,149.0,0.03416,80.0
1753531869361,12:11:09.361,ATH/USDT:USDT,0.0341,50.0,0.03409,340.0,0.03415,149.0,0.03416,80.0
1753531870307,12:11:10.307,ATH/USDT:USDT,0.0341,50.0,0.03409,340.0,0.03415,149.0,0.03416,80.0
1753531875856,12:11:15.856,ATH/USDT:USDT,0.0341,50.0,0.03409,283.0,0.03415,149.0,0.03416,22.0
1753531876187,12:11:16.187,ATH/USDT:USDT,0.0341,50.0,0.03409,283.0,0.03415,149.0,0.03416,22.0
1753531877302,12:11:17.302,ATH/USDT:USDT,0.0341,50.0,0.03409,283.0,0.03415,149.0,0.03416,22.0
1753531877632,12:11:17.632,ATH/USDT:USDT,0.0341,50.0,0.03409,283.0,0.03415,149.0,0.03416,22.0
1753531878467,12:11:18.467,ATH/USDT:USDT,0.0341,50.0,0.03409,283.0,0.03415,149.0,0.03416,22.0
1753531885318,12:11:25.318,ATH/USDT:USDT,0.0341,50.0,0.03409,283.0,0.03414,21.0,0.03415,149.0
1753531885392,12:11:25.392,ATH/USDT:USDT,0.0341,50.0,0.03409,283.0,0.03414,21.0,0.03415,177.0
1753531885488,12:11:25.488,ATH/USDT:USDT,0.0341,50.0,0.03409,283.0,0.03414,21.0,0.03415,177.0
1753531885623,12:11:25.623,ATH/USDT:USDT,0.03409,195.0,0.03408,1385.0,0.03414,170.0,0.03415,323.0
1753531885667,12:11:25.667,ATH/USDT:USDT,0.03408,214.0,0.03407,1331.0,0.03414,170.0,0.03415,387.0
1753531885767,12:11:25.767,ATH/USDT:USDT,0.03408,50.0,0.03407,245.0,0.03413,21.0,0.03414,170.0
1753531885908,12:11:25.908,ATH/USDT:USDT,0.03408,50.0,0.03407,245.0,0.03413,21.0,0.03414,170.0
1753531886122,12:11:26.122,ATH/USDT:USDT,0.03408,28.0,0.03407,245.0,0.03412,149.0,0.03413,49.0
1753531886207,12:11:26.207,ATH/USDT:USDT,0.03406,28.0,0.03405,22.0,0.03412,149.0,0.03413,49.0
1753531886318,12:11:26.318,ATH/USDT:USDT,0.03406,28.0,0.03404,146.0,0.03411,49.0,0.03412,295.0
1753531886406,12:11:26.406,ATH/USDT:USDT,0.03406,28.0,0.03404,146.0,0.03411,198.0,0.03412,295.0
1753531886515,12:11:26.515,ATH/USDT:USDT,0.03406,28.0,0.03404,50.0,0.03411,198.0,0.03412,295.0
1753531886607,12:11:26.607,ATH/USDT:USDT,0.03406,28.0,0.03404,50.0,0.03411,198.0,0.03412,208.0
1753531887467,12:11:27.467,ATH/USDT:USDT,0.03406,28.0,0.03404,50.0,0.03411,198.0,0.03412,208.0
1753531887829,12:11:27.829,ATH/USDT:USDT,0.03406,28.0,0.03404,50.0,0.03411,198.0,0.03412,208.0
1753531888547,12:11:28.547,ATH/USDT:USDT,0.03406,28.0,0.03404,50.0,0.03411,198.0,0.03412,208.0
1753531889134,12:11:29.134,ATH/USDT:USDT,0.03406,28.0,0.03404,50.0,0.03411,198.0,0.03412,208.0
1753531890925,12:11:30.925,ATH/USDT:USDT,0.03406,28.0,0.03404,50.0,0.03411,49.0,0.03412,208.0
1753531890967,12:11:30.967,ATH/USDT:USDT,0.03406,28.0,0.03404,50.0,0.03411,49.0,0.03412,208.0
1753531891048,12:11:31.048,ATH/USDT:USDT,0.03406,28.0,0.03404,50.0,0.03411,49.0,0.03412,208.0
1753531892268,12:11:32.268,ATH/USDT:USDT,0.03406,28.0,0.03404,50.0,0.03411,49.0,0.03412,208.0
1753531892616,12:11:32.616,ATH/USDT:USDT,0.03406,28.0,0.03404,50.0,0.03411,49.0,0.03412,208.0
1753531892912,12:11:32.912,ATH/USDT:USDT,0.03406,28.0,0.03404,28.0,0.0341,22.0,0.03411,49.0
1753531893004,12:11:33.004,ATH/USDT:USDT,0.03406,28.0,0.03404,28.0,0.0341,22.0,0.03411,198.0
1753531893071,12:11:33.071,ATH/USDT:USDT,0.03406,28.0,0.03404,28.0,0.0341,22.0,0.03411,198.0
1753531893316,12:11:33.316,ATH/USDT:USDT,0.03406,28.0,0.03404,28.0,0.0341,22.0,0.03411,198.0
1753531893328,12:11:33.328,ATH/USDT:USDT,0.03406,28.0,0.03404,28.0,0.0341,22.0,0.03411,198.0
1753531893494,12:11:33.494,ATH/USDT:USDT,0.03406,28.0,0.03404,28.0,0.0341,22.0,0.03411,198.0
1753531893916,12:11:33.916,ATH/USDT:USDT,0.03406,28.0,0.03404,28.0,0.0341,22.0,0.03411,198.0
1753531894004,12:11:34.004,ATH/USDT:USDT,0.03406,28.0,0.03404,28.0,0.0341,22.0,0.03411,198.0
1753531894280,12:11:34.280,ATH/USDT:USDT,0.03406,28.0,0.03404,28.0,0.0341,22.0,0.03411,49.0
1753531894328,12:11:34.328,ATH/USDT:USDT,0.03406,28.0,0.03404,28.0,0.0341,22.0,0.03411,49.0
1753531896383,12:11:36.383,ATH/USDT:USDT,0.03406,28.0,0.03404,50.0,0.0341,22.0,0.03411,49.0
1753531896577,12:11:36.577,ATH/USDT:USDT,0.03406,28.0,0.03404,50.0,0.0341,22.0,0.03411,49.0
1753531897572,12:11:37.572,ATH/USDT:USDT,0.03406,50.0,0.03405,493.0,0.0341,22.0,0.03411,49.0
1753531897649,12:11:37.649,ATH/USDT:USDT,0.03406,50.0,0.03405,493.0,0.03411,21.0,0.03412,149.0
1753531897930,12:11:37.930,ATH/USDT:USDT,0.03406,50.0,0.03405,493.0,0.03411,21.0,0.03412,149.0
1753531899123,12:11:39.123,ATH/USDT:USDT,0.03406,50.0,0.03405,552.0,0.03411,21.0,0.03412,149.0
1753531899150,12:11:39.150,ATH/USDT:USDT,0.03406,50.0,0.03405,552.0,0.03411,21.0,0.03412,149.0
1753531899386,12:11:39.386,ATH/USDT:USDT,0.03406,50.0,0.03405,552.0,0.03411,21.0,0.03412,149.0
1753531899461,12:11:39.461,ATH/USDT:USDT,0.03406,50.0,0.03405,552.0,0.03411,49.0,0.03412,149.0
1753531899624,12:11:39.624,ATH/USDT:USDT,0.03406,50.0,0.03405,493.0,0.03411,49.0,0.03412,149.0
1753531899793,12:11:39.793,ATH/USDT:USDT,0.03406,50.0,0.03405,493.0,0.03411,49.0,0.03412,149.0
1753531900591,12:11:40.591,ATH/USDT:USDT,0.03405,515.0,0.03404,2093.0,0.0341,21.0,0.03411,198.0
1753531900707,12:11:40.707,ATH/USDT:USDT,0.03405,22.0,0.03404,499.0,0.0341,21.0,0.03411,198.0
1753531900803,12:11:40.803,ATH/USDT:USDT,0.03405,22.0,0.03404,499.0,0.0341,21.0,0.03411,198.0
1753531901008,12:11:41.008,ATH/USDT:USDT,0.03405,22.0,0.03404,499.0,0.0341,21.0,0.03411,287.0
1753531901152,12:11:41.152,ATH/USDT:USDT,0.03405,22.0,0.03404,499.0,0.0341,21.0,0.03411,287.0
1753531901368,12:11:41.368,ATH/USDT:USDT,0.03405,22.0,0.03404,499.0,0.0341,21.0,0.03411,287.0
1753531901587,12:11:41.587,ATH/USDT:USDT,0.03405,22.0,0.03404,499.0,0.0341,77.0,0.03411,287.0
1753531901661,12:11:41.661,ATH/USDT:USDT,0.03405,22.0,0.03404,499.0,0.0341,77.0,0.03411,287.0
1753531901787,12:11:41.787,ATH/USDT:USDT,0.03405,22.0,0.03404,499.0,0.0341,77.0,0.03411,287.0
1753531901870,12:11:41.870,ATH/USDT:USDT,0.03405,22.0,0.03404,499.0,0.0341,77.0,0.03411,287.0
1753531902017,12:11:42.017,ATH/USDT:USDT,0.03405,22.0,0.03404,499.0,0.0341,77.0,0.03411,287.0
1753531902124,12:11:42.124,ATH/USDT:USDT,0.03405,22.0,0.03404,499.0,0.0341,77.0,0.03411,287.0
1753531902172,12:11:42.172,ATH/USDT:USDT,0.03405,22.0,0.03404,499.0,0.0341,77.0,0.03411,287.0
1753531902367,12:11:42.367,ATH/USDT:USDT,0.03405,22.0,0.03404,499.0,0.03409,107.0,0.0341,77.0
1753531902507,12:11:42.507,ATH/USDT:USDT,0.03405,22.0,0.03404,499.0,0.03409,107.0,0.0341,77.0
1753531902527,12:11:42.527,ATH/USDT:USDT,0.03405,22.0,0.03404,499.0,0.03409,107.0,0.0341,77.0
1753531902709,12:11:42.709,ATH/USDT:USDT,0.03405,22.0,0.03404,499.0,0.03409,278.0,0.0341,77.0
1753531902795,12:11:42.795,ATH/USDT:USDT,0.03405,22.0,0.03404,499.0,0.03409,278.0,0.0341,77.0
1753531902948,12:11:42.948,ATH/USDT:USDT,0.03405,22.0,0.03404,499.0,0.03409,278.0,0.0341,77.0
1753531903056,12:11:43.056,ATH/USDT:USDT,0.03405,22.0,0.03404,499.0,0.03409,278.0,0.0341,77.0
1753531903208,12:11:43.208,ATH/USDT:USDT,0.03405,22.0,0.03404,499.0,0.03409,278.0,0.0341,77.0
1753531903521,12:11:43.521,ATH/USDT:USDT,0.03405,22.0,0.03404,499.0,0.03409,278.0,0.0341,77.0
1753531903561,12:11:43.561,ATH/USDT:USDT,0.03405,22.0,0.03404,499.0,0.03409,278.0,0.0341,77.0
1753531903813,12:11:43.813,ATH/USDT:USDT,0.03405,22.0,0.03404,499.0,0.03409,278.0,0.0341,77.0
1753531904006,12:11:44.006,ATH/USDT:USDT,0.03405,22.0,0.03404,499.0,0.03409,278.0,0.0341,77.0
1753531904027,12:11:44.027,ATH/USDT:USDT,0.03405,22.0,0.03404,499.0,0.03409,278.0,0.0341,77.0
1753531904515,12:11:44.515,ATH/USDT:USDT,0.03405,22.0,0.03404,499.0,0.03409,107.0,0.0341,77.0
1753531905023,12:11:45.023,ATH/USDT:USDT,0.03406,28.0,0.03404,521.0,0.0341,56.0,0.03411,49.0
1753531905052,12:11:45.052,ATH/USDT:USDT,0.03406,69.0,0.03405,40.0,0.0341,56.0,0.03411,49.0
1753531905166,12:11:45.166,ATH/USDT:USDT,0.03406,69.0,0.03405,62.0,0.0341,56.0,0.03411,49.0
1753531905306,12:11:45.306,ATH/USDT:USDT,0.03406,28.0,0.03405,62.0,0.0341,56.0,0.03411,49.0
1753531905386,12:11:45.386,ATH/USDT:USDT,0.03405,62.0,0.03404,340.0,0.0341,77.0,0.03411,198.0
1753531905447,12:11:45.447,ATH/USDT:USDT,0.03405,62.0,0.03404,142.0,0.0341,77.0,0.03411,198.0
1753531905528,12:11:45.528,ATH/USDT:USDT,0.03405,62.0,0.03404,142.0,0.0341,77.0,0.03411,198.0
1753531905914,12:11:45.914,ATH/USDT:USDT,0.03405,62.0,0.03404,142.0,0.0341,77.0,0.03411,198.0
1753531906904,12:11:46.904,ATH/USDT:USDT,0.03405,62.0,0.03404,182.0,0.0341,77.0,0.03411,198.0
1753531907351,12:11:47.351,ATH/USDT:USDT,0.03405,62.0,0.03404,182.0,0.0341,77.0,0.03411,198.0
1753531907467,12:11:47.467,ATH/USDT:USDT,0.03405,62.0,0.03404,182.0,0.0341,77.0,0.03411,198.0
1753531907852,12:11:47.852,ATH/USDT:USDT,0.03405,62.0,0.03404,182.0,0.0341,77.0,0.03411,198.0
1753531908021,12:11:48.021,ATH/USDT:USDT,0.03405,62.0,0.03404,182.0,0.0341,77.0,0.03411,198.0
1753531908044,12:11:48.044,ATH/USDT:USDT,0.03405,62.0,0.03404,182.0,0.0341,77.0,0.03411,304.0
1753531908267,12:11:48.267,ATH/USDT:USDT,0.03405,62.0,0.03404,182.0,0.0341,77.0,0.03411,304.0
1753531909007,12:11:49.007,ATH/USDT:USDT,0.03405,62.0,0.03404,182.0,0.0341,77.0,0.03411,304.0
1753531909188,12:11:49.188,ATH/USDT:USDT,0.03405,40.0,0.03404,204.0,0.0341,77.0,0.03411,304.0
1753531909487,12:11:49.487,ATH/USDT:USDT,0.03405,40.0,0.03404,204.0,0.0341,77.0,0.03411,304.0
1753531910007,12:11:50.007,ATH/USDT:USDT,0.03405,40.0,0.03404,204.0,0.0341,77.0,0.03411,304.0
1753531910118,12:11:50.118,ATH/USDT:USDT,0.03405,40.0,0.03404,204.0,0.0341,77.0,0.03411,304.0
1753531910142,12:11:50.142,ATH/USDT:USDT,0.03405,40.0,0.03404,204.0,0.0341,77.0,0.03411,260.0
1753531911013,12:11:51.013,ATH/USDT:USDT,0.03405,62.0,0.03404,182.0,0.0341,77.0,0.03411,260.0
1753531911117,12:11:51.117,ATH/USDT:USDT,0.03406,68.0,0.03405,62.0,0.0341,56.0,0.03411,111.0
1753531911194,12:11:51.194,ATH/USDT:USDT,0.03406,40.0,0.03405,62.0,0.0341,56.0,0.03411,49.0
1753531911402,12:11:51.402,ATH/USDT:USDT,0.03406,68.0,0.03405,62.0,0.0341,56.0,0.03411,49.0
1753531915440,12:11:55.440,ATH/USDT:USDT,0.03406,68.0,0.03405,62.0,0.03411,49.0,0.03412,293.0
1753531915693,12:11:55.693,ATH/USDT:USDT,0.03406,68.0,0.03405,62.0,0.03411,49.0,0.03412,293.0
1753531915902,12:11:55.902,ATH/USDT:USDT,0.03406,68.0,0.03405,62.0,0.03411,49.0,0.03412,293.0
1753531916006,12:11:56.006,ATH/USDT:USDT,0.03406,68.0,0.03405,62.0,0.03411,49.0,0.03412,207.0
1753531916124,12:11:56.124,ATH/USDT:USDT,0.03406,90.0,0.03405,40.0,0.03411,49.0,0.03412,293.0
1753531916127,12:11:56.127,ATH/USDT:USDT,0.03406,90.0,0.03405,615.0,0.03411,49.0,0.03412,293.0
1753531916511,12:11:56.511,ATH/USDT:USDT,0.03406,90.0,0.03405,615.0,0.03411,49.0,0.03412,293.0
1753531918496,12:11:58.496,ATH/USDT:USDT,0.03406,90.0,0.03405,671.0,0.03411,49.0,0.03412,293.0
1753531918715,12:11:58.715,ATH/USDT:USDT,0.03406,90.0,0.03405,671.0,0.03411,49.0,0.03412,293.0
1753531918948,12:11:58.948,ATH/USDT:USDT,0.03406,90.0,0.03405,671.0,0.03411,49.0,0.03412,293.0
1753531920421,12:12:00.421,ATH/USDT:USDT,0.03406,266.0,0.03405,671.0,0.03411,21.0,0.03412,207.0
1753531920467,12:12:00.467,ATH/USDT:USDT,0.03407,62.0,0.03406,68.0,0.03412,207.0,0.03413,117.0
1753531920622,12:12:00.622,ATH/USDT:USDT,0.03407,40.0,0.03406,317.0,0.03412,207.0,0.03413,117.0
1753531920627,12:12:00.627,ATH/USDT:USDT,0.03407,40.0,0.03406,90.0,0.03412,207.0,0.03413,117.0
1753531921003,12:12:01.003,ATH/USDT:USDT,0.03407,40.0,0.03406,90.0,0.03412,207.0,0.03413,117.0
1753531921233,12:12:01.233,ATH/USDT:USDT,0.03407,40.0,0.03406,90.0,0.03412,207.0,0.03413,117.0
1753531921344,12:12:01.344,ATH/USDT:USDT,0.03407,40.0,0.03406,90.0,0.03412,207.0,0.03413,117.0
1753531922290,12:12:02.290,ATH/USDT:USDT,0.03407,40.0,0.03406,90.0,0.03412,207.0,0.03413,117.0
1753531924566,12:12:04.566,ATH/USDT:USDT,0.03407,40.0,0.03406,90.0,0.03411,61.0,0.03412,207.0
1753531924786,12:12:04.786,ATH/USDT:USDT,0.03407,40.0,0.03406,90.0,0.03411,61.0,0.03412,207.0
1753531928731,12:12:08.731,ATH/USDT:USDT,0.03407,40.0,0.03406,90.0,0.03411,61.0,0.03412,207.0
1753531929421,12:12:09.421,ATH/USDT:USDT,0.03407,40.0,0.03406,90.0,0.03411,89.0,0.03412,207.0
1753531929736,12:12:09.736,ATH/USDT:USDT,0.03407,40.0,0.03406,68.0,0.03411,89.0,0.03412,207.0
1753531930199,12:12:10.199,ATH/USDT:USDT,0.03407,40.0,0.03406,68.0,0.03411,89.0,0.03412,207.0
1753531930288,12:12:10.288,ATH/USDT:USDT,0.03407,40.0,0.03406,68.0,0.0341,64.0,0.03411,89.0
1753531930372,12:12:10.372,ATH/USDT:USDT,0.03406,68.0,0.03405,325.0,0.0341,64.0,0.03411,89.0
1753531930498,12:12:10.498,ATH/USDT:USDT,0.03406,68.0,0.03405,303.0,0.0341,64.0,0.03411,89.0
1753531930566,12:12:10.566,ATH/USDT:USDT,0.03406,68.0,0.03405,303.0,0.0341,64.0,0.03411,89.0
1753531930632,12:12:10.632,ATH/USDT:USDT,0.03406,68.0,0.03405,303.0,0.0341,64.0,0.03411,89.0
1753531931283,12:12:11.283,ATH/USDT:USDT,0.03406,68.0,0.03405,303.0,0.0341,64.0,0.03411,89.0
1753531931472,12:12:11.472,ATH/USDT:USDT,0.03406,68.0,0.03405,303.0,0.0341,64.0,0.03411,89.0
1753531931574,12:12:11.574,ATH/USDT:USDT,0.03406,68.0,0.03405,247.0,0.0341,64.0,0.03411,89.0
1753531932006,12:12:12.006,ATH/USDT:USDT,0.03406,68.0,0.03405,247.0,0.0341,64.0,0.03411,89.0
1753531932027,12:12:12.027,ATH/USDT:USDT,0.03406,68.0,0.03405,247.0,0.0341,64.0,0.03411,89.0
1753531934414,12:12:14.414,ATH/USDT:USDT,0.03406,68.0,0.03405,247.0,0.0341,121.0,0.03411,300.0
1753531935448,12:12:15.448,ATH/USDT:USDT,0.03406,68.0,0.03405,247.0,0.0341,121.0,0.03411,238.0
1753531936187,12:12:16.187,ATH/USDT:USDT,0.03406,68.0,0.03405,269.0,0.0341,121.0,0.03411,238.0
1753531936923,12:12:16.923,ATH/USDT:USDT,0.03405,22.0,0.03404,1036.0,0.0341,121.0,0.03411,238.0
1753531937015,12:12:17.015,ATH/USDT:USDT,0.03406,7.0,0.03403,31.0,0.03409,201.0,0.0341,119.0
1753531937112,12:12:17.112,ATH/USDT:USDT,0.03406,7.0,0.03403,31.0,0.03409,201.0,0.0341,119.0
1753531937208,12:12:17.208,ATH/USDT:USDT,0.03406,7.0,0.03403,31.0,0.03409,201.0,0.0341,190.0
1753531937600,12:12:17.600,ATH/USDT:USDT,0.03406,7.0,0.03404,40.0,0.03409,201.0,0.0341,190.0
1753531938006,12:12:18.006,ATH/USDT:USDT,0.03406,7.0,0.03404,40.0,0.03409,201.0,0.0341,190.0
1753531938027,12:12:18.027,ATH/USDT:USDT,0.03406,7.0,0.03404,40.0,0.03409,201.0,0.0341,190.0
1753531938134,12:12:18.134,ATH/USDT:USDT,0.03406,7.0,0.03404,40.0,0.03409,52.0,0.0341,190.0
1753531938297,12:12:18.297,ATH/USDT:USDT,0.03406,7.0,0.03404,40.0,0.03409,52.0,0.0341,190.0
1753531938342,12:12:18.342,ATH/USDT:USDT,0.03406,7.0,0.03404,40.0,0.03409,52.0,0.0341,190.0
1753531938568,12:12:18.568,ATH/USDT:USDT,0.03406,7.0,0.03404,40.0,0.03409,52.0,0.0341,190.0
1753531938803,12:12:18.803,ATH/USDT:USDT,0.03406,7.0,0.03404,40.0,0.03409,52.0,0.0341,190.0
1753531939287,12:12:19.287,ATH/USDT:USDT,0.03406,7.0,0.03404,40.0,0.03409,52.0,0.0341,190.0
1753531939559,12:12:19.559,ATH/USDT:USDT,0.03406,7.0,0.03404,40.0,0.03409,52.0,0.0341,119.0
1753531939942,12:12:19.942,ATH/USDT:USDT,0.03406,7.0,0.03404,40.0,0.03409,52.0,0.0341,119.0
1753531940588,12:12:20.588,ATH/USDT:USDT,0.03406,48.0,0.03405,28.0,0.0341,97.0,0.03411,279.0
1753531940680,12:12:20.680,ATH/USDT:USDT,0.03406,47.0,0.03405,28.0,0.0341,97.0,0.03411,279.0
1753531940785,12:12:20.785,ATH/USDT:USDT,0.03406,47.0,0.03405,28.0,0.0341,97.0,0.03411,279.0
1753531941107,12:12:21.107,ATH/USDT:USDT,0.03406,47.0,0.03405,28.0,0.0341,97.0,0.03411,279.0
1753531942004,12:12:22.004,ATH/USDT:USDT,0.03406,47.0,0.03405,28.0,0.0341,97.0,0.03411,279.0
1753531942027,12:12:22.027,ATH/USDT:USDT,0.03406,47.0,0.03405,28.0,0.0341,97.0,0.03411,279.0
1753531943088,12:12:23.088,ATH/USDT:USDT,0.03406,47.0,0.03405,28.0,0.0341,97.0,0.03411,279.0
1753531944123,12:12:24.123,ATH/USDT:USDT,0.03406,47.0,0.03405,28.0,0.0341,97.0,0.03411,279.0
1753531944208,12:12:24.208,ATH/USDT:USDT,0.03406,47.0,0.03405,28.0,0.0341,97.0,0.03411,198.0
1753531944317,12:12:24.317,ATH/USDT:USDT,0.03406,47.0,0.03405,148.0,0.03411,177.0,0.03412,292.0
1753531944422,12:12:24.422,ATH/USDT:USDT,0.03406,135.0,0.03405,241.0,0.03411,177.0,0.03412,207.0
1753531944504,12:12:24.504,ATH/USDT:USDT,0.03408,40.0,0.03407,142.0,0.03412,207.0,0.03413,28.0
1753531944611,12:12:24.611,ATH/USDT:USDT,0.03408,40.0,0.03407,142.0,0.03412,207.0,0.03413,50.0
1753531944725,12:12:24.725,ATH/USDT:USDT,0.03408,40.0,0.03407,142.0,0.03411,28.0,0.03412,207.0
1753531944741,12:12:24.741,ATH/USDT:USDT,0.03408,40.0,0.03407,142.0,0.03411,30.0,0.03412,207.0
1753531944921,12:12:24.921,ATH/USDT:USDT,0.03408,41.0,0.03407,68.0,0.03411,288.0,0.03413,50.0
1753531945017,12:12:25.017,ATH/USDT:USDT,0.03408,41.0,0.03407,68.0,0.03411,421.0,0.03413,50.0
1753531945052,12:12:25.052,ATH/USDT:USDT,0.03408,41.0,0.03407,68.0,0.03411,422.0,0.03413,50.0
1753531945287,12:12:25.287,ATH/USDT:USDT,0.03408,41.0,0.03407,68.0,0.03411,736.0,0.03413,50.0
1753531945487,12:12:25.487,ATH/USDT:USDT,0.03408,41.0,0.03407,68.0,0.03411,736.0,0.03413,50.0
1753531945616,12:12:25.616,ATH/USDT:USDT,0.03408,41.0,0.03407,68.0,0.03411,735.0,0.03413,50.0
1753531945707,12:12:25.707,ATH/USDT:USDT,0.03408,41.0,0.03407,68.0,0.03411,735.0,0.03413,50.0
1753531945876,12:12:25.876,ATH/USDT:USDT,0.03408,41.0,0.03407,68.0,0.03411,735.0,0.03413,50.0
1753531945949,12:12:25.949,ATH/USDT:USDT,0.03408,41.0,0.03407,68.0,0.03411,635.0,0.03413,50.0
1753531946300,12:12:26.300,ATH/USDT:USDT,0.03408,40.0,0.03407,68.0,0.03411,635.0,0.03413,50.0
1753531946377,12:12:26.377,ATH/USDT:USDT,0.03408,40.0,0.03407,68.0,0.03411,636.0,0.03413,50.0
1753531946428,12:12:26.428,ATH/USDT:USDT,0.03408,40.0,0.03407,68.0,0.03411,637.0,0.03413,50.0
1753531946887,12:12:26.887,ATH/USDT:USDT,0.03408,40.0,0.03407,68.0,0.03411,637.0,0.03413,50.0
1753531947301,12:12:27.301,ATH/USDT:USDT,0.03408,40.0,0.03407,68.0,0.03411,637.0,0.03413,50.0
1753531947414,12:12:27.414,ATH/USDT:USDT,0.03408,40.0,0.03407,68.0,0.03411,637.0,0.03413,50.0
1753531947440,12:12:27.440,ATH/USDT:USDT,0.03408,40.0,0.03407,68.0,0.03411,637.0,0.03413,50.0
1753531947697,12:12:27.697,ATH/USDT:USDT,0.03408,42.0,0.03407,68.0,0.03413,50.0,0.03414,359.0
1753531947900,12:12:27.900,ATH/USDT:USDT,0.03408,40.0,0.03407,68.0,0.03413,90.0,0.03414,359.0
1753531948139,12:12:28.139,ATH/USDT:USDT,0.03408,40.0,0.03407,68.0,0.03413,90.0,0.03414,359.0
1753531948301,12:12:28.301,ATH/USDT:USDT,0.03408,40.0,0.03407,68.0,0.03413,90.0,0.03414,359.0
1753531948554,12:12:28.554,ATH/USDT:USDT,0.03408,40.0,0.03407,68.0,0.03413,90.0,0.03414,359.0
1753531948969,12:12:28.969,ATH/USDT:USDT,0.03408,40.0,0.03407,68.0,0.03413,90.0,0.03414,359.0
1753531949304,12:12:29.304,ATH/USDT:USDT,0.03408,40.0,0.03407,68.0,0.03413,90.0,0.03414,359.0
1753531949367,12:12:29.367,ATH/USDT:USDT,0.03408,40.0,0.03407,68.0,0.03413,90.0,0.03414,359.0
1753531950304,12:12:30.304,ATH/USDT:USDT,0.03408,40.0,0.03407,68.0,0.03413,90.0,0.03414,359.0
1753531950699,12:12:30.699,ATH/USDT:USDT,0.03408,40.0,0.03407,68.0,0.03413,90.0,0.03414,359.0
1753531951108,12:12:31.108,ATH/USDT:USDT,0.03408,40.0,0.03407,90.0,0.03412,149.0,0.03413,90.0
1753531951321,12:12:31.321,ATH/USDT:USDT,0.03408,40.0,0.03407,90.0,0.03412,149.0,0.03413,90.0
1753531951391,12:12:31.391,ATH/USDT:USDT,0.03408,40.0,0.03407,90.0,0.03412,149.0,0.03413,90.0
1753531952310,12:12:32.310,ATH/USDT:USDT,0.03408,40.0,0.03407,90.0,0.03412,149.0,0.03413,90.0
1753531952448,12:12:32.448,ATH/USDT:USDT,0.03408,40.0,0.03407,90.0,0.03412,149.0,0.03413,158.0
1753531952608,12:12:32.608,ATH/USDT:USDT,0.03408,40.0,0.03407,90.0,0.03412,149.0,0.03413,158.0
1753531953321,12:12:33.321,ATH/USDT:USDT,0.03408,40.0,0.03407,90.0,0.03412,149.0,0.03413,158.0
1753531954530,12:12:34.530,ATH/USDT:USDT,0.03408,40.0,0.03407,90.0,0.03412,149.0,0.03413,158.0
1753531955039,12:12:35.039,ATH/USDT:USDT,0.03408,40.0,0.03407,90.0,0.03412,149.0,0.03413,158.0
1753531955524,12:12:35.524,ATH/USDT:USDT,0.03408,40.0,0.03407,90.0,0.03412,149.0,0.03413,158.0
1753531955696,12:12:35.696,ATH/USDT:USDT,0.03408,40.0,0.03407,90.0,0.03412,149.0,0.03413,90.0
1753531955791,12:12:35.791,ATH/USDT:USDT,0.03408,40.0,0.03407,90.0,0.03413,90.0,0.03414,359.0
1753531955868,12:12:35.868,ATH/USDT:USDT,0.03408,40.0,0.03407,90.0,0.03413,90.0,0.03414,359.0
1753531956293,12:12:36.293,ATH/USDT:USDT,0.03408,40.0,0.03407,90.0,0.03413,90.0,0.03414,359.0
1753531957207,12:12:37.207,ATH/USDT:USDT,0.03408,62.0,0.03407,363.0,0.03413,90.0,0.03414,359.0
1753531957310,12:12:37.310,ATH/USDT:USDT,0.03408,62.0,0.03407,363.0,0.03413,90.0,0.03414,359.0
1753531957512,12:12:37.512,ATH/USDT:USDT,0.03408,62.0,0.03407,363.0,0.03413,90.0,0.03414,359.0
1753531958267,12:12:38.267,ATH/USDT:USDT,0.03408,62.0,0.03407,363.0,0.03413,90.0,0.03414,359.0
1753531958734,12:12:38.734,ATH/USDT:USDT,0.03408,62.0,0.03407,363.0,0.03413,90.0,0.03414,359.0
1753531962707,12:12:42.707,ATH/USDT:USDT,0.03408,62.0,0.03407,363.0,0.03413,90.0,0.03414,299.0
1753531963007,12:12:43.007,ATH/USDT:USDT,0.03408,62.0,0.03407,363.0,0.03413,90.0,0.03414,299.0
1753531963027,12:12:43.027,ATH/USDT:USDT,0.03408,62.0,0.03407,363.0,0.03413,90.0,0.03414,299.0
1753531966368,12:12:46.368,ATH/USDT:USDT,0.03408,62.0,0.03407,363.0,0.03413,90.0,0.03414,299.0
1753531966861,12:12:46.861,ATH/USDT:USDT,0.03408,62.0,0.03407,363.0,0.03413,90.0,0.03414,299.0
1753531968323,12:12:48.323,ATH/USDT:USDT,0.03408,62.0,0.03407,363.0,0.03413,90.0,0.03414,299.0
1753531968328,12:12:48.328,ATH/USDT:USDT,0.03408,62.0,0.03407,363.0,0.03413,90.0,0.03414,299.0
1753531969113,12:12:49.113,ATH/USDT:USDT,0.03408,40.0,0.03407,385.0,0.03412,149.0,0.03413,90.0
1753531969221,12:12:49.221,ATH/USDT:USDT,0.03407,68.0,0.03406,7.0,0.03411,89.0,0.03412,189.0
1753531969269,12:12:49.269,ATH/USDT:USDT,0.03407,40.0,0.03406,7.0,0.03411,89.0,0.03412,260.0
1753531969594,12:12:49.594,ATH/USDT:USDT,0.03407,40.0,0.03406,7.0,0.03411,89.0,0.03412,260.0
1753531969813,12:12:49.813,ATH/USDT:USDT,0.03407,40.0,0.03406,7.0,0.03411,89.0,0.03412,260.0
1753531970011,12:12:50.011,ATH/USDT:USDT,0.03407,40.0,0.03406,7.0,0.03411,89.0,0.03412,260.0
1753531970322,12:12:50.322,ATH/USDT:USDT,0.03407,40.0,0.03406,7.0,0.03411,89.0,0.03412,260.0
1753531970814,12:12:50.814,ATH/USDT:USDT,0.03407,40.0,0.03406,7.0,0.03411,89.0,0.03412,260.0
1753531970827,12:12:50.827,ATH/USDT:USDT,0.03407,40.0,0.03406,7.0,0.03411,89.0,0.03412,260.0
1753531971315,12:12:51.315,ATH/USDT:USDT,0.03407,40.0,0.03406,7.0,0.03411,89.0,0.03412,318.0
1753531971387,12:12:51.387,ATH/USDT:USDT,0.03407,40.0,0.03406,7.0,0.03411,163.0,0.03412,318.0
1753531972069,12:12:52.069,ATH/USDT:USDT,0.03407,40.0,0.03406,7.0,0.03411,163.0,0.03412,318.0
1753531972231,12:12:52.231,ATH/USDT:USDT,0.03407,40.0,0.03406,7.0,0.03411,163.0,0.03412,318.0
1753531972435,12:12:52.435,ATH/USDT:USDT,0.03407,40.0,0.03406,7.0,0.03411,163.0,0.03412,318.0
1753531973008,12:12:53.008,ATH/USDT:USDT,0.03407,40.0,0.03406,7.0,0.03411,163.0,0.03412,318.0
1753531973643,12:12:53.643,ATH/USDT:USDT,0.03407,40.0,0.03406,7.0,0.03411,163.0,0.03412,318.0
1753531973751,12:12:53.751,ATH/USDT:USDT,0.03407,40.0,0.03406,7.0,0.03411,163.0,0.03412,318.0
1753531974007,12:12:54.007,ATH/USDT:USDT,0.03407,40.0,0.03406,7.0,0.03411,163.0,0.03412,318.0
1753531975572,12:12:55.572,ATH/USDT:USDT,0.03407,40.0,0.03406,7.0,0.03411,163.0,0.03412,318.0
1753531976008,12:12:56.008,ATH/USDT:USDT,0.03407,40.0,0.03406,7.0,0.03411,163.0,0.03412,318.0
1753531978121,12:12:58.121,ATH/USDT:USDT,0.03407,40.0,0.03406,7.0,0.03411,163.0,0.03412,318.0
1753531978128,12:12:58.128,ATH/USDT:USDT,0.03407,40.0,0.03406,7.0,0.03411,163.0,0.03412,318.0
1753531978622,12:12:58.622,ATH/USDT:USDT,0.03407,40.0,0.03406,7.0,0.03411,163.0,0.03412,318.0
1753531980355,12:13:00.355,ATH/USDT:USDT,0.03407,40.0,0.03406,7.0,0.0341,99.0,0.03411,163.0
1753531980491,12:13:00.491,ATH/USDT:USDT,0.03407,40.0,0.03406,7.0,0.0341,99.0,0.03411,163.0
1753531980526,12:13:00.526,ATH/USDT:USDT,0.03407,40.0,0.03406,7.0,0.0341,99.0,0.03411,163.0
1753531980904,12:13:00.904,ATH/USDT:USDT,0.03407,40.0,0.03406,7.0,0.0341,99.0,0.03411,163.0
1753531982007,12:13:02.007,ATH/USDT:USDT,0.03407,40.0,0.03406,7.0,0.0341,99.0,0.03411,163.0
1753531982138,12:13:02.138,ATH/USDT:USDT,0.03407,40.0,0.03406,7.0,0.0341,99.0,0.03411,163.0
1753531983121,12:13:03.121,ATH/USDT:USDT,0.03407,40.0,0.03406,7.0,0.0341,99.0,0.03411,163.0
1753531985337,12:13:05.337,ATH/USDT:USDT,0.03407,40.0,0.03406,7.0,0.0341,99.0,0.03411,163.0
1753531985667,12:13:05.667,ATH/USDT:USDT,0.03407,40.0,0.03406,533.0,0.0341,99.0,0.03411,163.0
1753531985728,12:13:05.728,ATH/USDT:USDT,0.03407,40.0,0.03406,533.0,0.0341,99.0,0.03411,163.0
1753531988107,12:13:08.107,ATH/USDT:USDT,0.03407,40.0,0.03406,533.0,0.0341,99.0,0.03411,163.0
1753531988135,12:13:08.135,ATH/USDT:USDT,0.03407,40.0,0.03406,533.0,0.0341,99.0,0.03411,163.0
1753531988316,12:13:08.316,ATH/USDT:USDT,0.03407,40.0,0.03406,533.0,0.0341,99.0,0.03411,163.0
1753531988328,12:13:08.328,ATH/USDT:USDT,0.03407,40.0,0.03406,253.0,0.0341,99.0,0.03411,163.0
1753531988730,12:13:08.730,ATH/USDT:USDT,0.03407,40.0,0.03406,253.0,0.0341,99.0,0.03411,163.0
1753531990312,12:13:10.312,ATH/USDT:USDT,0.03407,91.0,0.03406,231.0,0.03411,40.0,0.03412,207.0
1753531990381,12:13:10.381,ATH/USDT:USDT,0.03407,91.0,0.03406,231.0,0.03411,40.0,0.03412,207.0
1753531990447,12:13:10.447,ATH/USDT:USDT,0.03407,91.0,0.03406,231.0,0.03411,40.0,0.03412,207.0
1753531990602,12:13:10.602,ATH/USDT:USDT,0.03407,91.0,0.03406,231.0,0.03411,40.0,0.03412,207.0
1753531990702,12:13:10.702,ATH/USDT:USDT,0.03407,91.0,0.03406,231.0,0.03411,40.0,0.03412,207.0
1753531990807,12:13:10.807,ATH/USDT:USDT,0.03407,91.0,0.03406,7.0,0.03411,40.0,0.03412,207.0
1753531991004,12:13:11.004,ATH/USDT:USDT,0.03407,91.0,0.03406,47.0,0.03411,40.0,0.03412,207.0
1753531992987,12:13:12.987,ATH/USDT:USDT,0.03407,91.0,0.03406,47.0,0.03411,40.0,0.03412,207.0
1753531993037,12:13:13.037,ATH/USDT:USDT,0.03407,91.0,0.03406,47.0,0.03411,40.0,0.03412,207.0
1753531994315,12:13:14.315,ATH/USDT:USDT,0.03407,91.0,0.03406,47.0,0.03411,40.0,0.03412,207.0
1753531994369,12:13:14.369,ATH/USDT:USDT,0.03407,91.0,0.03406,47.0,0.03411,40.0,0.03412,207.0
1753531994847,12:13:14.847,ATH/USDT:USDT,0.03407,91.0,0.03406,47.0,0.03411,40.0,0.03412,207.0
1753531995900,12:13:15.900,ATH/USDT:USDT,0.03407,91.0,0.03406,47.0,0.03411,40.0,0.03412,207.0
1753531996336,12:13:16.336,ATH/USDT:USDT,0.03407,91.0,0.03406,47.0,0.03411,40.0,0.03412,207.0
1753531996799,12:13:16.799,ATH/USDT:USDT,0.03407,91.0,0.03406,47.0,0.03411,40.0,0.03412,229.0
1753531996860,12:13:16.860,ATH/USDT:USDT,0.03407,91.0,0.03406,47.0,0.03411,40.0,0.03412,229.0
1753531998007,12:13:18.007,ATH/USDT:USDT,0.03407,91.0,0.03406,47.0,0.03411,40.0,0.03412,229.0
1753531998391,12:13:18.391,ATH/USDT:USDT,0.03407,91.0,0.03406,47.0,0.03411,40.0,0.03412,229.0
1753531998488,12:13:18.488,ATH/USDT:USDT,0.03407,91.0,0.03406,47.0,0.03411,40.0,0.03412,229.0
1753531998591,12:13:18.591,ATH/USDT:USDT,0.03407,91.0,0.03406,47.0,0.03411,40.0,0.03412,80.0
1753531999003,12:13:19.003,ATH/USDT:USDT,0.03407,91.0,0.03406,47.0,0.03411,40.0,0.03412,229.0
1753531999108,12:13:19.108,ATH/USDT:USDT,0.03407,91.0,0.03406,47.0,0.03411,40.0,0.03412,229.0
1753531999214,12:13:19.214,ATH/USDT:USDT,0.03408,80.0,0.03407,267.0,0.03411,40.0,0.03412,80.0
1753531999267,12:13:19.267,ATH/USDT:USDT,0.03408,42.0,0.03407,90.0,0.03411,40.0,0.03413,118.0
1753532000008,12:13:20.008,ATH/USDT:USDT,0.03408,42.0,0.03407,90.0,0.03411,41.0,0.03413,118.0
1753532000028,12:13:20.028,ATH/USDT:USDT,0.03408,42.0,0.03407,90.0,0.03411,42.0,0.03413,118.0
1753532000247,12:13:20.247,ATH/USDT:USDT,0.03408,42.0,0.03407,90.0,0.03411,42.0,0.03413,118.0
1753532000479,12:13:20.479,ATH/USDT:USDT,0.03408,40.0,0.03407,68.0,0.03411,42.0,0.03413,118.0
1753532000874,12:13:20.874,ATH/USDT:USDT,0.03408,40.0,0.03407,68.0,0.03411,42.0,0.03412,62.0
1753532001587,12:13:21.587,ATH/USDT:USDT,0.03408,40.0,0.03407,68.0,0.03411,42.0,0.03412,62.0
1753532003421,12:13:23.421,ATH/USDT:USDT,0.03408,40.0,0.03407,68.0,0.03411,42.0,0.03412,211.0
1753532003452,12:13:23.452,ATH/USDT:USDT,0.03408,40.0,0.03407,68.0,0.03411,42.0,0.03412,211.0
1753532003991,12:13:23.991,ATH/USDT:USDT,0.03408,40.0,0.03407,40.0,0.03411,42.0,0.03412,211.0
1753532004193,12:13:24.193,ATH/USDT:USDT,0.03408,40.0,0.03407,68.0,0.03411,42.0,0.03412,211.0
1753532004386,12:13:24.386,ATH/USDT:USDT,0.03408,40.0,0.03407,68.0,0.03411,42.0,0.03412,268.0
1753532004428,12:13:24.428,ATH/USDT:USDT,0.03408,40.0,0.03407,68.0,0.03411,42.0,0.03412,268.0
1753532004654,12:13:24.654,ATH/USDT:USDT,0.03408,40.0,0.03407,68.0,0.03411,42.0,0.03412,268.0
1753532005006,12:13:25.006,ATH/USDT:USDT,0.03408,40.0,0.03407,68.0,0.03411,42.0,0.03412,268.0
1753532006209,12:13:26.209,ATH/USDT:USDT,0.03408,40.0,0.03407,90.0,0.03411,42.0,0.03412,268.0
1753532006229,12:13:26.229,ATH/USDT:USDT,0.03408,40.0,0.03407,90.0,0.03411,42.0,0.03412,268.0
1753532008322,12:13:28.322,ATH/USDT:USDT,0.03408,40.0,0.03407,90.0,0.03411,41.0,0.03412,268.0
1753532008343,12:13:28.343,ATH/USDT:USDT,0.03408,40.0,0.03407,90.0,0.03411,41.0,0.03412,268.0
1753532010006,12:13:30.006,ATH/USDT:USDT,0.03408,40.0,0.03407,90.0,0.03411,41.0,0.03412,268.0
1753532011597,12:13:31.597,ATH/USDT:USDT,0.03408,40.0,0.03407,68.0,0.03411,91.0,0.03412,268.0
1753532015947,12:13:35.947,ATH/USDT:USDT,0.03408,40.0,0.03407,68.0,0.03411,91.0,0.03412,268.0
1753532016440,12:13:36.440,ATH/USDT:USDT,0.03408,40.0,0.03407,68.0,0.03411,91.0,0.03412,268.0
1753532018741,12:13:38.741,ATH/USDT:USDT,0.03408,40.0,0.03407,68.0,0.03411,91.0,0.03412,268.0
1753532020407,12:13:40.407,ATH/USDT:USDT,0.03408,40.0,0.03407,68.0,0.03411,91.0,0.03412,268.0
1753532022349,12:13:42.349,ATH/USDT:USDT,0.03408,40.0,0.03407,68.0,0.03411,91.0,0.03412,268.0
1753532026188,12:13:46.188,ATH/USDT:USDT,0.03408,40.0,0.03407,68.0,0.03411,91.0,0.03412,268.0
1753532028267,12:13:48.267,ATH/USDT:USDT,0.03408,40.0,0.03407,90.0,0.03411,63.0,0.03412,268.0
1753532028344,12:13:48.344,ATH/USDT:USDT,0.03408,40.0,0.03407,90.0,0.03411,62.0,0.03412,268.0
1753532029003,12:13:49.003,ATH/USDT:USDT,0.03408,40.0,0.03407,90.0,0.03411,62.0,0.03412,268.0
1753532029204,12:13:49.204,ATH/USDT:USDT,0.03408,40.0,0.03407,90.0,0.03411,62.0,0.03412,268.0
1753532029767,12:13:49.767,ATH/USDT:USDT,0.03408,40.0,0.03407,90.0,0.03411,62.0,0.03412,268.0
1753532032207,12:13:52.207,ATH/USDT:USDT,0.03408,40.0,0.03407,90.0,0.03411,62.0,0.03412,268.0
1753532032344,12:13:52.344,ATH/USDT:USDT,0.03408,40.0,0.03407,146.0,0.03411,62.0,0.03412,268.0
1753532034453,12:13:54.453,ATH/USDT:USDT,0.03408,40.0,0.03407,146.0,0.03411,40.0,0.03412,268.0
1753532034558,12:13:54.558,ATH/USDT:USDT,0.03408,40.0,0.03407,146.0,0.03411,40.0,0.03412,268.0
1753532034695,12:13:54.695,ATH/USDT:USDT,0.03408,40.0,0.03407,146.0,0.03411,40.0,0.03412,268.0
1753532034867,12:13:54.867,ATH/USDT:USDT,0.03408,40.0,0.03407,146.0,0.03411,40.0,0.03412,268.0
1753532035358,12:13:55.358,ATH/USDT:USDT,0.03408,40.0,0.03407,146.0,0.03411,40.0,0.03412,268.0
1753532036698,12:13:56.698,ATH/USDT:USDT,0.03408,40.0,0.03407,146.0,0.03411,40.0,0.03412,119.0
1753532038987,12:13:58.987,ATH/USDT:USDT,0.03408,40.0,0.03407,146.0,0.03411,40.0,0.03412,119.0
1753532039430,12:13:59.430,ATH/USDT:USDT,0.03408,40.0,0.03407,146.0,0.03411,40.0,0.03412,268.0
1753532042012,12:14:02.012,ATH/USDT:USDT,0.03408,40.0,0.03407,90.0,0.03411,40.0,0.03412,268.0
1753532042063,12:14:02.063,ATH/USDT:USDT,0.03408,40.0,0.03407,90.0,0.03411,40.0,0.03412,268.0
1753532043008,12:14:03.008,ATH/USDT:USDT,0.03408,40.0,0.03407,90.0,0.03411,40.0,0.03412,268.0
1753532043028,12:14:03.028,ATH/USDT:USDT,0.03408,40.0,0.03407,90.0,0.03411,40.0,0.03412,268.0
1753532044468,12:14:04.468,ATH/USDT:USDT,0.03408,40.0,0.03407,90.0,0.03411,40.0,0.03412,268.0
1753532044969,12:14:04.969,ATH/USDT:USDT,0.03408,40.0,0.03407,90.0,0.03411,40.0,0.03412,268.0
1753532045580,12:14:05.580,ATH/USDT:USDT,0.03408,40.0,0.03407,90.0,0.03411,40.0,0.03412,119.0
1753532047336,12:14:07.336,ATH/USDT:USDT,0.03408,40.0,0.03407,147.0,0.03411,40.0,0.03412,119.0
1753532050612,12:14:10.612,ATH/USDT:USDT,0.03408,40.0,0.03407,147.0,0.03411,40.0,0.03412,119.0
1753532053615,12:14:13.615,ATH/USDT:USDT,0.03408,40.0,0.03407,147.0,0.03411,40.0,0.03412,119.0
1753532058068,12:14:18.068,ATH/USDT:USDT,0.03408,40.0,0.03407,147.0,0.03411,40.0,0.03412,119.0
1753532071307,12:14:31.307,ATH/USDT:USDT,0.03408,40.0,0.03407,147.0,0.03411,40.0,0.03412,119.0
1753532071329,12:14:31.329,ATH/USDT:USDT,0.03408,40.0,0.03407,147.0,0.03411,40.0,0.03412,119.0
1753532074307,12:14:34.307,ATH/USDT:USDT,0.03408,40.0,0.03407,237.0,0.03411,40.0,0.03412,119.0
1753532075618,12:14:35.618,ATH/USDT:USDT,0.03408,40.0,0.03407,237.0,0.03411,40.0,0.03412,119.0
1753532077007,12:14:37.007,ATH/USDT:USDT,0.03408,40.0,0.03407,237.0,0.03411,40.0,0.03412,119.0
1753532077027,12:14:37.027,ATH/USDT:USDT,0.03408,40.0,0.03407,237.0,0.03411,40.0,0.03412,119.0
1753532079487,12:14:39.487,ATH/USDT:USDT,0.03408,40.0,0.03407,237.0,0.03411,40.0,0.03412,119.0
1753532080020,12:14:40.020,ATH/USDT:USDT,0.03408,40.0,0.03407,237.0,0.03411,40.0,0.03412,119.0
1753532081006,12:14:41.006,ATH/USDT:USDT,0.03408,40.0,0.03407,237.0,0.03411,40.0,0.03412,119.0
1753532082691,12:14:42.691,ATH/USDT:USDT,0.03408,40.0,0.03407,237.0,0.03411,40.0,0.03412,119.0
1753532087379,12:14:47.379,ATH/USDT:USDT,0.03408,40.0,0.03407,237.0,0.03411,40.0,0.03412,119.0
1753532089207,12:14:49.207,ATH/USDT:USDT,0.03408,62.0,0.03407,280.0,0.03411,40.0,0.03412,119.0
1753532089227,12:14:49.227,ATH/USDT:USDT,0.03408,62.0,0.03407,280.0,0.03411,40.0,0.03412,119.0
1753532092687,12:14:52.687,ATH/USDT:USDT,0.03408,62.0,0.03407,302.0,0.03411,40.0,0.03412,119.0
1753532092808,12:14:52.808,ATH/USDT:USDT,0.03409,23.0,0.03408,160.0,0.03411,40.0,0.03412,97.0
1753532093099,12:14:53.099,ATH/USDT:USDT,0.03409,23.0,0.03408,160.0,0.03411,40.0,0.03412,97.0
1753532093731,12:14:53.731,ATH/USDT:USDT,0.03409,23.0,0.03408,160.0,0.03411,40.0,0.03412,97.0
1753532096117,12:14:56.117,ATH/USDT:USDT,0.03409,24.0,0.03408,160.0,0.03411,40.0,0.03412,97.0
1753532096128,12:14:56.128,ATH/USDT:USDT,0.03409,52.0,0.03408,160.0,0.03411,40.0,0.03412,97.0
1753532096261,12:14:56.261,ATH/USDT:USDT,0.03409,52.0,0.03408,160.0,0.03411,40.0,0.03412,97.0
1753532097278,12:14:57.278,ATH/USDT:USDT,0.03409,52.0,0.03408,160.0,0.03411,40.0,0.03412,97.0
1753532097550,12:14:57.550,ATH/USDT:USDT,0.03409,52.0,0.03408,160.0,0.03411,40.0,0.03412,97.0
1753532100313,12:15:00.313,ATH/USDT:USDT,0.03409,52.0,0.03408,181.0,0.03412,97.0,0.03413,28.0
1753532100387,12:15:00.387,ATH/USDT:USDT,0.03409,140.0,0.03408,150.0,0.03412,40.0,0.03414,169.0
1753532100477,12:15:00.477,ATH/USDT:USDT,0.03409,140.0,0.03408,150.0,0.03412,40.0,0.03414,169.0
1753532100541,12:15:00.541,ATH/USDT:USDT,0.03409,140.0,0.03408,150.0,0.03412,40.0,0.03414,79.0
1753532100719,12:15:00.719,ATH/USDT:USDT,0.03409,140.0,0.03408,150.0,0.03412,40.0,0.03413,40.0
1753532101208,12:15:01.208,ATH/USDT:USDT,0.03409,118.0,0.03408,172.0,0.03412,40.0,0.03413,40.0
1753532101318,12:15:01.318,ATH/USDT:USDT,0.0341,72.0,0.03409,226.0,0.03412,40.0,0.03413,40.0
1753532101418,12:15:01.418,ATH/USDT:USDT,0.0341,4.0,0.03409,50.0,0.03412,40.0,0.03413,40.0
1753532101519,12:15:01.519,ATH/USDT:USDT,0.0341,4.0,0.03409,71.0,0.03412,40.0,0.03413,40.0
1753532101708,12:15:01.708,ATH/USDT:USDT,0.0341,44.0,0.03409,71.0,0.03412,40.0,0.03413,40.0
1753532101898,12:15:01.898,ATH/USDT:USDT,0.0341,44.0,0.03409,71.0,0.03413,40.0,0.03414,98.0
1753532101985,12:15:01.985,ATH/USDT:USDT,0.0341,44.0,0.03409,71.0,0.03413,40.0,0.03414,98.0
1753532102123,12:15:02.123,ATH/USDT:USDT,0.0341,44.0,0.03409,71.0,0.03413,40.0,0.03414,98.0
1753532102184,12:15:02.184,ATH/USDT:USDT,0.0341,44.0,0.03409,71.0,0.03413,40.0,0.03414,98.0
1753532102292,12:15:02.292,ATH/USDT:USDT,0.0341,44.0,0.03409,71.0,0.03413,40.0,0.03414,98.0
1753532102818,12:15:02.818,ATH/USDT:USDT,0.0341,44.0,0.03409,71.0,0.03413,40.0,0.03414,40.0
1753532102921,12:15:02.921,ATH/USDT:USDT,0.03411,32.0,0.0341,83.0,0.03413,40.0,0.03414,40.0
1753532103015,12:15:03.015,ATH/USDT:USDT,0.03411,32.0,0.0341,142.0,0.03413,40.0,0.03414,40.0
1753532103119,12:15:03.119,ATH/USDT:USDT,0.03411,32.0,0.0341,120.0,0.03416,22.0,0.03417,266.0
1753532103225,12:15:03.225,ATH/USDT:USDT,0.03412,40.0,0.03411,112.0,0.03417,117.0,0.03418,172.0
1753532103318,12:15:03.318,ATH/USDT:USDT,0.03412,40.0,0.03411,49.0,0.03417,108.0,0.03418,172.0
1753532103417,12:15:03.417,ATH/USDT:USDT,0.03412,40.0,0.03411,49.0,0.03417,108.0,0.03418,172.0
1753532103494,12:15:03.494,ATH/USDT:USDT,0.03412,40.0,0.03411,49.0,0.03417,108.0,0.03418,172.0
1753532103529,12:15:03.529,ATH/USDT:USDT,0.03412,40.0,0.03411,49.0,0.03417,108.0,0.03418,172.0
1753532103685,12:15:03.685,ATH/USDT:USDT,0.03412,40.0,0.03411,49.0,0.03417,148.0,0.03418,172.0
1753532104004,12:15:04.004,ATH/USDT:USDT,0.03412,40.0,0.03411,49.0,0.03417,148.0,0.03418,172.0
1753532104027,12:15:04.027,ATH/USDT:USDT,0.03412,40.0,0.03411,49.0,0.03417,148.0,0.03418,172.0
1753532104287,12:15:04.287,ATH/USDT:USDT,0.03412,40.0,0.03411,129.0,0.03417,148.0,0.03418,172.0
1753532104373,12:15:04.373,ATH/USDT:USDT,0.03412,40.0,0.03411,129.0,0.03417,148.0,0.03418,172.0
1753532104430,12:15:04.430,ATH/USDT:USDT,0.03412,40.0,0.03411,129.0,0.03417,148.0,0.03418,172.0
1753532104545,12:15:04.545,ATH/USDT:USDT,0.03412,40.0,0.03411,129.0,0.03417,148.0,0.03418,172.0
1753532104711,12:15:04.711,ATH/USDT:USDT,0.03412,40.0,0.03411,129.0,0.03416,61.0,0.03417,148.0
1753532104748,12:15:04.748,ATH/USDT:USDT,0.03412,40.0,0.03411,129.0,0.03416,61.0,0.03417,148.0
1753532104865,12:15:04.865,ATH/USDT:USDT,0.03412,40.0,0.03411,129.0,0.03416,61.0,0.03417,148.0
1753532105394,12:15:05.394,ATH/USDT:USDT,0.03412,40.0,0.03411,129.0,0.03416,61.0,0.03417,148.0
1753532105722,12:15:05.722,ATH/USDT:USDT,0.03412,40.0,0.03411,129.0,0.03416,61.0,0.03417,148.0
1753532108399,12:15:08.399,ATH/USDT:USDT,0.03412,40.0,0.03411,129.0,0.03416,61.0,0.03417,148.0
1753532108675,12:15:08.675,ATH/USDT:USDT,0.03412,40.0,0.03411,129.0,0.03416,61.0,0.03417,148.0
1753532109724,12:15:09.724,ATH/USDT:USDT,0.03413,70.0,0.03412,62.0,0.03416,42.0,0.03417,22.0
1753532109823,12:15:09.823,ATH/USDT:USDT,0.03413,72.0,0.03412,40.0,0.03416,42.0,0.03417,22.0
1753532109827,12:15:09.827,ATH/USDT:USDT,0.03413,72.0,0.03412,40.0,0.03416,42.0,0.03417,22.0
1753532110016,12:15:10.016,ATH/USDT:USDT,0.03413,72.0,0.03412,40.0,0.03416,42.0,0.03417,22.0
1753532110101,12:15:10.101,ATH/USDT:USDT,0.03413,72.0,0.03412,61.0,0.03416,40.0,0.03417,22.0
1753532110642,12:15:10.642,ATH/USDT:USDT,0.03413,72.0,0.03412,61.0,0.03416,40.0,0.03417,22.0
1753532111788,12:15:11.788,ATH/USDT:USDT,0.03413,72.0,0.03412,61.0,0.03416,44.0,0.03417,22.0
1753532112332,12:15:12.332,ATH/USDT:USDT,0.03413,72.0,0.03412,61.0,0.03416,42.0,0.03417,22.0
1753532113467,12:15:13.467,ATH/USDT:USDT,0.03413,72.0,0.03412,61.0,0.03416,42.0,0.03417,22.0
1753532114005,12:15:14.005,ATH/USDT:USDT,0.03413,72.0,0.03412,83.0,0.03416,42.0,0.03417,22.0
1753532114305,12:15:14.305,ATH/USDT:USDT,0.03413,72.0,0.03412,83.0,0.03416,42.0,0.03417,22.0
1753532114366,12:15:14.366,ATH/USDT:USDT,0.03413,72.0,0.03412,83.0,0.03416,44.0,0.03417,22.0
1753532115013,12:15:15.013,ATH/USDT:USDT,0.03413,72.0,0.03412,83.0,0.03416,44.0,0.03417,22.0
1753532115076,12:15:15.076,ATH/USDT:USDT,0.03413,72.0,0.03412,83.0,0.03416,44.0,0.03417,22.0
1753532115395,12:15:15.395,ATH/USDT:USDT,0.03413,72.0,0.03412,83.0,0.03416,44.0,0.03417,22.0
1753532115440,12:15:15.440,ATH/USDT:USDT,0.03413,72.0,0.03412,83.0,0.03416,42.0,0.03417,22.0
1753532115693,12:15:15.693,ATH/USDT:USDT,0.03413,72.0,0.03412,83.0,0.03416,42.0,0.03417,22.0
1753532115908,12:15:15.908,ATH/USDT:USDT,0.03413,129.0,0.03412,83.0,0.03416,40.0,0.03417,22.0
1753532115967,12:15:15.967,ATH/USDT:USDT,0.03413,151.0,0.03412,169.0,0.03416,40.0,0.03417,22.0
1753532117506,12:15:17.506,ATH/USDT:USDT,0.03413,151.0,0.03412,169.0,0.03416,40.0,0.03417,22.0
1753532117900,12:15:17.900,ATH/USDT:USDT,0.03413,151.0,0.03412,169.0,0.03416,40.0,0.03417,22.0
1753532119509,12:15:19.509,ATH/USDT:USDT,0.03413,151.0,0.03412,169.0,0.03416,40.0,0.03417,22.0
1753532122093,12:15:22.093,ATH/USDT:USDT,0.03413,123.0,0.03412,169.0,0.03416,40.0,0.03417,50.0
1753532122293,12:15:22.293,ATH/USDT:USDT,0.03413,151.0,0.03412,169.0,0.03416,40.0,0.03417,50.0
1753532122336,12:15:22.336,ATH/USDT:USDT,0.03413,151.0,0.03412,169.0,0.03416,40.0,0.03417,50.0
1753532122474,12:15:22.474,ATH/USDT:USDT,0.03413,151.0,0.03412,169.0,0.03416,40.0,0.03417,90.0
1753532124085,12:15:24.085,ATH/USDT:USDT,0.03413,151.0,0.03412,169.0,0.03416,40.0,0.03417,90.0
1753532124206,12:15:24.206,ATH/USDT:USDT,0.03414,22.0,0.03413,127.0,0.03418,1.0,0.03419,86.0
1753532124320,12:15:24.320,ATH/USDT:USDT,0.03414,62.0,0.03413,213.0,0.03418,1.0,0.03419,108.0
1753532124406,12:15:24.406,ATH/USDT:USDT,0.03414,62.0,0.03413,213.0,0.03418,23.0,0.03419,108.0
1753532124472,12:15:24.472,ATH/USDT:USDT,0.03414,62.0,0.03413,301.0,0.03418,23.0,0.03419,108.0
1753532124621,12:15:24.621,ATH/USDT:USDT,0.03415,68.0,0.03414,40.0,0.03418,23.0,0.03419,108.0
1753532124714,12:15:24.714,ATH/USDT:USDT,0.03415,68.0,0.03414,40.0,0.03418,23.0,0.03419,108.0
1753532124750,12:15:24.750,ATH/USDT:USDT,0.03415,68.0,0.03414,40.0,0.03418,23.0,0.03419,108.0
1753532124872,12:15:24.872,ATH/USDT:USDT,0.03415,68.0,0.03414,40.0,0.03418,23.0,0.03419,108.0
1753532125008,12:15:25.008,ATH/USDT:USDT,0.03415,68.0,0.03414,40.0,0.03418,23.0,0.03419,108.0
1753532125102,12:15:25.102,ATH/USDT:USDT,0.03415,70.0,0.03414,40.0,0.03418,23.0,0.03419,108.0
1753532125207,12:15:25.207,ATH/USDT:USDT,0.03415,70.0,0.03414,40.0,0.03418,25.0,0.03419,50.0
1753532125291,12:15:25.291,ATH/USDT:USDT,0.03415,72.0,0.03414,40.0,0.03418,23.0,0.03419,50.0
1753532125371,12:15:25.371,ATH/USDT:USDT,0.03415,68.0,0.03414,40.0,0.03418,27.0,0.03419,50.0
1753532125516,12:15:25.516,ATH/USDT:USDT,0.03415,68.0,0.03414,40.0,0.03418,67.0,0.03419,50.0
1753532125847,12:15:25.847,ATH/USDT:USDT,0.03415,68.0,0.03414,40.0,0.03418,67.0,0.03419,50.0
1753532126016,12:15:26.016,ATH/USDT:USDT,0.03415,68.0,0.03414,40.0,0.03418,67.0,0.03419,50.0
1753532126325,12:15:26.325,ATH/USDT:USDT,0.03415,28.0,0.03414,40.0,0.03418,67.0,0.03419,22.0
1753532126331,12:15:26.331,ATH/USDT:USDT,0.03415,28.0,0.03414,40.0,0.03418,67.0,0.03419,22.0
1753532126447,12:15:26.447,ATH/USDT:USDT,0.03415,28.0,0.03414,40.0,0.03418,67.0,0.03419,62.0
1753532126622,12:15:26.622,ATH/USDT:USDT,0.03414,40.0,0.03413,232.0,0.03418,67.0,0.03419,90.0
1753532126648,12:15:26.648,ATH/USDT:USDT,0.03414,40.0,0.03413,188.0,0.03418,67.0,0.03419,90.0
1753532126819,12:15:26.819,ATH/USDT:USDT,0.03414,40.0,0.03413,188.0,0.03417,66.0,0.03418,63.0
1753532126867,12:15:26.867,ATH/USDT:USDT,0.03414,40.0,0.03413,188.0,0.03417,66.0,0.03418,63.0
1753532127208,12:15:27.208,ATH/USDT:USDT,0.03414,40.0,0.03413,188.0,0.03417,66.0,0.03418,63.0
1753532127689,12:15:27.689,ATH/USDT:USDT,0.03414,40.0,0.03413,188.0,0.03417,66.0,0.03418,63.0
1753532128006,12:15:28.006,ATH/USDT:USDT,0.03414,40.0,0.03413,188.0,0.03417,66.0,0.03418,63.0
1753532128104,12:15:28.104,ATH/USDT:USDT,0.03414,40.0,0.03413,188.0,0.03417,66.0,0.03418,63.0
1753532128436,12:15:28.436,ATH/USDT:USDT,0.03414,40.0,0.03413,188.0,0.03417,66.0,0.03418,63.0
1753532129497,12:15:29.497,ATH/USDT:USDT,0.03414,42.0,0.03413,188.0,0.03417,66.0,0.03418,63.0
1753532129528,12:15:29.528,ATH/USDT:USDT,0.03414,42.0,0.03413,188.0,0.03417,66.0,0.03418,63.0
1753532130447,12:15:30.447,ATH/USDT:USDT,0.03414,42.0,0.03413,210.0,0.03417,66.0,0.03418,63.0
1753532130586,12:15:30.586,ATH/USDT:USDT,0.03414,40.0,0.03413,210.0,0.03417,66.0,0.03418,63.0
1753532131386,12:15:31.386,ATH/USDT:USDT,0.03414,40.0,0.03413,210.0,0.03417,44.0,0.03418,63.0
1753532132019,12:15:32.019,ATH/USDT:USDT,0.03414,40.0,0.03413,210.0,0.03417,44.0,0.03418,63.0
1753532132108,12:15:32.108,ATH/USDT:USDT,0.03415,28.0,0.03414,61.0,0.03417,40.0,0.03418,41.0
1753532132196,12:15:32.196,ATH/USDT:USDT,0.03415,72.0,0.03414,237.0,0.03417,40.0,0.03418,41.0
1753532132237,12:15:32.237,ATH/USDT:USDT,0.03415,72.0,0.03414,61.0,0.03417,40.0,0.03418,41.0
1753532132372,12:15:32.372,ATH/USDT:USDT,0.03415,72.0,0.03414,61.0,0.03417,40.0,0.03418,41.0
1753532132531,12:15:32.531,ATH/USDT:USDT,0.03415,72.0,0.03414,61.0,0.03417,40.0,0.03418,41.0
1753532132687,12:15:32.687,ATH/USDT:USDT,0.03415,68.0,0.03414,61.0,0.03417,42.0,0.03418,41.0
1753532132809,12:15:32.809,ATH/USDT:USDT,0.03415,68.0,0.03414,61.0,0.03417,42.0,0.03418,62.0
1753532132870,12:15:32.870,ATH/USDT:USDT,0.03415,40.0,0.03414,40.0,0.03417,42.0,0.03418,62.0
1753532133161,12:15:33.161,ATH/USDT:USDT,0.03415,40.0,0.03414,40.0,0.03417,44.0,0.03418,62.0
1753532133245,12:15:33.245,ATH/USDT:USDT,0.03414,40.0,0.03413,188.0,0.03417,44.0,0.03418,62.0
1753532133347,12:15:33.347,ATH/USDT:USDT,0.03414,40.0,0.03413,210.0,0.03417,44.0,0.03418,62.0
1753532133499,12:15:33.499,ATH/USDT:USDT,0.03414,40.0,0.03413,210.0,0.03417,44.0,0.03418,62.0
1753532134008,12:15:34.008,ATH/USDT:USDT,0.03414,40.0,0.03413,210.0,0.03417,44.0,0.03418,62.0
1753532137687,12:15:37.687,ATH/USDT:USDT,0.03414,40.0,0.03413,210.0,0.03417,44.0,0.03418,62.0
1753532137806,12:15:37.806,ATH/USDT:USDT,0.03414,40.0,0.03413,210.0,0.03417,42.0,0.03418,62.0
1753532138020,12:15:38.020,ATH/USDT:USDT,0.03414,40.0,0.03413,210.0,0.03417,42.0,0.03418,62.0
1753532139007,12:15:39.007,ATH/USDT:USDT,0.03414,40.0,0.03413,210.0,0.03417,42.0,0.03418,62.0
1753532139027,12:15:39.027,ATH/USDT:USDT,0.03414,40.0,0.03413,210.0,0.03417,42.0,0.03418,62.0
1753532139480,12:15:39.480,ATH/USDT:USDT,0.03414,40.0,0.03413,210.0,0.03417,42.0,0.03418,62.0
1753532140885,12:15:40.885,ATH/USDT:USDT,0.03414,40.0,0.03413,210.0,0.03417,42.0,0.03418,62.0
1753532145354,12:15:45.354,ATH/USDT:USDT,0.03414,216.0,0.03413,210.0,0.03417,42.0,0.03418,62.0
1753532145550,12:15:45.550,ATH/USDT:USDT,0.03414,216.0,0.03413,210.0,0.03417,42.0,0.03418,62.0
1753532145677,12:15:45.677,ATH/USDT:USDT,0.03414,216.0,0.03413,210.0,0.03417,42.0,0.03418,62.0
1753532146351,12:15:46.351,ATH/USDT:USDT,0.03414,216.0,0.03413,210.0,0.03417,40.0,0.03418,62.0
1753532147812,12:15:47.812,ATH/USDT:USDT,0.03414,238.0,0.03413,188.0,0.03417,40.0,0.03418,62.0
1753532147827,12:15:47.827,ATH/USDT:USDT,0.03414,238.0,0.03413,256.0,0.03417,40.0,0.03418,62.0
1753532148109,12:15:48.109,ATH/USDT:USDT,0.03414,150.0,0.03413,256.0,0.03417,40.0,0.03418,62.0
1753532148207,12:15:48.207,ATH/USDT:USDT,0.03415,22.0,0.03414,153.0,0.03417,42.0,0.03418,62.0
1753532148235,12:15:48.235,ATH/USDT:USDT,0.03415,22.0,0.03414,153.0,0.03417,42.0,0.03418,62.0
1753532148346,12:15:48.346,ATH/USDT:USDT,0.03415,22.0,0.03414,153.0,0.03417,42.0,0.03418,62.0
1753532148529,12:15:48.529,ATH/USDT:USDT,0.03415,22.0,0.03414,153.0,0.03417,42.0,0.03418,62.0
1753532149007,12:15:49.007,ATH/USDT:USDT,0.03415,22.0,0.03414,153.0,0.03417,42.0,0.03418,62.0
1753532149027,12:15:49.027,ATH/USDT:USDT,0.03415,22.0,0.03414,153.0,0.03417,42.0,0.03418,62.0
1753532149268,12:15:49.268,ATH/USDT:USDT,0.03415,26.0,0.03414,153.0,0.03417,40.0,0.03418,62.0
1753532149351,12:15:49.351,ATH/USDT:USDT,0.03415,26.0,0.03414,153.0,0.03417,40.0,0.03418,62.0
1753532150992,12:15:50.992,ATH/USDT:USDT,0.03415,4.0,0.03414,175.0,0.03417,40.0,0.03418,62.0
1753532151142,12:15:51.142,ATH/USDT:USDT,0.03415,4.0,0.03414,175.0,0.03417,40.0,0.03418,62.0
1753532151602,12:15:51.602,ATH/USDT:USDT,0.03415,32.0,0.03414,175.0,0.03417,40.0,0.03418,62.0
1753532152116,12:15:52.116,ATH/USDT:USDT,0.03415,32.0,0.03414,175.0,0.03417,40.0,0.03418,62.0
1753532152202,12:15:52.202,ATH/USDT:USDT,0.03415,72.0,0.03414,175.0,0.03417,40.0,0.03418,62.0
1753532152225,12:15:52.225,ATH/USDT:USDT,0.03415,72.0,0.03414,175.0,0.03417,40.0,0.03418,62.0
1753532152405,12:15:52.405,ATH/USDT:USDT,0.03415,72.0,0.03414,175.0,0.03418,41.0,0.03419,90.0
1753532152690,12:15:52.690,ATH/USDT:USDT,0.03415,72.0,0.03414,175.0,0.03418,41.0,0.03419,62.0
1753532154145,12:15:54.145,ATH/USDT:USDT,0.03415,72.0,0.03414,175.0,0.03418,41.0,0.03419,62.0
1753532155022,12:15:55.022,ATH/USDT:USDT,0.03415,72.0,0.03414,175.0,0.03418,41.0,0.03419,62.0
1753532155407,12:15:55.407,ATH/USDT:USDT,0.03415,72.0,0.03414,197.0,0.03418,41.0,0.03419,62.0
1753532155900,12:15:55.900,ATH/USDT:USDT,0.03415,129.0,0.03414,197.0,0.03418,41.0,0.03419,62.0
1753532156148,12:15:56.148,ATH/USDT:USDT,0.03415,129.0,0.03414,155.0,0.03418,41.0,0.03419,62.0
1753532156275,12:15:56.275,ATH/USDT:USDT,0.03415,129.0,0.03414,155.0,0.03418,41.0,0.03419,62.0
1753532156353,12:15:56.353,ATH/USDT:USDT,0.03415,129.0,0.03414,133.0,0.03418,41.0,0.03419,62.0
1753532157084,12:15:57.084,ATH/USDT:USDT,0.03415,129.0,0.03414,133.0,0.03418,41.0,0.03419,62.0
1753532157859,12:15:57.859,ATH/USDT:USDT,0.03415,129.0,0.03414,133.0,0.03418,41.0,0.03419,62.0
1753532158210,12:15:58.210,ATH/USDT:USDT,0.03415,129.0,0.03414,155.0,0.03418,41.0,0.03419,62.0
1753532160312,12:16:00.312,ATH/USDT:USDT,0.03415,68.0,0.03414,155.0,0.03418,41.0,0.03419,62.0
1753532160351,12:16:00.351,ATH/USDT:USDT,0.03415,68.0,0.03414,155.0,0.03418,41.0,0.03419,90.0
1753532163524,12:16:03.524,ATH/USDT:USDT,0.03415,68.0,0.03414,155.0,0.03418,41.0,0.03419,90.0
1753532163541,12:16:03.541,ATH/USDT:USDT,0.03415,68.0,0.03414,155.0,0.03418,41.0,0.03419,90.0
1753532165499,12:16:05.499,ATH/USDT:USDT,0.03415,68.0,0.03414,155.0,0.03418,41.0,0.03419,90.0
1753532165591,12:16:05.591,ATH/USDT:USDT,0.03415,68.0,0.03414,155.0,0.03418,41.0,0.03419,62.0
1753532167791,12:16:07.791,ATH/USDT:USDT,0.03415,127.0,0.03414,155.0,0.03418,41.0,0.03419,119.0
1753532167999,12:16:07.999,ATH/USDT:USDT,0.03415,127.0,0.03414,155.0,0.03418,41.0,0.03419,119.0
1753532170987,12:16:10.987,ATH/USDT:USDT,0.03415,127.0,0.03414,222.0,0.03418,41.0,0.03419,119.0
1753532171996,12:16:11.996,ATH/USDT:USDT,0.03415,127.0,0.03414,222.0,0.03418,41.0,0.03419,147.0
