timestamp,time,symbol,bid1_price,bid1_volume,bid2_price,bid2_volume,ask1_price,ask1_volume,ask2_price,ask2_volume
1753531599000,12:06:39.000,BAKE/USDT:USDT,0.094,1.0,0.0939,40834.0,0.0941,132972.0,0.0942,135093.0
1753531600636,12:06:40.636,BAKE/USDT:USDT,0.094,1.0,0.0939,40834.0,0.0941,132972.0,0.0942,135093.0
1753531601063,12:06:41.063,BAKE/USDT:USDT,0.094,1.0,0.0939,40834.0,0.0941,132972.0,0.0942,135093.0
1753531601144,12:06:41.144,BAKE/USDT:USDT,0.094,1.0,0.0939,40834.0,0.0941,132972.0,0.0942,135093.0
1753531602173,12:06:42.173,BAKE/USDT:USDT,0.094,1.0,0.0939,40834.0,0.0941,132972.0,0.0942,135093.0
1753531602781,12:06:42.781,BAKE/USDT:USDT,0.094,1.0,0.0939,40834.0,0.0941,132972.0,0.0942,135093.0
1753531603637,12:06:43.637,BAKE/USDT:USDT,0.094,1.0,0.0939,40834.0,0.0941,132972.0,0.0942,135093.0
1753531603714,12:06:43.714,BAKE/USDT:USDT,0.094,1.0,0.0939,40834.0,0.0941,132972.0,0.0942,135093.0
1753531606612,12:06:46.612,BAKE/USDT:USDT,0.094,1.0,0.0939,40834.0,0.0941,132972.0,0.0942,135093.0
1753531608535,12:06:48.535,BAKE/USDT:USDT,0.0939,10834.0,0.0938,104969.0,0.094,34436.0,0.0941,135111.0
1753531608629,12:06:48.629,BAKE/USDT:USDT,0.0939,10834.0,0.0938,104969.0,0.094,34436.0,0.0941,135111.0
1753531608837,12:06:48.837,BAKE/USDT:USDT,0.0939,10834.0,0.0938,104969.0,0.094,34436.0,0.0941,135111.0
1753531608917,12:06:48.917,BAKE/USDT:USDT,0.0939,10834.0,0.0938,104969.0,0.094,34436.0,0.0941,135111.0
1753531609516,12:06:49.516,BAKE/USDT:USDT,0.0939,10834.0,0.0938,104969.0,0.094,34436.0,0.0941,135111.0
1753531610210,12:06:50.210,BAKE/USDT:USDT,0.0939,10834.0,0.0938,104969.0,0.094,4436.0,0.0941,135111.0
1753531612526,12:06:52.526,BAKE/USDT:USDT,0.0939,10834.0,0.0938,104969.0,0.094,4436.0,0.0941,135111.0
1753531612552,12:06:52.552,BAKE/USDT:USDT,0.0939,10834.0,0.0938,104969.0,0.094,4436.0,0.0941,135111.0
1753531614926,12:06:54.926,BAKE/USDT:USDT,0.0939,10834.0,0.0938,104969.0,0.094,4436.0,0.0941,132972.0
1753531614949,12:06:54.949,BAKE/USDT:USDT,0.0939,10834.0,0.0938,104969.0,0.094,4436.0,0.0941,135111.0
1753531615989,12:06:55.989,BAKE/USDT:USDT,0.0939,10834.0,0.0938,104969.0,0.0941,132972.0,0.0942,135093.0
1753531616337,12:06:56.337,BAKE/USDT:USDT,0.0939,40834.0,0.0938,104969.0,0.0941,132972.0,0.0942,135093.0
1753531616367,12:06:56.367,BAKE/USDT:USDT,0.0939,40834.0,0.0938,104969.0,0.0941,132972.0,0.0942,135093.0
1753531616986,12:06:56.986,BAKE/USDT:USDT,0.0939,40834.0,0.0938,104969.0,0.0941,132972.0,0.0942,135093.0
1753531617090,12:06:57.090,BAKE/USDT:USDT,0.0939,105039.0,0.0938,169174.0,0.0941,8986.0,0.0942,135093.0
1753531617943,12:06:57.943,BAKE/USDT:USDT,0.0939,105039.0,0.0938,169174.0,0.0941,38986.0,0.0942,135093.0
1753531619616,12:06:59.616,BAKE/USDT:USDT,0.0939,105039.0,0.0938,169174.0,0.0941,38986.0,0.0942,135093.0
1753531621054,12:07:01.054,BAKE/USDT:USDT,0.094,4424.0,0.0939,105039.0,0.0941,4424.0,0.0942,135093.0
1753531621371,12:07:01.371,BAKE/USDT:USDT,0.094,4424.0,0.0939,105039.0,0.0941,4424.0,0.0942,135093.0
1753531624730,12:07:04.730,BAKE/USDT:USDT,0.094,68629.0,0.0939,105039.0,0.0941,4424.0,0.0942,70888.0
1753531624966,12:07:04.966,BAKE/USDT:USDT,0.094,68629.0,0.0939,169244.0,0.0941,4424.0,0.0942,135093.0
1753531625097,12:07:05.097,BAKE/USDT:USDT,0.094,68629.0,0.0939,169244.0,0.0941,4424.0,0.0942,135093.0
1753531625965,12:07:05.965,BAKE/USDT:USDT,0.094,68629.0,0.0939,105039.0,0.0941,4424.0,0.0942,135093.0
1753531627851,12:07:07.851,BAKE/USDT:USDT,0.094,68629.0,0.0939,105039.0,0.0941,4424.0,0.0942,135093.0
1753531636106,12:07:16.106,BAKE/USDT:USDT,0.094,4424.0,0.0939,105039.0,0.0941,4424.0,0.0942,135093.0
1753531636387,12:07:16.387,BAKE/USDT:USDT,0.094,4424.0,0.0939,105039.0,0.0941,4424.0,0.0942,135093.0
1753531639637,12:07:19.637,BAKE/USDT:USDT,0.094,4424.0,0.0939,105039.0,0.0941,4424.0,0.0942,135093.0
1753531645370,12:07:25.370,BAKE/USDT:USDT,0.094,68629.0,0.0939,105039.0,0.0941,4424.0,0.0942,135093.0
1753531645659,12:07:25.659,BAKE/USDT:USDT,0.094,68629.0,0.0939,105039.0,0.0941,4424.0,0.0942,135093.0
1753531646452,12:07:26.452,BAKE/USDT:USDT,0.094,4424.0,0.0939,105039.0,0.0941,4424.0,0.0942,135093.0
1753531646877,12:07:26.877,BAKE/USDT:USDT,0.094,4424.0,0.0939,105039.0,0.0941,4424.0,0.0942,135093.0
1753531651697,12:07:31.697,BAKE/USDT:USDT,0.0939,4471.0,0.0938,74898.0,0.094,39007.0,0.0941,134973.0
1753531656194,12:07:36.194,BAKE/USDT:USDT,0.0938,74898.0,0.0937,151342.0,0.094,167417.0,0.0941,134973.0
1753531656321,12:07:36.321,BAKE/USDT:USDT,0.0938,10693.0,0.0937,93429.0,0.094,167417.0,0.0941,134973.0
1753531656349,12:07:36.349,BAKE/USDT:USDT,0.0938,10693.0,0.0937,93429.0,0.094,167417.0,0.0941,134973.0
1753531656526,12:07:36.526,BAKE/USDT:USDT,0.0938,10693.0,0.0937,74918.0,0.0939,4583.0,0.094,169556.0
1753531656548,12:07:36.548,BAKE/USDT:USDT,0.0938,10693.0,0.0937,74918.0,0.0939,4583.0,0.094,169556.0
1753531656668,12:07:36.668,BAKE/USDT:USDT,0.0938,10693.0,0.0937,74918.0,0.0939,4583.0,0.094,169556.0
1753531657498,12:07:37.498,BAKE/USDT:USDT,0.0938,10693.0,0.0937,104918.0,0.0939,4583.0,0.094,169556.0
1753531657582,12:07:37.582,BAKE/USDT:USDT,0.0938,10693.0,0.0937,104918.0,0.0939,4583.0,0.094,169556.0
1753531657890,12:07:37.890,BAKE/USDT:USDT,0.0938,10693.0,0.0937,104918.0,0.0939,4583.0,0.094,169556.0
1753531659454,12:07:39.454,BAKE/USDT:USDT,0.0938,10693.0,0.0937,104918.0,0.0939,4583.0,0.094,169556.0
1753531660209,12:07:40.209,BAKE/USDT:USDT,0.0938,10693.0,0.0937,104918.0,0.094,167417.0,0.0941,134973.0
1753531660314,12:07:40.314,BAKE/USDT:USDT,0.0938,10693.0,0.0937,104918.0,0.094,167417.0,0.0941,134973.0
1753531661065,12:07:41.065,BAKE/USDT:USDT,0.0938,10693.0,0.0937,104918.0,0.094,167417.0,0.0941,134973.0
1753531661570,12:07:41.570,BAKE/USDT:USDT,0.0938,10693.0,0.0937,104918.0,0.094,167417.0,0.0941,134973.0
1753531661646,12:07:41.646,BAKE/USDT:USDT,0.0938,10693.0,0.0937,104918.0,0.094,167417.0,0.0941,134973.0
1753531662010,12:07:42.010,BAKE/USDT:USDT,0.0938,10693.0,0.0937,104918.0,0.0939,4412.0,0.094,169556.0
1753531662363,12:07:42.363,BAKE/USDT:USDT,0.0938,10693.0,0.0937,104918.0,0.0939,4412.0,0.094,169556.0
1753531662794,12:07:42.794,BAKE/USDT:USDT,0.0938,10693.0,0.0937,104918.0,0.0939,4412.0,0.094,169556.0
1753531663032,12:07:43.032,BAKE/USDT:USDT,0.0938,4407.0,0.0937,104918.0,0.0939,4412.0,0.094,169556.0
1753531663509,12:07:43.509,BAKE/USDT:USDT,0.0938,4412.0,0.0937,104918.0,0.0939,4412.0,0.094,169556.0
1753531663966,12:07:43.966,BAKE/USDT:USDT,0.0938,4412.0,0.0937,104918.0,0.0939,4412.0,0.094,169556.0
1753531664937,12:07:44.937,BAKE/USDT:USDT,0.0938,4412.0,0.0937,104918.0,0.0939,4412.0,0.094,169556.0
1753531665217,12:07:45.217,BAKE/USDT:USDT,0.0938,4412.0,0.0937,104918.0,0.0939,4412.0,0.094,169556.0
1753531666406,12:07:46.406,BAKE/USDT:USDT,0.0938,4412.0,0.0937,104918.0,0.094,169556.0,0.0941,132834.0
1753531666444,12:07:46.444,BAKE/USDT:USDT,0.0938,4412.0,0.0937,104918.0,0.094,167417.0,0.0941,134973.0
1753531667128,12:07:47.128,BAKE/USDT:USDT,0.0938,4412.0,0.0937,104918.0,0.094,167417.0,0.0941,134973.0
1753531667390,12:07:47.390,BAKE/USDT:USDT,0.0938,34412.0,0.0937,104918.0,0.094,167417.0,0.0941,134973.0
1753531667944,12:07:47.944,BAKE/USDT:USDT,0.0938,34412.0,0.0937,104918.0,0.094,167417.0,0.0941,134973.0
1753531670198,12:07:50.198,BAKE/USDT:USDT,0.0938,34412.0,0.0937,104918.0,0.094,167417.0,0.0941,134973.0
1753531673187,12:07:53.187,BAKE/USDT:USDT,0.0938,34412.0,0.0937,104918.0,0.094,167417.0,0.0941,134973.0
1753531673549,12:07:53.549,BAKE/USDT:USDT,0.0938,34412.0,0.0937,104918.0,0.094,167417.0,0.0941,134973.0
1753531675030,12:07:55.030,BAKE/USDT:USDT,0.0938,34412.0,0.0937,104918.0,0.094,167417.0,0.0941,134973.0
1753531677778,12:07:57.778,BAKE/USDT:USDT,0.0938,34412.0,0.0937,104918.0,0.094,167417.0,0.0941,134973.0
1753531680729,12:08:00.729,BAKE/USDT:USDT,0.0938,4412.0,0.0937,74918.0,0.0939,34584.0,0.094,169556.0
1753531681237,12:08:01.237,BAKE/USDT:USDT,0.0938,4412.0,0.0937,104918.0,0.0939,34584.0,0.094,169556.0
1753531681523,12:08:01.523,BAKE/USDT:USDT,0.0938,4412.0,0.0937,104918.0,0.0939,30000.0,0.094,169556.0
1753531685209,12:08:05.209,BAKE/USDT:USDT,0.0938,4412.0,0.0937,104918.0,0.0939,30000.0,0.094,169556.0
1753531685938,12:08:05.938,BAKE/USDT:USDT,0.0938,4412.0,0.0937,104918.0,0.094,169556.0,0.0941,132834.0
1753531685991,12:08:05.991,BAKE/USDT:USDT,0.0938,4412.0,0.0937,104918.0,0.094,167417.0,0.0941,134973.0
1753531686117,12:08:06.117,BAKE/USDT:USDT,0.0938,4412.0,0.0937,104918.0,0.094,167417.0,0.0941,134973.0
1753531686575,12:08:06.575,BAKE/USDT:USDT,0.0938,4412.0,0.0937,104918.0,0.094,167417.0,0.0941,134973.0
1753531686932,12:08:06.932,BAKE/USDT:USDT,0.0938,4412.0,0.0937,104918.0,0.094,167417.0,0.0941,134973.0
1753531688155,12:08:08.155,BAKE/USDT:USDT,0.0938,34412.0,0.0937,104918.0,0.094,167417.0,0.0941,134973.0
1753531692636,12:08:12.636,BAKE/USDT:USDT,0.0938,98617.0,0.0937,169123.0,0.094,9007.0,0.0941,134973.0
1753531693114,12:08:13.114,BAKE/USDT:USDT,0.0938,98617.0,0.0937,169123.0,0.094,39007.0,0.0941,164973.0
1753531694295,12:08:14.295,BAKE/USDT:USDT,0.0938,98617.0,0.0937,169123.0,0.094,39007.0,0.0941,164973.0
1753531695137,12:08:15.137,BAKE/USDT:USDT,0.0938,98617.0,0.0937,169123.0,0.094,39007.0,0.0941,134973.0
1753531695238,12:08:15.238,BAKE/USDT:USDT,0.0939,68783.0,0.0938,104873.0,0.094,9007.0,0.0941,134973.0
1753531695314,12:08:15.314,BAKE/USDT:USDT,0.0939,68783.0,0.0938,104873.0,0.094,4583.0,0.0941,134973.0
1753531695393,12:08:15.393,BAKE/USDT:USDT,0.0939,68783.0,0.0938,104873.0,0.094,4583.0,0.0941,134973.0
1753531695525,12:08:15.525,BAKE/USDT:USDT,0.0939,68783.0,0.0938,104873.0,0.094,4583.0,0.0941,134973.0
1753531700424,12:08:20.424,BAKE/USDT:USDT,0.0938,104873.0,0.0937,132831.0,0.094,4583.0,0.0941,134973.0
1753531700467,12:08:20.467,BAKE/USDT:USDT,0.0938,104873.0,0.0937,139082.0,0.094,4583.0,0.0941,134973.0
1753531701009,12:08:21.009,BAKE/USDT:USDT,0.0938,104873.0,0.0937,139082.0,0.094,34583.0,0.0941,164973.0
1753531701732,12:08:21.732,BAKE/USDT:USDT,0.0938,104873.0,0.0937,139082.0,0.094,34583.0,0.0941,134973.0
1753531708728,12:08:28.728,BAKE/USDT:USDT,0.0939,73787.0,0.0938,104873.0,0.094,4583.0,0.0941,134973.0
1753531708791,12:08:28.791,BAKE/USDT:USDT,0.0939,73787.0,0.0938,104873.0,0.094,4583.0,0.0941,134973.0
1753531716609,12:08:36.609,BAKE/USDT:USDT,0.0939,69400.0,0.0938,104873.0,0.094,4583.0,0.0941,134973.0
1753531717022,12:08:37.022,BAKE/USDT:USDT,0.0939,5195.0,0.0938,104873.0,0.094,68788.0,0.0941,134973.0
1753531719038,12:08:39.038,BAKE/USDT:USDT,0.0938,104873.0,0.0937,132831.0,0.094,68788.0,0.0941,134973.0
1753531719136,12:08:39.136,BAKE/USDT:USDT,0.0938,40668.0,0.0937,74860.0,0.0939,4542.0,0.094,135132.0
1753531719146,12:08:39.146,BAKE/USDT:USDT,0.0938,10668.0,0.0937,74860.0,0.0939,4542.0,0.094,135132.0
1753531719795,12:08:39.795,BAKE/USDT:USDT,0.0938,10668.0,0.0937,104860.0,0.0939,4542.0,0.094,135132.0
1753531724165,12:08:44.165,BAKE/USDT:USDT,0.0938,10668.0,0.0937,104860.0,0.0939,4542.0,0.094,135132.0
1753531727454,12:08:47.454,BAKE/USDT:USDT,0.0938,10668.0,0.0937,104860.0,0.094,135132.0,0.0941,132834.0
1753531730987,12:08:50.987,BAKE/USDT:USDT,0.0938,10668.0,0.0937,104860.0,0.0939,4456.0,0.094,135132.0
1753531731692,12:08:51.692,BAKE/USDT:USDT,0.0938,10668.0,0.0937,104860.0,0.094,132993.0,0.0941,134973.0
1753531732110,12:08:52.110,BAKE/USDT:USDT,0.0938,10668.0,0.0937,104860.0,0.094,132993.0,0.0941,134973.0
1753531734769,12:08:54.769,BAKE/USDT:USDT,0.0938,4412.0,0.0937,104860.0,0.0939,4456.0,0.094,135132.0
1753531734943,12:08:54.943,BAKE/USDT:USDT,0.0938,4412.0,0.0937,104860.0,0.0939,4456.0,0.094,135132.0
1753531738018,12:08:58.018,BAKE/USDT:USDT,0.0938,4412.0,0.0937,104860.0,0.0939,4456.0,0.094,135132.0
1753531740196,12:09:00.196,BAKE/USDT:USDT,0.0938,4412.0,0.0937,104860.0,0.094,132993.0,0.0941,134973.0
1753531743355,12:09:03.355,BAKE/USDT:USDT,0.0938,4412.0,0.0937,104860.0,0.094,132993.0,0.0941,134973.0
1753531745720,12:09:05.720,BAKE/USDT:USDT,0.0938,4412.0,0.0937,104861.0,0.094,132993.0,0.0941,134973.0
1753531747618,12:09:07.618,BAKE/USDT:USDT,0.0937,74861.0,0.0936,139041.0,0.0939,4429.0,0.094,135132.0
1753531747722,12:09:07.722,BAKE/USDT:USDT,0.0937,74860.0,0.0936,139041.0,0.0939,68634.0,0.094,135132.0
1753531747932,12:09:07.932,BAKE/USDT:USDT,0.0937,74860.0,0.0936,139041.0,0.0939,68634.0,0.094,135132.0
1753531748863,12:09:08.863,BAKE/USDT:USDT,0.0937,74860.0,0.0936,139041.0,0.0939,4429.0,0.094,135132.0
1753531750875,12:09:10.875,BAKE/USDT:USDT,0.0938,64205.0,0.0937,74860.0,0.0939,4429.0,0.094,135132.0
1753531751030,12:09:11.030,BAKE/USDT:USDT,0.0938,64205.0,0.0937,74860.0,0.0939,4429.0,0.094,135132.0
1753531751237,12:09:11.237,BAKE/USDT:USDT,0.0938,64205.0,0.0937,74860.0,0.0939,4429.0,0.094,135132.0
1753531751257,12:09:11.257,BAKE/USDT:USDT,0.0938,64205.0,0.0937,74860.0,0.0939,4429.0,0.094,135132.0
1753531755604,12:09:15.604,BAKE/USDT:USDT,0.0937,74860.0,0.0936,139039.0,0.0939,4429.0,0.094,135132.0
1753531755685,12:09:15.685,BAKE/USDT:USDT,0.0937,74860.0,0.0936,139039.0,0.0939,4429.0,0.094,135132.0
1753531755806,12:09:15.806,BAKE/USDT:USDT,0.0937,74860.0,0.0936,139039.0,0.0939,132839.0,0.094,135132.0
1753531771693,12:09:31.693,BAKE/USDT:USDT,0.0937,74860.0,0.0936,139039.0,0.0939,132839.0,0.094,135132.0
1753531772885,12:09:32.885,BAKE/USDT:USDT,0.0937,74860.0,0.0936,139039.0,0.0938,4513.0,0.0939,134978.0
1753531773145,12:09:33.145,BAKE/USDT:USDT,0.0937,70439.0,0.0936,139039.0,0.0938,4513.0,0.0939,134978.0
1753531773578,12:09:33.578,BAKE/USDT:USDT,0.0937,70439.0,0.0936,139039.0,0.0938,4513.0,0.0939,134978.0
1753531773718,12:09:33.718,BAKE/USDT:USDT,0.0937,70439.0,0.0936,139039.0,0.0939,134978.0,0.094,132993.0
1753531773864,12:09:33.864,BAKE/USDT:USDT,0.0937,70439.0,0.0936,139039.0,0.0939,132839.0,0.094,135132.0
1753531774001,12:09:34.001,BAKE/USDT:USDT,0.0937,70439.0,0.0936,139039.0,0.0939,132839.0,0.094,135132.0
1753531776985,12:09:36.985,BAKE/USDT:USDT,0.0937,70439.0,0.0936,139039.0,0.0939,4429.0,0.094,135132.0
1753531777109,12:09:37.109,BAKE/USDT:USDT,0.0937,74967.0,0.0936,139018.0,0.0939,4429.0,0.094,135132.0
1753531777253,12:09:37.253,BAKE/USDT:USDT,0.0937,74967.0,0.0936,139018.0,0.0939,4429.0,0.094,135132.0
1753531779420,12:09:39.420,BAKE/USDT:USDT,0.0938,4528.0,0.0937,74967.0,0.0939,4429.0,0.094,135132.0
1753531779470,12:09:39.470,BAKE/USDT:USDT,0.0938,4528.0,0.0937,74967.0,0.0939,4429.0,0.094,135132.0
1753531781819,12:09:41.819,BAKE/USDT:USDT,0.0938,4528.0,0.0937,74967.0,0.094,132993.0,0.0941,134973.0
1753531781930,12:09:41.930,BAKE/USDT:USDT,0.0938,4528.0,0.0937,74967.0,0.094,132993.0,0.0941,134973.0
1753531782137,12:09:42.137,BAKE/USDT:USDT,0.0938,34528.0,0.0937,104967.0,0.094,132993.0,0.0941,134973.0
1753531782158,12:09:42.158,BAKE/USDT:USDT,0.0938,34528.0,0.0937,104967.0,0.094,132993.0,0.0941,134973.0
1753531782529,12:09:42.529,BAKE/USDT:USDT,0.0938,34528.0,0.0937,104967.0,0.094,132993.0,0.0941,134973.0
1753531782745,12:09:42.745,BAKE/USDT:USDT,0.0938,34528.0,0.0937,104967.0,0.094,132993.0,0.0941,134973.0
1753531783323,12:09:43.323,BAKE/USDT:USDT,0.0938,34528.0,0.0937,104967.0,0.0939,4528.0,0.094,132993.0
1753531783361,12:09:43.361,BAKE/USDT:USDT,0.0938,34528.0,0.0937,104967.0,0.0939,4528.0,0.094,135132.0
1753531783520,12:09:43.520,BAKE/USDT:USDT,0.0938,4528.0,0.0937,104967.0,0.0939,4528.0,0.094,135132.0
1753531797269,12:09:57.269,BAKE/USDT:USDT,0.0938,4528.0,0.0937,104967.0,0.094,132993.0,0.0941,134973.0
1753531797501,12:09:57.501,BAKE/USDT:USDT,0.0938,4528.0,0.0937,104967.0,0.094,132993.0,0.0941,134973.0
1753531800310,12:10:00.310,BAKE/USDT:USDT,0.0938,4528.0,0.0937,104967.0,0.0939,4589.0,0.094,135132.0
1753531800355,12:10:00.355,BAKE/USDT:USDT,0.0938,4528.0,0.0937,104967.0,0.094,132993.0,0.0941,134973.0
1753531800735,12:10:00.735,BAKE/USDT:USDT,0.0938,4528.0,0.0937,104967.0,0.094,132993.0,0.0941,134973.0
1753531806222,12:10:06.222,BAKE/USDT:USDT,0.0938,4528.0,0.0937,104968.0,0.094,132993.0,0.0941,134973.0
1753531808812,12:10:08.812,BAKE/USDT:USDT,0.0938,34528.0,0.0937,104968.0,0.094,132993.0,0.0941,134973.0
1753531809215,12:10:09.215,BAKE/USDT:USDT,0.0938,34528.0,0.0937,104968.0,0.094,132993.0,0.0941,134973.0
1753531809791,12:10:09.791,BAKE/USDT:USDT,0.0938,98733.0,0.0937,169173.0,0.094,4583.0,0.0941,134973.0
1753531809924,12:10:09.924,BAKE/USDT:USDT,0.0938,98733.0,0.0937,169172.0,0.094,4583.0,0.0941,134973.0
1753531810035,12:10:10.035,BAKE/USDT:USDT,0.0938,98733.0,0.0937,169172.0,0.094,4583.0,0.0941,134973.0
1753531810826,12:10:10.826,BAKE/USDT:USDT,0.0939,64205.0,0.0938,98733.0,0.0941,132834.0,0.0942,245376.0
1753531810926,12:10:10.926,BAKE/USDT:USDT,0.0939,64205.0,0.0938,104906.0,0.0941,132834.0,0.0942,245376.0
1753531811033,12:10:11.033,BAKE/USDT:USDT,0.0939,64205.0,0.0938,104906.0,0.0941,132834.0,0.0942,245376.0
1753531811124,12:10:11.124,BAKE/USDT:USDT,0.0939,64205.0,0.0938,104906.0,0.0941,132834.0,0.0942,245376.0
1753531811143,12:10:11.143,BAKE/USDT:USDT,0.0939,64205.0,0.0938,104906.0,0.0941,132834.0,0.0942,245376.0
1753531812521,12:10:12.521,BAKE/USDT:USDT,0.0939,64205.0,0.0938,169111.0,0.0941,4424.0,0.0942,245376.0
1753531812543,12:10:12.543,BAKE/USDT:USDT,0.0939,64205.0,0.0938,169111.0,0.0941,4424.0,0.0942,263883.0
1753531812724,12:10:12.724,BAKE/USDT:USDT,0.0939,64205.0,0.0938,104906.0,0.0941,132834.0,0.0942,153600.0
1753531812743,12:10:12.743,BAKE/USDT:USDT,0.0939,64205.0,0.0938,104906.0,0.0941,132834.0,0.0942,208712.0
1753531814896,12:10:14.896,BAKE/USDT:USDT,0.0939,64205.0,0.0938,104906.0,0.094,4490.0,0.0941,134973.0
1753531822397,12:10:22.397,BAKE/USDT:USDT,0.0939,64205.0,0.0938,104906.0,0.094,4490.0,0.0941,134973.0
1753531825734,12:10:25.734,BAKE/USDT:USDT,0.0939,64205.0,0.0938,104906.0,0.094,4490.0,0.0941,134973.0
1753531825838,12:10:25.838,BAKE/USDT:USDT,0.0939,64205.0,0.0938,169111.0,0.0941,134973.0,0.0942,206573.0
1753531825857,12:10:25.857,BAKE/USDT:USDT,0.0939,64205.0,0.0938,169111.0,0.0941,132834.0,0.0942,208712.0
1753531840033,12:10:40.033,BAKE/USDT:USDT,0.0939,64205.0,0.0938,169111.0,0.0941,4424.0,0.0942,190205.0
1753531840058,12:10:40.058,BAKE/USDT:USDT,0.0939,64205.0,0.0938,169111.0,0.0941,4424.0,0.0942,135093.0
1753531844638,12:10:44.638,BAKE/USDT:USDT,0.094,64205.0,0.0939,74833.0,0.0941,4424.0,0.0942,135093.0
1753531844731,12:10:44.731,BAKE/USDT:USDT,0.094,64205.0,0.0939,74833.0,0.0941,4424.0,0.0942,135093.0
1753531844831,12:10:44.831,BAKE/USDT:USDT,0.094,64205.0,0.0939,74833.0,0.0941,4424.0,0.0942,135093.0
1753531844933,12:10:44.933,BAKE/USDT:USDT,0.094,64205.0,0.0939,74833.0,0.0941,4424.0,0.0942,135093.0
1753531844951,12:10:44.951,BAKE/USDT:USDT,0.094,64205.0,0.0939,74833.0,0.0941,4424.0,0.0942,135093.0
1753531850891,12:10:50.891,BAKE/USDT:USDT,0.094,64205.0,0.0939,74833.0,0.0941,4424.0,0.0942,135093.0
1753531850985,12:10:50.985,BAKE/USDT:USDT,0.094,64205.0,0.0939,74833.0,0.0941,4424.0,0.0942,135093.0
1753531851320,12:10:51.320,BAKE/USDT:USDT,0.094,64205.0,0.0939,74833.0,0.0941,4424.0,0.0942,135093.0
1753531866031,12:11:06.031,BAKE/USDT:USDT,0.0939,74833.0,0.0938,169093.0,0.0941,4424.0,0.0942,135093.0
1753531866146,12:11:06.146,BAKE/USDT:USDT,0.0939,104833.0,0.0938,169093.0,0.0941,4424.0,0.0942,135093.0
1753531867219,12:11:07.219,BAKE/USDT:USDT,0.0939,104833.0,0.0938,169093.0,0.0941,4424.0,0.0942,135094.0
1753531870038,12:11:10.038,BAKE/USDT:USDT,0.0939,104833.0,0.0938,169093.0,0.0941,4424.0,0.0942,135094.0
1753531870104,12:11:10.104,BAKE/USDT:USDT,0.0939,104833.0,0.0938,169093.0,0.0941,4424.0,0.0942,135094.0
1753531884527,12:11:24.527,BAKE/USDT:USDT,0.094,88601.0,0.0939,169038.0,0.0942,132955.0,0.0943,208687.0
1753531884621,12:11:24.621,BAKE/USDT:USDT,0.094,88601.0,0.0939,169038.0,0.0942,132954.0,0.0943,153589.0
1753531884733,12:11:24.733,BAKE/USDT:USDT,0.094,88601.0,0.0939,169038.0,0.0942,132954.0,0.0943,153589.0
1753531884812,12:11:24.812,BAKE/USDT:USDT,0.094,88601.0,0.0939,169038.0,0.0942,132954.0,0.0943,153589.0
1753531884879,12:11:24.879,BAKE/USDT:USDT,0.094,88601.0,0.0939,169038.0,0.0942,132954.0,0.0943,153589.0
1753531886135,12:11:26.135,BAKE/USDT:USDT,0.094,88601.0,0.0939,139038.0,0.0941,4396.0,0.0942,132954.0
1753531886149,12:11:26.149,BAKE/USDT:USDT,0.094,88601.0,0.0939,139038.0,0.0941,4396.0,0.0942,135093.0
1753531886782,12:11:26.782,BAKE/USDT:USDT,0.094,88601.0,0.0939,139038.0,0.0941,4396.0,0.0942,135093.0
1753531886939,12:11:26.939,BAKE/USDT:USDT,0.094,84205.0,0.0939,74833.0,0.0941,4396.0,0.0942,135093.0
1753531886943,12:11:26.943,BAKE/USDT:USDT,0.094,64205.0,0.0939,74833.0,0.0941,4396.0,0.0942,135093.0
1753531889566,12:11:29.566,BAKE/USDT:USDT,0.094,64205.0,0.0939,74833.0,0.0941,4396.0,0.0942,135093.0
1753531889764,12:11:29.764,BAKE/USDT:USDT,0.094,64205.0,0.0939,74833.0,0.0941,4396.0,0.0942,135093.0
1753531890579,12:11:30.579,BAKE/USDT:USDT,0.094,64205.0,0.0939,74833.0,0.0941,4396.0,0.0942,135093.0
1753531894877,12:11:34.877,BAKE/USDT:USDT,0.094,64205.0,0.0939,74833.0,0.0941,4396.0,0.0942,135093.0
1753531894940,12:11:34.940,BAKE/USDT:USDT,0.094,64205.0,0.0939,74833.0,0.0941,4396.0,0.0942,135093.0
1753531900131,12:11:40.131,BAKE/USDT:USDT,0.094,64205.0,0.0939,74833.0,0.0941,4396.0,0.0942,135093.0
1753531904895,12:11:44.895,BAKE/USDT:USDT,0.0939,74833.0,0.0938,162938.0,0.0941,4396.0,0.0942,135093.0
1753531904940,12:11:44.940,BAKE/USDT:USDT,0.0939,74833.0,0.0938,169086.0,0.0941,4396.0,0.0942,135093.0
1753531905700,12:11:45.700,BAKE/USDT:USDT,0.0939,104833.0,0.0938,169086.0,0.0941,4396.0,0.0942,135093.0
1753531910739,12:11:50.739,BAKE/USDT:USDT,0.094,64205.0,0.0939,104833.0,0.0941,4396.0,0.0942,135093.0
1753531910782,12:11:50.782,BAKE/USDT:USDT,0.094,64205.0,0.0939,104833.0,0.0941,4396.0,0.0942,135093.0
1753531920197,12:12:00.197,BAKE/USDT:USDT,0.094,64205.0,0.0939,169038.0,0.0942,4544.0,0.0943,135093.0
1753531923509,12:12:03.509,BAKE/USDT:USDT,0.094,64205.0,0.0939,169038.0,0.0942,34544.0,0.0943,165093.0
1753531926632,12:12:06.632,BAKE/USDT:USDT,0.094,64205.0,0.0939,169038.0,0.0942,34544.0,0.0943,135093.0
1753531926843,12:12:06.843,BAKE/USDT:USDT,0.094,64205.0,0.0939,169038.0,0.0942,34544.0,0.0943,135093.0
1753531927123,12:12:07.123,BAKE/USDT:USDT,0.0941,64205.0,0.094,68677.0,0.0942,4544.0,0.0943,135093.0
1753531927222,12:12:07.222,BAKE/USDT:USDT,0.0941,64205.0,0.094,74817.0,0.0942,4544.0,0.0943,135093.0
1753531927331,12:12:07.331,BAKE/USDT:USDT,0.0941,64205.0,0.094,74817.0,0.0942,4544.0,0.0943,135093.0
1753531927426,12:12:07.426,BAKE/USDT:USDT,0.0941,64205.0,0.094,74817.0,0.0942,4544.0,0.0943,135093.0
1753531930106,12:12:10.106,BAKE/USDT:USDT,0.0941,64205.0,0.094,74817.0,0.0942,4544.0,0.0943,135093.0
1753531930144,12:12:10.144,BAKE/USDT:USDT,0.0941,64205.0,0.094,74817.0,0.0942,4544.0,0.0943,135093.0
1753531930294,12:12:10.294,BAKE/USDT:USDT,0.094,74817.0,0.0939,162879.0,0.0942,4544.0,0.0943,135093.0
1753531930432,12:12:10.432,BAKE/USDT:USDT,0.094,74817.0,0.0939,162879.0,0.0942,34544.0,0.0943,165093.0
1753531930648,12:12:10.648,BAKE/USDT:USDT,0.094,74817.0,0.0939,162879.0,0.0942,34544.0,0.0943,165093.0
1753531930870,12:12:10.870,BAKE/USDT:USDT,0.094,74817.0,0.0939,169018.0,0.0942,34544.0,0.0943,165093.0
1753531933522,12:12:13.522,BAKE/USDT:USDT,0.094,10612.0,0.0939,74813.0,0.0941,4472.0,0.0942,162954.0
1753531933589,12:12:13.589,BAKE/USDT:USDT,0.094,10612.0,0.0939,74813.0,0.0941,4472.0,0.0942,165093.0
1753531935167,12:12:15.167,BAKE/USDT:USDT,0.094,10612.0,0.0939,74813.0,0.0941,4472.0,0.0942,165093.0
1753531935431,12:12:15.431,BAKE/USDT:USDT,0.094,10612.0,0.0939,74813.0,0.0941,4472.0,0.0942,165093.0
1753531935576,12:12:15.576,BAKE/USDT:USDT,0.0939,74813.0,0.0938,162938.0,0.0941,4472.0,0.0942,165093.0
1753531935735,12:12:15.735,BAKE/USDT:USDT,0.094,64205.0,0.0939,74813.0,0.0941,4472.0,0.0942,165093.0
1753531935932,12:12:15.932,BAKE/USDT:USDT,0.094,64205.0,0.0939,74813.0,0.0941,4472.0,0.0942,165093.0
1753531935959,12:12:15.959,BAKE/USDT:USDT,0.094,64205.0,0.0939,74813.0,0.0941,4472.0,0.0942,165093.0
1753531944205,12:12:24.205,BAKE/USDT:USDT,0.094,64205.0,0.0939,74813.0,0.0942,162954.0,0.0943,135093.0
1753531944326,12:12:24.326,BAKE/USDT:USDT,0.094,64205.0,0.0939,74813.0,0.0942,162954.0,0.0943,135093.0
1753531944535,12:12:24.535,BAKE/USDT:USDT,0.094,64205.0,0.0939,74813.0,0.0941,4377.0,0.0942,165093.0
1753531945532,12:12:25.532,BAKE/USDT:USDT,0.094,64205.0,0.0939,139018.0,0.0942,165093.0,0.0943,132954.0
1753531945559,12:12:25.559,BAKE/USDT:USDT,0.094,64205.0,0.0939,139018.0,0.0942,34544.0,0.0943,135093.0
1753531945861,12:12:25.861,BAKE/USDT:USDT,0.094,64205.0,0.0939,139018.0,0.0942,4544.0,0.0943,135093.0
1753531946253,12:12:26.253,BAKE/USDT:USDT,0.094,94205.0,0.0939,139018.0,0.0942,4544.0,0.0943,135093.0
1753531949002,12:12:29.002,BAKE/USDT:USDT,0.094,64205.0,0.0939,74813.0,0.0942,132954.0,0.0943,135093.0
1753531949110,12:12:29.110,BAKE/USDT:USDT,0.094,4443.0,0.0939,74813.0,0.0941,4443.0,0.0942,135093.0
1753531950164,12:12:30.164,BAKE/USDT:USDT,0.094,4443.0,0.0939,74813.0,0.0941,4443.0,0.0942,135093.0
1753531951408,12:12:31.408,BAKE/USDT:USDT,0.094,4443.0,0.0939,74813.0,0.0941,4443.0,0.0942,135093.0
1753531955714,12:12:35.714,BAKE/USDT:USDT,0.094,4443.0,0.0939,139018.0,0.0942,135093.0,0.0943,132954.0
1753531955923,12:12:35.923,BAKE/USDT:USDT,0.094,68648.0,0.0939,139018.0,0.0942,70888.0,0.0943,132954.0
1753531955994,12:12:35.994,BAKE/USDT:USDT,0.094,68648.0,0.0939,139018.0,0.0942,70888.0,0.0943,132954.0
1753531956168,12:12:36.168,BAKE/USDT:USDT,0.094,68648.0,0.0939,139018.0,0.0942,68749.0,0.0943,135093.0
1753531956890,12:12:36.890,BAKE/USDT:USDT,0.094,68648.0,0.0939,139018.0,0.0942,68749.0,0.0943,135093.0
1753531958005,12:12:38.005,BAKE/USDT:USDT,0.094,68648.0,0.0939,139018.0,0.0942,132954.0,0.0943,135093.0
1753531958629,12:12:38.629,BAKE/USDT:USDT,0.094,68648.0,0.0939,74813.0,0.0942,132954.0,0.0943,135093.0
1753531958690,12:12:38.690,BAKE/USDT:USDT,0.094,68648.0,0.0939,74813.0,0.0941,4460.0,0.0942,135093.0
1753531960214,12:12:40.214,BAKE/USDT:USDT,0.094,68648.0,0.0939,74813.0,0.0941,4460.0,0.0942,135093.0
1753531960460,12:12:40.460,BAKE/USDT:USDT,0.094,68648.0,0.0939,74813.0,0.0941,4460.0,0.0942,135093.0
1753531961744,12:12:41.744,BAKE/USDT:USDT,0.094,68648.0,0.0939,74813.0,0.0941,4460.0,0.0942,135093.0
1753531971362,12:12:51.362,BAKE/USDT:USDT,0.0939,74813.0,0.0938,169071.0,0.0941,4460.0,0.0942,135093.0
1753531980229,12:13:00.229,BAKE/USDT:USDT,0.094,98721.0,0.0939,139018.0,0.0942,132954.0,0.0943,135093.0
1753531980312,12:13:00.312,BAKE/USDT:USDT,0.094,98721.0,0.0939,74813.0,0.0942,132954.0,0.0943,135093.0
1753531982715,12:13:02.715,BAKE/USDT:USDT,0.094,98721.0,0.0939,139018.0,0.0942,4544.0,0.0943,135093.0
1753531984166,12:13:04.166,BAKE/USDT:USDT,0.094,98721.0,0.0939,139018.0,0.0942,4544.0,0.0943,135093.0
1753531984311,12:13:04.311,BAKE/USDT:USDT,0.0941,64205.0,0.094,104846.0,0.0942,4544.0,0.0943,135093.0
1753531984432,12:13:04.432,BAKE/USDT:USDT,0.0941,64205.0,0.094,104846.0,0.0942,4544.0,0.0943,135093.0
1753531984534,12:13:04.534,BAKE/USDT:USDT,0.0941,64205.0,0.094,104846.0,0.0942,4544.0,0.0943,135093.0
1753531984627,12:13:04.627,BAKE/USDT:USDT,0.0941,64205.0,0.094,104846.0,0.0942,4544.0,0.0943,135093.0
1753531984641,12:13:04.641,BAKE/USDT:USDT,0.0941,64205.0,0.094,104846.0,0.0942,4544.0,0.0943,135093.0
1753531986938,12:13:06.938,BAKE/USDT:USDT,0.0941,64205.0,0.094,104846.0,0.0942,4544.0,0.0943,135093.0
1753531988309,12:13:08.309,BAKE/USDT:USDT,0.0941,64205.0,0.094,104846.0,0.0942,4544.0,0.0943,135093.0
1753531990232,12:13:10.232,BAKE/USDT:USDT,0.0941,64205.0,0.094,104846.0,0.0942,4544.0,0.0943,135093.0
1753532004339,12:13:24.339,BAKE/USDT:USDT,0.094,104846.0,0.0939,132879.0,0.0942,4544.0,0.0943,135093.0
1753532004342,12:13:24.342,BAKE/USDT:USDT,0.094,104846.0,0.0939,138993.0,0.0942,4544.0,0.0943,135093.0
1753532004599,12:13:24.599,BAKE/USDT:USDT,0.094,104846.0,0.0939,138993.0,0.0942,34544.0,0.0943,165093.0
1753532006180,12:13:26.180,BAKE/USDT:USDT,0.094,104846.0,0.0939,138993.0,0.0942,34544.0,0.0943,165093.0
1753532008307,12:13:28.307,BAKE/USDT:USDT,0.094,104846.0,0.0939,138993.0,0.0942,34544.0,0.0943,135093.0
1753532011523,12:13:31.523,BAKE/USDT:USDT,0.094,104846.0,0.0939,138993.0,0.0942,34544.0,0.0943,165093.0
1753532011605,12:13:31.605,BAKE/USDT:USDT,0.094,74846.0,0.0939,74788.0,0.0941,4592.0,0.0942,165093.0
1753532016177,12:13:36.177,BAKE/USDT:USDT,0.094,74846.0,0.0939,74788.0,0.0941,4592.0,0.0942,165093.0
1753532035701,12:13:55.701,BAKE/USDT:USDT,0.094,74846.0,0.0939,74788.0,0.0941,4592.0,0.0942,165093.0
1753532036587,12:13:56.587,BAKE/USDT:USDT,0.094,74846.0,0.0939,104788.0,0.0941,4592.0,0.0942,165093.0
1753532036682,12:13:56.682,BAKE/USDT:USDT,0.094,74846.0,0.0939,168993.0,0.0942,34544.0,0.0943,135093.0
1753532037697,12:13:57.697,BAKE/USDT:USDT,0.094,74846.0,0.0939,168993.0,0.0942,4544.0,0.0943,135093.0
1753532038221,12:13:58.221,BAKE/USDT:USDT,0.094,104846.0,0.0939,168993.0,0.0942,4544.0,0.0943,135093.0
1753532039215,12:13:59.215,BAKE/USDT:USDT,0.094,104846.0,0.0939,168993.0,0.0942,34544.0,0.0943,165093.0
1753532040986,12:14:00.986,BAKE/USDT:USDT,0.0941,68575.0,0.094,104846.0,0.0942,34544.0,0.0943,165093.0
1753532041109,12:14:01.109,BAKE/USDT:USDT,0.0941,68575.0,0.094,104846.0,0.0942,34544.0,0.0943,165093.0
1753532041218,12:14:01.218,BAKE/USDT:USDT,0.0941,68575.0,0.094,104846.0,0.0942,34544.0,0.0943,135093.0
1753532041611,12:14:01.611,BAKE/USDT:USDT,0.0941,68575.0,0.094,104846.0,0.0942,4544.0,0.0943,135093.0
1753532045722,12:14:05.722,BAKE/USDT:USDT,0.094,104846.0,0.0939,168976.0,0.0942,4544.0,0.0943,135093.0
1753532046127,12:14:06.127,BAKE/USDT:USDT,0.094,104846.0,0.0939,168976.0,0.0942,34544.0,0.0943,165093.0
1753532046530,12:14:06.530,BAKE/USDT:USDT,0.094,104846.0,0.0939,168976.0,0.0942,34544.0,0.0943,165093.0
1753532047124,12:14:07.124,BAKE/USDT:USDT,0.094,104846.0,0.0939,168976.0,0.0942,34544.0,0.0943,165093.0
1753532047237,12:14:07.237,BAKE/USDT:USDT,0.094,74846.0,0.0939,168976.0,0.0942,98749.0,0.0943,165093.0
1753532047255,12:14:07.255,BAKE/USDT:USDT,0.094,74846.0,0.0939,168976.0,0.0942,162954.0,0.0943,165093.0
1753532048365,12:14:08.365,BAKE/USDT:USDT,0.094,74846.0,0.0939,168976.0,0.0942,98749.0,0.0943,165093.0
1753532048920,12:14:08.920,BAKE/USDT:USDT,0.094,74846.0,0.0939,168976.0,0.0942,98749.0,0.0943,165093.0
1753532053620,12:14:13.620,BAKE/USDT:USDT,0.094,74846.0,0.0939,168976.0,0.0942,34544.0,0.0943,165093.0
1753532053735,12:14:13.735,BAKE/USDT:USDT,0.0941,64205.0,0.094,74846.0,0.0942,34544.0,0.0943,165093.0
1753532053827,12:14:13.827,BAKE/USDT:USDT,0.0941,64205.0,0.094,74846.0,0.0942,4544.0,0.0943,135093.0
1753532069647,12:14:29.647,BAKE/USDT:USDT,0.0941,64205.0,0.094,74846.0,0.0942,4544.0,0.0943,135093.0
1753532069864,12:14:29.864,BAKE/USDT:USDT,0.0941,64205.0,0.094,74846.0,0.0942,4544.0,0.0943,135093.0
1753532074504,12:14:34.504,BAKE/USDT:USDT,0.0941,64205.0,0.094,74846.0,0.0942,4544.0,0.0943,135093.0
1753532077111,12:14:37.111,BAKE/USDT:USDT,0.0941,64205.0,0.094,74846.0,0.0942,4544.0,0.0943,135093.0
1753532078822,12:14:38.822,BAKE/USDT:USDT,0.094,74846.0,0.0939,168962.0,0.0942,4544.0,0.0943,135093.0
1753532079751,12:14:39.751,BAKE/USDT:USDT,0.094,74846.0,0.0939,168962.0,0.0942,34544.0,0.0943,165093.0
1753532082180,12:14:42.180,BAKE/USDT:USDT,0.094,74846.0,0.0939,168962.0,0.0942,34544.0,0.0943,165093.0
1753532082527,12:14:42.527,BAKE/USDT:USDT,0.0941,4461.0,0.094,74846.0,0.0942,34544.0,0.0943,165093.0
1753532082599,12:14:42.599,BAKE/USDT:USDT,0.0941,4461.0,0.094,74846.0,0.0942,34544.0,0.0943,165093.0
1753532082715,12:14:42.715,BAKE/USDT:USDT,0.0941,4461.0,0.094,104846.0,0.0942,34544.0,0.0943,165093.0
1753532082783,12:14:42.783,BAKE/USDT:USDT,0.0941,4461.0,0.094,104846.0,0.0942,34544.0,0.0943,165093.0
1753532082897,12:14:42.897,BAKE/USDT:USDT,0.0941,4461.0,0.094,104846.0,0.0942,34544.0,0.0943,135093.0
1753532084127,12:14:44.127,BAKE/USDT:USDT,0.0941,68666.0,0.094,104846.0,0.0942,4544.0,0.0943,135093.0
1753532100230,12:15:00.230,BAKE/USDT:USDT,0.0942,7792.0,0.0941,74741.0,0.0943,132954.0,0.0944,190184.0
1753532100331,12:15:00.331,BAKE/USDT:USDT,0.0942,7792.0,0.0941,74741.0,0.0943,132954.0,0.0944,135093.0
1753532100520,12:15:00.520,BAKE/USDT:USDT,0.0942,7792.0,0.0941,74741.0,0.0943,132954.0,0.0944,135093.0
1753532101128,12:15:01.128,BAKE/USDT:USDT,0.0942,7792.0,0.0941,74741.0,0.0943,132954.0,0.0944,135093.0
1753532102530,12:15:02.530,BAKE/USDT:USDT,0.0942,7792.0,0.0941,74741.0,0.0943,4544.0,0.0944,135093.0
1753532102543,12:15:02.543,BAKE/USDT:USDT,0.0942,7792.0,0.0941,74741.0,0.0943,4544.0,0.0944,135093.0
1753532104606,12:15:04.606,BAKE/USDT:USDT,0.0942,12176.0,0.0941,74741.0,0.0943,4544.0,0.0944,135093.0
1753532110172,12:15:10.172,BAKE/USDT:USDT,0.0942,12176.0,0.0941,74741.0,0.0943,4544.0,0.0944,135093.0
1753532112171,12:15:12.171,BAKE/USDT:USDT,0.0942,12176.0,0.0941,74741.0,0.0943,4544.0,0.0944,135093.0
1753532113725,12:15:13.725,BAKE/USDT:USDT,0.0942,12176.0,0.0941,74741.0,0.0943,4544.0,0.0944,135093.0
1753532113744,12:15:13.744,BAKE/USDT:USDT,0.0942,12176.0,0.0941,74741.0,0.0943,4544.0,0.0944,135093.0
1753532124109,12:15:24.109,BAKE/USDT:USDT,0.0942,12176.0,0.0941,74741.0,0.0944,135093.0,0.0945,132954.0
1753532124235,12:15:24.235,BAKE/USDT:USDT,0.0942,12176.0,0.0941,138946.0,0.0944,6683.0,0.0945,132954.0
1753532124324,12:15:24.324,BAKE/USDT:USDT,0.0942,106381.0,0.0941,158946.0,0.0944,4544.0,0.0945,135093.0
1753532124424,12:15:24.424,BAKE/USDT:USDT,0.0942,106381.0,0.0941,158946.0,0.0944,4544.0,0.0945,135093.0
1753532124491,12:15:24.491,BAKE/USDT:USDT,0.0942,106381.0,0.0941,158946.0,0.0944,4544.0,0.0945,135093.0
1753532124624,12:15:24.624,BAKE/USDT:USDT,0.0942,106381.0,0.0941,158946.0,0.0944,4544.0,0.0945,135093.0
1753532124735,12:15:24.735,BAKE/USDT:USDT,0.0942,76381.0,0.0941,138946.0,0.0943,4395.0,0.0944,68749.0
1753532124834,12:15:24.834,BAKE/USDT:USDT,0.0942,76381.0,0.0941,138946.0,0.0943,4395.0,0.0944,135093.0
1753532124915,12:15:24.915,BAKE/USDT:USDT,0.0942,76381.0,0.0941,74741.0,0.0943,4395.0,0.0944,135093.0
1753532125087,12:15:25.087,BAKE/USDT:USDT,0.0942,76381.0,0.0941,74741.0,0.0943,4395.0,0.0944,135093.0
1753532125209,12:15:25.209,BAKE/USDT:USDT,0.0942,76381.0,0.0941,74741.0,0.0943,4395.0,0.0944,135093.0
1753532125318,12:15:25.318,BAKE/USDT:USDT,0.0942,76381.0,0.0941,74741.0,0.0943,4395.0,0.0944,135093.0
1753532129165,12:15:29.165,BAKE/USDT:USDT,0.0942,76381.0,0.0941,74741.0,0.0943,4395.0,0.0944,135093.0
1753532132105,12:15:32.105,BAKE/USDT:USDT,0.0942,76381.0,0.0941,74741.0,0.0944,135093.0,0.0945,132954.0
1753532132198,12:15:32.198,BAKE/USDT:USDT,0.0942,106381.0,0.0941,158946.0,0.0944,6683.0,0.0945,132954.0
1753532132325,12:15:32.325,BAKE/USDT:USDT,0.0942,106381.0,0.0941,158946.0,0.0944,6683.0,0.0945,132954.0
1753532132377,12:15:32.377,BAKE/USDT:USDT,0.0942,106381.0,0.0941,158946.0,0.0944,6683.0,0.0945,132954.0
1753532132534,12:15:32.534,BAKE/USDT:USDT,0.0942,106381.0,0.0941,158946.0,0.0944,6683.0,0.0945,132954.0
1753532132582,12:15:32.582,BAKE/USDT:USDT,0.0942,106381.0,0.0941,158946.0,0.0944,4544.0,0.0945,135093.0
1753532132707,12:15:32.707,BAKE/USDT:USDT,0.0942,106381.0,0.0941,158946.0,0.0944,4544.0,0.0945,135093.0
1753532133037,12:15:33.037,BAKE/USDT:USDT,0.0942,76381.0,0.0941,74741.0,0.0943,4503.0,0.0944,132954.0
1753532133071,12:15:33.071,BAKE/USDT:USDT,0.0942,12176.0,0.0941,74741.0,0.0943,4503.0,0.0944,135093.0
1753532134766,12:15:34.766,BAKE/USDT:USDT,0.0942,12176.0,0.0941,74741.0,0.0943,4503.0,0.0944,135093.0
1753532135042,12:15:35.042,BAKE/USDT:USDT,0.0942,12176.0,0.0941,74741.0,0.0943,4503.0,0.0944,135093.0
1753532142831,12:15:42.831,BAKE/USDT:USDT,0.0943,7792.0,0.0942,106381.0,0.0944,4544.0,0.0945,190434.0
1753532142938,12:15:42.938,BAKE/USDT:USDT,0.0943,7792.0,0.0942,106381.0,0.0944,4544.0,0.0945,190434.0
1753532143035,12:15:43.035,BAKE/USDT:USDT,0.0943,7792.0,0.0942,106381.0,0.0944,34544.0,0.0945,190434.0
1753532143130,12:15:43.130,BAKE/USDT:USDT,0.0943,7792.0,0.0942,106381.0,0.0944,34544.0,0.0945,190434.0
1753532143189,12:15:43.189,BAKE/USDT:USDT,0.0943,7792.0,0.0942,106381.0,0.0944,34544.0,0.0945,190434.0
1753532146232,12:15:46.232,BAKE/USDT:USDT,0.0943,7792.0,0.0942,106381.0,0.0944,34544.0,0.0945,190434.0
1753532146265,12:15:46.265,BAKE/USDT:USDT,0.0943,7792.0,0.0942,106381.0,0.0944,34544.0,0.0945,190434.0
1753532148096,12:15:48.096,BAKE/USDT:USDT,0.0943,7792.0,0.0942,106381.0,0.0944,4544.0,0.0945,190434.0
1753532149169,12:15:49.169,BAKE/USDT:USDT,0.0943,7792.0,0.0942,106381.0,0.0944,4544.0,0.0945,190434.0
1753532150997,12:15:50.997,BAKE/USDT:USDT,0.0943,12355.0,0.0942,106381.0,0.0944,4544.0,0.0945,190434.0
1753532154610,12:15:54.610,BAKE/USDT:USDT,0.0943,12355.0,0.0942,106381.0,0.0944,4544.0,0.0945,190434.0
1753532155179,12:15:55.179,BAKE/USDT:USDT,0.0943,12355.0,0.0942,106381.0,0.0944,4544.0,0.0945,190434.0
1753532157963,12:15:57.963,BAKE/USDT:USDT,0.0943,12355.0,0.0942,106381.0,0.0944,4544.0,0.0945,190434.0
1753532173790,12:16:13.790,BAKE/USDT:USDT,0.0943,12355.0,0.0942,106381.0,0.0944,4544.0,0.0945,190434.0
1753532179297,12:16:19.297,BAKE/USDT:USDT,0.0943,7792.0,0.0942,106381.0,0.0944,4544.0,0.0945,190434.0
1753532181689,12:16:21.689,BAKE/USDT:USDT,0.0943,7792.0,0.0942,106381.0,0.0944,4544.0,0.0945,190434.0
1753532186366,12:16:26.366,BAKE/USDT:USDT,0.0943,7792.0,0.0942,106381.0,0.0944,4544.0,0.0945,190434.0
1753532193170,12:16:33.170,BAKE/USDT:USDT,0.0943,12229.0,0.0942,106381.0,0.0944,4544.0,0.0945,190434.0
1753532195167,12:16:35.167,BAKE/USDT:USDT,0.0943,12229.0,0.0942,106381.0,0.0944,4544.0,0.0945,190434.0
1753532201949,12:16:41.949,BAKE/USDT:USDT,0.0943,76434.0,0.0942,170586.0,0.0944,4544.0,0.0945,190434.0
1753532202110,12:16:42.110,BAKE/USDT:USDT,0.0943,7792.0,0.0942,106381.0,0.0944,4541.0,0.0945,135093.0
1753532202337,12:16:42.337,BAKE/USDT:USDT,0.0943,7792.0,0.0942,106381.0,0.0944,4541.0,0.0945,135093.0
1753532202366,12:16:42.366,BAKE/USDT:USDT,0.0943,7792.0,0.0942,106381.0,0.0944,4541.0,0.0945,135093.0
1753532207223,12:16:47.223,BAKE/USDT:USDT,0.0943,7792.0,0.0942,106381.0,0.0944,4541.0,0.0945,135093.0
1753532209929,12:16:49.929,BAKE/USDT:USDT,0.0943,7792.0,0.0942,106381.0,0.0944,4541.0,0.0945,135093.0
1753532209946,12:16:49.946,BAKE/USDT:USDT,0.0943,7792.0,0.0942,106381.0,0.0944,4541.0,0.0945,135093.0
1753532212803,12:16:52.803,BAKE/USDT:USDT,0.0943,12347.0,0.0942,106381.0,0.0944,4541.0,0.0945,135093.0
1753532219221,12:16:59.221,BAKE/USDT:USDT,0.0943,7792.0,0.0942,106381.0,0.0944,4541.0,0.0945,135093.0
1753532220368,12:17:00.368,BAKE/USDT:USDT,0.0943,7792.0,0.0942,106381.0,0.0944,4541.0,0.0945,135093.0
1753532226705,12:17:06.705,BAKE/USDT:USDT,0.0943,12351.0,0.0942,106381.0,0.0944,4541.0,0.0945,135093.0
1753532227593,12:17:07.593,BAKE/USDT:USDT,0.0943,7792.0,0.0942,106381.0,0.0944,4541.0,0.0945,135093.0
1753532234010,12:17:14.010,BAKE/USDT:USDT,0.0943,7792.0,0.0942,106381.0,0.0944,34541.0,0.0945,165093.0
1753532252954,12:17:32.954,BAKE/USDT:USDT,0.0943,7792.0,0.0942,106381.0,0.0944,34541.0,0.0945,165093.0
1753532253739,12:17:33.739,BAKE/USDT:USDT,0.0943,7792.0,0.0942,106381.0,0.0944,34541.0,0.0945,135093.0
1753532255204,12:17:35.204,BAKE/USDT:USDT,0.0943,7792.0,0.0942,106381.0,0.0944,34541.0,0.0945,135093.0
1753532270774,12:17:50.774,BAKE/USDT:USDT,0.0943,12332.0,0.0942,106381.0,0.0944,34541.0,0.0945,135093.0
1753532271327,12:17:51.327,BAKE/USDT:USDT,0.0943,76537.0,0.0942,106381.0,0.0944,34541.0,0.0945,135093.0
1753532271342,12:17:51.342,BAKE/USDT:USDT,0.0943,76537.0,0.0942,106381.0,0.0944,4541.0,0.0945,135093.0
1753532271769,12:17:51.769,BAKE/USDT:USDT,0.0943,76537.0,0.0942,170586.0,0.0944,4541.0,0.0945,135093.0
1753532272574,12:17:52.574,BAKE/USDT:USDT,0.0943,76537.0,0.0942,170586.0,0.0944,4541.0,0.0945,135093.0
1753532277711,12:17:57.711,BAKE/USDT:USDT,0.0944,7792.0,0.0943,106537.0,0.0945,4544.0,0.0946,135071.0
1753532277833,12:17:57.833,BAKE/USDT:USDT,0.0944,7792.0,0.0943,106537.0,0.0945,4544.0,0.0946,135071.0
1753532277865,12:17:57.865,BAKE/USDT:USDT,0.0944,7792.0,0.0943,106537.0,0.0945,4544.0,0.0946,135071.0
1753532278033,12:17:58.033,BAKE/USDT:USDT,0.0944,7792.0,0.0943,106537.0,0.0945,4544.0,0.0946,135071.0
1753532278046,12:17:58.046,BAKE/USDT:USDT,0.0944,7792.0,0.0943,106537.0,0.0945,4544.0,0.0946,135071.0
1753532278336,12:17:58.336,BAKE/USDT:USDT,0.0944,7792.0,0.0943,106537.0,0.0945,4544.0,0.0946,135071.0
1753532281700,12:18:01.700,BAKE/USDT:USDT,0.0944,12238.0,0.0943,106537.0,0.0945,4544.0,0.0946,135071.0
1753532281840,12:18:01.840,BAKE/USDT:USDT,0.0944,12238.0,0.0943,106537.0,0.0945,4544.0,0.0946,135071.0
1753532286014,12:18:06.014,BAKE/USDT:USDT,0.0944,7792.0,0.0943,106537.0,0.0945,4544.0,0.0946,135071.0
1753532286284,12:18:06.284,BAKE/USDT:USDT,0.0944,7792.0,0.0943,106537.0,0.0945,4544.0,0.0946,135071.0
1753532318165,12:18:38.165,BAKE/USDT:USDT,0.0944,7792.0,0.0943,106537.0,0.0945,4544.0,0.0946,135071.0
1753532318595,12:18:38.595,BAKE/USDT:USDT,0.0944,7792.0,0.0943,106537.0,0.0945,4544.0,0.0946,135071.0
1753532330845,12:18:50.845,BAKE/USDT:USDT,0.0944,12288.0,0.0943,106537.0,0.0945,4544.0,0.0946,135071.0
1753532345750,12:19:05.750,BAKE/USDT:USDT,0.0944,32288.0,0.0943,106537.0,0.0945,4544.0,0.0946,135071.0
1753532380362,12:19:40.362,BAKE/USDT:USDT,0.0944,7792.0,0.0943,106537.0,0.0945,4544.0,0.0946,135071.0
1753532431198,12:20:31.198,BAKE/USDT:USDT,0.0944,12361.0,0.0943,106537.0,0.0945,4544.0,0.0946,135071.0
1753532440540,12:20:40.540,BAKE/USDT:USDT,0.0944,7792.0,0.0943,106537.0,0.0945,4544.0,0.0946,135071.0
1753532440682,12:20:40.682,BAKE/USDT:USDT,0.0944,7792.0,0.0943,106537.0,0.0945,34544.0,0.0946,165071.0
1753532442516,12:20:42.516,BAKE/USDT:USDT,0.0944,7792.0,0.0943,106537.0,0.0945,34544.0,0.0946,135071.0
1753532447071,12:20:47.071,BAKE/USDT:USDT,0.0944,12175.0,0.0943,106537.0,0.0945,34544.0,0.0946,135071.0
1753532449138,12:20:49.138,BAKE/USDT:USDT,0.0944,7792.0,0.0943,106537.0,0.0945,34544.0,0.0946,135071.0
1753532452886,12:20:52.886,BAKE/USDT:USDT,0.0944,7792.0,0.0943,106537.0,0.0945,34544.0,0.0946,135071.0
1753532452955,12:20:52.955,BAKE/USDT:USDT,0.0944,7792.0,0.0943,106537.0,0.0945,34544.0,0.0946,135071.0
1753532453158,12:20:53.158,BAKE/USDT:USDT,0.0944,7792.0,0.0943,106537.0,0.0945,34544.0,0.0946,135071.0
1753532453292,12:20:53.292,BAKE/USDT:USDT,0.0944,7792.0,0.0943,106537.0,0.0945,34544.0,0.0946,135071.0
1753532453787,12:20:53.787,BAKE/USDT:USDT,0.0944,12175.0,0.0943,106537.0,0.0945,34544.0,0.0946,135071.0
1753532454105,12:20:54.105,BAKE/USDT:USDT,0.0944,12175.0,0.0943,106537.0,0.0945,4544.0,0.0946,135071.0
1753532468368,12:21:08.368,BAKE/USDT:USDT,0.0944,32175.0,0.0943,106537.0,0.0945,4544.0,0.0946,135071.0
1753532471729,12:21:11.729,BAKE/USDT:USDT,0.0945,7792.0,0.0944,32175.0,0.0946,132932.0,0.0947,135108.0
1753532471835,12:21:11.835,BAKE/USDT:USDT,0.0944,32175.0,0.0943,106537.0,0.0946,132932.0,0.0947,135108.0
1753532472030,12:21:12.030,BAKE/USDT:USDT,0.0944,32175.0,0.0943,106537.0,0.0946,132932.0,0.0947,135108.0
1753532472101,12:21:12.101,BAKE/USDT:USDT,0.0944,32175.0,0.0943,106537.0,0.0946,132932.0,0.0947,135108.0
1753532472233,12:21:12.233,BAKE/USDT:USDT,0.0945,4380.0,0.0944,96380.0,0.0946,4522.0,0.0947,135108.0
1753532472324,12:21:12.324,BAKE/USDT:USDT,0.0945,34380.0,0.0944,96380.0,0.0946,4522.0,0.0947,135108.0
1753532472438,12:21:12.438,BAKE/USDT:USDT,0.0945,34380.0,0.0944,96380.0,0.0946,4522.0,0.0947,135108.0
1753532472520,12:21:12.520,BAKE/USDT:USDT,0.0945,34380.0,0.0944,96380.0,0.0946,4522.0,0.0947,135108.0
1753532472604,12:21:12.604,BAKE/USDT:USDT,0.0945,34380.0,0.0944,96380.0,0.0946,4522.0,0.0947,135108.0
1753532475172,12:21:15.172,BAKE/USDT:USDT,0.0945,34380.0,0.0944,96380.0,0.0946,4522.0,0.0947,135108.0
1753532480707,12:21:20.707,BAKE/USDT:USDT,0.0945,34380.0,0.0944,96380.0,0.0946,4522.0,0.0947,135108.0
1753532481904,12:21:21.904,BAKE/USDT:USDT,0.0945,34380.0,0.0944,96380.0,0.0946,4522.0,0.0947,135108.0
1753532496732,12:21:36.732,BAKE/USDT:USDT,0.0945,34380.0,0.0944,96380.0,0.0946,4522.0,0.0947,70903.0
1753532497087,12:21:37.087,BAKE/USDT:USDT,0.0945,34380.0,0.0944,96380.0,0.0946,4522.0,0.0947,135108.0
1753532500193,12:21:40.193,BAKE/USDT:USDT,0.0945,34380.0,0.0944,96380.0,0.0946,4522.0,0.0947,135108.0
1753532518081,12:21:58.081,BAKE/USDT:USDT,0.0945,34380.0,0.0944,96380.0,0.0946,4522.0,0.0947,153511.0
1753532518254,12:21:58.254,BAKE/USDT:USDT,0.0945,34380.0,0.0944,96380.0,0.0946,4522.0,0.0947,153511.0
1753532548118,12:22:28.118,BAKE/USDT:USDT,0.0945,34380.0,0.0944,96380.0,0.0946,4522.0,0.0947,135108.0
1753532548145,12:22:28.145,BAKE/USDT:USDT,0.0945,34380.0,0.0944,96380.0,0.0946,4522.0,0.0947,153511.0
1753532556102,12:22:36.102,BAKE/USDT:USDT,0.0944,96380.0,0.0943,168771.0,0.0946,4522.0,0.0947,153511.0
1753532556204,12:22:36.204,BAKE/USDT:USDT,0.0945,4441.0,0.0944,96380.0,0.0946,4522.0,0.0947,153511.0
1753532556261,12:22:36.261,BAKE/USDT:USDT,0.0945,4441.0,0.0944,96380.0,0.0946,4522.0,0.0947,153511.0
1753532556641,12:22:36.641,BAKE/USDT:USDT,0.0945,4441.0,0.0944,96380.0,0.0946,4522.0,0.0947,153511.0
1753532556917,12:22:36.917,BAKE/USDT:USDT,0.0944,96380.0,0.0943,162950.0,0.0946,4522.0,0.0947,153511.0
1753532556987,12:22:36.987,BAKE/USDT:USDT,0.0944,96380.0,0.0943,168771.0,0.0946,4522.0,0.0947,153511.0
1753532557369,12:22:37.369,BAKE/USDT:USDT,0.0944,96380.0,0.0943,168771.0,0.0946,34522.0,0.0947,153511.0
1753532558043,12:22:38.043,BAKE/USDT:USDT,0.0944,96380.0,0.0943,168771.0,0.0946,34522.0,0.0947,153511.0
1753532565136,12:22:45.136,BAKE/USDT:USDT,0.0944,96380.0,0.0943,104566.0,0.0946,162932.0,0.0947,153511.0
1753532565209,12:22:45.209,BAKE/USDT:USDT,0.0944,32175.0,0.0943,104566.0,0.0945,4490.0,0.0946,165071.0
1753532565534,12:22:45.534,BAKE/USDT:USDT,0.0944,32175.0,0.0943,104566.0,0.0945,4490.0,0.0946,165071.0
1753532567008,12:22:47.008,BAKE/USDT:USDT,0.0944,32175.0,0.0943,104566.0,0.0945,4490.0,0.0946,165071.0
1753532567169,12:22:47.169,BAKE/USDT:USDT,0.0944,32175.0,0.0943,104566.0,0.0945,4490.0,0.0946,165071.0
1753532576400,12:22:56.400,BAKE/USDT:USDT,0.0944,32175.0,0.0943,104566.0,0.0945,4490.0,0.0946,165071.0
1753532577969,12:22:57.969,BAKE/USDT:USDT,0.0944,32175.0,0.0943,104566.0,0.0945,4490.0,0.0946,165071.0
1753532578214,12:22:58.214,BAKE/USDT:USDT,0.0944,32175.0,0.0943,104566.0,0.0945,4490.0,0.0946,165071.0
1753532580186,12:23:00.186,BAKE/USDT:USDT,0.0944,32175.0,0.0943,104566.0,0.0945,4490.0,0.0946,165071.0
1753532580243,12:23:00.243,BAKE/USDT:USDT,0.0944,32175.0,0.0943,104566.0,0.0945,4490.0,0.0946,165071.0
1753532581086,12:23:01.086,BAKE/USDT:USDT,0.0944,32175.0,0.0943,104566.0,0.0945,4490.0,0.0946,165071.0
1753532588068,12:23:08.068,BAKE/USDT:USDT,0.0944,32175.0,0.0943,104566.0,0.0945,4490.0,0.0946,165071.0
1753532594826,12:23:14.826,BAKE/USDT:USDT,0.0944,32175.0,0.0943,104566.0,0.0945,4490.0,0.0946,165071.0
1753532602518,12:23:22.518,BAKE/USDT:USDT,0.0944,32175.0,0.0943,104566.0,0.0945,4490.0,0.0946,165071.0
1753532608279,12:23:28.279,BAKE/USDT:USDT,0.0944,32175.0,0.0943,104566.0,0.0945,4490.0,0.0946,165071.0
1753532637889,12:23:57.889,BAKE/USDT:USDT,0.0944,96380.0,0.0943,168771.0,0.0946,162932.0,0.0947,153521.0
1753532638324,12:23:58.324,BAKE/USDT:USDT,0.0944,96380.0,0.0943,168771.0,0.0946,162932.0,0.0947,135108.0
1753532638349,12:23:58.349,BAKE/USDT:USDT,0.0944,96380.0,0.0943,168771.0,0.0946,162932.0,0.0947,153518.0
1753532638515,12:23:58.515,BAKE/USDT:USDT,0.0944,96380.0,0.0943,168771.0,0.0946,98727.0,0.0947,153518.0
1753532639015,12:23:59.015,BAKE/USDT:USDT,0.0945,68679.0,0.0944,96380.0,0.0946,34522.0,0.0947,153518.0
1753532639086,12:23:59.086,BAKE/USDT:USDT,0.0945,68679.0,0.0944,96380.0,0.0946,34522.0,0.0947,153518.0
1753532639290,12:23:59.290,BAKE/USDT:USDT,0.0945,4474.0,0.0944,96380.0,0.0946,34522.0,0.0947,153518.0
1753532641102,12:24:01.102,BAKE/USDT:USDT,0.0944,96380.0,0.0943,168734.0,0.0946,34522.0,0.0947,153518.0
1753532641418,12:24:01.418,BAKE/USDT:USDT,0.0944,96380.0,0.0943,168734.0,0.0946,34522.0,0.0947,183518.0
1753532644030,12:24:04.030,BAKE/USDT:USDT,0.0945,4474.0,0.0944,96380.0,0.0946,34522.0,0.0947,153518.0
1753532644085,12:24:04.085,BAKE/USDT:USDT,0.0945,4474.0,0.0944,96380.0,0.0946,34522.0,0.0947,153518.0
1753532644243,12:24:04.243,BAKE/USDT:USDT,0.0945,4474.0,0.0944,96380.0,0.0946,4522.0,0.0947,153518.0
1753532644397,12:24:04.397,BAKE/USDT:USDT,0.0945,34474.0,0.0944,96380.0,0.0946,4522.0,0.0947,153518.0
