timestamp,time,symbol,bid1_price,bid1_volume,bid2_price,bid2_volume,ask1_price,ask1_volume,ask2_price,ask2_volume
1753531573000,12:06:13.000,ARB/USDT:USDT,0.4438,186.0,0.4437,5603.0,0.4439,3033.0,0.444,14416.0
1753531573692,12:06:13.692,ARB/USDT:USDT,0.4438,186.0,0.4437,5603.0,0.4439,3033.0,0.444,14416.0
1753531574089,12:06:14.089,ARB/USDT:USDT,0.4438,186.0,0.4437,5177.0,0.4439,3033.0,0.444,14416.0
1753531574386,12:06:14.386,ARB/USDT:USDT,0.4438,186.0,0.4437,5177.0,0.4439,3033.0,0.444,14416.0
1753531575491,12:06:15.491,ARB/USDT:USDT,0.4438,186.0,0.4437,5177.0,0.4439,3033.0,0.444,14416.0
1753531575538,12:06:15.538,ARB/USDT:USDT,0.4438,186.0,0.4437,5177.0,0.4439,3033.0,0.444,14416.0
1753531575801,12:06:15.801,ARB/USDT:USDT,0.4438,1156.0,0.4437,5106.0,0.4439,2159.0,0.444,13517.0
1753531575868,12:06:15.868,ARB/USDT:USDT,0.4438,1156.0,0.4437,5106.0,0.4439,2159.0,0.444,12393.0
1753531575990,12:06:15.990,ARB/USDT:USDT,0.4438,1156.0,0.4437,5106.0,0.4439,2159.0,0.444,12393.0
1753531576053,12:06:16.053,ARB/USDT:USDT,0.4438,1156.0,0.4437,5106.0,0.4439,2159.0,0.444,11663.0
1753531577166,12:06:17.166,ARB/USDT:USDT,0.4438,257.0,0.4437,5106.0,0.4439,2159.0,0.444,11663.0
1753531577269,12:06:17.269,ARB/USDT:USDT,0.4438,257.0,0.4437,5106.0,0.4439,2159.0,0.444,11663.0
1753531577715,12:06:17.715,ARB/USDT:USDT,0.4438,257.0,0.4437,5106.0,0.4439,2159.0,0.444,11663.0
1753531578123,12:06:18.123,ARB/USDT:USDT,0.4438,186.0,0.4437,5106.0,0.4439,3120.0,0.444,13685.0
1753531578210,12:06:18.210,ARB/USDT:USDT,0.4438,186.0,0.4437,5106.0,0.4439,3033.0,0.444,13685.0
1753531578570,12:06:18.570,ARB/USDT:USDT,0.4438,57.0,0.4437,5106.0,0.4439,3033.0,0.444,13685.0
1753531579701,12:06:19.701,ARB/USDT:USDT,0.4438,57.0,0.4437,5106.0,0.4439,3207.0,0.444,13685.0
1753531579719,12:06:19.719,ARB/USDT:USDT,0.4438,57.0,0.4437,5106.0,0.4439,3033.0,0.444,13685.0
1753531579901,12:06:19.901,ARB/USDT:USDT,0.4438,57.0,0.4437,5106.0,0.4439,3120.0,0.444,13685.0
1753531580250,12:06:20.250,ARB/USDT:USDT,0.4438,57.0,0.4437,5106.0,0.4439,3120.0,0.444,13685.0
1753531580669,12:06:20.669,ARB/USDT:USDT,0.4438,57.0,0.4437,5106.0,0.4439,3033.0,0.444,13685.0
1753531581145,12:06:21.145,ARB/USDT:USDT,0.4438,57.0,0.4437,5106.0,0.4439,3033.0,0.444,13685.0
1753531581313,12:06:21.313,ARB/USDT:USDT,0.4438,57.0,0.4437,5106.0,0.4439,3033.0,0.444,13685.0
1753531581538,12:06:21.538,ARB/USDT:USDT,0.4438,57.0,0.4437,5106.0,0.4439,3033.0,0.444,13685.0
1753531581722,12:06:21.722,ARB/USDT:USDT,0.4438,57.0,0.4437,5106.0,0.4439,3207.0,0.444,13685.0
1753531581812,12:06:21.812,ARB/USDT:USDT,0.4438,57.0,0.4437,4207.0,0.4439,3207.0,0.444,14584.0
1753531581991,12:06:21.991,ARB/USDT:USDT,0.4438,57.0,0.4437,3720.0,0.4439,3207.0,0.444,14584.0
1753531583269,12:06:23.269,ARB/USDT:USDT,0.4438,129.0,0.4437,3720.0,0.4439,3120.0,0.444,15315.0
1753531583685,12:06:23.685,ARB/USDT:USDT,0.4438,129.0,0.4437,3720.0,0.4439,3207.0,0.444,15315.0
1753531583950,12:06:23.950,ARB/USDT:USDT,0.4438,129.0,0.4437,3720.0,0.4439,3207.0,0.444,15315.0
1753531584289,12:06:24.289,ARB/USDT:USDT,0.4437,629.0,0.4436,4464.0,0.4439,6983.0,0.444,15315.0
1753531584314,12:06:24.314,ARB/USDT:USDT,0.4437,629.0,0.4436,4464.0,0.4439,7063.0,0.444,15315.0
1753531584490,12:06:24.490,ARB/USDT:USDT,0.4437,1203.0,0.4436,4464.0,0.4439,6976.0,0.444,15315.0
1753531584551,12:06:24.551,ARB/USDT:USDT,0.4437,1116.0,0.4436,4464.0,0.4439,7063.0,0.444,15315.0
1753531586115,12:06:26.115,ARB/USDT:USDT,0.4437,1187.0,0.4436,4464.0,0.4439,7063.0,0.444,15315.0
1753531586292,12:06:26.292,ARB/USDT:USDT,0.4437,700.0,0.4436,4464.0,0.4439,7063.0,0.444,15315.0
1753531586458,12:06:26.458,ARB/USDT:USDT,0.4437,1361.0,0.4436,4464.0,0.4439,6976.0,0.444,15315.0
1753531586573,12:06:26.573,ARB/USDT:USDT,0.4437,1361.0,0.4436,4464.0,0.4439,6976.0,0.444,15315.0
1753531586614,12:06:26.614,ARB/USDT:USDT,0.4437,1187.0,0.4436,4464.0,0.4439,7063.0,0.444,15315.0
1753531587096,12:06:27.096,ARB/USDT:USDT,0.4437,500.0,0.4436,4239.0,0.4439,7375.0,0.444,15315.0
1753531587126,12:06:27.126,ARB/USDT:USDT,0.4437,500.0,0.4436,4239.0,0.4439,7375.0,0.444,15315.0
1753531587218,12:06:27.218,ARB/USDT:USDT,0.4437,500.0,0.4436,4239.0,0.4439,7875.0,0.444,15315.0
1753531587557,12:06:27.557,ARB/USDT:USDT,0.4437,500.0,0.4436,4239.0,0.4439,7875.0,0.444,16676.0
1753531588004,12:06:28.004,ARB/USDT:USDT,0.4437,500.0,0.4436,4239.0,0.4439,7875.0,0.444,16676.0
1753531588462,12:06:28.462,ARB/USDT:USDT,0.4437,500.0,0.4436,4239.0,0.4439,7875.0,0.444,16676.0
1753531590106,12:06:30.106,ARB/USDT:USDT,0.4436,500.0,0.4435,10547.0,0.4438,919.0,0.4439,7875.0
1753531590191,12:06:30.191,ARB/USDT:USDT,0.4436,500.0,0.4435,5265.0,0.4438,2849.0,0.4439,9960.0
1753531590568,12:06:30.568,ARB/USDT:USDT,0.4436,500.0,0.4435,5265.0,0.4438,2836.0,0.4439,9960.0
1753531590983,12:06:30.983,ARB/USDT:USDT,0.4436,500.0,0.4435,5265.0,0.4438,2836.0,0.4439,9960.0
1753531592170,12:06:32.170,ARB/USDT:USDT,0.4436,500.0,0.4435,5265.0,0.4438,13949.0,0.4439,6821.0
1753531592418,12:06:32.418,ARB/USDT:USDT,0.4436,500.0,0.4435,5265.0,0.4438,13949.0,0.4439,6821.0
1753531592603,12:06:32.603,ARB/USDT:USDT,0.4436,500.0,0.4435,4776.0,0.4438,15629.0,0.4439,9070.0
1753531593019,12:06:33.019,ARB/USDT:USDT,0.4436,500.0,0.4435,3835.0,0.4437,1980.0,0.4438,14575.0
1753531593156,12:06:33.156,ARB/USDT:USDT,0.4436,500.0,0.4435,3835.0,0.4437,1980.0,0.4438,14575.0
1753531593405,12:06:33.405,ARB/USDT:USDT,0.4435,500.0,0.4434,5797.0,0.4437,5927.0,0.4438,14575.0
1753531593499,12:06:33.499,ARB/USDT:USDT,0.4435,500.0,0.4434,5797.0,0.4437,5920.0,0.4438,15821.0
1753531593562,12:06:33.562,ARB/USDT:USDT,0.4435,500.0,0.4434,5797.0,0.4437,5920.0,0.4438,15821.0
1753531594094,12:06:34.094,ARB/USDT:USDT,0.4435,500.0,0.4434,5797.0,0.4437,5833.0,0.4438,15821.0
1753531596302,12:06:36.302,ARB/USDT:USDT,0.4435,57.0,0.4434,5626.0,0.4436,887.0,0.4437,5091.0
1753531596309,12:06:36.309,ARB/USDT:USDT,0.4435,57.0,0.4434,5626.0,0.4436,887.0,0.4437,5091.0
1753531596425,12:06:36.425,ARB/USDT:USDT,0.4435,186.0,0.4434,5626.0,0.4436,887.0,0.4437,5091.0
1753531596949,12:06:36.949,ARB/USDT:USDT,0.4435,186.0,0.4434,5626.0,0.4436,887.0,0.4437,5091.0
1753531597103,12:06:37.103,ARB/USDT:USDT,0.4435,186.0,0.4434,5626.0,0.4436,887.0,0.4437,5091.0
1753531597350,12:06:37.350,ARB/USDT:USDT,0.4434,2778.0,0.4433,9381.0,0.4436,887.0,0.4437,5091.0
1753531597424,12:06:37.424,ARB/USDT:USDT,0.4434,2952.0,0.4433,9381.0,0.4436,893.0,0.4437,5091.0
1753531597518,12:06:37.518,ARB/USDT:USDT,0.4434,2952.0,0.4433,9381.0,0.4436,893.0,0.4437,5091.0
1753531597785,12:06:37.785,ARB/USDT:USDT,0.4434,2952.0,0.4433,9381.0,0.4436,893.0,0.4437,5091.0
1753531597990,12:06:37.990,ARB/USDT:USDT,0.4435,399.0,0.4434,6277.0,0.4436,893.0,0.4437,5091.0
1753531598074,12:06:38.074,ARB/USDT:USDT,0.4434,1491.0,0.4433,9381.0,0.4436,887.0,0.4437,5091.0
1753531598707,12:06:38.707,ARB/USDT:USDT,0.4435,399.0,0.4434,5861.0,0.4436,887.0,0.4437,5091.0
1753531598741,12:06:38.741,ARB/USDT:USDT,0.4435,399.0,0.4434,5861.0,0.4436,887.0,0.4437,5091.0
1753531599469,12:06:39.469,ARB/USDT:USDT,0.4435,470.0,0.4434,5790.0,0.4436,13.0,0.4437,5091.0
1753531599551,12:06:39.551,ARB/USDT:USDT,0.4435,557.0,0.4434,9861.0,0.4436,13.0,0.4437,5091.0
1753531599750,12:06:39.750,ARB/USDT:USDT,0.4435,470.0,0.4434,5703.0,0.4436,13.0,0.4437,5091.0
1753531599894,12:06:39.894,ARB/USDT:USDT,0.4435,557.0,0.4434,5703.0,0.4436,13.0,0.4437,5091.0
1753531600003,12:06:40.003,ARB/USDT:USDT,0.4435,1494.0,0.4434,9774.0,0.4436,13.0,0.4437,4172.0
1753531600073,12:06:40.073,ARB/USDT:USDT,0.4435,2081.0,0.4434,9774.0,0.4436,13.0,0.4437,4172.0
1753531600190,12:06:40.190,ARB/USDT:USDT,0.4435,4752.0,0.4434,10898.0,0.4438,13656.0,0.4439,11176.0
1753531600884,12:06:40.884,ARB/USDT:USDT,0.4436,1164.0,0.4435,7520.0,0.4437,3.0,0.4438,12237.0
1753531600974,12:06:40.974,ARB/USDT:USDT,0.4436,1251.0,0.4435,7433.0,0.4437,3.0,0.4438,12237.0
1753531601169,12:06:41.169,ARB/USDT:USDT,0.4436,1664.0,0.4435,7433.0,0.4437,3.0,0.4438,11665.0
1753531601590,12:06:41.590,ARB/USDT:USDT,0.4436,1751.0,0.4435,22377.0,0.4437,3.0,0.4438,12355.0
1753531601632,12:06:41.632,ARB/USDT:USDT,0.4436,1751.0,0.4435,22377.0,0.4437,3.0,0.4438,12355.0
1753531601805,12:06:41.805,ARB/USDT:USDT,0.4436,1664.0,0.4435,22377.0,0.4437,3.0,0.4438,12355.0
1753531601809,12:06:41.809,ARB/USDT:USDT,0.4436,1577.0,0.4435,22377.0,0.4437,3.0,0.4438,12355.0
1753531601998,12:06:41.998,ARB/USDT:USDT,0.4436,1577.0,0.4435,22377.0,0.4437,3.0,0.4438,12355.0
1753531602051,12:06:42.051,ARB/USDT:USDT,0.4436,1577.0,0.4435,22377.0,0.4437,3.0,0.4438,11665.0
1753531602139,12:06:42.139,ARB/USDT:USDT,0.4436,1577.0,0.4435,22377.0,0.4437,3.0,0.4438,11665.0
1753531602545,12:06:42.545,ARB/USDT:USDT,0.4436,1577.0,0.4435,22377.0,0.4437,3.0,0.4438,11665.0
1753531603169,12:06:43.169,ARB/USDT:USDT,0.4436,1577.0,0.4435,22377.0,0.4437,3.0,0.4438,12186.0
1753531604004,12:06:44.004,ARB/USDT:USDT,0.4436,583.0,0.4435,22377.0,0.4437,177.0,0.4438,12186.0
1753531604021,12:06:44.021,ARB/USDT:USDT,0.4436,583.0,0.4435,22377.0,0.4437,177.0,0.4438,12186.0
1753531604197,12:06:44.197,ARB/USDT:USDT,0.4436,583.0,0.4435,22377.0,0.4437,90.0,0.4438,12186.0
1753531604403,12:06:44.403,ARB/USDT:USDT,0.4436,12.0,0.4435,21440.0,0.4437,1988.0,0.4438,12186.0
1753531604470,12:06:44.470,ARB/USDT:USDT,0.4436,12.0,0.4435,21440.0,0.4437,1988.0,0.4438,13920.0
1753531604606,12:06:44.606,ARB/USDT:USDT,0.4436,12.0,0.4435,3825.0,0.4437,2213.0,0.4438,13920.0
1753531604649,12:06:44.649,ARB/USDT:USDT,0.4436,12.0,0.4435,500.0,0.4437,2213.0,0.4438,14981.0
1753531604761,12:06:44.761,ARB/USDT:USDT,0.4435,512.0,0.4434,19865.0,0.4437,5884.0,0.4438,14981.0
1753531604816,12:06:44.816,ARB/USDT:USDT,0.4435,512.0,0.4434,19865.0,0.4437,5887.0,0.4438,14981.0
1753531605395,12:06:45.395,ARB/USDT:USDT,0.4435,512.0,0.4434,19865.0,0.4437,5800.0,0.4438,14981.0
1753531605853,12:06:45.853,ARB/USDT:USDT,0.4435,512.0,0.4434,19865.0,0.4437,5800.0,0.4438,14981.0
1753531605911,12:06:45.911,ARB/USDT:USDT,0.4435,512.0,0.4434,19865.0,0.4437,5887.0,0.4438,14981.0
1753531606067,12:06:46.067,ARB/USDT:USDT,0.4435,512.0,0.4434,19865.0,0.4437,5800.0,0.4438,14981.0
1753531606135,12:06:46.135,ARB/USDT:USDT,0.4435,512.0,0.4434,19865.0,0.4437,5800.0,0.4438,14981.0
1753531606278,12:06:46.278,ARB/USDT:USDT,0.4435,512.0,0.4434,19865.0,0.4437,5887.0,0.4438,14981.0
1753531606437,12:06:46.437,ARB/USDT:USDT,0.4435,512.0,0.4434,19865.0,0.4437,5800.0,0.4438,14981.0
1753531606578,12:06:46.578,ARB/USDT:USDT,0.4435,512.0,0.4434,19865.0,0.4437,5887.0,0.4438,14981.0
1753531606850,12:06:46.850,ARB/USDT:USDT,0.4435,512.0,0.4434,19865.0,0.4437,5887.0,0.4438,14981.0
1753531608538,12:06:48.538,ARB/USDT:USDT,0.4435,12.0,0.4434,19865.0,0.4437,6300.0,0.4438,15544.0
1753531608609,12:06:48.609,ARB/USDT:USDT,0.4435,12.0,0.4434,19865.0,0.4437,6387.0,0.4438,15544.0
1753531609289,12:06:49.289,ARB/USDT:USDT,0.4435,12.0,0.4434,19865.0,0.4437,6300.0,0.4438,15544.0
1753531609346,12:06:49.346,ARB/USDT:USDT,0.4435,12.0,0.4434,19865.0,0.4437,6387.0,0.4438,15544.0
1753531609870,12:06:49.870,ARB/USDT:USDT,0.4435,12.0,0.4434,5616.0,0.4437,6387.0,0.4438,15544.0
1753531609962,12:06:49.962,ARB/USDT:USDT,0.4435,12.0,0.4434,5616.0,0.4437,6387.0,0.4438,15544.0
1753531610204,12:06:50.204,ARB/USDT:USDT,0.4435,12.0,0.4434,5616.0,0.4437,6300.0,0.4438,15544.0
1753531610303,12:06:50.303,ARB/USDT:USDT,0.4435,951.0,0.4434,9774.0,0.4437,5363.0,0.4438,15544.0
1753531610381,12:06:50.381,ARB/USDT:USDT,0.4435,951.0,0.4434,5616.0,0.4437,5363.0,0.4438,15544.0
1753531610650,12:06:50.650,ARB/USDT:USDT,0.4435,951.0,0.4434,5616.0,0.4437,5363.0,0.4438,15544.0
1753531610993,12:06:50.993,ARB/USDT:USDT,0.4435,1038.0,0.4434,5616.0,0.4437,5276.0,0.4438,15544.0
1753531611394,12:06:51.394,ARB/USDT:USDT,0.4435,1022.0,0.4434,5616.0,0.4437,5363.0,0.4438,15544.0
1753531611499,12:06:51.499,ARB/USDT:USDT,0.4435,1022.0,0.4434,5616.0,0.4437,5276.0,0.4438,15544.0
1753531611606,12:06:51.606,ARB/USDT:USDT,0.4435,1022.0,0.4434,5616.0,0.4437,5445.0,0.4438,15544.0
1753531611849,12:06:51.849,ARB/USDT:USDT,0.4436,198.0,0.4435,4335.0,0.4437,1602.0,0.4438,15544.0
1753531612003,12:06:52.003,ARB/USDT:USDT,0.4436,198.0,0.4435,4335.0,0.4437,1689.0,0.4438,14981.0
1753531612010,12:06:52.010,ARB/USDT:USDT,0.4436,198.0,0.4435,4335.0,0.4437,1689.0,0.4438,14981.0
1753531612201,12:06:52.201,ARB/USDT:USDT,0.4436,198.0,0.4435,4335.0,0.4437,1602.0,0.4438,14981.0
1753531612991,12:06:52.991,ARB/USDT:USDT,0.4436,285.0,0.4435,5098.0,0.4437,877.0,0.4438,14981.0
1753531613264,12:06:53.264,ARB/USDT:USDT,0.4436,198.0,0.4435,5098.0,0.4437,877.0,0.4438,13953.0
1753531613560,12:06:53.560,ARB/USDT:USDT,0.4436,69.0,0.4435,5098.0,0.4437,1051.0,0.4438,13953.0
1753531613669,12:06:53.669,ARB/USDT:USDT,0.4436,69.0,0.4435,4335.0,0.4437,1051.0,0.4438,15183.0
1753531614540,12:06:54.540,ARB/USDT:USDT,0.4436,12.0,0.4435,4335.0,0.4437,964.0,0.4438,15183.0
1753531614611,12:06:54.611,ARB/USDT:USDT,0.4436,12.0,0.4435,4335.0,0.4437,1051.0,0.4438,15183.0
1753531614807,12:06:54.807,ARB/USDT:USDT,0.4436,69.0,0.4435,4335.0,0.4437,877.0,0.4438,15183.0
1753531614810,12:06:54.810,ARB/USDT:USDT,0.4436,198.0,0.4435,5098.0,0.4437,877.0,0.4438,15183.0
1753531615270,12:06:55.270,ARB/USDT:USDT,0.4436,69.0,0.4435,4335.0,0.4437,877.0,0.4438,15183.0
1753531615350,12:06:55.350,ARB/USDT:USDT,0.4436,69.0,0.4435,5098.0,0.4437,877.0,0.4438,15183.0
1753531615449,12:06:55.449,ARB/USDT:USDT,0.4436,69.0,0.4435,5098.0,0.4437,877.0,0.4438,15183.0
1753531617330,12:06:57.330,ARB/USDT:USDT,0.4436,69.0,0.4435,5098.0,0.4437,964.0,0.4438,15183.0
1753531617410,12:06:57.410,ARB/USDT:USDT,0.4436,69.0,0.4435,5098.0,0.4437,877.0,0.4438,15183.0
1753531617540,12:06:57.540,ARB/USDT:USDT,0.4436,69.0,0.4435,5098.0,0.4437,877.0,0.4438,15183.0
1753531617962,12:06:57.962,ARB/USDT:USDT,0.4436,12.0,0.4435,5098.0,0.4437,964.0,0.4438,15183.0
1753531618370,12:06:58.370,ARB/USDT:USDT,0.4436,198.0,0.4435,5098.0,0.4437,877.0,0.4438,15183.0
1753531618601,12:06:58.601,ARB/USDT:USDT,0.4436,69.0,0.4435,5098.0,0.4437,877.0,0.4438,15183.0
1753531619576,12:06:59.576,ARB/USDT:USDT,0.4436,12.0,0.4435,5098.0,0.4437,877.0,0.4438,15183.0
1753531621561,12:07:01.561,ARB/USDT:USDT,0.4435,12.0,0.4434,19436.0,0.4437,7720.0,0.4438,27829.0
1753531621610,12:07:01.610,ARB/USDT:USDT,0.4435,12.0,0.4434,19436.0,0.4437,7720.0,0.4438,27829.0
1753531621804,12:07:01.804,ARB/USDT:USDT,0.4435,99.0,0.4434,19436.0,0.4437,7720.0,0.4438,27829.0
1753531621857,12:07:01.857,ARB/USDT:USDT,0.4435,99.0,0.4434,19436.0,0.4437,7720.0,0.4438,27829.0
1753531621945,12:07:01.945,ARB/USDT:USDT,0.4435,99.0,0.4434,19436.0,0.4437,7720.0,0.4438,27829.0
1753531622099,12:07:02.099,ARB/USDT:USDT,0.4435,99.0,0.4434,19436.0,0.4437,7720.0,0.4438,27829.0
1753531622197,12:07:02.197,ARB/USDT:USDT,0.4435,12.0,0.4434,19436.0,0.4437,7807.0,0.4438,27829.0
1753531622298,12:07:02.298,ARB/USDT:USDT,0.4435,12.0,0.4434,19436.0,0.4437,7807.0,0.4438,27829.0
1753531622404,12:07:02.404,ARB/USDT:USDT,0.4435,12.0,0.4434,19436.0,0.4437,7720.0,0.4438,27829.0
1753531622460,12:07:02.460,ARB/USDT:USDT,0.4435,12.0,0.4434,19436.0,0.4437,7807.0,0.4438,27829.0
1753531622552,12:07:02.552,ARB/USDT:USDT,0.4435,12.0,0.4434,19436.0,0.4437,7807.0,0.4438,27829.0
1753531623177,12:07:03.177,ARB/USDT:USDT,0.4435,12.0,0.4434,19436.0,0.4437,8394.0,0.4438,27829.0
1753531623351,12:07:03.351,ARB/USDT:USDT,0.4435,12.0,0.4434,19436.0,0.4437,8394.0,0.4438,27829.0
1753531624025,12:07:04.025,ARB/USDT:USDT,0.4435,12.0,0.4434,19436.0,0.4437,8394.0,0.4438,27829.0
1753531624170,12:07:04.170,ARB/USDT:USDT,0.4435,12.0,0.4434,5611.0,0.4437,5460.0,0.4438,19982.0
1753531624404,12:07:04.404,ARB/USDT:USDT,0.4435,12.0,0.4434,5611.0,0.4437,5460.0,0.4438,19982.0
1753531624503,12:07:04.503,ARB/USDT:USDT,0.4435,12.0,0.4434,5611.0,0.4437,5460.0,0.4438,19982.0
1753531624517,12:07:04.517,ARB/USDT:USDT,0.4435,12.0,0.4434,5611.0,0.4437,5460.0,0.4438,19982.0
1753531624707,12:07:04.707,ARB/USDT:USDT,0.4435,12.0,0.4434,5611.0,0.4437,5373.0,0.4438,19982.0
1753531624795,12:07:04.795,ARB/USDT:USDT,0.4435,12.0,0.4434,5611.0,0.4437,5373.0,0.4438,19982.0
1753531624990,12:07:04.990,ARB/USDT:USDT,0.4435,12.0,0.4434,5611.0,0.4437,5460.0,0.4438,19982.0
1753531625390,12:07:05.390,ARB/USDT:USDT,0.4435,12.0,0.4434,5611.0,0.4437,5373.0,0.4438,19982.0
1753531625507,12:07:05.507,ARB/USDT:USDT,0.4435,12.0,0.4434,5611.0,0.4437,5373.0,0.4438,19982.0
1753531625786,12:07:05.786,ARB/USDT:USDT,0.4435,12.0,0.4434,5611.0,0.4437,5460.0,0.4438,19982.0
1753531625906,12:07:05.906,ARB/USDT:USDT,0.4435,12.0,0.4434,5611.0,0.4437,5460.0,0.4438,19982.0
1753531626286,12:07:06.286,ARB/USDT:USDT,0.4435,12.0,0.4434,5611.0,0.4437,5373.0,0.4438,19982.0
1753531626505,12:07:06.505,ARB/USDT:USDT,0.4435,12.0,0.4434,5611.0,0.4437,5460.0,0.4438,19982.0
1753531626579,12:07:06.579,ARB/USDT:USDT,0.4435,12.0,0.4434,5611.0,0.4437,5373.0,0.4438,19982.0
1753531626632,12:07:06.632,ARB/USDT:USDT,0.4435,12.0,0.4434,5611.0,0.4437,5373.0,0.4438,19982.0
1753531626735,12:07:06.735,ARB/USDT:USDT,0.4435,12.0,0.4434,5611.0,0.4437,5373.0,0.4438,19982.0
1753531627038,12:07:07.038,ARB/USDT:USDT,0.4435,12.0,0.4434,5611.0,0.4437,5373.0,0.4438,19982.0
1753531627301,12:07:07.301,ARB/USDT:USDT,0.4435,12.0,0.4434,5611.0,0.4437,5373.0,0.4438,19982.0
1753531627364,12:07:07.364,ARB/USDT:USDT,0.4435,12.0,0.4434,5611.0,0.4437,5460.0,0.4438,19982.0
1753531627489,12:07:07.489,ARB/USDT:USDT,0.4435,12.0,0.4434,5611.0,0.4437,5460.0,0.4438,19982.0
1753531627603,12:07:07.603,ARB/USDT:USDT,0.4435,12.0,0.4434,5611.0,0.4437,6023.0,0.4438,19419.0
1753531627693,12:07:07.693,ARB/USDT:USDT,0.4435,12.0,0.4434,5611.0,0.4437,6023.0,0.4438,19419.0
1753531627744,12:07:07.744,ARB/USDT:USDT,0.4435,12.0,0.4434,5611.0,0.4437,6023.0,0.4438,19419.0
1753531627889,12:07:07.889,ARB/USDT:USDT,0.4435,12.0,0.4434,5611.0,0.4437,6023.0,0.4438,19419.0
1753531627971,12:07:07.971,ARB/USDT:USDT,0.4435,12.0,0.4434,5611.0,0.4437,6023.0,0.4438,19419.0
1753531628034,12:07:08.034,ARB/USDT:USDT,0.4435,12.0,0.4434,5611.0,0.4437,5460.0,0.4438,19982.0
1753531628135,12:07:08.135,ARB/USDT:USDT,0.4435,12.0,0.4434,5611.0,0.4437,5460.0,0.4438,19982.0
1753531628270,12:07:08.270,ARB/USDT:USDT,0.4435,12.0,0.4434,5611.0,0.4437,5373.0,0.4438,19982.0
1753531628345,12:07:08.345,ARB/USDT:USDT,0.4435,12.0,0.4434,5611.0,0.4437,5460.0,0.4438,19982.0
1753531628496,12:07:08.496,ARB/USDT:USDT,0.4435,12.0,0.4434,5611.0,0.4437,5460.0,0.4438,19982.0
1753531628591,12:07:08.591,ARB/USDT:USDT,0.4435,12.0,0.4434,5611.0,0.4437,5460.0,0.4438,19982.0
1753531628755,12:07:08.755,ARB/USDT:USDT,0.4435,12.0,0.4434,5611.0,0.4437,5460.0,0.4438,19982.0
1753531628882,12:07:08.882,ARB/USDT:USDT,0.4435,12.0,0.4434,5611.0,0.4437,5460.0,0.4438,19982.0
1753531628930,12:07:08.930,ARB/USDT:USDT,0.4435,12.0,0.4434,5611.0,0.4437,5460.0,0.4438,19982.0
1753531629104,12:07:09.104,ARB/USDT:USDT,0.4435,12.0,0.4434,5611.0,0.4437,5373.0,0.4438,19982.0
1753531629198,12:07:09.198,ARB/USDT:USDT,0.4435,12.0,0.4434,5611.0,0.4437,5460.0,0.4438,19982.0
1753531629210,12:07:09.210,ARB/USDT:USDT,0.4435,12.0,0.4434,5611.0,0.4437,5460.0,0.4438,19982.0
1753531629399,12:07:09.399,ARB/USDT:USDT,0.4435,12.0,0.4434,9769.0,0.4437,5286.0,0.4438,19982.0
1753531629429,12:07:09.429,ARB/USDT:USDT,0.4435,12.0,0.4434,9769.0,0.4437,5286.0,0.4438,19982.0
1753531629543,12:07:09.543,ARB/USDT:USDT,0.4435,12.0,0.4434,9769.0,0.4437,5286.0,0.4438,19982.0
1753531629797,12:07:09.797,ARB/USDT:USDT,0.4435,99.0,0.4434,9769.0,0.4437,5286.0,0.4438,19982.0
1753531629889,12:07:09.889,ARB/USDT:USDT,0.4435,99.0,0.4434,9769.0,0.4437,5286.0,0.4438,19982.0
1753531630075,12:07:10.075,ARB/USDT:USDT,0.4435,12.0,0.4434,9769.0,0.4437,5460.0,0.4438,19982.0
1753531630202,12:07:10.202,ARB/USDT:USDT,0.4435,12.0,0.4434,9769.0,0.4437,5460.0,0.4438,19982.0
1753531630271,12:07:10.271,ARB/USDT:USDT,0.4435,12.0,0.4434,9769.0,0.4437,5286.0,0.4438,19982.0
1753531630385,12:07:10.385,ARB/USDT:USDT,0.4435,12.0,0.4434,9769.0,0.4437,5286.0,0.4438,19982.0
1753531630478,12:07:10.478,ARB/USDT:USDT,0.4435,12.0,0.4434,9769.0,0.4437,5373.0,0.4438,19982.0
1753531630602,12:07:10.602,ARB/USDT:USDT,0.4435,12.0,0.4434,9769.0,0.4437,5286.0,0.4438,19982.0
1753531630737,12:07:10.737,ARB/USDT:USDT,0.4435,12.0,0.4434,9769.0,0.4437,5286.0,0.4438,19982.0
1753531630829,12:07:10.829,ARB/USDT:USDT,0.4435,12.0,0.4434,9769.0,0.4437,5286.0,0.4438,19982.0
1753531630990,12:07:10.990,ARB/USDT:USDT,0.4435,99.0,0.4434,9769.0,0.4437,5286.0,0.4438,19982.0
1753531631106,12:07:11.106,ARB/USDT:USDT,0.4435,99.0,0.4434,9769.0,0.4437,5286.0,0.4438,19982.0
1753531631159,12:07:11.159,ARB/USDT:USDT,0.4435,951.0,0.4434,5611.0,0.4437,5286.0,0.4438,19982.0
1753531631306,12:07:11.306,ARB/USDT:USDT,0.4435,951.0,0.4434,5611.0,0.4437,5286.0,0.4438,19982.0
1753531631330,12:07:11.330,ARB/USDT:USDT,0.4435,951.0,0.4434,5611.0,0.4437,5286.0,0.4438,19982.0
1753531631413,12:07:11.413,ARB/USDT:USDT,0.4435,951.0,0.4434,5611.0,0.4437,5373.0,0.4438,19982.0
1753531631584,12:07:11.584,ARB/USDT:USDT,0.4435,951.0,0.4434,5611.0,0.4437,5373.0,0.4438,19982.0
1753531631686,12:07:11.686,ARB/USDT:USDT,0.4435,951.0,0.4434,5611.0,0.4437,5373.0,0.4438,19982.0
1753531631729,12:07:11.729,ARB/USDT:USDT,0.4435,951.0,0.4434,5611.0,0.4437,5460.0,0.4438,19982.0
1753531631869,12:07:11.869,ARB/USDT:USDT,0.4435,12.0,0.4434,5611.0,0.4437,5286.0,0.4438,19982.0
1753531632005,12:07:12.005,ARB/USDT:USDT,0.4435,12.0,0.4434,9769.0,0.4437,5286.0,0.4438,19982.0
1753531632101,12:07:12.101,ARB/USDT:USDT,0.4435,186.0,0.4434,9769.0,0.4437,5286.0,0.4438,19982.0
1753531632146,12:07:12.146,ARB/USDT:USDT,0.4436,129.0,0.4435,3332.0,0.4437,1605.0,0.4438,19982.0
1753531632220,12:07:12.220,ARB/USDT:USDT,0.4436,129.0,0.4435,3332.0,0.4437,1602.0,0.4438,19982.0
1753531632402,12:07:12.402,ARB/USDT:USDT,0.4435,12.0,0.4434,9769.0,0.4437,5852.0,0.4438,19982.0
1753531632503,12:07:12.503,ARB/USDT:USDT,0.4435,99.0,0.4434,9769.0,0.4437,5855.0,0.4438,19982.0
1753531632602,12:07:12.602,ARB/USDT:USDT,0.4435,12.0,0.4434,9769.0,0.4437,5677.0,0.4438,19982.0
1753531632701,12:07:12.701,ARB/USDT:USDT,0.4435,186.0,0.4434,9769.0,0.4437,5677.0,0.4438,19982.0
1753531632787,12:07:12.787,ARB/USDT:USDT,0.4435,99.0,0.4434,9769.0,0.4437,5677.0,0.4438,19982.0
1753531632895,12:07:12.895,ARB/USDT:USDT,0.4435,99.0,0.4434,9769.0,0.4437,5677.0,0.4438,19982.0
1753531633193,12:07:13.193,ARB/USDT:USDT,0.4436,186.0,0.4435,5690.0,0.4437,1380.0,0.4438,7503.0
1753531633298,12:07:13.298,ARB/USDT:USDT,0.4436,186.0,0.4435,5690.0,0.4437,12495.0,0.4438,7503.0
1753531633399,12:07:13.399,ARB/USDT:USDT,0.4436,186.0,0.4435,5690.0,0.4437,877.0,0.4438,7503.0
1753531633491,12:07:13.491,ARB/USDT:USDT,0.4436,186.0,0.4435,5690.0,0.4437,877.0,0.4438,18619.0
1753531633680,12:07:13.680,ARB/USDT:USDT,0.4436,186.0,0.4435,5690.0,0.4437,877.0,0.4438,18619.0
1753531633877,12:07:13.877,ARB/USDT:USDT,0.4436,186.0,0.4435,5690.0,0.4437,877.0,0.4438,18619.0
1753531633947,12:07:13.947,ARB/USDT:USDT,0.4436,186.0,0.4435,5690.0,0.4437,877.0,0.4438,18619.0
1753531634044,12:07:14.044,ARB/USDT:USDT,0.4436,186.0,0.4435,5690.0,0.4437,877.0,0.4438,18056.0
1753531634151,12:07:14.151,ARB/USDT:USDT,0.4436,186.0,0.4435,5690.0,0.4437,877.0,0.4438,18056.0
1753531634251,12:07:14.251,ARB/USDT:USDT,0.4436,186.0,0.4435,5690.0,0.4437,877.0,0.4438,18056.0
1753531634384,12:07:14.384,ARB/USDT:USDT,0.4436,186.0,0.4435,5690.0,0.4437,877.0,0.4438,18056.0
1753531634503,12:07:14.503,ARB/USDT:USDT,0.4436,186.0,0.4435,5690.0,0.4437,877.0,0.4438,18056.0
1753531634593,12:07:14.593,ARB/USDT:USDT,0.4436,186.0,0.4435,5690.0,0.4437,877.0,0.4438,18056.0
1753531634634,12:07:14.634,ARB/USDT:USDT,0.4436,186.0,0.4435,5690.0,0.4437,877.0,0.4438,18056.0
1753531634806,12:07:14.806,ARB/USDT:USDT,0.4436,186.0,0.4435,5690.0,0.4437,877.0,0.4438,18056.0
1753531634904,12:07:14.904,ARB/USDT:USDT,0.4435,12.0,0.4434,5859.0,0.4437,5662.0,0.4438,18056.0
1753531635005,12:07:15.005,ARB/USDT:USDT,0.4435,12.0,0.4434,4735.0,0.4437,5890.0,0.4438,19404.0
1753531635029,12:07:15.029,ARB/USDT:USDT,0.4435,12.0,0.4434,5606.0,0.4437,5890.0,0.4438,19404.0
1753531635191,12:07:15.191,ARB/USDT:USDT,0.4436,129.0,0.4435,4746.0,0.4437,1105.0,0.4438,19404.0
1753531635275,12:07:15.275,ARB/USDT:USDT,0.4436,129.0,0.4435,3327.0,0.4437,1102.0,0.4438,18056.0
1753531635404,12:07:15.404,ARB/USDT:USDT,0.4435,12.0,0.4434,2291.0,0.4437,4774.0,0.4438,18056.0
1753531635470,12:07:15.470,ARB/USDT:USDT,0.4435,12.0,0.4434,5606.0,0.4437,4777.0,0.4438,18056.0
1753531635587,12:07:15.587,ARB/USDT:USDT,0.4435,1518.0,0.4434,5606.0,0.4437,4777.0,0.4438,18056.0
1753531635649,12:07:15.649,ARB/USDT:USDT,0.4435,1518.0,0.4434,5606.0,0.4437,4777.0,0.4438,18056.0
1753531635806,12:07:15.806,ARB/USDT:USDT,0.4435,1431.0,0.4434,5606.0,0.4437,4777.0,0.4438,18056.0
1753531635999,12:07:15.999,ARB/USDT:USDT,0.4435,1431.0,0.4434,5606.0,0.4437,4864.0,0.4438,18056.0
1753531636040,12:07:16.040,ARB/USDT:USDT,0.4435,1431.0,0.4434,5606.0,0.4437,4777.0,0.4438,18056.0
1753531636187,12:07:16.187,ARB/USDT:USDT,0.4435,12.0,0.4434,5606.0,0.4437,4951.0,0.4438,18056.0
1753531636244,12:07:16.244,ARB/USDT:USDT,0.4435,12.0,0.4434,5606.0,0.4437,4951.0,0.4438,18056.0
1753531636372,12:07:16.372,ARB/USDT:USDT,0.4435,12.0,0.4434,5606.0,0.4437,4951.0,0.4438,18056.0
1753531636432,12:07:16.432,ARB/USDT:USDT,0.4435,12.0,0.4434,5606.0,0.4437,4951.0,0.4438,18056.0
1753531636694,12:07:16.694,ARB/USDT:USDT,0.4435,12.0,0.4434,5606.0,0.4437,4951.0,0.4438,18056.0
1753531636774,12:07:16.774,ARB/USDT:USDT,0.4435,12.0,0.4434,5606.0,0.4437,4951.0,0.4438,18056.0
1753531636981,12:07:16.981,ARB/USDT:USDT,0.4435,12.0,0.4434,5606.0,0.4437,4777.0,0.4438,18056.0
1753531637058,12:07:17.058,ARB/USDT:USDT,0.4435,12.0,0.4434,5606.0,0.4437,4864.0,0.4438,18056.0
1753531637178,12:07:17.178,ARB/USDT:USDT,0.4435,12.0,0.4434,5606.0,0.4437,4864.0,0.4438,18056.0
1753531637295,12:07:17.295,ARB/USDT:USDT,0.4435,12.0,0.4434,5606.0,0.4437,4864.0,0.4438,18056.0
1753531637404,12:07:17.404,ARB/USDT:USDT,0.4435,12.0,0.4434,5606.0,0.4437,4864.0,0.4438,18056.0
1753531637557,12:07:17.557,ARB/USDT:USDT,0.4435,12.0,0.4434,5606.0,0.4437,4951.0,0.4438,18056.0
1753531637662,12:07:17.662,ARB/USDT:USDT,0.4435,12.0,0.4434,5606.0,0.4437,4951.0,0.4438,18056.0
1753531637762,12:07:17.762,ARB/USDT:USDT,0.4435,12.0,0.4434,5606.0,0.4437,4951.0,0.4438,18056.0
1753531637814,12:07:17.814,ARB/USDT:USDT,0.4435,12.0,0.4434,5606.0,0.4437,4951.0,0.4438,18056.0
1753531637950,12:07:17.950,ARB/USDT:USDT,0.4435,12.0,0.4434,5606.0,0.4437,4951.0,0.4438,18056.0
1753531638058,12:07:18.058,ARB/USDT:USDT,0.4435,12.0,0.4434,5606.0,0.4437,4951.0,0.4438,18056.0
1753531638158,12:07:18.158,ARB/USDT:USDT,0.4435,12.0,0.4434,5606.0,0.4437,4951.0,0.4438,18056.0
1753531638275,12:07:18.275,ARB/USDT:USDT,0.4435,12.0,0.4434,5606.0,0.4437,4951.0,0.4438,18056.0
1753531638405,12:07:18.405,ARB/USDT:USDT,0.4435,12.0,0.4434,5606.0,0.4437,4951.0,0.4438,18056.0
1753531638539,12:07:18.539,ARB/USDT:USDT,0.4435,12.0,0.4434,5606.0,0.4437,4951.0,0.4438,18056.0
1753531638676,12:07:18.676,ARB/USDT:USDT,0.4435,12.0,0.4434,5606.0,0.4437,5451.0,0.4438,18056.0
1753531638786,12:07:18.786,ARB/USDT:USDT,0.4435,12.0,0.4434,5606.0,0.4437,5451.0,0.4438,18056.0
1753531639023,12:07:19.023,ARB/USDT:USDT,0.4435,12.0,0.4434,5606.0,0.4437,5451.0,0.4438,18056.0
1753531639206,12:07:19.206,ARB/USDT:USDT,0.4435,12.0,0.4434,5606.0,0.4437,5451.0,0.4438,18056.0
1753531639306,12:07:19.306,ARB/USDT:USDT,0.4435,12.0,0.4434,5606.0,0.4437,5451.0,0.4438,18056.0
1753531639405,12:07:19.405,ARB/USDT:USDT,0.4435,12.0,0.4434,5606.0,0.4437,5277.0,0.4438,19418.0
1753531639482,12:07:19.482,ARB/USDT:USDT,0.4435,12.0,0.4434,5606.0,0.4437,5277.0,0.4438,19418.0
1753531639584,12:07:19.584,ARB/USDT:USDT,0.4435,12.0,0.4434,5606.0,0.4437,5277.0,0.4438,19418.0
1753531639692,12:07:19.692,ARB/USDT:USDT,0.4435,12.0,0.4434,5606.0,0.4437,5451.0,0.4438,19418.0
1753531639797,12:07:19.797,ARB/USDT:USDT,0.4435,12.0,0.4434,5606.0,0.4437,5451.0,0.4438,19418.0
1753531639908,12:07:19.908,ARB/USDT:USDT,0.4435,12.0,0.4434,5606.0,0.4437,5451.0,0.4438,19418.0
1753531639908,12:07:19.908,ARB/USDT:USDT,0.4435,12.0,0.4434,5606.0,0.4437,5451.0,0.4438,19418.0
1753531640090,12:07:20.090,ARB/USDT:USDT,0.4435,12.0,0.4434,5606.0,0.4437,5451.0,0.4438,19418.0
1753531640189,12:07:20.189,ARB/USDT:USDT,0.4435,12.0,0.4434,5606.0,0.4437,5451.0,0.4438,19418.0
1753531640283,12:07:20.283,ARB/USDT:USDT,0.4435,12.0,0.4434,5606.0,0.4437,5451.0,0.4438,19418.0
1753531640383,12:07:20.383,ARB/USDT:USDT,0.4435,12.0,0.4434,5606.0,0.4437,5451.0,0.4438,19418.0
1753531640502,12:07:20.502,ARB/USDT:USDT,0.4435,12.0,0.4434,5606.0,0.4437,5451.0,0.4438,19418.0
1753531640602,12:07:20.602,ARB/USDT:USDT,0.4435,12.0,0.4434,5606.0,0.4437,5451.0,0.4438,19418.0
1753531640648,12:07:20.648,ARB/USDT:USDT,0.4435,12.0,0.4434,5606.0,0.4437,5451.0,0.4438,19418.0
1753531640863,12:07:20.863,ARB/USDT:USDT,0.4435,12.0,0.4434,5606.0,0.4437,5277.0,0.4438,19418.0
1753531641004,12:07:21.004,ARB/USDT:USDT,0.4435,12.0,0.4434,5606.0,0.4437,5277.0,0.4438,19981.0
1753531641069,12:07:21.069,ARB/USDT:USDT,0.4435,12.0,0.4434,5606.0,0.4437,5451.0,0.4438,19981.0
1753531641204,12:07:21.204,ARB/USDT:USDT,0.4435,12.0,0.4434,5606.0,0.4437,5451.0,0.4438,19981.0
1753531641284,12:07:21.284,ARB/USDT:USDT,0.4435,12.0,0.4434,5606.0,0.4437,5451.0,0.4438,19981.0
1753531641449,12:07:21.449,ARB/USDT:USDT,0.4435,12.0,0.4434,5606.0,0.4437,5451.0,0.4438,19981.0
1753531641600,12:07:21.600,ARB/USDT:USDT,0.4435,12.0,0.4434,5606.0,0.4437,5451.0,0.4438,19981.0
1753531641685,12:07:21.685,ARB/USDT:USDT,0.4435,12.0,0.4434,5606.0,0.4437,5451.0,0.4438,19981.0
1753531641776,12:07:21.776,ARB/USDT:USDT,0.4435,12.0,0.4434,5606.0,0.4437,5451.0,0.4438,19981.0
1753531641813,12:07:21.813,ARB/USDT:USDT,0.4435,12.0,0.4434,5606.0,0.4437,5451.0,0.4438,19981.0
1753531641996,12:07:21.996,ARB/USDT:USDT,0.4435,12.0,0.4434,5606.0,0.4437,5451.0,0.4438,19981.0
1753531642087,12:07:22.087,ARB/USDT:USDT,0.4435,12.0,0.4434,5606.0,0.4437,5277.0,0.4438,19981.0
1753531642306,12:07:22.306,ARB/USDT:USDT,0.4435,12.0,0.4434,5606.0,0.4437,5451.0,0.4438,19981.0
1753531642351,12:07:22.351,ARB/USDT:USDT,0.4435,12.0,0.4434,5606.0,0.4437,5451.0,0.4438,19981.0
1753531642413,12:07:22.413,ARB/USDT:USDT,0.4435,12.0,0.4434,5606.0,0.4437,5451.0,0.4438,19981.0
1753531642563,12:07:22.563,ARB/USDT:USDT,0.4435,12.0,0.4434,5606.0,0.4437,5451.0,0.4438,19981.0
1753531642686,12:07:22.686,ARB/USDT:USDT,0.4435,99.0,0.4434,5606.0,0.4437,5277.0,0.4438,19981.0
1753531642761,12:07:22.761,ARB/USDT:USDT,0.4435,186.0,0.4434,9764.0,0.4437,5277.0,0.4438,19981.0
1753531642976,12:07:22.976,ARB/USDT:USDT,0.4435,99.0,0.4434,9764.0,0.4437,5277.0,0.4438,19981.0
1753531643040,12:07:23.040,ARB/USDT:USDT,0.4435,99.0,0.4434,9764.0,0.4437,5277.0,0.4438,19981.0
1753531643188,12:07:23.188,ARB/USDT:USDT,0.4435,186.0,0.4434,9764.0,0.4437,5277.0,0.4438,19981.0
1753531643390,12:07:23.390,ARB/USDT:USDT,0.4435,12.0,0.4434,5606.0,0.4437,5451.0,0.4438,19981.0
1753531643489,12:07:23.489,ARB/USDT:USDT,0.4435,12.0,0.4434,9764.0,0.4437,5277.0,0.4438,19981.0
1753531643589,12:07:23.589,ARB/USDT:USDT,0.4435,12.0,0.4434,9764.0,0.4437,5277.0,0.4438,19981.0
1753531643688,12:07:23.688,ARB/USDT:USDT,0.4435,12.0,0.4434,9764.0,0.4437,5364.0,0.4438,19981.0
1753531643781,12:07:23.781,ARB/USDT:USDT,0.4435,12.0,0.4434,9764.0,0.4437,5364.0,0.4438,19981.0
1753531644004,12:07:24.004,ARB/USDT:USDT,0.4435,12.0,0.4434,9764.0,0.4437,5451.0,0.4438,19418.0
1753531644024,12:07:24.024,ARB/USDT:USDT,0.4435,12.0,0.4434,9764.0,0.4437,5451.0,0.4438,19418.0
1753531644200,12:07:24.200,ARB/USDT:USDT,0.4435,12.0,0.4434,9764.0,0.4437,5451.0,0.4438,19418.0
1753531644233,12:07:24.233,ARB/USDT:USDT,0.4435,12.0,0.4434,9764.0,0.4437,5451.0,0.4438,19418.0
1753531644395,12:07:24.395,ARB/USDT:USDT,0.4435,99.0,0.4434,9764.0,0.4437,5052.0,0.4438,19418.0
1753531644495,12:07:24.495,ARB/USDT:USDT,0.4435,2120.0,0.4434,5606.0,0.4437,5052.0,0.4438,19418.0
1753531644580,12:07:24.580,ARB/USDT:USDT,0.4435,1605.0,0.4434,5606.0,0.4437,5052.0,0.4438,18056.0
1753531644695,12:07:24.695,ARB/USDT:USDT,0.4436,186.0,0.4435,5029.0,0.4437,1380.0,0.4438,18056.0
1753531644782,12:07:24.782,ARB/USDT:USDT,0.4436,186.0,0.4435,5029.0,0.4437,1377.0,0.4438,18056.0
1753531644898,12:07:24.898,ARB/USDT:USDT,0.4436,186.0,0.4435,5029.0,0.4437,1377.0,0.4438,18056.0
1753531644981,12:07:24.981,ARB/USDT:USDT,0.4436,186.0,0.4435,5029.0,0.4437,1377.0,0.4438,18056.0
1753531645063,12:07:25.063,ARB/USDT:USDT,0.4436,186.0,0.4435,5029.0,0.4437,1551.0,0.4438,18056.0
1753531645158,12:07:25.158,ARB/USDT:USDT,0.4436,186.0,0.4435,5029.0,0.4437,1377.0,0.4438,18056.0
1753531645298,12:07:25.298,ARB/USDT:USDT,0.4436,186.0,0.4435,5029.0,0.4437,1377.0,0.4438,18056.0
1753531645505,12:07:25.505,ARB/USDT:USDT,0.4435,1038.0,0.4434,6730.0,0.4437,5049.0,0.4438,18056.0
1753531645590,12:07:25.590,ARB/USDT:USDT,0.4435,2544.0,0.4434,6730.0,0.4437,5052.0,0.4438,18056.0
1753531645674,12:07:25.674,ARB/USDT:USDT,0.4435,2532.0,0.4434,6730.0,0.4437,5052.0,0.4438,18056.0
1753531645836,12:07:25.836,ARB/USDT:USDT,0.4435,2532.0,0.4434,6730.0,0.4437,5052.0,0.4438,18056.0
1753531645950,12:07:25.950,ARB/USDT:USDT,0.4435,2532.0,0.4434,6730.0,0.4437,5052.0,0.4438,18056.0
1753531646098,12:07:26.098,ARB/USDT:USDT,0.4435,939.0,0.4434,6730.0,0.4437,5139.0,0.4438,18056.0
1753531646114,12:07:26.114,ARB/USDT:USDT,0.4435,951.0,0.4434,6730.0,0.4437,5052.0,0.4438,18056.0
1753531646287,12:07:26.287,ARB/USDT:USDT,0.4435,951.0,0.4434,6730.0,0.4437,5139.0,0.4438,18056.0
1753531646489,12:07:26.489,ARB/USDT:USDT,0.4435,951.0,0.4434,6730.0,0.4437,5052.0,0.4438,18056.0
1753531646512,12:07:26.512,ARB/USDT:USDT,0.4435,951.0,0.4434,6730.0,0.4437,5052.0,0.4438,18056.0
1753531646706,12:07:26.706,ARB/USDT:USDT,0.4435,2544.0,0.4434,6730.0,0.4437,5052.0,0.4438,18056.0
1753531646784,12:07:26.784,ARB/USDT:USDT,0.4435,2532.0,0.4434,6730.0,0.4437,5052.0,0.4438,18056.0
1753531646893,12:07:26.893,ARB/USDT:USDT,0.4434,1420.0,0.4433,9371.0,0.4437,5451.0,0.4438,18056.0
1753531647003,12:07:27.003,ARB/USDT:USDT,0.4434,2938.0,0.4433,9371.0,0.4436,877.0,0.4437,5423.0
1753531647097,12:07:27.097,ARB/USDT:USDT,0.4434,2926.0,0.4433,9371.0,0.4436,883.0,0.4437,5423.0
1753531647169,12:07:27.169,ARB/USDT:USDT,0.4434,3013.0,0.4433,9371.0,0.4436,1408.0,0.4437,5423.0
1753531647270,12:07:27.270,ARB/USDT:USDT,0.4435,186.0,0.4434,5780.0,0.4436,883.0,0.4437,5423.0
1753531647388,12:07:27.388,ARB/USDT:USDT,0.4435,198.0,0.4434,5780.0,0.4436,877.0,0.4437,5336.0
1753531647493,12:07:27.493,ARB/USDT:USDT,0.4435,198.0,0.4434,5780.0,0.4436,3038.0,0.4437,5336.0
1753531647544,12:07:27.544,ARB/USDT:USDT,0.4435,198.0,0.4434,5780.0,0.4436,3038.0,0.4437,5336.0
1753531647710,12:07:27.710,ARB/USDT:USDT,0.4435,198.0,0.4434,5780.0,0.4436,3038.0,0.4437,5336.0
1753531647902,12:07:27.902,ARB/USDT:USDT,0.4435,198.0,0.4434,5780.0,0.4436,3038.0,0.4437,5336.0
1753531647998,12:07:27.998,ARB/USDT:USDT,0.4435,198.0,0.4434,5780.0,0.4436,3038.0,0.4437,5336.0
1753531648097,12:07:28.097,ARB/USDT:USDT,0.4435,12.0,0.4434,5780.0,0.4436,3038.0,0.4437,5336.0
1753531648198,12:07:28.198,ARB/USDT:USDT,0.4435,198.0,0.4434,5780.0,0.4436,3038.0,0.4437,5336.0
1753531648272,12:07:28.272,ARB/USDT:USDT,0.4435,198.0,0.4434,5780.0,0.4436,3038.0,0.4437,5336.0
1753531648393,12:07:28.393,ARB/USDT:USDT,0.4435,69.0,0.4434,5780.0,0.4436,3038.0,0.4437,5336.0
1753531648463,12:07:28.463,ARB/USDT:USDT,0.4435,69.0,0.4434,5780.0,0.4436,3038.0,0.4437,5336.0
1753531648602,12:07:28.602,ARB/USDT:USDT,0.4435,69.0,0.4434,5780.0,0.4436,3038.0,0.4437,5336.0
1753531648662,12:07:28.662,ARB/USDT:USDT,0.4435,69.0,0.4434,5780.0,0.4436,3038.0,0.4437,5336.0
1753531648797,12:07:28.797,ARB/USDT:USDT,0.4435,12.0,0.4434,4687.0,0.4436,3125.0,0.4437,5336.0
1753531648864,12:07:28.864,ARB/USDT:USDT,0.4435,12.0,0.4434,4687.0,0.4436,3125.0,0.4437,5336.0
1753531649096,12:07:29.096,ARB/USDT:USDT,0.4435,12.0,0.4434,4687.0,0.4436,3125.0,0.4437,5336.0
1753531649189,12:07:29.189,ARB/USDT:USDT,0.4435,12.0,0.4434,4687.0,0.4436,3038.0,0.4437,5336.0
1753531649382,12:07:29.382,ARB/USDT:USDT,0.4435,12.0,0.4434,4687.0,0.4436,3038.0,0.4437,5336.0
1753531649418,12:07:29.418,ARB/USDT:USDT,0.4435,12.0,0.4434,4687.0,0.4436,3038.0,0.4437,5336.0
1753531649511,12:07:29.511,ARB/USDT:USDT,0.4435,12.0,0.4434,4687.0,0.4436,3038.0,0.4437,5336.0
1753531649672,12:07:29.672,ARB/USDT:USDT,0.4435,12.0,0.4434,4687.0,0.4436,3038.0,0.4437,5336.0
1753531649783,12:07:29.783,ARB/USDT:USDT,0.4435,12.0,0.4434,4687.0,0.4436,3038.0,0.4437,5336.0
1753531649839,12:07:29.839,ARB/USDT:USDT,0.4435,12.0,0.4434,4687.0,0.4436,3038.0,0.4437,5336.0
1753531650000,12:07:30.000,ARB/USDT:USDT,0.4435,12.0,0.4434,4687.0,0.4436,3038.0,0.4437,5336.0
1753531650090,12:07:30.090,ARB/USDT:USDT,0.4435,12.0,0.4434,4687.0,0.4436,3125.0,0.4437,5336.0
1753531650204,12:07:30.204,ARB/USDT:USDT,0.4435,12.0,0.4434,4687.0,0.4436,3038.0,0.4437,5336.0
1753531650301,12:07:30.301,ARB/USDT:USDT,0.4435,12.0,0.4434,4687.0,0.4436,3125.0,0.4437,5336.0
1753531650375,12:07:30.375,ARB/USDT:USDT,0.4435,69.0,0.4434,4687.0,0.4436,3125.0,0.4437,5336.0
1753531650482,12:07:30.482,ARB/USDT:USDT,0.4435,12.0,0.4434,4687.0,0.4436,3125.0,0.4437,5336.0
1753531650602,12:07:30.602,ARB/USDT:USDT,0.4435,12.0,0.4434,5265.0,0.4436,3125.0,0.4437,5336.0
1753531650689,12:07:30.689,ARB/USDT:USDT,0.4435,12.0,0.4434,4717.0,0.4436,3125.0,0.4437,5336.0
1753531650773,12:07:30.773,ARB/USDT:USDT,0.4435,12.0,0.4434,4717.0,0.4436,3212.0,0.4437,5336.0
1753531650824,12:07:30.824,ARB/USDT:USDT,0.4435,12.0,0.4434,4717.0,0.4436,3212.0,0.4437,5336.0
1753531650944,12:07:30.944,ARB/USDT:USDT,0.4435,12.0,0.4434,4717.0,0.4436,3212.0,0.4437,5336.0
1753531651082,12:07:31.082,ARB/USDT:USDT,0.4435,12.0,0.4434,4717.0,0.4436,3212.0,0.4437,5336.0
1753531651191,12:07:31.191,ARB/USDT:USDT,0.4435,12.0,0.4434,4717.0,0.4436,3125.0,0.4437,5336.0
1753531651369,12:07:31.369,ARB/USDT:USDT,0.4435,12.0,0.4434,4717.0,0.4436,3212.0,0.4437,5336.0
1753531651479,12:07:31.479,ARB/USDT:USDT,0.4435,12.0,0.4434,4717.0,0.4436,3212.0,0.4437,5336.0
1753531651560,12:07:31.560,ARB/USDT:USDT,0.4435,12.0,0.4434,4717.0,0.4436,3212.0,0.4437,5336.0
1753531651681,12:07:31.681,ARB/USDT:USDT,0.4435,12.0,0.4434,4717.0,0.4436,3212.0,0.4437,5336.0
1753531651837,12:07:31.837,ARB/USDT:USDT,0.4435,12.0,0.4434,4717.0,0.4436,3212.0,0.4437,5336.0
1753531651959,12:07:31.959,ARB/USDT:USDT,0.4435,12.0,0.4434,4717.0,0.4436,3212.0,0.4437,5336.0
1753531652204,12:07:32.204,ARB/USDT:USDT,0.4435,12.0,0.4434,1.0,0.4436,4336.0,0.4437,7585.0
1753531652301,12:07:32.301,ARB/USDT:USDT,0.4434,13.0,0.4433,6056.0,0.4436,16609.0,0.4437,6832.0
1753531652389,12:07:32.389,ARB/USDT:USDT,0.4434,4.0,0.4433,6056.0,0.4436,16612.0,0.4437,6832.0
1753531652485,12:07:32.485,ARB/USDT:USDT,0.4434,13.0,0.4433,9411.0,0.4436,17112.0,0.4437,6832.0
1753531652589,12:07:32.589,ARB/USDT:USDT,0.4434,13.0,0.4433,6258.0,0.4436,17112.0,0.4437,10624.0
1753531652707,12:07:32.707,ARB/USDT:USDT,0.4434,13.0,0.4433,2903.0,0.4436,18103.0,0.4437,10624.0
1753531652755,12:07:32.755,ARB/USDT:USDT,0.4434,13.0,0.4433,2903.0,0.4436,18103.0,0.4437,10624.0
1753531652875,12:07:32.875,ARB/USDT:USDT,0.4434,13.0,0.4433,6258.0,0.4436,18103.0,0.4437,10624.0
1753531653004,12:07:33.004,ARB/USDT:USDT,0.4434,13.0,0.4433,6258.0,0.4436,18103.0,0.4437,11187.0
1753531653198,12:07:33.198,ARB/USDT:USDT,0.4434,13.0,0.4433,6258.0,0.4436,18103.0,0.4437,11187.0
1753531653336,12:07:33.336,ARB/USDT:USDT,0.4434,13.0,0.4433,6258.0,0.4436,18103.0,0.4437,11187.0
1753531653499,12:07:33.499,ARB/USDT:USDT,0.4434,13.0,0.4433,6258.0,0.4436,18103.0,0.4437,11187.0
1753531653552,12:07:33.552,ARB/USDT:USDT,0.4434,13.0,0.4433,9201.0,0.4436,18016.0,0.4437,11187.0
1753531653786,12:07:33.786,ARB/USDT:USDT,0.4434,13.0,0.4433,9201.0,0.4436,18103.0,0.4437,11187.0
1753531653879,12:07:33.879,ARB/USDT:USDT,0.4434,13.0,0.4433,9201.0,0.4436,18103.0,0.4437,11187.0
1753531654009,12:07:34.009,ARB/USDT:USDT,0.4434,13.0,0.4433,9201.0,0.4436,18103.0,0.4437,11187.0
1753531654142,12:07:34.142,ARB/USDT:USDT,0.4434,13.0,0.4433,9201.0,0.4436,18103.0,0.4437,11187.0
1753531654238,12:07:34.238,ARB/USDT:USDT,0.4434,13.0,0.4433,9201.0,0.4436,18103.0,0.4437,11187.0
1753531654391,12:07:34.391,ARB/USDT:USDT,0.4434,13.0,0.4433,9201.0,0.4436,18103.0,0.4437,11187.0
1753531654486,12:07:34.486,ARB/USDT:USDT,0.4434,13.0,0.4433,9201.0,0.4436,18103.0,0.4437,11187.0
1753531654555,12:07:34.555,ARB/USDT:USDT,0.4434,13.0,0.4433,9201.0,0.4436,18103.0,0.4437,11187.0
1753531654687,12:07:34.687,ARB/USDT:USDT,0.4434,13.0,0.4433,9201.0,0.4436,18103.0,0.4437,11187.0
1753531654761,12:07:34.761,ARB/USDT:USDT,0.4434,13.0,0.4433,9201.0,0.4436,18103.0,0.4437,11187.0
1753531654852,12:07:34.852,ARB/USDT:USDT,0.4434,13.0,0.4433,9201.0,0.4436,18103.0,0.4437,11187.0
1753531655166,12:07:35.166,ARB/USDT:USDT,0.4434,13.0,0.4433,9201.0,0.4436,18103.0,0.4437,11187.0
1753531655272,12:07:35.272,ARB/USDT:USDT,0.4434,13.0,0.4433,9201.0,0.4436,18103.0,0.4437,11187.0
1753531655357,12:07:35.357,ARB/USDT:USDT,0.4434,13.0,0.4433,9201.0,0.4436,18103.0,0.4437,11187.0
1753531655470,12:07:35.470,ARB/USDT:USDT,0.4434,13.0,0.4433,9201.0,0.4436,18103.0,0.4437,11187.0
1753531655595,12:07:35.595,ARB/USDT:USDT,0.4434,13.0,0.4433,1500.0,0.4435,2675.0,0.4436,17055.0
1753531655704,12:07:35.704,ARB/USDT:USDT,0.4434,1.0,0.4433,1512.0,0.4435,2678.0,0.4436,17049.0
1753531655802,12:07:35.802,ARB/USDT:USDT,0.4434,1.0,0.4433,1512.0,0.4435,2684.0,0.4436,17049.0
1753531655901,12:07:35.901,ARB/USDT:USDT,0.4433,1512.0,0.4432,140.0,0.4435,7149.0,0.4436,17049.0
1753531656006,12:07:36.006,ARB/USDT:USDT,0.4433,1500.0,0.4432,6972.0,0.4435,7059.0,0.4436,17049.0
1753531656090,12:07:36.090,ARB/USDT:USDT,0.4433,1500.0,0.4432,3504.0,0.4435,7146.0,0.4436,17049.0
1753531656197,12:07:36.197,ARB/USDT:USDT,0.4433,1500.0,0.4432,3504.0,0.4434,1776.0,0.4435,7146.0
1753531656304,12:07:36.304,ARB/USDT:USDT,0.4433,1500.0,0.4432,3504.0,0.4434,1778.0,0.4435,6266.0
1753531656367,12:07:36.367,ARB/USDT:USDT,0.4433,1500.0,0.4432,3504.0,0.4434,1778.0,0.4435,6266.0
1753531656484,12:07:36.484,ARB/USDT:USDT,0.4433,1500.0,0.4432,3504.0,0.4434,1778.0,0.4435,6092.0
1753531656541,12:07:36.541,ARB/USDT:USDT,0.4433,1500.0,0.4432,3504.0,0.4434,1865.0,0.4435,6092.0
1753531656688,12:07:36.688,ARB/USDT:USDT,0.4433,1500.0,0.4432,149.0,0.4434,1952.0,0.4435,6092.0
1753531656741,12:07:36.741,ARB/USDT:USDT,0.4433,1500.0,0.4432,3519.0,0.4434,1952.0,0.4435,6092.0
1753531656845,12:07:36.845,ARB/USDT:USDT,0.4433,1500.0,0.4432,3519.0,0.4434,1952.0,0.4435,6092.0
1753531656975,12:07:36.975,ARB/USDT:USDT,0.4433,1500.0,0.4432,3519.0,0.4434,1952.0,0.4435,6092.0
1753531657096,12:07:37.096,ARB/USDT:USDT,0.4432,149.0,0.4431,10933.0,0.4434,15597.0,0.4435,6675.0
1753531657201,12:07:37.201,ARB/USDT:USDT,0.4432,152.0,0.4431,10933.0,0.4434,14670.0,0.4435,4426.0
1753531657281,12:07:37.281,ARB/USDT:USDT,0.4432,152.0,0.4431,10933.0,0.4434,14670.0,0.4435,4426.0
1753531657361,12:07:37.361,ARB/USDT:USDT,0.4432,152.0,0.4431,10933.0,0.4434,14670.0,0.4435,4426.0
1753531657473,12:07:37.473,ARB/USDT:USDT,0.4432,152.0,0.4431,10933.0,0.4434,14670.0,0.4435,4426.0
1753531657574,12:07:37.574,ARB/USDT:USDT,0.4432,152.0,0.4431,10933.0,0.4434,14670.0,0.4435,4426.0
1753531657697,12:07:37.697,ARB/USDT:USDT,0.4432,152.0,0.4431,10933.0,0.4434,14670.0,0.4435,4426.0
1753531658246,12:07:38.246,ARB/USDT:USDT,0.4432,152.0,0.4431,10933.0,0.4434,14670.0,0.4435,4426.0
1753531658500,12:07:38.500,ARB/USDT:USDT,0.4432,152.0,0.4431,10933.0,0.4434,14670.0,0.4435,4426.0
1753531658694,12:07:38.694,ARB/USDT:USDT,0.4432,152.0,0.4431,10933.0,0.4434,14583.0,0.4435,4426.0
1753531658725,12:07:38.725,ARB/USDT:USDT,0.4432,152.0,0.4431,10933.0,0.4434,14670.0,0.4435,4426.0
1753531658830,12:07:38.830,ARB/USDT:USDT,0.4432,1054.0,0.4431,10933.0,0.4434,13681.0,0.4435,4426.0
1753531659071,12:07:39.071,ARB/USDT:USDT,0.4432,3896.0,0.4431,10933.0,0.4434,13594.0,0.4435,3046.0
1753531659146,12:07:39.146,ARB/USDT:USDT,0.4432,3884.0,0.4431,15091.0,0.4434,12470.0,0.4435,3046.0
1753531659280,12:07:39.280,ARB/USDT:USDT,0.4432,3710.0,0.4431,10933.0,0.4434,12470.0,0.4435,3046.0
1753531659369,12:07:39.369,ARB/USDT:USDT,0.4432,3884.0,0.4431,10933.0,0.4434,12470.0,0.4435,3046.0
1753531659450,12:07:39.450,ARB/USDT:USDT,0.4432,3884.0,0.4431,10933.0,0.4434,4638.0,0.4435,14150.0
1753531659637,12:07:39.637,ARB/USDT:USDT,0.4432,3884.0,0.4431,10933.0,0.4434,4638.0,0.4435,14150.0
1753531659754,12:07:39.754,ARB/USDT:USDT,0.4432,3884.0,0.4431,15091.0,0.4434,4638.0,0.4435,14150.0
1753531659845,12:07:39.845,ARB/USDT:USDT,0.4432,1216.0,0.4431,15091.0,0.4434,4638.0,0.4435,14150.0
1753531660007,12:07:40.007,ARB/USDT:USDT,0.4432,2635.0,0.4431,15091.0,0.4434,4638.0,0.4435,14150.0
1753531660008,12:07:40.008,ARB/USDT:USDT,0.4432,3611.0,0.4431,15091.0,0.4434,4638.0,0.4435,14150.0
1753531660182,12:07:40.182,ARB/USDT:USDT,0.4432,4832.0,0.4431,15091.0,0.4434,4638.0,0.4435,14150.0
1753531660375,12:07:40.375,ARB/USDT:USDT,0.4432,4832.0,0.4431,15091.0,0.4434,4638.0,0.4435,14150.0
1753531660482,12:07:40.482,ARB/USDT:USDT,0.4432,4832.0,0.4431,15091.0,0.4434,4638.0,0.4435,14150.0
1753531660799,12:07:40.799,ARB/USDT:USDT,0.4432,4832.0,0.4431,15091.0,0.4434,4638.0,0.4435,14150.0
1753531661050,12:07:41.050,ARB/USDT:USDT,0.4432,2570.0,0.4431,15091.0,0.4434,4725.0,0.4435,14150.0
1753531661190,12:07:41.190,ARB/USDT:USDT,0.4431,3210.0,0.443,9103.0,0.4434,4725.0,0.4435,14150.0
1753531661288,12:07:41.288,ARB/USDT:USDT,0.4432,12.0,0.4431,10933.0,0.4433,877.0,0.4434,3758.0
1753531661336,12:07:41.336,ARB/USDT:USDT,0.4432,69.0,0.4431,10933.0,0.4433,877.0,0.4434,3758.0
1753531661504,12:07:41.504,ARB/USDT:USDT,0.4432,69.0,0.4431,10933.0,0.4433,877.0,0.4434,3758.0
1753531661533,12:07:41.533,ARB/USDT:USDT,0.4432,69.0,0.4431,10933.0,0.4433,877.0,0.4434,3758.0
1753531661629,12:07:41.629,ARB/USDT:USDT,0.4432,69.0,0.4431,10933.0,0.4433,877.0,0.4434,3758.0
1753531661754,12:07:41.754,ARB/USDT:USDT,0.4432,69.0,0.4431,10933.0,0.4433,877.0,0.4434,3758.0
1753531661858,12:07:41.858,ARB/USDT:USDT,0.4432,69.0,0.4431,10933.0,0.4433,877.0,0.4434,3758.0
1753531662094,12:07:42.094,ARB/USDT:USDT,0.4432,995.0,0.4431,10933.0,0.4433,877.0,0.4434,3758.0
1753531662411,12:07:42.411,ARB/USDT:USDT,0.4432,1082.0,0.4431,10933.0,0.4433,877.0,0.4434,3758.0
1753531662539,12:07:42.539,ARB/USDT:USDT,0.4432,995.0,0.4431,10933.0,0.4433,877.0,0.4434,3758.0
1753531662924,12:07:42.924,ARB/USDT:USDT,0.4432,995.0,0.4431,10933.0,0.4433,877.0,0.4434,3758.0
1753531663089,12:07:43.089,ARB/USDT:USDT,0.4432,1082.0,0.4431,10933.0,0.4433,877.0,0.4434,3758.0
1753531663385,12:07:43.385,ARB/USDT:USDT,0.4432,1082.0,0.4431,10933.0,0.4433,877.0,0.4434,3758.0
1753531663499,12:07:43.499,ARB/USDT:USDT,0.4432,995.0,0.4431,10933.0,0.4433,877.0,0.4434,3758.0
1753531663996,12:07:43.996,ARB/USDT:USDT,0.4432,995.0,0.4431,10933.0,0.4433,877.0,0.4434,3758.0
1753531664089,12:07:44.089,ARB/USDT:USDT,0.4432,995.0,0.4431,10933.0,0.4433,877.0,0.4434,3758.0
1753531664174,12:07:44.174,ARB/USDT:USDT,0.4432,995.0,0.4431,10933.0,0.4433,877.0,0.4434,3758.0
1753531664482,12:07:44.482,ARB/USDT:USDT,0.4432,995.0,0.4431,10933.0,0.4433,877.0,0.4434,3758.0
1753531665089,12:07:45.089,ARB/USDT:USDT,0.4432,995.0,0.4431,10933.0,0.4433,877.0,0.4434,3758.0
1753531665201,12:07:45.201,ARB/USDT:USDT,0.4432,995.0,0.4431,10933.0,0.4433,877.0,0.4434,3758.0
1753531665465,12:07:45.465,ARB/USDT:USDT,0.4432,1082.0,0.4431,10933.0,0.4433,877.0,0.4434,3758.0
1753531665583,12:07:45.583,ARB/USDT:USDT,0.4432,4337.0,0.4431,10933.0,0.4434,3758.0,0.4435,14150.0
1753531665656,12:07:45.656,ARB/USDT:USDT,0.4432,4325.0,0.4431,15091.0,0.4434,3764.0,0.4435,14150.0
1753531665785,12:07:45.785,ARB/USDT:USDT,0.4432,4325.0,0.4431,15091.0,0.4434,3764.0,0.4435,14150.0
1753531666105,12:07:46.105,ARB/USDT:USDT,0.4432,4325.0,0.4431,15091.0,0.4434,3764.0,0.4435,14150.0
1753531666201,12:07:46.201,ARB/USDT:USDT,0.4432,4325.0,0.4431,15091.0,0.4434,3764.0,0.4435,14150.0
1753531666271,12:07:46.271,ARB/USDT:USDT,0.4433,270.0,0.4432,4268.0,0.4434,227.0,0.4435,14150.0
1753531666395,12:07:46.395,ARB/USDT:USDT,0.4433,370.0,0.4432,7556.0,0.4434,221.0,0.4435,13248.0
1753531666502,12:07:46.502,ARB/USDT:USDT,0.4433,1383.0,0.4432,7469.0,0.4434,221.0,0.4435,12549.0
1753531666511,12:07:46.511,ARB/USDT:USDT,0.4433,1383.0,0.4432,7469.0,0.4434,221.0,0.4435,13248.0
1753531666630,12:07:46.630,ARB/USDT:USDT,0.4433,1209.0,0.4432,7469.0,0.4434,221.0,0.4435,13248.0
1753531666971,12:07:46.971,ARB/USDT:USDT,0.4433,1209.0,0.4432,7469.0,0.4434,221.0,0.4435,13248.0
1753531667179,12:07:47.179,ARB/USDT:USDT,0.4433,1209.0,0.4432,7469.0,0.4434,221.0,0.4435,13248.0
1753531667304,12:07:47.304,ARB/USDT:USDT,0.4433,1209.0,0.4432,7469.0,0.4434,221.0,0.4435,13248.0
1753531667385,12:07:47.385,ARB/USDT:USDT,0.4433,1209.0,0.4432,7469.0,0.4434,221.0,0.4435,13248.0
1753531668030,12:07:48.030,ARB/USDT:USDT,0.4433,1209.0,0.4432,7469.0,0.4434,221.0,0.4435,13926.0
1753531668205,12:07:48.205,ARB/USDT:USDT,0.4433,1209.0,0.4432,7469.0,0.4434,221.0,0.4435,13926.0
1753531668874,12:07:48.874,ARB/USDT:USDT,0.4433,1209.0,0.4432,7469.0,0.4434,221.0,0.4435,13926.0
1753531669004,12:07:49.004,ARB/USDT:USDT,0.4433,1383.0,0.4432,7469.0,0.4434,221.0,0.4435,13926.0
1753531669084,12:07:49.084,ARB/USDT:USDT,0.4433,2715.0,0.4432,7469.0,0.4435,13926.0,0.4436,10263.0
1753531669202,12:07:49.202,ARB/USDT:USDT,0.4433,2702.0,0.4432,7469.0,0.4435,13428.0,0.4436,4959.0
1753531669249,12:07:49.249,ARB/USDT:USDT,0.4433,2789.0,0.4432,7469.0,0.4435,13341.0,0.4436,4959.0
1753531669340,12:07:49.340,ARB/USDT:USDT,0.4433,2789.0,0.4432,7469.0,0.4435,13254.0,0.4436,4959.0
1753531669482,12:07:49.482,ARB/USDT:USDT,0.4433,2789.0,0.4432,7469.0,0.4435,13254.0,0.4436,4959.0
1753531669617,12:07:49.617,ARB/USDT:USDT,0.4433,2789.0,0.4432,8593.0,0.4435,13029.0,0.4436,4959.0
1753531669991,12:07:49.991,ARB/USDT:USDT,0.4433,2789.0,0.4432,9912.0,0.4435,13029.0,0.4436,4959.0
1753531670089,12:07:50.089,ARB/USDT:USDT,0.4433,2702.0,0.4432,9912.0,0.4435,13116.0,0.4436,4959.0
1753531670207,12:07:50.207,ARB/USDT:USDT,0.4433,2789.0,0.4432,9912.0,0.4435,13116.0,0.4436,4959.0
1753531670293,12:07:50.293,ARB/USDT:USDT,0.4433,2789.0,0.4432,9912.0,0.4435,13029.0,0.4436,4959.0
1753531670571,12:07:50.571,ARB/USDT:USDT,0.4433,2789.0,0.4432,9912.0,0.4435,12746.0,0.4436,4959.0
1753531670844,12:07:50.844,ARB/USDT:USDT,0.4433,2789.0,0.4432,9912.0,0.4435,11610.0,0.4436,4959.0
1753531671080,12:07:51.080,ARB/USDT:USDT,0.4433,2615.0,0.4432,9912.0,0.4435,11697.0,0.4436,5861.0
1753531671130,12:07:51.130,ARB/USDT:USDT,0.4433,2615.0,0.4432,9912.0,0.4435,13103.0,0.4436,5861.0
1753531671291,12:07:51.291,ARB/USDT:USDT,0.4433,2789.0,0.4432,9912.0,0.4435,13016.0,0.4436,5861.0
1753531671333,12:07:51.333,ARB/USDT:USDT,0.4433,2615.0,0.4432,9912.0,0.4435,13103.0,0.4436,5861.0
1753531671470,12:07:51.470,ARB/USDT:USDT,0.4433,2702.0,0.4432,9912.0,0.4435,13016.0,0.4436,5861.0
1753531671538,12:07:51.538,ARB/USDT:USDT,0.4433,2702.0,0.4432,9912.0,0.4435,13103.0,0.4436,5861.0
1753531671617,12:07:51.617,ARB/USDT:USDT,0.4433,2789.0,0.4432,9912.0,0.4435,13016.0,0.4436,5861.0
1753531671770,12:07:51.770,ARB/USDT:USDT,0.4433,2789.0,0.4432,9912.0,0.4435,13016.0,0.4436,5861.0
1753531671927,12:07:51.927,ARB/USDT:USDT,0.4433,2615.0,0.4432,9912.0,0.4435,13103.0,0.4436,5861.0
1753531672388,12:07:52.388,ARB/USDT:USDT,0.4433,2702.0,0.4432,9912.0,0.4435,13103.0,0.4436,5861.0
1753531672657,12:07:52.657,ARB/USDT:USDT,0.4433,2789.0,0.4432,9912.0,0.4435,13016.0,0.4436,5861.0
1753531672971,12:07:52.971,ARB/USDT:USDT,0.4433,2789.0,0.4432,9912.0,0.4435,13103.0,0.4436,5861.0
1753531673027,12:07:53.027,ARB/USDT:USDT,0.4433,2615.0,0.4432,9912.0,0.4435,13103.0,0.4436,5861.0
1753531673494,12:07:53.494,ARB/USDT:USDT,0.4433,2789.0,0.4432,9912.0,0.4435,13016.0,0.4436,5861.0
1753531673848,12:07:53.848,ARB/USDT:USDT,0.4433,2615.0,0.4432,9912.0,0.4435,13103.0,0.4436,5861.0
1753531674049,12:07:54.049,ARB/USDT:USDT,0.4433,2615.0,0.4432,9912.0,0.4435,13103.0,0.4436,5861.0
1753531674111,12:07:54.111,ARB/USDT:USDT,0.4433,2615.0,0.4432,9912.0,0.4435,13190.0,0.4436,5861.0
1753531674400,12:07:54.400,ARB/USDT:USDT,0.4433,2789.0,0.4432,9912.0,0.4435,13103.0,0.4436,5861.0
1753531674506,12:07:54.506,ARB/USDT:USDT,0.4433,2789.0,0.4432,9912.0,0.4435,13016.0,0.4436,5861.0
1753531674590,12:07:54.590,ARB/USDT:USDT,0.4433,2789.0,0.4432,9912.0,0.4435,13016.0,0.4436,5861.0
1753531675103,12:07:55.103,ARB/USDT:USDT,0.4433,1691.0,0.4432,9912.0,0.4435,13103.0,0.4436,5861.0
1753531675202,12:07:55.202,ARB/USDT:USDT,0.4433,2358.0,0.4432,9912.0,0.4435,13103.0,0.4436,5861.0
1753531675296,12:07:55.296,ARB/USDT:USDT,0.4433,2519.0,0.4432,9912.0,0.4435,13016.0,0.4436,5861.0
1753531675507,12:07:55.507,ARB/USDT:USDT,0.4433,2519.0,0.4432,9912.0,0.4435,13016.0,0.4436,5861.0
1753531675530,12:07:55.530,ARB/USDT:USDT,0.4433,2519.0,0.4432,25618.0,0.4435,13016.0,0.4436,9513.0
1753531675629,12:07:55.629,ARB/USDT:USDT,0.4433,2519.0,0.4432,37030.0,0.4435,13016.0,0.4436,9513.0
1753531676579,12:07:56.579,ARB/USDT:USDT,0.4433,2519.0,0.4432,37030.0,0.4435,13016.0,0.4436,9513.0
1753531677205,12:07:57.205,ARB/USDT:USDT,0.4433,2519.0,0.4432,25618.0,0.4435,13016.0,0.4436,9513.0
1753531677213,12:07:57.213,ARB/USDT:USDT,0.4433,2519.0,0.4432,25618.0,0.4435,13016.0,0.4436,9513.0
1753531677378,12:07:57.378,ARB/USDT:USDT,0.4433,2432.0,0.4432,25618.0,0.4435,13103.0,0.4436,9513.0
1753531677602,12:07:57.602,ARB/USDT:USDT,0.4433,2519.0,0.4432,25618.0,0.4435,13103.0,0.4436,9513.0
1753531677689,12:07:57.689,ARB/USDT:USDT,0.4433,2519.0,0.4432,25618.0,0.4435,13016.0,0.4436,9513.0
1753531678031,12:07:58.031,ARB/USDT:USDT,0.4433,2345.0,0.4432,25618.0,0.4435,13103.0,0.4436,9513.0
1753531678387,12:07:58.387,ARB/USDT:USDT,0.4433,2519.0,0.4432,25618.0,0.4435,13016.0,0.4436,9513.0
1753531678691,12:07:58.691,ARB/USDT:USDT,0.4433,2345.0,0.4432,25618.0,0.4435,13103.0,0.4436,9513.0
1753531678904,12:07:58.904,ARB/USDT:USDT,0.4433,2432.0,0.4432,25618.0,0.4435,13016.0,0.4436,9513.0
1753531678932,12:07:58.932,ARB/USDT:USDT,0.4433,2432.0,0.4432,25618.0,0.4435,13016.0,0.4436,9513.0
1753531679323,12:07:59.323,ARB/USDT:USDT,0.4433,2519.0,0.4432,25618.0,0.4435,13016.0,0.4436,9513.0
1753531679570,12:07:59.570,ARB/USDT:USDT,0.4434,357.0,0.4433,3306.0,0.4435,11110.0,0.4436,3329.0
1753531679699,12:07:59.699,ARB/USDT:USDT,0.4434,283.0,0.4433,3306.0,0.4435,11104.0,0.4436,3329.0
1753531679798,12:07:59.798,ARB/USDT:USDT,0.4434,1702.0,0.4433,6027.0,0.4436,3503.0,0.4437,14158.0
1753531679888,12:07:59.888,ARB/USDT:USDT,0.4434,283.0,0.4433,6027.0,0.4436,7879.0,0.4437,14158.0
1753531679972,12:07:59.972,ARB/USDT:USDT,0.4434,1221.0,0.4433,6027.0,0.4436,7879.0,0.4437,14158.0
1753531680068,12:08:00.068,ARB/USDT:USDT,0.4434,2614.0,0.4433,6027.0,0.4436,6755.0,0.4437,14158.0
1753531680130,12:08:00.130,ARB/USDT:USDT,0.4434,2601.0,0.4433,6027.0,0.4436,6755.0,0.4437,15604.0
1753531680244,12:08:00.244,ARB/USDT:USDT,0.4434,2775.0,0.4433,5940.0,0.4436,6668.0,0.4437,15604.0
1753531680315,12:08:00.315,ARB/USDT:USDT,0.4434,2601.0,0.4433,5940.0,0.4436,6755.0,0.4437,15604.0
1753531680598,12:08:00.598,ARB/USDT:USDT,0.4434,2601.0,0.4433,5940.0,0.4436,6755.0,0.4437,15604.0
1753531680647,12:08:00.647,ARB/USDT:USDT,0.4434,1208.0,0.4433,5940.0,0.4436,6755.0,0.4437,15604.0
1753531680794,12:08:00.794,ARB/USDT:USDT,0.4434,283.0,0.4433,5940.0,0.4436,7879.0,0.4437,15604.0
1753531680854,12:08:00.854,ARB/USDT:USDT,0.4434,283.0,0.4433,5940.0,0.4436,7879.0,0.4437,15604.0
1753531680949,12:08:00.949,ARB/USDT:USDT,0.4434,283.0,0.4433,5940.0,0.4436,7879.0,0.4437,15604.0
1753531681042,12:08:01.042,ARB/USDT:USDT,0.4434,283.0,0.4433,5940.0,0.4436,7879.0,0.4437,15041.0
1753531681172,12:08:01.172,ARB/USDT:USDT,0.4434,283.0,0.4433,5940.0,0.4436,7879.0,0.4437,15041.0
1753531681296,12:08:01.296,ARB/USDT:USDT,0.4434,13.0,0.4433,4301.0,0.4436,7879.0,0.4437,17290.0
1753531681361,12:08:01.361,ARB/USDT:USDT,0.4434,13.0,0.4433,4301.0,0.4435,312.0,0.4436,7792.0
1753531681488,12:08:01.488,ARB/USDT:USDT,0.4434,13.0,0.4433,4301.0,0.4435,312.0,0.4436,7786.0
1753531681592,12:08:01.592,ARB/USDT:USDT,0.4434,13.0,0.4433,4301.0,0.4435,225.0,0.4436,7786.0
1753531681694,12:08:01.694,ARB/USDT:USDT,0.4434,70.0,0.4433,5066.0,0.4436,7786.0,0.4437,17290.0
1753531681797,12:08:01.797,ARB/USDT:USDT,0.4434,70.0,0.4433,5066.0,0.4436,6755.0,0.4437,15041.0
1753531681832,12:08:01.832,ARB/USDT:USDT,0.4434,70.0,0.4433,5066.0,0.4436,6755.0,0.4437,15041.0
1753531682006,12:08:02.006,ARB/USDT:USDT,0.4434,70.0,0.4433,5066.0,0.4436,6668.0,0.4437,15041.0
1753531682079,12:08:02.079,ARB/USDT:USDT,0.4434,70.0,0.4433,5066.0,0.4436,7879.0,0.4437,15041.0
1753531682145,12:08:02.145,ARB/USDT:USDT,0.4434,70.0,0.4433,5066.0,0.4436,7705.0,0.4437,15041.0
1753531682293,12:08:02.293,ARB/USDT:USDT,0.4435,129.0,0.4434,3470.0,0.4436,5210.0,0.4437,15041.0
1753531682370,12:08:02.370,ARB/USDT:USDT,0.4435,129.0,0.4434,3383.0,0.4436,5204.0,0.4437,15041.0
1753531682489,12:08:02.489,ARB/USDT:USDT,0.4435,129.0,0.4434,3383.0,0.4436,5204.0,0.4437,15041.0
1753531682539,12:08:02.539,ARB/USDT:USDT,0.4435,129.0,0.4434,3383.0,0.4436,5204.0,0.4437,15041.0
1753531682690,12:08:02.690,ARB/USDT:USDT,0.4434,13.0,0.4433,1691.0,0.4436,7523.0,0.4437,15041.0
1753531682792,12:08:02.792,ARB/USDT:USDT,0.4433,2578.0,0.4432,25613.0,0.4436,7442.0,0.4437,15041.0
1753531682886,12:08:02.886,ARB/USDT:USDT,0.4433,3232.0,0.4432,25613.0,0.4436,7436.0,0.4437,15041.0
1753531682999,12:08:02.999,ARB/USDT:USDT,0.4433,3232.0,0.4432,25613.0,0.4436,7436.0,0.4437,15041.0
1753531683191,12:08:03.191,ARB/USDT:USDT,0.4433,3732.0,0.4432,25613.0,0.4436,7436.0,0.4437,15041.0
1753531683284,12:08:03.284,ARB/USDT:USDT,0.4433,3732.0,0.4432,25613.0,0.4436,7436.0,0.4437,15041.0
1753531683403,12:08:03.403,ARB/USDT:USDT,0.4433,3732.0,0.4432,25613.0,0.4436,7436.0,0.4437,15041.0
1753531683448,12:08:03.448,ARB/USDT:USDT,0.4433,3732.0,0.4432,25613.0,0.4436,7436.0,0.4437,15041.0
1753531683540,12:08:03.540,ARB/USDT:USDT,0.4433,3819.0,0.4432,25613.0,0.4436,7436.0,0.4437,15041.0
1753531683689,12:08:03.689,ARB/USDT:USDT,0.4434,129.0,0.4433,7189.0,0.4436,7610.0,0.4437,15041.0
1753531683789,12:08:03.789,ARB/USDT:USDT,0.4434,129.0,0.4433,6535.0,0.4436,7616.0,0.4437,15041.0
1753531683883,12:08:03.883,ARB/USDT:USDT,0.4434,129.0,0.4433,6535.0,0.4436,7616.0,0.4437,15041.0
1753531683991,12:08:03.991,ARB/USDT:USDT,0.4434,129.0,0.4433,6535.0,0.4436,7616.0,0.4437,15041.0
1753531684251,12:08:04.251,ARB/USDT:USDT,0.4434,129.0,0.4433,6535.0,0.4436,7616.0,0.4437,15041.0
1753531684383,12:08:04.383,ARB/USDT:USDT,0.4434,129.0,0.4433,6535.0,0.4436,7616.0,0.4437,15041.0
1753531684500,12:08:04.500,ARB/USDT:USDT,0.4434,1067.0,0.4433,6535.0,0.4436,7616.0,0.4437,15041.0
1753531684596,12:08:04.596,ARB/USDT:USDT,0.4434,1067.0,0.4433,6535.0,0.4436,7529.0,0.4437,15041.0
1753531684795,12:08:04.795,ARB/USDT:USDT,0.4434,1067.0,0.4433,6535.0,0.4436,7616.0,0.4437,15041.0
1753531684882,12:08:04.882,ARB/USDT:USDT,0.4434,1067.0,0.4433,6535.0,0.4436,7616.0,0.4437,15041.0
1753531684986,12:08:04.986,ARB/USDT:USDT,0.4434,1067.0,0.4433,6535.0,0.4436,7616.0,0.4437,15041.0
1753531685048,12:08:05.048,ARB/USDT:USDT,0.4434,1067.0,0.4433,6448.0,0.4436,7616.0,0.4437,15041.0
1753531685242,12:08:05.242,ARB/USDT:USDT,0.4434,1067.0,0.4433,6448.0,0.4436,7616.0,0.4437,15041.0
1753531685356,12:08:05.356,ARB/USDT:USDT,0.4434,1067.0,0.4433,6448.0,0.4436,7529.0,0.4437,15041.0
1753531685491,12:08:05.491,ARB/USDT:USDT,0.4434,1067.0,0.4433,6448.0,0.4436,7529.0,0.4437,15041.0
1753531685567,12:08:05.567,ARB/USDT:USDT,0.4434,1067.0,0.4433,6448.0,0.4436,7616.0,0.4437,15041.0
1753531685677,12:08:05.677,ARB/USDT:USDT,0.4434,1067.0,0.4433,6448.0,0.4436,7616.0,0.4437,15041.0
1753531685786,12:08:05.786,ARB/USDT:USDT,0.4434,1067.0,0.4433,6448.0,0.4436,7616.0,0.4437,15041.0
1753531685914,12:08:05.914,ARB/USDT:USDT,0.4434,1067.0,0.4433,6448.0,0.4436,7616.0,0.4437,15041.0
1753531686079,12:08:06.079,ARB/USDT:USDT,0.4434,1067.0,0.4433,6448.0,0.4436,7616.0,0.4437,15041.0
1753531686263,12:08:06.263,ARB/USDT:USDT,0.4434,1067.0,0.4433,6448.0,0.4436,7616.0,0.4437,15041.0
1753531686319,12:08:06.319,ARB/USDT:USDT,0.4434,1067.0,0.4433,6448.0,0.4436,7616.0,0.4437,15041.0
1753531686426,12:08:06.426,ARB/USDT:USDT,0.4434,1067.0,0.4433,6448.0,0.4436,7616.0,0.4437,15041.0
1753531686562,12:08:06.562,ARB/USDT:USDT,0.4434,1067.0,0.4433,6448.0,0.4436,7616.0,0.4437,15041.0
1753531686704,12:08:06.704,ARB/USDT:USDT,0.4434,1067.0,0.4433,6448.0,0.4436,7616.0,0.4437,15041.0
1753531686791,12:08:06.791,ARB/USDT:USDT,0.4434,1067.0,0.4433,6448.0,0.4436,7616.0,0.4437,15041.0
1753531686913,12:08:06.913,ARB/USDT:USDT,0.4434,1067.0,0.4433,6448.0,0.4436,7616.0,0.4437,15041.0
1753531687273,12:08:07.273,ARB/USDT:USDT,0.4434,1067.0,0.4433,6448.0,0.4436,7616.0,0.4437,15041.0
1753531687446,12:08:07.446,ARB/USDT:USDT,0.4434,1067.0,0.4433,6448.0,0.4436,7616.0,0.4437,15041.0
1753531687566,12:08:07.566,ARB/USDT:USDT,0.4434,1067.0,0.4433,6448.0,0.4436,7616.0,0.4437,15041.0
1753531687688,12:08:07.688,ARB/USDT:USDT,0.4434,1067.0,0.4433,6448.0,0.4436,7616.0,0.4437,15041.0
1753531687843,12:08:07.843,ARB/USDT:USDT,0.4434,1067.0,0.4433,6448.0,0.4436,7616.0,0.4437,15041.0
1753531688204,12:08:08.204,ARB/USDT:USDT,0.4434,1067.0,0.4433,6448.0,0.4436,7529.0,0.4437,15041.0
1753531688306,12:08:08.306,ARB/USDT:USDT,0.4435,129.0,0.4434,3534.0,0.4436,7442.0,0.4437,15041.0
1753531688375,12:08:08.375,ARB/USDT:USDT,0.4435,142.0,0.4434,2028.0,0.4436,2661.0,0.4437,15041.0
1753531688449,12:08:08.449,ARB/USDT:USDT,0.4435,186.0,0.4434,5282.0,0.4436,2661.0,0.4437,15041.0
1753531688565,12:08:08.565,ARB/USDT:USDT,0.4435,186.0,0.4434,5282.0,0.4436,2661.0,0.4437,15041.0
1753531688703,12:08:08.703,ARB/USDT:USDT,0.4435,186.0,0.4434,5282.0,0.4436,2748.0,0.4437,15041.0
1753531688738,12:08:08.738,ARB/USDT:USDT,0.4435,186.0,0.4434,5195.0,0.4436,2835.0,0.4437,15041.0
1753531688893,12:08:08.893,ARB/USDT:USDT,0.4435,186.0,0.4434,5195.0,0.4436,2835.0,0.4437,15041.0
1753531689100,12:08:09.100,ARB/USDT:USDT,0.4435,186.0,0.4434,4321.0,0.4436,2835.0,0.4437,15041.0
1753531689169,12:08:09.169,ARB/USDT:USDT,0.4435,186.0,0.4434,4321.0,0.4436,2835.0,0.4437,15041.0
1753531689294,12:08:09.294,ARB/USDT:USDT,0.4435,186.0,0.4434,4321.0,0.4436,2661.0,0.4437,15041.0
1753531689391,12:08:09.391,ARB/USDT:USDT,0.4435,186.0,0.4434,4321.0,0.4436,2661.0,0.4437,15041.0
1753531689482,12:08:09.482,ARB/USDT:USDT,0.4435,186.0,0.4434,4321.0,0.4436,2661.0,0.4437,15041.0
1753531689526,12:08:09.526,ARB/USDT:USDT,0.4435,186.0,0.4434,4321.0,0.4436,2661.0,0.4437,15041.0
1753531689661,12:08:09.661,ARB/USDT:USDT,0.4435,186.0,0.4434,4321.0,0.4436,2661.0,0.4437,15041.0
1753531689852,12:08:09.852,ARB/USDT:USDT,0.4435,186.0,0.4434,4321.0,0.4436,2661.0,0.4437,15041.0
1753531690103,12:08:10.103,ARB/USDT:USDT,0.4435,186.0,0.4434,4321.0,0.4436,2748.0,0.4437,15041.0
1753531690195,12:08:10.195,ARB/USDT:USDT,0.4435,57.0,0.4434,4321.0,0.4436,2835.0,0.4437,15041.0
1753531690251,12:08:10.251,ARB/USDT:USDT,0.4435,57.0,0.4434,4321.0,0.4436,2748.0,0.4437,15041.0
1753531690380,12:08:10.380,ARB/USDT:USDT,0.4435,57.0,0.4434,4321.0,0.4436,2748.0,0.4437,15041.0
1753531690588,12:08:10.588,ARB/USDT:USDT,0.4435,57.0,0.4434,4321.0,0.4436,2661.0,0.4437,15041.0
1753531690697,12:08:10.697,ARB/USDT:USDT,0.4435,57.0,0.4434,4321.0,0.4436,2748.0,0.4437,15041.0
1753531690749,12:08:10.749,ARB/USDT:USDT,0.4435,57.0,0.4434,4321.0,0.4436,2748.0,0.4437,15041.0
1753531690890,12:08:10.890,ARB/USDT:USDT,0.4435,186.0,0.4434,4321.0,0.4436,2661.0,0.4437,15041.0
1753531690985,12:08:10.985,ARB/USDT:USDT,0.4435,186.0,0.4434,4321.0,0.4436,2661.0,0.4437,15041.0
1753531691031,12:08:11.031,ARB/USDT:USDT,0.4435,186.0,0.4434,4321.0,0.4436,2661.0,0.4437,15041.0
1753531691180,12:08:11.180,ARB/USDT:USDT,0.4435,273.0,0.4434,4321.0,0.4436,2161.0,0.4437,3943.0
1753531691282,12:08:11.282,ARB/USDT:USDT,0.4435,186.0,0.4434,4321.0,0.4436,2161.0,0.4437,15040.0
1753531691405,12:08:11.405,ARB/USDT:USDT,0.4435,186.0,0.4434,4321.0,0.4436,2161.0,0.4437,15040.0
1753531691449,12:08:11.449,ARB/USDT:USDT,0.4435,186.0,0.4434,4321.0,0.4436,2161.0,0.4437,15040.0
1753531691597,12:08:11.597,ARB/USDT:USDT,0.4435,186.0,0.4434,4321.0,0.4436,2161.0,0.4437,15040.0
1753531691669,12:08:11.669,ARB/USDT:USDT,0.4435,186.0,0.4434,4321.0,0.4436,2161.0,0.4437,15040.0
1753531691766,12:08:11.766,ARB/USDT:USDT,0.4435,186.0,0.4434,4321.0,0.4436,2161.0,0.4437,15040.0
1753531691873,12:08:11.873,ARB/USDT:USDT,0.4435,186.0,0.4434,4321.0,0.4436,2161.0,0.4437,15040.0
1753531692004,12:08:12.004,ARB/USDT:USDT,0.4435,186.0,0.4434,4321.0,0.4436,2161.0,0.4437,15040.0
1753531692053,12:08:12.053,ARB/USDT:USDT,0.4435,186.0,0.4434,4321.0,0.4436,2161.0,0.4437,15040.0
1753531692139,12:08:12.139,ARB/USDT:USDT,0.4435,186.0,0.4434,4321.0,0.4436,2161.0,0.4437,15040.0
1753531692253,12:08:12.253,ARB/USDT:USDT,0.4435,186.0,0.4434,4321.0,0.4436,2161.0,0.4437,15040.0
1753531692391,12:08:12.391,ARB/USDT:USDT,0.4435,186.0,0.4434,4321.0,0.4436,2161.0,0.4437,15040.0
1753531692473,12:08:12.473,ARB/USDT:USDT,0.4435,186.0,0.4434,4321.0,0.4436,2161.0,0.4437,15040.0
1753531692603,12:08:12.603,ARB/USDT:USDT,0.4435,186.0,0.4434,4321.0,0.4436,2161.0,0.4437,15040.0
1753531692686,12:08:12.686,ARB/USDT:USDT,0.4435,186.0,0.4434,4321.0,0.4436,2161.0,0.4437,15040.0
1753531692730,12:08:12.730,ARB/USDT:USDT,0.4435,186.0,0.4434,4321.0,0.4436,2161.0,0.4437,15040.0
1753531692886,12:08:12.886,ARB/USDT:USDT,0.4435,186.0,0.4434,4321.0,0.4436,2161.0,0.4437,15040.0
1753531693156,12:08:13.156,ARB/USDT:USDT,0.4435,186.0,0.4434,4321.0,0.4436,2161.0,0.4437,15040.0
1753531693306,12:08:13.306,ARB/USDT:USDT,0.4435,273.0,0.4434,4321.0,0.4436,2161.0,0.4437,12761.0
1753531693407,12:08:13.407,ARB/USDT:USDT,0.4435,186.0,0.4434,4321.0,0.4436,2161.0,0.4437,12761.0
1753531693495,12:08:13.495,ARB/USDT:USDT,0.4435,186.0,0.4434,4321.0,0.4436,2161.0,0.4437,12761.0
1753531693636,12:08:13.636,ARB/USDT:USDT,0.4435,186.0,0.4434,4321.0,0.4436,2161.0,0.4437,12761.0
1753531693833,12:08:13.833,ARB/USDT:USDT,0.4435,186.0,0.4434,4321.0,0.4436,2161.0,0.4437,12761.0
1753531693933,12:08:13.933,ARB/USDT:USDT,0.4435,186.0,0.4434,4321.0,0.4436,2161.0,0.4437,12761.0
1753531694107,12:08:14.107,ARB/USDT:USDT,0.4435,273.0,0.4434,4321.0,0.4436,2161.0,0.4437,12761.0
1753531694170,12:08:14.170,ARB/USDT:USDT,0.4435,186.0,0.4434,4321.0,0.4436,2161.0,0.4437,12761.0
1753531694242,12:08:14.242,ARB/USDT:USDT,0.4435,186.0,0.4434,4321.0,0.4436,2161.0,0.4437,12761.0
1753531694315,12:08:14.315,ARB/USDT:USDT,0.4435,186.0,0.4434,4321.0,0.4436,2161.0,0.4437,12761.0
1753531694425,12:08:14.425,ARB/USDT:USDT,0.4435,186.0,0.4434,4321.0,0.4436,2161.0,0.4437,12761.0
1753531694521,12:08:14.521,ARB/USDT:USDT,0.4435,186.0,0.4434,4321.0,0.4436,2161.0,0.4437,12761.0
1753531694697,12:08:14.697,ARB/USDT:USDT,0.4435,186.0,0.4434,4321.0,0.4436,2161.0,0.4437,12761.0
1753531694873,12:08:14.873,ARB/USDT:USDT,0.4435,186.0,0.4434,4321.0,0.4436,2161.0,0.4437,12761.0
1753531695049,12:08:15.049,ARB/USDT:USDT,0.4435,186.0,0.4434,4321.0,0.4436,2161.0,0.4437,12761.0
1753531695298,12:08:15.298,ARB/USDT:USDT,0.4435,186.0,0.4434,4321.0,0.4436,2161.0,0.4437,12761.0
1753531695399,12:08:15.399,ARB/USDT:USDT,0.4435,186.0,0.4434,4321.0,0.4436,2161.0,0.4437,12761.0
1753531695420,12:08:15.420,ARB/USDT:USDT,0.4435,186.0,0.4434,4321.0,0.4436,2161.0,0.4437,14734.0
1753531695523,12:08:15.523,ARB/USDT:USDT,0.4435,186.0,0.4434,4321.0,0.4436,2161.0,0.4437,14734.0
1753531695887,12:08:15.887,ARB/USDT:USDT,0.4435,57.0,0.4434,4321.0,0.4436,2161.0,0.4437,14734.0
1753531695966,12:08:15.966,ARB/USDT:USDT,0.4435,57.0,0.4434,4321.0,0.4436,2161.0,0.4437,14734.0
1753531696044,12:08:16.044,ARB/USDT:USDT,0.4435,57.0,0.4434,4321.0,0.4436,2248.0,0.4437,14734.0
1753531696202,12:08:16.202,ARB/USDT:USDT,0.4435,57.0,0.4434,4321.0,0.4436,2161.0,0.4437,14734.0
1753531696288,12:08:16.288,ARB/USDT:USDT,0.4435,57.0,0.4434,4321.0,0.4436,2161.0,0.4437,14734.0
1753531696403,12:08:16.403,ARB/USDT:USDT,0.4435,57.0,0.4434,4321.0,0.4436,2161.0,0.4437,14734.0
1753531696491,12:08:16.491,ARB/USDT:USDT,0.4435,57.0,0.4434,4321.0,0.4436,2161.0,0.4437,14734.0
1753531696786,12:08:16.786,ARB/USDT:USDT,0.4435,57.0,0.4434,4321.0,0.4436,2161.0,0.4437,14734.0
1753531696923,12:08:16.923,ARB/USDT:USDT,0.4435,57.0,0.4434,4321.0,0.4436,2161.0,0.4437,14734.0
1753531697162,12:08:17.162,ARB/USDT:USDT,0.4435,57.0,0.4434,4321.0,0.4436,2161.0,0.4437,14734.0
1753531697277,12:08:17.277,ARB/USDT:USDT,0.4435,57.0,0.4434,4321.0,0.4436,2161.0,0.4437,14734.0
1753531697387,12:08:17.387,ARB/USDT:USDT,0.4435,57.0,0.4434,4321.0,0.4436,2161.0,0.4437,14734.0
1753531697503,12:08:17.503,ARB/USDT:USDT,0.4435,57.0,0.4434,4321.0,0.4436,2161.0,0.4437,14734.0
1753531697767,12:08:17.767,ARB/USDT:USDT,0.4435,57.0,0.4434,4321.0,0.4436,2161.0,0.4437,14734.0
1753531697958,12:08:17.958,ARB/USDT:USDT,0.4435,57.0,0.4434,4321.0,0.4436,2161.0,0.4437,14734.0
1753531698033,12:08:18.033,ARB/USDT:USDT,0.4435,57.0,0.4434,4321.0,0.4436,2161.0,0.4437,14734.0
1753531698170,12:08:18.170,ARB/USDT:USDT,0.4434,3460.0,0.4433,5694.0,0.4436,2161.0,0.4437,14734.0
1753531698243,12:08:18.243,ARB/USDT:USDT,0.4434,3360.0,0.4433,5694.0,0.4436,2167.0,0.4437,14734.0
1753531698404,12:08:18.404,ARB/USDT:USDT,0.4434,3447.0,0.4433,5694.0,0.4436,2167.0,0.4437,14734.0
1753531698477,12:08:18.477,ARB/USDT:USDT,0.4434,3447.0,0.4433,5694.0,0.4436,2167.0,0.4437,14734.0
1753531698538,12:08:18.538,ARB/USDT:USDT,0.4434,3447.0,0.4433,5694.0,0.4436,2167.0,0.4437,14734.0
1753531698637,12:08:18.637,ARB/USDT:USDT,0.4434,3447.0,0.4433,5694.0,0.4436,2167.0,0.4437,14734.0
1753531698781,12:08:18.781,ARB/USDT:USDT,0.4434,2422.0,0.4433,5694.0,0.4436,2167.0,0.4437,14734.0
1753531698850,12:08:18.850,ARB/USDT:USDT,0.4434,2422.0,0.4433,5694.0,0.4436,2167.0,0.4437,14734.0
1753531698962,12:08:18.962,ARB/USDT:USDT,0.4434,2509.0,0.4433,5694.0,0.4436,2167.0,0.4437,14734.0
1753531699127,12:08:19.127,ARB/USDT:USDT,0.4434,2509.0,0.4433,5694.0,0.4436,2167.0,0.4437,14734.0
1753531699259,12:08:19.259,ARB/USDT:USDT,0.4434,2509.0,0.4433,5694.0,0.4436,2167.0,0.4437,14734.0
1753531699396,12:08:19.396,ARB/USDT:USDT,0.4434,2509.0,0.4433,5694.0,0.4436,2167.0,0.4437,14734.0
1753531699504,12:08:19.504,ARB/USDT:USDT,0.4434,2509.0,0.4433,5694.0,0.4436,3082.0,0.4437,14734.0
1753531699601,12:08:19.601,ARB/USDT:USDT,0.4434,1548.0,0.4433,5694.0,0.4436,3256.0,0.4437,14734.0
1753531699701,12:08:19.701,ARB/USDT:USDT,0.4434,1561.0,0.4433,5694.0,0.4436,3256.0,0.4437,14734.0
1753531699766,12:08:19.766,ARB/USDT:USDT,0.4434,1561.0,0.4433,5694.0,0.4436,7084.0,0.4437,14734.0
1753531699845,12:08:19.845,ARB/USDT:USDT,0.4434,1561.0,0.4433,5694.0,0.4436,7084.0,0.4437,14734.0
1753531700005,12:08:20.005,ARB/USDT:USDT,0.4434,1561.0,0.4433,5694.0,0.4436,7084.0,0.4437,14734.0
1753531700083,12:08:20.083,ARB/USDT:USDT,0.4434,1561.0,0.4433,5694.0,0.4436,7084.0,0.4437,14734.0
1753531700133,12:08:20.133,ARB/USDT:USDT,0.4434,1561.0,0.4433,5694.0,0.4436,7084.0,0.4437,14734.0
1753531700398,12:08:20.398,ARB/USDT:USDT,0.4434,1648.0,0.4433,5694.0,0.4436,6997.0,0.4437,14734.0
1753531700544,12:08:20.544,ARB/USDT:USDT,0.4434,1561.0,0.4433,5694.0,0.4436,6997.0,0.4437,14734.0
1753531700703,12:08:20.703,ARB/USDT:USDT,0.4434,1561.0,0.4433,5694.0,0.4436,7084.0,0.4437,14734.0
1753531700799,12:08:20.799,ARB/USDT:USDT,0.4434,1561.0,0.4433,5694.0,0.4436,7084.0,0.4437,14734.0
1753531701005,12:08:21.005,ARB/USDT:USDT,0.4434,1561.0,0.4433,5694.0,0.4436,7084.0,0.4437,14734.0
1753531701205,12:08:21.205,ARB/USDT:USDT,0.4434,1561.0,0.4433,5694.0,0.4436,7084.0,0.4437,14734.0
1753531701313,12:08:21.313,ARB/USDT:USDT,0.4434,1561.0,0.4433,5694.0,0.4436,7084.0,0.4437,14734.0
1753531701468,12:08:21.468,ARB/USDT:USDT,0.4434,2609.0,0.4433,5694.0,0.4436,5995.0,0.4437,14734.0
1753531701538,12:08:21.538,ARB/USDT:USDT,0.4434,3497.0,0.4433,5694.0,0.4436,2167.0,0.4437,14734.0
1753531701663,12:08:21.663,ARB/USDT:USDT,0.4434,3497.0,0.4433,5694.0,0.4436,2167.0,0.4437,14734.0
1753531701793,12:08:21.793,ARB/USDT:USDT,0.4435,1300.0,0.4434,1991.0,0.4436,2167.0,0.4437,13963.0
1753531701906,12:08:21.906,ARB/USDT:USDT,0.4435,1300.0,0.4434,5310.0,0.4436,2161.0,0.4437,13963.0
1753531701992,12:08:21.992,ARB/USDT:USDT,0.4435,1300.0,0.4434,5310.0,0.4436,2161.0,0.4437,5927.0
1753531702104,12:08:22.104,ARB/USDT:USDT,0.4435,270.0,0.4434,5223.0,0.4436,2335.0,0.4437,5927.0
1753531702170,12:08:22.170,ARB/USDT:USDT,0.4435,270.0,0.4434,5223.0,0.4436,2335.0,0.4437,5927.0
1753531702278,12:08:22.278,ARB/USDT:USDT,0.4435,270.0,0.4434,4349.0,0.4436,2335.0,0.4437,5927.0
1753531702392,12:08:22.392,ARB/USDT:USDT,0.4435,270.0,0.4434,4349.0,0.4436,2335.0,0.4437,5927.0
1753531702503,12:08:22.503,ARB/USDT:USDT,0.4435,270.0,0.4434,4349.0,0.4436,2335.0,0.4437,6828.0
1753531702572,12:08:22.572,ARB/USDT:USDT,0.4435,270.0,0.4434,4349.0,0.4436,2335.0,0.4437,6828.0
1753531702666,12:08:22.666,ARB/USDT:USDT,0.4435,270.0,0.4434,4349.0,0.4436,2335.0,0.4437,6828.0
1753531702883,12:08:22.883,ARB/USDT:USDT,0.4435,270.0,0.4434,4349.0,0.4436,2335.0,0.4437,6828.0
1753531702935,12:08:22.935,ARB/USDT:USDT,0.4435,270.0,0.4434,4349.0,0.4436,2248.0,0.4437,6828.0
1753531703027,12:08:23.027,ARB/USDT:USDT,0.4435,270.0,0.4434,4349.0,0.4436,2248.0,0.4437,6828.0
1753531703387,12:08:23.387,ARB/USDT:USDT,0.4435,270.0,0.4434,4349.0,0.4436,2248.0,0.4437,6828.0
1753531703479,12:08:23.479,ARB/USDT:USDT,0.4434,13.0,0.4433,5704.0,0.4436,2823.0,0.4437,6828.0
1753531703600,12:08:23.600,ARB/USDT:USDT,0.4434,13.0,0.4433,5704.0,0.4436,2829.0,0.4437,6828.0
1753531703662,12:08:23.662,ARB/USDT:USDT,0.4434,13.0,0.4433,5704.0,0.4436,2829.0,0.4437,6828.0
1753531703749,12:08:23.749,ARB/USDT:USDT,0.4434,1432.0,0.4433,5704.0,0.4436,2829.0,0.4437,6828.0
1753531703850,12:08:23.850,ARB/USDT:USDT,0.4434,1432.0,0.4433,5704.0,0.4436,2829.0,0.4437,6828.0
1753531703975,12:08:23.975,ARB/USDT:USDT,0.4434,1432.0,0.4433,5704.0,0.4436,2829.0,0.4437,6828.0
1753531704182,12:08:24.182,ARB/USDT:USDT,0.4434,1432.0,0.4433,5704.0,0.4436,2829.0,0.4437,6828.0
1753531704237,12:08:24.237,ARB/USDT:USDT,0.4434,1432.0,0.4433,5704.0,0.4436,2829.0,0.4437,6828.0
1753531704495,12:08:24.495,ARB/USDT:USDT,0.4434,1519.0,0.4433,5704.0,0.4436,2742.0,0.4437,6828.0
1753531704600,12:08:24.600,ARB/USDT:USDT,0.4434,1432.0,0.4433,5704.0,0.4436,2829.0,0.4437,6828.0
1753531704789,12:08:24.789,ARB/USDT:USDT,0.4434,1432.0,0.4433,5704.0,0.4436,2829.0,0.4437,6828.0
1753531704907,12:08:24.907,ARB/USDT:USDT,0.4434,1519.0,0.4433,5704.0,0.4436,2742.0,0.4437,6828.0
1753531704910,12:08:24.910,ARB/USDT:USDT,0.4434,1432.0,0.4433,5704.0,0.4436,2742.0,0.4437,6828.0
1753531705023,12:08:25.023,ARB/USDT:USDT,0.4434,1432.0,0.4433,5704.0,0.4436,2829.0,0.4437,6828.0
1753531705156,12:08:25.156,ARB/USDT:USDT,0.4434,1432.0,0.4433,5704.0,0.4436,2829.0,0.4437,6828.0
1753531705210,12:08:25.210,ARB/USDT:USDT,0.4434,1432.0,0.4433,5704.0,0.4436,2829.0,0.4437,6828.0
1753531705325,12:08:25.325,ARB/USDT:USDT,0.4434,1432.0,0.4433,5704.0,0.4436,2829.0,0.4437,6828.0
1753531705466,12:08:25.466,ARB/USDT:USDT,0.4434,1432.0,0.4433,5704.0,0.4436,2829.0,0.4437,6828.0
1753531705522,12:08:25.522,ARB/USDT:USDT,0.4434,1432.0,0.4433,5704.0,0.4436,2829.0,0.4437,6828.0
1753531705671,12:08:25.671,ARB/USDT:USDT,0.4434,1432.0,0.4433,5704.0,0.4436,2829.0,0.4437,6828.0
1753531705732,12:08:25.732,ARB/USDT:USDT,0.4434,1432.0,0.4433,5704.0,0.4436,2829.0,0.4437,6828.0
1753531705907,12:08:25.907,ARB/USDT:USDT,0.4435,399.0,0.4434,4964.0,0.4436,2167.0,0.4437,6828.0
1753531705971,12:08:25.971,ARB/USDT:USDT,0.4435,399.0,0.4434,3545.0,0.4436,2161.0,0.4437,6828.0
1753531706042,12:08:26.042,ARB/USDT:USDT,0.4435,399.0,0.4434,3545.0,0.4436,2161.0,0.4437,6828.0
1753531706171,12:08:26.171,ARB/USDT:USDT,0.4435,399.0,0.4434,3545.0,0.4436,2161.0,0.4437,6828.0
1753531706282,12:08:26.282,ARB/USDT:USDT,0.4435,399.0,0.4434,3545.0,0.4436,2248.0,0.4437,6828.0
1753531706392,12:08:26.392,ARB/USDT:USDT,0.4435,270.0,0.4434,3458.0,0.4436,2335.0,0.4437,6828.0
1753531706486,12:08:26.486,ARB/USDT:USDT,0.4435,270.0,0.4434,3458.0,0.4436,2335.0,0.4437,6828.0
1753531706530,12:08:26.530,ARB/USDT:USDT,0.4435,270.0,0.4434,3458.0,0.4436,2335.0,0.4437,6828.0
1753531706703,12:08:26.703,ARB/USDT:USDT,0.4434,1432.0,0.4433,5714.0,0.4436,2823.0,0.4437,6828.0
1753531706804,12:08:26.804,ARB/USDT:USDT,0.4434,1432.0,0.4433,5714.0,0.4436,2829.0,0.4437,6828.0
1753531706878,12:08:26.878,ARB/USDT:USDT,0.4434,1432.0,0.4433,5714.0,0.4436,2829.0,0.4437,6828.0
1753531707288,12:08:27.288,ARB/USDT:USDT,0.4434,1432.0,0.4433,5714.0,0.4436,2829.0,0.4437,6828.0
1753531707336,12:08:27.336,ARB/USDT:USDT,0.4434,1432.0,0.4433,5714.0,0.4436,2829.0,0.4437,6828.0
1753531707569,12:08:27.569,ARB/USDT:USDT,0.4434,1432.0,0.4433,5714.0,0.4436,2829.0,0.4437,6828.0
1753531707649,12:08:27.649,ARB/USDT:USDT,0.4434,1432.0,0.4433,5714.0,0.4436,2829.0,0.4437,6828.0
1753531707790,12:08:27.790,ARB/USDT:USDT,0.4434,1432.0,0.4433,5714.0,0.4436,2829.0,0.4437,6828.0
1753531707890,12:08:27.890,ARB/USDT:USDT,0.4434,1432.0,0.4433,5714.0,0.4436,2829.0,0.4437,6828.0
1753531707982,12:08:27.982,ARB/USDT:USDT,0.4434,1432.0,0.4433,5714.0,0.4436,2829.0,0.4437,6828.0
1753531708158,12:08:28.158,ARB/USDT:USDT,0.4434,1432.0,0.4433,5714.0,0.4436,2829.0,0.4437,6828.0
1753531708260,12:08:28.260,ARB/USDT:USDT,0.4434,1432.0,0.4433,5714.0,0.4436,2829.0,0.4437,6828.0
1753531708499,12:08:28.499,ARB/USDT:USDT,0.4434,1432.0,0.4433,5714.0,0.4436,2829.0,0.4437,6828.0
1753531708516,12:08:28.516,ARB/USDT:USDT,0.4434,1432.0,0.4433,5714.0,0.4436,2829.0,0.4437,6828.0
1753531708775,12:08:28.775,ARB/USDT:USDT,0.4434,1432.0,0.4433,5714.0,0.4436,2829.0,0.4437,6828.0
1753531709005,12:08:29.005,ARB/USDT:USDT,0.4434,1432.0,0.4433,5714.0,0.4436,2829.0,0.4437,6828.0
1753531709088,12:08:29.088,ARB/USDT:USDT,0.4434,1432.0,0.4433,5714.0,0.4436,2829.0,0.4437,6828.0
1753531709186,12:08:29.186,ARB/USDT:USDT,0.4434,1606.0,0.4433,5714.0,0.4436,2655.0,0.4437,6828.0
1753531709290,12:08:29.290,ARB/USDT:USDT,0.4434,1606.0,0.4433,5714.0,0.4436,2742.0,0.4437,6828.0
1753531709337,12:08:29.337,ARB/USDT:USDT,0.4434,1519.0,0.4433,5714.0,0.4436,2829.0,0.4437,6828.0
1753531709506,12:08:29.506,ARB/USDT:USDT,0.4434,1432.0,0.4433,5714.0,0.4436,2829.0,0.4437,6828.0
1753531709512,12:08:29.512,ARB/USDT:USDT,0.4434,1432.0,0.4433,5714.0,0.4436,2829.0,0.4437,6828.0
1753531709647,12:08:29.647,ARB/USDT:USDT,0.4434,1432.0,0.4433,5714.0,0.4436,2829.0,0.4437,6828.0
1753531710072,12:08:30.072,ARB/USDT:USDT,0.4434,1432.0,0.4433,5714.0,0.4436,2829.0,0.4437,6828.0
1753531710177,12:08:30.177,ARB/USDT:USDT,0.4434,1432.0,0.4433,5714.0,0.4436,2829.0,0.4437,6828.0
1753531710297,12:08:30.297,ARB/USDT:USDT,0.4435,399.0,0.4434,5971.0,0.4436,2167.0,0.4437,1626.0
1753531710401,12:08:30.401,ARB/USDT:USDT,0.4435,399.0,0.4434,5797.0,0.4436,2161.0,0.4437,7095.0
1753531710505,12:08:30.505,ARB/USDT:USDT,0.4435,399.0,0.4434,4378.0,0.4436,2161.0,0.4437,7095.0
1753531710599,12:08:30.599,ARB/USDT:USDT,0.4435,399.0,0.4434,4378.0,0.4436,2161.0,0.4437,7095.0
1753531710630,12:08:30.630,ARB/USDT:USDT,0.4435,399.0,0.4434,4378.0,0.4436,2161.0,0.4437,7095.0
1753531710820,12:08:30.820,ARB/USDT:USDT,0.4435,399.0,0.4434,4378.0,0.4436,2161.0,0.4437,7095.0
1753531711068,12:08:31.068,ARB/USDT:USDT,0.4435,399.0,0.4434,4378.0,0.4436,2161.0,0.4437,7095.0
1753531711219,12:08:31.219,ARB/USDT:USDT,0.4435,399.0,0.4434,4378.0,0.4436,2161.0,0.4437,7095.0
1753531711331,12:08:31.331,ARB/USDT:USDT,0.4435,399.0,0.4434,4378.0,0.4436,2161.0,0.4437,7095.0
1753531711499,12:08:31.499,ARB/USDT:USDT,0.4435,399.0,0.4434,4378.0,0.4436,2161.0,0.4437,7095.0
1753531711626,12:08:31.626,ARB/USDT:USDT,0.4435,399.0,0.4434,4378.0,0.4436,2161.0,0.4437,7095.0
1753531711790,12:08:31.790,ARB/USDT:USDT,0.4435,1309.0,0.4434,4378.0,0.4436,2161.0,0.4437,6194.0
1753531711888,12:08:31.888,ARB/USDT:USDT,0.4435,1396.0,0.4434,4378.0,0.4436,2161.0,0.4437,6194.0
1753531712003,12:08:32.003,ARB/USDT:USDT,0.4435,1309.0,0.4434,4378.0,0.4436,2161.0,0.4437,6194.0
1753531712062,12:08:32.062,ARB/USDT:USDT,0.4435,1396.0,0.4434,4378.0,0.4436,2161.0,0.4437,6194.0
1753531712202,12:08:32.202,ARB/USDT:USDT,0.4435,1396.0,0.4434,4378.0,0.4436,2161.0,0.4437,5969.0
1753531712281,12:08:32.281,ARB/USDT:USDT,0.4435,1483.0,0.4434,4378.0,0.4436,2161.0,0.4437,4385.0
1753531712360,12:08:32.360,ARB/USDT:USDT,0.4435,1396.0,0.4434,4378.0,0.4436,2161.0,0.4437,4385.0
1753531712483,12:08:32.483,ARB/USDT:USDT,0.4435,1483.0,0.4434,4378.0,0.4436,2161.0,0.4437,4385.0
1753531712561,12:08:32.561,ARB/USDT:USDT,0.4435,1396.0,0.4434,4378.0,0.4436,2161.0,0.4437,4385.0
1753531712766,12:08:32.766,ARB/USDT:USDT,0.4435,1396.0,0.4434,4378.0,0.4436,2161.0,0.4437,4385.0
1753531712875,12:08:32.875,ARB/USDT:USDT,0.4435,1309.0,0.4434,4378.0,0.4436,2161.0,0.4437,4610.0
1753531712997,12:08:32.997,ARB/USDT:USDT,0.4435,1309.0,0.4434,4378.0,0.4436,2161.0,0.4437,4610.0
1753531713070,12:08:33.070,ARB/USDT:USDT,0.4435,2270.0,0.4434,4378.0,0.4436,2161.0,0.4437,4610.0
1753531713148,12:08:33.148,ARB/USDT:USDT,0.4435,2357.0,0.4434,4378.0,0.4436,2161.0,0.4437,4610.0
1753531713405,12:08:33.405,ARB/USDT:USDT,0.4435,1396.0,0.4434,4378.0,0.4436,2161.0,0.4437,4610.0
1753531713580,12:08:33.580,ARB/USDT:USDT,0.4435,1396.0,0.4434,4378.0,0.4436,2161.0,0.4437,4610.0
1753531713679,12:08:33.679,ARB/USDT:USDT,0.4435,1396.0,0.4434,4378.0,0.4436,2161.0,0.4437,4610.0
1753531713791,12:08:33.791,ARB/USDT:USDT,0.4435,270.0,0.4434,4378.0,0.4436,2248.0,0.4437,4610.0
1753531713872,12:08:33.872,ARB/USDT:USDT,0.4435,270.0,0.4434,4378.0,0.4436,2335.0,0.4437,5520.0
1753531714005,12:08:34.005,ARB/USDT:USDT,0.4435,270.0,0.4434,4378.0,0.4436,2335.0,0.4437,5520.0
1753531714199,12:08:34.199,ARB/USDT:USDT,0.4435,270.0,0.4434,4378.0,0.4436,2335.0,0.4437,5520.0
1753531714249,12:08:34.249,ARB/USDT:USDT,0.4435,270.0,0.4434,4378.0,0.4436,2335.0,0.4437,5520.0
1753531714309,12:08:34.309,ARB/USDT:USDT,0.4435,270.0,0.4434,4378.0,0.4436,2335.0,0.4437,5520.0
1753531714504,12:08:34.504,ARB/USDT:USDT,0.4435,270.0,0.4434,4378.0,0.4436,2335.0,0.4437,5520.0
1753531714578,12:08:34.578,ARB/USDT:USDT,0.4435,270.0,0.4434,4378.0,0.4436,2335.0,0.4437,5520.0
1753531714673,12:08:34.673,ARB/USDT:USDT,0.4434,1432.0,0.4433,5749.0,0.4436,2335.0,0.4437,5520.0
1753531714779,12:08:34.779,ARB/USDT:USDT,0.4434,1432.0,0.4433,5749.0,0.4436,2832.0,0.4437,5520.0
1753531714897,12:08:34.897,ARB/USDT:USDT,0.4434,1432.0,0.4433,5749.0,0.4436,2832.0,0.4437,5520.0
1753531714964,12:08:34.964,ARB/USDT:USDT,0.4434,1432.0,0.4433,5749.0,0.4436,2832.0,0.4437,5520.0
1753531715170,12:08:35.170,ARB/USDT:USDT,0.4434,1432.0,0.4433,5749.0,0.4436,2832.0,0.4437,5520.0
1753531715248,12:08:35.248,ARB/USDT:USDT,0.4434,1432.0,0.4433,5749.0,0.4436,2832.0,0.4437,5520.0
1753531715426,12:08:35.426,ARB/USDT:USDT,0.4434,1432.0,0.4433,5749.0,0.4436,2832.0,0.4437,5520.0
1753531715580,12:08:35.580,ARB/USDT:USDT,0.4434,13.0,0.4433,5749.0,0.4436,2832.0,0.4437,5520.0
1753531715692,12:08:35.692,ARB/USDT:USDT,0.4434,13.0,0.4433,5749.0,0.4436,2832.0,0.4437,5520.0
1753531715794,12:08:35.794,ARB/USDT:USDT,0.4434,1432.0,0.4433,5749.0,0.4436,3332.0,0.4437,5520.0
1753531716024,12:08:36.024,ARB/USDT:USDT,0.4434,1432.0,0.4433,5749.0,0.4436,3332.0,0.4437,5520.0
1753531716185,12:08:36.185,ARB/USDT:USDT,0.4434,1432.0,0.4433,5749.0,0.4436,3332.0,0.4437,5520.0
1753531716385,12:08:36.385,ARB/USDT:USDT,0.4434,1432.0,0.4433,5749.0,0.4436,3332.0,0.4437,5520.0
1753531716487,12:08:36.487,ARB/USDT:USDT,0.4434,1432.0,0.4433,5749.0,0.4436,3332.0,0.4437,5520.0
1753531716604,12:08:36.604,ARB/USDT:USDT,0.4434,13.0,0.4433,1333.0,0.4435,910.0,0.4436,4456.0
1753531716693,12:08:36.693,ARB/USDT:USDT,0.4433,513.0,0.4432,5413.0,0.4435,2903.0,0.4436,4889.0
1753531716730,12:08:36.730,ARB/USDT:USDT,0.4433,1932.0,0.4432,8903.0,0.4435,2909.0,0.4436,4889.0
1753531716859,12:08:36.859,ARB/USDT:USDT,0.4433,513.0,0.4432,8903.0,0.4435,2909.0,0.4436,4889.0
1753531717004,12:08:37.004,ARB/USDT:USDT,0.4433,513.0,0.4432,8903.0,0.4435,3134.0,0.4436,4889.0
1753531717050,12:08:37.050,ARB/USDT:USDT,0.4433,513.0,0.4432,8903.0,0.4435,3134.0,0.4436,4889.0
1753531717161,12:08:37.161,ARB/USDT:USDT,0.4433,513.0,0.4432,8903.0,0.4435,3134.0,0.4436,4889.0
1753531717273,12:08:37.273,ARB/USDT:USDT,0.4433,513.0,0.4432,8903.0,0.4435,3134.0,0.4436,4889.0
1753531717399,12:08:37.399,ARB/USDT:USDT,0.4433,513.0,0.4432,8903.0,0.4435,3134.0,0.4436,4889.0
1753531717606,12:08:37.606,ARB/USDT:USDT,0.4433,513.0,0.4432,8903.0,0.4435,3134.0,0.4436,4889.0
1753531717697,12:08:37.697,ARB/USDT:USDT,0.4433,513.0,0.4432,8903.0,0.4435,3134.0,0.4436,4889.0
1753531717764,12:08:37.764,ARB/USDT:USDT,0.4433,513.0,0.4432,8903.0,0.4435,3134.0,0.4436,4889.0
1753531717867,12:08:37.867,ARB/USDT:USDT,0.4433,513.0,0.4432,8903.0,0.4435,3134.0,0.4436,4889.0
1753531717977,12:08:37.977,ARB/USDT:USDT,0.4433,513.0,0.4432,8903.0,0.4435,3134.0,0.4436,4889.0
1753531718107,12:08:38.107,ARB/USDT:USDT,0.4433,513.0,0.4432,8903.0,0.4435,3134.0,0.4436,4889.0
1753531718110,12:08:38.110,ARB/USDT:USDT,0.4433,513.0,0.4432,8903.0,0.4435,3134.0,0.4436,5387.0
1753531718280,12:08:38.280,ARB/USDT:USDT,0.4434,270.0,0.4433,4003.0,0.4435,1815.0,0.4436,6463.0
1753531718327,12:08:38.327,ARB/USDT:USDT,0.4434,270.0,0.4433,4003.0,0.4435,1809.0,0.4436,6463.0
1753531718695,12:08:38.695,ARB/USDT:USDT,0.4433,513.0,0.4432,8903.0,0.4435,2945.0,0.4436,6463.0
1753531718714,12:08:38.714,ARB/USDT:USDT,0.4433,513.0,0.4432,8903.0,0.4435,2951.0,0.4436,6463.0
1753531718823,12:08:38.823,ARB/USDT:USDT,0.4433,513.0,0.4432,8903.0,0.4435,2951.0,0.4436,6463.0
1753531719004,12:08:39.004,ARB/USDT:USDT,0.4433,13.0,0.4432,7977.0,0.4434,1584.0,0.4435,2777.0
1753531719071,12:08:39.071,ARB/USDT:USDT,0.4432,500.0,0.4431,7982.0,0.4434,7056.0,0.4435,16114.0
1753531719202,12:08:39.202,ARB/USDT:USDT,0.4432,503.0,0.4431,7982.0,0.4433,997.0,0.4434,6975.0
1753531719303,12:08:39.303,ARB/USDT:USDT,0.4432,503.0,0.4431,7982.0,0.4433,1096.0,0.4434,6882.0
1753531719376,12:08:39.376,ARB/USDT:USDT,0.4432,503.0,0.4431,7982.0,0.4433,1096.0,0.4434,6882.0
1753531719584,12:08:39.584,ARB/USDT:USDT,0.4432,503.0,0.4431,7982.0,0.4433,186.0,0.4434,6882.0
1753531719790,12:08:39.790,ARB/USDT:USDT,0.4432,560.0,0.4431,8482.0,0.4433,12.0,0.4434,6882.0
1753531719810,12:08:39.810,ARB/USDT:USDT,0.4432,560.0,0.4431,9901.0,0.4433,12.0,0.4434,6882.0
1753531719971,12:08:39.971,ARB/USDT:USDT,0.4432,560.0,0.4431,9901.0,0.4433,12.0,0.4434,5758.0
1753531720044,12:08:40.044,ARB/USDT:USDT,0.4432,560.0,0.4431,14059.0,0.4433,12.0,0.4434,5758.0
1753531720279,12:08:40.279,ARB/USDT:USDT,0.4432,560.0,0.4431,9901.0,0.4433,99.0,0.4434,5758.0
1753531720372,12:08:40.372,ARB/USDT:USDT,0.4432,503.0,0.4431,9901.0,0.4433,186.0,0.4434,6882.0
1753531720496,12:08:40.496,ARB/USDT:USDT,0.4432,560.0,0.4431,9901.0,0.4433,12.0,0.4434,3025.0
1753531720591,12:08:40.591,ARB/USDT:USDT,0.4432,560.0,0.4431,9901.0,0.4433,186.0,0.4434,6291.0
1753531720696,12:08:40.696,ARB/USDT:USDT,0.4432,503.0,0.4431,9901.0,0.4433,186.0,0.4434,6291.0
1753531721006,12:08:41.006,ARB/USDT:USDT,0.4432,3.0,0.4431,9901.0,0.4433,1003.0,0.4434,6291.0
1753531721096,12:08:41.096,ARB/USDT:USDT,0.4432,3.0,0.4431,2178.0,0.4433,1090.0,0.4434,6291.0
1753531721191,12:08:41.191,ARB/USDT:USDT,0.4431,762.0,0.443,12651.0,0.4433,2734.0,0.4434,6291.0
1753531721270,12:08:41.270,ARB/USDT:USDT,0.4431,762.0,0.443,12651.0,0.4433,2728.0,0.4434,6291.0
1753531721389,12:08:41.389,ARB/USDT:USDT,0.4431,762.0,0.443,12651.0,0.4433,2728.0,0.4434,6291.0
1753531721503,12:08:41.503,ARB/USDT:USDT,0.4431,762.0,0.443,12651.0,0.4433,2728.0,0.4434,6291.0
1753531721702,12:08:41.702,ARB/USDT:USDT,0.4431,762.0,0.443,12651.0,0.4433,2728.0,0.4434,6291.0
1753531721710,12:08:41.710,ARB/USDT:USDT,0.4431,762.0,0.443,12651.0,0.4433,2069.0,0.4434,6291.0
1753531721816,12:08:41.816,ARB/USDT:USDT,0.4431,762.0,0.443,12651.0,0.4433,2081.0,0.4434,6291.0
1753531722061,12:08:42.061,ARB/USDT:USDT,0.4431,762.0,0.443,12651.0,0.4433,2081.0,0.4434,6291.0
1753531722486,12:08:42.486,ARB/USDT:USDT,0.4431,5536.0,0.443,17433.0,0.4433,1907.0,0.4434,6291.0
1753531722605,12:08:42.605,ARB/USDT:USDT,0.4431,5533.0,0.443,17433.0,0.4433,18.0,0.4434,6291.0
1753531722689,12:08:42.689,ARB/USDT:USDT,0.4432,186.0,0.4431,5359.0,0.4433,18.0,0.4434,6291.0
1753531722782,12:08:42.782,ARB/USDT:USDT,0.4432,189.0,0.4431,6263.0,0.4433,12.0,0.4434,6291.0
1753531722821,12:08:42.821,ARB/USDT:USDT,0.4432,189.0,0.4431,6263.0,0.4433,12.0,0.4434,6291.0
1753531723009,12:08:43.009,ARB/USDT:USDT,0.4432,189.0,0.4431,6263.0,0.4433,12.0,0.4434,6291.0
1753531723275,12:08:43.275,ARB/USDT:USDT,0.4432,189.0,0.4431,6263.0,0.4433,99.0,0.4434,6291.0
1753531723352,12:08:43.352,ARB/USDT:USDT,0.4432,60.0,0.4431,6263.0,0.4433,99.0,0.4434,6291.0
1753531723450,12:08:43.450,ARB/USDT:USDT,0.4432,189.0,0.4431,6263.0,0.4433,12.0,0.4434,6291.0
1753531723544,12:08:43.544,ARB/USDT:USDT,0.4432,189.0,0.4431,6263.0,0.4433,12.0,0.4434,6291.0
1753531724005,12:08:44.005,ARB/USDT:USDT,0.4432,189.0,0.4431,6263.0,0.4433,12.0,0.4434,6291.0
1753531724079,12:08:44.079,ARB/USDT:USDT,0.4432,3.0,0.4431,1663.0,0.4433,411.0,0.4434,6291.0
1753531724190,12:08:44.190,ARB/USDT:USDT,0.4431,1012.0,0.443,13275.0,0.4433,1171.0,0.4434,6291.0
1753531724214,12:08:44.214,ARB/USDT:USDT,0.4431,1009.0,0.443,13275.0,0.4433,1165.0,0.4434,6291.0
1753531724404,12:08:44.404,ARB/USDT:USDT,0.4431,1009.0,0.443,13275.0,0.4433,1165.0,0.4434,6291.0
1753531724421,12:08:44.421,ARB/USDT:USDT,0.4431,1009.0,0.443,13275.0,0.4433,1165.0,0.4434,6291.0
1753531724671,12:08:44.671,ARB/USDT:USDT,0.4431,2383.0,0.443,13275.0,0.4433,1165.0,0.4434,6291.0
1753531724749,12:08:44.749,ARB/USDT:USDT,0.4431,2470.0,0.443,13275.0,0.4433,991.0,0.4434,6291.0
1753531724905,12:08:44.905,ARB/USDT:USDT,0.4431,5955.0,0.443,13275.0,0.4433,853.0,0.4434,6291.0
1753531724931,12:08:44.931,ARB/USDT:USDT,0.4431,6042.0,0.443,13275.0,0.4433,853.0,0.4434,6291.0
1753531725103,12:08:45.103,ARB/USDT:USDT,0.4432,399.0,0.4431,5955.0,0.4433,6.0,0.4434,6291.0
1753531725131,12:08:45.131,ARB/USDT:USDT,0.4432,402.0,0.4431,15614.0,0.4433,12.0,0.4434,6291.0
1753531725235,12:08:45.235,ARB/USDT:USDT,0.4432,402.0,0.4431,15614.0,0.4433,12.0,0.4434,6291.0
1753531725684,12:08:45.684,ARB/USDT:USDT,0.4432,402.0,0.4431,15614.0,0.4433,12.0,0.4434,5381.0
1753531726003,12:08:46.003,ARB/USDT:USDT,0.4432,402.0,0.4431,15614.0,0.4433,12.0,0.4434,5381.0
1753531726027,12:08:46.027,ARB/USDT:USDT,0.4432,402.0,0.4431,15614.0,0.4433,12.0,0.4434,5381.0
1753531726129,12:08:46.129,ARB/USDT:USDT,0.4432,402.0,0.4431,23562.0,0.4433,12.0,0.4434,5381.0
1753531726359,12:08:46.359,ARB/USDT:USDT,0.4432,402.0,0.4431,23562.0,0.4433,12.0,0.4434,5381.0
1753531726728,12:08:46.728,ARB/USDT:USDT,0.4432,402.0,0.4431,23562.0,0.4433,12.0,0.4434,5381.0
1753531726830,12:08:46.830,ARB/USDT:USDT,0.4432,402.0,0.4431,23562.0,0.4433,12.0,0.4434,5381.0
1753531727037,12:08:47.037,ARB/USDT:USDT,0.4432,402.0,0.4431,23562.0,0.4433,12.0,0.4434,5381.0
1753531727151,12:08:47.151,ARB/USDT:USDT,0.4432,273.0,0.4431,23562.0,0.4433,99.0,0.4434,5381.0
1753531727235,12:08:47.235,ARB/USDT:USDT,0.4432,402.0,0.4431,23562.0,0.4433,12.0,0.4434,5381.0
1753531727561,12:08:47.561,ARB/USDT:USDT,0.4432,1306.0,0.4431,23562.0,0.4433,12.0,0.4434,5381.0
1753531727744,12:08:47.744,ARB/USDT:USDT,0.4432,1306.0,0.4431,23562.0,0.4433,12.0,0.4434,5381.0
1753531727990,12:08:47.990,ARB/USDT:USDT,0.4432,2267.0,0.4431,22688.0,0.4433,12.0,0.4434,4257.0
1753531728053,12:08:48.053,ARB/USDT:USDT,0.4432,2354.0,0.4431,22688.0,0.4433,12.0,0.4434,4257.0
1753531728123,12:08:48.123,ARB/USDT:USDT,0.4432,2267.0,0.4431,22688.0,0.4433,12.0,0.4434,4257.0
1753531728298,12:08:48.298,ARB/USDT:USDT,0.4432,2180.0,0.4431,22688.0,0.4433,12.0,0.4434,4257.0
1753531728538,12:08:48.538,ARB/USDT:USDT,0.4432,2180.0,0.4431,22688.0,0.4433,12.0,0.4434,4257.0
1753531728765,12:08:48.765,ARB/USDT:USDT,0.4432,2180.0,0.4431,22688.0,0.4433,12.0,0.4434,4257.0
1753531729226,12:08:49.226,ARB/USDT:USDT,0.4432,2180.0,0.4431,22688.0,0.4433,12.0,0.4434,4257.0
1753531729469,12:08:49.469,ARB/USDT:USDT,0.4432,2180.0,0.4431,22688.0,0.4433,12.0,0.4434,4257.0
1753531729650,12:08:49.650,ARB/USDT:USDT,0.4432,2180.0,0.4431,22688.0,0.4433,12.0,0.4434,4257.0
1753531729835,12:08:49.835,ARB/USDT:USDT,0.4432,402.0,0.4431,22688.0,0.4433,12.0,0.4434,5381.0
1753531730106,12:08:50.106,ARB/USDT:USDT,0.4432,273.0,0.4431,22688.0,0.4433,12.0,0.4434,5381.0
1753531730178,12:08:50.178,ARB/USDT:USDT,0.4432,273.0,0.4431,22688.0,0.4433,99.0,0.4434,6309.0
1753531730211,12:08:50.211,ARB/USDT:USDT,0.4432,273.0,0.4431,22688.0,0.4433,186.0,0.4434,6309.0
1753531730312,12:08:50.312,ARB/USDT:USDT,0.4432,273.0,0.4431,22688.0,0.4433,99.0,0.4434,6309.0
1753531730622,12:08:50.622,ARB/USDT:USDT,0.4432,273.0,0.4431,21784.0,0.4433,1114.0,0.4434,6309.0
1753531730852,12:08:50.852,ARB/USDT:USDT,0.4432,273.0,0.4431,21784.0,0.4433,1114.0,0.4434,6309.0
1753531731029,12:08:51.029,ARB/USDT:USDT,0.4432,273.0,0.4431,21784.0,0.4433,1114.0,0.4434,6309.0
1753531731189,12:08:51.189,ARB/USDT:USDT,0.4432,402.0,0.4431,21784.0,0.4433,1027.0,0.4434,6309.0
1753531731305,12:08:51.305,ARB/USDT:USDT,0.4432,402.0,0.4431,21784.0,0.4433,12.0,0.4434,6309.0
1753531731539,12:08:51.539,ARB/USDT:USDT,0.4432,402.0,0.4431,21784.0,0.4433,12.0,0.4434,6309.0
1753531731936,12:08:51.936,ARB/USDT:USDT,0.4432,402.0,0.4431,21784.0,0.4433,12.0,0.4434,6309.0
1753531733028,12:08:53.028,ARB/USDT:USDT,0.4432,402.0,0.4431,21784.0,0.4433,12.0,0.4434,6309.0
1753531733149,12:08:53.149,ARB/USDT:USDT,0.4432,402.0,0.4431,21784.0,0.4433,12.0,0.4434,6309.0
1753531733270,12:08:53.270,ARB/USDT:USDT,0.4432,3.0,0.4431,21784.0,0.4433,12.0,0.4434,6309.0
1753531733311,12:08:53.311,ARB/USDT:USDT,0.4432,3.0,0.4431,21784.0,0.4433,99.0,0.4434,6309.0
1753531733700,12:08:53.700,ARB/USDT:USDT,0.4432,3.0,0.4431,21784.0,0.4433,99.0,0.4434,6309.0
1753531734073,12:08:54.073,ARB/USDT:USDT,0.4432,189.0,0.4431,21784.0,0.4433,12.0,0.4434,6309.0
1753531734201,12:08:54.201,ARB/USDT:USDT,0.4432,60.0,0.4431,21784.0,0.4433,186.0,0.4434,6309.0
1753531734264,12:08:54.264,ARB/USDT:USDT,0.4432,60.0,0.4431,21784.0,0.4433,12.0,0.4434,6309.0
1753531734327,12:08:54.327,ARB/USDT:USDT,0.4432,60.0,0.4431,21784.0,0.4433,186.0,0.4434,6309.0
1753531734436,12:08:54.436,ARB/USDT:USDT,0.4432,60.0,0.4431,21784.0,0.4433,186.0,0.4434,6309.0
1753531734538,12:08:54.538,ARB/USDT:USDT,0.4432,60.0,0.4431,21784.0,0.4433,186.0,0.4434,6309.0
1753531735006,12:08:55.006,ARB/USDT:USDT,0.4432,60.0,0.4431,21784.0,0.4433,186.0,0.4434,6309.0
1753531735040,12:08:55.040,ARB/USDT:USDT,0.4432,60.0,0.4431,21784.0,0.4433,186.0,0.4434,6309.0
1753531735144,12:08:55.144,ARB/USDT:USDT,0.4432,60.0,0.4431,21784.0,0.4433,186.0,0.4434,6309.0
1753531735251,12:08:55.251,ARB/USDT:USDT,0.4432,60.0,0.4431,21784.0,0.4433,186.0,0.4434,6309.0
1753531735490,12:08:55.490,ARB/USDT:USDT,0.4432,60.0,0.4431,21784.0,0.4433,186.0,0.4434,9970.0
1753531735613,12:08:55.613,ARB/USDT:USDT,0.4432,189.0,0.4431,21784.0,0.4433,99.0,0.4434,9970.0
1753531736170,12:08:56.170,ARB/USDT:USDT,0.4432,189.0,0.4431,21784.0,0.4433,99.0,0.4434,9970.0
1753531736400,12:08:56.400,ARB/USDT:USDT,0.4432,60.0,0.4431,21784.0,0.4433,186.0,0.4434,9970.0
1753531737180,12:08:57.180,ARB/USDT:USDT,0.4432,60.0,0.4431,21784.0,0.4433,186.0,0.4434,9970.0
1753531737230,12:08:57.230,ARB/USDT:USDT,0.4432,189.0,0.4431,21784.0,0.4433,12.0,0.4434,9970.0
1753531738004,12:08:58.004,ARB/USDT:USDT,0.4432,189.0,0.4431,21784.0,0.4433,12.0,0.4434,9970.0
1753531738190,12:08:58.190,ARB/USDT:USDT,0.4432,3.0,0.4431,21784.0,0.4433,186.0,0.4434,9970.0
1753531738996,12:08:58.996,ARB/USDT:USDT,0.4432,189.0,0.4431,21784.0,0.4433,12.0,0.4434,9970.0
1753531739119,12:08:59.119,ARB/USDT:USDT,0.4432,189.0,0.4431,21784.0,0.4433,186.0,0.4434,9970.0
1753531739269,12:08:59.269,ARB/USDT:USDT,0.4432,189.0,0.4431,21784.0,0.4433,186.0,0.4434,9970.0
1753531739323,12:08:59.323,ARB/USDT:USDT,0.4432,60.0,0.4431,21784.0,0.4433,186.0,0.4434,9970.0
1753531739515,12:08:59.515,ARB/USDT:USDT,0.4432,60.0,0.4431,605.0,0.4433,186.0,0.4434,9970.0
1753531740393,12:09:00.393,ARB/USDT:USDT,0.4432,60.0,0.4431,605.0,0.4433,186.0,0.4434,9970.0
1753531740493,12:09:00.493,ARB/USDT:USDT,0.4432,60.0,0.4431,605.0,0.4433,186.0,0.4434,9970.0
1753531740584,12:09:00.584,ARB/USDT:USDT,0.4432,60.0,0.4431,605.0,0.4433,186.0,0.4434,9970.0
1753531740885,12:09:00.885,ARB/USDT:USDT,0.4432,60.0,0.4431,1532.0,0.4433,186.0,0.4434,9970.0
1753531741085,12:09:01.085,ARB/USDT:USDT,0.4432,60.0,0.4431,1532.0,0.4433,186.0,0.4434,9970.0
1753531741290,12:09:01.290,ARB/USDT:USDT,0.4432,60.0,0.4431,1532.0,0.4433,186.0,0.4434,6309.0
1753531741311,12:09:01.311,ARB/USDT:USDT,0.4432,60.0,0.4431,1532.0,0.4433,186.0,0.4434,6309.0
1753531741449,12:09:01.449,ARB/USDT:USDT,0.4432,60.0,0.4431,1532.0,0.4433,186.0,0.4434,6309.0
1753531741537,12:09:01.537,ARB/USDT:USDT,0.4432,60.0,0.4431,1532.0,0.4433,186.0,0.4434,6309.0
1753531741633,12:09:01.633,ARB/USDT:USDT,0.4432,60.0,0.4431,1532.0,0.4433,186.0,0.4434,6309.0
1753531741755,12:09:01.755,ARB/USDT:USDT,0.4432,60.0,0.4431,1532.0,0.4433,186.0,0.4434,6309.0
1753531741899,12:09:01.899,ARB/USDT:USDT,0.4432,189.0,0.4431,1532.0,0.4433,99.0,0.4434,6309.0
1753531741940,12:09:01.940,ARB/USDT:USDT,0.4432,189.0,0.4431,1532.0,0.4433,99.0,0.4434,6309.0
1753531742052,12:09:02.052,ARB/USDT:USDT,0.4432,189.0,0.4431,1532.0,0.4433,186.0,0.4434,6309.0
1753531742269,12:09:02.269,ARB/USDT:USDT,0.4432,189.0,0.4431,1532.0,0.4433,12.0,0.4434,6309.0
1753531742400,12:09:02.400,ARB/USDT:USDT,0.4432,189.0,0.4431,5092.0,0.4433,12.0,0.4434,6309.0
1753531742455,12:09:02.455,ARB/USDT:USDT,0.4432,189.0,0.4431,5092.0,0.4433,12.0,0.4434,6309.0
1753531742562,12:09:02.562,ARB/USDT:USDT,0.4432,189.0,0.4431,5092.0,0.4433,12.0,0.4434,6309.0
1753531742701,12:09:02.701,ARB/USDT:USDT,0.4432,189.0,0.4431,5092.0,0.4433,12.0,0.4434,6309.0
1753531742801,12:09:02.801,ARB/USDT:USDT,0.4432,189.0,0.4431,5092.0,0.4433,12.0,0.4434,6309.0
1753531742891,12:09:02.891,ARB/USDT:USDT,0.4432,189.0,0.4431,5092.0,0.4433,12.0,0.4434,6309.0
1753531743005,12:09:03.005,ARB/USDT:USDT,0.4432,189.0,0.4431,5092.0,0.4433,12.0,0.4434,6309.0
1753531743172,12:09:03.172,ARB/USDT:USDT,0.4432,189.0,0.4431,5092.0,0.4433,12.0,0.4434,6309.0
1753531743307,12:09:03.307,ARB/USDT:USDT,0.4432,60.0,0.4431,5092.0,0.4433,12.0,0.4434,6309.0
1753531743350,12:09:03.350,ARB/USDT:USDT,0.4432,189.0,0.4431,5092.0,0.4433,12.0,0.4434,6309.0
1753531743465,12:09:03.465,ARB/USDT:USDT,0.4432,189.0,0.4431,5092.0,0.4433,12.0,0.4434,6309.0
1753531743543,12:09:03.543,ARB/USDT:USDT,0.4432,189.0,0.4431,5092.0,0.4433,12.0,0.4434,6309.0
1753531743654,12:09:03.654,ARB/USDT:USDT,0.4432,189.0,0.4431,5092.0,0.4433,12.0,0.4434,6309.0
1753531743778,12:09:03.778,ARB/USDT:USDT,0.4432,189.0,0.4431,5092.0,0.4433,12.0,0.4434,6309.0
1753531743829,12:09:03.829,ARB/USDT:USDT,0.4432,189.0,0.4431,5092.0,0.4433,12.0,0.4434,6309.0
1753531743930,12:09:03.930,ARB/USDT:USDT,0.4432,189.0,0.4431,5092.0,0.4433,12.0,0.4434,6309.0
1753531744054,12:09:04.054,ARB/USDT:USDT,0.4432,189.0,0.4431,5092.0,0.4433,12.0,0.4434,6309.0
1753531744191,12:09:04.191,ARB/USDT:USDT,0.4432,189.0,0.4431,5092.0,0.4433,12.0,0.4434,6309.0
1753531744297,12:09:04.297,ARB/USDT:USDT,0.4432,168.0,0.4431,5092.0,0.4433,12.0,0.4434,6309.0
1753531744384,12:09:04.384,ARB/USDT:USDT,0.4432,171.0,0.4431,5092.0,0.4433,12.0,0.4434,6309.0
1753531744492,12:09:04.492,ARB/USDT:USDT,0.4432,168.0,0.4431,5092.0,0.4433,13.0,0.4434,6309.0
1753531744593,12:09:04.593,ARB/USDT:USDT,0.4432,168.0,0.4431,5092.0,0.4433,13.0,0.4434,6309.0
1753531744661,12:09:04.661,ARB/USDT:USDT,0.4432,168.0,0.4431,5092.0,0.4433,13.0,0.4434,6309.0
1753531744814,12:09:04.814,ARB/USDT:USDT,0.4432,168.0,0.4431,5092.0,0.4433,13.0,0.4434,6309.0
1753531745043,12:09:05.043,ARB/USDT:USDT,0.4432,168.0,0.4431,5092.0,0.4433,13.0,0.4434,6309.0
1753531745195,12:09:05.195,ARB/USDT:USDT,0.4432,39.0,0.4431,5092.0,0.4433,187.0,0.4434,6309.0
1753531745405,12:09:05.405,ARB/USDT:USDT,0.4432,168.0,0.4431,5092.0,0.4433,13.0,0.4434,6309.0
