timestamp,time,symbol,bid1_price,bid1_volume,bid2_price,bid2_volume,ask1_price,ask1_volume,ask2_price,ask2_volume
1753531540000,12:05:40.000,ACH/USDT:USDT,0.02268,189.0,0.02267,2248.0,0.0227,206.0,0.02271,186.0
1753531540990,12:05:40.990,ACH/USDT:USDT,0.02268,189.0,0.02267,2248.0,0.02271,186.0,0.02272,2927.0
1753531541068,12:05:41.068,ACH/USDT:USDT,0.02269,4.0,0.02268,189.0,0.0227,18.0,0.02271,998.0
1753531541143,12:05:41.143,ACH/USDT:USDT,0.02269,4.0,0.02268,189.0,0.0227,206.0,0.02271,998.0
1753531542075,12:05:42.075,ACH/USDT:USDT,0.02269,4.0,0.02268,189.0,0.0227,18.0,0.02271,998.0
1753531542116,12:05:42.116,ACH/USDT:USDT,0.02269,4.0,0.02268,189.0,0.0227,18.0,0.02271,1057.0
1753531542229,12:05:42.229,ACH/USDT:USDT,0.02269,4.0,0.02268,189.0,0.0227,18.0,0.02271,998.0
1753531544568,12:05:44.568,ACH/USDT:USDT,0.02269,4.0,0.02268,189.0,0.0227,205.0,0.02271,998.0
1753531544616,12:05:44.616,ACH/USDT:USDT,0.02269,4.0,0.02268,189.0,0.0227,205.0,0.02271,1057.0
1753531544770,12:05:44.770,ACH/USDT:USDT,0.02269,4.0,0.02268,189.0,0.0227,205.0,0.02271,186.0
1753531545095,12:05:45.095,ACH/USDT:USDT,0.02269,4.0,0.02268,189.0,0.0227,205.0,0.02271,186.0
1753531545616,12:05:45.616,ACH/USDT:USDT,0.02269,4.0,0.02268,189.0,0.0227,205.0,0.02271,245.0
1753531545717,12:05:45.717,ACH/USDT:USDT,0.02269,4.0,0.02268,189.0,0.0227,205.0,0.02271,186.0
1753531545872,12:05:45.872,ACH/USDT:USDT,0.02269,4.0,0.02268,189.0,0.0227,205.0,0.02271,186.0
1753531545932,12:05:45.932,ACH/USDT:USDT,0.02269,4.0,0.02268,189.0,0.0227,205.0,0.02271,186.0
1753531546568,12:05:46.568,ACH/USDT:USDT,0.02269,4.0,0.02268,189.0,0.0227,205.0,0.02271,998.0
1753531546623,12:05:46.623,ACH/USDT:USDT,0.02269,4.0,0.02268,189.0,0.0227,205.0,0.02271,1057.0
1753531546716,12:05:46.716,ACH/USDT:USDT,0.02269,4.0,0.02268,189.0,0.0227,205.0,0.02271,998.0
1753531548010,12:05:48.010,ACH/USDT:USDT,0.02269,4.0,0.02268,189.0,0.0227,205.0,0.02271,998.0
1753531548108,12:05:48.108,ACH/USDT:USDT,0.02269,4.0,0.02268,189.0,0.0227,205.0,0.02271,998.0
1753531552243,12:05:52.243,ACH/USDT:USDT,0.02269,4.0,0.02268,189.0,0.0227,205.0,0.02271,998.0
1753531553478,12:05:53.478,ACH/USDT:USDT,0.02269,4.0,0.02268,1.0,0.0227,205.0,0.02271,7463.0
1753531553573,12:05:53.573,ACH/USDT:USDT,0.02268,5.0,0.02267,2248.0,0.0227,205.0,0.02271,7463.0
1753531553616,12:05:53.616,ACH/USDT:USDT,0.02268,5.0,0.02267,2248.0,0.0227,187.0,0.02271,7463.0
1753531553742,12:05:53.742,ACH/USDT:USDT,0.02268,5.0,0.02267,2248.0,0.0227,187.0,0.02271,7463.0
1753531554958,12:05:54.958,ACH/USDT:USDT,0.02268,5.0,0.02267,2248.0,0.0227,187.0,0.02271,7463.0
1753531560197,12:06:00.197,ACH/USDT:USDT,0.02268,5.0,0.02267,2248.0,0.0227,187.0,0.02271,7463.0
1753531560448,12:06:00.448,ACH/USDT:USDT,0.02268,184.0,0.02267,2248.0,0.02271,7463.0,0.02272,3815.0
1753531560608,12:06:00.608,ACH/USDT:USDT,0.02269,4.0,0.02268,184.0,0.0227,18.0,0.02271,7463.0
1753531561025,12:06:01.025,ACH/USDT:USDT,0.02269,4.0,0.02268,184.0,0.0227,18.0,0.02271,7463.0
1753531561118,12:06:01.118,ACH/USDT:USDT,0.02269,4.0,0.02268,184.0,0.0227,18.0,0.02271,7522.0
1753531563924,12:06:03.924,ACH/USDT:USDT,0.02269,4.0,0.02268,184.0,0.0227,18.0,0.02271,7522.0
1753531568751,12:06:08.751,ACH/USDT:USDT,0.02269,4.0,0.02268,184.0,0.0227,18.0,0.02271,7522.0
1753531569847,12:06:09.847,ACH/USDT:USDT,0.02269,4.0,0.02268,184.0,0.0227,18.0,0.02271,6710.0
1753531570104,12:06:10.104,ACH/USDT:USDT,0.02269,187.0,0.02268,184.0,0.0227,18.0,0.02271,6651.0
1753531570145,12:06:10.145,ACH/USDT:USDT,0.02269,187.0,0.02268,184.0,0.0227,18.0,0.02271,6710.0
1753531571107,12:06:11.107,ACH/USDT:USDT,0.02269,187.0,0.02268,184.0,0.0227,18.0,0.02271,186.0
1753531571113,12:06:11.113,ACH/USDT:USDT,0.02269,187.0,0.02268,184.0,0.0227,18.0,0.02271,186.0
1753531574726,12:06:14.726,ACH/USDT:USDT,0.02269,187.0,0.02268,184.0,0.0227,18.0,0.02271,186.0
1753531575515,12:06:15.515,ACH/USDT:USDT,0.02269,187.0,0.02268,184.0,0.0227,18.0,0.02271,245.0
1753531575708,12:06:15.708,ACH/USDT:USDT,0.02269,187.0,0.02268,184.0,0.0227,18.0,0.02271,186.0
1753531575807,12:06:15.807,ACH/USDT:USDT,0.02269,187.0,0.02268,184.0,0.0227,18.0,0.02272,8272.0
1753531575904,12:06:15.904,ACH/USDT:USDT,0.02269,187.0,0.02268,184.0,0.02271,18.0,0.02272,8272.0
1753531575964,12:06:15.964,ACH/USDT:USDT,0.02269,183.0,0.02268,184.0,0.02271,18.0,0.02272,8272.0
1753531576017,12:06:16.017,ACH/USDT:USDT,0.02269,183.0,0.02268,184.0,0.02271,18.0,0.02272,8331.0
1753531576382,12:06:16.382,ACH/USDT:USDT,0.02269,183.0,0.02268,184.0,0.02271,18.0,0.02272,8331.0
1753531576905,12:06:16.905,ACH/USDT:USDT,0.02269,183.0,0.02268,184.0,0.02271,18.0,0.02272,8331.0
1753531577200,12:06:17.200,ACH/USDT:USDT,0.02269,183.0,0.02268,184.0,0.02271,18.0,0.02272,8331.0
1753531579526,12:06:19.526,ACH/USDT:USDT,0.02269,183.0,0.02268,184.0,0.02271,18.0,0.02272,8331.0
1753531581109,12:06:21.109,ACH/USDT:USDT,0.02269,183.0,0.02268,184.0,0.02271,205.0,0.02272,8272.0
1753531581607,12:06:21.607,ACH/USDT:USDT,0.02268,184.0,0.02267,1051.0,0.02271,187.0,0.02272,8272.0
1753531581652,12:06:21.652,ACH/USDT:USDT,0.02269,4.0,0.02268,184.0,0.0227,18.0,0.02271,999.0
1753531581716,12:06:21.716,ACH/USDT:USDT,0.02269,4.0,0.02268,184.0,0.0227,18.0,0.02271,1058.0
1753531581817,12:06:21.817,ACH/USDT:USDT,0.02269,4.0,0.02268,184.0,0.0227,18.0,0.02271,999.0
1753531582006,12:06:22.006,ACH/USDT:USDT,0.02269,4.0,0.02268,184.0,0.0227,18.0,0.02271,187.0
1753531582460,12:06:22.460,ACH/USDT:USDT,0.02269,4.0,0.02268,184.0,0.0227,18.0,0.02271,187.0
1753531582616,12:06:22.616,ACH/USDT:USDT,0.02269,4.0,0.02268,184.0,0.0227,18.0,0.02271,187.0
1753531582886,12:06:22.886,ACH/USDT:USDT,0.02269,4.0,0.02268,184.0,0.0227,18.0,0.02271,187.0
1753531583908,12:06:23.908,ACH/USDT:USDT,0.02269,189.0,0.02268,184.0,0.0227,18.0,0.02271,187.0
1753531584008,12:06:24.008,ACH/USDT:USDT,0.02269,189.0,0.02268,184.0,0.0227,18.0,0.02271,246.0
1753531584016,12:06:24.016,ACH/USDT:USDT,0.02269,189.0,0.02268,184.0,0.0227,18.0,0.02271,187.0
1753531584333,12:06:24.333,ACH/USDT:USDT,0.02269,189.0,0.02268,184.0,0.0227,18.0,0.02271,187.0
1753531585558,12:06:25.558,ACH/USDT:USDT,0.02269,189.0,0.02268,184.0,0.0227,18.0,0.02271,187.0
1753531585922,12:06:25.922,ACH/USDT:USDT,0.02269,185.0,0.02268,184.0,0.02271,18.0,0.02272,8272.0
1753531586131,12:06:26.131,ACH/USDT:USDT,0.02269,185.0,0.02268,184.0,0.02271,18.0,0.02272,8272.0
1753531586404,12:06:26.404,ACH/USDT:USDT,0.02269,185.0,0.02268,184.0,0.02271,18.0,0.02272,8272.0
1753531586709,12:06:26.709,ACH/USDT:USDT,0.02269,185.0,0.02268,184.0,0.02271,18.0,0.02272,8331.0
1753531586758,12:06:26.758,ACH/USDT:USDT,0.02269,185.0,0.02268,996.0,0.02271,18.0,0.02272,8331.0
1753531586967,12:06:26.967,ACH/USDT:USDT,0.02269,185.0,0.02268,996.0,0.02271,18.0,0.02272,8331.0
1753531588506,12:06:28.506,ACH/USDT:USDT,0.02269,185.0,0.02268,996.0,0.02271,18.0,0.02272,7192.0
1753531588587,12:06:28.587,ACH/USDT:USDT,0.02269,185.0,0.02268,996.0,0.02271,18.0,0.02272,7192.0
1753531588655,12:06:28.655,ACH/USDT:USDT,0.02269,185.0,0.02268,996.0,0.02271,18.0,0.02272,7192.0
1753531589090,12:06:29.090,ACH/USDT:USDT,0.02269,185.0,0.02268,996.0,0.02271,18.0,0.02272,7192.0
1753531589132,12:06:29.132,ACH/USDT:USDT,0.02269,185.0,0.02268,996.0,0.02271,18.0,0.02272,7192.0
1753531590208,12:06:30.208,ACH/USDT:USDT,0.02269,185.0,0.02268,996.0,0.02271,203.0,0.02272,7133.0
1753531590216,12:06:30.216,ACH/USDT:USDT,0.02269,185.0,0.02268,996.0,0.02271,185.0,0.02272,7133.0
1753531590316,12:06:30.316,ACH/USDT:USDT,0.02269,185.0,0.02268,996.0,0.02271,185.0,0.02272,7192.0
1753531591207,12:06:31.207,ACH/USDT:USDT,0.02268,184.0,0.02267,1051.0,0.02271,185.0,0.02272,7192.0
1753531591308,12:06:31.308,ACH/USDT:USDT,0.02269,4.0,0.02268,1496.0,0.0227,18.0,0.02271,185.0
1753531591315,12:06:31.315,ACH/USDT:USDT,0.02269,4.0,0.02268,1496.0,0.0227,18.0,0.02271,244.0
1753531591417,12:06:31.417,ACH/USDT:USDT,0.02269,4.0,0.02268,1496.0,0.0227,18.0,0.02271,185.0
1753531592010,12:06:32.010,ACH/USDT:USDT,0.02269,4.0,0.02268,1496.0,0.0227,18.0,0.02271,185.0
1753531592016,12:06:32.016,ACH/USDT:USDT,0.02269,4.0,0.02268,1496.0,0.0227,18.0,0.02271,244.0
1753531592115,12:06:32.115,ACH/USDT:USDT,0.02269,4.0,0.02268,1496.0,0.0227,18.0,0.02271,185.0
1753531593187,12:06:33.187,ACH/USDT:USDT,0.02269,4.0,0.02268,684.0,0.0227,18.0,0.02271,185.0
1753531593218,12:06:33.218,ACH/USDT:USDT,0.02269,4.0,0.02268,684.0,0.0227,18.0,0.02271,244.0
1753531593388,12:06:33.388,ACH/USDT:USDT,0.02269,4.0,0.02268,684.0,0.0227,18.0,0.02271,185.0
1753531593533,12:06:33.533,ACH/USDT:USDT,0.02269,4.0,0.02268,684.0,0.0227,18.0,0.02271,185.0
1753531593685,12:06:33.685,ACH/USDT:USDT,0.02269,4.0,0.02268,684.0,0.0227,18.0,0.02271,185.0
1753531593838,12:06:33.838,ACH/USDT:USDT,0.02269,4.0,0.02268,684.0,0.0227,18.0,0.02271,185.0
1753531594007,12:06:34.007,ACH/USDT:USDT,0.02269,4.0,0.02268,684.0,0.0227,200.0,0.02271,185.0
1753531597129,12:06:37.129,ACH/USDT:USDT,0.02269,4.0,0.02268,684.0,0.0227,200.0,0.02271,185.0
1753531597217,12:06:37.217,ACH/USDT:USDT,0.02269,4.0,0.02268,684.0,0.0227,200.0,0.02271,244.0
1753531597315,12:06:37.315,ACH/USDT:USDT,0.02269,4.0,0.02268,684.0,0.0227,200.0,0.02271,185.0
1753531598732,12:06:38.732,ACH/USDT:USDT,0.02269,4.0,0.02268,684.0,0.0227,200.0,0.02271,185.0
1753531598820,12:06:38.820,ACH/USDT:USDT,0.02269,4.0,0.02268,684.0,0.0227,200.0,0.02271,244.0
1753531598915,12:06:38.915,ACH/USDT:USDT,0.02269,4.0,0.02268,684.0,0.0227,200.0,0.02271,185.0
1753531600144,12:06:40.144,ACH/USDT:USDT,0.02269,4.0,0.02268,684.0,0.0227,18.0,0.02271,185.0
1753531603532,12:06:43.532,ACH/USDT:USDT,0.02269,4.0,0.02268,684.0,0.0227,18.0,0.02271,185.0
1753531604042,12:06:44.042,ACH/USDT:USDT,0.02269,4.0,0.02268,684.0,0.0227,18.0,0.02271,185.0
1753531604194,12:06:44.194,ACH/USDT:USDT,0.02269,4.0,0.02268,684.0,0.0227,18.0,0.02271,185.0
1753531604389,12:06:44.389,ACH/USDT:USDT,0.02269,4.0,0.02268,684.0,0.0227,207.0,0.02271,185.0
1753531605807,12:06:45.807,ACH/USDT:USDT,0.02269,4.0,0.02268,1.0,0.0227,207.0,0.02271,1383.0
1753531605896,12:06:45.896,ACH/USDT:USDT,0.02268,5.0,0.02267,1384.0,0.02269,189.0,0.0227,707.0
1753531605976,12:06:45.976,ACH/USDT:USDT,0.02268,5.0,0.02267,1384.0,0.02269,189.0,0.0227,707.0
1753531606418,12:06:46.418,ACH/USDT:USDT,0.02268,5.0,0.02267,1384.0,0.02269,189.0,0.0227,707.0
1753531606854,12:06:46.854,ACH/USDT:USDT,0.02268,5.0,0.02267,1384.0,0.02269,189.0,0.0227,707.0
1753531608332,12:06:48.332,ACH/USDT:USDT,0.02268,5.0,0.02267,687.0,0.0227,689.0,0.02271,1883.0
1753531608744,12:06:48.744,ACH/USDT:USDT,0.02268,5.0,0.02267,687.0,0.0227,689.0,0.02271,1883.0
1753531608831,12:06:48.831,ACH/USDT:USDT,0.02268,5.0,0.02267,687.0,0.0227,689.0,0.02271,1883.0
1753531610205,12:06:50.205,ACH/USDT:USDT,0.02268,194.0,0.02267,687.0,0.0227,689.0,0.02271,1883.0
1753531610224,12:06:50.224,ACH/USDT:USDT,0.02268,190.0,0.02267,687.0,0.0227,689.0,0.02271,1942.0
1753531610752,12:06:50.752,ACH/USDT:USDT,0.02268,1.0,0.02267,4.0,0.02269,18.0,0.0227,689.0
1753531610897,12:06:50.897,ACH/USDT:USDT,0.02268,1.0,0.02267,4.0,0.02269,18.0,0.0227,748.0
1753531610956,12:06:50.956,ACH/USDT:USDT,0.02268,190.0,0.02267,4.0,0.02269,18.0,0.0227,689.0
1753531611052,12:06:51.052,ACH/USDT:USDT,0.02268,190.0,0.02267,4.0,0.02269,18.0,0.0227,689.0
1753531611310,12:06:51.310,ACH/USDT:USDT,0.02268,190.0,0.02267,4.0,0.02269,18.0,0.0227,500.0
1753531611409,12:06:51.409,ACH/USDT:USDT,0.02268,190.0,0.02267,4.0,0.02269,18.0,0.0227,559.0
1753531611417,12:06:51.417,ACH/USDT:USDT,0.02268,190.0,0.02267,4.0,0.02269,18.0,0.0227,500.0
1753531611607,12:06:51.607,ACH/USDT:USDT,0.02268,190.0,0.02267,4.0,0.02269,18.0,0.0227,500.0
1753531611858,12:06:51.858,ACH/USDT:USDT,0.02268,190.0,0.02267,4.0,0.02269,18.0,0.0227,500.0
1753531611917,12:06:51.917,ACH/USDT:USDT,0.02268,190.0,0.02267,4.0,0.02269,18.0,0.0227,559.0
1753531612015,12:06:52.015,ACH/USDT:USDT,0.02268,190.0,0.02267,4.0,0.02269,18.0,0.0227,500.0
1753531613127,12:06:53.127,ACH/USDT:USDT,0.02268,190.0,0.02267,4.0,0.02269,18.0,0.0227,500.0
1753531613216,12:06:53.216,ACH/USDT:USDT,0.02268,190.0,0.02267,4.0,0.02269,18.0,0.0227,559.0
1753531613315,12:06:53.315,ACH/USDT:USDT,0.02268,190.0,0.02267,4.0,0.02269,18.0,0.0227,500.0
1753531615632,12:06:55.632,ACH/USDT:USDT,0.02268,190.0,0.02267,4.0,0.02269,18.0,0.0227,500.0
1753531615716,12:06:55.716,ACH/USDT:USDT,0.02268,190.0,0.02267,4.0,0.02269,18.0,0.0227,559.0
1753531615816,12:06:55.816,ACH/USDT:USDT,0.02268,190.0,0.02267,4.0,0.02269,18.0,0.0227,500.0
1753531617927,12:06:57.927,ACH/USDT:USDT,0.02268,190.0,0.02267,4.0,0.02269,18.0,0.0227,500.0
1753531618425,12:06:58.425,ACH/USDT:USDT,0.02268,190.0,0.02267,4.0,0.02269,18.0,0.0227,500.0
1753531618616,12:06:58.616,ACH/USDT:USDT,0.02268,190.0,0.02267,4.0,0.02269,18.0,0.0227,500.0
1753531618724,12:06:58.724,ACH/USDT:USDT,0.02268,190.0,0.02267,4.0,0.02269,18.0,0.0227,559.0
1753531618815,12:06:58.815,ACH/USDT:USDT,0.02268,190.0,0.02267,4.0,0.02269,18.0,0.0227,500.0
1753531619453,12:06:59.453,ACH/USDT:USDT,0.02268,190.0,0.02267,4.0,0.02269,18.0,0.0227,500.0
1753531621415,12:07:01.415,ACH/USDT:USDT,0.02268,190.0,0.02267,4.0,0.02269,18.0,0.0227,559.0
1753531621515,12:07:01.515,ACH/USDT:USDT,0.02268,190.0,0.02267,4.0,0.02269,18.0,0.0227,500.0
1753531622732,12:07:02.732,ACH/USDT:USDT,0.02268,190.0,0.02267,4.0,0.02269,18.0,0.0227,500.0
1753531622819,12:07:02.819,ACH/USDT:USDT,0.02268,190.0,0.02267,4.0,0.02269,18.0,0.0227,559.0
1753531622915,12:07:02.915,ACH/USDT:USDT,0.02268,190.0,0.02267,4.0,0.02269,18.0,0.0227,500.0
1753531623816,12:07:03.816,ACH/USDT:USDT,0.02268,190.0,0.02267,4.0,0.02269,18.0,0.0227,559.0
1753531623915,12:07:03.915,ACH/USDT:USDT,0.02268,190.0,0.02267,4.0,0.02269,18.0,0.0227,500.0
1753531626673,12:07:06.673,ACH/USDT:USDT,0.02269,186.0,0.02268,190.0,0.02271,685.0,0.02272,7133.0
1753531626745,12:07:06.745,ACH/USDT:USDT,0.02269,186.0,0.02268,190.0,0.02271,685.0,0.02272,7192.0
1753531626887,12:07:06.887,ACH/USDT:USDT,0.02269,186.0,0.02268,190.0,0.02271,685.0,0.02272,7192.0
1753531627532,12:07:07.532,ACH/USDT:USDT,0.02269,186.0,0.02268,190.0,0.02271,685.0,0.02272,7192.0
1753531627715,12:07:07.715,ACH/USDT:USDT,0.02269,186.0,0.02268,190.0,0.02271,685.0,0.02272,7192.0
1753531629475,12:07:09.475,ACH/USDT:USDT,0.02268,190.0,0.02266,1741.0,0.02271,685.0,0.02272,7133.0
1753531629522,12:07:09.522,ACH/USDT:USDT,0.02269,20.0,0.02268,190.0,0.0227,2.0,0.02271,685.0
1753531629618,12:07:09.618,ACH/USDT:USDT,0.02269,20.0,0.02268,190.0,0.0227,2.0,0.02271,685.0
1753531629742,12:07:09.742,ACH/USDT:USDT,0.02269,20.0,0.02268,190.0,0.0227,2.0,0.02271,685.0
1753531630568,12:07:10.568,ACH/USDT:USDT,0.02269,20.0,0.02268,190.0,0.0227,2.0,0.02271,685.0
1753531630645,12:07:10.645,ACH/USDT:USDT,0.02269,20.0,0.02268,190.0,0.0227,2.0,0.02271,744.0
1753531630719,12:07:10.719,ACH/USDT:USDT,0.02269,20.0,0.02268,190.0,0.0227,2.0,0.02271,685.0
1753531630986,12:07:10.986,ACH/USDT:USDT,0.02269,20.0,0.02268,190.0,0.0227,2.0,0.02271,685.0
1753531631145,12:07:11.145,ACH/USDT:USDT,0.02269,20.0,0.02268,190.0,0.0227,2.0,0.02271,685.0
1753531631215,12:07:11.215,ACH/USDT:USDT,0.02269,20.0,0.02268,190.0,0.0227,2.0,0.02271,744.0
1753531631316,12:07:11.316,ACH/USDT:USDT,0.02269,20.0,0.02268,190.0,0.0227,2.0,0.02271,685.0
1753531631806,12:07:11.806,ACH/USDT:USDT,0.02269,20.0,0.02268,190.0,0.0227,2.0,0.02271,685.0
1753531631826,12:07:11.826,ACH/USDT:USDT,0.02269,206.0,0.02268,190.0,0.0227,2.0,0.02271,685.0
1753531632225,12:07:12.225,ACH/USDT:USDT,0.02269,206.0,0.02268,190.0,0.0227,2.0,0.02271,685.0
1753531632332,12:07:12.332,ACH/USDT:USDT,0.02269,206.0,0.02268,190.0,0.0227,2.0,0.02271,685.0
1753531632415,12:07:12.415,ACH/USDT:USDT,0.02269,206.0,0.02268,190.0,0.0227,2.0,0.02271,744.0
1753531632515,12:07:12.515,ACH/USDT:USDT,0.02269,206.0,0.02268,190.0,0.0227,2.0,0.02271,685.0
1753531633409,12:07:13.409,ACH/USDT:USDT,0.02269,206.0,0.02268,1002.0,0.0227,2.0,0.02271,500.0
1753531633509,12:07:13.509,ACH/USDT:USDT,0.02269,206.0,0.02268,1002.0,0.0227,2.0,0.02271,559.0
1753531633562,12:07:13.562,ACH/USDT:USDT,0.02269,206.0,0.02268,1002.0,0.0227,2.0,0.02271,500.0
1753531634766,12:07:14.766,ACH/USDT:USDT,0.02269,206.0,0.02268,1002.0,0.0227,2.0,0.02271,500.0
1753531637184,12:07:17.184,ACH/USDT:USDT,0.02269,206.0,0.02268,1002.0,0.0227,2.0,0.02271,500.0
1753531641928,12:07:21.928,ACH/USDT:USDT,0.02269,206.0,0.02268,1002.0,0.0227,2.0,0.02271,500.0
1753531644846,12:07:24.846,ACH/USDT:USDT,0.02269,206.0,0.02268,1002.0,0.0227,2.0,0.02271,500.0
1753531644920,12:07:24.920,ACH/USDT:USDT,0.02269,206.0,0.02268,1002.0,0.0227,2.0,0.02271,559.0
1753531645084,12:07:25.084,ACH/USDT:USDT,0.02269,206.0,0.02268,1002.0,0.0227,2.0,0.02271,500.0
1753531645410,12:07:25.410,ACH/USDT:USDT,0.02269,206.0,0.02268,1002.0,0.0227,2.0,0.02271,500.0
1753531645509,12:07:25.509,ACH/USDT:USDT,0.02269,206.0,0.02268,1002.0,0.0227,2.0,0.02271,559.0
1753531645609,12:07:25.609,ACH/USDT:USDT,0.02269,206.0,0.02268,1002.0,0.0227,2.0,0.02271,500.0
1753531645825,12:07:25.825,ACH/USDT:USDT,0.02269,206.0,0.02268,1002.0,0.0227,2.0,0.02271,500.0
1753531645915,12:07:25.915,ACH/USDT:USDT,0.02269,206.0,0.02268,1002.0,0.0227,2.0,0.02271,559.0
1753531646015,12:07:26.015,ACH/USDT:USDT,0.02269,206.0,0.02268,1002.0,0.0227,2.0,0.02271,500.0
1753531646393,12:07:26.393,ACH/USDT:USDT,0.0227,187.0,0.02269,1407.0,0.02272,685.0,0.02273,2869.0
1753531646455,12:07:26.455,ACH/USDT:USDT,0.0227,187.0,0.02269,1387.0,0.02272,685.0,0.02273,2928.0
1753531646776,12:07:26.776,ACH/USDT:USDT,0.0227,187.0,0.02269,1387.0,0.02272,685.0,0.02273,2928.0
1753531646856,12:07:26.856,ACH/USDT:USDT,0.02269,1387.0,0.02268,1002.0,0.02272,685.0,0.02273,2869.0
1753531646924,12:07:26.924,ACH/USDT:USDT,0.0227,22.0,0.02269,1387.0,0.02272,685.0,0.02273,2928.0
1753531647018,12:07:27.018,ACH/USDT:USDT,0.0227,22.0,0.02269,1387.0,0.02272,685.0,0.02273,2869.0
1753531647139,12:07:27.139,ACH/USDT:USDT,0.0227,22.0,0.02269,1387.0,0.02272,685.0,0.02273,2869.0
1753531648065,12:07:28.065,ACH/USDT:USDT,0.0227,22.0,0.02269,1387.0,0.02272,185.0,0.02273,2869.0
1753531648168,12:07:28.168,ACH/USDT:USDT,0.0227,22.0,0.02269,1387.0,0.02272,185.0,0.02273,3740.0
1753531648384,12:07:28.384,ACH/USDT:USDT,0.0227,22.0,0.02269,1387.0,0.02272,185.0,0.02273,2928.0
1753531648492,12:07:28.492,ACH/USDT:USDT,0.0227,22.0,0.02269,1387.0,0.02272,185.0,0.02273,2928.0
1753531648593,12:07:28.593,ACH/USDT:USDT,0.0227,22.0,0.02269,1387.0,0.02272,185.0,0.02273,2928.0
1753531649208,12:07:29.208,ACH/USDT:USDT,0.0227,22.0,0.02269,1387.0,0.02272,185.0,0.02273,2928.0
1753531649217,12:07:29.217,ACH/USDT:USDT,0.0227,22.0,0.02269,1387.0,0.02272,185.0,0.02273,2928.0
1753531649592,12:07:29.592,ACH/USDT:USDT,0.0227,22.0,0.02269,1387.0,0.02272,185.0,0.02273,2928.0
1753531650888,12:07:30.888,ACH/USDT:USDT,0.0227,22.0,0.02269,1387.0,0.02272,185.0,0.02273,2928.0
1753531650988,12:07:30.988,ACH/USDT:USDT,0.0227,22.0,0.02269,1387.0,0.02272,185.0,0.02273,3740.0
1753531651053,12:07:31.053,ACH/USDT:USDT,0.0227,22.0,0.02269,1387.0,0.02272,185.0,0.02273,3740.0
1753531651170,12:07:31.170,ACH/USDT:USDT,0.0227,22.0,0.02269,1387.0,0.02272,185.0,0.02273,3740.0
1753531651528,12:07:31.528,ACH/USDT:USDT,0.0227,22.0,0.02269,1387.0,0.02272,185.0,0.02273,3740.0
1753531652788,12:07:32.788,ACH/USDT:USDT,0.0227,22.0,0.02269,1387.0,0.02272,185.0,0.02273,3740.0
1753531653330,12:07:33.330,ACH/USDT:USDT,0.0227,22.0,0.02269,1387.0,0.02272,185.0,0.02273,3740.0
1753531653955,12:07:33.955,ACH/USDT:USDT,0.0227,208.0,0.02269,1387.0,0.02272,185.0,0.02273,500.0
1753531654039,12:07:34.039,ACH/USDT:USDT,0.0227,186.0,0.02269,1387.0,0.02272,185.0,0.02273,500.0
1753531654172,12:07:34.172,ACH/USDT:USDT,0.0227,186.0,0.02269,1387.0,0.02272,185.0,0.02273,1532.0
1753531654909,12:07:34.909,ACH/USDT:USDT,0.0227,186.0,0.02269,1387.0,0.02272,185.0,0.02273,1532.0
1753531654955,12:07:34.955,ACH/USDT:USDT,0.0227,186.0,0.02269,1387.0,0.02272,185.0,0.02273,1591.0
1753531656207,12:07:36.207,ACH/USDT:USDT,0.02269,1387.0,0.02268,1502.0,0.02272,185.0,0.02273,1532.0
1753531656221,12:07:36.221,ACH/USDT:USDT,0.0227,22.0,0.02269,1387.0,0.02272,185.0,0.02273,1591.0
1753531656333,12:07:36.333,ACH/USDT:USDT,0.0227,22.0,0.02269,1387.0,0.02272,185.0,0.02273,1532.0
1753531656604,12:07:36.604,ACH/USDT:USDT,0.0227,22.0,0.02269,1387.0,0.02272,185.0,0.02273,1532.0
1753531656699,12:07:36.699,ACH/USDT:USDT,0.0227,22.0,0.02269,1387.0,0.02272,185.0,0.02273,3176.0
1753531657205,12:07:37.205,ACH/USDT:USDT,0.0227,22.0,0.02269,1387.0,0.02272,185.0,0.02273,3176.0
1753531657288,12:07:37.288,ACH/USDT:USDT,0.0227,22.0,0.02269,1387.0,0.02272,685.0,0.02273,3235.0
1753531657404,12:07:37.404,ACH/USDT:USDT,0.0227,22.0,0.02269,1387.0,0.02271,392.0,0.02272,685.0
1753531657426,12:07:37.426,ACH/USDT:USDT,0.0227,22.0,0.02269,1387.0,0.02271,392.0,0.02272,744.0
1753531657519,12:07:37.519,ACH/USDT:USDT,0.0227,22.0,0.02269,1387.0,0.02271,392.0,0.02272,685.0
1753531658432,12:07:38.432,ACH/USDT:USDT,0.0227,22.0,0.02269,1387.0,0.02271,392.0,0.02272,685.0
1753531658591,12:07:38.591,ACH/USDT:USDT,0.0227,22.0,0.02269,1387.0,0.02271,392.0,0.02272,744.0
1753531658615,12:07:38.615,ACH/USDT:USDT,0.0227,22.0,0.02269,1387.0,0.02271,392.0,0.02272,685.0
1753531661128,12:07:41.128,ACH/USDT:USDT,0.0227,22.0,0.02269,1387.0,0.02271,392.0,0.02272,685.0
1753531661218,12:07:41.218,ACH/USDT:USDT,0.0227,22.0,0.02269,1387.0,0.02271,392.0,0.02272,744.0
1753531661315,12:07:41.315,ACH/USDT:USDT,0.0227,22.0,0.02269,1387.0,0.02271,392.0,0.02272,685.0
1753531664572,12:07:44.572,ACH/USDT:USDT,0.0227,22.0,0.02269,1387.0,0.02271,392.0,0.02272,685.0
1753531664616,12:07:44.616,ACH/USDT:USDT,0.0227,22.0,0.02269,1387.0,0.02271,392.0,0.02272,744.0
1753531664716,12:07:44.716,ACH/USDT:USDT,0.0227,22.0,0.02269,1387.0,0.02271,392.0,0.02272,685.0
1753531665567,12:07:45.567,ACH/USDT:USDT,0.0227,22.0,0.02269,1387.0,0.02271,392.0,0.02272,685.0
1753531665617,12:07:45.617,ACH/USDT:USDT,0.0227,22.0,0.02269,1387.0,0.02271,392.0,0.02272,744.0
1753531665716,12:07:45.716,ACH/USDT:USDT,0.0227,22.0,0.02269,1387.0,0.02271,392.0,0.02272,685.0
1753531665928,12:07:45.928,ACH/USDT:USDT,0.0227,22.0,0.02269,1387.0,0.02271,392.0,0.02272,685.0
1753531667205,12:07:47.205,ACH/USDT:USDT,0.0227,22.0,0.02269,1387.0,0.02271,392.0,0.02272,685.0
1753531667220,12:07:47.220,ACH/USDT:USDT,0.0227,22.0,0.02269,1387.0,0.02271,392.0,0.02272,744.0
1753531667315,12:07:47.315,ACH/USDT:USDT,0.0227,22.0,0.02269,1387.0,0.02271,392.0,0.02272,685.0
1753531670408,12:07:50.408,ACH/USDT:USDT,0.0227,22.0,0.02268,690.0,0.02271,392.0,0.02272,685.0
1753531670510,12:07:50.510,ACH/USDT:USDT,0.02269,22.0,0.02268,690.0,0.02271,189.0,0.02272,744.0
1753531670517,12:07:50.517,ACH/USDT:USDT,0.02269,22.0,0.02268,690.0,0.02271,189.0,0.02272,685.0
1753531670791,12:07:50.791,ACH/USDT:USDT,0.02269,22.0,0.02268,690.0,0.02271,189.0,0.02272,685.0
1753531671576,12:07:51.576,ACH/USDT:USDT,0.02269,22.0,0.02268,690.0,0.0227,229.0,0.02271,189.0
1753531671616,12:07:51.616,ACH/USDT:USDT,0.02269,22.0,0.02268,690.0,0.0227,229.0,0.02271,248.0
1753531671796,12:07:51.796,ACH/USDT:USDT,0.02269,22.0,0.02268,690.0,0.0227,229.0,0.02271,189.0
1753531674097,12:07:54.097,ACH/USDT:USDT,0.02269,22.0,0.02268,690.0,0.0227,416.0,0.02271,189.0
1753531674120,12:07:54.120,ACH/USDT:USDT,0.02269,22.0,0.02268,690.0,0.0227,416.0,0.02271,248.0
1753531674216,12:07:54.216,ACH/USDT:USDT,0.02269,22.0,0.02268,690.0,0.0227,416.0,0.02271,189.0
1753531675172,12:07:55.172,ACH/USDT:USDT,0.02269,22.0,0.02268,690.0,0.0227,416.0,0.02271,189.0
1753531675216,12:07:55.216,ACH/USDT:USDT,0.02269,22.0,0.02268,690.0,0.0227,416.0,0.02271,248.0
1753531675315,12:07:55.315,ACH/USDT:USDT,0.02269,22.0,0.02268,690.0,0.0227,416.0,0.02271,189.0
1753531675528,12:07:55.528,ACH/USDT:USDT,0.02269,22.0,0.02268,690.0,0.0227,416.0,0.02271,189.0
1753531676972,12:07:56.972,ACH/USDT:USDT,0.02269,22.0,0.02268,690.0,0.0227,416.0,0.02271,189.0
1753531677972,12:07:57.972,ACH/USDT:USDT,0.02269,22.0,0.02268,690.0,0.0227,416.0,0.02271,189.0
1753531678467,12:07:58.467,ACH/USDT:USDT,0.02269,22.0,0.02268,690.0,0.0227,416.0,0.02271,189.0
1753531678659,12:07:58.659,ACH/USDT:USDT,0.02269,22.0,0.02268,690.0,0.0227,416.0,0.02271,189.0
1753531679632,12:07:59.632,ACH/USDT:USDT,0.02269,22.0,0.02268,690.0,0.0227,416.0,0.02271,189.0
1753531679741,12:07:59.741,ACH/USDT:USDT,0.02269,22.0,0.02268,690.0,0.0227,416.0,0.02271,189.0
1753531679905,12:07:59.905,ACH/USDT:USDT,0.02269,22.0,0.02268,1.0,0.0227,416.0,0.02271,189.0
1753531680003,12:08:00.003,ACH/USDT:USDT,0.02268,210.0,0.02267,687.0,0.0227,416.0,0.02271,189.0
1753531680078,12:08:00.078,ACH/USDT:USDT,0.02268,188.0,0.02267,687.0,0.02271,189.0,0.02272,685.0
1753531680118,12:08:00.118,ACH/USDT:USDT,0.02269,22.0,0.02268,188.0,0.02271,189.0,0.02272,685.0
1753531680293,12:08:00.293,ACH/USDT:USDT,0.02269,22.0,0.02268,188.0,0.0227,392.0,0.02271,189.0
1753531680329,12:08:00.329,ACH/USDT:USDT,0.02269,22.0,0.02268,188.0,0.0227,392.0,0.02271,189.0
1753531680472,12:08:00.472,ACH/USDT:USDT,0.02269,22.0,0.02268,188.0,0.0227,392.0,0.02271,189.0
1753531680552,12:08:00.552,ACH/USDT:USDT,0.02269,22.0,0.02268,188.0,0.0227,392.0,0.02271,189.0
1753531680672,12:08:00.672,ACH/USDT:USDT,0.02269,22.0,0.02268,188.0,0.0227,392.0,0.02271,189.0
1753531680752,12:08:00.752,ACH/USDT:USDT,0.02269,22.0,0.02268,188.0,0.0227,392.0,0.02271,189.0
1753531680846,12:08:00.846,ACH/USDT:USDT,0.02269,22.0,0.02268,188.0,0.0227,392.0,0.02271,189.0
1753531681083,12:08:01.083,ACH/USDT:USDT,0.02269,22.0,0.02268,188.0,0.0227,392.0,0.02271,189.0
1753531681292,12:08:01.292,ACH/USDT:USDT,0.02269,22.0,0.02268,188.0,0.0227,392.0,0.02271,1001.0
1753531681371,12:08:01.371,ACH/USDT:USDT,0.02269,22.0,0.02268,1.0,0.0227,392.0,0.02271,1001.0
1753531681481,12:08:01.481,ACH/USDT:USDT,0.02268,23.0,0.02267,1541.0,0.0227,4920.0,0.02271,1001.0
1753531681762,12:08:01.762,ACH/USDT:USDT,0.02268,23.0,0.02267,1541.0,0.0227,4920.0,0.02271,1001.0
1753531681912,12:08:01.912,ACH/USDT:USDT,0.02268,23.0,0.02267,1541.0,0.0227,4920.0,0.02271,1001.0
1753531682426,12:08:02.426,ACH/USDT:USDT,0.02268,210.0,0.02267,1541.0,0.0227,4920.0,0.02271,189.0
1753531682548,12:08:02.548,ACH/USDT:USDT,0.02268,188.0,0.02267,1541.0,0.02271,189.0,0.02272,685.0
1753531682630,12:08:02.630,ACH/USDT:USDT,0.02269,22.0,0.02268,188.0,0.0227,2234.0,0.02271,189.0
1753531682800,12:08:02.800,ACH/USDT:USDT,0.02269,22.0,0.02268,188.0,0.0227,2234.0,0.02271,189.0
1753531685130,12:08:05.130,ACH/USDT:USDT,0.02269,22.0,0.02268,188.0,0.0227,2234.0,0.02271,189.0
1753531685790,12:08:05.790,ACH/USDT:USDT,0.02269,22.0,0.02268,188.0,0.02271,189.0,0.02272,685.0
1753531685859,12:08:05.859,ACH/USDT:USDT,0.02269,22.0,0.02268,188.0,0.0227,114.0,0.02271,189.0
1753531685972,12:08:05.972,ACH/USDT:USDT,0.02269,22.0,0.02268,188.0,0.02271,189.0,0.02272,685.0
1753531686341,12:08:06.341,ACH/USDT:USDT,0.02269,22.0,0.02268,188.0,0.02271,189.0,0.02272,685.0
1753531686757,12:08:06.757,ACH/USDT:USDT,0.02269,22.0,0.02268,188.0,0.02271,189.0,0.02272,685.0
1753531688052,12:08:08.052,ACH/USDT:USDT,0.02269,22.0,0.02268,188.0,0.02271,189.0,0.02272,685.0
1753531688116,12:08:08.116,ACH/USDT:USDT,0.02269,22.0,0.02268,188.0,0.02271,189.0,0.02272,744.0
1753531688216,12:08:08.216,ACH/USDT:USDT,0.02269,22.0,0.02268,188.0,0.02271,189.0,0.02272,685.0
1753531689557,12:08:09.557,ACH/USDT:USDT,0.02269,207.0,0.02268,188.0,0.02271,189.0,0.02272,685.0
1753531689617,12:08:09.617,ACH/USDT:USDT,0.02269,185.0,0.02268,188.0,0.02271,189.0,0.02272,744.0
1753531689715,12:08:09.715,ACH/USDT:USDT,0.02269,185.0,0.02268,188.0,0.02271,189.0,0.02272,685.0
1753531689984,12:08:09.984,ACH/USDT:USDT,0.02269,185.0,0.02268,188.0,0.02271,189.0,0.02272,685.0
1753531692780,12:08:12.780,ACH/USDT:USDT,0.02269,185.0,0.02268,188.0,0.02271,189.0,0.02272,685.0
1753531692815,12:08:12.815,ACH/USDT:USDT,0.02269,185.0,0.02268,188.0,0.02271,189.0,0.02272,744.0
1753531692915,12:08:12.915,ACH/USDT:USDT,0.02269,185.0,0.02268,188.0,0.02271,189.0,0.02272,685.0
1753531693867,12:08:13.867,ACH/USDT:USDT,0.02268,188.0,0.02267,1541.0,0.02271,189.0,0.02272,685.0
1753531693934,12:08:13.934,ACH/USDT:USDT,0.02269,22.0,0.02268,188.0,0.02271,189.0,0.02272,685.0
1753531694018,12:08:14.018,ACH/USDT:USDT,0.02269,22.0,0.02268,188.0,0.02271,189.0,0.02272,685.0
1753531694729,12:08:14.729,ACH/USDT:USDT,0.02269,22.0,0.02268,188.0,0.02271,189.0,0.02272,685.0
1753531694816,12:08:14.816,ACH/USDT:USDT,0.02269,22.0,0.02268,188.0,0.02271,189.0,0.02272,744.0
1753531694915,12:08:14.915,ACH/USDT:USDT,0.02269,22.0,0.02268,188.0,0.02271,189.0,0.02272,685.0
1753531697096,12:08:17.096,ACH/USDT:USDT,0.02269,22.0,0.02268,188.0,0.02271,189.0,0.02272,685.0
1753531697175,12:08:17.175,ACH/USDT:USDT,0.02269,22.0,0.02268,188.0,0.02271,189.0,0.02272,744.0
1753531697289,12:08:17.289,ACH/USDT:USDT,0.02269,22.0,0.02268,188.0,0.0227,171.0,0.02271,189.0
1753531697328,12:08:17.328,ACH/USDT:USDT,0.02269,22.0,0.02268,188.0,0.0227,171.0,0.02271,248.0
1753531697415,12:08:17.415,ACH/USDT:USDT,0.02269,22.0,0.02268,188.0,0.0227,171.0,0.02271,189.0
1753531697590,12:08:17.590,ACH/USDT:USDT,0.02269,22.0,0.02268,188.0,0.02271,189.0,0.02272,685.0
1753531697654,12:08:17.654,ACH/USDT:USDT,0.02269,22.0,0.02268,188.0,0.02271,189.0,0.02272,744.0
1753531697715,12:08:17.715,ACH/USDT:USDT,0.02269,22.0,0.02268,188.0,0.02271,189.0,0.02272,685.0
1753531698877,12:08:18.877,ACH/USDT:USDT,0.02269,22.0,0.02268,188.0,0.02271,189.0,0.02272,685.0
1753531698915,12:08:18.915,ACH/USDT:USDT,0.02269,22.0,0.02268,188.0,0.02271,189.0,0.02272,744.0
1753531699015,12:08:19.015,ACH/USDT:USDT,0.02269,22.0,0.02268,188.0,0.02271,189.0,0.02272,685.0
1753531699405,12:08:19.405,ACH/USDT:USDT,0.02269,206.0,0.02268,188.0,0.02271,189.0,0.02272,685.0
1753531699427,12:08:19.427,ACH/USDT:USDT,0.02269,184.0,0.02268,188.0,0.02271,189.0,0.02272,685.0
1753531699532,12:08:19.532,ACH/USDT:USDT,0.02269,184.0,0.02268,188.0,0.02271,189.0,0.02272,744.0
1753531699616,12:08:19.616,ACH/USDT:USDT,0.02269,184.0,0.02268,188.0,0.02271,189.0,0.02272,685.0
1753531700707,12:08:20.707,ACH/USDT:USDT,0.02268,188.0,0.02267,1541.0,0.0227,954.0,0.02271,189.0
1753531700728,12:08:20.728,ACH/USDT:USDT,0.02268,188.0,0.02267,1541.0,0.0227,954.0,0.02271,248.0
1753531700815,12:08:20.815,ACH/USDT:USDT,0.02268,188.0,0.02267,1541.0,0.0227,954.0,0.02271,189.0
1753531700995,12:08:20.995,ACH/USDT:USDT,0.02268,188.0,0.02267,1541.0,0.02271,189.0,0.02272,685.0
1753531701020,12:08:21.020,ACH/USDT:USDT,0.02269,22.0,0.02268,188.0,0.02271,189.0,0.02272,744.0
1753531701115,12:08:21.115,ACH/USDT:USDT,0.02269,22.0,0.02268,188.0,0.02271,189.0,0.02272,685.0
1753531701325,12:08:21.325,ACH/USDT:USDT,0.02269,22.0,0.02268,188.0,0.02271,189.0,0.02272,685.0
1753531701472,12:08:21.472,ACH/USDT:USDT,0.02269,206.0,0.02268,188.0,0.02271,189.0,0.02272,685.0
1753531701516,12:08:21.516,ACH/USDT:USDT,0.02269,184.0,0.02268,188.0,0.02271,189.0,0.02272,744.0
1753531701616,12:08:21.616,ACH/USDT:USDT,0.02269,184.0,0.02268,188.0,0.02271,189.0,0.02272,685.0
1753531701774,12:08:21.774,ACH/USDT:USDT,0.02269,184.0,0.02268,188.0,0.02271,189.0,0.02272,685.0
1753531702142,12:08:22.142,ACH/USDT:USDT,0.02269,184.0,0.02268,188.0,0.02271,189.0,0.02272,685.0
1753531702216,12:08:22.216,ACH/USDT:USDT,0.02269,184.0,0.02268,188.0,0.02271,189.0,0.02272,744.0
1753531702316,12:08:22.316,ACH/USDT:USDT,0.02269,184.0,0.02268,188.0,0.02271,189.0,0.02272,685.0
1753531703223,12:08:23.223,ACH/USDT:USDT,0.02269,184.0,0.02268,188.0,0.02271,189.0,0.02272,685.0
1753531703317,12:08:23.317,ACH/USDT:USDT,0.02269,184.0,0.02268,188.0,0.02271,189.0,0.02272,744.0
1753531703418,12:08:23.418,ACH/USDT:USDT,0.02269,184.0,0.02268,188.0,0.02271,189.0,0.02272,685.0
1753531703909,12:08:23.909,ACH/USDT:USDT,0.02269,184.0,0.02268,188.0,0.02271,189.0,0.02272,685.0
1753531703915,12:08:23.915,ACH/USDT:USDT,0.02269,184.0,0.02268,188.0,0.02271,189.0,0.02272,744.0
1753531704015,12:08:24.015,ACH/USDT:USDT,0.02269,184.0,0.02268,188.0,0.02271,189.0,0.02272,685.0
1753531704329,12:08:24.329,ACH/USDT:USDT,0.02269,184.0,0.02268,188.0,0.02271,189.0,0.02272,685.0
1753531704416,12:08:24.416,ACH/USDT:USDT,0.02269,184.0,0.02268,188.0,0.02271,189.0,0.02272,744.0
1753531704517,12:08:24.517,ACH/USDT:USDT,0.02269,184.0,0.02268,188.0,0.02271,189.0,0.02272,685.0
1753531708089,12:08:28.089,ACH/USDT:USDT,0.02268,188.0,0.02267,1541.0,0.02271,189.0,0.02272,685.0
1753531708191,12:08:28.191,ACH/USDT:USDT,0.02269,22.0,0.02268,188.0,0.02271,189.0,0.02272,685.0
1753531708307,12:08:28.307,ACH/USDT:USDT,0.02269,212.0,0.02268,188.0,0.02271,189.0,0.02272,685.0
1753531708346,12:08:28.346,ACH/USDT:USDT,0.02269,190.0,0.02268,188.0,0.02271,189.0,0.02272,685.0
1753531709129,12:08:29.129,ACH/USDT:USDT,0.02269,190.0,0.02268,188.0,0.02271,189.0,0.02272,685.0
1753531709216,12:08:29.216,ACH/USDT:USDT,0.02269,190.0,0.02268,188.0,0.02271,189.0,0.02272,744.0
1753531709401,12:08:29.401,ACH/USDT:USDT,0.02269,190.0,0.02268,188.0,0.02271,189.0,0.02272,685.0
1753531709672,12:08:29.672,ACH/USDT:USDT,0.02269,190.0,0.02268,188.0,0.02271,189.0,0.02272,685.0
1753531710308,12:08:30.308,ACH/USDT:USDT,0.02269,190.0,0.02268,1000.0,0.02273,500.0,0.02274,3678.0
1753531710410,12:08:30.410,ACH/USDT:USDT,0.0227,22.0,0.02269,190.0,0.02273,500.0,0.02274,4786.0
1753531710507,12:08:30.507,ACH/USDT:USDT,0.02271,190.0,0.0227,22.0,0.02273,500.0,0.02274,4786.0
1753531710593,12:08:30.593,ACH/USDT:USDT,0.02271,190.0,0.02269,690.0,0.02273,2855.0,0.02274,10075.0
1753531710703,12:08:30.703,ACH/USDT:USDT,0.02271,190.0,0.02269,690.0,0.02273,2855.0,0.02274,10075.0
1753531710717,12:08:30.717,ACH/USDT:USDT,0.02271,190.0,0.02269,690.0,0.02273,2855.0,0.02274,10075.0
1753531711532,12:08:31.532,ACH/USDT:USDT,0.02271,190.0,0.02269,690.0,0.02273,2855.0,0.02274,10075.0
1753531711850,12:08:31.850,ACH/USDT:USDT,0.02271,190.0,0.02269,690.0,0.02273,2855.0,0.02274,10075.0
1753531712303,12:08:32.303,ACH/USDT:USDT,0.02271,190.0,0.02269,690.0,0.02273,2855.0,0.02274,10075.0
1753531712332,12:08:32.332,ACH/USDT:USDT,0.02271,190.0,0.02269,690.0,0.02273,2855.0,0.02274,10075.0
1753531713604,12:08:33.604,ACH/USDT:USDT,0.02271,190.0,0.02269,690.0,0.02273,2855.0,0.02274,10075.0
1753531713930,12:08:33.930,ACH/USDT:USDT,0.02271,190.0,0.02269,690.0,0.02273,2855.0,0.02274,10075.0
1753531714201,12:08:34.201,ACH/USDT:USDT,0.02271,190.0,0.02269,690.0,0.02273,2855.0,0.02274,10075.0
1753531714699,12:08:34.699,ACH/USDT:USDT,0.02271,190.0,0.02269,690.0,0.02273,2855.0,0.02274,10075.0
1753531715206,12:08:35.206,ACH/USDT:USDT,0.0227,183.0,0.02269,1891.0,0.02273,2855.0,0.02274,10075.0
1753531715292,12:08:35.292,ACH/USDT:USDT,0.02271,22.0,0.0227,183.0,0.02273,2855.0,0.02274,10075.0
1753531715312,12:08:35.312,ACH/USDT:USDT,0.02271,22.0,0.0227,183.0,0.02273,2855.0,0.02274,10075.0
1753531715600,12:08:35.600,ACH/USDT:USDT,0.02271,22.0,0.0227,183.0,0.02273,2855.0,0.02274,10075.0
1753531715703,12:08:35.703,ACH/USDT:USDT,0.02271,22.0,0.0227,183.0,0.02273,2855.0,0.02274,10075.0
1753531715786,12:08:35.786,ACH/USDT:USDT,0.02271,22.0,0.0227,183.0,0.02273,2855.0,0.02274,10075.0
1753531715903,12:08:35.903,ACH/USDT:USDT,0.02271,22.0,0.0227,183.0,0.02273,2355.0,0.02274,10075.0
1753531715931,12:08:35.931,ACH/USDT:USDT,0.02271,205.0,0.0227,183.0,0.02273,2355.0,0.02274,10075.0
1753531716084,12:08:36.084,ACH/USDT:USDT,0.0227,183.0,0.02269,1891.0,0.02273,2355.0,0.02274,10075.0
1753531716143,12:08:36.143,ACH/USDT:USDT,0.02271,22.0,0.0227,183.0,0.02273,2355.0,0.02274,10075.0
1753531716238,12:08:36.238,ACH/USDT:USDT,0.02271,205.0,0.0227,183.0,0.02273,2355.0,0.02274,10075.0
1753531716391,12:08:36.391,ACH/USDT:USDT,0.0227,183.0,0.02269,1891.0,0.02273,2355.0,0.02274,10075.0
1753531716416,12:08:36.416,ACH/USDT:USDT,0.02271,22.0,0.0227,183.0,0.02273,2355.0,0.02274,10075.0
1753531716543,12:08:36.543,ACH/USDT:USDT,0.02271,22.0,0.0227,183.0,0.02273,2355.0,0.02274,10075.0
1753531716701,12:08:36.701,ACH/USDT:USDT,0.02271,22.0,0.0227,183.0,0.02273,2355.0,0.02274,10075.0
1753531716854,12:08:36.854,ACH/USDT:USDT,0.02271,22.0,0.0227,183.0,0.02273,2355.0,0.02274,10075.0
1753531717001,12:08:37.001,ACH/USDT:USDT,0.02271,205.0,0.0227,183.0,0.02273,2355.0,0.02274,10075.0
1753531717106,12:08:37.106,ACH/USDT:USDT,0.02271,183.0,0.0227,183.0,0.02273,2355.0,0.02274,10075.0
1753531717154,12:08:37.154,ACH/USDT:USDT,0.0227,183.0,0.02269,2721.0,0.02273,2355.0,0.02274,10075.0
1753531717309,12:08:37.309,ACH/USDT:USDT,0.02271,22.0,0.0227,183.0,0.02273,2355.0,0.02274,10075.0
1753531717463,12:08:37.463,ACH/USDT:USDT,0.02271,22.0,0.0227,183.0,0.02273,2355.0,0.02274,10075.0
1753531717552,12:08:37.552,ACH/USDT:USDT,0.02271,22.0,0.0227,183.0,0.02273,2355.0,0.02274,10075.0
1753531717616,12:08:37.616,ACH/USDT:USDT,0.02271,22.0,0.0227,183.0,0.02273,2355.0,0.02274,10075.0
1753531717892,12:08:37.892,ACH/USDT:USDT,0.02271,22.0,0.0227,183.0,0.02273,2355.0,0.02274,10075.0
1753531718252,12:08:38.252,ACH/USDT:USDT,0.02271,22.0,0.0227,183.0,0.02273,2355.0,0.02274,10075.0
1753531718352,12:08:38.352,ACH/USDT:USDT,0.02271,22.0,0.0227,183.0,0.02273,2355.0,0.02274,10075.0
1753531718729,12:08:38.729,ACH/USDT:USDT,0.02271,22.0,0.0227,183.0,0.02273,2355.0,0.02274,10075.0
1753531719003,12:08:39.003,ACH/USDT:USDT,0.02271,22.0,0.0227,183.0,0.02272,183.0,0.02273,2355.0
1753531719030,12:08:39.030,ACH/USDT:USDT,0.02271,22.0,0.0227,183.0,0.02272,183.0,0.02273,2355.0
1753531719504,12:08:39.504,ACH/USDT:USDT,0.02271,22.0,0.0227,183.0,0.02272,575.0,0.02273,2355.0
1753531719519,12:08:39.519,ACH/USDT:USDT,0.02271,22.0,0.0227,183.0,0.02272,575.0,0.02273,2355.0
1753531719762,12:08:39.762,ACH/USDT:USDT,0.02271,22.0,0.0227,183.0,0.02272,575.0,0.02273,2355.0
1753531719939,12:08:39.939,ACH/USDT:USDT,0.02271,22.0,0.0227,183.0,0.02272,575.0,0.02273,2355.0
1753531720608,12:08:40.608,ACH/USDT:USDT,0.02271,22.0,0.0227,183.0,0.02272,575.0,0.02273,3167.0
1753531723155,12:08:43.155,ACH/USDT:USDT,0.02271,22.0,0.0227,183.0,0.02272,575.0,0.02273,2355.0
1753531723239,12:08:43.239,ACH/USDT:USDT,0.02271,22.0,0.0227,183.0,0.02272,575.0,0.02273,2414.0
1753531723530,12:08:43.530,ACH/USDT:USDT,0.02271,22.0,0.0227,183.0,0.02272,575.0,0.02273,2414.0
1753531724236,12:08:44.236,ACH/USDT:USDT,0.02271,22.0,0.0227,183.0,0.02272,575.0,0.02273,2414.0
1753531724342,12:08:44.342,ACH/USDT:USDT,0.02271,22.0,0.0227,183.0,0.02272,575.0,0.02273,2414.0
1753531725930,12:08:45.930,ACH/USDT:USDT,0.02271,22.0,0.0227,183.0,0.02272,392.0,0.02273,2355.0
1753531726018,12:08:46.018,ACH/USDT:USDT,0.02271,22.0,0.0227,183.0,0.02272,392.0,0.02273,2414.0
1753531727213,12:08:47.213,ACH/USDT:USDT,0.02271,22.0,0.0227,183.0,0.02272,392.0,0.02273,2414.0
1753531728330,12:08:48.330,ACH/USDT:USDT,0.02271,22.0,0.0227,183.0,0.02272,392.0,0.02273,2414.0
1753531732828,12:08:52.828,ACH/USDT:USDT,0.02271,22.0,0.0227,183.0,0.02273,2414.0,0.02274,10075.0
1753531732918,12:08:52.918,ACH/USDT:USDT,0.02271,22.0,0.0227,183.0,0.02273,2414.0,0.02274,10134.0
1753531733130,12:08:53.130,ACH/USDT:USDT,0.02271,22.0,0.0227,183.0,0.02273,2414.0,0.02274,10134.0
1753531734016,12:08:54.016,ACH/USDT:USDT,0.02271,22.0,0.0227,183.0,0.02273,2414.0,0.02274,10134.0
1753531734652,12:08:54.652,ACH/USDT:USDT,0.02271,22.0,0.0227,183.0,0.02272,187.0,0.02273,2355.0
1753531734715,12:08:54.715,ACH/USDT:USDT,0.02271,22.0,0.0227,183.0,0.02272,187.0,0.02273,2414.0
1753531734840,12:08:54.840,ACH/USDT:USDT,0.02271,22.0,0.0227,183.0,0.02272,187.0,0.02273,2414.0
1753531735405,12:08:55.405,ACH/USDT:USDT,0.02271,22.0,0.0227,183.0,0.02272,187.0,0.02273,2914.0
1753531735657,12:08:55.657,ACH/USDT:USDT,0.02271,22.0,0.0227,183.0,0.02272,187.0,0.02273,2914.0
1753531737930,12:08:57.930,ACH/USDT:USDT,0.02271,22.0,0.0227,183.0,0.02272,187.0,0.02273,2914.0
1753531738755,12:08:58.755,ACH/USDT:USDT,0.02271,22.0,0.0227,183.0,0.02273,2914.0,0.02274,10075.0
1753531738886,12:08:58.886,ACH/USDT:USDT,0.02271,22.0,0.0227,183.0,0.02273,2914.0,0.02274,10134.0
1753531739127,12:08:59.127,ACH/USDT:USDT,0.02271,22.0,0.0227,183.0,0.02272,187.0,0.02273,2855.0
1753531739216,12:08:59.216,ACH/USDT:USDT,0.02271,22.0,0.0227,183.0,0.02272,187.0,0.02273,2914.0
1753531739315,12:08:59.315,ACH/USDT:USDT,0.02271,22.0,0.0227,183.0,0.02272,187.0,0.02273,2914.0
1753531741940,12:09:01.940,ACH/USDT:USDT,0.02271,22.0,0.0227,183.0,0.02273,2914.0,0.02274,10075.0
1753531742016,12:09:02.016,ACH/USDT:USDT,0.02271,22.0,0.0227,183.0,0.02273,2914.0,0.02274,10134.0
1753531742730,12:09:02.730,ACH/USDT:USDT,0.02271,22.0,0.0227,183.0,0.02273,2914.0,0.02274,10134.0
1753531742946,12:09:02.946,ACH/USDT:USDT,0.02271,22.0,0.0227,183.0,0.02273,2914.0,0.02274,10134.0
1753531743182,12:09:03.182,ACH/USDT:USDT,0.02271,22.0,0.0227,183.0,0.02273,2914.0,0.02274,10075.0
1753531743215,12:09:03.215,ACH/USDT:USDT,0.02271,22.0,0.0227,183.0,0.02273,2914.0,0.02274,10134.0
1753531743334,12:09:03.334,ACH/USDT:USDT,0.02271,22.0,0.0227,183.0,0.02273,2914.0,0.02274,10075.0
1753531743487,12:09:03.487,ACH/USDT:USDT,0.02271,212.0,0.0227,183.0,0.02273,2914.0,0.02274,10075.0
1753531743516,12:09:03.516,ACH/USDT:USDT,0.02271,190.0,0.0227,183.0,0.02273,2914.0,0.02274,10075.0
1753531743632,12:09:03.632,ACH/USDT:USDT,0.0227,183.0,0.02269,2721.0,0.02273,2914.0,0.02274,10075.0
1753531743786,12:09:03.786,ACH/USDT:USDT,0.02271,22.0,0.0227,183.0,0.02273,2914.0,0.02274,10075.0
1753531743939,12:09:03.939,ACH/USDT:USDT,0.02271,22.0,0.0227,183.0,0.02273,2914.0,0.02274,10075.0
1753531744093,12:09:04.093,ACH/USDT:USDT,0.02271,22.0,0.0227,183.0,0.02273,2914.0,0.02274,10075.0
1753531744304,12:09:04.304,ACH/USDT:USDT,0.02271,22.0,0.0227,183.0,0.02273,2914.0,0.02274,10075.0
1753531744406,12:09:04.406,ACH/USDT:USDT,0.02271,22.0,0.0227,183.0,0.02273,2914.0,0.02274,10075.0
1753531744552,12:09:04.552,ACH/USDT:USDT,0.02271,212.0,0.0227,183.0,0.02273,2914.0,0.02274,10075.0
1753531744704,12:09:04.704,ACH/USDT:USDT,0.0227,183.0,0.02269,2721.0,0.02273,2914.0,0.02274,10075.0
1753531744716,12:09:04.716,ACH/USDT:USDT,0.02271,22.0,0.0227,183.0,0.02273,2914.0,0.02274,10075.0
1753531744871,12:09:04.871,ACH/USDT:USDT,0.02271,22.0,0.0227,183.0,0.02273,2914.0,0.02274,10075.0
1753531745020,12:09:05.020,ACH/USDT:USDT,0.02271,212.0,0.0227,183.0,0.02273,2914.0,0.02274,10075.0
1753531745173,12:09:05.173,ACH/USDT:USDT,0.0227,183.0,0.02269,2721.0,0.02273,2914.0,0.02274,10075.0
1753531745218,12:09:05.218,ACH/USDT:USDT,0.02271,22.0,0.0227,183.0,0.02273,2914.0,0.02274,10075.0
1753531745325,12:09:05.325,ACH/USDT:USDT,0.02271,22.0,0.0227,183.0,0.02273,2914.0,0.02274,10075.0
1753531745483,12:09:05.483,ACH/USDT:USDT,0.02271,22.0,0.0227,183.0,0.02273,2914.0,0.02274,10075.0
1753531745820,12:09:05.820,ACH/USDT:USDT,0.02271,212.0,0.0227,183.0,0.02273,2914.0,0.02274,10075.0
1753531745972,12:09:05.972,ACH/USDT:USDT,0.0227,183.0,0.02269,2721.0,0.02273,2914.0,0.02274,10075.0
1753531746018,12:09:06.018,ACH/USDT:USDT,0.02271,22.0,0.0227,183.0,0.02273,2914.0,0.02274,10134.0
1753531746210,12:09:06.210,ACH/USDT:USDT,0.02271,212.0,0.0227,183.0,0.02273,2914.0,0.02274,10075.0
1753531746216,12:09:06.216,ACH/USDT:USDT,0.02271,190.0,0.0227,183.0,0.02273,2914.0,0.02274,10075.0
1753531746338,12:09:06.338,ACH/USDT:USDT,0.0227,183.0,0.02269,2721.0,0.02273,2914.0,0.02274,10075.0
1753531746416,12:09:06.416,ACH/USDT:USDT,0.02271,22.0,0.0227,183.0,0.02273,2914.0,0.02274,10075.0
1753531746744,12:09:06.744,ACH/USDT:USDT,0.02271,212.0,0.0227,183.0,0.02273,2914.0,0.02274,10075.0
1753531746904,12:09:06.904,ACH/USDT:USDT,0.0227,183.0,0.02269,2721.0,0.02273,2914.0,0.02274,10075.0
1753531746917,12:09:06.917,ACH/USDT:USDT,0.02271,22.0,0.0227,183.0,0.02273,2914.0,0.02274,10075.0
1753531747056,12:09:07.056,ACH/USDT:USDT,0.02271,212.0,0.0227,183.0,0.02273,2914.0,0.02274,10075.0
1753531747208,12:09:07.208,ACH/USDT:USDT,0.0227,183.0,0.02269,2721.0,0.02273,2914.0,0.02274,10075.0
1753531747218,12:09:07.218,ACH/USDT:USDT,0.02271,22.0,0.0227,183.0,0.02273,2914.0,0.02274,10075.0
1753531747369,12:09:07.369,ACH/USDT:USDT,0.02271,212.0,0.0227,183.0,0.02273,2914.0,0.02274,10075.0
1753531747416,12:09:07.416,ACH/USDT:USDT,0.02271,190.0,0.0227,183.0,0.02273,2914.0,0.02274,10075.0
1753531747531,12:09:07.531,ACH/USDT:USDT,0.0227,183.0,0.02269,2721.0,0.02273,2914.0,0.02274,10075.0
1753531747669,12:09:07.669,ACH/USDT:USDT,0.02271,212.0,0.0227,183.0,0.02273,2914.0,0.02274,10075.0
1753531747716,12:09:07.716,ACH/USDT:USDT,0.02271,190.0,0.0227,183.0,0.02273,2914.0,0.02274,10075.0
1753531747822,12:09:07.822,ACH/USDT:USDT,0.0227,183.0,0.02269,2721.0,0.02273,2914.0,0.02274,10075.0
1753531747982,12:09:07.982,ACH/USDT:USDT,0.02271,22.0,0.0227,183.0,0.02273,2914.0,0.02274,10075.0
1753531748138,12:09:08.138,ACH/USDT:USDT,0.02271,22.0,0.0227,183.0,0.02273,2914.0,0.02274,10075.0
1753531748288,12:09:08.288,ACH/USDT:USDT,0.02271,22.0,0.0227,183.0,0.02273,2914.0,0.02274,10075.0
1753531748439,12:09:08.439,ACH/USDT:USDT,0.02271,212.0,0.0227,183.0,0.02273,2914.0,0.02274,10075.0
1753531748596,12:09:08.596,ACH/USDT:USDT,0.0227,183.0,0.02269,2721.0,0.02273,2914.0,0.02274,10075.0
1753531748617,12:09:08.617,ACH/USDT:USDT,0.02271,22.0,0.0227,183.0,0.02273,2914.0,0.02274,10075.0
1753531748751,12:09:08.751,ACH/USDT:USDT,0.02271,212.0,0.0227,183.0,0.02273,2914.0,0.02274,10075.0
1753531748904,12:09:08.904,ACH/USDT:USDT,0.0227,183.0,0.02269,2721.0,0.02273,2914.0,0.02274,10075.0
1753531748916,12:09:08.916,ACH/USDT:USDT,0.02271,22.0,0.0227,183.0,0.02273,2914.0,0.02274,10075.0
1753531749059,12:09:09.059,ACH/USDT:USDT,0.02271,22.0,0.0227,183.0,0.02273,2914.0,0.02274,10075.0
1753531749208,12:09:09.208,ACH/USDT:USDT,0.02271,212.0,0.0227,183.0,0.02273,2914.0,0.02274,10134.0
1753531749216,12:09:09.216,ACH/USDT:USDT,0.02271,190.0,0.0227,183.0,0.02273,2914.0,0.02274,10075.0
1753531749366,12:09:09.366,ACH/USDT:USDT,0.0227,183.0,0.02269,2721.0,0.02273,2914.0,0.02274,10075.0
1753531749416,12:09:09.416,ACH/USDT:USDT,0.02271,22.0,0.0227,183.0,0.02273,2914.0,0.02274,10075.0
1753531749516,12:09:09.516,ACH/USDT:USDT,0.02271,212.0,0.0227,183.0,0.02273,2914.0,0.02274,10075.0
1753531749675,12:09:09.675,ACH/USDT:USDT,0.0227,183.0,0.02269,2721.0,0.02273,2914.0,0.02274,10075.0
1753531749716,12:09:09.716,ACH/USDT:USDT,0.02271,22.0,0.0227,183.0,0.02273,2914.0,0.02274,10075.0
1753531749824,12:09:09.824,ACH/USDT:USDT,0.02271,212.0,0.0227,183.0,0.02273,2914.0,0.02274,10075.0
1753531749976,12:09:09.976,ACH/USDT:USDT,0.0227,183.0,0.02269,2721.0,0.02273,2914.0,0.02274,10075.0
1753531750016,12:09:10.016,ACH/USDT:USDT,0.02271,22.0,0.0227,183.0,0.02273,2914.0,0.02274,10075.0
1753531750134,12:09:10.134,ACH/USDT:USDT,0.02271,22.0,0.0227,183.0,0.02273,2914.0,0.02274,10075.0
1753531750426,12:09:10.426,ACH/USDT:USDT,0.02271,22.0,0.0227,183.0,0.02273,2914.0,0.02274,10075.0
1753531750897,12:09:10.897,ACH/USDT:USDT,0.02271,22.0,0.0227,183.0,0.02272,190.0,0.02273,2855.0
1753531750995,12:09:10.995,ACH/USDT:USDT,0.02271,22.0,0.0227,183.0,0.02272,190.0,0.02273,2855.0
1753531751134,12:09:11.134,ACH/USDT:USDT,0.02271,22.0,0.0227,183.0,0.02272,190.0,0.02273,2855.0
1753531751752,12:09:11.752,ACH/USDT:USDT,0.02271,22.0,0.0227,183.0,0.02272,190.0,0.02273,2855.0
1753531751818,12:09:11.818,ACH/USDT:USDT,0.02271,22.0,0.0227,183.0,0.02272,190.0,0.02273,2855.0
1753531752235,12:09:12.235,ACH/USDT:USDT,0.02271,22.0,0.0227,183.0,0.02272,190.0,0.02273,2855.0
1753531752330,12:09:12.330,ACH/USDT:USDT,0.02271,22.0,0.0227,183.0,0.02272,190.0,0.02273,2855.0
1753531757130,12:09:17.130,ACH/USDT:USDT,0.02271,22.0,0.0227,183.0,0.02272,190.0,0.02273,2855.0
1753531758031,12:09:18.031,ACH/USDT:USDT,0.02271,22.0,0.02269,2721.0,0.02272,190.0,0.02273,2855.0
1753531758122,12:09:18.122,ACH/USDT:USDT,0.0227,22.0,0.02269,2721.0,0.02272,190.0,0.02273,2855.0
1753531758237,12:09:18.237,ACH/USDT:USDT,0.0227,204.0,0.02269,2721.0,0.02272,190.0,0.02273,2855.0
1753531758372,12:09:18.372,ACH/USDT:USDT,0.0227,182.0,0.02269,2721.0,0.02272,6643.0,0.02273,500.0
1753531759806,12:09:19.806,ACH/USDT:USDT,0.02269,2221.0,0.02268,2687.0,0.02272,6643.0,0.02273,500.0
1753531759880,12:09:19.880,ACH/USDT:USDT,0.0227,22.0,0.02269,2221.0,0.02272,6643.0,0.02273,500.0
1753531761356,12:09:21.356,ACH/USDT:USDT,0.0227,204.0,0.02269,2221.0,0.02272,6643.0,0.02273,500.0
1753531761416,12:09:21.416,ACH/USDT:USDT,0.0227,182.0,0.02269,2221.0,0.02272,6643.0,0.02273,559.0
1753531761516,12:09:21.516,ACH/USDT:USDT,0.0227,182.0,0.02269,2221.0,0.02272,6643.0,0.02273,500.0
1753531761931,12:09:21.931,ACH/USDT:USDT,0.0227,182.0,0.02269,2221.0,0.02272,6643.0,0.02273,500.0
1753531762016,12:09:22.016,ACH/USDT:USDT,0.0227,182.0,0.02269,2221.0,0.02272,6643.0,0.02273,559.0
1753531762172,12:09:22.172,ACH/USDT:USDT,0.02269,2221.0,0.02268,2687.0,0.02272,6643.0,0.02273,1312.0
1753531762217,12:09:22.217,ACH/USDT:USDT,0.0227,22.0,0.02269,2221.0,0.02272,6643.0,0.02273,1312.0
1753531763008,12:09:23.008,ACH/USDT:USDT,0.0227,22.0,0.02269,2221.0,0.02272,6643.0,0.02273,500.0
1753531763016,12:09:23.016,ACH/USDT:USDT,0.0227,22.0,0.02269,2221.0,0.02272,6643.0,0.02273,559.0
1753531763153,12:09:23.153,ACH/USDT:USDT,0.0227,211.0,0.02269,2221.0,0.02272,6643.0,0.02273,500.0
1753531763216,12:09:23.216,ACH/USDT:USDT,0.0227,189.0,0.02269,2221.0,0.02272,6643.0,0.02273,500.0
1753531764675,12:09:24.675,ACH/USDT:USDT,0.02269,1391.0,0.02268,2687.0,0.02271,189.0,0.02272,6643.0
1753531764786,12:09:24.786,ACH/USDT:USDT,0.0227,189.0,0.02269,1391.0,0.02272,6702.0,0.02273,1312.0
1753531764840,12:09:24.840,ACH/USDT:USDT,0.0227,189.0,0.02269,1391.0,0.02272,6702.0,0.02273,1371.0
1753531765204,12:09:25.204,ACH/USDT:USDT,0.0227,189.0,0.02269,1391.0,0.02272,6702.0,0.02273,1371.0
1753531765307,12:09:25.307,ACH/USDT:USDT,0.02269,2197.0,0.02268,2687.0,0.02271,189.0,0.02272,6702.0
1753531765351,12:09:25.351,ACH/USDT:USDT,0.0227,189.0,0.02269,2197.0,0.02272,6702.0,0.02273,1312.0
1753531765416,12:09:25.416,ACH/USDT:USDT,0.0227,189.0,0.02269,2197.0,0.02272,6702.0,0.02273,1371.0
1753531765994,12:09:25.994,ACH/USDT:USDT,0.0227,189.0,0.02269,2197.0,0.02272,6702.0,0.02273,1371.0
1753531766232,12:09:26.232,ACH/USDT:USDT,0.0227,189.0,0.02269,2197.0,0.02272,6702.0,0.02273,1371.0
1753531766419,12:09:26.419,ACH/USDT:USDT,0.0227,189.0,0.02269,2197.0,0.02272,6702.0,0.02273,1371.0
1753531766732,12:09:26.732,ACH/USDT:USDT,0.0227,189.0,0.02269,2197.0,0.02272,6702.0,0.02273,1371.0
1753531767409,12:09:27.409,ACH/USDT:USDT,0.02269,996.0,0.02268,2687.0,0.02271,189.0,0.02272,6643.0
1753531767509,12:09:27.509,ACH/USDT:USDT,0.02269,190.0,0.02268,1500.0,0.02271,189.0,0.02272,6643.0
1753531767512,12:09:27.512,ACH/USDT:USDT,0.02269,190.0,0.02268,1500.0,0.02271,1195.0,0.02272,6643.0
1753531767668,12:09:27.668,ACH/USDT:USDT,0.02269,190.0,0.02268,688.0,0.02271,1195.0,0.02272,6643.0
1753531767906,12:09:27.906,ACH/USDT:USDT,0.02268,688.0,0.02267,687.0,0.0227,189.0,0.02271,1195.0
1753531768006,12:09:28.006,ACH/USDT:USDT,0.02268,188.0,0.02267,687.0,0.02271,2115.0,0.02272,6643.0
1753531768094,12:09:28.094,ACH/USDT:USDT,0.02268,188.0,0.02267,687.0,0.0227,189.0,0.02271,2056.0
1753531768204,12:09:28.204,ACH/USDT:USDT,0.02269,11.0,0.02268,188.0,0.0227,189.0,0.02271,2056.0
1753531768217,12:09:28.217,ACH/USDT:USDT,0.02269,22.0,0.02268,188.0,0.0227,189.0,0.02271,2056.0
1753531768400,12:09:28.400,ACH/USDT:USDT,0.02269,22.0,0.02268,188.0,0.0227,189.0,0.02271,2056.0
1753531768433,12:09:28.433,ACH/USDT:USDT,0.02269,22.0,0.02268,188.0,0.0227,189.0,0.02271,2056.0
1753531768579,12:09:28.579,ACH/USDT:USDT,0.02269,22.0,0.02268,188.0,0.0227,189.0,0.02271,2115.0
1753531768792,12:09:28.792,ACH/USDT:USDT,0.02269,22.0,0.02268,188.0,0.0227,189.0,0.02271,2115.0
1753531769000,12:09:29.000,ACH/USDT:USDT,0.02269,22.0,0.02268,188.0,0.0227,189.0,0.02271,2115.0
1753531769990,12:09:29.990,ACH/USDT:USDT,0.02269,211.0,0.02268,188.0,0.02271,2115.0,0.02272,6643.0
1753531770018,12:09:30.018,ACH/USDT:USDT,0.02269,189.0,0.02268,188.0,0.02271,2115.0,0.02272,6702.0
1753531770233,12:09:30.233,ACH/USDT:USDT,0.02269,189.0,0.02268,188.0,0.02271,2115.0,0.02272,6643.0
1753531771109,12:09:31.109,ACH/USDT:USDT,0.02268,188.0,0.02267,687.0,0.0227,189.0,0.02271,2056.0
1753531771118,12:09:31.118,ACH/USDT:USDT,0.02268,188.0,0.02267,687.0,0.0227,189.0,0.02271,2115.0
1753531771273,12:09:31.273,ACH/USDT:USDT,0.02269,189.0,0.02268,188.0,0.02271,2115.0,0.02272,6643.0
1753531771409,12:09:31.409,ACH/USDT:USDT,0.02269,189.0,0.02268,188.0,0.02271,2115.0,0.02272,6702.0
1753531771509,12:09:31.509,ACH/USDT:USDT,0.02269,189.0,0.02268,188.0,0.02271,2115.0,0.02272,6702.0
1753531771531,12:09:31.531,ACH/USDT:USDT,0.02269,189.0,0.02268,188.0,0.02271,2115.0,0.02272,6702.0
1753531771638,12:09:31.638,ACH/USDT:USDT,0.02269,189.0,0.02268,188.0,0.02271,2115.0,0.02272,6702.0
1753531772369,12:09:32.369,ACH/USDT:USDT,0.02269,189.0,0.02268,188.0,0.02271,2115.0,0.02272,6702.0
1753531772691,12:09:32.691,ACH/USDT:USDT,0.02269,189.0,0.02268,188.0,0.02271,2115.0,0.02272,6702.0
1753531772878,12:09:32.878,ACH/USDT:USDT,0.02268,188.0,0.02267,687.0,0.02271,2115.0,0.02272,6643.0
1753531773005,12:09:33.005,ACH/USDT:USDT,0.02269,11.0,0.02268,188.0,0.0227,182.0,0.02271,2056.0
1753531773024,12:09:33.024,ACH/USDT:USDT,0.02269,11.0,0.02268,188.0,0.0227,182.0,0.02271,2115.0
1753531773116,12:09:33.116,ACH/USDT:USDT,0.02269,11.0,0.02268,188.0,0.0227,182.0,0.02271,2115.0
1753531773265,12:09:33.265,ACH/USDT:USDT,0.02269,11.0,0.02268,188.0,0.0227,182.0,0.02271,2927.0
1753531773396,12:09:33.396,ACH/USDT:USDT,0.02269,22.0,0.02268,188.0,0.0227,182.0,0.02271,2868.0
1753531773542,12:09:33.542,ACH/USDT:USDT,0.02269,22.0,0.02268,188.0,0.0227,182.0,0.02271,2868.0
1753531773617,12:09:33.617,ACH/USDT:USDT,0.02269,22.0,0.02268,188.0,0.0227,182.0,0.02271,2927.0
1753531773966,12:09:33.966,ACH/USDT:USDT,0.02269,22.0,0.02268,188.0,0.0227,182.0,0.02271,2927.0
1753531774708,12:09:34.708,ACH/USDT:USDT,0.02269,22.0,0.02268,188.0,0.02271,2115.0,0.02272,6643.0
1753531774804,12:09:34.804,ACH/USDT:USDT,0.02269,204.0,0.02268,188.0,0.0227,752.0,0.02271,2056.0
1753531774816,12:09:34.816,ACH/USDT:USDT,0.02269,204.0,0.02268,188.0,0.0227,752.0,0.02271,2115.0
1753531775193,12:09:35.193,ACH/USDT:USDT,0.02269,204.0,0.02268,188.0,0.0227,752.0,0.02271,2115.0
1753531775264,12:09:35.264,ACH/USDT:USDT,0.02269,22.0,0.02268,188.0,0.0227,752.0,0.02271,2056.0
1753531775332,12:09:35.332,ACH/USDT:USDT,0.02269,22.0,0.02268,188.0,0.02271,2056.0,0.02272,6643.0
1753531775449,12:09:35.449,ACH/USDT:USDT,0.02269,204.0,0.02268,188.0,0.02271,2056.0,0.02272,6643.0
1753531775608,12:09:35.608,ACH/USDT:USDT,0.02268,188.0,0.02267,687.0,0.0227,182.0,0.02271,2056.0
1753531775642,12:09:35.642,ACH/USDT:USDT,0.02268,188.0,0.02267,1783.0,0.0227,182.0,0.02271,2115.0
1753531775963,12:09:35.963,ACH/USDT:USDT,0.02269,182.0,0.02268,188.0,0.02271,2115.0,0.02272,6643.0
1753531776059,12:09:36.059,ACH/USDT:USDT,0.02269,182.0,0.02268,188.0,0.02271,2115.0,0.02272,6643.0
1753531776332,12:09:36.332,ACH/USDT:USDT,0.02269,182.0,0.02268,188.0,0.02271,2115.0,0.02272,6643.0
1753531777364,12:09:37.364,ACH/USDT:USDT,0.02269,182.0,0.02268,188.0,0.02271,2115.0,0.02272,6643.0
1753531777675,12:09:37.675,ACH/USDT:USDT,0.02269,182.0,0.02268,188.0,0.02271,2115.0,0.02272,6643.0
1753531778569,12:09:38.569,ACH/USDT:USDT,0.02269,182.0,0.02268,188.0,0.02271,1926.0,0.02272,6643.0
1753531778614,12:09:38.614,ACH/USDT:USDT,0.02269,182.0,0.02268,188.0,0.02271,1926.0,0.02272,6643.0
1753531778724,12:09:38.724,ACH/USDT:USDT,0.02269,182.0,0.02268,188.0,0.02271,1926.0,0.02272,6643.0
1753531778894,12:09:38.894,ACH/USDT:USDT,0.02269,182.0,0.02268,188.0,0.02271,1926.0,0.02272,6643.0
1753531779273,12:09:39.273,ACH/USDT:USDT,0.02269,182.0,0.02268,188.0,0.02271,59.0,0.02272,6643.0
1753531779409,12:09:39.409,ACH/USDT:USDT,0.02269,182.0,0.02268,1000.0,0.02271,59.0,0.02272,6643.0
1753531779509,12:09:39.509,ACH/USDT:USDT,0.02269,182.0,0.02268,1000.0,0.02271,59.0,0.02272,6643.0
1753531779511,12:09:39.511,ACH/USDT:USDT,0.02269,182.0,0.02268,1000.0,0.02271,59.0,0.02272,6643.0
1753531779772,12:09:39.772,ACH/USDT:USDT,0.02269,182.0,0.02268,1000.0,0.02271,59.0,0.02272,2432.0
1753531781015,12:09:41.015,ACH/USDT:USDT,0.02269,182.0,0.02268,1000.0,0.02271,59.0,0.02272,2242.0
1753531781132,12:09:41.132,ACH/USDT:USDT,0.02269,182.0,0.02268,1000.0,0.02271,59.0,0.02272,2242.0
1753531781776,12:09:41.776,ACH/USDT:USDT,0.02269,182.0,0.02268,1000.0,0.02272,2242.0,0.02273,7033.0
1753531781866,12:09:41.866,ACH/USDT:USDT,0.0227,22.0,0.02269,682.0,0.02273,7033.0,0.02274,3598.0
1753531781991,12:09:41.991,ACH/USDT:USDT,0.0227,204.0,0.02269,682.0,0.02273,7033.0,0.02274,3598.0
1753531782035,12:09:42.035,ACH/USDT:USDT,0.02271,182.0,0.0227,204.0,0.02273,7033.0,0.02274,3598.0
1753531782190,12:09:42.190,ACH/USDT:USDT,0.02271,182.0,0.0227,204.0,0.02273,7033.0,0.02274,3598.0
1753531782298,12:09:42.298,ACH/USDT:USDT,0.02271,182.0,0.0227,182.0,0.02273,7033.0,0.02274,3598.0
1753531782314,12:09:42.314,ACH/USDT:USDT,0.0227,182.0,0.02269,682.0,0.02273,7033.0,0.02274,3598.0
1753531782466,12:09:42.466,ACH/USDT:USDT,0.02271,22.0,0.0227,182.0,0.02273,7033.0,0.02274,3598.0
1753531782616,12:09:42.616,ACH/USDT:USDT,0.02271,204.0,0.0227,182.0,0.02273,7033.0,0.02274,3598.0
1753531782770,12:09:42.770,ACH/USDT:USDT,0.0227,182.0,0.02269,682.0,0.02273,7033.0,0.02274,3598.0
1753531782907,12:09:42.907,ACH/USDT:USDT,0.02271,22.0,0.0227,182.0,0.02273,7033.0,0.02274,3598.0
1753531782924,12:09:42.924,ACH/USDT:USDT,0.02271,22.0,0.0227,182.0,0.02273,7033.0,0.02274,3598.0
1753531783283,12:09:43.283,ACH/USDT:USDT,0.02271,22.0,0.0227,182.0,0.02272,190.0,0.02273,7033.0
1753531783405,12:09:43.405,ACH/USDT:USDT,0.02271,22.0,0.0227,182.0,0.02272,190.0,0.02273,7033.0
1753531783664,12:09:43.664,ACH/USDT:USDT,0.02271,22.0,0.0227,182.0,0.02272,190.0,0.02273,7845.0
1753531783758,12:09:43.758,ACH/USDT:USDT,0.02271,22.0,0.0227,182.0,0.02272,190.0,0.02273,7845.0
1753531784381,12:09:44.381,ACH/USDT:USDT,0.02271,22.0,0.0227,182.0,0.02272,190.0,0.02273,7845.0
1753531785935,12:09:45.935,ACH/USDT:USDT,0.02271,22.0,0.0227,182.0,0.02272,190.0,0.02273,7845.0
1753531786017,12:09:46.017,ACH/USDT:USDT,0.02271,22.0,0.0227,182.0,0.02272,190.0,0.02273,7904.0
1753531790731,12:09:50.731,ACH/USDT:USDT,0.02271,22.0,0.0227,182.0,0.02272,190.0,0.02273,7904.0
1753531791991,12:09:51.991,ACH/USDT:USDT,0.02271,22.0,0.0227,182.0,0.02272,190.0,0.02273,7904.0
1753531792012,12:09:52.012,ACH/USDT:USDT,0.02271,22.0,0.0227,182.0,0.02272,190.0,0.02273,7904.0
1753531792248,12:09:52.248,ACH/USDT:USDT,0.02271,22.0,0.0227,182.0,0.02272,190.0,0.02273,7904.0
1753531792492,12:09:52.492,ACH/USDT:USDT,0.02271,22.0,0.0227,182.0,0.02272,190.0,0.02273,7904.0
1753531792512,12:09:52.512,ACH/USDT:USDT,0.02271,22.0,0.0227,182.0,0.02272,190.0,0.02273,7904.0
1753531795552,12:09:55.552,ACH/USDT:USDT,0.02271,22.0,0.0227,182.0,0.02272,190.0,0.02273,7904.0
1753531797431,12:09:57.431,ACH/USDT:USDT,0.02271,22.0,0.0227,182.0,0.02272,190.0,0.02273,7904.0
1753531800352,12:10:00.352,ACH/USDT:USDT,0.02271,22.0,0.0227,182.0,0.02272,190.0,0.02273,7904.0
1753531801281,12:10:01.281,ACH/USDT:USDT,0.02271,22.0,0.0227,182.0,0.02272,190.0,0.02273,7904.0
1753531801661,12:10:01.661,ACH/USDT:USDT,0.02271,22.0,0.0227,182.0,0.02272,190.0,0.02273,7904.0
1753531804407,12:10:04.407,ACH/USDT:USDT,0.02271,22.0,0.0227,182.0,0.02272,790.0,0.02273,7904.0
1753531804416,12:10:04.416,ACH/USDT:USDT,0.02271,22.0,0.0227,182.0,0.02272,790.0,0.02273,7845.0
1753531804519,12:10:04.519,ACH/USDT:USDT,0.02271,22.0,0.0227,182.0,0.02272,790.0,0.02273,7904.0
1753531805133,12:10:05.133,ACH/USDT:USDT,0.02271,22.0,0.0227,182.0,0.02272,790.0,0.02273,7904.0
1753531805259,12:10:05.259,ACH/USDT:USDT,0.02271,22.0,0.0227,182.0,0.02272,790.0,0.02273,7904.0
1753531805865,12:10:05.865,ACH/USDT:USDT,0.02271,22.0,0.02269,682.0,0.02272,790.0,0.02273,7904.0
1753531805947,12:10:05.947,ACH/USDT:USDT,0.0227,22.0,0.02269,682.0,0.02272,3144.0,0.02273,7845.0
1753531806018,12:10:06.018,ACH/USDT:USDT,0.0227,22.0,0.02269,682.0,0.02272,3144.0,0.02273,7904.0
1753531806188,12:10:06.188,ACH/USDT:USDT,0.0227,211.0,0.02269,682.0,0.02272,7298.0,0.02273,1312.0
1753531806223,12:10:06.223,ACH/USDT:USDT,0.0227,189.0,0.02269,682.0,0.02272,7298.0,0.02273,1312.0
1753531806513,12:10:06.513,ACH/USDT:USDT,0.0227,189.0,0.02269,682.0,0.02272,6698.0,0.02273,1312.0
1753531806618,12:10:06.618,ACH/USDT:USDT,0.0227,189.0,0.02269,682.0,0.02272,6698.0,0.02273,1371.0
1753531807166,12:10:07.166,ACH/USDT:USDT,0.0227,189.0,0.02269,682.0,0.02272,6698.0,0.02273,1371.0
1753531807586,12:10:07.586,ACH/USDT:USDT,0.0227,189.0,0.02269,682.0,0.02272,6698.0,0.02273,1371.0
1753531808395,12:10:08.395,ACH/USDT:USDT,0.0227,189.0,0.02269,682.0,0.02272,6698.0,0.02273,1371.0
1753531808905,12:10:08.905,ACH/USDT:USDT,0.0227,189.0,0.02269,682.0,0.02272,6698.0,0.02273,1371.0
1753531808913,12:10:08.913,ACH/USDT:USDT,0.0227,189.0,0.02269,682.0,0.02272,6698.0,0.02273,1371.0
1753531809991,12:10:09.991,ACH/USDT:USDT,0.0227,189.0,0.02269,682.0,0.02272,6698.0,0.02273,1371.0
1753531810415,12:10:10.415,ACH/USDT:USDT,0.0227,189.0,0.02269,682.0,0.02272,6698.0,0.02273,1371.0
1753531813408,12:10:13.408,ACH/USDT:USDT,0.0227,189.0,0.02269,682.0,0.02273,1371.0,0.02274,3973.0
1753531813508,12:10:13.508,ACH/USDT:USDT,0.02271,22.0,0.0227,189.0,0.02273,7815.0,0.02274,4032.0
1753531813576,12:10:13.576,ACH/USDT:USDT,0.02271,22.0,0.0227,189.0,0.02273,7815.0,0.02274,3973.0
1753531813643,12:10:13.643,ACH/USDT:USDT,0.02271,22.0,0.0227,189.0,0.02273,7815.0,0.02274,3973.0
1753531813810,12:10:13.810,ACH/USDT:USDT,0.02271,22.0,0.0227,189.0,0.02273,7815.0,0.02274,3973.0
1753531813990,12:10:13.990,ACH/USDT:USDT,0.02271,205.0,0.0227,189.0,0.02273,7003.0,0.02274,3973.0
1753531814015,12:10:14.015,ACH/USDT:USDT,0.02271,183.0,0.0227,189.0,0.02273,7003.0,0.02274,3973.0
1753531814114,12:10:14.114,ACH/USDT:USDT,0.0227,189.0,0.02269,682.0,0.02273,7003.0,0.02274,3973.0
1753531814289,12:10:14.289,ACH/USDT:USDT,0.02271,22.0,0.0227,189.0,0.02273,7003.0,0.02274,3973.0
1753531814566,12:10:14.566,ACH/USDT:USDT,0.02271,22.0,0.0227,189.0,0.02273,7003.0,0.02274,3973.0
1753531814617,12:10:14.617,ACH/USDT:USDT,0.02271,22.0,0.0227,189.0,0.02273,7003.0,0.02274,4032.0
1753531814761,12:10:14.761,ACH/USDT:USDT,0.02271,205.0,0.0227,189.0,0.02273,7003.0,0.02274,3973.0
1753531814902,12:10:14.902,ACH/USDT:USDT,0.0227,189.0,0.02269,682.0,0.02272,1022.0,0.02273,7003.0
1753531814952,12:10:14.952,ACH/USDT:USDT,0.0227,189.0,0.02269,682.0,0.02272,1022.0,0.02273,7062.0
1753531815348,12:10:15.348,ACH/USDT:USDT,0.0227,189.0,0.02269,682.0,0.02272,1022.0,0.02273,7062.0
1753531815524,12:10:15.524,ACH/USDT:USDT,0.0227,189.0,0.02269,682.0,0.02272,1022.0,0.02273,7874.0
1753531815974,12:10:15.974,ACH/USDT:USDT,0.0227,189.0,0.02269,682.0,0.02272,1022.0,0.02273,7874.0
1753531816222,12:10:16.222,ACH/USDT:USDT,0.0227,189.0,0.02269,682.0,0.02272,1022.0,0.02273,7874.0
1753531817142,12:10:17.142,ACH/USDT:USDT,0.0227,189.0,0.02269,682.0,0.02272,1022.0,0.02273,7874.0
1753531818270,12:10:18.270,ACH/USDT:USDT,0.0227,189.0,0.02269,682.0,0.02272,1022.0,0.02273,7874.0
1753531819552,12:10:19.552,ACH/USDT:USDT,0.0227,189.0,0.02269,682.0,0.02272,1022.0,0.02273,7874.0
1753531823809,12:10:23.809,ACH/USDT:USDT,0.0227,189.0,0.02269,682.0,0.02272,183.0,0.02273,7062.0
1753531823909,12:10:23.909,ACH/USDT:USDT,0.0227,189.0,0.02269,682.0,0.02272,183.0,0.02273,7003.0
1753531823917,12:10:23.917,ACH/USDT:USDT,0.0227,189.0,0.02269,682.0,0.02272,183.0,0.02273,7062.0
1753531825727,12:10:25.727,ACH/USDT:USDT,0.0227,189.0,0.02269,682.0,0.02273,7062.0,0.02274,185.0
1753531825887,12:10:25.887,ACH/USDT:USDT,0.0227,189.0,0.02269,682.0,0.02272,185.0,0.02273,7003.0
1753531825922,12:10:25.922,ACH/USDT:USDT,0.0227,189.0,0.02269,682.0,0.02272,185.0,0.02273,7062.0
1753531826050,12:10:26.050,ACH/USDT:USDT,0.02271,22.0,0.0227,189.0,0.02272,185.0,0.02273,7003.0
1753531827102,12:10:27.102,ACH/USDT:USDT,0.02271,22.0,0.0227,189.0,0.02272,185.0,0.02273,7003.0
1753531827172,12:10:27.172,ACH/USDT:USDT,0.02271,22.0,0.0227,189.0,0.02273,7003.0,0.02274,185.0
1753531827216,12:10:27.216,ACH/USDT:USDT,0.02271,22.0,0.0227,189.0,0.02273,7003.0,0.02274,244.0
1753531827326,12:10:27.326,ACH/USDT:USDT,0.02271,207.0,0.0227,189.0,0.02273,7003.0,0.02274,185.0
1753531827473,12:10:27.473,ACH/USDT:USDT,0.0227,189.0,0.02269,682.0,0.02273,7003.0,0.02274,185.0
1753531827520,12:10:27.520,ACH/USDT:USDT,0.02271,22.0,0.0227,189.0,0.02273,7003.0,0.02274,185.0
1753531827652,12:10:27.652,ACH/USDT:USDT,0.02271,22.0,0.0227,189.0,0.02273,7003.0,0.02274,185.0
1753531827942,12:10:27.942,ACH/USDT:USDT,0.02271,207.0,0.0227,189.0,0.02273,7003.0,0.02274,185.0
1753531828098,12:10:28.098,ACH/USDT:USDT,0.0227,189.0,0.02269,682.0,0.02273,7003.0,0.02274,185.0
1753531828116,12:10:28.116,ACH/USDT:USDT,0.02271,22.0,0.0227,189.0,0.02273,7003.0,0.02274,185.0
1753531828243,12:10:28.243,ACH/USDT:USDT,0.02271,22.0,0.0227,189.0,0.02273,7003.0,0.02274,185.0
1753531828398,12:10:28.398,ACH/USDT:USDT,0.02271,22.0,0.0227,189.0,0.02273,7003.0,0.02274,185.0
1753531828550,12:10:28.550,ACH/USDT:USDT,0.02271,207.0,0.0227,189.0,0.02273,7003.0,0.02274,185.0
1753531828705,12:10:28.705,ACH/USDT:USDT,0.0227,189.0,0.02269,682.0,0.02273,7003.0,0.02274,244.0
1753531828716,12:10:28.716,ACH/USDT:USDT,0.02271,22.0,0.0227,189.0,0.02273,7003.0,0.02274,185.0
1753531828868,12:10:28.868,ACH/USDT:USDT,0.02271,22.0,0.0227,189.0,0.02273,7003.0,0.02274,185.0
1753531829021,12:10:29.021,ACH/USDT:USDT,0.02271,207.0,0.0227,189.0,0.02273,7003.0,0.02274,185.0
1753531829178,12:10:29.178,ACH/USDT:USDT,0.0227,189.0,0.02269,682.0,0.02273,7003.0,0.02274,185.0
1753531829216,12:10:29.216,ACH/USDT:USDT,0.02271,22.0,0.0227,189.0,0.02273,7003.0,0.02274,244.0
1753531829356,12:10:29.356,ACH/USDT:USDT,0.02271,207.0,0.0227,189.0,0.02273,7003.0,0.02274,185.0
1753531829476,12:10:29.476,ACH/USDT:USDT,0.0227,189.0,0.02269,682.0,0.02273,7003.0,0.02274,185.0
1753531829601,12:10:29.601,ACH/USDT:USDT,0.02271,22.0,0.0227,189.0,0.02273,7003.0,0.02274,185.0
1753531829630,12:10:29.630,ACH/USDT:USDT,0.02271,207.0,0.0227,189.0,0.02273,7003.0,0.02274,185.0
1753531829786,12:10:29.786,ACH/USDT:USDT,0.0227,189.0,0.02269,682.0,0.02273,7003.0,0.02274,185.0
1753531829816,12:10:29.816,ACH/USDT:USDT,0.02271,22.0,0.0227,189.0,0.02273,7003.0,0.02274,185.0
1753531829935,12:10:29.935,ACH/USDT:USDT,0.02271,22.0,0.0227,189.0,0.02273,7003.0,0.02274,185.0
1753531830095,12:10:30.095,ACH/USDT:USDT,0.02271,22.0,0.0227,189.0,0.02273,7003.0,0.02274,185.0
1753531830239,12:10:30.239,ACH/USDT:USDT,0.02271,207.0,0.0227,189.0,0.02273,7003.0,0.02274,185.0
1753531830397,12:10:30.397,ACH/USDT:USDT,0.0227,189.0,0.02269,682.0,0.02273,7003.0,0.02274,185.0
1753531830442,12:10:30.442,ACH/USDT:USDT,0.02271,22.0,0.0227,189.0,0.02273,7003.0,0.02274,185.0
1753531830552,12:10:30.552,ACH/USDT:USDT,0.02271,207.0,0.0227,189.0,0.02273,7003.0,0.02274,185.0
1753531830704,12:10:30.704,ACH/USDT:USDT,0.0227,189.0,0.02269,682.0,0.02273,7003.0,0.02274,185.0
1753531830785,12:10:30.785,ACH/USDT:USDT,0.02271,22.0,0.0227,189.0,0.02273,7003.0,0.02274,185.0
1753531830869,12:10:30.869,ACH/USDT:USDT,0.02271,22.0,0.0227,189.0,0.02273,7003.0,0.02274,244.0
1753531830916,12:10:30.916,ACH/USDT:USDT,0.02271,22.0,0.0227,189.0,0.02273,7003.0,0.02274,185.0
1753531831018,12:10:31.018,ACH/USDT:USDT,0.02271,207.0,0.0227,189.0,0.02273,7003.0,0.02274,185.0
1753531831170,12:10:31.170,ACH/USDT:USDT,0.0227,189.0,0.02269,682.0,0.02273,7003.0,0.02274,185.0
1753531831283,12:10:31.283,ACH/USDT:USDT,0.02271,22.0,0.0227,189.0,0.02273,7003.0,0.02274,185.0
1753531831326,12:10:31.326,ACH/USDT:USDT,0.02271,22.0,0.0227,189.0,0.02273,7003.0,0.02274,185.0
1753531831485,12:10:31.485,ACH/USDT:USDT,0.02271,207.0,0.0227,189.0,0.02273,7003.0,0.02274,185.0
1753531831517,12:10:31.517,ACH/USDT:USDT,0.02271,185.0,0.0227,189.0,0.02273,7003.0,0.02274,185.0
1753531831628,12:10:31.628,ACH/USDT:USDT,0.0227,189.0,0.02269,682.0,0.02273,7003.0,0.02274,185.0
1753531831781,12:10:31.781,ACH/USDT:USDT,0.02271,22.0,0.0227,189.0,0.02273,7003.0,0.02274,185.0
1753531831931,12:10:31.931,ACH/USDT:USDT,0.02271,207.0,0.0227,189.0,0.02273,7003.0,0.02274,185.0
1753531832082,12:10:32.082,ACH/USDT:USDT,0.0227,189.0,0.02269,682.0,0.02273,7003.0,0.02274,185.0
1753531832118,12:10:32.118,ACH/USDT:USDT,0.02271,22.0,0.0227,189.0,0.02273,7003.0,0.02274,185.0
1753531832240,12:10:32.240,ACH/USDT:USDT,0.02271,22.0,0.0227,189.0,0.02273,7003.0,0.02274,185.0
1753531832388,12:10:32.388,ACH/USDT:USDT,0.02271,207.0,0.0227,189.0,0.02273,7003.0,0.02274,185.0
1753531832415,12:10:32.415,ACH/USDT:USDT,0.02271,185.0,0.0227,189.0,0.02273,7003.0,0.02274,185.0
1753531832542,12:10:32.542,ACH/USDT:USDT,0.0227,189.0,0.02269,682.0,0.02273,7003.0,0.02274,185.0
1753531832695,12:10:32.695,ACH/USDT:USDT,0.02271,207.0,0.0227,189.0,0.02273,7003.0,0.02274,185.0
1753531832715,12:10:32.715,ACH/USDT:USDT,0.02271,185.0,0.0227,189.0,0.02273,7003.0,0.02274,185.0
1753531832894,12:10:32.894,ACH/USDT:USDT,0.0227,189.0,0.02269,682.0,0.02273,7003.0,0.02274,185.0
1753531833005,12:10:33.005,ACH/USDT:USDT,0.02271,22.0,0.0227,189.0,0.02273,7003.0,0.02274,185.0
1753531833155,12:10:33.155,ACH/USDT:USDT,0.02271,22.0,0.0227,189.0,0.02273,7003.0,0.02274,185.0
1753531833332,12:10:33.332,ACH/USDT:USDT,0.02271,22.0,0.0227,189.0,0.02273,7003.0,0.02274,185.0
1753531833469,12:10:33.469,ACH/USDT:USDT,0.02271,22.0,0.0227,189.0,0.02273,7003.0,0.02274,185.0
1753531833651,12:10:33.651,ACH/USDT:USDT,0.02271,22.0,0.0227,189.0,0.02272,187.0,0.02273,7003.0
1753531833730,12:10:33.730,ACH/USDT:USDT,0.02271,22.0,0.0227,189.0,0.02272,187.0,0.02273,7003.0
1753531834192,12:10:34.192,ACH/USDT:USDT,0.02271,209.0,0.0227,189.0,0.02273,7003.0,0.02274,185.0
1753531834272,12:10:34.272,ACH/USDT:USDT,0.02271,187.0,0.0227,189.0,0.02273,500.0,0.02274,185.0
1753531834353,12:10:34.353,ACH/USDT:USDT,0.0227,189.0,0.02269,682.0,0.02273,1458.0,0.02274,6694.0
1753531834472,12:10:34.472,ACH/USDT:USDT,0.02271,209.0,0.0227,189.0,0.02273,1458.0,0.02274,6694.0
1753531834563,12:10:34.563,ACH/USDT:USDT,0.02271,187.0,0.0227,189.0,0.02273,1458.0,0.02274,6694.0
1753531834620,12:10:34.620,ACH/USDT:USDT,0.0227,189.0,0.02269,682.0,0.02273,1458.0,0.02274,6694.0
1753531834779,12:10:34.779,ACH/USDT:USDT,0.02271,22.0,0.0227,189.0,0.02273,1458.0,0.02274,6694.0
1753531834981,12:10:34.981,ACH/USDT:USDT,0.02271,22.0,0.0227,189.0,0.02273,1458.0,0.02274,6694.0
1753531835085,12:10:35.085,ACH/USDT:USDT,0.02271,22.0,0.0227,189.0,0.02273,1458.0,0.02274,6694.0
1753531835234,12:10:35.234,ACH/USDT:USDT,0.02271,209.0,0.0227,189.0,0.02273,1458.0,0.02274,6694.0
1753531835397,12:10:35.397,ACH/USDT:USDT,0.0227,189.0,0.02269,682.0,0.02273,1458.0,0.02274,6694.0
1753531835416,12:10:35.416,ACH/USDT:USDT,0.02271,22.0,0.0227,189.0,0.02273,1458.0,0.02274,6694.0
1753531835545,12:10:35.545,ACH/USDT:USDT,0.02271,22.0,0.0227,189.0,0.02273,1458.0,0.02274,6694.0
1753531835698,12:10:35.698,ACH/USDT:USDT,0.02271,209.0,0.0227,189.0,0.02273,1458.0,0.02274,6694.0
1753531835809,12:10:35.809,ACH/USDT:USDT,0.02271,187.0,0.0227,189.0,0.02273,1458.0,0.02274,6694.0
1753531835851,12:10:35.851,ACH/USDT:USDT,0.0227,189.0,0.02269,682.0,0.02273,1458.0,0.02274,6694.0
1753531836003,12:10:36.003,ACH/USDT:USDT,0.02271,22.0,0.0227,189.0,0.02273,1458.0,0.02274,6694.0
1753531836160,12:10:36.160,ACH/USDT:USDT,0.02271,22.0,0.0227,189.0,0.02273,1458.0,0.02274,6694.0
1753531836312,12:10:36.312,ACH/USDT:USDT,0.02271,22.0,0.0227,189.0,0.02273,1458.0,0.02274,6694.0
1753531836465,12:10:36.465,ACH/USDT:USDT,0.02271,22.0,0.0227,189.0,0.02273,1458.0,0.02274,6694.0
1753531836617,12:10:36.617,ACH/USDT:USDT,0.02271,209.0,0.0227,189.0,0.02273,1458.0,0.02274,6694.0
1753531836770,12:10:36.770,ACH/USDT:USDT,0.0227,189.0,0.02269,682.0,0.02273,1458.0,0.02274,6694.0
1753531836820,12:10:36.820,ACH/USDT:USDT,0.02271,22.0,0.0227,189.0,0.02273,1458.0,0.02274,6694.0
1753531836927,12:10:36.927,ACH/USDT:USDT,0.02271,22.0,0.0227,189.0,0.02273,1458.0,0.02274,6694.0
1753531837078,12:10:37.078,ACH/USDT:USDT,0.02271,209.0,0.0227,189.0,0.02273,1458.0,0.02274,6694.0
1753531837190,12:10:37.190,ACH/USDT:USDT,0.0227,189.0,0.02269,1884.0,0.02272,187.0,0.02273,2301.0
1753531837283,12:10:37.283,ACH/USDT:USDT,0.0227,189.0,0.02269,1884.0,0.02272,187.0,0.02273,2301.0
1753531837409,12:10:37.409,ACH/USDT:USDT,0.0227,189.0,0.02269,1884.0,0.02272,187.0,0.02273,3113.0
1753531837460,12:10:37.460,ACH/USDT:USDT,0.0227,189.0,0.02269,1884.0,0.02272,187.0,0.02273,3113.0
1753531837936,12:10:37.936,ACH/USDT:USDT,0.0227,189.0,0.02269,1884.0,0.02272,187.0,0.02273,3113.0
1753531838364,12:10:38.364,ACH/USDT:USDT,0.0227,189.0,0.02269,1884.0,0.02272,187.0,0.02273,3113.0
1753531839229,12:10:39.229,ACH/USDT:USDT,0.02269,182.0,0.02268,1500.0,0.02272,187.0,0.02273,3113.0
1753531839318,12:10:39.318,ACH/USDT:USDT,0.0227,22.0,0.02269,182.0,0.02272,187.0,0.02273,3113.0
1753531841307,12:10:41.307,ACH/USDT:USDT,0.0227,22.0,0.02269,182.0,0.02272,187.0,0.02273,3113.0
1753531841408,12:10:41.408,ACH/USDT:USDT,0.0227,22.0,0.02269,182.0,0.02272,187.0,0.02273,3113.0
1753531841410,12:10:41.410,ACH/USDT:USDT,0.0227,22.0,0.02269,182.0,0.02272,187.0,0.02273,3113.0
1753531841709,12:10:41.709,ACH/USDT:USDT,0.0227,22.0,0.02269,182.0,0.02272,187.0,0.02273,3113.0
1753531841808,12:10:41.808,ACH/USDT:USDT,0.0227,22.0,0.02269,182.0,0.02272,187.0,0.02273,3113.0
1753531841811,12:10:41.811,ACH/USDT:USDT,0.0227,22.0,0.02269,182.0,0.02272,187.0,0.02273,3113.0
1753531841948,12:10:41.948,ACH/USDT:USDT,0.0227,22.0,0.02269,182.0,0.02272,187.0,0.02273,3113.0
1753531842149,12:10:42.149,ACH/USDT:USDT,0.0227,209.0,0.02269,182.0,0.02272,187.0,0.02273,2301.0
1753531842308,12:10:42.308,ACH/USDT:USDT,0.02269,182.0,0.02268,1869.0,0.02272,187.0,0.02273,2301.0
1753531842316,12:10:42.316,ACH/USDT:USDT,0.0227,22.0,0.02269,182.0,0.02272,187.0,0.02273,2301.0
1753531842462,12:10:42.462,ACH/USDT:USDT,0.0227,209.0,0.02269,182.0,0.02272,187.0,0.02273,2301.0
1753531842515,12:10:42.515,ACH/USDT:USDT,0.0227,187.0,0.02269,182.0,0.02272,187.0,0.02273,2301.0
1753531842615,12:10:42.615,ACH/USDT:USDT,0.02269,182.0,0.02268,1869.0,0.02272,187.0,0.02273,2301.0
1753531842768,12:10:42.768,ACH/USDT:USDT,0.0227,22.0,0.02269,182.0,0.02272,187.0,0.02273,2301.0
1753531842924,12:10:42.924,ACH/USDT:USDT,0.0227,22.0,0.02269,182.0,0.02272,187.0,0.02273,2301.0
1753531843083,12:10:43.083,ACH/USDT:USDT,0.0227,207.0,0.02269,182.0,0.02272,187.0,0.02273,2301.0
1753531843207,12:10:43.207,ACH/USDT:USDT,0.0227,185.0,0.02269,182.0,0.02272,187.0,0.02273,2301.0
1753531843234,12:10:43.234,ACH/USDT:USDT,0.02269,182.0,0.02268,1869.0,0.02272,187.0,0.02273,2301.0
1753531843399,12:10:43.399,ACH/USDT:USDT,0.0227,22.0,0.02269,182.0,0.02272,187.0,0.02273,2301.0
1753531843548,12:10:43.548,ACH/USDT:USDT,0.0227,22.0,0.02269,182.0,0.02272,187.0,0.02273,2301.0
1753531843702,12:10:43.702,ACH/USDT:USDT,0.0227,207.0,0.02269,182.0,0.02272,187.0,0.02273,2301.0
1753531843716,12:10:43.716,ACH/USDT:USDT,0.0227,185.0,0.02269,182.0,0.02272,187.0,0.02273,2301.0
1753531843861,12:10:43.861,ACH/USDT:USDT,0.02269,182.0,0.02268,1869.0,0.02272,187.0,0.02273,2301.0
1753531843916,12:10:43.916,ACH/USDT:USDT,0.0227,22.0,0.02269,182.0,0.02272,187.0,0.02273,2360.0
1753531844018,12:10:44.018,ACH/USDT:USDT,0.0227,22.0,0.02269,182.0,0.02272,187.0,0.02273,2301.0
1753531844167,12:10:44.167,ACH/USDT:USDT,0.0227,22.0,0.02269,182.0,0.02272,187.0,0.02273,2301.0
1753531844294,12:10:44.294,ACH/USDT:USDT,0.0227,22.0,0.02269,182.0,0.02272,187.0,0.02273,2301.0
1753531844318,12:10:44.318,ACH/USDT:USDT,0.0227,207.0,0.02269,182.0,0.02272,187.0,0.02273,2301.0
1753531844503,12:10:44.503,ACH/USDT:USDT,0.02269,182.0,0.02268,1869.0,0.02273,1860.0,0.02274,6694.0
1753531844603,12:10:44.603,ACH/USDT:USDT,0.0227,207.0,0.02269,994.0,0.02272,185.0,0.02273,1860.0
1753531844622,12:10:44.622,ACH/USDT:USDT,0.0227,185.0,0.02269,994.0,0.02272,185.0,0.02273,1801.0
1753531844796,12:10:44.796,ACH/USDT:USDT,0.0227,185.0,0.02269,994.0,0.02272,185.0,0.02273,1801.0
1753531846426,12:10:46.426,ACH/USDT:USDT,0.0227,185.0,0.02269,994.0,0.02272,185.0,0.02273,1801.0
1753531846516,12:10:46.516,ACH/USDT:USDT,0.0227,185.0,0.02269,994.0,0.02272,185.0,0.02273,1860.0
1753531846732,12:10:46.732,ACH/USDT:USDT,0.0227,185.0,0.02269,994.0,0.02273,1860.0,0.02274,6694.0
1753531846843,12:10:46.843,ACH/USDT:USDT,0.02271,22.0,0.0227,185.0,0.02273,1860.0,0.02274,6694.0
1753531846985,12:10:46.985,ACH/USDT:USDT,0.02271,207.0,0.0227,185.0,0.02273,1860.0,0.02274,6694.0
1753531847017,12:10:47.017,ACH/USDT:USDT,0.02271,185.0,0.0227,185.0,0.02273,1860.0,0.02274,6694.0
1753531847136,12:10:47.136,ACH/USDT:USDT,0.0227,185.0,0.02269,994.0,0.02273,1860.0,0.02274,6694.0
1753531847288,12:10:47.288,ACH/USDT:USDT,0.02271,207.0,0.0227,185.0,0.02273,1860.0,0.02274,6694.0
1753531847317,12:10:47.317,ACH/USDT:USDT,0.02271,185.0,0.0227,185.0,0.02273,1860.0,0.02274,6694.0
1753531847441,12:10:47.441,ACH/USDT:USDT,0.0227,185.0,0.02269,994.0,0.02273,1860.0,0.02274,6753.0
1753531847596,12:10:47.596,ACH/USDT:USDT,0.02271,22.0,0.0227,185.0,0.02273,1860.0,0.02274,6694.0
1753531847667,12:10:47.667,ACH/USDT:USDT,0.02271,22.0,0.0227,185.0,0.02273,1860.0,0.02274,6694.0
1753531847748,12:10:47.748,ACH/USDT:USDT,0.02271,22.0,0.0227,185.0,0.02273,1860.0,0.02274,6694.0
1753531847898,12:10:47.898,ACH/USDT:USDT,0.02271,207.0,0.0227,185.0,0.02273,1860.0,0.02274,6694.0
1753531847917,12:10:47.917,ACH/USDT:USDT,0.02271,185.0,0.0227,185.0,0.02273,1860.0,0.02274,6694.0
1753531848086,12:10:48.086,ACH/USDT:USDT,0.0227,185.0,0.02269,994.0,0.02273,1860.0,0.02274,6694.0
1753531848202,12:10:48.202,ACH/USDT:USDT,0.02271,22.0,0.0227,185.0,0.02273,1860.0,0.02274,6694.0
1753531848359,12:10:48.359,ACH/USDT:USDT,0.02271,207.0,0.0227,185.0,0.02273,1860.0,0.02274,6694.0
1753531848508,12:10:48.508,ACH/USDT:USDT,0.02271,185.0,0.0227,185.0,0.02273,1860.0,0.02274,6694.0
1753531848511,12:10:48.511,ACH/USDT:USDT,0.0227,185.0,0.02269,994.0,0.02273,1860.0,0.02274,6694.0
1753531848669,12:10:48.669,ACH/USDT:USDT,0.02271,207.0,0.0227,185.0,0.02273,1860.0,0.02274,6694.0
1753531848716,12:10:48.716,ACH/USDT:USDT,0.02271,185.0,0.0227,185.0,0.02273,1860.0,0.02274,6694.0
1753531848815,12:10:48.815,ACH/USDT:USDT,0.0227,185.0,0.02269,994.0,0.02273,1860.0,0.02274,6694.0
1753531848971,12:10:48.971,ACH/USDT:USDT,0.02271,207.0,0.0227,185.0,0.02273,1860.0,0.02274,6694.0
1753531849015,12:10:49.015,ACH/USDT:USDT,0.02271,185.0,0.0227,185.0,0.02273,1860.0,0.02274,6694.0
1753531849124,12:10:49.124,ACH/USDT:USDT,0.0227,185.0,0.02269,994.0,0.02273,1860.0,0.02274,6694.0
1753531849278,12:10:49.278,ACH/USDT:USDT,0.02271,22.0,0.0227,185.0,0.02273,1860.0,0.02274,6694.0
1753531849336,12:10:49.336,ACH/USDT:USDT,0.02271,22.0,0.0227,185.0,0.02273,1860.0,0.02274,6694.0
1753531849431,12:10:49.431,ACH/USDT:USDT,0.02271,22.0,0.0227,185.0,0.02273,1860.0,0.02274,6694.0
1753531849676,12:10:49.676,ACH/USDT:USDT,0.02271,207.0,0.0227,185.0,0.02273,1860.0,0.02274,6694.0
1753531849718,12:10:49.718,ACH/USDT:USDT,0.02271,185.0,0.0227,185.0,0.02273,1860.0,0.02274,6753.0
1753531849836,12:10:49.836,ACH/USDT:USDT,0.0227,185.0,0.02269,994.0,0.02273,1860.0,0.02274,6694.0
1753531849980,12:10:49.980,ACH/USDT:USDT,0.02271,207.0,0.0227,185.0,0.02273,1860.0,0.02274,6694.0
1753531850016,12:10:50.016,ACH/USDT:USDT,0.02271,185.0,0.0227,185.0,0.02273,1860.0,0.02274,6694.0
1753531850152,12:10:50.152,ACH/USDT:USDT,0.0227,185.0,0.02269,994.0,0.02273,1860.0,0.02274,6694.0
1753531850292,12:10:50.292,ACH/USDT:USDT,0.02271,22.0,0.0227,185.0,0.02273,1860.0,0.02274,6694.0
1753531850437,12:10:50.437,ACH/USDT:USDT,0.02271,22.0,0.0227,185.0,0.02273,1860.0,0.02274,6694.0
1753531850591,12:10:50.591,ACH/USDT:USDT,0.02271,22.0,0.0227,185.0,0.02273,1860.0,0.02274,6694.0
1753531850744,12:10:50.744,ACH/USDT:USDT,0.02271,207.0,0.0227,185.0,0.02273,1860.0,0.02274,6694.0
1753531850904,12:10:50.904,ACH/USDT:USDT,0.0227,185.0,0.02269,994.0,0.02273,1860.0,0.02274,6694.0
1753531850916,12:10:50.916,ACH/USDT:USDT,0.02271,22.0,0.0227,185.0,0.02273,1860.0,0.02274,6694.0
1753531851049,12:10:51.049,ACH/USDT:USDT,0.02271,207.0,0.0227,185.0,0.02273,1860.0,0.02274,6694.0
1753531851202,12:10:51.202,ACH/USDT:USDT,0.0227,185.0,0.02269,994.0,0.02273,1860.0,0.02274,6694.0
1753531851218,12:10:51.218,ACH/USDT:USDT,0.02271,22.0,0.0227,185.0,0.02273,1860.0,0.02274,6694.0
1753531851355,12:10:51.355,ACH/USDT:USDT,0.02271,22.0,0.0227,185.0,0.02273,1860.0,0.02274,6694.0
1753531851507,12:10:51.507,ACH/USDT:USDT,0.02271,207.0,0.0227,185.0,0.02273,1860.0,0.02274,6753.0
1753531851516,12:10:51.516,ACH/USDT:USDT,0.02271,185.0,0.0227,185.0,0.02273,1860.0,0.02274,6694.0
1753531851661,12:10:51.661,ACH/USDT:USDT,0.0227,185.0,0.02269,994.0,0.02273,1860.0,0.02274,6694.0
1753531851716,12:10:51.716,ACH/USDT:USDT,0.02271,22.0,0.0227,185.0,0.02273,1860.0,0.02274,6694.0
1753531851813,12:10:51.813,ACH/USDT:USDT,0.02271,207.0,0.0227,185.0,0.02273,1860.0,0.02274,6694.0
1753531851964,12:10:51.964,ACH/USDT:USDT,0.0227,185.0,0.02269,994.0,0.02273,1860.0,0.02274,6694.0
1753531852017,12:10:52.017,ACH/USDT:USDT,0.02271,22.0,0.0227,185.0,0.02273,1860.0,0.02274,6753.0
1753531852126,12:10:52.126,ACH/USDT:USDT,0.02271,22.0,0.0227,185.0,0.02273,1860.0,0.02274,6694.0
1753531852279,12:10:52.279,ACH/USDT:USDT,0.02271,22.0,0.0227,185.0,0.02273,1860.0,0.02274,6694.0
1753531852332,12:10:52.332,ACH/USDT:USDT,0.02271,22.0,0.0227,185.0,0.02273,1860.0,0.02274,6694.0
1753531852431,12:10:52.431,ACH/USDT:USDT,0.02271,22.0,0.0227,185.0,0.02273,1860.0,0.02274,6694.0
1753531852585,12:10:52.585,ACH/USDT:USDT,0.02271,207.0,0.0227,185.0,0.02273,1860.0,0.02274,6694.0
1753531852618,12:10:52.618,ACH/USDT:USDT,0.02271,185.0,0.0227,185.0,0.02273,1860.0,0.02274,6753.0
1753531852746,12:10:52.746,ACH/USDT:USDT,0.0227,185.0,0.02269,994.0,0.02273,1860.0,0.02274,6694.0
1753531852909,12:10:52.909,ACH/USDT:USDT,0.02271,209.0,0.0227,185.0,0.02273,1860.0,0.02274,6694.0
1753531852995,12:10:52.995,ACH/USDT:USDT,0.02271,187.0,0.0227,185.0,0.02273,1860.0,0.02274,6694.0
1753531853062,12:10:53.062,ACH/USDT:USDT,0.0227,185.0,0.02269,994.0,0.02273,1860.0,0.02274,6694.0
1753531853118,12:10:53.118,ACH/USDT:USDT,0.02271,22.0,0.0227,185.0,0.02273,1860.0,0.02274,6753.0
1753531853222,12:10:53.222,ACH/USDT:USDT,0.02271,209.0,0.0227,185.0,0.02273,1860.0,0.02274,6694.0
1753531853372,12:10:53.372,ACH/USDT:USDT,0.0227,185.0,0.02269,994.0,0.02273,1860.0,0.02274,6694.0
1753531853416,12:10:53.416,ACH/USDT:USDT,0.02271,22.0,0.0227,185.0,0.02273,1860.0,0.02274,6694.0
1753531853523,12:10:53.523,ACH/USDT:USDT,0.02271,209.0,0.0227,185.0,0.02273,1860.0,0.02274,6694.0
1753531853685,12:10:53.685,ACH/USDT:USDT,0.0227,185.0,0.02269,994.0,0.02273,1860.0,0.02274,6694.0
1753531853716,12:10:53.716,ACH/USDT:USDT,0.02271,22.0,0.0227,185.0,0.02273,1860.0,0.02274,6694.0
1753531853836,12:10:53.836,ACH/USDT:USDT,0.02271,22.0,0.0227,185.0,0.02273,1860.0,0.02274,6694.0
1753531854011,12:10:54.011,ACH/USDT:USDT,0.02271,209.0,0.0227,185.0,0.02273,1860.0,0.02274,6694.0
1753531854166,12:10:54.166,ACH/USDT:USDT,0.0227,185.0,0.02269,994.0,0.02273,1860.0,0.02274,6694.0
1753531854290,12:10:54.290,ACH/USDT:USDT,0.02271,22.0,0.0227,185.0,0.02273,1860.0,0.02274,6694.0
1753531854328,12:10:54.328,ACH/USDT:USDT,0.02271,22.0,0.0227,185.0,0.02273,1860.0,0.02274,6694.0
1753531854483,12:10:54.483,ACH/USDT:USDT,0.02271,209.0,0.0227,185.0,0.02273,1860.0,0.02274,6694.0
1753531854517,12:10:54.517,ACH/USDT:USDT,0.02271,187.0,0.0227,185.0,0.02273,1860.0,0.02274,6694.0
1753531854637,12:10:54.637,ACH/USDT:USDT,0.0227,185.0,0.02269,994.0,0.02273,1860.0,0.02274,6694.0
1753531854789,12:10:54.789,ACH/USDT:USDT,0.02271,209.0,0.0227,185.0,0.02273,1860.0,0.02274,6694.0
1753531854816,12:10:54.816,ACH/USDT:USDT,0.02271,187.0,0.0227,185.0,0.02273,1860.0,0.02274,6694.0
1753531854948,12:10:54.948,ACH/USDT:USDT,0.0227,185.0,0.02269,994.0,0.02273,1860.0,0.02274,6694.0
1753531855103,12:10:55.103,ACH/USDT:USDT,0.02271,22.0,0.0227,185.0,0.02273,1860.0,0.02274,6694.0
1753531855256,12:10:55.256,ACH/USDT:USDT,0.02271,22.0,0.0227,185.0,0.02273,1860.0,0.02274,6694.0
1753531855410,12:10:55.410,ACH/USDT:USDT,0.02271,209.0,0.0227,185.0,0.02273,1860.0,0.02274,6694.0
1753531855562,12:10:55.562,ACH/USDT:USDT,0.0227,185.0,0.02269,994.0,0.02273,1860.0,0.02274,6694.0
1753531855616,12:10:55.616,ACH/USDT:USDT,0.02271,22.0,0.0227,185.0,0.02273,1860.0,0.02274,6694.0
1753531855720,12:10:55.720,ACH/USDT:USDT,0.02271,22.0,0.0227,185.0,0.02273,1860.0,0.02274,6694.0
1753531855881,12:10:55.881,ACH/USDT:USDT,0.02271,209.0,0.0227,185.0,0.02273,1860.0,0.02274,6694.0
1753531855915,12:10:55.915,ACH/USDT:USDT,0.02271,187.0,0.0227,185.0,0.02273,1860.0,0.02274,6694.0
1753531856033,12:10:56.033,ACH/USDT:USDT,0.0227,185.0,0.02269,994.0,0.02273,1860.0,0.02274,6694.0
1753531856190,12:10:56.190,ACH/USDT:USDT,0.02271,22.0,0.0227,185.0,0.02273,1860.0,0.02274,6694.0
1753531856345,12:10:56.345,ACH/USDT:USDT,0.02271,22.0,0.0227,185.0,0.02273,1860.0,0.02274,6694.0
1753531856497,12:10:56.497,ACH/USDT:USDT,0.02271,22.0,0.0227,185.0,0.02273,1860.0,0.02274,6694.0
1753531856648,12:10:56.648,ACH/USDT:USDT,0.02271,22.0,0.0227,185.0,0.02273,1860.0,0.02274,6694.0
1753531856802,12:10:56.802,ACH/USDT:USDT,0.02271,22.0,0.0227,185.0,0.02273,1860.0,0.02274,6694.0
1753531856953,12:10:56.953,ACH/USDT:USDT,0.02271,209.0,0.0227,185.0,0.02273,1860.0,0.02274,6694.0
1753531857106,12:10:57.106,ACH/USDT:USDT,0.0227,185.0,0.02269,994.0,0.02273,1860.0,0.02274,6694.0
1753531857132,12:10:57.132,ACH/USDT:USDT,0.02271,22.0,0.0227,185.0,0.02273,1860.0,0.02274,6694.0
1753531857306,12:10:57.306,ACH/USDT:USDT,0.02271,22.0,0.0227,185.0,0.02273,1860.0,0.02274,6694.0
1753531857413,12:10:57.413,ACH/USDT:USDT,0.02271,22.0,0.0227,185.0,0.02273,1860.0,0.02274,6694.0
1753531857564,12:10:57.564,ACH/USDT:USDT,0.02271,209.0,0.0227,185.0,0.02273,1860.0,0.02274,6694.0
1753531857616,12:10:57.616,ACH/USDT:USDT,0.02271,187.0,0.0227,185.0,0.02273,1860.0,0.02274,6694.0
1753531857717,12:10:57.717,ACH/USDT:USDT,0.0227,185.0,0.02269,994.0,0.02273,1860.0,0.02274,6694.0
1753531857884,12:10:57.884,ACH/USDT:USDT,0.02271,22.0,0.0227,185.0,0.02273,1860.0,0.02274,6694.0
1753531858034,12:10:58.034,ACH/USDT:USDT,0.02271,209.0,0.0227,185.0,0.02273,1860.0,0.02274,6694.0
1753531858186,12:10:58.186,ACH/USDT:USDT,0.0227,185.0,0.02269,994.0,0.02273,1860.0,0.02274,6694.0
1753531858216,12:10:58.216,ACH/USDT:USDT,0.02271,22.0,0.0227,185.0,0.02273,1860.0,0.02274,6694.0
1753531858337,12:10:58.337,ACH/USDT:USDT,0.02271,209.0,0.0227,185.0,0.02273,1860.0,0.02274,6694.0
1753531858489,12:10:58.489,ACH/USDT:USDT,0.0227,185.0,0.02269,994.0,0.02273,1860.0,0.02274,6694.0
1753531858516,12:10:58.516,ACH/USDT:USDT,0.02271,22.0,0.0227,185.0,0.02273,1860.0,0.02274,6694.0
1753531858650,12:10:58.650,ACH/USDT:USDT,0.02271,209.0,0.0227,185.0,0.02273,1860.0,0.02274,6694.0
1753531858804,12:10:58.804,ACH/USDT:USDT,0.0227,185.0,0.02269,994.0,0.02273,1860.0,0.02274,6694.0
1753531858816,12:10:58.816,ACH/USDT:USDT,0.02271,22.0,0.0227,185.0,0.02273,1860.0,0.02274,6694.0
1753531858968,12:10:58.968,ACH/USDT:USDT,0.02271,209.0,0.0227,185.0,0.02273,1860.0,0.02274,6694.0
1753531859015,12:10:59.015,ACH/USDT:USDT,0.02271,187.0,0.0227,185.0,0.02273,1860.0,0.02274,6694.0
1753531859113,12:10:59.113,ACH/USDT:USDT,0.0227,185.0,0.02269,994.0,0.02273,1860.0,0.02274,6694.0
1753531859264,12:10:59.264,ACH/USDT:USDT,0.02271,209.0,0.0227,185.0,0.02273,1860.0,0.02274,6694.0
1753531859316,12:10:59.316,ACH/USDT:USDT,0.02271,187.0,0.0227,185.0,0.02273,1860.0,0.02274,6694.0
1753531859415,12:10:59.415,ACH/USDT:USDT,0.0227,185.0,0.02269,994.0,0.02273,1860.0,0.02274,6694.0
1753531859567,12:10:59.567,ACH/USDT:USDT,0.02271,22.0,0.0227,185.0,0.02273,1860.0,0.02274,6694.0
1753531859720,12:10:59.720,ACH/USDT:USDT,0.02271,209.0,0.0227,185.0,0.02273,1860.0,0.02274,6694.0
1753531859888,12:10:59.888,ACH/USDT:USDT,0.0227,185.0,0.02269,994.0,0.02273,1860.0,0.02274,6694.0
1753531859962,12:10:59.962,ACH/USDT:USDT,0.02271,22.0,0.0227,185.0,0.02273,1860.0,0.02274,6694.0
1753531860024,12:11:00.024,ACH/USDT:USDT,0.02271,209.0,0.0227,185.0,0.02273,1860.0,0.02274,6694.0
1753531860176,12:11:00.176,ACH/USDT:USDT,0.0227,185.0,0.02269,994.0,0.02273,1860.0,0.02274,6694.0
1753531860216,12:11:00.216,ACH/USDT:USDT,0.02271,22.0,0.0227,185.0,0.02273,1860.0,0.02274,6694.0
1753531860387,12:11:00.387,ACH/USDT:USDT,0.02271,22.0,0.0227,185.0,0.02273,1860.0,0.02274,6694.0
1753531860482,12:11:00.482,ACH/USDT:USDT,0.02271,22.0,0.0227,185.0,0.02273,1860.0,0.02274,6694.0
1753531860635,12:11:00.635,ACH/USDT:USDT,0.02271,209.0,0.0227,185.0,0.02273,1860.0,0.02274,6694.0
1753531860805,12:11:00.805,ACH/USDT:USDT,0.0227,185.0,0.02269,994.0,0.02273,1860.0,0.02274,6694.0
1753531860816,12:11:00.816,ACH/USDT:USDT,0.02271,22.0,0.0227,185.0,0.02273,1860.0,0.02274,6694.0
1753531860945,12:11:00.945,ACH/USDT:USDT,0.02271,22.0,0.0227,185.0,0.02273,1860.0,0.02274,6694.0
1753531861101,12:11:01.101,ACH/USDT:USDT,0.02271,209.0,0.0227,185.0,0.02273,1860.0,0.02274,6694.0
1753531861115,12:11:01.115,ACH/USDT:USDT,0.02271,187.0,0.0227,185.0,0.02273,1860.0,0.02274,6694.0
1753531861254,12:11:01.254,ACH/USDT:USDT,0.0227,185.0,0.02269,994.0,0.02273,1860.0,0.02274,6694.0
1753531861406,12:11:01.406,ACH/USDT:USDT,0.02271,22.0,0.0227,185.0,0.02273,1860.0,0.02274,6694.0
1753531861564,12:11:01.564,ACH/USDT:USDT,0.02271,22.0,0.0227,185.0,0.02273,1860.0,0.02274,6694.0
1753531861716,12:11:01.716,ACH/USDT:USDT,0.02271,209.0,0.0227,185.0,0.02273,1860.0,0.02274,6694.0
1753531861869,12:11:01.869,ACH/USDT:USDT,0.0227,185.0,0.02269,994.0,0.02273,1860.0,0.02274,6694.0
1753531861952,12:11:01.952,ACH/USDT:USDT,0.02271,22.0,0.0227,185.0,0.02273,1860.0,0.02274,6694.0
1753531862064,12:11:02.064,ACH/USDT:USDT,0.02271,209.0,0.0227,185.0,0.02273,1860.0,0.02274,6694.0
1753531862174,12:11:02.174,ACH/USDT:USDT,0.0227,185.0,0.02269,994.0,0.02273,1860.0,0.02274,6694.0
1753531862217,12:11:02.217,ACH/USDT:USDT,0.02271,22.0,0.0227,185.0,0.02273,1860.0,0.02274,6694.0
1753531862330,12:11:02.330,ACH/USDT:USDT,0.02271,22.0,0.0227,185.0,0.02273,1860.0,0.02274,6694.0
1753531862480,12:11:02.480,ACH/USDT:USDT,0.02271,209.0,0.0227,185.0,0.02273,1860.0,0.02274,6694.0
1753531862515,12:11:02.515,ACH/USDT:USDT,0.02271,187.0,0.0227,185.0,0.02273,1860.0,0.02274,6694.0
1753531862633,12:11:02.633,ACH/USDT:USDT,0.0227,185.0,0.02269,994.0,0.02273,1860.0,0.02274,6694.0
1753531862784,12:11:02.784,ACH/USDT:USDT,0.02271,209.0,0.0227,185.0,0.02273,1860.0,0.02274,6694.0
1753531862896,12:11:02.896,ACH/USDT:USDT,0.02271,187.0,0.0227,185.0,0.02273,1860.0,0.02274,6694.0
1753531862937,12:11:02.937,ACH/USDT:USDT,0.0227,185.0,0.02269,994.0,0.02273,1860.0,0.02274,6694.0
1753531863088,12:11:03.088,ACH/USDT:USDT,0.02271,211.0,0.0227,185.0,0.02273,1860.0,0.02274,6694.0
1753531863116,12:11:03.116,ACH/USDT:USDT,0.02271,189.0,0.0227,185.0,0.02273,1860.0,0.02274,6694.0
1753531863260,12:11:03.260,ACH/USDT:USDT,0.0227,185.0,0.02269,994.0,0.02273,1860.0,0.02274,6694.0
1753531863397,12:11:03.397,ACH/USDT:USDT,0.02271,211.0,0.0227,185.0,0.02273,1860.0,0.02274,6694.0
1753531863422,12:11:03.422,ACH/USDT:USDT,0.02271,189.0,0.0227,185.0,0.02273,1860.0,0.02274,6694.0
1753531863551,12:11:03.551,ACH/USDT:USDT,0.0227,185.0,0.02269,994.0,0.02273,1860.0,0.02274,6694.0
1753531863704,12:11:03.704,ACH/USDT:USDT,0.02271,22.0,0.0227,185.0,0.02273,1860.0,0.02274,6694.0
1753531863726,12:11:03.726,ACH/USDT:USDT,0.02271,22.0,0.0227,185.0,0.02273,1860.0,0.02274,6694.0
1753531863857,12:11:03.857,ACH/USDT:USDT,0.02271,211.0,0.0227,185.0,0.02273,1860.0,0.02274,6694.0
1753531864009,12:11:04.009,ACH/USDT:USDT,0.0227,185.0,0.02269,994.0,0.02273,1860.0,0.02274,6694.0
1753531864016,12:11:04.016,ACH/USDT:USDT,0.02271,22.0,0.0227,185.0,0.02273,1860.0,0.02274,6694.0
1753531864164,12:11:04.164,ACH/USDT:USDT,0.02271,22.0,0.0227,185.0,0.02273,1860.0,0.02274,6694.0
1753531864219,12:11:04.219,ACH/USDT:USDT,0.02271,22.0,0.0227,185.0,0.02273,1860.0,0.02274,6753.0
1753531864326,12:11:04.326,ACH/USDT:USDT,0.02271,22.0,0.0227,185.0,0.02273,1860.0,0.02274,6694.0
1753531864468,12:11:04.468,ACH/USDT:USDT,0.02271,211.0,0.0227,185.0,0.02273,1860.0,0.02274,6694.0
1753531864609,12:11:04.609,ACH/USDT:USDT,0.02272,189.0,0.02271,189.0,0.02273,59.0,0.02274,6694.0
1753531864709,12:11:04.709,ACH/USDT:USDT,0.02272,211.0,0.02271,189.0,0.02273,189.0,0.02274,6694.0
1753531864951,12:11:04.951,ACH/USDT:USDT,0.02272,211.0,0.02271,189.0,0.02273,189.0,0.02274,6694.0
1753531865017,12:11:05.017,ACH/USDT:USDT,0.02272,211.0,0.02271,189.0,0.02273,189.0,0.02274,6753.0
1753531865262,12:11:05.262,ACH/USDT:USDT,0.02272,22.0,0.02271,189.0,0.02273,189.0,0.02274,6694.0
1753531866206,12:11:06.206,ACH/USDT:USDT,0.02272,22.0,0.02271,189.0,0.02274,6694.0,0.02275,4231.0
1753531866308,12:11:06.308,ACH/USDT:USDT,0.02272,22.0,0.02271,189.0,0.02274,6694.0,0.02275,4231.0
1753531866328,12:11:06.328,ACH/USDT:USDT,0.02272,22.0,0.02271,189.0,0.02273,189.0,0.02274,6694.0
1753531866417,12:11:06.417,ACH/USDT:USDT,0.02272,22.0,0.02271,189.0,0.02273,189.0,0.02274,6753.0
1753531866752,12:11:06.752,ACH/USDT:USDT,0.02272,22.0,0.02271,189.0,0.02273,189.0,0.02274,6753.0
1753531866854,12:11:06.854,ACH/USDT:USDT,0.02272,22.0,0.02271,189.0,0.02273,189.0,0.02274,6753.0
1753531867009,12:11:07.009,ACH/USDT:USDT,0.02272,22.0,0.02271,189.0,0.02273,209.0,0.02274,185.0
1753531867068,12:11:07.068,ACH/USDT:USDT,0.02272,22.0,0.02271,189.0,0.02273,189.0,0.02274,2441.0
1753531867608,12:11:07.608,ACH/USDT:USDT,0.02272,211.0,0.02271,189.0,0.02273,189.0,0.02274,2441.0
1753531867651,12:11:07.651,ACH/USDT:USDT,0.02272,22.0,0.02271,189.0,0.02274,2441.0,0.02275,7521.0
1753531867765,12:11:07.765,ACH/USDT:USDT,0.02272,22.0,0.02271,189.0,0.02274,2441.0,0.02275,7521.0
1753531867931,12:11:07.931,ACH/USDT:USDT,0.02272,211.0,0.02271,189.0,0.02274,2441.0,0.02275,7521.0
1753531868069,12:11:08.069,ACH/USDT:USDT,0.02271,189.0,0.0227,685.0,0.02274,2441.0,0.02275,7521.0
1753531868146,12:11:08.146,ACH/USDT:USDT,0.02272,22.0,0.02271,189.0,0.02274,2441.0,0.02275,7521.0
1753531868221,12:11:08.221,ACH/USDT:USDT,0.02272,211.0,0.02271,189.0,0.02274,2441.0,0.02275,7580.0
1753531868370,12:11:08.370,ACH/USDT:USDT,0.02271,189.0,0.0227,685.0,0.02273,209.0,0.02274,2441.0
1753531868425,12:11:08.425,ACH/USDT:USDT,0.02271,189.0,0.0227,685.0,0.02273,209.0,0.02274,2500.0
1753531868579,12:11:08.579,ACH/USDT:USDT,0.02271,189.0,0.0227,685.0,0.02273,209.0,0.02274,2500.0
1753531868900,12:11:08.900,ACH/USDT:USDT,0.02271,189.0,0.0227,685.0,0.02273,209.0,0.02274,3000.0
1753531868997,12:11:08.997,ACH/USDT:USDT,0.02271,189.0,0.0227,685.0,0.02273,20.0,0.02274,2941.0
1753531869017,12:11:09.017,ACH/USDT:USDT,0.02271,189.0,0.0227,685.0,0.02273,20.0,0.02274,3000.0
1753531869454,12:11:09.454,ACH/USDT:USDT,0.02271,189.0,0.0227,685.0,0.02273,209.0,0.02274,2941.0
1753531869518,12:11:09.518,ACH/USDT:USDT,0.02271,189.0,0.0227,685.0,0.02273,209.0,0.02274,3000.0
1753531871533,12:11:11.533,ACH/USDT:USDT,0.02271,189.0,0.0227,685.0,0.02273,209.0,0.02274,3000.0
1753531872738,12:11:12.738,ACH/USDT:USDT,0.02271,189.0,0.0227,685.0,0.02273,209.0,0.02274,3000.0
1753531872855,12:11:12.855,ACH/USDT:USDT,0.02271,189.0,0.0227,685.0,0.02273,209.0,0.02274,3000.0
1753531873109,12:11:13.109,ACH/USDT:USDT,0.02271,189.0,0.0227,685.0,0.02273,209.0,0.02274,3000.0
1753531873209,12:11:13.209,ACH/USDT:USDT,0.02271,189.0,0.0227,685.0,0.02273,209.0,0.02274,3000.0
1753531873211,12:11:13.211,ACH/USDT:USDT,0.02271,189.0,0.0227,685.0,0.02273,209.0,0.02274,3000.0
1753531873709,12:11:13.709,ACH/USDT:USDT,0.02271,189.0,0.0227,685.0,0.02273,209.0,0.02274,3000.0
1753531873809,12:11:13.809,ACH/USDT:USDT,0.02271,189.0,0.0227,685.0,0.02273,209.0,0.02274,3000.0
1753531873813,12:11:13.813,ACH/USDT:USDT,0.02271,189.0,0.0227,685.0,0.02273,209.0,0.02274,3000.0
1753531874509,12:11:14.509,ACH/USDT:USDT,0.02271,189.0,0.0227,685.0,0.02273,209.0,0.02274,3000.0
1753531874609,12:11:14.609,ACH/USDT:USDT,0.02271,189.0,0.0227,685.0,0.02273,209.0,0.02274,3000.0
1753531876407,12:11:16.407,ACH/USDT:USDT,0.02271,189.0,0.0227,685.0,0.02273,209.0,0.02274,3000.0
1753531876508,12:11:16.508,ACH/USDT:USDT,0.02271,189.0,0.0227,685.0,0.02273,209.0,0.02274,3000.0
1753531876510,12:11:16.510,ACH/USDT:USDT,0.02271,189.0,0.0227,685.0,0.02273,209.0,0.02274,3000.0
1753531877177,12:11:17.177,ACH/USDT:USDT,0.0227,185.0,0.02269,1494.0,0.02272,183.0,0.02273,689.0
1753531877218,12:11:17.218,ACH/USDT:USDT,0.0227,185.0,0.02269,1494.0,0.02272,183.0,0.02273,748.0
1753531877335,12:11:17.335,ACH/USDT:USDT,0.0227,185.0,0.02269,1494.0,0.02272,183.0,0.02273,689.0
1753531877455,12:11:17.455,ACH/USDT:USDT,0.0227,185.0,0.02269,1494.0,0.02272,183.0,0.02273,689.0
1753531877873,12:11:17.873,ACH/USDT:USDT,0.0227,185.0,0.02269,1494.0,0.02272,183.0,0.02273,689.0
1753531877917,12:11:17.917,ACH/USDT:USDT,0.0227,185.0,0.02269,1494.0,0.02272,183.0,0.02273,748.0
1753531878017,12:11:18.017,ACH/USDT:USDT,0.0227,185.0,0.02269,1494.0,0.02272,183.0,0.02273,689.0
1753531878314,12:11:18.314,ACH/USDT:USDT,0.0227,185.0,0.02269,1494.0,0.02272,183.0,0.02273,689.0
1753531879709,12:11:19.709,ACH/USDT:USDT,0.02269,182.0,0.02268,1897.0,0.02272,183.0,0.02273,2525.0
1753531879809,12:11:19.809,ACH/USDT:USDT,0.0227,22.0,0.02269,182.0,0.02271,183.0,0.02272,683.0
1753531879897,12:11:19.897,ACH/USDT:USDT,0.0227,22.0,0.02269,182.0,0.02271,183.0,0.02272,683.0
1753531880002,12:11:20.002,ACH/USDT:USDT,0.0227,205.0,0.02269,182.0,0.02271,183.0,0.02272,683.0
1753531880177,12:11:20.177,ACH/USDT:USDT,0.0227,205.0,0.02269,182.0,0.02271,183.0,0.02272,683.0
1753531880216,12:11:20.216,ACH/USDT:USDT,0.0227,205.0,0.02269,182.0,0.02271,183.0,0.02272,742.0
1753531880316,12:11:20.316,ACH/USDT:USDT,0.0227,205.0,0.02269,182.0,0.02271,183.0,0.02272,683.0
1753531880487,12:11:20.487,ACH/USDT:USDT,0.0227,205.0,0.02269,182.0,0.02271,183.0,0.02272,683.0
1753531880699,12:11:20.699,ACH/USDT:USDT,0.0227,205.0,0.02269,182.0,0.02272,683.0,0.02273,1501.0
1753531880787,12:11:20.787,ACH/USDT:USDT,0.02269,182.0,0.02268,1500.0,0.02272,683.0,0.02273,689.0
1753531880889,12:11:20.889,ACH/USDT:USDT,0.0227,22.0,0.02269,182.0,0.02272,683.0,0.02273,689.0
1753531881039,12:11:21.039,ACH/USDT:USDT,0.0227,22.0,0.02269,182.0,0.02272,683.0,0.02273,689.0
1753531881192,12:11:21.192,ACH/USDT:USDT,0.0227,205.0,0.02269,182.0,0.02272,683.0,0.02273,689.0
1753531881222,12:11:21.222,ACH/USDT:USDT,0.0227,183.0,0.02269,182.0,0.02272,683.0,0.02273,689.0
1753531881348,12:11:21.348,ACH/USDT:USDT,0.02269,182.0,0.02268,1500.0,0.02272,683.0,0.02273,689.0
1753531881498,12:11:21.498,ACH/USDT:USDT,0.0227,22.0,0.02269,182.0,0.02272,683.0,0.02273,689.0
1753531881654,12:11:21.654,ACH/USDT:USDT,0.0227,22.0,0.02269,182.0,0.02272,683.0,0.02273,689.0
1753531881806,12:11:21.806,ACH/USDT:USDT,0.0227,22.0,0.02269,182.0,0.02272,683.0,0.02273,689.0
1753531881811,12:11:21.811,ACH/USDT:USDT,0.0227,205.0,0.02269,182.0,0.02272,683.0,0.02273,689.0
1753531881969,12:11:21.969,ACH/USDT:USDT,0.02269,182.0,0.02268,1500.0,0.02272,683.0,0.02273,689.0
1753531882016,12:11:22.016,ACH/USDT:USDT,0.0227,22.0,0.02269,182.0,0.02272,683.0,0.02273,689.0
1753531882117,12:11:22.117,ACH/USDT:USDT,0.0227,22.0,0.02269,182.0,0.02272,683.0,0.02273,689.0
1753531882269,12:11:22.269,ACH/USDT:USDT,0.0227,205.0,0.02269,182.0,0.02272,683.0,0.02273,689.0
1753531882315,12:11:22.315,ACH/USDT:USDT,0.0227,183.0,0.02269,182.0,0.02272,683.0,0.02273,689.0
1753531882421,12:11:22.421,ACH/USDT:USDT,0.02269,182.0,0.02268,1500.0,0.02272,683.0,0.02273,689.0
1753531882572,12:11:22.572,ACH/USDT:USDT,0.0227,205.0,0.02269,182.0,0.02272,683.0,0.02273,689.0
1753531882615,12:11:22.615,ACH/USDT:USDT,0.0227,183.0,0.02269,182.0,0.02272,683.0,0.02273,689.0
1753531882725,12:11:22.725,ACH/USDT:USDT,0.02269,182.0,0.02268,1500.0,0.02272,683.0,0.02273,689.0
1753531882883,12:11:22.883,ACH/USDT:USDT,0.0227,22.0,0.02269,182.0,0.02272,683.0,0.02273,689.0
1753531883037,12:11:23.037,ACH/USDT:USDT,0.0227,210.0,0.02269,182.0,0.02272,683.0,0.02273,689.0
1753531883189,12:11:23.189,ACH/USDT:USDT,0.02269,182.0,0.02268,1500.0,0.02272,683.0,0.02273,689.0
1753531883216,12:11:23.216,ACH/USDT:USDT,0.0227,22.0,0.02269,182.0,0.02272,683.0,0.02273,689.0
