timestamp,time,exchange,symbol,bid1_price,bid1_volume,bid2_price,bid2_volume,ask1_price,ask1_volume,ask2_price,ask2_volume
1753599991846,07:06:31.846,phemex,ADA/USDT:USDT,0.827,13020.34,0.8269,1453.19,0.8271,537.86,0.8272,1400.36
1753599992194,07:06:32.194,phemex,ADA/USDT:USDT,0.827,13020.34,0.8269,1453.19,0.8271,537.86,0.8272,8377.57
1753599992243,07:06:32.243,phemex,ADA/USDT:USDT,0.827,13020.34,0.8269,1453.19,0.8271,537.86,0.8272,1400.36
1753599992244,07:06:32.244,phemex,ADA/USDT:USDT,0.827,13020.34,0.8269,1453.19,0.8271,537.86,0.8272,1400.36
1753599992294,07:06:32.294,phemex,ADA/USDT:USDT,0.827,13020.34,0.8269,1453.19,0.8271,537.86,0.8272,1400.36
1753599992430,07:06:32.430,phemex,ADA/USDT:USDT,0.827,13020.34,0.8269,1453.19,0.8272,1400.36,0.8273,4845.39
1753599992495,07:06:32.495,phemex,ADA/USDT:USDT,0.827,13020.34,0.8269,1453.19,0.8272,1400.36,0.8273,11822.6
1753599992548,07:06:32.548,phemex,ADA/USDT:USDT,0.827,13020.34,0.8269,1453.19,0.8272,1400.36,0.8273,11822.6
1753599993660,07:06:33.660,phemex,ADA/USDT:USDT,0.827,13020.34,0.8269,1453.19,0.8271,537.86,0.8272,1400.36
1753599993752,07:06:33.752,phemex,ADA/USDT:USDT,0.827,13020.34,0.8269,1453.19,0.8271,537.86,0.8272,8379.57
1753599993851,07:06:33.851,phemex,ADA/USDT:USDT,0.827,13020.34,0.8269,1453.19,0.8271,537.86,0.8272,8379.57
1753599993852,07:06:33.852,phemex,ADA/USDT:USDT,0.827,13020.34,0.8269,1453.19,0.8271,537.86,0.8272,7446.78
1753599993943,07:06:33.943,phemex,ADA/USDT:USDT,0.827,13020.34,0.8269,1453.19,0.8271,537.86,0.8272,1400.36
1753599994092,07:06:34.092,phemex,ADA/USDT:USDT,0.827,13020.34,0.8269,1453.19,0.8272,1400.36,0.8273,5778.23
1753599994118,07:06:34.118,phemex,ADA/USDT:USDT,0.827,13020.34,0.8269,1453.19,0.8272,1400.36,0.8273,5778.23
1753599994156,07:06:34.156,phemex,ADA/USDT:USDT,0.827,13020.34,0.8269,1453.19,0.8272,1400.36,0.8273,11827.41
1753599994555,07:06:34.555,phemex,ADA/USDT:USDT,0.827,13020.34,0.8269,1453.19,0.8271,537.86,0.8272,1400.36
1753599994580,07:06:34.580,phemex,ADA/USDT:USDT,0.827,13020.34,0.8269,1453.19,0.8271,537.86,0.8272,8382.33
1753599994655,07:06:34.655,phemex,ADA/USDT:USDT,0.827,13020.34,0.8269,1453.19,0.8271,537.86,0.8272,8382.33
1753599995434,07:06:35.434,phemex,ADA/USDT:USDT,0.827,13020.34,0.8269,1453.19,0.8271,537.86,0.8272,1400.36
1753599995464,07:06:35.464,phemex,ADA/USDT:USDT,0.827,13020.34,0.8269,1453.19,0.8271,537.86,0.8272,1400.36
1753599995782,07:06:35.782,phemex,ADA/USDT:USDT,0.827,13020.34,0.8269,1453.19,0.8271,537.86,0.8272,1400.36
1753599995814,07:06:35.814,phemex,ADA/USDT:USDT,0.827,13020.34,0.8269,1453.19,0.8271,537.86,0.8272,8384.79
1753599995861,07:06:35.861,phemex,ADA/USDT:USDT,0.827,13020.34,0.8269,1453.19,0.8271,537.86,0.8272,8384.79
1753599996261,07:06:36.261,phemex,ADA/USDT:USDT,0.827,13020.34,0.8269,1453.19,0.8272,1400.36,0.8273,5778.23
1753599996308,07:06:36.308,phemex,ADA/USDT:USDT,0.827,13020.34,0.8269,1453.19,0.8272,1400.36,0.8273,4845.39
1753599996484,07:06:36.484,phemex,ADA/USDT:USDT,0.8271,2165.49,0.827,13020.34,0.8272,1400.36,0.8273,4845.39
1753599996516,07:06:36.516,phemex,ADA/USDT:USDT,0.8271,2703.35,0.827,13020.34,0.8272,1400.36,0.8273,4845.39
1753599996536,07:06:36.536,phemex,ADA/USDT:USDT,0.8271,2703.35,0.827,13020.34,0.8272,886.06,0.8273,4845.39
1753599996640,07:06:36.640,phemex,ADA/USDT:USDT,0.8271,2703.35,0.827,13020.34,0.8272,1423.92,0.8273,4845.39
1753599996751,07:06:36.751,phemex,ADA/USDT:USDT,0.8271,2703.35,0.827,13020.34,0.8272,1423.92,0.8273,4845.39
1753599996757,07:06:36.757,phemex,ADA/USDT:USDT,0.8271,2703.35,0.827,13020.34,0.8272,1423.92,0.8273,4845.39
1753599997458,07:06:37.458,phemex,ADA/USDT:USDT,0.8271,537.86,0.827,13020.34,0.8272,1423.92,0.8273,4845.39
1753599998330,07:06:38.330,phemex,ADA/USDT:USDT,0.8271,537.86,0.827,13953.07,0.8272,1423.92,0.8273,11833.64
1753599998998,07:06:38.998,phemex,ADA/USDT:USDT,0.8271,537.86,0.827,13020.34,0.8272,1423.92,0.8273,11833.64
1753599999189,07:06:39.189,phemex,ADA/USDT:USDT,0.8271,537.86,0.827,13953.07,0.8272,1423.92,0.8273,11833.64
1753599999359,07:06:39.359,phemex,ADA/USDT:USDT,0.8271,537.86,0.827,14854.59,0.8272,1423.92,0.8273,8812.49
1753599999763,07:06:39.763,phemex,ADA/USDT:USDT,0.8271,537.86,0.827,14854.59,0.8272,1423.92,0.8273,8812.49
1753600000390,07:06:40.390,phemex,ADA/USDT:USDT,0.8271,537.86,0.827,14854.59,0.8272,1423.92,0.8273,2756.97
1753600000411,07:06:40.411,phemex,ADA/USDT:USDT,0.8271,537.86,0.827,13953.07,0.8272,1423.92,0.8273,1824.24
1753600000423,07:06:40.423,phemex,ADA/USDT:USDT,0.8271,13037.86,0.827,13953.07,0.8272,537.86,0.8273,534.45
1753600000442,07:06:40.442,phemex,ADA/USDT:USDT,0.8271,13037.86,0.827,1453.07,0.8274,2757.18,0.8275,1465.71
1753600000473,07:06:40.473,phemex,ADA/USDT:USDT,0.8271,13037.86,0.827,2381.8,0.8274,2757.18,0.8275,19019.57
1753600000485,07:06:40.485,phemex,ADA/USDT:USDT,0.8271,13037.86,0.827,2381.8,0.8274,2757.18,0.8275,19019.57
1753600000511,07:06:40.511,phemex,ADA/USDT:USDT,0.8271,13037.86,0.827,2381.8,0.8274,1681.12,0.8275,18086.84
1753600000513,07:06:40.513,phemex,ADA/USDT:USDT,0.8271,13037.86,0.827,2381.8,0.8274,1681.12,0.8275,18086.84
1753600000549,07:06:40.549,phemex,ADA/USDT:USDT,0.8271,13037.86,0.827,2381.8,0.8274,1681.12,0.8275,18086.84
1753600000581,07:06:40.581,phemex,ADA/USDT:USDT,0.8271,13037.86,0.827,2381.8,0.8274,1681.12,0.8275,24144.67
1753600000610,07:06:40.610,phemex,ADA/USDT:USDT,0.8271,13037.86,0.827,2381.8,0.8273,529.99,0.8274,1681.12
1753600000648,07:06:40.648,phemex,ADA/USDT:USDT,0.8271,13037.86,0.827,2381.8,0.8273,529.99,0.8274,1681.12
1753600000692,07:06:40.692,phemex,ADA/USDT:USDT,0.8271,13037.86,0.827,2381.8,0.8273,529.99,0.8274,1681.12
1753600000697,07:06:40.697,phemex,ADA/USDT:USDT,0.8271,13037.86,0.827,2381.8,0.8273,529.99,0.8274,1681.12
1753600000737,07:06:40.737,phemex,ADA/USDT:USDT,0.8271,13037.86,0.827,2381.8,0.8273,529.99,0.8274,7738.95
1753600000745,07:06:40.745,phemex,ADA/USDT:USDT,0.8271,13037.86,0.827,2381.8,0.8273,529.99,0.8274,8671.57
1753600000772,07:06:40.772,phemex,ADA/USDT:USDT,0.8271,13037.86,0.827,2381.8,0.8273,529.99,0.8274,8671.57
1753600000790,07:06:40.790,phemex,ADA/USDT:USDT,0.8271,13037.86,0.827,2381.8,0.8273,529.99,0.8274,8671.57
1753600000804,07:06:40.804,phemex,ADA/USDT:USDT,0.8271,13037.86,0.827,2381.8,0.8273,529.99,0.8274,8671.57
1753600000833,07:06:40.833,phemex,ADA/USDT:USDT,0.8271,13037.86,0.827,2381.8,0.8273,529.99,0.8274,8671.57
1753600000844,07:06:40.844,phemex,ADA/USDT:USDT,0.8271,13037.86,0.827,2381.8,0.8273,529.99,0.8274,8671.57
1753600000874,07:06:40.874,phemex,ADA/USDT:USDT,0.8271,13037.86,0.827,2381.8,0.8273,529.99,0.8274,8671.57
1753600000893,07:06:40.893,phemex,ADA/USDT:USDT,0.8271,13037.86,0.827,2381.8,0.8273,529.99,0.8274,1681.12
1753600000913,07:06:40.913,phemex,ADA/USDT:USDT,0.8271,13037.86,0.827,2381.8,0.8273,529.99,0.8274,1681.12
1753600000927,07:06:40.927,phemex,ADA/USDT:USDT,0.8271,13037.86,0.827,2381.8,0.8273,529.99,0.8274,1681.12
1753600000939,07:06:40.939,phemex,ADA/USDT:USDT,0.8271,13037.86,0.827,2381.8,0.8273,529.99,0.8274,1681.12
1753600001189,07:06:41.189,phemex,ADA/USDT:USDT,0.8271,13037.86,0.827,2381.8,0.8273,673.32,0.8274,1681.12
1753600001311,07:06:41.311,phemex,ADA/USDT:USDT,0.8271,13037.86,0.827,2381.8,0.8272,529.99,0.8273,143.33
1753600001486,07:06:41.486,phemex,ADA/USDT:USDT,0.8271,13037.86,0.827,2381.8,0.8273,529.99,0.8274,1681.12
1753600001550,07:06:41.550,phemex,ADA/USDT:USDT,0.8271,14532.47,0.827,3857.43,0.8273,529.99,0.8274,1681.12
1753600001701,07:06:41.701,phemex,ADA/USDT:USDT,0.8271,14532.47,0.827,3857.43,0.8273,529.99,0.8274,2613.79
1753600001726,07:06:41.726,phemex,ADA/USDT:USDT,0.8271,14532.47,0.827,3857.43,0.8273,529.99,0.8274,2613.79
1753600001762,07:06:41.762,phemex,ADA/USDT:USDT,0.8271,14532.47,0.827,3857.43,0.8273,529.99,0.8274,2613.79
1753600001911,07:06:41.911,phemex,ADA/USDT:USDT,0.8271,2032.47,0.827,3857.43,0.8273,529.99,0.8274,2613.79
1753600002019,07:06:42.019,phemex,ADA/USDT:USDT,0.8271,2032.47,0.827,3857.43,0.8273,529.99,0.8274,2613.79
1753600002038,07:06:42.038,phemex,ADA/USDT:USDT,0.8271,2032.47,0.827,3857.43,0.8273,529.99,0.8274,2613.79
1753600002143,07:06:42.143,phemex,ADA/USDT:USDT,0.8271,2032.47,0.827,3857.43,0.8273,529.99,0.8274,8672.72
1753600002283,07:06:42.283,phemex,ADA/USDT:USDT,0.8271,2959.51,0.827,3857.43,0.8273,529.99,0.8274,8672.72
1753600002843,07:06:42.843,phemex,ADA/USDT:USDT,0.8271,2959.51,0.827,3857.43,0.8273,529.99,0.8274,8672.72
1753600003266,07:06:43.266,phemex,ADA/USDT:USDT,0.8271,2959.51,0.827,3857.43,0.8273,529.99,0.8274,1681.12
1753600003298,07:06:43.298,phemex,ADA/USDT:USDT,0.8271,2959.51,0.827,3857.43,0.8273,529.99,0.8274,1681.12
1753600003549,07:06:43.549,phemex,ADA/USDT:USDT,0.8271,2959.51,0.827,3857.43,0.8273,529.99,0.8274,1681.12
1753600003624,07:06:43.624,phemex,ADA/USDT:USDT,0.8271,2959.51,0.827,3857.43,0.8273,529.99,0.8274,1681.12
1753600003665,07:06:43.665,phemex,ADA/USDT:USDT,0.8271,2959.51,0.827,3857.43,0.8273,529.99,0.8274,2613.79
1753600003700,07:06:43.700,phemex,ADA/USDT:USDT,0.8271,2959.51,0.827,3857.43,0.8273,529.99,0.8274,8673.47
1753600003801,07:06:43.801,phemex,ADA/USDT:USDT,0.8271,2959.51,0.827,3857.43,0.8273,529.99,0.8274,8673.47
1753600004395,07:06:44.395,phemex,ADA/USDT:USDT,0.8271,2959.51,0.827,3857.43,0.8273,529.99,0.8274,8673.47
1753600004427,07:06:44.427,phemex,ADA/USDT:USDT,0.8271,2959.51,0.827,3857.43,0.8273,529.99,0.8274,2613.79
1753600004457,07:06:44.457,phemex,ADA/USDT:USDT,0.8271,2959.51,0.827,3857.43,0.8273,529.99,0.8274,1681.12
1753600004671,07:06:44.671,phemex,ADA/USDT:USDT,0.8271,2959.51,0.827,3857.43,0.8273,529.99,0.8274,2613.79
1753600004705,07:06:44.705,phemex,ADA/USDT:USDT,0.8271,2959.51,0.827,3857.43,0.8273,529.99,0.8274,8674.22
1753600004806,07:06:44.806,phemex,ADA/USDT:USDT,0.8271,2959.51,0.827,3857.43,0.8273,529.99,0.8274,8674.22
1753600004820,07:06:44.820,phemex,ADA/USDT:USDT,0.8271,2959.51,0.827,3857.43,0.8273,529.99,0.8274,8674.22
1753600005182,07:06:45.182,phemex,ADA/USDT:USDT,0.8271,2959.51,0.827,3857.43,0.8273,529.99,0.8274,8674.22
1753600005436,07:06:45.436,phemex,ADA/USDT:USDT,0.8271,2959.51,0.827,3857.43,0.8273,1593.17,0.8274,8674.22
1753600005531,07:06:45.531,phemex,ADA/USDT:USDT,0.8271,2959.51,0.827,2924.7,0.8272,529.99,0.8273,1593.17
1753600005546,07:06:45.546,phemex,ADA/USDT:USDT,0.8271,15459.51,0.827,2924.7,0.8272,1115.11,0.8273,7654.35
1753600005562,07:06:45.562,phemex,ADA/USDT:USDT,0.8271,15459.51,0.827,2924.7,0.8272,1115.11,0.8273,8587.02
1753600005585,07:06:45.585,phemex,ADA/USDT:USDT,0.8271,15459.51,0.827,3857.37,0.8272,1115.11,0.8273,8587.02
1753600005614,07:06:45.614,phemex,ADA/USDT:USDT,0.8271,15459.51,0.827,3857.37,0.8272,1115.11,0.8273,8587.02
1753600005628,07:06:45.628,phemex,ADA/USDT:USDT,0.8271,15459.51,0.827,3857.37,0.8272,1115.11,0.8273,8587.02
1753600005661,07:06:45.661,phemex,ADA/USDT:USDT,0.8271,15459.51,0.827,3857.37,0.8272,529.99,0.8273,8587.02
1753600006039,07:06:46.039,phemex,ADA/USDT:USDT,0.8271,15459.51,0.827,3857.37,0.8272,529.99,0.8273,8587.02
1753600006093,07:06:46.093,phemex,ADA/USDT:USDT,0.8271,15459.51,0.827,3857.37,0.8272,529.99,0.8273,1593.17
1753600006129,07:06:46.129,phemex,ADA/USDT:USDT,0.8271,14532.47,0.827,3857.37,0.8273,1593.17,0.8274,8676.7
1753600006145,07:06:46.145,phemex,ADA/USDT:USDT,0.8271,14532.47,0.827,3857.37,0.8273,1593.17,0.8274,8676.7
1753600006285,07:06:46.285,phemex,ADA/USDT:USDT,0.8271,14532.47,0.827,3857.37,0.8272,529.99,0.8273,1593.17
1753600006307,07:06:46.307,phemex,ADA/USDT:USDT,0.8271,14532.47,0.827,3857.37,0.8272,529.99,0.8273,1593.17
1753600006382,07:06:46.382,phemex,ADA/USDT:USDT,0.8271,14532.47,0.827,3857.37,0.8272,529.99,0.8273,2525.9
1753600006414,07:06:46.414,phemex,ADA/USDT:USDT,0.8271,14532.47,0.827,3857.37,0.8272,529.99,0.8273,8588.81
1753600006483,07:06:46.483,phemex,ADA/USDT:USDT,0.8271,14532.47,0.827,2924.7,0.8272,1115.11,0.8273,8588.81
1753600006514,07:06:46.514,phemex,ADA/USDT:USDT,0.8271,14532.47,0.827,2924.7,0.8272,1115.11,0.8273,8588.81
1753600006635,07:06:46.635,phemex,ADA/USDT:USDT,0.8271,14532.47,0.827,3857.43,0.8272,1115.11,0.8273,8588.81
1753600006857,07:06:46.857,phemex,ADA/USDT:USDT,0.8271,14532.47,0.827,2924.7,0.8272,1115.11,0.8273,8588.81
1753600006877,07:06:46.877,phemex,ADA/USDT:USDT,0.8271,12500.0,0.827,1360.73,0.8272,1115.11,0.8273,8588.81
1753600006896,07:06:46.896,phemex,ADA/USDT:USDT,0.8271,12500.0,0.827,1360.73,0.8272,1115.11,0.8273,8588.81
1753600006914,07:06:46.914,phemex,ADA/USDT:USDT,0.827,1360.73,0.8269,1353.58,0.8272,1115.11,0.8273,8588.81
1753600006925,07:06:46.925,phemex,ADA/USDT:USDT,0.827,1360.73,0.8269,1353.58,0.8272,1115.11,0.8273,8588.81
1753600006991,07:06:46.991,phemex,ADA/USDT:USDT,0.827,1360.73,0.8269,1353.58,0.8271,529.99,0.8272,1115.11
1753600007017,07:06:47.017,phemex,ADA/USDT:USDT,0.827,1360.73,0.8269,1353.58,0.8271,1115.11,0.8272,6592.9
1753600007035,07:06:47.035,phemex,ADA/USDT:USDT,0.827,1360.73,0.8269,1353.58,0.8271,1115.11,0.8272,7525.63
1753600007173,07:06:47.173,phemex,ADA/USDT:USDT,0.827,1360.73,0.8269,1353.58,0.8271,1115.11,0.8272,7525.63
1753600007200,07:06:47.200,phemex,ADA/USDT:USDT,0.8268,1447.75,0.8267,7345.01,0.8271,1115.11,0.8272,7525.63
1753600007220,07:06:47.220,phemex,ADA/USDT:USDT,0.8268,1447.75,0.8267,7345.01,0.827,529.99,0.8271,1115.11
1753600007236,07:06:47.236,phemex,ADA/USDT:USDT,0.8269,12500.0,0.8268,1447.75,0.827,529.99,0.8271,1115.11
1753600007259,07:06:47.259,phemex,ADA/USDT:USDT,0.8269,12500.0,0.8268,1447.75,0.827,529.99,0.8271,1115.11
1753600007278,07:06:47.278,phemex,ADA/USDT:USDT,0.8269,12500.0,0.8268,1447.75,0.827,529.99,0.8271,1115.11
1753600007295,07:06:47.295,phemex,ADA/USDT:USDT,0.8269,12500.0,0.8268,1447.75,0.827,529.99,0.8271,1115.11
1753600007303,07:06:47.303,phemex,ADA/USDT:USDT,0.8269,12500.0,0.8268,1447.75,0.827,529.99,0.8271,1115.11
1753600007358,07:06:47.358,phemex,ADA/USDT:USDT,0.8269,12500.0,0.8268,1447.75,0.827,529.99,0.8271,1115.11
1753600007371,07:06:47.371,phemex,ADA/USDT:USDT,0.8269,12500.0,0.8268,1447.75,0.827,529.99,0.8271,1115.11
1753600007450,07:06:47.450,phemex,ADA/USDT:USDT,0.8269,12500.0,0.8268,1447.75,0.827,529.99,0.8271,2047.84
1753600007480,07:06:47.480,phemex,ADA/USDT:USDT,0.8269,12500.0,0.8268,1447.75,0.827,529.99,0.8271,7527.91
1753600007559,07:06:47.559,phemex,ADA/USDT:USDT,0.8269,12500.0,0.8268,1447.75,0.827,673.32,0.8271,7527.91
1753600007591,07:06:47.591,phemex,ADA/USDT:USDT,0.8269,12500.0,0.8268,1447.75,0.827,673.32,0.8271,7527.91
1753600007605,07:06:47.605,phemex,ADA/USDT:USDT,0.8269,12500.0,0.8268,1447.75,0.827,673.32,0.8271,7527.91
1753600007643,07:06:47.643,phemex,ADA/USDT:USDT,0.8269,12500.0,0.8268,1447.75,0.827,673.32,0.8271,7527.91
1753600007685,07:06:47.685,phemex,ADA/USDT:USDT,0.8269,12500.0,0.8268,1447.75,0.827,673.32,0.8271,7527.91
1753600007755,07:06:47.755,phemex,ADA/USDT:USDT,0.8269,12500.0,0.8268,2380.71,0.827,673.32,0.8271,7527.91
1753600007780,07:06:47.780,phemex,ADA/USDT:USDT,0.8269,12500.0,0.8268,1860.36,0.827,143.33,0.8271,2047.84
1753600007795,07:06:47.795,phemex,ADA/USDT:USDT,0.8269,12500.0,0.8268,1860.36,0.8271,529.99,0.8272,1462.72
1753600007821,07:06:47.821,phemex,ADA/USDT:USDT,0.8268,1860.36,0.8267,8277.97,0.8271,529.99,0.8272,1462.72
1753600007857,07:06:47.857,phemex,ADA/USDT:USDT,0.8268,927.4,0.8267,8277.97,0.8271,529.99,0.8272,7527.91
1753600007869,07:06:47.869,phemex,ADA/USDT:USDT,0.8268,927.4,0.8267,8277.97,0.827,529.99,0.8271,529.99
1753600007913,07:06:47.913,phemex,ADA/USDT:USDT,0.8268,927.4,0.8267,8277.97,0.8271,529.99,0.8272,7527.91
1753600007975,07:06:47.975,phemex,ADA/USDT:USDT,0.8268,1457.39,0.8267,8277.97,0.8271,529.99,0.8272,7527.91
1753600008021,07:06:48.021,phemex,ADA/USDT:USDT,0.8268,1457.39,0.8267,8277.97,0.8271,529.99,0.8272,7527.91
1753600008041,07:06:48.041,phemex,ADA/USDT:USDT,0.8268,1457.39,0.8267,8277.97,0.8271,529.99,0.8272,7527.91
1753600008051,07:06:48.051,phemex,ADA/USDT:USDT,0.8268,1457.39,0.8267,8277.97,0.8271,529.99,0.8272,7527.91
1753600008069,07:06:48.069,phemex,ADA/USDT:USDT,0.8268,1457.39,0.8267,8277.97,0.8271,529.99,0.8272,7527.91
1753600008124,07:06:48.124,phemex,ADA/USDT:USDT,0.8268,1457.39,0.8267,8277.97,0.8271,529.99,0.8272,7527.91
1753600009976,07:06:49.976,phemex,ADA/USDT:USDT,0.8268,1457.39,0.8267,8277.97,0.8271,529.99,0.8272,7527.91
1753600009984,07:06:49.984,phemex,ADA/USDT:USDT,0.8268,1457.39,0.8267,8277.97,0.8271,529.99,0.8272,7527.91
1753600010196,07:06:50.196,phemex,ADA/USDT:USDT,0.8268,1457.39,0.8267,8277.97,0.8271,529.99,0.8272,7527.91
1753600010225,07:06:50.225,phemex,ADA/USDT:USDT,0.8268,1457.39,0.8267,8277.97,0.8271,529.99,0.8272,7527.91
1753600010463,07:06:50.463,phemex,ADA/USDT:USDT,0.8268,1457.39,0.8267,8277.97,0.8271,2962.32,0.8272,7527.91
1753600010479,07:06:50.479,phemex,ADA/USDT:USDT,0.8268,1457.39,0.8267,8277.97,0.827,513.79,0.8271,2962.32
1753600010518,07:06:50.518,phemex,ADA/USDT:USDT,0.8268,1457.39,0.8267,8277.97,0.827,513.79,0.8271,9030.46
1753600010537,07:06:50.537,phemex,ADA/USDT:USDT,0.8268,1457.39,0.8267,8277.97,0.827,513.79,0.8271,9963.42
1753600010571,07:06:50.571,phemex,ADA/USDT:USDT,0.8268,1457.39,0.8267,7345.01,0.827,513.79,0.8271,9963.42
1753600010813,07:06:50.813,phemex,ADA/USDT:USDT,0.8268,1457.39,0.8267,7345.01,0.827,513.79,0.8271,9963.42
1753600010846,07:06:50.846,phemex,ADA/USDT:USDT,0.8268,1457.39,0.8267,7345.01,0.827,513.79,0.8271,9963.42
1753600012580,07:06:52.580,phemex,ADA/USDT:USDT,0.8268,2768.36,0.8267,7345.01,0.827,513.79,0.8271,9963.42
1753600012758,07:06:52.758,phemex,ADA/USDT:USDT,0.8268,2768.36,0.8267,7345.01,0.827,513.79,0.8271,9030.46
1753600012794,07:06:52.794,phemex,ADA/USDT:USDT,0.8268,2768.36,0.8267,7345.01,0.827,513.79,0.8271,2962.32
1753600012825,07:06:52.825,phemex,ADA/USDT:USDT,0.8268,2768.36,0.8267,7345.01,0.8271,2962.32,0.8272,1462.72
1753600012877,07:06:52.877,phemex,ADA/USDT:USDT,0.8268,2768.36,0.8267,7345.01,0.8271,2962.32,0.8272,7538.36
1753600012893,07:06:52.893,phemex,ADA/USDT:USDT,0.8268,2768.36,0.8267,7345.01,0.827,513.79,0.8271,2962.32
1753600013034,07:06:53.034,phemex,ADA/USDT:USDT,0.8268,2768.36,0.8267,7345.01,0.8271,2962.32,0.8272,7538.36
1753600013048,07:06:53.048,phemex,ADA/USDT:USDT,0.8268,2768.36,0.8267,7345.01,0.8271,2962.32,0.8272,7538.36
1753600013171,07:06:53.171,phemex,ADA/USDT:USDT,0.8269,12500.0,0.8268,2840.99,0.8271,529.99,0.8272,1688.29
1753600013200,07:06:53.200,phemex,ADA/USDT:USDT,0.8269,13415.54,0.8268,2768.36,0.8271,529.99,0.8272,1688.29
1753600013207,07:06:53.207,phemex,ADA/USDT:USDT,0.8269,13415.54,0.8268,3701.37,0.8271,529.99,0.8272,1688.29
1753600013470,07:06:53.470,phemex,ADA/USDT:USDT,0.8269,13415.54,0.8268,3701.37,0.8271,529.99,0.8272,1688.29
1753600013683,07:06:53.683,phemex,ADA/USDT:USDT,0.8269,13415.54,0.8268,3701.37,0.8271,529.99,0.8272,2621.19
1753600014020,07:06:54.020,phemex,ADA/USDT:USDT,0.8269,13415.54,0.8268,3701.37,0.8271,529.99,0.8272,2621.19
1753600014036,07:06:54.036,phemex,ADA/USDT:USDT,0.8269,13415.54,0.8268,3701.37,0.8271,529.99,0.8272,2621.19
1753600014042,07:06:54.042,phemex,ADA/USDT:USDT,0.8269,13415.54,0.8268,3701.37,0.8271,529.99,0.8272,2621.19
1753600014155,07:06:54.155,phemex,ADA/USDT:USDT,0.8269,13415.54,0.8268,3701.37,0.8271,529.99,0.8272,8698.7
1753600014255,07:06:54.255,phemex,ADA/USDT:USDT,0.8269,13415.54,0.8268,3701.37,0.8271,529.99,0.8272,8698.7
1753600014300,07:06:54.300,phemex,ADA/USDT:USDT,0.8269,13488.17,0.8268,3701.37,0.8272,1688.29,0.8273,2909.01
1753600014319,07:06:54.319,phemex,ADA/USDT:USDT,0.8269,13488.17,0.8268,3701.37,0.8272,1688.29,0.8273,2909.01
1753600014361,07:06:54.361,phemex,ADA/USDT:USDT,0.8269,13488.17,0.8268,3701.37,0.8271,513.79,0.8272,1688.29
1753600014424,07:06:54.424,phemex,ADA/USDT:USDT,0.8269,13488.17,0.8268,3701.37,0.8272,1688.29,0.8273,2909.01
1753600014462,07:06:54.462,phemex,ADA/USDT:USDT,0.8269,13488.16,0.8268,3701.37,0.8272,1688.29,0.8273,2909.01
1753600014477,07:06:54.477,phemex,ADA/USDT:USDT,0.8269,13488.16,0.8268,3701.37,0.8272,1688.29,0.8273,2909.01
1753600014506,07:06:54.506,phemex,ADA/USDT:USDT,0.8269,13488.16,0.8268,3701.37,0.8272,1688.29,0.8273,2909.01
1753600014513,07:06:54.513,phemex,ADA/USDT:USDT,0.8269,13488.16,0.8268,3701.37,0.8272,1688.29,0.8273,2909.01
1753600014571,07:06:54.571,phemex,ADA/USDT:USDT,0.8269,13488.16,0.8268,3701.37,0.8271,513.79,0.8272,1688.29
1753600014599,07:06:54.599,phemex,ADA/USDT:USDT,0.8269,13488.16,0.8268,3701.37,0.8272,1688.29,0.8273,2909.01
1753600014611,07:06:54.611,phemex,ADA/USDT:USDT,0.8269,13488.16,0.8268,3701.37,0.8272,1688.29,0.8273,2909.01
1753600014622,07:06:54.622,phemex,ADA/USDT:USDT,0.8269,13488.16,0.8268,3701.37,0.8272,1688.29,0.8273,2909.01
1753600014667,07:06:54.667,phemex,ADA/USDT:USDT,0.8269,13488.16,0.8268,3701.37,0.8272,1688.29,0.8273,2909.01
1753600014708,07:06:54.708,phemex,ADA/USDT:USDT,0.8269,13488.16,0.8268,3701.37,0.8272,1688.29,0.8273,8986.52
1753600014741,07:06:54.741,phemex,ADA/USDT:USDT,0.8269,13488.16,0.8268,3701.37,0.8272,1688.29,0.8273,9919.36
1753600014758,07:06:54.758,phemex,ADA/USDT:USDT,0.8269,13488.16,0.8268,3701.37,0.8271,513.79,0.8272,1688.29
1753600014775,07:06:54.775,phemex,ADA/USDT:USDT,0.8269,13488.16,0.8268,3701.37,0.8271,513.79,0.8272,1688.29
1753600014783,07:06:54.783,phemex,ADA/USDT:USDT,0.8269,13488.16,0.8268,3701.37,0.8271,513.79,0.8272,1688.29
1753600014829,07:06:54.829,phemex,ADA/USDT:USDT,0.8269,13488.16,0.8268,3701.37,0.8271,513.79,0.8272,1688.29
1753600014892,07:06:54.892,phemex,ADA/USDT:USDT,0.8269,13488.16,0.8268,3701.37,0.8272,1688.29,0.8273,9919.36
1753600014918,07:06:54.918,phemex,ADA/USDT:USDT,0.8269,13488.16,0.8268,3701.37,0.8271,513.79,0.8272,1688.29
1753600015043,07:06:55.043,phemex,ADA/USDT:USDT,0.8269,13488.16,0.8268,3701.37,0.8271,513.79,0.8272,2621.13
1753600015078,07:06:55.078,phemex,ADA/USDT:USDT,0.8269,13488.16,0.8268,3701.37,0.8271,513.79,0.8272,1688.29
1753600015106,07:06:55.106,phemex,ADA/USDT:USDT,0.8269,13488.16,0.8268,3701.37,0.8272,1688.29,0.8273,9919.36
1753600015137,07:06:55.137,phemex,ADA/USDT:USDT,0.8269,13488.16,0.8268,3701.37,0.8272,1688.29,0.8273,9919.36
1753600015178,07:06:55.178,phemex,ADA/USDT:USDT,0.8269,13488.16,0.8268,3701.37,0.8271,513.79,0.8272,1688.29
1753600015288,07:06:55.288,phemex,ADA/USDT:USDT,0.8269,13488.16,0.8268,3701.37,0.8272,1688.29,0.8273,9919.36
1753600015318,07:06:55.318,phemex,ADA/USDT:USDT,0.8269,13488.16,0.8268,3701.37,0.8271,513.79,0.8272,1688.29
1753600015344,07:06:55.344,phemex,ADA/USDT:USDT,0.8269,13488.16,0.8268,3701.37,0.8271,513.79,0.8272,2621.13
1753600015365,07:06:55.365,phemex,ADA/USDT:USDT,0.8269,13488.16,0.8268,3701.37,0.8271,513.79,0.8272,8698.39
1753600015384,07:06:55.384,phemex,ADA/USDT:USDT,0.8269,13488.16,0.8268,3701.37,0.8271,513.79,0.8272,8698.39
1753600015408,07:06:55.408,phemex,ADA/USDT:USDT,0.8269,13415.53,0.8268,3701.37,0.8271,513.79,0.8272,8698.39
1753600015418,07:06:55.418,phemex,ADA/USDT:USDT,0.8269,13415.53,0.8268,3701.37,0.8271,513.79,0.8272,8698.39
1753600015462,07:06:55.462,phemex,ADA/USDT:USDT,0.8269,13415.53,0.8268,3701.37,0.8271,513.79,0.8272,8698.39
1753600015486,07:06:55.486,phemex,ADA/USDT:USDT,0.8269,13415.53,0.8268,2768.36,0.8271,513.79,0.8272,8698.39
1753600015504,07:06:55.504,phemex,ADA/USDT:USDT,0.8269,13415.53,0.8268,2768.36,0.8271,513.79,0.8272,8698.39
1753600015515,07:06:55.515,phemex,ADA/USDT:USDT,0.8269,13415.53,0.8268,2768.36,0.8271,513.79,0.8272,8698.39
1753600015561,07:06:55.561,phemex,ADA/USDT:USDT,0.8269,13415.53,0.8268,2768.36,0.8271,513.79,0.8272,8698.39
1753600015585,07:06:55.585,phemex,ADA/USDT:USDT,0.8269,915.54,0.8268,2768.36,0.8271,513.79,0.8272,8698.39
1753600015591,07:06:55.591,phemex,ADA/USDT:USDT,0.8269,915.54,0.8268,2768.36,0.8271,657.12,0.8272,8698.39
1753600015618,07:06:55.618,phemex,ADA/USDT:USDT,0.8269,915.54,0.8268,2768.36,0.8271,657.12,0.8272,8698.39
1753600015633,07:06:55.633,phemex,ADA/USDT:USDT,0.8269,915.54,0.8268,2768.36,0.827,513.79,0.8271,657.12
1753600015657,07:06:55.657,phemex,ADA/USDT:USDT,0.8269,915.54,0.8268,2768.36,0.827,513.79,0.8271,513.79
1753600015727,07:06:55.727,phemex,ADA/USDT:USDT,0.8269,1429.33,0.8268,2238.37,0.827,513.79,0.8271,513.79
1753600015789,07:06:55.789,phemex,ADA/USDT:USDT,0.8269,1429.33,0.8268,2238.37,0.8271,513.79,0.8272,8698.39
1753600015807,07:06:55.807,phemex,ADA/USDT:USDT,0.8269,1429.33,0.8268,2752.16,0.8271,513.79,0.8272,8698.39
1753600015819,07:06:55.819,phemex,ADA/USDT:USDT,0.8269,1429.33,0.8268,2752.16,0.8271,513.79,0.8272,8698.39
1753600016190,07:06:56.190,phemex,ADA/USDT:USDT,0.8269,915.54,0.8268,2752.16,0.8271,513.79,0.8272,8698.39
1753600016190,07:06:56.190,phemex,ADA/USDT:USDT,0.8269,915.54,0.8268,2752.16,0.8271,513.79,0.8272,8698.39
1753600017058,07:06:57.058,phemex,ADA/USDT:USDT,0.8269,915.54,0.8268,3685.06,0.8271,513.79,0.8272,8698.39
1753600017106,07:06:57.106,phemex,ADA/USDT:USDT,0.8269,1429.33,0.8268,3685.06,0.8271,513.79,0.8272,8698.39
1753600017666,07:06:57.666,phemex,ADA/USDT:USDT,0.8269,915.54,0.8268,2752.16,0.8271,513.79,0.8272,8698.39
1753600017985,07:06:57.985,phemex,ADA/USDT:USDT,0.8269,915.54,0.8268,2752.16,0.8271,513.79,0.8272,8698.39
1753600018918,07:06:58.918,phemex,ADA/USDT:USDT,0.8269,915.54,0.8268,2752.16,0.8271,513.79,0.8272,8698.39
1753600019366,07:06:59.366,phemex,ADA/USDT:USDT,0.8269,915.54,0.8268,2752.16,0.8271,1692.13,0.8272,8698.39
1753600019413,07:06:59.413,phemex,ADA/USDT:USDT,0.8269,915.54,0.8268,2752.16,0.827,534.59,0.8271,1692.13
1753600019434,07:06:59.434,phemex,ADA/USDT:USDT,0.8269,915.54,0.8268,2752.16,0.827,534.59,0.8271,1692.13
1753600019531,07:06:59.531,phemex,ADA/USDT:USDT,0.8269,915.54,0.8268,2752.16,0.827,534.59,0.8271,7766.73
1753600019585,07:06:59.585,phemex,ADA/USDT:USDT,0.8269,915.54,0.8268,2752.16,0.827,534.59,0.8271,1692.13
1753600019602,07:06:59.602,phemex,ADA/USDT:USDT,0.8269,915.54,0.8268,2752.16,0.827,534.59,0.8271,1692.13
1753600019620,07:06:59.620,phemex,ADA/USDT:USDT,0.8269,915.54,0.8268,2752.16,0.827,534.59,0.8271,1692.13
1753600019634,07:06:59.634,phemex,ADA/USDT:USDT,0.8269,1450.13,0.8268,2752.16,0.827,534.59,0.8271,1692.13
1753600019833,07:06:59.833,phemex,ADA/USDT:USDT,0.8269,1450.13,0.8268,2752.16,0.827,534.59,0.8271,1692.13
1753600020008,07:07:00.008,phemex,ADA/USDT:USDT,0.8269,1450.13,0.8268,2752.16,0.827,534.59,0.8271,1692.13
1753600020011,07:07:00.011,phemex,ADA/USDT:USDT,0.8269,1450.13,0.8268,2752.16,0.827,534.59,0.8271,1692.13
1753600020041,07:07:00.041,phemex,ADA/USDT:USDT,0.8269,1450.13,0.8268,2752.16,0.827,534.59,0.8271,1692.13
1753600020332,07:07:00.332,phemex,ADA/USDT:USDT,0.8269,1450.13,0.8268,2752.16,0.8271,1692.13,0.8272,8695.73
1753600020375,07:07:00.375,phemex,ADA/USDT:USDT,0.8269,1450.13,0.8268,2752.16,0.8271,1692.13,0.8272,8695.73
1753600020400,07:07:00.400,phemex,ADA/USDT:USDT,0.8269,1450.13,0.8268,2752.16,0.827,534.59,0.8271,1692.13
1753600020505,07:07:00.505,phemex,ADA/USDT:USDT,0.8269,1450.13,0.8268,2752.16,0.827,534.59,0.8271,1692.13
1753600020631,07:07:00.631,phemex,ADA/USDT:USDT,0.8269,1450.13,0.8268,2752.16,0.827,534.59,0.8271,1692.13
1753600020827,07:07:00.827,phemex,ADA/USDT:USDT,0.8269,915.54,0.8268,2752.16,0.827,534.59,0.8271,1692.13
1753600020837,07:07:00.837,phemex,ADA/USDT:USDT,0.8269,915.54,0.8268,2752.16,0.827,1119.71,0.8271,2625.09
1753600021084,07:07:01.084,phemex,ADA/USDT:USDT,0.8269,915.54,0.8268,2752.16,0.827,1119.71,0.8271,2625.09
1753600021190,07:07:01.190,phemex,ADA/USDT:USDT,0.8269,915.54,0.8268,2752.16,0.827,1119.71,0.8271,8699.13
1753600021386,07:07:01.386,phemex,ADA/USDT:USDT,0.8269,1450.13,0.8268,3685.12,0.827,1119.71,0.8271,8699.13
1753600021508,07:07:01.508,phemex,ADA/USDT:USDT,0.8269,915.54,0.8268,3685.12,0.827,1119.71,0.8271,8699.13
1753600021544,07:07:01.544,phemex,ADA/USDT:USDT,0.8269,1450.13,0.8268,3685.12,0.827,1119.71,0.8271,8699.13
1753600021646,07:07:01.646,phemex,ADA/USDT:USDT,0.8269,915.54,0.8268,3685.12,0.827,1119.71,0.8271,8699.13
1753600021698,07:07:01.698,phemex,ADA/USDT:USDT,0.8269,915.54,0.8268,3685.12,0.827,534.59,0.8271,8699.13
1753600021958,07:07:01.958,phemex,ADA/USDT:USDT,0.8269,1450.13,0.8268,3685.12,0.827,534.59,0.8271,8699.13
1753600022195,07:07:02.195,phemex,ADA/USDT:USDT,0.8269,1450.13,0.8268,3685.12,0.827,534.59,0.8271,8699.13
1753600022311,07:07:02.311,phemex,ADA/USDT:USDT,0.8269,915.54,0.8268,3685.12,0.827,534.59,0.8271,8699.13
1753600022322,07:07:02.322,phemex,ADA/USDT:USDT,0.8269,915.54,0.8268,3685.12,0.827,534.59,0.8271,8699.13
1753600022882,07:07:02.882,phemex,ADA/USDT:USDT,0.8269,1450.13,0.8268,3685.12,0.827,534.59,0.8271,8699.13
1753600022936,07:07:02.936,phemex,ADA/USDT:USDT,0.8269,915.54,0.8268,3685.12,0.827,534.59,0.8271,8699.13
1753600023217,07:07:03.217,phemex,ADA/USDT:USDT,0.8269,1450.13,0.8268,3685.12,0.827,534.59,0.8271,8699.13
1753600023651,07:07:03.651,phemex,ADA/USDT:USDT,0.8269,915.54,0.8268,2752.16,0.827,1119.71,0.8271,8699.13
1753600023990,07:07:03.990,phemex,ADA/USDT:USDT,0.8269,915.54,0.8268,2752.16,0.827,1119.71,0.8271,8699.13
1753600024080,07:07:04.080,phemex,ADA/USDT:USDT,0.8269,915.54,0.8268,2238.37,0.827,1119.71,0.8271,8699.13
1753600024128,07:07:04.128,phemex,ADA/USDT:USDT,0.8269,915.54,0.8268,2772.96,0.827,1119.71,0.8271,8699.13
1753600024157,07:07:04.157,phemex,ADA/USDT:USDT,0.8269,915.54,0.8268,2238.37,0.827,1119.71,0.8271,8699.13
1753600024162,07:07:04.162,phemex,ADA/USDT:USDT,0.8269,915.54,0.8268,2772.96,0.827,1119.71,0.8271,8699.13
1753600024381,07:07:04.381,phemex,ADA/USDT:USDT,0.8269,915.54,0.8268,2772.96,0.827,1119.71,0.8271,8699.13
1753600024422,07:07:04.422,phemex,ADA/USDT:USDT,0.8269,915.54,0.8268,2772.96,0.827,1119.71,0.8271,8699.13
1753600024474,07:07:04.474,phemex,ADA/USDT:USDT,0.8269,915.54,0.8268,2772.96,0.827,534.59,0.8271,8699.13
1753600024508,07:07:04.508,phemex,ADA/USDT:USDT,0.8269,1450.13,0.8268,3705.92,0.827,534.59,0.8271,8699.13
1753600024827,07:07:04.827,phemex,ADA/USDT:USDT,0.8269,1450.13,0.8268,2772.96,0.827,534.59,0.8271,8699.13
1753600024872,07:07:04.872,phemex,ADA/USDT:USDT,0.8269,915.54,0.8268,2772.96,0.827,534.59,0.8271,8699.13
1753600024891,07:07:04.891,phemex,ADA/USDT:USDT,0.8269,915.54,0.8268,2772.96,0.827,1119.71,0.8271,8699.13
1753600025006,07:07:05.006,phemex,ADA/USDT:USDT,0.8269,915.54,0.8268,2772.96,0.827,1119.71,0.8271,8699.13
1753600025034,07:07:05.034,phemex,ADA/USDT:USDT,0.8269,915.54,0.8268,2772.96,0.827,1119.71,0.8271,8699.13
1753600025207,07:07:05.207,phemex,ADA/USDT:USDT,0.8268,1845.56,0.8267,8277.97,0.8269,1409.51,0.827,1119.71
1753600025235,07:07:05.235,phemex,ADA/USDT:USDT,0.8268,14345.56,0.8267,8277.97,0.8269,1944.1,0.827,1119.71
1753600025273,07:07:05.273,phemex,ADA/USDT:USDT,0.8268,14345.56,0.8267,8277.97,0.8269,1944.1,0.827,534.59
1753600026014,07:07:06.014,phemex,ADA/USDT:USDT,0.8268,14345.56,0.8267,8277.97,0.8269,1944.1,0.827,534.59
1753600026750,07:07:06.750,phemex,ADA/USDT:USDT,0.8268,14345.56,0.8267,8277.97,0.8269,1944.1,0.827,534.59
1753600026769,07:07:06.769,phemex,ADA/USDT:USDT,0.8268,14345.56,0.8267,8277.97,0.8269,1944.1,0.827,6608.13
1753600026780,07:07:06.780,phemex,ADA/USDT:USDT,0.8268,14345.56,0.8267,8277.97,0.8269,1944.1,0.827,6608.13
1753600026820,07:07:06.820,phemex,ADA/USDT:USDT,0.8268,14345.56,0.8267,8277.97,0.8269,1944.1,0.827,6608.13
1753600026823,07:07:06.823,phemex,ADA/USDT:USDT,0.8268,14345.56,0.8267,8277.97,0.8269,1944.1,0.827,7541.2
1753600026927,07:07:06.927,phemex,ADA/USDT:USDT,0.8268,14345.56,0.8267,8277.97,0.8269,1944.1,0.827,534.59
1753600026972,07:07:06.972,phemex,ADA/USDT:USDT,0.8268,14345.56,0.8267,8277.97,0.8269,1944.1,0.827,534.59
1753600027074,07:07:07.074,phemex,ADA/USDT:USDT,0.8268,14345.56,0.8267,8277.97,0.8269,1944.1,0.827,7541.2
1753600027121,07:07:07.121,phemex,ADA/USDT:USDT,0.8268,14345.56,0.8267,8277.97,0.8269,1944.1,0.827,7541.2
1753600027171,07:07:07.171,phemex,ADA/USDT:USDT,0.8268,14345.56,0.8267,8277.97,0.8269,1944.1,0.827,7541.2
1753600027271,07:07:07.271,phemex,ADA/USDT:USDT,0.8268,14345.56,0.8267,8277.97,0.8269,1944.1,0.827,534.59
1753600027307,07:07:07.307,phemex,ADA/USDT:USDT,0.8268,14345.56,0.8267,8277.97,0.8269,1409.51,0.827,534.59
1753600027425,07:07:07.425,phemex,ADA/USDT:USDT,0.8268,14345.56,0.8267,8277.97,0.8269,1409.51,0.827,534.59
1753600027464,07:07:07.464,phemex,ADA/USDT:USDT,0.8268,15269.74,0.8267,8277.97,0.8269,1409.51,0.827,534.59
1753600027480,07:07:07.480,phemex,ADA/USDT:USDT,0.8268,15269.74,0.8267,8277.97,0.8269,1409.51,0.827,534.59
1753600027887,07:07:07.887,phemex,ADA/USDT:USDT,0.8268,15269.74,0.8267,8277.97,0.8269,1944.1,0.827,6607.02
1753600027899,07:07:07.899,phemex,ADA/USDT:USDT,0.8268,15269.74,0.8267,8277.97,0.8269,1409.51,0.827,6607.02
1753600027925,07:07:07.925,phemex,ADA/USDT:USDT,0.8268,15269.74,0.8267,8277.97,0.8269,1409.51,0.827,534.59
1753600027979,07:07:07.979,phemex,ADA/USDT:USDT,0.8268,15269.74,0.8267,8277.97,0.8269,1409.51,0.827,534.59
1753600028030,07:07:08.030,phemex,ADA/USDT:USDT,0.8268,15269.74,0.8267,8277.97,0.8269,1409.51,0.827,534.59
1753600028125,07:07:08.125,phemex,ADA/USDT:USDT,0.8268,15269.74,0.8267,8277.97,0.8269,1409.51,0.827,534.59
1753600029086,07:07:09.086,phemex,ADA/USDT:USDT,0.8268,15269.74,0.8267,8277.97,0.8269,1409.51,0.827,534.59
1753600029138,07:07:09.138,phemex,ADA/USDT:USDT,0.8268,15269.74,0.8267,8277.97,0.8269,1409.51,0.827,534.59
1753600029183,07:07:09.183,phemex,ADA/USDT:USDT,0.8268,15269.74,0.8267,8277.97,0.8269,1409.51,0.827,534.59
1753600029239,07:07:09.239,phemex,ADA/USDT:USDT,0.8268,15269.74,0.8267,8277.97,0.8269,1409.51,0.827,1467.66
1753600029305,07:07:09.305,phemex,ADA/USDT:USDT,0.8268,15269.74,0.8267,8277.97,0.8269,1409.51,0.827,1467.66
1753600029320,07:07:09.320,phemex,ADA/USDT:USDT,0.8268,15269.74,0.8267,8277.97,0.8269,1938.93,0.827,1467.66
1753600029346,07:07:09.346,phemex,ADA/USDT:USDT,0.8268,15269.74,0.8267,8277.97,0.8269,1938.93,0.827,534.59
1753600029541,07:07:09.541,phemex,ADA/USDT:USDT,0.8268,15269.74,0.8267,8277.97,0.8269,1938.93,0.827,7537.85
1753600029575,07:07:09.575,phemex,ADA/USDT:USDT,0.8268,15269.74,0.8267,8277.97,0.8269,1938.93,0.827,1467.66
1753600029590,07:07:09.590,phemex,ADA/USDT:USDT,0.8268,15269.74,0.8267,8277.97,0.8269,1409.51,0.827,1467.66
1753600029641,07:07:09.641,phemex,ADA/USDT:USDT,0.8268,15269.74,0.8267,8277.97,0.8269,1409.51,0.827,534.59
1753600031127,07:07:11.127,phemex,ADA/USDT:USDT,0.8268,13958.77,0.8267,9542.02,0.827,534.59,0.8271,1692.13
1753600031134,07:07:11.134,phemex,ADA/USDT:USDT,0.8268,13958.77,0.8267,9542.02,0.8271,1692.13,0.8272,27714.68
1753600031154,07:07:11.154,phemex,ADA/USDT:USDT,0.8268,13958.77,0.8267,9542.02,0.8271,1692.13,0.8272,14651.76
1753600031175,07:07:11.175,phemex,ADA/USDT:USDT,0.8268,13958.77,0.8267,9542.02,0.8271,1692.13,0.8272,14651.76
1753600031301,07:07:11.301,phemex,ADA/USDT:USDT,0.8268,13958.77,0.8267,9542.02,0.8271,1692.13,0.8272,15584.83
1753600031336,07:07:11.336,phemex,ADA/USDT:USDT,0.8268,13958.77,0.8267,9542.02,0.8271,1692.13,0.8272,14651.76
1753600031345,07:07:11.345,phemex,ADA/USDT:USDT,0.8268,13958.77,0.8267,9542.02,0.8271,1692.13,0.8272,14651.76
1753600031447,07:07:11.447,phemex,ADA/USDT:USDT,0.8268,13958.77,0.8267,9542.02,0.8271,1692.13,0.8272,21655.09
1753600031542,07:07:11.542,phemex,ADA/USDT:USDT,0.8268,13958.77,0.8267,9542.02,0.8271,1692.13,0.8272,21655.09
1753600032369,07:07:12.369,phemex,ADA/USDT:USDT,0.8268,13958.77,0.8267,9542.02,0.8271,1692.13,0.8272,14651.76
1753600032396,07:07:12.396,phemex,ADA/USDT:USDT,0.8268,13958.77,0.8267,9542.02,0.8271,1692.13,0.8272,14651.76
1753600032406,07:07:12.406,phemex,ADA/USDT:USDT,0.8268,13958.77,0.8267,9542.02,0.8271,1692.13,0.8272,14651.76
1753600032430,07:07:12.430,phemex,ADA/USDT:USDT,0.8268,13958.77,0.8267,9542.02,0.8271,1692.13,0.8272,14651.76
1753600032458,07:07:12.458,phemex,ADA/USDT:USDT,0.8268,13958.77,0.8267,9542.02,0.8271,1692.13,0.8272,15584.72
1753600032465,07:07:12.465,phemex,ADA/USDT:USDT,0.8268,13958.77,0.8267,9542.02,0.8271,1692.13,0.8272,15584.72
1753600032497,07:07:12.497,phemex,ADA/USDT:USDT,0.8268,13958.77,0.8267,9542.02,0.8271,1692.13,0.8272,21654.98
1753600032547,07:07:12.547,phemex,ADA/USDT:USDT,0.8268,13958.77,0.8267,9542.02,0.8271,1692.13,0.8272,21654.98
1753600032814,07:07:12.814,phemex,ADA/USDT:USDT,0.8268,13958.77,0.8267,9542.02,0.827,529.42,0.8271,1692.13
1753600032853,07:07:12.853,phemex,ADA/USDT:USDT,0.8268,13958.77,0.8267,9542.02,0.8271,1692.13,0.8272,21654.98
1753600032882,07:07:12.882,phemex,ADA/USDT:USDT,0.8268,13958.77,0.8267,9542.02,0.8271,1692.13,0.8272,21654.98
1753600033351,07:07:13.351,phemex,ADA/USDT:USDT,0.8268,13958.77,0.8267,9542.02,0.827,529.42,0.8271,1692.13
1753600033447,07:07:13.447,phemex,ADA/USDT:USDT,0.8268,13958.77,0.8267,9542.02,0.8271,1692.13,0.8272,21654.98
1753600033463,07:07:13.463,phemex,ADA/USDT:USDT,0.8268,13958.77,0.8267,9542.02,0.8271,1692.13,0.8272,21654.98
1753600033570,07:07:13.570,phemex,ADA/USDT:USDT,0.8268,13958.77,0.8267,9542.02,0.827,529.42,0.8271,1692.13
1753600033594,07:07:13.594,phemex,ADA/USDT:USDT,0.8268,13958.77,0.8267,9542.02,0.827,529.42,0.8271,7762.76
1753600033621,07:07:13.621,phemex,ADA/USDT:USDT,0.8268,13958.77,0.8267,9542.02,0.827,529.42,0.8271,8695.72
1753600033653,07:07:13.653,phemex,ADA/USDT:USDT,0.8268,13958.77,0.8267,9542.02,0.827,529.42,0.8271,8695.72
1753600033688,07:07:13.688,phemex,ADA/USDT:USDT,0.8268,13958.77,0.8267,8609.06,0.827,529.42,0.8271,8695.72
1753600033707,07:07:13.707,phemex,ADA/USDT:USDT,0.8268,13958.77,0.8267,8609.06,0.827,529.42,0.8271,8695.72
1753600033985,07:07:13.985,phemex,ADA/USDT:USDT,0.8268,13424.18,0.8267,4297.96,0.827,529.42,0.8271,8695.72
1753600034089,07:07:14.089,phemex,ADA/USDT:USDT,0.8268,13424.18,0.8267,4297.96,0.827,529.42,0.8271,8695.72
1753600034225,07:07:14.225,phemex,ADA/USDT:USDT,0.8268,13424.18,0.8267,4297.96,0.827,529.42,0.8271,8695.72
1753600034257,07:07:14.257,phemex,ADA/USDT:USDT,0.8268,13424.18,0.8267,4297.96,0.827,529.42,0.8271,8695.72
1753600034286,07:07:14.286,phemex,ADA/USDT:USDT,0.8268,13424.18,0.8267,4297.96,0.827,529.42,0.8271,8695.72
1753600034332,07:07:14.332,phemex,ADA/USDT:USDT,0.8268,13424.18,0.8267,4297.96,0.827,529.42,0.8271,8695.72
1753600034423,07:07:14.423,phemex,ADA/USDT:USDT,0.8268,13424.18,0.8267,4297.96,0.827,529.42,0.8271,8695.72
1753600034493,07:07:14.493,phemex,ADA/USDT:USDT,0.8268,13424.18,0.8267,4297.96,0.827,529.42,0.8271,8695.72
1753600034518,07:07:14.518,phemex,ADA/USDT:USDT,0.8268,13424.18,0.8267,4297.96,0.827,529.42,0.8271,8695.72
1753600034697,07:07:14.697,phemex,ADA/USDT:USDT,0.8268,13424.18,0.8267,4297.96,0.827,529.42,0.8271,8695.72
1753600035062,07:07:15.062,phemex,ADA/USDT:USDT,0.8268,924.18,0.8267,1424.65,0.827,672.75,0.8271,8695.72
1753600035075,07:07:15.075,phemex,ADA/USDT:USDT,0.8268,924.18,0.8267,1424.65,0.8269,529.42,0.827,672.75
1753600035093,07:07:15.093,phemex,ADA/USDT:USDT,0.8268,924.18,0.8267,1424.65,0.8269,1114.54,0.827,6600.81
1753600035108,07:07:15.108,phemex,ADA/USDT:USDT,0.8268,924.18,0.8267,1424.65,0.8269,1114.54,0.827,7533.82
1753600035162,07:07:15.162,phemex,ADA/USDT:USDT,0.8268,924.18,0.8267,1424.65,0.8269,1114.54,0.827,7533.82
1753600035378,07:07:15.378,phemex,ADA/USDT:USDT,0.8268,924.18,0.8267,1424.65,0.8269,1114.54,0.827,7533.82
1753600035446,07:07:15.446,phemex,ADA/USDT:USDT,0.8268,924.18,0.8267,904.3,0.8269,1114.54,0.827,7533.82
1753600035785,07:07:15.785,phemex,ADA/USDT:USDT,0.8268,924.18,0.8267,1433.72,0.8269,1114.54,0.827,7533.82
1753600036153,07:07:16.153,phemex,ADA/USDT:USDT,0.8268,924.18,0.8267,1433.72,0.8269,1114.54,0.827,7533.82
1753600036172,07:07:16.172,phemex,ADA/USDT:USDT,0.8268,924.18,0.8267,904.3,0.8269,1114.54,0.827,7533.82
1753600036426,07:07:16.426,phemex,ADA/USDT:USDT,0.8268,924.18,0.8267,904.3,0.8269,1257.87,0.827,7533.82
1753600036432,07:07:16.432,phemex,ADA/USDT:USDT,0.8268,924.18,0.8267,904.3,0.8269,1257.87,0.827,7533.82
1753600036476,07:07:16.476,phemex,ADA/USDT:USDT,0.8268,924.18,0.8267,904.3,0.8269,1257.87,0.827,7533.82
1753600036484,07:07:16.484,phemex,ADA/USDT:USDT,0.8268,924.18,0.8267,904.3,0.8269,1257.87,0.827,7533.82
1753600036521,07:07:16.521,phemex,ADA/USDT:USDT,0.8268,924.18,0.8267,904.3,0.8269,1257.87,0.827,7533.82
1753600036838,07:07:16.838,phemex,ADA/USDT:USDT,0.8268,924.18,0.8267,904.3,0.8269,1257.87,0.827,7533.82
1753600037105,07:07:17.105,phemex,ADA/USDT:USDT,0.8268,924.18,0.8267,904.3,0.8269,1257.87,0.827,7533.82
1753600037127,07:07:17.127,phemex,ADA/USDT:USDT,0.8268,924.18,0.8267,904.3,0.8269,1257.87,0.827,7533.82
1753600037361,07:07:17.361,phemex,ADA/USDT:USDT,0.8268,924.18,0.8267,904.3,0.8269,1257.87,0.827,7533.82
1753600037378,07:07:17.378,phemex,ADA/USDT:USDT,0.8268,924.18,0.8267,904.3,0.8269,1257.87,0.827,7533.82
1753600037692,07:07:17.692,phemex,ADA/USDT:USDT,0.8268,924.18,0.8267,904.3,0.8269,1257.87,0.827,7533.82
1753600037782,07:07:17.782,phemex,ADA/USDT:USDT,0.8268,924.18,0.8267,904.3,0.8269,1257.87,0.827,7533.82
1753600037898,07:07:17.898,phemex,ADA/USDT:USDT,0.8268,924.18,0.8267,904.3,0.8269,1257.87,0.827,7533.82
1753600038017,07:07:18.017,phemex,ADA/USDT:USDT,0.8268,924.18,0.8267,904.3,0.8269,1257.87,0.827,7533.82
1753600038041,07:07:18.041,phemex,ADA/USDT:USDT,0.8268,924.18,0.8267,904.3,0.8269,1257.87,0.827,7533.82
1753600038045,07:07:18.045,phemex,ADA/USDT:USDT,0.8268,924.18,0.8267,904.3,0.8269,1257.87,0.827,7533.82
1753600038200,07:07:18.200,phemex,ADA/USDT:USDT,0.8268,924.18,0.8267,904.3,0.8269,1257.87,0.827,7533.82
1753600038447,07:07:18.447,phemex,ADA/USDT:USDT,0.8268,924.18,0.8267,904.3,0.8269,1257.87,0.827,7533.82
1753600038785,07:07:18.785,phemex,ADA/USDT:USDT,0.8268,924.18,0.8267,904.3,0.8269,1257.87,0.827,7533.82
1753600038942,07:07:18.942,phemex,ADA/USDT:USDT,0.8268,924.18,0.8267,904.3,0.8269,1257.87,0.827,7533.82
1753600040119,07:07:20.119,phemex,ADA/USDT:USDT,0.8268,924.18,0.8267,904.3,0.8269,1257.87,0.827,7533.82
1753600040824,07:07:20.824,phemex,ADA/USDT:USDT,0.8268,924.18,0.8267,904.3,0.8269,1257.87,0.827,7533.82
1753600040853,07:07:20.853,phemex,ADA/USDT:USDT,0.8268,924.18,0.8267,904.3,0.8269,1257.87,0.827,7533.82
1753600041267,07:07:21.267,phemex,ADA/USDT:USDT,0.8268,924.18,0.8267,904.3,0.8269,1257.87,0.827,7533.82
1753600041318,07:07:21.318,phemex,ADA/USDT:USDT,0.8268,924.18,0.8267,904.3,0.8269,1257.87,0.827,7533.82
1753600041525,07:07:21.525,phemex,ADA/USDT:USDT,0.8268,924.18,0.8267,904.3,0.8269,1257.87,0.827,7533.82
1753600042014,07:07:22.014,phemex,ADA/USDT:USDT,0.8268,924.18,0.8267,904.3,0.8269,1257.87,0.827,7533.82
1753600042935,07:07:22.935,phemex,ADA/USDT:USDT,0.8266,2938.2,0.8265,1984.16,0.8269,1257.87,0.827,7533.82
1753600042961,07:07:22.961,phemex,ADA/USDT:USDT,0.8266,2938.2,0.8265,1984.16,0.8267,1168.68,0.8269,2482.3
1753600042988,07:07:22.988,phemex,ADA/USDT:USDT,0.8266,2408.78,0.8265,1984.16,0.8267,1168.68,0.8269,7829.23
1753600043005,07:07:23.005,phemex,ADA/USDT:USDT,0.8266,2408.78,0.8265,1984.16,0.8267,1168.68,0.8268,537.96
1753600043029,07:07:23.029,phemex,ADA/USDT:USDT,0.8266,2408.78,0.8265,1984.16,0.8267,1706.64,0.8268,537.96
1753600043035,07:07:23.035,phemex,ADA/USDT:USDT,0.8266,2408.78,0.8265,1984.16,0.8267,1706.64,0.8268,537.96
1753600043159,07:07:23.159,phemex,ADA/USDT:USDT,0.8266,2408.78,0.8265,1984.16,0.8267,1706.64,0.8268,537.96
1753600043177,07:07:23.177,phemex,ADA/USDT:USDT,0.8266,2408.78,0.8265,1984.16,0.8267,1706.64,0.8268,537.96
1753600043229,07:07:23.229,phemex,ADA/USDT:USDT,0.8266,2408.78,0.8265,2917.23,0.8267,1706.64,0.8268,537.96
1753600043297,07:07:23.297,phemex,ADA/USDT:USDT,0.8266,2408.78,0.8265,2917.23,0.8267,1706.64,0.8268,537.96
1753600043400,07:07:23.400,phemex,ADA/USDT:USDT,0.8266,2408.78,0.8265,2917.23,0.8267,1706.64,0.8268,537.96
1753600043542,07:07:23.542,phemex,ADA/USDT:USDT,0.8265,529.86,0.8264,529.86,0.8267,1706.64,0.8268,537.96
1753600043563,07:07:23.563,phemex,ADA/USDT:USDT,0.8265,914.82,0.8264,529.86,0.8266,537.96,0.8267,1706.64
1753600043590,07:07:23.590,phemex,ADA/USDT:USDT,0.8265,13414.82,0.8264,529.86,0.8266,1123.08,0.8267,8716.21
1753600043607,07:07:23.607,phemex,ADA/USDT:USDT,0.8265,13414.82,0.8264,529.86,0.8266,1123.08,0.8267,8716.21
1753600043617,07:07:23.617,phemex,ADA/USDT:USDT,0.8265,13414.82,0.8264,529.86,0.8266,1123.08,0.8267,8716.21
1753600043652,07:07:23.652,phemex,ADA/USDT:USDT,0.8265,914.82,0.8264,529.86,0.8266,1123.08,0.8267,8716.21
1753600043666,07:07:23.666,phemex,ADA/USDT:USDT,0.8265,914.82,0.8264,529.86,0.8266,1123.08,0.8267,8716.21
1753600043747,07:07:23.747,phemex,ADA/USDT:USDT,0.8265,914.82,0.8264,529.86,0.8266,1123.08,0.8267,8716.21
1753600043748,07:07:23.748,phemex,ADA/USDT:USDT,0.8265,914.82,0.8264,529.86,0.8266,1123.08,0.8267,8716.21
1753600044010,07:07:24.010,phemex,ADA/USDT:USDT,0.8265,914.82,0.8264,529.86,0.8266,1123.08,0.8267,8716.21
1753600044018,07:07:24.018,phemex,ADA/USDT:USDT,0.8265,914.82,0.8264,529.86,0.8266,1123.08,0.8267,8716.21
1753600044077,07:07:24.077,phemex,ADA/USDT:USDT,0.8264,529.86,0.8263,1944.86,0.8266,1123.08,0.8267,8716.21
1753600044102,07:07:24.102,phemex,ADA/USDT:USDT,0.8263,1944.86,0.8262,1963.55,0.8266,1123.08,0.8267,8716.21
1753600044120,07:07:24.120,phemex,ADA/USDT:USDT,0.8263,2017.49,0.8262,1963.55,0.8266,1123.08,0.8267,8716.21
1753600044138,07:07:24.138,phemex,ADA/USDT:USDT,0.8263,2017.49,0.8262,1963.55,0.8265,537.96,0.8266,1123.08
1753600044173,07:07:24.173,phemex,ADA/USDT:USDT,0.8263,2017.49,0.8262,1963.55,0.8265,537.96,0.8266,2056.49
1753600044180,07:07:24.180,phemex,ADA/USDT:USDT,0.8263,2017.49,0.8262,1963.55,0.8265,537.96,0.8266,7547.87
1753600044204,07:07:24.204,phemex,ADA/USDT:USDT,0.8264,930.52,0.8263,2017.49,0.8265,537.96,0.8266,7547.87
1753600044232,07:07:24.232,phemex,ADA/USDT:USDT,0.8264,930.52,0.8263,2878.27,0.8265,1123.08,0.8266,7547.87
1753600044355,07:07:24.355,phemex,ADA/USDT:USDT,0.8264,930.52,0.8263,2878.27,0.8265,1123.08,0.8266,7547.87
1753600044610,07:07:24.610,phemex,ADA/USDT:USDT,0.8264,1468.48,0.8263,2878.27,0.8265,1123.08,0.8266,7547.87
1753600044748,07:07:24.748,phemex,ADA/USDT:USDT,0.8264,1468.48,0.8263,2878.27,0.8265,537.96,0.8266,7547.87
1753600044775,07:07:24.775,phemex,ADA/USDT:USDT,0.8264,1468.48,0.8263,2878.27,0.8265,537.96,0.8266,7547.87
1753600044823,07:07:24.823,phemex,ADA/USDT:USDT,0.8264,1468.48,0.8263,4080.55,0.8265,537.96,0.8266,7547.87
1753600044911,07:07:24.911,phemex,ADA/USDT:USDT,0.8264,930.52,0.8263,4080.55,0.8265,537.96,0.8266,7547.87
1753600044922,07:07:24.922,phemex,ADA/USDT:USDT,0.8264,930.52,0.8263,4080.55,0.8265,1123.08,0.8266,7547.87
1753600045491,07:07:25.491,phemex,ADA/USDT:USDT,0.8264,1468.48,0.8263,4080.55,0.8265,1123.08,0.8266,7547.87
1753600045554,07:07:25.554,phemex,ADA/USDT:USDT,0.8264,1468.48,0.8263,5014.07,0.8265,537.96,0.8266,7547.87
1753600046090,07:07:26.090,phemex,ADA/USDT:USDT,0.8264,1468.48,0.8263,5014.07,0.8265,537.96,0.8266,537.96
1753600046098,07:07:26.098,phemex,ADA/USDT:USDT,0.8264,1468.48,0.8263,5014.07,0.8265,537.96,0.8266,1471.48
1753600046136,07:07:26.136,phemex,ADA/USDT:USDT,0.8264,537.96,0.8263,5014.07,0.8266,7549.34,0.8267,6528.0
1753600046150,07:07:26.150,phemex,ADA/USDT:USDT,0.8264,537.96,0.8263,5014.07,0.8265,537.96,0.8266,537.96
1753600046167,07:07:26.167,phemex,ADA/USDT:USDT,0.8264,537.96,0.8263,5014.07,0.8265,537.96,0.8266,7549.34
1753600046215,07:07:26.215,phemex,ADA/USDT:USDT,0.8264,537.96,0.8263,5014.07,0.8265,537.96,0.8266,7549.34
1753600046257,07:07:26.257,phemex,ADA/USDT:USDT,0.8264,537.96,0.8263,4080.55,0.8265,537.96,0.8266,7549.34
1753600046268,07:07:26.268,phemex,ADA/USDT:USDT,0.8264,537.96,0.8263,4080.55,0.8265,537.96,0.8266,7549.34
1753600046439,07:07:26.439,phemex,ADA/USDT:USDT,0.8263,4080.55,0.8262,1963.55,0.8265,537.96,0.8266,7549.34
1753600046453,07:07:26.453,phemex,ADA/USDT:USDT,0.8263,4080.55,0.8262,1963.55,0.8265,537.96,0.8266,7549.34
1753600047346,07:07:27.346,phemex,ADA/USDT:USDT,0.8263,4080.55,0.8262,1029.86,0.8265,537.96,0.8266,7549.34
1753600047458,07:07:27.458,phemex,ADA/USDT:USDT,0.8263,4080.55,0.8262,1963.44,0.8265,537.96,0.8266,7549.34
1753600047811,07:07:27.811,phemex,ADA/USDT:USDT,0.8263,4080.55,0.8262,1029.86,0.8265,537.96,0.8266,7549.34
1753600048048,07:07:28.048,phemex,ADA/USDT:USDT,0.8263,4080.55,0.8262,1029.86,0.8265,537.96,0.8266,7549.34
1753600048051,07:07:28.051,phemex,ADA/USDT:USDT,0.8263,4080.55,0.8262,1029.86,0.8264,1012.03,0.8265,537.96
1753600048113,07:07:28.113,phemex,ADA/USDT:USDT,0.8263,4080.55,0.8262,1029.86,0.8264,1549.99,0.8265,1471.54
1753600048125,07:07:28.125,phemex,ADA/USDT:USDT,0.8263,4080.55,0.8262,1029.86,0.8264,1549.99,0.8265,7548.68
1753600048225,07:07:28.225,phemex,ADA/USDT:USDT,0.8263,4080.55,0.8262,1029.86,0.8264,1549.99,0.8265,7548.68
1753600048391,07:07:28.391,phemex,ADA/USDT:USDT,0.8263,4080.55,0.8262,1029.86,0.8264,1549.99,0.8265,7548.68
1753600048465,07:07:28.465,phemex,ADA/USDT:USDT,0.8263,4080.55,0.8262,1963.44,0.8264,1549.99,0.8265,7548.68
1753600048778,07:07:28.778,phemex,ADA/USDT:USDT,0.8263,4080.55,0.8262,1963.44,0.8264,1012.03,0.8265,537.96
1753600048828,07:07:28.828,phemex,ADA/USDT:USDT,0.8263,4080.55,0.8262,1963.44,0.8264,1012.03,0.8265,537.96
1753600049028,07:07:29.028,phemex,ADA/USDT:USDT,0.8263,4080.55,0.8262,1963.44,0.8264,1012.03,0.8265,6615.46
1753600049072,07:07:29.072,phemex,ADA/USDT:USDT,0.8263,4080.55,0.8262,1963.44,0.8264,1012.03,0.8265,6615.46
1753600049106,07:07:29.106,phemex,ADA/USDT:USDT,0.8263,4080.55,0.8262,1963.44,0.8264,1012.03,0.8265,537.96
1753600049179,07:07:29.179,phemex,ADA/USDT:USDT,0.8263,4080.55,0.8262,1963.44,0.8264,1012.03,0.8265,6615.46
1753600049229,07:07:29.229,phemex,ADA/USDT:USDT,0.8263,4080.55,0.8262,1963.44,0.8264,1012.03,0.8265,6615.46
1753600049530,07:07:29.530,phemex,ADA/USDT:USDT,0.8263,4080.55,0.8262,1963.44,0.8264,1012.03,0.8265,537.96
1753600049689,07:07:29.689,phemex,ADA/USDT:USDT,0.8263,4080.55,0.8262,1963.44,0.8264,1012.03,0.8265,537.96
1753600049699,07:07:29.699,phemex,ADA/USDT:USDT,0.8263,4080.55,0.8262,1963.44,0.8264,1012.03,0.8265,537.96
1753600049699,07:07:29.699,phemex,ADA/USDT:USDT,0.8263,4080.55,0.8262,1963.44,0.8264,1012.03,0.8265,537.96
1753600049765,07:07:29.765,phemex,ADA/USDT:USDT,0.8263,4080.55,0.8262,1963.44,0.8264,1012.03,0.8265,537.96
1753600049877,07:07:29.877,phemex,ADA/USDT:USDT,0.8263,4080.55,0.8262,1963.44,0.8264,1012.03,0.8265,537.96
1753600049987,07:07:29.987,phemex,ADA/USDT:USDT,0.8263,4080.55,0.8262,1963.44,0.8264,1012.03,0.8265,537.96
1753600050012,07:07:30.012,phemex,ADA/USDT:USDT,0.8263,4080.55,0.8262,1963.44,0.8264,1012.03,0.8265,537.96
1753600050257,07:07:30.257,phemex,ADA/USDT:USDT,0.8263,4153.18,0.8262,1963.44,0.8265,537.96,0.8266,1471.59
1753600050272,07:07:30.272,phemex,ADA/USDT:USDT,0.8264,1066.95,0.8263,14517.49,0.8265,537.96,0.8266,537.96
1753600050292,07:07:30.292,phemex,ADA/USDT:USDT,0.8264,1066.95,0.8263,14517.49,0.8266,537.96,0.8267,5663.24
1753600050307,07:07:30.307,phemex,ADA/USDT:USDT,0.8264,1066.95,0.8263,14444.86,0.8266,537.96,0.8267,5663.24
1753600050335,07:07:30.335,phemex,ADA/USDT:USDT,0.8264,1602.61,0.8263,1944.86,0.8266,537.96,0.8267,5663.24
1753600050374,07:07:30.374,phemex,ADA/USDT:USDT,0.8265,535.66,0.8264,1602.61,0.8266,537.96,0.8267,5663.24
1753600050405,07:07:30.405,phemex,ADA/USDT:USDT,0.8265,535.66,0.8264,1602.61,0.8266,537.96,0.8267,5663.24
1753600050424,07:07:30.424,phemex,ADA/USDT:USDT,0.8264,1602.61,0.8263,1944.86,0.8266,537.96,0.8267,5663.24
1753600050453,07:07:30.453,phemex,ADA/USDT:USDT,0.8264,1602.61,0.8263,1944.86,0.8266,537.96,0.8267,5663.24
1753600050464,07:07:30.464,phemex,ADA/USDT:USDT,0.8264,1602.61,0.8263,2878.49,0.8266,537.96,0.8267,5663.24
1753600050548,07:07:30.548,phemex,ADA/USDT:USDT,0.8265,535.66,0.8264,1602.61,0.8266,537.96,0.8267,5663.24
1753600050641,07:07:30.641,phemex,ADA/USDT:USDT,0.8264,1602.61,0.8263,2878.49,0.8266,537.96,0.8267,5663.24
1753600050670,07:07:30.670,phemex,ADA/USDT:USDT,0.8264,1602.61,0.8263,2878.49,0.8266,537.96,0.8267,5663.24
1753600051703,07:07:31.703,phemex,ADA/USDT:USDT,0.8264,535.66,0.8263,2878.49,0.8266,537.96,0.8267,5663.24
1753600051726,07:07:31.726,phemex,ADA/USDT:USDT,0.8265,535.66,0.8264,535.66,0.8266,537.96,0.8267,5663.24
1753600051750,07:07:31.750,phemex,ADA/USDT:USDT,0.8264,535.66,0.8263,2878.49,0.8266,537.96,0.8267,5663.24
1753600051771,07:07:31.771,phemex,ADA/USDT:USDT,0.8264,535.66,0.8263,2878.49,0.8266,537.96,0.8267,5663.24
1753600051842,07:07:31.842,phemex,ADA/USDT:USDT,0.8264,535.66,0.8263,2878.49,0.8266,537.96,0.8267,12673.47
1753600053184,07:07:33.184,phemex,ADA/USDT:USDT,0.8264,535.66,0.8263,2878.49,0.8266,537.96,0.8267,12673.47
1753600053192,07:07:33.192,phemex,ADA/USDT:USDT,0.8264,535.66,0.8263,2878.49,0.8266,537.96,0.8267,12673.47
1753600053400,07:07:33.400,phemex,ADA/USDT:USDT,0.8264,608.29,0.8263,2878.49,0.8266,537.96,0.8267,5663.24
1753600053417,07:07:33.417,phemex,ADA/USDT:USDT,0.8265,535.66,0.8264,608.29,0.8267,5663.24,0.8268,2772.14
1753600053448,07:07:33.448,phemex,ADA/USDT:USDT,0.8265,535.66,0.8264,1469.12,0.8267,5663.24,0.8268,1839.07
1753600053463,07:07:33.463,phemex,ADA/USDT:USDT,0.8265,535.66,0.8264,1469.12,0.8267,5663.24,0.8268,1839.07
1753600053489,07:07:33.489,phemex,ADA/USDT:USDT,0.8265,535.66,0.8264,1469.12,0.8266,535.66,0.8267,5663.24
1753600053499,07:07:33.499,phemex,ADA/USDT:USDT,0.8265,13035.66,0.8264,1469.12,0.8267,5663.24,0.8268,1839.07
1753600053544,07:07:33.544,phemex,ADA/USDT:USDT,0.8266,535.66,0.8265,13035.66,0.8267,5663.24,0.8268,1839.07
1753600053626,07:07:33.626,phemex,ADA/USDT:USDT,0.8266,535.66,0.8265,13108.29,0.8267,5663.24,0.8268,1839.07
1753600053636,07:07:33.636,phemex,ADA/USDT:USDT,0.8266,535.66,0.8265,13035.66,0.8267,5125.28,0.8268,1839.07
1753600053756,07:07:33.756,phemex,ADA/USDT:USDT,0.8266,535.66,0.8265,13035.66,0.8267,5125.28,0.8268,1839.07
1753600053776,07:07:33.776,phemex,ADA/USDT:USDT,0.8266,535.66,0.8265,13035.66,0.8267,5125.28,0.8268,1839.07
1753600053798,07:07:33.798,phemex,ADA/USDT:USDT,0.8266,535.66,0.8265,13969.12,0.8267,5125.28,0.8268,1839.07
1753600054555,07:07:34.555,phemex,ADA/USDT:USDT,0.8266,535.66,0.8265,13969.12,0.8267,5125.28,0.8268,1839.07
1753600054606,07:07:34.606,phemex,ADA/USDT:USDT,0.8266,535.66,0.8265,13969.12,0.8267,5125.28,0.8268,1839.07
1753600054766,07:07:34.766,phemex,ADA/USDT:USDT,0.8266,535.66,0.8265,13969.12,0.8267,5125.28,0.8268,1839.07
1753600054791,07:07:34.791,phemex,ADA/USDT:USDT,0.8266,535.66,0.8265,13969.12,0.8267,5125.28,0.8268,1839.07
1753600054819,07:07:34.819,phemex,ADA/USDT:USDT,0.8266,535.66,0.8265,13969.12,0.8267,5125.28,0.8268,1839.07
1753600055272,07:07:35.272,phemex,ADA/USDT:USDT,0.8266,535.66,0.8265,15388.77,0.8267,5125.28,0.8268,1839.07
1753600055272,07:07:35.272,phemex,ADA/USDT:USDT,0.8266,535.66,0.8265,15388.77,0.8267,5125.28,0.8268,1839.07
1753600055796,07:07:35.796,phemex,ADA/USDT:USDT,0.8266,535.66,0.8265,15388.77,0.8267,5125.28,0.8268,1839.07
1753600056028,07:07:36.028,phemex,ADA/USDT:USDT,0.8266,535.66,0.8265,15388.77,0.8267,5125.28,0.8268,1839.07
1753600056092,07:07:36.092,phemex,ADA/USDT:USDT,0.8266,535.66,0.8265,15388.77,0.8267,5125.28,0.8268,1839.07
1753600057138,07:07:37.138,phemex,ADA/USDT:USDT,0.8266,535.66,0.8265,15388.77,0.8267,3888.29,0.8268,1819.38
1753600057157,07:07:37.157,phemex,ADA/USDT:USDT,0.8266,535.66,0.8265,3811.96,0.8268,1819.38,0.8269,529.42
1753600057175,07:07:37.175,phemex,ADA/USDT:USDT,0.8266,13035.66,0.8265,3811.96,0.8268,1819.38,0.8269,529.42
1753600057207,07:07:37.207,phemex,ADA/USDT:USDT,0.8267,535.66,0.8266,13968.95,0.8268,1819.38,0.8269,529.42
1753600057229,07:07:37.229,phemex,ADA/USDT:USDT,0.8267,535.66,0.8266,13968.95,0.8268,1819.38,0.8269,529.42
1753600057253,07:07:37.253,phemex,ADA/USDT:USDT,0.8267,535.66,0.8266,13968.95,0.8268,1819.38,0.8269,529.42
1753600057288,07:07:37.288,phemex,ADA/USDT:USDT,0.8267,535.66,0.8266,13968.95,0.8268,1281.42,0.8269,529.42
1753600057681,07:07:37.681,phemex,ADA/USDT:USDT,0.8267,535.66,0.8266,13968.95,0.8268,1817.08,0.8269,529.42
1753600057775,07:07:37.775,phemex,ADA/USDT:USDT,0.8267,535.66,0.8266,13968.95,0.8268,535.66,0.827,529.42
1753600057792,07:07:37.792,phemex,ADA/USDT:USDT,0.8267,535.66,0.8266,13968.95,0.827,529.42,0.8271,9063.97
1753600057833,07:07:37.833,phemex,ADA/USDT:USDT,0.8267,535.66,0.8266,1468.95,0.827,672.75,0.8271,8920.64
1753600057851,07:07:37.851,phemex,ADA/USDT:USDT,0.8267,535.66,0.8266,1468.95,0.8269,535.66,0.827,672.75
1753600057874,07:07:37.874,phemex,ADA/USDT:USDT,0.8267,535.65,0.8266,1468.95,0.8269,535.66,0.827,529.42
1753600058006,07:07:38.006,phemex,ADA/USDT:USDT,0.8267,535.65,0.8266,1468.95,0.827,529.42,0.8271,8920.64
1753600058012,07:07:38.012,phemex,ADA/USDT:USDT,0.8267,535.65,0.8266,1468.95,0.827,672.75,0.8271,8920.64
1753600058072,07:07:38.072,phemex,ADA/USDT:USDT,0.8267,535.65,0.8266,1468.95,0.8269,535.66,0.827,672.75
1753600058111,07:07:38.111,phemex,ADA/USDT:USDT,0.8267,535.65,0.8266,1468.95,0.8269,535.66,0.827,529.42
1753600058230,07:07:38.230,phemex,ADA/USDT:USDT,0.8267,535.65,0.8266,1468.95,0.827,529.42,0.8271,8920.64
1753600058252,07:07:38.252,phemex,ADA/USDT:USDT,0.8267,535.65,0.8266,1468.95,0.827,672.75,0.8271,8920.64
1753600058272,07:07:38.272,phemex,ADA/USDT:USDT,0.8267,535.65,0.8266,1468.95,0.8269,535.66,0.827,672.75
1753600058291,07:07:38.291,phemex,ADA/USDT:USDT,0.8267,535.65,0.8266,1468.95,0.8269,535.66,0.827,529.42
1753600058378,07:07:38.378,phemex,ADA/USDT:USDT,0.8267,535.65,0.8266,1468.95,0.8269,535.66,0.827,7539.35
1753600058475,07:07:38.475,phemex,ADA/USDT:USDT,0.8267,535.65,0.8266,1468.95,0.8269,535.66,0.827,7539.35
1753600058494,07:07:38.494,phemex,ADA/USDT:USDT,0.8267,535.65,0.8266,1468.95,0.8269,535.66,0.827,7539.35
1753600059853,07:07:39.853,phemex,ADA/USDT:USDT,0.8267,535.65,0.8266,535.66,0.8269,535.66,0.827,7539.35
1753600059889,07:07:39.889,phemex,ADA/USDT:USDT,0.8266,1468.78,0.8265,3811.96,0.8269,535.66,0.827,7539.35
1753600059938,07:07:39.938,phemex,ADA/USDT:USDT,0.8266,535.66,0.8265,3811.96,0.8269,535.66,0.827,7539.35
1753600060345,07:07:40.345,phemex,ADA/USDT:USDT,0.8266,535.66,0.8265,3811.96,0.8269,535.66,0.827,7539.35
1753600060345,07:07:40.345,phemex,ADA/USDT:USDT,0.8266,535.66,0.8265,3811.96,0.8269,535.66,0.827,7539.35
1753600061190,07:07:41.190,phemex,ADA/USDT:USDT,0.8266,535.66,0.8265,3811.96,0.8269,535.66,0.827,19032.19
1753600062007,07:07:42.007,phemex,ADA/USDT:USDT,0.8266,535.66,0.8265,3811.96,0.8269,535.66,0.827,19032.19
1753600062016,07:07:42.016,phemex,ADA/USDT:USDT,0.8266,535.66,0.8265,3811.96,0.8269,535.66,0.827,19032.19
1753600062794,07:07:42.794,phemex,ADA/USDT:USDT,0.8266,535.66,0.8265,3811.96,0.8269,535.66,0.827,19032.19
1753600066801,07:07:46.801,phemex,ADA/USDT:USDT,0.8266,535.66,0.8265,3811.96,0.8269,535.66,0.827,19032.19
1753600066838,07:07:46.838,phemex,ADA/USDT:USDT,0.8266,535.66,0.8265,3811.96,0.8269,535.66,0.827,19032.19
1753600068245,07:07:48.245,phemex,ADA/USDT:USDT,0.8266,535.66,0.8265,3811.96,0.8269,535.66,0.827,19032.19
1753600070079,07:07:50.079,phemex,ADA/USDT:USDT,0.8266,535.66,0.8265,3811.96,0.8269,535.66,0.827,19032.19
1753600070207,07:07:50.207,phemex,ADA/USDT:USDT,0.8266,535.66,0.8265,3811.96,0.8269,535.66,0.827,19032.19
1753600070214,07:07:50.214,phemex,ADA/USDT:USDT,0.8266,535.66,0.8265,3811.96,0.8269,535.66,0.827,19032.19
1753600070445,07:07:50.445,phemex,ADA/USDT:USDT,0.8266,535.66,0.8265,3811.96,0.8269,535.66,0.827,19032.19
1753600070578,07:07:50.578,phemex,ADA/USDT:USDT,0.8266,535.66,0.8265,3811.96,0.8269,535.66,0.827,12955.38
1753600070605,07:07:50.605,phemex,ADA/USDT:USDT,0.8266,535.66,0.8265,3811.96,0.8269,535.66,0.827,12022.26
1753600070633,07:07:50.633,phemex,ADA/USDT:USDT,0.8266,535.66,0.8265,3811.96,0.8269,535.66,0.827,12022.26
1753600070748,07:07:50.748,phemex,ADA/USDT:USDT,0.8266,535.66,0.8265,3811.96,0.8269,535.66,0.827,18119.89
1753600070758,07:07:50.758,phemex,ADA/USDT:USDT,0.8266,535.66,0.8265,3811.96,0.8269,535.66,0.827,19053.07
1753600070775,07:07:50.775,phemex,ADA/USDT:USDT,0.8266,535.66,0.8265,3811.96,0.8269,535.66,0.827,19053.07
1753600070834,07:07:50.834,phemex,ADA/USDT:USDT,0.8266,535.66,0.8265,3811.96,0.8269,535.66,0.827,19053.07
1753600071164,07:07:51.164,phemex,ADA/USDT:USDT,0.8266,535.66,0.8265,3811.96,0.8269,535.66,0.827,19053.07
1753600072291,07:07:52.291,phemex,ADA/USDT:USDT,0.8266,535.66,0.8265,3811.96,0.8269,535.66,0.827,12022.26
1753600072417,07:07:52.417,phemex,ADA/USDT:USDT,0.8266,535.66,0.8265,3811.96,0.8269,535.66,0.827,12955.44
1753600072545,07:07:52.545,phemex,ADA/USDT:USDT,0.8266,535.66,0.8265,3811.96,0.8269,535.66,0.827,19056.51
1753600072551,07:07:52.551,phemex,ADA/USDT:USDT,0.8266,535.66,0.8265,3811.96,0.8269,535.66,0.827,19056.51
1753600073073,07:07:53.073,phemex,ADA/USDT:USDT,0.8266,608.29,0.8265,6156.17,0.8269,1804.02,0.827,529.42
1753600073084,07:07:53.084,phemex,ADA/USDT:USDT,0.8266,608.29,0.8265,6156.17,0.8269,1804.02,0.827,529.42
1753600073097,07:07:53.097,phemex,ADA/USDT:USDT,0.8266,608.29,0.8265,6156.17,0.8269,1804.02,0.827,6630.49
1753600073122,07:07:53.122,phemex,ADA/USDT:USDT,0.8266,608.29,0.8265,6156.17,0.8269,1804.02,0.827,7563.67
1753600073756,07:07:53.756,phemex,ADA/USDT:USDT,0.8266,608.29,0.8265,6156.17,0.8268,515.02,0.8269,1804.02
1753600073819,07:07:53.819,phemex,ADA/USDT:USDT,0.8267,2578.65,0.8266,608.29,0.8268,515.02,0.8269,1804.02
1753600073877,07:07:53.877,phemex,ADA/USDT:USDT,0.8267,3093.67,0.8266,1468.84,0.8269,1804.02,0.827,7563.67
1753600074027,07:07:54.027,phemex,ADA/USDT:USDT,0.8267,3093.67,0.8266,1468.84,0.8269,1804.01,0.827,7563.67
1753600074181,07:07:54.181,phemex,ADA/USDT:USDT,0.8267,3093.67,0.8266,1468.84,0.8268,515.02,0.8269,1804.01
1753600074346,07:07:54.346,phemex,ADA/USDT:USDT,0.8267,3093.67,0.8266,1468.84,0.8269,1804.01,0.827,7563.67
1753600074507,07:07:54.507,phemex,ADA/USDT:USDT,0.8267,3093.67,0.8266,1468.84,0.8269,1804.01,0.827,6630.49
1753600074508,07:07:54.508,phemex,ADA/USDT:USDT,0.8268,515.02,0.8267,3093.67,0.8269,1804.01,0.827,529.42
1753600074551,07:07:54.551,phemex,ADA/USDT:USDT,0.8268,515.02,0.8267,3093.67,0.8269,1804.01,0.827,6632.64
1753600074666,07:07:54.666,phemex,ADA/USDT:USDT,0.8268,515.02,0.8267,3093.67,0.8269,1804.01,0.827,529.42
1753600074702,07:07:54.702,phemex,ADA/USDT:USDT,0.8268,515.02,0.8267,3093.67,0.8269,1804.01,0.827,529.42
1753600075103,07:07:55.103,phemex,ADA/USDT:USDT,0.8268,515.02,0.8267,3093.67,0.8269,1804.01,0.827,6632.64
1753600075154,07:07:55.154,phemex,ADA/USDT:USDT,0.8268,515.02,0.8267,3093.67,0.8269,1804.01,0.827,7565.71
1753600075505,07:07:55.505,phemex,ADA/USDT:USDT,0.8268,515.02,0.8267,3093.67,0.8269,1804.01,0.827,529.42
1753600075550,07:07:55.550,phemex,ADA/USDT:USDT,0.8268,515.02,0.8267,3093.67,0.8269,1804.01,0.827,529.42
1753600076058,07:07:56.058,phemex,ADA/USDT:USDT,0.8268,515.02,0.8267,3093.67,0.8269,1804.01,0.827,6632.58
1753600076071,07:07:56.071,phemex,ADA/USDT:USDT,0.8267,3093.67,0.8266,1468.84,0.8269,1804.01,0.827,6632.58
1753600076096,07:07:56.096,phemex,ADA/USDT:USDT,0.8267,3093.67,0.8266,1468.84,0.8268,515.02,0.8269,1804.01
1753600076112,07:07:56.112,phemex,ADA/USDT:USDT,0.8267,15593.67,0.8266,1468.84,0.8268,515.02,0.8269,1804.01
1753600076133,07:07:56.133,phemex,ADA/USDT:USDT,0.8267,15593.67,0.8266,1468.84,0.8269,1804.01,0.827,7565.65
1753600076158,07:07:56.158,phemex,ADA/USDT:USDT,0.8267,15593.67,0.8266,1468.84,0.8269,1804.01,0.827,7565.65
1753600076170,07:07:56.170,phemex,ADA/USDT:USDT,0.8267,15593.67,0.8266,1468.84,0.8268,515.02,0.8269,1804.01
1753600076270,07:07:56.270,phemex,ADA/USDT:USDT,0.8267,15593.67,0.8266,1468.84,0.8269,1804.01,0.827,7565.65
1753600076327,07:07:56.327,phemex,ADA/USDT:USDT,0.8268,515.02,0.8267,15593.67,0.8269,1804.01,0.827,7565.65
1753600076394,07:07:56.394,phemex,ADA/USDT:USDT,0.8268,515.02,0.8267,15593.67,0.8269,1804.01,0.827,7565.65
1753600076460,07:07:56.460,phemex,ADA/USDT:USDT,0.8268,515.02,0.8267,15593.67,0.8269,1804.01,0.827,1462.49
1753600076566,07:07:56.566,phemex,ADA/USDT:USDT,0.8268,515.02,0.8267,15593.67,0.8269,1804.01,0.827,7567.43
1753600076585,07:07:56.585,phemex,ADA/USDT:USDT,0.8267,15593.67,0.8266,1468.84,0.8269,1804.01,0.827,7567.43
1753600076623,07:07:56.623,phemex,ADA/USDT:USDT,0.8267,15593.67,0.8266,1468.84,0.8268,515.02,0.8269,1804.01
1753600076666,07:07:56.666,phemex,ADA/USDT:USDT,0.8267,15593.67,0.8266,1468.84,0.8268,515.02,0.8269,7908.95
1753600076678,07:07:56.678,phemex,ADA/USDT:USDT,0.8267,15078.65,0.8266,535.66,0.8268,515.02,0.8269,7908.95
1753600076705,07:07:56.705,phemex,ADA/USDT:USDT,0.8267,15078.65,0.8266,535.66,0.8268,515.02,0.8269,8842.02
1753600076761,07:07:56.761,phemex,ADA/USDT:USDT,0.8267,15078.65,0.8266,1468.73,0.8268,515.02,0.8269,8842.02
1753600076915,07:07:56.915,phemex,ADA/USDT:USDT,0.8267,15078.65,0.8266,1468.73,0.8268,515.02,0.8269,8842.02
1753600076915,07:07:56.915,phemex,ADA/USDT:USDT,0.8267,15078.65,0.8266,1468.73,0.8268,515.02,0.8269,8842.02
1753600077423,07:07:57.423,phemex,ADA/USDT:USDT,0.8267,15078.65,0.8266,1468.73,0.8268,515.02,0.8269,1804.01
1753600077464,07:07:57.464,phemex,ADA/USDT:USDT,0.8267,15078.65,0.8266,1468.73,0.8268,515.02,0.8269,1804.01
1753600077565,07:07:57.565,phemex,ADA/USDT:USDT,0.8267,15078.65,0.8266,1468.73,0.8268,515.02,0.8269,8842.88
1753600077665,07:07:57.665,phemex,ADA/USDT:USDT,0.8267,15078.65,0.8266,1468.73,0.8268,515.02,0.8269,8842.88
1753600077771,07:07:57.771,phemex,ADA/USDT:USDT,0.8267,15078.65,0.8266,1468.73,0.8268,515.02,0.8269,1804.01
1753600078068,07:07:58.068,phemex,ADA/USDT:USDT,0.8267,15078.65,0.8266,1468.73,0.8268,515.02,0.8269,1804.01
1753600078135,07:07:58.135,phemex,ADA/USDT:USDT,0.8267,15078.65,0.8266,1468.73,0.8268,515.02,0.8269,1804.01
1753600078168,07:07:58.168,phemex,ADA/USDT:USDT,0.8267,15078.65,0.8266,1468.73,0.8268,515.02,0.8269,8842.88
1753600078268,07:07:58.268,phemex,ADA/USDT:USDT,0.8267,15078.65,0.8266,1468.73,0.8268,515.02,0.8269,1804.01
1753600078319,07:07:58.319,phemex,ADA/USDT:USDT,0.8267,15078.65,0.8266,1468.73,0.8268,515.02,0.8269,1804.01
1753600079267,07:07:59.267,phemex,ADA/USDT:USDT,0.8267,15078.65,0.8266,1468.73,0.8268,515.02,0.8269,1804.01
1753600079273,07:07:59.273,phemex,ADA/USDT:USDT,0.8267,15078.65,0.8266,1468.73,0.8268,515.02,0.8269,1804.01
1753600079299,07:07:59.299,phemex,ADA/USDT:USDT,0.8267,15078.65,0.8266,1468.73,0.8268,515.02,0.8269,1804.01
1753600079309,07:07:59.309,phemex,ADA/USDT:USDT,0.8267,15078.65,0.8266,1468.73,0.8268,515.02,0.8269,1804.01
1753600079369,07:07:59.369,phemex,ADA/USDT:USDT,0.8267,12500.0,0.8266,1468.73,0.8268,515.02,0.8269,1804.01
1753600079510,07:07:59.510,phemex,ADA/USDT:USDT,0.8267,12500.0,0.8266,1468.73,0.8268,515.02,0.8269,1804.01
1753600079534,07:07:59.534,phemex,ADA/USDT:USDT,0.8267,12500.0,0.8266,1468.73,0.8268,515.02,0.8269,1804.01
1753600080781,07:08:00.781,phemex,ADA/USDT:USDT,0.8267,12500.0,0.8266,1468.73,0.8268,515.02,0.8269,1804.01
1753600080952,07:08:00.952,phemex,ADA/USDT:USDT,0.8267,12500.0,0.8266,1468.73,0.8268,515.02,0.8269,1804.01
1753600081192,07:08:01.192,phemex,ADA/USDT:USDT,0.8267,12500.0,0.8266,1468.73,0.8268,515.02,0.8269,1804.01
1753600081534,07:08:01.534,phemex,ADA/USDT:USDT,0.8267,12500.0,0.8266,1468.73,0.8268,515.02,0.8269,8844.53
1753600081589,07:08:01.589,phemex,ADA/USDT:USDT,0.8267,12500.0,0.8266,1468.73,0.8268,515.02,0.8269,8844.53
1753600081916,07:08:01.916,phemex,ADA/USDT:USDT,0.8267,12500.0,0.8265,2392.31,0.8268,1100.14,0.8269,8844.53
1753600081975,07:08:01.975,phemex,ADA/USDT:USDT,0.8267,12500.0,0.8266,2267.62,0.8268,1100.14,0.8269,8844.53
1753600081994,07:08:01.994,phemex,ADA/USDT:USDT,0.8266,2267.62,0.8265,1458.85,0.8268,1100.14,0.8269,8844.53
1753600082017,07:08:02.017,phemex,ADA/USDT:USDT,0.8266,2267.62,0.8265,1458.85,0.8268,1100.14,0.8269,20337.37
1753600082036,07:08:02.036,phemex,ADA/USDT:USDT,0.8266,2267.62,0.8265,1458.85,0.8268,1100.14,0.8269,20337.37
1753600082084,07:08:02.084,phemex,ADA/USDT:USDT,0.8266,2267.62,0.8265,1458.85,0.8267,527.21,0.8268,1100.14
1753600082092,07:08:02.092,phemex,ADA/USDT:USDT,0.8266,2267.62,0.8265,1458.85,0.8267,1112.33,0.8268,1100.14
1753600082132,07:08:02.132,phemex,ADA/USDT:USDT,0.8266,2267.62,0.8265,1458.85,0.8267,1112.33,0.8268,1100.14
1753600082186,07:08:02.186,phemex,ADA/USDT:USDT,0.8266,2267.62,0.8265,1458.85,0.8267,1112.33,0.8268,1100.14
1753600082284,07:08:02.284,phemex,ADA/USDT:USDT,0.8266,2267.62,0.8265,923.19,0.8267,1112.33,0.8268,1100.14
1753600082530,07:08:02.530,phemex,ADA/USDT:USDT,0.8265,13423.19,0.8264,2287.28,0.8266,1112.33,0.8267,7568.41
1753600082638,07:08:02.638,phemex,ADA/USDT:USDT,0.8265,13423.19,0.8264,1751.62,0.8266,1112.33,0.8267,7568.41
1753600082669,07:08:02.669,phemex,ADA/USDT:USDT,0.8265,13423.19,0.8264,818.33,0.8266,1112.33,0.8267,7568.41
1753600082698,07:08:02.698,phemex,ADA/USDT:USDT,0.8265,13423.19,0.8264,818.33,0.8266,1112.33,0.8267,7568.41
1753600082748,07:08:02.748,phemex,ADA/USDT:USDT,0.8265,13423.19,0.8264,818.33,0.8266,1112.33,0.8267,7568.41
1753600082754,07:08:02.754,phemex,ADA/USDT:USDT,0.8265,13423.19,0.8264,818.33,0.8266,1112.33,0.8267,7568.41
1753600082824,07:08:02.824,phemex,ADA/USDT:USDT,0.8265,13423.19,0.8264,818.33,0.8266,1112.33,0.8267,7568.41
1753600083023,07:08:03.023,phemex,ADA/USDT:USDT,0.8265,13423.19,0.8264,1345.54,0.8266,1112.33,0.8267,7568.41
1753600083136,07:08:03.136,phemex,ADA/USDT:USDT,0.8265,13423.19,0.8264,1345.54,0.8266,2057.09,0.8267,7568.41
1753600083206,07:08:03.206,phemex,ADA/USDT:USDT,0.8265,13423.19,0.8264,818.33,0.8266,2057.09,0.8267,7568.41
1753600083494,07:08:03.494,phemex,ADA/USDT:USDT,0.8265,13423.19,0.8264,1345.54,0.8266,2057.09,0.8267,7568.41
1753600083833,07:08:03.833,phemex,ADA/USDT:USDT,0.8265,13423.19,0.8264,1345.54,0.8266,1471.97,0.8267,7568.41
1753600083940,07:08:03.940,phemex,ADA/USDT:USDT,0.8265,13423.19,0.8264,1345.54,0.8266,1471.97,0.8267,7568.41
1753600083992,07:08:03.992,phemex,ADA/USDT:USDT,0.8265,13423.19,0.8264,2278.95,0.8266,1471.97,0.8267,7568.41
1753600084086,07:08:04.086,phemex,ADA/USDT:USDT,0.8265,13423.19,0.8264,2278.95,0.8266,1471.97,0.8267,6635.12
1753600084107,07:08:04.107,phemex,ADA/USDT:USDT,0.8265,13423.19,0.8264,2278.95,0.8266,1471.97,0.8267,527.21
1753600084152,07:08:04.152,phemex,ADA/USDT:USDT,0.8265,13423.19,0.8264,2278.95,0.8266,1471.97,0.8267,6636.47
1753600084192,07:08:04.192,phemex,ADA/USDT:USDT,0.8265,13423.19,0.8264,2278.95,0.8266,1471.97,0.8267,7569.88
1753600084333,07:08:04.333,phemex,ADA/USDT:USDT,0.8265,13423.19,0.8264,1345.54,0.8266,1471.97,0.8267,7569.88
1753600084696,07:08:04.696,phemex,ADA/USDT:USDT,0.8265,13423.19,0.8264,2278.95,0.8266,1471.97,0.8267,7569.88
1753600084781,07:08:04.781,phemex,ADA/USDT:USDT,0.8265,13423.19,0.8264,2278.95,0.8266,1471.97,0.8267,7569.88
1753600084809,07:08:04.809,phemex,ADA/USDT:USDT,0.8265,13423.19,0.8264,2278.95,0.8266,1471.97,0.8267,7569.88
1753600084941,07:08:04.941,phemex,ADA/USDT:USDT,0.8265,13423.19,0.8264,1345.54,0.8266,1471.97,0.8267,7569.88
1753600085198,07:08:05.198,phemex,ADA/USDT:USDT,0.8265,13423.19,0.8264,2278.95,0.8266,1471.97,0.8267,7569.88
1753600085220,07:08:05.220,phemex,ADA/USDT:USDT,0.8265,13423.19,0.8264,1345.54,0.8266,1471.97,0.8267,7569.88
1753600085651,07:08:05.651,phemex,ADA/USDT:USDT,0.8265,13423.19,0.8264,2278.95,0.8266,1471.97,0.8267,7569.88
1753600085930,07:08:05.930,phemex,ADA/USDT:USDT,0.8265,13423.19,0.8264,2278.95,0.8266,1471.97,0.8267,527.21
1753600085960,07:08:05.960,phemex,ADA/USDT:USDT,0.8265,13423.19,0.8264,2278.95,0.8266,1471.97,0.8267,527.21
1753600085962,07:08:05.962,phemex,ADA/USDT:USDT,0.8265,13423.19,0.8264,2278.95,0.8266,1471.97,0.8267,527.21
1753600085993,07:08:05.993,phemex,ADA/USDT:USDT,0.8265,13423.19,0.8264,2278.95,0.8266,1471.97,0.8267,527.21
1753600086033,07:08:06.033,phemex,ADA/USDT:USDT,0.8265,13423.19,0.8264,2278.95,0.8266,1471.97,0.8267,527.21
1753600086108,07:08:06.108,phemex,ADA/USDT:USDT,0.8265,13423.19,0.8264,2278.95,0.8266,1471.97,0.8267,7571.1
1753600086159,07:08:06.159,phemex,ADA/USDT:USDT,0.8265,13423.19,0.8264,1345.54,0.8266,1471.97,0.8267,7571.1
1753600086207,07:08:06.207,phemex,ADA/USDT:USDT,0.8265,13423.19,0.8264,1345.54,0.8266,1471.97,0.8267,7571.1
1753600086557,07:08:06.557,phemex,ADA/USDT:USDT,0.8265,13423.19,0.8264,1345.54,0.8266,1471.97,0.8267,7571.1
1753600086708,07:08:06.708,phemex,ADA/USDT:USDT,0.8265,13423.19,0.8264,2278.95,0.8266,1471.97,0.8267,7571.1
1753600087162,07:08:07.162,phemex,ADA/USDT:USDT,0.8265,13423.19,0.8264,2278.95,0.8266,1471.97,0.8267,527.21
1753600087328,07:08:07.328,phemex,ADA/USDT:USDT,0.8265,13423.19,0.8264,2278.95,0.8266,944.76,0.8267,527.21
1753600087447,07:08:07.447,phemex,ADA/USDT:USDT,0.8265,13423.19,0.8264,2278.95,0.8266,944.76,0.8267,527.21
1753600087463,07:08:07.463,phemex,ADA/USDT:USDT,0.8265,13423.19,0.8264,2278.95,0.8266,944.76,0.8267,527.21
1753600087714,07:08:07.714,phemex,ADA/USDT:USDT,0.8265,13423.19,0.8264,2278.95,0.8266,1471.97,0.8267,527.21
1753600087736,07:08:07.736,phemex,ADA/USDT:USDT,0.8265,13423.19,0.8264,2278.95,0.8266,1471.97,0.8267,527.21
1753600087845,07:08:07.845,phemex,ADA/USDT:USDT,0.8265,13423.19,0.8264,2278.95,0.8266,944.76,0.8267,527.21
1753600088188,07:08:08.188,phemex,ADA/USDT:USDT,0.8265,13423.19,0.8264,2278.95,0.8266,944.76,0.8267,527.21
1753600088222,07:08:08.222,phemex,ADA/USDT:USDT,0.8265,13423.19,0.8264,2278.95,0.8267,1857.79,0.8268,515.02
1753600088238,07:08:08.238,phemex,ADA/USDT:USDT,0.8266,527.21,0.8265,13423.19,0.8267,1330.58,0.8268,515.02
1753600088259,07:08:08.259,phemex,ADA/USDT:USDT,0.8266,527.21,0.8265,14883.81,0.8267,1330.58,0.8268,515.02
1753600088328,07:08:08.328,phemex,ADA/USDT:USDT,0.8266,13027.21,0.8265,2383.81,0.8267,1330.58,0.8268,515.02
1753600088348,07:08:08.348,phemex,ADA/USDT:USDT,0.8266,13027.21,0.8265,2383.81,0.8267,1330.58,0.8268,515.02
1753600088363,07:08:08.363,phemex,ADA/USDT:USDT,0.8266,13027.21,0.8265,2383.81,0.8267,1330.58,0.8268,515.02
1753600088391,07:08:08.391,phemex,ADA/USDT:USDT,0.8266,13027.21,0.8265,2383.81,0.8267,1330.58,0.8268,515.02
1753600088427,07:08:08.427,phemex,ADA/USDT:USDT,0.8266,13027.21,0.8265,2383.81,0.8268,515.02,0.8269,1594.25
1753600088438,07:08:08.438,phemex,ADA/USDT:USDT,0.8266,13027.21,0.8265,2383.81,0.8268,515.02,0.8269,1594.25
1753600088458,07:08:08.458,phemex,ADA/USDT:USDT,0.8267,527.21,0.8266,13027.21,0.8269,1594.25,0.827,529.42
1753600088476,07:08:08.476,phemex,ADA/USDT:USDT,0.8267,527.21,0.8266,527.21,0.8269,1594.25,0.827,529.42
1753600088495,07:08:08.495,phemex,ADA/USDT:USDT,0.8267,527.21,0.8266,1460.62,0.8268,527.21,0.8269,1594.25
1753600088521,07:08:08.521,phemex,ADA/USDT:USDT,0.8267,527.21,0.8266,1460.62,0.8269,1594.25,0.827,6640.13
1753600088570,07:08:08.570,phemex,ADA/USDT:USDT,0.8267,527.21,0.8266,1460.62,0.8268,529.66,0.8269,1594.25
1753600088620,07:08:08.620,phemex,ADA/USDT:USDT,0.8267,527.21,0.8266,1460.62,0.8268,529.66,0.8269,1594.25
1753600089040,07:08:09.040,phemex,ADA/USDT:USDT,0.8267,527.21,0.8266,1460.62,0.8269,1594.25,0.827,7573.54
1753600089347,07:08:09.347,phemex,ADA/USDT:USDT,0.8267,527.21,0.8266,1460.62,0.8269,1594.25,0.827,7573.54
1753600089847,07:08:09.847,phemex,ADA/USDT:USDT,0.8267,527.21,0.8266,1460.62,0.8268,529.66,0.8269,1594.25
1753600089927,07:08:09.927,phemex,ADA/USDT:USDT,0.8267,527.21,0.8266,1460.62,0.8268,529.66,0.8269,7705.27
1753600089929,07:08:09.929,phemex,ADA/USDT:USDT,0.8267,527.21,0.8266,1460.62,0.8268,529.66,0.8269,8638.39
1753600090009,07:08:10.009,phemex,ADA/USDT:USDT,0.8267,527.21,0.8266,1460.62,0.8268,529.66,0.8269,1594.25
1753600090032,07:08:10.032,phemex,ADA/USDT:USDT,0.8267,527.21,0.8266,1460.62,0.8268,529.66,0.8269,8638.39
1753600090110,07:08:10.110,phemex,ADA/USDT:USDT,0.8267,527.21,0.8266,1460.62,0.8269,8638.39,0.827,7573.54
1753600090120,07:08:10.120,phemex,ADA/USDT:USDT,0.8267,527.21,0.8266,1460.62,0.8269,1594.25,0.827,7573.54
1753600090138,07:08:10.138,phemex,ADA/USDT:USDT,0.8267,527.21,0.8266,1460.62,0.8269,1594.24,0.827,7573.54
1753600090280,07:08:10.280,phemex,ADA/USDT:USDT,0.8267,527.21,0.8266,1460.62,0.8269,1594.24,0.827,529.42
1753600090584,07:08:10.584,phemex,ADA/USDT:USDT,0.8267,527.21,0.8266,1460.62,0.8269,1594.24,0.827,7574.98
1753600090645,07:08:10.645,phemex,ADA/USDT:USDT,0.8267,527.21,0.8266,2380.66,0.8269,1594.24,0.827,7574.98
1753600090792,07:08:10.792,phemex,ADA/USDT:USDT,0.8267,527.21,0.8266,2380.66,0.8269,1594.24,0.827,1462.54
1753600090831,07:08:10.831,phemex,ADA/USDT:USDT,0.8267,527.21,0.8266,2380.66,0.8269,1594.24,0.827,1462.54
1753600090915,07:08:10.915,phemex,ADA/USDT:USDT,0.8267,527.21,0.8266,2380.66,0.8269,1594.24,0.827,529.42
1753600090946,07:08:10.946,phemex,ADA/USDT:USDT,0.8267,527.21,0.8266,2380.66,0.8269,1058.6,0.827,529.42
1753600090961,07:08:10.961,phemex,ADA/USDT:USDT,0.8267,527.21,0.8266,2380.66,0.8269,1588.26,0.827,529.42
1753600090987,07:08:10.987,phemex,ADA/USDT:USDT,0.8267,527.21,0.8266,2380.66,0.8269,1588.26,0.827,529.42
1753600091032,07:08:11.032,phemex,ADA/USDT:USDT,0.8267,527.21,0.8266,2380.66,0.8269,1588.26,0.827,529.42
1753600091046,07:08:11.046,phemex,ADA/USDT:USDT,0.8267,527.21,0.8266,2380.66,0.8269,1588.26,0.827,529.42
1753600091440,07:08:11.440,phemex,ADA/USDT:USDT,0.8267,527.21,0.8266,2380.66,0.8269,1588.26,0.827,1462.54
1753600091484,07:08:11.484,phemex,ADA/USDT:USDT,0.8267,527.21,0.8266,2380.66,0.8269,1588.26,0.827,7576.45
1753600091593,07:08:11.593,phemex,ADA/USDT:USDT,0.8267,527.21,0.8266,2380.66,0.8269,529.66,0.827,7576.45
1753600091608,07:08:11.608,phemex,ADA/USDT:USDT,0.8267,527.21,0.8266,2380.66,0.8269,529.66,0.827,7576.45
1753600092022,07:08:12.022,phemex,ADA/USDT:USDT,0.8267,527.21,0.8266,2380.66,0.8269,529.66,0.827,7576.45
1753600092030,07:08:12.030,phemex,ADA/USDT:USDT,0.8267,527.21,0.8266,2380.66,0.8269,529.66,0.827,7576.45
1753600092215,07:08:12.215,phemex,ADA/USDT:USDT,0.8267,13029.66,0.8266,1447.25,0.8269,529.66,0.827,7576.45
1753600092328,07:08:12.328,phemex,ADA/USDT:USDT,0.8267,12500.0,0.8266,1447.25,0.8269,529.66,0.827,7576.45
1753600092581,07:08:12.581,phemex,ADA/USDT:USDT,0.8266,1447.25,0.8265,2383.81,0.8269,529.66,0.827,7576.45
1753600092898,07:08:12.898,phemex,ADA/USDT:USDT,0.8267,1389.45,0.8266,2661.11,0.8269,529.66,0.827,7576.45
1753600093609,07:08:13.609,phemex,ADA/USDT:USDT,0.8267,1919.11,0.8266,2661.11,0.8269,529.66,0.827,7576.45
1753600093706,07:08:13.706,phemex,ADA/USDT:USDT,0.8267,1919.11,0.8266,3594.23,0.8269,529.66,0.827,7576.45
1753600094627,07:08:14.627,phemex,ADA/USDT:USDT,0.8267,1919.11,0.8266,3594.23,0.8269,529.66,0.827,7576.45
1753600094660,07:08:14.660,phemex,ADA/USDT:USDT,0.8267,1919.11,0.8266,3594.23,0.8269,529.66,0.827,7576.45
1753600094814,07:08:14.814,phemex,ADA/USDT:USDT,0.8267,1389.45,0.8266,2661.11,0.8269,529.66,0.827,7576.45
1753600094821,07:08:14.821,phemex,ADA/USDT:USDT,0.8267,1919.11,0.8266,2661.11,0.8269,529.66,0.827,7576.45
1753600095195,07:08:15.195,phemex,ADA/USDT:USDT,0.8267,529.66,0.8266,2661.11,0.8269,529.66,0.827,7576.45
1753600095203,07:08:15.203,phemex,ADA/USDT:USDT,0.8266,2661.11,0.8265,2383.81,0.8269,529.66,0.827,7576.45
1753600095593,07:08:15.593,phemex,ADA/USDT:USDT,0.8266,2661.11,0.8265,2383.81,0.8269,529.66,0.827,7576.45
1753600095955,07:08:15.955,phemex,ADA/USDT:USDT,0.8266,2661.11,0.8265,2383.81,0.8269,529.66,0.827,8576.5
1753600097219,07:08:17.219,phemex,ADA/USDT:USDT,0.8266,2661.11,0.8265,1450.4,0.8269,672.99,0.827,8576.5
1753600097230,07:08:17.230,phemex,ADA/USDT:USDT,0.8266,2133.9,0.8265,1450.4,0.8269,672.99,0.827,8576.5
1753600097261,07:08:17.261,phemex,ADA/USDT:USDT,0.8266,920.04,0.8265,1450.4,0.8269,672.99,0.827,8576.5
1753600097280,07:08:17.280,phemex,ADA/USDT:USDT,0.8266,920.04,0.8265,1450.4,0.8269,672.99,0.827,8576.5
1753600097289,07:08:17.289,phemex,ADA/USDT:USDT,0.8266,920.04,0.8265,1450.4,0.8269,672.99,0.827,8576.5
1753600097317,07:08:17.317,phemex,ADA/USDT:USDT,0.8266,920.04,0.8265,1450.4,0.8269,672.99,0.827,8576.5
1753600097330,07:08:17.330,phemex,ADA/USDT:USDT,0.8266,920.04,0.8265,1450.4,0.8269,672.99,0.827,8576.5
1753600097627,07:08:17.627,phemex,ADA/USDT:USDT,0.8266,1449.7,0.8265,1450.4,0.8269,672.99,0.827,8576.5
1753600097808,07:08:17.808,phemex,ADA/USDT:USDT,0.8266,1449.7,0.8265,1450.4,0.8269,672.99,0.827,8576.5
1753600097843,07:08:17.843,phemex,ADA/USDT:USDT,0.8266,1449.7,0.8265,1450.4,0.8269,672.99,0.827,8576.5
1753600097963,07:08:17.963,phemex,ADA/USDT:USDT,0.8266,1449.7,0.8265,1450.4,0.8269,672.99,0.827,8576.5
1753600097972,07:08:17.972,phemex,ADA/USDT:USDT,0.8266,1449.7,0.8265,1450.4,0.8269,672.99,0.827,8576.5
1753600098078,07:08:18.078,phemex,ADA/USDT:USDT,0.8266,1449.7,0.8265,1450.4,0.8269,672.99,0.827,8576.5
1753600098487,07:08:18.487,phemex,ADA/USDT:USDT,0.8266,1449.7,0.8265,2383.58,0.8269,672.99,0.827,8576.5
1753600098592,07:08:18.592,phemex,ADA/USDT:USDT,0.8267,526.22,0.8266,1449.7,0.8269,672.99,0.827,8576.5
1753600098639,07:08:18.639,phemex,ADA/USDT:USDT,0.8267,526.22,0.8266,2382.88,0.8269,672.99,0.827,8576.5
1753600099768,07:08:19.768,phemex,ADA/USDT:USDT,0.8267,526.22,0.8266,2382.88,0.8269,672.99,0.827,8576.5
1753600100386,07:08:20.386,phemex,ADA/USDT:USDT,0.8266,1449.7,0.8265,2383.58,0.8269,672.99,0.827,8576.5
1753600100394,07:08:20.394,phemex,ADA/USDT:USDT,0.8266,1449.7,0.8265,2383.58,0.8269,672.99,0.827,8576.5
1753600100533,07:08:20.533,phemex,ADA/USDT:USDT,0.8266,1449.7,0.8265,2383.58,0.8269,672.99,0.827,8576.5
1753600100563,07:08:20.563,phemex,ADA/USDT:USDT,0.8266,1449.7,0.8265,2383.58,0.8269,672.99,0.827,8576.5
1753600101284,07:08:21.284,phemex,ADA/USDT:USDT,0.8266,1449.7,0.8265,2383.58,0.8267,863.54,0.8269,672.99
1753600101302,07:08:21.302,phemex,ADA/USDT:USDT,0.8266,1449.7,0.8265,2383.58,0.8267,1389.76,0.8268,997.04
1753600101325,07:08:21.325,phemex,ADA/USDT:USDT,0.8266,1449.7,0.8265,2383.58,0.8267,1389.76,0.8268,1523.26
1753600101383,07:08:21.383,phemex,ADA/USDT:USDT,0.8266,1449.7,0.8265,2383.58,0.8267,1389.76,0.8268,1523.26
1753600102182,07:08:22.182,phemex,ADA/USDT:USDT,0.8266,1449.7,0.8265,2383.58,0.8267,1389.76,0.8268,1523.26
1753600102213,07:08:22.213,phemex,ADA/USDT:USDT,0.8266,1449.7,0.8265,2383.58,0.8267,1389.76,0.8268,1523.26
1753600102273,07:08:22.273,phemex,ADA/USDT:USDT,0.8266,1449.7,0.8265,2383.58,0.8267,1389.76,0.8268,1523.26
1753600102277,07:08:22.277,phemex,ADA/USDT:USDT,0.8266,1449.7,0.8265,1450.4,0.8267,1389.76,0.8268,1523.26
1753600102479,07:08:22.479,phemex,ADA/USDT:USDT,0.8266,1449.7,0.8265,1450.4,0.8267,1389.76,0.8268,1523.26
1753600102482,07:08:22.482,phemex,ADA/USDT:USDT,0.8266,920.04,0.8265,1450.4,0.8267,1389.76,0.8268,1523.26
1753600102731,07:08:22.731,phemex,ADA/USDT:USDT,0.8266,920.04,0.8265,2801.58,0.8267,1389.76,0.8268,1523.26
1753600102814,07:08:22.814,phemex,ADA/USDT:USDT,0.8266,920.04,0.8265,3734.87,0.8267,1389.76,0.8268,1523.26
1753600102965,07:08:22.965,phemex,ADA/USDT:USDT,0.8266,920.04,0.8265,2801.58,0.8267,1389.76,0.8268,1523.26
1753600103182,07:08:23.182,phemex,ADA/USDT:USDT,0.8266,920.04,0.8265,2801.58,0.8267,1389.76,0.8268,1523.26
1753600103189,07:08:23.189,phemex,ADA/USDT:USDT,0.8266,920.04,0.8265,2801.58,0.8267,1389.76,0.8268,13016.1
1753600103821,07:08:23.821,phemex,ADA/USDT:USDT,0.8266,920.04,0.8265,3734.87,0.8267,1389.76,0.8268,13016.1
1753600104012,07:08:24.012,phemex,ADA/USDT:USDT,0.8266,920.04,0.8265,3734.87,0.8267,1389.76,0.8268,13016.1
1753600104121,07:08:24.121,phemex,ADA/USDT:USDT,0.8266,920.04,0.8265,2801.58,0.8267,1389.76,0.8268,13016.1
1753600104383,07:08:24.383,phemex,ADA/USDT:USDT,0.8266,920.04,0.8265,2801.58,0.8267,1389.76,0.8268,13016.1
1753600105187,07:08:25.187,phemex,ADA/USDT:USDT,0.8266,920.04,0.8265,2801.58,0.8267,1389.76,0.8268,13016.1
1753600105195,07:08:25.195,phemex,ADA/USDT:USDT,0.8266,920.04,0.8265,2801.58,0.8267,1389.76,0.8268,13016.1
1753600105833,07:08:25.833,phemex,ADA/USDT:USDT,0.8266,920.04,0.8265,3734.87,0.8267,1389.76,0.8268,13016.1
1753600105865,07:08:25.865,phemex,ADA/USDT:USDT,0.8266,1446.26,0.8265,3734.87,0.8267,1389.76,0.8268,13016.1
1753600105963,07:08:25.963,phemex,ADA/USDT:USDT,0.8266,1446.26,0.8265,3734.87,0.8267,863.54,0.8268,13016.1
1753600106034,07:08:26.034,phemex,ADA/USDT:USDT,0.8266,1446.26,0.8265,3734.87,0.8267,1389.76,0.8268,13016.1
1753600106063,07:08:26.063,phemex,ADA/USDT:USDT,0.8266,1446.26,0.8265,3734.87,0.8267,1389.76,0.8268,13016.1
1753600106090,07:08:26.090,phemex,ADA/USDT:USDT,0.8266,1446.26,0.8265,3734.87,0.8267,863.54,0.8268,13016.1
1753600106117,07:08:26.117,phemex,ADA/USDT:USDT,0.8266,1446.26,0.8265,3734.87,0.8267,1389.76,0.8268,13016.1
1753600106135,07:08:26.135,phemex,ADA/USDT:USDT,0.8266,1446.26,0.8265,3734.87,0.8267,863.54,0.8268,13016.1
1753600106159,07:08:26.159,phemex,ADA/USDT:USDT,0.8266,1446.26,0.8265,3734.87,0.8267,1389.76,0.8268,13016.1
1753600106190,07:08:26.190,phemex,ADA/USDT:USDT,0.8266,1446.26,0.8265,3734.87,0.8267,1389.76,0.8268,1523.26
1753600106205,07:08:26.205,phemex,ADA/USDT:USDT,0.8266,1446.26,0.8265,3734.87,0.8267,1389.76,0.8268,1523.26
1753600106388,07:08:26.388,phemex,ADA/USDT:USDT,0.8266,1446.26,0.8265,3734.87,0.8267,1389.76,0.8268,1523.26
1753600106438,07:08:26.438,phemex,ADA/USDT:USDT,0.8266,1446.26,0.8265,3734.87,0.8267,1389.76,0.8268,1523.26
1753600106986,07:08:26.986,phemex,ADA/USDT:USDT,0.8266,1446.26,0.8265,3734.87,0.8267,863.54,0.8268,1523.26
1753600107012,07:08:27.012,phemex,ADA/USDT:USDT,0.8266,1446.26,0.8265,3734.87,0.8267,863.54,0.8268,1523.26
1753600107111,07:08:27.111,phemex,ADA/USDT:USDT,0.8266,1446.26,0.8265,3734.87,0.8267,863.54,0.8268,1523.26
1753600107212,07:08:27.212,phemex,ADA/USDT:USDT,0.8266,1446.26,0.8265,3734.87,0.8267,863.54,0.8268,1523.26
1753600107732,07:08:27.732,phemex,ADA/USDT:USDT,0.8266,2557.56,0.8265,3734.87,0.8267,863.54,0.8268,1523.26
1753600107740,07:08:27.740,phemex,ADA/USDT:USDT,0.8266,2557.56,0.8265,3734.87,0.8268,526.22,0.8269,529.66
1753600107765,07:08:27.765,phemex,ADA/USDT:USDT,0.8266,2557.56,0.8265,3734.87,0.8269,529.66,0.827,20083.52
1753600107785,07:08:27.785,phemex,ADA/USDT:USDT,0.8267,526.22,0.8266,2557.56,0.8269,529.66,0.827,20083.52
1753600107844,07:08:27.844,phemex,ADA/USDT:USDT,0.8267,526.22,0.8266,2557.56,0.8269,529.66,0.827,13022.31
1753600107865,07:08:27.865,phemex,ADA/USDT:USDT,0.8267,526.22,0.8266,3490.85,0.8269,529.66,0.827,13022.31
1753600107964,07:08:27.964,phemex,ADA/USDT:USDT,0.8267,526.22,0.8266,3490.85,0.8269,529.66,0.827,19150.4
1753600107996,07:08:27.996,phemex,ADA/USDT:USDT,0.8267,526.22,0.8266,3490.85,0.8269,529.66,0.827,20083.69
1753600108036,07:08:28.036,phemex,ADA/USDT:USDT,0.8267,526.22,0.8266,3490.85,0.8269,529.66,0.827,19150.4
1753600108042,07:08:28.042,phemex,ADA/USDT:USDT,0.8267,526.22,0.8266,3490.85,0.8269,529.66,0.827,13022.31
1753600108065,07:08:28.065,phemex,ADA/USDT:USDT,0.8267,526.22,0.8266,3490.85,0.8269,529.66,0.827,13022.31
1753600108116,07:08:28.116,phemex,ADA/USDT:USDT,0.8267,526.22,0.8266,3490.85,0.8269,529.66,0.827,19150.4
1753600108147,07:08:28.147,phemex,ADA/USDT:USDT,0.8267,526.22,0.8266,3490.85,0.8269,529.66,0.827,20083.69
1753600108215,07:08:28.215,phemex,ADA/USDT:USDT,0.8267,526.22,0.8266,3490.85,0.8269,529.66,0.827,20083.69
1753600109079,07:08:29.079,phemex,ADA/USDT:USDT,0.8267,526.22,0.8266,3490.85,0.8269,529.66,0.827,20083.69
1753600109241,07:08:29.241,phemex,ADA/USDT:USDT,0.8267,526.22,0.8266,3490.85,0.8269,529.66,0.827,20083.69
1753600109241,07:08:29.241,phemex,ADA/USDT:USDT,0.8267,526.22,0.8266,3490.85,0.8269,529.66,0.827,20083.69
1753600109270,07:08:29.270,phemex,ADA/USDT:USDT,0.8267,526.22,0.8266,3490.85,0.8269,529.66,0.827,20083.69
1753600109652,07:08:29.652,phemex,ADA/USDT:USDT,0.8267,526.22,0.8266,3490.85,0.8269,529.66,0.827,20083.69
1753600109679,07:08:29.679,phemex,ADA/USDT:USDT,0.8267,526.22,0.8266,2557.56,0.8269,529.66,0.827,20083.69
1753600109712,07:08:29.712,phemex,ADA/USDT:USDT,0.8267,526.22,0.8266,2557.56,0.8269,529.66,0.827,20083.69
1753600109858,07:08:29.858,phemex,ADA/USDT:USDT,0.8267,526.22,0.8266,3490.68,0.8269,529.66,0.827,20083.69
1753600109930,07:08:29.930,phemex,ADA/USDT:USDT,0.8267,514.4,0.8266,3490.68,0.8269,529.66,0.827,20083.69
1753600109993,07:08:29.993,phemex,ADA/USDT:USDT,0.8267,514.4,0.8266,3490.68,0.8269,529.66,0.827,20083.69
1753600110015,07:08:30.015,phemex,ADA/USDT:USDT,0.8267,514.4,0.8266,3490.68,0.8269,529.66,0.827,20083.69
1753600110032,07:08:30.032,phemex,ADA/USDT:USDT,0.8267,514.4,0.8266,3490.68,0.8269,529.66,0.827,20083.69
1753600110195,07:08:30.195,phemex,ADA/USDT:USDT,0.8266,3490.68,0.8265,3734.87,0.8269,529.66,0.827,20083.69
1753600110212,07:08:30.212,phemex,ADA/USDT:USDT,0.8266,2557.56,0.8265,3734.87,0.8269,529.66,0.827,20083.69
1753600110296,07:08:30.296,phemex,ADA/USDT:USDT,0.8267,514.4,0.8266,2557.56,0.8269,529.66,0.827,20083.69
1753600110331,07:08:30.331,phemex,ADA/USDT:USDT,0.8267,514.4,0.8266,3490.74,0.8269,529.65,0.827,20083.69
1753600110531,07:08:30.531,phemex,ADA/USDT:USDT,0.8267,514.4,0.8266,3490.74,0.8269,529.65,0.827,20083.69
1753600110564,07:08:30.564,phemex,ADA/USDT:USDT,0.8266,2557.56,0.8265,3734.87,0.8269,529.65,0.827,20083.69
1753600111154,07:08:31.154,phemex,ADA/USDT:USDT,0.8266,2031.34,0.8265,3734.87,0.8269,529.65,0.827,20083.69
1753600111376,07:08:31.376,phemex,ADA/USDT:USDT,0.8266,2031.34,0.8265,2801.58,0.8269,672.98,0.827,20083.69
1753600111421,07:08:31.421,phemex,ADA/USDT:USDT,0.8266,2031.34,0.8265,2801.58,0.8269,672.98,0.827,20083.69
1753600111470,07:08:31.470,phemex,ADA/USDT:USDT,0.8266,920.04,0.8265,1450.4,0.8269,12165.82,0.827,8590.85
1753600111621,07:08:31.621,phemex,ADA/USDT:USDT,0.8266,920.04,0.8265,1450.4,0.8269,12165.82,0.827,8590.85
1753600111710,07:08:31.710,phemex,ADA/USDT:USDT,0.8266,1434.44,0.8265,1450.4,0.8269,12165.82,0.827,8590.85
1753600111736,07:08:31.736,phemex,ADA/USDT:USDT,0.8266,1434.44,0.8265,2383.58,0.8269,12165.82,0.827,8590.85
1753600111926,07:08:31.926,phemex,ADA/USDT:USDT,0.8266,920.04,0.8265,1450.4,0.8269,12165.82,0.827,8590.85
1753600112073,07:08:32.073,phemex,ADA/USDT:USDT,0.8266,920.04,0.8265,1450.4,0.8269,12165.82,0.827,8590.85
1753600112854,07:08:32.854,phemex,ADA/USDT:USDT,0.8266,920.04,0.8265,1450.4,0.8269,13574.13,0.827,8590.85
1753600112855,07:08:32.855,phemex,ADA/USDT:USDT,0.8266,920.04,0.8265,1450.4,0.8268,1386.35,0.8269,13574.13
1753600112902,07:08:32.902,phemex,ADA/USDT:USDT,0.8266,920.04,0.8265,1450.4,0.8268,1900.75,0.8269,14363.98
1753600112939,07:08:32.939,phemex,ADA/USDT:USDT,0.8266,920.04,0.8265,1450.4,0.8268,1900.75,0.8269,20499.17
1753600113038,07:08:33.038,phemex,ADA/USDT:USDT,0.8266,920.04,0.8265,1450.4,0.8268,1900.75,0.8269,20499.17
1753600113230,07:08:33.230,phemex,ADA/USDT:USDT,0.8266,920.04,0.8265,2383.58,0.8268,1900.75,0.8269,20499.17
1753600113245,07:08:33.245,phemex,ADA/USDT:USDT,0.8266,920.04,0.8265,1450.4,0.8268,1900.75,0.8269,20499.17
1753600113755,07:08:33.755,phemex,ADA/USDT:USDT,0.8266,920.04,0.8265,1450.4,0.8268,514.4,0.8269,20499.17
1753600114035,07:08:34.035,phemex,ADA/USDT:USDT,0.8266,920.04,0.8265,2383.64,0.8268,514.4,0.8269,20499.17
1753600114509,07:08:34.509,phemex,ADA/USDT:USDT,0.8266,920.04,0.8265,1450.4,0.8268,514.4,0.8269,20499.17
1753600114697,07:08:34.697,phemex,ADA/USDT:USDT,0.8266,920.04,0.8265,1450.4,0.8268,514.4,0.8269,20499.17
1753600114801,07:08:34.801,phemex,ADA/USDT:USDT,0.8266,920.04,0.8265,923.19,0.8268,514.4,0.8269,20499.17
1753600114806,07:08:34.806,phemex,ADA/USDT:USDT,0.8266,920.04,0.8265,923.19,0.8268,514.4,0.8269,20499.17
1753600114834,07:08:34.834,phemex,ADA/USDT:USDT,0.8266,920.04,0.8265,923.19,0.8268,514.4,0.8269,20499.17
1753600114860,07:08:34.860,phemex,ADA/USDT:USDT,0.8266,920.04,0.8265,923.19,0.8268,514.4,0.8269,20499.17
1753600114875,07:08:34.875,phemex,ADA/USDT:USDT,0.8265,923.19,0.8264,1863.84,0.8268,657.73,0.8269,20499.17
1753600114898,07:08:34.898,phemex,ADA/USDT:USDT,0.8265,923.19,0.8264,1336.63,0.8268,657.73,0.8269,20499.17
1753600114911,07:08:34.911,phemex,ADA/USDT:USDT,0.8265,923.19,0.8264,1336.63,0.8268,657.73,0.8269,20499.17
1753600114927,07:08:34.927,phemex,ADA/USDT:USDT,0.8265,923.19,0.8264,1851.03,0.8268,657.73,0.8269,20499.17
1753600114945,07:08:34.945,phemex,ADA/USDT:USDT,0.8265,923.19,0.8264,1851.03,0.8268,657.73,0.8269,20499.17
1753600116013,07:08:36.013,phemex,ADA/USDT:USDT,0.8265,923.19,0.8264,1851.03,0.8268,657.73,0.8269,20499.17
1753600116176,07:08:36.176,phemex,ADA/USDT:USDT,0.8265,1437.59,0.8264,1851.03,0.8268,657.73,0.8269,20499.17
1753600116201,07:08:36.201,phemex,ADA/USDT:USDT,0.8265,1437.59,0.8264,2784.32,0.8268,657.73,0.8269,20499.17
1753600116205,07:08:36.205,phemex,ADA/USDT:USDT,0.8265,1437.59,0.8264,2784.32,0.8268,657.73,0.8269,20499.17
1753600117980,07:08:37.980,phemex,ADA/USDT:USDT,0.8265,1437.59,0.8264,2784.32,0.8266,945.93,0.8267,1011.79
1753600118002,07:08:38.002,phemex,ADA/USDT:USDT,0.8265,1437.59,0.8264,2784.32,0.8266,1460.33,0.8267,8087.02
1753600118024,07:08:38.024,phemex,ADA/USDT:USDT,0.8265,1437.59,0.8264,2784.32,0.8266,1460.33,0.8267,8601.42
1753600118062,07:08:38.062,phemex,ADA/USDT:USDT,0.8265,1437.59,0.8264,2784.32,0.8266,1460.33,0.8267,8601.42
1753600118788,07:08:38.788,phemex,ADA/USDT:USDT,0.8265,923.19,0.8264,2784.32,0.8266,1460.33,0.8267,8601.42
1753600119480,07:08:39.480,phemex,ADA/USDT:USDT,0.8265,1443.65,0.8264,2784.32,0.8266,1460.33,0.8267,8601.42
1753600119496,07:08:39.496,phemex,ADA/USDT:USDT,0.8265,923.19,0.8264,2784.32,0.8266,1460.33,0.8267,8601.42
1753600119595,07:08:39.595,phemex,ADA/USDT:USDT,0.8265,923.19,0.8264,2784.32,0.8266,1460.33,0.8267,8601.42
1753600119935,07:08:39.935,phemex,ADA/USDT:USDT,0.8265,1443.65,0.8264,2784.32,0.8266,1460.33,0.8267,8601.42
1753600120708,07:08:40.708,phemex,ADA/USDT:USDT,0.8265,1443.65,0.8264,2784.32,0.8266,945.93,0.8267,1526.19
1753600120725,07:08:40.725,phemex,ADA/USDT:USDT,0.8265,1443.65,0.8264,2784.32,0.8266,945.93,0.8267,1526.19
1753600120783,07:08:40.783,phemex,ADA/USDT:USDT,0.8265,1443.65,0.8264,2784.32,0.8266,945.93,0.8267,1526.19
1753600120841,07:08:40.841,phemex,ADA/USDT:USDT,0.8265,13943.65,0.8264,2784.32,0.8266,945.93,0.8267,1526.19
1753600120877,07:08:40.877,phemex,ADA/USDT:USDT,0.8265,13943.65,0.8264,2784.32,0.8266,945.93,0.8267,1011.79
1753600120915,07:08:40.915,phemex,ADA/USDT:USDT,0.8265,13943.65,0.8264,2784.32,0.8266,945.93,0.8267,1011.79
1753600120994,07:08:40.994,phemex,ADA/USDT:USDT,0.8265,13943.65,0.8264,2784.32,0.8266,945.93,0.8267,1532.25
1753600121027,07:08:41.027,phemex,ADA/USDT:USDT,0.8265,13943.65,0.8264,2784.32,0.8266,945.93,0.8267,1532.25
1753600121030,07:08:41.030,phemex,ADA/USDT:USDT,0.8265,13943.65,0.8264,2784.32,0.8266,945.93,0.8267,1532.25
1753600121076,07:08:41.076,phemex,ADA/USDT:USDT,0.8265,13943.65,0.8264,2784.32,0.8266,945.93,0.8267,1532.25
1753600121857,07:08:41.857,phemex,ADA/USDT:USDT,0.8265,13943.65,0.8264,2784.32,0.8266,945.93,0.8267,1011.79
1753600121882,07:08:41.882,phemex,ADA/USDT:USDT,0.8265,13943.65,0.8264,2784.32,0.8266,945.93,0.8267,1011.79
1753600121944,07:08:41.944,phemex,ADA/USDT:USDT,0.8265,13943.65,0.8264,2784.32,0.8266,945.93,0.8267,1532.25
1753600122016,07:08:42.016,phemex,ADA/USDT:USDT,0.8265,13943.65,0.8264,2784.32,0.8266,945.93,0.8267,1532.25
1753600122069,07:08:42.069,phemex,ADA/USDT:USDT,0.8265,13943.65,0.8264,2784.32,0.8266,945.93,0.8267,1532.25
1753600122087,07:08:42.087,phemex,ADA/USDT:USDT,0.8265,13943.65,0.8264,2784.32,0.8266,945.93,0.8267,1532.25
1753600122175,07:08:42.175,phemex,ADA/USDT:USDT,0.8265,14016.28,0.8264,2784.32,0.8268,5630.04,0.8269,14364.21
1753600122196,07:08:42.196,phemex,ADA/USDT:USDT,0.8266,520.46,0.8265,14016.28,0.8268,5630.04,0.8269,13430.8
1753600122218,07:08:42.218,phemex,ADA/USDT:USDT,0.8266,520.46,0.8265,2449.69,0.8268,5630.04,0.8269,8083.0
1753600122240,07:08:42.240,phemex,ADA/USDT:USDT,0.8266,520.46,0.8265,2377.06,0.8268,5630.04,0.8269,9016.41
1753600122289,07:08:42.289,phemex,ADA/USDT:USDT,0.8266,520.46,0.8265,2377.06,0.8268,5630.04,0.8269,9016.41
1753600122410,07:08:42.410,phemex,ADA/USDT:USDT,0.8266,520.46,0.8265,2377.06,0.8268,5630.04,0.8269,9016.41
1753600123408,07:08:43.408,phemex,ADA/USDT:USDT,0.8266,520.46,0.8265,2377.06,0.8268,5630.04,0.8269,1937.96
1753600123439,07:08:43.439,phemex,ADA/USDT:USDT,0.8266,520.46,0.8265,2377.06,0.8268,5630.04,0.8269,1937.96
1753600123491,07:08:43.491,phemex,ADA/USDT:USDT,0.8266,520.46,0.8265,2377.06,0.8268,5630.04,0.8269,1937.96
1753600123514,07:08:43.514,phemex,ADA/USDT:USDT,0.8266,593.09,0.8265,2377.06,0.8268,5630.04,0.8269,1937.96
1753600123525,07:08:43.525,phemex,ADA/USDT:USDT,0.8266,593.09,0.8265,2377.06,0.8268,5630.04,0.8269,1937.96
1753600123530,07:08:43.530,phemex,ADA/USDT:USDT,0.8267,520.46,0.8266,593.09,0.8268,5630.04,0.8269,1937.96
1753600123599,07:08:43.599,phemex,ADA/USDT:USDT,0.8267,520.46,0.8266,1453.7,0.8268,5630.04,0.8269,1937.96
1753600123649,07:08:43.649,phemex,ADA/USDT:USDT,0.8267,520.46,0.8266,1453.7,0.8268,5630.04,0.8269,1937.96
1753600123700,07:08:43.700,phemex,ADA/USDT:USDT,0.8267,520.46,0.8266,1453.7,0.8268,5630.04,0.8269,1937.96
1753600123722,07:08:43.722,phemex,ADA/USDT:USDT,0.8267,520.46,0.8266,1453.7,0.8268,5630.04,0.8269,1937.96
1753600123791,07:08:43.791,phemex,ADA/USDT:USDT,0.8267,520.46,0.8266,1453.7,0.8268,5630.04,0.8269,1937.96
1753600124142,07:08:44.142,phemex,ADA/USDT:USDT,0.8267,520.46,0.8266,1453.7,0.8268,5630.04,0.8269,1937.96
1753600124150,07:08:44.150,phemex,ADA/USDT:USDT,0.8267,520.46,0.8266,1453.7,0.8268,5630.04,0.8269,1937.96
1753600124192,07:08:44.192,phemex,ADA/USDT:USDT,0.8267,520.46,0.8266,1453.7,0.8268,5630.04,0.8269,1937.96
1753600124396,07:08:44.396,phemex,ADA/USDT:USDT,0.8267,520.46,0.8266,1453.7,0.8268,5630.04,0.8269,1937.96
1753600124558,07:08:44.558,phemex,ADA/USDT:USDT,0.8266,1453.7,0.8265,2377.06,0.8268,5630.04,0.8269,9015.75
1753600124585,07:08:44.585,phemex,ADA/USDT:USDT,0.8266,593.09,0.8265,2377.06,0.8268,5630.04,0.8269,9015.75
1753600124912,07:08:44.912,phemex,ADA/USDT:USDT,0.8267,520.46,0.8266,1453.64,0.8268,5630.04,0.8269,9015.75
1753600125056,07:08:45.056,phemex,ADA/USDT:USDT,0.8267,520.46,0.8266,1453.64,0.8268,5630.04,0.8269,9015.75
1753600125801,07:08:45.801,phemex,ADA/USDT:USDT,0.8267,1739.08,0.8266,2900.9,0.8268,5630.04,0.8269,1937.96
1753600125812,07:08:45.812,phemex,ADA/USDT:USDT,0.8267,1739.08,0.8266,2900.9,0.8268,5630.04,0.8269,2871.14
1753600125852,07:08:45.852,phemex,ADA/USDT:USDT,0.8267,1739.08,0.8266,2900.9,0.8268,5630.04,0.8269,1937.96
1753600125868,07:08:45.868,phemex,ADA/USDT:USDT,0.8267,1739.08,0.8266,2900.9,0.8268,5630.04,0.8269,1937.96
1753600125901,07:08:45.901,phemex,ADA/USDT:USDT,0.8267,1739.08,0.8266,2900.9,0.8268,5630.04,0.8269,1937.96
1753600126465,07:08:46.465,phemex,ADA/USDT:USDT,0.8267,1739.08,0.8266,2900.9,0.8268,5630.03,0.8269,1937.96
1753600126871,07:08:46.871,phemex,ADA/USDT:USDT,0.8267,1739.08,0.8266,2900.9,0.8268,5115.64,0.8269,1937.96
1753600127379,07:08:47.379,phemex,ADA/USDT:USDT,0.8267,1739.08,0.8266,2900.9,0.8268,5115.64,0.8269,1937.96
1753600127398,07:08:47.398,phemex,ADA/USDT:USDT,0.8267,1739.08,0.8266,2900.9,0.8268,5115.64,0.8269,1937.96
1753600127419,07:08:47.419,phemex,ADA/USDT:USDT,0.8267,14239.08,0.8266,2900.9,0.8268,5115.64,0.8269,1408.31
1753600127429,07:08:47.429,phemex,ADA/USDT:USDT,0.8267,14239.08,0.8266,3837.42,0.8268,1035.56,0.8269,1408.31
1753600127456,07:08:47.456,phemex,ADA/USDT:USDT,0.8267,14239.08,0.8266,3837.42,0.8268,1035.56,0.8269,1408.31
1753600127571,07:08:47.571,phemex,ADA/USDT:USDT,0.8267,14239.08,0.8266,3837.42,0.8268,1035.56,0.8269,1408.31
1753600127692,07:08:47.692,phemex,ADA/USDT:USDT,0.8267,14239.08,0.8266,3837.42,0.8268,1035.56,0.8269,1408.31
1753600127904,07:08:47.904,phemex,ADA/USDT:USDT,0.8267,14239.08,0.8266,3837.42,0.8268,1035.56,0.8269,1928.77
1753600128036,07:08:48.036,phemex,ADA/USDT:USDT,0.8267,14239.08,0.8266,3837.42,0.8268,1035.56,0.8269,1928.77
1753600128162,07:08:48.162,phemex,ADA/USDT:USDT,0.8267,14239.08,0.8266,3837.42,0.8269,1910.71,0.827,1633.89
1753600128197,07:08:48.197,phemex,ADA/USDT:USDT,0.8268,520.46,0.8267,14239.08,0.8269,1910.71,0.827,1633.89
1753600128311,07:08:48.311,phemex,ADA/USDT:USDT,0.8268,520.46,0.8267,14239.08,0.8269,1390.25,0.827,1633.89
1753600128674,07:08:48.674,phemex,ADA/USDT:USDT,0.8268,520.46,0.8267,14239.08,0.8269,1390.25,0.827,1633.89
1753600129194,07:08:49.194,phemex,ADA/USDT:USDT,0.8268,520.46,0.8267,14239.08,0.8269,1390.25,0.827,1633.89
1753600129943,07:08:49.943,phemex,ADA/USDT:USDT,0.8268,520.46,0.8267,14239.08,0.8269,1920.3,0.827,1633.89
