timestamp,time,exchange,symbol,bid1_price,bid1_volume,bid2_price,bid2_volume,ask1_price,ask1_volume,ask2_price,ask2_volume
1753599991216,07:06:31.216,phemex,AERGO/USDT:USDT,0.13343,182.0,0.13342,1041.0,0.13347,189.0,0.13348,709.0
1753599997442,07:06:37.442,phemex,AERGO/USDT:USDT,0.13343,1171.0,0.13342,1041.0,0.13347,189.0,0.13348,1514.0
1753599997454,07:06:37.454,phemex,AERGO/USDT:USDT,0.13344,184.0,0.13343,989.0,0.13347,189.0,0.13348,1514.0
1753599998416,07:06:38.416,phemex,AERGO/USDT:USDT,0.13344,184.0,0.13343,989.0,0.13348,1514.0,0.13349,1180.0
1753599998640,07:06:38.640,phemex,AERGO/USDT:USDT,0.1334,1039.0,0.13339,182.0,0.13347,184.0,0.13348,1514.0
1753599998682,07:06:38.682,phemex,AERGO/USDT:USDT,0.13341,184.0,0.1334,1039.0,0.13347,184.0,0.13348,1514.0
1753599998777,07:06:38.777,phemex,AERGO/USDT:USDT,0.1334,1039.0,0.13339,182.0,0.13347,184.0,0.13348,1514.0
1753599998805,07:06:38.805,phemex,AERGO/USDT:USDT,0.13341,184.0,0.1334,1039.0,0.13347,184.0,0.13348,1514.0
1753599998893,07:06:38.893,phemex,AERGO/USDT:USDT,0.1334,1039.0,0.13339,182.0,0.13347,184.0,0.13348,1514.0
1753599999082,07:06:39.082,phemex,AERGO/USDT:USDT,0.13341,184.0,0.1334,1039.0,0.13347,184.0,0.13348,1514.0
1753600000628,07:06:40.628,phemex,AERGO/USDT:USDT,0.13341,184.0,0.1334,1039.0,0.13347,184.0,0.13348,1514.0
1753600000693,07:06:40.693,phemex,AERGO/USDT:USDT,0.13341,184.0,0.1334,1039.0,0.13347,184.0,0.13348,1514.0
1753600000794,07:06:40.794,phemex,AERGO/USDT:USDT,0.13341,184.0,0.1334,1039.0,0.13347,184.0,0.13348,1514.0
1753600000868,07:06:40.868,phemex,AERGO/USDT:USDT,0.13341,184.0,0.1334,1039.0,0.13347,184.0,0.13348,1514.0
1753600000981,07:06:40.981,phemex,AERGO/USDT:USDT,0.13341,184.0,0.1334,1039.0,0.13347,184.0,0.13348,1514.0
1753600001334,07:06:41.334,phemex,AERGO/USDT:USDT,0.13341,184.0,0.1334,1039.0,0.13347,184.0,0.13348,1514.0
1753600001762,07:06:41.762,phemex,AERGO/USDT:USDT,0.1334,1039.0,0.13337,189.0,0.13347,184.0,0.13348,1514.0
1753600002853,07:06:42.853,phemex,AERGO/USDT:USDT,0.13341,186.0,0.1334,1039.0,0.13347,184.0,0.13348,1514.0
1753600003131,07:06:43.131,phemex,AERGO/USDT:USDT,0.1334,1039.0,0.13335,189.0,0.13347,184.0,0.13348,1514.0
1753600003545,07:06:43.545,phemex,AERGO/USDT:USDT,0.13341,186.0,0.1334,1039.0,0.13347,184.0,0.13348,1514.0
1753600005580,07:06:45.580,phemex,AERGO/USDT:USDT,0.1334,1039.0,0.13335,189.0,0.13347,184.0,0.13348,1514.0
1753600005731,07:06:45.731,phemex,AERGO/USDT:USDT,0.1334,1039.0,0.13335,189.0,0.13347,184.0,0.13348,1514.0
1753600005758,07:06:45.758,phemex,AERGO/USDT:USDT,0.1334,1039.0,0.13335,189.0,0.13347,184.0,0.13348,1514.0
1753600006992,07:06:46.992,phemex,AERGO/USDT:USDT,0.13341,1273.0,0.1334,1902.0,0.13347,184.0,0.13348,1514.0
1753600007082,07:06:47.082,phemex,AERGO/USDT:USDT,0.13341,1273.0,0.1334,1902.0,0.13347,184.0,0.13348,1514.0
1753600008017,07:06:48.017,phemex,AERGO/USDT:USDT,0.13341,1273.0,0.1334,1902.0,0.13347,184.0,0.13348,1514.0
1753600008334,07:06:48.334,phemex,AERGO/USDT:USDT,0.13341,1273.0,0.1334,1902.0,0.13347,184.0,0.13348,1514.0
1753600012868,07:06:52.868,phemex,AERGO/USDT:USDT,0.13341,1273.0,0.1334,1902.0,0.13346,1087.0,0.13347,184.0
1753600012897,07:06:52.897,phemex,AERGO/USDT:USDT,0.13341,1273.0,0.1334,1902.0,0.13345,186.0,0.13346,1087.0
1753600013290,07:06:53.290,phemex,AERGO/USDT:USDT,0.13341,1273.0,0.1334,1902.0,0.13345,186.0,0.13346,1087.0
1753600014013,07:06:54.013,phemex,AERGO/USDT:USDT,0.13341,1273.0,0.1334,1902.0,0.13345,186.0,0.13346,1087.0
1753600014047,07:06:54.047,phemex,AERGO/USDT:USDT,0.13341,1273.0,0.1334,1902.0,0.13345,186.0,0.13346,1087.0
1753600014553,07:06:54.553,phemex,AERGO/USDT:USDT,0.13341,1273.0,0.1334,1902.0,0.13345,186.0,0.13346,1087.0
1753600014588,07:06:54.588,phemex,AERGO/USDT:USDT,0.13341,313.0,0.1334,1902.0,0.13345,186.0,0.13346,1087.0
1753600015429,07:06:55.429,phemex,AERGO/USDT:USDT,0.13341,313.0,0.1334,863.0,0.13345,186.0,0.13346,1087.0
1753600015430,07:06:55.430,phemex,AERGO/USDT:USDT,0.13336,625.0,0.13334,1825.0,0.13345,186.0,0.13346,1087.0
1753600015545,07:06:55.545,phemex,AERGO/USDT:USDT,0.13337,186.0,0.13336,625.0,0.13345,186.0,0.13346,1087.0
1753600015614,07:06:55.614,phemex,AERGO/USDT:USDT,0.13337,186.0,0.13336,625.0,0.13345,186.0,0.13346,1087.0
1753600018039,07:06:58.039,phemex,AERGO/USDT:USDT,0.13337,186.0,0.13336,625.0,0.13344,989.0,0.13345,186.0
1753600018079,07:06:58.079,phemex,AERGO/USDT:USDT,0.13337,186.0,0.13336,625.0,0.13343,186.0,0.13344,989.0
1753600020561,07:07:00.561,phemex,AERGO/USDT:USDT,0.1334,1718.0,0.13337,186.0,0.13343,186.0,0.13344,989.0
1753600020635,07:07:00.635,phemex,AERGO/USDT:USDT,0.13341,186.0,0.1334,1718.0,0.13344,989.0,0.13345,186.0
1753600020904,07:07:00.904,phemex,AERGO/USDT:USDT,0.13341,186.0,0.1334,1718.0,0.13344,989.0,0.13345,186.0
1753600020943,07:07:00.943,phemex,AERGO/USDT:USDT,0.13341,186.0,0.1334,1718.0,0.13344,989.0,0.13345,186.0
1753600023201,07:07:03.201,phemex,AERGO/USDT:USDT,0.1334,1718.0,0.13337,186.0,0.13343,182.0,0.13344,989.0
1753600025359,07:07:05.359,phemex,AERGO/USDT:USDT,0.1334,1518.0,0.13337,186.0,0.13343,182.0,0.13344,989.0
1753600027308,07:07:07.308,phemex,AERGO/USDT:USDT,0.13341,182.0,0.1334,1518.0,0.13343,182.0,0.13344,989.0
1753600027333,07:07:07.333,phemex,AERGO/USDT:USDT,0.13341,182.0,0.1334,1518.0,0.13344,989.0,0.13345,186.0
1753600029220,07:07:09.220,phemex,AERGO/USDT:USDT,0.13341,182.0,0.1334,1518.0,0.13343,182.0,0.13344,989.0
1753600029248,07:07:09.248,phemex,AERGO/USDT:USDT,0.1334,1518.0,0.13337,186.0,0.13343,182.0,0.13344,989.0
1753600029386,07:07:09.386,phemex,AERGO/USDT:USDT,0.13341,182.0,0.1334,1518.0,0.13343,182.0,0.13344,989.0
1753600029404,07:07:09.404,phemex,AERGO/USDT:USDT,0.13341,182.0,0.1334,1518.0,0.13344,989.0,0.13345,186.0
1753600029528,07:07:09.528,phemex,AERGO/USDT:USDT,0.13341,182.0,0.1334,1518.0,0.13343,182.0,0.13344,989.0
1753600029550,07:07:09.550,phemex,AERGO/USDT:USDT,0.1334,1518.0,0.13337,186.0,0.13343,182.0,0.13344,989.0
1753600029840,07:07:09.840,phemex,AERGO/USDT:USDT,0.13341,182.0,0.1334,1518.0,0.13343,182.0,0.13344,989.0
1753600029864,07:07:09.864,phemex,AERGO/USDT:USDT,0.13341,182.0,0.1334,1518.0,0.13344,989.0,0.13345,186.0
1753600030750,07:07:10.750,phemex,AERGO/USDT:USDT,0.13341,182.0,0.1334,1518.0,0.13343,182.0,0.13344,989.0
1753600030770,07:07:10.770,phemex,AERGO/USDT:USDT,0.1334,1518.0,0.13337,186.0,0.13343,182.0,0.13344,989.0
1753600031106,07:07:11.106,phemex,AERGO/USDT:USDT,0.13341,182.0,0.1334,1518.0,0.13343,182.0,0.13344,989.0
1753600031133,07:07:11.133,phemex,AERGO/USDT:USDT,0.13341,182.0,0.1334,1518.0,0.13344,989.0,0.13345,186.0
1753600031518,07:07:11.518,phemex,AERGO/USDT:USDT,0.13341,182.0,0.1334,1518.0,0.13344,927.0,0.13345,186.0
1753600033255,07:07:13.255,phemex,AERGO/USDT:USDT,0.13341,182.0,0.1334,1518.0,0.13343,181.0,0.13344,927.0
1753600033274,07:07:13.274,phemex,AERGO/USDT:USDT,0.13341,182.0,0.1334,1518.0,0.13344,927.0,0.13345,186.0
1753600033368,07:07:13.368,phemex,AERGO/USDT:USDT,0.1334,1518.0,0.13337,186.0,0.13343,181.0,0.13344,927.0
1753600033591,07:07:13.591,phemex,AERGO/USDT:USDT,0.13338,1048.0,0.13337,186.0,0.13341,621.0,0.13342,778.0
1753600033617,07:07:13.617,phemex,AERGO/USDT:USDT,0.13338,1048.0,0.13337,186.0,0.13342,778.0,0.13343,1274.0
1753600033652,07:07:13.652,phemex,AERGO/USDT:USDT,0.13339,181.0,0.13338,1048.0,0.13342,778.0,0.13343,1274.0
1753600033724,07:07:13.724,phemex,AERGO/USDT:USDT,0.13339,181.0,0.13338,1048.0,0.13341,181.0,0.13342,778.0
1753600034009,07:07:14.009,phemex,AERGO/USDT:USDT,0.13338,1048.0,0.13337,186.0,0.13342,778.0,0.13343,1274.0
1753600034105,07:07:14.105,phemex,AERGO/USDT:USDT,0.13338,1048.0,0.13337,186.0,0.13342,778.0,0.13343,1274.0
1753600034224,07:07:14.224,phemex,AERGO/USDT:USDT,0.13338,1048.0,0.13337,186.0,0.13341,181.0,0.13342,778.0
1753600034330,07:07:14.330,phemex,AERGO/USDT:USDT,0.13339,181.0,0.13338,1048.0,0.13341,181.0,0.13342,778.0
1753600034464,07:07:14.464,phemex,AERGO/USDT:USDT,0.13339,181.0,0.13338,1048.0,0.13342,778.0,0.13343,1274.0
1753600034669,07:07:14.669,phemex,AERGO/USDT:USDT,0.13338,1048.0,0.13337,186.0,0.13341,181.0,0.13342,778.0
1753600034683,07:07:14.683,phemex,AERGO/USDT:USDT,0.13338,1048.0,0.13337,186.0,0.13341,181.0,0.13342,778.0
1753600035617,07:07:15.617,phemex,AERGO/USDT:USDT,0.13338,1031.0,0.13337,186.0,0.13341,181.0,0.13342,778.0
1753600048602,07:07:28.602,phemex,AERGO/USDT:USDT,0.1334,876.0,0.13338,1031.0,0.13341,181.0,0.13342,778.0
1753600048602,07:07:28.602,phemex,AERGO/USDT:USDT,0.1334,876.0,0.13338,1031.0,0.13341,181.0,0.13342,778.0
1753600049677,07:07:29.677,phemex,AERGO/USDT:USDT,0.1334,876.0,0.13338,1031.0,0.13341,181.0,0.13342,778.0
1753600049733,07:07:29.733,phemex,AERGO/USDT:USDT,0.1334,876.0,0.13338,1031.0,0.13341,181.0,0.13342,778.0
1753600050291,07:07:30.291,phemex,AERGO/USDT:USDT,0.1334,876.0,0.13338,1031.0,0.13342,778.0,0.13343,1274.0
1753600050501,07:07:30.501,phemex,AERGO/USDT:USDT,0.1334,876.0,0.13338,1031.0,0.13342,778.0,0.13343,1274.0
1753600051707,07:07:31.707,phemex,AERGO/USDT:USDT,0.13334,955.0,0.13333,181.0,0.13341,185.0,0.13342,778.0
1753600051733,07:07:31.733,phemex,AERGO/USDT:USDT,0.13335,185.0,0.13334,955.0,0.13341,185.0,0.13342,778.0
1753600052356,07:07:32.356,phemex,AERGO/USDT:USDT,0.13335,185.0,0.13334,955.0,0.13341,185.0,0.13342,778.0
1753600052453,07:07:32.453,phemex,AERGO/USDT:USDT,0.13335,185.0,0.1333,1051.0,0.13341,185.0,0.13342,778.0
1753600054309,07:07:34.309,phemex,AERGO/USDT:USDT,0.13335,185.0,0.1333,1051.0,0.13341,185.0,0.13342,778.0
1753600054309,07:07:34.309,phemex,AERGO/USDT:USDT,0.13335,185.0,0.1333,1051.0,0.13341,185.0,0.13342,778.0
1753600066791,07:07:46.791,phemex,AERGO/USDT:USDT,0.13335,185.0,0.13331,611.0,0.13341,185.0,0.13342,778.0
1753600066829,07:07:46.829,phemex,AERGO/USDT:USDT,0.13335,185.0,0.13331,798.0,0.13341,185.0,0.13342,778.0
1753600069067,07:07:49.067,phemex,AERGO/USDT:USDT,0.13335,185.0,0.13331,798.0,0.13341,185.0,0.13342,778.0
1753600082369,07:08:02.369,phemex,AERGO/USDT:USDT,0.13337,850.0,0.13336,954.0,0.13341,185.0,0.13342,778.0
1753600082671,07:08:02.671,phemex,AERGO/USDT:USDT,0.13337,850.0,0.13336,954.0,0.13341,185.0,0.13342,778.0
1753600082764,07:08:02.764,phemex,AERGO/USDT:USDT,0.13337,850.0,0.13336,954.0,0.13341,185.0,0.13342,778.0
1753600082842,07:08:02.842,phemex,AERGO/USDT:USDT,0.13337,850.0,0.13336,954.0,0.13341,185.0,0.13342,778.0
1753600083050,07:08:03.050,phemex,AERGO/USDT:USDT,0.13337,850.0,0.13336,954.0,0.13341,185.0,0.13342,778.0
1753600083271,07:08:03.271,phemex,AERGO/USDT:USDT,0.13337,590.0,0.13336,954.0,0.13341,185.0,0.13342,778.0
1753600084308,07:08:04.308,phemex,AERGO/USDT:USDT,0.13337,413.0,0.13336,954.0,0.13341,185.0,0.13342,778.0
1753600086015,07:08:06.015,phemex,AERGO/USDT:USDT,0.13337,413.0,0.13336,954.0,0.13341,185.0,0.13342,778.0
1753600086082,07:08:06.082,phemex,AERGO/USDT:USDT,0.13337,413.0,0.13336,954.0,0.13341,185.0,0.13342,778.0
1753600086869,07:08:06.869,phemex,AERGO/USDT:USDT,0.13338,184.0,0.13337,413.0,0.13341,185.0,0.13342,778.0
1753600087068,07:08:07.068,phemex,AERGO/USDT:USDT,0.13337,413.0,0.13336,954.0,0.13341,185.0,0.13342,778.0
1753600087984,07:08:07.984,phemex,AERGO/USDT:USDT,0.13338,184.0,0.13337,413.0,0.13341,185.0,0.13342,778.0
1753600087999,07:08:07.999,phemex,AERGO/USDT:USDT,0.13338,184.0,0.13337,597.0,0.13341,185.0,0.13342,778.0
1753600088025,07:08:08.025,phemex,AERGO/USDT:USDT,0.13338,184.0,0.13337,413.0,0.13341,185.0,0.13342,778.0
1753600089186,07:08:09.186,phemex,AERGO/USDT:USDT,0.13338,184.0,0.13337,413.0,0.13342,778.0,0.13343,1274.0
1753600089248,07:08:09.248,phemex,AERGO/USDT:USDT,0.13338,184.0,0.13337,413.0,0.13342,778.0,0.13343,1274.0
1753600089842,07:08:09.842,phemex,AERGO/USDT:USDT,0.13338,184.0,0.13337,413.0,0.13341,184.0,0.13342,778.0
1753600091767,07:08:11.767,phemex,AERGO/USDT:USDT,0.13338,184.0,0.13337,413.0,0.13343,1274.0,0.13344,927.0
1753600091795,07:08:11.795,phemex,AERGO/USDT:USDT,0.13338,184.0,0.13337,973.0,0.13343,181.0,0.13344,927.0
1753600091811,07:08:11.811,phemex,AERGO/USDT:USDT,0.13338,184.0,0.13337,973.0,0.13343,181.0,0.13344,927.0
1753600091905,07:08:11.905,phemex,AERGO/USDT:USDT,0.13338,184.0,0.13337,973.0,0.13344,927.0,0.13345,186.0
1753600091969,07:08:11.969,phemex,AERGO/USDT:USDT,0.13338,184.0,0.13337,973.0,0.13343,181.0,0.13344,927.0
1753600093721,07:08:13.721,phemex,AERGO/USDT:USDT,0.13338,184.0,0.13337,973.0,0.13343,181.0,0.13344,927.0
1753600102339,07:08:22.339,phemex,AERGO/USDT:USDT,0.13338,184.0,0.13337,973.0,0.13342,704.0,0.13343,181.0
1753600102376,07:08:22.376,phemex,AERGO/USDT:USDT,0.13338,184.0,0.13337,973.0,0.13342,704.0,0.13343,181.0
1753600102483,07:08:22.483,phemex,AERGO/USDT:USDT,0.13338,184.0,0.13337,973.0,0.13341,186.0,0.13342,704.0
1753600105947,07:08:25.947,phemex,AERGO/USDT:USDT,0.13338,184.0,0.13337,973.0,0.13342,704.0,0.13343,181.0
1753600106579,07:08:26.579,phemex,AERGO/USDT:USDT,0.13338,184.0,0.13337,973.0,0.13341,186.0,0.13342,704.0
1753600106594,07:08:26.594,phemex,AERGO/USDT:USDT,0.13338,184.0,0.13337,973.0,0.13341,186.0,0.13342,704.0
1753600107055,07:08:27.055,phemex,AERGO/USDT:USDT,0.13338,184.0,0.13337,973.0,0.13342,704.0,0.13343,181.0
1753600107461,07:08:27.461,phemex,AERGO/USDT:USDT,0.13338,184.0,0.13337,973.0,0.13341,186.0,0.13342,704.0
1753600107801,07:08:27.801,phemex,AERGO/USDT:USDT,0.13338,184.0,0.13337,973.0,0.13342,704.0,0.13343,181.0
1753600108072,07:08:28.072,phemex,AERGO/USDT:USDT,0.13337,973.0,0.13336,954.0,0.13342,704.0,0.13343,181.0
1753600108082,07:08:28.082,phemex,AERGO/USDT:USDT,0.13337,973.0,0.13336,954.0,0.13341,186.0,0.13342,704.0
1753600108082,07:08:28.082,phemex,AERGO/USDT:USDT,0.13337,973.0,0.13336,954.0,0.13341,186.0,0.13342,704.0
1753600109340,07:08:29.340,phemex,AERGO/USDT:USDT,0.13338,186.0,0.13337,973.0,0.13341,186.0,0.13342,704.0
1753600110646,07:08:30.646,phemex,AERGO/USDT:USDT,0.13338,186.0,0.13337,973.0,0.13341,186.0,0.13342,704.0
1753600111938,07:08:31.938,phemex,AERGO/USDT:USDT,0.13337,973.0,0.13336,954.0,0.13341,186.0,0.13342,704.0
1753600111967,07:08:31.967,phemex,AERGO/USDT:USDT,0.13337,973.0,0.13336,954.0,0.13341,186.0,0.13342,704.0
1753600112139,07:08:32.139,phemex,AERGO/USDT:USDT,0.13338,183.0,0.13337,973.0,0.13341,186.0,0.13342,704.0
1753600113155,07:08:33.155,phemex,AERGO/USDT:USDT,0.13339,691.0,0.13338,183.0,0.13341,1238.0,0.13342,704.0
1753600113565,07:08:33.565,phemex,AERGO/USDT:USDT,0.13339,691.0,0.13338,183.0,0.13341,1238.0,0.13342,704.0
1753600114072,07:08:34.072,phemex,AERGO/USDT:USDT,0.13339,691.0,0.13338,183.0,0.13342,704.0,0.13343,181.0
1753600114085,07:08:34.085,phemex,AERGO/USDT:USDT,0.1334,183.0,0.13339,691.0,0.13347,184.0,0.13349,182.0
1753600114106,07:08:34.106,phemex,AERGO/USDT:USDT,0.1334,183.0,0.13339,691.0,0.13349,182.0,0.13354,1535.0
1753600114155,07:08:34.155,phemex,AERGO/USDT:USDT,0.1334,183.0,0.13339,691.0,0.13349,182.0,0.13354,1535.0
1753600116011,07:08:36.011,phemex,AERGO/USDT:USDT,0.1334,183.0,0.13339,691.0,0.13349,182.0,0.13354,1535.0
1753600117500,07:08:37.500,phemex,AERGO/USDT:USDT,0.1334,183.0,0.13339,691.0,0.13351,802.0,0.13352,1079.0
1753600117527,07:08:37.527,phemex,AERGO/USDT:USDT,0.1334,183.0,0.13339,691.0,0.13349,183.0,0.13351,802.0
1753600117545,07:08:37.545,phemex,AERGO/USDT:USDT,0.1334,183.0,0.13339,691.0,0.13349,183.0,0.13351,985.0
1753600119245,07:08:39.245,phemex,AERGO/USDT:USDT,0.1334,183.0,0.13339,691.0,0.13349,183.0,0.13351,985.0
1753600120941,07:08:40.941,phemex,AERGO/USDT:USDT,0.1334,183.0,0.13339,691.0,0.13351,985.0,0.13352,1079.0
1753600120986,07:08:40.986,phemex,AERGO/USDT:USDT,0.1334,183.0,0.13339,691.0,0.1335,183.0,0.13351,802.0
1753600123108,07:08:43.108,phemex,AERGO/USDT:USDT,0.13346,625.0,0.13344,1399.0,0.1335,878.0,0.13351,802.0
1753600123121,07:08:43.121,phemex,AERGO/USDT:USDT,0.13347,181.0,0.13346,625.0,0.1335,878.0,0.13351,802.0
1753600123141,07:08:43.141,phemex,AERGO/USDT:USDT,0.13347,181.0,0.13346,625.0,0.1335,878.0,0.13351,802.0
1753600123444,07:08:43.444,phemex,AERGO/USDT:USDT,0.13347,181.0,0.13346,625.0,0.1335,695.0,0.13351,802.0
1753600124632,07:08:44.632,phemex,AERGO/USDT:USDT,0.13347,181.0,0.13346,625.0,0.1335,695.0,0.13351,802.0
1753600127186,07:08:47.186,phemex,AERGO/USDT:USDT,0.13347,181.0,0.13346,625.0,0.13351,802.0,0.13352,1079.0
1753600127243,07:08:47.243,phemex,AERGO/USDT:USDT,0.13347,181.0,0.13346,625.0,0.1335,181.0,0.13351,802.0
1753600133106,07:08:53.106,phemex,AERGO/USDT:USDT,0.13347,181.0,0.13346,625.0,0.13351,802.0,0.13352,1079.0
1753600133596,07:08:53.596,phemex,AERGO/USDT:USDT,0.13347,181.0,0.13346,625.0,0.13351,802.0,0.13352,1780.0
1753600133724,07:08:53.724,phemex,AERGO/USDT:USDT,0.13346,625.0,0.13345,181.0,0.1335,184.0,0.13351,802.0
1753600133751,07:08:53.751,phemex,AERGO/USDT:USDT,0.13346,625.0,0.13345,181.0,0.1335,184.0,0.13351,802.0
1753600133806,07:08:53.806,phemex,AERGO/USDT:USDT,0.13347,184.0,0.13346,625.0,0.1335,184.0,0.13351,802.0
1753600139405,07:08:59.405,phemex,AERGO/USDT:USDT,0.13347,184.0,0.13346,625.0,0.13351,802.0,0.13352,701.0
1753600139509,07:08:59.509,phemex,AERGO/USDT:USDT,0.13346,625.0,0.13345,181.0,0.13349,184.0,0.1335,904.0
1753600140802,07:09:00.802,phemex,AERGO/USDT:USDT,0.13347,184.0,0.13346,625.0,0.13349,184.0,0.1335,904.0
1753600140818,07:09:00.818,phemex,AERGO/USDT:USDT,0.13346,625.0,0.13345,181.0,0.13349,184.0,0.1335,904.0
1753600141127,07:09:01.127,phemex,AERGO/USDT:USDT,0.13346,625.0,0.13345,181.0,0.13349,184.0,0.1335,904.0
1753600141183,07:09:01.183,phemex,AERGO/USDT:USDT,0.13346,625.0,0.13345,181.0,0.13349,184.0,0.1335,904.0
1753600141374,07:09:01.374,phemex,AERGO/USDT:USDT,0.13347,184.0,0.13346,625.0,0.1335,904.0,0.13351,802.0
1753600141977,07:09:01.977,phemex,AERGO/USDT:USDT,0.13347,184.0,0.13346,625.0,0.13353,183.0,0.13354,1513.0
1753600141987,07:09:01.987,phemex,AERGO/USDT:USDT,0.13347,184.0,0.13346,625.0,0.13354,1513.0,0.13356,188.0
1753600142588,07:09:02.588,phemex,AERGO/USDT:USDT,0.13347,184.0,0.13346,625.0,0.13354,1513.0,0.13356,188.0
1753600142636,07:09:02.636,phemex,AERGO/USDT:USDT,0.13347,184.0,0.13346,625.0,0.13354,1513.0,0.13356,188.0
1753600143164,07:09:03.164,phemex,AERGO/USDT:USDT,0.13347,184.0,0.13346,625.0,0.13353,180.0,0.13354,1513.0
1753600143435,07:09:03.435,phemex,AERGO/USDT:USDT,0.13347,184.0,0.13346,625.0,0.13354,1513.0,0.13356,188.0
1753600143721,07:09:03.721,phemex,AERGO/USDT:USDT,0.13347,184.0,0.13346,625.0,0.13353,180.0,0.13354,1513.0
1753600143784,07:09:03.784,phemex,AERGO/USDT:USDT,0.13347,184.0,0.13346,625.0,0.13353,180.0,0.13354,1513.0
1753600143789,07:09:03.789,phemex,AERGO/USDT:USDT,0.13347,184.0,0.13346,625.0,0.13353,180.0,0.13354,1513.0
1753600146008,07:09:06.008,phemex,AERGO/USDT:USDT,0.13347,184.0,0.13346,625.0,0.13353,180.0,0.13354,1513.0
1753600146053,07:09:06.053,phemex,AERGO/USDT:USDT,0.13347,184.0,0.13346,625.0,0.13353,180.0,0.13354,1513.0
1753600146485,07:09:06.485,phemex,AERGO/USDT:USDT,0.13347,184.0,0.13346,625.0,0.13353,180.0,0.13354,1513.0
1753600147111,07:09:07.111,phemex,AERGO/USDT:USDT,0.13347,184.0,0.13346,625.0,0.13354,1513.0,0.13356,188.0
1753600147143,07:09:07.143,phemex,AERGO/USDT:USDT,0.1335,1079.0,0.13347,184.0,0.13354,2634.0,0.13356,1015.0
1753600147175,07:09:07.175,phemex,AERGO/USDT:USDT,0.1335,1079.0,0.13347,184.0,0.13354,1121.0,0.13356,188.0
1753600147194,07:09:07.194,phemex,AERGO/USDT:USDT,0.1335,1079.0,0.13347,184.0,0.13356,188.0,0.1336,189.0
1753600147195,07:09:07.195,phemex,AERGO/USDT:USDT,0.1335,1079.0,0.13347,184.0,0.13356,188.0,0.13357,989.0
1753600147202,07:09:07.202,phemex,AERGO/USDT:USDT,0.1335,1079.0,0.13347,184.0,0.13356,188.0,0.13357,989.0
1753600147272,07:09:07.272,phemex,AERGO/USDT:USDT,0.13351,180.0,0.1335,1079.0,0.13356,188.0,0.13357,989.0
1753600147293,07:09:07.293,phemex,AERGO/USDT:USDT,0.13351,180.0,0.1335,1079.0,0.13356,188.0,0.13357,989.0
1753600147315,07:09:07.315,phemex,AERGO/USDT:USDT,0.13351,180.0,0.1335,1079.0,0.13356,188.0,0.13357,989.0
1753600147351,07:09:07.351,phemex,AERGO/USDT:USDT,0.13351,180.0,0.1335,1079.0,0.13357,989.0,0.13358,180.0
1753600147542,07:09:07.542,phemex,AERGO/USDT:USDT,0.13351,180.0,0.1335,1079.0,0.13357,989.0,0.13358,180.0
1753600147546,07:09:07.546,phemex,AERGO/USDT:USDT,0.13351,180.0,0.1335,1079.0,0.13357,989.0,0.13358,180.0
1753600148933,07:09:08.933,phemex,AERGO/USDT:USDT,0.13351,180.0,0.1335,1079.0,0.13357,989.0,0.1336,1211.0
1753600148985,07:09:08.985,phemex,AERGO/USDT:USDT,0.13351,180.0,0.1335,1079.0,0.13357,989.0,0.1336,1211.0
1753600149158,07:09:09.158,phemex,AERGO/USDT:USDT,0.13351,180.0,0.1335,1079.0,0.13357,989.0,0.1336,1211.0
1753600149601,07:09:09.601,phemex,AERGO/USDT:USDT,0.13351,180.0,0.1335,1079.0,0.13357,989.0,0.1336,1211.0
1753600151043,07:09:11.043,phemex,AERGO/USDT:USDT,0.13351,180.0,0.1335,1079.0,0.1336,1211.0,0.13362,189.0
1753600151075,07:09:11.075,phemex,AERGO/USDT:USDT,0.13351,180.0,0.1335,1079.0,0.13359,180.0,0.1336,1022.0
1753600151715,07:09:11.715,phemex,AERGO/USDT:USDT,0.13351,180.0,0.1335,1079.0,0.13359,180.0,0.1336,1022.0
1753600151774,07:09:11.774,phemex,AERGO/USDT:USDT,0.13351,180.0,0.1335,1079.0,0.13359,180.0,0.1336,1022.0
1753600151906,07:09:11.906,phemex,AERGO/USDT:USDT,0.13351,180.0,0.1335,1079.0,0.13359,180.0,0.1336,1022.0
1753600151936,07:09:11.936,phemex,AERGO/USDT:USDT,0.13351,180.0,0.1335,1079.0,0.13359,180.0,0.1336,1022.0
1753600152013,07:09:12.013,phemex,AERGO/USDT:USDT,0.13351,180.0,0.1335,1079.0,0.13359,180.0,0.1336,1022.0
1753600152052,07:09:12.052,phemex,AERGO/USDT:USDT,0.13351,180.0,0.1335,1079.0,0.13359,180.0,0.1336,1022.0
1753600154265,07:09:14.265,phemex,AERGO/USDT:USDT,0.13351,1294.0,0.1335,1079.0,0.13359,180.0,0.1336,1022.0
1753600154266,07:09:14.266,phemex,AERGO/USDT:USDT,0.13352,742.0,0.13351,1294.0,0.13359,180.0,0.1336,2051.0
1753600154321,07:09:14.321,phemex,AERGO/USDT:USDT,0.13352,928.0,0.13351,1114.0,0.13359,180.0,0.1336,2051.0
1753600154397,07:09:14.397,phemex,AERGO/USDT:USDT,0.13353,186.0,0.13352,742.0,0.13359,180.0,0.1336,2051.0
1753600158550,07:09:18.550,phemex,AERGO/USDT:USDT,0.13353,186.0,0.13352,742.0,0.1336,2051.0,0.13361,822.0
1753600158563,07:09:18.563,phemex,AERGO/USDT:USDT,0.13353,186.0,0.13352,742.0,0.1336,2051.0,0.13361,822.0
1753600158631,07:09:18.631,phemex,AERGO/USDT:USDT,0.13353,186.0,0.13352,742.0,0.13359,186.0,0.1336,2051.0
1753600158724,07:09:18.724,phemex,AERGO/USDT:USDT,0.13353,186.0,0.13352,742.0,0.1336,2051.0,0.13361,822.0
1753600159841,07:09:19.841,phemex,AERGO/USDT:USDT,0.13353,186.0,0.13352,742.0,0.1336,2051.0,0.13361,822.0
1753600159994,07:09:19.994,phemex,AERGO/USDT:USDT,0.13353,186.0,0.13352,742.0,0.1336,2051.0,0.13361,822.0
1753600160027,07:09:20.027,phemex,AERGO/USDT:USDT,0.13353,186.0,0.13352,742.0,0.1336,2051.0,0.13361,822.0
1753600160327,07:09:20.327,phemex,AERGO/USDT:USDT,0.13353,186.0,0.13352,742.0,0.1336,2051.0,0.13361,822.0
1753600160349,07:09:20.349,phemex,AERGO/USDT:USDT,0.13353,186.0,0.13352,742.0,0.1336,2051.0,0.13361,822.0
1753600160352,07:09:20.352,phemex,AERGO/USDT:USDT,0.13353,186.0,0.13352,742.0,0.1336,2051.0,0.13361,822.0
1753600162677,07:09:22.677,phemex,AERGO/USDT:USDT,0.13353,186.0,0.13352,742.0,0.1336,2051.0,0.13361,822.0
1753600162867,07:09:22.867,phemex,AERGO/USDT:USDT,0.13353,186.0,0.13352,742.0,0.1336,2051.0,0.13361,822.0
1753600163107,07:09:23.107,phemex,AERGO/USDT:USDT,0.13353,186.0,0.13352,742.0,0.1336,1781.0,0.13361,822.0
1753600164016,07:09:24.016,phemex,AERGO/USDT:USDT,0.13353,186.0,0.13352,742.0,0.1336,1781.0,0.13361,822.0
1753600164852,07:09:24.852,phemex,AERGO/USDT:USDT,0.13353,186.0,0.13352,742.0,0.13359,180.0,0.1336,1781.0
1753600165575,07:09:25.575,phemex,AERGO/USDT:USDT,0.13353,186.0,0.13352,742.0,0.13359,180.0,0.1336,1781.0
1753600165603,07:09:25.603,phemex,AERGO/USDT:USDT,0.13353,186.0,0.13352,742.0,0.13359,180.0,0.1336,1781.0
1753600165682,07:09:25.682,phemex,AERGO/USDT:USDT,0.13353,186.0,0.13352,742.0,0.13359,180.0,0.1336,1781.0
1753600165727,07:09:25.727,phemex,AERGO/USDT:USDT,0.13353,186.0,0.13352,742.0,0.13359,180.0,0.1336,1781.0
1753600165917,07:09:25.917,phemex,AERGO/USDT:USDT,0.13353,186.0,0.13352,742.0,0.13359,180.0,0.1336,1781.0
1753600168603,07:09:28.603,phemex,AERGO/USDT:USDT,0.13353,186.0,0.13352,742.0,0.13359,180.0,0.1336,1781.0
1753600168665,07:09:28.665,phemex,AERGO/USDT:USDT,0.13353,186.0,0.13352,742.0,0.13359,180.0,0.1336,1781.0
1753600168752,07:09:28.752,phemex,AERGO/USDT:USDT,0.13353,186.0,0.13352,742.0,0.13359,180.0,0.1336,1781.0
1753600168769,07:09:28.769,phemex,AERGO/USDT:USDT,0.13353,186.0,0.13352,742.0,0.13359,180.0,0.1336,1781.0
1753600168830,07:09:28.830,phemex,AERGO/USDT:USDT,0.13353,186.0,0.13352,742.0,0.13359,180.0,0.1336,1781.0
1753600170014,07:09:30.014,phemex,AERGO/USDT:USDT,0.13353,186.0,0.13352,742.0,0.13359,180.0,0.1336,1781.0
1753600170605,07:09:30.605,phemex,AERGO/USDT:USDT,0.13355,812.0,0.13353,186.0,0.1336,1781.0,0.13361,822.0
1753600170621,07:09:30.621,phemex,AERGO/USDT:USDT,0.13356,180.0,0.13355,812.0,0.1336,1781.0,0.13361,822.0
1753600170827,07:09:30.827,phemex,AERGO/USDT:USDT,0.13356,180.0,0.13355,812.0,0.1336,1781.0,0.13361,822.0
1753600170828,07:09:30.828,phemex,AERGO/USDT:USDT,0.13356,180.0,0.13355,812.0,0.1336,1781.0,0.13361,822.0
1753600172127,07:09:32.127,phemex,AERGO/USDT:USDT,0.13356,180.0,0.13355,812.0,0.1336,1706.0,0.13361,822.0
1753600172461,07:09:32.461,phemex,AERGO/USDT:USDT,0.13356,180.0,0.13355,812.0,0.13359,189.0,0.1336,1706.0
1753600174081,07:09:34.081,phemex,AERGO/USDT:USDT,0.13356,180.0,0.13355,812.0,0.1336,1706.0,0.13361,822.0
1753600174146,07:09:34.146,phemex,AERGO/USDT:USDT,0.13356,180.0,0.13355,812.0,0.1336,1706.0,0.13361,822.0
1753600176460,07:09:36.460,phemex,AERGO/USDT:USDT,0.13356,180.0,0.13355,812.0,0.13359,189.0,0.1336,1706.0
1753600178185,07:09:38.185,phemex,AERGO/USDT:USDT,0.13357,1061.0,0.13356,180.0,0.13359,189.0,0.1336,1706.0
1753600178186,07:09:38.186,phemex,AERGO/USDT:USDT,0.13357,1061.0,0.13356,180.0,0.1336,1706.0,0.13361,822.0
1753600178213,07:09:38.213,phemex,AERGO/USDT:USDT,0.13357,1061.0,0.13356,180.0,0.1336,1706.0,0.13361,822.0
1753600178903,07:09:38.903,phemex,AERGO/USDT:USDT,0.13357,1061.0,0.13356,180.0,0.13359,189.0,0.1336,1706.0
1753600178988,07:09:38.988,phemex,AERGO/USDT:USDT,0.13357,1061.0,0.13356,180.0,0.1336,1706.0,0.13361,822.0
1753600179016,07:09:39.016,phemex,AERGO/USDT:USDT,0.13357,1061.0,0.13356,180.0,0.1336,1706.0,0.13361,822.0
1753600179078,07:09:39.078,phemex,AERGO/USDT:USDT,0.13357,1061.0,0.13356,180.0,0.13359,189.0,0.1336,1706.0
1753600179800,07:09:39.800,phemex,AERGO/USDT:USDT,0.13357,1021.0,0.13356,180.0,0.13359,189.0,0.1336,1706.0
1753600184865,07:09:44.865,phemex,AERGO/USDT:USDT,0.13357,1021.0,0.13356,180.0,0.1336,1706.0,0.13361,822.0
1753600184891,07:09:44.891,phemex,AERGO/USDT:USDT,0.13357,1021.0,0.13356,180.0,0.1336,1706.0,0.13361,822.0
1753600185826,07:09:45.826,phemex,AERGO/USDT:USDT,0.13357,1021.0,0.13356,180.0,0.13359,189.0,0.1336,1706.0
1753600188009,07:09:48.009,phemex,AERGO/USDT:USDT,0.13357,1021.0,0.13356,180.0,0.13359,189.0,0.1336,1706.0
1753600188373,07:09:48.373,phemex,AERGO/USDT:USDT,0.13358,189.0,0.13357,1021.0,0.13359,189.0,0.1336,1706.0
1753600188390,07:09:48.390,phemex,AERGO/USDT:USDT,0.13358,189.0,0.13357,1021.0,0.1336,1029.0,0.13361,822.0
1753600188402,07:09:48.402,phemex,AERGO/USDT:USDT,0.13358,189.0,0.13357,1021.0,0.1336,1029.0,0.13361,822.0
1753600188541,07:09:48.541,phemex,AERGO/USDT:USDT,0.13357,1021.0,0.13356,1204.0,0.1336,1029.0,0.13361,822.0
1753600189398,07:09:49.398,phemex,AERGO/USDT:USDT,0.13357,1021.0,0.13356,1204.0,0.13359,189.0,0.1336,1029.0
1753600189404,07:09:49.404,phemex,AERGO/USDT:USDT,0.13357,1021.0,0.13356,1204.0,0.1336,1029.0,0.13361,822.0
1753600193160,07:09:53.160,phemex,AERGO/USDT:USDT,0.13358,185.0,0.13357,1021.0,0.1336,1029.0,0.13361,822.0
1753600194659,07:09:54.659,phemex,AERGO/USDT:USDT,0.13357,1021.0,0.13356,1204.0,0.1336,1029.0,0.13361,822.0
1753600194910,07:09:54.910,phemex,AERGO/USDT:USDT,0.13357,1021.0,0.13356,1204.0,0.13359,185.0,0.1336,1029.0
1753600194942,07:09:54.942,phemex,AERGO/USDT:USDT,0.13357,1021.0,0.13356,1204.0,0.1336,1029.0,0.13361,822.0
1753600195839,07:09:55.839,phemex,AERGO/USDT:USDT,0.13358,185.0,0.13357,1021.0,0.1336,1029.0,0.13361,822.0
1753600196941,07:09:56.941,phemex,AERGO/USDT:USDT,0.13358,185.0,0.13357,1021.0,0.1336,1014.0,0.13361,822.0
1753600197151,07:09:57.151,phemex,AERGO/USDT:USDT,0.13357,1021.0,0.13356,1204.0,0.1336,1014.0,0.13361,822.0
1753600197683,07:09:57.683,phemex,AERGO/USDT:USDT,0.13356,1024.0,0.13353,186.0,0.13359,185.0,0.1336,1014.0
1753600197708,07:09:57.708,phemex,AERGO/USDT:USDT,0.13353,1229.0,0.13352,805.0,0.13359,185.0,0.1336,1014.0
1753600197762,07:09:57.762,phemex,AERGO/USDT:USDT,0.13354,185.0,0.13353,1043.0,0.13359,185.0,0.1336,1014.0
1753600197766,07:09:57.766,phemex,AERGO/USDT:USDT,0.13354,185.0,0.13353,1043.0,0.13359,185.0,0.1336,1014.0
1753600199706,07:09:59.706,phemex,AERGO/USDT:USDT,0.13354,185.0,0.13353,1043.0,0.13359,185.0,0.1336,1014.0
1753600199715,07:09:59.715,phemex,AERGO/USDT:USDT,0.13354,185.0,0.13353,1043.0,0.13359,185.0,0.1336,1014.0
1753600200012,07:10:00.012,phemex,AERGO/USDT:USDT,0.13354,185.0,0.13353,1043.0,0.13359,185.0,0.1336,1014.0
1753600200449,07:10:00.449,phemex,AERGO/USDT:USDT,0.13354,185.0,0.13353,1043.0,0.1336,1014.0,0.13361,822.0
1753600200466,07:10:00.466,phemex,AERGO/USDT:USDT,0.13354,185.0,0.13353,1043.0,0.13359,185.0,0.1336,1014.0
1753600202389,07:10:02.389,phemex,AERGO/USDT:USDT,0.13354,185.0,0.13353,1043.0,0.13359,185.0,0.1336,1014.0
1753600202404,07:10:02.404,phemex,AERGO/USDT:USDT,0.13354,185.0,0.13353,1043.0,0.13359,185.0,0.1336,1014.0
1753600205594,07:10:05.594,phemex,AERGO/USDT:USDT,0.13356,922.0,0.13354,185.0,0.13359,185.0,0.1336,1014.0
1753600205619,07:10:05.619,phemex,AERGO/USDT:USDT,0.13356,922.0,0.13354,185.0,0.13359,185.0,0.1336,1014.0
1753600205675,07:10:05.675,phemex,AERGO/USDT:USDT,0.13357,186.0,0.13356,922.0,0.13359,185.0,0.1336,1014.0
1753600205714,07:10:05.714,phemex,AERGO/USDT:USDT,0.13357,186.0,0.13356,922.0,0.1336,1014.0,0.13361,822.0
1753600206201,07:10:06.201,phemex,AERGO/USDT:USDT,0.13357,186.0,0.13356,922.0,0.13359,186.0,0.1336,1014.0
1753600206218,07:10:06.218,phemex,AERGO/USDT:USDT,0.13356,922.0,0.13354,185.0,0.13359,186.0,0.1336,1014.0
1753600207001,07:10:07.001,phemex,AERGO/USDT:USDT,0.13357,186.0,0.13356,922.0,0.13359,186.0,0.1336,1014.0
1753600207045,07:10:07.045,phemex,AERGO/USDT:USDT,0.13357,186.0,0.13356,922.0,0.1336,1014.0,0.13361,822.0
1753600207845,07:10:07.845,phemex,AERGO/USDT:USDT,0.13357,186.0,0.13356,922.0,0.1336,690.0,0.13361,822.0
1753600209964,07:10:09.964,phemex,AERGO/USDT:USDT,0.13357,186.0,0.13356,922.0,0.13359,186.0,0.1336,690.0
1753600210012,07:10:10.012,phemex,AERGO/USDT:USDT,0.13356,922.0,0.13354,185.0,0.13359,186.0,0.1336,690.0
1753600210324,07:10:10.324,phemex,AERGO/USDT:USDT,0.13357,186.0,0.13356,922.0,0.13359,186.0,0.1336,690.0
1753600210355,07:10:10.355,phemex,AERGO/USDT:USDT,0.13357,186.0,0.13356,922.0,0.1336,690.0,0.13361,822.0
1753600211890,07:10:11.890,phemex,AERGO/USDT:USDT,0.13357,186.0,0.13356,922.0,0.1336,690.0,0.13361,822.0
1753600212012,07:10:12.012,phemex,AERGO/USDT:USDT,0.13357,186.0,0.13356,922.0,0.1336,690.0,0.13361,822.0
1753600212337,07:10:12.337,phemex,AERGO/USDT:USDT,0.13357,186.0,0.13356,922.0,0.13359,185.0,0.1336,690.0
1753600212354,07:10:12.354,phemex,AERGO/USDT:USDT,0.13356,922.0,0.13354,185.0,0.13359,185.0,0.1336,690.0
1753600212917,07:10:12.917,phemex,AERGO/USDT:USDT,0.13357,185.0,0.13356,922.0,0.13359,185.0,0.1336,690.0
1753600213368,07:10:13.368,phemex,AERGO/USDT:USDT,0.13356,922.0,0.13354,185.0,0.13359,185.0,0.1336,690.0
1753600213474,07:10:13.474,phemex,AERGO/USDT:USDT,0.13356,922.0,0.13354,185.0,0.13359,185.0,0.1336,690.0
1753600213527,07:10:13.527,phemex,AERGO/USDT:USDT,0.13356,922.0,0.13354,185.0,0.13359,185.0,0.1336,690.0
1753600215347,07:10:15.347,phemex,AERGO/USDT:USDT,0.13356,902.0,0.13354,185.0,0.13359,185.0,0.1336,690.0
1753600218006,07:10:18.006,phemex,AERGO/USDT:USDT,0.13356,902.0,0.13354,185.0,0.13359,185.0,0.1336,690.0
1753600218934,07:10:18.934,phemex,AERGO/USDT:USDT,0.13356,902.0,0.13354,185.0,0.13359,185.0,0.1336,690.0
1753600219159,07:10:19.159,phemex,AERGO/USDT:USDT,0.13356,902.0,0.13354,185.0,0.13359,185.0,0.1336,690.0
1753600219228,07:10:19.228,phemex,AERGO/USDT:USDT,0.13356,902.0,0.13354,185.0,0.13359,185.0,0.1336,690.0
1753600219359,07:10:19.359,phemex,AERGO/USDT:USDT,0.13354,185.0,0.13353,1043.0,0.13359,185.0,0.1336,690.0
1753600219376,07:10:19.376,phemex,AERGO/USDT:USDT,0.13354,185.0,0.13353,1043.0,0.13359,185.0,0.1336,690.0
1753600219417,07:10:19.417,phemex,AERGO/USDT:USDT,0.13354,185.0,0.13353,1043.0,0.13359,185.0,0.1336,690.0
1753600224012,07:10:24.012,phemex,AERGO/USDT:USDT,0.13354,185.0,0.13353,1043.0,0.13359,185.0,0.1336,690.0
1753600224299,07:10:24.299,phemex,AERGO/USDT:USDT,0.13354,185.0,0.13353,1043.0,0.13359,185.0,0.1336,690.0
1753600224399,07:10:24.399,phemex,AERGO/USDT:USDT,0.13354,185.0,0.13353,1043.0,0.13359,185.0,0.1336,690.0
1753600224447,07:10:24.447,phemex,AERGO/USDT:USDT,0.13354,185.0,0.13353,1043.0,0.13359,185.0,0.1336,690.0
1753600224634,07:10:24.634,phemex,AERGO/USDT:USDT,0.13354,185.0,0.13353,1043.0,0.13359,185.0,0.1336,690.0
1753600225072,07:10:25.072,phemex,AERGO/USDT:USDT,0.13354,185.0,0.13353,1043.0,0.13359,2059.0,0.1336,690.0
1753600225072,07:10:25.072,phemex,AERGO/USDT:USDT,0.13354,1302.0,0.13353,1043.0,0.13359,2059.0,0.1336,690.0
1753600225133,07:10:25.133,phemex,AERGO/USDT:USDT,0.13355,187.0,0.13354,1117.0,0.13359,2059.0,0.1336,690.0
1753600225173,07:10:25.173,phemex,AERGO/USDT:USDT,0.13355,187.0,0.13354,1117.0,0.13359,2059.0,0.1336,690.0
1753600226163,07:10:26.163,phemex,AERGO/USDT:USDT,0.13355,187.0,0.13354,1117.0,0.13358,187.0,0.13359,1874.0
1753600226198,07:10:26.198,phemex,AERGO/USDT:USDT,0.13355,187.0,0.13354,1117.0,0.13358,187.0,0.13359,1874.0
1753600227238,07:10:27.238,phemex,AERGO/USDT:USDT,0.13355,187.0,0.13354,1117.0,0.13358,187.0,0.13359,1874.0
1753600227379,07:10:27.379,phemex,AERGO/USDT:USDT,0.13355,187.0,0.13354,1117.0,0.13358,187.0,0.13359,1874.0
1753600227454,07:10:27.454,phemex,AERGO/USDT:USDT,0.13355,187.0,0.13354,1117.0,0.13358,187.0,0.13359,1874.0
1753600227724,07:10:27.724,phemex,AERGO/USDT:USDT,0.13354,1117.0,0.13353,1230.0,0.13358,187.0,0.13359,1874.0
1753600228493,07:10:28.493,phemex,AERGO/USDT:USDT,0.13355,187.0,0.13354,1117.0,0.13358,187.0,0.13359,1874.0
1753600228493,07:10:28.493,phemex,AERGO/USDT:USDT,0.13355,187.0,0.13354,1117.0,0.13358,187.0,0.13359,1874.0
1753600230006,07:10:30.006,phemex,AERGO/USDT:USDT,0.13355,187.0,0.13354,1117.0,0.13358,187.0,0.13359,1874.0
1753600230010,07:10:30.010,phemex,AERGO/USDT:USDT,0.13355,187.0,0.13354,1117.0,0.13358,187.0,0.13359,1874.0
1753600230056,07:10:30.056,phemex,AERGO/USDT:USDT,0.13355,187.0,0.13354,1117.0,0.13358,187.0,0.13359,1874.0
1753600230085,07:10:30.085,phemex,AERGO/USDT:USDT,0.13355,187.0,0.13354,1117.0,0.13358,187.0,0.13359,1874.0
1753600230247,07:10:30.247,phemex,AERGO/USDT:USDT,0.13354,1117.0,0.13353,1230.0,0.13358,187.0,0.13359,1874.0
1753600230569,07:10:30.569,phemex,AERGO/USDT:USDT,0.13355,187.0,0.13354,1117.0,0.13358,187.0,0.13359,1874.0
1753600230713,07:10:30.713,phemex,AERGO/USDT:USDT,0.13355,187.0,0.13354,1117.0,0.13359,1874.0,0.1336,877.0
1753600230728,07:10:30.728,phemex,AERGO/USDT:USDT,0.13355,187.0,0.13354,1117.0,0.13359,1874.0,0.1336,877.0
1753600230760,07:10:30.760,phemex,AERGO/USDT:USDT,0.13355,187.0,0.13354,1117.0,0.13359,1874.0,0.1336,877.0
1753600236012,07:10:36.012,phemex,AERGO/USDT:USDT,0.13355,187.0,0.13354,1117.0,0.13359,1874.0,0.1336,877.0
1753600237934,07:10:37.934,phemex,AERGO/USDT:USDT,0.13355,187.0,0.13354,1117.0,0.13359,1874.0,0.1336,877.0
1753600237959,07:10:37.959,phemex,AERGO/USDT:USDT,0.13355,187.0,0.13354,1117.0,0.13359,1874.0,0.1336,877.0
1753600238054,07:10:38.054,phemex,AERGO/USDT:USDT,0.13355,187.0,0.13354,1117.0,0.13359,1874.0,0.1336,877.0
1753600238077,07:10:38.077,phemex,AERGO/USDT:USDT,0.13355,187.0,0.13354,1117.0,0.13359,1874.0,0.1336,877.0
1753600238830,07:10:38.830,phemex,AERGO/USDT:USDT,0.13355,187.0,0.13354,1117.0,0.13358,181.0,0.13359,1874.0
1753600239586,07:10:39.586,phemex,AERGO/USDT:USDT,0.13355,187.0,0.13354,1117.0,0.13359,1874.0,0.1336,877.0
1753600240559,07:10:40.559,phemex,AERGO/USDT:USDT,0.13355,187.0,0.13354,1117.0,0.13358,181.0,0.13359,1874.0
1753600240923,07:10:40.923,phemex,AERGO/USDT:USDT,0.13355,187.0,0.13354,1117.0,0.13359,1874.0,0.1336,877.0
1753600242016,07:10:42.016,phemex,AERGO/USDT:USDT,0.13355,187.0,0.13354,1117.0,0.13359,1874.0,0.1336,877.0
1753600243316,07:10:43.316,phemex,AERGO/USDT:USDT,0.13355,187.0,0.13354,1117.0,0.13359,1874.0,0.1336,877.0
1753600243359,07:10:43.359,phemex,AERGO/USDT:USDT,0.13355,187.0,0.13354,1117.0,0.13359,1874.0,0.1336,877.0
1753600243529,07:10:43.529,phemex,AERGO/USDT:USDT,0.13355,187.0,0.13354,1117.0,0.13359,1874.0,0.1336,877.0
1753600243558,07:10:43.558,phemex,AERGO/USDT:USDT,0.13355,187.0,0.13354,1117.0,0.13359,1874.0,0.1336,877.0
1753600245117,07:10:45.117,phemex,AERGO/USDT:USDT,0.13355,187.0,0.13354,1117.0,0.13358,189.0,0.13359,1874.0
1753600245317,07:10:45.317,phemex,AERGO/USDT:USDT,0.13355,187.0,0.13354,1117.0,0.13357,843.0,0.1336,877.0
1753600245639,07:10:45.639,phemex,AERGO/USDT:USDT,0.13353,187.0,0.13351,186.0,0.13357,843.0,0.1336,877.0
1753600245649,07:10:45.649,phemex,AERGO/USDT:USDT,0.13351,186.0,0.1335,1496.0,0.13356,189.0,0.13357,843.0
1753600245682,07:10:45.682,phemex,AERGO/USDT:USDT,0.13351,186.0,0.13349,186.0,0.13356,189.0,0.13357,843.0
1753600245706,07:10:45.706,phemex,AERGO/USDT:USDT,0.13351,186.0,0.13349,186.0,0.13356,189.0,0.13357,843.0
1753600245758,07:10:45.758,phemex,AERGO/USDT:USDT,0.13349,186.0,0.13347,803.0,0.13356,189.0,0.13357,843.0
1753600246029,07:10:46.029,phemex,AERGO/USDT:USDT,0.13349,186.0,0.13347,803.0,0.13356,189.0,0.13357,843.0
1753600246104,07:10:46.104,phemex,AERGO/USDT:USDT,0.13349,186.0,0.13347,803.0,0.13356,189.0,0.13357,843.0
1753600246154,07:10:46.154,phemex,AERGO/USDT:USDT,0.13349,186.0,0.13347,803.0,0.13356,189.0,0.13357,843.0
1753600248365,07:10:48.365,phemex,AERGO/USDT:USDT,0.13347,184.0,0.13343,1861.0,0.13356,189.0,0.13357,843.0
1753600248376,07:10:48.376,phemex,AERGO/USDT:USDT,0.13347,184.0,0.13343,1861.0,0.13356,189.0,0.13357,843.0
1753600248583,07:10:48.583,phemex,AERGO/USDT:USDT,0.13347,184.0,0.13343,1861.0,0.13356,189.0,0.13357,843.0
1753600248815,07:10:48.815,phemex,AERGO/USDT:USDT,0.13347,184.0,0.13343,1861.0,0.13356,189.0,0.13357,843.0
1753600251712,07:10:51.712,phemex,AERGO/USDT:USDT,0.13347,184.0,0.13343,1861.0,0.13356,189.0,0.13357,843.0
1753600253900,07:10:53.900,phemex,AERGO/USDT:USDT,0.13347,184.0,0.13343,181.0,0.1335,662.0,0.13352,2834.0
1753600253943,07:10:53.943,phemex,AERGO/USDT:USDT,0.13343,181.0,0.13342,1426.0,0.1335,662.0,0.13352,2834.0
1753600253996,07:10:53.996,phemex,AERGO/USDT:USDT,0.13343,181.0,0.13342,1426.0,0.1335,662.0,0.13352,2834.0
1753600254514,07:10:54.514,phemex,AERGO/USDT:USDT,0.13343,181.0,0.13342,1426.0,0.1335,662.0,0.13352,2834.0
1753600254537,07:10:54.537,phemex,AERGO/USDT:USDT,0.13343,181.0,0.13342,1426.0,0.1335,662.0,0.13352,2834.0
1753600255347,07:10:55.347,phemex,AERGO/USDT:USDT,0.13343,181.0,0.13342,1426.0,0.1335,292.0,0.13352,2834.0
1753600257528,07:10:57.528,phemex,AERGO/USDT:USDT,0.13343,181.0,0.13342,1426.0,0.1335,292.0,0.13352,2834.0
1753600258538,07:10:58.538,phemex,AERGO/USDT:USDT,0.13343,181.0,0.13342,1426.0,0.13349,180.0,0.1335,472.0
1753600258610,07:10:58.610,phemex,AERGO/USDT:USDT,0.13343,181.0,0.13342,1426.0,0.1335,292.0,0.13351,180.0
1753600260008,07:11:00.008,phemex,AERGO/USDT:USDT,0.13343,181.0,0.13342,1426.0,0.1335,292.0,0.13351,180.0
1753600260009,07:11:00.009,phemex,AERGO/USDT:USDT,0.13343,181.0,0.13342,1426.0,0.1335,292.0,0.13351,180.0
1753600260104,07:11:00.104,phemex,AERGO/USDT:USDT,0.13343,181.0,0.13342,1426.0,0.1335,292.0,0.13351,180.0
1753600260111,07:11:00.111,phemex,AERGO/USDT:USDT,0.13343,181.0,0.13342,1426.0,0.1335,292.0,0.13352,2834.0
1753600260143,07:11:00.143,phemex,AERGO/USDT:USDT,0.13343,181.0,0.13342,1426.0,0.1335,292.0,0.13352,2834.0
1753600262174,07:11:02.174,phemex,AERGO/USDT:USDT,0.13344,967.0,0.13343,181.0,0.13348,1055.0,0.1335,988.0
1753600262197,07:11:02.197,phemex,AERGO/USDT:USDT,0.13345,182.0,0.13344,967.0,0.13348,1055.0,0.1335,988.0
1753600262684,07:11:02.684,phemex,AERGO/USDT:USDT,0.13345,182.0,0.13344,967.0,0.13348,1055.0,0.1335,988.0
1753600262687,07:11:02.687,phemex,AERGO/USDT:USDT,0.13345,182.0,0.13344,967.0,0.13348,1055.0,0.1335,988.0
1753600265223,07:11:05.223,phemex,AERGO/USDT:USDT,0.13345,182.0,0.13344,967.0,0.13348,655.0,0.1335,988.0
1753600265458,07:11:05.458,phemex,AERGO/USDT:USDT,0.13345,182.0,0.13344,967.0,0.13348,655.0,0.1335,988.0
1753600265520,07:11:05.520,phemex,AERGO/USDT:USDT,0.13345,182.0,0.13344,967.0,0.13348,655.0,0.1335,988.0
1753600269366,07:11:09.366,phemex,AERGO/USDT:USDT,0.13345,182.0,0.13344,967.0,0.13348,614.0,0.1335,988.0
1753600272227,07:11:12.227,phemex,AERGO/USDT:USDT,0.13345,182.0,0.13344,1566.0,0.1335,917.0,0.13351,884.0
1753600273666,07:11:13.666,phemex,AERGO/USDT:USDT,0.13345,182.0,0.13344,1566.0,0.1335,917.0,0.13351,884.0
1753600274014,07:11:14.014,phemex,AERGO/USDT:USDT,0.13345,182.0,0.13344,1566.0,0.1335,917.0,0.13351,884.0
1753600276105,07:11:16.105,phemex,AERGO/USDT:USDT,0.13345,182.0,0.13344,1566.0,0.13352,1108.0,0.13354,180.0
1753600276906,07:11:16.906,phemex,AERGO/USDT:USDT,0.13345,182.0,0.13344,1566.0,0.13352,1108.0,0.13356,189.0
1753600279630,07:11:19.630,phemex,AERGO/USDT:USDT,0.13345,182.0,0.13344,1566.0,0.13352,1078.0,0.13356,189.0
1753600281141,07:11:21.141,phemex,AERGO/USDT:USDT,0.13345,182.0,0.13344,1566.0,0.13352,1078.0,0.13356,189.0
1753600281191,07:11:21.191,phemex,AERGO/USDT:USDT,0.13345,182.0,0.13344,1566.0,0.13352,1078.0,0.13356,189.0
1753600285546,07:11:25.546,phemex,AERGO/USDT:USDT,0.13345,182.0,0.13344,1566.0,0.13351,181.0,0.13352,1078.0
1753600285614,07:11:25.614,phemex,AERGO/USDT:USDT,0.13345,182.0,0.13344,1566.0,0.13352,1078.0,0.13356,189.0
1753600286060,07:11:26.060,phemex,AERGO/USDT:USDT,0.13347,1080.0,0.13345,182.0,0.1335,944.0,0.13351,818.0
1753600286082,07:11:26.082,phemex,AERGO/USDT:USDT,0.13348,181.0,0.13347,1080.0,0.1335,944.0,0.13351,818.0
1753600286083,07:11:26.083,phemex,AERGO/USDT:USDT,0.13348,181.0,0.13347,1080.0,0.1335,944.0,0.13351,818.0
1753600288365,07:11:28.365,phemex,AERGO/USDT:USDT,0.13348,181.0,0.13347,1080.0,0.13351,181.0,0.13352,1703.0
1753600288386,07:11:28.386,phemex,AERGO/USDT:USDT,0.13348,181.0,0.13347,1080.0,0.13352,1703.0,0.13356,189.0
1753600288589,07:11:28.589,phemex,AERGO/USDT:USDT,0.13348,181.0,0.13347,1080.0,0.13352,1683.0,0.13356,189.0
1753600288589,07:11:28.589,phemex,AERGO/USDT:USDT,0.13348,181.0,0.13347,1080.0,0.13352,1683.0,0.13356,189.0
1753600302109,07:11:42.109,phemex,AERGO/USDT:USDT,0.13348,1741.0,0.13347,2039.0,0.13352,2689.0,0.13355,671.0
1753600302109,07:11:42.109,phemex,AERGO/USDT:USDT,0.13348,1741.0,0.13347,2039.0,0.13352,2689.0,0.13355,671.0
1753600302182,07:11:42.182,phemex,AERGO/USDT:USDT,0.13348,1560.0,0.13347,2039.0,0.13352,2689.0,0.13355,671.0
1753600302209,07:11:42.209,phemex,AERGO/USDT:USDT,0.13349,182.0,0.13348,1560.0,0.13352,2689.0,0.13354,182.0
1753600305678,07:11:45.678,phemex,AERGO/USDT:USDT,0.13349,182.0,0.13348,1560.0,0.13352,2499.0,0.13354,182.0
1753600305866,07:11:45.866,phemex,AERGO/USDT:USDT,0.13348,1560.0,0.13347,2039.0,0.13351,182.0,0.13352,2499.0
1753600305889,07:11:45.889,phemex,AERGO/USDT:USDT,0.13348,1560.0,0.13347,2039.0,0.13351,182.0,0.13352,2499.0
1753600305947,07:11:45.947,phemex,AERGO/USDT:USDT,0.13349,182.0,0.13348,1560.0,0.13352,2499.0,0.13354,182.0
1753600305989,07:11:45.989,phemex,AERGO/USDT:USDT,0.13349,182.0,0.13348,1560.0,0.13352,2499.0,0.13354,182.0
1753600310037,07:11:50.037,phemex,AERGO/USDT:USDT,0.13349,182.0,0.13348,1560.0,0.13351,182.0,0.13352,2499.0
1753600310057,07:11:50.057,phemex,AERGO/USDT:USDT,0.13348,1560.0,0.13347,2039.0,0.13351,182.0,0.13352,2499.0
1753600310114,07:11:50.114,phemex,AERGO/USDT:USDT,0.13349,182.0,0.13348,1560.0,0.13351,182.0,0.13352,2499.0
1753600310132,07:11:50.132,phemex,AERGO/USDT:USDT,0.13349,182.0,0.13348,1560.0,0.13352,2499.0,0.13354,182.0
1753600310158,07:11:50.158,phemex,AERGO/USDT:USDT,0.13349,182.0,0.13348,1560.0,0.13352,2499.0,0.13354,182.0
1753600310458,07:11:50.458,phemex,AERGO/USDT:USDT,0.13348,1560.0,0.13347,2039.0,0.13351,182.0,0.13352,2499.0
1753600310540,07:11:50.540,phemex,AERGO/USDT:USDT,0.13349,182.0,0.13348,1560.0,0.13351,182.0,0.13352,2499.0
1753600310577,07:11:50.577,phemex,AERGO/USDT:USDT,0.13349,182.0,0.13348,1560.0,0.13352,2499.0,0.13354,182.0
1753600312108,07:11:52.108,phemex,AERGO/USDT:USDT,0.13349,182.0,0.13348,1560.0,0.13351,184.0,0.13352,2499.0
1753600312126,07:11:52.126,phemex,AERGO/USDT:USDT,0.13348,1560.0,0.13347,2039.0,0.13351,184.0,0.13352,2499.0
1753600312150,07:11:52.150,phemex,AERGO/USDT:USDT,0.13348,1560.0,0.13347,2039.0,0.13351,184.0,0.13352,2499.0
1753600313896,07:11:53.896,phemex,AERGO/USDT:USDT,0.13349,184.0,0.13348,1560.0,0.13352,2499.0,0.13353,184.0
1753600313920,07:11:53.920,phemex,AERGO/USDT:USDT,0.13349,184.0,0.13348,1560.0,0.13352,2499.0,0.13353,184.0
1753600314353,07:11:54.353,phemex,AERGO/USDT:USDT,0.13349,184.0,0.13348,1560.0,0.13352,2274.0,0.13353,184.0
1753600317775,07:11:57.775,phemex,AERGO/USDT:USDT,0.13349,184.0,0.13348,1560.0,0.13352,2254.0,0.13353,184.0
1753600319331,07:11:59.331,phemex,AERGO/USDT:USDT,0.13349,2329.0,0.13345,182.0,0.13352,736.0,0.13353,880.0
1753600319362,07:11:59.362,phemex,AERGO/USDT:USDT,0.1335,184.0,0.13349,2145.0,0.13352,736.0,0.13353,880.0
1753600319390,07:11:59.390,phemex,AERGO/USDT:USDT,0.1335,184.0,0.13349,2145.0,0.13352,736.0,0.13353,696.0
1753600319480,07:11:59.480,phemex,AERGO/USDT:USDT,0.13348,622.0,0.13345,1072.0,0.13351,184.0,0.13352,736.0
1753600319490,07:11:59.490,phemex,AERGO/USDT:USDT,0.13348,622.0,0.13345,1072.0,0.13351,184.0,0.13352,736.0
1753600319596,07:11:59.596,phemex,AERGO/USDT:USDT,0.13349,184.0,0.13348,622.0,0.13352,736.0,0.13353,696.0
1753600319621,07:11:59.621,phemex,AERGO/USDT:USDT,0.13349,184.0,0.13348,622.0,0.13352,736.0,0.13353,696.0
1753600319760,07:11:59.760,phemex,AERGO/USDT:USDT,0.13349,184.0,0.13348,622.0,0.13352,736.0,0.13353,696.0
1753600320490,07:12:00.490,phemex,AERGO/USDT:USDT,0.13347,184.0,0.13345,1072.0,0.13352,736.0,0.13353,696.0
1753600320511,07:12:00.511,phemex,AERGO/USDT:USDT,0.13347,184.0,0.13345,1072.0,0.13352,736.0,0.13353,696.0
1753600320674,07:12:00.674,phemex,AERGO/USDT:USDT,0.13347,184.0,0.13345,1072.0,0.13351,184.0,0.13352,736.0
1753600322059,07:12:02.059,phemex,AERGO/USDT:USDT,0.13347,184.0,0.13345,1072.0,0.13352,736.0,0.13353,696.0
1753600322089,07:12:02.089,phemex,AERGO/USDT:USDT,0.13347,184.0,0.13345,1072.0,0.13351,189.0,0.13352,736.0
1753600322473,07:12:02.473,phemex,AERGO/USDT:USDT,0.13347,184.0,0.13345,1072.0,0.13351,189.0,0.13352,736.0
1753600324425,07:12:04.425,phemex,AERGO/USDT:USDT,0.13347,184.0,0.13345,1072.0,0.13351,189.0,0.13352,736.0
1753600325869,07:12:05.869,phemex,AERGO/USDT:USDT,0.13347,184.0,0.13345,2817.0,0.13351,189.0,0.13352,736.0
1753600325887,07:12:05.887,phemex,AERGO/USDT:USDT,0.13347,184.0,0.13345,2817.0,0.13351,189.0,0.13352,736.0
1753600325908,07:12:05.908,phemex,AERGO/USDT:USDT,0.13347,184.0,0.13345,2817.0,0.13351,189.0,0.13352,736.0
1753600327880,07:12:07.880,phemex,AERGO/USDT:USDT,0.13347,184.0,0.13345,2817.0,0.13358,181.0,0.13363,2653.0
1753600327912,07:12:07.912,phemex,AERGO/USDT:USDT,0.13347,184.0,0.13345,2817.0,0.13358,181.0,0.13363,2653.0
1753600327958,07:12:07.958,phemex,AERGO/USDT:USDT,0.13347,184.0,0.13345,2817.0,0.13358,181.0,0.13363,2653.0
1753600327991,07:12:07.991,phemex,AERGO/USDT:USDT,0.13347,184.0,0.13345,2817.0,0.13358,181.0,0.13363,2653.0
1753600328045,07:12:08.045,phemex,AERGO/USDT:USDT,0.13347,184.0,0.13345,2817.0,0.13358,181.0,0.13363,2653.0
1753600328204,07:12:08.204,phemex,AERGO/USDT:USDT,0.13347,184.0,0.13345,2817.0,0.13363,2653.0,0.13364,6784.0
1753600328303,07:12:08.303,phemex,AERGO/USDT:USDT,0.13347,184.0,0.13345,2817.0,0.13362,189.0,0.13363,2653.0
1753600332009,07:12:12.009,phemex,AERGO/USDT:USDT,0.13347,184.0,0.13345,2817.0,0.13362,189.0,0.13363,2653.0
1753600333687,07:12:13.687,phemex,AERGO/USDT:USDT,0.13347,184.0,0.13345,2817.0,0.13362,189.0,0.13363,2653.0
1753600334419,07:12:14.419,phemex,AERGO/USDT:USDT,0.13347,184.0,0.13345,2817.0,0.13362,189.0,0.13363,2653.0
1753600335642,07:12:15.642,phemex,AERGO/USDT:USDT,0.13347,184.0,0.13345,2817.0,0.13362,189.0,0.13363,2653.0
1753600335699,07:12:15.699,phemex,AERGO/USDT:USDT,0.13347,184.0,0.13345,2817.0,0.13362,189.0,0.13363,2653.0
1753600338011,07:12:18.011,phemex,AERGO/USDT:USDT,0.13347,184.0,0.13345,2817.0,0.13362,189.0,0.13363,2653.0
1753600338353,07:12:18.353,phemex,AERGO/USDT:USDT,0.1335,1946.0,0.13349,705.0,0.13355,1972.0,0.13356,829.0
1753600338382,07:12:18.382,phemex,AERGO/USDT:USDT,0.13351,185.0,0.1335,1946.0,0.13355,1972.0,0.13356,829.0
1753600338851,07:12:18.851,phemex,AERGO/USDT:USDT,0.13351,185.0,0.1335,1946.0,0.13355,202.0,0.13356,829.0
1753600338991,07:12:18.991,phemex,AERGO/USDT:USDT,0.13351,185.0,0.1335,1946.0,0.13355,387.0,0.13356,829.0
1753600339195,07:12:19.195,phemex,AERGO/USDT:USDT,0.13351,185.0,0.1335,1946.0,0.13354,185.0,0.13355,202.0
1753600339235,07:12:19.235,phemex,AERGO/USDT:USDT,0.13351,185.0,0.1335,1946.0,0.13354,185.0,0.13355,202.0
1753600339240,07:12:19.240,phemex,AERGO/USDT:USDT,0.13351,185.0,0.13349,705.0,0.13354,185.0,0.13355,202.0
1753600339254,07:12:19.254,phemex,AERGO/USDT:USDT,0.13351,185.0,0.13349,705.0,0.13354,185.0,0.13355,202.0
1753600339315,07:12:19.315,phemex,AERGO/USDT:USDT,0.13349,890.0,0.13347,1286.0,0.13354,185.0,0.13355,202.0
1753600339344,07:12:19.344,phemex,AERGO/USDT:USDT,0.1335,185.0,0.13349,705.0,0.13354,185.0,0.13355,202.0
1753600341881,07:12:21.881,phemex,AERGO/USDT:USDT,0.1335,185.0,0.13349,705.0,0.13354,185.0,0.13355,202.0
1753600343066,07:12:23.066,phemex,AERGO/USDT:USDT,0.13349,705.0,0.13347,1286.0,0.13354,185.0,0.13355,202.0
1753600343097,07:12:23.097,phemex,AERGO/USDT:USDT,0.13349,705.0,0.13347,1286.0,0.13354,185.0,0.13355,202.0
1753600343651,07:12:23.651,phemex,AERGO/USDT:USDT,0.1335,183.0,0.13349,705.0,0.13354,185.0,0.13355,202.0
1753600344459,07:12:24.459,phemex,AERGO/USDT:USDT,0.13349,705.0,0.13347,1286.0,0.13354,185.0,0.13355,202.0
1753600344500,07:12:24.500,phemex,AERGO/USDT:USDT,0.13349,705.0,0.13347,1286.0,0.13354,185.0,0.13355,202.0
1753600344530,07:12:24.530,phemex,AERGO/USDT:USDT,0.13349,705.0,0.13348,938.0,0.13352,752.0,0.13354,1269.0
1753600344541,07:12:24.541,phemex,AERGO/USDT:USDT,0.13349,705.0,0.13348,938.0,0.13351,183.0,0.13352,752.0
1753600344557,07:12:24.557,phemex,AERGO/USDT:USDT,0.13349,705.0,0.13348,938.0,0.13351,183.0,0.13352,752.0
1753600345573,07:12:25.573,phemex,AERGO/USDT:USDT,0.13349,705.0,0.13348,938.0,0.13351,183.0,0.13352,752.0
1753600346683,07:12:26.683,phemex,AERGO/USDT:USDT,0.13349,386.0,0.13348,938.0,0.13351,183.0,0.13352,752.0
1753600348334,07:12:28.334,phemex,AERGO/USDT:USDT,0.13349,386.0,0.13348,938.0,0.13352,752.0,0.13354,1269.0
1753600348334,07:12:28.334,phemex,AERGO/USDT:USDT,0.13349,386.0,0.13348,938.0,0.13352,752.0,0.13354,1269.0
1753600350009,07:12:30.009,phemex,AERGO/USDT:USDT,0.13349,386.0,0.13348,938.0,0.13352,752.0,0.13354,1269.0
1753600350046,07:12:30.046,phemex,AERGO/USDT:USDT,0.13349,386.0,0.13348,938.0,0.13352,752.0,0.13354,1269.0
1753600351982,07:12:31.982,phemex,AERGO/USDT:USDT,0.13349,573.0,0.13348,938.0,0.13352,752.0,0.13354,1269.0
1753600352086,07:12:32.086,phemex,AERGO/USDT:USDT,0.1335,187.0,0.13349,386.0,0.13352,752.0,0.13354,1269.0
1753600352395,07:12:32.395,phemex,AERGO/USDT:USDT,0.1335,187.0,0.13349,794.0,0.13352,752.0,0.13354,1269.0
1753600352575,07:12:32.575,phemex,AERGO/USDT:USDT,0.1335,187.0,0.13349,794.0,0.13352,752.0,0.13354,1084.0
1753600352586,07:12:32.586,phemex,AERGO/USDT:USDT,0.1335,187.0,0.13349,794.0,0.13357,599.0,0.13359,1055.0
1753600352613,07:12:32.613,phemex,AERGO/USDT:USDT,0.1335,187.0,0.13349,794.0,0.13357,599.0,0.13359,1055.0
1753600352618,07:12:32.618,phemex,AERGO/USDT:USDT,0.1335,187.0,0.13349,794.0,0.13357,599.0,0.13359,1055.0
1753600352657,07:12:32.657,phemex,AERGO/USDT:USDT,0.1335,187.0,0.13349,794.0,0.13357,599.0,0.13359,1055.0
1753600353208,07:12:33.208,phemex,AERGO/USDT:USDT,0.1335,187.0,0.13349,794.0,0.13357,599.0,0.13359,1055.0
1753600358314,07:12:38.314,phemex,AERGO/USDT:USDT,0.13355,1101.0,0.13351,779.0,0.13357,599.0,0.13359,2168.0
1753600358376,07:12:38.376,phemex,AERGO/USDT:USDT,0.13356,187.0,0.13355,1101.0,0.13357,599.0,0.13359,2168.0
1753600358826,07:12:38.826,phemex,AERGO/USDT:USDT,0.13356,187.0,0.13355,1101.0,0.13359,2168.0,0.13362,189.0
1753600358849,07:12:38.849,phemex,AERGO/USDT:USDT,0.13356,187.0,0.13355,1101.0,0.13359,2168.0,0.13362,189.0
1753600361097,07:12:41.097,phemex,AERGO/USDT:USDT,0.13356,187.0,0.13355,1101.0,0.13358,187.0,0.13359,1985.0
1753600361144,07:12:41.144,phemex,AERGO/USDT:USDT,0.13355,1101.0,0.13353,187.0,0.13358,187.0,0.13359,1985.0
1753600361162,07:12:41.162,phemex,AERGO/USDT:USDT,0.13355,1101.0,0.13353,187.0,0.13358,187.0,0.13359,1985.0
1753600361352,07:12:41.352,phemex,AERGO/USDT:USDT,0.13356,187.0,0.13355,1101.0,0.13358,187.0,0.13359,1985.0
1753600361364,07:12:41.364,phemex,AERGO/USDT:USDT,0.13356,187.0,0.13355,1101.0,0.13359,1985.0,0.13362,189.0
1753600361402,07:12:41.402,phemex,AERGO/USDT:USDT,0.13356,187.0,0.13355,1101.0,0.13359,1985.0,0.13362,189.0
1753600362007,07:12:42.007,phemex,AERGO/USDT:USDT,0.13356,187.0,0.13355,1101.0,0.13359,1985.0,0.13362,189.0
1753600362012,07:12:42.012,phemex,AERGO/USDT:USDT,0.13356,187.0,0.13355,1101.0,0.13359,1985.0,0.13362,189.0
1753600362054,07:12:42.054,phemex,AERGO/USDT:USDT,0.13356,187.0,0.13355,1101.0,0.13359,1985.0,0.13362,189.0
1753600362948,07:12:42.948,phemex,AERGO/USDT:USDT,0.13356,187.0,0.13355,1101.0,0.13359,3099.0,0.13362,933.0
1753600363043,07:12:43.043,phemex,AERGO/USDT:USDT,0.13356,187.0,0.13355,1101.0,0.13359,2049.0,0.13362,933.0
1753600364329,07:12:44.329,phemex,AERGO/USDT:USDT,0.13356,187.0,0.13355,1101.0,0.13358,181.0,0.13359,2049.0
1753600364343,07:12:44.343,phemex,AERGO/USDT:USDT,0.13355,1101.0,0.13353,187.0,0.13358,181.0,0.13359,2049.0
1753600368191,07:12:48.191,phemex,AERGO/USDT:USDT,0.13356,181.0,0.13355,1101.0,0.13359,2049.0,0.1336,181.0
1753600368271,07:12:48.271,phemex,AERGO/USDT:USDT,0.13356,181.0,0.13355,1101.0,0.13359,2049.0,0.1336,181.0
1753600372685,07:12:52.685,phemex,AERGO/USDT:USDT,0.13356,181.0,0.13355,1101.0,0.13359,2019.0,0.1336,181.0
1753600372847,07:12:52.847,phemex,AERGO/USDT:USDT,0.13356,181.0,0.13355,1101.0,0.13359,1114.0,0.1336,181.0
1753600372883,07:12:52.883,phemex,AERGO/USDT:USDT,0.13356,181.0,0.13355,1101.0,0.13359,1114.0,0.13361,729.0
1753600380256,07:13:00.256,phemex,AERGO/USDT:USDT,0.13356,181.0,0.13355,1101.0,0.13359,1096.0,0.13361,729.0
1753600381183,07:13:01.183,phemex,AERGO/USDT:USDT,0.13357,737.0,0.13356,181.0,0.13359,1096.0,0.13361,729.0
1753600381207,07:13:01.207,phemex,AERGO/USDT:USDT,0.13358,182.0,0.13357,737.0,0.13359,1096.0,0.13361,729.0
1753600382818,07:13:02.818,phemex,AERGO/USDT:USDT,0.13357,737.0,0.13356,181.0,0.13359,1096.0,0.13361,729.0
1753600392007,07:13:12.007,phemex,AERGO/USDT:USDT,0.13357,737.0,0.13356,181.0,0.13359,1096.0,0.13361,729.0
1753600392287,07:13:12.287,phemex,AERGO/USDT:USDT,0.13357,737.0,0.13356,181.0,0.13359,1096.0,0.13362,1731.0
1753600392377,07:13:12.377,phemex,AERGO/USDT:USDT,0.13358,187.0,0.13357,737.0,0.13359,1096.0,0.13362,1731.0
1753600393657,07:13:13.657,phemex,AERGO/USDT:USDT,0.13358,187.0,0.13357,737.0,0.13359,1096.0,0.13362,1731.0
1753600393657,07:13:13.657,phemex,AERGO/USDT:USDT,0.13358,187.0,0.13357,737.0,0.13359,1096.0,0.13362,1731.0
1753600393687,07:13:13.687,phemex,AERGO/USDT:USDT,0.13358,187.0,0.13357,737.0,0.13359,1096.0,0.13362,1731.0
1753600399456,07:13:19.456,phemex,AERGO/USDT:USDT,0.13358,187.0,0.13357,737.0,0.13359,1096.0,0.13362,1731.0
1753600399547,07:13:19.547,phemex,AERGO/USDT:USDT,0.13357,737.0,0.13356,1463.0,0.13359,1096.0,0.13362,1731.0
1753600399687,07:13:19.687,phemex,AERGO/USDT:USDT,0.13357,737.0,0.13356,1463.0,0.13359,1096.0,0.13362,1731.0
1753600399743,07:13:19.743,phemex,AERGO/USDT:USDT,0.13358,187.0,0.13357,737.0,0.13359,1096.0,0.13362,1731.0
1753600401740,07:13:21.740,phemex,AERGO/USDT:USDT,0.13357,737.0,0.13356,1463.0,0.13359,1096.0,0.13362,1731.0
1753600401819,07:13:21.819,phemex,AERGO/USDT:USDT,0.13357,737.0,0.13356,1463.0,0.13359,1096.0,0.13362,1731.0
1753600402855,07:13:22.855,phemex,AERGO/USDT:USDT,0.13356,1282.0,0.13355,1101.0,0.13359,1096.0,0.13362,1731.0
1753600402871,07:13:22.871,phemex,AERGO/USDT:USDT,0.13356,1282.0,0.13355,1101.0,0.13359,1096.0,0.13362,1731.0
1753600403143,07:13:23.143,phemex,AERGO/USDT:USDT,0.13357,185.0,0.13356,1282.0,0.13359,1096.0,0.13362,1731.0
1753600404239,07:13:24.239,phemex,AERGO/USDT:USDT,0.13357,185.0,0.13356,1282.0,0.13359,1096.0,0.13362,1731.0
1753600404261,07:13:24.261,phemex,AERGO/USDT:USDT,0.13357,185.0,0.13356,1282.0,0.13359,1096.0,0.13362,1731.0
1753600404261,07:13:24.261,phemex,AERGO/USDT:USDT,0.13357,185.0,0.13356,1282.0,0.13359,1096.0,0.13362,1731.0
1753600409105,07:13:29.105,phemex,AERGO/USDT:USDT,0.13357,185.0,0.13356,1282.0,0.13359,1096.0,0.13362,1731.0
1753600409517,07:13:29.517,phemex,AERGO/USDT:USDT,0.13357,185.0,0.13356,1282.0,0.13359,1096.0,0.13362,1731.0
1753600410331,07:13:30.331,phemex,AERGO/USDT:USDT,0.13357,185.0,0.13356,1282.0,0.13359,1096.0,0.13362,1731.0
1753600410380,07:13:30.380,phemex,AERGO/USDT:USDT,0.13357,185.0,0.13356,1282.0,0.13359,1096.0,0.13362,1542.0
1753600410637,07:13:30.637,phemex,AERGO/USDT:USDT,0.13357,185.0,0.13356,1282.0,0.13359,1096.0,0.13361,185.0
1753600412590,07:13:32.590,phemex,AERGO/USDT:USDT,0.13357,185.0,0.13356,1282.0,0.13362,744.0,0.13363,627.0
1753600412618,07:13:32.618,phemex,AERGO/USDT:USDT,0.13357,185.0,0.13356,1282.0,0.13362,744.0,0.13363,627.0
1753600412711,07:13:32.711,phemex,AERGO/USDT:USDT,0.13357,185.0,0.13356,1282.0,0.13362,694.0,0.13363,627.0
1753600412830,07:13:32.830,phemex,AERGO/USDT:USDT,0.13357,185.0,0.13356,1282.0,0.13362,694.0,0.13363,627.0
1753600415622,07:13:35.622,phemex,AERGO/USDT:USDT,0.13357,185.0,0.13356,1282.0,0.13362,694.0,0.13363,627.0
1753600416029,07:13:36.029,phemex,AERGO/USDT:USDT,0.13357,185.0,0.13356,1282.0,0.13362,694.0,0.13363,627.0
1753600422329,07:13:42.329,phemex,AERGO/USDT:USDT,0.13357,185.0,0.13356,1282.0,0.13361,828.0,0.13362,694.0
1753600422329,07:13:42.329,phemex,AERGO/USDT:USDT,0.13359,743.0,0.13357,185.0,0.13361,828.0,0.13362,694.0
1753600422352,07:13:42.352,phemex,AERGO/USDT:USDT,0.13359,743.0,0.13357,185.0,0.13361,828.0,0.13362,694.0
1753600422474,07:13:42.474,phemex,AERGO/USDT:USDT,0.13359,743.0,0.13357,185.0,0.13361,828.0,0.13362,694.0
1753600422486,07:13:42.486,phemex,AERGO/USDT:USDT,0.1336,189.0,0.13359,743.0,0.13361,828.0,0.13362,694.0
1753600424300,07:13:44.300,phemex,AERGO/USDT:USDT,0.13359,743.0,0.13357,185.0,0.13361,828.0,0.13362,694.0
1753600424656,07:13:44.656,phemex,AERGO/USDT:USDT,0.1336,189.0,0.13359,743.0,0.13361,828.0,0.13362,694.0
1753600427482,07:13:47.482,phemex,AERGO/USDT:USDT,0.1336,189.0,0.13359,743.0,0.13361,828.0,0.13362,694.0
1753600428153,07:13:48.153,phemex,AERGO/USDT:USDT,0.1336,189.0,0.13359,743.0,0.13361,828.0,0.13362,694.0
1753600428175,07:13:48.175,phemex,AERGO/USDT:USDT,0.1336,189.0,0.13359,743.0,0.13361,828.0,0.13362,694.0
1753600428324,07:13:48.324,phemex,AERGO/USDT:USDT,0.1336,189.0,0.13359,743.0,0.13361,828.0,0.13362,694.0
1753600428582,07:13:48.582,phemex,AERGO/USDT:USDT,0.1336,189.0,0.13359,743.0,0.13361,828.0,0.13362,694.0
1753600428637,07:13:48.637,phemex,AERGO/USDT:USDT,0.1336,189.0,0.13359,743.0,0.13361,828.0,0.13362,694.0
1753600428786,07:13:48.786,phemex,AERGO/USDT:USDT,0.1336,189.0,0.13359,743.0,0.13361,828.0,0.13362,694.0
1753600434306,07:13:54.306,phemex,AERGO/USDT:USDT,0.1336,189.0,0.13359,743.0,0.13361,828.0,0.13362,694.0
1753600434667,07:13:54.667,phemex,AERGO/USDT:USDT,0.1336,189.0,0.13359,743.0,0.13361,828.0,0.13362,694.0
1753600434907,07:13:54.907,phemex,AERGO/USDT:USDT,0.1336,189.0,0.13359,743.0,0.13361,828.0,0.13362,694.0
1753600434930,07:13:54.930,phemex,AERGO/USDT:USDT,0.1336,189.0,0.13359,743.0,0.13361,828.0,0.13362,694.0
1753600434980,07:13:54.980,phemex,AERGO/USDT:USDT,0.1336,189.0,0.13359,743.0,0.13361,828.0,0.13362,694.0
1753600435099,07:13:55.099,phemex,AERGO/USDT:USDT,0.1336,189.0,0.13359,743.0,0.13361,828.0,0.13362,694.0
1753600435100,07:13:55.100,phemex,AERGO/USDT:USDT,0.1336,189.0,0.13359,743.0,0.13361,828.0,0.13362,694.0
1753600435200,07:13:55.200,phemex,AERGO/USDT:USDT,0.1336,189.0,0.13359,743.0,0.13361,828.0,0.13362,694.0
1753600435229,07:13:55.229,phemex,AERGO/USDT:USDT,0.1336,189.0,0.13359,743.0,0.13361,828.0,0.13362,694.0
1753600439047,07:13:59.047,phemex,AERGO/USDT:USDT,0.1336,189.0,0.13359,743.0,0.13365,676.0,0.13366,182.0
1753600439059,07:13:59.059,phemex,AERGO/USDT:USDT,0.1336,189.0,0.13359,743.0,0.13368,1136.0,0.1337,1200.0
1753600439085,07:13:59.085,phemex,AERGO/USDT:USDT,0.1336,189.0,0.13359,743.0,0.13367,182.0,0.1337,1200.0
1753600439106,07:13:59.106,phemex,AERGO/USDT:USDT,0.1336,189.0,0.13359,743.0,0.1337,1200.0,0.13372,180.0
1753600439140,07:13:59.140,phemex,AERGO/USDT:USDT,0.1336,189.0,0.13359,743.0,0.13369,182.0,0.1337,1011.0
1753600441626,07:14:01.626,phemex,AERGO/USDT:USDT,0.1336,189.0,0.13359,743.0,0.13369,182.0,0.1337,1011.0
1753600444487,07:14:04.487,phemex,AERGO/USDT:USDT,0.13363,896.0,0.13361,769.0,0.13367,748.0,0.13369,182.0
1753600444500,07:14:04.500,phemex,AERGO/USDT:USDT,0.13366,1910.0,0.13364,183.0,0.13367,748.0,0.13369,182.0
1753600444521,07:14:04.521,phemex,AERGO/USDT:USDT,0.13366,1910.0,0.13364,183.0,0.13367,748.0,0.13369,182.0
1753600445176,07:14:05.176,phemex,AERGO/USDT:USDT,0.13367,748.0,0.13366,1910.0,0.13378,1556.0,0.13382,184.0
1753600445193,07:14:05.193,phemex,AERGO/USDT:USDT,0.13368,183.0,0.13367,748.0,0.1338,926.0,0.13381,825.0
1753600445197,07:14:05.197,phemex,AERGO/USDT:USDT,0.13368,183.0,0.13367,748.0,0.13377,183.0,0.13381,825.0
1753600445222,07:14:05.222,phemex,AERGO/USDT:USDT,0.13368,183.0,0.13367,748.0,0.13381,825.0,0.13382,184.0
1753600445269,07:14:05.269,phemex,AERGO/USDT:USDT,0.13368,183.0,0.13367,748.0,0.1338,183.0,0.13381,825.0
1753600446010,07:14:06.010,phemex,AERGO/USDT:USDT,0.13368,183.0,0.13367,748.0,0.1338,183.0,0.13381,825.0
1753600446078,07:14:06.078,phemex,AERGO/USDT:USDT,0.13368,183.0,0.13367,748.0,0.1338,183.0,0.13381,825.0
1753600447090,07:14:07.090,phemex,AERGO/USDT:USDT,0.13368,183.0,0.13367,748.0,0.1338,183.0,0.13381,825.0
1753600447309,07:14:07.309,phemex,AERGO/USDT:USDT,0.13368,183.0,0.13367,748.0,0.1338,183.0,0.13381,825.0
1753600447359,07:14:07.359,phemex,AERGO/USDT:USDT,0.13368,183.0,0.13367,748.0,0.1338,183.0,0.13381,825.0
1753600450040,07:14:10.040,phemex,AERGO/USDT:USDT,0.13374,1804.0,0.13372,1055.0,0.1338,183.0,0.13381,825.0
1753600450059,07:14:10.059,phemex,AERGO/USDT:USDT,0.13375,183.0,0.13374,1804.0,0.1338,183.0,0.13381,825.0
1753600450084,07:14:10.084,phemex,AERGO/USDT:USDT,0.13375,183.0,0.13374,1804.0,0.1338,183.0,0.13381,825.0
1753600452884,07:14:12.884,phemex,AERGO/USDT:USDT,0.13375,183.0,0.13374,1804.0,0.1338,183.0,0.13381,825.0
1753600452907,07:14:12.907,phemex,AERGO/USDT:USDT,0.13375,183.0,0.13374,1804.0,0.1338,183.0,0.13381,825.0
1753600453840,07:14:13.840,phemex,AERGO/USDT:USDT,0.13375,183.0,0.13374,1804.0,0.13378,1893.0,0.1338,183.0
1753600453862,07:14:13.862,phemex,AERGO/USDT:USDT,0.13375,183.0,0.13374,1804.0,0.13378,1893.0,0.1338,183.0
1753600455845,07:14:15.845,phemex,AERGO/USDT:USDT,0.13375,183.0,0.13374,1804.0,0.13379,916.0,0.1338,183.0
1753600455950,07:14:15.950,phemex,AERGO/USDT:USDT,0.13375,183.0,0.13374,1804.0,0.13379,916.0,0.1338,183.0
1753600455985,07:14:15.985,phemex,AERGO/USDT:USDT,0.13375,183.0,0.13374,1804.0,0.13379,916.0,0.1338,183.0
1753600456005,07:14:16.005,phemex,AERGO/USDT:USDT,0.13375,183.0,0.13374,1804.0,0.1338,183.0,0.13381,1860.0
1753600456076,07:14:16.076,phemex,AERGO/USDT:USDT,0.13375,183.0,0.13374,1804.0,0.1338,183.0,0.13381,1860.0
1753600459716,07:14:19.716,phemex,AERGO/USDT:USDT,0.13374,1804.0,0.13373,183.0,0.1338,183.0,0.13381,1860.0
1753600459759,07:14:19.759,phemex,AERGO/USDT:USDT,0.13374,1804.0,0.13373,183.0,0.1338,183.0,0.13381,1860.0
1753600459765,07:14:19.765,phemex,AERGO/USDT:USDT,0.13373,183.0,0.13372,1055.0,0.1338,183.0,0.13381,1860.0
1753600459794,07:14:19.794,phemex,AERGO/USDT:USDT,0.13375,184.0,0.13373,183.0,0.1338,183.0,0.13381,1860.0
1753600459811,07:14:19.811,phemex,AERGO/USDT:USDT,0.13373,183.0,0.13372,1055.0,0.1338,183.0,0.13381,1860.0
1753600461769,07:14:21.769,phemex,AERGO/USDT:USDT,0.13373,183.0,0.13372,1055.0,0.1338,183.0,0.13381,1860.0
1753600468069,07:14:28.069,phemex,AERGO/USDT:USDT,0.13373,183.0,0.13372,2143.0,0.1338,183.0,0.13381,1860.0
1753600468069,07:14:28.069,phemex,AERGO/USDT:USDT,0.13373,183.0,0.13372,2143.0,0.1338,183.0,0.13381,1860.0
1753600474505,07:14:34.505,phemex,AERGO/USDT:USDT,0.13376,994.0,0.13373,183.0,0.1338,183.0,0.13381,1860.0
1753600475640,07:14:35.640,phemex,AERGO/USDT:USDT,0.13373,183.0,0.13372,2143.0,0.1338,183.0,0.13381,1860.0
1753600475672,07:14:35.672,phemex,AERGO/USDT:USDT,0.13373,183.0,0.13372,2143.0,0.1338,183.0,0.13381,1860.0
1753600475761,07:14:35.761,phemex,AERGO/USDT:USDT,0.13373,183.0,0.13372,2143.0,0.1338,183.0,0.13381,1860.0
1753600481854,07:14:41.854,phemex,AERGO/USDT:USDT,0.13373,1149.0,0.13372,2143.0,0.1338,183.0,0.13381,1860.0
1753600482007,07:14:42.007,phemex,AERGO/USDT:USDT,0.13373,1149.0,0.13372,2143.0,0.1338,183.0,0.13381,1860.0
1753600482076,07:14:42.076,phemex,AERGO/USDT:USDT,0.13374,185.0,0.13373,966.0,0.1338,183.0,0.13381,1860.0
1753600483312,07:14:43.312,phemex,AERGO/USDT:USDT,0.13374,185.0,0.13373,966.0,0.1338,183.0,0.13381,1860.0
1753600483350,07:14:43.350,phemex,AERGO/USDT:USDT,0.13374,185.0,0.13372,2143.0,0.1338,183.0,0.13381,1860.0
1753600483455,07:14:43.455,phemex,AERGO/USDT:USDT,0.13374,185.0,0.13372,1088.0,0.1338,183.0,0.13381,1860.0
1753600483509,07:14:43.509,phemex,AERGO/USDT:USDT,0.13372,1088.0,0.13371,1156.0,0.1338,183.0,0.13381,1860.0
1753600483523,07:14:43.523,phemex,AERGO/USDT:USDT,0.13372,1088.0,0.13371,1156.0,0.1338,183.0,0.13381,1860.0
1753600483548,07:14:43.548,phemex,AERGO/USDT:USDT,0.13372,1088.0,0.13371,972.0,0.1338,183.0,0.13381,1860.0
1753600483676,07:14:43.676,phemex,AERGO/USDT:USDT,0.13372,1088.0,0.13371,972.0,0.1338,183.0,0.13381,1860.0
1753600489398,07:14:49.398,phemex,AERGO/USDT:USDT,0.13372,1088.0,0.13371,1669.0,0.13374,1850.0,0.13378,1475.0
1753600489429,07:14:49.429,phemex,AERGO/USDT:USDT,0.13372,1088.0,0.13371,1669.0,0.13374,1850.0,0.13376,185.0
1753600489478,07:14:49.478,phemex,AERGO/USDT:USDT,0.13373,185.0,0.13372,1088.0,0.13374,1850.0,0.13376,185.0
1753600489505,07:14:49.505,phemex,AERGO/USDT:USDT,0.13372,1088.0,0.13371,1669.0,0.13374,1850.0,0.13376,185.0
1753600489547,07:14:49.547,phemex,AERGO/USDT:USDT,0.13372,1088.0,0.13371,1669.0,0.13374,1850.0,0.13376,185.0
1753600489570,07:14:49.570,phemex,AERGO/USDT:USDT,0.13373,185.0,0.13372,1088.0,0.13374,1850.0,0.13376,185.0
1753600489714,07:14:49.714,phemex,AERGO/USDT:USDT,0.13373,185.0,0.13372,1088.0,0.13374,605.0,0.13376,185.0
1753600489742,07:14:49.742,phemex,AERGO/USDT:USDT,0.13373,185.0,0.13372,1088.0,0.13374,605.0,0.13378,1475.0
1753600489970,07:14:49.970,phemex,AERGO/USDT:USDT,0.13373,185.0,0.13372,1088.0,0.13374,605.0,0.13376,185.0
1753600490044,07:14:50.044,phemex,AERGO/USDT:USDT,0.13373,185.0,0.13372,1088.0,0.13374,605.0,0.13376,185.0
1753600490881,07:14:50.881,phemex,AERGO/USDT:USDT,0.13373,185.0,0.13372,1088.0,0.13375,1056.0,0.13376,964.0
1753600491057,07:14:51.057,phemex,AERGO/USDT:USDT,0.13372,1088.0,0.13371,1669.0,0.13375,1056.0,0.13376,964.0
1753600491101,07:14:51.101,phemex,AERGO/USDT:USDT,0.13372,1088.0,0.13371,1669.0,0.13375,1056.0,0.13376,964.0
1753600494080,07:14:54.080,phemex,AERGO/USDT:USDT,0.13373,184.0,0.13372,1088.0,0.13382,184.0,0.13388,2468.0
1753600494103,07:14:54.103,phemex,AERGO/USDT:USDT,0.13373,184.0,0.13372,1088.0,0.13382,184.0,0.13388,2468.0
1753600495237,07:14:55.237,phemex,AERGO/USDT:USDT,0.13373,184.0,0.13372,1088.0,0.13382,184.0,0.13388,2468.0
1753600495327,07:14:55.327,phemex,AERGO/USDT:USDT,0.13379,1073.0,0.13378,775.0,0.13382,184.0,0.13388,2468.0
1753600495459,07:14:55.459,phemex,AERGO/USDT:USDT,0.13375,727.0,0.13373,184.0,0.13382,184.0,0.13388,2468.0
1753600495474,07:14:55.474,phemex,AERGO/USDT:USDT,0.13375,727.0,0.13373,184.0,0.13382,184.0,0.13388,2468.0
1753600495721,07:14:55.721,phemex,AERGO/USDT:USDT,0.13375,727.0,0.13373,184.0,0.13382,184.0,0.13388,2468.0
1753600496153,07:14:56.153,phemex,AERGO/USDT:USDT,0.13375,727.0,0.13373,184.0,0.13382,184.0,0.13388,2468.0
1753600496171,07:14:56.171,phemex,AERGO/USDT:USDT,0.13372,626.0,0.13371,1737.0,0.13382,184.0,0.13388,2468.0
1753600496352,07:14:56.352,phemex,AERGO/USDT:USDT,0.13372,626.0,0.13371,1737.0,0.13382,184.0,0.13388,2468.0
1753600496522,07:14:56.522,phemex,AERGO/USDT:USDT,0.13372,626.0,0.13371,1737.0,0.13382,184.0,0.13388,2468.0
1753600496587,07:14:56.587,phemex,AERGO/USDT:USDT,0.13373,184.0,0.13372,626.0,0.13382,184.0,0.13388,2468.0
1753600496771,07:14:56.771,phemex,AERGO/USDT:USDT,0.13373,184.0,0.13372,626.0,0.13382,184.0,0.13388,2468.0
1753600498108,07:14:58.108,phemex,AERGO/USDT:USDT,0.13373,184.0,0.13372,626.0,0.13382,184.0,0.13388,2468.0
1753600499428,07:14:59.428,phemex,AERGO/USDT:USDT,0.13373,184.0,0.13372,626.0,0.13379,789.0,0.13381,705.0
1753600499478,07:14:59.478,phemex,AERGO/USDT:USDT,0.13373,184.0,0.13372,626.0,0.13378,184.0,0.13379,789.0
1753600499492,07:14:59.492,phemex,AERGO/USDT:USDT,0.13373,184.0,0.13372,626.0,0.13378,184.0,0.13379,789.0
1753600500369,07:15:00.369,phemex,AERGO/USDT:USDT,0.13373,184.0,0.13372,626.0,0.13378,184.0,0.1338,184.0
1753600500369,07:15:00.369,phemex,AERGO/USDT:USDT,0.13373,184.0,0.13372,626.0,0.13378,184.0,0.1338,184.0
1753600500422,07:15:00.422,phemex,AERGO/USDT:USDT,0.13373,184.0,0.13372,626.0,0.13378,184.0,0.1338,184.0
1753600500433,07:15:00.433,phemex,AERGO/USDT:USDT,0.13373,184.0,0.13372,626.0,0.1338,184.0,0.13382,1243.0
1753600500836,07:15:00.836,phemex,AERGO/USDT:USDT,0.13373,184.0,0.13372,626.0,0.1338,184.0,0.13382,1243.0
1753600500942,07:15:00.942,phemex,AERGO/USDT:USDT,0.13373,184.0,0.13372,626.0,0.1338,184.0,0.13382,1243.0
1753600501396,07:15:01.396,phemex,AERGO/USDT:USDT,0.13378,1076.0,0.13376,848.0,0.13382,1059.0,0.13384,1130.0
1753600501401,07:15:01.401,phemex,AERGO/USDT:USDT,0.13378,1076.0,0.13376,848.0,0.13381,184.0,0.13382,1059.0
1753600502521,07:15:02.521,phemex,AERGO/USDT:USDT,0.13378,1076.0,0.13376,664.0,0.13381,184.0,0.13382,1059.0
1753600503149,07:15:03.149,phemex,AERGO/USDT:USDT,0.13378,1076.0,0.13376,664.0,0.13381,184.0,0.13382,1059.0
1753600503379,07:15:03.379,phemex,AERGO/USDT:USDT,0.13378,1076.0,0.13376,664.0,0.13381,184.0,0.13382,1059.0
1753600503467,07:15:03.467,phemex,AERGO/USDT:USDT,0.13378,1076.0,0.13376,846.0,0.13381,184.0,0.13382,1059.0
1753600504289,07:15:04.289,phemex,AERGO/USDT:USDT,0.13378,1076.0,0.13376,846.0,0.13381,1186.0,0.13382,1059.0
1753600504375,07:15:04.375,phemex,AERGO/USDT:USDT,0.13379,182.0,0.13378,1076.0,0.13381,1002.0,0.13382,1059.0
1753600504460,07:15:04.460,phemex,AERGO/USDT:USDT,0.13378,1076.0,0.13376,846.0,0.13381,1002.0,0.13382,1059.0
1753600504704,07:15:04.704,phemex,AERGO/USDT:USDT,0.13379,182.0,0.13378,1076.0,0.13381,1002.0,0.13382,1059.0
1753600504909,07:15:04.909,phemex,AERGO/USDT:USDT,0.13378,1076.0,0.13376,846.0,0.13381,1002.0,0.13382,1059.0
1753600504982,07:15:04.982,phemex,AERGO/USDT:USDT,0.13379,182.0,0.13378,1076.0,0.13381,1002.0,0.13382,1059.0
1753600505134,07:15:05.134,phemex,AERGO/USDT:USDT,0.13378,1076.0,0.13376,846.0,0.13381,1002.0,0.13382,1059.0
1753600505320,07:15:05.320,phemex,AERGO/USDT:USDT,0.13378,376.0,0.13376,846.0,0.13381,1002.0,0.13382,1059.0
1753600505357,07:15:05.357,phemex,AERGO/USDT:USDT,0.13378,558.0,0.13376,846.0,0.13381,1002.0,0.13382,1059.0
1753600505572,07:15:05.572,phemex,AERGO/USDT:USDT,0.13378,558.0,0.13376,846.0,0.13381,1002.0,0.13382,1059.0
1753600505598,07:15:05.598,phemex,AERGO/USDT:USDT,0.13378,376.0,0.13376,846.0,0.13381,1002.0,0.13382,1059.0
1753600505604,07:15:05.604,phemex,AERGO/USDT:USDT,0.13379,182.0,0.13378,376.0,0.13381,1002.0,0.13382,1059.0
1753600505694,07:15:05.694,phemex,AERGO/USDT:USDT,0.13378,376.0,0.13376,846.0,0.13381,1002.0,0.13382,1059.0
1753600505743,07:15:05.743,phemex,AERGO/USDT:USDT,0.13378,376.0,0.13376,846.0,0.13381,1002.0,0.13382,1059.0
1753600505809,07:15:05.809,phemex,AERGO/USDT:USDT,0.13379,182.0,0.13378,376.0,0.13381,1002.0,0.13382,1059.0
1753600506269,07:15:06.269,phemex,AERGO/USDT:USDT,0.13379,182.0,0.13378,376.0,0.13381,1002.0,0.13382,1059.0
1753600506387,07:15:06.387,phemex,AERGO/USDT:USDT,0.13379,182.0,0.13378,740.0,0.13384,946.0,0.13385,623.0
1753600506414,07:15:06.414,phemex,AERGO/USDT:USDT,0.13379,182.0,0.13378,740.0,0.13384,946.0,0.13385,623.0
1753600506482,07:15:06.482,phemex,AERGO/USDT:USDT,0.13379,182.0,0.13378,740.0,0.13384,946.0,0.13385,623.0
1753600508257,07:15:08.257,phemex,AERGO/USDT:USDT,0.13379,182.0,0.13378,740.0,0.13384,946.0,0.13385,623.0
1753600509430,07:15:09.430,phemex,AERGO/USDT:USDT,0.13379,182.0,0.13378,740.0,0.13383,182.0,0.13384,946.0
1753600510831,07:15:10.831,phemex,AERGO/USDT:USDT,0.13379,182.0,0.13378,740.0,0.13383,182.0,0.13384,946.0
1753600511350,07:15:11.350,phemex,AERGO/USDT:USDT,0.13378,740.0,0.13376,846.0,0.13383,182.0,0.13384,946.0
1753600511519,07:15:11.519,phemex,AERGO/USDT:USDT,0.13379,182.0,0.13378,740.0,0.13383,182.0,0.13384,946.0
1753600513840,07:15:13.840,phemex,AERGO/USDT:USDT,0.13379,182.0,0.13378,740.0,0.13383,1274.0,0.13384,946.0
1753600513863,07:15:13.863,phemex,AERGO/USDT:USDT,0.13379,182.0,0.13378,740.0,0.13383,1274.0,0.13384,946.0
1753600514192,07:15:14.192,phemex,AERGO/USDT:USDT,0.13379,182.0,0.13378,740.0,0.13382,189.0,0.13383,1092.0
1753600514202,07:15:14.202,phemex,AERGO/USDT:USDT,0.13379,182.0,0.13378,740.0,0.13382,189.0,0.13383,1092.0
1753600514758,07:15:14.758,phemex,AERGO/USDT:USDT,0.13376,1151.0,0.13375,985.0,0.13382,189.0,0.13383,1092.0
1753600514768,07:15:14.768,phemex,AERGO/USDT:USDT,0.13377,189.0,0.13376,969.0,0.13382,189.0,0.13383,1092.0
1753600524212,07:15:24.212,phemex,AERGO/USDT:USDT,0.13378,1057.0,0.13377,1193.0,0.13382,189.0,0.13383,1092.0
1753600524235,07:15:24.235,phemex,AERGO/USDT:USDT,0.13378,1057.0,0.13377,1193.0,0.13382,189.0,0.13383,1092.0
1753600526111,07:15:26.111,phemex,AERGO/USDT:USDT,0.13378,1057.0,0.13377,1004.0,0.13382,189.0,0.13383,1092.0
1753600526349,07:15:26.349,phemex,AERGO/USDT:USDT,0.13377,1004.0,0.13376,969.0,0.13382,189.0,0.13383,1092.0
1753600529019,07:15:29.019,phemex,AERGO/USDT:USDT,0.13376,969.0,0.13375,1166.0,0.13382,189.0,0.13383,1092.0
1753600529019,07:15:29.019,phemex,AERGO/USDT:USDT,0.13376,969.0,0.13375,1166.0,0.13382,189.0,0.13383,1092.0
1753600529278,07:15:29.278,phemex,AERGO/USDT:USDT,0.13373,184.0,0.1337,185.0,0.13382,189.0,0.13383,1092.0
1753600529300,07:15:29.300,phemex,AERGO/USDT:USDT,0.1337,185.0,0.13369,5442.0,0.13382,189.0,0.13383,1092.0
1753600529532,07:15:29.532,phemex,AERGO/USDT:USDT,0.1337,185.0,0.13369,5442.0,0.13382,189.0,0.13383,1092.0
1753600529590,07:15:29.590,phemex,AERGO/USDT:USDT,0.1337,185.0,0.13369,5442.0,0.13382,189.0,0.13383,1092.0
1753600530016,07:15:30.016,phemex,AERGO/USDT:USDT,0.1337,185.0,0.13369,5442.0,0.13382,189.0,0.13383,1092.0
1753600530017,07:15:30.017,phemex,AERGO/USDT:USDT,0.1337,185.0,0.13369,5442.0,0.13382,189.0,0.13383,1092.0
1753600530155,07:15:30.155,phemex,AERGO/USDT:USDT,0.1337,185.0,0.13369,5442.0,0.13382,189.0,0.13383,1092.0
1753600535358,07:15:35.358,phemex,AERGO/USDT:USDT,0.13376,876.0,0.13374,670.0,0.13382,189.0,0.13383,1092.0
1753600535383,07:15:35.383,phemex,AERGO/USDT:USDT,0.13376,876.0,0.13374,854.0,0.13382,189.0,0.13383,1092.0
1753600538340,07:15:38.340,phemex,AERGO/USDT:USDT,0.13377,184.0,0.13376,876.0,0.13382,189.0,0.13383,1092.0
1753600540647,07:15:40.647,phemex,AERGO/USDT:USDT,0.13376,876.0,0.13374,854.0,0.13382,189.0,0.13383,1092.0
1753600540845,07:15:40.845,phemex,AERGO/USDT:USDT,0.13376,406.0,0.13374,854.0,0.13382,189.0,0.13383,1092.0
1753600541283,07:15:41.283,phemex,AERGO/USDT:USDT,0.13376,590.0,0.13374,854.0,0.13382,189.0,0.13383,1092.0
1753600545345,07:15:45.345,phemex,AERGO/USDT:USDT,0.13377,183.0,0.13376,1432.0,0.13382,189.0,0.13383,1092.0
1753600548803,07:15:48.803,phemex,AERGO/USDT:USDT,0.13377,183.0,0.13376,1432.0,0.13382,189.0,0.13383,1092.0
1753600548837,07:15:48.837,phemex,AERGO/USDT:USDT,0.13377,183.0,0.13376,1432.0,0.13382,189.0,0.13383,1092.0
1753600548845,07:15:48.845,phemex,AERGO/USDT:USDT,0.13377,183.0,0.13376,1432.0,0.13383,1092.0,0.13384,1135.0
1753600548878,07:15:48.878,phemex,AERGO/USDT:USDT,0.13377,183.0,0.13376,1432.0,0.13383,1092.0,0.13384,1135.0
1753600548887,07:15:48.887,phemex,AERGO/USDT:USDT,0.13377,183.0,0.13376,1432.0,0.13383,1092.0,0.13384,1135.0
1753600549303,07:15:49.303,phemex,AERGO/USDT:USDT,0.13377,183.0,0.13376,1432.0,0.13382,183.0,0.13383,1092.0
1753600551397,07:15:51.397,phemex,AERGO/USDT:USDT,0.13377,183.0,0.13376,1432.0,0.13382,183.0,0.13383,1092.0
1753600552396,07:15:52.396,phemex,AERGO/USDT:USDT,0.13377,183.0,0.13376,1432.0,0.13383,1092.0,0.13384,1135.0
1753600553156,07:15:53.156,phemex,AERGO/USDT:USDT,0.13381,1065.0,0.13379,790.0,0.13383,1092.0,0.13384,1135.0
1753600553201,07:15:53.201,phemex,AERGO/USDT:USDT,0.13381,1065.0,0.13379,790.0,0.13383,1092.0,0.13384,946.0
1753600553331,07:15:53.331,phemex,AERGO/USDT:USDT,0.13382,182.0,0.13381,1065.0,0.13383,1092.0,0.13384,946.0
1753600553334,07:15:53.334,phemex,AERGO/USDT:USDT,0.13382,182.0,0.13381,1065.0,0.13383,1092.0,0.13384,946.0
1753600553468,07:15:53.468,phemex,AERGO/USDT:USDT,0.13381,1065.0,0.1338,182.0,0.13383,1092.0,0.13384,946.0
1753600554109,07:15:54.109,phemex,AERGO/USDT:USDT,0.13382,182.0,0.13381,1065.0,0.13383,1092.0,0.13384,946.0
1753600554137,07:15:54.137,phemex,AERGO/USDT:USDT,0.13382,182.0,0.13381,1065.0,0.13383,1092.0,0.13384,946.0
1753600554670,07:15:54.670,phemex,AERGO/USDT:USDT,0.13381,1065.0,0.1338,182.0,0.13383,1092.0,0.13384,946.0
1753600555793,07:15:55.793,phemex,AERGO/USDT:USDT,0.13381,715.0,0.1338,182.0,0.13383,1092.0,0.13384,946.0
1753600555878,07:15:55.878,phemex,AERGO/USDT:USDT,0.13382,182.0,0.13381,715.0,0.13383,1092.0,0.13384,946.0
1753600555933,07:15:55.933,phemex,AERGO/USDT:USDT,0.13382,182.0,0.13381,715.0,0.13384,946.0,0.13385,1350.0
1753600556786,07:15:56.786,phemex,AERGO/USDT:USDT,0.13382,182.0,0.13381,715.0,0.13384,946.0,0.13385,1350.0
1753600556791,07:15:56.791,phemex,AERGO/USDT:USDT,0.13382,182.0,0.13381,715.0,0.13384,946.0,0.13385,1350.0
1753600556845,07:15:56.845,phemex,AERGO/USDT:USDT,0.13382,182.0,0.13381,715.0,0.13384,946.0,0.13385,1350.0
1753600558111,07:15:58.111,phemex,AERGO/USDT:USDT,0.13382,182.0,0.13381,715.0,0.13384,864.0,0.13385,1350.0
1753600560436,07:16:00.436,phemex,AERGO/USDT:USDT,0.13382,182.0,0.13381,715.0,0.13384,864.0,0.13385,1350.0
1753600560454,07:16:00.454,phemex,AERGO/USDT:USDT,0.13382,182.0,0.13381,715.0,0.13384,864.0,0.13385,1350.0
1753600560462,07:16:00.462,phemex,AERGO/USDT:USDT,0.13382,182.0,0.13381,715.0,0.13384,864.0,0.13385,1350.0
1753600560485,07:16:00.485,phemex,AERGO/USDT:USDT,0.13382,182.0,0.13381,715.0,0.13384,864.0,0.13385,1350.0
1753600561184,07:16:01.184,phemex,AERGO/USDT:USDT,0.13382,182.0,0.13381,715.0,0.13388,1829.0,0.1339,184.0
1753600561268,07:16:01.268,phemex,AERGO/USDT:USDT,0.13382,182.0,0.13381,715.0,0.1339,1032.0,0.13391,969.0
1753600561290,07:16:01.290,phemex,AERGO/USDT:USDT,0.13382,182.0,0.13381,715.0,0.1339,1032.0,0.13391,969.0
1753600561922,07:16:01.922,phemex,AERGO/USDT:USDT,0.13382,182.0,0.13381,715.0,0.1339,1032.0,0.13391,969.0
1753600561965,07:16:01.965,phemex,AERGO/USDT:USDT,0.13382,182.0,0.13381,715.0,0.1339,1032.0,0.13391,969.0
1753600563880,07:16:03.880,phemex,AERGO/USDT:USDT,0.13382,182.0,0.13381,715.0,0.1339,897.0,0.13391,969.0
1753600565787,07:16:05.787,phemex,AERGO/USDT:USDT,0.13382,182.0,0.13381,715.0,0.1339,857.0,0.13391,969.0
1753600565821,07:16:05.821,phemex,AERGO/USDT:USDT,0.13385,1383.0,0.13384,643.0,0.1339,857.0,0.13391,969.0
1753600565837,07:16:05.837,phemex,AERGO/USDT:USDT,0.13386,184.0,0.13385,1383.0,0.1339,857.0,0.13391,969.0
1753600566018,07:16:06.018,phemex,AERGO/USDT:USDT,0.13386,184.0,0.13385,1383.0,0.1339,857.0,0.13391,969.0
1753600567195,07:16:07.195,phemex,AERGO/USDT:USDT,0.13386,184.0,0.13385,1383.0,0.13389,184.0,0.1339,857.0
1753600567349,07:16:07.349,phemex,AERGO/USDT:USDT,0.13386,184.0,0.13385,1383.0,0.13389,184.0,0.1339,857.0
1753600567388,07:16:07.388,phemex,AERGO/USDT:USDT,0.13386,184.0,0.13385,1383.0,0.1339,857.0,0.13391,969.0
1753600567414,07:16:07.414,phemex,AERGO/USDT:USDT,0.13386,184.0,0.13385,1383.0,0.1339,857.0,0.13391,969.0
1753600571946,07:16:11.946,phemex,AERGO/USDT:USDT,0.13386,184.0,0.13385,1383.0,0.13389,189.0,0.1339,857.0
1753600571971,07:16:11.971,phemex,AERGO/USDT:USDT,0.13385,1383.0,0.13384,643.0,0.13389,189.0,0.1339,857.0
1753600572042,07:16:12.042,phemex,AERGO/USDT:USDT,0.13386,189.0,0.13385,1383.0,0.13389,189.0,0.1339,857.0
1753600573643,07:16:13.643,phemex,AERGO/USDT:USDT,0.13386,189.0,0.13385,1383.0,0.1339,857.0,0.13391,969.0
1753600573693,07:16:13.693,phemex,AERGO/USDT:USDT,0.13386,189.0,0.13385,1383.0,0.1339,857.0,0.13391,969.0
1753600573904,07:16:13.904,phemex,AERGO/USDT:USDT,0.13386,189.0,0.13385,1383.0,0.1339,857.0,0.13391,969.0
1753600574046,07:16:14.046,phemex,AERGO/USDT:USDT,0.13386,189.0,0.13385,1383.0,0.13391,969.0,0.13392,1066.0
1753600574069,07:16:14.069,phemex,AERGO/USDT:USDT,0.13386,189.0,0.13385,1383.0,0.13391,969.0,0.13392,884.0
1753600574179,07:16:14.179,phemex,AERGO/USDT:USDT,0.13386,189.0,0.13385,1383.0,0.13391,969.0,0.13392,1690.0
1753600574186,07:16:14.186,phemex,AERGO/USDT:USDT,0.13386,189.0,0.13385,1383.0,0.13393,1717.0,0.13394,182.0
1753600574237,07:16:14.237,phemex,AERGO/USDT:USDT,0.13386,189.0,0.13385,1383.0,0.13393,1717.0,0.13396,182.0
1753600574267,07:16:14.267,phemex,AERGO/USDT:USDT,0.13386,189.0,0.13385,1383.0,0.13393,1717.0,0.13396,182.0
1753600575650,07:16:15.650,phemex,AERGO/USDT:USDT,0.13386,189.0,0.13385,1383.0,0.13393,1717.0,0.13398,183.0
1753600575662,07:16:15.662,phemex,AERGO/USDT:USDT,0.13386,189.0,0.13385,1383.0,0.13393,1717.0,0.13398,183.0
1753600577917,07:16:17.917,phemex,AERGO/USDT:USDT,0.13386,189.0,0.13385,1383.0,0.13393,1717.0,0.13398,183.0
1753600578071,07:16:18.071,phemex,AERGO/USDT:USDT,0.13386,189.0,0.13385,1383.0,0.13393,1717.0,0.13398,183.0
1753600578395,07:16:18.395,phemex,AERGO/USDT:USDT,0.13386,189.0,0.13385,1383.0,0.13393,1717.0,0.13398,183.0
1753600579752,07:16:19.752,phemex,AERGO/USDT:USDT,0.13391,865.0,0.13388,2346.0,0.13393,1717.0,0.13395,938.0
1753600579769,07:16:19.769,phemex,AERGO/USDT:USDT,0.13392,189.0,0.13391,865.0,0.13393,1717.0,0.13395,938.0
1753600579786,07:16:19.786,phemex,AERGO/USDT:USDT,0.13392,189.0,0.13391,865.0,0.13393,1717.0,0.13395,938.0
1753600579860,07:16:19.860,phemex,AERGO/USDT:USDT,0.13392,189.0,0.13391,865.0,0.13393,882.0,0.13395,938.0
1753600581234,07:16:21.234,phemex,AERGO/USDT:USDT,0.13392,189.0,0.13391,865.0,0.13393,882.0,0.13395,938.0
1753600581277,07:16:21.277,phemex,AERGO/USDT:USDT,0.13392,189.0,0.13391,865.0,0.13393,882.0,0.13395,938.0
1753600582935,07:16:22.935,phemex,AERGO/USDT:USDT,0.13392,189.0,0.13391,865.0,0.13393,607.0,0.13395,938.0
1753600584121,07:16:24.121,phemex,AERGO/USDT:USDT,0.13392,189.0,0.13391,865.0,0.13393,607.0,0.13395,938.0
1753600584121,07:16:24.121,phemex,AERGO/USDT:USDT,0.13392,189.0,0.13391,865.0,0.13393,607.0,0.13395,938.0
1753600589113,07:16:29.113,phemex,AERGO/USDT:USDT,0.13392,189.0,0.13391,865.0,0.13393,607.0,0.13395,938.0
1753600589328,07:16:29.328,phemex,AERGO/USDT:USDT,0.13392,184.0,0.13391,865.0,0.13393,607.0,0.13395,938.0
1753600589357,07:16:29.357,phemex,AERGO/USDT:USDT,0.13392,184.0,0.13391,865.0,0.13393,607.0,0.13395,938.0
1753600592809,07:16:32.809,phemex,AERGO/USDT:USDT,0.13392,184.0,0.13391,865.0,0.13393,547.0,0.13395,938.0
1753600594113,07:16:34.113,phemex,AERGO/USDT:USDT,0.13391,865.0,0.1339,1268.0,0.13393,547.0,0.13395,938.0
1753600594175,07:16:34.175,phemex,AERGO/USDT:USDT,0.13391,865.0,0.1339,1268.0,0.13393,547.0,0.13395,938.0
1753600594253,07:16:34.253,phemex,AERGO/USDT:USDT,0.13391,865.0,0.1339,1268.0,0.13393,547.0,0.13395,938.0
1753600594281,07:16:34.281,phemex,AERGO/USDT:USDT,0.13391,865.0,0.1339,1268.0,0.13393,547.0,0.13395,938.0
1753600594466,07:16:34.466,phemex,AERGO/USDT:USDT,0.13391,865.0,0.1339,1268.0,0.13393,547.0,0.13395,1126.0
1753600595352,07:16:35.352,phemex,AERGO/USDT:USDT,0.13391,865.0,0.1339,1268.0,0.13392,1235.0,0.13393,1059.0
1753600595371,07:16:35.371,phemex,AERGO/USDT:USDT,0.13391,865.0,0.1339,1268.0,0.13392,1235.0,0.13393,1059.0
1753600596218,07:16:36.218,phemex,AERGO/USDT:USDT,0.13391,865.0,0.1339,1079.0,0.13392,1235.0,0.13393,1059.0
1753600619488,07:16:59.488,phemex,AERGO/USDT:USDT,0.13386,1156.0,0.13382,182.0,0.13392,1235.0,0.13393,1059.0
1753600619500,07:16:59.500,phemex,AERGO/USDT:USDT,0.13386,1156.0,0.13382,182.0,0.13391,180.0,0.13392,1235.0
1753600619520,07:16:59.520,phemex,AERGO/USDT:USDT,0.13387,180.0,0.13386,967.0,0.13391,180.0,0.13392,1235.0
1753600619580,07:16:59.580,phemex,AERGO/USDT:USDT,0.13387,1186.0,0.13386,967.0,0.13391,180.0,0.13392,1235.0
1753600619605,07:16:59.605,phemex,AERGO/USDT:USDT,0.13387,1186.0,0.13386,967.0,0.13391,180.0,0.13392,1235.0
1753600620288,07:17:00.288,phemex,AERGO/USDT:USDT,0.13387,1006.0,0.13386,967.0,0.13391,180.0,0.13392,1235.0
1753600620316,07:17:00.316,phemex,AERGO/USDT:USDT,0.13387,1006.0,0.13386,967.0,0.13391,180.0,0.13392,1235.0
1753600620354,07:17:00.354,phemex,AERGO/USDT:USDT,0.13388,180.0,0.13387,1006.0,0.13391,180.0,0.13392,1235.0
1753600620417,07:17:00.417,phemex,AERGO/USDT:USDT,0.13387,1006.0,0.13386,967.0,0.13391,180.0,0.13392,1235.0
1753600620431,07:17:00.431,phemex,AERGO/USDT:USDT,0.13388,180.0,0.13387,1006.0,0.13391,180.0,0.13392,1235.0
1753600620458,07:17:00.458,phemex,AERGO/USDT:USDT,0.13387,1006.0,0.13386,967.0,0.13391,180.0,0.13392,1235.0
1753600620465,07:17:00.465,phemex,AERGO/USDT:USDT,0.13387,1006.0,0.13386,967.0,0.13391,180.0,0.13392,1235.0
1753600622276,07:17:02.276,phemex,AERGO/USDT:USDT,0.13388,182.0,0.13387,1006.0,0.13393,1816.0,0.13395,938.0
1753600622306,07:17:02.306,phemex,AERGO/USDT:USDT,0.13388,182.0,0.13387,1006.0,0.13393,1816.0,0.13395,1120.0
1753600623637,07:17:03.637,phemex,AERGO/USDT:USDT,0.13388,182.0,0.13387,1006.0,0.13393,816.0,0.13395,1120.0
1753600625257,07:17:05.257,phemex,AERGO/USDT:USDT,0.13388,182.0,0.13387,1006.0,0.13393,816.0,0.13395,1120.0
1753600625282,07:17:05.282,phemex,AERGO/USDT:USDT,0.13388,182.0,0.13387,1006.0,0.13393,816.0,0.13395,1120.0
1753600628568,07:17:08.568,phemex,AERGO/USDT:USDT,0.13388,182.0,0.13387,1006.0,0.13392,182.0,0.13393,816.0
1753600629064,07:17:09.064,phemex,AERGO/USDT:USDT,0.13388,182.0,0.13387,1006.0,0.13393,816.0,0.13395,1120.0
1753600629406,07:17:09.406,phemex,AERGO/USDT:USDT,0.13388,182.0,0.13387,1006.0,0.13392,182.0,0.13393,816.0
1753600632085,07:17:12.085,phemex,AERGO/USDT:USDT,0.13388,182.0,0.13387,1006.0,0.13393,816.0,0.13395,1120.0
1753600633608,07:17:13.608,phemex,AERGO/USDT:USDT,0.13388,182.0,0.13387,1006.0,0.13393,433.0,0.13395,1120.0
1753600638770,07:17:18.770,phemex,AERGO/USDT:USDT,0.1339,924.0,0.13388,182.0,0.13393,433.0,0.13395,1120.0
1753600638822,07:17:18.822,phemex,AERGO/USDT:USDT,0.13391,185.0,0.1339,924.0,0.13393,433.0,0.13395,1120.0
1753600638837,07:17:18.837,phemex,AERGO/USDT:USDT,0.13391,185.0,0.1339,924.0,0.13393,433.0,0.13395,938.0
1753600642617,07:17:22.617,phemex,AERGO/USDT:USDT,0.13391,185.0,0.1339,924.0,0.13393,317.0,0.13395,938.0
1753600643778,07:17:23.778,phemex,AERGO/USDT:USDT,0.13391,185.0,0.1339,924.0,0.13393,287.0,0.13395,938.0
1753600644015,07:17:24.015,phemex,AERGO/USDT:USDT,0.13391,185.0,0.1339,924.0,0.13393,287.0,0.13395,938.0
1753600644295,07:17:24.295,phemex,AERGO/USDT:USDT,0.13391,185.0,0.1339,924.0,0.13393,287.0,0.13395,938.0
1753600644295,07:17:24.295,phemex,AERGO/USDT:USDT,0.13391,185.0,0.1339,924.0,0.13393,287.0,0.13395,938.0
1753600649110,07:17:29.110,phemex,AERGO/USDT:USDT,0.13391,185.0,0.1339,924.0,0.13393,287.0,0.13395,938.0
1753600649182,07:17:29.182,phemex,AERGO/USDT:USDT,0.13391,185.0,0.1339,924.0,0.13393,287.0,0.13395,938.0
1753600649247,07:17:29.247,phemex,AERGO/USDT:USDT,0.13391,185.0,0.1339,924.0,0.13393,287.0,0.13395,938.0
1753600659424,07:17:39.424,phemex,AERGO/USDT:USDT,0.13391,185.0,0.1339,924.0,0.13393,287.0,0.13395,938.0
1753600659527,07:17:39.527,phemex,AERGO/USDT:USDT,0.13391,185.0,0.1339,924.0,0.13393,287.0,0.13395,938.0
1753600659570,07:17:39.570,phemex,AERGO/USDT:USDT,0.13391,185.0,0.1339,924.0,0.13393,287.0,0.13395,938.0
1753600664454,07:17:44.454,phemex,AERGO/USDT:USDT,0.13391,185.0,0.1339,924.0,0.13397,632.0,0.134,182.0
1753600664454,07:17:44.454,phemex,AERGO/USDT:USDT,0.13391,185.0,0.1339,924.0,0.13397,632.0,0.134,182.0
1753600664565,07:17:44.565,phemex,AERGO/USDT:USDT,0.13391,185.0,0.1339,924.0,0.13397,632.0,0.13402,2667.0
1753600664588,07:17:44.588,phemex,AERGO/USDT:USDT,0.13391,185.0,0.1339,924.0,0.13397,632.0,0.13402,2667.0
1753600664599,07:17:44.599,phemex,AERGO/USDT:USDT,0.13391,185.0,0.1339,924.0,0.13397,632.0,0.13402,2667.0
1753600665657,07:17:45.657,phemex,AERGO/USDT:USDT,0.13391,185.0,0.1339,924.0,0.13398,673.0,0.134,1111.0
1753600665950,07:17:45.950,phemex,AERGO/USDT:USDT,0.13391,185.0,0.1339,924.0,0.13398,673.0,0.134,1111.0
1753600668012,07:17:48.012,phemex,AERGO/USDT:USDT,0.13391,185.0,0.1339,924.0,0.13398,673.0,0.134,1111.0
1753600669884,07:17:49.884,phemex,AERGO/USDT:USDT,0.13391,185.0,0.13388,182.0,0.13397,184.0,0.13398,673.0
1753600669898,07:17:49.898,phemex,AERGO/USDT:USDT,0.13388,182.0,0.13385,180.0,0.13398,673.0,0.134,1295.0
1753600669922,07:17:49.922,phemex,AERGO/USDT:USDT,0.13385,180.0,0.13383,1939.0,0.13398,673.0,0.134,1295.0
1753600670101,07:17:50.101,phemex,AERGO/USDT:USDT,0.13385,180.0,0.13383,1939.0,0.13397,184.0,0.13398,673.0
1753600670351,07:17:50.351,phemex,AERGO/USDT:USDT,0.13385,180.0,0.13383,1939.0,0.13397,184.0,0.13398,673.0
1753600670394,07:17:50.394,phemex,AERGO/USDT:USDT,0.13385,180.0,0.13383,1939.0,0.13398,673.0,0.134,1295.0
1753600673278,07:17:53.278,phemex,AERGO/USDT:USDT,0.13385,180.0,0.13383,1939.0,0.13398,673.0,0.134,1295.0
1753600674178,07:17:54.178,phemex,AERGO/USDT:USDT,0.13385,180.0,0.13383,1939.0,0.134,1295.0,0.13402,1256.0
1753600674212,07:17:54.212,phemex,AERGO/USDT:USDT,0.13385,180.0,0.13383,1939.0,0.13399,184.0,0.134,1111.0
1753600678898,07:17:58.898,phemex,AERGO/USDT:USDT,0.13391,936.0,0.1339,835.0,0.13398,1045.0,0.13399,184.0
1753600678931,07:17:58.931,phemex,AERGO/USDT:USDT,0.13391,936.0,0.1339,835.0,0.13398,1045.0,0.134,2034.0
1753600678971,07:17:58.971,phemex,AERGO/USDT:USDT,0.13391,936.0,0.1339,835.0,0.13398,1045.0,0.134,2034.0
1753600679008,07:17:59.008,phemex,AERGO/USDT:USDT,0.13391,936.0,0.1339,835.0,0.13398,1045.0,0.134,2034.0
1753600679058,07:17:59.058,phemex,AERGO/USDT:USDT,0.13392,184.0,0.13391,936.0,0.13398,1045.0,0.134,2034.0
1753600679116,07:17:59.116,phemex,AERGO/USDT:USDT,0.13392,184.0,0.13391,936.0,0.13398,1045.0,0.134,2034.0
1753600679718,07:17:59.718,phemex,AERGO/USDT:USDT,0.13392,184.0,0.13391,936.0,0.134,923.0,0.13401,843.0
1753600679769,07:17:59.769,phemex,AERGO/USDT:USDT,0.13392,184.0,0.13391,936.0,0.134,923.0,0.13401,843.0
1753600679891,07:17:59.891,phemex,AERGO/USDT:USDT,0.13392,184.0,0.13391,936.0,0.134,1735.0,0.13401,843.0
1753600679915,07:17:59.915,phemex,AERGO/USDT:USDT,0.13392,184.0,0.13391,936.0,0.134,1735.0,0.13401,843.0
1753600680018,07:18:00.018,phemex,AERGO/USDT:USDT,0.13392,184.0,0.13391,936.0,0.134,1735.0,0.13401,843.0
1753600680087,07:18:00.087,phemex,AERGO/USDT:USDT,0.13392,184.0,0.13391,936.0,0.134,1735.0,0.13401,843.0
1753600680230,07:18:00.230,phemex,AERGO/USDT:USDT,0.13392,184.0,0.13391,936.0,0.134,923.0,0.13401,843.0
1753600680537,07:18:00.537,phemex,AERGO/USDT:USDT,0.13392,184.0,0.13391,936.0,0.13401,843.0,0.13404,1217.0
1753600680570,07:18:00.570,phemex,AERGO/USDT:USDT,0.13392,184.0,0.13391,936.0,0.13401,843.0,0.13404,1217.0
1753600680777,07:18:00.777,phemex,AERGO/USDT:USDT,0.13392,184.0,0.13391,936.0,0.13404,1908.0,0.13405,698.0
1753600680795,07:18:00.795,phemex,AERGO/USDT:USDT,0.13392,184.0,0.13391,936.0,0.13404,1908.0,0.13405,698.0
1753600680997,07:18:00.997,phemex,AERGO/USDT:USDT,0.13392,184.0,0.13391,936.0,0.13403,184.0,0.13404,1908.0
1753600681017,07:18:01.017,phemex,AERGO/USDT:USDT,0.13392,184.0,0.13391,936.0,0.13404,1726.0,0.13405,698.0
1753600681059,07:18:01.059,phemex,AERGO/USDT:USDT,0.13392,184.0,0.13391,936.0,0.13404,1726.0,0.13405,698.0
1753600681099,07:18:01.099,phemex,AERGO/USDT:USDT,0.13392,184.0,0.13391,936.0,0.13404,691.0,0.13405,698.0
1753600681118,07:18:01.118,phemex,AERGO/USDT:USDT,0.13392,184.0,0.13391,936.0,0.13404,691.0,0.13405,698.0
1753600681165,07:18:01.165,phemex,AERGO/USDT:USDT,0.13392,184.0,0.13391,936.0,0.13404,691.0,0.13405,698.0
1753600681640,07:18:01.640,phemex,AERGO/USDT:USDT,0.13392,184.0,0.13391,936.0,0.13404,691.0,0.13405,698.0
1753600682085,07:18:02.085,phemex,AERGO/USDT:USDT,0.13392,184.0,0.13391,936.0,0.13405,698.0,0.13406,1009.0
1753600682093,07:18:02.093,phemex,AERGO/USDT:USDT,0.13392,184.0,0.13391,936.0,0.13405,698.0,0.13406,1009.0
1753600682368,07:18:02.368,phemex,AERGO/USDT:USDT,0.13392,184.0,0.13391,936.0,0.13406,1009.0,0.13407,1035.0
1753600682399,07:18:02.399,phemex,AERGO/USDT:USDT,0.13392,184.0,0.13391,936.0,0.13406,1009.0,0.13407,1035.0
1753600682521,07:18:02.521,phemex,AERGO/USDT:USDT,0.13392,184.0,0.13391,936.0,0.13406,1009.0,0.13407,1035.0
1753600682657,07:18:02.657,phemex,AERGO/USDT:USDT,0.13392,184.0,0.13391,936.0,0.13407,1035.0,0.13408,184.0
1753600682679,07:18:02.679,phemex,AERGO/USDT:USDT,0.13392,184.0,0.13391,936.0,0.13407,1035.0,0.13408,184.0
1753600683155,07:18:03.155,phemex,AERGO/USDT:USDT,0.13392,184.0,0.13391,936.0,0.13406,184.0,0.13407,1035.0
1753600684266,07:18:04.266,phemex,AERGO/USDT:USDT,0.13392,184.0,0.13391,936.0,0.13406,184.0,0.13407,1035.0
1753600684567,07:18:04.567,phemex,AERGO/USDT:USDT,0.13398,716.0,0.13397,2725.0,0.13406,184.0,0.13407,1035.0
1753600684589,07:18:04.589,phemex,AERGO/USDT:USDT,0.13399,184.0,0.13398,716.0,0.13407,1035.0,0.13408,184.0
1753600684652,07:18:04.652,phemex,AERGO/USDT:USDT,0.13399,184.0,0.13398,716.0,0.13407,1035.0,0.13408,184.0
1753600685271,07:18:05.271,phemex,AERGO/USDT:USDT,0.13399,184.0,0.13398,716.0,0.13408,184.0,0.1341,1091.0
1753600685712,07:18:05.712,phemex,AERGO/USDT:USDT,0.13399,184.0,0.13398,716.0,0.13408,1074.0,0.1341,1091.0
1753600685735,07:18:05.735,phemex,AERGO/USDT:USDT,0.13399,184.0,0.13398,716.0,0.13408,1074.0,0.1341,1091.0
1753600685769,07:18:05.769,phemex,AERGO/USDT:USDT,0.13399,184.0,0.13398,716.0,0.13408,1074.0,0.1341,1091.0
1753600686025,07:18:06.025,phemex,AERGO/USDT:USDT,0.13399,184.0,0.13398,716.0,0.1341,907.0,0.13411,927.0
1753600686187,07:18:06.187,phemex,AERGO/USDT:USDT,0.13399,184.0,0.13398,716.0,0.1341,907.0,0.13411,927.0
1753600686202,07:18:06.202,phemex,AERGO/USDT:USDT,0.13399,184.0,0.13398,716.0,0.1341,907.0,0.13411,927.0
1753600686325,07:18:06.325,phemex,AERGO/USDT:USDT,0.13399,184.0,0.13398,716.0,0.13411,927.0,0.13412,797.0
1753600686730,07:18:06.730,phemex,AERGO/USDT:USDT,0.13399,184.0,0.13398,716.0,0.13414,1854.0,0.13416,840.0
1753600686749,07:18:06.749,phemex,AERGO/USDT:USDT,0.13399,184.0,0.13398,716.0,0.13413,184.0,0.13414,1672.0
1753600686787,07:18:06.787,phemex,AERGO/USDT:USDT,0.13399,184.0,0.13398,716.0,0.13413,184.0,0.13414,1672.0
1753600686940,07:18:06.940,phemex,AERGO/USDT:USDT,0.13399,184.0,0.13398,716.0,0.13413,184.0,0.13414,1672.0
1753600686968,07:18:06.968,phemex,AERGO/USDT:USDT,0.13399,184.0,0.13398,716.0,0.13413,184.0,0.13414,1672.0
1753600687278,07:18:07.278,phemex,AERGO/USDT:USDT,0.13399,184.0,0.13398,716.0,0.13414,1672.0,0.13415,184.0
1753600687384,07:18:07.384,phemex,AERGO/USDT:USDT,0.13399,184.0,0.13398,716.0,0.13413,184.0,0.13415,184.0
1753600687409,07:18:07.409,phemex,AERGO/USDT:USDT,0.13399,184.0,0.13398,716.0,0.13413,184.0,0.13415,184.0
1753600687533,07:18:07.533,phemex,AERGO/USDT:USDT,0.13399,184.0,0.13398,716.0,0.13415,184.0,0.13416,1639.0
1753600687549,07:18:07.549,phemex,AERGO/USDT:USDT,0.13399,184.0,0.13398,716.0,0.13415,184.0,0.13416,1639.0
1753600689702,07:18:09.702,phemex,AERGO/USDT:USDT,0.13399,184.0,0.13398,716.0,0.13415,184.0,0.13416,1639.0
1753600690124,07:18:10.124,phemex,AERGO/USDT:USDT,0.13405,935.0,0.13404,895.0,0.13415,184.0,0.13416,1639.0
1753600690158,07:18:10.158,phemex,AERGO/USDT:USDT,0.13407,659.0,0.13406,184.0,0.13415,184.0,0.13416,1639.0
1753600690171,07:18:10.171,phemex,AERGO/USDT:USDT,0.13408,184.0,0.13407,659.0,0.13415,184.0,0.13416,1639.0
1753600690453,07:18:10.453,phemex,AERGO/USDT:USDT,0.13409,184.0,0.13407,659.0,0.13415,184.0,0.13416,1639.0
1753600692515,07:18:12.515,phemex,AERGO/USDT:USDT,0.13409,184.0,0.13407,659.0,0.13415,184.0,0.13416,1639.0
1753600693531,07:18:13.531,phemex,AERGO/USDT:USDT,0.13409,184.0,0.13407,659.0,0.13414,1042.0,0.13415,184.0
1753600693550,07:18:13.550,phemex,AERGO/USDT:USDT,0.13409,184.0,0.13407,659.0,0.13413,181.0,0.13414,1042.0
1753600695143,07:18:15.143,phemex,AERGO/USDT:USDT,0.1341,883.0,0.13409,947.0,0.13413,181.0,0.13414,1042.0
1753600695159,07:18:15.159,phemex,AERGO/USDT:USDT,0.1341,883.0,0.13409,947.0,0.13414,1042.0,0.13415,184.0
1753600695180,07:18:15.180,phemex,AERGO/USDT:USDT,0.1341,883.0,0.13409,947.0,0.13414,1042.0,0.13415,184.0
1753600695387,07:18:15.387,phemex,AERGO/USDT:USDT,0.13411,181.0,0.1341,883.0,0.13414,1042.0,0.13415,184.0
1753600695487,07:18:15.487,phemex,AERGO/USDT:USDT,0.13411,181.0,0.1341,883.0,0.13413,181.0,0.13414,1042.0
1753600695508,07:18:15.508,phemex,AERGO/USDT:USDT,0.1341,883.0,0.13409,947.0,0.13413,181.0,0.13414,1042.0
1753600695879,07:18:15.879,phemex,AERGO/USDT:USDT,0.1341,883.0,0.13409,947.0,0.13414,1042.0,0.13415,184.0
1753600695905,07:18:15.905,phemex,AERGO/USDT:USDT,0.1341,883.0,0.13409,947.0,0.13414,1042.0,0.13415,184.0
1753600696373,07:18:16.373,phemex,AERGO/USDT:USDT,0.13411,181.0,0.1341,883.0,0.13414,1042.0,0.13415,184.0
1753600696859,07:18:16.859,phemex,AERGO/USDT:USDT,0.1341,883.0,0.13409,947.0,0.13414,1042.0,0.13415,184.0
1753600697124,07:18:17.124,phemex,AERGO/USDT:USDT,0.13411,181.0,0.1341,883.0,0.13414,1042.0,0.13415,184.0
1753600697748,07:18:17.748,phemex,AERGO/USDT:USDT,0.1341,883.0,0.13409,947.0,0.13414,1042.0,0.13415,184.0
1753600698488,07:18:18.488,phemex,AERGO/USDT:USDT,0.13411,181.0,0.1341,883.0,0.13414,1042.0,0.13415,184.0
1753600699298,07:18:19.298,phemex,AERGO/USDT:USDT,0.13411,181.0,0.1341,883.0,0.13414,1704.0,0.13415,184.0
1753600700169,07:18:20.169,phemex,AERGO/USDT:USDT,0.13411,181.0,0.1341,883.0,0.13414,1704.0,0.13416,799.0
1753600700183,07:18:20.183,phemex,AERGO/USDT:USDT,0.13411,181.0,0.1341,883.0,0.13414,1704.0,0.13416,799.0
1753600700248,07:18:20.248,phemex,AERGO/USDT:USDT,0.13413,705.0,0.13411,1115.0,0.13422,786.0,0.13423,839.0
1753600700268,07:18:20.268,phemex,AERGO/USDT:USDT,0.13414,181.0,0.13413,705.0,0.13424,184.0,0.13427,908.0
1753600700284,07:18:20.284,phemex,AERGO/USDT:USDT,0.13414,181.0,0.13413,705.0,0.13424,181.0,0.13427,908.0
1753600700299,07:18:20.299,phemex,AERGO/USDT:USDT,0.13414,181.0,0.13413,705.0,0.13424,181.0,0.13427,908.0
1753600700375,07:18:20.375,phemex,AERGO/USDT:USDT,0.13414,181.0,0.13413,705.0,0.13424,181.0,0.13427,908.0
1753600700400,07:18:20.400,phemex,AERGO/USDT:USDT,0.13414,181.0,0.13413,705.0,0.13427,908.0,0.13428,183.0
1753600700419,07:18:20.419,phemex,AERGO/USDT:USDT,0.13414,181.0,0.13413,705.0,0.13426,181.0,0.13427,908.0
1753600700791,07:18:20.791,phemex,AERGO/USDT:USDT,0.13414,181.0,0.13413,705.0,0.13426,181.0,0.13427,908.0
