timestamp,time,exchange,symbol,bid1_price,bid1_volume,bid2_price,bid2_volume,ask1_price,ask1_volume,ask2_price,ask2_volume
1753599991080,07:06:31.080,phemex,ACE/USDT:USDT,0.592,42.0,0.5919,3947.0,0.5927,43.0,0.5928,380.0
1753599992060,07:06:32.060,phemex,ACE/USDT:USDT,0.592,42.0,0.5919,3947.0,0.5927,43.0,0.5928,380.0
1753599992080,07:06:32.080,phemex,ACE/USDT:USDT,0.592,42.0,0.5919,3947.0,0.5927,43.0,0.5928,380.0
1753599993414,07:06:33.414,phemex,ACE/USDT:USDT,0.592,42.0,0.5919,3947.0,0.5927,43.0,0.5928,380.0
1753599993427,07:06:33.427,phemex,ACE/USDT:USDT,0.592,42.0,0.5919,3947.0,0.5927,43.0,0.5928,380.0
1753599993591,07:06:33.591,phemex,ACE/USDT:USDT,0.592,42.0,0.5919,3947.0,0.593,43.0,0.5931,569.0
1753599993641,07:06:33.641,phemex,ACE/USDT:USDT,0.592,42.0,0.5919,3947.0,0.593,43.0,0.5931,569.0
1753599994956,07:06:34.956,phemex,ACE/USDT:USDT,0.592,42.0,0.5919,3947.0,0.593,43.0,0.5931,569.0
1753599997861,07:06:37.861,phemex,ACE/USDT:USDT,0.592,42.0,0.5919,3947.0,0.593,43.0,0.5931,569.0
1753599998151,07:06:38.151,phemex,ACE/USDT:USDT,0.592,42.0,0.5919,3947.0,0.593,43.0,0.5931,569.0
1753599998786,07:06:38.786,phemex,ACE/USDT:USDT,0.5924,1129.0,0.5923,3676.0,0.5928,448.0,0.593,4620.0
1753599998808,07:06:38.808,phemex,ACE/USDT:USDT,0.5925,43.0,0.5924,1129.0,0.5927,43.0,0.5928,491.0
1753599998820,07:06:38.820,phemex,ACE/USDT:USDT,0.5925,43.0,0.5924,1129.0,0.5927,43.0,0.5928,491.0
1753600000399,07:06:40.399,phemex,ACE/USDT:USDT,0.5925,43.0,0.5924,1172.0,0.5927,43.0,0.5928,491.0
1753600000438,07:06:40.438,phemex,ACE/USDT:USDT,0.5925,43.0,0.5924,1172.0,0.5928,491.0,0.593,4620.0
1753600000747,07:06:40.747,phemex,ACE/USDT:USDT,0.5925,43.0,0.5924,1172.0,0.5927,43.0,0.5928,491.0
1753600001135,07:06:41.135,phemex,ACE/USDT:USDT,0.5924,1172.0,0.5923,3676.0,0.5927,43.0,0.5928,491.0
1753600001435,07:06:41.435,phemex,ACE/USDT:USDT,0.5924,1129.0,0.5923,3676.0,0.5927,43.0,0.5928,491.0
1753600004186,07:06:44.186,phemex,ACE/USDT:USDT,0.5924,1129.0,0.5923,3676.0,0.5927,43.0,0.5928,491.0
1753600004187,07:06:44.187,phemex,ACE/USDT:USDT,0.5924,1129.0,0.5923,3676.0,0.5927,617.0,0.5928,3981.0
1753600004225,07:06:44.225,phemex,ACE/USDT:USDT,0.5924,1129.0,0.5923,3676.0,0.5926,43.0,0.5927,617.0
1753600006883,07:06:46.883,phemex,ACE/USDT:USDT,0.5921,6069.0,0.592,2156.0,0.5926,43.0,0.5927,617.0
1753600006900,07:06:46.900,phemex,ACE/USDT:USDT,0.5921,6069.0,0.592,2156.0,0.5926,43.0,0.5927,617.0
1753600006917,07:06:46.917,phemex,ACE/USDT:USDT,0.5921,6069.0,0.592,2156.0,0.5926,43.0,0.5927,617.0
1753600006938,07:06:46.938,phemex,ACE/USDT:USDT,0.5921,6069.0,0.592,2156.0,0.5926,43.0,0.5927,617.0
1753600006975,07:06:46.975,phemex,ACE/USDT:USDT,0.5921,6069.0,0.592,2156.0,0.5926,43.0,0.5927,617.0
1753600007303,07:06:47.303,phemex,ACE/USDT:USDT,0.592,4654.0,0.5919,4176.0,0.5926,43.0,0.5927,617.0
1753600007427,07:06:47.427,phemex,ACE/USDT:USDT,0.592,4654.0,0.5919,4176.0,0.5926,43.0,0.5927,617.0
1753600007497,07:06:47.497,phemex,ACE/USDT:USDT,0.592,4612.0,0.5919,4176.0,0.5926,43.0,0.5927,617.0
1753600007756,07:06:47.756,phemex,ACE/USDT:USDT,0.5921,43.0,0.592,4612.0,0.5926,43.0,0.5927,617.0
1753600007854,07:06:47.854,phemex,ACE/USDT:USDT,0.592,4612.0,0.5919,4176.0,0.5926,43.0,0.5927,617.0
1753600007878,07:06:47.878,phemex,ACE/USDT:USDT,0.592,4612.0,0.5919,4176.0,0.5926,43.0,0.5927,617.0
1753600007905,07:06:47.905,phemex,ACE/USDT:USDT,0.5921,43.0,0.592,4612.0,0.5926,43.0,0.5927,617.0
1753600007950,07:06:47.950,phemex,ACE/USDT:USDT,0.592,4612.0,0.5919,4176.0,0.5926,43.0,0.5927,617.0
1753600008187,07:06:48.187,phemex,ACE/USDT:USDT,0.592,4612.0,0.5919,4176.0,0.5926,43.0,0.5927,617.0
1753600008399,07:06:48.399,phemex,ACE/USDT:USDT,0.592,4612.0,0.5919,4176.0,0.5926,43.0,0.5927,617.0
1753600008669,07:06:48.669,phemex,ACE/USDT:USDT,0.592,3682.0,0.5919,4176.0,0.5926,43.0,0.5927,617.0
1753600008734,07:06:48.734,phemex,ACE/USDT:USDT,0.592,3682.0,0.5919,4176.0,0.5926,43.0,0.5927,617.0
1753600009177,07:06:49.177,phemex,ACE/USDT:USDT,0.5921,42.0,0.592,3682.0,0.5926,43.0,0.5927,617.0
1753600009217,07:06:49.217,phemex,ACE/USDT:USDT,0.592,3682.0,0.5919,4176.0,0.5926,43.0,0.5927,617.0
1753600010191,07:06:50.191,phemex,ACE/USDT:USDT,0.592,3682.0,0.5919,4176.0,0.5926,43.0,0.5927,617.0
1753600010196,07:06:50.196,phemex,ACE/USDT:USDT,0.592,3682.0,0.5919,4176.0,0.5926,43.0,0.5927,617.0
1753600010809,07:06:50.809,phemex,ACE/USDT:USDT,0.5921,42.0,0.592,3682.0,0.5926,43.0,0.5927,617.0
1753600010820,07:06:50.820,phemex,ACE/USDT:USDT,0.592,3682.0,0.5919,4176.0,0.5926,43.0,0.5927,617.0
1753600012280,07:06:52.280,phemex,ACE/USDT:USDT,0.5921,42.0,0.592,3682.0,0.5926,43.0,0.5927,617.0
1753600013150,07:06:53.150,phemex,ACE/USDT:USDT,0.5921,42.0,0.592,3682.0,0.5926,43.0,0.5927,617.0
1753600013160,07:06:53.160,phemex,ACE/USDT:USDT,0.5921,42.0,0.592,3682.0,0.5926,43.0,0.5927,617.0
1753600013890,07:06:53.890,phemex,ACE/USDT:USDT,0.5922,42.0,0.5919,42.0,0.5926,43.0,0.5927,2548.0
1753600013902,07:06:53.902,phemex,ACE/USDT:USDT,0.5922,42.0,0.5919,42.0,0.5926,43.0,0.5927,2548.0
1753600013942,07:06:53.942,phemex,ACE/USDT:USDT,0.5922,42.0,0.5919,42.0,0.5926,43.0,0.5927,2548.0
1753600014091,07:06:54.091,phemex,ACE/USDT:USDT,0.5919,42.0,0.5917,1022.0,0.5926,43.0,0.5927,2548.0
1753600014101,07:06:54.101,phemex,ACE/USDT:USDT,0.5919,42.0,0.5917,1022.0,0.5926,43.0,0.5927,2548.0
1753600014283,07:06:54.283,phemex,ACE/USDT:USDT,0.5919,42.0,0.5917,1022.0,0.5926,43.0,0.5927,2548.0
1753600019158,07:06:59.158,phemex,ACE/USDT:USDT,0.5919,42.0,0.5917,1022.0,0.5926,43.0,0.5927,2548.0
1753600019185,07:06:59.185,phemex,ACE/USDT:USDT,0.5919,42.0,0.5917,1022.0,0.5926,43.0,0.5927,2548.0
1753600019200,07:06:59.200,phemex,ACE/USDT:USDT,0.5919,42.0,0.5917,1022.0,0.5926,43.0,0.5927,2548.0
1753600019589,07:06:59.589,phemex,ACE/USDT:USDT,0.592,956.0,0.5919,4076.0,0.5926,611.0,0.5927,2548.0
1753600019622,07:06:59.622,phemex,ACE/USDT:USDT,0.5921,42.0,0.592,956.0,0.5925,42.0,0.5926,611.0
1753600019650,07:06:59.650,phemex,ACE/USDT:USDT,0.5921,42.0,0.592,956.0,0.5925,42.0,0.5926,611.0
1753600019674,07:06:59.674,phemex,ACE/USDT:USDT,0.5921,42.0,0.592,998.0,0.5925,42.0,0.5926,611.0
1753600019757,07:06:59.757,phemex,ACE/USDT:USDT,0.5921,42.0,0.592,998.0,0.5928,1935.0,0.5929,2231.0
1753600019767,07:06:59.767,phemex,ACE/USDT:USDT,0.5921,42.0,0.592,998.0,0.5928,1935.0,0.5929,2231.0
1753600019794,07:06:59.794,phemex,ACE/USDT:USDT,0.5921,42.0,0.592,998.0,0.5929,42.0,0.593,330.0
1753600019817,07:06:59.817,phemex,ACE/USDT:USDT,0.5921,42.0,0.592,998.0,0.5929,42.0,0.593,43.0
1753600019820,07:06:59.820,phemex,ACE/USDT:USDT,0.5921,42.0,0.592,998.0,0.5929,42.0,0.593,43.0
1753600019857,07:06:59.857,phemex,ACE/USDT:USDT,0.5921,42.0,0.592,998.0,0.593,43.0,0.5931,42.0
1753600019873,07:06:59.873,phemex,ACE/USDT:USDT,0.5921,42.0,0.592,998.0,0.5931,42.0,0.5932,43.0
1753600019889,07:06:59.889,phemex,ACE/USDT:USDT,0.5921,42.0,0.592,998.0,0.5932,43.0,0.5933,4081.0
1753600019926,07:06:59.926,phemex,ACE/USDT:USDT,0.5921,379.0,0.592,998.0,0.5932,43.0,0.5933,4081.0
1753600019947,07:06:59.947,phemex,ACE/USDT:USDT,0.5922,42.0,0.5921,379.0,0.5932,43.0,0.5933,4081.0
1753600020153,07:07:00.153,phemex,ACE/USDT:USDT,0.5922,42.0,0.5921,379.0,0.5932,43.0,0.5933,43.0
1753600020218,07:07:00.218,phemex,ACE/USDT:USDT,0.5922,42.0,0.5921,379.0,0.5933,43.0,0.5934,43.0
1753600020263,07:07:00.263,phemex,ACE/USDT:USDT,0.5922,42.0,0.5921,379.0,0.5934,43.0,0.5935,3715.0
1753600020294,07:07:00.294,phemex,ACE/USDT:USDT,0.5922,42.0,0.5921,379.0,0.5934,43.0,0.5935,3715.0
1753600020295,07:07:00.295,phemex,ACE/USDT:USDT,0.5922,42.0,0.5921,379.0,0.5934,43.0,0.5935,3715.0
1753600021060,07:07:01.060,phemex,ACE/USDT:USDT,0.5922,42.0,0.5921,379.0,0.5934,43.0,0.5935,3715.0
1753600021065,07:07:01.065,phemex,ACE/USDT:USDT,0.5922,42.0,0.5921,379.0,0.5934,43.0,0.5935,3715.0
1753600021111,07:07:01.111,phemex,ACE/USDT:USDT,0.5922,42.0,0.5921,379.0,0.5933,337.0,0.5934,43.0
1753600021181,07:07:01.181,phemex,ACE/USDT:USDT,0.5922,42.0,0.5921,379.0,0.5932,42.0,0.5933,337.0
1753600021758,07:07:01.758,phemex,ACE/USDT:USDT,0.5922,42.0,0.5921,42.0,0.5932,42.0,0.5933,337.0
1753600021785,07:07:01.785,phemex,ACE/USDT:USDT,0.5921,42.0,0.592,998.0,0.5932,379.0,0.5934,43.0
1753600021825,07:07:01.825,phemex,ACE/USDT:USDT,0.5921,42.0,0.592,998.0,0.5931,42.0,0.5932,379.0
1753600022339,07:07:02.339,phemex,ACE/USDT:USDT,0.5921,42.0,0.592,998.0,0.5931,42.0,0.5932,379.0
1753600024964,07:07:04.964,phemex,ACE/USDT:USDT,0.5924,1118.0,0.5923,2404.0,0.5931,42.0,0.5932,379.0
1753600024970,07:07:04.970,phemex,ACE/USDT:USDT,0.5924,1118.0,0.5923,2404.0,0.5931,42.0,0.5932,379.0
1753600024975,07:07:04.975,phemex,ACE/USDT:USDT,0.5925,42.0,0.5924,1118.0,0.5931,42.0,0.5932,379.0
1753600025035,07:07:05.035,phemex,ACE/USDT:USDT,0.5925,42.0,0.5924,1160.0,0.5931,42.0,0.5932,379.0
1753600025980,07:07:05.980,phemex,ACE/USDT:USDT,0.5924,1160.0,0.5923,2404.0,0.5929,585.0,0.593,1906.0
1753600026004,07:07:06.004,phemex,ACE/USDT:USDT,0.5924,1160.0,0.5923,2404.0,0.5928,42.0,0.5929,585.0
1753600026027,07:07:06.027,phemex,ACE/USDT:USDT,0.5924,42.0,0.5923,388.0,0.5928,42.0,0.5929,585.0
1753600026038,07:07:06.038,phemex,ACE/USDT:USDT,0.5923,388.0,0.5922,5978.0,0.5928,42.0,0.5929,585.0
1753600026073,07:07:06.073,phemex,ACE/USDT:USDT,0.5923,388.0,0.5922,5978.0,0.5928,42.0,0.5929,627.0
1753600026092,07:07:06.092,phemex,ACE/USDT:USDT,0.5923,430.0,0.5922,5978.0,0.5928,42.0,0.5929,627.0
1753600026223,07:07:06.223,phemex,ACE/USDT:USDT,0.5923,430.0,0.5922,5978.0,0.5928,42.0,0.5929,627.0
1753600027453,07:07:07.453,phemex,ACE/USDT:USDT,0.5924,42.0,0.5923,430.0,0.5928,42.0,0.5929,627.0
1753600029523,07:07:09.523,phemex,ACE/USDT:USDT,0.5923,430.0,0.5922,5978.0,0.5928,42.0,0.5929,627.0
1753600030117,07:07:10.117,phemex,ACE/USDT:USDT,0.5924,42.0,0.5923,430.0,0.5928,42.0,0.5929,627.0
1753600030446,07:07:10.446,phemex,ACE/USDT:USDT,0.5924,42.0,0.5923,430.0,0.5928,42.0,0.5929,627.0
1753600030452,07:07:10.452,phemex,ACE/USDT:USDT,0.5924,42.0,0.5923,430.0,0.5928,42.0,0.5929,627.0
1753600031282,07:07:11.282,phemex,ACE/USDT:USDT,0.5924,1011.0,0.5923,3699.0,0.5927,529.0,0.5928,2157.0
1753600031294,07:07:11.294,phemex,ACE/USDT:USDT,0.5924,1011.0,0.5923,3699.0,0.5927,571.0,0.5928,2157.0
1753600031450,07:07:11.450,phemex,ACE/USDT:USDT,0.5924,1011.0,0.5923,3699.0,0.5926,42.0,0.5927,571.0
1753600031510,07:07:11.510,phemex,ACE/USDT:USDT,0.5924,969.0,0.5923,3699.0,0.5926,42.0,0.5927,571.0
1753600031848,07:07:11.848,phemex,ACE/USDT:USDT,0.5924,189.0,0.5923,3699.0,0.5926,42.0,0.5927,571.0
1753600032289,07:07:12.289,phemex,ACE/USDT:USDT,0.5925,42.0,0.5924,231.0,0.5927,571.0,0.5928,2157.0
1753600032298,07:07:12.298,phemex,ACE/USDT:USDT,0.5924,231.0,0.5923,3699.0,0.5927,571.0,0.5928,2157.0
1753600032356,07:07:12.356,phemex,ACE/USDT:USDT,0.5925,42.0,0.5924,231.0,0.5928,42.0,0.5929,42.0
1753600032377,07:07:12.377,phemex,ACE/USDT:USDT,0.5925,42.0,0.5924,231.0,0.5929,42.0,0.593,2171.0
1753600033754,07:07:13.754,phemex,ACE/USDT:USDT,0.5924,231.0,0.5923,3699.0,0.5929,42.0,0.593,2171.0
1753600034210,07:07:14.210,phemex,ACE/USDT:USDT,0.5925,42.0,0.5924,231.0,0.5929,42.0,0.593,2171.0
1753600034244,07:07:14.244,phemex,ACE/USDT:USDT,0.5925,42.0,0.5924,231.0,0.5929,42.0,0.593,42.0
1753600034473,07:07:14.473,phemex,ACE/USDT:USDT,0.5925,42.0,0.5924,231.0,0.593,42.0,0.5931,4286.0
1753600034666,07:07:14.666,phemex,ACE/USDT:USDT,0.5925,42.0,0.5924,231.0,0.5928,42.0,0.593,42.0
1753600034799,07:07:14.799,phemex,ACE/USDT:USDT,0.5925,42.0,0.5924,231.0,0.593,42.0,0.5931,4286.0
1753600034888,07:07:14.888,phemex,ACE/USDT:USDT,0.5925,42.0,0.5924,231.0,0.593,42.0,0.5931,4286.0
1753600035088,07:07:15.088,phemex,ACE/USDT:USDT,0.5924,42.0,0.5923,42.0,0.593,42.0,0.5931,4286.0
1753600035120,07:07:15.120,phemex,ACE/USDT:USDT,0.5923,42.0,0.5922,3375.0,0.593,42.0,0.5931,4286.0
1753600039640,07:07:19.640,phemex,ACE/USDT:USDT,0.5923,42.0,0.5922,3375.0,0.5929,486.0,0.593,460.0
1753600039664,07:07:19.664,phemex,ACE/USDT:USDT,0.5923,42.0,0.5922,3375.0,0.5928,43.0,0.5929,486.0
1753600039687,07:07:19.687,phemex,ACE/USDT:USDT,0.5923,42.0,0.5922,3375.0,0.5928,43.0,0.5929,529.0
1753600039699,07:07:19.699,phemex,ACE/USDT:USDT,0.5923,42.0,0.5922,3375.0,0.5928,43.0,0.5929,529.0
1753600039725,07:07:19.725,phemex,ACE/USDT:USDT,0.5923,42.0,0.5922,3375.0,0.5928,43.0,0.5929,529.0
1753600040122,07:07:20.122,phemex,ACE/USDT:USDT,0.5924,891.0,0.5923,42.0,0.5928,43.0,0.5929,529.0
1753600040149,07:07:20.149,phemex,ACE/USDT:USDT,0.5925,43.0,0.5924,891.0,0.5928,43.0,0.5929,529.0
1753600040149,07:07:20.149,phemex,ACE/USDT:USDT,0.5925,43.0,0.5924,891.0,0.5928,43.0,0.5929,529.0
1753600042923,07:07:22.923,phemex,ACE/USDT:USDT,0.5924,891.0,0.5923,42.0,0.5928,43.0,0.5929,529.0
1753600045743,07:07:25.743,phemex,ACE/USDT:USDT,0.5924,666.0,0.5923,42.0,0.5928,43.0,0.5929,529.0
1753600046058,07:07:26.058,phemex,ACE/USDT:USDT,0.5925,43.0,0.5924,666.0,0.5928,43.0,0.5929,529.0
1753600046157,07:07:26.157,phemex,ACE/USDT:USDT,0.5925,43.0,0.5924,666.0,0.5928,43.0,0.5929,529.0
1753600046176,07:07:26.176,phemex,ACE/USDT:USDT,0.5925,43.0,0.5924,666.0,0.5928,43.0,0.5929,529.0
1753600046424,07:07:26.424,phemex,ACE/USDT:USDT,0.5924,666.0,0.5923,42.0,0.5928,43.0,0.5929,529.0
1753600050257,07:07:30.257,phemex,ACE/USDT:USDT,0.5925,1262.0,0.5924,7064.0,0.5928,43.0,0.5929,529.0
1753600050263,07:07:30.263,phemex,ACE/USDT:USDT,0.5925,1220.0,0.5924,7064.0,0.5928,43.0,0.5929,529.0
1753600050295,07:07:30.295,phemex,ACE/USDT:USDT,0.5923,42.0,0.5921,3738.0,0.5928,474.0,0.5929,2630.0
1753600050312,07:07:30.312,phemex,ACE/USDT:USDT,0.5923,42.0,0.5921,3738.0,0.5928,474.0,0.5929,2630.0
1753600050319,07:07:30.319,phemex,ACE/USDT:USDT,0.5923,42.0,0.5921,3738.0,0.5928,474.0,0.5929,2630.0
1753600050362,07:07:30.362,phemex,ACE/USDT:USDT,0.5923,42.0,0.5921,3738.0,0.5928,474.0,0.5929,2630.0
1753600050375,07:07:30.375,phemex,ACE/USDT:USDT,0.5926,42.0,0.5923,42.0,0.5928,474.0,0.5929,2630.0
1753600050424,07:07:30.424,phemex,ACE/USDT:USDT,0.5926,42.0,0.5925,42.0,0.5928,474.0,0.5929,2630.0
1753600050453,07:07:30.453,phemex,ACE/USDT:USDT,0.5923,42.0,0.5921,3738.0,0.5927,42.0,0.5928,474.0
1753600050482,07:07:30.482,phemex,ACE/USDT:USDT,0.5923,42.0,0.5921,3738.0,0.5927,42.0,0.5928,474.0
1753600050528,07:07:30.528,phemex,ACE/USDT:USDT,0.5923,42.0,0.5921,3738.0,0.5927,42.0,0.5928,474.0
1753600050631,07:07:30.631,phemex,ACE/USDT:USDT,0.5923,42.0,0.5921,3738.0,0.5927,42.0,0.5928,474.0
1753600050794,07:07:30.794,phemex,ACE/USDT:USDT,0.5923,42.0,0.5921,3738.0,0.5927,42.0,0.5928,43.0
1753600050801,07:07:30.801,phemex,ACE/USDT:USDT,0.5923,42.0,0.5921,3738.0,0.5928,43.0,0.5929,43.0
1753600050865,07:07:30.865,phemex,ACE/USDT:USDT,0.5923,42.0,0.5921,3738.0,0.5929,43.0,0.593,2456.0
1753600050908,07:07:30.908,phemex,ACE/USDT:USDT,0.5923,42.0,0.5921,3738.0,0.5929,43.0,0.593,2456.0
1753600053327,07:07:33.327,phemex,ACE/USDT:USDT,0.5923,42.0,0.5921,3738.0,0.5929,43.0,0.593,2456.0
1753600056250,07:07:36.250,phemex,ACE/USDT:USDT,0.5924,1134.0,0.5923,6583.0,0.5929,670.0,0.593,2846.0
1753600056264,07:07:36.264,phemex,ACE/USDT:USDT,0.5925,42.0,0.5924,1134.0,0.5928,42.0,0.5929,670.0
1753600056308,07:07:36.308,phemex,ACE/USDT:USDT,0.5925,42.0,0.5924,1134.0,0.5928,42.0,0.5929,670.0
1753600056347,07:07:36.347,phemex,ACE/USDT:USDT,0.5925,42.0,0.5924,1134.0,0.5928,42.0,0.5929,670.0
1753600057151,07:07:37.151,phemex,ACE/USDT:USDT,0.5925,42.0,0.5924,1134.0,0.5928,42.0,0.5929,670.0
1753600057175,07:07:37.175,phemex,ACE/USDT:USDT,0.5925,42.0,0.5924,1176.0,0.5929,670.0,0.593,2846.0
1753600057184,07:07:37.184,phemex,ACE/USDT:USDT,0.5925,42.0,0.5924,1176.0,0.5929,670.0,0.593,2846.0
1753600057230,07:07:37.230,phemex,ACE/USDT:USDT,0.5925,42.0,0.5924,1176.0,0.5929,43.0,0.593,42.0
1753600057275,07:07:37.275,phemex,ACE/USDT:USDT,0.5925,42.0,0.5924,1176.0,0.593,42.0,0.5931,42.0
1753600057318,07:07:37.318,phemex,ACE/USDT:USDT,0.5925,42.0,0.5924,1176.0,0.5931,42.0,0.5932,5160.0
1753600059089,07:07:39.089,phemex,ACE/USDT:USDT,0.5925,42.0,0.5924,1176.0,0.5931,42.0,0.5932,5160.0
1753600059123,07:07:39.123,phemex,ACE/USDT:USDT,0.5925,42.0,0.5924,1176.0,0.5931,42.0,0.5932,5160.0
1753600061153,07:07:41.153,phemex,ACE/USDT:USDT,0.5925,42.0,0.5924,1176.0,0.5931,42.0,0.5932,5160.0
1753600061171,07:07:41.171,phemex,ACE/USDT:USDT,0.5925,42.0,0.5924,1176.0,0.5931,42.0,0.5932,5160.0
1753600061983,07:07:41.983,phemex,ACE/USDT:USDT,0.5925,42.0,0.5924,1176.0,0.5931,42.0,0.5932,5160.0
1753600062066,07:07:42.066,phemex,ACE/USDT:USDT,0.5925,42.0,0.5924,1176.0,0.5931,42.0,0.5932,5160.0
1753600062408,07:07:42.408,phemex,ACE/USDT:USDT,0.5927,1031.0,0.5926,1719.0,0.5931,615.0,0.5932,958.0
1753600062434,07:07:42.434,phemex,ACE/USDT:USDT,0.5928,41.0,0.5927,1031.0,0.5931,615.0,0.5932,958.0
1753600062906,07:07:42.906,phemex,ACE/USDT:USDT,0.5928,41.0,0.5927,1031.0,0.593,41.0,0.5931,615.0
1753600065016,07:07:45.016,phemex,ACE/USDT:USDT,0.5928,41.0,0.5927,1031.0,0.593,41.0,0.5931,615.0
1753600067053,07:07:47.053,phemex,ACE/USDT:USDT,0.5927,1031.0,0.5926,1719.0,0.593,41.0,0.5931,615.0
1753600067060,07:07:47.060,phemex,ACE/USDT:USDT,0.5927,1031.0,0.5926,1719.0,0.593,41.0,0.5931,615.0
1753600073154,07:07:53.154,phemex,ACE/USDT:USDT,0.5927,1031.0,0.5926,1719.0,0.593,41.0,0.5931,615.0
1753600073164,07:07:53.164,phemex,ACE/USDT:USDT,0.5927,1031.0,0.5926,1719.0,0.593,41.0,0.5931,615.0
1753600073182,07:07:53.182,phemex,ACE/USDT:USDT,0.5927,1031.0,0.5926,1719.0,0.593,41.0,0.5931,615.0
1753600073185,07:07:53.185,phemex,ACE/USDT:USDT,0.5927,1031.0,0.5926,1719.0,0.593,41.0,0.5931,615.0
1753600073369,07:07:53.369,phemex,ACE/USDT:USDT,0.5927,891.0,0.5926,1719.0,0.593,41.0,0.5931,615.0
1753600073770,07:07:53.770,phemex,ACE/USDT:USDT,0.5927,891.0,0.5926,1719.0,0.593,41.0,0.5931,615.0
1753600078259,07:07:58.259,phemex,ACE/USDT:USDT,0.5927,891.0,0.5926,1719.0,0.5929,581.0,0.593,41.0
1753600078280,07:07:58.280,phemex,ACE/USDT:USDT,0.5927,891.0,0.5926,1719.0,0.5928,43.0,0.5929,581.0
1753600078591,07:07:58.591,phemex,ACE/USDT:USDT,0.5927,891.0,0.5926,1719.0,0.5929,581.0,0.593,41.0
1753600080332,07:08:00.332,phemex,ACE/USDT:USDT,0.5927,885.0,0.5926,1719.0,0.5929,581.0,0.593,41.0
1753600081470,07:08:01.470,phemex,ACE/USDT:USDT,0.5927,885.0,0.5926,1719.0,0.5928,42.0,0.5929,581.0
1753600082153,07:08:02.153,phemex,ACE/USDT:USDT,0.5927,885.0,0.5926,1719.0,0.5928,42.0,0.5929,581.0
1753600082631,07:08:02.631,phemex,ACE/USDT:USDT,0.5926,628.0,0.5925,4447.0,0.5928,42.0,0.5929,581.0
1753600082666,07:08:02.666,phemex,ACE/USDT:USDT,0.5925,513.0,0.5924,4033.0,0.5928,42.0,0.5929,581.0
1753600082679,07:08:02.679,phemex,ACE/USDT:USDT,0.5925,513.0,0.5924,4033.0,0.5928,42.0,0.5929,581.0
1753600082705,07:08:02.705,phemex,ACE/USDT:USDT,0.5925,471.0,0.5924,4033.0,0.5928,42.0,0.5929,581.0
1753600082717,07:08:02.717,phemex,ACE/USDT:USDT,0.5924,660.0,0.5923,2005.0,0.5928,42.0,0.5929,581.0
1753600082735,07:08:02.735,phemex,ACE/USDT:USDT,0.5924,660.0,0.5923,2005.0,0.5928,42.0,0.5929,581.0
1753600082763,07:08:02.763,phemex,ACE/USDT:USDT,0.5924,660.0,0.5923,2005.0,0.5928,42.0,0.5929,581.0
1753600082870,07:08:02.870,phemex,ACE/USDT:USDT,0.5924,660.0,0.5923,2005.0,0.5928,42.0,0.5929,623.0
1753600083389,07:08:03.389,phemex,ACE/USDT:USDT,0.5923,42.0,0.5922,42.0,0.5926,457.0,0.5927,2052.0
1753600083405,07:08:03.405,phemex,ACE/USDT:USDT,0.5922,42.0,0.5921,6074.0,0.5925,42.0,0.5926,457.0
1753600083447,07:08:03.447,phemex,ACE/USDT:USDT,0.5922,42.0,0.5921,6074.0,0.5925,42.0,0.5926,499.0
1753600083936,07:08:03.936,phemex,ACE/USDT:USDT,0.5922,42.0,0.5921,6074.0,0.5925,42.0,0.5926,499.0
1753600083949,07:08:03.949,phemex,ACE/USDT:USDT,0.5922,42.0,0.5921,6074.0,0.5926,499.0,0.5927,2052.0
1753600084092,07:08:04.092,phemex,ACE/USDT:USDT,0.5922,42.0,0.5921,6074.0,0.5926,457.0,0.5927,2052.0
1753600084184,07:08:04.184,phemex,ACE/USDT:USDT,0.5922,42.0,0.5921,6074.0,0.5926,499.0,0.5927,2052.0
1753600084575,07:08:04.575,phemex,ACE/USDT:USDT,0.5922,42.0,0.5921,6074.0,0.5925,42.0,0.5926,499.0
1753600085252,07:08:05.252,phemex,ACE/USDT:USDT,0.5922,42.0,0.5921,6074.0,0.5925,42.0,0.5926,499.0
1753600085593,07:08:05.593,phemex,ACE/USDT:USDT,0.5922,42.0,0.5921,6074.0,0.5926,42.0,0.5928,2723.0
1753600088155,07:08:08.155,phemex,ACE/USDT:USDT,0.5922,42.0,0.5921,6074.0,0.5926,42.0,0.5928,2723.0
1753600088943,07:08:08.943,phemex,ACE/USDT:USDT,0.5922,42.0,0.5921,6074.0,0.5926,42.0,0.5928,2723.0
1753600088946,07:08:08.946,phemex,ACE/USDT:USDT,0.5922,42.0,0.5921,6074.0,0.5926,42.0,0.5928,2723.0
1753600088992,07:08:08.992,phemex,ACE/USDT:USDT,0.5923,809.0,0.5922,2075.0,0.5926,42.0,0.5928,2723.0
1753600089050,07:08:09.050,phemex,ACE/USDT:USDT,0.5924,43.0,0.5923,809.0,0.5926,42.0,0.5928,2723.0
1753600089201,07:08:09.201,phemex,ACE/USDT:USDT,0.5924,43.0,0.5923,852.0,0.5926,42.0,0.5928,2723.0
1753600089908,07:08:09.908,phemex,ACE/USDT:USDT,0.5923,852.0,0.5922,2075.0,0.5926,42.0,0.5928,2723.0
1753600092067,07:08:12.067,phemex,ACE/USDT:USDT,0.5923,812.0,0.5922,2075.0,0.5926,42.0,0.5928,2723.0
1753600092196,07:08:12.196,phemex,ACE/USDT:USDT,0.5923,769.0,0.5922,2075.0,0.5926,42.0,0.5928,2723.0
1753600092262,07:08:12.262,phemex,ACE/USDT:USDT,0.5922,666.0,0.5921,2156.0,0.5926,546.0,0.5927,408.0
1753600092301,07:08:12.301,phemex,ACE/USDT:USDT,0.5922,666.0,0.5921,2156.0,0.5925,43.0,0.5926,546.0
1753600092717,07:08:12.717,phemex,ACE/USDT:USDT,0.5922,624.0,0.5921,2156.0,0.5925,43.0,0.5926,546.0
1753600093735,07:08:13.735,phemex,ACE/USDT:USDT,0.5922,624.0,0.5921,2156.0,0.5925,43.0,0.5926,546.0
1753600094160,07:08:14.160,phemex,ACE/USDT:USDT,0.5922,624.0,0.5921,2156.0,0.5925,43.0,0.5926,546.0
1753600094829,07:08:14.829,phemex,ACE/USDT:USDT,0.5921,585.0,0.592,6568.0,0.5925,43.0,0.5926,546.0
1753600094859,07:08:14.859,phemex,ACE/USDT:USDT,0.5921,585.0,0.592,6568.0,0.5925,43.0,0.5926,546.0
1753600094898,07:08:14.898,phemex,ACE/USDT:USDT,0.5921,585.0,0.592,6568.0,0.5925,43.0,0.5926,546.0
1753600095042,07:08:15.042,phemex,ACE/USDT:USDT,0.5921,42.0,0.592,42.0,0.5925,43.0,0.5926,546.0
1753600095058,07:08:15.058,phemex,ACE/USDT:USDT,0.592,42.0,0.5919,3367.0,0.5925,43.0,0.5926,546.0
1753600096623,07:08:16.623,phemex,ACE/USDT:USDT,0.592,42.0,0.5919,3367.0,0.5925,43.0,0.5926,546.0
1753600096651,07:08:16.651,phemex,ACE/USDT:USDT,0.592,42.0,0.5919,3367.0,0.5925,43.0,0.5926,546.0
1753600099556,07:08:19.556,phemex,ACE/USDT:USDT,0.592,42.0,0.5919,3367.0,0.5925,43.0,0.5926,546.0
1753600100147,07:08:20.147,phemex,ACE/USDT:USDT,0.592,42.0,0.5919,3367.0,0.5925,43.0,0.5926,546.0
1753600100157,07:08:20.157,phemex,ACE/USDT:USDT,0.592,42.0,0.5919,3367.0,0.5925,43.0,0.5926,546.0
1753600100222,07:08:20.222,phemex,ACE/USDT:USDT,0.592,42.0,0.5919,3367.0,0.5925,43.0,0.5926,546.0
1753600100224,07:08:20.224,phemex,ACE/USDT:USDT,0.592,42.0,0.5919,3367.0,0.5925,43.0,0.5926,546.0
1753600100224,07:08:20.224,phemex,ACE/USDT:USDT,0.592,42.0,0.5919,3367.0,0.5925,43.0,0.5926,546.0
1753600102647,07:08:22.647,phemex,ACE/USDT:USDT,0.5921,1038.0,0.592,42.0,0.5923,43.0,0.5924,573.0
1753600104994,07:08:24.994,phemex,ACE/USDT:USDT,0.5921,1033.0,0.592,42.0,0.5923,43.0,0.5924,573.0
1753600105879,07:08:25.879,phemex,ACE/USDT:USDT,0.5921,1033.0,0.592,42.0,0.5924,573.0,0.5925,2846.0
1753600105900,07:08:25.900,phemex,ACE/USDT:USDT,0.5921,1033.0,0.592,42.0,0.5924,530.0,0.5925,2846.0
1753600105911,07:08:25.911,phemex,ACE/USDT:USDT,0.5922,43.0,0.5921,1033.0,0.5924,530.0,0.5925,2846.0
1753600106010,07:08:26.010,phemex,ACE/USDT:USDT,0.5922,43.0,0.5921,1033.0,0.5924,530.0,0.5925,2846.0
1753600106632,07:08:26.632,phemex,ACE/USDT:USDT,0.5921,1033.0,0.592,42.0,0.5923,43.0,0.5924,530.0
1753600106646,07:08:26.646,phemex,ACE/USDT:USDT,0.5921,1033.0,0.592,42.0,0.5923,43.0,0.5924,573.0
1753600109152,07:08:29.152,phemex,ACE/USDT:USDT,0.5921,1033.0,0.592,42.0,0.5923,43.0,0.5924,573.0
1753600111173,07:08:31.173,phemex,ACE/USDT:USDT,0.5921,1033.0,0.592,42.0,0.5923,43.0,0.5924,573.0
1753600111504,07:08:31.504,phemex,ACE/USDT:USDT,0.5921,1033.0,0.592,42.0,0.5923,598.0,0.5924,2652.0
1753600111525,07:08:31.525,phemex,ACE/USDT:USDT,0.5921,1033.0,0.5919,7765.0,0.5922,42.0,0.5923,598.0
1753600111548,07:08:31.548,phemex,ACE/USDT:USDT,0.5921,1033.0,0.5919,7765.0,0.5922,42.0,0.5923,598.0
1753600111641,07:08:31.641,phemex,ACE/USDT:USDT,0.5921,1033.0,0.592,42.0,0.5922,42.0,0.5923,598.0
1753600111853,07:08:31.853,phemex,ACE/USDT:USDT,0.5921,1033.0,0.592,42.0,0.5924,43.0,0.5925,43.0
1753600111876,07:08:31.876,phemex,ACE/USDT:USDT,0.5922,42.0,0.5921,1033.0,0.5925,43.0,0.5926,2695.0
1753600112587,07:08:32.587,phemex,ACE/USDT:USDT,0.5922,800.0,0.5921,5610.0,0.5925,43.0,0.5926,2695.0
1753600112604,07:08:32.604,phemex,ACE/USDT:USDT,0.5923,42.0,0.5922,800.0,0.5925,43.0,0.5926,2695.0
1753600113398,07:08:33.398,phemex,ACE/USDT:USDT,0.5922,800.0,0.5921,5610.0,0.5925,43.0,0.5926,2695.0
1753600114176,07:08:34.176,phemex,ACE/USDT:USDT,0.5922,800.0,0.5921,5610.0,0.5925,43.0,0.5926,2695.0
1753600114863,07:08:34.863,phemex,ACE/USDT:USDT,0.5922,758.0,0.5921,5610.0,0.5925,43.0,0.5926,2695.0
1753600115147,07:08:35.147,phemex,ACE/USDT:USDT,0.5922,758.0,0.5921,5610.0,0.5925,43.0,0.5926,2695.0
1753600115180,07:08:35.180,phemex,ACE/USDT:USDT,0.5922,758.0,0.5921,5610.0,0.5925,43.0,0.5926,2695.0
1753600115216,07:08:35.216,phemex,ACE/USDT:USDT,0.5922,716.0,0.5921,5610.0,0.5925,43.0,0.5926,2695.0
1753600115427,07:08:35.427,phemex,ACE/USDT:USDT,0.5922,716.0,0.5921,5610.0,0.5925,43.0,0.5926,2695.0
1753600118011,07:08:38.011,phemex,ACE/USDT:USDT,0.5923,1017.0,0.5922,3502.0,0.5925,644.0,0.5926,2695.0
1753600118154,07:08:38.154,phemex,ACE/USDT:USDT,0.592,2147.0,0.5919,2791.0,0.5924,42.0,0.5925,644.0
1753600118173,07:08:38.173,phemex,ACE/USDT:USDT,0.592,2147.0,0.5919,2791.0,0.5924,42.0,0.5925,1220.0
1753600119098,07:08:39.098,phemex,ACE/USDT:USDT,0.592,2147.0,0.5919,2791.0,0.5924,42.0,0.5925,1220.0
1753600119101,07:08:39.101,phemex,ACE/USDT:USDT,0.592,2147.0,0.5919,2791.0,0.5924,42.0,0.5925,1220.0
1753600119579,07:08:39.579,phemex,ACE/USDT:USDT,0.5921,42.0,0.592,2147.0,0.5924,42.0,0.5925,1220.0
1753600119630,07:08:39.630,phemex,ACE/USDT:USDT,0.592,2147.0,0.5919,2791.0,0.5924,42.0,0.5925,1220.0
1753600119861,07:08:39.861,phemex,ACE/USDT:USDT,0.592,2147.0,0.5919,2791.0,0.5924,42.0,0.5925,644.0
1753600119861,07:08:39.861,phemex,ACE/USDT:USDT,0.5921,42.0,0.592,2147.0,0.5924,42.0,0.5925,644.0
1753600119930,07:08:39.930,phemex,ACE/USDT:USDT,0.5921,42.0,0.592,2147.0,0.5924,42.0,0.5925,644.0
1753600123288,07:08:43.288,phemex,ACE/USDT:USDT,0.5922,990.0,0.5921,2414.0,0.5924,580.0,0.5925,1589.0
1753600123303,07:08:43.303,phemex,ACE/USDT:USDT,0.5922,990.0,0.5921,2414.0,0.5924,580.0,0.5925,1589.0
1753600123497,07:08:43.497,phemex,ACE/USDT:USDT,0.5922,990.0,0.5921,2414.0,0.5924,538.0,0.5925,1589.0
1753600124222,07:08:44.222,phemex,ACE/USDT:USDT,0.5922,984.0,0.5921,2414.0,0.5924,538.0,0.5925,1589.0
1753600127152,07:08:47.152,phemex,ACE/USDT:USDT,0.5922,446.0,0.5921,42.0,0.5923,42.0,0.5924,538.0
1753600127158,07:08:47.158,phemex,ACE/USDT:USDT,0.5921,633.0,0.592,3208.0,0.5923,42.0,0.5924,538.0
1753600127184,07:08:47.184,phemex,ACE/USDT:USDT,0.5921,633.0,0.592,3208.0,0.5923,42.0,0.5924,580.0
1753600127371,07:08:47.371,phemex,ACE/USDT:USDT,0.5922,42.0,0.5921,633.0,0.5925,43.0,0.5926,2890.0
1753600127707,07:08:47.707,phemex,ACE/USDT:USDT,0.5922,42.0,0.5921,633.0,0.5926,42.0,0.5927,4108.0
1753600127739,07:08:47.739,phemex,ACE/USDT:USDT,0.5922,42.0,0.5921,633.0,0.5926,42.0,0.5927,4108.0
1753600132609,07:08:52.609,phemex,ACE/USDT:USDT,0.5922,893.0,0.5921,3912.0,0.5926,42.0,0.5927,4108.0
1753600132657,07:08:52.657,phemex,ACE/USDT:USDT,0.5923,43.0,0.5922,893.0,0.5926,42.0,0.5927,4108.0
1753600133153,07:08:53.153,phemex,ACE/USDT:USDT,0.5923,43.0,0.5922,893.0,0.5926,42.0,0.5927,4108.0
1753600136152,07:08:56.152,phemex,ACE/USDT:USDT,0.5923,43.0,0.5922,893.0,0.5926,42.0,0.5927,4108.0
1753600136458,07:08:56.458,phemex,ACE/USDT:USDT,0.5923,43.0,0.5922,893.0,0.5926,42.0,0.5927,4108.0
1753600136516,07:08:56.516,phemex,ACE/USDT:USDT,0.5923,43.0,0.5922,893.0,0.5927,4108.0,0.5928,1814.0
1753600136617,07:08:56.617,phemex,ACE/USDT:USDT,0.5923,43.0,0.5922,893.0,0.5926,43.0,0.5927,4108.0
1753600137421,07:08:57.421,phemex,ACE/USDT:USDT,0.5923,43.0,0.5922,893.0,0.5926,43.0,0.5927,4108.0
1753600138148,07:08:58.148,phemex,ACE/USDT:USDT,0.5923,938.0,0.5922,4266.0,0.5926,428.0,0.5927,634.0
1753600138222,07:08:58.222,phemex,ACE/USDT:USDT,0.5923,938.0,0.5922,4266.0,0.5927,670.0,0.5928,2230.0
1753600138279,07:08:58.279,phemex,ACE/USDT:USDT,0.5924,43.0,0.5923,938.0,0.5927,670.0,0.5928,2230.0
1753600138301,07:08:58.301,phemex,ACE/USDT:USDT,0.5924,43.0,0.5923,938.0,0.5927,670.0,0.5928,2230.0
1753600138588,07:08:58.588,phemex,ACE/USDT:USDT,0.5924,43.0,0.5923,938.0,0.5926,43.0,0.5927,670.0
1753600139083,07:08:59.083,phemex,ACE/USDT:USDT,0.5923,938.0,0.5922,4266.0,0.5926,43.0,0.5927,670.0
1753600139374,07:08:59.374,phemex,ACE/USDT:USDT,0.5923,43.0,0.5922,42.0,0.5926,43.0,0.5927,670.0
1753600139398,07:08:59.398,phemex,ACE/USDT:USDT,0.5922,42.0,0.5921,3912.0,0.5926,43.0,0.5927,670.0
1753600139419,07:08:59.419,phemex,ACE/USDT:USDT,0.5922,42.0,0.5921,3912.0,0.5926,43.0,0.5927,670.0
1753600140335,07:09:00.335,phemex,ACE/USDT:USDT,0.5922,42.0,0.5921,3912.0,0.5926,43.0,0.5927,670.0
1753600140340,07:09:00.340,phemex,ACE/USDT:USDT,0.5922,42.0,0.5921,3912.0,0.5926,43.0,0.5927,670.0
1753600143308,07:09:03.308,phemex,ACE/USDT:USDT,0.5922,42.0,0.5921,3912.0,0.5926,667.0,0.5927,2197.0
1753600143353,07:09:03.353,phemex,ACE/USDT:USDT,0.5922,42.0,0.5921,3912.0,0.5925,42.0,0.5926,667.0
1753600144125,07:09:04.125,phemex,ACE/USDT:USDT,0.5922,42.0,0.5921,3912.0,0.5927,43.0,0.5928,2717.0
1753600144293,07:09:04.293,phemex,ACE/USDT:USDT,0.5922,42.0,0.5921,3912.0,0.5927,43.0,0.5928,2717.0
1753600145151,07:09:05.151,phemex,ACE/USDT:USDT,0.5922,42.0,0.5921,3912.0,0.5927,43.0,0.5928,2717.0
1753600145161,07:09:05.161,phemex,ACE/USDT:USDT,0.5922,42.0,0.5921,3912.0,0.5927,43.0,0.5928,2717.0
1753600148414,07:09:08.414,phemex,ACE/USDT:USDT,0.5925,1064.0,0.5924,2823.0,0.5927,43.0,0.5928,2717.0
1753600148485,07:09:08.485,phemex,ACE/USDT:USDT,0.5925,1064.0,0.5924,2823.0,0.5928,42.0,0.5929,2494.0
1753600148721,07:09:08.721,phemex,ACE/USDT:USDT,0.5925,1064.0,0.5924,2823.0,0.5928,42.0,0.5929,2494.0
1753600148738,07:09:08.738,phemex,ACE/USDT:USDT,0.5926,42.0,0.5925,1064.0,0.5928,42.0,0.5929,2494.0
1753600148987,07:09:08.987,phemex,ACE/USDT:USDT,0.5926,42.0,0.5925,1107.0,0.5929,2494.0,0.593,3106.0
1753600149206,07:09:09.206,phemex,ACE/USDT:USDT,0.5926,42.0,0.5925,1107.0,0.5928,43.0,0.5929,2494.0
1753600150110,07:09:10.110,phemex,ACE/USDT:USDT,0.5925,1107.0,0.5924,2823.0,0.5928,43.0,0.5929,2494.0
1753600151655,07:09:11.655,phemex,ACE/USDT:USDT,0.5926,43.0,0.5925,1107.0,0.5928,43.0,0.5929,2494.0
1753600151667,07:09:11.667,phemex,ACE/USDT:USDT,0.5926,43.0,0.5925,1107.0,0.5928,43.0,0.5929,2494.0
1753600151819,07:09:11.819,phemex,ACE/USDT:USDT,0.5925,1107.0,0.5924,2823.0,0.5928,43.0,0.5929,2494.0
1753600151852,07:09:11.852,phemex,ACE/USDT:USDT,0.5925,1107.0,0.5924,2823.0,0.5928,43.0,0.5929,2494.0
1753600153009,07:09:13.009,phemex,ACE/USDT:USDT,0.5925,1064.0,0.5924,2823.0,0.5928,43.0,0.5929,2494.0
1753600153217,07:09:13.217,phemex,ACE/USDT:USDT,0.5925,987.0,0.5924,2823.0,0.5928,43.0,0.5929,2494.0
1753600153432,07:09:13.432,phemex,ACE/USDT:USDT,0.5926,751.0,0.5925,3045.0,0.5928,43.0,0.5929,2494.0
1753600154249,07:09:14.249,phemex,ACE/USDT:USDT,0.5924,2823.0,0.5923,2004.0,0.5928,384.0,0.5929,2494.0
1753600154265,07:09:14.265,phemex,ACE/USDT:USDT,0.5924,2823.0,0.5923,2004.0,0.5928,384.0,0.5929,2494.0
1753600154281,07:09:14.281,phemex,ACE/USDT:USDT,0.5924,2823.0,0.5923,2004.0,0.5927,43.0,0.5928,939.0
1753600157151,07:09:17.151,phemex,ACE/USDT:USDT,0.5924,2823.0,0.5923,2004.0,0.5927,43.0,0.5928,939.0
1753600157943,07:09:17.943,phemex,ACE/USDT:USDT,0.5924,2804.0,0.5923,2004.0,0.5927,43.0,0.5928,939.0
1753600158851,07:09:18.851,phemex,ACE/USDT:USDT,0.5923,3694.0,0.5922,4160.0,0.5927,43.0,0.5928,939.0
1753600159313,07:09:19.313,phemex,ACE/USDT:USDT,0.5923,3694.0,0.5922,4160.0,0.5926,387.0,0.5927,43.0
1753600159324,07:09:19.324,phemex,ACE/USDT:USDT,0.5923,3694.0,0.5922,4160.0,0.5925,42.0,0.5926,387.0
1753600159346,07:09:19.346,phemex,ACE/USDT:USDT,0.5923,3694.0,0.5922,4160.0,0.5925,42.0,0.5926,429.0
1753600159548,07:09:19.548,phemex,ACE/USDT:USDT,0.5921,4337.0,0.592,3631.0,0.5925,42.0,0.5926,429.0
1753600159569,07:09:19.569,phemex,ACE/USDT:USDT,0.5921,4337.0,0.592,3631.0,0.5925,42.0,0.5926,429.0
1753600159654,07:09:19.654,phemex,ACE/USDT:USDT,0.5921,4337.0,0.592,3631.0,0.5925,42.0,0.5926,429.0
1753600160078,07:09:20.078,phemex,ACE/USDT:USDT,0.5921,4337.0,0.592,3631.0,0.5925,42.0,0.5926,429.0
1753600160258,07:09:20.258,phemex,ACE/USDT:USDT,0.5921,4295.0,0.592,3631.0,0.5925,42.0,0.5926,429.0
1753600160258,07:09:20.258,phemex,ACE/USDT:USDT,0.5921,4295.0,0.592,3631.0,0.5925,42.0,0.5926,429.0
1753600161350,07:09:21.350,phemex,ACE/USDT:USDT,0.592,42.0,0.5918,7572.0,0.5925,42.0,0.5926,429.0
1753600161366,07:09:21.366,phemex,ACE/USDT:USDT,0.592,42.0,0.5918,7572.0,0.5925,42.0,0.5926,429.0
1753600161391,07:09:21.391,phemex,ACE/USDT:USDT,0.592,42.0,0.5918,7572.0,0.5925,42.0,0.5926,429.0
1753600162064,07:09:22.064,phemex,ACE/USDT:USDT,0.592,42.0,0.5918,7572.0,0.5925,42.0,0.5926,429.0
1753600162069,07:09:22.069,phemex,ACE/USDT:USDT,0.592,42.0,0.5918,7572.0,0.5925,42.0,0.5926,429.0
1753600162910,07:09:22.910,phemex,ACE/USDT:USDT,0.592,42.0,0.5918,7572.0,0.5925,42.0,0.5926,429.0
1753600164069,07:09:24.069,phemex,ACE/USDT:USDT,0.5918,7572.0,0.5917,3466.0,0.5925,42.0,0.5926,429.0
1753600164121,07:09:24.121,phemex,ACE/USDT:USDT,0.5919,42.0,0.5918,7572.0,0.5925,42.0,0.5926,429.0
1753600164475,07:09:24.475,phemex,ACE/USDT:USDT,0.5919,42.0,0.5918,7572.0,0.5923,571.0,0.5924,616.0
1753600164532,07:09:24.532,phemex,ACE/USDT:USDT,0.5919,42.0,0.5918,7572.0,0.5922,42.0,0.5923,571.0
1753600164567,07:09:24.567,phemex,ACE/USDT:USDT,0.5919,42.0,0.5918,7572.0,0.5922,42.0,0.5923,613.0
1753600165783,07:09:25.783,phemex,ACE/USDT:USDT,0.5918,7572.0,0.5917,3466.0,0.5922,42.0,0.5923,613.0
1753600165814,07:09:25.814,phemex,ACE/USDT:USDT,0.5919,42.0,0.5918,7572.0,0.5922,42.0,0.5923,613.0
1753600167737,07:09:27.737,phemex,ACE/USDT:USDT,0.592,442.0,0.5919,2415.0,0.5922,42.0,0.5923,613.0
1753600167738,07:09:27.738,phemex,ACE/USDT:USDT,0.592,826.0,0.5919,4744.0,0.5922,42.0,0.5923,613.0
1753600169158,07:09:29.158,phemex,ACE/USDT:USDT,0.592,826.0,0.5919,4744.0,0.5922,42.0,0.5923,613.0
1753600169167,07:09:29.167,phemex,ACE/USDT:USDT,0.592,826.0,0.5919,4744.0,0.5922,42.0,0.5923,613.0
1753600169191,07:09:29.191,phemex,ACE/USDT:USDT,0.592,826.0,0.5919,4744.0,0.5922,42.0,0.5923,613.0
1753600171541,07:09:31.541,phemex,ACE/USDT:USDT,0.592,826.0,0.5919,4744.0,0.5922,42.0,0.5923,613.0
1753600172739,07:09:32.739,phemex,ACE/USDT:USDT,0.5918,4322.0,0.5917,43.0,0.5922,609.0,0.5923,2307.0
1753600172751,07:09:32.751,phemex,ACE/USDT:USDT,0.5918,43.0,0.5917,43.0,0.5921,43.0,0.5922,609.0
1753600172773,07:09:32.773,phemex,ACE/USDT:USDT,0.5917,43.0,0.5916,3602.0,0.5921,43.0,0.5922,609.0
1753600172832,07:09:32.832,phemex,ACE/USDT:USDT,0.5917,43.0,0.5916,3602.0,0.5921,43.0,0.5922,609.0
1753600172844,07:09:32.844,phemex,ACE/USDT:USDT,0.5917,43.0,0.5916,3602.0,0.5921,43.0,0.5922,609.0
1753600172846,07:09:32.846,phemex,ACE/USDT:USDT,0.5917,43.0,0.5916,3602.0,0.5921,43.0,0.5922,609.0
1753600174334,07:09:34.334,phemex,ACE/USDT:USDT,0.5917,43.0,0.5916,3602.0,0.5921,43.0,0.5922,609.0
1753600176348,07:09:36.348,phemex,ACE/USDT:USDT,0.5917,43.0,0.5916,3602.0,0.5921,43.0,0.5922,42.0
1753600176350,07:09:36.350,phemex,ACE/USDT:USDT,0.5917,43.0,0.5916,3602.0,0.5922,42.0,0.5923,42.0
1753600176406,07:09:36.406,phemex,ACE/USDT:USDT,0.5917,43.0,0.5916,3602.0,0.5923,42.0,0.5924,1466.0
1753600178621,07:09:38.621,phemex,ACE/USDT:USDT,0.5919,879.0,0.5918,1421.0,0.5923,42.0,0.5924,1466.0
1753600180502,07:09:40.502,phemex,ACE/USDT:USDT,0.5919,842.0,0.5918,1421.0,0.5923,42.0,0.5924,1466.0
1753600182191,07:09:42.191,phemex,ACE/USDT:USDT,0.5919,842.0,0.5918,1421.0,0.5922,459.0,0.5923,2335.0
1753600182199,07:09:42.199,phemex,ACE/USDT:USDT,0.5919,842.0,0.5918,1421.0,0.5921,42.0,0.5922,459.0
1753600182261,07:09:42.261,phemex,ACE/USDT:USDT,0.5919,842.0,0.5918,1421.0,0.5921,42.0,0.5922,501.0
1753600185637,07:09:45.637,phemex,ACE/USDT:USDT,0.5919,812.0,0.5918,1421.0,0.5921,42.0,0.5922,501.0
1753600186345,07:09:46.345,phemex,ACE/USDT:USDT,0.5918,612.0,0.5917,2278.0,0.5921,42.0,0.5922,501.0
1753600187149,07:09:47.149,phemex,ACE/USDT:USDT,0.5918,612.0,0.5917,2278.0,0.5921,42.0,0.5922,501.0
1753600187160,07:09:47.160,phemex,ACE/USDT:USDT,0.5918,612.0,0.5917,2278.0,0.5921,42.0,0.5922,501.0
1753600192093,07:09:52.093,phemex,ACE/USDT:USDT,0.5919,1215.0,0.5918,2099.0,0.5921,42.0,0.5922,501.0
1753600192111,07:09:52.111,phemex,ACE/USDT:USDT,0.5919,1215.0,0.5918,2099.0,0.5921,42.0,0.5922,501.0
1753600193108,07:09:53.108,phemex,ACE/USDT:USDT,0.5919,1215.0,0.5918,2099.0,0.5921,42.0,0.5922,501.0
1753600194852,07:09:54.852,phemex,ACE/USDT:USDT,0.5919,1211.0,0.5918,2099.0,0.5921,42.0,0.5922,501.0
1753600194911,07:09:54.911,phemex,ACE/USDT:USDT,0.5918,429.0,0.5917,3798.0,0.5921,42.0,0.5922,501.0
1753600195835,07:09:55.835,phemex,ACE/USDT:USDT,0.5918,471.0,0.5917,3798.0,0.5921,42.0,0.5922,501.0
1753600195844,07:09:55.844,phemex,ACE/USDT:USDT,0.5919,42.0,0.5918,471.0,0.5921,42.0,0.5922,501.0
1753600195855,07:09:55.855,phemex,ACE/USDT:USDT,0.5918,471.0,0.5917,3798.0,0.5921,42.0,0.5922,501.0
1753600198652,07:09:58.652,phemex,ACE/USDT:USDT,0.5918,471.0,0.5917,3798.0,0.5921,422.0,0.5922,2162.0
1753600198675,07:09:58.675,phemex,ACE/USDT:USDT,0.5918,471.0,0.5917,3798.0,0.592,42.0,0.5921,422.0
1753600198699,07:09:58.699,phemex,ACE/USDT:USDT,0.5918,429.0,0.5917,3798.0,0.592,42.0,0.5921,422.0
1753600199152,07:09:59.152,phemex,ACE/USDT:USDT,0.5919,42.0,0.5918,471.0,0.5921,42.0,0.5922,42.0
1753600199165,07:09:59.165,phemex,ACE/USDT:USDT,0.5919,42.0,0.5918,471.0,0.5922,42.0,0.5923,3296.0
1753600199338,07:09:59.338,phemex,ACE/USDT:USDT,0.5918,471.0,0.5917,3798.0,0.5922,42.0,0.5923,3296.0
1753600199876,07:09:59.876,phemex,ACE/USDT:USDT,0.5918,429.0,0.5917,3798.0,0.5922,42.0,0.5923,3296.0
1753600199877,07:09:59.877,phemex,ACE/USDT:USDT,0.5918,429.0,0.5917,3798.0,0.5922,42.0,0.5923,3296.0
1753600199983,07:09:59.983,phemex,ACE/USDT:USDT,0.5919,983.0,0.5918,2937.0,0.5922,42.0,0.5923,3296.0
1753600199999,07:09:59.999,phemex,ACE/USDT:USDT,0.5919,983.0,0.5918,4196.0,0.5922,42.0,0.5923,3296.0
1753600200906,07:10:00.906,phemex,ACE/USDT:USDT,0.5919,983.0,0.5918,4196.0,0.5922,42.0,0.5923,42.0
1753600200918,07:10:00.918,phemex,ACE/USDT:USDT,0.5919,983.0,0.5918,4196.0,0.5922,42.0,0.5923,42.0
1753600200922,07:10:00.922,phemex,ACE/USDT:USDT,0.592,42.0,0.5919,983.0,0.5923,42.0,0.5924,42.0
1753600200984,07:10:00.984,phemex,ACE/USDT:USDT,0.592,42.0,0.5919,983.0,0.5924,42.0,0.5925,4792.0
1753600201023,07:10:01.023,phemex,ACE/USDT:USDT,0.592,42.0,0.5919,1025.0,0.5924,42.0,0.5925,4792.0
1753600201160,07:10:01.160,phemex,ACE/USDT:USDT,0.5919,1025.0,0.5918,4196.0,0.5924,42.0,0.5925,4792.0
1753600201288,07:10:01.288,phemex,ACE/USDT:USDT,0.592,42.0,0.5919,1025.0,0.5924,42.0,0.5925,4792.0
1753600203193,07:10:03.193,phemex,ACE/USDT:USDT,0.592,42.0,0.5919,1025.0,0.5924,42.0,0.5925,4792.0
1753600203854,07:10:03.854,phemex,ACE/USDT:USDT,0.5919,1025.0,0.5918,4196.0,0.5924,42.0,0.5925,4792.0
1753600204093,07:10:04.093,phemex,ACE/USDT:USDT,0.592,42.0,0.5919,1025.0,0.5924,42.0,0.5925,4792.0
1753600205493,07:10:05.493,phemex,ACE/USDT:USDT,0.592,42.0,0.5919,1025.0,0.5924,42.0,0.5925,4792.0
1753600205498,07:10:05.498,phemex,ACE/USDT:USDT,0.592,42.0,0.5919,1025.0,0.5924,42.0,0.5925,4792.0
1753600205759,07:10:05.759,phemex,ACE/USDT:USDT,0.5919,1025.0,0.5918,4196.0,0.5924,42.0,0.5925,4792.0
1753600205759,07:10:05.759,phemex,ACE/USDT:USDT,0.5919,1025.0,0.5918,4196.0,0.5924,42.0,0.5925,4792.0
1753600205941,07:10:05.941,phemex,ACE/USDT:USDT,0.5919,1025.0,0.5918,4196.0,0.5924,42.0,0.5925,4792.0
1753600206018,07:10:06.018,phemex,ACE/USDT:USDT,0.5919,1025.0,0.5918,4196.0,0.5922,397.0,0.5923,470.0
1753600206063,07:10:06.063,phemex,ACE/USDT:USDT,0.5919,1025.0,0.5918,4196.0,0.5922,397.0,0.5923,512.0
1753600206069,07:10:06.069,phemex,ACE/USDT:USDT,0.5919,1025.0,0.5918,4196.0,0.5921,42.0,0.5922,397.0
1753600206099,07:10:06.099,phemex,ACE/USDT:USDT,0.5919,1025.0,0.5918,4196.0,0.5921,42.0,0.5922,439.0
1753600206253,07:10:06.253,phemex,ACE/USDT:USDT,0.5919,1025.0,0.5918,4196.0,0.5921,42.0,0.5922,42.0
1753600206278,07:10:06.278,phemex,ACE/USDT:USDT,0.5919,1025.0,0.5918,4196.0,0.5922,42.0,0.5923,405.0
1753600206321,07:10:06.321,phemex,ACE/USDT:USDT,0.5919,1025.0,0.5918,4196.0,0.5922,42.0,0.5923,405.0
1753600206438,07:10:06.438,phemex,ACE/USDT:USDT,0.5919,983.0,0.5918,4196.0,0.5922,42.0,0.5923,405.0
1753600211163,07:10:11.163,phemex,ACE/USDT:USDT,0.5919,983.0,0.5918,4196.0,0.5922,42.0,0.5923,405.0
1753600211165,07:10:11.165,phemex,ACE/USDT:USDT,0.5919,983.0,0.5918,4196.0,0.5922,42.0,0.5923,405.0
1753600211175,07:10:11.175,phemex,ACE/USDT:USDT,0.5919,983.0,0.5918,4196.0,0.5922,42.0,0.5923,405.0
1753600211298,07:10:11.298,phemex,ACE/USDT:USDT,0.5919,983.0,0.5918,4196.0,0.5922,42.0,0.5923,405.0
1753600211564,07:10:11.564,phemex,ACE/USDT:USDT,0.592,919.0,0.5919,3469.0,0.5922,42.0,0.5923,405.0
1753600211564,07:10:11.564,phemex,ACE/USDT:USDT,0.592,919.0,0.5919,3469.0,0.5922,42.0,0.5923,405.0
1753600211618,07:10:11.618,phemex,ACE/USDT:USDT,0.592,876.0,0.5919,3469.0,0.5922,42.0,0.5923,405.0
1753600211698,07:10:11.698,phemex,ACE/USDT:USDT,0.592,876.0,0.5919,2894.0,0.5922,42.0,0.5923,405.0
1753600211698,07:10:11.698,phemex,ACE/USDT:USDT,0.5918,6304.0,0.5917,2369.0,0.5922,42.0,0.5923,405.0
1753600211762,07:10:11.762,phemex,ACE/USDT:USDT,0.5918,6304.0,0.5917,2369.0,0.5922,42.0,0.5923,405.0
1753600211769,07:10:11.769,phemex,ACE/USDT:USDT,0.5919,43.0,0.5918,6304.0,0.5922,42.0,0.5923,405.0
1753600213418,07:10:13.418,phemex,ACE/USDT:USDT,0.5918,6304.0,0.5917,2369.0,0.5922,516.0,0.5923,2564.0
1753600213442,07:10:13.442,phemex,ACE/USDT:USDT,0.5918,6304.0,0.5917,2369.0,0.5922,516.0,0.5923,2564.0
1753600213479,07:10:13.479,phemex,ACE/USDT:USDT,0.5918,6304.0,0.5917,2369.0,0.5921,43.0,0.5922,516.0
1753600213950,07:10:13.950,phemex,ACE/USDT:USDT,0.5918,6262.0,0.5917,2369.0,0.5921,43.0,0.5922,516.0
1753600214646,07:10:14.646,phemex,ACE/USDT:USDT,0.5917,5942.0,0.5916,1987.0,0.5921,43.0,0.5922,516.0
1753600214666,07:10:14.666,phemex,ACE/USDT:USDT,0.5917,5899.0,0.5916,1987.0,0.5921,43.0,0.5922,516.0
1753600216662,07:10:16.662,phemex,ACE/USDT:USDT,0.5917,5899.0,0.5916,1987.0,0.5921,43.0,0.5922,1134.0
1753600218841,07:10:18.841,phemex,ACE/USDT:USDT,0.5917,5869.0,0.5916,1987.0,0.5921,43.0,0.5922,1134.0
1753600218938,07:10:18.938,phemex,ACE/USDT:USDT,0.5917,5869.0,0.5916,1987.0,0.5921,584.0,0.5922,2596.0
1753600218986,07:10:18.986,phemex,ACE/USDT:USDT,0.5917,5869.0,0.5916,1987.0,0.592,43.0,0.5921,584.0
1753600219220,07:10:19.220,phemex,ACE/USDT:USDT,0.5918,43.0,0.5917,5869.0,0.592,43.0,0.5921,584.0
1753600219497,07:10:19.497,phemex,ACE/USDT:USDT,0.5918,43.0,0.5917,5869.0,0.5921,43.0,0.5922,42.0
1753600219516,07:10:19.516,phemex,ACE/USDT:USDT,0.5918,43.0,0.5917,5869.0,0.5923,42.0,0.5924,4472.0
1753600219545,07:10:19.545,phemex,ACE/USDT:USDT,0.5918,43.0,0.5917,5869.0,0.5923,42.0,0.5924,4472.0
1753600219682,07:10:19.682,phemex,ACE/USDT:USDT,0.5919,1040.0,0.5918,1564.0,0.5923,42.0,0.5924,4472.0
1753600219710,07:10:19.710,phemex,ACE/USDT:USDT,0.592,43.0,0.5919,1040.0,0.5923,42.0,0.5924,4472.0
1753600219762,07:10:19.762,phemex,ACE/USDT:USDT,0.592,43.0,0.5919,1083.0,0.5923,42.0,0.5924,4472.0
1753600219762,07:10:19.762,phemex,ACE/USDT:USDT,0.592,43.0,0.5919,1083.0,0.5923,42.0,0.5924,4472.0
1753600223255,07:10:23.255,phemex,ACE/USDT:USDT,0.5919,1083.0,0.5918,1564.0,0.5923,42.0,0.5924,4472.0
1753600223645,07:10:23.645,phemex,ACE/USDT:USDT,0.5918,406.0,0.5917,2511.0,0.5923,42.0,0.5924,4472.0
1753600223675,07:10:23.675,phemex,ACE/USDT:USDT,0.5918,406.0,0.5917,2511.0,0.5923,42.0,0.5924,4472.0
1753600223818,07:10:23.818,phemex,ACE/USDT:USDT,0.5918,363.0,0.5917,2511.0,0.5923,42.0,0.5924,4472.0
1753600224792,07:10:24.792,phemex,ACE/USDT:USDT,0.5918,363.0,0.5917,2511.0,0.5921,860.0,0.5922,3669.0
1753600224814,07:10:24.814,phemex,ACE/USDT:USDT,0.5918,406.0,0.5917,2511.0,0.592,43.0,0.5921,860.0
1753600224840,07:10:24.840,phemex,ACE/USDT:USDT,0.5918,406.0,0.5917,2511.0,0.592,43.0,0.5921,903.0
1753600225153,07:10:25.153,phemex,ACE/USDT:USDT,0.5918,363.0,0.5917,2511.0,0.592,43.0,0.5921,903.0
1753600225296,07:10:25.296,phemex,ACE/USDT:USDT,0.5918,293.0,0.5917,2511.0,0.592,43.0,0.5921,903.0
1753600225511,07:10:25.511,phemex,ACE/USDT:USDT,0.5918,293.0,0.5917,2511.0,0.592,43.0,0.5921,903.0
1753600227268,07:10:27.268,phemex,ACE/USDT:USDT,0.5916,42.0,0.5915,1721.0,0.592,43.0,0.5921,903.0
1753600227278,07:10:27.278,phemex,ACE/USDT:USDT,0.5916,42.0,0.5915,1721.0,0.592,43.0,0.5921,903.0
1753600227314,07:10:27.314,phemex,ACE/USDT:USDT,0.5915,43.0,0.5914,43.0,0.592,43.0,0.5921,903.0
1753600227318,07:10:27.318,phemex,ACE/USDT:USDT,0.5915,43.0,0.5914,43.0,0.592,43.0,0.5921,903.0
1753600227368,07:10:27.368,phemex,ACE/USDT:USDT,0.5915,43.0,0.5913,3823.0,0.592,380.0,0.5921,903.0
1753600227391,07:10:27.391,phemex,ACE/USDT:USDT,0.5913,3823.0,0.5912,1878.0,0.5919,43.0,0.592,380.0
1753600227537,07:10:27.537,phemex,ACE/USDT:USDT,0.5913,42.0,0.5912,530.0,0.5919,43.0,0.592,380.0
1753600227621,07:10:27.621,phemex,ACE/USDT:USDT,0.5912,530.0,0.5911,2383.0,0.5919,43.0,0.592,380.0
1753600227639,07:10:27.639,phemex,ACE/USDT:USDT,0.5912,530.0,0.5911,2383.0,0.5919,43.0,0.592,380.0
1753600227735,07:10:27.735,phemex,ACE/USDT:USDT,0.5911,42.0,0.591,42.0,0.5919,43.0,0.592,380.0
1753600227740,07:10:27.740,phemex,ACE/USDT:USDT,0.5911,42.0,0.591,42.0,0.5919,43.0,0.592,380.0
1753600227795,07:10:27.795,phemex,ACE/USDT:USDT,0.5911,42.0,0.591,42.0,0.5919,43.0,0.592,380.0
1753600227893,07:10:27.893,phemex,ACE/USDT:USDT,0.591,42.0,0.5909,2183.0,0.5919,43.0,0.592,380.0
1753600228001,07:10:28.001,phemex,ACE/USDT:USDT,0.5911,43.0,0.591,42.0,0.5919,43.0,0.592,380.0
1753600228066,07:10:28.066,phemex,ACE/USDT:USDT,0.591,42.0,0.5909,2183.0,0.5919,43.0,0.592,380.0
1753600228134,07:10:28.134,phemex,ACE/USDT:USDT,0.591,42.0,0.5909,2183.0,0.5918,337.0,0.5919,43.0
1753600228190,07:10:28.190,phemex,ACE/USDT:USDT,0.591,42.0,0.5909,2183.0,0.5917,43.0,0.5918,337.0
1753600228206,07:10:28.206,phemex,ACE/USDT:USDT,0.591,42.0,0.5909,2183.0,0.5917,43.0,0.5918,337.0
1753600228472,07:10:28.472,phemex,ACE/USDT:USDT,0.591,42.0,0.5909,2183.0,0.5916,43.0,0.5917,381.0
1753600230956,07:10:30.956,phemex,ACE/USDT:USDT,0.591,42.0,0.5909,2183.0,0.5914,352.0,0.5915,388.0
1753600230980,07:10:30.980,phemex,ACE/USDT:USDT,0.591,42.0,0.5909,2183.0,0.5914,352.0,0.5915,388.0
1753600231044,07:10:31.044,phemex,ACE/USDT:USDT,0.591,42.0,0.5909,2183.0,0.5914,352.0,0.5915,388.0
1753600231050,07:10:31.050,phemex,ACE/USDT:USDT,0.591,42.0,0.5909,2183.0,0.5914,352.0,0.5915,388.0
1753600231244,07:10:31.244,phemex,ACE/USDT:USDT,0.591,42.0,0.5909,2183.0,0.5914,352.0,0.5915,388.0
1753600231446,07:10:31.446,phemex,ACE/USDT:USDT,0.591,42.0,0.5909,2183.0,0.5914,352.0,0.5915,431.0
1753600231499,07:10:31.499,phemex,ACE/USDT:USDT,0.591,42.0,0.5909,2183.0,0.5914,395.0,0.5915,431.0
1753600231592,07:10:31.592,phemex,ACE/USDT:USDT,0.591,42.0,0.5909,2183.0,0.5913,43.0,0.5914,395.0
1753600231801,07:10:31.801,phemex,ACE/USDT:USDT,0.591,42.0,0.5909,2183.0,0.5913,43.0,0.5914,395.0
1753600232961,07:10:32.961,phemex,ACE/USDT:USDT,0.5911,876.0,0.591,42.0,0.5913,43.0,0.5914,395.0
1753600232971,07:10:32.971,phemex,ACE/USDT:USDT,0.5911,876.0,0.591,42.0,0.5914,395.0,0.5915,431.0
1753600233000,07:10:33.000,phemex,ACE/USDT:USDT,0.5912,43.0,0.5911,876.0,0.5914,395.0,0.5915,431.0
1753600234583,07:10:34.583,phemex,ACE/USDT:USDT,0.591,1189.0,0.5909,42.0,0.5913,43.0,0.5914,395.0
1753600234584,07:10:34.584,phemex,ACE/USDT:USDT,0.591,1189.0,0.5909,42.0,0.5913,43.0,0.5914,395.0
1753600234593,07:10:34.593,phemex,ACE/USDT:USDT,0.591,1189.0,0.5909,42.0,0.5913,43.0,0.5914,395.0
1753600235861,07:10:35.861,phemex,ACE/USDT:USDT,0.591,1189.0,0.5909,42.0,0.5913,43.0,0.5914,395.0
1753600235862,07:10:35.862,phemex,ACE/USDT:USDT,0.591,1189.0,0.5909,42.0,0.5913,43.0,0.5914,395.0
1753600235976,07:10:35.976,phemex,ACE/USDT:USDT,0.591,1147.0,0.5909,42.0,0.5913,43.0,0.5914,395.0
1753600236354,07:10:36.354,phemex,ACE/USDT:USDT,0.591,1147.0,0.5909,42.0,0.5913,402.0,0.5914,1815.0
1753600236390,07:10:36.390,phemex,ACE/USDT:USDT,0.591,1147.0,0.5909,42.0,0.5912,43.0,0.5913,402.0
1753600238509,07:10:38.509,phemex,ACE/USDT:USDT,0.591,1068.0,0.5909,42.0,0.5912,43.0,0.5913,402.0
1753600240948,07:10:40.948,phemex,ACE/USDT:USDT,0.591,1068.0,0.5909,42.0,0.5913,402.0,0.5914,1815.0
1753600240962,07:10:40.962,phemex,ACE/USDT:USDT,0.5911,44.0,0.591,1068.0,0.5913,402.0,0.5914,1815.0
1753600240986,07:10:40.986,phemex,ACE/USDT:USDT,0.5911,44.0,0.591,1068.0,0.5913,43.0,0.5914,43.0
1753600241012,07:10:41.012,phemex,ACE/USDT:USDT,0.5911,44.0,0.591,1068.0,0.5914,43.0,0.5915,2441.0
1753600241029,07:10:41.029,phemex,ACE/USDT:USDT,0.5911,44.0,0.591,1068.0,0.5914,43.0,0.5915,2441.0
1753600241743,07:10:41.743,phemex,ACE/USDT:USDT,0.5911,1201.0,0.591,4902.0,0.5914,43.0,0.5915,2441.0
1753600241892,07:10:41.892,phemex,ACE/USDT:USDT,0.5911,1201.0,0.591,4902.0,0.5914,43.0,0.5915,2441.0
1753600243789,07:10:43.789,phemex,ACE/USDT:USDT,0.5911,1157.0,0.591,4902.0,0.5914,43.0,0.5915,2441.0
1753600244232,07:10:44.232,phemex,ACE/USDT:USDT,0.5911,1157.0,0.591,4902.0,0.5914,43.0,0.5915,2441.0
1753600244235,07:10:44.235,phemex,ACE/USDT:USDT,0.5911,1157.0,0.591,4902.0,0.5914,43.0,0.5915,2441.0
1753600244272,07:10:44.272,phemex,ACE/USDT:USDT,0.5912,44.0,0.5911,1157.0,0.5915,2441.0,0.5916,2099.0
1753600244325,07:10:44.325,phemex,ACE/USDT:USDT,0.5912,44.0,0.5911,1201.0,0.5916,528.0,0.5917,2189.0
1753600244342,07:10:44.342,phemex,ACE/USDT:USDT,0.5912,44.0,0.5911,1201.0,0.5915,44.0,0.5916,528.0
1753600244631,07:10:44.631,phemex,ACE/USDT:USDT,0.5912,44.0,0.5911,1201.0,0.5915,44.0,0.5916,528.0
1753600252236,07:10:52.236,phemex,ACE/USDT:USDT,0.5912,44.0,0.5911,1201.0,0.5915,538.0,0.5916,2526.0
1753600252259,07:10:52.259,phemex,ACE/USDT:USDT,0.5912,44.0,0.5911,1201.0,0.5914,43.0,0.5915,538.0
1753600253854,07:10:53.854,phemex,ACE/USDT:USDT,0.5912,836.0,0.5911,3961.0,0.5915,538.0,0.5916,2526.0
1753600253921,07:10:53.921,phemex,ACE/USDT:USDT,0.5913,43.0,0.5912,836.0,0.5915,494.0,0.5916,2526.0
1753600253964,07:10:53.964,phemex,ACE/USDT:USDT,0.5913,43.0,0.5912,836.0,0.5915,494.0,0.5916,2526.0
1753600255808,07:10:55.808,phemex,ACE/USDT:USDT,0.5913,43.0,0.5912,836.0,0.5915,379.0,0.5916,2526.0
1753600256152,07:10:56.152,phemex,ACE/USDT:USDT,0.5913,43.0,0.5912,836.0,0.5915,379.0,0.5916,2526.0
1753600256159,07:10:56.159,phemex,ACE/USDT:USDT,0.5913,43.0,0.5912,836.0,0.5915,379.0,0.5916,2526.0
1753600256343,07:10:56.343,phemex,ACE/USDT:USDT,0.5913,43.0,0.5912,836.0,0.5917,3636.0,0.5918,2126.0
1753600256424,07:10:56.424,phemex,ACE/USDT:USDT,0.5913,43.0,0.5912,836.0,0.5917,3636.0,0.5918,2126.0
1753600256535,07:10:56.535,phemex,ACE/USDT:USDT,0.5913,43.0,0.5912,836.0,0.5919,389.0,0.592,2213.0
1753600256547,07:10:56.547,phemex,ACE/USDT:USDT,0.5913,43.0,0.5912,836.0,0.5918,43.0,0.5919,389.0
1753600256564,07:10:56.564,phemex,ACE/USDT:USDT,0.5913,43.0,0.5912,836.0,0.5918,43.0,0.5919,432.0
1753600257531,07:10:57.531,phemex,ACE/USDT:USDT,0.5913,43.0,0.5912,836.0,0.5918,43.0,0.5919,43.0
1753600257612,07:10:57.612,phemex,ACE/USDT:USDT,0.5913,640.0,0.5912,836.0,0.5918,43.0,0.5919,43.0
1753600257617,07:10:57.617,phemex,ACE/USDT:USDT,0.5913,640.0,0.5912,836.0,0.5918,43.0,0.5919,43.0
1753600257674,07:10:57.674,phemex,ACE/USDT:USDT,0.5913,640.0,0.5912,836.0,0.5919,43.0,0.592,43.0
1753600257705,07:10:57.705,phemex,ACE/USDT:USDT,0.5913,640.0,0.5912,836.0,0.592,43.0,0.5921,5400.0
1753600257728,07:10:57.728,phemex,ACE/USDT:USDT,0.5914,43.0,0.5913,640.0,0.5921,5400.0,0.5922,1894.0
1753600257753,07:10:57.753,phemex,ACE/USDT:USDT,0.5914,43.0,0.5913,640.0,0.5921,5400.0,0.5922,1894.0
1753600257758,07:10:57.758,phemex,ACE/USDT:USDT,0.5914,43.0,0.5913,640.0,0.5921,5400.0,0.5922,1894.0
1753600257807,07:10:57.807,phemex,ACE/USDT:USDT,0.5914,43.0,0.5913,640.0,0.592,43.0,0.5921,5400.0
1753600258285,07:10:58.285,phemex,ACE/USDT:USDT,0.5914,43.0,0.5913,43.0,0.592,43.0,0.5921,43.0
1753600258309,07:10:58.309,phemex,ACE/USDT:USDT,0.5913,43.0,0.5912,1433.0,0.5921,43.0,0.5922,591.0
1753600258464,07:10:58.464,phemex,ACE/USDT:USDT,0.5913,43.0,0.5912,836.0,0.5921,43.0,0.5922,591.0
1753600258871,07:10:58.871,phemex,ACE/USDT:USDT,0.5915,770.0,0.5914,1624.0,0.5921,43.0,0.5922,591.0
1753600258899,07:10:58.899,phemex,ACE/USDT:USDT,0.5916,43.0,0.5915,770.0,0.5921,43.0,0.5922,591.0
1753600258913,07:10:58.913,phemex,ACE/USDT:USDT,0.5916,43.0,0.5915,813.0,0.5921,43.0,0.5922,591.0
1753600260336,07:11:00.336,phemex,ACE/USDT:USDT,0.5916,43.0,0.5915,813.0,0.5921,43.0,0.5922,591.0
1753600260414,07:11:00.414,phemex,ACE/USDT:USDT,0.5916,43.0,0.5915,813.0,0.5921,43.0,0.5922,591.0
1753600260419,07:11:00.419,phemex,ACE/USDT:USDT,0.5916,43.0,0.5915,813.0,0.5921,43.0,0.5922,591.0
1753600261451,07:11:01.451,phemex,ACE/USDT:USDT,0.5916,43.0,0.5915,813.0,0.5921,43.0,0.5922,591.0
1753600262856,07:11:02.856,phemex,ACE/USDT:USDT,0.5916,43.0,0.5915,813.0,0.5921,43.0,0.5922,591.0
1753600263427,07:11:03.427,phemex,ACE/USDT:USDT,0.5916,43.0,0.5915,813.0,0.5919,426.0,0.592,1945.0
1753600263439,07:11:03.439,phemex,ACE/USDT:USDT,0.5916,43.0,0.5915,813.0,0.5919,426.0,0.592,1945.0
1753600263445,07:11:03.445,phemex,ACE/USDT:USDT,0.5916,43.0,0.5915,813.0,0.5918,42.0,0.5919,426.0
1753600263506,07:11:03.506,phemex,ACE/USDT:USDT,0.5916,43.0,0.5915,813.0,0.5918,42.0,0.5919,468.0
1753600265082,07:11:05.082,phemex,ACE/USDT:USDT,0.5916,43.0,0.5915,813.0,0.5919,468.0,0.592,1945.0
1753600265107,07:11:05.107,phemex,ACE/USDT:USDT,0.5916,43.0,0.5915,813.0,0.5919,468.0,0.592,1945.0
1753600265186,07:11:05.186,phemex,ACE/USDT:USDT,0.5916,43.0,0.5915,813.0,0.5918,42.0,0.5919,468.0
1753600267396,07:11:07.396,phemex,ACE/USDT:USDT,0.5916,1118.0,0.5915,5440.0,0.5919,468.0,0.592,1945.0
1753600267412,07:11:07.412,phemex,ACE/USDT:USDT,0.5917,42.0,0.5916,1118.0,0.5919,426.0,0.592,1945.0
1753600268037,07:11:08.037,phemex,ACE/USDT:USDT,0.5917,42.0,0.5916,1118.0,0.5921,1686.0,0.5922,7234.0
1753600268542,07:11:08.542,phemex,ACE/USDT:USDT,0.5917,42.0,0.5916,1118.0,0.592,42.0,0.5921,1686.0
1753600269908,07:11:09.908,phemex,ACE/USDT:USDT,0.5917,42.0,0.5916,1118.0,0.592,42.0,0.5921,1686.0
1753600271577,07:11:11.577,phemex,ACE/USDT:USDT,0.5917,42.0,0.5916,1118.0,0.5921,1686.0,0.5922,7234.0
1753600271605,07:11:11.605,phemex,ACE/USDT:USDT,0.5917,42.0,0.5916,1118.0,0.592,41.0,0.5921,1686.0
1753600272707,07:11:12.707,phemex,ACE/USDT:USDT,0.5918,1046.0,0.5917,4200.0,0.592,41.0,0.5921,1686.0
1753600273246,07:11:13.246,phemex,ACE/USDT:USDT,0.5919,41.0,0.5918,1046.0,0.5921,43.0,0.5922,43.0
1753600273255,07:11:13.255,phemex,ACE/USDT:USDT,0.5919,41.0,0.5918,1046.0,0.5921,43.0,0.5922,43.0
1753600273263,07:11:13.263,phemex,ACE/USDT:USDT,0.5919,41.0,0.5918,1087.0,0.5922,43.0,0.5924,6687.0
1753600273488,07:11:13.488,phemex,ACE/USDT:USDT,0.5919,41.0,0.5918,1087.0,0.5922,43.0,0.5924,6687.0
1753600273545,07:11:13.545,phemex,ACE/USDT:USDT,0.5919,41.0,0.5918,1087.0,0.5923,627.0,0.5924,42.0
1753600273565,07:11:13.565,phemex,ACE/USDT:USDT,0.5919,41.0,0.5918,1087.0,0.5923,627.0,0.5924,42.0
1753600273574,07:11:13.574,phemex,ACE/USDT:USDT,0.5919,41.0,0.5918,1087.0,0.5922,41.0,0.5923,627.0
1753600273628,07:11:13.628,phemex,ACE/USDT:USDT,0.5919,41.0,0.5918,1087.0,0.5924,626.0,0.5925,1696.0
1753600273643,07:11:13.643,phemex,ACE/USDT:USDT,0.5919,41.0,0.5918,1087.0,0.5923,41.0,0.5924,626.0
1753600278187,07:11:18.187,phemex,ACE/USDT:USDT,0.592,1020.0,0.5919,1702.0,0.5923,41.0,0.5924,626.0
1753600278802,07:11:18.802,phemex,ACE/USDT:USDT,0.592,1020.0,0.5919,1702.0,0.5923,607.0,0.5924,2115.0
1753600278829,07:11:18.829,phemex,ACE/USDT:USDT,0.592,1020.0,0.5919,1702.0,0.5922,41.0,0.5923,607.0
1753600279360,07:11:19.360,phemex,ACE/USDT:USDT,0.592,1020.0,0.5919,1702.0,0.5922,41.0,0.5923,607.0
1753600279360,07:11:19.360,phemex,ACE/USDT:USDT,0.592,1020.0,0.5919,1702.0,0.5922,41.0,0.5923,607.0
1753600280897,07:11:20.897,phemex,ACE/USDT:USDT,0.592,850.0,0.5919,1702.0,0.5922,41.0,0.5923,607.0
1753600281134,07:11:21.134,phemex,ACE/USDT:USDT,0.592,850.0,0.5919,1661.0,0.5922,41.0,0.5923,607.0
1753600281670,07:11:21.670,phemex,ACE/USDT:USDT,0.592,850.0,0.5919,1661.0,0.5922,41.0,0.5923,607.0
1753600281731,07:11:21.731,phemex,ACE/USDT:USDT,0.592,850.0,0.5919,1661.0,0.5922,41.0,0.5923,607.0
1753600282872,07:11:22.872,phemex,ACE/USDT:USDT,0.5917,1925.0,0.5916,6580.0,0.5922,41.0,0.5923,607.0
1753600282879,07:11:22.879,phemex,ACE/USDT:USDT,0.5917,1925.0,0.5916,6580.0,0.5922,41.0,0.5923,607.0
1753600282929,07:11:22.929,phemex,ACE/USDT:USDT,0.5917,539.0,0.5916,2442.0,0.5922,41.0,0.5923,607.0
1753600282972,07:11:22.972,phemex,ACE/USDT:USDT,0.5916,2178.0,0.5915,43.0,0.5922,41.0,0.5923,607.0
1753600282978,07:11:22.978,phemex,ACE/USDT:USDT,0.5916,384.0,0.5915,2465.0,0.5922,41.0,0.5923,607.0
1753600283496,07:11:23.496,phemex,ACE/USDT:USDT,0.5917,42.0,0.5916,384.0,0.5922,41.0,0.5923,607.0
1753600284070,07:11:24.070,phemex,ACE/USDT:USDT,0.5917,42.0,0.5916,384.0,0.592,631.0,0.5921,2217.0
1753600284098,07:11:24.098,phemex,ACE/USDT:USDT,0.5917,42.0,0.5916,384.0,0.5919,42.0,0.592,631.0
1753600284156,07:11:24.156,phemex,ACE/USDT:USDT,0.5917,42.0,0.5916,384.0,0.5919,42.0,0.592,673.0
1753600284743,07:11:24.743,phemex,ACE/USDT:USDT,0.5917,42.0,0.5916,384.0,0.5922,2744.0,0.5923,2016.0
1753600284770,07:11:24.770,phemex,ACE/USDT:USDT,0.5917,639.0,0.5916,384.0,0.5922,2172.0,0.5923,2370.0
1753600284779,07:11:24.779,phemex,ACE/USDT:USDT,0.5918,42.0,0.5917,639.0,0.5923,4435.0,0.5924,42.0
1753600284821,07:11:24.821,phemex,ACE/USDT:USDT,0.5918,42.0,0.5917,639.0,0.5922,42.0,0.5923,4435.0
1753600286446,07:11:26.446,phemex,ACE/USDT:USDT,0.5918,42.0,0.5917,42.0,0.5922,42.0,0.5923,41.0
1753600286486,07:11:26.486,phemex,ACE/USDT:USDT,0.5917,42.0,0.5916,981.0,0.5922,42.0,0.5923,41.0
1753600286542,07:11:26.542,phemex,ACE/USDT:USDT,0.5917,42.0,0.5916,384.0,0.5923,41.0,0.5924,42.0
1753600286547,07:11:26.547,phemex,ACE/USDT:USDT,0.5917,639.0,0.5916,384.0,0.5923,41.0,0.5924,42.0
1753600286614,07:11:26.614,phemex,ACE/USDT:USDT,0.5918,42.0,0.5917,639.0,0.5925,42.0,0.5926,1854.0
1753600287365,07:11:27.365,phemex,ACE/USDT:USDT,0.5918,42.0,0.5917,639.0,0.5925,42.0,0.5926,1854.0
1753600287401,07:11:27.401,phemex,ACE/USDT:USDT,0.5918,42.0,0.5917,639.0,0.5925,42.0,0.5926,1854.0
1753600289901,07:11:29.901,phemex,ACE/USDT:USDT,0.592,1209.0,0.5919,5341.0,0.5925,42.0,0.5926,1854.0
1753600290016,07:11:30.016,phemex,ACE/USDT:USDT,0.592,1209.0,0.5919,5341.0,0.5925,42.0,0.5926,1854.0
1753600290036,07:11:30.036,phemex,ACE/USDT:USDT,0.5921,43.0,0.592,1209.0,0.5925,42.0,0.5926,1854.0
1753600290072,07:11:30.072,phemex,ACE/USDT:USDT,0.5921,43.0,0.592,584.0,0.5925,42.0,0.5926,1854.0
1753600290077,07:11:30.077,phemex,ACE/USDT:USDT,0.5921,43.0,0.5918,5926.0,0.5925,42.0,0.5926,1854.0
1753600290112,07:11:30.112,phemex,ACE/USDT:USDT,0.5919,43.0,0.5918,5926.0,0.5925,42.0,0.5926,1854.0
1753600290467,07:11:30.467,phemex,ACE/USDT:USDT,0.5919,43.0,0.5918,42.0,0.5925,42.0,0.5926,1854.0
1753600290474,07:11:30.474,phemex,ACE/USDT:USDT,0.5918,42.0,0.5917,5507.0,0.5925,42.0,0.5926,1854.0
1753600290607,07:11:30.607,phemex,ACE/USDT:USDT,0.5918,42.0,0.5917,5507.0,0.5925,379.0,0.5926,1854.0
1753600290616,07:11:30.616,phemex,ACE/USDT:USDT,0.5918,42.0,0.5917,5507.0,0.5924,43.0,0.5925,379.0
1753600291093,07:11:31.093,phemex,ACE/USDT:USDT,0.5918,42.0,0.5917,5507.0,0.5924,43.0,0.5925,379.0
1753600291098,07:11:31.098,phemex,ACE/USDT:USDT,0.5918,42.0,0.5917,5507.0,0.5924,43.0,0.5925,379.0
1753600291522,07:11:31.522,phemex,ACE/USDT:USDT,0.5918,42.0,0.5917,5507.0,0.5923,415.0,0.5924,528.0
1753600291558,07:11:31.558,phemex,ACE/USDT:USDT,0.5918,42.0,0.5917,6104.0,0.5922,43.0,0.5923,415.0
1753600291560,07:11:31.560,phemex,ACE/USDT:USDT,0.5918,42.0,0.5917,6104.0,0.5922,43.0,0.5923,415.0
1753600291570,07:11:31.570,phemex,ACE/USDT:USDT,0.5918,42.0,0.5917,6104.0,0.5922,43.0,0.5923,458.0
1753600295764,07:11:35.764,phemex,ACE/USDT:USDT,0.5919,1054.0,0.5918,4224.0,0.5922,43.0,0.5923,458.0
1753600296133,07:11:36.133,phemex,ACE/USDT:USDT,0.5919,1054.0,0.5918,4224.0,0.5922,43.0,0.5923,458.0
1753600296239,07:11:36.239,phemex,ACE/USDT:USDT,0.5918,42.0,0.5917,2027.0,0.5922,43.0,0.5923,458.0
1753600297307,07:11:37.307,phemex,ACE/USDT:USDT,0.5917,2027.0,0.5916,4937.0,0.5922,43.0,0.5923,458.0
1753600298639,07:11:38.639,phemex,ACE/USDT:USDT,0.5916,518.0,0.5915,4756.0,0.5921,572.0,0.5922,418.0
1753600298655,07:11:38.655,phemex,ACE/USDT:USDT,0.5916,518.0,0.5915,4756.0,0.592,43.0,0.5921,572.0
1753600298676,07:11:38.676,phemex,ACE/USDT:USDT,0.5916,518.0,0.5915,4756.0,0.592,43.0,0.5921,615.0
1753600298723,07:11:38.723,phemex,ACE/USDT:USDT,0.5916,518.0,0.5915,4756.0,0.592,43.0,0.5921,615.0
1753600298796,07:11:38.796,phemex,ACE/USDT:USDT,0.5916,43.0,0.5915,43.0,0.592,43.0,0.5921,615.0
1753600298866,07:11:38.866,phemex,ACE/USDT:USDT,0.5915,43.0,0.5914,5920.0,0.592,43.0,0.5921,615.0
1753600302868,07:11:42.868,phemex,ACE/USDT:USDT,0.5915,43.0,0.5914,5920.0,0.5927,42.0,0.5928,406.0
1753600302887,07:11:42.887,phemex,ACE/USDT:USDT,0.5916,338.0,0.5915,43.0,0.5927,43.0,0.5928,406.0
1753600302897,07:11:42.897,phemex,ACE/USDT:USDT,0.5916,538.0,0.5915,43.0,0.5927,43.0,0.5928,406.0
1753600302898,07:11:42.898,phemex,ACE/USDT:USDT,0.5917,43.0,0.5916,538.0,0.5927,43.0,0.5928,406.0
1753600302962,07:11:42.962,phemex,ACE/USDT:USDT,0.5917,43.0,0.5916,538.0,0.5927,43.0,0.5928,406.0
1753600302994,07:11:42.994,phemex,ACE/USDT:USDT,0.5917,43.0,0.5916,538.0,0.5927,43.0,0.5928,43.0
1753600303046,07:11:43.046,phemex,ACE/USDT:USDT,0.5917,381.0,0.5916,200.0,0.5928,43.0,0.5929,456.0
1753600303058,07:11:43.058,phemex,ACE/USDT:USDT,0.5918,43.0,0.5917,381.0,0.5928,43.0,0.5929,456.0
1753600304370,07:11:44.370,phemex,ACE/USDT:USDT,0.5924,892.0,0.5923,3744.0,0.5928,43.0,0.5929,456.0
1753600304393,07:11:44.393,phemex,ACE/USDT:USDT,0.5925,43.0,0.5924,892.0,0.5928,43.0,0.5929,456.0
1753600304417,07:11:44.417,phemex,ACE/USDT:USDT,0.5925,43.0,0.5924,935.0,0.5928,43.0,0.5929,456.0
1753600304650,07:11:44.650,phemex,ACE/USDT:USDT,0.5925,43.0,0.5924,935.0,0.5929,456.0,0.593,2970.0
1753600304675,07:11:44.675,phemex,ACE/USDT:USDT,0.5925,43.0,0.5924,935.0,0.5929,456.0,0.593,2970.0
1753600307571,07:11:47.571,phemex,ACE/USDT:USDT,0.5924,935.0,0.5923,3744.0,0.5929,456.0,0.593,2970.0
1753600307651,07:11:47.651,phemex,ACE/USDT:USDT,0.5924,528.0,0.5923,3744.0,0.5928,43.0,0.5929,456.0
1753600307663,07:11:47.663,phemex,ACE/USDT:USDT,0.5925,43.0,0.5924,528.0,0.5928,43.0,0.5929,456.0
1753600307915,07:11:47.915,phemex,ACE/USDT:USDT,0.5925,43.0,0.5924,528.0,0.5928,43.0,0.5929,456.0
1753600307927,07:11:47.927,phemex,ACE/USDT:USDT,0.5925,43.0,0.5924,528.0,0.5928,43.0,0.5929,456.0
1753600307930,07:11:47.930,phemex,ACE/USDT:USDT,0.5925,43.0,0.5924,528.0,0.5928,43.0,0.5929,456.0
1753600309386,07:11:49.386,phemex,ACE/USDT:USDT,0.5925,43.0,0.5924,528.0,0.5928,43.0,0.5929,456.0
1753600309386,07:11:49.386,phemex,ACE/USDT:USDT,0.5925,43.0,0.5924,528.0,0.5928,43.0,0.5929,456.0
1753600310636,07:11:50.636,phemex,ACE/USDT:USDT,0.5925,1042.0,0.5924,4281.0,0.593,43.0,0.5931,42.0
1753600310650,07:11:50.650,phemex,ACE/USDT:USDT,0.5925,1042.0,0.5924,4281.0,0.593,43.0,0.5931,42.0
1753600310655,07:11:50.655,phemex,ACE/USDT:USDT,0.5926,42.0,0.5925,1042.0,0.5931,42.0,0.5932,543.0
1753600310714,07:11:50.714,phemex,ACE/USDT:USDT,0.5926,42.0,0.5925,1042.0,0.5931,42.0,0.5932,543.0
1753600311070,07:11:51.070,phemex,ACE/USDT:USDT,0.5926,42.0,0.5925,1042.0,0.5931,42.0,0.5932,543.0
1753600311224,07:11:51.224,phemex,ACE/USDT:USDT,0.5926,42.0,0.5925,1042.0,0.5931,42.0,0.5932,543.0
1753600312697,07:11:52.697,phemex,ACE/USDT:USDT,0.5926,42.0,0.5925,1042.0,0.5931,42.0,0.5932,543.0
1753600313669,07:11:53.669,phemex,ACE/USDT:USDT,0.5926,42.0,0.5925,1042.0,0.5931,42.0,0.5932,543.0
1753600316155,07:11:56.155,phemex,ACE/USDT:USDT,0.5926,42.0,0.5925,1042.0,0.5931,42.0,0.5932,543.0
1753600316475,07:11:56.475,phemex,ACE/USDT:USDT,0.5928,1033.0,0.5927,1734.0,0.5931,576.0,0.5932,3758.0
1753600316488,07:11:56.488,phemex,ACE/USDT:USDT,0.5928,1033.0,0.5927,1734.0,0.5931,576.0,0.5932,3758.0
1753600316560,07:11:56.560,phemex,ACE/USDT:USDT,0.5928,1033.0,0.5927,1734.0,0.593,42.0,0.5931,576.0
1753600316623,07:11:56.623,phemex,ACE/USDT:USDT,0.5928,1033.0,0.5927,1734.0,0.593,42.0,0.5931,576.0
1753600316673,07:11:56.673,phemex,ACE/USDT:USDT,0.5928,1033.0,0.5927,1734.0,0.593,42.0,0.5931,576.0
1753600316862,07:11:56.862,phemex,ACE/USDT:USDT,0.5928,633.0,0.5927,1734.0,0.593,42.0,0.5931,576.0
1753600318400,07:11:58.400,phemex,ACE/USDT:USDT,0.5929,42.0,0.5928,633.0,0.5931,534.0,0.5932,3758.0
1753600318440,07:11:58.440,phemex,ACE/USDT:USDT,0.5929,42.0,0.5928,675.0,0.5933,1806.0,0.5934,2350.0
1753600318446,07:11:58.446,phemex,ACE/USDT:USDT,0.5929,42.0,0.5928,675.0,0.5933,1806.0,0.5934,2350.0
1753600318472,07:11:58.472,phemex,ACE/USDT:USDT,0.5929,42.0,0.5928,675.0,0.5934,43.0,0.5935,330.0
1753600318480,07:11:58.480,phemex,ACE/USDT:USDT,0.5929,42.0,0.5928,675.0,0.5934,43.0,0.5935,43.0
1753600318539,07:11:58.539,phemex,ACE/USDT:USDT,0.5929,42.0,0.5928,675.0,0.5935,43.0,0.5936,330.0
1753600318551,07:11:58.551,phemex,ACE/USDT:USDT,0.5929,42.0,0.5928,675.0,0.5935,43.0,0.5936,330.0
1753600318557,07:11:58.557,phemex,ACE/USDT:USDT,0.5929,42.0,0.5928,675.0,0.5935,43.0,0.5936,43.0
1753600318614,07:11:58.614,phemex,ACE/USDT:USDT,0.5929,42.0,0.5928,675.0,0.5936,43.0,0.5937,6308.0
1753600319528,07:11:59.528,phemex,ACE/USDT:USDT,0.5929,42.0,0.5928,675.0,0.5936,43.0,0.5937,6308.0
1753600320389,07:12:00.389,phemex,ACE/USDT:USDT,0.5929,42.0,0.5928,675.0,0.5936,379.0,0.5937,6021.0
1753600320416,07:12:00.416,phemex,ACE/USDT:USDT,0.5929,42.0,0.5928,675.0,0.5935,42.0,0.5936,379.0
1753600320426,07:12:00.426,phemex,ACE/USDT:USDT,0.5929,42.0,0.5928,675.0,0.5935,42.0,0.5936,379.0
1753600320951,07:12:00.951,phemex,ACE/USDT:USDT,0.5929,42.0,0.5928,675.0,0.5935,42.0,0.5936,379.0
1753600320958,07:12:00.958,phemex,ACE/USDT:USDT,0.5929,42.0,0.5928,675.0,0.5935,378.0,0.5936,43.0
1753600321012,07:12:01.012,phemex,ACE/USDT:USDT,0.5929,42.0,0.5928,675.0,0.5934,42.0,0.5935,378.0
1753600321308,07:12:01.308,phemex,ACE/USDT:USDT,0.5928,675.0,0.5927,1776.0,0.5934,379.0,0.5935,42.0
1753600321335,07:12:01.335,phemex,ACE/USDT:USDT,0.5928,675.0,0.5927,1776.0,0.5934,379.0,0.5935,42.0
1753600321339,07:12:01.339,phemex,ACE/USDT:USDT,0.5929,42.0,0.5928,675.0,0.5933,42.0,0.5934,379.0
1753600321532,07:12:01.532,phemex,ACE/USDT:USDT,0.5928,675.0,0.5927,1776.0,0.5933,42.0,0.5934,379.0
1753600321591,07:12:01.591,phemex,ACE/USDT:USDT,0.5928,675.0,0.5927,1776.0,0.5933,42.0,0.5934,379.0
1753600321652,07:12:01.652,phemex,ACE/USDT:USDT,0.5929,42.0,0.5928,675.0,0.5933,42.0,0.5934,379.0
1753600322474,07:12:02.474,phemex,ACE/USDT:USDT,0.5929,42.0,0.5928,675.0,0.5933,42.0,0.5934,379.0
1753600322560,07:12:02.560,phemex,ACE/USDT:USDT,0.5928,675.0,0.5927,1776.0,0.5933,42.0,0.5934,379.0
1753600322607,07:12:02.607,phemex,ACE/USDT:USDT,0.5928,675.0,0.5927,1776.0,0.5933,42.0,0.5934,379.0
1753600323522,07:12:03.522,phemex,ACE/USDT:USDT,0.5928,675.0,0.5927,1776.0,0.593,573.0,0.5931,1701.0
1753600325050,07:12:05.050,phemex,ACE/USDT:USDT,0.5929,42.0,0.5928,675.0,0.593,573.0,0.5931,1701.0
1753600325109,07:12:05.109,phemex,ACE/USDT:USDT,0.5928,675.0,0.5927,1776.0,0.593,573.0,0.5931,1701.0
1753600325158,07:12:05.158,phemex,ACE/USDT:USDT,0.5928,675.0,0.5927,1776.0,0.593,573.0,0.5931,1701.0
1753600326628,07:12:06.628,phemex,ACE/USDT:USDT,0.5929,42.0,0.5928,675.0,0.593,573.0,0.5931,1701.0
1753600326717,07:12:06.717,phemex,ACE/USDT:USDT,0.5928,675.0,0.5927,1776.0,0.593,573.0,0.5931,1701.0
1753600326813,07:12:06.813,phemex,ACE/USDT:USDT,0.5928,675.0,0.5927,1776.0,0.593,573.0,0.5931,1701.0
1753600327423,07:12:07.423,phemex,ACE/USDT:USDT,0.5927,42.0,0.5926,42.0,0.5929,42.0,0.593,573.0
1753600327436,07:12:07.436,phemex,ACE/USDT:USDT,0.5926,42.0,0.5925,2157.0,0.5929,42.0,0.593,615.0
1753600327679,07:12:07.679,phemex,ACE/USDT:USDT,0.5926,42.0,0.5925,658.0,0.593,615.0,0.5931,1743.0
1753600327708,07:12:07.708,phemex,ACE/USDT:USDT,0.5926,42.0,0.5925,658.0,0.593,615.0,0.5931,1743.0
1753600327979,07:12:07.979,phemex,ACE/USDT:USDT,0.5926,42.0,0.5925,658.0,0.593,615.0,0.5931,1743.0
1753600328327,07:12:08.327,phemex,ACE/USDT:USDT,0.5926,42.0,0.5925,658.0,0.5929,42.0,0.593,615.0
1753600328392,07:12:08.392,phemex,ACE/USDT:USDT,0.5926,42.0,0.5925,658.0,0.593,615.0,0.5931,1743.0
1753600328719,07:12:08.719,phemex,ACE/USDT:USDT,0.5926,42.0,0.5925,658.0,0.5929,42.0,0.593,615.0
1753600328979,07:12:08.979,phemex,ACE/USDT:USDT,0.5926,42.0,0.5925,658.0,0.593,615.0,0.5931,1743.0
1753600331152,07:12:11.152,phemex,ACE/USDT:USDT,0.5926,42.0,0.5925,658.0,0.593,615.0,0.5931,1743.0
1753600331159,07:12:11.159,phemex,ACE/USDT:USDT,0.5926,42.0,0.5925,658.0,0.593,615.0,0.5931,1743.0
1753600333958,07:12:13.958,phemex,ACE/USDT:USDT,0.5927,1086.0,0.5926,4172.0,0.5929,43.0,0.593,615.0
1753600333984,07:12:13.984,phemex,ACE/USDT:USDT,0.5927,1086.0,0.5926,4172.0,0.593,615.0,0.5931,1743.0
1753600334003,07:12:14.003,phemex,ACE/USDT:USDT,0.5928,43.0,0.5927,1086.0,0.593,615.0,0.5931,1743.0
1753600334594,07:12:14.594,phemex,ACE/USDT:USDT,0.5928,43.0,0.5927,1086.0,0.5929,43.0,0.593,615.0
1753600334627,07:12:14.627,phemex,ACE/USDT:USDT,0.5928,43.0,0.5927,1086.0,0.593,615.0,0.5931,1743.0
1753600334734,07:12:14.734,phemex,ACE/USDT:USDT,0.5928,43.0,0.5927,1086.0,0.5929,43.0,0.593,615.0
1753600334749,07:12:14.749,phemex,ACE/USDT:USDT,0.5928,43.0,0.5927,1086.0,0.593,615.0,0.5931,1743.0
1753600334982,07:12:14.982,phemex,ACE/USDT:USDT,0.5928,43.0,0.5927,1086.0,0.593,315.0,0.5931,1743.0
1753600337157,07:12:17.157,phemex,ACE/USDT:USDT,0.5928,43.0,0.5927,1086.0,0.593,315.0,0.5931,1743.0
1753600337263,07:12:17.263,phemex,ACE/USDT:USDT,0.5928,43.0,0.5927,1086.0,0.5929,43.0,0.593,315.0
1753600337290,07:12:17.290,phemex,ACE/USDT:USDT,0.5928,43.0,0.5927,1086.0,0.593,315.0,0.5931,1743.0
1753600337598,07:12:17.598,phemex,ACE/USDT:USDT,0.5928,43.0,0.5927,1086.0,0.5929,43.0,0.593,315.0
1753600337613,07:12:17.613,phemex,ACE/USDT:USDT,0.5927,1086.0,0.5926,4172.0,0.5929,43.0,0.593,315.0
1753600338458,07:12:18.458,phemex,ACE/USDT:USDT,0.5926,42.0,0.5925,4730.0,0.5929,43.0,0.593,315.0
1753600338471,07:12:18.471,phemex,ACE/USDT:USDT,0.5926,42.0,0.5925,43.0,0.5929,593.0,0.593,1870.0
1753600338480,07:12:18.480,phemex,ACE/USDT:USDT,0.5926,42.0,0.5925,43.0,0.5929,593.0,0.593,1870.0
1753600338530,07:12:18.530,phemex,ACE/USDT:USDT,0.5925,43.0,0.5924,43.0,0.5929,593.0,0.593,1870.0
1753600338572,07:12:18.572,phemex,ACE/USDT:USDT,0.5924,43.0,0.5923,652.0,0.5928,43.0,0.5929,593.0
1753600338612,07:12:18.612,phemex,ACE/USDT:USDT,0.5924,43.0,0.5923,652.0,0.5928,43.0,0.5929,593.0
1753600338629,07:12:18.629,phemex,ACE/USDT:USDT,0.5924,43.0,0.5923,652.0,0.5928,43.0,0.5929,593.0
1753600338827,07:12:18.827,phemex,ACE/USDT:USDT,0.5924,43.0,0.5923,652.0,0.5928,43.0,0.5929,593.0
1753600338827,07:12:18.827,phemex,ACE/USDT:USDT,0.5924,43.0,0.5923,652.0,0.5928,43.0,0.5929,593.0
1753600343073,07:12:23.073,phemex,ACE/USDT:USDT,0.5924,43.0,0.5923,1249.0,0.5928,43.0,0.5929,593.0
1753600343098,07:12:23.098,phemex,ACE/USDT:USDT,0.5924,43.0,0.5923,1249.0,0.5928,43.0,0.5929,593.0
1753600344192,07:12:24.192,phemex,ACE/USDT:USDT,0.5926,847.0,0.5924,6791.0,0.5928,43.0,0.5929,593.0
1753600344213,07:12:24.213,phemex,ACE/USDT:USDT,0.5926,847.0,0.5925,43.0,0.5928,43.0,0.5929,593.0
1753600344624,07:12:24.624,phemex,ACE/USDT:USDT,0.5925,929.0,0.5923,42.0,0.5928,43.0,0.5929,593.0
1753600344646,07:12:24.646,phemex,ACE/USDT:USDT,0.5924,773.0,0.5923,1598.0,0.5928,43.0,0.5929,593.0
1753600344652,07:12:24.652,phemex,ACE/USDT:USDT,0.5924,773.0,0.5923,1598.0,0.5928,43.0,0.5929,593.0
1753600344720,07:12:24.720,phemex,ACE/USDT:USDT,0.5924,773.0,0.5923,1598.0,0.5928,43.0,0.5929,593.0
1753600346985,07:12:26.985,phemex,ACE/USDT:USDT,0.5924,773.0,0.5923,1598.0,0.5928,43.0,0.5929,593.0
1753600346994,07:12:26.994,phemex,ACE/USDT:USDT,0.5924,773.0,0.5923,1598.0,0.5928,43.0,0.5929,593.0
1753600347670,07:12:27.670,phemex,ACE/USDT:USDT,0.5924,773.0,0.5923,1598.0,0.5928,43.0,0.5929,43.0
1753600347681,07:12:27.681,phemex,ACE/USDT:USDT,0.5924,773.0,0.5923,2195.0,0.5929,43.0,0.593,42.0
1753600347728,07:12:27.728,phemex,ACE/USDT:USDT,0.5924,773.0,0.5923,2195.0,0.593,42.0,0.5931,1743.0
1753600347741,07:12:27.741,phemex,ACE/USDT:USDT,0.5924,773.0,0.5923,2195.0,0.593,42.0,0.5931,1743.0
1753600348105,07:12:28.105,phemex,ACE/USDT:USDT,0.5924,773.0,0.5923,2195.0,0.593,42.0,0.5931,1743.0
1753600348128,07:12:28.128,phemex,ACE/USDT:USDT,0.5924,773.0,0.5923,2195.0,0.593,42.0,0.5931,1743.0
1753600348512,07:12:28.512,phemex,ACE/USDT:USDT,0.5925,43.0,0.5924,773.0,0.593,42.0,0.5931,1743.0
1753600349123,07:12:29.123,phemex,ACE/USDT:USDT,0.5925,43.0,0.5924,816.0,0.593,42.0,0.5931,1743.0
1753600350224,07:12:30.224,phemex,ACE/USDT:USDT,0.5925,1135.0,0.5924,4253.0,0.593,42.0,0.5931,1743.0
1753600350258,07:12:30.258,phemex,ACE/USDT:USDT,0.5926,43.0,0.5925,1135.0,0.593,42.0,0.5931,1743.0
1753600350314,07:12:30.314,phemex,ACE/USDT:USDT,0.5926,43.0,0.5925,1135.0,0.593,42.0,0.5931,1743.0
1753600350625,07:12:30.625,phemex,ACE/USDT:USDT,0.5925,1135.0,0.5924,4253.0,0.593,42.0,0.5931,1743.0
1753600350679,07:12:30.679,phemex,ACE/USDT:USDT,0.5925,1135.0,0.5924,4253.0,0.593,42.0,0.5931,1743.0
1753600351947,07:12:31.947,phemex,ACE/USDT:USDT,0.5926,43.0,0.5925,1135.0,0.593,42.0,0.5931,1743.0
1753600352781,07:12:32.781,phemex,ACE/USDT:USDT,0.5926,43.0,0.5925,1135.0,0.5929,552.0,0.593,1620.0
1753600352789,07:12:32.789,phemex,ACE/USDT:USDT,0.5926,43.0,0.5925,1135.0,0.5929,552.0,0.593,1620.0
1753600352807,07:12:32.807,phemex,ACE/USDT:USDT,0.5926,43.0,0.5925,1135.0,0.5928,43.0,0.5929,552.0
1753600352856,07:12:32.856,phemex,ACE/USDT:USDT,0.5926,43.0,0.5925,1135.0,0.5928,43.0,0.5929,595.0
1753600353013,07:12:33.013,phemex,ACE/USDT:USDT,0.5926,43.0,0.5925,1135.0,0.5928,43.0,0.5929,43.0
1753600353135,07:12:33.135,phemex,ACE/USDT:USDT,0.5926,43.0,0.5925,1135.0,0.5929,43.0,0.593,42.0
1753600353160,07:12:33.160,phemex,ACE/USDT:USDT,0.5926,43.0,0.5925,1135.0,0.5929,43.0,0.593,42.0
1753600353218,07:12:33.218,phemex,ACE/USDT:USDT,0.5926,43.0,0.5925,1135.0,0.593,42.0,0.5931,1743.0
1753600353325,07:12:33.325,phemex,ACE/USDT:USDT,0.5926,43.0,0.5925,1135.0,0.593,42.0,0.5931,1743.0
1753600353788,07:12:33.788,phemex,ACE/USDT:USDT,0.5926,43.0,0.5925,1135.0,0.593,42.0,0.5931,1743.0
1753600357527,07:12:37.527,phemex,ACE/USDT:USDT,0.5926,1120.0,0.5925,3149.0,0.593,42.0,0.5931,1743.0
1753600358153,07:12:38.153,phemex,ACE/USDT:USDT,0.5926,1120.0,0.5925,3149.0,0.593,42.0,0.5931,1743.0
1753600358164,07:12:38.164,phemex,ACE/USDT:USDT,0.5926,1120.0,0.5925,3149.0,0.593,42.0,0.5931,1743.0
1753600362376,07:12:42.376,phemex,ACE/USDT:USDT,0.5926,1120.0,0.5925,3149.0,0.593,42.0,0.5931,1743.0
1753600362447,07:12:42.447,phemex,ACE/USDT:USDT,0.5925,43.0,0.5924,4253.0,0.593,530.0,0.5931,1743.0
1753600362470,07:12:42.470,phemex,ACE/USDT:USDT,0.5925,43.0,0.5924,4253.0,0.5929,43.0,0.593,530.0
1753600363896,07:12:43.896,phemex,ACE/USDT:USDT,0.5924,4253.0,0.5923,2273.0,0.5929,43.0,0.593,530.0
1753600363975,07:12:43.975,phemex,ACE/USDT:USDT,0.5924,43.0,0.5923,3845.0,0.5929,43.0,0.593,530.0
1753600363981,07:12:43.981,phemex,ACE/USDT:USDT,0.5924,43.0,0.5923,3845.0,0.5929,43.0,0.593,530.0
1753600366083,07:12:46.083,phemex,ACE/USDT:USDT,0.5924,43.0,0.5923,42.0,0.5929,43.0,0.593,530.0
1753600366100,07:12:46.100,phemex,ACE/USDT:USDT,0.5923,42.0,0.5922,4078.0,0.5929,43.0,0.593,530.0
1753600366385,07:12:46.385,phemex,ACE/USDT:USDT,0.5923,42.0,0.5922,4675.0,0.5929,43.0,0.593,530.0
1753600367591,07:12:47.591,phemex,ACE/USDT:USDT,0.5923,42.0,0.5922,4675.0,0.5929,418.0,0.593,2904.0
1753600367611,07:12:47.611,phemex,ACE/USDT:USDT,0.5923,42.0,0.5922,4675.0,0.5928,43.0,0.5929,418.0
1753600369337,07:12:49.337,phemex,ACE/USDT:USDT,0.5923,42.0,0.5922,4675.0,0.5928,43.0,0.5929,418.0
1753600369343,07:12:49.343,phemex,ACE/USDT:USDT,0.5923,42.0,0.5922,4675.0,0.5928,43.0,0.5929,418.0
1753600375891,07:12:55.891,phemex,ACE/USDT:USDT,0.5924,885.0,0.5923,2288.0,0.5928,657.0,0.5929,2442.0
1753600375937,07:12:55.937,phemex,ACE/USDT:USDT,0.5924,885.0,0.5923,2288.0,0.5927,43.0,0.5928,657.0
1753600376618,07:12:56.618,phemex,ACE/USDT:USDT,0.5922,42.0,0.5921,4130.0,0.5927,43.0,0.5928,657.0
1753600376896,07:12:56.896,phemex,ACE/USDT:USDT,0.5922,42.0,0.5921,4130.0,0.5927,43.0,0.5928,657.0
1753600377472,07:12:57.472,phemex,ACE/USDT:USDT,0.5922,42.0,0.5921,4130.0,0.5927,43.0,0.5928,657.0
1753600380347,07:13:00.347,phemex,ACE/USDT:USDT,0.5922,42.0,0.5921,4130.0,0.5927,43.0,0.5928,657.0
1753600382156,07:13:02.156,phemex,ACE/USDT:USDT,0.5922,42.0,0.5921,4130.0,0.5927,43.0,0.5928,657.0
1753600382166,07:13:02.166,phemex,ACE/USDT:USDT,0.5922,42.0,0.5921,4727.0,0.5927,43.0,0.5928,657.0
1753600382392,07:13:02.392,phemex,ACE/USDT:USDT,0.5923,1070.0,0.5922,4721.0,0.5926,468.0,0.5927,457.0
1753600382403,07:13:02.403,phemex,ACE/USDT:USDT,0.5923,1070.0,0.5922,4721.0,0.5925,42.0,0.5926,468.0
1753600382467,07:13:02.467,phemex,ACE/USDT:USDT,0.5923,1070.0,0.5922,4721.0,0.5925,42.0,0.5926,510.0
1753600385947,07:13:05.947,phemex,ACE/USDT:USDT,0.5923,1070.0,0.5922,4721.0,0.5926,42.0,0.5927,675.0
1753600385962,07:13:05.962,phemex,ACE/USDT:USDT,0.5924,42.0,0.5923,1667.0,0.5926,42.0,0.5927,43.0
1753600385975,07:13:05.975,phemex,ACE/USDT:USDT,0.5924,42.0,0.5923,1667.0,0.5927,43.0,0.5928,43.0
1753600386012,07:13:06.012,phemex,ACE/USDT:USDT,0.5924,42.0,0.5923,1667.0,0.5926,42.0,0.5927,43.0
1753600386050,07:13:06.050,phemex,ACE/USDT:USDT,0.5924,42.0,0.5923,1667.0,0.5926,42.0,0.5928,43.0
1753600386074,07:13:06.074,phemex,ACE/USDT:USDT,0.5924,42.0,0.5923,597.0,0.5928,43.0,0.5929,562.0
1753600386097,07:13:06.097,phemex,ACE/USDT:USDT,0.5923,597.0,0.5922,606.0,0.5928,43.0,0.5929,562.0
1753600386146,07:13:06.146,phemex,ACE/USDT:USDT,0.5922,606.0,0.5921,4733.0,0.5928,43.0,0.5929,562.0
1753600386149,07:13:06.149,phemex,ACE/USDT:USDT,0.5924,42.0,0.5922,606.0,0.5928,43.0,0.5929,562.0
1753600386354,07:13:06.354,phemex,ACE/USDT:USDT,0.5923,42.0,0.5922,606.0,0.5928,43.0,0.5929,562.0
1753600388279,07:13:08.279,phemex,ACE/USDT:USDT,0.5922,606.0,0.5921,5330.0,0.5928,43.0,0.5929,562.0
1753600388315,07:13:08.315,phemex,ACE/USDT:USDT,0.5923,42.0,0.5922,606.0,0.5928,43.0,0.5929,562.0
1753600390426,07:13:10.426,phemex,ACE/USDT:USDT,0.5922,606.0,0.5921,5330.0,0.5928,43.0,0.5929,562.0
1753600390470,07:13:10.470,phemex,ACE/USDT:USDT,0.5922,564.0,0.5921,5287.0,0.5928,43.0,0.5929,562.0
1753600390509,07:13:10.509,phemex,ACE/USDT:USDT,0.5921,443.0,0.592,1585.0,0.5928,380.0,0.5929,562.0
1753600390514,07:13:10.514,phemex,ACE/USDT:USDT,0.5921,443.0,0.592,1585.0,0.5928,380.0,0.5929,562.0
1753600390518,07:13:10.518,phemex,ACE/USDT:USDT,0.5921,443.0,0.592,1585.0,0.5927,42.0,0.5928,380.0
1753600390579,07:13:10.579,phemex,ACE/USDT:USDT,0.5921,485.0,0.592,1585.0,0.5927,42.0,0.5928,380.0
1753600390890,07:13:10.890,phemex,ACE/USDT:USDT,0.5922,42.0,0.5921,485.0,0.5927,42.0,0.5928,380.0
1753600390983,07:13:10.983,phemex,ACE/USDT:USDT,0.5922,42.0,0.5921,485.0,0.5927,42.0,0.5928,1016.0
1753600391079,07:13:11.079,phemex,ACE/USDT:USDT,0.5922,42.0,0.5921,485.0,0.5927,42.0,0.5928,1016.0
1753600395639,07:13:15.639,phemex,ACE/USDT:USDT,0.5922,911.0,0.5921,4622.0,0.5927,42.0,0.5928,1016.0
1753600395647,07:13:15.647,phemex,ACE/USDT:USDT,0.5923,42.0,0.5922,911.0,0.5927,42.0,0.5928,1016.0
1753600396402,07:13:16.402,phemex,ACE/USDT:USDT,0.5923,42.0,0.5922,911.0,0.5927,521.0,0.5928,2547.0
1753600396433,07:13:16.433,phemex,ACE/USDT:USDT,0.5923,42.0,0.5922,911.0,0.5926,42.0,0.5927,521.0
1753600396453,07:13:16.453,phemex,ACE/USDT:USDT,0.5923,42.0,0.5922,911.0,0.5926,42.0,0.5927,521.0
1753600396467,07:13:16.467,phemex,ACE/USDT:USDT,0.5923,42.0,0.5922,911.0,0.5926,42.0,0.5927,521.0
1753600399552,07:13:19.552,phemex,ACE/USDT:USDT,0.5922,911.0,0.5921,4622.0,0.5926,42.0,0.5927,521.0
1753600399976,07:13:19.976,phemex,ACE/USDT:USDT,0.5922,42.0,0.5921,42.0,0.5926,42.0,0.5927,521.0
1753600399984,07:13:19.984,phemex,ACE/USDT:USDT,0.5922,42.0,0.5921,42.0,0.5926,42.0,0.5927,986.0
1753600399988,07:13:19.988,phemex,ACE/USDT:USDT,0.5921,42.0,0.592,5450.0,0.5926,42.0,0.5927,986.0
1753600399988,07:13:19.988,phemex,ACE/USDT:USDT,0.5921,42.0,0.592,5450.0,0.5926,42.0,0.5927,986.0
1753600401824,07:13:21.824,phemex,ACE/USDT:USDT,0.592,5450.0,0.5919,43.0,0.5924,522.0,0.5925,4547.0
1753600401840,07:13:21.840,phemex,ACE/USDT:USDT,0.592,5450.0,0.5919,43.0,0.5923,43.0,0.5924,522.0
1753600401913,07:13:21.913,phemex,ACE/USDT:USDT,0.592,5450.0,0.5919,43.0,0.5923,43.0,0.5924,565.0
1753600402393,07:13:22.393,phemex,ACE/USDT:USDT,0.592,5407.0,0.5919,43.0,0.5923,43.0,0.5924,565.0
1753600402679,07:13:22.679,phemex,ACE/USDT:USDT,0.5921,43.0,0.592,5407.0,0.5923,43.0,0.5924,43.0
1753600402728,07:13:22.728,phemex,ACE/USDT:USDT,0.5921,43.0,0.592,5407.0,0.5924,43.0,0.5926,1457.0
1753600402782,07:13:22.782,phemex,ACE/USDT:USDT,0.5921,43.0,0.592,5407.0,0.5924,43.0,0.5926,42.0
1753600402826,07:13:22.826,phemex,ACE/USDT:USDT,0.5921,43.0,0.592,5407.0,0.5926,42.0,0.5927,4527.0
1753600402867,07:13:22.867,phemex,ACE/USDT:USDT,0.5921,43.0,0.592,5407.0,0.5926,42.0,0.5927,4527.0
1753600403079,07:13:23.079,phemex,ACE/USDT:USDT,0.5921,43.0,0.592,5407.0,0.5926,42.0,0.5927,42.0
1753600403088,07:13:23.088,phemex,ACE/USDT:USDT,0.5921,43.0,0.592,5407.0,0.5927,42.0,0.5928,43.0
1753600403109,07:13:23.109,phemex,ACE/USDT:USDT,0.5921,43.0,0.592,5407.0,0.5928,43.0,0.5929,540.0
1753600403137,07:13:23.137,phemex,ACE/USDT:USDT,0.5921,43.0,0.592,5407.0,0.5928,43.0,0.5929,540.0
1753600403775,07:13:23.775,phemex,ACE/USDT:USDT,0.5921,43.0,0.592,5407.0,0.5928,43.0,0.5929,540.0
1753600404349,07:13:24.349,phemex,ACE/USDT:USDT,0.5921,43.0,0.592,5407.0,0.5928,43.0,0.5929,43.0
1753600404358,07:13:24.358,phemex,ACE/USDT:USDT,0.5921,43.0,0.592,5407.0,0.5928,43.0,0.5929,43.0
1753600404400,07:13:24.400,phemex,ACE/USDT:USDT,0.5921,43.0,0.592,5407.0,0.5929,43.0,0.593,599.0
1753600404440,07:13:24.440,phemex,ACE/USDT:USDT,0.5921,43.0,0.592,5407.0,0.5929,43.0,0.593,599.0
1753600405053,07:13:25.053,phemex,ACE/USDT:USDT,0.5924,1026.0,0.5923,4840.0,0.5929,43.0,0.593,599.0
1753600405085,07:13:25.085,phemex,ACE/USDT:USDT,0.5925,43.0,0.5924,1026.0,0.5929,43.0,0.593,599.0
1753600405096,07:13:25.096,phemex,ACE/USDT:USDT,0.5925,43.0,0.5924,1069.0,0.5929,43.0,0.593,599.0
1753600410068,07:13:30.068,phemex,ACE/USDT:USDT,0.5925,43.0,0.5924,1069.0,0.5929,640.0,0.593,3943.0
1753600410078,07:13:30.078,phemex,ACE/USDT:USDT,0.5925,43.0,0.5924,1069.0,0.5928,42.0,0.5929,640.0
1753600417239,07:13:37.239,phemex,ACE/USDT:USDT,0.5926,801.0,0.5925,3906.0,0.5928,42.0,0.5929,640.0
1753600417245,07:13:37.245,phemex,ACE/USDT:USDT,0.5926,801.0,0.5925,3906.0,0.5928,42.0,0.5929,640.0
1753600417247,07:13:37.247,phemex,ACE/USDT:USDT,0.5926,801.0,0.5925,3906.0,0.5928,42.0,0.5929,640.0
1753600417790,07:13:37.790,phemex,ACE/USDT:USDT,0.5925,43.0,0.5924,43.0,0.5928,385.0,0.5929,2289.0
1753600417799,07:13:37.799,phemex,ACE/USDT:USDT,0.5925,43.0,0.5924,43.0,0.5927,42.0,0.5928,385.0
1753600417801,07:13:37.801,phemex,ACE/USDT:USDT,0.5924,43.0,0.5923,4840.0,0.5927,42.0,0.5928,385.0
1753600419392,07:13:39.392,phemex,ACE/USDT:USDT,0.5924,43.0,0.5922,4220.0,0.5927,42.0,0.5928,385.0
1753600419407,07:13:39.407,phemex,ACE/USDT:USDT,0.5922,4220.0,0.5921,5460.0,0.5927,42.0,0.5928,385.0
1753600419431,07:13:39.431,phemex,ACE/USDT:USDT,0.5923,42.0,0.5922,4220.0,0.5927,42.0,0.5928,385.0
1753600419446,07:13:39.446,phemex,ACE/USDT:USDT,0.5923,42.0,0.5922,4220.0,0.5927,42.0,0.5928,385.0
1753600421768,07:13:41.768,phemex,ACE/USDT:USDT,0.5923,42.0,0.5922,4220.0,0.5927,42.0,0.5928,385.0
1753600424991,07:13:44.991,phemex,ACE/USDT:USDT,0.5924,1019.0,0.5923,1558.0,0.5927,42.0,0.5928,385.0
1753600425014,07:13:45.014,phemex,ACE/USDT:USDT,0.5924,1019.0,0.5923,1558.0,0.5927,42.0,0.5928,385.0
1753600425027,07:13:45.027,phemex,ACE/USDT:USDT,0.5924,1019.0,0.5923,1558.0,0.5927,42.0,0.5928,385.0
1753600426372,07:13:46.372,phemex,ACE/USDT:USDT,0.5924,1019.0,0.5923,1558.0,0.5927,42.0,0.5928,385.0
1753600426554,07:13:46.554,phemex,ACE/USDT:USDT,0.5925,42.0,0.5924,1019.0,0.5928,42.0,0.5929,43.0
1753600426572,07:13:46.572,phemex,ACE/USDT:USDT,0.5925,42.0,0.5924,1061.0,0.5929,43.0,0.593,42.0
1753600426596,07:13:46.596,phemex,ACE/USDT:USDT,0.5925,42.0,0.5924,1061.0,0.593,42.0,0.5931,665.0
1753600427222,07:13:47.222,phemex,ACE/USDT:USDT,0.5925,42.0,0.5924,1061.0,0.593,42.0,0.5931,665.0
1753600430157,07:13:50.157,phemex,ACE/USDT:USDT,0.5925,42.0,0.5924,1061.0,0.593,42.0,0.5931,665.0
1753600430198,07:13:50.198,phemex,ACE/USDT:USDT,0.5925,42.0,0.5924,1061.0,0.593,42.0,0.5931,665.0
1753600430236,07:13:50.236,phemex,ACE/USDT:USDT,0.5925,474.0,0.5924,1061.0,0.593,42.0,0.5931,665.0
1753600430258,07:13:50.258,phemex,ACE/USDT:USDT,0.5926,42.0,0.5925,1030.0,0.593,42.0,0.5931,665.0
1753600432416,07:13:52.416,phemex,ACE/USDT:USDT,0.5926,42.0,0.5925,1627.0,0.593,42.0,0.5931,665.0
1753600435632,07:13:55.632,phemex,ACE/USDT:USDT,0.5927,1054.0,0.5926,1430.0,0.593,42.0,0.5931,665.0
1753600435648,07:13:55.648,phemex,ACE/USDT:USDT,0.5927,1054.0,0.5926,1430.0,0.593,42.0,0.5931,665.0
1753600436979,07:13:56.979,phemex,ACE/USDT:USDT,0.5927,794.0,0.5926,1430.0,0.593,42.0,0.5931,665.0
1753600438374,07:13:58.374,phemex,ACE/USDT:USDT,0.5926,42.0,0.5925,639.0,0.593,537.0,0.5931,3855.0
1753600438395,07:13:58.395,phemex,ACE/USDT:USDT,0.5926,42.0,0.5925,42.0,0.5929,42.0,0.593,537.0
1753600438437,07:13:58.437,phemex,ACE/USDT:USDT,0.5925,42.0,0.5924,1579.0,0.5929,42.0,0.593,537.0
1753600438476,07:13:58.476,phemex,ACE/USDT:USDT,0.5925,42.0,0.5924,1579.0,0.5929,42.0,0.593,537.0
1753600442156,07:14:02.156,phemex,ACE/USDT:USDT,0.5925,639.0,0.5924,1579.0,0.5929,42.0,0.593,537.0
1753600442178,07:14:02.178,phemex,ACE/USDT:USDT,0.5926,42.0,0.5925,639.0,0.5929,42.0,0.593,537.0
1753600442460,07:14:02.460,phemex,ACE/USDT:USDT,0.5925,639.0,0.5924,1579.0,0.5929,42.0,0.593,537.0
1753600442500,07:14:02.500,phemex,ACE/USDT:USDT,0.5925,639.0,0.5924,1579.0,0.5929,42.0,0.593,537.0
1753600442525,07:14:02.525,phemex,ACE/USDT:USDT,0.5926,42.0,0.5925,639.0,0.5929,42.0,0.593,537.0
1753600442568,07:14:02.568,phemex,ACE/USDT:USDT,0.5925,42.0,0.5924,1579.0,0.5929,42.0,0.593,537.0
1753600442582,07:14:02.582,phemex,ACE/USDT:USDT,0.5925,42.0,0.5924,1579.0,0.5929,42.0,0.593,537.0
1753600442709,07:14:02.709,phemex,ACE/USDT:USDT,0.5925,42.0,0.5924,1579.0,0.5929,42.0,0.593,537.0
1753600443395,07:14:03.395,phemex,ACE/USDT:USDT,0.5925,996.0,0.5924,3237.0,0.5929,471.0,0.593,2229.0
1753600443424,07:14:03.424,phemex,ACE/USDT:USDT,0.5925,996.0,0.5924,3237.0,0.5928,42.0,0.5929,471.0
1753600445692,07:14:05.692,phemex,ACE/USDT:USDT,0.5926,42.0,0.5925,996.0,0.5928,42.0,0.5929,471.0
1753600446073,07:14:06.073,phemex,ACE/USDT:USDT,0.5925,996.0,0.5924,3237.0,0.5928,42.0,0.5929,471.0
1753600446103,07:14:06.103,phemex,ACE/USDT:USDT,0.5925,996.0,0.5924,3237.0,0.5928,42.0,0.5929,471.0
1753600448260,07:14:08.260,phemex,ACE/USDT:USDT,0.5925,954.0,0.5924,3237.0,0.5928,42.0,0.5929,471.0
1753600449996,07:14:09.996,phemex,ACE/USDT:USDT,0.5925,804.0,0.5924,3237.0,0.5928,42.0,0.5929,471.0
1753600453040,07:14:13.040,phemex,ACE/USDT:USDT,0.5926,43.0,0.5925,804.0,0.5929,471.0,0.593,2229.0
1753600453079,07:14:13.079,phemex,ACE/USDT:USDT,0.5926,43.0,0.5925,847.0,0.5928,43.0,0.5929,471.0
1753600455838,07:14:15.838,phemex,ACE/USDT:USDT,0.5926,43.0,0.5925,847.0,0.5929,471.0,0.593,2229.0
1753600455891,07:14:15.891,phemex,ACE/USDT:USDT,0.5926,1132.0,0.5925,3738.0,0.5929,471.0,0.593,2229.0
1753600455966,07:14:15.966,phemex,ACE/USDT:USDT,0.5926,43.0,0.5925,43.0,0.5929,471.0,0.593,2229.0
1753600455977,07:14:15.977,phemex,ACE/USDT:USDT,0.5926,43.0,0.5925,43.0,0.5929,471.0,0.593,2229.0
1753600456008,07:14:16.008,phemex,ACE/USDT:USDT,0.5927,43.0,0.5926,43.0,0.5929,471.0,0.593,2229.0
1753600456106,07:14:16.106,phemex,ACE/USDT:USDT,0.5926,43.0,0.5925,43.0,0.5929,471.0,0.593,2229.0
1753600456130,07:14:16.130,phemex,ACE/USDT:USDT,0.5925,43.0,0.5924,3237.0,0.5928,43.0,0.5929,471.0
1753600456172,07:14:16.172,phemex,ACE/USDT:USDT,0.5925,43.0,0.5924,3237.0,0.5928,43.0,0.5929,471.0
1753600456241,07:14:16.241,phemex,ACE/USDT:USDT,0.5926,43.0,0.5925,43.0,0.5928,43.0,0.5929,471.0
1753600456298,07:14:16.298,phemex,ACE/USDT:USDT,0.5925,43.0,0.5924,3237.0,0.5928,43.0,0.5929,471.0
1753600456332,07:14:16.332,phemex,ACE/USDT:USDT,0.5926,43.0,0.5925,43.0,0.5928,43.0,0.5929,471.0
1753600456354,07:14:16.354,phemex,ACE/USDT:USDT,0.5925,43.0,0.5924,3237.0,0.5928,43.0,0.5929,42.0
1753600456373,07:14:16.373,phemex,ACE/USDT:USDT,0.5925,43.0,0.5924,3237.0,0.5929,42.0,0.593,42.0
1753600456401,07:14:16.401,phemex,ACE/USDT:USDT,0.5925,43.0,0.5924,3237.0,0.593,42.0,0.5931,42.0
1753600456439,07:14:16.439,phemex,ACE/USDT:USDT,0.5925,43.0,0.5924,3237.0,0.5931,42.0,0.5932,4383.0
1753600456439,07:14:16.439,phemex,ACE/USDT:USDT,0.5925,43.0,0.5924,3237.0,0.5931,42.0,0.5932,4383.0
1753600461176,07:14:21.176,phemex,ACE/USDT:USDT,0.5926,876.0,0.5925,2256.0,0.5931,42.0,0.5932,4383.0
1753600461207,07:14:21.207,phemex,ACE/USDT:USDT,0.5927,43.0,0.5926,876.0,0.5931,42.0,0.5932,4383.0
1753600461221,07:14:21.221,phemex,ACE/USDT:USDT,0.5927,43.0,0.5926,876.0,0.5931,42.0,0.5932,4383.0
1753600461241,07:14:21.241,phemex,ACE/USDT:USDT,0.5927,43.0,0.5926,919.0,0.5931,42.0,0.5932,4383.0
1753600461409,07:14:21.409,phemex,ACE/USDT:USDT,0.5927,43.0,0.5926,919.0,0.5931,42.0,0.5932,4383.0
1753600463627,07:14:23.627,phemex,ACE/USDT:USDT,0.5927,43.0,0.5926,919.0,0.5931,578.0,0.5932,4383.0
1753600463642,07:14:23.642,phemex,ACE/USDT:USDT,0.5927,43.0,0.5926,919.0,0.593,43.0,0.5931,578.0
1753600465183,07:14:25.183,phemex,ACE/USDT:USDT,0.5927,43.0,0.5926,919.0,0.5929,362.0,0.593,43.0
1753600465196,07:14:25.196,phemex,ACE/USDT:USDT,0.5927,43.0,0.5926,919.0,0.5929,362.0,0.593,2530.0
1753600466188,07:14:26.188,phemex,ACE/USDT:USDT,0.5927,43.0,0.5926,919.0,0.5929,405.0,0.593,2530.0
1753600466197,07:14:26.197,phemex,ACE/USDT:USDT,0.5927,43.0,0.5926,919.0,0.5928,43.0,0.5929,405.0
1753600466222,07:14:26.222,phemex,ACE/USDT:USDT,0.5927,43.0,0.5926,919.0,0.5929,405.0,0.593,2530.0
1753600466267,07:14:26.267,phemex,ACE/USDT:USDT,0.5927,43.0,0.5926,919.0,0.5929,405.0,0.593,2530.0
1753600466307,07:14:26.307,phemex,ACE/USDT:USDT,0.5927,43.0,0.5926,919.0,0.5929,405.0,0.593,2530.0
1753600466660,07:14:26.660,phemex,ACE/USDT:USDT,0.5927,43.0,0.5926,919.0,0.5928,43.0,0.5929,405.0
1753600466691,07:14:26.691,phemex,ACE/USDT:USDT,0.5927,43.0,0.5926,919.0,0.5929,405.0,0.593,2530.0
1753600466732,07:14:26.732,phemex,ACE/USDT:USDT,0.5927,43.0,0.5926,919.0,0.5929,405.0,0.593,2530.0
1753600466765,07:14:26.765,phemex,ACE/USDT:USDT,0.5927,43.0,0.5926,919.0,0.5928,43.0,0.5929,405.0
1753600466792,07:14:26.792,phemex,ACE/USDT:USDT,0.5927,43.0,0.5926,919.0,0.5929,405.0,0.593,2530.0
1753600466816,07:14:26.816,phemex,ACE/USDT:USDT,0.5927,43.0,0.5926,919.0,0.5929,405.0,0.593,2530.0
1753600466862,07:14:26.862,phemex,ACE/USDT:USDT,0.5927,43.0,0.5926,919.0,0.5928,43.0,0.5929,405.0
1753600466906,07:14:26.906,phemex,ACE/USDT:USDT,0.5926,919.0,0.5925,2256.0,0.5928,43.0,0.5929,405.0
1753600466932,07:14:26.932,phemex,ACE/USDT:USDT,0.5926,919.0,0.5925,2256.0,0.5928,43.0,0.5929,405.0
1753600467649,07:14:27.649,phemex,ACE/USDT:USDT,0.5926,876.0,0.5925,2256.0,0.5928,43.0,0.5929,405.0
1753600467824,07:14:27.824,phemex,ACE/USDT:USDT,0.5926,796.0,0.5925,2256.0,0.5928,43.0,0.5929,405.0
1753600471247,07:14:31.247,phemex,ACE/USDT:USDT,0.5926,796.0,0.5925,2256.0,0.5928,515.0,0.5929,2194.0
1753600471272,07:14:31.272,phemex,ACE/USDT:USDT,0.5926,796.0,0.5925,2256.0,0.5927,42.0,0.5928,515.0
1753600472873,07:14:32.873,phemex,ACE/USDT:USDT,0.5926,796.0,0.5925,2256.0,0.5927,42.0,0.5928,515.0
1753600473800,07:14:33.800,phemex,ACE/USDT:USDT,0.5926,796.0,0.5925,2256.0,0.5928,515.0,0.5929,2194.0
1753600473830,07:14:33.830,phemex,ACE/USDT:USDT,0.5926,796.0,0.5925,2256.0,0.5928,515.0,0.5929,2194.0
1753600473858,07:14:33.858,phemex,ACE/USDT:USDT,0.5926,796.0,0.5925,2256.0,0.5927,42.0,0.5928,515.0
1753600478496,07:14:38.496,phemex,ACE/USDT:USDT,0.5926,796.0,0.5925,2256.0,0.5928,515.0,0.5929,2194.0
1753600478545,07:14:38.545,phemex,ACE/USDT:USDT,0.5926,796.0,0.5925,2256.0,0.5927,42.0,0.5928,515.0
1753600481592,07:14:41.592,phemex,ACE/USDT:USDT,0.5924,42.0,0.5923,4196.0,0.5927,505.0,0.5928,1990.0
1753600481613,07:14:41.613,phemex,ACE/USDT:USDT,0.5924,42.0,0.5923,3599.0,0.5926,43.0,0.5927,505.0
1753600481651,07:14:41.651,phemex,ACE/USDT:USDT,0.5924,42.0,0.5923,3599.0,0.5926,43.0,0.5927,505.0
1753600483419,07:14:43.419,phemex,ACE/USDT:USDT,0.5924,42.0,0.5923,42.0,0.5926,43.0,0.5927,505.0
1753600483461,07:14:43.461,phemex,ACE/USDT:USDT,0.5923,42.0,0.5922,6180.0,0.5926,43.0,0.5927,505.0
1753600483632,07:14:43.632,phemex,ACE/USDT:USDT,0.5923,42.0,0.5922,640.0,0.5926,43.0,0.5927,505.0
1753600483681,07:14:43.681,phemex,ACE/USDT:USDT,0.5923,42.0,0.5922,43.0,0.5926,43.0,0.5927,505.0
1753600483707,07:14:43.707,phemex,ACE/USDT:USDT,0.5923,42.0,0.5922,43.0,0.5926,43.0,0.5927,505.0
1753600483825,07:14:43.825,phemex,ACE/USDT:USDT,0.5922,43.0,0.5921,2035.0,0.5926,43.0,0.5927,505.0
1753600484531,07:14:44.531,phemex,ACE/USDT:USDT,0.5921,2035.0,0.592,2619.0,0.5926,43.0,0.5927,505.0
1753600485084,07:14:45.084,phemex,ACE/USDT:USDT,0.5922,43.0,0.5921,2035.0,0.5926,43.0,0.5927,505.0
1753600485470,07:14:45.470,phemex,ACE/USDT:USDT,0.5921,2035.0,0.592,2619.0,0.5926,43.0,0.5927,505.0
1753600485525,07:14:45.525,phemex,ACE/USDT:USDT,0.5922,43.0,0.5921,2035.0,0.5926,43.0,0.5927,505.0
1753600485576,07:14:45.576,phemex,ACE/USDT:USDT,0.5921,2035.0,0.592,2619.0,0.5926,43.0,0.5927,505.0
1753600486076,07:14:46.076,phemex,ACE/USDT:USDT,0.5922,43.0,0.5921,2035.0,0.5926,43.0,0.5927,505.0
1753600486146,07:14:46.146,phemex,ACE/USDT:USDT,0.5921,2035.0,0.592,2619.0,0.5926,43.0,0.5927,505.0
1753600487082,07:14:47.082,phemex,ACE/USDT:USDT,0.5921,2035.0,0.592,2619.0,0.5924,573.0,0.5926,5173.0
1753600487103,07:14:47.103,phemex,ACE/USDT:USDT,0.5921,2035.0,0.592,2619.0,0.5923,43.0,0.5924,573.0
1753600487435,07:14:47.435,phemex,ACE/USDT:USDT,0.5922,43.0,0.5921,2035.0,0.5923,43.0,0.5924,573.0
1753600487473,07:14:47.473,phemex,ACE/USDT:USDT,0.5922,43.0,0.5921,2035.0,0.5923,43.0,0.5924,573.0
1753600487509,07:14:47.509,phemex,ACE/USDT:USDT,0.5921,2035.0,0.592,2619.0,0.5923,43.0,0.5924,573.0
1753600487810,07:14:47.810,phemex,ACE/USDT:USDT,0.592,364.0,0.5919,2490.0,0.5923,43.0,0.5924,573.0
1753600487811,07:14:47.811,phemex,ACE/USDT:USDT,0.592,364.0,0.5919,2490.0,0.5923,43.0,0.5924,573.0
1753600487879,07:14:47.879,phemex,ACE/USDT:USDT,0.5919,43.0,0.5918,43.0,0.5923,43.0,0.5924,573.0
1753600487887,07:14:47.887,phemex,ACE/USDT:USDT,0.5918,43.0,0.5917,1879.0,0.5923,43.0,0.5924,573.0
1753600487909,07:14:47.909,phemex,ACE/USDT:USDT,0.5918,43.0,0.5917,1879.0,0.5923,43.0,0.5924,573.0
1753600488067,07:14:48.067,phemex,ACE/USDT:USDT,0.5918,43.0,0.5917,1879.0,0.5923,43.0,0.5924,573.0
1753600488557,07:14:48.557,phemex,ACE/USDT:USDT,0.5918,640.0,0.5917,1879.0,0.5925,615.0,0.5926,2452.0
1753600488573,07:14:48.573,phemex,ACE/USDT:USDT,0.5919,43.0,0.5918,640.0,0.5924,43.0,0.5925,615.0
1753600490450,07:14:50.450,phemex,ACE/USDT:USDT,0.5919,640.0,0.5918,43.0,0.5924,43.0,0.5925,615.0
1753600490472,07:14:50.472,phemex,ACE/USDT:USDT,0.592,43.0,0.5919,640.0,0.5924,43.0,0.5925,615.0
1753600490675,07:14:50.675,phemex,ACE/USDT:USDT,0.5918,43.0,0.5917,2476.0,0.5924,43.0,0.5925,615.0
1753600490714,07:14:50.714,phemex,ACE/USDT:USDT,0.5918,43.0,0.5917,2476.0,0.5924,43.0,0.5925,615.0
1753600492974,07:14:52.974,phemex,ACE/USDT:USDT,0.592,1048.0,0.5919,7029.0,0.5924,43.0,0.5925,615.0
1753600492997,07:14:52.997,phemex,ACE/USDT:USDT,0.592,1048.0,0.5919,7029.0,0.5924,43.0,0.5925,615.0
1753600493003,07:14:53.003,phemex,ACE/USDT:USDT,0.592,1048.0,0.5919,7029.0,0.5924,43.0,0.5925,615.0
1753600493071,07:14:53.071,phemex,ACE/USDT:USDT,0.5921,43.0,0.592,1048.0,0.5924,43.0,0.5925,615.0
1753600494963,07:14:54.963,phemex,ACE/USDT:USDT,0.5921,43.0,0.592,1048.0,0.5923,556.0,0.5924,43.0
1753600494982,07:14:54.982,phemex,ACE/USDT:USDT,0.592,1048.0,0.5919,7029.0,0.5923,556.0,0.5924,43.0
1753600494984,07:14:54.984,phemex,ACE/USDT:USDT,0.592,1048.0,0.5919,7029.0,0.5922,43.0,0.5923,556.0
1753600495297,07:14:55.297,phemex,ACE/USDT:USDT,0.5918,2012.0,0.5917,5169.0,0.5922,43.0,0.5923,556.0
1753600495347,07:14:55.347,phemex,ACE/USDT:USDT,0.5918,1415.0,0.5917,5169.0,0.5922,43.0,0.5923,556.0
1753600495414,07:14:55.414,phemex,ACE/USDT:USDT,0.5918,652.0,0.5917,2049.0,0.5922,43.0,0.5923,556.0
1753600495453,07:14:55.453,phemex,ACE/USDT:USDT,0.5918,652.0,0.5917,2049.0,0.5922,43.0,0.5923,556.0
1753600495483,07:14:55.483,phemex,ACE/USDT:USDT,0.5918,652.0,0.5917,2049.0,0.5922,43.0,0.5923,556.0
1753600495512,07:14:55.512,phemex,ACE/USDT:USDT,0.5918,652.0,0.5917,2049.0,0.5922,43.0,0.5923,556.0
1753600495533,07:14:55.533,phemex,ACE/USDT:USDT,0.5918,652.0,0.5917,2049.0,0.5922,43.0,0.5923,556.0
1753600495579,07:14:55.579,phemex,ACE/USDT:USDT,0.5918,652.0,0.5917,2049.0,0.5922,43.0,0.5924,457.0
1753600495583,07:14:55.583,phemex,ACE/USDT:USDT,0.5918,652.0,0.5917,2049.0,0.5922,43.0,0.5924,457.0
1753600495798,07:14:55.798,phemex,ACE/USDT:USDT,0.5918,652.0,0.5917,2049.0,0.5922,43.0,0.5924,457.0
1753600495863,07:14:55.863,phemex,ACE/USDT:USDT,0.5919,43.0,0.5918,652.0,0.5922,43.0,0.5924,457.0
1753600495997,07:14:55.997,phemex,ACE/USDT:USDT,0.5919,43.0,0.5918,652.0,0.5922,43.0,0.5924,457.0
1753600496006,07:14:56.006,phemex,ACE/USDT:USDT,0.5919,43.0,0.5918,652.0,0.5922,43.0,0.5924,457.0
1753600496054,07:14:56.054,phemex,ACE/USDT:USDT,0.5919,43.0,0.5918,652.0,0.5922,43.0,0.5924,457.0
1753600496233,07:14:56.233,phemex,ACE/USDT:USDT,0.5919,43.0,0.5918,652.0,0.5922,43.0,0.5924,457.0
1753600496457,07:14:56.457,phemex,ACE/USDT:USDT,0.5919,43.0,0.5918,652.0,0.5922,43.0,0.5924,457.0
1753600496476,07:14:56.476,phemex,ACE/USDT:USDT,0.5918,652.0,0.5917,2049.0,0.5922,43.0,0.5924,457.0
1753600497339,07:14:57.339,phemex,ACE/USDT:USDT,0.5919,43.0,0.5918,652.0,0.5922,43.0,0.5924,457.0
1753600497386,07:14:57.386,phemex,ACE/USDT:USDT,0.5918,652.0,0.5917,2049.0,0.5922,43.0,0.5924,457.0
1753600497419,07:14:57.419,phemex,ACE/USDT:USDT,0.5919,43.0,0.5918,652.0,0.5922,43.0,0.5924,457.0
1753600500005,07:15:00.005,phemex,ACE/USDT:USDT,0.5919,43.0,0.5918,43.0,0.5922,43.0,0.5924,457.0
1753600500015,07:15:00.015,phemex,ACE/USDT:USDT,0.5919,43.0,0.5918,43.0,0.5922,43.0,0.5924,457.0
1753600500121,07:15:00.121,phemex,ACE/USDT:USDT,0.5918,43.0,0.5917,675.0,0.5922,43.0,0.5924,457.0
1753600500305,07:15:00.305,phemex,ACE/USDT:USDT,0.5918,43.0,0.5917,675.0,0.5922,43.0,0.5924,457.0
1753600500349,07:15:00.349,phemex,ACE/USDT:USDT,0.5918,43.0,0.5917,675.0,0.5924,457.0,0.5925,1643.0
1753600500388,07:15:00.388,phemex,ACE/USDT:USDT,0.5918,43.0,0.5917,675.0,0.5924,457.0,0.5925,1643.0
1753600500428,07:15:00.428,phemex,ACE/USDT:USDT,0.5918,43.0,0.5917,675.0,0.5923,43.0,0.5924,457.0
1753600500485,07:15:00.485,phemex,ACE/USDT:USDT,0.5918,43.0,0.5917,675.0,0.5923,43.0,0.5924,43.0
1753600500512,07:15:00.512,phemex,ACE/USDT:USDT,0.5918,43.0,0.5917,675.0,0.5923,43.0,0.5924,43.0
1753600500523,07:15:00.523,phemex,ACE/USDT:USDT,0.5918,43.0,0.5917,675.0,0.5923,43.0,0.5924,43.0
1753600500546,07:15:00.546,phemex,ACE/USDT:USDT,0.5918,43.0,0.5917,675.0,0.5923,43.0,0.5924,43.0
1753600500784,07:15:00.784,phemex,ACE/USDT:USDT,0.5918,43.0,0.5917,675.0,0.5923,43.0,0.5924,43.0
