timestamp,time,exchange,symbol,bid1_price,bid1_volume,bid2_price,bid2_volume,ask1_price,ask1_volume,ask2_price,ask2_volume
1753599996222,07:06:36.222,mexc,AERGO/USDT:USDT,0.13345,442.0,0.13344,1562,0.13346,87.0,0.13347,236.0
1753599996722,07:06:36.722,mexc,AERGO/USDT:USDT,0.13345,442.0,0.13344,1562,0.13346,87.0,0.13347,236.0
1753599996905,07:06:36.905,mexc,AERGO/USDT:USDT,0.13345,442.0,0.13344,1419,0.13346,87.0,0.13347,236.0
1753599997221,07:06:37.221,mexc,AERGO/USDT:USDT,0.13345,442.0,0.13344,1419,0.13346,87.0,0.13347,236.0
1753599997407,07:06:37.407,mexc,AERGO/USDT:USDT,0.13345,442.0,0.13344,1103,0.13346,87.0,0.13347,236.0
1753599997726,07:06:37.726,mexc,AERGO/USDT:USDT,0.13345,442.0,0.13344,1103,0.13346,87.0,0.13347,236.0
1753599997919,07:06:37.919,mexc,AERGO/USDT:USDT,0.13345,442.0,0.13344,1103,0.13346,87.0,0.13347,293
1753599998221,07:06:38.221,mexc,AERGO/USDT:USDT,0.13345,442.0,0.13344,1103,0.13346,87.0,0.13347,293
1753599998417,07:06:38.417,mexc,AERGO/USDT:USDT,0.13345,682,0.13344,1209,0.13346,111,0.13347,321
1753599998817,07:06:38.817,mexc,AERGO/USDT:USDT,0.13345,682,0.13344,1209,0.13346,111,0.13347,321
1753599998906,07:06:38.906,mexc,AERGO/USDT:USDT,0.13345,682,0.13344,1740,0.13346,111,0.13347,321
1753599999221,07:06:39.221,mexc,AERGO/USDT:USDT,0.13345,682,0.13344,1740,0.13346,111,0.13347,321
1753599999405,07:06:39.405,mexc,AERGO/USDT:USDT,0.13345,682,0.13344,1209,0.13346,111,0.13347,383
1753599999724,07:06:39.724,mexc,AERGO/USDT:USDT,0.13345,682,0.13344,1209,0.13346,111,0.13347,383
1753599999905,07:06:39.905,mexc,AERGO/USDT:USDT,0.13345,682,0.13344,1386,0.13346,111,0.13347,399
1753600000222,07:06:40.222,mexc,AERGO/USDT:USDT,0.13345,682,0.13344,1386,0.13346,111,0.13347,399
1753600000404,07:06:40.404,mexc,AERGO/USDT:USDT,0.13345,682,0.13344,1792,0.13346,111,0.13347,321
1753600000732,07:06:40.732,mexc,AERGO/USDT:USDT,0.13345,682,0.13344,1209,0.13346,111,0.13347,321
1753600000905,07:06:40.905,mexc,AERGO/USDT:USDT,0.13345,682,0.13344,1209,0.13346,111,0.13347,321
1753600001196,07:06:41.196,mexc,AERGO/USDT:USDT,0.13345,682,0.13344,1209,0.13346,111,0.13347,321
1753600001320,07:06:41.320,mexc,AERGO/USDT:USDT,0.13345,682,0.13344,1209,0.13346,111,0.13347,321
1753600001404,07:06:41.404,mexc,AERGO/USDT:USDT,0.13345,682,0.13344,1209,0.13346,111,0.13347,321
1753600001807,07:06:41.807,mexc,AERGO/USDT:USDT,0.13345,682,0.13344,1209,0.13346,111,0.13347,321
1753600001906,07:06:41.906,mexc,AERGO/USDT:USDT,0.13345,682,0.13344,1209,0.13346,111,0.13347,399
1753600002223,07:06:42.223,mexc,AERGO/USDT:USDT,0.13345,682,0.13344,1209,0.13346,111,0.13347,399
1753600002406,07:06:42.406,mexc,AERGO/USDT:USDT,0.13345,682,0.13344,1209,0.13346,111,0.13347,374
1753600002723,07:06:42.723,mexc,AERGO/USDT:USDT,0.13345,682,0.13344,1209,0.13346,111,0.13347,374
1753600002908,07:06:42.908,mexc,AERGO/USDT:USDT,0.13345,682,0.13344,1209,0.13346,111,0.13347,374
1753600003223,07:06:43.223,mexc,AERGO/USDT:USDT,0.13345,682,0.13344,1209,0.13346,111,0.13347,374
1753600003407,07:06:43.407,mexc,AERGO/USDT:USDT,0.13345,682,0.13344,1209,0.13346,111,0.13347,321
1753600003723,07:06:43.723,mexc,AERGO/USDT:USDT,0.13345,682,0.13344,1209,0.13346,111,0.13347,321
1753600003907,07:06:43.907,mexc,AERGO/USDT:USDT,0.13345,682,0.13344,1209,0.13346,111,0.13347,321
1753600004224,07:06:44.224,mexc,AERGO/USDT:USDT,0.13345,682,0.13344,1209,0.13346,111,0.13347,321
1753600004418,07:06:44.418,mexc,AERGO/USDT:USDT,0.13343,1397,0.13342,342,0.13344,1087,0.13345,421
1753600004821,07:06:44.821,mexc,AERGO/USDT:USDT,0.13343,1397,0.13342,342,0.13344,1087,0.13345,421
1753600004907,07:06:44.907,mexc,AERGO/USDT:USDT,0.13343,1397,0.13342,447,0.13344,1087,0.13345,476
1753600005224,07:06:45.224,mexc,AERGO/USDT:USDT,0.13343,1397,0.13342,447,0.13344,1087,0.13345,476
1753600005407,07:06:45.407,mexc,AERGO/USDT:USDT,0.13343,1397,0.13342,435,0.13344,1087,0.13345,421
1753600005724,07:06:45.724,mexc,AERGO/USDT:USDT,0.13343,1397,0.13342,435,0.13344,1087,0.13345,421
1753600005906,07:06:45.906,mexc,AERGO/USDT:USDT,0.13343,1397,0.13342,459,0.13344,1087,0.13345,567
1753600006225,07:06:46.225,mexc,AERGO/USDT:USDT,0.13343,1397,0.13342,459,0.13344,1087,0.13345,567
1753600006412,07:06:46.412,mexc,AERGO/USDT:USDT,0.13343,1397,0.13342,342,0.13344,1087,0.13345,421
1753600006724,07:06:46.724,mexc,AERGO/USDT:USDT,0.13343,1397,0.13342,342,0.13344,1087,0.13345,421
1753600006910,07:06:46.910,mexc,AERGO/USDT:USDT,0.13343,1397,0.13342,446,0.13344,1087,0.13345,507
1753600007197,07:06:47.197,mexc,AERGO/USDT:USDT,0.13343,1397,0.13342,446,0.13344,1087,0.13345,507
1753600007321,07:06:47.321,mexc,AERGO/USDT:USDT,0.13343,1397,0.13342,342,0.13344,1087,0.13345,421
1753600007408,07:06:47.408,mexc,AERGO/USDT:USDT,0.13343,1397,0.13342,342,0.13344,1087,0.13345,538
1753600007810,07:06:47.810,mexc,AERGO/USDT:USDT,0.13343,1397,0.13342,342,0.13344,1087,0.13345,421
1753600007910,07:06:47.910,mexc,AERGO/USDT:USDT,0.13343,1397,0.13342,342,0.13344,1087,0.13345,421
1753600008225,07:06:48.225,mexc,AERGO/USDT:USDT,0.13343,1397,0.13342,342,0.13344,1087,0.13345,421
1753600008411,07:06:48.411,mexc,AERGO/USDT:USDT,0.13343,1397,0.13342,480,0.13344,1087,0.13345,733
1753600008725,07:06:48.725,mexc,AERGO/USDT:USDT,0.13343,1397,0.13342,480,0.13344,1087,0.13345,733
1753600008909,07:06:48.909,mexc,AERGO/USDT:USDT,0.13343,1397,0.13342,342,0.13344,1087,0.13345,421
1753600009224,07:06:49.224,mexc,AERGO/USDT:USDT,0.13343,1397,0.13342,342,0.13344,1087,0.13345,421
1753600009409,07:06:49.409,mexc,AERGO/USDT:USDT,0.13343,1397,0.13342,421,0.13344,1087,0.13345,421
1753600009724,07:06:49.724,mexc,AERGO/USDT:USDT,0.13343,1397,0.13342,421,0.13344,1087,0.13345,421
1753600009909,07:06:49.909,mexc,AERGO/USDT:USDT,0.13343,1397,0.13342,456,0.13344,1087,0.13345,421
1753600010224,07:06:50.224,mexc,AERGO/USDT:USDT,0.13343,1397,0.13342,342,0.13344,1087,0.13345,421
1753600010419,07:06:50.419,mexc,AERGO/USDT:USDT,0.13342,1219,0.13341,441,0.13343,919,0.13344,109
1753600010821,07:06:50.821,mexc,AERGO/USDT:USDT,0.13342,1219,0.13341,441,0.13343,919,0.13344,109
1753600010910,07:06:50.910,mexc,AERGO/USDT:USDT,0.13342,1219,0.13341,441,0.13343,919,0.13344,109
1753600011314,07:06:51.314,mexc,AERGO/USDT:USDT,0.13342,1219,0.13341,441,0.13343,919,0.13344,109
1753600011411,07:06:51.411,mexc,AERGO/USDT:USDT,0.13342,1219,0.13341,441,0.13343,919,0.13344,109
1753600011724,07:06:51.724,mexc,AERGO/USDT:USDT,0.13342,1219,0.13341,441,0.13343,919,0.13344,109
1753600011911,07:06:51.911,mexc,AERGO/USDT:USDT,0.13342,1219,0.13341,441,0.13343,919,0.13344,154
1753600012224,07:06:52.224,mexc,AERGO/USDT:USDT,0.13342,1219,0.13341,441,0.13343,919,0.13344,154
1753600012411,07:06:52.411,mexc,AERGO/USDT:USDT,0.13342,1219,0.13341,441,0.13343,919,0.13344,109
1753600012733,07:06:52.733,mexc,AERGO/USDT:USDT,0.13342,1219,0.13341,441,0.13343,919,0.13344,109
1753600012911,07:06:52.911,mexc,AERGO/USDT:USDT,0.13342,1219,0.13341,441,0.13343,919,0.13344,141
1753600013199,07:06:53.199,mexc,AERGO/USDT:USDT,0.13342,1219,0.13341,441,0.13343,919,0.13344,141
1753600013324,07:06:53.324,mexc,AERGO/USDT:USDT,0.13342,1219,0.13341,577,0.13343,919,0.13344,109
1753600013412,07:06:53.412,mexc,AERGO/USDT:USDT,0.13342,1219,0.13341,577,0.13343,919,0.13344,109
1753600013815,07:06:53.815,mexc,AERGO/USDT:USDT,0.13342,1219,0.13341,441,0.13343,919,0.13344,109
1753600013912,07:06:53.912,mexc,AERGO/USDT:USDT,0.13342,1219,0.13341,584,0.13343,919,0.13344,109
1753600014227,07:06:54.227,mexc,AERGO/USDT:USDT,0.13342,1219,0.13341,441,0.13343,919,0.13344,109
1753600014413,07:06:54.413,mexc,AERGO/USDT:USDT,0.13342,1219,0.13341,566,0.13343,919,0.13344,161
1753600014728,07:06:54.728,mexc,AERGO/USDT:USDT,0.13342,1219,0.13341,441,0.13343,919,0.13344,161
1753600014911,07:06:54.911,mexc,AERGO/USDT:USDT,0.13342,1219,0.13341,441,0.13343,919,0.13344,109
1753600015227,07:06:55.227,mexc,AERGO/USDT:USDT,0.13342,1219,0.13341,441,0.13343,919,0.13344,109
1753600015411,07:06:55.411,mexc,AERGO/USDT:USDT,0.13342,1219,0.13341,584,0.13343,919,0.13344,159
1753600015731,07:06:55.731,mexc,AERGO/USDT:USDT,0.13342,1219,0.13341,584,0.13343,919,0.13344,159
1753600015912,07:06:55.912,mexc,AERGO/USDT:USDT,0.13342,1219,0.13341,441,0.13343,919,0.13344,109
1753600016227,07:06:56.227,mexc,AERGO/USDT:USDT,0.13342,1219,0.13341,441,0.13343,919,0.13344,109
1753600016422,07:06:56.422,mexc,AERGO/USDT:USDT,0.1334,790,0.13339,177,0.13341,1627,0.13342,654
1753600016826,07:06:56.826,mexc,AERGO/USDT:USDT,0.1334,790,0.13339,177,0.13341,1627,0.13342,654
1753600016914,07:06:56.914,mexc,AERGO/USDT:USDT,0.1334,790,0.13339,177,0.13341,1627,0.13342,775
1753600017226,07:06:57.226,mexc,AERGO/USDT:USDT,0.1334,790,0.13339,177,0.13341,1627,0.13342,775
1753600017413,07:06:57.413,mexc,AERGO/USDT:USDT,0.1334,790,0.13339,245,0.13341,1627,0.13342,654
1753600017727,07:06:57.727,mexc,AERGO/USDT:USDT,0.1334,790,0.13339,177,0.13341,1627,0.13342,654
1753600017913,07:06:57.913,mexc,AERGO/USDT:USDT,0.1334,790,0.13339,208,0.13341,1627,0.13342,654
1753600018228,07:06:58.228,mexc,AERGO/USDT:USDT,0.1334,790,0.13339,208,0.13341,1627,0.13342,654
1753600018413,07:06:58.413,mexc,AERGO/USDT:USDT,0.1334,790,0.13339,255,0.13341,1627,0.13342,926
1753600018728,07:06:58.728,mexc,AERGO/USDT:USDT,0.1334,790,0.13339,177,0.13341,1627,0.13342,926
1753600018922,07:06:58.922,mexc,AERGO/USDT:USDT,0.1334,790,0.13339,177,0.13341,1627,0.13342,654
1753600019202,07:06:59.202,mexc,AERGO/USDT:USDT,0.1334,790,0.13339,177,0.13341,1627,0.13342,654
1753600019325,07:06:59.325,mexc,AERGO/USDT:USDT,0.1334,790,0.13339,238,0.13341,1627,0.13342,654
1753600019414,07:06:59.414,mexc,AERGO/USDT:USDT,0.1334,790,0.13339,238,0.13341,1627,0.13342,759
1753600019818,07:06:59.818,mexc,AERGO/USDT:USDT,0.1334,790,0.13339,177,0.13341,1627,0.13342,759
1753600019914,07:06:59.914,mexc,AERGO/USDT:USDT,0.1334,790,0.13339,177,0.13341,1627,0.13342,817
1753600020227,07:07:00.227,mexc,AERGO/USDT:USDT,0.1334,790,0.13339,177,0.13341,1627,0.13342,817
1753600020414,07:07:00.414,mexc,AERGO/USDT:USDT,0.1334,790,0.13339,225,0.13341,1627,0.13342,897
1753600020728,07:07:00.728,mexc,AERGO/USDT:USDT,0.1334,790,0.13339,177,0.13341,1627,0.13342,897
1753600020914,07:07:00.914,mexc,AERGO/USDT:USDT,0.1334,790,0.13339,199,0.13341,1627,0.13342,896
1753600021227,07:07:01.227,mexc,AERGO/USDT:USDT,0.1334,790,0.13339,199,0.13341,1627,0.13342,896
1753600021412,07:07:01.412,mexc,AERGO/USDT:USDT,0.1334,790,0.13339,177,0.13341,1627,0.13342,869
1753600021730,07:07:01.730,mexc,AERGO/USDT:USDT,0.1334,790,0.13339,177,0.13341,1627,0.13342,869
1753600021914,07:07:01.914,mexc,AERGO/USDT:USDT,0.1334,790,0.13339,309,0.13341,1627,0.13342,841
1753600022226,07:07:02.226,mexc,AERGO/USDT:USDT,0.1334,790,0.13339,259,0.13341,1627,0.13342,841
1753600022424,07:07:02.424,mexc,AERGO/USDT:USDT,0.13342,374,0.13341,88,0.13343,236,0.13344,113
1753600022824,07:07:02.824,mexc,AERGO/USDT:USDT,0.13342,374,0.13341,101,0.13343,236,0.13344,113
1753600022916,07:07:02.916,mexc,AERGO/USDT:USDT,0.13342,374,0.13341,101,0.13343,236,0.13344,212
1753600023227,07:07:03.227,mexc,AERGO/USDT:USDT,0.13342,374,0.13341,88,0.13343,236,0.13344,212
1753600023414,07:07:03.414,mexc,AERGO/USDT:USDT,0.13342,374,0.13341,88,0.13343,236,0.13344,113
1753600023727,07:07:03.727,mexc,AERGO/USDT:USDT,0.13342,374,0.13341,88,0.13343,236,0.13344,113
1753600023917,07:07:03.917,mexc,AERGO/USDT:USDT,0.13342,374,0.13341,157,0.13343,236,0.13344,149
1753600024230,07:07:04.230,mexc,AERGO/USDT:USDT,0.13342,374,0.13341,123,0.13343,236,0.13344,149
1753600024424,07:07:04.424,mexc,AERGO/USDT:USDT,0.13342,374,0.13341,88,0.13343,236,0.13344,113
1753600024727,07:07:04.727,mexc,AERGO/USDT:USDT,0.13342,374,0.13341,88,0.13343,236,0.13344,113
1753600024914,07:07:04.914,mexc,AERGO/USDT:USDT,0.13342,374,0.13341,88,0.13343,236,0.13344,160
1753600025205,07:07:05.205,mexc,AERGO/USDT:USDT,0.13342,374,0.13341,88,0.13343,236,0.13344,160
1753600025325,07:07:05.325,mexc,AERGO/USDT:USDT,0.13342,374,0.13341,88,0.13343,236,0.13344,113
1753600025414,07:07:05.414,mexc,AERGO/USDT:USDT,0.13342,374,0.13341,88,0.13343,236,0.13344,136
1753600025818,07:07:05.818,mexc,AERGO/USDT:USDT,0.13342,374,0.13341,88,0.13343,236,0.13344,136
1753600025915,07:07:05.915,mexc,AERGO/USDT:USDT,0.13342,374,0.13341,111,0.13343,236,0.13344,113
1753600026228,07:07:06.228,mexc,AERGO/USDT:USDT,0.13342,374,0.13341,111,0.13343,236,0.13344,113
1753600026414,07:07:06.414,mexc,AERGO/USDT:USDT,0.13342,374,0.13341,88,0.13343,236,0.13344,136
1753600026728,07:07:06.728,mexc,AERGO/USDT:USDT,0.13342,374,0.13341,88,0.13343,236,0.13344,136
1753600026916,07:07:06.916,mexc,AERGO/USDT:USDT,0.13342,374,0.13341,88,0.13343,236,0.13344,113
1753600027231,07:07:07.231,mexc,AERGO/USDT:USDT,0.13342,374,0.13341,88,0.13343,236,0.13344,113
1753600027413,07:07:07.413,mexc,AERGO/USDT:USDT,0.13342,374,0.13341,88,0.13343,236,0.13344,113
1753600027729,07:07:07.729,mexc,AERGO/USDT:USDT,0.13342,374,0.13341,88,0.13343,236,0.13344,113
1753600027921,07:07:07.921,mexc,AERGO/USDT:USDT,0.13342,374,0.13341,88,0.13343,236,0.13344,146
1753600028228,07:07:08.228,mexc,AERGO/USDT:USDT,0.13342,374,0.13341,88,0.13343,236,0.13344,146
1753600028427,07:07:08.427,mexc,AERGO/USDT:USDT,0.13341,53,0.1334,944,0.13342,213,0.13343,119
1753600028826,07:07:08.826,mexc,AERGO/USDT:USDT,0.13341,53,0.1334,944,0.13342,213,0.13343,119
1753600028915,07:07:08.915,mexc,AERGO/USDT:USDT,0.13341,53,0.1334,1368,0.13342,213,0.13343,119
1753600029229,07:07:09.229,mexc,AERGO/USDT:USDT,0.13341,53,0.1334,1368,0.13342,213,0.13343,119
1753600029415,07:07:09.415,mexc,AERGO/USDT:USDT,0.13341,53,0.1334,944,0.13342,213,0.13343,119
1753600029728,07:07:09.728,mexc,AERGO/USDT:USDT,0.13341,53,0.1334,944,0.13342,213,0.13343,119
1753600029915,07:07:09.915,mexc,AERGO/USDT:USDT,0.13341,53,0.1334,944,0.13342,213,0.13343,119
1753600030229,07:07:10.229,mexc,AERGO/USDT:USDT,0.13341,53,0.1334,944,0.13342,213,0.13343,119
1753600030416,07:07:10.416,mexc,AERGO/USDT:USDT,0.13341,53,0.1334,944,0.13342,213,0.13343,148
1753600030729,07:07:10.729,mexc,AERGO/USDT:USDT,0.13341,53,0.1334,944,0.13342,213,0.13343,148
1753600030918,07:07:10.918,mexc,AERGO/USDT:USDT,0.13341,53,0.1334,1089,0.13342,213,0.13343,148
1753600031203,07:07:11.203,mexc,AERGO/USDT:USDT,0.13341,53,0.1334,1089,0.13342,213,0.13343,148
1753600031328,07:07:11.328,mexc,AERGO/USDT:USDT,0.13341,53,0.1334,944,0.13342,213,0.13343,119
1753600031416,07:07:11.416,mexc,AERGO/USDT:USDT,0.13341,53,0.1334,944,0.13342,213,0.13343,119
1753600031819,07:07:11.819,mexc,AERGO/USDT:USDT,0.13341,53,0.1334,944,0.13342,213,0.13343,119
1753600031916,07:07:11.916,mexc,AERGO/USDT:USDT,0.13341,53,0.1334,1350,0.13342,213,0.13343,161
1753600032229,07:07:12.229,mexc,AERGO/USDT:USDT,0.13341,53,0.1334,1240,0.13342,213,0.13343,161
1753600032416,07:07:12.416,mexc,AERGO/USDT:USDT,0.13341,53,0.1334,1353,0.13342,213,0.13343,119
1753600032729,07:07:12.729,mexc,AERGO/USDT:USDT,0.13341,53,0.1334,1353,0.13342,213,0.13343,119
1753600032918,07:07:12.918,mexc,AERGO/USDT:USDT,0.13341,53,0.1334,1172,0.13342,213,0.13343,119
1753600033228,07:07:13.228,mexc,AERGO/USDT:USDT,0.13341,53,0.1334,944,0.13342,213,0.13343,119
1753600033417,07:07:13.417,mexc,AERGO/USDT:USDT,0.13341,53,0.1334,1286,0.13342,213,0.13343,167
1753600033731,07:07:13.731,mexc,AERGO/USDT:USDT,0.13341,53,0.1334,1286,0.13342,213,0.13343,167
1753600033917,07:07:13.917,mexc,AERGO/USDT:USDT,0.13341,53,0.1334,1340,0.13342,213,0.13343,119
1753600034229,07:07:14.229,mexc,AERGO/USDT:USDT,0.13341,53,0.1334,1340,0.13342,213,0.13343,119
1753600034418,07:07:14.418,mexc,AERGO/USDT:USDT,0.1334,903,0.13339,734,0.13342,213,0.13343,119
1753600034450,07:07:14.450,mexc,AERGO/USDT:USDT,0.1334,903,0.13339,734,0.13341,1233,0.13342,224
1753600034917,07:07:14.917,mexc,AERGO/USDT:USDT,0.1334,903,0.13339,734,0.13341,1233,0.13342,224
1753600034917,07:07:14.917,mexc,AERGO/USDT:USDT,0.1334,903,0.13339,734,0.13341,1233,0.13342,224
1753600035320,07:07:15.320,mexc,AERGO/USDT:USDT,0.1334,903,0.13339,734,0.13341,1233,0.13342,224
1753600035418,07:07:15.418,mexc,AERGO/USDT:USDT,0.1334,903,0.13339,953,0.13341,1233,0.13342,224
1753600035729,07:07:15.729,mexc,AERGO/USDT:USDT,0.1334,903,0.13339,953,0.13341,1233,0.13342,224
1753600035921,07:07:15.921,mexc,AERGO/USDT:USDT,0.1334,903,0.13339,871,0.13341,1233,0.13342,224
1753600036230,07:07:16.230,mexc,AERGO/USDT:USDT,0.1334,903,0.13339,734,0.13341,1233,0.13342,224
1753600036419,07:07:16.419,mexc,AERGO/USDT:USDT,0.1334,903,0.13339,734,0.13341,1233,0.13342,224
1753600036729,07:07:16.729,mexc,AERGO/USDT:USDT,0.1334,903,0.13339,734,0.13341,1233,0.13342,224
1753600036918,07:07:16.918,mexc,AERGO/USDT:USDT,0.1334,903,0.13339,1063,0.13341,1233,0.13342,224
1753600037208,07:07:17.208,mexc,AERGO/USDT:USDT,0.1334,903,0.13339,1063,0.13341,1233,0.13342,224
1753600037326,07:07:17.326,mexc,AERGO/USDT:USDT,0.1334,903,0.13339,734,0.13341,1233,0.13342,224
1753600037418,07:07:17.418,mexc,AERGO/USDT:USDT,0.1334,903,0.13339,734,0.13341,1233,0.13342,224
1753600037823,07:07:17.823,mexc,AERGO/USDT:USDT,0.1334,903,0.13339,734,0.13341,1233,0.13342,224
1753600037919,07:07:17.919,mexc,AERGO/USDT:USDT,0.1334,903,0.13339,954,0.13341,1233,0.13342,334
1753600038230,07:07:18.230,mexc,AERGO/USDT:USDT,0.1334,903,0.13339,734,0.13341,1233,0.13342,334
1753600038419,07:07:18.419,mexc,AERGO/USDT:USDT,0.1334,903,0.13339,1010,0.13341,1233,0.13342,224
1753600038731,07:07:18.731,mexc,AERGO/USDT:USDT,0.1334,903,0.13339,734,0.13341,1233,0.13342,224
1753600038920,07:07:18.920,mexc,AERGO/USDT:USDT,0.1334,903,0.13339,734,0.13341,1233,0.13342,224
1753600039231,07:07:19.231,mexc,AERGO/USDT:USDT,0.1334,903,0.13339,734,0.13341,1233,0.13342,224
1753600039422,07:07:19.422,mexc,AERGO/USDT:USDT,0.1334,903,0.13339,734,0.13341,1233,0.13342,317
1753600039731,07:07:19.731,mexc,AERGO/USDT:USDT,0.1334,903,0.13339,734,0.13341,1233,0.13342,317
1753600039921,07:07:19.921,mexc,AERGO/USDT:USDT,0.1334,903,0.13339,941,0.13341,1233,0.13342,224
1753600040230,07:07:20.230,mexc,AERGO/USDT:USDT,0.1334,903,0.13339,941,0.13341,1233,0.13342,224
1753600040427,07:07:20.427,mexc,AERGO/USDT:USDT,0.1334,1787,0.13339,1482,0.13341,1244,0.13342,222
1753600040431,07:07:20.431,mexc,AERGO/USDT:USDT,0.1334,884,0.13339,748,0.13341,1244,0.13342,222
1753600040922,07:07:20.922,mexc,AERGO/USDT:USDT,0.1334,884,0.13339,748,0.13341,1244,0.13342,222
1753600040922,07:07:20.922,mexc,AERGO/USDT:USDT,0.1334,884,0.13339,748,0.13341,1244,0.13342,222
1753600041324,07:07:21.324,mexc,AERGO/USDT:USDT,0.1334,884,0.13339,748,0.13341,1244,0.13342,222
1753600041422,07:07:21.422,mexc,AERGO/USDT:USDT,0.1334,884,0.13339,748,0.13341,1244,0.13342,295
1753600041730,07:07:21.730,mexc,AERGO/USDT:USDT,0.1334,884,0.13339,748,0.13341,1244,0.13342,295
1753600041921,07:07:21.921,mexc,AERGO/USDT:USDT,0.1334,884,0.13339,748,0.13341,1244,0.13342,321
1753600042235,07:07:22.235,mexc,AERGO/USDT:USDT,0.1334,884,0.13339,748,0.13341,1244,0.13342,321
1753600042423,07:07:22.423,mexc,AERGO/USDT:USDT,0.1334,884,0.13339,748,0.13341,1244,0.13342,361
1753600042731,07:07:22.731,mexc,AERGO/USDT:USDT,0.1334,884,0.13339,748,0.13341,1244,0.13342,361
1753600042922,07:07:22.922,mexc,AERGO/USDT:USDT,0.1334,884,0.13339,748,0.13341,1244,0.13342,222
1753600043208,07:07:23.208,mexc,AERGO/USDT:USDT,0.1334,884,0.13339,748,0.13341,1244,0.13342,222
1753600043329,07:07:23.329,mexc,AERGO/USDT:USDT,0.1334,884,0.13339,748,0.13341,1244,0.13342,222
1753600043423,07:07:23.423,mexc,AERGO/USDT:USDT,0.1334,884,0.13339,748,0.13341,1244,0.13342,287
1753600043826,07:07:23.826,mexc,AERGO/USDT:USDT,0.1334,884,0.13339,748,0.13341,1244,0.13342,222
1753600043925,07:07:23.925,mexc,AERGO/USDT:USDT,0.1334,884,0.13339,748,0.13341,1244,0.13342,222
1753600044235,07:07:24.235,mexc,AERGO/USDT:USDT,0.1334,884,0.13339,748,0.13341,1244,0.13342,222
1753600044422,07:07:24.422,mexc,AERGO/USDT:USDT,0.1334,884,0.13339,748,0.13341,1244,0.13342,268
1753600044732,07:07:24.732,mexc,AERGO/USDT:USDT,0.1334,884,0.13339,748,0.13341,1244,0.13342,268
1753600044922,07:07:24.922,mexc,AERGO/USDT:USDT,0.1334,884,0.13339,838,0.13341,1244,0.13342,222
1753600045233,07:07:25.233,mexc,AERGO/USDT:USDT,0.1334,884,0.13339,748,0.13341,1244,0.13342,222
1753600045423,07:07:25.423,mexc,AERGO/USDT:USDT,0.1334,884,0.13339,748,0.13341,1244,0.13342,361
1753600045731,07:07:25.731,mexc,AERGO/USDT:USDT,0.1334,884,0.13339,748,0.13341,1244,0.13342,361
1753600045922,07:07:25.922,mexc,AERGO/USDT:USDT,0.1334,884,0.13339,748,0.13341,1244,0.13342,222
1753600046231,07:07:26.231,mexc,AERGO/USDT:USDT,0.1334,884,0.13339,748,0.13341,1244,0.13342,222
1753600046430,07:07:26.430,mexc,AERGO/USDT:USDT,0.1334,2006,0.13339,1501,0.13341,923,0.13342,239
1753600046433,07:07:26.433,mexc,AERGO/USDT:USDT,0.1334,1122,0.13339,753,0.13341,923,0.13342,239
1753600046923,07:07:26.923,mexc,AERGO/USDT:USDT,0.1334,1122,0.13339,1016,0.13341,923,0.13342,239
1753600046923,07:07:26.923,mexc,AERGO/USDT:USDT,0.1334,1122,0.13339,1016,0.13341,923,0.13342,239
1753600047325,07:07:27.325,mexc,AERGO/USDT:USDT,0.1334,1122,0.13339,753,0.13341,923,0.13342,239
1753600047423,07:07:27.423,mexc,AERGO/USDT:USDT,0.1334,1122,0.13339,1040,0.13341,923,0.13342,239
1753600047732,07:07:27.732,mexc,AERGO/USDT:USDT,0.1334,1122,0.13339,753,0.13341,923,0.13342,239
1753600047924,07:07:27.924,mexc,AERGO/USDT:USDT,0.1334,1122,0.13339,988,0.13341,923,0.13342,340
1753600048233,07:07:28.233,mexc,AERGO/USDT:USDT,0.1334,1122,0.13339,753,0.13341,923,0.13342,340
1753600048425,07:07:28.425,mexc,AERGO/USDT:USDT,0.1334,1122,0.13339,753,0.13341,923,0.13342,282
1753600048733,07:07:28.733,mexc,AERGO/USDT:USDT,0.1334,1122,0.13339,753,0.13341,923,0.13342,282
1753600048924,07:07:28.924,mexc,AERGO/USDT:USDT,0.1334,1122,0.13339,753,0.13341,923,0.13342,447
1753600049212,07:07:29.212,mexc,AERGO/USDT:USDT,0.1334,1122,0.13339,753,0.13341,923,0.13342,447
1753600049329,07:07:29.329,mexc,AERGO/USDT:USDT,0.1334,1122,0.13339,753,0.13341,923,0.13342,239
1753600049424,07:07:29.424,mexc,AERGO/USDT:USDT,0.1334,1122,0.13339,753,0.13341,923,0.13342,239
1753600049828,07:07:29.828,mexc,AERGO/USDT:USDT,0.1334,1122,0.13339,753,0.13341,923,0.13342,239
1753600049924,07:07:29.924,mexc,AERGO/USDT:USDT,0.1334,1122,0.13339,753,0.13341,923,0.13342,239
1753600050233,07:07:30.233,mexc,AERGO/USDT:USDT,0.1334,1122,0.13339,753,0.13341,923,0.13342,239
1753600050425,07:07:30.425,mexc,AERGO/USDT:USDT,0.1334,1122,0.13339,1136,0.13341,923,0.13342,305
1753600050734,07:07:30.734,mexc,AERGO/USDT:USDT,0.1334,1122,0.13339,929,0.13341,923,0.13342,305
1753600050924,07:07:30.924,mexc,AERGO/USDT:USDT,0.1334,1122,0.13339,753,0.13341,923,0.13342,239
1753600051233,07:07:31.233,mexc,AERGO/USDT:USDT,0.1334,1122,0.13339,753,0.13341,923,0.13342,239
1753600051425,07:07:31.425,mexc,AERGO/USDT:USDT,0.1334,1122,0.13339,753,0.13341,923,0.13342,239
1753600051734,07:07:31.734,mexc,AERGO/USDT:USDT,0.1334,1122,0.13339,753,0.13341,923,0.13342,239
1753600051923,07:07:31.923,mexc,AERGO/USDT:USDT,0.1334,1122,0.13339,1102,0.13341,923,0.13342,239
1753600052234,07:07:32.234,mexc,AERGO/USDT:USDT,0.1334,1122,0.13339,753,0.13341,923,0.13342,239
1753600052432,07:07:32.432,mexc,AERGO/USDT:USDT,0.13337,1218,0.13336,135,0.13338,79,0.13339,1019
1753600052435,07:07:32.435,mexc,AERGO/USDT:USDT,0.13337,1218,0.13336,135,0.13338,79,0.13339,1019
1753600052925,07:07:32.925,mexc,AERGO/USDT:USDT,0.13337,1218,0.13336,135,0.13338,79,0.13339,1473
1753600052925,07:07:32.925,mexc,AERGO/USDT:USDT,0.13337,1218,0.13336,135,0.13338,79,0.13339,1473
1753600053329,07:07:33.329,mexc,AERGO/USDT:USDT,0.13337,1218,0.13336,135,0.13338,79,0.13339,1019
1753600053425,07:07:33.425,mexc,AERGO/USDT:USDT,0.13337,1218,0.13336,135,0.13338,79,0.13339,1157
1753600053738,07:07:33.738,mexc,AERGO/USDT:USDT,0.13337,1218,0.13336,135,0.13338,79,0.13339,1157
1753600053926,07:07:33.926,mexc,AERGO/USDT:USDT,0.13337,1218,0.13336,135,0.13338,79,0.13339,1019
1753600054265,07:07:34.265,mexc,AERGO/USDT:USDT,0.13337,1218,0.13336,135,0.13338,79,0.13339,1019
1753600054425,07:07:34.425,mexc,AERGO/USDT:USDT,0.13337,1218,0.13336,174,0.13338,79,0.13339,1019
1753600054802,07:07:34.802,mexc,AERGO/USDT:USDT,0.13337,1218,0.13336,135,0.13338,79,0.13339,1019
1753600054924,07:07:34.924,mexc,AERGO/USDT:USDT,0.13337,1218,0.13336,152,0.13338,79,0.13339,1520
1753600055303,07:07:35.303,mexc,AERGO/USDT:USDT,0.13337,1218,0.13336,152,0.13338,79,0.13339,1520
1753600055497,07:07:35.497,mexc,AERGO/USDT:USDT,0.13337,1218,0.13336,135,0.13338,79,0.13339,1163
1753600055802,07:07:35.802,mexc,AERGO/USDT:USDT,0.13337,1218,0.13336,135,0.13338,79,0.13339,1163
1753600055914,07:07:35.914,mexc,AERGO/USDT:USDT,0.13337,1218,0.13336,191,0.13338,79,0.13339,1019
1753600055999,07:07:35.999,mexc,AERGO/USDT:USDT,0.13337,1218,0.13336,191,0.13338,79,0.13339,1019
1753600056404,07:07:36.404,mexc,AERGO/USDT:USDT,0.13337,1218,0.13336,135,0.13338,79,0.13339,1019
1753600056500,07:07:36.500,mexc,AERGO/USDT:USDT,0.13337,1218,0.13336,135,0.13338,79,0.13339,1019
1753600056903,07:07:36.903,mexc,AERGO/USDT:USDT,0.13337,1218,0.13336,135,0.13338,79,0.13339,1019
1753600056999,07:07:36.999,mexc,AERGO/USDT:USDT,0.13337,1218,0.13336,135,0.13338,79,0.13339,1019
1753600057305,07:07:37.305,mexc,AERGO/USDT:USDT,0.13337,1218,0.13336,135,0.13338,79,0.13339,1019
1753600057503,07:07:37.503,mexc,AERGO/USDT:USDT,0.13337,1218,0.13336,161,0.13338,1088,0.13339,111
1753600057511,07:07:37.511,mexc,AERGO/USDT:USDT,0.13337,1065,0.13336,867,0.13338,1088,0.13339,111
1753600058001,07:07:38.001,mexc,AERGO/USDT:USDT,0.13337,1065,0.13336,1052,0.13338,1088,0.13339,111
1753600058001,07:07:38.001,mexc,AERGO/USDT:USDT,0.13337,1065,0.13336,1052,0.13338,1088,0.13339,111
1753600058402,07:07:38.402,mexc,AERGO/USDT:USDT,0.13337,1065,0.13336,867,0.13338,1088,0.13339,111
1753600058500,07:07:38.500,mexc,AERGO/USDT:USDT,0.13337,1065,0.13336,867,0.13338,1088,0.13339,111
1753600058804,07:07:38.804,mexc,AERGO/USDT:USDT,0.13337,1065,0.13336,867,0.13338,1088,0.13339,111
1753600058999,07:07:38.999,mexc,AERGO/USDT:USDT,0.13337,1065,0.13336,867,0.13338,1088,0.13339,111
1753600058999,07:07:38.999,mexc,AERGO/USDT:USDT,0.13337,1065,0.13336,867,0.13338,1088,0.13339,133
1753600059502,07:07:39.502,mexc,AERGO/USDT:USDT,0.13337,1065,0.13336,867,0.13338,1088,0.13339,111
1753600059502,07:07:39.502,mexc,AERGO/USDT:USDT,0.13337,1065,0.13336,867,0.13338,1088,0.13339,111
1753600059902,07:07:39.902,mexc,AERGO/USDT:USDT,0.13337,1065,0.13336,982,0.13338,1088,0.13339,111
1753600060001,07:07:40.001,mexc,AERGO/USDT:USDT,0.13337,1065,0.13336,982,0.13338,1088,0.13339,146
1753600060307,07:07:40.307,mexc,AERGO/USDT:USDT,0.13337,1065,0.13336,867,0.13338,1088,0.13339,146
1753600060501,07:07:40.501,mexc,AERGO/USDT:USDT,0.13337,1065,0.13336,867,0.13338,1088,0.13339,111
1753600060810,07:07:40.810,mexc,AERGO/USDT:USDT,0.13337,1065,0.13336,867,0.13338,1088,0.13339,111
1753600061001,07:07:41.001,mexc,AERGO/USDT:USDT,0.13337,1065,0.13336,867,0.13338,1088,0.13339,111
1753600061308,07:07:41.308,mexc,AERGO/USDT:USDT,0.13337,1065,0.13336,867,0.13338,1088,0.13339,111
1753600061504,07:07:41.504,mexc,AERGO/USDT:USDT,0.13337,1065,0.13336,867,0.13338,1088,0.13339,111
1753600061807,07:07:41.807,mexc,AERGO/USDT:USDT,0.13337,1065,0.13336,867,0.13338,1088,0.13339,111
1753600062001,07:07:42.001,mexc,AERGO/USDT:USDT,0.13337,1065,0.13336,1257,0.13338,1088,0.13339,126
1753600062308,07:07:42.308,mexc,AERGO/USDT:USDT,0.13337,1065,0.13336,1257,0.13338,1088,0.13339,126
1753600062499,07:07:42.499,mexc,AERGO/USDT:USDT,0.13337,1065,0.13336,867,0.13338,1088,0.13339,111
1753600062806,07:07:42.806,mexc,AERGO/USDT:USDT,0.13337,1065,0.13336,867,0.13338,1088,0.13339,111
1753600063006,07:07:43.006,mexc,AERGO/USDT:USDT,0.13337,1065,0.13336,867,0.13338,1088,0.13339,111
1753600063006,07:07:43.006,mexc,AERGO/USDT:USDT,0.13337,1065,0.13336,867,0.13338,1088,0.13339,111
1753600063503,07:07:43.503,mexc,AERGO/USDT:USDT,0.13337,1065,0.13336,867,0.13338,1088,0.13339,158
1753600063520,07:07:43.520,mexc,AERGO/USDT:USDT,0.13337,1144,0.13336,856,0.13338,1155,0.13339,134
1753600063905,07:07:43.905,mexc,AERGO/USDT:USDT,0.13337,1144,0.13336,856,0.13338,1155,0.13339,134
1753600064002,07:07:44.002,mexc,AERGO/USDT:USDT,0.13337,1144,0.13336,856,0.13338,1155,0.13339,134
1753600064308,07:07:44.308,mexc,AERGO/USDT:USDT,0.13337,1144,0.13336,856,0.13338,1155,0.13339,134
1753600064502,07:07:44.502,mexc,AERGO/USDT:USDT,0.13337,1144,0.13336,856,0.13338,1155,0.13339,134
1753600064808,07:07:44.808,mexc,AERGO/USDT:USDT,0.13337,1144,0.13336,856,0.13338,1155,0.13339,134
1753600065002,07:07:45.002,mexc,AERGO/USDT:USDT,0.13337,1144,0.13336,1213,0.13338,1155,0.13339,134
1753600065308,07:07:45.308,mexc,AERGO/USDT:USDT,0.13337,1144,0.13336,1213,0.13338,1155,0.13339,134
1753600065502,07:07:45.502,mexc,AERGO/USDT:USDT,0.13337,1144,0.13336,1100,0.13338,1155,0.13339,134
1753600065808,07:07:45.808,mexc,AERGO/USDT:USDT,0.13337,1144,0.13336,1100,0.13338,1155,0.13339,134
1753600066004,07:07:46.004,mexc,AERGO/USDT:USDT,0.13337,1144,0.13336,1040,0.13338,1155,0.13339,134
1753600066269,07:07:46.269,mexc,AERGO/USDT:USDT,0.13337,1144,0.13336,1040,0.13338,1155,0.13339,134
1753600066409,07:07:46.409,mexc,AERGO/USDT:USDT,0.13337,1144,0.13336,995,0.13338,1155,0.13339,134
1753600066501,07:07:46.501,mexc,AERGO/USDT:USDT,0.13337,1144,0.13336,995,0.13338,1155,0.13339,149
1753600066908,07:07:46.908,mexc,AERGO/USDT:USDT,0.13337,1144,0.13336,856,0.13338,1155,0.13339,134
1753600067004,07:07:47.004,mexc,AERGO/USDT:USDT,0.13337,1144,0.13336,1149,0.13338,1155,0.13339,134
1753600067314,07:07:47.314,mexc,AERGO/USDT:USDT,0.13337,1144,0.13336,856,0.13338,1155,0.13339,134
1753600067505,07:07:47.505,mexc,AERGO/USDT:USDT,0.13337,1144,0.13336,1128,0.13338,1155,0.13339,155
1753600067809,07:07:47.809,mexc,AERGO/USDT:USDT,0.13337,1144,0.13336,1037,0.13338,1155,0.13339,155
1753600068005,07:07:48.005,mexc,AERGO/USDT:USDT,0.13337,1144,0.13336,948,0.13338,1155,0.13339,241
1753600068313,07:07:48.313,mexc,AERGO/USDT:USDT,0.13337,1144,0.13336,856,0.13338,1155,0.13339,241
1753600068508,07:07:48.508,mexc,AERGO/USDT:USDT,0.13337,1144,0.13336,951,0.13338,1155,0.13339,134
1753600068817,07:07:48.817,mexc,AERGO/USDT:USDT,0.13337,1144,0.13336,856,0.13338,1155,0.13339,134
1753600069005,07:07:49.005,mexc,AERGO/USDT:USDT,0.13337,1144,0.13336,856,0.13338,1155,0.13339,134
1753600069312,07:07:49.312,mexc,AERGO/USDT:USDT,0.13337,1144,0.13336,856,0.13338,1155,0.13339,134
1753600069505,07:07:49.505,mexc,AERGO/USDT:USDT,0.13337,1144,0.13336,856,0.13338,2538,0.13339,271
1753600069518,07:07:49.518,mexc,AERGO/USDT:USDT,0.13337,1033,0.13336,1042,0.13338,1383,0.13339,137
1753600070005,07:07:50.005,mexc,AERGO/USDT:USDT,0.13337,1033,0.13336,1377,0.13338,1383,0.13339,137
1753600070005,07:07:50.005,mexc,AERGO/USDT:USDT,0.13337,1033,0.13336,1377,0.13338,1383,0.13339,137
1753600070409,07:07:50.409,mexc,AERGO/USDT:USDT,0.13337,1033,0.13336,1042,0.13338,1383,0.13339,137
1753600070505,07:07:50.505,mexc,AERGO/USDT:USDT,0.13337,1033,0.13336,1416,0.13338,1383,0.13339,170
1753600070909,07:07:50.909,mexc,AERGO/USDT:USDT,0.13337,1033,0.13336,1042,0.13338,1383,0.13339,170
1753600071005,07:07:51.005,mexc,AERGO/USDT:USDT,0.13337,1033,0.13336,1042,0.13338,1383,0.13339,160
1753600071314,07:07:51.314,mexc,AERGO/USDT:USDT,0.13337,1033,0.13336,1042,0.13338,1383,0.13339,160
1753600071507,07:07:51.507,mexc,AERGO/USDT:USDT,0.13337,1033,0.13336,1042,0.13338,1383,0.13339,163
1753600071817,07:07:51.817,mexc,AERGO/USDT:USDT,0.13337,1033,0.13336,1042,0.13338,1383,0.13339,163
1753600072007,07:07:52.007,mexc,AERGO/USDT:USDT,0.13337,1033,0.13336,1730,0.13338,1383,0.13339,137
1753600072271,07:07:52.271,mexc,AERGO/USDT:USDT,0.13337,1033,0.13336,1730,0.13338,1383,0.13339,137
1753600072415,07:07:52.415,mexc,AERGO/USDT:USDT,0.13337,1033,0.13336,1042,0.13338,1383,0.13339,137
1753600072507,07:07:52.507,mexc,AERGO/USDT:USDT,0.13337,1033,0.13336,1042,0.13338,1383,0.13339,137
1753600072911,07:07:52.911,mexc,AERGO/USDT:USDT,0.13337,1033,0.13336,1042,0.13338,1383,0.13339,137
1753600073006,07:07:53.006,mexc,AERGO/USDT:USDT,0.13337,1033,0.13336,1042,0.13338,1383,0.13339,183
1753600073314,07:07:53.314,mexc,AERGO/USDT:USDT,0.13337,1033,0.13336,1042,0.13338,1383,0.13339,183
1753600073510,07:07:53.510,mexc,AERGO/USDT:USDT,0.13337,1033,0.13336,1398,0.13338,1383,0.13339,137
1753600073816,07:07:53.816,mexc,AERGO/USDT:USDT,0.13337,1033,0.13336,1042,0.13338,1383,0.13339,137
1753600074007,07:07:54.007,mexc,AERGO/USDT:USDT,0.13337,1033,0.13336,1231,0.13338,1383,0.13339,137
1753600074314,07:07:54.314,mexc,AERGO/USDT:USDT,0.13337,1033,0.13336,1231,0.13338,1383,0.13339,137
1753600074508,07:07:54.508,mexc,AERGO/USDT:USDT,0.13337,1033,0.13336,1514,0.13338,1383,0.13339,186
1753600074819,07:07:54.819,mexc,AERGO/USDT:USDT,0.13337,1033,0.13336,1042,0.13338,1383,0.13339,186
1753600075007,07:07:55.007,mexc,AERGO/USDT:USDT,0.13337,1033,0.13336,1042,0.13338,1383,0.13339,137
1753600075316,07:07:55.316,mexc,AERGO/USDT:USDT,0.13337,1033,0.13336,1042,0.13338,1383,0.13339,137
1753600075514,07:07:55.514,mexc,AERGO/USDT:USDT,0.13337,2068,0.13336,2432,0.13338,1214,0.13339,153
1753600075520,07:07:55.520,mexc,AERGO/USDT:USDT,0.13337,1035,0.13336,1073,0.13338,1214,0.13339,153
1753600076023,07:07:56.023,mexc,AERGO/USDT:USDT,0.13337,1035,0.13336,1512,0.13338,1214,0.13339,153
1753600076023,07:07:56.023,mexc,AERGO/USDT:USDT,0.13337,1035,0.13336,1512,0.13338,1214,0.13339,153
1753600076510,07:07:56.510,mexc,AERGO/USDT:USDT,0.13337,1035,0.13336,1073,0.13338,1214,0.13339,153
1753600076510,07:07:56.510,mexc,AERGO/USDT:USDT,0.13337,1035,0.13336,1073,0.13338,1214,0.13339,153
1753600076913,07:07:56.913,mexc,AERGO/USDT:USDT,0.13337,1035,0.13336,1073,0.13338,1214,0.13339,153
1753600077009,07:07:57.009,mexc,AERGO/USDT:USDT,0.13337,1035,0.13336,1073,0.13338,1214,0.13339,153
1753600077317,07:07:57.317,mexc,AERGO/USDT:USDT,0.13337,1035,0.13336,1073,0.13338,1214,0.13339,153
1753600077509,07:07:57.509,mexc,AERGO/USDT:USDT,0.13337,1035,0.13336,1518,0.13338,1214,0.13339,196
1753600077818,07:07:57.818,mexc,AERGO/USDT:USDT,0.13337,1035,0.13336,1073,0.13338,1214,0.13339,196
1753600078011,07:07:58.011,mexc,AERGO/USDT:USDT,0.13337,1035,0.13336,1453,0.13338,1214,0.13339,153
1753600078277,07:07:58.277,mexc,AERGO/USDT:USDT,0.13337,1035,0.13336,1453,0.13338,1214,0.13339,153
1753600078417,07:07:58.417,mexc,AERGO/USDT:USDT,0.13337,1035,0.13336,1360,0.13338,1214,0.13339,153
1753600078511,07:07:58.511,mexc,AERGO/USDT:USDT,0.13337,1035,0.13336,1360,0.13338,1214,0.13339,153
1753600078914,07:07:58.914,mexc,AERGO/USDT:USDT,0.13337,1035,0.13336,1249,0.13338,1214,0.13339,153
1753600079011,07:07:59.011,mexc,AERGO/USDT:USDT,0.13337,1035,0.13336,1249,0.13338,1214,0.13339,153
1753600079317,07:07:59.317,mexc,AERGO/USDT:USDT,0.13337,1035,0.13336,1073,0.13338,1214,0.13339,153
1753600079511,07:07:59.511,mexc,AERGO/USDT:USDT,0.13337,1035,0.13336,1073,0.13338,1214,0.13339,153
1753600079817,07:07:59.817,mexc,AERGO/USDT:USDT,0.13337,1035,0.13336,1073,0.13338,1214,0.13339,153
1753600080010,07:08:00.010,mexc,AERGO/USDT:USDT,0.13337,1035,0.13336,1073,0.13338,1214,0.13339,182
1753600080317,07:08:00.317,mexc,AERGO/USDT:USDT,0.13337,1035,0.13336,1073,0.13338,1214,0.13339,182
1753600080511,07:08:00.511,mexc,AERGO/USDT:USDT,0.13337,1035,0.13336,1073,0.13338,1214,0.13339,153
1753600080819,07:08:00.819,mexc,AERGO/USDT:USDT,0.13337,1035,0.13336,1073,0.13338,1214,0.13339,153
1753600081012,07:08:01.012,mexc,AERGO/USDT:USDT,0.13337,1035,0.13336,1512,0.13338,1214,0.13339,248
1753600081318,07:08:01.318,mexc,AERGO/USDT:USDT,0.13337,1035,0.13336,1073,0.13338,1214,0.13339,248
1753600081516,07:08:01.516,mexc,AERGO/USDT:USDT,0.13337,2188,0.13336,2152,0.13338,1380,0.13339,137
1753600081519,07:08:01.519,mexc,AERGO/USDT:USDT,0.13337,1153,0.13336,843,0.13338,1380,0.13339,137
1753600082013,07:08:02.013,mexc,AERGO/USDT:USDT,0.13337,1153,0.13336,1086,0.13338,1380,0.13339,137
1753600082013,07:08:02.013,mexc,AERGO/USDT:USDT,0.13337,1153,0.13336,1086,0.13338,1380,0.13339,137
1753600082416,07:08:02.416,mexc,AERGO/USDT:USDT,0.13337,1153,0.13336,843,0.13338,1380,0.13339,137
1753600082512,07:08:02.512,mexc,AERGO/USDT:USDT,0.13337,1153,0.13336,843,0.13338,1380,0.13339,137
1753600082817,07:08:02.817,mexc,AERGO/USDT:USDT,0.13337,1153,0.13336,843,0.13338,1380,0.13339,137
1753600083013,07:08:03.013,mexc,AERGO/USDT:USDT,0.13337,1153,0.13336,843,0.13338,1380,0.13339,163
1753600083319,07:08:03.319,mexc,AERGO/USDT:USDT,0.13337,1153,0.13336,843,0.13338,1380,0.13339,163
1753600083513,07:08:03.513,mexc,AERGO/USDT:USDT,0.13337,1153,0.13336,843,0.13338,1380,0.13339,137
1753600083817,07:08:03.817,mexc,AERGO/USDT:USDT,0.13337,1153,0.13336,843,0.13338,1380,0.13339,137
1753600084014,07:08:04.014,mexc,AERGO/USDT:USDT,0.13337,1153,0.13336,843,0.13338,1380,0.13339,180
1753600084276,07:08:04.276,mexc,AERGO/USDT:USDT,0.13337,1153,0.13336,843,0.13338,1380,0.13339,180
1753600084418,07:08:04.418,mexc,AERGO/USDT:USDT,0.13337,1153,0.13336,843,0.13338,1380,0.13339,137
1753600084512,07:08:04.512,mexc,AERGO/USDT:USDT,0.13337,1153,0.13336,843,0.13338,1380,0.13339,137
1753600084922,07:08:04.922,mexc,AERGO/USDT:USDT,0.13337,1153,0.13336,843,0.13338,1380,0.13339,137
1753600085014,07:08:05.014,mexc,AERGO/USDT:USDT,0.13337,1153,0.13336,965,0.13338,1380,0.13339,195
1753600085417,07:08:05.417,mexc,AERGO/USDT:USDT,0.13337,1153,0.13336,843,0.13338,1380,0.13339,195
1753600085515,07:08:05.515,mexc,AERGO/USDT:USDT,0.13337,1153,0.13336,1244,0.13338,1380,0.13339,137
1753600085918,07:08:05.918,mexc,AERGO/USDT:USDT,0.13337,1153,0.13336,1087,0.13338,1380,0.13339,137
1753600086013,07:08:06.013,mexc,AERGO/USDT:USDT,0.13337,1153,0.13336,1087,0.13338,1380,0.13339,176
1753600086321,07:08:06.321,mexc,AERGO/USDT:USDT,0.13337,1153,0.13336,843,0.13338,1380,0.13339,176
1753600086516,07:08:06.516,mexc,AERGO/USDT:USDT,0.13337,1153,0.13336,843,0.13338,1380,0.13339,170
1753600086821,07:08:06.821,mexc,AERGO/USDT:USDT,0.13337,1153,0.13336,843,0.13338,1380,0.13339,170
1753600087014,07:08:07.014,mexc,AERGO/USDT:USDT,0.13337,1153,0.13336,843,0.13338,1380,0.13339,180
1753600087322,07:08:07.322,mexc,AERGO/USDT:USDT,0.13337,1153,0.13336,843,0.13338,1380,0.13339,180
1753600087522,07:08:07.522,mexc,AERGO/USDT:USDT,0.13338,169,0.13337,860,0.13339,1012,0.1334,111
1753600087920,07:08:07.920,mexc,AERGO/USDT:USDT,0.13338,169,0.13337,860,0.13339,1012,0.1334,111
1753600088015,07:08:08.015,mexc,AERGO/USDT:USDT,0.13338,169,0.13337,860,0.13339,1012,0.1334,111
1753600088322,07:08:08.322,mexc,AERGO/USDT:USDT,0.13338,169,0.13337,860,0.13339,1012,0.1334,111
1753600088515,07:08:08.515,mexc,AERGO/USDT:USDT,0.13338,169,0.13337,860,0.13339,1012,0.1334,111
1753600088822,07:08:08.822,mexc,AERGO/USDT:USDT,0.13338,169,0.13337,860,0.13339,1012,0.1334,111
1753600089015,07:08:09.015,mexc,AERGO/USDT:USDT,0.13338,169,0.13337,860,0.13339,1012,0.1334,111
1753600089323,07:08:09.323,mexc,AERGO/USDT:USDT,0.13338,169,0.13337,860,0.13339,1012,0.1334,111
1753600089517,07:08:09.517,mexc,AERGO/USDT:USDT,0.13338,169,0.13337,860,0.13339,1012,0.1334,140
1753600089824,07:08:09.824,mexc,AERGO/USDT:USDT,0.13338,169,0.13337,860,0.13339,1012,0.1334,140
1753600090015,07:08:10.015,mexc,AERGO/USDT:USDT,0.13338,169,0.13337,977,0.13339,1012,0.1334,144
1753600090088,07:08:10.088,mexc,AERGO/USDT:USDT,0.13338,169,0.13337,977,0.13339,1012,0.1334,144
1753600090425,07:08:10.425,mexc,AERGO/USDT:USDT,0.13338,169,0.13337,1281,0.13339,1012,0.1334,111
1753600090516,07:08:10.516,mexc,AERGO/USDT:USDT,0.13338,169,0.13337,1281,0.13339,1012,0.1334,140
1753600090922,07:08:10.922,mexc,AERGO/USDT:USDT,0.13338,169,0.13337,860,0.13339,1012,0.1334,140
1753600091017,07:08:11.017,mexc,AERGO/USDT:USDT,0.13338,169,0.13337,860,0.13339,1012,0.1334,129
1753600091325,07:08:11.325,mexc,AERGO/USDT:USDT,0.13338,169,0.13337,860,0.13339,1012,0.1334,129
1753600091518,07:08:11.518,mexc,AERGO/USDT:USDT,0.13338,169,0.13337,948,0.13339,1012,0.1334,166
1753600091847,07:08:11.847,mexc,AERGO/USDT:USDT,0.13338,169,0.13337,948,0.13339,1012,0.1334,166
1753600092017,07:08:12.017,mexc,AERGO/USDT:USDT,0.13338,169,0.13337,1003,0.13339,1012,0.1334,111
1753600092324,07:08:12.324,mexc,AERGO/USDT:USDT,0.13338,169,0.13337,860,0.13339,1012,0.1334,111
1753600092517,07:08:12.517,mexc,AERGO/USDT:USDT,0.13338,169,0.13337,1124,0.13339,1012,0.1334,111
1753600092824,07:08:12.824,mexc,AERGO/USDT:USDT,0.13338,169,0.13337,860,0.13339,1012,0.1334,111
1753600093018,07:08:13.018,mexc,AERGO/USDT:USDT,0.13338,169,0.13337,860,0.13339,1012,0.1334,133
1753600093323,07:08:13.323,mexc,AERGO/USDT:USDT,0.13338,169,0.13337,860,0.13339,1012,0.1334,133
1753600093519,07:08:13.519,mexc,AERGO/USDT:USDT,0.13338,169,0.13337,1229,0.13341,321,0.13342,688
1753600093529,07:08:13.529,mexc,AERGO/USDT:USDT,0.1334,1300,0.13339,361,0.13341,321,0.13342,688
1753600094018,07:08:14.018,mexc,AERGO/USDT:USDT,0.1334,1300,0.13339,623,0.13341,321,0.13342,688
1753600094018,07:08:14.018,mexc,AERGO/USDT:USDT,0.1334,1300,0.13339,623,0.13341,321,0.13342,956
1753600094420,07:08:14.420,mexc,AERGO/USDT:USDT,0.1334,1300,0.13339,400,0.13341,321,0.13342,956
1753600094519,07:08:14.519,mexc,AERGO/USDT:USDT,0.1334,1300,0.13339,400,0.13341,321,0.13342,851
1753600094823,07:08:14.823,mexc,AERGO/USDT:USDT,0.1334,1300,0.13339,361,0.13341,321,0.13342,851
1753600095018,07:08:15.018,mexc,AERGO/USDT:USDT,0.1334,1300,0.13339,540,0.13341,321,0.13342,688
1753600095325,07:08:15.325,mexc,AERGO/USDT:USDT,0.1334,1300,0.13339,540,0.13341,321,0.13342,688
1753600095518,07:08:15.518,mexc,AERGO/USDT:USDT,0.1334,1300,0.13339,361,0.13341,321,0.13342,688
1753600095825,07:08:15.825,mexc,AERGO/USDT:USDT,0.1334,1300,0.13339,361,0.13341,321,0.13342,688
1753600096021,07:08:16.021,mexc,AERGO/USDT:USDT,0.1334,1300,0.13339,511,0.13341,321,0.13342,688
1753600096279,07:08:16.279,mexc,AERGO/USDT:USDT,0.1334,1300,0.13339,511,0.13341,321,0.13342,688
1753600096425,07:08:16.425,mexc,AERGO/USDT:USDT,0.1334,1300,0.13339,361,0.13341,321,0.13342,688
1753600096520,07:08:16.520,mexc,AERGO/USDT:USDT,0.1334,1300,0.13339,361,0.13341,321,0.13342,688
1753600096921,07:08:16.921,mexc,AERGO/USDT:USDT,0.1334,1300,0.13339,361,0.13341,321,0.13342,688
1753600097021,07:08:17.021,mexc,AERGO/USDT:USDT,0.1334,1300,0.13339,670,0.13341,321,0.13342,773
1753600097326,07:08:17.326,mexc,AERGO/USDT:USDT,0.1334,1300,0.13339,491,0.13341,321,0.13342,773
1753600097520,07:08:17.520,mexc,AERGO/USDT:USDT,0.1334,1300,0.13339,361,0.13341,321,0.13342,688
1753600097830,07:08:17.830,mexc,AERGO/USDT:USDT,0.1334,1300,0.13339,361,0.13341,321,0.13342,688
1753600098019,07:08:18.019,mexc,AERGO/USDT:USDT,0.1334,1300,0.13339,361,0.13341,321,0.13342,688
1753600098331,07:08:18.331,mexc,AERGO/USDT:USDT,0.1334,1300,0.13339,361,0.13341,321,0.13342,688
1753600098525,07:08:18.525,mexc,AERGO/USDT:USDT,0.1334,1300,0.13339,443,0.13341,321,0.13342,688
1753600098828,07:08:18.828,mexc,AERGO/USDT:USDT,0.1334,1300,0.13339,361,0.13341,321,0.13342,688
1753600099022,07:08:19.022,mexc,AERGO/USDT:USDT,0.1334,1300,0.13339,361,0.13341,321,0.13342,964
1753600099328,07:08:19.328,mexc,AERGO/USDT:USDT,0.1334,1300,0.13339,361,0.13341,321,0.13342,964
1753600099528,07:08:19.528,mexc,AERGO/USDT:USDT,0.13341,142,0.1334,804,0.13342,870,0.13343,234
1753600099925,07:08:19.925,mexc,AERGO/USDT:USDT,0.13341,142,0.1334,804,0.13342,870,0.13343,234
1753600100021,07:08:20.021,mexc,AERGO/USDT:USDT,0.13341,142,0.1334,804,0.13342,870,0.13343,280
1753600100328,07:08:20.328,mexc,AERGO/USDT:USDT,0.13341,142,0.1334,804,0.13342,870,0.13343,280
1753600100523,07:08:20.523,mexc,AERGO/USDT:USDT,0.13341,142,0.1334,804,0.13342,870,0.13343,350
1753600100828,07:08:20.828,mexc,AERGO/USDT:USDT,0.13341,142,0.1334,804,0.13342,870,0.13343,350
1753600101023,07:08:21.023,mexc,AERGO/USDT:USDT,0.13341,142,0.1334,947,0.13342,870,0.13343,234
1753600101329,07:08:21.329,mexc,AERGO/USDT:USDT,0.13341,142,0.1334,947,0.13342,870,0.13343,234
1753600101523,07:08:21.523,mexc,AERGO/USDT:USDT,0.13341,142,0.1334,804,0.13342,870,0.13343,234
1753600101829,07:08:21.829,mexc,AERGO/USDT:USDT,0.13341,142,0.1334,804,0.13342,870,0.13343,234
1753600102021,07:08:22.021,mexc,AERGO/USDT:USDT,0.13341,142,0.1334,804,0.13342,870,0.13343,282
1753600102282,07:08:22.282,mexc,AERGO/USDT:USDT,0.13341,142,0.1334,804,0.13342,870,0.13343,282
1753600102426,07:08:22.426,mexc,AERGO/USDT:USDT,0.13341,142,0.1334,804,0.13342,870,0.13343,234
1753600102525,07:08:22.525,mexc,AERGO/USDT:USDT,0.13341,142,0.1334,804,0.13342,870,0.13343,292
1753600102925,07:08:22.925,mexc,AERGO/USDT:USDT,0.13341,142,0.1334,804,0.13342,870,0.13343,234
1753600103022,07:08:23.022,mexc,AERGO/USDT:USDT,0.13341,142,0.1334,933,0.13342,870,0.13343,322
1753600103329,07:08:23.329,mexc,AERGO/USDT:USDT,0.13341,142,0.1334,804,0.13342,870,0.13343,322
1753600103524,07:08:23.524,mexc,AERGO/USDT:USDT,0.13341,142,0.1334,891,0.13342,870,0.13343,340
1753600103828,07:08:23.828,mexc,AERGO/USDT:USDT,0.13341,142,0.1334,804,0.13342,870,0.13343,340
1753600104024,07:08:24.024,mexc,AERGO/USDT:USDT,0.13341,142,0.1334,804,0.13342,870,0.13343,312
1753600104330,07:08:24.330,mexc,AERGO/USDT:USDT,0.13341,142,0.1334,804,0.13342,870,0.13343,312
1753600104524,07:08:24.524,mexc,AERGO/USDT:USDT,0.13341,142,0.1334,804,0.13342,870,0.13343,234
1753600104833,07:08:24.833,mexc,AERGO/USDT:USDT,0.13341,142,0.1334,804,0.13342,870,0.13343,234
1753600104928,07:08:24.928,mexc,AERGO/USDT:USDT,0.13341,142,0.1334,804,0.13342,870,0.13343,234
1753600105098,07:08:25.098,mexc,AERGO/USDT:USDT,0.13341,142,0.1334,804,0.13342,870,0.13343,273
1753600105501,07:08:25.501,mexc,AERGO/USDT:USDT,0.13341,142,0.1334,804,0.13342,870,0.13343,273
1753600105599,07:08:25.599,mexc,AERGO/USDT:USDT,0.13341,164,0.1334,629,0.13342,1085,0.13343,376
1753600105928,07:08:25.928,mexc,AERGO/USDT:USDT,0.13341,164,0.1334,629,0.13342,1085,0.13343,376
1753600106099,07:08:26.099,mexc,AERGO/USDT:USDT,0.13341,164,0.1334,629,0.13342,1085,0.13343,406
1753600106332,07:08:26.332,mexc,AERGO/USDT:USDT,0.13341,164,0.1334,629,0.13342,1085,0.13343,406
1753600106501,07:08:26.501,mexc,AERGO/USDT:USDT,0.13341,164,0.1334,629,0.13342,1085,0.13343,281
1753600106600,07:08:26.600,mexc,AERGO/USDT:USDT,0.13341,164,0.1334,629,0.13342,1085,0.13343,281
1753600107003,07:08:27.003,mexc,AERGO/USDT:USDT,0.13341,164,0.1334,629,0.13342,1085,0.13343,281
1753600107098,07:08:27.098,mexc,AERGO/USDT:USDT,0.13341,164,0.1334,629,0.13342,1085,0.13343,371
1753600107429,07:08:27.429,mexc,AERGO/USDT:USDT,0.13341,164,0.1334,813,0.13342,1085,0.13343,371
1753600107598,07:08:27.598,mexc,AERGO/USDT:USDT,0.13341,164,0.1334,1113,0.13342,1085,0.13343,281
1753600107830,07:08:27.830,mexc,AERGO/USDT:USDT,0.13341,164,0.1334,929,0.13342,1085,0.13343,281
1753600108002,07:08:28.002,mexc,AERGO/USDT:USDT,0.13341,164,0.1334,781,0.13342,1085,0.13343,281
1753600108285,07:08:28.285,mexc,AERGO/USDT:USDT,0.13341,164,0.1334,781,0.13342,1085,0.13343,281
1753600108427,07:08:28.427,mexc,AERGO/USDT:USDT,0.13341,164,0.1334,940,0.13342,1085,0.13343,281
1753600108600,07:08:28.600,mexc,AERGO/USDT:USDT,0.13341,164,0.1334,940,0.13342,1085,0.13343,358
1753600108936,07:08:28.936,mexc,AERGO/USDT:USDT,0.13341,164,0.1334,858,0.13342,1085,0.13343,358
1753600109102,07:08:29.102,mexc,AERGO/USDT:USDT,0.13341,164,0.1334,858,0.13342,1085,0.13343,330
1753600109430,07:08:29.430,mexc,AERGO/USDT:USDT,0.13341,164,0.1334,629,0.13342,1085,0.13343,330
1753600109600,07:08:29.600,mexc,AERGO/USDT:USDT,0.13341,164,0.1334,857,0.13342,1085,0.13343,281
1753600109832,07:08:29.832,mexc,AERGO/USDT:USDT,0.13341,164,0.1334,857,0.13342,1085,0.13343,281
1753600110003,07:08:30.003,mexc,AERGO/USDT:USDT,0.13341,164,0.1334,904,0.13342,1085,0.13343,281
1753600110102,07:08:30.102,mexc,AERGO/USDT:USDT,0.13341,164,0.1334,904,0.13342,1085,0.13343,340
1753600110503,07:08:30.503,mexc,AERGO/USDT:USDT,0.13341,164,0.1334,629,0.13342,1085,0.13343,281
1753600110601,07:08:30.601,mexc,AERGO/USDT:USDT,0.13341,164,0.1334,629,0.13342,1085,0.13343,329
1753600110931,07:08:30.931,mexc,AERGO/USDT:USDT,0.13341,164,0.1334,629,0.13342,1085,0.13343,329
1753600111101,07:08:31.101,mexc,AERGO/USDT:USDT,0.13341,164,0.1334,629,0.13342,1085,0.13343,281
1753600111431,07:08:31.431,mexc,AERGO/USDT:USDT,0.13341,164,0.1334,629,0.13342,1085,0.13343,281
1753600111600,07:08:31.600,mexc,AERGO/USDT:USDT,0.13339,47,0.13338,771,0.1334,1174,0.13341,1600
1753600111930,07:08:31.930,mexc,AERGO/USDT:USDT,0.13339,47,0.13338,771,0.1334,1174,0.13341,1600
1753600112101,07:08:32.101,mexc,AERGO/USDT:USDT,0.13339,47,0.13338,771,0.1334,1174,0.13341,1402
1753600112334,07:08:32.334,mexc,AERGO/USDT:USDT,0.13339,47,0.13338,771,0.1334,1174,0.13341,1402
1753600112505,07:08:32.505,mexc,AERGO/USDT:USDT,0.13339,47,0.13338,771,0.1334,1174,0.13341,1173
1753600112601,07:08:32.601,mexc,AERGO/USDT:USDT,0.13339,47,0.13338,771,0.1334,1174,0.13341,1173
1753600113004,07:08:33.004,mexc,AERGO/USDT:USDT,0.13339,47,0.13338,1014,0.1334,1174,0.13341,1173
1753600113102,07:08:33.102,mexc,AERGO/USDT:USDT,0.13339,47,0.13338,1014,0.1334,1174,0.13341,1374
1753600113431,07:08:33.431,mexc,AERGO/USDT:USDT,0.13339,47,0.13338,771,0.1334,1174,0.13341,1374
1753600113600,07:08:33.600,mexc,AERGO/USDT:USDT,0.13339,47,0.13338,771,0.1334,1174,0.13341,1365
1753600113834,07:08:33.834,mexc,AERGO/USDT:USDT,0.13339,47,0.13338,771,0.1334,1174,0.13341,1365
1753600114004,07:08:34.004,mexc,AERGO/USDT:USDT,0.13339,47,0.13338,771,0.1334,1174,0.13341,1173
1753600114285,07:08:34.285,mexc,AERGO/USDT:USDT,0.13339,47,0.13338,771,0.1334,1174,0.13341,1173
1753600114434,07:08:34.434,mexc,AERGO/USDT:USDT,0.13339,47,0.13338,851,0.1334,1174,0.13341,1173
1753600114601,07:08:34.601,mexc,AERGO/USDT:USDT,0.13339,47,0.13338,851,0.1334,1174,0.13341,1545
1753600114972,07:08:34.972,mexc,AERGO/USDT:USDT,0.13339,47,0.13338,771,0.1334,1174,0.13341,1545
1753600115101,07:08:35.101,mexc,AERGO/USDT:USDT,0.13339,47,0.13338,771,0.1334,1174,0.13341,1173
1753600115375,07:08:35.375,mexc,AERGO/USDT:USDT,0.13339,47,0.13338,771,0.1334,1174,0.13341,1173
1753600115505,07:08:35.505,mexc,AERGO/USDT:USDT,0.13339,47,0.13338,771,0.1334,1174,0.13341,1173
1753600115604,07:08:35.604,mexc,AERGO/USDT:USDT,0.13339,47,0.13338,771,0.1334,1174,0.13341,1173
1753600116005,07:08:36.005,mexc,AERGO/USDT:USDT,0.13339,47,0.13338,771,0.1334,1174,0.13341,1173
1753600116102,07:08:36.102,mexc,AERGO/USDT:USDT,0.13339,47,0.13338,771,0.1334,1174,0.13341,1173
1753600116435,07:08:36.435,mexc,AERGO/USDT:USDT,0.13339,47,0.13338,1129,0.1334,1174,0.13341,1173
1753600116603,07:08:36.603,mexc,AERGO/USDT:USDT,0.13339,47,0.13338,1129,0.1334,1174,0.13341,1173
1753600116838,07:08:36.838,mexc,AERGO/USDT:USDT,0.13339,47,0.13338,771,0.1334,1174,0.13341,1173
1753600117006,07:08:37.006,mexc,AERGO/USDT:USDT,0.13339,47,0.13338,1352,0.1334,1174,0.13341,1173
1753600117101,07:08:37.101,mexc,AERGO/USDT:USDT,0.13339,47,0.13338,1352,0.1334,1174,0.13341,1566
1753600117486,07:08:37.486,mexc,AERGO/USDT:USDT,0.13347,176,0.13346,966,0.13348,3070,0.13349,2253
1753600117604,07:08:37.604,mexc,AERGO/USDT:USDT,0.13347,176,0.13346,966,0.13348,3070,0.13349,2253
1753600118007,07:08:38.007,mexc,AERGO/USDT:USDT,0.13347,176,0.13346,966,0.13348,3070,0.13349,2253
1753600118104,07:08:38.104,mexc,AERGO/USDT:USDT,0.13347,176,0.13346,966,0.13348,3070,0.13349,2297
1753600118435,07:08:38.435,mexc,AERGO/USDT:USDT,0.13347,176,0.13346,1349,0.13348,3070,0.13349,2297
1753600118604,07:08:38.604,mexc,AERGO/USDT:USDT,0.13347,176,0.13346,1349,0.13348,3070,0.13349,2253
1753600118839,07:08:38.839,mexc,AERGO/USDT:USDT,0.13347,176,0.13346,966,0.13348,3070,0.13349,2253
1753600119007,07:08:39.007,mexc,AERGO/USDT:USDT,0.13347,176,0.13346,966,0.13348,3070,0.13349,2253
1753600119105,07:08:39.105,mexc,AERGO/USDT:USDT,0.13347,176,0.13346,966,0.13348,3070,0.13349,2279
1753600119507,07:08:39.507,mexc,AERGO/USDT:USDT,0.13347,176,0.13346,1071,0.13348,3070,0.13349,2253
1753600119605,07:08:39.605,mexc,AERGO/USDT:USDT,0.13347,176,0.13346,1071,0.13348,3070,0.13349,2253
1753600120007,07:08:40.007,mexc,AERGO/USDT:USDT,0.13347,176,0.13346,1148,0.13348,3070,0.13349,2253
1753600120108,07:08:40.108,mexc,AERGO/USDT:USDT,0.13347,176,0.13346,1148,0.13348,3070,0.13349,2253
1753600120436,07:08:40.436,mexc,AERGO/USDT:USDT,0.13347,176,0.13346,966,0.13348,3070,0.13349,2253
1753600120606,07:08:40.606,mexc,AERGO/USDT:USDT,0.13347,176,0.13346,966,0.13348,3070,0.13349,2253
1753600120841,07:08:40.841,mexc,AERGO/USDT:USDT,0.13347,176,0.13346,966,0.13348,3070,0.13349,2253
1753600121009,07:08:41.009,mexc,AERGO/USDT:USDT,0.13347,176,0.13346,966,0.13348,3070,0.13349,2253
1753600121108,07:08:41.108,mexc,AERGO/USDT:USDT,0.13347,176,0.13346,966,0.13348,3070,0.13349,2253
1753600121508,07:08:41.508,mexc,AERGO/USDT:USDT,0.13347,176,0.13346,1110,0.13348,3070,0.13349,2253
1753600121607,07:08:41.607,mexc,AERGO/USDT:USDT,0.13347,176,0.13346,1110,0.13348,3070,0.13349,2253
1753600122009,07:08:42.009,mexc,AERGO/USDT:USDT,0.13347,176,0.13346,966,0.13348,3070,0.13349,2253
1753600122108,07:08:42.108,mexc,AERGO/USDT:USDT,0.13347,176,0.13346,966,0.13348,3070,0.13349,2253
1753600122530,07:08:42.530,mexc,AERGO/USDT:USDT,0.13347,176,0.13346,966,0.13348,3200,0.13349,2253
1753600122606,07:08:42.606,mexc,AERGO/USDT:USDT,0.13347,1420,0.13346,340,0.13348,130,0.13349,929
1753600122940,07:08:42.940,mexc,AERGO/USDT:USDT,0.13347,1420,0.13346,340,0.13348,130,0.13349,929
1753600123107,07:08:43.107,mexc,AERGO/USDT:USDT,0.13347,1420,0.13346,340,0.13348,130,0.13349,835
1753600123439,07:08:43.439,mexc,AERGO/USDT:USDT,0.13347,1420,0.13346,340,0.13348,130,0.13349,835
1753600123606,07:08:43.606,mexc,AERGO/USDT:USDT,0.13347,1420,0.13346,340,0.13348,130,0.13349,835
1753600123843,07:08:43.843,mexc,AERGO/USDT:USDT,0.13347,1420,0.13346,340,0.13348,130,0.13349,835
1753600124009,07:08:44.009,mexc,AERGO/USDT:USDT,0.13347,1420,0.13346,340,0.13348,130,0.13349,835
1753600124108,07:08:44.108,mexc,AERGO/USDT:USDT,0.13347,1420,0.13346,340,0.13348,130,0.13349,1026
1753600124511,07:08:44.511,mexc,AERGO/USDT:USDT,0.13347,1420,0.13346,430,0.13348,130,0.13349,835
1753600124606,07:08:44.606,mexc,AERGO/USDT:USDT,0.13347,1420,0.13346,430,0.13348,130,0.13349,1101
1753600124940,07:08:44.940,mexc,AERGO/USDT:USDT,0.13347,1420,0.13346,340,0.13348,130,0.13349,1101
1753600125107,07:08:45.107,mexc,AERGO/USDT:USDT,0.13347,1420,0.13346,340,0.13348,130,0.13349,923
1753600125343,07:08:45.343,mexc,AERGO/USDT:USDT,0.13347,1420,0.13346,340,0.13348,130,0.13349,923
1753600125511,07:08:45.511,mexc,AERGO/USDT:USDT,0.13347,1420,0.13346,340,0.13348,130,0.13349,835
1753600125608,07:08:45.608,mexc,AERGO/USDT:USDT,0.13347,1420,0.13346,340,0.13348,130,0.13349,835
1753600126011,07:08:46.011,mexc,AERGO/USDT:USDT,0.13347,1420,0.13346,448,0.13348,130,0.13349,835
1753600126191,07:08:46.191,mexc,AERGO/USDT:USDT,0.13347,1420,0.13346,448,0.13348,130,0.13349,835
1753600126441,07:08:46.441,mexc,AERGO/USDT:USDT,0.13347,1420,0.13346,340,0.13348,130,0.13349,835
1753600126608,07:08:46.608,mexc,AERGO/USDT:USDT,0.13347,1420,0.13346,340,0.13348,130,0.13349,835
1753600126847,07:08:46.847,mexc,AERGO/USDT:USDT,0.13347,1420,0.13346,340,0.13348,130,0.13349,835
1753600127011,07:08:47.011,mexc,AERGO/USDT:USDT,0.13347,1420,0.13346,340,0.13348,130,0.13349,835
1753600127108,07:08:47.108,mexc,AERGO/USDT:USDT,0.13347,1420,0.13346,340,0.13348,130,0.13349,835
1753600127512,07:08:47.512,mexc,AERGO/USDT:USDT,0.13347,1420,0.13346,340,0.13348,130,0.13349,835
1753600127609,07:08:47.609,mexc,AERGO/USDT:USDT,0.13347,1420,0.13346,340,0.13348,130,0.13349,1552
1753600127943,07:08:47.943,mexc,AERGO/USDT:USDT,0.13347,1420,0.13346,448,0.13348,130,0.13349,1552
1753600128108,07:08:48.108,mexc,AERGO/USDT:USDT,0.13347,1420,0.13346,448,0.13348,130,0.13349,835
1753600128344,07:08:48.344,mexc,AERGO/USDT:USDT,0.13347,1420,0.13346,340,0.13348,130,0.13349,835
1753600128543,07:08:48.543,mexc,AERGO/USDT:USDT,0.13348,51,0.13347,2793,0.13349,126,0.1335,1067
1753600128609,07:08:48.609,mexc,AERGO/USDT:USDT,0.13348,51,0.13347,1373,0.13349,126,0.1335,1595
1753600129012,07:08:49.012,mexc,AERGO/USDT:USDT,0.13348,51,0.13347,1373,0.13349,126,0.1335,1595
1753600129110,07:08:49.110,mexc,AERGO/USDT:USDT,0.13348,51,0.13347,1373,0.13349,126,0.1335,1733
1753600129442,07:08:49.442,mexc,AERGO/USDT:USDT,0.13348,51,0.13347,1373,0.13349,126,0.1335,1733
1753600129610,07:08:49.610,mexc,AERGO/USDT:USDT,0.13348,51,0.13347,1373,0.13349,126,0.1335,1363
1753600129844,07:08:49.844,mexc,AERGO/USDT:USDT,0.13348,51,0.13347,1373,0.13349,126,0.1335,1363
1753600130013,07:08:50.013,mexc,AERGO/USDT:USDT,0.13348,51,0.13347,1373,0.13349,126,0.1335,1067
1753600130110,07:08:50.110,mexc,AERGO/USDT:USDT,0.13348,51,0.13347,1373,0.13349,126,0.1335,1067
1753600130514,07:08:50.514,mexc,AERGO/USDT:USDT,0.13348,51,0.13347,1373,0.13349,126,0.1335,1067
1753600130609,07:08:50.609,mexc,AERGO/USDT:USDT,0.13348,51,0.13347,1373,0.13349,126,0.1335,1411
1753600130942,07:08:50.942,mexc,AERGO/USDT:USDT,0.13348,51,0.13347,1373,0.13349,126,0.1335,1411
1753600131112,07:08:51.112,mexc,AERGO/USDT:USDT,0.13348,51,0.13347,1373,0.13349,126,0.1335,1599
1753600131343,07:08:51.343,mexc,AERGO/USDT:USDT,0.13348,51,0.13347,1373,0.13349,126,0.1335,1599
1753600131515,07:08:51.515,mexc,AERGO/USDT:USDT,0.13348,51,0.13347,1982,0.13349,126,0.1335,1067
1753600131611,07:08:51.611,mexc,AERGO/USDT:USDT,0.13348,51,0.13347,1982,0.13349,126,0.1335,1189
1753600132014,07:08:52.014,mexc,AERGO/USDT:USDT,0.13348,51,0.13347,1533,0.13349,126,0.1335,1067
1753600132194,07:08:52.194,mexc,AERGO/USDT:USDT,0.13348,51,0.13347,1533,0.13349,126,0.1335,1067
1753600132442,07:08:52.442,mexc,AERGO/USDT:USDT,0.13348,51,0.13347,1373,0.13349,126,0.1335,1067
1753600132612,07:08:52.612,mexc,AERGO/USDT:USDT,0.13348,51,0.13347,1971,0.13349,126,0.1335,1822
1753600132843,07:08:52.843,mexc,AERGO/USDT:USDT,0.13348,51,0.13347,1971,0.13349,126,0.1335,1822
1753600133014,07:08:53.014,mexc,AERGO/USDT:USDT,0.13348,51,0.13347,1373,0.13349,126,0.1335,1067
1753600133111,07:08:53.111,mexc,AERGO/USDT:USDT,0.13348,51,0.13347,1373,0.13349,126,0.1335,1382
1753600133516,07:08:53.516,mexc,AERGO/USDT:USDT,0.13348,51,0.13347,1987,0.13349,126,0.1335,1067
1753600133611,07:08:53.611,mexc,AERGO/USDT:USDT,0.13348,51,0.13347,1987,0.13349,126,0.1335,1067
1753600133943,07:08:53.943,mexc,AERGO/USDT:USDT,0.13348,51,0.13347,1373,0.13349,126,0.1335,1067
1753600134113,07:08:54.113,mexc,AERGO/USDT:USDT,0.13348,51,0.13347,1373,0.13349,126,0.1335,1067
1753600134346,07:08:54.346,mexc,AERGO/USDT:USDT,0.13348,51,0.13347,1373,0.13349,126,0.1335,1067
1753600134548,07:08:54.548,mexc,AERGO/USDT:USDT,0.13348,54,0.13347,1055,0.13349,134,0.1335,79
1753600134614,07:08:54.614,mexc,AERGO/USDT:USDT,0.13348,54,0.13347,1055,0.13349,134,0.1335,79
1753600135017,07:08:55.017,mexc,AERGO/USDT:USDT,0.13348,54,0.13347,1315,0.13349,134,0.1335,79
1753600135114,07:08:55.114,mexc,AERGO/USDT:USDT,0.13348,54,0.13347,1315,0.13349,134,0.1335,105
1753600135444,07:08:55.444,mexc,AERGO/USDT:USDT,0.13348,54,0.13347,1055,0.13349,134,0.1335,105
1753600135614,07:08:55.614,mexc,AERGO/USDT:USDT,0.13348,54,0.13347,1164,0.13349,134,0.1335,79
1753600135847,07:08:55.847,mexc,AERGO/USDT:USDT,0.13348,54,0.13347,1164,0.13349,134,0.1335,79
1753600136017,07:08:56.017,mexc,AERGO/USDT:USDT,0.13348,54,0.13347,1284,0.13349,134,0.1335,79
1753600136114,07:08:56.114,mexc,AERGO/USDT:USDT,0.13348,54,0.13347,1284,0.13349,134,0.1335,134
1753600136517,07:08:56.517,mexc,AERGO/USDT:USDT,0.13348,54,0.13347,1055,0.13349,134,0.1335,98
1753600136613,07:08:56.613,mexc,AERGO/USDT:USDT,0.13348,54,0.13347,1055,0.13349,134,0.1335,115
1753600136949,07:08:56.949,mexc,AERGO/USDT:USDT,0.13348,54,0.13347,1055,0.13349,134,0.1335,115
1753600137114,07:08:57.114,mexc,AERGO/USDT:USDT,0.13348,54,0.13347,1055,0.13349,134,0.1335,95
1753600137447,07:08:57.447,mexc,AERGO/USDT:USDT,0.13348,54,0.13347,1416,0.13349,134,0.1335,95
1753600137615,07:08:57.615,mexc,AERGO/USDT:USDT,0.13348,54,0.13347,1416,0.13349,134,0.1335,79
1753600137945,07:08:57.945,mexc,AERGO/USDT:USDT,0.13348,54,0.13347,1278,0.13349,134,0.1335,79
1753600138115,07:08:58.115,mexc,AERGO/USDT:USDT,0.13348,54,0.13347,1278,0.13349,134,0.1335,79
1753600138364,07:08:58.364,mexc,AERGO/USDT:USDT,0.13348,54,0.13347,1055,0.13349,134,0.1335,79
1753600138518,07:08:58.518,mexc,AERGO/USDT:USDT,0.13348,54,0.13347,1182,0.13349,134,0.1335,79
1753600138615,07:08:58.615,mexc,AERGO/USDT:USDT,0.13348,54,0.13347,1182,0.13349,134,0.1335,109
1753600139018,07:08:59.018,mexc,AERGO/USDT:USDT,0.13348,54,0.13347,1270,0.13349,134,0.1335,79
1753600139115,07:08:59.115,mexc,AERGO/USDT:USDT,0.13348,54,0.13347,1270,0.13349,134,0.1335,101
1753600139446,07:08:59.446,mexc,AERGO/USDT:USDT,0.13348,54,0.13347,1055,0.13349,134,0.1335,101
1753600139614,07:08:59.614,mexc,AERGO/USDT:USDT,0.13348,54,0.13347,1173,0.13349,134,0.1335,123
1753600139847,07:08:59.847,mexc,AERGO/USDT:USDT,0.13348,54,0.13347,1173,0.13349,134,0.1335,123
1753600140017,07:09:00.017,mexc,AERGO/USDT:USDT,0.13348,54,0.13347,1055,0.13349,134,0.1335,79
1753600140115,07:09:00.115,mexc,AERGO/USDT:USDT,0.13348,54,0.13347,1055,0.13349,134,0.1335,108
1753600140517,07:09:00.517,mexc,AERGO/USDT:USDT,0.13348,54,0.13347,1480,0.13349,134,0.1335,79
1753600140615,07:09:00.615,mexc,AERGO/USDT:USDT,0.13348,74,0.13347,784,0.13349,88,0.1335,81
1753600140948,07:09:00.948,mexc,AERGO/USDT:USDT,0.13348,74,0.13347,784,0.13349,88,0.1335,81
1753600141115,07:09:01.115,mexc,AERGO/USDT:USDT,0.13348,74,0.13347,1020,0.13349,88,0.1335,101
1753600141350,07:09:01.350,mexc,AERGO/USDT:USDT,0.13348,74,0.13347,1020,0.13349,88,0.1335,101
1753600141518,07:09:01.518,mexc,AERGO/USDT:USDT,0.13348,74,0.13347,1057,0.13349,88,0.1335,81
1753600141616,07:09:01.616,mexc,AERGO/USDT:USDT,0.13348,74,0.13347,1057,0.13349,88,0.1335,81
1753600142017,07:09:02.017,mexc,AERGO/USDT:USDT,0.13348,74,0.13347,1155,0.13349,88,0.1335,81
1753600142116,07:09:02.116,mexc,AERGO/USDT:USDT,0.13348,74,0.13347,1155,0.13349,88,0.1335,81
1753600142522,07:09:02.522,mexc,AERGO/USDT:USDT,0.13348,74,0.13347,784,0.13349,88,0.1335,81
1753600142615,07:09:02.615,mexc,AERGO/USDT:USDT,0.13348,74,0.13347,784,0.13349,88,0.1335,81
1753600142949,07:09:02.949,mexc,AERGO/USDT:USDT,0.13348,74,0.13347,784,0.13349,88,0.1335,81
1753600143116,07:09:03.116,mexc,AERGO/USDT:USDT,0.13348,74,0.13347,943,0.13349,88,0.1335,81
1753600143350,07:09:03.350,mexc,AERGO/USDT:USDT,0.13348,74,0.13347,943,0.13349,88,0.1335,81
1753600143520,07:09:03.520,mexc,AERGO/USDT:USDT,0.13348,74,0.13347,784,0.13349,88,0.1335,81
1753600143618,07:09:03.618,mexc,AERGO/USDT:USDT,0.13348,74,0.13347,784,0.13349,88,0.1335,81
1753600144022,07:09:04.022,mexc,AERGO/USDT:USDT,0.13348,74,0.13347,1011,0.13349,88,0.1335,81
1753600144203,07:09:04.203,mexc,AERGO/USDT:USDT,0.13348,74,0.13347,1011,0.13349,88,0.1335,113
1753600144445,07:09:04.445,mexc,AERGO/USDT:USDT,0.13348,74,0.13347,926,0.13349,88,0.1335,113
1753600144617,07:09:04.617,mexc,AERGO/USDT:USDT,0.13348,74,0.13347,926,0.13349,88,0.1335,81
1753600144850,07:09:04.850,mexc,AERGO/USDT:USDT,0.13348,74,0.13347,784,0.13349,88,0.1335,81
1753600145023,07:09:05.023,mexc,AERGO/USDT:USDT,0.13348,74,0.13347,1047,0.13349,88,0.1335,81
1753600145118,07:09:05.118,mexc,AERGO/USDT:USDT,0.13348,74,0.13347,1047,0.13349,88,0.1335,120
1753600145521,07:09:05.521,mexc,AERGO/USDT:USDT,0.13348,74,0.13347,1123,0.13349,88,0.1335,91
1753600145617,07:09:05.617,mexc,AERGO/USDT:USDT,0.13348,74,0.13347,1123,0.13349,88,0.1335,120
1753600145946,07:09:05.946,mexc,AERGO/USDT:USDT,0.13348,74,0.13347,784,0.13349,88,0.1335,120
1753600146118,07:09:06.118,mexc,AERGO/USDT:USDT,0.13348,74,0.13347,784,0.13349,88,0.1335,81
1753600146349,07:09:06.349,mexc,AERGO/USDT:USDT,0.13348,74,0.13347,784,0.13349,88,0.1335,81
1753600146548,07:09:06.548,mexc,AERGO/USDT:USDT,0.13351,983,0.1335,96,0.13352,93,0.13353,48
1753600146620,07:09:06.620,mexc,AERGO/USDT:USDT,0.13351,983,0.1335,96,0.13352,93,0.13353,48
1753600147022,07:09:07.022,mexc,AERGO/USDT:USDT,0.13351,983,0.1335,147,0.13352,93,0.13353,48
1753600147117,07:09:07.117,mexc,AERGO/USDT:USDT,0.13351,983,0.1335,147,0.13352,93,0.13353,48
1753600147447,07:09:07.447,mexc,AERGO/USDT:USDT,0.13351,983,0.1335,96,0.13352,93,0.13353,48
1753600147618,07:09:07.618,mexc,AERGO/USDT:USDT,0.13351,983,0.1335,96,0.13352,93,0.13353,48
1753600147851,07:09:07.851,mexc,AERGO/USDT:USDT,0.13351,983,0.1335,96,0.13352,93,0.13353,48
1753600148022,07:09:08.022,mexc,AERGO/USDT:USDT,0.13351,983,0.1335,96,0.13352,93,0.13353,48
1753600148118,07:09:08.118,mexc,AERGO/USDT:USDT,0.13351,983,0.1335,96,0.13352,93,0.13353,64
1753600148522,07:09:08.522,mexc,AERGO/USDT:USDT,0.13351,983,0.1335,96,0.13352,93,0.13353,48
1753600148619,07:09:08.619,mexc,AERGO/USDT:USDT,0.13351,983,0.1335,96,0.13352,93,0.13353,48
1753600148998,07:09:08.998,mexc,AERGO/USDT:USDT,0.13351,983,0.1335,96,0.13352,93,0.13353,48
1753600149118,07:09:09.118,mexc,AERGO/USDT:USDT,0.13351,983,0.1335,96,0.13352,93,0.13353,48
1753600149402,07:09:09.402,mexc,AERGO/USDT:USDT,0.13351,983,0.1335,96,0.13352,93,0.13353,48
1753600149522,07:09:09.522,mexc,AERGO/USDT:USDT,0.13351,983,0.1335,136,0.13352,93,0.13353,48
1753600149620,07:09:09.620,mexc,AERGO/USDT:USDT,0.13351,983,0.1335,136,0.13352,93,0.13353,70
1753600150026,07:09:10.026,mexc,AERGO/USDT:USDT,0.13351,983,0.1335,96,0.13352,93,0.13353,70
1753600150211,07:09:10.211,mexc,AERGO/USDT:USDT,0.13351,983,0.1335,96,0.13352,93,0.13353,56
1753600150500,07:09:10.500,mexc,AERGO/USDT:USDT,0.13351,983,0.1335,141,0.13352,93,0.13353,56
1753600150620,07:09:10.620,mexc,AERGO/USDT:USDT,0.13351,983,0.1335,141,0.13352,93,0.13353,48
1753600150998,07:09:10.998,mexc,AERGO/USDT:USDT,0.13351,983,0.1335,96,0.13352,93,0.13353,48
1753600151120,07:09:11.120,mexc,AERGO/USDT:USDT,0.13351,983,0.1335,96,0.13352,93,0.13353,48
1753600151403,07:09:11.403,mexc,AERGO/USDT:USDT,0.13351,983,0.1335,96,0.13352,93,0.13353,48
1753600151524,07:09:11.524,mexc,AERGO/USDT:USDT,0.13351,983,0.1335,108,0.13352,93,0.13353,48
1753600151621,07:09:11.621,mexc,AERGO/USDT:USDT,0.13351,983,0.1335,108,0.13352,93,0.13353,48
1753600152025,07:09:12.025,mexc,AERGO/USDT:USDT,0.13351,983,0.1335,96,0.13352,93,0.13353,48
1753600152126,07:09:12.126,mexc,AERGO/USDT:USDT,0.13351,983,0.1335,96,0.13352,93,0.13353,63
1753600152501,07:09:12.501,mexc,AERGO/USDT:USDT,0.13351,983,0.1335,131,0.13352,93,0.13353,63
1753600152621,07:09:12.621,mexc,AERGO/USDT:USDT,0.13355,1116,0.13354,106,0.13356,47,0.13357,142
1753600153001,07:09:13.001,mexc,AERGO/USDT:USDT,0.13355,1116,0.13354,106,0.13356,47,0.13357,142
1753600153122,07:09:13.122,mexc,AERGO/USDT:USDT,0.13355,1116,0.13354,106,0.13356,47,0.13357,109
1753600153411,07:09:13.411,mexc,AERGO/USDT:USDT,0.13355,1116,0.13354,106,0.13356,47,0.13357,109
1753600153525,07:09:13.525,mexc,AERGO/USDT:USDT,0.13355,1116,0.13354,106,0.13356,47,0.13357,109
1753600153623,07:09:13.623,mexc,AERGO/USDT:USDT,0.13355,1116,0.13354,106,0.13356,47,0.13357,160
1753600154026,07:09:14.026,mexc,AERGO/USDT:USDT,0.13355,1116,0.13354,106,0.13356,47,0.13357,160
1753600154124,07:09:14.124,mexc,AERGO/USDT:USDT,0.13355,1116,0.13354,106,0.13356,47,0.13357,109
1753600154500,07:09:14.500,mexc,AERGO/USDT:USDT,0.13355,1116,0.13354,106,0.13356,47,0.13357,109
1753600154624,07:09:14.624,mexc,AERGO/USDT:USDT,0.13355,1116,0.13354,106,0.13356,47,0.13357,109
1753600154904,07:09:14.904,mexc,AERGO/USDT:USDT,0.13355,1116,0.13354,106,0.13356,47,0.13357,109
1753600155032,07:09:15.032,mexc,AERGO/USDT:USDT,0.13355,1116,0.13354,118,0.13356,47,0.13357,109
1753600155293,07:09:15.293,mexc,AERGO/USDT:USDT,0.13355,1116,0.13354,118,0.13356,47,0.13357,109
1753600155527,07:09:15.527,mexc,AERGO/USDT:USDT,0.13355,1116,0.13354,106,0.13356,47,0.13357,109
1753600155624,07:09:15.624,mexc,AERGO/USDT:USDT,0.13355,1116,0.13354,106,0.13356,47,0.13357,109
1753600156030,07:09:16.030,mexc,AERGO/USDT:USDT,0.13355,1116,0.13354,106,0.13356,47,0.13357,109
1753600156123,07:09:16.123,mexc,AERGO/USDT:USDT,0.13355,1116,0.13354,106,0.13356,47,0.13357,109
1753600156437,07:09:16.437,mexc,AERGO/USDT:USDT,0.13355,1116,0.13354,106,0.13356,47,0.13357,109
1753600156624,07:09:16.624,mexc,AERGO/USDT:USDT,0.13355,1116,0.13354,106,0.13356,47,0.13357,109
1753600156904,07:09:16.904,mexc,AERGO/USDT:USDT,0.13355,1116,0.13354,106,0.13356,47,0.13357,109
1753600157026,07:09:17.026,mexc,AERGO/USDT:USDT,0.13355,1116,0.13354,184,0.13356,47,0.13357,109
1753600157134,07:09:17.134,mexc,AERGO/USDT:USDT,0.13355,1116,0.13354,184,0.13356,47,0.13357,109
1753600157527,07:09:17.527,mexc,AERGO/USDT:USDT,0.13355,1116,0.13354,106,0.13356,47,0.13357,109
1753600157624,07:09:17.624,mexc,AERGO/USDT:USDT,0.13355,1116,0.13354,106,0.13356,47,0.13357,109
1753600158029,07:09:18.029,mexc,AERGO/USDT:USDT,0.13355,1116,0.13354,106,0.13356,47,0.13357,109
1753600158125,07:09:18.125,mexc,AERGO/USDT:USDT,0.13355,1116,0.13354,106,0.13356,47,0.13357,109
1753600158503,07:09:18.503,mexc,AERGO/USDT:USDT,0.13355,1116,0.13354,106,0.13356,47,0.13357,109
1753600158627,07:09:18.627,mexc,AERGO/USDT:USDT,0.13356,1132,0.13355,93,0.13357,103,0.13358,166
1753600159004,07:09:19.004,mexc,AERGO/USDT:USDT,0.13356,1132,0.13355,93,0.13357,103,0.13358,166
1753600159127,07:09:19.127,mexc,AERGO/USDT:USDT,0.13356,1132,0.13355,93,0.13357,103,0.13358,218
1753600159409,07:09:19.409,mexc,AERGO/USDT:USDT,0.13356,1132,0.13355,93,0.13357,103,0.13358,218
1753600159528,07:09:19.528,mexc,AERGO/USDT:USDT,0.13356,1132,0.13355,126,0.13357,103,0.13358,141
1753600159625,07:09:19.625,mexc,AERGO/USDT:USDT,0.13356,1132,0.13355,126,0.13357,103,0.13358,141
1753600160030,07:09:20.030,mexc,AERGO/USDT:USDT,0.13356,1132,0.13355,93,0.13357,103,0.13358,141
1753600160126,07:09:20.126,mexc,AERGO/USDT:USDT,0.13356,1132,0.13355,93,0.13357,103,0.13358,141
1753600160506,07:09:20.506,mexc,AERGO/USDT:USDT,0.13356,1132,0.13355,93,0.13357,103,0.13358,141
1753600160628,07:09:20.628,mexc,AERGO/USDT:USDT,0.13356,1132,0.13355,93,0.13357,103,0.13358,141
1753600160909,07:09:20.909,mexc,AERGO/USDT:USDT,0.13356,1132,0.13355,93,0.13357,103,0.13358,141
1753600161030,07:09:21.030,mexc,AERGO/USDT:USDT,0.13356,1132,0.13355,132,0.13357,103,0.13358,141
1753600161310,07:09:21.310,mexc,AERGO/USDT:USDT,0.13356,1132,0.13355,132,0.13357,103,0.13358,202
1753600161408,07:09:21.408,mexc,AERGO/USDT:USDT,0.13356,1132,0.13355,93,0.13357,103,0.13358,202
1753600161628,07:09:21.628,mexc,AERGO/USDT:USDT,0.13356,1132,0.13355,93,0.13357,103,0.13358,141
1753600161915,07:09:21.915,mexc,AERGO/USDT:USDT,0.13356,1132,0.13355,93,0.13357,103,0.13358,141
1753600162032,07:09:22.032,mexc,AERGO/USDT:USDT,0.13356,1132,0.13355,137,0.13357,103,0.13358,141
1753600162370,07:09:22.370,mexc,AERGO/USDT:USDT,0.13356,1132,0.13355,137,0.13357,103,0.13358,192
1753600162529,07:09:22.529,mexc,AERGO/USDT:USDT,0.13356,1132,0.13355,110,0.13357,103,0.13358,141
1753600162627,07:09:22.627,mexc,AERGO/USDT:USDT,0.13356,1132,0.13355,110,0.13357,103,0.13358,158
1753600163030,07:09:23.030,mexc,AERGO/USDT:USDT,0.13356,1132,0.13355,93,0.13357,103,0.13358,141
1753600163128,07:09:23.128,mexc,AERGO/USDT:USDT,0.13356,1132,0.13355,93,0.13357,103,0.13358,141
1753600163505,07:09:23.505,mexc,AERGO/USDT:USDT,0.13356,1132,0.13355,93,0.13357,103,0.13358,141
1753600163628,07:09:23.628,mexc,AERGO/USDT:USDT,0.13356,1132,0.13355,115,0.13357,103,0.13358,141
1753600163909,07:09:23.909,mexc,AERGO/USDT:USDT,0.13356,1132,0.13355,115,0.13357,103,0.13358,141
1753600164031,07:09:24.031,mexc,AERGO/USDT:USDT,0.13356,1132,0.13355,105,0.13357,103,0.13358,141
1753600164128,07:09:24.128,mexc,AERGO/USDT:USDT,0.13356,1132,0.13355,105,0.13357,103,0.13358,177
1753600164531,07:09:24.531,mexc,AERGO/USDT:USDT,0.13356,1132,0.13355,93,0.13357,103,0.13358,177
1753600164628,07:09:24.628,mexc,AERGO/USDT:USDT,0.13356,1268,0.13355,120,0.13357,135,0.13358,283
1753600165008,07:09:25.008,mexc,AERGO/USDT:USDT,0.13356,1268,0.13355,120,0.13357,135,0.13358,283
1753600165128,07:09:25.128,mexc,AERGO/USDT:USDT,0.13356,1268,0.13355,120,0.13357,135,0.13358,351
1753600165409,07:09:25.409,mexc,AERGO/USDT:USDT,0.13356,1268,0.13355,120,0.13357,135,0.13358,351
1753600165532,07:09:25.532,mexc,AERGO/USDT:USDT,0.13356,1268,0.13355,168,0.13357,135,0.13358,283
1753600165629,07:09:25.629,mexc,AERGO/USDT:USDT,0.13356,1268,0.13355,168,0.13357,135,0.13358,371
1753600166032,07:09:26.032,mexc,AERGO/USDT:USDT,0.13356,1268,0.13355,120,0.13357,135,0.13358,283
1753600166129,07:09:26.129,mexc,AERGO/USDT:USDT,0.13356,1268,0.13355,120,0.13357,135,0.13358,283
1753600166509,07:09:26.509,mexc,AERGO/USDT:USDT,0.13356,1268,0.13355,120,0.13357,135,0.13358,283
1753600166631,07:09:26.631,mexc,AERGO/USDT:USDT,0.13356,1268,0.13355,141,0.13357,135,0.13358,283
1753600166911,07:09:26.911,mexc,AERGO/USDT:USDT,0.13356,1268,0.13355,141,0.13357,135,0.13358,283
1753600167031,07:09:27.031,mexc,AERGO/USDT:USDT,0.13356,1268,0.13355,149,0.13357,135,0.13358,283
1753600167299,07:09:27.299,mexc,AERGO/USDT:USDT,0.13356,1268,0.13355,149,0.13357,135,0.13358,283
1753600167531,07:09:27.531,mexc,AERGO/USDT:USDT,0.13356,1268,0.13355,120,0.13357,135,0.13358,283
1753600167630,07:09:27.630,mexc,AERGO/USDT:USDT,0.13356,1268,0.13355,120,0.13357,135,0.13358,283
1753600168007,07:09:28.007,mexc,AERGO/USDT:USDT,0.13356,1268,0.13355,120,0.13357,135,0.13358,283
1753600168130,07:09:28.130,mexc,AERGO/USDT:USDT,0.13356,1268,0.13355,152,0.13357,135,0.13358,350
1753600168410,07:09:28.410,mexc,AERGO/USDT:USDT,0.13356,1268,0.13355,152,0.13357,135,0.13358,350
1753600168530,07:09:28.530,mexc,AERGO/USDT:USDT,0.13356,1268,0.13355,120,0.13357,135,0.13358,283
1753600168630,07:09:28.630,mexc,AERGO/USDT:USDT,0.13356,1268,0.13355,120,0.13357,135,0.13358,323
1753600169035,07:09:29.035,mexc,AERGO/USDT:USDT,0.13356,1268,0.13355,143,0.13357,135,0.13358,283
1753600169130,07:09:29.130,mexc,AERGO/USDT:USDT,0.13356,1268,0.13355,143,0.13357,135,0.13358,409
1753600169509,07:09:29.509,mexc,AERGO/USDT:USDT,0.13356,1268,0.13355,177,0.13357,135,0.13358,409
1753600169658,07:09:29.658,mexc,AERGO/USDT:USDT,0.13356,1268,0.13355,177,0.13357,135,0.13358,283
1753600169912,07:09:29.912,mexc,AERGO/USDT:USDT,0.13356,1268,0.13355,120,0.13357,135,0.13358,283
1753600170060,07:09:30.060,mexc,AERGO/USDT:USDT,0.13356,1268,0.13355,144,0.13357,135,0.13358,283
1753600170130,07:09:30.130,mexc,AERGO/USDT:USDT,0.13356,1268,0.13355,144,0.13357,135,0.13358,419
1753600170534,07:09:30.534,mexc,AERGO/USDT:USDT,0.13356,1268,0.13355,120,0.13357,135,0.13358,419
1753600170630,07:09:30.630,mexc,AERGO/USDT:USDT,0.13356,1060,0.13355,205,0.13357,113,0.13358,280
1753600171009,07:09:31.009,mexc,AERGO/USDT:USDT,0.13356,1060,0.13355,205,0.13357,113,0.13358,280
1753600171131,07:09:31.131,mexc,AERGO/USDT:USDT,0.13356,1060,0.13355,205,0.13357,113,0.13358,390
1753600171411,07:09:31.411,mexc,AERGO/USDT:USDT,0.13356,1060,0.13355,205,0.13357,113,0.13358,390
1753600171534,07:09:31.534,mexc,AERGO/USDT:USDT,0.13356,1060,0.13355,205,0.13357,113,0.13358,280
1753600171632,07:09:31.632,mexc,AERGO/USDT:USDT,0.13356,1060,0.13355,205,0.13357,113,0.13358,280
1753600172035,07:09:32.035,mexc,AERGO/USDT:USDT,0.13356,1060,0.13355,263,0.13357,113,0.13358,280
1753600172132,07:09:32.132,mexc,AERGO/USDT:USDT,0.13356,1060,0.13355,263,0.13357,113,0.13358,347
1753600172510,07:09:32.510,mexc,AERGO/USDT:USDT,0.13356,1060,0.13355,254,0.13357,113,0.13358,347
1753600172631,07:09:32.631,mexc,AERGO/USDT:USDT,0.13356,1060,0.13355,254,0.13357,113,0.13358,280
1753600172912,07:09:32.912,mexc,AERGO/USDT:USDT,0.13356,1060,0.13355,205,0.13357,113,0.13358,280
1753600173035,07:09:33.035,mexc,AERGO/USDT:USDT,0.13356,1060,0.13355,252,0.13357,113,0.13358,280
1753600173293,07:09:33.293,mexc,AERGO/USDT:USDT,0.13356,1060,0.13355,252,0.13357,113,0.13358,377
1753600173536,07:09:33.536,mexc,AERGO/USDT:USDT,0.13356,1060,0.13355,205,0.13357,113,0.13358,280
1753600173633,07:09:33.633,mexc,AERGO/USDT:USDT,0.13356,1060,0.13355,205,0.13357,113,0.13358,452
1753600174009,07:09:34.009,mexc,AERGO/USDT:USDT,0.13356,1060,0.13355,268,0.13357,113,0.13358,452
1753600174133,07:09:34.133,mexc,AERGO/USDT:USDT,0.13356,1060,0.13355,268,0.13357,113,0.13358,280
1753600174413,07:09:34.413,mexc,AERGO/USDT:USDT,0.13356,1060,0.13355,205,0.13357,113,0.13358,280
1753600174535,07:09:34.535,mexc,AERGO/USDT:USDT,0.13356,1060,0.13355,302,0.13357,113,0.13358,280
1753600174634,07:09:34.634,mexc,AERGO/USDT:USDT,0.13356,1060,0.13355,302,0.13357,113,0.13358,371
1753600175037,07:09:35.037,mexc,AERGO/USDT:USDT,0.13356,1060,0.13355,330,0.13357,113,0.13358,280
1753600175134,07:09:35.134,mexc,AERGO/USDT:USDT,0.13356,1060,0.13355,330,0.13357,113,0.13358,280
1753600175512,07:09:35.512,mexc,AERGO/USDT:USDT,0.13356,1060,0.13355,205,0.13357,113,0.13358,280
1753600175638,07:09:35.638,mexc,AERGO/USDT:USDT,0.13356,1060,0.13355,298,0.13357,113,0.13358,354
1753600175914,07:09:35.914,mexc,AERGO/USDT:USDT,0.13356,1060,0.13355,298,0.13357,113,0.13358,354
1753600176041,07:09:36.041,mexc,AERGO/USDT:USDT,0.13356,1060,0.13355,205,0.13357,113,0.13358,280
1753600176135,07:09:36.135,mexc,AERGO/USDT:USDT,0.13356,1060,0.13355,205,0.13357,113,0.13358,426
1753600176538,07:09:36.538,mexc,AERGO/USDT:USDT,0.13356,1060,0.13355,237,0.13357,113,0.13358,347
1753600176635,07:09:36.635,mexc,AERGO/USDT:USDT,0.13357,301,0.13356,105,0.13358,57,0.13359,271
1753600177012,07:09:37.012,mexc,AERGO/USDT:USDT,0.13357,301,0.13356,105,0.13358,57,0.13359,271
1753600177136,07:09:37.136,mexc,AERGO/USDT:USDT,0.13357,301,0.13356,105,0.13358,57,0.13359,335
1753600177416,07:09:37.416,mexc,AERGO/USDT:USDT,0.13357,301,0.13356,105,0.13358,57,0.13359,335
1753600177539,07:09:37.539,mexc,AERGO/USDT:USDT,0.13357,301,0.13356,105,0.13358,57,0.13359,271
1753600177636,07:09:37.636,mexc,AERGO/USDT:USDT,0.13357,301,0.13356,105,0.13358,57,0.13359,374
1753600178041,07:09:38.041,mexc,AERGO/USDT:USDT,0.13357,301,0.13356,105,0.13358,57,0.13359,271
1753600178136,07:09:38.136,mexc,AERGO/USDT:USDT,0.13357,301,0.13356,105,0.13358,57,0.13359,319
1753600178513,07:09:38.513,mexc,AERGO/USDT:USDT,0.13357,301,0.13356,105,0.13358,57,0.13359,319
1753600178636,07:09:38.636,mexc,AERGO/USDT:USDT,0.13357,301,0.13356,105,0.13358,57,0.13359,271
1753600178915,07:09:38.915,mexc,AERGO/USDT:USDT,0.13357,301,0.13356,105,0.13358,57,0.13359,271
1753600179041,07:09:39.041,mexc,AERGO/USDT:USDT,0.13357,301,0.13356,128,0.13358,57,0.13359,271
1753600179303,07:09:39.303,mexc,AERGO/USDT:USDT,0.13357,301,0.13356,128,0.13358,57,0.13359,271
1753600179636,07:09:39.636,mexc,AERGO/USDT:USDT,0.13357,301,0.13356,136,0.13358,57,0.13359,271
1753600179636,07:09:39.636,mexc,AERGO/USDT:USDT,0.13357,301,0.13356,136,0.13358,57,0.13359,340
1753600180097,07:09:40.097,mexc,AERGO/USDT:USDT,0.13357,301,0.13356,124,0.13358,57,0.13359,340
1753600180154,07:09:40.154,mexc,AERGO/USDT:USDT,0.13357,301,0.13356,124,0.13358,57,0.13359,426
1753600180514,07:09:40.514,mexc,AERGO/USDT:USDT,0.13357,301,0.13356,105,0.13358,57,0.13359,426
1753600180638,07:09:40.638,mexc,AERGO/USDT:USDT,0.13357,301,0.13356,135,0.13358,57,0.13359,359
1753600180917,07:09:40.917,mexc,AERGO/USDT:USDT,0.13357,301,0.13356,135,0.13358,57,0.13359,359
1753600181039,07:09:41.039,mexc,AERGO/USDT:USDT,0.13357,301,0.13356,105,0.13358,57,0.13359,271
1753600181144,07:09:41.144,mexc,AERGO/USDT:USDT,0.13357,301,0.13356,105,0.13358,57,0.13359,271
1753600181543,07:09:41.543,mexc,AERGO/USDT:USDT,0.13357,301,0.13356,125,0.13358,57,0.13359,271
1753600181639,07:09:41.639,mexc,AERGO/USDT:USDT,0.13357,301,0.13356,125,0.13358,57,0.13359,271
1753600182013,07:09:42.013,mexc,AERGO/USDT:USDT,0.13357,301,0.13356,143,0.13358,57,0.13359,271
1753600182141,07:09:42.141,mexc,AERGO/USDT:USDT,0.13357,301,0.13356,189,0.13358,57,0.13359,271
1753600182417,07:09:42.417,mexc,AERGO/USDT:USDT,0.13357,301,0.13356,151,0.13358,57,0.13359,271
1753600182556,07:09:42.556,mexc,AERGO/USDT:USDT,0.13357,1523,0.13356,124,0.13358,56,0.13359,126
1753600182641,07:09:42.641,mexc,AERGO/USDT:USDT,0.13357,1523,0.13356,124,0.13358,56,0.13359,146
1753600183044,07:09:43.044,mexc,AERGO/USDT:USDT,0.13357,1523,0.13356,124,0.13358,56,0.13359,126
1753600183139,07:09:43.139,mexc,AERGO/USDT:USDT,0.13357,1523,0.13356,124,0.13358,56,0.13359,126
1753600183518,07:09:43.518,mexc,AERGO/USDT:USDT,0.13357,1523,0.13356,157,0.13358,56,0.13359,126
1753600183640,07:09:43.640,mexc,AERGO/USDT:USDT,0.13357,1523,0.13356,176,0.13358,56,0.13359,126
1753600183920,07:09:43.920,mexc,AERGO/USDT:USDT,0.13357,1523,0.13356,143,0.13358,56,0.13359,126
1753600184043,07:09:44.043,mexc,AERGO/USDT:USDT,0.13357,1523,0.13356,183,0.13358,56,0.13359,126
1753600184140,07:09:44.140,mexc,AERGO/USDT:USDT,0.13357,1523,0.13356,183,0.13358,56,0.13359,126
1753600184546,07:09:44.546,mexc,AERGO/USDT:USDT,0.13357,1523,0.13356,175,0.13358,56,0.13359,126
1753600184640,07:09:44.640,mexc,AERGO/USDT:USDT,0.13357,1523,0.13356,175,0.13358,56,0.13359,126
1753600185016,07:09:45.016,mexc,AERGO/USDT:USDT,0.13357,1523,0.13356,124,0.13358,56,0.13359,126
1753600185142,07:09:45.142,mexc,AERGO/USDT:USDT,0.13357,1523,0.13356,124,0.13358,56,0.13359,126
1753600185420,07:09:45.420,mexc,AERGO/USDT:USDT,0.13357,1523,0.13356,124,0.13358,56,0.13359,126
1753600185544,07:09:45.544,mexc,AERGO/USDT:USDT,0.13357,1523,0.13356,153,0.13358,56,0.13359,126
1753600185641,07:09:45.641,mexc,AERGO/USDT:USDT,0.13357,1523,0.13356,153,0.13358,56,0.13359,142
1753600186044,07:09:46.044,mexc,AERGO/USDT:USDT,0.13357,1523,0.13356,124,0.13358,56,0.13359,126
1753600186152,07:09:46.152,mexc,AERGO/USDT:USDT,0.13357,1523,0.13356,124,0.13358,56,0.13359,126
1753600186517,07:09:46.517,mexc,AERGO/USDT:USDT,0.13357,1523,0.13356,124,0.13358,56,0.13359,126
1753600186641,07:09:46.641,mexc,AERGO/USDT:USDT,0.13357,1523,0.13356,124,0.13358,56,0.13359,126
1753600186921,07:09:46.921,mexc,AERGO/USDT:USDT,0.13357,1523,0.13356,124,0.13358,56,0.13359,126
1753600187044,07:09:47.044,mexc,AERGO/USDT:USDT,0.13357,1523,0.13356,124,0.13358,56,0.13359,126
1753600187141,07:09:47.141,mexc,AERGO/USDT:USDT,0.13357,1523,0.13356,124,0.13358,56,0.13359,126
1753600187596,07:09:47.596,mexc,AERGO/USDT:USDT,0.13357,1523,0.13356,169,0.13358,56,0.13359,126
1753600187641,07:09:47.641,mexc,AERGO/USDT:USDT,0.13357,1216,0.13356,123,0.13358,76,0.13359,155
1753600188017,07:09:48.017,mexc,AERGO/USDT:USDT,0.13357,1216,0.13356,123,0.13358,76,0.13359,155
1753600188141,07:09:48.141,mexc,AERGO/USDT:USDT,0.13357,1216,0.13356,123,0.13358,76,0.13359,234
1753600188421,07:09:48.421,mexc,AERGO/USDT:USDT,0.13357,1216,0.13356,123,0.13358,76,0.13359,234
1753600188545,07:09:48.545,mexc,AERGO/USDT:USDT,0.13357,1216,0.13356,123,0.13358,76,0.13359,155
1753600188642,07:09:48.642,mexc,AERGO/USDT:USDT,0.13357,1216,0.13356,123,0.13358,76,0.13359,207
1753600189046,07:09:49.046,mexc,AERGO/USDT:USDT,0.13357,1216,0.13356,123,0.13358,76,0.13359,207
1753600189141,07:09:49.141,mexc,AERGO/USDT:USDT,0.13357,1216,0.13356,123,0.13358,76,0.13359,196
1753600189519,07:09:49.519,mexc,AERGO/USDT:USDT,0.13357,1216,0.13356,123,0.13358,76,0.13359,196
1753600189642,07:09:49.642,mexc,AERGO/USDT:USDT,0.13357,1216,0.13356,123,0.13358,76,0.13359,155
1753600189923,07:09:49.923,mexc,AERGO/USDT:USDT,0.13357,1216,0.13356,123,0.13358,76,0.13359,155
1753600190045,07:09:50.045,mexc,AERGO/USDT:USDT,0.13357,1216,0.13356,123,0.13358,76,0.13359,155
1753600190142,07:09:50.142,mexc,AERGO/USDT:USDT,0.13357,1216,0.13356,123,0.13358,76,0.13359,216
1753600190545,07:09:50.545,mexc,AERGO/USDT:USDT,0.13357,1216,0.13356,178,0.13358,76,0.13359,155
1753600190642,07:09:50.642,mexc,AERGO/USDT:USDT,0.13357,1216,0.13356,178,0.13358,76,0.13359,155
1753600191023,07:09:51.023,mexc,AERGO/USDT:USDT,0.13357,1216,0.13356,123,0.13358,76,0.13359,155
1753600191143,07:09:51.143,mexc,AERGO/USDT:USDT,0.13357,1216,0.13356,123,0.13358,76,0.13359,229
1753600191521,07:09:51.521,mexc,AERGO/USDT:USDT,0.13357,1216,0.13356,179,0.13358,76,0.13359,229
1753600191642,07:09:51.642,mexc,AERGO/USDT:USDT,0.13357,1216,0.13356,179,0.13358,76,0.13359,218
1753600191924,07:09:51.924,mexc,AERGO/USDT:USDT,0.13357,1216,0.13356,123,0.13358,76,0.13359,218
1753600192046,07:09:52.046,mexc,AERGO/USDT:USDT,0.13357,1216,0.13356,123,0.13358,76,0.13359,155
1753600192156,07:09:52.156,mexc,AERGO/USDT:USDT,0.13357,1216,0.13356,123,0.13358,76,0.13359,155
1753600192546,07:09:52.546,mexc,AERGO/USDT:USDT,0.13357,1216,0.13356,123,0.13358,76,0.13359,155
1753600192641,07:09:52.641,mexc,AERGO/USDT:USDT,0.13357,1216,0.13356,123,0.13358,76,0.13359,155
1753600193045,07:09:53.045,mexc,AERGO/USDT:USDT,0.13357,1216,0.13356,159,0.13358,76,0.13359,155
1753600193143,07:09:53.143,mexc,AERGO/USDT:USDT,0.13357,1216,0.13356,159,0.13358,76,0.13359,227
1753600193523,07:09:53.523,mexc,AERGO/USDT:USDT,0.13357,1216,0.13356,166,0.13358,76,0.13359,227
1753600193643,07:09:53.643,mexc,AERGO/USDT:USDT,0.13357,1567,0.13356,104,0.13358,48,0.13359,52
1753600194023,07:09:54.023,mexc,AERGO/USDT:USDT,0.13357,1567,0.13356,114,0.13358,48,0.13359,52
1753600194142,07:09:54.142,mexc,AERGO/USDT:USDT,0.13357,1567,0.13356,114,0.13358,48,0.13359,52
1753600194426,07:09:54.426,mexc,AERGO/USDT:USDT,0.13357,1567,0.13356,104,0.13358,48,0.13359,52
1753600194545,07:09:54.545,mexc,AERGO/USDT:USDT,0.13357,1567,0.13356,131,0.13358,48,0.13359,52
1753600194642,07:09:54.642,mexc,AERGO/USDT:USDT,0.13357,1567,0.13356,131,0.13358,48,0.13359,52
1753600195047,07:09:55.047,mexc,AERGO/USDT:USDT,0.13357,1567,0.13356,104,0.13358,48,0.13359,52
1753600195143,07:09:55.143,mexc,AERGO/USDT:USDT,0.13357,1567,0.13356,104,0.13358,48,0.13359,52
1753600195524,07:09:55.524,mexc,AERGO/USDT:USDT,0.13357,1567,0.13356,104,0.13358,48,0.13359,52
1753600195643,07:09:55.643,mexc,AERGO/USDT:USDT,0.13357,1567,0.13356,104,0.13358,48,0.13359,52
1753600195928,07:09:55.928,mexc,AERGO/USDT:USDT,0.13357,1567,0.13356,104,0.13358,48,0.13359,52
1753600196048,07:09:56.048,mexc,AERGO/USDT:USDT,0.13357,1567,0.13356,119,0.13358,48,0.13359,52
1753600196144,07:09:56.144,mexc,AERGO/USDT:USDT,0.13357,1567,0.13356,119,0.13358,48,0.13359,52
1753600196549,07:09:56.549,mexc,AERGO/USDT:USDT,0.13357,1567,0.13356,118,0.13358,48,0.13359,52
1753600196644,07:09:56.644,mexc,AERGO/USDT:USDT,0.13357,1567,0.13356,118,0.13358,48,0.13359,62
1753600197050,07:09:57.050,mexc,AERGO/USDT:USDT,0.13357,1567,0.13356,104,0.13358,48,0.13359,62
1753600197144,07:09:57.144,mexc,AERGO/USDT:USDT,0.13357,1567,0.13356,127,0.13358,48,0.13359,52
1753600197497,07:09:57.497,mexc,AERGO/USDT:USDT,0.13357,1567,0.13356,127,0.13358,48,0.13359,52
1753600197647,07:09:57.647,mexc,AERGO/USDT:USDT,0.13357,1567,0.13356,125,0.13358,48,0.13359,99
1753600197929,07:09:57.929,mexc,AERGO/USDT:USDT,0.13357,1567,0.13356,104,0.13358,48,0.13359,99
1753600198049,07:09:58.049,mexc,AERGO/USDT:USDT,0.13357,1567,0.13356,104,0.13358,48,0.13359,52
1753600198143,07:09:58.143,mexc,AERGO/USDT:USDT,0.13357,1567,0.13356,104,0.13358,48,0.13359,73
1753600198547,07:09:58.547,mexc,AERGO/USDT:USDT,0.13357,1567,0.13356,131,0.13358,48,0.13359,73
1753600198650,07:09:58.650,mexc,AERGO/USDT:USDT,0.13357,1567,0.13356,131,0.13358,48,0.13359,52
1753600199029,07:09:59.029,mexc,AERGO/USDT:USDT,0.13357,1567,0.13356,119,0.13358,48,0.13359,52
1753600199145,07:09:59.145,mexc,AERGO/USDT:USDT,0.13357,1567,0.13356,140,0.13358,48,0.13359,67
1753600199527,07:09:59.527,mexc,AERGO/USDT:USDT,0.13357,1567,0.13356,104,0.13358,48,0.13359,67
1753600199644,07:09:59.644,mexc,AERGO/USDT:USDT,0.13357,44,0.13356,230,0.13358,1012,0.13359,118
1753600200028,07:10:00.028,mexc,AERGO/USDT:USDT,0.13357,44,0.13356,230,0.13358,1012,0.13359,118
1753600200146,07:10:00.146,mexc,AERGO/USDT:USDT,0.13357,44,0.13356,230,0.13358,1012,0.13359,144
1753600200429,07:10:00.429,mexc,AERGO/USDT:USDT,0.13357,44,0.13356,230,0.13358,1012,0.13359,144
1753600200549,07:10:00.549,mexc,AERGO/USDT:USDT,0.13357,44,0.13356,230,0.13358,1012,0.13359,118
1753600200646,07:10:00.646,mexc,AERGO/USDT:USDT,0.13357,44,0.13356,230,0.13358,1012,0.13359,118
1753600201048,07:10:01.048,mexc,AERGO/USDT:USDT,0.13357,44,0.13356,258,0.13358,1012,0.13359,118
1753600201144,07:10:01.144,mexc,AERGO/USDT:USDT,0.13357,44,0.13356,258,0.13358,1012,0.13359,157
1753600201530,07:10:01.530,mexc,AERGO/USDT:USDT,0.13357,44,0.13356,230,0.13358,1012,0.13359,157
1753600201645,07:10:01.645,mexc,AERGO/USDT:USDT,0.13357,44,0.13356,230,0.13358,1012,0.13359,118
1753600201934,07:10:01.934,mexc,AERGO/USDT:USDT,0.13357,44,0.13356,230,0.13358,1012,0.13359,118
1753600202050,07:10:02.050,mexc,AERGO/USDT:USDT,0.13357,44,0.13356,230,0.13358,1012,0.13359,118
1753600202145,07:10:02.145,mexc,AERGO/USDT:USDT,0.13357,44,0.13356,230,0.13358,1012,0.13359,157
1753600202554,07:10:02.554,mexc,AERGO/USDT:USDT,0.13357,44,0.13356,230,0.13358,1012,0.13359,157
1753600202699,07:10:02.699,mexc,AERGO/USDT:USDT,0.13357,44,0.13356,230,0.13358,1012,0.13359,118
1753600203029,07:10:03.029,mexc,AERGO/USDT:USDT,0.13357,44,0.13356,230,0.13358,1012,0.13359,118
1753600203198,07:10:03.198,mexc,AERGO/USDT:USDT,0.13357,44,0.13356,230,0.13358,1012,0.13359,167
1753600203432,07:10:03.432,mexc,AERGO/USDT:USDT,0.13357,44,0.13356,230,0.13358,1012,0.13359,167
1753600203603,07:10:03.603,mexc,AERGO/USDT:USDT,0.13357,44,0.13356,230,0.13358,1012,0.13359,118
1753600203713,07:10:03.713,mexc,AERGO/USDT:USDT,0.13357,44,0.13356,230,0.13358,1012,0.13359,118
1753600204101,07:10:04.101,mexc,AERGO/USDT:USDT,0.13357,44,0.13356,306,0.13358,1012,0.13359,118
1753600204379,07:10:04.379,mexc,AERGO/USDT:USDT,0.13357,44,0.13356,306,0.13358,1012,0.13359,118
1753600204533,07:10:04.533,mexc,AERGO/USDT:USDT,0.13357,44,0.13356,230,0.13358,1012,0.13359,118
1753600204699,07:10:04.699,mexc,AERGO/USDT:USDT,0.13357,44,0.13356,230,0.13358,1012,0.13359,118
1753600205033,07:10:05.033,mexc,AERGO/USDT:USDT,0.13357,44,0.13356,230,0.13358,1012,0.13359,118
1753600205200,07:10:05.200,mexc,AERGO/USDT:USDT,0.13357,44,0.13356,230,0.13358,1012,0.13359,118
1753600205434,07:10:05.434,mexc,AERGO/USDT:USDT,0.13357,44,0.13356,230,0.13358,1012,0.13359,118
1753600205621,07:10:05.621,mexc,AERGO/USDT:USDT,0.13357,53,0.13356,238,0.13358,57,0.13359,109
1753600205701,07:10:05.701,mexc,AERGO/USDT:USDT,0.13357,53,0.13356,238,0.13358,57,0.13359,154
1753600206102,07:10:06.102,mexc,AERGO/USDT:USDT,0.13357,53,0.13356,238,0.13358,57,0.13359,154
1753600206199,07:10:06.199,mexc,AERGO/USDT:USDT,0.13357,53,0.13356,238,0.13358,57,0.13359,147
1753600206533,07:10:06.533,mexc,AERGO/USDT:USDT,0.13357,53,0.13356,238,0.13358,57,0.13359,147
1753600206699,07:10:06.699,mexc,AERGO/USDT:USDT,0.13357,53,0.13356,238,0.13358,57,0.13359,109
1753600206936,07:10:06.936,mexc,AERGO/USDT:USDT,0.13357,53,0.13356,238,0.13358,57,0.13359,109
1753600207102,07:10:07.102,mexc,AERGO/USDT:USDT,0.13357,53,0.13356,238,0.13358,57,0.13359,109
1753600207199,07:10:07.199,mexc,AERGO/USDT:USDT,0.13357,53,0.13356,238,0.13358,57,0.13359,109
1753600207603,07:10:07.603,mexc,AERGO/USDT:USDT,0.13357,53,0.13356,317,0.13358,57,0.13359,109
1753600207701,07:10:07.701,mexc,AERGO/USDT:USDT,0.13357,53,0.13356,317,0.13358,57,0.13359,127
1753600208032,07:10:08.032,mexc,AERGO/USDT:USDT,0.13357,53,0.13356,238,0.13358,57,0.13359,127
1753600208204,07:10:08.204,mexc,AERGO/USDT:USDT,0.13357,53,0.13356,238,0.13358,57,0.13359,153
1753600208435,07:10:08.435,mexc,AERGO/USDT:USDT,0.13357,53,0.13356,238,0.13358,57,0.13359,153
1753600208608,07:10:08.608,mexc,AERGO/USDT:USDT,0.13357,53,0.13356,238,0.13358,57,0.13359,109
1753600208702,07:10:08.702,mexc,AERGO/USDT:USDT,0.13357,53,0.13356,238,0.13358,57,0.13359,157
1753600209105,07:10:09.105,mexc,AERGO/USDT:USDT,0.13357,53,0.13356,238,0.13358,57,0.13359,157
1753600209203,07:10:09.203,mexc,AERGO/USDT:USDT,0.13357,53,0.13356,238,0.13358,57,0.13359,109
1753600209535,07:10:09.535,mexc,AERGO/USDT:USDT,0.13357,53,0.13356,238,0.13358,57,0.13359,109
1753600209702,07:10:09.702,mexc,AERGO/USDT:USDT,0.13357,53,0.13356,238,0.13358,57,0.13359,130
1753600209937,07:10:09.937,mexc,AERGO/USDT:USDT,0.13357,53,0.13356,238,0.13358,57,0.13359,130
1753600210104,07:10:10.104,mexc,AERGO/USDT:USDT,0.13357,53,0.13356,337,0.13358,57,0.13359,109
1753600210381,07:10:10.381,mexc,AERGO/USDT:USDT,0.13357,53,0.13356,337,0.13358,57,0.13359,189
1753600210536,07:10:10.536,mexc,AERGO/USDT:USDT,0.13357,53,0.13356,321,0.13358,57,0.13359,189
1753600210703,07:10:10.703,mexc,AERGO/USDT:USDT,0.13357,53,0.13356,321,0.13358,57,0.13359,152
1753600211035,07:10:11.035,mexc,AERGO/USDT:USDT,0.13357,53,0.13356,238,0.13358,57,0.13359,152
1753600211203,07:10:11.203,mexc,AERGO/USDT:USDT,0.13357,53,0.13356,238,0.13358,57,0.13359,130
1753600211437,07:10:11.437,mexc,AERGO/USDT:USDT,0.13357,53,0.13356,238,0.13358,57,0.13359,130
1753600211623,07:10:11.623,mexc,AERGO/USDT:USDT,0.13357,69,0.13356,335,0.13358,87,0.13359,132
1753600211704,07:10:11.704,mexc,AERGO/USDT:USDT,0.13357,69,0.13356,335,0.13358,87,0.13359,165
1753600212107,07:10:12.107,mexc,AERGO/USDT:USDT,0.13357,69,0.13356,335,0.13358,87,0.13359,132
1753600212204,07:10:12.204,mexc,AERGO/USDT:USDT,0.13357,69,0.13356,335,0.13358,87,0.13359,132
1753600212538,07:10:12.538,mexc,AERGO/USDT:USDT,0.13357,69,0.13356,478,0.13358,87,0.13359,132
1753600212704,07:10:12.704,mexc,AERGO/USDT:USDT,0.13357,69,0.13356,478,0.13358,87,0.13359,132
1753600212939,07:10:12.939,mexc,AERGO/USDT:USDT,0.13357,69,0.13356,335,0.13358,87,0.13359,132
1753600213108,07:10:13.108,mexc,AERGO/USDT:USDT,0.13357,69,0.13356,402,0.13358,87,0.13359,132
1753600213205,07:10:13.205,mexc,AERGO/USDT:USDT,0.13357,69,0.13356,402,0.13358,87,0.13359,132
1753600213608,07:10:13.608,mexc,AERGO/USDT:USDT,0.13357,69,0.13356,444,0.13358,87,0.13359,132
1753600213706,07:10:13.706,mexc,AERGO/USDT:USDT,0.13357,69,0.13356,444,0.13358,87,0.13359,176
1753600214039,07:10:14.039,mexc,AERGO/USDT:USDT,0.13357,69,0.13356,335,0.13358,87,0.13359,176
1753600214206,07:10:14.206,mexc,AERGO/USDT:USDT,0.13357,69,0.13356,335,0.13358,87,0.13359,200
1753600214442,07:10:14.442,mexc,AERGO/USDT:USDT,0.13357,69,0.13356,335,0.13358,87,0.13359,200
1753600214610,07:10:14.610,mexc,AERGO/USDT:USDT,0.13357,69,0.13356,335,0.13358,87,0.13359,132
1753600214708,07:10:14.708,mexc,AERGO/USDT:USDT,0.13357,69,0.13356,335,0.13358,87,0.13359,132
1753600215109,07:10:15.109,mexc,AERGO/USDT:USDT,0.13357,69,0.13356,335,0.13358,87,0.13359,132
1753600215208,07:10:15.208,mexc,AERGO/USDT:USDT,0.13357,69,0.13356,335,0.13358,87,0.13359,132
1753600215612,07:10:15.612,mexc,AERGO/USDT:USDT,0.13357,69,0.13356,335,0.13358,87,0.13359,132
1753600215709,07:10:15.709,mexc,AERGO/USDT:USDT,0.13357,69,0.13356,335,0.13358,87,0.13359,161
1753600216038,07:10:16.038,mexc,AERGO/USDT:USDT,0.13357,69,0.13356,335,0.13358,87,0.13359,161
1753600216207,07:10:16.207,mexc,AERGO/USDT:USDT,0.13357,69,0.13356,335,0.13358,87,0.13359,132
1753600216441,07:10:16.441,mexc,AERGO/USDT:USDT,0.13357,69,0.13356,335,0.13358,87,0.13359,132
1753600216610,07:10:16.610,mexc,AERGO/USDT:USDT,0.13357,69,0.13356,470,0.13358,87,0.13359,132
1753600216708,07:10:16.708,mexc,AERGO/USDT:USDT,0.13357,69,0.13356,470,0.13358,87,0.13359,233
1753600217111,07:10:17.111,mexc,AERGO/USDT:USDT,0.13357,69,0.13356,335,0.13358,87,0.13359,196
1753600217209,07:10:17.209,mexc,AERGO/USDT:USDT,0.13357,69,0.13356,335,0.13358,87,0.13359,132
1753600217539,07:10:17.539,mexc,AERGO/USDT:USDT,0.13357,69,0.13356,335,0.13358,87,0.13359,132
1753600217710,07:10:17.710,mexc,AERGO/USDT:USDT,0.13357,50,0.13356,235,0.13358,1581,0.13359,176
1753600218040,07:10:18.040,mexc,AERGO/USDT:USDT,0.13357,50,0.13356,330,0.13358,1581,0.13359,176
1753600218209,07:10:18.209,mexc,AERGO/USDT:USDT,0.13357,50,0.13356,330,0.13358,1581,0.13359,158
1753600218445,07:10:18.445,mexc,AERGO/USDT:USDT,0.13357,50,0.13356,235,0.13358,1581,0.13359,158
1753600218612,07:10:18.612,mexc,AERGO/USDT:USDT,0.13357,50,0.13356,235,0.13358,1581,0.13359,140
1753600218709,07:10:18.709,mexc,AERGO/USDT:USDT,0.13357,50,0.13356,235,0.13358,1581,0.13359,255
1753600219114,07:10:19.114,mexc,AERGO/USDT:USDT,0.13357,50,0.13356,235,0.13358,1581,0.13359,190
1753600219210,07:10:19.210,mexc,AERGO/USDT:USDT,0.13357,50,0.13356,235,0.13358,1581,0.13359,167
1753600219540,07:10:19.540,mexc,AERGO/USDT:USDT,0.13357,50,0.13356,235,0.13358,1581,0.13359,167
1753600219711,07:10:19.711,mexc,AERGO/USDT:USDT,0.13357,50,0.13356,282,0.13358,1581,0.13359,203
1753600219950,07:10:19.950,mexc,AERGO/USDT:USDT,0.13357,50,0.13356,282,0.13358,1581,0.13359,203
1753600220114,07:10:20.114,mexc,AERGO/USDT:USDT,0.13357,50,0.13356,399,0.13358,1581,0.13359,140
1753600220211,07:10:20.211,mexc,AERGO/USDT:USDT,0.13357,50,0.13356,399,0.13358,1581,0.13359,208
1753600220613,07:10:20.613,mexc,AERGO/USDT:USDT,0.13357,50,0.13356,235,0.13358,1581,0.13359,140
1753600220711,07:10:20.711,mexc,AERGO/USDT:USDT,0.13357,50,0.13356,235,0.13358,1581,0.13359,200
1753600221100,07:10:21.100,mexc,AERGO/USDT:USDT,0.13357,50,0.13356,269,0.13358,1581,0.13359,200
1753600221211,07:10:21.211,mexc,AERGO/USDT:USDT,0.13357,50,0.13356,367,0.13358,1581,0.13359,182
1753600221505,07:10:21.505,mexc,AERGO/USDT:USDT,0.13357,50,0.13356,333,0.13358,1581,0.13359,182
1753600221613,07:10:21.613,mexc,AERGO/USDT:USDT,0.13357,50,0.13356,235,0.13358,1581,0.13359,140
1753600221714,07:10:21.714,mexc,AERGO/USDT:USDT,0.13357,50,0.13356,235,0.13358,1581,0.13359,140
1753600222114,07:10:22.114,mexc,AERGO/USDT:USDT,0.13357,50,0.13356,235,0.13358,1581,0.13359,140
1753600222393,07:10:22.393,mexc,AERGO/USDT:USDT,0.13357,50,0.13356,235,0.13358,1581,0.13359,187
1753600222614,07:10:22.614,mexc,AERGO/USDT:USDT,0.13357,50,0.13356,302,0.13358,1581,0.13359,187
1753600222714,07:10:22.714,mexc,AERGO/USDT:USDT,0.13357,50,0.13356,302,0.13358,1581,0.13359,140
1753600223103,07:10:23.103,mexc,AERGO/USDT:USDT,0.13357,50,0.13356,235,0.13358,1581,0.13359,140
1753600223216,07:10:23.216,mexc,AERGO/USDT:USDT,0.13357,50,0.13356,327,0.13358,1581,0.13359,140
1753600223504,07:10:23.504,mexc,AERGO/USDT:USDT,0.13357,50,0.13356,327,0.13358,1581,0.13359,140
1753600223620,07:10:23.620,mexc,AERGO/USDT:USDT,0.13356,242,0.13355,130,0.13357,1794,0.13358,108
1753600223714,07:10:23.714,mexc,AERGO/USDT:USDT,0.13356,242,0.13355,130,0.13357,1794,0.13358,108
1753600224198,07:10:24.198,mexc,AERGO/USDT:USDT,0.13356,242,0.13355,130,0.13357,1794,0.13358,108
1753600224213,07:10:24.213,mexc,AERGO/USDT:USDT,0.13356,242,0.13355,130,0.13357,1794,0.13358,108
1753600224601,07:10:24.601,mexc,AERGO/USDT:USDT,0.13356,242,0.13355,172,0.13357,1794,0.13358,108
1753600224714,07:10:24.714,mexc,AERGO/USDT:USDT,0.13356,242,0.13355,172,0.13357,1794,0.13358,157
1753600225006,07:10:25.006,mexc,AERGO/USDT:USDT,0.13356,242,0.13355,130,0.13357,1794,0.13358,157
1753600225117,07:10:25.117,mexc,AERGO/USDT:USDT,0.13356,242,0.13355,170,0.13357,1794,0.13358,108
1753600225215,07:10:25.215,mexc,AERGO/USDT:USDT,0.13356,242,0.13355,170,0.13357,1794,0.13358,140
1753600225617,07:10:25.617,mexc,AERGO/USDT:USDT,0.13356,242,0.13355,179,0.13357,1794,0.13358,108
1753600225713,07:10:25.713,mexc,AERGO/USDT:USDT,0.13356,242,0.13355,179,0.13357,1794,0.13358,108
1753600226101,07:10:26.101,mexc,AERGO/USDT:USDT,0.13356,242,0.13355,168,0.13357,1794,0.13358,108
1753600226215,07:10:26.215,mexc,AERGO/USDT:USDT,0.13356,242,0.13355,207,0.13357,1794,0.13358,108
1753600226505,07:10:26.505,mexc,AERGO/USDT:USDT,0.13356,242,0.13355,169,0.13357,1794,0.13358,108
1753600226618,07:10:26.618,mexc,AERGO/USDT:USDT,0.13356,242,0.13355,182,0.13357,1794,0.13358,108
1753600226718,07:10:26.718,mexc,AERGO/USDT:USDT,0.13356,242,0.13355,182,0.13357,1794,0.13358,142
1753600227119,07:10:27.119,mexc,AERGO/USDT:USDT,0.13356,242,0.13355,170,0.13357,1794,0.13358,142
1753600227215,07:10:27.215,mexc,AERGO/USDT:USDT,0.13356,242,0.13355,170,0.13357,1794,0.13358,138
1753600227601,07:10:27.601,mexc,AERGO/USDT:USDT,0.13356,242,0.13355,130,0.13357,1794,0.13358,138
1753600227715,07:10:27.715,mexc,AERGO/USDT:USDT,0.13356,242,0.13355,130,0.13357,1794,0.13358,129
1753600228006,07:10:28.006,mexc,AERGO/USDT:USDT,0.13356,242,0.13355,130,0.13357,1794,0.13358,129
