timestamp,time,exchange,symbol,bid1_price,bid1_volume,bid2_price,bid2_volume,ask1_price,ask1_volume,ask2_price,ask2_volume
1753599988000,07:06:28.000,gateio,ADA/USDT:USDT,0.827,99.0,0.8269,1581.0,0.8271,400.0,0.8272,906.0
1753599988924,07:06:28.924,gateio,ADA/USDT:USDT,0.827,99.0,0.8269,1581.0,0.8271,400.0,0.8272,906.0
1753599989229,07:06:29.229,gateio,ADA/USDT:USDT,0.8269,1563.0,0.8268,1999.0,0.8271,400.0,0.8272,906.0
1753599989340,07:06:29.340,gateio,ADA/USDT:USDT,0.8269,1532.0,0.8268,1999.0,0.8271,400.0,0.8272,906.0
1753599989445,07:06:29.445,gateio,ADA/USDT:USDT,0.8269,1454.0,0.8268,2077.0,0.8271,400.0,0.8272,906.0
1753599989535,07:06:29.535,gateio,ADA/USDT:USDT,0.8269,1454.0,0.8268,2077.0,0.8271,652.0,0.8272,875.0
1753599989641,07:06:29.641,gateio,ADA/USDT:USDT,0.8269,1454.0,0.8268,2077.0,0.8271,652.0,0.8272,875.0
1753599990033,07:06:30.033,gateio,ADA/USDT:USDT,0.827,49.0,0.8269,1862.0,0.8271,621.0,0.8272,937.0
1753599990085,07:06:30.085,gateio,ADA/USDT:USDT,0.827,49.0,0.8269,1862.0,0.8271,621.0,0.8272,937.0
1753599990223,07:06:30.223,gateio,ADA/USDT:USDT,0.827,49.0,0.8269,1580.0,0.8271,621.0,0.8272,906.0
1753599990346,07:06:30.346,gateio,ADA/USDT:USDT,0.8269,1250.0,0.8268,1319.0,0.8271,621.0,0.8272,937.0
1753599990447,07:06:30.447,gateio,ADA/USDT:USDT,0.8269,1532.0,0.8268,1999.0,0.8271,621.0,0.8272,906.0
1753599990713,07:06:30.713,gateio,ADA/USDT:USDT,0.8269,991.0,0.8268,2030.0,0.827,400.0,0.8271,621.0
1753599991041,07:06:31.041,gateio,ADA/USDT:USDT,0.8269,991.0,0.8268,1999.0,0.827,400.0,0.8271,652.0
1753599991147,07:06:31.147,gateio,ADA/USDT:USDT,0.8269,991.0,0.8268,1999.0,0.827,400.0,0.8271,652.0
1753599991234,07:06:31.234,gateio,ADA/USDT:USDT,0.8269,991.0,0.8268,1999.0,0.827,400.0,0.8271,652.0
1753599991327,07:06:31.327,gateio,ADA/USDT:USDT,0.8269,991.0,0.8268,2030.0,0.827,400.0,0.8271,621.0
1753599991441,07:06:31.441,gateio,ADA/USDT:USDT,0.8269,941.0,0.8268,1381.0,0.827,400.0,0.8271,621.0
1753599991505,07:06:31.505,gateio,ADA/USDT:USDT,0.8269,941.0,0.8268,1350.0,0.827,400.0,0.8271,652.0
1753599991744,07:06:31.744,gateio,ADA/USDT:USDT,0.8269,863.0,0.8268,1459.0,0.827,400.0,0.8271,621.0
1753599991836,07:06:31.836,gateio,ADA/USDT:USDT,0.8269,972.0,0.8268,1381.0,0.827,400.0,0.8271,621.0
1753599991947,07:06:31.947,gateio,ADA/USDT:USDT,0.8269,1003.0,0.8268,1381.0,0.827,400.0,0.8271,621.0
1753599992013,07:06:32.013,gateio,ADA/USDT:USDT,0.8269,1003.0,0.8268,1381.0,0.827,400.0,0.8271,621.0
1753599992130,07:06:32.130,gateio,ADA/USDT:USDT,0.8269,1003.0,0.8268,1381.0,0.827,400.0,0.8271,621.0
1753599992234,07:06:32.234,gateio,ADA/USDT:USDT,0.8269,941.0,0.8268,1381.0,0.827,400.0,0.8271,621.0
1753599992349,07:06:32.349,gateio,ADA/USDT:USDT,0.8269,1076.0,0.8268,1381.0,0.8271,400.0,0.8272,875.0
1753599992441,07:06:32.441,gateio,ADA/USDT:USDT,0.827,64.0,0.8269,2096.0,0.8271,400.0,0.8272,875.0
1753599992543,07:06:32.543,gateio,ADA/USDT:USDT,0.827,49.0,0.8269,2096.0,0.8271,400.0,0.8272,875.0
1753599992591,07:06:32.591,gateio,ADA/USDT:USDT,0.827,49.0,0.8269,2127.0,0.8271,400.0,0.8272,875.0
1753599992702,07:06:32.702,gateio,ADA/USDT:USDT,0.827,49.0,0.8269,2127.0,0.8271,400.0,0.8272,875.0
1753599992805,07:06:32.805,gateio,ADA/USDT:USDT,0.827,49.0,0.8269,2127.0,0.8271,400.0,0.8272,875.0
1753599992937,07:06:32.937,gateio,ADA/USDT:USDT,0.827,270.0,0.8269,2127.0,0.8271,400.0,0.8272,875.0
1753599993048,07:06:33.048,gateio,ADA/USDT:USDT,0.827,270.0,0.8269,2158.0,0.8271,400.0,0.8272,875.0
1753599993096,07:06:33.096,gateio,ADA/USDT:USDT,0.827,270.0,0.8269,2158.0,0.8271,400.0,0.8272,875.0
1753599993241,07:06:33.241,gateio,ADA/USDT:USDT,0.827,320.0,0.8269,2127.0,0.8271,400.0,0.8272,875.0
1753599993332,07:06:33.332,gateio,ADA/USDT:USDT,0.827,320.0,0.8269,2127.0,0.8271,400.0,0.8272,875.0
1753599993535,07:06:33.535,gateio,ADA/USDT:USDT,0.827,99.0,0.8269,1832.0,0.8271,400.0,0.8272,875.0
1753599993575,07:06:33.575,gateio,ADA/USDT:USDT,0.827,99.0,0.8269,1801.0,0.8271,400.0,0.8272,906.0
1753599993743,07:06:33.743,gateio,ADA/USDT:USDT,0.8269,1591.0,0.8268,1319.0,0.8271,621.0,0.8272,906.0
1753599993773,07:06:33.773,gateio,ADA/USDT:USDT,0.8269,1730.0,0.8268,2077.0,0.8271,621.0,0.8272,906.0
1753599993910,07:06:33.910,gateio,ADA/USDT:USDT,0.8269,1761.0,0.8268,2077.0,0.8271,621.0,0.8272,906.0
1753599994033,07:06:34.033,gateio,ADA/USDT:USDT,0.8269,1761.0,0.8268,2077.0,0.8271,621.0,0.8272,906.0
1753599994138,07:06:34.138,gateio,ADA/USDT:USDT,0.8269,1730.0,0.8268,2077.0,0.8271,621.0,0.8272,906.0
1753599994224,07:06:34.224,gateio,ADA/USDT:USDT,0.8269,1761.0,0.8268,2077.0,0.8271,400.0,0.8272,906.0
1753599994346,07:06:34.346,gateio,ADA/USDT:USDT,0.8269,1730.0,0.8268,2077.0,0.8271,400.0,0.8272,906.0
1753599994441,07:06:34.441,gateio,ADA/USDT:USDT,0.8269,1730.0,0.8268,2077.0,0.8271,400.0,0.8272,906.0
1753599994536,07:06:34.536,gateio,ADA/USDT:USDT,0.8269,1777.0,0.8268,1999.0,0.8271,652.0,0.8272,875.0
1753599994644,07:06:34.644,gateio,ADA/USDT:USDT,0.8269,1212.0,0.8268,1999.0,0.827,400.0,0.8271,621.0
1753599994717,07:06:34.717,gateio,ADA/USDT:USDT,0.8269,1212.0,0.8268,1319.0,0.827,400.0,0.8271,621.0
1753599994841,07:06:34.841,gateio,ADA/USDT:USDT,0.8269,1212.0,0.8268,1319.0,0.827,400.0,0.8271,621.0
1753599994905,07:06:34.905,gateio,ADA/USDT:USDT,0.8269,1212.0,0.8268,1350.0,0.827,400.0,0.8271,621.0
1753599995043,07:06:35.043,gateio,ADA/USDT:USDT,0.8269,1212.0,0.8268,1381.0,0.827,400.0,0.8271,621.0
1753599995118,07:06:35.118,gateio,ADA/USDT:USDT,0.8269,1212.0,0.8268,1381.0,0.827,400.0,0.8271,621.0
1753599995249,07:06:35.249,gateio,ADA/USDT:USDT,0.8269,1212.0,0.8268,1319.0,0.827,400.0,0.8271,621.0
1753599995341,07:06:35.341,gateio,ADA/USDT:USDT,0.8269,1212.0,0.8268,1381.0,0.827,400.0,0.8271,621.0
1753599995448,07:06:35.448,gateio,ADA/USDT:USDT,0.8269,1238.0,0.8268,1459.0,0.827,50.0,0.8271,621.0
1753599995546,07:06:35.546,gateio,ADA/USDT:USDT,0.8269,1269.0,0.8268,1459.0,0.827,50.0,0.8271,621.0
1753599995642,07:06:35.642,gateio,ADA/USDT:USDT,0.8269,1207.0,0.8268,1459.0,0.827,50.0,0.8271,621.0
1753599995745,07:06:35.745,gateio,ADA/USDT:USDT,0.8269,1207.0,0.8268,1459.0,0.827,50.0,0.8271,621.0
1753599995847,07:06:35.847,gateio,ADA/USDT:USDT,0.8269,1207.0,0.8268,1397.0,0.827,50.0,0.8271,652.0
1753599995935,07:06:35.935,gateio,ADA/USDT:USDT,0.8269,1207.0,0.8268,1397.0,0.827,50.0,0.8271,621.0
1753599996029,07:06:36.029,gateio,ADA/USDT:USDT,0.8269,1207.0,0.8268,1397.0,0.827,50.0,0.8271,621.0
1753599996128,07:06:36.128,gateio,ADA/USDT:USDT,0.8269,1207.0,0.8268,1459.0,0.827,50.0,0.8271,621.0
1753599996233,07:06:36.233,gateio,ADA/USDT:USDT,0.8269,1347.0,0.8268,1381.0,0.8271,400.0,0.8272,875.0
1753599996343,07:06:36.343,gateio,ADA/USDT:USDT,0.827,49.0,0.8269,2127.0,0.8271,400.0,0.8272,875.0
1753599996449,07:06:36.449,gateio,ADA/USDT:USDT,0.827,49.0,0.8269,2158.0,0.8271,400.0,0.8272,875.0
1753599996547,07:06:36.547,gateio,ADA/USDT:USDT,0.827,490.0,0.8269,2524.0,0.8271,400.0,0.8272,875.0
1753599996612,07:06:36.612,gateio,ADA/USDT:USDT,0.827,335.0,0.8269,2524.0,0.8271,400.0,0.8272,875.0
1753599996731,07:06:36.731,gateio,ADA/USDT:USDT,0.827,335.0,0.8269,2493.0,0.8271,400.0,0.8272,875.0
1753599996840,07:06:36.840,gateio,ADA/USDT:USDT,0.827,335.0,0.8269,2524.0,0.8271,400.0,0.8272,875.0
1753599996906,07:06:36.906,gateio,ADA/USDT:USDT,0.827,335.0,0.8269,2524.0,0.8271,400.0,0.8272,875.0
1753599997044,07:06:37.044,gateio,ADA/USDT:USDT,0.827,366.0,0.8269,2524.0,0.8271,400.0,0.8272,875.0
1753599997098,07:06:37.098,gateio,ADA/USDT:USDT,0.827,114.0,0.8269,2524.0,0.8271,400.0,0.8272,906.0
1753599997207,07:06:37.207,gateio,ADA/USDT:USDT,0.827,114.0,0.8269,2524.0,0.8271,400.0,0.8272,906.0
1753599997336,07:06:37.336,gateio,ADA/USDT:USDT,0.827,114.0,0.8269,2229.0,0.8271,400.0,0.8272,875.0
1753599997453,07:06:37.453,gateio,ADA/USDT:USDT,0.827,114.0,0.8269,2229.0,0.8271,400.0,0.8272,875.0
1753599997600,07:06:37.600,gateio,ADA/USDT:USDT,0.827,114.0,0.8269,2229.0,0.8271,400.0,0.8272,906.0
1753599997699,07:06:37.699,gateio,ADA/USDT:USDT,0.827,114.0,0.8269,2229.0,0.8271,400.0,0.8272,875.0
1753599997812,07:06:37.812,gateio,ADA/USDT:USDT,0.827,64.0,0.8269,2229.0,0.8271,400.0,0.8272,875.0
1753599997870,07:06:37.870,gateio,ADA/USDT:USDT,0.827,64.0,0.8269,2229.0,0.8271,400.0,0.8272,875.0
1753599998003,07:06:38.003,gateio,ADA/USDT:USDT,0.827,285.0,0.8269,2229.0,0.8271,400.0,0.8272,875.0
1753599998100,07:06:38.100,gateio,ADA/USDT:USDT,0.827,285.0,0.8269,2229.0,0.8271,400.0,0.8272,875.0
1753599998234,07:06:38.234,gateio,ADA/USDT:USDT,0.827,316.0,0.8269,2229.0,0.8271,400.0,0.8272,875.0
1753599998326,07:06:38.326,gateio,ADA/USDT:USDT,0.827,316.0,0.8269,2229.0,0.8271,400.0,0.8272,875.0
1753599998382,07:06:38.382,gateio,ADA/USDT:USDT,0.827,347.0,0.8269,2229.0,0.8271,400.0,0.8272,875.0
1753599998481,07:06:38.481,gateio,ADA/USDT:USDT,0.827,95.0,0.8269,2229.0,0.8271,400.0,0.8272,875.0
1753599998635,07:06:38.635,gateio,ADA/USDT:USDT,0.827,64.0,0.8269,2198.0,0.8271,400.0,0.8272,937.0
1753599998653,07:06:38.653,gateio,ADA/USDT:USDT,0.827,64.0,0.8269,2198.0,0.8271,400.0,0.8272,906.0
1753599998847,07:06:38.847,gateio,ADA/USDT:USDT,0.827,15.0,0.8269,2167.0,0.8271,400.0,0.8272,937.0
1753599998944,07:06:38.944,gateio,ADA/USDT:USDT,0.8269,1837.0,0.8268,989.0,0.8271,400.0,0.8272,906.0
1753599998973,07:06:38.973,gateio,ADA/USDT:USDT,0.8269,2130.0,0.8268,1999.0,0.8271,400.0,0.8272,906.0
1753599999056,07:06:39.056,gateio,ADA/USDT:USDT,0.8269,2161.0,0.8268,1999.0,0.8271,400.0,0.8272,906.0
1753599999231,07:06:39.231,gateio,ADA/USDT:USDT,0.8269,1764.0,0.8268,1999.0,0.8271,400.0,0.8272,906.0
1753599999349,07:06:39.349,gateio,ADA/USDT:USDT,0.8269,1764.0,0.8268,1999.0,0.8271,400.0,0.8272,906.0
1753599999406,07:06:39.406,gateio,ADA/USDT:USDT,0.8269,1826.0,0.8268,1999.0,0.8271,400.0,0.8272,875.0
1753600000013,07:06:40.013,gateio,ADA/USDT:USDT,0.8269,1622.0,0.8268,1319.0,0.8271,400.0,0.8272,875.0
1753600000226,07:06:40.226,gateio,ADA/USDT:USDT,0.8269,1622.0,0.8268,1319.0,0.8271,400.0,0.8272,875.0
1753600000348,07:06:40.348,gateio,ADA/USDT:USDT,0.827,154.0,0.8269,1988.0,0.8272,875.0,0.8273,1437.0
1753600000446,07:06:40.446,gateio,ADA/USDT:USDT,0.8272,49.0,0.8271,736.0,0.8273,272.0,0.8274,618.0
1753600000543,07:06:40.543,gateio,ADA/USDT:USDT,0.8272,49.0,0.8271,736.0,0.8273,622.0,0.8274,968.0
1753600000640,07:06:40.640,gateio,ADA/USDT:USDT,0.8271,1291.0,0.827,1114.0,0.8272,50.0,0.8273,622.0
1753600000749,07:06:40.749,gateio,ADA/USDT:USDT,0.8271,1052.0,0.827,1145.0,0.8272,400.0,0.8273,622.0
1753600000840,07:06:40.840,gateio,ADA/USDT:USDT,0.8271,1021.0,0.827,1145.0,0.8272,400.0,0.8273,622.0
1753600000934,07:06:40.934,gateio,ADA/USDT:USDT,0.8271,1052.0,0.827,1145.0,0.8272,400.0,0.8273,622.0
1753600001007,07:06:41.007,gateio,ADA/USDT:USDT,0.8271,1052.0,0.827,1145.0,0.8272,400.0,0.8273,622.0
1753600001150,07:06:41.150,gateio,ADA/USDT:USDT,0.8271,862.0,0.827,595.0,0.8272,621.0,0.8273,622.0
1753600001193,07:06:41.193,gateio,ADA/USDT:USDT,0.8271,862.0,0.827,631.0,0.8272,621.0,0.8273,622.0
1753600001291,07:06:41.291,gateio,ADA/USDT:USDT,0.8271,862.0,0.827,631.0,0.8272,621.0,0.8273,653.0
1753600001426,07:06:41.426,gateio,ADA/USDT:USDT,0.827,1579.0,0.8269,1514.0,0.8272,621.0,0.8273,622.0
1753600001532,07:06:41.532,gateio,ADA/USDT:USDT,0.827,1799.0,0.8269,2194.0,0.8272,621.0,0.8273,622.0
1753600001645,07:06:41.645,gateio,ADA/USDT:USDT,0.8271,49.0,0.827,1799.0,0.8272,621.0,0.8273,653.0
1753600001733,07:06:41.733,gateio,ADA/USDT:USDT,0.8271,49.0,0.827,2129.0,0.8272,621.0,0.8273,653.0
1753600001771,07:06:41.771,gateio,ADA/USDT:USDT,0.8271,49.0,0.827,2129.0,0.8272,621.0,0.8273,684.0
1753600001911,07:06:41.911,gateio,ADA/USDT:USDT,0.8271,49.0,0.827,2129.0,0.8272,621.0,0.8273,804.0
1753600002202,07:06:42.202,gateio,ADA/USDT:USDT,0.8271,49.0,0.827,2129.0,0.8272,621.0,0.8273,804.0
1753600002314,07:06:42.314,gateio,ADA/USDT:USDT,0.8271,49.0,0.827,2129.0,0.8272,621.0,0.8273,773.0
1753600002353,07:06:42.353,gateio,ADA/USDT:USDT,0.8271,49.0,0.827,2129.0,0.8272,621.0,0.8273,773.0
1753600002513,07:06:42.513,gateio,ADA/USDT:USDT,0.8271,49.0,0.827,1909.0,0.8272,621.0,0.8273,773.0
1753600002649,07:06:42.649,gateio,ADA/USDT:USDT,0.8271,49.0,0.827,1909.0,0.8272,621.0,0.8273,773.0
1753600002700,07:06:42.700,gateio,ADA/USDT:USDT,0.827,1641.0,0.8269,1184.0,0.8272,621.0,0.8273,622.0
1753600002804,07:06:42.804,gateio,ADA/USDT:USDT,0.827,1783.0,0.8269,2272.0,0.8272,400.0,0.8273,622.0
1753600003035,07:06:43.035,gateio,ADA/USDT:USDT,0.827,1830.0,0.8269,2194.0,0.8272,400.0,0.8273,622.0
1753600003144,07:06:43.144,gateio,ADA/USDT:USDT,0.827,1861.0,0.8269,2194.0,0.8272,400.0,0.8273,622.0
1753600003247,07:06:43.247,gateio,ADA/USDT:USDT,0.8271,302.0,0.827,1861.0,0.8272,400.0,0.8273,622.0
1753600003342,07:06:43.342,gateio,ADA/USDT:USDT,0.8271,302.0,0.827,2191.0,0.8272,400.0,0.8273,622.0
1753600003616,07:06:43.616,gateio,ADA/USDT:USDT,0.8271,271.0,0.827,2191.0,0.8272,400.0,0.8273,622.0
1753600003734,07:06:43.734,gateio,ADA/USDT:USDT,0.8271,271.0,0.827,2191.0,0.8272,400.0,0.8273,622.0
1753600003846,07:06:43.846,gateio,ADA/USDT:USDT,0.8271,271.0,0.827,1971.0,0.8272,400.0,0.8273,622.0
1753600003948,07:06:43.948,gateio,ADA/USDT:USDT,0.8271,50.0,0.827,1862.0,0.8272,621.0,0.8273,622.0
1753600004005,07:06:44.005,gateio,ADA/USDT:USDT,0.8271,50.0,0.827,1831.0,0.8272,621.0,0.8273,653.0
1753600004242,07:06:44.242,gateio,ADA/USDT:USDT,0.8271,50.0,0.827,1831.0,0.8272,621.0,0.8273,653.0
1753600004293,07:06:44.293,gateio,ADA/USDT:USDT,0.8271,50.0,0.827,1893.0,0.8272,621.0,0.8273,622.0
1753600004433,07:06:44.433,gateio,ADA/USDT:USDT,0.8271,271.0,0.827,1971.0,0.8272,400.0,0.8273,622.0
1753600004454,07:06:44.454,gateio,ADA/USDT:USDT,0.8271,302.0,0.827,1971.0,0.8272,400.0,0.8273,622.0
1753600004628,07:06:44.628,gateio,ADA/USDT:USDT,0.8271,271.0,0.827,1971.0,0.8272,400.0,0.8273,622.0
1753600004695,07:06:44.695,gateio,ADA/USDT:USDT,0.8271,130.0,0.827,1971.0,0.8272,400.0,0.8273,622.0
1753600004811,07:06:44.811,gateio,ADA/USDT:USDT,0.8271,99.0,0.827,1971.0,0.8272,400.0,0.8273,622.0
1753600004867,07:06:44.867,gateio,ADA/USDT:USDT,0.8271,99.0,0.827,1971.0,0.8272,400.0,0.8273,622.0
1753600005211,07:06:45.211,gateio,ADA/USDT:USDT,0.8271,99.0,0.827,1971.0,0.8272,400.0,0.8273,622.0
1753600005317,07:06:45.317,gateio,ADA/USDT:USDT,0.8271,50.0,0.827,1940.0,0.8272,400.0,0.8273,653.0
1753600005402,07:06:45.402,gateio,ADA/USDT:USDT,0.827,1610.0,0.8269,1514.0,0.8272,400.0,0.8273,653.0
1753600005547,07:06:45.547,gateio,ADA/USDT:USDT,0.827,50.0,0.8269,1660.0,0.8271,725.0,0.8272,683.0
1753600005645,07:06:45.645,gateio,ADA/USDT:USDT,0.827,862.0,0.8269,1540.0,0.8271,621.0,0.8272,683.0
1753600005950,07:06:45.950,gateio,ADA/USDT:USDT,0.8269,2254.0,0.8268,1067.0,0.8271,621.0,0.8272,652.0
1753600006013,07:06:46.013,gateio,ADA/USDT:USDT,0.8269,1656.0,0.8268,1397.0,0.8271,621.0,0.8272,652.0
1753600006130,07:06:46.130,gateio,ADA/USDT:USDT,0.8269,1796.0,0.8268,1319.0,0.8271,400.0,0.8272,621.0
1753600006333,07:06:46.333,gateio,ADA/USDT:USDT,0.8269,1765.0,0.8268,1319.0,0.8271,400.0,0.8272,621.0
1753600006353,07:06:46.353,gateio,ADA/USDT:USDT,0.8269,1734.0,0.8268,1319.0,0.8271,400.0,0.8272,621.0
1753600006521,07:06:46.521,gateio,ADA/USDT:USDT,0.8269,1656.0,0.8268,1319.0,0.8271,400.0,0.8272,621.0
1753600006570,07:06:46.570,gateio,ADA/USDT:USDT,0.8269,1656.0,0.8268,1319.0,0.8271,400.0,0.8272,621.0
1753600006733,07:06:46.733,gateio,ADA/USDT:USDT,0.8269,1656.0,0.8268,1397.0,0.8271,621.0,0.8272,652.0
1753600006834,07:06:46.834,gateio,ADA/USDT:USDT,0.8269,110.0,0.8268,1575.0,0.827,621.0,0.8271,652.0
1753600006936,07:06:46.936,gateio,ADA/USDT:USDT,0.8268,621.0,0.8267,1043.0,0.827,621.0,0.8271,652.0
1753600007041,07:06:47.041,gateio,ADA/USDT:USDT,0.8268,1405.0,0.8267,1121.0,0.827,621.0,0.8271,652.0
1753600007147,07:06:47.147,gateio,ADA/USDT:USDT,0.8268,1061.0,0.8267,1152.0,0.8269,621.0,0.827,652.0
1753600007247,07:06:47.247,gateio,ADA/USDT:USDT,0.8267,78.0,0.8266,903.0,0.8268,621.0,0.8269,896.0
1753600007345,07:06:47.345,gateio,ADA/USDT:USDT,0.8266,50.0,0.8265,907.0,0.8267,388.0,0.8268,621.0
1753600007445,07:06:47.445,gateio,ADA/USDT:USDT,0.8266,1221.0,0.8265,1237.0,0.8267,388.0,0.8268,621.0
1753600007533,07:06:47.533,gateio,ADA/USDT:USDT,0.8266,1133.0,0.8265,1206.0,0.8267,388.0,0.8268,683.0
1753600007619,07:06:47.619,gateio,ADA/USDT:USDT,0.8266,1133.0,0.8265,1237.0,0.8267,350.0,0.8268,621.0
1753600007749,07:06:47.749,gateio,ADA/USDT:USDT,0.8268,373.0,0.8267,1170.0,0.8269,731.0,0.827,271.0
1753600007835,07:06:47.835,gateio,ADA/USDT:USDT,0.8268,558.0,0.8267,1232.0,0.8269,50.0,0.827,271.0
1753600007941,07:06:47.941,gateio,ADA/USDT:USDT,0.8268,423.0,0.8267,1232.0,0.8269,50.0,0.827,621.0
1753600008049,07:06:48.049,gateio,ADA/USDT:USDT,0.8267,978.0,0.8266,2380.0,0.8269,271.0,0.827,652.0
1753600008126,07:06:48.126,gateio,ADA/USDT:USDT,0.8267,978.0,0.8266,3060.0,0.8269,271.0,0.827,1333.0
1753600008214,07:06:48.214,gateio,ADA/USDT:USDT,0.8267,978.0,0.8266,3060.0,0.8269,271.0,0.827,1364.0
1753600008344,07:06:48.344,gateio,ADA/USDT:USDT,0.8267,978.0,0.8266,3091.0,0.8269,271.0,0.827,1364.0
1753600008381,07:06:48.381,gateio,ADA/USDT:USDT,0.8267,978.0,0.8266,3169.0,0.8269,621.0,0.827,1364.0
1753600008475,07:06:48.475,gateio,ADA/USDT:USDT,0.8267,978.0,0.8266,3169.0,0.8269,621.0,0.827,1364.0
1753600008841,07:06:48.841,gateio,ADA/USDT:USDT,0.8268,49.0,0.8267,978.0,0.8269,621.0,0.827,1364.0
1753600008898,07:06:48.898,gateio,ADA/USDT:USDT,0.8268,49.0,0.8267,978.0,0.8269,621.0,0.827,1364.0
1753600009013,07:06:49.013,gateio,ADA/USDT:USDT,0.8268,49.0,0.8267,978.0,0.8269,621.0,0.827,1364.0
1753600009127,07:06:49.127,gateio,ADA/USDT:USDT,0.8268,49.0,0.8267,978.0,0.8269,621.0,0.827,683.0
1753600009349,07:06:49.349,gateio,ADA/USDT:USDT,0.8268,49.0,0.8267,1009.0,0.8269,400.0,0.827,652.0
1753600009426,07:06:49.426,gateio,ADA/USDT:USDT,0.8268,351.0,0.8267,1040.0,0.8269,400.0,0.827,621.0
1753600009525,07:06:49.525,gateio,ADA/USDT:USDT,0.8268,351.0,0.8267,1118.0,0.8269,400.0,0.827,621.0
1753600009633,07:06:49.633,gateio,ADA/USDT:USDT,0.8268,99.0,0.8267,1118.0,0.8269,400.0,0.827,621.0
1753600009713,07:06:49.713,gateio,ADA/USDT:USDT,0.8268,99.0,0.8267,1118.0,0.8269,400.0,0.827,621.0
1753600009926,07:06:49.926,gateio,ADA/USDT:USDT,0.8268,99.0,0.8267,1118.0,0.8269,400.0,0.827,621.0
1753600010038,07:06:50.038,gateio,ADA/USDT:USDT,0.8268,99.0,0.8267,1118.0,0.8269,400.0,0.827,621.0
1753600010149,07:06:50.149,gateio,ADA/USDT:USDT,0.8268,50.0,0.8267,1118.0,0.8269,400.0,0.827,621.0
1753600010188,07:06:50.188,gateio,ADA/USDT:USDT,0.8268,50.0,0.8267,1118.0,0.8269,400.0,0.827,621.0
1753600010319,07:06:50.319,gateio,ADA/USDT:USDT,0.8268,50.0,0.8267,1087.0,0.8269,400.0,0.827,621.0
1753600010427,07:06:50.427,gateio,ADA/USDT:USDT,0.8268,50.0,0.8267,1118.0,0.8269,400.0,0.827,621.0
1753600010536,07:06:50.536,gateio,ADA/USDT:USDT,0.8267,1087.0,0.8266,2380.0,0.8269,621.0,0.827,652.0
1753600010617,07:06:50.617,gateio,ADA/USDT:USDT,0.8267,1009.0,0.8266,2458.0,0.8269,621.0,0.827,1333.0
1753600010785,07:06:50.785,gateio,ADA/USDT:USDT,0.8267,1040.0,0.8266,2458.0,0.8269,400.0,0.827,1302.0
1753600010936,07:06:50.936,gateio,ADA/USDT:USDT,0.8267,1040.0,0.8266,2458.0,0.8269,400.0,0.827,1302.0
1753600011025,07:06:51.025,gateio,ADA/USDT:USDT,0.8267,1009.0,0.8266,2458.0,0.8269,621.0,0.827,1302.0
1753600011109,07:06:51.109,gateio,ADA/USDT:USDT,0.8267,978.0,0.8266,2458.0,0.8269,621.0,0.827,1302.0
1753600011218,07:06:51.218,gateio,ADA/USDT:USDT,0.8267,978.0,0.8266,2458.0,0.8269,621.0,0.827,1364.0
1753600011332,07:06:51.332,gateio,ADA/USDT:USDT,0.8267,1009.0,0.8266,2458.0,0.8269,621.0,0.827,1333.0
1753600011368,07:06:51.368,gateio,ADA/USDT:USDT,0.8267,1009.0,0.8266,2458.0,0.8269,621.0,0.827,1333.0
1753600011535,07:06:51.535,gateio,ADA/USDT:USDT,0.8267,1040.0,0.8266,2458.0,0.8269,621.0,0.827,1302.0
1753600011577,07:06:51.577,gateio,ADA/USDT:USDT,0.8267,1040.0,0.8266,2458.0,0.8269,621.0,0.827,621.0
1753600011757,07:06:51.757,gateio,ADA/USDT:USDT,0.8267,1040.0,0.8266,2458.0,0.8269,621.0,0.827,621.0
1753600011889,07:06:51.889,gateio,ADA/USDT:USDT,0.8267,1009.0,0.8266,2458.0,0.8269,621.0,0.827,621.0
1753600012046,07:06:52.046,gateio,ADA/USDT:USDT,0.8267,1009.0,0.8266,2458.0,0.8269,621.0,0.827,621.0
1753600012073,07:06:52.073,gateio,ADA/USDT:USDT,0.8267,1009.0,0.8266,2458.0,0.8269,621.0,0.827,621.0
1753600012244,07:06:52.244,gateio,ADA/USDT:USDT,0.8267,1040.0,0.8266,2458.0,0.8269,621.0,0.827,621.0
1753600012338,07:06:52.338,gateio,ADA/USDT:USDT,0.8267,1040.0,0.8266,2458.0,0.8269,400.0,0.827,621.0
1753600012442,07:06:52.442,gateio,ADA/USDT:USDT,0.8268,449.0,0.8267,1040.0,0.8269,400.0,0.827,621.0
1753600012544,07:06:52.544,gateio,ADA/USDT:USDT,0.8268,480.0,0.8267,1040.0,0.8269,400.0,0.827,621.0
1753600012595,07:06:52.595,gateio,ADA/USDT:USDT,0.8268,480.0,0.8267,1040.0,0.8269,400.0,0.827,621.0
1753600012719,07:06:52.719,gateio,ADA/USDT:USDT,0.8268,449.0,0.8267,1040.0,0.8269,400.0,0.827,621.0
1753600012813,07:06:52.813,gateio,ADA/USDT:USDT,0.8268,732.0,0.8267,1118.0,0.8269,400.0,0.827,621.0
1753600012913,07:06:52.913,gateio,ADA/USDT:USDT,0.8268,842.0,0.8267,1118.0,0.827,621.0,0.8271,2005.0
1753600013026,07:06:53.026,gateio,ADA/USDT:USDT,0.8268,884.0,0.8267,1087.0,0.827,621.0,0.8271,2005.0
1753600013134,07:06:53.134,gateio,ADA/USDT:USDT,0.8269,538.0,0.8268,915.0,0.827,50.0,0.8271,952.0
1753600013232,07:06:53.232,gateio,ADA/USDT:USDT,0.827,49.0,0.8269,1332.0,0.8271,271.0,0.8272,1354.0
1753600013333,07:06:53.333,gateio,ADA/USDT:USDT,0.827,49.0,0.8269,915.0,0.8271,621.0,0.8272,1735.0
1753600013425,07:06:53.425,gateio,ADA/USDT:USDT,0.827,49.0,0.8269,1196.0,0.8271,621.0,0.8272,1735.0
1753600013678,07:06:53.678,gateio,ADA/USDT:USDT,0.8269,915.0,0.8268,1584.0,0.8271,633.0,0.8272,1735.0
1753600013848,07:06:53.848,gateio,ADA/USDT:USDT,0.8269,1184.0,0.8268,2264.0,0.8271,633.0,0.8272,1735.0
1753600014005,07:06:54.005,gateio,ADA/USDT:USDT,0.8269,1184.0,0.8268,2264.0,0.8271,633.0,0.8272,1385.0
1753600014112,07:06:54.112,gateio,ADA/USDT:USDT,0.8269,1184.0,0.8268,2264.0,0.8271,637.0,0.8272,1385.0
1753600014247,07:06:54.247,gateio,ADA/USDT:USDT,0.827,50.0,0.8269,1184.0,0.8271,637.0,0.8272,1385.0
1753600014349,07:06:54.349,gateio,ADA/USDT:USDT,0.8269,1730.0,0.8268,2404.0,0.8271,275.0,0.8272,1133.0
1753600014444,07:06:54.444,gateio,ADA/USDT:USDT,0.8269,1730.0,0.8268,2404.0,0.8271,275.0,0.8272,1133.0
1753600014533,07:06:54.533,gateio,ADA/USDT:USDT,0.827,449.0,0.8269,2455.0,0.8271,54.0,0.8272,271.0
1753600014633,07:06:54.633,gateio,ADA/USDT:USDT,0.827,480.0,0.8269,2455.0,0.8271,54.0,0.8272,271.0
1753600014744,07:06:54.744,gateio,ADA/USDT:USDT,0.827,480.0,0.8269,2455.0,0.8271,54.0,0.8272,271.0
1753600014847,07:06:54.847,gateio,ADA/USDT:USDT,0.827,99.0,0.8269,2186.0,0.8271,54.0,0.8272,271.0
1753600014919,07:06:54.919,gateio,ADA/USDT:USDT,0.827,99.0,0.8269,2186.0,0.8271,54.0,0.8272,271.0
1753600015047,07:06:55.047,gateio,ADA/USDT:USDT,0.827,270.0,0.8269,1820.0,0.8271,54.0,0.8272,271.0
1753600015112,07:06:55.112,gateio,ADA/USDT:USDT,0.827,49.0,0.8269,1742.0,0.8271,54.0,0.8272,271.0
1753600015182,07:06:55.182,gateio,ADA/USDT:USDT,0.827,49.0,0.8269,1742.0,0.8271,54.0,0.8272,271.0
1753600015346,07:06:55.346,gateio,ADA/USDT:USDT,0.8269,616.0,0.8268,1882.0,0.827,621.0,0.8271,656.0
1753600015448,07:06:55.448,gateio,ADA/USDT:USDT,0.8268,912.0,0.8267,872.0,0.8269,400.0,0.827,621.0
1753600015549,07:06:55.549,gateio,ADA/USDT:USDT,0.8267,1386.0,0.8266,1230.0,0.8268,50.0,0.8269,621.0
1753600015628,07:06:55.628,gateio,ADA/USDT:USDT,0.8267,1368.0,0.8266,1105.0,0.8269,652.0,0.827,1056.0
1753600015734,07:06:55.734,gateio,ADA/USDT:USDT,0.8267,1472.0,0.8266,1471.0,0.8269,400.0,0.827,1056.0
1753600015837,07:06:55.837,gateio,ADA/USDT:USDT,0.8267,1472.0,0.8266,1471.0,0.8269,400.0,0.827,1056.0
1753600015948,07:06:55.948,gateio,ADA/USDT:USDT,0.8267,1503.0,0.8266,1471.0,0.8269,400.0,0.827,621.0
1753600015992,07:06:55.992,gateio,ADA/USDT:USDT,0.8267,1503.0,0.8266,1471.0,0.8269,400.0,0.827,621.0
1753600016201,07:06:56.201,gateio,ADA/USDT:USDT,0.8267,1503.0,0.8266,1471.0,0.8269,400.0,0.827,621.0
1753600016834,07:06:56.834,gateio,ADA/USDT:USDT,0.8267,1503.0,0.8266,1471.0,0.8269,400.0,0.827,621.0
1753600017026,07:06:57.026,gateio,ADA/USDT:USDT,0.8267,1503.0,0.8266,1471.0,0.8269,400.0,0.827,621.0
1753600017098,07:06:57.098,gateio,ADA/USDT:USDT,0.8267,1503.0,0.8266,1471.0,0.8269,400.0,0.827,621.0
1753600017242,07:06:57.242,gateio,ADA/USDT:USDT,0.8268,99.0,0.8267,1503.0,0.8269,404.0,0.827,621.0
1753600017342,07:06:57.342,gateio,ADA/USDT:USDT,0.8268,99.0,0.8267,1778.0,0.8269,404.0,0.827,621.0
1753600017395,07:06:57.395,gateio,ADA/USDT:USDT,0.8268,99.0,0.8267,1778.0,0.8269,404.0,0.827,621.0
1753600017643,07:06:57.643,gateio,ADA/USDT:USDT,0.8268,50.0,0.8267,1825.0,0.8269,404.0,0.827,652.0
1753600017746,07:06:57.746,gateio,ADA/USDT:USDT,0.8268,50.0,0.8267,1747.0,0.8269,625.0,0.827,683.0
1753600017859,07:06:57.859,gateio,ADA/USDT:USDT,0.8268,50.0,0.8267,1716.0,0.8269,625.0,0.827,683.0
1753600017954,07:06:57.954,gateio,ADA/USDT:USDT,0.8267,1643.0,0.8266,2151.0,0.8269,625.0,0.827,683.0
1753600018146,07:06:58.146,gateio,ADA/USDT:USDT,0.8267,1643.0,0.8266,2151.0,0.8269,625.0,0.827,683.0
1753600018242,07:06:58.242,gateio,ADA/USDT:USDT,0.8267,1643.0,0.8266,2151.0,0.8269,625.0,0.827,652.0
1753600018340,07:06:58.340,gateio,ADA/USDT:USDT,0.8267,1399.0,0.8266,1471.0,0.8269,625.0,0.827,652.0
1753600018443,07:06:58.443,gateio,ADA/USDT:USDT,0.8267,876.0,0.8266,2364.0,0.8269,625.0,0.827,621.0
1753600018490,07:06:58.490,gateio,ADA/USDT:USDT,0.8267,876.0,0.8266,2364.0,0.8269,625.0,0.827,621.0
1753600018601,07:06:58.601,gateio,ADA/USDT:USDT,0.8267,876.0,0.8266,2364.0,0.8269,625.0,0.827,621.0
1753600018736,07:06:58.736,gateio,ADA/USDT:USDT,0.8267,907.0,0.8266,2364.0,0.8269,625.0,0.827,621.0
1753600018780,07:06:58.780,gateio,ADA/USDT:USDT,0.8267,907.0,0.8266,2364.0,0.8269,625.0,0.827,621.0
1753600019150,07:06:59.150,gateio,ADA/USDT:USDT,0.8267,845.0,0.8266,2333.0,0.8269,625.0,0.827,621.0
1753600019238,07:06:59.238,gateio,ADA/USDT:USDT,0.8267,845.0,0.8266,2333.0,0.8269,625.0,0.827,621.0
1753600019330,07:06:59.330,gateio,ADA/USDT:USDT,0.8267,907.0,0.8266,2333.0,0.8269,625.0,0.827,621.0
1753600019545,07:06:59.545,gateio,ADA/USDT:USDT,0.8267,907.0,0.8266,2333.0,0.8269,404.0,0.827,621.0
1753600019647,07:06:59.647,gateio,ADA/USDT:USDT,0.8267,1058.0,0.8266,2255.0,0.8269,54.0,0.827,621.0
1753600019903,07:06:59.903,gateio,ADA/USDT:USDT,0.8267,1058.0,0.8266,2255.0,0.8269,54.0,0.827,621.0
1753600020014,07:07:00.014,gateio,ADA/USDT:USDT,0.8268,716.0,0.8267,1058.0,0.8269,54.0,0.827,621.0
1753600020109,07:07:00.109,gateio,ADA/USDT:USDT,0.8268,716.0,0.8267,1058.0,0.8269,54.0,0.827,621.0
1753600020249,07:07:00.249,gateio,ADA/USDT:USDT,0.8269,49.0,0.8268,1076.0,0.827,621.0,0.8271,2157.0
1753600020284,07:07:00.284,gateio,ADA/USDT:USDT,0.8269,49.0,0.8268,1061.0,0.827,621.0,0.8271,2157.0
1753600020528,07:07:00.528,gateio,ADA/USDT:USDT,0.8268,780.0,0.8267,996.0,0.827,621.0,0.8271,2188.0
1753600020561,07:07:00.561,gateio,ADA/USDT:USDT,0.8268,780.0,0.8267,996.0,0.827,621.0,0.8271,2188.0
1753600020720,07:07:00.720,gateio,ADA/USDT:USDT,0.8268,50.0,0.8267,996.0,0.8269,400.0,0.827,683.0
1753600020847,07:07:00.847,gateio,ADA/USDT:USDT,0.8267,624.0,0.8266,3013.0,0.8269,621.0,0.827,652.0
1753600020949,07:07:00.949,gateio,ADA/USDT:USDT,0.8267,50.0,0.8266,3044.0,0.8268,400.0,0.8269,621.0
1753600021044,07:07:01.044,gateio,ADA/USDT:USDT,0.8267,50.0,0.8266,3044.0,0.8268,400.0,0.8269,621.0
1753600021311,07:07:01.311,gateio,ADA/USDT:USDT,0.8267,50.0,0.8266,3075.0,0.8268,400.0,0.8269,621.0
1753600021448,07:07:01.448,gateio,ADA/USDT:USDT,0.8267,271.0,0.8266,3075.0,0.8268,400.0,0.8269,621.0
1753600021546,07:07:01.546,gateio,ADA/USDT:USDT,0.8267,50.0,0.8266,3075.0,0.8268,400.0,0.8269,621.0
1753600021571,07:07:01.571,gateio,ADA/USDT:USDT,0.8267,50.0,0.8266,3075.0,0.8268,400.0,0.8269,621.0
1753600021738,07:07:01.738,gateio,ADA/USDT:USDT,0.8267,50.0,0.8266,3075.0,0.8268,400.0,0.8269,621.0
1753600021796,07:07:01.796,gateio,ADA/USDT:USDT,0.8267,50.0,0.8266,2395.0,0.8268,400.0,0.8269,621.0
1753600021873,07:07:01.873,gateio,ADA/USDT:USDT,0.8267,50.0,0.8266,2395.0,0.8268,400.0,0.8269,621.0
1753600022058,07:07:02.058,gateio,ADA/USDT:USDT,0.8267,50.0,0.8266,2395.0,0.8268,400.0,0.8269,621.0
1753600022235,07:07:02.235,gateio,ADA/USDT:USDT,0.8267,400.0,0.8266,2395.0,0.8268,400.0,0.8269,621.0
1753600022273,07:07:02.273,gateio,ADA/USDT:USDT,0.8267,400.0,0.8266,2395.0,0.8268,400.0,0.8269,621.0
1753600022457,07:07:02.457,gateio,ADA/USDT:USDT,0.8267,400.0,0.8266,2395.0,0.8268,400.0,0.8269,621.0
1753600022613,07:07:02.613,gateio,ADA/USDT:USDT,0.8267,400.0,0.8266,2395.0,0.8268,400.0,0.8269,621.0
1753600022725,07:07:02.725,gateio,ADA/USDT:USDT,0.8267,400.0,0.8266,2364.0,0.8268,400.0,0.8269,621.0
1753600022823,07:07:02.823,gateio,ADA/USDT:USDT,0.8267,400.0,0.8266,2395.0,0.8268,400.0,0.8269,621.0
1753600022936,07:07:02.936,gateio,ADA/USDT:USDT,0.8266,2437.0,0.8265,1722.0,0.8268,400.0,0.8269,621.0
1753600023048,07:07:03.048,gateio,ADA/USDT:USDT,0.8266,2656.0,0.8265,2402.0,0.8268,400.0,0.8269,1302.0
1753600023144,07:07:03.144,gateio,ADA/USDT:USDT,0.8266,2656.0,0.8265,2402.0,0.8268,400.0,0.8269,1302.0
1753600023238,07:07:03.238,gateio,ADA/USDT:USDT,0.8267,415.0,0.8266,2625.0,0.8268,50.0,0.8269,1302.0
1753600023295,07:07:03.295,gateio,ADA/USDT:USDT,0.8267,415.0,0.8266,2986.0,0.8268,50.0,0.8269,1302.0
1753600023434,07:07:03.434,gateio,ADA/USDT:USDT,0.8267,446.0,0.8266,2986.0,0.8268,50.0,0.8269,1302.0
1753600023492,07:07:03.492,gateio,ADA/USDT:USDT,0.8267,415.0,0.8266,2986.0,0.8268,54.0,0.8269,1302.0
1753600023646,07:07:03.646,gateio,ADA/USDT:USDT,0.8267,415.0,0.8266,2558.0,0.8268,54.0,0.8269,1333.0
1753600023707,07:07:03.707,gateio,ADA/USDT:USDT,0.8267,415.0,0.8266,2620.0,0.8268,54.0,0.8269,1302.0
1753600023849,07:07:03.849,gateio,ADA/USDT:USDT,0.8267,493.0,0.8266,2620.0,0.8268,54.0,0.8269,1302.0
1753600023918,07:07:03.918,gateio,ADA/USDT:USDT,0.8267,493.0,0.8266,2558.0,0.8268,54.0,0.8269,1364.0
1753600024038,07:07:04.038,gateio,ADA/USDT:USDT,0.8267,78.0,0.8266,2040.0,0.8268,275.0,0.8269,683.0
1753600024233,07:07:04.233,gateio,ADA/USDT:USDT,0.8267,78.0,0.8266,2401.0,0.8268,625.0,0.8269,652.0
1753600024304,07:07:04.304,gateio,ADA/USDT:USDT,0.8267,78.0,0.8266,2432.0,0.8268,625.0,0.8269,621.0
1753600024445,07:07:04.445,gateio,ADA/USDT:USDT,0.8267,127.0,0.8266,2432.0,0.8268,404.0,0.8269,621.0
1753600024534,07:07:04.534,gateio,ADA/USDT:USDT,0.8267,642.0,0.8266,2432.0,0.8268,404.0,0.8269,621.0
1753600024620,07:07:04.620,gateio,ADA/USDT:USDT,0.8267,347.0,0.8266,2432.0,0.8268,404.0,0.8269,621.0
1753600024747,07:07:04.747,gateio,ADA/USDT:USDT,0.8267,356.0,0.8266,2432.0,0.8268,404.0,0.8269,621.0
1753600024843,07:07:04.843,gateio,ADA/USDT:USDT,0.8267,77.0,0.8266,2432.0,0.8268,404.0,0.8269,652.0
1753600024927,07:07:04.927,gateio,ADA/USDT:USDT,0.8267,77.0,0.8266,2401.0,0.8268,404.0,0.8269,683.0
1753600025030,07:07:05.030,gateio,ADA/USDT:USDT,0.8267,77.0,0.8266,2401.0,0.8268,625.0,0.8269,683.0
1753600025119,07:07:05.119,gateio,ADA/USDT:USDT,0.8267,77.0,0.8266,2370.0,0.8268,625.0,0.8269,683.0
1753600025247,07:07:05.247,gateio,ADA/USDT:USDT,0.8267,27.0,0.8266,2401.0,0.8268,625.0,0.8269,683.0
1753600025293,07:07:05.293,gateio,ADA/USDT:USDT,0.8267,27.0,0.8266,2432.0,0.8268,625.0,0.8269,621.0
1753600025416,07:07:05.416,gateio,ADA/USDT:USDT,0.8267,27.0,0.8266,2401.0,0.8268,625.0,0.8269,683.0
1753600025542,07:07:05.542,gateio,ADA/USDT:USDT,0.8267,27.0,0.8266,2401.0,0.8268,404.0,0.8269,621.0
1753600025608,07:07:05.608,gateio,ADA/USDT:USDT,0.8267,27.0,0.8266,2432.0,0.8268,404.0,0.8269,621.0
1753600025718,07:07:05.718,gateio,ADA/USDT:USDT,0.8267,27.0,0.8266,2432.0,0.8268,404.0,0.8269,652.0
1753600025787,07:07:05.787,gateio,ADA/USDT:USDT,0.8267,27.0,0.8266,2432.0,0.8268,404.0,0.8269,652.0
1753600025913,07:07:05.913,gateio,ADA/USDT:USDT,0.8267,27.0,0.8266,2401.0,0.8268,404.0,0.8269,683.0
1753600025954,07:07:05.954,gateio,ADA/USDT:USDT,0.8267,27.0,0.8266,2432.0,0.8268,404.0,0.8269,683.0
1753600026075,07:07:06.075,gateio,ADA/USDT:USDT,0.8267,27.0,0.8266,2432.0,0.8268,404.0,0.8269,683.0
1753600026249,07:07:06.249,gateio,ADA/USDT:USDT,0.8267,36.0,0.8266,2432.0,0.8268,404.0,0.8269,652.0
1753600026332,07:07:06.332,gateio,ADA/USDT:USDT,0.8267,27.0,0.8266,2401.0,0.8268,404.0,0.8269,652.0
1753600026444,07:07:06.444,gateio,ADA/USDT:USDT,0.8266,2040.0,0.8265,1960.0,0.8268,625.0,0.8269,621.0
1753600026545,07:07:06.545,gateio,ADA/USDT:USDT,0.8266,2299.0,0.8265,2640.0,0.8268,621.0,0.8269,621.0
1753600026602,07:07:06.602,gateio,ADA/USDT:USDT,0.8266,2299.0,0.8265,2640.0,0.8268,625.0,0.8269,621.0
1753600026742,07:07:06.742,gateio,ADA/USDT:USDT,0.8266,2299.0,0.8265,2640.0,0.8268,625.0,0.8269,621.0
1753600026843,07:07:06.843,gateio,ADA/USDT:USDT,0.8266,2299.0,0.8265,2640.0,0.8268,625.0,0.8269,621.0
1753600026903,07:07:06.903,gateio,ADA/USDT:USDT,0.8266,2361.0,0.8265,2640.0,0.8268,625.0,0.8269,621.0
1753600027009,07:07:07.009,gateio,ADA/USDT:USDT,0.8266,2299.0,0.8265,2640.0,0.8268,625.0,0.8269,621.0
1753600027076,07:07:07.076,gateio,ADA/USDT:USDT,0.8266,2361.0,0.8265,2640.0,0.8268,625.0,0.8269,621.0
1753600027179,07:07:07.179,gateio,ADA/USDT:USDT,0.8266,2361.0,0.8265,2640.0,0.8268,625.0,0.8269,621.0
1753600027343,07:07:07.343,gateio,ADA/USDT:USDT,0.8266,2361.0,0.8265,2640.0,0.8268,404.0,0.8269,621.0
1753600027448,07:07:07.448,gateio,ADA/USDT:USDT,0.8267,789.0,0.8266,2691.0,0.8268,54.0,0.8269,621.0
1753600027525,07:07:07.525,gateio,ADA/USDT:USDT,0.8267,683.0,0.8266,2432.0,0.8268,54.0,0.8269,621.0
1753600027629,07:07:07.629,gateio,ADA/USDT:USDT,0.8267,683.0,0.8266,2432.0,0.8268,54.0,0.8269,621.0
1753600027749,07:07:07.749,gateio,ADA/USDT:USDT,0.8267,661.0,0.8266,2432.0,0.8268,54.0,0.8269,621.0
1753600027843,07:07:07.843,gateio,ADA/USDT:USDT,0.8266,2370.0,0.8265,1630.0,0.8268,48.0,0.8269,621.0
1753600027949,07:07:07.949,gateio,ADA/USDT:USDT,0.8267,335.0,0.8266,2628.0,0.8268,48.0,0.8269,621.0
1753600028005,07:07:08.005,gateio,ADA/USDT:USDT,0.8267,366.0,0.8266,2958.0,0.8268,48.0,0.8269,621.0
1753600028064,07:07:08.064,gateio,ADA/USDT:USDT,0.8267,366.0,0.8266,2958.0,0.8268,48.0,0.8269,621.0
1753600028157,07:07:08.157,gateio,ADA/USDT:USDT,0.8267,335.0,0.8266,2958.0,0.8268,398.0,0.8269,621.0
1753600028336,07:07:08.336,gateio,ADA/USDT:USDT,0.8267,335.0,0.8266,2958.0,0.8268,398.0,0.8269,621.0
1753600028402,07:07:08.402,gateio,ADA/USDT:USDT,0.8267,366.0,0.8266,2958.0,0.8268,398.0,0.8269,621.0
1753600028531,07:07:08.531,gateio,ADA/USDT:USDT,0.8267,335.0,0.8266,2958.0,0.8268,398.0,0.8269,621.0
1753600028749,07:07:08.749,gateio,ADA/USDT:USDT,0.8267,366.0,0.8266,2958.0,0.8268,398.0,0.8269,621.0
1753600028832,07:07:08.832,gateio,ADA/USDT:USDT,0.8267,335.0,0.8266,2958.0,0.8268,398.0,0.8269,621.0
1753600028941,07:07:08.941,gateio,ADA/USDT:USDT,0.8267,335.0,0.8266,2798.0,0.8268,398.0,0.8269,621.0
1753600029049,07:07:09.049,gateio,ADA/USDT:USDT,0.8267,457.0,0.8266,2798.0,0.8268,398.0,0.8269,621.0
1753600029140,07:07:09.140,gateio,ADA/USDT:USDT,0.8267,205.0,0.8266,2798.0,0.8268,398.0,0.8269,621.0
1753600029249,07:07:09.249,gateio,ADA/USDT:USDT,0.8267,214.0,0.8266,2767.0,0.8268,398.0,0.8269,683.0
1753600029311,07:07:09.311,gateio,ADA/USDT:USDT,0.8267,114.0,0.8266,2798.0,0.8268,398.0,0.8269,683.0
1753600029394,07:07:09.394,gateio,ADA/USDT:USDT,0.8267,114.0,0.8266,2798.0,0.8268,398.0,0.8269,683.0
1753600029536,07:07:09.536,gateio,ADA/USDT:USDT,0.8266,2468.0,0.8265,1960.0,0.8268,619.0,0.8269,621.0
1753600029647,07:07:09.647,gateio,ADA/USDT:USDT,0.8266,2727.0,0.8265,2640.0,0.8268,394.0,0.8269,621.0
1753600029728,07:07:09.728,gateio,ADA/USDT:USDT,0.8266,2727.0,0.8265,2640.0,0.8268,398.0,0.8269,621.0
1753600029845,07:07:09.845,gateio,ADA/USDT:USDT,0.8267,350.0,0.8266,3057.0,0.8268,398.0,0.8269,621.0
1753600029941,07:07:09.941,gateio,ADA/USDT:USDT,0.8267,593.0,0.8266,3026.0,0.8268,398.0,0.8269,683.0
1753600030045,07:07:10.045,gateio,ADA/USDT:USDT,0.8267,361.0,0.8266,2995.0,0.8268,398.0,0.8269,683.0
1753600030098,07:07:10.098,gateio,ADA/USDT:USDT,0.8267,361.0,0.8266,2995.0,0.8268,398.0,0.8269,683.0
1753600030226,07:07:10.226,gateio,ADA/USDT:USDT,0.8267,61.0,0.8266,2995.0,0.8268,398.0,0.8269,683.0
1753600030341,07:07:10.341,gateio,ADA/USDT:USDT,0.8267,61.0,0.8266,3057.0,0.8268,398.0,0.8269,683.0
1753600030449,07:07:10.449,gateio,ADA/USDT:USDT,0.8267,110.0,0.8266,3057.0,0.8268,398.0,0.8269,652.0
1753600030510,07:07:10.510,gateio,ADA/USDT:USDT,0.8267,110.0,0.8266,3057.0,0.8268,398.0,0.8269,621.0
1753600030593,07:07:10.593,gateio,ADA/USDT:USDT,0.8267,110.0,0.8266,2798.0,0.8268,398.0,0.8269,621.0
1753600030730,07:07:10.730,gateio,ADA/USDT:USDT,0.8267,110.0,0.8266,2798.0,0.8268,398.0,0.8269,621.0
1753600030835,07:07:10.835,gateio,ADA/USDT:USDT,0.8267,110.0,0.8266,2798.0,0.8268,398.0,0.8269,652.0
1753600030945,07:07:10.945,gateio,ADA/USDT:USDT,0.8267,110.0,0.8266,2798.0,0.8268,398.0,0.8269,652.0
1753600031048,07:07:11.048,gateio,ADA/USDT:USDT,0.8267,141.0,0.8266,2798.0,0.8268,398.0,0.8269,621.0
1753600031148,07:07:11.148,gateio,ADA/USDT:USDT,0.8268,555.0,0.8267,1796.0,0.8269,400.0,0.827,621.0
1753600031236,07:07:11.236,gateio,ADA/USDT:USDT,0.8268,524.0,0.8267,1796.0,0.8269,400.0,0.827,621.0
1753600031331,07:07:11.331,gateio,ADA/USDT:USDT,0.8268,524.0,0.8267,1796.0,0.8269,400.0,0.827,621.0
1753600031450,07:07:11.450,gateio,ADA/USDT:USDT,0.8268,524.0,0.8267,1796.0,0.8269,400.0,0.827,621.0
1753600031530,07:07:11.530,gateio,ADA/USDT:USDT,0.8268,524.0,0.8267,1796.0,0.8269,50.0,0.827,621.0
1753600031647,07:07:11.647,gateio,ADA/USDT:USDT,0.8268,493.0,0.8267,1796.0,0.8269,50.0,0.827,621.0
1753600031696,07:07:11.696,gateio,ADA/USDT:USDT,0.8268,388.0,0.8267,1796.0,0.8269,50.0,0.827,621.0
1753600031841,07:07:11.841,gateio,ADA/USDT:USDT,0.8268,419.0,0.8267,1796.0,0.8269,50.0,0.827,621.0
1753600031855,07:07:11.855,gateio,ADA/USDT:USDT,0.8268,419.0,0.8267,1796.0,0.8269,50.0,0.827,621.0
1753600032043,07:07:12.043,gateio,ADA/USDT:USDT,0.8268,419.0,0.8267,1796.0,0.8269,50.0,0.827,621.0
1753600032138,07:07:12.138,gateio,ADA/USDT:USDT,0.8268,419.0,0.8267,1796.0,0.8269,50.0,0.827,621.0
1753600032195,07:07:12.195,gateio,ADA/USDT:USDT,0.8268,419.0,0.8267,1796.0,0.8269,50.0,0.827,621.0
1753600032325,07:07:12.325,gateio,ADA/USDT:USDT,0.8268,419.0,0.8267,1796.0,0.8269,50.0,0.827,621.0
1753600032433,07:07:12.433,gateio,ADA/USDT:USDT,0.8269,49.0,0.8268,943.0,0.827,621.0,0.8271,860.0
1753600032503,07:07:12.503,gateio,ADA/USDT:USDT,0.8269,49.0,0.8268,1139.0,0.827,621.0,0.8271,891.0
1753600032638,07:07:12.638,gateio,ADA/USDT:USDT,0.8268,1139.0,0.8267,2015.0,0.827,621.0,0.8271,922.0
1753600032720,07:07:12.720,gateio,ADA/USDT:USDT,0.8268,736.0,0.8267,2015.0,0.827,621.0,0.8271,922.0
1753600032839,07:07:12.839,gateio,ADA/USDT:USDT,0.8268,736.0,0.8267,2015.0,0.827,621.0,0.8271,922.0
1753600032884,07:07:12.884,gateio,ADA/USDT:USDT,0.8268,736.0,0.8267,2015.0,0.827,621.0,0.8271,922.0
1753600033027,07:07:13.027,gateio,ADA/USDT:USDT,0.8268,736.0,0.8267,2015.0,0.827,621.0,0.8271,891.0
1753600033144,07:07:13.144,gateio,ADA/USDT:USDT,0.8268,736.0,0.8267,2015.0,0.827,621.0,0.8271,891.0
1753600033237,07:07:13.237,gateio,ADA/USDT:USDT,0.8268,736.0,0.8267,2015.0,0.827,652.0,0.8271,860.0
1753600033346,07:07:13.346,gateio,ADA/USDT:USDT,0.8268,736.0,0.8267,2015.0,0.827,621.0,0.8271,860.0
1753600033444,07:07:13.444,gateio,ADA/USDT:USDT,0.8269,49.0,0.8268,1066.0,0.827,621.0,0.8271,891.0
1753600033548,07:07:13.548,gateio,ADA/USDT:USDT,0.8268,141.0,0.8267,601.0,0.8269,50.0,0.827,652.0
1753600033648,07:07:13.648,gateio,ADA/USDT:USDT,0.8267,73.0,0.8266,2733.0,0.8268,387.0,0.8269,632.0
1753600033748,07:07:13.748,gateio,ADA/USDT:USDT,0.8266,951.0,0.8265,583.0,0.8267,400.0,0.8268,737.0
1753600033843,07:07:13.843,gateio,ADA/USDT:USDT,0.8266,50.0,0.8265,1876.0,0.8267,400.0,0.8268,737.0
1753600033933,07:07:13.933,gateio,ADA/USDT:USDT,0.8266,90.0,0.8265,1876.0,0.8267,400.0,0.8268,737.0
1753600034027,07:07:14.027,gateio,ADA/USDT:USDT,0.8267,662.0,0.8266,864.0,0.8268,50.0,0.8269,697.0
1753600034134,07:07:14.134,gateio,ADA/USDT:USDT,0.8267,911.0,0.8266,1230.0,0.8269,400.0,0.827,2457.0
1753600034241,07:07:14.241,gateio,ADA/USDT:USDT,0.8267,684.0,0.8266,1230.0,0.8269,400.0,0.827,2457.0
1753600034323,07:07:14.323,gateio,ADA/USDT:USDT,0.8267,50.0,0.8266,1230.0,0.8268,400.0,0.8269,632.0
1753600034400,07:07:14.400,gateio,ADA/USDT:USDT,0.8266,728.0,0.8265,2556.0,0.8268,632.0,0.8269,632.0
1753600034510,07:07:14.510,gateio,ADA/USDT:USDT,0.8266,724.0,0.8265,2886.0,0.8268,632.0,0.8269,663.0
1753600034589,07:07:14.589,gateio,ADA/USDT:USDT,0.8266,724.0,0.8265,2886.0,0.8268,632.0,0.8269,663.0
1753600034693,07:07:14.693,gateio,ADA/USDT:USDT,0.8266,724.0,0.8265,2886.0,0.8268,632.0,0.8269,663.0
1753600034827,07:07:14.827,gateio,ADA/USDT:USDT,0.8266,724.0,0.8265,2917.0,0.8268,632.0,0.8269,663.0
1753600034869,07:07:14.869,gateio,ADA/USDT:USDT,0.8266,724.0,0.8265,2917.0,0.8268,632.0,0.8269,663.0
1753600035048,07:07:15.048,gateio,ADA/USDT:USDT,0.8265,2556.0,0.8264,2102.0,0.8267,737.0,0.8268,663.0
1753600035140,07:07:15.140,gateio,ADA/USDT:USDT,0.8265,1803.0,0.8264,2133.0,0.8267,737.0,0.8268,663.0
1753600035249,07:07:15.249,gateio,ADA/USDT:USDT,0.8266,9.0,0.8265,1803.0,0.8267,737.0,0.8268,663.0
1753600035315,07:07:15.315,gateio,ADA/USDT:USDT,0.8265,2093.0,0.8264,2813.0,0.8267,733.0,0.8268,663.0
1753600035447,07:07:15.447,gateio,ADA/USDT:USDT,0.8265,1824.0,0.8264,2801.0,0.8267,733.0,0.8268,663.0
1753600035505,07:07:15.505,gateio,ADA/USDT:USDT,0.8265,1824.0,0.8264,2801.0,0.8267,733.0,0.8268,663.0
1753600035576,07:07:15.576,gateio,ADA/USDT:USDT,0.8265,1824.0,0.8264,2801.0,0.8267,733.0,0.8268,663.0
1753600035695,07:07:15.695,gateio,ADA/USDT:USDT,0.8265,962.0,0.8264,3663.0,0.8267,733.0,0.8268,663.0
1753600035798,07:07:15.798,gateio,ADA/USDT:USDT,0.8265,962.0,0.8264,3663.0,0.8267,733.0,0.8268,663.0
1753600035949,07:07:15.949,gateio,ADA/USDT:USDT,0.8265,962.0,0.8264,3663.0,0.8267,733.0,0.8268,663.0
1753600036012,07:07:16.012,gateio,ADA/USDT:USDT,0.8265,962.0,0.8264,3663.0,0.8267,733.0,0.8268,663.0
1753600036128,07:07:16.128,gateio,ADA/USDT:USDT,0.8265,962.0,0.8264,3632.0,0.8267,733.0,0.8268,663.0
1753600036249,07:07:16.249,gateio,ADA/USDT:USDT,0.8265,962.0,0.8264,3663.0,0.8267,733.0,0.8268,663.0
1753600036342,07:07:16.342,gateio,ADA/USDT:USDT,0.8265,962.0,0.8264,2983.0,0.8267,733.0,0.8268,663.0
1753600036444,07:07:16.444,gateio,ADA/USDT:USDT,0.8265,51.0,0.8264,1990.0,0.8266,400.0,0.8267,764.0
1753600036547,07:07:16.547,gateio,ADA/USDT:USDT,0.8265,51.0,0.8264,1990.0,0.8266,400.0,0.8267,764.0
1753600036640,07:07:16.640,gateio,ADA/USDT:USDT,0.8265,1.0,0.8264,1990.0,0.8266,632.0,0.8267,764.0
1753600036694,07:07:16.694,gateio,ADA/USDT:USDT,0.8265,1.0,0.8264,1990.0,0.8266,632.0,0.8267,764.0
1753600036849,07:07:16.849,gateio,ADA/USDT:USDT,0.8265,1.0,0.8264,2052.0,0.8266,632.0,0.8267,764.0
1753600036915,07:07:16.915,gateio,ADA/USDT:USDT,0.8265,1.0,0.8264,2288.0,0.8266,632.0,0.8267,764.0
1753600037007,07:07:17.007,gateio,ADA/USDT:USDT,0.8265,1.0,0.8264,2288.0,0.8266,632.0,0.8267,764.0
1753600037141,07:07:17.141,gateio,ADA/USDT:USDT,0.8265,1.0,0.8264,2184.0,0.8266,632.0,0.8267,1008.0
1753600037240,07:07:17.240,gateio,ADA/USDT:USDT,0.8265,1.0,0.8264,1291.0,0.8266,632.0,0.8267,1008.0
1753600037313,07:07:17.313,gateio,ADA/USDT:USDT,0.8265,1.0,0.8264,1660.0,0.8266,632.0,0.8267,1008.0
1753600037449,07:07:17.449,gateio,ADA/USDT:USDT,0.8265,1.0,0.8264,1424.0,0.8266,632.0,0.8267,1008.0
1753600037540,07:07:17.540,gateio,ADA/USDT:USDT,0.8265,1.0,0.8264,1424.0,0.8266,632.0,0.8267,1008.0
1753600037581,07:07:17.581,gateio,ADA/USDT:USDT,0.8265,1.0,0.8264,1424.0,0.8266,632.0,0.8267,1008.0
1753600037743,07:07:17.743,gateio,ADA/USDT:USDT,0.8265,1.0,0.8264,1424.0,0.8266,632.0,0.8267,1008.0
1753600037822,07:07:17.822,gateio,ADA/USDT:USDT,0.8265,1.0,0.8264,1424.0,0.8266,632.0,0.8267,1008.0
1753600037871,07:07:17.871,gateio,ADA/USDT:USDT,0.8265,1.0,0.8264,1424.0,0.8266,632.0,0.8267,1008.0
1753600038041,07:07:18.041,gateio,ADA/USDT:USDT,0.8265,1.0,0.8264,1424.0,0.8266,632.0,0.8267,1039.0
1753600038096,07:07:18.096,gateio,ADA/USDT:USDT,0.8265,1.0,0.8264,1424.0,0.8266,632.0,0.8267,1039.0
1753600038200,07:07:18.200,gateio,ADA/USDT:USDT,0.8265,1.0,0.8264,1424.0,0.8266,632.0,0.8267,1039.0
1753600038344,07:07:18.344,gateio,ADA/USDT:USDT,0.8265,1.0,0.8264,1424.0,0.8266,632.0,0.8267,1039.0
1753600038421,07:07:18.421,gateio,ADA/USDT:USDT,0.8265,1.0,0.8264,1424.0,0.8266,632.0,0.8267,1039.0
1753600038479,07:07:18.479,gateio,ADA/USDT:USDT,0.8265,1.0,0.8264,1424.0,0.8266,632.0,0.8267,1039.0
1753600038575,07:07:18.575,gateio,ADA/USDT:USDT,0.8265,1.0,0.8264,1424.0,0.8266,632.0,0.8267,1039.0
1753600038740,07:07:18.740,gateio,ADA/USDT:USDT,0.8265,1.0,0.8264,1424.0,0.8266,632.0,0.8267,1039.0
1753600039133,07:07:19.133,gateio,ADA/USDT:USDT,0.8265,1.0,0.8264,1424.0,0.8266,632.0,0.8267,1039.0
1753600039181,07:07:19.181,gateio,ADA/USDT:USDT,0.8265,1.0,0.8264,1424.0,0.8266,632.0,0.8267,1039.0
1753600039305,07:07:19.305,gateio,ADA/USDT:USDT,0.8265,1.0,0.8264,1424.0,0.8266,632.0,0.8267,1039.0
1753600039446,07:07:19.446,gateio,ADA/USDT:USDT,0.8265,1.0,0.8264,1424.0,0.8266,632.0,0.8267,1039.0
1753600039513,07:07:19.513,gateio,ADA/USDT:USDT,0.8265,1.0,0.8264,1424.0,0.8266,632.0,0.8267,1039.0
1753600039614,07:07:19.614,gateio,ADA/USDT:USDT,0.8265,1.0,0.8264,1497.0,0.8266,632.0,0.8267,1039.0
1753600039674,07:07:19.674,gateio,ADA/USDT:USDT,0.8265,1.0,0.8264,1559.0,0.8266,632.0,0.8267,1039.0
1753600039830,07:07:19.830,gateio,ADA/USDT:USDT,0.8265,1.0,0.8264,1528.0,0.8266,632.0,0.8267,1039.0
1753600039927,07:07:19.927,gateio,ADA/USDT:USDT,0.8265,1.0,0.8264,1424.0,0.8266,632.0,0.8267,1039.0
1753600040023,07:07:20.023,gateio,ADA/USDT:USDT,0.8265,1.0,0.8264,1424.0,0.8266,632.0,0.8267,1039.0
1753600040143,07:07:20.143,gateio,ADA/USDT:USDT,0.8265,1.0,0.8264,1424.0,0.8266,632.0,0.8267,1039.0
1753600040223,07:07:20.223,gateio,ADA/USDT:USDT,0.8265,1.0,0.8264,1203.0,0.8266,632.0,0.8267,1039.0
1753600040342,07:07:20.342,gateio,ADA/USDT:USDT,0.8265,1.0,0.8264,1203.0,0.8266,632.0,0.8267,1039.0
1753600040399,07:07:20.399,gateio,ADA/USDT:USDT,0.8265,1.0,0.8264,1203.0,0.8266,632.0,0.8267,1039.0
1753600040546,07:07:20.546,gateio,ADA/USDT:USDT,0.8265,1.0,0.8264,1203.0,0.8266,632.0,0.8267,1039.0
1753600040646,07:07:20.646,gateio,ADA/USDT:USDT,0.8265,1.0,0.8264,1203.0,0.8266,632.0,0.8267,1039.0
1753600040725,07:07:20.725,gateio,ADA/USDT:USDT,0.8265,1.0,0.8264,1203.0,0.8266,632.0,0.8267,1039.0
1753600040845,07:07:20.845,gateio,ADA/USDT:USDT,0.8265,1.0,0.8264,1442.0,0.8266,632.0,0.8267,1039.0
1753600040868,07:07:20.868,gateio,ADA/USDT:USDT,0.8265,1.0,0.8264,1442.0,0.8266,632.0,0.8267,1039.0
1753600041020,07:07:21.020,gateio,ADA/USDT:USDT,0.8265,1.0,0.8264,1442.0,0.8266,632.0,0.8267,1039.0
1753600041097,07:07:21.097,gateio,ADA/USDT:USDT,0.8265,1.0,0.8264,1442.0,0.8266,632.0,0.8267,1039.0
1753600041249,07:07:21.249,gateio,ADA/USDT:USDT,0.8265,1.0,0.8264,1473.0,0.8266,632.0,0.8267,977.0
1753600041310,07:07:21.310,gateio,ADA/USDT:USDT,0.8265,1.0,0.8264,1473.0,0.8266,632.0,0.8267,977.0
1753600041433,07:07:21.433,gateio,ADA/USDT:USDT,0.8265,1.0,0.8264,1473.0,0.8266,632.0,0.8267,977.0
1753600041530,07:07:21.530,gateio,ADA/USDT:USDT,0.8265,1.0,0.8264,1473.0,0.8266,632.0,0.8267,1039.0
1753600041645,07:07:21.645,gateio,ADA/USDT:USDT,0.8265,1.0,0.8264,1473.0,0.8266,632.0,0.8267,1039.0
1753600041702,07:07:21.702,gateio,ADA/USDT:USDT,0.8265,1.0,0.8264,1473.0,0.8266,632.0,0.8267,1039.0
1753600041840,07:07:21.840,gateio,ADA/USDT:USDT,0.8265,1.0,0.8264,1473.0,0.8266,632.0,0.8267,1039.0
1753600041891,07:07:21.891,gateio,ADA/USDT:USDT,0.8265,1.0,0.8264,1473.0,0.8266,632.0,0.8267,1039.0
1753600042048,07:07:22.048,gateio,ADA/USDT:USDT,0.8265,1.0,0.8264,1442.0,0.8266,632.0,0.8267,1039.0
1753600042106,07:07:22.106,gateio,ADA/USDT:USDT,0.8265,1.0,0.8264,1442.0,0.8266,632.0,0.8267,1039.0
1753600042279,07:07:22.279,gateio,ADA/USDT:USDT,0.8265,1.0,0.8264,1442.0,0.8266,632.0,0.8267,1039.0
1753600042487,07:07:22.487,gateio,ADA/USDT:USDT,0.8265,1.0,0.8264,1442.0,0.8266,632.0,0.8267,1039.0
1753600042593,07:07:22.593,gateio,ADA/USDT:USDT,0.8265,1.0,0.8264,1515.0,0.8266,632.0,0.8267,1039.0
1753600042693,07:07:22.693,gateio,ADA/USDT:USDT,0.8265,1.0,0.8264,1546.0,0.8266,632.0,0.8267,1039.0
1753600042824,07:07:22.824,gateio,ADA/USDT:USDT,0.8265,1.0,0.8264,1577.0,0.8266,632.0,0.8267,977.0
1753600042943,07:07:22.943,gateio,ADA/USDT:USDT,0.8265,1.0,0.8264,753.0,0.8266,632.0,0.8267,1039.0
1753600043046,07:07:23.046,gateio,ADA/USDT:USDT,0.8265,1.0,0.8264,753.0,0.8266,632.0,0.8267,1039.0
1753600043132,07:07:23.132,gateio,ADA/USDT:USDT,0.8265,1.0,0.8264,1083.0,0.8266,632.0,0.8267,1039.0
1753600043206,07:07:23.206,gateio,ADA/USDT:USDT,0.8265,1.0,0.8264,1083.0,0.8266,632.0,0.8267,1039.0
1753600043345,07:07:23.345,gateio,ADA/USDT:USDT,0.8265,1.0,0.8264,1083.0,0.8266,632.0,0.8267,1039.0
1753600043448,07:07:23.448,gateio,ADA/USDT:USDT,0.8265,1.0,0.8264,1083.0,0.8266,632.0,0.8267,1039.0
1753600043549,07:07:23.549,gateio,ADA/USDT:USDT,0.8263,2232.0,0.8262,682.0,0.8264,50.0,0.8265,632.0
1753600043645,07:07:23.645,gateio,ADA/USDT:USDT,0.8263,1.0,0.8262,454.0,0.8264,282.0,0.8265,694.0
1753600043748,07:07:23.748,gateio,ADA/USDT:USDT,0.8263,1.0,0.8262,645.0,0.8264,313.0,0.8265,694.0
1753600043833,07:07:23.833,gateio,ADA/USDT:USDT,0.8263,1.0,0.8262,879.0,0.8264,282.0,0.8265,1618.0
1753600043948,07:07:23.948,gateio,ADA/USDT:USDT,0.8263,1.0,0.8262,879.0,0.8264,282.0,0.8265,1618.0
1753600044031,07:07:24.031,gateio,ADA/USDT:USDT,0.8263,1.0,0.8262,879.0,0.8264,632.0,0.8265,1618.0
1753600044112,07:07:24.112,gateio,ADA/USDT:USDT,0.8263,1.0,0.8262,658.0,0.8264,632.0,0.8265,1618.0
1753600044308,07:07:24.308,gateio,ADA/USDT:USDT,0.8263,1.0,0.8262,658.0,0.8264,632.0,0.8265,1618.0
1753600044383,07:07:24.383,gateio,ADA/USDT:USDT,0.8263,1.0,0.8262,658.0,0.8264,632.0,0.8265,1618.0
1753600044633,07:07:24.633,gateio,ADA/USDT:USDT,0.8263,1.0,0.8262,894.0,0.8264,632.0,0.8265,804.0
1753600044742,07:07:24.742,gateio,ADA/USDT:USDT,0.8263,1.0,0.8262,1224.0,0.8264,632.0,0.8265,804.0
1753600044819,07:07:24.819,gateio,ADA/USDT:USDT,0.8263,1.0,0.8262,894.0,0.8264,632.0,0.8265,1170.0
1753600044853,07:07:24.853,gateio,ADA/USDT:USDT,0.8263,1.0,0.8262,894.0,0.8264,632.0,0.8265,1170.0
1753600045013,07:07:25.013,gateio,ADA/USDT:USDT,0.8263,1.0,0.8262,894.0,0.8264,632.0,0.8265,1170.0
1753600045091,07:07:25.091,gateio,ADA/USDT:USDT,0.8263,1.0,0.8262,894.0,0.8264,632.0,0.8265,1411.0
1753600045298,07:07:25.298,gateio,ADA/USDT:USDT,0.8263,1.0,0.8262,894.0,0.8264,632.0,0.8265,1411.0
1753600045617,07:07:25.617,gateio,ADA/USDT:USDT,0.8263,1.0,0.8262,894.0,0.8264,632.0,0.8265,1411.0
1753600045821,07:07:25.821,gateio,ADA/USDT:USDT,0.8263,1.0,0.8262,894.0,0.8264,632.0,0.8265,1411.0
1753600045894,07:07:25.894,gateio,ADA/USDT:USDT,0.8263,1.0,0.8262,660.0,0.8264,632.0,0.8265,1411.0
1753600046043,07:07:26.043,gateio,ADA/USDT:USDT,0.8263,51.0,0.8262,990.0,0.8264,632.0,0.8265,983.0
1753600046145,07:07:26.145,gateio,ADA/USDT:USDT,0.8263,51.0,0.8262,990.0,0.8264,632.0,0.8265,983.0
1753600046249,07:07:26.249,gateio,ADA/USDT:USDT,0.8263,51.0,0.8262,660.0,0.8264,632.0,0.8265,1045.0
1753600046441,07:07:26.441,gateio,ADA/USDT:USDT,0.8263,1.0,0.8262,660.0,0.8264,632.0,0.8265,1045.0
1753600046645,07:07:26.645,gateio,ADA/USDT:USDT,0.8263,1.0,0.8262,660.0,0.8264,632.0,0.8265,1045.0
1753600047341,07:07:27.341,gateio,ADA/USDT:USDT,0.8261,1875.0,0.826,974.0,0.8263,282.0,0.8264,694.0
1753600047433,07:07:27.433,gateio,ADA/USDT:USDT,0.8261,1706.0,0.826,1305.0,0.8263,282.0,0.8264,632.0
1753600047549,07:07:27.549,gateio,ADA/USDT:USDT,0.8261,1706.0,0.826,1305.0,0.8263,282.0,0.8264,632.0
1753600047642,07:07:27.642,gateio,ADA/USDT:USDT,0.8261,1706.0,0.826,1305.0,0.8263,282.0,0.8264,632.0
1753600047734,07:07:27.734,gateio,ADA/USDT:USDT,0.8261,888.0,0.826,2167.0,0.8263,282.0,0.8264,632.0
1753600047840,07:07:27.840,gateio,ADA/USDT:USDT,0.8261,583.0,0.826,2167.0,0.8263,282.0,0.8264,632.0
1753600047936,07:07:27.936,gateio,ADA/USDT:USDT,0.8261,583.0,0.826,2167.0,0.8263,632.0,0.8264,632.0
1753600048038,07:07:28.038,gateio,ADA/USDT:USDT,0.8261,583.0,0.826,2835.0,0.8263,632.0,0.8264,1313.0
1753600048126,07:07:28.126,gateio,ADA/USDT:USDT,0.8261,583.0,0.826,2835.0,0.8263,632.0,0.8264,1313.0
1753600048242,07:07:28.242,gateio,ADA/USDT:USDT,0.8261,583.0,0.826,2835.0,0.8263,632.0,0.8264,1313.0
1753600048262,07:07:28.262,gateio,ADA/USDT:USDT,0.8261,583.0,0.826,2835.0,0.8263,632.0,0.8264,1313.0
1753600048417,07:07:28.417,gateio,ADA/USDT:USDT,0.8261,614.0,0.826,2835.0,0.8263,632.0,0.8264,1313.0
1753600048513,07:07:28.513,gateio,ADA/USDT:USDT,0.8261,51.0,0.826,2897.0,0.8262,50.0,0.8263,632.0
1753600048577,07:07:28.577,gateio,ADA/USDT:USDT,0.8261,51.0,0.826,2897.0,0.8262,50.0,0.8263,632.0
1753600048749,07:07:28.749,gateio,ADA/USDT:USDT,0.8262,49.0,0.8261,1403.0,0.8263,282.0,0.8264,1313.0
1753600048841,07:07:28.841,gateio,ADA/USDT:USDT,0.8262,399.0,0.8261,1807.0,0.8263,50.0,0.8264,963.0
1753600048892,07:07:28.892,gateio,ADA/USDT:USDT,0.8262,399.0,0.8261,1807.0,0.8263,50.0,0.8264,963.0
1753600049033,07:07:29.033,gateio,ADA/USDT:USDT,0.8262,399.0,0.8261,1480.0,0.8263,50.0,0.8264,282.0
1753600049129,07:07:29.129,gateio,ADA/USDT:USDT,0.8262,399.0,0.8261,1480.0,0.8263,50.0,0.8264,282.0
1753600049239,07:07:29.239,gateio,ADA/USDT:USDT,0.8262,399.0,0.8261,1449.0,0.8263,50.0,0.8264,282.0
1753600049335,07:07:29.335,gateio,ADA/USDT:USDT,0.8262,399.0,0.8261,1449.0,0.8263,50.0,0.8264,282.0
1753600049350,07:07:29.350,gateio,ADA/USDT:USDT,0.8262,399.0,0.8261,1449.0,0.8263,50.0,0.8264,282.0
1753600049489,07:07:29.489,gateio,ADA/USDT:USDT,0.8262,631.0,0.8261,1480.0,0.8263,50.0,0.8264,282.0
1753600049647,07:07:29.647,gateio,ADA/USDT:USDT,0.8263,350.0,0.8262,1480.0,0.8264,282.0,0.8265,1383.0
1753600049712,07:07:29.712,gateio,ADA/USDT:USDT,0.8263,350.0,0.8262,1480.0,0.8264,50.0,0.8265,1383.0
1753600049844,07:07:29.844,gateio,ADA/USDT:USDT,0.8263,350.0,0.8262,1323.0,0.8264,50.0,0.8265,1414.0
1753600049949,07:07:29.949,gateio,ADA/USDT:USDT,0.8262,1041.0,0.8261,2098.0,0.8264,400.0,0.8265,1414.0
1753600050001,07:07:30.001,gateio,ADA/USDT:USDT,0.8262,1041.0,0.8261,2098.0,0.8264,400.0,0.8265,1414.0
1753600050142,07:07:30.142,gateio,ADA/USDT:USDT,0.8262,1041.0,0.8261,2098.0,0.8264,400.0,0.8265,1414.0
1753600050245,07:07:30.245,gateio,ADA/USDT:USDT,0.8263,1322.0,0.8262,1489.0,0.8265,282.0,0.8266,2264.0
1753600050333,07:07:30.333,gateio,ADA/USDT:USDT,0.8263,1291.0,0.8262,1323.0,0.8265,282.0,0.8266,1583.0
1753600050433,07:07:30.433,gateio,ADA/USDT:USDT,0.8263,1188.0,0.8262,1323.0,0.8265,282.0,0.8266,1583.0
1753600050534,07:07:30.534,gateio,ADA/USDT:USDT,0.8263,1493.0,0.8262,2185.0,0.8265,282.0,0.8266,1583.0
1753600050641,07:07:30.641,gateio,ADA/USDT:USDT,0.8263,1371.0,0.8262,1866.0,0.8265,282.0,0.8266,1583.0
1753600050745,07:07:30.745,gateio,ADA/USDT:USDT,0.8263,1049.0,0.8262,1835.0,0.8265,632.0,0.8266,1614.0
1753600050827,07:07:30.827,gateio,ADA/USDT:USDT,0.8263,1049.0,0.8262,1835.0,0.8265,632.0,0.8266,1614.0
1753600050905,07:07:30.905,gateio,ADA/USDT:USDT,0.8263,1049.0,0.8262,1835.0,0.8265,663.0,0.8266,1614.0
1753600051032,07:07:31.032,gateio,ADA/USDT:USDT,0.8263,1049.0,0.8262,1866.0,0.8265,632.0,0.8266,1583.0
1753600051142,07:07:31.142,gateio,ADA/USDT:USDT,0.8263,1049.0,0.8262,1866.0,0.8265,632.0,0.8266,1583.0
1753600051234,07:07:31.234,gateio,ADA/USDT:USDT,0.8263,1049.0,0.8262,1866.0,0.8265,632.0,0.8266,1583.0
1753600051308,07:07:31.308,gateio,ADA/USDT:USDT,0.8263,1049.0,0.8262,1866.0,0.8265,632.0,0.8266,1583.0
1753600051443,07:07:31.443,gateio,ADA/USDT:USDT,0.8263,1049.0,0.8262,1866.0,0.8265,632.0,0.8266,1583.0
1753600051545,07:07:31.545,gateio,ADA/USDT:USDT,0.8263,1080.0,0.8262,1866.0,0.8265,632.0,0.8266,1583.0
1753600051630,07:07:31.630,gateio,ADA/USDT:USDT,0.8263,1049.0,0.8262,1866.0,0.8265,632.0,0.8266,1583.0
1753600051715,07:07:31.715,gateio,ADA/USDT:USDT,0.8263,1153.0,0.8262,1866.0,0.8265,282.0,0.8266,1583.0
1753600051848,07:07:31.848,gateio,ADA/USDT:USDT,0.8263,1153.0,0.8262,1866.0,0.8265,282.0,0.8266,1583.0
1753600051908,07:07:31.908,gateio,ADA/USDT:USDT,0.8263,1153.0,0.8262,1866.0,0.8265,632.0,0.8266,1583.0
1753600052047,07:07:32.047,gateio,ADA/USDT:USDT,0.8263,1122.0,0.8262,1866.0,0.8265,282.0,0.8266,1583.0
1753600052098,07:07:32.098,gateio,ADA/USDT:USDT,0.8263,1122.0,0.8262,1866.0,0.8265,282.0,0.8266,1583.0
1753600052201,07:07:32.201,gateio,ADA/USDT:USDT,0.8263,1122.0,0.8262,1866.0,0.8265,282.0,0.8266,1583.0
1753600052304,07:07:32.304,gateio,ADA/USDT:USDT,0.8263,1153.0,0.8262,1835.0,0.8265,282.0,0.8266,1583.0
1753600052426,07:07:32.426,gateio,ADA/USDT:USDT,0.8263,772.0,0.8262,1835.0,0.8265,282.0,0.8266,1583.0
1753600052544,07:07:32.544,gateio,ADA/USDT:USDT,0.8263,772.0,0.8262,1835.0,0.8265,282.0,0.8266,1583.0
1753600052610,07:07:32.610,gateio,ADA/USDT:USDT,0.8263,772.0,0.8262,1835.0,0.8265,282.0,0.8266,1583.0
1753600052704,07:07:32.704,gateio,ADA/USDT:USDT,0.8263,772.0,0.8262,1835.0,0.8265,282.0,0.8266,1828.0
1753600052783,07:07:32.783,gateio,ADA/USDT:USDT,0.8263,803.0,0.8262,1835.0,0.8265,282.0,0.8266,1828.0
1753600052919,07:07:32.919,gateio,ADA/USDT:USDT,0.8263,803.0,0.8262,1835.0,0.8265,632.0,0.8266,1828.0
1753600053019,07:07:33.019,gateio,ADA/USDT:USDT,0.8263,803.0,0.8262,1835.0,0.8265,632.0,0.8266,1828.0
1753600053141,07:07:33.141,gateio,ADA/USDT:USDT,0.8263,772.0,0.8262,1835.0,0.8265,632.0,0.8266,1828.0
1753600053348,07:07:33.348,gateio,ADA/USDT:USDT,0.8263,834.0,0.8262,1835.0,0.8265,50.0,0.8266,1828.0
1753600053449,07:07:33.449,gateio,ADA/USDT:USDT,0.8264,974.0,0.8263,1663.0,0.8266,1144.0,0.8267,1248.0
1753600053544,07:07:33.544,gateio,ADA/USDT:USDT,0.8265,431.0,0.8264,959.0,0.8266,50.0,0.8267,395.0
1753600053647,07:07:33.647,gateio,ADA/USDT:USDT,0.8265,951.0,0.8264,1096.0,0.8267,395.0,0.8268,1516.0
1753600053742,07:07:33.742,gateio,ADA/USDT:USDT,0.8265,920.0,0.8264,1427.0,0.8267,395.0,0.8268,1516.0
1753600053824,07:07:33.824,gateio,ADA/USDT:USDT,0.8265,920.0,0.8264,1427.0,0.8267,395.0,0.8268,1516.0
1753600053872,07:07:33.872,gateio,ADA/USDT:USDT,0.8265,920.0,0.8264,1427.0,0.8267,745.0,0.8268,1516.0
1753600054006,07:07:34.006,gateio,ADA/USDT:USDT,0.8265,920.0,0.8264,1427.0,0.8267,745.0,0.8268,1516.0
1753600054096,07:07:34.096,gateio,ADA/USDT:USDT,0.8265,920.0,0.8264,1427.0,0.8267,745.0,0.8268,1516.0
1753600054337,07:07:34.337,gateio,ADA/USDT:USDT,0.8265,920.0,0.8264,1427.0,0.8267,745.0,0.8268,1516.0
1753600054445,07:07:34.445,gateio,ADA/USDT:USDT,0.8265,951.0,0.8264,1427.0,0.8267,745.0,0.8268,1516.0
1753600054533,07:07:34.533,gateio,ADA/USDT:USDT,0.8265,1160.0,0.8264,2138.0,0.8267,733.0,0.8268,1516.0
1753600054619,07:07:34.619,gateio,ADA/USDT:USDT,0.8265,1160.0,0.8264,2258.0,0.8267,733.0,0.8268,1516.0
1753600054746,07:07:34.746,gateio,ADA/USDT:USDT,0.8265,1160.0,0.8264,2258.0,0.8267,733.0,0.8268,1361.0
1753600054839,07:07:34.839,gateio,ADA/USDT:USDT,0.8265,1129.0,0.8264,1877.0,0.8267,733.0,0.8268,1361.0
1753600054855,07:07:34.855,gateio,ADA/USDT:USDT,0.8265,1129.0,0.8264,1877.0,0.8267,733.0,0.8268,1361.0
1753600055047,07:07:35.047,gateio,ADA/USDT:USDT,0.8265,1160.0,0.8264,1877.0,0.8267,733.0,0.8268,1361.0
1753600055144,07:07:35.144,gateio,ADA/USDT:USDT,0.8265,1129.0,0.8264,1877.0,0.8267,733.0,0.8268,1361.0
1753600055306,07:07:35.306,gateio,ADA/USDT:USDT,0.8265,1129.0,0.8264,1877.0,0.8267,733.0,0.8268,1361.0
1753600055413,07:07:35.413,gateio,ADA/USDT:USDT,0.8265,1160.0,0.8264,1877.0,0.8267,733.0,0.8268,1361.0
1753600055549,07:07:35.549,gateio,ADA/USDT:USDT,0.8265,951.0,0.8264,1563.0,0.8267,733.0,0.8268,1361.0
1753600055647,07:07:35.647,gateio,ADA/USDT:USDT,0.8265,951.0,0.8264,1563.0,0.8267,383.0,0.8268,1361.0
1753600055743,07:07:35.743,gateio,ADA/USDT:USDT,0.8266,99.0,0.8265,1324.0,0.8267,46.0,0.8268,1392.0
1753600055838,07:07:35.838,gateio,ADA/USDT:USDT,0.8266,99.0,0.8265,1556.0,0.8267,396.0,0.8268,1392.0
1753600055919,07:07:35.919,gateio,ADA/USDT:USDT,0.8266,99.0,0.8265,1556.0,0.8267,396.0,0.8268,1361.0
1753600056045,07:07:36.045,gateio,ADA/USDT:USDT,0.8266,99.0,0.8265,1556.0,0.8267,396.0,0.8268,1361.0
1753600056147,07:07:36.147,gateio,ADA/USDT:USDT,0.8266,50.0,0.8265,1556.0,0.8267,396.0,0.8268,1392.0
1753600056202,07:07:36.202,gateio,ADA/USDT:USDT,0.8266,50.0,0.8265,1556.0,0.8267,396.0,0.8268,1392.0
1753600056344,07:07:36.344,gateio,ADA/USDT:USDT,0.8266,50.0,0.8265,1556.0,0.8267,396.0,0.8268,1392.0
1753600056446,07:07:36.446,gateio,ADA/USDT:USDT,0.8266,50.0,0.8265,1556.0,0.8267,396.0,0.8268,1392.0
1753600056513,07:07:36.513,gateio,ADA/USDT:USDT,0.8266,50.0,0.8265,1556.0,0.8267,396.0,0.8268,1627.0
1753600056636,07:07:36.636,gateio,ADA/USDT:USDT,0.8266,50.0,0.8265,1556.0,0.8267,396.0,0.8268,1627.0
1753600056741,07:07:36.741,gateio,ADA/USDT:USDT,0.8266,50.0,0.8265,1556.0,0.8267,396.0,0.8268,1627.0
1753600056825,07:07:36.825,gateio,ADA/USDT:USDT,0.8266,50.0,0.8265,1556.0,0.8267,396.0,0.8268,1627.0
1753600057050,07:07:37.050,gateio,ADA/USDT:USDT,0.8266,50.0,0.8265,1556.0,0.8267,396.0,0.8268,1627.0
1753600057144,07:07:37.144,gateio,ADA/USDT:USDT,0.8267,49.0,0.8266,809.0,0.8268,282.0,0.8269,1130.0
1753600057243,07:07:37.243,gateio,ADA/USDT:USDT,0.8266,924.0,0.8265,2236.0,0.8268,282.0,0.8269,764.0
1753600057348,07:07:37.348,gateio,ADA/USDT:USDT,0.8266,924.0,0.8265,1556.0,0.8268,50.0,0.8269,1626.0
1753600057377,07:07:37.377,gateio,ADA/USDT:USDT,0.8266,924.0,0.8265,1556.0,0.8268,50.0,0.8269,1386.0
1753600057541,07:07:37.541,gateio,ADA/USDT:USDT,0.8266,955.0,0.8265,1556.0,0.8268,50.0,0.8269,1386.0
1753600057644,07:07:37.644,gateio,ADA/USDT:USDT,0.8266,924.0,0.8265,1556.0,0.8268,50.0,0.8269,1386.0
1753600057682,07:07:37.682,gateio,ADA/USDT:USDT,0.8266,924.0,0.8265,1556.0,0.8268,50.0,0.8269,1386.0
1753600057844,07:07:37.844,gateio,ADA/USDT:USDT,0.8266,924.0,0.8265,1556.0,0.8268,400.0,0.8269,1386.0
1753600057932,07:07:37.932,gateio,ADA/USDT:USDT,0.8266,893.0,0.8265,1556.0,0.8268,400.0,0.8269,1386.0
1753600058028,07:07:38.028,gateio,ADA/USDT:USDT,0.8266,893.0,0.8265,1556.0,0.8268,400.0,0.8269,1386.0
1753600058149,07:07:38.149,gateio,ADA/USDT:USDT,0.8266,801.0,0.8265,1556.0,0.8268,663.0,0.8269,1386.0
1753600058227,07:07:38.227,gateio,ADA/USDT:USDT,0.8266,728.0,0.8265,1556.0,0.8268,632.0,0.8269,1386.0
1753600058326,07:07:38.326,gateio,ADA/USDT:USDT,0.8266,728.0,0.8265,1556.0,0.8268,632.0,0.8269,1386.0
1753600058419,07:07:38.419,gateio,ADA/USDT:USDT,0.8266,728.0,0.8265,1556.0,0.8268,632.0,0.8269,1386.0
1753600058549,07:07:38.549,gateio,ADA/USDT:USDT,0.8266,331.0,0.8265,1556.0,0.8267,103.0,0.8268,632.0
1753600058573,07:07:38.573,gateio,ADA/USDT:USDT,0.8266,331.0,0.8265,1757.0,0.8267,103.0,0.8268,663.0
1753600058740,07:07:38.740,gateio,ADA/USDT:USDT,0.8266,331.0,0.8265,1757.0,0.8267,103.0,0.8268,663.0
1753600058846,07:07:38.846,gateio,ADA/USDT:USDT,0.8266,660.0,0.8265,1788.0,0.8268,632.0,0.8269,2568.0
1753600059047,07:07:39.047,gateio,ADA/USDT:USDT,0.8266,428.0,0.8265,1788.0,0.8268,663.0,0.8269,2568.0
1753600059066,07:07:39.066,gateio,ADA/USDT:USDT,0.8266,428.0,0.8265,1788.0,0.8268,632.0,0.8269,2568.0
1753600059157,07:07:39.157,gateio,ADA/USDT:USDT,0.8266,428.0,0.8265,1788.0,0.8268,632.0,0.8269,2568.0
1753600059369,07:07:39.369,gateio,ADA/USDT:USDT,0.8266,428.0,0.8265,1788.0,0.8268,632.0,0.8269,2568.0
1753600059625,07:07:39.625,gateio,ADA/USDT:USDT,0.8266,428.0,0.8265,1788.0,0.8268,632.0,0.8269,1887.0
1753600059742,07:07:39.742,gateio,ADA/USDT:USDT,0.8266,62.0,0.8265,1757.0,0.8267,400.0,0.8268,694.0
1753600059822,07:07:39.822,gateio,ADA/USDT:USDT,0.8266,62.0,0.8265,1757.0,0.8267,632.0,0.8268,694.0
1753600059889,07:07:39.889,gateio,ADA/USDT:USDT,0.8266,62.0,0.8265,1757.0,0.8267,632.0,0.8268,694.0
1753600060046,07:07:40.046,gateio,ADA/USDT:USDT,0.8266,62.0,0.8265,1757.0,0.8267,632.0,0.8268,694.0
1753600060146,07:07:40.146,gateio,ADA/USDT:USDT,0.8266,12.0,0.8265,1757.0,0.8267,632.0,0.8268,694.0
1753600060242,07:07:40.242,gateio,ADA/USDT:USDT,0.8266,12.0,0.8265,1684.0,0.8267,632.0,0.8268,694.0
1753600060311,07:07:40.311,gateio,ADA/USDT:USDT,0.8266,12.0,0.8265,1746.0,0.8267,632.0,0.8268,632.0
1753600060448,07:07:40.448,gateio,ADA/USDT:USDT,0.8266,12.0,0.8265,1819.0,0.8267,400.0,0.8268,632.0
1753600060470,07:07:40.470,gateio,ADA/USDT:USDT,0.8266,62.0,0.8265,1819.0,0.8267,400.0,0.8268,632.0
1753600060627,07:07:40.627,gateio,ADA/USDT:USDT,0.8266,62.0,0.8265,1819.0,0.8267,400.0,0.8268,632.0
1753600060723,07:07:40.723,gateio,ADA/USDT:USDT,0.8266,62.0,0.8265,1788.0,0.8267,400.0,0.8268,934.0
1753600060791,07:07:40.791,gateio,ADA/USDT:USDT,0.8266,62.0,0.8265,1788.0,0.8267,400.0,0.8268,934.0
1753600060882,07:07:40.882,gateio,ADA/USDT:USDT,0.8266,62.0,0.8265,1757.0,0.8267,400.0,0.8268,934.0
1753600061184,07:07:41.184,gateio,ADA/USDT:USDT,0.8266,62.0,0.8265,1757.0,0.8267,632.0,0.8268,934.0
1753600061344,07:07:41.344,gateio,ADA/USDT:USDT,0.8266,62.0,0.8265,1819.0,0.8267,632.0,0.8268,903.0
1753600061434,07:07:41.434,gateio,ADA/USDT:USDT,0.8266,12.0,0.8265,1788.0,0.8267,632.0,0.8268,903.0
1753600061533,07:07:41.533,gateio,ADA/USDT:USDT,0.8266,12.0,0.8265,1819.0,0.8267,400.0,0.8268,903.0
1753600061628,07:07:41.628,gateio,ADA/USDT:USDT,0.8266,12.0,0.8265,1819.0,0.8267,400.0,0.8268,872.0
1753600061684,07:07:41.684,gateio,ADA/USDT:USDT,0.8266,24.0,0.8265,1819.0,0.8267,400.0,0.8268,872.0
1753600061849,07:07:41.849,gateio,ADA/USDT:USDT,0.8266,424.0,0.8265,1819.0,0.8267,50.0,0.8268,872.0
1753600061882,07:07:41.882,gateio,ADA/USDT:USDT,0.8266,424.0,0.8265,1819.0,0.8267,50.0,0.8268,872.0
1753600061973,07:07:41.973,gateio,ADA/USDT:USDT,0.8266,455.0,0.8265,1819.0,0.8267,50.0,0.8268,872.0
1753600062125,07:07:42.125,gateio,ADA/USDT:USDT,0.8266,424.0,0.8265,1819.0,0.8267,50.0,0.8268,632.0
1753600062437,07:07:42.437,gateio,ADA/USDT:USDT,0.8266,424.0,0.8265,1788.0,0.8267,50.0,0.8268,632.0
1753600062472,07:07:42.472,gateio,ADA/USDT:USDT,0.8266,424.0,0.8265,1819.0,0.8267,50.0,0.8268,632.0
1753600062586,07:07:42.586,gateio,ADA/USDT:USDT,0.8266,486.0,0.8265,1819.0,0.8267,50.0,0.8268,632.0
1753600062846,07:07:42.846,gateio,ADA/USDT:USDT,0.8266,424.0,0.8265,1819.0,0.8267,50.0,0.8268,632.0
1753600062895,07:07:42.895,gateio,ADA/USDT:USDT,0.8266,24.0,0.8265,1757.0,0.8267,282.0,0.8268,694.0
1753600063046,07:07:43.046,gateio,ADA/USDT:USDT,0.8266,12.0,0.8265,1757.0,0.8267,282.0,0.8268,694.0
1753600063107,07:07:43.107,gateio,ADA/USDT:USDT,0.8266,293.0,0.8265,1819.0,0.8267,50.0,0.8268,632.0
1753600063543,07:07:43.543,gateio,ADA/USDT:USDT,0.8266,293.0,0.8265,1788.0,0.8267,50.0,0.8268,663.0
1753600063573,07:07:43.573,gateio,ADA/USDT:USDT,0.8266,293.0,0.8265,1819.0,0.8267,50.0,0.8268,632.0
1753600063749,07:07:43.749,gateio,ADA/USDT:USDT,0.8266,293.0,0.8265,1819.0,0.8267,350.0,0.8268,632.0
1753600063811,07:07:43.811,gateio,ADA/USDT:USDT,0.8266,376.0,0.8265,1819.0,0.8267,350.0,0.8268,663.0
1753600063878,07:07:43.878,gateio,ADA/USDT:USDT,0.8266,376.0,0.8265,1819.0,0.8267,350.0,0.8268,632.0
1753600063993,07:07:43.993,gateio,ADA/USDT:USDT,0.8266,376.0,0.8265,1819.0,0.8267,350.0,0.8268,632.0
1753600064420,07:07:44.420,gateio,ADA/USDT:USDT,0.8266,376.0,0.8265,1819.0,0.8267,350.0,0.8268,663.0
1753600064493,07:07:44.493,gateio,ADA/USDT:USDT,0.8266,144.0,0.8265,1819.0,0.8267,350.0,0.8268,694.0
1753600064638,07:07:44.638,gateio,ADA/USDT:USDT,0.8266,144.0,0.8265,1819.0,0.8267,350.0,0.8268,694.0
1753600064738,07:07:44.738,gateio,ADA/USDT:USDT,0.8266,554.0,0.8265,1819.0,0.8267,350.0,0.8268,632.0
1753600064822,07:07:44.822,gateio,ADA/USDT:USDT,0.8266,554.0,0.8265,1819.0,0.8267,350.0,0.8268,663.0
1753600064941,07:07:44.941,gateio,ADA/USDT:USDT,0.8266,616.0,0.8265,1819.0,0.8267,350.0,0.8268,632.0
1753600065133,07:07:45.133,gateio,ADA/USDT:USDT,0.8266,585.0,0.8265,1819.0,0.8267,350.0,0.8268,632.0
1753600065232,07:07:45.232,gateio,ADA/USDT:USDT,0.8266,554.0,0.8265,1819.0,0.8267,350.0,0.8268,632.0
1753600065347,07:07:45.347,gateio,ADA/USDT:USDT,0.8266,554.0,0.8265,1819.0,0.8267,350.0,0.8268,663.0
1753600065426,07:07:45.426,gateio,ADA/USDT:USDT,0.8266,554.0,0.8265,1819.0,0.8267,350.0,0.8268,663.0
1753600065451,07:07:45.451,gateio,ADA/USDT:USDT,0.8266,554.0,0.8265,1819.0,0.8267,350.0,0.8268,632.0
1753600065559,07:07:45.559,gateio,ADA/USDT:USDT,0.8266,554.0,0.8265,1819.0,0.8267,350.0,0.8268,632.0
1753600065904,07:07:45.904,gateio,ADA/USDT:USDT,0.8266,585.0,0.8265,1788.0,0.8267,350.0,0.8268,632.0
1753600066047,07:07:46.047,gateio,ADA/USDT:USDT,0.8266,554.0,0.8265,1788.0,0.8267,350.0,0.8268,632.0
1753600066449,07:07:46.449,gateio,ADA/USDT:USDT,0.8266,585.0,0.8265,1788.0,0.8267,350.0,0.8268,632.0
1753600066512,07:07:46.512,gateio,ADA/USDT:USDT,0.8266,554.0,0.8265,1788.0,0.8267,350.0,0.8268,632.0
1753600066579,07:07:46.579,gateio,ADA/USDT:USDT,0.8266,554.0,0.8265,1788.0,0.8267,350.0,0.8268,632.0
1753600066763,07:07:46.763,gateio,ADA/USDT:USDT,0.8266,616.0,0.8265,1788.0,0.8267,50.0,0.8268,632.0
1753600066922,07:07:46.922,gateio,ADA/USDT:USDT,0.8266,554.0,0.8265,1788.0,0.8267,50.0,0.8268,632.0
1753600067013,07:07:47.013,gateio,ADA/USDT:USDT,0.8266,204.0,0.8265,1757.0,0.8267,81.0,0.8268,632.0
1753600067054,07:07:47.054,gateio,ADA/USDT:USDT,0.8266,204.0,0.8265,1757.0,0.8267,50.0,0.8268,632.0
1753600067297,07:07:47.297,gateio,ADA/USDT:USDT,0.8266,204.0,0.8265,1757.0,0.8267,50.0,0.8268,632.0
1753600067426,07:07:47.426,gateio,ADA/USDT:USDT,0.8266,204.0,0.8265,1757.0,0.8267,282.0,0.8268,632.0
1753600067746,07:07:47.746,gateio,ADA/USDT:USDT,0.8266,114.0,0.8265,1757.0,0.8267,632.0,0.8268,632.0
1753600067750,07:07:47.750,gateio,ADA/USDT:USDT,0.8266,111.0,0.8265,1757.0,0.8267,632.0,0.8268,632.0
1753600067885,07:07:47.885,gateio,ADA/USDT:USDT,0.8266,12.0,0.8265,1525.0,0.8267,632.0,0.8268,632.0
1753600067983,07:07:47.983,gateio,ADA/USDT:USDT,0.8266,12.0,0.8265,1525.0,0.8267,632.0,0.8268,632.0
1753600068132,07:07:48.132,gateio,ADA/USDT:USDT,0.8266,12.0,0.8265,1452.0,0.8267,632.0,0.8268,632.0
1753600068177,07:07:48.177,gateio,ADA/USDT:USDT,0.8266,12.0,0.8265,1452.0,0.8267,632.0,0.8268,632.0
1753600068270,07:07:48.270,gateio,ADA/USDT:USDT,0.8266,61.0,0.8265,1452.0,0.8267,632.0,0.8268,632.0
1753600068395,07:07:48.395,gateio,ADA/USDT:USDT,0.8266,61.0,0.8265,1452.0,0.8267,632.0,0.8268,632.0
1753600068507,07:07:48.507,gateio,ADA/USDT:USDT,0.8266,12.0,0.8265,1452.0,0.8267,632.0,0.8268,632.0
1753600068612,07:07:48.612,gateio,ADA/USDT:USDT,0.8266,12.0,0.8265,1452.0,0.8267,632.0,0.8268,632.0
1753600068719,07:07:48.719,gateio,ADA/USDT:USDT,0.8266,143.0,0.8265,1525.0,0.8267,632.0,0.8268,632.0
1753600069051,07:07:49.051,gateio,ADA/USDT:USDT,0.8266,143.0,0.8265,1525.0,0.8267,632.0,0.8268,632.0
1753600069336,07:07:49.336,gateio,ADA/USDT:USDT,0.8266,143.0,0.8265,1525.0,0.8267,632.0,0.8268,632.0
1753600069547,07:07:49.547,gateio,ADA/USDT:USDT,0.8266,143.0,0.8265,1525.0,0.8267,632.0,0.8268,632.0
1753600069641,07:07:49.641,gateio,ADA/USDT:USDT,0.8266,12.0,0.8265,1452.0,0.8267,632.0,0.8268,632.0
1753600069815,07:07:49.815,gateio,ADA/USDT:USDT,0.8266,12.0,0.8265,1452.0,0.8267,632.0,0.8268,632.0
1753600069933,07:07:49.933,gateio,ADA/USDT:USDT,0.8266,12.0,0.8265,1452.0,0.8267,663.0,0.8268,632.0
1753600070042,07:07:50.042,gateio,ADA/USDT:USDT,0.8266,12.0,0.8265,1452.0,0.8267,663.0,0.8268,663.0
1753600070097,07:07:50.097,gateio,ADA/USDT:USDT,0.8266,12.0,0.8265,1452.0,0.8267,632.0,0.8268,663.0
1753600070191,07:07:50.191,gateio,ADA/USDT:USDT,0.8266,12.0,0.8265,1452.0,0.8267,663.0,0.8268,663.0
1753600070290,07:07:50.290,gateio,ADA/USDT:USDT,0.8266,61.0,0.8265,1452.0,0.8267,632.0,0.8268,663.0
1753600070393,07:07:50.393,gateio,ADA/USDT:USDT,0.8266,12.0,0.8265,1452.0,0.8267,632.0,0.8268,663.0
1753600070550,07:07:50.550,gateio,ADA/USDT:USDT,0.8266,12.0,0.8265,1452.0,0.8267,632.0,0.8268,663.0
1753600070634,07:07:50.634,gateio,ADA/USDT:USDT,0.8266,544.0,0.8265,1556.0,0.8267,50.0,0.8268,632.0
1753600070724,07:07:50.724,gateio,ADA/USDT:USDT,0.8266,513.0,0.8265,1556.0,0.8267,50.0,0.8268,632.0
1753600070836,07:07:50.836,gateio,ADA/USDT:USDT,0.8266,358.0,0.8265,1556.0,0.8267,50.0,0.8268,632.0
1753600070904,07:07:50.904,gateio,ADA/USDT:USDT,0.8266,126.0,0.8265,1525.0,0.8267,50.0,0.8268,632.0
1753600071132,07:07:51.132,gateio,ADA/USDT:USDT,0.8266,126.0,0.8265,1525.0,0.8267,50.0,0.8268,632.0
1753600071233,07:07:51.233,gateio,ADA/USDT:USDT,0.8267,49.0,0.8266,867.0,0.8268,632.0,0.8269,1755.0
1753600071255,07:07:51.255,gateio,ADA/USDT:USDT,0.8267,49.0,0.8266,867.0,0.8268,632.0,0.8269,1786.0
1753600071439,07:07:51.439,gateio,ADA/USDT:USDT,0.8267,49.0,0.8266,867.0,0.8268,632.0,0.8269,1755.0
1753600071475,07:07:51.475,gateio,ADA/USDT:USDT,0.8267,49.0,0.8266,867.0,0.8268,632.0,0.8269,1786.0
1753600071635,07:07:51.635,gateio,ADA/USDT:USDT,0.8267,49.0,0.8266,867.0,0.8268,632.0,0.8269,1786.0
1753600071696,07:07:51.696,gateio,ADA/USDT:USDT,0.8267,49.0,0.8266,867.0,0.8268,632.0,0.8269,1755.0
1753600071817,07:07:51.817,gateio,ADA/USDT:USDT,0.8267,49.0,0.8266,867.0,0.8268,632.0,0.8269,1786.0
1753600071909,07:07:51.909,gateio,ADA/USDT:USDT,0.8267,49.0,0.8266,867.0,0.8268,632.0,0.8269,1755.0
1753600072072,07:07:52.072,gateio,ADA/USDT:USDT,0.8267,49.0,0.8266,867.0,0.8268,632.0,0.8269,1786.0
1753600072239,07:07:52.239,gateio,ADA/USDT:USDT,0.8267,49.0,0.8266,898.0,0.8268,632.0,0.8269,1755.0
1753600072312,07:07:52.312,gateio,ADA/USDT:USDT,0.8267,59.0,0.8266,767.0,0.8268,400.0,0.8269,1510.0
1753600072375,07:07:52.375,gateio,ADA/USDT:USDT,0.8267,59.0,0.8266,736.0,0.8268,400.0,0.8269,1510.0
1753600072485,07:07:52.485,gateio,ADA/USDT:USDT,0.8267,59.0,0.8266,736.0,0.8268,400.0,0.8269,1572.0
1753600072600,07:07:52.600,gateio,ADA/USDT:USDT,0.8267,49.0,0.8266,736.0,0.8268,400.0,0.8269,1572.0
1753600072846,07:07:52.846,gateio,ADA/USDT:USDT,0.8267,49.0,0.8266,736.0,0.8268,400.0,0.8269,1510.0
1753600072900,07:07:52.900,gateio,ADA/USDT:USDT,0.8267,49.0,0.8266,736.0,0.8268,400.0,0.8269,1510.0
1753600073049,07:07:53.049,gateio,ADA/USDT:USDT,0.8267,469.0,0.8266,1237.0,0.8268,50.0,0.8269,282.0
1753600073144,07:07:53.144,gateio,ADA/USDT:USDT,0.8267,500.0,0.8266,1639.0,0.8268,50.0,0.8269,282.0
1753600073244,07:07:53.244,gateio,ADA/USDT:USDT,0.8267,191.0,0.8266,1242.0,0.8268,50.0,0.8269,313.0
1753600073330,07:07:53.330,gateio,ADA/USDT:USDT,0.8267,423.0,0.8266,1273.0,0.8268,50.0,0.8269,282.0
1753600073447,07:07:53.447,gateio,ADA/USDT:USDT,0.8267,191.0,0.8266,1242.0,0.8268,50.0,0.8269,313.0
1753600073508,07:07:53.508,gateio,ADA/USDT:USDT,0.8267,191.0,0.8266,1273.0,0.8268,50.0,0.8269,282.0
1753600073641,07:07:53.641,gateio,ADA/USDT:USDT,0.8267,191.0,0.8266,1242.0,0.8268,400.0,0.8269,344.0
1753600073793,07:07:53.793,gateio,ADA/USDT:USDT,0.8267,191.0,0.8266,1242.0,0.8268,400.0,0.8269,282.0
1753600073940,07:07:53.940,gateio,ADA/USDT:USDT,0.8267,191.0,0.8266,1242.0,0.8268,400.0,0.8269,313.0
1753600073997,07:07:53.997,gateio,ADA/USDT:USDT,0.8267,191.0,0.8266,1242.0,0.8268,400.0,0.8269,282.0
1753600074074,07:07:54.074,gateio,ADA/USDT:USDT,0.8267,191.0,0.8266,1038.0,0.8268,400.0,0.8269,282.0
1753600074240,07:07:54.240,gateio,ADA/USDT:USDT,0.8267,191.0,0.8266,1038.0,0.8268,400.0,0.8269,282.0
1753600074304,07:07:54.304,gateio,ADA/USDT:USDT,0.8267,191.0,0.8266,1069.0,0.8268,400.0,0.8269,282.0
1753600074417,07:07:54.417,gateio,ADA/USDT:USDT,0.8267,191.0,0.8266,1069.0,0.8268,400.0,0.8269,282.0
1753600074510,07:07:54.510,gateio,ADA/USDT:USDT,0.8267,253.0,0.8266,1069.0,0.8268,400.0,0.8269,282.0
1753600074624,07:07:54.624,gateio,ADA/USDT:USDT,0.8267,253.0,0.8266,1248.0,0.8268,400.0,0.8269,282.0
1753600074710,07:07:54.710,gateio,ADA/USDT:USDT,0.8267,191.0,0.8266,1217.0,0.8268,400.0,0.8269,282.0
1753600075272,07:07:55.272,gateio,ADA/USDT:USDT,0.8267,191.0,0.8266,1217.0,0.8268,400.0,0.8269,282.0
1753600075516,07:07:55.516,gateio,ADA/USDT:USDT,0.8267,423.0,0.8266,1583.0,0.8268,400.0,0.8269,282.0
1753600075632,07:07:55.632,gateio,ADA/USDT:USDT,0.8267,423.0,0.8266,1404.0,0.8268,400.0,0.8269,282.0
1753600075915,07:07:55.915,gateio,ADA/USDT:USDT,0.8267,423.0,0.8266,1404.0,0.8268,400.0,0.8269,282.0
1753600076013,07:07:56.013,gateio,ADA/USDT:USDT,0.8267,423.0,0.8266,1404.0,0.8268,400.0,0.8269,282.0
1753600076053,07:07:56.053,gateio,ADA/USDT:USDT,0.8267,423.0,0.8266,1404.0,0.8268,400.0,0.8269,282.0
1753600076178,07:07:56.178,gateio,ADA/USDT:USDT,0.8267,191.0,0.8266,1404.0,0.8268,400.0,0.8269,282.0
1753600076337,07:07:56.337,gateio,ADA/USDT:USDT,0.8267,222.0,0.8266,1404.0,0.8268,400.0,0.8269,282.0
1753600076514,07:07:56.514,gateio,ADA/USDT:USDT,0.8267,191.0,0.8266,1404.0,0.8268,400.0,0.8269,282.0
1753600076635,07:07:56.635,gateio,ADA/USDT:USDT,0.8266,62.0,0.8265,1176.0,0.8267,81.0,0.8268,632.0
1753600076701,07:07:56.701,gateio,ADA/USDT:USDT,0.8266,12.0,0.8265,1176.0,0.8267,313.0,0.8268,632.0
1753600076833,07:07:56.833,gateio,ADA/USDT:USDT,0.8266,111.0,0.8265,1176.0,0.8267,50.0,0.8268,663.0
1753600076898,07:07:56.898,gateio,ADA/USDT:USDT,0.8266,111.0,0.8265,1176.0,0.8267,50.0,0.8268,663.0
1753600077061,07:07:57.061,gateio,ADA/USDT:USDT,0.8266,111.0,0.8265,1207.0,0.8267,50.0,0.8268,632.0
1753600077191,07:07:57.191,gateio,ADA/USDT:USDT,0.8266,111.0,0.8265,1207.0,0.8267,50.0,0.8268,663.0
1753600077429,07:07:57.429,gateio,ADA/USDT:USDT,0.8266,111.0,0.8265,1238.0,0.8267,50.0,0.8268,694.0
1753600077503,07:07:57.503,gateio,ADA/USDT:USDT,0.8266,111.0,0.8265,1238.0,0.8267,50.0,0.8268,694.0
1753600077593,07:07:57.593,gateio,ADA/USDT:USDT,0.8266,111.0,0.8265,1238.0,0.8267,350.0,0.8268,694.0
1753600077740,07:07:57.740,gateio,ADA/USDT:USDT,0.8266,281.0,0.8265,1238.0,0.8267,350.0,0.8268,632.0
1753600077788,07:07:57.788,gateio,ADA/USDT:USDT,0.8266,126.0,0.8265,1238.0,0.8267,350.0,0.8268,632.0
1753600078061,07:07:58.061,gateio,ADA/USDT:USDT,0.8266,126.0,0.8265,1238.0,0.8267,350.0,0.8268,632.0
1753600078218,07:07:58.218,gateio,ADA/USDT:USDT,0.8266,111.0,0.8265,1207.0,0.8267,350.0,0.8268,632.0
1753600078430,07:07:58.430,gateio,ADA/USDT:USDT,0.8266,111.0,0.8265,1207.0,0.8267,350.0,0.8268,663.0
1753600078538,07:07:58.538,gateio,ADA/USDT:USDT,0.8266,111.0,0.8265,1207.0,0.8267,350.0,0.8268,632.0
1753600078624,07:07:58.624,gateio,ADA/USDT:USDT,0.8266,111.0,0.8265,1207.0,0.8267,350.0,0.8268,632.0
1753600078693,07:07:58.693,gateio,ADA/USDT:USDT,0.8266,111.0,0.8265,1207.0,0.8267,350.0,0.8268,632.0
1753600078932,07:07:58.932,gateio,ADA/USDT:USDT,0.8266,111.0,0.8265,1207.0,0.8267,350.0,0.8268,632.0
1753600079240,07:07:59.240,gateio,ADA/USDT:USDT,0.8267,49.0,0.8266,736.0,0.8268,632.0,0.8269,1209.0
1753600079273,07:07:59.273,gateio,ADA/USDT:USDT,0.8267,49.0,0.8266,867.0,0.8268,632.0,0.8269,1209.0
1753600079485,07:07:59.485,gateio,ADA/USDT:USDT,0.8267,49.0,0.8266,867.0,0.8268,632.0,0.8269,1209.0
1753600079573,07:07:59.573,gateio,ADA/USDT:USDT,0.8267,49.0,0.8266,867.0,0.8268,632.0,0.8269,1209.0
1753600079810,07:07:59.810,gateio,ADA/USDT:USDT,0.8267,49.0,0.8266,867.0,0.8268,632.0,0.8269,1240.0
1753600079899,07:07:59.899,gateio,ADA/USDT:USDT,0.8267,49.0,0.8266,867.0,0.8268,632.0,0.8269,1209.0
1753600080180,07:08:00.180,gateio,ADA/USDT:USDT,0.8267,49.0,0.8266,867.0,0.8268,632.0,0.8269,1240.0
1753600080341,07:08:00.341,gateio,ADA/USDT:USDT,0.8266,615.0,0.8265,1176.0,0.8268,632.0,0.8269,1240.0
1753600080442,07:08:00.442,gateio,ADA/USDT:USDT,0.8266,670.0,0.8265,1856.0,0.8268,632.0,0.8269,1240.0
1753600080638,07:08:00.638,gateio,ADA/USDT:USDT,0.8266,670.0,0.8265,1856.0,0.8268,632.0,0.8269,1240.0
1753600080684,07:08:00.684,gateio,ADA/USDT:USDT,0.8266,670.0,0.8265,1856.0,0.8268,632.0,0.8269,1240.0
1753600080818,07:08:00.818,gateio,ADA/USDT:USDT,0.8266,732.0,0.8265,1856.0,0.8268,632.0,0.8269,1240.0
1753600080950,07:08:00.950,gateio,ADA/USDT:USDT,0.8266,732.0,0.8265,1856.0,0.8268,632.0,0.8269,1240.0
1753600081069,07:08:01.069,gateio,ADA/USDT:USDT,0.8266,701.0,0.8265,1856.0,0.8268,632.0,0.8269,1240.0
1753600081155,07:08:01.155,gateio,ADA/USDT:USDT,0.8266,701.0,0.8265,1856.0,0.8268,632.0,0.8269,1240.0
1753600081264,07:08:01.264,gateio,ADA/USDT:USDT,0.8266,701.0,0.8265,1856.0,0.8268,632.0,0.8269,1240.0
1753600081443,07:08:01.443,gateio,ADA/USDT:USDT,0.8266,221.0,0.8265,1176.0,0.8268,632.0,0.8269,1240.0
1753600081493,07:08:01.493,gateio,ADA/USDT:USDT,0.8266,221.0,0.8265,1176.0,0.8268,694.0,0.8269,1209.0
1753600081606,07:08:01.606,gateio,ADA/USDT:USDT,0.8266,221.0,0.8265,1176.0,0.8268,694.0,0.8269,1209.0
1753600081747,07:08:01.747,gateio,ADA/USDT:USDT,0.8266,111.0,0.8265,1176.0,0.8267,153.0,0.8268,694.0
1753600081828,07:08:01.828,gateio,ADA/USDT:USDT,0.8266,62.0,0.8265,1176.0,0.8267,385.0,0.8268,694.0
1753600081948,07:08:01.948,gateio,ADA/USDT:USDT,0.8266,12.0,0.8265,771.0,0.8267,448.0,0.8268,1159.0
1753600082042,07:08:02.042,gateio,ADA/USDT:USDT,0.8265,12.0,0.8264,1259.0,0.8266,766.0,0.8267,513.0
1753600082102,07:08:02.102,gateio,ADA/USDT:USDT,0.8265,12.0,0.8264,1568.0,0.8266,766.0,0.8267,513.0
1753600082248,07:08:02.248,gateio,ADA/USDT:USDT,0.8265,12.0,0.8264,1568.0,0.8266,766.0,0.8267,512.0
1753600082313,07:08:02.313,gateio,ADA/USDT:USDT,0.8265,12.0,0.8264,1336.0,0.8266,735.0,0.8267,1475.0
1753600082439,07:08:02.439,gateio,ADA/USDT:USDT,0.8265,12.0,0.8264,680.0,0.8266,766.0,0.8267,1475.0
1753600082534,07:08:02.534,gateio,ADA/USDT:USDT,0.8265,12.0,0.8264,680.0,0.8266,766.0,0.8267,1475.0
1753600082646,07:08:02.646,gateio,ADA/USDT:USDT,0.8264,692.0,0.8262,1504.0,0.8265,748.0,0.8266,1274.0
1753600082743,07:08:02.743,gateio,ADA/USDT:USDT,0.8262,1516.0,0.8261,1539.0,0.8264,385.0,0.8265,813.0
1753600082849,07:08:02.849,gateio,ADA/USDT:USDT,0.8262,1516.0,0.8261,1539.0,0.8264,385.0,0.8265,813.0
1753600082933,07:08:02.933,gateio,ADA/USDT:USDT,0.8262,945.0,0.8261,2401.0,0.8264,397.0,0.8265,813.0
1753600083009,07:08:03.009,gateio,ADA/USDT:USDT,0.8262,945.0,0.8261,2401.0,0.8264,397.0,0.8265,813.0
1753600083132,07:08:03.132,gateio,ADA/USDT:USDT,0.8262,945.0,0.8261,2401.0,0.8264,397.0,0.8265,813.0
1753600083321,07:08:03.321,gateio,ADA/USDT:USDT,0.8262,945.0,0.8261,2401.0,0.8264,397.0,0.8265,813.0
1753600083439,07:08:03.439,gateio,ADA/USDT:USDT,0.8262,945.0,0.8261,2432.0,0.8264,397.0,0.8265,843.0
1753600083512,07:08:03.512,gateio,ADA/USDT:USDT,0.8262,976.0,0.8261,2432.0,0.8264,397.0,0.8265,843.0
1753600083628,07:08:03.628,gateio,ADA/USDT:USDT,0.8262,976.0,0.8261,2432.0,0.8264,397.0,0.8265,778.0
1753600083734,07:08:03.734,gateio,ADA/USDT:USDT,0.8262,976.0,0.8261,2974.0,0.8264,397.0,0.8265,778.0
1753600083834,07:08:03.834,gateio,ADA/USDT:USDT,0.8262,976.0,0.8261,2770.0,0.8264,397.0,0.8265,778.0
1753600083936,07:08:03.936,gateio,ADA/USDT:USDT,0.8263,534.0,0.8262,1430.0,0.8264,62.0,0.8265,747.0
1753600084049,07:08:04.049,gateio,ADA/USDT:USDT,0.8263,766.0,0.8262,1763.0,0.8264,12.0,0.8265,515.0
1753600084116,07:08:04.116,gateio,ADA/USDT:USDT,0.8263,766.0,0.8262,2129.0,0.8264,12.0,0.8265,412.0
1753600084246,07:08:04.246,gateio,ADA/USDT:USDT,0.8263,766.0,0.8262,2129.0,0.8264,12.0,0.8265,412.0
1753600084332,07:08:04.332,gateio,ADA/USDT:USDT,0.8263,735.0,0.8262,2098.0,0.8264,12.0,0.8265,412.0
1753600084542,07:08:04.542,gateio,ADA/USDT:USDT,0.8263,735.0,0.8262,2098.0,0.8264,12.0,0.8265,412.0
1753600084622,07:08:04.622,gateio,ADA/USDT:USDT,0.8263,735.0,0.8262,2129.0,0.8264,12.0,0.8265,412.0
1753600084669,07:08:04.669,gateio,ADA/USDT:USDT,0.8263,735.0,0.8262,2129.0,0.8264,12.0,0.8265,412.0
1753600084799,07:08:04.799,gateio,ADA/USDT:USDT,0.8263,735.0,0.8262,2129.0,0.8264,12.0,0.8265,412.0
1753600084947,07:08:04.947,gateio,ADA/USDT:USDT,0.8263,735.0,0.8262,2129.0,0.8264,12.0,0.8265,412.0
1753600085020,07:08:05.020,gateio,ADA/USDT:USDT,0.8263,735.0,0.8262,2098.0,0.8264,12.0,0.8265,412.0
1753600085148,07:08:05.148,gateio,ADA/USDT:USDT,0.8263,735.0,0.8262,2067.0,0.8264,12.0,0.8265,412.0
1753600085206,07:08:05.206,gateio,ADA/USDT:USDT,0.8263,735.0,0.8262,2067.0,0.8264,12.0,0.8265,412.0
1753600085313,07:08:05.313,gateio,ADA/USDT:USDT,0.8263,735.0,0.8262,2067.0,0.8264,12.0,0.8265,412.0
1753600085367,07:08:05.367,gateio,ADA/USDT:USDT,0.8263,735.0,0.8262,2067.0,0.8264,12.0,0.8265,412.0
1753600085528,07:08:05.528,gateio,ADA/USDT:USDT,0.8263,735.0,0.8262,2067.0,0.8264,12.0,0.8265,412.0
1753600085613,07:08:05.613,gateio,ADA/USDT:USDT,0.8263,735.0,0.8262,2098.0,0.8264,12.0,0.8265,412.0
1753600085739,07:08:05.739,gateio,ADA/USDT:USDT,0.8263,735.0,0.8262,2129.0,0.8264,12.0,0.8265,412.0
1753600085786,07:08:05.786,gateio,ADA/USDT:USDT,0.8263,735.0,0.8262,2129.0,0.8264,12.0,0.8265,412.0
1753600085921,07:08:05.921,gateio,ADA/USDT:USDT,0.8263,1351.0,0.8262,2129.0,0.8264,12.0,0.8265,50.0
1753600086028,07:08:06.028,gateio,ADA/USDT:USDT,0.8263,1289.0,0.8262,2129.0,0.8264,12.0,0.8265,50.0
1753600086128,07:08:06.128,gateio,ADA/USDT:USDT,0.8263,1289.0,0.8262,2067.0,0.8264,12.0,0.8265,50.0
1753600086246,07:08:06.246,gateio,ADA/USDT:USDT,0.8263,1216.0,0.8262,2098.0,0.8264,12.0,0.8265,282.0
1753600086329,07:08:06.329,gateio,ADA/USDT:USDT,0.8263,1216.0,0.8262,2098.0,0.8264,12.0,0.8265,282.0
1753600086447,07:08:06.447,gateio,ADA/USDT:USDT,0.8263,744.0,0.8262,1701.0,0.8264,12.0,0.8265,282.0
1753600086505,07:08:06.505,gateio,ADA/USDT:USDT,0.8263,686.0,0.8262,1701.0,0.8264,12.0,0.8265,313.0
1753600086626,07:08:06.626,gateio,ADA/USDT:USDT,0.8263,686.0,0.8262,1763.0,0.8264,12.0,0.8265,282.0
1753600086735,07:08:06.735,gateio,ADA/USDT:USDT,0.8263,686.0,0.8262,2129.0,0.8264,12.0,0.8265,282.0
1753600086833,07:08:06.833,gateio,ADA/USDT:USDT,0.8263,686.0,0.8262,2129.0,0.8264,12.0,0.8265,282.0
1753600086940,07:08:06.940,gateio,ADA/USDT:USDT,0.8263,686.0,0.8262,2129.0,0.8264,12.0,0.8265,282.0
1753600087047,07:08:07.047,gateio,ADA/USDT:USDT,0.8263,686.0,0.8262,2129.0,0.8264,12.0,0.8265,282.0
1753600087147,07:08:07.147,gateio,ADA/USDT:USDT,0.8263,1302.0,0.8262,2129.0,0.8264,12.0,0.8266,1597.0
1753600087213,07:08:07.213,gateio,ADA/USDT:USDT,0.8263,1302.0,0.8262,2129.0,0.8264,12.0,0.8266,1597.0
1753600087345,07:08:07.345,gateio,ADA/USDT:USDT,0.8265,140.0,0.8264,956.0,0.8266,1597.0,0.8267,591.0
1753600087448,07:08:07.448,gateio,ADA/USDT:USDT,0.8265,140.0,0.8264,1184.0,0.8266,735.0,0.8267,560.0
1753600087530,07:08:07.530,gateio,ADA/USDT:USDT,0.8265,140.0,0.8264,1184.0,0.8266,735.0,0.8267,891.0
1753600087638,07:08:07.638,gateio,ADA/USDT:USDT,0.8265,140.0,0.8264,1257.0,0.8266,735.0,0.8267,891.0
1753600087738,07:08:07.738,gateio,ADA/USDT:USDT,0.8265,140.0,0.8264,1257.0,0.8266,735.0,0.8267,1136.0
1753600087811,07:08:07.811,gateio,ADA/USDT:USDT,0.8265,140.0,0.8264,1184.0,0.8266,735.0,0.8267,1136.0
1753600087948,07:08:07.948,gateio,ADA/USDT:USDT,0.8265,140.0,0.8264,1266.0,0.8266,50.0,0.8267,836.0
1753600088005,07:08:08.005,gateio,ADA/USDT:USDT,0.8265,140.0,0.8264,1257.0,0.8266,50.0,0.8267,805.0
1753600088132,07:08:08.132,gateio,ADA/USDT:USDT,0.8265,372.0,0.8264,1319.0,0.8266,50.0,0.8267,805.0
1753600088237,07:08:08.237,gateio,ADA/USDT:USDT,0.8265,434.0,0.8264,1641.0,0.8266,50.0,0.8267,385.0
1753600088338,07:08:08.338,gateio,ADA/USDT:USDT,0.8266,399.0,0.8265,1335.0,0.8267,50.0,0.8268,1710.0
1753600088415,07:08:08.415,gateio,ADA/USDT:USDT,0.8266,1160.0,0.8265,1558.0,0.8268,912.0,0.8269,1240.0
1753600088513,07:08:08.513,gateio,ADA/USDT:USDT,0.8266,1160.0,0.8265,1366.0,0.8268,912.0,0.8269,559.0
1753600088623,07:08:08.623,gateio,ADA/USDT:USDT,0.8266,1129.0,0.8265,2396.0,0.8268,912.0,0.8269,559.0
1753600088734,07:08:08.734,gateio,ADA/USDT:USDT,0.8266,1160.0,0.8265,2365.0,0.8268,912.0,0.8269,559.0
1753600088818,07:08:08.818,gateio,ADA/USDT:USDT,0.8266,1160.0,0.8265,2365.0,0.8268,912.0,0.8269,559.0
1753600088924,07:08:08.924,gateio,ADA/USDT:USDT,0.8266,1233.0,0.8265,2365.0,0.8268,50.0,0.8269,559.0
1753600089020,07:08:09.020,gateio,ADA/USDT:USDT,0.8266,1264.0,0.8265,2365.0,0.8268,50.0,0.8269,559.0
1753600089111,07:08:09.111,gateio,ADA/USDT:USDT,0.8266,1264.0,0.8265,2365.0,0.8268,50.0,0.8269,559.0
1753600089232,07:08:09.232,gateio,ADA/USDT:USDT,0.8266,1264.0,0.8265,2365.0,0.8268,50.0,0.8269,559.0
1753600089340,07:08:09.340,gateio,ADA/USDT:USDT,0.8266,1264.0,0.8265,2027.0,0.8268,50.0,0.8269,909.0
1753600089448,07:08:09.448,gateio,ADA/USDT:USDT,0.8267,50.0,0.8266,1264.0,0.8268,50.0,0.8269,909.0
1753600089525,07:08:09.525,gateio,ADA/USDT:USDT,0.8267,449.0,0.8266,1548.0,0.8268,50.0,0.8269,940.0
1753600089645,07:08:09.645,gateio,ADA/USDT:USDT,0.8267,449.0,0.8266,1548.0,0.8268,50.0,0.8269,940.0
1753600089746,07:08:09.746,gateio,ADA/USDT:USDT,0.8267,449.0,0.8266,1548.0,0.8268,50.0,0.8269,940.0
1753600089838,07:08:09.838,gateio,ADA/USDT:USDT,0.8267,449.0,0.8266,1517.0,0.8268,50.0,0.8269,971.0
1753600089899,07:08:09.899,gateio,ADA/USDT:USDT,0.8267,50.0,0.8266,1486.0,0.8268,50.0,0.8269,971.0
1753600090027,07:08:10.027,gateio,ADA/USDT:USDT,0.8266,1202.0,0.8265,2374.0,0.8268,282.0,0.8269,940.0
1753600090124,07:08:10.124,gateio,ADA/USDT:USDT,0.8266,1398.0,0.8265,2707.0,0.8268,282.0,0.8269,940.0
1753600090241,07:08:10.241,gateio,ADA/USDT:USDT,0.8267,449.0,0.8266,1682.0,0.8268,50.0,0.8269,940.0
1753600090336,07:08:10.336,gateio,ADA/USDT:USDT,0.8267,449.0,0.8266,1682.0,0.8268,50.0,0.8269,789.0
1753600090416,07:08:10.416,gateio,ADA/USDT:USDT,0.8268,49.0,0.8267,449.0,0.8269,679.0,0.827,2013.0
1753600090509,07:08:10.509,gateio,ADA/USDT:USDT,0.8267,449.0,0.8266,1153.0,0.8269,775.0,0.827,1301.0
1753600090631,07:08:10.631,gateio,ADA/USDT:USDT,0.8267,449.0,0.8266,2166.0,0.8269,775.0,0.827,1538.0
1753600090721,07:08:10.721,gateio,ADA/USDT:USDT,0.8267,449.0,0.8266,2166.0,0.8269,787.0,0.827,1538.0
1753600090794,07:08:10.794,gateio,ADA/USDT:USDT,0.8267,449.0,0.8266,2166.0,0.8269,787.0,0.827,1538.0
1753600090940,07:08:10.940,gateio,ADA/USDT:USDT,0.8268,49.0,0.8267,1200.0,0.8269,632.0,0.827,1600.0
1753600091036,07:08:11.036,gateio,ADA/USDT:USDT,0.8268,99.0,0.8267,1029.0,0.8269,632.0,0.827,1363.0
1753600091139,07:08:11.139,gateio,ADA/USDT:USDT,0.8268,99.0,0.8267,1029.0,0.8269,632.0,0.827,1363.0
1753600091238,07:08:11.238,gateio,ADA/USDT:USDT,0.8268,49.0,0.8267,1029.0,0.8269,632.0,0.827,1363.0
1753600091331,07:08:11.331,gateio,ADA/USDT:USDT,0.8268,49.0,0.8267,797.0,0.8269,632.0,0.827,1363.0
1753600091437,07:08:11.437,gateio,ADA/USDT:USDT,0.8267,453.0,0.8266,1984.0,0.8268,400.0,0.8269,632.0
1753600091548,07:08:11.548,gateio,ADA/USDT:USDT,0.8267,449.0,0.8266,1618.0,0.8268,400.0,0.8269,663.0
1753600091590,07:08:11.590,gateio,ADA/USDT:USDT,0.8267,449.0,0.8266,1649.0,0.8268,400.0,0.8269,632.0
1753600091743,07:08:11.743,gateio,ADA/USDT:USDT,0.8267,50.0,0.8266,1618.0,0.8268,632.0,0.8269,694.0
1753600091827,07:08:11.827,gateio,ADA/USDT:USDT,0.8267,50.0,0.8266,1618.0,0.8268,632.0,0.8269,694.0
1753600091944,07:08:11.944,gateio,ADA/USDT:USDT,0.8267,50.0,0.8266,1618.0,0.8268,632.0,0.8269,694.0
1753600091987,07:08:11.987,gateio,ADA/USDT:USDT,0.8267,50.0,0.8266,1618.0,0.8268,632.0,0.8269,694.0
1753600092137,07:08:12.137,gateio,ADA/USDT:USDT,0.8266,1313.0,0.8265,2362.0,0.8268,632.0,0.8269,694.0
1753600092228,07:08:12.228,gateio,ADA/USDT:USDT,0.8266,62.0,0.8265,2695.0,0.8267,400.0,0.8268,663.0
1753600092341,07:08:12.341,gateio,ADA/USDT:USDT,0.8265,1566.0,0.8264,1541.0,0.8267,632.0,0.8268,632.0
1753600092435,07:08:12.435,gateio,ADA/USDT:USDT,0.8265,1566.0,0.8264,1727.0,0.8267,632.0,0.8268,1313.0
1753600092541,07:08:12.541,gateio,ADA/USDT:USDT,0.8265,1566.0,0.8264,1758.0,0.8267,632.0,0.8268,1375.0
1753600092587,07:08:12.587,gateio,ADA/USDT:USDT,0.8265,1566.0,0.8264,1727.0,0.8267,632.0,0.8268,1375.0
1753600092728,07:08:12.728,gateio,ADA/USDT:USDT,0.8265,1566.0,0.8264,1727.0,0.8267,632.0,0.8268,1970.0
1753600092849,07:08:12.849,gateio,ADA/USDT:USDT,0.8265,949.0,0.8264,2589.0,0.8267,632.0,0.8268,1970.0
1753600092890,07:08:12.890,gateio,ADA/USDT:USDT,0.8265,949.0,0.8264,2589.0,0.8267,632.0,0.8268,1970.0
1753600093022,07:08:13.022,gateio,ADA/USDT:USDT,0.8265,949.0,0.8264,2589.0,0.8267,632.0,0.8268,1970.0
1753600093137,07:08:13.137,gateio,ADA/USDT:USDT,0.8265,949.0,0.8264,2589.0,0.8267,632.0,0.8268,1970.0
1753600093239,07:08:13.239,gateio,ADA/USDT:USDT,0.8265,949.0,0.8264,2589.0,0.8267,632.0,0.8268,1970.0
1753600093340,07:08:13.340,gateio,ADA/USDT:USDT,0.8265,949.0,0.8264,2620.0,0.8267,632.0,0.8268,1970.0
1753600093373,07:08:13.373,gateio,ADA/USDT:USDT,0.8265,949.0,0.8264,2434.0,0.8267,632.0,0.8268,1289.0
1753600093512,07:08:13.512,gateio,ADA/USDT:USDT,0.8265,949.0,0.8264,2434.0,0.8267,632.0,0.8268,1289.0
1753600093573,07:08:13.573,gateio,ADA/USDT:USDT,0.8265,949.0,0.8264,2434.0,0.8267,632.0,0.8268,1289.0
1753600093748,07:08:13.748,gateio,ADA/USDT:USDT,0.8265,949.0,0.8264,2434.0,0.8267,632.0,0.8268,1289.0
1753600093910,07:08:13.910,gateio,ADA/USDT:USDT,0.8265,980.0,0.8264,2434.0,0.8267,632.0,0.8268,1258.0
1753600094044,07:08:14.044,gateio,ADA/USDT:USDT,0.8265,980.0,0.8264,2620.0,0.8267,632.0,0.8268,1939.0
1753600094133,07:08:14.133,gateio,ADA/USDT:USDT,0.8265,980.0,0.8264,2620.0,0.8267,632.0,0.8268,1970.0
1753600094191,07:08:14.191,gateio,ADA/USDT:USDT,0.8265,980.0,0.8264,2620.0,0.8267,632.0,0.8268,1970.0
1753600094306,07:08:14.306,gateio,ADA/USDT:USDT,0.8265,980.0,0.8264,2620.0,0.8267,632.0,0.8268,1970.0
1753600094428,07:08:14.428,gateio,ADA/USDT:USDT,0.8265,980.0,0.8264,2620.0,0.8267,632.0,0.8268,1970.0
1753600094542,07:08:14.542,gateio,ADA/USDT:USDT,0.8265,980.0,0.8264,2620.0,0.8267,632.0,0.8268,1970.0
1753600094635,07:08:14.635,gateio,ADA/USDT:USDT,0.8265,980.0,0.8264,2620.0,0.8267,632.0,0.8268,1970.0
1753600094735,07:08:14.735,gateio,ADA/USDT:USDT,0.8265,980.0,0.8264,2620.0,0.8267,632.0,0.8268,1970.0
1753600094779,07:08:14.779,gateio,ADA/USDT:USDT,0.8265,980.0,0.8264,2620.0,0.8267,632.0,0.8268,1970.0
1753600094933,07:08:14.933,gateio,ADA/USDT:USDT,0.8265,949.0,0.8264,2589.0,0.8267,632.0,0.8268,1970.0
1753600095033,07:08:15.033,gateio,ADA/USDT:USDT,0.8265,949.0,0.8264,2403.0,0.8267,632.0,0.8268,1289.0
1753600095078,07:08:15.078,gateio,ADA/USDT:USDT,0.8265,949.0,0.8264,2403.0,0.8267,632.0,0.8268,1289.0
1753600095234,07:08:15.234,gateio,ADA/USDT:USDT,0.8265,385.0,0.8264,1830.0,0.8266,50.0,0.8267,632.0
1753600095338,07:08:15.338,gateio,ADA/USDT:USDT,0.8265,385.0,0.8264,2016.0,0.8266,50.0,0.8267,632.0
1753600095431,07:08:15.431,gateio,ADA/USDT:USDT,0.8265,153.0,0.8264,2016.0,0.8266,50.0,0.8267,632.0
1753600095545,07:08:15.545,gateio,ADA/USDT:USDT,0.8265,153.0,0.8264,2047.0,0.8266,50.0,0.8267,632.0
1753600095627,07:08:15.627,gateio,ADA/USDT:USDT,0.8265,153.0,0.8264,2047.0,0.8266,50.0,0.8267,632.0
1753600095735,07:08:15.735,gateio,ADA/USDT:USDT,0.8265,153.0,0.8264,2287.0,0.8266,50.0,0.8267,632.0
1753600095828,07:08:15.828,gateio,ADA/USDT:USDT,0.8265,153.0,0.8264,2287.0,0.8266,50.0,0.8267,632.0
1753600095925,07:08:15.925,gateio,ADA/USDT:USDT,0.8265,153.0,0.8264,2287.0,0.8266,50.0,0.8267,632.0
1753600095969,07:08:15.969,gateio,ADA/USDT:USDT,0.8265,153.0,0.8264,2287.0,0.8266,50.0,0.8267,632.0
1753600096122,07:08:16.122,gateio,ADA/USDT:USDT,0.8265,153.0,0.8264,2287.0,0.8266,50.0,0.8267,632.0
1753600096216,07:08:16.216,gateio,ADA/USDT:USDT,0.8265,153.0,0.8264,2287.0,0.8266,50.0,0.8267,632.0
1753600096331,07:08:16.331,gateio,ADA/USDT:USDT,0.8265,153.0,0.8264,2070.0,0.8266,50.0,0.8267,632.0
1753600096384,07:08:16.384,gateio,ADA/USDT:USDT,0.8265,153.0,0.8264,2101.0,0.8266,400.0,0.8267,632.0
1753600096525,07:08:16.525,gateio,ADA/USDT:USDT,0.8265,153.0,0.8264,2070.0,0.8266,400.0,0.8267,632.0
1753600096584,07:08:16.584,gateio,ADA/USDT:USDT,0.8265,153.0,0.8264,2070.0,0.8266,400.0,0.8267,632.0
1753600096712,07:08:16.712,gateio,ADA/USDT:USDT,0.8265,153.0,0.8264,2070.0,0.8266,400.0,0.8267,632.0
1753600096808,07:08:16.808,gateio,ADA/USDT:USDT,0.8265,153.0,0.8264,2101.0,0.8266,400.0,0.8267,632.0
1753600096941,07:08:16.941,gateio,ADA/USDT:USDT,0.8265,153.0,0.8264,2101.0,0.8266,400.0,0.8267,632.0
1753600097012,07:08:17.012,gateio,ADA/USDT:USDT,0.8265,153.0,0.8264,2070.0,0.8266,400.0,0.8267,632.0
1753600097070,07:08:17.070,gateio,ADA/USDT:USDT,0.8265,153.0,0.8264,2101.0,0.8266,400.0,0.8267,632.0
1753600097240,07:08:17.240,gateio,ADA/USDT:USDT,0.8264,62.0,0.8263,1778.0,0.8265,400.0,0.8266,663.0
1753600097336,07:08:17.336,gateio,ADA/USDT:USDT,0.8264,153.0,0.8263,1129.0,0.8265,400.0,0.8266,694.0
1753600097434,07:08:17.434,gateio,ADA/USDT:USDT,0.8264,153.0,0.8263,1367.0,0.8265,400.0,0.8266,663.0
1753600097466,07:08:17.466,gateio,ADA/USDT:USDT,0.8264,153.0,0.8263,1367.0,0.8265,400.0,0.8266,694.0
1753600097641,07:08:17.641,gateio,ADA/USDT:USDT,0.8264,385.0,0.8263,1398.0,0.8265,50.0,0.8266,632.0
1753600097750,07:08:17.750,gateio,ADA/USDT:USDT,0.8264,385.0,0.8263,1398.0,0.8265,50.0,0.8266,632.0
1753600097813,07:08:17.813,gateio,ADA/USDT:USDT,0.8264,385.0,0.8263,1367.0,0.8265,50.0,0.8266,632.0
1753600097937,07:08:17.937,gateio,ADA/USDT:USDT,0.8264,385.0,0.8263,1367.0,0.8265,50.0,0.8266,632.0
1753600098049,07:08:18.049,gateio,ADA/USDT:USDT,0.8264,622.0,0.8263,1367.0,0.8266,663.0,0.8267,1432.0
1753600098141,07:08:18.141,gateio,ADA/USDT:USDT,0.8264,622.0,0.8263,1612.0,0.8266,663.0,0.8267,2113.0
1753600098246,07:08:18.246,gateio,ADA/USDT:USDT,0.8264,622.0,0.8263,1581.0,0.8266,694.0,0.8267,2113.0
1753600098337,07:08:18.337,gateio,ADA/USDT:USDT,0.8264,622.0,0.8263,1581.0,0.8266,694.0,0.8267,2113.0
1753600098442,07:08:18.442,gateio,ADA/USDT:USDT,0.8264,622.0,0.8263,1581.0,0.8266,632.0,0.8267,2113.0
1753600098493,07:08:18.493,gateio,ADA/USDT:USDT,0.8264,622.0,0.8263,1581.0,0.8266,632.0,0.8267,2113.0
1753600098629,07:08:18.629,gateio,ADA/USDT:USDT,0.8265,676.0,0.8264,1578.0,0.8266,50.0,0.8267,1313.0
1753600098723,07:08:18.723,gateio,ADA/USDT:USDT,0.8265,645.0,0.8264,1578.0,0.8266,50.0,0.8267,1313.0
1753600098833,07:08:18.833,gateio,ADA/USDT:USDT,0.8265,877.0,0.8264,1578.0,0.8266,50.0,0.8267,1313.0
1753600098868,07:08:18.868,gateio,ADA/USDT:USDT,0.8265,877.0,0.8264,1578.0,0.8266,50.0,0.8267,1313.0
1753600099011,07:08:19.011,gateio,ADA/USDT:USDT,0.8265,877.0,0.8264,1578.0,0.8266,50.0,0.8267,1313.0
1753600099123,07:08:19.123,gateio,ADA/USDT:USDT,0.8265,1279.0,0.8264,1547.0,0.8267,632.0,0.8268,1254.0
1753600099214,07:08:19.214,gateio,ADA/USDT:USDT,0.8265,1279.0,0.8264,1877.0,0.8267,632.0,0.8268,1254.0
1753600099333,07:08:19.333,gateio,ADA/USDT:USDT,0.8265,1279.0,0.8264,1877.0,0.8267,632.0,0.8268,1254.0
1753600099402,07:08:19.402,gateio,ADA/USDT:USDT,0.8265,1279.0,0.8264,1877.0,0.8267,632.0,0.8268,1254.0
1753600099513,07:08:19.513,gateio,ADA/USDT:USDT,0.8265,1279.0,0.8264,1877.0,0.8267,632.0,0.8268,1254.0
1753600099574,07:08:19.574,gateio,ADA/USDT:USDT,0.8265,1279.0,0.8264,1877.0,0.8267,632.0,0.8268,1254.0
1753600099733,07:08:19.733,gateio,ADA/USDT:USDT,0.8265,1577.0,0.8264,2739.0,0.8267,632.0,0.8268,1254.0
1753600099829,07:08:19.829,gateio,ADA/USDT:USDT,0.8265,1577.0,0.8264,2708.0,0.8267,632.0,0.8268,1254.0
1753600099946,07:08:19.946,gateio,ADA/USDT:USDT,0.8265,1639.0,0.8264,2708.0,0.8267,632.0,0.8268,1254.0
1753600100039,07:08:20.039,gateio,ADA/USDT:USDT,0.8265,1577.0,0.8264,2708.0,0.8267,632.0,0.8268,1254.0
1753600100059,07:08:20.059,gateio,ADA/USDT:USDT,0.8265,1577.0,0.8264,2708.0,0.8267,632.0,0.8268,1254.0
1753600100233,07:08:20.233,gateio,ADA/USDT:USDT,0.8265,1473.0,0.8264,2028.0,0.8267,663.0,0.8268,1254.0
1753600100260,07:08:20.260,gateio,ADA/USDT:USDT,0.8265,1473.0,0.8264,2028.0,0.8267,663.0,0.8268,1254.0
1753600100430,07:08:20.430,gateio,ADA/USDT:USDT,0.8265,1241.0,0.8264,2028.0,0.8267,663.0,0.8268,1254.0
1753600100525,07:08:20.525,gateio,ADA/USDT:USDT,0.8265,1241.0,0.8264,2028.0,0.8267,663.0,0.8268,1254.0
1753600100611,07:08:20.611,gateio,ADA/USDT:USDT,0.8265,1241.0,0.8264,2028.0,0.8267,663.0,0.8268,1254.0
1753600100684,07:08:20.684,gateio,ADA/USDT:USDT,0.8265,1241.0,0.8264,2028.0,0.8267,663.0,0.8268,1254.0
1753600100830,07:08:20.830,gateio,ADA/USDT:USDT,0.8265,1241.0,0.8264,2028.0,0.8267,694.0,0.8268,1254.0
1753600100853,07:08:20.853,gateio,ADA/USDT:USDT,0.8265,1241.0,0.8264,2028.0,0.8267,694.0,0.8268,1254.0
1753600100954,07:08:20.954,gateio,ADA/USDT:USDT,0.8265,1241.0,0.8264,2028.0,0.8267,663.0,0.8268,1254.0
1753600101053,07:08:21.053,gateio,ADA/USDT:USDT,0.8265,1241.0,0.8264,2028.0,0.8267,663.0,0.8268,1254.0
