timestamp,time,exchange,symbol,bid1_price,bid1_volume,bid2_price,bid2_volume,ask1_price,ask1_volume,ask2_price,ask2_volume
1753599989565,07:06:29.565,huobi,ADA/USDT:USDT,0.827993,903.0,0.827956,2.0,0.827994,1468.0,0.828037,27.0
1753599990354,07:06:30.354,huobi,ADA/USDT:USDT,0.827993,903.0,0.827956,2.0,0.827994,1468.0,0.828037,27.0
1753599990366,07:06:30.366,huobi,ADA/USDT:USDT,0.827993,847.0,0.827956,2.0,0.827994,1516.0,0.828037,27.0
1753599990756,07:06:30.756,huobi,ADA/USDT:USDT,0.827837,77.0,0.827828,43.0,0.827953,93.0,0.827992,48.0
1753599991028,07:06:31.028,huobi,ADA/USDT:USDT,0.827865,77.0,0.827855,847.0,0.827911,88.0,0.827952,27.0
1753599991057,07:06:31.057,huobi,ADA/USDT:USDT,0.827876,77.0,0.827866,111.0,0.827911,88.0,0.827952,27.0
1753599991115,07:06:31.115,huobi,ADA/USDT:USDT,0.827877,43.0,0.827876,77.0,0.827911,88.0,0.827952,27.0
1753599991409,07:06:31.409,huobi,ADA/USDT:USDT,0.827877,43.0,0.827866,96.0,0.827911,88.0,0.827952,27.0
1753599992068,07:06:32.068,huobi,ADA/USDT:USDT,0.827878,77.0,0.827877,43.0,0.827911,88.0,0.827952,27.0
1753599992354,07:06:32.354,huobi,ADA/USDT:USDT,0.827878,77.0,0.827877,15.0,0.827911,88.0,0.827952,27.0
1753599992376,07:06:32.376,huobi,ADA/USDT:USDT,0.82791,154.0,0.827855,847.0,0.827953,93.0,0.827992,48.0
1753599992406,07:06:32.406,huobi,ADA/USDT:USDT,0.827952,30.0,0.827938,96.0,0.827953,93.0,0.827993,27.0
1753599992434,07:06:32.434,huobi,ADA/USDT:USDT,0.827952,30.0,0.827943,847.0,0.827953,93.0,0.827993,27.0
1753599992516,07:06:32.516,huobi,ADA/USDT:USDT,0.827952,30.0,0.827943,847.0,0.827953,93.0,0.827993,27.0
1753599992537,07:06:32.537,huobi,ADA/USDT:USDT,0.827952,30.0,0.827943,847.0,0.827953,93.0,0.827993,27.0
1753599992769,07:06:32.769,huobi,ADA/USDT:USDT,0.827952,58.0,0.827943,847.0,0.827953,93.0,0.827993,27.0
1753599992807,07:06:32.807,huobi,ADA/USDT:USDT,0.827952,58.0,0.827943,847.0,0.827953,93.0,0.827994,1468.0
1753599992827,07:06:32.827,huobi,ADA/USDT:USDT,0.827952,58.0,0.827943,847.0,0.827994,1468.0,0.828037,27.0
1753599992900,07:06:32.900,huobi,ADA/USDT:USDT,0.827993,58.0,0.827952,96.0,0.827994,1468.0,0.828037,27.0
1753599992915,07:06:32.915,huobi,ADA/USDT:USDT,0.827993,58.0,0.827953,2.0,0.827994,1468.0,0.828037,27.0
1753599992945,07:06:32.945,huobi,ADA/USDT:USDT,0.827993,58.0,0.827953,2.0,0.827994,1468.0,0.828037,27.0
1753599992979,07:06:32.979,huobi,ADA/USDT:USDT,0.827993,58.0,0.827953,2.0,0.827994,1468.0,0.828037,27.0
1753599993007,07:06:33.007,huobi,ADA/USDT:USDT,0.827993,58.0,0.827953,2.0,0.827994,1468.0,0.828037,27.0
1753599993043,07:06:33.043,huobi,ADA/USDT:USDT,0.827993,58.0,0.827953,2.0,0.827994,1468.0,0.828037,27.0
1753599993109,07:06:33.109,huobi,ADA/USDT:USDT,0.827993,58.0,0.827953,2.0,0.827994,1468.0,0.828037,27.0
1753599993242,07:06:33.242,huobi,ADA/USDT:USDT,0.827993,58.0,0.827953,2.0,0.827994,1468.0,0.828037,27.0
1753599993575,07:06:33.575,huobi,ADA/USDT:USDT,0.827993,58.0,0.827953,2.0,0.827994,1468.0,0.828037,27.0
1753599993606,07:06:33.606,huobi,ADA/USDT:USDT,0.827993,58.0,0.827953,2.0,0.827994,1468.0,0.828037,27.0
1753599993674,07:06:33.674,huobi,ADA/USDT:USDT,0.827993,58.0,0.827953,2.0,0.827994,1468.0,0.828037,27.0
1753599993705,07:06:33.705,huobi,ADA/USDT:USDT,0.827993,58.0,0.827953,2.0,0.827994,1468.0,0.828037,27.0
1753599993745,07:06:33.745,huobi,ADA/USDT:USDT,0.827993,58.0,0.827944,2.0,0.827994,1468.0,0.828037,27.0
1753599993761,07:06:33.761,huobi,ADA/USDT:USDT,0.827993,58.0,0.827944,2.0,0.827994,1468.0,0.828037,27.0
1753599994529,07:06:34.529,huobi,ADA/USDT:USDT,0.827993,30.0,0.827944,2.0,0.827994,1468.0,0.828037,27.0
1753599994538,07:06:34.538,huobi,ADA/USDT:USDT,0.827944,2.0,0.827943,847.0,0.827993,27.0,0.827994,1468.0
1753599994565,07:06:34.565,huobi,ADA/USDT:USDT,0.827943,847.0,0.827785,97.0,0.827945,256.0,0.827993,123.0
1753599996204,07:06:36.204,huobi,ADA/USDT:USDT,0.827943,847.0,0.827785,97.0,0.827945,256.0,0.827993,123.0
1753599996234,07:06:36.234,huobi,ADA/USDT:USDT,0.827943,847.0,0.827785,97.0,0.827945,176.0,0.827993,123.0
1753599996267,07:06:36.267,huobi,ADA/USDT:USDT,0.827944,96.0,0.827943,847.0,0.827945,96.0,0.827993,123.0
1753599996277,07:06:36.277,huobi,ADA/USDT:USDT,0.827944,111.0,0.827943,847.0,0.827945,96.0,0.827993,123.0
1753599996400,07:06:36.400,huobi,ADA/USDT:USDT,0.827944,216.0,0.827943,847.0,0.827945,96.0,0.827993,123.0
1753599996458,07:06:36.458,huobi,ADA/USDT:USDT,0.827944,216.0,0.827943,847.0,0.827945,96.0,0.827993,96.0
1753599996487,07:06:36.487,huobi,ADA/USDT:USDT,0.827992,182.0,0.827978,96.0,0.827994,1468.0,0.828038,94.0
1753599996520,07:06:36.520,huobi,ADA/USDT:USDT,0.827993,182.0,0.827943,847.0,0.827994,1468.0,0.828038,94.0
1753599996549,07:06:36.549,huobi,ADA/USDT:USDT,0.827993,182.0,0.827943,847.0,0.827994,1468.0,0.828038,94.0
1753599996576,07:06:36.576,huobi,ADA/USDT:USDT,0.827993,182.0,0.827944,2.0,0.827994,1468.0,0.828038,94.0
1753599996607,07:06:36.607,huobi,ADA/USDT:USDT,0.827993,182.0,0.827944,2.0,0.827994,1468.0,0.828038,94.0
1753599996646,07:06:36.646,huobi,ADA/USDT:USDT,0.827993,182.0,0.827944,2.0,0.827994,1468.0,0.828038,94.0
1753599996693,07:06:36.693,huobi,ADA/USDT:USDT,0.827993,182.0,0.827944,2.0,0.827994,1468.0,0.828038,94.0
1753599996696,07:06:36.696,huobi,ADA/USDT:USDT,0.827993,182.0,0.827944,2.0,0.827994,1468.0,0.828038,94.0
1753599996729,07:06:36.729,huobi,ADA/USDT:USDT,0.827993,182.0,0.827944,2.0,0.827994,1468.0,0.828038,94.0
1753599996781,07:06:36.781,huobi,ADA/USDT:USDT,0.827993,182.0,0.827944,2.0,0.827994,1468.0,0.828038,94.0
1753599996855,07:06:36.855,huobi,ADA/USDT:USDT,0.827993,182.0,0.827944,2.0,0.827994,1468.0,0.828038,94.0
1753599996855,07:06:36.855,huobi,ADA/USDT:USDT,0.827993,182.0,0.827944,2.0,0.827994,1468.0,0.828038,94.0
1753599996876,07:06:36.876,huobi,ADA/USDT:USDT,0.827993,182.0,0.827944,2.0,0.827994,1468.0,0.828038,94.0
1753599998080,07:06:38.080,huobi,ADA/USDT:USDT,0.827993,182.0,0.827944,2.0,0.827994,1468.0,0.828038,94.0
1753599998213,07:06:38.213,huobi,ADA/USDT:USDT,0.827993,182.0,0.827944,2.0,0.827994,1468.0,0.828038,94.0
1753599998244,07:06:38.244,huobi,ADA/USDT:USDT,0.827993,182.0,0.827944,2.0,0.827994,1468.0,0.828038,94.0
1753599998535,07:06:38.535,huobi,ADA/USDT:USDT,0.827993,182.0,0.827944,2.0,0.827994,1468.0,0.828038,94.0
1753599998573,07:06:38.573,huobi,ADA/USDT:USDT,0.827993,182.0,0.827944,2.0,0.827994,1468.0,0.828038,94.0
1753599998631,07:06:38.631,huobi,ADA/USDT:USDT,0.827993,182.0,0.827944,2.0,0.827994,1468.0,0.828038,94.0
1753599998663,07:06:38.663,huobi,ADA/USDT:USDT,0.827993,182.0,0.827944,2.0,0.827994,1468.0,0.828038,94.0
1753599998726,07:06:38.726,huobi,ADA/USDT:USDT,0.827993,182.0,0.827944,2.0,0.827994,1468.0,0.828038,94.0
1753599998787,07:06:38.787,huobi,ADA/USDT:USDT,0.827993,182.0,0.827944,2.0,0.827994,1468.0,0.828038,94.0
1753599998834,07:06:38.834,huobi,ADA/USDT:USDT,0.827993,86.0,0.827944,2.0,0.827994,1468.0,0.828038,94.0
1753599998923,07:06:38.923,huobi,ADA/USDT:USDT,0.827993,86.0,0.827944,2.0,0.827994,1468.0,0.828038,94.0
1753599998975,07:06:38.975,huobi,ADA/USDT:USDT,0.827993,86.0,0.827944,2.0,0.827994,1468.0,0.828038,94.0
1753599999032,07:06:39.032,huobi,ADA/USDT:USDT,0.827993,86.0,0.827944,2.0,0.827994,1468.0,0.828038,94.0
1753599999036,07:06:39.036,huobi,ADA/USDT:USDT,0.827993,86.0,0.827944,2.0,0.827994,1468.0,0.828038,94.0
1753599999093,07:06:39.093,huobi,ADA/USDT:USDT,0.827993,86.0,0.827944,2.0,0.827994,1468.0,0.828038,94.0
1753599999097,07:06:39.097,huobi,ADA/USDT:USDT,0.827993,86.0,0.827944,2.0,0.827994,1468.0,0.828038,94.0
1753599999253,07:06:39.253,huobi,ADA/USDT:USDT,0.827993,86.0,0.827944,2.0,0.827994,1468.0,0.828038,94.0
1753599999279,07:06:39.279,huobi,ADA/USDT:USDT,0.827993,86.0,0.827951,96.0,0.827994,1468.0,0.828038,94.0
1753599999304,07:06:39.304,huobi,ADA/USDT:USDT,0.827993,86.0,0.827952,2.0,0.827994,1468.0,0.828038,94.0
1753600000362,07:06:40.362,huobi,ADA/USDT:USDT,0.827993,182.0,0.827952,2.0,0.827994,1468.0,0.828038,94.0
1753600000388,07:06:40.388,huobi,ADA/USDT:USDT,0.827993,182.0,0.827952,2.0,0.827994,1468.0,0.82813,300.0
1753600000421,07:06:40.421,huobi,ADA/USDT:USDT,0.827993,336.0,0.827952,2.0,0.828205,27.0,0.828206,97.0
1753600000445,07:06:40.445,huobi,ADA/USDT:USDT,0.828035,43.0,0.828003,77.0,0.828164,96.0,0.828202,80.0
1753600000473,07:06:40.473,huobi,ADA/USDT:USDT,0.828073,43.0,0.828045,28.0,0.828078,1468.0,0.828199,48.0
1753600000508,07:06:40.508,huobi,ADA/USDT:USDT,0.828073,43.0,0.828036,2.0,0.828078,1468.0,0.828199,144.0
1753600000548,07:06:40.548,huobi,ADA/USDT:USDT,0.828073,28.0,0.828036,847.0,0.828078,1468.0,0.82812,96.0
1753600000580,07:06:40.580,huobi,ADA/USDT:USDT,0.828077,30.0,0.828036,847.0,0.828078,1468.0,0.82812,96.0
1753600000599,07:06:40.599,huobi,ADA/USDT:USDT,0.828077,30.0,0.828037,2.0,0.828078,1468.0,0.82812,96.0
1753600000633,07:06:40.633,huobi,ADA/USDT:USDT,0.828077,30.0,0.828037,2.0,0.828078,1468.0,0.82812,96.0
1753600000699,07:06:40.699,huobi,ADA/USDT:USDT,0.828077,30.0,0.828037,2.0,0.828078,1468.0,0.82812,96.0
1753600000788,07:06:40.788,huobi,ADA/USDT:USDT,0.828077,30.0,0.828037,2.0,0.828078,1468.0,0.82812,96.0
1753600000806,07:06:40.806,huobi,ADA/USDT:USDT,0.828077,30.0,0.828037,2.0,0.828078,1468.0,0.82812,96.0
1753600000910,07:06:40.910,huobi,ADA/USDT:USDT,0.828077,58.0,0.828037,2.0,0.828078,1468.0,0.82812,96.0
1753600000975,07:06:40.975,huobi,ADA/USDT:USDT,0.828077,135.0,0.828037,2.0,0.828078,1468.0,0.82812,96.0
1753600001082,07:06:41.082,huobi,ADA/USDT:USDT,0.828077,58.0,0.828037,2.0,0.828078,1468.0,0.82812,96.0
1753600001110,07:06:41.110,huobi,ADA/USDT:USDT,0.828037,2.0,0.828036,847.0,0.828078,1468.0,0.82812,96.0
1753600001143,07:06:41.143,huobi,ADA/USDT:USDT,0.828041,77.0,0.828037,2.0,0.828077,27.0,0.828078,1468.0
1753600001167,07:06:41.167,huobi,ADA/USDT:USDT,0.828047,77.0,0.828037,2.0,0.828076,80.0,0.828077,119.0
1753600001197,07:06:41.197,huobi,ADA/USDT:USDT,0.828047,77.0,0.828036,847.0,0.828048,252.0,0.828074,48.0
1753600001251,07:06:41.251,huobi,ADA/USDT:USDT,0.828036,847.0,0.827951,96.0,0.828048,252.0,0.828074,48.0
1753600001253,07:06:41.253,huobi,ADA/USDT:USDT,0.828036,847.0,0.827951,96.0,0.828048,252.0,0.828074,48.0
1753600001285,07:06:41.285,huobi,ADA/USDT:USDT,0.828036,847.0,0.827951,96.0,0.828048,252.0,0.828074,48.0
1753600001383,07:06:41.383,huobi,ADA/USDT:USDT,0.828036,847.0,0.827951,96.0,0.828048,252.0,0.828074,48.0
1753600001383,07:06:41.383,huobi,ADA/USDT:USDT,0.828036,847.0,0.827951,96.0,0.828047,119.0,0.828048,160.0
1753600001384,07:06:41.384,huobi,ADA/USDT:USDT,0.828036,847.0,0.827951,96.0,0.828047,119.0,0.828048,160.0
1753600001530,07:06:41.530,huobi,ADA/USDT:USDT,0.828036,847.0,0.827951,96.0,0.828047,119.0,0.828048,160.0
1753600001906,07:06:41.906,huobi,ADA/USDT:USDT,0.828036,847.0,0.827909,96.0,0.828047,119.0,0.828048,160.0
1753600001922,07:06:41.922,huobi,ADA/USDT:USDT,0.828036,847.0,0.827909,96.0,0.828047,119.0,0.828048,160.0
1753600001943,07:06:41.943,huobi,ADA/USDT:USDT,0.828036,847.0,0.827909,96.0,0.828037,119.0,0.828047,119.0
1753600001991,07:06:41.991,huobi,ADA/USDT:USDT,0.828036,847.0,0.82791,2.0,0.828037,119.0,0.828047,27.0
1753600002008,07:06:42.008,huobi,ADA/USDT:USDT,0.828036,847.0,0.82791,2.0,0.828037,119.0,0.828047,27.0
1753600002051,07:06:42.051,huobi,ADA/USDT:USDT,0.828036,847.0,0.82791,2.0,0.828037,119.0,0.828047,27.0
1753600002076,07:06:42.076,huobi,ADA/USDT:USDT,0.828036,847.0,0.82791,2.0,0.828037,119.0,0.828047,27.0
1753600002104,07:06:42.104,huobi,ADA/USDT:USDT,0.828036,847.0,0.82791,2.0,0.828037,119.0,0.828047,27.0
1753600002155,07:06:42.155,huobi,ADA/USDT:USDT,0.828036,847.0,0.82791,2.0,0.828037,119.0,0.828047,27.0
1753600002193,07:06:42.193,huobi,ADA/USDT:USDT,0.828036,847.0,0.82791,2.0,0.828037,119.0,0.828047,27.0
1753600002223,07:06:42.223,huobi,ADA/USDT:USDT,0.828036,847.0,0.82791,2.0,0.828037,119.0,0.828047,27.0
1753600002304,07:06:42.304,huobi,ADA/USDT:USDT,0.828036,847.0,0.82791,2.0,0.828037,119.0,0.828047,27.0
1753600002343,07:06:42.343,huobi,ADA/USDT:USDT,0.828036,847.0,0.82791,2.0,0.828037,119.0,0.828047,27.0
1753600002378,07:06:42.378,huobi,ADA/USDT:USDT,0.828036,847.0,0.82791,2.0,0.828037,119.0,0.828047,27.0
1753600002444,07:06:42.444,huobi,ADA/USDT:USDT,0.828036,847.0,0.82791,2.0,0.828037,119.0,0.828047,27.0
1753600002481,07:06:42.481,huobi,ADA/USDT:USDT,0.828036,847.0,0.82791,2.0,0.828037,119.0,0.828047,27.0
1753600002515,07:06:42.515,huobi,ADA/USDT:USDT,0.828036,847.0,0.82791,2.0,0.828037,119.0,0.828047,27.0
1753600002545,07:06:42.545,huobi,ADA/USDT:USDT,0.828036,847.0,0.82791,2.0,0.828037,119.0,0.828047,27.0
1753600002698,07:06:42.698,huobi,ADA/USDT:USDT,0.828036,847.0,0.82791,2.0,0.828037,119.0,0.828047,27.0
1753600002739,07:06:42.739,huobi,ADA/USDT:USDT,0.828036,847.0,0.82791,2.0,0.828037,119.0,0.828047,27.0
1753600002764,07:06:42.764,huobi,ADA/USDT:USDT,0.828036,847.0,0.82791,2.0,0.828037,119.0,0.828047,27.0
1753600002820,07:06:42.820,huobi,ADA/USDT:USDT,0.828036,847.0,0.82791,2.0,0.828037,119.0,0.828047,27.0
1753600002876,07:06:42.876,huobi,ADA/USDT:USDT,0.828036,847.0,0.82791,2.0,0.828037,119.0,0.828047,27.0
1753600002917,07:06:42.917,huobi,ADA/USDT:USDT,0.828036,847.0,0.82791,2.0,0.828037,119.0,0.828047,27.0
1753600002940,07:06:42.940,huobi,ADA/USDT:USDT,0.828036,847.0,0.82791,2.0,0.828037,119.0,0.828047,27.0
1753600003000,07:06:43.000,huobi,ADA/USDT:USDT,0.828036,847.0,0.82791,2.0,0.828037,119.0,0.828047,27.0
1753600003034,07:06:43.034,huobi,ADA/USDT:USDT,0.828036,847.0,0.82791,2.0,0.828037,119.0,0.828047,27.0
1753600003057,07:06:43.057,huobi,ADA/USDT:USDT,0.828036,847.0,0.82791,2.0,0.828037,119.0,0.828047,27.0
1753600003087,07:06:43.087,huobi,ADA/USDT:USDT,0.828036,847.0,0.82791,2.0,0.828037,119.0,0.828047,27.0
1753600003124,07:06:43.124,huobi,ADA/USDT:USDT,0.828036,847.0,0.82791,2.0,0.828037,92.0,0.828047,27.0
1753600003165,07:06:43.165,huobi,ADA/USDT:USDT,0.828036,847.0,0.82791,2.0,0.828037,92.0,0.828047,27.0
1753600003183,07:06:43.183,huobi,ADA/USDT:USDT,0.828036,924.0,0.82791,2.0,0.828047,27.0,0.828074,48.0
1753600003208,07:06:43.208,huobi,ADA/USDT:USDT,0.828047,28.0,0.828046,30.0,0.828078,1468.0,0.828199,96.0
1753600003237,07:06:43.237,huobi,ADA/USDT:USDT,0.82805,15.0,0.828041,77.0,0.828078,1468.0,0.828199,96.0
1753600003266,07:06:43.266,huobi,ADA/USDT:USDT,0.828077,86.0,0.828052,92.0,0.828078,1468.0,0.828199,96.0
1753600003298,07:06:43.298,huobi,ADA/USDT:USDT,0.828077,86.0,0.828052,92.0,0.828078,1468.0,0.828199,96.0
1753600003325,07:06:43.325,huobi,ADA/USDT:USDT,0.828077,86.0,0.828051,77.0,0.828078,1468.0,0.828199,96.0
1753600003373,07:06:43.373,huobi,ADA/USDT:USDT,0.828077,178.0,0.828051,77.0,0.828078,1468.0,0.828199,96.0
1753600003400,07:06:43.400,huobi,ADA/USDT:USDT,0.828077,178.0,0.828051,77.0,0.828078,1468.0,0.828199,96.0
1753600003428,07:06:43.428,huobi,ADA/USDT:USDT,0.828077,178.0,0.828051,77.0,0.828078,1468.0,0.828199,96.0
1753600003443,07:06:43.443,huobi,ADA/USDT:USDT,0.828077,178.0,0.828051,77.0,0.828078,1468.0,0.828199,96.0
1753600003493,07:06:43.493,huobi,ADA/USDT:USDT,0.828077,178.0,0.828051,77.0,0.828078,1468.0,0.828199,96.0
1753600003529,07:06:43.529,huobi,ADA/USDT:USDT,0.828077,178.0,0.828051,77.0,0.828078,1468.0,0.828199,96.0
1753600003623,07:06:43.623,huobi,ADA/USDT:USDT,0.828077,178.0,0.828051,77.0,0.828078,1468.0,0.828199,96.0
1753600003625,07:06:43.625,huobi,ADA/USDT:USDT,0.828077,178.0,0.828051,77.0,0.828078,1468.0,0.828199,96.0
1753600003683,07:06:43.683,huobi,ADA/USDT:USDT,0.828077,178.0,0.828051,77.0,0.828078,1468.0,0.828199,96.0
1753600003686,07:06:43.686,huobi,ADA/USDT:USDT,0.828077,178.0,0.828051,77.0,0.828078,1468.0,0.828199,96.0
1753600003714,07:06:43.714,huobi,ADA/USDT:USDT,0.828077,178.0,0.828051,77.0,0.828078,1468.0,0.828199,96.0
1753600003795,07:06:43.795,huobi,ADA/USDT:USDT,0.828077,178.0,0.828051,77.0,0.828078,1468.0,0.828199,96.0
1753600003827,07:06:43.827,huobi,ADA/USDT:USDT,0.828077,178.0,0.828051,77.0,0.828078,1468.0,0.828199,96.0
1753600003840,07:06:43.840,huobi,ADA/USDT:USDT,0.828077,178.0,0.828051,77.0,0.828078,1468.0,0.828199,96.0
1753600003880,07:06:43.880,huobi,ADA/USDT:USDT,0.828077,86.0,0.828036,847.0,0.828078,1468.0,0.828199,96.0
1753600003897,07:06:43.897,huobi,ADA/USDT:USDT,0.828077,86.0,0.828037,2.0,0.828078,1468.0,0.828199,96.0
1753600003940,07:06:43.940,huobi,ADA/USDT:USDT,0.828077,86.0,0.828037,2.0,0.828078,1468.0,0.828199,96.0
1753600003955,07:06:43.955,huobi,ADA/USDT:USDT,0.828077,86.0,0.828037,2.0,0.828078,1468.0,0.828199,96.0
1753600003984,07:06:43.984,huobi,ADA/USDT:USDT,0.828077,86.0,0.828037,2.0,0.828078,1468.0,0.828199,96.0
1753600004016,07:06:44.016,huobi,ADA/USDT:USDT,0.828077,86.0,0.828037,2.0,0.828078,1468.0,0.828199,96.0
1753600004097,07:06:44.097,huobi,ADA/USDT:USDT,0.828077,86.0,0.828037,2.0,0.828078,1468.0,0.828199,96.0
1753600004227,07:06:44.227,huobi,ADA/USDT:USDT,0.828077,86.0,0.828037,2.0,0.828078,1468.0,0.828199,96.0
1753600004282,07:06:44.282,huobi,ADA/USDT:USDT,0.828077,86.0,0.828037,2.0,0.828078,1468.0,0.828199,96.0
1753600004285,07:06:44.285,huobi,ADA/USDT:USDT,0.828077,86.0,0.828037,2.0,0.828078,1468.0,0.828199,96.0
1753600004329,07:06:44.329,huobi,ADA/USDT:USDT,0.828077,86.0,0.828037,2.0,0.828078,1468.0,0.828199,96.0
1753600004370,07:06:44.370,huobi,ADA/USDT:USDT,0.828077,86.0,0.828037,2.0,0.828078,1468.0,0.828199,96.0
1753600004384,07:06:44.384,huobi,ADA/USDT:USDT,0.828077,86.0,0.828037,2.0,0.828078,1468.0,0.828199,96.0
1753600004450,07:06:44.450,huobi,ADA/USDT:USDT,0.828077,86.0,0.828037,2.0,0.828078,1468.0,0.828199,96.0
1753600004495,07:06:44.495,huobi,ADA/USDT:USDT,0.828077,86.0,0.828037,2.0,0.828078,1468.0,0.828199,96.0
1753600004576,07:06:44.576,huobi,ADA/USDT:USDT,0.828077,86.0,0.828037,2.0,0.828078,1468.0,0.828199,96.0
1753600004626,07:06:44.626,huobi,ADA/USDT:USDT,0.828077,86.0,0.828037,2.0,0.828078,1468.0,0.828199,96.0
1753600004655,07:06:44.655,huobi,ADA/USDT:USDT,0.828077,86.0,0.828037,2.0,0.828078,1468.0,0.828199,96.0
1753600004675,07:06:44.675,huobi,ADA/USDT:USDT,0.828077,86.0,0.828037,2.0,0.828078,1468.0,0.828199,96.0
1753600004722,07:06:44.722,huobi,ADA/USDT:USDT,0.828077,86.0,0.828037,2.0,0.828078,1468.0,0.828199,96.0
1753600004764,07:06:44.764,huobi,ADA/USDT:USDT,0.828077,86.0,0.828037,2.0,0.828078,1468.0,0.828199,96.0
1753600004826,07:06:44.826,huobi,ADA/USDT:USDT,0.828077,86.0,0.828037,2.0,0.828078,1468.0,0.828199,96.0
1753600004863,07:06:44.863,huobi,ADA/USDT:USDT,0.828077,86.0,0.828037,2.0,0.828078,1468.0,0.828199,96.0
1753600004892,07:06:44.892,huobi,ADA/USDT:USDT,0.828077,178.0,0.828037,2.0,0.828078,1468.0,0.828199,96.0
1753600004970,07:06:44.970,huobi,ADA/USDT:USDT,0.828077,178.0,0.828037,2.0,0.828078,1468.0,0.828199,96.0
1753600005029,07:06:45.029,huobi,ADA/USDT:USDT,0.828077,178.0,0.828037,2.0,0.828078,1468.0,0.828199,96.0
1753600005034,07:06:45.034,huobi,ADA/USDT:USDT,0.828077,178.0,0.828037,2.0,0.828078,1468.0,0.828199,96.0
1753600005110,07:06:45.110,huobi,ADA/USDT:USDT,0.828077,178.0,0.828037,2.0,0.828078,1468.0,0.828199,96.0
1753600005130,07:06:45.130,huobi,ADA/USDT:USDT,0.828077,178.0,0.828037,2.0,0.828078,1468.0,0.828199,96.0
1753600005153,07:06:45.153,huobi,ADA/USDT:USDT,0.828077,178.0,0.828037,2.0,0.828078,1468.0,0.828199,96.0
1753600005196,07:06:45.196,huobi,ADA/USDT:USDT,0.828077,178.0,0.828037,2.0,0.828078,1468.0,0.828199,96.0
1753600005297,07:06:45.297,huobi,ADA/USDT:USDT,0.828077,178.0,0.828037,2.0,0.828078,1468.0,0.828199,96.0
1753600005326,07:06:45.326,huobi,ADA/USDT:USDT,0.828077,178.0,0.828037,2.0,0.828078,1468.0,0.828199,96.0
1753600005351,07:06:45.351,huobi,ADA/USDT:USDT,0.828077,178.0,0.828037,2.0,0.828078,1468.0,0.828199,96.0
1753600005375,07:06:45.375,huobi,ADA/USDT:USDT,0.828077,178.0,0.828037,2.0,0.828078,1468.0,0.828199,96.0
1753600005412,07:06:45.412,huobi,ADA/USDT:USDT,0.828077,86.0,0.828037,2.0,0.828078,1468.0,0.828199,96.0
1753600005431,07:06:45.431,huobi,ADA/USDT:USDT,0.828077,86.0,0.828037,2.0,0.828078,1468.0,0.828199,96.0
1753600005458,07:06:45.458,huobi,ADA/USDT:USDT,0.828077,86.0,0.828037,2.0,0.828078,1468.0,0.828199,96.0
1753600005487,07:06:45.487,huobi,ADA/USDT:USDT,0.828077,58.0,0.828037,2.0,0.828078,1468.0,0.828199,96.0
1753600005523,07:06:45.523,huobi,ADA/USDT:USDT,0.828037,2.0,0.827825,96.0,0.828038,375.0,0.828078,1768.0
1753600005550,07:06:45.550,huobi,ADA/USDT:USDT,0.827826,2.0,0.827825,96.0,0.828038,375.0,0.828078,1468.0
1753600005575,07:06:45.575,huobi,ADA/USDT:USDT,0.827867,92.0,0.827836,28.0,0.828038,375.0,0.828078,1468.0
1753600005603,07:06:45.603,huobi,ADA/USDT:USDT,0.827881,77.0,0.827879,43.0,0.828038,375.0,0.828078,1468.0
1753600005633,07:06:45.633,huobi,ADA/USDT:USDT,0.827887,77.0,0.827886,28.0,0.828038,375.0,0.828078,1468.0
1753600005665,07:06:45.665,huobi,ADA/USDT:USDT,0.827915,43.0,0.827893,77.0,0.828038,375.0,0.828078,1468.0
1753600005694,07:06:45.694,huobi,ADA/USDT:USDT,0.827916,2.0,0.827915,43.0,0.827997,92.0,0.828038,327.0
1753600005768,07:06:45.768,huobi,ADA/USDT:USDT,0.827939,92.0,0.827916,2.0,0.82794,96.0,0.827967,92.0
1753600005771,07:06:45.771,huobi,ADA/USDT:USDT,0.827939,92.0,0.827894,2.0,0.82794,96.0,0.827967,92.0
1753600005791,07:06:45.791,huobi,ADA/USDT:USDT,0.827939,939.0,0.827894,2.0,0.82794,96.0,0.827967,92.0
1753600005817,07:06:45.817,huobi,ADA/USDT:USDT,0.827939,939.0,0.827894,2.0,0.82794,96.0,0.827967,92.0
1753600005861,07:06:45.861,huobi,ADA/USDT:USDT,0.827939,939.0,0.827894,2.0,0.82794,96.0,0.827967,92.0
1753600005876,07:06:45.876,huobi,ADA/USDT:USDT,0.827939,847.0,0.827894,2.0,0.82794,188.0,0.827996,27.0
1753600005973,07:06:45.973,huobi,ADA/USDT:USDT,0.827939,847.0,0.827894,2.0,0.82794,188.0,0.827996,27.0
1753600006006,07:06:46.006,huobi,ADA/USDT:USDT,0.827939,847.0,0.827894,2.0,0.82794,188.0,0.827996,27.0
1753600006024,07:06:46.024,huobi,ADA/USDT:USDT,0.827939,847.0,0.827894,2.0,0.82794,188.0,0.827996,27.0
1753600006066,07:06:46.066,huobi,ADA/USDT:USDT,0.827939,875.0,0.827894,2.0,0.82794,188.0,0.827996,27.0
1753600006124,07:06:46.124,huobi,ADA/USDT:USDT,0.827939,875.0,0.827894,2.0,0.82794,140.0,0.827996,27.0
1753600006148,07:06:46.148,huobi,ADA/USDT:USDT,0.827939,875.0,0.827894,2.0,0.827996,27.0,0.828038,119.0
1753600006178,07:06:46.178,huobi,ADA/USDT:USDT,0.827939,875.0,0.827893,77.0,0.827976,92.0,0.827996,27.0
1753600006270,07:06:46.270,huobi,ADA/USDT:USDT,0.82794,43.0,0.827939,847.0,0.827976,92.0,0.827996,27.0
1753600006367,07:06:46.367,huobi,ADA/USDT:USDT,0.82794,43.0,0.827939,847.0,0.827976,92.0,0.827996,27.0
1753600006397,07:06:46.397,huobi,ADA/USDT:USDT,0.82794,43.0,0.827939,847.0,0.827976,92.0,0.827996,27.0
1753600006436,07:06:46.436,huobi,ADA/USDT:USDT,0.82794,43.0,0.827939,847.0,0.827976,92.0,0.827996,27.0
1753600006514,07:06:46.514,huobi,ADA/USDT:USDT,0.82794,43.0,0.827939,847.0,0.827976,92.0,0.827996,27.0
1753600006603,07:06:46.603,huobi,ADA/USDT:USDT,0.82794,43.0,0.827939,847.0,0.827976,92.0,0.827996,27.0
1753600006783,07:06:46.783,huobi,ADA/USDT:USDT,0.82794,43.0,0.827939,847.0,0.827976,92.0,0.827996,27.0
1753600006829,07:06:46.829,huobi,ADA/USDT:USDT,0.82794,15.0,0.827939,847.0,0.827976,92.0,0.827996,27.0
1753600006834,07:06:46.834,huobi,ADA/USDT:USDT,0.827939,847.0,0.827893,77.0,0.827941,256.0,0.827975,155.0
1753600006867,07:06:46.867,huobi,ADA/USDT:USDT,0.827891,4.0,0.827701,95.0,0.827892,96.0,0.82794,92.0
1753600006894,07:06:46.894,huobi,ADA/USDT:USDT,0.827891,4.0,0.827841,77.0,0.827892,268.0,0.82794,92.0
1753600006925,07:06:46.925,huobi,ADA/USDT:USDT,0.827891,4.0,0.827842,2.0,0.827892,268.0,0.827937,300.0
1753600006955,07:06:46.955,huobi,ADA/USDT:USDT,0.827891,4.0,0.827766,2.0,0.827892,268.0,0.827937,300.0
1753600007016,07:06:47.016,huobi,ADA/USDT:USDT,0.827891,4.0,0.827775,77.0,0.827892,268.0,0.827937,300.0
1753600007066,07:06:47.066,huobi,ADA/USDT:USDT,0.827891,851.0,0.827776,2.0,0.827892,268.0,0.827937,300.0
1753600007102,07:06:47.102,huobi,ADA/USDT:USDT,0.827891,851.0,0.827776,2.0,0.827892,268.0,0.827937,300.0
1753600007109,07:06:47.109,huobi,ADA/USDT:USDT,0.827891,4.0,0.827776,2.0,0.827892,268.0,0.827937,300.0
1753600007155,07:06:47.155,huobi,ADA/USDT:USDT,0.827891,4.0,0.827838,847.0,0.827892,268.0,0.827937,300.0
1753600007176,07:06:47.176,huobi,ADA/USDT:USDT,0.827891,4.0,0.827838,847.0,0.827892,268.0,0.827937,300.0
1753600007204,07:06:47.204,huobi,ADA/USDT:USDT,0.827891,4.0,0.827839,2.0,0.827892,568.0,0.827897,196.0
1753600007236,07:06:47.236,huobi,ADA/USDT:USDT,0.827891,4.0,0.827638,77.0,0.827892,568.0,0.827897,196.0
1753600007254,07:06:47.254,huobi,ADA/USDT:USDT,0.827891,4.0,0.827638,77.0,0.827892,568.0,0.827897,196.0
1753600007283,07:06:47.283,huobi,ADA/USDT:USDT,0.827639,2.0,0.827608,196.0,0.82785,128.0,0.827851,92.0
1753600007315,07:06:47.315,huobi,ADA/USDT:USDT,0.827609,2.0,0.827608,196.0,0.827808,128.0,0.827809,92.0
1753600007346,07:06:47.346,huobi,ADA/USDT:USDT,0.827609,2.0,0.827544,96.0,0.827766,128.0,0.827767,92.0
1753600007374,07:06:47.374,huobi,ADA/USDT:USDT,0.827555,43.0,0.827554,77.0,0.827723,27.0,0.827724,128.0
1753600007405,07:06:47.405,huobi,ADA/USDT:USDT,0.827578,92.0,0.827564,77.0,0.827682,128.0,0.827683,92.0
1753600007441,07:06:47.441,huobi,ADA/USDT:USDT,0.827579,2.0,0.827578,92.0,0.827639,80.0,0.82764,27.0
1753600007465,07:06:47.465,huobi,ADA/USDT:USDT,0.827621,28.0,0.82758,28.0,0.827622,92.0,0.82764,27.0
1753600007494,07:06:47.494,huobi,ADA/USDT:USDT,0.827621,28.0,0.827583,92.0,0.827622,92.0,0.82764,27.0
1753600007532,07:06:47.532,huobi,ADA/USDT:USDT,0.827621,28.0,0.827584,2.0,0.827622,92.0,0.82764,27.0
1753600007555,07:06:47.555,huobi,ADA/USDT:USDT,0.827584,2.0,0.82758,77.0,0.827622,220.0,0.82764,27.0
1753600007586,07:06:47.586,huobi,ADA/USDT:USDT,0.827579,847.0,0.827555,15.0,0.827603,92.0,0.827622,128.0
1753600007616,07:06:47.616,huobi,ADA/USDT:USDT,0.827579,847.0,0.827555,15.0,0.827603,92.0,0.827622,48.0
1753600007649,07:06:47.649,huobi,ADA/USDT:USDT,0.827584,92.0,0.827579,847.0,0.827622,1516.0,0.82764,27.0
1753600007702,07:06:47.702,huobi,ADA/USDT:USDT,0.827585,28.0,0.827584,92.0,0.827622,1516.0,0.82764,27.0
1753600007704,07:06:47.704,huobi,ADA/USDT:USDT,0.827621,58.0,0.827585,28.0,0.827622,1468.0,0.827683,92.0
1753600007737,07:06:47.737,huobi,ADA/USDT:USDT,0.827724,122.0,0.827631,77.0,0.827766,80.0,0.827809,92.0
1753600007767,07:06:47.767,huobi,ADA/USDT:USDT,0.827765,86.0,0.827631,77.0,0.827808,27.0,0.827809,92.0
1753600007805,07:06:47.805,huobi,ADA/USDT:USDT,0.827766,56.0,0.827765,30.0,0.827767,92.0,0.827808,75.0
1753600007830,07:06:47.830,huobi,ADA/USDT:USDT,0.827766,56.0,0.827765,30.0,0.827767,92.0,0.827778,1468.0
1753600007877,07:06:47.877,huobi,ADA/USDT:USDT,0.827766,133.0,0.827765,30.0,0.827767,92.0,0.827778,1468.0
1753600007884,07:06:47.884,huobi,ADA/USDT:USDT,0.827766,133.0,0.827765,30.0,0.827767,92.0,0.827778,1468.0
1753600007919,07:06:47.919,huobi,ADA/USDT:USDT,0.827766,133.0,0.827765,30.0,0.827767,92.0,0.827778,1468.0
1753600007976,07:06:47.976,huobi,ADA/USDT:USDT,0.827766,133.0,0.827765,30.0,0.827767,92.0,0.827778,1468.0
1753600008019,07:06:48.019,huobi,ADA/USDT:USDT,0.827766,105.0,0.827731,847.0,0.827767,220.0,0.827778,1468.0
1753600008034,07:06:48.034,huobi,ADA/USDT:USDT,0.827766,105.0,0.827732,2.0,0.827767,220.0,0.827778,1468.0
1753600008099,07:06:48.099,huobi,ADA/USDT:USDT,0.827732,2.0,0.827731,847.0,0.827733,375.0,0.827778,1468.0
1753600008126,07:06:48.126,huobi,ADA/USDT:USDT,0.827731,847.0,0.827621,92.0,0.827733,283.0,0.827778,1468.0
1753600008192,07:06:48.192,huobi,ADA/USDT:USDT,0.827731,847.0,0.827621,92.0,0.827732,172.0,0.827733,123.0
1753600008487,07:06:48.487,huobi,ADA/USDT:USDT,0.827731,847.0,0.827622,2.0,0.827732,172.0,0.827733,75.0
1753600008693,07:06:48.693,huobi,ADA/USDT:USDT,0.827731,847.0,0.827622,2.0,0.827732,220.0,0.827733,27.0
1753600008707,07:06:48.707,huobi,ADA/USDT:USDT,0.827731,847.0,0.827622,2.0,0.827732,220.0,0.827733,27.0
1753600009376,07:06:49.376,huobi,ADA/USDT:USDT,0.827731,847.0,0.827622,2.0,0.827732,140.0,0.827733,27.0
1753600009385,07:06:49.385,huobi,ADA/USDT:USDT,0.827731,847.0,0.827622,2.0,0.827778,1468.0,0.827808,27.0
1753600009417,07:06:49.417,huobi,ADA/USDT:USDT,0.82776,92.0,0.827733,15.0,0.827778,1468.0,0.827808,27.0
1753600009539,07:06:49.539,huobi,ADA/USDT:USDT,0.827766,92.0,0.827761,15.0,0.827778,1468.0,0.827808,27.0
1753600009588,07:06:49.588,huobi,ADA/USDT:USDT,0.827766,92.0,0.827761,15.0,0.827773,92.0,0.827778,1468.0
1753600009619,07:06:49.619,huobi,ADA/USDT:USDT,0.827766,92.0,0.827761,15.0,0.827773,92.0,0.827778,1468.0
1753600009668,07:06:49.668,huobi,ADA/USDT:USDT,0.827761,15.0,0.827731,847.0,0.827773,92.0,0.827778,1468.0
1753600009715,07:06:49.715,huobi,ADA/USDT:USDT,0.827761,15.0,0.827731,847.0,0.827773,92.0,0.827778,1468.0
1753600009903,07:06:49.903,huobi,ADA/USDT:USDT,0.827761,15.0,0.827731,847.0,0.827773,92.0,0.827778,1468.0
1753600010060,07:06:50.060,huobi,ADA/USDT:USDT,0.827765,92.0,0.827761,15.0,0.827773,92.0,0.827778,1468.0
1753600010145,07:06:50.145,huobi,ADA/USDT:USDT,0.827765,15.0,0.827731,847.0,0.827773,92.0,0.827778,1468.0
1753600010187,07:06:50.187,huobi,ADA/USDT:USDT,0.827765,15.0,0.827733,77.0,0.827773,92.0,0.827778,1468.0
1753600010197,07:06:50.197,huobi,ADA/USDT:USDT,0.827765,15.0,0.827735,77.0,0.827773,92.0,0.827778,1468.0
1753600010359,07:06:50.359,huobi,ADA/USDT:USDT,0.827765,15.0,0.827731,847.0,0.827773,92.0,0.827778,1468.0
1753600010376,07:06:50.376,huobi,ADA/USDT:USDT,0.827765,15.0,0.827731,847.0,0.827773,92.0,0.827778,1468.0
1753600010471,07:06:50.471,huobi,ADA/USDT:USDT,0.827734,77.0,0.827731,847.0,0.827773,92.0,0.827778,1468.0
1753600010500,07:06:50.500,huobi,ADA/USDT:USDT,0.827731,847.0,0.827621,92.0,0.827772,107.0,0.827778,1468.0
1753600010533,07:06:50.533,huobi,ADA/USDT:USDT,0.827731,847.0,0.827621,92.0,0.827735,80.0,0.827772,27.0
1753600011657,07:06:51.657,huobi,ADA/USDT:USDT,0.827731,847.0,0.827621,92.0,0.827732,252.0,0.827772,27.0
1753600011680,07:06:51.680,huobi,ADA/USDT:USDT,0.827731,847.0,0.827622,2.0,0.827732,252.0,0.827772,27.0
1753600012340,07:06:52.340,huobi,ADA/USDT:USDT,0.827731,847.0,0.827622,2.0,0.827732,172.0,0.827772,27.0
1753600012357,07:06:52.357,huobi,ADA/USDT:USDT,0.827731,924.0,0.827622,2.0,0.827732,92.0,0.827772,27.0
1753600012456,07:06:52.456,huobi,ADA/USDT:USDT,0.827731,924.0,0.827622,2.0,0.827772,27.0,0.827778,1468.0
1753600012479,07:06:52.479,huobi,ADA/USDT:USDT,0.827732,15.0,0.827731,847.0,0.827772,27.0,0.827778,1468.0
1753600012514,07:06:52.514,huobi,ADA/USDT:USDT,0.827732,15.0,0.827731,847.0,0.827772,27.0,0.827778,1468.0
1753600012565,07:06:52.565,huobi,ADA/USDT:USDT,0.827733,77.0,0.827732,109.0,0.827767,94.0,0.827772,27.0
1753600012600,07:06:52.600,huobi,ADA/USDT:USDT,0.827735,15.0,0.827734,94.0,0.827767,94.0,0.827772,27.0
1753600012631,07:06:52.631,huobi,ADA/USDT:USDT,0.827744,15.0,0.827743,77.0,0.827767,94.0,0.827772,27.0
1753600012734,07:06:52.734,huobi,ADA/USDT:USDT,0.827744,15.0,0.827743,77.0,0.827767,94.0,0.827772,27.0
1753600012743,07:06:52.743,huobi,ADA/USDT:USDT,0.827766,30.0,0.827743,77.0,0.827767,94.0,0.827778,1468.0
1753600012798,07:06:52.798,huobi,ADA/USDT:USDT,0.827766,30.0,0.827743,77.0,0.827778,1468.0,0.827808,27.0
1753600012806,07:06:52.806,huobi,ADA/USDT:USDT,0.827766,124.0,0.827743,77.0,0.827778,1468.0,0.827808,27.0
1753600012844,07:06:52.844,huobi,ADA/USDT:USDT,0.827777,180.0,0.827743,77.0,0.827778,1468.0,0.827892,92.0
1753600013032,07:06:53.032,huobi,ADA/USDT:USDT,0.827777,257.0,0.827744,2.0,0.827778,1468.0,0.827892,92.0
1753600013048,07:06:53.048,huobi,ADA/USDT:USDT,0.827777,257.0,0.827735,94.0,0.827778,1468.0,0.827892,92.0
1753600013075,07:06:53.075,huobi,ADA/USDT:USDT,0.827777,257.0,0.827736,2.0,0.827778,1468.0,0.827892,92.0
1753600013142,07:06:53.142,huobi,ADA/USDT:USDT,0.827777,257.0,0.827736,2.0,0.827892,92.0,0.827918,847.0
1753600013165,07:06:53.165,huobi,ADA/USDT:USDT,0.827787,77.0,0.827778,2.0,0.827892,92.0,0.827918,847.0
1753600013196,07:06:53.196,huobi,ADA/USDT:USDT,0.82786,94.0,0.827829,43.0,0.827892,92.0,0.827932,196.0
1753600013223,07:06:53.223,huobi,ADA/USDT:USDT,0.827862,77.0,0.827861,137.0,0.827892,92.0,0.827932,196.0
1753600013255,07:06:53.255,huobi,ADA/USDT:USDT,0.827865,77.0,0.827863,15.0,0.827877,1468.0,0.827892,92.0
1753600013284,07:06:53.284,huobi,ADA/USDT:USDT,0.827876,30.0,0.827865,77.0,0.827877,1468.0,0.827892,92.0
1753600013322,07:06:53.322,huobi,ADA/USDT:USDT,0.827876,30.0,0.827865,77.0,0.827877,1468.0,0.827892,92.0
1753600013368,07:06:53.368,huobi,ADA/USDT:USDT,0.827876,30.0,0.827865,77.0,0.827877,1468.0,0.827892,92.0
1753600013384,07:06:53.384,huobi,ADA/USDT:USDT,0.827876,30.0,0.827865,77.0,0.827877,1468.0,0.827892,92.0
1753600013407,07:06:53.407,huobi,ADA/USDT:USDT,0.827876,30.0,0.827865,77.0,0.827877,1468.0,0.827892,92.0
1753600013454,07:06:53.454,huobi,ADA/USDT:USDT,0.827876,30.0,0.827865,77.0,0.827877,1468.0,0.827892,92.0
1753600013474,07:06:53.474,huobi,ADA/USDT:USDT,0.827876,30.0,0.827865,77.0,0.827877,1468.0,0.827892,92.0
1753600013523,07:06:53.523,huobi,ADA/USDT:USDT,0.827876,30.0,0.827865,77.0,0.827877,1468.0,0.827892,92.0
1753600013539,07:06:53.539,huobi,ADA/USDT:USDT,0.827876,30.0,0.827865,77.0,0.827877,1468.0,0.827892,92.0
1753600013593,07:06:53.593,huobi,ADA/USDT:USDT,0.827876,30.0,0.827865,77.0,0.827877,1468.0,0.827892,92.0
1753600013615,07:06:53.615,huobi,ADA/USDT:USDT,0.827876,30.0,0.827865,77.0,0.827877,1468.0,0.827892,92.0
1753600013654,07:06:53.654,huobi,ADA/USDT:USDT,0.827876,30.0,0.827865,77.0,0.827877,1468.0,0.827892,92.0
1753600013686,07:06:53.686,huobi,ADA/USDT:USDT,0.827876,30.0,0.827865,77.0,0.827877,1468.0,0.827892,92.0
1753600013722,07:06:53.722,huobi,ADA/USDT:USDT,0.827876,30.0,0.827833,847.0,0.827877,1468.0,0.827892,92.0
1753600013737,07:06:53.737,huobi,ADA/USDT:USDT,0.827876,30.0,0.827834,2.0,0.827877,1468.0,0.827892,92.0
1753600013767,07:06:53.767,huobi,ADA/USDT:USDT,0.827876,30.0,0.827834,2.0,0.827877,1468.0,0.827892,92.0
1753600013828,07:06:53.828,huobi,ADA/USDT:USDT,0.827876,30.0,0.827834,2.0,0.827877,1468.0,0.827892,92.0
1753600013830,07:06:53.830,huobi,ADA/USDT:USDT,0.827876,30.0,0.827834,2.0,0.827877,1468.0,0.827892,92.0
1753600013903,07:06:53.903,huobi,ADA/USDT:USDT,0.827876,30.0,0.827834,2.0,0.827877,1468.0,0.827892,92.0
1753600013990,07:06:53.990,huobi,ADA/USDT:USDT,0.827876,124.0,0.827834,2.0,0.827877,1468.0,0.827892,92.0
1753600014041,07:06:54.041,huobi,ADA/USDT:USDT,0.827876,124.0,0.827834,2.0,0.827877,1468.0,0.827892,92.0
1753600014079,07:06:54.079,huobi,ADA/USDT:USDT,0.827876,124.0,0.827834,2.0,0.827877,1468.0,0.827892,92.0
1753600014259,07:06:54.259,huobi,ADA/USDT:USDT,0.827876,152.0,0.827834,2.0,0.827877,1468.0,0.827892,92.0
1753600014274,07:06:54.274,huobi,ADA/USDT:USDT,0.827939,56.0,0.827876,201.0,0.82794,92.0,0.828038,92.0
1753600014307,07:06:54.307,huobi,ADA/USDT:USDT,0.827939,56.0,0.8279,94.0,0.828037,155.0,0.82807,300.0
1753600014337,07:06:54.337,huobi,ADA/USDT:USDT,0.82794,2.0,0.8279,94.0,0.827995,80.0,0.827996,94.0
1753600014366,07:06:54.366,huobi,ADA/USDT:USDT,0.827918,43.0,0.827917,847.0,0.827954,94.0,0.827977,1468.0
1753600014406,07:06:54.406,huobi,ADA/USDT:USDT,0.827924,15.0,0.827923,77.0,0.827954,94.0,0.827977,1468.0
1753600014424,07:06:54.424,huobi,ADA/USDT:USDT,0.827924,15.0,0.827917,847.0,0.827954,94.0,0.827977,1468.0
1753600014454,07:06:54.454,huobi,ADA/USDT:USDT,0.827924,15.0,0.827919,77.0,0.827954,94.0,0.827977,1468.0
1753600014491,07:06:54.491,huobi,ADA/USDT:USDT,0.827953,72.0,0.827919,77.0,0.827954,94.0,0.827977,1468.0
1753600014520,07:06:54.520,huobi,ADA/USDT:USDT,0.827953,72.0,0.82792,2.0,0.827954,94.0,0.827977,1468.0
1753600014558,07:06:54.558,huobi,ADA/USDT:USDT,0.827953,72.0,0.82792,2.0,0.827954,94.0,0.827977,1468.0
1753600014651,07:06:54.651,huobi,ADA/USDT:USDT,0.827953,72.0,0.82792,2.0,0.827954,94.0,0.827977,1468.0
1753600014827,07:06:54.827,huobi,ADA/USDT:USDT,0.827953,72.0,0.82792,2.0,0.827954,94.0,0.827977,1468.0
1753600014869,07:06:54.869,huobi,ADA/USDT:USDT,0.827953,72.0,0.82792,2.0,0.827954,94.0,0.827977,1468.0
1753600014883,07:06:54.883,huobi,ADA/USDT:USDT,0.827953,72.0,0.82792,2.0,0.827954,94.0,0.827977,1468.0
1753600014907,07:06:54.907,huobi,ADA/USDT:USDT,0.827953,72.0,0.82792,2.0,0.827954,94.0,0.827977,1468.0
1753600014934,07:06:54.934,huobi,ADA/USDT:USDT,0.827953,72.0,0.82792,2.0,0.827954,94.0,0.827977,1468.0
1753600014964,07:06:54.964,huobi,ADA/USDT:USDT,0.827953,72.0,0.82792,2.0,0.827954,94.0,0.827977,1468.0
1753600015012,07:06:55.012,huobi,ADA/USDT:USDT,0.827953,72.0,0.82792,2.0,0.827954,94.0,0.827977,1468.0
1753600015024,07:06:55.024,huobi,ADA/USDT:USDT,0.827953,72.0,0.827917,847.0,0.827954,94.0,0.827977,1468.0
1753600015063,07:06:55.063,huobi,ADA/USDT:USDT,0.827953,72.0,0.827918,2.0,0.827954,94.0,0.827977,1468.0
1753600015103,07:06:55.103,huobi,ADA/USDT:USDT,0.827953,72.0,0.827918,2.0,0.827954,94.0,0.827977,1468.0
1753600015139,07:06:55.139,huobi,ADA/USDT:USDT,0.827953,72.0,0.827918,2.0,0.827954,94.0,0.827977,1468.0
1753600015193,07:06:55.193,huobi,ADA/USDT:USDT,0.827953,72.0,0.827918,2.0,0.827954,94.0,0.827977,1468.0
1753600015215,07:06:55.215,huobi,ADA/USDT:USDT,0.827953,72.0,0.827918,2.0,0.827954,94.0,0.827977,1468.0
1753600015284,07:06:55.284,huobi,ADA/USDT:USDT,0.827953,72.0,0.827918,2.0,0.827954,94.0,0.827977,1468.0
1753600015313,07:06:55.313,huobi,ADA/USDT:USDT,0.827953,72.0,0.827918,2.0,0.827954,174.0,0.827977,1468.0
1753600015358,07:06:55.358,huobi,ADA/USDT:USDT,0.827953,42.0,0.827918,2.0,0.827954,222.0,0.827977,1468.0
1753600015386,07:06:55.386,huobi,ADA/USDT:USDT,0.827953,42.0,0.827918,2.0,0.827954,222.0,0.827977,1468.0
1753600015414,07:06:55.414,huobi,ADA/USDT:USDT,0.827953,42.0,0.827918,2.0,0.827954,222.0,0.827977,1468.0
1753600015447,07:06:55.447,huobi,ADA/USDT:USDT,0.827953,42.0,0.827918,2.0,0.827954,222.0,0.827977,1468.0
1753600015478,07:06:55.478,huobi,ADA/USDT:USDT,0.827892,847.0,0.827736,2.0,0.827953,27.0,0.827954,522.0
1753600015505,07:06:55.505,huobi,ADA/USDT:USDT,0.827746,77.0,0.827661,196.0,0.827893,256.0,0.827953,27.0
1753600015536,07:06:55.536,huobi,ADA/USDT:USDT,0.827661,196.0,0.827579,92.0,0.827729,256.0,0.827747,27.0
1753600015565,07:06:55.565,huobi,ADA/USDT:USDT,0.827671,77.0,0.827662,2.0,0.827706,94.0,0.827729,176.0
1753600015593,07:06:55.593,huobi,ADA/USDT:USDT,0.827572,15.0,0.827505,77.0,0.827663,160.0,0.827705,48.0
1753600015631,07:06:55.631,huobi,ADA/USDT:USDT,0.827662,58.0,0.827572,94.0,0.827663,94.0,0.827747,27.0
1753600015656,07:06:55.656,huobi,ADA/USDT:USDT,0.827662,135.0,0.827573,2.0,0.827663,94.0,0.827747,27.0
1753600015693,07:06:55.693,huobi,ADA/USDT:USDT,0.827662,135.0,0.827573,2.0,0.827663,94.0,0.827747,27.0
1753600015719,07:06:55.719,huobi,ADA/USDT:USDT,0.827672,77.0,0.827662,984.0,0.827747,27.0,0.827789,94.0
1753600015774,07:06:55.774,huobi,ADA/USDT:USDT,0.827702,15.0,0.827701,77.0,0.827735,94.0,0.827747,27.0
1753600015861,07:06:55.861,huobi,ADA/USDT:USDT,0.827702,15.0,0.827701,77.0,0.827735,94.0,0.827747,27.0
1753600015864,07:06:55.864,huobi,ADA/USDT:USDT,0.827702,15.0,0.827701,77.0,0.827735,94.0,0.827747,27.0
1753600016027,07:06:56.027,huobi,ADA/USDT:USDT,0.827702,15.0,0.827701,77.0,0.827735,94.0,0.827747,27.0
1753600016045,07:06:56.045,huobi,ADA/USDT:USDT,0.827709,15.0,0.827708,94.0,0.827735,94.0,0.827747,27.0
1753600016079,07:06:56.079,huobi,ADA/USDT:USDT,0.827719,15.0,0.827718,77.0,0.827735,94.0,0.827747,27.0
1753600016106,07:06:56.106,huobi,ADA/USDT:USDT,0.827722,94.0,0.827719,15.0,0.827735,94.0,0.827747,27.0
1753600016157,07:06:56.157,huobi,ADA/USDT:USDT,0.827722,94.0,0.827719,15.0,0.827735,94.0,0.827747,27.0
1753600016214,07:06:56.214,huobi,ADA/USDT:USDT,0.827719,15.0,0.827662,847.0,0.827735,94.0,0.827747,27.0
1753600016232,07:06:56.232,huobi,ADA/USDT:USDT,0.827732,77.0,0.827719,15.0,0.827735,94.0,0.827747,27.0
1753600016269,07:06:56.269,huobi,ADA/USDT:USDT,0.827732,77.0,0.827719,15.0,0.827735,94.0,0.827747,27.0
1753600016393,07:06:56.393,huobi,ADA/USDT:USDT,0.827719,15.0,0.827662,847.0,0.827735,94.0,0.827747,27.0
1753600016409,07:06:56.409,huobi,ADA/USDT:USDT,0.827719,92.0,0.827663,2.0,0.827735,94.0,0.827747,27.0
1753600017247,07:06:57.247,huobi,ADA/USDT:USDT,0.827719,15.0,0.827662,847.0,0.827735,94.0,0.827747,27.0
1753600017321,07:06:57.321,huobi,ADA/USDT:USDT,0.827719,15.0,0.827672,77.0,0.827735,94.0,0.827747,27.0
1753600017337,07:06:57.337,huobi,ADA/USDT:USDT,0.827719,15.0,0.827673,2.0,0.827735,94.0,0.827747,27.0
1753600017370,07:06:57.370,huobi,ADA/USDT:USDT,0.827719,15.0,0.827673,2.0,0.827735,94.0,0.827747,27.0
1753600017468,07:06:57.468,huobi,ADA/USDT:USDT,0.82772,94.0,0.827719,15.0,0.827735,94.0,0.827747,27.0
1753600017643,07:06:57.643,huobi,ADA/USDT:USDT,0.827719,15.0,0.827672,77.0,0.827735,94.0,0.827747,27.0
1753600017900,07:06:57.900,huobi,ADA/USDT:USDT,0.827673,2.0,0.827672,77.0,0.827735,94.0,0.827747,27.0
1753600017901,07:06:57.901,huobi,ADA/USDT:USDT,0.827673,2.0,0.827672,77.0,0.827693,94.0,0.827733,128.0
1753600017964,07:06:57.964,huobi,ADA/USDT:USDT,0.827672,77.0,0.827662,847.0,0.827693,94.0,0.827733,48.0
1753600017964,07:06:57.964,huobi,ADA/USDT:USDT,0.827672,77.0,0.827662,847.0,0.827693,94.0,0.827733,48.0
1753600018002,07:06:58.002,huobi,ADA/USDT:USDT,0.827672,77.0,0.827662,847.0,0.827693,94.0,0.827733,48.0
1753600018040,07:06:58.040,huobi,ADA/USDT:USDT,0.827672,77.0,0.827662,847.0,0.827693,94.0,0.827733,48.0
1753600018071,07:06:58.071,huobi,ADA/USDT:USDT,0.827672,77.0,0.827662,847.0,0.827693,94.0,0.827733,48.0
1753600018145,07:06:58.145,huobi,ADA/USDT:USDT,0.827672,77.0,0.827662,847.0,0.827693,94.0,0.827733,48.0
1753600018184,07:06:58.184,huobi,ADA/USDT:USDT,0.827672,77.0,0.827662,847.0,0.827693,94.0,0.827733,48.0
1753600018223,07:06:58.223,huobi,ADA/USDT:USDT,0.827662,847.0,0.82759,1486.0,0.827693,94.0,0.827733,48.0
1753600018236,07:06:58.236,huobi,ADA/USDT:USDT,0.827662,924.0,0.82759,1486.0,0.827692,107.0,0.827693,94.0
1753600018389,07:06:58.389,huobi,ADA/USDT:USDT,0.827662,924.0,0.82759,1486.0,0.827663,94.0,0.827692,27.0
1753600018957,07:06:58.957,huobi,ADA/USDT:USDT,0.827662,847.0,0.82762,94.0,0.827663,94.0,0.827692,27.0
1753600018987,07:06:58.987,huobi,ADA/USDT:USDT,0.827662,847.0,0.827621,2.0,0.827663,94.0,0.827692,27.0
1753600019378,07:06:59.378,huobi,ADA/USDT:USDT,0.827662,847.0,0.827621,2.0,0.827692,27.0,0.827733,48.0
1753600019458,07:06:59.458,huobi,ADA/USDT:USDT,0.827665,94.0,0.827662,847.0,0.827692,27.0,0.827733,48.0
1753600019487,07:06:59.487,huobi,ADA/USDT:USDT,0.827665,94.0,0.827662,847.0,0.827692,27.0,0.827733,48.0
1753600019502,07:06:59.502,huobi,ADA/USDT:USDT,0.827665,94.0,0.827662,847.0,0.827692,27.0,0.827733,48.0
1753600019552,07:06:59.552,huobi,ADA/USDT:USDT,0.827666,15.0,0.827665,94.0,0.827692,27.0,0.827733,48.0
1753600019560,07:06:59.560,huobi,ADA/USDT:USDT,0.827666,43.0,0.827665,94.0,0.827733,48.0,0.827734,27.0
1753600019634,07:06:59.634,huobi,ADA/USDT:USDT,0.827734,30.0,0.827719,94.0,0.827735,94.0,0.827777,1468.0
1753600019645,07:06:59.645,huobi,ADA/USDT:USDT,0.827734,30.0,0.827719,94.0,0.827735,94.0,0.827777,1468.0
1753600019746,07:06:59.746,huobi,ADA/USDT:USDT,0.827734,30.0,0.827719,94.0,0.827735,94.0,0.827777,1468.0
1753600019770,07:06:59.770,huobi,ADA/USDT:USDT,0.827734,30.0,0.827719,94.0,0.827735,94.0,0.827777,1468.0
1753600019804,07:06:59.804,huobi,ADA/USDT:USDT,0.827734,877.0,0.827719,94.0,0.827735,94.0,0.827777,1468.0
1753600019831,07:06:59.831,huobi,ADA/USDT:USDT,0.827734,877.0,0.827719,94.0,0.827735,94.0,0.827777,1468.0
1753600019857,07:06:59.857,huobi,ADA/USDT:USDT,0.827734,877.0,0.827719,94.0,0.827735,94.0,0.827777,1468.0
1753600020015,07:07:00.015,huobi,ADA/USDT:USDT,0.827734,877.0,0.827719,94.0,0.827777,1468.0,0.827852,94.0
1753600020035,07:07:00.035,huobi,ADA/USDT:USDT,0.827748,94.0,0.827735,28.0,0.827777,1468.0,0.827852,94.0
1753600020071,07:07:00.071,huobi,ADA/USDT:USDT,0.827749,15.0,0.827748,94.0,0.827777,1468.0,0.827852,94.0
1753600020097,07:07:00.097,huobi,ADA/USDT:USDT,0.827749,15.0,0.827748,94.0,0.827776,94.0,0.827777,1468.0
1753600020133,07:07:00.133,huobi,ADA/USDT:USDT,0.827749,15.0,0.827748,94.0,0.827776,94.0,0.827777,1468.0
1753600020154,07:07:00.154,huobi,ADA/USDT:USDT,0.827749,15.0,0.827748,94.0,0.827776,94.0,0.827777,1468.0
1753600020197,07:07:00.197,huobi,ADA/USDT:USDT,0.827755,15.0,0.827754,77.0,0.827776,94.0,0.827777,1468.0
1753600020251,07:07:00.251,huobi,ADA/USDT:USDT,0.827755,15.0,0.827754,77.0,0.827776,94.0,0.827777,1468.0
1753600020282,07:07:00.282,huobi,ADA/USDT:USDT,0.827775,30.0,0.827767,77.0,0.827776,94.0,0.827777,1468.0
1753600020306,07:07:00.306,huobi,ADA/USDT:USDT,0.827775,109.0,0.827767,77.0,0.827777,1468.0,0.827852,94.0
1753600020580,07:07:00.580,huobi,ADA/USDT:USDT,0.827776,124.0,0.827734,847.0,0.827777,1468.0,0.827852,94.0
1753600020645,07:07:00.645,huobi,ADA/USDT:USDT,0.827776,30.0,0.827735,2.0,0.827777,1468.0,0.827852,94.0
1753600020672,07:07:00.672,huobi,ADA/USDT:USDT,0.827776,30.0,0.827735,2.0,0.827777,1468.0,0.827852,94.0
1753600020789,07:07:00.789,huobi,ADA/USDT:USDT,0.827776,30.0,0.827735,2.0,0.827777,1548.0,0.827852,94.0
1753600020833,07:07:00.833,huobi,ADA/USDT:USDT,0.827776,15.0,0.827735,2.0,0.827777,1548.0,0.827852,94.0
1753600020845,07:07:00.845,huobi,ADA/USDT:USDT,0.827735,2.0,0.827734,847.0,0.827736,283.0,0.827777,1468.0
1753600020875,07:07:00.875,huobi,ADA/USDT:USDT,0.827734,847.0,0.82762,94.0,0.827735,352.0,0.827736,123.0
1753600020939,07:07:00.939,huobi,ADA/USDT:USDT,0.827734,847.0,0.82762,94.0,0.827735,352.0,0.827736,27.0
1753600020973,07:07:00.973,huobi,ADA/USDT:USDT,0.827734,847.0,0.82762,94.0,0.827735,352.0,0.827736,27.0
1753600021030,07:07:01.030,huobi,ADA/USDT:USDT,0.827734,847.0,0.82762,94.0,0.827735,352.0,0.827736,27.0
1753600021308,07:07:01.308,huobi,ADA/USDT:USDT,0.827734,847.0,0.827621,2.0,0.827735,352.0,0.827736,27.0
1753600021706,07:07:01.706,huobi,ADA/USDT:USDT,0.827734,847.0,0.827621,2.0,0.827735,202.0,0.827736,27.0
1753600021720,07:07:01.720,huobi,ADA/USDT:USDT,0.827734,847.0,0.82762,94.0,0.827735,202.0,0.827736,27.0
1753600022284,07:07:02.284,huobi,ADA/USDT:USDT,0.827734,847.0,0.82762,94.0,0.827735,202.0,0.827736,27.0
1753600022348,07:07:02.348,huobi,ADA/USDT:USDT,0.827734,847.0,0.82762,94.0,0.827735,202.0,0.827736,27.0
1753600022375,07:07:02.375,huobi,ADA/USDT:USDT,0.827734,847.0,0.82762,94.0,0.827735,202.0,0.827736,27.0
1753600022415,07:07:02.415,huobi,ADA/USDT:USDT,0.827734,847.0,0.82762,94.0,0.827735,202.0,0.827736,27.0
1753600022437,07:07:02.437,huobi,ADA/USDT:USDT,0.827734,847.0,0.82762,94.0,0.827735,202.0,0.827736,27.0
1753600022469,07:07:02.469,huobi,ADA/USDT:USDT,0.827734,847.0,0.82762,94.0,0.827735,202.0,0.827736,27.0
1753600022528,07:07:02.528,huobi,ADA/USDT:USDT,0.827734,847.0,0.82762,94.0,0.827735,202.0,0.827736,27.0
1753600022664,07:07:02.664,huobi,ADA/USDT:USDT,0.827734,847.0,0.82762,94.0,0.827735,202.0,0.827736,27.0
1753600022687,07:07:02.687,huobi,ADA/USDT:USDT,0.827734,847.0,0.82762,94.0,0.827735,202.0,0.827736,27.0
1753600022890,07:07:02.890,huobi,ADA/USDT:USDT,0.827734,847.0,0.82762,94.0,0.827735,202.0,0.827736,27.0
1753600022920,07:07:02.920,huobi,ADA/USDT:USDT,0.827734,847.0,0.82762,94.0,0.827735,202.0,0.827736,27.0
1753600022951,07:07:02.951,huobi,ADA/USDT:USDT,0.827734,847.0,0.82762,94.0,0.827735,202.0,0.827736,27.0
1753600022977,07:07:02.977,huobi,ADA/USDT:USDT,0.827699,847.0,0.82763,77.0,0.827735,202.0,0.827736,27.0
1753600023018,07:07:03.018,huobi,ADA/USDT:USDT,0.827699,847.0,0.82763,77.0,0.8277,96.0,0.827735,26.0
1753600023194,07:07:03.194,huobi,ADA/USDT:USDT,0.827699,847.0,0.82763,77.0,0.8277,96.0,0.827735,26.0
1753600023627,07:07:03.627,huobi,ADA/USDT:USDT,0.827699,847.0,0.82763,77.0,0.8277,96.0,0.827735,26.0
1753600023653,07:07:03.653,huobi,ADA/USDT:USDT,0.827699,847.0,0.82763,77.0,0.8277,96.0,0.827735,26.0
1753600023665,07:07:03.665,huobi,ADA/USDT:USDT,0.827699,847.0,0.82763,77.0,0.8277,96.0,0.827735,26.0
1753600023726,07:07:03.726,huobi,ADA/USDT:USDT,0.827699,847.0,0.82763,77.0,0.8277,1564.0,0.827735,26.0
1753600023788,07:07:03.788,huobi,ADA/USDT:USDT,0.827699,847.0,0.82763,77.0,0.8277,1564.0,0.827735,26.0
1753600023872,07:07:03.872,huobi,ADA/USDT:USDT,0.827699,847.0,0.82763,77.0,0.8277,1564.0,0.827735,26.0
1753600023988,07:07:03.988,huobi,ADA/USDT:USDT,0.827699,847.0,0.827623,96.0,0.8277,1564.0,0.827735,26.0
1753600024050,07:07:04.050,huobi,ADA/USDT:USDT,0.827699,847.0,0.827623,96.0,0.8277,1564.0,0.827735,26.0
1753600024209,07:07:04.209,huobi,ADA/USDT:USDT,0.827623,96.0,0.827621,48.0,0.8277,1564.0,0.827735,26.0
1753600024245,07:07:04.245,huobi,ADA/USDT:USDT,0.827623,96.0,0.827621,48.0,0.827667,96.0,0.8277,1468.0
1753600024272,07:07:04.272,huobi,ADA/USDT:USDT,0.827624,847.0,0.827623,96.0,0.827667,96.0,0.8277,1468.0
1753600024309,07:07:04.309,huobi,ADA/USDT:USDT,0.827624,847.0,0.827621,48.0,0.827667,96.0,0.8277,1468.0
1753600024395,07:07:04.395,huobi,ADA/USDT:USDT,0.827626,96.0,0.827624,847.0,0.827667,96.0,0.8277,1468.0
1753600024426,07:07:04.426,huobi,ADA/USDT:USDT,0.827647,96.0,0.827627,128.0,0.827667,96.0,0.8277,1468.0
1753600024446,07:07:04.446,huobi,ADA/USDT:USDT,0.827648,48.0,0.827647,96.0,0.827667,96.0,0.8277,1468.0
1753600024475,07:07:04.475,huobi,ADA/USDT:USDT,0.827648,48.0,0.827625,2.0,0.827667,96.0,0.8277,1468.0
1753600024602,07:07:04.602,huobi,ADA/USDT:USDT,0.827666,256.0,0.827649,96.0,0.827667,96.0,0.8277,1468.0
1753600024877,07:07:04.877,huobi,ADA/USDT:USDT,0.827666,256.0,0.827649,96.0,0.827667,96.0,0.8277,1468.0
1753600025467,07:07:05.467,huobi,ADA/USDT:USDT,0.827666,256.0,0.827649,96.0,0.827667,96.0,0.8277,1468.0
1753600026445,07:07:06.445,huobi,ADA/USDT:USDT,0.827666,256.0,0.827625,2.0,0.827667,96.0,0.8277,1468.0
1753600026507,07:07:06.507,huobi,ADA/USDT:USDT,0.827666,256.0,0.827625,2.0,0.827667,96.0,0.8277,1468.0
1753600026720,07:07:06.720,huobi,ADA/USDT:USDT,0.827666,256.0,0.827625,2.0,0.827667,96.0,0.8277,1468.0
1753600026735,07:07:06.735,huobi,ADA/USDT:USDT,0.827666,256.0,0.827625,2.0,0.827667,96.0,0.8277,1468.0
1753600027344,07:07:07.344,huobi,ADA/USDT:USDT,0.827666,256.0,0.827625,2.0,0.8277,1468.0,0.827735,26.0
1753600027365,07:07:07.365,huobi,ADA/USDT:USDT,0.827666,256.0,0.827625,2.0,0.8277,1468.0,0.827735,26.0
1753600027387,07:07:07.387,huobi,ADA/USDT:USDT,0.827668,96.0,0.827666,96.0,0.827698,96.0,0.8277,1468.0
1753600027427,07:07:07.427,huobi,ADA/USDT:USDT,0.827668,96.0,0.827666,48.0,0.827698,96.0,0.8277,1468.0
1753600027451,07:07:07.451,huobi,ADA/USDT:USDT,0.82769,96.0,0.827669,48.0,0.8277,1468.0,0.827735,26.0
1753600027553,07:07:07.553,huobi,ADA/USDT:USDT,0.82769,96.0,0.827669,48.0,0.8277,1468.0,0.827735,26.0
1753600027656,07:07:07.656,huobi,ADA/USDT:USDT,0.82769,96.0,0.827669,48.0,0.8277,1468.0,0.827735,26.0
1753600027706,07:07:07.706,huobi,ADA/USDT:USDT,0.82769,96.0,0.827669,48.0,0.827699,96.0,0.8277,1468.0
1753600027799,07:07:07.799,huobi,ADA/USDT:USDT,0.82769,96.0,0.827669,48.0,0.827699,96.0,0.8277,1468.0
1753600027813,07:07:07.813,huobi,ADA/USDT:USDT,0.82769,96.0,0.827669,48.0,0.8277,1468.0,0.827735,26.0
1753600027852,07:07:07.852,huobi,ADA/USDT:USDT,0.82769,96.0,0.827669,48.0,0.827697,96.0,0.8277,1468.0
1753600027865,07:07:07.865,huobi,ADA/USDT:USDT,0.827669,48.0,0.827626,96.0,0.827697,96.0,0.8277,1468.0
1753600027904,07:07:07.904,huobi,ADA/USDT:USDT,0.827669,48.0,0.827626,96.0,0.827697,96.0,0.8277,1468.0
1753600027939,07:07:07.939,huobi,ADA/USDT:USDT,0.827669,48.0,0.827626,96.0,0.827697,96.0,0.8277,1468.0
1753600027958,07:07:07.958,huobi,ADA/USDT:USDT,0.827696,160.0,0.827672,96.0,0.827697,96.0,0.8277,1468.0
1753600027988,07:07:07.988,huobi,ADA/USDT:USDT,0.827699,96.0,0.827696,160.0,0.8277,1468.0,0.827735,26.0
1753600028016,07:07:08.016,huobi,ADA/USDT:USDT,0.827699,256.0,0.827669,48.0,0.8277,1468.0,0.827735,26.0
1753600028108,07:07:08.108,huobi,ADA/USDT:USDT,0.827699,256.0,0.827669,48.0,0.8277,1468.0,0.827735,26.0
1753600028152,07:07:08.152,huobi,ADA/USDT:USDT,0.827699,256.0,0.827669,48.0,0.8277,1468.0,0.827735,26.0
1753600028276,07:07:08.276,huobi,ADA/USDT:USDT,0.827699,256.0,0.827669,48.0,0.8277,1468.0,0.827735,26.0
1753600028740,07:07:08.740,huobi,ADA/USDT:USDT,0.827699,256.0,0.827669,48.0,0.8277,1468.0,0.827735,26.0
1753600028808,07:07:08.808,huobi,ADA/USDT:USDT,0.827699,256.0,0.827669,48.0,0.8277,1468.0,0.827735,26.0
1753600029005,07:07:09.005,huobi,ADA/USDT:USDT,0.827699,160.0,0.827669,48.0,0.8277,1468.0,0.827735,26.0
1753600029041,07:07:09.041,huobi,ADA/USDT:USDT,0.827699,256.0,0.827626,96.0,0.8277,1468.0,0.827784,96.0
1753600029195,07:07:09.195,huobi,ADA/USDT:USDT,0.827699,208.0,0.827626,96.0,0.8277,1468.0,0.827784,96.0
1753600029240,07:07:09.240,huobi,ADA/USDT:USDT,0.827699,208.0,0.827626,96.0,0.8277,1468.0,0.827784,96.0
1753600029345,07:07:09.345,huobi,ADA/USDT:USDT,0.827699,208.0,0.827626,96.0,0.8277,1468.0,0.827784,96.0
1753600029376,07:07:09.376,huobi,ADA/USDT:USDT,0.827699,208.0,0.827626,96.0,0.8277,1468.0,0.827784,96.0
1753600029497,07:07:09.497,huobi,ADA/USDT:USDT,0.827699,160.0,0.827626,96.0,0.8277,1468.0,0.827784,96.0
1753600029599,07:07:09.599,huobi,ADA/USDT:USDT,0.827699,160.0,0.827626,96.0,0.8277,1468.0,0.827784,96.0
1753600029609,07:07:09.609,huobi,ADA/USDT:USDT,0.827699,160.0,0.827626,96.0,0.8277,1468.0,0.827784,96.0
1753600029663,07:07:09.663,huobi,ADA/USDT:USDT,0.827699,160.0,0.827626,96.0,0.8277,1468.0,0.827784,96.0
1753600029666,07:07:09.666,huobi,ADA/USDT:USDT,0.827699,160.0,0.827626,96.0,0.8277,1468.0,0.827784,96.0
1753600029837,07:07:09.837,huobi,ADA/USDT:USDT,0.827699,256.0,0.827626,96.0,0.8277,1468.0,0.827784,96.0
1753600029861,07:07:09.861,huobi,ADA/USDT:USDT,0.827699,256.0,0.827626,96.0,0.8277,1468.0,0.827784,96.0
1753600029900,07:07:09.900,huobi,ADA/USDT:USDT,0.827699,256.0,0.827626,96.0,0.8277,1468.0,0.827784,96.0
1753600029904,07:07:09.904,huobi,ADA/USDT:USDT,0.827699,256.0,0.827626,96.0,0.8277,1468.0,0.827784,96.0
1753600030121,07:07:10.121,huobi,ADA/USDT:USDT,0.827699,256.0,0.827626,96.0,0.8277,1468.0,0.827784,96.0
1753600030160,07:07:10.160,huobi,ADA/USDT:USDT,0.827699,256.0,0.827684,847.0,0.8277,1468.0,0.827784,96.0
1753600030321,07:07:10.321,huobi,ADA/USDT:USDT,0.827699,256.0,0.827684,847.0,0.8277,1468.0,0.827784,96.0
1753600030336,07:07:10.336,huobi,ADA/USDT:USDT,0.827699,256.0,0.827684,847.0,0.8277,1468.0,0.827784,96.0
1753600030384,07:07:10.384,huobi,ADA/USDT:USDT,0.827699,256.0,0.827684,847.0,0.8277,1468.0,0.827784,96.0
1753600030420,07:07:10.420,huobi,ADA/USDT:USDT,0.827699,256.0,0.827684,847.0,0.8277,1468.0,0.827784,96.0
1753600031102,07:07:11.102,huobi,ADA/USDT:USDT,0.827699,256.0,0.827684,847.0,0.8277,1468.0,0.827784,96.0
1753600031103,07:07:11.103,huobi,ADA/USDT:USDT,0.827699,256.0,0.827684,847.0,0.8277,1468.0,0.827852,94.0
1753600031137,07:07:11.137,huobi,ADA/USDT:USDT,0.827741,128.0,0.82774,93.0,0.82791,300.0,0.82808,94.0
1753600031166,07:07:11.166,huobi,ADA/USDT:USDT,0.827824,93.0,0.827784,80.0,0.827872,93.0,0.828079,27.0
1753600031196,07:07:11.196,huobi,ADA/USDT:USDT,0.827824,93.0,0.827785,48.0,0.827872,93.0,0.827942,300.0
1753600031224,07:07:11.224,huobi,ADA/USDT:USDT,0.827824,93.0,0.827785,48.0,0.827847,93.0,0.827871,847.0
1753600031260,07:07:11.260,huobi,ADA/USDT:USDT,0.827824,93.0,0.827785,48.0,0.827847,93.0,0.827871,847.0
1753600031298,07:07:11.298,huobi,ADA/USDT:USDT,0.827824,93.0,0.827785,48.0,0.827847,93.0,0.827871,847.0
1753600031332,07:07:11.332,huobi,ADA/USDT:USDT,0.827824,93.0,0.827785,48.0,0.827847,93.0,0.827871,847.0
1753600031348,07:07:11.348,huobi,ADA/USDT:USDT,0.827824,93.0,0.827785,48.0,0.827847,93.0,0.827871,847.0
1753600031387,07:07:11.387,huobi,ADA/USDT:USDT,0.827824,93.0,0.827785,48.0,0.827847,93.0,0.827889,93.0
1753600031412,07:07:11.412,huobi,ADA/USDT:USDT,0.827824,93.0,0.827785,48.0,0.827889,93.0,0.827942,300.0
1753600031435,07:07:11.435,huobi,ADA/USDT:USDT,0.827824,93.0,0.827785,48.0,0.827889,93.0,0.827898,847.0
1753600031473,07:07:11.473,huobi,ADA/USDT:USDT,0.827824,93.0,0.827806,847.0,0.827889,93.0,0.827921,847.0
1753600031495,07:07:11.495,huobi,ADA/USDT:USDT,0.827824,93.0,0.827807,2.0,0.827889,93.0,0.827921,847.0
1753600031573,07:07:11.573,huobi,ADA/USDT:USDT,0.827825,48.0,0.827807,2.0,0.827847,93.0,0.827888,27.0
1753600031592,07:07:11.592,huobi,ADA/USDT:USDT,0.827825,48.0,0.827807,2.0,0.827847,93.0,0.827888,27.0
1753600031793,07:07:11.793,huobi,ADA/USDT:USDT,0.827825,48.0,0.827807,2.0,0.827847,93.0,0.827888,27.0
1753600031797,07:07:11.797,huobi,ADA/USDT:USDT,0.827825,48.0,0.827807,2.0,0.827847,93.0,0.827888,27.0
1753600031843,07:07:11.843,huobi,ADA/USDT:USDT,0.827825,48.0,0.827807,2.0,0.827847,93.0,0.827888,27.0
1753600031884,07:07:11.884,huobi,ADA/USDT:USDT,0.827825,48.0,0.827807,2.0,0.827847,93.0,0.827888,27.0
1753600031933,07:07:11.933,huobi,ADA/USDT:USDT,0.827825,48.0,0.827807,2.0,0.827847,93.0,0.827888,27.0
1753600032083,07:07:12.083,huobi,ADA/USDT:USDT,0.827825,48.0,0.827807,2.0,0.827847,93.0,0.827888,27.0
1753600032338,07:07:12.338,huobi,ADA/USDT:USDT,0.827807,2.0,0.827806,847.0,0.827847,93.0,0.827888,27.0
1753600032371,07:07:12.371,huobi,ADA/USDT:USDT,0.827846,189.0,0.827815,77.0,0.827888,27.0,0.827889,93.0
1753600032418,07:07:12.418,huobi,ADA/USDT:USDT,0.827875,93.0,0.827846,96.0,0.827888,27.0,0.827889,93.0
1753600032430,07:07:12.430,huobi,ADA/USDT:USDT,0.827875,93.0,0.827846,96.0,0.827888,27.0,0.827889,93.0
1753600032458,07:07:12.458,huobi,ADA/USDT:USDT,0.827875,93.0,0.827846,96.0,0.827888,27.0,0.827889,93.0
1753600032523,07:07:12.523,huobi,ADA/USDT:USDT,0.827875,93.0,0.827846,96.0,0.827883,93.0,0.827888,27.0
1753600032549,07:07:12.549,huobi,ADA/USDT:USDT,0.827875,93.0,0.827846,96.0,0.827883,93.0,0.827888,27.0
1753600032574,07:07:12.574,huobi,ADA/USDT:USDT,0.827875,93.0,0.827846,96.0,0.827883,93.0,0.827888,27.0
1753600032605,07:07:12.605,huobi,ADA/USDT:USDT,0.827875,93.0,0.827846,96.0,0.827883,93.0,0.827888,27.0
1753600032634,07:07:12.634,huobi,ADA/USDT:USDT,0.827846,96.0,0.827833,93.0,0.827883,93.0,0.827888,27.0
1753600032685,07:07:12.685,huobi,ADA/USDT:USDT,0.827846,96.0,0.827833,93.0,0.827883,93.0,0.827888,27.0
1753600032698,07:07:12.698,huobi,ADA/USDT:USDT,0.827846,96.0,0.827833,93.0,0.827883,93.0,0.827888,27.0
1753600032727,07:07:12.727,huobi,ADA/USDT:USDT,0.827846,96.0,0.827833,93.0,0.827883,93.0,0.827888,27.0
1753600032762,07:07:12.762,huobi,ADA/USDT:USDT,0.827846,96.0,0.827833,93.0,0.827847,93.0,0.827882,27.0
1753600032787,07:07:12.787,huobi,ADA/USDT:USDT,0.827846,96.0,0.827807,2.0,0.827847,93.0,0.827882,27.0
1753600032872,07:07:12.872,huobi,ADA/USDT:USDT,0.827807,2.0,0.827806,847.0,0.827847,93.0,0.827882,27.0
1753600032881,07:07:12.881,huobi,ADA/USDT:USDT,0.827807,2.0,0.827806,847.0,0.827847,93.0,0.827882,27.0
1753600032943,07:07:12.943,huobi,ADA/USDT:USDT,0.827806,847.0,0.827782,93.0,0.827847,93.0,0.827882,27.0
1753600032966,07:07:12.966,huobi,ADA/USDT:USDT,0.827807,93.0,0.827792,847.0,0.827847,93.0,0.827882,27.0
1753600033041,07:07:13.041,huobi,ADA/USDT:USDT,0.827808,48.0,0.827793,79.0,0.827847,93.0,0.827882,27.0
1753600033108,07:07:13.108,huobi,ADA/USDT:USDT,0.827808,48.0,0.827793,79.0,0.827847,93.0,0.827882,27.0
1753600033169,07:07:13.169,huobi,ADA/USDT:USDT,0.827808,48.0,0.827793,2.0,0.827847,93.0,0.827882,27.0
1753600033264,07:07:13.264,huobi,ADA/USDT:USDT,0.827808,48.0,0.827793,2.0,0.827847,93.0,0.827882,27.0
1753600033323,07:07:13.323,huobi,ADA/USDT:USDT,0.827808,48.0,0.827793,2.0,0.827847,93.0,0.827882,27.0
1753600033325,07:07:13.325,huobi,ADA/USDT:USDT,0.827808,48.0,0.827793,2.0,0.827847,93.0,0.827882,27.0
1753600033378,07:07:13.378,huobi,ADA/USDT:USDT,0.827808,48.0,0.827793,2.0,0.827847,93.0,0.827882,27.0
1753600033390,07:07:13.390,huobi,ADA/USDT:USDT,0.827808,48.0,0.827793,2.0,0.827847,93.0,0.827882,27.0
1753600033429,07:07:13.429,huobi,ADA/USDT:USDT,0.827808,48.0,0.827793,2.0,0.827847,93.0,0.827882,27.0
1753600033449,07:07:13.449,huobi,ADA/USDT:USDT,0.827808,48.0,0.827793,2.0,0.827847,93.0,0.827882,27.0
1753600033478,07:07:13.478,huobi,ADA/USDT:USDT,0.827808,141.0,0.827793,2.0,0.827847,93.0,0.827882,27.0
1753600033514,07:07:13.514,huobi,ADA/USDT:USDT,0.827812,93.0,0.827808,48.0,0.827847,93.0,0.827882,27.0
1753600033543,07:07:13.543,huobi,ADA/USDT:USDT,0.827793,2.0,0.827792,847.0,0.827813,27.0,0.827847,93.0
1753600033565,07:07:13.565,huobi,ADA/USDT:USDT,0.827793,2.0,0.827792,847.0,0.827803,93.0,0.827813,27.0
1753600033608,07:07:13.608,huobi,ADA/USDT:USDT,0.827793,2.0,0.827792,847.0,0.827803,93.0,0.827813,27.0
1753600033633,07:07:13.633,huobi,ADA/USDT:USDT,0.827792,847.0,0.827765,93.0,0.827803,93.0,0.827813,27.0
1753600033655,07:07:13.655,huobi,ADA/USDT:USDT,0.827792,847.0,0.827699,96.0,0.827793,27.0,0.827813,27.0
1753600033689,07:07:13.689,huobi,ADA/USDT:USDT,0.827639,2.0,0.827591,77.0,0.827752,93.0,0.827792,300.0
1753600033718,07:07:13.718,huobi,ADA/USDT:USDT,0.827592,48.0,0.827488,94.0,0.82771,93.0,0.827732,196.0
1753600033748,07:07:13.748,huobi,ADA/USDT:USDT,0.827592,48.0,0.827498,77.0,0.82771,93.0,0.827732,196.0
1753600033776,07:07:13.776,huobi,ADA/USDT:USDT,0.827594,93.0,0.827592,48.0,0.827668,93.0,0.827709,27.0
1753600033806,07:07:13.806,huobi,ADA/USDT:USDT,0.827606,93.0,0.827595,48.0,0.827668,93.0,0.827709,27.0
1753600033852,07:07:13.852,huobi,ADA/USDT:USDT,0.827606,93.0,0.827595,48.0,0.827667,27.0,0.827709,27.0
1753600033870,07:07:13.870,huobi,ADA/USDT:USDT,0.827606,93.0,0.827595,48.0,0.827642,93.0,0.827667,27.0
1753600033905,07:07:13.905,huobi,ADA/USDT:USDT,0.827606,93.0,0.827595,48.0,0.827642,93.0,0.827667,27.0
1753600033932,07:07:13.932,huobi,ADA/USDT:USDT,0.827606,93.0,0.827595,48.0,0.827642,93.0,0.827667,27.0
1753600034001,07:07:14.001,huobi,ADA/USDT:USDT,0.827606,93.0,0.827595,48.0,0.827642,93.0,0.827709,27.0
1753600034014,07:07:14.014,huobi,ADA/USDT:USDT,0.827642,80.0,0.827641,96.0,0.827709,27.0,0.82771,93.0
1753600034047,07:07:14.047,huobi,ADA/USDT:USDT,0.827684,128.0,0.827683,93.0,0.827738,847.0,0.827751,27.0
1753600034076,07:07:14.076,huobi,ADA/USDT:USDT,0.827709,160.0,0.827684,48.0,0.827738,847.0,0.827751,27.0
1753600034111,07:07:14.111,huobi,ADA/USDT:USDT,0.827737,189.0,0.827684,48.0,0.827738,847.0,0.827792,300.0
1753600034151,07:07:14.151,huobi,ADA/USDT:USDT,0.827737,189.0,0.82771,48.0,0.827738,847.0,0.827793,93.0
1753600034184,07:07:14.184,huobi,ADA/USDT:USDT,0.827737,189.0,0.827641,93.0,0.827738,847.0,0.827793,93.0
1753600034200,07:07:14.200,huobi,ADA/USDT:USDT,0.827737,189.0,0.827641,93.0,0.827889,93.0,0.827931,93.0
1753600034234,07:07:14.234,huobi,ADA/USDT:USDT,0.827737,189.0,0.827641,93.0,0.827778,847.0,0.827847,93.0
1753600034259,07:07:14.259,huobi,ADA/USDT:USDT,0.827737,96.0,0.827641,93.0,0.827847,93.0,0.827888,327.0
1753600034284,07:07:14.284,huobi,ADA/USDT:USDT,0.827651,77.0,0.827641,93.0,0.827722,93.0,0.827738,27.0
1753600034313,07:07:14.313,huobi,ADA/USDT:USDT,0.827677,77.0,0.827587,2.0,0.827721,27.0,0.827722,93.0
1753600034346,07:07:14.346,huobi,ADA/USDT:USDT,0.827598,80.0,0.827597,77.0,0.82768,93.0,0.827721,27.0
1753600034376,07:07:14.376,huobi,ADA/USDT:USDT,0.827613,93.0,0.827588,48.0,0.82768,93.0,0.827721,27.0
1753600034407,07:07:14.407,huobi,ADA/USDT:USDT,0.827588,48.0,0.827587,2.0,0.827638,93.0,0.827679,27.0
1753600034436,07:07:14.436,huobi,ADA/USDT:USDT,0.827588,48.0,0.827587,2.0,0.827638,93.0,0.827679,27.0
1753600034465,07:07:14.465,huobi,ADA/USDT:USDT,0.827588,48.0,0.827587,2.0,0.827638,93.0,0.827679,27.0
1753600034496,07:07:14.496,huobi,ADA/USDT:USDT,0.827587,2.0,0.827586,847.0,0.827596,93.0,0.827637,27.0
1753600034525,07:07:14.525,huobi,ADA/USDT:USDT,0.827586,847.0,0.827552,93.0,0.827596,93.0,0.827637,27.0
1753600034568,07:07:14.568,huobi,ADA/USDT:USDT,0.827586,847.0,0.827552,93.0,0.827596,93.0,0.827637,27.0
1753600034592,07:07:14.592,huobi,ADA/USDT:USDT,0.827586,847.0,0.827552,93.0,0.827596,93.0,0.827637,27.0
1753600034631,07:07:14.631,huobi,ADA/USDT:USDT,0.827586,847.0,0.827552,93.0,0.827596,93.0,0.827637,27.0
1753600034645,07:07:14.645,huobi,ADA/USDT:USDT,0.827588,93.0,0.827586,847.0,0.827596,93.0,0.827637,27.0
1753600034701,07:07:14.701,huobi,ADA/USDT:USDT,0.827588,93.0,0.827586,847.0,0.827596,93.0,0.827637,27.0
1753600034707,07:07:14.707,huobi,ADA/USDT:USDT,0.827588,93.0,0.827586,847.0,0.827596,93.0,0.827637,27.0
1753600034764,07:07:14.764,huobi,ADA/USDT:USDT,0.827588,93.0,0.827586,847.0,0.827596,93.0,0.827637,27.0
1753600034768,07:07:14.768,huobi,ADA/USDT:USDT,0.827588,93.0,0.827586,847.0,0.827596,93.0,0.827637,27.0
1753600034797,07:07:14.797,huobi,ADA/USDT:USDT,0.827588,93.0,0.827586,847.0,0.827596,93.0,0.827637,27.0
1753600034836,07:07:14.836,huobi,ADA/USDT:USDT,0.827588,93.0,0.827586,847.0,0.827596,93.0,0.827637,27.0
1753600034864,07:07:14.864,huobi,ADA/USDT:USDT,0.827588,93.0,0.827586,847.0,0.827596,93.0,0.827637,27.0
1753600034889,07:07:14.889,huobi,ADA/USDT:USDT,0.827588,93.0,0.827586,847.0,0.827596,93.0,0.827637,27.0
1753600034953,07:07:14.953,huobi,ADA/USDT:USDT,0.827588,93.0,0.827586,847.0,0.827596,93.0,0.827637,27.0
1753600034978,07:07:14.978,huobi,ADA/USDT:USDT,0.827588,93.0,0.827586,847.0,0.827596,93.0,0.827637,27.0
1753600035019,07:07:15.019,huobi,ADA/USDT:USDT,0.827588,93.0,0.827586,847.0,0.827596,93.0,0.827637,27.0
1753600035037,07:07:15.037,huobi,ADA/USDT:USDT,0.827588,93.0,0.827586,847.0,0.827589,27.0,0.827596,93.0
1753600035070,07:07:15.070,huobi,ADA/USDT:USDT,0.827586,847.0,0.827488,94.0,0.827587,93.0,0.827589,27.0
1753600035145,07:07:15.145,huobi,ADA/USDT:USDT,0.827586,847.0,0.827488,94.0,0.827587,93.0,0.827589,27.0
1753600035145,07:07:15.145,huobi,ADA/USDT:USDT,0.827586,847.0,0.827488,94.0,0.827587,93.0,0.827589,27.0
1753600035175,07:07:15.175,huobi,ADA/USDT:USDT,0.827586,847.0,0.827488,94.0,0.827587,93.0,0.827589,27.0
1753600035188,07:07:15.188,huobi,ADA/USDT:USDT,0.827586,847.0,0.827488,94.0,0.827587,93.0,0.827589,27.0
1753600035307,07:07:15.307,huobi,ADA/USDT:USDT,0.827586,847.0,0.827488,94.0,0.827587,93.0,0.827589,27.0
1753600035338,07:07:15.338,huobi,ADA/USDT:USDT,0.827543,847.0,0.827488,94.0,0.827545,93.0,0.827586,27.0
1753600035375,07:07:15.375,huobi,ADA/USDT:USDT,0.827543,847.0,0.827488,94.0,0.827545,93.0,0.827586,27.0
1753600035421,07:07:15.421,huobi,ADA/USDT:USDT,0.827543,847.0,0.827488,94.0,0.827545,93.0,0.827586,27.0
1753600035425,07:07:15.425,huobi,ADA/USDT:USDT,0.827543,847.0,0.827488,94.0,0.827545,93.0,0.827586,27.0
1753600035459,07:07:15.459,huobi,ADA/USDT:USDT,0.827543,847.0,0.827488,94.0,0.827544,120.0,0.827586,27.0
1753600035487,07:07:15.487,huobi,ADA/USDT:USDT,0.827543,847.0,0.827488,94.0,0.827544,120.0,0.827586,27.0
1753600035514,07:07:15.514,huobi,ADA/USDT:USDT,0.827543,847.0,0.827488,94.0,0.827544,120.0,0.827586,27.0
1753600035732,07:07:15.732,huobi,ADA/USDT:USDT,0.827543,847.0,0.827488,94.0,0.827544,120.0,0.827586,27.0
1753600035794,07:07:15.794,huobi,ADA/USDT:USDT,0.827543,847.0,0.827488,94.0,0.827544,120.0,0.827586,27.0
1753600035872,07:07:15.872,huobi,ADA/USDT:USDT,0.827543,847.0,0.827488,94.0,0.827544,120.0,0.827586,27.0
1753600035876,07:07:15.876,huobi,ADA/USDT:USDT,0.827543,847.0,0.827488,94.0,0.827544,120.0,0.827586,27.0
1753600035904,07:07:15.904,huobi,ADA/USDT:USDT,0.827543,847.0,0.827488,94.0,0.827544,120.0,0.827586,27.0
1753600035941,07:07:15.941,huobi,ADA/USDT:USDT,0.827543,847.0,0.827488,94.0,0.827544,120.0,0.827586,27.0
1753600035972,07:07:15.972,huobi,ADA/USDT:USDT,0.827543,847.0,0.827488,94.0,0.827544,120.0,0.827586,27.0
1753600036033,07:07:16.033,huobi,ADA/USDT:USDT,0.827543,847.0,0.827488,94.0,0.827544,120.0,0.827586,27.0
1753600036130,07:07:16.130,huobi,ADA/USDT:USDT,0.827543,847.0,0.827488,94.0,0.827544,120.0,0.827586,27.0
1753600036155,07:07:16.155,huobi,ADA/USDT:USDT,0.827543,847.0,0.827488,94.0,0.827544,120.0,0.827586,27.0
1753600036196,07:07:16.196,huobi,ADA/USDT:USDT,0.827543,847.0,0.827488,94.0,0.827544,120.0,0.827586,27.0
1753600036252,07:07:16.252,huobi,ADA/USDT:USDT,0.827543,847.0,0.827488,94.0,0.827544,120.0,0.827586,27.0
1753600036318,07:07:16.318,huobi,ADA/USDT:USDT,0.827543,847.0,0.827488,94.0,0.827544,120.0,0.827586,27.0
1753600036343,07:07:16.343,huobi,ADA/USDT:USDT,0.827543,847.0,0.827488,94.0,0.827544,120.0,0.827586,27.0
1753600036399,07:07:16.399,huobi,ADA/USDT:USDT,0.827543,847.0,0.827488,94.0,0.827544,120.0,0.827586,27.0
1753600036414,07:07:16.414,huobi,ADA/USDT:USDT,0.827439,2.0,0.827404,93.0,0.827503,93.0,0.827544,120.0
1753600036450,07:07:16.450,huobi,ADA/USDT:USDT,0.827444,93.0,0.827439,2.0,0.827484,93.0,0.827503,27.0
1753600036476,07:07:16.476,huobi,ADA/USDT:USDT,0.827444,93.0,0.827413,77.0,0.827484,93.0,0.827503,27.0
1753600036506,07:07:16.506,huobi,ADA/USDT:USDT,0.827444,93.0,0.827413,77.0,0.827484,93.0,0.827503,27.0
1753600036539,07:07:16.539,huobi,ADA/USDT:USDT,0.827444,93.0,0.827413,77.0,0.827476,1468.0,0.827503,27.0
1753600036573,07:07:16.573,huobi,ADA/USDT:USDT,0.827444,93.0,0.827413,77.0,0.827471,93.0,0.827476,1468.0
1753600036594,07:07:16.594,huobi,ADA/USDT:USDT,0.827445,847.0,0.827444,93.0,0.827471,93.0,0.827476,1468.0
1753600036666,07:07:16.666,huobi,ADA/USDT:USDT,0.827445,847.0,0.827444,93.0,0.827471,93.0,0.827476,1468.0
1753600036666,07:07:16.666,huobi,ADA/USDT:USDT,0.827445,847.0,0.827413,77.0,0.827471,93.0,0.827476,1468.0
1753600036736,07:07:16.736,huobi,ADA/USDT:USDT,0.827445,847.0,0.827413,77.0,0.827471,93.0,0.827476,1468.0
1753600036793,07:07:16.793,huobi,ADA/USDT:USDT,0.827445,847.0,0.827413,77.0,0.827471,93.0,0.827476,1468.0
1753600036822,07:07:16.822,huobi,ADA/USDT:USDT,0.827445,847.0,0.827413,77.0,0.827471,93.0,0.827476,1468.0
1753600036841,07:07:16.841,huobi,ADA/USDT:USDT,0.827445,847.0,0.827413,77.0,0.827471,93.0,0.827476,1468.0
1753600036887,07:07:16.887,huobi,ADA/USDT:USDT,0.827445,847.0,0.827413,77.0,0.827471,93.0,0.827476,1468.0
1753600036898,07:07:16.898,huobi,ADA/USDT:USDT,0.827445,847.0,0.827413,77.0,0.827471,93.0,0.827476,1468.0
1753600036925,07:07:16.925,huobi,ADA/USDT:USDT,0.827445,847.0,0.827413,77.0,0.827471,93.0,0.827476,1468.0
1753600036975,07:07:16.975,huobi,ADA/USDT:USDT,0.827445,847.0,0.827413,77.0,0.827471,93.0,0.827476,1468.0
1753600037079,07:07:17.079,huobi,ADA/USDT:USDT,0.827445,847.0,0.827413,77.0,0.827471,93.0,0.827476,1468.0
1753600037104,07:07:17.104,huobi,ADA/USDT:USDT,0.827445,847.0,0.827413,77.0,0.827446,93.0,0.82747,27.0
1753600037137,07:07:17.137,huobi,ADA/USDT:USDT,0.827445,847.0,0.827413,77.0,0.827446,93.0,0.82747,27.0
1753600037165,07:07:17.165,huobi,ADA/USDT:USDT,0.827445,847.0,0.827413,77.0,0.827446,93.0,0.82747,27.0
1753600037220,07:07:17.220,huobi,ADA/USDT:USDT,0.827445,847.0,0.827413,77.0,0.827446,93.0,0.82747,27.0
1753600037229,07:07:17.229,huobi,ADA/USDT:USDT,0.827413,77.0,0.827402,93.0,0.827446,93.0,0.82747,27.0
1753600037273,07:07:17.273,huobi,ADA/USDT:USDT,0.827402,93.0,0.827339,2.0,0.827446,93.0,0.82747,27.0
1753600037298,07:07:17.298,huobi,ADA/USDT:USDT,0.827402,93.0,0.827339,2.0,0.827446,93.0,0.82747,27.0
1753600037325,07:07:17.325,huobi,ADA/USDT:USDT,0.827403,847.0,0.827402,93.0,0.827446,93.0,0.82747,27.0
1753600037359,07:07:17.359,huobi,ADA/USDT:USDT,0.827403,924.0,0.827402,93.0,0.827446,93.0,0.82747,27.0
1753600037375,07:07:17.375,huobi,ADA/USDT:USDT,0.827403,924.0,0.827402,93.0,0.827446,93.0,0.82747,27.0
1753600037421,07:07:17.421,huobi,ADA/USDT:USDT,0.827403,924.0,0.827402,93.0,0.827446,93.0,0.82747,27.0
1753600037449,07:07:17.449,huobi,ADA/USDT:USDT,0.827403,924.0,0.827402,93.0,0.827446,93.0,0.82747,27.0
1753600037510,07:07:17.510,huobi,ADA/USDT:USDT,0.827403,924.0,0.827402,93.0,0.827446,93.0,0.82747,27.0
1753600037543,07:07:17.543,huobi,ADA/USDT:USDT,0.827403,924.0,0.827402,93.0,0.827446,93.0,0.82747,27.0
1753600037576,07:07:17.576,huobi,ADA/USDT:USDT,0.827403,924.0,0.827402,93.0,0.827446,93.0,0.82747,27.0
1753600037603,07:07:17.603,huobi,ADA/USDT:USDT,0.827403,924.0,0.827402,93.0,0.827446,93.0,0.82747,27.0
1753600037614,07:07:17.614,huobi,ADA/USDT:USDT,0.827403,924.0,0.827338,1486.0,0.827446,93.0,0.82747,27.0
1753600037664,07:07:17.664,huobi,ADA/USDT:USDT,0.827416,93.0,0.827403,924.0,0.827446,93.0,0.82747,27.0
1753600037687,07:07:17.687,huobi,ADA/USDT:USDT,0.827416,93.0,0.827403,924.0,0.827446,93.0,0.82747,27.0
1753600037714,07:07:17.714,huobi,ADA/USDT:USDT,0.827416,93.0,0.827403,924.0,0.827446,93.0,0.82747,27.0
1753600037745,07:07:17.745,huobi,ADA/USDT:USDT,0.827416,93.0,0.827403,924.0,0.827446,93.0,0.82747,27.0
1753600037805,07:07:17.805,huobi,ADA/USDT:USDT,0.827416,93.0,0.827403,847.0,0.827446,93.0,0.82747,27.0
1753600037829,07:07:17.829,huobi,ADA/USDT:USDT,0.827416,93.0,0.827403,847.0,0.827431,93.0,0.827445,27.0
1753600037935,07:07:17.935,huobi,ADA/USDT:USDT,0.827416,93.0,0.827403,847.0,0.827431,93.0,0.827445,27.0
1753600037968,07:07:17.968,huobi,ADA/USDT:USDT,0.827416,93.0,0.827403,847.0,0.827431,93.0,0.827445,27.0
1753600038048,07:07:18.048,huobi,ADA/USDT:USDT,0.827416,93.0,0.827403,847.0,0.827431,93.0,0.827445,27.0
1753600038071,07:07:18.071,huobi,ADA/USDT:USDT,0.827416,93.0,0.827403,847.0,0.827431,93.0,0.827445,27.0
1753600038094,07:07:18.094,huobi,ADA/USDT:USDT,0.827416,93.0,0.827403,847.0,0.827431,93.0,0.827445,27.0
1753600038127,07:07:18.127,huobi,ADA/USDT:USDT,0.827416,93.0,0.827403,847.0,0.827431,93.0,0.827445,27.0
1753600038156,07:07:18.156,huobi,ADA/USDT:USDT,0.827416,93.0,0.827403,847.0,0.827431,93.0,0.827445,27.0
1753600038238,07:07:18.238,huobi,ADA/USDT:USDT,0.827416,93.0,0.827403,847.0,0.827431,93.0,0.827445,27.0
1753600038363,07:07:18.363,huobi,ADA/USDT:USDT,0.827416,93.0,0.827403,847.0,0.827431,93.0,0.827445,27.0
1753600038379,07:07:18.379,huobi,ADA/USDT:USDT,0.827416,93.0,0.827403,847.0,0.827431,93.0,0.827445,27.0
1753600038398,07:07:18.398,huobi,ADA/USDT:USDT,0.827416,93.0,0.827403,847.0,0.827431,93.0,0.827445,27.0
1753600038474,07:07:18.474,huobi,ADA/USDT:USDT,0.827416,93.0,0.827403,847.0,0.827431,93.0,0.827445,27.0
1753600038518,07:07:18.518,huobi,ADA/USDT:USDT,0.827416,93.0,0.827403,847.0,0.827431,93.0,0.827445,27.0
1753600038746,07:07:18.746,huobi,ADA/USDT:USDT,0.827416,93.0,0.827403,847.0,0.827431,93.0,0.827445,27.0
1753600038794,07:07:18.794,huobi,ADA/USDT:USDT,0.827416,93.0,0.827403,847.0,0.827431,93.0,0.827445,27.0
1753600038864,07:07:18.864,huobi,ADA/USDT:USDT,0.827416,93.0,0.827403,847.0,0.827431,93.0,0.827445,27.0
1753600038885,07:07:18.885,huobi,ADA/USDT:USDT,0.827416,93.0,0.827403,847.0,0.827431,93.0,0.827445,27.0
1753600038988,07:07:18.988,huobi,ADA/USDT:USDT,0.827416,93.0,0.827403,847.0,0.827431,93.0,0.827445,27.0
1753600039013,07:07:19.013,huobi,ADA/USDT:USDT,0.827416,93.0,0.827403,847.0,0.827431,93.0,0.827445,27.0
1753600039075,07:07:19.075,huobi,ADA/USDT:USDT,0.827416,93.0,0.827403,847.0,0.827431,93.0,0.827445,27.0
1753600039111,07:07:19.111,huobi,ADA/USDT:USDT,0.827416,93.0,0.827403,847.0,0.827431,93.0,0.827445,27.0
1753600039122,07:07:19.122,huobi,ADA/USDT:USDT,0.827416,93.0,0.827403,847.0,0.827431,93.0,0.827445,27.0
1753600039154,07:07:19.154,huobi,ADA/USDT:USDT,0.827416,93.0,0.827403,847.0,0.827431,93.0,0.827445,27.0
1753600039178,07:07:19.178,huobi,ADA/USDT:USDT,0.827416,93.0,0.827403,847.0,0.827431,93.0,0.827445,27.0
1753600039217,07:07:19.217,huobi,ADA/USDT:USDT,0.827416,93.0,0.827403,847.0,0.827431,93.0,0.827445,27.0
1753600039249,07:07:19.249,huobi,ADA/USDT:USDT,0.827416,93.0,0.827403,847.0,0.827431,93.0,0.827445,27.0
1753600039287,07:07:19.287,huobi,ADA/USDT:USDT,0.827416,93.0,0.827403,847.0,0.827431,93.0,0.827445,27.0
1753600039297,07:07:19.297,huobi,ADA/USDT:USDT,0.827416,93.0,0.827403,847.0,0.827431,93.0,0.827445,27.0
1753600039345,07:07:19.345,huobi,ADA/USDT:USDT,0.827416,93.0,0.827403,847.0,0.827431,93.0,0.827445,27.0
1753600039359,07:07:19.359,huobi,ADA/USDT:USDT,0.827416,93.0,0.827403,847.0,0.827431,93.0,0.827445,27.0
1753600039396,07:07:19.396,huobi,ADA/USDT:USDT,0.827416,93.0,0.827403,847.0,0.827431,93.0,0.827445,27.0
1753600039473,07:07:19.473,huobi,ADA/USDT:USDT,0.827416,93.0,0.827403,847.0,0.827431,93.0,0.827445,27.0
1753600039498,07:07:19.498,huobi,ADA/USDT:USDT,0.827416,93.0,0.827403,847.0,0.827431,93.0,0.827445,27.0
1753600039556,07:07:19.556,huobi,ADA/USDT:USDT,0.827416,93.0,0.827403,847.0,0.827431,93.0,0.827445,27.0
1753600039578,07:07:19.578,huobi,ADA/USDT:USDT,0.827416,93.0,0.827403,847.0,0.827431,93.0,0.827445,27.0
1753600039611,07:07:19.611,huobi,ADA/USDT:USDT,0.827416,93.0,0.827403,847.0,0.827431,93.0,0.827445,27.0
1753600039656,07:07:19.656,huobi,ADA/USDT:USDT,0.827416,93.0,0.827403,847.0,0.827431,93.0,0.827445,27.0
1753600039685,07:07:19.685,huobi,ADA/USDT:USDT,0.827416,93.0,0.827403,847.0,0.827431,93.0,0.827445,27.0
1753600039738,07:07:19.738,huobi,ADA/USDT:USDT,0.827416,93.0,0.827403,847.0,0.827431,93.0,0.827445,27.0
1753600039905,07:07:19.905,huobi,ADA/USDT:USDT,0.827416,93.0,0.827403,847.0,0.827431,93.0,0.827445,27.0
1753600039961,07:07:19.961,huobi,ADA/USDT:USDT,0.827416,93.0,0.827403,847.0,0.827431,93.0,0.827445,27.0
1753600040002,07:07:20.002,huobi,ADA/USDT:USDT,0.827416,93.0,0.827403,847.0,0.827431,93.0,0.827445,27.0
1753600040053,07:07:20.053,huobi,ADA/USDT:USDT,0.827416,93.0,0.827403,847.0,0.827431,93.0,0.827445,27.0
1753600040094,07:07:20.094,huobi,ADA/USDT:USDT,0.827416,93.0,0.827403,847.0,0.827431,93.0,0.827445,27.0
1753600040161,07:07:20.161,huobi,ADA/USDT:USDT,0.827416,93.0,0.827403,847.0,0.827431,93.0,0.827445,27.0
1753600040164,07:07:20.164,huobi,ADA/USDT:USDT,0.827416,93.0,0.827403,847.0,0.827431,93.0,0.827445,27.0
1753600040211,07:07:20.211,huobi,ADA/USDT:USDT,0.827416,93.0,0.827403,847.0,0.827431,93.0,0.827445,27.0
1753600040264,07:07:20.264,huobi,ADA/USDT:USDT,0.827416,93.0,0.827403,847.0,0.827431,93.0,0.827445,27.0
1753600040288,07:07:20.288,huobi,ADA/USDT:USDT,0.827416,93.0,0.827403,847.0,0.827431,93.0,0.827445,27.0
1753600040320,07:07:20.320,huobi,ADA/USDT:USDT,0.827416,93.0,0.827403,847.0,0.827431,93.0,0.827445,27.0
1753600040390,07:07:20.390,huobi,ADA/USDT:USDT,0.827416,93.0,0.827403,847.0,0.827431,93.0,0.827445,27.0
1753600040452,07:07:20.452,huobi,ADA/USDT:USDT,0.827416,93.0,0.827403,847.0,0.827431,93.0,0.827445,27.0
1753600040466,07:07:20.466,huobi,ADA/USDT:USDT,0.827416,93.0,0.827403,847.0,0.827431,93.0,0.827445,27.0
1753600040528,07:07:20.528,huobi,ADA/USDT:USDT,0.827416,93.0,0.827403,847.0,0.827431,93.0,0.827445,27.0
1753600040559,07:07:20.559,huobi,ADA/USDT:USDT,0.827416,93.0,0.827403,847.0,0.827431,93.0,0.827445,27.0
1753600040608,07:07:20.608,huobi,ADA/USDT:USDT,0.827416,93.0,0.827403,847.0,0.827431,93.0,0.827445,27.0
1753600040646,07:07:20.646,huobi,ADA/USDT:USDT,0.827416,93.0,0.827403,847.0,0.827431,93.0,0.827445,27.0
1753600040676,07:07:20.676,huobi,ADA/USDT:USDT,0.827416,93.0,0.827403,847.0,0.827431,93.0,0.827445,27.0
1753600040711,07:07:20.711,huobi,ADA/USDT:USDT,0.827403,847.0,0.827374,93.0,0.827431,93.0,0.827445,27.0
1753600040741,07:07:20.741,huobi,ADA/USDT:USDT,0.827403,847.0,0.827374,93.0,0.827431,93.0,0.827445,27.0
1753600040779,07:07:20.779,huobi,ADA/USDT:USDT,0.827403,847.0,0.827374,93.0,0.827431,93.0,0.827445,27.0
1753600040811,07:07:20.811,huobi,ADA/USDT:USDT,0.827403,847.0,0.827374,93.0,0.827431,93.0,0.827445,27.0
1753600040832,07:07:20.832,huobi,ADA/USDT:USDT,0.827403,847.0,0.827374,93.0,0.827431,93.0,0.827445,27.0
1753600040859,07:07:20.859,huobi,ADA/USDT:USDT,0.827403,847.0,0.827374,93.0,0.827431,93.0,0.827445,27.0
1753600040909,07:07:20.909,huobi,ADA/USDT:USDT,0.827403,847.0,0.827374,93.0,0.827431,93.0,0.827445,27.0
1753600040917,07:07:20.917,huobi,ADA/USDT:USDT,0.827403,847.0,0.827374,93.0,0.827431,93.0,0.827445,27.0
1753600041035,07:07:21.035,huobi,ADA/USDT:USDT,0.827403,847.0,0.827374,93.0,0.827431,93.0,0.827445,27.0
1753600041245,07:07:21.245,huobi,ADA/USDT:USDT,0.827403,847.0,0.827374,93.0,0.827431,93.0,0.827445,27.0
1753600041293,07:07:21.293,huobi,ADA/USDT:USDT,0.827403,847.0,0.827374,93.0,0.827431,93.0,0.827445,27.0
1753600041309,07:07:21.309,huobi,ADA/USDT:USDT,0.827403,847.0,0.827374,93.0,0.827431,93.0,0.827445,27.0
1753600041334,07:07:21.334,huobi,ADA/USDT:USDT,0.827411,95.0,0.827403,924.0,0.827431,93.0,0.827445,27.0
1753600041384,07:07:21.384,huobi,ADA/USDT:USDT,0.827411,95.0,0.827404,77.0,0.827431,93.0,0.827445,27.0
1753600041453,07:07:21.453,huobi,ADA/USDT:USDT,0.827411,95.0,0.827403,847.0,0.827431,93.0,0.827445,27.0
1753600041552,07:07:21.552,huobi,ADA/USDT:USDT,0.827411,95.0,0.827403,847.0,0.827431,93.0,0.827445,27.0
1753600041586,07:07:21.586,huobi,ADA/USDT:USDT,0.827411,95.0,0.827403,847.0,0.827431,93.0,0.827445,27.0
1753600041648,07:07:21.648,huobi,ADA/USDT:USDT,0.827411,95.0,0.827403,847.0,0.827431,93.0,0.827445,27.0
1753600041684,07:07:21.684,huobi,ADA/USDT:USDT,0.827411,95.0,0.827403,847.0,0.827431,93.0,0.827445,27.0
1753600041722,07:07:21.722,huobi,ADA/USDT:USDT,0.827411,95.0,0.827403,847.0,0.827431,93.0,0.827445,27.0
1753600041783,07:07:21.783,huobi,ADA/USDT:USDT,0.827411,95.0,0.827403,847.0,0.827431,93.0,0.827445,27.0
1753600041792,07:07:21.792,huobi,ADA/USDT:USDT,0.827411,95.0,0.827403,847.0,0.827431,93.0,0.827445,27.0
1753600041871,07:07:21.871,huobi,ADA/USDT:USDT,0.827411,95.0,0.827403,847.0,0.827431,93.0,0.827445,27.0
1753600041893,07:07:21.893,huobi,ADA/USDT:USDT,0.827411,95.0,0.827403,847.0,0.827431,93.0,0.827445,27.0
1753600041954,07:07:21.954,huobi,ADA/USDT:USDT,0.827411,95.0,0.827403,847.0,0.827431,93.0,0.827445,27.0
1753600041996,07:07:21.996,huobi,ADA/USDT:USDT,0.827411,95.0,0.827403,847.0,0.827431,93.0,0.827445,27.0
1753600042047,07:07:22.047,huobi,ADA/USDT:USDT,0.827411,95.0,0.827403,847.0,0.827431,93.0,0.827445,27.0
1753600042055,07:07:22.055,huobi,ADA/USDT:USDT,0.827411,95.0,0.827403,847.0,0.827431,93.0,0.827445,27.0
1753600042128,07:07:22.128,huobi,ADA/USDT:USDT,0.827411,95.0,0.827403,847.0,0.827431,93.0,0.827445,27.0
1753600042162,07:07:22.162,huobi,ADA/USDT:USDT,0.827411,95.0,0.827403,847.0,0.827431,93.0,0.827445,27.0
1753600042200,07:07:22.200,huobi,ADA/USDT:USDT,0.827411,95.0,0.827403,847.0,0.827431,93.0,0.827445,27.0
1753600042239,07:07:22.239,huobi,ADA/USDT:USDT,0.827411,95.0,0.827403,847.0,0.827431,93.0,0.827445,27.0
1753600042298,07:07:22.298,huobi,ADA/USDT:USDT,0.827411,95.0,0.827403,847.0,0.827431,93.0,0.827445,27.0
1753600042325,07:07:22.325,huobi,ADA/USDT:USDT,0.827403,847.0,0.827369,95.0,0.82743,27.0,0.827431,93.0
1753600042355,07:07:22.355,huobi,ADA/USDT:USDT,0.827403,847.0,0.827369,95.0,0.827404,95.0,0.82743,27.0
1753600042394,07:07:22.394,huobi,ADA/USDT:USDT,0.827403,847.0,0.827369,95.0,0.827404,95.0,0.82743,27.0
1753600042669,07:07:22.669,huobi,ADA/USDT:USDT,0.827403,847.0,0.827369,95.0,0.827404,95.0,0.82743,27.0
1753600042827,07:07:22.827,huobi,ADA/USDT:USDT,0.827403,847.0,0.827369,95.0,0.82743,27.0,0.827445,27.0
1753600042836,07:07:22.836,huobi,ADA/USDT:USDT,0.827404,80.0,0.827403,847.0,0.82743,27.0,0.827445,27.0
1753600042866,07:07:22.866,huobi,ADA/USDT:USDT,0.827406,175.0,0.827403,847.0,0.82743,27.0,0.827445,27.0
1753600042902,07:07:22.902,huobi,ADA/USDT:USDT,0.827406,175.0,0.827403,847.0,0.827407,27.0,0.82743,27.0
1753600042928,07:07:22.928,huobi,ADA/USDT:USDT,0.827406,80.0,0.827403,847.0,0.827407,27.0,0.82743,27.0
1753600042958,07:07:22.958,huobi,ADA/USDT:USDT,0.827406,80.0,0.827403,847.0,0.827407,122.0,0.82742,95.0
1753600042999,07:07:22.999,huobi,ADA/USDT:USDT,0.827406,80.0,0.827403,847.0,0.827407,122.0,0.82743,27.0
1753600043013,07:07:23.013,huobi,ADA/USDT:USDT,0.827406,80.0,0.827403,847.0,0.827407,122.0,0.82743,27.0
1753600043165,07:07:23.165,huobi,ADA/USDT:USDT,0.827406,80.0,0.827403,847.0,0.827407,122.0,0.82743,27.0
1753600043220,07:07:23.220,huobi,ADA/USDT:USDT,0.827406,80.0,0.827403,847.0,0.827407,122.0,0.82743,27.0
1753600043275,07:07:23.275,huobi,ADA/USDT:USDT,0.827406,80.0,0.827403,847.0,0.827407,122.0,0.82743,27.0
1753600043378,07:07:23.378,huobi,ADA/USDT:USDT,0.827406,80.0,0.827403,847.0,0.827407,122.0,0.82743,27.0
1753600043511,07:07:23.511,huobi,ADA/USDT:USDT,0.827406,80.0,0.827403,847.0,0.827407,122.0,0.82743,27.0
1753600043527,07:07:23.527,huobi,ADA/USDT:USDT,0.827276,97.0,0.827221,196.0,0.827404,27.0,0.827407,27.0
1753600043554,07:07:23.554,huobi,ADA/USDT:USDT,0.82728,77.0,0.827276,97.0,0.827363,95.0,0.827404,122.0
1753600043588,07:07:23.588,huobi,ADA/USDT:USDT,0.827222,2.0,0.827204,77.0,0.827363,95.0,0.827404,122.0
1753600043613,07:07:23.613,huobi,ADA/USDT:USDT,0.827204,77.0,0.827181,2.0,0.827321,95.0,0.827362,27.0
1753600043653,07:07:23.653,huobi,ADA/USDT:USDT,0.827225,95.0,0.82719,77.0,0.827321,95.0,0.827361,300.0
1753600043690,07:07:23.690,huobi,ADA/USDT:USDT,0.827225,95.0,0.82719,77.0,0.827279,95.0,0.82732,27.0
1753600043709,07:07:23.709,huobi,ADA/USDT:USDT,0.827225,95.0,0.82719,77.0,0.827279,95.0,0.82732,27.0
1753600043735,07:07:23.735,huobi,ADA/USDT:USDT,0.827225,95.0,0.827181,2.0,0.827279,95.0,0.82732,27.0
1753600043774,07:07:23.774,huobi,ADA/USDT:USDT,0.827225,95.0,0.827181,2.0,0.827253,95.0,0.827278,27.0
1753600043810,07:07:23.810,huobi,ADA/USDT:USDT,0.827225,95.0,0.827181,2.0,0.827253,95.0,0.827278,27.0
1753600043826,07:07:23.826,huobi,ADA/USDT:USDT,0.827226,847.0,0.827225,95.0,0.827253,95.0,0.827278,27.0
1753600043853,07:07:23.853,huobi,ADA/USDT:USDT,0.827226,847.0,0.827225,95.0,0.827253,95.0,0.827275,1468.0
1753600043883,07:07:23.883,huobi,ADA/USDT:USDT,0.827226,847.0,0.827225,95.0,0.827251,95.0,0.827252,27.0
1753600043915,07:07:23.915,huobi,ADA/USDT:USDT,0.827229,95.0,0.827226,847.0,0.827251,95.0,0.827252,27.0
1753600043960,07:07:23.960,huobi,ADA/USDT:USDT,0.827229,95.0,0.827226,847.0,0.827251,122.0,0.827252,27.0
1753600044006,07:07:24.006,huobi,ADA/USDT:USDT,0.827229,95.0,0.827226,847.0,0.827251,122.0,0.827252,27.0
1753600044159,07:07:24.159,huobi,ADA/USDT:USDT,0.827229,95.0,0.827226,847.0,0.827251,122.0,0.827252,27.0
1753600044160,07:07:24.160,huobi,ADA/USDT:USDT,0.827229,95.0,0.827226,847.0,0.82723,27.0,0.82725,95.0
1753600044199,07:07:24.199,huobi,ADA/USDT:USDT,0.827229,95.0,0.827226,847.0,0.82723,27.0,0.82725,95.0
1753600044223,07:07:24.223,huobi,ADA/USDT:USDT,0.827229,95.0,0.827226,847.0,0.82723,27.0,0.82725,95.0
1753600044265,07:07:24.265,huobi,ADA/USDT:USDT,0.827229,95.0,0.827226,847.0,0.82723,27.0,0.82725,95.0
1753600044304,07:07:24.304,huobi,ADA/USDT:USDT,0.827229,95.0,0.827226,847.0,0.82723,27.0,0.82725,95.0
1753600044364,07:07:24.364,huobi,ADA/USDT:USDT,0.827229,95.0,0.827226,847.0,0.82723,27.0,0.82725,95.0
1753600044371,07:07:24.371,huobi,ADA/USDT:USDT,0.827229,95.0,0.827226,847.0,0.82723,27.0,0.82725,95.0
1753600044467,07:07:24.467,huobi,ADA/USDT:USDT,0.827229,95.0,0.827226,847.0,0.82723,27.0,0.82725,95.0
1753600044497,07:07:24.497,huobi,ADA/USDT:USDT,0.827229,95.0,0.827226,847.0,0.82723,27.0,0.82725,95.0
1753600044615,07:07:24.615,huobi,ADA/USDT:USDT,0.827229,95.0,0.827226,847.0,0.82723,27.0,0.82725,95.0
1753600044659,07:07:24.659,huobi,ADA/USDT:USDT,0.827229,95.0,0.827226,847.0,0.82723,27.0,0.827251,27.0
1753600044677,07:07:24.677,huobi,ADA/USDT:USDT,0.827226,847.0,0.82718,7320.0,0.827227,27.0,0.82723,27.0
1753600044792,07:07:24.792,huobi,ADA/USDT:USDT,0.827226,847.0,0.827181,2.0,0.827227,122.0,0.82723,27.0
1753600044814,07:07:24.814,huobi,ADA/USDT:USDT,0.827181,2.0,0.827152,97.0,0.82721,95.0,0.827227,27.0
1753600044844,07:07:24.844,huobi,ADA/USDT:USDT,0.82711,95.0,0.827068,95.0,0.82721,95.0,0.827227,27.0
1753600044877,07:07:24.877,huobi,ADA/USDT:USDT,0.827134,95.0,0.827111,48.0,0.82721,95.0,0.827227,27.0
1753600044908,07:07:24.908,huobi,ADA/USDT:USDT,0.827135,847.0,0.827134,95.0,0.82721,95.0,0.827226,1468.0
1753600044941,07:07:24.941,huobi,ADA/USDT:USDT,0.827137,77.0,0.827136,2.0,0.82721,95.0,0.827226,1468.0
1753600045045,07:07:25.045,huobi,ADA/USDT:USDT,0.827137,77.0,0.827136,2.0,0.827168,95.0,0.827209,27.0
1753600045060,07:07:25.060,huobi,ADA/USDT:USDT,0.827139,95.0,0.827137,77.0,0.827168,95.0,0.827209,27.0
1753600045085,07:07:25.085,huobi,ADA/USDT:USDT,0.827148,77.0,0.827139,95.0,0.827168,95.0,0.827209,27.0
1753600045120,07:07:25.120,huobi,ADA/USDT:USDT,0.827157,95.0,0.827148,172.0,0.827168,95.0,0.827209,27.0
1753600045148,07:07:25.148,huobi,ADA/USDT:USDT,0.827157,95.0,0.827148,77.0,0.827168,95.0,0.827209,27.0
1753600045395,07:07:25.395,huobi,ADA/USDT:USDT,0.827157,95.0,0.827135,847.0,0.827168,95.0,0.827209,27.0
1753600045468,07:07:25.468,huobi,ADA/USDT:USDT,0.827157,95.0,0.827135,847.0,0.827168,95.0,0.827209,27.0
1753600045541,07:07:25.541,huobi,ADA/USDT:USDT,0.827157,95.0,0.827135,847.0,0.827168,95.0,0.827209,27.0
1753600045608,07:07:25.608,huobi,ADA/USDT:USDT,0.827157,95.0,0.827135,847.0,0.827168,95.0,0.827209,27.0
1753600045626,07:07:25.626,huobi,ADA/USDT:USDT,0.827157,95.0,0.827135,847.0,0.827168,95.0,0.827209,27.0
1753600045859,07:07:25.859,huobi,ADA/USDT:USDT,0.827157,95.0,0.827135,847.0,0.827168,95.0,0.827209,27.0
1753600045917,07:07:25.917,huobi,ADA/USDT:USDT,0.827159,77.0,0.827157,95.0,0.827168,95.0,0.827209,27.0
1753600045950,07:07:25.950,huobi,ADA/USDT:USDT,0.827157,95.0,0.827135,847.0,0.827168,95.0,0.827209,27.0
1753600045960,07:07:25.960,huobi,ADA/USDT:USDT,0.827159,77.0,0.827157,95.0,0.827168,95.0,0.827209,27.0
1753600046032,07:07:26.032,huobi,ADA/USDT:USDT,0.827159,77.0,0.827135,847.0,0.827168,95.0,0.827209,27.0
1753600046048,07:07:26.048,huobi,ADA/USDT:USDT,0.827166,95.0,0.827135,847.0,0.827168,95.0,0.827209,27.0
1753600046093,07:07:26.093,huobi,ADA/USDT:USDT,0.827167,77.0,0.827136,2.0,0.827168,95.0,0.827209,27.0
1753600046107,07:07:26.107,huobi,ADA/USDT:USDT,0.827167,172.0,0.827145,77.0,0.827168,95.0,0.827209,27.0
1753600046241,07:07:26.241,huobi,ADA/USDT:USDT,0.827167,95.0,0.827145,77.0,0.827168,95.0,0.827209,27.0
1753600047052,07:07:27.052,huobi,ADA/USDT:USDT,0.827167,48.0,0.827145,77.0,0.827168,95.0,0.827209,27.0
1753600047310,07:07:27.310,huobi,ADA/USDT:USDT,0.827167,48.0,0.827145,77.0,0.827168,95.0,0.827209,27.0
1753600047340,07:07:27.340,huobi,ADA/USDT:USDT,0.827136,2.0,0.827135,847.0,0.827167,27.0,0.827168,95.0
1753600047433,07:07:27.433,huobi,ADA/USDT:USDT,0.827135,847.0,0.827068,95.0,0.827137,95.0,0.827167,27.0
1753600047465,07:07:27.465,huobi,ADA/USDT:USDT,0.827135,847.0,0.827068,95.0,0.827137,95.0,0.827167,27.0
1753600047517,07:07:27.517,huobi,ADA/USDT:USDT,0.827135,847.0,0.827068,95.0,0.827137,95.0,0.827167,27.0
1753600047558,07:07:27.558,huobi,ADA/USDT:USDT,0.827135,847.0,0.827068,95.0,0.827136,27.0,0.827167,27.0
1753600047669,07:07:27.669,huobi,ADA/USDT:USDT,0.827135,847.0,0.827068,95.0,0.827136,122.0,0.827167,27.0
1753600047704,07:07:27.704,huobi,ADA/USDT:USDT,0.827135,847.0,0.827068,95.0,0.827136,122.0,0.827167,27.0
1753600048020,07:07:28.020,huobi,ADA/USDT:USDT,0.827135,847.0,0.827068,95.0,0.827136,122.0,0.827167,27.0
1753600048025,07:07:28.025,huobi,ADA/USDT:USDT,0.827135,847.0,0.827068,95.0,0.827136,122.0,0.827167,27.0
1753600048111,07:07:28.111,huobi,ADA/USDT:USDT,0.827135,847.0,0.827068,95.0,0.827136,122.0,0.827167,27.0
1753600048115,07:07:28.115,huobi,ADA/USDT:USDT,0.827135,847.0,0.827068,95.0,0.827136,122.0,0.827167,27.0
1753600048150,07:07:28.150,huobi,ADA/USDT:USDT,0.827135,847.0,0.827068,95.0,0.827136,122.0,0.827167,27.0
1753600048380,07:07:28.380,huobi,ADA/USDT:USDT,0.827135,847.0,0.827068,95.0,0.827136,122.0,0.827167,27.0
1753600048582,07:07:28.582,huobi,ADA/USDT:USDT,0.827135,847.0,0.827068,95.0,0.827136,122.0,0.827167,27.0
1753600048594,07:07:28.594,huobi,ADA/USDT:USDT,0.827135,847.0,0.827068,95.0,0.827136,122.0,0.827167,27.0
1753600048627,07:07:28.627,huobi,ADA/USDT:USDT,0.827135,847.0,0.827068,95.0,0.827136,122.0,0.827167,27.0
1753600048723,07:07:28.723,huobi,ADA/USDT:USDT,0.827135,847.0,0.827068,95.0,0.827136,122.0,0.827167,27.0
1753600048770,07:07:28.770,huobi,ADA/USDT:USDT,0.827135,847.0,0.827068,95.0,0.827136,27.0,0.827167,27.0
1753600048825,07:07:28.825,huobi,ADA/USDT:USDT,0.827135,927.0,0.827068,95.0,0.827136,27.0,0.827167,27.0
1753600048837,07:07:28.837,huobi,ADA/USDT:USDT,0.827136,48.0,0.827135,927.0,0.827167,27.0,0.827174,1468.0
1753600048910,07:07:28.910,huobi,ADA/USDT:USDT,0.827157,95.0,0.827136,48.0,0.827167,27.0,0.827174,1468.0
1753600048961,07:07:28.961,huobi,ADA/USDT:USDT,0.827157,95.0,0.827136,48.0,0.827167,27.0,0.827174,1468.0
1753600048999,07:07:28.999,huobi,ADA/USDT:USDT,0.827157,95.0,0.827136,48.0,0.827167,27.0,0.827174,1468.0
1753600049028,07:07:29.028,huobi,ADA/USDT:USDT,0.827157,95.0,0.827136,48.0,0.827167,27.0,0.827174,1468.0
1753600049085,07:07:29.085,huobi,ADA/USDT:USDT,0.827157,95.0,0.827136,48.0,0.827167,27.0,0.827174,1468.0
1753600049632,07:07:29.632,huobi,ADA/USDT:USDT,0.827157,95.0,0.827136,48.0,0.827167,27.0,0.827174,1468.0
1753600049650,07:07:29.650,huobi,ADA/USDT:USDT,0.827166,48.0,0.827158,80.0,0.827174,1468.0,0.827209,27.0
1753600049674,07:07:29.674,huobi,ADA/USDT:USDT,0.827173,428.0,0.827136,2.0,0.827174,1468.0,0.82721,95.0
1753600049729,07:07:29.729,huobi,ADA/USDT:USDT,0.827173,428.0,0.827136,2.0,0.827174,1468.0,0.82721,95.0
1753600049782,07:07:29.782,huobi,ADA/USDT:USDT,0.827173,428.0,0.827136,2.0,0.827174,1468.0,0.82721,95.0
1753600049805,07:07:29.805,huobi,ADA/USDT:USDT,0.827173,428.0,0.827136,2.0,0.827174,1468.0,0.82721,95.0
1753600049883,07:07:29.883,huobi,ADA/USDT:USDT,0.827173,351.0,0.827115,95.0,0.827174,1468.0,0.82721,95.0
1753600049887,07:07:29.887,huobi,ADA/USDT:USDT,0.827173,1198.0,0.827115,95.0,0.827174,1468.0,0.82721,95.0
1753600050219,07:07:30.219,huobi,ADA/USDT:USDT,0.827173,1275.0,0.827115,95.0,0.827174,1468.0,0.827302,847.0
1753600050246,07:07:30.246,huobi,ADA/USDT:USDT,0.827214,95.0,0.827173,1275.0,0.827321,95.0,0.827404,95.0
1753600050277,07:07:30.277,huobi,ADA/USDT:USDT,0.827252,95.0,0.827215,128.0,0.82732,27.0,0.827404,95.0
1753600050316,07:07:30.316,huobi,ADA/USDT:USDT,0.827255,77.0,0.827252,95.0,0.8273,95.0,0.82732,27.0
1753600050334,07:07:30.334,huobi,ADA/USDT:USDT,0.827256,77.0,0.827252,95.0,0.827274,1468.0,0.8273,95.0
1753600050366,07:07:30.366,huobi,ADA/USDT:USDT,0.827215,48.0,0.827174,2.0,0.827257,95.0,0.827274,1468.0
1753600050398,07:07:30.398,huobi,ADA/USDT:USDT,0.827225,48.0,0.827224,77.0,0.827257,95.0,0.827274,1468.0
1753600050473,07:07:30.473,huobi,ADA/USDT:USDT,0.827234,77.0,0.827225,48.0,0.827257,95.0,0.827274,1468.0
1753600050528,07:07:30.528,huobi,ADA/USDT:USDT,0.827234,77.0,0.827225,48.0,0.827257,95.0,0.827274,1468.0
1753600050550,07:07:30.550,huobi,ADA/USDT:USDT,0.827235,48.0,0.827216,847.0,0.827257,95.0,0.827274,1468.0
1753600050657,07:07:30.657,huobi,ADA/USDT:USDT,0.827235,48.0,0.827216,847.0,0.827257,95.0,0.827274,1468.0
1753600050730,07:07:30.730,huobi,ADA/USDT:USDT,0.827235,125.0,0.827216,847.0,0.827257,95.0,0.827274,1468.0
1753600050756,07:07:30.756,huobi,ADA/USDT:USDT,0.827256,160.0,0.827235,125.0,0.827257,95.0,0.827274,1468.0
1753600050821,07:07:30.821,huobi,ADA/USDT:USDT,0.827256,1007.0,0.827243,77.0,0.827257,95.0,0.827274,1468.0
1753600050889,07:07:30.889,huobi,ADA/USDT:USDT,0.827256,1007.0,0.827243,77.0,0.827257,95.0,0.827274,1468.0
1753600050952,07:07:30.952,huobi,ADA/USDT:USDT,0.827256,1007.0,0.827243,77.0,0.827257,95.0,0.827274,1468.0
1753600050979,07:07:30.979,huobi,ADA/USDT:USDT,0.827256,1007.0,0.827243,77.0,0.827257,95.0,0.827274,1468.0
1753600051004,07:07:31.004,huobi,ADA/USDT:USDT,0.827256,1007.0,0.827243,77.0,0.827257,95.0,0.827274,1468.0
1753600051055,07:07:31.055,huobi,ADA/USDT:USDT,0.827256,1007.0,0.827243,77.0,0.827257,95.0,0.827274,1468.0
1753600051183,07:07:31.183,huobi,ADA/USDT:USDT,0.827256,1007.0,0.827243,77.0,0.827257,95.0,0.827274,1468.0
1753600051275,07:07:31.275,huobi,ADA/USDT:USDT,0.827256,1007.0,0.827243,77.0,0.827257,95.0,0.827274,1468.0
1753600051333,07:07:31.333,huobi,ADA/USDT:USDT,0.827256,1007.0,0.827243,77.0,0.827257,95.0,0.827274,1468.0
1753600051395,07:07:31.395,huobi,ADA/USDT:USDT,0.827256,1007.0,0.827243,77.0,0.827257,95.0,0.827274,1468.0
1753600051522,07:07:31.522,huobi,ADA/USDT:USDT,0.827256,1007.0,0.827243,77.0,0.827257,95.0,0.827274,1468.0
1753600051535,07:07:31.535,huobi,ADA/USDT:USDT,0.827256,1007.0,0.827243,77.0,0.827257,95.0,0.827274,1468.0
1753600051641,07:07:31.641,huobi,ADA/USDT:USDT,0.827256,1007.0,0.827243,77.0,0.827257,95.0,0.827274,1468.0
1753600051707,07:07:31.707,huobi,ADA/USDT:USDT,0.827256,1007.0,0.827243,77.0,0.827257,95.0,0.827274,1468.0
1753600051746,07:07:31.746,huobi,ADA/USDT:USDT,0.827256,1007.0,0.827243,77.0,0.827257,95.0,0.827274,1468.0
1753600051808,07:07:31.808,huobi,ADA/USDT:USDT,0.827256,1007.0,0.827243,77.0,0.827257,95.0,0.827274,1468.0
1753600051845,07:07:31.845,huobi,ADA/USDT:USDT,0.827256,1007.0,0.827243,77.0,0.827257,95.0,0.827274,1468.0
1753600051882,07:07:31.882,huobi,ADA/USDT:USDT,0.827256,1007.0,0.827243,77.0,0.827257,95.0,0.827274,1468.0
1753600052073,07:07:32.073,huobi,ADA/USDT:USDT,0.827256,1055.0,0.827243,77.0,0.827257,95.0,0.827274,1468.0
1753600052083,07:07:32.083,huobi,ADA/USDT:USDT,0.827256,1055.0,0.827243,77.0,0.827257,95.0,0.827274,1468.0
1753600052110,07:07:32.110,huobi,ADA/USDT:USDT,0.827256,1132.0,0.827214,96.0,0.827257,95.0,0.827274,1468.0
1753600052215,07:07:32.215,huobi,ADA/USDT:USDT,0.827256,1132.0,0.827214,96.0,0.827257,95.0,0.827274,1468.0
1753600052259,07:07:32.259,huobi,ADA/USDT:USDT,0.827256,1132.0,0.827214,96.0,0.827257,95.0,0.827274,1468.0
1753600052313,07:07:32.313,huobi,ADA/USDT:USDT,0.827256,1132.0,0.827214,96.0,0.827257,95.0,0.827274,1468.0
1753600052490,07:07:32.490,huobi,ADA/USDT:USDT,0.827256,1132.0,0.827214,96.0,0.827257,95.0,0.827274,1468.0
1753600052581,07:07:32.581,huobi,ADA/USDT:USDT,0.827256,1132.0,0.827214,96.0,0.827257,95.0,0.827274,1468.0
1753600052585,07:07:32.585,huobi,ADA/USDT:USDT,0.827256,1132.0,0.827214,96.0,0.827257,95.0,0.827274,1468.0
1753600052653,07:07:32.653,huobi,ADA/USDT:USDT,0.827256,1132.0,0.827214,96.0,0.827257,95.0,0.827274,1468.0
1753600052785,07:07:32.785,huobi,ADA/USDT:USDT,0.827256,1132.0,0.827214,96.0,0.827257,95.0,0.827274,1468.0
1753600052841,07:07:32.841,huobi,ADA/USDT:USDT,0.827256,1132.0,0.827214,96.0,0.827257,95.0,0.827274,1468.0
1753600052929,07:07:32.929,huobi,ADA/USDT:USDT,0.827256,1132.0,0.827214,96.0,0.827257,95.0,0.827274,1468.0
1753600052967,07:07:32.967,huobi,ADA/USDT:USDT,0.827256,1132.0,0.827214,96.0,0.827257,95.0,0.827274,1468.0
1753600052975,07:07:32.975,huobi,ADA/USDT:USDT,0.827256,1132.0,0.827214,96.0,0.827257,95.0,0.827274,1468.0
1753600053224,07:07:33.224,huobi,ADA/USDT:USDT,0.827256,1132.0,0.827214,96.0,0.827257,95.0,0.827274,1468.0
1753600053248,07:07:33.248,huobi,ADA/USDT:USDT,0.827256,1132.0,0.827214,96.0,0.827257,95.0,0.827274,1468.0
1753600053303,07:07:33.303,huobi,ADA/USDT:USDT,0.827256,1132.0,0.827214,96.0,0.827257,95.0,0.827274,1468.0
1753600053306,07:07:33.306,huobi,ADA/USDT:USDT,0.827256,1132.0,0.827214,96.0,0.827257,95.0,0.827274,1468.0
1753600053333,07:07:33.333,huobi,ADA/USDT:USDT,0.827256,1132.0,0.827214,96.0,0.827274,1468.0,0.8273,95.0
1753600053368,07:07:33.368,huobi,ADA/USDT:USDT,0.827273,352.0,0.827265,77.0,0.827274,1468.0,0.827358,96.0
1753600053394,07:07:33.394,huobi,ADA/USDT:USDT,0.827314,96.0,0.827282,77.0,0.827358,96.0,0.827399,847.0
1753600053425,07:07:33.425,huobi,ADA/USDT:USDT,0.827357,256.0,0.827301,847.0,0.827399,847.0,0.827404,95.0
1753600053457,07:07:33.457,huobi,ADA/USDT:USDT,0.827357,298.0,0.827302,2.0,0.827399,847.0,0.827404,95.0
1753600053492,07:07:33.492,huobi,ADA/USDT:USDT,0.827398,96.0,0.827374,96.0,0.827399,847.0,0.827416,196.0
1753600053515,07:07:33.515,huobi,ADA/USDT:USDT,0.827398,176.0,0.827374,96.0,0.827441,96.0,0.827523,300.0
1753600053548,07:07:33.548,huobi,ADA/USDT:USDT,0.82744,256.0,0.827401,77.0,0.827441,96.0,0.827587,93.0
1753600053574,07:07:33.574,huobi,ADA/USDT:USDT,0.827442,77.0,0.82744,352.0,0.827574,300.0,0.827587,93.0
1753600053611,07:07:33.611,huobi,ADA/USDT:USDT,0.827456,128.0,0.827455,96.0,0.827533,96.0,0.827574,327.0
1753600053643,07:07:33.643,huobi,ADA/USDT:USDT,0.827457,96.0,0.827456,128.0,0.827473,96.0,0.827474,1468.0
1753600053678,07:07:33.678,huobi,ADA/USDT:USDT,0.827458,48.0,0.827457,96.0,0.827473,96.0,0.827474,1468.0
1753600053704,07:07:33.704,huobi,ADA/USDT:USDT,0.827458,48.0,0.827457,96.0,0.827473,96.0,0.827474,1468.0
1753600053739,07:07:33.739,huobi,ADA/USDT:USDT,0.827458,48.0,0.827457,96.0,0.827473,96.0,0.827474,1468.0
1753600053770,07:07:33.770,huobi,ADA/USDT:USDT,0.827457,96.0,0.827415,96.0,0.827473,96.0,0.827474,1468.0
