timestamp,time,exchange,symbol,bid1_price,bid1_volume,bid2_price,bid2_volume,ask1_price,ask1_volume,ask2_price,ask2_volume
1753599997812,07:06:37.812,mexc,ACH/USDT:USDT,0.023181,47220,0.02318,42415,0.023182,78091,0.023183,17379
1753599999007,07:06:39.007,mexc,ACH/USDT:USDT,0.023181,47220,0.02318,42415,0.023182,78091,0.023183,17379
1753599999007,07:06:39.007,mexc,ACH/USDT:USDT,0.023181,47220,0.02318,33285,0.023182,78091,0.023183,17379
1753599999805,07:06:39.805,mexc,ACH/USDT:USDT,0.023181,47220,0.02318,33285,0.023182,78091,0.023183,17379
1753599999805,07:06:39.805,mexc,ACH/USDT:USDT,0.023181,47220,0.02318,33285,0.023182,78091,0.023183,25373
1753600000207,07:06:40.207,mexc,ACH/USDT:USDT,0.023181,47220,0.02318,33285,0.023182,78091,0.023183,25373
1753600000405,07:06:40.405,mexc,ACH/USDT:USDT,0.023181,47220,0.02318,33285,0.023182,78091,0.023183,17379
1753600000417,07:06:40.417,mexc,ACH/USDT:USDT,0.023181,47220,0.02318,33285,0.023182,78091,0.023183,17379
1753600000758,07:06:40.758,mexc,ACH/USDT:USDT,0.023181,47220,0.02318,33285,0.023182,78091,0.023183,17379
1753600001004,07:06:41.004,mexc,ACH/USDT:USDT,0.023181,47220,0.02318,39023,0.023182,78091,0.023183,21519
1753600001406,07:06:41.406,mexc,ACH/USDT:USDT,0.023181,47220,0.02318,39023,0.023182,78091,0.023183,21519
1753600001407,07:06:41.407,mexc,ACH/USDT:USDT,0.023181,47220,0.02318,33285,0.023182,78091,0.023183,17379
1753600002204,07:06:42.204,mexc,ACH/USDT:USDT,0.023181,47220,0.02318,33285,0.023182,78091,0.023183,17379
1753600002204,07:06:42.204,mexc,ACH/USDT:USDT,0.023181,47220,0.02318,42795,0.023182,78091,0.023183,17379
1753600002607,07:06:42.607,mexc,ACH/USDT:USDT,0.023181,47220,0.02318,42795,0.023182,78091,0.023183,17379
1753600002607,07:06:42.607,mexc,ACH/USDT:USDT,0.023181,47220,0.02318,33285,0.023182,78091,0.023183,17379
1753600003403,07:06:43.403,mexc,ACH/USDT:USDT,0.023181,47220,0.02318,33285,0.023182,78091,0.023183,17379
1753600003406,07:06:43.406,mexc,ACH/USDT:USDT,0.023181,47220,0.02318,37530,0.023182,78091,0.023183,17379
1753600003808,07:06:43.808,mexc,ACH/USDT:USDT,0.023181,47220,0.02318,37530,0.023182,78091,0.023183,17379
1753600003808,07:06:43.808,mexc,ACH/USDT:USDT,0.023181,47220,0.02318,33285,0.023182,78091,0.023183,17379
1753600004579,07:06:44.579,mexc,ACH/USDT:USDT,0.023181,47220,0.02318,33285,0.023182,78091,0.023183,17379
1753600004604,07:06:44.604,mexc,ACH/USDT:USDT,0.023179,43628,0.023178,13089,0.023182,31998,0.023183,1405
1753600005007,07:06:45.007,mexc,ACH/USDT:USDT,0.023179,43628,0.023178,13089,0.023182,31998,0.023183,1405
1753600005009,07:06:45.009,mexc,ACH/USDT:USDT,0.023179,43628,0.023178,13089,0.023182,31998,0.023183,1405
1753600005804,07:06:45.804,mexc,ACH/USDT:USDT,0.023179,43628,0.023178,13089,0.023182,31998,0.023183,1704
1753600005804,07:06:45.804,mexc,ACH/USDT:USDT,0.023179,43628,0.023178,13089,0.023182,31998,0.023183,1704
1753600006208,07:06:46.208,mexc,ACH/USDT:USDT,0.023179,43628,0.023178,13089,0.023182,31998,0.023183,1704
1753600006208,07:06:46.208,mexc,ACH/USDT:USDT,0.023179,43628,0.023178,13089,0.023182,31998,0.023183,1405
1753600006420,07:06:46.420,mexc,ACH/USDT:USDT,0.023179,43628,0.023178,13089,0.023182,31998,0.023183,1405
1753600006758,07:06:46.758,mexc,ACH/USDT:USDT,0.023179,43628,0.023178,13089,0.023182,31998,0.023183,1405
1753600007003,07:06:47.003,mexc,ACH/USDT:USDT,0.023179,43628,0.023178,13089,0.023182,31998,0.023183,1405
1753600007409,07:06:47.409,mexc,ACH/USDT:USDT,0.023179,43628,0.023178,13089,0.023182,31998,0.023183,1405
1753600007409,07:06:47.409,mexc,ACH/USDT:USDT,0.023179,43628,0.023178,13089,0.023182,31998,0.023183,1405
1753600008205,07:06:48.205,mexc,ACH/USDT:USDT,0.023179,43628,0.023178,13089,0.023182,31998,0.023183,1405
1753600008205,07:06:48.205,mexc,ACH/USDT:USDT,0.023179,43628,0.023178,13089,0.023182,31998,0.023183,1405
1753600008662,07:06:48.662,mexc,ACH/USDT:USDT,0.023179,43628,0.023178,13089,0.023182,31998,0.023183,1405
1753600008663,07:06:48.663,mexc,ACH/USDT:USDT,0.023179,43628,0.023178,13089,0.023182,31998,0.023183,1405
1753600009405,07:06:49.405,mexc,ACH/USDT:USDT,0.023179,43628,0.023178,19615,0.023182,31998,0.023183,1405
1753600009406,07:06:49.406,mexc,ACH/USDT:USDT,0.023179,43628,0.023178,19615,0.023182,31998,0.023183,2245
1753600009808,07:06:49.808,mexc,ACH/USDT:USDT,0.023179,43628,0.023178,13089,0.023182,31998,0.023183,2245
1753600009808,07:06:49.808,mexc,ACH/USDT:USDT,0.023179,43628,0.023178,13089,0.023182,31998,0.023183,1405
1753600010579,07:06:50.579,mexc,ACH/USDT:USDT,0.023179,43628,0.023178,13089,0.023182,31998,0.023183,1405
1753600010605,07:06:50.605,mexc,ACH/USDT:USDT,0.023177,8504,0.023176,21141,0.023182,41077,0.023183,1303
1753600011009,07:06:51.009,mexc,ACH/USDT:USDT,0.023177,8504,0.023176,21141,0.023182,41077,0.023183,1303
1753600011009,07:06:51.009,mexc,ACH/USDT:USDT,0.023177,8504,0.023176,21141,0.023182,41077,0.023183,1303
1753600011804,07:06:51.804,mexc,ACH/USDT:USDT,0.023177,8504,0.023176,21141,0.023182,41077,0.023183,1303
1753600011804,07:06:51.804,mexc,ACH/USDT:USDT,0.023177,8504,0.023176,21141,0.023182,41077,0.023183,1502
1753600012208,07:06:52.208,mexc,ACH/USDT:USDT,0.023177,8504,0.023176,21141,0.023182,41077,0.023183,1502
1753600012208,07:06:52.208,mexc,ACH/USDT:USDT,0.023177,8504,0.023176,21141,0.023182,41077,0.023183,1303
1753600012421,07:06:52.421,mexc,ACH/USDT:USDT,0.023177,8504,0.023176,21141,0.023182,41077,0.023183,1303
1753600012763,07:06:52.763,mexc,ACH/USDT:USDT,0.023177,8504,0.023176,21141,0.023182,41077,0.023183,1303
1753600013005,07:06:53.005,mexc,ACH/USDT:USDT,0.023177,8504,0.023176,21141,0.023182,41077,0.023183,1686
1753600013408,07:06:53.408,mexc,ACH/USDT:USDT,0.023177,8504,0.023176,21141,0.023182,41077,0.023183,1303
1753600013411,07:06:53.411,mexc,ACH/USDT:USDT,0.023177,8504,0.023176,21141,0.023182,41077,0.023183,1303
1753600014205,07:06:54.205,mexc,ACH/USDT:USDT,0.023177,8504,0.023176,21141,0.023182,41077,0.023183,1303
1753600014205,07:06:54.205,mexc,ACH/USDT:USDT,0.023177,8504,0.023176,21141,0.023182,41077,0.023183,1303
1753600014608,07:06:54.608,mexc,ACH/USDT:USDT,0.023177,8504,0.023176,21141,0.023182,41077,0.023183,1303
1753600014608,07:06:54.608,mexc,ACH/USDT:USDT,0.023177,8504,0.023176,21141,0.023182,41077,0.023183,1303
1753600015406,07:06:55.406,mexc,ACH/USDT:USDT,0.023177,8504,0.023176,21141,0.023182,41077,0.023183,1303
1753600015406,07:06:55.406,mexc,ACH/USDT:USDT,0.023177,8504,0.023176,21141,0.023182,41077,0.023183,1303
1753600015808,07:06:55.808,mexc,ACH/USDT:USDT,0.023177,8504,0.023176,21141,0.023182,41077,0.023183,1303
1753600016583,07:06:56.583,mexc,ACH/USDT:USDT,0.023177,8504,0.023176,21141,0.023181,25421,0.023182,41077
1753600016604,07:06:56.604,mexc,ACH/USDT:USDT,0.02318,16576,0.023179,2320,0.023181,25421,0.023182,5539
1753600017008,07:06:57.008,mexc,ACH/USDT:USDT,0.02318,16576,0.023179,2320,0.023181,25421,0.023182,5539
1753600017009,07:06:57.009,mexc,ACH/USDT:USDT,0.02318,16576,0.023179,2320,0.023181,25421,0.023182,5539
1753600017805,07:06:57.805,mexc,ACH/USDT:USDT,0.02318,16576,0.023179,2320,0.023181,25421,0.023182,5539
1753600017805,07:06:57.805,mexc,ACH/USDT:USDT,0.02318,16576,0.023179,2320,0.023181,25421,0.023182,5539
1753600018208,07:06:58.208,mexc,ACH/USDT:USDT,0.02318,16576,0.023179,2320,0.023181,25421,0.023182,5539
1753600018208,07:06:58.208,mexc,ACH/USDT:USDT,0.02318,16576,0.023179,2320,0.023181,25421,0.023182,5539
1753600018423,07:06:58.423,mexc,ACH/USDT:USDT,0.02318,16576,0.023179,2320,0.023181,25421,0.023182,5539
1753600018821,07:06:58.821,mexc,ACH/USDT:USDT,0.02318,16576,0.023179,2320,0.023181,25421,0.023182,5539
1753600019005,07:06:59.005,mexc,ACH/USDT:USDT,0.02318,16576,0.023179,2861,0.023181,25421,0.023182,5539
1753600019410,07:06:59.410,mexc,ACH/USDT:USDT,0.02318,16576,0.023179,2861,0.023181,25421,0.023182,5539
1753600019410,07:06:59.410,mexc,ACH/USDT:USDT,0.02318,16576,0.023179,2320,0.023181,25421,0.023182,5539
1753600020206,07:07:00.206,mexc,ACH/USDT:USDT,0.02318,16576,0.023179,2866,0.023181,25421,0.023182,5539
1753600020206,07:07:00.206,mexc,ACH/USDT:USDT,0.02318,16576,0.023179,2866,0.023181,25421,0.023182,7711
1753600020609,07:07:00.609,mexc,ACH/USDT:USDT,0.02318,16576,0.023179,2320,0.023181,25421,0.023182,7711
1753600020610,07:07:00.610,mexc,ACH/USDT:USDT,0.02318,16576,0.023179,2320,0.023181,25421,0.023182,5539
1753600021408,07:07:01.408,mexc,ACH/USDT:USDT,0.02318,16576,0.023179,2320,0.023181,25421,0.023182,5539
1753600021409,07:07:01.409,mexc,ACH/USDT:USDT,0.02318,16576,0.023179,2320,0.023181,25421,0.023182,7155
1753600021812,07:07:01.812,mexc,ACH/USDT:USDT,0.02318,16576,0.023179,2320,0.023181,25421,0.023182,7155
1753600021813,07:07:01.813,mexc,ACH/USDT:USDT,0.02318,16576,0.023179,2320,0.023181,25421,0.023182,5539
1753600022586,07:07:02.586,mexc,ACH/USDT:USDT,0.02318,16576,0.023179,2320,0.023181,25421,0.023182,5539
1753600022606,07:07:02.606,mexc,ACH/USDT:USDT,0.023178,41782,0.023177,2978,0.02318,50563,0.023181,785474
1753600023009,07:07:03.009,mexc,ACH/USDT:USDT,0.023178,41782,0.023177,2306,0.02318,50563,0.023181,785474
1753600023010,07:07:03.010,mexc,ACH/USDT:USDT,0.023178,41782,0.023177,2306,0.02318,50563,0.023181,530609
1753600023805,07:07:03.805,mexc,ACH/USDT:USDT,0.023178,41782,0.023177,2306,0.02318,50563,0.023181,530609
1753600023805,07:07:03.805,mexc,ACH/USDT:USDT,0.023178,41782,0.023177,2306,0.02318,50563,0.023181,530609
1753600024209,07:07:04.209,mexc,ACH/USDT:USDT,0.023178,41782,0.023177,2306,0.02318,50563,0.023181,530609
1753600024209,07:07:04.209,mexc,ACH/USDT:USDT,0.023178,41782,0.023177,2306,0.02318,50563,0.023181,530609
1753600024432,07:07:04.432,mexc,ACH/USDT:USDT,0.023178,41782,0.023177,2306,0.02318,50563,0.023181,530609
1753600024824,07:07:04.824,mexc,ACH/USDT:USDT,0.023178,41782,0.023177,2306,0.02318,50563,0.023181,530609
1753600025006,07:07:05.006,mexc,ACH/USDT:USDT,0.023178,41782,0.023177,2306,0.02318,50563,0.023181,530609
1753600025462,07:07:05.462,mexc,ACH/USDT:USDT,0.023178,41782,0.023177,2306,0.02318,50563,0.023181,530609
1753600025463,07:07:05.463,mexc,ACH/USDT:USDT,0.023178,41782,0.023177,2306,0.02318,50563,0.023181,530609
1753600026207,07:07:06.207,mexc,ACH/USDT:USDT,0.023178,41782,0.023177,2306,0.02318,50563,0.023181,530609
1753600026207,07:07:06.207,mexc,ACH/USDT:USDT,0.023178,41782,0.023177,2306,0.02318,50563,0.023181,835243
1753600026609,07:07:06.609,mexc,ACH/USDT:USDT,0.023178,41782,0.023177,2306,0.02318,50563,0.023181,598390
1753600026610,07:07:06.610,mexc,ACH/USDT:USDT,0.023178,41782,0.023177,2306,0.02318,50563,0.023181,530609
1753600027407,07:07:07.407,mexc,ACH/USDT:USDT,0.023178,41782,0.023177,3011,0.02318,50563,0.023181,530609
1753600027408,07:07:07.408,mexc,ACH/USDT:USDT,0.023178,41782,0.023177,3011,0.02318,50563,0.023181,530609
1753600027810,07:07:07.810,mexc,ACH/USDT:USDT,0.023178,41782,0.023177,3011,0.02318,50563,0.023181,530609
1753600027811,07:07:07.811,mexc,ACH/USDT:USDT,0.023178,41782,0.023177,2306,0.02318,50563,0.023181,530609
1753600028587,07:07:08.587,mexc,ACH/USDT:USDT,0.023178,41782,0.023177,2306,0.02318,50563,0.023181,530609
1753600028607,07:07:08.607,mexc,ACH/USDT:USDT,0.023175,12929,0.023174,19109,0.023178,9538,0.023179,2324
1753600029011,07:07:09.011,mexc,ACH/USDT:USDT,0.023175,12929,0.023174,19109,0.023178,9538,0.023179,2324
1753600029011,07:07:09.011,mexc,ACH/USDT:USDT,0.023175,12929,0.023174,19109,0.023178,9538,0.023179,2324
1753600029863,07:07:09.863,mexc,ACH/USDT:USDT,0.023175,12929,0.023174,19109,0.023178,9538,0.023179,2324
1753600029864,07:07:09.864,mexc,ACH/USDT:USDT,0.023175,12929,0.023174,19109,0.023178,9538,0.023179,2324
1753600030267,07:07:10.267,mexc,ACH/USDT:USDT,0.023175,12929,0.023174,19109,0.023178,9538,0.023179,2324
1753600030424,07:07:10.424,mexc,ACH/USDT:USDT,0.023175,12929,0.023174,19109,0.023178,9538,0.023179,2324
1753600030819,07:07:10.819,mexc,ACH/USDT:USDT,0.023175,12929,0.023174,19109,0.023178,9538,0.023179,2324
1753600030831,07:07:10.831,mexc,ACH/USDT:USDT,0.023175,12929,0.023174,19109,0.023178,9538,0.023179,2324
1753600031064,07:07:11.064,mexc,ACH/USDT:USDT,0.023175,12929,0.023174,23206,0.023178,9538,0.023179,2324
1753600031466,07:07:11.466,mexc,ACH/USDT:USDT,0.023175,12929,0.023174,23206,0.023178,9538,0.023179,2324
1753600031466,07:07:11.466,mexc,ACH/USDT:USDT,0.023175,12929,0.023174,19109,0.023178,9538,0.023179,2324
1753600032263,07:07:12.263,mexc,ACH/USDT:USDT,0.023175,12929,0.023174,19109,0.023178,9538,0.023179,2324
1753600032269,07:07:12.269,mexc,ACH/USDT:USDT,0.023175,12929,0.023174,30868,0.023178,9538,0.023179,2324
1753600032667,07:07:12.667,mexc,ACH/USDT:USDT,0.023175,12929,0.023174,30868,0.023178,9538,0.023179,2324
1753600032669,07:07:12.669,mexc,ACH/USDT:USDT,0.023175,12929,0.023174,19109,0.023178,9538,0.023179,2324
1753600033464,07:07:13.464,mexc,ACH/USDT:USDT,0.023175,12929,0.023174,19109,0.023178,9538,0.023179,2324
1753600033466,07:07:13.466,mexc,ACH/USDT:USDT,0.023175,12929,0.023174,19109,0.023178,9538,0.023179,2324
1753600033868,07:07:13.868,mexc,ACH/USDT:USDT,0.023175,12929,0.023174,19109,0.023178,9538,0.023179,2324
1753600033868,07:07:13.868,mexc,ACH/USDT:USDT,0.023175,12929,0.023174,19109,0.023178,9538,0.023179,2324
1753600034591,07:07:14.591,mexc,ACH/USDT:USDT,0.023175,12929,0.023174,19109,0.023176,32009,0.023178,9538
1753600034664,07:07:14.664,mexc,ACH/USDT:USDT,0.023175,1184,0.023174,11222,0.023176,32009,0.023177,35958
1753600035067,07:07:15.067,mexc,ACH/USDT:USDT,0.023175,1184,0.023174,11222,0.023176,32009,0.023177,35958
1753600035068,07:07:15.068,mexc,ACH/USDT:USDT,0.023175,1184,0.023174,10172,0.023176,32009,0.023177,35958
1753600035866,07:07:15.866,mexc,ACH/USDT:USDT,0.023175,1184,0.023174,10172,0.023176,32009,0.023177,35958
1753600035896,07:07:15.896,mexc,ACH/USDT:USDT,0.023175,1184,0.023174,10172,0.023176,32009,0.023177,56914
1753600036271,07:07:16.271,mexc,ACH/USDT:USDT,0.023175,1184,0.023174,10172,0.023176,32009,0.023177,56914
1753600036429,07:07:16.429,mexc,ACH/USDT:USDT,0.023175,1184,0.023174,10172,0.023176,32009,0.023177,35958
1753600036820,07:07:16.820,mexc,ACH/USDT:USDT,0.023175,1184,0.023174,10172,0.023176,32009,0.023177,35958
1753600036833,07:07:16.833,mexc,ACH/USDT:USDT,0.023175,1184,0.023174,10172,0.023176,32009,0.023177,35958
1753600037067,07:07:17.067,mexc,ACH/USDT:USDT,0.023175,1184,0.023174,10172,0.023176,32009,0.023177,35958
1753600037470,07:07:17.470,mexc,ACH/USDT:USDT,0.023175,1184,0.023174,10172,0.023176,32009,0.023177,35958
1753600037471,07:07:17.471,mexc,ACH/USDT:USDT,0.023175,1184,0.023174,10172,0.023176,32009,0.023177,35958
1753600038267,07:07:18.267,mexc,ACH/USDT:USDT,0.023175,1184,0.023174,10172,0.023176,32009,0.023177,35958
1753600038267,07:07:18.267,mexc,ACH/USDT:USDT,0.023175,1184,0.023174,12219,0.023176,32009,0.023177,35958
1753600038669,07:07:18.669,mexc,ACH/USDT:USDT,0.023175,1184,0.023174,12219,0.023176,32009,0.023177,35958
1753600038675,07:07:18.675,mexc,ACH/USDT:USDT,0.023175,1184,0.023174,10172,0.023176,32009,0.023177,35958
1753600039465,07:07:19.465,mexc,ACH/USDT:USDT,0.023175,1184,0.023174,10172,0.023176,32009,0.023177,35958
1753600039467,07:07:19.467,mexc,ACH/USDT:USDT,0.023175,1184,0.023174,10172,0.023176,32009,0.023177,51891
1753600039876,07:07:19.876,mexc,ACH/USDT:USDT,0.023175,1184,0.023174,10172,0.023176,32009,0.023177,51891
1753600039876,07:07:19.876,mexc,ACH/USDT:USDT,0.023175,1184,0.023174,10172,0.023176,32009,0.023177,35958
1753600040593,07:07:20.593,mexc,ACH/USDT:USDT,0.023175,1184,0.023174,10172,0.023176,32009,0.023177,35958
1753600040666,07:07:20.666,mexc,ACH/USDT:USDT,0.023171,29413,0.02317,14556,0.023172,12046,0.023173,6146
1753600041070,07:07:21.070,mexc,ACH/USDT:USDT,0.023171,29413,0.02317,14556,0.023172,12046,0.023173,6146
1753600041071,07:07:21.071,mexc,ACH/USDT:USDT,0.023171,29413,0.02317,10453,0.023172,12046,0.023173,6146
1753600041865,07:07:21.865,mexc,ACH/USDT:USDT,0.023171,29413,0.02317,10453,0.023172,12046,0.023173,6146
1753600041868,07:07:21.868,mexc,ACH/USDT:USDT,0.023171,29413,0.02317,11745,0.023172,12046,0.023173,6146
1753600042269,07:07:22.269,mexc,ACH/USDT:USDT,0.023171,29413,0.02317,11745,0.023172,12046,0.023173,6146
1753600042431,07:07:22.431,mexc,ACH/USDT:USDT,0.023171,29413,0.02317,10453,0.023172,12046,0.023173,6146
1753600042826,07:07:22.826,mexc,ACH/USDT:USDT,0.023171,29413,0.02317,10453,0.023172,12046,0.023173,6146
1753600042840,07:07:22.840,mexc,ACH/USDT:USDT,0.023171,29413,0.02317,10453,0.023172,12046,0.023173,6146
1753600043067,07:07:23.067,mexc,ACH/USDT:USDT,0.023171,29413,0.02317,15177,0.023172,12046,0.023173,6146
1753600043469,07:07:23.469,mexc,ACH/USDT:USDT,0.023171,29413,0.02317,10453,0.023172,12046,0.023173,6146
1753600043471,07:07:23.471,mexc,ACH/USDT:USDT,0.023171,29413,0.02317,10453,0.023172,12046,0.023173,6146
1753600044267,07:07:24.267,mexc,ACH/USDT:USDT,0.023171,29413,0.02317,10453,0.023172,12046,0.023173,6146
1753600044267,07:07:24.267,mexc,ACH/USDT:USDT,0.023171,29413,0.02317,14409,0.023172,12046,0.023173,6146
1753600044670,07:07:24.670,mexc,ACH/USDT:USDT,0.023171,29413,0.02317,14409,0.023172,12046,0.023173,6146
1753600044670,07:07:24.670,mexc,ACH/USDT:USDT,0.023171,29413,0.02317,10453,0.023172,12046,0.023173,6146
1753600045467,07:07:25.467,mexc,ACH/USDT:USDT,0.023171,29413,0.02317,10453,0.023172,12046,0.023173,6146
1753600045467,07:07:25.467,mexc,ACH/USDT:USDT,0.023171,29413,0.02317,10453,0.023172,12046,0.023173,6146
1753600045871,07:07:25.871,mexc,ACH/USDT:USDT,0.023171,29413,0.02317,10453,0.023172,12046,0.023173,6146
1753600045872,07:07:25.872,mexc,ACH/USDT:USDT,0.023171,29413,0.02317,10453,0.023172,12046,0.023173,6146
1753600046597,07:07:26.597,mexc,ACH/USDT:USDT,0.023171,29413,0.02317,10453,0.023172,12046,0.023173,6146
1753600046668,07:07:26.668,mexc,ACH/USDT:USDT,0.02317,70,0.023169,9526,0.023171,639627,0.023172,39507
1753600047070,07:07:27.070,mexc,ACH/USDT:USDT,0.02317,70,0.023169,9526,0.023171,639627,0.023172,30973
1753600047070,07:07:27.070,mexc,ACH/USDT:USDT,0.02317,70,0.023169,9526,0.023171,639627,0.023172,30973
1753600047867,07:07:27.867,mexc,ACH/USDT:USDT,0.02317,70,0.023169,9526,0.023171,639627,0.023172,30973
1753600047871,07:07:27.871,mexc,ACH/USDT:USDT,0.02317,70,0.023169,9526,0.023171,639627,0.023172,30973
1753600048273,07:07:28.273,mexc,ACH/USDT:USDT,0.02317,70,0.023169,9526,0.023171,639627,0.023172,30973
1753600048432,07:07:28.432,mexc,ACH/USDT:USDT,0.02317,70,0.023169,9526,0.023171,639627,0.023172,30973
1753600048826,07:07:28.826,mexc,ACH/USDT:USDT,0.02317,70,0.023169,9526,0.023171,639627,0.023172,30973
1753600048839,07:07:28.839,mexc,ACH/USDT:USDT,0.02317,70,0.023169,9526,0.023171,639627,0.023172,30973
1753600049068,07:07:29.068,mexc,ACH/USDT:USDT,0.02317,70,0.023169,9526,0.023171,639627,0.023172,30973
1753600049472,07:07:29.472,mexc,ACH/USDT:USDT,0.02317,70,0.023169,9526,0.023171,639627,0.023172,30973
1753600049473,07:07:29.473,mexc,ACH/USDT:USDT,0.02317,70,0.023169,9526,0.023171,639627,0.023172,30973
1753600050268,07:07:30.268,mexc,ACH/USDT:USDT,0.02317,70,0.023169,9526,0.023171,639627,0.023172,30973
1753600050270,07:07:30.270,mexc,ACH/USDT:USDT,0.02317,70,0.023169,9526,0.023171,639627,0.023172,30973
1753600050670,07:07:30.670,mexc,ACH/USDT:USDT,0.02317,70,0.023169,9526,0.023171,639627,0.023172,30973
1753600050673,07:07:30.673,mexc,ACH/USDT:USDT,0.02317,70,0.023169,9526,0.023171,639627,0.023172,30973
1753600051470,07:07:31.470,mexc,ACH/USDT:USDT,0.02317,70,0.023169,9526,0.023171,639627,0.023172,30973
1753600051471,07:07:31.471,mexc,ACH/USDT:USDT,0.02317,70,0.023169,9526,0.023171,639627,0.023172,37695
1753600051873,07:07:31.873,mexc,ACH/USDT:USDT,0.02317,70,0.023169,9526,0.023171,639627,0.023172,37695
1753600051873,07:07:31.873,mexc,ACH/USDT:USDT,0.02317,70,0.023169,9526,0.023171,639627,0.023172,30973
1753600052598,07:07:32.598,mexc,ACH/USDT:USDT,0.023169,9526,0.023168,9099,0.02317,851970,0.023171,639627
1753600052670,07:07:32.670,mexc,ACH/USDT:USDT,0.023169,3713,0.023168,9710,0.02317,851970,0.023171,1645
1753600053076,07:07:33.076,mexc,ACH/USDT:USDT,0.023169,3713,0.023168,8544,0.02317,851970,0.023171,1645
1753600053077,07:07:33.077,mexc,ACH/USDT:USDT,0.023169,3713,0.023168,8544,0.02317,851970,0.023171,1645
1753600053870,07:07:33.870,mexc,ACH/USDT:USDT,0.023169,3713,0.023168,8544,0.02317,851970,0.023171,1645
1753600054030,07:07:34.030,mexc,ACH/USDT:USDT,0.023169,3713,0.023168,8544,0.02317,851970,0.023171,1645
1753600054275,07:07:34.275,mexc,ACH/USDT:USDT,0.023169,3713,0.023168,8544,0.02317,851970,0.023171,1645
1753600054434,07:07:34.434,mexc,ACH/USDT:USDT,0.023169,3713,0.023168,8544,0.02317,851970,0.023171,1645
1753600055070,07:07:35.070,mexc,ACH/USDT:USDT,0.023169,3713,0.023168,11981,0.02317,851970,0.023171,1645
1753600055070,07:07:35.070,mexc,ACH/USDT:USDT,0.023169,3713,0.023168,13833,0.02317,851970,0.023171,2721
1753600055473,07:07:35.473,mexc,ACH/USDT:USDT,0.023169,3713,0.023168,13833,0.02317,851970,0.023171,2414
1753600055474,07:07:35.474,mexc,ACH/USDT:USDT,0.023169,3713,0.023168,8544,0.02317,851970,0.023171,1645
1753600056272,07:07:36.272,mexc,ACH/USDT:USDT,0.023169,3713,0.023168,8544,0.02317,851970,0.023171,1645
1753600056273,07:07:36.273,mexc,ACH/USDT:USDT,0.023169,3713,0.023168,8544,0.02317,851970,0.023171,1645
1753600056673,07:07:36.673,mexc,ACH/USDT:USDT,0.023169,3713,0.023168,8544,0.02317,851970,0.023171,1645
1753600056674,07:07:36.674,mexc,ACH/USDT:USDT,0.023169,3713,0.023168,8544,0.02317,851970,0.023171,1645
1753600057305,07:07:37.305,mexc,ACH/USDT:USDT,0.023169,3713,0.023168,8544,0.02317,851970,0.023171,1645
1753600057471,07:07:37.471,mexc,ACH/USDT:USDT,0.023172,47980,0.023171,18356,0.023177,329026,0.023178,6962
1753600057876,07:07:37.876,mexc,ACH/USDT:USDT,0.023172,47980,0.023171,18356,0.023177,329026,0.023178,6962
1753600057876,07:07:37.876,mexc,ACH/USDT:USDT,0.023172,47980,0.023171,18356,0.023177,329026,0.023178,6654
1753600058671,07:07:38.671,mexc,ACH/USDT:USDT,0.023172,47980,0.023171,25038,0.023177,329026,0.023178,6654
1753600058671,07:07:38.671,mexc,ACH/USDT:USDT,0.023172,47980,0.023171,33397,0.023177,329026,0.023178,6654
1753600059075,07:07:39.075,mexc,ACH/USDT:USDT,0.023172,47980,0.023171,33397,0.023177,329026,0.023178,6654
1753600059075,07:07:39.075,mexc,ACH/USDT:USDT,0.023172,47980,0.023171,18356,0.023177,329026,0.023178,6654
1753600059499,07:07:39.499,mexc,ACH/USDT:USDT,0.023172,47980,0.023171,18356,0.023177,329026,0.023178,6654
1753600059517,07:07:39.517,mexc,ACH/USDT:USDT,0.023172,47980,0.023171,18356,0.023177,329026,0.023178,6654
1753600059916,07:07:39.916,mexc,ACH/USDT:USDT,0.023172,47980,0.023171,24200,0.023177,329026,0.023178,7013
1753600059930,07:07:39.930,mexc,ACH/USDT:USDT,0.023172,47980,0.023171,24200,0.023177,329026,0.023178,7013
1753600060278,07:07:40.278,mexc,ACH/USDT:USDT,0.023172,47980,0.023171,18356,0.023177,329026,0.023178,6654
1753600061071,07:07:41.071,mexc,ACH/USDT:USDT,0.023172,47980,0.023171,18356,0.023177,329026,0.023178,6654
1753600061071,07:07:41.071,mexc,ACH/USDT:USDT,0.023172,47980,0.023171,25026,0.023177,329026,0.023178,6654
1753600061475,07:07:41.475,mexc,ACH/USDT:USDT,0.023172,47980,0.023171,25026,0.023177,329026,0.023178,6654
1753600061475,07:07:41.475,mexc,ACH/USDT:USDT,0.023172,47980,0.023171,18356,0.023177,329026,0.023178,6654
1753600062272,07:07:42.272,mexc,ACH/USDT:USDT,0.023172,47980,0.023171,25896,0.023177,329026,0.023178,6654
1753600062272,07:07:42.272,mexc,ACH/USDT:USDT,0.023172,47980,0.023171,25896,0.023177,329026,0.023178,6654
1753600062616,07:07:42.616,mexc,ACH/USDT:USDT,0.023172,12735,0.023171,1803,0.023175,4450,0.023176,114700
1753600063472,07:07:43.472,mexc,ACH/USDT:USDT,0.023172,12735,0.023171,1803,0.023175,4450,0.023176,114700
1753600063473,07:07:43.473,mexc,ACH/USDT:USDT,0.023172,12735,0.023171,1803,0.023175,4450,0.023176,114700
1753600063877,07:07:43.877,mexc,ACH/USDT:USDT,0.023172,12735,0.023171,1803,0.023175,4450,0.023176,114700
1753600063877,07:07:43.877,mexc,ACH/USDT:USDT,0.023172,12735,0.023171,1803,0.023175,4450,0.023176,114700
1753600064672,07:07:44.672,mexc,ACH/USDT:USDT,0.023172,12735,0.023171,2192,0.023175,4450,0.023176,114700
1753600064672,07:07:44.672,mexc,ACH/USDT:USDT,0.023172,12735,0.023171,2192,0.023175,4450,0.023176,114700
1753600065075,07:07:45.075,mexc,ACH/USDT:USDT,0.023172,12735,0.023171,1803,0.023175,4450,0.023176,114700
1753600065075,07:07:45.075,mexc,ACH/USDT:USDT,0.023172,12735,0.023171,1803,0.023175,4450,0.023176,114700
1753600065504,07:07:45.504,mexc,ACH/USDT:USDT,0.023172,12735,0.023171,1803,0.023175,4450,0.023176,114700
1753600065512,07:07:45.512,mexc,ACH/USDT:USDT,0.023172,12735,0.023171,1803,0.023175,4450,0.023176,114700
1753600065922,07:07:45.922,mexc,ACH/USDT:USDT,0.023172,12735,0.023171,1803,0.023175,4450,0.023176,114700
1753600065933,07:07:45.933,mexc,ACH/USDT:USDT,0.023172,12735,0.023171,1803,0.023175,4450,0.023176,114700
1753600066276,07:07:46.276,mexc,ACH/USDT:USDT,0.023172,12735,0.023171,1803,0.023175,4450,0.023176,114700
1753600067073,07:07:47.073,mexc,ACH/USDT:USDT,0.023172,12735,0.023171,1803,0.023175,4450,0.023176,114700
1753600067074,07:07:47.074,mexc,ACH/USDT:USDT,0.023172,12735,0.023171,2366,0.023175,4450,0.023176,114700
1753600067476,07:07:47.476,mexc,ACH/USDT:USDT,0.023172,12735,0.023171,2366,0.023175,4450,0.023176,114700
1753600067477,07:07:47.477,mexc,ACH/USDT:USDT,0.023172,12735,0.023171,1803,0.023175,4450,0.023176,114700
1753600068275,07:07:48.275,mexc,ACH/USDT:USDT,0.023172,12735,0.023171,2159,0.023175,4450,0.023176,114700
1753600068277,07:07:48.277,mexc,ACH/USDT:USDT,0.023172,12735,0.023171,2619,0.023175,4450,0.023176,114700
1753600068619,07:07:48.619,mexc,ACH/USDT:USDT,0.023169,39614,0.023168,17488,0.023174,61870,0.023175,1157
1753600069472,07:07:49.472,mexc,ACH/USDT:USDT,0.023169,39614,0.023168,17488,0.023174,61870,0.023175,1157
1753600069473,07:07:49.473,mexc,ACH/USDT:USDT,0.023169,39614,0.023168,17488,0.023174,61870,0.023175,1157
1753600069881,07:07:49.881,mexc,ACH/USDT:USDT,0.023169,39614,0.023168,17488,0.023174,61870,0.023175,1157
1753600069881,07:07:49.881,mexc,ACH/USDT:USDT,0.023169,39614,0.023168,17488,0.023174,61870,0.023175,1157
1753600070674,07:07:50.674,mexc,ACH/USDT:USDT,0.023169,39614,0.023168,22387,0.023174,61870,0.023175,1157
1753600070674,07:07:50.674,mexc,ACH/USDT:USDT,0.023169,39614,0.023168,22387,0.023174,61870,0.023175,1157
1753600071077,07:07:51.077,mexc,ACH/USDT:USDT,0.023169,39614,0.023168,17488,0.023174,61870,0.023175,1157
1753600071078,07:07:51.078,mexc,ACH/USDT:USDT,0.023169,39614,0.023168,17488,0.023174,61870,0.023175,1157
1753600071506,07:07:51.506,mexc,ACH/USDT:USDT,0.023169,39614,0.023168,17488,0.023174,61870,0.023175,1157
1753600071515,07:07:51.515,mexc,ACH/USDT:USDT,0.023169,39614,0.023168,17488,0.023174,61870,0.023175,1157
1753600071926,07:07:51.926,mexc,ACH/USDT:USDT,0.023169,39614,0.023168,17488,0.023174,61870,0.023175,1157
1753600071939,07:07:51.939,mexc,ACH/USDT:USDT,0.023169,39614,0.023168,17488,0.023174,61870,0.023175,1157
1753600072280,07:07:52.280,mexc,ACH/USDT:USDT,0.023169,39614,0.023168,17488,0.023174,61870,0.023175,1157
1753600073075,07:07:53.075,mexc,ACH/USDT:USDT,0.023169,39614,0.023168,17488,0.023174,61870,0.023175,1538
1753600073075,07:07:53.075,mexc,ACH/USDT:USDT,0.023169,39614,0.023168,25727,0.023174,61870,0.023175,1538
1753600073479,07:07:53.479,mexc,ACH/USDT:USDT,0.023169,39614,0.023168,25727,0.023174,61870,0.023175,1157
1753600073479,07:07:53.479,mexc,ACH/USDT:USDT,0.023169,39614,0.023168,17488,0.023174,61870,0.023175,1157
1753600074275,07:07:54.275,mexc,ACH/USDT:USDT,0.023169,39614,0.023168,17488,0.023174,61870,0.023175,1157
1753600074276,07:07:54.276,mexc,ACH/USDT:USDT,0.023169,39614,0.023168,17488,0.023174,61870,0.023175,1157
1753600074615,07:07:54.615,mexc,ACH/USDT:USDT,0.023169,29935,0.023168,8478,0.023171,195064,0.023172,993
1753600075475,07:07:55.475,mexc,ACH/USDT:USDT,0.023169,29935,0.023168,8478,0.023171,195064,0.023172,993
1753600075475,07:07:55.475,mexc,ACH/USDT:USDT,0.023169,29935,0.023168,11276,0.023171,195064,0.023172,993
1753600075882,07:07:55.882,mexc,ACH/USDT:USDT,0.023169,29935,0.023168,8478,0.023171,195064,0.023172,993
1753600075883,07:07:55.883,mexc,ACH/USDT:USDT,0.023169,29935,0.023168,8478,0.023171,195064,0.023172,993
1753600076676,07:07:56.676,mexc,ACH/USDT:USDT,0.023169,29935,0.023168,8478,0.023171,195064,0.023172,993
1753600076676,07:07:56.676,mexc,ACH/USDT:USDT,0.023169,29935,0.023168,8478,0.023171,195064,0.023172,1224
1753600076922,07:07:56.922,mexc,ACH/USDT:USDT,0.023163,41356,0.023162,1978,0.023167,47441,0.023168,101678
1753600077506,07:07:57.506,mexc,ACH/USDT:USDT,0.023163,41356,0.023162,1978,0.023167,47441,0.023168,101678
1753600077517,07:07:57.517,mexc,ACH/USDT:USDT,0.023163,41356,0.023162,1978,0.023167,47441,0.023168,101678
1753600077929,07:07:57.929,mexc,ACH/USDT:USDT,0.023163,41356,0.023162,1978,0.023167,47441,0.023168,101678
1753600078110,07:07:58.110,mexc,ACH/USDT:USDT,0.023163,41356,0.023162,1978,0.023167,47441,0.023168,101678
1753600078280,07:07:58.280,mexc,ACH/USDT:USDT,0.023163,41356,0.023162,1978,0.023167,47441,0.023168,101678
1753600079077,07:07:59.077,mexc,ACH/USDT:USDT,0.023163,41356,0.023162,1978,0.023167,47441,0.023168,101678
1753600079077,07:07:59.077,mexc,ACH/USDT:USDT,0.023163,41356,0.023162,1978,0.023167,47441,0.023168,101678
1753600079479,07:07:59.479,mexc,ACH/USDT:USDT,0.023163,41356,0.023162,1978,0.023167,47441,0.023168,101678
1753600079479,07:07:59.479,mexc,ACH/USDT:USDT,0.023163,41356,0.023162,1978,0.023167,47441,0.023168,101678
1753600080277,07:08:00.277,mexc,ACH/USDT:USDT,0.023163,41356,0.023162,1978,0.023167,47441,0.023168,101678
1753600080277,07:08:00.277,mexc,ACH/USDT:USDT,0.023163,41356,0.023162,2415,0.023167,47441,0.023168,114611
1753600080680,07:08:00.680,mexc,ACH/USDT:USDT,0.023163,41356,0.023162,2415,0.023167,47441,0.023168,114611
1753600080709,07:08:00.709,mexc,ACH/USDT:USDT,0.023163,41356,0.023162,1978,0.023167,44989,0.023168,101678
1753600081476,07:08:01.476,mexc,ACH/USDT:USDT,0.023163,41356,0.023162,1978,0.023167,44989,0.023168,139086
1753600081476,07:08:01.476,mexc,ACH/USDT:USDT,0.023163,41356,0.023162,1978,0.023167,44989,0.023168,139086
1753600081882,07:08:01.882,mexc,ACH/USDT:USDT,0.023163,41356,0.023162,1978,0.023167,44989,0.023168,101678
1753600081895,07:08:01.895,mexc,ACH/USDT:USDT,0.023159,5027,0.023158,38485,0.02316,154702,0.023161,210455
1753600082676,07:08:02.676,mexc,ACH/USDT:USDT,0.023159,5027,0.023158,38485,0.02316,154702,0.023161,210455
1753600082677,07:08:02.677,mexc,ACH/USDT:USDT,0.023159,5027,0.023158,38485,0.02316,154702,0.023161,274585
1753600083080,07:08:03.080,mexc,ACH/USDT:USDT,0.023159,5027,0.023158,38485,0.02316,154702,0.023161,274585
1753600083081,07:08:03.081,mexc,ACH/USDT:USDT,0.023159,5027,0.023158,38485,0.02316,154702,0.023161,210455
1753600083507,07:08:03.507,mexc,ACH/USDT:USDT,0.023159,5027,0.023158,38485,0.02316,154702,0.023161,210455
1753600083527,07:08:03.527,mexc,ACH/USDT:USDT,0.023159,5027,0.023158,38485,0.02316,154702,0.023161,210455
1753600083929,07:08:03.929,mexc,ACH/USDT:USDT,0.023159,5027,0.023158,39069,0.02316,154702,0.023161,210455
1753600083941,07:08:03.941,mexc,ACH/USDT:USDT,0.023159,5027,0.023158,39069,0.02316,154702,0.023161,210455
1753600084286,07:08:04.286,mexc,ACH/USDT:USDT,0.023159,5027,0.023158,38485,0.02316,154702,0.023161,210455
1753600085077,07:08:05.077,mexc,ACH/USDT:USDT,0.023159,5027,0.023158,38716,0.02316,154702,0.023161,210455
1753600085078,07:08:05.078,mexc,ACH/USDT:USDT,0.023159,5027,0.023158,39104,0.02316,154702,0.023161,290792
1753600085480,07:08:05.480,mexc,ACH/USDT:USDT,0.023159,5027,0.023158,38485,0.02316,154702,0.023161,210455
1753600086276,07:08:06.276,mexc,ACH/USDT:USDT,0.023159,5027,0.023158,38485,0.02316,154702,0.023161,210455
1753600086278,07:08:06.278,mexc,ACH/USDT:USDT,0.023159,5027,0.023158,38485,0.02316,154702,0.023161,210455
1753600086680,07:08:06.680,mexc,ACH/USDT:USDT,0.023159,5027,0.023158,38485,0.02316,154702,0.023161,210455
1753600086681,07:08:06.681,mexc,ACH/USDT:USDT,0.023159,5027,0.023158,38485,0.02316,154702,0.023161,210455
1753600087477,07:08:07.477,mexc,ACH/USDT:USDT,0.023159,5027,0.023158,38485,0.02316,154702,0.023161,210455
1753600087668,07:08:07.668,mexc,ACH/USDT:USDT,0.023155,2562,0.023154,11414,0.023156,113347,0.023157,1852
1753600088677,07:08:08.677,mexc,ACH/USDT:USDT,0.023155,2562,0.023154,11414,0.023156,113347,0.023157,1852
1753600088677,07:08:08.677,mexc,ACH/USDT:USDT,0.023155,2562,0.023154,11414,0.023156,113347,0.023157,1852
1753600089081,07:08:09.081,mexc,ACH/USDT:USDT,0.023155,2562,0.023154,11414,0.023156,113347,0.023157,1852
1753600089081,07:08:09.081,mexc,ACH/USDT:USDT,0.023155,2562,0.023154,11414,0.023156,113347,0.023157,1852
1753600089512,07:08:09.512,mexc,ACH/USDT:USDT,0.023155,2562,0.023154,11414,0.023156,113347,0.023157,1852
1753600089521,07:08:09.521,mexc,ACH/USDT:USDT,0.023155,2562,0.023154,11414,0.023156,113347,0.023157,1852
1753600089934,07:08:09.934,mexc,ACH/USDT:USDT,0.023155,2562,0.023154,13881,0.023156,113347,0.023157,1852
1753600089944,07:08:09.944,mexc,ACH/USDT:USDT,0.023155,2562,0.023154,13881,0.023156,113347,0.023157,1852
1753600090281,07:08:10.281,mexc,ACH/USDT:USDT,0.023155,2562,0.023154,11414,0.023156,113347,0.023157,1852
1753600091077,07:08:11.077,mexc,ACH/USDT:USDT,0.023155,2562,0.023154,11414,0.023156,113347,0.023157,1852
1753600091078,07:08:11.078,mexc,ACH/USDT:USDT,0.023155,2562,0.023154,11414,0.023156,113347,0.023157,2688
1753600091482,07:08:11.482,mexc,ACH/USDT:USDT,0.023155,2562,0.023154,11414,0.023156,113347,0.023157,2688
1753600091482,07:08:11.482,mexc,ACH/USDT:USDT,0.023155,2562,0.023154,11414,0.023156,113347,0.023157,1852
1753600092278,07:08:12.278,mexc,ACH/USDT:USDT,0.023155,2562,0.023154,11414,0.023156,113347,0.023157,2324
1753600092278,07:08:12.278,mexc,ACH/USDT:USDT,0.023155,2562,0.023154,11414,0.023156,113347,0.023157,2324
1753600092680,07:08:12.680,mexc,ACH/USDT:USDT,0.023155,2562,0.023154,11414,0.023156,113347,0.023157,1852
1753600092681,07:08:12.681,mexc,ACH/USDT:USDT,0.023155,2562,0.023154,11414,0.023156,113347,0.023157,1852
1753600093478,07:08:13.478,mexc,ACH/USDT:USDT,0.023155,2562,0.023154,11414,0.023156,113347,0.023157,1852
1753600093620,07:08:13.620,mexc,ACH/USDT:USDT,0.023151,6137,0.02315,4274,0.023153,265076,0.023154,2210
1753600094677,07:08:14.677,mexc,ACH/USDT:USDT,0.023151,6137,0.02315,4274,0.023153,265076,0.023154,2210
1753600094677,07:08:14.677,mexc,ACH/USDT:USDT,0.023151,6137,0.02315,5163,0.023153,265076,0.023154,2841
1753600095081,07:08:15.081,mexc,ACH/USDT:USDT,0.023151,6137,0.02315,5163,0.023153,265076,0.023154,2841
1753600095083,07:08:15.083,mexc,ACH/USDT:USDT,0.023151,6137,0.02315,4274,0.023153,265076,0.023154,2210
1753600095512,07:08:15.512,mexc,ACH/USDT:USDT,0.023151,6137,0.02315,4274,0.023153,265076,0.023154,2210
1753600095524,07:08:15.524,mexc,ACH/USDT:USDT,0.023151,6137,0.02315,4274,0.023153,265076,0.023154,2210
1753600095937,07:08:15.937,mexc,ACH/USDT:USDT,0.023151,6137,0.02315,6086,0.023153,265076,0.023154,3255
1753600095950,07:08:15.950,mexc,ACH/USDT:USDT,0.023151,6137,0.02315,6086,0.023153,265076,0.023154,3255
1753600096282,07:08:16.282,mexc,ACH/USDT:USDT,0.023151,6137,0.02315,4274,0.023153,265076,0.023154,2210
1753600097079,07:08:17.079,mexc,ACH/USDT:USDT,0.023151,6137,0.02315,4274,0.023153,265076,0.023154,2210
1753600097080,07:08:17.080,mexc,ACH/USDT:USDT,0.023151,6137,0.02315,6315,0.023153,265076,0.023154,2210
1753600097483,07:08:17.483,mexc,ACH/USDT:USDT,0.023151,6137,0.02315,5677,0.023153,265076,0.023154,2210
1753600097483,07:08:17.483,mexc,ACH/USDT:USDT,0.023151,6137,0.02315,4274,0.023153,265076,0.023154,2210
1753600098279,07:08:18.279,mexc,ACH/USDT:USDT,0.023151,6137,0.02315,4274,0.023153,265076,0.023154,2210
1753600098279,07:08:18.279,mexc,ACH/USDT:USDT,0.023151,6137,0.02315,4274,0.023153,265076,0.023154,2210
1753600098683,07:08:18.683,mexc,ACH/USDT:USDT,0.023151,6137,0.02315,4274,0.023153,265076,0.023154,2210
1753600098683,07:08:18.683,mexc,ACH/USDT:USDT,0.023151,6137,0.02315,4274,0.023153,265076,0.023154,2210
1753600099480,07:08:19.480,mexc,ACH/USDT:USDT,0.023151,6137,0.02315,4274,0.023153,265076,0.023154,2210
1753600099623,07:08:19.623,mexc,ACH/USDT:USDT,0.023152,83259,0.023151,12529,0.023154,16023,0.023155,2304
1753600100679,07:08:20.679,mexc,ACH/USDT:USDT,0.023152,83259,0.023151,12529,0.023154,16023,0.023155,3426
1753600100679,07:08:20.679,mexc,ACH/USDT:USDT,0.023152,83259,0.023151,12529,0.023154,16023,0.023155,3426
1753600101083,07:08:21.083,mexc,ACH/USDT:USDT,0.023152,83259,0.023151,12529,0.023154,16023,0.023155,3426
1753600101083,07:08:21.083,mexc,ACH/USDT:USDT,0.023152,83259,0.023151,12529,0.023154,16023,0.023155,2304
1753600101513,07:08:21.513,mexc,ACH/USDT:USDT,0.023152,83259,0.023151,12529,0.023154,16023,0.023155,2304
1753600101525,07:08:21.525,mexc,ACH/USDT:USDT,0.023152,83259,0.023151,12529,0.023154,16023,0.023155,2304
1753600101943,07:08:21.943,mexc,ACH/USDT:USDT,0.023152,83259,0.023151,12529,0.023154,16023,0.023155,2304
1753600101959,07:08:21.959,mexc,ACH/USDT:USDT,0.023152,83259,0.023151,12529,0.023154,16023,0.023155,2304
1753600102283,07:08:22.283,mexc,ACH/USDT:USDT,0.023152,83259,0.023151,12529,0.023154,16023,0.023155,2304
1753600103081,07:08:23.081,mexc,ACH/USDT:USDT,0.023152,83259,0.023151,16808,0.023154,16023,0.023155,2304
1753600103082,07:08:23.082,mexc,ACH/USDT:USDT,0.023152,83259,0.023151,20319,0.023154,16023,0.023155,2874
1753600103483,07:08:23.483,mexc,ACH/USDT:USDT,0.023152,83259,0.023151,16040,0.023154,16023,0.023155,2874
1753600103484,07:08:23.484,mexc,ACH/USDT:USDT,0.023152,83259,0.023151,12529,0.023154,16023,0.023155,2304
1753600104282,07:08:24.282,mexc,ACH/USDT:USDT,0.023152,83259,0.023151,12529,0.023154,16023,0.023155,2304
1753600104283,07:08:24.283,mexc,ACH/USDT:USDT,0.023152,83259,0.023151,12529,0.023154,16023,0.023155,2630
1753600104682,07:08:24.682,mexc,ACH/USDT:USDT,0.023152,83259,0.023151,12529,0.023154,16023,0.023155,2630
1753600104683,07:08:24.683,mexc,ACH/USDT:USDT,0.023152,83259,0.023151,12529,0.023154,16023,0.023155,2304
1753600105480,07:08:25.480,mexc,ACH/USDT:USDT,0.023152,83259,0.023151,12529,0.023154,16023,0.023155,2304
1753600105623,07:08:25.623,mexc,ACH/USDT:USDT,0.02315,42551,0.023149,3106,0.023153,357025,0.023154,17112
1753600106680,07:08:26.680,mexc,ACH/USDT:USDT,0.02315,42551,0.023149,3106,0.023153,357025,0.023154,17112
1753600106681,07:08:26.681,mexc,ACH/USDT:USDT,0.02315,42551,0.023149,3106,0.023153,357025,0.023154,19347
1753600107083,07:08:27.083,mexc,ACH/USDT:USDT,0.02315,42551,0.023149,3106,0.023153,357025,0.023154,19347
1753600107084,07:08:27.084,mexc,ACH/USDT:USDT,0.02315,42551,0.023149,3106,0.023153,357025,0.023154,17112
1753600107520,07:08:27.520,mexc,ACH/USDT:USDT,0.02315,42551,0.023149,3106,0.023153,357025,0.023154,17112
1753600107533,07:08:27.533,mexc,ACH/USDT:USDT,0.02315,42551,0.023149,3106,0.023153,357025,0.023154,17112
1753600107944,07:08:27.944,mexc,ACH/USDT:USDT,0.02315,42551,0.023149,3641,0.023153,357025,0.023154,17112
1753600107956,07:08:27.956,mexc,ACH/USDT:USDT,0.02315,42551,0.023149,3641,0.023153,357025,0.023154,17112
1753600108287,07:08:28.287,mexc,ACH/USDT:USDT,0.02315,42551,0.023149,3106,0.023153,357025,0.023154,17112
1753600109083,07:08:29.083,mexc,ACH/USDT:USDT,0.02315,42551,0.023149,3106,0.023153,357025,0.023154,17112
1753600109084,07:08:29.084,mexc,ACH/USDT:USDT,0.02315,42551,0.023149,3106,0.023153,357025,0.023154,17112
1753600109485,07:08:29.485,mexc,ACH/USDT:USDT,0.02315,42551,0.023149,3106,0.023153,357025,0.023154,17112
1753600109485,07:08:29.485,mexc,ACH/USDT:USDT,0.02315,42551,0.023149,3106,0.023153,357025,0.023154,17112
1753600110286,07:08:30.286,mexc,ACH/USDT:USDT,0.02315,42551,0.023149,3106,0.023153,357025,0.023154,17112
1753600110289,07:08:30.289,mexc,ACH/USDT:USDT,0.02315,42551,0.023149,3840,0.023153,357025,0.023154,17112
1753600110687,07:08:30.687,mexc,ACH/USDT:USDT,0.02315,42551,0.023149,3106,0.023153,357025,0.023154,17112
1753600110687,07:08:30.687,mexc,ACH/USDT:USDT,0.02315,42551,0.023149,3106,0.023153,357025,0.023154,17112
1753600111483,07:08:31.483,mexc,ACH/USDT:USDT,0.02315,42551,0.023149,3106,0.023153,357025,0.023154,17112
1753600111627,07:08:31.627,mexc,ACH/USDT:USDT,0.023153,21354,0.023152,13334,0.023156,7897,0.023157,1351
1753600112684,07:08:32.684,mexc,ACH/USDT:USDT,0.023153,21354,0.023152,13334,0.023156,7897,0.023157,1514
1753600112684,07:08:32.684,mexc,ACH/USDT:USDT,0.023153,21354,0.023152,19729,0.023156,7897,0.023157,2013
1753600113086,07:08:33.086,mexc,ACH/USDT:USDT,0.023153,21354,0.023152,19729,0.023156,7897,0.023157,1850
1753600113087,07:08:33.087,mexc,ACH/USDT:USDT,0.023153,21354,0.023152,13334,0.023156,7897,0.023157,1351
1753600113524,07:08:33.524,mexc,ACH/USDT:USDT,0.023153,21354,0.023152,13334,0.023156,7897,0.023157,1351
1753600113538,07:08:33.538,mexc,ACH/USDT:USDT,0.023153,21354,0.023152,13334,0.023156,7897,0.023157,1351
1753600113947,07:08:33.947,mexc,ACH/USDT:USDT,0.023153,21354,0.023152,13334,0.023156,7897,0.023157,1953
1753600113961,07:08:33.961,mexc,ACH/USDT:USDT,0.023153,21354,0.023152,13334,0.023156,7897,0.023157,1953
1753600114288,07:08:34.288,mexc,ACH/USDT:USDT,0.023153,21354,0.023152,13334,0.023156,7897,0.023157,1351
1753600115082,07:08:35.082,mexc,ACH/USDT:USDT,0.023153,21354,0.023152,13334,0.023156,7897,0.023157,1351
1753600115083,07:08:35.083,mexc,ACH/USDT:USDT,0.023153,21354,0.023152,13334,0.023156,7897,0.023157,1351
1753600115486,07:08:35.486,mexc,ACH/USDT:USDT,0.023153,21354,0.023152,13334,0.023156,7897,0.023157,1351
1753600115487,07:08:35.487,mexc,ACH/USDT:USDT,0.023153,21354,0.023152,13334,0.023156,7897,0.023157,1351
1753600116287,07:08:36.287,mexc,ACH/USDT:USDT,0.023153,21354,0.023152,13334,0.023156,7897,0.023157,1351
1753600116307,07:08:36.307,mexc,ACH/USDT:USDT,0.023153,21354,0.023152,13334,0.023156,7897,0.023157,1351
1753600116681,07:08:36.681,mexc,ACH/USDT:USDT,0.023154,11574,0.023153,31501,0.023155,1057,0.023156,8689
1753600117483,07:08:37.483,mexc,ACH/USDT:USDT,0.023154,11574,0.023153,31501,0.023155,1057,0.023156,8689
1753600117483,07:08:37.483,mexc,ACH/USDT:USDT,0.023154,11574,0.023153,38147,0.023155,1057,0.023156,12427
1753600117887,07:08:37.887,mexc,ACH/USDT:USDT,0.023154,11574,0.023153,38147,0.023155,1057,0.023156,12427
1753600117888,07:08:37.888,mexc,ACH/USDT:USDT,0.023154,11574,0.023153,31501,0.023155,1057,0.023156,8689
1753600118684,07:08:38.684,mexc,ACH/USDT:USDT,0.023154,11574,0.023153,31501,0.023155,1057,0.023156,8689
1753600118684,07:08:38.684,mexc,ACH/USDT:USDT,0.023154,11574,0.023153,31501,0.023155,1057,0.023156,11720
1753600119086,07:08:39.086,mexc,ACH/USDT:USDT,0.023154,11574,0.023153,31501,0.023155,1057,0.023156,11720
1753600119086,07:08:39.086,mexc,ACH/USDT:USDT,0.023154,11574,0.023153,31501,0.023155,1057,0.023156,8689
1753600119525,07:08:39.525,mexc,ACH/USDT:USDT,0.023154,11574,0.023153,31501,0.023155,1057,0.023156,8689
1753600119535,07:08:39.535,mexc,ACH/USDT:USDT,0.023154,11574,0.023153,31501,0.023155,1057,0.023156,8689
1753600119951,07:08:39.951,mexc,ACH/USDT:USDT,0.023154,11574,0.023153,37248,0.023155,1057,0.023156,10946
1753600119964,07:08:39.964,mexc,ACH/USDT:USDT,0.023154,11574,0.023153,37248,0.023155,1057,0.023156,10946
1753600120294,07:08:40.294,mexc,ACH/USDT:USDT,0.023154,11574,0.023153,31501,0.023155,1057,0.023156,8689
1753600120811,07:08:40.811,mexc,ACH/USDT:USDT,0.023154,11574,0.023153,31501,0.023155,1057,0.023156,8689
1753600120890,07:08:40.890,mexc,ACH/USDT:USDT,0.023163,49531,0.023162,59897,0.023166,26156,0.023167,191859
1753600121085,07:08:41.085,mexc,ACH/USDT:USDT,0.023163,49531,0.023162,78153,0.023166,26156,0.023167,191859
1753600121490,07:08:41.490,mexc,ACH/USDT:USDT,0.023163,49531,0.023162,59897,0.023166,26156,0.023167,191859
1753600121491,07:08:41.491,mexc,ACH/USDT:USDT,0.023163,49531,0.023162,59897,0.023166,26156,0.023167,191859
1753600122284,07:08:42.284,mexc,ACH/USDT:USDT,0.023163,49531,0.023162,59897,0.023166,26156,0.023167,191859
1753600122285,07:08:42.285,mexc,ACH/USDT:USDT,0.023163,49531,0.023162,59897,0.023166,26156,0.023167,191859
1753600122689,07:08:42.689,mexc,ACH/USDT:USDT,0.023163,49531,0.023162,59897,0.023166,26156,0.023167,191859
1753600122689,07:08:42.689,mexc,ACH/USDT:USDT,0.023163,49531,0.023162,59897,0.023166,26156,0.023167,191859
1753600123486,07:08:43.486,mexc,ACH/USDT:USDT,0.023163,49531,0.023162,59897,0.023166,26156,0.023167,196213
1753600123488,07:08:43.488,mexc,ACH/USDT:USDT,0.023163,49531,0.023162,59897,0.023166,26156,0.023167,197934
1753600123890,07:08:43.890,mexc,ACH/USDT:USDT,0.023163,49531,0.023162,59897,0.023166,26156,0.023167,191859
1753600123890,07:08:43.890,mexc,ACH/USDT:USDT,0.023163,49531,0.023162,59897,0.023166,26156,0.023167,191859
1753600124686,07:08:44.686,mexc,ACH/USDT:USDT,0.023163,49531,0.023162,59897,0.023166,26156,0.023167,191859
1753600124690,07:08:44.690,mexc,ACH/USDT:USDT,0.023163,49531,0.023162,69157,0.023166,26156,0.023167,191859
1753600125089,07:08:45.089,mexc,ACH/USDT:USDT,0.023163,49531,0.023162,69157,0.023166,26156,0.023167,191859
1753600125089,07:08:45.089,mexc,ACH/USDT:USDT,0.023163,49531,0.023162,59897,0.023166,26156,0.023167,191859
1753600125529,07:08:45.529,mexc,ACH/USDT:USDT,0.023163,49531,0.023162,59897,0.023166,26156,0.023167,191859
1753600125538,07:08:45.538,mexc,ACH/USDT:USDT,0.023163,49531,0.023162,59897,0.023166,26156,0.023167,191859
1753600125954,07:08:45.954,mexc,ACH/USDT:USDT,0.023163,49531,0.023162,86528,0.023166,26156,0.023167,191859
1753600125968,07:08:45.968,mexc,ACH/USDT:USDT,0.023163,49531,0.023162,86528,0.023166,26156,0.023167,191859
1753600126290,07:08:46.290,mexc,ACH/USDT:USDT,0.023163,49531,0.023162,59897,0.023166,26156,0.023167,191859
1753600126685,07:08:46.685,mexc,ACH/USDT:USDT,0.023167,10754,0.023166,3027,0.023168,25148,0.023169,1839
1753600127084,07:08:47.084,mexc,ACH/USDT:USDT,0.023167,10754,0.023166,3027,0.023168,25148,0.023169,1839
1753600127085,07:08:47.085,mexc,ACH/USDT:USDT,0.023167,10754,0.023166,4179,0.023168,25148,0.023169,2062
1753600127491,07:08:47.491,mexc,ACH/USDT:USDT,0.023167,10754,0.023166,3027,0.023168,25148,0.023169,2062
1753600127491,07:08:47.491,mexc,ACH/USDT:USDT,0.023167,10754,0.023166,3027,0.023168,25148,0.023169,1839
1753600128286,07:08:48.286,mexc,ACH/USDT:USDT,0.023167,10754,0.023166,3027,0.023168,25148,0.023169,1839
1753600128287,07:08:48.287,mexc,ACH/USDT:USDT,0.023167,10754,0.023166,4229,0.023168,25148,0.023169,2711
1753600128691,07:08:48.691,mexc,ACH/USDT:USDT,0.023167,10754,0.023166,3622,0.023168,25148,0.023169,2711
1753600128692,07:08:48.692,mexc,ACH/USDT:USDT,0.023167,10754,0.023166,3027,0.023168,25148,0.023169,1839
1753600129160,07:08:49.160,mexc,ACH/USDT:USDT,0.023167,10754,0.023166,3027,0.023168,25148,0.023169,1839
1753600129165,07:08:49.165,mexc,ACH/USDT:USDT,0.023157,34070,0.023156,130135,0.023168,25148,0.023169,1839
1753600129488,07:08:49.488,mexc,ACH/USDT:USDT,0.023157,34070,0.023156,130135,0.023168,25148,0.023169,2238
1753600129891,07:08:49.891,mexc,ACH/USDT:USDT,0.023157,34070,0.023156,130135,0.023168,25148,0.023169,1839
1753600130686,07:08:50.686,mexc,ACH/USDT:USDT,0.023157,34070,0.023156,130135,0.023168,25148,0.023169,1839
1753600130687,07:08:50.687,mexc,ACH/USDT:USDT,0.023157,34070,0.023156,130135,0.023168,25148,0.023169,2706
1753600131090,07:08:51.090,mexc,ACH/USDT:USDT,0.023157,34070,0.023156,130135,0.023168,25148,0.023169,2706
1753600131090,07:08:51.090,mexc,ACH/USDT:USDT,0.023157,34070,0.023156,130135,0.023168,25148,0.023169,1839
1753600131529,07:08:51.529,mexc,ACH/USDT:USDT,0.023157,34070,0.023156,130135,0.023168,25148,0.023169,1839
1753600131540,07:08:51.540,mexc,ACH/USDT:USDT,0.023157,34070,0.023156,130135,0.023168,25148,0.023169,1839
1753600131957,07:08:51.957,mexc,ACH/USDT:USDT,0.023157,34070,0.023156,130549,0.023168,25148,0.023169,2899
1753600131969,07:08:51.969,mexc,ACH/USDT:USDT,0.023157,34070,0.023156,130549,0.023168,25148,0.023169,2899
1753600132290,07:08:52.290,mexc,ACH/USDT:USDT,0.023157,34070,0.023156,130135,0.023168,25148,0.023169,1839
1753600133089,07:08:53.089,mexc,ACH/USDT:USDT,0.023157,34070,0.023156,130135,0.023168,25148,0.023169,1839
1753600133089,07:08:53.089,mexc,ACH/USDT:USDT,0.023157,34070,0.023156,130135,0.023168,25148,0.023169,1839
1753600133490,07:08:53.490,mexc,ACH/USDT:USDT,0.023157,34070,0.023156,130135,0.023168,25148,0.023169,1839
1753600134288,07:08:54.288,mexc,ACH/USDT:USDT,0.023157,34070,0.023156,130135,0.023168,25148,0.023169,1839
1753600134289,07:08:54.289,mexc,ACH/USDT:USDT,0.023157,34070,0.023156,130135,0.023168,25148,0.023169,1839
1753600134692,07:08:54.692,mexc,ACH/USDT:USDT,0.023164,311219,0.023163,6821,0.023168,25064,0.023169,1931
1753600134692,07:08:54.692,mexc,ACH/USDT:USDT,0.023164,311219,0.023163,6821,0.023168,25064,0.023169,1931
1753600135487,07:08:55.487,mexc,ACH/USDT:USDT,0.023164,311219,0.023163,6821,0.023168,25064,0.023169,1931
1753600135487,07:08:55.487,mexc,ACH/USDT:USDT,0.023164,311219,0.023163,6821,0.023168,25064,0.023169,2880
1753600135890,07:08:55.890,mexc,ACH/USDT:USDT,0.023164,311219,0.023163,6821,0.023168,25064,0.023169,1931
1753600135891,07:08:55.891,mexc,ACH/USDT:USDT,0.023164,311219,0.023163,6821,0.023168,25064,0.023169,1931
1753600136687,07:08:56.687,mexc,ACH/USDT:USDT,0.023164,311219,0.023163,6821,0.023168,25064,0.023169,1931
1753600136687,07:08:56.687,mexc,ACH/USDT:USDT,0.023164,311219,0.023163,6821,0.023168,25064,0.023169,2618
1753600137090,07:08:57.090,mexc,ACH/USDT:USDT,0.023164,311219,0.023163,6821,0.023168,25064,0.023169,2618
1753600137090,07:08:57.090,mexc,ACH/USDT:USDT,0.023164,311219,0.023163,6821,0.023168,25064,0.023169,1931
1753600137530,07:08:57.530,mexc,ACH/USDT:USDT,0.023164,311219,0.023163,6821,0.023168,25064,0.023169,1931
1753600137541,07:08:57.541,mexc,ACH/USDT:USDT,0.023164,311219,0.023163,6821,0.023168,25064,0.023169,1931
1753600137964,07:08:57.964,mexc,ACH/USDT:USDT,0.023164,311219,0.023163,6821,0.023168,25064,0.023169,1931
1753600137980,07:08:57.980,mexc,ACH/USDT:USDT,0.023164,311219,0.023163,6821,0.023168,25064,0.023169,1931
1753600138362,07:08:58.362,mexc,ACH/USDT:USDT,0.023164,311219,0.023163,6821,0.023168,25064,0.023169,1931
1753600139087,07:08:59.087,mexc,ACH/USDT:USDT,0.023164,311219,0.023163,6821,0.023168,25064,0.023169,1931
1753600139088,07:08:59.088,mexc,ACH/USDT:USDT,0.023164,311219,0.023163,8723,0.023168,25064,0.023169,2626
1753600139490,07:08:59.490,mexc,ACH/USDT:USDT,0.023164,311219,0.023163,8723,0.023168,25064,0.023169,2626
1753600139491,07:08:59.491,mexc,ACH/USDT:USDT,0.023164,311219,0.023163,6821,0.023168,25064,0.023169,1931
1753600140287,07:09:00.287,mexc,ACH/USDT:USDT,0.023164,311219,0.023163,6821,0.023168,25064,0.023169,1931
1753600140287,07:09:00.287,mexc,ACH/USDT:USDT,0.023164,311219,0.023163,6821,0.023168,25064,0.023169,2552
1753600140687,07:09:00.687,mexc,ACH/USDT:USDT,0.023166,115557,0.023164,311219,0.023167,6620,0.023168,12904
1753600140691,07:09:00.691,mexc,ACH/USDT:USDT,0.023166,115557,0.023165,352366,0.023167,6620,0.023168,12904
1753600141487,07:09:01.487,mexc,ACH/USDT:USDT,0.023166,115557,0.023165,352366,0.023167,6620,0.023168,12904
1753600141487,07:09:01.487,mexc,ACH/USDT:USDT,0.023166,115557,0.023165,352366,0.023167,6620,0.023168,14377
1753600141892,07:09:01.892,mexc,ACH/USDT:USDT,0.023166,115557,0.023165,352366,0.023167,6620,0.023168,14377
1753600141892,07:09:01.892,mexc,ACH/USDT:USDT,0.023166,115557,0.023165,352366,0.023167,6620,0.023168,12904
1753600142688,07:09:02.688,mexc,ACH/USDT:USDT,0.023166,115557,0.023165,352366,0.023167,6620,0.023168,12904
1753600142688,07:09:02.688,mexc,ACH/USDT:USDT,0.023166,115557,0.023165,352366,0.023167,6620,0.023168,16748
1753600143093,07:09:03.093,mexc,ACH/USDT:USDT,0.023166,115557,0.023165,352366,0.023167,6620,0.023168,16748
1753600143093,07:09:03.093,mexc,ACH/USDT:USDT,0.023166,115557,0.023165,352366,0.023167,6620,0.023168,12904
1753600143530,07:09:03.530,mexc,ACH/USDT:USDT,0.023166,115557,0.023165,352366,0.023167,6620,0.023168,12904
1753600143542,07:09:03.542,mexc,ACH/USDT:USDT,0.023166,115557,0.023165,352366,0.023167,6620,0.023168,12904
1753600143964,07:09:03.964,mexc,ACH/USDT:USDT,0.023166,115557,0.023165,352366,0.023167,6620,0.023168,16968
1753600143980,07:09:03.980,mexc,ACH/USDT:USDT,0.023166,115557,0.023165,352366,0.023167,6620,0.023168,16968
1753600144293,07:09:04.293,mexc,ACH/USDT:USDT,0.023166,115557,0.023165,352366,0.023167,6620,0.023168,12904
1753600145088,07:09:05.088,mexc,ACH/USDT:USDT,0.023166,115557,0.023165,352366,0.023167,6620,0.023168,12904
1753600145089,07:09:05.089,mexc,ACH/USDT:USDT,0.023166,115557,0.023165,352366,0.023167,6620,0.023168,12904
1753600145464,07:09:05.464,mexc,ACH/USDT:USDT,0.023167,126411,0.023166,115557,0.023176,97166,0.023177,153123
1753600146289,07:09:06.289,mexc,ACH/USDT:USDT,0.023167,126411,0.023166,115557,0.023176,97166,0.023177,158374
1753600146289,07:09:06.289,mexc,ACH/USDT:USDT,0.023167,126411,0.023166,115557,0.023176,97166,0.023177,158374
1753600146692,07:09:06.692,mexc,ACH/USDT:USDT,0.023167,126411,0.023166,115557,0.023176,97166,0.023177,153123
1753600146692,07:09:06.692,mexc,ACH/USDT:USDT,0.023167,126411,0.023166,115557,0.023176,97166,0.023177,153123
1753600147489,07:09:07.489,mexc,ACH/USDT:USDT,0.023167,126411,0.023166,115557,0.023176,97166,0.023177,153123
1753600147490,07:09:07.490,mexc,ACH/USDT:USDT,0.023167,126411,0.023166,217792,0.023176,97166,0.023177,153123
1753600147893,07:09:07.893,mexc,ACH/USDT:USDT,0.023167,126411,0.023166,217792,0.023176,97166,0.023177,153123
1753600147893,07:09:07.893,mexc,ACH/USDT:USDT,0.023167,126411,0.023166,115557,0.023176,97166,0.023177,153123
1753600148690,07:09:08.690,mexc,ACH/USDT:USDT,0.023167,126411,0.023166,115557,0.023176,97166,0.023177,156063
1753600148690,07:09:08.690,mexc,ACH/USDT:USDT,0.023167,126411,0.023166,115557,0.023176,97166,0.023177,156063
1753600149093,07:09:09.093,mexc,ACH/USDT:USDT,0.023167,126411,0.023166,115557,0.023176,97166,0.023177,153123
1753600149095,07:09:09.095,mexc,ACH/USDT:USDT,0.023167,126411,0.023166,115557,0.023176,97166,0.023177,153123
1753600149531,07:09:09.531,mexc,ACH/USDT:USDT,0.023167,126411,0.023166,115557,0.023176,97166,0.023177,153123
1753600149542,07:09:09.542,mexc,ACH/USDT:USDT,0.023167,126411,0.023166,115557,0.023176,97166,0.023177,153123
1753600149889,07:09:09.889,mexc,ACH/USDT:USDT,0.023167,126411,0.023166,115557,0.023176,97166,0.023177,159152
1753600150293,07:09:10.293,mexc,ACH/USDT:USDT,0.023167,126411,0.023166,115557,0.023176,97166,0.023177,159152
1753600150293,07:09:10.293,mexc,ACH/USDT:USDT,0.023167,126411,0.023166,115557,0.023176,97166,0.023177,153123
1753600150693,07:09:10.693,mexc,ACH/USDT:USDT,0.023174,45882,0.023173,63266,0.023177,36366,0.023178,23879
1753600151091,07:09:11.091,mexc,ACH/USDT:USDT,0.023174,45882,0.023173,63266,0.023177,36366,0.023178,23879
1753600151091,07:09:11.091,mexc,ACH/USDT:USDT,0.023174,45882,0.023173,63266,0.023177,36366,0.023178,31951
1753600151494,07:09:11.494,mexc,ACH/USDT:USDT,0.023174,45882,0.023173,63266,0.023177,36366,0.023178,23879
1753600152291,07:09:12.291,mexc,ACH/USDT:USDT,0.023174,45882,0.023173,63266,0.023177,36366,0.023178,23879
1753600152292,07:09:12.292,mexc,ACH/USDT:USDT,0.023174,45882,0.023173,63266,0.023177,36366,0.023178,27954
1753600152696,07:09:12.696,mexc,ACH/USDT:USDT,0.023174,45882,0.023173,63266,0.023177,36366,0.023178,27954
1753600152696,07:09:12.696,mexc,ACH/USDT:USDT,0.023174,45882,0.023173,63266,0.023177,36366,0.023178,23879
1753600153492,07:09:13.492,mexc,ACH/USDT:USDT,0.023174,45882,0.023173,63266,0.023177,36366,0.023178,23879
1753600153492,07:09:13.492,mexc,ACH/USDT:USDT,0.023174,45882,0.023173,63266,0.023177,36366,0.023178,23879
1753600153895,07:09:13.895,mexc,ACH/USDT:USDT,0.023174,45882,0.023173,63266,0.023177,36366,0.023178,23879
1753600153895,07:09:13.895,mexc,ACH/USDT:USDT,0.023174,45882,0.023173,63266,0.023177,36366,0.023178,23879
1753600154693,07:09:14.693,mexc,ACH/USDT:USDT,0.023174,45882,0.023173,63266,0.023177,36366,0.023178,23879
1753600154693,07:09:14.693,mexc,ACH/USDT:USDT,0.023174,45882,0.023173,82872,0.023177,36366,0.023178,30900
1753600155096,07:09:15.096,mexc,ACH/USDT:USDT,0.023174,45882,0.023173,82872,0.023177,36366,0.023178,30900
1753600155098,07:09:15.098,mexc,ACH/USDT:USDT,0.023174,45882,0.023173,63266,0.023177,36366,0.023178,23879
1753600155533,07:09:15.533,mexc,ACH/USDT:USDT,0.023174,45882,0.023173,63266,0.023177,36366,0.023178,23879
1753600155543,07:09:15.543,mexc,ACH/USDT:USDT,0.023174,45882,0.023173,63266,0.023177,36366,0.023178,23879
1753600155892,07:09:15.892,mexc,ACH/USDT:USDT,0.023174,45882,0.023173,84223,0.023177,36366,0.023178,27884
1753600156295,07:09:16.295,mexc,ACH/USDT:USDT,0.023174,45882,0.023173,84223,0.023177,36366,0.023178,23879
1753600156296,07:09:16.296,mexc,ACH/USDT:USDT,0.023174,45882,0.023173,63266,0.023177,36366,0.023178,23879
1753600156694,07:09:16.694,mexc,ACH/USDT:USDT,0.023176,462186,0.023175,3019,0.023177,33563,0.023178,22038
1753600157093,07:09:17.093,mexc,ACH/USDT:USDT,0.023176,462186,0.023175,3019,0.023177,33563,0.023178,22038
1753600157093,07:09:17.093,mexc,ACH/USDT:USDT,0.023176,462186,0.023175,3019,0.023177,33563,0.023178,31808
1753600157496,07:09:17.496,mexc,ACH/USDT:USDT,0.023176,462186,0.023175,3019,0.023177,33563,0.023178,31808
1753600157496,07:09:17.496,mexc,ACH/USDT:USDT,0.023176,462186,0.023175,3019,0.023177,33563,0.023178,22038
1753600158362,07:09:18.362,mexc,ACH/USDT:USDT,0.023176,462186,0.023175,3019,0.023177,33563,0.023178,22038
1753600158363,07:09:18.363,mexc,ACH/USDT:USDT,0.023176,462186,0.023175,3019,0.023177,33563,0.023178,22038
1753600158766,07:09:18.766,mexc,ACH/USDT:USDT,0.023176,462186,0.023175,3019,0.023177,33563,0.023178,22038
1753600158766,07:09:18.766,mexc,ACH/USDT:USDT,0.023176,462186,0.023175,3019,0.023177,33563,0.023178,22038
1753600159208,07:09:19.208,mexc,ACH/USDT:USDT,0.023176,462186,0.023175,3019,0.023181,332,0.023182,3416
1753600159492,07:09:19.492,mexc,ACH/USDT:USDT,0.023176,462186,0.023175,3019,0.023179,489,0.023181,332
1753600159566,07:09:19.566,mexc,ACH/USDT:USDT,0.023176,462186,0.023175,3019,0.023179,489,0.023181,1215
1753600159897,07:09:19.897,mexc,ACH/USDT:USDT,0.023176,462186,0.023175,3019,0.023181,1215,0.023182,3416
1753600159971,07:09:19.971,mexc,ACH/USDT:USDT,0.023176,462186,0.023175,3019,0.023181,332,0.023182,3416
1753600160692,07:09:20.692,mexc,ACH/USDT:USDT,0.023176,462186,0.023175,3019,0.023179,461,0.023181,332
1753600160764,07:09:20.764,mexc,ACH/USDT:USDT,0.023176,462186,0.023175,3336,0.023179,461,0.023181,1048
1753600161096,07:09:21.096,mexc,ACH/USDT:USDT,0.023176,462186,0.023175,3336,0.023181,1048,0.023182,3416
1753600161167,07:09:21.167,mexc,ACH/USDT:USDT,0.023176,462186,0.023175,3019,0.023181,332,0.023182,3416
1753600161533,07:09:21.533,mexc,ACH/USDT:USDT,0.023176,462186,0.023175,3019,0.023181,332,0.023182,3416
1753600161546,07:09:21.546,mexc,ACH/USDT:USDT,0.023176,462186,0.023175,3019,0.023181,332,0.023182,3416
1753600161964,07:09:21.964,mexc,ACH/USDT:USDT,0.023176,462186,0.023175,3019,0.023181,2675,0.023182,3416
1753600161964,07:09:21.964,mexc,ACH/USDT:USDT,0.023176,462186,0.023175,3523,0.023181,2675,0.023182,3416
1753600162368,07:09:22.368,mexc,ACH/USDT:USDT,0.023176,462186,0.023175,3019,0.023181,332,0.023182,3416
1753600162697,07:09:22.697,mexc,ACH/USDT:USDT,0.023177,103912,0.023176,292586,0.023178,10255,0.023179,1385
1753600162697,07:09:22.697,mexc,ACH/USDT:USDT,0.023177,103912,0.023176,292586,0.023178,10255,0.023179,1385
1753600163094,07:09:23.094,mexc,ACH/USDT:USDT,0.023177,103912,0.023176,292586,0.023178,10255,0.023179,1385
1753600163164,07:09:23.164,mexc,ACH/USDT:USDT,0.023177,103912,0.023176,292586,0.023178,10255,0.023179,1385
1753600163497,07:09:23.497,mexc,ACH/USDT:USDT,0.023177,103912,0.023176,292586,0.023178,10255,0.023179,1385
1753600163569,07:09:23.569,mexc,ACH/USDT:USDT,0.023177,103912,0.023176,292586,0.023178,10255,0.023179,1385
1753600164293,07:09:24.293,mexc,ACH/USDT:USDT,0.023177,103912,0.023176,292586,0.023178,10255,0.023179,1875
1753600164365,07:09:24.365,mexc,ACH/USDT:USDT,0.023177,103912,0.023176,292586,0.023178,10255,0.023179,1875
1753600164697,07:09:24.697,mexc,ACH/USDT:USDT,0.023177,103912,0.023176,292586,0.023178,10255,0.023179,1385
1753600164768,07:09:24.768,mexc,ACH/USDT:USDT,0.023177,103912,0.023176,292586,0.023178,10255,0.023179,1385
1753600165495,07:09:25.495,mexc,ACH/USDT:USDT,0.023177,103912,0.023176,292586,0.023178,10255,0.023179,1385
1753600165565,07:09:25.565,mexc,ACH/USDT:USDT,0.023177,103912,0.023176,423987,0.023178,10255,0.023179,2015
1753600165897,07:09:25.897,mexc,ACH/USDT:USDT,0.023177,103912,0.023176,423987,0.023178,10255,0.023179,2015
1753600165969,07:09:25.969,mexc,ACH/USDT:USDT,0.023177,103912,0.023176,292586,0.023178,10255,0.023179,1385
1753600166695,07:09:26.695,mexc,ACH/USDT:USDT,0.023177,103912,0.023176,292586,0.023178,10255,0.023179,1574
1753600166765,07:09:26.765,mexc,ACH/USDT:USDT,0.023177,103912,0.023176,389934,0.023178,10255,0.023179,1574
1753600167098,07:09:27.098,mexc,ACH/USDT:USDT,0.023177,103912,0.023176,389934,0.023178,10255,0.023179,1385
1753600167168,07:09:27.168,mexc,ACH/USDT:USDT,0.023177,103912,0.023176,292586,0.023178,10255,0.023179,1385
1753600167534,07:09:27.534,mexc,ACH/USDT:USDT,0.023177,103912,0.023176,292586,0.023178,10255,0.023179,1385
1753600167547,07:09:27.547,mexc,ACH/USDT:USDT,0.023177,103912,0.023176,292586,0.023178,10255,0.023179,1385
1753600167967,07:09:27.967,mexc,ACH/USDT:USDT,0.023177,103912,0.023176,292586,0.023178,10255,0.023179,1385
1753600167967,07:09:27.967,mexc,ACH/USDT:USDT,0.023177,103912,0.023176,292586,0.023178,10255,0.023179,1385
1753600168369,07:09:28.369,mexc,ACH/USDT:USDT,0.023177,103912,0.023176,292586,0.023178,10255,0.023179,1385
1753600168369,07:09:28.369,mexc,ACH/USDT:USDT,0.023177,103912,0.023176,292586,0.023178,10255,0.023179,1385
1753600168699,07:09:28.699,mexc,ACH/USDT:USDT,0.023177,90137,0.023176,334178,0.023178,8526,0.023179,1123
1753600169095,07:09:29.095,mexc,ACH/USDT:USDT,0.023177,90137,0.023176,334178,0.023178,8526,0.023179,1123
1753600169166,07:09:29.166,mexc,ACH/USDT:USDT,0.023177,90137,0.023176,415816,0.023178,8526,0.023179,1302
1753600169497,07:09:29.497,mexc,ACH/USDT:USDT,0.023177,90137,0.023176,415816,0.023178,8526,0.023179,1302
1753600169572,07:09:29.572,mexc,ACH/USDT:USDT,0.023177,90137,0.023176,334178,0.023178,8526,0.023179,1123
1753600170295,07:09:30.295,mexc,ACH/USDT:USDT,0.023177,90137,0.023176,334178,0.023178,8526,0.023179,1123
1753600170367,07:09:30.367,mexc,ACH/USDT:USDT,0.023177,90137,0.023176,334178,0.023183,2359,0.023184,19220
1753600170769,07:09:30.769,mexc,ACH/USDT:USDT,0.023177,90137,0.023176,334178,0.023183,2359,0.023184,19220
1753600170770,07:09:30.770,mexc,ACH/USDT:USDT,0.023177,90137,0.023176,334178,0.023183,2359,0.023184,19220
1753600171496,07:09:31.496,mexc,ACH/USDT:USDT,0.023177,90137,0.023176,334178,0.023179,536,0.023183,2359
1753600171566,07:09:31.566,mexc,ACH/USDT:USDT,0.023177,90137,0.023176,472379,0.023179,536,0.02318,1238
1753600171898,07:09:31.898,mexc,ACH/USDT:USDT,0.023177,90137,0.023176,472379,0.02318,1238,0.023183,2359
1753600171970,07:09:31.970,mexc,ACH/USDT:USDT,0.023177,90137,0.023176,334178,0.023183,2359,0.023184,19220
1753600172696,07:09:32.696,mexc,ACH/USDT:USDT,0.023177,90137,0.023176,334178,0.023181,688,0.023183,2359
1753600172766,07:09:32.766,mexc,ACH/USDT:USDT,0.023177,90137,0.023176,500456,0.023181,688,0.023182,1125
1753600173099,07:09:33.099,mexc,ACH/USDT:USDT,0.023177,90137,0.023176,500456,0.023182,1125,0.023183,2359
1753600173170,07:09:33.170,mexc,ACH/USDT:USDT,0.023177,90137,0.023176,334178,0.023183,2359,0.023184,19220
1753600173537,07:09:33.537,mexc,ACH/USDT:USDT,0.023177,90137,0.023176,334178,0.023183,2359,0.023184,19220
1753600173549,07:09:33.549,mexc,ACH/USDT:USDT,0.023177,90137,0.023176,334178,0.023183,2359,0.023184,19220
1753600173967,07:09:33.967,mexc,ACH/USDT:USDT,0.023177,90137,0.023176,334178,0.023182,4625,0.023183,2359
1753600173967,07:09:33.967,mexc,ACH/USDT:USDT,0.023177,90137,0.023176,436000,0.023182,4625,0.023183,2359
1753600174370,07:09:34.370,mexc,ACH/USDT:USDT,0.023177,90137,0.023176,436000,0.023183,2359,0.023184,19220
1753600174371,07:09:34.371,mexc,ACH/USDT:USDT,0.023177,90137,0.023176,334178,0.023183,2359,0.023184,19220
1753600174700,07:09:34.700,mexc,ACH/USDT:USDT,0.023177,122233,0.023176,359747,0.023178,8345,0.023179,1062
1753600175099,07:09:35.099,mexc,ACH/USDT:USDT,0.023177,122233,0.023176,359747,0.023178,8345,0.023179,1062
1753600175167,07:09:35.167,mexc,ACH/USDT:USDT,0.023177,122233,0.023176,359747,0.023178,8345,0.023179,1062
1753600175570,07:09:35.570,mexc,ACH/USDT:USDT,0.023177,122233,0.023176,359747,0.023178,8345,0.023179,1062
1753600175570,07:09:35.570,mexc,ACH/USDT:USDT,0.023177,122233,0.023176,359747,0.023178,8345,0.023179,1062
1753600176297,07:09:36.297,mexc,ACH/USDT:USDT,0.023177,122233,0.023176,359747,0.023178,8345,0.023179,1062
1753600176367,07:09:36.367,mexc,ACH/USDT:USDT,0.023177,122233,0.023176,406888,0.023178,8345,0.023179,1062
1753600176700,07:09:36.700,mexc,ACH/USDT:USDT,0.023177,122233,0.023176,406888,0.023178,8345,0.023179,1062
1753600176770,07:09:36.770,mexc,ACH/USDT:USDT,0.023177,122233,0.023176,359747,0.023178,8345,0.023179,1062
1753600177498,07:09:37.498,mexc,ACH/USDT:USDT,0.023177,122233,0.023176,359747,0.023178,8345,0.023179,1062
1753600177571,07:09:37.571,mexc,ACH/USDT:USDT,0.023177,122233,0.023176,359747,0.023178,8345,0.023179,1294
1753600177901,07:09:37.901,mexc,ACH/USDT:USDT,0.023177,122233,0.023176,359747,0.023178,8345,0.023179,1294
1753600177971,07:09:37.971,mexc,ACH/USDT:USDT,0.023177,122233,0.023176,359747,0.023178,8345,0.023179,1062
1753600178698,07:09:38.698,mexc,ACH/USDT:USDT,0.023177,122233,0.023176,359747,0.023178,8345,0.023179,1484
1753600178768,07:09:38.768,mexc,ACH/USDT:USDT,0.023177,122233,0.023176,440206,0.023178,8345,0.023179,1484
1753600179170,07:09:39.170,mexc,ACH/USDT:USDT,0.023177,122233,0.023176,359747,0.023178,8345,0.023179,1062
1753600179170,07:09:39.170,mexc,ACH/USDT:USDT,0.023177,122233,0.023176,359747,0.023178,8345,0.023179,1062
1753600179550,07:09:39.550,mexc,ACH/USDT:USDT,0.023177,122233,0.023176,359747,0.023178,8345,0.023179,1062
1753600179967,07:09:39.967,mexc,ACH/USDT:USDT,0.023177,122233,0.023176,359747,0.023178,8345,0.023179,1231
1753600179967,07:09:39.967,mexc,ACH/USDT:USDT,0.023177,122233,0.023176,359747,0.023178,8345,0.023179,1231
1753600180370,07:09:40.370,mexc,ACH/USDT:USDT,0.023177,122233,0.023176,359747,0.023178,8345,0.023179,1062
1753600180370,07:09:40.370,mexc,ACH/USDT:USDT,0.023177,122233,0.023176,359747,0.023178,8345,0.023179,1062
1753600180703,07:09:40.703,mexc,ACH/USDT:USDT,0.023175,14665,0.023174,3202,0.023176,26563,0.023177,15977
1753600181096,07:09:41.096,mexc,ACH/USDT:USDT,0.023175,14665,0.023174,3202,0.023176,26563,0.023177,15977
1753600181173,07:09:41.173,mexc,ACH/USDT:USDT,0.023175,14665,0.023174,3202,0.023176,26563,0.023177,15977
1753600181501,07:09:41.501,mexc,ACH/USDT:USDT,0.023175,14665,0.023174,3202,0.023176,26563,0.023177,15977
1753600181582,07:09:41.582,mexc,ACH/USDT:USDT,0.023175,14665,0.023174,3202,0.023176,26563,0.023177,15977
1753600182296,07:09:42.296,mexc,ACH/USDT:USDT,0.023175,14665,0.023174,3202,0.023176,26563,0.023177,15977
1753600182369,07:09:42.369,mexc,ACH/USDT:USDT,0.023175,14665,0.023174,3202,0.023176,26563,0.023177,15977
1753600182702,07:09:42.702,mexc,ACH/USDT:USDT,0.023175,14665,0.023174,3202,0.023176,26563,0.023177,15977
1753600182772,07:09:42.772,mexc,ACH/USDT:USDT,0.023175,14665,0.023174,3202,0.023176,26563,0.023177,15977
1753600183498,07:09:43.498,mexc,ACH/USDT:USDT,0.023175,14665,0.023174,3202,0.023176,26563,0.023177,15977
1753600183573,07:09:43.573,mexc,ACH/USDT:USDT,0.023175,14665,0.023174,3202,0.023176,26563,0.023177,18089
1753600183902,07:09:43.902,mexc,ACH/USDT:USDT,0.023175,14665,0.023174,3202,0.023176,26563,0.023177,18089
1753600183978,07:09:43.978,mexc,ACH/USDT:USDT,0.023175,14665,0.023174,3202,0.023176,26563,0.023177,15977
1753600184698,07:09:44.698,mexc,ACH/USDT:USDT,0.023175,14665,0.023174,3202,0.023176,26563,0.023177,15977
1753600184769,07:09:44.769,mexc,ACH/USDT:USDT,0.023175,14665,0.023174,3202,0.023176,26563,0.023177,22672
1753600185102,07:09:45.102,mexc,ACH/USDT:USDT,0.023175,14665,0.023174,3202,0.023176,26563,0.023177,22672
1753600185173,07:09:45.173,mexc,ACH/USDT:USDT,0.023175,14665,0.023174,3202,0.023176,26563,0.023177,15977
1753600185539,07:09:45.539,mexc,ACH/USDT:USDT,0.023175,14665,0.023174,3202,0.023176,26563,0.023177,15977
1753600185551,07:09:45.551,mexc,ACH/USDT:USDT,0.023175,14665,0.023174,3202,0.023176,26563,0.023177,15977
1753600185970,07:09:45.970,mexc,ACH/USDT:USDT,0.023175,14665,0.023174,3202,0.023176,26563,0.023177,22723
1753600185971,07:09:45.971,mexc,ACH/USDT:USDT,0.023175,14665,0.023174,3202,0.023176,26563,0.023177,22723
1753600186373,07:09:46.373,mexc,ACH/USDT:USDT,0.023175,14665,0.023174,3202,0.023176,26563,0.023177,15977
1753600186373,07:09:46.373,mexc,ACH/USDT:USDT,0.023175,14665,0.023174,3202,0.023176,26563,0.023177,15977
1753600186705,07:09:46.705,mexc,ACH/USDT:USDT,0.023173,1997,0.023172,1788,0.023174,33733,0.023175,2342
1753600187098,07:09:47.098,mexc,ACH/USDT:USDT,0.023173,1997,0.023172,1788,0.023174,33733,0.023175,2342
1753600187170,07:09:47.170,mexc,ACH/USDT:USDT,0.023173,1997,0.023172,2059,0.023174,33733,0.023175,2342
1753600187503,07:09:47.503,mexc,ACH/USDT:USDT,0.023173,1997,0.023172,2059,0.023174,33733,0.023175,2342
1753600187573,07:09:47.573,mexc,ACH/USDT:USDT,0.023173,1997,0.023172,1788,0.023174,33733,0.023175,2342
1753600188298,07:09:48.298,mexc,ACH/USDT:USDT,0.023173,1997,0.023172,1788,0.023174,33733,0.023175,2775
1753600188369,07:09:48.369,mexc,ACH/USDT:USDT,0.023173,1997,0.023172,1788,0.023174,33733,0.023175,3164
1753600188702,07:09:48.702,mexc,ACH/USDT:USDT,0.023173,1997,0.023172,1788,0.023174,33733,0.023175,2731
1753600188773,07:09:48.773,mexc,ACH/USDT:USDT,0.023173,1997,0.023172,1788,0.023174,33733,0.023175,2342
1753600189499,07:09:49.499,mexc,ACH/USDT:USDT,0.023173,1997,0.023172,1788,0.023174,33733,0.023175,3184
1753600189579,07:09:49.579,mexc,ACH/USDT:USDT,0.023173,1997,0.023172,1788,0.023174,33733,0.023175,4013
1753600189902,07:09:49.902,mexc,ACH/USDT:USDT,0.023173,1997,0.023172,1788,0.023174,33733,0.023175,3171
1753600189981,07:09:49.981,mexc,ACH/USDT:USDT,0.023173,1997,0.023172,1788,0.023174,33733,0.023175,2342
1753600190599,07:09:50.599,mexc,ACH/USDT:USDT,0.023173,1997,0.023172,1788,0.023174,33733,0.023175,2342
1753600190770,07:09:50.770,mexc,ACH/USDT:USDT,0.023173,1997,0.023172,1788,0.023174,33733,0.023175,2342
1753600191032,07:09:51.032,mexc,ACH/USDT:USDT,0.023173,1997,0.023172,1788,0.023174,33733,0.023175,2342
1753600191175,07:09:51.175,mexc,ACH/USDT:USDT,0.023173,1997,0.023172,1788,0.023174,33733,0.023175,2342
1753600191899,07:09:51.899,mexc,ACH/USDT:USDT,0.023173,1997,0.023172,1788,0.023174,33733,0.023175,2342
1753600191972,07:09:51.972,mexc,ACH/USDT:USDT,0.023173,1997,0.023172,2088,0.023174,33733,0.023175,2342
1753600192303,07:09:52.303,mexc,ACH/USDT:USDT,0.023173,1997,0.023172,2088,0.023174,33733,0.023175,2342
1753600192375,07:09:52.375,mexc,ACH/USDT:USDT,0.023173,1997,0.023172,1788,0.023174,33733,0.023175,2342
1753600192706,07:09:52.706,mexc,ACH/USDT:USDT,0.023173,358707,0.023172,1788,0.023174,47142,0.023175,1843
1753600192708,07:09:52.708,mexc,ACH/USDT:USDT,0.023173,356710,0.023172,1436,0.023174,47142,0.023175,1843
1753600193173,07:09:53.173,mexc,ACH/USDT:USDT,0.023173,356710,0.023172,1436,0.023174,47142,0.023175,2618
1753600193173,07:09:53.173,mexc,ACH/USDT:USDT,0.023173,356710,0.023172,1436,0.023174,47142,0.023175,2618
1753600193575,07:09:53.575,mexc,ACH/USDT:USDT,0.023173,356710,0.023172,1436,0.023174,47142,0.023175,1843
1753600193575,07:09:53.575,mexc,ACH/USDT:USDT,0.023173,356710,0.023172,1436,0.023174,47142,0.023175,1843
1753600194299,07:09:54.299,mexc,ACH/USDT:USDT,0.023173,356710,0.023172,1436,0.023174,47142,0.023175,1843
1753600194372,07:09:54.372,mexc,ACH/USDT:USDT,0.023173,356710,0.023172,1939,0.023174,47142,0.023175,1843
1753600194703,07:09:54.703,mexc,ACH/USDT:USDT,0.023173,356710,0.023172,1939,0.023174,47142,0.023175,1843
1753600194775,07:09:54.775,mexc,ACH/USDT:USDT,0.023173,356710,0.023172,1436,0.023174,47142,0.023175,1843
1753600195499,07:09:55.499,mexc,ACH/USDT:USDT,0.023173,356710,0.023172,1436,0.023174,47142,0.023175,1843
1753600195573,07:09:55.573,mexc,ACH/USDT:USDT,0.023173,356710,0.023172,1436,0.023174,47142,0.023175,1843
1753600195976,07:09:55.976,mexc,ACH/USDT:USDT,0.023173,356710,0.023172,1436,0.023174,47142,0.023175,1843
1753600195976,07:09:55.976,mexc,ACH/USDT:USDT,0.023173,356710,0.023172,1436,0.023174,47142,0.023175,1843
1753600196601,07:09:56.601,mexc,ACH/USDT:USDT,0.023173,356710,0.023172,1436,0.023174,47142,0.023175,1843
1753600196773,07:09:56.773,mexc,ACH/USDT:USDT,0.023173,356710,0.023172,1851,0.023174,47142,0.023175,2170
1753600197035,07:09:57.035,mexc,ACH/USDT:USDT,0.023173,356710,0.023172,1851,0.023174,47142,0.023175,2170
1753600197177,07:09:57.177,mexc,ACH/USDT:USDT,0.023173,356710,0.023172,1436,0.023174,47142,0.023175,1843
1753600197899,07:09:57.899,mexc,ACH/USDT:USDT,0.023173,356710,0.023172,1436,0.023174,47142,0.023175,1843
1753600197973,07:09:57.973,mexc,ACH/USDT:USDT,0.023173,356710,0.023172,1436,0.023174,47142,0.023175,2396
1753600198303,07:09:58.303,mexc,ACH/USDT:USDT,0.023173,356710,0.023172,1436,0.023174,47142,0.023175,2396
1753600198376,07:09:58.376,mexc,ACH/USDT:USDT,0.023173,356710,0.023172,1436,0.023174,47142,0.023175,1843
1753600198704,07:09:58.704,mexc,ACH/USDT:USDT,0.023173,622383,0.023172,1436,0.023174,23694,0.023175,2069
1753600198708,07:09:58.708,mexc,ACH/USDT:USDT,0.023173,265673,0.023172,1166,0.023174,23694,0.023175,2069
1753600199177,07:09:59.177,mexc,ACH/USDT:USDT,0.023173,265673,0.023172,1166,0.023174,23694,0.023175,2069
1753600199177,07:09:59.177,mexc,ACH/USDT:USDT,0.023173,265673,0.023172,1166,0.023174,23694,0.023175,2069
1753600199582,07:09:59.582,mexc,ACH/USDT:USDT,0.023173,265673,0.023172,1166,0.023174,23694,0.023175,2069
1753600199582,07:09:59.582,mexc,ACH/USDT:USDT,0.023173,265673,0.023172,1166,0.023174,23694,0.023175,2069
1753600200301,07:10:00.301,mexc,ACH/USDT:USDT,0.023173,265673,0.023172,1166,0.023174,23694,0.023175,2069
1753600200373,07:10:00.373,mexc,ACH/USDT:USDT,0.023173,265673,0.023172,1959,0.023174,23694,0.023175,2380
1753600200704,07:10:00.704,mexc,ACH/USDT:USDT,0.023173,265673,0.023172,1959,0.023174,23694,0.023175,2380
1753600200776,07:10:00.776,mexc,ACH/USDT:USDT,0.023173,265673,0.023172,1166,0.023174,23694,0.023175,2069
1753600201501,07:10:01.501,mexc,ACH/USDT:USDT,0.023173,265673,0.023172,1166,0.023174,23694,0.023175,2949
1753600201574,07:10:01.574,mexc,ACH/USDT:USDT,0.023173,265673,0.023172,1475,0.023174,23694,0.023175,2949
1753600201906,07:10:01.906,mexc,ACH/USDT:USDT,0.023173,265673,0.023172,1475,0.023174,23694,0.023175,2069
1753600201976,07:10:01.976,mexc,ACH/USDT:USDT,0.023173,265673,0.023172,1166,0.023174,23694,0.023175,2069
1753600202604,07:10:02.604,mexc,ACH/USDT:USDT,0.023173,265673,0.023172,1166,0.023174,23694,0.023175,2069
1753600202776,07:10:02.776,mexc,ACH/USDT:USDT,0.023173,265673,0.023172,1166,0.023174,23694,0.023175,2547
1753600203043,07:10:03.043,mexc,ACH/USDT:USDT,0.023173,265673,0.023172,1166,0.023174,23694,0.023175,2547
1753600203177,07:10:03.177,mexc,ACH/USDT:USDT,0.023173,265673,0.023172,1166,0.023174,23694,0.023175,2069
1753600203901,07:10:03.901,mexc,ACH/USDT:USDT,0.023173,265673,0.023172,1166,0.023174,23694,0.023175,2808
1753600203974,07:10:03.974,mexc,ACH/USDT:USDT,0.023173,265673,0.023172,1166,0.023174,23694,0.023175,2808
1753600204307,07:10:04.307,mexc,ACH/USDT:USDT,0.023173,265673,0.023172,1166,0.023174,23694,0.023175,2069
1753600204379,07:10:04.379,mexc,ACH/USDT:USDT,0.023173,265673,0.023172,1166,0.023174,23694,0.023175,2069
1753600204706,07:10:04.706,mexc,ACH/USDT:USDT,0.023173,636554,0.023172,1166,0.023174,39527,0.023175,1706
1753600204709,07:10:04.709,mexc,ACH/USDT:USDT,0.023173,370881,0.023172,81122,0.023174,39527,0.023175,1706
1753600205174,07:10:05.174,mexc,ACH/USDT:USDT,0.023173,370881,0.023172,81122,0.023174,39527,0.023175,2501
1753600205174,07:10:05.174,mexc,ACH/USDT:USDT,0.023173,370881,0.023172,113674,0.023174,39527,0.023175,2501
1753600205578,07:10:05.578,mexc,ACH/USDT:USDT,0.023173,370881,0.023172,113674,0.023174,39527,0.023175,1706
1753600205578,07:10:05.578,mexc,ACH/USDT:USDT,0.023173,370881,0.023172,81122,0.023174,39527,0.023175,1706
1753600206302,07:10:06.302,mexc,ACH/USDT:USDT,0.023173,370881,0.023172,81122,0.023174,39527,0.023175,2042
1753600206374,07:10:06.374,mexc,ACH/USDT:USDT,0.023173,370881,0.023172,81122,0.023174,39527,0.023175,2042
1753600206705,07:10:06.705,mexc,ACH/USDT:USDT,0.023173,370881,0.023172,81122,0.023174,39527,0.023175,1706
1753600206776,07:10:06.776,mexc,ACH/USDT:USDT,0.023173,370881,0.023172,81122,0.023174,39527,0.023175,1706
1753600207502,07:10:07.502,mexc,ACH/USDT:USDT,0.023173,370881,0.023172,81122,0.023174,39527,0.023175,1706
1753600207573,07:10:07.573,mexc,ACH/USDT:USDT,0.023173,370881,0.023172,81122,0.023174,39527,0.023175,1706
1753600207905,07:10:07.905,mexc,ACH/USDT:USDT,0.023173,370881,0.023172,81122,0.023174,39527,0.023175,1706
1753600207978,07:10:07.978,mexc,ACH/USDT:USDT,0.023173,370881,0.023172,81122,0.023174,39527,0.023175,1706
1753600208605,07:10:08.605,mexc,ACH/USDT:USDT,0.023173,370881,0.023172,81122,0.023174,39527,0.023175,1706
1753600208775,07:10:08.775,mexc,ACH/USDT:USDT,0.023173,370881,0.023172,81122,0.023174,39527,0.023175,2002
1753600209043,07:10:09.043,mexc,ACH/USDT:USDT,0.023173,370881,0.023172,81122,0.023174,39527,0.023175,2002
1753600209178,07:10:09.178,mexc,ACH/USDT:USDT,0.023173,370881,0.023172,81122,0.023174,39527,0.023175,1706
1753600209904,07:10:09.904,mexc,ACH/USDT:USDT,0.023173,370881,0.023172,81122,0.023174,39527,0.023175,1706
1753600209974,07:10:09.974,mexc,ACH/USDT:USDT,0.023173,370881,0.023172,121026,0.023174,39527,0.023175,2525
1753600210379,07:10:10.379,mexc,ACH/USDT:USDT,0.023173,370881,0.023172,110754,0.023174,39527,0.023175,1706
1753600210379,07:10:10.379,mexc,ACH/USDT:USDT,0.023173,370881,0.023172,81122,0.023174,39527,0.023175,1706
1753600210709,07:10:10.709,mexc,ACH/USDT:USDT,0.023173,297436,0.023172,25431,0.023174,38914,0.023175,2093
1753600211104,07:10:11.104,mexc,ACH/USDT:USDT,0.023173,297436,0.023172,25431,0.023174,38914,0.023175,2093
1753600211182,07:10:11.182,mexc,ACH/USDT:USDT,0.023173,297436,0.023172,25431,0.023174,38914,0.023175,2362
1753600211508,07:10:11.508,mexc,ACH/USDT:USDT,0.023173,297436,0.023172,25431,0.023174,38914,0.023175,2362
1753600211577,07:10:11.577,mexc,ACH/USDT:USDT,0.023173,297436,0.023172,25431,0.023174,38914,0.023175,2093
1753600212304,07:10:12.304,mexc,ACH/USDT:USDT,0.023173,297436,0.023172,25431,0.023174,38914,0.023175,2093
1753600212375,07:10:12.375,mexc,ACH/USDT:USDT,0.023173,297436,0.023172,25431,0.023174,38914,0.023175,2093
1753600212707,07:10:12.707,mexc,ACH/USDT:USDT,0.023173,297436,0.023172,25431,0.023174,38914,0.023175,2093
1753600212780,07:10:12.780,mexc,ACH/USDT:USDT,0.023173,297436,0.023172,25431,0.023174,38914,0.023175,2093
1753600213503,07:10:13.503,mexc,ACH/USDT:USDT,0.023173,297436,0.023172,25431,0.023174,38914,0.023175,2093
1753600213574,07:10:13.574,mexc,ACH/USDT:USDT,0.023173,297436,0.023172,25431,0.023174,38914,0.023175,2093
1753600213978,07:10:13.978,mexc,ACH/USDT:USDT,0.023173,297436,0.023172,25431,0.023174,38914,0.023175,2093
1753600213978,07:10:13.978,mexc,ACH/USDT:USDT,0.023173,297436,0.023172,25431,0.023174,38914,0.023175,2093
1753600214605,07:10:14.605,mexc,ACH/USDT:USDT,0.023173,297436,0.023172,25431,0.023174,38914,0.023175,2093
1753600214775,07:10:14.775,mexc,ACH/USDT:USDT,0.023173,297436,0.023172,25431,0.023174,38914,0.023175,2093
1753600215047,07:10:15.047,mexc,ACH/USDT:USDT,0.023173,297436,0.023172,25431,0.023174,38914,0.023175,2093
1753600215179,07:10:15.179,mexc,ACH/USDT:USDT,0.023173,297436,0.023172,25431,0.023174,38914,0.023175,2093
1753600215905,07:10:15.905,mexc,ACH/USDT:USDT,0.023173,297436,0.023172,25431,0.023174,38914,0.023175,2093
1753600215974,07:10:15.974,mexc,ACH/USDT:USDT,0.023173,297436,0.023172,36595,0.023174,38914,0.023175,2093
1753600216309,07:10:16.309,mexc,ACH/USDT:USDT,0.023173,297436,0.023172,36595,0.023174,38914,0.023175,2093
1753600216379,07:10:16.379,mexc,ACH/USDT:USDT,0.023173,297436,0.023172,25431,0.023174,38914,0.023175,2093
1753600216708,07:10:16.708,mexc,ACH/USDT:USDT,0.023173,671324,0.023172,25431,0.023174,34833,0.023175,5291
1753600216713,07:10:16.713,mexc,ACH/USDT:USDT,0.023173,373888,0.023172,1122,0.023174,34833,0.023175,5291
1753600217175,07:10:17.175,mexc,ACH/USDT:USDT,0.023173,373888,0.023172,1122,0.023174,34833,0.023175,5291
1753600217175,07:10:17.175,mexc,ACH/USDT:USDT,0.023173,373888,0.023172,1122,0.023174,34833,0.023175,5291
1753600217579,07:10:17.579,mexc,ACH/USDT:USDT,0.023173,373888,0.023172,1122,0.023174,34833,0.023175,5291
1753600217579,07:10:17.579,mexc,ACH/USDT:USDT,0.023173,373888,0.023172,1122,0.023174,34833,0.023175,5291
1753600218037,07:10:18.037,mexc,ACH/USDT:USDT,0.023173,373888,0.023172,1122,0.023174,34833,0.023175,5291
1753600218051,07:10:18.051,mexc,ACH/USDT:USDT,0.023167,70590,0.023166,5071,0.023169,74086,0.02317,5505
1753600218377,07:10:18.377,mexc,ACH/USDT:USDT,0.023167,70590,0.023166,7594,0.023169,74086,0.02317,5505
1753600218708,07:10:18.708,mexc,ACH/USDT:USDT,0.023167,70590,0.023166,7594,0.023169,74086,0.02317,5505
1753600218784,07:10:18.784,mexc,ACH/USDT:USDT,0.023167,70590,0.023166,5071,0.023169,74086,0.02317,5505
1753600219504,07:10:19.504,mexc,ACH/USDT:USDT,0.023167,70590,0.023166,5071,0.023169,74086,0.02317,5505
1753600219576,07:10:19.576,mexc,ACH/USDT:USDT,0.023167,70590,0.023166,8752,0.023169,74086,0.02317,5505
1753600219908,07:10:19.908,mexc,ACH/USDT:USDT,0.023167,70590,0.023166,8752,0.023169,74086,0.02317,5505
1753600219979,07:10:19.979,mexc,ACH/USDT:USDT,0.023167,70590,0.023166,5071,0.023169,74086,0.02317,5505
1753600220218,07:10:20.218,mexc,ACH/USDT:USDT,0.023167,70590,0.023166,5071,0.023169,74086,0.02317,5505
1753600220607,07:10:20.607,mexc,ACH/USDT:USDT,0.023167,70590,0.023166,5071,0.023169,74086,0.02317,5505
1753600220776,07:10:20.776,mexc,ACH/USDT:USDT,0.023167,70590,0.023166,5071,0.023169,74086,0.02317,6565
1753600221109,07:10:21.109,mexc,ACH/USDT:USDT,0.023167,70590,0.023166,5071,0.023169,74086,0.02317,6565
1753600221187,07:10:21.187,mexc,ACH/USDT:USDT,0.023167,70590,0.023166,5071,0.023169,74086,0.02317,5505
1753600221905,07:10:21.905,mexc,ACH/USDT:USDT,0.023167,70590,0.023166,5071,0.023169,74086,0.02317,5505
1753600221977,07:10:21.977,mexc,ACH/USDT:USDT,0.023167,70590,0.023166,5071,0.023169,74086,0.02317,5505
1753600222308,07:10:22.308,mexc,ACH/USDT:USDT,0.023167,70590,0.023166,5071,0.023169,74086,0.02317,5505
1753600222382,07:10:22.382,mexc,ACH/USDT:USDT,0.023167,70590,0.023166,5071,0.023169,74086,0.02317,5505
1753600223106,07:10:23.106,mexc,ACH/USDT:USDT,0.023167,70590,0.023166,5071,0.023169,74086,0.02317,5505
1753600223181,07:10:23.181,mexc,ACH/USDT:USDT,0.023167,70590,0.023166,9233,0.023169,74086,0.02317,5505
1753600223508,07:10:23.508,mexc,ACH/USDT:USDT,0.023167,70590,0.023166,9233,0.023169,74086,0.02317,5505
1753600223706,07:10:23.706,mexc,ACH/USDT:USDT,0.023167,70590,0.023166,5071,0.023169,74086,0.02317,5505
1753600223719,07:10:23.719,mexc,ACH/USDT:USDT,0.02317,33057,0.023169,21363,0.023172,3336,0.023173,21110
1753600224306,07:10:24.306,mexc,ACH/USDT:USDT,0.02317,33057,0.023169,21363,0.023172,3336,0.023173,21110
1753600224376,07:10:24.376,mexc,ACH/USDT:USDT,0.02317,33057,0.023169,21363,0.023172,3336,0.023173,21110
1753600224707,07:10:24.707,mexc,ACH/USDT:USDT,0.02317,33057,0.023169,21363,0.023172,3336,0.023173,21110
1753600224782,07:10:24.782,mexc,ACH/USDT:USDT,0.02317,33057,0.023169,21363,0.023172,3336,0.023173,21110
1753600225506,07:10:25.506,mexc,ACH/USDT:USDT,0.02317,33057,0.023169,21363,0.023172,3336,0.023173,21110
1753600225579,07:10:25.579,mexc,ACH/USDT:USDT,0.02317,33057,0.023169,21363,0.023172,3336,0.023173,21110
1753600225910,07:10:25.910,mexc,ACH/USDT:USDT,0.02317,33057,0.023169,21363,0.023172,3336,0.023173,21110
1753600225981,07:10:25.981,mexc,ACH/USDT:USDT,0.02317,33057,0.023169,21363,0.023172,3336,0.023173,21110
1753600226126,07:10:26.126,mexc,ACH/USDT:USDT,0.02317,33057,0.023169,21363,0.023172,3336,0.023173,21110
1753600226607,07:10:26.607,mexc,ACH/USDT:USDT,0.02317,33057,0.023169,21363,0.023172,3336,0.023173,21110
1753600226776,07:10:26.776,mexc,ACH/USDT:USDT,0.02317,33057,0.023169,21363,0.023172,3336,0.023173,21110
1753600227111,07:10:27.111,mexc,ACH/USDT:USDT,0.02317,33057,0.023169,21363,0.023172,3336,0.023173,21110
1753600227180,07:10:27.180,mexc,ACH/USDT:USDT,0.02317,33057,0.023169,21363,0.023172,3336,0.023173,21110
1753600227560,07:10:27.560,mexc,ACH/USDT:USDT,0.02317,33057,0.023169,21363,0.023172,3336,0.023173,21110
1753600227574,07:10:27.574,mexc,ACH/USDT:USDT,0.023165,64828,0.023164,5250,0.023166,73344,0.023167,1446
1753600227978,07:10:27.978,mexc,ACH/USDT:USDT,0.023165,64828,0.023164,5250,0.023166,73344,0.023167,1446
1753600227978,07:10:27.978,mexc,ACH/USDT:USDT,0.023165,64828,0.023164,5250,0.023166,73344,0.023167,1446
1753600228383,07:10:28.383,mexc,ACH/USDT:USDT,0.023165,64828,0.023164,5250,0.023166,73344,0.023167,1446
1753600228383,07:10:28.383,mexc,ACH/USDT:USDT,0.023165,64828,0.023164,5250,0.023166,73344,0.023167,1446
1753600229108,07:10:29.108,mexc,ACH/USDT:USDT,0.023165,64828,0.023164,5250,0.023166,73344,0.023167,1446
1753600229178,07:10:29.178,mexc,ACH/USDT:USDT,0.023165,64828,0.023164,41956,0.023166,73344,0.023167,1446
1753600229511,07:10:29.511,mexc,ACH/USDT:USDT,0.023165,64828,0.023164,41956,0.023166,73344,0.023167,1446
1753600229582,07:10:29.582,mexc,ACH/USDT:USDT,0.023165,64828,0.023164,5250,0.023166,73344,0.023167,1446
1753600230309,07:10:30.309,mexc,ACH/USDT:USDT,0.023165,64828,0.023164,5250,0.023166,73344,0.023167,1714
1753600230377,07:10:30.377,mexc,ACH/USDT:USDT,0.023165,64828,0.023164,5250,0.023166,73344,0.023167,1714
1753600230712,07:10:30.712,mexc,ACH/USDT:USDT,0.023165,64828,0.023164,5250,0.023166,73344,0.023167,1446
1753600230846,07:10:30.846,mexc,ACH/USDT:USDT,0.02317,32747,0.023169,8864,0.023171,38099,0.023172,3336
1753600231508,07:10:31.508,mexc,ACH/USDT:USDT,0.02317,32747,0.023169,8864,0.023171,38099,0.023172,3336
1753600231579,07:10:31.579,mexc,ACH/USDT:USDT,0.02317,32747,0.023169,9851,0.023171,38099,0.023172,3336
1753600231911,07:10:31.911,mexc,ACH/USDT:USDT,0.02317,32747,0.023169,9851,0.023171,38099,0.023172,3336
1753600231983,07:10:31.983,mexc,ACH/USDT:USDT,0.02317,32747,0.023169,8864,0.023171,38099,0.023172,3336
1753600232134,07:10:32.134,mexc,ACH/USDT:USDT,0.02317,32747,0.023169,8864,0.023171,38099,0.023172,3336
1753600232609,07:10:32.609,mexc,ACH/USDT:USDT,0.02317,32747,0.023169,8864,0.023171,38099,0.023172,3336
1753600232778,07:10:32.778,mexc,ACH/USDT:USDT,0.02317,32747,0.023169,12513,0.023171,38099,0.023172,3336
1753600233113,07:10:33.113,mexc,ACH/USDT:USDT,0.02317,32747,0.023169,12513,0.023171,38099,0.023172,3336
1753600233182,07:10:33.182,mexc,ACH/USDT:USDT,0.02317,32747,0.023169,8864,0.023171,38099,0.023172,3336
1753600233908,07:10:33.908,mexc,ACH/USDT:USDT,0.02317,32747,0.023169,8864,0.023171,38099,0.023172,5769
1753600233977,07:10:33.977,mexc,ACH/USDT:USDT,0.02317,32747,0.023169,8864,0.023171,38099,0.023172,5769
1753600234311,07:10:34.311,mexc,ACH/USDT:USDT,0.02317,32747,0.023169,8864,0.023171,38099,0.023172,3336
1753600234382,07:10:34.382,mexc,ACH/USDT:USDT,0.02317,32747,0.023169,8864,0.023171,38099,0.023172,3336
1753600235108,07:10:35.108,mexc,ACH/USDT:USDT,0.02317,32747,0.023169,8864,0.023171,38099,0.023172,3336
1753600235181,07:10:35.181,mexc,ACH/USDT:USDT,0.02317,32747,0.023169,9873,0.023171,38099,0.023172,3336
1753600235511,07:10:35.511,mexc,ACH/USDT:USDT,0.02317,32747,0.023169,9873,0.023171,38099,0.023172,3336
1753600235585,07:10:35.585,mexc,ACH/USDT:USDT,0.02317,32747,0.023169,8864,0.023171,38099,0.023172,3336
1753600236309,07:10:36.309,mexc,ACH/USDT:USDT,0.02317,32747,0.023169,8864,0.023171,38099,0.023172,3336
1753600236380,07:10:36.380,mexc,ACH/USDT:USDT,0.02317,32747,0.023169,8864,0.023171,38099,0.023172,3336
1753600236713,07:10:36.713,mexc,ACH/USDT:USDT,0.02317,32747,0.023169,8864,0.023171,38099,0.023172,4206
1753600236726,07:10:36.726,mexc,ACH/USDT:USDT,0.023171,4042,0.02317,19255,0.023172,870,0.023173,3345
1753600237508,07:10:37.508,mexc,ACH/USDT:USDT,0.023171,4042,0.02317,19255,0.023172,870,0.023173,3345
1753600237578,07:10:37.578,mexc,ACH/USDT:USDT,0.023171,4042,0.02317,19255,0.023172,870,0.023173,3345
1753600237912,07:10:37.912,mexc,ACH/USDT:USDT,0.023171,4042,0.02317,19255,0.023172,870,0.023173,3345
1753600237982,07:10:37.982,mexc,ACH/USDT:USDT,0.023171,4042,0.02317,19255,0.023172,870,0.023173,3345
1753600238134,07:10:38.134,mexc,ACH/USDT:USDT,0.023171,4042,0.02317,19255,0.023172,870,0.023173,3345
1753600238610,07:10:38.610,mexc,ACH/USDT:USDT,0.023171,4042,0.02317,19255,0.023172,870,0.023173,3345
1753600238778,07:10:38.778,mexc,ACH/USDT:USDT,0.023171,4042,0.02317,22799,0.023172,870,0.023173,4936
1753600239112,07:10:39.112,mexc,ACH/USDT:USDT,0.023171,4042,0.02317,22799,0.023172,870,0.023173,3345
1753600239183,07:10:39.183,mexc,ACH/USDT:USDT,0.023171,4042,0.02317,19255,0.023172,870,0.023173,3345
1753600239909,07:10:39.909,mexc,ACH/USDT:USDT,0.023171,4042,0.02317,19255,0.023172,870,0.023173,3924
1753600239979,07:10:39.979,mexc,ACH/USDT:USDT,0.023171,4042,0.02317,28154,0.023172,870,0.023173,5466
1753600240313,07:10:40.313,mexc,ACH/USDT:USDT,0.023171,4042,0.02317,28154,0.023172,870,0.023173,4887
1753600240382,07:10:40.382,mexc,ACH/USDT:USDT,0.023171,4042,0.02317,19255,0.023172,870,0.023173,3345
1753600241109,07:10:41.109,mexc,ACH/USDT:USDT,0.023171,4042,0.02317,19255,0.023172,870,0.023173,3345
1753600241178,07:10:41.178,mexc,ACH/USDT:USDT,0.023171,4042,0.02317,19255,0.023172,870,0.023173,3345
1753600241513,07:10:41.513,mexc,ACH/USDT:USDT,0.023171,4042,0.02317,19255,0.023172,870,0.023173,3345
1753600241582,07:10:41.582,mexc,ACH/USDT:USDT,0.023171,4042,0.02317,19255,0.023172,870,0.023173,3345
1753600241876,07:10:41.876,mexc,ACH/USDT:USDT,0.023165,64602,0.023164,4664,0.023168,15182,0.023169,17777
1753600242310,07:10:42.310,mexc,ACH/USDT:USDT,0.023165,64602,0.023164,4664,0.023168,15182,0.023169,17777
1753600242379,07:10:42.379,mexc,ACH/USDT:USDT,0.023165,64602,0.023164,5425,0.023168,15182,0.023169,17777
1753600242713,07:10:42.713,mexc,ACH/USDT:USDT,0.023165,64602,0.023164,5425,0.023168,15182,0.023169,17777
1753600242783,07:10:42.783,mexc,ACH/USDT:USDT,0.023165,64602,0.023164,4664,0.023168,15182,0.023169,17777
1753600243509,07:10:43.509,mexc,ACH/USDT:USDT,0.023165,64602,0.023164,4664,0.023168,15182,0.023169,17777
1753600243581,07:10:43.581,mexc,ACH/USDT:USDT,0.023165,64602,0.023164,4664,0.023168,15182,0.023169,26288
1753600243914,07:10:43.914,mexc,ACH/USDT:USDT,0.023165,64602,0.023164,4664,0.023168,15182,0.023169,26288
1753600243985,07:10:43.985,mexc,ACH/USDT:USDT,0.023165,64602,0.023164,4664,0.023168,15182,0.023169,17777
1753600244143,07:10:44.143,mexc,ACH/USDT:USDT,0.023165,64602,0.023164,4664,0.023168,15182,0.023169,17777
1753600244612,07:10:44.612,mexc,ACH/USDT:USDT,0.023165,64602,0.023164,4664,0.023168,15182,0.023169,17777
1753600244780,07:10:44.780,mexc,ACH/USDT:USDT,0.023165,64602,0.023164,5978,0.023168,15182,0.023169,24279
1753600245114,07:10:45.114,mexc,ACH/USDT:USDT,0.023165,64602,0.023164,5978,0.023168,15182,0.023169,17777
1753600245182,07:10:45.182,mexc,ACH/USDT:USDT,0.023165,64602,0.023164,4664,0.023168,15182,0.023169,17777
1753600245911,07:10:45.911,mexc,ACH/USDT:USDT,0.023165,64602,0.023164,4664,0.023168,15182,0.023169,17777
1753600245980,07:10:45.980,mexc,ACH/USDT:USDT,0.023165,64602,0.023164,4664,0.023168,15182,0.023169,17777
1753600246314,07:10:46.314,mexc,ACH/USDT:USDT,0.023165,64602,0.023164,4664,0.023168,15182,0.023169,17777
1753600246383,07:10:46.383,mexc,ACH/USDT:USDT,0.023165,64602,0.023164,4664,0.023168,15182,0.023169,17777
1753600247111,07:10:47.111,mexc,ACH/USDT:USDT,0.023165,64602,0.023164,4664,0.023168,15182,0.023169,17777
1753600247180,07:10:47.180,mexc,ACH/USDT:USDT,0.023165,64602,0.023164,5859,0.023168,15182,0.023169,25632
1753600247523,07:10:47.523,mexc,ACH/USDT:USDT,0.023165,64602,0.023164,5859,0.023168,15182,0.023169,25632
1753600247728,07:10:47.728,mexc,ACH/USDT:USDT,0.023165,70123,0.023164,14880,0.023168,48818,0.023169,2138
1753600247731,07:10:47.731,mexc,ACH/USDT:USDT,0.023165,5521,0.023164,10216,0.023168,48818,0.023169,2138
1753600248312,07:10:48.312,mexc,ACH/USDT:USDT,0.023165,5521,0.023164,10216,0.023168,48818,0.023169,2138
1753600248380,07:10:48.380,mexc,ACH/USDT:USDT,0.023165,5521,0.023164,10216,0.023168,48818,0.023169,2138
1753600248714,07:10:48.714,mexc,ACH/USDT:USDT,0.023165,5521,0.023164,10216,0.023168,48818,0.023169,2138
1753600248784,07:10:48.784,mexc,ACH/USDT:USDT,0.023165,5521,0.023164,10216,0.023168,48818,0.023169,2138
1753600249513,07:10:49.513,mexc,ACH/USDT:USDT,0.023165,5521,0.023164,10216,0.023168,48818,0.023169,2734
1753600249581,07:10:49.581,mexc,ACH/USDT:USDT,0.023165,5521,0.023164,13331,0.023168,48818,0.023169,2734
1753600249984,07:10:49.984,mexc,ACH/USDT:USDT,0.023165,5521,0.023164,13331,0.023168,48818,0.023169,2138
1753600250138,07:10:50.138,mexc,ACH/USDT:USDT,0.023165,5521,0.023164,10216,0.023168,48818,0.023169,2138
1753600250614,07:10:50.614,mexc,ACH/USDT:USDT,0.023165,5521,0.023164,10216,0.023168,48818,0.023169,2138
1753600250781,07:10:50.781,mexc,ACH/USDT:USDT,0.023165,5521,0.023164,12675,0.023168,48818,0.023169,2810
1753600251117,07:10:51.117,mexc,ACH/USDT:USDT,0.023165,5521,0.023164,12675,0.023168,48818,0.023169,2810
1753600251183,07:10:51.183,mexc,ACH/USDT:USDT,0.023165,5521,0.023164,10216,0.023168,48818,0.023169,2138
1753600251912,07:10:51.912,mexc,ACH/USDT:USDT,0.023165,5521,0.023164,10216,0.023168,48818,0.023169,2138
1753600251980,07:10:51.980,mexc,ACH/USDT:USDT,0.023165,5521,0.023164,10216,0.023168,48818,0.023169,2876
1753600252316,07:10:52.316,mexc,ACH/USDT:USDT,0.023165,5521,0.023164,10216,0.023168,48818,0.023169,2876
1753600252384,07:10:52.384,mexc,ACH/USDT:USDT,0.023165,5521,0.023164,10216,0.023168,48818,0.023169,2138
1753600253112,07:10:53.112,mexc,ACH/USDT:USDT,0.023165,5521,0.023164,10216,0.023168,48818,0.023169,3005
1753600253181,07:10:53.181,mexc,ACH/USDT:USDT,0.023165,5521,0.023164,10216,0.023168,48818,0.023169,3005
1753600253516,07:10:53.516,mexc,ACH/USDT:USDT,0.023165,5521,0.023164,10216,0.023168,48818,0.023169,2138
1753600253585,07:10:53.585,mexc,ACH/USDT:USDT,0.023165,5521,0.023164,10216,0.023168,48818,0.023169,2138
1753600253917,07:10:53.917,mexc,ACH/USDT:USDT,0.023165,9563,0.023164,15876,0.023172,5917,0.023173,14582
1753600254007,07:10:54.007,mexc,ACH/USDT:USDT,0.023184,37888,0.023183,12654,0.02319,74291,0.023191,92819
1753600254381,07:10:54.381,mexc,ACH/USDT:USDT,0.023184,37888,0.023183,12654,0.02319,74291,0.023191,92819
1753600254381,07:10:54.381,mexc,ACH/USDT:USDT,0.023184,37888,0.023183,12654,0.02319,74291,0.023191,92819
1753600254784,07:10:54.784,mexc,ACH/USDT:USDT,0.023184,37888,0.023183,12654,0.02319,74291,0.023191,92819
1753600254784,07:10:54.784,mexc,ACH/USDT:USDT,0.023184,37888,0.023183,12654,0.02319,74291,0.023191,92819
1753600255516,07:10:55.516,mexc,ACH/USDT:USDT,0.023184,37888,0.023183,12654,0.02319,74291,0.023191,92819
1753600255589,07:10:55.589,mexc,ACH/USDT:USDT,0.023184,37888,0.023183,12654,0.02319,74291,0.023191,92819
1753600255919,07:10:55.919,mexc,ACH/USDT:USDT,0.023184,37888,0.023183,12654,0.02319,74291,0.023191,92819
1753600255986,07:10:55.986,mexc,ACH/USDT:USDT,0.023184,37888,0.023183,12654,0.02319,74291,0.023191,92819
1753600256142,07:10:56.142,mexc,ACH/USDT:USDT,0.023184,37888,0.023183,12654,0.02319,74291,0.023191,92819
1753600256618,07:10:56.618,mexc,ACH/USDT:USDT,0.023184,37888,0.023183,12654,0.02319,74291,0.023191,92819
1753600256784,07:10:56.784,mexc,ACH/USDT:USDT,0.023184,37888,0.023183,16683,0.02319,74291,0.023191,93313
1753600257118,07:10:57.118,mexc,ACH/USDT:USDT,0.023184,37888,0.023183,16683,0.02319,74291,0.023191,93313
1753600257185,07:10:57.185,mexc,ACH/USDT:USDT,0.023184,37888,0.023183,12654,0.02319,74291,0.023191,92819
1753600257913,07:10:57.913,mexc,ACH/USDT:USDT,0.023184,37888,0.023183,12654,0.02319,74291,0.023191,92819
1753600257982,07:10:57.982,mexc,ACH/USDT:USDT,0.023184,37888,0.023183,17668,0.02319,74291,0.023191,92819
1753600258316,07:10:58.316,mexc,ACH/USDT:USDT,0.023184,37888,0.023183,17668,0.02319,74291,0.023191,92819
1753600258385,07:10:58.385,mexc,ACH/USDT:USDT,0.023184,37888,0.023183,12654,0.02319,74291,0.023191,92819
1753600259114,07:10:59.114,mexc,ACH/USDT:USDT,0.023184,37888,0.023183,12654,0.02319,74291,0.023191,92819
1753600259182,07:10:59.182,mexc,ACH/USDT:USDT,0.023184,37888,0.023183,12654,0.02319,74291,0.023191,92819
1753600259563,07:10:59.563,mexc,ACH/USDT:USDT,0.023184,37888,0.023183,12654,0.02319,74291,0.023191,92819
1753600259732,07:10:59.732,mexc,ACH/USDT:USDT,0.023185,3007,0.023184,12838,0.023187,100018,0.023188,80128
1753600260313,07:11:00.313,mexc,ACH/USDT:USDT,0.023185,3007,0.023184,12838,0.023187,100018,0.023188,80128
1753600260381,07:11:00.381,mexc,ACH/USDT:USDT,0.023185,3007,0.023184,14973,0.023187,100018,0.023188,103016
1753600260719,07:11:00.719,mexc,ACH/USDT:USDT,0.023185,3007,0.023184,14973,0.023187,100018,0.023188,103016
1753600260786,07:11:00.786,mexc,ACH/USDT:USDT,0.023185,3007,0.023184,12838,0.023187,100018,0.023188,80128
1753600261514,07:11:01.514,mexc,ACH/USDT:USDT,0.023185,3007,0.023184,12838,0.023187,100018,0.023188,80128
1753600261583,07:11:01.583,mexc,ACH/USDT:USDT,0.023185,3007,0.023184,12838,0.023187,100018,0.023188,80128
1753600261918,07:11:01.918,mexc,ACH/USDT:USDT,0.023185,3007,0.023184,12838,0.023187,100018,0.023188,80128
1753600261987,07:11:01.987,mexc,ACH/USDT:USDT,0.023185,3007,0.023184,12838,0.023187,100018,0.023188,80128
1753600262215,07:11:02.215,mexc,ACH/USDT:USDT,0.023185,3007,0.023184,12838,0.023187,100018,0.023188,80128
1753600262616,07:11:02.616,mexc,ACH/USDT:USDT,0.023185,3007,0.023184,12838,0.023187,100018,0.023188,80128
1753600262783,07:11:02.783,mexc,ACH/USDT:USDT,0.023185,3007,0.023184,12838,0.023187,100018,0.023188,80128
1753600263118,07:11:03.118,mexc,ACH/USDT:USDT,0.023185,3007,0.023184,12838,0.023187,100018,0.023188,80128
1753600263184,07:11:03.184,mexc,ACH/USDT:USDT,0.023185,3007,0.023184,12838,0.023187,100018,0.023188,80128
1753600263914,07:11:03.914,mexc,ACH/USDT:USDT,0.023185,3007,0.023184,12838,0.023187,100018,0.023188,80128
1753600263982,07:11:03.982,mexc,ACH/USDT:USDT,0.023185,3007,0.023184,12838,0.023187,100018,0.023188,113642
1753600264318,07:11:04.318,mexc,ACH/USDT:USDT,0.023185,3007,0.023184,12838,0.023187,100018,0.023188,113642
1753600264385,07:11:04.385,mexc,ACH/USDT:USDT,0.023185,3007,0.023184,12838,0.023187,100018,0.023188,80128
1753600265115,07:11:05.115,mexc,ACH/USDT:USDT,0.023185,3007,0.023184,12838,0.023187,100018,0.023188,108176
1753600265182,07:11:05.182,mexc,ACH/USDT:USDT,0.023185,3007,0.023184,14848,0.023187,100018,0.023188,131484
1753600265522,07:11:05.522,mexc,ACH/USDT:USDT,0.023185,3007,0.023184,14848,0.023187,100018,0.023188,103436
1753600265586,07:11:05.586,mexc,ACH/USDT:USDT,0.023185,3007,0.023184,12838,0.023187,100018,0.023188,80128
1753600265739,07:11:05.739,mexc,ACH/USDT:USDT,0.023186,10457,0.023185,3207,0.023187,103223,0.023188,84867
1753600266316,07:11:06.316,mexc,ACH/USDT:USDT,0.023186,10457,0.023185,3207,0.023187,103223,0.023188,117784
1753600266382,07:11:06.382,mexc,ACH/USDT:USDT,0.023186,10457,0.023185,4766,0.023187,103223,0.023188,117784
