timestamp,time,exchange,symbol,bid1_price,bid1_volume,bid2_price,bid2_volume,ask1_price,ask1_volume,ask2_price,ask2_volume
1753599996027,07:06:36.027,mexc,AEVO/USDT:USDT,0.1118,713923.0,0.1117,1158169,0.1119,278938.0,0.112,510705
1753599996535,07:06:36.535,mexc,AEVO/USDT:USDT,0.1118,713923.0,0.1117,1158169,0.1119,73078,0.112,456764
1753599996737,07:06:36.737,mexc,AEVO/USDT:USDT,0.1118,572196,0.1117,1008013,0.1119,73078,0.112,456764
1753599996737,07:06:36.737,mexc,AEVO/USDT:USDT,0.1118,572196,0.1117,1008013,0.1119,73078,0.112,456764
1753599997140,07:06:37.140,mexc,AEVO/USDT:USDT,0.1118,572196,0.1117,1008013,0.1119,73078,0.112,662553
1753599997237,07:06:37.237,mexc,AEVO/USDT:USDT,0.1118,572196,0.1117,1008013,0.1119,73078,0.112,662553
1753599997583,07:06:37.583,mexc,AEVO/USDT:USDT,0.1118,572196,0.1117,1008013,0.1119,73078,0.112,456764
1753599997739,07:06:37.739,mexc,AEVO/USDT:USDT,0.1118,572196,0.1117,1008013,0.1119,73078,0.112,456764
1753599998024,07:06:38.024,mexc,AEVO/USDT:USDT,0.1118,572196,0.1117,1008013,0.1119,73078,0.112,456764
1753599998139,07:06:38.139,mexc,AEVO/USDT:USDT,0.1118,572196,0.1117,1008013,0.1119,73078,0.112,642210
1753599998427,07:06:38.427,mexc,AEVO/USDT:USDT,0.1118,572196,0.1117,1290105,0.1119,73078,0.112,642210
1753599998522,07:06:38.522,mexc,AEVO/USDT:USDT,0.1118,572196,0.1117,1290105,0.1119,73078,0.112,575709
1753599998739,07:06:38.739,mexc,AEVO/USDT:USDT,0.1118,572196,0.1117,1220761,0.1119,73078,0.112,575709
1753599999023,07:06:39.023,mexc,AEVO/USDT:USDT,0.1118,572196,0.1117,1220761,0.1119,73078,0.112,795888
1753599999239,07:06:39.239,mexc,AEVO/USDT:USDT,0.1118,572196,0.1117,1008013,0.1119,73078,0.112,795888
1753599999523,07:06:39.523,mexc,AEVO/USDT:USDT,0.1118,572196,0.1117,1008013,0.1119,73078,0.112,456764
1753599999737,07:06:39.737,mexc,AEVO/USDT:USDT,0.1118,572196,0.1117,1441363,0.1119,73078,0.112,456764
1753600000022,07:06:40.022,mexc,AEVO/USDT:USDT,0.1118,572196,0.1117,1441363,0.1119,73078,0.112,655695
1753600000240,07:06:40.240,mexc,AEVO/USDT:USDT,0.1118,572196,0.1117,1008013,0.1119,73078,0.112,655695
1753600000521,07:06:40.521,mexc,AEVO/USDT:USDT,0.1118,572196,0.1117,1008013,0.1119,73078,0.112,680858
1753600000738,07:06:40.738,mexc,AEVO/USDT:USDT,0.1118,572196,0.1117,1222969,0.1119,73078,0.112,680858
1753600001023,07:06:41.023,mexc,AEVO/USDT:USDT,0.1118,572196,0.1117,1222969,0.1119,73078,0.112,604310
1753600001239,07:06:41.239,mexc,AEVO/USDT:USDT,0.1118,572196,0.1117,1191912,0.1119,73078,0.112,604310
1753600001525,07:06:41.525,mexc,AEVO/USDT:USDT,0.1118,572196,0.1117,1191912,0.1119,73078,0.112,456764
1753600001740,07:06:41.740,mexc,AEVO/USDT:USDT,0.1118,572196,0.1117,1506057,0.1119,73078,0.112,456764
1753600002024,07:06:42.024,mexc,AEVO/USDT:USDT,0.1118,572196,0.1117,1506057,0.1119,73078,0.112,456764
1753600002240,07:06:42.240,mexc,AEVO/USDT:USDT,0.1118,572196,0.1117,1008013,0.1119,73078,0.112,456764
1753600002535,07:06:42.535,mexc,AEVO/USDT:USDT,0.1118,438585,0.1117,893089,0.1119,137737,0.112,567919
1753600002739,07:06:42.739,mexc,AEVO/USDT:USDT,0.1118,438585,0.1117,893089,0.1119,137737,0.112,567919
1753600003142,07:06:43.142,mexc,AEVO/USDT:USDT,0.1118,438585,0.1117,893089,0.1119,137737,0.112,567919
1753600003239,07:06:43.239,mexc,AEVO/USDT:USDT,0.1118,438585,0.1117,893089,0.1119,137737,0.112,567919
1753600003590,07:06:43.590,mexc,AEVO/USDT:USDT,0.1118,438585,0.1117,893089,0.1119,137737,0.112,567919
1753600003741,07:06:43.741,mexc,AEVO/USDT:USDT,0.1118,438585,0.1117,893089,0.1119,137737,0.112,567919
1753600004025,07:06:44.025,mexc,AEVO/USDT:USDT,0.1118,438585,0.1117,893089,0.1119,137737,0.112,567919
1753600004144,07:06:44.144,mexc,AEVO/USDT:USDT,0.1118,438585,0.1117,893089,0.1119,137737,0.112,567919
1753600004428,07:06:44.428,mexc,AEVO/USDT:USDT,0.1118,438585,0.1117,893089,0.1119,137737,0.112,567919
1753600004526,07:06:44.526,mexc,AEVO/USDT:USDT,0.1118,438585,0.1117,893089,0.1119,137737,0.112,567919
1753600004804,07:06:44.804,mexc,AEVO/USDT:USDT,0.1119,529698,0.1118,438585,0.112,567919,0.1121,634040
1753600005026,07:06:45.026,mexc,AEVO/USDT:USDT,0.1119,529698,0.1118,438585,0.112,567919,0.1121,634040
1753600005430,07:06:45.430,mexc,AEVO/USDT:USDT,0.1119,529698,0.1118,438585,0.112,567919,0.1121,634040
1753600005526,07:06:45.526,mexc,AEVO/USDT:USDT,0.1119,529698,0.1118,438585,0.112,567919,0.1121,994067
1753600005740,07:06:45.740,mexc,AEVO/USDT:USDT,0.1119,529698,0.1118,613207,0.112,567919,0.1121,994067
1753600006026,07:06:46.026,mexc,AEVO/USDT:USDT,0.1119,529698,0.1118,613207,0.112,567919,0.1121,793530
1753600006241,07:06:46.241,mexc,AEVO/USDT:USDT,0.1119,529698,0.1118,864161,0.112,567919,0.1121,793530
1753600006528,07:06:46.528,mexc,AEVO/USDT:USDT,0.1119,529698,0.1118,864161,0.112,567919,0.1121,634040
1753600006740,07:06:46.740,mexc,AEVO/USDT:USDT,0.1119,529698,0.1118,661282,0.112,567919,0.1121,634040
1753600007027,07:06:47.027,mexc,AEVO/USDT:USDT,0.1119,529698,0.1118,661282,0.112,567919,0.1121,837586
1753600007240,07:06:47.240,mexc,AEVO/USDT:USDT,0.1119,529698,0.1118,438585,0.112,567919,0.1121,837586
1753600007529,07:06:47.529,mexc,AEVO/USDT:USDT,0.1119,529698,0.1118,438585,0.112,567919,0.1121,757869
1753600007743,07:06:47.743,mexc,AEVO/USDT:USDT,0.1119,529698,0.1118,916956,0.112,567919,0.1121,757869
1753600008030,07:06:48.030,mexc,AEVO/USDT:USDT,0.112,261302,0.1119,529698,0.1121,634040,0.1122,1490055
1753600008433,07:06:48.433,mexc,AEVO/USDT:USDT,0.112,261302,0.1119,612731,0.1121,634040,0.1122,1127720
1753600008529,07:06:48.529,mexc,AEVO/USDT:USDT,0.112,261302,0.1119,612731,0.1121,634040,0.1122,1127720
1753600008742,07:06:48.742,mexc,AEVO/USDT:USDT,0.112,261302,0.1119,798667,0.1121,634040,0.1122,1127720
1753600009039,07:06:49.039,mexc,AEVO/USDT:USDT,0.112,261302,0.1119,798667,0.1121,634040,0.1122,1127720
1753600009242,07:06:49.242,mexc,AEVO/USDT:USDT,0.112,261302,0.1119,529698,0.1121,634040,0.1122,1127720
1753600009528,07:06:49.528,mexc,AEVO/USDT:USDT,0.112,261302,0.1119,529698,0.1121,627265,0.1122,1127720
1753600009742,07:06:49.742,mexc,AEVO/USDT:USDT,0.112,261302,0.1119,529698,0.1121,627265,0.1122,1127720
1753600010027,07:06:50.027,mexc,AEVO/USDT:USDT,0.112,261302,0.1119,529698,0.1121,627265,0.1122,1127720
1753600010242,07:06:50.242,mexc,AEVO/USDT:USDT,0.112,261302,0.1119,529698,0.1121,627265,0.1122,1127720
1753600010525,07:06:50.525,mexc,AEVO/USDT:USDT,0.112,261302,0.1119,529698,0.1121,627265,0.1122,1278394
1753600010743,07:06:50.743,mexc,AEVO/USDT:USDT,0.112,261302,0.1119,529698,0.1121,627265,0.1122,1278394
1753600011028,07:06:51.028,mexc,AEVO/USDT:USDT,0.112,261302,0.1119,529698,0.1121,627265,0.1122,1284414
1753600011242,07:06:51.242,mexc,AEVO/USDT:USDT,0.112,261302,0.1119,529698,0.1121,627265,0.1122,1284414
1753600011527,07:06:51.527,mexc,AEVO/USDT:USDT,0.112,261302,0.1119,529698,0.1121,627265,0.1122,1127720
1753600011744,07:06:51.744,mexc,AEVO/USDT:USDT,0.112,261302,0.1119,732592,0.1121,627265,0.1122,1127720
1753600012028,07:06:52.028,mexc,AEVO/USDT:USDT,0.112,261302,0.1119,732592,0.1121,627265,0.1122,1127720
1753600012244,07:06:52.244,mexc,AEVO/USDT:USDT,0.112,261302,0.1119,529698,0.1121,627265,0.1122,1127720
1753600012526,07:06:52.526,mexc,AEVO/USDT:USDT,0.112,261302,0.1119,529698,0.1121,627265,0.1122,1277237
1753600012745,07:06:52.745,mexc,AEVO/USDT:USDT,0.112,261302,0.1119,529698,0.1121,627265,0.1122,1277237
1753600013026,07:06:53.026,mexc,AEVO/USDT:USDT,0.112,261302,0.1119,529698,0.1121,627265,0.1122,1127720
1753600013243,07:06:53.243,mexc,AEVO/USDT:USDT,0.112,261302,0.1119,529698,0.1121,627265,0.1122,1127720
1753600013601,07:06:53.601,mexc,AEVO/USDT:USDT,0.112,176338,0.1119,640847,0.1121,392815,0.1122,803515
1753600013745,07:06:53.745,mexc,AEVO/USDT:USDT,0.112,176338,0.1119,824591,0.1121,392815,0.1122,803515
1753600014027,07:06:54.027,mexc,AEVO/USDT:USDT,0.112,176338,0.1119,824591,0.1121,392815,0.1122,803515
1753600014146,07:06:54.146,mexc,AEVO/USDT:USDT,0.112,176338,0.1119,640847,0.1121,392815,0.1122,803515
1753600014429,07:06:54.429,mexc,AEVO/USDT:USDT,0.112,176338,0.1119,640847,0.1121,392815,0.1122,803515
1753600014530,07:06:54.530,mexc,AEVO/USDT:USDT,0.112,176338,0.1119,640847,0.1121,392815,0.1122,1167741
1753600014745,07:06:54.745,mexc,AEVO/USDT:USDT,0.112,176338,0.1119,640847,0.1121,392815,0.1122,1167741
1753600015032,07:06:55.032,mexc,AEVO/USDT:USDT,0.112,176338,0.1119,640847,0.1121,392815,0.1122,1478709
1753600015244,07:06:55.244,mexc,AEVO/USDT:USDT,0.112,176338,0.1119,640847,0.1121,392815,0.1122,1478709
1753600015528,07:06:55.528,mexc,AEVO/USDT:USDT,0.112,176338,0.1119,640847,0.1121,392815,0.1122,803515
1753600015743,07:06:55.743,mexc,AEVO/USDT:USDT,0.112,176338,0.1119,640847,0.1121,392815,0.1122,803515
1753600016028,07:06:56.028,mexc,AEVO/USDT:USDT,0.112,176338,0.1119,640847,0.1121,392815,0.1122,885245
1753600016245,07:06:56.245,mexc,AEVO/USDT:USDT,0.112,176338,0.1119,640847,0.1121,392815,0.1122,885245
1753600016527,07:06:56.527,mexc,AEVO/USDT:USDT,0.112,176338,0.1119,640847,0.1121,392815,0.1122,1173042
1753600016744,07:06:56.744,mexc,AEVO/USDT:USDT,0.112,176338,0.1119,640847,0.1121,392815,0.1122,1173042
1753600017027,07:06:57.027,mexc,AEVO/USDT:USDT,0.112,176338,0.1119,640847,0.1121,392815,0.1122,803515
1753600017244,07:06:57.244,mexc,AEVO/USDT:USDT,0.112,176338,0.1119,640847,0.1121,392815,0.1122,803515
1753600017551,07:06:57.551,mexc,AEVO/USDT:USDT,0.1119,553944,0.1118,1075254,0.1121,392815,0.1122,803515
1753600017745,07:06:57.745,mexc,AEVO/USDT:USDT,0.1119,553944,0.1118,973131,0.1121,392815,0.1122,803515
1753600018030,07:06:58.030,mexc,AEVO/USDT:USDT,0.1119,553944,0.1118,973131,0.1121,392815,0.1122,803515
1753600018245,07:06:58.245,mexc,AEVO/USDT:USDT,0.1119,553944,0.1118,1421281,0.1121,392815,0.1122,803515
1753600018528,07:06:58.528,mexc,AEVO/USDT:USDT,0.1119,553944,0.1118,1421281,0.1121,392815,0.1122,987827
1753600018744,07:06:58.744,mexc,AEVO/USDT:USDT,0.1119,816023,0.1118,1142281,0.1121,392815,0.1122,987827
1753600019033,07:06:59.033,mexc,AEVO/USDT:USDT,0.1119,816023,0.1118,1142281,0.1121,392815,0.1122,914970
1753600019244,07:06:59.244,mexc,AEVO/USDT:USDT,0.1119,553944,0.1118,1419673,0.1121,392815,0.1122,914970
1753600019544,07:06:59.544,mexc,AEVO/USDT:USDT,0.112,147238,0.1119,604240,0.1121,269457,0.1122,676220
1753600019746,07:06:59.746,mexc,AEVO/USDT:USDT,0.112,147238,0.1119,604240,0.1121,269457,0.1122,676220
1753600020148,07:07:00.148,mexc,AEVO/USDT:USDT,0.112,147238,0.1119,604240,0.1121,269457,0.1122,767130
1753600020246,07:07:00.246,mexc,AEVO/USDT:USDT,0.112,147238,0.1119,764981,0.1121,269457,0.1122,767130
1753600020528,07:07:00.528,mexc,AEVO/USDT:USDT,0.112,147238,0.1119,764981,0.1121,269457,0.1122,676220
1753600020746,07:07:00.746,mexc,AEVO/USDT:USDT,0.112,147238,0.1119,842633,0.1121,269457,0.1122,676220
1753600021030,07:07:01.030,mexc,AEVO/USDT:USDT,0.112,147238,0.1119,842633,0.1121,269457,0.1122,676220
1753600021244,07:07:01.244,mexc,AEVO/USDT:USDT,0.112,147238,0.1119,604240,0.1121,269457,0.1122,676220
1753600021531,07:07:01.531,mexc,AEVO/USDT:USDT,0.112,147238,0.1119,604240,0.1121,269457,0.1122,953246
1753600021746,07:07:01.746,mexc,AEVO/USDT:USDT,0.112,147238,0.1119,604240,0.1121,269457,0.1122,953246
1753600022029,07:07:02.029,mexc,AEVO/USDT:USDT,0.112,147238,0.1119,604240,0.1121,269457,0.1122,676220
1753600022246,07:07:02.246,mexc,AEVO/USDT:USDT,0.112,147238,0.1119,736504,0.1121,269457,0.1122,676220
1753600022530,07:07:02.530,mexc,AEVO/USDT:USDT,0.112,147238,0.1119,736504,0.1121,269457,0.1122,676220
1753600022747,07:07:02.747,mexc,AEVO/USDT:USDT,0.112,147238,0.1119,759257,0.1121,269457,0.1122,676220
1753600023029,07:07:03.029,mexc,AEVO/USDT:USDT,0.1119,604240,0.1118,1063762,0.112,367927,0.1121,655282
1753600023432,07:07:03.432,mexc,AEVO/USDT:USDT,0.1119,604240,0.1118,1063762,0.112,367927,0.1121,655282
1753600023529,07:07:03.529,mexc,AEVO/USDT:USDT,0.1119,604240,0.1118,1063762,0.112,367927,0.1121,269457
1753600023747,07:07:03.747,mexc,AEVO/USDT:USDT,0.1119,604240,0.1118,1063762,0.112,367927,0.1121,269457
1753600024031,07:07:04.031,mexc,AEVO/USDT:USDT,0.1119,604240,0.1118,1063762,0.112,367927,0.1121,434481
1753600024247,07:07:04.247,mexc,AEVO/USDT:USDT,0.1119,604240,0.1118,1063762,0.112,367927,0.1121,434481
1753600024532,07:07:04.532,mexc,AEVO/USDT:USDT,0.1119,604240,0.1118,1063762,0.112,367927,0.1121,269457
1753600024748,07:07:04.748,mexc,AEVO/USDT:USDT,0.1119,604240,0.1118,1398160,0.112,367927,0.1121,269457
1753600025033,07:07:05.033,mexc,AEVO/USDT:USDT,0.1119,604240,0.1118,1398160,0.112,367927,0.1121,464232
1753600025248,07:07:05.248,mexc,AEVO/USDT:USDT,0.1119,604240,0.1118,1063762,0.112,367927,0.1121,464232
1753600025531,07:07:05.531,mexc,AEVO/USDT:USDT,0.1119,604240,0.1118,1063762,0.112,367927,0.1121,615223
1753600025748,07:07:05.748,mexc,AEVO/USDT:USDT,0.1119,604240,0.1118,1063762,0.112,367927,0.1121,615223
1753600026031,07:07:06.031,mexc,AEVO/USDT:USDT,0.1119,604240,0.1118,1063762,0.112,367927,0.1121,439149
1753600026250,07:07:06.250,mexc,AEVO/USDT:USDT,0.1119,604240,0.1118,1063762,0.112,367927,0.1121,439149
1753600026533,07:07:06.533,mexc,AEVO/USDT:USDT,0.1119,604240,0.1118,1063762,0.112,367927,0.1121,269457
1753600026749,07:07:06.749,mexc,AEVO/USDT:USDT,0.1119,604240,0.1118,1161734,0.112,367927,0.1121,269457
1753600027032,07:07:07.032,mexc,AEVO/USDT:USDT,0.1119,604240,0.1118,1161734,0.112,367927,0.1121,269457
1753600027249,07:07:07.249,mexc,AEVO/USDT:USDT,0.1119,604240,0.1118,1131626,0.112,367927,0.1121,269457
1753600027532,07:07:07.532,mexc,AEVO/USDT:USDT,0.1119,604240,0.1118,1131626,0.112,367927,0.1121,269457
1753600027749,07:07:07.749,mexc,AEVO/USDT:USDT,0.1119,604240,0.1118,1063762,0.112,367927,0.1121,269457
1753600028033,07:07:08.033,mexc,AEVO/USDT:USDT,0.1119,604240,0.1118,1063762,0.112,367927,0.1121,269457
1753600028250,07:07:08.250,mexc,AEVO/USDT:USDT,0.1119,604240,0.1118,1063762,0.112,367927,0.1121,269457
1753600028544,07:07:08.544,mexc,AEVO/USDT:USDT,0.1119,305993,0.1118,569491,0.112,185165,0.1121,694220
1753600028749,07:07:08.749,mexc,AEVO/USDT:USDT,0.1119,305993,0.1118,804726,0.112,185165,0.1121,694220
1753600029152,07:07:09.152,mexc,AEVO/USDT:USDT,0.1119,305993,0.1118,569491,0.112,185165,0.1121,904319
1753600029250,07:07:09.250,mexc,AEVO/USDT:USDT,0.1119,305993,0.1118,569491,0.112,185165,0.1121,904319
1753600029531,07:07:09.531,mexc,AEVO/USDT:USDT,0.1119,305993,0.1118,569491,0.112,185165,0.1121,694220
1753600029874,07:07:09.874,mexc,AEVO/USDT:USDT,0.1119,305993,0.1118,645025,0.112,185165,0.1121,694220
1753600030032,07:07:10.032,mexc,AEVO/USDT:USDT,0.112,366550,0.1119,305993,0.1121,694220,0.1122,1137018
1753600030249,07:07:10.249,mexc,AEVO/USDT:USDT,0.1119,305993,0.1118,759579,0.112,334433,0.1121,694220
1753600030535,07:07:10.535,mexc,AEVO/USDT:USDT,0.1119,305993,0.1118,759579,0.112,334433,0.1121,995116
1753600030688,07:07:10.688,mexc,AEVO/USDT:USDT,0.1119,305993,0.1118,569491,0.112,334433,0.1121,995116
1753600030935,07:07:10.935,mexc,AEVO/USDT:USDT,0.1119,305993,0.1118,826624,0.112,334433,0.1121,694220
1753600031034,07:07:11.034,mexc,AEVO/USDT:USDT,0.1119,305993,0.1118,826624,0.112,334433,0.1121,694220
1753600031250,07:07:11.250,mexc,AEVO/USDT:USDT,0.1119,305993,0.1118,569491,0.112,334433,0.1121,694220
1753600031534,07:07:11.534,mexc,AEVO/USDT:USDT,0.1119,305993,0.1118,569491,0.112,334433,0.1121,694220
1753600031751,07:07:11.751,mexc,AEVO/USDT:USDT,0.1119,305993,0.1118,569491,0.112,334433,0.1121,694220
1753600032033,07:07:12.033,mexc,AEVO/USDT:USDT,0.1118,569491,0.1117,1353402,0.1119,207241,0.112,656999
1753600032435,07:07:12.435,mexc,AEVO/USDT:USDT,0.1118,569491,0.1117,1688349,0.1119,207241,0.112,656999
1753600032534,07:07:12.534,mexc,AEVO/USDT:USDT,0.1118,569491,0.1117,1688349,0.1119,207241,0.112,334433
1753600032751,07:07:12.751,mexc,AEVO/USDT:USDT,0.1118,569491,0.1117,1879313,0.1119,207241,0.112,334433
1753600033032,07:07:13.032,mexc,AEVO/USDT:USDT,0.1118,569491,0.1117,1879313,0.1119,207241,0.112,497847
1753600033250,07:07:13.250,mexc,AEVO/USDT:USDT,0.1118,569491,0.1117,1600579,0.1119,207241,0.112,497847
1753600033534,07:07:13.534,mexc,AEVO/USDT:USDT,0.1118,569491,0.1117,1600579,0.1119,207241,0.112,334433
1753600033753,07:07:13.753,mexc,AEVO/USDT:USDT,0.1118,569491,0.1117,1353402,0.1119,207241,0.112,334433
1753600034033,07:07:14.033,mexc,AEVO/USDT:USDT,0.1118,569491,0.1117,1353402,0.1119,207241,0.112,575701
1753600034252,07:07:14.252,mexc,AEVO/USDT:USDT,0.1118,569491,0.1117,1606187,0.1119,207241,0.112,575701
1753600034534,07:07:14.534,mexc,AEVO/USDT:USDT,0.1118,569491,0.1117,1606187,0.1119,207241,0.112,334433
1753600034752,07:07:14.752,mexc,AEVO/USDT:USDT,0.1118,569491,0.1117,1353402,0.1119,207241,0.112,334433
1753600035038,07:07:15.038,mexc,AEVO/USDT:USDT,0.1118,569491,0.1117,1353402,0.1119,207241,0.112,479565
1753600035251,07:07:15.251,mexc,AEVO/USDT:USDT,0.1118,569491,0.1117,1486128,0.1119,207241,0.112,479565
1753600035536,07:07:15.536,mexc,AEVO/USDT:USDT,0.1118,569491,0.1117,1486128,0.1119,207241,0.112,334433
1753600035754,07:07:15.754,mexc,AEVO/USDT:USDT,0.1118,569491,0.1117,1353402,0.1119,207241,0.112,334433
1753600036034,07:07:16.034,mexc,AEVO/USDT:USDT,0.1118,569491,0.1117,1353402,0.1119,207241,0.112,334433
1753600036253,07:07:16.253,mexc,AEVO/USDT:USDT,0.1118,569491,0.1117,1440264,0.1119,207241,0.112,334433
1753600036533,07:07:16.533,mexc,AEVO/USDT:USDT,0.1118,569491,0.1117,1440264,0.1119,207241,0.112,334433
1753600036753,07:07:16.753,mexc,AEVO/USDT:USDT,0.1118,569491,0.1117,1563239,0.1119,207241,0.112,334433
1753600037040,07:07:17.040,mexc,AEVO/USDT:USDT,0.1117,1353402,0.1116,599593,0.1118,167720,0.1119,207241
1753600037252,07:07:17.252,mexc,AEVO/USDT:USDT,0.1117,1353402,0.1116,599593,0.1118,167720,0.1119,207241
1753600037657,07:07:17.657,mexc,AEVO/USDT:USDT,0.1117,1353402,0.1116,599593,0.1118,167720,0.1119,207241
1753600037754,07:07:17.754,mexc,AEVO/USDT:USDT,0.1117,1353402,0.1116,599593,0.1118,167720,0.1119,207241
1753600038034,07:07:18.034,mexc,AEVO/USDT:USDT,0.1117,1353402,0.1116,599593,0.1118,167720,0.1119,207241
1753600038254,07:07:18.254,mexc,AEVO/USDT:USDT,0.1117,1353402,0.1116,599593,0.1118,167720,0.1119,207241
1753600038535,07:07:18.535,mexc,AEVO/USDT:USDT,0.1117,1353402,0.1116,599593,0.1118,167720,0.1119,395165
1753600038761,07:07:18.761,mexc,AEVO/USDT:USDT,0.1117,1353402,0.1116,599593,0.1118,167720,0.1119,395165
1753600039036,07:07:19.036,mexc,AEVO/USDT:USDT,0.1117,1353402,0.1116,599593,0.1118,167720,0.1119,207241
1753600039263,07:07:19.263,mexc,AEVO/USDT:USDT,0.1117,1353402,0.1116,874292,0.1118,167720,0.1119,207241
1753600039536,07:07:19.536,mexc,AEVO/USDT:USDT,0.1117,1353402,0.1116,874292,0.1118,167720,0.1119,489836
1753600039763,07:07:19.763,mexc,AEVO/USDT:USDT,0.1117,1353402,0.1116,599593,0.1118,167720,0.1119,489836
1753600040036,07:07:20.036,mexc,AEVO/USDT:USDT,0.1117,1353402,0.1116,599593,0.1118,167720,0.1119,391960
1753600040264,07:07:20.264,mexc,AEVO/USDT:USDT,0.1117,1353402,0.1116,683493,0.1118,167720,0.1119,391960
1753600040536,07:07:20.536,mexc,AEVO/USDT:USDT,0.1117,1353402,0.1116,683493,0.1118,167720,0.1119,454499
1753600040762,07:07:20.762,mexc,AEVO/USDT:USDT,0.1117,1353402,0.1116,599593,0.1118,167720,0.1119,454499
1753600041036,07:07:21.036,mexc,AEVO/USDT:USDT,0.1117,1353402,0.1116,599593,0.1118,167720,0.1119,500192
1753600041262,07:07:21.262,mexc,AEVO/USDT:USDT,0.1117,1353402,0.1116,775052,0.1118,167720,0.1119,500192
1753600041536,07:07:21.536,mexc,AEVO/USDT:USDT,0.1117,1353402,0.1116,775052,0.1118,167720,0.1119,207241
1753600041761,07:07:21.761,mexc,AEVO/USDT:USDT,0.1117,1353402,0.1116,599593,0.1118,167720,0.1119,207241
1753600042038,07:07:22.038,mexc,AEVO/USDT:USDT,0.1117,1353402,0.1116,599593,0.1118,167720,0.1119,207241
1753600042264,07:07:22.264,mexc,AEVO/USDT:USDT,0.1117,1353402,0.1116,599593,0.1118,167720,0.1119,207241
1753600042553,07:07:22.553,mexc,AEVO/USDT:USDT,0.1117,365056,0.1116,959821,0.1118,19014,0.1119,469442
1753600042764,07:07:22.764,mexc,AEVO/USDT:USDT,0.1117,365056,0.1116,959821,0.1118,19014,0.1119,469442
1753600043070,07:07:23.070,mexc,AEVO/USDT:USDT,0.1119,88801,0.1118,383114,0.112,586182,0.1121,897133
1753600043262,07:07:23.262,mexc,AEVO/USDT:USDT,0.1119,88801,0.1118,383114,0.112,586182,0.1121,897133
1753600043535,07:07:23.535,mexc,AEVO/USDT:USDT,0.1119,88801,0.1118,383114,0.112,586182,0.1121,897133
1753600043759,07:07:23.759,mexc,AEVO/USDT:USDT,0.1118,383114,0.1117,365056,0.1119,153683,0.112,586182
1753600044037,07:07:24.037,mexc,AEVO/USDT:USDT,0.1118,383114,0.1117,365056,0.1119,153683,0.112,586182
1753600044439,07:07:24.439,mexc,AEVO/USDT:USDT,0.1118,383114,0.1117,365056,0.1119,153683,0.112,586182
1753600044536,07:07:24.536,mexc,AEVO/USDT:USDT,0.1118,383114,0.1117,365056,0.1119,153683,0.112,729262
1753600044763,07:07:24.763,mexc,AEVO/USDT:USDT,0.1118,383114,0.1117,365056,0.1119,153683,0.112,729262
1753600045038,07:07:25.038,mexc,AEVO/USDT:USDT,0.1118,383114,0.1117,365056,0.1119,153683,0.112,586182
1753600045265,07:07:25.265,mexc,AEVO/USDT:USDT,0.1118,383114,0.1117,365056,0.1119,153683,0.112,586182
1753600045536,07:07:25.536,mexc,AEVO/USDT:USDT,0.1118,383114,0.1117,365056,0.1119,153683,0.112,1056703
1753600045764,07:07:25.764,mexc,AEVO/USDT:USDT,0.1118,383114,0.1117,365056,0.1119,153683,0.112,1056703
1753600046036,07:07:26.036,mexc,AEVO/USDT:USDT,0.1118,383114,0.1117,365056,0.1119,153683,0.112,804886
1753600046313,07:07:26.313,mexc,AEVO/USDT:USDT,0.1118,383114,0.1117,568028,0.1119,153683,0.112,804886
1753600046536,07:07:26.536,mexc,AEVO/USDT:USDT,0.1118,383114,0.1117,568028,0.1119,153683,0.112,699995
1753600046814,07:07:26.814,mexc,AEVO/USDT:USDT,0.1118,383114,0.1117,365056,0.1119,153683,0.112,699995
1753600047036,07:07:27.036,mexc,AEVO/USDT:USDT,0.1118,383114,0.1117,365056,0.1119,153683,0.112,586182
1753600047313,07:07:27.313,mexc,AEVO/USDT:USDT,0.1118,383114,0.1117,482421,0.1119,153683,0.112,586182
1753600047537,07:07:27.537,mexc,AEVO/USDT:USDT,0.1118,383114,0.1117,482421,0.1119,153683,0.112,586182
1753600047813,07:07:27.813,mexc,AEVO/USDT:USDT,0.1118,383114,0.1117,579773,0.1119,153683,0.112,586182
1753600048036,07:07:28.036,mexc,AEVO/USDT:USDT,0.1118,383114,0.1117,579773,0.1119,153683,0.112,586182
1753600048314,07:07:28.314,mexc,AEVO/USDT:USDT,0.1118,383114,0.1117,509285,0.1119,153683,0.112,586182
1753600048537,07:07:28.537,mexc,AEVO/USDT:USDT,0.1118,383114,0.1117,509285,0.1119,153683,0.112,758297
1753600048814,07:07:28.814,mexc,AEVO/USDT:USDT,0.1118,383114,0.1117,537862,0.1119,153683,0.112,758297
1753600049038,07:07:29.038,mexc,AEVO/USDT:USDT,0.1118,383114,0.1117,537862,0.1119,153683,0.112,586182
1753600049314,07:07:29.314,mexc,AEVO/USDT:USDT,0.1118,383114,0.1117,494315,0.1119,153683,0.112,586182
1753600049539,07:07:29.539,mexc,AEVO/USDT:USDT,0.1119,293512,0.1118,383114,0.112,586182,0.1121,988718
1753600049941,07:07:29.941,mexc,AEVO/USDT:USDT,0.1119,293512,0.1118,383114,0.112,586182,0.1121,988718
1753600050039,07:07:30.039,mexc,AEVO/USDT:USDT,0.1119,293512,0.1118,383114,0.112,586182,0.1121,1047845
1753600050315,07:07:30.315,mexc,AEVO/USDT:USDT,0.1119,293512,0.1118,383114,0.112,586182,0.1121,1047845
1753600050538,07:07:30.538,mexc,AEVO/USDT:USDT,0.1119,293512,0.1118,383114,0.112,586182,0.1121,1054028
1753600050815,07:07:30.815,mexc,AEVO/USDT:USDT,0.1119,293512,0.1118,383114,0.112,586182,0.1121,1054028
1753600051040,07:07:31.040,mexc,AEVO/USDT:USDT,0.1119,293512,0.1118,383114,0.112,586182,0.1121,897133
1753600051315,07:07:31.315,mexc,AEVO/USDT:USDT,0.1119,293512,0.1118,782971,0.112,586182,0.1121,897133
1753600051539,07:07:31.539,mexc,AEVO/USDT:USDT,0.1119,293512,0.1118,782971,0.112,586182,0.1121,897133
1753600051815,07:07:31.815,mexc,AEVO/USDT:USDT,0.1119,293512,0.1118,383114,0.112,586182,0.1121,897133
1753600052039,07:07:32.039,mexc,AEVO/USDT:USDT,0.1119,293512,0.1118,383114,0.112,586182,0.1121,897133
1753600052315,07:07:32.315,mexc,AEVO/USDT:USDT,0.1119,293512,0.1118,804443,0.112,586182,0.1121,897133
1753600052539,07:07:32.539,mexc,AEVO/USDT:USDT,0.1119,293512,0.1118,804443,0.112,586182,0.1121,897133
1753600052815,07:07:32.815,mexc,AEVO/USDT:USDT,0.1119,293512,0.1118,618030,0.112,586182,0.1121,897133
1753600053037,07:07:33.037,mexc,AEVO/USDT:USDT,0.1119,293512,0.1118,618030,0.112,586182,0.1121,897133
1753600053316,07:07:33.316,mexc,AEVO/USDT:USDT,0.1119,293512,0.1118,714615,0.112,586182,0.1121,897133
1753600053540,07:07:33.540,mexc,AEVO/USDT:USDT,0.1119,293512,0.1118,714615,0.112,586182,0.1121,897133
1753600053817,07:07:33.817,mexc,AEVO/USDT:USDT,0.1119,293512,0.1118,383114,0.112,586182,0.1121,897133
1753600054040,07:07:34.040,mexc,AEVO/USDT:USDT,0.1119,293512,0.1118,383114,0.112,586182,0.1121,897133
1753600054317,07:07:34.317,mexc,AEVO/USDT:USDT,0.1119,293512,0.1118,383114,0.112,586182,0.1121,897133
1753600054552,07:07:34.552,mexc,AEVO/USDT:USDT,0.1119,165255,0.1118,529395,0.112,131576,0.1121,773472
1753600054821,07:07:34.821,mexc,AEVO/USDT:USDT,0.1119,165255,0.1118,685721,0.112,131576,0.1121,773472
1753600055219,07:07:35.219,mexc,AEVO/USDT:USDT,0.1119,165255,0.1118,685721,0.112,131576,0.1121,921017
1753600055317,07:07:35.317,mexc,AEVO/USDT:USDT,0.1119,165255,0.1118,778886,0.112,131576,0.1121,921017
1753600055541,07:07:35.541,mexc,AEVO/USDT:USDT,0.1119,165255,0.1118,778886,0.112,131576,0.1121,773472
1753600055817,07:07:35.817,mexc,AEVO/USDT:USDT,0.1119,165255,0.1118,529395,0.112,131576,0.1121,773472
1753600056040,07:07:36.040,mexc,AEVO/USDT:USDT,0.1119,165255,0.1118,529395,0.112,131576,0.1121,773472
1753600056317,07:07:36.317,mexc,AEVO/USDT:USDT,0.1119,165255,0.1118,529395,0.112,131576,0.1121,773472
1753600056541,07:07:36.541,mexc,AEVO/USDT:USDT,0.1119,165255,0.1118,529395,0.112,131576,0.1121,773472
1753600056818,07:07:36.818,mexc,AEVO/USDT:USDT,0.1119,165255,0.1118,529395,0.112,131576,0.1121,773472
1753600057041,07:07:37.041,mexc,AEVO/USDT:USDT,0.1119,165255,0.1118,529395,0.112,131576,0.1121,907455
1753600057319,07:07:37.319,mexc,AEVO/USDT:USDT,0.112,296419,0.1119,165255,0.1121,773472,0.1122,1340342
1753600057722,07:07:37.722,mexc,AEVO/USDT:USDT,0.112,296419,0.1119,165255,0.1121,773472,0.1122,1340342
1753600057818,07:07:37.818,mexc,AEVO/USDT:USDT,0.112,296419,0.1119,165255,0.1121,773472,0.1122,1340342
1753600058042,07:07:38.042,mexc,AEVO/USDT:USDT,0.112,296419,0.1119,165255,0.1121,773472,0.1122,1721701
1753600058317,07:07:38.317,mexc,AEVO/USDT:USDT,0.112,296419,0.1119,416466,0.1121,773472,0.1122,1721701
1753600058541,07:07:38.541,mexc,AEVO/USDT:USDT,0.112,296419,0.1119,416466,0.1121,773472,0.1122,1340342
1753600058818,07:07:38.818,mexc,AEVO/USDT:USDT,0.112,296419,0.1119,333168,0.1121,773472,0.1122,1340342
1753600059043,07:07:39.043,mexc,AEVO/USDT:USDT,0.112,296419,0.1119,333168,0.1121,773472,0.1122,1408577
1753600059319,07:07:39.319,mexc,AEVO/USDT:USDT,0.112,296419,0.1119,312720,0.1121,773472,0.1122,1408577
1753600059541,07:07:39.541,mexc,AEVO/USDT:USDT,0.112,296419,0.1119,312720,0.1121,773472,0.1122,1340342
1753600059819,07:07:39.819,mexc,AEVO/USDT:USDT,0.112,296419,0.1119,259926,0.1121,773472,0.1122,1340342
1753600060041,07:07:40.041,mexc,AEVO/USDT:USDT,0.112,296419,0.1119,259926,0.1121,773472,0.1122,1340342
1753600060320,07:07:40.320,mexc,AEVO/USDT:USDT,0.112,296419,0.1119,165255,0.1121,773472,0.1122,1340342
1753600060541,07:07:40.541,mexc,AEVO/USDT:USDT,0.112,296419,0.1119,165255,0.1121,773472,0.1122,1583195
1753600060822,07:07:40.822,mexc,AEVO/USDT:USDT,0.112,296419,0.1119,326816,0.1121,773472,0.1122,1583195
1753600061042,07:07:41.042,mexc,AEVO/USDT:USDT,0.112,296419,0.1119,326816,0.1121,773472,0.1122,1608508
1753600061325,07:07:41.325,mexc,AEVO/USDT:USDT,0.112,296419,0.1119,272267,0.1121,773472,0.1122,1608508
1753600061541,07:07:41.541,mexc,AEVO/USDT:USDT,0.112,296419,0.1119,272267,0.1121,773472,0.1122,1340342
1753600061822,07:07:41.822,mexc,AEVO/USDT:USDT,0.112,296419,0.1119,340698,0.1121,773472,0.1122,1340342
1753600062042,07:07:42.042,mexc,AEVO/USDT:USDT,0.112,296419,0.1119,340698,0.1121,773472,0.1122,1340342
1753600062320,07:07:42.320,mexc,AEVO/USDT:USDT,0.112,296419,0.1119,381982,0.1121,773472,0.1122,1340342
1753600062553,07:07:42.553,mexc,AEVO/USDT:USDT,0.112,177305,0.1119,571790,0.1121,343907,0.1122,953011
1753600062822,07:07:42.822,mexc,AEVO/USDT:USDT,0.112,177305,0.1119,711356,0.1121,343907,0.1122,953011
1753600063227,07:07:43.227,mexc,AEVO/USDT:USDT,0.112,177305,0.1119,571790,0.1121,343907,0.1122,1299796
1753600063323,07:07:43.323,mexc,AEVO/USDT:USDT,0.112,177305,0.1119,712141,0.1121,343907,0.1122,1299796
1753600063542,07:07:43.542,mexc,AEVO/USDT:USDT,0.112,177305,0.1119,712141,0.1121,343907,0.1122,953011
1753600063824,07:07:43.824,mexc,AEVO/USDT:USDT,0.112,177305,0.1119,750906,0.1121,343907,0.1122,953011
1753600064041,07:07:44.041,mexc,AEVO/USDT:USDT,0.112,177305,0.1119,750906,0.1121,343907,0.1122,953011
1753600064324,07:07:44.324,mexc,AEVO/USDT:USDT,0.112,177305,0.1119,759867,0.1121,343907,0.1122,953011
1753600064543,07:07:44.543,mexc,AEVO/USDT:USDT,0.112,177305,0.1119,759867,0.1121,343907,0.1122,1452299
1753600064825,07:07:44.825,mexc,AEVO/USDT:USDT,0.112,177305,0.1119,791867,0.1121,343907,0.1122,1452299
1753600065043,07:07:45.043,mexc,AEVO/USDT:USDT,0.112,177305,0.1119,791867,0.1121,343907,0.1122,1083428
1753600065324,07:07:45.324,mexc,AEVO/USDT:USDT,0.112,177305,0.1119,571790,0.1121,343907,0.1122,1083428
1753600065542,07:07:45.542,mexc,AEVO/USDT:USDT,0.112,177305,0.1119,571790,0.1121,343907,0.1122,1219269
1753600065825,07:07:45.825,mexc,AEVO/USDT:USDT,0.112,177305,0.1119,571790,0.1121,343907,0.1122,1219269
1753600066042,07:07:46.042,mexc,AEVO/USDT:USDT,0.112,177305,0.1119,571790,0.1121,343907,0.1122,953011
1753600066325,07:07:46.325,mexc,AEVO/USDT:USDT,0.112,177305,0.1119,571790,0.1121,343907,0.1122,953011
1753600066543,07:07:46.543,mexc,AEVO/USDT:USDT,0.112,177305,0.1119,571790,0.1121,343907,0.1122,953011
1753600066826,07:07:46.826,mexc,AEVO/USDT:USDT,0.112,177305,0.1119,571790,0.1121,343907,0.1122,953011
1753600067043,07:07:47.043,mexc,AEVO/USDT:USDT,0.112,177305,0.1119,571790,0.1121,343907,0.1122,953011
1753600067326,07:07:47.326,mexc,AEVO/USDT:USDT,0.112,177305,0.1119,787987,0.1121,343907,0.1122,953011
1753600067543,07:07:47.543,mexc,AEVO/USDT:USDT,0.112,177305,0.1119,787987,0.1121,343907,0.1122,1399095
1753600067826,07:07:47.826,mexc,AEVO/USDT:USDT,0.112,177305,0.1119,571790,0.1121,343907,0.1122,1399095
1753600068044,07:07:48.044,mexc,AEVO/USDT:USDT,0.112,177305,0.1119,571790,0.1121,343907,0.1122,953011
1753600068325,07:07:48.325,mexc,AEVO/USDT:USDT,0.112,177305,0.1119,571790,0.1121,343907,0.1122,953011
1753600068559,07:07:48.559,mexc,AEVO/USDT:USDT,0.112,286930,0.1119,602990,0.1121,310615,0.1122,929633
1753600068826,07:07:48.826,mexc,AEVO/USDT:USDT,0.112,286930,0.1119,719874,0.1121,310615,0.1122,929633
1753600069232,07:07:49.232,mexc,AEVO/USDT:USDT,0.112,286930,0.1119,602990,0.1121,310615,0.1122,1391626
1753600069326,07:07:49.326,mexc,AEVO/USDT:USDT,0.112,286930,0.1119,602990,0.1121,310615,0.1122,1391626
1753600069545,07:07:49.545,mexc,AEVO/USDT:USDT,0.112,286930,0.1119,602990,0.1121,310615,0.1122,929633
1753600069825,07:07:49.825,mexc,AEVO/USDT:USDT,0.112,286930,0.1119,602990,0.1121,310615,0.1122,929633
1753600070043,07:07:50.043,mexc,AEVO/USDT:USDT,0.112,286930,0.1119,602990,0.1121,310615,0.1122,929633
1753600070327,07:07:50.327,mexc,AEVO/USDT:USDT,0.112,286930,0.1119,602990,0.1121,310615,0.1122,929633
1753600070543,07:07:50.543,mexc,AEVO/USDT:USDT,0.112,286930,0.1119,602990,0.1121,310615,0.1122,1358689
1753600070828,07:07:50.828,mexc,AEVO/USDT:USDT,0.112,286930,0.1119,602990,0.1121,310615,0.1122,1358689
1753600071043,07:07:51.043,mexc,AEVO/USDT:USDT,0.112,286930,0.1119,602990,0.1121,310615,0.1122,929633
1753600071328,07:07:51.328,mexc,AEVO/USDT:USDT,0.112,286930,0.1119,602990,0.1121,310615,0.1122,929633
1753600071544,07:07:51.544,mexc,AEVO/USDT:USDT,0.112,286930,0.1119,602990,0.1121,310615,0.1122,929633
1753600071828,07:07:51.828,mexc,AEVO/USDT:USDT,0.112,286930,0.1119,706739,0.1121,310615,0.1122,929633
1753600072045,07:07:52.045,mexc,AEVO/USDT:USDT,0.112,286930,0.1119,706739,0.1121,310615,0.1122,1046219
1753600072327,07:07:52.327,mexc,AEVO/USDT:USDT,0.112,286930,0.1119,602990,0.1121,310615,0.1122,1046219
1753600072545,07:07:52.545,mexc,AEVO/USDT:USDT,0.112,286930,0.1119,602990,0.1121,310615,0.1122,1289065
1753600072827,07:07:52.827,mexc,AEVO/USDT:USDT,0.112,286930,0.1119,602990,0.1121,310615,0.1122,1289065
1753600073045,07:07:53.045,mexc,AEVO/USDT:USDT,0.112,286930,0.1119,602990,0.1121,310615,0.1122,929633
1753600073328,07:07:53.328,mexc,AEVO/USDT:USDT,0.112,286930,0.1119,602990,0.1121,310615,0.1122,929633
1753600073547,07:07:53.547,mexc,AEVO/USDT:USDT,0.112,286930,0.1119,602990,0.1121,310615,0.1122,1123532
1753600073828,07:07:53.828,mexc,AEVO/USDT:USDT,0.1121,415749,0.112,548822,0.1122,929633,0.1123,961183
1753600074231,07:07:54.231,mexc,AEVO/USDT:USDT,0.1121,415749,0.112,286930,0.1122,929633,0.1123,961183
1753600074328,07:07:54.328,mexc,AEVO/USDT:USDT,0.1121,415749,0.112,286930,0.1122,929633,0.1123,961183
1753600074545,07:07:54.545,mexc,AEVO/USDT:USDT,0.1121,415749,0.112,286930,0.1122,929633,0.1123,961183
1753600074830,07:07:54.830,mexc,AEVO/USDT:USDT,0.1121,415749,0.112,286930,0.1122,929633,0.1123,961183
1753600075046,07:07:55.046,mexc,AEVO/USDT:USDT,0.1121,415749,0.112,286930,0.1122,929633,0.1123,961183
1753600075328,07:07:55.328,mexc,AEVO/USDT:USDT,0.1121,415749,0.112,286930,0.1122,929633,0.1123,961183
1753600075551,07:07:55.551,mexc,AEVO/USDT:USDT,0.1121,415749,0.112,286930,0.1122,929633,0.1123,1336627
1753600075831,07:07:55.831,mexc,AEVO/USDT:USDT,0.1121,415749,0.112,682697,0.1122,929633,0.1123,1336627
1753600076045,07:07:56.045,mexc,AEVO/USDT:USDT,0.1121,415749,0.112,682697,0.1122,929633,0.1123,961183
1753600076329,07:07:56.329,mexc,AEVO/USDT:USDT,0.1121,415749,0.112,503776,0.1122,929633,0.1123,961183
1753600076546,07:07:56.546,mexc,AEVO/USDT:USDT,0.1121,415749,0.112,503776,0.1122,929633,0.1123,1109376
1753600076830,07:07:56.830,mexc,AEVO/USDT:USDT,0.1121,415749,0.112,286930,0.1122,929633,0.1123,1109376
1753600077046,07:07:57.046,mexc,AEVO/USDT:USDT,0.112,286930,0.1119,602990,0.1121,224570,0.1122,929633
1753600077448,07:07:57.448,mexc,AEVO/USDT:USDT,0.112,286930,0.1119,807964,0.1121,224570,0.1122,929633
1753600077546,07:07:57.546,mexc,AEVO/USDT:USDT,0.112,286930,0.1119,807964,0.1121,224570,0.1122,1300556
1753600077831,07:07:57.831,mexc,AEVO/USDT:USDT,0.112,286930,0.1119,734851,0.1121,224570,0.1122,1300556
1753600078045,07:07:58.045,mexc,AEVO/USDT:USDT,0.112,286930,0.1119,734851,0.1121,224570,0.1122,929633
1753600078330,07:07:58.330,mexc,AEVO/USDT:USDT,0.112,286930,0.1119,729209,0.1121,224570,0.1122,929633
1753600078547,07:07:58.547,mexc,AEVO/USDT:USDT,0.112,286930,0.1119,729209,0.1121,224570,0.1122,1179584
1753600078830,07:07:58.830,mexc,AEVO/USDT:USDT,0.112,286930,0.1119,602990,0.1121,224570,0.1122,1179584
1753600079047,07:07:59.047,mexc,AEVO/USDT:USDT,0.112,286930,0.1119,602990,0.1121,224570,0.1122,929633
1753600079331,07:07:59.331,mexc,AEVO/USDT:USDT,0.112,286930,0.1119,602990,0.1121,224570,0.1122,929633
1753600079548,07:07:59.548,mexc,AEVO/USDT:USDT,0.112,286930,0.1119,602990,0.1121,224570,0.1122,1097692
1753600079832,07:07:59.832,mexc,AEVO/USDT:USDT,0.112,286930,0.1119,602990,0.1121,224570,0.1122,1097692
1753600080047,07:08:00.047,mexc,AEVO/USDT:USDT,0.112,286930,0.1119,602990,0.1121,224570,0.1122,1316292
1753600080332,07:08:00.332,mexc,AEVO/USDT:USDT,0.112,286930,0.1119,793293,0.1121,224570,0.1122,1316292
1753600080548,07:08:00.548,mexc,AEVO/USDT:USDT,0.112,286930,0.1119,793293,0.1121,224570,0.1122,929633
1753600080832,07:08:00.832,mexc,AEVO/USDT:USDT,0.112,286930,0.1119,602990,0.1121,224570,0.1122,929633
1753600081046,07:08:01.046,mexc,AEVO/USDT:USDT,0.112,286930,0.1119,602990,0.1121,224570,0.1122,929633
1753600081333,07:08:01.333,mexc,AEVO/USDT:USDT,0.112,286930,0.1119,767566,0.1121,224570,0.1122,929633
1753600081551,07:08:01.551,mexc,AEVO/USDT:USDT,0.112,286930,0.1119,767566,0.1121,224570,0.1122,929633
1753600081833,07:08:01.833,mexc,AEVO/USDT:USDT,0.112,286930,0.1119,602990,0.1121,224570,0.1122,929633
1753600082064,07:08:02.064,mexc,AEVO/USDT:USDT,0.1119,602990,0.1118,1285160,0.112,222363,0.1121,224570
1753600082332,07:08:02.332,mexc,AEVO/USDT:USDT,0.1119,602990,0.1118,1285160,0.112,222363,0.1121,224570
1753600082737,07:08:02.737,mexc,AEVO/USDT:USDT,0.1119,602990,0.1118,1285160,0.112,222363,0.1121,224570
1753600082834,07:08:02.834,mexc,AEVO/USDT:USDT,0.1119,602990,0.1118,1285160,0.112,222363,0.1121,224570
1753600083047,07:08:03.047,mexc,AEVO/USDT:USDT,0.1119,602990,0.1118,1285160,0.112,222363,0.1121,224570
1753600083338,07:08:03.338,mexc,AEVO/USDT:USDT,0.1119,602990,0.1118,1285160,0.112,222363,0.1121,224570
1753600083548,07:08:03.548,mexc,AEVO/USDT:USDT,0.1119,602990,0.1118,1285160,0.112,222363,0.1121,284955
1753600083833,07:08:03.833,mexc,AEVO/USDT:USDT,0.1119,602990,0.1118,1285160,0.112,222363,0.1121,284955
1753600084048,07:08:04.048,mexc,AEVO/USDT:USDT,0.1119,602990,0.1118,1285160,0.112,222363,0.1121,224570
1753600084341,07:08:04.341,mexc,AEVO/USDT:USDT,0.1119,602990,0.1118,1884534,0.112,222363,0.1121,224570
1753600084548,07:08:04.548,mexc,AEVO/USDT:USDT,0.1119,602990,0.1118,1884534,0.112,222363,0.1121,224570
1753600084951,07:08:04.951,mexc,AEVO/USDT:USDT,0.1119,602990,0.1118,1285160,0.112,222363,0.1121,224570
1753600085047,07:08:05.047,mexc,AEVO/USDT:USDT,0.1119,602990,0.1118,1285160,0.112,222363,0.1121,224570
1753600085333,07:08:05.333,mexc,AEVO/USDT:USDT,0.1119,602990,0.1118,1285160,0.112,222363,0.1121,224570
1753600085547,07:08:05.547,mexc,AEVO/USDT:USDT,0.1119,602990,0.1118,1285160,0.112,222363,0.1121,224570
1753600085834,07:08:05.834,mexc,AEVO/USDT:USDT,0.1119,602990,0.1118,1285160,0.112,222363,0.1121,224570
1753600086049,07:08:06.049,mexc,AEVO/USDT:USDT,0.1119,602990,0.1118,1285160,0.112,222363,0.1121,475963
1753600086335,07:08:06.335,mexc,AEVO/USDT:USDT,0.1119,602990,0.1118,1769568,0.112,222363,0.1121,475963
1753600086550,07:08:06.550,mexc,AEVO/USDT:USDT,0.1119,602990,0.1118,1769568,0.112,222363,0.1121,224570
1753600086834,07:08:06.834,mexc,AEVO/USDT:USDT,0.1119,602990,0.1118,1285160,0.112,222363,0.1121,224570
1753600087051,07:08:07.051,mexc,AEVO/USDT:USDT,0.1119,602990,0.1118,1285160,0.112,222363,0.1121,224570
1753600087335,07:08:07.335,mexc,AEVO/USDT:USDT,0.1119,602990,0.1118,1726437,0.112,222363,0.1121,224570
1753600087559,07:08:07.559,mexc,AEVO/USDT:USDT,0.1119,146529,0.1118,608749,0.112,197386,0.1121,929135
1753600087836,07:08:07.836,mexc,AEVO/USDT:USDT,0.1119,146529,0.1118,874697,0.112,197386,0.1121,929135
1753600088237,07:08:08.237,mexc,AEVO/USDT:USDT,0.1119,146529,0.1118,608749,0.112,197386,0.1121,929135
1753600088334,07:08:08.334,mexc,AEVO/USDT:USDT,0.1119,146529,0.1118,721539,0.112,197386,0.1121,929135
1753600088552,07:08:08.552,mexc,AEVO/USDT:USDT,0.1119,146529,0.1118,721539,0.112,197386,0.1121,929135
1753600088835,07:08:08.835,mexc,AEVO/USDT:USDT,0.1119,146529,0.1118,608749,0.112,197386,0.1121,929135
1753600089053,07:08:09.053,mexc,AEVO/USDT:USDT,0.1119,146529,0.1118,608749,0.112,197386,0.1121,1249139
1753600089335,07:08:09.335,mexc,AEVO/USDT:USDT,0.1119,146529,0.1118,835249,0.112,197386,0.1121,1249139
1753600089552,07:08:09.552,mexc,AEVO/USDT:USDT,0.1119,146529,0.1118,835249,0.112,197386,0.1121,929135
1753600089836,07:08:09.836,mexc,AEVO/USDT:USDT,0.1119,146529,0.1118,608749,0.112,197386,0.1121,929135
1753600090050,07:08:10.050,mexc,AEVO/USDT:USDT,0.1119,146529,0.1118,608749,0.112,197386,0.1121,1387595
1753600090336,07:08:10.336,mexc,AEVO/USDT:USDT,0.1119,146529,0.1118,608749,0.112,197386,0.1121,1387595
1753600090552,07:08:10.552,mexc,AEVO/USDT:USDT,0.1119,146529,0.1118,608749,0.112,197386,0.1121,1270484
1753600090848,07:08:10.848,mexc,AEVO/USDT:USDT,0.1119,146529,0.1118,686584,0.112,197386,0.1121,1270484
1753600091052,07:08:11.052,mexc,AEVO/USDT:USDT,0.1119,146529,0.1118,686584,0.112,197386,0.1121,1253494
1753600091336,07:08:11.336,mexc,AEVO/USDT:USDT,0.1119,146529,0.1118,737580,0.112,197386,0.1121,1253494
1753600091553,07:08:11.553,mexc,AEVO/USDT:USDT,0.1119,146529,0.1118,737580,0.112,197386,0.1121,1187924
1753600091837,07:08:11.837,mexc,AEVO/USDT:USDT,0.1119,146529,0.1118,608749,0.112,197386,0.1121,1187924
1753600092052,07:08:12.052,mexc,AEVO/USDT:USDT,0.1119,146529,0.1118,608749,0.112,197386,0.1121,1023112
1753600092337,07:08:12.337,mexc,AEVO/USDT:USDT,0.1119,146529,0.1118,793724,0.112,197386,0.1121,1023112
1753600092552,07:08:12.552,mexc,AEVO/USDT:USDT,0.1119,146529,0.1118,793724,0.112,197386,0.1121,929135
1753600092837,07:08:12.837,mexc,AEVO/USDT:USDT,0.1119,146529,0.1118,911693,0.112,197386,0.1121,929135
1753600093052,07:08:13.052,mexc,AEVO/USDT:USDT,0.1119,146529,0.1118,911693,0.112,197386,0.1121,929135
1753600093337,07:08:13.337,mexc,AEVO/USDT:USDT,0.1119,146529,0.1118,689656,0.112,197386,0.1121,929135
1753600093558,07:08:13.558,mexc,AEVO/USDT:USDT,0.1119,161608,0.1118,772033,0.112,185162,0.1121,541727
1753600093838,07:08:13.838,mexc,AEVO/USDT:USDT,0.1119,161608,0.1118,772033,0.112,185162,0.1121,541727
1753600094240,07:08:14.240,mexc,AEVO/USDT:USDT,0.1119,161608,0.1118,772033,0.112,185162,0.1121,541727
1753600094337,07:08:14.337,mexc,AEVO/USDT:USDT,0.1119,161608,0.1118,1045672,0.112,185162,0.1121,541727
1753600094552,07:08:14.552,mexc,AEVO/USDT:USDT,0.1119,161608,0.1118,1045672,0.112,185162,0.1121,541727
1753600094838,07:08:14.838,mexc,AEVO/USDT:USDT,0.1119,161608,0.1118,772033,0.112,185162,0.1121,541727
1753600095052,07:08:15.052,mexc,AEVO/USDT:USDT,0.1119,161608,0.1118,772033,0.112,185162,0.1121,709281
1753600095338,07:08:15.338,mexc,AEVO/USDT:USDT,0.1119,161608,0.1118,951668,0.112,185162,0.1121,709281
1753600095553,07:08:15.553,mexc,AEVO/USDT:USDT,0.1119,161608,0.1118,951668,0.112,185162,0.1121,709756
1753600095837,07:08:15.837,mexc,AEVO/USDT:USDT,0.1119,161608,0.1118,960823,0.112,185162,0.1121,709756
1753600096052,07:08:16.052,mexc,AEVO/USDT:USDT,0.1119,161608,0.1118,960823,0.112,185162,0.1121,694027
1753600096337,07:08:16.337,mexc,AEVO/USDT:USDT,0.1119,161608,0.1118,772033,0.112,185162,0.1121,694027
1753600096554,07:08:16.554,mexc,AEVO/USDT:USDT,0.1119,161608,0.1118,772033,0.112,185162,0.1121,788396
1753600096848,07:08:16.848,mexc,AEVO/USDT:USDT,0.1119,161608,0.1118,772033,0.112,185162,0.1121,788396
1753600097054,07:08:17.054,mexc,AEVO/USDT:USDT,0.1119,161608,0.1118,772033,0.112,185162,0.1121,541727
1753600097341,07:08:17.341,mexc,AEVO/USDT:USDT,0.1119,161608,0.1118,772033,0.112,185162,0.1121,541727
1753600097553,07:08:17.553,mexc,AEVO/USDT:USDT,0.1119,161608,0.1118,772033,0.112,185162,0.1121,722476
1753600097841,07:08:17.841,mexc,AEVO/USDT:USDT,0.1119,161608,0.1118,772033,0.112,185162,0.1121,722476
1753600098053,07:08:18.053,mexc,AEVO/USDT:USDT,0.1119,161608,0.1118,772033,0.112,185162,0.1121,662681
1753600098428,07:08:18.428,mexc,AEVO/USDT:USDT,0.1119,161608,0.1118,772033,0.112,185162,0.1121,662681
1753600098556,07:08:18.556,mexc,AEVO/USDT:USDT,0.112,168056,0.1119,161608,0.1121,541727,0.1122,1250596
1753600098957,07:08:18.957,mexc,AEVO/USDT:USDT,0.112,168056,0.1119,161608,0.1121,541727,0.1122,1095732
1753600099053,07:08:19.053,mexc,AEVO/USDT:USDT,0.112,168056,0.1119,161608,0.1121,541727,0.1122,1095732
1753600099343,07:08:19.343,mexc,AEVO/USDT:USDT,0.112,168056,0.1119,161608,0.1121,541727,0.1122,1095732
1753600099554,07:08:19.554,mexc,AEVO/USDT:USDT,0.112,168056,0.1119,161608,0.1121,541727,0.1122,1095732
1753600099844,07:08:19.844,mexc,AEVO/USDT:USDT,0.112,168056,0.1119,340127,0.1121,541727,0.1122,1095732
1753600100053,07:08:20.053,mexc,AEVO/USDT:USDT,0.112,168056,0.1119,340127,0.1121,541727,0.1122,1095732
1753600100344,07:08:20.344,mexc,AEVO/USDT:USDT,0.112,168056,0.1119,481237,0.1121,541727,0.1122,1095732
1753600100555,07:08:20.555,mexc,AEVO/USDT:USDT,0.112,168056,0.1119,481237,0.1121,541727,0.1122,1095732
1753600100844,07:08:20.844,mexc,AEVO/USDT:USDT,0.112,168056,0.1119,161608,0.1121,541727,0.1122,1095732
1753600101063,07:08:21.063,mexc,AEVO/USDT:USDT,0.112,168056,0.1119,161608,0.1121,541727,0.1122,1290026
1753600101343,07:08:21.343,mexc,AEVO/USDT:USDT,0.112,168056,0.1119,436931,0.1121,541727,0.1122,1290026
1753600101557,07:08:21.557,mexc,AEVO/USDT:USDT,0.112,168056,0.1119,436931,0.1121,541727,0.1122,1357551
1753600101844,07:08:21.844,mexc,AEVO/USDT:USDT,0.112,168056,0.1119,161608,0.1121,541727,0.1122,1357551
1753600102058,07:08:22.058,mexc,AEVO/USDT:USDT,0.112,168056,0.1119,161608,0.1121,541727,0.1122,1095732
1753600102343,07:08:22.343,mexc,AEVO/USDT:USDT,0.112,168056,0.1119,161608,0.1121,541727,0.1122,1095732
1753600102560,07:08:22.560,mexc,AEVO/USDT:USDT,0.112,168056,0.1119,161608,0.1121,541727,0.1122,1287460
1753600102846,07:08:22.846,mexc,AEVO/USDT:USDT,0.112,168056,0.1119,161608,0.1121,541727,0.1122,1287460
1753600103061,07:08:23.061,mexc,AEVO/USDT:USDT,0.112,168056,0.1119,161608,0.1121,541727,0.1122,1095732
1753600103344,07:08:23.344,mexc,AEVO/USDT:USDT,0.112,168056,0.1119,161608,0.1121,541727,0.1122,1095732
1753600103559,07:08:23.559,mexc,AEVO/USDT:USDT,0.112,7056,0.1119,394455,0.1121,560204,0.1122,986036
1753600103844,07:08:23.844,mexc,AEVO/USDT:USDT,0.112,7056,0.1119,394455,0.1121,560204,0.1122,986036
1753600104247,07:08:24.247,mexc,AEVO/USDT:USDT,0.112,7056,0.1119,394455,0.1121,560204,0.1122,986036
1753600104344,07:08:24.344,mexc,AEVO/USDT:USDT,0.112,7056,0.1119,394455,0.1121,560204,0.1122,986036
1753600104561,07:08:24.561,mexc,AEVO/USDT:USDT,0.112,7056,0.1119,394455,0.1121,560204,0.1122,986036
1753600104845,07:08:24.845,mexc,AEVO/USDT:USDT,0.1119,394455,0.1118,1131304,0.112,409793,0.1121,560204
1753600105247,07:08:25.247,mexc,AEVO/USDT:USDT,0.1119,394455,0.1118,1131304,0.112,409793,0.1121,916122
1753600105344,07:08:25.344,mexc,AEVO/USDT:USDT,0.1119,394455,0.1118,1270001,0.112,409793,0.1121,916122
1753600105562,07:08:25.562,mexc,AEVO/USDT:USDT,0.1119,394455,0.1118,1270001,0.112,409793,0.1121,560204
1753600105843,07:08:25.843,mexc,AEVO/USDT:USDT,0.1119,394455,0.1118,1420660,0.112,409793,0.1121,560204
1753600106061,07:08:26.061,mexc,AEVO/USDT:USDT,0.1119,394455,0.1118,1420660,0.112,409793,0.1121,560204
1753600106344,07:08:26.344,mexc,AEVO/USDT:USDT,0.1119,394455,0.1118,1265301,0.112,409793,0.1121,560204
1753600106562,07:08:26.562,mexc,AEVO/USDT:USDT,0.1119,394455,0.1118,1265301,0.112,409793,0.1121,929433
1753600106846,07:08:26.846,mexc,AEVO/USDT:USDT,0.1119,394455,0.1118,1460391,0.112,409793,0.1121,929433
1753600107062,07:08:27.062,mexc,AEVO/USDT:USDT,0.1119,394455,0.1118,1460391,0.112,409793,0.1121,645693
1753600107345,07:08:27.345,mexc,AEVO/USDT:USDT,0.1119,394455,0.1118,1309063,0.112,409793,0.1121,645693
1753600107561,07:08:27.561,mexc,AEVO/USDT:USDT,0.1119,394455,0.1118,1309063,0.112,409793,0.1121,560204
1753600107847,07:08:27.847,mexc,AEVO/USDT:USDT,0.112,380690,0.1119,657463,0.1121,560204,0.1122,986036
1753600108248,07:08:28.248,mexc,AEVO/USDT:USDT,0.112,380690,0.1119,657463,0.1121,560204,0.1122,986036
1753600108346,07:08:28.346,mexc,AEVO/USDT:USDT,0.112,380690,0.1119,394455,0.1121,560204,0.1122,986036
1753600108562,07:08:28.562,mexc,AEVO/USDT:USDT,0.112,380690,0.1119,394455,0.1121,560204,0.1122,986036
1753600108846,07:08:28.846,mexc,AEVO/USDT:USDT,0.112,380690,0.1119,394455,0.1121,560204,0.1122,986036
1753600109061,07:08:29.061,mexc,AEVO/USDT:USDT,0.112,380690,0.1119,394455,0.1121,560204,0.1122,986036
1753600109345,07:08:29.345,mexc,AEVO/USDT:USDT,0.112,380690,0.1119,528114,0.1121,560204,0.1122,986036
1753600109564,07:08:29.564,mexc,AEVO/USDT:USDT,0.112,380690,0.1119,528114,0.1121,560204,0.1122,1047422
1753600109846,07:08:29.846,mexc,AEVO/USDT:USDT,0.112,380690,0.1119,394455,0.1121,560204,0.1122,1047422
1753600110062,07:08:30.062,mexc,AEVO/USDT:USDT,0.112,380690,0.1119,394455,0.1121,560204,0.1122,1224459
1753600110346,07:08:30.346,mexc,AEVO/USDT:USDT,0.112,380690,0.1119,394455,0.1121,560204,0.1122,1224459
1753600110563,07:08:30.563,mexc,AEVO/USDT:USDT,0.112,380690,0.1119,394455,0.1121,560204,0.1122,986036
1753600110848,07:08:30.848,mexc,AEVO/USDT:USDT,0.112,380690,0.1119,394455,0.1121,560204,0.1122,986036
1753600111063,07:08:31.063,mexc,AEVO/USDT:USDT,0.112,380690,0.1119,394455,0.1121,560204,0.1122,1222932
1753600111346,07:08:31.346,mexc,AEVO/USDT:USDT,0.112,380690,0.1119,394455,0.1121,560204,0.1122,1222932
1753600111613,07:08:31.613,mexc,AEVO/USDT:USDT,0.112,380690,0.1119,394455,0.1121,560204,0.1122,986036
1753600111848,07:08:31.848,mexc,AEVO/USDT:USDT,0.112,380690,0.1119,394455,0.1121,560204,0.1122,986036
1753600112114,07:08:32.114,mexc,AEVO/USDT:USDT,0.112,380690,0.1119,394455,0.1121,560204,0.1122,986036
1753600112347,07:08:32.347,mexc,AEVO/USDT:USDT,0.112,380690,0.1119,394455,0.1121,560204,0.1122,986036
1753600112614,07:08:32.614,mexc,AEVO/USDT:USDT,0.112,380690,0.1119,394455,0.1121,560204,0.1122,1178456
1753600112848,07:08:32.848,mexc,AEVO/USDT:USDT,0.112,380690,0.1119,510103,0.1121,560204,0.1122,1178456
1753600113114,07:08:33.114,mexc,AEVO/USDT:USDT,0.112,380690,0.1119,510103,0.1121,560204,0.1122,986036
1753600113348,07:08:33.348,mexc,AEVO/USDT:USDT,0.112,380690,0.1119,394455,0.1121,560204,0.1122,986036
1753600113615,07:08:33.615,mexc,AEVO/USDT:USDT,0.112,193114,0.1119,546124,0.1121,311419,0.1122,788250
1753600114020,07:08:34.020,mexc,AEVO/USDT:USDT,0.112,193114,0.1119,719449,0.1121,311419,0.1122,788250
1753600114116,07:08:34.116,mexc,AEVO/USDT:USDT,0.112,193114,0.1119,719449,0.1121,311419,0.1122,788250
1753600114348,07:08:34.348,mexc,AEVO/USDT:USDT,0.112,193114,0.1119,757395,0.1121,311419,0.1122,788250
1753600114616,07:08:34.616,mexc,AEVO/USDT:USDT,0.112,193114,0.1119,757395,0.1121,311419,0.1122,788250
1753600114928,07:08:34.928,mexc,AEVO/USDT:USDT,0.1119,546124,0.1118,988307,0.1121,311419,0.1122,788250
1753600115122,07:08:35.122,mexc,AEVO/USDT:USDT,0.1119,546124,0.1118,988307,0.112,355927,0.1121,311419
1753600115349,07:08:35.349,mexc,AEVO/USDT:USDT,0.1119,546124,0.1118,988307,0.112,355927,0.1121,311419
1753600115519,07:08:35.519,mexc,AEVO/USDT:USDT,0.1119,546124,0.1118,988307,0.112,355927,0.1121,311419
1753600115752,07:08:35.752,mexc,AEVO/USDT:USDT,0.1119,546124,0.1118,988307,0.112,355927,0.1121,311419
1753600115849,07:08:35.849,mexc,AEVO/USDT:USDT,0.1119,546124,0.1118,988307,0.112,355927,0.1121,311419
1753600116116,07:08:36.116,mexc,AEVO/USDT:USDT,0.1119,546124,0.1118,988307,0.112,355927,0.1121,577054
1753600116348,07:08:36.348,mexc,AEVO/USDT:USDT,0.1119,546124,0.1118,988307,0.112,355927,0.1121,577054
1753600116694,07:08:36.694,mexc,AEVO/USDT:USDT,0.1119,546124,0.1118,988307,0.112,355927,0.1121,382800
1753600116849,07:08:36.849,mexc,AEVO/USDT:USDT,0.1118,988307,0.1117,1451463,0.1119,19711,0.112,355927
1753600117117,07:08:37.117,mexc,AEVO/USDT:USDT,0.1118,988307,0.1117,1451463,0.1119,19711,0.112,355927
1753600117252,07:08:37.252,mexc,AEVO/USDT:USDT,0.1118,988307,0.1117,931418,0.1119,19711,0.112,355927
1753600117520,07:08:37.520,mexc,AEVO/USDT:USDT,0.1118,988307,0.1117,931418,0.1119,19711,0.112,355927
1753600117617,07:08:37.617,mexc,AEVO/USDT:USDT,0.1118,988307,0.1117,931418,0.1119,19711,0.112,404958
1753600117849,07:08:37.849,mexc,AEVO/USDT:USDT,0.1118,988307,0.1117,931418,0.1119,19711,0.112,404958
1753600118118,07:08:38.118,mexc,AEVO/USDT:USDT,0.1118,988307,0.1117,931418,0.1119,19711,0.112,355927
1753600118349,07:08:38.349,mexc,AEVO/USDT:USDT,0.1118,988307,0.1117,931418,0.1119,19711,0.112,355927
1753600118633,07:08:38.633,mexc,AEVO/USDT:USDT,0.1118,988307,0.1117,931418,0.1119,19711,0.112,355927
1753600118849,07:08:38.849,mexc,AEVO/USDT:USDT,0.1118,988307,0.1117,931418,0.1119,19711,0.112,355927
1753600119119,07:08:39.119,mexc,AEVO/USDT:USDT,0.1118,988307,0.1117,931418,0.1119,19711,0.112,452250
1753600119349,07:08:39.349,mexc,AEVO/USDT:USDT,0.1118,988307,0.1117,931418,0.1119,19711,0.112,452250
1753600119618,07:08:39.618,mexc,AEVO/USDT:USDT,0.1118,988307,0.1117,931418,0.1119,19711,0.112,355927
1753600119851,07:08:39.851,mexc,AEVO/USDT:USDT,0.1118,988307,0.1117,931418,0.1119,19711,0.112,355927
1753600120119,07:08:40.119,mexc,AEVO/USDT:USDT,0.1118,988307,0.1117,931418,0.1119,19711,0.112,482702
1753600120349,07:08:40.349,mexc,AEVO/USDT:USDT,0.1118,988307,0.1117,931418,0.1119,19711,0.112,482702
1753600120620,07:08:40.620,mexc,AEVO/USDT:USDT,0.1118,988307,0.1117,931418,0.1119,19711,0.112,355927
1753600120849,07:08:40.849,mexc,AEVO/USDT:USDT,0.1118,988307,0.1117,1116363,0.1119,19711,0.112,355927
1753600121119,07:08:41.119,mexc,AEVO/USDT:USDT,0.1118,988307,0.1117,1116363,0.1119,19711,0.112,355927
1753600121351,07:08:41.351,mexc,AEVO/USDT:USDT,0.1118,988307,0.1117,931418,0.1119,19711,0.112,355927
1753600121620,07:08:41.620,mexc,AEVO/USDT:USDT,0.1118,988307,0.1117,931418,0.1119,19711,0.112,355927
1753600121852,07:08:41.852,mexc,AEVO/USDT:USDT,0.1118,988307,0.1117,1076749,0.1119,19711,0.112,355927
1753600122121,07:08:42.121,mexc,AEVO/USDT:USDT,0.1118,988307,0.1117,1076749,0.1119,19711,0.112,355927
1753600122351,07:08:42.351,mexc,AEVO/USDT:USDT,0.1118,988307,0.1117,931418,0.1119,19711,0.112,355927
1753600122620,07:08:42.620,mexc,AEVO/USDT:USDT,0.1118,333415,0.1117,792071,0.1119,112996,0.112,2560557
1753600122850,07:08:42.850,mexc,AEVO/USDT:USDT,0.1118,333415,0.1117,792071,0.1119,112996,0.112,2560557
1753600123121,07:08:43.121,mexc,AEVO/USDT:USDT,0.1118,333415,0.1117,792071,0.1119,112996,0.112,2106041
1753600123351,07:08:43.351,mexc,AEVO/USDT:USDT,0.1118,333415,0.1117,1004936,0.1119,112996,0.112,2106041
1753600123621,07:08:43.621,mexc,AEVO/USDT:USDT,0.1118,333415,0.1117,1004936,0.1119,112996,0.112,1787310
1753600123914,07:08:43.914,mexc,AEVO/USDT:USDT,0.1118,333415,0.1117,792071,0.1119,112996,0.112,1787310
1753600124122,07:08:44.122,mexc,AEVO/USDT:USDT,0.1118,333415,0.1117,792071,0.1119,112996,0.112,1787310
1753600124413,07:08:44.413,mexc,AEVO/USDT:USDT,0.1118,333415,0.1117,792071,0.1119,112996,0.112,1787310
1753600124622,07:08:44.622,mexc,AEVO/USDT:USDT,0.1118,333415,0.1117,792071,0.1119,112996,0.112,1787310
1753600124913,07:08:44.913,mexc,AEVO/USDT:USDT,0.1118,333415,0.1117,792071,0.1119,112996,0.112,1787310
1753600125122,07:08:45.122,mexc,AEVO/USDT:USDT,0.1118,333415,0.1117,792071,0.1119,112996,0.112,1787310
1753600125514,07:08:45.514,mexc,AEVO/USDT:USDT,0.1118,333415,0.1117,792071,0.1119,112996,0.112,1787310
1753600125622,07:08:45.622,mexc,AEVO/USDT:USDT,0.1119,429703,0.1118,333415,0.112,1787310,0.1121,932769
1753600126025,07:08:46.025,mexc,AEVO/USDT:USDT,0.1119,429703,0.1118,681087,0.112,1787310,0.1121,932769
1753600126125,07:08:46.125,mexc,AEVO/USDT:USDT,0.1119,429703,0.1118,681087,0.112,1787310,0.1121,932769
1753600126416,07:08:46.416,mexc,AEVO/USDT:USDT,0.1119,429703,0.1118,333415,0.112,1787310,0.1121,932769
1753600126623,07:08:46.623,mexc,AEVO/USDT:USDT,0.1119,429703,0.1118,333415,0.112,1787310,0.1121,1607149
1753600126917,07:08:46.917,mexc,AEVO/USDT:USDT,0.1119,429703,0.1118,529476,0.112,1787310,0.1121,1607149
1753600127123,07:08:47.123,mexc,AEVO/USDT:USDT,0.1119,429703,0.1118,529476,0.112,1787310,0.1121,932769
1753600127416,07:08:47.416,mexc,AEVO/USDT:USDT,0.1119,429703,0.1118,333415,0.112,1787310,0.1121,932769
1753600127624,07:08:47.624,mexc,AEVO/USDT:USDT,0.1119,429703,0.1118,333415,0.112,1787310,0.1121,1494026
1753600127917,07:08:47.917,mexc,AEVO/USDT:USDT,0.1119,429703,0.1118,333415,0.112,1787310,0.1121,1494026
1753600128123,07:08:48.123,mexc,AEVO/USDT:USDT,0.1119,429703,0.1118,333415,0.112,1787310,0.1121,1158375
1753600128418,07:08:48.418,mexc,AEVO/USDT:USDT,0.1119,429703,0.1118,492666,0.112,1787310,0.1121,1158375
1753600128624,07:08:48.624,mexc,AEVO/USDT:USDT,0.1119,429703,0.1118,492666,0.112,1787310,0.1121,1386875
1753600128917,07:08:48.917,mexc,AEVO/USDT:USDT,0.1119,429703,0.1118,443051,0.112,1787310,0.1121,1386875
1753600129123,07:08:49.123,mexc,AEVO/USDT:USDT,0.1119,429703,0.1118,443051,0.112,1787310,0.1121,1481810
1753600129527,07:08:49.527,mexc,AEVO/USDT:USDT,0.1119,429703,0.1118,333415,0.112,1787310,0.1121,932769
1753600129626,07:08:49.626,mexc,AEVO/USDT:USDT,0.1119,429703,0.1118,333415,0.112,1787310,0.1121,932769
1753600129919,07:08:49.919,mexc,AEVO/USDT:USDT,0.1119,429703,0.1118,333415,0.112,1787310,0.1121,932769
1753600130126,07:08:50.126,mexc,AEVO/USDT:USDT,0.1119,429703,0.1118,333415,0.112,1787310,0.1121,1455164
1753600130418,07:08:50.418,mexc,AEVO/USDT:USDT,0.1119,429703,0.1118,333415,0.112,1787310,0.1121,1455164
1753600130626,07:08:50.626,mexc,AEVO/USDT:USDT,0.1119,196783,0.1118,549199,0.112,1475591,0.1121,841564
1753600131029,07:08:51.029,mexc,AEVO/USDT:USDT,0.1119,196783,0.1118,549199,0.112,1475591,0.1121,841564
1753600131127,07:08:51.127,mexc,AEVO/USDT:USDT,0.1119,196783,0.1118,549199,0.112,1475591,0.1121,1023468
1753600131417,07:08:51.417,mexc,AEVO/USDT:USDT,0.1119,196783,0.1118,946689,0.112,1475591,0.1121,1023468
1753600131626,07:08:51.626,mexc,AEVO/USDT:USDT,0.1119,196783,0.1118,946689,0.112,1475591,0.1121,1222745
1753600131918,07:08:51.918,mexc,AEVO/USDT:USDT,0.1119,196783,0.1118,549199,0.112,1475591,0.1121,1222745
1753600132127,07:08:52.127,mexc,AEVO/USDT:USDT,0.1119,196783,0.1118,549199,0.112,1475591,0.1121,1026564
1753600132419,07:08:52.419,mexc,AEVO/USDT:USDT,0.1119,196783,0.1118,617515,0.112,1475591,0.1121,1026564
1753600132628,07:08:52.628,mexc,AEVO/USDT:USDT,0.1119,196783,0.1118,617515,0.112,1475591,0.1121,841564
1753600132921,07:08:52.921,mexc,AEVO/USDT:USDT,0.1119,196783,0.1118,549199,0.112,1475591,0.1121,841564
1753600133129,07:08:53.129,mexc,AEVO/USDT:USDT,0.1119,196783,0.1118,549199,0.112,1475591,0.1121,1234274
1753600133419,07:08:53.419,mexc,AEVO/USDT:USDT,0.1119,196783,0.1118,549199,0.112,1475591,0.1121,1234274
1753600133627,07:08:53.627,mexc,AEVO/USDT:USDT,0.1119,196783,0.1118,549199,0.112,1475591,0.1121,841564
1753600133919,07:08:53.919,mexc,AEVO/USDT:USDT,0.1119,196783,0.1118,549199,0.112,1475591,0.1121,841564
1753600134128,07:08:54.128,mexc,AEVO/USDT:USDT,0.1119,196783,0.1118,549199,0.112,1475591,0.1121,841564
1753600134421,07:08:54.421,mexc,AEVO/USDT:USDT,0.1121,141806,0.112,622842,0.1122,903746,0.1123,658344
1753600134714,07:08:54.714,mexc,AEVO/USDT:USDT,0.1121,141806,0.112,622842,0.1122,903746,0.1123,962004
1753600134921,07:08:54.921,mexc,AEVO/USDT:USDT,0.1121,141806,0.112,622842,0.1122,903746,0.1123,962004
1753600135127,07:08:55.127,mexc,AEVO/USDT:USDT,0.1121,141806,0.112,622842,0.1122,903746,0.1123,658344
1753600135421,07:08:55.421,mexc,AEVO/USDT:USDT,0.1121,141806,0.112,622842,0.1122,903746,0.1123,658344
1753600135629,07:08:55.629,mexc,AEVO/USDT:USDT,0.1121,141806,0.112,622842,0.1122,903746,0.1123,658344
1753600135921,07:08:55.921,mexc,AEVO/USDT:USDT,0.1121,141806,0.112,828413,0.1122,903746,0.1123,658344
1753600136130,07:08:56.130,mexc,AEVO/USDT:USDT,0.1121,141806,0.112,828413,0.1122,903746,0.1123,797570
1753600136420,07:08:56.420,mexc,AEVO/USDT:USDT,0.1121,141806,0.112,622842,0.1122,903746,0.1123,797570
1753600136630,07:08:56.630,mexc,AEVO/USDT:USDT,0.1121,141806,0.112,622842,0.1122,903746,0.1123,1041628
1753600136921,07:08:56.921,mexc,AEVO/USDT:USDT,0.1121,141806,0.112,622842,0.1122,903746,0.1123,1041628
1753600137130,07:08:57.130,mexc,AEVO/USDT:USDT,0.1121,141806,0.112,622842,0.1122,903746,0.1123,658344
1753600137422,07:08:57.422,mexc,AEVO/USDT:USDT,0.1121,141806,0.112,622842,0.1122,903746,0.1123,658344
1753600137630,07:08:57.630,mexc,AEVO/USDT:USDT,0.1121,141806,0.112,622842,0.1122,903746,0.1123,658344
1753600137922,07:08:57.922,mexc,AEVO/USDT:USDT,0.1121,141806,0.112,816332,0.1122,903746,0.1123,658344
1753600138130,07:08:58.130,mexc,AEVO/USDT:USDT,0.1121,141806,0.112,816332,0.1122,903746,0.1123,658344
1753600138423,07:08:58.423,mexc,AEVO/USDT:USDT,0.1121,141806,0.112,622842,0.1122,903746,0.1123,658344
1753600138628,07:08:58.628,mexc,AEVO/USDT:USDT,0.1121,141806,0.112,622842,0.1122,903746,0.1123,658344
1753600138923,07:08:58.923,mexc,AEVO/USDT:USDT,0.1121,141806,0.112,622842,0.1122,903746,0.1123,658344
1753600139132,07:08:59.132,mexc,AEVO/USDT:USDT,0.1121,141806,0.112,622842,0.1122,903746,0.1123,658344
1753600139424,07:08:59.424,mexc,AEVO/USDT:USDT,0.1121,141806,0.112,622842,0.1122,903746,0.1123,658344
1753600139632,07:08:59.632,mexc,AEVO/USDT:USDT,0.1121,211327,0.112,879216,0.1122,284494,0.1123,616413
1753600139923,07:08:59.923,mexc,AEVO/USDT:USDT,0.1121,211327,0.112,879216,0.1122,284494,0.1123,616413
1753600140132,07:09:00.132,mexc,AEVO/USDT:USDT,0.1121,211327,0.112,879216,0.1122,284494,0.1123,471867
1753600140492,07:09:00.492,mexc,AEVO/USDT:USDT,0.1121,211327,0.112,1107307,0.1122,284494,0.1123,471867
1753600140677,07:09:00.677,mexc,AEVO/USDT:USDT,0.1121,567969,0.112,879216,0.1122,284494,0.1123,471867
1753600140922,07:09:00.922,mexc,AEVO/USDT:USDT,0.1121,567969,0.112,1201527,0.1122,284494,0.1123,471867
1753600140922,07:09:00.922,mexc,AEVO/USDT:USDT,0.1121,567969,0.112,1201527,0.1122,284494,0.1123,471867
1753600141326,07:09:01.326,mexc,AEVO/USDT:USDT,0.1121,567969,0.112,879216,0.1122,284494,0.1123,532858
1753600141422,07:09:01.422,mexc,AEVO/USDT:USDT,0.1121,567969,0.112,879216,0.1122,284494,0.1123,532858
1753600141632,07:09:01.632,mexc,AEVO/USDT:USDT,0.1121,567969,0.112,879216,0.1122,284494,0.1123,471867
1753600141923,07:09:01.923,mexc,AEVO/USDT:USDT,0.1121,567969,0.112,879216,0.1122,284494,0.1123,471867
1753600142133,07:09:02.133,mexc,AEVO/USDT:USDT,0.1121,567969,0.112,879216,0.1122,284494,0.1123,623504
1753600142423,07:09:02.423,mexc,AEVO/USDT:USDT,0.1121,567969,0.112,1218055,0.1122,284494,0.1123,623504
1753600142714,07:09:02.714,mexc,AEVO/USDT:USDT,0.1121,567969,0.112,1218055,0.1122,284494,0.1123,471867
1753600142924,07:09:02.924,mexc,AEVO/USDT:USDT,0.1121,567969,0.112,879216,0.1122,284494,0.1123,471867
1753600143214,07:09:03.214,mexc,AEVO/USDT:USDT,0.1121,567969,0.112,879216,0.1122,284494,0.1123,678429
1753600143424,07:09:03.424,mexc,AEVO/USDT:USDT,0.1121,567969,0.112,1153983,0.1122,284494,0.1123,678429
1753600143713,07:09:03.713,mexc,AEVO/USDT:USDT,0.1121,567969,0.112,1153983,0.1122,284494,0.1123,471867
1753600143923,07:09:03.923,mexc,AEVO/USDT:USDT,0.1121,567969,0.112,1096209,0.1122,284494,0.1123,471867
1753600144218,07:09:04.218,mexc,AEVO/USDT:USDT,0.1121,567969,0.112,1096209,0.1122,284494,0.1123,471867
1753600144425,07:09:04.425,mexc,AEVO/USDT:USDT,0.1121,567969,0.112,879216,0.1122,284494,0.1123,471867
1753600144715,07:09:04.715,mexc,AEVO/USDT:USDT,0.1121,567969,0.112,879216,0.1122,284494,0.1123,625100
1753600144925,07:09:04.925,mexc,AEVO/USDT:USDT,0.1121,567969,0.112,879216,0.1122,284494,0.1123,625100
1753600145216,07:09:05.216,mexc,AEVO/USDT:USDT,0.1121,567969,0.112,879216,0.1122,284494,0.1123,471867
1753600145426,07:09:05.426,mexc,AEVO/USDT:USDT,0.1121,567969,0.112,879216,0.1122,284494,0.1123,471867
1753600145817,07:09:05.817,mexc,AEVO/USDT:USDT,0.1121,567969,0.112,879216,0.1122,284494,0.1123,471867
1753600145926,07:09:05.926,mexc,AEVO/USDT:USDT,0.1121,567969,0.112,1071413,0.1122,284494,0.1123,471867
1753600146218,07:09:06.218,mexc,AEVO/USDT:USDT,0.1121,567969,0.112,1071413,0.1122,284494,0.1123,575950
1753600146330,07:09:06.330,mexc,AEVO/USDT:USDT,0.1121,567969,0.112,879216,0.1122,284494,0.1123,575950
1753600146573,07:09:06.573,mexc,AEVO/USDT:USDT,0.1121,135794,0.112,760592,0.1122,553806,0.1123,486723
1753600146718,07:09:06.718,mexc,AEVO/USDT:USDT,0.1121,135794,0.112,760592,0.1122,553806,0.1123,697269
1753600147121,07:09:07.121,mexc,AEVO/USDT:USDT,0.1121,135794,0.112,760592,0.1122,553806,0.1123,605375
1753600147218,07:09:07.218,mexc,AEVO/USDT:USDT,0.1121,135794,0.112,760592,0.1122,553806,0.1123,705081
1753600147428,07:09:07.428,mexc,AEVO/USDT:USDT,0.1121,135794,0.112,760592,0.1122,553806,0.1123,705081
1753600147717,07:09:07.717,mexc,AEVO/USDT:USDT,0.1121,135794,0.112,760592,0.1122,553806,0.1123,586427
1753600147944,07:09:07.944,mexc,AEVO/USDT:USDT,0.1121,135794,0.112,1010909,0.1122,553806,0.1123,586427
1753600148219,07:09:08.219,mexc,AEVO/USDT:USDT,0.1121,135794,0.112,1010909,0.1122,553806,0.1123,486723
1753600148429,07:09:08.429,mexc,AEVO/USDT:USDT,0.1121,135794,0.112,760592,0.1122,553806,0.1123,486723
1753600148718,07:09:08.718,mexc,AEVO/USDT:USDT,0.1121,135794,0.112,760592,0.1122,553806,0.1123,486723
1753600148930,07:09:08.930,mexc,AEVO/USDT:USDT,0.1121,135794,0.112,760592,0.1122,553806,0.1123,486723
1753600149332,07:09:09.332,mexc,AEVO/USDT:USDT,0.1121,135794,0.112,760592,0.1122,553806,0.1123,486723
1753600149429,07:09:09.429,mexc,AEVO/USDT:USDT,0.1121,135794,0.112,760592,0.1122,553806,0.1123,486723
1753600149718,07:09:09.718,mexc,AEVO/USDT:USDT,0.1121,135794,0.112,760592,0.1122,553806,0.1123,486723
1753600149929,07:09:09.929,mexc,AEVO/USDT:USDT,0.1121,135794,0.112,981865,0.1122,553806,0.1123,486723
1753600150218,07:09:10.218,mexc,AEVO/USDT:USDT,0.1121,135794,0.112,981865,0.1122,553806,0.1123,559227
1753600150428,07:09:10.428,mexc,AEVO/USDT:USDT,0.1121,135794,0.112,867878,0.1122,553806,0.1123,559227
1753600150718,07:09:10.718,mexc,AEVO/USDT:USDT,0.1121,135794,0.112,867878,0.1122,553806,0.1123,568231
1753600150931,07:09:10.931,mexc,AEVO/USDT:USDT,0.1121,135794,0.112,971653,0.1122,553806,0.1123,568231
1753600151224,07:09:11.224,mexc,AEVO/USDT:USDT,0.1121,135794,0.112,971653,0.1122,553806,0.1123,655698
1753600151429,07:09:11.429,mexc,AEVO/USDT:USDT,0.1121,135794,0.112,760592,0.1122,553806,0.1123,655698
1753600151821,07:09:11.821,mexc,AEVO/USDT:USDT,0.1121,135794,0.112,760592,0.1122,553806,0.1123,670304
1753600151929,07:09:11.929,mexc,AEVO/USDT:USDT,0.1121,135794,0.112,865308,0.1122,553806,0.1123,670304
1753600152220,07:09:12.220,mexc,AEVO/USDT:USDT,0.1121,135794,0.112,865308,0.1122,553806,0.1123,486723
1753600152334,07:09:12.334,mexc,AEVO/USDT:USDT,0.1121,135794,0.112,760592,0.1122,553806,0.1123,550416
1753600152575,07:09:12.575,mexc,AEVO/USDT:USDT,0.1121,231555,0.112,750731,0.1122,342728,0.1123,620153
1753600152719,07:09:12.719,mexc,AEVO/USDT:USDT,0.1121,231555,0.112,750731,0.1122,342728,0.1123,863424
1753600153122,07:09:13.122,mexc,AEVO/USDT:USDT,0.1121,231555,0.112,750731,0.1122,342728,0.1123,863424
1753600153220,07:09:13.220,mexc,AEVO/USDT:USDT,0.1121,231555,0.112,750731,0.1122,342728,0.1123,706544
1753600153432,07:09:13.432,mexc,AEVO/USDT:USDT,0.1121,231555,0.112,1074805,0.1122,342728,0.1123,706544
1753600153720,07:09:13.720,mexc,AEVO/USDT:USDT,0.1121,231555,0.112,1074805,0.1122,342728,0.1123,620153
1753600153933,07:09:13.933,mexc,AEVO/USDT:USDT,0.1121,231555,0.112,958266,0.1122,342728,0.1123,620153
1753600154221,07:09:14.221,mexc,AEVO/USDT:USDT,0.1121,231555,0.112,958266,0.1122,342728,0.1123,620153
1753600154431,07:09:14.431,mexc,AEVO/USDT:USDT,0.1121,231555,0.112,1107062,0.1122,342728,0.1123,620153
1753600154721,07:09:14.721,mexc,AEVO/USDT:USDT,0.1121,231555,0.112,1107062,0.1122,342728,0.1123,620153
1753600154932,07:09:14.932,mexc,AEVO/USDT:USDT,0.1121,231555,0.112,750731,0.1122,342728,0.1123,620153
1753600155220,07:09:15.220,mexc,AEVO/USDT:USDT,0.1121,231555,0.112,750731,0.1122,342728,0.1123,1037062
1753600155432,07:09:15.432,mexc,AEVO/USDT:USDT,0.1121,231555,0.112,839819,0.1122,342728,0.1123,1037062
1753600155720,07:09:15.720,mexc,AEVO/USDT:USDT,0.1121,231555,0.112,839819,0.1122,342728,0.1123,620153
1753600155933,07:09:15.933,mexc,AEVO/USDT:USDT,0.1121,231555,0.112,750731,0.1122,342728,0.1123,620153
1753600156221,07:09:16.221,mexc,AEVO/USDT:USDT,0.1121,231555,0.112,750731,0.1122,342728,0.1123,620153
1753600156433,07:09:16.433,mexc,AEVO/USDT:USDT,0.1121,231555,0.112,1041851,0.1122,342728,0.1123,620153
1753600156721,07:09:16.721,mexc,AEVO/USDT:USDT,0.1121,231555,0.112,1041851,0.1122,342728,0.1123,620153
1753600156933,07:09:16.933,mexc,AEVO/USDT:USDT,0.1121,231555,0.112,912901,0.1122,342728,0.1123,620153
1753600157222,07:09:17.222,mexc,AEVO/USDT:USDT,0.1121,231555,0.112,912901,0.1122,342728,0.1123,765249
1753600157434,07:09:17.434,mexc,AEVO/USDT:USDT,0.1121,231555,0.112,1049373,0.1122,342728,0.1123,765249
1753600157823,07:09:17.823,mexc,AEVO/USDT:USDT,0.1121,231555,0.112,1049373,0.1122,342728,0.1123,620153
1753600157933,07:09:17.933,mexc,AEVO/USDT:USDT,0.1121,231555,0.112,1266193,0.1122,342728,0.1123,620153
1753600158223,07:09:18.223,mexc,AEVO/USDT:USDT,0.1121,231555,0.112,1266193,0.1122,342728,0.1123,620153
1753600158338,07:09:18.338,mexc,AEVO/USDT:USDT,0.1121,231555,0.112,750731,0.1122,342728,0.1123,620153
1753600158579,07:09:18.579,mexc,AEVO/USDT:USDT,0.1121,43424,0.112,946049,0.1122,554349,0.1123,867773
1753600158726,07:09:18.726,mexc,AEVO/USDT:USDT,0.1121,43424,0.112,946049,0.1122,554349,0.1123,1221155
1753600159129,07:09:19.129,mexc,AEVO/USDT:USDT,0.1121,43424,0.112,1443909,0.1122,554349,0.1123,867773
1753600159340,07:09:19.340,mexc,AEVO/USDT:USDT,0.1121,43424,0.112,1217721,0.1122,554349,0.1123,1017530
1753600159433,07:09:19.433,mexc,AEVO/USDT:USDT,0.1121,43424,0.112,946049,0.1122,554349,0.1123,1017530
1753600159734,07:09:19.734,mexc,AEVO/USDT:USDT,0.1121,43424,0.112,946049,0.1122,554349,0.1123,1027442
1753600159935,07:09:19.935,mexc,AEVO/USDT:USDT,0.1121,43424,0.112,1055636,0.1122,554349,0.1123,1027442
1753600160225,07:09:20.225,mexc,AEVO/USDT:USDT,0.1121,43424,0.112,1055636,0.1122,554349,0.1123,867773
1753600160439,07:09:20.439,mexc,AEVO/USDT:USDT,0.112,946049,0.1119,1173274,0.1121,489339,0.1122,554349
1753600160725,07:09:20.725,mexc,AEVO/USDT:USDT,0.112,946049,0.1119,1173274,0.1121,489339,0.1122,737101
1753600161128,07:09:21.128,mexc,AEVO/USDT:USDT,0.112,946049,0.1119,1173274,0.1121,489339,0.1122,554349
1753600161224,07:09:21.224,mexc,AEVO/USDT:USDT,0.112,946049,0.1119,1173274,0.1121,489339,0.1122,657609
1753600161437,07:09:21.437,mexc,AEVO/USDT:USDT,0.112,946049,0.1119,1173274,0.1121,489339,0.1122,657609
1753600161726,07:09:21.726,mexc,AEVO/USDT:USDT,0.112,946049,0.1119,1173274,0.1121,489339,0.1122,869093
1753600161936,07:09:21.936,mexc,AEVO/USDT:USDT,0.112,946049,0.1119,1173274,0.1121,489339,0.1122,869093
1753600162341,07:09:22.341,mexc,AEVO/USDT:USDT,0.112,946049,0.1119,1173274,0.1121,489339,0.1122,659839
1753600162437,07:09:22.437,mexc,AEVO/USDT:USDT,0.112,946049,0.1119,1433413,0.1121,489339,0.1122,659839
1753600162727,07:09:22.727,mexc,AEVO/USDT:USDT,0.112,946049,0.1119,1433413,0.1121,489339,0.1122,554349
1753600162937,07:09:22.937,mexc,AEVO/USDT:USDT,0.112,946049,0.1119,1256414,0.1121,489339,0.1122,554349
1753600163231,07:09:23.231,mexc,AEVO/USDT:USDT,0.112,946049,0.1119,1256414,0.1121,489339,0.1122,554349
1753600163438,07:09:23.438,mexc,AEVO/USDT:USDT,0.112,946049,0.1119,1245615,0.1121,489339,0.1122,554349
1753600163826,07:09:23.826,mexc,AEVO/USDT:USDT,0.112,946049,0.1119,1245615,0.1121,489339,0.1122,894023
1753600163937,07:09:23.937,mexc,AEVO/USDT:USDT,0.112,946049,0.1119,1173274,0.1121,489339,0.1122,894023
1753600164230,07:09:24.230,mexc,AEVO/USDT:USDT,0.112,946049,0.1119,1173274,0.1121,489339,0.1122,554349
1753600164341,07:09:24.341,mexc,AEVO/USDT:USDT,0.112,946049,0.1119,1173274,0.1121,489339,0.1122,554349
1753600164634,07:09:24.634,mexc,AEVO/USDT:USDT,0.112,946049,0.1119,1173274,0.1121,489339,0.1122,554349
1753600164842,07:09:24.842,mexc,AEVO/USDT:USDT,0.112,946049,0.1119,1173274,0.1121,489339,0.1122,554349
1753600164939,07:09:24.939,mexc,AEVO/USDT:USDT,0.112,946049,0.1119,1270089,0.1121,489339,0.1122,554349
1753600165231,07:09:25.231,mexc,AEVO/USDT:USDT,0.112,946049,0.1119,1270089,0.1121,489339,0.1122,742694
1753600165440,07:09:25.440,mexc,AEVO/USDT:USDT,0.112,946049,0.1119,1330956,0.1121,489339,0.1122,742694
1753600165731,07:09:25.731,mexc,AEVO/USDT:USDT,0.112,344180,0.1119,866066,0.1121,267536,0.1122,674245
1753600166134,07:09:26.134,mexc,AEVO/USDT:USDT,0.112,344180,0.1119,866066,0.1121,267536,0.1122,582732
1753600166232,07:09:26.232,mexc,AEVO/USDT:USDT,0.112,344180,0.1119,866066,0.1121,267536,0.1122,974391
1753600166441,07:09:26.441,mexc,AEVO/USDT:USDT,0.112,344180,0.1119,866066,0.1121,267536,0.1122,974391
1753600166739,07:09:26.739,mexc,AEVO/USDT:USDT,0.112,344180,0.1119,866066,0.1121,267536,0.1122,582732
1753600166940,07:09:26.940,mexc,AEVO/USDT:USDT,0.112,344180,0.1119,866066,0.1121,267536,0.1122,582732
1753600167232,07:09:27.232,mexc,AEVO/USDT:USDT,0.112,344180,0.1119,866066,0.1121,267536,0.1122,582732
1753600167441,07:09:27.441,mexc,AEVO/USDT:USDT,0.112,344180,0.1119,866066,0.1121,267536,0.1122,582732
1753600167732,07:09:27.732,mexc,AEVO/USDT:USDT,0.112,344180,0.1119,866066,0.1121,267536,0.1122,582732
1753600167941,07:09:27.941,mexc,AEVO/USDT:USDT,0.112,344180,0.1119,866066,0.1121,267536,0.1122,582732
1753600168233,07:09:28.233,mexc,AEVO/USDT:USDT,0.112,344180,0.1119,866066,0.1121,267536,0.1122,846820
1753600168440,07:09:28.440,mexc,AEVO/USDT:USDT,0.112,344180,0.1119,866066,0.1121,267536,0.1122,846820
1753600168734,07:09:28.734,mexc,AEVO/USDT:USDT,0.112,344180,0.1119,866066,0.1121,267536,0.1122,690427
1753600168942,07:09:28.942,mexc,AEVO/USDT:USDT,0.112,344180,0.1119,1332443,0.1121,267536,0.1122,690427
1753600169233,07:09:29.233,mexc,AEVO/USDT:USDT,0.112,344180,0.1119,1332443,0.1121,267536,0.1122,582732
1753600169441,07:09:29.441,mexc,AEVO/USDT:USDT,0.112,344180,0.1119,1392488,0.1121,267536,0.1122,582732
1753600169793,07:09:29.793,mexc,AEVO/USDT:USDT,0.112,344180,0.1119,1392488,0.1121,267536,0.1122,582732
1753600169943,07:09:29.943,mexc,AEVO/USDT:USDT,0.1122,551316,0.1121,748205,0.1123,681395,0.1124,859716
1753600170234,07:09:30.234,mexc,AEVO/USDT:USDT,0.1122,551316,0.1121,748205,0.1123,681395,0.1124,859716
1753600170385,07:09:30.385,mexc,AEVO/USDT:USDT,0.1122,551316,0.1121,499463,0.1123,681395,0.1124,859716
1753600170637,07:09:30.637,mexc,AEVO/USDT:USDT,0.1122,551316,0.1121,809022,0.1123,681395,0.1124,859716
1753600170733,07:09:30.733,mexc,AEVO/USDT:USDT,0.1122,551316,0.1121,809022,0.1123,681395,0.1124,859716
1753600170944,07:09:30.944,mexc,AEVO/USDT:USDT,0.1122,551316,0.1121,771608,0.1123,681395,0.1124,859716
1753600171234,07:09:31.234,mexc,AEVO/USDT:USDT,0.1122,551316,0.1121,771608,0.1123,681395,0.1124,859716
1753600171443,07:09:31.443,mexc,AEVO/USDT:USDT,0.1122,551316,0.1121,499463,0.1123,681395,0.1124,859716
1753600171735,07:09:31.735,mexc,AEVO/USDT:USDT,0.1122,551316,0.1121,499463,0.1123,681395,0.1124,944338
1753600171944,07:09:31.944,mexc,AEVO/USDT:USDT,0.1122,551316,0.1121,499463,0.1123,681395,0.1124,944338
1753600172235,07:09:32.235,mexc,AEVO/USDT:USDT,0.1122,551316,0.1121,499463,0.1123,681395,0.1124,859716
1753600172443,07:09:32.443,mexc,AEVO/USDT:USDT,0.1122,549022,0.1121,499463,0.1123,681395,0.1124,859716
1753600172735,07:09:32.735,mexc,AEVO/USDT:USDT,0.1122,549022,0.1121,499463,0.1123,681395,0.1124,859716
1753600172945,07:09:32.945,mexc,AEVO/USDT:USDT,0.1122,549022,0.1121,948779,0.1123,681395,0.1124,859716
1753600173234,07:09:33.234,mexc,AEVO/USDT:USDT,0.1122,549022,0.1121,948779,0.1123,681395,0.1124,1063714
1753600173442,07:09:33.442,mexc,AEVO/USDT:USDT,0.1122,549022,0.1121,499463,0.1123,681395,0.1124,1063714
1753600173734,07:09:33.734,mexc,AEVO/USDT:USDT,0.1122,549022,0.1121,499463,0.1123,681395,0.1124,938181
1753600173945,07:09:33.945,mexc,AEVO/USDT:USDT,0.1122,549022,0.1121,839718,0.1123,681395,0.1124,938181
1753600174235,07:09:34.235,mexc,AEVO/USDT:USDT,0.1122,549022,0.1121,839718,0.1123,681395,0.1124,859716
1753600174445,07:09:34.445,mexc,AEVO/USDT:USDT,0.1122,549022,0.1121,746535,0.1123,681395,0.1124,859716
1753600174735,07:09:34.735,mexc,AEVO/USDT:USDT,0.1122,549022,0.1121,746535,0.1123,681395,0.1124,859716
1753600174944,07:09:34.944,mexc,AEVO/USDT:USDT,0.1122,549022,0.1121,499463,0.1123,681395,0.1124,859716
1753600175234,07:09:35.234,mexc,AEVO/USDT:USDT,0.1122,549022,0.1121,499463,0.1123,681395,0.1124,1051353
1753600175444,07:09:35.444,mexc,AEVO/USDT:USDT,0.1122,549022,0.1121,499463,0.1123,681395,0.1124,1051353
1753600175736,07:09:35.736,mexc,AEVO/USDT:USDT,0.1122,307512,0.1121,675528,0.1123,233179,0.1124,420684
1753600175943,07:09:35.943,mexc,AEVO/USDT:USDT,0.1122,307512,0.1121,826538,0.1123,233179,0.1124,420684
1753600176236,07:09:36.236,mexc,AEVO/USDT:USDT,0.1122,307512,0.1121,826538,0.1123,233179,0.1124,420684
1753600176544,07:09:36.544,mexc,AEVO/USDT:USDT,0.1122,307512,0.1121,1068713,0.1123,233179,0.1124,420684
1753600176736,07:09:36.736,mexc,AEVO/USDT:USDT,0.1122,307512,0.1121,1068713,0.1123,233179,0.1124,420684
1753600176944,07:09:36.944,mexc,AEVO/USDT:USDT,0.1122,307512,0.1121,675528,0.1123,233179,0.1124,420684
1753600177140,07:09:37.140,mexc,AEVO/USDT:USDT,0.1122,307512,0.1121,675528,0.1123,233179,0.1124,420684
1753600177348,07:09:37.348,mexc,AEVO/USDT:USDT,0.1122,307512,0.1121,675528,0.1123,233179,0.1124,561342
1753600177445,07:09:37.445,mexc,AEVO/USDT:USDT,0.1122,307512,0.1121,675528,0.1123,233179,0.1124,561342
1753600177849,07:09:37.849,mexc,AEVO/USDT:USDT,0.1122,307512,0.1121,675528,0.1123,233179,0.1124,420684
1753600177945,07:09:37.945,mexc,AEVO/USDT:USDT,0.1122,307512,0.1121,926237,0.1123,233179,0.1124,420684
1753600178236,07:09:38.236,mexc,AEVO/USDT:USDT,0.1122,307512,0.1121,926237,0.1123,233179,0.1124,516923
1753600178445,07:09:38.445,mexc,AEVO/USDT:USDT,0.1122,307512,0.1121,675528,0.1123,233179,0.1124,516923
1753600178737,07:09:38.737,mexc,AEVO/USDT:USDT,0.1122,307512,0.1121,675528,0.1123,233179,0.1124,420684
1753600178947,07:09:38.947,mexc,AEVO/USDT:USDT,0.1122,307512,0.1121,675528,0.1123,233179,0.1124,420684
1753600179237,07:09:39.237,mexc,AEVO/USDT:USDT,0.1122,307512,0.1121,675528,0.1123,233179,0.1124,566797
1753600179444,07:09:39.444,mexc,AEVO/USDT:USDT,0.1122,307512,0.1121,849195,0.1123,233179,0.1124,566797
1753600179736,07:09:39.736,mexc,AEVO/USDT:USDT,0.1122,307512,0.1121,849195,0.1123,233179,0.1124,620865
1753600179945,07:09:39.945,mexc,AEVO/USDT:USDT,0.1122,307512,0.1121,675528,0.1123,233179,0.1124,620865
1753600180349,07:09:40.349,mexc,AEVO/USDT:USDT,0.1122,307512,0.1121,675528,0.1123,233179,0.1124,420684
1753600180446,07:09:40.446,mexc,AEVO/USDT:USDT,0.1122,307512,0.1121,675528,0.1123,233179,0.1124,420684
1753600180737,07:09:40.737,mexc,AEVO/USDT:USDT,0.1122,307512,0.1121,675528,0.1123,233179,0.1124,578250
1753600180946,07:09:40.946,mexc,AEVO/USDT:USDT,0.1122,307512,0.1121,792132,0.1123,233179,0.1124,578250
1753600181348,07:09:41.348,mexc,AEVO/USDT:USDT,0.1122,307512,0.1121,675528,0.1123,233179,0.1124,420684
1753600181446,07:09:41.446,mexc,AEVO/USDT:USDT,0.1122,307512,0.1121,818643,0.1123,233179,0.1124,420684
1753600181737,07:09:41.737,mexc,AEVO/USDT:USDT,0.1122,294697,0.1121,602134,0.1123,196123,0.1124,409652
1753600181944,07:09:41.944,mexc,AEVO/USDT:USDT,0.1122,294697,0.1121,789523,0.1123,196123,0.1124,409652
1753600182238,07:09:42.238,mexc,AEVO/USDT:USDT,0.1122,294697,0.1121,789523,0.1123,196123,0.1124,409652
1753600182545,07:09:42.545,mexc,AEVO/USDT:USDT,0.1122,294697,0.1121,602134,0.1123,196123,0.1124,409652
1753600182739,07:09:42.739,mexc,AEVO/USDT:USDT,0.1122,294697,0.1121,602134,0.1123,196123,0.1124,409652
1753600182946,07:09:42.946,mexc,AEVO/USDT:USDT,0.1122,294697,0.1121,602134,0.1123,196123,0.1124,409652
1753600183142,07:09:43.142,mexc,AEVO/USDT:USDT,0.1122,294697,0.1121,602134,0.1123,196123,0.1124,409652
1753600183349,07:09:43.349,mexc,AEVO/USDT:USDT,0.1122,294697,0.1121,602134,0.1123,196123,0.1124,512191
1753600183446,07:09:43.446,mexc,AEVO/USDT:USDT,0.1122,294697,0.1121,665117,0.1123,196123,0.1124,512191
1753600183738,07:09:43.738,mexc,AEVO/USDT:USDT,0.1122,294697,0.1121,665117,0.1123,196123,0.1124,720838
1753600183946,07:09:43.946,mexc,AEVO/USDT:USDT,0.1122,294697,0.1121,602134,0.1123,196123,0.1124,720838
1753600184238,07:09:44.238,mexc,AEVO/USDT:USDT,0.1122,294697,0.1121,602134,0.1123,196123,0.1124,528168
1753600184446,07:09:44.446,mexc,AEVO/USDT:USDT,0.1122,294697,0.1121,602134,0.1123,196123,0.1124,528168
1753600184738,07:09:44.738,mexc,AEVO/USDT:USDT,0.1122,294697,0.1121,602134,0.1123,196123,0.1124,409652
1753600184947,07:09:44.947,mexc,AEVO/USDT:USDT,0.1122,294697,0.1121,814442,0.1123,196123,0.1124,409652
1753600185247,07:09:45.247,mexc,AEVO/USDT:USDT,0.1122,294697,0.1121,814442,0.1123,196123,0.1124,585307
1753600185449,07:09:45.449,mexc,AEVO/USDT:USDT,0.1122,294697,0.1121,602134,0.1123,196123,0.1124,585307
1753600185850,07:09:45.850,mexc,AEVO/USDT:USDT,0.1122,294697,0.1121,602134,0.1123,196123,0.1124,409652
1753600185948,07:09:45.948,mexc,AEVO/USDT:USDT,0.1122,294697,0.1121,674584,0.1123,196123,0.1124,409652
1753600186239,07:09:46.239,mexc,AEVO/USDT:USDT,0.1122,294697,0.1121,674584,0.1123,196123,0.1124,409652
1753600186449,07:09:46.449,mexc,AEVO/USDT:USDT,0.1122,294697,0.1121,602134,0.1123,196123,0.1124,409652
1753600186851,07:09:46.851,mexc,AEVO/USDT:USDT,0.1122,294697,0.1121,602134,0.1123,196123,0.1124,409652
1753600186948,07:09:46.948,mexc,AEVO/USDT:USDT,0.1122,294697,0.1121,602134,0.1123,196123,0.1124,409652
1753600187239,07:09:47.239,mexc,AEVO/USDT:USDT,0.1122,294697,0.1121,602134,0.1123,196123,0.1124,409652
1753600187450,07:09:47.450,mexc,AEVO/USDT:USDT,0.1122,294697,0.1121,602134,0.1123,196123,0.1124,409652
1753600187739,07:09:47.739,mexc,AEVO/USDT:USDT,0.1122,260092,0.1121,625599,0.1123,285159,0.1124,843621
1753600187952,07:09:47.952,mexc,AEVO/USDT:USDT,0.1122,260092,0.1121,625599,0.1123,285159,0.1124,843621
1753600188240,07:09:48.240,mexc,AEVO/USDT:USDT,0.1122,260092,0.1121,625599,0.1123,285159,0.1124,602295
1753600188450,07:09:48.450,mexc,AEVO/USDT:USDT,0.1122,260092,0.1121,625599,0.1123,285159,0.1124,602295
1753600188738,07:09:48.738,mexc,AEVO/USDT:USDT,0.1122,260092,0.1121,625599,0.1123,285159,0.1124,814181
1753600188951,07:09:48.951,mexc,AEVO/USDT:USDT,0.1122,260092,0.1121,625599,0.1123,285159,0.1124,814181
1753600189240,07:09:49.240,mexc,AEVO/USDT:USDT,0.1122,260092,0.1121,625599,0.1123,285159,0.1124,520196
1753600189451,07:09:49.451,mexc,AEVO/USDT:USDT,0.1122,260092,0.1121,834550,0.1123,285159,0.1124,520196
1753600189741,07:09:49.741,mexc,AEVO/USDT:USDT,0.1122,260092,0.1121,834550,0.1123,285159,0.1124,726379
1753600189951,07:09:49.951,mexc,AEVO/USDT:USDT,0.1122,260092,0.1121,625599,0.1123,285159,0.1124,726379
1753600190241,07:09:50.241,mexc,AEVO/USDT:USDT,0.1122,260092,0.1121,625599,0.1123,285159,0.1124,725781
1753600190451,07:09:50.451,mexc,AEVO/USDT:USDT,0.1122,260092,0.1121,625599,0.1123,285159,0.1124,725781
1753600190739,07:09:50.739,mexc,AEVO/USDT:USDT,0.1122,260092,0.1121,625599,0.1123,285159,0.1124,520196
1753600190951,07:09:50.951,mexc,AEVO/USDT:USDT,0.1122,260092,0.1121,625599,0.1123,285159,0.1124,520196
1753600191241,07:09:51.241,mexc,AEVO/USDT:USDT,0.1122,260092,0.1121,625599,0.1123,285159,0.1124,520196
1753600191452,07:09:51.452,mexc,AEVO/USDT:USDT,0.1122,260092,0.1121,879796,0.1123,285159,0.1124,520196
1753600191742,07:09:51.742,mexc,AEVO/USDT:USDT,0.1122,260092,0.1121,879796,0.1123,285159,0.1124,520196
1753600191953,07:09:51.953,mexc,AEVO/USDT:USDT,0.1122,260092,0.1121,625599,0.1123,285159,0.1124,520196
1753600192241,07:09:52.241,mexc,AEVO/USDT:USDT,0.1122,260092,0.1121,625599,0.1123,285159,0.1124,520196
1753600192453,07:09:52.453,mexc,AEVO/USDT:USDT,0.1122,260092,0.1121,625599,0.1123,285159,0.1124,520196
1753600192742,07:09:52.742,mexc,AEVO/USDT:USDT,0.1122,260092,0.1121,625599,0.1123,285159,0.1124,520196
1753600192954,07:09:52.954,mexc,AEVO/USDT:USDT,0.1122,260092,0.1121,625599,0.1123,285159,0.1124,520196
1753600193241,07:09:53.241,mexc,AEVO/USDT:USDT,0.1122,260092,0.1121,625599,0.1123,285159,0.1124,674614
1753600193455,07:09:53.455,mexc,AEVO/USDT:USDT,0.1122,260092,0.1121,625599,0.1123,285159,0.1124,674614
1753600193741,07:09:53.741,mexc,AEVO/USDT:USDT,0.1122,179475,0.1121,895246,0.1123,349364,0.1124,531536
1753600193993,07:09:53.993,mexc,AEVO/USDT:USDT,0.1121,895246,0.112,1641203,0.1122,386520,0.1123,349364
1753600194383,07:09:54.383,mexc,AEVO/USDT:USDT,0.112,1641203,0.1119,777255,0.1121,207838,0.1122,386520
1753600194454,07:09:54.454,mexc,AEVO/USDT:USDT,0.112,1641203,0.1119,1102973,0.1121,207838,0.1122,386520
1753600194858,07:09:54.858,mexc,AEVO/USDT:USDT,0.112,1641203,0.1119,777255,0.1121,207838,0.1122,386520
1753600194955,07:09:54.955,mexc,AEVO/USDT:USDT,0.112,1641203,0.1119,777255,0.1121,207838,0.1122,386520
1753600195244,07:09:55.244,mexc,AEVO/USDT:USDT,0.112,1641203,0.1119,777255,0.1121,207838,0.1122,386520
1753600195455,07:09:55.455,mexc,AEVO/USDT:USDT,0.112,1641203,0.1119,973271,0.1121,207838,0.1122,386520
1753600195743,07:09:55.743,mexc,AEVO/USDT:USDT,0.112,1641203,0.1119,973271,0.1121,207838,0.1122,386520
1753600195955,07:09:55.955,mexc,AEVO/USDT:USDT,0.112,1641203,0.1119,777255,0.1121,207838,0.1122,386520
1753600196244,07:09:56.244,mexc,AEVO/USDT:USDT,0.112,1641203,0.1119,777255,0.1121,207838,0.1122,386520
1753600196455,07:09:56.455,mexc,AEVO/USDT:USDT,0.112,1641203,0.1119,777255,0.1121,207838,0.1122,386520
1753600196745,07:09:56.745,mexc,AEVO/USDT:USDT,0.112,1641203,0.1119,777255,0.1121,207838,0.1122,642596
1753600196953,07:09:56.953,mexc,AEVO/USDT:USDT,0.112,1641203,0.1119,777255,0.1121,207838,0.1122,642596
1753600197250,07:09:57.250,mexc,AEVO/USDT:USDT,0.112,1641203,0.1119,777255,0.1121,207838,0.1122,386520
1753600197456,07:09:57.456,mexc,AEVO/USDT:USDT,0.112,1641203,0.1119,1110838,0.1121,207838,0.1122,386520
1753600197858,07:09:57.858,mexc,AEVO/USDT:USDT,0.112,1641203,0.1119,777255,0.1121,207838,0.1122,504337
1753600197961,07:09:57.961,mexc,AEVO/USDT:USDT,0.112,1641203,0.1119,1118087,0.1121,207838,0.1122,504337
1753600198256,07:09:58.256,mexc,AEVO/USDT:USDT,0.112,1641203,0.1119,1118087,0.1121,207838,0.1122,613083
1753600198489,07:09:58.489,mexc,AEVO/USDT:USDT,0.112,1641203,0.1119,777255,0.1121,207838,0.1122,613083
1753600198858,07:09:58.858,mexc,AEVO/USDT:USDT,0.112,1641203,0.1119,777255,0.1121,207838,0.1122,386520
1753600198955,07:09:58.955,mexc,AEVO/USDT:USDT,0.112,1641203,0.1119,777255,0.1121,207838,0.1122,386520
1753600199358,07:09:59.358,mexc,AEVO/USDT:USDT,0.112,1641203,0.1119,777255,0.1121,207838,0.1122,386520
1753600199456,07:09:59.456,mexc,AEVO/USDT:USDT,0.112,1641203,0.1119,777255,0.1121,207838,0.1122,386520
1753600199756,07:09:59.756,mexc,AEVO/USDT:USDT,0.112,142430,0.1119,889415,0.1121,380506,0.1122,746987
1753600199955,07:09:59.955,mexc,AEVO/USDT:USDT,0.112,142430,0.1119,1204413,0.1121,380506,0.1122,746987
1753600200161,07:10:00.161,mexc,AEVO/USDT:USDT,0.112,142430,0.1119,1204413,0.1121,380506,0.1122,590058
1753600200358,07:10:00.358,mexc,AEVO/USDT:USDT,0.112,142430,0.1119,889415,0.1121,380506,0.1122,590058
1753600200456,07:10:00.456,mexc,AEVO/USDT:USDT,0.112,142430,0.1119,889415,0.1121,380506,0.1122,590058
1753600200858,07:10:00.858,mexc,AEVO/USDT:USDT,0.112,142430,0.1119,889415,0.1121,380506,0.1122,590058
1753600200956,07:10:00.956,mexc,AEVO/USDT:USDT,0.112,142430,0.1119,889415,0.1121,380506,0.1122,590058
1753600201359,07:10:01.359,mexc,AEVO/USDT:USDT,0.112,142430,0.1119,889415,0.1121,380506,0.1122,590058
1753600201456,07:10:01.456,mexc,AEVO/USDT:USDT,0.112,142430,0.1119,889415,0.1121,380506,0.1122,590058
1753600201860,07:10:01.860,mexc,AEVO/USDT:USDT,0.112,142430,0.1119,889415,0.1121,380506,0.1122,590058
1753600201955,07:10:01.955,mexc,AEVO/USDT:USDT,0.112,142430,0.1119,1152899,0.1121,380506,0.1122,590058
1753600202260,07:10:02.260,mexc,AEVO/USDT:USDT,0.112,142430,0.1119,1152899,0.1121,380506,0.1122,590058
1753600202463,07:10:02.463,mexc,AEVO/USDT:USDT,0.112,142430,0.1119,1343389,0.1121,380506,0.1122,590058
1753600202759,07:10:02.759,mexc,AEVO/USDT:USDT,0.112,142430,0.1119,1343389,0.1121,380506,0.1122,705758
1753600202958,07:10:02.958,mexc,AEVO/USDT:USDT,0.112,142430,0.1119,1189673,0.1121,380506,0.1122,796563
1753600203161,07:10:03.161,mexc,AEVO/USDT:USDT,0.112,142430,0.1119,1189673,0.1121,380506,0.1122,680863
1753600203361,07:10:03.361,mexc,AEVO/USDT:USDT,0.112,142430,0.1119,889415,0.1121,380506,0.1122,590058
1753600203458,07:10:03.458,mexc,AEVO/USDT:USDT,0.112,142430,0.1119,1330775,0.1121,380506,0.1122,590058
1753600203865,07:10:03.865,mexc,AEVO/USDT:USDT,0.112,142430,0.1119,1330775,0.1121,380506,0.1122,590058
1753600203958,07:10:03.958,mexc,AEVO/USDT:USDT,0.112,142430,0.1119,1121438,0.1121,380506,0.1122,590058
1753600204361,07:10:04.361,mexc,AEVO/USDT:USDT,0.112,142430,0.1119,889415,0.1121,380506,0.1122,590058
1753600204459,07:10:04.459,mexc,AEVO/USDT:USDT,0.112,142430,0.1119,889415,0.1121,380506,0.1122,590058
1753600204863,07:10:04.863,mexc,AEVO/USDT:USDT,0.112,142430,0.1119,889415,0.1121,380506,0.1122,735439
1753600204959,07:10:04.959,mexc,AEVO/USDT:USDT,0.112,142430,0.1119,889415,0.1121,380506,0.1122,735439
1753600205361,07:10:05.361,mexc,AEVO/USDT:USDT,0.112,142430,0.1119,889415,0.1121,380506,0.1122,590058
1753600205459,07:10:05.459,mexc,AEVO/USDT:USDT,0.112,142430,0.1119,889415,0.1121,380506,0.1122,590058
1753600205758,07:10:05.758,mexc,AEVO/USDT:USDT,0.112,283561,0.1119,847902,0.1121,373568,0.1122,534024
1753600205960,07:10:05.960,mexc,AEVO/USDT:USDT,0.112,283561,0.1119,955757,0.1121,373568,0.1122,534024
1753600206260,07:10:06.260,mexc,AEVO/USDT:USDT,0.112,283561,0.1119,955757,0.1121,373568,0.1122,534024
1753600206459,07:10:06.459,mexc,AEVO/USDT:USDT,0.112,283561,0.1119,953366,0.1121,373568,0.1122,534024
1753600206861,07:10:06.861,mexc,AEVO/USDT:USDT,0.112,283561,0.1119,953366,0.1121,373568,0.1122,731891
1753600206959,07:10:06.959,mexc,AEVO/USDT:USDT,0.112,283561,0.1119,847902,0.1121,373568,0.1122,731891
1753600207268,07:10:07.268,mexc,AEVO/USDT:USDT,0.112,283561,0.1119,847902,0.1121,373568,0.1122,534024
1753600207459,07:10:07.459,mexc,AEVO/USDT:USDT,0.112,283561,0.1119,1324624,0.1121,373568,0.1122,701312
1753600207713,07:10:07.713,mexc,AEVO/USDT:USDT,0.112,283561,0.1119,1324624,0.1121,373568,0.1122,701312
1753600207863,07:10:07.863,mexc,AEVO/USDT:USDT,0.112,283561,0.1119,847902,0.1121,373568,0.1122,666754
1753600207960,07:10:07.960,mexc,AEVO/USDT:USDT,0.112,283561,0.1119,847902,0.1121,373568,0.1122,666754
1753600208363,07:10:08.363,mexc,AEVO/USDT:USDT,0.112,283561,0.1119,847902,0.1121,373568,0.1122,534024
1753600208460,07:10:08.460,mexc,AEVO/USDT:USDT,0.112,283561,0.1119,847902,0.1121,373568,0.1122,534024
1753600208766,07:10:08.766,mexc,AEVO/USDT:USDT,0.112,283561,0.1119,847902,0.1121,373568,0.1122,534024
1753600208961,07:10:08.961,mexc,AEVO/USDT:USDT,0.112,283561,0.1119,847902,0.1121,373568,0.1122,534024
1753600209212,07:10:09.212,mexc,AEVO/USDT:USDT,0.112,283561,0.1119,847902,0.1121,373568,0.1122,534024
1753600209363,07:10:09.363,mexc,AEVO/USDT:USDT,0.112,283561,0.1119,847902,0.1121,373568,0.1122,534024
1753600209461,07:10:09.461,mexc,AEVO/USDT:USDT,0.112,283561,0.1119,847902,0.1121,373568,0.1122,534024
1753600209863,07:10:09.863,mexc,AEVO/USDT:USDT,0.112,283561,0.1119,847902,0.1121,373568,0.1122,534024
1753600209961,07:10:09.961,mexc,AEVO/USDT:USDT,0.112,283561,0.1119,1206793,0.1121,373568,0.1122,534024
1753600210266,07:10:10.266,mexc,AEVO/USDT:USDT,0.112,283561,0.1119,1206793,0.1121,373568,0.1122,534024
1753600210461,07:10:10.461,mexc,AEVO/USDT:USDT,0.112,283561,0.1119,847902,0.1121,373568,0.1122,534024
1753600210669,07:10:10.669,mexc,AEVO/USDT:USDT,0.112,283561,0.1119,847902,0.1121,373568,0.1122,534024
1753600210865,07:10:10.865,mexc,AEVO/USDT:USDT,0.112,283561,0.1119,847902,0.1121,373568,0.1122,754548
1753600210962,07:10:10.962,mexc,AEVO/USDT:USDT,0.112,283561,0.1119,941241,0.1121,373568,0.1122,754548
1753600211365,07:10:11.365,mexc,AEVO/USDT:USDT,0.112,283561,0.1119,941241,0.1121,373568,0.1122,534024
1753600211464,07:10:11.464,mexc,AEVO/USDT:USDT,0.112,283561,0.1119,847902,0.1121,373568,0.1122,534024
1753600211643,07:10:11.643,mexc,AEVO/USDT:USDT,0.112,141411,0.1119,736946,0.1121,347155,0.1122,597381
1753600211963,07:10:11.963,mexc,AEVO/USDT:USDT,0.112,141411,0.1119,736946,0.1121,347155,0.1122,597381
1753600212217,07:10:12.217,mexc,AEVO/USDT:USDT,0.112,141411,0.1119,736946,0.1121,347155,0.1122,597381
1753600212367,07:10:12.367,mexc,AEVO/USDT:USDT,0.112,141411,0.1119,736946,0.1121,347155,0.1122,821421
1753600212463,07:10:12.463,mexc,AEVO/USDT:USDT,0.112,141411,0.1119,736946,0.1121,347155,0.1122,821421
1753600212866,07:10:12.866,mexc,AEVO/USDT:USDT,0.112,141411,0.1119,736946,0.1121,347155,0.1122,597381
1753600212964,07:10:12.964,mexc,AEVO/USDT:USDT,0.112,141411,0.1119,736946,0.1121,347155,0.1122,597381
1753600213315,07:10:13.315,mexc,AEVO/USDT:USDT,0.112,141411,0.1119,736946,0.1121,347155,0.1122,597381
1753600213463,07:10:13.463,mexc,AEVO/USDT:USDT,0.112,141411,0.1119,1068165,0.1121,347155,0.1122,738201
1753600213610,07:10:13.610,mexc,AEVO/USDT:USDT,0.1119,736946,0.1118,952624,0.112,338074,0.1121,347155
1753600213966,07:10:13.966,mexc,AEVO/USDT:USDT,0.1119,736946,0.1118,952624,0.112,338074,0.1121,347155
1753600214220,07:10:14.220,mexc,AEVO/USDT:USDT,0.1119,736946,0.1118,952624,0.112,338074,0.1121,347155
1753600214371,07:10:14.371,mexc,AEVO/USDT:USDT,0.1119,736946,0.1118,952624,0.112,338074,0.1121,517602
1753600214466,07:10:14.466,mexc,AEVO/USDT:USDT,0.1119,736946,0.1118,952624,0.112,338074,0.1121,517602
1753600214868,07:10:14.868,mexc,AEVO/USDT:USDT,0.1119,736946,0.1118,952624,0.112,338074,0.1121,533724
1753600214965,07:10:14.965,mexc,AEVO/USDT:USDT,0.1119,736946,0.1118,1234358,0.112,338074,0.1121,533724
1753600215316,07:10:15.316,mexc,AEVO/USDT:USDT,0.1119,736946,0.1118,1234358,0.112,338074,0.1121,347155
1753600215466,07:10:15.466,mexc,AEVO/USDT:USDT,0.1119,736946,0.1118,1207262,0.112,338074,0.1121,347155
1753600215719,07:10:15.719,mexc,AEVO/USDT:USDT,0.1119,736946,0.1118,1207262,0.112,338074,0.1121,347155
1753600215869,07:10:15.869,mexc,AEVO/USDT:USDT,0.1119,736946,0.1118,952624,0.112,338074,0.1121,347155
1753600215968,07:10:15.968,mexc,AEVO/USDT:USDT,0.1119,736946,0.1118,1120186,0.112,338074,0.1121,347155
1753600216371,07:10:16.371,mexc,AEVO/USDT:USDT,0.1119,736946,0.1118,1120186,0.112,338074,0.1121,347155
1753600216467,07:10:16.467,mexc,AEVO/USDT:USDT,0.1119,736946,0.1118,952624,0.112,338074,0.1121,347155
1753600216817,07:10:16.817,mexc,AEVO/USDT:USDT,0.1119,736946,0.1118,952624,0.112,338074,0.1121,347155
1753600216968,07:10:16.968,mexc,AEVO/USDT:USDT,0.1119,736946,0.1118,1293997,0.112,338074,0.1121,516371
1753600217224,07:10:17.224,mexc,AEVO/USDT:USDT,0.1119,736946,0.1118,1293997,0.112,338074,0.1121,516371
1753600217370,07:10:17.370,mexc,AEVO/USDT:USDT,0.1119,736946,0.1118,952624,0.112,338074,0.1121,347155
1753600217620,07:10:17.620,mexc,AEVO/USDT:USDT,0.1119,736946,0.1118,952624,0.112,338074,0.1121,347155
1753600217869,07:10:17.869,mexc,AEVO/USDT:USDT,0.1119,736946,0.1118,952624,0.112,338074,0.1121,470346
1753600217967,07:10:17.967,mexc,AEVO/USDT:USDT,0.1119,736946,0.1118,952624,0.112,338074,0.1121,470346
1753600218320,07:10:18.320,mexc,AEVO/USDT:USDT,0.1119,736946,0.1118,952624,0.112,338074,0.1121,577138
1753600218468,07:10:18.468,mexc,AEVO/USDT:USDT,0.1119,736946,0.1118,952624,0.112,338074,0.1121,577138
1753600218821,07:10:18.821,mexc,AEVO/USDT:USDT,0.1119,21769,0.1118,598201,0.112,560584,0.1121,705860
1753600218970,07:10:18.970,mexc,AEVO/USDT:USDT,0.1119,21769,0.1118,825307,0.112,560584,0.1121,705860
1753600219224,07:10:19.224,mexc,AEVO/USDT:USDT,0.1119,21769,0.1118,825307,0.112,560584,0.1121,705860
1753600219373,07:10:19.373,mexc,AEVO/USDT:USDT,0.1119,21769,0.1118,598201,0.112,560584,0.1121,705860
1753600219470,07:10:19.470,mexc,AEVO/USDT:USDT,0.1119,21769,0.1118,718868,0.112,560584,0.1121,705860
1753600219873,07:10:19.873,mexc,AEVO/USDT:USDT,0.1119,21769,0.1118,598201,0.112,560584,0.1121,705860
1753600219971,07:10:19.971,mexc,AEVO/USDT:USDT,0.1119,21769,0.1118,598201,0.112,560584,0.1121,705860
1753600220322,07:10:20.322,mexc,AEVO/USDT:USDT,0.1119,21769,0.1118,598201,0.112,560584,0.1121,705860
1753600220471,07:10:20.471,mexc,AEVO/USDT:USDT,0.1119,21769,0.1118,598201,0.112,560584,0.1121,705860
1753600220724,07:10:20.724,mexc,AEVO/USDT:USDT,0.1119,21769,0.1118,598201,0.112,560584,0.1121,705860
1753600220874,07:10:20.874,mexc,AEVO/USDT:USDT,0.1119,21769,0.1118,598201,0.112,560584,0.1121,705860
1753600220971,07:10:20.971,mexc,AEVO/USDT:USDT,0.1119,21769,0.1118,598201,0.112,560584,0.1121,705860
1753600221376,07:10:21.376,mexc,AEVO/USDT:USDT,0.1119,21769,0.1118,598201,0.112,560584,0.1121,705860
1753600221470,07:10:21.470,mexc,AEVO/USDT:USDT,0.1119,21769,0.1118,598201,0.112,560584,0.1121,705860
1753600221824,07:10:21.824,mexc,AEVO/USDT:USDT,0.1119,21769,0.1118,598201,0.112,560584,0.1121,705860
1753600221972,07:10:21.972,mexc,AEVO/USDT:USDT,0.1119,21769,0.1118,681114,0.112,560584,0.1121,1010043
1753600222227,07:10:22.227,mexc,AEVO/USDT:USDT,0.1119,21769,0.1118,681114,0.112,560584,0.1121,1010043
1753600222371,07:10:22.371,mexc,AEVO/USDT:USDT,0.1119,55602,0.1118,598201,0.112,560584,0.1121,705860
1753600222474,07:10:22.474,mexc,AEVO/USDT:USDT,0.1119,55602,0.1118,670836,0.112,560584,0.1121,705860
1753600222877,07:10:22.877,mexc,AEVO/USDT:USDT,0.1119,55602,0.1118,598201,0.112,560584,0.1121,922965
1753600223013,07:10:23.013,mexc,AEVO/USDT:USDT,0.1119,55602,0.1118,797171,0.112,560584,0.1121,922965
1753600223325,07:10:23.325,mexc,AEVO/USDT:USDT,0.1119,55602,0.1118,797171,0.112,560584,0.1121,705860
1753600223514,07:10:23.514,mexc,AEVO/USDT:USDT,0.1119,55602,0.1118,598201,0.112,560584,0.1121,705860
1753600223729,07:10:23.729,mexc,AEVO/USDT:USDT,0.1119,55602,0.1118,598201,0.112,560584,0.1121,705860
1753600223917,07:10:23.917,mexc,AEVO/USDT:USDT,0.1119,55602,0.1118,598201,0.112,560584,0.1121,705860
1753600224013,07:10:24.013,mexc,AEVO/USDT:USDT,0.1119,55602,0.1118,598201,0.112,560584,0.1121,705860
1753600224418,07:10:24.418,mexc,AEVO/USDT:USDT,0.1119,55602,0.1118,598201,0.112,560584,0.1121,955197
1753600224514,07:10:24.514,mexc,AEVO/USDT:USDT,0.1119,55602,0.1118,598201,0.112,560584,0.1121,955197
1753600224824,07:10:24.824,mexc,AEVO/USDT:USDT,0.1119,55602,0.1118,598201,0.112,560584,0.1121,705860
1753600225014,07:10:25.014,mexc,AEVO/USDT:USDT,0.1119,55602,0.1118,598201,0.112,560584,0.1121,942053
1753600225231,07:10:25.231,mexc,AEVO/USDT:USDT,0.1119,55602,0.1118,598201,0.112,560584,0.1121,942053
1753600225418,07:10:25.418,mexc,AEVO/USDT:USDT,0.1119,55602,0.1118,598201,0.112,560584,0.1121,803723
1753600225515,07:10:25.515,mexc,AEVO/USDT:USDT,0.1119,55602,0.1118,879182,0.112,560584,0.1121,803723
1753600225920,07:10:25.920,mexc,AEVO/USDT:USDT,0.1119,55602,0.1118,817418,0.112,560584,0.1121,997938
1753600226016,07:10:26.016,mexc,AEVO/USDT:USDT,0.1119,55602,0.1118,792887,0.112,560584,0.1121,997938
1753600226327,07:10:26.327,mexc,AEVO/USDT:USDT,0.1119,55602,0.1118,792887,0.112,560584,0.1121,861849
1753600226418,07:10:26.418,mexc,AEVO/USDT:USDT,0.1119,55602,0.1118,598201,0.112,560584,0.1121,861849
1753600226531,07:10:26.531,mexc,AEVO/USDT:USDT,0.1119,55602,0.1118,598201,0.112,560584,0.1121,861849
1753600226826,07:10:26.826,mexc,AEVO/USDT:USDT,0.1119,55602,0.1118,598201,0.112,560584,0.1121,705860
1753600227016,07:10:27.016,mexc,AEVO/USDT:USDT,0.1119,55602,0.1118,709413,0.112,560584,0.1121,705860
1753600227421,07:10:27.421,mexc,AEVO/USDT:USDT,0.1119,55602,0.1118,709413,0.112,560584,0.1121,705860
1753600227515,07:10:27.515,mexc,AEVO/USDT:USDT,0.1119,55602,0.1118,598201,0.112,560584,0.1121,705860
1753600227827,07:10:27.827,mexc,AEVO/USDT:USDT,0.1119,178727,0.1118,765295,0.112,423266,0.1121,440245
1753600228018,07:10:28.018,mexc,AEVO/USDT:USDT,0.1119,178727,0.1118,765295,0.112,423266,0.1121,440245
1753600228230,07:10:28.230,mexc,AEVO/USDT:USDT,0.1119,178727,0.1118,765295,0.112,423266,0.1121,440245
1753600228425,07:10:28.425,mexc,AEVO/USDT:USDT,0.1119,178727,0.1118,765295,0.112,423266,0.1121,440245
1753600228519,07:10:28.519,mexc,AEVO/USDT:USDT,0.1119,178727,0.1118,765295,0.112,423266,0.1121,440245
1753600228921,07:10:28.921,mexc,AEVO/USDT:USDT,0.1119,178727,0.1118,765295,0.112,423266,0.1121,440245
1753600229017,07:10:29.017,mexc,AEVO/USDT:USDT,0.1119,178727,0.1118,765295,0.112,423266,0.1121,440245
1753600229327,07:10:29.327,mexc,AEVO/USDT:USDT,0.1119,178727,0.1118,765295,0.112,423266,0.1121,440245
1753600229519,07:10:29.519,mexc,AEVO/USDT:USDT,0.1119,178727,0.1118,1269520,0.112,423266,0.1121,440245
1753600229730,07:10:29.730,mexc,AEVO/USDT:USDT,0.1119,178727,0.1118,1269520,0.112,423266,0.1121,440245
