timestamp,time,exchange,symbol,bid1_price,bid1_volume,bid2_price,bid2_volume,ask1_price,ask1_volume,ask2_price,ask2_volume
1753599989972,07:06:29.972,phemex,ACH/USDT:USDT,0.02318,5526.0,0.02317,30215.0,0.02319,26808.0,0.0232,20396.0
1753599993908,07:06:33.908,phemex,ACH/USDT:USDT,0.02318,5526.0,0.02317,30215.0,0.02319,9383.0,0.0232,20396.0
1753599994267,07:06:34.267,phemex,ACH/USDT:USDT,0.02318,5526.0,0.02317,30215.0,0.02319,9383.0,0.0232,20396.0
1753599994893,07:06:34.893,phemex,ACH/USDT:USDT,0.02318,14991.0,0.02317,30215.0,0.02319,9383.0,0.0232,20396.0
1753599994893,07:06:34.893,phemex,ACH/USDT:USDT,0.02318,33117.0,0.02317,88954.0,0.02319,9383.0,0.0232,20396.0
1753599999689,07:06:39.689,phemex,ACH/USDT:USDT,0.02318,33117.0,0.02317,88954.0,0.02319,14820.0,0.0232,20396.0
1753600000255,07:06:40.255,phemex,ACH/USDT:USDT,0.02318,5526.0,0.02317,5556.0,0.02319,14820.0,0.0232,20396.0
1753600000263,07:06:40.263,phemex,ACH/USDT:USDT,0.02317,5556.0,0.02316,137570.0,0.02319,14820.0,0.0232,20396.0
1753600000447,07:06:40.447,phemex,ACH/USDT:USDT,0.02317,5556.0,0.02316,137570.0,0.02319,9383.0,0.0232,20396.0
1753600000749,07:06:40.749,phemex,ACH/USDT:USDT,0.02317,5556.0,0.02316,137570.0,0.02319,14820.0,0.0232,20396.0
1753600002489,07:06:42.489,phemex,ACH/USDT:USDT,0.02317,5556.0,0.02316,137570.0,0.02319,12295.0,0.0232,20396.0
1753600002652,07:06:42.652,phemex,ACH/USDT:USDT,0.02317,5556.0,0.02316,137570.0,0.02319,35899.0,0.0232,20396.0
1753600007311,07:06:47.311,phemex,ACH/USDT:USDT,0.02317,38486.0,0.02316,149350.0,0.02318,8031.0,0.02319,39861.0
1753600007515,07:06:47.515,phemex,ACH/USDT:USDT,0.02317,38486.0,0.02316,149350.0,0.02318,8031.0,0.02319,39861.0
1753600007745,07:06:47.745,phemex,ACH/USDT:USDT,0.02317,38486.0,0.02316,149350.0,0.02318,31941.0,0.02319,104964.0
1753600007971,07:06:47.971,phemex,ACH/USDT:USDT,0.02317,38486.0,0.02316,149350.0,0.02319,5437.0,0.0232,77195.0
1753600008005,07:06:48.005,phemex,ACH/USDT:USDT,0.02318,5437.0,0.02317,38486.0,0.02319,5437.0,0.0232,77195.0
1753600008143,07:06:48.143,phemex,ACH/USDT:USDT,0.02318,5437.0,0.02317,38486.0,0.02319,5437.0,0.0232,77195.0
1753600012460,07:06:52.460,phemex,ACH/USDT:USDT,0.02318,35754.0,0.02317,91337.0,0.02319,5437.0,0.0232,77195.0
1753600012746,07:06:52.746,phemex,ACH/USDT:USDT,0.02318,35754.0,0.02317,91337.0,0.02319,5437.0,0.0232,77195.0
1753600012760,07:06:52.760,phemex,ACH/USDT:USDT,0.02318,35754.0,0.02317,91337.0,0.02319,5437.0,0.0232,77195.0
1753600013220,07:06:53.220,phemex,ACH/USDT:USDT,0.02318,35754.0,0.02317,91337.0,0.0232,77195.0,0.02321,14091.0
1753600013240,07:06:53.240,phemex,ACH/USDT:USDT,0.02318,35754.0,0.02317,91337.0,0.0232,77195.0,0.02321,14091.0
1753600017523,07:06:57.523,phemex,ACH/USDT:USDT,0.02318,35754.0,0.02317,91337.0,0.0232,77195.0,0.02321,14091.0
1753600019669,07:06:59.669,phemex,ACH/USDT:USDT,0.02318,35754.0,0.02317,91337.0,0.0232,76195.0,0.02321,14091.0
1753600021734,07:07:01.734,phemex,ACH/USDT:USDT,0.02318,5437.0,0.02317,5556.0,0.02319,28195.0,0.0232,154073.0
1753600021757,07:07:01.757,phemex,ACH/USDT:USDT,0.02317,5556.0,0.02316,139297.0,0.02319,28195.0,0.0232,154073.0
1753600022074,07:07:02.074,phemex,ACH/USDT:USDT,0.02317,5556.0,0.02316,139297.0,0.02319,27165.0,0.0232,154073.0
1753600022089,07:07:02.089,phemex,ACH/USDT:USDT,0.02317,5556.0,0.02316,139297.0,0.02319,27165.0,0.0232,154073.0
1753600022089,07:07:02.089,phemex,ACH/USDT:USDT,0.02317,5556.0,0.02316,139297.0,0.02319,27165.0,0.0232,154073.0
1753600025447,07:07:05.447,phemex,ACH/USDT:USDT,0.02317,5556.0,0.02316,139297.0,0.02319,26085.0,0.0232,154073.0
1753600025499,07:07:05.499,phemex,ACH/USDT:USDT,0.02317,5556.0,0.02316,139297.0,0.02319,31574.0,0.0232,154073.0
1753600027879,07:07:07.879,phemex,ACH/USDT:USDT,0.02317,33653.0,0.02316,139297.0,0.02318,29270.0,0.02319,90958.0
1753600034748,07:07:14.748,phemex,ACH/USDT:USDT,0.02317,33653.0,0.02316,139297.0,0.02318,28344.0,0.02319,90958.0
1753600036630,07:07:16.630,phemex,ACH/USDT:USDT,0.02317,33653.0,0.02316,139297.0,0.02318,28344.0,0.02319,90958.0
1753600042358,07:07:22.358,phemex,ACH/USDT:USDT,0.02317,33653.0,0.02316,139297.0,0.02318,27729.0,0.02319,90958.0
1753600042974,07:07:22.974,phemex,ACH/USDT:USDT,0.02317,28097.0,0.02316,139297.0,0.02318,27729.0,0.02319,90958.0
1753600043074,07:07:23.074,phemex,ACH/USDT:USDT,0.02317,28097.0,0.02316,139297.0,0.02318,27729.0,0.02319,90958.0
1753600043591,07:07:23.591,phemex,ACH/USDT:USDT,0.02316,40146.0,0.02315,99285.0,0.02318,27729.0,0.02319,90958.0
1753600043645,07:07:23.645,phemex,ACH/USDT:USDT,0.02316,40146.0,0.02315,99285.0,0.02317,5601.0,0.02318,27729.0
1753600043697,07:07:23.697,phemex,ACH/USDT:USDT,0.02316,40146.0,0.02315,99285.0,0.02318,27729.0,0.02319,90958.0
1753600043737,07:07:23.737,phemex,ACH/USDT:USDT,0.02316,40146.0,0.02315,99285.0,0.02318,33330.0,0.02319,90958.0
1753600043940,07:07:23.940,phemex,ACH/USDT:USDT,0.02317,5601.0,0.02316,40146.0,0.02318,33330.0,0.02319,90958.0
1753600047920,07:07:27.920,phemex,ACH/USDT:USDT,0.02316,40146.0,0.02315,99285.0,0.02318,33330.0,0.02319,90958.0
1753600048286,07:07:28.286,phemex,ACH/USDT:USDT,0.02316,40146.0,0.02315,99285.0,0.02317,25923.0,0.02318,75398.0
1753600048746,07:07:28.746,phemex,ACH/USDT:USDT,0.02316,40146.0,0.02315,99285.0,0.02317,25378.0,0.02318,75398.0
1753600053024,07:07:33.024,phemex,ACH/USDT:USDT,0.02316,5545.0,0.02315,99285.0,0.02317,25378.0,0.02318,75398.0
1753600053044,07:07:33.044,phemex,ACH/USDT:USDT,0.02316,5545.0,0.02315,99285.0,0.02317,25378.0,0.02318,75398.0
1753600053095,07:07:33.095,phemex,ACH/USDT:USDT,0.02316,40137.0,0.02315,99285.0,0.02317,25378.0,0.02318,75398.0
1753600055058,07:07:35.058,phemex,ACH/USDT:USDT,0.02316,40137.0,0.02315,99285.0,0.02317,21428.0,0.02318,75398.0
1753600057274,07:07:37.274,phemex,ACH/USDT:USDT,0.02316,67585.0,0.02315,99285.0,0.02318,5601.0,0.02319,182089.0
1753600057399,07:07:37.399,phemex,ACH/USDT:USDT,0.02317,5551.0,0.02316,67585.0,0.02319,182089.0,0.0232,5475.0
1753600057538,07:07:37.538,phemex,ACH/USDT:USDT,0.02317,5551.0,0.02316,67585.0,0.02318,5551.0,0.02319,182089.0
1753600057603,07:07:37.603,phemex,ACH/USDT:USDT,0.02317,5551.0,0.02316,67585.0,0.02319,182089.0,0.0232,5475.0
1753600057642,07:07:37.642,phemex,ACH/USDT:USDT,0.02317,5551.0,0.02316,67585.0,0.02319,182089.0,0.0232,5475.0
1753600057724,07:07:37.724,phemex,ACH/USDT:USDT,0.02317,5551.0,0.02316,67585.0,0.02318,5551.0,0.02319,182089.0
1753600062737,07:07:42.737,phemex,ACH/USDT:USDT,0.02317,5551.0,0.02316,32993.0,0.02318,5551.0,0.02319,182089.0
1753600062758,07:07:42.758,phemex,ACH/USDT:USDT,0.02317,5551.0,0.02316,32993.0,0.02318,5551.0,0.02319,182089.0
1753600062793,07:07:42.793,phemex,ACH/USDT:USDT,0.02317,5551.0,0.02316,67580.0,0.02318,5551.0,0.02319,182089.0
1753600063145,07:07:43.145,phemex,ACH/USDT:USDT,0.02317,31623.0,0.02316,129106.0,0.02318,33938.0,0.02319,5489.0
1753600066209,07:07:46.209,phemex,ACH/USDT:USDT,0.02317,31623.0,0.02316,129106.0,0.02318,33938.0,0.0232,5475.0
1753600066223,07:07:46.223,phemex,ACH/USDT:USDT,0.02317,31623.0,0.02316,129106.0,0.02318,33938.0,0.0232,5475.0
1753600067638,07:07:47.638,phemex,ACH/USDT:USDT,0.02317,5551.0,0.02316,40132.0,0.02318,33938.0,0.0232,5475.0
1753600067985,07:07:47.985,phemex,ACH/USDT:USDT,0.02317,5551.0,0.02316,40132.0,0.02318,33938.0,0.0232,5475.0
1753600069758,07:07:49.758,phemex,ACH/USDT:USDT,0.02316,40132.0,0.02315,99285.0,0.02318,33938.0,0.0232,5475.0
1753600071240,07:07:51.240,phemex,ACH/USDT:USDT,0.02317,5402.0,0.02316,40132.0,0.02318,33938.0,0.0232,5475.0
1753600075278,07:07:55.278,phemex,ACH/USDT:USDT,0.02316,40132.0,0.02315,99285.0,0.02318,33938.0,0.0232,5475.0
1753600076631,07:07:56.631,phemex,ACH/USDT:USDT,0.02316,70965.0,0.02315,99285.0,0.02317,34005.0,0.02318,152699.0
1753600076938,07:07:56.938,phemex,ACH/USDT:USDT,0.02316,36378.0,0.02315,99285.0,0.02317,34005.0,0.02318,152699.0
1753600076985,07:07:56.985,phemex,ACH/USDT:USDT,0.02316,36378.0,0.02315,99285.0,0.02317,34005.0,0.02318,152699.0
1753600077036,07:07:57.036,phemex,ACH/USDT:USDT,0.02316,36378.0,0.02315,133861.0,0.02317,34005.0,0.02318,152699.0
1753600079162,07:07:59.162,phemex,ACH/USDT:USDT,0.02316,36378.0,0.02315,133861.0,0.02317,12355.0,0.02318,152699.0
1753600081928,07:08:01.928,phemex,ACH/USDT:USDT,0.02315,40080.0,0.02314,99700.0,0.02317,34174.0,0.02318,16867.0
1753600082002,07:08:02.002,phemex,ACH/USDT:USDT,0.02315,40080.0,0.02314,99700.0,0.02317,34174.0,0.02318,16867.0
1753600082099,07:08:02.099,phemex,ACH/USDT:USDT,0.02315,40080.0,0.02314,99700.0,0.02317,34174.0,0.02318,16867.0
1753600082138,07:08:02.138,phemex,ACH/USDT:USDT,0.02315,40080.0,0.02314,99700.0,0.02317,34174.0,0.02318,16867.0
1753600082294,07:08:02.294,phemex,ACH/USDT:USDT,0.02315,40080.0,0.02314,99700.0,0.02316,13377.0,0.02317,36978.0
1753600082651,07:08:02.651,phemex,ACH/USDT:USDT,0.02315,40080.0,0.02314,99700.0,0.02316,13377.0,0.02317,36978.0
1753600086478,07:08:06.478,phemex,ACH/USDT:USDT,0.02315,40080.0,0.02314,99700.0,0.02316,13377.0,0.02317,36978.0
1753600086785,07:08:06.785,phemex,ACH/USDT:USDT,0.02315,40080.0,0.02314,99700.0,0.02316,13377.0,0.02317,36978.0
1753600087898,07:08:07.898,phemex,ACH/USDT:USDT,0.02315,40080.0,0.02314,99700.0,0.02316,7841.0,0.02317,36978.0
1753600088303,07:08:08.303,phemex,ACH/USDT:USDT,0.02315,54303.0,0.02314,99700.0,0.02316,19668.0,0.02317,191945.0
1753600092232,07:08:12.232,phemex,ACH/USDT:USDT,0.02315,54303.0,0.02314,99700.0,0.02316,25220.0,0.02317,191945.0
1753600092544,07:08:12.544,phemex,ACH/USDT:USDT,0.02315,54303.0,0.02314,99700.0,0.02316,25220.0,0.02317,191945.0
1753600092551,07:08:12.551,phemex,ACH/USDT:USDT,0.02315,54303.0,0.02314,99700.0,0.02316,25220.0,0.02317,191945.0
1753600094084,07:08:14.084,phemex,ACH/USDT:USDT,0.02315,54303.0,0.02314,99700.0,0.02316,19668.0,0.02317,191945.0
1753600095618,07:08:15.618,phemex,ACH/USDT:USDT,0.02315,54303.0,0.02314,99700.0,0.02316,13068.0,0.02317,191945.0
1753600096878,07:08:16.878,phemex,ACH/USDT:USDT,0.02315,54303.0,0.02314,99700.0,0.02316,10643.0,0.02317,191945.0
1753600096887,07:08:16.887,phemex,ACH/USDT:USDT,0.02315,54303.0,0.02314,99700.0,0.02316,10643.0,0.02317,191945.0
1753600100000,07:08:20.000,phemex,ACH/USDT:USDT,0.02315,54303.0,0.02314,99700.0,0.02316,10643.0,0.02317,191945.0
1753600100698,07:08:20.698,phemex,ACH/USDT:USDT,0.02315,54303.0,0.02314,99700.0,0.02316,10383.0,0.02317,191945.0
1753600102263,07:08:22.263,phemex,ACH/USDT:USDT,0.02315,54303.0,0.02314,99700.0,0.02316,15853.0,0.02317,191945.0
1753600102545,07:08:22.545,phemex,ACH/USDT:USDT,0.02315,54303.0,0.02314,99700.0,0.02316,15853.0,0.02317,191945.0
1753600102700,07:08:22.700,phemex,ACH/USDT:USDT,0.02315,54303.0,0.02314,99700.0,0.02316,15853.0,0.02317,191945.0
1753600105936,07:08:25.936,phemex,ACH/USDT:USDT,0.02315,54303.0,0.02314,99700.0,0.02316,10383.0,0.02317,191945.0
1753600107097,07:08:27.097,phemex,ACH/USDT:USDT,0.02315,54303.0,0.02314,99700.0,0.02316,10383.0,0.02317,191945.0
1753600108976,07:08:28.976,phemex,ACH/USDT:USDT,0.02315,54303.0,0.02314,99700.0,0.02317,191945.0,0.02318,16867.0
1753600108999,07:08:28.999,phemex,ACH/USDT:USDT,0.02315,54303.0,0.02314,99700.0,0.02317,191945.0,0.02318,16867.0
1753600109207,07:08:29.207,phemex,ACH/USDT:USDT,0.02315,54303.0,0.02314,99700.0,0.02316,5547.0,0.02317,191945.0
1753600120704,07:08:40.704,phemex,ACH/USDT:USDT,0.02315,54303.0,0.02314,99700.0,0.02317,191945.0,0.02318,16867.0
1753600120730,07:08:40.730,phemex,ACH/USDT:USDT,0.02316,5493.0,0.02315,54303.0,0.02317,191945.0,0.02318,16867.0
1753600120765,07:08:40.765,phemex,ACH/USDT:USDT,0.02316,5493.0,0.02315,62669.0,0.02317,5402.0,0.02318,16867.0
1753600120863,07:08:40.863,phemex,ACH/USDT:USDT,0.02316,28281.0,0.02315,108157.0,0.02317,5402.0,0.02318,16867.0
1753600120942,07:08:40.942,phemex,ACH/USDT:USDT,0.02316,28281.0,0.02315,108157.0,0.02317,5402.0,0.02318,16867.0
1753600121842,07:08:41.842,phemex,ACH/USDT:USDT,0.02316,28281.0,0.02315,108157.0,0.02318,16867.0,0.02319,156169.0
1753600121910,07:08:41.910,phemex,ACH/USDT:USDT,0.02317,5493.0,0.02316,28281.0,0.02318,16867.0,0.02319,156169.0
1753600121991,07:08:41.991,phemex,ACH/USDT:USDT,0.02317,5493.0,0.02316,28281.0,0.02318,23032.0,0.02319,5470.0
1753600124479,07:08:44.479,phemex,ACH/USDT:USDT,0.02316,28281.0,0.02315,108157.0,0.02318,23032.0,0.02319,5470.0
1753600124489,07:08:44.489,phemex,ACH/USDT:USDT,0.02316,28281.0,0.02315,108157.0,0.02318,23032.0,0.02319,5470.0
1753600125261,07:08:45.261,phemex,ACH/USDT:USDT,0.02317,5493.0,0.02316,28281.0,0.02318,23032.0,0.02319,5470.0
1753600125336,07:08:45.336,phemex,ACH/USDT:USDT,0.02316,28281.0,0.02315,108157.0,0.02318,23032.0,0.02319,5470.0
1753600125802,07:08:45.802,phemex,ACH/USDT:USDT,0.02317,5493.0,0.02316,28281.0,0.02318,23032.0,0.02319,5470.0
1753600125871,07:08:45.871,phemex,ACH/USDT:USDT,0.02317,5493.0,0.02316,33836.0,0.02318,23032.0,0.02319,5470.0
1753600129191,07:08:49.191,phemex,ACH/USDT:USDT,0.02316,28281.0,0.02315,85568.0,0.02318,31526.0,0.02319,5470.0
1753600129241,07:08:49.241,phemex,ACH/USDT:USDT,0.02316,5493.0,0.02315,40080.0,0.02317,26590.0,0.02318,137485.0
1753600129255,07:08:49.255,phemex,ACH/USDT:USDT,0.02316,5493.0,0.02315,40080.0,0.02317,26590.0,0.02318,137485.0
1753600130855,07:08:50.855,phemex,ACH/USDT:USDT,0.02316,5493.0,0.02315,40080.0,0.02317,26590.0,0.02318,137485.0
1753600130894,07:08:50.894,phemex,ACH/USDT:USDT,0.02316,5493.0,0.02315,40080.0,0.02317,26590.0,0.02318,137485.0
1753600131996,07:08:51.996,phemex,ACH/USDT:USDT,0.02316,5493.0,0.02315,40080.0,0.02317,21199.0,0.02318,137485.0
1753600132988,07:08:52.988,phemex,ACH/USDT:USDT,0.02316,5493.0,0.02315,40080.0,0.02317,11599.0,0.02318,137485.0
1753600135772,07:08:55.772,phemex,ACH/USDT:USDT,0.02316,26912.0,0.02315,147358.0,0.02317,20213.0,0.02318,142590.0
1753600142714,07:09:02.714,phemex,ACH/USDT:USDT,0.02316,26912.0,0.02315,147358.0,0.02317,19023.0,0.02318,142590.0
1753600142714,07:09:02.714,phemex,ACH/USDT:USDT,0.02316,26912.0,0.02315,147358.0,0.02317,19023.0,0.02318,142590.0
1753600145431,07:09:05.431,phemex,ACH/USDT:USDT,0.02316,26912.0,0.02315,147358.0,0.02317,8614.0,0.02318,19150.0
1753600145532,07:09:05.532,phemex,ACH/USDT:USDT,0.02316,26912.0,0.02315,147358.0,0.02317,8614.0,0.02318,19150.0
1753600145539,07:09:05.539,phemex,ACH/USDT:USDT,0.02316,26912.0,0.02315,147358.0,0.02317,8614.0,0.02318,19150.0
1753600147142,07:09:07.142,phemex,ACH/USDT:USDT,0.02316,26912.0,0.02315,147358.0,0.02317,8614.0,0.02318,13599.0
1753600148890,07:09:08.890,phemex,ACH/USDT:USDT,0.02316,26912.0,0.02315,147358.0,0.02317,8614.0,0.02318,13599.0
1753600150128,07:09:10.128,phemex,ACH/USDT:USDT,0.02316,26912.0,0.02315,147358.0,0.02317,8614.0,0.02318,18990.0
1753600150733,07:09:10.733,phemex,ACH/USDT:USDT,0.02316,26912.0,0.02315,147358.0,0.02317,8614.0,0.02318,18990.0
1753600151318,07:09:11.318,phemex,ACH/USDT:USDT,0.02316,26912.0,0.02315,147358.0,0.02317,8614.0,0.02318,18990.0
1753600151902,07:09:11.902,phemex,ACH/USDT:USDT,0.02316,26912.0,0.02315,147358.0,0.02317,8614.0,0.02318,18990.0
1753600158302,07:09:18.302,phemex,ACH/USDT:USDT,0.02316,35547.0,0.02315,147358.0,0.02317,8614.0,0.02318,18990.0
1753600162773,07:09:22.773,phemex,ACH/USDT:USDT,0.02316,35547.0,0.02315,147358.0,0.02318,5391.0,0.02319,16994.0
1753600162825,07:09:22.825,phemex,ACH/USDT:USDT,0.02317,40137.0,0.02316,35547.0,0.02318,5391.0,0.02319,16994.0
1753600162859,07:09:22.859,phemex,ACH/USDT:USDT,0.02317,40137.0,0.02316,35547.0,0.02318,5391.0,0.02319,16994.0
1753600163127,07:09:23.127,phemex,ACH/USDT:USDT,0.02317,61027.0,0.02316,109715.0,0.02318,25053.0,0.02319,80771.0
1753600178982,07:09:38.982,phemex,ACH/USDT:USDT,0.02317,55392.0,0.02316,109715.0,0.02318,25053.0,0.02319,80771.0
1753600188084,07:09:48.084,phemex,ACH/USDT:USDT,0.02317,55392.0,0.02316,109715.0,0.02318,25053.0,0.02319,80771.0
1753600194099,07:09:54.099,phemex,ACH/USDT:USDT,0.02317,55392.0,0.02316,109715.0,0.02318,25053.0,0.02319,80771.0
1753600194099,07:09:54.099,phemex,ACH/USDT:USDT,0.02317,55392.0,0.02316,109715.0,0.02318,25053.0,0.02319,80771.0
1753600218067,07:10:18.067,phemex,ACH/USDT:USDT,0.02316,14128.0,0.02315,112782.0,0.02318,31826.0,0.02319,80771.0
1753600218089,07:10:18.089,phemex,ACH/USDT:USDT,0.02316,5493.0,0.02315,112782.0,0.02317,22140.0,0.02318,68479.0
1753600218171,07:10:18.171,phemex,ACH/USDT:USDT,0.02316,39943.0,0.02315,112782.0,0.02317,22140.0,0.02318,68479.0
1753600218320,07:10:18.320,phemex,ACH/USDT:USDT,0.02316,39943.0,0.02315,112782.0,0.02317,22140.0,0.02318,68479.0
1753600218385,07:10:18.385,phemex,ACH/USDT:USDT,0.02316,39943.0,0.02315,112782.0,0.02317,22140.0,0.02318,68479.0
1753600219457,07:10:19.457,phemex,ACH/USDT:USDT,0.02316,39943.0,0.02315,112782.0,0.02317,16559.0,0.02318,68479.0
1753600221014,07:10:21.014,phemex,ACH/USDT:USDT,0.02317,5537.0,0.02316,39943.0,0.02318,12164.0,0.02319,80771.0
1753600221501,07:10:21.501,phemex,ACH/USDT:USDT,0.02317,5537.0,0.02316,39943.0,0.02318,12164.0,0.02319,80771.0
1753600223352,07:10:23.352,phemex,ACH/USDT:USDT,0.02317,27439.0,0.02316,118078.0,0.02318,12164.0,0.02319,80771.0
1753600226294,07:10:26.294,phemex,ACH/USDT:USDT,0.02317,27439.0,0.02316,118078.0,0.02318,12164.0,0.02319,80771.0
1753600226300,07:10:26.300,phemex,ACH/USDT:USDT,0.02317,27439.0,0.02316,118078.0,0.02318,12164.0,0.02319,80771.0
1753600227347,07:10:27.347,phemex,ACH/USDT:USDT,0.02316,39943.0,0.02315,112782.0,0.02318,27300.0,0.02319,80771.0
1753600227453,07:10:27.453,phemex,ACH/USDT:USDT,0.02316,39943.0,0.02315,112782.0,0.02317,12984.0,0.02318,31892.0
1753600230654,07:10:30.654,phemex,ACH/USDT:USDT,0.02316,39943.0,0.02315,112782.0,0.02317,7447.0,0.02318,31892.0
1753600230702,07:10:30.702,phemex,ACH/USDT:USDT,0.02316,39943.0,0.02315,112782.0,0.02318,20527.0,0.02319,80771.0
1753600230794,07:10:30.794,phemex,ACH/USDT:USDT,0.02316,39943.0,0.02315,112782.0,0.02318,20527.0,0.02319,80771.0
1753600231145,07:10:31.145,phemex,ACH/USDT:USDT,0.02317,5474.0,0.02316,39943.0,0.02318,20527.0,0.02319,80771.0
1753600231306,07:10:31.306,phemex,ACH/USDT:USDT,0.02317,5474.0,0.02316,39943.0,0.02318,20527.0,0.02319,80771.0
1753600231424,07:10:31.424,phemex,ACH/USDT:USDT,0.02317,5474.0,0.02316,39943.0,0.02318,20527.0,0.02319,80771.0
1753600232853,07:10:32.853,phemex,ACH/USDT:USDT,0.02317,32823.0,0.02316,106894.0,0.02318,20527.0,0.02319,80771.0
1753600235904,07:10:35.904,phemex,ACH/USDT:USDT,0.02317,32823.0,0.02316,106894.0,0.02318,20527.0,0.02319,80771.0
1753600237268,07:10:37.268,phemex,ACH/USDT:USDT,0.02317,5474.0,0.02316,49223.0,0.02318,29408.0,0.02319,80771.0
1753600238723,07:10:38.723,phemex,ACH/USDT:USDT,0.02316,49223.0,0.02315,112259.0,0.02318,29408.0,0.02319,80771.0
1753600238789,07:10:38.789,phemex,ACH/USDT:USDT,0.02316,49223.0,0.02315,112259.0,0.02317,5522.0,0.02318,29408.0
1753600239599,07:10:39.599,phemex,ACH/USDT:USDT,0.02316,49223.0,0.02315,112259.0,0.02317,23883.0,0.02318,104003.0
1753600240702,07:10:40.702,phemex,ACH/USDT:USDT,0.02316,49223.0,0.02315,112259.0,0.02317,23883.0,0.02318,104003.0
1753600242188,07:10:42.188,phemex,ACH/USDT:USDT,0.02316,49223.0,0.02315,112259.0,0.02317,18361.0,0.02318,104003.0
1753600242492,07:10:42.492,phemex,ACH/USDT:USDT,0.02316,49223.0,0.02315,112259.0,0.02317,25918.0,0.02318,104003.0
1753600245516,07:10:45.516,phemex,ACH/USDT:USDT,0.02316,49223.0,0.02315,112259.0,0.02317,11008.0,0.02318,104003.0
1753600245750,07:10:45.750,phemex,ACH/USDT:USDT,0.02316,49223.0,0.02315,112259.0,0.02317,16530.0,0.02318,104003.0
1753600246569,07:10:46.569,phemex,ACH/USDT:USDT,0.02316,49223.0,0.02315,112259.0,0.02317,10530.0,0.02318,104003.0
1753600250983,07:10:50.983,phemex,ACH/USDT:USDT,0.02316,49223.0,0.02315,112259.0,0.02317,7925.0,0.02318,104003.0
1753600253860,07:10:53.860,phemex,ACH/USDT:USDT,0.02316,49223.0,0.02315,112259.0,0.02317,2403.0,0.02318,104003.0
1753600254091,07:10:54.091,phemex,ACH/USDT:USDT,0.02318,5495.0,0.02317,13887.0,0.02319,5470.0,0.0232,16405.0
1753600254173,07:10:54.173,phemex,ACH/USDT:USDT,0.02318,5495.0,0.02317,22518.0,0.02319,5470.0,0.0232,16405.0
1753600254247,07:10:54.247,phemex,ACH/USDT:USDT,0.02318,5495.0,0.02317,22518.0,0.02319,5470.0,0.0232,16405.0
1753600257646,07:10:57.646,phemex,ACH/USDT:USDT,0.02318,5495.0,0.02317,22518.0,0.0232,16405.0,0.02321,14091.0
1753600257727,07:10:57.727,phemex,ACH/USDT:USDT,0.02318,5495.0,0.02317,22518.0,0.0232,16405.0,0.02321,14091.0
1753600257802,07:10:57.802,phemex,ACH/USDT:USDT,0.02318,5495.0,0.02317,22518.0,0.0232,16405.0,0.02321,14091.0
1753600258106,07:10:58.106,phemex,ACH/USDT:USDT,0.02318,5495.0,0.02317,22518.0,0.02319,5495.0,0.0232,16405.0
1753600259426,07:10:59.426,phemex,ACH/USDT:USDT,0.02318,34510.0,0.02317,26777.0,0.02319,30134.0,0.0232,104504.0
1753600259426,07:10:59.426,phemex,ACH/USDT:USDT,0.02318,34510.0,0.02317,26777.0,0.02319,30134.0,0.0232,104504.0
1753600276689,07:11:16.689,phemex,ACH/USDT:USDT,0.02318,29015.0,0.02317,26777.0,0.02319,30134.0,0.0232,104504.0
1753600276922,07:11:16.922,phemex,ACH/USDT:USDT,0.02318,29015.0,0.02317,26777.0,0.02319,30134.0,0.0232,104504.0
1753600280296,07:11:20.296,phemex,ACH/USDT:USDT,0.02318,20588.0,0.02317,26777.0,0.02319,30134.0,0.0232,104504.0
1753600283592,07:11:23.592,phemex,ACH/USDT:USDT,0.02317,31035.0,0.02316,49223.0,0.02319,30134.0,0.0232,104504.0
1753600283610,07:11:23.610,phemex,ACH/USDT:USDT,0.02317,31035.0,0.02316,49223.0,0.02318,28442.0,0.02319,101462.0
1753600285860,07:11:25.860,phemex,ACH/USDT:USDT,0.02317,31035.0,0.02316,49223.0,0.02318,28442.0,0.02319,101462.0
1753600287912,07:11:27.912,phemex,ACH/USDT:USDT,0.02317,22404.0,0.02316,49223.0,0.02318,28442.0,0.02319,101462.0
1753600287940,07:11:27.940,phemex,ACH/USDT:USDT,0.02317,16909.0,0.02316,14773.0,0.02318,28442.0,0.02319,101462.0
1753600288029,07:11:28.029,phemex,ACH/USDT:USDT,0.02317,16909.0,0.02316,49172.0,0.02318,28442.0,0.02319,101462.0
1753600288539,07:11:28.539,phemex,ACH/USDT:USDT,0.02316,49172.0,0.02315,98708.0,0.02318,28442.0,0.02319,101462.0
1753600288582,07:11:28.582,phemex,ACH/USDT:USDT,0.02316,49172.0,0.02315,98708.0,0.02317,5420.0,0.02318,28442.0
1753600289061,07:11:29.061,phemex,ACH/USDT:USDT,0.02316,65515.0,0.02315,110252.0,0.02317,5420.0,0.02318,28442.0
1753600289702,07:11:29.702,phemex,ACH/USDT:USDT,0.02316,65515.0,0.02315,110252.0,0.02317,5420.0,0.02318,28442.0
1753600291199,07:11:31.199,phemex,ACH/USDT:USDT,0.02316,65515.0,0.02315,110252.0,0.02318,28442.0,0.02319,101462.0
1753600291237,07:11:31.237,phemex,ACH/USDT:USDT,0.02316,65515.0,0.02315,110252.0,0.02318,28442.0,0.02319,101462.0
1753600291246,07:11:31.246,phemex,ACH/USDT:USDT,0.02316,65515.0,0.02315,110252.0,0.02317,5420.0,0.02318,28442.0
1753600296207,07:11:36.207,phemex,ACH/USDT:USDT,0.02316,65515.0,0.02315,110252.0,0.02317,31598.0,0.02318,84028.0
1753600296335,07:11:36.335,phemex,ACH/USDT:USDT,0.02316,65515.0,0.02315,110252.0,0.02317,31598.0,0.02318,84028.0
1753600296345,07:11:36.345,phemex,ACH/USDT:USDT,0.02316,65515.0,0.02315,110252.0,0.02317,31598.0,0.02318,84028.0
1753600298770,07:11:38.770,phemex,ACH/USDT:USDT,0.02316,60022.0,0.02315,110252.0,0.02317,31598.0,0.02318,84028.0
1753600298799,07:11:38.799,phemex,ACH/USDT:USDT,0.02316,60022.0,0.02315,110252.0,0.02317,31598.0,0.02318,84028.0
1753600299020,07:11:39.020,phemex,ACH/USDT:USDT,0.02316,60022.0,0.02315,110252.0,0.02317,31598.0,0.02318,84028.0
1753600300841,07:11:40.841,phemex,ACH/USDT:USDT,0.02316,60022.0,0.02315,110252.0,0.02317,31598.0,0.02318,84028.0
1753600300980,07:11:40.980,phemex,ACH/USDT:USDT,0.02316,60022.0,0.02315,110252.0,0.02317,31598.0,0.02318,84028.0
1753600300995,07:11:40.995,phemex,ACH/USDT:USDT,0.02316,50742.0,0.02315,110252.0,0.02317,31598.0,0.02318,84028.0
1753600307519,07:11:47.519,phemex,ACH/USDT:USDT,0.02316,50742.0,0.02315,110252.0,0.02317,31598.0,0.02318,84028.0
1753600315356,07:11:55.356,phemex,ACH/USDT:USDT,0.02316,50742.0,0.02315,110252.0,0.02317,31598.0,0.02318,84028.0
1753600319155,07:11:59.155,phemex,ACH/USDT:USDT,0.02316,56160.0,0.02315,110252.0,0.02318,5445.0,0.02319,101462.0
1753600319169,07:11:59.169,phemex,ACH/USDT:USDT,0.02317,5494.0,0.02316,56160.0,0.02318,5445.0,0.02319,101462.0
1753600319200,07:11:59.200,phemex,ACH/USDT:USDT,0.02317,31069.0,0.02316,116164.0,0.02319,5495.0,0.0232,69881.0
1753600319221,07:11:59.221,phemex,ACH/USDT:USDT,0.02318,5494.0,0.02317,31069.0,0.02319,5495.0,0.0232,13066.0
1753600319305,07:11:59.305,phemex,ACH/USDT:USDT,0.02318,5494.0,0.02317,31069.0,0.02319,5495.0,0.0232,13066.0
1753600319464,07:11:59.464,phemex,ACH/USDT:USDT,0.02318,5494.0,0.02317,31069.0,0.02319,5495.0,0.0232,13066.0
1753600319612,07:11:59.612,phemex,ACH/USDT:USDT,0.02318,5494.0,0.02317,31069.0,0.02319,5495.0,0.0232,13066.0
1753600321542,07:12:01.542,phemex,ACH/USDT:USDT,0.02317,31069.0,0.02316,116164.0,0.02319,5495.0,0.0232,13066.0
1753600322516,07:12:02.516,phemex,ACH/USDT:USDT,0.02318,5494.0,0.02317,31069.0,0.0232,13066.0,0.02321,5475.0
1753600322570,07:12:02.570,phemex,ACH/USDT:USDT,0.02318,5494.0,0.02317,31069.0,0.0232,13066.0,0.02321,5475.0
1753600322668,07:12:02.668,phemex,ACH/USDT:USDT,0.02318,5494.0,0.02317,31069.0,0.0232,13066.0,0.02321,5475.0
1753600322668,07:12:02.668,phemex,ACH/USDT:USDT,0.02318,5494.0,0.02317,31069.0,0.0232,13066.0,0.02321,5475.0
1753600324104,07:12:04.104,phemex,ACH/USDT:USDT,0.02318,5494.0,0.02317,31069.0,0.0232,13066.0,0.02321,5475.0
1753600325374,07:12:05.374,phemex,ACH/USDT:USDT,0.02319,23171.0,0.02318,21434.0,0.0232,31808.0,0.02321,66028.0
1753600325389,07:12:05.389,phemex,ACH/USDT:USDT,0.02319,28665.0,0.02318,21434.0,0.0232,31808.0,0.02321,66028.0
1753600325779,07:12:05.779,phemex,ACH/USDT:USDT,0.02319,5494.0,0.02318,21434.0,0.0232,31808.0,0.02321,66028.0
1753600328080,07:12:08.080,phemex,ACH/USDT:USDT,0.02319,5494.0,0.02318,21434.0,0.0232,26333.0,0.02321,66028.0
1753600329933,07:12:09.933,phemex,ACH/USDT:USDT,0.02318,31328.0,0.02317,15538.0,0.0232,31748.0,0.02321,66028.0
1753600329946,07:12:09.946,phemex,ACH/USDT:USDT,0.02319,5415.0,0.02318,31328.0,0.0232,31748.0,0.02321,66028.0
1753600330041,07:12:10.041,phemex,ACH/USDT:USDT,0.02319,5415.0,0.02318,31328.0,0.0232,31748.0,0.02321,66028.0
1753600331134,07:12:11.134,phemex,ACH/USDT:USDT,0.02319,5415.0,0.02318,31328.0,0.0232,26333.0,0.02321,66028.0
1753600333201,07:12:13.201,phemex,ACH/USDT:USDT,0.02319,5415.0,0.02318,31328.0,0.0232,18803.0,0.02321,66028.0
1753600334496,07:12:14.496,phemex,ACH/USDT:USDT,0.02319,5415.0,0.02318,31328.0,0.0232,18803.0,0.02321,66028.0
1753600334703,07:12:14.703,phemex,ACH/USDT:USDT,0.02319,5415.0,0.02318,31328.0,0.0232,18803.0,0.02321,66028.0
1753600338450,07:12:18.450,phemex,ACH/USDT:USDT,0.02319,5415.0,0.02318,31328.0,0.0232,24201.0,0.02321,66028.0
1753600338788,07:12:18.788,phemex,ACH/USDT:USDT,0.02319,5415.0,0.02318,31328.0,0.0232,18803.0,0.02321,66028.0
1753600340349,07:12:20.349,phemex,ACH/USDT:USDT,0.02319,38918.0,0.02318,72831.0,0.0232,18803.0,0.02321,66028.0
1753600341210,07:12:21.210,phemex,ACH/USDT:USDT,0.02319,38918.0,0.02318,72831.0,0.0232,14503.0,0.02321,66028.0
1753600342456,07:12:22.456,phemex,ACH/USDT:USDT,0.02319,38918.0,0.02318,72831.0,0.0232,19901.0,0.02321,66028.0
1753600350870,07:12:30.870,phemex,ACH/USDT:USDT,0.02319,38918.0,0.02318,72831.0,0.0232,18056.0,0.02321,66028.0
1753600352776,07:12:32.776,phemex,ACH/USDT:USDT,0.02319,38918.0,0.02318,72831.0,0.0232,12658.0,0.02321,66028.0
1753600353028,07:12:33.028,phemex,ACH/USDT:USDT,0.02319,38918.0,0.02318,72831.0,0.0232,12658.0,0.02321,66028.0
1753600353118,07:12:33.118,phemex,ACH/USDT:USDT,0.02319,38918.0,0.02318,72831.0,0.0232,12658.0,0.02321,66028.0
1753600356314,07:12:36.314,phemex,ACH/USDT:USDT,0.02318,5494.0,0.02317,5494.0,0.0232,23488.0,0.02321,96644.0
1753600356342,07:12:36.342,phemex,ACH/USDT:USDT,0.02317,5494.0,0.02316,87731.0,0.02319,28969.0,0.0232,91735.0
1753600356352,07:12:36.352,phemex,ACH/USDT:USDT,0.02317,5494.0,0.02316,87731.0,0.02319,28969.0,0.0232,91735.0
1753600356419,07:12:36.419,phemex,ACH/USDT:USDT,0.02317,5494.0,0.02316,122080.0,0.02319,28969.0,0.0232,91735.0
1753600361303,07:12:41.303,phemex,ACH/USDT:USDT,0.02317,5494.0,0.02316,122080.0,0.02319,28969.0,0.0232,91735.0
1753600363125,07:12:43.125,phemex,ACH/USDT:USDT,0.02318,21450.0,0.02317,94170.0,0.02319,38177.0,0.0232,99430.0
1753600363149,07:12:43.149,phemex,ACH/USDT:USDT,0.02318,26973.0,0.02317,94170.0,0.02319,38177.0,0.0232,99430.0
1753600366106,07:12:46.106,phemex,ACH/USDT:USDT,0.02318,26973.0,0.02317,94170.0,0.02319,38177.0,0.0232,99430.0
1753600368400,07:12:48.400,phemex,ACH/USDT:USDT,0.02318,5523.0,0.02317,94170.0,0.02319,38177.0,0.0232,99430.0
1753600370905,07:12:50.905,phemex,ACH/USDT:USDT,0.02318,5523.0,0.02317,94170.0,0.02319,38177.0,0.0232,99430.0
1753600381672,07:13:01.672,phemex,ACH/USDT:USDT,0.02318,5523.0,0.02317,94170.0,0.02319,38177.0,0.0232,99430.0
1753600383910,07:13:03.910,phemex,ACH/USDT:USDT,0.02317,94170.0,0.02316,135485.0,0.02319,38177.0,0.0232,99430.0
1753600383910,07:13:03.910,phemex,ACH/USDT:USDT,0.02317,94170.0,0.02316,135485.0,0.02319,38177.0,0.0232,99430.0
1753600383946,07:13:03.946,phemex,ACH/USDT:USDT,0.02318,5463.0,0.02317,94170.0,0.02319,38177.0,0.0232,99430.0
1753600385506,07:13:05.506,phemex,ACH/USDT:USDT,0.02318,5463.0,0.02317,94170.0,0.02319,38177.0,0.0232,99430.0
1753600392144,07:13:12.144,phemex,ACH/USDT:USDT,0.02318,5463.0,0.02317,94170.0,0.02319,32783.0,0.0232,99430.0
1753600392437,07:13:12.437,phemex,ACH/USDT:USDT,0.02318,5463.0,0.02317,94170.0,0.02319,32783.0,0.0232,99430.0
1753600392471,07:13:12.471,phemex,ACH/USDT:USDT,0.02318,5463.0,0.02317,94170.0,0.02319,32783.0,0.0232,99430.0
1753600399439,07:13:19.439,phemex,ACH/USDT:USDT,0.02318,5463.0,0.02317,94170.0,0.02319,12783.0,0.0232,99430.0
1753600399621,07:13:19.621,phemex,ACH/USDT:USDT,0.02318,5463.0,0.02317,94170.0,0.02319,18339.0,0.0232,99430.0
1753600400265,07:13:20.265,phemex,ACH/USDT:USDT,0.02318,5463.0,0.02317,94170.0,0.02319,18339.0,0.0232,99430.0
1753600401678,07:13:21.678,phemex,ACH/USDT:USDT,0.02317,94170.0,0.02316,135485.0,0.02319,18339.0,0.0232,99430.0
1753600401775,07:13:21.775,phemex,ACH/USDT:USDT,0.02318,5556.0,0.02317,94170.0,0.02319,18339.0,0.0232,99430.0
1753600404758,07:13:24.758,phemex,ACH/USDT:USDT,0.02318,5556.0,0.02317,94170.0,0.02319,17739.0,0.0232,99430.0
1753600407808,07:13:27.808,phemex,ACH/USDT:USDT,0.02318,5556.0,0.02317,94170.0,0.02319,12183.0,0.0232,99430.0
1753600409590,07:13:29.590,phemex,ACH/USDT:USDT,0.02318,5556.0,0.02317,94170.0,0.02319,11550.0,0.0232,99430.0
1753600416560,07:13:36.560,phemex,ACH/USDT:USDT,0.02318,5556.0,0.02317,94170.0,0.02319,11440.0,0.0232,99430.0
1753600423121,07:13:43.121,phemex,ACH/USDT:USDT,0.02318,35312.0,0.02317,104539.0,0.0232,5394.0,0.02321,93293.0
1753600423135,07:13:43.135,phemex,ACH/USDT:USDT,0.02319,5498.0,0.02318,35312.0,0.0232,5394.0,0.02321,93293.0
1753600423192,07:13:43.192,phemex,ACH/USDT:USDT,0.02319,5498.0,0.02318,35312.0,0.0232,5394.0,0.02321,93293.0
1753600423223,07:13:43.223,phemex,ACH/USDT:USDT,0.02319,5498.0,0.02318,35312.0,0.0232,5394.0,0.02321,93293.0
1753600423232,07:13:43.232,phemex,ACH/USDT:USDT,0.02319,5498.0,0.02318,35312.0,0.0232,5394.0,0.02321,93293.0
1753600423424,07:13:43.424,phemex,ACH/USDT:USDT,0.02319,5498.0,0.02318,35312.0,0.0232,5394.0,0.02321,93293.0
1753600423433,07:13:43.433,phemex,ACH/USDT:USDT,0.02319,39839.0,0.02318,35312.0,0.0232,5394.0,0.02321,93293.0
1753600426707,07:13:46.707,phemex,ACH/USDT:USDT,0.02319,39839.0,0.02318,35312.0,0.0232,5394.0,0.02321,93293.0
1753600426812,07:13:46.812,phemex,ACH/USDT:USDT,0.02319,34341.0,0.02318,35312.0,0.0232,5394.0,0.02321,93293.0
1753600433431,07:13:53.431,phemex,ACH/USDT:USDT,0.02319,63776.0,0.02318,108230.0,0.0232,40174.0,0.02321,66028.0
1753600433765,07:13:53.765,phemex,ACH/USDT:USDT,0.02319,63776.0,0.02318,108230.0,0.0232,40174.0,0.02321,66028.0
1753600433815,07:13:53.815,phemex,ACH/USDT:USDT,0.02319,63776.0,0.02318,108230.0,0.0232,40174.0,0.02321,66028.0
1753600433815,07:13:53.815,phemex,ACH/USDT:USDT,0.02319,63776.0,0.02318,108230.0,0.0232,40174.0,0.02321,66028.0
1753600447093,07:14:07.093,phemex,ACH/USDT:USDT,0.02319,58546.0,0.02318,99190.0,0.0232,40174.0,0.02321,66028.0
1753600447233,07:14:07.233,phemex,ACH/USDT:USDT,0.02319,58546.0,0.02318,99190.0,0.0232,40174.0,0.02321,66028.0
1753600448953,07:14:08.953,phemex,ACH/USDT:USDT,0.02319,24205.0,0.02318,99190.0,0.0232,40174.0,0.02321,66028.0
1753600448962,07:14:08.962,phemex,ACH/USDT:USDT,0.02319,24205.0,0.02318,99190.0,0.0232,40174.0,0.02321,66028.0
1753600450712,07:14:10.712,phemex,ACH/USDT:USDT,0.02319,24205.0,0.02318,99190.0,0.0232,40174.0,0.02321,66028.0
1753600450731,07:14:10.731,phemex,ACH/USDT:USDT,0.02319,24205.0,0.02318,93634.0,0.0232,40174.0,0.02321,66028.0
1753600450753,07:14:10.753,phemex,ACH/USDT:USDT,0.02319,24205.0,0.02318,93634.0,0.0232,40174.0,0.02321,66028.0
1753600451601,07:14:11.601,phemex,ACH/USDT:USDT,0.02319,22415.0,0.02318,93634.0,0.0232,40174.0,0.02321,66028.0
1753600455508,07:14:15.508,phemex,ACH/USDT:USDT,0.02319,22415.0,0.02318,93634.0,0.0232,40174.0,0.02321,66028.0
1753600456140,07:14:16.140,phemex,ACH/USDT:USDT,0.02319,22415.0,0.02318,93634.0,0.0232,40174.0,0.02321,66028.0
1753600456183,07:14:16.183,phemex,ACH/USDT:USDT,0.02319,22415.0,0.02318,93634.0,0.0232,40174.0,0.02321,66028.0
1753600456193,07:14:16.193,phemex,ACH/USDT:USDT,0.02319,22415.0,0.02318,93634.0,0.0232,40174.0,0.02321,66028.0
1753600456262,07:14:16.262,phemex,ACH/USDT:USDT,0.02319,22415.0,0.02318,93634.0,0.0232,48794.0,0.02321,66028.0
1753600460309,07:14:20.309,phemex,ACH/USDT:USDT,0.02319,22415.0,0.02318,93634.0,0.0232,48794.0,0.02321,66028.0
1753600460340,07:14:20.340,phemex,ACH/USDT:USDT,0.02319,21710.0,0.02318,93634.0,0.0232,48794.0,0.02321,66028.0
1753600461926,07:14:21.926,phemex,ACH/USDT:USDT,0.02319,21605.0,0.02318,93634.0,0.0232,48794.0,0.02321,66028.0
1753600463248,07:14:23.248,phemex,ACH/USDT:USDT,0.02319,20902.0,0.02318,93634.0,0.0232,48794.0,0.02321,66028.0
1753600464051,07:14:24.051,phemex,ACH/USDT:USDT,0.02319,20902.0,0.02318,93634.0,0.0232,48794.0,0.02321,66028.0
1753600465102,07:14:25.102,phemex,ACH/USDT:USDT,0.02319,20902.0,0.02318,93634.0,0.0232,48794.0,0.02321,66028.0
1753600465113,07:14:25.113,phemex,ACH/USDT:USDT,0.02319,20902.0,0.02318,93634.0,0.0232,48794.0,0.02321,66028.0
1753600466878,07:14:26.878,phemex,ACH/USDT:USDT,0.02319,20902.0,0.02318,93634.0,0.0232,48794.0,0.02321,66028.0
1753600467202,07:14:27.202,phemex,ACH/USDT:USDT,0.02317,39822.0,0.02316,14129.0,0.0232,48794.0,0.02321,66028.0
1753600467221,07:14:27.221,phemex,ACH/USDT:USDT,0.02317,39822.0,0.02316,14129.0,0.02319,5538.0,0.0232,48794.0
1753600467614,07:14:27.614,phemex,ACH/USDT:USDT,0.02317,39822.0,0.02316,14129.0,0.02318,31298.0,0.02319,108406.0
1753600469909,07:14:29.909,phemex,ACH/USDT:USDT,0.02317,39822.0,0.02316,14129.0,0.02318,31298.0,0.02319,108406.0
1753600469932,07:14:29.932,phemex,ACH/USDT:USDT,0.02317,39822.0,0.02316,14129.0,0.02318,31298.0,0.02319,108406.0
1753600472307,07:14:32.307,phemex,ACH/USDT:USDT,0.02317,39822.0,0.02316,14129.0,0.02318,31298.0,0.02319,108406.0
1753600472335,07:14:32.335,phemex,ACH/USDT:USDT,0.02317,5494.0,0.02316,14129.0,0.02318,31298.0,0.02319,108406.0
1753600472388,07:14:32.388,phemex,ACH/USDT:USDT,0.02317,5494.0,0.02316,48476.0,0.02318,31298.0,0.02319,108406.0
1753600480689,07:14:40.689,phemex,ACH/USDT:USDT,0.02317,5494.0,0.02316,48476.0,0.02318,31128.0,0.02319,108406.0
1753600483714,07:14:43.714,phemex,ACH/USDT:USDT,0.02316,48476.0,0.02315,109505.0,0.02318,31128.0,0.02319,108406.0
1753600483785,07:14:43.785,phemex,ACH/USDT:USDT,0.02316,48476.0,0.02315,109505.0,0.02318,31128.0,0.02319,108406.0
1753600483873,07:14:43.873,phemex,ACH/USDT:USDT,0.02316,70053.0,0.02315,109505.0,0.02317,27715.0,0.02318,80163.0
1753600484146,07:14:44.146,phemex,ACH/USDT:USDT,0.02316,70053.0,0.02315,109505.0,0.02317,27715.0,0.02318,80163.0
1753600484209,07:14:44.209,phemex,ACH/USDT:USDT,0.02316,70053.0,0.02315,109505.0,0.02317,27715.0,0.02318,80163.0
1753600484434,07:14:44.434,phemex,ACH/USDT:USDT,0.02316,70053.0,0.02315,109505.0,0.02317,27715.0,0.02318,80163.0
1753600485221,07:14:45.221,phemex,ACH/USDT:USDT,0.02316,61418.0,0.02315,109505.0,0.02317,27715.0,0.02318,80163.0
1753600487110,07:14:47.110,phemex,ACH/USDT:USDT,0.02316,61418.0,0.02315,109505.0,0.02317,27715.0,0.02318,80163.0
1753600488271,07:14:48.271,phemex,ACH/USDT:USDT,0.02316,61418.0,0.02315,109505.0,0.02317,23345.0,0.02318,80163.0
1753600493982,07:14:53.982,phemex,ACH/USDT:USDT,0.02316,61418.0,0.02315,109505.0,0.02317,22534.0,0.02318,80163.0
1753600495291,07:14:55.291,phemex,ACH/USDT:USDT,0.02316,39841.0,0.02315,5504.0,0.02317,22534.0,0.02318,80163.0
1753600495531,07:14:55.531,phemex,ACH/USDT:USDT,0.02316,39841.0,0.02315,5504.0,0.02317,28067.0,0.02318,80163.0
1753600495541,07:14:55.541,phemex,ACH/USDT:USDT,0.02316,34347.0,0.02315,5504.0,0.02317,28067.0,0.02318,80163.0
1753600495702,07:14:55.702,phemex,ACH/USDT:USDT,0.02316,34347.0,0.02315,5504.0,0.02317,28067.0,0.02318,80163.0
1753600495868,07:14:55.868,phemex,ACH/USDT:USDT,0.02316,34347.0,0.02315,5504.0,0.02317,28067.0,0.02318,80163.0
1753600496189,07:14:56.189,phemex,ACH/USDT:USDT,0.02316,34347.0,0.02315,5504.0,0.02317,28067.0,0.02318,80163.0
1753600499309,07:14:59.309,phemex,ACH/USDT:USDT,0.02316,34347.0,0.02315,5504.0,0.02317,28067.0,0.02318,80163.0
1753600500562,07:15:00.562,phemex,ACH/USDT:USDT,0.02316,34347.0,0.02315,30277.0,0.02317,28067.0,0.02318,80163.0
1753600501166,07:15:01.166,phemex,ACH/USDT:USDT,0.02316,34347.0,0.02315,30277.0,0.02317,20934.0,0.02318,80163.0
1753600501246,07:15:01.246,phemex,ACH/USDT:USDT,0.02316,34347.0,0.02315,30277.0,0.02317,15401.0,0.02318,80163.0
1753600502333,07:15:02.333,phemex,ACH/USDT:USDT,0.02316,34347.0,0.02315,30277.0,0.02317,20821.0,0.02318,80163.0
1753600502333,07:15:02.333,phemex,ACH/USDT:USDT,0.02316,34347.0,0.02315,30277.0,0.02317,20821.0,0.02318,80163.0
1753600504213,07:15:04.213,phemex,ACH/USDT:USDT,0.02316,34347.0,0.02315,30277.0,0.02317,30244.0,0.02318,80163.0
1753600504253,07:15:04.253,phemex,ACH/USDT:USDT,0.02316,34347.0,0.02315,30277.0,0.02317,24824.0,0.02318,80163.0
1753600504308,07:15:04.308,phemex,ACH/USDT:USDT,0.02316,34347.0,0.02315,30277.0,0.02317,24824.0,0.02318,80163.0
1753600504332,07:15:04.332,phemex,ACH/USDT:USDT,0.02316,34347.0,0.02315,30277.0,0.02317,24824.0,0.02318,80163.0
1753600506160,07:15:06.160,phemex,ACH/USDT:USDT,0.02316,67147.0,0.02315,184401.0,0.02317,24824.0,0.02318,80163.0
1753600509147,07:15:09.147,phemex,ACH/USDT:USDT,0.02316,67147.0,0.02315,184401.0,0.02317,24824.0,0.02318,80163.0
1753600511025,07:15:11.025,phemex,ACH/USDT:USDT,0.02316,67147.0,0.02315,184401.0,0.02317,19124.0,0.02318,80163.0
1753600513902,07:15:13.902,phemex,ACH/USDT:USDT,0.02316,67147.0,0.02315,184401.0,0.02317,19124.0,0.02318,80163.0
1753600513911,07:15:13.911,phemex,ACH/USDT:USDT,0.02316,67147.0,0.02315,184401.0,0.02317,19124.0,0.02318,80163.0
1753600518727,07:15:18.727,phemex,ACH/USDT:USDT,0.02316,67147.0,0.02315,184401.0,0.02317,17724.0,0.02318,80163.0
1753600521738,07:15:21.738,phemex,ACH/USDT:USDT,0.02316,67147.0,0.02315,184401.0,0.02317,23192.0,0.02318,80163.0
1753600521957,07:15:21.957,phemex,ACH/USDT:USDT,0.02316,67147.0,0.02315,184401.0,0.02317,23192.0,0.02318,80163.0
1753600524888,07:15:24.888,phemex,ACH/USDT:USDT,0.02316,34347.0,0.02315,5504.0,0.02317,23192.0,0.02318,80163.0
1753600525638,07:15:25.638,phemex,ACH/USDT:USDT,0.02316,34347.0,0.02315,5504.0,0.02317,21192.0,0.02318,80163.0
1753600526002,07:15:26.002,phemex,ACH/USDT:USDT,0.02316,34347.0,0.02315,5504.0,0.02317,21192.0,0.02318,80163.0
1753600526751,07:15:26.751,phemex,ACH/USDT:USDT,0.02316,34347.0,0.02315,5504.0,0.02317,21192.0,0.02318,80163.0
1753600527356,07:15:27.356,phemex,ACH/USDT:USDT,0.02316,34347.0,0.02314,5442.0,0.02317,21192.0,0.02318,80163.0
1753600527428,07:15:27.428,phemex,ACH/USDT:USDT,0.02316,34347.0,0.02314,5442.0,0.02317,21192.0,0.02318,80163.0
1753600527496,07:15:27.496,phemex,ACH/USDT:USDT,0.02316,34347.0,0.02314,5442.0,0.02317,21192.0,0.02318,85631.0
1753600529627,07:15:29.627,phemex,ACH/USDT:USDT,0.02316,34347.0,0.02314,5442.0,0.02317,20092.0,0.02318,85631.0
1753600530709,07:15:30.709,phemex,ACH/USDT:USDT,0.02316,34347.0,0.02314,5442.0,0.02317,20092.0,0.02318,85631.0
1753600535524,07:15:35.524,phemex,ACH/USDT:USDT,0.02316,34347.0,0.02314,5442.0,0.02317,20092.0,0.02318,85631.0
1753600536910,07:15:36.910,phemex,ACH/USDT:USDT,0.02316,34347.0,0.02314,5442.0,0.02317,18267.0,0.02318,85631.0
1753600538902,07:15:38.902,phemex,ACH/USDT:USDT,0.02314,5442.0,0.02313,134388.0,0.02317,18267.0,0.02318,85631.0
1753600538944,07:15:38.944,phemex,ACH/USDT:USDT,0.02314,5442.0,0.02313,134388.0,0.02316,5602.0,0.02317,18267.0
1753600539044,07:15:39.044,phemex,ACH/USDT:USDT,0.02314,40067.0,0.02313,134388.0,0.02316,5602.0,0.02317,18267.0
1753600539066,07:15:39.066,phemex,ACH/USDT:USDT,0.02315,5602.0,0.02314,40067.0,0.02316,5602.0,0.02317,18267.0
1753600539249,07:15:39.249,phemex,ACH/USDT:USDT,0.02315,35943.0,0.02314,138422.0,0.02316,30598.0,0.02317,93703.0
1753600540399,07:15:40.399,phemex,ACH/USDT:USDT,0.02315,35943.0,0.02314,138422.0,0.02316,30598.0,0.02317,93703.0
1753600540845,07:15:40.845,phemex,ACH/USDT:USDT,0.02315,5602.0,0.02314,40067.0,0.02316,30598.0,0.02317,93703.0
1753600541623,07:15:41.623,phemex,ACH/USDT:USDT,0.02314,40067.0,0.02313,15885.0,0.02316,30598.0,0.02317,93703.0
1753600541765,07:15:41.765,phemex,ACH/USDT:USDT,0.02315,5602.0,0.02314,40067.0,0.02316,30598.0,0.02317,93703.0
1753600545128,07:15:45.128,phemex,ACH/USDT:USDT,0.02315,5602.0,0.02314,40067.0,0.02316,30598.0,0.02317,93703.0
1753600553019,07:15:53.019,phemex,ACH/USDT:USDT,0.02315,5602.0,0.02314,40067.0,0.02316,24996.0,0.02317,93703.0
1753600553035,07:15:53.035,phemex,ACH/USDT:USDT,0.02315,31751.0,0.02314,95295.0,0.02316,24996.0,0.02317,93703.0
1753600553308,07:15:53.308,phemex,ACH/USDT:USDT,0.02315,31751.0,0.02314,95295.0,0.02316,24996.0,0.02317,93703.0
1753600557472,07:15:57.472,phemex,ACH/USDT:USDT,0.02315,31751.0,0.02314,95295.0,0.02316,22996.0,0.02317,93703.0
1753600559182,07:15:59.182,phemex,ACH/USDT:USDT,0.02315,31751.0,0.02314,95295.0,0.02316,22996.0,0.02317,93703.0
1753600559194,07:15:59.194,phemex,ACH/USDT:USDT,0.02315,31751.0,0.02314,95295.0,0.02316,22996.0,0.02317,93703.0
1753600561377,07:16:01.377,phemex,ACH/USDT:USDT,0.02315,31751.0,0.02314,95295.0,0.02316,22196.0,0.02317,93703.0
1753600561700,07:16:01.700,phemex,ACH/USDT:USDT,0.02315,31751.0,0.02314,95295.0,0.02317,5468.0,0.02318,85631.0
1753600561728,07:16:01.728,phemex,ACH/USDT:USDT,0.02316,38164.0,0.02315,107858.0,0.02317,5468.0,0.02318,85631.0
1753600563491,07:16:03.491,phemex,ACH/USDT:USDT,0.02316,37804.0,0.02315,107858.0,0.02317,5468.0,0.02318,85631.0
1753600563520,07:16:03.520,phemex,ACH/USDT:USDT,0.02316,37804.0,0.02315,107858.0,0.02317,5468.0,0.02318,85631.0
1753600563779,07:16:03.779,phemex,ACH/USDT:USDT,0.02316,37804.0,0.02315,107858.0,0.02317,5468.0,0.02318,85631.0
1753600563779,07:16:03.779,phemex,ACH/USDT:USDT,0.02316,37804.0,0.02315,107858.0,0.02317,5468.0,0.02318,85631.0
1753600571585,07:16:11.585,phemex,ACH/USDT:USDT,0.02315,5602.0,0.02314,95295.0,0.02317,28181.0,0.02318,97652.0
1753600571706,07:16:11.706,phemex,ACH/USDT:USDT,0.02315,5602.0,0.02314,95295.0,0.02317,28181.0,0.02318,97652.0
1753600571714,07:16:11.714,phemex,ACH/USDT:USDT,0.02315,5602.0,0.02314,95295.0,0.02317,28181.0,0.02318,97652.0
1753600571907,07:16:11.907,phemex,ACH/USDT:USDT,0.02315,5602.0,0.02314,95295.0,0.02316,5389.0,0.02317,28181.0
1753600572196,07:16:12.196,phemex,ACH/USDT:USDT,0.02315,5602.0,0.02314,95295.0,0.02317,28181.0,0.02318,97652.0
1753600572221,07:16:12.221,phemex,ACH/USDT:USDT,0.02315,5602.0,0.02314,95295.0,0.02317,28181.0,0.02318,97652.0
1753600573933,07:16:13.933,phemex,ACH/USDT:USDT,0.02315,5602.0,0.02314,95295.0,0.02317,28181.0,0.02318,97652.0
1753600575721,07:16:15.721,phemex,ACH/USDT:USDT,0.02315,5602.0,0.02314,95295.0,0.02317,28181.0,0.02318,97652.0
1753600575729,07:16:15.729,phemex,ACH/USDT:USDT,0.02315,5602.0,0.02314,95295.0,0.02317,28181.0,0.02318,97652.0
1753600576690,07:16:16.690,phemex,ACH/USDT:USDT,0.02316,22375.0,0.02315,131648.0,0.02317,28181.0,0.02318,97652.0
1753600577442,07:16:17.442,phemex,ACH/USDT:USDT,0.02316,27764.0,0.02315,131648.0,0.02317,28181.0,0.02318,97652.0
1753600578120,07:16:18.120,phemex,ACH/USDT:USDT,0.02316,27304.0,0.02315,131648.0,0.02317,28181.0,0.02318,97652.0
1753600580857,07:16:20.857,phemex,ACH/USDT:USDT,0.02316,27304.0,0.02315,131648.0,0.02317,28181.0,0.02318,97652.0
1753600580878,07:16:20.878,phemex,ACH/USDT:USDT,0.02316,27304.0,0.02315,131648.0,0.02317,28181.0,0.02318,97652.0
1753600580906,07:16:20.906,phemex,ACH/USDT:USDT,0.02316,27304.0,0.02315,131648.0,0.02317,28181.0,0.02318,97652.0
1753600586855,07:16:26.855,phemex,ACH/USDT:USDT,0.02316,27004.0,0.02315,131648.0,0.02317,28181.0,0.02318,97652.0
1753600587926,07:16:27.926,phemex,ACH/USDT:USDT,0.02316,26905.0,0.02315,131648.0,0.02317,28181.0,0.02318,97652.0
1753600590086,07:16:30.086,phemex,ACH/USDT:USDT,0.02316,26905.0,0.02315,131648.0,0.02317,22713.0,0.02318,97652.0
1753600590195,07:16:30.195,phemex,ACH/USDT:USDT,0.02316,26905.0,0.02315,131648.0,0.02317,22713.0,0.02318,97652.0
1753600593821,07:16:33.821,phemex,ACH/USDT:USDT,0.02316,26905.0,0.02315,131648.0,0.02317,22713.0,0.02318,97652.0
1753600593840,07:16:33.840,phemex,ACH/USDT:USDT,0.02316,26905.0,0.02315,131648.0,0.02317,22713.0,0.02318,97652.0
1753600594115,07:16:34.115,phemex,ACH/USDT:USDT,0.02316,26905.0,0.02315,131648.0,0.02317,28104.0,0.02318,97652.0
1753600595804,07:16:35.804,phemex,ACH/USDT:USDT,0.02316,26905.0,0.02315,131648.0,0.02317,24904.0,0.02318,97652.0
1753600596053,07:16:36.053,phemex,ACH/USDT:USDT,0.02316,5389.0,0.02315,5602.0,0.02317,24904.0,0.02318,97652.0
1753600596103,07:16:36.103,phemex,ACH/USDT:USDT,0.02315,5602.0,0.02314,95243.0,0.02317,24904.0,0.02318,97652.0
1753600596128,07:16:36.128,phemex,ACH/USDT:USDT,0.02315,5602.0,0.02314,95243.0,0.02316,25453.0,0.02317,81587.0
1753600596145,07:16:36.145,phemex,ACH/USDT:USDT,0.02315,5602.0,0.02314,95243.0,0.02316,30844.0,0.02317,91113.0
1753600598532,07:16:38.532,phemex,ACH/USDT:USDT,0.02315,5602.0,0.02314,95243.0,0.02316,30844.0,0.02317,91113.0
1753600602041,07:16:42.041,phemex,ACH/USDT:USDT,0.02315,5602.0,0.02314,95243.0,0.02316,29744.0,0.02317,91113.0
1753600607419,07:16:47.419,phemex,ACH/USDT:USDT,0.02315,5602.0,0.02314,95243.0,0.02316,29494.0,0.02317,91113.0
1753600614431,07:16:54.431,phemex,ACH/USDT:USDT,0.02314,95243.0,0.02313,14317.0,0.02316,29494.0,0.02317,91113.0
1753600614446,07:16:54.446,phemex,ACH/USDT:USDT,0.02314,95243.0,0.02313,14317.0,0.02315,5465.0,0.02316,29494.0
1753600614473,07:16:54.473,phemex,ACH/USDT:USDT,0.02314,95243.0,0.02313,14317.0,0.02315,5465.0,0.02316,29494.0
1753600614487,07:16:54.487,phemex,ACH/USDT:USDT,0.02314,95243.0,0.02313,14317.0,0.02315,5465.0,0.02316,29494.0
1753600614518,07:16:54.518,phemex,ACH/USDT:USDT,0.02314,48770.0,0.02313,28623.0,0.02315,5465.0,0.02316,29494.0
1753600614674,07:16:54.674,phemex,ACH/USDT:USDT,0.02314,48770.0,0.02313,28623.0,0.02316,29494.0,0.02317,91113.0
1753600614727,07:16:54.727,phemex,ACH/USDT:USDT,0.02314,48770.0,0.02313,28623.0,0.02316,29494.0,0.02317,91113.0
1753600614727,07:16:54.727,phemex,ACH/USDT:USDT,0.02315,5465.0,0.02314,48770.0,0.02316,29494.0,0.02317,91113.0
1753600616812,07:16:56.812,phemex,ACH/USDT:USDT,0.02315,5465.0,0.02314,48770.0,0.02316,28944.0,0.02317,91113.0
1753600619657,07:16:59.657,phemex,ACH/USDT:USDT,0.02315,40034.0,0.02314,193015.0,0.02316,28944.0,0.02317,91113.0
1753600621619,07:17:01.619,phemex,ACH/USDT:USDT,0.02315,34569.0,0.02314,193015.0,0.02316,28944.0,0.02317,91113.0
1753600622307,07:17:02.307,phemex,ACH/USDT:USDT,0.02314,40015.0,0.02313,74059.0,0.02316,28944.0,0.02317,91113.0
1753600622430,07:17:02.430,phemex,ACH/USDT:USDT,0.02314,40015.0,0.02313,74059.0,0.02315,35719.0,0.02316,80836.0
1753600622538,07:17:02.538,phemex,ACH/USDT:USDT,0.02314,40015.0,0.02313,74059.0,0.02315,35719.0,0.02316,80836.0
1753600622538,07:17:02.538,phemex,ACH/USDT:USDT,0.02314,40015.0,0.02313,74059.0,0.02315,35719.0,0.02316,80836.0
1753600631297,07:17:11.297,phemex,ACH/USDT:USDT,0.02314,40015.0,0.02313,74059.0,0.02315,30258.0,0.02316,80836.0
1753600631723,07:17:11.723,phemex,ACH/USDT:USDT,0.02314,40015.0,0.02313,74059.0,0.02315,28208.0,0.02316,80836.0
1753600638697,07:17:18.697,phemex,ACH/USDT:USDT,0.02314,71405.0,0.02313,87240.0,0.02316,5391.0,0.02317,91113.0
1753600638743,07:17:18.743,phemex,ACH/USDT:USDT,0.02314,71405.0,0.02313,87240.0,0.02316,5391.0,0.02317,91113.0
1753600638778,07:17:18.778,phemex,ACH/USDT:USDT,0.02315,5600.0,0.02314,71405.0,0.02316,5391.0,0.02317,91113.0
1753600638977,07:17:18.977,phemex,ACH/USDT:USDT,0.02315,5600.0,0.02314,71405.0,0.02316,5391.0,0.02317,91113.0
1753600640023,07:17:20.023,phemex,ACH/USDT:USDT,0.02315,5600.0,0.02314,71405.0,0.02316,5391.0,0.02317,91113.0
1753600640077,07:17:20.077,phemex,ACH/USDT:USDT,0.02315,5600.0,0.02314,71405.0,0.02316,5391.0,0.02317,91113.0
1753600642330,07:17:22.330,phemex,ACH/USDT:USDT,0.02315,5600.0,0.02314,71405.0,0.02316,5391.0,0.02317,91113.0
1753600642342,07:17:22.342,phemex,ACH/USDT:USDT,0.02315,5600.0,0.02314,71405.0,0.02316,5391.0,0.02317,91113.0
1753600643994,07:17:23.994,phemex,ACH/USDT:USDT,0.02315,35574.0,0.02314,129425.0,0.02316,38947.0,0.02317,91113.0
1753600644678,07:17:24.678,phemex,ACH/USDT:USDT,0.02315,35574.0,0.02314,129425.0,0.02316,33556.0,0.02317,91113.0
1753600647131,07:17:27.131,phemex,ACH/USDT:USDT,0.02315,35574.0,0.02314,129425.0,0.02316,33556.0,0.02317,91113.0
1753600650305,07:17:30.305,phemex,ACH/USDT:USDT,0.02315,35574.0,0.02314,129425.0,0.02316,32156.0,0.02317,91113.0
1753600652294,07:17:32.294,phemex,ACH/USDT:USDT,0.02315,35574.0,0.02314,129425.0,0.02316,32156.0,0.02317,91113.0
1753600653585,07:17:33.585,phemex,ACH/USDT:USDT,0.02315,35574.0,0.02314,129425.0,0.02316,31426.0,0.02317,91113.0
1753600654791,07:17:34.791,phemex,ACH/USDT:USDT,0.02315,35574.0,0.02314,129425.0,0.02317,5391.0,0.02318,101132.0
1753600654833,07:17:34.833,phemex,ACH/USDT:USDT,0.02316,28399.0,0.02315,108023.0,0.02317,5391.0,0.02318,101132.0
1753600654873,07:17:34.873,phemex,ACH/USDT:USDT,0.02316,28399.0,0.02315,108023.0,0.02317,5391.0,0.02318,101132.0
1753600654898,07:17:34.898,phemex,ACH/USDT:USDT,0.02316,33964.0,0.02315,108023.0,0.02317,5391.0,0.02318,101132.0
1753600654937,07:17:34.937,phemex,ACH/USDT:USDT,0.02316,33964.0,0.02315,108023.0,0.02317,5391.0,0.02318,101132.0
1753600655805,07:17:35.805,phemex,ACH/USDT:USDT,0.02316,5565.0,0.02315,5600.0,0.02317,5391.0,0.02318,101132.0
1753600655824,07:17:35.824,phemex,ACH/USDT:USDT,0.02315,5600.0,0.02314,129425.0,0.02317,5391.0,0.02318,101132.0
1753600656932,07:17:36.932,phemex,ACH/USDT:USDT,0.02315,5600.0,0.02314,129425.0,0.02317,5391.0,0.02318,101132.0
1753600660364,07:17:40.364,phemex,ACH/USDT:USDT,0.02315,5600.0,0.02314,129425.0,0.02317,27467.0,0.02318,74080.0
1753600660937,07:17:40.937,phemex,ACH/USDT:USDT,0.02316,27827.0,0.02315,5600.0,0.02317,27467.0,0.02318,74080.0
1753600661730,07:17:41.730,phemex,ACH/USDT:USDT,0.02316,27827.0,0.02315,5600.0,0.02317,27467.0,0.02318,74080.0
1753600663311,07:17:43.311,phemex,ACH/USDT:USDT,0.02316,24792.0,0.02315,5600.0,0.02317,27467.0,0.02318,74080.0
1753600663319,07:17:43.319,phemex,ACH/USDT:USDT,0.02316,30291.0,0.02315,5600.0,0.02317,27467.0,0.02318,74080.0
1753600665393,07:17:45.393,phemex,ACH/USDT:USDT,0.02316,30291.0,0.02315,5600.0,0.02317,22076.0,0.02318,74080.0
1753600666523,07:17:46.523,phemex,ACH/USDT:USDT,0.02316,30291.0,0.02315,5600.0,0.02317,22076.0,0.02318,74080.0
1753600666530,07:17:46.530,phemex,ACH/USDT:USDT,0.02316,30291.0,0.02315,5600.0,0.02317,22076.0,0.02318,74080.0
1753600667466,07:17:47.466,phemex,ACH/USDT:USDT,0.02316,30291.0,0.02315,5600.0,0.02317,19691.0,0.02318,74080.0
1753600667505,07:17:47.505,phemex,ACH/USDT:USDT,0.02316,30291.0,0.02315,5600.0,0.02317,19691.0,0.02318,74080.0
1753600671330,07:17:51.330,phemex,ACH/USDT:USDT,0.02316,30291.0,0.02315,5600.0,0.02317,19691.0,0.02318,74080.0
1753600677829,07:17:57.829,phemex,ACH/USDT:USDT,0.02316,30291.0,0.02315,5600.0,0.02318,13143.0,0.02319,88366.0
1753600677841,07:17:57.841,phemex,ACH/USDT:USDT,0.02317,5599.0,0.02316,30291.0,0.02318,13143.0,0.02319,88366.0
1753600677843,07:17:57.843,phemex,ACH/USDT:USDT,0.02317,5599.0,0.02316,30291.0,0.02318,13143.0,0.02319,88366.0
1753600678156,07:17:58.156,phemex,ACH/USDT:USDT,0.02317,5599.0,0.02316,30291.0,0.02318,13143.0,0.02319,88366.0
1753600678165,07:17:58.165,phemex,ACH/USDT:USDT,0.02317,5599.0,0.02316,30291.0,0.02318,13143.0,0.02319,88366.0
1753600678701,07:17:58.701,phemex,ACH/USDT:USDT,0.02317,34456.0,0.02316,125402.0,0.02318,13143.0,0.02319,88366.0
1753600680350,07:18:00.350,phemex,ACH/USDT:USDT,0.02317,5599.0,0.02316,5499.0,0.02318,13143.0,0.02319,88366.0
1753600680379,07:18:00.379,phemex,ACH/USDT:USDT,0.02316,5499.0,0.02315,140191.0,0.02318,13143.0,0.02319,88366.0
1753600682834,07:18:02.834,phemex,ACH/USDT:USDT,0.02316,5499.0,0.02315,140191.0,0.02318,30306.0,0.02319,88366.0
1753600683797,07:18:03.797,phemex,ACH/USDT:USDT,0.02316,5499.0,0.02315,140191.0,0.02318,30306.0,0.02319,88366.0
1753600683797,07:18:03.797,phemex,ACH/USDT:USDT,0.02316,5499.0,0.02315,140191.0,0.02318,30306.0,0.02319,88366.0
1753600685515,07:18:05.515,phemex,ACH/USDT:USDT,0.02317,31172.0,0.02316,73607.0,0.02318,30306.0,0.02319,88366.0
1753600686302,07:18:06.302,phemex,ACH/USDT:USDT,0.02317,29622.0,0.02316,73607.0,0.02318,30306.0,0.02319,88366.0
1753600688134,07:18:08.134,phemex,ACH/USDT:USDT,0.02317,29622.0,0.02316,73607.0,0.02318,30306.0,0.02319,88366.0
1753600689976,07:18:09.976,phemex,ACH/USDT:USDT,0.02317,29622.0,0.02316,73607.0,0.02318,30306.0,0.02319,88366.0
1753600690007,07:18:10.007,phemex,ACH/USDT:USDT,0.02317,29622.0,0.02316,73607.0,0.02318,30306.0,0.02319,88366.0
1753600690101,07:18:10.101,phemex,ACH/USDT:USDT,0.02317,29622.0,0.02316,73607.0,0.02318,30306.0,0.02319,88366.0
1753600693461,07:18:13.461,phemex,ACH/USDT:USDT,0.02317,29347.0,0.02316,73607.0,0.02318,30306.0,0.02319,88366.0
1753600697385,07:18:17.385,phemex,ACH/USDT:USDT,0.02317,29347.0,0.02316,73607.0,0.02318,30306.0,0.02319,88366.0
1753600697392,07:18:17.392,phemex,ACH/USDT:USDT,0.02317,29347.0,0.02316,73607.0,0.02318,30306.0,0.02319,88366.0
1753600700789,07:18:20.789,phemex,ACH/USDT:USDT,0.02317,29282.0,0.02316,73607.0,0.02318,30306.0,0.02319,88366.0
1753600703267,07:18:23.267,phemex,ACH/USDT:USDT,0.02317,29282.0,0.02316,73607.0,0.02318,30306.0,0.02319,88366.0
1753600710097,07:18:30.097,phemex,ACH/USDT:USDT,0.02317,29282.0,0.02316,73607.0,0.02318,30306.0,0.02319,88366.0
1753600710103,07:18:30.103,phemex,ACH/USDT:USDT,0.02317,29282.0,0.02316,73607.0,0.02318,30306.0,0.02319,88366.0
1753600710856,07:18:30.856,phemex,ACH/USDT:USDT,0.02317,27782.0,0.02316,73607.0,0.02318,30306.0,0.02319,88366.0
1753600713170,07:18:33.170,phemex,ACH/USDT:USDT,0.02317,27782.0,0.02316,73607.0,0.02318,24838.0,0.02319,88366.0
1753600718046,07:18:38.046,phemex,ACH/USDT:USDT,0.02317,27782.0,0.02316,73607.0,0.02318,24222.0,0.02319,88366.0
1753600723420,07:18:43.420,phemex,ACH/USDT:USDT,0.02317,27782.0,0.02316,73607.0,0.02318,24222.0,0.02319,88366.0
1753600723446,07:18:43.446,phemex,ACH/USDT:USDT,0.02317,27782.0,0.02316,73607.0,0.02318,24222.0,0.02319,88366.0
1753600723515,07:18:43.515,phemex,ACH/USDT:USDT,0.02317,27782.0,0.02316,73607.0,0.02318,24222.0,0.02319,88366.0
1753600723534,07:18:43.534,phemex,ACH/USDT:USDT,0.02317,27782.0,0.02316,73607.0,0.02318,24222.0,0.02319,88366.0
1753600723623,07:18:43.623,phemex,ACH/USDT:USDT,0.02317,27782.0,0.02316,73607.0,0.02318,24222.0,0.02319,88366.0
1753600726460,07:18:46.460,phemex,ACH/USDT:USDT,0.02317,27782.0,0.02316,73607.0,0.02318,23892.0,0.02319,88366.0
1753600736338,07:18:56.338,phemex,ACH/USDT:USDT,0.02317,27547.0,0.02316,73607.0,0.02318,23892.0,0.02319,88366.0
1753600736346,07:18:56.346,phemex,ACH/USDT:USDT,0.02317,33110.0,0.02316,73607.0,0.02318,23892.0,0.02319,88366.0
1753600740555,07:19:00.555,phemex,ACH/USDT:USDT,0.02317,33110.0,0.02316,73607.0,0.02319,5538.0,0.0232,90524.0
1753600740581,07:19:00.581,phemex,ACH/USDT:USDT,0.02318,5370.0,0.02317,33110.0,0.02319,5538.0,0.0232,81904.0
1753600740670,07:19:00.670,phemex,ACH/USDT:USDT,0.02318,5370.0,0.02317,33110.0,0.02319,5538.0,0.0232,81904.0
1753600740807,07:19:00.807,phemex,ACH/USDT:USDT,0.02318,26821.0,0.02317,83227.0,0.02319,5538.0,0.0232,81904.0
1753600742468,07:19:02.468,phemex,ACH/USDT:USDT,0.02318,5370.0,0.02317,5563.0,0.02319,5538.0,0.0232,81904.0
1753600742495,07:19:02.495,phemex,ACH/USDT:USDT,0.02317,5563.0,0.02316,73607.0,0.02319,5538.0,0.0232,81904.0
1753600742495,07:19:02.495,phemex,ACH/USDT:USDT,0.02317,5563.0,0.02316,73607.0,0.02319,5538.0,0.0232,81904.0
1753600744139,07:19:04.139,phemex,ACH/USDT:USDT,0.02317,5563.0,0.02316,73607.0,0.02319,5538.0,0.0232,81904.0
1753600745707,07:19:05.707,phemex,ACH/USDT:USDT,0.02317,5563.0,0.02316,73607.0,0.02318,22864.0,0.02319,101631.0
1753600748947,07:19:08.947,phemex,ACH/USDT:USDT,0.02317,5563.0,0.02316,73607.0,0.02318,22484.0,0.02319,101631.0
1753600749981,07:19:09.981,phemex,ACH/USDT:USDT,0.02317,5563.0,0.02316,73607.0,0.02318,22484.0,0.02319,101631.0
1753600750007,07:19:10.007,phemex,ACH/USDT:USDT,0.02317,5563.0,0.02316,73607.0,0.02318,22484.0,0.02319,101631.0
1753600750065,07:19:10.065,phemex,ACH/USDT:USDT,0.02317,5563.0,0.02316,107980.0,0.02318,22484.0,0.02319,101631.0
1753600756245,07:19:16.245,phemex,ACH/USDT:USDT,0.02317,29991.0,0.02316,118654.0,0.02319,5538.0,0.0232,96627.0
1753600756268,07:19:16.268,phemex,ACH/USDT:USDT,0.02318,5589.0,0.02317,29991.0,0.02319,5538.0,0.0232,96627.0
1753600756559,07:19:16.559,phemex,ACH/USDT:USDT,0.02318,5589.0,0.02317,29991.0,0.02319,5538.0,0.0232,96627.0
1753600756566,07:19:16.566,phemex,ACH/USDT:USDT,0.02318,5589.0,0.02317,29991.0,0.02319,5538.0,0.0232,96627.0
1753600759479,07:19:19.479,phemex,ACH/USDT:USDT,0.02317,29991.0,0.02316,118654.0,0.02319,5538.0,0.0232,96627.0
1753600760338,07:19:20.338,phemex,ACH/USDT:USDT,0.02317,29991.0,0.02316,118654.0,0.02319,5538.0,0.0232,96627.0
1753600761403,07:19:21.403,phemex,ACH/USDT:USDT,0.02318,5543.0,0.02317,29991.0,0.02319,5538.0,0.0232,96627.0
1753600762479,07:19:22.479,phemex,ACH/USDT:USDT,0.02318,31628.0,0.02317,104611.0,0.02319,31664.0,0.0232,96627.0
1753600762515,07:19:22.515,phemex,ACH/USDT:USDT,0.02318,31628.0,0.02317,104611.0,0.02319,31664.0,0.0232,96627.0
1753600765134,07:19:25.134,phemex,ACH/USDT:USDT,0.02318,31628.0,0.02317,104611.0,0.02319,31664.0,0.0232,96627.0
1753600765995,07:19:25.995,phemex,ACH/USDT:USDT,0.02318,31628.0,0.02317,104611.0,0.02319,26126.0,0.0232,96627.0
1753600766542,07:19:26.542,phemex,ACH/USDT:USDT,0.02318,31628.0,0.02317,104611.0,0.02319,25019.0,0.0232,96627.0
1753600766696,07:19:26.696,phemex,ACH/USDT:USDT,0.02318,31628.0,0.02317,104611.0,0.0232,5394.0,0.02321,117646.0
1753600766728,07:19:26.728,phemex,ACH/USDT:USDT,0.02318,31628.0,0.02317,104611.0,0.0232,5394.0,0.02321,117646.0
1753600766743,07:19:26.743,phemex,ACH/USDT:USDT,0.02319,5543.0,0.02318,31628.0,0.0232,5394.0,0.02321,117646.0
1753600767002,07:19:27.002,phemex,ACH/USDT:USDT,0.02319,5543.0,0.02318,31628.0,0.0232,5394.0,0.02321,117646.0
1753600767215,07:19:27.215,phemex,ACH/USDT:USDT,0.02319,5543.0,0.02318,31628.0,0.0232,5394.0,0.02321,5475.0
1753600767287,07:19:27.287,phemex,ACH/USDT:USDT,0.02319,5543.0,0.02318,31628.0,0.02321,5475.0,0.02322,73887.0
1753600767313,07:19:27.313,phemex,ACH/USDT:USDT,0.02319,5543.0,0.02318,31628.0,0.02321,5475.0,0.02322,73887.0
1753600767374,07:19:27.374,phemex,ACH/USDT:USDT,0.02319,5543.0,0.02318,31628.0,0.02321,5475.0,0.02322,73887.0
1753600768012,07:19:28.012,phemex,ACH/USDT:USDT,0.02319,36530.0,0.02318,75086.0,0.02321,5475.0,0.02322,73887.0
1753600768207,07:19:28.207,phemex,ACH/USDT:USDT,0.0232,5543.0,0.02319,36530.0,0.02321,5475.0,0.02322,73887.0
1753600768232,07:19:28.232,phemex,ACH/USDT:USDT,0.0232,5543.0,0.02319,36530.0,0.02321,5475.0,0.02322,73887.0
1753600768361,07:19:28.361,phemex,ACH/USDT:USDT,0.02319,36530.0,0.02318,75086.0,0.02321,5475.0,0.02322,73887.0
1753600768467,07:19:28.467,phemex,ACH/USDT:USDT,0.0232,5543.0,0.02319,36530.0,0.02321,5475.0,0.02322,73887.0
1753600768514,07:19:28.514,phemex,ACH/USDT:USDT,0.02319,36530.0,0.02318,75086.0,0.02321,5475.0,0.02322,73887.0
1753600769084,07:19:29.084,phemex,ACH/USDT:USDT,0.0232,5556.0,0.02319,36530.0,0.02321,5475.0,0.02322,73887.0
1753600769664,07:19:29.664,phemex,ACH/USDT:USDT,0.0232,5556.0,0.02319,70886.0,0.02322,5442.0,0.02323,5545.0
1753600769679,07:19:29.679,phemex,ACH/USDT:USDT,0.0232,5556.0,0.02319,70886.0,0.02323,5545.0,0.02324,89584.0
1753600769718,07:19:29.718,phemex,ACH/USDT:USDT,0.0232,5556.0,0.02319,70886.0,0.02323,5545.0,0.02324,89584.0
1753600769894,07:19:29.894,phemex,ACH/USDT:USDT,0.0232,5556.0,0.02319,70886.0,0.02323,5545.0,0.02324,89584.0
1753600769934,07:19:29.934,phemex,ACH/USDT:USDT,0.0232,5556.0,0.02319,70886.0,0.02323,5545.0,0.02324,89584.0
1753600773476,07:19:33.476,phemex,ACH/USDT:USDT,0.02321,30644.0,0.0232,84757.0,0.02323,5545.0,0.02324,89584.0
1753600774736,07:19:34.736,phemex,ACH/USDT:USDT,0.02321,30644.0,0.0232,84757.0,0.02323,5545.0,0.02324,89584.0
1753600775567,07:19:35.567,phemex,ACH/USDT:USDT,0.02321,30644.0,0.0232,84757.0,0.02322,31393.0,0.02323,16992.0
1753600777007,07:19:37.007,phemex,ACH/USDT:USDT,0.02321,4394.0,0.0232,84757.0,0.02322,31393.0,0.02323,16992.0
1753600777014,07:19:37.014,phemex,ACH/USDT:USDT,0.02321,4394.0,0.0232,84757.0,0.02322,31393.0,0.02323,16992.0
1753600777015,07:19:37.015,phemex,ACH/USDT:USDT,0.02321,9950.0,0.0232,84757.0,0.02322,31393.0,0.02323,16992.0
1753600782917,07:19:42.917,phemex,ACH/USDT:USDT,0.02321,4394.0,0.0232,84757.0,0.02322,31393.0,0.02323,16992.0
1753600783361,07:19:43.361,phemex,ACH/USDT:USDT,0.0232,14748.0,0.02319,111975.0,0.02322,31393.0,0.02323,16992.0
1753600783383,07:19:43.383,phemex,ACH/USDT:USDT,0.0232,14748.0,0.02319,111975.0,0.02321,5415.0,0.02322,31393.0
1753600783474,07:19:43.474,phemex,ACH/USDT:USDT,0.0232,14748.0,0.02319,111975.0,0.02321,5415.0,0.02322,36808.0
1753600783519,07:19:43.519,phemex,ACH/USDT:USDT,0.0232,14748.0,0.02319,111975.0,0.02321,33779.0,0.02322,174282.0
1753600783591,07:19:43.591,phemex,ACH/USDT:USDT,0.0232,14748.0,0.02319,111975.0,0.02321,5415.0,0.02322,5415.0
1753600783654,07:19:43.654,phemex,ACH/USDT:USDT,0.0232,14748.0,0.02319,111975.0,0.02322,5415.0,0.02323,16992.0
1753600783702,07:19:43.702,phemex,ACH/USDT:USDT,0.0232,14748.0,0.02319,111975.0,0.02322,5415.0,0.02323,16992.0
1753600783793,07:19:43.793,phemex,ACH/USDT:USDT,0.0232,14748.0,0.02319,111975.0,0.02322,5415.0,0.02323,16992.0
1753600787836,07:19:47.836,phemex,ACH/USDT:USDT,0.0232,14748.0,0.02319,111975.0,0.02322,5415.0,0.02323,16992.0
1753600790944,07:19:50.944,phemex,ACH/USDT:USDT,0.0232,33825.0,0.02319,111975.0,0.02321,24278.0,0.02322,100597.0
1753600793491,07:19:53.491,phemex,ACH/USDT:USDT,0.02321,7501.0,0.0232,33825.0,0.02322,13415.0,0.02323,93694.0
1753600793510,07:19:53.510,phemex,ACH/USDT:USDT,0.02321,7501.0,0.0232,33825.0,0.02322,13415.0,0.02323,93694.0
1753600793722,07:19:53.722,phemex,ACH/USDT:USDT,0.02321,6451.0,0.0232,33825.0,0.02322,13415.0,0.02323,93694.0
1753600793794,07:19:53.794,phemex,ACH/USDT:USDT,0.02321,11833.0,0.0232,33825.0,0.02322,13415.0,0.02323,93694.0
1753600798320,07:19:58.320,phemex,ACH/USDT:USDT,0.02321,31609.0,0.0232,72090.0,0.02322,13415.0,0.02323,93694.0
1753600801458,07:20:01.458,phemex,ACH/USDT:USDT,0.02321,31369.0,0.0232,72090.0,0.02322,13415.0,0.02323,93694.0
1753600803845,07:20:03.845,phemex,ACH/USDT:USDT,0.02321,25987.0,0.0232,72090.0,0.02322,13415.0,0.02323,93694.0
1753600803845,07:20:03.845,phemex,ACH/USDT:USDT,0.02321,25987.0,0.0232,72090.0,0.02322,13415.0,0.02323,93694.0
1753600808883,07:20:08.883,phemex,ACH/USDT:USDT,0.02321,25807.0,0.0232,72090.0,0.02322,13415.0,0.02323,93694.0
1753600810962,07:20:10.962,phemex,ACH/USDT:USDT,0.02321,31184.0,0.0232,72090.0,0.02323,12345.0,0.02324,158063.0
1753600810969,07:20:10.969,phemex,ACH/USDT:USDT,0.02322,27799.0,0.02321,105457.0,0.02323,12345.0,0.02324,158063.0
1753600810987,07:20:10.987,phemex,ACH/USDT:USDT,0.02322,27799.0,0.02321,114073.0,0.02323,5545.0,0.02324,5449.0
1753600811008,07:20:11.008,phemex,ACH/USDT:USDT,0.02322,27799.0,0.02321,114073.0,0.02324,5449.0,0.02325,64832.0
1753600811029,07:20:11.029,phemex,ACH/USDT:USDT,0.02322,27799.0,0.02321,114073.0,0.02324,5449.0,0.02325,64832.0
1753600811119,07:20:11.119,phemex,ACH/USDT:USDT,0.02322,27799.0,0.02321,114073.0,0.02324,5449.0,0.02325,64832.0
1753600812683,07:20:12.683,phemex,ACH/USDT:USDT,0.02322,10424.0,0.02321,114073.0,0.02324,5449.0,0.02325,64832.0
1753600814329,07:20:14.329,phemex,ACH/USDT:USDT,0.02322,10424.0,0.02321,114073.0,0.02324,5449.0,0.02325,64832.0
1753600814343,07:20:14.343,phemex,ACH/USDT:USDT,0.02322,10424.0,0.02321,114073.0,0.02324,5449.0,0.02325,64832.0
1753600816363,07:20:16.363,phemex,ACH/USDT:USDT,0.02322,16498.0,0.02321,114073.0,0.02323,25469.0,0.02324,100800.0
1753600818443,07:20:18.443,phemex,ACH/USDT:USDT,0.02322,16498.0,0.02321,114073.0,0.02323,25469.0,0.02324,100800.0
1753600818455,07:20:18.455,phemex,ACH/USDT:USDT,0.02322,50826.0,0.02321,114073.0,0.02323,25469.0,0.02324,100800.0
1753600819137,07:20:19.137,phemex,ACH/USDT:USDT,0.02322,50826.0,0.02321,114073.0,0.02323,25469.0,0.02324,100800.0
1753600821492,07:20:21.492,phemex,ACH/USDT:USDT,0.02322,50626.0,0.02321,114073.0,0.02323,25469.0,0.02324,100800.0
1753600823930,07:20:23.930,phemex,ACH/USDT:USDT,0.02322,50626.0,0.02321,114073.0,0.02323,25469.0,0.02324,100800.0
1753600823991,07:20:23.991,phemex,ACH/USDT:USDT,0.02322,50626.0,0.02321,114073.0,0.02323,25373.0,0.02324,100800.0
1753600824046,07:20:24.046,phemex,ACH/USDT:USDT,0.02322,50626.0,0.02321,114073.0,0.02323,25373.0,0.02324,100800.0
1753600830382,07:20:30.382,phemex,ACH/USDT:USDT,0.02322,50626.0,0.02321,114073.0,0.02323,30784.0,0.02324,100800.0
1753600830439,07:20:30.439,phemex,ACH/USDT:USDT,0.02322,50626.0,0.02321,114073.0,0.02323,30784.0,0.02324,100800.0
1753600831259,07:20:31.259,phemex,ACH/USDT:USDT,0.02322,49636.0,0.02321,114073.0,0.02323,30784.0,0.02324,100800.0
1753600832390,07:20:32.390,phemex,ACH/USDT:USDT,0.02322,49536.0,0.02321,114073.0,0.02323,30784.0,0.02324,100800.0
1753600833391,07:20:33.391,phemex,ACH/USDT:USDT,0.02322,44159.0,0.02321,114073.0,0.02323,30784.0,0.02324,100800.0
1753600834251,07:20:34.251,phemex,ACH/USDT:USDT,0.02322,44159.0,0.02321,114073.0,0.02323,30429.0,0.02324,100800.0
1753600834739,07:20:34.739,phemex,ACH/USDT:USDT,0.02322,44159.0,0.02321,114073.0,0.02323,30429.0,0.02324,100800.0
1753600839858,07:20:39.858,phemex,ACH/USDT:USDT,0.02322,43994.0,0.02321,114073.0,0.02323,30429.0,0.02324,100800.0
1753600843621,07:20:43.621,phemex,ACH/USDT:USDT,0.02322,43994.0,0.02321,114073.0,0.02323,30279.0,0.02324,100800.0
1753600843821,07:20:43.821,phemex,ACH/USDT:USDT,0.02322,37920.0,0.02321,13993.0,0.02323,30279.0,0.02324,100800.0
1753600843821,07:20:43.821,phemex,ACH/USDT:USDT,0.02322,34328.0,0.02321,13993.0,0.02323,30279.0,0.02324,100800.0
1753600849195,07:20:49.195,phemex,ACH/USDT:USDT,0.02322,34328.0,0.02321,5377.0,0.02323,30279.0,0.02324,100800.0
1753600851735,07:20:51.735,phemex,ACH/USDT:USDT,0.02322,34328.0,0.02321,5377.0,0.02323,30279.0,0.02324,100800.0
1753600853601,07:20:53.601,phemex,ACH/USDT:USDT,0.02322,34328.0,0.02321,5377.0,0.02323,29429.0,0.02324,100800.0
1753600861941,07:21:01.941,phemex,ACH/USDT:USDT,0.02322,34328.0,0.02321,5377.0,0.02323,29429.0,0.02324,100800.0
1753600861950,07:21:01.950,phemex,ACH/USDT:USDT,0.02322,34328.0,0.02321,5377.0,0.02323,29429.0,0.02324,100800.0
1753600862388,07:21:02.388,phemex,ACH/USDT:USDT,0.02322,34328.0,0.02321,5377.0,0.02323,29153.0,0.02324,100800.0
1753600862388,07:21:02.388,phemex,ACH/USDT:USDT,0.02322,34328.0,0.02321,5377.0,0.02323,29153.0,0.02324,100800.0
1753600868240,07:21:08.240,phemex,ACH/USDT:USDT,0.02322,34328.0,0.02321,5377.0,0.02323,29153.0,0.02324,100800.0
1753600868263,07:21:08.263,phemex,ACH/USDT:USDT,0.02321,5377.0,0.0232,72090.0,0.02323,29153.0,0.02324,100800.0
1753600868297,07:21:08.297,phemex,ACH/USDT:USDT,0.02321,5377.0,0.0232,72090.0,0.02322,5490.0,0.02323,29153.0
1753600868363,07:21:08.363,phemex,ACH/USDT:USDT,0.02321,5377.0,0.0232,72090.0,0.02322,5490.0,0.02323,29153.0
1753600868723,07:21:08.723,phemex,ACH/USDT:USDT,0.02321,5377.0,0.0232,5556.0,0.02322,25901.0,0.02323,75220.0
1753600868739,07:21:08.739,phemex,ACH/USDT:USDT,0.0232,5556.0,0.02319,88609.0,0.02322,25901.0,0.02323,75220.0
1753600874123,07:21:14.123,phemex,ACH/USDT:USDT,0.0232,35572.0,0.02319,100609.0,0.02321,29738.0,0.02322,104255.0
1753600874747,07:21:14.747,phemex,ACH/USDT:USDT,0.0232,35572.0,0.02319,100609.0,0.02321,29738.0,0.02322,104255.0
1753600874758,07:21:14.758,phemex,ACH/USDT:USDT,0.0232,35572.0,0.02319,100609.0,0.02321,29738.0,0.02322,104255.0
1753600875310,07:21:15.310,phemex,ACH/USDT:USDT,0.0232,35572.0,0.02319,100609.0,0.02321,29018.0,0.02322,104255.0
1753600875499,07:21:15.499,phemex,ACH/USDT:USDT,0.0232,35572.0,0.02319,100609.0,0.02322,5490.0,0.02323,75220.0
1753600875551,07:21:15.551,phemex,ACH/USDT:USDT,0.02321,5455.0,0.0232,35572.0,0.02322,5490.0,0.02323,75220.0
1753600876647,07:21:16.647,phemex,ACH/USDT:USDT,0.02321,5455.0,0.0232,35572.0,0.02323,75220.0,0.02324,88692.0
1753600876711,07:21:16.711,phemex,ACH/USDT:USDT,0.02321,5455.0,0.0232,35572.0,0.02323,75220.0,0.02324,88692.0
1753600876963,07:21:16.963,phemex,ACH/USDT:USDT,0.02321,5455.0,0.0232,35572.0,0.02323,75220.0,0.02324,88692.0
1753600877113,07:21:17.113,phemex,ACH/USDT:USDT,0.02321,5455.0,0.0232,35572.0,0.02322,5455.0,0.02323,75220.0
1753600879503,07:21:19.503,phemex,ACH/USDT:USDT,0.02321,33111.0,0.0232,117031.0,0.02322,5455.0,0.02323,75220.0
1753600886566,07:21:26.566,phemex,ACH/USDT:USDT,0.02321,33111.0,0.0232,117031.0,0.02322,5455.0,0.02323,75220.0
1753600891714,07:21:31.714,phemex,ACH/USDT:USDT,0.0232,5556.0,0.02319,87523.0,0.02322,36625.0,0.02323,75220.0
1753600899186,07:21:39.186,phemex,ACH/USDT:USDT,0.0232,29723.0,0.02319,87523.0,0.02321,22730.0,0.02322,74956.0
1753600900191,07:21:40.191,phemex,ACH/USDT:USDT,0.0232,29723.0,0.02319,87523.0,0.02322,5455.0,0.02323,75220.0
1753600900242,07:21:40.242,phemex,ACH/USDT:USDT,0.0232,29723.0,0.02319,87523.0,0.02322,5455.0,0.02323,75220.0
1753600902163,07:21:42.163,phemex,ACH/USDT:USDT,0.0232,29723.0,0.02319,87523.0,0.02322,5455.0,0.02323,75220.0
1753600906642,07:21:46.642,phemex,ACH/USDT:USDT,0.0232,29723.0,0.02319,87523.0,0.02321,24391.0,0.02322,99671.0
1753600910988,07:21:50.988,phemex,ACH/USDT:USDT,0.0232,29723.0,0.02319,87523.0,0.02321,24391.0,0.02322,99671.0
1753600911017,07:21:51.017,phemex,ACH/USDT:USDT,0.0232,29723.0,0.02319,87523.0,0.02321,24391.0,0.02322,99671.0
1753600911052,07:21:51.052,phemex,ACH/USDT:USDT,0.0232,29723.0,0.02319,87523.0,0.02321,20811.0,0.02322,99671.0
1753600911093,07:21:51.093,phemex,ACH/USDT:USDT,0.0232,29723.0,0.02319,121832.0,0.02321,20811.0,0.02322,99671.0
1753600918000,07:21:58.000,phemex,ACH/USDT:USDT,0.0232,29723.0,0.02319,121832.0,0.02321,19305.0,0.02322,99671.0
1753600921213,07:22:01.213,phemex,ACH/USDT:USDT,0.0232,29723.0,0.02319,121832.0,0.02321,24846.0,0.02322,99671.0
1753600922492,07:22:02.492,phemex,ACH/USDT:USDT,0.0232,29723.0,0.02319,121832.0,0.02321,24846.0,0.02322,99671.0
1753600925069,07:22:05.069,phemex,ACH/USDT:USDT,0.0232,29723.0,0.02319,121832.0,0.02321,24681.0,0.02322,99671.0
1753600926287,07:22:06.287,phemex,ACH/USDT:USDT,0.02319,39852.0,0.02318,70893.0,0.02321,24681.0,0.02322,99671.0
1753600926296,07:22:06.296,phemex,ACH/USDT:USDT,0.02319,39852.0,0.02318,70893.0,0.02321,24681.0,0.02322,99671.0
1753600926355,07:22:06.355,phemex,ACH/USDT:USDT,0.02319,39852.0,0.02318,70893.0,0.0232,5541.0,0.02321,24681.0
1753600926552,07:22:06.552,phemex,ACH/USDT:USDT,0.02319,39852.0,0.02318,70893.0,0.02321,24681.0,0.02322,99671.0
1753600926585,07:22:06.585,phemex,ACH/USDT:USDT,0.02319,39852.0,0.02318,70893.0,0.02321,24681.0,0.02322,99671.0
1753600929736,07:22:09.736,phemex,ACH/USDT:USDT,0.02319,39852.0,0.02318,70893.0,0.02321,24681.0,0.02322,99671.0
1753600929744,07:22:09.744,phemex,ACH/USDT:USDT,0.02319,39852.0,0.02318,70893.0,0.02321,24681.0,0.02322,99671.0
1753600932120,07:22:12.120,phemex,ACH/USDT:USDT,0.0232,5499.0,0.02319,39852.0,0.02321,24681.0,0.02322,99671.0
1753600932229,07:22:12.229,phemex,ACH/USDT:USDT,0.02319,39852.0,0.02318,70893.0,0.02321,24681.0,0.02322,99671.0
1753600933445,07:22:13.445,phemex,ACH/USDT:USDT,0.02319,69390.0,0.02318,156050.0,0.0232,32941.0,0.02321,116004.0
1753600934529,07:22:14.529,phemex,ACH/USDT:USDT,0.02319,69390.0,0.02318,156050.0,0.0232,29927.0,0.02321,116004.0
1753600934556,07:22:14.556,phemex,ACH/USDT:USDT,0.02319,69390.0,0.02318,156050.0,0.0232,29927.0,0.02321,116004.0
1753600936125,07:22:16.125,phemex,ACH/USDT:USDT,0.02319,69390.0,0.02318,156050.0,0.02322,111500.0,0.02323,64465.0
1753600936143,07:22:16.143,phemex,ACH/USDT:USDT,0.0232,5499.0,0.02319,69390.0,0.02321,5499.0,0.02322,111500.0
1753600936226,07:22:16.226,phemex,ACH/USDT:USDT,0.0232,5499.0,0.02319,69390.0,0.02321,5499.0,0.02322,111500.0
1753600938786,07:22:18.786,phemex,ACH/USDT:USDT,0.0232,36588.0,0.02319,140370.0,0.02321,5499.0,0.02322,111500.0
1753600939345,07:22:19.345,phemex,ACH/USDT:USDT,0.0232,36588.0,0.02319,140370.0,0.02321,5499.0,0.02322,111500.0
1753600943940,07:22:23.940,phemex,ACH/USDT:USDT,0.0232,36588.0,0.02319,140370.0,0.02322,111500.0,0.02323,64465.0
1753600943959,07:22:23.959,phemex,ACH/USDT:USDT,0.0232,36588.0,0.02319,140370.0,0.02322,111500.0,0.02323,64465.0
1753600944030,07:22:24.030,phemex,ACH/USDT:USDT,0.0232,36588.0,0.02319,140370.0,0.02321,5474.0,0.02322,111500.0
1753600955631,07:22:35.631,phemex,ACH/USDT:USDT,0.0232,36588.0,0.02319,140370.0,0.02322,111500.0,0.02323,64465.0
1753600955668,07:22:35.668,phemex,ACH/USDT:USDT,0.0232,36588.0,0.02319,140370.0,0.02322,111500.0,0.02323,64465.0
1753600956455,07:22:36.455,phemex,ACH/USDT:USDT,0.02321,5455.0,0.0232,36588.0,0.02322,111500.0,0.02323,64465.0
1753600958899,07:22:38.899,phemex,ACH/USDT:USDT,0.02321,29978.0,0.0232,92925.0,0.02322,5455.0,0.02323,78753.0
1753600959041,07:22:39.041,phemex,ACH/USDT:USDT,0.02321,29978.0,0.0232,92925.0,0.02322,5455.0,0.02323,78753.0
1753600966325,07:22:46.325,phemex,ACH/USDT:USDT,0.02321,24523.0,0.0232,92925.0,0.02322,5455.0,0.02323,78753.0
1753600967016,07:22:47.016,phemex,ACH/USDT:USDT,0.0232,5499.0,0.02319,214898.0,0.02322,27269.0,0.02323,78753.0
1753600967036,07:22:47.036,phemex,ACH/USDT:USDT,0.0232,5499.0,0.02319,214898.0,0.02321,5403.0,0.02322,27269.0
1753600967229,07:22:47.229,phemex,ACH/USDT:USDT,0.0232,5499.0,0.02319,214898.0,0.02321,5403.0,0.02322,27269.0
1753600967237,07:22:47.237,phemex,ACH/USDT:USDT,0.0232,5499.0,0.02319,214898.0,0.02321,5403.0,0.02322,27269.0
1753600970967,07:22:50.967,phemex,ACH/USDT:USDT,0.0232,5499.0,0.02319,214898.0,0.02321,5403.0,0.02322,27269.0
1753600972249,07:22:52.249,phemex,ACH/USDT:USDT,0.0232,33165.0,0.02319,59060.0,0.02321,37337.0,0.02322,97814.0
1753600975765,07:22:55.765,phemex,ACH/USDT:USDT,0.0232,33165.0,0.02319,59060.0,0.02321,37337.0,0.02322,97814.0
1753600981783,07:23:01.783,phemex,ACH/USDT:USDT,0.0232,33165.0,0.02319,59060.0,0.02321,37337.0,0.02322,97814.0
1753600981783,07:23:01.783,phemex,ACH/USDT:USDT,0.0232,33165.0,0.02319,59060.0,0.02321,37337.0,0.02322,97814.0
1753601010174,07:23:30.174,phemex,ACH/USDT:USDT,0.0232,27666.0,0.02319,59060.0,0.02321,37337.0,0.02322,97814.0
1753601010236,07:23:30.236,phemex,ACH/USDT:USDT,0.0232,27666.0,0.02319,59060.0,0.02321,37337.0,0.02322,97814.0
1753601010358,07:23:30.358,phemex,ACH/USDT:USDT,0.0232,22791.0,0.02319,59060.0,0.02321,37337.0,0.02322,97814.0
1753601012297,07:23:32.297,phemex,ACH/USDT:USDT,0.0232,22314.0,0.02319,59060.0,0.02321,37337.0,0.02322,97814.0
1753601012652,07:23:32.652,phemex,ACH/USDT:USDT,0.02319,55120.0,0.02318,102113.0,0.02321,37337.0,0.02322,97814.0
1753601012679,07:23:32.679,phemex,ACH/USDT:USDT,0.02319,55120.0,0.02318,102113.0,0.0232,5548.0,0.02321,37337.0
1753601013365,07:23:33.365,phemex,ACH/USDT:USDT,0.02319,55120.0,0.02318,102113.0,0.0232,36106.0,0.02321,88501.0
1753601014053,07:23:34.053,phemex,ACH/USDT:USDT,0.02319,55120.0,0.02318,102113.0,0.0232,36106.0,0.02321,88501.0
1753601020821,07:23:40.821,phemex,ACH/USDT:USDT,0.02319,49577.0,0.02318,102113.0,0.0232,36106.0,0.02321,88501.0
1753601020973,07:23:40.973,phemex,ACH/USDT:USDT,0.02319,34309.0,0.02318,5543.0,0.0232,36106.0,0.02321,88501.0
1753601021033,07:23:41.033,phemex,ACH/USDT:USDT,0.02319,34309.0,0.02318,5543.0,0.0232,36106.0,0.02321,88501.0
1753601022056,07:23:42.056,phemex,ACH/USDT:USDT,0.02319,34309.0,0.02318,5543.0,0.0232,36106.0,0.02321,88501.0
1753601022137,07:23:42.137,phemex,ACH/USDT:USDT,0.02318,5543.0,0.02317,79561.0,0.0232,36106.0,0.02321,88501.0
1753601022160,07:23:42.160,phemex,ACH/USDT:USDT,0.02317,79561.0,0.02316,81225.0,0.02319,26075.0,0.0232,84491.0
1753601022176,07:23:42.176,phemex,ACH/USDT:USDT,0.02317,79561.0,0.02316,81225.0,0.02319,31489.0,0.0232,84491.0
1753601022229,07:23:42.229,phemex,ACH/USDT:USDT,0.02317,79561.0,0.02316,81225.0,0.02319,31489.0,0.0232,84491.0
1753601022242,07:23:42.242,phemex,ACH/USDT:USDT,0.02317,79561.0,0.02316,81225.0,0.02319,31489.0,0.0232,84491.0
1753601022386,07:23:42.386,phemex,ACH/USDT:USDT,0.02317,113838.0,0.02316,81225.0,0.02319,31489.0,0.0232,84491.0
1753601022451,07:23:42.451,phemex,ACH/USDT:USDT,0.02317,113838.0,0.02316,81225.0,0.02318,5414.0,0.02319,31489.0
1753601023796,07:23:43.796,phemex,ACH/USDT:USDT,0.02317,113838.0,0.02316,81225.0,0.02318,5414.0,0.02319,31489.0
1753601023853,07:23:43.853,phemex,ACH/USDT:USDT,0.02317,113838.0,0.02316,81225.0,0.02318,5414.0,0.02319,31489.0
1753601024961,07:23:44.961,phemex,ACH/USDT:USDT,0.02317,39840.0,0.02316,92142.0,0.02318,5414.0,0.02319,31489.0
1753601025020,07:23:45.020,phemex,ACH/USDT:USDT,0.02317,39840.0,0.02316,92142.0,0.02318,5414.0,0.02319,31489.0
1753601025046,07:23:45.046,phemex,ACH/USDT:USDT,0.02317,39840.0,0.02316,92142.0,0.02318,5414.0,0.02319,31489.0
1753601027260,07:23:47.260,phemex,ACH/USDT:USDT,0.02317,39840.0,0.02316,92142.0,0.02318,31212.0,0.02319,80158.0
1753601027283,07:23:47.283,phemex,ACH/USDT:USDT,0.02317,39840.0,0.02316,92142.0,0.02318,31212.0,0.02319,80158.0
1753601028358,07:23:48.358,phemex,ACH/USDT:USDT,0.02317,34277.0,0.02316,5499.0,0.02318,31212.0,0.02319,80158.0
1753601028527,07:23:48.527,phemex,ACH/USDT:USDT,0.02316,5499.0,0.02315,99259.0,0.02318,31212.0,0.02319,80158.0
1753601028633,07:23:48.633,phemex,ACH/USDT:USDT,0.02316,39785.0,0.02315,99259.0,0.02317,5623.0,0.02318,31212.0
1753601029231,07:23:49.231,phemex,ACH/USDT:USDT,0.02316,39785.0,0.02315,99259.0,0.02318,31212.0,0.02319,80158.0
1753601029265,07:23:49.265,phemex,ACH/USDT:USDT,0.02317,5623.0,0.02316,48420.0,0.02318,31212.0,0.02319,80158.0
1753601029375,07:23:49.375,phemex,ACH/USDT:USDT,0.02317,5623.0,0.02316,48420.0,0.02318,31212.0,0.02319,80158.0
1753601029773,07:23:49.773,phemex,ACH/USDT:USDT,0.02317,5623.0,0.02316,48420.0,0.02318,31212.0,0.02319,80158.0
1753601033450,07:23:53.450,phemex,ACH/USDT:USDT,0.02317,40635.0,0.02316,138725.0,0.02318,31212.0,0.02319,80158.0
1753601033467,07:23:53.467,phemex,ACH/USDT:USDT,0.02317,40635.0,0.02316,138725.0,0.02318,31212.0,0.02319,80158.0
1753601034577,07:23:54.577,phemex,ACH/USDT:USDT,0.02317,40635.0,0.02316,138725.0,0.02318,31212.0,0.02319,80158.0
1753601038177,07:23:58.177,phemex,ACH/USDT:USDT,0.02317,40635.0,0.02316,138725.0,0.02318,25798.0,0.02319,80158.0
1753601039064,07:23:59.064,phemex,ACH/USDT:USDT,0.02317,40635.0,0.02316,138725.0,0.02318,22553.0,0.02319,80158.0
1753601039377,07:23:59.377,phemex,ACH/USDT:USDT,0.02317,40635.0,0.02316,138725.0,0.02318,22553.0,0.02319,80158.0
1753601039377,07:23:59.377,phemex,ACH/USDT:USDT,0.02317,40635.0,0.02316,138725.0,0.02318,22553.0,0.02319,80158.0
1753601044583,07:24:04.583,phemex,ACH/USDT:USDT,0.02317,40635.0,0.02316,138725.0,0.02318,27955.0,0.02319,80158.0
1753601044949,07:24:04.949,phemex,ACH/USDT:USDT,0.02317,40635.0,0.02316,138725.0,0.02318,27955.0,0.02319,80158.0
1753601045076,07:24:05.076,phemex,ACH/USDT:USDT,0.02317,40635.0,0.02316,138725.0,0.02318,27955.0,0.02319,80158.0
1753601045533,07:24:05.533,phemex,ACH/USDT:USDT,0.02317,40635.0,0.02316,138725.0,0.02318,25263.0,0.02319,80158.0
1753601048167,07:24:08.167,phemex,ACH/USDT:USDT,0.02317,35012.0,0.02316,138725.0,0.02318,25263.0,0.02319,80158.0
1753601051956,07:24:11.956,phemex,ACH/USDT:USDT,0.02316,56357.0,0.02315,99259.0,0.02318,25263.0,0.02319,80158.0
1753601051982,07:24:11.982,phemex,ACH/USDT:USDT,0.02316,56357.0,0.02315,99259.0,0.02317,27997.0,0.02318,102848.0
1753601052075,07:24:12.075,phemex,ACH/USDT:USDT,0.02316,56357.0,0.02315,99259.0,0.02317,33461.0,0.02318,102848.0
1753601052267,07:24:12.267,phemex,ACH/USDT:USDT,0.02316,56357.0,0.02315,99259.0,0.02317,33461.0,0.02318,102848.0
1753601052319,07:24:12.319,phemex,ACH/USDT:USDT,0.02316,56357.0,0.02315,99259.0,0.02317,33461.0,0.02318,102848.0
1753601052458,07:24:12.458,phemex,ACH/USDT:USDT,0.02316,47722.0,0.02315,99259.0,0.02317,33461.0,0.02318,102848.0
1753601053724,07:24:13.724,phemex,ACH/USDT:USDT,0.02316,47722.0,0.02315,99259.0,0.02317,32711.0,0.02318,102848.0
1753601055832,07:24:15.832,phemex,ACH/USDT:USDT,0.02316,42223.0,0.02315,99259.0,0.02317,32711.0,0.02318,102848.0
1753601055877,07:24:15.877,phemex,ACH/USDT:USDT,0.02316,42223.0,0.02315,99259.0,0.02317,32711.0,0.02318,102848.0
1753601056374,07:24:16.374,phemex,ACH/USDT:USDT,0.02316,42223.0,0.02315,99259.0,0.02317,32711.0,0.02318,102848.0
1753601061279,07:24:21.279,phemex,ACH/USDT:USDT,0.02316,42223.0,0.02315,99259.0,0.02317,30971.0,0.02318,102848.0
1753601070414,07:24:30.414,phemex,ACH/USDT:USDT,0.02316,42223.0,0.02315,99259.0,0.02317,30521.0,0.02318,102848.0
1753601080339,07:24:40.339,phemex,ACH/USDT:USDT,0.02316,42223.0,0.02315,99259.0,0.02317,30436.0,0.02318,102848.0
1753601083421,07:24:43.421,phemex,ACH/USDT:USDT,0.02316,42223.0,0.02315,99259.0,0.02317,24972.0,0.02318,102848.0
1753601083655,07:24:43.655,phemex,ACH/USDT:USDT,0.02316,42223.0,0.02315,99259.0,0.02317,21037.0,0.02318,102848.0
1753601083746,07:24:43.746,phemex,ACH/USDT:USDT,0.02316,42223.0,0.02315,99259.0,0.02317,21037.0,0.02318,102848.0
1753601083784,07:24:43.784,phemex,ACH/USDT:USDT,0.02316,42223.0,0.02315,99259.0,0.02317,21037.0,0.02318,102848.0
1753601085754,07:24:45.754,phemex,ACH/USDT:USDT,0.02316,42223.0,0.02315,99259.0,0.02317,19362.0,0.02318,102848.0
1753601094609,07:24:54.609,phemex,ACH/USDT:USDT,0.02316,42223.0,0.02315,99259.0,0.02317,18412.0,0.02318,102848.0
1753601096851,07:24:56.851,phemex,ACH/USDT:USDT,0.02316,42223.0,0.02315,99259.0,0.02317,17887.0,0.02318,102848.0
1753601096888,07:24:56.888,phemex,ACH/USDT:USDT,0.02316,60826.0,0.02315,99259.0,0.02318,14673.0,0.02319,80158.0
1753601096898,07:24:56.898,phemex,ACH/USDT:USDT,0.02317,5371.0,0.02316,60826.0,0.02318,14673.0,0.02319,80158.0
1753601096990,07:24:56.990,phemex,ACH/USDT:USDT,0.02317,12906.0,0.02316,76623.0,0.02318,14673.0,0.02319,80158.0
1753601100352,07:25:00.352,phemex,ACH/USDT:USDT,0.02317,5371.0,0.02316,52889.0,0.02318,14673.0,0.02319,80158.0
1753601101638,07:25:01.638,phemex,ACH/USDT:USDT,0.02316,52889.0,0.02315,114797.0,0.02318,14673.0,0.02319,80158.0
1753601101638,07:25:01.638,phemex,ACH/USDT:USDT,0.02316,52889.0,0.02315,114797.0,0.02318,14673.0,0.02319,80158.0
1753601104090,07:25:04.090,phemex,ACH/USDT:USDT,0.02317,5440.0,0.02316,52889.0,0.02318,14673.0,0.02319,80158.0
1753601104417,07:25:04.417,phemex,ACH/USDT:USDT,0.02316,52889.0,0.02315,114797.0,0.02318,14673.0,0.02319,80158.0
1753601104451,07:25:04.451,phemex,ACH/USDT:USDT,0.02316,52889.0,0.02315,114797.0,0.02317,36676.0,0.02318,14673.0
1753601104913,07:25:04.913,phemex,ACH/USDT:USDT,0.02316,52889.0,0.02315,114797.0,0.02318,19719.0,0.02319,23507.0
1753601104937,07:25:04.937,phemex,ACH/USDT:USDT,0.02317,5440.0,0.02316,52889.0,0.02318,19719.0,0.02319,23507.0
1753601105839,07:25:05.839,phemex,ACH/USDT:USDT,0.02316,52889.0,0.02315,114797.0,0.02318,19719.0,0.02319,23507.0
1753601105909,07:25:05.909,phemex,ACH/USDT:USDT,0.02316,52889.0,0.02315,114797.0,0.02317,5440.0,0.02318,19719.0
1753601105959,07:25:05.959,phemex,ACH/USDT:USDT,0.02316,58432.0,0.02315,130336.0,0.02317,5440.0,0.02318,19719.0
1753601108913,07:25:08.913,phemex,ACH/USDT:USDT,0.02316,58432.0,0.02315,130336.0,0.02318,19719.0,0.02319,23507.0
1753601108932,07:25:08.932,phemex,ACH/USDT:USDT,0.02316,58432.0,0.02315,130336.0,0.02318,19719.0,0.02319,23507.0
1753601108948,07:25:08.948,phemex,ACH/USDT:USDT,0.02316,58432.0,0.02315,130336.0,0.02317,5452.0,0.02318,19719.0
1753601110168,07:25:10.168,phemex,ACH/USDT:USDT,0.02316,58432.0,0.02315,130336.0,0.02317,14056.0,0.02318,19719.0
1753601110168,07:25:10.168,phemex,ACH/USDT:USDT,0.02316,58432.0,0.02315,130336.0,0.02317,37470.0,0.02318,91129.0
1753601112700,07:25:12.700,phemex,ACH/USDT:USDT,0.02316,58432.0,0.02315,130336.0,0.02317,5452.0,0.02318,5402.0
1753601112732,07:25:12.732,phemex,ACH/USDT:USDT,0.02316,58432.0,0.02315,130336.0,0.02318,5402.0,0.02319,86120.0
1753601112756,07:25:12.756,phemex,ACH/USDT:USDT,0.02316,58432.0,0.02315,130336.0,0.02318,5402.0,0.02319,86120.0
1753601113167,07:25:13.167,phemex,ACH/USDT:USDT,0.02317,5452.0,0.02316,58432.0,0.02318,5402.0,0.02319,86120.0
1753601114260,07:25:14.260,phemex,ACH/USDT:USDT,0.02316,58432.0,0.02315,130336.0,0.02318,5402.0,0.02319,86120.0
1753601114558,07:25:14.558,phemex,ACH/USDT:USDT,0.02317,5452.0,0.02316,58432.0,0.02318,5402.0,0.02319,86120.0
1753601116318,07:25:16.318,phemex,ACH/USDT:USDT,0.02317,35800.0,0.02316,115500.0,0.02318,5402.0,0.02319,86120.0
1753601118809,07:25:18.809,phemex,ACH/USDT:USDT,0.02317,35800.0,0.02316,115500.0,0.02318,5402.0,0.02319,86120.0
1753601119343,07:25:19.343,phemex,ACH/USDT:USDT,0.02317,35800.0,0.02316,81214.0,0.02318,5402.0,0.02319,86120.0
1753601119352,07:25:19.352,phemex,ACH/USDT:USDT,0.02317,35800.0,0.02316,81214.0,0.02318,5402.0,0.02319,86120.0
1753601119370,07:25:19.370,phemex,ACH/USDT:USDT,0.02317,35800.0,0.02316,81214.0,0.02318,5402.0,0.02319,86120.0
1753601119436,07:25:19.436,phemex,ACH/USDT:USDT,0.02317,35800.0,0.02316,115528.0,0.02318,5402.0,0.02319,86120.0
1753601123377,07:25:23.377,phemex,ACH/USDT:USDT,0.02317,35800.0,0.02316,115528.0,0.02318,5402.0,0.02319,86120.0
1753601126722,07:25:26.722,phemex,ACH/USDT:USDT,0.02317,35800.0,0.02316,115528.0,0.02319,86120.0,0.0232,84782.0
1753601126742,07:25:26.742,phemex,ACH/USDT:USDT,0.02317,35800.0,0.02316,115528.0,0.02319,86120.0,0.0232,84782.0
1753601126785,07:25:26.785,phemex,ACH/USDT:USDT,0.02317,35800.0,0.02316,115528.0,0.02318,5535.0,0.02319,86120.0
1753601129655,07:25:29.655,phemex,ACH/USDT:USDT,0.02317,35800.0,0.02316,115528.0,0.02319,5414.0,0.0232,84782.0
1753601129689,07:25:29.689,phemex,ACH/USDT:USDT,0.02318,5427.0,0.02317,35800.0,0.02319,5414.0,0.0232,84782.0
1753601131387,07:25:31.387,phemex,ACH/USDT:USDT,0.02318,27376.0,0.02317,97164.0,0.02319,5414.0,0.0232,84782.0
1753601131550,07:25:31.550,phemex,ACH/USDT:USDT,0.02317,5452.0,0.02316,115528.0,0.02319,5414.0,0.0232,84782.0
1753601131868,07:25:31.868,phemex,ACH/USDT:USDT,0.02317,5452.0,0.02316,115528.0,0.02319,5414.0,0.0232,84782.0
1753601132297,07:25:32.297,phemex,ACH/USDT:USDT,0.02316,115528.0,0.02315,112860.0,0.02319,5414.0,0.0232,84782.0
1753601132309,07:25:32.309,phemex,ACH/USDT:USDT,0.02316,115528.0,0.02315,112860.0,0.02319,5414.0,0.0232,84782.0
1753601135123,07:25:35.123,phemex,ACH/USDT:USDT,0.02316,110128.0,0.02315,112860.0,0.02319,5414.0,0.0232,84782.0
1753601136396,07:25:36.396,phemex,ACH/USDT:USDT,0.02316,110128.0,0.02315,112860.0,0.02318,26704.0,0.02319,101918.0
1753601136418,07:25:36.418,phemex,ACH/USDT:USDT,0.02316,110128.0,0.02315,112860.0,0.02318,32131.0,0.02319,101918.0
1753601136485,07:25:36.485,phemex,ACH/USDT:USDT,0.02316,110128.0,0.02315,112860.0,0.02317,5427.0,0.02318,32131.0
1753601137318,07:25:37.318,phemex,ACH/USDT:USDT,0.02316,34314.0,0.02315,112860.0,0.02317,5427.0,0.02318,32131.0
1753601137701,07:25:37.701,phemex,ACH/USDT:USDT,0.02316,34314.0,0.02315,112860.0,0.02317,5427.0,0.02318,32131.0
1753601137708,07:25:37.708,phemex,ACH/USDT:USDT,0.02316,34314.0,0.02315,112860.0,0.02317,5427.0,0.02318,32131.0
1753601142871,07:25:42.871,phemex,ACH/USDT:USDT,0.02316,65408.0,0.02315,112860.0,0.02317,25168.0,0.02318,77834.0
1753601143038,07:25:43.038,phemex,ACH/USDT:USDT,0.02316,65408.0,0.02315,112860.0,0.02317,25168.0,0.02318,77834.0
1753601147593,07:25:47.593,phemex,ACH/USDT:USDT,0.02316,65408.0,0.02315,112860.0,0.02317,25168.0,0.02318,77834.0
1753601161911,07:26:01.911,phemex,ACH/USDT:USDT,0.02316,65408.0,0.02315,112860.0,0.02317,25168.0,0.02318,77834.0
1753601161949,07:26:01.949,phemex,ACH/USDT:USDT,0.02316,65408.0,0.02315,112860.0,0.02317,25168.0,0.02318,77834.0
1753601161949,07:26:01.949,phemex,ACH/USDT:USDT,0.02316,65408.0,0.02315,112860.0,0.02317,25168.0,0.02318,77834.0
1753601165594,07:26:05.594,phemex,ACH/USDT:USDT,0.02316,65408.0,0.02315,112860.0,0.02317,25168.0,0.02318,77834.0
1753601170476,07:26:10.476,phemex,ACH/USDT:USDT,0.02316,65408.0,0.02315,112860.0,0.02317,25168.0,0.02318,77834.0
1753601170502,07:26:10.502,phemex,ACH/USDT:USDT,0.02316,65408.0,0.02315,112860.0,0.02317,25168.0,0.02318,77834.0
1753601177139,07:26:17.139,phemex,ACH/USDT:USDT,0.02316,34314.0,0.02315,5600.0,0.02317,25168.0,0.02318,77834.0
1753601183275,07:26:23.275,phemex,ACH/USDT:USDT,0.02316,63833.0,0.02315,74288.0,0.02317,25168.0,0.02318,77834.0
1753601183332,07:26:23.332,phemex,ACH/USDT:USDT,0.02316,34314.0,0.02315,12567.0,0.02317,25168.0,0.02318,77834.0
1753601185600,07:26:25.600,phemex,ACH/USDT:USDT,0.02316,34314.0,0.02315,12567.0,0.02317,25168.0,0.02318,77834.0
1753601185609,07:26:25.609,phemex,ACH/USDT:USDT,0.02316,34314.0,0.02315,12567.0,0.02317,25168.0,0.02318,77834.0
1753601189077,07:26:29.077,phemex,ACH/USDT:USDT,0.02316,58835.0,0.02315,91271.0,0.02317,25168.0,0.02318,77834.0
1753601189077,07:26:29.077,phemex,ACH/USDT:USDT,0.02316,58835.0,0.02315,155950.0,0.02317,25168.0,0.02318,77834.0
1753601189212,07:26:29.212,phemex,ACH/USDT:USDT,0.02316,58835.0,0.02315,155950.0,0.02317,25168.0,0.02318,77834.0
1753601192305,07:26:32.305,phemex,ACH/USDT:USDT,0.02316,34314.0,0.02315,5600.0,0.02317,25168.0,0.02318,77834.0
1753601195028,07:26:35.028,phemex,ACH/USDT:USDT,0.02316,34314.0,0.02315,5600.0,0.02317,25168.0,0.02318,77834.0
1753601203104,07:26:43.104,phemex,ACH/USDT:USDT,0.02316,64877.0,0.02315,18119.0,0.02317,25168.0,0.02318,77834.0
1753601203198,07:26:43.198,phemex,ACH/USDT:USDT,0.02316,34314.0,0.02315,25865.0,0.02317,25168.0,0.02318,77834.0
1753601203198,07:26:43.198,phemex,ACH/USDT:USDT,0.02316,34314.0,0.02315,25865.0,0.02317,25168.0,0.02318,77834.0
1753601231497,07:27:11.497,phemex,ACH/USDT:USDT,0.02316,34314.0,0.02315,25865.0,0.02317,25168.0,0.02318,77834.0
1753601232091,07:27:12.091,phemex,ACH/USDT:USDT,0.02315,25865.0,0.02314,21752.0,0.02317,25168.0,0.02318,77834.0
1753601232152,07:27:12.152,phemex,ACH/USDT:USDT,0.02315,34194.0,0.02314,33364.0,0.02316,30701.0,0.02317,101711.0
1753601232197,07:27:12.197,phemex,ACH/USDT:USDT,0.02315,34194.0,0.02314,33364.0,0.02316,30701.0,0.02317,101711.0
1753601232222,07:27:12.222,phemex,ACH/USDT:USDT,0.02315,34194.0,0.02314,33364.0,0.02316,36268.0,0.02317,101711.0
1753601236012,07:27:16.012,phemex,ACH/USDT:USDT,0.02315,34194.0,0.02314,33364.0,0.02316,29393.0,0.02317,101711.0
1753601236536,07:27:16.536,phemex,ACH/USDT:USDT,0.02315,34194.0,0.02314,33364.0,0.02316,29393.0,0.02317,101711.0
1753601242548,07:27:22.548,phemex,ACH/USDT:USDT,0.02315,34194.0,0.02314,33364.0,0.02316,29393.0,0.02317,101711.0
1753601244214,07:27:24.214,phemex,ACH/USDT:USDT,0.02315,34194.0,0.02314,33364.0,0.02316,23826.0,0.02317,101711.0
1753601244999,07:27:24.999,phemex,ACH/USDT:USDT,0.02315,34194.0,0.02314,33364.0,0.02316,12926.0,0.02317,101711.0
1753601246355,07:27:26.355,phemex,ACH/USDT:USDT,0.02315,34194.0,0.02314,33364.0,0.02316,12926.0,0.02317,101711.0
1753601246453,07:27:26.453,phemex,ACH/USDT:USDT,0.02315,34194.0,0.02314,67687.0,0.02316,12926.0,0.02317,101711.0
1753601247015,07:27:27.015,phemex,ACH/USDT:USDT,0.02315,34194.0,0.02314,67687.0,0.02316,12926.0,0.02317,101711.0
1753601251818,07:27:31.818,phemex,ACH/USDT:USDT,0.02315,34194.0,0.02314,67687.0,0.02316,11576.0,0.02317,101711.0
1753601255698,07:27:35.698,phemex,ACH/USDT:USDT,0.02315,34194.0,0.02314,33364.0,0.02316,11576.0,0.02317,101711.0
1753601255800,07:27:35.800,phemex,ACH/USDT:USDT,0.02315,34194.0,0.02314,67686.0,0.02316,11576.0,0.02317,101711.0
1753601256320,07:27:36.320,phemex,ACH/USDT:USDT,0.02315,34194.0,0.02314,67686.0,0.02316,11366.0,0.02317,101711.0
1753601257405,07:27:37.405,phemex,ACH/USDT:USDT,0.02315,34194.0,0.02314,67686.0,0.02316,16848.0,0.02317,101711.0
1753601258814,07:27:38.814,phemex,ACH/USDT:USDT,0.02315,34194.0,0.02314,67686.0,0.02316,11366.0,0.02317,101711.0
1753601259581,07:27:39.581,phemex,ACH/USDT:USDT,0.02315,28594.0,0.02314,67686.0,0.02316,16940.0,0.02317,101711.0
1753601259589,07:27:39.589,phemex,ACH/USDT:USDT,0.02315,28594.0,0.02314,33364.0,0.02316,16940.0,0.02317,101711.0
1753601259685,07:27:39.685,phemex,ACH/USDT:USDT,0.02315,28594.0,0.02314,67686.0,0.02316,16940.0,0.02317,101711.0
1753601259693,07:27:39.693,phemex,ACH/USDT:USDT,0.02315,28594.0,0.02314,67686.0,0.02316,16940.0,0.02317,101711.0
1753601263077,07:27:43.077,phemex,ACH/USDT:USDT,0.02315,17644.0,0.02314,67686.0,0.02316,16940.0,0.02317,101711.0
1753601263889,07:27:43.889,phemex,ACH/USDT:USDT,0.02315,23218.0,0.02314,67686.0,0.02316,16940.0,0.02317,101711.0
1753601264900,07:27:44.900,phemex,ACH/USDT:USDT,0.02315,23218.0,0.02314,67686.0,0.02316,16940.0,0.02317,101711.0
1753601267480,07:27:47.480,phemex,ACH/USDT:USDT,0.02315,20268.0,0.02314,67686.0,0.02316,16940.0,0.02317,101711.0
1753601269935,07:27:49.935,phemex,ACH/USDT:USDT,0.02315,20268.0,0.02314,67686.0,0.02316,16940.0,0.02317,101711.0
1753601270512,07:27:50.512,phemex,ACH/USDT:USDT,0.02315,14694.0,0.02314,67686.0,0.02316,16940.0,0.02317,101711.0
1753601272891,07:27:52.891,phemex,ACH/USDT:USDT,0.02314,28462.0,0.02313,95930.0,0.02316,22403.0,0.02317,101711.0
1753601272906,07:27:52.906,phemex,ACH/USDT:USDT,0.02314,28462.0,0.02313,95930.0,0.02315,17496.0,0.02316,105889.0
1753601272930,07:27:52.930,phemex,ACH/USDT:USDT,0.02314,28462.0,0.02313,95930.0,0.02315,23093.0,0.02316,105889.0
1753601272995,07:27:52.995,phemex,ACH/USDT:USDT,0.02314,62783.0,0.02313,95930.0,0.02315,23093.0,0.02316,105889.0
1753601273034,07:27:53.034,phemex,ACH/USDT:USDT,0.02314,62783.0,0.02313,95930.0,0.02315,17496.0,0.02316,105889.0
1753601274190,07:27:54.190,phemex,ACH/USDT:USDT,0.02314,62783.0,0.02313,95930.0,0.02315,9111.0,0.02316,105889.0
1753601274498,07:27:54.498,phemex,ACH/USDT:USDT,0.02314,28462.0,0.02313,95930.0,0.02315,9111.0,0.02316,105889.0
1753601274621,07:27:54.621,phemex,ACH/USDT:USDT,0.02314,28462.0,0.02313,95930.0,0.02315,9111.0,0.02316,105889.0
1753601274770,07:27:54.770,phemex,ACH/USDT:USDT,0.02314,28462.0,0.02313,95930.0,0.02315,9111.0,0.02316,105889.0
1753601274790,07:27:54.790,phemex,ACH/USDT:USDT,0.02314,28462.0,0.02313,130250.0,0.02315,9111.0,0.02316,105889.0
1753601276906,07:27:56.906,phemex,ACH/USDT:USDT,0.02314,28462.0,0.02313,130250.0,0.02315,6536.0,0.02316,105889.0
1753601277350,07:27:57.350,phemex,ACH/USDT:USDT,0.02314,28462.0,0.02313,130250.0,0.02315,12133.0,0.02316,105889.0
1753601278324,07:27:58.324,phemex,ACH/USDT:USDT,0.02314,37454.0,0.02313,139507.0,0.02315,21070.0,0.02316,109613.0
1753601280866,07:28:00.866,phemex,ACH/USDT:USDT,0.02314,37454.0,0.02313,139507.0,0.02315,21070.0,0.02316,109613.0
1753601280888,07:28:00.888,phemex,ACH/USDT:USDT,0.02313,39762.0,0.02312,122035.0,0.02315,21070.0,0.02316,109613.0
1753601280897,07:28:00.897,phemex,ACH/USDT:USDT,0.02313,39762.0,0.02312,122035.0,0.02314,5401.0,0.02315,21070.0
1753601280956,07:28:00.956,phemex,ACH/USDT:USDT,0.02313,39762.0,0.02312,122035.0,0.02314,22382.0,0.02315,94527.0
1753601281017,07:28:01.017,phemex,ACH/USDT:USDT,0.02313,5442.0,0.02312,122035.0,0.02314,22382.0,0.02315,94527.0
1753601281123,07:28:01.123,phemex,ACH/USDT:USDT,0.02313,5442.0,0.02312,156361.0,0.02314,22382.0,0.02315,94527.0
1753601282052,07:28:02.052,phemex,ACH/USDT:USDT,0.02313,5442.0,0.02312,156361.0,0.02314,16981.0,0.02315,94527.0
1753601283540,07:28:03.540,phemex,ACH/USDT:USDT,0.02313,5442.0,0.02312,156361.0,0.02314,22629.0,0.02315,94527.0
1753601283540,07:28:03.540,phemex,ACH/USDT:USDT,0.02313,5442.0,0.02312,156361.0,0.02314,22629.0,0.02315,94527.0
1753601283540,07:28:03.540,phemex,ACH/USDT:USDT,0.02313,5442.0,0.02312,156361.0,0.02314,22629.0,0.02315,94527.0
1753601288020,07:28:08.020,phemex,ACH/USDT:USDT,0.02313,5442.0,0.02312,156361.0,0.02314,21606.0,0.02315,94527.0
1753601293201,07:28:13.201,phemex,ACH/USDT:USDT,0.02313,5442.0,0.02312,156361.0,0.02314,21106.0,0.02315,94527.0
1753601293743,07:28:13.743,phemex,ACH/USDT:USDT,0.02313,5442.0,0.02312,156361.0,0.02314,21106.0,0.02315,94527.0
1753601295917,07:28:15.917,phemex,ACH/USDT:USDT,0.02313,5442.0,0.02312,156361.0,0.02314,26723.0,0.02315,94527.0
1753601298425,07:28:18.425,phemex,ACH/USDT:USDT,0.02313,5442.0,0.02312,156361.0,0.02314,26383.0,0.02315,94527.0
1753601298628,07:28:18.628,phemex,ACH/USDT:USDT,0.02312,39754.0,0.02311,162305.0,0.02314,26383.0,0.02315,94527.0
1753601298647,07:28:18.647,phemex,ACH/USDT:USDT,0.02313,5532.0,0.02312,39754.0,0.02314,26383.0,0.02315,94527.0
1753601300104,07:28:20.104,phemex,ACH/USDT:USDT,0.02312,39754.0,0.02311,162305.0,0.02314,26383.0,0.02315,94527.0
1753601300367,07:28:20.367,phemex,ACH/USDT:USDT,0.02312,39754.0,0.02311,162305.0,0.02313,34835.0,0.02314,110430.0
1753601300496,07:28:20.496,phemex,ACH/USDT:USDT,0.02312,39754.0,0.02311,162305.0,0.02313,34835.0,0.02314,110430.0
1753601300729,07:28:20.729,phemex,ACH/USDT:USDT,0.02312,39754.0,0.02311,162305.0,0.02313,34835.0,0.02314,110430.0
1753601301211,07:28:21.211,phemex,ACH/USDT:USDT,0.02312,39754.0,0.02311,162305.0,0.02313,34835.0,0.02314,110430.0
1753601301468,07:28:21.468,phemex,ACH/USDT:USDT,0.02312,39754.0,0.02311,162305.0,0.02313,34835.0,0.02314,110430.0
1753601304430,07:28:24.430,phemex,ACH/USDT:USDT,0.02312,39754.0,0.02311,162305.0,0.02313,34835.0,0.02314,110430.0
1753601307375,07:28:27.375,phemex,ACH/USDT:USDT,0.02312,34326.0,0.02311,13359.0,0.02313,34835.0,0.02314,110430.0
1753601307418,07:28:27.418,phemex,ACH/USDT:USDT,0.02311,13359.0,0.0231,5578.0,0.02313,34835.0,0.02314,110430.0
1753601307441,07:28:27.441,phemex,ACH/USDT:USDT,0.02311,13359.0,0.0231,5578.0,0.02312,34994.0,0.02313,34835.0
1753601307452,07:28:27.452,phemex,ACH/USDT:USDT,0.02311,13359.0,0.0231,5578.0,0.02312,34994.0,0.02313,90426.0
1753601307524,07:28:27.524,phemex,ACH/USDT:USDT,0.02311,13359.0,0.0231,40141.0,0.02312,34994.0,0.02313,90426.0
1753601307579,07:28:27.579,phemex,ACH/USDT:USDT,0.02311,13359.0,0.0231,5578.0,0.02312,34994.0,0.02313,90426.0
1753601307681,07:28:27.681,phemex,ACH/USDT:USDT,0.02311,13359.0,0.0231,40141.0,0.02312,34994.0,0.02313,90426.0
1753601307961,07:28:27.961,phemex,ACH/USDT:USDT,0.0231,63766.0,0.02309,18322.0,0.02312,34994.0,0.02313,90426.0
1753601307977,07:28:27.977,phemex,ACH/USDT:USDT,0.0231,63766.0,0.02309,18322.0,0.02312,34994.0,0.02313,90426.0
1753601308213,07:28:28.213,phemex,ACH/USDT:USDT,0.0231,63766.0,0.02309,18322.0,0.02311,5532.0,0.02312,34994.0
1753601309231,07:28:29.231,phemex,ACH/USDT:USDT,0.0231,63766.0,0.02309,18322.0,0.02311,5532.0,0.02312,34994.0
1753601309537,07:28:29.537,phemex,ACH/USDT:USDT,0.0231,63766.0,0.02309,18322.0,0.02312,34994.0,0.02313,90426.0
1753601309566,07:28:29.566,phemex,ACH/USDT:USDT,0.02311,5440.0,0.0231,63766.0,0.02312,34994.0,0.02313,90426.0
1753601310297,07:28:30.297,phemex,ACH/USDT:USDT,0.0231,63766.0,0.02309,18322.0,0.02312,34994.0,0.02313,90426.0
1753601310339,07:28:30.339,phemex,ACH/USDT:USDT,0.02311,5440.0,0.0231,63766.0,0.02312,34994.0,0.02313,90426.0
