timestamp,time,exchange,symbol,bid1_price,bid1_volume,bid2_price,bid2_volume,ask1_price,ask1_volume,ask2_price,ask2_volume
1753599990502,07:06:30.502,phemex,1INCH/USDT:USDT,0.289,1707.0,0.2889,6262.0,0.2893,4314.0,0.2894,5557.0
1753599993388,07:06:33.388,phemex,1INCH/USDT:USDT,0.289,1707.0,0.2889,6262.0,0.2893,6197.0,0.2894,15816.0
1753599996071,07:06:36.071,phemex,1INCH/USDT:USDT,0.289,1707.0,0.2889,6262.0,0.2892,2000.0,0.2893,6197.0
1753599996127,07:06:36.127,phemex,1INCH/USDT:USDT,0.289,1707.0,0.2889,6262.0,0.2892,2000.0,0.2893,6197.0
1753599996350,07:06:36.350,phemex,1INCH/USDT:USDT,0.289,1707.0,0.2889,6262.0,0.2892,2000.0,0.2893,7583.0
1753599997403,07:06:37.403,phemex,1INCH/USDT:USDT,0.289,1692.0,0.2889,6262.0,0.2892,2000.0,0.2893,7583.0
1753600003332,07:06:43.332,phemex,1INCH/USDT:USDT,0.289,1684.0,0.2889,6262.0,0.2892,2000.0,0.2893,7583.0
1753600007236,07:06:47.236,phemex,1INCH/USDT:USDT,0.289,1684.0,0.2889,6262.0,0.2892,2000.0,0.2893,7583.0
1753600007295,07:06:47.295,phemex,1INCH/USDT:USDT,0.2889,7952.0,0.2888,2317.0,0.2892,4275.0,0.2893,3140.0
1753600007312,07:06:47.312,phemex,1INCH/USDT:USDT,0.2889,7952.0,0.2888,2317.0,0.2892,4275.0,0.2893,3140.0
1753600007570,07:06:47.570,phemex,1INCH/USDT:USDT,0.2889,7952.0,0.2888,2317.0,0.2892,4275.0,0.2893,3140.0
1753600007652,07:06:47.652,phemex,1INCH/USDT:USDT,0.2889,1690.0,0.2888,2317.0,0.2892,4275.0,0.2893,3140.0
1753600007671,07:06:47.671,phemex,1INCH/USDT:USDT,0.2889,1690.0,0.2888,2317.0,0.2892,4275.0,0.2893,3140.0
1753600007722,07:06:47.722,phemex,1INCH/USDT:USDT,0.2889,1690.0,0.2888,2317.0,0.2892,4275.0,0.2893,3140.0
1753600008541,07:06:48.541,phemex,1INCH/USDT:USDT,0.2889,1690.0,0.2888,2317.0,0.2892,4966.0,0.2893,2449.0
1753600010768,07:06:50.768,phemex,1INCH/USDT:USDT,0.2889,1690.0,0.2888,2317.0,0.2892,4966.0,0.2893,2449.0
1753600012323,07:06:52.323,phemex,1INCH/USDT:USDT,0.2889,3078.0,0.2888,2317.0,0.289,4513.0,0.2891,1516.0
1753600012480,07:06:52.480,phemex,1INCH/USDT:USDT,0.2889,3078.0,0.2888,2317.0,0.289,4513.0,0.2891,1516.0
1753600014401,07:06:54.401,phemex,1INCH/USDT:USDT,0.2889,3020.0,0.2888,2317.0,0.289,4513.0,0.2891,1516.0
1753600015209,07:06:55.209,phemex,1INCH/USDT:USDT,0.2889,3020.0,0.2888,2317.0,0.289,4469.0,0.2891,1516.0
1753600015783,07:06:55.783,phemex,1INCH/USDT:USDT,0.2889,3020.0,0.2888,2317.0,0.289,4469.0,0.2891,1516.0
1753600015821,07:06:55.821,phemex,1INCH/USDT:USDT,0.2889,3020.0,0.2888,2317.0,0.289,4469.0,0.2891,1516.0
1753600016038,07:06:56.038,phemex,1INCH/USDT:USDT,0.2889,3020.0,0.2888,2317.0,0.2892,2275.0,0.2893,1718.0
1753600016057,07:06:56.057,phemex,1INCH/USDT:USDT,0.289,3963.0,0.2889,3020.0,0.2892,2275.0,0.2893,1718.0
1753600016057,07:06:56.057,phemex,1INCH/USDT:USDT,0.289,3963.0,0.2889,22447.0,0.2892,2275.0,0.2893,1718.0
1753600016101,07:06:56.101,phemex,1INCH/USDT:USDT,0.2889,1388.0,0.2888,2317.0,0.2892,2275.0,0.2893,1718.0
1753600016138,07:06:56.138,phemex,1INCH/USDT:USDT,0.2889,1388.0,0.2888,2317.0,0.2892,2275.0,0.2893,1718.0
1753600017512,07:06:57.512,phemex,1INCH/USDT:USDT,0.2888,1886.0,0.2887,2239.0,0.2891,691.0,0.2892,2275.0
1753600017570,07:06:57.570,phemex,1INCH/USDT:USDT,0.2888,1886.0,0.2887,2239.0,0.2891,2691.0,0.2892,2275.0
1753600020409,07:07:00.409,phemex,1INCH/USDT:USDT,0.2888,1886.0,0.2887,2239.0,0.2891,2691.0,0.2892,2275.0
1753600021080,07:07:01.080,phemex,1INCH/USDT:USDT,0.2888,1886.0,0.2887,2239.0,0.2889,5534.0,0.289,1619.0
1753600021102,07:07:01.102,phemex,1INCH/USDT:USDT,0.2888,1886.0,0.2887,2239.0,0.2889,5534.0,0.289,1619.0
1753600024125,07:07:04.125,phemex,1INCH/USDT:USDT,0.2887,2239.0,0.2886,6274.0,0.2889,5534.0,0.289,1619.0
1753600024237,07:07:04.237,phemex,1INCH/USDT:USDT,0.2886,8096.0,0.2885,2179.0,0.2889,5534.0,0.289,1619.0
1753600024257,07:07:04.257,phemex,1INCH/USDT:USDT,0.2886,1822.0,0.2885,2179.0,0.2889,5534.0,0.289,1619.0
1753600024264,07:07:04.264,phemex,1INCH/USDT:USDT,0.2886,1822.0,0.2885,2179.0,0.2889,5534.0,0.289,1619.0
1753600024583,07:07:04.583,phemex,1INCH/USDT:USDT,0.2886,1822.0,0.2885,2179.0,0.2889,6226.0,0.289,1619.0
1753600024943,07:07:04.943,phemex,1INCH/USDT:USDT,0.2885,2179.0,0.2884,14994.0,0.2888,2000.0,0.2889,6226.0
1753600025152,07:07:05.152,phemex,1INCH/USDT:USDT,0.2885,2179.0,0.2884,14994.0,0.2888,2000.0,0.2889,6226.0
1753600025160,07:07:05.160,phemex,1INCH/USDT:USDT,0.2885,2179.0,0.2884,14994.0,0.2888,2000.0,0.2889,6226.0
1753600026248,07:07:06.248,phemex,1INCH/USDT:USDT,0.2885,2179.0,0.2884,2048.0,0.2887,1655.0,0.2888,4166.0
1753600026256,07:07:06.256,phemex,1INCH/USDT:USDT,0.2885,2179.0,0.2884,2048.0,0.2887,1655.0,0.2888,4858.0
1753600027147,07:07:07.147,phemex,1INCH/USDT:USDT,0.2884,3892.0,0.2882,28650.0,0.2887,2347.0,0.2888,4166.0
1753600029030,07:07:09.030,phemex,1INCH/USDT:USDT,0.2883,2811.0,0.2882,6282.0,0.2886,693.0,0.2887,1655.0
1753600029042,07:07:09.042,phemex,1INCH/USDT:USDT,0.2883,2811.0,0.2882,6282.0,0.2886,2693.0,0.2887,1655.0
1753600029473,07:07:09.473,phemex,1INCH/USDT:USDT,0.2883,2811.0,0.2882,6282.0,0.2887,1655.0,0.2888,2166.0
1753600029569,07:07:09.569,phemex,1INCH/USDT:USDT,0.2883,2811.0,0.2882,6282.0,0.2887,1655.0,0.2888,2166.0
1753600029691,07:07:09.691,phemex,1INCH/USDT:USDT,0.2883,4811.0,0.2882,6282.0,0.2887,1655.0,0.2888,2166.0
1753600029694,07:07:09.694,phemex,1INCH/USDT:USDT,0.2884,2000.0,0.2883,4811.0,0.2887,1655.0,0.2888,2166.0
1753600029959,07:07:09.959,phemex,1INCH/USDT:USDT,0.2884,2000.0,0.2883,4811.0,0.2887,1655.0,0.2888,2166.0
1753600030200,07:07:10.200,phemex,1INCH/USDT:USDT,0.2884,2000.0,0.2883,4811.0,0.2888,2166.0,0.2889,2465.0
1753600030215,07:07:10.215,phemex,1INCH/USDT:USDT,0.2884,2000.0,0.2883,4811.0,0.2888,2858.0,0.2889,2465.0
1753600030251,07:07:10.251,phemex,1INCH/USDT:USDT,0.2883,2811.0,0.2882,6282.0,0.2888,2858.0,0.2889,2465.0
1753600030291,07:07:10.291,phemex,1INCH/USDT:USDT,0.2883,2811.0,0.2882,6282.0,0.2887,692.0,0.2888,2166.0
1753600030356,07:07:10.356,phemex,1INCH/USDT:USDT,0.2883,2811.0,0.2882,6282.0,0.2887,2692.0,0.2888,2166.0
1753600030499,07:07:10.499,phemex,1INCH/USDT:USDT,0.2883,2811.0,0.2882,6282.0,0.2886,693.0,0.2887,2000.0
1753600030517,07:07:10.517,phemex,1INCH/USDT:USDT,0.2883,2811.0,0.2882,6282.0,0.2886,2693.0,0.2887,2000.0
1753600031330,07:07:11.330,phemex,1INCH/USDT:USDT,0.2883,2811.0,0.2882,6282.0,0.2885,3892.0,0.2886,4349.0
1753600031452,07:07:11.452,phemex,1INCH/USDT:USDT,0.2883,2811.0,0.2882,6282.0,0.2885,3892.0,0.2886,2349.0
1753600032168,07:07:12.168,phemex,1INCH/USDT:USDT,0.2883,2811.0,0.2882,6282.0,0.2886,693.0,0.2887,1483.0
1753600032168,07:07:12.168,phemex,1INCH/USDT:USDT,0.2883,2811.0,0.2882,6282.0,0.2886,693.0,0.2887,1483.0
1753600032301,07:07:12.301,phemex,1INCH/USDT:USDT,0.2883,2811.0,0.2882,6282.0,0.2887,1483.0,0.2889,20932.0
1753600032429,07:07:12.429,phemex,1INCH/USDT:USDT,0.2883,2811.0,0.2882,6282.0,0.2889,20932.0,0.289,19287.0
1753600032437,07:07:12.437,phemex,1INCH/USDT:USDT,0.2884,2000.0,0.2883,2811.0,0.2888,692.0,0.2889,20932.0
1753600032478,07:07:12.478,phemex,1INCH/USDT:USDT,0.2884,2000.0,0.2883,2811.0,0.2888,2692.0,0.2889,20932.0
1753600033125,07:07:13.125,phemex,1INCH/USDT:USDT,0.2884,2000.0,0.2883,2811.0,0.2888,4944.0,0.2889,1575.0
1753600034076,07:07:14.076,phemex,1INCH/USDT:USDT,0.2885,2138.0,0.2884,8056.0,0.2888,4944.0,0.2889,1575.0
1753600034790,07:07:14.790,phemex,1INCH/USDT:USDT,0.2885,2138.0,0.2884,8056.0,0.2888,4944.0,0.2889,1575.0
1753600034816,07:07:14.816,phemex,1INCH/USDT:USDT,0.2885,2138.0,0.2884,8056.0,0.2888,4944.0,0.2889,1575.0
1753600038893,07:07:18.893,phemex,1INCH/USDT:USDT,0.2885,2138.0,0.2884,8056.0,0.2886,2942.0,0.2888,7292.0
1753600039560,07:07:19.560,phemex,1INCH/USDT:USDT,0.2885,2138.0,0.2884,8056.0,0.2886,2942.0,0.2888,7292.0
1753600043218,07:07:23.218,phemex,1INCH/USDT:USDT,0.2882,25387.0,0.2881,12275.0,0.2886,2942.0,0.2888,7292.0
1753600043536,07:07:23.536,phemex,1INCH/USDT:USDT,0.2883,2000.0,0.2882,25387.0,0.2886,2942.0,0.2888,7292.0
1753600043675,07:07:23.675,phemex,1INCH/USDT:USDT,0.2883,2000.0,0.2882,10240.0,0.2886,2942.0,0.2888,7292.0
1753600043829,07:07:23.829,phemex,1INCH/USDT:USDT,0.2883,2000.0,0.2882,10240.0,0.2886,3635.0,0.2888,6600.0
1753600044103,07:07:24.103,phemex,1INCH/USDT:USDT,0.2883,2000.0,0.2882,10240.0,0.2884,6216.0,0.2886,693.0
1753600044103,07:07:24.103,phemex,1INCH/USDT:USDT,0.2883,2000.0,0.2882,10240.0,0.2884,6216.0,0.2886,693.0
1753600044360,07:07:24.360,phemex,1INCH/USDT:USDT,0.2883,2000.0,0.2882,10240.0,0.2884,6216.0,0.2886,693.0
1753600044524,07:07:24.524,phemex,1INCH/USDT:USDT,0.2883,2000.0,0.2882,10240.0,0.2884,6216.0,0.2886,693.0
1753600046432,07:07:26.432,phemex,1INCH/USDT:USDT,0.2883,2000.0,0.2882,10240.0,0.2884,5066.0,0.2886,693.0
1753600046689,07:07:26.689,phemex,1INCH/USDT:USDT,0.2883,2000.0,0.2882,10240.0,0.2885,1910.0,0.2886,2408.0
1753600046919,07:07:26.919,phemex,1INCH/USDT:USDT,0.2882,3958.0,0.2881,31548.0,0.2885,1910.0,0.2886,2408.0
1753600046919,07:07:26.919,phemex,1INCH/USDT:USDT,0.2882,3958.0,0.2881,31548.0,0.2885,1910.0,0.2886,2408.0
1753600048563,07:07:28.563,phemex,1INCH/USDT:USDT,0.2882,3958.0,0.2881,31548.0,0.2885,1910.0,0.2886,2408.0
1753600048604,07:07:28.604,phemex,1INCH/USDT:USDT,0.2882,3958.0,0.2881,6292.0,0.2885,2603.0,0.2886,1715.0
1753600049153,07:07:29.153,phemex,1INCH/USDT:USDT,0.2882,3958.0,0.2881,6292.0,0.2885,2603.0,0.2886,1715.0
1753600049164,07:07:29.164,phemex,1INCH/USDT:USDT,0.2882,3958.0,0.2881,6292.0,0.2885,2603.0,0.2886,1715.0
1753600049333,07:07:29.333,phemex,1INCH/USDT:USDT,0.2882,3958.0,0.288,21258.0,0.2885,2603.0,0.2886,1715.0
1753600049470,07:07:29.470,phemex,1INCH/USDT:USDT,0.2882,3958.0,0.288,21258.0,0.2885,4603.0,0.2886,1715.0
1753600049569,07:07:29.569,phemex,1INCH/USDT:USDT,0.2882,3958.0,0.288,21258.0,0.2885,4603.0,0.2886,1715.0
1753600052138,07:07:32.138,phemex,1INCH/USDT:USDT,0.2882,3958.0,0.288,21258.0,0.2885,2693.0,0.2887,13857.0
1753600053959,07:07:33.959,phemex,1INCH/USDT:USDT,0.2882,3958.0,0.288,21258.0,0.2885,2693.0,0.2887,13857.0
1753600054144,07:07:34.144,phemex,1INCH/USDT:USDT,0.2882,7773.0,0.288,35551.0,0.2885,2693.0,0.2887,13857.0
1753600057380,07:07:37.380,phemex,1INCH/USDT:USDT,0.2883,2000.0,0.2882,7773.0,0.2885,2938.0,0.2887,9674.0
1753600057427,07:07:37.427,phemex,1INCH/USDT:USDT,0.2883,2000.0,0.2882,7773.0,0.2885,2245.0,0.2887,9674.0
1753600057928,07:07:37.928,phemex,1INCH/USDT:USDT,0.2883,2000.0,0.2882,7773.0,0.2885,1575.0,0.2887,9674.0
1753600058762,07:07:38.762,phemex,1INCH/USDT:USDT,0.2883,2000.0,0.2882,7773.0,0.2885,1575.0,0.2887,9674.0
1753600059848,07:07:39.848,phemex,1INCH/USDT:USDT,0.2884,2381.0,0.2883,8401.0,0.2885,1575.0,0.2887,9674.0
1753600059848,07:07:39.848,phemex,1INCH/USDT:USDT,0.2884,2381.0,0.2883,8401.0,0.2885,1575.0,0.2887,9674.0
1753600063098,07:07:43.098,phemex,1INCH/USDT:USDT,0.2882,20765.0,0.2881,11165.0,0.2885,1575.0,0.2886,2513.0
1753600063098,07:07:43.098,phemex,1INCH/USDT:USDT,0.2881,19083.0,0.288,24574.0,0.2885,1575.0,0.2886,2513.0
1753600063160,07:07:43.160,phemex,1INCH/USDT:USDT,0.2881,19083.0,0.288,24574.0,0.2885,1465.0,0.2886,4756.0
1753600063169,07:07:43.169,phemex,1INCH/USDT:USDT,0.2882,2000.0,0.2881,19083.0,0.2885,1465.0,0.2886,4756.0
1753600063565,07:07:43.565,phemex,1INCH/USDT:USDT,0.2882,2000.0,0.2881,19083.0,0.2885,1465.0,0.2886,4756.0
1753600066567,07:07:46.567,phemex,1INCH/USDT:USDT,0.2882,2000.0,0.2881,19083.0,0.2886,4756.0,0.2887,6305.0
1753600066596,07:07:46.596,phemex,1INCH/USDT:USDT,0.2882,2000.0,0.2881,19083.0,0.2886,4756.0,0.2887,6305.0
1753600066619,07:07:46.619,phemex,1INCH/USDT:USDT,0.2882,8287.0,0.2881,19083.0,0.2886,4756.0,0.2889,12739.0
1753600066711,07:07:46.711,phemex,1INCH/USDT:USDT,0.2882,8287.0,0.2881,19083.0,0.2886,4756.0,0.2889,12739.0
1753600068362,07:07:48.362,phemex,1INCH/USDT:USDT,0.2882,8287.0,0.2881,19083.0,0.2886,4756.0,0.2889,12739.0
1753600069147,07:07:49.147,phemex,1INCH/USDT:USDT,0.2882,31209.0,0.288,12285.0,0.2886,4756.0,0.2889,12739.0
1753600071291,07:07:51.291,phemex,1INCH/USDT:USDT,0.2882,31209.0,0.288,12285.0,0.2886,4056.0,0.2889,12739.0
1753600072311,07:07:52.311,phemex,1INCH/USDT:USDT,0.2882,31209.0,0.288,12285.0,0.2885,2357.0,0.2886,5763.0
1753600072311,07:07:52.311,phemex,1INCH/USDT:USDT,0.2882,31209.0,0.288,12285.0,0.2885,2357.0,0.2886,5763.0
1753600073154,07:07:53.154,phemex,1INCH/USDT:USDT,0.2882,31209.0,0.288,12285.0,0.2885,2357.0,0.2886,5763.0
1753600073161,07:07:53.161,phemex,1INCH/USDT:USDT,0.2882,31209.0,0.288,12285.0,0.2885,2357.0,0.2886,5763.0
1753600074746,07:07:54.746,phemex,1INCH/USDT:USDT,0.2883,3589.0,0.2882,8287.0,0.2885,2357.0,0.2886,5763.0
1753600074761,07:07:54.761,phemex,1INCH/USDT:USDT,0.2883,3589.0,0.2882,6287.0,0.2885,2357.0,0.2886,5763.0
1753600077436,07:07:57.436,phemex,1INCH/USDT:USDT,0.2883,3309.0,0.2882,6287.0,0.2885,2357.0,0.2886,5763.0
1753600077495,07:07:57.495,phemex,1INCH/USDT:USDT,0.2883,3309.0,0.2882,6287.0,0.2885,4743.0,0.2886,2243.0
1753600077962,07:07:57.962,phemex,1INCH/USDT:USDT,0.2883,3309.0,0.2882,6287.0,0.2885,4743.0,0.2886,2243.0
1753600082075,07:08:02.075,phemex,1INCH/USDT:USDT,0.2883,3138.0,0.2882,6287.0,0.2885,4743.0,0.2886,2243.0
1753600082659,07:08:02.659,phemex,1INCH/USDT:USDT,0.2882,9554.0,0.2881,3278.0,0.2884,1653.0,0.2885,4743.0
1753600082975,07:08:02.975,phemex,1INCH/USDT:USDT,0.2882,9554.0,0.2881,3278.0,0.2884,1653.0,0.2885,4743.0
1753600083011,07:08:03.011,phemex,1INCH/USDT:USDT,0.2882,9554.0,0.2881,3278.0,0.2884,1653.0,0.2885,5436.0
1753600083087,07:08:03.087,phemex,1INCH/USDT:USDT,0.2882,9554.0,0.2881,3278.0,0.2884,1653.0,0.2885,5436.0
1753600087955,07:08:07.955,phemex,1INCH/USDT:USDT,0.2882,13519.0,0.2881,19229.0,0.2885,5436.0,0.2887,30651.0
1753600088176,07:08:08.176,phemex,1INCH/USDT:USDT,0.2882,13519.0,0.2881,19229.0,0.2885,5436.0,0.2887,30651.0
1753600094372,07:08:14.372,phemex,1INCH/USDT:USDT,0.2882,13519.0,0.2881,19229.0,0.2885,5295.0,0.2887,30651.0
1753600098217,07:08:18.217,phemex,1INCH/USDT:USDT,0.2882,13519.0,0.2881,19229.0,0.2885,5285.0,0.2887,30651.0
1753600107675,07:08:27.675,phemex,1INCH/USDT:USDT,0.2882,13519.0,0.2881,19229.0,0.2885,5285.0,0.2887,30651.0
1753600107675,07:08:27.675,phemex,1INCH/USDT:USDT,0.2882,13519.0,0.2881,19229.0,0.2885,5285.0,0.2887,30651.0
1753600111161,07:08:31.161,phemex,1INCH/USDT:USDT,0.2882,13519.0,0.2881,19229.0,0.2885,5285.0,0.2887,30651.0
1753600111891,07:08:31.891,phemex,1INCH/USDT:USDT,0.2882,13519.0,0.2881,19229.0,0.2885,4950.0,0.2887,30651.0
1753600114601,07:08:34.601,phemex,1INCH/USDT:USDT,0.2882,6287.0,0.288,15072.0,0.2885,4950.0,0.2886,4816.0
1753600120243,07:08:40.243,phemex,1INCH/USDT:USDT,0.2882,10366.0,0.2881,9226.0,0.2885,4950.0,0.2886,4816.0
1753600120243,07:08:40.243,phemex,1INCH/USDT:USDT,0.2883,2461.0,0.2882,12758.0,0.2885,4950.0,0.2886,4816.0
1753600120722,07:08:40.722,phemex,1INCH/USDT:USDT,0.2883,2461.0,0.2882,12758.0,0.2885,4950.0,0.2886,4816.0
1753600121013,07:08:41.013,phemex,1INCH/USDT:USDT,0.2883,2461.0,0.2882,12758.0,0.2885,2564.0,0.2886,4816.0
1753600121122,07:08:41.122,phemex,1INCH/USDT:USDT,0.2883,2461.0,0.2882,12758.0,0.2885,1871.0,0.2886,4816.0
1753600122406,07:08:42.406,phemex,1INCH/USDT:USDT,0.2883,2171.0,0.2882,12758.0,0.2885,1871.0,0.2886,4816.0
1753600124753,07:08:44.753,phemex,1INCH/USDT:USDT,0.2883,2171.0,0.2882,12758.0,0.2885,1871.0,0.2886,4816.0
1753600125194,07:08:45.194,phemex,1INCH/USDT:USDT,0.2883,2171.0,0.2882,12758.0,0.2885,1871.0,0.2886,4816.0
1753600127073,07:08:47.073,phemex,1INCH/USDT:USDT,0.2883,2171.0,0.2882,12758.0,0.2885,1871.0,0.2886,7074.0
1753600127075,07:08:47.075,phemex,1INCH/USDT:USDT,0.2884,2505.0,0.2883,6399.0,0.2885,1871.0,0.2886,7074.0
1753600127269,07:08:47.269,phemex,1INCH/USDT:USDT,0.2884,2505.0,0.2883,6399.0,0.2886,2418.0,0.2889,7935.0
1753600127588,07:08:47.588,phemex,1INCH/USDT:USDT,0.2884,2505.0,0.2883,6399.0,0.2886,2418.0,0.2888,2000.0
1753600129563,07:08:49.563,phemex,1INCH/USDT:USDT,0.2884,2505.0,0.2883,6399.0,0.2886,2418.0,0.2888,2000.0
1753600132469,07:08:52.469,phemex,1INCH/USDT:USDT,0.2885,4211.0,0.2884,4335.0,0.2886,6520.0,0.2888,2000.0
1753600134357,07:08:54.357,phemex,1INCH/USDT:USDT,0.2885,4211.0,0.2884,4335.0,0.2886,6520.0,0.2888,2000.0
1753600134365,07:08:54.365,phemex,1INCH/USDT:USDT,0.2885,4211.0,0.2884,4335.0,0.2886,6520.0,0.2888,2000.0
1753600134903,07:08:54.903,phemex,1INCH/USDT:USDT,0.2885,4079.0,0.2884,4335.0,0.2886,6520.0,0.2888,2000.0
1753600139163,07:08:59.163,phemex,1INCH/USDT:USDT,0.2885,4079.0,0.2884,4335.0,0.2886,6520.0,0.2888,2000.0
1753600144170,07:09:04.170,phemex,1INCH/USDT:USDT,0.2885,4079.0,0.2884,4335.0,0.2887,1956.0,0.2888,1526.0
1753600144180,07:09:04.180,phemex,1INCH/USDT:USDT,0.2886,3716.0,0.2885,4079.0,0.2887,1956.0,0.2888,1526.0
1753600144272,07:09:04.272,phemex,1INCH/USDT:USDT,0.2883,21698.0,0.2882,28861.0,0.2887,1956.0,0.2888,1526.0
1753600144431,07:09:04.431,phemex,1INCH/USDT:USDT,0.2883,21698.0,0.2882,28861.0,0.2887,1956.0,0.2888,1526.0
1753600144883,07:09:04.883,phemex,1INCH/USDT:USDT,0.2883,21698.0,0.2882,28861.0,0.2887,1876.0,0.2888,1526.0
1753600144941,07:09:04.941,phemex,1INCH/USDT:USDT,0.2884,2000.0,0.2883,21698.0,0.2887,1876.0,0.2888,1526.0
1753600148361,07:09:08.361,phemex,1INCH/USDT:USDT,0.2884,2000.0,0.2883,21698.0,0.2887,1851.0,0.2888,1526.0
1753600150118,07:09:10.118,phemex,1INCH/USDT:USDT,0.2885,8299.0,0.2884,9132.0,0.2887,3241.0,0.2888,1526.0
1753600150142,07:09:10.142,phemex,1INCH/USDT:USDT,0.2885,8299.0,0.2884,7132.0,0.2887,3241.0,0.2888,1526.0
1753600151282,07:09:11.282,phemex,1INCH/USDT:USDT,0.2885,8299.0,0.2884,7132.0,0.2887,3241.0,0.2888,1526.0
1753600160821,07:09:20.821,phemex,1INCH/USDT:USDT,0.2885,8299.0,0.2884,13379.0,0.2887,3241.0,0.2888,1526.0
1753600161869,07:09:21.869,phemex,1INCH/USDT:USDT,0.2885,8299.0,0.2884,13379.0,0.2887,3241.0,0.2888,1526.0
1753600164179,07:09:24.179,phemex,1INCH/USDT:USDT,0.2885,8299.0,0.2884,13379.0,0.2887,3234.0,0.2888,1526.0
1753600164203,07:09:24.203,phemex,1INCH/USDT:USDT,0.2886,1874.0,0.2885,2424.0,0.2888,2103.0,0.2889,2022.0
1753600165754,07:09:25.754,phemex,1INCH/USDT:USDT,0.2886,1874.0,0.2885,2424.0,0.2888,2103.0,0.2889,2022.0
1753600165763,07:09:25.763,phemex,1INCH/USDT:USDT,0.2886,1874.0,0.2885,2424.0,0.2888,2103.0,0.2889,2022.0
1753600167840,07:09:27.840,phemex,1INCH/USDT:USDT,0.2886,574.0,0.2885,2424.0,0.2888,2103.0,0.2889,2022.0
1753600167840,07:09:27.840,phemex,1INCH/USDT:USDT,0.2886,574.0,0.2885,2424.0,0.2888,2103.0,0.2889,2022.0
1753600169374,07:09:29.374,phemex,1INCH/USDT:USDT,0.2886,2863.0,0.2885,2424.0,0.2887,1742.0,0.2888,3993.0
1753600171115,07:09:31.115,phemex,1INCH/USDT:USDT,0.2886,2818.0,0.2885,2424.0,0.2887,1742.0,0.2888,3993.0
1753600184718,07:09:44.718,phemex,1INCH/USDT:USDT,0.2886,2818.0,0.2885,2424.0,0.2887,1709.0,0.2888,3993.0
1753600190041,07:09:50.041,phemex,1INCH/USDT:USDT,0.2886,2788.0,0.2885,2424.0,0.2887,1709.0,0.2888,3993.0
1753600190216,07:09:50.216,phemex,1INCH/USDT:USDT,0.2886,2788.0,0.2885,2424.0,0.2887,1709.0,0.2888,3993.0
1753600196810,07:09:56.810,phemex,1INCH/USDT:USDT,0.2886,2788.0,0.2885,2424.0,0.2887,1709.0,0.2888,3993.0
1753600196819,07:09:56.819,phemex,1INCH/USDT:USDT,0.2886,2788.0,0.2885,2424.0,0.2887,1709.0,0.2888,3993.0
1753600200630,07:10:00.630,phemex,1INCH/USDT:USDT,0.2886,2788.0,0.2885,2424.0,0.2887,1671.0,0.2888,3993.0
1753600207378,07:10:07.378,phemex,1INCH/USDT:USDT,0.2884,6247.0,0.2883,20339.0,0.2887,1671.0,0.2888,3993.0
1753600207420,07:10:07.420,phemex,1INCH/USDT:USDT,0.2884,6247.0,0.2883,20339.0,0.2887,1671.0,0.2888,3993.0
1753600207490,07:10:07.490,phemex,1INCH/USDT:USDT,0.2884,6247.0,0.2883,20339.0,0.2887,1671.0,0.2888,3993.0
1753600209020,07:10:09.020,phemex,1INCH/USDT:USDT,0.2884,6247.0,0.2883,20339.0,0.2887,1271.0,0.2888,3993.0
1753600211162,07:10:11.162,phemex,1INCH/USDT:USDT,0.2884,6247.0,0.2883,20339.0,0.2887,1271.0,0.2888,3993.0
1753600213334,07:10:13.334,phemex,1INCH/USDT:USDT,0.2885,3893.0,0.2884,6247.0,0.2887,3385.0,0.2888,3993.0
1753600213503,07:10:13.503,phemex,1INCH/USDT:USDT,0.2885,3893.0,0.2884,6247.0,0.2887,3375.0,0.2888,3993.0
1753600216012,07:10:16.012,phemex,1INCH/USDT:USDT,0.2884,10262.0,0.2882,34366.0,0.2887,3691.0,0.2888,3993.0
1753600216015,07:10:16.015,phemex,1INCH/USDT:USDT,0.2884,10262.0,0.2882,34366.0,0.2887,4383.0,0.2888,3993.0
1753600216123,07:10:16.123,phemex,1INCH/USDT:USDT,0.2884,10262.0,0.2882,34366.0,0.2887,4383.0,0.2888,3993.0
1753600216319,07:10:16.319,phemex,1INCH/USDT:USDT,0.2884,4015.0,0.2882,34366.0,0.2887,4383.0,0.2888,3993.0
1753600216326,07:10:16.326,phemex,1INCH/USDT:USDT,0.2884,4015.0,0.2882,34366.0,0.2887,4383.0,0.2888,3993.0
1753600218644,07:10:18.644,phemex,1INCH/USDT:USDT,0.2884,4015.0,0.2882,34366.0,0.2886,2158.0,0.2887,4383.0
1753600220962,07:10:20.962,phemex,1INCH/USDT:USDT,0.2884,4015.0,0.2882,34366.0,0.2886,2158.0,0.2887,4383.0
1753600221674,07:10:21.674,phemex,1INCH/USDT:USDT,0.2884,4015.0,0.2882,34366.0,0.2886,2158.0,0.2887,6599.0
1753600222067,07:10:22.067,phemex,1INCH/USDT:USDT,0.2885,3577.0,0.2884,4015.0,0.2887,2806.0,0.2889,19376.0
1753600224321,07:10:24.321,phemex,1INCH/USDT:USDT,0.2885,3577.0,0.2884,4015.0,0.2887,2599.0,0.2889,19376.0
1753600225763,07:10:25.763,phemex,1INCH/USDT:USDT,0.2885,3577.0,0.2884,4015.0,0.2887,2599.0,0.2889,19376.0
1753600227585,07:10:27.585,phemex,1INCH/USDT:USDT,0.2883,3778.0,0.2882,20754.0,0.2886,2374.0,0.2887,6991.0
1753600227585,07:10:27.585,phemex,1INCH/USDT:USDT,0.2883,3778.0,0.2882,20754.0,0.2886,2374.0,0.2887,6991.0
1753600230991,07:10:30.991,phemex,1INCH/USDT:USDT,0.2883,3778.0,0.2882,20754.0,0.2886,2374.0,0.2887,6991.0
1753600231326,07:10:31.326,phemex,1INCH/USDT:USDT,0.2883,3778.0,0.2882,20754.0,0.2886,2374.0,0.2887,6991.0
1753600232924,07:10:32.924,phemex,1INCH/USDT:USDT,0.2885,3189.0,0.2884,3667.0,0.2886,4732.0,0.2887,2599.0
1753600236837,07:10:36.837,phemex,1INCH/USDT:USDT,0.2884,1637.0,0.2882,17964.0,0.2886,4732.0,0.2887,2599.0
1753600236848,07:10:36.848,phemex,1INCH/USDT:USDT,0.2884,1637.0,0.2882,17964.0,0.2886,4732.0,0.2887,2599.0
1753600237124,07:10:37.124,phemex,1INCH/USDT:USDT,0.2884,1637.0,0.2882,17964.0,0.2886,4732.0,0.2887,2599.0
1753600237351,07:10:37.351,phemex,1INCH/USDT:USDT,0.2884,1637.0,0.2883,2000.0,0.2886,4732.0,0.2887,2599.0
1753600238644,07:10:38.644,phemex,1INCH/USDT:USDT,0.2884,1637.0,0.2883,2000.0,0.2886,4732.0,0.2887,4045.0
1753600238721,07:10:38.721,phemex,1INCH/USDT:USDT,0.2884,1397.0,0.2883,2000.0,0.2886,4732.0,0.2887,4045.0
1753600240653,07:10:40.653,phemex,1INCH/USDT:USDT,0.2883,2000.0,0.2882,1796.0,0.2886,5425.0,0.2887,3353.0
1753600241555,07:10:41.555,phemex,1INCH/USDT:USDT,0.2883,2000.0,0.2882,1796.0,0.2886,5425.0,0.2887,3353.0
1753600241567,07:10:41.567,phemex,1INCH/USDT:USDT,0.2883,2000.0,0.2882,1796.0,0.2886,5425.0,0.2887,3353.0
1753600242041,07:10:42.041,phemex,1INCH/USDT:USDT,0.2883,2000.0,0.2882,1796.0,0.2886,5425.0,0.2887,3353.0
1753600243615,07:10:43.615,phemex,1INCH/USDT:USDT,0.2883,2000.0,0.2882,1796.0,0.2886,5175.0,0.2887,3353.0
1753600246286,07:10:46.286,phemex,1INCH/USDT:USDT,0.2884,5648.0,0.2883,3999.0,0.2886,5175.0,0.2887,3353.0
1753600246313,07:10:46.313,phemex,1INCH/USDT:USDT,0.2884,5648.0,0.2883,1999.0,0.2886,5175.0,0.2887,3353.0
1753600246362,07:10:46.362,phemex,1INCH/USDT:USDT,0.2884,5648.0,0.2883,1999.0,0.2886,5175.0,0.2887,3353.0
1753600251157,07:10:51.157,phemex,1INCH/USDT:USDT,0.2884,5648.0,0.2883,1999.0,0.2886,5175.0,0.2887,3353.0
1753600251163,07:10:51.163,phemex,1INCH/USDT:USDT,0.2884,5648.0,0.2883,1999.0,0.2886,5175.0,0.2887,3353.0
1753600268295,07:11:08.295,phemex,1INCH/USDT:USDT,0.2885,3777.0,0.2884,1969.0,0.2887,3353.0,0.2889,17050.0
1753600272971,07:11:12.971,phemex,1INCH/USDT:USDT,0.2885,3627.0,0.2884,1969.0,0.2887,3353.0,0.2889,17050.0
1753600274785,07:11:14.785,phemex,1INCH/USDT:USDT,0.2885,3627.0,0.2884,1969.0,0.2887,3353.0,0.2889,17050.0
1753600278196,07:11:18.196,phemex,1INCH/USDT:USDT,0.2885,3627.0,0.2884,1969.0,0.2887,3353.0,0.2889,17050.0
1753600278435,07:11:18.435,phemex,1INCH/USDT:USDT,0.2885,3627.0,0.2884,1969.0,0.2887,3353.0,0.2889,17050.0
1753600284810,07:11:24.810,phemex,1INCH/USDT:USDT,0.2885,3627.0,0.2884,1969.0,0.2887,3353.0,0.2889,17050.0
1753600286573,07:11:26.573,phemex,1INCH/USDT:USDT,0.2885,3592.0,0.2884,1969.0,0.2887,3353.0,0.2889,17050.0
1753600286573,07:11:26.573,phemex,1INCH/USDT:USDT,0.2885,3592.0,0.2884,1969.0,0.2887,3353.0,0.2889,17050.0
1753600298724,07:11:38.724,phemex,1INCH/USDT:USDT,0.2884,3706.0,0.2882,21481.0,0.2887,7282.0,0.2889,17050.0
1753600298811,07:11:38.811,phemex,1INCH/USDT:USDT,0.2884,3706.0,0.2882,21481.0,0.2887,7974.0,0.2889,17050.0
1753600298888,07:11:38.888,phemex,1INCH/USDT:USDT,0.2884,3706.0,0.2882,21481.0,0.2887,7974.0,0.2889,17050.0
1753600298920,07:11:38.920,phemex,1INCH/USDT:USDT,0.2884,3706.0,0.2882,21481.0,0.2887,7974.0,0.2889,17050.0
1753600299463,07:11:39.463,phemex,1INCH/USDT:USDT,0.2884,3406.0,0.2882,21481.0,0.2887,7974.0,0.2889,17050.0
1753600299475,07:11:39.475,phemex,1INCH/USDT:USDT,0.2884,3406.0,0.2882,21481.0,0.2886,2000.0,0.2887,7974.0
1753600303770,07:11:43.770,phemex,1INCH/USDT:USDT,0.2884,5109.0,0.2883,1403.0,0.2886,3499.0,0.2887,3147.0
1753600306638,07:11:46.638,phemex,1INCH/USDT:USDT,0.2884,5024.0,0.2883,1403.0,0.2886,3499.0,0.2887,3147.0
1753600307398,07:11:47.398,phemex,1INCH/USDT:USDT,0.2885,1460.0,0.2884,1703.0,0.2886,3499.0,0.2887,3147.0
1753600307443,07:11:47.443,phemex,1INCH/USDT:USDT,0.2884,1703.0,0.2883,1403.0,0.2886,3499.0,0.2887,3147.0
1753600307443,07:11:47.443,phemex,1INCH/USDT:USDT,0.2884,3833.0,0.2883,3531.0,0.2886,3499.0,0.2887,3147.0
1753600312656,07:11:52.656,phemex,1INCH/USDT:USDT,0.2884,3833.0,0.2883,3531.0,0.2885,3653.0,0.2886,3499.0
1753600317410,07:11:57.410,phemex,1INCH/USDT:USDT,0.2884,3833.0,0.2883,3531.0,0.2885,3653.0,0.2886,3499.0
1753600317429,07:11:57.429,phemex,1INCH/USDT:USDT,0.2884,3833.0,0.2883,3531.0,0.2885,3653.0,0.2886,3499.0
1753600317525,07:11:57.525,phemex,1INCH/USDT:USDT,0.2884,3833.0,0.2883,3531.0,0.2885,3653.0,0.2886,3499.0
1753600319018,07:11:59.018,phemex,1INCH/USDT:USDT,0.2884,3833.0,0.2883,3531.0,0.2885,3523.0,0.2886,3499.0
1753600319935,07:11:59.935,phemex,1INCH/USDT:USDT,0.2884,3833.0,0.2883,3531.0,0.2885,3523.0,0.2886,1499.0
1753600321340,07:12:01.340,phemex,1INCH/USDT:USDT,0.2884,3833.0,0.2883,3531.0,0.2885,3503.0,0.2886,1499.0
1753600325181,07:12:05.181,phemex,1INCH/USDT:USDT,0.2884,3813.0,0.2883,3531.0,0.2885,3503.0,0.2886,1499.0
1753600328062,07:12:08.062,phemex,1INCH/USDT:USDT,0.2884,3813.0,0.2883,3531.0,0.2887,4803.0,0.2888,6227.0
1753600328077,07:12:08.077,phemex,1INCH/USDT:USDT,0.2884,7593.0,0.2883,29251.0,0.2887,4803.0,0.2888,6227.0
1753600328117,07:12:08.117,phemex,1INCH/USDT:USDT,0.2884,7593.0,0.2883,29251.0,0.2887,4111.0,0.2888,6227.0
1753600328172,07:12:08.172,phemex,1INCH/USDT:USDT,0.2882,40714.0,0.2881,6227.0,0.2887,4111.0,0.2888,6227.0
1753600328326,07:12:08.326,phemex,1INCH/USDT:USDT,0.2883,2000.0,0.2882,40714.0,0.2887,4111.0,0.2888,6227.0
1753600328491,07:12:08.491,phemex,1INCH/USDT:USDT,0.2883,2000.0,0.2882,40714.0,0.2887,4111.0,0.2888,6227.0
1753600333570,07:12:13.570,phemex,1INCH/USDT:USDT,0.2883,6697.0,0.2882,21680.0,0.2885,2495.0,0.2887,4038.0
1753600333570,07:12:13.570,phemex,1INCH/USDT:USDT,0.2883,9922.0,0.2881,18337.0,0.2885,2495.0,0.2887,4038.0
1753600334016,07:12:14.016,phemex,1INCH/USDT:USDT,0.2883,9922.0,0.2881,18337.0,0.2885,2382.0,0.2887,4038.0
1753600334886,07:12:14.886,phemex,1INCH/USDT:USDT,0.2883,9922.0,0.2881,18337.0,0.2885,2361.0,0.2887,4038.0
1753600338214,07:12:18.214,phemex,1INCH/USDT:USDT,0.2883,9922.0,0.2881,18337.0,0.2885,2361.0,0.2886,2000.0
1753600341278,07:12:21.278,phemex,1INCH/USDT:USDT,0.2883,1613.0,0.2882,2136.0,0.2885,2361.0,0.2886,3493.0
1753600341278,07:12:21.278,phemex,1INCH/USDT:USDT,0.2883,1604.0,0.2882,2136.0,0.2885,4760.0,0.2886,3493.0
1753600341389,07:12:21.389,phemex,1INCH/USDT:USDT,0.2883,1604.0,0.2882,2136.0,0.2885,4760.0,0.2886,3493.0
1753600342957,07:12:22.957,phemex,1INCH/USDT:USDT,0.2882,6327.0,0.2881,6227.0,0.2885,4760.0,0.2886,3493.0
1753600344465,07:12:24.465,phemex,1INCH/USDT:USDT,0.2882,6027.0,0.2881,6227.0,0.2885,4760.0,0.2886,3493.0
1753600344969,07:12:24.969,phemex,1INCH/USDT:USDT,0.2882,6027.0,0.2881,6227.0,0.2885,4760.0,0.2886,3493.0
1753600346641,07:12:26.641,phemex,1INCH/USDT:USDT,0.2882,6027.0,0.2881,6227.0,0.2885,3880.0,0.2886,3493.0
1753600347420,07:12:27.420,phemex,1INCH/USDT:USDT,0.2882,5967.0,0.2881,6227.0,0.2885,3880.0,0.2886,3493.0
1753600348195,07:12:28.195,phemex,1INCH/USDT:USDT,0.2882,5196.0,0.2881,22267.0,0.2885,3880.0,0.2886,3493.0
1753600348195,07:12:28.195,phemex,1INCH/USDT:USDT,0.2882,5196.0,0.2881,22267.0,0.2885,3880.0,0.2886,3493.0
1753600349139,07:12:29.139,phemex,1INCH/USDT:USDT,0.2882,5196.0,0.2881,22267.0,0.2885,1761.0,0.2886,3493.0
1753600350080,07:12:30.080,phemex,1INCH/USDT:USDT,0.2882,5196.0,0.2881,22267.0,0.2885,1761.0,0.2886,1493.0
1753600352026,07:12:32.026,phemex,1INCH/USDT:USDT,0.2882,5196.0,0.2881,22267.0,0.289,23167.0,0.2891,22557.0
1753600352062,07:12:32.062,phemex,1INCH/USDT:USDT,0.2883,2000.0,0.2882,7196.0,0.2889,2692.0,0.289,23167.0
1753600352129,07:12:32.129,phemex,1INCH/USDT:USDT,0.2883,2000.0,0.2882,7196.0,0.2889,2692.0,0.289,29387.0
1753600353308,07:12:33.308,phemex,1INCH/USDT:USDT,0.2885,3306.0,0.2884,3682.0,0.2889,2692.0,0.289,29387.0
1753600353320,07:12:33.320,phemex,1INCH/USDT:USDT,0.2885,3306.0,0.2884,3682.0,0.2889,2692.0,0.289,29387.0
1753600355098,07:12:35.098,phemex,1INCH/USDT:USDT,0.2885,2346.0,0.2884,3682.0,0.2889,2692.0,0.289,29387.0
1753600356356,07:12:36.356,phemex,1INCH/USDT:USDT,0.2885,2346.0,0.2884,3682.0,0.2889,2692.0,0.289,29387.0
1753600356363,07:12:36.363,phemex,1INCH/USDT:USDT,0.2885,2346.0,0.2884,3682.0,0.2889,2692.0,0.289,29387.0
1753600357368,07:12:37.368,phemex,1INCH/USDT:USDT,0.2885,2346.0,0.2884,3682.0,0.2887,1615.0,0.2888,5215.0
1753600360968,07:12:40.968,phemex,1INCH/USDT:USDT,0.2885,2196.0,0.2884,3682.0,0.2887,1615.0,0.2888,5215.0
1753600366280,07:12:46.280,phemex,1INCH/USDT:USDT,0.2885,2161.0,0.2884,3682.0,0.2887,1615.0,0.2888,5215.0
1753600366368,07:12:46.368,phemex,1INCH/USDT:USDT,0.2885,2161.0,0.2884,3682.0,0.2887,1615.0,0.2888,5215.0
1753600368140,07:12:48.140,phemex,1INCH/USDT:USDT,0.2885,2086.0,0.2884,3682.0,0.2887,1615.0,0.2888,5215.0
1753600377158,07:12:57.158,phemex,1INCH/USDT:USDT,0.2885,2086.0,0.2884,3682.0,0.2887,1615.0,0.2888,5215.0
1753600380769,07:13:00.769,phemex,1INCH/USDT:USDT,0.2885,2086.0,0.2884,3682.0,0.2887,1615.0,0.2888,5215.0
1753600385566,07:13:05.566,phemex,1INCH/USDT:USDT,0.2885,2086.0,0.2884,3682.0,0.2887,1615.0,0.2888,5215.0
1753600387313,07:13:07.313,phemex,1INCH/USDT:USDT,0.2885,1648.0,0.2882,29294.0,0.2887,1615.0,0.2888,5215.0
1753600387313,07:13:07.313,phemex,1INCH/USDT:USDT,0.2884,1799.0,0.2882,19983.0,0.2886,2126.0,0.2887,1615.0
1753600390406,07:13:10.406,phemex,1INCH/USDT:USDT,0.2882,11924.0,0.2881,16391.0,0.2886,2126.0,0.2887,1615.0
1753600390406,07:13:10.406,phemex,1INCH/USDT:USDT,0.2882,1483.0,0.2881,34518.0,0.2886,2126.0,0.2887,1615.0
1753600390531,07:13:10.531,phemex,1INCH/USDT:USDT,0.2882,1483.0,0.2881,34518.0,0.2886,2126.0,0.2887,1615.0
1753600390627,07:13:10.627,phemex,1INCH/USDT:USDT,0.2882,3483.0,0.2881,34518.0,0.2886,4126.0,0.2887,1615.0
1753600392347,07:13:12.347,phemex,1INCH/USDT:USDT,0.2882,3483.0,0.2881,34518.0,0.2885,2036.0,0.2886,4126.0
1753600392403,07:13:12.403,phemex,1INCH/USDT:USDT,0.2882,3483.0,0.2881,34518.0,0.2885,2036.0,0.2886,2126.0
1753600392602,07:13:12.602,phemex,1INCH/USDT:USDT,0.2883,2000.0,0.2882,3483.0,0.2885,2036.0,0.2886,2126.0
1753600395164,07:13:15.164,phemex,1INCH/USDT:USDT,0.2883,2000.0,0.2882,3483.0,0.2885,2036.0,0.2886,2126.0
1753600395483,07:13:15.483,phemex,1INCH/USDT:USDT,0.2884,2555.0,0.2883,8679.0,0.2885,2036.0,0.2886,2126.0
1753600395498,07:13:15.498,phemex,1INCH/USDT:USDT,0.2884,2555.0,0.2883,8679.0,0.2885,2036.0,0.2886,2126.0
1753600399779,07:13:19.779,phemex,1INCH/USDT:USDT,0.2884,2257.0,0.2883,8679.0,0.2885,2036.0,0.2886,2126.0
1753600400310,07:13:20.310,phemex,1INCH/USDT:USDT,0.2884,2257.0,0.2883,8679.0,0.2885,2036.0,0.2886,2126.0
1753600400338,07:13:20.338,phemex,1INCH/USDT:USDT,0.2884,2257.0,0.2883,8679.0,0.2885,2036.0,0.2886,2126.0
1753600400426,07:13:20.426,phemex,1INCH/USDT:USDT,0.2884,2257.0,0.2883,8679.0,0.2885,2036.0,0.2886,2126.0
1753600400427,07:13:20.427,phemex,1INCH/USDT:USDT,0.2884,2257.0,0.2883,8679.0,0.2885,2036.0,0.2886,2126.0
1753600401624,07:13:21.624,phemex,1INCH/USDT:USDT,0.2884,2257.0,0.2883,6679.0,0.2885,2036.0,0.2886,2126.0
1753600406365,07:13:26.365,phemex,1INCH/USDT:USDT,0.2884,2257.0,0.2883,6679.0,0.2885,1956.0,0.2886,2126.0
1753600406414,07:13:26.414,phemex,1INCH/USDT:USDT,0.2884,2257.0,0.2883,4295.0,0.2887,3586.0,0.2889,30014.0
1753600406455,07:13:26.455,phemex,1INCH/USDT:USDT,0.2884,4395.0,0.2883,9372.0,0.2887,3586.0,0.2889,30014.0
1753600406613,07:13:26.613,phemex,1INCH/USDT:USDT,0.2883,2296.0,0.2882,19289.0,0.2887,3586.0,0.2889,30014.0
1753600406894,07:13:26.894,phemex,1INCH/USDT:USDT,0.2883,2296.0,0.2882,19289.0,0.2889,1557.0,0.2891,31064.0
1753600406900,07:13:26.900,phemex,1INCH/USDT:USDT,0.2883,2989.0,0.2882,19289.0,0.2889,1557.0,0.2891,31064.0
1753600406994,07:13:26.994,phemex,1INCH/USDT:USDT,0.2883,2989.0,0.2882,19289.0,0.2889,1557.0,0.289,6211.0
1753600407000,07:13:27.000,phemex,1INCH/USDT:USDT,0.2883,2989.0,0.2882,19289.0,0.2889,1557.0,0.289,6211.0
1753600407435,07:13:27.435,phemex,1INCH/USDT:USDT,0.2884,2000.0,0.2883,4989.0,0.2889,3557.0,0.289,6211.0
1753600407435,07:13:27.435,phemex,1INCH/USDT:USDT,0.2884,2000.0,0.2883,4989.0,0.2889,3557.0,0.289,6211.0
1753600408422,07:13:28.422,phemex,1INCH/USDT:USDT,0.2884,2000.0,0.2883,4989.0,0.2888,2000.0,0.2889,3557.0
1753600410759,07:13:30.759,phemex,1INCH/USDT:USDT,0.2884,2000.0,0.2883,4989.0,0.2888,2000.0,0.2889,3557.0
1753600411064,07:13:31.064,phemex,1INCH/USDT:USDT,0.2884,2000.0,0.2883,4989.0,0.2888,2000.0,0.2889,3557.0
1753600411545,07:13:31.545,phemex,1INCH/USDT:USDT,0.2886,1701.0,0.2884,2000.0,0.2888,2000.0,0.2889,3557.0
1753600411545,07:13:31.545,phemex,1INCH/USDT:USDT,0.2886,3372.0,0.2884,14203.0,0.2888,2000.0,0.2889,3557.0
1753600411787,07:13:31.787,phemex,1INCH/USDT:USDT,0.2886,5348.0,0.2885,2446.0,0.2888,2000.0,0.2889,3557.0
1753600411895,07:13:31.895,phemex,1INCH/USDT:USDT,0.2886,5348.0,0.2885,2446.0,0.2888,7908.0,0.2889,3557.0
1753600412379,07:13:32.379,phemex,1INCH/USDT:USDT,0.2886,5348.0,0.2885,2446.0,0.2888,7908.0,0.2889,1557.0
1753600415564,07:13:35.564,phemex,1INCH/USDT:USDT,0.2886,5348.0,0.2885,2446.0,0.2888,7908.0,0.2889,1557.0
1753600419281,07:13:39.281,phemex,1INCH/USDT:USDT,0.2886,4482.0,0.2885,2446.0,0.2888,7908.0,0.2889,1557.0
1753600419974,07:13:39.974,phemex,1INCH/USDT:USDT,0.2887,2450.0,0.2886,7058.0,0.2888,4216.0,0.2889,1557.0
1753600419996,07:13:39.996,phemex,1INCH/USDT:USDT,0.2887,2450.0,0.2886,7058.0,0.2888,4216.0,0.2889,1557.0
1753600422929,07:13:42.929,phemex,1INCH/USDT:USDT,0.2887,2450.0,0.2886,7058.0,0.2888,2216.0,0.2889,1557.0
1753600425027,07:13:45.027,phemex,1INCH/USDT:USDT,0.2887,2450.0,0.2886,7058.0,0.2888,2216.0,0.2889,1557.0
1753600425124,07:13:45.124,phemex,1INCH/USDT:USDT,0.2887,2450.0,0.2886,7058.0,0.2888,2216.0,0.2889,1557.0
1753600428602,07:13:48.602,phemex,1INCH/USDT:USDT,0.2887,2330.0,0.2886,7058.0,0.2888,2216.0,0.2889,1557.0
1753600428965,07:13:48.965,phemex,1INCH/USDT:USDT,0.2887,2330.0,0.2886,7058.0,0.2888,2216.0,0.2889,1557.0
1753600432621,07:13:52.621,phemex,1INCH/USDT:USDT,0.2887,2276.0,0.2886,7058.0,0.2888,2216.0,0.2889,1557.0
1753600433464,07:13:53.464,phemex,1INCH/USDT:USDT,0.2887,2261.0,0.2886,7058.0,0.2888,2216.0,0.2889,1557.0
1753600439967,07:13:59.967,phemex,1INCH/USDT:USDT,0.2887,2217.0,0.2886,7058.0,0.2888,2216.0,0.2889,1557.0
1753600442495,07:14:02.495,phemex,1INCH/USDT:USDT,0.2885,1529.0,0.2884,13743.0,0.2888,4652.0,0.2889,3610.0
1753600442530,07:14:02.530,phemex,1INCH/USDT:USDT,0.2885,1529.0,0.2884,13743.0,0.2888,4652.0,0.2889,3610.0
1753600443323,07:14:03.323,phemex,1INCH/USDT:USDT,0.2885,1239.0,0.2884,13743.0,0.2888,4652.0,0.2889,3610.0
1753600445123,07:14:05.123,phemex,1INCH/USDT:USDT,0.2885,1239.0,0.2884,13743.0,0.2888,4652.0,0.2889,3610.0
1753600445123,07:14:05.123,phemex,1INCH/USDT:USDT,0.2885,1239.0,0.2884,13743.0,0.2888,4652.0,0.2889,3610.0
1753600445999,07:14:05.999,phemex,1INCH/USDT:USDT,0.2885,3239.0,0.2884,13743.0,0.2888,4652.0,0.2889,3610.0
1753600448637,07:14:08.637,phemex,1INCH/USDT:USDT,0.2886,3947.0,0.2885,5631.0,0.2888,4652.0,0.2889,3610.0
1753600448672,07:14:08.672,phemex,1INCH/USDT:USDT,0.2886,3947.0,0.2885,3631.0,0.2888,4652.0,0.2889,3610.0
1753600449582,07:14:09.582,phemex,1INCH/USDT:USDT,0.2886,3947.0,0.2885,3631.0,0.2888,4469.0,0.2889,3610.0
1753600450434,07:14:10.434,phemex,1INCH/USDT:USDT,0.2886,3947.0,0.2885,3631.0,0.2888,4469.0,0.2889,3610.0
1753600450489,07:14:10.489,phemex,1INCH/USDT:USDT,0.2886,3826.0,0.2885,3631.0,0.2888,4469.0,0.2889,3610.0
1753600450678,07:14:10.678,phemex,1INCH/USDT:USDT,0.2884,15587.0,0.2883,10314.0,0.2888,4469.0,0.2889,3610.0
1753600450678,07:14:10.678,phemex,1INCH/USDT:USDT,0.2884,8050.0,0.2883,9621.0,0.2888,4469.0,0.2889,3610.0
1753600450790,07:14:10.790,phemex,1INCH/USDT:USDT,0.2884,8050.0,0.2883,9621.0,0.2888,4469.0,0.2889,3610.0
1753600450943,07:14:10.943,phemex,1INCH/USDT:USDT,0.2884,8050.0,0.2883,9621.0,0.2887,2000.0,0.2888,4469.0
1753600454158,07:14:14.158,phemex,1INCH/USDT:USDT,0.2884,8050.0,0.2883,9621.0,0.2887,2000.0,0.2888,4469.0
1753600454165,07:14:14.165,phemex,1INCH/USDT:USDT,0.2884,8050.0,0.2883,9621.0,0.2887,2000.0,0.2888,4469.0
1753600455170,07:14:15.170,phemex,1INCH/USDT:USDT,0.2884,8050.0,0.2883,9621.0,0.2887,2000.0,0.2888,6969.0
1753600455875,07:14:15.875,phemex,1INCH/USDT:USDT,0.2885,2423.0,0.2884,10645.0,0.2887,2000.0,0.2888,8437.0
1753600460811,07:14:20.811,phemex,1INCH/USDT:USDT,0.2885,2423.0,0.2884,10645.0,0.2887,2000.0,0.2888,8437.0
1753600462489,07:14:22.489,phemex,1INCH/USDT:USDT,0.2885,4832.0,0.2884,21047.0,0.2887,2000.0,0.289,34789.0
1753600462572,07:14:22.572,phemex,1INCH/USDT:USDT,0.2884,10325.0,0.2883,16632.0,0.2887,2000.0,0.289,34789.0
1753600462810,07:14:22.810,phemex,1INCH/USDT:USDT,0.2884,10325.0,0.2883,16632.0,0.2887,2000.0,0.2889,2000.0
1753600463799,07:14:23.799,phemex,1INCH/USDT:USDT,0.2884,10325.0,0.2883,16632.0,0.2889,2000.0,0.289,34789.0
1753600463853,07:14:23.853,phemex,1INCH/USDT:USDT,0.2884,10325.0,0.2883,16632.0,0.2889,2692.0,0.289,34789.0
1753600465165,07:14:25.165,phemex,1INCH/USDT:USDT,0.2884,10325.0,0.2883,16632.0,0.2889,2692.0,0.289,34789.0
1753600467750,07:14:27.750,phemex,1INCH/USDT:USDT,0.2881,10164.0,0.288,21739.0,0.2886,5704.0,0.2887,2031.0
1753600467793,07:14:27.793,phemex,1INCH/USDT:USDT,0.2881,1787.0,0.288,29994.0,0.2885,2000.0,0.2886,5704.0
1753600467796,07:14:27.796,phemex,1INCH/USDT:USDT,0.2882,1735.0,0.2881,3404.0,0.2885,2000.0,0.2886,5704.0
1753600467896,07:14:27.896,phemex,1INCH/USDT:USDT,0.2882,1735.0,0.2881,3404.0,0.2885,2000.0,0.2886,5704.0
1753600468101,07:14:28.101,phemex,1INCH/USDT:USDT,0.2882,1735.0,0.2881,3404.0,0.2885,2000.0,0.2886,5704.0
1753600468108,07:14:28.108,phemex,1INCH/USDT:USDT,0.2882,1735.0,0.2881,3404.0,0.2885,2000.0,0.2886,11907.0
1753600468108,07:14:28.108,phemex,1INCH/USDT:USDT,0.2882,1735.0,0.2881,3404.0,0.2885,2000.0,0.2886,11907.0
1753600469968,07:14:29.968,phemex,1INCH/USDT:USDT,0.2882,1735.0,0.2881,3404.0,0.2885,2000.0,0.2886,11907.0
1753600472827,07:14:32.827,phemex,1INCH/USDT:USDT,0.2882,1735.0,0.2881,5102.0,0.2883,1461.0,0.2884,5002.0
1753600473798,07:14:33.798,phemex,1INCH/USDT:USDT,0.2882,1735.0,0.2881,5102.0,0.2883,1461.0,0.2884,5002.0
1753600474769,07:14:34.769,phemex,1INCH/USDT:USDT,0.2882,1735.0,0.2881,5102.0,0.2883,1461.0,0.2884,5002.0
1753600477235,07:14:37.235,phemex,1INCH/USDT:USDT,0.2882,235.0,0.2881,5102.0,0.2883,1461.0,0.2884,5002.0
1753600482661,07:14:42.661,phemex,1INCH/USDT:USDT,0.2881,5102.0,0.288,9855.0,0.2883,1461.0,0.2884,5002.0
1753600483446,07:14:43.446,phemex,1INCH/USDT:USDT,0.2881,3752.0,0.2879,24098.0,0.2883,3003.0,0.2884,1944.0
1753600483454,07:14:43.454,phemex,1INCH/USDT:USDT,0.2881,3752.0,0.2879,24098.0,0.2883,3003.0,0.2884,1944.0
1753600483807,07:14:43.807,phemex,1INCH/USDT:USDT,0.2881,3752.0,0.2879,24098.0,0.2883,3003.0,0.2884,1944.0
1753600484548,07:14:44.548,phemex,1INCH/USDT:USDT,0.2881,3752.0,0.2879,24098.0,0.2883,3003.0,0.2884,1944.0
1753600484944,07:14:44.944,phemex,1INCH/USDT:USDT,0.2881,3752.0,0.2879,24098.0,0.2883,3003.0,0.2884,1944.0
1753600487762,07:14:47.762,phemex,1INCH/USDT:USDT,0.2881,3752.0,0.2879,24098.0,0.2883,3003.0,0.2884,1944.0
1753600487987,07:14:47.987,phemex,1INCH/USDT:USDT,0.2881,2977.0,0.2879,24098.0,0.2883,3003.0,0.2884,1944.0
1753600488089,07:14:48.089,phemex,1INCH/USDT:USDT,0.2881,2977.0,0.2879,24098.0,0.2883,3003.0,0.2884,1944.0
1753600489039,07:14:49.039,phemex,1INCH/USDT:USDT,0.2881,2977.0,0.2879,24098.0,0.2883,3003.0,0.2884,1944.0
1753600489040,07:14:49.040,phemex,1INCH/USDT:USDT,0.2881,2977.0,0.2879,24098.0,0.2883,3003.0,0.2884,3925.0
1753600491117,07:14:51.117,phemex,1INCH/USDT:USDT,0.2879,13899.0,0.2878,21214.0,0.2883,3003.0,0.2884,3925.0
1753600491117,07:14:51.117,phemex,1INCH/USDT:USDT,0.2879,6200.0,0.2878,32250.0,0.2883,3003.0,0.2884,3925.0
1753600491487,07:14:51.487,phemex,1INCH/USDT:USDT,0.2879,6200.0,0.2878,32250.0,0.2882,2000.0,0.2883,5003.0
1753600492559,07:14:52.559,phemex,1INCH/USDT:USDT,0.2879,6200.0,0.2878,32250.0,0.2882,2000.0,0.2883,5003.0
1753600492567,07:14:52.567,phemex,1INCH/USDT:USDT,0.2879,6200.0,0.2878,32250.0,0.2882,2000.0,0.2883,5003.0
1753600495269,07:14:55.269,phemex,1INCH/USDT:USDT,0.2879,6200.0,0.2878,32250.0,0.2881,1669.0,0.2882,2000.0
1753600497322,07:14:57.322,phemex,1INCH/USDT:USDT,0.2879,9914.0,0.2877,10281.0,0.2881,1669.0,0.2882,2000.0
1753600497359,07:14:57.359,phemex,1INCH/USDT:USDT,0.2879,9914.0,0.2877,10281.0,0.2881,1669.0,0.2882,2000.0
1753600497631,07:14:57.631,phemex,1INCH/USDT:USDT,0.2879,3714.0,0.2877,10281.0,0.2881,1669.0,0.2882,2000.0
1753600497638,07:14:57.638,phemex,1INCH/USDT:USDT,0.2879,3714.0,0.2877,10281.0,0.2881,1669.0,0.2882,2000.0
1753600499638,07:14:59.638,phemex,1INCH/USDT:USDT,0.2879,3554.0,0.2877,10281.0,0.2881,1669.0,0.2882,2000.0
1753600500381,07:15:00.381,phemex,1INCH/USDT:USDT,0.2879,3554.0,0.2877,10281.0,0.2881,1669.0,0.2882,4435.0
1753600500434,07:15:00.434,phemex,1INCH/USDT:USDT,0.2879,3554.0,0.2877,10281.0,0.2881,1669.0,0.2882,4435.0
1753600501151,07:15:01.151,phemex,1INCH/USDT:USDT,0.2879,3490.0,0.2877,10281.0,0.2881,1669.0,0.2882,4435.0
1753600502316,07:15:02.316,phemex,1INCH/USDT:USDT,0.2879,3490.0,0.2877,10281.0,0.2881,1669.0,0.2882,6915.0
1753600502364,07:15:02.364,phemex,1INCH/USDT:USDT,0.2879,3490.0,0.2877,10281.0,0.2881,3669.0,0.2882,6915.0
1753600502532,07:15:02.532,phemex,1INCH/USDT:USDT,0.2879,3490.0,0.2877,10281.0,0.2881,3669.0,0.2882,6915.0
1753600502828,07:15:02.828,phemex,1INCH/USDT:USDT,0.2879,3490.0,0.2877,10281.0,0.2881,3669.0,0.2882,6915.0
1753600504859,07:15:04.859,phemex,1INCH/USDT:USDT,0.288,1489.0,0.2879,3490.0,0.2882,6915.0,0.2884,19083.0
1753600504862,07:15:04.862,phemex,1INCH/USDT:USDT,0.288,1489.0,0.2879,5801.0,0.2882,6915.0,0.2884,19083.0
1753600507123,07:15:07.123,phemex,1INCH/USDT:USDT,0.288,1489.0,0.2879,5801.0,0.2882,6915.0,0.2885,16639.0
1753600507170,07:15:07.170,phemex,1INCH/USDT:USDT,0.288,1489.0,0.2879,5801.0,0.2882,4915.0,0.2885,16639.0
1753600507588,07:15:07.588,phemex,1INCH/USDT:USDT,0.288,1489.0,0.2879,5801.0,0.2883,2550.0,0.2884,1827.0
1753600507878,07:15:07.878,phemex,1INCH/USDT:USDT,0.288,1489.0,0.2879,12017.0,0.2883,2550.0,0.2884,1827.0
1753600508297,07:15:08.297,phemex,1INCH/USDT:USDT,0.288,3489.0,0.2879,12017.0,0.2883,2550.0,0.2884,1827.0
1753600509867,07:15:09.867,phemex,1INCH/USDT:USDT,0.288,5427.0,0.2879,19046.0,0.2883,2550.0,0.2884,1827.0
1753600509886,07:15:09.886,phemex,1INCH/USDT:USDT,0.288,7159.0,0.2879,33021.0,0.2883,2550.0,0.2884,1827.0
1753600510274,07:15:10.274,phemex,1INCH/USDT:USDT,0.288,7159.0,0.2879,33021.0,0.2883,4550.0,0.2884,1827.0
1753600511363,07:15:11.363,phemex,1INCH/USDT:USDT,0.288,3732.0,0.2879,24003.0,0.2883,4550.0,0.2884,1827.0
1753600511366,07:15:11.366,phemex,1INCH/USDT:USDT,0.2879,6216.0,0.2878,19681.0,0.2883,4550.0,0.2884,1827.0
1753600512008,07:15:12.008,phemex,1INCH/USDT:USDT,0.2879,6216.0,0.2878,19681.0,0.2883,4550.0,0.2884,1827.0
1753600512115,07:15:12.115,phemex,1INCH/USDT:USDT,0.2879,6216.0,0.2878,19681.0,0.2883,4550.0,0.2884,1827.0
1753600512252,07:15:12.252,phemex,1INCH/USDT:USDT,0.2879,6216.0,0.2878,19681.0,0.2882,2000.0,0.2883,4550.0
1753600512973,07:15:12.973,phemex,1INCH/USDT:USDT,0.2879,6216.0,0.2878,19681.0,0.2881,4920.0,0.2882,2000.0
1753600512998,07:15:12.998,phemex,1INCH/USDT:USDT,0.2879,6216.0,0.2878,19681.0,0.2881,4920.0,0.2882,2000.0
1753600513105,07:15:13.105,phemex,1INCH/USDT:USDT,0.2879,6216.0,0.2878,19681.0,0.2881,4920.0,0.2883,4096.0
1753600513499,07:15:13.499,phemex,1INCH/USDT:USDT,0.2879,6216.0,0.2878,19681.0,0.2881,4400.0,0.2883,4096.0
1753600517251,07:15:17.251,phemex,1INCH/USDT:USDT,0.2879,6216.0,0.2878,19681.0,0.2881,4180.0,0.2883,4096.0
1753600517805,07:15:17.805,phemex,1INCH/USDT:USDT,0.288,3895.0,0.2879,10487.0,0.2882,1501.0,0.2884,2410.0
1753600518066,07:15:18.066,phemex,1INCH/USDT:USDT,0.288,3895.0,0.2879,10487.0,0.2882,1501.0,0.2884,2410.0
1753600518186,07:15:18.186,phemex,1INCH/USDT:USDT,0.288,3895.0,0.2879,10487.0,0.2882,1501.0,0.2883,2000.0
1753600521627,07:15:21.627,phemex,1INCH/USDT:USDT,0.288,3645.0,0.2879,10487.0,0.2882,1501.0,0.2883,2000.0
1753600522368,07:15:22.368,phemex,1INCH/USDT:USDT,0.288,3645.0,0.2879,10487.0,0.2882,1501.0,0.2883,2000.0
1753600522879,07:15:22.879,phemex,1INCH/USDT:USDT,0.2881,1593.0,0.288,5266.0,0.2882,1501.0,0.2883,4420.0
1753600526619,07:15:26.619,phemex,1INCH/USDT:USDT,0.2879,17849.0,0.2878,19681.0,0.2882,1501.0,0.2883,4420.0
1753600526619,07:15:26.619,phemex,1INCH/USDT:USDT,0.2879,6216.0,0.2878,19681.0,0.2882,1501.0,0.2883,4420.0
1753600526662,07:15:26.662,phemex,1INCH/USDT:USDT,0.2879,6216.0,0.2878,19681.0,0.2882,3169.0,0.2883,4420.0
1753600527085,07:15:27.085,phemex,1INCH/USDT:USDT,0.2879,6216.0,0.2878,19681.0,0.2882,5169.0,0.2883,4420.0
1753600527216,07:15:27.216,phemex,1INCH/USDT:USDT,0.2879,6216.0,0.2878,19681.0,0.2882,5169.0,0.2883,4420.0
1753600527270,07:15:27.270,phemex,1INCH/USDT:USDT,0.2879,6216.0,0.2878,19681.0,0.2882,5169.0,0.2883,4420.0
1753600528073,07:15:28.073,phemex,1INCH/USDT:USDT,0.2879,6216.0,0.2878,19681.0,0.2881,2000.0,0.2882,5169.0
1753600528073,07:15:28.073,phemex,1INCH/USDT:USDT,0.2879,6216.0,0.2878,19681.0,0.2881,2000.0,0.2882,5169.0
1753600528348,07:15:28.348,phemex,1INCH/USDT:USDT,0.2879,6216.0,0.2878,19681.0,0.2881,2000.0,0.2882,7062.0
1753600529065,07:15:29.065,phemex,1INCH/USDT:USDT,0.2879,6216.0,0.2878,19681.0,0.2881,2000.0,0.2882,7062.0
1753600529677,07:15:29.677,phemex,1INCH/USDT:USDT,0.2879,2241.0,0.2878,1929.0,0.2881,2000.0,0.2882,7062.0
1753600529760,07:15:29.760,phemex,1INCH/USDT:USDT,0.2879,2241.0,0.2878,1929.0,0.2881,2000.0,0.2882,7062.0
1753600531728,07:15:31.728,phemex,1INCH/USDT:USDT,0.2879,2241.0,0.2878,1929.0,0.2881,2000.0,0.2882,6165.0
1753600531969,07:15:31.969,phemex,1INCH/USDT:USDT,0.2879,2241.0,0.2878,1929.0,0.2881,2000.0,0.2882,6165.0
1753600533432,07:15:33.432,phemex,1INCH/USDT:USDT,0.2879,2241.0,0.2878,1929.0,0.2881,2000.0,0.2882,8490.0
1753600535078,07:15:35.078,phemex,1INCH/USDT:USDT,0.2879,2241.0,0.2878,1929.0,0.2881,2000.0,0.2882,8490.0
1753600535099,07:15:35.099,phemex,1INCH/USDT:USDT,0.2879,2241.0,0.2878,1929.0,0.2881,2000.0,0.2882,8490.0
1753600535287,07:15:35.287,phemex,1INCH/USDT:USDT,0.2879,1561.0,0.2878,1929.0,0.2881,2000.0,0.2882,8490.0
1753600536771,07:15:36.771,phemex,1INCH/USDT:USDT,0.2879,1561.0,0.2878,1929.0,0.2881,2000.0,0.2882,8490.0
1753600540463,07:15:40.463,phemex,1INCH/USDT:USDT,0.2878,3702.0,0.2877,6229.0,0.288,2009.0,0.2881,2000.0
1753600540463,07:15:40.463,phemex,1INCH/USDT:USDT,0.2878,3702.0,0.2877,6229.0,0.288,3820.0,0.2881,2000.0
1753600540929,07:15:40.929,phemex,1INCH/USDT:USDT,0.2878,3702.0,0.2877,6229.0,0.288,3820.0,0.2881,2000.0
1753600541543,07:15:41.543,phemex,1INCH/USDT:USDT,0.2878,3552.0,0.2877,6229.0,0.288,3820.0,0.2881,2000.0
1753600541593,07:15:41.593,phemex,1INCH/USDT:USDT,0.2878,3552.0,0.2877,6229.0,0.288,3820.0,0.2881,2000.0
1753600541669,07:15:41.669,phemex,1INCH/USDT:USDT,0.2878,3552.0,0.2877,6229.0,0.288,3820.0,0.2881,2000.0
1753600546223,07:15:46.223,phemex,1INCH/USDT:USDT,0.2879,1729.0,0.2878,3552.0,0.2881,2000.0,0.2882,1780.0
1753600546247,07:15:46.247,phemex,1INCH/USDT:USDT,0.2879,1729.0,0.2878,5047.0,0.2881,2000.0,0.2882,1780.0
1753600546281,07:15:46.281,phemex,1INCH/USDT:USDT,0.2878,4525.0,0.2877,6229.0,0.2881,2000.0,0.2882,1780.0
1753600546360,07:15:46.360,phemex,1INCH/USDT:USDT,0.2878,4525.0,0.2877,6229.0,0.2881,2000.0,0.2882,1780.0
1753600546458,07:15:46.458,phemex,1INCH/USDT:USDT,0.2878,4525.0,0.2877,6229.0,0.2881,2000.0,0.2882,1780.0
1753600551179,07:15:51.179,phemex,1INCH/USDT:USDT,0.2878,4525.0,0.2877,6229.0,0.2881,2000.0,0.2882,1780.0
1753600551203,07:15:51.203,phemex,1INCH/USDT:USDT,0.2878,4525.0,0.2877,6229.0,0.2881,2000.0,0.2882,1780.0
1753600551333,07:15:51.333,phemex,1INCH/USDT:USDT,0.2878,4525.0,0.2877,6229.0,0.2879,1955.0,0.288,1703.0
1753600551552,07:15:51.552,phemex,1INCH/USDT:USDT,0.2878,4525.0,0.2877,6229.0,0.2881,6577.0,0.2882,10833.0
1753600551552,07:15:51.552,phemex,1INCH/USDT:USDT,0.2878,4525.0,0.2877,6229.0,0.2881,6577.0,0.2882,1672.0
1753600551655,07:15:51.655,phemex,1INCH/USDT:USDT,0.2878,8436.0,0.2877,34013.0,0.2881,6577.0,0.2882,1672.0
1753600554875,07:15:54.875,phemex,1INCH/USDT:USDT,0.2878,8421.0,0.2877,34013.0,0.2881,6577.0,0.2882,1672.0
1753600556065,07:15:56.065,phemex,1INCH/USDT:USDT,0.2878,8421.0,0.2877,34013.0,0.2881,6577.0,0.2882,1672.0
1753600556128,07:15:56.128,phemex,1INCH/USDT:USDT,0.2878,8421.0,0.2877,34013.0,0.2881,6577.0,0.2882,1672.0
1753600557496,07:15:57.496,phemex,1INCH/USDT:USDT,0.2879,4485.0,0.2877,28414.0,0.2881,4577.0,0.2882,1672.0
1753600560029,07:16:00.029,phemex,1INCH/USDT:USDT,0.2879,4355.0,0.2877,28414.0,0.2881,4577.0,0.2882,1672.0
1753600560813,07:16:00.813,phemex,1INCH/USDT:USDT,0.2879,4355.0,0.2877,28414.0,0.2881,4577.0,0.2882,1672.0
1753600562817,07:16:02.817,phemex,1INCH/USDT:USDT,0.2879,7485.0,0.2877,51393.0,0.2881,4577.0,0.2882,1672.0
1753600564624,07:16:04.624,phemex,1INCH/USDT:USDT,0.2879,7485.0,0.2877,51393.0,0.2881,4543.0,0.2882,1672.0
1753600565602,07:16:05.602,phemex,1INCH/USDT:USDT,0.2879,7485.0,0.2877,51393.0,0.2881,4543.0,0.2882,1672.0
1753600573813,07:16:13.813,phemex,1INCH/USDT:USDT,0.288,1559.0,0.2879,1554.0,0.2883,7995.0,0.2885,7274.0
1753600574017,07:16:14.017,phemex,1INCH/USDT:USDT,0.288,1559.0,0.2879,1554.0,0.2883,7995.0,0.2885,7274.0
1753600574070,07:16:14.070,phemex,1INCH/USDT:USDT,0.288,1559.0,0.2879,1554.0,0.2883,7995.0,0.2885,7274.0
1753600575325,07:16:15.325,phemex,1INCH/USDT:USDT,0.288,1498.0,0.2879,1554.0,0.2883,7995.0,0.2885,7274.0
1753600578001,07:16:18.001,phemex,1INCH/USDT:USDT,0.288,1498.0,0.2879,1554.0,0.2883,7995.0,0.2885,7274.0
1753600579285,07:16:19.285,phemex,1INCH/USDT:USDT,0.2881,6153.0,0.288,1498.0,0.2882,5595.0,0.2883,7995.0
1753600582900,07:16:22.900,phemex,1INCH/USDT:USDT,0.2881,6153.0,0.288,1498.0,0.2882,5595.0,0.2883,7995.0
1753600586644,07:16:26.644,phemex,1INCH/USDT:USDT,0.2878,25452.0,0.2877,13455.0,0.2882,5595.0,0.2883,7995.0
1753600586674,07:16:26.674,phemex,1INCH/USDT:USDT,0.2878,25452.0,0.2877,13455.0,0.2882,1683.0,0.2883,7995.0
1753600586674,07:16:26.674,phemex,1INCH/USDT:USDT,0.2878,25452.0,0.2877,13455.0,0.2882,4242.0,0.2883,7995.0
1753600587406,07:16:27.406,phemex,1INCH/USDT:USDT,0.2879,2000.0,0.2878,25452.0,0.2882,4242.0,0.2883,7995.0
1753600587600,07:16:27.600,phemex,1INCH/USDT:USDT,0.2879,2000.0,0.2878,25452.0,0.2882,4242.0,0.2883,7995.0
1753600587600,07:16:27.600,phemex,1INCH/USDT:USDT,0.2879,2000.0,0.2878,25452.0,0.2882,4242.0,0.2883,7995.0
1753600589551,07:16:29.551,phemex,1INCH/USDT:USDT,0.2879,2000.0,0.2878,25452.0,0.2882,3992.0,0.2883,7995.0
1753600591850,07:16:31.850,phemex,1INCH/USDT:USDT,0.2881,3323.0,0.288,4444.0,0.2882,3992.0,0.2883,7995.0
1753600591871,07:16:31.871,phemex,1INCH/USDT:USDT,0.2881,3323.0,0.288,4444.0,0.2882,3992.0,0.2883,7995.0
1753600592402,07:16:32.402,phemex,1INCH/USDT:USDT,0.2881,3323.0,0.288,4444.0,0.2882,3992.0,0.2883,7995.0
1753600595488,07:16:35.488,phemex,1INCH/USDT:USDT,0.2879,2111.0,0.2878,16305.0,0.2882,3992.0,0.2883,7995.0
1753600595582,07:16:35.582,phemex,1INCH/USDT:USDT,0.2879,2111.0,0.2878,16305.0,0.2882,3992.0,0.2883,10324.0
1753600595582,07:16:35.582,phemex,1INCH/USDT:USDT,0.2879,2111.0,0.2878,16305.0,0.2882,3992.0,0.2883,10324.0
1753600597194,07:16:37.194,phemex,1INCH/USDT:USDT,0.2879,2111.0,0.2878,16305.0,0.2882,3992.0,0.2883,10324.0
1753600597640,07:16:37.640,phemex,1INCH/USDT:USDT,0.2879,2111.0,0.2878,16305.0,0.2882,3992.0,0.2883,10324.0
1753600597948,07:16:37.948,phemex,1INCH/USDT:USDT,0.2879,2111.0,0.2878,2160.0,0.2882,3992.0,0.2883,10324.0
1753600598285,07:16:38.285,phemex,1INCH/USDT:USDT,0.2879,2111.0,0.2878,2160.0,0.2881,2000.0,0.2882,5992.0
1753600600370,07:16:40.370,phemex,1INCH/USDT:USDT,0.2878,3715.0,0.2877,6229.0,0.2881,2000.0,0.2882,5992.0
1753600600584,07:16:40.584,phemex,1INCH/USDT:USDT,0.2878,3715.0,0.2877,6229.0,0.288,4219.0,0.2881,2000.0
1753600600597,07:16:40.597,phemex,1INCH/USDT:USDT,0.2878,3715.0,0.2877,6229.0,0.288,4219.0,0.2881,2000.0
1753600600769,07:16:40.769,phemex,1INCH/USDT:USDT,0.2878,3715.0,0.2877,6229.0,0.288,4219.0,0.2882,3992.0
1753600602000,07:16:42.000,phemex,1INCH/USDT:USDT,0.2878,3715.0,0.2877,6229.0,0.288,4219.0,0.2882,3992.0
1753600604313,07:16:44.313,phemex,1INCH/USDT:USDT,0.2878,3515.0,0.2877,6229.0,0.288,4219.0,0.2882,3992.0
1753600605543,07:16:45.543,phemex,1INCH/USDT:USDT,0.2878,5542.0,0.2877,6229.0,0.288,4219.0,0.2882,3992.0
1753600605544,07:16:45.544,phemex,1INCH/USDT:USDT,0.2878,7094.0,0.2877,6229.0,0.288,4219.0,0.2882,3992.0
1753600606801,07:16:46.801,phemex,1INCH/USDT:USDT,0.2878,7094.0,0.2877,6229.0,0.288,4219.0,0.2882,3992.0
1753600608181,07:16:48.181,phemex,1INCH/USDT:USDT,0.2878,3757.0,0.2877,6229.0,0.288,4219.0,0.2882,3992.0
1753600608188,07:16:48.188,phemex,1INCH/USDT:USDT,0.2878,3757.0,0.2877,6229.0,0.2879,2253.0,0.288,6817.0
1753600608288,07:16:48.288,phemex,1INCH/USDT:USDT,0.2878,3757.0,0.2877,6229.0,0.2883,25354.0,0.2884,20255.0
1753600608333,07:16:48.333,phemex,1INCH/USDT:USDT,0.2878,3757.0,0.2877,6229.0,0.2883,26047.0,0.2884,20255.0
1753600608627,07:16:48.627,phemex,1INCH/USDT:USDT,0.2878,3757.0,0.2877,6229.0,0.2882,693.0,0.2883,25354.0
1753600608657,07:16:48.657,phemex,1INCH/USDT:USDT,0.2878,3757.0,0.2877,6229.0,0.2882,2693.0,0.2883,25354.0
1753600610942,07:16:50.942,phemex,1INCH/USDT:USDT,0.2878,3267.0,0.2877,6229.0,0.2882,2693.0,0.2883,25354.0
1753600614415,07:16:54.415,phemex,1INCH/USDT:USDT,0.2879,4963.0,0.2878,3267.0,0.288,4848.0,0.2881,1831.0
1753600614417,07:16:54.417,phemex,1INCH/USDT:USDT,0.2877,6229.0,0.2876,19797.0,0.288,4848.0,0.2881,1831.0
1753600616953,07:16:56.953,phemex,1INCH/USDT:USDT,0.2877,6229.0,0.2876,19797.0,0.288,4728.0,0.2881,1831.0
1753600619646,07:16:59.646,phemex,1INCH/USDT:USDT,0.2879,4464.0,0.2878,3590.0,0.288,4728.0,0.2881,1831.0
1753600622618,07:17:02.618,phemex,1INCH/USDT:USDT,0.2877,8490.0,0.2876,11339.0,0.288,6578.0,0.2881,1831.0
1753600622984,07:17:02.984,phemex,1INCH/USDT:USDT,0.2877,8490.0,0.2876,11339.0,0.288,6578.0,0.2881,1831.0
1753600623004,07:17:03.004,phemex,1INCH/USDT:USDT,0.2877,8490.0,0.2876,11339.0,0.288,6578.0,0.2881,1831.0
1753600623056,07:17:03.056,phemex,1INCH/USDT:USDT,0.2877,8490.0,0.2876,11339.0,0.288,2191.0,0.2881,1831.0
1753600623568,07:17:03.568,phemex,1INCH/USDT:USDT,0.2877,8490.0,0.2876,11339.0,0.288,1991.0,0.2881,1831.0
1753600626401,07:17:06.401,phemex,1INCH/USDT:USDT,0.2877,8490.0,0.2876,11339.0,0.288,1991.0,0.2881,1831.0
1753600628172,07:17:08.172,phemex,1INCH/USDT:USDT,0.2878,3790.0,0.2877,11070.0,0.2879,1603.0,0.288,1991.0
1753600631195,07:17:11.195,phemex,1INCH/USDT:USDT,0.2878,3790.0,0.2877,11070.0,0.2879,1603.0,0.288,1991.0
1753600631201,07:17:11.201,phemex,1INCH/USDT:USDT,0.2878,3790.0,0.2877,11070.0,0.2879,1603.0,0.288,1991.0
1753600633918,07:17:13.918,phemex,1INCH/USDT:USDT,0.2878,3675.0,0.2877,11070.0,0.2879,1603.0,0.288,1991.0
1753600642604,07:17:22.604,phemex,1INCH/USDT:USDT,0.2879,3306.0,0.2878,3675.0,0.288,1991.0,0.2881,3300.0
1753600642750,07:17:22.750,phemex,1INCH/USDT:USDT,0.2879,3306.0,0.2878,3675.0,0.288,1991.0,0.2881,3300.0
1753600646403,07:17:26.403,phemex,1INCH/USDT:USDT,0.2879,3306.0,0.2878,3675.0,0.288,1991.0,0.2881,3300.0
1753600646403,07:17:26.403,phemex,1INCH/USDT:USDT,0.2879,3306.0,0.2878,3675.0,0.288,1991.0,0.2881,3300.0
1753600652179,07:17:32.179,phemex,1INCH/USDT:USDT,0.2879,3306.0,0.2878,3675.0,0.2881,2966.0,0.2882,1821.0
1753600652248,07:17:32.248,phemex,1INCH/USDT:USDT,0.288,3159.0,0.2879,3306.0,0.2881,2966.0,0.2882,1821.0
1753600652310,07:17:32.310,phemex,1INCH/USDT:USDT,0.288,3159.0,0.2879,3306.0,0.2881,2966.0,0.2882,1821.0
1753600652592,07:17:32.592,phemex,1INCH/USDT:USDT,0.288,3159.0,0.2879,3306.0,0.2881,2869.0,0.2882,1821.0
1753600656794,07:17:36.794,phemex,1INCH/USDT:USDT,0.288,3159.0,0.2879,3306.0,0.2881,2869.0,0.2882,1821.0
1753600656826,07:17:36.826,phemex,1INCH/USDT:USDT,0.288,3159.0,0.2879,3306.0,0.2881,2869.0,0.2882,1821.0
1753600659462,07:17:39.462,phemex,1INCH/USDT:USDT,0.288,3159.0,0.2879,3306.0,0.2883,6234.0,0.2885,23107.0
1753600659482,07:17:39.482,phemex,1INCH/USDT:USDT,0.2881,2006.0,0.288,5737.0,0.2883,6234.0,0.2885,23107.0
1753600661595,07:17:41.595,phemex,1INCH/USDT:USDT,0.2881,2006.0,0.288,5737.0,0.2883,6234.0,0.2885,23107.0
1753600661601,07:17:41.601,phemex,1INCH/USDT:USDT,0.2881,2006.0,0.288,5737.0,0.2883,6234.0,0.2885,23107.0
1753600662214,07:17:42.214,phemex,1INCH/USDT:USDT,0.2881,1921.0,0.288,5737.0,0.2883,6234.0,0.2885,23107.0
1753600665055,07:17:45.055,phemex,1INCH/USDT:USDT,0.2881,1921.0,0.288,5737.0,0.2883,8252.0,0.2885,1783.0
1753600665159,07:17:45.159,phemex,1INCH/USDT:USDT,0.2882,2466.0,0.2881,3411.0,0.2883,2018.0,0.2885,1783.0
1753600665475,07:17:45.475,phemex,1INCH/USDT:USDT,0.2882,2466.0,0.2881,3411.0,0.2884,2397.0,0.2885,1783.0
1753600666394,07:17:46.394,phemex,1INCH/USDT:USDT,0.2882,2466.0,0.2881,3411.0,0.2884,2397.0,0.2885,1783.0
1753600666402,07:17:46.402,phemex,1INCH/USDT:USDT,0.2882,2466.0,0.2881,3411.0,0.2884,2397.0,0.2885,1783.0
1753600671186,07:17:51.186,phemex,1INCH/USDT:USDT,0.2883,5935.0,0.2882,2466.0,0.2884,2397.0,0.2885,3930.0
1753600671202,07:17:51.202,phemex,1INCH/USDT:USDT,0.2883,5935.0,0.2882,2466.0,0.2884,2397.0,0.2885,3930.0
1753600674610,07:17:54.610,phemex,1INCH/USDT:USDT,0.2883,5935.0,0.2882,2466.0,0.2884,2057.0,0.2885,3930.0
1753600678042,07:17:58.042,phemex,1INCH/USDT:USDT,0.2883,5935.0,0.2882,2466.0,0.2886,6211.0,0.2887,4340.0
1753600678047,07:17:58.047,phemex,1INCH/USDT:USDT,0.2883,4031.0,0.2882,2466.0,0.2886,6211.0,0.2887,4340.0
1753600678055,07:17:58.055,phemex,1INCH/USDT:USDT,0.2884,4210.0,0.2883,1666.0,0.2886,6211.0,0.2887,4340.0
1753600678371,07:17:58.371,phemex,1INCH/USDT:USDT,0.2884,4210.0,0.2883,1666.0,0.2886,6211.0,0.2887,4340.0
1753600678533,07:17:58.533,phemex,1INCH/USDT:USDT,0.2884,4210.0,0.2883,1666.0,0.2886,6211.0,0.2887,4340.0
1753600682602,07:18:02.602,phemex,1INCH/USDT:USDT,0.2884,4210.0,0.2883,1666.0,0.2886,6211.0,0.2887,4340.0
1753600684909,07:18:04.909,phemex,1INCH/USDT:USDT,0.2884,3960.0,0.2883,1666.0,0.2886,6211.0,0.2887,4340.0
1753600685205,07:18:05.205,phemex,1INCH/USDT:USDT,0.2881,7502.0,0.288,33093.0,0.2885,1413.0,0.2886,9794.0
1753600685302,07:18:05.302,phemex,1INCH/USDT:USDT,0.2882,2000.0,0.2881,7502.0,0.2885,1413.0,0.2886,9794.0
1753600687401,07:18:07.401,phemex,1INCH/USDT:USDT,0.2882,2000.0,0.2881,7502.0,0.2885,1413.0,0.2886,9794.0
1753600691735,07:18:11.735,phemex,1INCH/USDT:USDT,0.2884,6462.0,0.2883,1870.0,0.2885,1413.0,0.2886,6211.0
1753600691761,07:18:11.761,phemex,1INCH/USDT:USDT,0.2884,6462.0,0.2883,1870.0,0.2885,1413.0,0.2886,6211.0
1753600692201,07:18:12.201,phemex,1INCH/USDT:USDT,0.2884,6462.0,0.2883,1870.0,0.2885,1413.0,0.2886,6211.0
1753600692393,07:18:12.393,phemex,1INCH/USDT:USDT,0.2884,6295.0,0.2883,1870.0,0.2885,1413.0,0.2886,6211.0
1753600693751,07:18:13.751,phemex,1INCH/USDT:USDT,0.2883,2261.0,0.2881,7502.0,0.2885,1413.0,0.2886,6211.0
1753600693773,07:18:13.773,phemex,1INCH/USDT:USDT,0.2883,2261.0,0.2881,7502.0,0.2884,2179.0,0.2885,1413.0
1753600696912,07:18:16.912,phemex,1INCH/USDT:USDT,0.2883,2261.0,0.2881,7502.0,0.2884,2179.0,0.2885,3253.0
1753600697172,07:18:17.172,phemex,1INCH/USDT:USDT,0.2883,2261.0,0.2882,2000.0,0.2884,2179.0,0.2885,3253.0
1753600699158,07:18:19.158,phemex,1INCH/USDT:USDT,0.2883,2073.0,0.2882,2000.0,0.2884,2179.0,0.2885,3253.0
1753600700615,07:18:20.615,phemex,1INCH/USDT:USDT,0.2883,6331.0,0.2882,13503.0,0.2886,8792.0,0.2888,25637.0
1753600700615,07:18:20.615,phemex,1INCH/USDT:USDT,0.2883,6331.0,0.2882,13503.0,0.2886,8792.0,0.2888,25637.0
1753600706844,07:18:26.844,phemex,1INCH/USDT:USDT,0.2883,8111.0,0.2882,20407.0,0.2886,10954.0,0.2887,2231.0
1753600707015,07:18:27.015,phemex,1INCH/USDT:USDT,0.2883,8111.0,0.2882,20407.0,0.2886,4743.0,0.2887,2231.0
1753600707036,07:18:27.036,phemex,1INCH/USDT:USDT,0.2883,8111.0,0.2882,20407.0,0.2886,4743.0,0.2887,2231.0
1753600707060,07:18:27.060,phemex,1INCH/USDT:USDT,0.2883,8111.0,0.2882,18407.0,0.2886,4743.0,0.2887,2231.0
1753600707148,07:18:27.148,phemex,1INCH/USDT:USDT,0.2883,8111.0,0.2882,18407.0,0.2886,4743.0,0.2887,2231.0
1753600707148,07:18:27.148,phemex,1INCH/USDT:USDT,0.2883,8111.0,0.2882,18407.0,0.2886,4743.0,0.2887,2231.0
1753600710803,07:18:30.803,phemex,1INCH/USDT:USDT,0.2883,8111.0,0.2882,18407.0,0.2886,4743.0,0.2887,2231.0
1753600711363,07:18:31.363,phemex,1INCH/USDT:USDT,0.2883,8011.0,0.2882,18407.0,0.2886,4743.0,0.2887,2231.0
1753600716452,07:18:36.452,phemex,1INCH/USDT:USDT,0.2883,8011.0,0.2882,18407.0,0.2886,4743.0,0.2887,2231.0
1753600720832,07:18:40.832,phemex,1INCH/USDT:USDT,0.2883,7976.0,0.2882,18407.0,0.2886,4743.0,0.2887,2231.0
1753600721679,07:18:41.679,phemex,1INCH/USDT:USDT,0.2883,7976.0,0.2882,18407.0,0.2886,4708.0,0.2887,2231.0
1753600723190,07:18:43.190,phemex,1INCH/USDT:USDT,0.2885,5268.0,0.2884,2180.0,0.2886,4708.0,0.2887,2231.0
1753600723379,07:18:43.379,phemex,1INCH/USDT:USDT,0.2885,5268.0,0.2884,2180.0,0.2886,4708.0,0.2887,2231.0
1753600723451,07:18:43.451,phemex,1INCH/USDT:USDT,0.2885,5268.0,0.2884,2180.0,0.2886,4708.0,0.2887,2231.0
1753600723537,07:18:43.537,phemex,1INCH/USDT:USDT,0.2885,5268.0,0.2884,2180.0,0.2886,4708.0,0.2887,2231.0
1753600725620,07:18:45.620,phemex,1INCH/USDT:USDT,0.2885,5268.0,0.2884,2180.0,0.2888,2040.0,0.2889,6202.0
1753600727603,07:18:47.603,phemex,1INCH/USDT:USDT,0.2885,5268.0,0.2884,2180.0,0.2888,2040.0,0.2889,6202.0
1753600729533,07:18:49.533,phemex,1INCH/USDT:USDT,0.2886,4500.0,0.2885,1840.0,0.2888,2040.0,0.2889,6202.0
1753600731133,07:18:51.133,phemex,1INCH/USDT:USDT,0.2885,2140.0,0.2883,30405.0,0.2887,1767.0,0.2888,2040.0
1753600732396,07:18:52.396,phemex,1INCH/USDT:USDT,0.2885,2140.0,0.2883,30405.0,0.2887,1767.0,0.2888,2040.0
1753600732403,07:18:52.403,phemex,1INCH/USDT:USDT,0.2885,2140.0,0.2883,30405.0,0.2887,1767.0,0.2888,2040.0
1753600733654,07:18:53.654,phemex,1INCH/USDT:USDT,0.2885,2140.0,0.2883,30405.0,0.2887,1702.0,0.2888,2040.0
1753600736896,07:18:56.896,phemex,1INCH/USDT:USDT,0.2885,2115.0,0.2883,30405.0,0.2887,1702.0,0.2888,2040.0
1753600737202,07:18:57.202,phemex,1INCH/USDT:USDT,0.2885,2115.0,0.2883,30405.0,0.2887,1702.0,0.2888,2040.0
1753600738547,07:18:58.547,phemex,1INCH/USDT:USDT,0.2885,2115.0,0.2883,30405.0,0.2887,1702.0,0.2888,4202.0
1753600738548,07:18:58.548,phemex,1INCH/USDT:USDT,0.2885,4662.0,0.2884,1406.0,0.2887,1702.0,0.2888,6256.0
1753600766257,07:19:26.257,phemex,1INCH/USDT:USDT,0.2885,4662.0,0.2884,1406.0,0.2887,1702.0,0.2888,6256.0
1753600766538,07:19:26.538,phemex,1INCH/USDT:USDT,0.2886,1795.0,0.2885,6294.0,0.2887,1702.0,0.2888,2040.0
1753600766538,07:19:26.538,phemex,1INCH/USDT:USDT,0.2886,1795.0,0.2885,6294.0,0.2887,1702.0,0.2888,2040.0
1753600768537,07:19:28.537,phemex,1INCH/USDT:USDT,0.2883,30405.0,0.2882,18407.0,0.2887,1702.0,0.2888,2040.0
1753600769355,07:19:29.355,phemex,1INCH/USDT:USDT,0.2884,2000.0,0.2883,30405.0,0.2887,1702.0,0.2888,2040.0
1753600769597,07:19:29.597,phemex,1INCH/USDT:USDT,0.2884,2000.0,0.2883,30405.0,0.2887,1702.0,0.2888,2040.0
1753600769787,07:19:29.787,phemex,1INCH/USDT:USDT,0.2884,2000.0,0.2883,30405.0,0.2887,1702.0,0.2888,2040.0
1753600771847,07:19:31.847,phemex,1INCH/USDT:USDT,0.2884,2000.0,0.2883,30405.0,0.2887,1702.0,0.2888,6718.0
1753600773862,07:19:33.862,phemex,1INCH/USDT:USDT,0.2884,2000.0,0.2883,30405.0,0.2887,1672.0,0.2888,6718.0
1753600774398,07:19:34.398,phemex,1INCH/USDT:USDT,0.2884,2000.0,0.2883,30405.0,0.2887,1672.0,0.2888,6718.0
1753600774429,07:19:34.429,phemex,1INCH/USDT:USDT,0.2886,1744.0,0.2885,3392.0,0.2887,1672.0,0.2888,6718.0
1753600774429,07:19:34.429,phemex,1INCH/USDT:USDT,0.2886,3896.0,0.2885,3392.0,0.2887,1672.0,0.2888,6718.0
1753600782846,07:19:42.846,phemex,1INCH/USDT:USDT,0.2885,2180.0,0.2883,26970.0,0.2887,1672.0,0.2888,2040.0
1753600782846,07:19:42.846,phemex,1INCH/USDT:USDT,0.2885,2180.0,0.2884,1495.0,0.2887,1672.0,0.2888,2040.0
1753600782883,07:19:42.883,phemex,1INCH/USDT:USDT,0.2885,2180.0,0.2884,1495.0,0.2887,1672.0,0.2888,2040.0
1753600782920,07:19:42.920,phemex,1INCH/USDT:USDT,0.2884,5556.0,0.2883,7665.0,0.2887,1672.0,0.2888,2040.0
1753600782975,07:19:42.975,phemex,1INCH/USDT:USDT,0.2884,5556.0,0.2883,7665.0,0.2887,1672.0,0.2888,2040.0
1753600783339,07:19:43.339,phemex,1INCH/USDT:USDT,0.2884,5556.0,0.2883,7665.0,0.2887,1672.0,0.2888,2040.0
1753600784192,07:19:44.192,phemex,1INCH/USDT:USDT,0.2884,5556.0,0.2883,7665.0,0.2887,3672.0,0.2888,2040.0
1753600787004,07:19:47.004,phemex,1INCH/USDT:USDT,0.2884,5556.0,0.2883,7665.0,0.2887,3672.0,0.2888,2040.0
1753600787838,07:19:47.838,phemex,1INCH/USDT:USDT,0.2884,5556.0,0.2883,7665.0,0.2887,3472.0,0.2888,2040.0
1753600790113,07:19:50.113,phemex,1INCH/USDT:USDT,0.2884,5556.0,0.2883,7665.0,0.2887,7787.0,0.2888,2040.0
1753600790114,07:19:50.114,phemex,1INCH/USDT:USDT,0.2884,5556.0,0.2883,7665.0,0.2885,2410.0,0.2887,7787.0
1753600791806,07:19:51.806,phemex,1INCH/USDT:USDT,0.2884,5556.0,0.2883,7665.0,0.2885,2410.0,0.2887,7787.0
1753600794946,07:19:54.946,phemex,1INCH/USDT:USDT,0.2883,6200.0,0.2881,22827.0,0.2885,2410.0,0.2887,7787.0
1753600795131,07:19:55.131,phemex,1INCH/USDT:USDT,0.2883,6200.0,0.2881,22827.0,0.2885,2410.0,0.2887,4987.0
1753600795196,07:19:55.196,phemex,1INCH/USDT:USDT,0.2883,6200.0,0.2881,22827.0,0.2887,3515.0,0.2888,24079.0
1753600795226,07:19:55.226,phemex,1INCH/USDT:USDT,0.2883,6200.0,0.2881,22827.0,0.2887,4207.0,0.2888,24079.0
1753600797043,07:19:57.043,phemex,1INCH/USDT:USDT,0.2883,6200.0,0.2881,22827.0,0.2886,2000.0,0.2887,4207.0
1753600800081,07:20:00.081,phemex,1INCH/USDT:USDT,0.2884,5310.0,0.2883,8100.0,0.2886,2000.0,0.2887,4207.0
1753600807469,07:20:07.469,phemex,1INCH/USDT:USDT,0.2884,5721.0,0.2883,17948.0,0.2886,2000.0,0.2887,3515.0
1753600807481,07:20:07.481,phemex,1INCH/USDT:USDT,0.2884,5721.0,0.2883,17948.0,0.2887,1515.0,0.2888,1753.0
1753600807590,07:20:07.590,phemex,1INCH/USDT:USDT,0.2884,3775.0,0.2883,6200.0,0.2887,1515.0,0.2888,1753.0
1753600807920,07:20:07.920,phemex,1INCH/USDT:USDT,0.2884,3775.0,0.2883,6200.0,0.2887,3515.0,0.2888,1753.0
1753600810809,07:20:10.809,phemex,1INCH/USDT:USDT,0.2884,3625.0,0.2883,6200.0,0.2887,3515.0,0.2888,1753.0
1753600811000,07:20:11.000,phemex,1INCH/USDT:USDT,0.2884,3625.0,0.2883,6200.0,0.2887,3515.0,0.2888,1753.0
1753600811007,07:20:11.007,phemex,1INCH/USDT:USDT,0.2884,3625.0,0.2883,6200.0,0.2887,3515.0,0.2888,1753.0
1753600813299,07:20:13.299,phemex,1INCH/USDT:USDT,0.2884,5857.0,0.2883,8287.0,0.2886,3960.0,0.2887,6044.0
1753600815345,07:20:15.345,phemex,1INCH/USDT:USDT,0.2884,5857.0,0.2883,8287.0,0.2886,3960.0,0.2887,4044.0
1753600825360,07:20:25.360,phemex,1INCH/USDT:USDT,0.2884,5857.0,0.2883,8287.0,0.2886,3840.0,0.2887,4044.0
1753600825360,07:20:25.360,phemex,1INCH/USDT:USDT,0.2884,5857.0,0.2883,8287.0,0.2886,3840.0,0.2887,4044.0
1753600836920,07:20:36.920,phemex,1INCH/USDT:USDT,0.2885,3617.0,0.2884,2232.0,0.2887,4044.0,0.2889,6202.0
1753600837148,07:20:37.148,phemex,1INCH/USDT:USDT,0.2885,3617.0,0.2884,2232.0,0.2887,4044.0,0.2889,6202.0
1753600837278,07:20:37.278,phemex,1INCH/USDT:USDT,0.2885,3617.0,0.2884,2232.0,0.2887,4044.0,0.2889,6202.0
1753600838011,07:20:38.011,phemex,1INCH/USDT:USDT,0.2885,3617.0,0.2884,2232.0,0.2887,3821.0,0.2889,6202.0
1753600840397,07:20:40.397,phemex,1INCH/USDT:USDT,0.2885,3617.0,0.2884,2232.0,0.2887,3821.0,0.2889,6202.0
1753600840404,07:20:40.404,phemex,1INCH/USDT:USDT,0.2885,3617.0,0.2884,2232.0,0.2887,3821.0,0.2889,6202.0
1753600842668,07:20:42.668,phemex,1INCH/USDT:USDT,0.2886,1280.0,0.2885,6202.0,0.2887,3821.0,0.2889,6202.0
1753600845721,07:20:45.721,phemex,1INCH/USDT:USDT,0.2886,1280.0,0.2885,6202.0,0.2887,3751.0,0.2889,6202.0
1753600852217,07:20:52.217,phemex,1INCH/USDT:USDT,0.2886,1268.0,0.2885,6202.0,0.2887,3751.0,0.2889,6202.0
1753600860965,07:21:00.965,phemex,1INCH/USDT:USDT,0.2886,1268.0,0.2885,4378.0,0.2888,1787.0,0.2889,8652.0
1753600860984,07:21:00.984,phemex,1INCH/USDT:USDT,0.2886,4896.0,0.2885,10253.0,0.2888,1787.0,0.2889,8652.0
1753600861071,07:21:01.071,phemex,1INCH/USDT:USDT,0.2886,4896.0,0.2885,10253.0,0.2888,1787.0,0.2889,8652.0
1753600864337,07:21:04.337,phemex,1INCH/USDT:USDT,0.2886,4896.0,0.2885,10253.0,0.2888,1787.0,0.2889,2450.0
1753600864398,07:21:04.398,phemex,1INCH/USDT:USDT,0.2886,4896.0,0.2885,10253.0,0.2888,1787.0,0.2889,2450.0
1753600864414,07:21:04.414,phemex,1INCH/USDT:USDT,0.2886,4896.0,0.2885,10253.0,0.2888,1787.0,0.2889,2450.0
1753600864432,07:21:04.432,phemex,1INCH/USDT:USDT,0.2886,4896.0,0.2885,10253.0,0.2888,1787.0,0.2889,2450.0
1753600865814,07:21:05.814,phemex,1INCH/USDT:USDT,0.2886,4896.0,0.2885,10253.0,0.2888,1730.0,0.2889,2450.0
1753600866711,07:21:06.711,phemex,1INCH/USDT:USDT,0.2887,4072.0,0.2886,4896.0,0.2888,4321.0,0.2889,2450.0
1753600870565,07:21:10.565,phemex,1INCH/USDT:USDT,0.2887,4072.0,0.2886,4896.0,0.2888,4321.0,0.2889,2450.0
1753600870573,07:21:10.573,phemex,1INCH/USDT:USDT,0.2887,4072.0,0.2886,4896.0,0.2888,4321.0,0.2889,2450.0
1753600874245,07:21:14.245,phemex,1INCH/USDT:USDT,0.2887,3822.0,0.2886,4896.0,0.2888,4321.0,0.2889,2450.0
1753600875005,07:21:15.005,phemex,1INCH/USDT:USDT,0.2887,3822.0,0.2886,4896.0,0.2888,4321.0,0.2889,2450.0
1753600876735,07:21:16.735,phemex,1INCH/USDT:USDT,0.2887,3822.0,0.2886,4896.0,0.2888,4321.0,0.2889,2450.0
1753600876741,07:21:16.741,phemex,1INCH/USDT:USDT,0.2887,3822.0,0.2886,4896.0,0.2888,4321.0,0.2889,2450.0
1753600885647,07:21:25.647,phemex,1INCH/USDT:USDT,0.2887,3773.0,0.2886,4896.0,0.2888,4321.0,0.2889,2450.0
1753600885647,07:21:25.647,phemex,1INCH/USDT:USDT,0.2887,3773.0,0.2886,4896.0,0.2888,4321.0,0.2889,2450.0
1753600888866,07:21:28.866,phemex,1INCH/USDT:USDT,0.2887,3763.0,0.2886,4896.0,0.2888,4321.0,0.2889,2450.0
1753600893874,07:21:33.874,phemex,1INCH/USDT:USDT,0.2887,3763.0,0.2886,4896.0,0.2888,4306.0,0.2889,2450.0
1753600906029,07:21:46.029,phemex,1INCH/USDT:USDT,0.2885,6181.0,0.2884,22268.0,0.2888,4306.0,0.2889,4942.0
1753600906144,07:21:46.144,phemex,1INCH/USDT:USDT,0.2885,6181.0,0.2884,22268.0,0.2888,4306.0,0.2889,4942.0
1753600906714,07:21:46.714,phemex,1INCH/USDT:USDT,0.2885,6181.0,0.2884,3202.0,0.2888,4306.0,0.2889,4942.0
1753600906811,07:21:46.811,phemex,1INCH/USDT:USDT,0.2885,6181.0,0.2884,3202.0,0.2887,2000.0,0.2888,4306.0
1753600906855,07:21:46.855,phemex,1INCH/USDT:USDT,0.2884,3202.0,0.2883,22747.0,0.2887,2000.0,0.2888,4306.0
1753600906979,07:21:46.979,phemex,1INCH/USDT:USDT,0.2884,3202.0,0.2883,22747.0,0.2887,2000.0,0.2888,4306.0
1753600909606,07:21:49.606,phemex,1INCH/USDT:USDT,0.2884,3202.0,0.2883,22747.0,0.2887,2000.0,0.2888,4306.0
1753600911005,07:21:51.005,phemex,1INCH/USDT:USDT,0.2884,3175.0,0.2883,22747.0,0.2887,2000.0,0.2888,4306.0
1753600912558,07:21:52.558,phemex,1INCH/USDT:USDT,0.2885,2582.0,0.2884,5300.0,0.2887,5400.0,0.2888,4306.0
1753600914406,07:21:54.406,phemex,1INCH/USDT:USDT,0.2885,2582.0,0.2884,5300.0,0.2887,5400.0,0.2888,4306.0
1753600915573,07:21:55.573,phemex,1INCH/USDT:USDT,0.2885,2562.0,0.2884,5300.0,0.2887,5400.0,0.2888,4306.0
1753600922073,07:22:02.073,phemex,1INCH/USDT:USDT,0.2885,2562.0,0.2884,5300.0,0.2887,5400.0,0.2888,4306.0
1753600922086,07:22:02.086,phemex,1INCH/USDT:USDT,0.2885,2562.0,0.2884,5300.0,0.2887,5400.0,0.2888,4306.0
1753600934358,07:22:14.358,phemex,1INCH/USDT:USDT,0.2885,6300.0,0.2884,12811.0,0.2888,4306.0,0.2889,6176.0
1753600934599,07:22:14.599,phemex,1INCH/USDT:USDT,0.2885,6300.0,0.2884,12811.0,0.2888,4306.0,0.2889,6176.0
1753600938205,07:22:18.205,phemex,1INCH/USDT:USDT,0.2885,6300.0,0.2884,12811.0,0.2888,4306.0,0.2889,6176.0
1753600938216,07:22:18.216,phemex,1INCH/USDT:USDT,0.2885,6300.0,0.2884,12811.0,0.2888,4306.0,0.2889,6176.0
1753600939015,07:22:19.015,phemex,1INCH/USDT:USDT,0.2885,6300.0,0.2884,12811.0,0.2888,4188.0,0.2889,6176.0
1753600940192,07:22:20.192,phemex,1INCH/USDT:USDT,0.2886,2498.0,0.2885,6300.0,0.2888,4188.0,0.2889,8434.0
1753600943012,07:22:23.012,phemex,1INCH/USDT:USDT,0.2886,2498.0,0.2885,6300.0,0.2888,4188.0,0.2889,8434.0
1753600943012,07:22:23.012,phemex,1INCH/USDT:USDT,0.2886,2498.0,0.2885,6300.0,0.2888,4188.0,0.2889,8434.0
1753600953309,07:22:33.309,phemex,1INCH/USDT:USDT,0.2886,2458.0,0.2885,6300.0,0.2888,4188.0,0.2889,8434.0
1753600955784,07:22:35.784,phemex,1INCH/USDT:USDT,0.2887,6148.0,0.2886,2458.0,0.2888,2591.0,0.2889,8434.0
1753600955895,07:22:35.895,phemex,1INCH/USDT:USDT,0.2887,6148.0,0.2886,2458.0,0.2888,2591.0,0.2889,8434.0
1753600957199,07:22:37.199,phemex,1INCH/USDT:USDT,0.2887,6148.0,0.2886,2458.0,0.2889,8434.0,0.2892,11805.0
1753600957448,07:22:37.448,phemex,1INCH/USDT:USDT,0.2887,6148.0,0.2886,2458.0,0.2889,2258.0,0.2892,11805.0
1753600957729,07:22:37.729,phemex,1INCH/USDT:USDT,0.2887,6148.0,0.2886,2458.0,0.2889,2258.0,0.2892,17976.0
1753600958013,07:22:38.013,phemex,1INCH/USDT:USDT,0.2887,5893.0,0.2886,2458.0,0.2889,2258.0,0.2891,2000.0
1753600959412,07:22:39.412,phemex,1INCH/USDT:USDT,0.2887,5893.0,0.2886,2458.0,0.2889,2258.0,0.2891,2000.0
1753600959430,07:22:39.430,phemex,1INCH/USDT:USDT,0.2887,5893.0,0.2886,8628.0,0.2889,2258.0,0.2891,2000.0
1753600962265,07:22:42.265,phemex,1INCH/USDT:USDT,0.2888,1490.0,0.2887,4936.0,0.2889,2258.0,0.2891,6330.0
1753600964219,07:22:44.219,phemex,1INCH/USDT:USDT,0.2888,1490.0,0.2887,4936.0,0.2889,2258.0,0.2891,6330.0
1753600966330,07:22:46.330,phemex,1INCH/USDT:USDT,0.2888,1453.0,0.2887,4936.0,0.2889,2258.0,0.2891,6330.0
1753600970600,07:22:50.600,phemex,1INCH/USDT:USDT,0.2887,2388.0,0.2886,6170.0,0.2889,4288.0,0.2891,2000.0
1753600970627,07:22:50.627,phemex,1INCH/USDT:USDT,0.2887,2388.0,0.2886,6170.0,0.2888,1908.0,0.2889,4288.0
1753600970754,07:22:50.754,phemex,1INCH/USDT:USDT,0.2887,2388.0,0.2885,14444.0,0.2888,1908.0,0.2889,4288.0
1753600970883,07:22:50.883,phemex,1INCH/USDT:USDT,0.2887,2388.0,0.2885,14444.0,0.2888,1908.0,0.2889,4288.0
1753600973596,07:22:53.596,phemex,1INCH/USDT:USDT,0.2887,2297.0,0.2885,14444.0,0.2888,1908.0,0.2889,4288.0
1753600975220,07:22:55.220,phemex,1INCH/USDT:USDT,0.2887,2297.0,0.2885,14444.0,0.2888,1908.0,0.2889,4288.0
1753600976083,07:22:56.083,phemex,1INCH/USDT:USDT,0.2887,2297.0,0.2885,14444.0,0.2888,3899.0,0.2889,4288.0
1753600977013,07:22:57.013,phemex,1INCH/USDT:USDT,0.2887,2297.0,0.2885,14444.0,0.2888,3899.0,0.2889,4288.0
1753600980051,07:23:00.051,phemex,1INCH/USDT:USDT,0.2887,2297.0,0.2885,14444.0,0.2888,3899.0,0.2889,4288.0
1753600982630,07:23:02.630,phemex,1INCH/USDT:USDT,0.2887,2297.0,0.2885,14444.0,0.2888,3881.0,0.2889,4288.0
1753600987002,07:23:07.002,phemex,1INCH/USDT:USDT,0.2887,2297.0,0.2885,14444.0,0.2888,3871.0,0.2889,4288.0
1753600988080,07:23:08.080,phemex,1INCH/USDT:USDT,0.2887,2289.0,0.2885,14444.0,0.2888,3871.0,0.2889,4288.0
1753600993698,07:23:13.698,phemex,1INCH/USDT:USDT,0.2887,2289.0,0.2885,14444.0,0.2888,3871.0,0.2889,4288.0
1753600997227,07:23:17.227,phemex,1INCH/USDT:USDT,0.2887,2289.0,0.2885,14444.0,0.2888,3871.0,0.2889,4288.0
1753600997227,07:23:17.227,phemex,1INCH/USDT:USDT,0.2887,2289.0,0.2885,14444.0,0.2888,3871.0,0.2889,4288.0
1753601009596,07:23:29.596,phemex,1INCH/USDT:USDT,0.2887,2289.0,0.2885,14444.0,0.2888,3871.0,0.2889,4288.0
1753601009602,07:23:29.602,phemex,1INCH/USDT:USDT,0.2887,2289.0,0.2885,14444.0,0.2888,3871.0,0.2889,4288.0
1753601010186,07:23:30.186,phemex,1INCH/USDT:USDT,0.2886,2559.0,0.2885,2564.0,0.2888,3871.0,0.2889,4288.0
1753601010211,07:23:30.211,phemex,1INCH/USDT:USDT,0.2886,2559.0,0.2885,2564.0,0.2888,3871.0,0.2889,4288.0
1753601010214,07:23:30.214,phemex,1INCH/USDT:USDT,0.2886,2559.0,0.2885,2564.0,0.2888,3871.0,0.2889,4288.0
1753601013218,07:23:33.218,phemex,1INCH/USDT:USDT,0.2886,2559.0,0.2885,2564.0,0.2888,3871.0,0.2889,4288.0
1753601013225,07:23:33.225,phemex,1INCH/USDT:USDT,0.2886,2559.0,0.2885,2564.0,0.2888,3871.0,0.2889,4288.0
1753601013384,07:23:33.384,phemex,1INCH/USDT:USDT,0.2885,2564.0,0.2883,14170.0,0.2888,3871.0,0.2889,4288.0
1753601013608,07:23:33.608,phemex,1INCH/USDT:USDT,0.2885,2564.0,0.2883,14170.0,0.2887,2000.0,0.2888,5871.0
1753601014394,07:23:34.394,phemex,1INCH/USDT:USDT,0.2885,2564.0,0.2883,14170.0,0.2887,2000.0,0.2888,3871.0
1753601015240,07:23:35.240,phemex,1INCH/USDT:USDT,0.2885,2564.0,0.2883,14170.0,0.2887,3588.0,0.2888,5690.0
1753601018018,07:23:38.018,phemex,1INCH/USDT:USDT,0.2885,2564.0,0.2883,14170.0,0.2887,3588.0,0.2888,5690.0
1753601018038,07:23:38.038,phemex,1INCH/USDT:USDT,0.2885,2564.0,0.2883,14170.0,0.2887,3588.0,0.2888,5690.0
1753601020262,07:23:40.262,phemex,1INCH/USDT:USDT,0.2885,2564.0,0.2883,14170.0,0.2887,3588.0,0.2888,5690.0
1753601020269,07:23:40.269,phemex,1INCH/USDT:USDT,0.2885,2564.0,0.2883,14170.0,0.2887,3588.0,0.2888,5690.0
1753601020892,07:23:40.892,phemex,1INCH/USDT:USDT,0.2884,1414.0,0.2883,10288.0,0.2887,2000.0,0.2888,1991.0
1753601021551,07:23:41.551,phemex,1INCH/USDT:USDT,0.2884,964.0,0.2883,10288.0,0.2887,2000.0,0.2888,1991.0
1753601021861,07:23:41.861,phemex,1INCH/USDT:USDT,0.2883,7842.0,0.2882,2500.0,0.2887,2000.0,0.2888,1991.0
1753601021862,07:23:41.862,phemex,1INCH/USDT:USDT,0.2883,7842.0,0.2882,4248.0,0.2887,2000.0,0.2888,1991.0
1753601022918,07:23:42.918,phemex,1INCH/USDT:USDT,0.2883,1677.0,0.2882,4248.0,0.2887,2000.0,0.2888,1991.0
1753601023070,07:23:43.070,phemex,1INCH/USDT:USDT,0.2883,1677.0,0.2882,4248.0,0.2887,2000.0,0.2888,1991.0
1753601023414,07:23:43.414,phemex,1INCH/USDT:USDT,0.2883,1677.0,0.2882,4248.0,0.2887,2692.0,0.2888,1991.0
1753601025934,07:23:45.934,phemex,1INCH/USDT:USDT,0.2883,1477.0,0.2882,4248.0,0.2887,2692.0,0.2888,1991.0
1753601026127,07:23:46.127,phemex,1INCH/USDT:USDT,0.2883,1477.0,0.2882,4248.0,0.2884,1416.0,0.2886,5855.0
1753601026127,07:23:46.127,phemex,1INCH/USDT:USDT,0.2883,1477.0,0.2882,4248.0,0.2884,1416.0,0.2886,5855.0
1753601026994,07:23:46.994,phemex,1INCH/USDT:USDT,0.2883,1372.0,0.2882,4248.0,0.2884,1416.0,0.2886,5855.0
1753601027626,07:23:47.626,phemex,1INCH/USDT:USDT,0.2883,1372.0,0.2882,4248.0,0.2884,1416.0,0.2886,5855.0
1753601031983,07:23:51.983,phemex,1INCH/USDT:USDT,0.2883,1337.0,0.2882,4248.0,0.2884,1416.0,0.2886,5855.0
1753601033380,07:23:53.380,phemex,1INCH/USDT:USDT,0.2883,1337.0,0.2882,4248.0,0.2884,1416.0,0.2885,2000.0
1753601033998,07:23:53.998,phemex,1INCH/USDT:USDT,0.2882,2500.0,0.288,24372.0,0.2883,2310.0,0.2884,1416.0
1753601034038,07:23:54.038,phemex,1INCH/USDT:USDT,0.2882,2500.0,0.288,24372.0,0.2883,2310.0,0.2884,1416.0
1753601034091,07:23:54.091,phemex,1INCH/USDT:USDT,0.2882,2500.0,0.288,24372.0,0.2883,2310.0,0.2884,1416.0
1753601035322,07:23:55.322,phemex,1INCH/USDT:USDT,0.2882,2500.0,0.288,24372.0,0.2885,2000.0,0.2886,2222.0
1753601037339,07:23:57.339,phemex,1INCH/USDT:USDT,0.2882,4500.0,0.288,24372.0,0.2885,2000.0,0.2886,2222.0
1753601038427,07:23:58.427,phemex,1INCH/USDT:USDT,0.2882,4500.0,0.288,24372.0,0.2885,2000.0,0.2886,2222.0
1753601039969,07:23:59.969,phemex,1INCH/USDT:USDT,0.2882,4500.0,0.288,24372.0,0.2885,2000.0,0.2886,3684.0
1753601039970,07:23:59.970,phemex,1INCH/USDT:USDT,0.2883,1495.0,0.2882,9261.0,0.2885,2000.0,0.2886,3684.0
1753601044552,07:24:04.552,phemex,1INCH/USDT:USDT,0.2883,1495.0,0.2882,7261.0,0.2885,2000.0,0.2886,3684.0
1753601045527,07:24:05.527,phemex,1INCH/USDT:USDT,0.2883,1495.0,0.2882,7261.0,0.2885,2000.0,0.2886,3684.0
1753601047113,07:24:07.113,phemex,1INCH/USDT:USDT,0.2883,1195.0,0.2882,7261.0,0.2885,2000.0,0.2886,3684.0
1753601049827,07:24:09.827,phemex,1INCH/USDT:USDT,0.2883,1195.0,0.2882,7261.0,0.2885,2000.0,0.2886,3684.0
1753601051954,07:24:11.954,phemex,1INCH/USDT:USDT,0.288,24372.0,0.2879,17348.0,0.2885,2000.0,0.2886,7426.0
1753601052264,07:24:12.264,phemex,1INCH/USDT:USDT,0.2881,2000.0,0.288,24372.0,0.2885,2000.0,0.2886,7426.0
1753601054629,07:24:14.629,phemex,1INCH/USDT:USDT,0.2881,2000.0,0.288,24372.0,0.2885,2000.0,0.2886,7426.0
1753601055823,07:24:15.823,phemex,1INCH/USDT:USDT,0.2881,4075.0,0.288,8346.0,0.2885,2693.0,0.2886,7426.0
1753601057766,07:24:17.766,phemex,1INCH/USDT:USDT,0.2881,4075.0,0.288,8346.0,0.2882,6739.0,0.2884,1849.0
1753601057772,07:24:17.772,phemex,1INCH/USDT:USDT,0.2881,4075.0,0.288,8346.0,0.2882,6739.0,0.2884,1849.0
1753601058634,07:24:18.634,phemex,1INCH/USDT:USDT,0.2881,4075.0,0.288,8346.0,0.2884,1849.0,0.2885,693.0
1753601059090,07:24:19.090,phemex,1INCH/USDT:USDT,0.2881,4075.0,0.288,8346.0,0.2884,3849.0,0.2885,693.0
1753601059445,07:24:19.445,phemex,1INCH/USDT:USDT,0.2881,4075.0,0.288,8346.0,0.2884,3849.0,0.2885,693.0
1753601061584,07:24:21.584,phemex,1INCH/USDT:USDT,0.2881,6268.0,0.288,8346.0,0.2884,3849.0,0.2885,693.0
1753601063445,07:24:23.445,phemex,1INCH/USDT:USDT,0.2881,6268.0,0.288,8346.0,0.2884,3664.0,0.2885,693.0
1753601065139,07:24:25.139,phemex,1INCH/USDT:USDT,0.2881,6268.0,0.288,8346.0,0.2882,3874.0,0.2884,3282.0
1753601067075,07:24:27.075,phemex,1INCH/USDT:USDT,0.2881,6268.0,0.288,8346.0,0.2882,3844.0,0.2884,3282.0
1753601067075,07:24:27.075,phemex,1INCH/USDT:USDT,0.2881,6268.0,0.288,8346.0,0.2882,3844.0,0.2884,3282.0
1753601069472,07:24:29.472,phemex,1INCH/USDT:USDT,0.2881,6268.0,0.288,2186.0,0.2882,3844.0,0.2884,3282.0
1753601069492,07:24:29.492,phemex,1INCH/USDT:USDT,0.2881,6268.0,0.288,2186.0,0.2882,3844.0,0.2884,3282.0
1753601069564,07:24:29.564,phemex,1INCH/USDT:USDT,0.2881,6268.0,0.288,2186.0,0.2882,3844.0,0.2884,3282.0
1753601072094,07:24:32.094,phemex,1INCH/USDT:USDT,0.2881,6268.0,0.288,2186.0,0.2882,3844.0,0.2884,3282.0
1753601076230,07:24:36.230,phemex,1INCH/USDT:USDT,0.2881,6268.0,0.288,2186.0,0.2882,3844.0,0.2884,3282.0
1753601076237,07:24:36.237,phemex,1INCH/USDT:USDT,0.2881,6268.0,0.288,2186.0,0.2882,3844.0,0.2884,3282.0
1753601080170,07:24:40.170,phemex,1INCH/USDT:USDT,0.2881,6268.0,0.288,2186.0,0.2882,3822.0,0.2884,3282.0
1753601082321,07:24:42.321,phemex,1INCH/USDT:USDT,0.2881,6268.0,0.288,2186.0,0.2885,693.0,0.2886,40168.0
1753601082321,07:24:42.321,phemex,1INCH/USDT:USDT,0.2881,6268.0,0.288,2186.0,0.2884,2558.0,0.2885,2384.0
1753601083882,07:24:43.882,phemex,1INCH/USDT:USDT,0.2882,3102.0,0.2881,6268.0,0.2884,2558.0,0.2885,2384.0
1753601085154,07:24:45.154,phemex,1INCH/USDT:USDT,0.2881,3664.0,0.2879,18973.0,0.2884,2558.0,0.2885,2384.0
1753601085788,07:24:45.788,phemex,1INCH/USDT:USDT,0.2881,3664.0,0.2879,18973.0,0.2884,4558.0,0.2885,2384.0
1753601085850,07:24:45.850,phemex,1INCH/USDT:USDT,0.2881,3664.0,0.2879,18973.0,0.2884,4533.0,0.2885,2384.0
1753601087353,07:24:47.353,phemex,1INCH/USDT:USDT,0.2881,3664.0,0.2879,18973.0,0.2883,2190.0,0.2884,4533.0
1753601087367,07:24:47.367,phemex,1INCH/USDT:USDT,0.2881,3664.0,0.2879,18973.0,0.2884,2533.0,0.2885,693.0
1753601090183,07:24:50.183,phemex,1INCH/USDT:USDT,0.2882,4409.0,0.2881,5826.0,0.2884,2533.0,0.2885,693.0
1753601097050,07:24:57.050,phemex,1INCH/USDT:USDT,0.2882,4409.0,0.2881,3826.0,0.2884,2533.0,0.2885,693.0
1753601098314,07:24:58.314,phemex,1INCH/USDT:USDT,0.2879,31252.0,0.2878,20592.0,0.2883,5472.0,0.2884,2533.0
1753601098642,07:24:58.642,phemex,1INCH/USDT:USDT,0.288,2000.0,0.2879,31252.0,0.2883,5472.0,0.2884,2533.0
1753601100772,07:25:00.772,phemex,1INCH/USDT:USDT,0.288,2000.0,0.2879,31252.0,0.2883,5472.0,0.2884,2533.0
1753601100779,07:25:00.779,phemex,1INCH/USDT:USDT,0.288,2000.0,0.2879,31252.0,0.2883,5472.0,0.2884,2533.0
1753601103455,07:25:03.455,phemex,1INCH/USDT:USDT,0.2881,3343.0,0.288,6525.0,0.2883,3607.0,0.2884,2533.0
1753601104220,07:25:04.220,phemex,1INCH/USDT:USDT,0.2881,3343.0,0.288,6525.0,0.2883,3607.0,0.2884,2533.0
1753601104448,07:25:04.448,phemex,1INCH/USDT:USDT,0.2881,3343.0,0.288,6525.0,0.2883,3607.0,0.2884,2533.0
1753601106510,07:25:06.510,phemex,1INCH/USDT:USDT,0.2881,3343.0,0.288,4525.0,0.2883,3607.0,0.2884,2533.0
1753601109574,07:25:09.574,phemex,1INCH/USDT:USDT,0.288,2250.0,0.2879,18973.0,0.2882,1700.0,0.2883,3607.0
1753601109574,07:25:09.574,phemex,1INCH/USDT:USDT,0.2879,6164.0,0.2878,20592.0,0.2882,1700.0,0.2883,3607.0
1753601109931,07:25:09.931,phemex,1INCH/USDT:USDT,0.2879,6164.0,0.2878,20592.0,0.2882,1700.0,0.2883,3607.0
1753601113470,07:25:13.470,phemex,1INCH/USDT:USDT,0.2879,6164.0,0.2878,20592.0,0.2882,1500.0,0.2883,3607.0
1753601114431,07:25:14.431,phemex,1INCH/USDT:USDT,0.2879,6164.0,0.2878,20592.0,0.2882,1500.0,0.2883,3607.0
1753601115361,07:25:15.361,phemex,1INCH/USDT:USDT,0.288,6468.0,0.2879,8755.0,0.2882,3224.0,0.2883,3607.0
1753601126253,07:25:26.253,phemex,1INCH/USDT:USDT,0.288,6445.0,0.2879,8755.0,0.2882,3224.0,0.2883,3607.0
1753601126253,07:25:26.253,phemex,1INCH/USDT:USDT,0.288,6445.0,0.2879,8755.0,0.2882,3224.0,0.2883,3607.0
1753601132583,07:25:32.583,phemex,1INCH/USDT:USDT,0.288,6445.0,0.2879,8755.0,0.2882,3224.0,0.2883,3607.0
1753601136923,07:25:36.923,phemex,1INCH/USDT:USDT,0.288,6445.0,0.2879,8755.0,0.2882,3224.0,0.2883,3607.0
1753601137405,07:25:37.405,phemex,1INCH/USDT:USDT,0.2879,7874.0,0.2877,28130.0,0.2882,3224.0,0.2883,3607.0
1753601137651,07:25:37.651,phemex,1INCH/USDT:USDT,0.2879,7874.0,0.2877,28130.0,0.2882,3224.0,0.2883,9769.0
1753601138200,07:25:38.200,phemex,1INCH/USDT:USDT,0.2879,7874.0,0.2877,28130.0,0.2881,2000.0,0.2882,5224.0
1753601138294,07:25:38.294,phemex,1INCH/USDT:USDT,0.2879,1710.0,0.2877,28130.0,0.2881,2000.0,0.2882,5224.0
1753601141147,07:25:41.147,phemex,1INCH/USDT:USDT,0.2879,1443.0,0.2877,28130.0,0.2881,2000.0,0.2882,5224.0
1753601141430,07:25:41.430,phemex,1INCH/USDT:USDT,0.2879,1443.0,0.2877,28130.0,0.2881,2000.0,0.2882,5224.0
1753601142747,07:25:42.747,phemex,1INCH/USDT:USDT,0.2879,1443.0,0.2878,3615.0,0.288,3587.0,0.2881,2000.0
1753601142764,07:25:42.764,phemex,1INCH/USDT:USDT,0.2879,1443.0,0.2878,3615.0,0.288,3587.0,0.2881,2000.0
1753601144545,07:25:44.545,phemex,1INCH/USDT:USDT,0.2878,1735.0,0.2876,23301.0,0.288,3587.0,0.2881,2000.0
1753601145119,07:25:45.119,phemex,1INCH/USDT:USDT,0.2878,1735.0,0.2877,2000.0,0.288,3587.0,0.2881,2000.0
1753601146230,07:25:46.230,phemex,1INCH/USDT:USDT,0.2878,1735.0,0.2877,2000.0,0.288,3587.0,0.2881,2000.0
1753601146875,07:25:46.875,phemex,1INCH/USDT:USDT,0.2878,1625.0,0.2877,2000.0,0.288,3587.0,0.2881,2000.0
1753601148567,07:25:48.567,phemex,1INCH/USDT:USDT,0.2878,1625.0,0.2877,2000.0,0.2879,1862.0,0.288,5741.0
1753601148624,07:25:48.624,phemex,1INCH/USDT:USDT,0.2878,1625.0,0.2877,2000.0,0.2879,1862.0,0.288,5741.0
1753601151030,07:25:51.030,phemex,1INCH/USDT:USDT,0.2878,1625.0,0.2877,2000.0,0.2879,1862.0,0.288,5741.0
1753601152250,07:25:52.250,phemex,1INCH/USDT:USDT,0.2878,1595.0,0.2877,2000.0,0.2879,1862.0,0.288,5741.0
1753601155828,07:25:55.828,phemex,1INCH/USDT:USDT,0.2878,1595.0,0.2877,2000.0,0.2879,1862.0,0.288,5741.0
1753601161692,07:26:01.692,phemex,1INCH/USDT:USDT,0.2878,1595.0,0.2876,23301.0,0.2879,1862.0,0.288,5741.0
1753601161826,07:26:01.826,phemex,1INCH/USDT:USDT,0.2878,1595.0,0.2876,23301.0,0.2879,1862.0,0.288,5741.0
1753601161876,07:26:01.876,phemex,1INCH/USDT:USDT,0.2878,1595.0,0.2876,23301.0,0.2879,1862.0,0.288,5741.0
1753601166717,07:26:06.717,phemex,1INCH/USDT:USDT,0.2878,1587.0,0.2876,23301.0,0.2879,1862.0,0.288,5741.0
1753601168484,07:26:08.484,phemex,1INCH/USDT:USDT,0.2877,2146.0,0.2876,8328.0,0.2879,1862.0,0.288,1422.0
1753601168547,07:26:08.547,phemex,1INCH/USDT:USDT,0.2877,2146.0,0.2876,8328.0,0.2879,1862.0,0.288,1422.0
1753601168591,07:26:08.591,phemex,1INCH/USDT:USDT,0.2877,2146.0,0.2876,8328.0,0.2879,1862.0,0.288,1422.0
1753601168599,07:26:08.599,phemex,1INCH/USDT:USDT,0.2877,2146.0,0.2876,8328.0,0.2879,1862.0,0.288,1422.0
1753601169125,07:26:09.125,phemex,1INCH/USDT:USDT,0.2877,2146.0,0.2876,8328.0,0.288,1422.0,0.2881,2340.0
1753601169841,07:26:09.841,phemex,1INCH/USDT:USDT,0.2877,2146.0,0.2876,8328.0,0.288,3422.0,0.2881,2340.0
1753601172824,07:26:12.824,phemex,1INCH/USDT:USDT,0.2877,2146.0,0.2876,8328.0,0.288,3422.0,0.2881,2340.0
1753601172939,07:26:12.939,phemex,1INCH/USDT:USDT,0.2877,2146.0,0.2876,8328.0,0.288,3422.0,0.2881,2340.0
1753601174375,07:26:14.375,phemex,1INCH/USDT:USDT,0.2878,2081.0,0.2877,6233.0,0.2879,2214.0,0.288,4823.0
1753601174560,07:26:14.560,phemex,1INCH/USDT:USDT,0.2878,2081.0,0.2877,6233.0,0.2879,2214.0,0.288,2823.0
1753601178280,07:26:18.280,phemex,1INCH/USDT:USDT,0.2878,2081.0,0.2877,6233.0,0.2881,2340.0,0.2883,22824.0
1753601178419,07:26:18.419,phemex,1INCH/USDT:USDT,0.2878,2081.0,0.2877,6233.0,0.2881,2340.0,0.2883,22824.0
1753601178431,07:26:18.431,phemex,1INCH/USDT:USDT,0.2878,2081.0,0.2877,6233.0,0.2881,2340.0,0.2883,22824.0
1753601179729,07:26:19.729,phemex,1INCH/USDT:USDT,0.2878,2081.0,0.2877,6233.0,0.2881,2340.0,0.2882,2000.0
1753601180064,07:26:20.064,phemex,1INCH/USDT:USDT,0.2879,2566.0,0.2878,5585.0,0.2881,2340.0,0.2882,2000.0
1753601182549,07:26:22.549,phemex,1INCH/USDT:USDT,0.2879,2566.0,0.2878,5585.0,0.2881,1985.0,0.2882,2000.0
1753601183023,07:26:23.023,phemex,1INCH/USDT:USDT,0.2879,2566.0,0.2878,5585.0,0.2881,1985.0,0.2882,2000.0
1753601183220,07:26:23.220,phemex,1INCH/USDT:USDT,0.2879,2566.0,0.2878,5585.0,0.2881,1985.0,0.2882,2000.0
1753601187632,07:26:27.632,phemex,1INCH/USDT:USDT,0.2879,2396.0,0.2878,5585.0,0.2881,1985.0,0.2882,2000.0
1753601187858,07:26:27.858,phemex,1INCH/USDT:USDT,0.2878,8767.0,0.2877,33773.0,0.2881,1985.0,0.2882,4538.0
1753601187858,07:26:27.858,phemex,1INCH/USDT:USDT,0.2877,33773.0,0.2876,14781.0,0.2881,1985.0,0.2882,4538.0
1753601188176,07:26:28.176,phemex,1INCH/USDT:USDT,0.2877,33773.0,0.2876,14781.0,0.2881,1985.0,0.2882,4538.0
1753601188176,07:26:28.176,phemex,1INCH/USDT:USDT,0.2877,33773.0,0.2876,14781.0,0.2881,1985.0,0.2882,4538.0
1753601188629,07:26:28.629,phemex,1INCH/USDT:USDT,0.2878,2000.0,0.2877,33773.0,0.2881,1985.0,0.2882,4538.0
1753601192830,07:26:32.830,phemex,1INCH/USDT:USDT,0.2878,2000.0,0.2877,33773.0,0.2881,1985.0,0.2882,4538.0
1753601193639,07:26:33.639,phemex,1INCH/USDT:USDT,0.2878,6535.0,0.2877,12519.0,0.288,1913.0,0.2881,3930.0
1753601193640,07:26:33.640,phemex,1INCH/USDT:USDT,0.2879,3427.0,0.2878,6535.0,0.288,1913.0,0.2881,3930.0
1753601194806,07:26:34.806,phemex,1INCH/USDT:USDT,0.2879,3427.0,0.2878,4535.0,0.288,1913.0,0.2881,3930.0
1753601196067,07:26:36.067,phemex,1INCH/USDT:USDT,0.2879,3427.0,0.2878,4535.0,0.288,1813.0,0.2881,3930.0
1753601198552,07:26:38.552,phemex,1INCH/USDT:USDT,0.2879,3427.0,0.2878,4535.0,0.2881,1589.0,0.2882,4538.0
1753601198690,07:26:38.690,phemex,1INCH/USDT:USDT,0.2878,4409.0,0.2877,8174.0,0.2881,1589.0,0.2882,4538.0
1753601199435,07:26:39.435,phemex,1INCH/USDT:USDT,0.2878,4409.0,0.2877,8174.0,0.2881,1589.0,0.2882,4538.0
1753601201729,07:26:41.729,phemex,1INCH/USDT:USDT,0.2878,4352.0,0.2877,8174.0,0.2881,1589.0,0.2882,4538.0
1753601203977,07:26:43.977,phemex,1INCH/USDT:USDT,0.2878,4352.0,0.2877,8174.0,0.2881,3442.0,0.2882,4538.0
1753601203979,07:26:43.979,phemex,1INCH/USDT:USDT,0.2879,1808.0,0.2878,5859.0,0.2881,5361.0,0.2882,4538.0
1753601205428,07:26:45.428,phemex,1INCH/USDT:USDT,0.2879,1808.0,0.2878,5859.0,0.2882,2538.0,0.2883,6162.0
1753601205440,07:26:45.440,phemex,1INCH/USDT:USDT,0.2879,3808.0,0.2878,5859.0,0.2885,22211.0,0.2886,20313.0
1753601205631,07:26:45.631,phemex,1INCH/USDT:USDT,0.2879,3808.0,0.2878,5859.0,0.2885,28372.0,0.2886,20313.0
1753601205647,07:26:45.647,phemex,1INCH/USDT:USDT,0.2879,3808.0,0.2878,5859.0,0.2885,28372.0,0.2886,20313.0
1753601206429,07:26:46.429,phemex,1INCH/USDT:USDT,0.288,2000.0,0.2879,3808.0,0.2884,2000.0,0.2885,28372.0
1753601208991,07:26:48.991,phemex,1INCH/USDT:USDT,0.2881,8463.0,0.288,2000.0,0.2884,2000.0,0.2885,28372.0
1753601209010,07:26:49.010,phemex,1INCH/USDT:USDT,0.2881,8463.0,0.2879,14524.0,0.2884,2000.0,0.2885,28372.0
1753601209631,07:26:49.631,phemex,1INCH/USDT:USDT,0.2881,8163.0,0.2879,14524.0,0.2884,2000.0,0.2885,28372.0
1753601209831,07:26:49.831,phemex,1INCH/USDT:USDT,0.2881,8163.0,0.2879,14524.0,0.2884,2000.0,0.2885,28372.0
1753601210655,07:26:50.655,phemex,1INCH/USDT:USDT,0.288,1569.0,0.2878,24414.0,0.2882,1420.0,0.2884,7455.0
1753601211374,07:26:51.374,phemex,1INCH/USDT:USDT,0.288,1569.0,0.2879,2000.0,0.2882,1420.0,0.2884,7455.0
1753601214629,07:26:54.629,phemex,1INCH/USDT:USDT,0.288,1569.0,0.2879,2000.0,0.2882,1420.0,0.2884,7455.0
1753601216524,07:26:56.524,phemex,1INCH/USDT:USDT,0.288,1569.0,0.2879,5769.0,0.2881,5800.0,0.2882,1420.0
1753601219432,07:26:59.432,phemex,1INCH/USDT:USDT,0.288,1569.0,0.2879,5769.0,0.2881,5800.0,0.2882,1420.0
1753601220719,07:27:00.719,phemex,1INCH/USDT:USDT,0.288,1369.0,0.2879,5769.0,0.2881,5800.0,0.2882,1420.0
1753601223757,07:27:03.757,phemex,1INCH/USDT:USDT,0.288,1369.0,0.2879,3446.0,0.2884,2693.0,0.2885,37806.0
1753601223788,07:27:03.788,phemex,1INCH/USDT:USDT,0.2881,2476.0,0.288,2091.0,0.2884,2693.0,0.2885,37806.0
1753601224222,07:27:04.222,phemex,1INCH/USDT:USDT,0.2881,2476.0,0.288,2091.0,0.2884,2693.0,0.2885,37806.0
1753601224632,07:27:04.632,phemex,1INCH/USDT:USDT,0.2881,2476.0,0.288,2091.0,0.2884,2693.0,0.2885,37806.0
1753601228868,07:27:08.868,phemex,1INCH/USDT:USDT,0.2881,2326.0,0.288,2091.0,0.2884,2693.0,0.2885,37806.0
1753601229030,07:27:09.030,phemex,1INCH/USDT:USDT,0.2881,2326.0,0.288,2091.0,0.2884,2693.0,0.2885,37806.0
1753601229489,07:27:09.489,phemex,1INCH/USDT:USDT,0.2881,6773.0,0.288,2091.0,0.2884,6326.0,0.2885,37806.0
1753601230164,07:27:10.164,phemex,1INCH/USDT:USDT,0.2881,6773.0,0.288,2091.0,0.2884,6326.0,0.2885,37806.0
1753601231563,07:27:11.563,phemex,1INCH/USDT:USDT,0.2881,6761.0,0.288,2091.0,0.2884,6326.0,0.2885,37806.0
1753601233830,07:27:13.830,phemex,1INCH/USDT:USDT,0.2881,6761.0,0.288,2091.0,0.2884,6326.0,0.2885,37806.0
1753601234322,07:27:14.322,phemex,1INCH/USDT:USDT,0.288,1491.0,0.2878,18416.0,0.2883,2437.0,0.2884,7875.0
1753601234338,07:27:14.338,phemex,1INCH/USDT:USDT,0.288,1491.0,0.2878,18416.0,0.2883,4437.0,0.2884,7875.0
1753601234512,07:27:14.512,phemex,1INCH/USDT:USDT,0.288,1491.0,0.2878,18416.0,0.2881,2087.0,0.2882,1432.0
1753601234559,07:27:14.559,phemex,1INCH/USDT:USDT,0.288,1491.0,0.2878,18416.0,0.2881,2087.0,0.2882,1432.0
1753601237082,07:27:17.082,phemex,1INCH/USDT:USDT,0.288,1491.0,0.2879,2000.0,0.2881,2087.0,0.2882,1432.0
1753601238623,07:27:18.623,phemex,1INCH/USDT:USDT,0.288,1491.0,0.2879,2000.0,0.2881,2087.0,0.2882,1432.0
1753601238802,07:27:18.802,phemex,1INCH/USDT:USDT,0.288,1491.0,0.2879,2000.0,0.2881,2087.0,0.2882,1432.0
1753601240059,07:27:20.059,phemex,1INCH/USDT:USDT,0.288,6213.0,0.2879,2000.0,0.2881,2087.0,0.2882,3869.0
1753601240297,07:27:20.297,phemex,1INCH/USDT:USDT,0.288,6198.0,0.2878,18416.0,0.2881,2087.0,0.2882,3869.0
1753601240320,07:27:20.320,phemex,1INCH/USDT:USDT,0.288,6198.0,0.2878,18416.0,0.2881,2087.0,0.2882,3869.0
1753601240320,07:27:20.320,phemex,1INCH/USDT:USDT,0.288,6198.0,0.2878,18416.0,0.2881,2087.0,0.2882,3869.0
1753601262798,07:27:42.798,phemex,1INCH/USDT:USDT,0.288,6198.0,0.2878,18416.0,0.2881,2073.0,0.2882,3869.0
1753601264936,07:27:44.936,phemex,1INCH/USDT:USDT,0.288,6198.0,0.2878,18416.0,0.2881,2073.0,0.2882,3869.0
1753601264945,07:27:44.945,phemex,1INCH/USDT:USDT,0.288,6198.0,0.2878,18416.0,0.2881,2073.0,0.2882,3869.0
1753601268431,07:27:48.431,phemex,1INCH/USDT:USDT,0.288,6198.0,0.2878,18416.0,0.2881,2073.0,0.2882,3869.0
1753601272919,07:27:52.919,phemex,1INCH/USDT:USDT,0.288,1476.0,0.2878,18416.0,0.2881,2073.0,0.2882,3869.0
1753601272927,07:27:52.927,phemex,1INCH/USDT:USDT,0.2879,3929.0,0.2877,33249.0,0.2881,2073.0,0.2882,3869.0
1753601272981,07:27:52.981,phemex,1INCH/USDT:USDT,0.2879,3929.0,0.2877,33249.0,0.2881,2073.0,0.2882,3869.0
1753601273224,07:27:53.224,phemex,1INCH/USDT:USDT,0.2879,3929.0,0.2877,33249.0,0.2881,2073.0,0.2882,3869.0
1753601273270,07:27:53.270,phemex,1INCH/USDT:USDT,0.2879,3929.0,0.2877,33249.0,0.2881,2073.0,0.2882,3869.0
1753601274848,07:27:54.848,phemex,1INCH/USDT:USDT,0.2879,3929.0,0.2877,33249.0,0.2881,1968.0,0.2882,3869.0
1753601277153,07:27:57.153,phemex,1INCH/USDT:USDT,0.2879,3929.0,0.2877,33249.0,0.2882,3869.0,0.2883,2437.0
1753601278030,07:27:58.030,phemex,1INCH/USDT:USDT,0.2879,3929.0,0.2877,33249.0,0.2882,3869.0,0.2883,2437.0
1753601278102,07:27:58.102,phemex,1INCH/USDT:USDT,0.2879,3929.0,0.2877,33249.0,0.288,1996.0,0.2882,3869.0
1753601278378,07:27:58.378,phemex,1INCH/USDT:USDT,0.2879,6493.0,0.2877,40336.0,0.2882,3869.0,0.2884,25612.0
1753601278400,07:27:58.400,phemex,1INCH/USDT:USDT,0.2879,3071.0,0.2876,26798.0,0.2882,3869.0,0.2884,25612.0
1753601282066,07:28:02.066,phemex,1INCH/USDT:USDT,0.2879,3071.0,0.2876,26798.0,0.2882,3744.0,0.2884,25612.0
1753601282824,07:28:02.824,phemex,1INCH/USDT:USDT,0.2879,3071.0,0.2876,26798.0,0.2882,3744.0,0.2884,25612.0
1753601282832,07:28:02.832,phemex,1INCH/USDT:USDT,0.2879,3071.0,0.2876,26798.0,0.2882,3744.0,0.2884,25612.0
1753601283307,07:28:03.307,phemex,1INCH/USDT:USDT,0.2879,3071.0,0.2876,26798.0,0.2881,1895.0,0.2882,4670.0
1753601283863,07:28:03.863,phemex,1INCH/USDT:USDT,0.2879,3071.0,0.2876,26798.0,0.288,1671.0,0.2881,1895.0
1753601285044,07:28:05.044,phemex,1INCH/USDT:USDT,0.2879,3041.0,0.2876,26798.0,0.288,1671.0,0.2881,1895.0
1753601286535,07:28:06.535,phemex,1INCH/USDT:USDT,0.2879,2906.0,0.2876,26798.0,0.288,1671.0,0.2881,1895.0
1753601287631,07:28:07.631,phemex,1INCH/USDT:USDT,0.2879,2906.0,0.2876,26798.0,0.288,1671.0,0.2881,1895.0
1753601293264,07:28:13.264,phemex,1INCH/USDT:USDT,0.2879,2866.0,0.2876,26798.0,0.288,1671.0,0.2881,1895.0
1753601298571,07:28:18.571,phemex,1INCH/USDT:USDT,0.2878,6371.0,0.2877,2298.0,0.288,1671.0,0.2881,3952.0
1753601298578,07:28:18.578,phemex,1INCH/USDT:USDT,0.2878,6371.0,0.2877,2298.0,0.288,1671.0,0.2881,3952.0
1753601298935,07:28:18.935,phemex,1INCH/USDT:USDT,0.2878,6371.0,0.2877,2298.0,0.288,1671.0,0.2881,3952.0
1753601300227,07:28:20.227,phemex,1INCH/USDT:USDT,0.2877,1783.0,0.2876,6162.0,0.288,1671.0,0.2881,3952.0
1753601300375,07:28:20.375,phemex,1INCH/USDT:USDT,0.2877,1783.0,0.2876,6162.0,0.288,3671.0,0.2881,3952.0
1753601301359,07:28:21.359,phemex,1INCH/USDT:USDT,0.2877,1783.0,0.2876,6162.0,0.2879,2000.0,0.288,3671.0
1753601301957,07:28:21.957,phemex,1INCH/USDT:USDT,0.2877,1783.0,0.2875,12995.0,0.2879,2000.0,0.288,3671.0
1753601302445,07:28:22.445,phemex,1INCH/USDT:USDT,0.2877,1783.0,0.2875,12995.0,0.2879,2000.0,0.288,3671.0
1753601302476,07:28:22.476,phemex,1INCH/USDT:USDT,0.2877,1783.0,0.2875,12995.0,0.2879,2000.0,0.288,3671.0
1753601303522,07:28:23.522,phemex,1INCH/USDT:USDT,0.2877,1783.0,0.2875,12995.0,0.2879,7919.0,0.288,3671.0
1753601303680,07:28:23.680,phemex,1INCH/USDT:USDT,0.2877,1693.0,0.2875,12995.0,0.2879,7919.0,0.288,3671.0
1753601303722,07:28:23.722,phemex,1INCH/USDT:USDT,0.2877,1693.0,0.2875,12995.0,0.2879,7919.0,0.288,1671.0
1753601305313,07:28:25.313,phemex,1INCH/USDT:USDT,0.2877,1693.0,0.2876,2000.0,0.2879,7919.0,0.288,1671.0
1753601307229,07:28:27.229,phemex,1INCH/USDT:USDT,0.2877,1693.0,0.2876,2000.0,0.2879,7919.0,0.288,1671.0
